ticker,last_price,bid_price,ask_price,SELL_UOTB-D,BUY_ANON,SELL_ANON,BUY_UOTB-P,BUY_UOTB-D,SELL_UOTB-T1,SELL_UOTB-P,SELL_BABS-P,tick,timestamp
NG,0.0,0.0,0.0,0,0,0,0,0,0,0,0,0,2026-02-04 16:47:33.457635
ELEC-day2,0.0,0.0,0.0,0,0,0,0,0,0,0,0,0,2026-02-04 16:47:33.457635
ELEC-day3,0.0,0.0,0.0,0,0,0,0,0,0,0,0,0,2026-02-04 16:47:33.457635
ELEC-day4,0.0,0.0,0.0,0,0,0,0,0,0,0,0,0,2026-02-04 16:47:33.457635
ELEC-day5,0.0,0.0,0.0,0,0,0,0,0,0,0,0,0,2026-02-04 16:47:33.457635
ELEC-day6,0.0,0.0,0.0,0,0,0,0,0,0,0,0,0,2026-02-04 16:47:33.457635
ELEC-F,0.0,0.0,0.0,0,0,0,0,0,0,0,0,0,2026-02-04 16:47:33.457635
NG,2.2,0.0,0.0,800000.0,800000.0,0,0,0,0,0,0,1,2026-02-04 16:47:34.016411,3.0,1.0,1.0,,You are logged in as a DISTRIBUTOR,
ELEC-day2,0.0,0.0,0.0,,,0,0,0,0,0,0,1,2026-02-04 16:47:34.016411,2.0,1.0,1.0,,FINES,"The fine for open positions of ELEC-dayX at the end of the day is $20,000/contract."
ELEC-day3,0.0,0.0,0.0,,,0,0,0,0,0,0,1,2026-02-04 16:47:34.016411,1.0,1.0,1.0,,Welcome to the RITC2026 GBE Energy Electricity Trading Case - practice server,
ELEC-day4,0.0,0.0,0.0,,,0,0,0,0,0,0,1,2026-02-04 16:47:34.016411,,,,,,
ELEC-day5,0.0,0.0,0.0,,,0,0,0,0,0,0,1,2026-02-04 16:47:34.016411,,,,,,
ELEC-day6,0.0,0.0,0.0,,,0,0,0,0,0,0,1,2026-02-04 16:47:34.016411,,,,,,
ELEC-F,0.0,0.0,0.0,,,0,0,0,0,0,0,1,2026-02-04 16:47:34.016411,,,,,,
NG,2.2,2.18,2.22,800000.0,800000.0,0,0,0,0,0,0,2,2026-02-04 16:47:35.095818,4.0,1.0,1.0,,TEMPERATURE Forecast for DAY 2,The average temperature tomorrow is forecasted to be between 8 and 18 degrees Celsius.
ELEC-day2,0.0,0.0,0.0,,,0,0,0,0,0,0,2,2026-02-04 16:47:35.095818,,,,,,
ELEC-day3,0.0,0.0,0.0,,,0,0,0,0,0,0,2,2026-02-04 16:47:35.095818,,,,,,
ELEC-day4,0.0,0.0,0.0,,,0,0,0,0,0,0,2,2026-02-04 16:47:35.095818,,,,,,
ELEC-day5,0.0,0.0,0.0,,,0,0,0,0,0,0,2,2026-02-04 16:47:35.095818,,,,,,
ELEC-day6,0.0,0.0,0.0,,,0,0,0,0,0,0,2,2026-02-04 16:47:35.095818,,,,,,
ELEC-F,0.0,0.0,0.0,,,0,0,0,0,0,0,2,2026-02-04 16:47:35.095818,,,,,,
NG,2.2,2.18,2.22,800000.0,800000.0,0,0,0,0,0,0,3,2026-02-04 16:47:36.149355
ELEC-day2,0.0,0.0,0.0,,,0,0,0,0,0,0,3,2026-02-04 16:47:36.149355
ELEC-day3,0.0,0.0,0.0,,,0,0,0,0,0,0,3,2026-02-04 16:47:36.149355
ELEC-day4,0.0,0.0,0.0,,,0,0,0,0,0,0,3,2026-02-04 16:47:36.149355
ELEC-day5,0.0,0.0,0.0,,,0,0,0,0,0,0,3,2026-02-04 16:47:36.149355
ELEC-day6,0.0,0.0,0.0,,,0,0,0,0,0,0,3,2026-02-04 16:47:36.149355
ELEC-F,0.0,0.0,0.0,,,0,0,0,0,0,0,3,2026-02-04 16:47:36.149355
NG,2.2,2.18,2.22,800000.0,800000.0,0,0,0,0,0,0,4,2026-02-04 16:47:36.879665
ELEC-day2,0.0,0.0,0.0,,,0,0,0,0,0,0,4,2026-02-04 16:47:36.879665
ELEC-day3,0.0,0.0,0.0,,,0,0,0,0,0,0,4,2026-02-04 16:47:36.879665
ELEC-day4,0.0,0.0,0.0,,,0,0,0,0,0,0,4,2026-02-04 16:47:36.879665
ELEC-day5,0.0,0.0,0.0,,,0,0,0,0,0,0,4,2026-02-04 16:47:36.879665
ELEC-day6,0.0,0.0,0.0,,,0,0,0,0,0,0,4,2026-02-04 16:47:36.879665
ELEC-F,0.0,0.0,0.0,,,0,0,0,0,0,0,4,2026-02-04 16:47:36.879665
NG,2.2,2.18,2.22,800000.0,800000.0,0,0,0,0,0,0,5,2026-02-04 16:47:37.925281
ELEC-day2,0.0,0.0,0.0,,,0,0,0,0,0,0,5,2026-02-04 16:47:37.925281
ELEC-day3,0.0,0.0,0.0,,,0,0,0,0,0,0,5,2026-02-04 16:47:37.925281
ELEC-day4,0.0,0.0,0.0,,,0,0,0,0,0,0,5,2026-02-04 16:47:37.925281
ELEC-day5,0.0,0.0,0.0,,,0,0,0,0,0,0,5,2026-02-04 16:47:37.925281
ELEC-day6,0.0,0.0,0.0,,,0,0,0,0,0,0,5,2026-02-04 16:47:37.925281
ELEC-F,0.0,0.0,0.0,,,0,0,0,0,0,0,5,2026-02-04 16:47:37.925281
NG,2.19,2.17,2.21,800000.0,800000.0,0,0,0,0,0,0,6,2026-02-04 16:47:38.970219
ELEC-day2,0.0,0.0,0.0,,,0,0,0,0,0,0,6,2026-02-04 16:47:38.970219
ELEC-day3,0.0,0.0,0.0,,,0,0,0,0,0,0,6,2026-02-04 16:47:38.970219
ELEC-day4,0.0,0.0,0.0,,,0,0,0,0,0,0,6,2026-02-04 16:47:38.970219
ELEC-day5,0.0,0.0,0.0,,,0,0,0,0,0,0,6,2026-02-04 16:47:38.970219
ELEC-day6,0.0,0.0,0.0,,,0,0,0,0,0,0,6,2026-02-04 16:47:38.970219
ELEC-F,0.0,0.0,0.0,,,0,0,0,0,0,0,6,2026-02-04 16:47:38.970219
NG,2.19,2.17,2.21,800000.0,800000.0,0,0,0,0,0,0,7,2026-02-04 16:47:40.017643
ELEC-day2,0.0,0.0,0.0,,,0,0,0,0,0,0,7,2026-02-04 16:47:40.017643
ELEC-day3,0.0,0.0,0.0,,,0,0,0,0,0,0,7,2026-02-04 16:47:40.017643
ELEC-day4,0.0,0.0,0.0,,,0,0,0,0,0,0,7,2026-02-04 16:47:40.017643
ELEC-day5,0.0,0.0,0.0,,,0,0,0,0,0,0,7,2026-02-04 16:47:40.017643
ELEC-day6,0.0,0.0,0.0,,,0,0,0,0,0,0,7,2026-02-04 16:47:40.017643
ELEC-F,0.0,0.0,0.0,,,0,0,0,0,0,0,7,2026-02-04 16:47:40.017643
NG,2.19,2.17,2.21,800000.0,800000.0,0,0,0,0,0,0,8,2026-02-04 16:47:41.056429
ELEC-day2,0.0,0.0,0.0,,,0,0,0,0,0,0,8,2026-02-04 16:47:41.056429
ELEC-day3,0.0,0.0,0.0,,,0,0,0,0,0,0,8,2026-02-04 16:47:41.056429
ELEC-day4,0.0,0.0,0.0,,,0,0,0,0,0,0,8,2026-02-04 16:47:41.056429
ELEC-day5,0.0,0.0,0.0,,,0,0,0,0,0,0,8,2026-02-04 16:47:41.056429
ELEC-day6,0.0,0.0,0.0,,,0,0,0,0,0,0,8,2026-02-04 16:47:41.056429
ELEC-F,0.0,0.0,0.0,,,0,0,0,0,0,0,8,2026-02-04 16:47:41.056429
NG,2.19,2.17,2.21,800000.0,800000.0,0,0,0,0,0,0,9,2026-02-04 16:47:42.096733
ELEC-day2,0.0,0.0,0.0,,,0,0,0,0,0,0,9,2026-02-04 16:47:42.096733
ELEC-day3,0.0,0.0,0.0,,,0,0,0,0,0,0,9,2026-02-04 16:47:42.096733
ELEC-day4,0.0,0.0,0.0,,,0,0,0,0,0,0,9,2026-02-04 16:47:42.096733
ELEC-day5,0.0,0.0,0.0,,,0,0,0,0,0,0,9,2026-02-04 16:47:42.096733
ELEC-day6,0.0,0.0,0.0,,,0,0,0,0,0,0,9,2026-02-04 16:47:42.096733
ELEC-F,0.0,0.0,0.0,,,0,0,0,0,0,0,9,2026-02-04 16:47:42.096733
NG,2.19,2.17,2.21,800000.0,800000.0,0,0,0,0,0,0,10,2026-02-04 16:47:43.167183
ELEC-day2,0.0,0.0,0.0,,,0,0,0,0,0,0,10,2026-02-04 16:47:43.167183
ELEC-day3,0.0,0.0,0.0,,,0,0,0,0,0,0,10,2026-02-04 16:47:43.167183
ELEC-day4,0.0,0.0,0.0,,,0,0,0,0,0,0,10,2026-02-04 16:47:43.167183
ELEC-day5,0.0,0.0,0.0,,,0,0,0,0,0,0,10,2026-02-04 16:47:43.167183
ELEC-day6,0.0,0.0,0.0,,,0,0,0,0,0,0,10,2026-02-04 16:47:43.167183
ELEC-F,0.0,0.0,0.0,,,0,0,0,0,0,0,10,2026-02-04 16:47:43.167183
NG,2.17,2.15,2.19,800000.0,800000.0,0,0,0,0,0,0,11,2026-02-04 16:47:43.771996
ELEC-day2,0.0,0.0,0.0,,,0,0,0,0,0,0,11,2026-02-04 16:47:43.771996
ELEC-day3,0.0,0.0,0.0,,,0,0,0,0,0,0,11,2026-02-04 16:47:43.771996
ELEC-day4,0.0,0.0,0.0,,,0,0,0,0,0,0,11,2026-02-04 16:47:43.771996
ELEC-day5,0.0,0.0,0.0,,,0,0,0,0,0,0,11,2026-02-04 16:47:43.771996
ELEC-day6,0.0,0.0,0.0,,,0,0,0,0,0,0,11,2026-02-04 16:47:43.771996
ELEC-F,0.0,0.0,0.0,,,0,0,0,0,0,0,11,2026-02-04 16:47:43.771996
NG,2.17,2.15,2.19,800000.0,800000.0,0,0,0,0,0,0,12,2026-02-04 16:47:44.888609
ELEC-day2,0.0,0.0,0.0,,,0,0,0,0,0,0,12,2026-02-04 16:47:44.888609
ELEC-day3,0.0,0.0,0.0,,,0,0,0,0,0,0,12,2026-02-04 16:47:44.888609
ELEC-day4,0.0,0.0,0.0,,,0,0,0,0,0,0,12,2026-02-04 16:47:44.888609
ELEC-day5,0.0,0.0,0.0,,,0,0,0,0,0,0,12,2026-02-04 16:47:44.888609
ELEC-day6,0.0,0.0,0.0,,,0,0,0,0,0,0,12,2026-02-04 16:47:44.888609
ELEC-F,0.0,0.0,0.0,,,0,0,0,0,0,0,12,2026-02-04 16:47:44.888609
NG,2.16,2.14,2.18,800000.0,800000.0,0,0,0,0,0,0,13,2026-02-04 16:47:45.923776
ELEC-day2,0.0,0.0,0.0,,,0,0,0,0,0,0,13,2026-02-04 16:47:45.923776
ELEC-day3,0.0,0.0,0.0,,,0,0,0,0,0,0,13,2026-02-04 16:47:45.923776
ELEC-day4,0.0,0.0,0.0,,,0,0,0,0,0,0,13,2026-02-04 16:47:45.923776
ELEC-day5,0.0,0.0,0.0,,,0,0,0,0,0,0,13,2026-02-04 16:47:45.923776
ELEC-day6,0.0,0.0,0.0,,,0,0,0,0,0,0,13,2026-02-04 16:47:45.923776
ELEC-F,0.0,0.0,0.0,,,0,0,0,0,0,0,13,2026-02-04 16:47:45.923776
NG,2.16,2.14,2.18,800000.0,800000.0,0,0,0,0,0,0,14,2026-02-04 16:47:46.957249
ELEC-day2,0.0,0.0,0.0,,,0,0,0,0,0,0,14,2026-02-04 16:47:46.957249
ELEC-day3,0.0,0.0,0.0,,,0,0,0,0,0,0,14,2026-02-04 16:47:46.957249
ELEC-day4,0.0,0.0,0.0,,,0,0,0,0,0,0,14,2026-02-04 16:47:46.957249
ELEC-day5,0.0,0.0,0.0,,,0,0,0,0,0,0,14,2026-02-04 16:47:46.957249
ELEC-day6,0.0,0.0,0.0,,,0,0,0,0,0,0,14,2026-02-04 16:47:46.957249
ELEC-F,0.0,0.0,0.0,,,0,0,0,0,0,0,14,2026-02-04 16:47:46.957249
NG,2.16,2.14,2.18,800000.0,800000.0,0,0,0,0,0,0,15,2026-02-04 16:47:47.991652
ELEC-day2,0.0,0.0,0.0,,,0,0,0,0,0,0,15,2026-02-04 16:47:47.991652
ELEC-day3,0.0,0.0,0.0,,,0,0,0,0,0,0,15,2026-02-04 16:47:47.991652
ELEC-day4,0.0,0.0,0.0,,,0,0,0,0,0,0,15,2026-02-04 16:47:47.991652
ELEC-day5,0.0,0.0,0.0,,,0,0,0,0,0,0,15,2026-02-04 16:47:47.991652
ELEC-day6,0.0,0.0,0.0,,,0,0,0,0,0,0,15,2026-02-04 16:47:47.991652
ELEC-F,0.0,0.0,0.0,,,0,0,0,0,0,0,15,2026-02-04 16:47:47.991652
NG,2.16,2.14,2.18,800000.0,800000.0,0,0,0,0,0,0,16,2026-02-04 16:47:49.023787
ELEC-day2,0.0,0.0,0.0,,,0,0,0,0,0,0,16,2026-02-04 16:47:49.023787
ELEC-day3,0.0,0.0,0.0,,,0,0,0,0,0,0,16,2026-02-04 16:47:49.023787
ELEC-day4,0.0,0.0,0.0,,,0,0,0,0,0,0,16,2026-02-04 16:47:49.023787
ELEC-day5,0.0,0.0,0.0,,,0,0,0,0,0,0,16,2026-02-04 16:47:49.023787
ELEC-day6,0.0,0.0,0.0,,,0,0,0,0,0,0,16,2026-02-04 16:47:49.023787
ELEC-F,0.0,0.0,0.0,,,0,0,0,0,0,0,16,2026-02-04 16:47:49.023787
NG,2.17,2.15,2.19,800000.0,800000.0,0,0,0,0,0,0,17,2026-02-04 16:47:50.061455
ELEC-day2,0.0,0.0,0.0,,,0,0,0,0,0,0,17,2026-02-04 16:47:50.061455
ELEC-day3,0.0,0.0,0.0,,,0,0,0,0,0,0,17,2026-02-04 16:47:50.061455
ELEC-day4,0.0,0.0,0.0,,,0,0,0,0,0,0,17,2026-02-04 16:47:50.061455
ELEC-day5,0.0,0.0,0.0,,,0,0,0,0,0,0,17,2026-02-04 16:47:50.061455
ELEC-day6,0.0,0.0,0.0,,,0,0,0,0,0,0,17,2026-02-04 16:47:50.061455
ELEC-F,0.0,0.0,0.0,,,0,0,0,0,0,0,17,2026-02-04 16:47:50.061455
NG,2.16,2.14,2.18,800000.0,800000.0,0,0,0,0,0,0,18,2026-02-04 16:47:51.093307
ELEC-day2,0.0,0.0,0.0,,,0,0,0,0,0,0,18,2026-02-04 16:47:51.093307
ELEC-day3,0.0,0.0,0.0,,,0,0,0,0,0,0,18,2026-02-04 16:47:51.093307
ELEC-day4,0.0,0.0,0.0,,,0,0,0,0,0,0,18,2026-02-04 16:47:51.093307
ELEC-day5,0.0,0.0,0.0,,,0,0,0,0,0,0,18,2026-02-04 16:47:51.093307
ELEC-day6,0.0,0.0,0.0,,,0,0,0,0,0,0,18,2026-02-04 16:47:51.093307
ELEC-F,0.0,0.0,0.0,,,0,0,0,0,0,0,18,2026-02-04 16:47:51.093307
NG,2.16,2.14,2.18,800000.0,800000.0,0,0,0,0,0,0,19,2026-02-04 16:47:52.124789
ELEC-day2,0.0,0.0,0.0,,,0,0,0,0,0,0,19,2026-02-04 16:47:52.124789
ELEC-day3,0.0,0.0,0.0,,,0,0,0,0,0,0,19,2026-02-04 16:47:52.124789
ELEC-day4,0.0,0.0,0.0,,,0,0,0,0,0,0,19,2026-02-04 16:47:52.124789
ELEC-day5,0.0,0.0,0.0,,,0,0,0,0,0,0,19,2026-02-04 16:47:52.124789
ELEC-day6,0.0,0.0,0.0,,,0,0,0,0,0,0,19,2026-02-04 16:47:52.124789
ELEC-F,0.0,0.0,0.0,,,0,0,0,0,0,0,19,2026-02-04 16:47:52.124789
NG,2.15,2.13,2.17,800000.0,800000.0,0,0,0,0,0,0,20,2026-02-04 16:47:53.162514
ELEC-day2,0.0,0.0,0.0,,,0,0,0,0,0,0,20,2026-02-04 16:47:53.162514
ELEC-day3,0.0,0.0,0.0,,,0,0,0,0,0,0,20,2026-02-04 16:47:53.162514
ELEC-day4,0.0,0.0,0.0,,,0,0,0,0,0,0,20,2026-02-04 16:47:53.162514
ELEC-day5,0.0,0.0,0.0,,,0,0,0,0,0,0,20,2026-02-04 16:47:53.162514
ELEC-day6,0.0,0.0,0.0,,,0,0,0,0,0,0,20,2026-02-04 16:47:53.162514
ELEC-F,0.0,0.0,0.0,,,0,0,0,0,0,0,20,2026-02-04 16:47:53.162514
NG,2.15,2.13,2.17,800000.0,800000.0,0,0,0,0,0,0,21,2026-02-04 16:47:54.187
ELEC-day2,0.0,0.0,0.0,,,0,0,0,0,0,0,21,2026-02-04 16:47:54.187
ELEC-day3,0.0,0.0,0.0,,,0,0,0,0,0,0,21,2026-02-04 16:47:54.187
ELEC-day4,0.0,0.0,0.0,,,0,0,0,0,0,0,21,2026-02-04 16:47:54.187
ELEC-day5,0.0,0.0,0.0,,,0,0,0,0,0,0,21,2026-02-04 16:47:54.187
ELEC-day6,0.0,0.0,0.0,,,0,0,0,0,0,0,21,2026-02-04 16:47:54.187
ELEC-F,0.0,0.0,0.0,,,0,0,0,0,0,0,21,2026-02-04 16:47:54.187
NG,2.15,2.13,2.17,800000.0,800000.0,0,0,0,0,0,0,22,2026-02-04 16:47:55.217968
ELEC-day2,0.0,0.0,0.0,,,0,0,0,0,0,0,22,2026-02-04 16:47:55.217968
ELEC-day3,0.0,0.0,0.0,,,0,0,0,0,0,0,22,2026-02-04 16:47:55.217968
ELEC-day4,0.0,0.0,0.0,,,0,0,0,0,0,0,22,2026-02-04 16:47:55.217968
ELEC-day5,0.0,0.0,0.0,,,0,0,0,0,0,0,22,2026-02-04 16:47:55.217968
ELEC-day6,0.0,0.0,0.0,,,0,0,0,0,0,0,22,2026-02-04 16:47:55.217968
ELEC-F,0.0,0.0,0.0,,,0,0,0,0,0,0,22,2026-02-04 16:47:55.217968
NG,2.15,2.13,2.17,800000.0,800000.0,0,0,0,0,0,0,23,2026-02-04 16:47:56.256083
ELEC-day2,0.0,0.0,0.0,,,0,0,0,0,0,0,23,2026-02-04 16:47:56.256083
ELEC-day3,0.0,0.0,0.0,,,0,0,0,0,0,0,23,2026-02-04 16:47:56.256083
ELEC-day4,0.0,0.0,0.0,,,0,0,0,0,0,0,23,2026-02-04 16:47:56.256083
ELEC-day5,0.0,0.0,0.0,,,0,0,0,0,0,0,23,2026-02-04 16:47:56.256083
ELEC-day6,0.0,0.0,0.0,,,0,0,0,0,0,0,23,2026-02-04 16:47:56.256083
ELEC-F,0.0,0.0,0.0,,,0,0,0,0,0,0,23,2026-02-04 16:47:56.256083
NG,2.14,2.12,2.16,800000.0,800000.0,0,0,0,0,0,0,24,2026-02-04 16:47:56.852174
ELEC-day2,0.0,0.0,0.0,,,0,0,0,0,0,0,24,2026-02-04 16:47:56.852174
ELEC-day3,0.0,0.0,0.0,,,0,0,0,0,0,0,24,2026-02-04 16:47:56.852174
ELEC-day4,0.0,0.0,0.0,,,0,0,0,0,0,0,24,2026-02-04 16:47:56.852174
ELEC-day5,0.0,0.0,0.0,,,0,0,0,0,0,0,24,2026-02-04 16:47:56.852174
ELEC-day6,0.0,0.0,0.0,,,0,0,0,0,0,0,24,2026-02-04 16:47:56.852174
ELEC-F,0.0,0.0,0.0,,,0,0,0,0,0,0,24,2026-02-04 16:47:56.852174
NG,2.14,2.12,2.16,800000.0,800000.0,0,0,0,0,0,0,25,2026-02-04 16:47:57.963511
ELEC-day2,0.0,0.0,0.0,,,0,0,0,0,0,0,25,2026-02-04 16:47:57.963511
ELEC-day3,0.0,0.0,0.0,,,0,0,0,0,0,0,25,2026-02-04 16:47:57.963511
ELEC-day4,0.0,0.0,0.0,,,0,0,0,0,0,0,25,2026-02-04 16:47:57.963511
ELEC-day5,0.0,0.0,0.0,,,0,0,0,0,0,0,25,2026-02-04 16:47:57.963511
ELEC-day6,0.0,0.0,0.0,,,0,0,0,0,0,0,25,2026-02-04 16:47:57.963511
ELEC-F,0.0,0.0,0.0,,,0,0,0,0,0,0,25,2026-02-04 16:47:57.963511
NG,2.14,2.12,2.16,800000.0,800000.0,0,0,0,0,0,0,26,2026-02-04 16:47:59.000894
ELEC-day2,0.0,0.0,0.0,,,0,0,0,0,0,0,26,2026-02-04 16:47:59.000894
ELEC-day3,0.0,0.0,0.0,,,0,0,0,0,0,0,26,2026-02-04 16:47:59.000894
ELEC-day4,0.0,0.0,0.0,,,0,0,0,0,0,0,26,2026-02-04 16:47:59.000894
ELEC-day5,0.0,0.0,0.0,,,0,0,0,0,0,0,26,2026-02-04 16:47:59.000894
ELEC-day6,0.0,0.0,0.0,,,0,0,0,0,0,0,26,2026-02-04 16:47:59.000894
ELEC-F,0.0,0.0,0.0,,,0,0,0,0,0,0,26,2026-02-04 16:47:59.000894
NG,2.14,2.12,2.16,800000.0,800000.0,0,0,0,0,0,0,27,2026-02-04 16:48:00.039290
ELEC-day2,0.0,0.0,0.0,,,0,0,0,0,0,0,27,2026-02-04 16:48:00.039290
ELEC-day3,0.0,0.0,0.0,,,0,0,0,0,0,0,27,2026-02-04 16:48:00.039290
ELEC-day4,0.0,0.0,0.0,,,0,0,0,0,0,0,27,2026-02-04 16:48:00.039290
ELEC-day5,0.0,0.0,0.0,,,0,0,0,0,0,0,27,2026-02-04 16:48:00.039290
ELEC-day6,0.0,0.0,0.0,,,0,0,0,0,0,0,27,2026-02-04 16:48:00.039290
ELEC-F,0.0,0.0,0.0,,,0,0,0,0,0,0,27,2026-02-04 16:48:00.039290
NG,2.13,2.11,2.15,800000.0,800000.0,0,0,0,0,0,0,28,2026-02-04 16:48:01.080331
ELEC-day2,0.0,0.0,0.0,,,0,0,0,0,0,0,28,2026-02-04 16:48:01.080331
ELEC-day3,0.0,0.0,0.0,,,0,0,0,0,0,0,28,2026-02-04 16:48:01.080331
ELEC-day4,0.0,0.0,0.0,,,0,0,0,0,0,0,28,2026-02-04 16:48:01.080331
ELEC-day5,0.0,0.0,0.0,,,0,0,0,0,0,0,28,2026-02-04 16:48:01.080331
ELEC-day6,0.0,0.0,0.0,,,0,0,0,0,0,0,28,2026-02-04 16:48:01.080331
ELEC-F,0.0,0.0,0.0,,,0,0,0,0,0,0,28,2026-02-04 16:48:01.080331
NG,2.13,2.11,2.15,800000.0,800000.0,0,0,0,0,0,0,29,2026-02-04 16:48:02.123640
ELEC-day2,0.0,0.0,0.0,,,0,0,0,0,0,0,29,2026-02-04 16:48:02.123640
ELEC-day3,0.0,0.0,0.0,,,0,0,0,0,0,0,29,2026-02-04 16:48:02.123640
ELEC-day4,0.0,0.0,0.0,,,0,0,0,0,0,0,29,2026-02-04 16:48:02.123640
ELEC-day5,0.0,0.0,0.0,,,0,0,0,0,0,0,29,2026-02-04 16:48:02.123640
ELEC-day6,0.0,0.0,0.0,,,0,0,0,0,0,0,29,2026-02-04 16:48:02.123640
ELEC-F,0.0,0.0,0.0,,,0,0,0,0,0,0,29,2026-02-04 16:48:02.123640
NG,2.13,2.11,2.15,800000.0,800000.0,0,0,0,0,0,0,30,2026-02-04 16:48:03.169382
ELEC-day2,0.0,0.0,0.0,,,0,0,0,0,0,0,30,2026-02-04 16:48:03.169382
ELEC-day3,0.0,0.0,0.0,,,0,0,0,0,0,0,30,2026-02-04 16:48:03.169382
ELEC-day4,0.0,0.0,0.0,,,0,0,0,0,0,0,30,2026-02-04 16:48:03.169382
ELEC-day5,0.0,0.0,0.0,,,0,0,0,0,0,0,30,2026-02-04 16:48:03.169382
ELEC-day6,0.0,0.0,0.0,,,0,0,0,0,0,0,30,2026-02-04 16:48:03.169382
ELEC-F,0.0,0.0,0.0,,,0,0,0,0,0,0,30,2026-02-04 16:48:03.169382
NG,2.14,2.12,2.16,800000.0,800000.0,0,0,0,0,0,0,31,2026-02-04 16:48:04.208201
ELEC-day2,0.0,0.0,0.0,,,0,0,0,0,0,0,31,2026-02-04 16:48:04.208201
ELEC-day3,0.0,0.0,0.0,,,0,0,0,0,0,0,31,2026-02-04 16:48:04.208201
ELEC-day4,0.0,0.0,0.0,,,0,0,0,0,0,0,31,2026-02-04 16:48:04.208201
ELEC-day5,0.0,0.0,0.0,,,0,0,0,0,0,0,31,2026-02-04 16:48:04.208201
ELEC-day6,0.0,0.0,0.0,,,0,0,0,0,0,0,31,2026-02-04 16:48:04.208201
ELEC-F,0.0,0.0,0.0,,,0,0,0,0,0,0,31,2026-02-04 16:48:04.208201
NG,2.13,2.11,2.15,800000.0,800000.0,0,0,0,0,0,0,32,2026-02-04 16:48:05.246656
ELEC-day2,0.0,0.0,0.0,,,0,0,0,0,0,0,32,2026-02-04 16:48:05.246656
ELEC-day3,0.0,0.0,0.0,,,0,0,0,0,0,0,32,2026-02-04 16:48:05.246656
ELEC-day4,0.0,0.0,0.0,,,0,0,0,0,0,0,32,2026-02-04 16:48:05.246656
ELEC-day5,0.0,0.0,0.0,,,0,0,0,0,0,0,32,2026-02-04 16:48:05.246656
ELEC-day6,0.0,0.0,0.0,,,0,0,0,0,0,0,32,2026-02-04 16:48:05.246656
ELEC-F,0.0,0.0,0.0,,,0,0,0,0,0,0,32,2026-02-04 16:48:05.246656
NG,2.14,2.12,2.16,800000.0,800000.0,0,0,0,0,0,0,33,2026-02-04 16:48:06.284839
ELEC-day2,0.0,0.0,0.0,,,0,0,0,0,0,0,33,2026-02-04 16:48:06.284839
ELEC-day3,0.0,0.0,0.0,,,0,0,0,0,0,0,33,2026-02-04 16:48:06.284839
ELEC-day4,0.0,0.0,0.0,,,0,0,0,0,0,0,33,2026-02-04 16:48:06.284839
ELEC-day5,0.0,0.0,0.0,,,0,0,0,0,0,0,33,2026-02-04 16:48:06.284839
ELEC-day6,0.0,0.0,0.0,,,0,0,0,0,0,0,33,2026-02-04 16:48:06.284839
ELEC-F,0.0,0.0,0.0,,,0,0,0,0,0,0,33,2026-02-04 16:48:06.284839
NG,2.13,2.11,2.15,800000.0,800000.0,0,0,0,0,0,0,34,2026-02-04 16:48:07.328728
ELEC-day2,0.0,0.0,0.0,,,0,0,0,0,0,0,34,2026-02-04 16:48:07.328728
ELEC-day3,0.0,0.0,0.0,,,0,0,0,0,0,0,34,2026-02-04 16:48:07.328728
ELEC-day4,0.0,0.0,0.0,,,0,0,0,0,0,0,34,2026-02-04 16:48:07.328728
ELEC-day5,0.0,0.0,0.0,,,0,0,0,0,0,0,34,2026-02-04 16:48:07.328728
ELEC-day6,0.0,0.0,0.0,,,0,0,0,0,0,0,34,2026-02-04 16:48:07.328728
ELEC-F,0.0,0.0,0.0,,,0,0,0,0,0,0,34,2026-02-04 16:48:07.328728
NG,2.13,2.11,2.15,800000.0,800000.0,0,0,0,0,0,0,35,2026-02-04 16:48:08.433571
ELEC-day2,0.0,0.0,0.0,,,0,0,0,0,0,0,35,2026-02-04 16:48:08.433571
ELEC-day3,0.0,0.0,0.0,,,0,0,0,0,0,0,35,2026-02-04 16:48:08.433571
ELEC-day4,0.0,0.0,0.0,,,0,0,0,0,0,0,35,2026-02-04 16:48:08.433571
ELEC-day5,0.0,0.0,0.0,,,0,0,0,0,0,0,35,2026-02-04 16:48:08.433571
ELEC-day6,0.0,0.0,0.0,,,0,0,0,0,0,0,35,2026-02-04 16:48:08.433571
ELEC-F,0.0,0.0,0.0,,,0,0,0,0,0,0,35,2026-02-04 16:48:08.433571
NG,2.13,2.11,2.15,800000.0,800000.0,0,0,0,0,0,0,36,2026-02-04 16:48:09.026325
ELEC-day2,0.0,0.0,0.0,,,0,0,0,0,0,0,36,2026-02-04 16:48:09.026325
ELEC-day3,0.0,0.0,0.0,,,0,0,0,0,0,0,36,2026-02-04 16:48:09.026325
ELEC-day4,0.0,0.0,0.0,,,0,0,0,0,0,0,36,2026-02-04 16:48:09.026325
ELEC-day5,0.0,0.0,0.0,,,0,0,0,0,0,0,36,2026-02-04 16:48:09.026325
ELEC-day6,0.0,0.0,0.0,,,0,0,0,0,0,0,36,2026-02-04 16:48:09.026325
ELEC-F,0.0,0.0,0.0,,,0,0,0,0,0,0,36,2026-02-04 16:48:09.026325
NG,2.14,2.12,2.16,800000.0,800000.0,0,0,0,0,0,0,37,2026-02-04 16:48:10.071873
ELEC-day2,0.0,0.0,0.0,,,0,0,0,0,0,0,37,2026-02-04 16:48:10.071873
ELEC-day3,0.0,0.0,0.0,,,0,0,0,0,0,0,37,2026-02-04 16:48:10.071873
ELEC-day4,0.0,0.0,0.0,,,0,0,0,0,0,0,37,2026-02-04 16:48:10.071873
ELEC-day5,0.0,0.0,0.0,,,0,0,0,0,0,0,37,2026-02-04 16:48:10.071873
ELEC-day6,0.0,0.0,0.0,,,0,0,0,0,0,0,37,2026-02-04 16:48:10.071873
ELEC-F,0.0,0.0,0.0,,,0,0,0,0,0,0,37,2026-02-04 16:48:10.071873
NG,2.13,2.11,2.15,800000.0,800000.0,0,0,0,0,0,0,38,2026-02-04 16:48:11.116543
ELEC-day2,0.0,0.0,0.0,,,0,0,0,0,0,0,38,2026-02-04 16:48:11.116543
ELEC-day3,0.0,0.0,0.0,,,0,0,0,0,0,0,38,2026-02-04 16:48:11.116543
ELEC-day4,0.0,0.0,0.0,,,0,0,0,0,0,0,38,2026-02-04 16:48:11.116543
ELEC-day5,0.0,0.0,0.0,,,0,0,0,0,0,0,38,2026-02-04 16:48:11.116543
ELEC-day6,0.0,0.0,0.0,,,0,0,0,0,0,0,38,2026-02-04 16:48:11.116543
ELEC-F,0.0,0.0,0.0,,,0,0,0,0,0,0,38,2026-02-04 16:48:11.116543
NG,2.12,2.1,2.14,800000.0,800000.0,0,0,0,0,0,0,39,2026-02-04 16:48:12.166875
ELEC-day2,0.0,0.0,0.0,,,0,0,0,0,0,0,39,2026-02-04 16:48:12.166875
ELEC-day3,0.0,0.0,0.0,,,0,0,0,0,0,0,39,2026-02-04 16:48:12.166875
ELEC-day4,0.0,0.0,0.0,,,0,0,0,0,0,0,39,2026-02-04 16:48:12.166875
ELEC-day5,0.0,0.0,0.0,,,0,0,0,0,0,0,39,2026-02-04 16:48:12.166875
ELEC-day6,0.0,0.0,0.0,,,0,0,0,0,0,0,39,2026-02-04 16:48:12.166875
ELEC-F,0.0,0.0,0.0,,,0,0,0,0,0,0,39,2026-02-04 16:48:12.166875
NG,2.13,2.11,2.15,800000.0,800000.0,0,0,0,0,0,0,40,2026-02-04 16:48:13.214513
ELEC-day2,0.0,0.0,0.0,,,0,0,0,0,0,0,40,2026-02-04 16:48:13.214513
ELEC-day3,0.0,0.0,0.0,,,0,0,0,0,0,0,40,2026-02-04 16:48:13.214513
ELEC-day4,0.0,0.0,0.0,,,0,0,0,0,0,0,40,2026-02-04 16:48:13.214513
ELEC-day5,0.0,0.0,0.0,,,0,0,0,0,0,0,40,2026-02-04 16:48:13.214513
ELEC-day6,0.0,0.0,0.0,,,0,0,0,0,0,0,40,2026-02-04 16:48:13.214513
ELEC-F,0.0,0.0,0.0,,,0,0,0,0,0,0,40,2026-02-04 16:48:13.214513
NG,2.14,2.12,2.16,800000.0,800000.0,0,0,0,0,0,0,41,2026-02-04 16:48:14.271075
ELEC-day2,0.0,0.0,0.0,,,0,0,0,0,0,0,41,2026-02-04 16:48:14.271075
ELEC-day3,0.0,0.0,0.0,,,0,0,0,0,0,0,41,2026-02-04 16:48:14.271075
ELEC-day4,0.0,0.0,0.0,,,0,0,0,0,0,0,41,2026-02-04 16:48:14.271075
ELEC-day5,0.0,0.0,0.0,,,0,0,0,0,0,0,41,2026-02-04 16:48:14.271075
ELEC-day6,0.0,0.0,0.0,,,0,0,0,0,0,0,41,2026-02-04 16:48:14.271075
ELEC-F,0.0,0.0,0.0,,,0,0,0,0,0,0,41,2026-02-04 16:48:14.271075
NG,2.14,2.12,2.16,800000.0,800000.0,0,0,0,0,0,0,42,2026-02-04 16:48:15.361745
ELEC-day2,0.0,0.0,0.0,,,0,0,0,0,0,0,42,2026-02-04 16:48:15.361745
ELEC-day3,0.0,0.0,0.0,,,0,0,0,0,0,0,42,2026-02-04 16:48:15.361745
ELEC-day4,0.0,0.0,0.0,,,0,0,0,0,0,0,42,2026-02-04 16:48:15.361745
ELEC-day5,0.0,0.0,0.0,,,0,0,0,0,0,0,42,2026-02-04 16:48:15.361745
ELEC-day6,0.0,0.0,0.0,,,0,0,0,0,0,0,42,2026-02-04 16:48:15.361745
ELEC-F,0.0,0.0,0.0,,,0,0,0,0,0,0,42,2026-02-04 16:48:15.361745
NG,2.14,2.12,2.16,800000.0,800000.0,0,0,0,0,0,0,43,2026-02-04 16:48:16.461185
ELEC-day2,0.0,0.0,0.0,,,0,0,0,0,0,0,43,2026-02-04 16:48:16.461185
ELEC-day3,0.0,0.0,0.0,,,0,0,0,0,0,0,43,2026-02-04 16:48:16.461185
ELEC-day4,0.0,0.0,0.0,,,0,0,0,0,0,0,43,2026-02-04 16:48:16.461185
ELEC-day5,0.0,0.0,0.0,,,0,0,0,0,0,0,43,2026-02-04 16:48:16.461185
ELEC-day6,0.0,0.0,0.0,,,0,0,0,0,0,0,43,2026-02-04 16:48:16.461185
ELEC-F,0.0,0.0,0.0,,,0,0,0,0,0,0,43,2026-02-04 16:48:16.461185
NG,2.14,2.12,2.16,800000.0,800000.0,0,0,0,0,0,0,44,2026-02-04 16:48:17.051101
ELEC-day2,0.0,0.0,0.0,,,0,0,0,0,0,0,44,2026-02-04 16:48:17.051101
ELEC-day3,0.0,0.0,0.0,,,0,0,0,0,0,0,44,2026-02-04 16:48:17.051101
ELEC-day4,0.0,0.0,0.0,,,0,0,0,0,0,0,44,2026-02-04 16:48:17.051101
ELEC-day5,0.0,0.0,0.0,,,0,0,0,0,0,0,44,2026-02-04 16:48:17.051101
ELEC-day6,0.0,0.0,0.0,,,0,0,0,0,0,0,44,2026-02-04 16:48:17.051101
ELEC-F,0.0,0.0,0.0,,,0,0,0,0,0,0,44,2026-02-04 16:48:17.051101
NG,2.14,2.12,2.16,800000.0,800000.0,0,0,0,0,0,0,45,2026-02-04 16:48:18.098019
ELEC-day2,0.0,0.0,0.0,,,0,0,0,0,0,0,45,2026-02-04 16:48:18.098019
ELEC-day3,0.0,0.0,0.0,,,0,0,0,0,0,0,45,2026-02-04 16:48:18.098019
ELEC-day4,0.0,0.0,0.0,,,0,0,0,0,0,0,45,2026-02-04 16:48:18.098019
ELEC-day5,0.0,0.0,0.0,,,0,0,0,0,0,0,45,2026-02-04 16:48:18.098019
ELEC-day6,0.0,0.0,0.0,,,0,0,0,0,0,0,45,2026-02-04 16:48:18.098019
ELEC-F,0.0,0.0,0.0,,,0,0,0,0,0,0,45,2026-02-04 16:48:18.098019
NG,2.14,2.12,2.16,800000.0,800000.0,0,0,0,0,0,0,46,2026-02-04 16:48:19.131157
ELEC-day2,0.0,0.0,0.0,,,0,0,0,0,0,0,46,2026-02-04 16:48:19.131157
ELEC-day3,0.0,0.0,0.0,,,0,0,0,0,0,0,46,2026-02-04 16:48:19.131157
ELEC-day4,0.0,0.0,0.0,,,0,0,0,0,0,0,46,2026-02-04 16:48:19.131157
ELEC-day5,0.0,0.0,0.0,,,0,0,0,0,0,0,46,2026-02-04 16:48:19.131157
ELEC-day6,0.0,0.0,0.0,,,0,0,0,0,0,0,46,2026-02-04 16:48:19.131157
ELEC-F,0.0,0.0,0.0,,,0,0,0,0,0,0,46,2026-02-04 16:48:19.131157
NG,2.14,2.12,2.16,800000.0,800000.0,0,0,0,0,0,0,47,2026-02-04 16:48:20.166135
ELEC-day2,0.0,0.0,0.0,,,0,0,0,0,0,0,47,2026-02-04 16:48:20.166135
ELEC-day3,0.0,0.0,0.0,,,0,0,0,0,0,0,47,2026-02-04 16:48:20.166135
ELEC-day4,0.0,0.0,0.0,,,0,0,0,0,0,0,47,2026-02-04 16:48:20.166135
ELEC-day5,0.0,0.0,0.0,,,0,0,0,0,0,0,47,2026-02-04 16:48:20.166135
ELEC-day6,0.0,0.0,0.0,,,0,0,0,0,0,0,47,2026-02-04 16:48:20.166135
ELEC-F,0.0,0.0,0.0,,,0,0,0,0,0,0,47,2026-02-04 16:48:20.166135
NG,2.14,2.12,2.16,800000.0,800000.0,0,0,0,0,0,0,48,2026-02-04 16:48:21.197468
ELEC-day2,0.0,0.0,0.0,,,0,0,0,0,0,0,48,2026-02-04 16:48:21.197468
ELEC-day3,0.0,0.0,0.0,,,0,0,0,0,0,0,48,2026-02-04 16:48:21.197468
ELEC-day4,0.0,0.0,0.0,,,0,0,0,0,0,0,48,2026-02-04 16:48:21.197468
ELEC-day5,0.0,0.0,0.0,,,0,0,0,0,0,0,48,2026-02-04 16:48:21.197468
ELEC-day6,0.0,0.0,0.0,,,0,0,0,0,0,0,48,2026-02-04 16:48:21.197468
ELEC-F,0.0,0.0,0.0,,,0,0,0,0,0,0,48,2026-02-04 16:48:21.197468
NG,2.14,2.12,2.16,800000.0,800000.0,0,0,0,0,0,0,49,2026-02-04 16:48:22.232305
ELEC-day2,0.0,0.0,0.0,,,0,0,0,0,0,0,49,2026-02-04 16:48:22.232305
ELEC-day3,0.0,0.0,0.0,,,0,0,0,0,0,0,49,2026-02-04 16:48:22.232305
ELEC-day4,0.0,0.0,0.0,,,0,0,0,0,0,0,49,2026-02-04 16:48:22.232305
ELEC-day5,0.0,0.0,0.0,,,0,0,0,0,0,0,49,2026-02-04 16:48:22.232305
ELEC-day6,0.0,0.0,0.0,,,0,0,0,0,0,0,49,2026-02-04 16:48:22.232305
ELEC-F,0.0,0.0,0.0,,,0,0,0,0,0,0,49,2026-02-04 16:48:22.232305
NG,2.15,2.13,2.17,800000.0,800000.0,0,0,0,0,0,0,50,2026-02-04 16:48:23.261663
ELEC-day2,0.0,0.0,0.0,,,0,0,0,0,0,0,50,2026-02-04 16:48:23.261663
ELEC-day3,0.0,0.0,0.0,,,0,0,0,0,0,0,50,2026-02-04 16:48:23.261663
ELEC-day4,0.0,0.0,0.0,,,0,0,0,0,0,0,50,2026-02-04 16:48:23.261663
ELEC-day5,0.0,0.0,0.0,,,0,0,0,0,0,0,50,2026-02-04 16:48:23.261663
ELEC-day6,0.0,0.0,0.0,,,0,0,0,0,0,0,50,2026-02-04 16:48:23.261663
ELEC-F,0.0,0.0,0.0,,,0,0,0,0,0,0,50,2026-02-04 16:48:23.261663
NG,2.15,2.13,2.17,800000.0,800000.0,0,0,0,0,0,0,51,2026-02-04 16:48:24.292372
ELEC-day2,0.0,0.0,0.0,,,0,0,0,0,0,0,51,2026-02-04 16:48:24.292372
ELEC-day3,0.0,0.0,0.0,,,0,0,0,0,0,0,51,2026-02-04 16:48:24.292372
ELEC-day4,0.0,0.0,0.0,,,0,0,0,0,0,0,51,2026-02-04 16:48:24.292372
ELEC-day5,0.0,0.0,0.0,,,0,0,0,0,0,0,51,2026-02-04 16:48:24.292372
ELEC-day6,0.0,0.0,0.0,,,0,0,0,0,0,0,51,2026-02-04 16:48:24.292372
ELEC-F,0.0,0.0,0.0,,,0,0,0,0,0,0,51,2026-02-04 16:48:24.292372
NG,2.15,2.13,2.17,800000.0,800000.0,0,0,0,0,0,0,52,2026-02-04 16:48:25.323795
ELEC-day2,0.0,0.0,0.0,,,0,0,0,0,0,0,52,2026-02-04 16:48:25.323795
ELEC-day3,0.0,0.0,0.0,,,0,0,0,0,0,0,52,2026-02-04 16:48:25.323795
ELEC-day4,0.0,0.0,0.0,,,0,0,0,0,0,0,52,2026-02-04 16:48:25.323795
ELEC-day5,0.0,0.0,0.0,,,0,0,0,0,0,0,52,2026-02-04 16:48:25.323795
ELEC-day6,0.0,0.0,0.0,,,0,0,0,0,0,0,52,2026-02-04 16:48:25.323795
ELEC-F,0.0,0.0,0.0,,,0,0,0,0,0,0,52,2026-02-04 16:48:25.323795
NG,2.15,2.13,2.17,800000.0,800000.0,0,0,0,0,0,0,53,2026-02-04 16:48:26.357322
ELEC-day2,0.0,0.0,0.0,,,0,0,0,0,0,0,53,2026-02-04 16:48:26.357322
ELEC-day3,0.0,0.0,0.0,,,0,0,0,0,0,0,53,2026-02-04 16:48:26.357322
ELEC-day4,0.0,0.0,0.0,,,0,0,0,0,0,0,53,2026-02-04 16:48:26.357322
ELEC-day5,0.0,0.0,0.0,,,0,0,0,0,0,0,53,2026-02-04 16:48:26.357322
ELEC-day6,0.0,0.0,0.0,,,0,0,0,0,0,0,53,2026-02-04 16:48:26.357322
ELEC-F,0.0,0.0,0.0,,,0,0,0,0,0,0,53,2026-02-04 16:48:26.357322
NG,2.15,2.13,2.17,800000.0,800000.0,0,0,0,0,0,0,54,2026-02-04 16:48:27.393558
ELEC-day2,0.0,0.0,0.0,,,0,0,0,0,0,0,54,2026-02-04 16:48:27.393558
ELEC-day3,0.0,0.0,0.0,,,0,0,0,0,0,0,54,2026-02-04 16:48:27.393558
ELEC-day4,0.0,0.0,0.0,,,0,0,0,0,0,0,54,2026-02-04 16:48:27.393558
ELEC-day5,0.0,0.0,0.0,,,0,0,0,0,0,0,54,2026-02-04 16:48:27.393558
ELEC-day6,0.0,0.0,0.0,,,0,0,0,0,0,0,54,2026-02-04 16:48:27.393558
ELEC-F,0.0,0.0,0.0,,,0,0,0,0,0,0,54,2026-02-04 16:48:27.393558
NG,2.14,2.12,2.16,800000.0,800000.0,0,0,0,0,0,0,55,2026-02-04 16:48:28.444025
ELEC-day2,0.0,0.0,0.0,,,0,0,0,0,0,0,55,2026-02-04 16:48:28.444025
ELEC-day3,0.0,0.0,0.0,,,0,0,0,0,0,0,55,2026-02-04 16:48:28.444025
ELEC-day4,0.0,0.0,0.0,,,0,0,0,0,0,0,55,2026-02-04 16:48:28.444025
ELEC-day5,0.0,0.0,0.0,,,0,0,0,0,0,0,55,2026-02-04 16:48:28.444025
ELEC-day6,0.0,0.0,0.0,,,0,0,0,0,0,0,55,2026-02-04 16:48:28.444025
ELEC-F,0.0,0.0,0.0,,,0,0,0,0,0,0,55,2026-02-04 16:48:28.444025
NG,2.15,2.13,2.17,800000.0,800000.0,0,0,0,0,0,0,56,2026-02-04 16:48:29.010105
ELEC-day2,0.0,0.0,0.0,,,0,0,0,0,0,0,56,2026-02-04 16:48:29.010105
ELEC-day3,0.0,0.0,0.0,,,0,0,0,0,0,0,56,2026-02-04 16:48:29.010105
ELEC-day4,0.0,0.0,0.0,,,0,0,0,0,0,0,56,2026-02-04 16:48:29.010105
ELEC-day5,0.0,0.0,0.0,,,0,0,0,0,0,0,56,2026-02-04 16:48:29.010105
ELEC-day6,0.0,0.0,0.0,,,0,0,0,0,0,0,56,2026-02-04 16:48:29.010105
ELEC-F,0.0,0.0,0.0,,,0,0,0,0,0,0,56,2026-02-04 16:48:29.010105
NG,2.15,2.13,2.17,800000.0,800000.0,0,0,0,0,0,0,57,2026-02-04 16:48:30.102774
ELEC-day2,0.0,0.0,0.0,,,0,0,0,0,0,0,57,2026-02-04 16:48:30.102774
ELEC-day3,0.0,0.0,0.0,,,0,0,0,0,0,0,57,2026-02-04 16:48:30.102774
ELEC-day4,0.0,0.0,0.0,,,0,0,0,0,0,0,57,2026-02-04 16:48:30.102774
ELEC-day5,0.0,0.0,0.0,,,0,0,0,0,0,0,57,2026-02-04 16:48:30.102774
ELEC-day6,0.0,0.0,0.0,,,0,0,0,0,0,0,57,2026-02-04 16:48:30.102774
ELEC-F,0.0,0.0,0.0,,,0,0,0,0,0,0,57,2026-02-04 16:48:30.102774
NG,2.15,2.13,2.17,800000.0,800000.0,0,0,0,0,0,0,58,2026-02-04 16:48:31.145248
ELEC-day2,0.0,0.0,0.0,,,0,0,0,0,0,0,58,2026-02-04 16:48:31.145248
ELEC-day3,0.0,0.0,0.0,,,0,0,0,0,0,0,58,2026-02-04 16:48:31.145248
ELEC-day4,0.0,0.0,0.0,,,0,0,0,0,0,0,58,2026-02-04 16:48:31.145248
ELEC-day5,0.0,0.0,0.0,,,0,0,0,0,0,0,58,2026-02-04 16:48:31.145248
ELEC-day6,0.0,0.0,0.0,,,0,0,0,0,0,0,58,2026-02-04 16:48:31.145248
ELEC-F,0.0,0.0,0.0,,,0,0,0,0,0,0,58,2026-02-04 16:48:31.145248
NG,2.15,2.13,2.17,800000.0,800000.0,0,0,0,0,0,0,59,2026-02-04 16:48:32.192483
ELEC-day2,0.0,0.0,0.0,,,0,0,0,0,0,0,59,2026-02-04 16:48:32.192483
ELEC-day3,0.0,0.0,0.0,,,0,0,0,0,0,0,59,2026-02-04 16:48:32.192483
ELEC-day4,0.0,0.0,0.0,,,0,0,0,0,0,0,59,2026-02-04 16:48:32.192483
ELEC-day5,0.0,0.0,0.0,,,0,0,0,0,0,0,59,2026-02-04 16:48:32.192483
ELEC-day6,0.0,0.0,0.0,,,0,0,0,0,0,0,59,2026-02-04 16:48:32.192483
ELEC-F,0.0,0.0,0.0,,,0,0,0,0,0,0,59,2026-02-04 16:48:32.192483
NG,2.15,2.13,2.17,800000.0,800000.0,0,0,0,0,0,0,60,2026-02-04 16:48:33.233327
ELEC-day2,0.0,0.0,0.0,,,0,0,0,0,0,0,60,2026-02-04 16:48:33.233327
ELEC-day3,0.0,0.0,0.0,,,0,0,0,0,0,0,60,2026-02-04 16:48:33.233327
ELEC-day4,0.0,0.0,0.0,,,0,0,0,0,0,0,60,2026-02-04 16:48:33.233327
ELEC-day5,0.0,0.0,0.0,,,0,0,0,0,0,0,60,2026-02-04 16:48:33.233327
ELEC-day6,0.0,0.0,0.0,,,0,0,0,0,0,0,60,2026-02-04 16:48:33.233327
ELEC-F,0.0,0.0,0.0,,,0,0,0,0,0,0,60,2026-02-04 16:48:33.233327
NG,2.16,2.14,2.18,800000.0,800000.0,0,0,0,0,0,0,61,2026-02-04 16:48:34.277929
ELEC-day2,0.0,0.0,0.0,,,0,0,0,0,0,0,61,2026-02-04 16:48:34.277929
ELEC-day3,0.0,0.0,0.0,,,0,0,0,0,0,0,61,2026-02-04 16:48:34.277929
ELEC-day4,0.0,0.0,0.0,,,0,0,0,0,0,0,61,2026-02-04 16:48:34.277929
ELEC-day5,0.0,0.0,0.0,,,0,0,0,0,0,0,61,2026-02-04 16:48:34.277929
ELEC-day6,0.0,0.0,0.0,,,0,0,0,0,0,0,61,2026-02-04 16:48:34.277929
ELEC-F,0.0,0.0,0.0,,,0,0,0,0,0,0,61,2026-02-04 16:48:34.277929
NG,2.14,2.12,2.16,800000.0,800000.0,0,0,0,0,0,0,62,2026-02-04 16:48:35.317936
ELEC-day2,0.0,0.0,0.0,,,0,0,0,0,0,0,62,2026-02-04 16:48:35.317936
ELEC-day3,0.0,0.0,0.0,,,0,0,0,0,0,0,62,2026-02-04 16:48:35.317936
ELEC-day4,0.0,0.0,0.0,,,0,0,0,0,0,0,62,2026-02-04 16:48:35.317936
ELEC-day5,0.0,0.0,0.0,,,0,0,0,0,0,0,62,2026-02-04 16:48:35.317936
ELEC-day6,0.0,0.0,0.0,,,0,0,0,0,0,0,62,2026-02-04 16:48:35.317936
ELEC-F,0.0,0.0,0.0,,,0,0,0,0,0,0,62,2026-02-04 16:48:35.317936
NG,2.14,2.12,2.16,800000.0,800000.0,0,0,0,0,0,0,63,2026-02-04 16:48:36.355532
ELEC-day2,0.0,0.0,0.0,,,0,0,0,0,0,0,63,2026-02-04 16:48:36.355532
ELEC-day3,0.0,0.0,0.0,,,0,0,0,0,0,0,63,2026-02-04 16:48:36.355532
ELEC-day4,0.0,0.0,0.0,,,0,0,0,0,0,0,63,2026-02-04 16:48:36.355532
ELEC-day5,0.0,0.0,0.0,,,0,0,0,0,0,0,63,2026-02-04 16:48:36.355532
ELEC-day6,0.0,0.0,0.0,,,0,0,0,0,0,0,63,2026-02-04 16:48:36.355532
ELEC-F,0.0,0.0,0.0,,,0,0,0,0,0,0,63,2026-02-04 16:48:36.355532
NG,2.14,2.12,2.16,800000.0,800000.0,0,0,0,0,0,0,64,2026-02-04 16:48:37.396020
ELEC-day2,0.0,0.0,0.0,,,0,0,0,0,0,0,64,2026-02-04 16:48:37.396020
ELEC-day3,0.0,0.0,0.0,,,0,0,0,0,0,0,64,2026-02-04 16:48:37.396020
ELEC-day4,0.0,0.0,0.0,,,0,0,0,0,0,0,64,2026-02-04 16:48:37.396020
ELEC-day5,0.0,0.0,0.0,,,0,0,0,0,0,0,64,2026-02-04 16:48:37.396020
ELEC-day6,0.0,0.0,0.0,,,0,0,0,0,0,0,64,2026-02-04 16:48:37.396020
ELEC-F,0.0,0.0,0.0,,,0,0,0,0,0,0,64,2026-02-04 16:48:37.396020
NG,2.14,2.12,2.16,800000.0,800000.0,0,0,0,0,0,0,65,2026-02-04 16:48:38.429727
ELEC-day2,0.0,0.0,0.0,,,0,0,0,0,0,0,65,2026-02-04 16:48:38.429727
ELEC-day3,0.0,0.0,0.0,,,0,0,0,0,0,0,65,2026-02-04 16:48:38.429727
ELEC-day4,0.0,0.0,0.0,,,0,0,0,0,0,0,65,2026-02-04 16:48:38.429727
ELEC-day5,0.0,0.0,0.0,,,0,0,0,0,0,0,65,2026-02-04 16:48:38.429727
ELEC-day6,0.0,0.0,0.0,,,0,0,0,0,0,0,65,2026-02-04 16:48:38.429727
ELEC-F,0.0,0.0,0.0,,,0,0,0,0,0,0,65,2026-02-04 16:48:38.429727
NG,2.14,2.12,2.16,800000.0,800000.0,0,0,0,0,0,0,66,2026-02-04 16:48:39.468020
ELEC-day2,0.0,0.0,0.0,,,0,0,0,0,0,0,66,2026-02-04 16:48:39.468020
ELEC-day3,0.0,0.0,0.0,,,0,0,0,0,0,0,66,2026-02-04 16:48:39.468020
ELEC-day4,0.0,0.0,0.0,,,0,0,0,0,0,0,66,2026-02-04 16:48:39.468020
ELEC-day5,0.0,0.0,0.0,,,0,0,0,0,0,0,66,2026-02-04 16:48:39.468020
ELEC-day6,0.0,0.0,0.0,,,0,0,0,0,0,0,66,2026-02-04 16:48:39.468020
ELEC-F,0.0,0.0,0.0,,,0,0,0,0,0,0,66,2026-02-04 16:48:39.468020
NG,2.14,2.12,2.16,800000.0,800000.0,0,0,0,0,0,0,67,2026-02-04 16:48:40.511385
ELEC-day2,0.0,0.0,0.0,,,0,0,0,0,0,0,67,2026-02-04 16:48:40.511385
ELEC-day3,0.0,0.0,0.0,,,0,0,0,0,0,0,67,2026-02-04 16:48:40.511385
ELEC-day4,0.0,0.0,0.0,,,0,0,0,0,0,0,67,2026-02-04 16:48:40.511385
ELEC-day5,0.0,0.0,0.0,,,0,0,0,0,0,0,67,2026-02-04 16:48:40.511385
ELEC-day6,0.0,0.0,0.0,,,0,0,0,0,0,0,67,2026-02-04 16:48:40.511385
ELEC-F,0.0,0.0,0.0,,,0,0,0,0,0,0,67,2026-02-04 16:48:40.511385
NG,2.13,2.11,2.15,800000.0,800000.0,0,0,0,0,0,0,68,2026-02-04 16:48:41.087868
ELEC-day2,0.0,0.0,0.0,,,0,0,0,0,0,0,68,2026-02-04 16:48:41.087868
ELEC-day3,0.0,0.0,0.0,,,0,0,0,0,0,0,68,2026-02-04 16:48:41.087868
ELEC-day4,0.0,0.0,0.0,,,0,0,0,0,0,0,68,2026-02-04 16:48:41.087868
ELEC-day5,0.0,0.0,0.0,,,0,0,0,0,0,0,68,2026-02-04 16:48:41.087868
ELEC-day6,0.0,0.0,0.0,,,0,0,0,0,0,0,68,2026-02-04 16:48:41.087868
ELEC-F,0.0,0.0,0.0,,,0,0,0,0,0,0,68,2026-02-04 16:48:41.087868
NG,2.13,2.11,2.15,800000.0,800000.0,0,0,0,0,0,0,69,2026-02-04 16:48:42.203422
ELEC-day2,0.0,0.0,0.0,,,0,0,0,0,0,0,69,2026-02-04 16:48:42.203422
ELEC-day3,0.0,0.0,0.0,,,0,0,0,0,0,0,69,2026-02-04 16:48:42.203422
ELEC-day4,0.0,0.0,0.0,,,0,0,0,0,0,0,69,2026-02-04 16:48:42.203422
ELEC-day5,0.0,0.0,0.0,,,0,0,0,0,0,0,69,2026-02-04 16:48:42.203422
ELEC-day6,0.0,0.0,0.0,,,0,0,0,0,0,0,69,2026-02-04 16:48:42.203422
ELEC-F,0.0,0.0,0.0,,,0,0,0,0,0,0,69,2026-02-04 16:48:42.203422
NG,2.12,2.1,2.14,800000.0,800000.0,0,0,0,0,0,0,70,2026-02-04 16:48:43.243968
ELEC-day2,0.0,0.0,0.0,,,0,0,0,0,0,0,70,2026-02-04 16:48:43.243968
ELEC-day3,0.0,0.0,0.0,,,0,0,0,0,0,0,70,2026-02-04 16:48:43.243968
ELEC-day4,0.0,0.0,0.0,,,0,0,0,0,0,0,70,2026-02-04 16:48:43.243968
ELEC-day5,0.0,0.0,0.0,,,0,0,0,0,0,0,70,2026-02-04 16:48:43.243968
ELEC-day6,0.0,0.0,0.0,,,0,0,0,0,0,0,70,2026-02-04 16:48:43.243968
ELEC-F,0.0,0.0,0.0,,,0,0,0,0,0,0,70,2026-02-04 16:48:43.243968
NG,2.12,2.1,2.14,800000.0,800000.0,0,0,0,0,0,0,71,2026-02-04 16:48:44.290937
ELEC-day2,0.0,0.0,0.0,,,0,0,0,0,0,0,71,2026-02-04 16:48:44.290937
ELEC-day3,0.0,0.0,0.0,,,0,0,0,0,0,0,71,2026-02-04 16:48:44.290937
ELEC-day4,0.0,0.0,0.0,,,0,0,0,0,0,0,71,2026-02-04 16:48:44.290937
ELEC-day5,0.0,0.0,0.0,,,0,0,0,0,0,0,71,2026-02-04 16:48:44.290937
ELEC-day6,0.0,0.0,0.0,,,0,0,0,0,0,0,71,2026-02-04 16:48:44.290937
ELEC-F,0.0,0.0,0.0,,,0,0,0,0,0,0,71,2026-02-04 16:48:44.290937
NG,2.13,2.11,2.15,800000.0,800000.0,0,0,0,0,0,0,72,2026-02-04 16:48:45.328393
ELEC-day2,0.0,0.0,0.0,,,0,0,0,0,0,0,72,2026-02-04 16:48:45.328393
ELEC-day3,0.0,0.0,0.0,,,0,0,0,0,0,0,72,2026-02-04 16:48:45.328393
ELEC-day4,0.0,0.0,0.0,,,0,0,0,0,0,0,72,2026-02-04 16:48:45.328393
ELEC-day5,0.0,0.0,0.0,,,0,0,0,0,0,0,72,2026-02-04 16:48:45.328393
ELEC-day6,0.0,0.0,0.0,,,0,0,0,0,0,0,72,2026-02-04 16:48:45.328393
ELEC-F,0.0,0.0,0.0,,,0,0,0,0,0,0,72,2026-02-04 16:48:45.328393
NG,2.13,2.11,2.15,800000.0,800000.0,0,0,0,0,0,0,73,2026-02-04 16:48:46.358434
ELEC-day2,0.0,0.0,0.0,,,0,0,0,0,0,0,73,2026-02-04 16:48:46.358434
ELEC-day3,0.0,0.0,0.0,,,0,0,0,0,0,0,73,2026-02-04 16:48:46.358434
ELEC-day4,0.0,0.0,0.0,,,0,0,0,0,0,0,73,2026-02-04 16:48:46.358434
ELEC-day5,0.0,0.0,0.0,,,0,0,0,0,0,0,73,2026-02-04 16:48:46.358434
ELEC-day6,0.0,0.0,0.0,,,0,0,0,0,0,0,73,2026-02-04 16:48:46.358434
ELEC-F,0.0,0.0,0.0,,,0,0,0,0,0,0,73,2026-02-04 16:48:46.358434
NG,2.14,2.12,2.16,800000.0,800000.0,0,0,0,0,0,0,74,2026-02-04 16:48:47.398042
ELEC-day2,0.0,0.0,0.0,,,0,0,0,0,0,0,74,2026-02-04 16:48:47.398042
ELEC-day3,0.0,0.0,0.0,,,0,0,0,0,0,0,74,2026-02-04 16:48:47.398042
ELEC-day4,0.0,0.0,0.0,,,0,0,0,0,0,0,74,2026-02-04 16:48:47.398042
ELEC-day5,0.0,0.0,0.0,,,0,0,0,0,0,0,74,2026-02-04 16:48:47.398042
ELEC-day6,0.0,0.0,0.0,,,0,0,0,0,0,0,74,2026-02-04 16:48:47.398042
ELEC-F,0.0,0.0,0.0,,,0,0,0,0,0,0,74,2026-02-04 16:48:47.398042
NG,2.14,2.12,2.16,800000.0,800000.0,0,0,0,0,0,0,75,2026-02-04 16:48:48.445187
ELEC-day2,0.0,0.0,0.0,,,0,0,0,0,0,0,75,2026-02-04 16:48:48.445187
ELEC-day3,0.0,0.0,0.0,,,0,0,0,0,0,0,75,2026-02-04 16:48:48.445187
ELEC-day4,0.0,0.0,0.0,,,0,0,0,0,0,0,75,2026-02-04 16:48:48.445187
ELEC-day5,0.0,0.0,0.0,,,0,0,0,0,0,0,75,2026-02-04 16:48:48.445187
ELEC-day6,0.0,0.0,0.0,,,0,0,0,0,0,0,75,2026-02-04 16:48:48.445187
ELEC-F,0.0,0.0,0.0,,,0,0,0,0,0,0,75,2026-02-04 16:48:48.445187
NG,2.14,2.12,2.16,800000.0,800000.0,0,0,0,0,0,0,76,2026-02-04 16:48:49.492423
ELEC-day2,0.0,0.0,0.0,,,0,0,0,0,0,0,76,2026-02-04 16:48:49.492423
ELEC-day3,0.0,0.0,0.0,,,0,0,0,0,0,0,76,2026-02-04 16:48:49.492423
ELEC-day4,0.0,0.0,0.0,,,0,0,0,0,0,0,76,2026-02-04 16:48:49.492423
ELEC-day5,0.0,0.0,0.0,,,0,0,0,0,0,0,76,2026-02-04 16:48:49.492423
ELEC-day6,0.0,0.0,0.0,,,0,0,0,0,0,0,76,2026-02-04 16:48:49.492423
ELEC-F,0.0,0.0,0.0,,,0,0,0,0,0,0,76,2026-02-04 16:48:49.492423
NG,2.15,2.13,2.17,800000.0,800000.0,0,0,0,0,0,0,77,2026-02-04 16:48:50.562136
ELEC-day2,0.0,0.0,0.0,,,0,0,0,0,0,0,77,2026-02-04 16:48:50.562136
ELEC-day3,0.0,0.0,0.0,,,0,0,0,0,0,0,77,2026-02-04 16:48:50.562136
ELEC-day4,0.0,0.0,0.0,,,0,0,0,0,0,0,77,2026-02-04 16:48:50.562136
ELEC-day5,0.0,0.0,0.0,,,0,0,0,0,0,0,77,2026-02-04 16:48:50.562136
ELEC-day6,0.0,0.0,0.0,,,0,0,0,0,0,0,77,2026-02-04 16:48:50.562136
ELEC-F,0.0,0.0,0.0,,,0,0,0,0,0,0,77,2026-02-04 16:48:50.562136
NG,2.15,2.13,2.17,800000.0,800000.0,0,0,0,0,0,0,78,2026-02-04 16:48:51.144148
ELEC-day2,0.0,0.0,0.0,,,0,0,0,0,0,0,78,2026-02-04 16:48:51.144148
ELEC-day3,0.0,0.0,0.0,,,0,0,0,0,0,0,78,2026-02-04 16:48:51.144148
ELEC-day4,0.0,0.0,0.0,,,0,0,0,0,0,0,78,2026-02-04 16:48:51.144148
ELEC-day5,0.0,0.0,0.0,,,0,0,0,0,0,0,78,2026-02-04 16:48:51.144148
ELEC-day6,0.0,0.0,0.0,,,0,0,0,0,0,0,78,2026-02-04 16:48:51.144148
ELEC-F,0.0,0.0,0.0,,,0,0,0,0,0,0,78,2026-02-04 16:48:51.144148
NG,2.14,2.12,2.16,800000.0,800000.0,0,0,0,0,0,0,79,2026-02-04 16:48:52.261777
ELEC-day2,0.0,0.0,0.0,,,0,0,0,0,0,0,79,2026-02-04 16:48:52.261777
ELEC-day3,0.0,0.0,0.0,,,0,0,0,0,0,0,79,2026-02-04 16:48:52.261777
ELEC-day4,0.0,0.0,0.0,,,0,0,0,0,0,0,79,2026-02-04 16:48:52.261777
ELEC-day5,0.0,0.0,0.0,,,0,0,0,0,0,0,79,2026-02-04 16:48:52.261777
ELEC-day6,0.0,0.0,0.0,,,0,0,0,0,0,0,79,2026-02-04 16:48:52.261777
ELEC-F,0.0,0.0,0.0,,,0,0,0,0,0,0,79,2026-02-04 16:48:52.261777
NG,2.14,2.12,2.16,800000.0,800000.0,0,0,0,0,0,0,80,2026-02-04 16:48:53.299266
ELEC-day2,0.0,0.0,0.0,,,0,0,0,0,0,0,80,2026-02-04 16:48:53.299266
ELEC-day3,0.0,0.0,0.0,,,0,0,0,0,0,0,80,2026-02-04 16:48:53.299266
ELEC-day4,0.0,0.0,0.0,,,0,0,0,0,0,0,80,2026-02-04 16:48:53.299266
ELEC-day5,0.0,0.0,0.0,,,0,0,0,0,0,0,80,2026-02-04 16:48:53.299266
ELEC-day6,0.0,0.0,0.0,,,0,0,0,0,0,0,80,2026-02-04 16:48:53.299266
ELEC-F,0.0,0.0,0.0,,,0,0,0,0,0,0,80,2026-02-04 16:48:53.299266
NG,2.15,2.13,2.17,800000.0,800000.0,0,0,0,0,0,0,81,2026-02-04 16:48:54.334918
ELEC-day2,0.0,0.0,0.0,,,0,0,0,0,0,0,81,2026-02-04 16:48:54.334918
ELEC-day3,0.0,0.0,0.0,,,0,0,0,0,0,0,81,2026-02-04 16:48:54.334918
ELEC-day4,0.0,0.0,0.0,,,0,0,0,0,0,0,81,2026-02-04 16:48:54.334918
ELEC-day5,0.0,0.0,0.0,,,0,0,0,0,0,0,81,2026-02-04 16:48:54.334918
ELEC-day6,0.0,0.0,0.0,,,0,0,0,0,0,0,81,2026-02-04 16:48:54.334918
ELEC-F,0.0,0.0,0.0,,,0,0,0,0,0,0,81,2026-02-04 16:48:54.334918
NG,2.15,2.13,2.17,800000.0,800000.0,0,0,0,0,0,0,82,2026-02-04 16:48:55.370885
ELEC-day2,0.0,0.0,0.0,,,0,0,0,0,0,0,82,2026-02-04 16:48:55.370885
ELEC-day3,0.0,0.0,0.0,,,0,0,0,0,0,0,82,2026-02-04 16:48:55.370885
ELEC-day4,0.0,0.0,0.0,,,0,0,0,0,0,0,82,2026-02-04 16:48:55.370885
ELEC-day5,0.0,0.0,0.0,,,0,0,0,0,0,0,82,2026-02-04 16:48:55.370885
ELEC-day6,0.0,0.0,0.0,,,0,0,0,0,0,0,82,2026-02-04 16:48:55.370885
ELEC-F,0.0,0.0,0.0,,,0,0,0,0,0,0,82,2026-02-04 16:48:55.370885
NG,2.15,2.13,2.17,800000.0,800000.0,0,0,0,0,0,0,83,2026-02-04 16:48:56.413008
ELEC-day2,0.0,0.0,0.0,,,0,0,0,0,0,0,83,2026-02-04 16:48:56.413008
ELEC-day3,0.0,0.0,0.0,,,0,0,0,0,0,0,83,2026-02-04 16:48:56.413008
ELEC-day4,0.0,0.0,0.0,,,0,0,0,0,0,0,83,2026-02-04 16:48:56.413008
ELEC-day5,0.0,0.0,0.0,,,0,0,0,0,0,0,83,2026-02-04 16:48:56.413008
ELEC-day6,0.0,0.0,0.0,,,0,0,0,0,0,0,83,2026-02-04 16:48:56.413008
ELEC-F,0.0,0.0,0.0,,,0,0,0,0,0,0,83,2026-02-04 16:48:56.413008
NG,2.15,2.13,2.17,800000.0,800000.0,0,0,0,0,0,0,84,2026-02-04 16:48:57.467648
ELEC-day2,0.0,0.0,0.0,,,0,0,0,0,0,0,84,2026-02-04 16:48:57.467648
ELEC-day3,0.0,0.0,0.0,,,0,0,0,0,0,0,84,2026-02-04 16:48:57.467648
ELEC-day4,0.0,0.0,0.0,,,0,0,0,0,0,0,84,2026-02-04 16:48:57.467648
ELEC-day5,0.0,0.0,0.0,,,0,0,0,0,0,0,84,2026-02-04 16:48:57.467648
ELEC-day6,0.0,0.0,0.0,,,0,0,0,0,0,0,84,2026-02-04 16:48:57.467648
ELEC-F,0.0,0.0,0.0,,,0,0,0,0,0,0,84,2026-02-04 16:48:57.467648
NG,2.15,2.13,2.17,800000.0,800000.0,0,0,0,0,0,0,85,2026-02-04 16:48:58.513921
ELEC-day2,0.0,0.0,0.0,,,0,0,0,0,0,0,85,2026-02-04 16:48:58.513921
ELEC-day3,0.0,0.0,0.0,,,0,0,0,0,0,0,85,2026-02-04 16:48:58.513921
ELEC-day4,0.0,0.0,0.0,,,0,0,0,0,0,0,85,2026-02-04 16:48:58.513921
ELEC-day5,0.0,0.0,0.0,,,0,0,0,0,0,0,85,2026-02-04 16:48:58.513921
ELEC-day6,0.0,0.0,0.0,,,0,0,0,0,0,0,85,2026-02-04 16:48:58.513921
ELEC-F,0.0,0.0,0.0,,,0,0,0,0,0,0,85,2026-02-04 16:48:58.513921
NG,2.16,2.14,2.18,800000.0,800000.0,0,0,0,0,0,0,86,2026-02-04 16:48:59.558654
ELEC-day2,0.0,0.0,0.0,,,0,0,0,0,0,0,86,2026-02-04 16:48:59.558654
ELEC-day3,0.0,0.0,0.0,,,0,0,0,0,0,0,86,2026-02-04 16:48:59.558654
ELEC-day4,0.0,0.0,0.0,,,0,0,0,0,0,0,86,2026-02-04 16:48:59.558654
ELEC-day5,0.0,0.0,0.0,,,0,0,0,0,0,0,86,2026-02-04 16:48:59.558654
ELEC-day6,0.0,0.0,0.0,,,0,0,0,0,0,0,86,2026-02-04 16:48:59.558654
ELEC-F,0.0,0.0,0.0,,,0,0,0,0,0,0,86,2026-02-04 16:48:59.558654
NG,2.16,2.14,2.18,800000.0,800000.0,0,0,0,0,0,0,87,2026-02-04 16:49:00.600528
ELEC-day2,0.0,0.0,0.0,,,0,0,0,0,0,0,87,2026-02-04 16:49:00.600528
ELEC-day3,0.0,0.0,0.0,,,0,0,0,0,0,0,87,2026-02-04 16:49:00.600528
ELEC-day4,0.0,0.0,0.0,,,0,0,0,0,0,0,87,2026-02-04 16:49:00.600528
ELEC-day5,0.0,0.0,0.0,,,0,0,0,0,0,0,87,2026-02-04 16:49:00.600528
ELEC-day6,0.0,0.0,0.0,,,0,0,0,0,0,0,87,2026-02-04 16:49:00.600528
ELEC-F,0.0,0.0,0.0,,,0,0,0,0,0,0,87,2026-02-04 16:49:00.600528
NG,2.16,2.14,2.18,800000.0,800000.0,0,0,0,0,0,0,88,2026-02-04 16:49:01.641700
ELEC-day2,0.0,0.0,0.0,,,0,0,0,0,0,0,88,2026-02-04 16:49:01.641700
ELEC-day3,0.0,0.0,0.0,,,0,0,0,0,0,0,88,2026-02-04 16:49:01.641700
ELEC-day4,0.0,0.0,0.0,,,0,0,0,0,0,0,88,2026-02-04 16:49:01.641700
ELEC-day5,0.0,0.0,0.0,,,0,0,0,0,0,0,88,2026-02-04 16:49:01.641700
ELEC-day6,0.0,0.0,0.0,,,0,0,0,0,0,0,88,2026-02-04 16:49:01.641700
ELEC-F,0.0,0.0,0.0,,,0,0,0,0,0,0,88,2026-02-04 16:49:01.641700
NG,2.17,2.15,2.19,800000.0,800000.0,0,0,0,0,0,0,89,2026-02-04 16:49:02.216631
ELEC-day2,0.0,0.0,0.0,,,0,0,0,0,0,0,89,2026-02-04 16:49:02.216631
ELEC-day3,0.0,0.0,0.0,,,0,0,0,0,0,0,89,2026-02-04 16:49:02.216631
ELEC-day4,0.0,0.0,0.0,,,0,0,0,0,0,0,89,2026-02-04 16:49:02.216631
ELEC-day5,0.0,0.0,0.0,,,0,0,0,0,0,0,89,2026-02-04 16:49:02.216631
ELEC-day6,0.0,0.0,0.0,,,0,0,0,0,0,0,89,2026-02-04 16:49:02.216631
ELEC-F,0.0,0.0,0.0,,,0,0,0,0,0,0,89,2026-02-04 16:49:02.216631
NG,2.16,2.14,2.18,800000.0,800000.0,0,0,0,0,0,0,90,2026-02-04 16:49:03.359185,5.0,1.0,89.0,,TEMPERATURE Forecast for DAY 2,The average temperature tomorrow is forecasted to be between 7 and 13 degrees Celsius.
ELEC-day2,0.0,0.0,0.0,,,0,0,0,0,0,0,90,2026-02-04 16:49:03.359185,,,,,,
ELEC-day3,0.0,0.0,0.0,,,0,0,0,0,0,0,90,2026-02-04 16:49:03.359185,,,,,,
ELEC-day4,0.0,0.0,0.0,,,0,0,0,0,0,0,90,2026-02-04 16:49:03.359185,,,,,,
ELEC-day5,0.0,0.0,0.0,,,0,0,0,0,0,0,90,2026-02-04 16:49:03.359185,,,,,,
ELEC-day6,0.0,0.0,0.0,,,0,0,0,0,0,0,90,2026-02-04 16:49:03.359185,,,,,,
ELEC-F,0.0,0.0,0.0,,,0,0,0,0,0,0,90,2026-02-04 16:49:03.359185,,,,,,
NG,2.16,2.14,2.18,800000.0,800000.0,0,0,0,0,0,0,91,2026-02-04 16:49:04.415941
ELEC-day2,0.0,0.0,0.0,,,0,0,0,0,0,0,91,2026-02-04 16:49:04.415941
ELEC-day3,0.0,0.0,0.0,,,0,0,0,0,0,0,91,2026-02-04 16:49:04.415941
ELEC-day4,0.0,0.0,0.0,,,0,0,0,0,0,0,91,2026-02-04 16:49:04.415941
ELEC-day5,0.0,0.0,0.0,,,0,0,0,0,0,0,91,2026-02-04 16:49:04.415941
ELEC-day6,0.0,0.0,0.0,,,0,0,0,0,0,0,91,2026-02-04 16:49:04.415941
ELEC-F,0.0,0.0,0.0,,,0,0,0,0,0,0,91,2026-02-04 16:49:04.415941
NG,2.15,2.13,2.17,800000.0,800000.0,0,0,0,0,0,0,92,2026-02-04 16:49:05.458121
ELEC-day2,0.0,0.0,0.0,,,0,0,0,0,0,0,92,2026-02-04 16:49:05.458121
ELEC-day3,0.0,0.0,0.0,,,0,0,0,0,0,0,92,2026-02-04 16:49:05.458121
ELEC-day4,0.0,0.0,0.0,,,0,0,0,0,0,0,92,2026-02-04 16:49:05.458121
ELEC-day5,0.0,0.0,0.0,,,0,0,0,0,0,0,92,2026-02-04 16:49:05.458121
ELEC-day6,0.0,0.0,0.0,,,0,0,0,0,0,0,92,2026-02-04 16:49:05.458121
ELEC-F,0.0,0.0,0.0,,,0,0,0,0,0,0,92,2026-02-04 16:49:05.458121
NG,2.14,2.12,2.16,800000.0,800000.0,0,0,0,0,0,0,93,2026-02-04 16:49:06.505123
ELEC-day2,0.0,0.0,0.0,,,0,0,0,0,0,0,93,2026-02-04 16:49:06.505123
ELEC-day3,0.0,0.0,0.0,,,0,0,0,0,0,0,93,2026-02-04 16:49:06.505123
ELEC-day4,0.0,0.0,0.0,,,0,0,0,0,0,0,93,2026-02-04 16:49:06.505123
ELEC-day5,0.0,0.0,0.0,,,0,0,0,0,0,0,93,2026-02-04 16:49:06.505123
ELEC-day6,0.0,0.0,0.0,,,0,0,0,0,0,0,93,2026-02-04 16:49:06.505123
ELEC-F,0.0,0.0,0.0,,,0,0,0,0,0,0,93,2026-02-04 16:49:06.505123
NG,2.14,2.12,2.16,800000.0,800000.0,0,0,0,0,0,0,94,2026-02-04 16:49:07.555991
ELEC-day2,0.0,0.0,0.0,,,0,0,0,0,0,0,94,2026-02-04 16:49:07.555991
ELEC-day3,0.0,0.0,0.0,,,0,0,0,0,0,0,94,2026-02-04 16:49:07.555991
ELEC-day4,0.0,0.0,0.0,,,0,0,0,0,0,0,94,2026-02-04 16:49:07.555991
ELEC-day5,0.0,0.0,0.0,,,0,0,0,0,0,0,94,2026-02-04 16:49:07.555991
ELEC-day6,0.0,0.0,0.0,,,0,0,0,0,0,0,94,2026-02-04 16:49:07.555991
ELEC-F,0.0,0.0,0.0,,,0,0,0,0,0,0,94,2026-02-04 16:49:07.555991
NG,2.15,2.13,2.17,800000.0,800000.0,0,0,0,0,0,0,95,2026-02-04 16:49:08.598307
ELEC-day2,0.0,0.0,0.0,,,0,0,0,0,0,0,95,2026-02-04 16:49:08.598307
ELEC-day3,0.0,0.0,0.0,,,0,0,0,0,0,0,95,2026-02-04 16:49:08.598307
ELEC-day4,0.0,0.0,0.0,,,0,0,0,0,0,0,95,2026-02-04 16:49:08.598307
ELEC-day5,0.0,0.0,0.0,,,0,0,0,0,0,0,95,2026-02-04 16:49:08.598307
ELEC-day6,0.0,0.0,0.0,,,0,0,0,0,0,0,95,2026-02-04 16:49:08.598307
ELEC-F,0.0,0.0,0.0,,,0,0,0,0,0,0,95,2026-02-04 16:49:08.598307
NG,2.16,2.14,2.18,800000.0,800000.0,0,0,0,0,0,0,96,2026-02-04 16:49:09.650721
ELEC-day2,0.0,0.0,0.0,,,0,0,0,0,0,0,96,2026-02-04 16:49:09.650721
ELEC-day3,0.0,0.0,0.0,,,0,0,0,0,0,0,96,2026-02-04 16:49:09.650721
ELEC-day4,0.0,0.0,0.0,,,0,0,0,0,0,0,96,2026-02-04 16:49:09.650721
ELEC-day5,0.0,0.0,0.0,,,0,0,0,0,0,0,96,2026-02-04 16:49:09.650721
ELEC-day6,0.0,0.0,0.0,,,0,0,0,0,0,0,96,2026-02-04 16:49:09.650721
ELEC-F,0.0,0.0,0.0,,,0,0,0,0,0,0,96,2026-02-04 16:49:09.650721
NG,2.16,2.14,2.18,800000.0,800000.0,0,0,0,0,0,0,97,2026-02-04 16:49:10.704738
ELEC-day2,0.0,0.0,0.0,,,0,0,0,0,0,0,97,2026-02-04 16:49:10.704738
ELEC-day3,0.0,0.0,0.0,,,0,0,0,0,0,0,97,2026-02-04 16:49:10.704738
ELEC-day4,0.0,0.0,0.0,,,0,0,0,0,0,0,97,2026-02-04 16:49:10.704738
ELEC-day5,0.0,0.0,0.0,,,0,0,0,0,0,0,97,2026-02-04 16:49:10.704738
ELEC-day6,0.0,0.0,0.0,,,0,0,0,0,0,0,97,2026-02-04 16:49:10.704738
ELEC-F,0.0,0.0,0.0,,,0,0,0,0,0,0,97,2026-02-04 16:49:10.704738
NG,2.15,2.13,2.17,800000.0,800000.0,0,0,0,0,0,0,98,2026-02-04 16:49:11.274714
ELEC-day2,0.0,0.0,0.0,,,0,0,0,0,0,0,98,2026-02-04 16:49:11.274714
ELEC-day3,0.0,0.0,0.0,,,0,0,0,0,0,0,98,2026-02-04 16:49:11.274714
ELEC-day4,0.0,0.0,0.0,,,0,0,0,0,0,0,98,2026-02-04 16:49:11.274714
ELEC-day5,0.0,0.0,0.0,,,0,0,0,0,0,0,98,2026-02-04 16:49:11.274714
ELEC-day6,0.0,0.0,0.0,,,0,0,0,0,0,0,98,2026-02-04 16:49:11.274714
ELEC-F,0.0,0.0,0.0,,,0,0,0,0,0,0,98,2026-02-04 16:49:11.274714
NG,2.15,2.13,2.17,800000.0,800000.0,0,0,0,0,0,0,99,2026-02-04 16:49:12.436566
ELEC-day2,0.0,0.0,0.0,,,0,0,0,0,0,0,99,2026-02-04 16:49:12.436566
ELEC-day3,0.0,0.0,0.0,,,0,0,0,0,0,0,99,2026-02-04 16:49:12.436566
ELEC-day4,0.0,0.0,0.0,,,0,0,0,0,0,0,99,2026-02-04 16:49:12.436566
ELEC-day5,0.0,0.0,0.0,,,0,0,0,0,0,0,99,2026-02-04 16:49:12.436566
ELEC-day6,0.0,0.0,0.0,,,0,0,0,0,0,0,99,2026-02-04 16:49:12.436566
ELEC-F,0.0,0.0,0.0,,,0,0,0,0,0,0,99,2026-02-04 16:49:12.436566
NG,2.15,2.13,2.17,800000.0,800000.0,0,0,0,0,0,0,100,2026-02-04 16:49:13.485844
ELEC-day2,0.0,0.0,0.0,,,0,0,0,0,0,0,100,2026-02-04 16:49:13.485844
ELEC-day3,0.0,0.0,0.0,,,0,0,0,0,0,0,100,2026-02-04 16:49:13.485844
ELEC-day4,0.0,0.0,0.0,,,0,0,0,0,0,0,100,2026-02-04 16:49:13.485844
ELEC-day5,0.0,0.0,0.0,,,0,0,0,0,0,0,100,2026-02-04 16:49:13.485844
ELEC-day6,0.0,0.0,0.0,,,0,0,0,0,0,0,100,2026-02-04 16:49:13.485844
ELEC-F,0.0,0.0,0.0,,,0,0,0,0,0,0,100,2026-02-04 16:49:13.485844
NG,2.15,2.13,2.17,800000.0,800000.0,0,0,0,0,0,0,101,2026-02-04 16:49:14.542130
ELEC-day2,0.0,0.0,0.0,,,0,0,0,0,0,0,101,2026-02-04 16:49:14.542130
ELEC-day3,0.0,0.0,0.0,,,0,0,0,0,0,0,101,2026-02-04 16:49:14.542130
ELEC-day4,0.0,0.0,0.0,,,0,0,0,0,0,0,101,2026-02-04 16:49:14.542130
ELEC-day5,0.0,0.0,0.0,,,0,0,0,0,0,0,101,2026-02-04 16:49:14.542130
ELEC-day6,0.0,0.0,0.0,,,0,0,0,0,0,0,101,2026-02-04 16:49:14.542130
ELEC-F,0.0,0.0,0.0,,,0,0,0,0,0,0,101,2026-02-04 16:49:14.542130
NG,2.15,2.13,2.17,800000.0,800000.0,0,0,0,0,0,0,102,2026-02-04 16:49:15.598335
ELEC-day2,0.0,0.0,0.0,,,0,0,0,0,0,0,102,2026-02-04 16:49:15.598335
ELEC-day3,0.0,0.0,0.0,,,0,0,0,0,0,0,102,2026-02-04 16:49:15.598335
ELEC-day4,0.0,0.0,0.0,,,0,0,0,0,0,0,102,2026-02-04 16:49:15.598335
ELEC-day5,0.0,0.0,0.0,,,0,0,0,0,0,0,102,2026-02-04 16:49:15.598335
ELEC-day6,0.0,0.0,0.0,,,0,0,0,0,0,0,102,2026-02-04 16:49:15.598335
ELEC-F,0.0,0.0,0.0,,,0,0,0,0,0,0,102,2026-02-04 16:49:15.598335
NG,2.15,2.13,2.17,800000.0,800000.0,0,0,0,0,0,0,103,2026-02-04 16:49:16.636122
ELEC-day2,0.0,0.0,0.0,,,0,0,0,0,0,0,103,2026-02-04 16:49:16.636122
ELEC-day3,0.0,0.0,0.0,,,0,0,0,0,0,0,103,2026-02-04 16:49:16.636122
ELEC-day4,0.0,0.0,0.0,,,0,0,0,0,0,0,103,2026-02-04 16:49:16.636122
ELEC-day5,0.0,0.0,0.0,,,0,0,0,0,0,0,103,2026-02-04 16:49:16.636122
ELEC-day6,0.0,0.0,0.0,,,0,0,0,0,0,0,103,2026-02-04 16:49:16.636122
ELEC-F,0.0,0.0,0.0,,,0,0,0,0,0,0,103,2026-02-04 16:49:16.636122
NG,2.16,2.14,2.18,800000.0,800000.0,0,0,0,0,0,0,104,2026-02-04 16:49:17.687354
ELEC-day2,0.0,0.0,0.0,,,0,0,0,0,0,0,104,2026-02-04 16:49:17.687354
ELEC-day3,0.0,0.0,0.0,,,0,0,0,0,0,0,104,2026-02-04 16:49:17.687354
ELEC-day4,0.0,0.0,0.0,,,0,0,0,0,0,0,104,2026-02-04 16:49:17.687354
ELEC-day5,0.0,0.0,0.0,,,0,0,0,0,0,0,104,2026-02-04 16:49:17.687354
ELEC-day6,0.0,0.0,0.0,,,0,0,0,0,0,0,104,2026-02-04 16:49:17.687354
ELEC-F,0.0,0.0,0.0,,,0,0,0,0,0,0,104,2026-02-04 16:49:17.687354
NG,2.16,2.14,2.18,800000.0,800000.0,0,0,0,0,0,0,105,2026-02-04 16:49:18.728855
ELEC-day2,0.0,0.0,0.0,,,0,0,0,0,0,0,105,2026-02-04 16:49:18.728855
ELEC-day3,0.0,0.0,0.0,,,0,0,0,0,0,0,105,2026-02-04 16:49:18.728855
ELEC-day4,0.0,0.0,0.0,,,0,0,0,0,0,0,105,2026-02-04 16:49:18.728855
ELEC-day5,0.0,0.0,0.0,,,0,0,0,0,0,0,105,2026-02-04 16:49:18.728855
ELEC-day6,0.0,0.0,0.0,,,0,0,0,0,0,0,105,2026-02-04 16:49:18.728855
ELEC-F,0.0,0.0,0.0,,,0,0,0,0,0,0,105,2026-02-04 16:49:18.728855
NG,2.16,2.14,2.18,800000.0,800000.0,0,0,0,0,0,0,106,2026-02-04 16:49:19.324287
ELEC-day2,0.0,0.0,0.0,,,0,0,0,0,0,0,106,2026-02-04 16:49:19.324287
ELEC-day3,0.0,0.0,0.0,,,0,0,0,0,0,0,106,2026-02-04 16:49:19.324287
ELEC-day4,0.0,0.0,0.0,,,0,0,0,0,0,0,106,2026-02-04 16:49:19.324287
ELEC-day5,0.0,0.0,0.0,,,0,0,0,0,0,0,106,2026-02-04 16:49:19.324287
ELEC-day6,0.0,0.0,0.0,,,0,0,0,0,0,0,106,2026-02-04 16:49:19.324287
ELEC-F,0.0,0.0,0.0,,,0,0,0,0,0,0,106,2026-02-04 16:49:19.324287
NG,2.15,2.13,2.17,800000.0,800000.0,0,0,0,0,0,0,107,2026-02-04 16:49:20.536222
ELEC-day2,0.0,0.0,0.0,,,0,0,0,0,0,0,107,2026-02-04 16:49:20.536222
ELEC-day3,0.0,0.0,0.0,,,0,0,0,0,0,0,107,2026-02-04 16:49:20.536222
ELEC-day4,0.0,0.0,0.0,,,0,0,0,0,0,0,107,2026-02-04 16:49:20.536222
ELEC-day5,0.0,0.0,0.0,,,0,0,0,0,0,0,107,2026-02-04 16:49:20.536222
ELEC-day6,0.0,0.0,0.0,,,0,0,0,0,0,0,107,2026-02-04 16:49:20.536222
ELEC-F,0.0,0.0,0.0,,,0,0,0,0,0,0,107,2026-02-04 16:49:20.536222
NG,2.16,2.14,2.18,800000.0,800000.0,0,0,0,0,0,0,108,2026-02-04 16:49:21.580926
ELEC-day2,0.0,0.0,0.0,,,0,0,0,0,0,0,108,2026-02-04 16:49:21.580926
ELEC-day3,0.0,0.0,0.0,,,0,0,0,0,0,0,108,2026-02-04 16:49:21.580926
ELEC-day4,0.0,0.0,0.0,,,0,0,0,0,0,0,108,2026-02-04 16:49:21.580926
ELEC-day5,0.0,0.0,0.0,,,0,0,0,0,0,0,108,2026-02-04 16:49:21.580926
ELEC-day6,0.0,0.0,0.0,,,0,0,0,0,0,0,108,2026-02-04 16:49:21.580926
ELEC-F,0.0,0.0,0.0,,,0,0,0,0,0,0,108,2026-02-04 16:49:21.580926
NG,2.16,2.14,2.18,800000.0,800000.0,0,0,0,0,0,0,109,2026-02-04 16:49:22.624566
ELEC-day2,0.0,0.0,0.0,,,0,0,0,0,0,0,109,2026-02-04 16:49:22.624566
ELEC-day3,0.0,0.0,0.0,,,0,0,0,0,0,0,109,2026-02-04 16:49:22.624566
ELEC-day4,0.0,0.0,0.0,,,0,0,0,0,0,0,109,2026-02-04 16:49:22.624566
ELEC-day5,0.0,0.0,0.0,,,0,0,0,0,0,0,109,2026-02-04 16:49:22.624566
ELEC-day6,0.0,0.0,0.0,,,0,0,0,0,0,0,109,2026-02-04 16:49:22.624566
ELEC-F,0.0,0.0,0.0,,,0,0,0,0,0,0,109,2026-02-04 16:49:22.624566
NG,2.17,2.15,2.19,800000.0,800000.0,0,0,0,0,0,0,110,2026-02-04 16:49:23.655941
ELEC-day2,0.0,0.0,0.0,,,0,0,0,0,0,0,110,2026-02-04 16:49:23.655941
ELEC-day3,0.0,0.0,0.0,,,0,0,0,0,0,0,110,2026-02-04 16:49:23.655941
ELEC-day4,0.0,0.0,0.0,,,0,0,0,0,0,0,110,2026-02-04 16:49:23.655941
ELEC-day5,0.0,0.0,0.0,,,0,0,0,0,0,0,110,2026-02-04 16:49:23.655941
ELEC-day6,0.0,0.0,0.0,,,0,0,0,0,0,0,110,2026-02-04 16:49:23.655941
ELEC-F,0.0,0.0,0.0,,,0,0,0,0,0,0,110,2026-02-04 16:49:23.655941
NG,2.16,2.14,2.18,800000.0,800000.0,0,0,0,0,0,0,111,2026-02-04 16:49:24.685777
ELEC-day2,0.0,0.0,0.0,,,0,0,0,0,0,0,111,2026-02-04 16:49:24.685777
ELEC-day3,0.0,0.0,0.0,,,0,0,0,0,0,0,111,2026-02-04 16:49:24.685777
ELEC-day4,0.0,0.0,0.0,,,0,0,0,0,0,0,111,2026-02-04 16:49:24.685777
ELEC-day5,0.0,0.0,0.0,,,0,0,0,0,0,0,111,2026-02-04 16:49:24.685777
ELEC-day6,0.0,0.0,0.0,,,0,0,0,0,0,0,111,2026-02-04 16:49:24.685777
ELEC-F,0.0,0.0,0.0,,,0,0,0,0,0,0,111,2026-02-04 16:49:24.685777
NG,2.16,2.14,2.18,800000.0,800000.0,0,0,0,0,0,0,112,2026-02-04 16:49:25.720342
ELEC-day2,0.0,0.0,0.0,,,0,0,0,0,0,0,112,2026-02-04 16:49:25.720342
ELEC-day3,0.0,0.0,0.0,,,0,0,0,0,0,0,112,2026-02-04 16:49:25.720342
ELEC-day4,0.0,0.0,0.0,,,0,0,0,0,0,0,112,2026-02-04 16:49:25.720342
ELEC-day5,0.0,0.0,0.0,,,0,0,0,0,0,0,112,2026-02-04 16:49:25.720342
ELEC-day6,0.0,0.0,0.0,,,0,0,0,0,0,0,112,2026-02-04 16:49:25.720342
ELEC-F,0.0,0.0,0.0,,,0,0,0,0,0,0,112,2026-02-04 16:49:25.720342
NG,2.17,2.15,2.19,800000.0,800000.0,0,0,0,0,0,0,113,2026-02-04 16:49:26.785917
ELEC-day2,0.0,0.0,0.0,,,0,0,0,0,0,0,113,2026-02-04 16:49:26.785917
ELEC-day3,0.0,0.0,0.0,,,0,0,0,0,0,0,113,2026-02-04 16:49:26.785917
ELEC-day4,0.0,0.0,0.0,,,0,0,0,0,0,0,113,2026-02-04 16:49:26.785917
ELEC-day5,0.0,0.0,0.0,,,0,0,0,0,0,0,113,2026-02-04 16:49:26.785917
ELEC-day6,0.0,0.0,0.0,,,0,0,0,0,0,0,113,2026-02-04 16:49:26.785917
ELEC-F,0.0,0.0,0.0,,,0,0,0,0,0,0,113,2026-02-04 16:49:26.785917
NG,2.17,2.15,2.19,800000.0,800000.0,0,0,0,0,0,0,114,2026-02-04 16:49:27.377805
ELEC-day2,0.0,0.0,0.0,,,0,0,0,0,0,0,114,2026-02-04 16:49:27.377805
ELEC-day3,0.0,0.0,0.0,,,0,0,0,0,0,0,114,2026-02-04 16:49:27.377805
ELEC-day4,0.0,0.0,0.0,,,0,0,0,0,0,0,114,2026-02-04 16:49:27.377805
ELEC-day5,0.0,0.0,0.0,,,0,0,0,0,0,0,114,2026-02-04 16:49:27.377805
ELEC-day6,0.0,0.0,0.0,,,0,0,0,0,0,0,114,2026-02-04 16:49:27.377805
ELEC-F,0.0,0.0,0.0,,,0,0,0,0,0,0,114,2026-02-04 16:49:27.377805
NG,2.16,2.14,2.18,800000.0,800000.0,0,0,0,0,0,0,115,2026-02-04 16:49:28.525005
ELEC-day2,0.0,0.0,0.0,,,0,0,0,0,0,0,115,2026-02-04 16:49:28.525005
ELEC-day3,0.0,0.0,0.0,,,0,0,0,0,0,0,115,2026-02-04 16:49:28.525005
ELEC-day4,0.0,0.0,0.0,,,0,0,0,0,0,0,115,2026-02-04 16:49:28.525005
ELEC-day5,0.0,0.0,0.0,,,0,0,0,0,0,0,115,2026-02-04 16:49:28.525005
ELEC-day6,0.0,0.0,0.0,,,0,0,0,0,0,0,115,2026-02-04 16:49:28.525005
ELEC-F,0.0,0.0,0.0,,,0,0,0,0,0,0,115,2026-02-04 16:49:28.525005
NG,2.16,2.14,2.18,800000.0,800000.0,0,0,0,0,0,0,116,2026-02-04 16:49:29.563327
ELEC-day2,0.0,0.0,0.0,,,0,0,0,0,0,0,116,2026-02-04 16:49:29.563327
ELEC-day3,0.0,0.0,0.0,,,0,0,0,0,0,0,116,2026-02-04 16:49:29.563327
ELEC-day4,0.0,0.0,0.0,,,0,0,0,0,0,0,116,2026-02-04 16:49:29.563327
ELEC-day5,0.0,0.0,0.0,,,0,0,0,0,0,0,116,2026-02-04 16:49:29.563327
ELEC-day6,0.0,0.0,0.0,,,0,0,0,0,0,0,116,2026-02-04 16:49:29.563327
ELEC-F,0.0,0.0,0.0,,,0,0,0,0,0,0,116,2026-02-04 16:49:29.563327
NG,2.17,2.15,2.19,800000.0,800000.0,0,0,0,0,0,0,117,2026-02-04 16:49:30.592469
ELEC-day2,0.0,0.0,0.0,,,0,0,0,0,0,0,117,2026-02-04 16:49:30.592469
ELEC-day3,0.0,0.0,0.0,,,0,0,0,0,0,0,117,2026-02-04 16:49:30.592469
ELEC-day4,0.0,0.0,0.0,,,0,0,0,0,0,0,117,2026-02-04 16:49:30.592469
ELEC-day5,0.0,0.0,0.0,,,0,0,0,0,0,0,117,2026-02-04 16:49:30.592469
ELEC-day6,0.0,0.0,0.0,,,0,0,0,0,0,0,117,2026-02-04 16:49:30.592469
ELEC-F,0.0,0.0,0.0,,,0,0,0,0,0,0,117,2026-02-04 16:49:30.592469
NG,2.16,2.14,2.18,800000.0,800000.0,0,0,0,0,0,0,118,2026-02-04 16:49:31.632771
ELEC-day2,0.0,0.0,0.0,,,0,0,0,0,0,0,118,2026-02-04 16:49:31.632771
ELEC-day3,0.0,0.0,0.0,,,0,0,0,0,0,0,118,2026-02-04 16:49:31.632771
ELEC-day4,0.0,0.0,0.0,,,0,0,0,0,0,0,118,2026-02-04 16:49:31.632771
ELEC-day5,0.0,0.0,0.0,,,0,0,0,0,0,0,118,2026-02-04 16:49:31.632771
ELEC-day6,0.0,0.0,0.0,,,0,0,0,0,0,0,118,2026-02-04 16:49:31.632771
ELEC-F,0.0,0.0,0.0,,,0,0,0,0,0,0,118,2026-02-04 16:49:31.632771
NG,2.15,2.13,2.17,800000.0,800000.0,0,0,0,0,0,0,119,2026-02-04 16:49:32.680051
ELEC-day2,0.0,0.0,0.0,,,0,0,0,0,0,0,119,2026-02-04 16:49:32.680051
ELEC-day3,0.0,0.0,0.0,,,0,0,0,0,0,0,119,2026-02-04 16:49:32.680051
ELEC-day4,0.0,0.0,0.0,,,0,0,0,0,0,0,119,2026-02-04 16:49:32.680051
ELEC-day5,0.0,0.0,0.0,,,0,0,0,0,0,0,119,2026-02-04 16:49:32.680051
ELEC-day6,0.0,0.0,0.0,,,0,0,0,0,0,0,119,2026-02-04 16:49:32.680051
ELEC-F,0.0,0.0,0.0,,,0,0,0,0,0,0,119,2026-02-04 16:49:32.680051
NG,2.15,2.13,2.17,800000.0,800000.0,0,0,0,0,0,0,120,2026-02-04 16:49:33.717607
ELEC-day2,0.0,0.0,0.0,,,0,0,0,0,0,0,120,2026-02-04 16:49:33.717607
ELEC-day3,0.0,0.0,0.0,,,0,0,0,0,0,0,120,2026-02-04 16:49:33.717607
ELEC-day4,0.0,0.0,0.0,,,0,0,0,0,0,0,120,2026-02-04 16:49:33.717607
ELEC-day5,0.0,0.0,0.0,,,0,0,0,0,0,0,120,2026-02-04 16:49:33.717607
ELEC-day6,0.0,0.0,0.0,,,0,0,0,0,0,0,120,2026-02-04 16:49:33.717607
ELEC-F,0.0,0.0,0.0,,,0,0,0,0,0,0,120,2026-02-04 16:49:33.717607
NG,2.15,2.13,2.17,800000.0,800000.0,0,0,0,0,0,0,121,2026-02-04 16:49:34.751853
ELEC-day2,0.0,0.0,0.0,,,0,0,0,0,0,0,121,2026-02-04 16:49:34.751853
ELEC-day3,0.0,0.0,0.0,,,0,0,0,0,0,0,121,2026-02-04 16:49:34.751853
ELEC-day4,0.0,0.0,0.0,,,0,0,0,0,0,0,121,2026-02-04 16:49:34.751853
ELEC-day5,0.0,0.0,0.0,,,0,0,0,0,0,0,121,2026-02-04 16:49:34.751853
ELEC-day6,0.0,0.0,0.0,,,0,0,0,0,0,0,121,2026-02-04 16:49:34.751853
ELEC-F,0.0,0.0,0.0,,,0,0,0,0,0,0,121,2026-02-04 16:49:34.751853
NG,2.16,2.14,2.18,800000.0,800000.0,0,0,0,0,0,0,122,2026-02-04 16:49:35.786594
ELEC-day2,0.0,0.0,0.0,,,0,0,0,0,0,0,122,2026-02-04 16:49:35.786594
ELEC-day3,0.0,0.0,0.0,,,0,0,0,0,0,0,122,2026-02-04 16:49:35.786594
ELEC-day4,0.0,0.0,0.0,,,0,0,0,0,0,0,122,2026-02-04 16:49:35.786594
ELEC-day5,0.0,0.0,0.0,,,0,0,0,0,0,0,122,2026-02-04 16:49:35.786594
ELEC-day6,0.0,0.0,0.0,,,0,0,0,0,0,0,122,2026-02-04 16:49:35.786594
ELEC-F,0.0,0.0,0.0,,,0,0,0,0,0,0,122,2026-02-04 16:49:35.786594
NG,2.15,2.13,2.17,800000.0,800000.0,0,0,0,0,0,0,123,2026-02-04 16:49:36.420167
ELEC-day2,0.0,0.0,0.0,,,0,0,0,0,0,0,123,2026-02-04 16:49:36.420167
ELEC-day3,0.0,0.0,0.0,,,0,0,0,0,0,0,123,2026-02-04 16:49:36.420167
ELEC-day4,0.0,0.0,0.0,,,0,0,0,0,0,0,123,2026-02-04 16:49:36.420167
ELEC-day5,0.0,0.0,0.0,,,0,0,0,0,0,0,123,2026-02-04 16:49:36.420167
ELEC-day6,0.0,0.0,0.0,,,0,0,0,0,0,0,123,2026-02-04 16:49:36.420167
ELEC-F,0.0,0.0,0.0,,,0,0,0,0,0,0,123,2026-02-04 16:49:36.420167
NG,2.14,2.12,2.16,800000.0,800000.0,0,0,0,0,0,0,124,2026-02-04 16:49:37.540844
ELEC-day2,0.0,0.0,0.0,,,0,0,0,0,0,0,124,2026-02-04 16:49:37.540844
ELEC-day3,0.0,0.0,0.0,,,0,0,0,0,0,0,124,2026-02-04 16:49:37.540844
ELEC-day4,0.0,0.0,0.0,,,0,0,0,0,0,0,124,2026-02-04 16:49:37.540844
ELEC-day5,0.0,0.0,0.0,,,0,0,0,0,0,0,124,2026-02-04 16:49:37.540844
ELEC-day6,0.0,0.0,0.0,,,0,0,0,0,0,0,124,2026-02-04 16:49:37.540844
ELEC-F,0.0,0.0,0.0,,,0,0,0,0,0,0,124,2026-02-04 16:49:37.540844
NG,2.14,2.12,2.16,800000.0,800000.0,0,0,0,0,0,0,125,2026-02-04 16:49:38.582591
ELEC-day2,0.0,0.0,0.0,,,0,0,0,0,0,0,125,2026-02-04 16:49:38.582591
ELEC-day3,0.0,0.0,0.0,,,0,0,0,0,0,0,125,2026-02-04 16:49:38.582591
ELEC-day4,0.0,0.0,0.0,,,0,0,0,0,0,0,125,2026-02-04 16:49:38.582591
ELEC-day5,0.0,0.0,0.0,,,0,0,0,0,0,0,125,2026-02-04 16:49:38.582591
ELEC-day6,0.0,0.0,0.0,,,0,0,0,0,0,0,125,2026-02-04 16:49:38.582591
ELEC-F,0.0,0.0,0.0,,,0,0,0,0,0,0,125,2026-02-04 16:49:38.582591
NG,2.14,2.12,2.16,800000.0,800000.0,0,0,0,0,0,0,126,2026-02-04 16:49:39.626948
ELEC-day2,0.0,0.0,0.0,,,0,0,0,0,0,0,126,2026-02-04 16:49:39.626948
ELEC-day3,0.0,0.0,0.0,,,0,0,0,0,0,0,126,2026-02-04 16:49:39.626948
ELEC-day4,0.0,0.0,0.0,,,0,0,0,0,0,0,126,2026-02-04 16:49:39.626948
ELEC-day5,0.0,0.0,0.0,,,0,0,0,0,0,0,126,2026-02-04 16:49:39.626948
ELEC-day6,0.0,0.0,0.0,,,0,0,0,0,0,0,126,2026-02-04 16:49:39.626948
ELEC-F,0.0,0.0,0.0,,,0,0,0,0,0,0,126,2026-02-04 16:49:39.626948
NG,2.14,2.12,2.16,800000.0,800000.0,0,0,0,0,0,0,127,2026-02-04 16:49:40.676222
ELEC-day2,0.0,0.0,0.0,,,0,0,0,0,0,0,127,2026-02-04 16:49:40.676222
ELEC-day3,0.0,0.0,0.0,,,0,0,0,0,0,0,127,2026-02-04 16:49:40.676222
ELEC-day4,0.0,0.0,0.0,,,0,0,0,0,0,0,127,2026-02-04 16:49:40.676222
ELEC-day5,0.0,0.0,0.0,,,0,0,0,0,0,0,127,2026-02-04 16:49:40.676222
ELEC-day6,0.0,0.0,0.0,,,0,0,0,0,0,0,127,2026-02-04 16:49:40.676222
ELEC-F,0.0,0.0,0.0,,,0,0,0,0,0,0,127,2026-02-04 16:49:40.676222
NG,2.14,2.12,2.16,800000.0,800000.0,0,0,0,0,0,0,128,2026-02-04 16:49:41.758579
ELEC-day2,0.0,0.0,0.0,,,0,0,0,0,0,0,128,2026-02-04 16:49:41.758579
ELEC-day3,0.0,0.0,0.0,,,0,0,0,0,0,0,128,2026-02-04 16:49:41.758579
ELEC-day4,0.0,0.0,0.0,,,0,0,0,0,0,0,128,2026-02-04 16:49:41.758579
ELEC-day5,0.0,0.0,0.0,,,0,0,0,0,0,0,128,2026-02-04 16:49:41.758579
ELEC-day6,0.0,0.0,0.0,,,0,0,0,0,0,0,128,2026-02-04 16:49:41.758579
ELEC-F,0.0,0.0,0.0,,,0,0,0,0,0,0,128,2026-02-04 16:49:41.758579
NG,2.14,2.12,2.16,800000.0,800000.0,0,0,0,0,0,0,129,2026-02-04 16:49:42.807208
ELEC-day2,0.0,0.0,0.0,,,0,0,0,0,0,0,129,2026-02-04 16:49:42.807208
ELEC-day3,0.0,0.0,0.0,,,0,0,0,0,0,0,129,2026-02-04 16:49:42.807208
ELEC-day4,0.0,0.0,0.0,,,0,0,0,0,0,0,129,2026-02-04 16:49:42.807208
ELEC-day5,0.0,0.0,0.0,,,0,0,0,0,0,0,129,2026-02-04 16:49:42.807208
ELEC-day6,0.0,0.0,0.0,,,0,0,0,0,0,0,129,2026-02-04 16:49:42.807208
ELEC-F,0.0,0.0,0.0,,,0,0,0,0,0,0,129,2026-02-04 16:49:42.807208
NG,2.13,2.11,2.15,800000.0,800000.0,0,0,0,0,0,0,130,2026-02-04 16:49:43.861421
ELEC-day2,0.0,0.0,0.0,,,0,0,0,0,0,0,130,2026-02-04 16:49:43.861421
ELEC-day3,0.0,0.0,0.0,,,0,0,0,0,0,0,130,2026-02-04 16:49:43.861421
ELEC-day4,0.0,0.0,0.0,,,0,0,0,0,0,0,130,2026-02-04 16:49:43.861421
ELEC-day5,0.0,0.0,0.0,,,0,0,0,0,0,0,130,2026-02-04 16:49:43.861421
ELEC-day6,0.0,0.0,0.0,,,0,0,0,0,0,0,130,2026-02-04 16:49:43.861421
ELEC-F,0.0,0.0,0.0,,,0,0,0,0,0,0,130,2026-02-04 16:49:43.861421
NG,2.15,2.13,2.17,800000.0,800000.0,0,0,0,0,0,0,131,2026-02-04 16:49:44.481760
ELEC-day2,0.0,0.0,0.0,,,0,0,0,0,0,0,131,2026-02-04 16:49:44.481760
ELEC-day3,0.0,0.0,0.0,,,0,0,0,0,0,0,131,2026-02-04 16:49:44.481760
ELEC-day4,0.0,0.0,0.0,,,0,0,0,0,0,0,131,2026-02-04 16:49:44.481760
ELEC-day5,0.0,0.0,0.0,,,0,0,0,0,0,0,131,2026-02-04 16:49:44.481760
ELEC-day6,0.0,0.0,0.0,,,0,0,0,0,0,0,131,2026-02-04 16:49:44.481760
ELEC-F,0.0,0.0,0.0,,,0,0,0,0,0,0,131,2026-02-04 16:49:44.481760
NG,2.14,2.12,2.16,800000.0,800000.0,0,0,0,0,0,0,132,2026-02-04 16:49:45.662094
ELEC-day2,0.0,0.0,0.0,,,0,0,0,0,0,0,132,2026-02-04 16:49:45.662094
ELEC-day3,0.0,0.0,0.0,,,0,0,0,0,0,0,132,2026-02-04 16:49:45.662094
ELEC-day4,0.0,0.0,0.0,,,0,0,0,0,0,0,132,2026-02-04 16:49:45.662094
ELEC-day5,0.0,0.0,0.0,,,0,0,0,0,0,0,132,2026-02-04 16:49:45.662094
ELEC-day6,0.0,0.0,0.0,,,0,0,0,0,0,0,132,2026-02-04 16:49:45.662094
ELEC-F,0.0,0.0,0.0,,,0,0,0,0,0,0,132,2026-02-04 16:49:45.662094
NG,2.15,2.13,2.17,800000.0,800000.0,0,0,0,0,0,0,133,2026-02-04 16:49:46.698518
ELEC-day2,0.0,0.0,0.0,,,0,0,0,0,0,0,133,2026-02-04 16:49:46.698518
ELEC-day3,0.0,0.0,0.0,,,0,0,0,0,0,0,133,2026-02-04 16:49:46.698518
ELEC-day4,0.0,0.0,0.0,,,0,0,0,0,0,0,133,2026-02-04 16:49:46.698518
ELEC-day5,0.0,0.0,0.0,,,0,0,0,0,0,0,133,2026-02-04 16:49:46.698518
ELEC-day6,0.0,0.0,0.0,,,0,0,0,0,0,0,133,2026-02-04 16:49:46.698518
ELEC-F,0.0,0.0,0.0,,,0,0,0,0,0,0,133,2026-02-04 16:49:46.698518
NG,2.15,2.13,2.17,800000.0,800000.0,0,0,0,0,0,0,134,2026-02-04 16:49:47.740333
ELEC-day2,0.0,0.0,0.0,,,0,0,0,0,0,0,134,2026-02-04 16:49:47.740333
ELEC-day3,0.0,0.0,0.0,,,0,0,0,0,0,0,134,2026-02-04 16:49:47.740333
ELEC-day4,0.0,0.0,0.0,,,0,0,0,0,0,0,134,2026-02-04 16:49:47.740333
ELEC-day5,0.0,0.0,0.0,,,0,0,0,0,0,0,134,2026-02-04 16:49:47.740333
ELEC-day6,0.0,0.0,0.0,,,0,0,0,0,0,0,134,2026-02-04 16:49:47.740333
ELEC-F,0.0,0.0,0.0,,,0,0,0,0,0,0,134,2026-02-04 16:49:47.740333
NG,2.16,2.14,2.18,800000.0,800000.0,0,0,0,0,0,0,135,2026-02-04 16:49:48.776894
ELEC-day2,0.0,0.0,0.0,,,0,0,0,0,0,0,135,2026-02-04 16:49:48.776894
ELEC-day3,0.0,0.0,0.0,,,0,0,0,0,0,0,135,2026-02-04 16:49:48.776894
ELEC-day4,0.0,0.0,0.0,,,0,0,0,0,0,0,135,2026-02-04 16:49:48.776894
ELEC-day5,0.0,0.0,0.0,,,0,0,0,0,0,0,135,2026-02-04 16:49:48.776894
ELEC-day6,0.0,0.0,0.0,,,0,0,0,0,0,0,135,2026-02-04 16:49:48.776894
ELEC-F,0.0,0.0,0.0,,,0,0,0,0,0,0,135,2026-02-04 16:49:48.776894
NG,2.16,2.14,2.18,800000.0,800000.0,0,0,0,0,0,0,136,2026-02-04 16:49:49.813255
ELEC-day2,0.0,0.0,0.0,,,0,0,0,0,0,0,136,2026-02-04 16:49:49.813255
ELEC-day3,0.0,0.0,0.0,,,0,0,0,0,0,0,136,2026-02-04 16:49:49.813255
ELEC-day4,0.0,0.0,0.0,,,0,0,0,0,0,0,136,2026-02-04 16:49:49.813255
ELEC-day5,0.0,0.0,0.0,,,0,0,0,0,0,0,136,2026-02-04 16:49:49.813255
ELEC-day6,0.0,0.0,0.0,,,0,0,0,0,0,0,136,2026-02-04 16:49:49.813255
ELEC-F,0.0,0.0,0.0,,,0,0,0,0,0,0,136,2026-02-04 16:49:49.813255
NG,2.15,2.13,2.17,800000.0,800000.0,0,0,0,0,0,0,137,2026-02-04 16:49:50.852536
ELEC-day2,0.0,0.0,0.0,,,0,0,0,0,0,0,137,2026-02-04 16:49:50.852536
ELEC-day3,0.0,0.0,0.0,,,0,0,0,0,0,0,137,2026-02-04 16:49:50.852536
ELEC-day4,0.0,0.0,0.0,,,0,0,0,0,0,0,137,2026-02-04 16:49:50.852536
ELEC-day5,0.0,0.0,0.0,,,0,0,0,0,0,0,137,2026-02-04 16:49:50.852536
ELEC-day6,0.0,0.0,0.0,,,0,0,0,0,0,0,137,2026-02-04 16:49:50.852536
ELEC-F,0.0,0.0,0.0,,,0,0,0,0,0,0,137,2026-02-04 16:49:50.852536
NG,2.16,2.14,2.18,800000.0,800000.0,0,0,0,0,0,0,138,2026-02-04 16:49:51.888552
ELEC-day2,0.0,0.0,0.0,,,0,0,0,0,0,0,138,2026-02-04 16:49:51.888552
ELEC-day3,0.0,0.0,0.0,,,0,0,0,0,0,0,138,2026-02-04 16:49:51.888552
ELEC-day4,0.0,0.0,0.0,,,0,0,0,0,0,0,138,2026-02-04 16:49:51.888552
ELEC-day5,0.0,0.0,0.0,,,0,0,0,0,0,0,138,2026-02-04 16:49:51.888552
ELEC-day6,0.0,0.0,0.0,,,0,0,0,0,0,0,138,2026-02-04 16:49:51.888552
ELEC-F,0.0,0.0,0.0,,,0,0,0,0,0,0,138,2026-02-04 16:49:51.888552
NG,2.16,2.14,2.18,800000.0,800000.0,0,0,0,0,0,0,139,2026-02-04 16:49:52.992472
ELEC-day2,0.0,0.0,0.0,,,0,0,0,0,0,0,139,2026-02-04 16:49:52.992472
ELEC-day3,0.0,0.0,0.0,,,0,0,0,0,0,0,139,2026-02-04 16:49:52.992472
ELEC-day4,0.0,0.0,0.0,,,0,0,0,0,0,0,139,2026-02-04 16:49:52.992472
ELEC-day5,0.0,0.0,0.0,,,0,0,0,0,0,0,139,2026-02-04 16:49:52.992472
ELEC-day6,0.0,0.0,0.0,,,0,0,0,0,0,0,139,2026-02-04 16:49:52.992472
ELEC-F,0.0,0.0,0.0,,,0,0,0,0,0,0,139,2026-02-04 16:49:52.992472
NG,2.15,2.13,2.17,800000.0,800000.0,0,0,0,0,0,0,140,2026-02-04 16:49:53.572677
ELEC-day2,0.0,0.0,0.0,,,0,0,0,0,0,0,140,2026-02-04 16:49:53.572677
ELEC-day3,0.0,0.0,0.0,,,0,0,0,0,0,0,140,2026-02-04 16:49:53.572677
ELEC-day4,0.0,0.0,0.0,,,0,0,0,0,0,0,140,2026-02-04 16:49:53.572677
ELEC-day5,0.0,0.0,0.0,,,0,0,0,0,0,0,140,2026-02-04 16:49:53.572677
ELEC-day6,0.0,0.0,0.0,,,0,0,0,0,0,0,140,2026-02-04 16:49:53.572677
ELEC-F,0.0,0.0,0.0,,,0,0,0,0,0,0,140,2026-02-04 16:49:53.572677
NG,2.15,2.13,2.17,800000.0,800000.0,0,0,0,0,0,0,141,2026-02-04 16:49:54.606188
ELEC-day2,0.0,0.0,0.0,,,0,0,0,0,0,0,141,2026-02-04 16:49:54.606188
ELEC-day3,0.0,0.0,0.0,,,0,0,0,0,0,0,141,2026-02-04 16:49:54.606188
ELEC-day4,0.0,0.0,0.0,,,0,0,0,0,0,0,141,2026-02-04 16:49:54.606188
ELEC-day5,0.0,0.0,0.0,,,0,0,0,0,0,0,141,2026-02-04 16:49:54.606188
ELEC-day6,0.0,0.0,0.0,,,0,0,0,0,0,0,141,2026-02-04 16:49:54.606188
ELEC-F,0.0,0.0,0.0,,,0,0,0,0,0,0,141,2026-02-04 16:49:54.606188
NG,2.16,2.14,2.18,800000.0,800000.0,0,0,0,0,0,0,142,2026-02-04 16:49:55.646731
ELEC-day2,0.0,0.0,0.0,,,0,0,0,0,0,0,142,2026-02-04 16:49:55.646731
ELEC-day3,0.0,0.0,0.0,,,0,0,0,0,0,0,142,2026-02-04 16:49:55.646731
ELEC-day4,0.0,0.0,0.0,,,0,0,0,0,0,0,142,2026-02-04 16:49:55.646731
ELEC-day5,0.0,0.0,0.0,,,0,0,0,0,0,0,142,2026-02-04 16:49:55.646731
ELEC-day6,0.0,0.0,0.0,,,0,0,0,0,0,0,142,2026-02-04 16:49:55.646731
ELEC-F,0.0,0.0,0.0,,,0,0,0,0,0,0,142,2026-02-04 16:49:55.646731
NG,2.17,2.15,2.19,800000.0,800000.0,0,0,0,0,0,0,143,2026-02-04 16:49:56.678668
ELEC-day2,0.0,0.0,0.0,,,0,0,0,0,0,0,143,2026-02-04 16:49:56.678668
ELEC-day3,0.0,0.0,0.0,,,0,0,0,0,0,0,143,2026-02-04 16:49:56.678668
ELEC-day4,0.0,0.0,0.0,,,0,0,0,0,0,0,143,2026-02-04 16:49:56.678668
ELEC-day5,0.0,0.0,0.0,,,0,0,0,0,0,0,143,2026-02-04 16:49:56.678668
ELEC-day6,0.0,0.0,0.0,,,0,0,0,0,0,0,143,2026-02-04 16:49:56.678668
ELEC-F,0.0,0.0,0.0,,,0,0,0,0,0,0,143,2026-02-04 16:49:56.678668
NG,2.17,2.15,2.19,800000.0,800000.0,0,0,0,0,0,0,144,2026-02-04 16:49:57.715958
ELEC-day2,0.0,0.0,0.0,,,0,0,0,0,0,0,144,2026-02-04 16:49:57.715958
ELEC-day3,0.0,0.0,0.0,,,0,0,0,0,0,0,144,2026-02-04 16:49:57.715958
ELEC-day4,0.0,0.0,0.0,,,0,0,0,0,0,0,144,2026-02-04 16:49:57.715958
ELEC-day5,0.0,0.0,0.0,,,0,0,0,0,0,0,144,2026-02-04 16:49:57.715958
ELEC-day6,0.0,0.0,0.0,,,0,0,0,0,0,0,144,2026-02-04 16:49:57.715958
ELEC-F,0.0,0.0,0.0,,,0,0,0,0,0,0,144,2026-02-04 16:49:57.715958
NG,2.17,2.15,2.19,800000.0,800000.0,0,0,0,0,0,0,145,2026-02-04 16:49:58.759866
ELEC-day2,0.0,0.0,0.0,,,0,0,0,0,0,0,145,2026-02-04 16:49:58.759866
ELEC-day3,0.0,0.0,0.0,,,0,0,0,0,0,0,145,2026-02-04 16:49:58.759866
ELEC-day4,0.0,0.0,0.0,,,0,0,0,0,0,0,145,2026-02-04 16:49:58.759866
ELEC-day5,0.0,0.0,0.0,,,0,0,0,0,0,0,145,2026-02-04 16:49:58.759866
ELEC-day6,0.0,0.0,0.0,,,0,0,0,0,0,0,145,2026-02-04 16:49:58.759866
ELEC-F,0.0,0.0,0.0,,,0,0,0,0,0,0,145,2026-02-04 16:49:58.759866
NG,2.17,2.15,2.19,800000.0,800000.0,0,0,0,0,0,0,146,2026-02-04 16:49:59.823542
ELEC-day2,0.0,0.0,0.0,,,0,0,0,0,0,0,146,2026-02-04 16:49:59.823542
ELEC-day3,0.0,0.0,0.0,,,0,0,0,0,0,0,146,2026-02-04 16:49:59.823542
ELEC-day4,0.0,0.0,0.0,,,0,0,0,0,0,0,146,2026-02-04 16:49:59.823542
ELEC-day5,0.0,0.0,0.0,,,0,0,0,0,0,0,146,2026-02-04 16:49:59.823542
ELEC-day6,0.0,0.0,0.0,,,0,0,0,0,0,0,146,2026-02-04 16:49:59.823542
ELEC-F,0.0,0.0,0.0,,,0,0,0,0,0,0,146,2026-02-04 16:49:59.823542
NG,2.16,2.14,2.18,800000.0,800000.0,0,0,0,0,0,0,147,2026-02-04 16:50:00.866537
ELEC-day2,0.0,0.0,0.0,,,0,0,0,0,0,0,147,2026-02-04 16:50:00.866537
ELEC-day3,0.0,0.0,0.0,,,0,0,0,0,0,0,147,2026-02-04 16:50:00.866537
ELEC-day4,0.0,0.0,0.0,,,0,0,0,0,0,0,147,2026-02-04 16:50:00.866537
ELEC-day5,0.0,0.0,0.0,,,0,0,0,0,0,0,147,2026-02-04 16:50:00.866537
ELEC-day6,0.0,0.0,0.0,,,0,0,0,0,0,0,147,2026-02-04 16:50:00.866537
ELEC-F,0.0,0.0,0.0,,,0,0,0,0,0,0,147,2026-02-04 16:50:00.866537
NG,2.16,2.14,2.18,800000.0,800000.0,0,0,0,0,0,0,148,2026-02-04 16:50:01.924299
ELEC-day2,0.0,0.0,0.0,,,0,0,0,0,0,0,148,2026-02-04 16:50:01.924299
ELEC-day3,0.0,0.0,0.0,,,0,0,0,0,0,0,148,2026-02-04 16:50:01.924299
ELEC-day4,0.0,0.0,0.0,,,0,0,0,0,0,0,148,2026-02-04 16:50:01.924299
ELEC-day5,0.0,0.0,0.0,,,0,0,0,0,0,0,148,2026-02-04 16:50:01.924299
ELEC-day6,0.0,0.0,0.0,,,0,0,0,0,0,0,148,2026-02-04 16:50:01.924299
ELEC-F,0.0,0.0,0.0,,,0,0,0,0,0,0,148,2026-02-04 16:50:01.924299
NG,2.17,2.15,2.19,800000.0,800000.0,0,0,0,0,0,0,149,2026-02-04 16:50:02.960152
ELEC-day2,0.0,0.0,0.0,,,0,0,0,0,0,0,149,2026-02-04 16:50:02.960152
ELEC-day3,0.0,0.0,0.0,,,0,0,0,0,0,0,149,2026-02-04 16:50:02.960152
ELEC-day4,0.0,0.0,0.0,,,0,0,0,0,0,0,149,2026-02-04 16:50:02.960152
ELEC-day5,0.0,0.0,0.0,,,0,0,0,0,0,0,149,2026-02-04 16:50:02.960152
ELEC-day6,0.0,0.0,0.0,,,0,0,0,0,0,0,149,2026-02-04 16:50:02.960152
ELEC-F,0.0,0.0,0.0,,,0,0,0,0,0,0,149,2026-02-04 16:50:02.960152
NG,2.17,2.15,2.19,800000.0,800000.0,0,0,0,0,0,0,150,2026-02-04 16:50:03.573992,7.0,1.0,149.0,,PRICE AND VOLUME BULLETIN,"Given the expected supply and demand in the market, the Regulatory Authority for Electricity board expects that the price for tomorrow will be between $17.11 and $23.11.<br><br>There will be 652 contracts available in the entire ELEC market, 326 contracts for buying and 326 contracts for selling. There are a total of 19 Producers, 19 Distributors and 38 Traders in the market.<br><br>Please note that the RAE will charge a bid-ask spread of 1 cent"
ELEC-day2,0.0,0.0,0.0,,,0,0,0,0,0,0,150,2026-02-04 16:50:03.573992,6.0,1.0,149.0,,TEMPERATURE Forecast for DAY 2,The average temperature tomorrow will be 13 degrees Celsius.
ELEC-day3,0.0,0.0,0.0,,,0,0,0,0,0,0,150,2026-02-04 16:50:03.573992,,,,,,
ELEC-day4,0.0,0.0,0.0,,,0,0,0,0,0,0,150,2026-02-04 16:50:03.573992,,,,,,
ELEC-day5,0.0,0.0,0.0,,,0,0,0,0,0,0,150,2026-02-04 16:50:03.573992,,,,,,
ELEC-day6,0.0,0.0,0.0,,,0,0,0,0,0,0,150,2026-02-04 16:50:03.573992,,,,,,
ELEC-F,0.0,0.0,0.0,,,0,0,0,0,0,0,150,2026-02-04 16:50:03.573992,,,,,,
NG,2.17,2.15,2.19,800000.0,800000.0,0,0,0,0,0,0,151,2026-02-04 16:50:04.707018
ELEC-day2,0.0,0.0,0.0,,,0,0,0,0,0,0,151,2026-02-04 16:50:04.707018
ELEC-day3,0.0,0.0,0.0,,,0,0,0,0,0,0,151,2026-02-04 16:50:04.707018
ELEC-day4,0.0,0.0,0.0,,,0,0,0,0,0,0,151,2026-02-04 16:50:04.707018
ELEC-day5,0.0,0.0,0.0,,,0,0,0,0,0,0,151,2026-02-04 16:50:04.707018
ELEC-day6,0.0,0.0,0.0,,,0,0,0,0,0,0,151,2026-02-04 16:50:04.707018
ELEC-F,0.0,0.0,0.0,,,0,0,0,0,0,0,151,2026-02-04 16:50:04.707018
NG,2.18,2.16,2.2,800000.0,800000.0,0,0,0,0,0,0,152,2026-02-04 16:50:05.769156
ELEC-day2,0.0,0.0,0.0,,,0,0,0,0,0,0,152,2026-02-04 16:50:05.769156
ELEC-day3,0.0,0.0,0.0,,,0,0,0,0,0,0,152,2026-02-04 16:50:05.769156
ELEC-day4,0.0,0.0,0.0,,,0,0,0,0,0,0,152,2026-02-04 16:50:05.769156
ELEC-day5,0.0,0.0,0.0,,,0,0,0,0,0,0,152,2026-02-04 16:50:05.769156
ELEC-day6,0.0,0.0,0.0,,,0,0,0,0,0,0,152,2026-02-04 16:50:05.769156
ELEC-F,0.0,0.0,0.0,,,0,0,0,0,0,0,152,2026-02-04 16:50:05.769156
NG,2.18,2.16,2.2,800000.0,800000.0,0,0,0,0,0,0,153,2026-02-04 16:50:06.813038
ELEC-day2,0.0,0.0,0.0,,,0,0,0,0,0,0,153,2026-02-04 16:50:06.813038
ELEC-day3,0.0,0.0,0.0,,,0,0,0,0,0,0,153,2026-02-04 16:50:06.813038
ELEC-day4,0.0,0.0,0.0,,,0,0,0,0,0,0,153,2026-02-04 16:50:06.813038
ELEC-day5,0.0,0.0,0.0,,,0,0,0,0,0,0,153,2026-02-04 16:50:06.813038
ELEC-day6,0.0,0.0,0.0,,,0,0,0,0,0,0,153,2026-02-04 16:50:06.813038
ELEC-F,0.0,0.0,0.0,,,0,0,0,0,0,0,153,2026-02-04 16:50:06.813038
NG,2.17,2.15,2.19,800000.0,800000.0,0,0,0,0,0,0,154,2026-02-04 16:50:07.862121
ELEC-day2,0.0,0.0,0.0,,,0,0,0,0,0,0,154,2026-02-04 16:50:07.862121
ELEC-day3,0.0,0.0,0.0,,,0,0,0,0,0,0,154,2026-02-04 16:50:07.862121
ELEC-day4,0.0,0.0,0.0,,,0,0,0,0,0,0,154,2026-02-04 16:50:07.862121
ELEC-day5,0.0,0.0,0.0,,,0,0,0,0,0,0,154,2026-02-04 16:50:07.862121
ELEC-day6,0.0,0.0,0.0,,,0,0,0,0,0,0,154,2026-02-04 16:50:07.862121
ELEC-F,0.0,0.0,0.0,,,0,0,0,0,0,0,154,2026-02-04 16:50:07.862121
NG,2.16,2.14,2.18,800000.0,800000.0,0,0,0,0,0,0,155,2026-02-04 16:50:08.897372
ELEC-day2,0.0,0.0,0.0,,,0,0,0,0,0,0,155,2026-02-04 16:50:08.897372
ELEC-day3,0.0,0.0,0.0,,,0,0,0,0,0,0,155,2026-02-04 16:50:08.897372
ELEC-day4,0.0,0.0,0.0,,,0,0,0,0,0,0,155,2026-02-04 16:50:08.897372
ELEC-day5,0.0,0.0,0.0,,,0,0,0,0,0,0,155,2026-02-04 16:50:08.897372
ELEC-day6,0.0,0.0,0.0,,,0,0,0,0,0,0,155,2026-02-04 16:50:08.897372
ELEC-F,0.0,0.0,0.0,,,0,0,0,0,0,0,155,2026-02-04 16:50:08.897372
NG,2.16,2.14,2.18,800000.0,800000.0,0,0,0,0,0,0,156,2026-02-04 16:50:09.941846
ELEC-day2,0.0,0.0,0.0,,,0,0,0,0,0,0,156,2026-02-04 16:50:09.941846
ELEC-day3,0.0,0.0,0.0,,,0,0,0,0,0,0,156,2026-02-04 16:50:09.941846
ELEC-day4,0.0,0.0,0.0,,,0,0,0,0,0,0,156,2026-02-04 16:50:09.941846
ELEC-day5,0.0,0.0,0.0,,,0,0,0,0,0,0,156,2026-02-04 16:50:09.941846
ELEC-day6,0.0,0.0,0.0,,,0,0,0,0,0,0,156,2026-02-04 16:50:09.941846
ELEC-F,0.0,0.0,0.0,,,0,0,0,0,0,0,156,2026-02-04 16:50:09.941846
NG,2.17,2.15,2.19,800000.0,800000.0,0,0,0,0,0,0,157,2026-02-04 16:50:10.983778
ELEC-day2,0.0,0.0,0.0,,,0,0,0,0,0,0,157,2026-02-04 16:50:10.983778
ELEC-day3,0.0,0.0,0.0,,,0,0,0,0,0,0,157,2026-02-04 16:50:10.983778
ELEC-day4,0.0,0.0,0.0,,,0,0,0,0,0,0,157,2026-02-04 16:50:10.983778
ELEC-day5,0.0,0.0,0.0,,,0,0,0,0,0,0,157,2026-02-04 16:50:10.983778
ELEC-day6,0.0,0.0,0.0,,,0,0,0,0,0,0,157,2026-02-04 16:50:10.983778
ELEC-F,0.0,0.0,0.0,,,0,0,0,0,0,0,157,2026-02-04 16:50:10.983778
NG,2.17,2.15,2.19,800000.0,800000.0,0,0,0,0,0,0,158,2026-02-04 16:50:12.017874
ELEC-day2,0.0,0.0,0.0,,,0,0,0,0,0,0,158,2026-02-04 16:50:12.017874
ELEC-day3,0.0,0.0,0.0,,,0,0,0,0,0,0,158,2026-02-04 16:50:12.017874
ELEC-day4,0.0,0.0,0.0,,,0,0,0,0,0,0,158,2026-02-04 16:50:12.017874
ELEC-day5,0.0,0.0,0.0,,,0,0,0,0,0,0,158,2026-02-04 16:50:12.017874
ELEC-day6,0.0,0.0,0.0,,,0,0,0,0,0,0,158,2026-02-04 16:50:12.017874
ELEC-F,0.0,0.0,0.0,,,0,0,0,0,0,0,158,2026-02-04 16:50:12.017874
NG,2.17,2.15,2.19,800000.0,800000.0,0,0,0,0,0,0,159,2026-02-04 16:50:12.650309
ELEC-day2,0.0,0.0,0.0,,,0,0,0,0,0,0,159,2026-02-04 16:50:12.650309
ELEC-day3,0.0,0.0,0.0,,,0,0,0,0,0,0,159,2026-02-04 16:50:12.650309
ELEC-day4,0.0,0.0,0.0,,,0,0,0,0,0,0,159,2026-02-04 16:50:12.650309
ELEC-day5,0.0,0.0,0.0,,,0,0,0,0,0,0,159,2026-02-04 16:50:12.650309
ELEC-day6,0.0,0.0,0.0,,,0,0,0,0,0,0,159,2026-02-04 16:50:12.650309
ELEC-F,0.0,0.0,0.0,,,0,0,0,0,0,0,159,2026-02-04 16:50:12.650309
NG,2.18,2.16,2.2,800000.0,800000.0,0,0,0,0,0,0,160,2026-02-04 16:50:13.819941
ELEC-day2,0.0,0.0,0.0,,,0,0,0,0,0,0,160,2026-02-04 16:50:13.819941
ELEC-day3,0.0,0.0,0.0,,,0,0,0,0,0,0,160,2026-02-04 16:50:13.819941
ELEC-day4,0.0,0.0,0.0,,,0,0,0,0,0,0,160,2026-02-04 16:50:13.819941
ELEC-day5,0.0,0.0,0.0,,,0,0,0,0,0,0,160,2026-02-04 16:50:13.819941
ELEC-day6,0.0,0.0,0.0,,,0,0,0,0,0,0,160,2026-02-04 16:50:13.819941
ELEC-F,0.0,0.0,0.0,,,0,0,0,0,0,0,160,2026-02-04 16:50:13.819941
NG,2.18,2.16,2.2,800000.0,800000.0,0,0,0,0,0,0,161,2026-02-04 16:50:14.852910
ELEC-day2,0.0,0.0,0.0,,,0,0,0,0,0,0,161,2026-02-04 16:50:14.852910
ELEC-day3,0.0,0.0,0.0,,,0,0,0,0,0,0,161,2026-02-04 16:50:14.852910
ELEC-day4,0.0,0.0,0.0,,,0,0,0,0,0,0,161,2026-02-04 16:50:14.852910
ELEC-day5,0.0,0.0,0.0,,,0,0,0,0,0,0,161,2026-02-04 16:50:14.852910
ELEC-day6,0.0,0.0,0.0,,,0,0,0,0,0,0,161,2026-02-04 16:50:14.852910
ELEC-F,0.0,0.0,0.0,,,0,0,0,0,0,0,161,2026-02-04 16:50:14.852910
NG,2.18,2.16,2.2,800000.0,800000.0,0,0,0,0,0,0,162,2026-02-04 16:50:15.901869
ELEC-day2,0.0,0.0,0.0,,,0,0,0,0,0,0,162,2026-02-04 16:50:15.901869
ELEC-day3,0.0,0.0,0.0,,,0,0,0,0,0,0,162,2026-02-04 16:50:15.901869
ELEC-day4,0.0,0.0,0.0,,,0,0,0,0,0,0,162,2026-02-04 16:50:15.901869
ELEC-day5,0.0,0.0,0.0,,,0,0,0,0,0,0,162,2026-02-04 16:50:15.901869
ELEC-day6,0.0,0.0,0.0,,,0,0,0,0,0,0,162,2026-02-04 16:50:15.901869
ELEC-F,0.0,0.0,0.0,,,0,0,0,0,0,0,162,2026-02-04 16:50:15.901869
NG,2.17,2.15,2.19,800000.0,800000.0,0,0,0,0,0,0,163,2026-02-04 16:50:16.940283
ELEC-day2,0.0,0.0,0.0,,,0,0,0,0,0,0,163,2026-02-04 16:50:16.940283
ELEC-day3,0.0,0.0,0.0,,,0,0,0,0,0,0,163,2026-02-04 16:50:16.940283
ELEC-day4,0.0,0.0,0.0,,,0,0,0,0,0,0,163,2026-02-04 16:50:16.940283
ELEC-day5,0.0,0.0,0.0,,,0,0,0,0,0,0,163,2026-02-04 16:50:16.940283
ELEC-day6,0.0,0.0,0.0,,,0,0,0,0,0,0,163,2026-02-04 16:50:16.940283
ELEC-F,0.0,0.0,0.0,,,0,0,0,0,0,0,163,2026-02-04 16:50:16.940283
NG,2.16,2.14,2.18,800000.0,800000.0,0,0,0,0,0,0,164,2026-02-04 16:50:17.979918
ELEC-day2,0.0,0.0,0.0,,,0,0,0,0,0,0,164,2026-02-04 16:50:17.979918
ELEC-day3,0.0,0.0,0.0,,,0,0,0,0,0,0,164,2026-02-04 16:50:17.979918
ELEC-day4,0.0,0.0,0.0,,,0,0,0,0,0,0,164,2026-02-04 16:50:17.979918
ELEC-day5,0.0,0.0,0.0,,,0,0,0,0,0,0,164,2026-02-04 16:50:17.979918
ELEC-day6,0.0,0.0,0.0,,,0,0,0,0,0,0,164,2026-02-04 16:50:17.979918
ELEC-F,0.0,0.0,0.0,,,0,0,0,0,0,0,164,2026-02-04 16:50:17.979918
NG,2.17,2.15,2.19,800000.0,800000.0,0,0,0,0,0,0,165,2026-02-04 16:50:19.021350
ELEC-day2,0.0,0.0,0.0,,,0,0,0,0,0,0,165,2026-02-04 16:50:19.021350
ELEC-day3,0.0,0.0,0.0,,,0,0,0,0,0,0,165,2026-02-04 16:50:19.021350
ELEC-day4,0.0,0.0,0.0,,,0,0,0,0,0,0,165,2026-02-04 16:50:19.021350
ELEC-day5,0.0,0.0,0.0,,,0,0,0,0,0,0,165,2026-02-04 16:50:19.021350
ELEC-day6,0.0,0.0,0.0,,,0,0,0,0,0,0,165,2026-02-04 16:50:19.021350
ELEC-F,0.0,0.0,0.0,,,0,0,0,0,0,0,165,2026-02-04 16:50:19.021350
NG,2.17,2.15,2.19,800000.0,800000.0,0,0,0,0,0,0,166,2026-02-04 16:50:20.061679
ELEC-day2,0.0,0.0,0.0,,,0,0,0,0,0,0,166,2026-02-04 16:50:20.061679
ELEC-day3,0.0,0.0,0.0,,,0,0,0,0,0,0,166,2026-02-04 16:50:20.061679
ELEC-day4,0.0,0.0,0.0,,,0,0,0,0,0,0,166,2026-02-04 16:50:20.061679
ELEC-day5,0.0,0.0,0.0,,,0,0,0,0,0,0,166,2026-02-04 16:50:20.061679
ELEC-day6,0.0,0.0,0.0,,,0,0,0,0,0,0,166,2026-02-04 16:50:20.061679
ELEC-F,0.0,0.0,0.0,,,0,0,0,0,0,0,166,2026-02-04 16:50:20.061679
NG,2.17,2.15,2.19,800000.0,800000.0,0,0,0,0,0,0,167,2026-02-04 16:50:21.180540
ELEC-day2,0.0,0.0,0.0,,,0,0,0,0,0,0,167,2026-02-04 16:50:21.180540
ELEC-day3,0.0,0.0,0.0,,,0,0,0,0,0,0,167,2026-02-04 16:50:21.180540
ELEC-day4,0.0,0.0,0.0,,,0,0,0,0,0,0,167,2026-02-04 16:50:21.180540
ELEC-day5,0.0,0.0,0.0,,,0,0,0,0,0,0,167,2026-02-04 16:50:21.180540
ELEC-day6,0.0,0.0,0.0,,,0,0,0,0,0,0,167,2026-02-04 16:50:21.180540
ELEC-F,0.0,0.0,0.0,,,0,0,0,0,0,0,167,2026-02-04 16:50:21.180540
NG,2.17,2.15,2.19,800000.0,800000.0,0,0,0,0,0,0,168,2026-02-04 16:50:21.716928
ELEC-day2,0.0,0.0,0.0,,,0,0,0,0,0,0,168,2026-02-04 16:50:21.716928
ELEC-day3,0.0,0.0,0.0,,,0,0,0,0,0,0,168,2026-02-04 16:50:21.716928
ELEC-day4,0.0,0.0,0.0,,,0,0,0,0,0,0,168,2026-02-04 16:50:21.716928
ELEC-day5,0.0,0.0,0.0,,,0,0,0,0,0,0,168,2026-02-04 16:50:21.716928
ELEC-day6,0.0,0.0,0.0,,,0,0,0,0,0,0,168,2026-02-04 16:50:21.716928
ELEC-F,0.0,0.0,0.0,,,0,0,0,0,0,0,168,2026-02-04 16:50:21.716928
NG,2.18,2.16,2.2,800000.0,800000.0,0,0,0,0,0,0,169,2026-02-04 16:50:22.861778
ELEC-day2,0.0,0.0,0.0,,,0,0,0,0,0,0,169,2026-02-04 16:50:22.861778
ELEC-day3,0.0,0.0,0.0,,,0,0,0,0,0,0,169,2026-02-04 16:50:22.861778
ELEC-day4,0.0,0.0,0.0,,,0,0,0,0,0,0,169,2026-02-04 16:50:22.861778
ELEC-day5,0.0,0.0,0.0,,,0,0,0,0,0,0,169,2026-02-04 16:50:22.861778
ELEC-day6,0.0,0.0,0.0,,,0,0,0,0,0,0,169,2026-02-04 16:50:22.861778
ELEC-F,0.0,0.0,0.0,,,0,0,0,0,0,0,169,2026-02-04 16:50:22.861778
NG,2.17,2.15,2.19,800000.0,800000.0,0,0,0,0,0,0,170,2026-02-04 16:50:23.905116
ELEC-day2,0.0,0.0,0.0,,,0,0,0,0,0,0,170,2026-02-04 16:50:23.905116
ELEC-day3,0.0,0.0,0.0,,,0,0,0,0,0,0,170,2026-02-04 16:50:23.905116
ELEC-day4,0.0,0.0,0.0,,,0,0,0,0,0,0,170,2026-02-04 16:50:23.905116
ELEC-day5,0.0,0.0,0.0,,,0,0,0,0,0,0,170,2026-02-04 16:50:23.905116
ELEC-day6,0.0,0.0,0.0,,,0,0,0,0,0,0,170,2026-02-04 16:50:23.905116
ELEC-F,0.0,0.0,0.0,,,0,0,0,0,0,0,170,2026-02-04 16:50:23.905116
NG,2.17,2.15,2.19,800000.0,800000.0,0,0,0,0,0,0,171,2026-02-04 16:50:24.946001
ELEC-day2,0.0,0.0,0.0,,,0,0,0,0,0,0,171,2026-02-04 16:50:24.946001
ELEC-day3,0.0,0.0,0.0,,,0,0,0,0,0,0,171,2026-02-04 16:50:24.946001
ELEC-day4,0.0,0.0,0.0,,,0,0,0,0,0,0,171,2026-02-04 16:50:24.946001
ELEC-day5,0.0,0.0,0.0,,,0,0,0,0,0,0,171,2026-02-04 16:50:24.946001
ELEC-day6,0.0,0.0,0.0,,,0,0,0,0,0,0,171,2026-02-04 16:50:24.946001
ELEC-F,0.0,0.0,0.0,,,0,0,0,0,0,0,171,2026-02-04 16:50:24.946001
NG,2.18,2.16,2.2,800000.0,800000.0,0,0,0,0,0,0,172,2026-02-04 16:50:26.000774
ELEC-day2,0.0,0.0,0.0,,,0,0,0,0,0,0,172,2026-02-04 16:50:26.000774
ELEC-day3,0.0,0.0,0.0,,,0,0,0,0,0,0,172,2026-02-04 16:50:26.000774
ELEC-day4,0.0,0.0,0.0,,,0,0,0,0,0,0,172,2026-02-04 16:50:26.000774
ELEC-day5,0.0,0.0,0.0,,,0,0,0,0,0,0,172,2026-02-04 16:50:26.000774
ELEC-day6,0.0,0.0,0.0,,,0,0,0,0,0,0,172,2026-02-04 16:50:26.000774
ELEC-F,0.0,0.0,0.0,,,0,0,0,0,0,0,172,2026-02-04 16:50:26.000774
NG,2.18,2.16,2.2,800000.0,800000.0,0,0,0,0,0,0,173,2026-02-04 16:50:27.037473
ELEC-day2,0.0,0.0,0.0,,,0,0,0,0,0,0,173,2026-02-04 16:50:27.037473
ELEC-day3,0.0,0.0,0.0,,,0,0,0,0,0,0,173,2026-02-04 16:50:27.037473
ELEC-day4,0.0,0.0,0.0,,,0,0,0,0,0,0,173,2026-02-04 16:50:27.037473
ELEC-day5,0.0,0.0,0.0,,,0,0,0,0,0,0,173,2026-02-04 16:50:27.037473
ELEC-day6,0.0,0.0,0.0,,,0,0,0,0,0,0,173,2026-02-04 16:50:27.037473
ELEC-F,0.0,0.0,0.0,,,0,0,0,0,0,0,173,2026-02-04 16:50:27.037473
NG,2.18,2.16,2.2,800000.0,800000.0,0,0,0,0,0,0,174,2026-02-04 16:50:28.074514
ELEC-day2,0.0,0.0,0.0,,,0,0,0,0,0,0,174,2026-02-04 16:50:28.074514
ELEC-day3,0.0,0.0,0.0,,,0,0,0,0,0,0,174,2026-02-04 16:50:28.074514
ELEC-day4,0.0,0.0,0.0,,,0,0,0,0,0,0,174,2026-02-04 16:50:28.074514
ELEC-day5,0.0,0.0,0.0,,,0,0,0,0,0,0,174,2026-02-04 16:50:28.074514
ELEC-day6,0.0,0.0,0.0,,,0,0,0,0,0,0,174,2026-02-04 16:50:28.074514
ELEC-F,0.0,0.0,0.0,,,0,0,0,0,0,0,174,2026-02-04 16:50:28.074514
NG,2.17,2.15,2.19,800000.0,800000.0,0,0,0,0,0,0,175,2026-02-04 16:50:29.101818
ELEC-day2,0.0,0.0,0.0,,,0,0,0,0,0,0,175,2026-02-04 16:50:29.101818
ELEC-day3,0.0,0.0,0.0,,,0,0,0,0,0,0,175,2026-02-04 16:50:29.101818
ELEC-day4,0.0,0.0,0.0,,,0,0,0,0,0,0,175,2026-02-04 16:50:29.101818
ELEC-day5,0.0,0.0,0.0,,,0,0,0,0,0,0,175,2026-02-04 16:50:29.101818
ELEC-day6,0.0,0.0,0.0,,,0,0,0,0,0,0,175,2026-02-04 16:50:29.101818
ELEC-F,0.0,0.0,0.0,,,0,0,0,0,0,0,175,2026-02-04 16:50:29.101818
NG,2.19,2.17,2.21,800000.0,800000.0,0,0,0,0,0,0,176,2026-02-04 16:50:30.136850
ELEC-day2,0.0,0.0,0.0,,,0,0,0,0,0,0,176,2026-02-04 16:50:30.136850
ELEC-day3,0.0,0.0,0.0,,,0,0,0,0,0,0,176,2026-02-04 16:50:30.136850
ELEC-day4,0.0,0.0,0.0,,,0,0,0,0,0,0,176,2026-02-04 16:50:30.136850
ELEC-day5,0.0,0.0,0.0,,,0,0,0,0,0,0,176,2026-02-04 16:50:30.136850
ELEC-day6,0.0,0.0,0.0,,,0,0,0,0,0,0,176,2026-02-04 16:50:30.136850
ELEC-F,0.0,0.0,0.0,,,0,0,0,0,0,0,176,2026-02-04 16:50:30.136850
NG,2.19,2.17,2.21,800000.0,800000.0,0,0,0,0,0,0,177,2026-02-04 16:50:31.169356
ELEC-day2,0.0,0.0,0.0,,,0,0,0,0,0,0,177,2026-02-04 16:50:31.169356
ELEC-day3,0.0,0.0,0.0,,,0,0,0,0,0,0,177,2026-02-04 16:50:31.169356
ELEC-day4,0.0,0.0,0.0,,,0,0,0,0,0,0,177,2026-02-04 16:50:31.169356
ELEC-day5,0.0,0.0,0.0,,,0,0,0,0,0,0,177,2026-02-04 16:50:31.169356
ELEC-day6,0.0,0.0,0.0,,,0,0,0,0,0,0,177,2026-02-04 16:50:31.169356
ELEC-F,0.0,0.0,0.0,,,0,0,0,0,0,0,177,2026-02-04 16:50:31.169356
NG,2.2,2.18,2.22,800000.0,800000.0,0,0,0,0,0,0,178,2026-02-04 16:50:31.746154
ELEC-day2,0.0,0.0,0.0,,,0,0,0,0,0,0,178,2026-02-04 16:50:31.746154
ELEC-day3,0.0,0.0,0.0,,,0,0,0,0,0,0,178,2026-02-04 16:50:31.746154
ELEC-day4,0.0,0.0,0.0,,,0,0,0,0,0,0,178,2026-02-04 16:50:31.746154
ELEC-day5,0.0,0.0,0.0,,,0,0,0,0,0,0,178,2026-02-04 16:50:31.746154
ELEC-day6,0.0,0.0,0.0,,,0,0,0,0,0,0,178,2026-02-04 16:50:31.746154
ELEC-F,0.0,0.0,0.0,,,0,0,0,0,0,0,178,2026-02-04 16:50:31.746154
NG,2.19,2.17,2.21,800000.0,800000.0,0,0,0,0,0,0,179,2026-02-04 16:50:32.880119
ELEC-day2,0.0,0.0,0.0,,,0,0,0,0,0,0,179,2026-02-04 16:50:32.880119
ELEC-day3,0.0,0.0,0.0,,,0,0,0,0,0,0,179,2026-02-04 16:50:32.880119
ELEC-day4,0.0,0.0,0.0,,,0,0,0,0,0,0,179,2026-02-04 16:50:32.880119
ELEC-day5,0.0,0.0,0.0,,,0,0,0,0,0,0,179,2026-02-04 16:50:32.880119
ELEC-day6,0.0,0.0,0.0,,,0,0,0,0,0,0,179,2026-02-04 16:50:32.880119
ELEC-F,0.0,0.0,0.0,,,0,0,0,0,0,0,179,2026-02-04 16:50:32.880119
NG,2.19,2.17,2.21,800000.0,800000.0,0,0,0,0,0,0,180,2026-02-04 16:50:33.918889
ELEC-day2,0.0,0.0,0.0,,,0,0,0,0,0,0,180,2026-02-04 16:50:33.918889
ELEC-day3,0.0,0.0,0.0,,,0,0,0,0,0,0,180,2026-02-04 16:50:33.918889
ELEC-day4,0.0,0.0,0.0,,,0,0,0,0,0,0,180,2026-02-04 16:50:33.918889
ELEC-day5,0.0,0.0,0.0,,,0,0,0,0,0,0,180,2026-02-04 16:50:33.918889
ELEC-day6,0.0,0.0,0.0,,,0,0,0,0,0,0,180,2026-02-04 16:50:33.918889
ELEC-F,0.0,0.0,0.0,,,0,0,0,0,0,0,180,2026-02-04 16:50:33.918889
NG,2.2,2.18,2.22,800000.0,800000.0,0,0,0,0,0,0,0,2026-02-04 16:50:34.975346,8.0,1.0,180.0,,SPOT PRICE AND VOLUMES FOR DAY 2,The Regulatory Authority for Electricity board decided that on day 2 the following prices and volumes will be enforced:<br><br>326 contracts are available for market participants to buy at a price of $19.16<br><br>326 contracts are available for market participants to sell at a price of $19.15
ELEC-day2,0.0,0.0,0.0,,,0,0,0,0,0,0,0,2026-02-04 16:50:34.975346,,,,,,
ELEC-day3,0.0,0.0,0.0,,,0,0,0,0,0,0,0,2026-02-04 16:50:34.975346,,,,,,
ELEC-day4,0.0,0.0,0.0,,,0,0,0,0,0,0,0,2026-02-04 16:50:34.975346,,,,,,
ELEC-day5,0.0,0.0,0.0,,,0,0,0,0,0,0,0,2026-02-04 16:50:34.975346,,,,,,
ELEC-day6,0.0,0.0,0.0,,,0,0,0,0,0,0,0,2026-02-04 16:50:34.975346,,,,,,
ELEC-F,0.0,0.0,0.0,,,0,0,0,0,0,0,0,2026-02-04 16:50:34.975346,,,,,,
NG,2.19,2.17,2.21,800000.0,800000.0,0,0,0,0,0,0,1,2026-02-04 16:50:36.183391
ELEC-day2,0.0,19.15,19.16,326.0,326.0,0,0,0,0,0,0,1,2026-02-04 16:50:36.183391
ELEC-day3,0.0,0.0,0.0,,,0,0,0,0,0,0,1,2026-02-04 16:50:36.183391
ELEC-day4,0.0,0.0,0.0,,,0,0,0,0,0,0,1,2026-02-04 16:50:36.183391
ELEC-day5,0.0,0.0,0.0,,,0,0,0,0,0,0,1,2026-02-04 16:50:36.183391
ELEC-day6,0.0,0.0,0.0,,,0,0,0,0,0,0,1,2026-02-04 16:50:36.183391
ELEC-F,0.0,0.0,0.0,,,0,0,0,0,0,0,1,2026-02-04 16:50:36.183391
NG,2.19,2.17,2.21,800000.0,800000.0,0,0,0,0,0,0,2,2026-02-04 16:50:36.899831,9.0,2.0,1.0,,TEMPERATURE Forecast for DAY 3,The average temperature tomorrow is forecasted to be between 29 and 37 degrees Celsius.
ELEC-day2,0.0,19.15,19.16,326.0,326.0,0,0,0,0,0,0,2,2026-02-04 16:50:36.899831,,,,,,
ELEC-day3,0.0,0.0,0.0,,,0,0,0,0,0,0,2,2026-02-04 16:50:36.899831,,,,,,
ELEC-day4,0.0,0.0,0.0,,,0,0,0,0,0,0,2,2026-02-04 16:50:36.899831,,,,,,
ELEC-day5,0.0,0.0,0.0,,,0,0,0,0,0,0,2,2026-02-04 16:50:36.899831,,,,,,
ELEC-day6,0.0,0.0,0.0,,,0,0,0,0,0,0,2,2026-02-04 16:50:36.899831,,,,,,
ELEC-F,0.0,0.0,0.0,,,0,0,0,0,0,0,2,2026-02-04 16:50:36.899831,,,,,,
NG,2.19,2.17,2.21,800000.0,800000.0,0,0,0,0,0,0,3,2026-02-04 16:50:38.031391
ELEC-day2,0.0,19.15,19.16,326.0,326.0,0,0,0,0,0,0,3,2026-02-04 16:50:38.031391
ELEC-day3,0.0,0.0,0.0,,,0,0,0,0,0,0,3,2026-02-04 16:50:38.031391
ELEC-day4,0.0,0.0,0.0,,,0,0,0,0,0,0,3,2026-02-04 16:50:38.031391
ELEC-day5,0.0,0.0,0.0,,,0,0,0,0,0,0,3,2026-02-04 16:50:38.031391
ELEC-day6,0.0,0.0,0.0,,,0,0,0,0,0,0,3,2026-02-04 16:50:38.031391
ELEC-F,0.0,0.0,0.0,,,0,0,0,0,0,0,3,2026-02-04 16:50:38.031391
NG,2.19,2.17,2.21,800000.0,800000.0,0,0,0,0,0,0,4,2026-02-04 16:50:39.077949
ELEC-day2,0.0,19.15,19.16,326.0,326.0,0,0,0,0,0,0,4,2026-02-04 16:50:39.077949
ELEC-day3,0.0,0.0,0.0,,,0,0,0,0,0,0,4,2026-02-04 16:50:39.077949
ELEC-day4,0.0,0.0,0.0,,,0,0,0,0,0,0,4,2026-02-04 16:50:39.077949
ELEC-day5,0.0,0.0,0.0,,,0,0,0,0,0,0,4,2026-02-04 16:50:39.077949
ELEC-day6,0.0,0.0,0.0,,,0,0,0,0,0,0,4,2026-02-04 16:50:39.077949
ELEC-F,0.0,0.0,0.0,,,0,0,0,0,0,0,4,2026-02-04 16:50:39.077949
NG,2.19,2.17,2.21,800000.0,800000.0,0,0,0,0,0,0,5,2026-02-04 16:50:40.122439
ELEC-day2,0.0,19.15,19.16,326.0,326.0,0,0,0,0,0,0,5,2026-02-04 16:50:40.122439
ELEC-day3,0.0,0.0,0.0,,,0,0,0,0,0,0,5,2026-02-04 16:50:40.122439
ELEC-day4,0.0,0.0,0.0,,,0,0,0,0,0,0,5,2026-02-04 16:50:40.122439
ELEC-day5,0.0,0.0,0.0,,,0,0,0,0,0,0,5,2026-02-04 16:50:40.122439
ELEC-day6,0.0,0.0,0.0,,,0,0,0,0,0,0,5,2026-02-04 16:50:40.122439
ELEC-F,0.0,0.0,0.0,,,0,0,0,0,0,0,5,2026-02-04 16:50:40.122439
NG,2.18,2.16,2.2,800000.0,800000.0,0,0,0,0,0,0,6,2026-02-04 16:50:41.161272
ELEC-day2,0.0,19.15,19.16,326.0,326.0,0,0,0,0,0,0,6,2026-02-04 16:50:41.161272
ELEC-day3,0.0,0.0,0.0,,,0,0,0,0,0,0,6,2026-02-04 16:50:41.161272
ELEC-day4,0.0,0.0,0.0,,,0,0,0,0,0,0,6,2026-02-04 16:50:41.161272
ELEC-day5,0.0,0.0,0.0,,,0,0,0,0,0,0,6,2026-02-04 16:50:41.161272
ELEC-day6,0.0,0.0,0.0,,,0,0,0,0,0,0,6,2026-02-04 16:50:41.161272
ELEC-F,0.0,0.0,0.0,,,0,0,0,0,0,0,6,2026-02-04 16:50:41.161272
NG,2.18,2.16,2.2,800000.0,800000.0,0,0,0,0,0,0,7,2026-02-04 16:50:42.196415
ELEC-day2,0.0,19.15,19.16,326.0,326.0,0,0,0,0,0,0,7,2026-02-04 16:50:42.196415
ELEC-day3,0.0,0.0,0.0,,,0,0,0,0,0,0,7,2026-02-04 16:50:42.196415
ELEC-day4,0.0,0.0,0.0,,,0,0,0,0,0,0,7,2026-02-04 16:50:42.196415
ELEC-day5,0.0,0.0,0.0,,,0,0,0,0,0,0,7,2026-02-04 16:50:42.196415
ELEC-day6,0.0,0.0,0.0,,,0,0,0,0,0,0,7,2026-02-04 16:50:42.196415
ELEC-F,0.0,0.0,0.0,,,0,0,0,0,0,0,7,2026-02-04 16:50:42.196415
NG,2.19,2.17,2.21,800000.0,800000.0,0,0,0,0,0,0,8,2026-02-04 16:50:43.240553
ELEC-day2,0.0,19.15,19.16,326.0,326.0,0,0,0,0,0,0,8,2026-02-04 16:50:43.240553
ELEC-day3,0.0,0.0,0.0,,,0,0,0,0,0,0,8,2026-02-04 16:50:43.240553
ELEC-day4,0.0,0.0,0.0,,,0,0,0,0,0,0,8,2026-02-04 16:50:43.240553
ELEC-day5,0.0,0.0,0.0,,,0,0,0,0,0,0,8,2026-02-04 16:50:43.240553
ELEC-day6,0.0,0.0,0.0,,,0,0,0,0,0,0,8,2026-02-04 16:50:43.240553
ELEC-F,0.0,0.0,0.0,,,0,0,0,0,0,0,8,2026-02-04 16:50:43.240553
NG,2.19,2.17,2.21,800000.0,800000.0,0,0,0,0,0,0,9,2026-02-04 16:50:44.291444
ELEC-day2,0.0,19.15,19.16,326.0,326.0,0,0,0,0,0,0,9,2026-02-04 16:50:44.291444
ELEC-day3,0.0,0.0,0.0,,,0,0,0,0,0,0,9,2026-02-04 16:50:44.291444
ELEC-day4,0.0,0.0,0.0,,,0,0,0,0,0,0,9,2026-02-04 16:50:44.291444
ELEC-day5,0.0,0.0,0.0,,,0,0,0,0,0,0,9,2026-02-04 16:50:44.291444
ELEC-day6,0.0,0.0,0.0,,,0,0,0,0,0,0,9,2026-02-04 16:50:44.291444
ELEC-F,0.0,0.0,0.0,,,0,0,0,0,0,0,9,2026-02-04 16:50:44.291444
NG,2.19,2.17,2.21,800000.0,800000.0,0,0,0,0,0,0,10,2026-02-04 16:50:45.334612
ELEC-day2,0.0,19.15,19.16,326.0,326.0,0,0,0,0,0,0,10,2026-02-04 16:50:45.334612
ELEC-day3,0.0,0.0,0.0,,,0,0,0,0,0,0,10,2026-02-04 16:50:45.334612
ELEC-day4,0.0,0.0,0.0,,,0,0,0,0,0,0,10,2026-02-04 16:50:45.334612
ELEC-day5,0.0,0.0,0.0,,,0,0,0,0,0,0,10,2026-02-04 16:50:45.334612
ELEC-day6,0.0,0.0,0.0,,,0,0,0,0,0,0,10,2026-02-04 16:50:45.334612
ELEC-F,0.0,0.0,0.0,,,0,0,0,0,0,0,10,2026-02-04 16:50:45.334612
NG,2.19,2.17,2.21,800000.0,800000.0,0,0,0,0,0,0,11,2026-02-04 16:50:45.951813
ELEC-day2,0.0,19.15,19.16,326.0,326.0,0,0,0,0,0,0,11,2026-02-04 16:50:45.951813
ELEC-day3,0.0,0.0,0.0,,,0,0,0,0,0,0,11,2026-02-04 16:50:45.951813
ELEC-day4,0.0,0.0,0.0,,,0,0,0,0,0,0,11,2026-02-04 16:50:45.951813
ELEC-day5,0.0,0.0,0.0,,,0,0,0,0,0,0,11,2026-02-04 16:50:45.951813
ELEC-day6,0.0,0.0,0.0,,,0,0,0,0,0,0,11,2026-02-04 16:50:45.951813
ELEC-F,0.0,0.0,0.0,,,0,0,0,0,0,0,11,2026-02-04 16:50:45.951813
NG,2.2,2.18,2.22,800000.0,800000.0,0,0,0,0,0,0,12,2026-02-04 16:50:47.061023
ELEC-day2,0.0,19.15,19.16,326.0,326.0,0,0,0,0,0,0,12,2026-02-04 16:50:47.061023
ELEC-day3,0.0,0.0,0.0,,,0,0,0,0,0,0,12,2026-02-04 16:50:47.061023
ELEC-day4,0.0,0.0,0.0,,,0,0,0,0,0,0,12,2026-02-04 16:50:47.061023
ELEC-day5,0.0,0.0,0.0,,,0,0,0,0,0,0,12,2026-02-04 16:50:47.061023
ELEC-day6,0.0,0.0,0.0,,,0,0,0,0,0,0,12,2026-02-04 16:50:47.061023
ELEC-F,0.0,0.0,0.0,,,0,0,0,0,0,0,12,2026-02-04 16:50:47.061023
NG,2.19,2.17,2.21,800000.0,800000.0,0,0,0,0,0,0,13,2026-02-04 16:50:48.094178
ELEC-day2,0.0,19.15,19.16,326.0,326.0,0,0,0,0,0,0,13,2026-02-04 16:50:48.094178
ELEC-day3,0.0,0.0,0.0,,,0,0,0,0,0,0,13,2026-02-04 16:50:48.094178
ELEC-day4,0.0,0.0,0.0,,,0,0,0,0,0,0,13,2026-02-04 16:50:48.094178
ELEC-day5,0.0,0.0,0.0,,,0,0,0,0,0,0,13,2026-02-04 16:50:48.094178
ELEC-day6,0.0,0.0,0.0,,,0,0,0,0,0,0,13,2026-02-04 16:50:48.094178
ELEC-F,0.0,0.0,0.0,,,0,0,0,0,0,0,13,2026-02-04 16:50:48.094178
NG,2.19,2.17,2.21,800000.0,800000.0,0,0,0,0,0,0,14,2026-02-04 16:50:49.132109
ELEC-day2,0.0,19.15,19.16,326.0,326.0,0,0,0,0,0,0,14,2026-02-04 16:50:49.132109
ELEC-day3,0.0,0.0,0.0,,,0,0,0,0,0,0,14,2026-02-04 16:50:49.132109
ELEC-day4,0.0,0.0,0.0,,,0,0,0,0,0,0,14,2026-02-04 16:50:49.132109
ELEC-day5,0.0,0.0,0.0,,,0,0,0,0,0,0,14,2026-02-04 16:50:49.132109
ELEC-day6,0.0,0.0,0.0,,,0,0,0,0,0,0,14,2026-02-04 16:50:49.132109
ELEC-F,0.0,0.0,0.0,,,0,0,0,0,0,0,14,2026-02-04 16:50:49.132109
NG,2.2,2.18,2.22,800000.0,800000.0,0,0,0,0,0,0,15,2026-02-04 16:50:50.172343
ELEC-day2,0.0,19.15,19.16,326.0,326.0,0,0,0,0,0,0,15,2026-02-04 16:50:50.172343
ELEC-day3,0.0,0.0,0.0,,,0,0,0,0,0,0,15,2026-02-04 16:50:50.172343
ELEC-day4,0.0,0.0,0.0,,,0,0,0,0,0,0,15,2026-02-04 16:50:50.172343
ELEC-day5,0.0,0.0,0.0,,,0,0,0,0,0,0,15,2026-02-04 16:50:50.172343
ELEC-day6,0.0,0.0,0.0,,,0,0,0,0,0,0,15,2026-02-04 16:50:50.172343
ELEC-F,0.0,0.0,0.0,,,0,0,0,0,0,0,15,2026-02-04 16:50:50.172343
NG,2.19,2.17,2.21,800000.0,800000.0,0,0,0,0,0,0,16,2026-02-04 16:50:51.222786
ELEC-day2,0.0,19.15,19.16,326.0,326.0,0,0,0,0,0,0,16,2026-02-04 16:50:51.222786
ELEC-day3,0.0,0.0,0.0,,,0,0,0,0,0,0,16,2026-02-04 16:50:51.222786
ELEC-day4,0.0,0.0,0.0,,,0,0,0,0,0,0,16,2026-02-04 16:50:51.222786
ELEC-day5,0.0,0.0,0.0,,,0,0,0,0,0,0,16,2026-02-04 16:50:51.222786
ELEC-day6,0.0,0.0,0.0,,,0,0,0,0,0,0,16,2026-02-04 16:50:51.222786
ELEC-F,0.0,0.0,0.0,,,0,0,0,0,0,0,16,2026-02-04 16:50:51.222786
NG,2.19,2.17,2.21,800000.0,800000.0,0,0,0,0,0,0,17,2026-02-04 16:50:52.267482
ELEC-day2,0.0,19.15,19.16,326.0,326.0,0,0,0,0,0,0,17,2026-02-04 16:50:52.267482
ELEC-day3,0.0,0.0,0.0,,,0,0,0,0,0,0,17,2026-02-04 16:50:52.267482
ELEC-day4,0.0,0.0,0.0,,,0,0,0,0,0,0,17,2026-02-04 16:50:52.267482
ELEC-day5,0.0,0.0,0.0,,,0,0,0,0,0,0,17,2026-02-04 16:50:52.267482
ELEC-day6,0.0,0.0,0.0,,,0,0,0,0,0,0,17,2026-02-04 16:50:52.267482
ELEC-F,0.0,0.0,0.0,,,0,0,0,0,0,0,17,2026-02-04 16:50:52.267482
NG,2.2,2.18,2.22,800000.0,800000.0,0,0,0,0,0,0,18,2026-02-04 16:50:53.309468
ELEC-day2,0.0,19.15,19.16,326.0,326.0,0,0,0,0,0,0,18,2026-02-04 16:50:53.309468
ELEC-day3,0.0,0.0,0.0,,,0,0,0,0,0,0,18,2026-02-04 16:50:53.309468
ELEC-day4,0.0,0.0,0.0,,,0,0,0,0,0,0,18,2026-02-04 16:50:53.309468
ELEC-day5,0.0,0.0,0.0,,,0,0,0,0,0,0,18,2026-02-04 16:50:53.309468
ELEC-day6,0.0,0.0,0.0,,,0,0,0,0,0,0,18,2026-02-04 16:50:53.309468
ELEC-F,0.0,0.0,0.0,,,0,0,0,0,0,0,18,2026-02-04 16:50:53.309468
NG,2.2,2.18,2.22,800000.0,800000.0,0,0,0,0,0,0,19,2026-02-04 16:50:54.353775
ELEC-day2,0.0,19.15,19.16,326.0,326.0,0,0,0,0,0,0,19,2026-02-04 16:50:54.353775
ELEC-day3,0.0,0.0,0.0,,,0,0,0,0,0,0,19,2026-02-04 16:50:54.353775
ELEC-day4,0.0,0.0,0.0,,,0,0,0,0,0,0,19,2026-02-04 16:50:54.353775
ELEC-day5,0.0,0.0,0.0,,,0,0,0,0,0,0,19,2026-02-04 16:50:54.353775
ELEC-day6,0.0,0.0,0.0,,,0,0,0,0,0,0,19,2026-02-04 16:50:54.353775
ELEC-F,0.0,0.0,0.0,,,0,0,0,0,0,0,19,2026-02-04 16:50:54.353775
NG,2.2,2.18,2.22,800000.0,800000.0,0,0,0,0,0,0,20,2026-02-04 16:50:55.487603
ELEC-day2,0.0,19.15,19.16,326.0,326.0,0,0,0,0,0,0,20,2026-02-04 16:50:55.487603
ELEC-day3,0.0,0.0,0.0,,,0,0,0,0,0,0,20,2026-02-04 16:50:55.487603
ELEC-day4,0.0,0.0,0.0,,,0,0,0,0,0,0,20,2026-02-04 16:50:55.487603
ELEC-day5,0.0,0.0,0.0,,,0,0,0,0,0,0,20,2026-02-04 16:50:55.487603
ELEC-day6,0.0,0.0,0.0,,,0,0,0,0,0,0,20,2026-02-04 16:50:55.487603
ELEC-F,0.0,0.0,0.0,,,0,0,0,0,0,0,20,2026-02-04 16:50:55.487603
NG,2.2,2.18,2.22,800000.0,800000.0,0,0,0,0,0,0,21,2026-02-04 16:50:56.085850
ELEC-day2,0.0,19.15,19.16,326.0,326.0,0,0,0,0,0,0,21,2026-02-04 16:50:56.085850
ELEC-day3,0.0,0.0,0.0,,,0,0,0,0,0,0,21,2026-02-04 16:50:56.085850
ELEC-day4,0.0,0.0,0.0,,,0,0,0,0,0,0,21,2026-02-04 16:50:56.085850
ELEC-day5,0.0,0.0,0.0,,,0,0,0,0,0,0,21,2026-02-04 16:50:56.085850
ELEC-day6,0.0,0.0,0.0,,,0,0,0,0,0,0,21,2026-02-04 16:50:56.085850
ELEC-F,0.0,0.0,0.0,,,0,0,0,0,0,0,21,2026-02-04 16:50:56.085850
NG,2.2,2.18,2.22,800000.0,800000.0,0,0,0,0,0,0,22,2026-02-04 16:50:57.235047
ELEC-day2,0.0,19.15,19.16,326.0,326.0,0,0,0,0,0,0,22,2026-02-04 16:50:57.235047
ELEC-day3,0.0,0.0,0.0,,,0,0,0,0,0,0,22,2026-02-04 16:50:57.235047
ELEC-day4,0.0,0.0,0.0,,,0,0,0,0,0,0,22,2026-02-04 16:50:57.235047
ELEC-day5,0.0,0.0,0.0,,,0,0,0,0,0,0,22,2026-02-04 16:50:57.235047
ELEC-day6,0.0,0.0,0.0,,,0,0,0,0,0,0,22,2026-02-04 16:50:57.235047
ELEC-F,0.0,0.0,0.0,,,0,0,0,0,0,0,22,2026-02-04 16:50:57.235047
NG,2.19,2.17,2.21,800000.0,800000.0,0,0,0,0,0,0,23,2026-02-04 16:50:58.274666
ELEC-day2,0.0,19.15,19.16,326.0,326.0,0,0,0,0,0,0,23,2026-02-04 16:50:58.274666
ELEC-day3,0.0,0.0,0.0,,,0,0,0,0,0,0,23,2026-02-04 16:50:58.274666
ELEC-day4,0.0,0.0,0.0,,,0,0,0,0,0,0,23,2026-02-04 16:50:58.274666
ELEC-day5,0.0,0.0,0.0,,,0,0,0,0,0,0,23,2026-02-04 16:50:58.274666
ELEC-day6,0.0,0.0,0.0,,,0,0,0,0,0,0,23,2026-02-04 16:50:58.274666
ELEC-F,0.0,0.0,0.0,,,0,0,0,0,0,0,23,2026-02-04 16:50:58.274666
NG,2.2,2.18,2.22,800000.0,800000.0,0,0,0,0,0,0,24,2026-02-04 16:50:59.327498
ELEC-day2,0.0,19.15,19.16,326.0,326.0,0,0,0,0,0,0,24,2026-02-04 16:50:59.327498
ELEC-day3,0.0,0.0,0.0,,,0,0,0,0,0,0,24,2026-02-04 16:50:59.327498
ELEC-day4,0.0,0.0,0.0,,,0,0,0,0,0,0,24,2026-02-04 16:50:59.327498
ELEC-day5,0.0,0.0,0.0,,,0,0,0,0,0,0,24,2026-02-04 16:50:59.327498
ELEC-day6,0.0,0.0,0.0,,,0,0,0,0,0,0,24,2026-02-04 16:50:59.327498
ELEC-F,0.0,0.0,0.0,,,0,0,0,0,0,0,24,2026-02-04 16:50:59.327498
NG,2.2,2.18,2.22,800000.0,800000.0,0,0,0,0,0,0,25,2026-02-04 16:51:00.369243
ELEC-day2,0.0,19.15,19.16,326.0,326.0,0,0,0,0,0,0,25,2026-02-04 16:51:00.369243
ELEC-day3,0.0,0.0,0.0,,,0,0,0,0,0,0,25,2026-02-04 16:51:00.369243
ELEC-day4,0.0,0.0,0.0,,,0,0,0,0,0,0,25,2026-02-04 16:51:00.369243
