ticker,last_price,bid_price,ask_price,SELL_LETH-T2,SELL_LETH-T1,SELL_LETH-D,SELL_UOTB-T1,SELL_BABS-T1,SELL_LETH-P,SELL_BABS-P,SELL_UOTB-D,BUY_ANON,BUY_LETH-D,SELL_ANON,BUY_UOTB-P,BUY_UOTB-D,SELL_UOTB-P,BUY_LETH-P,tick,timestamp
NG,0.0,0.0,0.0,0,0,0,0,0,0,0,0,0,0,0,0,0,0,0,0,2026-02-04 17:53:52.893372
ELEC-day2,0.0,0.0,0.0,0,0,0,0,0,0,0,0,0,0,0,0,0,0,0,0,2026-02-04 17:53:52.893372
ELEC-day3,0.0,0.0,0.0,0,0,0,0,0,0,0,0,0,0,0,0,0,0,0,0,2026-02-04 17:53:52.893372
ELEC-day4,0.0,0.0,0.0,0,0,0,0,0,0,0,0,0,0,0,0,0,0,0,0,2026-02-04 17:53:52.893372
ELEC-day5,0.0,0.0,0.0,0,0,0,0,0,0,0,0,0,0,0,0,0,0,0,0,2026-02-04 17:53:52.893372
ELEC-day6,0.0,0.0,0.0,0,0,0,0,0,0,0,0,0,0,0,0,0,0,0,0,2026-02-04 17:53:52.893372
ELEC-F,0.0,0.0,0.0,0,0,0,0,0,0,0,0,0,0,0,0,0,0,0,0,2026-02-04 17:53:52.893372
NG,2.2,2.18,2.22,800000.0,800000.0,0,0,0,0,0,0,0,0,0,0,0,0,0,1,2026-02-04 17:53:53.705293,3.0,1.0,1.0,,You are logged in as a DISTRIBUTOR,
ELEC-day2,0.0,0.0,0.0,,,0,0,0,0,0,0,0,0,0,0,0,0,0,1,2026-02-04 17:53:53.705293,2.0,1.0,1.0,,FINES,"The fine for open positions of ELEC-dayX at the end of the day is $20,000/contract."
ELEC-day3,0.0,0.0,0.0,,,0,0,0,0,0,0,0,0,0,0,0,0,0,1,2026-02-04 17:53:53.705293,1.0,1.0,1.0,,Welcome to the RITC2026 GBE Energy Electricity Trading Case - practice server,
ELEC-day4,0.0,0.0,0.0,,,0,0,0,0,0,0,0,0,0,0,0,0,0,1,2026-02-04 17:53:53.705293,,,,,,
ELEC-day5,0.0,0.0,0.0,,,0,0,0,0,0,0,0,0,0,0,0,0,0,1,2026-02-04 17:53:53.705293,,,,,,
ELEC-day6,0.0,0.0,0.0,,,0,0,0,0,0,0,0,0,0,0,0,0,0,1,2026-02-04 17:53:53.705293,,,,,,
ELEC-F,0.0,0.0,0.0,,,0,0,0,0,0,0,0,0,0,0,0,0,0,1,2026-02-04 17:53:53.705293,,,,,,
NG,2.19,2.17,2.21,800000.0,800000.0,0,0,0,0,0,0,0,0,0,0,0,0,0,2,2026-02-04 17:53:54.233899,4.0,1.0,1.0,,TEMPERATURE Forecast for DAY 2,The average temperature tomorrow is forecasted to be between 27 and 34 degrees Celsius.
ELEC-day2,0.0,0.0,0.0,,,0,0,0,0,0,0,0,0,0,0,0,0,0,2,2026-02-04 17:53:54.233899,,,,,,
ELEC-day3,0.0,0.0,0.0,,,0,0,0,0,0,0,0,0,0,0,0,0,0,2,2026-02-04 17:53:54.233899,,,,,,
ELEC-day4,0.0,0.0,0.0,,,0,0,0,0,0,0,0,0,0,0,0,0,0,2,2026-02-04 17:53:54.233899,,,,,,
ELEC-day5,0.0,0.0,0.0,,,0,0,0,0,0,0,0,0,0,0,0,0,0,2,2026-02-04 17:53:54.233899,,,,,,
ELEC-day6,0.0,0.0,0.0,,,0,0,0,0,0,0,0,0,0,0,0,0,0,2,2026-02-04 17:53:54.233899,,,,,,
ELEC-F,0.0,0.0,0.0,,,0,0,0,0,0,0,0,0,0,0,0,0,0,2,2026-02-04 17:53:54.233899,,,,,,
NG,2.2,2.18,2.22,800000.0,800000.0,0,0,0,0,0,0,0,0,0,0,0,0,0,3,2026-02-04 17:53:55.270036
ELEC-day2,0.0,0.0,0.0,,,0,0,0,0,0,0,0,0,0,0,0,0,0,3,2026-02-04 17:53:55.270036
ELEC-day3,0.0,0.0,0.0,,,0,0,0,0,0,0,0,0,0,0,0,0,0,3,2026-02-04 17:53:55.270036
ELEC-day4,0.0,0.0,0.0,,,0,0,0,0,0,0,0,0,0,0,0,0,0,3,2026-02-04 17:53:55.270036
ELEC-day5,0.0,0.0,0.0,,,0,0,0,0,0,0,0,0,0,0,0,0,0,3,2026-02-04 17:53:55.270036
ELEC-day6,0.0,0.0,0.0,,,0,0,0,0,0,0,0,0,0,0,0,0,0,3,2026-02-04 17:53:55.270036
ELEC-F,0.0,0.0,0.0,,,0,0,0,0,0,0,0,0,0,0,0,0,0,3,2026-02-04 17:53:55.270036
NG,2.21,2.19,2.23,800000.0,800000.0,0,0,0,0,0,0,0,0,0,0,0,0,0,4,2026-02-04 17:53:56.325542
ELEC-day2,0.0,0.0,0.0,,,0,0,0,0,0,0,0,0,0,0,0,0,0,4,2026-02-04 17:53:56.325542
ELEC-day3,0.0,0.0,0.0,,,0,0,0,0,0,0,0,0,0,0,0,0,0,4,2026-02-04 17:53:56.325542
ELEC-day4,0.0,0.0,0.0,,,0,0,0,0,0,0,0,0,0,0,0,0,0,4,2026-02-04 17:53:56.325542
ELEC-day5,0.0,0.0,0.0,,,0,0,0,0,0,0,0,0,0,0,0,0,0,4,2026-02-04 17:53:56.325542
ELEC-day6,0.0,0.0,0.0,,,0,0,0,0,0,0,0,0,0,0,0,0,0,4,2026-02-04 17:53:56.325542
ELEC-F,0.0,0.0,0.0,,,0,0,0,0,0,0,0,0,0,0,0,0,0,4,2026-02-04 17:53:56.325542
NG,2.21,2.19,2.23,800000.0,800000.0,0,0,0,0,0,0,0,0,0,0,0,0,0,5,2026-02-04 17:53:57.426655
ELEC-day2,0.0,0.0,0.0,,,0,0,0,0,0,0,0,0,0,0,0,0,0,5,2026-02-04 17:53:57.426655
ELEC-day3,0.0,0.0,0.0,,,0,0,0,0,0,0,0,0,0,0,0,0,0,5,2026-02-04 17:53:57.426655
ELEC-day4,0.0,0.0,0.0,,,0,0,0,0,0,0,0,0,0,0,0,0,0,5,2026-02-04 17:53:57.426655
ELEC-day5,0.0,0.0,0.0,,,0,0,0,0,0,0,0,0,0,0,0,0,0,5,2026-02-04 17:53:57.426655
ELEC-day6,0.0,0.0,0.0,,,0,0,0,0,0,0,0,0,0,0,0,0,0,5,2026-02-04 17:53:57.426655
ELEC-F,0.0,0.0,0.0,,,0,0,0,0,0,0,0,0,0,0,0,0,0,5,2026-02-04 17:53:57.426655
NG,2.21,2.19,2.23,800000.0,800000.0,0,0,0,0,0,0,0,0,0,0,0,0,0,6,2026-02-04 17:53:58.021996
ELEC-day2,0.0,0.0,0.0,,,0,0,0,0,0,0,0,0,0,0,0,0,0,6,2026-02-04 17:53:58.021996
ELEC-day3,0.0,0.0,0.0,,,0,0,0,0,0,0,0,0,0,0,0,0,0,6,2026-02-04 17:53:58.021996
ELEC-day4,0.0,0.0,0.0,,,0,0,0,0,0,0,0,0,0,0,0,0,0,6,2026-02-04 17:53:58.021996
ELEC-day5,0.0,0.0,0.0,,,0,0,0,0,0,0,0,0,0,0,0,0,0,6,2026-02-04 17:53:58.021996
ELEC-day6,0.0,0.0,0.0,,,0,0,0,0,0,0,0,0,0,0,0,0,0,6,2026-02-04 17:53:58.021996
ELEC-F,0.0,0.0,0.0,,,0,0,0,0,0,0,0,0,0,0,0,0,0,6,2026-02-04 17:53:58.021996
NG,2.21,2.19,2.23,800000.0,800000.0,0,0,0,0,0,0,0,0,0,0,0,0,0,7,2026-02-04 17:53:59.146271
ELEC-day2,0.0,0.0,0.0,,,0,0,0,0,0,0,0,0,0,0,0,0,0,7,2026-02-04 17:53:59.146271
ELEC-day3,0.0,0.0,0.0,,,0,0,0,0,0,0,0,0,0,0,0,0,0,7,2026-02-04 17:53:59.146271
ELEC-day4,0.0,0.0,0.0,,,0,0,0,0,0,0,0,0,0,0,0,0,0,7,2026-02-04 17:53:59.146271
ELEC-day5,0.0,0.0,0.0,,,0,0,0,0,0,0,0,0,0,0,0,0,0,7,2026-02-04 17:53:59.146271
ELEC-day6,0.0,0.0,0.0,,,0,0,0,0,0,0,0,0,0,0,0,0,0,7,2026-02-04 17:53:59.146271
ELEC-F,0.0,0.0,0.0,,,0,0,0,0,0,0,0,0,0,0,0,0,0,7,2026-02-04 17:53:59.146271
NG,2.19,2.17,2.21,800000.0,800000.0,0,0,0,0,0,0,0,0,0,0,0,0,0,8,2026-02-04 17:54:00.212985
ELEC-day2,0.0,0.0,0.0,,,0,0,0,0,0,0,0,0,0,0,0,0,0,8,2026-02-04 17:54:00.212985
ELEC-day3,0.0,0.0,0.0,,,0,0,0,0,0,0,0,0,0,0,0,0,0,8,2026-02-04 17:54:00.212985
ELEC-day4,0.0,0.0,0.0,,,0,0,0,0,0,0,0,0,0,0,0,0,0,8,2026-02-04 17:54:00.212985
ELEC-day5,0.0,0.0,0.0,,,0,0,0,0,0,0,0,0,0,0,0,0,0,8,2026-02-04 17:54:00.212985
ELEC-day6,0.0,0.0,0.0,,,0,0,0,0,0,0,0,0,0,0,0,0,0,8,2026-02-04 17:54:00.212985
ELEC-F,0.0,0.0,0.0,,,0,0,0,0,0,0,0,0,0,0,0,0,0,8,2026-02-04 17:54:00.212985
NG,2.2,2.18,2.22,800000.0,800000.0,0,0,0,0,0,0,0,0,0,0,0,0,0,9,2026-02-04 17:54:01.259354
ELEC-day2,0.0,0.0,0.0,,,0,0,0,0,0,0,0,0,0,0,0,0,0,9,2026-02-04 17:54:01.259354
ELEC-day3,0.0,0.0,0.0,,,0,0,0,0,0,0,0,0,0,0,0,0,0,9,2026-02-04 17:54:01.259354
ELEC-day4,0.0,0.0,0.0,,,0,0,0,0,0,0,0,0,0,0,0,0,0,9,2026-02-04 17:54:01.259354
ELEC-day5,0.0,0.0,0.0,,,0,0,0,0,0,0,0,0,0,0,0,0,0,9,2026-02-04 17:54:01.259354
ELEC-day6,0.0,0.0,0.0,,,0,0,0,0,0,0,0,0,0,0,0,0,0,9,2026-02-04 17:54:01.259354
ELEC-F,0.0,0.0,0.0,,,0,0,0,0,0,0,0,0,0,0,0,0,0,9,2026-02-04 17:54:01.259354
NG,2.2,2.18,2.22,800000.0,800000.0,0,0,0,0,0,0,0,0,0,0,0,0,0,10,2026-02-04 17:54:02.309045
ELEC-day2,0.0,0.0,0.0,,,0,0,0,0,0,0,0,0,0,0,0,0,0,10,2026-02-04 17:54:02.309045
ELEC-day3,0.0,0.0,0.0,,,0,0,0,0,0,0,0,0,0,0,0,0,0,10,2026-02-04 17:54:02.309045
ELEC-day4,0.0,0.0,0.0,,,0,0,0,0,0,0,0,0,0,0,0,0,0,10,2026-02-04 17:54:02.309045
ELEC-day5,0.0,0.0,0.0,,,0,0,0,0,0,0,0,0,0,0,0,0,0,10,2026-02-04 17:54:02.309045
ELEC-day6,0.0,0.0,0.0,,,0,0,0,0,0,0,0,0,0,0,0,0,0,10,2026-02-04 17:54:02.309045
ELEC-F,0.0,0.0,0.0,,,0,0,0,0,0,0,0,0,0,0,0,0,0,10,2026-02-04 17:54:02.309045
NG,2.2,2.18,2.22,800000.0,800000.0,0,0,0,0,0,0,0,0,0,0,0,0,0,11,2026-02-04 17:54:03.355994
ELEC-day2,0.0,0.0,0.0,,,0,0,0,0,0,0,0,0,0,0,0,0,0,11,2026-02-04 17:54:03.355994
ELEC-day3,0.0,0.0,0.0,,,0,0,0,0,0,0,0,0,0,0,0,0,0,11,2026-02-04 17:54:03.355994
ELEC-day4,0.0,0.0,0.0,,,0,0,0,0,0,0,0,0,0,0,0,0,0,11,2026-02-04 17:54:03.355994
ELEC-day5,0.0,0.0,0.0,,,0,0,0,0,0,0,0,0,0,0,0,0,0,11,2026-02-04 17:54:03.355994
ELEC-day6,0.0,0.0,0.0,,,0,0,0,0,0,0,0,0,0,0,0,0,0,11,2026-02-04 17:54:03.355994
ELEC-F,0.0,0.0,0.0,,,0,0,0,0,0,0,0,0,0,0,0,0,0,11,2026-02-04 17:54:03.355994
NG,2.21,2.19,2.23,800000.0,800000.0,0,0,0,0,0,0,0,0,0,0,0,0,0,12,2026-02-04 17:54:04.396066
ELEC-day2,0.0,0.0,0.0,,,0,0,0,0,0,0,0,0,0,0,0,0,0,12,2026-02-04 17:54:04.396066
ELEC-day3,0.0,0.0,0.0,,,0,0,0,0,0,0,0,0,0,0,0,0,0,12,2026-02-04 17:54:04.396066
ELEC-day4,0.0,0.0,0.0,,,0,0,0,0,0,0,0,0,0,0,0,0,0,12,2026-02-04 17:54:04.396066
ELEC-day5,0.0,0.0,0.0,,,0,0,0,0,0,0,0,0,0,0,0,0,0,12,2026-02-04 17:54:04.396066
ELEC-day6,0.0,0.0,0.0,,,0,0,0,0,0,0,0,0,0,0,0,0,0,12,2026-02-04 17:54:04.396066
ELEC-F,0.0,0.0,0.0,,,0,0,0,0,0,0,0,0,0,0,0,0,0,12,2026-02-04 17:54:04.396066
NG,2.22,2.2,2.24,800000.0,800000.0,0,0,0,0,0,0,0,0,0,0,0,0,0,13,2026-02-04 17:54:05.441985
ELEC-day2,0.0,0.0,0.0,,,0,0,0,0,0,0,0,0,0,0,0,0,0,13,2026-02-04 17:54:05.441985
ELEC-day3,0.0,0.0,0.0,,,0,0,0,0,0,0,0,0,0,0,0,0,0,13,2026-02-04 17:54:05.441985
ELEC-day4,0.0,0.0,0.0,,,0,0,0,0,0,0,0,0,0,0,0,0,0,13,2026-02-04 17:54:05.441985
ELEC-day5,0.0,0.0,0.0,,,0,0,0,0,0,0,0,0,0,0,0,0,0,13,2026-02-04 17:54:05.441985
ELEC-day6,0.0,0.0,0.0,,,0,0,0,0,0,0,0,0,0,0,0,0,0,13,2026-02-04 17:54:05.441985
ELEC-F,0.0,0.0,0.0,,,0,0,0,0,0,0,0,0,0,0,0,0,0,13,2026-02-04 17:54:05.441985
NG,2.21,2.19,2.23,800000.0,800000.0,0,0,0,0,0,0,0,0,0,0,0,0,0,14,2026-02-04 17:54:06.494738
ELEC-day2,0.0,0.0,0.0,,,0,0,0,0,0,0,0,0,0,0,0,0,0,14,2026-02-04 17:54:06.494738
ELEC-day3,0.0,0.0,0.0,,,0,0,0,0,0,0,0,0,0,0,0,0,0,14,2026-02-04 17:54:06.494738
ELEC-day4,0.0,0.0,0.0,,,0,0,0,0,0,0,0,0,0,0,0,0,0,14,2026-02-04 17:54:06.494738
ELEC-day5,0.0,0.0,0.0,,,0,0,0,0,0,0,0,0,0,0,0,0,0,14,2026-02-04 17:54:06.494738
ELEC-day6,0.0,0.0,0.0,,,0,0,0,0,0,0,0,0,0,0,0,0,0,14,2026-02-04 17:54:06.494738
ELEC-F,0.0,0.0,0.0,,,0,0,0,0,0,0,0,0,0,0,0,0,0,14,2026-02-04 17:54:06.494738
NG,2.22,2.2,2.24,800000.0,800000.0,0,0,0,0,0,0,0,0,0,0,0,0,0,15,2026-02-04 17:54:07.107387
ELEC-day2,0.0,0.0,0.0,,,0,0,0,0,0,0,0,0,0,0,0,0,0,15,2026-02-04 17:54:07.107387
ELEC-day3,0.0,0.0,0.0,,,0,0,0,0,0,0,0,0,0,0,0,0,0,15,2026-02-04 17:54:07.107387
ELEC-day4,0.0,0.0,0.0,,,0,0,0,0,0,0,0,0,0,0,0,0,0,15,2026-02-04 17:54:07.107387
ELEC-day5,0.0,0.0,0.0,,,0,0,0,0,0,0,0,0,0,0,0,0,0,15,2026-02-04 17:54:07.107387
ELEC-day6,0.0,0.0,0.0,,,0,0,0,0,0,0,0,0,0,0,0,0,0,15,2026-02-04 17:54:07.107387
ELEC-F,0.0,0.0,0.0,,,0,0,0,0,0,0,0,0,0,0,0,0,0,15,2026-02-04 17:54:07.107387
NG,2.21,2.19,2.23,800000.0,800000.0,0,0,0,0,0,0,0,0,0,0,0,0,0,16,2026-02-04 17:54:08.249540
ELEC-day2,0.0,0.0,0.0,,,0,0,0,0,0,0,0,0,0,0,0,0,0,16,2026-02-04 17:54:08.249540
ELEC-day3,0.0,0.0,0.0,,,0,0,0,0,0,0,0,0,0,0,0,0,0,16,2026-02-04 17:54:08.249540
ELEC-day4,0.0,0.0,0.0,,,0,0,0,0,0,0,0,0,0,0,0,0,0,16,2026-02-04 17:54:08.249540
ELEC-day5,0.0,0.0,0.0,,,0,0,0,0,0,0,0,0,0,0,0,0,0,16,2026-02-04 17:54:08.249540
ELEC-day6,0.0,0.0,0.0,,,0,0,0,0,0,0,0,0,0,0,0,0,0,16,2026-02-04 17:54:08.249540
ELEC-F,0.0,0.0,0.0,,,0,0,0,0,0,0,0,0,0,0,0,0,0,16,2026-02-04 17:54:08.249540
NG,2.21,2.19,2.23,800000.0,800000.0,0,0,0,0,0,0,0,0,0,0,0,0,0,17,2026-02-04 17:54:09.308114
ELEC-day2,0.0,0.0,0.0,,,0,0,0,0,0,0,0,0,0,0,0,0,0,17,2026-02-04 17:54:09.308114
ELEC-day3,0.0,0.0,0.0,,,0,0,0,0,0,0,0,0,0,0,0,0,0,17,2026-02-04 17:54:09.308114
ELEC-day4,0.0,0.0,0.0,,,0,0,0,0,0,0,0,0,0,0,0,0,0,17,2026-02-04 17:54:09.308114
ELEC-day5,0.0,0.0,0.0,,,0,0,0,0,0,0,0,0,0,0,0,0,0,17,2026-02-04 17:54:09.308114
ELEC-day6,0.0,0.0,0.0,,,0,0,0,0,0,0,0,0,0,0,0,0,0,17,2026-02-04 17:54:09.308114
ELEC-F,0.0,0.0,0.0,,,0,0,0,0,0,0,0,0,0,0,0,0,0,17,2026-02-04 17:54:09.308114
NG,2.2,2.18,2.22,800000.0,800000.0,0,0,0,0,0,0,0,0,0,0,0,0,0,18,2026-02-04 17:54:10.347568
ELEC-day2,0.0,0.0,0.0,,,0,0,0,0,0,0,0,0,0,0,0,0,0,18,2026-02-04 17:54:10.347568
ELEC-day3,0.0,0.0,0.0,,,0,0,0,0,0,0,0,0,0,0,0,0,0,18,2026-02-04 17:54:10.347568
ELEC-day4,0.0,0.0,0.0,,,0,0,0,0,0,0,0,0,0,0,0,0,0,18,2026-02-04 17:54:10.347568
ELEC-day5,0.0,0.0,0.0,,,0,0,0,0,0,0,0,0,0,0,0,0,0,18,2026-02-04 17:54:10.347568
ELEC-day6,0.0,0.0,0.0,,,0,0,0,0,0,0,0,0,0,0,0,0,0,18,2026-02-04 17:54:10.347568
ELEC-F,0.0,0.0,0.0,,,0,0,0,0,0,0,0,0,0,0,0,0,0,18,2026-02-04 17:54:10.347568
NG,2.2,2.18,2.22,800000.0,800000.0,0,0,0,0,0,0,0,0,0,0,0,0,0,19,2026-02-04 17:54:11.390027
ELEC-day2,0.0,0.0,0.0,,,0,0,0,0,0,0,0,0,0,0,0,0,0,19,2026-02-04 17:54:11.390027
ELEC-day3,0.0,0.0,0.0,,,0,0,0,0,0,0,0,0,0,0,0,0,0,19,2026-02-04 17:54:11.390027
ELEC-day4,0.0,0.0,0.0,,,0,0,0,0,0,0,0,0,0,0,0,0,0,19,2026-02-04 17:54:11.390027
ELEC-day5,0.0,0.0,0.0,,,0,0,0,0,0,0,0,0,0,0,0,0,0,19,2026-02-04 17:54:11.390027
ELEC-day6,0.0,0.0,0.0,,,0,0,0,0,0,0,0,0,0,0,0,0,0,19,2026-02-04 17:54:11.390027
ELEC-F,0.0,0.0,0.0,,,0,0,0,0,0,0,0,0,0,0,0,0,0,19,2026-02-04 17:54:11.390027
NG,2.19,2.17,2.21,800000.0,800000.0,0,0,0,0,0,0,0,0,0,0,0,0,0,20,2026-02-04 17:54:12.434558
ELEC-day2,0.0,0.0,0.0,,,0,0,0,0,0,0,0,0,0,0,0,0,0,20,2026-02-04 17:54:12.434558
ELEC-day3,0.0,0.0,0.0,,,0,0,0,0,0,0,0,0,0,0,0,0,0,20,2026-02-04 17:54:12.434558
ELEC-day4,0.0,0.0,0.0,,,0,0,0,0,0,0,0,0,0,0,0,0,0,20,2026-02-04 17:54:12.434558
ELEC-day5,0.0,0.0,0.0,,,0,0,0,0,0,0,0,0,0,0,0,0,0,20,2026-02-04 17:54:12.434558
ELEC-day6,0.0,0.0,0.0,,,0,0,0,0,0,0,0,0,0,0,0,0,0,20,2026-02-04 17:54:12.434558
ELEC-F,0.0,0.0,0.0,,,0,0,0,0,0,0,0,0,0,0,0,0,0,20,2026-02-04 17:54:12.434558
NG,2.19,2.17,2.21,800000.0,800000.0,,0,0,0,0,0,0,0,0,0,0,0,0,21,2026-02-04 17:54:13.479455
ELEC-day2,0.0,0.0,0.0,,,,0,0,0,0,0,0,0,0,0,0,0,0,21,2026-02-04 17:54:13.479455
ELEC-day3,0.0,0.0,0.0,,,,0,0,0,0,0,0,0,0,0,0,0,0,21,2026-02-04 17:54:13.479455
ELEC-day4,0.0,0.0,0.0,,,,0,0,0,0,0,0,0,0,0,0,0,0,21,2026-02-04 17:54:13.479455
ELEC-day5,0.0,0.0,0.0,,,,0,0,0,0,0,0,0,0,0,0,0,0,21,2026-02-04 17:54:13.479455
ELEC-day6,0.0,0.0,0.0,,,,0,0,0,0,0,0,0,0,0,0,0,0,21,2026-02-04 17:54:13.479455
ELEC-F,0.0,0.0,65.0,,,20.0,0,0,0,0,0,0,0,0,0,0,0,0,21,2026-02-04 17:54:13.479455
NG,2.19,2.17,2.21,800000.0,800000.0,,0,0,0,0,0,0,0,0,0,0,0,0,22,2026-02-04 17:54:14.526327
ELEC-day2,0.0,0.0,0.0,,,,0,0,0,0,0,0,0,0,0,0,0,0,22,2026-02-04 17:54:14.526327
ELEC-day3,0.0,0.0,0.0,,,,0,0,0,0,0,0,0,0,0,0,0,0,22,2026-02-04 17:54:14.526327
ELEC-day4,0.0,0.0,0.0,,,,0,0,0,0,0,0,0,0,0,0,0,0,22,2026-02-04 17:54:14.526327
ELEC-day5,0.0,0.0,0.0,,,,0,0,0,0,0,0,0,0,0,0,0,0,22,2026-02-04 17:54:14.526327
ELEC-day6,0.0,0.0,0.0,,,,0,0,0,0,0,0,0,0,0,0,0,0,22,2026-02-04 17:54:14.526327
ELEC-F,0.0,0.0,65.0,,,20.0,0,0,0,0,0,0,0,0,0,0,0,0,22,2026-02-04 17:54:14.526327
NG,2.19,2.17,2.21,800000.0,800000.0,,0,0,0,0,0,0,0,0,0,0,0,0,23,2026-02-04 17:54:15.145588
ELEC-day2,0.0,0.0,0.0,,,,0,0,0,0,0,0,0,0,0,0,0,0,23,2026-02-04 17:54:15.145588
ELEC-day3,0.0,0.0,0.0,,,,0,0,0,0,0,0,0,0,0,0,0,0,23,2026-02-04 17:54:15.145588
ELEC-day4,0.0,0.0,0.0,,,,0,0,0,0,0,0,0,0,0,0,0,0,23,2026-02-04 17:54:15.145588
ELEC-day5,0.0,0.0,0.0,,,,0,0,0,0,0,0,0,0,0,0,0,0,23,2026-02-04 17:54:15.145588
ELEC-day6,0.0,0.0,0.0,,,,0,0,0,0,0,0,0,0,0,0,0,0,23,2026-02-04 17:54:15.145588
ELEC-F,0.0,0.0,65.0,,,20.0,0,0,0,0,0,0,0,0,0,0,0,0,23,2026-02-04 17:54:15.145588
NG,2.19,2.17,2.21,800000.0,800000.0,,0,0,0,0,0,0,0,0,0,0,0,0,24,2026-02-04 17:54:16.277871
ELEC-day2,0.0,0.0,0.0,,,,0,0,0,0,0,0,0,0,0,0,0,0,24,2026-02-04 17:54:16.277871
ELEC-day3,0.0,0.0,0.0,,,,0,0,0,0,0,0,0,0,0,0,0,0,24,2026-02-04 17:54:16.277871
ELEC-day4,0.0,0.0,0.0,,,,0,0,0,0,0,0,0,0,0,0,0,0,24,2026-02-04 17:54:16.277871
ELEC-day5,0.0,0.0,0.0,,,,0,0,0,0,0,0,0,0,0,0,0,0,24,2026-02-04 17:54:16.277871
ELEC-day6,0.0,0.0,0.0,,,,0,0,0,0,0,0,0,0,0,0,0,0,24,2026-02-04 17:54:16.277871
ELEC-F,0.0,0.0,65.0,,,20.0,0,0,0,0,0,0,0,0,0,0,0,0,24,2026-02-04 17:54:16.277871
NG,2.18,2.16,2.2,800000.0,800000.0,,0,0,0,0,0,0,0,0,0,0,0,0,25,2026-02-04 17:54:17.325139
ELEC-day2,0.0,0.0,0.0,,,,0,0,0,0,0,0,0,0,0,0,0,0,25,2026-02-04 17:54:17.325139
ELEC-day3,0.0,0.0,0.0,,,,0,0,0,0,0,0,0,0,0,0,0,0,25,2026-02-04 17:54:17.325139
ELEC-day4,0.0,0.0,0.0,,,,0,0,0,0,0,0,0,0,0,0,0,0,25,2026-02-04 17:54:17.325139
ELEC-day5,0.0,0.0,0.0,,,,0,0,0,0,0,0,0,0,0,0,0,0,25,2026-02-04 17:54:17.325139
ELEC-day6,0.0,0.0,0.0,,,,0,0,0,0,0,0,0,0,0,0,0,0,25,2026-02-04 17:54:17.325139
ELEC-F,0.0,0.0,65.0,,,20.0,0,0,0,0,0,0,0,0,0,0,0,0,25,2026-02-04 17:54:17.325139
NG,2.18,2.16,2.2,800000.0,800000.0,,0,0,0,0,0,0,0,0,0,0,0,0,26,2026-02-04 17:54:18.371398
ELEC-day2,0.0,0.0,0.0,,,,0,0,0,0,0,0,0,0,0,0,0,0,26,2026-02-04 17:54:18.371398
ELEC-day3,0.0,0.0,0.0,,,,0,0,0,0,0,0,0,0,0,0,0,0,26,2026-02-04 17:54:18.371398
ELEC-day4,0.0,0.0,0.0,,,,0,0,0,0,0,0,0,0,0,0,0,0,26,2026-02-04 17:54:18.371398
ELEC-day5,0.0,0.0,0.0,,,,0,0,0,0,0,0,0,0,0,0,0,0,26,2026-02-04 17:54:18.371398
ELEC-day6,0.0,0.0,0.0,,,,0,0,0,0,0,0,0,0,0,0,0,0,26,2026-02-04 17:54:18.371398
ELEC-F,0.0,0.0,65.0,,,20.0,0,0,0,0,0,0,0,0,0,0,0,0,26,2026-02-04 17:54:18.371398
NG,2.17,2.15,2.19,800000.0,800000.0,,0,0,0,0,0,0,0,0,0,0,0,0,27,2026-02-04 17:54:19.420609
ELEC-day2,0.0,0.0,0.0,,,,0,0,0,0,0,0,0,0,0,0,0,0,27,2026-02-04 17:54:19.420609
ELEC-day3,0.0,0.0,0.0,,,,0,0,0,0,0,0,0,0,0,0,0,0,27,2026-02-04 17:54:19.420609
ELEC-day4,0.0,0.0,0.0,,,,0,0,0,0,0,0,0,0,0,0,0,0,27,2026-02-04 17:54:19.420609
ELEC-day5,0.0,0.0,0.0,,,,0,0,0,0,0,0,0,0,0,0,0,0,27,2026-02-04 17:54:19.420609
ELEC-day6,0.0,0.0,0.0,,,,0,0,0,0,0,0,0,0,0,0,0,0,27,2026-02-04 17:54:19.420609
ELEC-F,0.0,0.0,65.0,,,20.0,0,0,0,0,0,0,0,0,0,0,0,0,27,2026-02-04 17:54:19.420609
NG,2.17,2.15,2.19,800000.0,800000.0,,0,0,0,0,0,0,0,0,0,0,0,0,28,2026-02-04 17:54:20.473683
ELEC-day2,0.0,0.0,0.0,,,,0,0,0,0,0,0,0,0,0,0,0,0,28,2026-02-04 17:54:20.473683
ELEC-day3,0.0,0.0,0.0,,,,0,0,0,0,0,0,0,0,0,0,0,0,28,2026-02-04 17:54:20.473683
ELEC-day4,0.0,0.0,0.0,,,,0,0,0,0,0,0,0,0,0,0,0,0,28,2026-02-04 17:54:20.473683
ELEC-day5,0.0,0.0,0.0,,,,0,0,0,0,0,0,0,0,0,0,0,0,28,2026-02-04 17:54:20.473683
ELEC-day6,0.0,0.0,0.0,,,,0,0,0,0,0,0,0,0,0,0,0,0,28,2026-02-04 17:54:20.473683
ELEC-F,0.0,0.0,65.0,,,20.0,0,0,0,0,0,0,0,0,0,0,0,0,28,2026-02-04 17:54:20.473683
NG,2.16,2.14,2.18,800000.0,800000.0,,0,0,0,0,0,0,0,0,0,0,0,0,29,2026-02-04 17:54:21.521894
ELEC-day2,0.0,0.0,0.0,,,,0,0,0,0,0,0,0,0,0,0,0,0,29,2026-02-04 17:54:21.521894
ELEC-day3,0.0,0.0,0.0,,,,0,0,0,0,0,0,0,0,0,0,0,0,29,2026-02-04 17:54:21.521894
ELEC-day4,0.0,0.0,0.0,,,,0,0,0,0,0,0,0,0,0,0,0,0,29,2026-02-04 17:54:21.521894
ELEC-day5,0.0,0.0,0.0,,,,0,0,0,0,0,0,0,0,0,0,0,0,29,2026-02-04 17:54:21.521894
ELEC-day6,0.0,0.0,0.0,,,,0,0,0,0,0,0,0,0,0,0,0,0,29,2026-02-04 17:54:21.521894
ELEC-F,0.0,0.0,65.0,,,20.0,0,0,0,0,0,0,0,0,0,0,0,0,29,2026-02-04 17:54:21.521894
NG,2.16,2.14,2.18,800000.0,800000.0,,0,0,0,0,0,0,0,0,0,0,0,0,30,2026-02-04 17:54:22.574078
ELEC-day2,0.0,0.0,0.0,,,,0,0,0,0,0,0,0,0,0,0,0,0,30,2026-02-04 17:54:22.574078
ELEC-day3,0.0,0.0,0.0,,,,0,0,0,0,0,0,0,0,0,0,0,0,30,2026-02-04 17:54:22.574078
ELEC-day4,0.0,0.0,0.0,,,,0,0,0,0,0,0,0,0,0,0,0,0,30,2026-02-04 17:54:22.574078
ELEC-day5,0.0,0.0,0.0,,,,0,0,0,0,0,0,0,0,0,0,0,0,30,2026-02-04 17:54:22.574078
ELEC-day6,0.0,0.0,0.0,,,,0,0,0,0,0,0,0,0,0,0,0,0,30,2026-02-04 17:54:22.574078
ELEC-F,0.0,0.0,65.0,,,20.0,0,0,0,0,0,0,0,0,0,0,0,0,30,2026-02-04 17:54:22.574078
NG,2.17,2.15,2.19,800000.0,800000.0,,0,0,0,0,0,0,0,0,0,0,0,0,31,2026-02-04 17:54:23.691368
ELEC-day2,0.0,0.0,0.0,,,,0,0,0,0,0,0,0,0,0,0,0,0,31,2026-02-04 17:54:23.691368
ELEC-day3,0.0,0.0,0.0,,,,0,0,0,0,0,0,0,0,0,0,0,0,31,2026-02-04 17:54:23.691368
ELEC-day4,0.0,0.0,0.0,,,,0,0,0,0,0,0,0,0,0,0,0,0,31,2026-02-04 17:54:23.691368
ELEC-day5,0.0,0.0,0.0,,,,0,0,0,0,0,0,0,0,0,0,0,0,31,2026-02-04 17:54:23.691368
ELEC-day6,0.0,0.0,0.0,,,,0,0,0,0,0,0,0,0,0,0,0,0,31,2026-02-04 17:54:23.691368
ELEC-F,0.0,0.0,65.0,,,20.0,0,0,0,0,0,0,0,0,0,0,0,0,31,2026-02-04 17:54:23.691368
NG,2.17,2.15,2.19,800000.0,800000.0,,0,0,0,0,0,0,0,0,0,0,0,0,32,2026-02-04 17:54:24.335536
ELEC-day2,0.0,0.0,0.0,,,,0,0,0,0,0,0,0,0,0,0,0,0,32,2026-02-04 17:54:24.335536
ELEC-day3,0.0,0.0,0.0,,,,0,0,0,0,0,0,0,0,0,0,0,0,32,2026-02-04 17:54:24.335536
ELEC-day4,0.0,0.0,0.0,,,,0,0,0,0,0,0,0,0,0,0,0,0,32,2026-02-04 17:54:24.335536
ELEC-day5,0.0,0.0,0.0,,,,0,0,0,0,0,0,0,0,0,0,0,0,32,2026-02-04 17:54:24.335536
ELEC-day6,0.0,0.0,0.0,,,,0,0,0,0,0,0,0,0,0,0,0,0,32,2026-02-04 17:54:24.335536
ELEC-F,0.0,0.0,65.0,,,20.0,0,0,0,0,0,0,0,0,0,0,0,0,32,2026-02-04 17:54:24.335536
NG,2.16,2.14,2.18,800000.0,800000.0,,0,0,0,0,0,0,0,0,0,0,0,0,33,2026-02-04 17:54:25.400505
ELEC-day2,0.0,0.0,0.0,,,,0,0,0,0,0,0,0,0,0,0,0,0,33,2026-02-04 17:54:25.400505
ELEC-day3,0.0,0.0,0.0,,,,0,0,0,0,0,0,0,0,0,0,0,0,33,2026-02-04 17:54:25.400505
ELEC-day4,0.0,0.0,0.0,,,,0,0,0,0,0,0,0,0,0,0,0,0,33,2026-02-04 17:54:25.400505
ELEC-day5,0.0,0.0,0.0,,,,0,0,0,0,0,0,0,0,0,0,0,0,33,2026-02-04 17:54:25.400505
ELEC-day6,0.0,0.0,0.0,,,,0,0,0,0,0,0,0,0,0,0,0,0,33,2026-02-04 17:54:25.400505
ELEC-F,0.0,0.0,65.0,,,20.0,0,0,0,0,0,0,0,0,0,0,0,0,33,2026-02-04 17:54:25.400505
NG,2.16,2.14,2.18,800000.0,800000.0,,0,0,0,0,0,0,0,0,0,0,0,0,34,2026-02-04 17:54:26.448366
ELEC-day2,0.0,0.0,0.0,,,,0,0,0,0,0,0,0,0,0,0,0,0,34,2026-02-04 17:54:26.448366
ELEC-day3,0.0,0.0,0.0,,,,0,0,0,0,0,0,0,0,0,0,0,0,34,2026-02-04 17:54:26.448366
ELEC-day4,0.0,0.0,0.0,,,,0,0,0,0,0,0,0,0,0,0,0,0,34,2026-02-04 17:54:26.448366
ELEC-day5,0.0,0.0,0.0,,,,0,0,0,0,0,0,0,0,0,0,0,0,34,2026-02-04 17:54:26.448366
ELEC-day6,0.0,0.0,0.0,,,,0,0,0,0,0,0,0,0,0,0,0,0,34,2026-02-04 17:54:26.448366
ELEC-F,0.0,0.0,65.0,,,20.0,0,0,0,0,0,0,0,0,0,0,0,0,34,2026-02-04 17:54:26.448366
NG,2.16,2.14,2.18,800000.0,800000.0,,0,0,0,0,0,0,0,0,0,0,0,0,35,2026-02-04 17:54:27.496153
ELEC-day2,0.0,0.0,0.0,,,,0,0,0,0,0,0,0,0,0,0,0,0,35,2026-02-04 17:54:27.496153
ELEC-day3,0.0,0.0,0.0,,,,0,0,0,0,0,0,0,0,0,0,0,0,35,2026-02-04 17:54:27.496153
ELEC-day4,0.0,0.0,0.0,,,,0,0,0,0,0,0,0,0,0,0,0,0,35,2026-02-04 17:54:27.496153
ELEC-day5,0.0,0.0,0.0,,,,0,0,0,0,0,0,0,0,0,0,0,0,35,2026-02-04 17:54:27.496153
ELEC-day6,0.0,0.0,0.0,,,,0,0,0,0,0,0,0,0,0,0,0,0,35,2026-02-04 17:54:27.496153
ELEC-F,0.0,0.0,65.0,,,20.0,0,0,0,0,0,0,0,0,0,0,0,0,35,2026-02-04 17:54:27.496153
NG,2.17,2.15,2.19,800000.0,800000.0,,0,0,0,0,0,0,0,0,0,0,0,0,36,2026-02-04 17:54:28.543564
ELEC-day2,0.0,0.0,0.0,,,,0,0,0,0,0,0,0,0,0,0,0,0,36,2026-02-04 17:54:28.543564
ELEC-day3,0.0,0.0,0.0,,,,0,0,0,0,0,0,0,0,0,0,0,0,36,2026-02-04 17:54:28.543564
ELEC-day4,0.0,0.0,0.0,,,,0,0,0,0,0,0,0,0,0,0,0,0,36,2026-02-04 17:54:28.543564
ELEC-day5,0.0,0.0,0.0,,,,0,0,0,0,0,0,0,0,0,0,0,0,36,2026-02-04 17:54:28.543564
ELEC-day6,0.0,0.0,0.0,,,,0,0,0,0,0,0,0,0,0,0,0,0,36,2026-02-04 17:54:28.543564
ELEC-F,0.0,0.0,65.0,,,20.0,0,0,0,0,0,0,0,0,0,0,0,0,36,2026-02-04 17:54:28.543564
NG,2.17,2.15,2.19,800000.0,800000.0,,0,0,0,0,0,0,0,0,0,0,0,0,37,2026-02-04 17:54:29.588286
ELEC-day2,0.0,0.0,0.0,,,,0,0,0,0,0,0,0,0,0,0,0,0,37,2026-02-04 17:54:29.588286
ELEC-day3,0.0,0.0,0.0,,,,0,0,0,0,0,0,0,0,0,0,0,0,37,2026-02-04 17:54:29.588286
ELEC-day4,0.0,0.0,0.0,,,,0,0,0,0,0,0,0,0,0,0,0,0,37,2026-02-04 17:54:29.588286
ELEC-day5,0.0,0.0,0.0,,,,0,0,0,0,0,0,0,0,0,0,0,0,37,2026-02-04 17:54:29.588286
ELEC-day6,0.0,0.0,0.0,,,,0,0,0,0,0,0,0,0,0,0,0,0,37,2026-02-04 17:54:29.588286
ELEC-F,0.0,0.0,65.0,,,20.0,0,0,0,0,0,0,0,0,0,0,0,0,37,2026-02-04 17:54:29.588286
NG,2.18,2.16,2.2,800000.0,800000.0,,0,0,0,0,0,0,0,0,0,0,0,0,38,2026-02-04 17:54:30.624416
ELEC-day2,0.0,0.0,0.0,,,,0,0,0,0,0,0,0,0,0,0,0,0,38,2026-02-04 17:54:30.624416
ELEC-day3,0.0,0.0,0.0,,,,0,0,0,0,0,0,0,0,0,0,0,0,38,2026-02-04 17:54:30.624416
ELEC-day4,0.0,0.0,0.0,,,,0,0,0,0,0,0,0,0,0,0,0,0,38,2026-02-04 17:54:30.624416
ELEC-day5,0.0,0.0,0.0,,,,0,0,0,0,0,0,0,0,0,0,0,0,38,2026-02-04 17:54:30.624416
ELEC-day6,0.0,0.0,0.0,,,,0,0,0,0,0,0,0,0,0,0,0,0,38,2026-02-04 17:54:30.624416
ELEC-F,0.0,0.0,65.0,,,20.0,0,0,0,0,0,0,0,0,0,0,0,0,38,2026-02-04 17:54:30.624416
NG,2.17,2.15,2.19,800000.0,800000.0,,0,0,0,0,0,0,0,0,0,0,0,0,39,2026-02-04 17:54:31.226929
ELEC-day2,0.0,0.0,0.0,,,,0,0,0,0,0,0,0,0,0,0,0,0,39,2026-02-04 17:54:31.226929
ELEC-day3,0.0,0.0,0.0,,,,0,0,0,0,0,0,0,0,0,0,0,0,39,2026-02-04 17:54:31.226929
ELEC-day4,0.0,0.0,0.0,,,,0,0,0,0,0,0,0,0,0,0,0,0,39,2026-02-04 17:54:31.226929
ELEC-day5,0.0,0.0,0.0,,,,0,0,0,0,0,0,0,0,0,0,0,0,39,2026-02-04 17:54:31.226929
ELEC-day6,0.0,0.0,0.0,,,,0,0,0,0,0,0,0,0,0,0,0,0,39,2026-02-04 17:54:31.226929
ELEC-F,0.0,0.0,65.0,,,20.0,0,0,0,0,0,0,0,0,0,0,0,0,39,2026-02-04 17:54:31.226929
NG,2.17,2.15,2.19,800000.0,800000.0,,0,0,0,0,0,0,0,0,0,0,0,0,40,2026-02-04 17:54:32.375405
ELEC-day2,0.0,0.0,0.0,,,,0,0,0,0,0,0,0,0,0,0,0,0,40,2026-02-04 17:54:32.375405
ELEC-day3,0.0,0.0,0.0,,,,0,0,0,0,0,0,0,0,0,0,0,0,40,2026-02-04 17:54:32.375405
ELEC-day4,0.0,0.0,0.0,,,,0,0,0,0,0,0,0,0,0,0,0,0,40,2026-02-04 17:54:32.375405
ELEC-day5,0.0,0.0,0.0,,,,0,0,0,0,0,0,0,0,0,0,0,0,40,2026-02-04 17:54:32.375405
ELEC-day6,0.0,0.0,0.0,,,,0,0,0,0,0,0,0,0,0,0,0,0,40,2026-02-04 17:54:32.375405
ELEC-F,0.0,0.0,65.0,,,20.0,0,0,0,0,0,0,0,0,0,0,0,0,40,2026-02-04 17:54:32.375405
NG,2.16,2.14,2.18,800000.0,800000.0,,0,0,0,0,0,0,0,0,0,0,0,0,41,2026-02-04 17:54:33.424447
ELEC-day2,0.0,0.0,0.0,,,,0,0,0,0,0,0,0,0,0,0,0,0,41,2026-02-04 17:54:33.424447
ELEC-day3,0.0,0.0,0.0,,,,0,0,0,0,0,0,0,0,0,0,0,0,41,2026-02-04 17:54:33.424447
ELEC-day4,0.0,0.0,0.0,,,,0,0,0,0,0,0,0,0,0,0,0,0,41,2026-02-04 17:54:33.424447
ELEC-day5,0.0,0.0,0.0,,,,0,0,0,0,0,0,0,0,0,0,0,0,41,2026-02-04 17:54:33.424447
ELEC-day6,0.0,0.0,0.0,,,,0,0,0,0,0,0,0,0,0,0,0,0,41,2026-02-04 17:54:33.424447
ELEC-F,0.0,0.0,65.0,,,20.0,0,0,0,0,0,0,0,0,0,0,0,0,41,2026-02-04 17:54:33.424447
NG,2.15,2.13,2.17,800000.0,800000.0,,0,0,0,0,0,0,0,0,0,0,0,0,42,2026-02-04 17:54:34.454785
ELEC-day2,0.0,0.0,0.0,,,,0,0,0,0,0,0,0,0,0,0,0,0,42,2026-02-04 17:54:34.454785
ELEC-day3,0.0,0.0,0.0,,,,0,0,0,0,0,0,0,0,0,0,0,0,42,2026-02-04 17:54:34.454785
ELEC-day4,0.0,0.0,0.0,,,,0,0,0,0,0,0,0,0,0,0,0,0,42,2026-02-04 17:54:34.454785
ELEC-day5,0.0,0.0,0.0,,,,0,0,0,0,0,0,0,0,0,0,0,0,42,2026-02-04 17:54:34.454785
ELEC-day6,0.0,0.0,0.0,,,,0,0,0,0,0,0,0,0,0,0,0,0,42,2026-02-04 17:54:34.454785
ELEC-F,0.0,0.0,65.0,,,20.0,0,0,0,0,0,0,0,0,0,0,0,0,42,2026-02-04 17:54:34.454785
NG,2.14,2.12,2.16,800000.0,800000.0,,0,0,0,0,0,0,0,0,0,0,0,0,43,2026-02-04 17:54:35.497252
ELEC-day2,0.0,0.0,0.0,,,,0,0,0,0,0,0,0,0,0,0,0,0,43,2026-02-04 17:54:35.497252
ELEC-day3,0.0,0.0,0.0,,,,0,0,0,0,0,0,0,0,0,0,0,0,43,2026-02-04 17:54:35.497252
ELEC-day4,0.0,0.0,0.0,,,,0,0,0,0,0,0,0,0,0,0,0,0,43,2026-02-04 17:54:35.497252
ELEC-day5,0.0,0.0,0.0,,,,0,0,0,0,0,0,0,0,0,0,0,0,43,2026-02-04 17:54:35.497252
ELEC-day6,0.0,0.0,0.0,,,,0,0,0,0,0,0,0,0,0,0,0,0,43,2026-02-04 17:54:35.497252
ELEC-F,0.0,0.0,65.0,,,20.0,0,0,0,0,0,0,0,0,0,0,0,0,43,2026-02-04 17:54:35.497252
NG,2.14,2.12,2.16,800000.0,800000.0,,0,0,0,0,0,0,0,0,0,0,0,0,44,2026-02-04 17:54:36.561729
ELEC-day2,0.0,0.0,0.0,,,,0,0,0,0,0,0,0,0,0,0,0,0,44,2026-02-04 17:54:36.561729
ELEC-day3,0.0,0.0,0.0,,,,0,0,0,0,0,0,0,0,0,0,0,0,44,2026-02-04 17:54:36.561729
ELEC-day4,0.0,0.0,0.0,,,,0,0,0,0,0,0,0,0,0,0,0,0,44,2026-02-04 17:54:36.561729
ELEC-day5,0.0,0.0,0.0,,,,0,0,0,0,0,0,0,0,0,0,0,0,44,2026-02-04 17:54:36.561729
ELEC-day6,0.0,0.0,0.0,,,,0,0,0,0,0,0,0,0,0,0,0,0,44,2026-02-04 17:54:36.561729
ELEC-F,0.0,0.0,65.0,,,20.0,0,0,0,0,0,0,0,0,0,0,0,0,44,2026-02-04 17:54:36.561729
NG,2.14,2.12,2.16,800000.0,800000.0,,0,0,0,0,0,0,0,0,0,0,0,0,45,2026-02-04 17:54:37.613885
ELEC-day2,0.0,0.0,0.0,,,,0,0,0,0,0,0,0,0,0,0,0,0,45,2026-02-04 17:54:37.613885
ELEC-day3,0.0,0.0,0.0,,,,0,0,0,0,0,0,0,0,0,0,0,0,45,2026-02-04 17:54:37.613885
ELEC-day4,0.0,0.0,0.0,,,,0,0,0,0,0,0,0,0,0,0,0,0,45,2026-02-04 17:54:37.613885
ELEC-day5,0.0,0.0,0.0,,,,0,0,0,0,0,0,0,0,0,0,0,0,45,2026-02-04 17:54:37.613885
ELEC-day6,0.0,0.0,0.0,,,,0,0,0,0,0,0,0,0,0,0,0,0,45,2026-02-04 17:54:37.613885
ELEC-F,0.0,0.0,65.0,,,20.0,0,0,0,0,0,0,0,0,0,0,0,0,45,2026-02-04 17:54:37.613885
NG,2.13,2.11,2.15,800000.0,800000.0,,0,0,0,0,0,0,0,0,0,0,0,0,46,2026-02-04 17:54:38.666914
ELEC-day2,0.0,0.0,0.0,,,,0,0,0,0,0,0,0,0,0,0,0,0,46,2026-02-04 17:54:38.666914
ELEC-day3,0.0,0.0,0.0,,,,0,0,0,0,0,0,0,0,0,0,0,0,46,2026-02-04 17:54:38.666914
ELEC-day4,0.0,0.0,0.0,,,,0,0,0,0,0,0,0,0,0,0,0,0,46,2026-02-04 17:54:38.666914
ELEC-day5,0.0,0.0,0.0,,,,0,0,0,0,0,0,0,0,0,0,0,0,46,2026-02-04 17:54:38.666914
ELEC-day6,0.0,0.0,0.0,,,,0,0,0,0,0,0,0,0,0,0,0,0,46,2026-02-04 17:54:38.666914
ELEC-F,0.0,0.0,65.0,,,20.0,0,0,0,0,0,0,0,0,0,0,0,0,46,2026-02-04 17:54:38.666914
NG,2.13,2.11,2.15,800000.0,800000.0,,0,0,0,0,0,0,0,0,0,0,0,0,47,2026-02-04 17:54:39.268327
ELEC-day2,0.0,0.0,0.0,,,,0,0,0,0,0,0,0,0,0,0,0,0,47,2026-02-04 17:54:39.268327
ELEC-day3,0.0,0.0,0.0,,,,0,0,0,0,0,0,0,0,0,0,0,0,47,2026-02-04 17:54:39.268327
ELEC-day4,0.0,0.0,0.0,,,,0,0,0,0,0,0,0,0,0,0,0,0,47,2026-02-04 17:54:39.268327
ELEC-day5,0.0,0.0,0.0,,,,0,0,0,0,0,0,0,0,0,0,0,0,47,2026-02-04 17:54:39.268327
ELEC-day6,0.0,0.0,0.0,,,,0,0,0,0,0,0,0,0,0,0,0,0,47,2026-02-04 17:54:39.268327
ELEC-F,0.0,0.0,65.0,,,20.0,0,0,0,0,0,0,0,0,0,0,0,0,47,2026-02-04 17:54:39.268327
NG,2.12,2.1,2.14,800000.0,800000.0,,0,0,0,0,0,0,0,0,0,0,0,0,48,2026-02-04 17:54:40.437142
ELEC-day2,0.0,0.0,0.0,,,,0,0,0,0,0,0,0,0,0,0,0,0,48,2026-02-04 17:54:40.437142
ELEC-day3,0.0,0.0,0.0,,,,0,0,0,0,0,0,0,0,0,0,0,0,48,2026-02-04 17:54:40.437142
ELEC-day4,0.0,0.0,0.0,,,,0,0,0,0,0,0,0,0,0,0,0,0,48,2026-02-04 17:54:40.437142
ELEC-day5,0.0,0.0,0.0,,,,0,0,0,0,0,0,0,0,0,0,0,0,48,2026-02-04 17:54:40.437142
ELEC-day6,0.0,0.0,0.0,,,,0,0,0,0,0,0,0,0,0,0,0,0,48,2026-02-04 17:54:40.437142
ELEC-F,0.0,0.0,65.0,,,20.0,0,0,0,0,0,0,0,0,0,0,0,0,48,2026-02-04 17:54:40.437142
NG,2.13,2.11,2.15,800000.0,800000.0,,0,0,0,0,0,0,0,0,0,0,0,0,49,2026-02-04 17:54:41.499570
ELEC-day2,0.0,0.0,0.0,,,,0,0,0,0,0,0,0,0,0,0,0,0,49,2026-02-04 17:54:41.499570
ELEC-day3,0.0,0.0,0.0,,,,0,0,0,0,0,0,0,0,0,0,0,0,49,2026-02-04 17:54:41.499570
ELEC-day4,0.0,0.0,0.0,,,,0,0,0,0,0,0,0,0,0,0,0,0,49,2026-02-04 17:54:41.499570
ELEC-day5,0.0,0.0,0.0,,,,0,0,0,0,0,0,0,0,0,0,0,0,49,2026-02-04 17:54:41.499570
ELEC-day6,0.0,0.0,0.0,,,,0,0,0,0,0,0,0,0,0,0,0,0,49,2026-02-04 17:54:41.499570
ELEC-F,0.0,0.0,65.0,,,20.0,0,0,0,0,0,0,0,0,0,0,0,0,49,2026-02-04 17:54:41.499570
NG,2.13,2.11,2.15,800000.0,800000.0,,0,0,0,0,0,0,0,0,0,0,0,0,50,2026-02-04 17:54:42.545261
ELEC-day2,0.0,0.0,0.0,,,,0,0,0,0,0,0,0,0,0,0,0,0,50,2026-02-04 17:54:42.545261
ELEC-day3,0.0,0.0,0.0,,,,0,0,0,0,0,0,0,0,0,0,0,0,50,2026-02-04 17:54:42.545261
ELEC-day4,0.0,0.0,0.0,,,,0,0,0,0,0,0,0,0,0,0,0,0,50,2026-02-04 17:54:42.545261
ELEC-day5,0.0,0.0,0.0,,,,0,0,0,0,0,0,0,0,0,0,0,0,50,2026-02-04 17:54:42.545261
ELEC-day6,0.0,0.0,0.0,,,,0,0,0,0,0,0,0,0,0,0,0,0,50,2026-02-04 17:54:42.545261
ELEC-F,0.0,0.0,65.0,,,20.0,0,0,0,0,0,0,0,0,0,0,0,0,50,2026-02-04 17:54:42.545261
NG,2.14,2.12,2.16,800000.0,800000.0,,0,0,0,0,0,0,0,0,0,0,0,0,51,2026-02-04 17:54:43.590286
ELEC-day2,0.0,0.0,0.0,,,,0,0,0,0,0,0,0,0,0,0,0,0,51,2026-02-04 17:54:43.590286
ELEC-day3,0.0,0.0,0.0,,,,0,0,0,0,0,0,0,0,0,0,0,0,51,2026-02-04 17:54:43.590286
ELEC-day4,0.0,0.0,0.0,,,,0,0,0,0,0,0,0,0,0,0,0,0,51,2026-02-04 17:54:43.590286
ELEC-day5,0.0,0.0,0.0,,,,0,0,0,0,0,0,0,0,0,0,0,0,51,2026-02-04 17:54:43.590286
ELEC-day6,0.0,0.0,0.0,,,,0,0,0,0,0,0,0,0,0,0,0,0,51,2026-02-04 17:54:43.590286
ELEC-F,0.0,0.0,65.0,,,20.0,0,0,0,0,0,0,0,0,0,0,0,0,51,2026-02-04 17:54:43.590286
NG,2.15,2.13,2.17,800000.0,800000.0,,0,0,0,0,0,0,0,0,0,0,0,0,52,2026-02-04 17:54:44.635427
ELEC-day2,0.0,0.0,0.0,,,,0,0,0,0,0,0,0,0,0,0,0,0,52,2026-02-04 17:54:44.635427
ELEC-day3,0.0,0.0,0.0,,,,0,0,0,0,0,0,0,0,0,0,0,0,52,2026-02-04 17:54:44.635427
ELEC-day4,0.0,0.0,0.0,,,,0,0,0,0,0,0,0,0,0,0,0,0,52,2026-02-04 17:54:44.635427
ELEC-day5,0.0,0.0,0.0,,,,0,0,0,0,0,0,0,0,0,0,0,0,52,2026-02-04 17:54:44.635427
ELEC-day6,0.0,0.0,0.0,,,,0,0,0,0,0,0,0,0,0,0,0,0,52,2026-02-04 17:54:44.635427
ELEC-F,0.0,0.0,65.0,,,20.0,0,0,0,0,0,0,0,0,0,0,0,0,52,2026-02-04 17:54:44.635427
NG,2.15,2.13,2.17,800000.0,800000.0,,0,0,0,0,0,0,0,0,0,0,0,0,53,2026-02-04 17:54:45.682965
ELEC-day2,0.0,0.0,0.0,,,,0,0,0,0,0,0,0,0,0,0,0,0,53,2026-02-04 17:54:45.682965
ELEC-day3,0.0,0.0,0.0,,,,0,0,0,0,0,0,0,0,0,0,0,0,53,2026-02-04 17:54:45.682965
ELEC-day4,0.0,0.0,0.0,,,,0,0,0,0,0,0,0,0,0,0,0,0,53,2026-02-04 17:54:45.682965
ELEC-day5,0.0,0.0,0.0,,,,0,0,0,0,0,0,0,0,0,0,0,0,53,2026-02-04 17:54:45.682965
ELEC-day6,0.0,0.0,0.0,,,,0,0,0,0,0,0,0,0,0,0,0,0,53,2026-02-04 17:54:45.682965
ELEC-F,0.0,0.0,65.0,,,20.0,0,0,0,0,0,0,0,0,0,0,0,0,53,2026-02-04 17:54:45.682965
NG,2.15,2.13,2.17,800000.0,800000.0,,0,0,0,0,0,0,0,0,0,0,0,0,54,2026-02-04 17:54:46.727033
ELEC-day2,0.0,0.0,0.0,,,,0,0,0,0,0,0,0,0,0,0,0,0,54,2026-02-04 17:54:46.727033
ELEC-day3,0.0,0.0,0.0,,,,0,0,0,0,0,0,0,0,0,0,0,0,54,2026-02-04 17:54:46.727033
ELEC-day4,0.0,0.0,0.0,,,,0,0,0,0,0,0,0,0,0,0,0,0,54,2026-02-04 17:54:46.727033
ELEC-day5,0.0,0.0,0.0,,,,0,0,0,0,0,0,0,0,0,0,0,0,54,2026-02-04 17:54:46.727033
ELEC-day6,0.0,0.0,0.0,,,,0,0,0,0,0,0,0,0,0,0,0,0,54,2026-02-04 17:54:46.727033
ELEC-F,0.0,0.0,65.0,,,20.0,0,0,0,0,0,0,0,0,0,0,0,0,54,2026-02-04 17:54:46.727033
NG,2.16,2.14,2.18,800000.0,800000.0,,0,0,0,0,0,0,0,0,0,0,0,0,55,2026-02-04 17:54:47.327789
ELEC-day2,0.0,0.0,0.0,,,,0,0,0,0,0,0,0,0,0,0,0,0,55,2026-02-04 17:54:47.327789
ELEC-day3,0.0,0.0,0.0,,,,0,0,0,0,0,0,0,0,0,0,0,0,55,2026-02-04 17:54:47.327789
ELEC-day4,0.0,0.0,0.0,,,,0,0,0,0,0,0,0,0,0,0,0,0,55,2026-02-04 17:54:47.327789
ELEC-day5,0.0,0.0,0.0,,,,0,0,0,0,0,0,0,0,0,0,0,0,55,2026-02-04 17:54:47.327789
ELEC-day6,0.0,0.0,0.0,,,,0,0,0,0,0,0,0,0,0,0,0,0,55,2026-02-04 17:54:47.327789
ELEC-F,0.0,0.0,65.0,,,20.0,0,0,0,0,0,0,0,0,0,0,0,0,55,2026-02-04 17:54:47.327789
NG,2.17,2.15,2.19,800000.0,800000.0,,0,0,0,0,0,0,0,0,0,0,0,0,56,2026-02-04 17:54:48.460998
ELEC-day2,0.0,0.0,0.0,,,,0,0,0,0,0,0,0,0,0,0,0,0,56,2026-02-04 17:54:48.460998
ELEC-day3,0.0,0.0,0.0,,,,0,0,0,0,0,0,0,0,0,0,0,0,56,2026-02-04 17:54:48.460998
ELEC-day4,0.0,0.0,0.0,,,,0,0,0,0,0,0,0,0,0,0,0,0,56,2026-02-04 17:54:48.460998
ELEC-day5,0.0,0.0,0.0,,,,0,0,0,0,0,0,0,0,0,0,0,0,56,2026-02-04 17:54:48.460998
ELEC-day6,0.0,0.0,0.0,,,,0,0,0,0,0,0,0,0,0,0,0,0,56,2026-02-04 17:54:48.460998
ELEC-F,0.0,0.0,65.0,,,20.0,0,0,0,0,0,0,0,0,0,0,0,0,56,2026-02-04 17:54:48.460998
NG,2.18,2.16,2.2,800000.0,800000.0,,0,0,0,0,0,0,0,0,0,0,0,0,57,2026-02-04 17:54:49.512298
ELEC-day2,0.0,0.0,0.0,,,,0,0,0,0,0,0,0,0,0,0,0,0,57,2026-02-04 17:54:49.512298
ELEC-day3,0.0,0.0,0.0,,,,0,0,0,0,0,0,0,0,0,0,0,0,57,2026-02-04 17:54:49.512298
ELEC-day4,0.0,0.0,0.0,,,,0,0,0,0,0,0,0,0,0,0,0,0,57,2026-02-04 17:54:49.512298
ELEC-day5,0.0,0.0,0.0,,,,0,0,0,0,0,0,0,0,0,0,0,0,57,2026-02-04 17:54:49.512298
ELEC-day6,0.0,0.0,0.0,,,,0,0,0,0,0,0,0,0,0,0,0,0,57,2026-02-04 17:54:49.512298
ELEC-F,0.0,0.0,65.0,,,20.0,0,0,0,0,0,0,0,0,0,0,0,0,57,2026-02-04 17:54:49.512298
NG,2.18,2.16,2.2,800000.0,800000.0,,0,0,0,0,0,0,0,0,0,0,0,0,58,2026-02-04 17:54:50.560067
ELEC-day2,0.0,0.0,0.0,,,,0,0,0,0,0,0,0,0,0,0,0,0,58,2026-02-04 17:54:50.560067
ELEC-day3,0.0,0.0,0.0,,,,0,0,0,0,0,0,0,0,0,0,0,0,58,2026-02-04 17:54:50.560067
ELEC-day4,0.0,0.0,0.0,,,,0,0,0,0,0,0,0,0,0,0,0,0,58,2026-02-04 17:54:50.560067
ELEC-day5,0.0,0.0,0.0,,,,0,0,0,0,0,0,0,0,0,0,0,0,58,2026-02-04 17:54:50.560067
ELEC-day6,0.0,0.0,0.0,,,,0,0,0,0,0,0,0,0,0,0,0,0,58,2026-02-04 17:54:50.560067
ELEC-F,0.0,0.0,65.0,,,20.0,0,0,0,0,0,0,0,0,0,0,0,0,58,2026-02-04 17:54:50.560067
NG,2.18,2.16,2.2,800000.0,800000.0,,0,0,0,0,0,0,0,0,0,0,0,0,59,2026-02-04 17:54:51.622686
ELEC-day2,0.0,0.0,0.0,,,,0,0,0,0,0,0,0,0,0,0,0,0,59,2026-02-04 17:54:51.622686
ELEC-day3,0.0,0.0,0.0,,,,0,0,0,0,0,0,0,0,0,0,0,0,59,2026-02-04 17:54:51.622686
ELEC-day4,0.0,0.0,0.0,,,,0,0,0,0,0,0,0,0,0,0,0,0,59,2026-02-04 17:54:51.622686
ELEC-day5,0.0,0.0,0.0,,,,0,0,0,0,0,0,0,0,0,0,0,0,59,2026-02-04 17:54:51.622686
ELEC-day6,0.0,0.0,0.0,,,,0,0,0,0,0,0,0,0,0,0,0,0,59,2026-02-04 17:54:51.622686
ELEC-F,0.0,0.0,65.0,,,20.0,0,0,0,0,0,0,0,0,0,0,0,0,59,2026-02-04 17:54:51.622686
NG,2.18,2.16,2.2,800000.0,800000.0,,0,0,0,0,0,0,0,0,0,0,0,0,60,2026-02-04 17:54:52.687552
ELEC-day2,0.0,0.0,0.0,,,,0,0,0,0,0,0,0,0,0,0,0,0,60,2026-02-04 17:54:52.687552
ELEC-day3,0.0,0.0,0.0,,,,0,0,0,0,0,0,0,0,0,0,0,0,60,2026-02-04 17:54:52.687552
ELEC-day4,0.0,0.0,0.0,,,,0,0,0,0,0,0,0,0,0,0,0,0,60,2026-02-04 17:54:52.687552
ELEC-day5,0.0,0.0,0.0,,,,0,0,0,0,0,0,0,0,0,0,0,0,60,2026-02-04 17:54:52.687552
ELEC-day6,0.0,0.0,0.0,,,,0,0,0,0,0,0,0,0,0,0,0,0,60,2026-02-04 17:54:52.687552
ELEC-F,0.0,0.0,65.0,,,20.0,0,0,0,0,0,0,0,0,0,0,0,0,60,2026-02-04 17:54:52.687552
NG,2.17,2.15,2.19,800000.0,800000.0,,0,0,0,0,0,0,0,0,0,0,0,0,61,2026-02-04 17:54:53.746352
ELEC-day2,0.0,0.0,0.0,,,,0,0,0,0,0,0,0,0,0,0,0,0,61,2026-02-04 17:54:53.746352
ELEC-day3,0.0,0.0,0.0,,,,0,0,0,0,0,0,0,0,0,0,0,0,61,2026-02-04 17:54:53.746352
ELEC-day4,0.0,0.0,0.0,,,,0,0,0,0,0,0,0,0,0,0,0,0,61,2026-02-04 17:54:53.746352
ELEC-day5,0.0,0.0,0.0,,,,0,0,0,0,0,0,0,0,0,0,0,0,61,2026-02-04 17:54:53.746352
ELEC-day6,0.0,0.0,0.0,,,,0,0,0,0,0,0,0,0,0,0,0,0,61,2026-02-04 17:54:53.746352
ELEC-F,0.0,0.0,65.0,,,20.0,0,0,0,0,0,0,0,0,0,0,0,0,61,2026-02-04 17:54:53.746352
NG,2.17,2.15,2.19,800000.0,800000.0,,0,0,0,0,0,0,0,0,0,0,0,0,62,2026-02-04 17:54:54.782535
ELEC-day2,0.0,0.0,0.0,,,,0,0,0,0,0,0,0,0,0,0,0,0,62,2026-02-04 17:54:54.782535
ELEC-day3,0.0,0.0,0.0,,,,0,0,0,0,0,0,0,0,0,0,0,0,62,2026-02-04 17:54:54.782535
ELEC-day4,0.0,0.0,0.0,,,,0,0,0,0,0,0,0,0,0,0,0,0,62,2026-02-04 17:54:54.782535
ELEC-day5,0.0,0.0,0.0,,,,0,0,0,0,0,0,0,0,0,0,0,0,62,2026-02-04 17:54:54.782535
ELEC-day6,0.0,0.0,0.0,,,,0,0,0,0,0,0,0,0,0,0,0,0,62,2026-02-04 17:54:54.782535
ELEC-F,0.0,0.0,65.0,,,20.0,0,0,0,0,0,0,0,0,0,0,0,0,62,2026-02-04 17:54:54.782535
NG,2.17,2.15,2.19,800000.0,800000.0,,0,0,0,0,0,0,0,0,0,0,0,0,63,2026-02-04 17:54:55.354725
ELEC-day2,0.0,0.0,0.0,,,,0,0,0,0,0,0,0,0,0,0,0,0,63,2026-02-04 17:54:55.354725
ELEC-day3,0.0,0.0,0.0,,,,0,0,0,0,0,0,0,0,0,0,0,0,63,2026-02-04 17:54:55.354725
ELEC-day4,0.0,0.0,0.0,,,,0,0,0,0,0,0,0,0,0,0,0,0,63,2026-02-04 17:54:55.354725
ELEC-day5,0.0,0.0,0.0,,,,0,0,0,0,0,0,0,0,0,0,0,0,63,2026-02-04 17:54:55.354725
ELEC-day6,0.0,0.0,0.0,,,,0,0,0,0,0,0,0,0,0,0,0,0,63,2026-02-04 17:54:55.354725
ELEC-F,0.0,0.0,65.0,,,20.0,0,0,0,0,0,0,0,0,0,0,0,0,63,2026-02-04 17:54:55.354725
NG,2.17,2.15,2.19,800000.0,800000.0,,0,0,0,0,0,0,0,0,0,0,0,0,64,2026-02-04 17:54:56.480571
ELEC-day2,0.0,0.0,0.0,,,,0,0,0,0,0,0,0,0,0,0,0,0,64,2026-02-04 17:54:56.480571
ELEC-day3,0.0,0.0,0.0,,,,0,0,0,0,0,0,0,0,0,0,0,0,64,2026-02-04 17:54:56.480571
ELEC-day4,0.0,0.0,0.0,,,,0,0,0,0,0,0,0,0,0,0,0,0,64,2026-02-04 17:54:56.480571
ELEC-day5,0.0,0.0,0.0,,,,0,0,0,0,0,0,0,0,0,0,0,0,64,2026-02-04 17:54:56.480571
ELEC-day6,0.0,0.0,0.0,,,,0,0,0,0,0,0,0,0,0,0,0,0,64,2026-02-04 17:54:56.480571
ELEC-F,0.0,0.0,65.0,,,20.0,0,0,0,0,0,0,0,0,0,0,0,0,64,2026-02-04 17:54:56.480571
NG,2.17,2.15,2.19,800000.0,800000.0,,0,0,0,0,0,0,0,0,0,0,0,0,65,2026-02-04 17:54:57.526731
ELEC-day2,0.0,0.0,0.0,,,,0,0,0,0,0,0,0,0,0,0,0,0,65,2026-02-04 17:54:57.526731
ELEC-day3,0.0,0.0,0.0,,,,0,0,0,0,0,0,0,0,0,0,0,0,65,2026-02-04 17:54:57.526731
ELEC-day4,0.0,0.0,0.0,,,,0,0,0,0,0,0,0,0,0,0,0,0,65,2026-02-04 17:54:57.526731
ELEC-day5,0.0,0.0,0.0,,,,0,0,0,0,0,0,0,0,0,0,0,0,65,2026-02-04 17:54:57.526731
ELEC-day6,0.0,0.0,0.0,,,,0,0,0,0,0,0,0,0,0,0,0,0,65,2026-02-04 17:54:57.526731
ELEC-F,0.0,0.0,65.0,,,20.0,0,0,0,0,0,0,0,0,0,0,0,0,65,2026-02-04 17:54:57.526731
NG,2.17,2.15,2.19,800000.0,800000.0,,0,0,0,0,0,0,0,0,0,0,0,0,66,2026-02-04 17:54:58.564360
ELEC-day2,0.0,0.0,0.0,,,,0,0,0,0,0,0,0,0,0,0,0,0,66,2026-02-04 17:54:58.564360
ELEC-day3,0.0,0.0,0.0,,,,0,0,0,0,0,0,0,0,0,0,0,0,66,2026-02-04 17:54:58.564360
ELEC-day4,0.0,0.0,0.0,,,,0,0,0,0,0,0,0,0,0,0,0,0,66,2026-02-04 17:54:58.564360
ELEC-day5,0.0,0.0,0.0,,,,0,0,0,0,0,0,0,0,0,0,0,0,66,2026-02-04 17:54:58.564360
ELEC-day6,0.0,0.0,0.0,,,,0,0,0,0,0,0,0,0,0,0,0,0,66,2026-02-04 17:54:58.564360
ELEC-F,0.0,0.0,65.0,,,20.0,0,0,0,0,0,0,0,0,0,0,0,0,66,2026-02-04 17:54:58.564360
NG,2.17,2.15,2.19,800000.0,800000.0,,0,0,0,0,0,0,0,0,0,0,0,0,67,2026-02-04 17:54:59.605336
ELEC-day2,0.0,0.0,0.0,,,,0,0,0,0,0,0,0,0,0,0,0,0,67,2026-02-04 17:54:59.605336
ELEC-day3,0.0,0.0,0.0,,,,0,0,0,0,0,0,0,0,0,0,0,0,67,2026-02-04 17:54:59.605336
ELEC-day4,0.0,0.0,0.0,,,,0,0,0,0,0,0,0,0,0,0,0,0,67,2026-02-04 17:54:59.605336
ELEC-day5,0.0,0.0,0.0,,,,0,0,0,0,0,0,0,0,0,0,0,0,67,2026-02-04 17:54:59.605336
ELEC-day6,0.0,0.0,0.0,,,,0,0,0,0,0,0,0,0,0,0,0,0,67,2026-02-04 17:54:59.605336
ELEC-F,0.0,0.0,65.0,,,20.0,0,0,0,0,0,0,0,0,0,0,0,0,67,2026-02-04 17:54:59.605336
NG,2.17,2.15,2.19,800000.0,800000.0,,0,0,0,0,0,0,0,0,0,0,0,0,68,2026-02-04 17:55:00.641525
ELEC-day2,0.0,0.0,0.0,,,,0,0,0,0,0,0,0,0,0,0,0,0,68,2026-02-04 17:55:00.641525
ELEC-day3,0.0,0.0,0.0,,,,0,0,0,0,0,0,0,0,0,0,0,0,68,2026-02-04 17:55:00.641525
ELEC-day4,0.0,0.0,0.0,,,,0,0,0,0,0,0,0,0,0,0,0,0,68,2026-02-04 17:55:00.641525
ELEC-day5,0.0,0.0,0.0,,,,0,0,0,0,0,0,0,0,0,0,0,0,68,2026-02-04 17:55:00.641525
ELEC-day6,0.0,0.0,0.0,,,,0,0,0,0,0,0,0,0,0,0,0,0,68,2026-02-04 17:55:00.641525
ELEC-F,0.0,0.0,65.0,,,20.0,0,0,0,0,0,0,0,0,0,0,0,0,68,2026-02-04 17:55:00.641525
NG,2.17,2.15,2.19,800000.0,800000.0,,0,0,0,0,0,0,0,0,0,0,0,0,69,2026-02-04 17:55:01.682229
ELEC-day2,0.0,0.0,0.0,,,,0,0,0,0,0,0,0,0,0,0,0,0,69,2026-02-04 17:55:01.682229
ELEC-day3,0.0,0.0,0.0,,,,0,0,0,0,0,0,0,0,0,0,0,0,69,2026-02-04 17:55:01.682229
ELEC-day4,0.0,0.0,0.0,,,,0,0,0,0,0,0,0,0,0,0,0,0,69,2026-02-04 17:55:01.682229
ELEC-day5,0.0,0.0,0.0,,,,0,0,0,0,0,0,0,0,0,0,0,0,69,2026-02-04 17:55:01.682229
ELEC-day6,0.0,0.0,0.0,,,,0,0,0,0,0,0,0,0,0,0,0,0,69,2026-02-04 17:55:01.682229
ELEC-F,0.0,0.0,65.0,,,20.0,0,0,0,0,0,0,0,0,0,0,0,0,69,2026-02-04 17:55:01.682229
NG,2.17,2.15,2.19,800000.0,800000.0,,0,0,0,0,0,0,0,0,0,0,0,0,70,2026-02-04 17:55:02.718213
ELEC-day2,0.0,0.0,0.0,,,,0,0,0,0,0,0,0,0,0,0,0,0,70,2026-02-04 17:55:02.718213
ELEC-day3,0.0,0.0,0.0,,,,0,0,0,0,0,0,0,0,0,0,0,0,70,2026-02-04 17:55:02.718213
ELEC-day4,0.0,0.0,0.0,,,,0,0,0,0,0,0,0,0,0,0,0,0,70,2026-02-04 17:55:02.718213
ELEC-day5,0.0,0.0,0.0,,,,0,0,0,0,0,0,0,0,0,0,0,0,70,2026-02-04 17:55:02.718213
ELEC-day6,0.0,0.0,0.0,,,,0,0,0,0,0,0,0,0,0,0,0,0,70,2026-02-04 17:55:02.718213
ELEC-F,65.0,0.0,65.0,,,10.0,0,0,0,0,0,0,0,0,0,0,0,0,70,2026-02-04 17:55:02.718213
NG,2.16,2.14,2.18,800000.0,800000.0,,0,0,0,0,0,0,0,0,0,0,0,0,71,2026-02-04 17:55:03.753556
ELEC-day2,0.0,0.0,0.0,,,,0,0,0,0,0,0,0,0,0,0,0,0,71,2026-02-04 17:55:03.753556
ELEC-day3,0.0,0.0,0.0,,,,0,0,0,0,0,0,0,0,0,0,0,0,71,2026-02-04 17:55:03.753556
ELEC-day4,0.0,0.0,0.0,,,,0,0,0,0,0,0,0,0,0,0,0,0,71,2026-02-04 17:55:03.753556
ELEC-day5,0.0,0.0,0.0,,,,0,0,0,0,0,0,0,0,0,0,0,0,71,2026-02-04 17:55:03.753556
ELEC-day6,0.0,0.0,0.0,,,,0,0,0,0,0,0,0,0,0,0,0,0,71,2026-02-04 17:55:03.753556
ELEC-F,65.0,0.0,65.0,,,10.0,0,0,0,0,0,0,0,0,0,0,0,0,71,2026-02-04 17:55:03.753556
NG,2.17,2.15,2.19,800000.0,800000.0,0,0,0,0,0,0,0,0,0,0,0,0,0,72,2026-02-04 17:55:04.784993
ELEC-day2,0.0,0.0,0.0,,,0,0,0,0,0,0,0,0,0,0,0,0,0,72,2026-02-04 17:55:04.784993
ELEC-day3,0.0,0.0,0.0,,,0,0,0,0,0,0,0,0,0,0,0,0,0,72,2026-02-04 17:55:04.784993
ELEC-day4,0.0,0.0,0.0,,,0,0,0,0,0,0,0,0,0,0,0,0,0,72,2026-02-04 17:55:04.784993
ELEC-day5,0.0,0.0,0.0,,,0,0,0,0,0,0,0,0,0,0,0,0,0,72,2026-02-04 17:55:04.784993
ELEC-day6,0.0,0.0,0.0,,,0,0,0,0,0,0,0,0,0,0,0,0,0,72,2026-02-04 17:55:04.784993
ELEC-F,65.0,0.0,0.0,,,0,0,0,0,0,0,0,0,0,0,0,0,0,72,2026-02-04 17:55:04.784993
NG,2.16,2.14,2.18,800000.0,800000.0,0,0,0,0,0,0,0,0,0,0,0,0,0,73,2026-02-04 17:55:05.818351
ELEC-day2,0.0,0.0,0.0,,,0,0,0,0,0,0,0,0,0,0,0,0,0,73,2026-02-04 17:55:05.818351
ELEC-day3,0.0,0.0,0.0,,,0,0,0,0,0,0,0,0,0,0,0,0,0,73,2026-02-04 17:55:05.818351
ELEC-day4,0.0,0.0,0.0,,,0,0,0,0,0,0,0,0,0,0,0,0,0,73,2026-02-04 17:55:05.818351
ELEC-day5,0.0,0.0,0.0,,,0,0,0,0,0,0,0,0,0,0,0,0,0,73,2026-02-04 17:55:05.818351
ELEC-day6,0.0,0.0,0.0,,,0,0,0,0,0,0,0,0,0,0,0,0,0,73,2026-02-04 17:55:05.818351
ELEC-F,65.0,0.0,0.0,,,0,0,0,0,0,0,0,0,0,0,0,0,0,73,2026-02-04 17:55:05.818351
NG,2.16,2.14,2.18,800000.0,800000.0,0,0,0,0,0,0,0,0,0,0,0,0,0,74,2026-02-04 17:55:06.925486
ELEC-day2,0.0,0.0,0.0,,,0,0,0,0,0,0,0,0,0,0,0,0,0,74,2026-02-04 17:55:06.925486
ELEC-day3,0.0,0.0,0.0,,,0,0,0,0,0,0,0,0,0,0,0,0,0,74,2026-02-04 17:55:06.925486
ELEC-day4,0.0,0.0,0.0,,,0,0,0,0,0,0,0,0,0,0,0,0,0,74,2026-02-04 17:55:06.925486
ELEC-day5,0.0,0.0,0.0,,,0,0,0,0,0,0,0,0,0,0,0,0,0,74,2026-02-04 17:55:06.925486
ELEC-day6,0.0,0.0,0.0,,,0,0,0,0,0,0,0,0,0,0,0,0,0,74,2026-02-04 17:55:06.925486
ELEC-F,65.0,0.0,0.0,,,0,0,0,0,0,0,0,0,0,0,0,0,0,74,2026-02-04 17:55:06.925486
NG,2.16,2.14,2.18,800000.0,800000.0,0,0,0,0,0,0,0,0,0,0,0,0,0,75,2026-02-04 17:55:07.494491
ELEC-day2,0.0,0.0,0.0,,,0,0,0,0,0,0,0,0,0,0,0,0,0,75,2026-02-04 17:55:07.494491
ELEC-day3,0.0,0.0,0.0,,,0,0,0,0,0,0,0,0,0,0,0,0,0,75,2026-02-04 17:55:07.494491
ELEC-day4,0.0,0.0,0.0,,,0,0,0,0,0,0,0,0,0,0,0,0,0,75,2026-02-04 17:55:07.494491
ELEC-day5,0.0,0.0,0.0,,,0,0,0,0,0,0,0,0,0,0,0,0,0,75,2026-02-04 17:55:07.494491
ELEC-day6,0.0,0.0,0.0,,,0,0,0,0,0,0,0,0,0,0,0,0,0,75,2026-02-04 17:55:07.494491
ELEC-F,65.0,0.0,0.0,,,0,0,0,0,0,0,0,0,0,0,0,0,0,75,2026-02-04 17:55:07.494491
NG,2.15,2.13,2.17,800000.0,800000.0,0,0,0,0,0,0,0,0,0,0,0,0,0,76,2026-02-04 17:55:08.555459
ELEC-day2,0.0,0.0,0.0,,,0,0,0,0,0,0,0,0,0,0,0,0,0,76,2026-02-04 17:55:08.555459
ELEC-day3,0.0,0.0,0.0,,,0,0,0,0,0,0,0,0,0,0,0,0,0,76,2026-02-04 17:55:08.555459
ELEC-day4,0.0,0.0,0.0,,,0,0,0,0,0,0,0,0,0,0,0,0,0,76,2026-02-04 17:55:08.555459
ELEC-day5,0.0,0.0,0.0,,,0,0,0,0,0,0,0,0,0,0,0,0,0,76,2026-02-04 17:55:08.555459
ELEC-day6,0.0,0.0,0.0,,,0,0,0,0,0,0,0,0,0,0,0,0,0,76,2026-02-04 17:55:08.555459
ELEC-F,65.0,0.0,0.0,,,0,0,0,0,0,0,0,0,0,0,0,0,0,76,2026-02-04 17:55:08.555459
NG,2.15,2.13,2.17,800000.0,800000.0,0,0,0,0,0,0,0,0,0,0,0,0,0,77,2026-02-04 17:55:09.599090
ELEC-day2,0.0,0.0,0.0,,,0,0,0,0,0,0,0,0,0,0,0,0,0,77,2026-02-04 17:55:09.599090
ELEC-day3,0.0,0.0,0.0,,,0,0,0,0,0,0,0,0,0,0,0,0,0,77,2026-02-04 17:55:09.599090
ELEC-day4,0.0,0.0,0.0,,,0,0,0,0,0,0,0,0,0,0,0,0,0,77,2026-02-04 17:55:09.599090
ELEC-day5,0.0,0.0,0.0,,,0,0,0,0,0,0,0,0,0,0,0,0,0,77,2026-02-04 17:55:09.599090
ELEC-day6,0.0,0.0,0.0,,,0,0,0,0,0,0,0,0,0,0,0,0,0,77,2026-02-04 17:55:09.599090
ELEC-F,65.0,0.0,0.0,,,0,0,0,0,0,0,0,0,0,0,0,0,0,77,2026-02-04 17:55:09.599090
NG,2.14,2.12,2.16,800000.0,800000.0,0,0,0,0,0,0,0,0,0,0,0,0,0,78,2026-02-04 17:55:10.634061
ELEC-day2,0.0,0.0,0.0,,,0,0,0,0,0,0,0,0,0,0,0,0,0,78,2026-02-04 17:55:10.634061
ELEC-day3,0.0,0.0,0.0,,,0,0,0,0,0,0,0,0,0,0,0,0,0,78,2026-02-04 17:55:10.634061
ELEC-day4,0.0,0.0,0.0,,,0,0,0,0,0,0,0,0,0,0,0,0,0,78,2026-02-04 17:55:10.634061
ELEC-day5,0.0,0.0,0.0,,,0,0,0,0,0,0,0,0,0,0,0,0,0,78,2026-02-04 17:55:10.634061
ELEC-day6,0.0,0.0,0.0,,,0,0,0,0,0,0,0,0,0,0,0,0,0,78,2026-02-04 17:55:10.634061
ELEC-F,65.0,0.0,0.0,,,0,0,0,0,0,0,0,0,0,0,0,0,0,78,2026-02-04 17:55:10.634061
NG,2.14,2.12,2.16,800000.0,800000.0,0,0,0,0,0,0,0,0,0,0,0,0,0,79,2026-02-04 17:55:11.674296
ELEC-day2,0.0,0.0,0.0,,,0,0,0,0,0,0,0,0,0,0,0,0,0,79,2026-02-04 17:55:11.674296
ELEC-day3,0.0,0.0,0.0,,,0,0,0,0,0,0,0,0,0,0,0,0,0,79,2026-02-04 17:55:11.674296
ELEC-day4,0.0,0.0,0.0,,,0,0,0,0,0,0,0,0,0,0,0,0,0,79,2026-02-04 17:55:11.674296
ELEC-day5,0.0,0.0,0.0,,,0,0,0,0,0,0,0,0,0,0,0,0,0,79,2026-02-04 17:55:11.674296
ELEC-day6,0.0,0.0,0.0,,,0,0,0,0,0,0,0,0,0,0,0,0,0,79,2026-02-04 17:55:11.674296
ELEC-F,65.0,0.0,0.0,,,0,0,0,0,0,0,0,0,0,0,0,0,0,79,2026-02-04 17:55:11.674296
NG,2.13,2.11,2.15,800000.0,800000.0,0,0,0,0,0,0,0,0,0,0,0,0,0,80,2026-02-04 17:55:12.730549
ELEC-day2,0.0,0.0,0.0,,,0,0,0,0,0,0,0,0,0,0,0,0,0,80,2026-02-04 17:55:12.730549
ELEC-day3,0.0,0.0,0.0,,,0,0,0,0,0,0,0,0,0,0,0,0,0,80,2026-02-04 17:55:12.730549
ELEC-day4,0.0,0.0,0.0,,,0,0,0,0,0,0,0,0,0,0,0,0,0,80,2026-02-04 17:55:12.730549
ELEC-day5,0.0,0.0,0.0,,,0,0,0,0,0,0,0,0,0,0,0,0,0,80,2026-02-04 17:55:12.730549
ELEC-day6,0.0,0.0,0.0,,,0,0,0,0,0,0,0,0,0,0,0,0,0,80,2026-02-04 17:55:12.730549
ELEC-F,65.0,0.0,0.0,,,0,0,0,0,0,0,0,0,0,0,0,0,0,80,2026-02-04 17:55:12.730549
NG,2.12,2.1,2.14,800000.0,800000.0,0,0,0,0,0,0,0,0,0,0,0,0,0,81,2026-02-04 17:55:13.768848
ELEC-day2,0.0,0.0,0.0,,,0,0,0,0,0,0,0,0,0,0,0,0,0,81,2026-02-04 17:55:13.768848
ELEC-day3,0.0,0.0,0.0,,,0,0,0,0,0,0,0,0,0,0,0,0,0,81,2026-02-04 17:55:13.768848
ELEC-day4,0.0,0.0,0.0,,,0,0,0,0,0,0,0,0,0,0,0,0,0,81,2026-02-04 17:55:13.768848
ELEC-day5,0.0,0.0,0.0,,,0,0,0,0,0,0,0,0,0,0,0,0,0,81,2026-02-04 17:55:13.768848
ELEC-day6,0.0,0.0,0.0,,,0,0,0,0,0,0,0,0,0,0,0,0,0,81,2026-02-04 17:55:13.768848
ELEC-F,65.0,0.0,0.0,,,0,0,0,0,0,0,0,0,0,0,0,0,0,81,2026-02-04 17:55:13.768848
NG,2.13,2.11,2.15,800000.0,800000.0,0,0,0,0,0,0,0,0,0,0,0,0,0,82,2026-02-04 17:55:14.806013
ELEC-day2,0.0,0.0,0.0,,,0,0,0,0,0,0,0,0,0,0,0,0,0,82,2026-02-04 17:55:14.806013
ELEC-day3,0.0,0.0,0.0,,,0,0,0,0,0,0,0,0,0,0,0,0,0,82,2026-02-04 17:55:14.806013
ELEC-day4,0.0,0.0,0.0,,,0,0,0,0,0,0,0,0,0,0,0,0,0,82,2026-02-04 17:55:14.806013
ELEC-day5,0.0,0.0,0.0,,,0,0,0,0,0,0,0,0,0,0,0,0,0,82,2026-02-04 17:55:14.806013
ELEC-day6,0.0,0.0,0.0,,,0,0,0,0,0,0,0,0,0,0,0,0,0,82,2026-02-04 17:55:14.806013
ELEC-F,65.0,0.0,0.0,,,0,0,0,0,0,0,0,0,0,0,0,0,0,82,2026-02-04 17:55:14.806013
NG,2.13,2.11,2.15,800000.0,800000.0,0,0,0,0,0,0,0,0,0,0,0,0,0,83,2026-02-04 17:55:15.845533
ELEC-day2,0.0,0.0,0.0,,,0,0,0,0,0,0,0,0,0,0,0,0,0,83,2026-02-04 17:55:15.845533
ELEC-day3,0.0,0.0,0.0,,,0,0,0,0,0,0,0,0,0,0,0,0,0,83,2026-02-04 17:55:15.845533
ELEC-day4,0.0,0.0,0.0,,,0,0,0,0,0,0,0,0,0,0,0,0,0,83,2026-02-04 17:55:15.845533
ELEC-day5,0.0,0.0,0.0,,,0,0,0,0,0,0,0,0,0,0,0,0,0,83,2026-02-04 17:55:15.845533
ELEC-day6,0.0,0.0,0.0,,,0,0,0,0,0,0,0,0,0,0,0,0,0,83,2026-02-04 17:55:15.845533
ELEC-F,65.0,0.0,0.0,,,0,0,0,0,0,0,0,0,0,0,0,0,0,83,2026-02-04 17:55:15.845533
NG,2.13,2.11,2.15,800000.0,800000.0,0,0,0,0,0,0,0,0,0,0,0,0,0,84,2026-02-04 17:55:16.884542
ELEC-day2,0.0,0.0,0.0,,,0,0,0,0,0,0,0,0,0,0,0,0,0,84,2026-02-04 17:55:16.884542
ELEC-day3,0.0,0.0,0.0,,,0,0,0,0,0,0,0,0,0,0,0,0,0,84,2026-02-04 17:55:16.884542
ELEC-day4,0.0,0.0,0.0,,,0,0,0,0,0,0,0,0,0,0,0,0,0,84,2026-02-04 17:55:16.884542
ELEC-day5,0.0,0.0,0.0,,,0,0,0,0,0,0,0,0,0,0,0,0,0,84,2026-02-04 17:55:16.884542
ELEC-day6,0.0,0.0,0.0,,,0,0,0,0,0,0,0,0,0,0,0,0,0,84,2026-02-04 17:55:16.884542
ELEC-F,65.0,0.0,0.0,,,0,0,0,0,0,0,0,0,0,0,0,0,0,84,2026-02-04 17:55:16.884542
NG,2.12,2.1,2.14,800000.0,800000.0,0,0,0,0,0,0,0,0,0,0,0,0,0,85,2026-02-04 17:55:17.485286
ELEC-day2,0.0,0.0,0.0,,,0,0,0,0,0,0,0,0,0,0,0,0,0,85,2026-02-04 17:55:17.485286
ELEC-day3,0.0,0.0,0.0,,,0,0,0,0,0,0,0,0,0,0,0,0,0,85,2026-02-04 17:55:17.485286
ELEC-day4,0.0,0.0,0.0,,,0,0,0,0,0,0,0,0,0,0,0,0,0,85,2026-02-04 17:55:17.485286
ELEC-day5,0.0,0.0,0.0,,,0,0,0,0,0,0,0,0,0,0,0,0,0,85,2026-02-04 17:55:17.485286
ELEC-day6,0.0,0.0,0.0,,,0,0,0,0,0,0,0,0,0,0,0,0,0,85,2026-02-04 17:55:17.485286
ELEC-F,65.0,0.0,0.0,,,0,0,0,0,0,0,0,0,0,0,0,0,0,85,2026-02-04 17:55:17.485286
NG,2.12,2.1,2.14,800000.0,800000.0,0,0,0,0,0,0,0,0,0,0,0,0,0,86,2026-02-04 17:55:18.596313
ELEC-day2,0.0,0.0,0.0,,,0,0,0,0,0,0,0,0,0,0,0,0,0,86,2026-02-04 17:55:18.596313
ELEC-day3,0.0,0.0,0.0,,,0,0,0,0,0,0,0,0,0,0,0,0,0,86,2026-02-04 17:55:18.596313
ELEC-day4,0.0,0.0,0.0,,,0,0,0,0,0,0,0,0,0,0,0,0,0,86,2026-02-04 17:55:18.596313
ELEC-day5,0.0,0.0,0.0,,,0,0,0,0,0,0,0,0,0,0,0,0,0,86,2026-02-04 17:55:18.596313
ELEC-day6,0.0,0.0,0.0,,,0,0,0,0,0,0,0,0,0,0,0,0,0,86,2026-02-04 17:55:18.596313
ELEC-F,65.0,0.0,0.0,,,0,0,0,0,0,0,0,0,0,0,0,0,0,86,2026-02-04 17:55:18.596313
NG,2.13,2.11,2.15,800000.0,800000.0,0,0,0,0,0,0,0,0,0,0,0,0,0,87,2026-02-04 17:55:19.648079
ELEC-day2,0.0,0.0,0.0,,,0,0,0,0,0,0,0,0,0,0,0,0,0,87,2026-02-04 17:55:19.648079
ELEC-day3,0.0,0.0,0.0,,,0,0,0,0,0,0,0,0,0,0,0,0,0,87,2026-02-04 17:55:19.648079
ELEC-day4,0.0,0.0,0.0,,,0,0,0,0,0,0,0,0,0,0,0,0,0,87,2026-02-04 17:55:19.648079
ELEC-day5,0.0,0.0,0.0,,,0,0,0,0,0,0,0,0,0,0,0,0,0,87,2026-02-04 17:55:19.648079
ELEC-day6,0.0,0.0,0.0,,,0,0,0,0,0,0,0,0,0,0,0,0,0,87,2026-02-04 17:55:19.648079
ELEC-F,65.0,0.0,0.0,,,0,0,0,0,0,0,0,0,0,0,0,0,0,87,2026-02-04 17:55:19.648079
NG,2.13,2.11,2.15,800000.0,800000.0,0,0,0,0,0,0,0,0,0,0,0,0,0,88,2026-02-04 17:55:20.686843
ELEC-day2,0.0,0.0,0.0,,,0,0,0,0,0,0,0,0,0,0,0,0,0,88,2026-02-04 17:55:20.686843
ELEC-day3,0.0,0.0,0.0,,,0,0,0,0,0,0,0,0,0,0,0,0,0,88,2026-02-04 17:55:20.686843
ELEC-day4,0.0,0.0,0.0,,,0,0,0,0,0,0,0,0,0,0,0,0,0,88,2026-02-04 17:55:20.686843
ELEC-day5,0.0,0.0,0.0,,,0,0,0,0,0,0,0,0,0,0,0,0,0,88,2026-02-04 17:55:20.686843
ELEC-day6,0.0,0.0,0.0,,,0,0,0,0,0,0,0,0,0,0,0,0,0,88,2026-02-04 17:55:20.686843
ELEC-F,65.0,0.0,0.0,,,0,0,0,0,0,0,0,0,0,0,0,0,0,88,2026-02-04 17:55:20.686843
NG,2.13,2.11,2.15,800000.0,800000.0,0,0,0,0,0,0,0,0,0,0,0,0,0,89,2026-02-04 17:55:21.732575
ELEC-day2,0.0,0.0,0.0,,,0,0,0,0,0,0,0,0,0,0,0,0,0,89,2026-02-04 17:55:21.732575
ELEC-day3,0.0,0.0,0.0,,,0,0,0,0,0,0,0,0,0,0,0,0,0,89,2026-02-04 17:55:21.732575
ELEC-day4,0.0,0.0,0.0,,,0,0,0,0,0,0,0,0,0,0,0,0,0,89,2026-02-04 17:55:21.732575
ELEC-day5,0.0,0.0,0.0,,,0,0,0,0,0,0,0,0,0,0,0,0,0,89,2026-02-04 17:55:21.732575
ELEC-day6,0.0,0.0,0.0,,,0,0,0,0,0,0,0,0,0,0,0,0,0,89,2026-02-04 17:55:21.732575
ELEC-F,65.0,0.0,0.0,,,0,0,0,0,0,0,0,0,0,0,0,0,0,89,2026-02-04 17:55:21.732575
NG,2.13,2.11,2.15,800000.0,800000.0,0,0,0,0,0,0,0,0,0,0,0,0,0,90,2026-02-04 17:55:22.777750,5.0,1.0,89.0,,TEMPERATURE Forecast for DAY 2,The average temperature tomorrow is forecasted to be between 28 and 36 degrees Celsius.
ELEC-day2,0.0,0.0,0.0,,,0,0,0,0,0,0,0,0,0,0,0,0,0,90,2026-02-04 17:55:22.777750,,,,,,
ELEC-day3,0.0,0.0,0.0,,,0,0,0,0,0,0,0,0,0,0,0,0,0,90,2026-02-04 17:55:22.777750,,,,,,
ELEC-day4,0.0,0.0,0.0,,,0,0,0,0,0,0,0,0,0,0,0,0,0,90,2026-02-04 17:55:22.777750,,,,,,
ELEC-day5,0.0,0.0,0.0,,,0,0,0,0,0,0,0,0,0,0,0,0,0,90,2026-02-04 17:55:22.777750,,,,,,
ELEC-day6,0.0,0.0,0.0,,,0,0,0,0,0,0,0,0,0,0,0,0,0,90,2026-02-04 17:55:22.777750,,,,,,
ELEC-F,65.0,0.0,0.0,,,0,0,0,0,0,0,0,0,0,0,0,0,0,90,2026-02-04 17:55:22.777750,,,,,,
NG,2.12,2.1,2.14,800000.0,800000.0,0,0,0,0,0,0,0,0,0,0,0,0,0,91,2026-02-04 17:55:23.821941
ELEC-day2,0.0,0.0,0.0,,,0,0,0,0,0,0,0,0,0,0,0,0,0,91,2026-02-04 17:55:23.821941
ELEC-day3,0.0,0.0,0.0,,,0,0,0,0,0,0,0,0,0,0,0,0,0,91,2026-02-04 17:55:23.821941
ELEC-day4,0.0,0.0,0.0,,,0,0,0,0,0,0,0,0,0,0,0,0,0,91,2026-02-04 17:55:23.821941
ELEC-day5,0.0,0.0,0.0,,,0,0,0,0,0,0,0,0,0,0,0,0,0,91,2026-02-04 17:55:23.821941
ELEC-day6,0.0,0.0,0.0,,,0,0,0,0,0,0,0,0,0,0,0,0,0,91,2026-02-04 17:55:23.821941
ELEC-F,65.0,0.0,0.0,,,0,0,0,0,0,0,0,0,0,0,0,0,0,91,2026-02-04 17:55:23.821941
NG,2.12,2.1,2.14,800000.0,800000.0,0,0,0,0,0,0,0,0,0,0,0,0,0,92,2026-02-04 17:55:24.861819
ELEC-day2,0.0,0.0,0.0,,,0,0,0,0,0,0,0,0,0,0,0,0,0,92,2026-02-04 17:55:24.861819
ELEC-day3,0.0,0.0,0.0,,,0,0,0,0,0,0,0,0,0,0,0,0,0,92,2026-02-04 17:55:24.861819
ELEC-day4,0.0,0.0,0.0,,,0,0,0,0,0,0,0,0,0,0,0,0,0,92,2026-02-04 17:55:24.861819
ELEC-day5,0.0,0.0,0.0,,,0,0,0,0,0,0,0,0,0,0,0,0,0,92,2026-02-04 17:55:24.861819
ELEC-day6,0.0,0.0,0.0,,,0,0,0,0,0,0,0,0,0,0,0,0,0,92,2026-02-04 17:55:24.861819
ELEC-F,65.0,0.0,0.0,,,0,0,0,0,0,0,0,0,0,0,0,0,0,92,2026-02-04 17:55:24.861819
NG,2.11,2.09,2.13,800000.0,800000.0,0,0,0,0,0,0,0,0,0,0,0,0,0,93,2026-02-04 17:55:25.911600
ELEC-day2,0.0,0.0,0.0,,,0,0,0,0,0,0,0,0,0,0,0,0,0,93,2026-02-04 17:55:25.911600
ELEC-day3,0.0,0.0,0.0,,,0,0,0,0,0,0,0,0,0,0,0,0,0,93,2026-02-04 17:55:25.911600
ELEC-day4,0.0,0.0,0.0,,,0,0,0,0,0,0,0,0,0,0,0,0,0,93,2026-02-04 17:55:25.911600
ELEC-day5,0.0,0.0,0.0,,,0,0,0,0,0,0,0,0,0,0,0,0,0,93,2026-02-04 17:55:25.911600
ELEC-day6,0.0,0.0,0.0,,,0,0,0,0,0,0,0,0,0,0,0,0,0,93,2026-02-04 17:55:25.911600
ELEC-F,65.0,0.0,0.0,,,0,0,0,0,0,0,0,0,0,0,0,0,0,93,2026-02-04 17:55:25.911600
NG,2.11,2.09,2.13,800000.0,800000.0,0,0,0,0,0,0,0,0,0,0,0,0,0,94,2026-02-04 17:55:26.520245
ELEC-day2,0.0,0.0,0.0,,,0,0,0,0,0,0,0,0,0,0,0,0,0,94,2026-02-04 17:55:26.520245
ELEC-day3,0.0,0.0,0.0,,,0,0,0,0,0,0,0,0,0,0,0,0,0,94,2026-02-04 17:55:26.520245
ELEC-day4,0.0,0.0,0.0,,,0,0,0,0,0,0,0,0,0,0,0,0,0,94,2026-02-04 17:55:26.520245
ELEC-day5,0.0,0.0,0.0,,,0,0,0,0,0,0,0,0,0,0,0,0,0,94,2026-02-04 17:55:26.520245
ELEC-day6,0.0,0.0,0.0,,,0,0,0,0,0,0,0,0,0,0,0,0,0,94,2026-02-04 17:55:26.520245
ELEC-F,65.0,0.0,0.0,,,0,0,0,0,0,0,0,0,0,0,0,0,0,94,2026-02-04 17:55:26.520245
NG,2.11,2.09,2.13,800000.0,800000.0,0,0,0,0,0,0,0,0,0,0,0,0,0,95,2026-02-04 17:55:27.634946
ELEC-day2,0.0,0.0,0.0,,,0,0,0,0,0,0,0,0,0,0,0,0,0,95,2026-02-04 17:55:27.634946
ELEC-day3,0.0,0.0,0.0,,,0,0,0,0,0,0,0,0,0,0,0,0,0,95,2026-02-04 17:55:27.634946
ELEC-day4,0.0,0.0,0.0,,,0,0,0,0,0,0,0,0,0,0,0,0,0,95,2026-02-04 17:55:27.634946
ELEC-day5,0.0,0.0,0.0,,,0,0,0,0,0,0,0,0,0,0,0,0,0,95,2026-02-04 17:55:27.634946
ELEC-day6,0.0,0.0,0.0,,,0,0,0,0,0,0,0,0,0,0,0,0,0,95,2026-02-04 17:55:27.634946
ELEC-F,65.0,0.0,0.0,,,0,0,0,0,0,0,0,0,0,0,0,0,0,95,2026-02-04 17:55:27.634946
NG,2.12,2.1,2.14,800000.0,800000.0,0,0,0,0,0,0,0,0,0,0,0,0,0,96,2026-02-04 17:55:28.675600
ELEC-day2,0.0,0.0,0.0,,,0,0,0,0,0,0,0,0,0,0,0,0,0,96,2026-02-04 17:55:28.675600
ELEC-day3,0.0,0.0,0.0,,,0,0,0,0,0,0,0,0,0,0,0,0,0,96,2026-02-04 17:55:28.675600
ELEC-day4,0.0,0.0,0.0,,,0,0,0,0,0,0,0,0,0,0,0,0,0,96,2026-02-04 17:55:28.675600
ELEC-day5,0.0,0.0,0.0,,,0,0,0,0,0,0,0,0,0,0,0,0,0,96,2026-02-04 17:55:28.675600
ELEC-day6,0.0,0.0,0.0,,,0,0,0,0,0,0,0,0,0,0,0,0,0,96,2026-02-04 17:55:28.675600
ELEC-F,65.0,0.0,0.0,,,0,0,0,0,0,0,0,0,0,0,0,0,0,96,2026-02-04 17:55:28.675600
NG,2.11,2.09,2.13,800000.0,800000.0,0,0,0,0,0,0,0,0,0,0,0,0,0,97,2026-02-04 17:55:29.703764
ELEC-day2,0.0,0.0,0.0,,,0,0,0,0,0,0,0,0,0,0,0,0,0,97,2026-02-04 17:55:29.703764
ELEC-day3,0.0,0.0,0.0,,,0,0,0,0,0,0,0,0,0,0,0,0,0,97,2026-02-04 17:55:29.703764
ELEC-day4,0.0,0.0,0.0,,,0,0,0,0,0,0,0,0,0,0,0,0,0,97,2026-02-04 17:55:29.703764
ELEC-day5,0.0,0.0,0.0,,,0,0,0,0,0,0,0,0,0,0,0,0,0,97,2026-02-04 17:55:29.703764
ELEC-day6,0.0,0.0,0.0,,,0,0,0,0,0,0,0,0,0,0,0,0,0,97,2026-02-04 17:55:29.703764
ELEC-F,65.0,0.0,0.0,,,0,0,0,0,0,0,0,0,0,0,0,0,0,97,2026-02-04 17:55:29.703764
NG,2.12,2.1,2.14,800000.0,800000.0,0,0,0,0,0,0,0,0,0,0,0,0,0,98,2026-02-04 17:55:30.736251
ELEC-day2,0.0,0.0,0.0,,,0,0,0,0,0,0,0,0,0,0,0,0,0,98,2026-02-04 17:55:30.736251
ELEC-day3,0.0,0.0,0.0,,,0,0,0,0,0,0,0,0,0,0,0,0,0,98,2026-02-04 17:55:30.736251
ELEC-day4,0.0,0.0,0.0,,,0,0,0,0,0,0,0,0,0,0,0,0,0,98,2026-02-04 17:55:30.736251
ELEC-day5,0.0,0.0,0.0,,,0,0,0,0,0,0,0,0,0,0,0,0,0,98,2026-02-04 17:55:30.736251
ELEC-day6,0.0,0.0,0.0,,,0,0,0,0,0,0,0,0,0,0,0,0,0,98,2026-02-04 17:55:30.736251
ELEC-F,65.0,0.0,0.0,,,0,0,0,0,0,0,0,0,0,0,0,0,0,98,2026-02-04 17:55:30.736251
NG,2.12,2.1,2.14,800000.0,800000.0,0,0,0,0,0,0,0,0,0,0,0,0,0,99,2026-02-04 17:55:31.769438
ELEC-day2,0.0,0.0,0.0,,,0,0,0,0,0,0,0,0,0,0,0,0,0,99,2026-02-04 17:55:31.769438
ELEC-day3,0.0,0.0,0.0,,,0,0,0,0,0,0,0,0,0,0,0,0,0,99,2026-02-04 17:55:31.769438
ELEC-day4,0.0,0.0,0.0,,,0,0,0,0,0,0,0,0,0,0,0,0,0,99,2026-02-04 17:55:31.769438
ELEC-day5,0.0,0.0,0.0,,,0,0,0,0,0,0,0,0,0,0,0,0,0,99,2026-02-04 17:55:31.769438
ELEC-day6,0.0,0.0,0.0,,,0,0,0,0,0,0,0,0,0,0,0,0,0,99,2026-02-04 17:55:31.769438
ELEC-F,65.0,0.0,0.0,,,0,0,0,0,0,0,0,0,0,0,0,0,0,99,2026-02-04 17:55:31.769438
NG,2.11,2.09,2.13,800000.0,800000.0,0,0,0,0,0,0,0,0,0,0,0,0,0,100,2026-02-04 17:55:32.797080
ELEC-day2,0.0,0.0,0.0,,,0,0,0,0,0,0,0,0,0,0,0,0,0,100,2026-02-04 17:55:32.797080
ELEC-day3,0.0,0.0,0.0,,,0,0,0,0,0,0,0,0,0,0,0,0,0,100,2026-02-04 17:55:32.797080
ELEC-day4,0.0,0.0,0.0,,,0,0,0,0,0,0,0,0,0,0,0,0,0,100,2026-02-04 17:55:32.797080
ELEC-day5,0.0,0.0,0.0,,,0,0,0,0,0,0,0,0,0,0,0,0,0,100,2026-02-04 17:55:32.797080
ELEC-day6,0.0,0.0,0.0,,,0,0,0,0,0,0,0,0,0,0,0,0,0,100,2026-02-04 17:55:32.797080
ELEC-F,65.0,0.0,0.0,,,0,0,0,0,0,0,0,0,0,0,0,0,0,100,2026-02-04 17:55:32.797080
NG,2.11,2.09,2.13,800000.0,800000.0,0,0,0,0,0,0,0,0,0,0,0,0,0,101,2026-02-04 17:55:33.831492
ELEC-day2,0.0,0.0,0.0,,,0,0,0,0,0,0,0,0,0,0,0,0,0,101,2026-02-04 17:55:33.831492
ELEC-day3,0.0,0.0,0.0,,,0,0,0,0,0,0,0,0,0,0,0,0,0,101,2026-02-04 17:55:33.831492
ELEC-day4,0.0,0.0,0.0,,,0,0,0,0,0,0,0,0,0,0,0,0,0,101,2026-02-04 17:55:33.831492
ELEC-day5,0.0,0.0,0.0,,,0,0,0,0,0,0,0,0,0,0,0,0,0,101,2026-02-04 17:55:33.831492
ELEC-day6,0.0,0.0,0.0,,,0,0,0,0,0,0,0,0,0,0,0,0,0,101,2026-02-04 17:55:33.831492
ELEC-F,65.0,0.0,0.0,,,0,0,0,0,0,0,0,0,0,0,0,0,0,101,2026-02-04 17:55:33.831492
NG,2.11,2.09,2.13,800000.0,800000.0,0,0,0,0,0,0,0,0,0,0,0,0,0,102,2026-02-04 17:55:34.870593
ELEC-day2,0.0,0.0,0.0,,,0,0,0,0,0,0,0,0,0,0,0,0,0,102,2026-02-04 17:55:34.870593
ELEC-day3,0.0,0.0,0.0,,,0,0,0,0,0,0,0,0,0,0,0,0,0,102,2026-02-04 17:55:34.870593
ELEC-day4,0.0,0.0,0.0,,,0,0,0,0,0,0,0,0,0,0,0,0,0,102,2026-02-04 17:55:34.870593
ELEC-day5,0.0,0.0,0.0,,,0,0,0,0,0,0,0,0,0,0,0,0,0,102,2026-02-04 17:55:34.870593
ELEC-day6,0.0,0.0,0.0,,,0,0,0,0,0,0,0,0,0,0,0,0,0,102,2026-02-04 17:55:34.870593
ELEC-F,65.0,0.0,0.0,,,0,0,0,0,0,0,0,0,0,0,0,0,0,102,2026-02-04 17:55:34.870593
NG,2.12,2.1,2.14,800000.0,800000.0,0,0,0,0,0,0,0,0,0,0,0,0,0,103,2026-02-04 17:55:35.908313
ELEC-day2,0.0,0.0,0.0,,,0,0,0,0,0,0,0,0,0,0,0,0,0,103,2026-02-04 17:55:35.908313
ELEC-day3,0.0,0.0,0.0,,,0,0,0,0,0,0,0,0,0,0,0,0,0,103,2026-02-04 17:55:35.908313
ELEC-day4,0.0,0.0,0.0,,,0,0,0,0,0,0,0,0,0,0,0,0,0,103,2026-02-04 17:55:35.908313
ELEC-day5,0.0,0.0,0.0,,,0,0,0,0,0,0,0,0,0,0,0,0,0,103,2026-02-04 17:55:35.908313
ELEC-day6,0.0,0.0,0.0,,,0,0,0,0,0,0,0,0,0,0,0,0,0,103,2026-02-04 17:55:35.908313
ELEC-F,16.0,0.0,0.0,,,0,0,0,0,0,0,0,0,0,0,0,0,0,103,2026-02-04 17:55:35.908313
NG,2.12,2.1,2.14,800000.0,800000.0,0,0,0,0,0,0,0,0,0,0,0,0,0,104,2026-02-04 17:55:36.939078
ELEC-day2,0.0,0.0,0.0,,,0,0,0,0,0,0,0,0,0,0,0,0,0,104,2026-02-04 17:55:36.939078
ELEC-day3,0.0,0.0,0.0,,,0,0,0,0,0,0,0,0,0,0,0,0,0,104,2026-02-04 17:55:36.939078
ELEC-day4,0.0,0.0,0.0,,,0,0,0,0,0,0,0,0,0,0,0,0,0,104,2026-02-04 17:55:36.939078
ELEC-day5,0.0,0.0,0.0,,,0,0,0,0,0,0,0,0,0,0,0,0,0,104,2026-02-04 17:55:36.939078
ELEC-day6,0.0,0.0,0.0,,,0,0,0,0,0,0,0,0,0,0,0,0,0,104,2026-02-04 17:55:36.939078
ELEC-F,16.0,0.0,0.0,,,0,0,0,0,0,0,0,0,0,0,0,0,0,104,2026-02-04 17:55:36.939078
NG,2.13,2.11,2.15,800000.0,800000.0,0,0,0,0,0,0,0,0,0,0,0,0,0,105,2026-02-04 17:55:37.980852
ELEC-day2,0.0,0.0,0.0,,,0,0,0,0,0,0,0,0,0,0,0,0,0,105,2026-02-04 17:55:37.980852
ELEC-day3,0.0,0.0,0.0,,,0,0,0,0,0,0,0,0,0,0,0,0,0,105,2026-02-04 17:55:37.980852
ELEC-day4,0.0,0.0,0.0,,,0,0,0,0,0,0,0,0,0,0,0,0,0,105,2026-02-04 17:55:37.980852
ELEC-day5,0.0,0.0,0.0,,,0,0,0,0,0,0,0,0,0,0,0,0,0,105,2026-02-04 17:55:37.980852
ELEC-day6,0.0,0.0,0.0,,,0,0,0,0,0,0,0,0,0,0,0,0,0,105,2026-02-04 17:55:37.980852
ELEC-F,16.0,0.0,0.0,,,0,0,0,0,0,0,0,0,0,0,0,0,0,105,2026-02-04 17:55:37.980852
NG,2.13,2.11,2.15,800000.0,800000.0,0,0,0,0,0,0,0,0,0,0,0,0,0,106,2026-02-04 17:55:38.575021
ELEC-day2,0.0,0.0,0.0,,,0,0,0,0,0,0,0,0,0,0,0,0,0,106,2026-02-04 17:55:38.575021
ELEC-day3,0.0,0.0,0.0,,,0,0,0,0,0,0,0,0,0,0,0,0,0,106,2026-02-04 17:55:38.575021
ELEC-day4,0.0,0.0,0.0,,,0,0,0,0,0,0,0,0,0,0,0,0,0,106,2026-02-04 17:55:38.575021
ELEC-day5,0.0,0.0,0.0,,,0,0,0,0,0,0,0,0,0,0,0,0,0,106,2026-02-04 17:55:38.575021
ELEC-day6,0.0,0.0,0.0,,,0,0,0,0,0,0,0,0,0,0,0,0,0,106,2026-02-04 17:55:38.575021
ELEC-F,16.0,0.0,0.0,,,0,0,0,0,0,0,0,0,0,0,0,0,0,106,2026-02-04 17:55:38.575021
NG,2.13,2.11,2.15,800000.0,800000.0,0,0,0,0,0,0,0,0,0,0,0,0,0,107,2026-02-04 17:55:39.698181
ELEC-day2,0.0,0.0,0.0,,,0,0,0,0,0,0,0,0,0,0,0,0,0,107,2026-02-04 17:55:39.698181
ELEC-day3,0.0,0.0,0.0,,,0,0,0,0,0,0,0,0,0,0,0,0,0,107,2026-02-04 17:55:39.698181
ELEC-day4,0.0,0.0,0.0,,,0,0,0,0,0,0,0,0,0,0,0,0,0,107,2026-02-04 17:55:39.698181
ELEC-day5,0.0,0.0,0.0,,,0,0,0,0,0,0,0,0,0,0,0,0,0,107,2026-02-04 17:55:39.698181
ELEC-day6,0.0,0.0,0.0,,,0,0,0,0,0,0,0,0,0,0,0,0,0,107,2026-02-04 17:55:39.698181
ELEC-F,16.0,0.0,0.0,,,0,0,0,0,0,0,0,0,0,0,0,0,0,107,2026-02-04 17:55:39.698181
NG,2.12,2.1,2.14,800000.0,800000.0,0,0,0,0,0,0,0,0,0,0,0,0,0,108,2026-02-04 17:55:40.733835
ELEC-day2,0.0,0.0,0.0,,,0,0,0,0,0,0,0,0,0,0,0,0,0,108,2026-02-04 17:55:40.733835
ELEC-day3,0.0,0.0,0.0,,,0,0,0,0,0,0,0,0,0,0,0,0,0,108,2026-02-04 17:55:40.733835
ELEC-day4,0.0,0.0,0.0,,,0,0,0,0,0,0,0,0,0,0,0,0,0,108,2026-02-04 17:55:40.733835
ELEC-day5,0.0,0.0,0.0,,,0,0,0,0,0,0,0,0,0,0,0,0,0,108,2026-02-04 17:55:40.733835
ELEC-day6,0.0,0.0,0.0,,,0,0,0,0,0,0,0,0,0,0,0,0,0,108,2026-02-04 17:55:40.733835
ELEC-F,16.0,0.0,0.0,,,0,0,0,0,0,0,0,0,0,0,0,0,0,108,2026-02-04 17:55:40.733835
NG,2.11,2.09,2.13,800000.0,800000.0,0,0,0,0,0,0,0,0,0,0,0,0,0,109,2026-02-04 17:55:41.777696
ELEC-day2,0.0,0.0,0.0,,,0,0,0,0,0,0,0,0,0,0,0,0,0,109,2026-02-04 17:55:41.777696
ELEC-day3,0.0,0.0,0.0,,,0,0,0,0,0,0,0,0,0,0,0,0,0,109,2026-02-04 17:55:41.777696
ELEC-day4,0.0,0.0,0.0,,,0,0,0,0,0,0,0,0,0,0,0,0,0,109,2026-02-04 17:55:41.777696
ELEC-day5,0.0,0.0,0.0,,,0,0,0,0,0,0,0,0,0,0,0,0,0,109,2026-02-04 17:55:41.777696
ELEC-day6,0.0,0.0,0.0,,,0,0,0,0,0,0,0,0,0,0,0,0,0,109,2026-02-04 17:55:41.777696
ELEC-F,16.0,0.0,0.0,,,0,0,0,0,0,0,0,0,0,0,0,0,0,109,2026-02-04 17:55:41.777696
NG,2.11,2.09,2.13,800000.0,800000.0,0,0,0,0,0,0,0,0,0,0,0,0,0,110,2026-02-04 17:55:42.818867
ELEC-day2,0.0,0.0,0.0,,,0,0,0,0,0,0,0,0,0,0,0,0,0,110,2026-02-04 17:55:42.818867
ELEC-day3,0.0,0.0,0.0,,,0,0,0,0,0,0,0,0,0,0,0,0,0,110,2026-02-04 17:55:42.818867
ELEC-day4,0.0,0.0,0.0,,,0,0,0,0,0,0,0,0,0,0,0,0,0,110,2026-02-04 17:55:42.818867
ELEC-day5,0.0,0.0,0.0,,,0,0,0,0,0,0,0,0,0,0,0,0,0,110,2026-02-04 17:55:42.818867
ELEC-day6,0.0,0.0,0.0,,,0,0,0,0,0,0,0,0,0,0,0,0,0,110,2026-02-04 17:55:42.818867
ELEC-F,16.0,0.0,0.0,,,0,0,0,0,0,0,0,0,0,0,0,0,0,110,2026-02-04 17:55:42.818867
NG,2.11,2.09,2.13,800000.0,800000.0,0,0,0,0,0,0,0,0,0,0,0,0,0,111,2026-02-04 17:55:43.863148
ELEC-day2,0.0,0.0,0.0,,,0,0,0,0,0,0,0,0,0,0,0,0,0,111,2026-02-04 17:55:43.863148
ELEC-day3,0.0,0.0,0.0,,,0,0,0,0,0,0,0,0,0,0,0,0,0,111,2026-02-04 17:55:43.863148
ELEC-day4,0.0,0.0,0.0,,,0,0,0,0,0,0,0,0,0,0,0,0,0,111,2026-02-04 17:55:43.863148
ELEC-day5,0.0,0.0,0.0,,,0,0,0,0,0,0,0,0,0,0,0,0,0,111,2026-02-04 17:55:43.863148
ELEC-day6,0.0,0.0,0.0,,,0,0,0,0,0,0,0,0,0,0,0,0,0,111,2026-02-04 17:55:43.863148
ELEC-F,16.0,0.0,0.0,,,0,0,0,0,0,0,0,0,0,0,0,0,0,111,2026-02-04 17:55:43.863148
NG,2.11,2.09,2.13,800000.0,800000.0,0,0,0,0,0,0,0,0,0,0,0,0,0,112,2026-02-04 17:55:44.895591
ELEC-day2,0.0,0.0,0.0,,,0,0,0,0,0,0,0,0,0,0,0,0,0,112,2026-02-04 17:55:44.895591
ELEC-day3,0.0,0.0,0.0,,,0,0,0,0,0,0,0,0,0,0,0,0,0,112,2026-02-04 17:55:44.895591
ELEC-day4,0.0,0.0,0.0,,,0,0,0,0,0,0,0,0,0,0,0,0,0,112,2026-02-04 17:55:44.895591
ELEC-day5,0.0,0.0,0.0,,,0,0,0,0,0,0,0,0,0,0,0,0,0,112,2026-02-04 17:55:44.895591
ELEC-day6,0.0,0.0,0.0,,,0,0,0,0,0,0,0,0,0,0,0,0,0,112,2026-02-04 17:55:44.895591
ELEC-F,16.0,0.0,0.0,,,0,0,0,0,0,0,0,0,0,0,0,0,0,112,2026-02-04 17:55:44.895591
NG,2.12,2.1,2.14,800000.0,800000.0,0,0,0,0,0,0,0,0,0,0,0,0,0,113,2026-02-04 17:55:45.931565
ELEC-day2,0.0,0.0,0.0,,,0,0,0,0,0,0,0,0,0,0,0,0,0,113,2026-02-04 17:55:45.931565
ELEC-day3,0.0,0.0,0.0,,,0,0,0,0,0,0,0,0,0,0,0,0,0,113,2026-02-04 17:55:45.931565
ELEC-day4,0.0,0.0,0.0,,,0,0,0,0,0,0,0,0,0,0,0,0,0,113,2026-02-04 17:55:45.931565
ELEC-day5,0.0,0.0,0.0,,,0,0,0,0,0,0,0,0,0,0,0,0,0,113,2026-02-04 17:55:45.931565
ELEC-day6,0.0,0.0,0.0,,,0,0,0,0,0,0,0,0,0,0,0,0,0,113,2026-02-04 17:55:45.931565
ELEC-F,16.0,0.0,0.0,,,0,0,0,0,0,0,0,0,0,0,0,0,0,113,2026-02-04 17:55:45.931565
NG,2.12,2.1,2.14,800000.0,800000.0,0,0,0,0,0,0,0,0,0,0,0,0,0,114,2026-02-04 17:55:46.972791
ELEC-day2,0.0,0.0,0.0,,,0,0,0,0,0,0,0,0,0,0,0,0,0,114,2026-02-04 17:55:46.972791
ELEC-day3,0.0,0.0,0.0,,,0,0,0,0,0,0,0,0,0,0,0,0,0,114,2026-02-04 17:55:46.972791
ELEC-day4,0.0,0.0,0.0,,,0,0,0,0,0,0,0,0,0,0,0,0,0,114,2026-02-04 17:55:46.972791
ELEC-day5,0.0,0.0,0.0,,,0,0,0,0,0,0,0,0,0,0,0,0,0,114,2026-02-04 17:55:46.972791
ELEC-day6,0.0,0.0,0.0,,,0,0,0,0,0,0,0,0,0,0,0,0,0,114,2026-02-04 17:55:46.972791
ELEC-F,16.0,0.0,0.0,,,0,0,0,0,0,0,0,0,0,0,0,0,0,114,2026-02-04 17:55:46.972791
NG,2.12,2.1,2.14,800000.0,800000.0,0,0,0,0,0,0,0,0,0,0,0,0,0,115,2026-02-04 17:55:48.009014
ELEC-day2,0.0,0.0,0.0,,,0,0,0,0,0,0,0,0,0,0,0,0,0,115,2026-02-04 17:55:48.009014
ELEC-day3,0.0,0.0,0.0,,,0,0,0,0,0,0,0,0,0,0,0,0,0,115,2026-02-04 17:55:48.009014
ELEC-day4,0.0,0.0,0.0,,,0,0,0,0,0,0,0,0,0,0,0,0,0,115,2026-02-04 17:55:48.009014
ELEC-day5,0.0,0.0,0.0,,,0,0,0,0,0,0,0,0,0,0,0,0,0,115,2026-02-04 17:55:48.009014
ELEC-day6,0.0,0.0,0.0,,,0,0,0,0,0,0,0,0,0,0,0,0,0,115,2026-02-04 17:55:48.009014
ELEC-F,16.0,0.0,0.0,,,0,0,0,0,0,0,0,0,0,0,0,0,0,115,2026-02-04 17:55:48.009014
NG,2.13,2.11,2.15,800000.0,800000.0,0,0,0,0,0,0,0,0,0,0,0,0,0,116,2026-02-04 17:55:49.050580
ELEC-day2,0.0,0.0,0.0,,,0,0,0,0,0,0,0,0,0,0,0,0,0,116,2026-02-04 17:55:49.050580
ELEC-day3,0.0,0.0,0.0,,,0,0,0,0,0,0,0,0,0,0,0,0,0,116,2026-02-04 17:55:49.050580
ELEC-day4,0.0,0.0,0.0,,,0,0,0,0,0,0,0,0,0,0,0,0,0,116,2026-02-04 17:55:49.050580
ELEC-day5,0.0,0.0,0.0,,,0,0,0,0,0,0,0,0,0,0,0,0,0,116,2026-02-04 17:55:49.050580
ELEC-day6,0.0,0.0,0.0,,,0,0,0,0,0,0,0,0,0,0,0,0,0,116,2026-02-04 17:55:49.050580
ELEC-F,16.0,0.0,0.0,,,0,0,0,0,0,0,0,0,0,0,0,0,0,116,2026-02-04 17:55:49.050580
NG,2.13,2.11,2.15,800000.0,800000.0,,0,0,0,0,0,0,0,0,0,0,0,0,0,117,2026-02-04 17:55:49.657045
ELEC-day2,0.0,0.0,0.0,,,,0,0,0,0,0,0,0,0,0,0,0,0,0,117,2026-02-04 17:55:49.657045
ELEC-day3,0.0,0.0,0.0,,,,0,0,0,0,0,0,0,0,0,0,0,0,0,117,2026-02-04 17:55:49.657045
ELEC-day4,0.0,0.0,0.0,,,,0,0,0,0,0,0,0,0,0,0,0,0,0,117,2026-02-04 17:55:49.657045
ELEC-day5,0.0,0.0,0.0,,,,0,0,0,0,0,0,0,0,0,0,0,0,0,117,2026-02-04 17:55:49.657045
ELEC-day6,0.0,0.0,0.0,,,,0,0,0,0,0,0,0,0,0,0,0,0,0,117,2026-02-04 17:55:49.657045
ELEC-F,16.0,0.0,100.0,,,10.0,0,0,0,0,0,0,0,0,0,0,0,0,0,117,2026-02-04 17:55:49.657045
NG,2.14,2.12,2.16,800000.0,800000.0,,0,0,0,0,0,0,0,0,0,0,0,0,0,118,2026-02-04 17:55:50.770095
ELEC-day2,0.0,0.0,0.0,,,,0,0,0,0,0,0,0,0,0,0,0,0,0,118,2026-02-04 17:55:50.770095
ELEC-day3,0.0,0.0,0.0,,,,0,0,0,0,0,0,0,0,0,0,0,0,0,118,2026-02-04 17:55:50.770095
ELEC-day4,0.0,0.0,0.0,,,,0,0,0,0,0,0,0,0,0,0,0,0,0,118,2026-02-04 17:55:50.770095
ELEC-day5,0.0,0.0,0.0,,,,0,0,0,0,0,0,0,0,0,0,0,0,0,118,2026-02-04 17:55:50.770095
ELEC-day6,0.0,0.0,0.0,,,,0,0,0,0,0,0,0,0,0,0,0,0,0,118,2026-02-04 17:55:50.770095
ELEC-F,16.0,0.0,100.0,,,20.0,0,0,0,0,0,0,0,0,0,0,0,0,0,118,2026-02-04 17:55:50.770095
NG,2.14,2.12,2.16,800000.0,800000.0,,0,0,0,0,0,0,0,0,0,0,0,0,0,119,2026-02-04 17:55:51.812592
ELEC-day2,0.0,0.0,0.0,,,,0,0,0,0,0,0,0,0,0,0,0,0,0,119,2026-02-04 17:55:51.812592
ELEC-day3,0.0,0.0,0.0,,,,0,0,0,0,0,0,0,0,0,0,0,0,0,119,2026-02-04 17:55:51.812592
ELEC-day4,0.0,0.0,0.0,,,,0,0,0,0,0,0,0,0,0,0,0,0,0,119,2026-02-04 17:55:51.812592
ELEC-day5,0.0,0.0,0.0,,,,0,0,0,0,0,0,0,0,0,0,0,0,0,119,2026-02-04 17:55:51.812592
ELEC-day6,0.0,0.0,0.0,,,,0,0,0,0,0,0,0,0,0,0,0,0,0,119,2026-02-04 17:55:51.812592
ELEC-F,16.0,0.0,100.0,,,30.0,0,0,0,0,0,0,0,0,0,0,0,0,0,119,2026-02-04 17:55:51.812592
NG,2.13,2.11,2.15,800000.0,800000.0,,0,0,0,0,0,0,0,0,0,0,0,0,0,120,2026-02-04 17:55:52.849559
ELEC-day2,0.0,0.0,0.0,,,,0,0,0,0,0,0,0,0,0,0,0,0,0,120,2026-02-04 17:55:52.849559
ELEC-day3,0.0,0.0,0.0,,,,0,0,0,0,0,0,0,0,0,0,0,0,0,120,2026-02-04 17:55:52.849559
ELEC-day4,0.0,0.0,0.0,,,,0,0,0,0,0,0,0,0,0,0,0,0,0,120,2026-02-04 17:55:52.849559
ELEC-day5,0.0,0.0,0.0,,,,0,0,0,0,0,0,0,0,0,0,0,0,0,120,2026-02-04 17:55:52.849559
ELEC-day6,0.0,0.0,0.0,,,,0,0,0,0,0,0,0,0,0,0,0,0,0,120,2026-02-04 17:55:52.849559
ELEC-F,16.0,0.0,100.0,,,30.0,0,0,0,0,0,0,0,0,0,0,0,0,0,120,2026-02-04 17:55:52.849559
NG,2.12,2.1,2.14,800000.0,800000.0,,0,0,0,0,0,0,0,0,0,0,0,0,0,121,2026-02-04 17:55:53.891709
ELEC-day2,0.0,0.0,0.0,,,,0,0,0,0,0,0,0,0,0,0,0,0,0,121,2026-02-04 17:55:53.891709
ELEC-day3,0.0,0.0,0.0,,,,0,0,0,0,0,0,0,0,0,0,0,0,0,121,2026-02-04 17:55:53.891709
ELEC-day4,0.0,0.0,0.0,,,,0,0,0,0,0,0,0,0,0,0,0,0,0,121,2026-02-04 17:55:53.891709
ELEC-day5,0.0,0.0,0.0,,,,0,0,0,0,0,0,0,0,0,0,0,0,0,121,2026-02-04 17:55:53.891709
ELEC-day6,0.0,0.0,0.0,,,,0,0,0,0,0,0,0,0,0,0,0,0,0,121,2026-02-04 17:55:53.891709
ELEC-F,16.0,0.0,100.0,,,30.0,0,0,0,0,0,0,0,0,0,0,0,0,0,121,2026-02-04 17:55:53.891709
NG,2.11,2.09,2.13,800000.0,800000.0,,0,0,0,0,0,0,0,0,0,0,0,0,0,122,2026-02-04 17:55:54.944659
ELEC-day2,0.0,0.0,0.0,,,,0,0,0,0,0,0,0,0,0,0,0,0,0,122,2026-02-04 17:55:54.944659
ELEC-day3,0.0,0.0,0.0,,,,0,0,0,0,0,0,0,0,0,0,0,0,0,122,2026-02-04 17:55:54.944659
ELEC-day4,0.0,0.0,0.0,,,,0,0,0,0,0,0,0,0,0,0,0,0,0,122,2026-02-04 17:55:54.944659
ELEC-day5,0.0,0.0,0.0,,,,0,0,0,0,0,0,0,0,0,0,0,0,0,122,2026-02-04 17:55:54.944659
ELEC-day6,0.0,0.0,0.0,,,,0,0,0,0,0,0,0,0,0,0,0,0,0,122,2026-02-04 17:55:54.944659
ELEC-F,16.0,0.0,100.0,,,30.0,0,0,0,0,0,0,0,0,0,0,0,0,0,122,2026-02-04 17:55:54.944659
NG,2.1,2.08,2.12,800000.0,800000.0,,0,0,0,0,0,0,0,0,0,0,0,0,0,123,2026-02-04 17:55:56.000036
ELEC-day2,0.0,0.0,0.0,,,,0,0,0,0,0,0,0,0,0,0,0,0,0,123,2026-02-04 17:55:56.000036
ELEC-day3,0.0,0.0,0.0,,,,0,0,0,0,0,0,0,0,0,0,0,0,0,123,2026-02-04 17:55:56.000036
ELEC-day4,0.0,0.0,0.0,,,,0,0,0,0,0,0,0,0,0,0,0,0,0,123,2026-02-04 17:55:56.000036
ELEC-day5,0.0,0.0,0.0,,,,0,0,0,0,0,0,0,0,0,0,0,0,0,123,2026-02-04 17:55:56.000036
ELEC-day6,0.0,0.0,0.0,,,,0,0,0,0,0,0,0,0,0,0,0,0,0,123,2026-02-04 17:55:56.000036
ELEC-F,16.0,0.0,100.0,,,30.0,0,0,0,0,0,0,0,0,0,0,0,0,0,123,2026-02-04 17:55:56.000036
NG,2.1,2.08,2.12,800000.0,800000.0,,0,0,0,0,0,0,0,0,0,0,0,0,0,124,2026-02-04 17:55:57.070190
ELEC-day2,0.0,0.0,0.0,,,,0,0,0,0,0,0,0,0,0,0,0,0,0,124,2026-02-04 17:55:57.070190
ELEC-day3,0.0,0.0,0.0,,,,0,0,0,0,0,0,0,0,0,0,0,0,0,124,2026-02-04 17:55:57.070190
ELEC-day4,0.0,0.0,0.0,,,,0,0,0,0,0,0,0,0,0,0,0,0,0,124,2026-02-04 17:55:57.070190
ELEC-day5,0.0,0.0,0.0,,,,0,0,0,0,0,0,0,0,0,0,0,0,0,124,2026-02-04 17:55:57.070190
ELEC-day6,0.0,0.0,0.0,,,,0,0,0,0,0,0,0,0,0,0,0,0,0,124,2026-02-04 17:55:57.070190
ELEC-F,100.0,0.0,100.0,,,20.0,0,0,0,0,0,0,0,0,0,0,0,0,0,124,2026-02-04 17:55:57.070190
NG,2.1,2.08,2.12,800000.0,800000.0,,0,0,0,0,0,0,0,0,0,0,0,0,0,125,2026-02-04 17:55:58.126022
ELEC-day2,0.0,0.0,0.0,,,,0,0,0,0,0,0,0,0,0,0,0,0,0,125,2026-02-04 17:55:58.126022
ELEC-day3,0.0,0.0,0.0,,,,0,0,0,0,0,0,0,0,0,0,0,0,0,125,2026-02-04 17:55:58.126022
ELEC-day4,0.0,0.0,0.0,,,,0,0,0,0,0,0,0,0,0,0,0,0,0,125,2026-02-04 17:55:58.126022
ELEC-day5,0.0,0.0,0.0,,,,0,0,0,0,0,0,0,0,0,0,0,0,0,125,2026-02-04 17:55:58.126022
ELEC-day6,0.0,0.0,0.0,,,,0,0,0,0,0,0,0,0,0,0,0,0,0,125,2026-02-04 17:55:58.126022
ELEC-F,100.0,0.0,100.0,,,20.0,0,0,0,0,0,0,0,0,0,0,0,0,0,125,2026-02-04 17:55:58.126022
NG,2.1,2.08,2.12,800000.0,800000.0,,0,0,0,0,0,0,0,0,0,0,0,0,0,126,2026-02-04 17:55:58.724130
ELEC-day2,0.0,0.0,0.0,,,,0,0,0,0,0,0,0,0,0,0,0,0,0,126,2026-02-04 17:55:58.724130
ELEC-day3,0.0,0.0,0.0,,,,0,0,0,0,0,0,0,0,0,0,0,0,0,126,2026-02-04 17:55:58.724130
ELEC-day4,0.0,0.0,0.0,,,,0,0,0,0,0,0,0,0,0,0,0,0,0,126,2026-02-04 17:55:58.724130
ELEC-day5,0.0,0.0,0.0,,,,0,0,0,0,0,0,0,0,0,0,0,0,0,126,2026-02-04 17:55:58.724130
ELEC-day6,0.0,0.0,0.0,,,,0,0,0,0,0,0,0,0,0,0,0,0,0,126,2026-02-04 17:55:58.724130
ELEC-F,100.0,0.0,100.0,,,20.0,0,0,0,0,0,0,0,0,0,0,0,0,0,126,2026-02-04 17:55:58.724130
NG,2.1,2.08,2.12,800000.0,800000.0,,0,0,0,0,0,0,0,0,0,0,0,0,0,127,2026-02-04 17:55:59.891515
ELEC-day2,0.0,0.0,0.0,,,,0,0,0,0,0,0,0,0,0,0,0,0,0,127,2026-02-04 17:55:59.891515
ELEC-day3,0.0,0.0,0.0,,,,0,0,0,0,0,0,0,0,0,0,0,0,0,127,2026-02-04 17:55:59.891515
ELEC-day4,0.0,0.0,0.0,,,,0,0,0,0,0,0,0,0,0,0,0,0,0,127,2026-02-04 17:55:59.891515
ELEC-day5,0.0,0.0,0.0,,,,0,0,0,0,0,0,0,0,0,0,0,0,0,127,2026-02-04 17:55:59.891515
ELEC-day6,0.0,0.0,0.0,,,,0,0,0,0,0,0,0,0,0,0,0,0,0,127,2026-02-04 17:55:59.891515
ELEC-F,100.0,0.0,100.0,,,10.0,0,0,0,0,0,0,0,0,0,0,0,0,0,127,2026-02-04 17:55:59.891515
NG,2.11,2.09,2.13,800000.0,800000.0,,0,0,0,0,0,0,0,0,0,0,0,0,0,128,2026-02-04 17:56:00.931979
ELEC-day2,0.0,0.0,0.0,,,,0,0,0,0,0,0,0,0,0,0,0,0,0,128,2026-02-04 17:56:00.931979
ELEC-day3,0.0,0.0,0.0,,,,0,0,0,0,0,0,0,0,0,0,0,0,0,128,2026-02-04 17:56:00.931979
ELEC-day4,0.0,0.0,0.0,,,,0,0,0,0,0,0,0,0,0,0,0,0,0,128,2026-02-04 17:56:00.931979
ELEC-day5,0.0,0.0,0.0,,,,0,0,0,0,0,0,0,0,0,0,0,0,0,128,2026-02-04 17:56:00.931979
ELEC-day6,0.0,0.0,0.0,,,,0,0,0,0,0,0,0,0,0,0,0,0,0,128,2026-02-04 17:56:00.931979
ELEC-F,100.0,0.0,100.0,,,10.0,0,0,0,0,0,0,0,0,0,0,0,0,0,128,2026-02-04 17:56:00.931979
NG,2.11,2.09,2.13,800000.0,800000.0,,0,0,0,0,0,0,0,0,0,0,0,0,0,129,2026-02-04 17:56:01.974790
ELEC-day2,0.0,0.0,0.0,,,,0,0,0,0,0,0,0,0,0,0,0,0,0,129,2026-02-04 17:56:01.974790
ELEC-day3,0.0,0.0,0.0,,,,0,0,0,0,0,0,0,0,0,0,0,0,0,129,2026-02-04 17:56:01.974790
ELEC-day4,0.0,0.0,0.0,,,,0,0,0,0,0,0,0,0,0,0,0,0,0,129,2026-02-04 17:56:01.974790
ELEC-day5,0.0,0.0,0.0,,,,0,0,0,0,0,0,0,0,0,0,0,0,0,129,2026-02-04 17:56:01.974790
ELEC-day6,0.0,0.0,0.0,,,,0,0,0,0,0,0,0,0,0,0,0,0,0,129,2026-02-04 17:56:01.974790
ELEC-F,100.0,0.0,60.0,,,20.0,0,0,0,0,0,0,0,0,0,0,0,0,0,129,2026-02-04 17:56:01.974790
NG,2.11,2.09,2.13,800000.0,800000.0,,0,0,0,0,0,0,0,0,0,0,0,0,0,130,2026-02-04 17:56:03.009107
ELEC-day2,0.0,0.0,0.0,,,,0,0,0,0,0,0,0,0,0,0,0,0,0,130,2026-02-04 17:56:03.009107
ELEC-day3,0.0,0.0,0.0,,,,0,0,0,0,0,0,0,0,0,0,0,0,0,130,2026-02-04 17:56:03.009107
ELEC-day4,0.0,0.0,0.0,,,,0,0,0,0,0,0,0,0,0,0,0,0,0,130,2026-02-04 17:56:03.009107
ELEC-day5,0.0,0.0,0.0,,,,0,0,0,0,0,0,0,0,0,0,0,0,0,130,2026-02-04 17:56:03.009107
ELEC-day6,0.0,0.0,0.0,,,,0,0,0,0,0,0,0,0,0,0,0,0,0,130,2026-02-04 17:56:03.009107
ELEC-F,100.0,0.0,60.0,,,40.0,0,0,0,0,0,0,0,0,0,0,0,0,0,130,2026-02-04 17:56:03.009107
NG,2.11,2.09,2.13,800000.0,800000.0,,0,0,0,0,0,0,0,0,0,0,0,0,0,131,2026-02-04 17:56:04.049246
ELEC-day2,0.0,0.0,0.0,,,,0,0,0,0,0,0,0,0,0,0,0,0,0,131,2026-02-04 17:56:04.049246
ELEC-day3,0.0,0.0,0.0,,,,0,0,0,0,0,0,0,0,0,0,0,0,0,131,2026-02-04 17:56:04.049246
ELEC-day4,0.0,0.0,0.0,,,,0,0,0,0,0,0,0,0,0,0,0,0,0,131,2026-02-04 17:56:04.049246
ELEC-day5,0.0,0.0,0.0,,,,0,0,0,0,0,0,0,0,0,0,0,0,0,131,2026-02-04 17:56:04.049246
ELEC-day6,0.0,0.0,0.0,,,,0,0,0,0,0,0,0,0,0,0,0,0,0,131,2026-02-04 17:56:04.049246
ELEC-F,100.0,0.0,60.0,,,40.0,0,0,0,0,0,0,0,0,0,0,0,0,0,131,2026-02-04 17:56:04.049246
NG,2.12,2.1,2.14,800000.0,800000.0,,0,0,0,0,0,0,0,0,0,0,0,0,0,132,2026-02-04 17:56:05.101745
ELEC-day2,0.0,0.0,0.0,,,,0,0,0,0,0,0,0,0,0,0,0,0,0,132,2026-02-04 17:56:05.101745
ELEC-day3,0.0,0.0,0.0,,,,0,0,0,0,0,0,0,0,0,0,0,0,0,132,2026-02-04 17:56:05.101745
ELEC-day4,0.0,0.0,0.0,,,,0,0,0,0,0,0,0,0,0,0,0,0,0,132,2026-02-04 17:56:05.101745
ELEC-day5,0.0,0.0,0.0,,,,0,0,0,0,0,0,0,0,0,0,0,0,0,132,2026-02-04 17:56:05.101745
ELEC-day6,0.0,0.0,0.0,,,,0,0,0,0,0,0,0,0,0,0,0,0,0,132,2026-02-04 17:56:05.101745
ELEC-F,100.0,0.0,60.0,,,40.0,0,0,0,0,0,0,0,0,0,0,0,0,0,132,2026-02-04 17:56:05.101745
NG,2.12,2.1,2.14,800000.0,800000.0,,0,0,0,0,0,0,0,0,0,0,0,0,0,133,2026-02-04 17:56:06.137981
ELEC-day2,0.0,0.0,0.0,,,,0,0,0,0,0,0,0,0,0,0,0,0,0,133,2026-02-04 17:56:06.137981
ELEC-day3,0.0,0.0,0.0,,,,0,0,0,0,0,0,0,0,0,0,0,0,0,133,2026-02-04 17:56:06.137981
ELEC-day4,0.0,0.0,0.0,,,,0,0,0,0,0,0,0,0,0,0,0,0,0,133,2026-02-04 17:56:06.137981
ELEC-day5,0.0,0.0,0.0,,,,0,0,0,0,0,0,0,0,0,0,0,0,0,133,2026-02-04 17:56:06.137981
ELEC-day6,0.0,0.0,0.0,,,,0,0,0,0,0,0,0,0,0,0,0,0,0,133,2026-02-04 17:56:06.137981
ELEC-F,100.0,0.0,60.0,,,40.0,0,0,0,0,0,0,0,0,0,0,0,0,0,133,2026-02-04 17:56:06.137981
NG,2.11,2.09,2.13,800000.0,800000.0,,0,0,0,0,0,0,0,0,0,0,0,0,0,134,2026-02-04 17:56:07.169717
ELEC-day2,0.0,0.0,0.0,,,,0,0,0,0,0,0,0,0,0,0,0,0,0,134,2026-02-04 17:56:07.169717
ELEC-day3,0.0,0.0,0.0,,,,0,0,0,0,0,0,0,0,0,0,0,0,0,134,2026-02-04 17:56:07.169717
ELEC-day4,0.0,0.0,0.0,,,,0,0,0,0,0,0,0,0,0,0,0,0,0,134,2026-02-04 17:56:07.169717
ELEC-day5,0.0,0.0,0.0,,,,0,0,0,0,0,0,0,0,0,0,0,0,0,134,2026-02-04 17:56:07.169717
ELEC-day6,0.0,0.0,0.0,,,,0,0,0,0,0,0,0,0,0,0,0,0,0,134,2026-02-04 17:56:07.169717
ELEC-F,100.0,0.0,60.0,,,40.0,0,0,0,0,0,0,0,0,0,0,0,0,0,134,2026-02-04 17:56:07.169717
NG,2.12,2.1,2.14,800000.0,800000.0,,0,0,0,0,0,0,0,0,0,0,0,0,0,135,2026-02-04 17:56:07.741763
ELEC-day2,0.0,0.0,0.0,,,,0,0,0,0,0,0,0,0,0,0,0,0,0,135,2026-02-04 17:56:07.741763
ELEC-day3,0.0,0.0,0.0,,,,0,0,0,0,0,0,0,0,0,0,0,0,0,135,2026-02-04 17:56:07.741763
ELEC-day4,0.0,0.0,0.0,,,,0,0,0,0,0,0,0,0,0,0,0,0,0,135,2026-02-04 17:56:07.741763
ELEC-day5,0.0,0.0,0.0,,,,0,0,0,0,0,0,0,0,0,0,0,0,0,135,2026-02-04 17:56:07.741763
ELEC-day6,0.0,0.0,0.0,,,,0,0,0,0,0,0,0,0,0,0,0,0,0,135,2026-02-04 17:56:07.741763
ELEC-F,100.0,0.0,60.0,,,40.0,0,0,0,0,0,0,0,0,0,0,0,0,0,135,2026-02-04 17:56:07.741763
NG,2.12,2.1,2.14,800000.0,800000.0,,0,0,0,0,0,0,0,0,0,0,0,0,0,136,2026-02-04 17:56:08.849807
ELEC-day2,0.0,0.0,0.0,,,,0,0,0,0,0,0,0,0,0,0,0,0,0,136,2026-02-04 17:56:08.849807
ELEC-day3,0.0,0.0,0.0,,,,0,0,0,0,0,0,0,0,0,0,0,0,0,136,2026-02-04 17:56:08.849807
ELEC-day4,0.0,0.0,0.0,,,,0,0,0,0,0,0,0,0,0,0,0,0,0,136,2026-02-04 17:56:08.849807
ELEC-day5,0.0,0.0,0.0,,,,0,0,0,0,0,0,0,0,0,0,0,0,0,136,2026-02-04 17:56:08.849807
ELEC-day6,0.0,0.0,0.0,,,,0,0,0,0,0,0,0,0,0,0,0,0,0,136,2026-02-04 17:56:08.849807
ELEC-F,100.0,0.0,60.0,,,40.0,0,0,0,0,0,0,0,0,0,0,0,0,0,136,2026-02-04 17:56:08.849807
NG,2.12,2.1,2.14,800000.0,800000.0,,0,0,0,0,0,0,0,0,0,0,0,0,0,137,2026-02-04 17:56:09.891912
ELEC-day2,0.0,0.0,0.0,,,,0,0,0,0,0,0,0,0,0,0,0,0,0,137,2026-02-04 17:56:09.891912
ELEC-day3,0.0,0.0,0.0,,,,0,0,0,0,0,0,0,0,0,0,0,0,0,137,2026-02-04 17:56:09.891912
ELEC-day4,0.0,0.0,0.0,,,,0,0,0,0,0,0,0,0,0,0,0,0,0,137,2026-02-04 17:56:09.891912
ELEC-day5,0.0,0.0,0.0,,,,0,0,0,0,0,0,0,0,0,0,0,0,0,137,2026-02-04 17:56:09.891912
ELEC-day6,0.0,0.0,0.0,,,,0,0,0,0,0,0,0,0,0,0,0,0,0,137,2026-02-04 17:56:09.891912
ELEC-F,100.0,0.0,60.0,,,40.0,0,0,0,0,0,0,0,0,0,0,0,0,0,137,2026-02-04 17:56:09.891912
NG,2.12,2.1,2.14,800000.0,800000.0,,0,0,0,0,0,0,0,0,0,0,0,0,0,138,2026-02-04 17:56:10.950474
ELEC-day2,0.0,0.0,0.0,,,,0,0,0,0,0,0,0,0,0,0,0,0,0,138,2026-02-04 17:56:10.950474
ELEC-day3,0.0,0.0,0.0,,,,0,0,0,0,0,0,0,0,0,0,0,0,0,138,2026-02-04 17:56:10.950474
ELEC-day4,0.0,0.0,0.0,,,,0,0,0,0,0,0,0,0,0,0,0,0,0,138,2026-02-04 17:56:10.950474
ELEC-day5,0.0,0.0,0.0,,,,0,0,0,0,0,0,0,0,0,0,0,0,0,138,2026-02-04 17:56:10.950474
ELEC-day6,0.0,0.0,0.0,,,,0,0,0,0,0,0,0,0,0,0,0,0,0,138,2026-02-04 17:56:10.950474
ELEC-F,100.0,0.0,60.0,,,40.0,0,0,0,0,0,0,0,0,0,0,0,0,0,138,2026-02-04 17:56:10.950474
NG,2.14,2.12,2.16,800000.0,800000.0,,0,0,0,0,0,0,0,0,0,0,0,0,0,139,2026-02-04 17:56:12.009901
ELEC-day2,0.0,0.0,0.0,,,,0,0,0,0,0,0,0,0,0,0,0,0,0,139,2026-02-04 17:56:12.009901
ELEC-day3,0.0,0.0,0.0,,,,0,0,0,0,0,0,0,0,0,0,0,0,0,139,2026-02-04 17:56:12.009901
ELEC-day4,0.0,0.0,0.0,,,,0,0,0,0,0,0,0,0,0,0,0,0,0,139,2026-02-04 17:56:12.009901
ELEC-day5,0.0,0.0,0.0,,,,0,0,0,0,0,0,0,0,0,0,0,0,0,139,2026-02-04 17:56:12.009901
ELEC-day6,0.0,0.0,0.0,,,,0,0,0,0,0,0,0,0,0,0,0,0,0,139,2026-02-04 17:56:12.009901
ELEC-F,100.0,0.0,60.0,,,40.0,0,0,0,0,0,0,0,0,0,0,0,0,0,139,2026-02-04 17:56:12.009901
NG,2.13,2.11,2.15,800000.0,800000.0,,0,0,0,0,0,0,0,0,0,0,0,0,0,140,2026-02-04 17:56:13.094912
ELEC-day2,0.0,0.0,0.0,,,,0,0,0,0,0,0,0,0,0,0,0,0,0,140,2026-02-04 17:56:13.094912
ELEC-day3,0.0,0.0,0.0,,,,0,0,0,0,0,0,0,0,0,0,0,0,0,140,2026-02-04 17:56:13.094912
ELEC-day4,0.0,0.0,0.0,,,,0,0,0,0,0,0,0,0,0,0,0,0,0,140,2026-02-04 17:56:13.094912
ELEC-day5,0.0,0.0,0.0,,,,0,0,0,0,0,0,0,0,0,0,0,0,0,140,2026-02-04 17:56:13.094912
ELEC-day6,0.0,0.0,0.0,,,,0,0,0,0,0,0,0,0,0,0,0,0,0,140,2026-02-04 17:56:13.094912
ELEC-F,100.0,0.0,60.0,,,40.0,0,0,0,0,0,0,0,0,0,0,0,0,0,140,2026-02-04 17:56:13.094912
NG,2.12,2.1,2.14,800000.0,800000.0,,0,0,0,0,0,0,0,0,0,0,0,0,0,141,2026-02-04 17:56:14.197653
ELEC-day2,0.0,0.0,0.0,,,,0,0,0,0,0,0,0,0,0,0,0,0,0,141,2026-02-04 17:56:14.197653
ELEC-day3,0.0,0.0,0.0,,,,0,0,0,0,0,0,0,0,0,0,0,0,0,141,2026-02-04 17:56:14.197653
ELEC-day4,0.0,0.0,0.0,,,,0,0,0,0,0,0,0,0,0,0,0,0,0,141,2026-02-04 17:56:14.197653
ELEC-day5,0.0,0.0,0.0,,,,0,0,0,0,0,0,0,0,0,0,0,0,0,141,2026-02-04 17:56:14.197653
ELEC-day6,0.0,0.0,0.0,,,,0,0,0,0,0,0,0,0,0,0,0,0,0,141,2026-02-04 17:56:14.197653
ELEC-F,100.0,0.0,60.0,,,40.0,0,0,0,0,0,0,0,0,0,0,0,0,0,141,2026-02-04 17:56:14.197653
NG,2.12,2.1,2.14,800000.0,800000.0,,0,0,0,0,0,0,0,0,0,0,0,0,0,142,2026-02-04 17:56:15.306313
ELEC-day2,0.0,0.0,0.0,,,,0,0,0,0,0,0,0,0,0,0,0,0,0,142,2026-02-04 17:56:15.306313
ELEC-day3,0.0,0.0,0.0,,,,0,0,0,0,0,0,0,0,0,0,0,0,0,142,2026-02-04 17:56:15.306313
ELEC-day4,0.0,0.0,0.0,,,,0,0,0,0,0,0,0,0,0,0,0,0,0,142,2026-02-04 17:56:15.306313
ELEC-day5,0.0,0.0,0.0,,,,0,0,0,0,0,0,0,0,0,0,0,0,0,142,2026-02-04 17:56:15.306313
ELEC-day6,0.0,0.0,0.0,,,,0,0,0,0,0,0,0,0,0,0,0,0,0,142,2026-02-04 17:56:15.306313
ELEC-F,100.0,0.0,60.0,,,40.0,0,0,0,0,0,0,0,0,0,0,0,0,0,142,2026-02-04 17:56:15.306313
NG,2.12,2.1,2.14,800000.0,800000.0,,0,0,0,0,0,0,0,0,0,0,0,0,0,143,2026-02-04 17:56:15.908250
ELEC-day2,0.0,0.0,0.0,,,,0,0,0,0,0,0,0,0,0,0,0,0,0,143,2026-02-04 17:56:15.908250
ELEC-day3,0.0,0.0,0.0,,,,0,0,0,0,0,0,0,0,0,0,0,0,0,143,2026-02-04 17:56:15.908250
ELEC-day4,0.0,0.0,0.0,,,,0,0,0,0,0,0,0,0,0,0,0,0,0,143,2026-02-04 17:56:15.908250
ELEC-day5,0.0,0.0,0.0,,,,0,0,0,0,0,0,0,0,0,0,0,0,0,143,2026-02-04 17:56:15.908250
ELEC-day6,0.0,0.0,0.0,,,,0,0,0,0,0,0,0,0,0,0,0,0,0,143,2026-02-04 17:56:15.908250
ELEC-F,100.0,0.0,60.0,,,40.0,0,0,0,0,0,0,0,0,0,0,0,0,0,143,2026-02-04 17:56:15.908250
NG,2.11,2.09,2.13,800000.0,800000.0,,0,0,0,0,0,0,0,0,0,0,0,0,0,144,2026-02-04 17:56:16.980940
ELEC-day2,0.0,0.0,0.0,,,,0,0,0,0,0,0,0,0,0,0,0,0,0,144,2026-02-04 17:56:16.980940
ELEC-day3,0.0,0.0,0.0,,,,0,0,0,0,0,0,0,0,0,0,0,0,0,144,2026-02-04 17:56:16.980940
ELEC-day4,0.0,0.0,0.0,,,,0,0,0,0,0,0,0,0,0,0,0,0,0,144,2026-02-04 17:56:16.980940
ELEC-day5,0.0,0.0,0.0,,,,0,0,0,0,0,0,0,0,0,0,0,0,0,144,2026-02-04 17:56:16.980940
ELEC-day6,0.0,0.0,0.0,,,,0,0,0,0,0,0,0,0,0,0,0,0,0,144,2026-02-04 17:56:16.980940
ELEC-F,100.0,0.0,60.0,,,40.0,0,0,0,0,0,0,0,0,0,0,0,0,0,144,2026-02-04 17:56:16.980940
NG,2.11,2.09,2.13,800000.0,800000.0,,0,0,0,0,0,0,0,0,0,0,0,0,0,145,2026-02-04 17:56:18.046971
ELEC-day2,0.0,0.0,0.0,,,,0,0,0,0,0,0,0,0,0,0,0,0,0,145,2026-02-04 17:56:18.046971
ELEC-day3,0.0,0.0,0.0,,,,0,0,0,0,0,0,0,0,0,0,0,0,0,145,2026-02-04 17:56:18.046971
ELEC-day4,0.0,0.0,0.0,,,,0,0,0,0,0,0,0,0,0,0,0,0,0,145,2026-02-04 17:56:18.046971
ELEC-day5,0.0,0.0,0.0,,,,0,0,0,0,0,0,0,0,0,0,0,0,0,145,2026-02-04 17:56:18.046971
ELEC-day6,0.0,0.0,0.0,,,,0,0,0,0,0,0,0,0,0,0,0,0,0,145,2026-02-04 17:56:18.046971
ELEC-F,100.0,0.0,60.0,,,40.0,0,0,0,0,0,0,0,0,0,0,0,0,0,145,2026-02-04 17:56:18.046971
NG,2.11,2.09,2.13,800000.0,800000.0,,0,0,0,0,0,0,0,0,0,0,0,0,0,146,2026-02-04 17:56:19.110950
ELEC-day2,0.0,0.0,0.0,,,,0,0,0,0,0,0,0,0,0,0,0,0,0,146,2026-02-04 17:56:19.110950
ELEC-day3,0.0,0.0,0.0,,,,0,0,0,0,0,0,0,0,0,0,0,0,0,146,2026-02-04 17:56:19.110950
ELEC-day4,0.0,0.0,0.0,,,,0,0,0,0,0,0,0,0,0,0,0,0,0,146,2026-02-04 17:56:19.110950
ELEC-day5,0.0,0.0,0.0,,,,0,0,0,0,0,0,0,0,0,0,0,0,0,146,2026-02-04 17:56:19.110950
ELEC-day6,0.0,0.0,0.0,,,,0,0,0,0,0,0,0,0,0,0,0,0,0,146,2026-02-04 17:56:19.110950
ELEC-F,60.0,0.0,60.0,,,30.0,0,0,0,0,0,0,0,0,0,0,0,0,0,146,2026-02-04 17:56:19.110950
NG,2.11,2.09,2.13,800000.0,800000.0,,0,0,0,0,0,0,0,0,0,0,0,0,0,147,2026-02-04 17:56:20.183777
ELEC-day2,0.0,0.0,0.0,,,,0,0,0,0,0,0,0,0,0,0,0,0,0,147,2026-02-04 17:56:20.183777
ELEC-day3,0.0,0.0,0.0,,,,0,0,0,0,0,0,0,0,0,0,0,0,0,147,2026-02-04 17:56:20.183777
ELEC-day4,0.0,0.0,0.0,,,,0,0,0,0,0,0,0,0,0,0,0,0,0,147,2026-02-04 17:56:20.183777
ELEC-day5,0.0,0.0,0.0,,,,0,0,0,0,0,0,0,0,0,0,0,0,0,147,2026-02-04 17:56:20.183777
ELEC-day6,0.0,0.0,0.0,,,,0,0,0,0,0,0,0,0,0,0,0,0,0,147,2026-02-04 17:56:20.183777
ELEC-F,60.0,0.0,60.0,,,30.0,0,0,0,0,0,0,0,0,0,0,0,0,0,147,2026-02-04 17:56:20.183777
NG,2.11,2.09,2.13,800000.0,800000.0,,0,0,0,0,0,0,0,0,0,0,0,0,0,148,2026-02-04 17:56:21.236017
ELEC-day2,0.0,0.0,0.0,,,,0,0,0,0,0,0,0,0,0,0,0,0,0,148,2026-02-04 17:56:21.236017
ELEC-day3,0.0,0.0,0.0,,,,0,0,0,0,0,0,0,0,0,0,0,0,0,148,2026-02-04 17:56:21.236017
ELEC-day4,0.0,0.0,0.0,,,,0,0,0,0,0,0,0,0,0,0,0,0,0,148,2026-02-04 17:56:21.236017
ELEC-day5,0.0,0.0,0.0,,,,0,0,0,0,0,0,0,0,0,0,0,0,0,148,2026-02-04 17:56:21.236017
ELEC-day6,0.0,0.0,0.0,,,,0,0,0,0,0,0,0,0,0,0,0,0,0,148,2026-02-04 17:56:21.236017
ELEC-F,60.0,0.0,60.0,,,30.0,0,0,0,0,0,0,0,0,0,0,0,0,0,148,2026-02-04 17:56:21.236017
NG,2.11,2.09,2.13,800000.0,800000.0,,0,0,0,0,0,0,0,0,0,0,0,0,0,149,2026-02-04 17:56:21.851885
ELEC-day2,0.0,0.0,0.0,,,,0,0,0,0,0,0,0,0,0,0,0,0,0,149,2026-02-04 17:56:21.851885
ELEC-day3,0.0,0.0,0.0,,,,0,0,0,0,0,0,0,0,0,0,0,0,0,149,2026-02-04 17:56:21.851885
ELEC-day4,0.0,0.0,0.0,,,,0,0,0,0,0,0,0,0,0,0,0,0,0,149,2026-02-04 17:56:21.851885
ELEC-day5,0.0,0.0,0.0,,,,0,0,0,0,0,0,0,0,0,0,0,0,0,149,2026-02-04 17:56:21.851885
ELEC-day6,0.0,0.0,0.0,,,,0,0,0,0,0,0,0,0,0,0,0,0,0,149,2026-02-04 17:56:21.851885
ELEC-F,60.0,0.0,60.0,,,20.0,0,0,0,0,0,0,0,0,0,0,0,0,0,149,2026-02-04 17:56:21.851885
NG,2.12,2.1,2.14,800000.0,800000.0,,0,0,0,0,0,0,0,0,0,0,0,0,0,150,2026-02-04 17:56:23.100453,7.0,1.0,149.0,,PRICE AND VOLUME BULLETIN,"Given the expected supply and demand in the market, the Regulatory Authority for Electricity board expects that the price for tomorrow will be between $17.00 and $22.00.<br><br>There will be 500 contracts available in the entire ELEC market, 250 contracts for buying and 250 contracts for selling. There are a total of 19 Producers, 19 Distributors and 38 Traders in the market.<br><br>Please note that the RAE will charge a bid-ask spread of 1 cent"
ELEC-day2,0.0,0.0,0.0,,,,0,0,0,0,0,0,0,0,0,0,0,0,0,150,2026-02-04 17:56:23.100453,6.0,1.0,149.0,,TEMPERATURE Forecast for DAY 2,The average temperature tomorrow will be 29 degrees Celsius.
ELEC-day3,0.0,0.0,0.0,,,,0,0,0,0,0,0,0,0,0,0,0,0,0,150,2026-02-04 17:56:23.100453,,,,,,
ELEC-day4,0.0,0.0,0.0,,,,0,0,0,0,0,0,0,0,0,0,0,0,0,150,2026-02-04 17:56:23.100453,,,,,,
ELEC-day5,0.0,0.0,0.0,,,,0,0,0,0,0,0,0,0,0,0,0,0,0,150,2026-02-04 17:56:23.100453,,,,,,
ELEC-day6,0.0,0.0,0.0,,,,0,0,0,0,0,0,0,0,0,0,0,0,0,150,2026-02-04 17:56:23.100453,,,,,,
ELEC-F,60.0,0.0,60.0,,,20.0,0,0,0,0,0,0,0,0,0,0,0,0,0,150,2026-02-04 17:56:23.100453,,,,,,
NG,2.12,2.1,2.14,800000.0,800000.0,,0,0,0,0,0,0,0,0,0,0,0,0,0,151,2026-02-04 17:56:24.149100
ELEC-day2,0.0,0.0,0.0,,,,0,0,0,0,0,0,0,0,0,0,0,0,0,151,2026-02-04 17:56:24.149100
ELEC-day3,0.0,0.0,0.0,,,,0,0,0,0,0,0,0,0,0,0,0,0,0,151,2026-02-04 17:56:24.149100
ELEC-day4,0.0,0.0,0.0,,,,0,0,0,0,0,0,0,0,0,0,0,0,0,151,2026-02-04 17:56:24.149100
ELEC-day5,0.0,0.0,0.0,,,,0,0,0,0,0,0,0,0,0,0,0,0,0,151,2026-02-04 17:56:24.149100
ELEC-day6,0.0,0.0,0.0,,,,0,0,0,0,0,0,0,0,0,0,0,0,0,151,2026-02-04 17:56:24.149100
ELEC-F,60.0,0.0,60.0,,,20.0,0,0,0,0,0,0,0,0,0,0,0,0,0,151,2026-02-04 17:56:24.149100
NG,2.12,2.1,2.14,800000.0,800000.0,,0,0,0,0,0,0,0,0,0,0,0,0,0,152,2026-02-04 17:56:25.192336
ELEC-day2,0.0,0.0,0.0,,,,0,0,0,0,0,0,0,0,0,0,0,0,0,152,2026-02-04 17:56:25.192336
ELEC-day3,0.0,0.0,0.0,,,,0,0,0,0,0,0,0,0,0,0,0,0,0,152,2026-02-04 17:56:25.192336
ELEC-day4,0.0,0.0,0.0,,,,0,0,0,0,0,0,0,0,0,0,0,0,0,152,2026-02-04 17:56:25.192336
ELEC-day5,0.0,0.0,0.0,,,,0,0,0,0,0,0,0,0,0,0,0,0,0,152,2026-02-04 17:56:25.192336
ELEC-day6,0.0,0.0,0.0,,,,0,0,0,0,0,0,0,0,0,0,0,0,0,152,2026-02-04 17:56:25.192336
ELEC-F,60.0,0.0,60.0,,,20.0,0,0,0,0,0,0,0,0,0,0,0,0,0,152,2026-02-04 17:56:25.192336
NG,2.12,2.1,2.14,800000.0,800000.0,,0,0,0,0,0,0,0,0,0,0,0,0,0,153,2026-02-04 17:56:26.234362
ELEC-day2,0.0,0.0,0.0,,,,0,0,0,0,0,0,0,0,0,0,0,0,0,153,2026-02-04 17:56:26.234362
ELEC-day3,0.0,0.0,0.0,,,,0,0,0,0,0,0,0,0,0,0,0,0,0,153,2026-02-04 17:56:26.234362
ELEC-day4,0.0,0.0,0.0,,,,0,0,0,0,0,0,0,0,0,0,0,0,0,153,2026-02-04 17:56:26.234362
ELEC-day5,0.0,0.0,0.0,,,,0,0,0,0,0,0,0,0,0,0,0,0,0,153,2026-02-04 17:56:26.234362
ELEC-day6,0.0,0.0,0.0,,,,0,0,0,0,0,0,0,0,0,0,0,0,0,153,2026-02-04 17:56:26.234362
ELEC-F,60.0,0.0,60.0,,,20.0,0,0,0,0,0,0,0,0,0,0,0,0,0,153,2026-02-04 17:56:26.234362
NG,2.12,2.1,2.14,800000.0,800000.0,,0,0,0,0,0,0,0,0,0,0,0,0,0,154,2026-02-04 17:56:27.343496
ELEC-day2,0.0,0.0,0.0,,,,0,0,0,0,0,0,0,0,0,0,0,0,0,154,2026-02-04 17:56:27.343496
ELEC-day3,0.0,0.0,0.0,,,,0,0,0,0,0,0,0,0,0,0,0,0,0,154,2026-02-04 17:56:27.343496
ELEC-day4,0.0,0.0,0.0,,,,0,0,0,0,0,0,0,0,0,0,0,0,0,154,2026-02-04 17:56:27.343496
ELEC-day5,0.0,0.0,0.0,,,,0,0,0,0,0,0,0,0,0,0,0,0,0,154,2026-02-04 17:56:27.343496
ELEC-day6,0.0,0.0,0.0,,,,0,0,0,0,0,0,0,0,0,0,0,0,0,154,2026-02-04 17:56:27.343496
ELEC-F,60.0,0.0,60.0,,,20.0,0,0,0,0,0,0,0,0,0,0,0,0,0,154,2026-02-04 17:56:27.343496
NG,2.11,2.09,2.13,800000.0,800000.0,,0,0,0,0,0,0,0,0,0,0,0,0,0,155,2026-02-04 17:56:27.954658
ELEC-day2,0.0,0.0,0.0,,,,0,0,0,0,0,0,0,0,0,0,0,0,0,155,2026-02-04 17:56:27.954658
ELEC-day3,0.0,0.0,0.0,,,,0,0,0,0,0,0,0,0,0,0,0,0,0,155,2026-02-04 17:56:27.954658
ELEC-day4,0.0,0.0,0.0,,,,0,0,0,0,0,0,0,0,0,0,0,0,0,155,2026-02-04 17:56:27.954658
ELEC-day5,0.0,0.0,0.0,,,,0,0,0,0,0,0,0,0,0,0,0,0,0,155,2026-02-04 17:56:27.954658
ELEC-day6,0.0,0.0,0.0,,,,0,0,0,0,0,0,0,0,0,0,0,0,0,155,2026-02-04 17:56:27.954658
ELEC-F,60.0,0.0,60.0,,,20.0,0,0,0,0,0,0,0,0,0,0,0,0,0,155,2026-02-04 17:56:27.954658
NG,2.12,2.1,2.14,800000.0,800000.0,,0,0,0,0,0,0,0,0,0,0,0,0,0,156,2026-02-04 17:56:29.008937
ELEC-day2,0.0,0.0,0.0,,,,0,0,0,0,0,0,0,0,0,0,0,0,0,156,2026-02-04 17:56:29.008937
ELEC-day3,0.0,0.0,0.0,,,,0,0,0,0,0,0,0,0,0,0,0,0,0,156,2026-02-04 17:56:29.008937
ELEC-day4,0.0,0.0,0.0,,,,0,0,0,0,0,0,0,0,0,0,0,0,0,156,2026-02-04 17:56:29.008937
ELEC-day5,0.0,0.0,0.0,,,,0,0,0,0,0,0,0,0,0,0,0,0,0,156,2026-02-04 17:56:29.008937
ELEC-day6,0.0,0.0,0.0,,,,0,0,0,0,0,0,0,0,0,0,0,0,0,156,2026-02-04 17:56:29.008937
ELEC-F,60.0,0.0,60.0,,,20.0,0,0,0,0,0,0,0,0,0,0,0,0,0,156,2026-02-04 17:56:29.008937
NG,2.12,2.1,2.14,800000.0,800000.0,,0,0,0,0,0,0,0,0,0,0,0,0,0,157,2026-02-04 17:56:30.054966
ELEC-day2,0.0,0.0,0.0,,,,0,0,0,0,0,0,0,0,0,0,0,0,0,157,2026-02-04 17:56:30.054966
ELEC-day3,0.0,0.0,0.0,,,,0,0,0,0,0,0,0,0,0,0,0,0,0,157,2026-02-04 17:56:30.054966
ELEC-day4,0.0,0.0,0.0,,,,0,0,0,0,0,0,0,0,0,0,0,0,0,157,2026-02-04 17:56:30.054966
ELEC-day5,0.0,0.0,0.0,,,,0,0,0,0,0,0,0,0,0,0,0,0,0,157,2026-02-04 17:56:30.054966
ELEC-day6,0.0,0.0,0.0,,,,0,0,0,0,0,0,0,0,0,0,0,0,0,157,2026-02-04 17:56:30.054966
ELEC-F,60.0,0.0,60.0,,,20.0,0,0,0,0,0,0,0,0,0,0,0,0,0,157,2026-02-04 17:56:30.054966
NG,2.12,2.1,2.14,800000.0,800000.0,,0,0,0,0,0,0,0,0,0,0,0,0,0,158,2026-02-04 17:56:31.105640
ELEC-day2,0.0,0.0,0.0,,,,0,0,0,0,0,0,0,0,0,0,0,0,0,158,2026-02-04 17:56:31.105640
ELEC-day3,0.0,0.0,0.0,,,,0,0,0,0,0,0,0,0,0,0,0,0,0,158,2026-02-04 17:56:31.105640
ELEC-day4,0.0,0.0,0.0,,,,0,0,0,0,0,0,0,0,0,0,0,0,0,158,2026-02-04 17:56:31.105640
ELEC-day5,0.0,0.0,0.0,,,,0,0,0,0,0,0,0,0,0,0,0,0,0,158,2026-02-04 17:56:31.105640
ELEC-day6,0.0,0.0,0.0,,,,0,0,0,0,0,0,0,0,0,0,0,0,0,158,2026-02-04 17:56:31.105640
ELEC-F,60.0,0.0,60.0,,,20.0,0,0,0,0,0,0,0,0,0,0,0,0,0,158,2026-02-04 17:56:31.105640
NG,2.12,2.1,2.14,800000.0,800000.0,,0,0,0,0,0,0,0,0,0,0,0,0,0,159,2026-02-04 17:56:32.139943
ELEC-day2,0.0,0.0,0.0,,,,0,0,0,0,0,0,0,0,0,0,0,0,0,159,2026-02-04 17:56:32.139943
ELEC-day3,0.0,0.0,0.0,,,,0,0,0,0,0,0,0,0,0,0,0,0,0,159,2026-02-04 17:56:32.139943
ELEC-day4,0.0,0.0,0.0,,,,0,0,0,0,0,0,0,0,0,0,0,0,0,159,2026-02-04 17:56:32.139943
ELEC-day5,0.0,0.0,0.0,,,,0,0,0,0,0,0,0,0,0,0,0,0,0,159,2026-02-04 17:56:32.139943
ELEC-day6,0.0,0.0,0.0,,,,0,0,0,0,0,0,0,0,0,0,0,0,0,159,2026-02-04 17:56:32.139943
ELEC-F,60.0,0.0,60.0,,,20.0,0,0,0,0,0,0,0,0,0,0,0,0,0,159,2026-02-04 17:56:32.139943
NG,2.12,2.1,2.14,800000.0,800000.0,,0,0,0,0,0,0,0,0,0,0,0,0,0,160,2026-02-04 17:56:33.177384
ELEC-day2,0.0,0.0,0.0,,,,0,0,0,0,0,0,0,0,0,0,0,0,0,160,2026-02-04 17:56:33.177384
ELEC-day3,0.0,0.0,0.0,,,,0,0,0,0,0,0,0,0,0,0,0,0,0,160,2026-02-04 17:56:33.177384
ELEC-day4,0.0,0.0,0.0,,,,0,0,0,0,0,0,0,0,0,0,0,0,0,160,2026-02-04 17:56:33.177384
ELEC-day5,0.0,0.0,0.0,,,,0,0,0,0,0,0,0,0,0,0,0,0,0,160,2026-02-04 17:56:33.177384
ELEC-day6,0.0,0.0,0.0,,,,0,0,0,0,0,0,0,0,0,0,0,0,0,160,2026-02-04 17:56:33.177384
ELEC-F,60.0,0.0,60.0,,,20.0,0,0,0,0,0,0,0,0,0,0,0,0,0,160,2026-02-04 17:56:33.177384
NG,2.11,2.09,2.13,800000.0,800000.0,,0,0,0,0,0,0,0,0,0,0,0,0,0,161,2026-02-04 17:56:34.214351
ELEC-day2,0.0,0.0,0.0,,,,0,0,0,0,0,0,0,0,0,0,0,0,0,161,2026-02-04 17:56:34.214351
ELEC-day3,0.0,0.0,0.0,,,,0,0,0,0,0,0,0,0,0,0,0,0,0,161,2026-02-04 17:56:34.214351
ELEC-day4,0.0,0.0,0.0,,,,0,0,0,0,0,0,0,0,0,0,0,0,0,161,2026-02-04 17:56:34.214351
ELEC-day5,0.0,0.0,0.0,,,,0,0,0,0,0,0,0,0,0,0,0,0,0,161,2026-02-04 17:56:34.214351
ELEC-day6,0.0,0.0,0.0,,,,0,0,0,0,0,0,0,0,0,0,0,0,0,161,2026-02-04 17:56:34.214351
ELEC-F,60.0,0.0,60.0,,,20.0,0,0,0,0,0,0,0,0,0,0,0,0,0,161,2026-02-04 17:56:34.214351
NG,2.11,2.09,2.13,800000.0,800000.0,,0,0,0,0,0,0,0,0,0,0,0,0,0,162,2026-02-04 17:56:35.255950
ELEC-day2,0.0,0.0,0.0,,,,0,0,0,0,0,0,0,0,0,0,0,0,0,162,2026-02-04 17:56:35.255950
ELEC-day3,0.0,0.0,0.0,,,,0,0,0,0,0,0,0,0,0,0,0,0,0,162,2026-02-04 17:56:35.255950
ELEC-day4,0.0,0.0,0.0,,,,0,0,0,0,0,0,0,0,0,0,0,0,0,162,2026-02-04 17:56:35.255950
ELEC-day5,0.0,0.0,0.0,,,,0,0,0,0,0,0,0,0,0,0,0,0,0,162,2026-02-04 17:56:35.255950
ELEC-day6,0.0,0.0,0.0,,,,0,0,0,0,0,0,0,0,0,0,0,0,0,162,2026-02-04 17:56:35.255950
ELEC-F,60.0,0.0,60.0,,,20.0,0,0,0,0,0,0,0,0,0,0,0,0,0,162,2026-02-04 17:56:35.255950
NG,2.12,2.1,2.14,800000.0,800000.0,,0,0,0,0,0,0,0,0,0,0,0,0,0,163,2026-02-04 17:56:36.301883
ELEC-day2,0.0,0.0,0.0,,,,0,0,0,0,0,0,0,0,0,0,0,0,0,163,2026-02-04 17:56:36.301883
ELEC-day3,0.0,0.0,0.0,,,,0,0,0,0,0,0,0,0,0,0,0,0,0,163,2026-02-04 17:56:36.301883
ELEC-day4,0.0,0.0,0.0,,,,0,0,0,0,0,0,0,0,0,0,0,0,0,163,2026-02-04 17:56:36.301883
ELEC-day5,0.0,0.0,0.0,,,,0,0,0,0,0,0,0,0,0,0,0,0,0,163,2026-02-04 17:56:36.301883
ELEC-day6,0.0,0.0,0.0,,,,0,0,0,0,0,0,0,0,0,0,0,0,0,163,2026-02-04 17:56:36.301883
ELEC-F,60.0,0.0,60.0,,,20.0,0,0,0,0,0,0,0,0,0,0,0,0,0,163,2026-02-04 17:56:36.301883
NG,2.12,2.1,2.14,800000.0,800000.0,,0,0,0,0,0,0,0,0,0,0,0,0,0,164,2026-02-04 17:56:37.340087
ELEC-day2,0.0,0.0,0.0,,,,0,0,0,0,0,0,0,0,0,0,0,0,0,164,2026-02-04 17:56:37.340087
ELEC-day3,0.0,0.0,0.0,,,,0,0,0,0,0,0,0,0,0,0,0,0,0,164,2026-02-04 17:56:37.340087
ELEC-day4,0.0,0.0,0.0,,,,0,0,0,0,0,0,0,0,0,0,0,0,0,164,2026-02-04 17:56:37.340087
ELEC-day5,0.0,0.0,0.0,,,,0,0,0,0,0,0,0,0,0,0,0,0,0,164,2026-02-04 17:56:37.340087
ELEC-day6,0.0,0.0,0.0,,,,0,0,0,0,0,0,0,0,0,0,0,0,0,164,2026-02-04 17:56:37.340087
ELEC-F,60.0,0.0,60.0,,,20.0,0,0,0,0,0,0,0,0,0,0,0,0,0,164,2026-02-04 17:56:37.340087
NG,2.13,2.11,2.15,800000.0,800000.0,,0,0,0,0,0,0,0,0,0,0,0,0,0,165,2026-02-04 17:56:37.920758
ELEC-day2,0.0,0.0,0.0,,,,0,0,0,0,0,0,0,0,0,0,0,0,0,165,2026-02-04 17:56:37.920758
ELEC-day3,0.0,0.0,0.0,,,,0,0,0,0,0,0,0,0,0,0,0,0,0,165,2026-02-04 17:56:37.920758
ELEC-day4,0.0,0.0,0.0,,,,0,0,0,0,0,0,0,0,0,0,0,0,0,165,2026-02-04 17:56:37.920758
ELEC-day5,0.0,0.0,0.0,,,,0,0,0,0,0,0,0,0,0,0,0,0,0,165,2026-02-04 17:56:37.920758
ELEC-day6,0.0,0.0,0.0,,,,0,0,0,0,0,0,0,0,0,0,0,0,0,165,2026-02-04 17:56:37.920758
ELEC-F,60.0,0.0,60.0,,,20.0,0,0,0,0,0,0,0,0,0,0,0,0,0,165,2026-02-04 17:56:37.920758
NG,2.12,2.1,2.14,800000.0,800000.0,,0,0,0,0,0,0,0,0,0,0,0,0,0,166,2026-02-04 17:56:39.050815
ELEC-day2,0.0,0.0,0.0,,,,0,0,0,0,0,0,0,0,0,0,0,0,0,166,2026-02-04 17:56:39.050815
ELEC-day3,0.0,0.0,0.0,,,,0,0,0,0,0,0,0,0,0,0,0,0,0,166,2026-02-04 17:56:39.050815
ELEC-day4,0.0,0.0,0.0,,,,0,0,0,0,0,0,0,0,0,0,0,0,0,166,2026-02-04 17:56:39.050815
ELEC-day5,0.0,0.0,0.0,,,,0,0,0,0,0,0,0,0,0,0,0,0,0,166,2026-02-04 17:56:39.050815
ELEC-day6,0.0,0.0,0.0,,,,0,0,0,0,0,0,0,0,0,0,0,0,0,166,2026-02-04 17:56:39.050815
ELEC-F,60.0,0.0,60.0,,,20.0,0,0,0,0,0,0,0,0,0,0,0,0,0,166,2026-02-04 17:56:39.050815
NG,2.12,2.1,2.14,800000.0,800000.0,,0,0,0,0,0,0,0,0,0,0,0,0,0,167,2026-02-04 17:56:40.096733
ELEC-day2,0.0,0.0,0.0,,,,0,0,0,0,0,0,0,0,0,0,0,0,0,167,2026-02-04 17:56:40.096733
ELEC-day3,0.0,0.0,0.0,,,,0,0,0,0,0,0,0,0,0,0,0,0,0,167,2026-02-04 17:56:40.096733
ELEC-day4,0.0,0.0,0.0,,,,0,0,0,0,0,0,0,0,0,0,0,0,0,167,2026-02-04 17:56:40.096733
ELEC-day5,0.0,0.0,0.0,,,,0,0,0,0,0,0,0,0,0,0,0,0,0,167,2026-02-04 17:56:40.096733
ELEC-day6,0.0,0.0,0.0,,,,0,0,0,0,0,0,0,0,0,0,0,0,0,167,2026-02-04 17:56:40.096733
ELEC-F,60.0,0.0,60.0,,,20.0,0,0,0,0,0,0,0,0,0,0,0,0,0,167,2026-02-04 17:56:40.096733
NG,2.11,2.09,2.13,800000.0,800000.0,,0,0,0,0,0,0,0,0,0,0,0,0,0,168,2026-02-04 17:56:41.131547
ELEC-day2,0.0,0.0,0.0,,,,0,0,0,0,0,0,0,0,0,0,0,0,0,168,2026-02-04 17:56:41.131547
ELEC-day3,0.0,0.0,0.0,,,,0,0,0,0,0,0,0,0,0,0,0,0,0,168,2026-02-04 17:56:41.131547
ELEC-day4,0.0,0.0,0.0,,,,0,0,0,0,0,0,0,0,0,0,0,0,0,168,2026-02-04 17:56:41.131547
ELEC-day5,0.0,0.0,0.0,,,,0,0,0,0,0,0,0,0,0,0,0,0,0,168,2026-02-04 17:56:41.131547
ELEC-day6,0.0,0.0,0.0,,,,0,0,0,0,0,0,0,0,0,0,0,0,0,168,2026-02-04 17:56:41.131547
ELEC-F,60.0,0.0,60.0,,,20.0,0,0,0,0,0,0,0,0,0,0,0,0,0,168,2026-02-04 17:56:41.131547
NG,2.11,2.09,2.13,800000.0,800000.0,,0,0,0,0,0,0,0,0,0,0,0,0,0,169,2026-02-04 17:56:42.182029
ELEC-day2,0.0,0.0,0.0,,,,0,0,0,0,0,0,0,0,0,0,0,0,0,169,2026-02-04 17:56:42.182029
ELEC-day3,0.0,0.0,0.0,,,,0,0,0,0,0,0,0,0,0,0,0,0,0,169,2026-02-04 17:56:42.182029
ELEC-day4,0.0,0.0,0.0,,,,0,0,0,0,0,0,0,0,0,0,0,0,0,169,2026-02-04 17:56:42.182029
ELEC-day5,0.0,0.0,0.0,,,,0,0,0,0,0,0,0,0,0,0,0,0,0,169,2026-02-04 17:56:42.182029
ELEC-day6,0.0,0.0,0.0,,,,0,0,0,0,0,0,0,0,0,0,0,0,0,169,2026-02-04 17:56:42.182029
ELEC-F,60.0,0.0,100.0,,,10.0,0,0,0,0,0,0,0,0,0,0,0,0,0,169,2026-02-04 17:56:42.182029
NG,2.11,2.09,2.13,800000.0,800000.0,,0,0,0,0,0,0,0,0,0,0,0,0,0,170,2026-02-04 17:56:43.218105
ELEC-day2,0.0,0.0,0.0,,,,0,0,0,0,0,0,0,0,0,0,0,0,0,170,2026-02-04 17:56:43.218105
ELEC-day3,0.0,0.0,0.0,,,,0,0,0,0,0,0,0,0,0,0,0,0,0,170,2026-02-04 17:56:43.218105
ELEC-day4,0.0,0.0,0.0,,,,0,0,0,0,0,0,0,0,0,0,0,0,0,170,2026-02-04 17:56:43.218105
ELEC-day5,0.0,0.0,0.0,,,,0,0,0,0,0,0,0,0,0,0,0,0,0,170,2026-02-04 17:56:43.218105
ELEC-day6,0.0,0.0,0.0,,,,0,0,0,0,0,0,0,0,0,0,0,0,0,170,2026-02-04 17:56:43.218105
ELEC-F,60.0,0.0,100.0,,,10.0,0,0,0,0,0,0,0,0,0,0,0,0,0,170,2026-02-04 17:56:43.218105
NG,2.11,2.09,2.13,800000.0,800000.0,,0,0,0,0,0,0,0,0,0,0,0,0,0,171,2026-02-04 17:56:44.264258
ELEC-day2,0.0,0.0,0.0,,,,0,0,0,0,0,0,0,0,0,0,0,0,0,171,2026-02-04 17:56:44.264258
