ticker,last_price,bid_price,ask_price,BUY_ANON,SELL_ANON,tick,timestamp,news_news_id,news_period,news_tick,news_ticker,news_headline,news_body
NG,2.2,0.0,0.0,800000.0,800000.0,1,2026-02-04 15:25:08.929393,3.0,1.0,1.0,,You are logged in as a DISTRIBUTOR,
ELEC-day2,0.0,0.0,0.0,,,1,2026-02-04 15:25:08.929393,2.0,1.0,1.0,,FINES,"The fine for open positions of ELEC-dayX at the end of the day is $20,000/contract."
ELEC-day3,0.0,0.0,0.0,,,1,2026-02-04 15:25:08.929393,1.0,1.0,1.0,,Welcome to the RITC2026 GBE Energy Electricity Trading Case - practice server,
ELEC-day4,0.0,0.0,0.0,,,1,2026-02-04 15:25:08.929393,,,,,,
ELEC-day5,0.0,0.0,0.0,,,1,2026-02-04 15:25:08.929393,,,,,,
ELEC-day6,0.0,0.0,0.0,,,1,2026-02-04 15:25:08.929393,,,,,,
ELEC-F,0.0,0.0,0.0,,,1,2026-02-04 15:25:08.929393,,,,,,
NG,2.19,2.17,2.21,800000.0,800000.0,2,2026-02-04 15:25:09.493680,4.0,1.0,1.0,,TEMPERATURE Forecast for DAY 2,The average temperature tomorrow is forecasted to be between 27 and 34 degrees Celsius.
ELEC-day2,0.0,0.0,0.0,,,2,2026-02-04 15:25:09.493680,,,,,,
ELEC-day3,0.0,0.0,0.0,,,2,2026-02-04 15:25:09.493680,,,,,,
ELEC-day4,0.0,0.0,0.0,,,2,2026-02-04 15:25:09.493680,,,,,,
ELEC-day5,0.0,0.0,0.0,,,2,2026-02-04 15:25:09.493680,,,,,,
ELEC-day6,0.0,0.0,0.0,,,2,2026-02-04 15:25:09.493680,,,,,,
ELEC-F,0.0,0.0,0.0,,,2,2026-02-04 15:25:09.493680,,,,,,
NG,2.2,2.18,2.22,800000.0,800000.0,3,2026-02-04 15:25:10.536614
ELEC-day2,0.0,0.0,0.0,,,3,2026-02-04 15:25:10.536614
ELEC-day3,0.0,0.0,0.0,,,3,2026-02-04 15:25:10.536614
ELEC-day4,0.0,0.0,0.0,,,3,2026-02-04 15:25:10.536614
ELEC-day5,0.0,0.0,0.0,,,3,2026-02-04 15:25:10.536614
ELEC-day6,0.0,0.0,0.0,,,3,2026-02-04 15:25:10.536614
ELEC-F,0.0,0.0,0.0,,,3,2026-02-04 15:25:10.536614
NG,2.21,2.19,2.23,800000.0,800000.0,4,2026-02-04 15:25:11.580326
ELEC-day2,0.0,0.0,0.0,,,4,2026-02-04 15:25:11.580326
ELEC-day3,0.0,0.0,0.0,,,4,2026-02-04 15:25:11.580326
ELEC-day4,0.0,0.0,0.0,,,4,2026-02-04 15:25:11.580326
ELEC-day5,0.0,0.0,0.0,,,4,2026-02-04 15:25:11.580326
ELEC-day6,0.0,0.0,0.0,,,4,2026-02-04 15:25:11.580326
ELEC-F,0.0,0.0,0.0,,,4,2026-02-04 15:25:11.580326
NG,2.21,2.19,2.23,800000.0,800000.0,5,2026-02-04 15:25:12.642368
ELEC-day2,0.0,0.0,0.0,,,5,2026-02-04 15:25:12.642368
ELEC-day3,0.0,0.0,0.0,,,5,2026-02-04 15:25:12.642368
ELEC-day4,0.0,0.0,0.0,,,5,2026-02-04 15:25:12.642368
ELEC-day5,0.0,0.0,0.0,,,5,2026-02-04 15:25:12.642368
ELEC-day6,0.0,0.0,0.0,,,5,2026-02-04 15:25:12.642368
ELEC-F,0.0,0.0,0.0,,,5,2026-02-04 15:25:12.642368
NG,2.21,2.19,2.23,800000.0,800000.0,6,2026-02-04 15:25:13.680390
ELEC-day2,0.0,0.0,0.0,,,6,2026-02-04 15:25:13.680390
ELEC-day3,0.0,0.0,0.0,,,6,2026-02-04 15:25:13.680390
ELEC-day4,0.0,0.0,0.0,,,6,2026-02-04 15:25:13.680390
ELEC-day5,0.0,0.0,0.0,,,6,2026-02-04 15:25:13.680390
ELEC-day6,0.0,0.0,0.0,,,6,2026-02-04 15:25:13.680390
ELEC-F,0.0,0.0,0.0,,,6,2026-02-04 15:25:13.680390
NG,2.21,2.19,2.23,800000.0,800000.0,7,2026-02-04 15:25:14.335277
ELEC-day2,0.0,0.0,0.0,,,7,2026-02-04 15:25:14.335277
ELEC-day3,0.0,0.0,0.0,,,7,2026-02-04 15:25:14.335277
ELEC-day4,0.0,0.0,0.0,,,7,2026-02-04 15:25:14.335277
ELEC-day5,0.0,0.0,0.0,,,7,2026-02-04 15:25:14.335277
ELEC-day6,0.0,0.0,0.0,,,7,2026-02-04 15:25:14.335277
ELEC-F,0.0,0.0,0.0,,,7,2026-02-04 15:25:14.335277
NG,2.19,2.17,2.21,800000.0,800000.0,8,2026-02-04 15:25:15.490275
ELEC-day2,0.0,0.0,0.0,,,8,2026-02-04 15:25:15.490275
ELEC-day3,0.0,0.0,0.0,,,8,2026-02-04 15:25:15.490275
ELEC-day4,0.0,0.0,0.0,,,8,2026-02-04 15:25:15.490275
ELEC-day5,0.0,0.0,0.0,,,8,2026-02-04 15:25:15.490275
ELEC-day6,0.0,0.0,0.0,,,8,2026-02-04 15:25:15.490275
ELEC-F,0.0,0.0,0.0,,,8,2026-02-04 15:25:15.490275
NG,2.2,2.18,2.22,800000.0,800000.0,9,2026-02-04 15:25:16.527467
ELEC-day2,0.0,0.0,0.0,,,9,2026-02-04 15:25:16.527467
ELEC-day3,0.0,0.0,0.0,,,9,2026-02-04 15:25:16.527467
ELEC-day4,0.0,0.0,0.0,,,9,2026-02-04 15:25:16.527467
ELEC-day5,0.0,0.0,0.0,,,9,2026-02-04 15:25:16.527467
ELEC-day6,0.0,0.0,0.0,,,9,2026-02-04 15:25:16.527467
ELEC-F,0.0,0.0,0.0,,,9,2026-02-04 15:25:16.527467
NG,2.2,2.18,2.22,800000.0,800000.0,10,2026-02-04 15:25:17.567144
ELEC-day2,0.0,0.0,0.0,,,10,2026-02-04 15:25:17.567144
ELEC-day3,0.0,0.0,0.0,,,10,2026-02-04 15:25:17.567144
ELEC-day4,0.0,0.0,0.0,,,10,2026-02-04 15:25:17.567144
ELEC-day5,0.0,0.0,0.0,,,10,2026-02-04 15:25:17.567144
ELEC-day6,0.0,0.0,0.0,,,10,2026-02-04 15:25:17.567144
ELEC-F,0.0,0.0,0.0,,,10,2026-02-04 15:25:17.567144
NG,2.2,2.18,2.22,800000.0,800000.0,11,2026-02-04 15:25:18.602340
ELEC-day2,0.0,0.0,0.0,,,11,2026-02-04 15:25:18.602340
ELEC-day3,0.0,0.0,0.0,,,11,2026-02-04 15:25:18.602340
ELEC-day4,0.0,0.0,0.0,,,11,2026-02-04 15:25:18.602340
ELEC-day5,0.0,0.0,0.0,,,11,2026-02-04 15:25:18.602340
ELEC-day6,0.0,0.0,0.0,,,11,2026-02-04 15:25:18.602340
ELEC-F,0.0,0.0,0.0,,,11,2026-02-04 15:25:18.602340
NG,2.21,2.19,2.23,800000.0,800000.0,12,2026-02-04 15:25:19.626050
ELEC-day2,0.0,0.0,0.0,,,12,2026-02-04 15:25:19.626050
ELEC-day3,0.0,0.0,0.0,,,12,2026-02-04 15:25:19.626050
ELEC-day4,0.0,0.0,0.0,,,12,2026-02-04 15:25:19.626050
ELEC-day5,0.0,0.0,0.0,,,12,2026-02-04 15:25:19.626050
ELEC-day6,0.0,0.0,0.0,,,12,2026-02-04 15:25:19.626050
ELEC-F,0.0,0.0,0.0,,,12,2026-02-04 15:25:19.626050
NG,2.22,2.2,2.24,800000.0,800000.0,13,2026-02-04 15:25:20.653620
ELEC-day2,0.0,0.0,0.0,,,13,2026-02-04 15:25:20.653620
ELEC-day3,0.0,0.0,0.0,,,13,2026-02-04 15:25:20.653620
ELEC-day4,0.0,0.0,0.0,,,13,2026-02-04 15:25:20.653620
ELEC-day5,0.0,0.0,0.0,,,13,2026-02-04 15:25:20.653620
ELEC-day6,0.0,0.0,0.0,,,13,2026-02-04 15:25:20.653620
ELEC-F,0.0,0.0,0.0,,,13,2026-02-04 15:25:20.653620
NG,2.21,2.19,2.23,800000.0,800000.0,14,2026-02-04 15:25:21.684511
ELEC-day2,0.0,0.0,0.0,,,14,2026-02-04 15:25:21.684511
ELEC-day3,0.0,0.0,0.0,,,14,2026-02-04 15:25:21.684511
ELEC-day4,0.0,0.0,0.0,,,14,2026-02-04 15:25:21.684511
ELEC-day5,0.0,0.0,0.0,,,14,2026-02-04 15:25:21.684511
ELEC-day6,0.0,0.0,0.0,,,14,2026-02-04 15:25:21.684511
ELEC-F,0.0,0.0,0.0,,,14,2026-02-04 15:25:21.684511
NG,2.22,2.2,2.24,800000.0,800000.0,15,2026-02-04 15:25:22.721774
ELEC-day2,0.0,0.0,0.0,,,15,2026-02-04 15:25:22.721774
ELEC-day3,0.0,0.0,0.0,,,15,2026-02-04 15:25:22.721774
ELEC-day4,0.0,0.0,0.0,,,15,2026-02-04 15:25:22.721774
ELEC-day5,0.0,0.0,0.0,,,15,2026-02-04 15:25:22.721774
ELEC-day6,0.0,0.0,0.0,,,15,2026-02-04 15:25:22.721774
ELEC-F,0.0,0.0,0.0,,,15,2026-02-04 15:25:22.721774
NG,2.21,2.19,2.23,800000.0,800000.0,16,2026-02-04 15:25:23.748981
ELEC-day2,0.0,0.0,0.0,,,16,2026-02-04 15:25:23.748981
ELEC-day3,0.0,0.0,0.0,,,16,2026-02-04 15:25:23.748981
ELEC-day4,0.0,0.0,0.0,,,16,2026-02-04 15:25:23.748981
ELEC-day5,0.0,0.0,0.0,,,16,2026-02-04 15:25:23.748981
ELEC-day6,0.0,0.0,0.0,,,16,2026-02-04 15:25:23.748981
ELEC-F,0.0,0.0,0.0,,,16,2026-02-04 15:25:23.748981
NG,2.21,2.19,2.23,800000.0,800000.0,17,2026-02-04 15:25:24.370093
ELEC-day2,0.0,0.0,0.0,,,17,2026-02-04 15:25:24.370093
ELEC-day3,0.0,0.0,0.0,,,17,2026-02-04 15:25:24.370093
ELEC-day4,0.0,0.0,0.0,,,17,2026-02-04 15:25:24.370093
ELEC-day5,0.0,0.0,0.0,,,17,2026-02-04 15:25:24.370093
ELEC-day6,0.0,0.0,0.0,,,17,2026-02-04 15:25:24.370093
ELEC-F,0.0,0.0,0.0,,,17,2026-02-04 15:25:24.370093
NG,2.2,2.18,2.22,800000.0,800000.0,18,2026-02-04 15:25:25.522478
ELEC-day2,0.0,0.0,0.0,,,18,2026-02-04 15:25:25.522478
ELEC-day3,0.0,0.0,0.0,,,18,2026-02-04 15:25:25.522478
ELEC-day4,0.0,0.0,0.0,,,18,2026-02-04 15:25:25.522478
ELEC-day5,0.0,0.0,0.0,,,18,2026-02-04 15:25:25.522478
ELEC-day6,0.0,0.0,0.0,,,18,2026-02-04 15:25:25.522478
ELEC-F,0.0,0.0,0.0,,,18,2026-02-04 15:25:25.522478
NG,2.2,2.18,2.22,800000.0,800000.0,19,2026-02-04 15:25:26.556035
ELEC-day2,0.0,0.0,0.0,,,19,2026-02-04 15:25:26.556035
ELEC-day3,0.0,0.0,0.0,,,19,2026-02-04 15:25:26.556035
ELEC-day4,0.0,0.0,0.0,,,19,2026-02-04 15:25:26.556035
ELEC-day5,0.0,0.0,0.0,,,19,2026-02-04 15:25:26.556035
ELEC-day6,0.0,0.0,0.0,,,19,2026-02-04 15:25:26.556035
ELEC-F,0.0,0.0,0.0,,,19,2026-02-04 15:25:26.556035
NG,2.19,2.17,2.21,800000.0,800000.0,20,2026-02-04 15:25:27.597243
ELEC-day2,0.0,0.0,0.0,,,20,2026-02-04 15:25:27.597243
ELEC-day3,0.0,0.0,0.0,,,20,2026-02-04 15:25:27.597243
ELEC-day4,0.0,0.0,0.0,,,20,2026-02-04 15:25:27.597243
ELEC-day5,0.0,0.0,0.0,,,20,2026-02-04 15:25:27.597243
ELEC-day6,0.0,0.0,0.0,,,20,2026-02-04 15:25:27.597243
ELEC-F,0.0,0.0,0.0,,,20,2026-02-04 15:25:27.597243
NG,2.19,2.17,2.21,800000.0,800000.0,21,2026-02-04 15:25:28.639252
ELEC-day2,0.0,0.0,0.0,,,21,2026-02-04 15:25:28.639252
ELEC-day3,0.0,0.0,0.0,,,21,2026-02-04 15:25:28.639252
ELEC-day4,0.0,0.0,0.0,,,21,2026-02-04 15:25:28.639252
ELEC-day5,0.0,0.0,0.0,,,21,2026-02-04 15:25:28.639252
ELEC-day6,0.0,0.0,0.0,,,21,2026-02-04 15:25:28.639252
ELEC-F,0.0,0.0,0.0,,,21,2026-02-04 15:25:28.639252
NG,2.19,2.17,2.21,800000.0,800000.0,22,2026-02-04 15:25:29.697727
ELEC-day2,0.0,0.0,0.0,,,22,2026-02-04 15:25:29.697727
ELEC-day3,0.0,0.0,0.0,,,22,2026-02-04 15:25:29.697727
ELEC-day4,0.0,0.0,0.0,,,22,2026-02-04 15:25:29.697727
ELEC-day5,0.0,0.0,0.0,,,22,2026-02-04 15:25:29.697727
ELEC-day6,0.0,0.0,0.0,,,22,2026-02-04 15:25:29.697727
ELEC-F,0.0,0.0,0.0,,,22,2026-02-04 15:25:29.697727
NG,2.19,2.17,2.21,800000.0,800000.0,,23,2026-02-04 15:25:30.731155
ELEC-day2,0.0,0.0,0.0,,,,23,2026-02-04 15:25:30.731155
ELEC-day3,0.0,0.0,0.0,,,,23,2026-02-04 15:25:30.731155
ELEC-day4,0.0,0.0,0.0,,,,23,2026-02-04 15:25:30.731155
ELEC-day5,0.0,0.0,0.0,,,,23,2026-02-04 15:25:30.731155
ELEC-day6,0.0,0.0,0.0,,,,23,2026-02-04 15:25:30.731155
ELEC-F,0.0,8.0,0.0,,,15.0,23,2026-02-04 15:25:30.731155
NG,2.19,2.17,2.21,800000.0,800000.0,,24,2026-02-04 15:25:31.768473
ELEC-day2,0.0,0.0,0.0,,,,24,2026-02-04 15:25:31.768473
ELEC-day3,0.0,0.0,0.0,,,,24,2026-02-04 15:25:31.768473
ELEC-day4,0.0,0.0,0.0,,,,24,2026-02-04 15:25:31.768473
ELEC-day5,0.0,0.0,0.0,,,,24,2026-02-04 15:25:31.768473
ELEC-day6,0.0,0.0,0.0,,,,24,2026-02-04 15:25:31.768473
ELEC-F,0.0,8.0,0.0,,,15.0,24,2026-02-04 15:25:31.768473
NG,2.18,2.16,2.2,800000.0,800000.0,,25,2026-02-04 15:25:32.379015
ELEC-day2,0.0,0.0,0.0,,,,25,2026-02-04 15:25:32.379015
ELEC-day3,0.0,0.0,0.0,,,,25,2026-02-04 15:25:32.379015
ELEC-day4,0.0,0.0,0.0,,,,25,2026-02-04 15:25:32.379015
ELEC-day5,0.0,0.0,0.0,,,,25,2026-02-04 15:25:32.379015
ELEC-day6,0.0,0.0,0.0,,,,25,2026-02-04 15:25:32.379015
ELEC-F,0.0,8.0,0.0,,,15.0,25,2026-02-04 15:25:32.379015
NG,2.18,2.16,2.2,800000.0,800000.0,,26,2026-02-04 15:25:33.515833
ELEC-day2,0.0,0.0,0.0,,,,26,2026-02-04 15:25:33.515833
ELEC-day3,0.0,0.0,0.0,,,,26,2026-02-04 15:25:33.515833
ELEC-day4,0.0,0.0,0.0,,,,26,2026-02-04 15:25:33.515833
ELEC-day5,0.0,0.0,0.0,,,,26,2026-02-04 15:25:33.515833
ELEC-day6,0.0,0.0,0.0,,,,26,2026-02-04 15:25:33.515833
ELEC-F,0.0,8.0,0.0,,,15.0,26,2026-02-04 15:25:33.515833
NG,2.17,2.15,2.19,800000.0,800000.0,,27,2026-02-04 15:25:34.619413
ELEC-day2,0.0,0.0,0.0,,,,27,2026-02-04 15:25:34.619413
ELEC-day3,0.0,0.0,0.0,,,,27,2026-02-04 15:25:34.619413
ELEC-day4,0.0,0.0,0.0,,,,27,2026-02-04 15:25:34.619413
ELEC-day5,0.0,0.0,0.0,,,,27,2026-02-04 15:25:34.619413
ELEC-day6,0.0,0.0,0.0,,,,27,2026-02-04 15:25:34.619413
ELEC-F,0.0,8.0,0.0,,,15.0,27,2026-02-04 15:25:34.619413
NG,2.17,2.15,2.19,800000.0,800000.0,,28,2026-02-04 15:25:35.673149
ELEC-day2,0.0,0.0,0.0,,,,28,2026-02-04 15:25:35.673149
ELEC-day3,0.0,0.0,0.0,,,,28,2026-02-04 15:25:35.673149
ELEC-day4,0.0,0.0,0.0,,,,28,2026-02-04 15:25:35.673149
ELEC-day5,0.0,0.0,0.0,,,,28,2026-02-04 15:25:35.673149
ELEC-day6,0.0,0.0,0.0,,,,28,2026-02-04 15:25:35.673149
ELEC-F,0.0,8.0,0.0,,,15.0,28,2026-02-04 15:25:35.673149
NG,2.16,2.14,2.18,800000.0,800000.0,,29,2026-02-04 15:25:36.734877
ELEC-day2,0.0,0.0,0.0,,,,29,2026-02-04 15:25:36.734877
ELEC-day3,0.0,0.0,0.0,,,,29,2026-02-04 15:25:36.734877
ELEC-day4,0.0,0.0,0.0,,,,29,2026-02-04 15:25:36.734877
ELEC-day5,0.0,0.0,0.0,,,,29,2026-02-04 15:25:36.734877
ELEC-day6,0.0,0.0,0.0,,,,29,2026-02-04 15:25:36.734877
ELEC-F,0.0,8.0,0.0,,,15.0,29,2026-02-04 15:25:36.734877
NG,2.16,2.14,2.18,800000.0,800000.0,,,30,2026-02-04 15:25:37.773779
ELEC-day2,0.0,0.0,0.0,,,,,30,2026-02-04 15:25:37.773779
ELEC-day3,0.0,0.0,0.0,,,,,30,2026-02-04 15:25:37.773779
ELEC-day4,0.0,0.0,0.0,,,,,30,2026-02-04 15:25:37.773779
ELEC-day5,0.0,0.0,0.0,,,,,30,2026-02-04 15:25:37.773779
ELEC-day6,0.0,0.0,0.0,,,,,30,2026-02-04 15:25:37.773779
ELEC-F,0.0,8.0,29.0,,,15.0,25.0,30,2026-02-04 15:25:37.773779
NG,2.17,2.15,2.19,800000.0,800000.0,,,31,2026-02-04 15:25:38.804522
ELEC-day2,0.0,0.0,0.0,,,,,31,2026-02-04 15:25:38.804522
ELEC-day3,0.0,0.0,0.0,,,,,31,2026-02-04 15:25:38.804522
ELEC-day4,0.0,0.0,0.0,,,,,31,2026-02-04 15:25:38.804522
ELEC-day5,0.0,0.0,0.0,,,,,31,2026-02-04 15:25:38.804522
ELEC-day6,0.0,0.0,0.0,,,,,31,2026-02-04 15:25:38.804522
ELEC-F,0.0,8.0,29.0,,,15.0,40.0,31,2026-02-04 15:25:38.804522
NG,2.17,2.18,2.19,80.0,800000.0,800000.0,,,32,2026-02-04 15:25:39.447758
ELEC-day2,0.0,0.0,0.0,,,,,,32,2026-02-04 15:25:39.447758
ELEC-day3,0.0,0.0,0.0,,,,,,32,2026-02-04 15:25:39.447758
ELEC-day4,0.0,0.0,0.0,,,,,,32,2026-02-04 15:25:39.447758
ELEC-day5,0.0,0.0,0.0,,,,,,32,2026-02-04 15:25:39.447758
ELEC-day6,0.0,0.0,0.0,,,,,,32,2026-02-04 15:25:39.447758
ELEC-F,0.0,8.0,29.0,,,,20.0,40.0,32,2026-02-04 15:25:39.447758
NG,2.16,2.14,2.18,800000.0,800000.0,,,0,33,2026-02-04 15:25:40.673659
ELEC-day2,0.0,0.0,0.0,,,,,0,33,2026-02-04 15:25:40.673659
ELEC-day3,0.0,0.0,0.0,,,,,0,33,2026-02-04 15:25:40.673659
ELEC-day4,0.0,0.0,0.0,,,,,0,33,2026-02-04 15:25:40.673659
ELEC-day5,0.0,0.0,0.0,,,,,0,33,2026-02-04 15:25:40.673659
ELEC-day6,0.0,0.0,0.0,,,,,0,33,2026-02-04 15:25:40.673659
ELEC-F,0.0,8.0,29.0,,,35.0,40.0,0,33,2026-02-04 15:25:40.673659
NG,2.16,2.14,2.18,800000.0,800000.0,,,0,34,2026-02-04 15:25:41.727198
ELEC-day2,0.0,0.0,0.0,,,,,0,34,2026-02-04 15:25:41.727198
ELEC-day3,0.0,0.0,0.0,,,,,0,34,2026-02-04 15:25:41.727198
ELEC-day4,0.0,0.0,0.0,,,,,0,34,2026-02-04 15:25:41.727198
ELEC-day5,0.0,0.0,0.0,,,,,0,34,2026-02-04 15:25:41.727198
ELEC-day6,0.0,0.0,0.0,,,,,0,34,2026-02-04 15:25:41.727198
ELEC-F,0.0,8.0,29.0,,,40.0,40.0,0,34,2026-02-04 15:25:41.727198
NG,2.16,2.14,2.18,800000.0,800000.0,,,0,35,2026-02-04 15:25:42.776578
ELEC-day2,0.0,0.0,0.0,,,,,0,35,2026-02-04 15:25:42.776578
ELEC-day3,0.0,0.0,0.0,,,,,0,35,2026-02-04 15:25:42.776578
ELEC-day4,0.0,0.0,0.0,,,,,0,35,2026-02-04 15:25:42.776578
ELEC-day5,0.0,0.0,0.0,,,,,0,35,2026-02-04 15:25:42.776578
ELEC-day6,0.0,0.0,0.0,,,,,0,35,2026-02-04 15:25:42.776578
ELEC-F,0.0,8.0,29.0,,,40.0,40.0,0,35,2026-02-04 15:25:42.776578
NG,2.17,2.15,2.19,800000.0,800000.0,,,0,36,2026-02-04 15:25:43.814192
ELEC-day2,0.0,0.0,0.0,,,,,0,36,2026-02-04 15:25:43.814192
ELEC-day3,0.0,0.0,0.0,,,,,0,36,2026-02-04 15:25:43.814192
ELEC-day4,0.0,0.0,0.0,,,,,0,36,2026-02-04 15:25:43.814192
ELEC-day5,0.0,0.0,0.0,,,,,0,36,2026-02-04 15:25:43.814192
ELEC-day6,0.0,0.0,0.0,,,,,0,36,2026-02-04 15:25:43.814192
ELEC-F,0.0,8.0,29.0,,,40.0,40.0,0,36,2026-02-04 15:25:43.814192
NG,2.17,2.15,2.19,800000.0,800000.0,,,0,37,2026-02-04 15:25:44.857275
ELEC-day2,0.0,0.0,0.0,,,,,0,37,2026-02-04 15:25:44.857275
ELEC-day3,0.0,0.0,0.0,,,,,0,37,2026-02-04 15:25:44.857275
ELEC-day4,0.0,0.0,0.0,,,,,0,37,2026-02-04 15:25:44.857275
ELEC-day5,0.0,0.0,0.0,,,,,0,37,2026-02-04 15:25:44.857275
ELEC-day6,0.0,0.0,0.0,,,,,0,37,2026-02-04 15:25:44.857275
ELEC-F,0.0,8.0,29.0,,,40.0,40.0,0,37,2026-02-04 15:25:44.857275
NG,2.18,2.16,2.2,800000.0,800000.0,,,0,38,2026-02-04 15:25:45.454728
ELEC-day2,0.0,0.0,0.0,,,,,0,38,2026-02-04 15:25:45.454728
ELEC-day3,0.0,0.0,0.0,,,,,0,38,2026-02-04 15:25:45.454728
ELEC-day4,0.0,0.0,0.0,,,,,0,38,2026-02-04 15:25:45.454728
ELEC-day5,0.0,0.0,0.0,,,,,0,38,2026-02-04 15:25:45.454728
ELEC-day6,0.0,0.0,0.0,,,,,0,38,2026-02-04 15:25:45.454728
ELEC-F,0.0,9.0,29.0,,,45.0,40.0,0,38,2026-02-04 15:25:45.454728
NG,2.17,2.15,2.19,800000.0,800000.0,,,0,39,2026-02-04 15:25:46.606897
ELEC-day2,0.0,0.0,0.0,,,,,0,39,2026-02-04 15:25:46.606897
ELEC-day3,0.0,0.0,0.0,,,,,0,39,2026-02-04 15:25:46.606897
ELEC-day4,0.0,0.0,0.0,,,,,0,39,2026-02-04 15:25:46.606897
ELEC-day5,0.0,0.0,0.0,,,,,0,39,2026-02-04 15:25:46.606897
ELEC-day6,0.0,0.0,0.0,,,,,0,39,2026-02-04 15:25:46.606897
ELEC-F,0.0,10.0,29.0,,,50.0,40.0,0,39,2026-02-04 15:25:46.606897
NG,2.17,2.15,2.19,800000.0,800000.0,,,0,40,2026-02-04 15:25:47.652043
ELEC-day2,0.0,0.0,0.0,,,,,0,40,2026-02-04 15:25:47.652043
ELEC-day3,0.0,0.0,0.0,,,,,0,40,2026-02-04 15:25:47.652043
ELEC-day4,0.0,0.0,0.0,,,,,0,40,2026-02-04 15:25:47.652043
ELEC-day5,0.0,0.0,0.0,,,,,0,40,2026-02-04 15:25:47.652043
ELEC-day6,0.0,0.0,0.0,,,,,0,40,2026-02-04 15:25:47.652043
ELEC-F,0.0,11.0,29.0,,,55.0,40.0,0,40,2026-02-04 15:25:47.652043
NG,2.16,2.14,2.18,800000.0,800000.0,,,0,41,2026-02-04 15:25:48.694466
ELEC-day2,0.0,0.0,0.0,,,,,0,41,2026-02-04 15:25:48.694466
ELEC-day3,0.0,0.0,0.0,,,,,0,41,2026-02-04 15:25:48.694466
ELEC-day4,0.0,0.0,0.0,,,,,0,41,2026-02-04 15:25:48.694466
ELEC-day5,0.0,0.0,0.0,,,,,0,41,2026-02-04 15:25:48.694466
ELEC-day6,0.0,0.0,0.0,,,,,0,41,2026-02-04 15:25:48.694466
ELEC-F,0.0,11.0,27.0,,,55.0,50.0,0,41,2026-02-04 15:25:48.694466
NG,2.15,2.13,2.17,800000.0,800000.0,,,0,42,2026-02-04 15:25:49.723581
ELEC-day2,0.0,0.0,0.0,,,,,0,42,2026-02-04 15:25:49.723581
ELEC-day3,0.0,0.0,0.0,,,,,0,42,2026-02-04 15:25:49.723581
ELEC-day4,0.0,0.0,0.0,,,,,0,42,2026-02-04 15:25:49.723581
ELEC-day5,0.0,0.0,0.0,,,,,0,42,2026-02-04 15:25:49.723581
ELEC-day6,0.0,0.0,0.0,,,,,0,42,2026-02-04 15:25:49.723581
ELEC-F,0.0,11.0,26.0,,,55.0,55.0,0,42,2026-02-04 15:25:49.723581
NG,2.14,2.12,2.16,800000.0,800000.0,,,0,43,2026-02-04 15:25:50.747115
ELEC-day2,0.0,0.0,0.0,,,,,0,43,2026-02-04 15:25:50.747115
ELEC-day3,0.0,0.0,0.0,,,,,0,43,2026-02-04 15:25:50.747115
ELEC-day4,0.0,0.0,0.0,,,,,0,43,2026-02-04 15:25:50.747115
ELEC-day5,0.0,0.0,0.0,,,,,0,43,2026-02-04 15:25:50.747115
ELEC-day6,0.0,0.0,0.0,,,,,0,43,2026-02-04 15:25:50.747115
ELEC-F,0.0,11.0,26.0,,,55.0,55.0,0,43,2026-02-04 15:25:50.747115
NG,2.14,2.12,2.16,800000.0,800000.0,,,0,44,2026-02-04 15:25:51.776111
ELEC-day2,0.0,0.0,0.0,,,,,0,44,2026-02-04 15:25:51.776111
ELEC-day3,0.0,0.0,0.0,,,,,0,44,2026-02-04 15:25:51.776111
ELEC-day4,0.0,0.0,0.0,,,,,0,44,2026-02-04 15:25:51.776111
ELEC-day5,0.0,0.0,0.0,,,,,0,44,2026-02-04 15:25:51.776111
ELEC-day6,0.0,0.0,0.0,,,,,0,44,2026-02-04 15:25:51.776111
ELEC-F,0.0,11.0,25.0,,,55.0,60.0,0,44,2026-02-04 15:25:51.776111
NG,2.14,2.12,2.16,800000.0,800000.0,,,0,45,2026-02-04 15:25:52.819685
ELEC-day2,0.0,0.0,0.0,,,,,0,45,2026-02-04 15:25:52.819685
ELEC-day3,0.0,0.0,0.0,,,,,0,45,2026-02-04 15:25:52.819685
ELEC-day4,0.0,0.0,0.0,,,,,0,45,2026-02-04 15:25:52.819685
ELEC-day5,0.0,0.0,0.0,,,,,0,45,2026-02-04 15:25:52.819685
ELEC-day6,0.0,0.0,0.0,,,,,0,45,2026-02-04 15:25:52.819685
ELEC-F,0.0,12.0,25.0,,,60.0,60.0,0,45,2026-02-04 15:25:52.819685
NG,2.13,2.11,2.15,800000.0,800000.0,,,0,46,2026-02-04 15:25:53.851136
ELEC-day2,0.0,0.0,0.0,,,,,0,46,2026-02-04 15:25:53.851136
ELEC-day3,0.0,0.0,0.0,,,,,0,46,2026-02-04 15:25:53.851136
ELEC-day4,0.0,0.0,0.0,,,,,0,46,2026-02-04 15:25:53.851136
ELEC-day5,0.0,0.0,0.0,,,,,0,46,2026-02-04 15:25:53.851136
ELEC-day6,0.0,0.0,0.0,,,,,0,46,2026-02-04 15:25:53.851136
ELEC-F,0.0,12.0,25.0,,,60.0,60.0,0,46,2026-02-04 15:25:53.851136
NG,2.13,2.11,2.15,800000.0,800000.0,,,0,47,2026-02-04 15:25:54.882682
ELEC-day2,0.0,0.0,0.0,,,,,0,47,2026-02-04 15:25:54.882682
ELEC-day3,0.0,0.0,0.0,,,,,0,47,2026-02-04 15:25:54.882682
ELEC-day4,0.0,0.0,0.0,,,,,0,47,2026-02-04 15:25:54.882682
ELEC-day5,0.0,0.0,0.0,,,,,0,47,2026-02-04 15:25:54.882682
ELEC-day6,0.0,0.0,0.0,,,,,0,47,2026-02-04 15:25:54.882682
ELEC-F,0.0,12.0,25.0,,,60.0,60.0,0,47,2026-02-04 15:25:54.882682
NG,2.12,2.1,2.14,800000.0,800000.0,,,0,48,2026-02-04 15:25:55.913815
ELEC-day2,0.0,0.0,0.0,,,,,0,48,2026-02-04 15:25:55.913815
ELEC-day3,0.0,0.0,0.0,,,,,0,48,2026-02-04 15:25:55.913815
ELEC-day4,0.0,0.0,0.0,,,,,0,48,2026-02-04 15:25:55.913815
ELEC-day5,0.0,0.0,0.0,,,,,0,48,2026-02-04 15:25:55.913815
ELEC-day6,0.0,0.0,0.0,,,,,0,48,2026-02-04 15:25:55.913815
ELEC-F,0.0,12.0,25.0,,,60.0,60.0,0,48,2026-02-04 15:25:55.913815
NG,2.13,2.11,2.15,800000.0,800000.0,,,0,49,2026-02-04 15:25:56.522106
ELEC-day2,0.0,0.0,0.0,,,,,0,49,2026-02-04 15:25:56.522106
ELEC-day3,0.0,0.0,0.0,,,,,0,49,2026-02-04 15:25:56.522106
ELEC-day4,0.0,0.0,0.0,,,,,0,49,2026-02-04 15:25:56.522106
ELEC-day5,0.0,0.0,0.0,,,,,0,49,2026-02-04 15:25:56.522106
ELEC-day6,0.0,0.0,0.0,,,,,0,49,2026-02-04 15:25:56.522106
ELEC-F,0.0,12.0,25.0,,,60.0,60.0,0,49,2026-02-04 15:25:56.522106
NG,2.13,2.13,2.15,80.0,800000.0,800000.0,,,50,2026-02-04 15:25:57.691673
ELEC-day2,0.0,0.0,0.0,,,,,,50,2026-02-04 15:25:57.691673
ELEC-day3,0.0,0.0,0.0,,,,,,50,2026-02-04 15:25:57.691673
ELEC-day4,0.0,0.0,0.0,,,,,,50,2026-02-04 15:25:57.691673
ELEC-day5,0.0,0.0,0.0,,,,,,50,2026-02-04 15:25:57.691673
ELEC-day6,0.0,0.0,0.0,,,,,,50,2026-02-04 15:25:57.691673
ELEC-F,0.0,12.0,25.0,,,,60.0,60.0,50,2026-02-04 15:25:57.691673
NG,2.14,2.13,2.16,80.0,800000.0,800000.0,,,51,2026-02-04 15:25:58.728117
ELEC-day2,0.0,0.0,0.0,,,,,,51,2026-02-04 15:25:58.728117
ELEC-day3,0.0,0.0,0.0,,,,,,51,2026-02-04 15:25:58.728117
ELEC-day4,0.0,0.0,0.0,,,,,,51,2026-02-04 15:25:58.728117
ELEC-day5,0.0,0.0,0.0,,,,,,51,2026-02-04 15:25:58.728117
ELEC-day6,0.0,0.0,0.0,,,,,,51,2026-02-04 15:25:58.728117
ELEC-F,0.0,12.0,25.0,,,,60.0,60.0,51,2026-02-04 15:25:58.728117
NG,2.15,2.13,2.17,800000.0,800000.0,,,0,52,2026-02-04 15:25:59.763675
ELEC-day2,0.0,0.0,0.0,,,,,0,52,2026-02-04 15:25:59.763675
ELEC-day3,0.0,0.0,0.0,,,,,0,52,2026-02-04 15:25:59.763675
ELEC-day4,0.0,0.0,0.0,,,,,0,52,2026-02-04 15:25:59.763675
ELEC-day5,0.0,0.0,0.0,,,,,0,52,2026-02-04 15:25:59.763675
ELEC-day6,0.0,0.0,0.0,,,,,0,52,2026-02-04 15:25:59.763675
ELEC-F,0.0,12.0,25.0,,,60.0,60.0,0,52,2026-02-04 15:25:59.763675
NG,2.15,2.13,2.17,800000.0,800000.0,,,0,53,2026-02-04 15:26:00.798506
ELEC-day2,0.0,0.0,0.0,,,,,0,53,2026-02-04 15:26:00.798506
ELEC-day3,0.0,0.0,0.0,,,,,0,53,2026-02-04 15:26:00.798506
ELEC-day4,0.0,0.0,0.0,,,,,0,53,2026-02-04 15:26:00.798506
ELEC-day5,0.0,0.0,0.0,,,,,0,53,2026-02-04 15:26:00.798506
ELEC-day6,0.0,0.0,0.0,,,,,0,53,2026-02-04 15:26:00.798506
ELEC-F,0.0,12.0,25.0,,,60.0,60.0,0,53,2026-02-04 15:26:00.798506
NG,2.15,2.13,2.17,800000.0,800000.0,,,0,54,2026-02-04 15:26:01.826790
ELEC-day2,0.0,0.0,0.0,,,,,0,54,2026-02-04 15:26:01.826790
ELEC-day3,0.0,0.0,0.0,,,,,0,54,2026-02-04 15:26:01.826790
ELEC-day4,0.0,0.0,0.0,,,,,0,54,2026-02-04 15:26:01.826790
ELEC-day5,0.0,0.0,0.0,,,,,0,54,2026-02-04 15:26:01.826790
ELEC-day6,0.0,0.0,0.0,,,,,0,54,2026-02-04 15:26:01.826790
ELEC-F,0.0,12.0,25.0,,,60.0,60.0,0,54,2026-02-04 15:26:01.826790
NG,2.16,2.14,2.18,800000.0,800000.0,,,0,55,2026-02-04 15:26:02.871462
ELEC-day2,0.0,0.0,0.0,,,,,0,55,2026-02-04 15:26:02.871462
ELEC-day3,0.0,0.0,0.0,,,,,0,55,2026-02-04 15:26:02.871462
ELEC-day4,0.0,0.0,0.0,,,,,0,55,2026-02-04 15:26:02.871462
ELEC-day5,0.0,0.0,0.0,,,,,0,55,2026-02-04 15:26:02.871462
ELEC-day6,0.0,0.0,0.0,,,,,0,55,2026-02-04 15:26:02.871462
ELEC-F,0.0,12.0,25.0,,,60.0,60.0,0,55,2026-02-04 15:26:02.871462
NG,2.17,2.15,2.19,800000.0,800000.0,,,0,56,2026-02-04 15:26:03.907283
ELEC-day2,0.0,0.0,0.0,,,,,0,56,2026-02-04 15:26:03.907283
ELEC-day3,0.0,0.0,0.0,,,,,0,56,2026-02-04 15:26:03.907283
ELEC-day4,0.0,0.0,0.0,,,,,0,56,2026-02-04 15:26:03.907283
ELEC-day5,0.0,0.0,0.0,,,,,0,56,2026-02-04 15:26:03.907283
ELEC-day6,0.0,0.0,0.0,,,,,0,56,2026-02-04 15:26:03.907283
ELEC-F,0.0,12.0,25.0,,,60.0,60.0,0,56,2026-02-04 15:26:03.907283
NG,2.18,2.16,2.2,800000.0,800000.0,,,0,57,2026-02-04 15:26:04.945676
ELEC-day2,0.0,0.0,0.0,,,,,0,57,2026-02-04 15:26:04.945676
ELEC-day3,0.0,0.0,0.0,,,,,0,57,2026-02-04 15:26:04.945676
ELEC-day4,0.0,0.0,0.0,,,,,0,57,2026-02-04 15:26:04.945676
ELEC-day5,0.0,0.0,0.0,,,,,0,57,2026-02-04 15:26:04.945676
ELEC-day6,0.0,0.0,0.0,,,,,0,57,2026-02-04 15:26:04.945676
ELEC-F,0.0,12.0,25.0,,,60.0,60.0,0,57,2026-02-04 15:26:04.945676
NG,2.18,2.16,2.2,800000.0,800000.0,,,0,58,2026-02-04 15:26:05.987297
ELEC-day2,0.0,0.0,0.0,,,,,0,58,2026-02-04 15:26:05.987297
ELEC-day3,0.0,0.0,0.0,,,,,0,58,2026-02-04 15:26:05.987297
ELEC-day4,0.0,0.0,0.0,,,,,0,58,2026-02-04 15:26:05.987297
ELEC-day5,0.0,0.0,0.0,,,,,0,58,2026-02-04 15:26:05.987297
ELEC-day6,0.0,0.0,0.0,,,,,0,58,2026-02-04 15:26:05.987297
ELEC-F,0.0,12.0,25.0,,,60.0,60.0,0,58,2026-02-04 15:26:05.987297
NG,2.18,2.16,2.2,800000.0,800000.0,,,0,59,2026-02-04 15:26:06.608111
ELEC-day2,0.0,0.0,0.0,,,,,0,59,2026-02-04 15:26:06.608111
ELEC-day3,0.0,0.0,0.0,,,,,0,59,2026-02-04 15:26:06.608111
ELEC-day4,0.0,0.0,0.0,,,,,0,59,2026-02-04 15:26:06.608111
ELEC-day5,0.0,0.0,0.0,,,,,0,59,2026-02-04 15:26:06.608111
ELEC-day6,0.0,0.0,0.0,,,,,0,59,2026-02-04 15:26:06.608111
ELEC-F,0.0,12.0,25.0,,,60.0,60.0,0,59,2026-02-04 15:26:06.608111
NG,2.18,2.16,2.2,800000.0,800000.0,,,0,60,2026-02-04 15:26:07.753572
ELEC-day2,0.0,0.0,0.0,,,,,0,60,2026-02-04 15:26:07.753572
ELEC-day3,0.0,0.0,0.0,,,,,0,60,2026-02-04 15:26:07.753572
ELEC-day4,0.0,0.0,0.0,,,,,0,60,2026-02-04 15:26:07.753572
ELEC-day5,0.0,0.0,0.0,,,,,0,60,2026-02-04 15:26:07.753572
ELEC-day6,0.0,0.0,0.0,,,,,0,60,2026-02-04 15:26:07.753572
ELEC-F,0.0,12.0,25.0,,,60.0,60.0,0,60,2026-02-04 15:26:07.753572
NG,2.17,2.15,2.19,800000.0,800000.0,,,0,61,2026-02-04 15:26:08.799387
ELEC-day2,0.0,0.0,0.0,,,,,0,61,2026-02-04 15:26:08.799387
ELEC-day3,0.0,0.0,0.0,,,,,0,61,2026-02-04 15:26:08.799387
ELEC-day4,0.0,0.0,0.0,,,,,0,61,2026-02-04 15:26:08.799387
ELEC-day5,0.0,0.0,0.0,,,,,0,61,2026-02-04 15:26:08.799387
ELEC-day6,0.0,0.0,0.0,,,,,0,61,2026-02-04 15:26:08.799387
ELEC-F,0.0,12.0,25.0,,,60.0,60.0,0,61,2026-02-04 15:26:08.799387
NG,2.17,2.15,2.19,800000.0,800000.0,,,0,62,2026-02-04 15:26:09.841846
ELEC-day2,0.0,0.0,0.0,,,,,0,62,2026-02-04 15:26:09.841846
ELEC-day3,0.0,0.0,0.0,,,,,0,62,2026-02-04 15:26:09.841846
ELEC-day4,0.0,0.0,0.0,,,,,0,62,2026-02-04 15:26:09.841846
ELEC-day5,0.0,0.0,0.0,,,,,0,62,2026-02-04 15:26:09.841846
ELEC-day6,0.0,0.0,0.0,,,,,0,62,2026-02-04 15:26:09.841846
ELEC-F,0.0,12.0,25.0,,,60.0,60.0,0,62,2026-02-04 15:26:09.841846
NG,2.17,2.15,2.19,800000.0,800000.0,,,0,63,2026-02-04 15:26:10.880984
ELEC-day2,0.0,0.0,0.0,,,,,0,63,2026-02-04 15:26:10.880984
ELEC-day3,0.0,0.0,0.0,,,,,0,63,2026-02-04 15:26:10.880984
ELEC-day4,0.0,0.0,0.0,,,,,0,63,2026-02-04 15:26:10.880984
ELEC-day5,0.0,0.0,0.0,,,,,0,63,2026-02-04 15:26:10.880984
ELEC-day6,0.0,0.0,0.0,,,,,0,63,2026-02-04 15:26:10.880984
ELEC-F,0.0,12.0,25.0,,,60.0,60.0,0,63,2026-02-04 15:26:10.880984
NG,2.17,2.15,2.19,800000.0,800000.0,,,0,64,2026-02-04 15:26:11.920201
ELEC-day2,0.0,0.0,0.0,,,,,0,64,2026-02-04 15:26:11.920201
ELEC-day3,0.0,0.0,0.0,,,,,0,64,2026-02-04 15:26:11.920201
ELEC-day4,0.0,0.0,0.0,,,,,0,64,2026-02-04 15:26:11.920201
ELEC-day5,0.0,0.0,0.0,,,,,0,64,2026-02-04 15:26:11.920201
ELEC-day6,0.0,0.0,0.0,,,,,0,64,2026-02-04 15:26:11.920201
ELEC-F,0.0,12.0,25.0,,,60.0,60.0,0,64,2026-02-04 15:26:11.920201
NG,2.17,2.15,2.19,800000.0,800000.0,,,0,65,2026-02-04 15:26:12.961539
ELEC-day2,0.0,0.0,0.0,,,,,0,65,2026-02-04 15:26:12.961539
ELEC-day3,0.0,0.0,0.0,,,,,0,65,2026-02-04 15:26:12.961539
ELEC-day4,0.0,0.0,0.0,,,,,0,65,2026-02-04 15:26:12.961539
ELEC-day5,0.0,0.0,0.0,,,,,0,65,2026-02-04 15:26:12.961539
ELEC-day6,0.0,0.0,0.0,,,,,0,65,2026-02-04 15:26:12.961539
ELEC-F,0.0,12.0,25.0,,,60.0,60.0,0,65,2026-02-04 15:26:12.961539
NG,2.17,2.15,2.19,800000.0,800000.0,,,0,66,2026-02-04 15:26:14.038309
ELEC-day2,0.0,0.0,0.0,,,,,0,66,2026-02-04 15:26:14.038309
ELEC-day3,0.0,0.0,0.0,,,,,0,66,2026-02-04 15:26:14.038309
ELEC-day4,0.0,0.0,0.0,,,,,0,66,2026-02-04 15:26:14.038309
ELEC-day5,0.0,0.0,0.0,,,,,0,66,2026-02-04 15:26:14.038309
ELEC-day6,0.0,0.0,0.0,,,,,0,66,2026-02-04 15:26:14.038309
ELEC-F,0.0,12.0,25.0,,,60.0,60.0,0,66,2026-02-04 15:26:14.038309
NG,2.17,2.15,2.19,800000.0,800000.0,,,0,67,2026-02-04 15:26:14.642951
ELEC-day2,0.0,0.0,0.0,,,,,0,67,2026-02-04 15:26:14.642951
ELEC-day3,0.0,0.0,0.0,,,,,0,67,2026-02-04 15:26:14.642951
ELEC-day4,0.0,0.0,0.0,,,,,0,67,2026-02-04 15:26:14.642951
ELEC-day5,0.0,0.0,0.0,,,,,0,67,2026-02-04 15:26:14.642951
ELEC-day6,0.0,0.0,0.0,,,,,0,67,2026-02-04 15:26:14.642951
ELEC-F,0.0,12.0,25.0,,,60.0,60.0,0,67,2026-02-04 15:26:14.642951
NG,2.17,2.15,2.19,800000.0,800000.0,,,0,68,2026-02-04 15:26:15.830366
ELEC-day2,0.0,0.0,0.0,,,,,0,68,2026-02-04 15:26:15.830366
ELEC-day3,0.0,0.0,0.0,,,,,0,68,2026-02-04 15:26:15.830366
ELEC-day4,0.0,0.0,0.0,,,,,0,68,2026-02-04 15:26:15.830366
ELEC-day5,0.0,0.0,0.0,,,,,0,68,2026-02-04 15:26:15.830366
ELEC-day6,0.0,0.0,0.0,,,,,0,68,2026-02-04 15:26:15.830366
ELEC-F,0.0,12.0,25.0,,,60.0,60.0,0,68,2026-02-04 15:26:15.830366
NG,2.17,2.15,2.19,800000.0,800000.0,,,0,69,2026-02-04 15:26:16.965192
ELEC-day2,0.0,0.0,0.0,,,,,0,69,2026-02-04 15:26:16.965192
ELEC-day3,0.0,0.0,0.0,,,,,0,69,2026-02-04 15:26:16.965192
ELEC-day4,0.0,0.0,0.0,,,,,0,69,2026-02-04 15:26:16.965192
ELEC-day5,0.0,0.0,0.0,,,,,0,69,2026-02-04 15:26:16.965192
ELEC-day6,0.0,0.0,0.0,,,,,0,69,2026-02-04 15:26:16.965192
ELEC-F,0.0,12.0,25.0,,,60.0,60.0,0,69,2026-02-04 15:26:16.965192
NG,2.17,2.15,2.19,800000.0,800000.0,,,0,70,2026-02-04 15:26:18.037485
ELEC-day2,0.0,0.0,0.0,,,,,0,70,2026-02-04 15:26:18.037485
ELEC-day3,0.0,0.0,0.0,,,,,0,70,2026-02-04 15:26:18.037485
ELEC-day4,0.0,0.0,0.0,,,,,0,70,2026-02-04 15:26:18.037485
ELEC-day5,0.0,0.0,0.0,,,,,0,70,2026-02-04 15:26:18.037485
ELEC-day6,0.0,0.0,0.0,,,,,0,70,2026-02-04 15:26:18.037485
ELEC-F,0.0,12.0,25.0,,,60.0,60.0,0,70,2026-02-04 15:26:18.037485
NG,2.16,2.14,2.18,800000.0,800000.0,,,0,71,2026-02-04 15:26:18.683660
ELEC-day2,0.0,0.0,0.0,,,,,0,71,2026-02-04 15:26:18.683660
ELEC-day3,0.0,0.0,0.0,,,,,0,71,2026-02-04 15:26:18.683660
ELEC-day4,0.0,0.0,0.0,,,,,0,71,2026-02-04 15:26:18.683660
ELEC-day5,0.0,0.0,0.0,,,,,0,71,2026-02-04 15:26:18.683660
ELEC-day6,0.0,0.0,0.0,,,,,0,71,2026-02-04 15:26:18.683660
ELEC-F,0.0,12.0,25.0,,,60.0,60.0,0,71,2026-02-04 15:26:18.683660
NG,2.17,2.15,2.19,800000.0,800000.0,,,0,72,2026-02-04 15:26:19.890613
ELEC-day2,0.0,0.0,0.0,,,,,0,72,2026-02-04 15:26:19.890613
ELEC-day3,0.0,0.0,0.0,,,,,0,72,2026-02-04 15:26:19.890613
ELEC-day4,0.0,0.0,0.0,,,,,0,72,2026-02-04 15:26:19.890613
ELEC-day5,0.0,0.0,0.0,,,,,0,72,2026-02-04 15:26:19.890613
ELEC-day6,0.0,0.0,0.0,,,,,0,72,2026-02-04 15:26:19.890613
ELEC-F,0.0,12.0,25.0,,,60.0,60.0,0,72,2026-02-04 15:26:19.890613
NG,2.16,2.14,2.18,800000.0,800000.0,,,0,73,2026-02-04 15:26:20.940526
ELEC-day2,0.0,0.0,0.0,,,,,0,73,2026-02-04 15:26:20.940526
ELEC-day3,0.0,0.0,0.0,,,,,0,73,2026-02-04 15:26:20.940526
ELEC-day4,0.0,0.0,0.0,,,,,0,73,2026-02-04 15:26:20.940526
ELEC-day5,0.0,0.0,0.0,,,,,0,73,2026-02-04 15:26:20.940526
ELEC-day6,0.0,0.0,0.0,,,,,0,73,2026-02-04 15:26:20.940526
ELEC-F,0.0,12.0,25.0,,,60.0,60.0,0,73,2026-02-04 15:26:20.940526
NG,2.16,2.14,2.18,800000.0,800000.0,,,0,74,2026-02-04 15:26:21.997902
ELEC-day2,0.0,0.0,0.0,,,,,0,74,2026-02-04 15:26:21.997902
ELEC-day3,0.0,0.0,0.0,,,,,0,74,2026-02-04 15:26:21.997902
ELEC-day4,0.0,0.0,0.0,,,,,0,74,2026-02-04 15:26:21.997902
ELEC-day5,0.0,0.0,0.0,,,,,0,74,2026-02-04 15:26:21.997902
ELEC-day6,0.0,0.0,0.0,,,,,0,74,2026-02-04 15:26:21.997902
ELEC-F,0.0,12.0,25.0,,,60.0,60.0,0,74,2026-02-04 15:26:21.997902
NG,2.16,2.14,2.18,800000.0,800000.0,,,0,75,2026-02-04 15:26:23.045185
ELEC-day2,0.0,0.0,0.0,,,,,0,75,2026-02-04 15:26:23.045185
ELEC-day3,0.0,0.0,0.0,,,,,0,75,2026-02-04 15:26:23.045185
ELEC-day4,0.0,0.0,0.0,,,,,0,75,2026-02-04 15:26:23.045185
ELEC-day5,0.0,0.0,0.0,,,,,0,75,2026-02-04 15:26:23.045185
ELEC-day6,0.0,0.0,0.0,,,,,0,75,2026-02-04 15:26:23.045185
ELEC-F,26.0,12.0,27.0,,,60.0,50.0,0,75,2026-02-04 15:26:23.045185
NG,2.15,2.13,2.17,800000.0,800000.0,,,0,76,2026-02-04 15:26:24.078966
ELEC-day2,0.0,0.0,0.0,,,,,0,76,2026-02-04 15:26:24.078966
ELEC-day3,0.0,0.0,0.0,,,,,0,76,2026-02-04 15:26:24.078966
ELEC-day4,0.0,0.0,0.0,,,,,0,76,2026-02-04 15:26:24.078966
ELEC-day5,0.0,0.0,0.0,,,,,0,76,2026-02-04 15:26:24.078966
ELEC-day6,0.0,0.0,0.0,,,,,0,76,2026-02-04 15:26:24.078966
ELEC-F,26.0,12.0,27.0,,,60.0,50.0,0,76,2026-02-04 15:26:24.078966
NG,2.15,2.13,2.17,800000.0,800000.0,,,0,77,2026-02-04 15:26:25.236967
ELEC-day2,0.0,0.0,0.0,,,,,0,77,2026-02-04 15:26:25.236967
ELEC-day3,0.0,0.0,0.0,,,,,0,77,2026-02-04 15:26:25.236967
ELEC-day4,0.0,0.0,0.0,,,,,0,77,2026-02-04 15:26:25.236967
ELEC-day5,0.0,0.0,0.0,,,,,0,77,2026-02-04 15:26:25.236967
ELEC-day6,0.0,0.0,0.0,,,,,0,77,2026-02-04 15:26:25.236967
ELEC-F,28.0,12.0,29.0,,,60.0,40.0,0,77,2026-02-04 15:26:25.236967
NG,2.14,2.12,2.16,800000.0,800000.0,,,0,78,2026-02-04 15:26:25.822606
ELEC-day2,0.0,0.0,0.0,,,,,0,78,2026-02-04 15:26:25.822606
ELEC-day3,0.0,0.0,0.0,,,,,0,78,2026-02-04 15:26:25.822606
ELEC-day4,0.0,0.0,0.0,,,,,0,78,2026-02-04 15:26:25.822606
ELEC-day5,0.0,0.0,0.0,,,,,0,78,2026-02-04 15:26:25.822606
ELEC-day6,0.0,0.0,0.0,,,,,0,78,2026-02-04 15:26:25.822606
ELEC-F,28.0,12.0,29.0,,,60.0,40.0,0,78,2026-02-04 15:26:25.822606
NG,2.14,2.12,2.16,800000.0,800000.0,,,0,79,2026-02-04 15:26:26.880010
ELEC-day2,0.0,0.0,0.0,,,,,0,79,2026-02-04 15:26:26.880010
ELEC-day3,0.0,0.0,0.0,,,,,0,79,2026-02-04 15:26:26.880010
ELEC-day4,0.0,0.0,0.0,,,,,0,79,2026-02-04 15:26:26.880010
ELEC-day5,0.0,0.0,0.0,,,,,0,79,2026-02-04 15:26:26.880010
ELEC-day6,0.0,0.0,0.0,,,,,0,79,2026-02-04 15:26:26.880010
ELEC-F,28.0,12.0,29.0,,,60.0,40.0,0,79,2026-02-04 15:26:26.880010
NG,2.13,2.11,2.15,800000.0,800000.0,,,0,80,2026-02-04 15:26:27.923747
ELEC-day2,0.0,0.0,0.0,,,,,0,80,2026-02-04 15:26:27.923747
ELEC-day3,0.0,0.0,0.0,,,,,0,80,2026-02-04 15:26:27.923747
ELEC-day4,0.0,0.0,0.0,,,,,0,80,2026-02-04 15:26:27.923747
ELEC-day5,0.0,0.0,0.0,,,,,0,80,2026-02-04 15:26:27.923747
ELEC-day6,0.0,0.0,0.0,,,,,0,80,2026-02-04 15:26:27.923747
ELEC-F,28.0,12.0,29.0,,,60.0,40.0,0,80,2026-02-04 15:26:27.923747
NG,2.12,2.1,2.14,800000.0,800000.0,,,0,81,2026-02-04 15:26:28.962695
ELEC-day2,0.0,0.0,0.0,,,,,0,81,2026-02-04 15:26:28.962695
ELEC-day3,0.0,0.0,0.0,,,,,0,81,2026-02-04 15:26:28.962695
ELEC-day4,0.0,0.0,0.0,,,,,0,81,2026-02-04 15:26:28.962695
ELEC-day5,0.0,0.0,0.0,,,,,0,81,2026-02-04 15:26:28.962695
ELEC-day6,0.0,0.0,0.0,,,,,0,81,2026-02-04 15:26:28.962695
ELEC-F,28.0,12.0,29.0,,,60.0,40.0,0,81,2026-02-04 15:26:28.962695
NG,2.13,2.11,2.15,800000.0,800000.0,,,0,82,2026-02-04 15:26:30.012688
ELEC-day2,0.0,0.0,0.0,,,,,0,82,2026-02-04 15:26:30.012688
ELEC-day3,0.0,0.0,0.0,,,,,0,82,2026-02-04 15:26:30.012688
ELEC-day4,0.0,0.0,0.0,,,,,0,82,2026-02-04 15:26:30.012688
ELEC-day5,0.0,0.0,0.0,,,,,0,82,2026-02-04 15:26:30.012688
ELEC-day6,0.0,0.0,0.0,,,,,0,82,2026-02-04 15:26:30.012688
ELEC-F,28.0,12.0,29.0,,,60.0,40.0,0,82,2026-02-04 15:26:30.012688
NG,2.13,2.11,2.15,800000.0,800000.0,,,0,83,2026-02-04 15:26:31.067063
ELEC-day2,0.0,0.0,0.0,,,,,0,83,2026-02-04 15:26:31.067063
ELEC-day3,0.0,0.0,0.0,,,,,0,83,2026-02-04 15:26:31.067063
ELEC-day4,0.0,0.0,0.0,,,,,0,83,2026-02-04 15:26:31.067063
ELEC-day5,0.0,0.0,0.0,,,,,0,83,2026-02-04 15:26:31.067063
ELEC-day6,0.0,0.0,0.0,,,,,0,83,2026-02-04 15:26:31.067063
ELEC-F,11.0,10.0,29.0,,,50.0,40.0,0,83,2026-02-04 15:26:31.067063
NG,2.13,2.11,2.15,800000.0,800000.0,,,0,84,2026-02-04 15:26:32.116780
ELEC-day2,0.0,0.0,0.0,,,,,0,84,2026-02-04 15:26:32.116780
ELEC-day3,0.0,0.0,0.0,,,,,0,84,2026-02-04 15:26:32.116780
ELEC-day4,0.0,0.0,0.0,,,,,0,84,2026-02-04 15:26:32.116780
ELEC-day5,0.0,0.0,0.0,,,,,0,84,2026-02-04 15:26:32.116780
ELEC-day6,0.0,0.0,0.0,,,,,0,84,2026-02-04 15:26:32.116780
ELEC-F,11.0,10.0,29.0,,,50.0,40.0,0,84,2026-02-04 15:26:32.116780
NG,2.12,2.1,2.14,800000.0,800000.0,,,0,85,2026-02-04 15:26:33.236454
ELEC-day2,0.0,0.0,0.0,,,,,0,85,2026-02-04 15:26:33.236454
ELEC-day3,0.0,0.0,0.0,,,,,0,85,2026-02-04 15:26:33.236454
ELEC-day4,0.0,0.0,0.0,,,,,0,85,2026-02-04 15:26:33.236454
ELEC-day5,0.0,0.0,0.0,,,,,0,85,2026-02-04 15:26:33.236454
ELEC-day6,0.0,0.0,0.0,,,,,0,85,2026-02-04 15:26:33.236454
ELEC-F,11.0,10.0,29.0,,,50.0,40.0,0,85,2026-02-04 15:26:33.236454
NG,2.12,2.1,2.14,800000.0,800000.0,,,0,86,2026-02-04 15:26:33.911276
ELEC-day2,0.0,0.0,0.0,,,,,0,86,2026-02-04 15:26:33.911276
ELEC-day3,0.0,0.0,0.0,,,,,0,86,2026-02-04 15:26:33.911276
ELEC-day4,0.0,0.0,0.0,,,,,0,86,2026-02-04 15:26:33.911276
ELEC-day5,0.0,0.0,0.0,,,,,0,86,2026-02-04 15:26:33.911276
ELEC-day6,0.0,0.0,0.0,,,,,0,86,2026-02-04 15:26:33.911276
ELEC-F,11.0,10.0,29.0,,,50.0,40.0,0,86,2026-02-04 15:26:33.911276
NG,2.13,2.11,2.15,800000.0,800000.0,,,0,87,2026-02-04 15:26:34.955091
ELEC-day2,0.0,0.0,0.0,,,,,0,87,2026-02-04 15:26:34.955091
ELEC-day3,0.0,0.0,0.0,,,,,0,87,2026-02-04 15:26:34.955091
ELEC-day4,0.0,0.0,0.0,,,,,0,87,2026-02-04 15:26:34.955091
ELEC-day5,0.0,0.0,0.0,,,,,0,87,2026-02-04 15:26:34.955091
ELEC-day6,0.0,0.0,0.0,,,,,0,87,2026-02-04 15:26:34.955091
ELEC-F,11.0,10.0,29.0,,,50.0,40.0,0,87,2026-02-04 15:26:34.955091
NG,2.13,2.11,2.15,800000.0,800000.0,,,0,88,2026-02-04 15:26:35.996581
ELEC-day2,0.0,0.0,0.0,,,,,0,88,2026-02-04 15:26:35.996581
ELEC-day3,0.0,0.0,0.0,,,,,0,88,2026-02-04 15:26:35.996581
ELEC-day4,0.0,0.0,0.0,,,,,0,88,2026-02-04 15:26:35.996581
ELEC-day5,0.0,0.0,0.0,,,,,0,88,2026-02-04 15:26:35.996581
ELEC-day6,0.0,0.0,0.0,,,,,0,88,2026-02-04 15:26:35.996581
ELEC-F,11.0,10.0,29.0,,,50.0,40.0,0,88,2026-02-04 15:26:35.996581
NG,2.13,2.11,2.15,800000.0,800000.0,,,0,89,2026-02-04 15:26:37.036692
ELEC-day2,0.0,0.0,0.0,,,,,0,89,2026-02-04 15:26:37.036692
ELEC-day3,0.0,0.0,0.0,,,,,0,89,2026-02-04 15:26:37.036692
ELEC-day4,0.0,0.0,0.0,,,,,0,89,2026-02-04 15:26:37.036692
ELEC-day5,0.0,0.0,0.0,,,,,0,89,2026-02-04 15:26:37.036692
ELEC-day6,0.0,0.0,0.0,,,,,0,89,2026-02-04 15:26:37.036692
ELEC-F,11.0,10.0,29.0,,,50.0,40.0,0,89,2026-02-04 15:26:37.036692
NG,2.13,2.11,2.15,800000.0,800000.0,,,0,90,2026-02-04 15:26:38.088112,5.0,1.0,89.0,,TEMPERATURE Forecast for DAY 2,The average temperature tomorrow is forecasted to be between 28 and 36 degrees Celsius.
ELEC-day2,0.0,0.0,0.0,,,,,0,90,2026-02-04 15:26:38.088112,,,,,,
ELEC-day3,0.0,0.0,0.0,,,,,0,90,2026-02-04 15:26:38.088112,,,,,,
ELEC-day4,0.0,0.0,0.0,,,,,0,90,2026-02-04 15:26:38.088112,,,,,,
ELEC-day5,0.0,0.0,0.0,,,,,0,90,2026-02-04 15:26:38.088112,,,,,,
ELEC-day6,0.0,0.0,0.0,,,,,0,90,2026-02-04 15:26:38.088112,,,,,,
ELEC-F,11.0,10.0,29.0,,,50.0,40.0,0,90,2026-02-04 15:26:38.088112,,,,,,
NG,2.12,2.1,2.14,800000.0,800000.0,,,0,91,2026-02-04 15:26:39.141535
ELEC-day2,0.0,0.0,0.0,,,,,0,91,2026-02-04 15:26:39.141535
ELEC-day3,0.0,0.0,0.0,,,,,0,91,2026-02-04 15:26:39.141535
ELEC-day4,0.0,0.0,0.0,,,,,0,91,2026-02-04 15:26:39.141535
ELEC-day5,0.0,0.0,0.0,,,,,0,91,2026-02-04 15:26:39.141535
ELEC-day6,0.0,0.0,0.0,,,,,0,91,2026-02-04 15:26:39.141535
ELEC-F,11.0,10.0,29.0,,,50.0,40.0,0,91,2026-02-04 15:26:39.141535
NG,2.12,2.1,2.14,800000.0,800000.0,,,0,92,2026-02-04 15:26:39.774712
ELEC-day2,0.0,0.0,0.0,,,,,0,92,2026-02-04 15:26:39.774712
ELEC-day3,0.0,0.0,0.0,,,,,0,92,2026-02-04 15:26:39.774712
ELEC-day4,0.0,0.0,0.0,,,,,0,92,2026-02-04 15:26:39.774712
ELEC-day5,0.0,0.0,0.0,,,,,0,92,2026-02-04 15:26:39.774712
ELEC-day6,0.0,0.0,0.0,,,,,0,92,2026-02-04 15:26:39.774712
ELEC-F,11.0,10.0,29.0,,,50.0,40.0,0,92,2026-02-04 15:26:39.774712
NG,2.11,2.09,2.13,800000.0,800000.0,,,0,93,2026-02-04 15:26:40.963538
ELEC-day2,0.0,0.0,0.0,,,,,0,93,2026-02-04 15:26:40.963538
ELEC-day3,0.0,0.0,0.0,,,,,0,93,2026-02-04 15:26:40.963538
ELEC-day4,0.0,0.0,0.0,,,,,0,93,2026-02-04 15:26:40.963538
ELEC-day5,0.0,0.0,0.0,,,,,0,93,2026-02-04 15:26:40.963538
ELEC-day6,0.0,0.0,0.0,,,,,0,93,2026-02-04 15:26:40.963538
ELEC-F,11.0,10.0,29.0,,,50.0,40.0,0,93,2026-02-04 15:26:40.963538
NG,2.11,2.09,2.13,800000.0,800000.0,,,0,94,2026-02-04 15:26:42.022245
ELEC-day2,0.0,0.0,0.0,,,,,0,94,2026-02-04 15:26:42.022245
ELEC-day3,0.0,0.0,0.0,,,,,0,94,2026-02-04 15:26:42.022245
ELEC-day4,0.0,0.0,0.0,,,,,0,94,2026-02-04 15:26:42.022245
ELEC-day5,0.0,0.0,0.0,,,,,0,94,2026-02-04 15:26:42.022245
ELEC-day6,0.0,0.0,0.0,,,,,0,94,2026-02-04 15:26:42.022245
ELEC-F,11.0,10.0,29.0,,,50.0,40.0,0,94,2026-02-04 15:26:42.022245
NG,2.11,2.09,2.13,800000.0,800000.0,,,0,95,2026-02-04 15:26:43.069741
ELEC-day2,0.0,0.0,0.0,,,,,0,95,2026-02-04 15:26:43.069741
ELEC-day3,0.0,0.0,0.0,,,,,0,95,2026-02-04 15:26:43.069741
ELEC-day4,0.0,0.0,0.0,,,,,0,95,2026-02-04 15:26:43.069741
ELEC-day5,0.0,0.0,0.0,,,,,0,95,2026-02-04 15:26:43.069741
ELEC-day6,0.0,0.0,0.0,,,,,0,95,2026-02-04 15:26:43.069741
ELEC-F,11.0,10.0,29.0,,,50.0,40.0,0,95,2026-02-04 15:26:43.069741
NG,2.12,2.1,2.14,800000.0,800000.0,,,0,96,2026-02-04 15:26:44.118767
ELEC-day2,0.0,0.0,0.0,,,,,0,96,2026-02-04 15:26:44.118767
ELEC-day3,0.0,0.0,0.0,,,,,0,96,2026-02-04 15:26:44.118767
ELEC-day4,0.0,0.0,0.0,,,,,0,96,2026-02-04 15:26:44.118767
ELEC-day5,0.0,0.0,0.0,,,,,0,96,2026-02-04 15:26:44.118767
ELEC-day6,0.0,0.0,0.0,,,,,0,96,2026-02-04 15:26:44.118767
ELEC-F,11.0,10.0,29.0,,,50.0,40.0,0,96,2026-02-04 15:26:44.118767
NG,2.11,2.09,2.13,800000.0,800000.0,,,0,97,2026-02-04 15:26:45.169038
ELEC-day2,0.0,0.0,0.0,,,,,0,97,2026-02-04 15:26:45.169038
ELEC-day3,0.0,0.0,0.0,,,,,0,97,2026-02-04 15:26:45.169038
ELEC-day4,0.0,0.0,0.0,,,,,0,97,2026-02-04 15:26:45.169038
ELEC-day5,0.0,0.0,0.0,,,,,0,97,2026-02-04 15:26:45.169038
ELEC-day6,0.0,0.0,0.0,,,,,0,97,2026-02-04 15:26:45.169038
ELEC-F,11.0,10.0,29.0,,,50.0,40.0,0,97,2026-02-04 15:26:45.169038
NG,2.12,2.1,2.14,800000.0,800000.0,,,0,98,2026-02-04 15:26:46.212301
ELEC-day2,0.0,0.0,0.0,,,,,0,98,2026-02-04 15:26:46.212301
ELEC-day3,0.0,0.0,0.0,,,,,0,98,2026-02-04 15:26:46.212301
ELEC-day4,0.0,0.0,0.0,,,,,0,98,2026-02-04 15:26:46.212301
ELEC-day5,0.0,0.0,0.0,,,,,0,98,2026-02-04 15:26:46.212301
ELEC-day6,0.0,0.0,0.0,,,,,0,98,2026-02-04 15:26:46.212301
ELEC-F,11.0,10.0,29.0,,,50.0,40.0,0,98,2026-02-04 15:26:46.212301
NG,2.12,2.1,2.14,800000.0,800000.0,,,0,99,2026-02-04 15:26:46.795896
ELEC-day2,0.0,0.0,0.0,,,,,0,99,2026-02-04 15:26:46.795896
ELEC-day3,0.0,0.0,0.0,,,,,0,99,2026-02-04 15:26:46.795896
ELEC-day4,0.0,0.0,0.0,,,,,0,99,2026-02-04 15:26:46.795896
ELEC-day5,0.0,0.0,0.0,,,,,0,99,2026-02-04 15:26:46.795896
ELEC-day6,0.0,0.0,0.0,,,,,0,99,2026-02-04 15:26:46.795896
ELEC-F,11.0,10.0,29.0,,,50.0,40.0,0,99,2026-02-04 15:26:46.795896
NG,2.11,2.09,2.13,800000.0,800000.0,,,0,100,2026-02-04 15:26:47.978493
ELEC-day2,0.0,0.0,0.0,,,,,0,100,2026-02-04 15:26:47.978493
ELEC-day3,0.0,0.0,0.0,,,,,0,100,2026-02-04 15:26:47.978493
ELEC-day4,0.0,0.0,0.0,,,,,0,100,2026-02-04 15:26:47.978493
ELEC-day5,0.0,0.0,0.0,,,,,0,100,2026-02-04 15:26:47.978493
ELEC-day6,0.0,0.0,0.0,,,,,0,100,2026-02-04 15:26:47.978493
ELEC-F,11.0,10.0,29.0,,,50.0,40.0,0,100,2026-02-04 15:26:47.978493
NG,2.11,2.09,2.13,800000.0,800000.0,,,0,101,2026-02-04 15:26:49.036946
ELEC-day2,0.0,0.0,0.0,,,,,0,101,2026-02-04 15:26:49.036946
ELEC-day3,0.0,0.0,0.0,,,,,0,101,2026-02-04 15:26:49.036946
ELEC-day4,0.0,0.0,0.0,,,,,0,101,2026-02-04 15:26:49.036946
ELEC-day5,0.0,0.0,0.0,,,,,0,101,2026-02-04 15:26:49.036946
ELEC-day6,0.0,0.0,0.0,,,,,0,101,2026-02-04 15:26:49.036946
ELEC-F,11.0,10.0,29.0,,,50.0,40.0,0,101,2026-02-04 15:26:49.036946
NG,2.11,2.09,2.13,800000.0,800000.0,,,0,102,2026-02-04 15:26:50.075321
ELEC-day2,0.0,0.0,0.0,,,,,0,102,2026-02-04 15:26:50.075321
ELEC-day3,0.0,0.0,0.0,,,,,0,102,2026-02-04 15:26:50.075321
ELEC-day4,0.0,0.0,0.0,,,,,0,102,2026-02-04 15:26:50.075321
ELEC-day5,0.0,0.0,0.0,,,,,0,102,2026-02-04 15:26:50.075321
ELEC-day6,0.0,0.0,0.0,,,,,0,102,2026-02-04 15:26:50.075321
ELEC-F,11.0,10.0,29.0,,,50.0,40.0,0,102,2026-02-04 15:26:50.075321
NG,2.12,2.1,2.14,800000.0,800000.0,,,0,103,2026-02-04 15:26:51.117639
ELEC-day2,0.0,0.0,0.0,,,,,0,103,2026-02-04 15:26:51.117639
ELEC-day3,0.0,0.0,0.0,,,,,0,103,2026-02-04 15:26:51.117639
ELEC-day4,0.0,0.0,0.0,,,,,0,103,2026-02-04 15:26:51.117639
ELEC-day5,0.0,0.0,0.0,,,,,0,103,2026-02-04 15:26:51.117639
ELEC-day6,0.0,0.0,0.0,,,,,0,103,2026-02-04 15:26:51.117639
ELEC-F,16.0,10.0,29.0,,,50.0,40.0,0,103,2026-02-04 15:26:51.117639
NG,2.12,2.1,2.14,800000.0,800000.0,,,0,104,2026-02-04 15:26:52.155220
ELEC-day2,0.0,0.0,0.0,,,,,0,104,2026-02-04 15:26:52.155220
ELEC-day3,0.0,0.0,0.0,,,,,0,104,2026-02-04 15:26:52.155220
ELEC-day4,0.0,0.0,0.0,,,,,0,104,2026-02-04 15:26:52.155220
ELEC-day5,0.0,0.0,0.0,,,,,0,104,2026-02-04 15:26:52.155220
ELEC-day6,0.0,0.0,0.0,,,,,0,104,2026-02-04 15:26:52.155220
ELEC-F,16.0,10.0,29.0,,,50.0,40.0,0,104,2026-02-04 15:26:52.155220
NG,2.13,2.11,2.15,800000.0,800000.0,,,0,105,2026-02-04 15:26:53.196304
ELEC-day2,0.0,0.0,0.0,,,,,0,105,2026-02-04 15:26:53.196304
ELEC-day3,0.0,0.0,0.0,,,,,0,105,2026-02-04 15:26:53.196304
ELEC-day4,0.0,0.0,0.0,,,,,0,105,2026-02-04 15:26:53.196304
ELEC-day5,0.0,0.0,0.0,,,,,0,105,2026-02-04 15:26:53.196304
ELEC-day6,0.0,0.0,0.0,,,,,0,105,2026-02-04 15:26:53.196304
ELEC-F,16.0,10.0,29.0,,,50.0,40.0,0,105,2026-02-04 15:26:53.196304
NG,2.13,2.11,2.15,800000.0,800000.0,,,0,106,2026-02-04 15:26:54.242147
ELEC-day2,0.0,0.0,0.0,,,,,0,106,2026-02-04 15:26:54.242147
ELEC-day3,0.0,0.0,0.0,,,,,0,106,2026-02-04 15:26:54.242147
ELEC-day4,0.0,0.0,0.0,,,,,0,106,2026-02-04 15:26:54.242147
ELEC-day5,0.0,0.0,0.0,,,,,0,106,2026-02-04 15:26:54.242147
ELEC-day6,0.0,0.0,0.0,,,,,0,106,2026-02-04 15:26:54.242147
ELEC-F,16.0,10.0,29.0,,,50.0,40.0,0,106,2026-02-04 15:26:54.242147
NG,2.13,2.11,2.15,800000.0,800000.0,,,0,107,2026-02-04 15:26:54.836039
ELEC-day2,0.0,0.0,0.0,,,,,0,107,2026-02-04 15:26:54.836039
ELEC-day3,0.0,0.0,0.0,,,,,0,107,2026-02-04 15:26:54.836039
ELEC-day4,0.0,0.0,0.0,,,,,0,107,2026-02-04 15:26:54.836039
ELEC-day5,0.0,0.0,0.0,,,,,0,107,2026-02-04 15:26:54.836039
ELEC-day6,0.0,0.0,0.0,,,,,0,107,2026-02-04 15:26:54.836039
ELEC-F,16.0,10.0,29.0,,,50.0,40.0,0,107,2026-02-04 15:26:54.836039
NG,2.12,2.1,2.14,800000.0,800000.0,,,0,108,2026-02-04 15:26:55.945693
ELEC-day2,0.0,0.0,0.0,,,,,0,108,2026-02-04 15:26:55.945693
ELEC-day3,0.0,0.0,0.0,,,,,0,108,2026-02-04 15:26:55.945693
ELEC-day4,0.0,0.0,0.0,,,,,0,108,2026-02-04 15:26:55.945693
ELEC-day5,0.0,0.0,0.0,,,,,0,108,2026-02-04 15:26:55.945693
ELEC-day6,0.0,0.0,0.0,,,,,0,108,2026-02-04 15:26:55.945693
ELEC-F,16.0,10.0,29.0,,,50.0,40.0,0,108,2026-02-04 15:26:55.945693
NG,2.11,2.09,2.13,800000.0,800000.0,,,0,109,2026-02-04 15:26:56.977100
ELEC-day2,0.0,0.0,0.0,,,,,0,109,2026-02-04 15:26:56.977100
ELEC-day3,0.0,0.0,0.0,,,,,0,109,2026-02-04 15:26:56.977100
ELEC-day4,0.0,0.0,0.0,,,,,0,109,2026-02-04 15:26:56.977100
ELEC-day5,0.0,0.0,0.0,,,,,0,109,2026-02-04 15:26:56.977100
ELEC-day6,0.0,0.0,0.0,,,,,0,109,2026-02-04 15:26:56.977100
ELEC-F,16.0,10.0,29.0,,,50.0,40.0,0,109,2026-02-04 15:26:56.977100
NG,2.11,2.09,2.13,800000.0,800000.0,,,0,110,2026-02-04 15:26:58.014343
ELEC-day2,0.0,0.0,0.0,,,,,0,110,2026-02-04 15:26:58.014343
ELEC-day3,0.0,0.0,0.0,,,,,0,110,2026-02-04 15:26:58.014343
ELEC-day4,0.0,0.0,0.0,,,,,0,110,2026-02-04 15:26:58.014343
ELEC-day5,0.0,0.0,0.0,,,,,0,110,2026-02-04 15:26:58.014343
ELEC-day6,0.0,0.0,0.0,,,,,0,110,2026-02-04 15:26:58.014343
ELEC-F,16.0,10.0,29.0,,,50.0,40.0,0,110,2026-02-04 15:26:58.014343
NG,2.11,2.09,2.13,800000.0,800000.0,,,,0,111,2026-02-04 15:26:59.055722
ELEC-day2,0.0,0.0,0.0,,,,,,0,111,2026-02-04 15:26:59.055722
ELEC-day3,0.0,0.0,0.0,,,,,,0,111,2026-02-04 15:26:59.055722
ELEC-day4,0.0,0.0,0.0,,,,,,0,111,2026-02-04 15:26:59.055722
ELEC-day5,0.0,0.0,0.0,,,,,,0,111,2026-02-04 15:26:59.055722
ELEC-day6,0.0,0.0,0.0,,,,,,0,111,2026-02-04 15:26:59.055722
ELEC-F,16.0,10.0,27.0,,,50.0,5.0,40.0,0,111,2026-02-04 15:26:59.055722
NG,2.11,2.09,2.13,800000.0,800000.0,,,,0,112,2026-02-04 15:27:00.100439
ELEC-day2,0.0,0.0,0.0,,,,,,0,112,2026-02-04 15:27:00.100439
ELEC-day3,0.0,0.0,0.0,,,,,,0,112,2026-02-04 15:27:00.100439
ELEC-day4,0.0,0.0,0.0,,,,,,0,112,2026-02-04 15:27:00.100439
ELEC-day5,0.0,0.0,0.0,,,,,,0,112,2026-02-04 15:27:00.100439
ELEC-day6,0.0,0.0,0.0,,,,,,0,112,2026-02-04 15:27:00.100439
ELEC-F,16.0,10.0,27.0,,,50.0,5.0,40.0,0,112,2026-02-04 15:27:00.100439
NG,2.12,2.1,2.14,800000.0,800000.0,,,,0,113,2026-02-04 15:27:01.141117
ELEC-day2,0.0,0.0,0.0,,,,,,0,113,2026-02-04 15:27:01.141117
ELEC-day3,0.0,0.0,0.0,,,,,,0,113,2026-02-04 15:27:01.141117
ELEC-day4,0.0,0.0,0.0,,,,,,0,113,2026-02-04 15:27:01.141117
ELEC-day5,0.0,0.0,0.0,,,,,,0,113,2026-02-04 15:27:01.141117
ELEC-day6,0.0,0.0,0.0,,,,,,0,113,2026-02-04 15:27:01.141117
ELEC-F,16.0,10.0,27.0,,,50.0,5.0,40.0,0,113,2026-02-04 15:27:01.141117
NG,2.12,2.1,2.14,800000.0,800000.0,,,,0,114,2026-02-04 15:27:02.187201
ELEC-day2,0.0,0.0,0.0,,,,,,0,114,2026-02-04 15:27:02.187201
ELEC-day3,0.0,0.0,0.0,,,,,,0,114,2026-02-04 15:27:02.187201
ELEC-day4,0.0,0.0,0.0,,,,,,0,114,2026-02-04 15:27:02.187201
ELEC-day5,0.0,0.0,0.0,,,,,,0,114,2026-02-04 15:27:02.187201
ELEC-day6,0.0,0.0,0.0,,,,,,0,114,2026-02-04 15:27:02.187201
ELEC-F,16.0,10.0,27.0,,,50.0,5.0,40.0,0,114,2026-02-04 15:27:02.187201
NG,2.12,2.1,2.14,800000.0,800000.0,,,,0,115,2026-02-04 15:27:03.234757
ELEC-day2,0.0,0.0,0.0,,,,,,0,115,2026-02-04 15:27:03.234757
ELEC-day3,0.0,0.0,0.0,,,,,,0,115,2026-02-04 15:27:03.234757
ELEC-day4,0.0,0.0,0.0,,,,,,0,115,2026-02-04 15:27:03.234757
ELEC-day5,0.0,0.0,0.0,,,,,,0,115,2026-02-04 15:27:03.234757
ELEC-day6,0.0,0.0,0.0,,,,,,0,115,2026-02-04 15:27:03.234757
ELEC-F,16.0,10.0,27.0,,,50.0,5.0,40.0,0,115,2026-02-04 15:27:03.234757
NG,2.13,2.11,2.15,800000.0,800000.0,,,,0,116,2026-02-04 15:27:04.273587
ELEC-day2,0.0,0.0,0.0,,,,,,0,116,2026-02-04 15:27:04.273587
ELEC-day3,0.0,0.0,0.0,,,,,,0,116,2026-02-04 15:27:04.273587
ELEC-day4,0.0,0.0,0.0,,,,,,0,116,2026-02-04 15:27:04.273587
ELEC-day5,0.0,0.0,0.0,,,,,,0,116,2026-02-04 15:27:04.273587
ELEC-day6,0.0,0.0,0.0,,,,,,0,116,2026-02-04 15:27:04.273587
ELEC-F,16.0,10.0,27.0,,,50.0,5.0,40.0,0,116,2026-02-04 15:27:04.273587
NG,2.13,2.11,2.15,800000.0,800000.0,,,,0,117,2026-02-04 15:27:05.397379
ELEC-day2,0.0,0.0,0.0,,,,,,0,117,2026-02-04 15:27:05.397379
ELEC-day3,0.0,0.0,0.0,,,,,,0,117,2026-02-04 15:27:05.397379
ELEC-day4,0.0,0.0,0.0,,,,,,0,117,2026-02-04 15:27:05.397379
ELEC-day5,0.0,0.0,0.0,,,,,,0,117,2026-02-04 15:27:05.397379
ELEC-day6,0.0,0.0,0.0,,,,,,0,117,2026-02-04 15:27:05.397379
ELEC-F,16.0,10.0,27.0,,,50.0,5.0,40.0,0,117,2026-02-04 15:27:05.397379
NG,2.14,2.12,2.16,800000.0,800000.0,,,,0,118,2026-02-04 15:27:05.932435
ELEC-day2,0.0,0.0,0.0,,,,,,0,118,2026-02-04 15:27:05.932435
ELEC-day3,0.0,0.0,0.0,,,,,,0,118,2026-02-04 15:27:05.932435
ELEC-day4,0.0,0.0,0.0,,,,,,0,118,2026-02-04 15:27:05.932435
ELEC-day5,0.0,0.0,0.0,,,,,,0,118,2026-02-04 15:27:05.932435
ELEC-day6,0.0,0.0,0.0,,,,,,0,118,2026-02-04 15:27:05.932435
ELEC-F,16.0,10.0,27.0,,,50.0,5.0,40.0,0,118,2026-02-04 15:27:05.932435
NG,2.14,2.12,2.16,800000.0,800000.0,,,,0,119,2026-02-04 15:27:07.029742
ELEC-day2,0.0,0.0,0.0,,,,,,0,119,2026-02-04 15:27:07.029742
ELEC-day3,0.0,0.0,0.0,,,,,,0,119,2026-02-04 15:27:07.029742
ELEC-day4,0.0,0.0,0.0,,,,,,0,119,2026-02-04 15:27:07.029742
ELEC-day5,0.0,0.0,0.0,,,,,,0,119,2026-02-04 15:27:07.029742
ELEC-day6,0.0,0.0,0.0,,,,,,0,119,2026-02-04 15:27:07.029742
ELEC-F,16.0,10.0,27.0,,,50.0,5.0,40.0,0,119,2026-02-04 15:27:07.029742
NG,2.13,2.11,2.15,800000.0,800000.0,,,,0,120,2026-02-04 15:27:08.103314
ELEC-day2,0.0,0.0,0.0,,,,,,0,120,2026-02-04 15:27:08.103314
ELEC-day3,0.0,0.0,0.0,,,,,,0,120,2026-02-04 15:27:08.103314
ELEC-day4,0.0,0.0,0.0,,,,,,0,120,2026-02-04 15:27:08.103314
ELEC-day5,0.0,0.0,0.0,,,,,,0,120,2026-02-04 15:27:08.103314
ELEC-day6,0.0,0.0,0.0,,,,,,0,120,2026-02-04 15:27:08.103314
ELEC-F,16.0,10.0,27.0,,,50.0,5.0,40.0,0,120,2026-02-04 15:27:08.103314
NG,2.12,2.1,2.14,800000.0,800000.0,,,,0,121,2026-02-04 15:27:09.155467
ELEC-day2,0.0,0.0,0.0,,,,,,0,121,2026-02-04 15:27:09.155467
ELEC-day3,0.0,0.0,0.0,,,,,,0,121,2026-02-04 15:27:09.155467
ELEC-day4,0.0,0.0,0.0,,,,,,0,121,2026-02-04 15:27:09.155467
ELEC-day5,0.0,0.0,0.0,,,,,,0,121,2026-02-04 15:27:09.155467
ELEC-day6,0.0,0.0,0.0,,,,,,0,121,2026-02-04 15:27:09.155467
ELEC-F,16.0,10.0,27.0,,,50.0,5.0,40.0,0,121,2026-02-04 15:27:09.155467
NG,2.11,2.09,2.13,800000.0,800000.0,,,,0,122,2026-02-04 15:27:10.199024
ELEC-day2,0.0,0.0,0.0,,,,,,0,122,2026-02-04 15:27:10.199024
ELEC-day3,0.0,0.0,0.0,,,,,,0,122,2026-02-04 15:27:10.199024
ELEC-day4,0.0,0.0,0.0,,,,,,0,122,2026-02-04 15:27:10.199024
ELEC-day5,0.0,0.0,0.0,,,,,,0,122,2026-02-04 15:27:10.199024
ELEC-day6,0.0,0.0,0.0,,,,,,0,122,2026-02-04 15:27:10.199024
ELEC-F,16.0,10.0,27.0,,,50.0,5.0,40.0,0,122,2026-02-04 15:27:10.199024
NG,2.1,2.08,2.12,800000.0,800000.0,,,,0,123,2026-02-04 15:27:11.234446
ELEC-day2,0.0,0.0,0.0,,,,,,0,123,2026-02-04 15:27:11.234446
ELEC-day3,0.0,0.0,0.0,,,,,,0,123,2026-02-04 15:27:11.234446
ELEC-day4,0.0,0.0,0.0,,,,,,0,123,2026-02-04 15:27:11.234446
ELEC-day5,0.0,0.0,0.0,,,,,,0,123,2026-02-04 15:27:11.234446
ELEC-day6,0.0,0.0,0.0,,,,,,0,123,2026-02-04 15:27:11.234446
ELEC-F,16.0,10.0,27.0,,,50.0,5.0,40.0,0,123,2026-02-04 15:27:11.234446
NG,2.1,2.08,2.12,800000.0,800000.0,,,,0,124,2026-02-04 15:27:12.267967
ELEC-day2,0.0,0.0,0.0,,,,,,0,124,2026-02-04 15:27:12.267967
ELEC-day3,0.0,0.0,0.0,,,,,,0,124,2026-02-04 15:27:12.267967
ELEC-day4,0.0,0.0,0.0,,,,,,0,124,2026-02-04 15:27:12.267967
ELEC-day5,0.0,0.0,0.0,,,,,,0,124,2026-02-04 15:27:12.267967
ELEC-day6,0.0,0.0,0.0,,,,,,0,124,2026-02-04 15:27:12.267967
ELEC-F,16.0,10.0,27.0,,,50.0,5.0,40.0,0,124,2026-02-04 15:27:12.267967
NG,2.1,2.08,2.12,800000.0,800000.0,,,,0,125,2026-02-04 15:27:13.306214
ELEC-day2,0.0,0.0,0.0,,,,,,0,125,2026-02-04 15:27:13.306214
ELEC-day3,0.0,0.0,0.0,,,,,,0,125,2026-02-04 15:27:13.306214
ELEC-day4,0.0,0.0,0.0,,,,,,0,125,2026-02-04 15:27:13.306214
ELEC-day5,0.0,0.0,0.0,,,,,,0,125,2026-02-04 15:27:13.306214
ELEC-day6,0.0,0.0,0.0,,,,,,0,125,2026-02-04 15:27:13.306214
ELEC-F,16.0,10.0,27.0,,,50.0,5.0,40.0,0,125,2026-02-04 15:27:13.306214
NG,2.1,2.08,2.12,800000.0,800000.0,,,,0,126,2026-02-04 15:27:14.336243
ELEC-day2,0.0,0.0,0.0,,,,,,0,126,2026-02-04 15:27:14.336243
ELEC-day3,0.0,0.0,0.0,,,,,,0,126,2026-02-04 15:27:14.336243
ELEC-day4,0.0,0.0,0.0,,,,,,0,126,2026-02-04 15:27:14.336243
ELEC-day5,0.0,0.0,0.0,,,,,,0,126,2026-02-04 15:27:14.336243
ELEC-day6,0.0,0.0,0.0,,,,,,0,126,2026-02-04 15:27:14.336243
ELEC-F,16.0,10.0,27.0,,,50.0,5.0,40.0,0,126,2026-02-04 15:27:14.336243
NG,2.1,2.08,2.12,800000.0,800000.0,,,,0,127,2026-02-04 15:27:15.445513
ELEC-day2,0.0,0.0,0.0,,,,,,0,127,2026-02-04 15:27:15.445513
ELEC-day3,0.0,0.0,0.0,,,,,,0,127,2026-02-04 15:27:15.445513
ELEC-day4,0.0,0.0,0.0,,,,,,0,127,2026-02-04 15:27:15.445513
ELEC-day5,0.0,0.0,0.0,,,,,,0,127,2026-02-04 15:27:15.445513
ELEC-day6,0.0,0.0,0.0,,,,,,0,127,2026-02-04 15:27:15.445513
ELEC-F,16.0,10.0,27.0,,,50.0,5.0,40.0,0,127,2026-02-04 15:27:15.445513
NG,2.11,2.09,2.13,800000.0,800000.0,,,,0,128,2026-02-04 15:27:16.064819
ELEC-day2,0.0,0.0,0.0,,,,,,0,128,2026-02-04 15:27:16.064819
ELEC-day3,0.0,0.0,0.0,,,,,,0,128,2026-02-04 15:27:16.064819
ELEC-day4,0.0,0.0,0.0,,,,,,0,128,2026-02-04 15:27:16.064819
ELEC-day5,0.0,0.0,0.0,,,,,,0,128,2026-02-04 15:27:16.064819
ELEC-day6,0.0,0.0,0.0,,,,,,0,128,2026-02-04 15:27:16.064819
ELEC-F,16.0,10.0,27.0,,,50.0,5.0,40.0,0,128,2026-02-04 15:27:16.064819
NG,2.11,2.09,2.13,800000.0,800000.0,,,,0,129,2026-02-04 15:27:17.104420
ELEC-day2,0.0,0.0,0.0,,,,,,0,129,2026-02-04 15:27:17.104420
ELEC-day3,0.0,0.0,0.0,,,,,,0,129,2026-02-04 15:27:17.104420
ELEC-day4,0.0,0.0,0.0,,,,,,0,129,2026-02-04 15:27:17.104420
ELEC-day5,0.0,0.0,0.0,,,,,,0,129,2026-02-04 15:27:17.104420
ELEC-day6,0.0,0.0,0.0,,,,,,0,129,2026-02-04 15:27:17.104420
ELEC-F,16.0,10.0,27.0,,,50.0,5.0,40.0,0,129,2026-02-04 15:27:17.104420
NG,2.11,2.09,2.13,800000.0,800000.0,,,,0,130,2026-02-04 15:27:18.247656
ELEC-day2,0.0,0.0,0.0,,,,,,0,130,2026-02-04 15:27:18.247656
ELEC-day3,0.0,0.0,0.0,,,,,,0,130,2026-02-04 15:27:18.247656
ELEC-day4,0.0,0.0,0.0,,,,,,0,130,2026-02-04 15:27:18.247656
ELEC-day5,0.0,0.0,0.0,,,,,,0,130,2026-02-04 15:27:18.247656
ELEC-day6,0.0,0.0,0.0,,,,,,0,130,2026-02-04 15:27:18.247656
ELEC-F,16.0,10.0,27.0,,,50.0,5.0,40.0,0,130,2026-02-04 15:27:18.247656
NG,2.11,2.09,2.13,800000.0,800000.0,,,,0,131,2026-02-04 15:27:19.308580
ELEC-day2,0.0,0.0,0.0,,,,,,0,131,2026-02-04 15:27:19.308580
ELEC-day3,0.0,0.0,0.0,,,,,,0,131,2026-02-04 15:27:19.308580
ELEC-day4,0.0,0.0,0.0,,,,,,0,131,2026-02-04 15:27:19.308580
ELEC-day5,0.0,0.0,0.0,,,,,,0,131,2026-02-04 15:27:19.308580
ELEC-day6,0.0,0.0,0.0,,,,,,0,131,2026-02-04 15:27:19.308580
ELEC-F,16.0,10.0,27.0,,,50.0,5.0,40.0,0,131,2026-02-04 15:27:19.308580
NG,2.12,2.1,2.14,800000.0,800000.0,,,,0,132,2026-02-04 15:27:20.347774
ELEC-day2,0.0,0.0,0.0,,,,,,0,132,2026-02-04 15:27:20.347774
ELEC-day3,0.0,0.0,0.0,,,,,,0,132,2026-02-04 15:27:20.347774
ELEC-day4,0.0,0.0,0.0,,,,,,0,132,2026-02-04 15:27:20.347774
ELEC-day5,0.0,0.0,0.0,,,,,,0,132,2026-02-04 15:27:20.347774
ELEC-day6,0.0,0.0,0.0,,,,,,0,132,2026-02-04 15:27:20.347774
ELEC-F,16.0,10.0,27.0,,,50.0,5.0,40.0,0,132,2026-02-04 15:27:20.347774
NG,2.12,2.1,2.14,800000.0,800000.0,,,,0,133,2026-02-04 15:27:21.390953
ELEC-day2,0.0,0.0,0.0,,,,,,0,133,2026-02-04 15:27:21.390953
ELEC-day3,0.0,0.0,0.0,,,,,,0,133,2026-02-04 15:27:21.390953
ELEC-day4,0.0,0.0,0.0,,,,,,0,133,2026-02-04 15:27:21.390953
ELEC-day5,0.0,0.0,0.0,,,,,,0,133,2026-02-04 15:27:21.390953
ELEC-day6,0.0,0.0,0.0,,,,,,0,133,2026-02-04 15:27:21.390953
ELEC-F,16.0,10.0,27.0,,,50.0,5.0,40.0,0,133,2026-02-04 15:27:21.390953
NG,2.11,2.09,2.13,800000.0,800000.0,,,,0,134,2026-02-04 15:27:21.978838
ELEC-day2,0.0,0.0,0.0,,,,,,0,134,2026-02-04 15:27:21.978838
ELEC-day3,0.0,0.0,0.0,,,,,,0,134,2026-02-04 15:27:21.978838
ELEC-day4,0.0,0.0,0.0,,,,,,0,134,2026-02-04 15:27:21.978838
ELEC-day5,0.0,0.0,0.0,,,,,,0,134,2026-02-04 15:27:21.978838
ELEC-day6,0.0,0.0,0.0,,,,,,0,134,2026-02-04 15:27:21.978838
ELEC-F,16.0,10.0,27.0,,,50.0,5.0,40.0,0,134,2026-02-04 15:27:21.978838
NG,2.12,2.1,2.14,800000.0,800000.0,,,,0,135,2026-02-04 15:27:23.112683
ELEC-day2,0.0,0.0,0.0,,,,,,0,135,2026-02-04 15:27:23.112683
ELEC-day3,0.0,0.0,0.0,,,,,,0,135,2026-02-04 15:27:23.112683
ELEC-day4,0.0,0.0,0.0,,,,,,0,135,2026-02-04 15:27:23.112683
ELEC-day5,0.0,0.0,0.0,,,,,,0,135,2026-02-04 15:27:23.112683
ELEC-day6,0.0,0.0,0.0,,,,,,0,135,2026-02-04 15:27:23.112683
ELEC-F,16.0,10.0,27.0,,,50.0,5.0,40.0,0,135,2026-02-04 15:27:23.112683
NG,2.12,2.1,2.14,800000.0,800000.0,,,,0,136,2026-02-04 15:27:24.163318
ELEC-day2,0.0,0.0,0.0,,,,,,0,136,2026-02-04 15:27:24.163318
ELEC-day3,0.0,0.0,0.0,,,,,,0,136,2026-02-04 15:27:24.163318
ELEC-day4,0.0,0.0,0.0,,,,,,0,136,2026-02-04 15:27:24.163318
ELEC-day5,0.0,0.0,0.0,,,,,,0,136,2026-02-04 15:27:24.163318
ELEC-day6,0.0,0.0,0.0,,,,,,0,136,2026-02-04 15:27:24.163318
ELEC-F,16.0,10.0,27.0,,,50.0,5.0,40.0,0,136,2026-02-04 15:27:24.163318
NG,2.12,2.1,2.14,800000.0,800000.0,,,,0,137,2026-02-04 15:27:25.203708
ELEC-day2,0.0,0.0,0.0,,,,,,0,137,2026-02-04 15:27:25.203708
ELEC-day3,0.0,0.0,0.0,,,,,,0,137,2026-02-04 15:27:25.203708
ELEC-day4,0.0,0.0,0.0,,,,,,0,137,2026-02-04 15:27:25.203708
ELEC-day5,0.0,0.0,0.0,,,,,,0,137,2026-02-04 15:27:25.203708
ELEC-day6,0.0,0.0,0.0,,,,,,0,137,2026-02-04 15:27:25.203708
ELEC-F,16.0,10.0,27.0,,,50.0,5.0,40.0,0,137,2026-02-04 15:27:25.203708
NG,2.12,2.1,2.14,800000.0,800000.0,,,,0,138,2026-02-04 15:27:26.240940
ELEC-day2,0.0,0.0,0.0,,,,,,0,138,2026-02-04 15:27:26.240940
ELEC-day3,0.0,0.0,0.0,,,,,,0,138,2026-02-04 15:27:26.240940
ELEC-day4,0.0,0.0,0.0,,,,,,0,138,2026-02-04 15:27:26.240940
ELEC-day5,0.0,0.0,0.0,,,,,,0,138,2026-02-04 15:27:26.240940
ELEC-day6,0.0,0.0,0.0,,,,,,0,138,2026-02-04 15:27:26.240940
ELEC-F,16.0,10.0,27.0,,,50.0,5.0,40.0,0,138,2026-02-04 15:27:26.240940
NG,2.14,2.12,2.16,800000.0,800000.0,,,,0,139,2026-02-04 15:27:27.279731
ELEC-day2,0.0,0.0,0.0,,,,,,0,139,2026-02-04 15:27:27.279731
ELEC-day3,0.0,0.0,0.0,,,,,,0,139,2026-02-04 15:27:27.279731
ELEC-day4,0.0,0.0,0.0,,,,,,0,139,2026-02-04 15:27:27.279731
ELEC-day5,0.0,0.0,0.0,,,,,,0,139,2026-02-04 15:27:27.279731
ELEC-day6,0.0,0.0,0.0,,,,,,0,139,2026-02-04 15:27:27.279731
ELEC-F,16.0,10.0,27.0,,,50.0,5.0,40.0,0,139,2026-02-04 15:27:27.279731
NG,2.13,2.11,2.15,800000.0,800000.0,,,,0,140,2026-02-04 15:27:28.323872
ELEC-day2,0.0,0.0,0.0,,,,,,0,140,2026-02-04 15:27:28.323872
ELEC-day3,0.0,0.0,0.0,,,,,,0,140,2026-02-04 15:27:28.323872
ELEC-day4,0.0,0.0,0.0,,,,,,0,140,2026-02-04 15:27:28.323872
ELEC-day5,0.0,0.0,0.0,,,,,,0,140,2026-02-04 15:27:28.323872
ELEC-day6,0.0,0.0,0.0,,,,,,0,140,2026-02-04 15:27:28.323872
ELEC-F,16.0,10.0,27.0,,,50.0,5.0,40.0,0,140,2026-02-04 15:27:28.323872
NG,2.12,2.1,2.14,800000.0,800000.0,,,,0,141,2026-02-04 15:27:29.355852
ELEC-day2,0.0,0.0,0.0,,,,,,0,141,2026-02-04 15:27:29.355852
ELEC-day3,0.0,0.0,0.0,,,,,,0,141,2026-02-04 15:27:29.355852
ELEC-day4,0.0,0.0,0.0,,,,,,0,141,2026-02-04 15:27:29.355852
ELEC-day5,0.0,0.0,0.0,,,,,,0,141,2026-02-04 15:27:29.355852
ELEC-day6,0.0,0.0,0.0,,,,,,0,141,2026-02-04 15:27:29.355852
ELEC-F,16.0,10.0,27.0,,,50.0,5.0,40.0,0,141,2026-02-04 15:27:29.355852
NG,2.12,2.1,2.14,800000.0,800000.0,,,,0,142,2026-02-04 15:27:30.394692
ELEC-day2,0.0,0.0,0.0,,,,,,0,142,2026-02-04 15:27:30.394692
ELEC-day3,0.0,0.0,0.0,,,,,,0,142,2026-02-04 15:27:30.394692
ELEC-day4,0.0,0.0,0.0,,,,,,0,142,2026-02-04 15:27:30.394692
ELEC-day5,0.0,0.0,0.0,,,,,,0,142,2026-02-04 15:27:30.394692
ELEC-day6,0.0,0.0,0.0,,,,,,0,142,2026-02-04 15:27:30.394692
ELEC-F,16.0,10.0,27.0,,,50.0,5.0,40.0,0,142,2026-02-04 15:27:30.394692
NG,2.12,2.1,2.14,800000.0,800000.0,,,,0,143,2026-02-04 15:27:31.425494
ELEC-day2,0.0,0.0,0.0,,,,,,0,143,2026-02-04 15:27:31.425494
ELEC-day3,0.0,0.0,0.0,,,,,,0,143,2026-02-04 15:27:31.425494
ELEC-day4,0.0,0.0,0.0,,,,,,0,143,2026-02-04 15:27:31.425494
ELEC-day5,0.0,0.0,0.0,,,,,,0,143,2026-02-04 15:27:31.425494
ELEC-day6,0.0,0.0,0.0,,,,,,0,143,2026-02-04 15:27:31.425494
ELEC-F,16.0,10.0,27.0,,,50.0,5.0,40.0,0,143,2026-02-04 15:27:31.425494
NG,2.11,2.09,2.13,800000.0,800000.0,,,,0,144,2026-02-04 15:27:32.463525
ELEC-day2,0.0,0.0,0.0,,,,,,0,144,2026-02-04 15:27:32.463525
ELEC-day3,0.0,0.0,0.0,,,,,,0,144,2026-02-04 15:27:32.463525
ELEC-day4,0.0,0.0,0.0,,,,,,0,144,2026-02-04 15:27:32.463525
ELEC-day5,0.0,0.0,0.0,,,,,,0,144,2026-02-04 15:27:32.463525
ELEC-day6,0.0,0.0,0.0,,,,,,0,144,2026-02-04 15:27:32.463525
ELEC-F,16.0,10.0,27.0,,,50.0,5.0,40.0,0,144,2026-02-04 15:27:32.463525
NG,2.11,2.09,2.13,800000.0,800000.0,,,,0,145,2026-02-04 15:27:33.050881
ELEC-day2,0.0,0.0,0.0,,,,,,0,145,2026-02-04 15:27:33.050881
ELEC-day3,0.0,0.0,0.0,,,,,,0,145,2026-02-04 15:27:33.050881
ELEC-day4,0.0,0.0,0.0,,,,,,0,145,2026-02-04 15:27:33.050881
ELEC-day5,0.0,0.0,0.0,,,,,,0,145,2026-02-04 15:27:33.050881
ELEC-day6,0.0,0.0,0.0,,,,,,0,145,2026-02-04 15:27:33.050881
ELEC-F,16.0,10.0,27.0,,,50.0,5.0,40.0,0,145,2026-02-04 15:27:33.050881
NG,2.11,2.09,2.13,800000.0,800000.0,,,,0,146,2026-02-04 15:27:34.224176
ELEC-day2,0.0,0.0,0.0,,,,,,0,146,2026-02-04 15:27:34.224176
ELEC-day3,0.0,0.0,0.0,,,,,,0,146,2026-02-04 15:27:34.224176
ELEC-day4,0.0,0.0,0.0,,,,,,0,146,2026-02-04 15:27:34.224176
ELEC-day5,0.0,0.0,0.0,,,,,,0,146,2026-02-04 15:27:34.224176
ELEC-day6,0.0,0.0,0.0,,,,,,0,146,2026-02-04 15:27:34.224176
ELEC-F,16.0,10.0,27.0,,,50.0,5.0,40.0,0,146,2026-02-04 15:27:34.224176
NG,2.11,2.09,2.13,800000.0,800000.0,,,,0,147,2026-02-04 15:27:35.272328
ELEC-day2,0.0,0.0,0.0,,,,,,0,147,2026-02-04 15:27:35.272328
ELEC-day3,0.0,0.0,0.0,,,,,,0,147,2026-02-04 15:27:35.272328
ELEC-day4,0.0,0.0,0.0,,,,,,0,147,2026-02-04 15:27:35.272328
ELEC-day5,0.0,0.0,0.0,,,,,,0,147,2026-02-04 15:27:35.272328
ELEC-day6,0.0,0.0,0.0,,,,,,0,147,2026-02-04 15:27:35.272328
ELEC-F,16.0,10.0,27.0,,,50.0,5.0,40.0,0,147,2026-02-04 15:27:35.272328
NG,2.11,2.09,2.13,800000.0,800000.0,,,,0,148,2026-02-04 15:27:36.313950
ELEC-day2,0.0,0.0,0.0,,,,,,0,148,2026-02-04 15:27:36.313950
ELEC-day3,0.0,0.0,0.0,,,,,,0,148,2026-02-04 15:27:36.313950
ELEC-day4,0.0,0.0,0.0,,,,,,0,148,2026-02-04 15:27:36.313950
ELEC-day5,0.0,0.0,0.0,,,,,,0,148,2026-02-04 15:27:36.313950
ELEC-day6,0.0,0.0,0.0,,,,,,0,148,2026-02-04 15:27:36.313950
ELEC-F,27.0,27.0,29.0,,,10.0,50.0,40.0,0,148,2026-02-04 15:27:36.313950
NG,2.11,2.09,2.13,800000.0,800000.0,,,,0,149,2026-02-04 15:27:37.369810
ELEC-day2,0.0,0.0,0.0,,,,,,0,149,2026-02-04 15:27:37.369810
ELEC-day3,0.0,0.0,0.0,,,,,,0,149,2026-02-04 15:27:37.369810
ELEC-day4,0.0,0.0,0.0,,,,,,0,149,2026-02-04 15:27:37.369810
ELEC-day5,0.0,0.0,0.0,,,,,,0,149,2026-02-04 15:27:37.369810
ELEC-day6,0.0,0.0,0.0,,,,,,0,149,2026-02-04 15:27:37.369810
ELEC-F,27.0,27.0,29.0,,,10.0,50.0,40.0,0,149,2026-02-04 15:27:37.369810
NG,2.12,2.1,2.14,800000.0,800000.0,,,,0,150,2026-02-04 15:27:38.428475,7.0,1.0,149.0,,PRICE AND VOLUME BULLETIN,"Given the expected supply and demand in the market, the Regulatory Authority for Electricity board expects that the price for tomorrow will be between $17.00 and $22.00.<br><br>There will be 500 contracts available in the entire ELEC market, 250 contracts for buying and 250 contracts for selling. There are a total of 19 Producers, 19 Distributors and 38 Traders in the market.<br><br>Please note that the RAE will charge a bid-ask spread of 1 cent"
ELEC-day2,0.0,0.0,0.0,,,,,,0,150,2026-02-04 15:27:38.428475,6.0,1.0,149.0,,TEMPERATURE Forecast for DAY 2,The average temperature tomorrow will be 29 degrees Celsius.
ELEC-day3,0.0,0.0,0.0,,,,,,0,150,2026-02-04 15:27:38.428475,,,,,,
ELEC-day4,0.0,0.0,0.0,,,,,,0,150,2026-02-04 15:27:38.428475,,,,,,
ELEC-day5,0.0,0.0,0.0,,,,,,0,150,2026-02-04 15:27:38.428475,,,,,,
ELEC-day6,0.0,0.0,0.0,,,,,,0,150,2026-02-04 15:27:38.428475,,,,,,
ELEC-F,27.0,27.0,29.0,,,10.0,50.0,40.0,0,150,2026-02-04 15:27:38.428475,,,,,,
NG,2.12,2.1,2.14,800000.0,800000.0,,,,,151,2026-02-04 15:27:39.546714
ELEC-day2,0.0,0.0,0.0,,,,,,,151,2026-02-04 15:27:39.546714
ELEC-day3,0.0,0.0,0.0,,,,,,,151,2026-02-04 15:27:39.546714
ELEC-day4,0.0,0.0,0.0,,,,,,,151,2026-02-04 15:27:39.546714
ELEC-day5,0.0,0.0,0.0,,,,,,,151,2026-02-04 15:27:39.546714
ELEC-day6,0.0,0.0,0.0,,,,,,,151,2026-02-04 15:27:39.546714
ELEC-F,27.0,27.0,28.0,,,10.0,50.0,5.0,40.0,151,2026-02-04 15:27:39.546714
NG,2.12,2.1,2.14,800000.0,800000.0,,,,,152,2026-02-04 15:27:40.117558
ELEC-day2,0.0,0.0,0.0,,,,,,,152,2026-02-04 15:27:40.117558
ELEC-day3,0.0,0.0,0.0,,,,,,,152,2026-02-04 15:27:40.117558
ELEC-day4,0.0,0.0,0.0,,,,,,,152,2026-02-04 15:27:40.117558
ELEC-day5,0.0,0.0,0.0,,,,,,,152,2026-02-04 15:27:40.117558
ELEC-day6,0.0,0.0,0.0,,,,,,,152,2026-02-04 15:27:40.117558
ELEC-F,27.0,27.0,28.0,,,10.0,50.0,5.0,40.0,152,2026-02-04 15:27:40.117558
NG,2.12,2.1,2.14,800000.0,800000.0,,,,,153,2026-02-04 15:27:41.326277
ELEC-day2,0.0,0.0,0.0,,,,,,,153,2026-02-04 15:27:41.326277
ELEC-day3,0.0,0.0,0.0,,,,,,,153,2026-02-04 15:27:41.326277
ELEC-day4,0.0,0.0,0.0,,,,,,,153,2026-02-04 15:27:41.326277
ELEC-day5,0.0,0.0,0.0,,,,,,,153,2026-02-04 15:27:41.326277
ELEC-day6,0.0,0.0,0.0,,,,,,,153,2026-02-04 15:27:41.326277
ELEC-F,27.0,27.0,28.0,,,10.0,50.0,5.0,40.0,153,2026-02-04 15:27:41.326277
NG,2.12,2.1,2.14,800000.0,800000.0,,,,,154,2026-02-04 15:27:42.381118
ELEC-day2,0.0,0.0,0.0,,,,,,,154,2026-02-04 15:27:42.381118
ELEC-day3,0.0,0.0,0.0,,,,,,,154,2026-02-04 15:27:42.381118
ELEC-day4,0.0,0.0,0.0,,,,,,,154,2026-02-04 15:27:42.381118
ELEC-day5,0.0,0.0,0.0,,,,,,,154,2026-02-04 15:27:42.381118
ELEC-day6,0.0,0.0,0.0,,,,,,,154,2026-02-04 15:27:42.381118
ELEC-F,27.0,27.0,28.0,,,20.0,50.0,5.0,40.0,154,2026-02-04 15:27:42.381118
NG,2.11,2.09,2.13,800000.0,800000.0,,,,,,155,2026-02-04 15:27:43.419956
ELEC-day2,0.0,0.0,0.0,,,,,,,,155,2026-02-04 15:27:43.419956
ELEC-day3,0.0,0.0,0.0,,,,,,,,155,2026-02-04 15:27:43.419956
ELEC-day4,0.0,0.0,0.0,,,,,,,,155,2026-02-04 15:27:43.419956
ELEC-day5,0.0,0.0,0.0,,,,,,,,155,2026-02-04 15:27:43.419956
ELEC-day6,0.0,0.0,0.0,,,,,,,,155,2026-02-04 15:27:43.419956
ELEC-F,27.0,11.0,25.0,,,10.0,50.0,10.0,5.0,40.0,155,2026-02-04 15:27:43.419956
NG,2.12,2.1,2.14,800000.0,800000.0,,,,,,156,2026-02-04 15:27:44.459435
ELEC-day2,0.0,0.0,0.0,,,,,,,,156,2026-02-04 15:27:44.459435
ELEC-day3,0.0,0.0,0.0,,,,,,,,156,2026-02-04 15:27:44.459435
ELEC-day4,0.0,0.0,0.0,,,,,,,,156,2026-02-04 15:27:44.459435
ELEC-day5,0.0,0.0,0.0,,,,,,,,156,2026-02-04 15:27:44.459435
ELEC-day6,0.0,0.0,0.0,,,,,,,,156,2026-02-04 15:27:44.459435
ELEC-F,27.0,11.0,25.0,,,10.0,50.0,10.0,5.0,40.0,156,2026-02-04 15:27:44.459435
NG,2.12,2.1,2.14,800000.0,800000.0,,,,,,157,2026-02-04 15:27:45.504595
ELEC-day2,0.0,0.0,0.0,,,,,,,,157,2026-02-04 15:27:45.504595
ELEC-day3,0.0,0.0,0.0,,,,,,,,157,2026-02-04 15:27:45.504595
ELEC-day4,0.0,0.0,0.0,,,,,,,,157,2026-02-04 15:27:45.504595
ELEC-day5,0.0,0.0,0.0,,,,,,,,157,2026-02-04 15:27:45.504595
ELEC-day6,0.0,0.0,0.0,,,,,,,,157,2026-02-04 15:27:45.504595
ELEC-F,27.0,11.0,24.0,,,10.0,50.0,20.0,5.0,40.0,157,2026-02-04 15:27:45.504595
NG,2.12,2.1,2.14,800000.0,800000.0,,,,,,158,2026-02-04 15:27:46.537930
ELEC-day2,0.0,0.0,0.0,,,,,,,,158,2026-02-04 15:27:46.537930
ELEC-day3,0.0,0.0,0.0,,,,,,,,158,2026-02-04 15:27:46.537930
ELEC-day4,0.0,0.0,0.0,,,,,,,,158,2026-02-04 15:27:46.537930
ELEC-day5,0.0,0.0,0.0,,,,,,,,158,2026-02-04 15:27:46.537930
ELEC-day6,0.0,0.0,0.0,,,,,,,,158,2026-02-04 15:27:46.537930
ELEC-F,27.0,12.0,24.0,,,20.0,50.0,20.0,5.0,40.0,158,2026-02-04 15:27:46.537930
NG,2.12,2.1,2.14,800000.0,800000.0,,,,,,159,2026-02-04 15:27:47.134378
ELEC-day2,0.0,0.0,0.0,,,,,,,,159,2026-02-04 15:27:47.134378
ELEC-day3,0.0,0.0,0.0,,,,,,,,159,2026-02-04 15:27:47.134378
ELEC-day4,0.0,0.0,0.0,,,,,,,,159,2026-02-04 15:27:47.134378
ELEC-day5,0.0,0.0,0.0,,,,,,,,159,2026-02-04 15:27:47.134378
ELEC-day6,0.0,0.0,0.0,,,,,,,,159,2026-02-04 15:27:47.134378
ELEC-F,27.0,12.0,24.0,,,20.0,50.0,20.0,5.0,40.0,159,2026-02-04 15:27:47.134378
NG,2.12,2.1,2.14,800000.0,800000.0,,,,,,160,2026-02-04 15:27:48.375819
ELEC-day2,0.0,0.0,0.0,,,,,,,,160,2026-02-04 15:27:48.375819
ELEC-day3,0.0,0.0,0.0,,,,,,,,160,2026-02-04 15:27:48.375819
ELEC-day4,0.0,0.0,0.0,,,,,,,,160,2026-02-04 15:27:48.375819
ELEC-day5,0.0,0.0,0.0,,,,,,,,160,2026-02-04 15:27:48.375819
ELEC-day6,0.0,0.0,0.0,,,,,,,,160,2026-02-04 15:27:48.375819
ELEC-F,27.0,17.0,24.0,,,30.0,50.0,20.0,5.0,40.0,160,2026-02-04 15:27:48.375819
NG,2.11,2.09,2.13,800000.0,800000.0,,,,,,161,2026-02-04 15:27:49.427028
ELEC-day2,0.0,0.0,0.0,,,,,,,,161,2026-02-04 15:27:49.427028
ELEC-day3,0.0,0.0,0.0,,,,,,,,161,2026-02-04 15:27:49.427028
ELEC-day4,0.0,0.0,0.0,,,,,,,,161,2026-02-04 15:27:49.427028
ELEC-day5,0.0,0.0,0.0,,,,,,,,161,2026-02-04 15:27:49.427028
ELEC-day6,0.0,0.0,0.0,,,,,,,,161,2026-02-04 15:27:49.427028
ELEC-F,27.0,17.0,24.0,,,30.0,50.0,20.0,5.0,40.0,161,2026-02-04 15:27:49.427028
NG,2.11,2.09,2.13,800000.0,800000.0,,,,,,162,2026-02-04 15:27:50.507563
ELEC-day2,0.0,0.0,0.0,,,,,,,,162,2026-02-04 15:27:50.507563
ELEC-day3,0.0,0.0,0.0,,,,,,,,162,2026-02-04 15:27:50.507563
ELEC-day4,0.0,0.0,0.0,,,,,,,,162,2026-02-04 15:27:50.507563
ELEC-day5,0.0,0.0,0.0,,,,,,,,162,2026-02-04 15:27:50.507563
ELEC-day6,0.0,0.0,0.0,,,,,,,,162,2026-02-04 15:27:50.507563
ELEC-F,27.0,17.0,24.0,,,30.0,50.0,20.0,5.0,40.0,162,2026-02-04 15:27:50.507563
NG,2.12,2.1,2.14,800000.0,800000.0,,,,,,163,2026-02-04 15:27:51.547350
ELEC-day2,0.0,0.0,0.0,,,,,,,,163,2026-02-04 15:27:51.547350
ELEC-day3,0.0,0.0,0.0,,,,,,,,163,2026-02-04 15:27:51.547350
ELEC-day4,0.0,0.0,0.0,,,,,,,,163,2026-02-04 15:27:51.547350
ELEC-day5,0.0,0.0,0.0,,,,,,,,163,2026-02-04 15:27:51.547350
ELEC-day6,0.0,0.0,0.0,,,,,,,,163,2026-02-04 15:27:51.547350
ELEC-F,27.0,17.0,24.0,,,30.0,50.0,20.0,5.0,40.0,163,2026-02-04 15:27:51.547350
NG,2.12,2.1,2.14,800000.0,800000.0,,,,,,164,2026-02-04 15:27:52.580578
ELEC-day2,0.0,0.0,0.0,,,,,,,,164,2026-02-04 15:27:52.580578
ELEC-day3,0.0,0.0,0.0,,,,,,,,164,2026-02-04 15:27:52.580578
ELEC-day4,0.0,0.0,0.0,,,,,,,,164,2026-02-04 15:27:52.580578
ELEC-day5,0.0,0.0,0.0,,,,,,,,164,2026-02-04 15:27:52.580578
ELEC-day6,0.0,0.0,0.0,,,,,,,,164,2026-02-04 15:27:52.580578
ELEC-F,27.0,17.0,24.0,,,30.0,50.0,20.0,5.0,40.0,164,2026-02-04 15:27:52.580578
NG,2.13,2.11,2.15,800000.0,800000.0,,,,,,165,2026-02-04 15:27:53.156306
ELEC-day2,0.0,0.0,0.0,,,,,,,,165,2026-02-04 15:27:53.156306
ELEC-day3,0.0,0.0,0.0,,,,,,,,165,2026-02-04 15:27:53.156306
ELEC-day4,0.0,0.0,0.0,,,,,,,,165,2026-02-04 15:27:53.156306
ELEC-day5,0.0,0.0,0.0,,,,,,,,165,2026-02-04 15:27:53.156306
ELEC-day6,0.0,0.0,0.0,,,,,,,,165,2026-02-04 15:27:53.156306
ELEC-F,27.0,17.0,24.0,,,30.0,50.0,20.0,10.0,40.0,165,2026-02-04 15:27:53.156306
NG,2.12,2.1,2.14,800000.0,800000.0,,,,,,166,2026-02-04 15:27:54.279063
ELEC-day2,0.0,0.0,0.0,,,,,,,,166,2026-02-04 15:27:54.279063
ELEC-day3,0.0,0.0,0.0,,,,,,,,166,2026-02-04 15:27:54.279063
ELEC-day4,0.0,0.0,0.0,,,,,,,,166,2026-02-04 15:27:54.279063
ELEC-day5,0.0,0.0,0.0,,,,,,,,166,2026-02-04 15:27:54.279063
ELEC-day6,0.0,0.0,0.0,,,,,,,,166,2026-02-04 15:27:54.279063
ELEC-F,27.0,17.0,24.0,,,30.0,50.0,20.0,10.0,40.0,166,2026-02-04 15:27:54.279063
NG,2.12,2.1,2.14,800000.0,800000.0,,,,,,167,2026-02-04 15:27:55.308948
ELEC-day2,0.0,0.0,0.0,,,,,,,,167,2026-02-04 15:27:55.308948
ELEC-day3,0.0,0.0,0.0,,,,,,,,167,2026-02-04 15:27:55.308948
ELEC-day4,0.0,0.0,0.0,,,,,,,,167,2026-02-04 15:27:55.308948
ELEC-day5,0.0,0.0,0.0,,,,,,,,167,2026-02-04 15:27:55.308948
ELEC-day6,0.0,0.0,0.0,,,,,,,,167,2026-02-04 15:27:55.308948
ELEC-F,27.0,17.0,24.0,,,30.0,50.0,20.0,10.0,40.0,167,2026-02-04 15:27:55.308948
NG,2.11,2.09,2.13,800000.0,800000.0,,,,0,0,168,2026-02-04 15:27:56.340214
ELEC-day2,0.0,0.0,0.0,,,,,,0,0,168,2026-02-04 15:27:56.340214
ELEC-day3,0.0,0.0,0.0,,,,,,0,0,168,2026-02-04 15:27:56.340214
ELEC-day4,0.0,0.0,0.0,,,,,,0,0,168,2026-02-04 15:27:56.340214
ELEC-day5,0.0,0.0,0.0,,,,,,0,0,168,2026-02-04 15:27:56.340214
ELEC-day6,0.0,0.0,0.0,,,,,,0,0,168,2026-02-04 15:27:56.340214
ELEC-F,27.0,17.0,24.0,,,30.0,20.0,10.0,0,0,168,2026-02-04 15:27:56.340214
NG,2.11,2.09,2.13,800000.0,800000.0,,,,0,0,169,2026-02-04 15:27:57.376798
ELEC-day2,0.0,0.0,0.0,,,,,,0,0,169,2026-02-04 15:27:57.376798
ELEC-day3,0.0,0.0,0.0,,,,,,0,0,169,2026-02-04 15:27:57.376798
ELEC-day4,0.0,0.0,0.0,,,,,,0,0,169,2026-02-04 15:27:57.376798
ELEC-day5,0.0,0.0,0.0,,,,,,0,0,169,2026-02-04 15:27:57.376798
ELEC-day6,0.0,0.0,0.0,,,,,,0,0,169,2026-02-04 15:27:57.376798
ELEC-F,27.0,17.0,24.0,,,30.0,20.0,10.0,0,0,169,2026-02-04 15:27:57.376798
NG,2.11,2.09,2.13,800000.0,800000.0,,,,0,0,170,2026-02-04 15:27:58.429361
ELEC-day2,0.0,0.0,0.0,,,,,,0,0,170,2026-02-04 15:27:58.429361
ELEC-day3,0.0,0.0,0.0,,,,,,0,0,170,2026-02-04 15:27:58.429361
ELEC-day4,0.0,0.0,0.0,,,,,,0,0,170,2026-02-04 15:27:58.429361
ELEC-day5,0.0,0.0,0.0,,,,,,0,0,170,2026-02-04 15:27:58.429361
ELEC-day6,0.0,0.0,0.0,,,,,,0,0,170,2026-02-04 15:27:58.429361
ELEC-F,27.0,17.0,24.0,,,30.0,20.0,10.0,0,0,170,2026-02-04 15:27:58.429361
NG,2.11,2.09,2.13,800000.0,800000.0,,,,0,0,171,2026-02-04 15:27:59.482815
ELEC-day2,0.0,0.0,0.0,,,,,,0,0,171,2026-02-04 15:27:59.482815
ELEC-day3,0.0,0.0,0.0,,,,,,0,0,171,2026-02-04 15:27:59.482815
ELEC-day4,0.0,0.0,0.0,,,,,,0,0,171,2026-02-04 15:27:59.482815
ELEC-day5,0.0,0.0,0.0,,,,,,0,0,171,2026-02-04 15:27:59.482815
ELEC-day6,0.0,0.0,0.0,,,,,,0,0,171,2026-02-04 15:27:59.482815
ELEC-F,27.0,17.0,24.0,,,30.0,20.0,10.0,0,0,171,2026-02-04 15:27:59.482815
NG,2.12,2.1,2.14,800000.0,800000.0,,,,0,0,172,2026-02-04 15:28:00.517909
ELEC-day2,0.0,0.0,0.0,,,,,,0,0,172,2026-02-04 15:28:00.517909
ELEC-day3,0.0,0.0,0.0,,,,,,0,0,172,2026-02-04 15:28:00.517909
ELEC-day4,0.0,0.0,0.0,,,,,,0,0,172,2026-02-04 15:28:00.517909
ELEC-day5,0.0,0.0,0.0,,,,,,0,0,172,2026-02-04 15:28:00.517909
ELEC-day6,0.0,0.0,0.0,,,,,,0,0,172,2026-02-04 15:28:00.517909
ELEC-F,27.0,17.0,24.0,,,30.0,20.0,10.0,0,0,172,2026-02-04 15:28:00.517909
NG,2.13,2.11,2.15,800000.0,800000.0,,,,0,0,173,2026-02-04 15:28:01.551466
ELEC-day2,0.0,0.0,0.0,,,,,,0,0,173,2026-02-04 15:28:01.551466
ELEC-day3,0.0,0.0,0.0,,,,,,0,0,173,2026-02-04 15:28:01.551466
ELEC-day4,0.0,0.0,0.0,,,,,,0,0,173,2026-02-04 15:28:01.551466
ELEC-day5,0.0,0.0,0.0,,,,,,0,0,173,2026-02-04 15:28:01.551466
ELEC-day6,0.0,0.0,0.0,,,,,,0,0,173,2026-02-04 15:28:01.551466
ELEC-F,27.0,17.0,24.0,,,30.0,20.0,10.0,0,0,173,2026-02-04 15:28:01.551466
NG,2.12,2.1,2.14,800000.0,800000.0,,,,0,0,174,2026-02-04 15:28:02.595700
ELEC-day2,0.0,0.0,0.0,,,,,,0,0,174,2026-02-04 15:28:02.595700
ELEC-day3,0.0,0.0,0.0,,,,,,0,0,174,2026-02-04 15:28:02.595700
ELEC-day4,0.0,0.0,0.0,,,,,,0,0,174,2026-02-04 15:28:02.595700
ELEC-day5,0.0,0.0,0.0,,,,,,0,0,174,2026-02-04 15:28:02.595700
ELEC-day6,0.0,0.0,0.0,,,,,,0,0,174,2026-02-04 15:28:02.595700
ELEC-F,27.0,17.0,24.0,,,30.0,20.0,10.0,0,0,174,2026-02-04 15:28:02.595700
NG,2.11,2.09,2.13,800000.0,800000.0,,,,0,0,175,2026-02-04 15:28:03.634963
ELEC-day2,0.0,0.0,0.0,,,,,,0,0,175,2026-02-04 15:28:03.634963
ELEC-day3,0.0,0.0,0.0,,,,,,0,0,175,2026-02-04 15:28:03.634963
ELEC-day4,0.0,0.0,0.0,,,,,,0,0,175,2026-02-04 15:28:03.634963
ELEC-day5,0.0,0.0,0.0,,,,,,0,0,175,2026-02-04 15:28:03.634963
ELEC-day6,0.0,0.0,0.0,,,,,,0,0,175,2026-02-04 15:28:03.634963
ELEC-F,27.0,17.0,24.0,,,30.0,20.0,10.0,0,0,175,2026-02-04 15:28:03.634963
NG,2.1,2.08,2.12,800000.0,800000.0,,,,0,0,176,2026-02-04 15:28:04.758794
ELEC-day2,0.0,0.0,0.0,,,,,,0,0,176,2026-02-04 15:28:04.758794
ELEC-day3,0.0,0.0,0.0,,,,,,0,0,176,2026-02-04 15:28:04.758794
ELEC-day4,0.0,0.0,0.0,,,,,,0,0,176,2026-02-04 15:28:04.758794
ELEC-day5,0.0,0.0,0.0,,,,,,0,0,176,2026-02-04 15:28:04.758794
ELEC-day6,0.0,0.0,0.0,,,,,,0,0,176,2026-02-04 15:28:04.758794
ELEC-F,27.0,17.0,24.0,,,30.0,20.0,10.0,0,0,176,2026-02-04 15:28:04.758794
NG,2.12,2.1,2.14,800000.0,800000.0,,,,0,0,177,2026-02-04 15:28:05.306710
ELEC-day2,0.0,0.0,0.0,,,,,,0,0,177,2026-02-04 15:28:05.306710
ELEC-day3,0.0,0.0,0.0,,,,,,0,0,177,2026-02-04 15:28:05.306710
ELEC-day4,0.0,0.0,0.0,,,,,,0,0,177,2026-02-04 15:28:05.306710
ELEC-day5,0.0,0.0,0.0,,,,,,0,0,177,2026-02-04 15:28:05.306710
ELEC-day6,0.0,0.0,0.0,,,,,,0,0,177,2026-02-04 15:28:05.306710
ELEC-F,27.0,17.0,24.0,,,30.0,20.0,10.0,0,0,177,2026-02-04 15:28:05.306710
NG,2.11,2.09,2.13,800000.0,800000.0,,,,0,0,178,2026-02-04 15:28:06.469750
ELEC-day2,0.0,0.0,0.0,,,,,,0,0,178,2026-02-04 15:28:06.469750
ELEC-day3,0.0,0.0,0.0,,,,,,0,0,178,2026-02-04 15:28:06.469750
ELEC-day4,0.0,0.0,0.0,,,,,,0,0,178,2026-02-04 15:28:06.469750
ELEC-day5,0.0,0.0,0.0,,,,,,0,0,178,2026-02-04 15:28:06.469750
ELEC-day6,0.0,0.0,0.0,,,,,,0,0,178,2026-02-04 15:28:06.469750
ELEC-F,27.0,17.0,24.0,,,30.0,20.0,10.0,0,0,178,2026-02-04 15:28:06.469750
NG,2.12,2.1,2.14,800000.0,800000.0,,,,0,0,179,2026-02-04 15:28:07.509218
ELEC-day2,0.0,0.0,0.0,,,,,,0,0,179,2026-02-04 15:28:07.509218
ELEC-day3,0.0,0.0,0.0,,,,,,0,0,179,2026-02-04 15:28:07.509218
ELEC-day4,0.0,0.0,0.0,,,,,,0,0,179,2026-02-04 15:28:07.509218
ELEC-day5,0.0,0.0,0.0,,,,,,0,0,179,2026-02-04 15:28:07.509218
ELEC-day6,0.0,0.0,0.0,,,,,,0,0,179,2026-02-04 15:28:07.509218
ELEC-F,27.0,17.0,24.0,,,30.0,20.0,10.0,0,0,179,2026-02-04 15:28:07.509218
NG,2.12,2.1,2.14,800000.0,800000.0,,,,0,0,180,2026-02-04 15:28:08.549215
ELEC-day2,0.0,0.0,0.0,,,,,,0,0,180,2026-02-04 15:28:08.549215
ELEC-day3,0.0,0.0,0.0,,,,,,0,0,180,2026-02-04 15:28:08.549215
ELEC-day4,0.0,0.0,0.0,,,,,,0,0,180,2026-02-04 15:28:08.549215
ELEC-day5,0.0,0.0,0.0,,,,,,0,0,180,2026-02-04 15:28:08.549215
ELEC-day6,0.0,0.0,0.0,,,,,,0,0,180,2026-02-04 15:28:08.549215
ELEC-F,27.0,17.0,24.0,,,30.0,20.0,10.0,0,0,180,2026-02-04 15:28:08.549215
NG,2.13,2.11,2.15,800000.0,800000.0,,,,0,0,0,2026-02-04 15:28:09.633483,8.0,1.0,180.0,,SPOT PRICE AND VOLUMES FOR DAY 2,The Regulatory Authority for Electricity board decided that on day 2 the following prices and volumes will be enforced:<br><br>250 contracts are available for market participants to buy at a price of $20.01<br><br>250 contracts are available for market participants to sell at a price of $20.00
ELEC-day2,0.0,0.0,0.0,,,,,,0,0,0,2026-02-04 15:28:09.633483,,,,,,
ELEC-day3,0.0,0.0,0.0,,,,,,0,0,0,2026-02-04 15:28:09.633483,,,,,,
ELEC-day4,0.0,0.0,0.0,,,,,,0,0,0,2026-02-04 15:28:09.633483,,,,,,
ELEC-day5,0.0,0.0,0.0,,,,,,0,0,0,2026-02-04 15:28:09.633483,,,,,,
ELEC-day6,0.0,0.0,0.0,,,,,,0,0,0,2026-02-04 15:28:09.633483,,,,,,
ELEC-F,27.0,17.0,24.0,,,30.0,20.0,10.0,0,0,0,2026-02-04 15:28:09.633483,,,,,,
NG,2.13,2.11,2.15,800000.0,800000.0,,,,0,0,1,2026-02-04 15:28:10.598985
ELEC-day2,0.0,20.0,20.01,250.0,250.0,,,,0,0,1,2026-02-04 15:28:10.598985
ELEC-day3,0.0,0.0,0.0,,,,,,0,0,1,2026-02-04 15:28:10.598985
ELEC-day4,0.0,0.0,0.0,,,,,,0,0,1,2026-02-04 15:28:10.598985
ELEC-day5,0.0,0.0,0.0,,,,,,0,0,1,2026-02-04 15:28:10.598985
ELEC-day6,0.0,0.0,0.0,,,,,,0,0,1,2026-02-04 15:28:10.598985
ELEC-F,27.0,17.0,24.0,,,30.0,20.0,10.0,0,0,1,2026-02-04 15:28:10.598985
NG,2.13,2.11,2.15,800000.0,800000.0,,,,0,0,2,2026-02-04 15:28:11.735001,9.0,2.0,1.0,,TEMPERATURE Forecast for DAY 3,The average temperature tomorrow is forecasted to be between 8 and 16 degrees Celsius.
ELEC-day2,0.0,20.0,20.01,250.0,250.0,,,,0,0,2,2026-02-04 15:28:11.735001,,,,,,
ELEC-day3,0.0,0.0,0.0,,,,,,0,0,2,2026-02-04 15:28:11.735001,,,,,,
ELEC-day4,0.0,0.0,0.0,,,,,,0,0,2,2026-02-04 15:28:11.735001,,,,,,
ELEC-day5,0.0,0.0,0.0,,,,,,0,0,2,2026-02-04 15:28:11.735001,,,,,,
ELEC-day6,0.0,0.0,0.0,,,,,,0,0,2,2026-02-04 15:28:11.735001,,,,,,
ELEC-F,27.0,17.0,24.0,,,30.0,20.0,10.0,0,0,2,2026-02-04 15:28:11.735001,,,,,,
NG,2.13,2.11,2.15,800000.0,800000.0,,,,0,0,3,2026-02-04 15:28:12.876694
ELEC-day2,0.0,20.0,20.01,250.0,250.0,,,,0,0,3,2026-02-04 15:28:12.876694
ELEC-day3,0.0,0.0,0.0,,,,,,0,0,3,2026-02-04 15:28:12.876694
ELEC-day4,0.0,0.0,0.0,,,,,,0,0,3,2026-02-04 15:28:12.876694
ELEC-day5,0.0,0.0,0.0,,,,,,0,0,3,2026-02-04 15:28:12.876694
ELEC-day6,0.0,0.0,0.0,,,,,,0,0,3,2026-02-04 15:28:12.876694
ELEC-F,27.0,17.0,24.0,,,30.0,20.0,10.0,0,0,3,2026-02-04 15:28:12.876694
NG,2.13,2.11,2.15,800000.0,800000.0,,,,0,0,4,2026-02-04 15:28:13.438830
ELEC-day2,0.0,20.0,20.01,250.0,250.0,,,,0,0,4,2026-02-04 15:28:13.438830
ELEC-day3,0.0,0.0,0.0,,,,,,0,0,4,2026-02-04 15:28:13.438830
ELEC-day4,0.0,0.0,0.0,,,,,,0,0,4,2026-02-04 15:28:13.438830
ELEC-day5,0.0,0.0,0.0,,,,,,0,0,4,2026-02-04 15:28:13.438830
ELEC-day6,0.0,0.0,0.0,,,,,,0,0,4,2026-02-04 15:28:13.438830
ELEC-F,27.0,17.0,24.0,,,30.0,20.0,10.0,0,0,4,2026-02-04 15:28:13.438830
NG,2.13,2.11,2.15,800000.0,800000.0,,,,0,0,5,2026-02-04 15:28:14.571313
ELEC-day2,0.0,20.0,20.01,250.0,250.0,,,,0,0,5,2026-02-04 15:28:14.571313
ELEC-day3,0.0,0.0,0.0,,,,,,0,0,5,2026-02-04 15:28:14.571313
ELEC-day4,0.0,0.0,0.0,,,,,,0,0,5,2026-02-04 15:28:14.571313
ELEC-day5,0.0,0.0,0.0,,,,,,0,0,5,2026-02-04 15:28:14.571313
ELEC-day6,0.0,0.0,0.0,,,,,,0,0,5,2026-02-04 15:28:14.571313
ELEC-F,27.0,17.0,24.0,,,30.0,20.0,10.0,0,0,5,2026-02-04 15:28:14.571313
NG,2.13,2.11,2.15,800000.0,800000.0,,,,0,0,6,2026-02-04 15:28:15.620452
ELEC-day2,0.0,20.0,20.01,250.0,250.0,,,,0,0,6,2026-02-04 15:28:15.620452
ELEC-day3,0.0,0.0,0.0,,,,,,0,0,6,2026-02-04 15:28:15.620452
ELEC-day4,0.0,0.0,0.0,,,,,,0,0,6,2026-02-04 15:28:15.620452
ELEC-day5,0.0,0.0,0.0,,,,,,0,0,6,2026-02-04 15:28:15.620452
ELEC-day6,0.0,0.0,0.0,,,,,,0,0,6,2026-02-04 15:28:15.620452
ELEC-F,27.0,17.0,24.0,,,30.0,20.0,10.0,0,0,6,2026-02-04 15:28:15.620452
NG,2.12,2.1,2.14,800000.0,800000.0,,,,0,0,7,2026-02-04 15:28:16.661657
ELEC-day2,0.0,20.0,20.01,250.0,250.0,,,,0,0,7,2026-02-04 15:28:16.661657
ELEC-day3,0.0,0.0,0.0,,,,,,0,0,7,2026-02-04 15:28:16.661657
ELEC-day4,0.0,0.0,0.0,,,,,,0,0,7,2026-02-04 15:28:16.661657
ELEC-day5,0.0,0.0,0.0,,,,,,0,0,7,2026-02-04 15:28:16.661657
ELEC-day6,0.0,0.0,0.0,,,,,,0,0,7,2026-02-04 15:28:16.661657
ELEC-F,27.0,17.0,24.0,,,30.0,20.0,10.0,0,0,7,2026-02-04 15:28:16.661657
NG,2.13,2.11,2.15,800000.0,800000.0,,,,0,0,8,2026-02-04 15:28:17.707552
ELEC-day2,0.0,20.0,20.01,250.0,250.0,,,,0,0,8,2026-02-04 15:28:17.707552
ELEC-day3,0.0,0.0,0.0,,,,,,0,0,8,2026-02-04 15:28:17.707552
ELEC-day4,0.0,0.0,0.0,,,,,,0,0,8,2026-02-04 15:28:17.707552
ELEC-day5,0.0,0.0,0.0,,,,,,0,0,8,2026-02-04 15:28:17.707552
ELEC-day6,0.0,0.0,0.0,,,,,,0,0,8,2026-02-04 15:28:17.707552
ELEC-F,27.0,17.0,24.0,,,30.0,20.0,10.0,0,0,8,2026-02-04 15:28:17.707552
NG,2.12,2.1,2.14,800000.0,800000.0,,,,0,0,9,2026-02-04 15:28:18.736349
ELEC-day2,0.0,20.0,20.01,250.0,250.0,,,,0,0,9,2026-02-04 15:28:18.736349
ELEC-day3,0.0,0.0,0.0,,,,,,0,0,9,2026-02-04 15:28:18.736349
ELEC-day4,0.0,0.0,0.0,,,,,,0,0,9,2026-02-04 15:28:18.736349
ELEC-day5,0.0,0.0,0.0,,,,,,0,0,9,2026-02-04 15:28:18.736349
ELEC-day6,0.0,0.0,0.0,,,,,,0,0,9,2026-02-04 15:28:18.736349
ELEC-F,27.0,17.0,24.0,,,30.0,20.0,10.0,0,0,9,2026-02-04 15:28:18.736349
NG,2.13,2.11,2.15,800000.0,800000.0,,,,0,0,10,2026-02-04 15:28:19.773228
ELEC-day2,0.0,20.0,20.01,250.0,250.0,,,,0,0,10,2026-02-04 15:28:19.773228
ELEC-day3,0.0,0.0,0.0,,,,,,0,0,10,2026-02-04 15:28:19.773228
ELEC-day4,0.0,0.0,0.0,,,,,,0,0,10,2026-02-04 15:28:19.773228
ELEC-day5,0.0,0.0,0.0,,,,,,0,0,10,2026-02-04 15:28:19.773228
ELEC-day6,0.0,0.0,0.0,,,,,,0,0,10,2026-02-04 15:28:19.773228
ELEC-F,27.0,17.0,24.0,,,30.0,20.0,10.0,0,0,10,2026-02-04 15:28:19.773228
NG,2.14,2.12,2.16,800000.0,800000.0,,,,0,0,11,2026-02-04 15:28:20.812428
ELEC-day2,0.0,20.0,20.01,250.0,250.0,,,,0,0,11,2026-02-04 15:28:20.812428
ELEC-day3,0.0,0.0,0.0,,,,,,0,0,11,2026-02-04 15:28:20.812428
ELEC-day4,0.0,0.0,0.0,,,,,,0,0,11,2026-02-04 15:28:20.812428
ELEC-day5,0.0,0.0,0.0,,,,,,0,0,11,2026-02-04 15:28:20.812428
ELEC-day6,0.0,0.0,0.0,,,,,,0,0,11,2026-02-04 15:28:20.812428
ELEC-F,27.0,17.0,24.0,,,30.0,20.0,10.0,0,0,11,2026-02-04 15:28:20.812428
NG,2.14,2.12,2.16,800000.0,800000.0,,,,0,0,12,2026-02-04 15:28:21.903102
ELEC-day2,0.0,20.0,20.01,250.0,250.0,,,,0,0,12,2026-02-04 15:28:21.903102
ELEC-day3,0.0,0.0,0.0,,,,,,0,0,12,2026-02-04 15:28:21.903102
ELEC-day4,0.0,0.0,0.0,,,,,,0,0,12,2026-02-04 15:28:21.903102
ELEC-day5,0.0,0.0,0.0,,,,,,0,0,12,2026-02-04 15:28:21.903102
ELEC-day6,0.0,0.0,0.0,,,,,,0,0,12,2026-02-04 15:28:21.903102
ELEC-F,27.0,17.0,24.0,,,30.0,20.0,10.0,0,0,12,2026-02-04 15:28:21.903102
NG,2.13,2.11,2.15,800000.0,800000.0,,,,0,0,13,2026-02-04 15:28:22.449721
ELEC-day2,0.0,20.0,20.01,250.0,250.0,,,,0,0,13,2026-02-04 15:28:22.449721
ELEC-day3,0.0,0.0,0.0,,,,,,0,0,13,2026-02-04 15:28:22.449721
ELEC-day4,0.0,0.0,0.0,,,,,,0,0,13,2026-02-04 15:28:22.449721
ELEC-day5,0.0,0.0,0.0,,,,,,0,0,13,2026-02-04 15:28:22.449721
ELEC-day6,0.0,0.0,0.0,,,,,,0,0,13,2026-02-04 15:28:22.449721
ELEC-F,27.0,17.0,24.0,,,30.0,20.0,10.0,0,0,13,2026-02-04 15:28:22.449721
NG,2.14,2.12,2.16,800000.0,800000.0,,,,0,0,14,2026-02-04 15:28:23.551321
ELEC-day2,0.0,20.0,20.01,250.0,250.0,,,,0,0,14,2026-02-04 15:28:23.551321
ELEC-day3,0.0,0.0,0.0,,,,,,0,0,14,2026-02-04 15:28:23.551321
ELEC-day4,0.0,0.0,0.0,,,,,,0,0,14,2026-02-04 15:28:23.551321
ELEC-day5,0.0,0.0,0.0,,,,,,0,0,14,2026-02-04 15:28:23.551321
ELEC-day6,0.0,0.0,0.0,,,,,,0,0,14,2026-02-04 15:28:23.551321
ELEC-F,27.0,17.0,24.0,,,30.0,20.0,10.0,0,0,14,2026-02-04 15:28:23.551321
NG,2.14,2.12,2.16,800000.0,800000.0,,,,0,0,15,2026-02-04 15:28:24.588268
ELEC-day2,0.0,20.0,20.01,250.0,250.0,,,,0,0,15,2026-02-04 15:28:24.588268
ELEC-day3,0.0,0.0,0.0,,,,,,0,0,15,2026-02-04 15:28:24.588268
ELEC-day4,0.0,0.0,0.0,,,,,,0,0,15,2026-02-04 15:28:24.588268
ELEC-day5,0.0,0.0,0.0,,,,,,0,0,15,2026-02-04 15:28:24.588268
ELEC-day6,0.0,0.0,0.0,,,,,,0,0,15,2026-02-04 15:28:24.588268
ELEC-F,27.0,17.0,24.0,,,30.0,20.0,10.0,0,0,15,2026-02-04 15:28:24.588268
NG,2.14,2.12,2.16,800000.0,800000.0,,,,0,0,16,2026-02-04 15:28:25.626979
ELEC-day2,0.0,20.0,20.01,250.0,250.0,,,,0,0,16,2026-02-04 15:28:25.626979
ELEC-day3,0.0,0.0,0.0,,,,,,0,0,16,2026-02-04 15:28:25.626979
ELEC-day4,0.0,0.0,0.0,,,,,,0,0,16,2026-02-04 15:28:25.626979
ELEC-day5,0.0,0.0,0.0,,,,,,0,0,16,2026-02-04 15:28:25.626979
ELEC-day6,0.0,0.0,0.0,,,,,,0,0,16,2026-02-04 15:28:25.626979
ELEC-F,27.0,17.0,24.0,,,30.0,20.0,10.0,0,0,16,2026-02-04 15:28:25.626979
NG,2.13,2.11,2.15,800000.0,800000.0,,,,0,0,17,2026-02-04 15:28:26.658625
ELEC-day2,0.0,20.0,20.01,250.0,250.0,,,,0,0,17,2026-02-04 15:28:26.658625
ELEC-day3,0.0,0.0,0.0,,,,,,0,0,17,2026-02-04 15:28:26.658625
ELEC-day4,0.0,0.0,0.0,,,,,,0,0,17,2026-02-04 15:28:26.658625
ELEC-day5,0.0,0.0,0.0,,,,,,0,0,17,2026-02-04 15:28:26.658625
ELEC-day6,0.0,0.0,0.0,,,,,,0,0,17,2026-02-04 15:28:26.658625
ELEC-F,27.0,17.0,24.0,,,30.0,20.0,10.0,0,0,17,2026-02-04 15:28:26.658625
NG,2.13,2.11,2.15,800000.0,800000.0,,,,0,0,18,2026-02-04 15:28:27.688593
ELEC-day2,0.0,20.0,20.01,250.0,250.0,,,,0,0,18,2026-02-04 15:28:27.688593
ELEC-day3,0.0,0.0,0.0,,,,,,0,0,18,2026-02-04 15:28:27.688593
ELEC-day4,0.0,0.0,0.0,,,,,,0,0,18,2026-02-04 15:28:27.688593
ELEC-day5,0.0,0.0,0.0,,,,,,0,0,18,2026-02-04 15:28:27.688593
ELEC-day6,0.0,0.0,0.0,,,,,,0,0,18,2026-02-04 15:28:27.688593
ELEC-F,27.0,17.0,24.0,,,30.0,20.0,10.0,0,0,18,2026-02-04 15:28:27.688593
NG,2.13,2.11,2.15,800000.0,800000.0,,,,0,0,19,2026-02-04 15:28:28.729513
ELEC-day2,0.0,20.0,20.01,250.0,250.0,,,,0,0,19,2026-02-04 15:28:28.729513
ELEC-day3,0.0,0.0,0.0,,,,,,0,0,19,2026-02-04 15:28:28.729513
ELEC-day4,0.0,0.0,0.0,,,,,,0,0,19,2026-02-04 15:28:28.729513
ELEC-day5,0.0,0.0,0.0,,,,,,0,0,19,2026-02-04 15:28:28.729513
ELEC-day6,0.0,0.0,0.0,,,,,,0,0,19,2026-02-04 15:28:28.729513
ELEC-F,27.0,17.0,24.0,,,30.0,20.0,10.0,0,0,19,2026-02-04 15:28:28.729513
NG,2.13,2.11,2.15,800000.0,800000.0,,,,0,0,20,2026-02-04 15:28:29.761556
ELEC-day2,0.0,20.0,20.01,250.0,250.0,,,,0,0,20,2026-02-04 15:28:29.761556
ELEC-day3,0.0,0.0,0.0,,,,,,0,0,20,2026-02-04 15:28:29.761556
ELEC-day4,0.0,0.0,0.0,,,,,,0,0,20,2026-02-04 15:28:29.761556
ELEC-day5,0.0,0.0,0.0,,,,,,0,0,20,2026-02-04 15:28:29.761556
ELEC-day6,0.0,0.0,0.0,,,,,,0,0,20,2026-02-04 15:28:29.761556
ELEC-F,27.0,17.0,24.0,,,30.0,20.0,10.0,0,0,20,2026-02-04 15:28:29.761556
NG,2.13,2.11,2.15,800000.0,800000.0,,,,0,0,21,2026-02-04 15:28:30.808607
ELEC-day2,0.0,20.0,20.01,250.0,250.0,,,,0,0,21,2026-02-04 15:28:30.808607
ELEC-day3,0.0,0.0,0.0,,,,,,0,0,21,2026-02-04 15:28:30.808607
ELEC-day4,0.0,0.0,0.0,,,,,,0,0,21,2026-02-04 15:28:30.808607
ELEC-day5,0.0,0.0,0.0,,,,,,0,0,21,2026-02-04 15:28:30.808607
ELEC-day6,0.0,0.0,0.0,,,,,,0,0,21,2026-02-04 15:28:30.808607
ELEC-F,27.0,17.0,24.0,,,30.0,20.0,10.0,0,0,21,2026-02-04 15:28:30.808607
NG,2.13,2.11,2.15,800000.0,800000.0,,,,0,0,22,2026-02-04 15:28:31.858263
ELEC-day2,0.0,20.0,20.01,250.0,250.0,,,,0,0,22,2026-02-04 15:28:31.858263
ELEC-day3,0.0,0.0,0.0,,,,,,0,0,22,2026-02-04 15:28:31.858263
ELEC-day4,0.0,0.0,0.0,,,,,,0,0,22,2026-02-04 15:28:31.858263
ELEC-day5,0.0,0.0,0.0,,,,,,0,0,22,2026-02-04 15:28:31.858263
ELEC-day6,0.0,0.0,0.0,,,,,,0,0,22,2026-02-04 15:28:31.858263
ELEC-F,27.0,17.0,24.0,,,30.0,20.0,10.0,0,0,22,2026-02-04 15:28:31.858263
NG,2.12,2.1,2.14,800000.0,800000.0,,,,0,0,23,2026-02-04 15:28:32.896149
ELEC-day2,0.0,20.0,20.01,250.0,250.0,,,,0,0,23,2026-02-04 15:28:32.896149
ELEC-day3,0.0,0.0,0.0,,,,,,0,0,23,2026-02-04 15:28:32.896149
ELEC-day4,0.0,0.0,0.0,,,,,,0,0,23,2026-02-04 15:28:32.896149
ELEC-day5,0.0,0.0,0.0,,,,,,0,0,23,2026-02-04 15:28:32.896149
ELEC-day6,0.0,0.0,0.0,,,,,,0,0,23,2026-02-04 15:28:32.896149
ELEC-F,27.0,17.0,24.0,,,30.0,20.0,10.0,0,0,23,2026-02-04 15:28:32.896149
NG,2.11,2.09,2.13,800000.0,800000.0,,,,0,0,24,2026-02-04 15:28:33.495361
ELEC-day2,0.0,20.0,20.01,250.0,250.0,,,,0,0,24,2026-02-04 15:28:33.495361
ELEC-day3,0.0,0.0,0.0,,,,,,0,0,24,2026-02-04 15:28:33.495361
ELEC-day4,0.0,0.0,0.0,,,,,,0,0,24,2026-02-04 15:28:33.495361
ELEC-day5,0.0,0.0,0.0,,,,,,0,0,24,2026-02-04 15:28:33.495361
ELEC-day6,0.0,0.0,0.0,,,,,,0,0,24,2026-02-04 15:28:33.495361
ELEC-F,27.0,17.0,24.0,,,30.0,20.0,10.0,0,0,24,2026-02-04 15:28:33.495361
NG,2.11,2.09,2.13,800000.0,800000.0,,,,0,0,25,2026-02-04 15:28:34.631576
ELEC-day2,0.0,20.0,20.01,250.0,250.0,,,,0,0,25,2026-02-04 15:28:34.631576
ELEC-day3,0.0,0.0,0.0,,,,,,0,0,25,2026-02-04 15:28:34.631576
ELEC-day4,0.0,0.0,0.0,,,,,,0,0,25,2026-02-04 15:28:34.631576
ELEC-day5,0.0,0.0,0.0,,,,,,0,0,25,2026-02-04 15:28:34.631576
ELEC-day6,0.0,0.0,0.0,,,,,,0,0,25,2026-02-04 15:28:34.631576
ELEC-F,27.0,17.0,24.0,,,30.0,20.0,10.0,0,0,25,2026-02-04 15:28:34.631576
NG,2.1,2.08,2.12,800000.0,800000.0,,,,0,0,26,2026-02-04 15:28:35.682162
ELEC-day2,20.0,20.0,20.01,250.0,250.0,,,,0,0,26,2026-02-04 15:28:35.682162
ELEC-day3,0.0,0.0,0.0,,,,,,0,0,26,2026-02-04 15:28:35.682162
ELEC-day4,0.0,0.0,0.0,,,,,,0,0,26,2026-02-04 15:28:35.682162
ELEC-day5,0.0,0.0,0.0,,,,,,0,0,26,2026-02-04 15:28:35.682162
ELEC-day6,0.0,0.0,0.0,,,,,,0,0,26,2026-02-04 15:28:35.682162
ELEC-F,27.0,17.0,24.0,,,30.0,20.0,10.0,0,0,26,2026-02-04 15:28:35.682162
NG,2.1,2.08,2.12,800000.0,800000.0,,,,0,0,27,2026-02-04 15:28:36.735323
ELEC-day2,20.0,20.0,20.01,250.0,250.0,,,,0,0,27,2026-02-04 15:28:36.735323
ELEC-day3,0.0,0.0,0.0,,,,,,0,0,27,2026-02-04 15:28:36.735323
ELEC-day4,0.0,0.0,0.0,,,,,,0,0,27,2026-02-04 15:28:36.735323
ELEC-day5,0.0,0.0,0.0,,,,,,0,0,27,2026-02-04 15:28:36.735323
ELEC-day6,0.0,0.0,0.0,,,,,,0,0,27,2026-02-04 15:28:36.735323
ELEC-F,27.0,17.0,24.0,,,30.0,20.0,10.0,0,0,27,2026-02-04 15:28:36.735323
NG,2.09,2.07,2.11,800000.0,800000.0,,,,0,0,28,2026-02-04 15:28:37.775120
ELEC-day2,20.0,20.0,20.01,250.0,250.0,,,,0,0,28,2026-02-04 15:28:37.775120
ELEC-day3,0.0,0.0,0.0,,,,,,0,0,28,2026-02-04 15:28:37.775120
ELEC-day4,0.0,0.0,0.0,,,,,,0,0,28,2026-02-04 15:28:37.775120
ELEC-day5,0.0,0.0,0.0,,,,,,0,0,28,2026-02-04 15:28:37.775120
ELEC-day6,0.0,0.0,0.0,,,,,,0,0,28,2026-02-04 15:28:37.775120
ELEC-F,27.0,17.0,24.0,,,30.0,20.0,10.0,0,0,28,2026-02-04 15:28:37.775120
NG,2.09,2.07,2.11,800000.0,800000.0,,,,0,0,29,2026-02-04 15:28:38.817752
ELEC-day2,20.0,20.0,20.01,250.0,250.0,,,,0,0,29,2026-02-04 15:28:38.817752
ELEC-day3,0.0,0.0,0.0,,,,,,0,0,29,2026-02-04 15:28:38.817752
ELEC-day4,0.0,0.0,0.0,,,,,,0,0,29,2026-02-04 15:28:38.817752
ELEC-day5,0.0,0.0,0.0,,,,,,0,0,29,2026-02-04 15:28:38.817752
ELEC-day6,0.0,0.0,0.0,,,,,,0,0,29,2026-02-04 15:28:38.817752
ELEC-F,27.0,17.0,24.0,,,30.0,20.0,10.0,0,0,29,2026-02-04 15:28:38.817752
NG,2.08,2.06,2.1,800000.0,800000.0,,,,0,0,30,2026-02-04 15:28:39.861383
ELEC-day2,20.0,20.0,20.01,250.0,250.0,,,,0,0,30,2026-02-04 15:28:39.861383
ELEC-day3,0.0,0.0,0.0,,,,,,0,0,30,2026-02-04 15:28:39.861383
ELEC-day4,0.0,0.0,0.0,,,,,,0,0,30,2026-02-04 15:28:39.861383
ELEC-day5,0.0,0.0,0.0,,,,,,0,0,30,2026-02-04 15:28:39.861383
ELEC-day6,0.0,0.0,0.0,,,,,,0,0,30,2026-02-04 15:28:39.861383
ELEC-F,27.0,17.0,24.0,,,30.0,20.0,10.0,0,0,30,2026-02-04 15:28:39.861383
NG,2.08,2.06,2.1,800000.0,800000.0,,,,0,0,31,2026-02-04 15:28:40.919204
ELEC-day2,20.0,20.0,20.01,250.0,250.0,,,,0,0,31,2026-02-04 15:28:40.919204
ELEC-day3,0.0,0.0,0.0,,,,,,0,0,31,2026-02-04 15:28:40.919204
ELEC-day4,0.0,0.0,0.0,,,,,,0,0,31,2026-02-04 15:28:40.919204
ELEC-day5,0.0,0.0,0.0,,,,,,0,0,31,2026-02-04 15:28:40.919204
ELEC-day6,0.0,0.0,0.0,,,,,,0,0,31,2026-02-04 15:28:40.919204
ELEC-F,27.0,17.0,24.0,,,30.0,20.0,10.0,0,0,31,2026-02-04 15:28:40.919204
NG,2.08,2.06,2.1,800000.0,800000.0,,,,0,0,32,2026-02-04 15:28:41.546701
ELEC-day2,20.0,20.0,20.01,250.0,250.0,,,,0,0,32,2026-02-04 15:28:41.546701
ELEC-day3,0.0,0.0,0.0,,,,,,0,0,32,2026-02-04 15:28:41.546701
ELEC-day4,0.0,0.0,0.0,,,,,,0,0,32,2026-02-04 15:28:41.546701
ELEC-day5,0.0,0.0,0.0,,,,,,0,0,32,2026-02-04 15:28:41.546701
ELEC-day6,0.0,0.0,0.0,,,,,,0,0,32,2026-02-04 15:28:41.546701
ELEC-F,27.0,17.0,24.0,,,30.0,20.0,10.0,0,0,32,2026-02-04 15:28:41.546701
NG,2.08,2.06,2.1,800000.0,800000.0,,,,0,0,33,2026-02-04 15:28:42.698590
ELEC-day2,20.0,20.0,20.01,250.0,250.0,,,,0,0,33,2026-02-04 15:28:42.698590
ELEC-day3,0.0,0.0,0.0,,,,,,0,0,33,2026-02-04 15:28:42.698590
ELEC-day4,0.0,0.0,0.0,,,,,,0,0,33,2026-02-04 15:28:42.698590
ELEC-day5,0.0,0.0,0.0,,,,,,0,0,33,2026-02-04 15:28:42.698590
ELEC-day6,0.0,0.0,0.0,,,,,,0,0,33,2026-02-04 15:28:42.698590
ELEC-F,27.0,17.0,24.0,,,30.0,20.0,10.0,0,0,33,2026-02-04 15:28:42.698590
NG,2.1,2.08,2.12,800000.0,800000.0,,,,0,0,34,2026-02-04 15:28:43.748768
ELEC-day2,20.0,20.0,20.01,250.0,250.0,,,,0,0,34,2026-02-04 15:28:43.748768
ELEC-day3,0.0,0.0,0.0,,,,,,0,0,34,2026-02-04 15:28:43.748768
ELEC-day4,0.0,0.0,0.0,,,,,,0,0,34,2026-02-04 15:28:43.748768
ELEC-day5,0.0,0.0,0.0,,,,,,0,0,34,2026-02-04 15:28:43.748768
ELEC-day6,0.0,0.0,0.0,,,,,,0,0,34,2026-02-04 15:28:43.748768
ELEC-F,27.0,17.0,24.0,,,30.0,20.0,10.0,0,0,34,2026-02-04 15:28:43.748768
NG,2.1,2.08,2.12,800000.0,800000.0,,,,0,0,35,2026-02-04 15:28:44.780999
ELEC-day2,20.0,20.0,20.01,250.0,250.0,,,,0,0,35,2026-02-04 15:28:44.780999
ELEC-day3,0.0,0.0,0.0,,,,,,0,0,35,2026-02-04 15:28:44.780999
ELEC-day4,0.0,0.0,0.0,,,,,,0,0,35,2026-02-04 15:28:44.780999
ELEC-day5,0.0,0.0,0.0,,,,,,0,0,35,2026-02-04 15:28:44.780999
ELEC-day6,0.0,0.0,0.0,,,,,,0,0,35,2026-02-04 15:28:44.780999
ELEC-F,27.0,17.0,24.0,,,30.0,20.0,10.0,0,0,35,2026-02-04 15:28:44.780999
NG,2.1,2.08,2.12,800000.0,800000.0,,,,0,0,36,2026-02-04 15:28:45.828066
ELEC-day2,20.0,20.0,20.01,250.0,250.0,,,,0,0,36,2026-02-04 15:28:45.828066
ELEC-day3,0.0,0.0,0.0,,,,,,0,0,36,2026-02-04 15:28:45.828066
ELEC-day4,0.0,0.0,0.0,,,,,,0,0,36,2026-02-04 15:28:45.828066
ELEC-day5,0.0,0.0,0.0,,,,,,0,0,36,2026-02-04 15:28:45.828066
ELEC-day6,0.0,0.0,0.0,,,,,,0,0,36,2026-02-04 15:28:45.828066
ELEC-F,27.0,17.0,24.0,,,30.0,20.0,10.0,0,0,36,2026-02-04 15:28:45.828066
NG,2.1,2.08,2.12,800000.0,800000.0,,,,0,0,37,2026-02-04 15:28:46.893731
ELEC-day2,20.0,20.0,20.01,250.0,250.0,,,,0,0,37,2026-02-04 15:28:46.893731
ELEC-day3,0.0,0.0,0.0,,,,,,0,0,37,2026-02-04 15:28:46.893731
ELEC-day4,0.0,0.0,0.0,,,,,,0,0,37,2026-02-04 15:28:46.893731
ELEC-day5,0.0,0.0,0.0,,,,,,0,0,37,2026-02-04 15:28:46.893731
ELEC-day6,0.0,0.0,0.0,,,,,,0,0,37,2026-02-04 15:28:46.893731
ELEC-F,27.0,17.0,24.0,,,30.0,20.0,10.0,0,0,37,2026-02-04 15:28:46.893731
NG,2.09,2.07,2.11,800000.0,800000.0,,,,0,0,38,2026-02-04 15:28:47.701629
ELEC-day2,20.01,20.0,20.01,250.0,250.0,,,,0,0,38,2026-02-04 15:28:47.701629
ELEC-day3,0.0,0.0,0.0,,,,,,0,0,38,2026-02-04 15:28:47.701629
ELEC-day4,0.0,0.0,0.0,,,,,,0,0,38,2026-02-04 15:28:47.701629
ELEC-day5,0.0,0.0,0.0,,,,,,0,0,38,2026-02-04 15:28:47.701629
ELEC-day6,0.0,0.0,0.0,,,,,,0,0,38,2026-02-04 15:28:47.701629
ELEC-F,27.0,17.0,24.0,,,30.0,20.0,10.0,0,0,38,2026-02-04 15:28:47.701629
NG,2.09,2.07,2.11,800000.0,800000.0,,,,0,0,39,2026-02-04 15:28:48.799461
ELEC-day2,20.01,20.0,20.01,250.0,250.0,,,,0,0,39,2026-02-04 15:28:48.799461
ELEC-day3,0.0,0.0,0.0,,,,,,0,0,39,2026-02-04 15:28:48.799461
ELEC-day4,0.0,0.0,0.0,,,,,,0,0,39,2026-02-04 15:28:48.799461
ELEC-day5,0.0,0.0,0.0,,,,,,0,0,39,2026-02-04 15:28:48.799461
ELEC-day6,0.0,0.0,0.0,,,,,,0,0,39,2026-02-04 15:28:48.799461
ELEC-F,27.0,17.0,24.0,,,30.0,20.0,10.0,0,0,39,2026-02-04 15:28:48.799461
NG,2.1,2.08,2.12,800000.0,800000.0,,,,0,0,40,2026-02-04 15:28:49.858941
ELEC-day2,20.01,20.0,20.01,250.0,250.0,,,,0,0,40,2026-02-04 15:28:49.858941
ELEC-day3,0.0,0.0,0.0,,,,,,0,0,40,2026-02-04 15:28:49.858941
ELEC-day4,0.0,0.0,0.0,,,,,,0,0,40,2026-02-04 15:28:49.858941
ELEC-day5,0.0,0.0,0.0,,,,,,0,0,40,2026-02-04 15:28:49.858941
ELEC-day6,0.0,0.0,0.0,,,,,,0,0,40,2026-02-04 15:28:49.858941
ELEC-F,27.0,17.0,24.0,,,30.0,20.0,10.0,0,0,40,2026-02-04 15:28:49.858941
NG,2.1,2.08,2.12,800000.0,800000.0,,,,0,0,41,2026-02-04 15:28:50.913511
ELEC-day2,20.01,20.0,20.01,250.0,250.0,,,,0,0,41,2026-02-04 15:28:50.913511
ELEC-day3,0.0,0.0,0.0,,,,,,0,0,41,2026-02-04 15:28:50.913511
ELEC-day4,0.0,0.0,0.0,,,,,,0,0,41,2026-02-04 15:28:50.913511
ELEC-day5,0.0,0.0,0.0,,,,,,0,0,41,2026-02-04 15:28:50.913511
ELEC-day6,0.0,0.0,0.0,,,,,,0,0,41,2026-02-04 15:28:50.913511
ELEC-F,27.0,17.0,24.0,,,30.0,20.0,10.0,0,0,41,2026-02-04 15:28:50.913511
NG,2.1,2.08,2.12,800000.0,800000.0,,,,0,0,42,2026-02-04 15:28:51.951672
ELEC-day2,20.01,20.0,20.01,250.0,250.0,,,,0,0,42,2026-02-04 15:28:51.951672
ELEC-day3,0.0,0.0,0.0,,,,,,0,0,42,2026-02-04 15:28:51.951672
ELEC-day4,0.0,0.0,0.0,,,,,,0,0,42,2026-02-04 15:28:51.951672
ELEC-day5,0.0,0.0,0.0,,,,,,0,0,42,2026-02-04 15:28:51.951672
ELEC-day6,0.0,0.0,0.0,,,,,,0,0,42,2026-02-04 15:28:51.951672
ELEC-F,27.0,17.0,24.0,,,30.0,20.0,10.0,0,0,42,2026-02-04 15:28:51.951672
NG,2.1,2.08,2.12,800000.0,800000.0,,,,0,0,43,2026-02-04 15:28:52.993518
ELEC-day2,20.01,20.0,20.01,250.0,250.0,,,,0,0,43,2026-02-04 15:28:52.993518
ELEC-day3,0.0,0.0,0.0,,,,,,0,0,43,2026-02-04 15:28:52.993518
ELEC-day4,0.0,0.0,0.0,,,,,,0,0,43,2026-02-04 15:28:52.993518
ELEC-day5,0.0,0.0,0.0,,,,,,0,0,43,2026-02-04 15:28:52.993518
ELEC-day6,0.0,0.0,0.0,,,,,,0,0,43,2026-02-04 15:28:52.993518
ELEC-F,27.0,17.0,24.0,,,30.0,20.0,10.0,0,0,43,2026-02-04 15:28:52.993518
NG,2.1,2.08,2.12,800000.0,800000.0,,,,0,0,44,2026-02-04 15:28:53.586819
ELEC-day2,20.01,20.0,20.01,250.0,250.0,,,,0,0,44,2026-02-04 15:28:53.586819
ELEC-day3,0.0,0.0,0.0,,,,,,0,0,44,2026-02-04 15:28:53.586819
ELEC-day4,0.0,0.0,0.0,,,,,,0,0,44,2026-02-04 15:28:53.586819
ELEC-day5,0.0,0.0,0.0,,,,,,0,0,44,2026-02-04 15:28:53.586819
ELEC-day6,0.0,0.0,0.0,,,,,,0,0,44,2026-02-04 15:28:53.586819
ELEC-F,27.0,17.0,24.0,,,30.0,20.0,10.0,0,0,44,2026-02-04 15:28:53.586819
NG,2.09,2.07,2.11,800000.0,800000.0,,,,0,0,45,2026-02-04 15:28:54.686933
ELEC-day2,20.01,20.0,20.01,250.0,250.0,,,,0,0,45,2026-02-04 15:28:54.686933
ELEC-day3,0.0,0.0,0.0,,,,,,0,0,45,2026-02-04 15:28:54.686933
ELEC-day4,0.0,0.0,0.0,,,,,,0,0,45,2026-02-04 15:28:54.686933
