news_id,period,tick,ticker,headline,body,tick,timestamp,ticker,last_price,bid_price,ask_price,BUY_ANON,SELL_ANON,BUY_LUIS-T1,BUY_BOST-D,SELL_LUIS-T2,BUY_LUIS-T2,SELL_LUIS-T1
4.0,1.0,1.0,,TEMPERATURE Forecast for DAY 2,The average temperature tomorrow is forecasted to be between 27 and 34 degrees Celsius.,2,2026-02-01 09:14:01.248007,NG,2.19,2.17,2.21,800000.0,800000.0,0,0,0,0,0
3.0,1.0,1.0,,You are logged in as a DISTRIBUTOR,,2,2026-02-01 09:14:01.248007,ELEC-day2,0.0,0.0,0.0,,,0,0,0,0,0
2.0,1.0,1.0,,FINES,"The fine for open positions of ELEC-dayX at the end of the day is $20,000/contract.",2,2026-02-01 09:14:01.248007,ELEC-day3,0.0,0.0,0.0,,,0,0,0,0,0
1.0,1.0,1.0,,Welcome to the RITC2026 GBE Energy Electricity Trading Case - practice server,,2,2026-02-01 09:14:01.248007,ELEC-day4,0.0,0.0,0.0,,,0,0,0,0,0
,,,,,,2,2026-02-01 09:14:01.248007,ELEC-day5,0.0,0.0,0.0,,,0,0,0,0,0
,,,,,,2,2026-02-01 09:14:01.248007,ELEC-day6,0.0,0.0,0.0,,,0,0,0,0,0
,,,,,,2,2026-02-01 09:14:01.248007,ELEC-F,0.0,0.0,0.0,,,0,0,0,0,0
4.0,1.0,1.0,,TEMPERATURE Forecast for DAY 2,The average temperature tomorrow is forecasted to be between 27 and 34 degrees Celsius.,3,2026-02-01 09:14:02.284772,NG,2.2,2.18,2.22,800000.0,800000.0,0,0,0,0,0
3.0,1.0,1.0,,You are logged in as a DISTRIBUTOR,,3,2026-02-01 09:14:02.284772,ELEC-day2,0.0,0.0,0.0,,,0,0,0,0,0
2.0,1.0,1.0,,FINES,"The fine for open positions of ELEC-dayX at the end of the day is $20,000/contract.",3,2026-02-01 09:14:02.284772,ELEC-day3,0.0,0.0,0.0,,,0,0,0,0,0
1.0,1.0,1.0,,Welcome to the RITC2026 GBE Energy Electricity Trading Case - practice server,,3,2026-02-01 09:14:02.284772,ELEC-day4,0.0,0.0,0.0,,,0,0,0,0,0
,,,,,,3,2026-02-01 09:14:02.284772,ELEC-day5,0.0,0.0,0.0,,,0,0,0,0,0
,,,,,,3,2026-02-01 09:14:02.284772,ELEC-day6,0.0,0.0,0.0,,,0,0,0,0,0
,,,,,,3,2026-02-01 09:14:02.284772,ELEC-F,0.0,0.0,0.0,,,0,0,0,0,0
4.0,1.0,1.0,,TEMPERATURE Forecast for DAY 2,The average temperature tomorrow is forecasted to be between 27 and 34 degrees Celsius.,4,2026-02-01 09:14:03.312214,NG,2.21,2.19,2.23,800000.0,800000.0,0,0,0,0,0
3.0,1.0,1.0,,You are logged in as a DISTRIBUTOR,,4,2026-02-01 09:14:03.312214,ELEC-day2,0.0,0.0,0.0,,,0,0,0,0,0
2.0,1.0,1.0,,FINES,"The fine for open positions of ELEC-dayX at the end of the day is $20,000/contract.",4,2026-02-01 09:14:03.312214,ELEC-day3,0.0,0.0,0.0,,,0,0,0,0,0
1.0,1.0,1.0,,Welcome to the RITC2026 GBE Energy Electricity Trading Case - practice server,,4,2026-02-01 09:14:03.312214,ELEC-day4,0.0,0.0,0.0,,,0,0,0,0,0
,,,,,,4,2026-02-01 09:14:03.312214,ELEC-day5,0.0,0.0,0.0,,,0,0,0,0,0
,,,,,,4,2026-02-01 09:14:03.312214,ELEC-day6,0.0,0.0,0.0,,,0,0,0,0,0
,,,,,,4,2026-02-01 09:14:03.312214,ELEC-F,0.0,0.0,0.0,,,0,0,0,0,0
4.0,1.0,1.0,,TEMPERATURE Forecast for DAY 2,The average temperature tomorrow is forecasted to be between 27 and 34 degrees Celsius.,5,2026-02-01 09:14:04.338955,NG,2.21,2.19,2.23,800000.0,800000.0,0,0,0,0,0
3.0,1.0,1.0,,You are logged in as a DISTRIBUTOR,,5,2026-02-01 09:14:04.338955,ELEC-day2,0.0,0.0,0.0,,,0,0,0,0,0
2.0,1.0,1.0,,FINES,"The fine for open positions of ELEC-dayX at the end of the day is $20,000/contract.",5,2026-02-01 09:14:04.338955,ELEC-day3,0.0,0.0,0.0,,,0,0,0,0,0
1.0,1.0,1.0,,Welcome to the RITC2026 GBE Energy Electricity Trading Case - practice server,,5,2026-02-01 09:14:04.338955,ELEC-day4,0.0,0.0,0.0,,,0,0,0,0,0
,,,,,,5,2026-02-01 09:14:04.338955,ELEC-day5,0.0,0.0,0.0,,,0,0,0,0,0
,,,,,,5,2026-02-01 09:14:04.338955,ELEC-day6,0.0,0.0,0.0,,,0,0,0,0,0
,,,,,,5,2026-02-01 09:14:04.338955,ELEC-F,0.0,0.0,0.0,,,0,0,0,0,0
4.0,1.0,1.0,,TEMPERATURE Forecast for DAY 2,The average temperature tomorrow is forecasted to be between 27 and 34 degrees Celsius.,6,2026-02-01 09:14:05.369272,NG,2.21,2.19,2.23,800000.0,800000.0,0,0,0,0,0
3.0,1.0,1.0,,You are logged in as a DISTRIBUTOR,,6,2026-02-01 09:14:05.369272,ELEC-day2,0.0,0.0,0.0,,,0,0,0,0,0
2.0,1.0,1.0,,FINES,"The fine for open positions of ELEC-dayX at the end of the day is $20,000/contract.",6,2026-02-01 09:14:05.369272,ELEC-day3,0.0,0.0,0.0,,,0,0,0,0,0
1.0,1.0,1.0,,Welcome to the RITC2026 GBE Energy Electricity Trading Case - practice server,,6,2026-02-01 09:14:05.369272,ELEC-day4,0.0,0.0,0.0,,,0,0,0,0,0
,,,,,,6,2026-02-01 09:14:05.369272,ELEC-day5,0.0,0.0,0.0,,,0,0,0,0,0
,,,,,,6,2026-02-01 09:14:05.369272,ELEC-day6,0.0,0.0,0.0,,,0,0,0,0,0
,,,,,,6,2026-02-01 09:14:05.369272,ELEC-F,0.0,0.0,0.0,,,0,0,0,0,0
4.0,1.0,1.0,,TEMPERATURE Forecast for DAY 2,The average temperature tomorrow is forecasted to be between 27 and 34 degrees Celsius.,7,2026-02-01 09:14:06.391288,NG,2.21,2.19,2.23,800000.0,800000.0,0,0,0,0,0
3.0,1.0,1.0,,You are logged in as a DISTRIBUTOR,,7,2026-02-01 09:14:06.391288,ELEC-day2,0.0,0.0,0.0,,,0,0,0,0,0
2.0,1.0,1.0,,FINES,"The fine for open positions of ELEC-dayX at the end of the day is $20,000/contract.",7,2026-02-01 09:14:06.391288,ELEC-day3,0.0,0.0,0.0,,,0,0,0,0,0
1.0,1.0,1.0,,Welcome to the RITC2026 GBE Energy Electricity Trading Case - practice server,,7,2026-02-01 09:14:06.391288,ELEC-day4,0.0,0.0,0.0,,,0,0,0,0,0
,,,,,,7,2026-02-01 09:14:06.391288,ELEC-day5,0.0,0.0,0.0,,,0,0,0,0,0
,,,,,,7,2026-02-01 09:14:06.391288,ELEC-day6,0.0,0.0,0.0,,,0,0,0,0,0
,,,,,,7,2026-02-01 09:14:06.391288,ELEC-F,0.0,0.0,0.0,,,0,0,0,0,0
4.0,1.0,1.0,,TEMPERATURE Forecast for DAY 2,The average temperature tomorrow is forecasted to be between 27 and 34 degrees Celsius.,8,2026-02-01 09:14:07.422925,NG,2.19,2.17,2.21,800000.0,800000.0,0,0,0,0,0
3.0,1.0,1.0,,You are logged in as a DISTRIBUTOR,,8,2026-02-01 09:14:07.422925,ELEC-day2,0.0,0.0,0.0,,,0,0,0,0,0
2.0,1.0,1.0,,FINES,"The fine for open positions of ELEC-dayX at the end of the day is $20,000/contract.",8,2026-02-01 09:14:07.422925,ELEC-day3,0.0,0.0,0.0,,,0,0,0,0,0
1.0,1.0,1.0,,Welcome to the RITC2026 GBE Energy Electricity Trading Case - practice server,,8,2026-02-01 09:14:07.422925,ELEC-day4,0.0,0.0,0.0,,,0,0,0,0,0
,,,,,,8,2026-02-01 09:14:07.422925,ELEC-day5,0.0,0.0,0.0,,,0,0,0,0,0
,,,,,,8,2026-02-01 09:14:07.422925,ELEC-day6,0.0,0.0,0.0,,,0,0,0,0,0
,,,,,,8,2026-02-01 09:14:07.422925,ELEC-F,0.0,0.0,0.0,,,0,0,0,0,0
4.0,1.0,1.0,,TEMPERATURE Forecast for DAY 2,The average temperature tomorrow is forecasted to be between 27 and 34 degrees Celsius.,9,2026-02-01 09:14:08.456186,NG,2.2,2.18,2.22,800000.0,800000.0,0,0,0,0,0
3.0,1.0,1.0,,You are logged in as a DISTRIBUTOR,,9,2026-02-01 09:14:08.456186,ELEC-day2,0.0,0.0,0.0,,,0,0,0,0,0
2.0,1.0,1.0,,FINES,"The fine for open positions of ELEC-dayX at the end of the day is $20,000/contract.",9,2026-02-01 09:14:08.456186,ELEC-day3,0.0,0.0,0.0,,,0,0,0,0,0
1.0,1.0,1.0,,Welcome to the RITC2026 GBE Energy Electricity Trading Case - practice server,,9,2026-02-01 09:14:08.456186,ELEC-day4,0.0,0.0,0.0,,,0,0,0,0,0
,,,,,,9,2026-02-01 09:14:08.456186,ELEC-day5,0.0,0.0,0.0,,,0,0,0,0,0
,,,,,,9,2026-02-01 09:14:08.456186,ELEC-day6,0.0,0.0,0.0,,,0,0,0,0,0
,,,,,,9,2026-02-01 09:14:08.456186,ELEC-F,0.0,0.0,0.0,,,0,0,0,0,0
4.0,1.0,1.0,,TEMPERATURE Forecast for DAY 2,The average temperature tomorrow is forecasted to be between 27 and 34 degrees Celsius.,10,2026-02-01 09:14:09.491545,NG,2.2,2.18,2.22,800000.0,800000.0,0,0,0,0,0
3.0,1.0,1.0,,You are logged in as a DISTRIBUTOR,,10,2026-02-01 09:14:09.491545,ELEC-day2,0.0,0.0,0.0,,,0,0,0,0,0
2.0,1.0,1.0,,FINES,"The fine for open positions of ELEC-dayX at the end of the day is $20,000/contract.",10,2026-02-01 09:14:09.491545,ELEC-day3,0.0,0.0,0.0,,,0,0,0,0,0
1.0,1.0,1.0,,Welcome to the RITC2026 GBE Energy Electricity Trading Case - practice server,,10,2026-02-01 09:14:09.491545,ELEC-day4,0.0,0.0,0.0,,,0,0,0,0,0
,,,,,,10,2026-02-01 09:14:09.491545,ELEC-day5,0.0,0.0,0.0,,,0,0,0,0,0
,,,,,,10,2026-02-01 09:14:09.491545,ELEC-day6,0.0,0.0,0.0,,,0,0,0,0,0
,,,,,,10,2026-02-01 09:14:09.491545,ELEC-F,0.0,0.0,0.0,,,0,0,0,0,0
4.0,1.0,1.0,,TEMPERATURE Forecast for DAY 2,The average temperature tomorrow is forecasted to be between 27 and 34 degrees Celsius.,11,2026-02-01 09:14:10.522244,NG,2.2,2.18,2.22,800000.0,800000.0,0,0,0,0,0
3.0,1.0,1.0,,You are logged in as a DISTRIBUTOR,,11,2026-02-01 09:14:10.522244,ELEC-day2,0.0,0.0,0.0,,,0,0,0,0,0
2.0,1.0,1.0,,FINES,"The fine for open positions of ELEC-dayX at the end of the day is $20,000/contract.",11,2026-02-01 09:14:10.522244,ELEC-day3,0.0,0.0,0.0,,,0,0,0,0,0
1.0,1.0,1.0,,Welcome to the RITC2026 GBE Energy Electricity Trading Case - practice server,,11,2026-02-01 09:14:10.522244,ELEC-day4,0.0,0.0,0.0,,,0,0,0,0,0
,,,,,,11,2026-02-01 09:14:10.522244,ELEC-day5,0.0,0.0,0.0,,,0,0,0,0,0
,,,,,,11,2026-02-01 09:14:10.522244,ELEC-day6,0.0,0.0,0.0,,,0,0,0,0,0
,,,,,,11,2026-02-01 09:14:10.522244,ELEC-F,0.0,0.0,0.0,,,0,0,0,0,0
4.0,1.0,1.0,,TEMPERATURE Forecast for DAY 2,The average temperature tomorrow is forecasted to be between 27 and 34 degrees Celsius.,12,2026-02-01 09:14:11.558728,NG,2.21,2.19,2.23,800000.0,800000.0,0,0,0,0,0
3.0,1.0,1.0,,You are logged in as a DISTRIBUTOR,,12,2026-02-01 09:14:11.558728,ELEC-day2,0.0,0.0,0.0,,,0,0,0,0,0
2.0,1.0,1.0,,FINES,"The fine for open positions of ELEC-dayX at the end of the day is $20,000/contract.",12,2026-02-01 09:14:11.558728,ELEC-day3,0.0,0.0,0.0,,,0,0,0,0,0
1.0,1.0,1.0,,Welcome to the RITC2026 GBE Energy Electricity Trading Case - practice server,,12,2026-02-01 09:14:11.558728,ELEC-day4,0.0,0.0,0.0,,,0,0,0,0,0
,,,,,,12,2026-02-01 09:14:11.558728,ELEC-day5,0.0,0.0,0.0,,,0,0,0,0,0
,,,,,,12,2026-02-01 09:14:11.558728,ELEC-day6,0.0,0.0,0.0,,,0,0,0,0,0
,,,,,,12,2026-02-01 09:14:11.558728,ELEC-F,0.0,0.0,0.0,,,0,0,0,0,0
4.0,1.0,1.0,,TEMPERATURE Forecast for DAY 2,The average temperature tomorrow is forecasted to be between 27 and 34 degrees Celsius.,13,2026-02-01 09:14:12.580585,NG,2.22,2.2,2.24,800000.0,800000.0,0,0,0,0,0
3.0,1.0,1.0,,You are logged in as a DISTRIBUTOR,,13,2026-02-01 09:14:12.580585,ELEC-day2,0.0,0.0,0.0,,,0,0,0,0,0
2.0,1.0,1.0,,FINES,"The fine for open positions of ELEC-dayX at the end of the day is $20,000/contract.",13,2026-02-01 09:14:12.580585,ELEC-day3,0.0,0.0,0.0,,,0,0,0,0,0
1.0,1.0,1.0,,Welcome to the RITC2026 GBE Energy Electricity Trading Case - practice server,,13,2026-02-01 09:14:12.580585,ELEC-day4,0.0,0.0,0.0,,,0,0,0,0,0
,,,,,,13,2026-02-01 09:14:12.580585,ELEC-day5,0.0,0.0,0.0,,,0,0,0,0,0
,,,,,,13,2026-02-01 09:14:12.580585,ELEC-day6,0.0,0.0,0.0,,,0,0,0,0,0
,,,,,,13,2026-02-01 09:14:12.580585,ELEC-F,0.0,0.0,0.0,,,0,0,0,0,0
4.0,1.0,1.0,,TEMPERATURE Forecast for DAY 2,The average temperature tomorrow is forecasted to be between 27 and 34 degrees Celsius.,14,2026-02-01 09:14:13.611600,NG,2.21,2.19,2.23,800000.0,800000.0,0,0,0,0,0
3.0,1.0,1.0,,You are logged in as a DISTRIBUTOR,,14,2026-02-01 09:14:13.611600,ELEC-day2,0.0,0.0,0.0,,,0,0,0,0,0
2.0,1.0,1.0,,FINES,"The fine for open positions of ELEC-dayX at the end of the day is $20,000/contract.",14,2026-02-01 09:14:13.611600,ELEC-day3,0.0,0.0,0.0,,,0,0,0,0,0
1.0,1.0,1.0,,Welcome to the RITC2026 GBE Energy Electricity Trading Case - practice server,,14,2026-02-01 09:14:13.611600,ELEC-day4,0.0,0.0,0.0,,,0,0,0,0,0
,,,,,,14,2026-02-01 09:14:13.611600,ELEC-day5,0.0,0.0,0.0,,,0,0,0,0,0
,,,,,,14,2026-02-01 09:14:13.611600,ELEC-day6,0.0,0.0,0.0,,,0,0,0,0,0
,,,,,,14,2026-02-01 09:14:13.611600,ELEC-F,0.0,0.0,0.0,,,0,0,0,0,0
4.0,1.0,1.0,,TEMPERATURE Forecast for DAY 2,The average temperature tomorrow is forecasted to be between 27 and 34 degrees Celsius.,15,2026-02-01 09:14:14.639927,NG,2.22,2.2,2.24,800000.0,800000.0,0,0,0,0,0
3.0,1.0,1.0,,You are logged in as a DISTRIBUTOR,,15,2026-02-01 09:14:14.639927,ELEC-day2,0.0,0.0,0.0,,,0,0,0,0,0
2.0,1.0,1.0,,FINES,"The fine for open positions of ELEC-dayX at the end of the day is $20,000/contract.",15,2026-02-01 09:14:14.639927,ELEC-day3,0.0,0.0,0.0,,,0,0,0,0,0
1.0,1.0,1.0,,Welcome to the RITC2026 GBE Energy Electricity Trading Case - practice server,,15,2026-02-01 09:14:14.639927,ELEC-day4,0.0,0.0,0.0,,,0,0,0,0,0
,,,,,,15,2026-02-01 09:14:14.639927,ELEC-day5,0.0,0.0,0.0,,,0,0,0,0,0
,,,,,,15,2026-02-01 09:14:14.639927,ELEC-day6,0.0,0.0,0.0,,,0,0,0,0,0
,,,,,,15,2026-02-01 09:14:14.639927,ELEC-F,0.0,0.0,0.0,,,0,0,0,0,0
4.0,1.0,1.0,,TEMPERATURE Forecast for DAY 2,The average temperature tomorrow is forecasted to be between 27 and 34 degrees Celsius.,16,2026-02-01 09:14:15.664948,NG,2.21,2.19,2.23,800000.0,800000.0,0,0,0,0,0
3.0,1.0,1.0,,You are logged in as a DISTRIBUTOR,,16,2026-02-01 09:14:15.664948,ELEC-day2,0.0,0.0,0.0,,,0,0,0,0,0
2.0,1.0,1.0,,FINES,"The fine for open positions of ELEC-dayX at the end of the day is $20,000/contract.",16,2026-02-01 09:14:15.664948,ELEC-day3,0.0,0.0,0.0,,,0,0,0,0,0
1.0,1.0,1.0,,Welcome to the RITC2026 GBE Energy Electricity Trading Case - practice server,,16,2026-02-01 09:14:15.664948,ELEC-day4,0.0,0.0,0.0,,,0,0,0,0,0
,,,,,,16,2026-02-01 09:14:15.664948,ELEC-day5,0.0,0.0,0.0,,,0,0,0,0,0
,,,,,,16,2026-02-01 09:14:15.664948,ELEC-day6,0.0,0.0,0.0,,,0,0,0,0,0
,,,,,,16,2026-02-01 09:14:15.664948,ELEC-F,0.0,0.0,0.0,,,0,0,0,0,0
4.0,1.0,1.0,,TEMPERATURE Forecast for DAY 2,The average temperature tomorrow is forecasted to be between 27 and 34 degrees Celsius.,17,2026-02-01 09:14:16.687767,NG,2.21,2.19,2.23,800000.0,800000.0,0,0,0,0,0
3.0,1.0,1.0,,You are logged in as a DISTRIBUTOR,,17,2026-02-01 09:14:16.687767,ELEC-day2,0.0,0.0,0.0,,,0,0,0,0,0
2.0,1.0,1.0,,FINES,"The fine for open positions of ELEC-dayX at the end of the day is $20,000/contract.",17,2026-02-01 09:14:16.687767,ELEC-day3,0.0,0.0,0.0,,,0,0,0,0,0
1.0,1.0,1.0,,Welcome to the RITC2026 GBE Energy Electricity Trading Case - practice server,,17,2026-02-01 09:14:16.687767,ELEC-day4,0.0,0.0,0.0,,,0,0,0,0,0
,,,,,,17,2026-02-01 09:14:16.687767,ELEC-day5,0.0,0.0,0.0,,,0,0,0,0,0
,,,,,,17,2026-02-01 09:14:16.687767,ELEC-day6,0.0,0.0,0.0,,,0,0,0,0,0
,,,,,,17,2026-02-01 09:14:16.687767,ELEC-F,0.0,0.0,0.0,,,0,0,0,0,0
4.0,1.0,1.0,,TEMPERATURE Forecast for DAY 2,The average temperature tomorrow is forecasted to be between 27 and 34 degrees Celsius.,18,2026-02-01 09:14:17.717254,NG,2.2,2.18,2.22,800000.0,800000.0,0,0,0,0,0
3.0,1.0,1.0,,You are logged in as a DISTRIBUTOR,,18,2026-02-01 09:14:17.717254,ELEC-day2,0.0,0.0,0.0,,,0,0,0,0,0
2.0,1.0,1.0,,FINES,"The fine for open positions of ELEC-dayX at the end of the day is $20,000/contract.",18,2026-02-01 09:14:17.717254,ELEC-day3,0.0,0.0,0.0,,,0,0,0,0,0
1.0,1.0,1.0,,Welcome to the RITC2026 GBE Energy Electricity Trading Case - practice server,,18,2026-02-01 09:14:17.717254,ELEC-day4,0.0,0.0,0.0,,,0,0,0,0,0
,,,,,,18,2026-02-01 09:14:17.717254,ELEC-day5,0.0,0.0,0.0,,,0,0,0,0,0
,,,,,,18,2026-02-01 09:14:17.717254,ELEC-day6,0.0,0.0,0.0,,,0,0,0,0,0
,,,,,,18,2026-02-01 09:14:17.717254,ELEC-F,0.0,0.0,0.0,,,0,0,0,0,0
4.0,1.0,1.0,,TEMPERATURE Forecast for DAY 2,The average temperature tomorrow is forecasted to be between 27 and 34 degrees Celsius.,19,2026-02-01 09:14:18.749723,NG,2.2,2.18,2.22,800000.0,800000.0,0,0,0,0,0
3.0,1.0,1.0,,You are logged in as a DISTRIBUTOR,,19,2026-02-01 09:14:18.749723,ELEC-day2,0.0,0.0,0.0,,,0,0,0,0,0
2.0,1.0,1.0,,FINES,"The fine for open positions of ELEC-dayX at the end of the day is $20,000/contract.",19,2026-02-01 09:14:18.749723,ELEC-day3,0.0,0.0,0.0,,,0,0,0,0,0
1.0,1.0,1.0,,Welcome to the RITC2026 GBE Energy Electricity Trading Case - practice server,,19,2026-02-01 09:14:18.749723,ELEC-day4,0.0,0.0,0.0,,,0,0,0,0,0
,,,,,,19,2026-02-01 09:14:18.749723,ELEC-day5,0.0,0.0,0.0,,,0,0,0,0,0
,,,,,,19,2026-02-01 09:14:18.749723,ELEC-day6,0.0,0.0,0.0,,,0,0,0,0,0
,,,,,,19,2026-02-01 09:14:18.749723,ELEC-F,0.0,0.0,0.0,,,0,0,0,0,0
4.0,1.0,1.0,,TEMPERATURE Forecast for DAY 2,The average temperature tomorrow is forecasted to be between 27 and 34 degrees Celsius.,20,2026-02-01 09:14:19.842707,NG,2.19,2.17,2.21,800000.0,800000.0,0,0,0,0,0
3.0,1.0,1.0,,You are logged in as a DISTRIBUTOR,,20,2026-02-01 09:14:19.842707,ELEC-day2,0.0,0.0,0.0,,,0,0,0,0,0
2.0,1.0,1.0,,FINES,"The fine for open positions of ELEC-dayX at the end of the day is $20,000/contract.",20,2026-02-01 09:14:19.842707,ELEC-day3,0.0,0.0,0.0,,,0,0,0,0,0
1.0,1.0,1.0,,Welcome to the RITC2026 GBE Energy Electricity Trading Case - practice server,,20,2026-02-01 09:14:19.842707,ELEC-day4,0.0,0.0,0.0,,,0,0,0,0,0
,,,,,,20,2026-02-01 09:14:19.842707,ELEC-day5,0.0,0.0,0.0,,,0,0,0,0,0
,,,,,,20,2026-02-01 09:14:19.842707,ELEC-day6,0.0,0.0,0.0,,,0,0,0,0,0
,,,,,,20,2026-02-01 09:14:19.842707,ELEC-F,0.0,0.0,0.0,,,0,0,0,0,0
4.0,1.0,1.0,,TEMPERATURE Forecast for DAY 2,The average temperature tomorrow is forecasted to be between 27 and 34 degrees Celsius.,22,2026-02-01 09:14:20.928015,NG,2.19,2.17,2.21,800000.0,800000.0,0,0,0,0,0
3.0,1.0,1.0,,You are logged in as a DISTRIBUTOR,,22,2026-02-01 09:14:20.928015,ELEC-day2,0.0,0.0,0.0,,,0,0,0,0,0
2.0,1.0,1.0,,FINES,"The fine for open positions of ELEC-dayX at the end of the day is $20,000/contract.",22,2026-02-01 09:14:20.928015,ELEC-day3,0.0,0.0,0.0,,,0,0,0,0,0
1.0,1.0,1.0,,Welcome to the RITC2026 GBE Energy Electricity Trading Case - practice server,,22,2026-02-01 09:14:20.928015,ELEC-day4,0.0,0.0,0.0,,,0,0,0,0,0
,,,,,,22,2026-02-01 09:14:20.928015,ELEC-day5,0.0,0.0,0.0,,,0,0,0,0,0
,,,,,,22,2026-02-01 09:14:20.928015,ELEC-day6,0.0,0.0,0.0,,,0,0,0,0,0
,,,,,,22,2026-02-01 09:14:20.928015,ELEC-F,0.0,0.0,0.0,,,0,0,0,0,0
4.0,1.0,1.0,,TEMPERATURE Forecast for DAY 2,The average temperature tomorrow is forecasted to be between 27 and 34 degrees Celsius.,23,2026-02-01 09:14:21.970953,NG,2.19,2.17,2.21,800000.0,800000.0,0,0,0,0,0
3.0,1.0,1.0,,You are logged in as a DISTRIBUTOR,,23,2026-02-01 09:14:21.970953,ELEC-day2,0.0,0.0,0.0,,,0,0,0,0,0
2.0,1.0,1.0,,FINES,"The fine for open positions of ELEC-dayX at the end of the day is $20,000/contract.",23,2026-02-01 09:14:21.970953,ELEC-day3,0.0,0.0,0.0,,,0,0,0,0,0
1.0,1.0,1.0,,Welcome to the RITC2026 GBE Energy Electricity Trading Case - practice server,,23,2026-02-01 09:14:21.970953,ELEC-day4,0.0,0.0,0.0,,,0,0,0,0,0
,,,,,,23,2026-02-01 09:14:21.970953,ELEC-day5,0.0,0.0,0.0,,,0,0,0,0,0
,,,,,,23,2026-02-01 09:14:21.970953,ELEC-day6,0.0,0.0,0.0,,,0,0,0,0,0
,,,,,,23,2026-02-01 09:14:21.970953,ELEC-F,0.0,0.0,0.0,,,0,0,0,0,0
4.0,1.0,1.0,,TEMPERATURE Forecast for DAY 2,The average temperature tomorrow is forecasted to be between 27 and 34 degrees Celsius.,24,2026-02-01 09:14:23.013112,NG,2.19,2.17,2.21,800000.0,800000.0,0,0,0,0,0
3.0,1.0,1.0,,You are logged in as a DISTRIBUTOR,,24,2026-02-01 09:14:23.013112,ELEC-day2,0.0,0.0,0.0,,,0,0,0,0,0
2.0,1.0,1.0,,FINES,"The fine for open positions of ELEC-dayX at the end of the day is $20,000/contract.",24,2026-02-01 09:14:23.013112,ELEC-day3,0.0,0.0,0.0,,,0,0,0,0,0
1.0,1.0,1.0,,Welcome to the RITC2026 GBE Energy Electricity Trading Case - practice server,,24,2026-02-01 09:14:23.013112,ELEC-day4,0.0,0.0,0.0,,,0,0,0,0,0
,,,,,,24,2026-02-01 09:14:23.013112,ELEC-day5,0.0,0.0,0.0,,,0,0,0,0,0
,,,,,,24,2026-02-01 09:14:23.013112,ELEC-day6,0.0,0.0,0.0,,,0,0,0,0,0
,,,,,,24,2026-02-01 09:14:23.013112,ELEC-F,0.0,0.0,0.0,,,0,0,0,0,0
4.0,1.0,1.0,,TEMPERATURE Forecast for DAY 2,The average temperature tomorrow is forecasted to be between 27 and 34 degrees Celsius.,25,2026-02-01 09:14:24.038428,NG,2.18,2.16,2.2,800000.0,800000.0,0,0,0,0,0
3.0,1.0,1.0,,You are logged in as a DISTRIBUTOR,,25,2026-02-01 09:14:24.038428,ELEC-day2,0.0,0.0,0.0,,,0,0,0,0,0
2.0,1.0,1.0,,FINES,"The fine for open positions of ELEC-dayX at the end of the day is $20,000/contract.",25,2026-02-01 09:14:24.038428,ELEC-day3,0.0,0.0,0.0,,,0,0,0,0,0
1.0,1.0,1.0,,Welcome to the RITC2026 GBE Energy Electricity Trading Case - practice server,,25,2026-02-01 09:14:24.038428,ELEC-day4,0.0,0.0,0.0,,,0,0,0,0,0
,,,,,,25,2026-02-01 09:14:24.038428,ELEC-day5,0.0,0.0,0.0,,,0,0,0,0,0
,,,,,,25,2026-02-01 09:14:24.038428,ELEC-day6,0.0,0.0,0.0,,,0,0,0,0,0
,,,,,,25,2026-02-01 09:14:24.038428,ELEC-F,0.0,0.0,0.0,,,0,0,0,0,0
4.0,1.0,1.0,,TEMPERATURE Forecast for DAY 2,The average temperature tomorrow is forecasted to be between 27 and 34 degrees Celsius.,26,2026-02-01 09:14:25.071157,NG,2.18,2.16,2.2,800000.0,800000.0,0,0,0,0,0
3.0,1.0,1.0,,You are logged in as a DISTRIBUTOR,,26,2026-02-01 09:14:25.071157,ELEC-day2,0.0,0.0,0.0,,,0,0,0,0,0
2.0,1.0,1.0,,FINES,"The fine for open positions of ELEC-dayX at the end of the day is $20,000/contract.",26,2026-02-01 09:14:25.071157,ELEC-day3,0.0,0.0,0.0,,,0,0,0,0,0
1.0,1.0,1.0,,Welcome to the RITC2026 GBE Energy Electricity Trading Case - practice server,,26,2026-02-01 09:14:25.071157,ELEC-day4,0.0,0.0,0.0,,,0,0,0,0,0
,,,,,,26,2026-02-01 09:14:25.071157,ELEC-day5,0.0,0.0,0.0,,,0,0,0,0,0
,,,,,,26,2026-02-01 09:14:25.071157,ELEC-day6,0.0,0.0,0.0,,,0,0,0,0,0
,,,,,,26,2026-02-01 09:14:25.071157,ELEC-F,0.0,0.0,0.0,,,0,0,0,0,0
4.0,1.0,1.0,,TEMPERATURE Forecast for DAY 2,The average temperature tomorrow is forecasted to be between 27 and 34 degrees Celsius.,27,2026-02-01 09:14:26.108338,NG,2.17,2.15,2.19,800000.0,800000.0,0,0,0,0,0
3.0,1.0,1.0,,You are logged in as a DISTRIBUTOR,,27,2026-02-01 09:14:26.108338,ELEC-day2,0.0,0.0,0.0,,,0,0,0,0,0
2.0,1.0,1.0,,FINES,"The fine for open positions of ELEC-dayX at the end of the day is $20,000/contract.",27,2026-02-01 09:14:26.108338,ELEC-day3,0.0,0.0,0.0,,,0,0,0,0,0
1.0,1.0,1.0,,Welcome to the RITC2026 GBE Energy Electricity Trading Case - practice server,,27,2026-02-01 09:14:26.108338,ELEC-day4,0.0,0.0,0.0,,,0,0,0,0,0
,,,,,,27,2026-02-01 09:14:26.108338,ELEC-day5,0.0,0.0,0.0,,,0,0,0,0,0
,,,,,,27,2026-02-01 09:14:26.108338,ELEC-day6,0.0,0.0,0.0,,,0,0,0,0,0
,,,,,,27,2026-02-01 09:14:26.108338,ELEC-F,0.0,0.0,0.0,,,0,0,0,0,0
4.0,1.0,1.0,,TEMPERATURE Forecast for DAY 2,The average temperature tomorrow is forecasted to be between 27 and 34 degrees Celsius.,28,2026-02-01 09:14:27.133174,NG,2.17,2.15,2.19,800000.0,800000.0,0,0,0,0,0
3.0,1.0,1.0,,You are logged in as a DISTRIBUTOR,,28,2026-02-01 09:14:27.133174,ELEC-day2,0.0,0.0,0.0,,,0,0,0,0,0
2.0,1.0,1.0,,FINES,"The fine for open positions of ELEC-dayX at the end of the day is $20,000/contract.",28,2026-02-01 09:14:27.133174,ELEC-day3,0.0,0.0,0.0,,,0,0,0,0,0
1.0,1.0,1.0,,Welcome to the RITC2026 GBE Energy Electricity Trading Case - practice server,,28,2026-02-01 09:14:27.133174,ELEC-day4,0.0,0.0,0.0,,,0,0,0,0,0
,,,,,,28,2026-02-01 09:14:27.133174,ELEC-day5,0.0,0.0,0.0,,,0,0,0,0,0
,,,,,,28,2026-02-01 09:14:27.133174,ELEC-day6,0.0,0.0,0.0,,,0,0,0,0,0
,,,,,,28,2026-02-01 09:14:27.133174,ELEC-F,0.0,0.0,0.0,,,0,0,0,0,0
4.0,1.0,1.0,,TEMPERATURE Forecast for DAY 2,The average temperature tomorrow is forecasted to be between 27 and 34 degrees Celsius.,29,2026-02-01 09:14:28.166122,NG,2.16,2.14,2.18,800000.0,800000.0,0,0,0,0,0
3.0,1.0,1.0,,You are logged in as a DISTRIBUTOR,,29,2026-02-01 09:14:28.166122,ELEC-day2,0.0,0.0,0.0,,,0,0,0,0,0
2.0,1.0,1.0,,FINES,"The fine for open positions of ELEC-dayX at the end of the day is $20,000/contract.",29,2026-02-01 09:14:28.166122,ELEC-day3,0.0,0.0,0.0,,,0,0,0,0,0
1.0,1.0,1.0,,Welcome to the RITC2026 GBE Energy Electricity Trading Case - practice server,,29,2026-02-01 09:14:28.166122,ELEC-day4,0.0,0.0,0.0,,,0,0,0,0,0
,,,,,,29,2026-02-01 09:14:28.166122,ELEC-day5,0.0,0.0,0.0,,,0,0,0,0,0
,,,,,,29,2026-02-01 09:14:28.166122,ELEC-day6,0.0,0.0,0.0,,,0,0,0,0,0
,,,,,,29,2026-02-01 09:14:28.166122,ELEC-F,0.0,0.0,0.0,,,0,0,0,0,0
4.0,1.0,1.0,,TEMPERATURE Forecast for DAY 2,The average temperature tomorrow is forecasted to be between 27 and 34 degrees Celsius.,30,2026-02-01 09:14:29.193066,NG,2.16,2.14,2.18,800000.0,800000.0,0,0,0,0,0
3.0,1.0,1.0,,You are logged in as a DISTRIBUTOR,,30,2026-02-01 09:14:29.193066,ELEC-day2,0.0,0.0,0.0,,,0,0,0,0,0
2.0,1.0,1.0,,FINES,"The fine for open positions of ELEC-dayX at the end of the day is $20,000/contract.",30,2026-02-01 09:14:29.193066,ELEC-day3,0.0,0.0,0.0,,,0,0,0,0,0
1.0,1.0,1.0,,Welcome to the RITC2026 GBE Energy Electricity Trading Case - practice server,,30,2026-02-01 09:14:29.193066,ELEC-day4,0.0,0.0,0.0,,,0,0,0,0,0
,,,,,,30,2026-02-01 09:14:29.193066,ELEC-day5,0.0,0.0,0.0,,,0,0,0,0,0
,,,,,,30,2026-02-01 09:14:29.193066,ELEC-day6,0.0,0.0,0.0,,,0,0,0,0,0
,,,,,,30,2026-02-01 09:14:29.193066,ELEC-F,0.0,0.0,0.0,,,0,0,0,0,0
4.0,1.0,1.0,,TEMPERATURE Forecast for DAY 2,The average temperature tomorrow is forecasted to be between 27 and 34 degrees Celsius.,31,2026-02-01 09:14:30.213004,NG,2.17,2.15,2.19,800000.0,800000.0,0,0,0,0,0
3.0,1.0,1.0,,You are logged in as a DISTRIBUTOR,,31,2026-02-01 09:14:30.213004,ELEC-day2,0.0,0.0,0.0,,,0,0,0,0,0
2.0,1.0,1.0,,FINES,"The fine for open positions of ELEC-dayX at the end of the day is $20,000/contract.",31,2026-02-01 09:14:30.213004,ELEC-day3,0.0,0.0,0.0,,,0,0,0,0,0
1.0,1.0,1.0,,Welcome to the RITC2026 GBE Energy Electricity Trading Case - practice server,,31,2026-02-01 09:14:30.213004,ELEC-day4,0.0,0.0,0.0,,,0,0,0,0,0
,,,,,,31,2026-02-01 09:14:30.213004,ELEC-day5,0.0,0.0,0.0,,,0,0,0,0,0
,,,,,,31,2026-02-01 09:14:30.213004,ELEC-day6,0.0,0.0,0.0,,,0,0,0,0,0
,,,,,,31,2026-02-01 09:14:30.213004,ELEC-F,0.0,0.0,0.0,,,0,0,0,0,0
4.0,1.0,1.0,,TEMPERATURE Forecast for DAY 2,The average temperature tomorrow is forecasted to be between 27 and 34 degrees Celsius.,32,2026-02-01 09:14:31.241911,NG,2.17,2.15,2.19,800000.0,800000.0,0,0,0,0,0
3.0,1.0,1.0,,You are logged in as a DISTRIBUTOR,,32,2026-02-01 09:14:31.241911,ELEC-day2,0.0,0.0,0.0,,,0,0,0,0,0
2.0,1.0,1.0,,FINES,"The fine for open positions of ELEC-dayX at the end of the day is $20,000/contract.",32,2026-02-01 09:14:31.241911,ELEC-day3,0.0,0.0,0.0,,,0,0,0,0,0
1.0,1.0,1.0,,Welcome to the RITC2026 GBE Energy Electricity Trading Case - practice server,,32,2026-02-01 09:14:31.241911,ELEC-day4,0.0,0.0,0.0,,,0,0,0,0,0
,,,,,,32,2026-02-01 09:14:31.241911,ELEC-day5,0.0,0.0,0.0,,,0,0,0,0,0
,,,,,,32,2026-02-01 09:14:31.241911,ELEC-day6,0.0,0.0,0.0,,,0,0,0,0,0
,,,,,,32,2026-02-01 09:14:31.241911,ELEC-F,0.0,0.0,0.0,,,0,0,0,0,0
4.0,1.0,1.0,,TEMPERATURE Forecast for DAY 2,The average temperature tomorrow is forecasted to be between 27 and 34 degrees Celsius.,33,2026-02-01 09:14:32.262697,NG,2.16,2.14,2.18,800000.0,800000.0,0,0,0,0,0
3.0,1.0,1.0,,You are logged in as a DISTRIBUTOR,,33,2026-02-01 09:14:32.262697,ELEC-day2,0.0,0.0,0.0,,,0,0,0,0,0
2.0,1.0,1.0,,FINES,"The fine for open positions of ELEC-dayX at the end of the day is $20,000/contract.",33,2026-02-01 09:14:32.262697,ELEC-day3,0.0,0.0,0.0,,,0,0,0,0,0
1.0,1.0,1.0,,Welcome to the RITC2026 GBE Energy Electricity Trading Case - practice server,,33,2026-02-01 09:14:32.262697,ELEC-day4,0.0,0.0,0.0,,,0,0,0,0,0
,,,,,,33,2026-02-01 09:14:32.262697,ELEC-day5,0.0,0.0,0.0,,,0,0,0,0,0
,,,,,,33,2026-02-01 09:14:32.262697,ELEC-day6,0.0,0.0,0.0,,,0,0,0,0,0
,,,,,,33,2026-02-01 09:14:32.262697,ELEC-F,0.0,0.0,0.0,,,0,0,0,0,0
4.0,1.0,1.0,,TEMPERATURE Forecast for DAY 2,The average temperature tomorrow is forecasted to be between 27 and 34 degrees Celsius.,34,2026-02-01 09:14:33.298546,NG,2.16,2.14,2.18,800000.0,800000.0,0,0,0,0,0
3.0,1.0,1.0,,You are logged in as a DISTRIBUTOR,,34,2026-02-01 09:14:33.298546,ELEC-day2,0.0,0.0,0.0,,,0,0,0,0,0
2.0,1.0,1.0,,FINES,"The fine for open positions of ELEC-dayX at the end of the day is $20,000/contract.",34,2026-02-01 09:14:33.298546,ELEC-day3,0.0,0.0,0.0,,,0,0,0,0,0
1.0,1.0,1.0,,Welcome to the RITC2026 GBE Energy Electricity Trading Case - practice server,,34,2026-02-01 09:14:33.298546,ELEC-day4,0.0,0.0,0.0,,,0,0,0,0,0
,,,,,,34,2026-02-01 09:14:33.298546,ELEC-day5,0.0,0.0,0.0,,,0,0,0,0,0
,,,,,,34,2026-02-01 09:14:33.298546,ELEC-day6,0.0,0.0,0.0,,,0,0,0,0,0
,,,,,,34,2026-02-01 09:14:33.298546,ELEC-F,0.0,0.0,0.0,,,0,0,0,0,0
4.0,1.0,1.0,,TEMPERATURE Forecast for DAY 2,The average temperature tomorrow is forecasted to be between 27 and 34 degrees Celsius.,35,2026-02-01 09:14:34.332676,NG,2.16,2.14,2.18,800000.0,800000.0,0,0,0,0,0
3.0,1.0,1.0,,You are logged in as a DISTRIBUTOR,,35,2026-02-01 09:14:34.332676,ELEC-day2,0.0,0.0,0.0,,,0,0,0,0,0
2.0,1.0,1.0,,FINES,"The fine for open positions of ELEC-dayX at the end of the day is $20,000/contract.",35,2026-02-01 09:14:34.332676,ELEC-day3,0.0,0.0,0.0,,,0,0,0,0,0
1.0,1.0,1.0,,Welcome to the RITC2026 GBE Energy Electricity Trading Case - practice server,,35,2026-02-01 09:14:34.332676,ELEC-day4,0.0,0.0,0.0,,,0,0,0,0,0
,,,,,,35,2026-02-01 09:14:34.332676,ELEC-day5,0.0,0.0,0.0,,,0,0,0,0,0
,,,,,,35,2026-02-01 09:14:34.332676,ELEC-day6,0.0,0.0,0.0,,,0,0,0,0,0
,,,,,,35,2026-02-01 09:14:34.332676,ELEC-F,0.0,0.0,0.0,,,0,0,0,0,0
4.0,1.0,1.0,,TEMPERATURE Forecast for DAY 2,The average temperature tomorrow is forecasted to be between 27 and 34 degrees Celsius.,36,2026-02-01 09:14:35.362396,NG,2.17,2.15,2.19,800000.0,800000.0,0,0,0,0,0
3.0,1.0,1.0,,You are logged in as a DISTRIBUTOR,,36,2026-02-01 09:14:35.362396,ELEC-day2,0.0,0.0,0.0,,,0,0,0,0,0
2.0,1.0,1.0,,FINES,"The fine for open positions of ELEC-dayX at the end of the day is $20,000/contract.",36,2026-02-01 09:14:35.362396,ELEC-day3,0.0,0.0,0.0,,,0,0,0,0,0
1.0,1.0,1.0,,Welcome to the RITC2026 GBE Energy Electricity Trading Case - practice server,,36,2026-02-01 09:14:35.362396,ELEC-day4,0.0,0.0,0.0,,,0,0,0,0,0
,,,,,,36,2026-02-01 09:14:35.362396,ELEC-day5,0.0,0.0,0.0,,,0,0,0,0,0
,,,,,,36,2026-02-01 09:14:35.362396,ELEC-day6,0.0,0.0,0.0,,,0,0,0,0,0
,,,,,,36,2026-02-01 09:14:35.362396,ELEC-F,0.0,0.0,0.0,,,0,0,0,0,0
4.0,1.0,1.0,,TEMPERATURE Forecast for DAY 2,The average temperature tomorrow is forecasted to be between 27 and 34 degrees Celsius.,37,2026-02-01 09:14:36.386293,NG,2.17,2.15,2.19,800000.0,800000.0,0,0,0,0,0
3.0,1.0,1.0,,You are logged in as a DISTRIBUTOR,,37,2026-02-01 09:14:36.386293,ELEC-day2,0.0,0.0,0.0,,,0,0,0,0,0
2.0,1.0,1.0,,FINES,"The fine for open positions of ELEC-dayX at the end of the day is $20,000/contract.",37,2026-02-01 09:14:36.386293,ELEC-day3,0.0,0.0,0.0,,,0,0,0,0,0
1.0,1.0,1.0,,Welcome to the RITC2026 GBE Energy Electricity Trading Case - practice server,,37,2026-02-01 09:14:36.386293,ELEC-day4,0.0,0.0,0.0,,,0,0,0,0,0
,,,,,,37,2026-02-01 09:14:36.386293,ELEC-day5,0.0,0.0,0.0,,,0,0,0,0,0
,,,,,,37,2026-02-01 09:14:36.386293,ELEC-day6,0.0,0.0,0.0,,,0,0,0,0,0
,,,,,,37,2026-02-01 09:14:36.386293,ELEC-F,0.0,0.0,0.0,,,0,0,0,0,0
4.0,1.0,1.0,,TEMPERATURE Forecast for DAY 2,The average temperature tomorrow is forecasted to be between 27 and 34 degrees Celsius.,38,2026-02-01 09:14:37.423236,NG,2.18,2.16,2.2,800000.0,800000.0,0,0,0,0,0
3.0,1.0,1.0,,You are logged in as a DISTRIBUTOR,,38,2026-02-01 09:14:37.423236,ELEC-day2,0.0,0.0,0.0,,,0,0,0,0,0
2.0,1.0,1.0,,FINES,"The fine for open positions of ELEC-dayX at the end of the day is $20,000/contract.",38,2026-02-01 09:14:37.423236,ELEC-day3,0.0,0.0,0.0,,,0,0,0,0,0
1.0,1.0,1.0,,Welcome to the RITC2026 GBE Energy Electricity Trading Case - practice server,,38,2026-02-01 09:14:37.423236,ELEC-day4,0.0,0.0,0.0,,,0,0,0,0,0
,,,,,,38,2026-02-01 09:14:37.423236,ELEC-day5,0.0,0.0,0.0,,,0,0,0,0,0
,,,,,,38,2026-02-01 09:14:37.423236,ELEC-day6,0.0,0.0,0.0,,,0,0,0,0,0
,,,,,,38,2026-02-01 09:14:37.423236,ELEC-F,0.0,0.0,0.0,,,0,0,0,0,0
4.0,1.0,1.0,,TEMPERATURE Forecast for DAY 2,The average temperature tomorrow is forecasted to be between 27 and 34 degrees Celsius.,39,2026-02-01 09:14:38.451217,NG,2.17,2.15,2.19,800000.0,800000.0,0,0,0,0,0
3.0,1.0,1.0,,You are logged in as a DISTRIBUTOR,,39,2026-02-01 09:14:38.451217,ELEC-day2,0.0,0.0,0.0,,,0,0,0,0,0
2.0,1.0,1.0,,FINES,"The fine for open positions of ELEC-dayX at the end of the day is $20,000/contract.",39,2026-02-01 09:14:38.451217,ELEC-day3,0.0,0.0,0.0,,,0,0,0,0,0
1.0,1.0,1.0,,Welcome to the RITC2026 GBE Energy Electricity Trading Case - practice server,,39,2026-02-01 09:14:38.451217,ELEC-day4,0.0,0.0,0.0,,,0,0,0,0,0
,,,,,,39,2026-02-01 09:14:38.451217,ELEC-day5,0.0,0.0,0.0,,,0,0,0,0,0
,,,,,,39,2026-02-01 09:14:38.451217,ELEC-day6,0.0,0.0,0.0,,,0,0,0,0,0
,,,,,,39,2026-02-01 09:14:38.451217,ELEC-F,0.0,0.0,0.0,,,0,0,0,0,0
4.0,1.0,1.0,,TEMPERATURE Forecast for DAY 2,The average temperature tomorrow is forecasted to be between 27 and 34 degrees Celsius.,40,2026-02-01 09:14:39.485086,NG,2.17,2.15,2.19,800000.0,800000.0,0,0,0,0,0
3.0,1.0,1.0,,You are logged in as a DISTRIBUTOR,,40,2026-02-01 09:14:39.485086,ELEC-day2,0.0,0.0,0.0,,,0,0,0,0,0
2.0,1.0,1.0,,FINES,"The fine for open positions of ELEC-dayX at the end of the day is $20,000/contract.",40,2026-02-01 09:14:39.485086,ELEC-day3,0.0,0.0,0.0,,,0,0,0,0,0
1.0,1.0,1.0,,Welcome to the RITC2026 GBE Energy Electricity Trading Case - practice server,,40,2026-02-01 09:14:39.485086,ELEC-day4,0.0,0.0,0.0,,,0,0,0,0,0
,,,,,,40,2026-02-01 09:14:39.485086,ELEC-day5,0.0,0.0,0.0,,,0,0,0,0,0
,,,,,,40,2026-02-01 09:14:39.485086,ELEC-day6,0.0,0.0,0.0,,,0,0,0,0,0
,,,,,,40,2026-02-01 09:14:39.485086,ELEC-F,0.0,0.0,0.0,,,0,0,0,0,0
4.0,1.0,1.0,,TEMPERATURE Forecast for DAY 2,The average temperature tomorrow is forecasted to be between 27 and 34 degrees Celsius.,41,2026-02-01 09:14:40.509013,NG,2.16,2.14,2.18,800000.0,800000.0,0,0,0,0,0
3.0,1.0,1.0,,You are logged in as a DISTRIBUTOR,,41,2026-02-01 09:14:40.509013,ELEC-day2,0.0,0.0,0.0,,,0,0,0,0,0
2.0,1.0,1.0,,FINES,"The fine for open positions of ELEC-dayX at the end of the day is $20,000/contract.",41,2026-02-01 09:14:40.509013,ELEC-day3,0.0,0.0,0.0,,,0,0,0,0,0
1.0,1.0,1.0,,Welcome to the RITC2026 GBE Energy Electricity Trading Case - practice server,,41,2026-02-01 09:14:40.509013,ELEC-day4,0.0,0.0,0.0,,,0,0,0,0,0
,,,,,,41,2026-02-01 09:14:40.509013,ELEC-day5,0.0,0.0,0.0,,,0,0,0,0,0
,,,,,,41,2026-02-01 09:14:40.509013,ELEC-day6,0.0,0.0,0.0,,,0,0,0,0,0
,,,,,,41,2026-02-01 09:14:40.509013,ELEC-F,0.0,0.0,0.0,,,0,0,0,0,0
4.0,1.0,1.0,,TEMPERATURE Forecast for DAY 2,The average temperature tomorrow is forecasted to be between 27 and 34 degrees Celsius.,42,2026-02-01 09:14:41.543208,NG,2.15,2.13,2.17,800000.0,800000.0,0,0,0,0,0
3.0,1.0,1.0,,You are logged in as a DISTRIBUTOR,,42,2026-02-01 09:14:41.543208,ELEC-day2,0.0,0.0,0.0,,,0,0,0,0,0
2.0,1.0,1.0,,FINES,"The fine for open positions of ELEC-dayX at the end of the day is $20,000/contract.",42,2026-02-01 09:14:41.543208,ELEC-day3,0.0,0.0,0.0,,,0,0,0,0,0
1.0,1.0,1.0,,Welcome to the RITC2026 GBE Energy Electricity Trading Case - practice server,,42,2026-02-01 09:14:41.543208,ELEC-day4,0.0,0.0,0.0,,,0,0,0,0,0
,,,,,,42,2026-02-01 09:14:41.543208,ELEC-day5,0.0,0.0,0.0,,,0,0,0,0,0
,,,,,,42,2026-02-01 09:14:41.543208,ELEC-day6,0.0,0.0,0.0,,,0,0,0,0,0
,,,,,,42,2026-02-01 09:14:41.543208,ELEC-F,0.0,0.0,0.0,,,0,0,0,0,0
4.0,1.0,1.0,,TEMPERATURE Forecast for DAY 2,The average temperature tomorrow is forecasted to be between 27 and 34 degrees Celsius.,43,2026-02-01 09:14:42.578045,NG,2.14,2.12,2.16,800000.0,800000.0,0,0,0,0,0
3.0,1.0,1.0,,You are logged in as a DISTRIBUTOR,,43,2026-02-01 09:14:42.578045,ELEC-day2,0.0,0.0,0.0,,,0,0,0,0,0
2.0,1.0,1.0,,FINES,"The fine for open positions of ELEC-dayX at the end of the day is $20,000/contract.",43,2026-02-01 09:14:42.578045,ELEC-day3,0.0,0.0,0.0,,,0,0,0,0,0
1.0,1.0,1.0,,Welcome to the RITC2026 GBE Energy Electricity Trading Case - practice server,,43,2026-02-01 09:14:42.578045,ELEC-day4,0.0,0.0,0.0,,,0,0,0,0,0
,,,,,,43,2026-02-01 09:14:42.578045,ELEC-day5,0.0,0.0,0.0,,,0,0,0,0,0
,,,,,,43,2026-02-01 09:14:42.578045,ELEC-day6,0.0,0.0,0.0,,,0,0,0,0,0
,,,,,,43,2026-02-01 09:14:42.578045,ELEC-F,0.0,0.0,0.0,,,0,0,0,0,0
4.0,1.0,1.0,,TEMPERATURE Forecast for DAY 2,The average temperature tomorrow is forecasted to be between 27 and 34 degrees Celsius.,44,2026-02-01 09:14:43.607733,NG,2.14,2.12,2.16,800000.0,800000.0,0,0,0,0,0
3.0,1.0,1.0,,You are logged in as a DISTRIBUTOR,,44,2026-02-01 09:14:43.607733,ELEC-day2,0.0,0.0,0.0,,,0,0,0,0,0
2.0,1.0,1.0,,FINES,"The fine for open positions of ELEC-dayX at the end of the day is $20,000/contract.",44,2026-02-01 09:14:43.607733,ELEC-day3,0.0,0.0,0.0,,,0,0,0,0,0
1.0,1.0,1.0,,Welcome to the RITC2026 GBE Energy Electricity Trading Case - practice server,,44,2026-02-01 09:14:43.607733,ELEC-day4,0.0,0.0,0.0,,,0,0,0,0,0
,,,,,,44,2026-02-01 09:14:43.607733,ELEC-day5,0.0,0.0,0.0,,,0,0,0,0,0
,,,,,,44,2026-02-01 09:14:43.607733,ELEC-day6,0.0,0.0,0.0,,,0,0,0,0,0
,,,,,,44,2026-02-01 09:14:43.607733,ELEC-F,0.0,0.0,0.0,,,0,0,0,0,0
4.0,1.0,1.0,,TEMPERATURE Forecast for DAY 2,The average temperature tomorrow is forecasted to be between 27 and 34 degrees Celsius.,45,2026-02-01 09:14:44.648186,NG,2.14,2.12,2.16,800000.0,800000.0,0,0,0,0,0
3.0,1.0,1.0,,You are logged in as a DISTRIBUTOR,,45,2026-02-01 09:14:44.648186,ELEC-day2,0.0,0.0,0.0,,,0,0,0,0,0
2.0,1.0,1.0,,FINES,"The fine for open positions of ELEC-dayX at the end of the day is $20,000/contract.",45,2026-02-01 09:14:44.648186,ELEC-day3,0.0,0.0,0.0,,,0,0,0,0,0
1.0,1.0,1.0,,Welcome to the RITC2026 GBE Energy Electricity Trading Case - practice server,,45,2026-02-01 09:14:44.648186,ELEC-day4,0.0,0.0,0.0,,,0,0,0,0,0
,,,,,,45,2026-02-01 09:14:44.648186,ELEC-day5,0.0,0.0,0.0,,,0,0,0,0,0
,,,,,,45,2026-02-01 09:14:44.648186,ELEC-day6,0.0,0.0,0.0,,,0,0,0,0,0
,,,,,,45,2026-02-01 09:14:44.648186,ELEC-F,0.0,0.0,0.0,,,0,0,0,0,0
4.0,1.0,1.0,,TEMPERATURE Forecast for DAY 2,The average temperature tomorrow is forecasted to be between 27 and 34 degrees Celsius.,46,2026-02-01 09:14:45.680548,NG,2.13,2.11,2.15,800000.0,800000.0,0,0,0,0,0
3.0,1.0,1.0,,You are logged in as a DISTRIBUTOR,,46,2026-02-01 09:14:45.680548,ELEC-day2,0.0,0.0,0.0,,,0,0,0,0,0
2.0,1.0,1.0,,FINES,"The fine for open positions of ELEC-dayX at the end of the day is $20,000/contract.",46,2026-02-01 09:14:45.680548,ELEC-day3,0.0,0.0,0.0,,,0,0,0,0,0
1.0,1.0,1.0,,Welcome to the RITC2026 GBE Energy Electricity Trading Case - practice server,,46,2026-02-01 09:14:45.680548,ELEC-day4,0.0,0.0,0.0,,,0,0,0,0,0
,,,,,,46,2026-02-01 09:14:45.680548,ELEC-day5,0.0,0.0,0.0,,,0,0,0,0,0
,,,,,,46,2026-02-01 09:14:45.680548,ELEC-day6,0.0,0.0,0.0,,,0,0,0,0,0
,,,,,,46,2026-02-01 09:14:45.680548,ELEC-F,0.0,0.0,0.0,,,0,0,0,0,0
4.0,1.0,1.0,,TEMPERATURE Forecast for DAY 2,The average temperature tomorrow is forecasted to be between 27 and 34 degrees Celsius.,47,2026-02-01 09:14:46.714068,NG,2.13,2.11,2.15,800000.0,800000.0,0,0,0,0,0
3.0,1.0,1.0,,You are logged in as a DISTRIBUTOR,,47,2026-02-01 09:14:46.714068,ELEC-day2,0.0,0.0,0.0,,,0,0,0,0,0
2.0,1.0,1.0,,FINES,"The fine for open positions of ELEC-dayX at the end of the day is $20,000/contract.",47,2026-02-01 09:14:46.714068,ELEC-day3,0.0,0.0,0.0,,,0,0,0,0,0
1.0,1.0,1.0,,Welcome to the RITC2026 GBE Energy Electricity Trading Case - practice server,,47,2026-02-01 09:14:46.714068,ELEC-day4,0.0,0.0,0.0,,,0,0,0,0,0
,,,,,,47,2026-02-01 09:14:46.714068,ELEC-day5,0.0,0.0,0.0,,,0,0,0,0,0
,,,,,,47,2026-02-01 09:14:46.714068,ELEC-day6,0.0,0.0,0.0,,,0,0,0,0,0
,,,,,,47,2026-02-01 09:14:46.714068,ELEC-F,0.0,0.0,0.0,,,0,0,0,0,0
4.0,1.0,1.0,,TEMPERATURE Forecast for DAY 2,The average temperature tomorrow is forecasted to be between 27 and 34 degrees Celsius.,48,2026-02-01 09:14:47.746505,NG,2.12,2.1,2.14,800000.0,800000.0,0,0,0,0,0
3.0,1.0,1.0,,You are logged in as a DISTRIBUTOR,,48,2026-02-01 09:14:47.746505,ELEC-day2,0.0,0.0,0.0,,,0,0,0,0,0
2.0,1.0,1.0,,FINES,"The fine for open positions of ELEC-dayX at the end of the day is $20,000/contract.",48,2026-02-01 09:14:47.746505,ELEC-day3,0.0,0.0,0.0,,,0,0,0,0,0
1.0,1.0,1.0,,Welcome to the RITC2026 GBE Energy Electricity Trading Case - practice server,,48,2026-02-01 09:14:47.746505,ELEC-day4,0.0,0.0,0.0,,,0,0,0,0,0
,,,,,,48,2026-02-01 09:14:47.746505,ELEC-day5,0.0,0.0,0.0,,,0,0,0,0,0
,,,,,,48,2026-02-01 09:14:47.746505,ELEC-day6,0.0,0.0,0.0,,,0,0,0,0,0
,,,,,,48,2026-02-01 09:14:47.746505,ELEC-F,0.0,0.0,0.0,,,0,0,0,0,0
4.0,1.0,1.0,,TEMPERATURE Forecast for DAY 2,The average temperature tomorrow is forecasted to be between 27 and 34 degrees Celsius.,49,2026-02-01 09:14:48.773071,NG,2.13,2.11,2.15,800000.0,800000.0,0,0,0,0,0
3.0,1.0,1.0,,You are logged in as a DISTRIBUTOR,,49,2026-02-01 09:14:48.773071,ELEC-day2,0.0,0.0,0.0,,,0,0,0,0,0
2.0,1.0,1.0,,FINES,"The fine for open positions of ELEC-dayX at the end of the day is $20,000/contract.",49,2026-02-01 09:14:48.773071,ELEC-day3,0.0,0.0,0.0,,,0,0,0,0,0
1.0,1.0,1.0,,Welcome to the RITC2026 GBE Energy Electricity Trading Case - practice server,,49,2026-02-01 09:14:48.773071,ELEC-day4,0.0,0.0,0.0,,,0,0,0,0,0
,,,,,,49,2026-02-01 09:14:48.773071,ELEC-day5,0.0,0.0,0.0,,,0,0,0,0,0
,,,,,,49,2026-02-01 09:14:48.773071,ELEC-day6,0.0,0.0,0.0,,,0,0,0,0,0
,,,,,,49,2026-02-01 09:14:48.773071,ELEC-F,0.0,0.0,0.0,,,0,0,0,0,0
4.0,1.0,1.0,,TEMPERATURE Forecast for DAY 2,The average temperature tomorrow is forecasted to be between 27 and 34 degrees Celsius.,50,2026-02-01 09:14:49.799432,NG,2.13,2.11,2.15,800000.0,800000.0,0,0,0,0,0
3.0,1.0,1.0,,You are logged in as a DISTRIBUTOR,,50,2026-02-01 09:14:49.799432,ELEC-day2,0.0,0.0,0.0,,,0,0,0,0,0
2.0,1.0,1.0,,FINES,"The fine for open positions of ELEC-dayX at the end of the day is $20,000/contract.",50,2026-02-01 09:14:49.799432,ELEC-day3,0.0,0.0,0.0,,,0,0,0,0,0
1.0,1.0,1.0,,Welcome to the RITC2026 GBE Energy Electricity Trading Case - practice server,,50,2026-02-01 09:14:49.799432,ELEC-day4,0.0,0.0,0.0,,,0,0,0,0,0
,,,,,,50,2026-02-01 09:14:49.799432,ELEC-day5,0.0,0.0,0.0,,,0,0,0,0,0
,,,,,,50,2026-02-01 09:14:49.799432,ELEC-day6,0.0,0.0,0.0,,,0,0,0,0,0
,,,,,,50,2026-02-01 09:14:49.799432,ELEC-F,0.0,0.0,0.0,,,0,0,0,0,0
4.0,1.0,1.0,,TEMPERATURE Forecast for DAY 2,The average temperature tomorrow is forecasted to be between 27 and 34 degrees Celsius.,51,2026-02-01 09:14:50.838100,NG,2.14,2.12,2.16,800000.0,800000.0,0,0,0,0,0
3.0,1.0,1.0,,You are logged in as a DISTRIBUTOR,,51,2026-02-01 09:14:50.838100,ELEC-day2,0.0,0.0,0.0,,,0,0,0,0,0
2.0,1.0,1.0,,FINES,"The fine for open positions of ELEC-dayX at the end of the day is $20,000/contract.",51,2026-02-01 09:14:50.838100,ELEC-day3,0.0,0.0,0.0,,,0,0,0,0,0
1.0,1.0,1.0,,Welcome to the RITC2026 GBE Energy Electricity Trading Case - practice server,,51,2026-02-01 09:14:50.838100,ELEC-day4,0.0,0.0,0.0,,,0,0,0,0,0
,,,,,,51,2026-02-01 09:14:50.838100,ELEC-day5,0.0,0.0,0.0,,,0,0,0,0,0
,,,,,,51,2026-02-01 09:14:50.838100,ELEC-day6,0.0,0.0,0.0,,,0,0,0,0,0
,,,,,,51,2026-02-01 09:14:50.838100,ELEC-F,0.0,0.0,0.0,,,0,0,0,0,0
4.0,1.0,1.0,,TEMPERATURE Forecast for DAY 2,The average temperature tomorrow is forecasted to be between 27 and 34 degrees Celsius.,52,2026-02-01 09:14:51.866309,NG,2.15,2.13,2.17,800000.0,800000.0,0,0,0,0,0
3.0,1.0,1.0,,You are logged in as a DISTRIBUTOR,,52,2026-02-01 09:14:51.866309,ELEC-day2,0.0,0.0,0.0,,,0,0,0,0,0
2.0,1.0,1.0,,FINES,"The fine for open positions of ELEC-dayX at the end of the day is $20,000/contract.",52,2026-02-01 09:14:51.866309,ELEC-day3,0.0,0.0,0.0,,,0,0,0,0,0
1.0,1.0,1.0,,Welcome to the RITC2026 GBE Energy Electricity Trading Case - practice server,,52,2026-02-01 09:14:51.866309,ELEC-day4,0.0,0.0,0.0,,,0,0,0,0,0
,,,,,,52,2026-02-01 09:14:51.866309,ELEC-day5,0.0,0.0,0.0,,,0,0,0,0,0
,,,,,,52,2026-02-01 09:14:51.866309,ELEC-day6,0.0,0.0,0.0,,,0,0,0,0,0
,,,,,,52,2026-02-01 09:14:51.866309,ELEC-F,0.0,0.0,0.0,,,0,0,0,0,0
4.0,1.0,1.0,,TEMPERATURE Forecast for DAY 2,The average temperature tomorrow is forecasted to be between 27 and 34 degrees Celsius.,53,2026-02-01 09:14:52.894750,NG,2.15,2.13,2.17,800000.0,800000.0,0,0,0,0,0
3.0,1.0,1.0,,You are logged in as a DISTRIBUTOR,,53,2026-02-01 09:14:52.894750,ELEC-day2,0.0,0.0,0.0,,,0,0,0,0,0
2.0,1.0,1.0,,FINES,"The fine for open positions of ELEC-dayX at the end of the day is $20,000/contract.",53,2026-02-01 09:14:52.894750,ELEC-day3,0.0,0.0,0.0,,,0,0,0,0,0
1.0,1.0,1.0,,Welcome to the RITC2026 GBE Energy Electricity Trading Case - practice server,,53,2026-02-01 09:14:52.894750,ELEC-day4,0.0,0.0,0.0,,,0,0,0,0,0
,,,,,,53,2026-02-01 09:14:52.894750,ELEC-day5,0.0,0.0,0.0,,,0,0,0,0,0
,,,,,,53,2026-02-01 09:14:52.894750,ELEC-day6,0.0,0.0,0.0,,,0,0,0,0,0
,,,,,,53,2026-02-01 09:14:52.894750,ELEC-F,0.0,0.0,0.0,,,0,0,0,0,0
4.0,1.0,1.0,,TEMPERATURE Forecast for DAY 2,The average temperature tomorrow is forecasted to be between 27 and 34 degrees Celsius.,54,2026-02-01 09:14:53.938749,NG,2.15,2.13,2.17,800000.0,800000.0,0,0,0,0,0
3.0,1.0,1.0,,You are logged in as a DISTRIBUTOR,,54,2026-02-01 09:14:53.938749,ELEC-day2,0.0,0.0,0.0,,,0,0,0,0,0
2.0,1.0,1.0,,FINES,"The fine for open positions of ELEC-dayX at the end of the day is $20,000/contract.",54,2026-02-01 09:14:53.938749,ELEC-day3,0.0,0.0,0.0,,,0,0,0,0,0
1.0,1.0,1.0,,Welcome to the RITC2026 GBE Energy Electricity Trading Case - practice server,,54,2026-02-01 09:14:53.938749,ELEC-day4,0.0,0.0,0.0,,,0,0,0,0,0
,,,,,,54,2026-02-01 09:14:53.938749,ELEC-day5,0.0,0.0,0.0,,,0,0,0,0,0
,,,,,,54,2026-02-01 09:14:53.938749,ELEC-day6,0.0,0.0,0.0,,,0,0,0,0,0
,,,,,,54,2026-02-01 09:14:53.938749,ELEC-F,0.0,0.0,0.0,,,0,0,0,0,0
4.0,1.0,1.0,,TEMPERATURE Forecast for DAY 2,The average temperature tomorrow is forecasted to be between 27 and 34 degrees Celsius.,55,2026-02-01 09:14:54.972965,NG,2.16,2.14,2.18,800000.0,800000.0,0,0,0,0,0
3.0,1.0,1.0,,You are logged in as a DISTRIBUTOR,,55,2026-02-01 09:14:54.972965,ELEC-day2,0.0,0.0,0.0,,,0,0,0,0,0
2.0,1.0,1.0,,FINES,"The fine for open positions of ELEC-dayX at the end of the day is $20,000/contract.",55,2026-02-01 09:14:54.972965,ELEC-day3,0.0,0.0,0.0,,,0,0,0,0,0
1.0,1.0,1.0,,Welcome to the RITC2026 GBE Energy Electricity Trading Case - practice server,,55,2026-02-01 09:14:54.972965,ELEC-day4,0.0,0.0,0.0,,,0,0,0,0,0
,,,,,,55,2026-02-01 09:14:54.972965,ELEC-day5,0.0,0.0,0.0,,,0,0,0,0,0
,,,,,,55,2026-02-01 09:14:54.972965,ELEC-day6,0.0,0.0,0.0,,,0,0,0,0,0
,,,,,,55,2026-02-01 09:14:54.972965,ELEC-F,0.0,0.0,0.0,,,0,0,0,0,0
4.0,1.0,1.0,,TEMPERATURE Forecast for DAY 2,The average temperature tomorrow is forecasted to be between 27 and 34 degrees Celsius.,56,2026-02-01 09:14:55.993155,NG,2.17,2.15,2.19,800000.0,800000.0,0,0,0,0,0
3.0,1.0,1.0,,You are logged in as a DISTRIBUTOR,,56,2026-02-01 09:14:55.993155,ELEC-day2,0.0,0.0,0.0,,,0,0,0,0,0
2.0,1.0,1.0,,FINES,"The fine for open positions of ELEC-dayX at the end of the day is $20,000/contract.",56,2026-02-01 09:14:55.993155,ELEC-day3,0.0,0.0,0.0,,,0,0,0,0,0
1.0,1.0,1.0,,Welcome to the RITC2026 GBE Energy Electricity Trading Case - practice server,,56,2026-02-01 09:14:55.993155,ELEC-day4,0.0,0.0,0.0,,,0,0,0,0,0
,,,,,,56,2026-02-01 09:14:55.993155,ELEC-day5,0.0,0.0,0.0,,,0,0,0,0,0
,,,,,,56,2026-02-01 09:14:55.993155,ELEC-day6,0.0,0.0,0.0,,,0,0,0,0,0
,,,,,,56,2026-02-01 09:14:55.993155,ELEC-F,0.0,0.0,0.0,,,0,0,0,0,0
4.0,1.0,1.0,,TEMPERATURE Forecast for DAY 2,The average temperature tomorrow is forecasted to be between 27 and 34 degrees Celsius.,58,2026-02-01 09:14:57.063088,NG,2.18,2.16,2.2,800000.0,800000.0,0,0,0,0,0
3.0,1.0,1.0,,You are logged in as a DISTRIBUTOR,,58,2026-02-01 09:14:57.063088,ELEC-day2,0.0,0.0,0.0,,,0,0,0,0,0
2.0,1.0,1.0,,FINES,"The fine for open positions of ELEC-dayX at the end of the day is $20,000/contract.",58,2026-02-01 09:14:57.063088,ELEC-day3,0.0,0.0,0.0,,,0,0,0,0,0
1.0,1.0,1.0,,Welcome to the RITC2026 GBE Energy Electricity Trading Case - practice server,,58,2026-02-01 09:14:57.063088,ELEC-day4,0.0,0.0,0.0,,,0,0,0,0,0
,,,,,,58,2026-02-01 09:14:57.063088,ELEC-day5,0.0,0.0,0.0,,,0,0,0,0,0
,,,,,,58,2026-02-01 09:14:57.063088,ELEC-day6,0.0,0.0,0.0,,,0,0,0,0,0
,,,,,,58,2026-02-01 09:14:57.063088,ELEC-F,0.0,0.0,0.0,,,0,0,0,0,0
4.0,1.0,1.0,,TEMPERATURE Forecast for DAY 2,The average temperature tomorrow is forecasted to be between 27 and 34 degrees Celsius.,59,2026-02-01 09:14:58.177570,NG,2.18,2.16,2.2,800000.0,800000.0,0,0,0,0,0
3.0,1.0,1.0,,You are logged in as a DISTRIBUTOR,,59,2026-02-01 09:14:58.177570,ELEC-day2,0.0,0.0,0.0,,,0,0,0,0,0
2.0,1.0,1.0,,FINES,"The fine for open positions of ELEC-dayX at the end of the day is $20,000/contract.",59,2026-02-01 09:14:58.177570,ELEC-day3,0.0,0.0,0.0,,,0,0,0,0,0
1.0,1.0,1.0,,Welcome to the RITC2026 GBE Energy Electricity Trading Case - practice server,,59,2026-02-01 09:14:58.177570,ELEC-day4,0.0,0.0,0.0,,,0,0,0,0,0
,,,,,,59,2026-02-01 09:14:58.177570,ELEC-day5,0.0,0.0,0.0,,,0,0,0,0,0
,,,,,,59,2026-02-01 09:14:58.177570,ELEC-day6,0.0,0.0,0.0,,,0,0,0,0,0
,,,,,,59,2026-02-01 09:14:58.177570,ELEC-F,0.0,0.0,0.0,,,0,0,0,0,0
4.0,1.0,1.0,,TEMPERATURE Forecast for DAY 2,The average temperature tomorrow is forecasted to be between 27 and 34 degrees Celsius.,60,2026-02-01 09:14:59.242898,NG,2.18,2.16,2.2,800000.0,800000.0,0,0,0,0,0
3.0,1.0,1.0,,You are logged in as a DISTRIBUTOR,,60,2026-02-01 09:14:59.242898,ELEC-day2,0.0,0.0,0.0,,,0,0,0,0,0
2.0,1.0,1.0,,FINES,"The fine for open positions of ELEC-dayX at the end of the day is $20,000/contract.",60,2026-02-01 09:14:59.242898,ELEC-day3,0.0,0.0,0.0,,,0,0,0,0,0
1.0,1.0,1.0,,Welcome to the RITC2026 GBE Energy Electricity Trading Case - practice server,,60,2026-02-01 09:14:59.242898,ELEC-day4,0.0,0.0,0.0,,,0,0,0,0,0
,,,,,,60,2026-02-01 09:14:59.242898,ELEC-day5,0.0,0.0,0.0,,,0,0,0,0,0
,,,,,,60,2026-02-01 09:14:59.242898,ELEC-day6,0.0,0.0,0.0,,,0,0,0,0,0
,,,,,,60,2026-02-01 09:14:59.242898,ELEC-F,0.0,0.0,0.0,,,0,0,0,0,0
4.0,1.0,1.0,,TEMPERATURE Forecast for DAY 2,The average temperature tomorrow is forecasted to be between 27 and 34 degrees Celsius.,61,2026-02-01 09:15:00.271696,NG,2.17,2.15,2.19,800000.0,800000.0,0,0,0,0,0
3.0,1.0,1.0,,You are logged in as a DISTRIBUTOR,,61,2026-02-01 09:15:00.271696,ELEC-day2,0.0,0.0,0.0,,,0,0,0,0,0
2.0,1.0,1.0,,FINES,"The fine for open positions of ELEC-dayX at the end of the day is $20,000/contract.",61,2026-02-01 09:15:00.271696,ELEC-day3,0.0,0.0,0.0,,,0,0,0,0,0
1.0,1.0,1.0,,Welcome to the RITC2026 GBE Energy Electricity Trading Case - practice server,,61,2026-02-01 09:15:00.271696,ELEC-day4,0.0,0.0,0.0,,,0,0,0,0,0
,,,,,,61,2026-02-01 09:15:00.271696,ELEC-day5,0.0,0.0,0.0,,,0,0,0,0,0
,,,,,,61,2026-02-01 09:15:00.271696,ELEC-day6,0.0,0.0,0.0,,,0,0,0,0,0
,,,,,,61,2026-02-01 09:15:00.271696,ELEC-F,0.0,0.0,0.0,,,0,0,0,0,0
4.0,1.0,1.0,,TEMPERATURE Forecast for DAY 2,The average temperature tomorrow is forecasted to be between 27 and 34 degrees Celsius.,62,2026-02-01 09:15:01.296280,NG,2.17,2.15,2.19,800000.0,800000.0,0,0,0,0,0
3.0,1.0,1.0,,You are logged in as a DISTRIBUTOR,,62,2026-02-01 09:15:01.296280,ELEC-day2,0.0,0.0,0.0,,,0,0,0,0,0
2.0,1.0,1.0,,FINES,"The fine for open positions of ELEC-dayX at the end of the day is $20,000/contract.",62,2026-02-01 09:15:01.296280,ELEC-day3,0.0,0.0,0.0,,,0,0,0,0,0
1.0,1.0,1.0,,Welcome to the RITC2026 GBE Energy Electricity Trading Case - practice server,,62,2026-02-01 09:15:01.296280,ELEC-day4,0.0,0.0,0.0,,,0,0,0,0,0
,,,,,,62,2026-02-01 09:15:01.296280,ELEC-day5,0.0,0.0,0.0,,,0,0,0,0,0
,,,,,,62,2026-02-01 09:15:01.296280,ELEC-day6,0.0,0.0,0.0,,,0,0,0,0,0
,,,,,,62,2026-02-01 09:15:01.296280,ELEC-F,0.0,0.0,0.0,,,0,0,0,0,0
4.0,1.0,1.0,,TEMPERATURE Forecast for DAY 2,The average temperature tomorrow is forecasted to be between 27 and 34 degrees Celsius.,63,2026-02-01 09:15:02.334111,NG,2.17,2.15,2.19,800000.0,800000.0,0,0,0,0,0
3.0,1.0,1.0,,You are logged in as a DISTRIBUTOR,,63,2026-02-01 09:15:02.334111,ELEC-day2,0.0,0.0,0.0,,,0,0,0,0,0
2.0,1.0,1.0,,FINES,"The fine for open positions of ELEC-dayX at the end of the day is $20,000/contract.",63,2026-02-01 09:15:02.334111,ELEC-day3,0.0,0.0,0.0,,,0,0,0,0,0
1.0,1.0,1.0,,Welcome to the RITC2026 GBE Energy Electricity Trading Case - practice server,,63,2026-02-01 09:15:02.334111,ELEC-day4,0.0,0.0,0.0,,,0,0,0,0,0
,,,,,,63,2026-02-01 09:15:02.334111,ELEC-day5,0.0,0.0,0.0,,,0,0,0,0,0
,,,,,,63,2026-02-01 09:15:02.334111,ELEC-day6,0.0,0.0,0.0,,,0,0,0,0,0
,,,,,,63,2026-02-01 09:15:02.334111,ELEC-F,0.0,0.0,0.0,,,0,0,0,0,0
4.0,1.0,1.0,,TEMPERATURE Forecast for DAY 2,The average temperature tomorrow is forecasted to be between 27 and 34 degrees Celsius.,64,2026-02-01 09:15:03.367779,NG,2.17,2.15,2.19,800000.0,800000.0,0,0,0,0,0
3.0,1.0,1.0,,You are logged in as a DISTRIBUTOR,,64,2026-02-01 09:15:03.367779,ELEC-day2,0.0,0.0,0.0,,,0,0,0,0,0
2.0,1.0,1.0,,FINES,"The fine for open positions of ELEC-dayX at the end of the day is $20,000/contract.",64,2026-02-01 09:15:03.367779,ELEC-day3,0.0,0.0,0.0,,,0,0,0,0,0
1.0,1.0,1.0,,Welcome to the RITC2026 GBE Energy Electricity Trading Case - practice server,,64,2026-02-01 09:15:03.367779,ELEC-day4,0.0,0.0,0.0,,,0,0,0,0,0
,,,,,,64,2026-02-01 09:15:03.367779,ELEC-day5,0.0,0.0,0.0,,,0,0,0,0,0
,,,,,,64,2026-02-01 09:15:03.367779,ELEC-day6,0.0,0.0,0.0,,,0,0,0,0,0
,,,,,,64,2026-02-01 09:15:03.367779,ELEC-F,0.0,0.0,0.0,,,0,0,0,0,0
4.0,1.0,1.0,,TEMPERATURE Forecast for DAY 2,The average temperature tomorrow is forecasted to be between 27 and 34 degrees Celsius.,65,2026-02-01 09:15:04.388970,NG,2.17,2.15,2.19,800000.0,800000.0,0,0,0,0,0
3.0,1.0,1.0,,You are logged in as a DISTRIBUTOR,,65,2026-02-01 09:15:04.388970,ELEC-day2,0.0,0.0,0.0,,,0,0,0,0,0
2.0,1.0,1.0,,FINES,"The fine for open positions of ELEC-dayX at the end of the day is $20,000/contract.",65,2026-02-01 09:15:04.388970,ELEC-day3,0.0,0.0,0.0,,,0,0,0,0,0
1.0,1.0,1.0,,Welcome to the RITC2026 GBE Energy Electricity Trading Case - practice server,,65,2026-02-01 09:15:04.388970,ELEC-day4,0.0,0.0,0.0,,,0,0,0,0,0
,,,,,,65,2026-02-01 09:15:04.388970,ELEC-day5,0.0,0.0,0.0,,,0,0,0,0,0
,,,,,,65,2026-02-01 09:15:04.388970,ELEC-day6,0.0,0.0,0.0,,,0,0,0,0,0
,,,,,,65,2026-02-01 09:15:04.388970,ELEC-F,0.0,0.0,0.0,,,0,0,0,0,0
4.0,1.0,1.0,,TEMPERATURE Forecast for DAY 2,The average temperature tomorrow is forecasted to be between 27 and 34 degrees Celsius.,66,2026-02-01 09:15:05.415312,NG,2.17,2.15,2.19,800000.0,800000.0,0,0,0,0,0
3.0,1.0,1.0,,You are logged in as a DISTRIBUTOR,,66,2026-02-01 09:15:05.415312,ELEC-day2,0.0,0.0,0.0,,,0,0,0,0,0
2.0,1.0,1.0,,FINES,"The fine for open positions of ELEC-dayX at the end of the day is $20,000/contract.",66,2026-02-01 09:15:05.415312,ELEC-day3,0.0,0.0,0.0,,,0,0,0,0,0
1.0,1.0,1.0,,Welcome to the RITC2026 GBE Energy Electricity Trading Case - practice server,,66,2026-02-01 09:15:05.415312,ELEC-day4,0.0,0.0,0.0,,,0,0,0,0,0
,,,,,,66,2026-02-01 09:15:05.415312,ELEC-day5,0.0,0.0,0.0,,,0,0,0,0,0
,,,,,,66,2026-02-01 09:15:05.415312,ELEC-day6,0.0,0.0,0.0,,,0,0,0,0,0
,,,,,,66,2026-02-01 09:15:05.415312,ELEC-F,0.0,0.0,0.0,,,0,0,0,0,0
4.0,1.0,1.0,,TEMPERATURE Forecast for DAY 2,The average temperature tomorrow is forecasted to be between 27 and 34 degrees Celsius.,67,2026-02-01 09:15:06.454584,NG,2.17,2.15,2.19,800000.0,800000.0,0,0,0,0,0
3.0,1.0,1.0,,You are logged in as a DISTRIBUTOR,,67,2026-02-01 09:15:06.454584,ELEC-day2,0.0,0.0,0.0,,,0,0,0,0,0
2.0,1.0,1.0,,FINES,"The fine for open positions of ELEC-dayX at the end of the day is $20,000/contract.",67,2026-02-01 09:15:06.454584,ELEC-day3,0.0,0.0,0.0,,,0,0,0,0,0
1.0,1.0,1.0,,Welcome to the RITC2026 GBE Energy Electricity Trading Case - practice server,,67,2026-02-01 09:15:06.454584,ELEC-day4,0.0,0.0,0.0,,,0,0,0,0,0
,,,,,,67,2026-02-01 09:15:06.454584,ELEC-day5,0.0,0.0,0.0,,,0,0,0,0,0
,,,,,,67,2026-02-01 09:15:06.454584,ELEC-day6,0.0,0.0,0.0,,,0,0,0,0,0
,,,,,,67,2026-02-01 09:15:06.454584,ELEC-F,0.0,0.0,0.0,,,0,0,0,0,0
4.0,1.0,1.0,,TEMPERATURE Forecast for DAY 2,The average temperature tomorrow is forecasted to be between 27 and 34 degrees Celsius.,68,2026-02-01 09:15:07.488840,NG,2.17,2.15,2.19,800000.0,800000.0,0,0,0,0,0
3.0,1.0,1.0,,You are logged in as a DISTRIBUTOR,,68,2026-02-01 09:15:07.488840,ELEC-day2,0.0,0.0,0.0,,,0,0,0,0,0
2.0,1.0,1.0,,FINES,"The fine for open positions of ELEC-dayX at the end of the day is $20,000/contract.",68,2026-02-01 09:15:07.488840,ELEC-day3,0.0,0.0,0.0,,,0,0,0,0,0
1.0,1.0,1.0,,Welcome to the RITC2026 GBE Energy Electricity Trading Case - practice server,,68,2026-02-01 09:15:07.488840,ELEC-day4,0.0,0.0,0.0,,,0,0,0,0,0
,,,,,,68,2026-02-01 09:15:07.488840,ELEC-day5,0.0,0.0,0.0,,,0,0,0,0,0
,,,,,,68,2026-02-01 09:15:07.488840,ELEC-day6,0.0,0.0,0.0,,,0,0,0,0,0
,,,,,,68,2026-02-01 09:15:07.488840,ELEC-F,0.0,0.0,0.0,,,0,0,0,0,0
4.0,1.0,1.0,,TEMPERATURE Forecast for DAY 2,The average temperature tomorrow is forecasted to be between 27 and 34 degrees Celsius.,69,2026-02-01 09:15:08.515145,NG,2.17,2.15,2.19,800000.0,800000.0,0,0,0,0,0
3.0,1.0,1.0,,You are logged in as a DISTRIBUTOR,,69,2026-02-01 09:15:08.515145,ELEC-day2,0.0,0.0,0.0,,,0,0,0,0,0
2.0,1.0,1.0,,FINES,"The fine for open positions of ELEC-dayX at the end of the day is $20,000/contract.",69,2026-02-01 09:15:08.515145,ELEC-day3,0.0,0.0,0.0,,,0,0,0,0,0
1.0,1.0,1.0,,Welcome to the RITC2026 GBE Energy Electricity Trading Case - practice server,,69,2026-02-01 09:15:08.515145,ELEC-day4,0.0,0.0,0.0,,,0,0,0,0,0
,,,,,,69,2026-02-01 09:15:08.515145,ELEC-day5,0.0,0.0,0.0,,,0,0,0,0,0
,,,,,,69,2026-02-01 09:15:08.515145,ELEC-day6,0.0,0.0,0.0,,,0,0,0,0,0
,,,,,,69,2026-02-01 09:15:08.515145,ELEC-F,0.0,0.0,0.0,,,0,0,0,0,0
4.0,1.0,1.0,,TEMPERATURE Forecast for DAY 2,The average temperature tomorrow is forecasted to be between 27 and 34 degrees Celsius.,70,2026-02-01 09:15:09.541043,NG,2.17,2.15,2.19,800000.0,800000.0,0,0,0,0,0
3.0,1.0,1.0,,You are logged in as a DISTRIBUTOR,,70,2026-02-01 09:15:09.541043,ELEC-day2,0.0,0.0,0.0,,,0,0,0,0,0
2.0,1.0,1.0,,FINES,"The fine for open positions of ELEC-dayX at the end of the day is $20,000/contract.",70,2026-02-01 09:15:09.541043,ELEC-day3,0.0,0.0,0.0,,,0,0,0,0,0
1.0,1.0,1.0,,Welcome to the RITC2026 GBE Energy Electricity Trading Case - practice server,,70,2026-02-01 09:15:09.541043,ELEC-day4,0.0,0.0,0.0,,,0,0,0,0,0
,,,,,,70,2026-02-01 09:15:09.541043,ELEC-day5,0.0,0.0,0.0,,,0,0,0,0,0
,,,,,,70,2026-02-01 09:15:09.541043,ELEC-day6,0.0,0.0,0.0,,,0,0,0,0,0
,,,,,,70,2026-02-01 09:15:09.541043,ELEC-F,0.0,0.0,0.0,,,0,0,0,0,0
4.0,1.0,1.0,,TEMPERATURE Forecast for DAY 2,The average temperature tomorrow is forecasted to be between 27 and 34 degrees Celsius.,71,2026-02-01 09:15:10.563102,NG,2.16,2.14,2.18,800000.0,800000.0,0,0,0,0,0
3.0,1.0,1.0,,You are logged in as a DISTRIBUTOR,,71,2026-02-01 09:15:10.563102,ELEC-day2,0.0,0.0,0.0,,,0,0,0,0,0
2.0,1.0,1.0,,FINES,"The fine for open positions of ELEC-dayX at the end of the day is $20,000/contract.",71,2026-02-01 09:15:10.563102,ELEC-day3,0.0,0.0,0.0,,,0,0,0,0,0
1.0,1.0,1.0,,Welcome to the RITC2026 GBE Energy Electricity Trading Case - practice server,,71,2026-02-01 09:15:10.563102,ELEC-day4,0.0,0.0,0.0,,,0,0,0,0,0
,,,,,,71,2026-02-01 09:15:10.563102,ELEC-day5,0.0,0.0,0.0,,,0,0,0,0,0
,,,,,,71,2026-02-01 09:15:10.563102,ELEC-day6,0.0,0.0,0.0,,,0,0,0,0,0
,,,,,,71,2026-02-01 09:15:10.563102,ELEC-F,0.0,0.0,0.0,,,0,0,0,0,0
4.0,1.0,1.0,,TEMPERATURE Forecast for DAY 2,The average temperature tomorrow is forecasted to be between 27 and 34 degrees Celsius.,72,2026-02-01 09:15:11.593247,NG,2.17,2.15,2.19,800000.0,800000.0,0,0,0,0,0
3.0,1.0,1.0,,You are logged in as a DISTRIBUTOR,,72,2026-02-01 09:15:11.593247,ELEC-day2,0.0,0.0,0.0,,,0,0,0,0,0
2.0,1.0,1.0,,FINES,"The fine for open positions of ELEC-dayX at the end of the day is $20,000/contract.",72,2026-02-01 09:15:11.593247,ELEC-day3,0.0,0.0,0.0,,,0,0,0,0,0
1.0,1.0,1.0,,Welcome to the RITC2026 GBE Energy Electricity Trading Case - practice server,,72,2026-02-01 09:15:11.593247,ELEC-day4,0.0,0.0,0.0,,,0,0,0,0,0
,,,,,,72,2026-02-01 09:15:11.593247,ELEC-day5,0.0,0.0,0.0,,,0,0,0,0,0
,,,,,,72,2026-02-01 09:15:11.593247,ELEC-day6,0.0,0.0,0.0,,,0,0,0,0,0
,,,,,,72,2026-02-01 09:15:11.593247,ELEC-F,0.0,0.0,0.0,,,0,0,0,0,0
4.0,1.0,1.0,,TEMPERATURE Forecast for DAY 2,The average temperature tomorrow is forecasted to be between 27 and 34 degrees Celsius.,73,2026-02-01 09:15:12.628732,NG,2.16,2.14,2.18,800000.0,800000.0,0,0,0,0,0
3.0,1.0,1.0,,You are logged in as a DISTRIBUTOR,,73,2026-02-01 09:15:12.628732,ELEC-day2,0.0,0.0,0.0,,,0,0,0,0,0
2.0,1.0,1.0,,FINES,"The fine for open positions of ELEC-dayX at the end of the day is $20,000/contract.",73,2026-02-01 09:15:12.628732,ELEC-day3,0.0,0.0,0.0,,,0,0,0,0,0
1.0,1.0,1.0,,Welcome to the RITC2026 GBE Energy Electricity Trading Case - practice server,,73,2026-02-01 09:15:12.628732,ELEC-day4,0.0,0.0,0.0,,,0,0,0,0,0
,,,,,,73,2026-02-01 09:15:12.628732,ELEC-day5,0.0,0.0,0.0,,,0,0,0,0,0
,,,,,,73,2026-02-01 09:15:12.628732,ELEC-day6,0.0,0.0,0.0,,,0,0,0,0,0
,,,,,,73,2026-02-01 09:15:12.628732,ELEC-F,0.0,0.0,0.0,,,0,0,0,0,0
4.0,1.0,1.0,,TEMPERATURE Forecast for DAY 2,The average temperature tomorrow is forecasted to be between 27 and 34 degrees Celsius.,74,2026-02-01 09:15:13.662965,NG,2.16,2.14,2.18,800000.0,800000.0,0,0,0,0,0
3.0,1.0,1.0,,You are logged in as a DISTRIBUTOR,,74,2026-02-01 09:15:13.662965,ELEC-day2,0.0,0.0,0.0,,,0,0,0,0,0
2.0,1.0,1.0,,FINES,"The fine for open positions of ELEC-dayX at the end of the day is $20,000/contract.",74,2026-02-01 09:15:13.662965,ELEC-day3,0.0,0.0,0.0,,,0,0,0,0,0
1.0,1.0,1.0,,Welcome to the RITC2026 GBE Energy Electricity Trading Case - practice server,,74,2026-02-01 09:15:13.662965,ELEC-day4,0.0,0.0,0.0,,,0,0,0,0,0
,,,,,,74,2026-02-01 09:15:13.662965,ELEC-day5,0.0,0.0,0.0,,,0,0,0,0,0
,,,,,,74,2026-02-01 09:15:13.662965,ELEC-day6,0.0,0.0,0.0,,,0,0,0,0,0
,,,,,,74,2026-02-01 09:15:13.662965,ELEC-F,0.0,0.0,0.0,,,0,0,0,0,0
4.0,1.0,1.0,,TEMPERATURE Forecast for DAY 2,The average temperature tomorrow is forecasted to be between 27 and 34 degrees Celsius.,75,2026-02-01 09:15:14.701799,NG,2.16,2.14,2.18,800000.0,800000.0,0,0,0,0,0
3.0,1.0,1.0,,You are logged in as a DISTRIBUTOR,,75,2026-02-01 09:15:14.701799,ELEC-day2,0.0,0.0,0.0,,,0,0,0,0,0
2.0,1.0,1.0,,FINES,"The fine for open positions of ELEC-dayX at the end of the day is $20,000/contract.",75,2026-02-01 09:15:14.701799,ELEC-day3,0.0,0.0,0.0,,,0,0,0,0,0
1.0,1.0,1.0,,Welcome to the RITC2026 GBE Energy Electricity Trading Case - practice server,,75,2026-02-01 09:15:14.701799,ELEC-day4,0.0,0.0,0.0,,,0,0,0,0,0
,,,,,,75,2026-02-01 09:15:14.701799,ELEC-day5,0.0,0.0,0.0,,,0,0,0,0,0
,,,,,,75,2026-02-01 09:15:14.701799,ELEC-day6,0.0,0.0,0.0,,,0,0,0,0,0
,,,,,,75,2026-02-01 09:15:14.701799,ELEC-F,0.0,0.0,0.0,,,0,0,0,0,0
4.0,1.0,1.0,,TEMPERATURE Forecast for DAY 2,The average temperature tomorrow is forecasted to be between 27 and 34 degrees Celsius.,76,2026-02-01 09:15:15.746949,NG,2.15,2.13,2.17,800000.0,800000.0,0,0,0,0,0
3.0,1.0,1.0,,You are logged in as a DISTRIBUTOR,,76,2026-02-01 09:15:15.746949,ELEC-day2,0.0,0.0,0.0,,,0,0,0,0,0
2.0,1.0,1.0,,FINES,"The fine for open positions of ELEC-dayX at the end of the day is $20,000/contract.",76,2026-02-01 09:15:15.746949,ELEC-day3,0.0,0.0,0.0,,,0,0,0,0,0
1.0,1.0,1.0,,Welcome to the RITC2026 GBE Energy Electricity Trading Case - practice server,,76,2026-02-01 09:15:15.746949,ELEC-day4,0.0,0.0,0.0,,,0,0,0,0,0
,,,,,,76,2026-02-01 09:15:15.746949,ELEC-day5,0.0,0.0,0.0,,,0,0,0,0,0
,,,,,,76,2026-02-01 09:15:15.746949,ELEC-day6,0.0,0.0,0.0,,,0,0,0,0,0
,,,,,,76,2026-02-01 09:15:15.746949,ELEC-F,0.0,0.0,0.0,,,0,0,0,0,0
4.0,1.0,1.0,,TEMPERATURE Forecast for DAY 2,The average temperature tomorrow is forecasted to be between 27 and 34 degrees Celsius.,77,2026-02-01 09:15:16.766999,NG,2.15,2.13,2.17,800000.0,800000.0,0,0,0,0,0
3.0,1.0,1.0,,You are logged in as a DISTRIBUTOR,,77,2026-02-01 09:15:16.766999,ELEC-day2,0.0,0.0,0.0,,,0,0,0,0,0
2.0,1.0,1.0,,FINES,"The fine for open positions of ELEC-dayX at the end of the day is $20,000/contract.",77,2026-02-01 09:15:16.766999,ELEC-day3,0.0,0.0,0.0,,,0,0,0,0,0
1.0,1.0,1.0,,Welcome to the RITC2026 GBE Energy Electricity Trading Case - practice server,,77,2026-02-01 09:15:16.766999,ELEC-day4,0.0,0.0,0.0,,,0,0,0,0,0
,,,,,,77,2026-02-01 09:15:16.766999,ELEC-day5,0.0,0.0,0.0,,,0,0,0,0,0
,,,,,,77,2026-02-01 09:15:16.766999,ELEC-day6,0.0,0.0,0.0,,,0,0,0,0,0
,,,,,,77,2026-02-01 09:15:16.766999,ELEC-F,0.0,0.0,0.0,,,0,0,0,0,0
4.0,1.0,1.0,,TEMPERATURE Forecast for DAY 2,The average temperature tomorrow is forecasted to be between 27 and 34 degrees Celsius.,78,2026-02-01 09:15:17.803446,NG,2.14,2.12,2.16,800000.0,800000.0,0,0,0,0,0
3.0,1.0,1.0,,You are logged in as a DISTRIBUTOR,,78,2026-02-01 09:15:17.803446,ELEC-day2,0.0,0.0,0.0,,,0,0,0,0,0
2.0,1.0,1.0,,FINES,"The fine for open positions of ELEC-dayX at the end of the day is $20,000/contract.",78,2026-02-01 09:15:17.803446,ELEC-day3,0.0,0.0,0.0,,,0,0,0,0,0
1.0,1.0,1.0,,Welcome to the RITC2026 GBE Energy Electricity Trading Case - practice server,,78,2026-02-01 09:15:17.803446,ELEC-day4,0.0,0.0,0.0,,,0,0,0,0,0
,,,,,,78,2026-02-01 09:15:17.803446,ELEC-day5,0.0,0.0,0.0,,,0,0,0,0,0
,,,,,,78,2026-02-01 09:15:17.803446,ELEC-day6,0.0,0.0,0.0,,,0,0,0,0,0
,,,,,,78,2026-02-01 09:15:17.803446,ELEC-F,0.0,0.0,0.0,,,0,0,0,0,0
4.0,1.0,1.0,,TEMPERATURE Forecast for DAY 2,The average temperature tomorrow is forecasted to be between 27 and 34 degrees Celsius.,79,2026-02-01 09:15:18.833022,NG,2.14,2.12,2.16,800000.0,800000.0,0,0,0,0,0
3.0,1.0,1.0,,You are logged in as a DISTRIBUTOR,,79,2026-02-01 09:15:18.833022,ELEC-day2,0.0,0.0,0.0,,,0,0,0,0,0
2.0,1.0,1.0,,FINES,"The fine for open positions of ELEC-dayX at the end of the day is $20,000/contract.",79,2026-02-01 09:15:18.833022,ELEC-day3,0.0,0.0,0.0,,,0,0,0,0,0
1.0,1.0,1.0,,Welcome to the RITC2026 GBE Energy Electricity Trading Case - practice server,,79,2026-02-01 09:15:18.833022,ELEC-day4,0.0,0.0,0.0,,,0,0,0,0,0
,,,,,,79,2026-02-01 09:15:18.833022,ELEC-day5,0.0,0.0,0.0,,,0,0,0,0,0
,,,,,,79,2026-02-01 09:15:18.833022,ELEC-day6,0.0,0.0,0.0,,,0,0,0,0,0
,,,,,,79,2026-02-01 09:15:18.833022,ELEC-F,0.0,0.0,0.0,,,0,0,0,0,0
4.0,1.0,1.0,,TEMPERATURE Forecast for DAY 2,The average temperature tomorrow is forecasted to be between 27 and 34 degrees Celsius.,80,2026-02-01 09:15:19.860440,NG,2.13,2.11,2.15,800000.0,800000.0,0,0,0,0,0
3.0,1.0,1.0,,You are logged in as a DISTRIBUTOR,,80,2026-02-01 09:15:19.860440,ELEC-day2,0.0,0.0,0.0,,,0,0,0,0,0
2.0,1.0,1.0,,FINES,"The fine for open positions of ELEC-dayX at the end of the day is $20,000/contract.",80,2026-02-01 09:15:19.860440,ELEC-day3,0.0,0.0,0.0,,,0,0,0,0,0
1.0,1.0,1.0,,Welcome to the RITC2026 GBE Energy Electricity Trading Case - practice server,,80,2026-02-01 09:15:19.860440,ELEC-day4,0.0,0.0,0.0,,,0,0,0,0,0
,,,,,,80,2026-02-01 09:15:19.860440,ELEC-day5,0.0,0.0,0.0,,,0,0,0,0,0
,,,,,,80,2026-02-01 09:15:19.860440,ELEC-day6,0.0,0.0,0.0,,,0,0,0,0,0
,,,,,,80,2026-02-01 09:15:19.860440,ELEC-F,0.0,0.0,0.0,,,0,0,0,0,0
4.0,1.0,1.0,,TEMPERATURE Forecast for DAY 2,The average temperature tomorrow is forecasted to be between 27 and 34 degrees Celsius.,81,2026-02-01 09:15:20.888221,NG,2.12,2.1,2.14,800000.0,800000.0,0,0,0,0,0
3.0,1.0,1.0,,You are logged in as a DISTRIBUTOR,,81,2026-02-01 09:15:20.888221,ELEC-day2,0.0,0.0,0.0,,,0,0,0,0,0
2.0,1.0,1.0,,FINES,"The fine for open positions of ELEC-dayX at the end of the day is $20,000/contract.",81,2026-02-01 09:15:20.888221,ELEC-day3,0.0,0.0,0.0,,,0,0,0,0,0
1.0,1.0,1.0,,Welcome to the RITC2026 GBE Energy Electricity Trading Case - practice server,,81,2026-02-01 09:15:20.888221,ELEC-day4,0.0,0.0,0.0,,,0,0,0,0,0
,,,,,,81,2026-02-01 09:15:20.888221,ELEC-day5,0.0,0.0,0.0,,,0,0,0,0,0
,,,,,,81,2026-02-01 09:15:20.888221,ELEC-day6,0.0,0.0,0.0,,,0,0,0,0,0
,,,,,,81,2026-02-01 09:15:20.888221,ELEC-F,0.0,0.0,0.0,,,0,0,0,0,0
4.0,1.0,1.0,,TEMPERATURE Forecast for DAY 2,The average temperature tomorrow is forecasted to be between 27 and 34 degrees Celsius.,82,2026-02-01 09:15:21.920761,NG,2.13,2.11,2.15,800000.0,800000.0,0,0,0,0,0
3.0,1.0,1.0,,You are logged in as a DISTRIBUTOR,,82,2026-02-01 09:15:21.920761,ELEC-day2,0.0,0.0,0.0,,,0,0,0,0,0
2.0,1.0,1.0,,FINES,"The fine for open positions of ELEC-dayX at the end of the day is $20,000/contract.",82,2026-02-01 09:15:21.920761,ELEC-day3,0.0,0.0,0.0,,,0,0,0,0,0
1.0,1.0,1.0,,Welcome to the RITC2026 GBE Energy Electricity Trading Case - practice server,,82,2026-02-01 09:15:21.920761,ELEC-day4,0.0,0.0,0.0,,,0,0,0,0,0
,,,,,,82,2026-02-01 09:15:21.920761,ELEC-day5,0.0,0.0,0.0,,,0,0,0,0,0
,,,,,,82,2026-02-01 09:15:21.920761,ELEC-day6,0.0,0.0,0.0,,,0,0,0,0,0
,,,,,,82,2026-02-01 09:15:21.920761,ELEC-F,0.0,0.0,0.0,,,0,0,0,0,0
4.0,1.0,1.0,,TEMPERATURE Forecast for DAY 2,The average temperature tomorrow is forecasted to be between 27 and 34 degrees Celsius.,83,2026-02-01 09:15:22.956114,NG,2.13,2.11,2.15,800000.0,800000.0,0,0,0,0,0
3.0,1.0,1.0,,You are logged in as a DISTRIBUTOR,,83,2026-02-01 09:15:22.956114,ELEC-day2,0.0,0.0,0.0,,,0,0,0,0,0
2.0,1.0,1.0,,FINES,"The fine for open positions of ELEC-dayX at the end of the day is $20,000/contract.",83,2026-02-01 09:15:22.956114,ELEC-day3,0.0,0.0,0.0,,,0,0,0,0,0
1.0,1.0,1.0,,Welcome to the RITC2026 GBE Energy Electricity Trading Case - practice server,,83,2026-02-01 09:15:22.956114,ELEC-day4,0.0,0.0,0.0,,,0,0,0,0,0
,,,,,,83,2026-02-01 09:15:22.956114,ELEC-day5,0.0,0.0,0.0,,,0,0,0,0,0
,,,,,,83,2026-02-01 09:15:22.956114,ELEC-day6,0.0,0.0,0.0,,,0,0,0,0,0
,,,,,,83,2026-02-01 09:15:22.956114,ELEC-F,0.0,0.0,0.0,,,0,0,0,0,0
4.0,1.0,1.0,,TEMPERATURE Forecast for DAY 2,The average temperature tomorrow is forecasted to be between 27 and 34 degrees Celsius.,84,2026-02-01 09:15:23.990086,NG,2.13,2.11,2.15,800000.0,800000.0,0,0,0,0,0
3.0,1.0,1.0,,You are logged in as a DISTRIBUTOR,,84,2026-02-01 09:15:23.990086,ELEC-day2,0.0,0.0,0.0,,,0,0,0,0,0
2.0,1.0,1.0,,FINES,"The fine for open positions of ELEC-dayX at the end of the day is $20,000/contract.",84,2026-02-01 09:15:23.990086,ELEC-day3,0.0,0.0,0.0,,,0,0,0,0,0
1.0,1.0,1.0,,Welcome to the RITC2026 GBE Energy Electricity Trading Case - practice server,,84,2026-02-01 09:15:23.990086,ELEC-day4,0.0,0.0,0.0,,,0,0,0,0,0
,,,,,,84,2026-02-01 09:15:23.990086,ELEC-day5,0.0,0.0,0.0,,,0,0,0,0,0
,,,,,,84,2026-02-01 09:15:23.990086,ELEC-day6,0.0,0.0,0.0,,,0,0,0,0,0
,,,,,,84,2026-02-01 09:15:23.990086,ELEC-F,0.0,0.0,0.0,,,0,0,0,0,0
4.0,1.0,1.0,,TEMPERATURE Forecast for DAY 2,The average temperature tomorrow is forecasted to be between 27 and 34 degrees Celsius.,85,2026-02-01 09:15:25.023712,NG,2.12,2.1,2.14,800000.0,800000.0,0,0,0,0,0
3.0,1.0,1.0,,You are logged in as a DISTRIBUTOR,,85,2026-02-01 09:15:25.023712,ELEC-day2,0.0,0.0,0.0,,,0,0,0,0,0
2.0,1.0,1.0,,FINES,"The fine for open positions of ELEC-dayX at the end of the day is $20,000/contract.",85,2026-02-01 09:15:25.023712,ELEC-day3,0.0,0.0,0.0,,,0,0,0,0,0
1.0,1.0,1.0,,Welcome to the RITC2026 GBE Energy Electricity Trading Case - practice server,,85,2026-02-01 09:15:25.023712,ELEC-day4,0.0,0.0,0.0,,,0,0,0,0,0
,,,,,,85,2026-02-01 09:15:25.023712,ELEC-day5,0.0,0.0,0.0,,,0,0,0,0,0
,,,,,,85,2026-02-01 09:15:25.023712,ELEC-day6,0.0,0.0,0.0,,,0,0,0,0,0
,,,,,,85,2026-02-01 09:15:25.023712,ELEC-F,0.0,0.0,0.0,,,0,0,0,0,0
4.0,1.0,1.0,,TEMPERATURE Forecast for DAY 2,The average temperature tomorrow is forecasted to be between 27 and 34 degrees Celsius.,86,2026-02-01 09:15:26.059609,NG,2.12,2.1,2.14,800000.0,800000.0,0,0,0,0,0
3.0,1.0,1.0,,You are logged in as a DISTRIBUTOR,,86,2026-02-01 09:15:26.059609,ELEC-day2,0.0,0.0,0.0,,,0,0,0,0,0
2.0,1.0,1.0,,FINES,"The fine for open positions of ELEC-dayX at the end of the day is $20,000/contract.",86,2026-02-01 09:15:26.059609,ELEC-day3,0.0,0.0,0.0,,,0,0,0,0,0
1.0,1.0,1.0,,Welcome to the RITC2026 GBE Energy Electricity Trading Case - practice server,,86,2026-02-01 09:15:26.059609,ELEC-day4,0.0,0.0,0.0,,,0,0,0,0,0
,,,,,,86,2026-02-01 09:15:26.059609,ELEC-day5,0.0,0.0,0.0,,,0,0,0,0,0
,,,,,,86,2026-02-01 09:15:26.059609,ELEC-day6,0.0,0.0,0.0,,,0,0,0,0,0
,,,,,,86,2026-02-01 09:15:26.059609,ELEC-F,0.0,0.0,0.0,,,0,0,0,0,0
4.0,1.0,1.0,,TEMPERATURE Forecast for DAY 2,The average temperature tomorrow is forecasted to be between 27 and 34 degrees Celsius.,87,2026-02-01 09:15:27.092896,NG,2.13,2.11,2.15,800000.0,800000.0,0,0,0,0,0
3.0,1.0,1.0,,You are logged in as a DISTRIBUTOR,,87,2026-02-01 09:15:27.092896,ELEC-day2,0.0,0.0,0.0,,,0,0,0,0,0
2.0,1.0,1.0,,FINES,"The fine for open positions of ELEC-dayX at the end of the day is $20,000/contract.",87,2026-02-01 09:15:27.092896,ELEC-day3,0.0,0.0,0.0,,,0,0,0,0,0
1.0,1.0,1.0,,Welcome to the RITC2026 GBE Energy Electricity Trading Case - practice server,,87,2026-02-01 09:15:27.092896,ELEC-day4,0.0,0.0,0.0,,,0,0,0,0,0
,,,,,,87,2026-02-01 09:15:27.092896,ELEC-day5,0.0,0.0,0.0,,,0,0,0,0,0
,,,,,,87,2026-02-01 09:15:27.092896,ELEC-day6,0.0,0.0,0.0,,,0,0,0,0,0
,,,,,,87,2026-02-01 09:15:27.092896,ELEC-F,0.0,0.0,0.0,,,0,0,0,0,0
4.0,1.0,1.0,,TEMPERATURE Forecast for DAY 2,The average temperature tomorrow is forecasted to be between 27 and 34 degrees Celsius.,89,2026-02-01 09:15:28.162857,NG,2.13,2.11,2.15,800000.0,800000.0,0,0,0,0,0
3.0,1.0,1.0,,You are logged in as a DISTRIBUTOR,,89,2026-02-01 09:15:28.162857,ELEC-day2,0.0,0.0,0.0,,,0,0,0,0,0
2.0,1.0,1.0,,FINES,"The fine for open positions of ELEC-dayX at the end of the day is $20,000/contract.",89,2026-02-01 09:15:28.162857,ELEC-day3,0.0,0.0,0.0,,,0,0,0,0,0
1.0,1.0,1.0,,Welcome to the RITC2026 GBE Energy Electricity Trading Case - practice server,,89,2026-02-01 09:15:28.162857,ELEC-day4,0.0,0.0,0.0,,,0,0,0,0,0
,,,,,,89,2026-02-01 09:15:28.162857,ELEC-day5,0.0,0.0,0.0,,,0,0,0,0,0
,,,,,,89,2026-02-01 09:15:28.162857,ELEC-day6,0.0,0.0,0.0,,,0,0,0,0,0
,,,,,,89,2026-02-01 09:15:28.162857,ELEC-F,0.0,0.0,0.0,,,0,0,0,0,0
5.0,1.0,89.0,,TEMPERATURE Forecast for DAY 2,The average temperature tomorrow is forecasted to be between 28 and 36 degrees Celsius.,89,2026-02-01 09:15:29.233090,NG,2.13,2.11,2.15,800000.0,800000.0,0,0,0,0,0
4.0,1.0,1.0,,TEMPERATURE Forecast for DAY 2,The average temperature tomorrow is forecasted to be between 27 and 34 degrees Celsius.,89,2026-02-01 09:15:29.233090,ELEC-day2,0.0,0.0,0.0,,,0,0,0,0,0
3.0,1.0,1.0,,You are logged in as a DISTRIBUTOR,,89,2026-02-01 09:15:29.233090,ELEC-day3,0.0,0.0,0.0,,,0,0,0,0,0
2.0,1.0,1.0,,FINES,"The fine for open positions of ELEC-dayX at the end of the day is $20,000/contract.",89,2026-02-01 09:15:29.233090,ELEC-day4,0.0,0.0,0.0,,,0,0,0,0,0
1.0,1.0,1.0,,Welcome to the RITC2026 GBE Energy Electricity Trading Case - practice server,,89,2026-02-01 09:15:29.233090,ELEC-day5,0.0,0.0,0.0,,,0,0,0,0,0
,,,,,,89,2026-02-01 09:15:29.233090,ELEC-day6,0.0,0.0,0.0,,,0,0,0,0,0
,,,,,,89,2026-02-01 09:15:29.233090,ELEC-F,0.0,0.0,0.0,,,0,0,0,0,0
5.0,1.0,89.0,,TEMPERATURE Forecast for DAY 2,The average temperature tomorrow is forecasted to be between 28 and 36 degrees Celsius.,91,2026-02-01 09:15:30.263056,NG,2.12,2.1,2.14,800000.0,800000.0,0,0,0,0,0
4.0,1.0,1.0,,TEMPERATURE Forecast for DAY 2,The average temperature tomorrow is forecasted to be between 27 and 34 degrees Celsius.,91,2026-02-01 09:15:30.263056,ELEC-day2,0.0,0.0,0.0,,,0,0,0,0,0
3.0,1.0,1.0,,You are logged in as a DISTRIBUTOR,,91,2026-02-01 09:15:30.263056,ELEC-day3,0.0,0.0,0.0,,,0,0,0,0,0
2.0,1.0,1.0,,FINES,"The fine for open positions of ELEC-dayX at the end of the day is $20,000/contract.",91,2026-02-01 09:15:30.263056,ELEC-day4,0.0,0.0,0.0,,,0,0,0,0,0
1.0,1.0,1.0,,Welcome to the RITC2026 GBE Energy Electricity Trading Case - practice server,,91,2026-02-01 09:15:30.263056,ELEC-day5,0.0,0.0,0.0,,,0,0,0,0,0
,,,,,,91,2026-02-01 09:15:30.263056,ELEC-day6,0.0,0.0,0.0,,,0,0,0,0,0
,,,,,,91,2026-02-01 09:15:30.263056,ELEC-F,0.0,0.0,0.0,,,0,0,0,0,0
5.0,1.0,89.0,,TEMPERATURE Forecast for DAY 2,The average temperature tomorrow is forecasted to be between 28 and 36 degrees Celsius.,92,2026-02-01 09:15:31.302345,NG,2.12,2.1,2.14,800000.0,800000.0,0,0,0,0,0
4.0,1.0,1.0,,TEMPERATURE Forecast for DAY 2,The average temperature tomorrow is forecasted to be between 27 and 34 degrees Celsius.,92,2026-02-01 09:15:31.302345,ELEC-day2,0.0,0.0,0.0,,,0,0,0,0,0
3.0,1.0,1.0,,You are logged in as a DISTRIBUTOR,,92,2026-02-01 09:15:31.302345,ELEC-day3,0.0,0.0,0.0,,,0,0,0,0,0
2.0,1.0,1.0,,FINES,"The fine for open positions of ELEC-dayX at the end of the day is $20,000/contract.",92,2026-02-01 09:15:31.302345,ELEC-day4,0.0,0.0,0.0,,,0,0,0,0,0
1.0,1.0,1.0,,Welcome to the RITC2026 GBE Energy Electricity Trading Case - practice server,,92,2026-02-01 09:15:31.302345,ELEC-day5,0.0,0.0,0.0,,,0,0,0,0,0
,,,,,,92,2026-02-01 09:15:31.302345,ELEC-day6,0.0,0.0,0.0,,,0,0,0,0,0
,,,,,,92,2026-02-01 09:15:31.302345,ELEC-F,0.0,0.0,0.0,,,0,0,0,0,0
5.0,1.0,89.0,,TEMPERATURE Forecast for DAY 2,The average temperature tomorrow is forecasted to be between 28 and 36 degrees Celsius.,93,2026-02-01 09:15:32.332006,NG,2.11,2.09,2.13,800000.0,800000.0,0,0,0,0,0
4.0,1.0,1.0,,TEMPERATURE Forecast for DAY 2,The average temperature tomorrow is forecasted to be between 27 and 34 degrees Celsius.,93,2026-02-01 09:15:32.332006,ELEC-day2,0.0,0.0,0.0,,,0,0,0,0,0
3.0,1.0,1.0,,You are logged in as a DISTRIBUTOR,,93,2026-02-01 09:15:32.332006,ELEC-day3,0.0,0.0,0.0,,,0,0,0,0,0
2.0,1.0,1.0,,FINES,"The fine for open positions of ELEC-dayX at the end of the day is $20,000/contract.",93,2026-02-01 09:15:32.332006,ELEC-day4,0.0,0.0,0.0,,,0,0,0,0,0
1.0,1.0,1.0,,Welcome to the RITC2026 GBE Energy Electricity Trading Case - practice server,,93,2026-02-01 09:15:32.332006,ELEC-day5,0.0,0.0,0.0,,,0,0,0,0,0
,,,,,,93,2026-02-01 09:15:32.332006,ELEC-day6,0.0,0.0,0.0,,,0,0,0,0,0
,,,,,,93,2026-02-01 09:15:32.332006,ELEC-F,0.0,0.0,0.0,,,0,0,0,0,0
5.0,1.0,89.0,,TEMPERATURE Forecast for DAY 2,The average temperature tomorrow is forecasted to be between 28 and 36 degrees Celsius.,94,2026-02-01 09:15:33.363099,NG,2.11,2.09,2.13,800000.0,800000.0,0,0,0,0,0
4.0,1.0,1.0,,TEMPERATURE Forecast for DAY 2,The average temperature tomorrow is forecasted to be between 27 and 34 degrees Celsius.,94,2026-02-01 09:15:33.363099,ELEC-day2,0.0,0.0,0.0,,,0,0,0,0,0
3.0,1.0,1.0,,You are logged in as a DISTRIBUTOR,,94,2026-02-01 09:15:33.363099,ELEC-day3,0.0,0.0,0.0,,,0,0,0,0,0
2.0,1.0,1.0,,FINES,"The fine for open positions of ELEC-dayX at the end of the day is $20,000/contract.",94,2026-02-01 09:15:33.363099,ELEC-day4,0.0,0.0,0.0,,,0,0,0,0,0
1.0,1.0,1.0,,Welcome to the RITC2026 GBE Energy Electricity Trading Case - practice server,,94,2026-02-01 09:15:33.363099,ELEC-day5,0.0,0.0,0.0,,,0,0,0,0,0
,,,,,,94,2026-02-01 09:15:33.363099,ELEC-day6,0.0,0.0,0.0,,,0,0,0,0,0
,,,,,,94,2026-02-01 09:15:33.363099,ELEC-F,0.0,0.0,0.0,,,0,0,0,0,0
5.0,1.0,89.0,,TEMPERATURE Forecast for DAY 2,The average temperature tomorrow is forecasted to be between 28 and 36 degrees Celsius.,95,2026-02-01 09:15:34.409259,NG,2.11,2.09,2.13,800000.0,800000.0,0,0,0,0,0
4.0,1.0,1.0,,TEMPERATURE Forecast for DAY 2,The average temperature tomorrow is forecasted to be between 27 and 34 degrees Celsius.,95,2026-02-01 09:15:34.409259,ELEC-day2,0.0,0.0,0.0,,,0,0,0,0,0
3.0,1.0,1.0,,You are logged in as a DISTRIBUTOR,,95,2026-02-01 09:15:34.409259,ELEC-day3,0.0,0.0,0.0,,,0,0,0,0,0
2.0,1.0,1.0,,FINES,"The fine for open positions of ELEC-dayX at the end of the day is $20,000/contract.",95,2026-02-01 09:15:34.409259,ELEC-day4,0.0,0.0,0.0,,,0,0,0,0,0
1.0,1.0,1.0,,Welcome to the RITC2026 GBE Energy Electricity Trading Case - practice server,,95,2026-02-01 09:15:34.409259,ELEC-day5,0.0,0.0,0.0,,,0,0,0,0,0
,,,,,,95,2026-02-01 09:15:34.409259,ELEC-day6,0.0,0.0,0.0,,,0,0,0,0,0
,,,,,,95,2026-02-01 09:15:34.409259,ELEC-F,0.0,0.0,0.0,,,0,0,0,0,0
5.0,1.0,89.0,,TEMPERATURE Forecast for DAY 2,The average temperature tomorrow is forecasted to be between 28 and 36 degrees Celsius.,96,2026-02-01 09:15:35.432671,NG,2.12,2.1,2.14,800000.0,800000.0,0,0,0,0,0
4.0,1.0,1.0,,TEMPERATURE Forecast for DAY 2,The average temperature tomorrow is forecasted to be between 27 and 34 degrees Celsius.,96,2026-02-01 09:15:35.432671,ELEC-day2,0.0,0.0,0.0,,,0,0,0,0,0
3.0,1.0,1.0,,You are logged in as a DISTRIBUTOR,,96,2026-02-01 09:15:35.432671,ELEC-day3,0.0,0.0,0.0,,,0,0,0,0,0
2.0,1.0,1.0,,FINES,"The fine for open positions of ELEC-dayX at the end of the day is $20,000/contract.",96,2026-02-01 09:15:35.432671,ELEC-day4,0.0,0.0,0.0,,,0,0,0,0,0
1.0,1.0,1.0,,Welcome to the RITC2026 GBE Energy Electricity Trading Case - practice server,,96,2026-02-01 09:15:35.432671,ELEC-day5,0.0,0.0,0.0,,,0,0,0,0,0
,,,,,,96,2026-02-01 09:15:35.432671,ELEC-day6,0.0,0.0,0.0,,,0,0,0,0,0
,,,,,,96,2026-02-01 09:15:35.432671,ELEC-F,0.0,0.0,0.0,,,0,0,0,0,0
5.0,1.0,89.0,,TEMPERATURE Forecast for DAY 2,The average temperature tomorrow is forecasted to be between 28 and 36 degrees Celsius.,97,2026-02-01 09:15:36.467675,NG,2.11,2.09,2.13,800000.0,800000.0,0,0,0,0,0
4.0,1.0,1.0,,TEMPERATURE Forecast for DAY 2,The average temperature tomorrow is forecasted to be between 27 and 34 degrees Celsius.,97,2026-02-01 09:15:36.467675,ELEC-day2,0.0,0.0,0.0,,,0,0,0,0,0
3.0,1.0,1.0,,You are logged in as a DISTRIBUTOR,,97,2026-02-01 09:15:36.467675,ELEC-day3,0.0,0.0,0.0,,,0,0,0,0,0
2.0,1.0,1.0,,FINES,"The fine for open positions of ELEC-dayX at the end of the day is $20,000/contract.",97,2026-02-01 09:15:36.467675,ELEC-day4,0.0,0.0,0.0,,,0,0,0,0,0
1.0,1.0,1.0,,Welcome to the RITC2026 GBE Energy Electricity Trading Case - practice server,,97,2026-02-01 09:15:36.467675,ELEC-day5,0.0,0.0,0.0,,,0,0,0,0,0
,,,,,,97,2026-02-01 09:15:36.467675,ELEC-day6,0.0,0.0,0.0,,,0,0,0,0,0
,,,,,,97,2026-02-01 09:15:36.467675,ELEC-F,0.0,0.0,0.0,,,0,0,0,0,0
5.0,1.0,89.0,,TEMPERATURE Forecast for DAY 2,The average temperature tomorrow is forecasted to be between 28 and 36 degrees Celsius.,98,2026-02-01 09:15:37.500841,NG,2.12,2.1,2.14,800000.0,800000.0,0,0,0,0,0
4.0,1.0,1.0,,TEMPERATURE Forecast for DAY 2,The average temperature tomorrow is forecasted to be between 27 and 34 degrees Celsius.,98,2026-02-01 09:15:37.500841,ELEC-day2,0.0,0.0,0.0,,,0,0,0,0,0
3.0,1.0,1.0,,You are logged in as a DISTRIBUTOR,,98,2026-02-01 09:15:37.500841,ELEC-day3,0.0,0.0,0.0,,,0,0,0,0,0
2.0,1.0,1.0,,FINES,"The fine for open positions of ELEC-dayX at the end of the day is $20,000/contract.",98,2026-02-01 09:15:37.500841,ELEC-day4,0.0,0.0,0.0,,,0,0,0,0,0
1.0,1.0,1.0,,Welcome to the RITC2026 GBE Energy Electricity Trading Case - practice server,,98,2026-02-01 09:15:37.500841,ELEC-day5,0.0,0.0,0.0,,,0,0,0,0,0
,,,,,,98,2026-02-01 09:15:37.500841,ELEC-day6,0.0,0.0,0.0,,,0,0,0,0,0
,,,,,,98,2026-02-01 09:15:37.500841,ELEC-F,0.0,0.0,0.0,,,0,0,0,0,0
5.0,1.0,89.0,,TEMPERATURE Forecast for DAY 2,The average temperature tomorrow is forecasted to be between 28 and 36 degrees Celsius.,99,2026-02-01 09:15:38.523308,NG,2.12,2.1,2.14,800000.0,800000.0,0,0,0,0,0
4.0,1.0,1.0,,TEMPERATURE Forecast for DAY 2,The average temperature tomorrow is forecasted to be between 27 and 34 degrees Celsius.,99,2026-02-01 09:15:38.523308,ELEC-day2,0.0,0.0,0.0,,,0,0,0,0,0
3.0,1.0,1.0,,You are logged in as a DISTRIBUTOR,,99,2026-02-01 09:15:38.523308,ELEC-day3,0.0,0.0,0.0,,,0,0,0,0,0
2.0,1.0,1.0,,FINES,"The fine for open positions of ELEC-dayX at the end of the day is $20,000/contract.",99,2026-02-01 09:15:38.523308,ELEC-day4,0.0,0.0,0.0,,,0,0,0,0,0
1.0,1.0,1.0,,Welcome to the RITC2026 GBE Energy Electricity Trading Case - practice server,,99,2026-02-01 09:15:38.523308,ELEC-day5,0.0,0.0,0.0,,,0,0,0,0,0
,,,,,,99,2026-02-01 09:15:38.523308,ELEC-day6,0.0,0.0,0.0,,,0,0,0,0,0
,,,,,,99,2026-02-01 09:15:38.523308,ELEC-F,0.0,0.0,0.0,,,0,0,0,0,0
5.0,1.0,89.0,,TEMPERATURE Forecast for DAY 2,The average temperature tomorrow is forecasted to be between 28 and 36 degrees Celsius.,100,2026-02-01 09:15:39.556710,NG,2.11,2.09,2.13,800000.0,800000.0,0,0,0,0,0
4.0,1.0,1.0,,TEMPERATURE Forecast for DAY 2,The average temperature tomorrow is forecasted to be between 27 and 34 degrees Celsius.,100,2026-02-01 09:15:39.556710,ELEC-day2,0.0,0.0,0.0,,,0,0,0,0,0
3.0,1.0,1.0,,You are logged in as a DISTRIBUTOR,,100,2026-02-01 09:15:39.556710,ELEC-day3,0.0,0.0,0.0,,,0,0,0,0,0
2.0,1.0,1.0,,FINES,"The fine for open positions of ELEC-dayX at the end of the day is $20,000/contract.",100,2026-02-01 09:15:39.556710,ELEC-day4,0.0,0.0,0.0,,,0,0,0,0,0
1.0,1.0,1.0,,Welcome to the RITC2026 GBE Energy Electricity Trading Case - practice server,,100,2026-02-01 09:15:39.556710,ELEC-day5,0.0,0.0,0.0,,,0,0,0,0,0
,,,,,,100,2026-02-01 09:15:39.556710,ELEC-day6,0.0,0.0,0.0,,,0,0,0,0,0
,,,,,,100,2026-02-01 09:15:39.556710,ELEC-F,0.0,0.0,0.0,,,0,0,0,0,0
5.0,1.0,89.0,,TEMPERATURE Forecast for DAY 2,The average temperature tomorrow is forecasted to be between 28 and 36 degrees Celsius.,101,2026-02-01 09:15:40.577026,NG,2.11,2.09,2.13,800000.0,800000.0,0,0,0,0,0
4.0,1.0,1.0,,TEMPERATURE Forecast for DAY 2,The average temperature tomorrow is forecasted to be between 27 and 34 degrees Celsius.,101,2026-02-01 09:15:40.577026,ELEC-day2,0.0,0.0,0.0,,,0,0,0,0,0
3.0,1.0,1.0,,You are logged in as a DISTRIBUTOR,,101,2026-02-01 09:15:40.577026,ELEC-day3,0.0,0.0,0.0,,,0,0,0,0,0
2.0,1.0,1.0,,FINES,"The fine for open positions of ELEC-dayX at the end of the day is $20,000/contract.",101,2026-02-01 09:15:40.577026,ELEC-day4,0.0,0.0,0.0,,,0,0,0,0,0
1.0,1.0,1.0,,Welcome to the RITC2026 GBE Energy Electricity Trading Case - practice server,,101,2026-02-01 09:15:40.577026,ELEC-day5,0.0,0.0,0.0,,,0,0,0,0,0
,,,,,,101,2026-02-01 09:15:40.577026,ELEC-day6,0.0,0.0,0.0,,,0,0,0,0,0
,,,,,,101,2026-02-01 09:15:40.577026,ELEC-F,0.0,0.0,0.0,,,0,0,0,0,0
5.0,1.0,89.0,,TEMPERATURE Forecast for DAY 2,The average temperature tomorrow is forecasted to be between 28 and 36 degrees Celsius.,102,2026-02-01 09:15:41.613126,NG,2.11,2.09,2.13,800000.0,800000.0,0,0,0,0,0
4.0,1.0,1.0,,TEMPERATURE Forecast for DAY 2,The average temperature tomorrow is forecasted to be between 27 and 34 degrees Celsius.,102,2026-02-01 09:15:41.613126,ELEC-day2,0.0,0.0,0.0,,,0,0,0,0,0
3.0,1.0,1.0,,You are logged in as a DISTRIBUTOR,,102,2026-02-01 09:15:41.613126,ELEC-day3,0.0,0.0,0.0,,,0,0,0,0,0
2.0,1.0,1.0,,FINES,"The fine for open positions of ELEC-dayX at the end of the day is $20,000/contract.",102,2026-02-01 09:15:41.613126,ELEC-day4,0.0,0.0,0.0,,,0,0,0,0,0
1.0,1.0,1.0,,Welcome to the RITC2026 GBE Energy Electricity Trading Case - practice server,,102,2026-02-01 09:15:41.613126,ELEC-day5,0.0,0.0,0.0,,,0,0,0,0,0
,,,,,,102,2026-02-01 09:15:41.613126,ELEC-day6,0.0,0.0,0.0,,,0,0,0,0,0
,,,,,,102,2026-02-01 09:15:41.613126,ELEC-F,0.0,0.0,0.0,,,0,0,0,0,0
5.0,1.0,89.0,,TEMPERATURE Forecast for DAY 2,The average temperature tomorrow is forecasted to be between 28 and 36 degrees Celsius.,103,2026-02-01 09:15:42.642518,NG,2.12,2.1,2.14,800000.0,800000.0,0,0,0,0,0
4.0,1.0,1.0,,TEMPERATURE Forecast for DAY 2,The average temperature tomorrow is forecasted to be between 27 and 34 degrees Celsius.,103,2026-02-01 09:15:42.642518,ELEC-day2,0.0,0.0,0.0,,,0,0,0,0,0
3.0,1.0,1.0,,You are logged in as a DISTRIBUTOR,,103,2026-02-01 09:15:42.642518,ELEC-day3,0.0,0.0,0.0,,,0,0,0,0,0
2.0,1.0,1.0,,FINES,"The fine for open positions of ELEC-dayX at the end of the day is $20,000/contract.",103,2026-02-01 09:15:42.642518,ELEC-day4,0.0,0.0,0.0,,,0,0,0,0,0
1.0,1.0,1.0,,Welcome to the RITC2026 GBE Energy Electricity Trading Case - practice server,,103,2026-02-01 09:15:42.642518,ELEC-day5,0.0,0.0,0.0,,,0,0,0,0,0
,,,,,,103,2026-02-01 09:15:42.642518,ELEC-day6,0.0,0.0,0.0,,,0,0,0,0,0
,,,,,,103,2026-02-01 09:15:42.642518,ELEC-F,0.0,0.0,0.0,,,0,0,0,0,0
5.0,1.0,89.0,,TEMPERATURE Forecast for DAY 2,The average temperature tomorrow is forecasted to be between 28 and 36 degrees Celsius.,104,2026-02-01 09:15:43.677106,NG,2.12,2.1,2.14,800000.0,800000.0,0,0,0,0,0
4.0,1.0,1.0,,TEMPERATURE Forecast for DAY 2,The average temperature tomorrow is forecasted to be between 27 and 34 degrees Celsius.,104,2026-02-01 09:15:43.677106,ELEC-day2,0.0,0.0,0.0,,,0,0,0,0,0
3.0,1.0,1.0,,You are logged in as a DISTRIBUTOR,,104,2026-02-01 09:15:43.677106,ELEC-day3,0.0,0.0,0.0,,,0,0,0,0,0
2.0,1.0,1.0,,FINES,"The fine for open positions of ELEC-dayX at the end of the day is $20,000/contract.",104,2026-02-01 09:15:43.677106,ELEC-day4,0.0,0.0,0.0,,,0,0,0,0,0
1.0,1.0,1.0,,Welcome to the RITC2026 GBE Energy Electricity Trading Case - practice server,,104,2026-02-01 09:15:43.677106,ELEC-day5,0.0,0.0,0.0,,,0,0,0,0,0
,,,,,,104,2026-02-01 09:15:43.677106,ELEC-day6,0.0,0.0,0.0,,,0,0,0,0,0
,,,,,,104,2026-02-01 09:15:43.677106,ELEC-F,0.0,0.0,0.0,,,0,0,0,0,0
5.0,1.0,89.0,,TEMPERATURE Forecast for DAY 2,The average temperature tomorrow is forecasted to be between 28 and 36 degrees Celsius.,105,2026-02-01 09:15:44.701960,NG,2.13,2.11,2.15,800000.0,800000.0,0,0,0,0,0
4.0,1.0,1.0,,TEMPERATURE Forecast for DAY 2,The average temperature tomorrow is forecasted to be between 27 and 34 degrees Celsius.,105,2026-02-01 09:15:44.701960,ELEC-day2,0.0,0.0,0.0,,,0,0,0,0,0
3.0,1.0,1.0,,You are logged in as a DISTRIBUTOR,,105,2026-02-01 09:15:44.701960,ELEC-day3,0.0,0.0,0.0,,,0,0,0,0,0
2.0,1.0,1.0,,FINES,"The fine for open positions of ELEC-dayX at the end of the day is $20,000/contract.",105,2026-02-01 09:15:44.701960,ELEC-day4,0.0,0.0,0.0,,,0,0,0,0,0
1.0,1.0,1.0,,Welcome to the RITC2026 GBE Energy Electricity Trading Case - practice server,,105,2026-02-01 09:15:44.701960,ELEC-day5,0.0,0.0,0.0,,,0,0,0,0,0
,,,,,,105,2026-02-01 09:15:44.701960,ELEC-day6,0.0,0.0,0.0,,,0,0,0,0,0
,,,,,,105,2026-02-01 09:15:44.701960,ELEC-F,0.0,0.0,0.0,,,0,0,0,0,0
5.0,1.0,89.0,,TEMPERATURE Forecast for DAY 2,The average temperature tomorrow is forecasted to be between 28 and 36 degrees Celsius.,106,2026-02-01 09:15:45.724986,NG,2.13,2.11,2.15,800000.0,800000.0,0,0,0,0,0
4.0,1.0,1.0,,TEMPERATURE Forecast for DAY 2,The average temperature tomorrow is forecasted to be between 27 and 34 degrees Celsius.,106,2026-02-01 09:15:45.724986,ELEC-day2,0.0,0.0,0.0,,,0,0,0,0,0
3.0,1.0,1.0,,You are logged in as a DISTRIBUTOR,,106,2026-02-01 09:15:45.724986,ELEC-day3,0.0,0.0,0.0,,,0,0,0,0,0
2.0,1.0,1.0,,FINES,"The fine for open positions of ELEC-dayX at the end of the day is $20,000/contract.",106,2026-02-01 09:15:45.724986,ELEC-day4,0.0,0.0,0.0,,,0,0,0,0,0
1.0,1.0,1.0,,Welcome to the RITC2026 GBE Energy Electricity Trading Case - practice server,,106,2026-02-01 09:15:45.724986,ELEC-day5,0.0,0.0,0.0,,,0,0,0,0,0
,,,,,,106,2026-02-01 09:15:45.724986,ELEC-day6,0.0,0.0,0.0,,,0,0,0,0,0
,,,,,,106,2026-02-01 09:15:45.724986,ELEC-F,0.0,0.0,0.0,,,0,0,0,0,0
5.0,1.0,89.0,,TEMPERATURE Forecast for DAY 2,The average temperature tomorrow is forecasted to be between 28 and 36 degrees Celsius.,107,2026-02-01 09:15:46.752140,NG,2.13,2.11,2.15,800000.0,800000.0,0,0,0,0,0
4.0,1.0,1.0,,TEMPERATURE Forecast for DAY 2,The average temperature tomorrow is forecasted to be between 27 and 34 degrees Celsius.,107,2026-02-01 09:15:46.752140,ELEC-day2,0.0,0.0,0.0,,,0,0,0,0,0
3.0,1.0,1.0,,You are logged in as a DISTRIBUTOR,,107,2026-02-01 09:15:46.752140,ELEC-day3,0.0,0.0,0.0,,,0,0,0,0,0
2.0,1.0,1.0,,FINES,"The fine for open positions of ELEC-dayX at the end of the day is $20,000/contract.",107,2026-02-01 09:15:46.752140,ELEC-day4,0.0,0.0,0.0,,,0,0,0,0,0
1.0,1.0,1.0,,Welcome to the RITC2026 GBE Energy Electricity Trading Case - practice server,,107,2026-02-01 09:15:46.752140,ELEC-day5,0.0,0.0,0.0,,,0,0,0,0,0
,,,,,,107,2026-02-01 09:15:46.752140,ELEC-day6,0.0,0.0,0.0,,,0,0,0,0,0
,,,,,,107,2026-02-01 09:15:46.752140,ELEC-F,0.0,0.0,0.0,,,0,0,0,0,0
5.0,1.0,89.0,,TEMPERATURE Forecast for DAY 2,The average temperature tomorrow is forecasted to be between 28 and 36 degrees Celsius.,108,2026-02-01 09:15:47.781889,NG,2.12,2.1,2.14,800000.0,800000.0,0,0,0,0,0
4.0,1.0,1.0,,TEMPERATURE Forecast for DAY 2,The average temperature tomorrow is forecasted to be between 27 and 34 degrees Celsius.,108,2026-02-01 09:15:47.781889,ELEC-day2,0.0,0.0,0.0,,,0,0,0,0,0
3.0,1.0,1.0,,You are logged in as a DISTRIBUTOR,,108,2026-02-01 09:15:47.781889,ELEC-day3,0.0,0.0,0.0,,,0,0,0,0,0
2.0,1.0,1.0,,FINES,"The fine for open positions of ELEC-dayX at the end of the day is $20,000/contract.",108,2026-02-01 09:15:47.781889,ELEC-day4,0.0,0.0,0.0,,,0,0,0,0,0
1.0,1.0,1.0,,Welcome to the RITC2026 GBE Energy Electricity Trading Case - practice server,,108,2026-02-01 09:15:47.781889,ELEC-day5,0.0,0.0,0.0,,,0,0,0,0,0
,,,,,,108,2026-02-01 09:15:47.781889,ELEC-day6,0.0,0.0,0.0,,,0,0,0,0,0
,,,,,,108,2026-02-01 09:15:47.781889,ELEC-F,0.0,0.0,0.0,,,0,0,0,0,0
5.0,1.0,89.0,,TEMPERATURE Forecast for DAY 2,The average temperature tomorrow is forecasted to be between 28 and 36 degrees Celsius.,109,2026-02-01 09:15:48.816505,NG,2.11,2.09,2.13,800000.0,800000.0,0,0,0,0,0
4.0,1.0,1.0,,TEMPERATURE Forecast for DAY 2,The average temperature tomorrow is forecasted to be between 27 and 34 degrees Celsius.,109,2026-02-01 09:15:48.816505,ELEC-day2,0.0,0.0,0.0,,,0,0,0,0,0
3.0,1.0,1.0,,You are logged in as a DISTRIBUTOR,,109,2026-02-01 09:15:48.816505,ELEC-day3,0.0,0.0,0.0,,,0,0,0,0,0
2.0,1.0,1.0,,FINES,"The fine for open positions of ELEC-dayX at the end of the day is $20,000/contract.",109,2026-02-01 09:15:48.816505,ELEC-day4,0.0,0.0,0.0,,,0,0,0,0,0
1.0,1.0,1.0,,Welcome to the RITC2026 GBE Energy Electricity Trading Case - practice server,,109,2026-02-01 09:15:48.816505,ELEC-day5,0.0,0.0,0.0,,,0,0,0,0,0
,,,,,,109,2026-02-01 09:15:48.816505,ELEC-day6,0.0,0.0,0.0,,,0,0,0,0,0
,,,,,,109,2026-02-01 09:15:48.816505,ELEC-F,0.0,0.0,0.0,,,0,0,0,0,0
5.0,1.0,89.0,,TEMPERATURE Forecast for DAY 2,The average temperature tomorrow is forecasted to be between 28 and 36 degrees Celsius.,110,2026-02-01 09:15:49.852137,NG,2.11,2.09,2.13,800000.0,800000.0,0,0,0,0,0
4.0,1.0,1.0,,TEMPERATURE Forecast for DAY 2,The average temperature tomorrow is forecasted to be between 27 and 34 degrees Celsius.,110,2026-02-01 09:15:49.852137,ELEC-day2,0.0,0.0,0.0,,,0,0,0,0,0
3.0,1.0,1.0,,You are logged in as a DISTRIBUTOR,,110,2026-02-01 09:15:49.852137,ELEC-day3,0.0,0.0,0.0,,,0,0,0,0,0
2.0,1.0,1.0,,FINES,"The fine for open positions of ELEC-dayX at the end of the day is $20,000/contract.",110,2026-02-01 09:15:49.852137,ELEC-day4,0.0,0.0,0.0,,,0,0,0,0,0
1.0,1.0,1.0,,Welcome to the RITC2026 GBE Energy Electricity Trading Case - practice server,,110,2026-02-01 09:15:49.852137,ELEC-day5,0.0,0.0,0.0,,,0,0,0,0,0
,,,,,,110,2026-02-01 09:15:49.852137,ELEC-day6,0.0,0.0,0.0,,,0,0,0,0,0
,,,,,,110,2026-02-01 09:15:49.852137,ELEC-F,0.0,0.0,0.0,,,0,0,0,0,0
5.0,1.0,89.0,,TEMPERATURE Forecast for DAY 2,The average temperature tomorrow is forecasted to be between 28 and 36 degrees Celsius.,111,2026-02-01 09:15:50.875068,NG,2.11,2.09,2.13,800000.0,800000.0,0,0,0,0,0
4.0,1.0,1.0,,TEMPERATURE Forecast for DAY 2,The average temperature tomorrow is forecasted to be between 27 and 34 degrees Celsius.,111,2026-02-01 09:15:50.875068,ELEC-day2,0.0,0.0,0.0,,,0,0,0,0,0
3.0,1.0,1.0,,You are logged in as a DISTRIBUTOR,,111,2026-02-01 09:15:50.875068,ELEC-day3,0.0,0.0,0.0,,,0,0,0,0,0
2.0,1.0,1.0,,FINES,"The fine for open positions of ELEC-dayX at the end of the day is $20,000/contract.",111,2026-02-01 09:15:50.875068,ELEC-day4,0.0,0.0,0.0,,,0,0,0,0,0
1.0,1.0,1.0,,Welcome to the RITC2026 GBE Energy Electricity Trading Case - practice server,,111,2026-02-01 09:15:50.875068,ELEC-day5,0.0,0.0,0.0,,,0,0,0,0,0
,,,,,,111,2026-02-01 09:15:50.875068,ELEC-day6,0.0,0.0,0.0,,,0,0,0,0,0
,,,,,,111,2026-02-01 09:15:50.875068,ELEC-F,0.0,0.0,0.0,,,0,0,0,0,0
5.0,1.0,89.0,,TEMPERATURE Forecast for DAY 2,The average temperature tomorrow is forecasted to be between 28 and 36 degrees Celsius.,112,2026-02-01 09:15:51.898977,NG,2.11,2.09,2.13,800000.0,800000.0,0,0,0,0,0
4.0,1.0,1.0,,TEMPERATURE Forecast for DAY 2,The average temperature tomorrow is forecasted to be between 27 and 34 degrees Celsius.,112,2026-02-01 09:15:51.898977,ELEC-day2,0.0,0.0,0.0,,,0,0,0,0,0
3.0,1.0,1.0,,You are logged in as a DISTRIBUTOR,,112,2026-02-01 09:15:51.898977,ELEC-day3,0.0,0.0,0.0,,,0,0,0,0,0
2.0,1.0,1.0,,FINES,"The fine for open positions of ELEC-dayX at the end of the day is $20,000/contract.",112,2026-02-01 09:15:51.898977,ELEC-day4,0.0,0.0,0.0,,,0,0,0,0,0
1.0,1.0,1.0,,Welcome to the RITC2026 GBE Energy Electricity Trading Case - practice server,,112,2026-02-01 09:15:51.898977,ELEC-day5,0.0,0.0,0.0,,,0,0,0,0,0
,,,,,,112,2026-02-01 09:15:51.898977,ELEC-day6,0.0,0.0,0.0,,,0,0,0,0,0
,,,,,,112,2026-02-01 09:15:51.898977,ELEC-F,0.0,0.0,0.0,,,0,0,0,0,0
5.0,1.0,89.0,,TEMPERATURE Forecast for DAY 2,The average temperature tomorrow is forecasted to be between 28 and 36 degrees Celsius.,113,2026-02-01 09:15:52.929410,NG,2.12,2.1,2.14,800000.0,800000.0,0,0,0,0,0
4.0,1.0,1.0,,TEMPERATURE Forecast for DAY 2,The average temperature tomorrow is forecasted to be between 27 and 34 degrees Celsius.,113,2026-02-01 09:15:52.929410,ELEC-day2,0.0,0.0,0.0,,,0,0,0,0,0
3.0,1.0,1.0,,You are logged in as a DISTRIBUTOR,,113,2026-02-01 09:15:52.929410,ELEC-day3,0.0,0.0,0.0,,,0,0,0,0,0
2.0,1.0,1.0,,FINES,"The fine for open positions of ELEC-dayX at the end of the day is $20,000/contract.",113,2026-02-01 09:15:52.929410,ELEC-day4,0.0,0.0,0.0,,,0,0,0,0,0
1.0,1.0,1.0,,Welcome to the RITC2026 GBE Energy Electricity Trading Case - practice server,,113,2026-02-01 09:15:52.929410,ELEC-day5,0.0,0.0,0.0,,,0,0,0,0,0
,,,,,,113,2026-02-01 09:15:52.929410,ELEC-day6,0.0,0.0,0.0,,,0,0,0,0,0
,,,,,,113,2026-02-01 09:15:52.929410,ELEC-F,0.0,0.0,0.0,,,0,0,0,0,0
5.0,1.0,89.0,,TEMPERATURE Forecast for DAY 2,The average temperature tomorrow is forecasted to be between 28 and 36 degrees Celsius.,114,2026-02-01 09:15:53.952427,NG,2.12,2.1,2.14,800000.0,800000.0,0,0,0,0,0
4.0,1.0,1.0,,TEMPERATURE Forecast for DAY 2,The average temperature tomorrow is forecasted to be between 27 and 34 degrees Celsius.,114,2026-02-01 09:15:53.952427,ELEC-day2,0.0,0.0,0.0,,,0,0,0,0,0
3.0,1.0,1.0,,You are logged in as a DISTRIBUTOR,,114,2026-02-01 09:15:53.952427,ELEC-day3,0.0,0.0,0.0,,,0,0,0,0,0
2.0,1.0,1.0,,FINES,"The fine for open positions of ELEC-dayX at the end of the day is $20,000/contract.",114,2026-02-01 09:15:53.952427,ELEC-day4,0.0,0.0,0.0,,,0,0,0,0,0
1.0,1.0,1.0,,Welcome to the RITC2026 GBE Energy Electricity Trading Case - practice server,,114,2026-02-01 09:15:53.952427,ELEC-day5,0.0,0.0,0.0,,,0,0,0,0,0
,,,,,,114,2026-02-01 09:15:53.952427,ELEC-day6,0.0,0.0,0.0,,,0,0,0,0,0
,,,,,,114,2026-02-01 09:15:53.952427,ELEC-F,0.0,0.0,0.0,,,0,0,0,0,0
5.0,1.0,89.0,,TEMPERATURE Forecast for DAY 2,The average temperature tomorrow is forecasted to be between 28 and 36 degrees Celsius.,115,2026-02-01 09:15:54.974353,NG,2.12,2.1,2.14,800000.0,800000.0,0,0,0,0,0
4.0,1.0,1.0,,TEMPERATURE Forecast for DAY 2,The average temperature tomorrow is forecasted to be between 27 and 34 degrees Celsius.,115,2026-02-01 09:15:54.974353,ELEC-day2,0.0,0.0,0.0,,,0,0,0,0,0
3.0,1.0,1.0,,You are logged in as a DISTRIBUTOR,,115,2026-02-01 09:15:54.974353,ELEC-day3,0.0,0.0,0.0,,,0,0,0,0,0
2.0,1.0,1.0,,FINES,"The fine for open positions of ELEC-dayX at the end of the day is $20,000/contract.",115,2026-02-01 09:15:54.974353,ELEC-day4,0.0,0.0,0.0,,,0,0,0,0,0
1.0,1.0,1.0,,Welcome to the RITC2026 GBE Energy Electricity Trading Case - practice server,,115,2026-02-01 09:15:54.974353,ELEC-day5,0.0,0.0,0.0,,,0,0,0,0,0
,,,,,,115,2026-02-01 09:15:54.974353,ELEC-day6,0.0,0.0,0.0,,,0,0,0,0,0
,,,,,,115,2026-02-01 09:15:54.974353,ELEC-F,0.0,0.0,0.0,,,0,0,0,0,0
5.0,1.0,89.0,,TEMPERATURE Forecast for DAY 2,The average temperature tomorrow is forecasted to be between 28 and 36 degrees Celsius.,116,2026-02-01 09:15:56.002340,NG,2.13,2.11,2.15,800000.0,800000.0,0,0,0,0,0
4.0,1.0,1.0,,TEMPERATURE Forecast for DAY 2,The average temperature tomorrow is forecasted to be between 27 and 34 degrees Celsius.,116,2026-02-01 09:15:56.002340,ELEC-day2,0.0,0.0,0.0,,,0,0,0,0,0
3.0,1.0,1.0,,You are logged in as a DISTRIBUTOR,,116,2026-02-01 09:15:56.002340,ELEC-day3,0.0,0.0,0.0,,,0,0,0,0,0
2.0,1.0,1.0,,FINES,"The fine for open positions of ELEC-dayX at the end of the day is $20,000/contract.",116,2026-02-01 09:15:56.002340,ELEC-day4,0.0,0.0,0.0,,,0,0,0,0,0
1.0,1.0,1.0,,Welcome to the RITC2026 GBE Energy Electricity Trading Case - practice server,,116,2026-02-01 09:15:56.002340,ELEC-day5,0.0,0.0,0.0,,,0,0,0,0,0
,,,,,,116,2026-02-01 09:15:56.002340,ELEC-day6,0.0,0.0,0.0,,,0,0,0,0,0
,,,,,,116,2026-02-01 09:15:56.002340,ELEC-F,0.0,0.0,0.0,,,0,0,0,0,0
5.0,1.0,89.0,,TEMPERATURE Forecast for DAY 2,The average temperature tomorrow is forecasted to be between 28 and 36 degrees Celsius.,117,2026-02-01 09:15:57.028689,NG,2.13,2.11,2.15,800000.0,800000.0,0,0,0,0,0
4.0,1.0,1.0,,TEMPERATURE Forecast for DAY 2,The average temperature tomorrow is forecasted to be between 27 and 34 degrees Celsius.,117,2026-02-01 09:15:57.028689,ELEC-day2,0.0,0.0,0.0,,,0,0,0,0,0
3.0,1.0,1.0,,You are logged in as a DISTRIBUTOR,,117,2026-02-01 09:15:57.028689,ELEC-day3,0.0,0.0,0.0,,,0,0,0,0,0
2.0,1.0,1.0,,FINES,"The fine for open positions of ELEC-dayX at the end of the day is $20,000/contract.",117,2026-02-01 09:15:57.028689,ELEC-day4,0.0,0.0,0.0,,,0,0,0,0,0
