news_id,period,tick,ticker,headline,body,tick,timestamp,ticker,last_price,bid_price,ask_price,BUY_ANON,SELL_ANON,BUY_LUIS-T1,BUY_BOST-D,SELL_LUIS-T2,BUY_LUIS-T2,SELL_LUIS-T1
4.0,1.0,1.0,,TEMPERATURE Forecast for DAY 2,The average temperature tomorrow is forecasted to be between 8 and 18 degrees Celsius.,3,2026-02-01 08:57:41.829136,NG,2.2,2.18,2.22,800000.0,800000.0,0,0,0,0,0
3.0,1.0,1.0,,You are logged in as a DISTRIBUTOR,,3,2026-02-01 08:57:41.829136,ELEC-day2,0.0,0.0,0.0,,,0,0,0,0,0
2.0,1.0,1.0,,FINES,"The fine for open positions of ELEC-dayX at the end of the day is $20,000/contract.",3,2026-02-01 08:57:41.829136,ELEC-day3,0.0,0.0,0.0,,,0,0,0,0,0
1.0,1.0,1.0,,Welcome to the RITC2026 GBE Energy Electricity Trading Case - practice server,,3,2026-02-01 08:57:41.829136,ELEC-day4,0.0,0.0,0.0,,,0,0,0,0,0
,,,,,,3,2026-02-01 08:57:41.829136,ELEC-day5,0.0,0.0,0.0,,,0,0,0,0,0
,,,,,,3,2026-02-01 08:57:41.829136,ELEC-day6,0.0,0.0,0.0,,,0,0,0,0,0
,,,,,,3,2026-02-01 08:57:41.829136,ELEC-F,0.0,0.0,0.0,,,0,0,0,0,0
4.0,1.0,1.0,,TEMPERATURE Forecast for DAY 2,The average temperature tomorrow is forecasted to be between 8 and 18 degrees Celsius.,4,2026-02-01 08:57:42.866418,NG,2.2,2.18,2.22,800000.0,800000.0,0,0,0,0,0
3.0,1.0,1.0,,You are logged in as a DISTRIBUTOR,,4,2026-02-01 08:57:42.866418,ELEC-day2,0.0,0.0,0.0,,,0,0,0,0,0
2.0,1.0,1.0,,FINES,"The fine for open positions of ELEC-dayX at the end of the day is $20,000/contract.",4,2026-02-01 08:57:42.866418,ELEC-day3,0.0,0.0,0.0,,,0,0,0,0,0
1.0,1.0,1.0,,Welcome to the RITC2026 GBE Energy Electricity Trading Case - practice server,,4,2026-02-01 08:57:42.866418,ELEC-day4,0.0,0.0,0.0,,,0,0,0,0,0
,,,,,,4,2026-02-01 08:57:42.866418,ELEC-day5,0.0,0.0,0.0,,,0,0,0,0,0
,,,,,,4,2026-02-01 08:57:42.866418,ELEC-day6,0.0,0.0,0.0,,,0,0,0,0,0
,,,,,,4,2026-02-01 08:57:42.866418,ELEC-F,0.0,0.0,0.0,,,0,0,0,0,0
4.0,1.0,1.0,,TEMPERATURE Forecast for DAY 2,The average temperature tomorrow is forecasted to be between 8 and 18 degrees Celsius.,5,2026-02-01 08:57:43.893013,NG,2.2,2.18,2.22,800000.0,800000.0,0,0,0,0,0
3.0,1.0,1.0,,You are logged in as a DISTRIBUTOR,,5,2026-02-01 08:57:43.893013,ELEC-day2,0.0,0.0,0.0,,,0,0,0,0,0
2.0,1.0,1.0,,FINES,"The fine for open positions of ELEC-dayX at the end of the day is $20,000/contract.",5,2026-02-01 08:57:43.893013,ELEC-day3,0.0,0.0,0.0,,,0,0,0,0,0
1.0,1.0,1.0,,Welcome to the RITC2026 GBE Energy Electricity Trading Case - practice server,,5,2026-02-01 08:57:43.893013,ELEC-day4,0.0,0.0,0.0,,,0,0,0,0,0
,,,,,,5,2026-02-01 08:57:43.893013,ELEC-day5,0.0,0.0,0.0,,,0,0,0,0,0
,,,,,,5,2026-02-01 08:57:43.893013,ELEC-day6,0.0,0.0,0.0,,,0,0,0,0,0
,,,,,,5,2026-02-01 08:57:43.893013,ELEC-F,0.0,0.0,0.0,,,0,0,0,0,0
4.0,1.0,1.0,,TEMPERATURE Forecast for DAY 2,The average temperature tomorrow is forecasted to be between 8 and 18 degrees Celsius.,6,2026-02-01 08:57:44.920261,NG,2.19,2.17,2.21,800000.0,800000.0,0,0,0,0,0
3.0,1.0,1.0,,You are logged in as a DISTRIBUTOR,,6,2026-02-01 08:57:44.920261,ELEC-day2,0.0,0.0,0.0,,,0,0,0,0,0
2.0,1.0,1.0,,FINES,"The fine for open positions of ELEC-dayX at the end of the day is $20,000/contract.",6,2026-02-01 08:57:44.920261,ELEC-day3,0.0,0.0,0.0,,,0,0,0,0,0
1.0,1.0,1.0,,Welcome to the RITC2026 GBE Energy Electricity Trading Case - practice server,,6,2026-02-01 08:57:44.920261,ELEC-day4,0.0,0.0,0.0,,,0,0,0,0,0
,,,,,,6,2026-02-01 08:57:44.920261,ELEC-day5,0.0,0.0,0.0,,,0,0,0,0,0
,,,,,,6,2026-02-01 08:57:44.920261,ELEC-day6,0.0,0.0,0.0,,,0,0,0,0,0
,,,,,,6,2026-02-01 08:57:44.920261,ELEC-F,0.0,0.0,0.0,,,0,0,0,0,0
4.0,1.0,1.0,,TEMPERATURE Forecast for DAY 2,The average temperature tomorrow is forecasted to be between 8 and 18 degrees Celsius.,7,2026-02-01 08:57:45.960714,NG,2.19,2.17,2.21,800000.0,800000.0,0,0,0,0,0
3.0,1.0,1.0,,You are logged in as a DISTRIBUTOR,,7,2026-02-01 08:57:45.960714,ELEC-day2,0.0,0.0,0.0,,,0,0,0,0,0
2.0,1.0,1.0,,FINES,"The fine for open positions of ELEC-dayX at the end of the day is $20,000/contract.",7,2026-02-01 08:57:45.960714,ELEC-day3,0.0,0.0,0.0,,,0,0,0,0,0
1.0,1.0,1.0,,Welcome to the RITC2026 GBE Energy Electricity Trading Case - practice server,,7,2026-02-01 08:57:45.960714,ELEC-day4,0.0,0.0,0.0,,,0,0,0,0,0
,,,,,,7,2026-02-01 08:57:45.960714,ELEC-day5,0.0,0.0,0.0,,,0,0,0,0,0
,,,,,,7,2026-02-01 08:57:45.960714,ELEC-day6,0.0,0.0,0.0,,,0,0,0,0,0
,,,,,,7,2026-02-01 08:57:45.960714,ELEC-F,0.0,0.0,0.0,,,0,0,0,0,0
4.0,1.0,1.0,,TEMPERATURE Forecast for DAY 2,The average temperature tomorrow is forecasted to be between 8 and 18 degrees Celsius.,8,2026-02-01 08:57:46.990992,NG,2.19,2.17,2.21,800000.0,800000.0,0,0,0,0,0
3.0,1.0,1.0,,You are logged in as a DISTRIBUTOR,,8,2026-02-01 08:57:46.990992,ELEC-day2,0.0,0.0,0.0,,,0,0,0,0,0
2.0,1.0,1.0,,FINES,"The fine for open positions of ELEC-dayX at the end of the day is $20,000/contract.",8,2026-02-01 08:57:46.990992,ELEC-day3,0.0,0.0,0.0,,,0,0,0,0,0
1.0,1.0,1.0,,Welcome to the RITC2026 GBE Energy Electricity Trading Case - practice server,,8,2026-02-01 08:57:46.990992,ELEC-day4,0.0,0.0,0.0,,,0,0,0,0,0
,,,,,,8,2026-02-01 08:57:46.990992,ELEC-day5,0.0,0.0,0.0,,,0,0,0,0,0
,,,,,,8,2026-02-01 08:57:46.990992,ELEC-day6,0.0,0.0,0.0,,,0,0,0,0,0
,,,,,,8,2026-02-01 08:57:46.990992,ELEC-F,0.0,0.0,0.0,,,0,0,0,0,0
4.0,1.0,1.0,,TEMPERATURE Forecast for DAY 2,The average temperature tomorrow is forecasted to be between 8 and 18 degrees Celsius.,9,2026-02-01 08:57:48.038149,NG,2.19,2.17,2.21,800000.0,800000.0,0,0,0,0,0
3.0,1.0,1.0,,You are logged in as a DISTRIBUTOR,,9,2026-02-01 08:57:48.038149,ELEC-day2,0.0,0.0,0.0,,,0,0,0,0,0
2.0,1.0,1.0,,FINES,"The fine for open positions of ELEC-dayX at the end of the day is $20,000/contract.",9,2026-02-01 08:57:48.038149,ELEC-day3,0.0,0.0,0.0,,,0,0,0,0,0
1.0,1.0,1.0,,Welcome to the RITC2026 GBE Energy Electricity Trading Case - practice server,,9,2026-02-01 08:57:48.038149,ELEC-day4,0.0,0.0,0.0,,,0,0,0,0,0
,,,,,,9,2026-02-01 08:57:48.038149,ELEC-day5,0.0,0.0,0.0,,,0,0,0,0,0
,,,,,,9,2026-02-01 08:57:48.038149,ELEC-day6,0.0,0.0,0.0,,,0,0,0,0,0
,,,,,,9,2026-02-01 08:57:48.038149,ELEC-F,0.0,0.0,0.0,,,0,0,0,0,0
4.0,1.0,1.0,,TEMPERATURE Forecast for DAY 2,The average temperature tomorrow is forecasted to be between 8 and 18 degrees Celsius.,10,2026-02-01 08:57:49.057630,NG,2.19,2.17,2.21,800000.0,800000.0,0,0,0,0,0
3.0,1.0,1.0,,You are logged in as a DISTRIBUTOR,,10,2026-02-01 08:57:49.057630,ELEC-day2,0.0,0.0,0.0,,,0,0,0,0,0
2.0,1.0,1.0,,FINES,"The fine for open positions of ELEC-dayX at the end of the day is $20,000/contract.",10,2026-02-01 08:57:49.057630,ELEC-day3,0.0,0.0,0.0,,,0,0,0,0,0
1.0,1.0,1.0,,Welcome to the RITC2026 GBE Energy Electricity Trading Case - practice server,,10,2026-02-01 08:57:49.057630,ELEC-day4,0.0,0.0,0.0,,,0,0,0,0,0
,,,,,,10,2026-02-01 08:57:49.057630,ELEC-day5,0.0,0.0,0.0,,,0,0,0,0,0
,,,,,,10,2026-02-01 08:57:49.057630,ELEC-day6,0.0,0.0,0.0,,,0,0,0,0,0
,,,,,,10,2026-02-01 08:57:49.057630,ELEC-F,0.0,0.0,0.0,,,0,0,0,0,0
4.0,1.0,1.0,,TEMPERATURE Forecast for DAY 2,The average temperature tomorrow is forecasted to be between 8 and 18 degrees Celsius.,11,2026-02-01 08:57:50.080362,NG,2.17,2.15,2.19,800000.0,800000.0,0,0,0,0,0
3.0,1.0,1.0,,You are logged in as a DISTRIBUTOR,,11,2026-02-01 08:57:50.080362,ELEC-day2,0.0,0.0,0.0,,,0,0,0,0,0
2.0,1.0,1.0,,FINES,"The fine for open positions of ELEC-dayX at the end of the day is $20,000/contract.",11,2026-02-01 08:57:50.080362,ELEC-day3,0.0,0.0,0.0,,,0,0,0,0,0
1.0,1.0,1.0,,Welcome to the RITC2026 GBE Energy Electricity Trading Case - practice server,,11,2026-02-01 08:57:50.080362,ELEC-day4,0.0,0.0,0.0,,,0,0,0,0,0
,,,,,,11,2026-02-01 08:57:50.080362,ELEC-day5,0.0,0.0,0.0,,,0,0,0,0,0
,,,,,,11,2026-02-01 08:57:50.080362,ELEC-day6,0.0,0.0,0.0,,,0,0,0,0,0
,,,,,,11,2026-02-01 08:57:50.080362,ELEC-F,0.0,0.0,0.0,,,0,0,0,0,0
4.0,1.0,1.0,,TEMPERATURE Forecast for DAY 2,The average temperature tomorrow is forecasted to be between 8 and 18 degrees Celsius.,12,2026-02-01 08:57:51.113437,NG,2.17,2.15,2.19,800000.0,800000.0,0,0,0,0,0
3.0,1.0,1.0,,You are logged in as a DISTRIBUTOR,,12,2026-02-01 08:57:51.113437,ELEC-day2,0.0,0.0,0.0,,,0,0,0,0,0
2.0,1.0,1.0,,FINES,"The fine for open positions of ELEC-dayX at the end of the day is $20,000/contract.",12,2026-02-01 08:57:51.113437,ELEC-day3,0.0,0.0,0.0,,,0,0,0,0,0
1.0,1.0,1.0,,Welcome to the RITC2026 GBE Energy Electricity Trading Case - practice server,,12,2026-02-01 08:57:51.113437,ELEC-day4,0.0,0.0,0.0,,,0,0,0,0,0
,,,,,,12,2026-02-01 08:57:51.113437,ELEC-day5,0.0,0.0,0.0,,,0,0,0,0,0
,,,,,,12,2026-02-01 08:57:51.113437,ELEC-day6,0.0,0.0,0.0,,,0,0,0,0,0
,,,,,,12,2026-02-01 08:57:51.113437,ELEC-F,0.0,0.0,0.0,,,0,0,0,0,0
4.0,1.0,1.0,,TEMPERATURE Forecast for DAY 2,The average temperature tomorrow is forecasted to be between 8 and 18 degrees Celsius.,13,2026-02-01 08:57:52.143226,NG,2.16,2.14,2.18,800000.0,800000.0,0,0,0,0,0
3.0,1.0,1.0,,You are logged in as a DISTRIBUTOR,,13,2026-02-01 08:57:52.143226,ELEC-day2,0.0,0.0,0.0,,,0,0,0,0,0
2.0,1.0,1.0,,FINES,"The fine for open positions of ELEC-dayX at the end of the day is $20,000/contract.",13,2026-02-01 08:57:52.143226,ELEC-day3,0.0,0.0,0.0,,,0,0,0,0,0
1.0,1.0,1.0,,Welcome to the RITC2026 GBE Energy Electricity Trading Case - practice server,,13,2026-02-01 08:57:52.143226,ELEC-day4,0.0,0.0,0.0,,,0,0,0,0,0
,,,,,,13,2026-02-01 08:57:52.143226,ELEC-day5,0.0,0.0,0.0,,,0,0,0,0,0
,,,,,,13,2026-02-01 08:57:52.143226,ELEC-day6,0.0,0.0,0.0,,,0,0,0,0,0
,,,,,,13,2026-02-01 08:57:52.143226,ELEC-F,0.0,0.0,0.0,,,0,0,0,0,0
4.0,1.0,1.0,,TEMPERATURE Forecast for DAY 2,The average temperature tomorrow is forecasted to be between 8 and 18 degrees Celsius.,14,2026-02-01 08:57:53.167594,NG,2.16,2.14,2.18,800000.0,800000.0,0,0,0,0,0
3.0,1.0,1.0,,You are logged in as a DISTRIBUTOR,,14,2026-02-01 08:57:53.167594,ELEC-day2,0.0,0.0,0.0,,,0,0,0,0,0
2.0,1.0,1.0,,FINES,"The fine for open positions of ELEC-dayX at the end of the day is $20,000/contract.",14,2026-02-01 08:57:53.167594,ELEC-day3,0.0,0.0,0.0,,,0,0,0,0,0
1.0,1.0,1.0,,Welcome to the RITC2026 GBE Energy Electricity Trading Case - practice server,,14,2026-02-01 08:57:53.167594,ELEC-day4,0.0,0.0,0.0,,,0,0,0,0,0
,,,,,,14,2026-02-01 08:57:53.167594,ELEC-day5,0.0,0.0,0.0,,,0,0,0,0,0
,,,,,,14,2026-02-01 08:57:53.167594,ELEC-day6,0.0,0.0,0.0,,,0,0,0,0,0
,,,,,,14,2026-02-01 08:57:53.167594,ELEC-F,0.0,0.0,0.0,,,0,0,0,0,0
4.0,1.0,1.0,,TEMPERATURE Forecast for DAY 2,The average temperature tomorrow is forecasted to be between 8 and 18 degrees Celsius.,15,2026-02-01 08:57:54.201526,NG,2.16,2.14,2.18,800000.0,800000.0,0,0,0,0,0
3.0,1.0,1.0,,You are logged in as a DISTRIBUTOR,,15,2026-02-01 08:57:54.201526,ELEC-day2,0.0,0.0,0.0,,,0,0,0,0,0
2.0,1.0,1.0,,FINES,"The fine for open positions of ELEC-dayX at the end of the day is $20,000/contract.",15,2026-02-01 08:57:54.201526,ELEC-day3,0.0,0.0,0.0,,,0,0,0,0,0
1.0,1.0,1.0,,Welcome to the RITC2026 GBE Energy Electricity Trading Case - practice server,,15,2026-02-01 08:57:54.201526,ELEC-day4,0.0,0.0,0.0,,,0,0,0,0,0
,,,,,,15,2026-02-01 08:57:54.201526,ELEC-day5,0.0,0.0,0.0,,,0,0,0,0,0
,,,,,,15,2026-02-01 08:57:54.201526,ELEC-day6,0.0,0.0,0.0,,,0,0,0,0,0
,,,,,,15,2026-02-01 08:57:54.201526,ELEC-F,0.0,0.0,0.0,,,0,0,0,0,0
4.0,1.0,1.0,,TEMPERATURE Forecast for DAY 2,The average temperature tomorrow is forecasted to be between 8 and 18 degrees Celsius.,16,2026-02-01 08:57:55.216880,NG,2.16,2.14,2.18,800000.0,800000.0,0,0,0,0,0
3.0,1.0,1.0,,You are logged in as a DISTRIBUTOR,,16,2026-02-01 08:57:55.216880,ELEC-day2,0.0,0.0,0.0,,,0,0,0,0,0
2.0,1.0,1.0,,FINES,"The fine for open positions of ELEC-dayX at the end of the day is $20,000/contract.",16,2026-02-01 08:57:55.216880,ELEC-day3,0.0,0.0,0.0,,,0,0,0,0,0
1.0,1.0,1.0,,Welcome to the RITC2026 GBE Energy Electricity Trading Case - practice server,,16,2026-02-01 08:57:55.216880,ELEC-day4,0.0,0.0,0.0,,,0,0,0,0,0
,,,,,,16,2026-02-01 08:57:55.216880,ELEC-day5,0.0,0.0,0.0,,,0,0,0,0,0
,,,,,,16,2026-02-01 08:57:55.216880,ELEC-day6,0.0,0.0,0.0,,,0,0,0,0,0
,,,,,,16,2026-02-01 08:57:55.216880,ELEC-F,0.0,0.0,0.0,,,0,0,0,0,0
4.0,1.0,1.0,,TEMPERATURE Forecast for DAY 2,The average temperature tomorrow is forecasted to be between 8 and 18 degrees Celsius.,17,2026-02-01 08:57:56.248854,NG,2.17,2.15,2.19,800000.0,800000.0,0,0,0,0,0
3.0,1.0,1.0,,You are logged in as a DISTRIBUTOR,,17,2026-02-01 08:57:56.248854,ELEC-day2,0.0,0.0,0.0,,,0,0,0,0,0
2.0,1.0,1.0,,FINES,"The fine for open positions of ELEC-dayX at the end of the day is $20,000/contract.",17,2026-02-01 08:57:56.248854,ELEC-day3,0.0,0.0,0.0,,,0,0,0,0,0
1.0,1.0,1.0,,Welcome to the RITC2026 GBE Energy Electricity Trading Case - practice server,,17,2026-02-01 08:57:56.248854,ELEC-day4,0.0,0.0,0.0,,,0,0,0,0,0
,,,,,,17,2026-02-01 08:57:56.248854,ELEC-day5,0.0,0.0,0.0,,,0,0,0,0,0
,,,,,,17,2026-02-01 08:57:56.248854,ELEC-day6,0.0,0.0,0.0,,,0,0,0,0,0
,,,,,,17,2026-02-01 08:57:56.248854,ELEC-F,0.0,0.0,0.0,,,0,0,0,0,0
4.0,1.0,1.0,,TEMPERATURE Forecast for DAY 2,The average temperature tomorrow is forecasted to be between 8 and 18 degrees Celsius.,18,2026-02-01 08:57:57.276391,NG,2.16,2.14,2.18,800000.0,800000.0,0,0,0,0,0
3.0,1.0,1.0,,You are logged in as a DISTRIBUTOR,,18,2026-02-01 08:57:57.276391,ELEC-day2,0.0,0.0,0.0,,,0,0,0,0,0
2.0,1.0,1.0,,FINES,"The fine for open positions of ELEC-dayX at the end of the day is $20,000/contract.",18,2026-02-01 08:57:57.276391,ELEC-day3,0.0,0.0,0.0,,,0,0,0,0,0
1.0,1.0,1.0,,Welcome to the RITC2026 GBE Energy Electricity Trading Case - practice server,,18,2026-02-01 08:57:57.276391,ELEC-day4,0.0,0.0,0.0,,,0,0,0,0,0
,,,,,,18,2026-02-01 08:57:57.276391,ELEC-day5,0.0,0.0,0.0,,,0,0,0,0,0
,,,,,,18,2026-02-01 08:57:57.276391,ELEC-day6,0.0,0.0,0.0,,,0,0,0,0,0
,,,,,,18,2026-02-01 08:57:57.276391,ELEC-F,0.0,0.0,0.0,,,0,0,0,0,0
4.0,1.0,1.0,,TEMPERATURE Forecast for DAY 2,The average temperature tomorrow is forecasted to be between 8 and 18 degrees Celsius.,19,2026-02-01 08:57:58.303289,NG,2.16,2.14,2.18,800000.0,800000.0,0,0,0,0,0
3.0,1.0,1.0,,You are logged in as a DISTRIBUTOR,,19,2026-02-01 08:57:58.303289,ELEC-day2,0.0,0.0,0.0,,,0,0,0,0,0
2.0,1.0,1.0,,FINES,"The fine for open positions of ELEC-dayX at the end of the day is $20,000/contract.",19,2026-02-01 08:57:58.303289,ELEC-day3,0.0,0.0,0.0,,,0,0,0,0,0
1.0,1.0,1.0,,Welcome to the RITC2026 GBE Energy Electricity Trading Case - practice server,,19,2026-02-01 08:57:58.303289,ELEC-day4,0.0,0.0,0.0,,,0,0,0,0,0
,,,,,,19,2026-02-01 08:57:58.303289,ELEC-day5,0.0,0.0,0.0,,,0,0,0,0,0
,,,,,,19,2026-02-01 08:57:58.303289,ELEC-day6,0.0,0.0,0.0,,,0,0,0,0,0
,,,,,,19,2026-02-01 08:57:58.303289,ELEC-F,0.0,0.0,0.0,,,0,0,0,0,0
4.0,1.0,1.0,,TEMPERATURE Forecast for DAY 2,The average temperature tomorrow is forecasted to be between 8 and 18 degrees Celsius.,20,2026-02-01 08:57:59.341833,NG,2.15,2.13,2.17,800000.0,800000.0,0,0,0,0,0
3.0,1.0,1.0,,You are logged in as a DISTRIBUTOR,,20,2026-02-01 08:57:59.341833,ELEC-day2,0.0,0.0,0.0,,,0,0,0,0,0
2.0,1.0,1.0,,FINES,"The fine for open positions of ELEC-dayX at the end of the day is $20,000/contract.",20,2026-02-01 08:57:59.341833,ELEC-day3,0.0,0.0,0.0,,,0,0,0,0,0
1.0,1.0,1.0,,Welcome to the RITC2026 GBE Energy Electricity Trading Case - practice server,,20,2026-02-01 08:57:59.341833,ELEC-day4,0.0,0.0,0.0,,,0,0,0,0,0
,,,,,,20,2026-02-01 08:57:59.341833,ELEC-day5,0.0,0.0,0.0,,,0,0,0,0,0
,,,,,,20,2026-02-01 08:57:59.341833,ELEC-day6,0.0,0.0,0.0,,,0,0,0,0,0
,,,,,,20,2026-02-01 08:57:59.341833,ELEC-F,0.0,0.0,0.0,,,0,0,0,0,0
4.0,1.0,1.0,,TEMPERATURE Forecast for DAY 2,The average temperature tomorrow is forecasted to be between 8 and 18 degrees Celsius.,21,2026-02-01 08:58:00.371666,NG,2.15,2.13,2.17,800000.0,800000.0,0,0,0,0,0
3.0,1.0,1.0,,You are logged in as a DISTRIBUTOR,,21,2026-02-01 08:58:00.371666,ELEC-day2,0.0,0.0,0.0,,,0,0,0,0,0
2.0,1.0,1.0,,FINES,"The fine for open positions of ELEC-dayX at the end of the day is $20,000/contract.",21,2026-02-01 08:58:00.371666,ELEC-day3,0.0,0.0,0.0,,,0,0,0,0,0
1.0,1.0,1.0,,Welcome to the RITC2026 GBE Energy Electricity Trading Case - practice server,,21,2026-02-01 08:58:00.371666,ELEC-day4,0.0,0.0,0.0,,,0,0,0,0,0
,,,,,,21,2026-02-01 08:58:00.371666,ELEC-day5,0.0,0.0,0.0,,,0,0,0,0,0
,,,,,,21,2026-02-01 08:58:00.371666,ELEC-day6,0.0,0.0,0.0,,,0,0,0,0,0
,,,,,,21,2026-02-01 08:58:00.371666,ELEC-F,0.0,0.0,0.0,,,0,0,0,0,0
4.0,1.0,1.0,,TEMPERATURE Forecast for DAY 2,The average temperature tomorrow is forecasted to be between 8 and 18 degrees Celsius.,22,2026-02-01 08:58:01.395888,NG,2.15,2.13,2.17,800000.0,800000.0,0,0,0,0,0
3.0,1.0,1.0,,You are logged in as a DISTRIBUTOR,,22,2026-02-01 08:58:01.395888,ELEC-day2,0.0,0.0,0.0,,,0,0,0,0,0
2.0,1.0,1.0,,FINES,"The fine for open positions of ELEC-dayX at the end of the day is $20,000/contract.",22,2026-02-01 08:58:01.395888,ELEC-day3,0.0,0.0,0.0,,,0,0,0,0,0
1.0,1.0,1.0,,Welcome to the RITC2026 GBE Energy Electricity Trading Case - practice server,,22,2026-02-01 08:58:01.395888,ELEC-day4,0.0,0.0,0.0,,,0,0,0,0,0
,,,,,,22,2026-02-01 08:58:01.395888,ELEC-day5,0.0,0.0,0.0,,,0,0,0,0,0
,,,,,,22,2026-02-01 08:58:01.395888,ELEC-day6,0.0,0.0,0.0,,,0,0,0,0,0
,,,,,,22,2026-02-01 08:58:01.395888,ELEC-F,0.0,0.0,0.0,,,0,0,0,0,0
4.0,1.0,1.0,,TEMPERATURE Forecast for DAY 2,The average temperature tomorrow is forecasted to be between 8 and 18 degrees Celsius.,23,2026-02-01 08:58:02.427884,NG,2.15,2.13,2.17,800000.0,800000.0,0,0,0,0,0
3.0,1.0,1.0,,You are logged in as a DISTRIBUTOR,,23,2026-02-01 08:58:02.427884,ELEC-day2,0.0,0.0,0.0,,,0,0,0,0,0
2.0,1.0,1.0,,FINES,"The fine for open positions of ELEC-dayX at the end of the day is $20,000/contract.",23,2026-02-01 08:58:02.427884,ELEC-day3,0.0,0.0,0.0,,,0,0,0,0,0
1.0,1.0,1.0,,Welcome to the RITC2026 GBE Energy Electricity Trading Case - practice server,,23,2026-02-01 08:58:02.427884,ELEC-day4,0.0,0.0,0.0,,,0,0,0,0,0
,,,,,,23,2026-02-01 08:58:02.427884,ELEC-day5,0.0,0.0,0.0,,,0,0,0,0,0
,,,,,,23,2026-02-01 08:58:02.427884,ELEC-day6,0.0,0.0,0.0,,,0,0,0,0,0
,,,,,,23,2026-02-01 08:58:02.427884,ELEC-F,0.0,0.0,0.0,,,0,0,0,0,0
4.0,1.0,1.0,,TEMPERATURE Forecast for DAY 2,The average temperature tomorrow is forecasted to be between 8 and 18 degrees Celsius.,24,2026-02-01 08:58:03.463402,NG,2.14,2.12,2.16,800000.0,800000.0,0,0,0,0,0
3.0,1.0,1.0,,You are logged in as a DISTRIBUTOR,,24,2026-02-01 08:58:03.463402,ELEC-day2,0.0,0.0,0.0,,,0,0,0,0,0
2.0,1.0,1.0,,FINES,"The fine for open positions of ELEC-dayX at the end of the day is $20,000/contract.",24,2026-02-01 08:58:03.463402,ELEC-day3,0.0,0.0,0.0,,,0,0,0,0,0
1.0,1.0,1.0,,Welcome to the RITC2026 GBE Energy Electricity Trading Case - practice server,,24,2026-02-01 08:58:03.463402,ELEC-day4,0.0,0.0,0.0,,,0,0,0,0,0
,,,,,,24,2026-02-01 08:58:03.463402,ELEC-day5,0.0,0.0,0.0,,,0,0,0,0,0
,,,,,,24,2026-02-01 08:58:03.463402,ELEC-day6,0.0,0.0,0.0,,,0,0,0,0,0
,,,,,,24,2026-02-01 08:58:03.463402,ELEC-F,0.0,0.0,0.0,,,0,0,0,0,0
4.0,1.0,1.0,,TEMPERATURE Forecast for DAY 2,The average temperature tomorrow is forecasted to be between 8 and 18 degrees Celsius.,25,2026-02-01 08:58:04.513286,NG,2.14,2.12,2.16,800000.0,800000.0,0,0,0,0,0
3.0,1.0,1.0,,You are logged in as a DISTRIBUTOR,,25,2026-02-01 08:58:04.513286,ELEC-day2,0.0,0.0,0.0,,,0,0,0,0,0
2.0,1.0,1.0,,FINES,"The fine for open positions of ELEC-dayX at the end of the day is $20,000/contract.",25,2026-02-01 08:58:04.513286,ELEC-day3,0.0,0.0,0.0,,,0,0,0,0,0
1.0,1.0,1.0,,Welcome to the RITC2026 GBE Energy Electricity Trading Case - practice server,,25,2026-02-01 08:58:04.513286,ELEC-day4,0.0,0.0,0.0,,,0,0,0,0,0
,,,,,,25,2026-02-01 08:58:04.513286,ELEC-day5,0.0,0.0,0.0,,,0,0,0,0,0
,,,,,,25,2026-02-01 08:58:04.513286,ELEC-day6,0.0,0.0,0.0,,,0,0,0,0,0
,,,,,,25,2026-02-01 08:58:04.513286,ELEC-F,0.0,0.0,0.0,,,0,0,0,0,0
4.0,1.0,1.0,,TEMPERATURE Forecast for DAY 2,The average temperature tomorrow is forecasted to be between 8 and 18 degrees Celsius.,26,2026-02-01 08:58:05.533167,NG,2.14,2.12,2.16,800000.0,800000.0,0,0,0,0,0
3.0,1.0,1.0,,You are logged in as a DISTRIBUTOR,,26,2026-02-01 08:58:05.533167,ELEC-day2,0.0,0.0,0.0,,,0,0,0,0,0
2.0,1.0,1.0,,FINES,"The fine for open positions of ELEC-dayX at the end of the day is $20,000/contract.",26,2026-02-01 08:58:05.533167,ELEC-day3,0.0,0.0,0.0,,,0,0,0,0,0
1.0,1.0,1.0,,Welcome to the RITC2026 GBE Energy Electricity Trading Case - practice server,,26,2026-02-01 08:58:05.533167,ELEC-day4,0.0,0.0,0.0,,,0,0,0,0,0
,,,,,,26,2026-02-01 08:58:05.533167,ELEC-day5,0.0,0.0,0.0,,,0,0,0,0,0
,,,,,,26,2026-02-01 08:58:05.533167,ELEC-day6,0.0,0.0,0.0,,,0,0,0,0,0
,,,,,,26,2026-02-01 08:58:05.533167,ELEC-F,0.0,0.0,0.0,,,0,0,0,0,0
4.0,1.0,1.0,,TEMPERATURE Forecast for DAY 2,The average temperature tomorrow is forecasted to be between 8 and 18 degrees Celsius.,27,2026-02-01 08:58:06.563523,NG,2.14,2.12,2.16,800000.0,800000.0,0,0,0,0,0
3.0,1.0,1.0,,You are logged in as a DISTRIBUTOR,,27,2026-02-01 08:58:06.563523,ELEC-day2,0.0,0.0,0.0,,,0,0,0,0,0
2.0,1.0,1.0,,FINES,"The fine for open positions of ELEC-dayX at the end of the day is $20,000/contract.",27,2026-02-01 08:58:06.563523,ELEC-day3,0.0,0.0,0.0,,,0,0,0,0,0
1.0,1.0,1.0,,Welcome to the RITC2026 GBE Energy Electricity Trading Case - practice server,,27,2026-02-01 08:58:06.563523,ELEC-day4,0.0,0.0,0.0,,,0,0,0,0,0
,,,,,,27,2026-02-01 08:58:06.563523,ELEC-day5,0.0,0.0,0.0,,,0,0,0,0,0
,,,,,,27,2026-02-01 08:58:06.563523,ELEC-day6,0.0,0.0,0.0,,,0,0,0,0,0
,,,,,,27,2026-02-01 08:58:06.563523,ELEC-F,0.0,0.0,0.0,,,0,0,0,0,0
4.0,1.0,1.0,,TEMPERATURE Forecast for DAY 2,The average temperature tomorrow is forecasted to be between 8 and 18 degrees Celsius.,28,2026-02-01 08:58:07.593176,NG,2.13,2.11,2.15,800000.0,800000.0,0,0,0,0,0
3.0,1.0,1.0,,You are logged in as a DISTRIBUTOR,,28,2026-02-01 08:58:07.593176,ELEC-day2,0.0,0.0,0.0,,,0,0,0,0,0
2.0,1.0,1.0,,FINES,"The fine for open positions of ELEC-dayX at the end of the day is $20,000/contract.",28,2026-02-01 08:58:07.593176,ELEC-day3,0.0,0.0,0.0,,,0,0,0,0,0
1.0,1.0,1.0,,Welcome to the RITC2026 GBE Energy Electricity Trading Case - practice server,,28,2026-02-01 08:58:07.593176,ELEC-day4,0.0,0.0,0.0,,,0,0,0,0,0
,,,,,,28,2026-02-01 08:58:07.593176,ELEC-day5,0.0,0.0,0.0,,,0,0,0,0,0
,,,,,,28,2026-02-01 08:58:07.593176,ELEC-day6,0.0,0.0,0.0,,,0,0,0,0,0
,,,,,,28,2026-02-01 08:58:07.593176,ELEC-F,0.0,0.0,0.0,,,0,0,0,0,0
4.0,1.0,1.0,,TEMPERATURE Forecast for DAY 2,The average temperature tomorrow is forecasted to be between 8 and 18 degrees Celsius.,30,2026-02-01 08:58:08.683251,NG,2.13,2.11,2.15,800000.0,800000.0,0,0,0,0,0
3.0,1.0,1.0,,You are logged in as a DISTRIBUTOR,,30,2026-02-01 08:58:08.683251,ELEC-day2,0.0,0.0,0.0,,,0,0,0,0,0
2.0,1.0,1.0,,FINES,"The fine for open positions of ELEC-dayX at the end of the day is $20,000/contract.",30,2026-02-01 08:58:08.683251,ELEC-day3,0.0,0.0,0.0,,,0,0,0,0,0
1.0,1.0,1.0,,Welcome to the RITC2026 GBE Energy Electricity Trading Case - practice server,,30,2026-02-01 08:58:08.683251,ELEC-day4,0.0,0.0,0.0,,,0,0,0,0,0
,,,,,,30,2026-02-01 08:58:08.683251,ELEC-day5,0.0,0.0,0.0,,,0,0,0,0,0
,,,,,,30,2026-02-01 08:58:08.683251,ELEC-day6,0.0,0.0,0.0,,,0,0,0,0,0
,,,,,,30,2026-02-01 08:58:08.683251,ELEC-F,0.0,0.0,0.0,,,0,0,0,0,0
4.0,1.0,1.0,,TEMPERATURE Forecast for DAY 2,The average temperature tomorrow is forecasted to be between 8 and 18 degrees Celsius.,31,2026-02-01 08:58:09.803111,NG,2.14,2.12,2.16,800000.0,800000.0,0,0,0,0,0
3.0,1.0,1.0,,You are logged in as a DISTRIBUTOR,,31,2026-02-01 08:58:09.803111,ELEC-day2,0.0,0.0,0.0,,,0,0,0,0,0
2.0,1.0,1.0,,FINES,"The fine for open positions of ELEC-dayX at the end of the day is $20,000/contract.",31,2026-02-01 08:58:09.803111,ELEC-day3,0.0,0.0,0.0,,,0,0,0,0,0
1.0,1.0,1.0,,Welcome to the RITC2026 GBE Energy Electricity Trading Case - practice server,,31,2026-02-01 08:58:09.803111,ELEC-day4,0.0,0.0,0.0,,,0,0,0,0,0
,,,,,,31,2026-02-01 08:58:09.803111,ELEC-day5,0.0,0.0,0.0,,,0,0,0,0,0
,,,,,,31,2026-02-01 08:58:09.803111,ELEC-day6,0.0,0.0,0.0,,,0,0,0,0,0
,,,,,,31,2026-02-01 08:58:09.803111,ELEC-F,0.0,0.0,0.0,,,0,0,0,0,0
4.0,1.0,1.0,,TEMPERATURE Forecast for DAY 2,The average temperature tomorrow is forecasted to be between 8 and 18 degrees Celsius.,32,2026-02-01 08:58:10.845770,NG,2.13,2.11,2.15,800000.0,800000.0,0,0,0,0,0
3.0,1.0,1.0,,You are logged in as a DISTRIBUTOR,,32,2026-02-01 08:58:10.845770,ELEC-day2,0.0,0.0,0.0,,,0,0,0,0,0
2.0,1.0,1.0,,FINES,"The fine for open positions of ELEC-dayX at the end of the day is $20,000/contract.",32,2026-02-01 08:58:10.845770,ELEC-day3,0.0,0.0,0.0,,,0,0,0,0,0
1.0,1.0,1.0,,Welcome to the RITC2026 GBE Energy Electricity Trading Case - practice server,,32,2026-02-01 08:58:10.845770,ELEC-day4,0.0,0.0,0.0,,,0,0,0,0,0
,,,,,,32,2026-02-01 08:58:10.845770,ELEC-day5,0.0,0.0,0.0,,,0,0,0,0,0
,,,,,,32,2026-02-01 08:58:10.845770,ELEC-day6,0.0,0.0,0.0,,,0,0,0,0,0
,,,,,,32,2026-02-01 08:58:10.845770,ELEC-F,0.0,0.0,0.0,,,0,0,0,0,0
4.0,1.0,1.0,,TEMPERATURE Forecast for DAY 2,The average temperature tomorrow is forecasted to be between 8 and 18 degrees Celsius.,33,2026-02-01 08:58:11.872128,NG,2.14,2.12,2.16,800000.0,800000.0,0,0,0,0,0
3.0,1.0,1.0,,You are logged in as a DISTRIBUTOR,,33,2026-02-01 08:58:11.872128,ELEC-day2,0.0,0.0,0.0,,,0,0,0,0,0
2.0,1.0,1.0,,FINES,"The fine for open positions of ELEC-dayX at the end of the day is $20,000/contract.",33,2026-02-01 08:58:11.872128,ELEC-day3,0.0,0.0,0.0,,,0,0,0,0,0
1.0,1.0,1.0,,Welcome to the RITC2026 GBE Energy Electricity Trading Case - practice server,,33,2026-02-01 08:58:11.872128,ELEC-day4,0.0,0.0,0.0,,,0,0,0,0,0
,,,,,,33,2026-02-01 08:58:11.872128,ELEC-day5,0.0,0.0,0.0,,,0,0,0,0,0
,,,,,,33,2026-02-01 08:58:11.872128,ELEC-day6,0.0,0.0,0.0,,,0,0,0,0,0
,,,,,,33,2026-02-01 08:58:11.872128,ELEC-F,0.0,0.0,0.0,,,0,0,0,0,0
4.0,1.0,1.0,,TEMPERATURE Forecast for DAY 2,The average temperature tomorrow is forecasted to be between 8 and 18 degrees Celsius.,34,2026-02-01 08:58:12.893568,NG,2.13,2.11,2.15,800000.0,800000.0,0,0,0,0,0
3.0,1.0,1.0,,You are logged in as a DISTRIBUTOR,,34,2026-02-01 08:58:12.893568,ELEC-day2,0.0,0.0,0.0,,,0,0,0,0,0
2.0,1.0,1.0,,FINES,"The fine for open positions of ELEC-dayX at the end of the day is $20,000/contract.",34,2026-02-01 08:58:12.893568,ELEC-day3,0.0,0.0,0.0,,,0,0,0,0,0
1.0,1.0,1.0,,Welcome to the RITC2026 GBE Energy Electricity Trading Case - practice server,,34,2026-02-01 08:58:12.893568,ELEC-day4,0.0,0.0,0.0,,,0,0,0,0,0
,,,,,,34,2026-02-01 08:58:12.893568,ELEC-day5,0.0,0.0,0.0,,,0,0,0,0,0
,,,,,,34,2026-02-01 08:58:12.893568,ELEC-day6,0.0,0.0,0.0,,,0,0,0,0,0
,,,,,,34,2026-02-01 08:58:12.893568,ELEC-F,0.0,0.0,0.0,,,0,0,0,0,0
4.0,1.0,1.0,,TEMPERATURE Forecast for DAY 2,The average temperature tomorrow is forecasted to be between 8 and 18 degrees Celsius.,35,2026-02-01 08:58:13.919794,NG,2.13,2.11,2.15,800000.0,800000.0,0,0,0,0,0
3.0,1.0,1.0,,You are logged in as a DISTRIBUTOR,,35,2026-02-01 08:58:13.919794,ELEC-day2,0.0,0.0,0.0,,,0,0,0,0,0
2.0,1.0,1.0,,FINES,"The fine for open positions of ELEC-dayX at the end of the day is $20,000/contract.",35,2026-02-01 08:58:13.919794,ELEC-day3,0.0,0.0,0.0,,,0,0,0,0,0
1.0,1.0,1.0,,Welcome to the RITC2026 GBE Energy Electricity Trading Case - practice server,,35,2026-02-01 08:58:13.919794,ELEC-day4,0.0,0.0,0.0,,,0,0,0,0,0
,,,,,,35,2026-02-01 08:58:13.919794,ELEC-day5,0.0,0.0,0.0,,,0,0,0,0,0
,,,,,,35,2026-02-01 08:58:13.919794,ELEC-day6,0.0,0.0,0.0,,,0,0,0,0,0
,,,,,,35,2026-02-01 08:58:13.919794,ELEC-F,0.0,0.0,0.0,,,0,0,0,0,0
4.0,1.0,1.0,,TEMPERATURE Forecast for DAY 2,The average temperature tomorrow is forecasted to be between 8 and 18 degrees Celsius.,36,2026-02-01 08:58:14.958850,NG,2.13,2.11,2.15,800000.0,800000.0,0,0,0,0,0
3.0,1.0,1.0,,You are logged in as a DISTRIBUTOR,,36,2026-02-01 08:58:14.958850,ELEC-day2,0.0,0.0,0.0,,,0,0,0,0,0
2.0,1.0,1.0,,FINES,"The fine for open positions of ELEC-dayX at the end of the day is $20,000/contract.",36,2026-02-01 08:58:14.958850,ELEC-day3,0.0,0.0,0.0,,,0,0,0,0,0
1.0,1.0,1.0,,Welcome to the RITC2026 GBE Energy Electricity Trading Case - practice server,,36,2026-02-01 08:58:14.958850,ELEC-day4,0.0,0.0,0.0,,,0,0,0,0,0
,,,,,,36,2026-02-01 08:58:14.958850,ELEC-day5,0.0,0.0,0.0,,,0,0,0,0,0
,,,,,,36,2026-02-01 08:58:14.958850,ELEC-day6,0.0,0.0,0.0,,,0,0,0,0,0
,,,,,,36,2026-02-01 08:58:14.958850,ELEC-F,0.0,0.0,0.0,,,0,0,0,0,0
4.0,1.0,1.0,,TEMPERATURE Forecast for DAY 2,The average temperature tomorrow is forecasted to be between 8 and 18 degrees Celsius.,37,2026-02-01 08:58:15.988992,NG,2.14,2.12,2.16,800000.0,800000.0,0,0,0,0,0
3.0,1.0,1.0,,You are logged in as a DISTRIBUTOR,,37,2026-02-01 08:58:15.988992,ELEC-day2,0.0,0.0,0.0,,,0,0,0,0,0
2.0,1.0,1.0,,FINES,"The fine for open positions of ELEC-dayX at the end of the day is $20,000/contract.",37,2026-02-01 08:58:15.988992,ELEC-day3,0.0,0.0,0.0,,,0,0,0,0,0
1.0,1.0,1.0,,Welcome to the RITC2026 GBE Energy Electricity Trading Case - practice server,,37,2026-02-01 08:58:15.988992,ELEC-day4,0.0,0.0,0.0,,,0,0,0,0,0
,,,,,,37,2026-02-01 08:58:15.988992,ELEC-day5,0.0,0.0,0.0,,,0,0,0,0,0
,,,,,,37,2026-02-01 08:58:15.988992,ELEC-day6,0.0,0.0,0.0,,,0,0,0,0,0
,,,,,,37,2026-02-01 08:58:15.988992,ELEC-F,0.0,0.0,0.0,,,0,0,0,0,0
4.0,1.0,1.0,,TEMPERATURE Forecast for DAY 2,The average temperature tomorrow is forecasted to be between 8 and 18 degrees Celsius.,38,2026-02-01 08:58:17.030202,NG,2.13,2.11,2.15,800000.0,800000.0,0,0,0,0,0
3.0,1.0,1.0,,You are logged in as a DISTRIBUTOR,,38,2026-02-01 08:58:17.030202,ELEC-day2,0.0,0.0,0.0,,,0,0,0,0,0
2.0,1.0,1.0,,FINES,"The fine for open positions of ELEC-dayX at the end of the day is $20,000/contract.",38,2026-02-01 08:58:17.030202,ELEC-day3,0.0,0.0,0.0,,,0,0,0,0,0
1.0,1.0,1.0,,Welcome to the RITC2026 GBE Energy Electricity Trading Case - practice server,,38,2026-02-01 08:58:17.030202,ELEC-day4,0.0,0.0,0.0,,,0,0,0,0,0
,,,,,,38,2026-02-01 08:58:17.030202,ELEC-day5,0.0,0.0,0.0,,,0,0,0,0,0
,,,,,,38,2026-02-01 08:58:17.030202,ELEC-day6,0.0,0.0,0.0,,,0,0,0,0,0
,,,,,,38,2026-02-01 08:58:17.030202,ELEC-F,0.0,0.0,0.0,,,0,0,0,0,0
4.0,1.0,1.0,,TEMPERATURE Forecast for DAY 2,The average temperature tomorrow is forecasted to be between 8 and 18 degrees Celsius.,39,2026-02-01 08:58:18.060728,NG,2.12,2.1,2.14,800000.0,800000.0,0,0,0,0,0
3.0,1.0,1.0,,You are logged in as a DISTRIBUTOR,,39,2026-02-01 08:58:18.060728,ELEC-day2,0.0,0.0,0.0,,,0,0,0,0,0
2.0,1.0,1.0,,FINES,"The fine for open positions of ELEC-dayX at the end of the day is $20,000/contract.",39,2026-02-01 08:58:18.060728,ELEC-day3,0.0,0.0,0.0,,,0,0,0,0,0
1.0,1.0,1.0,,Welcome to the RITC2026 GBE Energy Electricity Trading Case - practice server,,39,2026-02-01 08:58:18.060728,ELEC-day4,0.0,0.0,0.0,,,0,0,0,0,0
,,,,,,39,2026-02-01 08:58:18.060728,ELEC-day5,0.0,0.0,0.0,,,0,0,0,0,0
,,,,,,39,2026-02-01 08:58:18.060728,ELEC-day6,0.0,0.0,0.0,,,0,0,0,0,0
,,,,,,39,2026-02-01 08:58:18.060728,ELEC-F,0.0,0.0,0.0,,,0,0,0,0,0
4.0,1.0,1.0,,TEMPERATURE Forecast for DAY 2,The average temperature tomorrow is forecasted to be between 8 and 18 degrees Celsius.,40,2026-02-01 08:58:19.097621,NG,2.13,2.11,2.15,800000.0,800000.0,0,0,0,0,0
3.0,1.0,1.0,,You are logged in as a DISTRIBUTOR,,40,2026-02-01 08:58:19.097621,ELEC-day2,0.0,0.0,0.0,,,0,0,0,0,0
2.0,1.0,1.0,,FINES,"The fine for open positions of ELEC-dayX at the end of the day is $20,000/contract.",40,2026-02-01 08:58:19.097621,ELEC-day3,0.0,0.0,0.0,,,0,0,0,0,0
1.0,1.0,1.0,,Welcome to the RITC2026 GBE Energy Electricity Trading Case - practice server,,40,2026-02-01 08:58:19.097621,ELEC-day4,0.0,0.0,0.0,,,0,0,0,0,0
,,,,,,40,2026-02-01 08:58:19.097621,ELEC-day5,0.0,0.0,0.0,,,0,0,0,0,0
,,,,,,40,2026-02-01 08:58:19.097621,ELEC-day6,0.0,0.0,0.0,,,0,0,0,0,0
,,,,,,40,2026-02-01 08:58:19.097621,ELEC-F,0.0,0.0,0.0,,,0,0,0,0,0
4.0,1.0,1.0,,TEMPERATURE Forecast for DAY 2,The average temperature tomorrow is forecasted to be between 8 and 18 degrees Celsius.,41,2026-02-01 08:58:20.118955,NG,2.14,2.12,2.16,800000.0,800000.0,0,0,0,0,0
3.0,1.0,1.0,,You are logged in as a DISTRIBUTOR,,41,2026-02-01 08:58:20.118955,ELEC-day2,0.0,0.0,0.0,,,0,0,0,0,0
2.0,1.0,1.0,,FINES,"The fine for open positions of ELEC-dayX at the end of the day is $20,000/contract.",41,2026-02-01 08:58:20.118955,ELEC-day3,0.0,0.0,0.0,,,0,0,0,0,0
1.0,1.0,1.0,,Welcome to the RITC2026 GBE Energy Electricity Trading Case - practice server,,41,2026-02-01 08:58:20.118955,ELEC-day4,0.0,0.0,0.0,,,0,0,0,0,0
,,,,,,41,2026-02-01 08:58:20.118955,ELEC-day5,0.0,0.0,0.0,,,0,0,0,0,0
,,,,,,41,2026-02-01 08:58:20.118955,ELEC-day6,0.0,0.0,0.0,,,0,0,0,0,0
,,,,,,41,2026-02-01 08:58:20.118955,ELEC-F,0.0,0.0,0.0,,,0,0,0,0,0
4.0,1.0,1.0,,TEMPERATURE Forecast for DAY 2,The average temperature tomorrow is forecasted to be between 8 and 18 degrees Celsius.,42,2026-02-01 08:58:21.143141,NG,2.14,2.12,2.16,800000.0,800000.0,0,0,0,0,0
3.0,1.0,1.0,,You are logged in as a DISTRIBUTOR,,42,2026-02-01 08:58:21.143141,ELEC-day2,0.0,0.0,0.0,,,0,0,0,0,0
2.0,1.0,1.0,,FINES,"The fine for open positions of ELEC-dayX at the end of the day is $20,000/contract.",42,2026-02-01 08:58:21.143141,ELEC-day3,0.0,0.0,0.0,,,0,0,0,0,0
1.0,1.0,1.0,,Welcome to the RITC2026 GBE Energy Electricity Trading Case - practice server,,42,2026-02-01 08:58:21.143141,ELEC-day4,0.0,0.0,0.0,,,0,0,0,0,0
,,,,,,42,2026-02-01 08:58:21.143141,ELEC-day5,0.0,0.0,0.0,,,0,0,0,0,0
,,,,,,42,2026-02-01 08:58:21.143141,ELEC-day6,0.0,0.0,0.0,,,0,0,0,0,0
,,,,,,42,2026-02-01 08:58:21.143141,ELEC-F,0.0,0.0,0.0,,,0,0,0,0,0
4.0,1.0,1.0,,TEMPERATURE Forecast for DAY 2,The average temperature tomorrow is forecasted to be between 8 and 18 degrees Celsius.,43,2026-02-01 08:58:22.189272,NG,2.14,2.12,2.16,800000.0,800000.0,0,0,0,0,0
3.0,1.0,1.0,,You are logged in as a DISTRIBUTOR,,43,2026-02-01 08:58:22.189272,ELEC-day2,0.0,0.0,0.0,,,0,0,0,0,0
2.0,1.0,1.0,,FINES,"The fine for open positions of ELEC-dayX at the end of the day is $20,000/contract.",43,2026-02-01 08:58:22.189272,ELEC-day3,0.0,0.0,0.0,,,0,0,0,0,0
1.0,1.0,1.0,,Welcome to the RITC2026 GBE Energy Electricity Trading Case - practice server,,43,2026-02-01 08:58:22.189272,ELEC-day4,0.0,0.0,0.0,,,0,0,0,0,0
,,,,,,43,2026-02-01 08:58:22.189272,ELEC-day5,0.0,0.0,0.0,,,0,0,0,0,0
,,,,,,43,2026-02-01 08:58:22.189272,ELEC-day6,0.0,0.0,0.0,,,0,0,0,0,0
,,,,,,43,2026-02-01 08:58:22.189272,ELEC-F,0.0,0.0,0.0,,,0,0,0,0,0
4.0,1.0,1.0,,TEMPERATURE Forecast for DAY 2,The average temperature tomorrow is forecasted to be between 8 and 18 degrees Celsius.,44,2026-02-01 08:58:23.213458,NG,2.14,2.12,2.16,800000.0,800000.0,0,0,0,0,0
3.0,1.0,1.0,,You are logged in as a DISTRIBUTOR,,44,2026-02-01 08:58:23.213458,ELEC-day2,0.0,0.0,0.0,,,0,0,0,0,0
2.0,1.0,1.0,,FINES,"The fine for open positions of ELEC-dayX at the end of the day is $20,000/contract.",44,2026-02-01 08:58:23.213458,ELEC-day3,0.0,0.0,0.0,,,0,0,0,0,0
1.0,1.0,1.0,,Welcome to the RITC2026 GBE Energy Electricity Trading Case - practice server,,44,2026-02-01 08:58:23.213458,ELEC-day4,0.0,0.0,0.0,,,0,0,0,0,0
,,,,,,44,2026-02-01 08:58:23.213458,ELEC-day5,0.0,0.0,0.0,,,0,0,0,0,0
,,,,,,44,2026-02-01 08:58:23.213458,ELEC-day6,0.0,0.0,0.0,,,0,0,0,0,0
,,,,,,44,2026-02-01 08:58:23.213458,ELEC-F,0.0,0.0,0.0,,,0,0,0,0,0
4.0,1.0,1.0,,TEMPERATURE Forecast for DAY 2,The average temperature tomorrow is forecasted to be between 8 and 18 degrees Celsius.,45,2026-02-01 08:58:24.243267,NG,2.14,2.12,2.16,800000.0,800000.0,0,0,0,0,0
3.0,1.0,1.0,,You are logged in as a DISTRIBUTOR,,45,2026-02-01 08:58:24.243267,ELEC-day2,0.0,0.0,0.0,,,0,0,0,0,0
2.0,1.0,1.0,,FINES,"The fine for open positions of ELEC-dayX at the end of the day is $20,000/contract.",45,2026-02-01 08:58:24.243267,ELEC-day3,0.0,0.0,0.0,,,0,0,0,0,0
1.0,1.0,1.0,,Welcome to the RITC2026 GBE Energy Electricity Trading Case - practice server,,45,2026-02-01 08:58:24.243267,ELEC-day4,0.0,0.0,0.0,,,0,0,0,0,0
,,,,,,45,2026-02-01 08:58:24.243267,ELEC-day5,0.0,0.0,0.0,,,0,0,0,0,0
,,,,,,45,2026-02-01 08:58:24.243267,ELEC-day6,0.0,0.0,0.0,,,0,0,0,0,0
,,,,,,45,2026-02-01 08:58:24.243267,ELEC-F,0.0,0.0,0.0,,,0,0,0,0,0
4.0,1.0,1.0,,TEMPERATURE Forecast for DAY 2,The average temperature tomorrow is forecasted to be between 8 and 18 degrees Celsius.,46,2026-02-01 08:58:25.276529,NG,2.14,2.12,2.16,800000.0,800000.0,0,0,0,0,0
3.0,1.0,1.0,,You are logged in as a DISTRIBUTOR,,46,2026-02-01 08:58:25.276529,ELEC-day2,0.0,0.0,0.0,,,0,0,0,0,0
2.0,1.0,1.0,,FINES,"The fine for open positions of ELEC-dayX at the end of the day is $20,000/contract.",46,2026-02-01 08:58:25.276529,ELEC-day3,0.0,0.0,0.0,,,0,0,0,0,0
1.0,1.0,1.0,,Welcome to the RITC2026 GBE Energy Electricity Trading Case - practice server,,46,2026-02-01 08:58:25.276529,ELEC-day4,0.0,0.0,0.0,,,0,0,0,0,0
,,,,,,46,2026-02-01 08:58:25.276529,ELEC-day5,0.0,0.0,0.0,,,0,0,0,0,0
,,,,,,46,2026-02-01 08:58:25.276529,ELEC-day6,0.0,0.0,0.0,,,0,0,0,0,0
,,,,,,46,2026-02-01 08:58:25.276529,ELEC-F,0.0,0.0,0.0,,,0,0,0,0,0
4.0,1.0,1.0,,TEMPERATURE Forecast for DAY 2,The average temperature tomorrow is forecasted to be between 8 and 18 degrees Celsius.,47,2026-02-01 08:58:26.298446,NG,2.14,2.12,2.16,800000.0,800000.0,0,0,0,0,0
3.0,1.0,1.0,,You are logged in as a DISTRIBUTOR,,47,2026-02-01 08:58:26.298446,ELEC-day2,0.0,0.0,0.0,,,0,0,0,0,0
2.0,1.0,1.0,,FINES,"The fine for open positions of ELEC-dayX at the end of the day is $20,000/contract.",47,2026-02-01 08:58:26.298446,ELEC-day3,0.0,0.0,0.0,,,0,0,0,0,0
1.0,1.0,1.0,,Welcome to the RITC2026 GBE Energy Electricity Trading Case - practice server,,47,2026-02-01 08:58:26.298446,ELEC-day4,0.0,0.0,0.0,,,0,0,0,0,0
,,,,,,47,2026-02-01 08:58:26.298446,ELEC-day5,0.0,0.0,0.0,,,0,0,0,0,0
,,,,,,47,2026-02-01 08:58:26.298446,ELEC-day6,0.0,0.0,0.0,,,0,0,0,0,0
,,,,,,47,2026-02-01 08:58:26.298446,ELEC-F,0.0,0.0,0.0,,,0,0,0,0,0
4.0,1.0,1.0,,TEMPERATURE Forecast for DAY 2,The average temperature tomorrow is forecasted to be between 8 and 18 degrees Celsius.,48,2026-02-01 08:58:27.317775,NG,2.14,2.12,2.16,800000.0,800000.0,0,0,0,0,0
3.0,1.0,1.0,,You are logged in as a DISTRIBUTOR,,48,2026-02-01 08:58:27.317775,ELEC-day2,0.0,0.0,0.0,,,0,0,0,0,0
2.0,1.0,1.0,,FINES,"The fine for open positions of ELEC-dayX at the end of the day is $20,000/contract.",48,2026-02-01 08:58:27.317775,ELEC-day3,0.0,0.0,0.0,,,0,0,0,0,0
1.0,1.0,1.0,,Welcome to the RITC2026 GBE Energy Electricity Trading Case - practice server,,48,2026-02-01 08:58:27.317775,ELEC-day4,0.0,0.0,0.0,,,0,0,0,0,0
,,,,,,48,2026-02-01 08:58:27.317775,ELEC-day5,0.0,0.0,0.0,,,0,0,0,0,0
,,,,,,48,2026-02-01 08:58:27.317775,ELEC-day6,0.0,0.0,0.0,,,0,0,0,0,0
,,,,,,48,2026-02-01 08:58:27.317775,ELEC-F,0.0,0.0,0.0,,,0,0,0,0,0
4.0,1.0,1.0,,TEMPERATURE Forecast for DAY 2,The average temperature tomorrow is forecasted to be between 8 and 18 degrees Celsius.,49,2026-02-01 08:58:28.358259,NG,2.14,2.12,2.16,800000.0,800000.0,0,0,0,0,0
3.0,1.0,1.0,,You are logged in as a DISTRIBUTOR,,49,2026-02-01 08:58:28.358259,ELEC-day2,0.0,0.0,0.0,,,0,0,0,0,0
2.0,1.0,1.0,,FINES,"The fine for open positions of ELEC-dayX at the end of the day is $20,000/contract.",49,2026-02-01 08:58:28.358259,ELEC-day3,0.0,0.0,0.0,,,0,0,0,0,0
1.0,1.0,1.0,,Welcome to the RITC2026 GBE Energy Electricity Trading Case - practice server,,49,2026-02-01 08:58:28.358259,ELEC-day4,0.0,0.0,0.0,,,0,0,0,0,0
,,,,,,49,2026-02-01 08:58:28.358259,ELEC-day5,0.0,0.0,0.0,,,0,0,0,0,0
,,,,,,49,2026-02-01 08:58:28.358259,ELEC-day6,0.0,0.0,0.0,,,0,0,0,0,0
,,,,,,49,2026-02-01 08:58:28.358259,ELEC-F,0.0,0.0,0.0,,,0,0,0,0,0
4.0,1.0,1.0,,TEMPERATURE Forecast for DAY 2,The average temperature tomorrow is forecasted to be between 8 and 18 degrees Celsius.,50,2026-02-01 08:58:29.385787,NG,2.15,2.13,2.17,800000.0,800000.0,0,0,0,0,0
3.0,1.0,1.0,,You are logged in as a DISTRIBUTOR,,50,2026-02-01 08:58:29.385787,ELEC-day2,0.0,0.0,0.0,,,0,0,0,0,0
2.0,1.0,1.0,,FINES,"The fine for open positions of ELEC-dayX at the end of the day is $20,000/contract.",50,2026-02-01 08:58:29.385787,ELEC-day3,0.0,0.0,0.0,,,0,0,0,0,0
1.0,1.0,1.0,,Welcome to the RITC2026 GBE Energy Electricity Trading Case - practice server,,50,2026-02-01 08:58:29.385787,ELEC-day4,0.0,0.0,0.0,,,0,0,0,0,0
,,,,,,50,2026-02-01 08:58:29.385787,ELEC-day5,0.0,0.0,0.0,,,0,0,0,0,0
,,,,,,50,2026-02-01 08:58:29.385787,ELEC-day6,0.0,0.0,0.0,,,0,0,0,0,0
,,,,,,50,2026-02-01 08:58:29.385787,ELEC-F,0.0,0.0,0.0,,,0,0,0,0,0
4.0,1.0,1.0,,TEMPERATURE Forecast for DAY 2,The average temperature tomorrow is forecasted to be between 8 and 18 degrees Celsius.,51,2026-02-01 08:58:30.423259,NG,2.15,2.13,2.17,800000.0,800000.0,0,0,0,0,0
3.0,1.0,1.0,,You are logged in as a DISTRIBUTOR,,51,2026-02-01 08:58:30.423259,ELEC-day2,0.0,0.0,0.0,,,0,0,0,0,0
2.0,1.0,1.0,,FINES,"The fine for open positions of ELEC-dayX at the end of the day is $20,000/contract.",51,2026-02-01 08:58:30.423259,ELEC-day3,0.0,0.0,0.0,,,0,0,0,0,0
1.0,1.0,1.0,,Welcome to the RITC2026 GBE Energy Electricity Trading Case - practice server,,51,2026-02-01 08:58:30.423259,ELEC-day4,0.0,0.0,0.0,,,0,0,0,0,0
,,,,,,51,2026-02-01 08:58:30.423259,ELEC-day5,0.0,0.0,0.0,,,0,0,0,0,0
,,,,,,51,2026-02-01 08:58:30.423259,ELEC-day6,0.0,0.0,0.0,,,0,0,0,0,0
,,,,,,51,2026-02-01 08:58:30.423259,ELEC-F,0.0,0.0,0.0,,,0,0,0,0,0
4.0,1.0,1.0,,TEMPERATURE Forecast for DAY 2,The average temperature tomorrow is forecasted to be between 8 and 18 degrees Celsius.,52,2026-02-01 08:58:31.463150,NG,2.15,2.13,2.17,800000.0,800000.0,0,0,0,0,0
3.0,1.0,1.0,,You are logged in as a DISTRIBUTOR,,52,2026-02-01 08:58:31.463150,ELEC-day2,0.0,0.0,0.0,,,0,0,0,0,0
2.0,1.0,1.0,,FINES,"The fine for open positions of ELEC-dayX at the end of the day is $20,000/contract.",52,2026-02-01 08:58:31.463150,ELEC-day3,0.0,0.0,0.0,,,0,0,0,0,0
1.0,1.0,1.0,,Welcome to the RITC2026 GBE Energy Electricity Trading Case - practice server,,52,2026-02-01 08:58:31.463150,ELEC-day4,0.0,0.0,0.0,,,0,0,0,0,0
,,,,,,52,2026-02-01 08:58:31.463150,ELEC-day5,0.0,0.0,0.0,,,0,0,0,0,0
,,,,,,52,2026-02-01 08:58:31.463150,ELEC-day6,0.0,0.0,0.0,,,0,0,0,0,0
,,,,,,52,2026-02-01 08:58:31.463150,ELEC-F,0.0,0.0,0.0,,,0,0,0,0,0
4.0,1.0,1.0,,TEMPERATURE Forecast for DAY 2,The average temperature tomorrow is forecasted to be between 8 and 18 degrees Celsius.,53,2026-02-01 08:58:32.494640,NG,2.15,2.13,2.17,800000.0,800000.0,0,0,0,0,0
3.0,1.0,1.0,,You are logged in as a DISTRIBUTOR,,53,2026-02-01 08:58:32.494640,ELEC-day2,0.0,0.0,0.0,,,0,0,0,0,0
2.0,1.0,1.0,,FINES,"The fine for open positions of ELEC-dayX at the end of the day is $20,000/contract.",53,2026-02-01 08:58:32.494640,ELEC-day3,0.0,0.0,0.0,,,0,0,0,0,0
1.0,1.0,1.0,,Welcome to the RITC2026 GBE Energy Electricity Trading Case - practice server,,53,2026-02-01 08:58:32.494640,ELEC-day4,0.0,0.0,0.0,,,0,0,0,0,0
,,,,,,53,2026-02-01 08:58:32.494640,ELEC-day5,0.0,0.0,0.0,,,0,0,0,0,0
,,,,,,53,2026-02-01 08:58:32.494640,ELEC-day6,0.0,0.0,0.0,,,0,0,0,0,0
,,,,,,53,2026-02-01 08:58:32.494640,ELEC-F,0.0,0.0,0.0,,,0,0,0,0,0
4.0,1.0,1.0,,TEMPERATURE Forecast for DAY 2,The average temperature tomorrow is forecasted to be between 8 and 18 degrees Celsius.,54,2026-02-01 08:58:33.517931,NG,2.15,2.13,2.17,800000.0,800000.0,0,0,0,0,0
3.0,1.0,1.0,,You are logged in as a DISTRIBUTOR,,54,2026-02-01 08:58:33.517931,ELEC-day2,0.0,0.0,0.0,,,0,0,0,0,0
2.0,1.0,1.0,,FINES,"The fine for open positions of ELEC-dayX at the end of the day is $20,000/contract.",54,2026-02-01 08:58:33.517931,ELEC-day3,0.0,0.0,0.0,,,0,0,0,0,0
1.0,1.0,1.0,,Welcome to the RITC2026 GBE Energy Electricity Trading Case - practice server,,54,2026-02-01 08:58:33.517931,ELEC-day4,0.0,0.0,0.0,,,0,0,0,0,0
,,,,,,54,2026-02-01 08:58:33.517931,ELEC-day5,0.0,0.0,0.0,,,0,0,0,0,0
,,,,,,54,2026-02-01 08:58:33.517931,ELEC-day6,0.0,0.0,0.0,,,0,0,0,0,0
,,,,,,54,2026-02-01 08:58:33.517931,ELEC-F,0.0,0.0,0.0,,,0,0,0,0,0
4.0,1.0,1.0,,TEMPERATURE Forecast for DAY 2,The average temperature tomorrow is forecasted to be between 8 and 18 degrees Celsius.,55,2026-02-01 08:58:34.543427,NG,2.14,2.12,2.16,800000.0,800000.0,0,0,0,0,0
3.0,1.0,1.0,,You are logged in as a DISTRIBUTOR,,55,2026-02-01 08:58:34.543427,ELEC-day2,0.0,0.0,0.0,,,0,0,0,0,0
2.0,1.0,1.0,,FINES,"The fine for open positions of ELEC-dayX at the end of the day is $20,000/contract.",55,2026-02-01 08:58:34.543427,ELEC-day3,0.0,0.0,0.0,,,0,0,0,0,0
1.0,1.0,1.0,,Welcome to the RITC2026 GBE Energy Electricity Trading Case - practice server,,55,2026-02-01 08:58:34.543427,ELEC-day4,0.0,0.0,0.0,,,0,0,0,0,0
,,,,,,55,2026-02-01 08:58:34.543427,ELEC-day5,0.0,0.0,0.0,,,0,0,0,0,0
,,,,,,55,2026-02-01 08:58:34.543427,ELEC-day6,0.0,0.0,0.0,,,0,0,0,0,0
,,,,,,55,2026-02-01 08:58:34.543427,ELEC-F,0.0,0.0,0.0,,,0,0,0,0,0
4.0,1.0,1.0,,TEMPERATURE Forecast for DAY 2,The average temperature tomorrow is forecasted to be between 8 and 18 degrees Celsius.,56,2026-02-01 08:58:35.578322,NG,2.15,2.13,2.17,800000.0,800000.0,0,0,0,0,0
3.0,1.0,1.0,,You are logged in as a DISTRIBUTOR,,56,2026-02-01 08:58:35.578322,ELEC-day2,0.0,0.0,0.0,,,0,0,0,0,0
2.0,1.0,1.0,,FINES,"The fine for open positions of ELEC-dayX at the end of the day is $20,000/contract.",56,2026-02-01 08:58:35.578322,ELEC-day3,0.0,0.0,0.0,,,0,0,0,0,0
1.0,1.0,1.0,,Welcome to the RITC2026 GBE Energy Electricity Trading Case - practice server,,56,2026-02-01 08:58:35.578322,ELEC-day4,0.0,0.0,0.0,,,0,0,0,0,0
,,,,,,56,2026-02-01 08:58:35.578322,ELEC-day5,0.0,0.0,0.0,,,0,0,0,0,0
,,,,,,56,2026-02-01 08:58:35.578322,ELEC-day6,0.0,0.0,0.0,,,0,0,0,0,0
,,,,,,56,2026-02-01 08:58:35.578322,ELEC-F,0.0,0.0,0.0,,,0,0,0,0,0
4.0,1.0,1.0,,TEMPERATURE Forecast for DAY 2,The average temperature tomorrow is forecasted to be between 8 and 18 degrees Celsius.,57,2026-02-01 08:58:36.620731,NG,2.15,2.13,2.17,800000.0,800000.0,0,0,0,0,0
3.0,1.0,1.0,,You are logged in as a DISTRIBUTOR,,57,2026-02-01 08:58:36.620731,ELEC-day2,0.0,0.0,0.0,,,0,0,0,0,0
2.0,1.0,1.0,,FINES,"The fine for open positions of ELEC-dayX at the end of the day is $20,000/contract.",57,2026-02-01 08:58:36.620731,ELEC-day3,0.0,0.0,0.0,,,0,0,0,0,0
1.0,1.0,1.0,,Welcome to the RITC2026 GBE Energy Electricity Trading Case - practice server,,57,2026-02-01 08:58:36.620731,ELEC-day4,0.0,0.0,0.0,,,0,0,0,0,0
,,,,,,57,2026-02-01 08:58:36.620731,ELEC-day5,0.0,0.0,0.0,,,0,0,0,0,0
,,,,,,57,2026-02-01 08:58:36.620731,ELEC-day6,0.0,0.0,0.0,,,0,0,0,0,0
,,,,,,57,2026-02-01 08:58:36.620731,ELEC-F,0.0,0.0,0.0,,,0,0,0,0,0
4.0,1.0,1.0,,TEMPERATURE Forecast for DAY 2,The average temperature tomorrow is forecasted to be between 8 and 18 degrees Celsius.,58,2026-02-01 08:58:37.653898,NG,2.15,2.13,2.17,800000.0,800000.0,0,0,0,0,0
3.0,1.0,1.0,,You are logged in as a DISTRIBUTOR,,58,2026-02-01 08:58:37.653898,ELEC-day2,0.0,0.0,0.0,,,0,0,0,0,0
2.0,1.0,1.0,,FINES,"The fine for open positions of ELEC-dayX at the end of the day is $20,000/contract.",58,2026-02-01 08:58:37.653898,ELEC-day3,0.0,0.0,0.0,,,0,0,0,0,0
1.0,1.0,1.0,,Welcome to the RITC2026 GBE Energy Electricity Trading Case - practice server,,58,2026-02-01 08:58:37.653898,ELEC-day4,0.0,0.0,0.0,,,0,0,0,0,0
,,,,,,58,2026-02-01 08:58:37.653898,ELEC-day5,0.0,0.0,0.0,,,0,0,0,0,0
,,,,,,58,2026-02-01 08:58:37.653898,ELEC-day6,0.0,0.0,0.0,,,0,0,0,0,0
,,,,,,58,2026-02-01 08:58:37.653898,ELEC-F,0.0,0.0,0.0,,,0,0,0,0,0
4.0,1.0,1.0,,TEMPERATURE Forecast for DAY 2,The average temperature tomorrow is forecasted to be between 8 and 18 degrees Celsius.,59,2026-02-01 08:58:38.688413,NG,2.15,2.13,2.17,800000.0,800000.0,0,0,0,0,0
3.0,1.0,1.0,,You are logged in as a DISTRIBUTOR,,59,2026-02-01 08:58:38.688413,ELEC-day2,0.0,0.0,0.0,,,0,0,0,0,0
2.0,1.0,1.0,,FINES,"The fine for open positions of ELEC-dayX at the end of the day is $20,000/contract.",59,2026-02-01 08:58:38.688413,ELEC-day3,0.0,0.0,0.0,,,0,0,0,0,0
1.0,1.0,1.0,,Welcome to the RITC2026 GBE Energy Electricity Trading Case - practice server,,59,2026-02-01 08:58:38.688413,ELEC-day4,0.0,0.0,0.0,,,0,0,0,0,0
,,,,,,59,2026-02-01 08:58:38.688413,ELEC-day5,0.0,0.0,0.0,,,0,0,0,0,0
,,,,,,59,2026-02-01 08:58:38.688413,ELEC-day6,0.0,0.0,0.0,,,0,0,0,0,0
,,,,,,59,2026-02-01 08:58:38.688413,ELEC-F,0.0,0.0,0.0,,,0,0,0,0,0
4.0,1.0,1.0,,TEMPERATURE Forecast for DAY 2,The average temperature tomorrow is forecasted to be between 8 and 18 degrees Celsius.,60,2026-02-01 08:58:39.729488,NG,2.15,2.13,2.17,800000.0,800000.0,0,0,0,0,0
3.0,1.0,1.0,,You are logged in as a DISTRIBUTOR,,60,2026-02-01 08:58:39.729488,ELEC-day2,0.0,0.0,0.0,,,0,0,0,0,0
2.0,1.0,1.0,,FINES,"The fine for open positions of ELEC-dayX at the end of the day is $20,000/contract.",60,2026-02-01 08:58:39.729488,ELEC-day3,0.0,0.0,0.0,,,0,0,0,0,0
1.0,1.0,1.0,,Welcome to the RITC2026 GBE Energy Electricity Trading Case - practice server,,60,2026-02-01 08:58:39.729488,ELEC-day4,0.0,0.0,0.0,,,0,0,0,0,0
,,,,,,60,2026-02-01 08:58:39.729488,ELEC-day5,0.0,0.0,0.0,,,0,0,0,0,0
,,,,,,60,2026-02-01 08:58:39.729488,ELEC-day6,0.0,0.0,0.0,,,0,0,0,0,0
,,,,,,60,2026-02-01 08:58:39.729488,ELEC-F,0.0,0.0,0.0,,,0,0,0,0,0
4.0,1.0,1.0,,TEMPERATURE Forecast for DAY 2,The average temperature tomorrow is forecasted to be between 8 and 18 degrees Celsius.,61,2026-02-01 08:58:40.753488,NG,2.16,2.14,2.18,800000.0,800000.0,0,0,0,0,0
3.0,1.0,1.0,,You are logged in as a DISTRIBUTOR,,61,2026-02-01 08:58:40.753488,ELEC-day2,0.0,0.0,0.0,,,0,0,0,0,0
2.0,1.0,1.0,,FINES,"The fine for open positions of ELEC-dayX at the end of the day is $20,000/contract.",61,2026-02-01 08:58:40.753488,ELEC-day3,0.0,0.0,0.0,,,0,0,0,0,0
1.0,1.0,1.0,,Welcome to the RITC2026 GBE Energy Electricity Trading Case - practice server,,61,2026-02-01 08:58:40.753488,ELEC-day4,0.0,0.0,0.0,,,0,0,0,0,0
,,,,,,61,2026-02-01 08:58:40.753488,ELEC-day5,0.0,0.0,0.0,,,0,0,0,0,0
,,,,,,61,2026-02-01 08:58:40.753488,ELEC-day6,0.0,0.0,0.0,,,0,0,0,0,0
,,,,,,61,2026-02-01 08:58:40.753488,ELEC-F,0.0,0.0,0.0,,,0,0,0,0,0
4.0,1.0,1.0,,TEMPERATURE Forecast for DAY 2,The average temperature tomorrow is forecasted to be between 8 and 18 degrees Celsius.,62,2026-02-01 08:58:41.783184,NG,2.14,2.12,2.16,800000.0,800000.0,0,0,0,0,0
3.0,1.0,1.0,,You are logged in as a DISTRIBUTOR,,62,2026-02-01 08:58:41.783184,ELEC-day2,0.0,0.0,0.0,,,0,0,0,0,0
2.0,1.0,1.0,,FINES,"The fine for open positions of ELEC-dayX at the end of the day is $20,000/contract.",62,2026-02-01 08:58:41.783184,ELEC-day3,0.0,0.0,0.0,,,0,0,0,0,0
1.0,1.0,1.0,,Welcome to the RITC2026 GBE Energy Electricity Trading Case - practice server,,62,2026-02-01 08:58:41.783184,ELEC-day4,0.0,0.0,0.0,,,0,0,0,0,0
,,,,,,62,2026-02-01 08:58:41.783184,ELEC-day5,0.0,0.0,0.0,,,0,0,0,0,0
,,,,,,62,2026-02-01 08:58:41.783184,ELEC-day6,0.0,0.0,0.0,,,0,0,0,0,0
,,,,,,62,2026-02-01 08:58:41.783184,ELEC-F,0.0,0.0,0.0,,,0,0,0,0,0
4.0,1.0,1.0,,TEMPERATURE Forecast for DAY 2,The average temperature tomorrow is forecasted to be between 8 and 18 degrees Celsius.,64,2026-02-01 08:58:42.902672,NG,2.14,2.12,2.16,800000.0,800000.0,0,0,0,0,0
3.0,1.0,1.0,,You are logged in as a DISTRIBUTOR,,64,2026-02-01 08:58:42.902672,ELEC-day2,0.0,0.0,0.0,,,0,0,0,0,0
2.0,1.0,1.0,,FINES,"The fine for open positions of ELEC-dayX at the end of the day is $20,000/contract.",64,2026-02-01 08:58:42.902672,ELEC-day3,0.0,0.0,0.0,,,0,0,0,0,0
1.0,1.0,1.0,,Welcome to the RITC2026 GBE Energy Electricity Trading Case - practice server,,64,2026-02-01 08:58:42.902672,ELEC-day4,0.0,0.0,0.0,,,0,0,0,0,0
,,,,,,64,2026-02-01 08:58:42.902672,ELEC-day5,0.0,0.0,0.0,,,0,0,0,0,0
,,,,,,64,2026-02-01 08:58:42.902672,ELEC-day6,0.0,0.0,0.0,,,0,0,0,0,0
,,,,,,64,2026-02-01 08:58:42.902672,ELEC-F,0.0,0.0,0.0,,,0,0,0,0,0
4.0,1.0,1.0,,TEMPERATURE Forecast for DAY 2,The average temperature tomorrow is forecasted to be between 8 and 18 degrees Celsius.,65,2026-02-01 08:58:43.959088,NG,2.14,2.12,2.16,800000.0,800000.0,0,0,0,0,0
3.0,1.0,1.0,,You are logged in as a DISTRIBUTOR,,65,2026-02-01 08:58:43.959088,ELEC-day2,0.0,0.0,0.0,,,0,0,0,0,0
2.0,1.0,1.0,,FINES,"The fine for open positions of ELEC-dayX at the end of the day is $20,000/contract.",65,2026-02-01 08:58:43.959088,ELEC-day3,0.0,0.0,0.0,,,0,0,0,0,0
1.0,1.0,1.0,,Welcome to the RITC2026 GBE Energy Electricity Trading Case - practice server,,65,2026-02-01 08:58:43.959088,ELEC-day4,0.0,0.0,0.0,,,0,0,0,0,0
,,,,,,65,2026-02-01 08:58:43.959088,ELEC-day5,0.0,0.0,0.0,,,0,0,0,0,0
,,,,,,65,2026-02-01 08:58:43.959088,ELEC-day6,0.0,0.0,0.0,,,0,0,0,0,0
,,,,,,65,2026-02-01 08:58:43.959088,ELEC-F,0.0,0.0,0.0,,,0,0,0,0,0
4.0,1.0,1.0,,TEMPERATURE Forecast for DAY 2,The average temperature tomorrow is forecasted to be between 8 and 18 degrees Celsius.,66,2026-02-01 08:58:44.993373,NG,2.14,2.12,2.16,800000.0,800000.0,0,0,0,0,0
3.0,1.0,1.0,,You are logged in as a DISTRIBUTOR,,66,2026-02-01 08:58:44.993373,ELEC-day2,0.0,0.0,0.0,,,0,0,0,0,0
2.0,1.0,1.0,,FINES,"The fine for open positions of ELEC-dayX at the end of the day is $20,000/contract.",66,2026-02-01 08:58:44.993373,ELEC-day3,0.0,0.0,0.0,,,0,0,0,0,0
1.0,1.0,1.0,,Welcome to the RITC2026 GBE Energy Electricity Trading Case - practice server,,66,2026-02-01 08:58:44.993373,ELEC-day4,0.0,0.0,0.0,,,0,0,0,0,0
,,,,,,66,2026-02-01 08:58:44.993373,ELEC-day5,0.0,0.0,0.0,,,0,0,0,0,0
,,,,,,66,2026-02-01 08:58:44.993373,ELEC-day6,0.0,0.0,0.0,,,0,0,0,0,0
,,,,,,66,2026-02-01 08:58:44.993373,ELEC-F,0.0,0.0,0.0,,,0,0,0,0,0
4.0,1.0,1.0,,TEMPERATURE Forecast for DAY 2,The average temperature tomorrow is forecasted to be between 8 and 18 degrees Celsius.,67,2026-02-01 08:58:46.023322,NG,2.14,2.12,2.16,800000.0,800000.0,0,0,0,0,0
3.0,1.0,1.0,,You are logged in as a DISTRIBUTOR,,67,2026-02-01 08:58:46.023322,ELEC-day2,0.0,0.0,0.0,,,0,0,0,0,0
2.0,1.0,1.0,,FINES,"The fine for open positions of ELEC-dayX at the end of the day is $20,000/contract.",67,2026-02-01 08:58:46.023322,ELEC-day3,0.0,0.0,0.0,,,0,0,0,0,0
1.0,1.0,1.0,,Welcome to the RITC2026 GBE Energy Electricity Trading Case - practice server,,67,2026-02-01 08:58:46.023322,ELEC-day4,0.0,0.0,0.0,,,0,0,0,0,0
,,,,,,67,2026-02-01 08:58:46.023322,ELEC-day5,0.0,0.0,0.0,,,0,0,0,0,0
,,,,,,67,2026-02-01 08:58:46.023322,ELEC-day6,0.0,0.0,0.0,,,0,0,0,0,0
,,,,,,67,2026-02-01 08:58:46.023322,ELEC-F,0.0,0.0,0.0,,,0,0,0,0,0
4.0,1.0,1.0,,TEMPERATURE Forecast for DAY 2,The average temperature tomorrow is forecasted to be between 8 and 18 degrees Celsius.,68,2026-02-01 08:58:47.053198,NG,2.13,2.11,2.15,800000.0,800000.0,0,0,0,0,0
3.0,1.0,1.0,,You are logged in as a DISTRIBUTOR,,68,2026-02-01 08:58:47.053198,ELEC-day2,0.0,0.0,0.0,,,0,0,0,0,0
2.0,1.0,1.0,,FINES,"The fine for open positions of ELEC-dayX at the end of the day is $20,000/contract.",68,2026-02-01 08:58:47.053198,ELEC-day3,0.0,0.0,0.0,,,0,0,0,0,0
1.0,1.0,1.0,,Welcome to the RITC2026 GBE Energy Electricity Trading Case - practice server,,68,2026-02-01 08:58:47.053198,ELEC-day4,0.0,0.0,0.0,,,0,0,0,0,0
,,,,,,68,2026-02-01 08:58:47.053198,ELEC-day5,0.0,0.0,0.0,,,0,0,0,0,0
,,,,,,68,2026-02-01 08:58:47.053198,ELEC-day6,0.0,0.0,0.0,,,0,0,0,0,0
,,,,,,68,2026-02-01 08:58:47.053198,ELEC-F,0.0,0.0,0.0,,,0,0,0,0,0
4.0,1.0,1.0,,TEMPERATURE Forecast for DAY 2,The average temperature tomorrow is forecasted to be between 8 and 18 degrees Celsius.,69,2026-02-01 08:58:48.094344,NG,2.13,2.11,2.15,800000.0,800000.0,0,0,0,0,0
3.0,1.0,1.0,,You are logged in as a DISTRIBUTOR,,69,2026-02-01 08:58:48.094344,ELEC-day2,0.0,0.0,0.0,,,0,0,0,0,0
2.0,1.0,1.0,,FINES,"The fine for open positions of ELEC-dayX at the end of the day is $20,000/contract.",69,2026-02-01 08:58:48.094344,ELEC-day3,0.0,0.0,0.0,,,0,0,0,0,0
1.0,1.0,1.0,,Welcome to the RITC2026 GBE Energy Electricity Trading Case - practice server,,69,2026-02-01 08:58:48.094344,ELEC-day4,0.0,0.0,0.0,,,0,0,0,0,0
,,,,,,69,2026-02-01 08:58:48.094344,ELEC-day5,0.0,0.0,0.0,,,0,0,0,0,0
,,,,,,69,2026-02-01 08:58:48.094344,ELEC-day6,0.0,0.0,0.0,,,0,0,0,0,0
,,,,,,69,2026-02-01 08:58:48.094344,ELEC-F,0.0,0.0,0.0,,,0,0,0,0,0
4.0,1.0,1.0,,TEMPERATURE Forecast for DAY 2,The average temperature tomorrow is forecasted to be between 8 and 18 degrees Celsius.,70,2026-02-01 08:58:49.133194,NG,2.12,2.1,2.14,800000.0,800000.0,0,0,0,0,0
3.0,1.0,1.0,,You are logged in as a DISTRIBUTOR,,70,2026-02-01 08:58:49.133194,ELEC-day2,0.0,0.0,0.0,,,0,0,0,0,0
2.0,1.0,1.0,,FINES,"The fine for open positions of ELEC-dayX at the end of the day is $20,000/contract.",70,2026-02-01 08:58:49.133194,ELEC-day3,0.0,0.0,0.0,,,0,0,0,0,0
1.0,1.0,1.0,,Welcome to the RITC2026 GBE Energy Electricity Trading Case - practice server,,70,2026-02-01 08:58:49.133194,ELEC-day4,0.0,0.0,0.0,,,0,0,0,0,0
,,,,,,70,2026-02-01 08:58:49.133194,ELEC-day5,0.0,0.0,0.0,,,0,0,0,0,0
,,,,,,70,2026-02-01 08:58:49.133194,ELEC-day6,0.0,0.0,0.0,,,0,0,0,0,0
,,,,,,70,2026-02-01 08:58:49.133194,ELEC-F,0.0,0.0,0.0,,,0,0,0,0,0
4.0,1.0,1.0,,TEMPERATURE Forecast for DAY 2,The average temperature tomorrow is forecasted to be between 8 and 18 degrees Celsius.,71,2026-02-01 08:58:50.163892,NG,2.12,2.1,2.14,800000.0,800000.0,0,0,0,0,0
3.0,1.0,1.0,,You are logged in as a DISTRIBUTOR,,71,2026-02-01 08:58:50.163892,ELEC-day2,0.0,0.0,0.0,,,0,0,0,0,0
2.0,1.0,1.0,,FINES,"The fine for open positions of ELEC-dayX at the end of the day is $20,000/contract.",71,2026-02-01 08:58:50.163892,ELEC-day3,0.0,0.0,0.0,,,0,0,0,0,0
1.0,1.0,1.0,,Welcome to the RITC2026 GBE Energy Electricity Trading Case - practice server,,71,2026-02-01 08:58:50.163892,ELEC-day4,0.0,0.0,0.0,,,0,0,0,0,0
,,,,,,71,2026-02-01 08:58:50.163892,ELEC-day5,0.0,0.0,0.0,,,0,0,0,0,0
,,,,,,71,2026-02-01 08:58:50.163892,ELEC-day6,0.0,0.0,0.0,,,0,0,0,0,0
,,,,,,71,2026-02-01 08:58:50.163892,ELEC-F,0.0,0.0,0.0,,,0,0,0,0,0
4.0,1.0,1.0,,TEMPERATURE Forecast for DAY 2,The average temperature tomorrow is forecasted to be between 8 and 18 degrees Celsius.,72,2026-02-01 08:58:51.200104,NG,2.13,2.11,2.15,800000.0,800000.0,0,0,0,0,0
3.0,1.0,1.0,,You are logged in as a DISTRIBUTOR,,72,2026-02-01 08:58:51.200104,ELEC-day2,0.0,0.0,0.0,,,0,0,0,0,0
2.0,1.0,1.0,,FINES,"The fine for open positions of ELEC-dayX at the end of the day is $20,000/contract.",72,2026-02-01 08:58:51.200104,ELEC-day3,0.0,0.0,0.0,,,0,0,0,0,0
1.0,1.0,1.0,,Welcome to the RITC2026 GBE Energy Electricity Trading Case - practice server,,72,2026-02-01 08:58:51.200104,ELEC-day4,0.0,0.0,0.0,,,0,0,0,0,0
,,,,,,72,2026-02-01 08:58:51.200104,ELEC-day5,0.0,0.0,0.0,,,0,0,0,0,0
,,,,,,72,2026-02-01 08:58:51.200104,ELEC-day6,0.0,0.0,0.0,,,0,0,0,0,0
,,,,,,72,2026-02-01 08:58:51.200104,ELEC-F,0.0,0.0,0.0,,,0,0,0,0,0
4.0,1.0,1.0,,TEMPERATURE Forecast for DAY 2,The average temperature tomorrow is forecasted to be between 8 and 18 degrees Celsius.,73,2026-02-01 08:58:52.233838,NG,2.13,2.11,2.15,800000.0,800000.0,0,0,0,0,0
3.0,1.0,1.0,,You are logged in as a DISTRIBUTOR,,73,2026-02-01 08:58:52.233838,ELEC-day2,0.0,0.0,0.0,,,0,0,0,0,0
2.0,1.0,1.0,,FINES,"The fine for open positions of ELEC-dayX at the end of the day is $20,000/contract.",73,2026-02-01 08:58:52.233838,ELEC-day3,0.0,0.0,0.0,,,0,0,0,0,0
1.0,1.0,1.0,,Welcome to the RITC2026 GBE Energy Electricity Trading Case - practice server,,73,2026-02-01 08:58:52.233838,ELEC-day4,0.0,0.0,0.0,,,0,0,0,0,0
,,,,,,73,2026-02-01 08:58:52.233838,ELEC-day5,0.0,0.0,0.0,,,0,0,0,0,0
,,,,,,73,2026-02-01 08:58:52.233838,ELEC-day6,0.0,0.0,0.0,,,0,0,0,0,0
,,,,,,73,2026-02-01 08:58:52.233838,ELEC-F,0.0,0.0,0.0,,,0,0,0,0,0
4.0,1.0,1.0,,TEMPERATURE Forecast for DAY 2,The average temperature tomorrow is forecasted to be between 8 and 18 degrees Celsius.,74,2026-02-01 08:58:53.267489,NG,2.14,2.12,2.16,800000.0,800000.0,0,0,0,0,0
3.0,1.0,1.0,,You are logged in as a DISTRIBUTOR,,74,2026-02-01 08:58:53.267489,ELEC-day2,0.0,0.0,0.0,,,0,0,0,0,0
2.0,1.0,1.0,,FINES,"The fine for open positions of ELEC-dayX at the end of the day is $20,000/contract.",74,2026-02-01 08:58:53.267489,ELEC-day3,0.0,0.0,0.0,,,0,0,0,0,0
1.0,1.0,1.0,,Welcome to the RITC2026 GBE Energy Electricity Trading Case - practice server,,74,2026-02-01 08:58:53.267489,ELEC-day4,0.0,0.0,0.0,,,0,0,0,0,0
,,,,,,74,2026-02-01 08:58:53.267489,ELEC-day5,0.0,0.0,0.0,,,0,0,0,0,0
,,,,,,74,2026-02-01 08:58:53.267489,ELEC-day6,0.0,0.0,0.0,,,0,0,0,0,0
,,,,,,74,2026-02-01 08:58:53.267489,ELEC-F,0.0,0.0,0.0,,,0,0,0,0,0
4.0,1.0,1.0,,TEMPERATURE Forecast for DAY 2,The average temperature tomorrow is forecasted to be between 8 and 18 degrees Celsius.,75,2026-02-01 08:58:54.292987,NG,2.14,2.12,2.16,800000.0,800000.0,0,0,0,0,0
3.0,1.0,1.0,,You are logged in as a DISTRIBUTOR,,75,2026-02-01 08:58:54.292987,ELEC-day2,0.0,0.0,0.0,,,0,0,0,0,0
2.0,1.0,1.0,,FINES,"The fine for open positions of ELEC-dayX at the end of the day is $20,000/contract.",75,2026-02-01 08:58:54.292987,ELEC-day3,0.0,0.0,0.0,,,0,0,0,0,0
1.0,1.0,1.0,,Welcome to the RITC2026 GBE Energy Electricity Trading Case - practice server,,75,2026-02-01 08:58:54.292987,ELEC-day4,0.0,0.0,0.0,,,0,0,0,0,0
,,,,,,75,2026-02-01 08:58:54.292987,ELEC-day5,0.0,0.0,0.0,,,0,0,0,0,0
,,,,,,75,2026-02-01 08:58:54.292987,ELEC-day6,0.0,0.0,0.0,,,0,0,0,0,0
,,,,,,75,2026-02-01 08:58:54.292987,ELEC-F,0.0,0.0,0.0,,,0,0,0,0,0
4.0,1.0,1.0,,TEMPERATURE Forecast for DAY 2,The average temperature tomorrow is forecasted to be between 8 and 18 degrees Celsius.,76,2026-02-01 08:58:55.317452,NG,2.14,2.12,2.16,800000.0,800000.0,0,0,0,0,0
3.0,1.0,1.0,,You are logged in as a DISTRIBUTOR,,76,2026-02-01 08:58:55.317452,ELEC-day2,0.0,0.0,0.0,,,0,0,0,0,0
2.0,1.0,1.0,,FINES,"The fine for open positions of ELEC-dayX at the end of the day is $20,000/contract.",76,2026-02-01 08:58:55.317452,ELEC-day3,0.0,0.0,0.0,,,0,0,0,0,0
1.0,1.0,1.0,,Welcome to the RITC2026 GBE Energy Electricity Trading Case - practice server,,76,2026-02-01 08:58:55.317452,ELEC-day4,0.0,0.0,0.0,,,0,0,0,0,0
,,,,,,76,2026-02-01 08:58:55.317452,ELEC-day5,0.0,0.0,0.0,,,0,0,0,0,0
,,,,,,76,2026-02-01 08:58:55.317452,ELEC-day6,0.0,0.0,0.0,,,0,0,0,0,0
,,,,,,76,2026-02-01 08:58:55.317452,ELEC-F,0.0,0.0,0.0,,,0,0,0,0,0
4.0,1.0,1.0,,TEMPERATURE Forecast for DAY 2,The average temperature tomorrow is forecasted to be between 8 and 18 degrees Celsius.,77,2026-02-01 08:58:56.348065,NG,2.15,2.13,2.17,800000.0,800000.0,0,0,0,0,0
3.0,1.0,1.0,,You are logged in as a DISTRIBUTOR,,77,2026-02-01 08:58:56.348065,ELEC-day2,0.0,0.0,0.0,,,0,0,0,0,0
2.0,1.0,1.0,,FINES,"The fine for open positions of ELEC-dayX at the end of the day is $20,000/contract.",77,2026-02-01 08:58:56.348065,ELEC-day3,0.0,0.0,0.0,,,0,0,0,0,0
1.0,1.0,1.0,,Welcome to the RITC2026 GBE Energy Electricity Trading Case - practice server,,77,2026-02-01 08:58:56.348065,ELEC-day4,0.0,0.0,0.0,,,0,0,0,0,0
,,,,,,77,2026-02-01 08:58:56.348065,ELEC-day5,0.0,0.0,0.0,,,0,0,0,0,0
,,,,,,77,2026-02-01 08:58:56.348065,ELEC-day6,0.0,0.0,0.0,,,0,0,0,0,0
,,,,,,77,2026-02-01 08:58:56.348065,ELEC-F,0.0,0.0,0.0,,,0,0,0,0,0
4.0,1.0,1.0,,TEMPERATURE Forecast for DAY 2,The average temperature tomorrow is forecasted to be between 8 and 18 degrees Celsius.,78,2026-02-01 08:58:57.388348,NG,2.15,2.13,2.17,800000.0,800000.0,0,0,0,0,0
3.0,1.0,1.0,,You are logged in as a DISTRIBUTOR,,78,2026-02-01 08:58:57.388348,ELEC-day2,0.0,0.0,0.0,,,0,0,0,0,0
2.0,1.0,1.0,,FINES,"The fine for open positions of ELEC-dayX at the end of the day is $20,000/contract.",78,2026-02-01 08:58:57.388348,ELEC-day3,0.0,0.0,0.0,,,0,0,0,0,0
1.0,1.0,1.0,,Welcome to the RITC2026 GBE Energy Electricity Trading Case - practice server,,78,2026-02-01 08:58:57.388348,ELEC-day4,0.0,0.0,0.0,,,0,0,0,0,0
,,,,,,78,2026-02-01 08:58:57.388348,ELEC-day5,0.0,0.0,0.0,,,0,0,0,0,0
,,,,,,78,2026-02-01 08:58:57.388348,ELEC-day6,0.0,0.0,0.0,,,0,0,0,0,0
,,,,,,78,2026-02-01 08:58:57.388348,ELEC-F,0.0,0.0,0.0,,,0,0,0,0,0
4.0,1.0,1.0,,TEMPERATURE Forecast for DAY 2,The average temperature tomorrow is forecasted to be between 8 and 18 degrees Celsius.,79,2026-02-01 08:58:58.420385,NG,2.14,2.12,2.16,800000.0,800000.0,0,0,0,0,0
3.0,1.0,1.0,,You are logged in as a DISTRIBUTOR,,79,2026-02-01 08:58:58.420385,ELEC-day2,0.0,0.0,0.0,,,0,0,0,0,0
2.0,1.0,1.0,,FINES,"The fine for open positions of ELEC-dayX at the end of the day is $20,000/contract.",79,2026-02-01 08:58:58.420385,ELEC-day3,0.0,0.0,0.0,,,0,0,0,0,0
1.0,1.0,1.0,,Welcome to the RITC2026 GBE Energy Electricity Trading Case - practice server,,79,2026-02-01 08:58:58.420385,ELEC-day4,0.0,0.0,0.0,,,0,0,0,0,0
,,,,,,79,2026-02-01 08:58:58.420385,ELEC-day5,0.0,0.0,0.0,,,0,0,0,0,0
,,,,,,79,2026-02-01 08:58:58.420385,ELEC-day6,0.0,0.0,0.0,,,0,0,0,0,0
,,,,,,79,2026-02-01 08:58:58.420385,ELEC-F,0.0,0.0,0.0,,,0,0,0,0,0
4.0,1.0,1.0,,TEMPERATURE Forecast for DAY 2,The average temperature tomorrow is forecasted to be between 8 and 18 degrees Celsius.,80,2026-02-01 08:58:59.444002,NG,2.14,2.12,2.16,800000.0,800000.0,0,0,0,0,0
3.0,1.0,1.0,,You are logged in as a DISTRIBUTOR,,80,2026-02-01 08:58:59.444002,ELEC-day2,0.0,0.0,0.0,,,0,0,0,0,0
2.0,1.0,1.0,,FINES,"The fine for open positions of ELEC-dayX at the end of the day is $20,000/contract.",80,2026-02-01 08:58:59.444002,ELEC-day3,0.0,0.0,0.0,,,0,0,0,0,0
1.0,1.0,1.0,,Welcome to the RITC2026 GBE Energy Electricity Trading Case - practice server,,80,2026-02-01 08:58:59.444002,ELEC-day4,0.0,0.0,0.0,,,0,0,0,0,0
,,,,,,80,2026-02-01 08:58:59.444002,ELEC-day5,0.0,0.0,0.0,,,0,0,0,0,0
,,,,,,80,2026-02-01 08:58:59.444002,ELEC-day6,0.0,0.0,0.0,,,0,0,0,0,0
,,,,,,80,2026-02-01 08:58:59.444002,ELEC-F,0.0,0.0,0.0,,,0,0,0,0,0
4.0,1.0,1.0,,TEMPERATURE Forecast for DAY 2,The average temperature tomorrow is forecasted to be between 8 and 18 degrees Celsius.,81,2026-02-01 08:59:00.477477,NG,2.15,2.13,2.17,800000.0,800000.0,0,0,0,0,0
3.0,1.0,1.0,,You are logged in as a DISTRIBUTOR,,81,2026-02-01 08:59:00.477477,ELEC-day2,0.0,0.0,0.0,,,0,0,0,0,0
2.0,1.0,1.0,,FINES,"The fine for open positions of ELEC-dayX at the end of the day is $20,000/contract.",81,2026-02-01 08:59:00.477477,ELEC-day3,0.0,0.0,0.0,,,0,0,0,0,0
1.0,1.0,1.0,,Welcome to the RITC2026 GBE Energy Electricity Trading Case - practice server,,81,2026-02-01 08:59:00.477477,ELEC-day4,0.0,0.0,0.0,,,0,0,0,0,0
,,,,,,81,2026-02-01 08:59:00.477477,ELEC-day5,0.0,0.0,0.0,,,0,0,0,0,0
,,,,,,81,2026-02-01 08:59:00.477477,ELEC-day6,0.0,0.0,0.0,,,0,0,0,0,0
,,,,,,81,2026-02-01 08:59:00.477477,ELEC-F,0.0,0.0,0.0,,,0,0,0,0,0
4.0,1.0,1.0,,TEMPERATURE Forecast for DAY 2,The average temperature tomorrow is forecasted to be between 8 and 18 degrees Celsius.,82,2026-02-01 08:59:01.510746,NG,2.15,2.13,2.17,800000.0,800000.0,0,0,0,0,0
3.0,1.0,1.0,,You are logged in as a DISTRIBUTOR,,82,2026-02-01 08:59:01.510746,ELEC-day2,0.0,0.0,0.0,,,0,0,0,0,0
2.0,1.0,1.0,,FINES,"The fine for open positions of ELEC-dayX at the end of the day is $20,000/contract.",82,2026-02-01 08:59:01.510746,ELEC-day3,0.0,0.0,0.0,,,0,0,0,0,0
1.0,1.0,1.0,,Welcome to the RITC2026 GBE Energy Electricity Trading Case - practice server,,82,2026-02-01 08:59:01.510746,ELEC-day4,0.0,0.0,0.0,,,0,0,0,0,0
,,,,,,82,2026-02-01 08:59:01.510746,ELEC-day5,0.0,0.0,0.0,,,0,0,0,0,0
,,,,,,82,2026-02-01 08:59:01.510746,ELEC-day6,0.0,0.0,0.0,,,0,0,0,0,0
,,,,,,82,2026-02-01 08:59:01.510746,ELEC-F,0.0,0.0,0.0,,,0,0,0,0,0
4.0,1.0,1.0,,TEMPERATURE Forecast for DAY 2,The average temperature tomorrow is forecasted to be between 8 and 18 degrees Celsius.,83,2026-02-01 08:59:02.538193,NG,2.15,2.13,2.17,800000.0,800000.0,0,0,0,0,0
3.0,1.0,1.0,,You are logged in as a DISTRIBUTOR,,83,2026-02-01 08:59:02.538193,ELEC-day2,0.0,0.0,0.0,,,0,0,0,0,0
2.0,1.0,1.0,,FINES,"The fine for open positions of ELEC-dayX at the end of the day is $20,000/contract.",83,2026-02-01 08:59:02.538193,ELEC-day3,0.0,0.0,0.0,,,0,0,0,0,0
1.0,1.0,1.0,,Welcome to the RITC2026 GBE Energy Electricity Trading Case - practice server,,83,2026-02-01 08:59:02.538193,ELEC-day4,0.0,0.0,0.0,,,0,0,0,0,0
,,,,,,83,2026-02-01 08:59:02.538193,ELEC-day5,0.0,0.0,0.0,,,0,0,0,0,0
,,,,,,83,2026-02-01 08:59:02.538193,ELEC-day6,0.0,0.0,0.0,,,0,0,0,0,0
,,,,,,83,2026-02-01 08:59:02.538193,ELEC-F,0.0,0.0,0.0,,,0,0,0,0,0
4.0,1.0,1.0,,TEMPERATURE Forecast for DAY 2,The average temperature tomorrow is forecasted to be between 8 and 18 degrees Celsius.,84,2026-02-01 08:59:03.560518,NG,2.15,2.13,2.17,800000.0,800000.0,0,0,0,0,0
3.0,1.0,1.0,,You are logged in as a DISTRIBUTOR,,84,2026-02-01 08:59:03.560518,ELEC-day2,0.0,0.0,0.0,,,0,0,0,0,0
2.0,1.0,1.0,,FINES,"The fine for open positions of ELEC-dayX at the end of the day is $20,000/contract.",84,2026-02-01 08:59:03.560518,ELEC-day3,0.0,0.0,0.0,,,0,0,0,0,0
1.0,1.0,1.0,,Welcome to the RITC2026 GBE Energy Electricity Trading Case - practice server,,84,2026-02-01 08:59:03.560518,ELEC-day4,0.0,0.0,0.0,,,0,0,0,0,0
,,,,,,84,2026-02-01 08:59:03.560518,ELEC-day5,0.0,0.0,0.0,,,0,0,0,0,0
,,,,,,84,2026-02-01 08:59:03.560518,ELEC-day6,0.0,0.0,0.0,,,0,0,0,0,0
,,,,,,84,2026-02-01 08:59:03.560518,ELEC-F,0.0,0.0,0.0,,,0,0,0,0,0
4.0,1.0,1.0,,TEMPERATURE Forecast for DAY 2,The average temperature tomorrow is forecasted to be between 8 and 18 degrees Celsius.,85,2026-02-01 08:59:04.588325,NG,2.15,2.13,2.17,800000.0,800000.0,0,0,0,0,0
3.0,1.0,1.0,,You are logged in as a DISTRIBUTOR,,85,2026-02-01 08:59:04.588325,ELEC-day2,0.0,0.0,0.0,,,0,0,0,0,0
2.0,1.0,1.0,,FINES,"The fine for open positions of ELEC-dayX at the end of the day is $20,000/contract.",85,2026-02-01 08:59:04.588325,ELEC-day3,0.0,0.0,0.0,,,0,0,0,0,0
1.0,1.0,1.0,,Welcome to the RITC2026 GBE Energy Electricity Trading Case - practice server,,85,2026-02-01 08:59:04.588325,ELEC-day4,0.0,0.0,0.0,,,0,0,0,0,0
,,,,,,85,2026-02-01 08:59:04.588325,ELEC-day5,0.0,0.0,0.0,,,0,0,0,0,0
,,,,,,85,2026-02-01 08:59:04.588325,ELEC-day6,0.0,0.0,0.0,,,0,0,0,0,0
,,,,,,85,2026-02-01 08:59:04.588325,ELEC-F,0.0,0.0,0.0,,,0,0,0,0,0
4.0,1.0,1.0,,TEMPERATURE Forecast for DAY 2,The average temperature tomorrow is forecasted to be between 8 and 18 degrees Celsius.,86,2026-02-01 08:59:05.629150,NG,2.16,2.14,2.18,800000.0,800000.0,0,0,0,0,0
3.0,1.0,1.0,,You are logged in as a DISTRIBUTOR,,86,2026-02-01 08:59:05.629150,ELEC-day2,0.0,0.0,0.0,,,0,0,0,0,0
2.0,1.0,1.0,,FINES,"The fine for open positions of ELEC-dayX at the end of the day is $20,000/contract.",86,2026-02-01 08:59:05.629150,ELEC-day3,0.0,0.0,0.0,,,0,0,0,0,0
1.0,1.0,1.0,,Welcome to the RITC2026 GBE Energy Electricity Trading Case - practice server,,86,2026-02-01 08:59:05.629150,ELEC-day4,0.0,0.0,0.0,,,0,0,0,0,0
,,,,,,86,2026-02-01 08:59:05.629150,ELEC-day5,0.0,0.0,0.0,,,0,0,0,0,0
,,,,,,86,2026-02-01 08:59:05.629150,ELEC-day6,0.0,0.0,0.0,,,0,0,0,0,0
,,,,,,86,2026-02-01 08:59:05.629150,ELEC-F,0.0,0.0,0.0,,,0,0,0,0,0
4.0,1.0,1.0,,TEMPERATURE Forecast for DAY 2,The average temperature tomorrow is forecasted to be between 8 and 18 degrees Celsius.,87,2026-02-01 08:59:06.653271,NG,2.16,2.14,2.18,800000.0,800000.0,0,0,0,0,0
3.0,1.0,1.0,,You are logged in as a DISTRIBUTOR,,87,2026-02-01 08:59:06.653271,ELEC-day2,0.0,0.0,0.0,,,0,0,0,0,0
2.0,1.0,1.0,,FINES,"The fine for open positions of ELEC-dayX at the end of the day is $20,000/contract.",87,2026-02-01 08:59:06.653271,ELEC-day3,0.0,0.0,0.0,,,0,0,0,0,0
1.0,1.0,1.0,,Welcome to the RITC2026 GBE Energy Electricity Trading Case - practice server,,87,2026-02-01 08:59:06.653271,ELEC-day4,0.0,0.0,0.0,,,0,0,0,0,0
,,,,,,87,2026-02-01 08:59:06.653271,ELEC-day5,0.0,0.0,0.0,,,0,0,0,0,0
,,,,,,87,2026-02-01 08:59:06.653271,ELEC-day6,0.0,0.0,0.0,,,0,0,0,0,0
,,,,,,87,2026-02-01 08:59:06.653271,ELEC-F,0.0,0.0,0.0,,,0,0,0,0,0
4.0,1.0,1.0,,TEMPERATURE Forecast for DAY 2,The average temperature tomorrow is forecasted to be between 8 and 18 degrees Celsius.,88,2026-02-01 08:59:07.699607,NG,2.16,2.14,2.18,800000.0,800000.0,0,0,0,0,0
3.0,1.0,1.0,,You are logged in as a DISTRIBUTOR,,88,2026-02-01 08:59:07.699607,ELEC-day2,0.0,0.0,0.0,,,0,0,0,0,0
2.0,1.0,1.0,,FINES,"The fine for open positions of ELEC-dayX at the end of the day is $20,000/contract.",88,2026-02-01 08:59:07.699607,ELEC-day3,0.0,0.0,0.0,,,0,0,0,0,0
1.0,1.0,1.0,,Welcome to the RITC2026 GBE Energy Electricity Trading Case - practice server,,88,2026-02-01 08:59:07.699607,ELEC-day4,0.0,0.0,0.0,,,0,0,0,0,0
,,,,,,88,2026-02-01 08:59:07.699607,ELEC-day5,0.0,0.0,0.0,,,0,0,0,0,0
,,,,,,88,2026-02-01 08:59:07.699607,ELEC-day6,0.0,0.0,0.0,,,0,0,0,0,0
,,,,,,88,2026-02-01 08:59:07.699607,ELEC-F,0.0,0.0,0.0,,,0,0,0,0,0
4.0,1.0,1.0,,TEMPERATURE Forecast for DAY 2,The average temperature tomorrow is forecasted to be between 8 and 18 degrees Celsius.,89,2026-02-01 08:59:08.731293,NG,2.17,2.15,2.19,800000.0,800000.0,0,0,0,0,0
3.0,1.0,1.0,,You are logged in as a DISTRIBUTOR,,89,2026-02-01 08:59:08.731293,ELEC-day2,0.0,0.0,0.0,,,0,0,0,0,0
2.0,1.0,1.0,,FINES,"The fine for open positions of ELEC-dayX at the end of the day is $20,000/contract.",89,2026-02-01 08:59:08.731293,ELEC-day3,0.0,0.0,0.0,,,0,0,0,0,0
1.0,1.0,1.0,,Welcome to the RITC2026 GBE Energy Electricity Trading Case - practice server,,89,2026-02-01 08:59:08.731293,ELEC-day4,0.0,0.0,0.0,,,0,0,0,0,0
,,,,,,89,2026-02-01 08:59:08.731293,ELEC-day5,0.0,0.0,0.0,,,0,0,0,0,0
,,,,,,89,2026-02-01 08:59:08.731293,ELEC-day6,0.0,0.0,0.0,,,0,0,0,0,0
,,,,,,89,2026-02-01 08:59:08.731293,ELEC-F,0.0,0.0,0.0,,,0,0,0,0,0
5.0,1.0,89.0,,TEMPERATURE Forecast for DAY 2,The average temperature tomorrow is forecasted to be between 7 and 13 degrees Celsius.,90,2026-02-01 08:59:09.752320,NG,2.16,2.14,2.18,800000.0,800000.0,0,0,0,0,0
4.0,1.0,1.0,,TEMPERATURE Forecast for DAY 2,The average temperature tomorrow is forecasted to be between 8 and 18 degrees Celsius.,90,2026-02-01 08:59:09.752320,ELEC-day2,0.0,0.0,0.0,,,0,0,0,0,0
3.0,1.0,1.0,,You are logged in as a DISTRIBUTOR,,90,2026-02-01 08:59:09.752320,ELEC-day3,0.0,0.0,0.0,,,0,0,0,0,0
2.0,1.0,1.0,,FINES,"The fine for open positions of ELEC-dayX at the end of the day is $20,000/contract.",90,2026-02-01 08:59:09.752320,ELEC-day4,0.0,0.0,0.0,,,0,0,0,0,0
1.0,1.0,1.0,,Welcome to the RITC2026 GBE Energy Electricity Trading Case - practice server,,90,2026-02-01 08:59:09.752320,ELEC-day5,0.0,0.0,0.0,,,0,0,0,0,0
,,,,,,90,2026-02-01 08:59:09.752320,ELEC-day6,0.0,0.0,0.0,,,0,0,0,0,0
,,,,,,90,2026-02-01 08:59:09.752320,ELEC-F,0.0,0.0,0.0,,,0,0,0,0,0
5.0,1.0,89.0,,TEMPERATURE Forecast for DAY 2,The average temperature tomorrow is forecasted to be between 7 and 13 degrees Celsius.,91,2026-02-01 08:59:10.781151,NG,2.16,2.14,2.18,800000.0,800000.0,0,0,0,0,0
4.0,1.0,1.0,,TEMPERATURE Forecast for DAY 2,The average temperature tomorrow is forecasted to be between 8 and 18 degrees Celsius.,91,2026-02-01 08:59:10.781151,ELEC-day2,0.0,0.0,0.0,,,0,0,0,0,0
3.0,1.0,1.0,,You are logged in as a DISTRIBUTOR,,91,2026-02-01 08:59:10.781151,ELEC-day3,0.0,0.0,0.0,,,0,0,0,0,0
2.0,1.0,1.0,,FINES,"The fine for open positions of ELEC-dayX at the end of the day is $20,000/contract.",91,2026-02-01 08:59:10.781151,ELEC-day4,0.0,0.0,0.0,,,0,0,0,0,0
1.0,1.0,1.0,,Welcome to the RITC2026 GBE Energy Electricity Trading Case - practice server,,91,2026-02-01 08:59:10.781151,ELEC-day5,0.0,0.0,0.0,,,0,0,0,0,0
,,,,,,91,2026-02-01 08:59:10.781151,ELEC-day6,0.0,0.0,0.0,,,0,0,0,0,0
,,,,,,91,2026-02-01 08:59:10.781151,ELEC-F,0.0,0.0,0.0,,,0,0,0,0,0
5.0,1.0,89.0,,TEMPERATURE Forecast for DAY 2,The average temperature tomorrow is forecasted to be between 7 and 13 degrees Celsius.,92,2026-02-01 08:59:11.803294,NG,2.15,2.13,2.17,800000.0,800000.0,0,0,0,0,0
4.0,1.0,1.0,,TEMPERATURE Forecast for DAY 2,The average temperature tomorrow is forecasted to be between 8 and 18 degrees Celsius.,92,2026-02-01 08:59:11.803294,ELEC-day2,0.0,0.0,0.0,,,0,0,0,0,0
3.0,1.0,1.0,,You are logged in as a DISTRIBUTOR,,92,2026-02-01 08:59:11.803294,ELEC-day3,0.0,0.0,0.0,,,0,0,0,0,0
2.0,1.0,1.0,,FINES,"The fine for open positions of ELEC-dayX at the end of the day is $20,000/contract.",92,2026-02-01 08:59:11.803294,ELEC-day4,0.0,0.0,0.0,,,0,0,0,0,0
1.0,1.0,1.0,,Welcome to the RITC2026 GBE Energy Electricity Trading Case - practice server,,92,2026-02-01 08:59:11.803294,ELEC-day5,0.0,0.0,0.0,,,0,0,0,0,0
,,,,,,92,2026-02-01 08:59:11.803294,ELEC-day6,0.0,0.0,0.0,,,0,0,0,0,0
,,,,,,92,2026-02-01 08:59:11.803294,ELEC-F,0.0,0.0,0.0,,,0,0,0,0,0
5.0,1.0,89.0,,TEMPERATURE Forecast for DAY 2,The average temperature tomorrow is forecasted to be between 7 and 13 degrees Celsius.,93,2026-02-01 08:59:12.837673,NG,2.14,2.12,2.16,800000.0,800000.0,0,0,0,0,0
4.0,1.0,1.0,,TEMPERATURE Forecast for DAY 2,The average temperature tomorrow is forecasted to be between 8 and 18 degrees Celsius.,93,2026-02-01 08:59:12.837673,ELEC-day2,0.0,0.0,0.0,,,0,0,0,0,0
3.0,1.0,1.0,,You are logged in as a DISTRIBUTOR,,93,2026-02-01 08:59:12.837673,ELEC-day3,0.0,0.0,0.0,,,0,0,0,0,0
2.0,1.0,1.0,,FINES,"The fine for open positions of ELEC-dayX at the end of the day is $20,000/contract.",93,2026-02-01 08:59:12.837673,ELEC-day4,0.0,0.0,0.0,,,0,0,0,0,0
1.0,1.0,1.0,,Welcome to the RITC2026 GBE Energy Electricity Trading Case - practice server,,93,2026-02-01 08:59:12.837673,ELEC-day5,0.0,0.0,0.0,,,0,0,0,0,0
,,,,,,93,2026-02-01 08:59:12.837673,ELEC-day6,0.0,0.0,0.0,,,0,0,0,0,0
,,,,,,93,2026-02-01 08:59:12.837673,ELEC-F,0.0,0.0,0.0,,,0,0,0,0,0
5.0,1.0,89.0,,TEMPERATURE Forecast for DAY 2,The average temperature tomorrow is forecasted to be between 7 and 13 degrees Celsius.,94,2026-02-01 08:59:13.863481,NG,2.14,2.12,2.16,800000.0,800000.0,0,0,0,0,0
4.0,1.0,1.0,,TEMPERATURE Forecast for DAY 2,The average temperature tomorrow is forecasted to be between 8 and 18 degrees Celsius.,94,2026-02-01 08:59:13.863481,ELEC-day2,0.0,0.0,0.0,,,0,0,0,0,0
3.0,1.0,1.0,,You are logged in as a DISTRIBUTOR,,94,2026-02-01 08:59:13.863481,ELEC-day3,0.0,0.0,0.0,,,0,0,0,0,0
2.0,1.0,1.0,,FINES,"The fine for open positions of ELEC-dayX at the end of the day is $20,000/contract.",94,2026-02-01 08:59:13.863481,ELEC-day4,0.0,0.0,0.0,,,0,0,0,0,0
1.0,1.0,1.0,,Welcome to the RITC2026 GBE Energy Electricity Trading Case - practice server,,94,2026-02-01 08:59:13.863481,ELEC-day5,0.0,0.0,0.0,,,0,0,0,0,0
,,,,,,94,2026-02-01 08:59:13.863481,ELEC-day6,0.0,0.0,0.0,,,0,0,0,0,0
,,,,,,94,2026-02-01 08:59:13.863481,ELEC-F,0.0,0.0,0.0,,,0,0,0,0,0
5.0,1.0,89.0,,TEMPERATURE Forecast for DAY 2,The average temperature tomorrow is forecasted to be between 7 and 13 degrees Celsius.,95,2026-02-01 08:59:14.903871,NG,2.15,2.13,2.17,800000.0,800000.0,0,0,0,0,0
4.0,1.0,1.0,,TEMPERATURE Forecast for DAY 2,The average temperature tomorrow is forecasted to be between 8 and 18 degrees Celsius.,95,2026-02-01 08:59:14.903871,ELEC-day2,0.0,0.0,0.0,,,0,0,0,0,0
3.0,1.0,1.0,,You are logged in as a DISTRIBUTOR,,95,2026-02-01 08:59:14.903871,ELEC-day3,0.0,0.0,0.0,,,0,0,0,0,0
2.0,1.0,1.0,,FINES,"The fine for open positions of ELEC-dayX at the end of the day is $20,000/contract.",95,2026-02-01 08:59:14.903871,ELEC-day4,0.0,0.0,0.0,,,0,0,0,0,0
1.0,1.0,1.0,,Welcome to the RITC2026 GBE Energy Electricity Trading Case - practice server,,95,2026-02-01 08:59:14.903871,ELEC-day5,0.0,0.0,0.0,,,0,0,0,0,0
,,,,,,95,2026-02-01 08:59:14.903871,ELEC-day6,0.0,0.0,0.0,,,0,0,0,0,0
,,,,,,95,2026-02-01 08:59:14.903871,ELEC-F,0.0,0.0,0.0,,,0,0,0,0,0
5.0,1.0,89.0,,TEMPERATURE Forecast for DAY 2,The average temperature tomorrow is forecasted to be between 7 and 13 degrees Celsius.,96,2026-02-01 08:59:15.941246,NG,2.16,2.14,2.18,800000.0,800000.0,0,0,0,0,0
4.0,1.0,1.0,,TEMPERATURE Forecast for DAY 2,The average temperature tomorrow is forecasted to be between 8 and 18 degrees Celsius.,96,2026-02-01 08:59:15.941246,ELEC-day2,0.0,0.0,0.0,,,0,0,0,0,0
3.0,1.0,1.0,,You are logged in as a DISTRIBUTOR,,96,2026-02-01 08:59:15.941246,ELEC-day3,0.0,0.0,0.0,,,0,0,0,0,0
2.0,1.0,1.0,,FINES,"The fine for open positions of ELEC-dayX at the end of the day is $20,000/contract.",96,2026-02-01 08:59:15.941246,ELEC-day4,0.0,0.0,0.0,,,0,0,0,0,0
1.0,1.0,1.0,,Welcome to the RITC2026 GBE Energy Electricity Trading Case - practice server,,96,2026-02-01 08:59:15.941246,ELEC-day5,0.0,0.0,0.0,,,0,0,0,0,0
,,,,,,96,2026-02-01 08:59:15.941246,ELEC-day6,0.0,0.0,0.0,,,0,0,0,0,0
,,,,,,96,2026-02-01 08:59:15.941246,ELEC-F,0.0,0.0,0.0,,,0,0,0,0,0
5.0,1.0,89.0,,TEMPERATURE Forecast for DAY 2,The average temperature tomorrow is forecasted to be between 7 and 13 degrees Celsius.,97,2026-02-01 08:59:16.979251,NG,2.16,2.14,2.18,800000.0,800000.0,0,0,0,0,0
4.0,1.0,1.0,,TEMPERATURE Forecast for DAY 2,The average temperature tomorrow is forecasted to be between 8 and 18 degrees Celsius.,97,2026-02-01 08:59:16.979251,ELEC-day2,0.0,0.0,0.0,,,0,0,0,0,0
3.0,1.0,1.0,,You are logged in as a DISTRIBUTOR,,97,2026-02-01 08:59:16.979251,ELEC-day3,0.0,0.0,0.0,,,0,0,0,0,0
2.0,1.0,1.0,,FINES,"The fine for open positions of ELEC-dayX at the end of the day is $20,000/contract.",97,2026-02-01 08:59:16.979251,ELEC-day4,0.0,0.0,0.0,,,0,0,0,0,0
1.0,1.0,1.0,,Welcome to the RITC2026 GBE Energy Electricity Trading Case - practice server,,97,2026-02-01 08:59:16.979251,ELEC-day5,0.0,0.0,0.0,,,0,0,0,0,0
,,,,,,97,2026-02-01 08:59:16.979251,ELEC-day6,0.0,0.0,0.0,,,0,0,0,0,0
,,,,,,97,2026-02-01 08:59:16.979251,ELEC-F,0.0,0.0,0.0,,,0,0,0,0,0
5.0,1.0,89.0,,TEMPERATURE Forecast for DAY 2,The average temperature tomorrow is forecasted to be between 7 and 13 degrees Celsius.,99,2026-02-01 08:59:18.053326,NG,2.15,2.13,2.17,800000.0,800000.0,0,0,0,0,0
4.0,1.0,1.0,,TEMPERATURE Forecast for DAY 2,The average temperature tomorrow is forecasted to be between 8 and 18 degrees Celsius.,99,2026-02-01 08:59:18.053326,ELEC-day2,0.0,0.0,0.0,,,0,0,0,0,0
3.0,1.0,1.0,,You are logged in as a DISTRIBUTOR,,99,2026-02-01 08:59:18.053326,ELEC-day3,0.0,0.0,0.0,,,0,0,0,0,0
2.0,1.0,1.0,,FINES,"The fine for open positions of ELEC-dayX at the end of the day is $20,000/contract.",99,2026-02-01 08:59:18.053326,ELEC-day4,0.0,0.0,0.0,,,0,0,0,0,0
1.0,1.0,1.0,,Welcome to the RITC2026 GBE Energy Electricity Trading Case - practice server,,99,2026-02-01 08:59:18.053326,ELEC-day5,0.0,0.0,0.0,,,0,0,0,0,0
,,,,,,99,2026-02-01 08:59:18.053326,ELEC-day6,0.0,0.0,0.0,,,0,0,0,0,0
,,,,,,99,2026-02-01 08:59:18.053326,ELEC-F,0.0,0.0,0.0,,,0,0,0,0,0
5.0,1.0,89.0,,TEMPERATURE Forecast for DAY 2,The average temperature tomorrow is forecasted to be between 7 and 13 degrees Celsius.,100,2026-02-01 08:59:19.155724,NG,2.15,2.13,2.17,800000.0,800000.0,0,0,0,0,0
4.0,1.0,1.0,,TEMPERATURE Forecast for DAY 2,The average temperature tomorrow is forecasted to be between 8 and 18 degrees Celsius.,100,2026-02-01 08:59:19.155724,ELEC-day2,0.0,0.0,0.0,,,0,0,0,0,0
3.0,1.0,1.0,,You are logged in as a DISTRIBUTOR,,100,2026-02-01 08:59:19.155724,ELEC-day3,0.0,0.0,0.0,,,0,0,0,0,0
2.0,1.0,1.0,,FINES,"The fine for open positions of ELEC-dayX at the end of the day is $20,000/contract.",100,2026-02-01 08:59:19.155724,ELEC-day4,0.0,0.0,0.0,,,0,0,0,0,0
1.0,1.0,1.0,,Welcome to the RITC2026 GBE Energy Electricity Trading Case - practice server,,100,2026-02-01 08:59:19.155724,ELEC-day5,0.0,0.0,0.0,,,0,0,0,0,0
,,,,,,100,2026-02-01 08:59:19.155724,ELEC-day6,0.0,0.0,0.0,,,0,0,0,0,0
,,,,,,100,2026-02-01 08:59:19.155724,ELEC-F,0.0,0.0,0.0,,,0,0,0,0,0
5.0,1.0,89.0,,TEMPERATURE Forecast for DAY 2,The average temperature tomorrow is forecasted to be between 7 and 13 degrees Celsius.,101,2026-02-01 08:59:20.199173,NG,2.15,2.13,2.17,800000.0,800000.0,0,0,0,0,0
4.0,1.0,1.0,,TEMPERATURE Forecast for DAY 2,The average temperature tomorrow is forecasted to be between 8 and 18 degrees Celsius.,101,2026-02-01 08:59:20.199173,ELEC-day2,0.0,0.0,0.0,,,0,0,0,0,0
3.0,1.0,1.0,,You are logged in as a DISTRIBUTOR,,101,2026-02-01 08:59:20.199173,ELEC-day3,0.0,0.0,0.0,,,0,0,0,0,0
2.0,1.0,1.0,,FINES,"The fine for open positions of ELEC-dayX at the end of the day is $20,000/contract.",101,2026-02-01 08:59:20.199173,ELEC-day4,0.0,0.0,0.0,,,0,0,0,0,0
1.0,1.0,1.0,,Welcome to the RITC2026 GBE Energy Electricity Trading Case - practice server,,101,2026-02-01 08:59:20.199173,ELEC-day5,0.0,0.0,0.0,,,0,0,0,0,0
,,,,,,101,2026-02-01 08:59:20.199173,ELEC-day6,0.0,0.0,0.0,,,0,0,0,0,0
,,,,,,101,2026-02-01 08:59:20.199173,ELEC-F,0.0,0.0,0.0,,,0,0,0,0,0
5.0,1.0,89.0,,TEMPERATURE Forecast for DAY 2,The average temperature tomorrow is forecasted to be between 7 and 13 degrees Celsius.,102,2026-02-01 08:59:21.237538,NG,2.15,2.13,2.17,800000.0,800000.0,0,0,0,0,0
4.0,1.0,1.0,,TEMPERATURE Forecast for DAY 2,The average temperature tomorrow is forecasted to be between 8 and 18 degrees Celsius.,102,2026-02-01 08:59:21.237538,ELEC-day2,0.0,0.0,0.0,,,0,0,0,0,0
3.0,1.0,1.0,,You are logged in as a DISTRIBUTOR,,102,2026-02-01 08:59:21.237538,ELEC-day3,0.0,0.0,0.0,,,0,0,0,0,0
2.0,1.0,1.0,,FINES,"The fine for open positions of ELEC-dayX at the end of the day is $20,000/contract.",102,2026-02-01 08:59:21.237538,ELEC-day4,0.0,0.0,0.0,,,0,0,0,0,0
1.0,1.0,1.0,,Welcome to the RITC2026 GBE Energy Electricity Trading Case - practice server,,102,2026-02-01 08:59:21.237538,ELEC-day5,0.0,0.0,0.0,,,0,0,0,0,0
,,,,,,102,2026-02-01 08:59:21.237538,ELEC-day6,0.0,0.0,0.0,,,0,0,0,0,0
,,,,,,102,2026-02-01 08:59:21.237538,ELEC-F,0.0,0.0,0.0,,,0,0,0,0,0
5.0,1.0,89.0,,TEMPERATURE Forecast for DAY 2,The average temperature tomorrow is forecasted to be between 7 and 13 degrees Celsius.,103,2026-02-01 08:59:22.266519,NG,2.15,2.13,2.17,800000.0,800000.0,0,0,0,0,0
4.0,1.0,1.0,,TEMPERATURE Forecast for DAY 2,The average temperature tomorrow is forecasted to be between 8 and 18 degrees Celsius.,103,2026-02-01 08:59:22.266519,ELEC-day2,0.0,0.0,0.0,,,0,0,0,0,0
3.0,1.0,1.0,,You are logged in as a DISTRIBUTOR,,103,2026-02-01 08:59:22.266519,ELEC-day3,0.0,0.0,0.0,,,0,0,0,0,0
2.0,1.0,1.0,,FINES,"The fine for open positions of ELEC-dayX at the end of the day is $20,000/contract.",103,2026-02-01 08:59:22.266519,ELEC-day4,0.0,0.0,0.0,,,0,0,0,0,0
1.0,1.0,1.0,,Welcome to the RITC2026 GBE Energy Electricity Trading Case - practice server,,103,2026-02-01 08:59:22.266519,ELEC-day5,0.0,0.0,0.0,,,0,0,0,0,0
,,,,,,103,2026-02-01 08:59:22.266519,ELEC-day6,0.0,0.0,0.0,,,0,0,0,0,0
,,,,,,103,2026-02-01 08:59:22.266519,ELEC-F,0.0,0.0,0.0,,,0,0,0,0,0
5.0,1.0,89.0,,TEMPERATURE Forecast for DAY 2,The average temperature tomorrow is forecasted to be between 7 and 13 degrees Celsius.,104,2026-02-01 08:59:23.297854,NG,2.16,2.14,2.18,800000.0,800000.0,0,0,0,0,0
4.0,1.0,1.0,,TEMPERATURE Forecast for DAY 2,The average temperature tomorrow is forecasted to be between 8 and 18 degrees Celsius.,104,2026-02-01 08:59:23.297854,ELEC-day2,0.0,0.0,0.0,,,0,0,0,0,0
3.0,1.0,1.0,,You are logged in as a DISTRIBUTOR,,104,2026-02-01 08:59:23.297854,ELEC-day3,0.0,0.0,0.0,,,0,0,0,0,0
2.0,1.0,1.0,,FINES,"The fine for open positions of ELEC-dayX at the end of the day is $20,000/contract.",104,2026-02-01 08:59:23.297854,ELEC-day4,0.0,0.0,0.0,,,0,0,0,0,0
1.0,1.0,1.0,,Welcome to the RITC2026 GBE Energy Electricity Trading Case - practice server,,104,2026-02-01 08:59:23.297854,ELEC-day5,0.0,0.0,0.0,,,0,0,0,0,0
,,,,,,104,2026-02-01 08:59:23.297854,ELEC-day6,0.0,0.0,0.0,,,0,0,0,0,0
,,,,,,104,2026-02-01 08:59:23.297854,ELEC-F,0.0,0.0,0.0,,,0,0,0,0,0
5.0,1.0,89.0,,TEMPERATURE Forecast for DAY 2,The average temperature tomorrow is forecasted to be between 7 and 13 degrees Celsius.,105,2026-02-01 08:59:24.333579,NG,2.16,2.14,2.18,800000.0,800000.0,0,0,0,0,0
4.0,1.0,1.0,,TEMPERATURE Forecast for DAY 2,The average temperature tomorrow is forecasted to be between 8 and 18 degrees Celsius.,105,2026-02-01 08:59:24.333579,ELEC-day2,0.0,0.0,0.0,,,0,0,0,0,0
3.0,1.0,1.0,,You are logged in as a DISTRIBUTOR,,105,2026-02-01 08:59:24.333579,ELEC-day3,0.0,0.0,0.0,,,0,0,0,0,0
2.0,1.0,1.0,,FINES,"The fine for open positions of ELEC-dayX at the end of the day is $20,000/contract.",105,2026-02-01 08:59:24.333579,ELEC-day4,0.0,0.0,0.0,,,0,0,0,0,0
1.0,1.0,1.0,,Welcome to the RITC2026 GBE Energy Electricity Trading Case - practice server,,105,2026-02-01 08:59:24.333579,ELEC-day5,0.0,0.0,0.0,,,0,0,0,0,0
,,,,,,105,2026-02-01 08:59:24.333579,ELEC-day6,0.0,0.0,0.0,,,0,0,0,0,0
,,,,,,105,2026-02-01 08:59:24.333579,ELEC-F,0.0,0.0,0.0,,,0,0,0,0,0
5.0,1.0,89.0,,TEMPERATURE Forecast for DAY 2,The average temperature tomorrow is forecasted to be between 7 and 13 degrees Celsius.,106,2026-02-01 08:59:25.366681,NG,2.16,2.14,2.18,800000.0,800000.0,0,0,0,0,0
4.0,1.0,1.0,,TEMPERATURE Forecast for DAY 2,The average temperature tomorrow is forecasted to be between 8 and 18 degrees Celsius.,106,2026-02-01 08:59:25.366681,ELEC-day2,0.0,0.0,0.0,,,0,0,0,0,0
3.0,1.0,1.0,,You are logged in as a DISTRIBUTOR,,106,2026-02-01 08:59:25.366681,ELEC-day3,0.0,0.0,0.0,,,0,0,0,0,0
2.0,1.0,1.0,,FINES,"The fine for open positions of ELEC-dayX at the end of the day is $20,000/contract.",106,2026-02-01 08:59:25.366681,ELEC-day4,0.0,0.0,0.0,,,0,0,0,0,0
1.0,1.0,1.0,,Welcome to the RITC2026 GBE Energy Electricity Trading Case - practice server,,106,2026-02-01 08:59:25.366681,ELEC-day5,0.0,0.0,0.0,,,0,0,0,0,0
,,,,,,106,2026-02-01 08:59:25.366681,ELEC-day6,0.0,0.0,0.0,,,0,0,0,0,0
,,,,,,106,2026-02-01 08:59:25.366681,ELEC-F,0.0,0.0,0.0,,,0,0,0,0,0
5.0,1.0,89.0,,TEMPERATURE Forecast for DAY 2,The average temperature tomorrow is forecasted to be between 7 and 13 degrees Celsius.,107,2026-02-01 08:59:26.401292,NG,2.15,2.13,2.17,800000.0,800000.0,0,0,0,0,0
4.0,1.0,1.0,,TEMPERATURE Forecast for DAY 2,The average temperature tomorrow is forecasted to be between 8 and 18 degrees Celsius.,107,2026-02-01 08:59:26.401292,ELEC-day2,0.0,0.0,0.0,,,0,0,0,0,0
3.0,1.0,1.0,,You are logged in as a DISTRIBUTOR,,107,2026-02-01 08:59:26.401292,ELEC-day3,0.0,0.0,0.0,,,0,0,0,0,0
2.0,1.0,1.0,,FINES,"The fine for open positions of ELEC-dayX at the end of the day is $20,000/contract.",107,2026-02-01 08:59:26.401292,ELEC-day4,0.0,0.0,0.0,,,0,0,0,0,0
1.0,1.0,1.0,,Welcome to the RITC2026 GBE Energy Electricity Trading Case - practice server,,107,2026-02-01 08:59:26.401292,ELEC-day5,0.0,0.0,0.0,,,0,0,0,0,0
,,,,,,107,2026-02-01 08:59:26.401292,ELEC-day6,0.0,0.0,0.0,,,0,0,0,0,0
,,,,,,107,2026-02-01 08:59:26.401292,ELEC-F,0.0,0.0,0.0,,,0,0,0,0,0
5.0,1.0,89.0,,TEMPERATURE Forecast for DAY 2,The average temperature tomorrow is forecasted to be between 7 and 13 degrees Celsius.,108,2026-02-01 08:59:27.417811,NG,2.16,2.14,2.18,800000.0,800000.0,0,0,0,0,0
4.0,1.0,1.0,,TEMPERATURE Forecast for DAY 2,The average temperature tomorrow is forecasted to be between 8 and 18 degrees Celsius.,108,2026-02-01 08:59:27.417811,ELEC-day2,0.0,0.0,0.0,,,0,0,0,0,0
3.0,1.0,1.0,,You are logged in as a DISTRIBUTOR,,108,2026-02-01 08:59:27.417811,ELEC-day3,0.0,0.0,0.0,,,0,0,0,0,0
2.0,1.0,1.0,,FINES,"The fine for open positions of ELEC-dayX at the end of the day is $20,000/contract.",108,2026-02-01 08:59:27.417811,ELEC-day4,0.0,0.0,0.0,,,0,0,0,0,0
1.0,1.0,1.0,,Welcome to the RITC2026 GBE Energy Electricity Trading Case - practice server,,108,2026-02-01 08:59:27.417811,ELEC-day5,0.0,0.0,0.0,,,0,0,0,0,0
,,,,,,108,2026-02-01 08:59:27.417811,ELEC-day6,0.0,0.0,0.0,,,0,0,0,0,0
,,,,,,108,2026-02-01 08:59:27.417811,ELEC-F,0.0,0.0,0.0,,,0,0,0,0,0
5.0,1.0,89.0,,TEMPERATURE Forecast for DAY 2,The average temperature tomorrow is forecasted to be between 7 and 13 degrees Celsius.,109,2026-02-01 08:59:28.452950,NG,2.16,2.14,2.18,800000.0,800000.0,0,0,0,0,0
4.0,1.0,1.0,,TEMPERATURE Forecast for DAY 2,The average temperature tomorrow is forecasted to be between 8 and 18 degrees Celsius.,109,2026-02-01 08:59:28.452950,ELEC-day2,0.0,0.0,0.0,,,0,0,0,0,0
3.0,1.0,1.0,,You are logged in as a DISTRIBUTOR,,109,2026-02-01 08:59:28.452950,ELEC-day3,0.0,0.0,0.0,,,0,0,0,0,0
2.0,1.0,1.0,,FINES,"The fine for open positions of ELEC-dayX at the end of the day is $20,000/contract.",109,2026-02-01 08:59:28.452950,ELEC-day4,0.0,0.0,0.0,,,0,0,0,0,0
1.0,1.0,1.0,,Welcome to the RITC2026 GBE Energy Electricity Trading Case - practice server,,109,2026-02-01 08:59:28.452950,ELEC-day5,0.0,0.0,0.0,,,0,0,0,0,0
,,,,,,109,2026-02-01 08:59:28.452950,ELEC-day6,0.0,0.0,0.0,,,0,0,0,0,0
,,,,,,109,2026-02-01 08:59:28.452950,ELEC-F,0.0,0.0,0.0,,,0,0,0,0,0
5.0,1.0,89.0,,TEMPERATURE Forecast for DAY 2,The average temperature tomorrow is forecasted to be between 7 and 13 degrees Celsius.,110,2026-02-01 08:59:29.488949,NG,2.17,2.15,2.19,800000.0,800000.0,0,0,0,0,0
4.0,1.0,1.0,,TEMPERATURE Forecast for DAY 2,The average temperature tomorrow is forecasted to be between 8 and 18 degrees Celsius.,110,2026-02-01 08:59:29.488949,ELEC-day2,0.0,0.0,0.0,,,0,0,0,0,0
3.0,1.0,1.0,,You are logged in as a DISTRIBUTOR,,110,2026-02-01 08:59:29.488949,ELEC-day3,0.0,0.0,0.0,,,0,0,0,0,0
2.0,1.0,1.0,,FINES,"The fine for open positions of ELEC-dayX at the end of the day is $20,000/contract.",110,2026-02-01 08:59:29.488949,ELEC-day4,0.0,0.0,0.0,,,0,0,0,0,0
1.0,1.0,1.0,,Welcome to the RITC2026 GBE Energy Electricity Trading Case - practice server,,110,2026-02-01 08:59:29.488949,ELEC-day5,0.0,0.0,0.0,,,0,0,0,0,0
,,,,,,110,2026-02-01 08:59:29.488949,ELEC-day6,0.0,0.0,0.0,,,0,0,0,0,0
,,,,,,110,2026-02-01 08:59:29.488949,ELEC-F,0.0,0.0,0.0,,,0,0,0,0,0
5.0,1.0,89.0,,TEMPERATURE Forecast for DAY 2,The average temperature tomorrow is forecasted to be between 7 and 13 degrees Celsius.,111,2026-02-01 08:59:30.506006,NG,2.16,2.14,2.18,800000.0,800000.0,0,0,0,0,0
4.0,1.0,1.0,,TEMPERATURE Forecast for DAY 2,The average temperature tomorrow is forecasted to be between 8 and 18 degrees Celsius.,111,2026-02-01 08:59:30.506006,ELEC-day2,0.0,0.0,0.0,,,0,0,0,0,0
3.0,1.0,1.0,,You are logged in as a DISTRIBUTOR,,111,2026-02-01 08:59:30.506006,ELEC-day3,0.0,0.0,0.0,,,0,0,0,0,0
2.0,1.0,1.0,,FINES,"The fine for open positions of ELEC-dayX at the end of the day is $20,000/contract.",111,2026-02-01 08:59:30.506006,ELEC-day4,0.0,0.0,0.0,,,0,0,0,0,0
1.0,1.0,1.0,,Welcome to the RITC2026 GBE Energy Electricity Trading Case - practice server,,111,2026-02-01 08:59:30.506006,ELEC-day5,0.0,0.0,0.0,,,0,0,0,0,0
,,,,,,111,2026-02-01 08:59:30.506006,ELEC-day6,0.0,0.0,0.0,,,0,0,0,0,0
,,,,,,111,2026-02-01 08:59:30.506006,ELEC-F,0.0,0.0,0.0,,,0,0,0,0,0
5.0,1.0,89.0,,TEMPERATURE Forecast for DAY 2,The average temperature tomorrow is forecasted to be between 7 and 13 degrees Celsius.,112,2026-02-01 08:59:31.533564,NG,2.16,2.14,2.18,800000.0,800000.0,0,0,0,0,0
4.0,1.0,1.0,,TEMPERATURE Forecast for DAY 2,The average temperature tomorrow is forecasted to be between 8 and 18 degrees Celsius.,112,2026-02-01 08:59:31.533564,ELEC-day2,0.0,0.0,0.0,,,0,0,0,0,0
3.0,1.0,1.0,,You are logged in as a DISTRIBUTOR,,112,2026-02-01 08:59:31.533564,ELEC-day3,0.0,0.0,0.0,,,0,0,0,0,0
2.0,1.0,1.0,,FINES,"The fine for open positions of ELEC-dayX at the end of the day is $20,000/contract.",112,2026-02-01 08:59:31.533564,ELEC-day4,0.0,0.0,0.0,,,0,0,0,0,0
1.0,1.0,1.0,,Welcome to the RITC2026 GBE Energy Electricity Trading Case - practice server,,112,2026-02-01 08:59:31.533564,ELEC-day5,0.0,0.0,0.0,,,0,0,0,0,0
,,,,,,112,2026-02-01 08:59:31.533564,ELEC-day6,0.0,0.0,0.0,,,0,0,0,0,0
,,,,,,112,2026-02-01 08:59:31.533564,ELEC-F,0.0,0.0,0.0,,,0,0,0,0,0
5.0,1.0,89.0,,TEMPERATURE Forecast for DAY 2,The average temperature tomorrow is forecasted to be between 7 and 13 degrees Celsius.,113,2026-02-01 08:59:32.558235,NG,2.17,2.15,2.19,800000.0,800000.0,0,0,0,0,0
4.0,1.0,1.0,,TEMPERATURE Forecast for DAY 2,The average temperature tomorrow is forecasted to be between 8 and 18 degrees Celsius.,113,2026-02-01 08:59:32.558235,ELEC-day2,0.0,0.0,0.0,,,0,0,0,0,0
3.0,1.0,1.0,,You are logged in as a DISTRIBUTOR,,113,2026-02-01 08:59:32.558235,ELEC-day3,0.0,0.0,0.0,,,0,0,0,0,0
2.0,1.0,1.0,,FINES,"The fine for open positions of ELEC-dayX at the end of the day is $20,000/contract.",113,2026-02-01 08:59:32.558235,ELEC-day4,0.0,0.0,0.0,,,0,0,0,0,0
1.0,1.0,1.0,,Welcome to the RITC2026 GBE Energy Electricity Trading Case - practice server,,113,2026-02-01 08:59:32.558235,ELEC-day5,0.0,0.0,0.0,,,0,0,0,0,0
,,,,,,113,2026-02-01 08:59:32.558235,ELEC-day6,0.0,0.0,0.0,,,0,0,0,0,0
,,,,,,113,2026-02-01 08:59:32.558235,ELEC-F,0.0,0.0,0.0,,,0,0,0,0,0
5.0,1.0,89.0,,TEMPERATURE Forecast for DAY 2,The average temperature tomorrow is forecasted to be between 7 and 13 degrees Celsius.,114,2026-02-01 08:59:33.578952,NG,2.17,2.15,2.19,800000.0,800000.0,0,0,0,0,0
4.0,1.0,1.0,,TEMPERATURE Forecast for DAY 2,The average temperature tomorrow is forecasted to be between 8 and 18 degrees Celsius.,114,2026-02-01 08:59:33.578952,ELEC-day2,0.0,0.0,0.0,,,0,0,0,0,0
3.0,1.0,1.0,,You are logged in as a DISTRIBUTOR,,114,2026-02-01 08:59:33.578952,ELEC-day3,0.0,0.0,0.0,,,0,0,0,0,0
2.0,1.0,1.0,,FINES,"The fine for open positions of ELEC-dayX at the end of the day is $20,000/contract.",114,2026-02-01 08:59:33.578952,ELEC-day4,0.0,0.0,0.0,,,0,0,0,0,0
1.0,1.0,1.0,,Welcome to the RITC2026 GBE Energy Electricity Trading Case - practice server,,114,2026-02-01 08:59:33.578952,ELEC-day5,0.0,0.0,0.0,,,0,0,0,0,0
,,,,,,114,2026-02-01 08:59:33.578952,ELEC-day6,0.0,0.0,0.0,,,0,0,0,0,0
,,,,,,114,2026-02-01 08:59:33.578952,ELEC-F,0.0,0.0,0.0,,,0,0,0,0,0
5.0,1.0,89.0,,TEMPERATURE Forecast for DAY 2,The average temperature tomorrow is forecasted to be between 7 and 13 degrees Celsius.,115,2026-02-01 08:59:34.613022,NG,2.16,2.14,2.18,800000.0,800000.0,0,0,0,0,0
4.0,1.0,1.0,,TEMPERATURE Forecast for DAY 2,The average temperature tomorrow is forecasted to be between 8 and 18 degrees Celsius.,115,2026-02-01 08:59:34.613022,ELEC-day2,0.0,0.0,0.0,,,0,0,0,0,0
3.0,1.0,1.0,,You are logged in as a DISTRIBUTOR,,115,2026-02-01 08:59:34.613022,ELEC-day3,0.0,0.0,0.0,,,0,0,0,0,0
2.0,1.0,1.0,,FINES,"The fine for open positions of ELEC-dayX at the end of the day is $20,000/contract.",115,2026-02-01 08:59:34.613022,ELEC-day4,0.0,0.0,0.0,,,0,0,0,0,0
1.0,1.0,1.0,,Welcome to the RITC2026 GBE Energy Electricity Trading Case - practice server,,115,2026-02-01 08:59:34.613022,ELEC-day5,0.0,0.0,0.0,,,0,0,0,0,0
,,,,,,115,2026-02-01 08:59:34.613022,ELEC-day6,0.0,0.0,0.0,,,0,0,0,0,0
,,,,,,115,2026-02-01 08:59:34.613022,ELEC-F,0.0,0.0,0.0,,,0,0,0,0,0
5.0,1.0,89.0,,TEMPERATURE Forecast for DAY 2,The average temperature tomorrow is forecasted to be between 7 and 13 degrees Celsius.,116,2026-02-01 08:59:35.643508,NG,2.16,2.14,2.18,800000.0,800000.0,0,0,0,0,0
4.0,1.0,1.0,,TEMPERATURE Forecast for DAY 2,The average temperature tomorrow is forecasted to be between 8 and 18 degrees Celsius.,116,2026-02-01 08:59:35.643508,ELEC-day2,0.0,0.0,0.0,,,0,0,0,0,0
3.0,1.0,1.0,,You are logged in as a DISTRIBUTOR,,116,2026-02-01 08:59:35.643508,ELEC-day3,0.0,0.0,0.0,,,0,0,0,0,0
2.0,1.0,1.0,,FINES,"The fine for open positions of ELEC-dayX at the end of the day is $20,000/contract.",116,2026-02-01 08:59:35.643508,ELEC-day4,0.0,0.0,0.0,,,0,0,0,0,0
1.0,1.0,1.0,,Welcome to the RITC2026 GBE Energy Electricity Trading Case - practice server,,116,2026-02-01 08:59:35.643508,ELEC-day5,0.0,0.0,0.0,,,0,0,0,0,0
,,,,,,116,2026-02-01 08:59:35.643508,ELEC-day6,0.0,0.0,0.0,,,0,0,0,0,0
,,,,,,116,2026-02-01 08:59:35.643508,ELEC-F,0.0,0.0,0.0,,,0,0,0,0,0
5.0,1.0,89.0,,TEMPERATURE Forecast for DAY 2,The average temperature tomorrow is forecasted to be between 7 and 13 degrees Celsius.,117,2026-02-01 08:59:36.664446,NG,2.17,2.15,2.19,800000.0,800000.0,0,0,0,0,0
4.0,1.0,1.0,,TEMPERATURE Forecast for DAY 2,The average temperature tomorrow is forecasted to be between 8 and 18 degrees Celsius.,117,2026-02-01 08:59:36.664446,ELEC-day2,0.0,0.0,0.0,,,0,0,0,0,0
3.0,1.0,1.0,,You are logged in as a DISTRIBUTOR,,117,2026-02-01 08:59:36.664446,ELEC-day3,0.0,0.0,0.0,,,0,0,0,0,0
2.0,1.0,1.0,,FINES,"The fine for open positions of ELEC-dayX at the end of the day is $20,000/contract.",117,2026-02-01 08:59:36.664446,ELEC-day4,0.0,0.0,0.0,,,0,0,0,0,0
1.0,1.0,1.0,,Welcome to the RITC2026 GBE Energy Electricity Trading Case - practice server,,117,2026-02-01 08:59:36.664446,ELEC-day5,0.0,0.0,0.0,,,0,0,0,0,0
,,,,,,117,2026-02-01 08:59:36.664446,ELEC-day6,0.0,0.0,0.0,,,0,0,0,0,0
,,,,,,117,2026-02-01 08:59:36.664446,ELEC-F,0.0,0.0,0.0,,,0,0,0,0,0
5.0,1.0,89.0,,TEMPERATURE Forecast for DAY 2,The average temperature tomorrow is forecasted to be between 7 and 13 degrees Celsius.,118,2026-02-01 08:59:37.698279,NG,2.16,2.14,2.18,800000.0,800000.0,0,0,0,0,0
4.0,1.0,1.0,,TEMPERATURE Forecast for DAY 2,The average temperature tomorrow is forecasted to be between 8 and 18 degrees Celsius.,118,2026-02-01 08:59:37.698279,ELEC-day2,0.0,0.0,0.0,,,0,0,0,0,0
3.0,1.0,1.0,,You are logged in as a DISTRIBUTOR,,118,2026-02-01 08:59:37.698279,ELEC-day3,0.0,0.0,0.0,,,0,0,0,0,0
2.0,1.0,1.0,,FINES,"The fine for open positions of ELEC-dayX at the end of the day is $20,000/contract.",118,2026-02-01 08:59:37.698279,ELEC-day4,0.0,0.0,0.0,,,0,0,0,0,0
1.0,1.0,1.0,,Welcome to the RITC2026 GBE Energy Electricity Trading Case - practice server,,118,2026-02-01 08:59:37.698279,ELEC-day5,0.0,0.0,0.0,,,0,0,0,0,0
,,,,,,118,2026-02-01 08:59:37.698279,ELEC-day6,0.0,0.0,0.0,,,0,0,0,0,0
