news_id,period,tick,ticker,headline,body,tick,timestamp,ticker,last_price,bid_price,ask_price,BUY_ANON,SELL_ANON
2.0,1.0,1.0,Week 1,Delta limit and penalty,The delta limit for this sub-heat is 6000 and the penalty percentage is 2%,2,2026-02-01 02:14:36.157831,RTM,49.67,49.66,49.68,100000000.0,100000000.0
1.0,1.0,1.0,Week 1,Risk free rate and current annualized volatility of RTM,The current risk free rate is 0%. RTM is an ETF that mimics one of the major indices in the simulated world and its current annualized realized volatility is 27%. This simulation consists of 20 trading days that are each 15 ticks in length.,2,2026-02-01 02:14:36.157831,RTM1C45,5.07,5.06,5.08,1000000.0,1000000.0
,,,,,,2,2026-02-01 02:14:36.157831,RTM1P45,0.4,0.39,0.41,1000000.0,1000000.0
,,,,,,2,2026-02-01 02:14:36.157831,RTM1C46,4.34,4.33,4.35,1000000.0,1000000.0
,,,,,,2,2026-02-01 02:14:36.157831,RTM1P46,0.67,0.66,0.68,1000000.0,1000000.0
,,,,,,2,2026-02-01 02:14:36.157831,RTM1C47,3.46,3.45,3.47,1000000.0,1000000.0
,,,,,,2,2026-02-01 02:14:36.157831,RTM1P47,0.78,0.77,0.79,1000000.0,1000000.0
,,,,,,2,2026-02-01 02:14:36.157831,RTM1C48,3.04,3.03,3.05,1000000.0,1000000.0
,,,,,,2,2026-02-01 02:14:36.157831,RTM1P48,1.37,1.36,1.38,1000000.0,1000000.0
,,,,,,2,2026-02-01 02:14:36.157831,RTM1C49,2.27,2.26,2.28,1000000.0,1000000.0
,,,,,,2,2026-02-01 02:14:36.157831,RTM1P49,1.6,1.59,1.61,1000000.0,1000000.0
,,,,,,2,2026-02-01 02:14:36.157831,RTM1C50,1.88,1.87,1.89,1000000.0,1000000.0
,,,,,,2,2026-02-01 02:14:36.157831,RTM1P50,2.21,2.2,2.22,1000000.0,1000000.0
,,,,,,2,2026-02-01 02:14:36.157831,RTM1C51,1.39,1.38,1.4,1000000.0,1000000.0
,,,,,,2,2026-02-01 02:14:36.157831,RTM1P51,2.72,2.71,2.73,1000000.0,1000000.0
,,,,,,2,2026-02-01 02:14:36.157831,RTM1C52,1.19,1.18,1.2,1000000.0,1000000.0
,,,,,,2,2026-02-01 02:14:36.157831,RTM1P52,3.52,3.51,3.53,1000000.0,1000000.0
,,,,,,2,2026-02-01 02:14:36.157831,RTM1C53,0.87,0.86,0.88,1000000.0,1000000.0
,,,,,,2,2026-02-01 02:14:36.157831,RTM1P53,4.19,4.18,4.2,1000000.0,1000000.0
,,,,,,2,2026-02-01 02:14:36.157831,RTM1C54,0.58,0.57,0.59,1000000.0,1000000.0
,,,,,,2,2026-02-01 02:14:36.157831,RTM1P54,4.91,4.9,4.92,1000000.0,1000000.0
2.0,1.0,1.0,Week 1,Delta limit and penalty,The delta limit for this sub-heat is 6000 and the penalty percentage is 2%,3,2026-02-01 02:14:37.243980,RTM,49.54,49.53,49.55,100000000.0,100000000.0
1.0,1.0,1.0,Week 1,Risk free rate and current annualized volatility of RTM,The current risk free rate is 0%. RTM is an ETF that mimics one of the major indices in the simulated world and its current annualized realized volatility is 27%. This simulation consists of 20 trading days that are each 15 ticks in length.,3,2026-02-01 02:14:37.243980,RTM1C45,4.87,4.86,4.88,1000000.0,1000000.0
,,,,,,3,2026-02-01 02:14:37.243980,RTM1P45,0.34,0.33,0.35,1000000.0,1000000.0
,,,,,,3,2026-02-01 02:14:37.243980,RTM1C46,4.27,4.26,4.28,1000000.0,1000000.0
,,,,,,3,2026-02-01 02:14:37.243980,RTM1P46,0.73,0.72,0.74,1000000.0,1000000.0
,,,,,,3,2026-02-01 02:14:37.243980,RTM1C47,3.5,3.49,3.51,1000000.0,1000000.0
,,,,,,3,2026-02-01 02:14:37.243980,RTM1P47,0.96,0.95,0.97,1000000.0,1000000.0
,,,,,,3,2026-02-01 02:14:37.243980,RTM1C48,2.78,2.77,2.79,1000000.0,1000000.0
,,,,,,3,2026-02-01 02:14:37.243980,RTM1P48,1.24,1.23,1.25,1000000.0,1000000.0
,,,,,,3,2026-02-01 02:14:37.243980,RTM1C49,2.1,2.09,2.11,1000000.0,1000000.0
,,,,,,3,2026-02-01 02:14:37.243980,RTM1P49,1.56,1.55,1.57,1000000.0,1000000.0
,,,,,,3,2026-02-01 02:14:37.243980,RTM1C50,1.8,1.79,1.81,1000000.0,1000000.0
,,,,,,3,2026-02-01 02:14:37.243980,RTM1P50,2.26,2.25,2.27,1000000.0,1000000.0
,,,,,,3,2026-02-01 02:14:37.243980,RTM1C51,1.37,1.36,1.38,1000000.0,1000000.0
,,,,,,3,2026-02-01 02:14:37.243980,RTM1P51,2.83,2.82,2.84,1000000.0,1000000.0
,,,,,,3,2026-02-01 02:14:37.243980,RTM1C52,0.96,0.95,0.97,1000000.0,1000000.0
,,,,,,3,2026-02-01 02:14:37.243980,RTM1P52,3.42,3.41,3.43,1000000.0,1000000.0
,,,,,,3,2026-02-01 02:14:37.243980,RTM1C53,0.72,0.71,0.73,1000000.0,1000000.0
,,,,,,3,2026-02-01 02:14:37.243980,RTM1P53,4.18,4.17,4.19,1000000.0,1000000.0
,,,,,,3,2026-02-01 02:14:37.243980,RTM1C54,0.57,0.56,0.58,1000000.0,1000000.0
,,,,,,3,2026-02-01 02:14:37.243980,RTM1P54,5.04,5.03,5.05,1000000.0,1000000.0
2.0,1.0,1.0,Week 1,Delta limit and penalty,The delta limit for this sub-heat is 6000 and the penalty percentage is 2%,4,2026-02-01 02:14:38.309096,RTM,49.71,49.7,49.72,100000000.0,100000000.0
1.0,1.0,1.0,Week 1,Risk free rate and current annualized volatility of RTM,The current risk free rate is 0%. RTM is an ETF that mimics one of the major indices in the simulated world and its current annualized realized volatility is 27%. This simulation consists of 20 trading days that are each 15 ticks in length.,4,2026-02-01 02:14:38.309096,RTM1C45,5.16,5.15,5.17,1000000.0,1000000.0
,,,,,,4,2026-02-01 02:14:38.309096,RTM1P45,0.46,0.45,0.47,1000000.0,1000000.0
,,,,,,4,2026-02-01 02:14:38.309096,RTM1C46,4.36,4.35,4.37,1000000.0,1000000.0
,,,,,,4,2026-02-01 02:14:38.309096,RTM1P46,0.65,0.64,0.66,1000000.0,1000000.0
,,,,,,4,2026-02-01 02:14:38.309096,RTM1C47,3.59,3.58,3.6,1000000.0,1000000.0
,,,,,,4,2026-02-01 02:14:38.309096,RTM1P47,0.88,0.87,0.89,1000000.0,1000000.0
,,,,,,4,2026-02-01 02:14:38.309096,RTM1C48,2.82,2.81,2.83,1000000.0,1000000.0
,,,,,,4,2026-02-01 02:14:38.309096,RTM1P48,1.12,1.11,1.13,1000000.0,1000000.0
,,,,,,4,2026-02-01 02:14:38.309096,RTM1C49,2.4,2.39,2.41,1000000.0,1000000.0
,,,,,,4,2026-02-01 02:14:38.309096,RTM1P49,1.69,1.68,1.7,1000000.0,1000000.0
,,,,,,4,2026-02-01 02:14:38.309096,RTM1C50,1.8,1.79,1.81,1000000.0,1000000.0
,,,,,,4,2026-02-01 02:14:38.309096,RTM1P50,2.09,2.08,2.1,1000000.0,1000000.0
,,,,,,4,2026-02-01 02:14:38.309096,RTM1C51,1.31,1.3,1.32,1000000.0,1000000.0
,,,,,,4,2026-02-01 02:14:38.309096,RTM1P51,2.61,2.6,2.62,1000000.0,1000000.0
,,,,,,4,2026-02-01 02:14:38.309096,RTM1C52,1.08,1.07,1.09,1000000.0,1000000.0
,,,,,,4,2026-02-01 02:14:38.309096,RTM1P52,3.38,3.37,3.39,1000000.0,1000000.0
,,,,,,4,2026-02-01 02:14:38.309096,RTM1C53,0.78,0.77,0.79,1000000.0,1000000.0
,,,,,,4,2026-02-01 02:14:38.309096,RTM1P53,4.08,4.07,4.09,1000000.0,1000000.0
,,,,,,4,2026-02-01 02:14:38.309096,RTM1C54,0.52,0.51,0.53,1000000.0,1000000.0
,,,,,,4,2026-02-01 02:14:38.309096,RTM1P54,4.81,4.8,4.82,1000000.0,1000000.0
2.0,1.0,1.0,Week 1,Delta limit and penalty,The delta limit for this sub-heat is 6000 and the penalty percentage is 2%,5,2026-02-01 02:14:39.365113,RTM,50.05,50.04,50.06,100000000.0,100000000.0
1.0,1.0,1.0,Week 1,Risk free rate and current annualized volatility of RTM,The current risk free rate is 0%. RTM is an ETF that mimics one of the major indices in the simulated world and its current annualized realized volatility is 27%. This simulation consists of 20 trading days that are each 15 ticks in length.,5,2026-02-01 02:14:39.365113,RTM1C45,5.4,5.39,5.41,1000000.0,1000000.0
,,,,,,5,2026-02-01 02:14:39.365113,RTM1P45,0.34,0.33,0.35,1000000.0,1000000.0
,,,,,,5,2026-02-01 02:14:39.365113,RTM1C46,4.63,4.62,4.64,1000000.0,1000000.0
,,,,,,5,2026-02-01 02:14:39.365113,RTM1P46,0.57,0.56,0.58,1000000.0,1000000.0
,,,,,,5,2026-02-01 02:14:39.365113,RTM1C47,3.81,3.8,3.82,1000000.0,1000000.0
,,,,,,5,2026-02-01 02:14:39.365113,RTM1P47,0.76,0.75,0.77,1000000.0,1000000.0
,,,,,,5,2026-02-01 02:14:39.365113,RTM1C48,3.01,3.0,3.02,1000000.0,1000000.0
,,,,,,5,2026-02-01 02:14:39.365113,RTM1P48,0.96,0.95,0.97,1000000.0,1000000.0
,,,,,,5,2026-02-01 02:14:39.365113,RTM1C49,2.52,2.51,2.53,1000000.0,1000000.0
,,,,,,5,2026-02-01 02:14:39.365113,RTM1P49,1.47,1.46,1.48,1000000.0,1000000.0
,,,,,,5,2026-02-01 02:14:39.365113,RTM1C50,2.12,2.11,2.13,1000000.0,1000000.0
,,,,,,5,2026-02-01 02:14:39.365113,RTM1P50,2.07,2.06,2.08,1000000.0,1000000.0
,,,,,,5,2026-02-01 02:14:39.365113,RTM1C51,1.58,1.57,1.59,1000000.0,1000000.0
,,,,,,5,2026-02-01 02:14:39.365113,RTM1P51,2.53,2.52,2.54,1000000.0,1000000.0
,,,,,,5,2026-02-01 02:14:39.365113,RTM1C52,1.14,1.13,1.15,1000000.0,1000000.0
,,,,,,5,2026-02-01 02:14:39.365113,RTM1P52,3.09,3.08,3.1,1000000.0,1000000.0
,,,,,,5,2026-02-01 02:14:39.365113,RTM1C53,0.92,0.91,0.93,1000000.0,1000000.0
,,,,,,5,2026-02-01 02:14:39.365113,RTM1P53,3.87,3.86,3.88,1000000.0,1000000.0
,,,,,,5,2026-02-01 02:14:39.365113,RTM1C54,0.6,0.59,0.61,1000000.0,1000000.0
,,,,,,5,2026-02-01 02:14:39.365113,RTM1P54,4.54,4.53,4.55,1000000.0,1000000.0
2.0,1.0,1.0,Week 1,Delta limit and penalty,The delta limit for this sub-heat is 6000 and the penalty percentage is 2%,6,2026-02-01 02:14:40.420066,RTM,50.1,50.09,50.11,100000000.0,100000000.0
1.0,1.0,1.0,Week 1,Risk free rate and current annualized volatility of RTM,The current risk free rate is 0%. RTM is an ETF that mimics one of the major indices in the simulated world and its current annualized realized volatility is 27%. This simulation consists of 20 trading days that are each 15 ticks in length.,6,2026-02-01 02:14:40.420066,RTM1C45,5.36,5.35,5.37,1000000.0,1000000.0
,,,,,,6,2026-02-01 02:14:40.420066,RTM1P45,0.26,0.25,0.27,1000000.0,1000000.0
,,,,,,6,2026-02-01 02:14:40.420066,RTM1C46,4.54,4.53,4.55,1000000.0,1000000.0
,,,,,,6,2026-02-01 02:14:40.420066,RTM1P46,0.45,0.44,0.46,1000000.0,1000000.0
,,,,,,6,2026-02-01 02:14:40.420066,RTM1C47,3.75,3.74,3.76,1000000.0,1000000.0
,,,,,,6,2026-02-01 02:14:40.420066,RTM1P47,0.65,0.64,0.66,1000000.0,1000000.0
,,,,,,6,2026-02-01 02:14:40.420066,RTM1C48,3.09,3.08,3.1,1000000.0,1000000.0
,,,,,,6,2026-02-01 02:14:40.420066,RTM1P48,0.99,0.98,1.0,1000000.0,1000000.0
,,,,,,6,2026-02-01 02:14:40.420066,RTM1C49,2.46,2.45,2.47,1000000.0,1000000.0
,,,,,,6,2026-02-01 02:14:40.420066,RTM1P49,1.36,1.35,1.37,1000000.0,1000000.0
,,,,,,6,2026-02-01 02:14:40.420066,RTM1C50,2.05,2.04,2.06,1000000.0,1000000.0
,,,,,,6,2026-02-01 02:14:40.420066,RTM1P50,1.95,1.94,1.96,1000000.0,1000000.0
,,,,,,6,2026-02-01 02:14:40.420066,RTM1C51,1.55,1.54,1.56,1000000.0,1000000.0
,,,,,,6,2026-02-01 02:14:40.420066,RTM1P51,2.45,2.44,2.46,1000000.0,1000000.0
,,,,,,6,2026-02-01 02:14:40.420066,RTM1C52,1.23,1.22,1.24,1000000.0,1000000.0
,,,,,,6,2026-02-01 02:14:40.420066,RTM1P52,3.13,3.12,3.14,1000000.0,1000000.0
,,,,,,6,2026-02-01 02:14:40.420066,RTM1C53,0.96,0.95,0.97,1000000.0,1000000.0
,,,,,,6,2026-02-01 02:14:40.420066,RTM1P53,3.86,3.85,3.87,1000000.0,1000000.0
,,,,,,6,2026-02-01 02:14:40.420066,RTM1C54,0.56,0.55,0.57,1000000.0,1000000.0
,,,,,,6,2026-02-01 02:14:40.420066,RTM1P54,4.46,4.45,4.47,1000000.0,1000000.0
2.0,1.0,1.0,Week 1,Delta limit and penalty,The delta limit for this sub-heat is 6000 and the penalty percentage is 2%,7,2026-02-01 02:14:41.477420,RTM,49.72,49.71,49.73,100000000.0,100000000.0
1.0,1.0,1.0,Week 1,Risk free rate and current annualized volatility of RTM,The current risk free rate is 0%. RTM is an ETF that mimics one of the major indices in the simulated world and its current annualized realized volatility is 27%. This simulation consists of 20 trading days that are each 15 ticks in length.,7,2026-02-01 02:14:41.477420,RTM1C45,5.14,5.13,5.15,1000000.0,1000000.0
,,,,,,7,2026-02-01 02:14:41.477420,RTM1P45,0.42,0.41,0.43,1000000.0,1000000.0
,,,,,,7,2026-02-01 02:14:41.477420,RTM1C46,4.24,4.23,4.25,1000000.0,1000000.0
,,,,,,7,2026-02-01 02:14:41.477420,RTM1P46,0.52,0.51,0.53,1000000.0,1000000.0
,,,,,,7,2026-02-01 02:14:41.477420,RTM1C47,3.53,3.52,3.54,1000000.0,1000000.0
,,,,,,7,2026-02-01 02:14:41.477420,RTM1P47,0.82,0.81,0.83,1000000.0,1000000.0
,,,,,,7,2026-02-01 02:14:41.477420,RTM1C48,2.77,2.76,2.78,1000000.0,1000000.0
,,,,,,7,2026-02-01 02:14:41.477420,RTM1P48,1.05,1.04,1.06,1000000.0,1000000.0
,,,,,,7,2026-02-01 02:14:41.477420,RTM1C49,2.33,2.32,2.34,1000000.0,1000000.0
,,,,,,7,2026-02-01 02:14:41.477420,RTM1P49,1.61,1.6,1.62,1000000.0,1000000.0
,,,,,,7,2026-02-01 02:14:41.477420,RTM1C50,1.72,1.71,1.73,1000000.0,1000000.0
,,,,,,7,2026-02-01 02:14:41.477420,RTM1P50,2.0,1.99,2.01,1000000.0,1000000.0
,,,,,,7,2026-02-01 02:14:41.477420,RTM1C51,1.32,1.31,1.33,1000000.0,1000000.0
,,,,,,7,2026-02-01 02:14:41.477420,RTM1P51,2.6,2.59,2.61,1000000.0,1000000.0
,,,,,,7,2026-02-01 02:14:41.477420,RTM1C52,1.04,1.03,1.05,1000000.0,1000000.0
,,,,,,7,2026-02-01 02:14:41.477420,RTM1P52,3.33,3.32,3.34,1000000.0,1000000.0
,,,,,,7,2026-02-01 02:14:41.477420,RTM1C53,0.84,0.83,0.85,1000000.0,1000000.0
,,,,,,7,2026-02-01 02:14:41.477420,RTM1P53,4.12,4.11,4.13,1000000.0,1000000.0
,,,,,,7,2026-02-01 02:14:41.477420,RTM1C54,0.62,0.61,0.63,1000000.0,1000000.0
,,,,,,7,2026-02-01 02:14:41.477420,RTM1P54,4.9,4.89,4.91,1000000.0,1000000.0
2.0,1.0,1.0,Week 1,Delta limit and penalty,The delta limit for this sub-heat is 6000 and the penalty percentage is 2%,8,2026-02-01 02:14:42.545087,RTM,50.0,49.99,50.01,100000000.0,100000000.0
1.0,1.0,1.0,Week 1,Risk free rate and current annualized volatility of RTM,The current risk free rate is 0%. RTM is an ETF that mimics one of the major indices in the simulated world and its current annualized realized volatility is 27%. This simulation consists of 20 trading days that are each 15 ticks in length.,8,2026-02-01 02:14:42.545087,RTM1C45,5.27,5.26,5.28,1000000.0,1000000.0
,,,,,,8,2026-02-01 02:14:42.545087,RTM1P45,0.27,0.26,0.28,1000000.0,1000000.0
,,,,,,8,2026-02-01 02:14:42.545087,RTM1C46,4.53,4.52,4.54,1000000.0,1000000.0
,,,,,,8,2026-02-01 02:14:42.545087,RTM1P46,0.53,0.52,0.54,1000000.0,1000000.0
,,,,,,8,2026-02-01 02:14:42.545087,RTM1C47,3.81,3.8,3.82,1000000.0,1000000.0
,,,,,,8,2026-02-01 02:14:42.545087,RTM1P47,0.81,0.8,0.82,1000000.0,1000000.0
,,,,,,8,2026-02-01 02:14:42.545087,RTM1C48,3.13,3.12,3.14,1000000.0,1000000.0
,,,,,,8,2026-02-01 02:14:42.545087,RTM1P48,1.13,1.12,1.14,1000000.0,1000000.0
,,,,,,8,2026-02-01 02:14:42.545087,RTM1C49,2.48,2.47,2.49,1000000.0,1000000.0
,,,,,,8,2026-02-01 02:14:42.545087,RTM1P49,1.48,1.47,1.49,1000000.0,1000000.0
,,,,,,8,2026-02-01 02:14:42.545087,RTM1C50,1.94,1.94,1.96,1000000.0,1000000.0
,,,,,,8,2026-02-01 02:14:42.545087,RTM1P50,1.94,1.94,1.96,1000000.0,1000000.0
,,,,,,8,2026-02-01 02:14:42.545087,RTM1C51,1.59,1.58,1.6,1000000.0,1000000.0
,,,,,,8,2026-02-01 02:14:42.545087,RTM1P51,2.59,2.58,2.6,1000000.0,1000000.0
,,,,,,8,2026-02-01 02:14:42.545087,RTM1C52,1.25,1.24,1.26,1000000.0,1000000.0
,,,,,,8,2026-02-01 02:14:42.545087,RTM1P52,3.25,3.24,3.26,1000000.0,1000000.0
,,,,,,8,2026-02-01 02:14:42.545087,RTM1C53,0.83,0.82,0.84,1000000.0,1000000.0
,,,,,,8,2026-02-01 02:14:42.545087,RTM1P53,3.83,3.82,3.84,1000000.0,1000000.0
,,,,,,8,2026-02-01 02:14:42.545087,RTM1C54,0.59,0.58,0.6,1000000.0,1000000.0
,,,,,,8,2026-02-01 02:14:42.545087,RTM1P54,4.59,4.58,4.6,1000000.0,1000000.0
2.0,1.0,1.0,Week 1,Delta limit and penalty,The delta limit for this sub-heat is 6000 and the penalty percentage is 2%,9,2026-02-01 02:14:43.618871,RTM,50.11,50.1,50.12,100000000.0,100000000.0
1.0,1.0,1.0,Week 1,Risk free rate and current annualized volatility of RTM,The current risk free rate is 0%. RTM is an ETF that mimics one of the major indices in the simulated world and its current annualized realized volatility is 27%. This simulation consists of 20 trading days that are each 15 ticks in length.,9,2026-02-01 02:14:43.618871,RTM1C45,5.44,5.43,5.45,1000000.0,1000000.0
,,,,,,9,2026-02-01 02:14:43.618871,RTM1P45,0.33,0.32,0.34,1000000.0,1000000.0
,,,,,,9,2026-02-01 02:14:43.618871,RTM1C46,4.52,4.51,4.53,1000000.0,1000000.0
,,,,,,9,2026-02-01 02:14:43.618871,RTM1P46,0.41,0.4,0.42,1000000.0,1000000.0
,,,,,,9,2026-02-01 02:14:43.618871,RTM1C47,3.86,3.85,3.87,1000000.0,1000000.0
,,,,,,9,2026-02-01 02:14:43.618871,RTM1P47,0.75,0.74,0.76,1000000.0,1000000.0
,,,,,,9,2026-02-01 02:14:43.618871,RTM1C48,3.13,3.12,3.14,1000000.0,1000000.0
,,,,,,9,2026-02-01 02:14:43.618871,RTM1P48,1.02,1.01,1.03,1000000.0,1000000.0
,,,,,,9,2026-02-01 02:14:43.618871,RTM1C49,2.62,2.62,2.64,1000000.0,1000000.0
,,,,,,9,2026-02-01 02:14:43.618871,RTM1P49,1.52,1.51,1.53,1000000.0,1000000.0
,,,,,,9,2026-02-01 02:14:43.618871,RTM1C50,1.88,1.87,1.89,1000000.0,1000000.0
,,,,,,9,2026-02-01 02:14:43.618871,RTM1P50,1.77,1.76,1.78,1000000.0,1000000.0
,,,,,,9,2026-02-01 02:14:43.618871,RTM1C51,1.64,1.63,1.65,1000000.0,1000000.0
,,,,,,9,2026-02-01 02:14:43.618871,RTM1P51,2.53,2.52,2.54,1000000.0,1000000.0
,,,,,,9,2026-02-01 02:14:43.618871,RTM1C52,1.19,1.18,1.2,1000000.0,1000000.0
,,,,,,9,2026-02-01 02:14:43.618871,RTM1P52,3.08,3.07,3.09,1000000.0,1000000.0
,,,,,,9,2026-02-01 02:14:43.618871,RTM1C53,0.95,0.94,0.96,1000000.0,1000000.0
,,,,,,9,2026-02-01 02:14:43.618871,RTM1P53,3.84,3.83,3.85,1000000.0,1000000.0
,,,,,,9,2026-02-01 02:14:43.618871,RTM1C54,0.6,0.59,0.61,1000000.0,1000000.0
,,,,,,9,2026-02-01 02:14:43.618871,RTM1P54,4.49,4.48,4.5,1000000.0,1000000.0
2.0,1.0,1.0,Week 1,Delta limit and penalty,The delta limit for this sub-heat is 6000 and the penalty percentage is 2%,10,2026-02-01 02:14:44.683801,RTM,50.3,50.29,50.31,100000000.0,100000000.0
1.0,1.0,1.0,Week 1,Risk free rate and current annualized volatility of RTM,The current risk free rate is 0%. RTM is an ETF that mimics one of the major indices in the simulated world and its current annualized realized volatility is 27%. This simulation consists of 20 trading days that are each 15 ticks in length.,10,2026-02-01 02:14:44.683801,RTM1C45,5.56,5.55,5.57,1000000.0,1000000.0
,,,,,,10,2026-02-01 02:14:44.683801,RTM1P45,0.26,0.25,0.27,1000000.0,1000000.0
,,,,,,10,2026-02-01 02:14:44.683801,RTM1C46,4.79,4.78,4.8,1000000.0,1000000.0
,,,,,,10,2026-02-01 02:14:44.683801,RTM1P46,0.49,0.48,0.5,1000000.0,1000000.0
,,,,,,10,2026-02-01 02:14:44.683801,RTM1C47,4.03,4.02,4.04,1000000.0,1000000.0
,,,,,,10,2026-02-01 02:14:44.683801,RTM1P47,0.73,0.72,0.74,1000000.0,1000000.0
,,,,,,10,2026-02-01 02:14:44.683801,RTM1C48,3.28,3.27,3.29,1000000.0,1000000.0
,,,,,,10,2026-02-01 02:14:44.683801,RTM1P48,0.99,0.98,1.0,1000000.0,1000000.0
,,,,,,10,2026-02-01 02:14:44.683801,RTM1C49,2.64,2.63,2.65,1000000.0,1000000.0
,,,,,,10,2026-02-01 02:14:44.683801,RTM1P49,1.35,1.34,1.36,1000000.0,1000000.0
,,,,,,10,2026-02-01 02:14:44.683801,RTM1C50,2.07,2.06,2.08,1000000.0,1000000.0
,,,,,,10,2026-02-01 02:14:44.683801,RTM1P50,1.78,1.77,1.79,1000000.0,1000000.0
,,,,,,10,2026-02-01 02:14:44.683801,RTM1C51,1.6,1.59,1.61,1000000.0,1000000.0
,,,,,,10,2026-02-01 02:14:44.683801,RTM1P51,2.3,2.29,2.31,1000000.0,1000000.0
,,,,,,10,2026-02-01 02:14:44.683801,RTM1C52,1.13,1.12,1.14,1000000.0,1000000.0
,,,,,,10,2026-02-01 02:14:44.683801,RTM1P52,2.83,2.82,2.84,1000000.0,1000000.0
,,,,,,10,2026-02-01 02:14:44.683801,RTM1C53,0.88,0.87,0.89,1000000.0,1000000.0
,,,,,,10,2026-02-01 02:14:44.683801,RTM1P53,3.58,3.57,3.59,1000000.0,1000000.0
,,,,,,10,2026-02-01 02:14:44.683801,RTM1C54,0.67,0.66,0.68,1000000.0,1000000.0
,,,,,,10,2026-02-01 02:14:44.683801,RTM1P54,4.37,4.36,4.38,1000000.0,1000000.0
2.0,1.0,1.0,Week 1,Delta limit and penalty,The delta limit for this sub-heat is 6000 and the penalty percentage is 2%,11,2026-02-01 02:14:45.751471,RTM,49.85,49.84,49.86,100000000.0,100000000.0
1.0,1.0,1.0,Week 1,Risk free rate and current annualized volatility of RTM,The current risk free rate is 0%. RTM is an ETF that mimics one of the major indices in the simulated world and its current annualized realized volatility is 27%. This simulation consists of 20 trading days that are each 15 ticks in length.,11,2026-02-01 02:14:45.751471,RTM1C45,5.21,5.2,5.22,1000000.0,1000000.0
,,,,,,11,2026-02-01 02:14:45.751471,RTM1P45,0.36,0.35,0.37,1000000.0,1000000.0
,,,,,,11,2026-02-01 02:14:45.751471,RTM1C46,4.39,4.38,4.4,1000000.0,1000000.0
,,,,,,11,2026-02-01 02:14:45.751471,RTM1P46,0.54,0.53,0.55,1000000.0,1000000.0
,,,,,,11,2026-02-01 02:14:45.751471,RTM1C47,3.57,3.56,3.58,1000000.0,1000000.0
,,,,,,11,2026-02-01 02:14:45.751471,RTM1P47,0.72,0.71,0.73,1000000.0,1000000.0
,,,,,,11,2026-02-01 02:14:45.751471,RTM1C48,2.83,2.82,2.84,1000000.0,1000000.0
,,,,,,11,2026-02-01 02:14:45.751471,RTM1P48,0.98,0.97,0.99,1000000.0,1000000.0
,,,,,,11,2026-02-01 02:14:45.751471,RTM1C49,2.33,2.32,2.34,1000000.0,1000000.0
,,,,,,11,2026-02-01 02:14:45.751471,RTM1P49,1.48,1.47,1.49,1000000.0,1000000.0
,,,,,,11,2026-02-01 02:14:45.751471,RTM1C50,1.89,1.88,1.9,1000000.0,1000000.0
,,,,,,11,2026-02-01 02:14:45.751471,RTM1P50,2.04,2.03,2.05,1000000.0,1000000.0
,,,,,,11,2026-02-01 02:14:45.751471,RTM1C51,1.39,1.38,1.4,1000000.0,1000000.0
,,,,,,11,2026-02-01 02:14:45.751471,RTM1P51,2.54,2.53,2.55,1000000.0,1000000.0
,,,,,,11,2026-02-01 02:14:45.751471,RTM1C52,1.02,1.01,1.03,1000000.0,1000000.0
,,,,,,11,2026-02-01 02:14:45.751471,RTM1P52,3.17,3.16,3.18,1000000.0,1000000.0
,,,,,,11,2026-02-01 02:14:45.751471,RTM1C53,0.76,0.75,0.77,1000000.0,1000000.0
,,,,,,11,2026-02-01 02:14:45.751471,RTM1P53,3.91,3.9,3.92,1000000.0,1000000.0
,,,,,,11,2026-02-01 02:14:45.751471,RTM1C54,0.5,0.49,0.51,1000000.0,1000000.0
,,,,,,11,2026-02-01 02:14:45.751471,RTM1P54,4.65,4.64,4.66,1000000.0,1000000.0
2.0,1.0,1.0,Week 1,Delta limit and penalty,The delta limit for this sub-heat is 6000 and the penalty percentage is 2%,12,2026-02-01 02:14:46.795461,RTM,50.0,49.99,50.01,100000000.0,100000000.0
1.0,1.0,1.0,Week 1,Risk free rate and current annualized volatility of RTM,The current risk free rate is 0%. RTM is an ETF that mimics one of the major indices in the simulated world and its current annualized realized volatility is 27%. This simulation consists of 20 trading days that are each 15 ticks in length.,12,2026-02-01 02:14:46.795461,RTM1C45,5.35,5.34,5.36,1000000.0,1000000.0
,,,,,,12,2026-02-01 02:14:46.795461,RTM1P45,0.35,0.34,0.36,1000000.0,1000000.0
,,,,,,12,2026-02-01 02:14:46.795461,RTM1C46,4.43,4.42,4.44,1000000.0,1000000.0
,,,,,,12,2026-02-01 02:14:46.795461,RTM1P46,0.43,0.42,0.44,1000000.0,1000000.0
,,,,,,12,2026-02-01 02:14:46.795461,RTM1C47,3.81,3.8,3.82,1000000.0,1000000.0
,,,,,,12,2026-02-01 02:14:46.795461,RTM1P47,0.81,0.8,0.82,1000000.0,1000000.0
,,,,,,12,2026-02-01 02:14:46.795461,RTM1C48,3.05,3.04,3.06,1000000.0,1000000.0
,,,,,,12,2026-02-01 02:14:46.795461,RTM1P48,1.05,1.04,1.06,1000000.0,1000000.0
,,,,,,12,2026-02-01 02:14:46.795461,RTM1C49,2.5,2.49,2.51,1000000.0,1000000.0
,,,,,,12,2026-02-01 02:14:46.795461,RTM1P49,1.5,1.49,1.51,1000000.0,1000000.0
,,,,,,12,2026-02-01 02:14:46.795461,RTM1C50,1.88,1.87,1.89,1000000.0,1000000.0
,,,,,,12,2026-02-01 02:14:46.795461,RTM1P50,1.88,1.87,1.89,1000000.0,1000000.0
,,,,,,12,2026-02-01 02:14:46.795461,RTM1C51,1.56,1.55,1.57,1000000.0,1000000.0
,,,,,,12,2026-02-01 02:14:46.795461,RTM1P51,2.56,2.55,2.57,1000000.0,1000000.0
,,,,,,12,2026-02-01 02:14:46.795461,RTM1C52,1.11,1.1,1.12,1000000.0,1000000.0
,,,,,,12,2026-02-01 02:14:46.795461,RTM1P52,3.11,3.1,3.12,1000000.0,1000000.0
,,,,,,12,2026-02-01 02:14:46.795461,RTM1C53,0.7,0.69,0.71,1000000.0,1000000.0
,,,,,,12,2026-02-01 02:14:46.795461,RTM1P53,3.7,3.69,3.71,1000000.0,1000000.0
,,,,,,12,2026-02-01 02:14:46.795461,RTM1C54,0.62,0.61,0.63,1000000.0,1000000.0
,,,,,,12,2026-02-01 02:14:46.795461,RTM1P54,4.62,4.61,4.63,1000000.0,1000000.0
2.0,1.0,1.0,Week 1,Delta limit and penalty,The delta limit for this sub-heat is 6000 and the penalty percentage is 2%,13,2026-02-01 02:14:47.853330,RTM,50.41,50.4,50.42,100000000.0,100000000.0
1.0,1.0,1.0,Week 1,Risk free rate and current annualized volatility of RTM,The current risk free rate is 0%. RTM is an ETF that mimics one of the major indices in the simulated world and its current annualized realized volatility is 27%. This simulation consists of 20 trading days that are each 15 ticks in length.,13,2026-02-01 02:14:47.853330,RTM1C45,5.68,5.67,5.69,1000000.0,1000000.0
,,,,,,13,2026-02-01 02:14:47.853330,RTM1P45,0.27,0.26,0.28,1000000.0,1000000.0
,,,,,,13,2026-02-01 02:14:47.853330,RTM1C46,4.77,4.76,4.78,1000000.0,1000000.0
,,,,,,13,2026-02-01 02:14:47.853330,RTM1P46,0.36,0.35,0.37,1000000.0,1000000.0
,,,,,,13,2026-02-01 02:14:47.853330,RTM1C47,4.09,4.08,4.1,1000000.0,1000000.0
,,,,,,13,2026-02-01 02:14:47.853330,RTM1P47,0.68,0.67,0.69,1000000.0,1000000.0
,,,,,,13,2026-02-01 02:14:47.853330,RTM1C48,3.35,3.34,3.36,1000000.0,1000000.0
,,,,,,13,2026-02-01 02:14:47.853330,RTM1P48,0.95,0.94,0.96,1000000.0,1000000.0
,,,,,,13,2026-02-01 02:14:47.853330,RTM1C49,2.62,2.61,2.63,1000000.0,1000000.0
,,,,,,13,2026-02-01 02:14:47.853330,RTM1P49,1.22,1.21,1.23,1000000.0,1000000.0
,,,,,,13,2026-02-01 02:14:47.853330,RTM1C50,2.04,2.03,2.05,1000000.0,1000000.0
,,,,,,13,2026-02-01 02:14:47.853330,RTM1P50,1.63,1.62,1.64,1000000.0,1000000.0
,,,,,,13,2026-02-01 02:14:47.853330,RTM1C51,1.65,1.64,1.66,1000000.0,1000000.0
,,,,,,13,2026-02-01 02:14:47.853330,RTM1P51,2.25,2.24,2.26,1000000.0,1000000.0
,,,,,,13,2026-02-01 02:14:47.853330,RTM1C52,1.26,1.25,1.27,1000000.0,1000000.0
,,,,,,13,2026-02-01 02:14:47.853330,RTM1P52,2.85,2.84,2.86,1000000.0,1000000.0
,,,,,,13,2026-02-01 02:14:47.853330,RTM1C53,0.85,0.84,0.86,1000000.0,1000000.0
,,,,,,13,2026-02-01 02:14:47.853330,RTM1P53,3.45,3.44,3.46,1000000.0,1000000.0
,,,,,,13,2026-02-01 02:14:47.853330,RTM1C54,0.66,0.65,0.67,1000000.0,1000000.0
,,,,,,13,2026-02-01 02:14:47.853330,RTM1P54,4.25,4.24,4.26,1000000.0,1000000.0
2.0,1.0,1.0,Week 1,Delta limit and penalty,The delta limit for this sub-heat is 6000 and the penalty percentage is 2%,14,2026-02-01 02:14:48.909593,RTM,50.66,50.65,50.67,100000000.0,100000000.0
1.0,1.0,1.0,Week 1,Risk free rate and current annualized volatility of RTM,The current risk free rate is 0%. RTM is an ETF that mimics one of the major indices in the simulated world and its current annualized realized volatility is 27%. This simulation consists of 20 trading days that are each 15 ticks in length.,14,2026-02-01 02:14:48.909593,RTM1C45,5.9,5.89,5.91,1000000.0,1000000.0
,,,,,,14,2026-02-01 02:14:48.909593,RTM1P45,0.24,0.23,0.25,1000000.0,1000000.0
,,,,,,14,2026-02-01 02:14:48.909593,RTM1C46,5.02,5.01,5.03,1000000.0,1000000.0
,,,,,,14,2026-02-01 02:14:48.909593,RTM1P46,0.36,0.35,0.37,1000000.0,1000000.0
,,,,,,14,2026-02-01 02:14:48.909593,RTM1C47,4.23,4.22,4.24,1000000.0,1000000.0
,,,,,,14,2026-02-01 02:14:48.909593,RTM1P47,0.57,0.56,0.58,1000000.0,1000000.0
,,,,,,14,2026-02-01 02:14:48.909593,RTM1C48,3.5,3.49,3.51,1000000.0,1000000.0
,,,,,,14,2026-02-01 02:14:48.909593,RTM1P48,0.84,0.83,0.85,1000000.0,1000000.0
,,,,,,14,2026-02-01 02:14:48.909593,RTM1C49,2.88,2.87,2.89,1000000.0,1000000.0
,,,,,,14,2026-02-01 02:14:48.909593,RTM1P49,1.22,1.21,1.23,1000000.0,1000000.0
,,,,,,14,2026-02-01 02:14:48.909593,RTM1C50,2.27,2.26,2.28,1000000.0,1000000.0
,,,,,,14,2026-02-01 02:14:48.909593,RTM1P50,1.61,1.6,1.62,1000000.0,1000000.0
,,,,,,14,2026-02-01 02:14:48.909593,RTM1C51,1.68,1.67,1.69,1000000.0,1000000.0
,,,,,,14,2026-02-01 02:14:48.909593,RTM1P51,2.02,2.01,2.03,1000000.0,1000000.0
,,,,,,14,2026-02-01 02:14:48.909593,RTM1C52,1.41,1.4,1.42,1000000.0,1000000.0
,,,,,,14,2026-02-01 02:14:48.909593,RTM1P52,2.74,2.74,2.76,1000000.0,1000000.0
,,,,,,14,2026-02-01 02:14:48.909593,RTM1C53,0.89,0.88,0.9,1000000.0,1000000.0
,,,,,,14,2026-02-01 02:14:48.909593,RTM1P53,3.23,3.22,3.24,1000000.0,1000000.0
,,,,,,14,2026-02-01 02:14:48.909593,RTM1C54,0.69,0.68,0.7,1000000.0,1000000.0
,,,,,,14,2026-02-01 02:14:48.909593,RTM1P54,4.03,4.02,4.04,1000000.0,1000000.0
2.0,1.0,1.0,Week 1,Delta limit and penalty,The delta limit for this sub-heat is 6000 and the penalty percentage is 2%,15,2026-02-01 02:14:49.958479,RTM,50.69,50.68,50.7,100000000.0,100000000.0
1.0,1.0,1.0,Week 1,Risk free rate and current annualized volatility of RTM,The current risk free rate is 0%. RTM is an ETF that mimics one of the major indices in the simulated world and its current annualized realized volatility is 27%. This simulation consists of 20 trading days that are each 15 ticks in length.,15,2026-02-01 02:14:49.958479,RTM1C45,5.87,5.86,5.88,1000000.0,1000000.0
,,,,,,15,2026-02-01 02:14:49.958479,RTM1P45,0.19,0.18,0.2,1000000.0,1000000.0
,,,,,,15,2026-02-01 02:14:49.958479,RTM1C46,5.02,5.01,5.03,1000000.0,1000000.0
,,,,,,15,2026-02-01 02:14:49.958479,RTM1P46,0.33,0.32,0.34,1000000.0,1000000.0
,,,,,,15,2026-02-01 02:14:49.958479,RTM1C47,4.2,4.19,4.21,1000000.0,1000000.0
,,,,,,15,2026-02-01 02:14:49.958479,RTM1P47,0.52,0.51,0.53,1000000.0,1000000.0
,,,,,,15,2026-02-01 02:14:49.958479,RTM1C48,3.46,3.45,3.47,1000000.0,1000000.0
,,,,,,15,2026-02-01 02:14:49.958479,RTM1P48,0.77,0.76,0.78,1000000.0,1000000.0
,,,,,,15,2026-02-01 02:14:49.958479,RTM1C49,2.92,2.91,2.93,1000000.0,1000000.0
,,,,,,15,2026-02-01 02:14:49.958479,RTM1P49,1.23,1.22,1.24,1000000.0,1000000.0
,,,,,,15,2026-02-01 02:14:49.958479,RTM1C50,2.23,2.22,2.24,1000000.0,1000000.0
,,,,,,15,2026-02-01 02:14:49.958479,RTM1P50,1.54,1.53,1.55,1000000.0,1000000.0
,,,,,,15,2026-02-01 02:14:49.958479,RTM1C51,1.82,1.81,1.83,1000000.0,1000000.0
,,,,,,15,2026-02-01 02:14:49.958479,RTM1P51,2.14,2.13,2.15,1000000.0,1000000.0
,,,,,,15,2026-02-01 02:14:49.958479,RTM1C52,1.32,1.31,1.33,1000000.0,1000000.0
,,,,,,15,2026-02-01 02:14:49.958479,RTM1P52,2.62,2.62,2.64,1000000.0,1000000.0
,,,,,,15,2026-02-01 02:14:49.958479,RTM1C53,0.9,0.89,0.91,1000000.0,1000000.0
,,,,,,15,2026-02-01 02:14:49.958479,RTM1P53,3.21,3.2,3.22,1000000.0,1000000.0
,,,,,,15,2026-02-01 02:14:49.958479,RTM1C54,0.66,0.65,0.67,1000000.0,1000000.0
,,,,,,15,2026-02-01 02:14:49.958479,RTM1P54,3.97,3.96,3.98,1000000.0,1000000.0
2.0,1.0,1.0,Week 1,Delta limit and penalty,The delta limit for this sub-heat is 6000 and the penalty percentage is 2%,16,2026-02-01 02:14:51.007757,RTM,51.21,51.2,51.22,100000000.0,100000000.0
1.0,1.0,1.0,Week 1,Risk free rate and current annualized volatility of RTM,The current risk free rate is 0%. RTM is an ETF that mimics one of the major indices in the simulated world and its current annualized realized volatility is 27%. This simulation consists of 20 trading days that are each 15 ticks in length.,16,2026-02-01 02:14:51.007757,RTM1C45,6.39,6.38,6.4,1000000.0,1000000.0
,,,,,,16,2026-02-01 02:14:51.007757,RTM1P45,0.18,0.17,0.19,1000000.0,1000000.0
,,,,,,16,2026-02-01 02:14:51.007757,RTM1C46,5.54,5.53,5.55,1000000.0,1000000.0
,,,,,,16,2026-02-01 02:14:51.007757,RTM1P46,0.33,0.32,0.34,1000000.0,1000000.0
,,,,,,16,2026-02-01 02:14:51.007757,RTM1C47,4.71,4.7,4.72,1000000.0,1000000.0
,,,,,,16,2026-02-01 02:14:51.007757,RTM1P47,0.5,0.49,0.51,1000000.0,1000000.0
,,,,,,16,2026-02-01 02:14:51.007757,RTM1C48,3.84,3.83,3.85,1000000.0,1000000.0
,,,,,,16,2026-02-01 02:14:51.007757,RTM1P48,0.63,0.62,0.64,1000000.0,1000000.0
,,,,,,16,2026-02-01 02:14:51.007757,RTM1C49,3.22,3.21,3.23,1000000.0,1000000.0
,,,,,,16,2026-02-01 02:14:51.007757,RTM1P49,1.01,1.0,1.02,1000000.0,1000000.0
,,,,,,16,2026-02-01 02:14:51.007757,RTM1C50,2.48,2.47,2.49,1000000.0,1000000.0
,,,,,,16,2026-02-01 02:14:51.007757,RTM1P50,1.27,1.26,1.28,1000000.0,1000000.0
,,,,,,16,2026-02-01 02:14:51.007757,RTM1C51,1.94,1.93,1.95,1000000.0,1000000.0
,,,,,,16,2026-02-01 02:14:51.007757,RTM1P51,1.73,1.72,1.74,1000000.0,1000000.0
,,,,,,16,2026-02-01 02:14:51.007757,RTM1C52,1.57,1.56,1.58,1000000.0,1000000.0
,,,,,,16,2026-02-01 02:14:51.007757,RTM1P52,2.36,2.35,2.37,1000000.0,1000000.0
,,,,,,16,2026-02-01 02:14:51.007757,RTM1C53,1.1,1.09,1.11,1000000.0,1000000.0
,,,,,,16,2026-02-01 02:14:51.007757,RTM1P53,2.89,2.88,2.9,1000000.0,1000000.0
,,,,,,16,2026-02-01 02:14:51.007757,RTM1C54,0.78,0.77,0.79,1000000.0,1000000.0
,,,,,,16,2026-02-01 02:14:51.007757,RTM1P54,3.57,3.56,3.58,1000000.0,1000000.0
2.0,1.0,1.0,Week 1,Delta limit and penalty,The delta limit for this sub-heat is 6000 and the penalty percentage is 2%,17,2026-02-01 02:14:52.059324,RTM,51.24,51.23,51.25,100000000.0,100000000.0
1.0,1.0,1.0,Week 1,Risk free rate and current annualized volatility of RTM,The current risk free rate is 0%. RTM is an ETF that mimics one of the major indices in the simulated world and its current annualized realized volatility is 27%. This simulation consists of 20 trading days that are each 15 ticks in length.,17,2026-02-01 02:14:52.059324,RTM1C45,6.4,6.39,6.41,1000000.0,1000000.0
,,,,,,17,2026-02-01 02:14:52.059324,RTM1P45,0.16,0.15,0.17,1000000.0,1000000.0
,,,,,,17,2026-02-01 02:14:52.059324,RTM1C46,5.55,5.54,5.56,1000000.0,1000000.0
,,,,,,17,2026-02-01 02:14:52.059324,RTM1P46,0.31,0.3,0.32,1000000.0,1000000.0
,,,,,,17,2026-02-01 02:14:52.059324,RTM1C47,4.71,4.7,4.72,1000000.0,1000000.0
,,,,,,17,2026-02-01 02:14:52.059324,RTM1P47,0.46,0.45,0.47,1000000.0,1000000.0
,,,,,,17,2026-02-01 02:14:52.059324,RTM1C48,3.95,3.94,3.96,1000000.0,1000000.0
,,,,,,17,2026-02-01 02:14:52.059324,RTM1P48,0.71,0.7,0.72,1000000.0,1000000.0
,,,,,,17,2026-02-01 02:14:52.059324,RTM1C49,3.12,3.11,3.13,1000000.0,1000000.0
,,,,,,17,2026-02-01 02:14:52.059324,RTM1P49,0.88,0.87,0.89,1000000.0,1000000.0
,,,,,,17,2026-02-01 02:14:52.059324,RTM1C50,2.51,2.5,2.52,1000000.0,1000000.0
,,,,,,17,2026-02-01 02:14:52.059324,RTM1P50,1.27,1.26,1.28,1000000.0,1000000.0
,,,,,,17,2026-02-01 02:14:52.059324,RTM1C51,1.89,1.88,1.9,1000000.0,1000000.0
,,,,,,17,2026-02-01 02:14:52.059324,RTM1P51,1.65,1.64,1.66,1000000.0,1000000.0
,,,,,,17,2026-02-01 02:14:52.059324,RTM1C52,1.49,1.48,1.5,1000000.0,1000000.0
,,,,,,17,2026-02-01 02:14:52.059324,RTM1P52,2.25,2.24,2.26,1000000.0,1000000.0
,,,,,,17,2026-02-01 02:14:52.059324,RTM1C53,1.21,1.2,1.22,1000000.0,1000000.0
,,,,,,17,2026-02-01 02:14:52.059324,RTM1P53,2.97,2.96,2.98,1000000.0,1000000.0
,,,,,,17,2026-02-01 02:14:52.059324,RTM1C54,0.87,0.86,0.88,1000000.0,1000000.0
,,,,,,17,2026-02-01 02:14:52.059324,RTM1P54,3.63,3.62,3.64,1000000.0,1000000.0
2.0,1.0,1.0,Week 1,Delta limit and penalty,The delta limit for this sub-heat is 6000 and the penalty percentage is 2%,18,2026-02-01 02:14:53.109794,RTM,51.42,51.41,51.43,100000000.0,100000000.0
1.0,1.0,1.0,Week 1,Risk free rate and current annualized volatility of RTM,The current risk free rate is 0%. RTM is an ETF that mimics one of the major indices in the simulated world and its current annualized realized volatility is 27%. This simulation consists of 20 trading days that are each 15 ticks in length.,18,2026-02-01 02:14:53.109794,RTM1C45,6.58,6.57,6.59,1000000.0,1000000.0
,,,,,,18,2026-02-01 02:14:53.109794,RTM1P45,0.16,0.15,0.17,1000000.0,1000000.0
,,,,,,18,2026-02-01 02:14:53.109794,RTM1C46,5.66,5.65,5.67,1000000.0,1000000.0
,,,,,,18,2026-02-01 02:14:53.109794,RTM1P46,0.24,0.23,0.25,1000000.0,1000000.0
,,,,,,18,2026-02-01 02:14:53.109794,RTM1C47,4.81,4.8,4.82,1000000.0,1000000.0
,,,,,,18,2026-02-01 02:14:53.109794,RTM1P47,0.38,0.37,0.39,1000000.0,1000000.0
,,,,,,18,2026-02-01 02:14:53.109794,RTM1C48,3.94,3.93,3.95,1000000.0,1000000.0
,,,,,,18,2026-02-01 02:14:53.109794,RTM1P48,0.52,0.51,0.53,1000000.0,1000000.0
,,,,,,18,2026-02-01 02:14:53.109794,RTM1C49,3.22,3.21,3.23,1000000.0,1000000.0
,,,,,,18,2026-02-01 02:14:53.109794,RTM1P49,0.8,0.79,0.81,1000000.0,1000000.0
,,,,,,18,2026-02-01 02:14:53.109794,RTM1C50,2.69,2.68,2.7,1000000.0,1000000.0
,,,,,,18,2026-02-01 02:14:53.109794,RTM1P50,1.26,1.25,1.27,1000000.0,1000000.0
,,,,,,18,2026-02-01 02:14:53.109794,RTM1C51,2.11,2.1,2.12,1000000.0,1000000.0
,,,,,,18,2026-02-01 02:14:53.109794,RTM1P51,1.68,1.67,1.69,1000000.0,1000000.0
,,,,,,18,2026-02-01 02:14:53.109794,RTM1C52,1.69,1.68,1.7,1000000.0,1000000.0
,,,,,,18,2026-02-01 02:14:53.109794,RTM1P52,2.26,2.25,2.27,1000000.0,1000000.0
,,,,,,18,2026-02-01 02:14:53.109794,RTM1C53,1.18,1.17,1.19,1000000.0,1000000.0
,,,,,,18,2026-02-01 02:14:53.109794,RTM1P53,2.76,2.75,2.77,1000000.0,1000000.0
,,,,,,18,2026-02-01 02:14:53.109794,RTM1C54,0.95,0.94,0.96,1000000.0,1000000.0
,,,,,,18,2026-02-01 02:14:53.109794,RTM1P54,3.53,3.52,3.54,1000000.0,1000000.0
2.0,1.0,1.0,Week 1,Delta limit and penalty,The delta limit for this sub-heat is 6000 and the penalty percentage is 2%,20,2026-02-01 02:14:54.197401,RTM,51.57,51.56,51.58,100000000.0,100000000.0
1.0,1.0,1.0,Week 1,Risk free rate and current annualized volatility of RTM,The current risk free rate is 0%. RTM is an ETF that mimics one of the major indices in the simulated world and its current annualized realized volatility is 27%. This simulation consists of 20 trading days that are each 15 ticks in length.,20,2026-02-01 02:14:54.197401,RTM1C45,6.7,6.69,6.71,1000000.0,1000000.0
,,,,,,20,2026-02-01 02:14:54.197401,RTM1P45,0.13,0.12,0.14,1000000.0,1000000.0
,,,,,,20,2026-02-01 02:14:54.197401,RTM1C46,5.79,5.78,5.8,1000000.0,1000000.0
,,,,,,20,2026-02-01 02:14:54.197401,RTM1P46,0.22,0.21,0.23,1000000.0,1000000.0
,,,,,,20,2026-02-01 02:14:54.197401,RTM1C47,4.98,4.97,4.99,1000000.0,1000000.0
,,,,,,20,2026-02-01 02:14:54.197401,RTM1P47,0.41,0.4,0.42,1000000.0,1000000.0
,,,,,,20,2026-02-01 02:14:54.197401,RTM1C48,4.11,4.1,4.12,1000000.0,1000000.0
,,,,,,20,2026-02-01 02:14:54.197401,RTM1P48,0.54,0.53,0.55,1000000.0,1000000.0
,,,,,,20,2026-02-01 02:14:54.197401,RTM1C49,3.41,3.4,3.42,1000000.0,1000000.0
,,,,,,20,2026-02-01 02:14:54.197401,RTM1P49,0.84,0.83,0.85,1000000.0,1000000.0
,,,,,,20,2026-02-01 02:14:54.197401,RTM1C50,2.66,2.65,2.67,1000000.0,1000000.0
,,,,,,20,2026-02-01 02:14:54.197401,RTM1P50,1.09,1.08,1.1,1000000.0,1000000.0
,,,,,,20,2026-02-01 02:14:54.197401,RTM1C51,2.16,2.15,2.17,1000000.0,1000000.0
,,,,,,20,2026-02-01 02:14:54.197401,RTM1P51,1.59,1.58,1.6,1000000.0,1000000.0
,,,,,,20,2026-02-01 02:14:54.197401,RTM1C52,1.74,1.73,1.75,1000000.0,1000000.0
,,,,,,20,2026-02-01 02:14:54.197401,RTM1P52,2.17,2.16,2.18,1000000.0,1000000.0
,,,,,,20,2026-02-01 02:14:54.197401,RTM1C53,1.2,1.19,1.21,1000000.0,1000000.0
,,,,,,20,2026-02-01 02:14:54.197401,RTM1P53,2.63,2.62,2.64,1000000.0,1000000.0
,,,,,,20,2026-02-01 02:14:54.197401,RTM1C54,0.97,0.96,0.98,1000000.0,1000000.0
,,,,,,20,2026-02-01 02:14:54.197401,RTM1P54,3.4,3.39,3.41,1000000.0,1000000.0
2.0,1.0,1.0,Week 1,Delta limit and penalty,The delta limit for this sub-heat is 6000 and the penalty percentage is 2%,21,2026-02-01 02:14:55.244164,RTM,51.17,51.16,51.18,100000000.0,100000000.0
1.0,1.0,1.0,Week 1,Risk free rate and current annualized volatility of RTM,The current risk free rate is 0%. RTM is an ETF that mimics one of the major indices in the simulated world and its current annualized realized volatility is 27%. This simulation consists of 20 trading days that are each 15 ticks in length.,21,2026-02-01 02:14:55.244164,RTM1C45,6.34,6.33,6.35,1000000.0,1000000.0
,,,,,,21,2026-02-01 02:14:55.244164,RTM1P45,0.18,0.17,0.19,1000000.0,1000000.0
,,,,,,21,2026-02-01 02:14:55.244164,RTM1C46,5.45,5.44,5.46,1000000.0,1000000.0
,,,,,,21,2026-02-01 02:14:55.244164,RTM1P46,0.29,0.28,0.3,1000000.0,1000000.0
,,,,,,21,2026-02-01 02:14:55.244164,RTM1C47,4.54,4.53,4.55,1000000.0,1000000.0
,,,,,,21,2026-02-01 02:14:55.244164,RTM1P47,0.37,0.36,0.38,1000000.0,1000000.0
,,,,,,21,2026-02-01 02:14:55.244164,RTM1C48,3.81,3.8,3.82,1000000.0,1000000.0
,,,,,,21,2026-02-01 02:14:55.244164,RTM1P48,0.65,0.64,0.66,1000000.0,1000000.0
,,,,,,21,2026-02-01 02:14:55.244164,RTM1C49,3.07,3.06,3.08,1000000.0,1000000.0
,,,,,,21,2026-02-01 02:14:55.244164,RTM1P49,0.91,0.9,0.92,1000000.0,1000000.0
,,,,,,21,2026-02-01 02:14:55.244164,RTM1C50,2.44,2.43,2.45,1000000.0,1000000.0
,,,,,,21,2026-02-01 02:14:55.244164,RTM1P50,1.27,1.26,1.28,1000000.0,1000000.0
,,,,,,21,2026-02-01 02:14:55.244164,RTM1C51,1.94,1.93,1.95,1000000.0,1000000.0
,,,,,,21,2026-02-01 02:14:55.244164,RTM1P51,1.77,1.76,1.78,1000000.0,1000000.0
,,,,,,21,2026-02-01 02:14:55.244164,RTM1C52,1.38,1.37,1.39,1000000.0,1000000.0
,,,,,,21,2026-02-01 02:14:55.244164,RTM1P52,2.21,2.2,2.22,1000000.0,1000000.0
,,,,,,21,2026-02-01 02:14:55.244164,RTM1C53,1.16,1.15,1.17,1000000.0,1000000.0
,,,,,,21,2026-02-01 02:14:55.244164,RTM1P53,2.99,2.98,3.0,1000000.0,1000000.0
,,,,,,21,2026-02-01 02:14:55.244164,RTM1C54,0.79,0.78,0.8,1000000.0,1000000.0
,,,,,,21,2026-02-01 02:14:55.244164,RTM1P54,3.62,3.61,3.63,1000000.0,1000000.0
2.0,1.0,1.0,Week 1,Delta limit and penalty,The delta limit for this sub-heat is 6000 and the penalty percentage is 2%,22,2026-02-01 02:14:56.312397,RTM,50.74,50.73,50.75,100000000.0,100000000.0
1.0,1.0,1.0,Week 1,Risk free rate and current annualized volatility of RTM,The current risk free rate is 0%. RTM is an ETF that mimics one of the major indices in the simulated world and its current annualized realized volatility is 27%. This simulation consists of 20 trading days that are each 15 ticks in length.,22,2026-02-01 02:14:56.312397,RTM1C45,5.93,5.92,5.94,1000000.0,1000000.0
,,,,,,22,2026-02-01 02:14:56.312397,RTM1P45,0.19,0.18,0.2,1000000.0,1000000.0
,,,,,,22,2026-02-01 02:14:56.312397,RTM1C46,5.09,5.08,5.1,1000000.0,1000000.0
,,,,,,22,2026-02-01 02:14:56.312397,RTM1P46,0.35,0.34,0.36,1000000.0,1000000.0
,,,,,,22,2026-02-01 02:14:56.312397,RTM1C47,4.2,4.19,4.21,1000000.0,1000000.0
,,,,,,22,2026-02-01 02:14:56.312397,RTM1P47,0.46,0.45,0.47,1000000.0,1000000.0
,,,,,,22,2026-02-01 02:14:56.312397,RTM1C48,3.47,3.46,3.48,1000000.0,1000000.0
,,,,,,22,2026-02-01 02:14:56.312397,RTM1P48,0.72,0.71,0.73,1000000.0,1000000.0
,,,,,,22,2026-02-01 02:14:56.312397,RTM1C49,2.7,2.69,2.71,1000000.0,1000000.0
,,,,,,22,2026-02-01 02:14:56.312397,RTM1P49,0.96,0.95,0.97,1000000.0,1000000.0
,,,,,,22,2026-02-01 02:14:56.312397,RTM1C50,2.25,2.24,2.26,1000000.0,1000000.0
,,,,,,22,2026-02-01 02:14:56.312397,RTM1P50,1.51,1.5,1.52,1000000.0,1000000.0
,,,,,,22,2026-02-01 02:14:56.312397,RTM1C51,1.74,1.73,1.75,1000000.0,1000000.0
,,,,,,22,2026-02-01 02:14:56.312397,RTM1P51,2.0,1.99,2.01,1000000.0,1000000.0
,,,,,,22,2026-02-01 02:14:56.312397,RTM1C52,1.37,1.36,1.38,1000000.0,1000000.0
,,,,,,22,2026-02-01 02:14:56.312397,RTM1P52,2.62,2.61,2.63,1000000.0,1000000.0
,,,,,,22,2026-02-01 02:14:56.312397,RTM1C53,0.87,0.86,0.88,1000000.0,1000000.0
,,,,,,22,2026-02-01 02:14:56.312397,RTM1P53,3.13,3.12,3.14,1000000.0,1000000.0
,,,,,,22,2026-02-01 02:14:56.312397,RTM1C54,0.65,0.64,0.66,1000000.0,1000000.0
,,,,,,22,2026-02-01 02:14:56.312397,RTM1P54,3.91,3.9,3.92,1000000.0,1000000.0
2.0,1.0,1.0,Week 1,Delta limit and penalty,The delta limit for this sub-heat is 6000 and the penalty percentage is 2%,23,2026-02-01 02:14:57.363411,RTM,50.75,50.74,50.76,100000000.0,100000000.0
1.0,1.0,1.0,Week 1,Risk free rate and current annualized volatility of RTM,The current risk free rate is 0%. RTM is an ETF that mimics one of the major indices in the simulated world and its current annualized realized volatility is 27%. This simulation consists of 20 trading days that are each 15 ticks in length.,23,2026-02-01 02:14:57.363411,RTM1C45,5.93,5.92,5.94,1000000.0,1000000.0
,,,,,,23,2026-02-01 02:14:57.363411,RTM1P45,0.18,0.17,0.19,1000000.0,1000000.0
,,,,,,23,2026-02-01 02:14:57.363411,RTM1C46,5.0,4.99,5.01,1000000.0,1000000.0
,,,,,,23,2026-02-01 02:14:57.363411,RTM1P46,0.25,0.24,0.26,1000000.0,1000000.0
,,,,,,23,2026-02-01 02:14:57.363411,RTM1C47,4.19,4.18,4.2,1000000.0,1000000.0
,,,,,,23,2026-02-01 02:14:57.363411,RTM1P47,0.44,0.43,0.45,1000000.0,1000000.0
,,,,,,23,2026-02-01 02:14:57.363411,RTM1C48,3.4,3.39,3.41,1000000.0,1000000.0
,,,,,,23,2026-02-01 02:14:57.363411,RTM1P48,0.65,0.64,0.66,1000000.0,1000000.0
,,,,,,23,2026-02-01 02:14:57.363411,RTM1C49,2.83,2.82,2.84,1000000.0,1000000.0
,,,,,,23,2026-02-01 02:14:57.363411,RTM1P49,1.08,1.07,1.09,1000000.0,1000000.0
,,,,,,23,2026-02-01 02:14:57.363411,RTM1C50,2.14,2.13,2.15,1000000.0,1000000.0
,,,,,,23,2026-02-01 02:14:57.363411,RTM1P50,1.4,1.39,1.41,1000000.0,1000000.0
,,,,,,23,2026-02-01 02:14:57.363411,RTM1C51,1.7,1.69,1.71,1000000.0,1000000.0
,,,,,,23,2026-02-01 02:14:57.363411,RTM1P51,1.95,1.94,1.96,1000000.0,1000000.0
,,,,,,23,2026-02-01 02:14:57.363411,RTM1C52,1.19,1.18,1.2,1000000.0,1000000.0
,,,,,,23,2026-02-01 02:14:57.363411,RTM1P52,2.44,2.43,2.45,1000000.0,1000000.0
,,,,,,23,2026-02-01 02:14:57.363411,RTM1C53,0.91,0.9,0.92,1000000.0,1000000.0
,,,,,,23,2026-02-01 02:14:57.363411,RTM1P53,3.16,3.15,3.17,1000000.0,1000000.0
,,,,,,23,2026-02-01 02:14:57.363411,RTM1C54,0.71,0.7,0.72,1000000.0,1000000.0
,,,,,,23,2026-02-01 02:14:57.363411,RTM1P54,3.97,3.96,3.98,1000000.0,1000000.0
2.0,1.0,1.0,Week 1,Delta limit and penalty,The delta limit for this sub-heat is 6000 and the penalty percentage is 2%,24,2026-02-01 02:14:58.435268,RTM,50.66,50.65,50.67,100000000.0,100000000.0
1.0,1.0,1.0,Week 1,Risk free rate and current annualized volatility of RTM,The current risk free rate is 0%. RTM is an ETF that mimics one of the major indices in the simulated world and its current annualized realized volatility is 27%. This simulation consists of 20 trading days that are each 15 ticks in length.,24,2026-02-01 02:14:58.435268,RTM1C45,5.83,5.82,5.84,1000000.0,1000000.0
,,,,,,24,2026-02-01 02:14:58.435268,RTM1P45,0.18,0.17,0.19,1000000.0,1000000.0
,,,,,,24,2026-02-01 02:14:58.435268,RTM1C46,5.01,5.0,5.02,1000000.0,1000000.0
,,,,,,24,2026-02-01 02:14:58.435268,RTM1P46,0.35,0.34,0.36,1000000.0,1000000.0
,,,,,,24,2026-02-01 02:14:58.435268,RTM1C47,4.09,4.08,4.1,1000000.0,1000000.0
,,,,,,24,2026-02-01 02:14:58.435268,RTM1P47,0.43,0.42,0.44,1000000.0,1000000.0
,,,,,,24,2026-02-01 02:14:58.435268,RTM1C48,3.34,3.33,3.35,1000000.0,1000000.0
,,,,,,24,2026-02-01 02:14:58.435268,RTM1P48,0.68,0.67,0.69,1000000.0,1000000.0
,,,,,,24,2026-02-01 02:14:58.435268,RTM1C49,2.66,2.65,2.67,1000000.0,1000000.0
,,,,,,24,2026-02-01 02:14:58.435268,RTM1P49,1.0,0.99,1.01,1000000.0,1000000.0
,,,,,,24,2026-02-01 02:14:58.435268,RTM1C50,2.06,2.05,2.07,1000000.0,1000000.0
,,,,,,24,2026-02-01 02:14:58.435268,RTM1P50,1.4,1.39,1.41,1000000.0,1000000.0
,,,,,,24,2026-02-01 02:14:58.435268,RTM1C51,1.77,1.76,1.78,1000000.0,1000000.0
,,,,,,24,2026-02-01 02:14:58.435268,RTM1P51,2.11,2.1,2.12,1000000.0,1000000.0
,,,,,,24,2026-02-01 02:14:58.435268,RTM1C52,1.29,1.28,1.3,1000000.0,1000000.0
,,,,,,24,2026-02-01 02:14:58.435268,RTM1P52,2.63,2.62,2.64,1000000.0,1000000.0
,,,,,,24,2026-02-01 02:14:58.435268,RTM1C53,0.92,0.91,0.93,1000000.0,1000000.0
,,,,,,24,2026-02-01 02:14:58.435268,RTM1P53,3.26,3.25,3.27,1000000.0,1000000.0
,,,,,,24,2026-02-01 02:14:58.435268,RTM1C54,0.71,0.7,0.72,1000000.0,1000000.0
,,,,,,24,2026-02-01 02:14:58.435268,RTM1P54,4.05,4.04,4.06,1000000.0,1000000.0
2.0,1.0,1.0,Week 1,Delta limit and penalty,The delta limit for this sub-heat is 6000 and the penalty percentage is 2%,25,2026-02-01 02:14:59.499306,RTM,50.99,50.98,51.0,100000000.0,100000000.0
1.0,1.0,1.0,Week 1,Risk free rate and current annualized volatility of RTM,The current risk free rate is 0%. RTM is an ETF that mimics one of the major indices in the simulated world and its current annualized realized volatility is 27%. This simulation consists of 20 trading days that are each 15 ticks in length.,25,2026-02-01 02:14:59.499306,RTM1C45,6.19,6.18,6.2,1000000.0,1000000.0
,,,,,,25,2026-02-01 02:14:59.499306,RTM1P45,0.21,0.19,0.21,1000000.0,1000000.0
,,,,,,25,2026-02-01 02:14:59.499306,RTM1C46,5.3,5.29,5.31,1000000.0,1000000.0
,,,,,,25,2026-02-01 02:14:59.499306,RTM1P46,0.3,0.29,0.31,1000000.0,1000000.0
,,,,,,25,2026-02-01 02:14:59.499306,RTM1C47,4.4,4.39,4.41,1000000.0,1000000.0
,,,,,,25,2026-02-01 02:14:59.499306,RTM1P47,0.41,0.4,0.42,1000000.0,1000000.0
,,,,,,25,2026-02-01 02:14:59.499306,RTM1C48,3.68,3.67,3.69,1000000.0,1000000.0
,,,,,,25,2026-02-01 02:14:59.499306,RTM1P48,0.69,0.68,0.7,1000000.0,1000000.0
,,,,,,25,2026-02-01 02:14:59.499306,RTM1C49,2.92,2.91,2.93,1000000.0,1000000.0
,,,,,,25,2026-02-01 02:14:59.499306,RTM1P49,0.92,0.91,0.93,1000000.0,1000000.0
,,,,,,25,2026-02-01 02:14:59.499306,RTM1C50,2.29,2.28,2.3,1000000.0,1000000.0
,,,,,,25,2026-02-01 02:14:59.499306,RTM1P50,1.3,1.29,1.31,1000000.0,1000000.0
,,,,,,25,2026-02-01 02:14:59.499306,RTM1C51,1.87,1.86,1.88,1000000.0,1000000.0
,,,,,,25,2026-02-01 02:14:59.499306,RTM1P51,1.88,1.87,1.89,1000000.0,1000000.0
,,,,,,25,2026-02-01 02:14:59.499306,RTM1C52,1.28,1.27,1.29,1000000.0,1000000.0
,,,,,,25,2026-02-01 02:14:59.499306,RTM1P52,2.29,2.28,2.3,1000000.0,1000000.0
,,,,,,25,2026-02-01 02:14:59.499306,RTM1C53,1.05,1.04,1.06,1000000.0,1000000.0
,,,,,,25,2026-02-01 02:14:59.499306,RTM1P53,3.06,3.05,3.07,1000000.0,1000000.0
,,,,,,25,2026-02-01 02:14:59.499306,RTM1C54,0.67,0.66,0.68,1000000.0,1000000.0
,,,,,,25,2026-02-01 02:14:59.499306,RTM1P54,3.67,3.66,3.68,1000000.0,1000000.0
2.0,1.0,1.0,Week 1,Delta limit and penalty,The delta limit for this sub-heat is 6000 and the penalty percentage is 2%,26,2026-02-01 02:15:00.585062,RTM,50.93,50.92,50.94,100000000.0,100000000.0
1.0,1.0,1.0,Week 1,Risk free rate and current annualized volatility of RTM,The current risk free rate is 0%. RTM is an ETF that mimics one of the major indices in the simulated world and its current annualized realized volatility is 27%. This simulation consists of 20 trading days that are each 15 ticks in length.,26,2026-02-01 02:15:00.585062,RTM1C45,6.14,6.13,6.15,1000000.0,1000000.0
,,,,,,26,2026-02-01 02:15:00.585062,RTM1P45,0.21,0.2,0.22,1000000.0,1000000.0
,,,,,,26,2026-02-01 02:15:00.585062,RTM1C46,5.28,5.27,5.29,1000000.0,1000000.0
,,,,,,26,2026-02-01 02:15:00.585062,RTM1P46,0.35,0.34,0.36,1000000.0,1000000.0
,,,,,,26,2026-02-01 02:15:00.585062,RTM1C47,4.36,4.35,4.37,1000000.0,1000000.0
,,,,,,26,2026-02-01 02:15:00.585062,RTM1P47,0.43,0.42,0.44,1000000.0,1000000.0
,,,,,,26,2026-02-01 02:15:00.585062,RTM1C48,3.6,3.59,3.61,1000000.0,1000000.0
,,,,,,26,2026-02-01 02:15:00.585062,RTM1P48,0.67,0.66,0.68,1000000.0,1000000.0
,,,,,,26,2026-02-01 02:15:00.585062,RTM1C49,2.93,2.92,2.94,1000000.0,1000000.0
,,,,,,26,2026-02-01 02:15:00.585062,RTM1P49,1.0,0.99,1.01,1000000.0,1000000.0
,,,,,,26,2026-02-01 02:15:00.585062,RTM1C50,2.29,2.28,2.3,1000000.0,1000000.0
,,,,,,26,2026-02-01 02:15:00.585062,RTM1P50,1.37,1.36,1.38,1000000.0,1000000.0
,,,,,,26,2026-02-01 02:15:00.585062,RTM1C51,1.84,1.83,1.85,1000000.0,1000000.0
,,,,,,26,2026-02-01 02:15:00.585062,RTM1P51,1.92,1.91,1.93,1000000.0,1000000.0
,,,,,,26,2026-02-01 02:15:00.585062,RTM1C52,1.24,1.23,1.25,1000000.0,1000000.0
,,,,,,26,2026-02-01 02:15:00.585062,RTM1P52,2.31,2.3,2.32,1000000.0,1000000.0
,,,,,,26,2026-02-01 02:15:00.585062,RTM1C53,1.01,1.0,1.02,1000000.0,1000000.0
,,,,,,26,2026-02-01 02:15:00.585062,RTM1P53,3.08,3.07,3.09,1000000.0,1000000.0
,,,,,,26,2026-02-01 02:15:00.585062,RTM1C54,0.64,0.63,0.65,1000000.0,1000000.0
,,,,,,26,2026-02-01 02:15:00.585062,RTM1P54,3.71,3.7,3.72,1000000.0,1000000.0
2.0,1.0,1.0,Week 1,Delta limit and penalty,The delta limit for this sub-heat is 6000 and the penalty percentage is 2%,27,2026-02-01 02:15:01.656475,RTM,50.86,50.85,50.87,100000000.0,100000000.0
1.0,1.0,1.0,Week 1,Risk free rate and current annualized volatility of RTM,The current risk free rate is 0%. RTM is an ETF that mimics one of the major indices in the simulated world and its current annualized realized volatility is 27%. This simulation consists of 20 trading days that are each 15 ticks in length.,27,2026-02-01 02:15:01.656475,RTM1C45,6.03,6.02,6.04,1000000.0,1000000.0
,,,,,,27,2026-02-01 02:15:01.656475,RTM1P45,0.16,0.15,0.17,1000000.0,1000000.0
,,,,,,27,2026-02-01 02:15:01.656475,RTM1C46,5.15,5.14,5.16,1000000.0,1000000.0
,,,,,,27,2026-02-01 02:15:01.656475,RTM1P46,0.29,0.28,0.3,1000000.0,1000000.0
,,,,,,27,2026-02-01 02:15:01.656475,RTM1C47,4.27,4.26,4.28,1000000.0,1000000.0
,,,,,,27,2026-02-01 02:15:01.656475,RTM1P47,0.4,0.39,0.41,1000000.0,1000000.0
,,,,,,27,2026-02-01 02:15:01.656475,RTM1C48,3.56,3.55,3.57,1000000.0,1000000.0
,,,,,,27,2026-02-01 02:15:01.656475,RTM1P48,0.69,0.68,0.7,1000000.0,1000000.0
,,,,,,27,2026-02-01 02:15:01.656475,RTM1C49,2.86,2.85,2.87,1000000.0,1000000.0
,,,,,,27,2026-02-01 02:15:01.656475,RTM1P49,0.99,0.98,1.0,1000000.0,1000000.0
,,,,,,27,2026-02-01 02:15:01.656475,RTM1C50,2.31,2.3,2.32,1000000.0,1000000.0
,,,,,,27,2026-02-01 02:15:01.656475,RTM1P50,1.44,1.43,1.45,1000000.0,1000000.0
,,,,,,27,2026-02-01 02:15:01.656475,RTM1C51,1.68,1.67,1.69,1000000.0,1000000.0
,,,,,,27,2026-02-01 02:15:01.656475,RTM1P51,1.82,1.81,1.83,1000000.0,1000000.0
,,,,,,27,2026-02-01 02:15:01.656475,RTM1C52,1.36,1.35,1.37,1000000.0,1000000.0
,,,,,,27,2026-02-01 02:15:01.656475,RTM1P52,2.49,2.48,2.5,1000000.0,1000000.0
,,,,,,27,2026-02-01 02:15:01.656475,RTM1C53,0.98,0.97,0.99,1000000.0,1000000.0
,,,,,,27,2026-02-01 02:15:01.656475,RTM1P53,3.12,3.11,3.13,1000000.0,1000000.0
,,,,,,27,2026-02-01 02:15:01.656475,RTM1C54,0.7,0.69,0.71,1000000.0,1000000.0
,,,,,,27,2026-02-01 02:15:01.656475,RTM1P54,3.83,3.82,3.84,1000000.0,1000000.0
2.0,1.0,1.0,Week 1,Delta limit and penalty,The delta limit for this sub-heat is 6000 and the penalty percentage is 2%,28,2026-02-01 02:15:02.806777,RTM,50.9,50.89,50.91,100000000.0,100000000.0
1.0,1.0,1.0,Week 1,Risk free rate and current annualized volatility of RTM,The current risk free rate is 0%. RTM is an ETF that mimics one of the major indices in the simulated world and its current annualized realized volatility is 27%. This simulation consists of 20 trading days that are each 15 ticks in length.,28,2026-02-01 02:15:02.806777,RTM1C45,6.09,6.08,6.1,1000000.0,1000000.0
,,,,,,28,2026-02-01 02:15:02.806777,RTM1P45,0.19,0.18,0.2,1000000.0,1000000.0
,,,,,,28,2026-02-01 02:15:02.806777,RTM1C46,5.22,5.21,5.23,1000000.0,1000000.0
,,,,,,28,2026-02-01 02:15:02.806777,RTM1P46,0.32,0.31,0.33,1000000.0,1000000.0
,,,,,,28,2026-02-01 02:15:02.806777,RTM1C47,4.29,4.28,4.3,1000000.0,1000000.0
,,,,,,28,2026-02-01 02:15:02.806777,RTM1P47,0.38,0.37,0.39,1000000.0,1000000.0
,,,,,,28,2026-02-01 02:15:02.806777,RTM1C48,3.51,3.5,3.52,1000000.0,1000000.0
,,,,,,28,2026-02-01 02:15:02.806777,RTM1P48,0.61,0.6,0.62,1000000.0,1000000.0
,,,,,,28,2026-02-01 02:15:02.806777,RTM1C49,2.8,2.79,2.81,1000000.0,1000000.0
,,,,,,28,2026-02-01 02:15:02.806777,RTM1P49,0.9,0.89,0.91,1000000.0,1000000.0
,,,,,,28,2026-02-01 02:15:02.806777,RTM1C50,2.24,2.23,2.25,1000000.0,1000000.0
,,,,,,28,2026-02-01 02:15:02.806777,RTM1P50,1.34,1.33,1.35,1000000.0,1000000.0
,,,,,,28,2026-02-01 02:15:02.806777,RTM1C51,1.78,1.77,1.79,1000000.0,1000000.0
,,,,,,28,2026-02-01 02:15:02.806777,RTM1P51,1.88,1.87,1.89,1000000.0,1000000.0
,,,,,,28,2026-02-01 02:15:02.806777,RTM1C52,1.21,1.2,1.22,1000000.0,1000000.0
,,,,,,28,2026-02-01 02:15:02.806777,RTM1P52,2.31,2.3,2.32,1000000.0,1000000.0
,,,,,,28,2026-02-01 02:15:02.806777,RTM1C53,0.95,0.94,0.96,1000000.0,1000000.0
,,,,,,28,2026-02-01 02:15:02.806777,RTM1P53,3.05,3.04,3.06,1000000.0,1000000.0
,,,,,,28,2026-02-01 02:15:02.806777,RTM1C54,0.71,0.7,0.72,1000000.0,1000000.0
,,,,,,28,2026-02-01 02:15:02.806777,RTM1P54,3.81,3.8,3.82,1000000.0,1000000.0
2.0,1.0,1.0,Week 1,Delta limit and penalty,The delta limit for this sub-heat is 6000 and the penalty percentage is 2%,29,2026-02-01 02:15:03.881938,RTM,50.59,50.58,50.6,100000000.0,100000000.0
1.0,1.0,1.0,Week 1,Risk free rate and current annualized volatility of RTM,The current risk free rate is 0%. RTM is an ETF that mimics one of the major indices in the simulated world and its current annualized realized volatility is 27%. This simulation consists of 20 trading days that are each 15 ticks in length.,29,2026-02-01 02:15:03.881938,RTM1C45,5.74,5.73,5.75,1000000.0,1000000.0
,,,,,,29,2026-02-01 02:15:03.881938,RTM1P45,0.15,0.14,0.16,1000000.0,1000000.0
,,,,,,29,2026-02-01 02:15:03.881938,RTM1C46,4.88,4.87,4.89,1000000.0,1000000.0
,,,,,,29,2026-02-01 02:15:03.881938,RTM1P46,0.29,0.28,0.3,1000000.0,1000000.0
,,,,,,29,2026-02-01 02:15:03.881938,RTM1C47,4.0,3.99,4.01,1000000.0,1000000.0
,,,,,,29,2026-02-01 02:15:03.881938,RTM1P47,0.42,0.41,0.43,1000000.0,1000000.0
,,,,,,29,2026-02-01 02:15:03.881938,RTM1C48,3.33,3.32,3.34,1000000.0,1000000.0
,,,,,,29,2026-02-01 02:15:03.881938,RTM1P48,0.74,0.73,0.75,1000000.0,1000000.0
,,,,,,29,2026-02-01 02:15:03.881938,RTM1C49,2.66,2.65,2.67,1000000.0,1000000.0
,,,,,,29,2026-02-01 02:15:03.881938,RTM1P49,1.07,1.06,1.08,1000000.0,1000000.0
,,,,,,29,2026-02-01 02:15:03.881938,RTM1C50,2.09,2.08,2.1,1000000.0,1000000.0
,,,,,,29,2026-02-01 02:15:03.881938,RTM1P50,1.5,1.49,1.51,1000000.0,1000000.0
,,,,,,29,2026-02-01 02:15:03.881938,RTM1C51,1.61,1.6,1.62,1000000.0,1000000.0
,,,,,,29,2026-02-01 02:15:03.881938,RTM1P51,2.03,2.02,2.04,1000000.0,1000000.0
,,,,,,29,2026-02-01 02:15:03.881938,RTM1C52,1.15,1.14,1.16,1000000.0,1000000.0
,,,,,,29,2026-02-01 02:15:03.881938,RTM1P52,2.57,2.56,2.58,1000000.0,1000000.0
,,,,,,29,2026-02-01 02:15:03.881938,RTM1C53,0.77,0.76,0.78,1000000.0,1000000.0
,,,,,,29,2026-02-01 02:15:03.881938,RTM1P53,3.18,3.17,3.19,1000000.0,1000000.0
,,,,,,29,2026-02-01 02:15:03.881938,RTM1C54,0.55,0.54,0.56,1000000.0,1000000.0
,,,,,,29,2026-02-01 02:15:03.881938,RTM1P54,3.96,3.95,3.97,1000000.0,1000000.0
2.0,1.0,1.0,Week 1,Delta limit and penalty,The delta limit for this sub-heat is 6000 and the penalty percentage is 2%,30,2026-02-01 02:15:04.934209,RTM,50.78,50.77,50.79,100000000.0,100000000.0
1.0,1.0,1.0,Week 1,Risk free rate and current annualized volatility of RTM,The current risk free rate is 0%. RTM is an ETF that mimics one of the major indices in the simulated world and its current annualized realized volatility is 27%. This simulation consists of 20 trading days that are each 15 ticks in length.,30,2026-02-01 02:15:04.934209,RTM1C45,5.96,5.95,5.97,1000000.0,1000000.0
,,,,,,30,2026-02-01 02:15:04.934209,RTM1P45,0.18,0.17,0.19,1000000.0,1000000.0
,,,,,,30,2026-02-01 02:15:04.934209,RTM1C46,5.04,5.03,5.05,1000000.0,1000000.0
,,,,,,30,2026-02-01 02:15:04.934209,RTM1P46,0.27,0.26,0.28,1000000.0,1000000.0
,,,,,,30,2026-02-01 02:15:04.934209,RTM1C47,4.17,4.16,4.18,1000000.0,1000000.0
,,,,,,30,2026-02-01 02:15:04.934209,RTM1P47,0.39,0.38,0.4,1000000.0,1000000.0
,,,,,,30,2026-02-01 02:15:04.934209,RTM1C48,3.46,3.45,3.47,1000000.0,1000000.0
,,,,,,30,2026-02-01 02:15:04.934209,RTM1P48,0.69,0.68,0.7,1000000.0,1000000.0
,,,,,,30,2026-02-01 02:15:04.934209,RTM1C49,2.77,2.76,2.78,1000000.0,1000000.0
,,,,,,30,2026-02-01 02:15:04.934209,RTM1P49,0.99,0.98,1.0,1000000.0,1000000.0
,,,,,,30,2026-02-01 02:15:04.934209,RTM1C50,2.19,2.18,2.2,1000000.0,1000000.0
,,,,,,30,2026-02-01 02:15:04.934209,RTM1P50,1.41,1.4,1.42,1000000.0,1000000.0
,,,,,,30,2026-02-01 02:15:04.934209,RTM1C51,1.64,1.63,1.65,1000000.0,1000000.0
,,,,,,30,2026-02-01 02:15:04.934209,RTM1P51,1.86,1.85,1.87,1000000.0,1000000.0
,,,,,,30,2026-02-01 02:15:04.934209,RTM1C52,1.2,1.19,1.21,1000000.0,1000000.0
,,,,,,30,2026-02-01 02:15:04.934209,RTM1P52,2.43,2.42,2.44,1000000.0,1000000.0
,,,,,,30,2026-02-01 02:15:04.934209,RTM1C53,0.93,0.92,0.94,1000000.0,1000000.0
,,,,,,30,2026-02-01 02:15:04.934209,RTM1P53,3.15,3.14,3.16,1000000.0,1000000.0
,,,,,,30,2026-02-01 02:15:04.934209,RTM1C54,0.67,0.66,0.68,1000000.0,1000000.0
,,,,,,30,2026-02-01 02:15:04.934209,RTM1P54,3.89,3.88,3.9,1000000.0,1000000.0
2.0,1.0,1.0,Week 1,Delta limit and penalty,The delta limit for this sub-heat is 6000 and the penalty percentage is 2%,31,2026-02-01 02:15:05.994381,RTM,50.54,50.53,50.55,100000000.0,100000000.0
1.0,1.0,1.0,Week 1,Risk free rate and current annualized volatility of RTM,The current risk free rate is 0%. RTM is an ETF that mimics one of the major indices in the simulated world and its current annualized realized volatility is 27%. This simulation consists of 20 trading days that are each 15 ticks in length.,31,2026-02-01 02:15:05.994381,RTM1C45,5.71,5.7,5.72,1000000.0,1000000.0
,,,,,,31,2026-02-01 02:15:05.994381,RTM1P45,0.18,0.17,0.19,1000000.0,1000000.0
,,,,,,31,2026-02-01 02:15:05.994381,RTM1C46,4.84,4.83,4.85,1000000.0,1000000.0
,,,,,,31,2026-02-01 02:15:05.994381,RTM1P46,0.31,0.3,0.32,1000000.0,1000000.0
,,,,,,31,2026-02-01 02:15:05.994381,RTM1C47,4.01,4.0,4.02,1000000.0,1000000.0
,,,,,,31,2026-02-01 02:15:05.994381,RTM1P47,0.47,0.46,0.48,1000000.0,1000000.0
,,,,,,31,2026-02-01 02:15:05.994381,RTM1C48,3.2,3.19,3.21,1000000.0,1000000.0
,,,,,,31,2026-02-01 02:15:05.994381,RTM1P48,0.67,0.66,0.68,1000000.0,1000000.0
,,,,,,31,2026-02-01 02:15:05.994381,RTM1C49,2.55,2.54,2.56,1000000.0,1000000.0
,,,,,,31,2026-02-01 02:15:05.994381,RTM1P49,1.01,1.0,1.02,1000000.0,1000000.0
,,,,,,31,2026-02-01 02:15:05.994381,RTM1C50,2.04,2.03,2.05,1000000.0,1000000.0
,,,,,,31,2026-02-01 02:15:05.994381,RTM1P50,1.51,1.5,1.52,1000000.0,1000000.0
,,,,,,31,2026-02-01 02:15:05.994381,RTM1C51,1.55,1.54,1.56,1000000.0,1000000.0
,,,,,,31,2026-02-01 02:15:05.994381,RTM1P51,2.01,2.0,2.02,1000000.0,1000000.0
,,,,,,31,2026-02-01 02:15:05.994381,RTM1C52,1.05,1.04,1.06,1000000.0,1000000.0
,,,,,,31,2026-02-01 02:15:05.994381,RTM1P52,2.51,2.5,2.52,1000000.0,1000000.0
,,,,,,31,2026-02-01 02:15:05.994381,RTM1C53,0.83,0.82,0.84,1000000.0,1000000.0
,,,,,,31,2026-02-01 02:15:05.994381,RTM1P53,3.29,3.28,3.3,1000000.0,1000000.0
,,,,,,31,2026-02-01 02:15:05.994381,RTM1C54,0.61,0.6,0.62,1000000.0,1000000.0
,,,,,,31,2026-02-01 02:15:05.994381,RTM1P54,4.07,4.06,4.08,1000000.0,1000000.0
2.0,1.0,1.0,Week 1,Delta limit and penalty,The delta limit for this sub-heat is 6000 and the penalty percentage is 2%,32,2026-02-01 02:15:07.042121,RTM,50.51,50.5,50.52,100000000.0,100000000.0
1.0,1.0,1.0,Week 1,Risk free rate and current annualized volatility of RTM,The current risk free rate is 0%. RTM is an ETF that mimics one of the major indices in the simulated world and its current annualized realized volatility is 27%. This simulation consists of 20 trading days that are each 15 ticks in length.,32,2026-02-01 02:15:07.042121,RTM1C45,5.68,5.67,5.69,1000000.0,1000000.0
,,,,,,32,2026-02-01 02:15:07.042121,RTM1P45,0.17,0.16,0.18,1000000.0,1000000.0
,,,,,,32,2026-02-01 02:15:07.042121,RTM1C46,4.82,4.81,4.83,1000000.0,1000000.0
,,,,,,32,2026-02-01 02:15:07.042121,RTM1P46,0.31,0.3,0.32,1000000.0,1000000.0
,,,,,,32,2026-02-01 02:15:07.042121,RTM1C47,3.96,3.95,3.97,1000000.0,1000000.0
,,,,,,32,2026-02-01 02:15:07.042121,RTM1P47,0.44,0.43,0.45,1000000.0,1000000.0
,,,,,,32,2026-02-01 02:15:07.042121,RTM1C48,3.23,3.22,3.24,1000000.0,1000000.0
,,,,,,32,2026-02-01 02:15:07.042121,RTM1P48,0.72,0.71,0.73,1000000.0,1000000.0
,,,,,,32,2026-02-01 02:15:07.042121,RTM1C49,2.54,2.53,2.55,1000000.0,1000000.0
,,,,,,32,2026-02-01 02:15:07.042121,RTM1P49,1.02,1.01,1.03,1000000.0,1000000.0
,,,,,,32,2026-02-01 02:15:07.042121,RTM1C50,1.97,1.96,1.98,1000000.0,1000000.0
,,,,,,32,2026-02-01 02:15:07.042121,RTM1P50,1.46,1.45,1.47,1000000.0,1000000.0
,,,,,,32,2026-02-01 02:15:07.042121,RTM1C51,1.47,1.46,1.48,1000000.0,1000000.0
,,,,,,32,2026-02-01 02:15:07.042121,RTM1P51,1.95,1.94,1.96,1000000.0,1000000.0
,,,,,,32,2026-02-01 02:15:07.042121,RTM1C52,1.06,1.05,1.07,1000000.0,1000000.0
,,,,,,32,2026-02-01 02:15:07.042121,RTM1P52,2.55,2.54,2.56,1000000.0,1000000.0
,,,,,,32,2026-02-01 02:15:07.042121,RTM1C53,0.79,0.78,0.8,1000000.0,1000000.0
,,,,,,32,2026-02-01 02:15:07.042121,RTM1P53,3.28,3.27,3.29,1000000.0,1000000.0
,,,,,,32,2026-02-01 02:15:07.042121,RTM1C54,0.58,0.57,0.59,1000000.0,1000000.0
,,,,,,32,2026-02-01 02:15:07.042121,RTM1P54,4.06,4.05,4.07,1000000.0,1000000.0
2.0,1.0,1.0,Week 1,Delta limit and penalty,The delta limit for this sub-heat is 6000 and the penalty percentage is 2%,33,2026-02-01 02:15:08.093724,RTM,50.62,50.61,50.63,100000000.0,100000000.0
1.0,1.0,1.0,Week 1,Risk free rate and current annualized volatility of RTM,The current risk free rate is 0%. RTM is an ETF that mimics one of the major indices in the simulated world and its current annualized realized volatility is 27%. This simulation consists of 20 trading days that are each 15 ticks in length.,33,2026-02-01 02:15:08.093724,RTM1C45,5.78,5.77,5.79,1000000.0,1000000.0
,,,,,,33,2026-02-01 02:15:08.093724,RTM1P45,0.16,0.15,0.17,1000000.0,1000000.0
,,,,,,33,2026-02-01 02:15:08.093724,RTM1C46,4.89,4.88,4.9,1000000.0,1000000.0
,,,,,,33,2026-02-01 02:15:08.093724,RTM1P46,0.26,0.25,0.27,1000000.0,1000000.0
,,,,,,33,2026-02-01 02:15:08.093724,RTM1C47,4.05,4.04,4.06,1000000.0,1000000.0
,,,,,,33,2026-02-01 02:15:08.093724,RTM1P47,0.43,0.42,0.44,1000000.0,1000000.0
,,,,,,33,2026-02-01 02:15:08.093724,RTM1C48,3.29,3.28,3.3,1000000.0,1000000.0
,,,,,,33,2026-02-01 02:15:08.093724,RTM1P48,0.66,0.65,0.67,1000000.0,1000000.0
,,,,,,33,2026-02-01 02:15:08.093724,RTM1C49,2.66,2.65,2.67,1000000.0,1000000.0
,,,,,,33,2026-02-01 02:15:08.093724,RTM1P49,1.03,1.02,1.04,1000000.0,1000000.0
,,,,,,33,2026-02-01 02:15:08.093724,RTM1C50,2.13,2.12,2.14,1000000.0,1000000.0
,,,,,,33,2026-02-01 02:15:08.093724,RTM1P50,1.5,1.49,1.51,1000000.0,1000000.0
,,,,,,33,2026-02-01 02:15:08.093724,RTM1C51,1.56,1.55,1.57,1000000.0,1000000.0
,,,,,,33,2026-02-01 02:15:08.093724,RTM1P51,1.94,1.93,1.95,1000000.0,1000000.0
,,,,,,33,2026-02-01 02:15:08.093724,RTM1C52,1.06,1.05,1.07,1000000.0,1000000.0
,,,,,,33,2026-02-01 02:15:08.093724,RTM1P52,2.44,2.43,2.45,1000000.0,1000000.0
,,,,,,33,2026-02-01 02:15:08.093724,RTM1C53,0.78,0.77,0.79,1000000.0,1000000.0
,,,,,,33,2026-02-01 02:15:08.093724,RTM1P53,3.16,3.15,3.17,1000000.0,1000000.0
,,,,,,33,2026-02-01 02:15:08.093724,RTM1C54,0.57,0.56,0.58,1000000.0,1000000.0
,,,,,,33,2026-02-01 02:15:08.093724,RTM1P54,3.94,3.93,3.95,1000000.0,1000000.0
2.0,1.0,1.0,Week 1,Delta limit and penalty,The delta limit for this sub-heat is 6000 and the penalty percentage is 2%,34,2026-02-01 02:15:09.161879,RTM,50.36,50.35,50.37,100000000.0,100000000.0
1.0,1.0,1.0,Week 1,Risk free rate and current annualized volatility of RTM,The current risk free rate is 0%. RTM is an ETF that mimics one of the major indices in the simulated world and its current annualized realized volatility is 27%. This simulation consists of 20 trading days that are each 15 ticks in length.,34,2026-02-01 02:15:09.161879,RTM1C45,5.54,5.53,5.55,1000000.0,1000000.0
,,,,,,34,2026-02-01 02:15:09.161879,RTM1P45,0.18,0.17,0.19,1000000.0,1000000.0
,,,,,,34,2026-02-01 02:15:09.161879,RTM1C46,4.66,4.65,4.67,1000000.0,1000000.0
,,,,,,34,2026-02-01 02:15:09.161879,RTM1P46,0.31,0.3,0.32,1000000.0,1000000.0
,,,,,,34,2026-02-01 02:15:09.161879,RTM1C47,3.84,3.83,3.85,1000000.0,1000000.0
,,,,,,34,2026-02-01 02:15:09.161879,RTM1P47,0.48,0.47,0.49,1000000.0,1000000.0
,,,,,,34,2026-02-01 02:15:09.161879,RTM1C48,3.11,3.1,3.12,1000000.0,1000000.0
,,,,,,34,2026-02-01 02:15:09.161879,RTM1P48,0.75,0.74,0.76,1000000.0,1000000.0
,,,,,,34,2026-02-01 02:15:09.161879,RTM1C49,2.36,2.35,2.37,1000000.0,1000000.0
,,,,,,34,2026-02-01 02:15:09.161879,RTM1P49,1.0,0.99,1.01,1000000.0,1000000.0
,,,,,,34,2026-02-01 02:15:09.161879,RTM1C50,1.94,1.93,1.95,1000000.0,1000000.0
,,,,,,34,2026-02-01 02:15:09.161879,RTM1P50,1.58,1.57,1.59,1000000.0,1000000.0
,,,,,,34,2026-02-01 02:15:09.161879,RTM1C51,1.4,1.39,1.41,1000000.0,1000000.0
,,,,,,34,2026-02-01 02:15:09.161879,RTM1P51,2.04,2.03,2.05,1000000.0,1000000.0
,,,,,,34,2026-02-01 02:15:09.161879,RTM1C52,1.02,1.01,1.03,1000000.0,1000000.0
,,,,,,34,2026-02-01 02:15:09.161879,RTM1P52,2.66,2.65,2.67,1000000.0,1000000.0
,,,,,,34,2026-02-01 02:15:09.161879,RTM1C53,0.78,0.77,0.79,1000000.0,1000000.0
,,,,,,34,2026-02-01 02:15:09.161879,RTM1P53,3.42,3.41,3.43,1000000.0,1000000.0
,,,,,,34,2026-02-01 02:15:09.161879,RTM1C54,0.54,0.53,0.55,1000000.0,1000000.0
,,,,,,34,2026-02-01 02:15:09.161879,RTM1P54,4.18,4.17,4.19,1000000.0,1000000.0
3.0,1.0,35.0,,News 1,The analysts have informed you that the realized volatility of RTM next week will be between 07% and 12%,35,2026-02-01 02:15:10.219207,RTM,50.51,50.5,50.52,100000000.0,100000000.0
2.0,1.0,1.0,Week 1,Delta limit and penalty,The delta limit for this sub-heat is 6000 and the penalty percentage is 2%,35,2026-02-01 02:15:10.219207,RTM1C45,5.67,5.66,5.68,1000000.0,1000000.0
1.0,1.0,1.0,Week 1,Risk free rate and current annualized volatility of RTM,The current risk free rate is 0%. RTM is an ETF that mimics one of the major indices in the simulated world and its current annualized realized volatility is 27%. This simulation consists of 20 trading days that are each 15 ticks in length.,35,2026-02-01 02:15:10.219207,RTM1P45,0.17,0.16,0.18,1000000.0,1000000.0
,,,,,,35,2026-02-01 02:15:10.219207,RTM1C46,4.75,4.74,4.76,1000000.0,1000000.0
,,,,,,35,2026-02-01 02:15:10.219207,RTM1P46,0.24,0.23,0.25,1000000.0,1000000.0
,,,,,,35,2026-02-01 02:15:10.219207,RTM1C47,3.93,3.92,3.94,1000000.0,1000000.0
,,,,,,35,2026-02-01 02:15:10.219207,RTM1P47,0.43,0.42,0.44,1000000.0,1000000.0
,,,,,,35,2026-02-01 02:15:10.219207,RTM1C48,3.17,3.16,3.18,1000000.0,1000000.0
,,,,,,35,2026-02-01 02:15:10.219207,RTM1P48,0.67,0.66,0.68,1000000.0,1000000.0
,,,,,,35,2026-02-01 02:15:10.219207,RTM1C49,2.55,2.54,2.56,1000000.0,1000000.0
,,,,,,35,2026-02-01 02:15:10.219207,RTM1P49,1.04,1.03,1.05,1000000.0,1000000.0
,,,,,,35,2026-02-01 02:15:10.219207,RTM1C50,2.03,2.02,2.04,1000000.0,1000000.0
,,,,,,35,2026-02-01 02:15:10.219207,RTM1P50,1.52,1.51,1.53,1000000.0,1000000.0
,,,,,,35,2026-02-01 02:15:10.219207,RTM1C51,1.41,1.4,1.42,1000000.0,1000000.0
,,,,,,35,2026-02-01 02:15:10.219207,RTM1P51,1.9,1.89,1.91,1000000.0,1000000.0
,,,,,,35,2026-02-01 02:15:10.219207,RTM1C52,1.04,1.03,1.05,1000000.0,1000000.0
,,,,,,35,2026-02-01 02:15:10.219207,RTM1P52,2.53,2.52,2.54,1000000.0,1000000.0
,,,,,,35,2026-02-01 02:15:10.219207,RTM1C53,0.73,0.72,0.74,1000000.0,1000000.0
,,,,,,35,2026-02-01 02:15:10.219207,RTM1P53,3.22,3.21,3.23,1000000.0,1000000.0
,,,,,,35,2026-02-01 02:15:10.219207,RTM1C54,0.51,0.5,0.52,1000000.0,1000000.0
,,,,,,35,2026-02-01 02:15:10.219207,RTM1P54,4.01,4.0,4.02,1000000.0,1000000.0
3.0,1.0,35.0,,News 1,The analysts have informed you that the realized volatility of RTM next week will be between 07% and 12%,37,2026-02-01 02:15:11.295175,RTM,50.45,50.44,50.46,100000000.0,100000000.0
2.0,1.0,1.0,Week 1,Delta limit and penalty,The delta limit for this sub-heat is 6000 and the penalty percentage is 2%,37,2026-02-01 02:15:11.295175,RTM1C45,5.59,5.58,5.6,1000000.0,1000000.0
1.0,1.0,1.0,Week 1,Risk free rate and current annualized volatility of RTM,The current risk free rate is 0%. RTM is an ETF that mimics one of the major indices in the simulated world and its current annualized realized volatility is 27%. This simulation consists of 20 trading days that are each 15 ticks in length.,37,2026-02-01 02:15:11.295175,RTM1P45,0.14,0.13,0.15,1000000.0,1000000.0
,,,,,,37,2026-02-01 02:15:11.295175,RTM1C46,4.74,4.73,4.75,1000000.0,1000000.0
,,,,,,37,2026-02-01 02:15:11.295175,RTM1P46,0.29,0.28,0.3,1000000.0,1000000.0
,,,,,,37,2026-02-01 02:15:11.295175,RTM1C47,3.86,3.85,3.87,1000000.0,1000000.0
,,,,,,37,2026-02-01 02:15:11.295175,RTM1P47,0.41,0.4,0.42,1000000.0,1000000.0
,,,,,,37,2026-02-01 02:15:11.295175,RTM1C48,3.17,3.16,3.18,1000000.0,1000000.0
,,,,,,37,2026-02-01 02:15:11.295175,RTM1P48,0.72,0.71,0.73,1000000.0,1000000.0
,,,,,,37,2026-02-01 02:15:11.295175,RTM1C49,2.48,2.47,2.49,1000000.0,1000000.0
,,,,,,37,2026-02-01 02:15:11.295175,RTM1P49,1.03,1.02,1.04,1000000.0,1000000.0
,,,,,,37,2026-02-01 02:15:11.295175,RTM1C50,1.9,1.89,1.91,1000000.0,1000000.0
,,,,,,37,2026-02-01 02:15:11.295175,RTM1P50,1.45,1.44,1.46,1000000.0,1000000.0
,,,,,,37,2026-02-01 02:15:11.295175,RTM1C51,1.41,1.4,1.42,1000000.0,1000000.0
,,,,,,37,2026-02-01 02:15:11.295175,RTM1P51,1.96,1.95,1.97,1000000.0,1000000.0
,,,,,,37,2026-02-01 02:15:11.295175,RTM1C52,1.06,1.05,1.07,1000000.0,1000000.0
,,,,,,37,2026-02-01 02:15:11.295175,RTM1P52,2.61,2.6,2.62,1000000.0,1000000.0
,,,,,,37,2026-02-01 02:15:11.295175,RTM1C53,0.68,0.67,0.69,1000000.0,1000000.0
,,,,,,37,2026-02-01 02:15:11.295175,RTM1P53,3.23,3.22,3.24,1000000.0,1000000.0
,,,,,,37,2026-02-01 02:15:11.295175,RTM1C54,0.48,0.47,0.49,1000000.0,1000000.0
,,,,,,37,2026-02-01 02:15:11.295175,RTM1P54,4.02,4.01,4.03,1000000.0,1000000.0
3.0,1.0,35.0,,News 1,The analysts have informed you that the realized volatility of RTM next week will be between 07% and 12%,38,2026-02-01 02:15:12.349468,RTM,50.4,50.39,50.41,100000000.0,100000000.0
2.0,1.0,1.0,Week 1,Delta limit and penalty,The delta limit for this sub-heat is 6000 and the penalty percentage is 2%,38,2026-02-01 02:15:12.349468,RTM1C45,5.53,5.52,5.54,1000000.0,1000000.0
1.0,1.0,1.0,Week 1,Risk free rate and current annualized volatility of RTM,The current risk free rate is 0%. RTM is an ETF that mimics one of the major indices in the simulated world and its current annualized realized volatility is 27%. This simulation consists of 20 trading days that are each 15 ticks in length.,38,2026-02-01 02:15:12.349468,RTM1P45,0.13,0.12,0.14,1000000.0,1000000.0
,,,,,,38,2026-02-01 02:15:12.349468,RTM1C46,4.66,4.65,4.67,1000000.0,1000000.0
,,,,,,38,2026-02-01 02:15:12.349468,RTM1P46,0.26,0.25,0.27,1000000.0,1000000.0
,,,,,,38,2026-02-01 02:15:12.349468,RTM1C47,3.85,3.84,3.86,1000000.0,1000000.0
,,,,,,38,2026-02-01 02:15:12.349468,RTM1P47,0.45,0.44,0.46,1000000.0,1000000.0
,,,,,,38,2026-02-01 02:15:12.349468,RTM1C48,3.09,3.08,3.1,1000000.0,1000000.0
,,,,,,38,2026-02-01 02:15:12.349468,RTM1P48,0.69,0.68,0.7,1000000.0,1000000.0
,,,,,,38,2026-02-01 02:15:12.349468,RTM1C49,2.38,2.37,2.39,1000000.0,1000000.0
,,,,,,38,2026-02-01 02:15:12.349468,RTM1P49,0.98,0.97,0.99,1000000.0,1000000.0
,,,,,,38,2026-02-01 02:15:12.349468,RTM1C50,1.89,1.88,1.9,1000000.0,1000000.0
,,,,,,38,2026-02-01 02:15:12.349468,RTM1P50,1.49,1.48,1.5,1000000.0,1000000.0
,,,,,,38,2026-02-01 02:15:12.349468,RTM1C51,1.33,1.32,1.34,1000000.0,1000000.0
,,,,,,38,2026-02-01 02:15:12.349468,RTM1P51,1.93,1.92,1.94,1000000.0,1000000.0
,,,,,,38,2026-02-01 02:15:12.349468,RTM1C52,1.04,1.03,1.05,1000000.0,1000000.0
,,,,,,38,2026-02-01 02:15:12.349468,RTM1P52,2.64,2.63,2.65,1000000.0,1000000.0
,,,,,,38,2026-02-01 02:15:12.349468,RTM1C53,0.69,0.68,0.7,1000000.0,1000000.0
,,,,,,38,2026-02-01 02:15:12.349468,RTM1P53,3.29,3.28,3.3,1000000.0,1000000.0
,,,,,,38,2026-02-01 02:15:12.349468,RTM1C54,0.43,0.42,0.44,1000000.0,1000000.0
,,,,,,38,2026-02-01 02:15:12.349468,RTM1P54,4.03,4.02,4.04,1000000.0,1000000.0
3.0,1.0,35.0,,News 1,The analysts have informed you that the realized volatility of RTM next week will be between 07% and 12%,39,2026-02-01 02:15:13.403676,RTM,50.1,50.09,50.11,100000000.0,100000000.0
2.0,1.0,1.0,Week 1,Delta limit and penalty,The delta limit for this sub-heat is 6000 and the penalty percentage is 2%,39,2026-02-01 02:15:13.403676,RTM1C45,5.27,5.26,5.28,1000000.0,1000000.0
1.0,1.0,1.0,Week 1,Risk free rate and current annualized volatility of RTM,The current risk free rate is 0%. RTM is an ETF that mimics one of the major indices in the simulated world and its current annualized realized volatility is 27%. This simulation consists of 20 trading days that are each 15 ticks in length.,39,2026-02-01 02:15:13.403676,RTM1P45,0.16,0.15,0.17,1000000.0,1000000.0
,,,,,,39,2026-02-01 02:15:13.403676,RTM1C46,4.41,4.4,4.42,1000000.0,1000000.0
,,,,,,39,2026-02-01 02:15:13.403676,RTM1P46,0.31,0.3,0.32,1000000.0,1000000.0
,,,,,,39,2026-02-01 02:15:13.403676,RTM1C47,3.57,3.56,3.58,1000000.0,1000000.0
,,,,,,39,2026-02-01 02:15:13.403676,RTM1P47,0.46,0.45,0.47,1000000.0,1000000.0
,,,,,,39,2026-02-01 02:15:13.403676,RTM1C48,2.97,2.96,2.98,1000000.0,1000000.0
,,,,,,39,2026-02-01 02:15:13.403676,RTM1P48,0.87,0.86,0.88,1000000.0,1000000.0
,,,,,,39,2026-02-01 02:15:13.403676,RTM1C49,2.24,2.23,2.25,1000000.0,1000000.0
,,,,,,39,2026-02-01 02:15:13.403676,RTM1P49,1.14,1.13,1.15,1000000.0,1000000.0
,,,,,,39,2026-02-01 02:15:13.403676,RTM1C50,1.65,1.64,1.66,1000000.0,1000000.0
,,,,,,39,2026-02-01 02:15:13.403676,RTM1P50,1.54,1.53,1.55,1000000.0,1000000.0
,,,,,,39,2026-02-01 02:15:13.403676,RTM1C51,1.19,1.18,1.2,1000000.0,1000000.0
,,,,,,39,2026-02-01 02:15:13.403676,RTM1P51,2.09,2.08,2.1,1000000.0,1000000.0
,,,,,,39,2026-02-01 02:15:13.403676,RTM1C52,0.85,0.84,0.86,1000000.0,1000000.0
,,,,,,39,2026-02-01 02:15:13.403676,RTM1P52,2.75,2.74,2.76,1000000.0,1000000.0
,,,,,,39,2026-02-01 02:15:13.403676,RTM1C53,0.56,0.55,0.57,1000000.0,1000000.0
,,,,,,39,2026-02-01 02:15:13.403676,RTM1P53,3.46,3.45,3.47,1000000.0,1000000.0
,,,,,,39,2026-02-01 02:15:13.403676,RTM1C54,0.4,0.39,0.41,1000000.0,1000000.0
,,,,,,39,2026-02-01 02:15:13.403676,RTM1P54,4.29,4.28,4.3,1000000.0,1000000.0
3.0,1.0,35.0,,News 1,The analysts have informed you that the realized volatility of RTM next week will be between 07% and 12%,40,2026-02-01 02:15:14.470833,RTM,50.04,50.03,50.05,100000000.0,100000000.0
2.0,1.0,1.0,Week 1,Delta limit and penalty,The delta limit for this sub-heat is 6000 and the penalty percentage is 2%,40,2026-02-01 02:15:14.470833,RTM1C45,5.23,5.22,5.24,1000000.0,1000000.0
1.0,1.0,1.0,Week 1,Risk free rate and current annualized volatility of RTM,The current risk free rate is 0%. RTM is an ETF that mimics one of the major indices in the simulated world and its current annualized realized volatility is 27%. This simulation consists of 20 trading days that are each 15 ticks in length.,40,2026-02-01 02:15:14.470833,RTM1P45,0.18,0.17,0.19,1000000.0,1000000.0
,,,,,,40,2026-02-01 02:15:14.470833,RTM1C46,4.36,4.35,4.37,1000000.0,1000000.0
,,,,,,40,2026-02-01 02:15:14.470833,RTM1P46,0.31,0.3,0.32,1000000.0,1000000.0
,,,,,,40,2026-02-01 02:15:14.470833,RTM1C47,3.56,3.55,3.57,1000000.0,1000000.0
,,,,,,40,2026-02-01 02:15:14.470833,RTM1P47,0.51,0.5,0.52,1000000.0,1000000.0
,,,,,,40,2026-02-01 02:15:14.470833,RTM1C48,2.84,2.83,2.85,1000000.0,1000000.0
,,,,,,40,2026-02-01 02:15:14.470833,RTM1P48,0.8,0.79,0.81,1000000.0,1000000.0
,,,,,,40,2026-02-01 02:15:14.470833,RTM1C49,2.2,2.19,2.21,1000000.0,1000000.0
,,,,,,40,2026-02-01 02:15:14.470833,RTM1P49,1.15,1.14,1.16,1000000.0,1000000.0
,,,,,,40,2026-02-01 02:15:14.470833,RTM1C50,1.64,1.63,1.65,1000000.0,1000000.0
,,,,,,40,2026-02-01 02:15:14.470833,RTM1P50,1.59,1.58,1.6,1000000.0,1000000.0
,,,,,,40,2026-02-01 02:15:14.470833,RTM1C51,1.17,1.16,1.18,1000000.0,1000000.0
,,,,,,40,2026-02-01 02:15:14.470833,RTM1P51,2.13,2.12,2.14,1000000.0,1000000.0
,,,,,,40,2026-02-01 02:15:14.470833,RTM1C52,0.88,0.87,0.89,1000000.0,1000000.0
,,,,,,40,2026-02-01 02:15:14.470833,RTM1P52,2.84,2.83,2.85,1000000.0,1000000.0
,,,,,,40,2026-02-01 02:15:14.470833,RTM1C53,0.6,0.59,0.61,1000000.0,1000000.0
,,,,,,40,2026-02-01 02:15:14.470833,RTM1P53,3.55,3.54,3.56,1000000.0,1000000.0
,,,,,,40,2026-02-01 02:15:14.470833,RTM1C54,0.39,0.38,0.4,1000000.0,1000000.0
,,,,,,40,2026-02-01 02:15:14.470833,RTM1P54,4.34,4.33,4.35,1000000.0,1000000.0
3.0,1.0,35.0,,News 1,The analysts have informed you that the realized volatility of RTM next week will be between 07% and 12%,41,2026-02-01 02:15:15.547996,RTM,50.29,50.28,50.3,100000000.0,100000000.0
2.0,1.0,1.0,Week 1,Delta limit and penalty,The delta limit for this sub-heat is 6000 and the penalty percentage is 2%,41,2026-02-01 02:15:15.547996,RTM1C45,5.43,5.42,5.44,1000000.0,1000000.0
1.0,1.0,1.0,Week 1,Risk free rate and current annualized volatility of RTM,The current risk free rate is 0%. RTM is an ETF that mimics one of the major indices in the simulated world and its current annualized realized volatility is 27%. This simulation consists of 20 trading days that are each 15 ticks in length.,41,2026-02-01 02:15:15.547996,RTM1P45,0.15,0.13,0.15,1000000.0,1000000.0
,,,,,,41,2026-02-01 02:15:15.547996,RTM1C46,4.53,4.52,4.54,1000000.0,1000000.0
,,,,,,41,2026-02-01 02:15:15.547996,RTM1P46,0.24,0.23,0.25,1000000.0,1000000.0
,,,,,,41,2026-02-01 02:15:15.547996,RTM1C47,3.7,3.69,3.71,1000000.0,1000000.0
,,,,,,41,2026-02-01 02:15:15.547996,RTM1P47,0.41,0.4,0.42,1000000.0,1000000.0
,,,,,,41,2026-02-01 02:15:15.547996,RTM1C48,3.0,2.99,3.01,1000000.0,1000000.0
,,,,,,41,2026-02-01 02:15:15.547996,RTM1P48,0.71,0.7,0.72,1000000.0,1000000.0
,,,,,,41,2026-02-01 02:15:15.547996,RTM1C49,2.35,2.34,2.36,1000000.0,1000000.0
,,,,,,41,2026-02-01 02:15:15.547996,RTM1P49,1.06,1.05,1.07,1000000.0,1000000.0
,,,,,,41,2026-02-01 02:15:15.547996,RTM1C50,1.72,1.71,1.73,1000000.0,1000000.0
,,,,,,41,2026-02-01 02:15:15.547996,RTM1P50,1.43,1.42,1.44,1000000.0,1000000.0
,,,,,,41,2026-02-01 02:15:15.547996,RTM1C51,1.34,1.33,1.35,1000000.0,1000000.0
,,,,,,41,2026-02-01 02:15:15.547996,RTM1P51,2.05,2.04,2.06,1000000.0,1000000.0
,,,,,,41,2026-02-01 02:15:15.547996,RTM1C52,0.94,0.93,0.95,1000000.0,1000000.0
,,,,,,41,2026-02-01 02:15:15.547996,RTM1P52,2.65,2.64,2.66,1000000.0,1000000.0
,,,,,,41,2026-02-01 02:15:15.547996,RTM1C53,0.65,0.64,0.66,1000000.0,1000000.0
,,,,,,41,2026-02-01 02:15:15.547996,RTM1P53,3.36,3.35,3.37,1000000.0,1000000.0
,,,,,,41,2026-02-01 02:15:15.547996,RTM1C54,0.45,0.44,0.46,1000000.0,1000000.0
,,,,,,41,2026-02-01 02:15:15.547996,RTM1P54,4.16,4.15,4.17,1000000.0,1000000.0
3.0,1.0,35.0,,News 1,The analysts have informed you that the realized volatility of RTM next week will be between 07% and 12%,42,2026-02-01 02:15:16.603420,RTM,50.3,50.29,50.31,100000000.0,100000000.0
2.0,1.0,1.0,Week 1,Delta limit and penalty,The delta limit for this sub-heat is 6000 and the penalty percentage is 2%,42,2026-02-01 02:15:16.603420,RTM1C45,5.43,5.42,5.44,1000000.0,1000000.0
1.0,1.0,1.0,Week 1,Risk free rate and current annualized volatility of RTM,The current risk free rate is 0%. RTM is an ETF that mimics one of the major indices in the simulated world and its current annualized realized volatility is 27%. This simulation consists of 20 trading days that are each 15 ticks in length.,42,2026-02-01 02:15:16.603420,RTM1P45,0.13,0.12,0.14,1000000.0,1000000.0
,,,,,,42,2026-02-01 02:15:16.603420,RTM1C46,4.55,4.54,4.56,1000000.0,1000000.0
,,,,,,42,2026-02-01 02:15:16.603420,RTM1P46,0.24,0.23,0.25,1000000.0,1000000.0
,,,,,,42,2026-02-01 02:15:16.603420,RTM1C47,3.71,3.7,3.72,1000000.0,1000000.0
,,,,,,42,2026-02-01 02:15:16.603420,RTM1P47,0.4,0.39,0.41,1000000.0,1000000.0
,,,,,,42,2026-02-01 02:15:16.603420,RTM1C48,3.05,3.04,3.06,1000000.0,1000000.0
,,,,,,42,2026-02-01 02:15:16.603420,RTM1P48,0.74,0.73,0.75,1000000.0,1000000.0
,,,,,,42,2026-02-01 02:15:16.603420,RTM1C49,2.31,2.3,2.32,1000000.0,1000000.0
,,,,,,42,2026-02-01 02:15:16.603420,RTM1P49,1.0,0.99,1.01,1000000.0,1000000.0
,,,,,,42,2026-02-01 02:15:16.603420,RTM1C50,1.71,1.7,1.72,1000000.0,1000000.0
,,,,,,42,2026-02-01 02:15:16.603420,RTM1P50,1.4,1.39,1.41,1000000.0,1000000.0
,,,,,,42,2026-02-01 02:15:16.603420,RTM1C51,1.32,1.31,1.33,1000000.0,1000000.0
,,,,,,42,2026-02-01 02:15:16.603420,RTM1P51,2.01,2.0,2.02,1000000.0,1000000.0
,,,,,,42,2026-02-01 02:15:16.603420,RTM1C52,0.93,0.92,0.94,1000000.0,1000000.0
,,,,,,42,2026-02-01 02:15:16.603420,RTM1P52,2.63,2.62,2.64,1000000.0,1000000.0
,,,,,,42,2026-02-01 02:15:16.603420,RTM1C53,0.65,0.64,0.66,1000000.0,1000000.0
,,,,,,42,2026-02-01 02:15:16.603420,RTM1P53,3.35,3.34,3.36,1000000.0,1000000.0
,,,,,,42,2026-02-01 02:15:16.603420,RTM1C54,0.44,0.43,0.45,1000000.0,1000000.0
,,,,,,42,2026-02-01 02:15:16.603420,RTM1P54,4.14,4.13,4.15,1000000.0,1000000.0
3.0,1.0,35.0,,News 1,The analysts have informed you that the realized volatility of RTM next week will be between 07% and 12%,43,2026-02-01 02:15:17.653703,RTM,50.1,50.09,50.11,100000000.0,100000000.0
2.0,1.0,1.0,Week 1,Delta limit and penalty,The delta limit for this sub-heat is 6000 and the penalty percentage is 2%,43,2026-02-01 02:15:17.653703,RTM1C45,5.25,5.24,5.26,1000000.0,1000000.0
1.0,1.0,1.0,Week 1,Risk free rate and current annualized volatility of RTM,The current risk free rate is 0%. RTM is an ETF that mimics one of the major indices in the simulated world and its current annualized realized volatility is 27%. This simulation consists of 20 trading days that are each 15 ticks in length.,43,2026-02-01 02:15:17.653703,RTM1P45,0.15,0.14,0.16,1000000.0,1000000.0
,,,,,,43,2026-02-01 02:15:17.653703,RTM1C46,4.38,4.37,4.39,1000000.0,1000000.0
,,,,,,43,2026-02-01 02:15:17.653703,RTM1P46,0.28,0.27,0.29,1000000.0,1000000.0
,,,,,,43,2026-02-01 02:15:17.653703,RTM1C47,3.56,3.55,3.57,1000000.0,1000000.0
,,,,,,43,2026-02-01 02:15:17.653703,RTM1P47,0.46,0.45,0.47,1000000.0,1000000.0
,,,,,,43,2026-02-01 02:15:17.653703,RTM1C48,2.87,2.86,2.88,1000000.0,1000000.0
,,,,,,43,2026-02-01 02:15:17.653703,RTM1P48,0.77,0.76,0.78,1000000.0,1000000.0
,,,,,,43,2026-02-01 02:15:17.653703,RTM1C49,2.17,2.16,2.18,1000000.0,1000000.0
,,,,,,43,2026-02-01 02:15:17.653703,RTM1P49,1.07,1.06,1.08,1000000.0,1000000.0
,,,,,,43,2026-02-01 02:15:17.653703,RTM1C50,1.61,1.6,1.62,1000000.0,1000000.0
,,,,,,43,2026-02-01 02:15:17.653703,RTM1P50,1.51,1.5,1.52,1000000.0,1000000.0
,,,,,,43,2026-02-01 02:15:17.653703,RTM1C51,1.2,1.19,1.21,1000000.0,1000000.0
,,,,,,43,2026-02-01 02:15:17.653703,RTM1P51,2.1,2.09,2.11,1000000.0,1000000.0
,,,,,,43,2026-02-01 02:15:17.653703,RTM1C52,0.86,0.85,0.87,1000000.0,1000000.0
,,,,,,43,2026-02-01 02:15:17.653703,RTM1P52,2.76,2.75,2.77,1000000.0,1000000.0
,,,,,,43,2026-02-01 02:15:17.653703,RTM1C53,0.56,0.55,0.57,1000000.0,1000000.0
,,,,,,43,2026-02-01 02:15:17.653703,RTM1P53,3.46,3.45,3.47,1000000.0,1000000.0
,,,,,,43,2026-02-01 02:15:17.653703,RTM1C54,0.39,0.38,0.4,1000000.0,1000000.0
,,,,,,43,2026-02-01 02:15:17.653703,RTM1P54,4.29,4.28,4.3,1000000.0,1000000.0
3.0,1.0,35.0,,News 1,The analysts have informed you that the realized volatility of RTM next week will be between 07% and 12%,44,2026-02-01 02:15:18.707307,RTM,50.62,50.61,50.63,100000000.0,100000000.0
2.0,1.0,1.0,Week 1,Delta limit and penalty,The delta limit for this sub-heat is 6000 and the penalty percentage is 2%,44,2026-02-01 02:15:18.707307,RTM1C45,5.74,5.73,5.75,1000000.0,1000000.0
1.0,1.0,1.0,Week 1,Risk free rate and current annualized volatility of RTM,The current risk free rate is 0%. RTM is an ETF that mimics one of the major indices in the simulated world and its current annualized realized volatility is 27%. This simulation consists of 20 trading days that are each 15 ticks in length.,44,2026-02-01 02:15:18.707307,RTM1P45,0.12,0.11,0.13,1000000.0,1000000.0
,,,,,,44,2026-02-01 02:15:18.707307,RTM1C46,4.82,4.81,4.83,1000000.0,1000000.0
,,,,,,44,2026-02-01 02:15:18.707307,RTM1P46,0.2,0.19,0.21,1000000.0,1000000.0
,,,,,,44,2026-02-01 02:15:18.707307,RTM1C47,3.95,3.94,3.96,1000000.0,1000000.0
,,,,,,44,2026-02-01 02:15:18.707307,RTM1P47,0.33,0.32,0.34,1000000.0,1000000.0
,,,,,,44,2026-02-01 02:15:18.707307,RTM1C48,3.21,3.2,3.22,1000000.0,1000000.0
,,,,,,44,2026-02-01 02:15:18.707307,RTM1P48,0.59,0.58,0.6,1000000.0,1000000.0
,,,,,,44,2026-02-01 02:15:18.707307,RTM1C49,2.5,2.49,2.51,1000000.0,1000000.0
,,,,,,44,2026-02-01 02:15:18.707307,RTM1P49,0.88,0.87,0.89,1000000.0,1000000.0
,,,,,,44,2026-02-01 02:15:18.707307,RTM1C50,1.87,1.86,1.88,1000000.0,1000000.0
,,,,,,44,2026-02-01 02:15:18.707307,RTM1P50,1.25,1.24,1.26,1000000.0,1000000.0
,,,,,,44,2026-02-01 02:15:18.707307,RTM1C51,1.44,1.43,1.45,1000000.0,1000000.0
,,,,,,44,2026-02-01 02:15:18.707307,RTM1P51,1.82,1.81,1.83,1000000.0,1000000.0
,,,,,,44,2026-02-01 02:15:18.707307,RTM1C52,1.03,1.02,1.04,1000000.0,1000000.0
,,,,,,44,2026-02-01 02:15:18.707307,RTM1P52,2.41,2.4,2.42,1000000.0,1000000.0
,,,,,,44,2026-02-01 02:15:18.707307,RTM1C53,0.7,0.69,0.71,1000000.0,1000000.0
,,,,,,44,2026-02-01 02:15:18.707307,RTM1P53,3.08,3.07,3.09,1000000.0,1000000.0
,,,,,,44,2026-02-01 02:15:18.707307,RTM1C54,0.5,0.49,0.51,1000000.0,1000000.0
,,,,,,44,2026-02-01 02:15:18.707307,RTM1P54,3.89,3.88,3.9,1000000.0,1000000.0
3.0,1.0,35.0,,News 1,The analysts have informed you that the realized volatility of RTM next week will be between 07% and 12%,45,2026-02-01 02:15:19.769887,RTM,50.52,50.51,50.53,100000000.0,100000000.0
2.0,1.0,1.0,Week 1,Delta limit and penalty,The delta limit for this sub-heat is 6000 and the penalty percentage is 2%,45,2026-02-01 02:15:19.769887,RTM1C45,5.65,5.64,5.66,1000000.0,1000000.0
1.0,1.0,1.0,Week 1,Risk free rate and current annualized volatility of RTM,The current risk free rate is 0%. RTM is an ETF that mimics one of the major indices in the simulated world and its current annualized realized volatility is 27%. This simulation consists of 20 trading days that are each 15 ticks in length.,45,2026-02-01 02:15:19.769887,RTM1P45,0.13,0.12,0.14,1000000.0,1000000.0
,,,,,,45,2026-02-01 02:15:19.769887,RTM1C46,4.72,4.71,4.73,1000000.0,1000000.0
,,,,,,45,2026-02-01 02:15:19.769887,RTM1P46,0.2,0.19,0.21,1000000.0,1000000.0
,,,,,,45,2026-02-01 02:15:19.769887,RTM1C47,3.86,3.85,3.87,1000000.0,1000000.0
,,,,,,45,2026-02-01 02:15:19.769887,RTM1P47,0.34,0.33,0.35,1000000.0,1000000.0
,,,,,,45,2026-02-01 02:15:19.769887,RTM1C48,3.14,3.13,3.15,1000000.0,1000000.0
,,,,,,45,2026-02-01 02:15:19.769887,RTM1P48,0.62,0.61,0.63,1000000.0,1000000.0
,,,,,,45,2026-02-01 02:15:19.769887,RTM1C49,2.43,2.42,2.44,1000000.0,1000000.0
,,,,,,45,2026-02-01 02:15:19.769887,RTM1P49,0.91,0.9,0.92,1000000.0,1000000.0
,,,,,,45,2026-02-01 02:15:19.769887,RTM1C50,1.88,1.87,1.89,1000000.0,1000000.0
,,,,,,45,2026-02-01 02:15:19.769887,RTM1P50,1.36,1.35,1.37,1000000.0,1000000.0
,,,,,,45,2026-02-01 02:15:19.769887,RTM1C51,1.39,1.38,1.4,1000000.0,1000000.0
,,,,,,45,2026-02-01 02:15:19.769887,RTM1P51,1.88,1.87,1.89,1000000.0,1000000.0
,,,,,,45,2026-02-01 02:15:19.769887,RTM1C52,0.95,0.94,0.96,1000000.0,1000000.0
,,,,,,45,2026-02-01 02:15:19.769887,RTM1P52,2.43,2.42,2.44,1000000.0,1000000.0
,,,,,,45,2026-02-01 02:15:19.769887,RTM1C53,0.66,0.65,0.67,1000000.0,1000000.0
,,,,,,45,2026-02-01 02:15:19.769887,RTM1P53,3.14,3.13,3.15,1000000.0,1000000.0
,,,,,,45,2026-02-01 02:15:19.769887,RTM1C54,0.46,0.45,0.47,1000000.0,1000000.0
,,,,,,45,2026-02-01 02:15:19.769887,RTM1P54,3.95,3.94,3.96,1000000.0,1000000.0
3.0,1.0,35.0,,News 1,The analysts have informed you that the realized volatility of RTM next week will be between 07% and 12%,46,2026-02-01 02:15:20.857551,RTM,50.79,50.77,50.79,100000000.0,100000000.0
2.0,1.0,1.0,Week 1,Delta limit and penalty,The delta limit for this sub-heat is 6000 and the penalty percentage is 2%,46,2026-02-01 02:15:20.857551,RTM1C45,5.86,5.85,5.87,1000000.0,1000000.0
1.0,1.0,1.0,Week 1,Risk free rate and current annualized volatility of RTM,The current risk free rate is 0%. RTM is an ETF that mimics one of the major indices in the simulated world and its current annualized realized volatility is 27%. This simulation consists of 20 trading days that are each 15 ticks in length.,46,2026-02-01 02:15:20.857551,RTM1P45,0.09,0.08,0.1,1000000.0,1000000.0
,,,,,,46,2026-02-01 02:15:20.857551,RTM1C46,4.98,4.97,4.99,1000000.0,1000000.0
,,,,,,46,2026-02-01 02:15:20.857551,RTM1P46,0.2,0.19,0.21,1000000.0,1000000.0
,,,,,,46,2026-02-01 02:15:20.857551,RTM1C47,4.11,4.1,4.12,1000000.0,1000000.0
,,,,,,46,2026-02-01 02:15:20.857551,RTM1P47,0.34,0.33,0.35,1000000.0,1000000.0
,,,,,,46,2026-02-01 02:15:20.857551,RTM1C48,3.32,3.31,3.33,1000000.0,1000000.0
,,,,,,46,2026-02-01 02:15:20.857551,RTM1P48,0.55,0.54,0.56,1000000.0,1000000.0
,,,,,,46,2026-02-01 02:15:20.857551,RTM1C49,2.63,2.62,2.64,1000000.0,1000000.0
,,,,,,46,2026-02-01 02:15:20.857551,RTM1P49,0.85,0.84,0.86,1000000.0,1000000.0
,,,,,,46,2026-02-01 02:15:20.857551,RTM1C50,2.01,2.0,2.02,1000000.0,1000000.0
,,,,,,46,2026-02-01 02:15:20.857551,RTM1P50,1.23,1.22,1.24,1000000.0,1000000.0
,,,,,,46,2026-02-01 02:15:20.857551,RTM1C51,1.49,1.48,1.5,1000000.0,1000000.0
,,,,,,46,2026-02-01 02:15:20.857551,RTM1P51,1.71,1.7,1.72,1000000.0,1000000.0
,,,,,,46,2026-02-01 02:15:20.857551,RTM1C52,1.04,1.03,1.05,1000000.0,1000000.0
,,,,,,46,2026-02-01 02:15:20.857551,RTM1P52,2.26,2.25,2.27,1000000.0,1000000.0
,,,,,,46,2026-02-01 02:15:20.857551,RTM1C53,0.74,0.73,0.75,1000000.0,1000000.0
,,,,,,46,2026-02-01 02:15:20.857551,RTM1P53,2.96,2.95,2.97,1000000.0,1000000.0
,,,,,,46,2026-02-01 02:15:20.857551,RTM1C54,0.48,0.47,0.49,1000000.0,1000000.0
,,,,,,46,2026-02-01 02:15:20.857551,RTM1P54,3.71,3.7,3.72,1000000.0,1000000.0
3.0,1.0,35.0,,News 1,The analysts have informed you that the realized volatility of RTM next week will be between 07% and 12%,47,2026-02-01 02:15:21.919769,RTM,50.9,50.89,50.91,100000000.0,100000000.0
2.0,1.0,1.0,Week 1,Delta limit and penalty,The delta limit for this sub-heat is 6000 and the penalty percentage is 2%,47,2026-02-01 02:15:21.919769,RTM1C45,5.99,5.98,6.0,1000000.0,1000000.0
1.0,1.0,1.0,Week 1,Risk free rate and current annualized volatility of RTM,The current risk free rate is 0%. RTM is an ETF that mimics one of the major indices in the simulated world and its current annualized realized volatility is 27%. This simulation consists of 20 trading days that are each 15 ticks in length.,47,2026-02-01 02:15:21.919769,RTM1P45,0.09,0.08,0.1,1000000.0,1000000.0
,,,,,,47,2026-02-01 02:15:21.919769,RTM1C46,5.07,5.06,5.08,1000000.0,1000000.0
,,,,,,47,2026-02-01 02:15:21.919769,RTM1P46,0.17,0.16,0.18,1000000.0,1000000.0
,,,,,,47,2026-02-01 02:15:21.919769,RTM1C47,4.19,4.18,4.2,1000000.0,1000000.0
,,,,,,47,2026-02-01 02:15:21.919769,RTM1P47,0.29,0.28,0.3,1000000.0,1000000.0
,,,,,,47,2026-02-01 02:15:21.919769,RTM1C48,3.38,3.37,3.39,1000000.0,1000000.0
,,,,,,47,2026-02-01 02:15:21.919769,RTM1P48,0.49,0.48,0.5,1000000.0,1000000.0
,,,,,,47,2026-02-01 02:15:21.919769,RTM1C49,2.65,2.64,2.66,1000000.0,1000000.0
,,,,,,47,2026-02-01 02:15:21.919769,RTM1P49,0.76,0.75,0.77,1000000.0,1000000.0
,,,,,,47,2026-02-01 02:15:21.919769,RTM1C50,2.01,2.0,2.02,1000000.0,1000000.0
,,,,,,47,2026-02-01 02:15:21.919769,RTM1P50,1.11,1.1,1.12,1000000.0,1000000.0
,,,,,,47,2026-02-01 02:15:21.919769,RTM1C51,1.48,1.47,1.49,1000000.0,1000000.0
,,,,,,47,2026-02-01 02:15:21.919769,RTM1P51,1.59,1.58,1.6,1000000.0,1000000.0
,,,,,,47,2026-02-01 02:15:21.919769,RTM1C52,1.07,1.06,1.08,1000000.0,1000000.0
,,,,,,47,2026-02-01 02:15:21.919769,RTM1P52,2.18,2.17,2.19,1000000.0,1000000.0
,,,,,,47,2026-02-01 02:15:21.919769,RTM1C53,0.77,0.76,0.78,1000000.0,1000000.0
,,,,,,47,2026-02-01 02:15:21.919769,RTM1P53,2.88,2.87,2.89,1000000.0,1000000.0
,,,,,,47,2026-02-01 02:15:21.919769,RTM1C54,0.52,0.51,0.53,1000000.0,1000000.0
,,,,,,47,2026-02-01 02:15:21.919769,RTM1P54,3.62,3.61,3.63,1000000.0,1000000.0
3.0,1.0,35.0,,News 1,The analysts have informed you that the realized volatility of RTM next week will be between 07% and 12%,48,2026-02-01 02:15:22.994882,RTM,51.27,51.25,51.27,100000000.0,100000000.0
2.0,1.0,1.0,Week 1,Delta limit and penalty,The delta limit for this sub-heat is 6000 and the penalty percentage is 2%,48,2026-02-01 02:15:22.994882,RTM1C45,6.33,6.32,6.34,1000000.0,1000000.0
1.0,1.0,1.0,Week 1,Risk free rate and current annualized volatility of RTM,The current risk free rate is 0%. RTM is an ETF that mimics one of the major indices in the simulated world and its current annualized realized volatility is 27%. This simulation consists of 20 trading days that are each 15 ticks in length.,48,2026-02-01 02:15:22.994882,RTM1P45,0.07,0.06,0.08,1000000.0,1000000.0
,,,,,,48,2026-02-01 02:15:22.994882,RTM1C46,5.39,5.38,5.4,1000000.0,1000000.0
,,,,,,48,2026-02-01 02:15:22.994882,RTM1P46,0.12,0.11,0.13,1000000.0,1000000.0
,,,,,,48,2026-02-01 02:15:22.994882,RTM1C47,4.5,4.49,4.51,1000000.0,1000000.0
,,,,,,48,2026-02-01 02:15:22.994882,RTM1P47,0.24,0.23,0.25,1000000.0,1000000.0
,,,,,,48,2026-02-01 02:15:22.994882,RTM1C48,3.66,3.65,3.67,1000000.0,1000000.0
,,,,,,48,2026-02-01 02:15:22.994882,RTM1P48,0.4,0.39,0.41,1000000.0,1000000.0
,,,,,,48,2026-02-01 02:15:22.994882,RTM1C49,2.91,2.9,2.92,1000000.0,1000000.0
,,,,,,48,2026-02-01 02:15:22.994882,RTM1P49,0.65,0.64,0.66,1000000.0,1000000.0
,,,,,,48,2026-02-01 02:15:22.994882,RTM1C50,2.29,2.28,2.3,1000000.0,1000000.0
,,,,,,48,2026-02-01 02:15:22.994882,RTM1P50,1.02,1.01,1.03,1000000.0,1000000.0
,,,,,,48,2026-02-01 02:15:22.994882,RTM1C51,1.7,1.69,1.71,1000000.0,1000000.0
,,,,,,48,2026-02-01 02:15:22.994882,RTM1P51,1.44,1.43,1.45,1000000.0,1000000.0
,,,,,,48,2026-02-01 02:15:22.994882,RTM1C52,1.23,1.22,1.24,1000000.0,1000000.0
,,,,,,48,2026-02-01 02:15:22.994882,RTM1P52,1.97,1.96,1.98,1000000.0,1000000.0
,,,,,,48,2026-02-01 02:15:22.994882,RTM1C53,0.89,0.88,0.9,1000000.0,1000000.0
,,,,,,48,2026-02-01 02:15:22.994882,RTM1P53,2.62,2.61,2.63,1000000.0,1000000.0
,,,,,,48,2026-02-01 02:15:22.994882,RTM1C54,0.59,0.58,0.6,1000000.0,1000000.0
,,,,,,48,2026-02-01 02:15:22.994882,RTM1P54,3.33,3.32,3.34,1000000.0,1000000.0
3.0,1.0,35.0,,News 1,The analysts have informed you that the realized volatility of RTM next week will be between 07% and 12%,49,2026-02-01 02:15:24.043286,RTM,51.36,51.35,51.37,100000000.0,100000000.0
2.0,1.0,1.0,Week 1,Delta limit and penalty,The delta limit for this sub-heat is 6000 and the penalty percentage is 2%,49,2026-02-01 02:15:24.043286,RTM1C45,6.42,6.41,6.43,1000000.0,1000000.0
1.0,1.0,1.0,Week 1,Risk free rate and current annualized volatility of RTM,The current risk free rate is 0%. RTM is an ETF that mimics one of the major indices in the simulated world and its current annualized realized volatility is 27%. This simulation consists of 20 trading days that are each 15 ticks in length.,49,2026-02-01 02:15:24.043286,RTM1P45,0.06,0.05,0.07,1000000.0,1000000.0
,,,,,,49,2026-02-01 02:15:24.043286,RTM1C46,5.48,5.47,5.49,1000000.0,1000000.0
,,,,,,49,2026-02-01 02:15:24.043286,RTM1P46,0.12,0.11,0.13,1000000.0,1000000.0
,,,,,,49,2026-02-01 02:15:24.043286,RTM1C47,4.58,4.57,4.59,1000000.0,1000000.0
,,,,,,49,2026-02-01 02:15:24.043286,RTM1P47,0.21,0.2,0.22,1000000.0,1000000.0
,,,,,,49,2026-02-01 02:15:24.043286,RTM1C48,3.76,3.75,3.77,1000000.0,1000000.0
,,,,,,49,2026-02-01 02:15:24.043286,RTM1P48,0.4,0.39,0.41,1000000.0,1000000.0
,,,,,,49,2026-02-01 02:15:24.043286,RTM1C49,3.01,3.0,3.02,1000000.0,1000000.0
,,,,,,49,2026-02-01 02:15:24.043286,RTM1P49,0.64,0.63,0.65,1000000.0,1000000.0
,,,,,,49,2026-02-01 02:15:24.043286,RTM1C50,2.33,2.32,2.34,1000000.0,1000000.0
,,,,,,49,2026-02-01 02:15:24.043286,RTM1P50,0.96,0.95,0.97,1000000.0,1000000.0
,,,,,,49,2026-02-01 02:15:24.043286,RTM1C51,1.76,1.75,1.77,1000000.0,1000000.0
,,,,,,49,2026-02-01 02:15:24.043286,RTM1P51,1.39,1.38,1.4,1000000.0,1000000.0
,,,,,,49,2026-02-01 02:15:24.043286,RTM1C52,1.28,1.27,1.29,1000000.0,1000000.0
,,,,,,49,2026-02-01 02:15:24.043286,RTM1P52,1.91,1.9,1.92,1000000.0,1000000.0
,,,,,,49,2026-02-01 02:15:24.043286,RTM1C53,0.88,0.87,0.89,1000000.0,1000000.0
,,,,,,49,2026-02-01 02:15:24.043286,RTM1P53,2.52,2.51,2.53,1000000.0,1000000.0
,,,,,,49,2026-02-01 02:15:24.043286,RTM1C54,0.61,0.6,0.62,1000000.0,1000000.0
,,,,,,49,2026-02-01 02:15:24.043286,RTM1P54,3.25,3.24,3.26,1000000.0,1000000.0
3.0,1.0,35.0,,News 1,The analysts have informed you that the realized volatility of RTM next week will be between 07% and 12%,50,2026-02-01 02:15:25.113490,RTM,51.03,51.02,51.04,100000000.0,100000000.0
2.0,1.0,1.0,Week 1,Delta limit and penalty,The delta limit for this sub-heat is 6000 and the penalty percentage is 2%,50,2026-02-01 02:15:25.113490,RTM1C45,6.11,6.1,6.12,1000000.0,1000000.0
1.0,1.0,1.0,Week 1,Risk free rate and current annualized volatility of RTM,The current risk free rate is 0%. RTM is an ETF that mimics one of the major indices in the simulated world and its current annualized realized volatility is 27%. This simulation consists of 20 trading days that are each 15 ticks in length.,50,2026-02-01 02:15:25.113490,RTM1P45,0.08,0.07,0.09,1000000.0,1000000.0
,,,,,,50,2026-02-01 02:15:25.113490,RTM1C46,5.18,5.17,5.19,1000000.0,1000000.0
,,,,,,50,2026-02-01 02:15:25.113490,RTM1P46,0.15,0.14,0.16,1000000.0,1000000.0
,,,,,,50,2026-02-01 02:15:25.113490,RTM1C47,4.3,4.29,4.31,1000000.0,1000000.0
,,,,,,50,2026-02-01 02:15:25.113490,RTM1P47,0.27,0.26,0.28,1000000.0,1000000.0
,,,,,,50,2026-02-01 02:15:25.113490,RTM1C48,3.47,3.46,3.48,1000000.0,1000000.0
,,,,,,50,2026-02-01 02:15:25.113490,RTM1P48,0.44,0.43,0.45,1000000.0,1000000.0
,,,,,,50,2026-02-01 02:15:25.113490,RTM1C49,2.75,2.74,2.76,1000000.0,1000000.0
,,,,,,50,2026-02-01 02:15:25.113490,RTM1P49,0.72,0.71,0.73,1000000.0,1000000.0
,,,,,,50,2026-02-01 02:15:25.113490,RTM1C50,2.1,2.09,2.11,1000000.0,1000000.0
,,,,,,50,2026-02-01 02:15:25.113490,RTM1P50,1.07,1.06,1.08,1000000.0,1000000.0
,,,,,,50,2026-02-01 02:15:25.113490,RTM1C51,1.63,1.62,1.64,1000000.0,1000000.0
,,,,,,50,2026-02-01 02:15:25.113490,RTM1P51,1.6,1.59,1.61,1000000.0,1000000.0
,,,,,,50,2026-02-01 02:15:25.113490,RTM1C52,1.14,1.13,1.15,1000000.0,1000000.0
,,,,,,50,2026-02-01 02:15:25.113490,RTM1P52,2.11,2.1,2.12,1000000.0,1000000.0
,,,,,,50,2026-02-01 02:15:25.113490,RTM1C53,0.77,0.76,0.78,1000000.0,1000000.0
,,,,,,50,2026-02-01 02:15:25.113490,RTM1P53,2.74,2.73,2.75,1000000.0,1000000.0
,,,,,,50,2026-02-01 02:15:25.113490,RTM1C54,0.54,0.53,0.55,1000000.0,1000000.0
,,,,,,50,2026-02-01 02:15:25.113490,RTM1P54,3.51,3.5,3.52,1000000.0,1000000.0
3.0,1.0,35.0,,News 1,The analysts have informed you that the realized volatility of RTM next week will be between 07% and 12%,51,2026-02-01 02:15:26.162843,RTM,51.2,51.19,51.21,100000000.0,100000000.0
2.0,1.0,1.0,Week 1,Delta limit and penalty,The delta limit for this sub-heat is 6000 and the penalty percentage is 2%,51,2026-02-01 02:15:26.162843,RTM1C45,6.27,6.26,6.28,1000000.0,1000000.0
