ticker,last_price,bid_price,ask_price,BUY_ANON,SELL_ANON,BUY_WRSW-1,BUY_UEBR-1,BUY_CHUL-1,BUY_BRCH-1,BUY_LAVL-1,SELL_CALG-1,SELL_GIOT-3,SELL_CHUL-4,SELL_LAVL-1,BUY_GIOT-3,BUY_CHUL-4,SELL_UEBR-1,SELL_WRSW-1,BUY_WRSW-3,SELL_CHUL-3,SELL_WRSW-3,SELL_COLA-1,BUY_CALG-1,BUY_COLA-1,SELL_BRCH-1,SELL_ZUAI-3,BUY_WRSW-4,SELL_LUIS-1,SELL_WRSW-4,BUY_ZUAI-3,BUY_CHUL-3,SELL_CHUL-1,BUY_LUIS-1,tick,timestamp,news_news_id,news_period,news_tick,news_ticker,news_headline,news_body
SPNG,25.19,25.35,25.43,2379400.0,2317700.0,0,0,0,0,0,0,0,0,0,0,0,0,0,0,0,0,0,0,0,0,0,0,0,0,0,0,0,0,1,2026-02-06 14:00:39.580367,2.0,1.0,1.0,,Aggregate Position Limit,Your CRO has set the aggregate position limit to 9000 shares for this week.
SMMR,0.0,24.98,25.01,2241600.0,2034500.0,0,0,0,0,0,0,0,0,0,0,0,0,0,0,0,0,0,0,0,0,0,0,0,0,0,0,0,0,1,2026-02-06 14:00:39.580367,1.0,1.0,1.0,,Welcome to the RITC 2026 Alogithmic Market Making Case - practice server,
ATMN,24.78,24.78,25.09,2341400.0,2338700.0,0,0,0,0,0,0,0,0,0,0,0,0,0,0,0,0,0,0,0,0,0,0,0,0,0,0,0,0,1,2026-02-06 14:00:39.580367,,,,,,
WNTR,24.88,24.88,25.03,2101400.0,2051400.0,0,0,0,0,0,0,0,0,0,0,0,0,0,0,0,0,0,0,0,0,0,0,0,0,0,0,0,0,1,2026-02-06 14:00:39.580367,,,,,,
SPNG,24.92,24.92,24.97,2405400.0,2315500.0,0,0,0,0,0,0,0,0,0,0,0,0,0,0,0,0,0,0,0,0,0,0,0,0,0,0,0,0,2,2026-02-06 14:00:40.231085
SMMR,0.0,24.98,25.01,2241600.0,2147500.0,0,0,0,0,0,0,0,0,0,0,0,0,0,0,0,0,0,0,0,0,0,0,0,0,0,0,0,0,2,2026-02-06 14:00:40.231085
ATMN,24.78,24.96,25.09,2345500.0,2338700.0,0,0,0,0,0,0,0,0,0,0,0,0,0,0,0,0,0,0,0,0,0,0,0,0,0,0,0,0,2,2026-02-06 14:00:40.231085
WNTR,25.07,24.88,25.07,2101400.0,2041100.0,0,0,0,0,0,0,0,0,0,0,0,0,0,0,0,0,0,0,0,0,0,0,0,0,0,0,0,0,2,2026-02-06 14:00:40.231085
SPNG,24.97,25.06,25.43,2422600.0,2319900.0,0,0,0,0,0,0,0,0,0,0,0,0,0,0,0,0,0,0,0,0,0,0,0,0,0,0,0,0,3,2026-02-06 14:00:41.325074
SMMR,25.01,25.01,25.09,2262000.0,2023200.0,0,0,0,0,0,0,0,0,0,0,0,0,0,0,0,0,0,0,0,0,0,0,0,0,0,0,0,0,3,2026-02-06 14:00:41.325074
ATMN,24.78,24.96,25.09,2345300.0,2442300.0,0,0,0,0,0,0,0,0,0,0,0,0,0,0,0,0,0,0,0,0,0,0,0,0,0,0,0,0,3,2026-02-06 14:00:41.325074
WNTR,25.09,25.02,25.09,2075300.0,2057700.0,0,0,0,0,0,0,0,0,0,0,0,0,0,0,0,0,0,0,0,0,0,0,0,0,0,0,0,0,3,2026-02-06 14:00:41.325074
SPNG,24.92,24.92,25.37,2421200.0,2295900.0,0,0,0,0,0,0,0,0,0,0,0,0,0,0,0,0,0,0,0,0,0,0,0,0,0,0,0,0,4,2026-02-06 14:00:42.406140
SMMR,25.01,25.01,25.09,2268700.0,2131800.0,0,0,0,0,0,0,0,0,0,0,0,0,0,0,0,0,0,0,0,0,0,0,0,0,0,0,0,0,4,2026-02-06 14:00:42.406140
ATMN,25.22,25.0,25.22,2383600.0,2450300.0,0,0,0,0,0,0,0,0,0,0,0,0,0,0,0,0,0,0,0,0,0,0,0,0,0,0,0,0,4,2026-02-06 14:00:42.406140
WNTR,24.88,24.88,25.09,2101400.0,2061600.0,0,0,0,0,0,0,0,0,0,0,0,0,0,0,0,0,0,0,0,0,0,0,0,0,0,0,0,0,4,2026-02-06 14:00:42.406140
SPNG,25.37,24.73,25.37,2420500.0,2295900.0,0,0,0,0,0,0,0,0,0,0,0,0,0,0,0,0,0,0,0,0,0,0,0,0,0,0,0,0,5,2026-02-06 14:00:43.459457
SMMR,24.96,25.01,25.09,2233300.0,2240900.0,0,0,0,0,0,0,0,0,0,0,0,0,0,0,0,0,0,0,0,0,0,0,0,0,0,0,0,0,5,2026-02-06 14:00:43.459457
ATMN,24.79,24.79,25.22,2334900.0,2420800.0,0,0,0,0,0,0,0,0,0,0,0,0,0,0,0,0,0,0,0,0,0,0,0,0,0,0,0,0,5,2026-02-06 14:00:43.459457
WNTR,24.88,24.88,25.09,1989600.0,2085200.0,0,0,0,0,0,0,0,0,0,0,0,0,0,0,0,0,0,0,0,0,0,0,0,0,0,0,0,0,5,2026-02-06 14:00:43.459457
SPNG,25.37,24.94,25.37,2396800.0,2264800.0,0,0,0,0,0,0,0,0,0,0,0,0,0,0,0,0,0,0,0,0,0,0,0,0,0,0,0,0,6,2026-02-06 14:00:44.502078
SMMR,25.09,25.01,25.09,2217800.0,2257500.0,0,0,0,0,0,0,0,0,0,0,0,0,0,0,0,0,0,0,0,0,0,0,0,0,0,0,0,0,6,2026-02-06 14:00:44.502078
ATMN,25.28,25.12,25.28,2326300.0,2418100.0,0,0,0,0,0,0,0,0,0,0,0,0,0,0,0,0,0,0,0,0,0,0,0,0,0,0,0,0,6,2026-02-06 14:00:44.502078
WNTR,25.1,25.01,25.1,2077700.0,2075200.0,0,0,0,0,0,0,0,0,0,0,0,0,0,0,0,0,0,0,0,0,0,0,0,0,0,0,0,0,6,2026-02-06 14:00:44.502078
SPNG,25.37,24.94,25.21,2396800.0,2261200.0,0,0,0,0,0,0,0,0,0,0,0,0,0,0,0,0,0,0,0,0,0,0,0,0,0,0,0,0,7,2026-02-06 14:00:45.043869
SMMR,25.09,25.01,25.07,2217800.0,2275600.0,0,0,0,0,0,0,0,0,0,0,0,0,0,0,0,0,0,0,0,0,0,0,0,0,0,0,0,0,7,2026-02-06 14:00:45.043869
ATMN,25.12,24.79,24.9,2334900.0,2446600.0,0,0,0,0,0,0,0,0,0,0,0,0,0,0,0,0,0,0,0,0,0,0,0,0,0,0,0,0,7,2026-02-06 14:00:45.043869
WNTR,25.1,25.01,25.1,2077700.0,2075200.0,0,0,0,0,0,0,0,0,0,0,0,0,0,0,0,0,0,0,0,0,0,0,0,0,0,0,0,0,7,2026-02-06 14:00:45.043869
SPNG,25.21,24.94,25.21,2431200.0,2223500.0,0,0,0,0,0,0,0,0,0,0,0,0,0,0,0,0,0,0,0,0,0,0,0,0,0,0,0,0,8,2026-02-06 14:00:46.135482
SMMR,25.06,25.01,25.06,2216900.0,2271200.0,0,0,0,0,0,0,0,0,0,0,0,0,0,0,0,0,0,0,0,0,0,0,0,0,0,0,0,0,8,2026-02-06 14:00:46.135482
ATMN,25.27,24.86,25.27,2368100.0,2442000.0,0,0,0,0,0,0,0,0,0,0,0,0,0,0,0,0,0,0,0,0,0,0,0,0,0,0,0,0,8,2026-02-06 14:00:46.135482
WNTR,24.98,24.88,24.98,1989600.0,2102700.0,0,0,0,0,0,0,0,0,0,0,0,0,0,0,0,0,0,0,0,0,0,0,0,0,0,0,0,0,8,2026-02-06 14:00:46.135482
SPNG,25.24,24.94,25.16,2431200.0,2195000.0,0,0,0,0,0,0,0,0,0,0,0,0,0,0,0,0,0,0,0,0,0,0,0,0,0,0,0,0,9,2026-02-06 14:00:47.213939
SMMR,24.92,24.92,25.06,2235300.0,2284200.0,0,0,0,0,0,0,0,0,0,0,0,0,0,0,0,0,0,0,0,0,0,0,0,0,0,0,0,0,9,2026-02-06 14:00:47.213939
ATMN,25.27,24.86,25.27,2376700.0,2428900.0,0,0,0,0,0,0,0,0,0,0,0,0,0,0,0,0,0,0,0,0,0,0,0,0,0,0,0,0,9,2026-02-06 14:00:47.213939
WNTR,24.88,24.88,25.1,2094200.0,2097700.0,0,0,0,0,0,0,0,0,0,0,0,0,0,0,0,0,0,0,0,0,0,0,0,0,0,0,0,0,9,2026-02-06 14:00:47.213939
SPNG,24.75,24.75,25.16,2459500.0,2184900.0,0,0,0,0,0,0,0,0,0,0,0,0,0,0,0,0,0,0,0,0,0,0,0,0,0,0,0,0,10,2026-02-06 14:00:48.312272
SMMR,25.1,24.92,25.1,2239000.0,2284000.0,0,0,0,0,0,0,0,0,0,0,0,0,0,0,0,0,0,0,0,0,0,0,0,0,0,0,0,0,10,2026-02-06 14:00:48.312272
ATMN,25.27,24.86,25.09,2376700.0,2463200.0,0,0,0,0,0,0,0,0,0,0,0,0,0,0,0,0,0,0,0,0,0,0,0,0,0,0,0,0,10,2026-02-06 14:00:48.312272
WNTR,25.06,25.06,25.1,2096000.0,2097700.0,0,0,0,0,0,0,0,0,0,0,0,0,0,0,0,0,0,0,0,0,0,0,0,0,0,0,0,0,10,2026-02-06 14:00:48.312272
SPNG,24.73,24.73,24.84,2425100.0,2187100.0,0,0,0,0,0,0,0,0,0,0,0,0,0,0,0,0,0,0,0,0,0,0,0,0,0,0,0,0,11,2026-02-06 14:00:49.504523
SMMR,24.92,24.92,25.02,2246000.0,2259100.0,0,0,0,0,0,0,0,0,0,0,0,0,0,0,0,0,0,0,0,0,0,0,0,0,0,0,0,0,11,2026-02-06 14:00:49.504523
ATMN,25.09,24.86,25.09,2376700.0,2464000.0,0,0,0,0,0,0,0,0,0,0,0,0,0,0,0,0,0,0,0,0,0,0,0,0,0,0,0,0,11,2026-02-06 14:00:49.504523
WNTR,24.81,24.81,25.1,1785800.0,2097700.0,0,0,0,0,0,0,0,0,0,0,0,0,0,0,0,0,0,0,0,0,0,0,0,0,0,0,0,0,11,2026-02-06 14:00:49.504523
SPNG,24.84,24.73,24.84,2474200.0,2187100.0,0,0,0,0,0,0,0,0,0,0,0,0,0,0,0,0,0,0,0,0,0,0,0,0,0,0,0,0,12,2026-02-06 14:00:50.565648
SMMR,24.82,24.88,25.02,2266200.0,2228900.0,0,0,0,0,0,0,0,0,0,0,0,0,0,0,0,0,0,0,0,0,0,0,0,0,0,0,0,0,12,2026-02-06 14:00:50.565648
ATMN,24.8,24.8,24.95,2367800.0,2460000.0,0,0,0,0,0,0,0,0,0,0,0,0,0,0,0,0,0,0,0,0,0,0,0,0,0,0,0,0,12,2026-02-06 14:00:50.565648
WNTR,25.15,24.81,25.02,1785800.0,2071100.0,0,0,0,0,0,0,0,0,0,0,0,0,0,0,0,0,0,0,0,0,0,0,0,0,0,0,0,0,12,2026-02-06 14:00:50.565648
SPNG,24.84,24.73,24.84,2454900.0,2187100.0,0,0,0,0,0,0,0,0,0,0,0,0,0,0,0,0,0,0,0,0,0,0,0,0,0,0,0,0,13,2026-02-06 14:00:51.121731
SMMR,25.08,24.88,24.96,2266200.0,2253300.0,0,0,0,0,0,0,0,0,0,0,0,0,0,0,0,0,0,0,0,0,0,0,0,0,0,0,0,0,13,2026-02-06 14:00:51.121731
ATMN,24.8,24.8,24.95,2360100.0,2460000.0,0,0,0,0,0,0,0,0,0,0,0,0,0,0,0,0,0,0,0,0,0,0,0,0,0,0,0,0,13,2026-02-06 14:00:51.121731
WNTR,25.02,24.81,25.02,1785800.0,2071100.0,0,0,0,0,0,0,0,0,0,0,0,0,0,0,0,0,0,0,0,0,0,0,0,0,0,0,0,0,13,2026-02-06 14:00:51.121731
SPNG,24.67,24.67,25.21,2428700.0,2168900.0,0,0,0,0,0,0,0,0,0,0,0,0,0,0,0,0,0,0,0,0,0,0,0,0,0,0,0,0,14,2026-02-06 14:00:52.164727
SMMR,25.12,24.88,25.12,2266200.0,2285300.0,0,0,0,0,0,0,0,0,0,0,0,0,0,0,0,0,0,0,0,0,0,0,0,0,0,0,0,0,14,2026-02-06 14:00:52.164727
ATMN,25.23,24.8,25.23,2360100.0,2448600.0,0,0,0,0,0,0,0,0,0,0,0,0,0,0,0,0,0,0,0,0,0,0,0,0,0,0,0,0,14,2026-02-06 14:00:52.164727
WNTR,25.02,24.9,24.92,2012400.0,2087700.0,0,0,0,0,0,0,0,0,0,0,0,0,0,0,0,0,0,0,0,0,0,0,0,0,0,0,0,0,14,2026-02-06 14:00:52.164727
SPNG,25.02,25.07,25.32,2395000.0,2167900.0,0,0,0,0,0,0,0,0,0,0,0,0,0,0,0,0,0,0,0,0,0,0,0,0,0,0,0,0,15,2026-02-06 14:00:53.200980
SMMR,24.88,24.88,25.12,2259200.0,2306800.0,0,0,0,0,0,0,0,0,0,0,0,0,0,0,0,0,0,0,0,0,0,0,0,0,0,0,0,0,15,2026-02-06 14:00:53.200980
ATMN,24.79,25.1,25.23,2360500.0,2444500.0,0,0,0,0,0,0,0,0,0,0,0,0,0,0,0,0,0,0,0,0,0,0,0,0,0,0,0,0,15,2026-02-06 14:00:53.200980
WNTR,25.15,24.88,25.15,1915300.0,2072400.0,0,0,0,0,0,0,0,0,0,0,0,0,0,0,0,0,0,0,0,0,0,0,0,0,0,0,0,0,15,2026-02-06 14:00:53.200980
SPNG,25.07,24.67,25.02,2417100.0,2170700.0,0,0,0,0,0,0,0,0,0,0,0,0,0,0,0,0,0,0,0,0,0,0,0,0,0,0,0,0,16,2026-02-06 14:00:54.246754
SMMR,24.81,24.81,25.01,2273800.0,2334600.0,0,0,0,0,0,0,0,0,0,0,0,0,0,0,0,0,0,0,0,0,0,0,0,0,0,0,0,0,16,2026-02-06 14:00:54.246754
ATMN,24.78,24.78,25.23,2342600.0,2451000.0,0,0,0,0,0,0,0,0,0,0,0,0,0,0,0,0,0,0,0,0,0,0,0,0,0,0,0,0,16,2026-02-06 14:00:54.246754
WNTR,24.92,24.88,24.92,2036800.0,2088200.0,0,0,0,0,0,0,0,0,0,0,0,0,0,0,0,0,0,0,0,0,0,0,0,0,0,0,0,0,16,2026-02-06 14:00:54.246754
SPNG,25.07,24.86,25.02,2403500.0,2170700.0,0,0,0,0,0,0,0,0,0,0,0,0,0,0,0,0,0,0,0,0,0,0,0,0,0,0,0,0,17,2026-02-06 14:00:55.300576
SMMR,25.01,25.04,25.1,2283400.0,2281500.0,0,0,0,0,0,0,0,0,0,0,0,0,0,0,0,0,0,0,0,0,0,0,0,0,0,0,0,0,17,2026-02-06 14:00:55.300576
ATMN,25.24,24.78,25.05,2362400.0,2439100.0,0,0,0,0,0,0,0,0,0,0,0,0,0,0,0,0,0,0,0,0,0,0,0,0,0,0,0,0,17,2026-02-06 14:00:55.300576
WNTR,24.81,24.81,24.92,1808600.0,2085800.0,0,0,0,0,0,0,0,0,0,0,0,0,0,0,0,0,0,0,0,0,0,0,0,0,0,0,0,0,17,2026-02-06 14:00:55.300576
SPNG,24.86,24.86,25.0,2407400.0,2194600.0,0,0,0,0,0,0,0,0,0,0,0,0,0,0,0,0,0,0,0,0,0,0,0,0,0,0,0,0,18,2026-02-06 14:00:56.387084
SMMR,24.84,24.84,24.91,2289000.0,2307100.0,0,0,0,0,0,0,0,0,0,0,0,0,0,0,0,0,0,0,0,0,0,0,0,0,0,0,0,0,18,2026-02-06 14:00:56.387084
ATMN,25.18,24.78,25.11,2362400.0,2416900.0,0,0,0,0,0,0,0,0,0,0,0,0,0,0,0,0,0,0,0,0,0,0,0,0,0,0,0,0,18,2026-02-06 14:00:56.387084
WNTR,24.81,24.81,24.82,2003500.0,2066300.0,0,0,0,0,0,0,0,0,0,0,0,0,0,0,0,0,0,0,0,0,0,0,0,0,0,0,0,0,18,2026-02-06 14:00:56.387084
SPNG,24.73,24.73,25.0,2406500.0,2194600.0,0,0,0,0,0,0,0,0,0,0,0,0,0,0,0,0,0,0,0,0,0,0,0,0,0,0,0,0,19,2026-02-06 14:00:57.493433
SMMR,24.84,24.84,24.91,2290000.0,2307100.0,0,0,0,0,0,0,0,0,0,0,0,0,0,0,0,0,0,0,0,0,0,0,0,0,0,0,0,0,19,2026-02-06 14:00:57.493433
ATMN,24.72,24.72,25.27,2319500.0,2393200.0,0,0,0,0,0,0,0,0,0,0,0,0,0,0,0,0,0,0,0,0,0,0,0,0,0,0,0,0,19,2026-02-06 14:00:57.493433
WNTR,24.93,24.77,24.86,1882000.0,2084500.0,0,0,0,0,0,0,0,0,0,0,0,0,0,0,0,0,0,0,0,0,0,0,0,0,0,0,0,0,19,2026-02-06 14:00:57.493433
SPNG,25.15,24.73,25.15,2390200.0,2175000.0,0,0,0,0,0,0,0,0,0,0,0,0,0,0,0,0,0,0,0,0,0,0,0,0,0,0,0,0,20,2026-02-06 14:00:58.558157
SMMR,24.84,24.87,24.91,2285000.0,2305600.0,0,0,0,0,0,0,0,0,0,0,0,0,0,0,0,0,0,0,0,0,0,0,0,0,0,0,0,0,20,2026-02-06 14:00:58.558157
ATMN,25.27,24.72,25.04,2319500.0,2367500.0,0,0,0,0,0,0,0,0,0,0,0,0,0,0,0,0,0,0,0,0,0,0,0,0,0,0,0,0,20,2026-02-06 14:00:58.558157
WNTR,24.77,24.77,24.96,1882000.0,2070900.0,0,0,0,0,0,0,0,0,0,0,0,0,0,0,0,0,0,0,0,0,0,0,0,0,0,0,0,0,20,2026-02-06 14:00:58.558157
SPNG,25.15,24.84,24.87,2393500.0,2202300.0,0,0,0,0,0,0,0,0,0,0,0,0,0,0,0,0,0,0,0,0,0,0,0,0,0,0,0,0,21,2026-02-06 14:00:59.612005
SMMR,25.0,24.87,25.0,2277600.0,2270600.0,0,0,0,0,0,0,0,0,0,0,0,0,0,0,0,0,0,0,0,0,0,0,0,0,0,0,0,0,21,2026-02-06 14:00:59.612005
ATMN,24.72,24.72,25.27,2387900.0,2398000.0,0,0,0,0,0,0,0,0,0,0,0,0,0,0,0,0,0,0,0,0,0,0,0,0,0,0,0,0,21,2026-02-06 14:00:59.612005
WNTR,24.77,24.77,24.96,1995400.0,2087200.0,0,0,0,0,0,0,0,0,0,0,0,0,0,0,0,0,0,0,0,0,0,0,0,0,0,0,0,0,21,2026-02-06 14:00:59.612005
SPNG,24.87,24.84,24.87,2419200.0,2202300.0,0,0,0,0,0,0,0,0,0,0,0,0,0,0,0,0,0,0,0,0,0,0,0,0,0,0,0,0,22,2026-02-06 14:01:00.301873
SMMR,24.87,24.87,25.0,2267300.0,2270600.0,0,0,0,0,0,0,0,0,0,0,0,0,0,0,0,0,0,0,0,0,0,0,0,0,0,0,0,0,22,2026-02-06 14:01:00.301873
ATMN,24.72,24.72,24.97,2387900.0,2370700.0,0,0,0,0,0,0,0,0,0,0,0,0,0,0,0,0,0,0,0,0,0,0,0,0,0,0,0,0,22,2026-02-06 14:01:00.301873
WNTR,25.0,24.77,25.0,2115500.0,2117100.0,0,0,0,0,0,0,0,0,0,0,0,0,0,0,0,0,0,0,0,0,0,0,0,0,0,0,0,0,22,2026-02-06 14:01:00.301873
SPNG,24.72,24.72,25.15,2430100.0,2185200.0,0,0,0,0,0,0,0,0,0,0,0,0,0,0,0,0,0,0,0,0,0,0,0,0,0,0,0,0,23,2026-02-06 14:01:01.382416
SMMR,24.94,24.94,25.1,2277600.0,2272100.0,0,0,0,0,0,0,0,0,0,0,0,0,0,0,0,0,0,0,0,0,0,0,0,0,0,0,0,0,23,2026-02-06 14:01:01.382416
ATMN,24.97,24.89,24.97,2387500.0,2390600.0,0,0,0,0,0,0,0,0,0,0,0,0,0,0,0,0,0,0,0,0,0,0,0,0,0,0,0,0,23,2026-02-06 14:01:01.382416
WNTR,25.06,24.77,25.06,2126000.0,2090800.0,0,0,0,0,0,0,0,0,0,0,0,0,0,0,0,0,0,0,0,0,0,0,0,0,0,0,0,0,23,2026-02-06 14:01:01.382416
SPNG,24.73,24.85,25.15,2453300.0,2185200.0,0,0,0,0,0,0,0,0,0,0,0,0,0,0,0,0,0,0,0,0,0,0,0,0,0,0,0,0,24,2026-02-06 14:01:02.437560
SMMR,24.94,24.94,25.12,2263300.0,2274100.0,0,0,0,0,0,0,0,0,0,0,0,0,0,0,0,0,0,0,0,0,0,0,0,0,0,0,0,0,24,2026-02-06 14:01:02.437560
ATMN,24.97,25.18,25.27,2408500.0,2372500.0,0,0,0,0,0,0,0,0,0,0,0,0,0,0,0,0,0,0,0,0,0,0,0,0,0,0,0,0,24,2026-02-06 14:01:02.437560
WNTR,24.76,24.85,25.06,2119500.0,2090800.0,0,0,0,0,0,0,0,0,0,0,0,0,0,0,0,0,0,0,0,0,0,0,0,0,0,0,0,0,24,2026-02-06 14:01:02.437560
SPNG,24.93,24.85,24.93,2423200.0,2204900.0,0,0,0,0,0,0,0,0,0,0,0,0,0,0,0,0,0,0,0,0,0,0,0,0,0,0,0,0,25,2026-02-06 14:01:03.526689
SMMR,24.87,24.87,25.12,2267300.0,2274100.0,0,0,0,0,0,0,0,0,0,0,0,0,0,0,0,0,0,0,0,0,0,0,0,0,0,0,0,0,25,2026-02-06 14:01:03.526689
ATMN,24.97,25.18,25.26,2408500.0,2420000.0,0,0,0,0,0,0,0,0,0,0,0,0,0,0,0,0,0,0,0,0,0,0,0,0,0,0,0,0,25,2026-02-06 14:01:03.526689
WNTR,24.76,24.76,24.8,2119300.0,2066400.0,0,0,0,0,0,0,0,0,0,0,0,0,0,0,0,0,0,0,0,0,0,0,0,0,0,0,0,0,25,2026-02-06 14:01:03.526689
SPNG,24.93,24.95,25.15,2399100.0,2185200.0,0,0,0,0,0,0,0,0,0,0,0,0,0,0,0,0,0,0,0,0,0,0,0,0,0,0,0,0,26,2026-02-06 14:01:04.569912
SMMR,24.78,24.78,25.12,2262800.0,2274100.0,0,0,0,0,0,0,0,0,0,0,0,0,0,0,0,0,0,0,0,0,0,0,0,0,0,0,0,0,26,2026-02-06 14:01:04.569912
ATMN,25.18,25.18,25.26,2408500.0,2432600.0,0,0,0,0,0,0,0,0,0,0,0,0,0,0,0,0,0,0,0,0,0,0,0,0,0,0,0,0,26,2026-02-06 14:01:04.569912
WNTR,24.73,24.73,24.84,2118500.0,2067500.0,0,0,0,0,0,0,0,0,0,0,0,0,0,0,0,0,0,0,0,0,0,0,0,0,0,0,0,0,26,2026-02-06 14:01:04.569912
SPNG,24.76,24.76,25.22,2422300.0,2171500.0,0,0,0,0,0,0,0,0,0,0,0,0,0,0,0,0,0,0,0,0,0,0,0,0,0,0,0,0,27,2026-02-06 14:01:05.623700
SMMR,24.78,24.78,25.07,2264100.0,2283500.0,0,0,0,0,0,0,0,0,0,0,0,0,0,0,0,0,0,0,0,0,0,0,0,0,0,0,0,0,27,2026-02-06 14:01:05.623700
ATMN,25.18,24.72,25.01,2392200.0,2413500.0,0,0,0,0,0,0,0,0,0,0,0,0,0,0,0,0,0,0,0,0,0,0,0,0,0,0,0,0,27,2026-02-06 14:01:05.623700
WNTR,24.73,24.73,24.89,2140900.0,2088200.0,0,0,0,0,0,0,0,0,0,0,0,0,0,0,0,0,0,0,0,0,0,0,0,0,0,0,0,0,27,2026-02-06 14:01:05.623700
SPNG,24.7,24.7,25.22,2434000.0,2173600.0,0,0,0,0,0,0,0,0,0,0,0,0,0,0,0,0,0,0,0,0,0,0,0,0,0,0,0,0,28,2026-02-06 14:01:06.288167
SMMR,24.96,24.96,25.07,2272700.0,2287900.0,0,0,0,0,0,0,0,0,0,0,0,0,0,0,0,0,0,0,0,0,0,0,0,0,0,0,0,0,28,2026-02-06 14:01:06.288167
ATMN,25.19,24.72,25.19,2371100.0,2412400.0,0,0,0,0,0,0,0,0,0,0,0,0,0,0,0,0,0,0,0,0,0,0,0,0,0,0,0,0,28,2026-02-06 14:01:06.288167
WNTR,24.73,24.73,24.89,2112100.0,2076200.0,0,0,0,0,0,0,0,0,0,0,0,0,0,0,0,0,0,0,0,0,0,0,0,0,0,0,0,0,28,2026-02-06 14:01:06.288167
SPNG,25.33,24.67,25.33,2391600.0,2190400.0,0,0,0,0,0,0,0,0,0,0,0,0,0,0,0,0,0,0,0,0,0,0,0,0,0,0,0,0,29,2026-02-06 14:01:07.384804
SMMR,25.07,24.96,25.07,2272700.0,2299400.0,0,0,0,0,0,0,0,0,0,0,0,0,0,0,0,0,0,0,0,0,0,0,0,0,0,0,0,0,29,2026-02-06 14:01:07.384804
ATMN,24.71,24.71,25.19,2310000.0,2412400.0,0,0,0,0,0,0,0,0,0,0,0,0,0,0,0,0,0,0,0,0,0,0,0,0,0,0,0,0,29,2026-02-06 14:01:07.384804
WNTR,24.89,24.73,24.89,2108500.0,2076200.0,0,0,0,0,0,0,0,0,0,0,0,0,0,0,0,0,0,0,0,0,0,0,0,0,0,0,0,0,29,2026-02-06 14:01:07.384804
SPNG,25.33,24.67,25.01,2399800.0,2214800.0,0,0,0,0,0,0,0,0,0,0,0,0,0,0,0,0,0,0,0,0,0,0,0,0,0,0,0,0,30,2026-02-06 14:01:08.435355
SMMR,24.77,24.89,25.07,2285000.0,2299400.0,0,0,0,0,0,0,0,0,0,0,0,0,0,0,0,0,0,0,0,0,0,0,0,0,0,0,0,0,30,2026-02-06 14:01:08.435355
ATMN,24.88,25.07,25.19,2332000.0,2412400.0,0,0,0,0,0,0,0,0,0,0,0,0,0,0,0,0,0,0,0,0,0,0,0,0,0,0,0,0,30,2026-02-06 14:01:08.435355
WNTR,24.73,24.73,24.89,2123400.0,2076200.0,0,0,0,0,0,0,0,0,0,0,0,0,0,0,0,0,0,0,0,0,0,0,0,0,0,0,0,0,30,2026-02-06 14:01:08.435355
SPNG,25.01,24.67,25.01,2380400.0,2214800.0,0,0,0,0,0,0,0,0,0,0,0,0,0,0,0,0,0,0,0,0,0,0,0,0,0,0,0,0,31,2026-02-06 14:01:09.487933
SMMR,24.89,24.89,25.11,2285000.0,2260000.0,0,0,0,0,0,0,0,0,0,0,0,0,0,0,0,0,0,0,0,0,0,0,0,0,0,0,0,0,31,2026-02-06 14:01:09.487933
ATMN,25.19,25.04,25.19,2310300.0,2412400.0,0,0,0,0,0,0,0,0,0,0,0,0,0,0,0,0,0,0,0,0,0,0,0,0,0,0,0,0,31,2026-02-06 14:01:09.487933
WNTR,25.0,24.79,25.0,2140200.0,2057700.0,0,0,0,0,0,0,0,0,0,0,0,0,0,0,0,0,0,0,0,0,0,0,0,0,0,0,0,0,31,2026-02-06 14:01:09.487933
SPNG,25.43,24.7,25.43,2393000.0,2188400.0,0,0,0,0,0,0,0,0,0,0,0,0,0,0,0,0,0,0,0,0,0,0,0,0,0,0,0,0,32,2026-02-06 14:01:10.537995
SMMR,25.11,24.89,25.11,2292300.0,2278600.0,0,0,0,0,0,0,0,0,0,0,0,0,0,0,0,0,0,0,0,0,0,0,0,0,0,0,0,0,32,2026-02-06 14:01:10.537995
ATMN,25.19,25.14,25.17,2347400.0,2422700.0,0,0,0,0,0,0,0,0,0,0,0,0,0,0,0,0,0,0,0,0,0,0,0,0,0,0,0,0,32,2026-02-06 14:01:10.537995
WNTR,25.0,24.79,24.99,2140200.0,2036100.0,0,0,0,0,0,0,0,0,0,0,0,0,0,0,0,0,0,0,0,0,0,0,0,0,0,0,0,0,32,2026-02-06 14:01:10.537995
SPNG,24.57,24.57,24.7,2367500.0,2200000.0,0,0,0,0,0,0,0,0,0,0,0,0,0,0,0,0,0,0,0,0,0,0,0,0,0,0,0,0,33,2026-02-06 14:01:11.589556
SMMR,24.81,24.81,25.11,2298900.0,2278600.0,0,0,0,0,0,0,0,0,0,0,0,0,0,0,0,0,0,0,0,0,0,0,0,0,0,0,0,0,33,2026-02-06 14:01:11.589556
ATMN,25.04,25.04,25.17,2310300.0,2422700.0,0,0,0,0,0,0,0,0,0,0,0,0,0,0,0,0,0,0,0,0,0,0,0,0,0,0,0,0,33,2026-02-06 14:01:11.589556
WNTR,24.79,24.79,24.99,2140200.0,2046300.0,0,0,0,0,0,0,0,0,0,0,0,0,0,0,0,0,0,0,0,0,0,0,0,0,0,0,0,0,33,2026-02-06 14:01:11.589556
SPNG,24.57,24.63,24.7,2401500.0,2200000.0,0,0,0,0,0,0,0,0,0,0,0,0,0,0,0,0,0,0,0,0,0,0,0,0,0,0,0,0,34,2026-02-06 14:01:12.630285
SMMR,24.81,24.81,24.82,2305000.0,2265700.0,0,0,0,0,0,0,0,0,0,0,0,0,0,0,0,0,0,0,0,0,0,0,0,0,0,0,0,0,34,2026-02-06 14:01:12.630285
ATMN,25.19,25.04,25.09,2345500.0,2433900.0,0,0,0,0,0,0,0,0,0,0,0,0,0,0,0,0,0,0,0,0,0,0,0,0,0,0,0,0,34,2026-02-06 14:01:12.630285
WNTR,24.79,24.94,24.96,2141800.0,2037100.0,0,0,0,0,0,0,0,0,0,0,0,0,0,0,0,0,0,0,0,0,0,0,0,0,0,0,0,0,34,2026-02-06 14:01:12.630285
SPNG,25.43,24.63,25.1,2401500.0,2218400.0,0,0,0,0,0,0,0,0,0,0,0,0,0,0,0,0,0,0,0,0,0,0,0,0,0,0,0,0,35,2026-02-06 14:01:13.234365
SMMR,25.11,24.81,24.88,2305000.0,2235100.0,0,0,0,0,0,0,0,0,0,0,0,0,0,0,0,0,0,0,0,0,0,0,0,0,0,0,0,0,35,2026-02-06 14:01:13.234365
ATMN,25.19,25.04,25.09,2345500.0,2424500.0,0,0,0,0,0,0,0,0,0,0,0,0,0,0,0,0,0,0,0,0,0,0,0,0,0,0,0,0,35,2026-02-06 14:01:13.234365
WNTR,24.94,24.94,24.95,2141800.0,2042500.0,0,0,0,0,0,0,0,0,0,0,0,0,0,0,0,0,0,0,0,0,0,0,0,0,0,0,0,0,35,2026-02-06 14:01:13.234365
SPNG,24.63,24.63,25.43,2401500.0,2208700.0,0,0,0,0,0,0,0,0,0,0,0,0,0,0,0,0,0,0,0,0,0,0,0,0,0,0,0,0,36,2026-02-06 14:01:14.340137
SMMR,25.03,24.81,25.01,2287900.0,2242500.0,0,0,0,0,0,0,0,0,0,0,0,0,0,0,0,0,0,0,0,0,0,0,0,0,0,0,0,0,36,2026-02-06 14:01:14.340137
ATMN,25.09,24.85,24.96,2388400.0,2439200.0,0,0,0,0,0,0,0,0,0,0,0,0,0,0,0,0,0,0,0,0,0,0,0,0,0,0,0,0,36,2026-02-06 14:01:14.340137
WNTR,24.74,24.77,24.94,2113200.0,2056100.0,0,0,0,0,0,0,0,0,0,0,0,0,0,0,0,0,0,0,0,0,0,0,0,0,0,0,0,0,36,2026-02-06 14:01:14.340137
SPNG,24.63,24.74,24.87,2370800.0,2205300.0,0,0,0,0,0,0,0,0,0,0,0,0,0,0,0,0,0,0,0,0,0,0,0,0,0,0,0,0,37,2026-02-06 14:01:15.381782
SMMR,25.12,24.87,25.12,2306900.0,2269100.0,0,0,0,0,0,0,0,0,0,0,0,0,0,0,0,0,0,0,0,0,0,0,0,0,0,0,0,0,37,2026-02-06 14:01:15.381782
ATMN,24.96,24.85,24.96,2376200.0,2439200.0,0,0,0,0,0,0,0,0,0,0,0,0,0,0,0,0,0,0,0,0,0,0,0,0,0,0,0,0,37,2026-02-06 14:01:15.381782
WNTR,24.95,24.77,24.95,2113200.0,2042500.0,0,0,0,0,0,0,0,0,0,0,0,0,0,0,0,0,0,0,0,0,0,0,0,0,0,0,0,0,37,2026-02-06 14:01:15.381782
SPNG,24.74,24.74,24.87,2365900.0,2205300.0,0,0,0,0,0,0,0,0,0,0,0,0,0,0,0,0,0,0,0,0,0,0,0,0,0,0,0,0,38,2026-02-06 14:01:16.427279
SMMR,25.12,25.09,25.12,2302800.0,2235300.0,0,0,0,0,0,0,0,0,0,0,0,0,0,0,0,0,0,0,0,0,0,0,0,0,0,0,0,0,38,2026-02-06 14:01:16.427279
ATMN,24.96,25.02,25.09,2365200.0,2424500.0,0,0,0,0,0,0,0,0,0,0,0,0,0,0,0,0,0,0,0,0,0,0,0,0,0,0,0,0,38,2026-02-06 14:01:16.427279
WNTR,24.95,24.77,24.95,2106000.0,2026200.0,0,0,0,0,0,0,0,0,0,0,0,0,0,0,0,0,0,0,0,0,0,0,0,0,0,0,0,0,38,2026-02-06 14:01:16.427279
SPNG,24.86,25.33,25.43,2387300.0,2208700.0,0,0,0,0,0,0,0,0,0,0,0,0,0,0,0,0,0,0,0,0,0,0,0,0,0,0,0,0,39,2026-02-06 14:01:17.470556
SMMR,25.12,24.87,24.91,2306900.0,2240800.0,0,0,0,0,0,0,0,0,0,0,0,0,0,0,0,0,0,0,0,0,0,0,0,0,0,0,0,0,39,2026-02-06 14:01:17.470556
ATMN,24.85,24.85,25.09,2364800.0,2424500.0,0,0,0,0,0,0,0,0,0,0,0,0,0,0,0,0,0,0,0,0,0,0,0,0,0,0,0,0,39,2026-02-06 14:01:17.470556
WNTR,24.93,24.75,24.89,2115900.0,2044800.0,0,0,0,0,0,0,0,0,0,0,0,0,0,0,0,0,0,0,0,0,0,0,0,0,0,0,0,0,39,2026-02-06 14:01:17.470556
SPNG,25.33,24.74,25.17,2365900.0,2230800.0,0,0,0,0,0,0,0,0,0,0,0,0,0,0,0,0,0,0,0,0,0,0,0,0,0,0,0,0,40,2026-02-06 14:01:18.522574
SMMR,25.12,24.87,24.91,2292000.0,2249200.0,0,0,0,0,0,0,0,0,0,0,0,0,0,0,0,0,0,0,0,0,0,0,0,0,0,0,0,0,40,2026-02-06 14:01:18.522574
ATMN,24.85,24.85,25.09,2341400.0,2424500.0,0,0,0,0,0,0,0,0,0,0,0,0,0,0,0,0,0,0,0,0,0,0,0,0,0,0,0,0,40,2026-02-06 14:01:18.522574
WNTR,24.73,24.73,24.78,2150500.0,2058900.0,0,0,0,0,0,0,0,0,0,0,0,0,0,0,0,0,0,0,0,0,0,0,0,0,0,0,0,0,40,2026-02-06 14:01:18.522574
SPNG,25.17,24.6,25.04,2378300.0,2226300.0,0,0,0,0,0,0,0,0,0,0,0,0,0,0,0,0,0,0,0,0,0,0,0,0,0,0,0,0,41,2026-02-06 14:01:19.576996
SMMR,24.91,24.87,24.91,2312200.0,2240400.0,0,0,0,0,0,0,0,0,0,0,0,0,0,0,0,0,0,0,0,0,0,0,0,0,0,0,0,0,41,2026-02-06 14:01:19.576996
ATMN,25.1,24.89,25.1,2335400.0,2435400.0,0,0,0,0,0,0,0,0,0,0,0,0,0,0,0,0,0,0,0,0,0,0,0,0,0,0,0,0,41,2026-02-06 14:01:19.576996
WNTR,24.83,24.74,24.83,2133100.0,2053400.0,0,0,0,0,0,0,0,0,0,0,0,0,0,0,0,0,0,0,0,0,0,0,0,0,0,0,0,0,41,2026-02-06 14:01:19.576996
SPNG,24.75,24.6,24.75,2366800.0,2228100.0,0,0,0,0,0,0,0,0,0,0,0,0,0,0,0,0,0,0,0,0,0,0,0,0,0,0,0,0,42,2026-02-06 14:01:20.647294
SMMR,25.12,24.87,25.12,2284900.0,2216100.0,0,0,0,0,0,0,0,0,0,0,0,0,0,0,0,0,0,0,0,0,0,0,0,0,0,0,0,0,42,2026-02-06 14:01:20.647294
ATMN,25.19,24.86,25.19,2315100.0,2440400.0,0,0,0,0,0,0,0,0,0,0,0,0,0,0,0,0,0,0,0,0,0,0,0,0,0,0,0,0,42,2026-02-06 14:01:20.647294
WNTR,24.74,24.74,24.89,2133100.0,2052000.0,0,0,0,0,0,0,0,0,0,0,0,0,0,0,0,0,0,0,0,0,0,0,0,0,0,0,0,0,42,2026-02-06 14:01:20.647294
SPNG,24.58,24.58,25.04,2394700.0,2182000.0,0,0,0,0,0,0,0,0,0,0,0,0,0,0,0,0,0,0,0,0,0,0,0,0,0,0,0,0,43,2026-02-06 14:01:21.244946
SMMR,24.85,24.85,24.97,2271700.0,2226100.0,0,0,0,0,0,0,0,0,0,0,0,0,0,0,0,0,0,0,0,0,0,0,0,0,0,0,0,0,43,2026-02-06 14:01:21.244946
ATMN,24.79,24.79,25.19,2324300.0,2432700.0,0,0,0,0,0,0,0,0,0,0,0,0,0,0,0,0,0,0,0,0,0,0,0,0,0,0,0,0,43,2026-02-06 14:01:21.244946
WNTR,24.74,24.74,24.89,2119200.0,2052000.0,0,0,0,0,0,0,0,0,0,0,0,0,0,0,0,0,0,0,0,0,0,0,0,0,0,0,0,0,43,2026-02-06 14:01:21.244946
SPNG,24.58,24.58,25.04,2366300.0,2182000.0,0,0,0,0,0,0,0,0,0,0,0,0,0,0,0,0,0,0,0,0,0,0,0,0,0,0,0,0,44,2026-02-06 14:01:22.327351
SMMR,24.97,24.85,24.97,2282400.0,2226100.0,0,0,0,0,0,0,0,0,0,0,0,0,0,0,0,0,0,0,0,0,0,0,0,0,0,0,0,0,44,2026-02-06 14:01:22.327351
ATMN,24.79,24.81,25.08,2340500.0,2428000.0,0,0,0,0,0,0,0,0,0,0,0,0,0,0,0,0,0,0,0,0,0,0,0,0,0,0,0,0,44,2026-02-06 14:01:22.327351
WNTR,24.89,24.93,24.95,2106200.0,2055300.0,0,0,0,0,0,0,0,0,0,0,0,0,0,0,0,0,0,0,0,0,0,0,0,0,0,0,0,0,44,2026-02-06 14:01:22.327351
SPNG,25.2,24.58,25.1,2366300.0,2203600.0,0,0,0,0,0,0,0,0,0,0,0,0,0,0,0,0,0,0,0,0,0,0,0,0,0,0,0,0,45,2026-02-06 14:01:23.379136
SMMR,25.04,25.04,25.07,2288900.0,2203400.0,0,0,0,0,0,0,0,0,0,0,0,0,0,0,0,0,0,0,0,0,0,0,0,0,0,0,0,0,45,2026-02-06 14:01:23.379136
ATMN,24.81,24.81,24.94,2340500.0,2402600.0,0,0,0,0,0,0,0,0,0,0,0,0,0,0,0,0,0,0,0,0,0,0,0,0,0,0,0,0,45,2026-02-06 14:01:23.379136
WNTR,24.86,24.88,24.95,2113200.0,2032200.0,0,0,0,0,0,0,0,0,0,0,0,0,0,0,0,0,0,0,0,0,0,0,0,0,0,0,0,0,45,2026-02-06 14:01:23.379136
SPNG,25.09,24.58,25.07,2354800.0,2189400.0,0,0,0,0,0,0,0,0,0,0,0,0,0,0,0,0,0,0,0,0,0,0,0,0,0,0,0,0,46,2026-02-06 14:01:24.419890
SMMR,24.85,24.81,24.85,2312200.0,2239000.0,0,0,0,0,0,0,0,0,0,0,0,0,0,0,0,0,0,0,0,0,0,0,0,0,0,0,0,0,46,2026-02-06 14:01:24.419890
ATMN,25.08,24.81,25.08,2327800.0,2436300.0,0,0,0,0,0,0,0,0,0,0,0,0,0,0,0,0,0,0,0,0,0,0,0,0,0,0,0,0,46,2026-02-06 14:01:24.419890
WNTR,24.88,24.74,24.87,2125400.0,2051100.0,0,0,0,0,0,0,0,0,0,0,0,0,0,0,0,0,0,0,0,0,0,0,0,0,0,0,0,0,46,2026-02-06 14:01:24.419890
SPNG,24.66,24.73,25.07,2372100.0,2189400.0,0,0,0,0,0,0,0,0,0,0,0,0,0,0,0,0,0,0,0,0,0,0,0,0,0,0,0,0,47,2026-02-06 14:01:25.485363
SMMR,24.8,24.83,24.85,2285200.0,2220200.0,0,0,0,0,0,0,0,0,0,0,0,0,0,0,0,0,0,0,0,0,0,0,0,0,0,0,0,0,47,2026-02-06 14:01:25.485363
ATMN,25.08,24.99,25.08,2308600.0,2436300.0,0,0,0,0,0,0,0,0,0,0,0,0,0,0,0,0,0,0,0,0,0,0,0,0,0,0,0,0,47,2026-02-06 14:01:25.485363
WNTR,24.97,24.79,24.97,2124700.0,2072300.0,0,0,0,0,0,0,0,0,0,0,0,0,0,0,0,0,0,0,0,0,0,0,0,0,0,0,0,0,47,2026-02-06 14:01:25.485363
SPNG,25.1,24.63,25.1,2377000.0,2203600.0,0,0,0,0,0,0,0,0,0,0,0,0,0,0,0,0,0,0,0,0,0,0,0,0,0,0,0,0,48,2026-02-06 14:01:26.524203
SMMR,24.8,24.83,24.85,2276700.0,2233500.0,0,0,0,0,0,0,0,0,0,0,0,0,0,0,0,0,0,0,0,0,0,0,0,0,0,0,0,0,48,2026-02-06 14:01:26.524203
ATMN,24.99,24.99,25.08,2308600.0,2436300.0,0,0,0,0,0,0,0,0,0,0,0,0,0,0,0,0,0,0,0,0,0,0,0,0,0,0,0,0,48,2026-02-06 14:01:26.524203
WNTR,24.99,24.96,24.99,2108700.0,2049900.0,0,0,0,0,0,0,0,0,0,0,0,0,0,0,0,0,0,0,0,0,0,0,0,0,0,0,0,0,48,2026-02-06 14:01:26.524203
SPNG,25.1,25.2,25.27,2361900.0,2199200.0,0,0,0,0,0,0,0,0,0,0,0,0,0,0,0,0,0,0,0,0,0,0,0,0,0,0,0,0,49,2026-02-06 14:01:27.560081
SMMR,24.85,24.92,24.93,2285300.0,2199300.0,0,0,0,0,0,0,0,0,0,0,0,0,0,0,0,0,0,0,0,0,0,0,0,0,0,0,0,0,49,2026-02-06 14:01:27.560081
ATMN,24.81,24.79,24.81,2302900.0,2441700.0,0,0,0,0,0,0,0,0,0,0,0,0,0,0,0,0,0,0,0,0,0,0,0,0,0,0,0,0,49,2026-02-06 14:01:27.560081
WNTR,24.96,24.79,24.83,2124700.0,2076500.0,0,0,0,0,0,0,0,0,0,0,0,0,0,0,0,0,0,0,0,0,0,0,0,0,0,0,0,0,49,2026-02-06 14:01:27.560081
SPNG,25.2,25.02,25.16,2372100.0,2211700.0,0,0,0,0,0,0,0,0,0,0,0,0,0,0,0,0,0,0,0,0,0,0,0,0,0,0,0,0,50,2026-02-06 14:01:28.611230
SMMR,24.92,24.92,24.93,2260900.0,2215300.0,0,0,0,0,0,0,0,0,0,0,0,0,0,0,0,0,0,0,0,0,0,0,0,0,0,0,0,0,50,2026-02-06 14:01:28.611230
ATMN,24.81,24.97,24.98,2285100.0,2465600.0,0,0,0,0,0,0,0,0,0,0,0,0,0,0,0,0,0,0,0,0,0,0,0,0,0,0,0,0,50,2026-02-06 14:01:28.611230
WNTR,24.99,24.79,24.97,2124700.0,2076700.0,0,0,0,0,0,0,0,0,0,0,0,0,0,0,0,0,0,0,0,0,0,0,0,0,0,0,0,0,50,2026-02-06 14:01:28.611230
SPNG,25.16,24.56,25.16,2395000.0,2196200.0,0,0,0,0,0,0,0,0,0,0,0,0,0,0,0,0,0,0,0,0,0,0,0,0,0,0,0,0,51,2026-02-06 14:01:29.660195
SMMR,24.92,24.92,24.93,2271300.0,2209100.0,0,0,0,0,0,0,0,0,0,0,0,0,0,0,0,0,0,0,0,0,0,0,0,0,0,0,0,0,51,2026-02-06 14:01:29.660195
ATMN,24.71,24.75,24.98,2285000.0,2465600.0,0,0,0,0,0,0,0,0,0,0,0,0,0,0,0,0,0,0,0,0,0,0,0,0,0,0,0,0,51,2026-02-06 14:01:29.660195
WNTR,24.99,24.81,24.84,2123500.0,2076900.0,0,0,0,0,0,0,0,0,0,0,0,0,0,0,0,0,0,0,0,0,0,0,0,0,0,0,0,0,51,2026-02-06 14:01:29.660195
SPNG,25.27,24.56,25.27,2395000.0,2223500.0,0,0,0,0,0,0,0,0,0,0,0,0,0,0,0,0,0,0,0,0,0,0,0,0,0,0,0,0,52,2026-02-06 14:01:30.728668
SMMR,24.92,24.92,24.93,2277800.0,2209100.0,0,0,0,0,0,0,0,0,0,0,0,0,0,0,0,0,0,0,0,0,0,0,0,0,0,0,0,0,52,2026-02-06 14:01:30.728668
ATMN,25.08,25.18,25.19,2293400.0,2452400.0,0,0,0,0,0,0,0,0,0,0,0,0,0,0,0,0,0,0,0,0,0,0,0,0,0,0,0,0,52,2026-02-06 14:01:30.728668
WNTR,24.84,24.81,24.84,2135500.0,2076900.0,0,0,0,0,0,0,0,0,0,0,0,0,0,0,0,0,0,0,0,0,0,0,0,0,0,0,0,0,52,2026-02-06 14:01:30.728668
SPNG,25.11,24.56,25.11,2395000.0,2209400.0,0,0,0,0,0,0,0,0,0,0,0,0,0,0,0,0,0,0,0,0,0,0,0,0,0,0,0,0,53,2026-02-06 14:01:31.784152
SMMR,24.92,24.92,24.93,2277800.0,2230500.0,0,0,0,0,0,0,0,0,0,0,0,0,0,0,0,0,0,0,0,0,0,0,0,0,0,0,0,0,53,2026-02-06 14:01:31.784152
ATMN,24.75,24.75,25.19,2313800.0,2441100.0,0,0,0,0,0,0,0,0,0,0,0,0,0,0,0,0,0,0,0,0,0,0,0,0,0,0,0,0,53,2026-02-06 14:01:31.784152
WNTR,24.97,24.98,24.99,2169000.0,2064700.0,0,0,0,0,0,0,0,0,0,0,0,0,0,0,0,0,0,0,0,0,0,0,0,0,0,0,0,0,53,2026-02-06 14:01:31.784152
SPNG,25.11,25.0,25.11,2377900.0,2201500.0,0,0,0,0,0,0,0,0,0,0,0,0,0,0,0,0,0,0,0,0,0,0,0,0,0,0,0,0,54,2026-02-06 14:01:32.406083
SMMR,24.89,24.89,24.93,2284300.0,2250500.0,0,0,0,0,0,0,0,0,0,0,0,0,0,0,0,0,0,0,0,0,0,0,0,0,0,0,0,0,54,2026-02-06 14:01:32.406083
ATMN,24.73,24.99,25.08,2336200.0,2445300.0,0,0,0,0,0,0,0,0,0,0,0,0,0,0,0,0,0,0,0,0,0,0,0,0,0,0,0,0,54,2026-02-06 14:01:32.406083
WNTR,24.72,24.72,24.99,2137200.0,2081300.0,0,0,0,0,0,0,0,0,0,0,0,0,0,0,0,0,0,0,0,0,0,0,0,0,0,0,0,0,54,2026-02-06 14:01:32.406083
SPNG,24.85,24.56,24.69,2371300.0,2229100.0,0,0,0,0,0,0,0,0,0,0,0,0,0,0,0,0,0,0,0,0,0,0,0,0,0,0,0,0,55,2026-02-06 14:01:33.473118
SMMR,24.93,24.89,24.93,2290400.0,2255700.0,0,0,0,0,0,0,0,0,0,0,0,0,0,0,0,0,0,0,0,0,0,0,0,0,0,0,0,0,55,2026-02-06 14:01:33.473118
ATMN,25.19,24.71,25.19,2310300.0,2441100.0,0,0,0,0,0,0,0,0,0,0,0,0,0,0,0,0,0,0,0,0,0,0,0,0,0,0,0,0,55,2026-02-06 14:01:33.473118
WNTR,24.72,24.87,24.93,2116400.0,2080900.0,0,0,0,0,0,0,0,0,0,0,0,0,0,0,0,0,0,0,0,0,0,0,0,0,0,0,0,0,55,2026-02-06 14:01:33.473118
SPNG,25.26,24.56,24.81,2378800.0,2202800.0,0,0,0,0,0,0,0,0,0,0,0,0,0,0,0,0,0,0,0,0,0,0,0,0,0,0,0,0,56,2026-02-06 14:01:34.527345
SMMR,24.94,24.86,24.94,2335800.0,2233000.0,0,0,0,0,0,0,0,0,0,0,0,0,0,0,0,0,0,0,0,0,0,0,0,0,0,0,0,0,56,2026-02-06 14:01:34.527345
ATMN,25.21,24.96,25.21,2339200.0,2412800.0,0,0,0,0,0,0,0,0,0,0,0,0,0,0,0,0,0,0,0,0,0,0,0,0,0,0,0,0,56,2026-02-06 14:01:34.527345
WNTR,24.87,24.72,24.85,2137200.0,2085800.0,0,0,0,0,0,0,0,0,0,0,0,0,0,0,0,0,0,0,0,0,0,0,0,0,0,0,0,0,56,2026-02-06 14:01:34.527345
SPNG,24.52,24.52,24.56,2376300.0,2187700.0,0,0,0,0,0,0,0,0,0,0,0,0,0,0,0,0,0,0,0,0,0,0,0,0,0,0,0,0,57,2026-02-06 14:01:35.576718
SMMR,24.94,24.91,24.94,2286000.0,2233000.0,0,0,0,0,0,0,0,0,0,0,0,0,0,0,0,0,0,0,0,0,0,0,0,0,0,0,0,0,57,2026-02-06 14:01:35.576718
ATMN,24.96,24.96,25.21,2351700.0,2412800.0,0,0,0,0,0,0,0,0,0,0,0,0,0,0,0,0,0,0,0,0,0,0,0,0,0,0,0,0,57,2026-02-06 14:01:35.576718
WNTR,24.87,24.72,24.84,2130200.0,2087000.0,0,0,0,0,0,0,0,0,0,0,0,0,0,0,0,0,0,0,0,0,0,0,0,0,0,0,0,0,57,2026-02-06 14:01:35.576718
SPNG,25.35,24.52,25.35,2376300.0,2193800.0,0,0,0,0,0,0,0,0,0,0,0,0,0,0,0,0,0,0,0,0,0,0,0,0,0,0,0,0,58,2026-02-06 14:01:36.634446
SMMR,24.94,24.93,24.94,2307900.0,2224900.0,0,0,0,0,0,0,0,0,0,0,0,0,0,0,0,0,0,0,0,0,0,0,0,0,0,0,0,0,58,2026-02-06 14:01:36.634446
ATMN,25.27,24.71,25.27,2311900.0,2382500.0,0,0,0,0,0,0,0,0,0,0,0,0,0,0,0,0,0,0,0,0,0,0,0,0,0,0,0,0,58,2026-02-06 14:01:36.634446
WNTR,24.71,24.71,24.72,2131300.0,2092800.0,0,0,0,0,0,0,0,0,0,0,0,0,0,0,0,0,0,0,0,0,0,0,0,0,0,0,0,0,58,2026-02-06 14:01:36.634446
SPNG,25.35,24.83,24.9,2383200.0,2213200.0,0,0,0,0,0,0,0,0,0,0,0,0,0,0,0,0,0,0,0,0,0,0,0,0,0,0,0,0,59,2026-02-06 14:01:37.677521
SMMR,24.94,24.93,24.94,2296300.0,2210100.0,0,0,0,0,0,0,0,0,0,0,0,0,0,0,0,0,0,0,0,0,0,0,0,0,0,0,0,0,59,2026-02-06 14:01:37.677521
ATMN,25.29,24.69,25.29,2325700.0,2379000.0,0,0,0,0,0,0,0,0,0,0,0,0,0,0,0,0,0,0,0,0,0,0,0,0,0,0,0,0,59,2026-02-06 14:01:37.677521
WNTR,24.72,24.82,24.84,2134600.0,2109100.0,0,0,0,0,0,0,0,0,0,0,0,0,0,0,0,0,0,0,0,0,0,0,0,0,0,0,0,0,59,2026-02-06 14:01:37.677521
SPNG,24.9,24.41,24.42,967900.0,927100.0,0,0,0,0,0,0,0,0,0,0,0,0,0,0,0,0,0,0,0,0,0,0,0,0,0,0,0,0,60,2026-02-06 14:01:38.755006
SMMR,26.93,26.04,26.09,810900.0,744200.0,0,0,0,0,0,0,0,0,0,0,0,0,0,0,0,0,0,0,0,0,0,0,0,0,0,0,0,0,60,2026-02-06 14:01:38.755006
ATMN,25.05,24.51,24.8,1121800.0,899800.0,0,0,0,0,0,0,0,0,0,0,0,0,0,0,0,0,0,0,0,0,0,0,0,0,0,0,0,0,60,2026-02-06 14:01:38.755006
WNTR,24.99,25.6,25.65,814700.0,804900.0,0,0,0,0,0,0,0,0,0,0,0,0,0,0,0,0,0,0,0,0,0,0,0,0,0,0,0,0,60,2026-02-06 14:01:38.755006
SPNG,24.41,24.41,24.52,999100.0,901900.0,0,0,0,0,0,0,0,0,0,0,0,0,0,0,0,0,0,0,0,0,0,0,0,0,0,0,0,0,61,2026-02-06 14:01:39.818683
SMMR,26.09,26.03,26.09,950100.0,744200.0,0,0,0,0,0,0,0,0,0,0,0,0,0,0,0,0,0,0,0,0,0,0,0,0,0,0,0,0,61,2026-02-06 14:01:39.818683
ATMN,24.51,23.3,24.35,1152900.0,1251400.0,0,0,0,0,0,0,0,0,0,0,0,0,0,0,0,0,0,0,0,0,0,0,0,0,0,0,0,0,61,2026-02-06 14:01:39.818683
WNTR,25.7,25.6,25.69,915000.0,914100.0,0,0,0,0,0,0,0,0,0,0,0,0,0,0,0,0,0,0,0,0,0,0,0,0,0,0,0,0,61,2026-02-06 14:01:39.818683
SPNG,24.52,25.08,25.54,1096000.0,842400.0,0,0,0,0,0,0,0,0,0,0,0,0,0,0,0,0,0,0,0,0,0,0,0,0,0,0,0,0,62,2026-02-06 14:01:40.391775
SMMR,26.03,26.03,26.09,1070500.0,853200.0,0,0,0,0,0,0,0,0,0,0,0,0,0,0,0,0,0,0,0,0,0,0,0,0,0,0,0,0,62,2026-02-06 14:01:40.391775
ATMN,24.51,24.22,24.35,1386100.0,1251400.0,0,0,0,0,0,0,0,0,0,0,0,0,0,0,0,0,0,0,0,0,0,0,0,0,0,0,0,0,62,2026-02-06 14:01:40.391775
WNTR,25.7,25.66,25.69,1022900.0,1032600.0,0,0,0,0,0,0,0,0,0,0,0,0,0,0,0,0,0,0,0,0,0,0,0,0,0,0,0,0,62,2026-02-06 14:01:40.391775
SPNG,24.52,25.08,25.36,1096000.0,1255100.0,0,0,0,0,0,0,0,0,0,0,0,0,0,0,0,0,0,0,0,0,0,0,0,0,0,0,0,0,63,2026-02-06 14:01:41.451957
SMMR,26.03,26.03,26.08,1174800.0,1165900.0,0,0,0,0,0,0,0,0,0,0,0,0,0,0,0,0,0,0,0,0,0,0,0,0,0,0,0,0,63,2026-02-06 14:01:41.451957
ATMN,24.51,24.34,24.35,1913800.0,1251400.0,0,0,0,0,0,0,0,0,0,0,0,0,0,0,0,0,0,0,0,0,0,0,0,0,0,0,0,0,63,2026-02-06 14:01:41.451957
WNTR,25.66,25.66,25.69,1022900.0,1139500.0,0,0,0,0,0,0,0,0,0,0,0,0,0,0,0,0,0,0,0,0,0,0,0,0,0,0,0,0,63,2026-02-06 14:01:41.451957
SPNG,25.08,24.41,24.78,999100.0,1726600.0,0,0,0,0,0,0,0,0,0,0,0,0,0,0,0,0,0,0,0,0,0,0,0,0,0,0,0,0,64,2026-02-06 14:01:42.499540
SMMR,26.03,25.96,25.99,974800.0,1381900.0,0,0,0,0,0,0,0,0,0,0,0,0,0,0,0,0,0,0,0,0,0,0,0,0,0,0,0,0,64,2026-02-06 14:01:42.499540
ATMN,24.64,24.34,24.63,2047300.0,1269900.0,0,0,0,0,0,0,0,0,0,0,0,0,0,0,0,0,0,0,0,0,0,0,0,0,0,0,0,0,64,2026-02-06 14:01:42.499540
WNTR,25.6,25.25,25.36,830400.0,1328200.0,0,0,0,0,0,0,0,0,0,0,0,0,0,0,0,0,0,0,0,0,0,0,0,0,0,0,0,0,64,2026-02-06 14:01:42.499540
SPNG,24.41,24.12,24.21,1044900.0,2143500.0,0,0,0,0,0,0,0,0,0,0,0,0,0,0,0,0,0,0,0,0,0,0,0,0,0,0,0,0,65,2026-02-06 14:01:43.588848
SMMR,26.08,25.98,26.08,1304000.0,1284400.0,0,0,0,0,0,0,0,0,0,0,0,0,0,0,0,0,0,0,0,0,0,0,0,0,0,0,0,0,65,2026-02-06 14:01:43.588848
ATMN,24.37,24.37,24.79,2312400.0,1264400.0,0,0,0,0,0,0,0,0,0,0,0,0,0,0,0,0,0,0,0,0,0,0,0,0,0,0,0,0,65,2026-02-06 14:01:43.588848
WNTR,25.51,25.36,25.51,1034900.0,1347400.0,0,0,0,0,0,0,0,0,0,0,0,0,0,0,0,0,0,0,0,0,0,0,0,0,0,0,0,0,65,2026-02-06 14:01:43.588848
SPNG,24.64,24.12,24.53,1148900.0,2035300.0,0,0,0,0,0,0,0,0,0,0,0,0,0,0,0,0,0,0,0,0,0,0,0,0,0,0,0,0,66,2026-02-06 14:01:44.650219
SMMR,25.96,25.96,26.08,1195500.0,1512900.0,0,0,0,0,0,0,0,0,0,0,0,0,0,0,0,0,0,0,0,0,0,0,0,0,0,0,0,0,66,2026-02-06 14:01:44.650219
ATMN,24.85,24.67,24.85,2424900.0,1115400.0,0,0,0,0,0,0,0,0,0,0,0,0,0,0,0,0,0,0,0,0,0,0,0,0,0,0,0,0,66,2026-02-06 14:01:44.650219
WNTR,25.6,25.44,25.52,1121500.0,1326600.0,0,0,0,0,0,0,0,0,0,0,0,0,0,0,0,0,0,0,0,0,0,0,0,0,0,0,0,0,66,2026-02-06 14:01:44.650219
SPNG,24.78,24.12,24.78,1148900.0,1906000.0,0,0,0,0,0,0,0,0,0,0,0,0,0,0,0,0,0,0,0,0,0,0,0,0,0,0,0,0,67,2026-02-06 14:01:45.702120
SMMR,25.9,25.9,26.08,1220300.0,1512900.0,0,0,0,0,0,0,0,0,0,0,0,0,0,0,0,0,0,0,0,0,0,0,0,0,0,0,0,0,67,2026-02-06 14:01:45.702120
ATMN,24.34,24.34,24.85,2387100.0,1200400.0,0,0,0,0,0,0,0,0,0,0,0,0,0,0,0,0,0,0,0,0,0,0,0,0,0,0,0,0,67,2026-02-06 14:01:45.702120
WNTR,25.74,25.74,25.76,1332200.0,1048100.0,0,0,0,0,0,0,0,0,0,0,0,0,0,0,0,0,0,0,0,0,0,0,0,0,0,0,0,0,67,2026-02-06 14:01:45.702120
SPNG,24.32,24.12,24.28,1148900.0,2116800.0,0,0,0,0,0,0,0,0,0,0,0,0,0,0,0,0,0,0,0,0,0,0,0,0,0,0,0,0,68,2026-02-06 14:01:46.755689
SMMR,26.1,25.9,26.1,1312400.0,1298100.0,0,0,0,0,0,0,0,0,0,0,0,0,0,0,0,0,0,0,0,0,0,0,0,0,0,0,0,0,68,2026-02-06 14:01:46.755689
ATMN,24.85,24.87,24.94,2678700.0,1309800.0,0,0,0,0,0,0,0,0,0,0,0,0,0,0,0,0,0,0,0,0,0,0,0,0,0,0,0,0,68,2026-02-06 14:01:46.755689
WNTR,25.76,25.44,25.76,1219900.0,1156700.0,0,0,0,0,0,0,0,0,0,0,0,0,0,0,0,0,0,0,0,0,0,0,0,0,0,0,0,0,68,2026-02-06 14:01:46.755689
SPNG,24.32,24.25,24.28,1670300.0,2116800.0,0,0,0,0,0,0,0,0,0,0,0,0,0,0,0,0,0,0,0,0,0,0,0,0,0,0,0,0,69,2026-02-06 14:01:47.800950
SMMR,25.89,25.89,26.01,1192000.0,1512700.0,0,0,0,0,0,0,0,0,0,0,0,0,0,0,0,0,0,0,0,0,0,0,0,0,0,0,0,0,69,2026-02-06 14:01:47.800950
ATMN,24.34,24.25,24.29,2572800.0,1533200.0,0,0,0,0,0,0,0,0,0,0,0,0,0,0,0,0,0,0,0,0,0,0,0,0,0,0,0,0,69,2026-02-06 14:01:47.800950
WNTR,25.76,25.64,25.73,1323200.0,1365500.0,0,0,0,0,0,0,0,0,0,0,0,0,0,0,0,0,0,0,0,0,0,0,0,0,0,0,0,0,69,2026-02-06 14:01:47.800950
SPNG,24.28,24.25,24.28,1794100.0,2158400.0,0,0,0,0,0,0,0,0,0,0,0,0,0,0,0,0,0,0,0,0,0,0,0,0,0,0,0,0,70,2026-02-06 14:01:48.858820
SMMR,26.01,26.09,26.1,1290000.0,1641200.0,0,0,0,0,0,0,0,0,0,0,0,0,0,0,0,0,0,0,0,0,0,0,0,0,0,0,0,0,70,2026-02-06 14:01:48.858820
ATMN,24.94,24.25,24.75,2714600.0,1494400.0,0,0,0,0,0,0,0,0,0,0,0,0,0,0,0,0,0,0,0,0,0,0,0,0,0,0,0,0,70,2026-02-06 14:01:48.858820
WNTR,25.64,25.64,25.65,1323200.0,1557800.0,0,0,0,0,0,0,0,0,0,0,0,0,0,0,0,0,0,0,0,0,0,0,0,0,0,0,0,0,70,2026-02-06 14:01:48.858820
SPNG,24.32,24.25,24.32,1905200.0,2096300.0,0,0,0,0,0,0,0,0,0,0,0,0,0,0,0,0,0,0,0,0,0,0,0,0,0,0,0,0,71,2026-02-06 14:01:49.455037
SMMR,25.89,25.89,26.11,1192000.0,1620600.0,0,0,0,0,0,0,0,0,0,0,0,0,0,0,0,0,0,0,0,0,0,0,0,0,0,0,0,0,71,2026-02-06 14:01:49.455037
ATMN,24.94,24.25,24.94,2714600.0,1395000.0,0,0,0,0,0,0,0,0,0,0,0,0,0,0,0,0,0,0,0,0,0,0,0,0,0,0,0,0,71,2026-02-06 14:01:49.455037
WNTR,25.65,25.71,25.73,1331700.0,1543200.0,0,0,0,0,0,0,0,0,0,0,0,0,0,0,0,0,0,0,0,0,0,0,0,0,0,0,0,0,71,2026-02-06 14:01:49.455037
SPNG,24.82,24.83,25.0,2136700.0,1865400.0,0,0,0,0,0,0,0,0,0,0,0,0,0,0,0,0,0,0,0,0,0,0,0,0,0,0,0,0,72,2026-02-06 14:01:50.511655
SMMR,26.11,26.13,26.14,1417800.0,1697600.0,0,0,0,0,0,0,0,0,0,0,0,0,0,0,0,0,0,0,0,0,0,0,0,0,0,0,0,0,72,2026-02-06 14:01:50.511655
ATMN,24.65,24.46,24.65,2651200.0,1492700.0,0,0,0,0,0,0,0,0,0,0,0,0,0,0,0,0,0,0,0,0,0,0,0,0,0,0,0,0,72,2026-02-06 14:01:50.511655
WNTR,25.71,25.47,25.56,1304900.0,1728300.0,0,0,0,0,0,0,0,0,0,0,0,0,0,0,0,0,0,0,0,0,0,0,0,0,0,0,0,0,72,2026-02-06 14:01:50.511655
SPNG,24.83,24.25,24.47,2131500.0,2102300.0,0,0,0,0,0,0,0,0,0,0,0,0,0,0,0,0,0,0,0,0,0,0,0,0,0,0,0,0,73,2026-02-06 14:01:51.549401
SMMR,25.89,25.89,26.14,1192000.0,1784300.0,0,0,0,0,0,0,0,0,0,0,0,0,0,0,0,0,0,0,0,0,0,0,0,0,0,0,0,0,73,2026-02-06 14:01:51.549401
ATMN,24.98,24.56,24.67,2611200.0,1384900.0,0,0,0,0,0,0,0,0,0,0,0,0,0,0,0,0,0,0,0,0,0,0,0,0,0,0,0,0,73,2026-02-06 14:01:51.549401
WNTR,25.29,25.32,25.41,1162000.0,1820300.0,0,0,0,0,0,0,0,0,0,0,0,0,0,0,0,0,0,0,0,0,0,0,0,0,0,0,0,0,73,2026-02-06 14:01:51.549401
SPNG,24.2,24.2,24.47,2118200.0,2160300.0,0,0,0,0,0,0,0,0,0,0,0,0,0,0,0,0,0,0,0,0,0,0,0,0,0,0,0,0,74,2026-02-06 14:01:52.589742
SMMR,25.89,25.89,26.03,1192000.0,1979700.0,0,0,0,0,0,0,0,0,0,0,0,0,0,0,0,0,0,0,0,0,0,0,0,0,0,0,0,0,74,2026-02-06 14:01:52.589742
ATMN,24.67,25.15,25.18,2506600.0,1390900.0,0,0,0,0,0,0,0,0,0,0,0,0,0,0,0,0,0,0,0,0,0,0,0,0,0,0,0,0,74,2026-02-06 14:01:52.589742
WNTR,25.56,25.32,25.56,1379200.0,1728300.0,0,0,0,0,0,0,0,0,0,0,0,0,0,0,0,0,0,0,0,0,0,0,0,0,0,0,0,0,74,2026-02-06 14:01:52.589742
SPNG,24.23,24.23,24.47,2226900.0,2160300.0,0,0,0,0,0,0,0,0,0,0,0,0,0,0,0,0,0,0,0,0,0,0,0,0,0,0,0,0,75,2026-02-06 14:01:53.625856
SMMR,26.03,25.88,26.03,1193600.0,1979700.0,0,0,0,0,0,0,0,0,0,0,0,0,0,0,0,0,0,0,0,0,0,0,0,0,0,0,0,0,75,2026-02-06 14:01:53.625856
ATMN,24.67,25.15,25.18,2506600.0,1875100.0,0,0,0,0,0,0,0,0,0,0,0,0,0,0,0,0,0,0,0,0,0,0,0,0,0,0,0,0,75,2026-02-06 14:01:53.625856
WNTR,25.56,25.6,25.62,1469800.0,1811800.0,0,0,0,0,0,0,0,0,0,0,0,0,0,0,0,0,0,0,0,0,0,0,0,0,0,0,0,0,75,2026-02-06 14:01:53.625856
SPNG,24.47,24.23,24.47,2434100.0,2176300.0,0,0,0,0,0,0,0,0,0,0,0,0,0,0,0,0,0,0,0,0,0,0,0,0,0,0,0,0,76,2026-02-06 14:01:54.659281
SMMR,26.03,25.88,26.03,1430600.0,2001700.0,0,0,0,0,0,0,0,0,0,0,0,0,0,0,0,0,0,0,0,0,0,0,0,0,0,0,0,0,76,2026-02-06 14:01:54.659281
ATMN,25.15,24.61,24.64,2541700.0,2138700.0,0,0,0,0,0,0,0,0,0,0,0,0,0,0,0,0,0,0,0,0,0,0,0,0,0,0,0,0,76,2026-02-06 14:01:54.659281
WNTR,25.6,25.34,25.56,1466000.0,2028600.0,0,0,0,0,0,0,0,0,0,0,0,0,0,0,0,0,0,0,0,0,0,0,0,0,0,0,0,0,76,2026-02-06 14:01:54.659281
SPNG,24.61,24.23,24.61,2434700.0,2144500.0,0,0,0,0,0,0,0,0,0,0,0,0,0,0,0,0,0,0,0,0,0,0,0,0,0,0,0,0,77,2026-02-06 14:01:55.697979
SMMR,26.06,25.88,26.05,1430600.0,1993200.0,0,0,0,0,0,0,0,0,0,0,0,0,0,0,0,0,0,0,0,0,0,0,0,0,0,0,0,0,77,2026-02-06 14:01:55.697979
ATMN,24.56,24.56,24.64,2611200.0,2138700.0,0,0,0,0,0,0,0,0,0,0,0,0,0,0,0,0,0,0,0,0,0,0,0,0,0,0,0,0,77,2026-02-06 14:01:55.697979
WNTR,25.6,25.34,25.38,1654000.0,2053100.0,0,0,0,0,0,0,0,0,0,0,0,0,0,0,0,0,0,0,0,0,0,0,0,0,0,0,0,0,77,2026-02-06 14:01:55.697979
SPNG,24.75,24.28,24.75,2395700.0,2119800.0,0,0,0,0,0,0,0,0,0,0,0,0,0,0,0,0,0,0,0,0,0,0,0,0,0,0,0,0,78,2026-02-06 14:01:56.734113
SMMR,26.16,25.99,26.16,1663600.0,1964100.0,0,0,0,0,0,0,0,0,0,0,0,0,0,0,0,0,0,0,0,0,0,0,0,0,0,0,0,0,78,2026-02-06 14:01:56.734113
ATMN,24.56,24.56,24.57,2548000.0,2332500.0,0,0,0,0,0,0,0,0,0,0,0,0,0,0,0,0,0,0,0,0,0,0,0,0,0,0,0,0,78,2026-02-06 14:01:56.734113
WNTR,25.38,25.32,25.38,1567200.0,2058400.0,0,0,0,0,0,0,0,0,0,0,0,0,0,0,0,0,0,0,0,0,0,0,0,0,0,0,0,0,78,2026-02-06 14:01:56.734113
SPNG,24.46,24.47,24.75,2381200.0,2119800.0,0,0,0,0,0,0,0,0,0,0,0,0,0,0,0,0,0,0,0,0,0,0,0,0,0,0,0,0,79,2026-02-06 14:01:57.795916
SMMR,26.16,25.99,26.09,1663600.0,2037500.0,0,0,0,0,0,0,0,0,0,0,0,0,0,0,0,0,0,0,0,0,0,0,0,0,0,0,0,0,79,2026-02-06 14:01:57.795916
ATMN,24.46,24.42,24.44,2603900.0,2384700.0,0,0,0,0,0,0,0,0,0,0,0,0,0,0,0,0,0,0,0,0,0,0,0,0,0,0,0,0,79,2026-02-06 14:01:57.795916
WNTR,25.38,25.39,25.4,1557600.0,2062900.0,0,0,0,0,0,0,0,0,0,0,0,0,0,0,0,0,0,0,0,0,0,0,0,0,0,0,0,0,79,2026-02-06 14:01:57.795916
SPNG,24.49,24.49,24.75,2414800.0,2146800.0,0,0,0,0,0,0,0,0,0,0,0,0,0,0,0,0,0,0,0,0,0,0,0,0,0,0,0,0,80,2026-02-06 14:01:58.863367
SMMR,26.16,26.06,26.07,1974900.0,2070200.0,0,0,0,0,0,0,0,0,0,0,0,0,0,0,0,0,0,0,0,0,0,0,0,0,0,0,0,0,80,2026-02-06 14:01:58.863367
ATMN,24.3,24.3,24.57,2517500.0,2335300.0,0,0,0,0,0,0,0,0,0,0,0,0,0,0,0,0,0,0,0,0,0,0,0,0,0,0,0,0,80,2026-02-06 14:01:58.863367
WNTR,25.4,25.39,25.4,1557600.0,2030000.0,0,0,0,0,0,0,0,0,0,0,0,0,0,0,0,0,0,0,0,0,0,0,0,0,0,0,0,0,80,2026-02-06 14:01:58.863367
SPNG,24.52,24.28,24.39,2395700.0,2179500.0,0,0,0,0,0,0,0,0,0,0,0,0,0,0,0,0,0,0,0,0,0,0,0,0,0,0,0,0,81,2026-02-06 14:01:59.925913
SMMR,26.09,26.06,26.08,1974900.0,2051300.0,0,0,0,0,0,0,0,0,0,0,0,0,0,0,0,0,0,0,0,0,0,0,0,0,0,0,0,0,81,2026-02-06 14:01:59.925913
ATMN,24.6,24.3,24.6,2495500.0,2313300.0,0,0,0,0,0,0,0,0,0,0,0,0,0,0,0,0,0,0,0,0,0,0,0,0,0,0,0,0,81,2026-02-06 14:01:59.925913
WNTR,25.42,25.32,25.42,1446700.0,2023600.0,0,0,0,0,0,0,0,0,0,0,0,0,0,0,0,0,0,0,0,0,0,0,0,0,0,0,0,0,81,2026-02-06 14:01:59.925913
SPNG,24.75,24.82,24.96,2396400.0,2146300.0,0,0,0,0,0,0,0,0,0,0,0,0,0,0,0,0,0,0,0,0,0,0,0,0,0,0,0,0,82,2026-02-06 14:02:00.513430
SMMR,26.08,26.07,26.08,2090200.0,2048900.0,0,0,0,0,0,0,0,0,0,0,0,0,0,0,0,0,0,0,0,0,0,0,0,0,0,0,0,0,82,2026-02-06 14:02:00.513430
ATMN,24.6,24.54,24.6,2460600.0,2314800.0,0,0,0,0,0,0,0,0,0,0,0,0,0,0,0,0,0,0,0,0,0,0,0,0,0,0,0,0,82,2026-02-06 14:02:00.513430
WNTR,25.32,25.32,25.42,1355500.0,2019700.0,0,0,0,0,0,0,0,0,0,0,0,0,0,0,0,0,0,0,0,0,0,0,0,0,0,0,0,0,82,2026-02-06 14:02:00.513430
SPNG,24.13,24.13,24.71,2328400.0,2139600.0,0,0,0,0,0,0,0,0,0,0,0,0,0,0,0,0,0,0,0,0,0,0,0,0,0,0,0,0,83,2026-02-06 14:02:01.582534
SMMR,25.99,25.99,26.07,1765700.0,2058300.0,0,0,0,0,0,0,0,0,0,0,0,0,0,0,0,0,0,0,0,0,0,0,0,0,0,0,0,0,83,2026-02-06 14:02:01.582534
ATMN,24.54,24.3,24.35,2495500.0,2404000.0,0,0,0,0,0,0,0,0,0,0,0,0,0,0,0,0,0,0,0,0,0,0,0,0,0,0,0,0,83,2026-02-06 14:02:01.582534
WNTR,25.43,25.41,25.43,1354700.0,2033100.0,0,0,0,0,0,0,0,0,0,0,0,0,0,0,0,0,0,0,0,0,0,0,0,0,0,0,0,0,83,2026-02-06 14:02:01.582534
SPNG,24.12,24.12,24.96,2407200.0,2166600.0,0,0,0,0,0,0,0,0,0,0,0,0,0,0,0,0,0,0,0,0,0,0,0,0,0,0,0,0,84,2026-02-06 14:02:02.664268
SMMR,26.13,25.88,26.13,1654300.0,2050900.0,0,0,0,0,0,0,0,0,0,0,0,0,0,0,0,0,0,0,0,0,0,0,0,0,0,0,0,0,84,2026-02-06 14:02:02.664268
ATMN,24.64,24.25,24.64,2498100.0,2355400.0,0,0,0,0,0,0,0,0,0,0,0,0,0,0,0,0,0,0,0,0,0,0,0,0,0,0,0,0,84,2026-02-06 14:02:02.664268
WNTR,25.45,25.41,25.45,1354700.0,2039300.0,0,0,0,0,0,0,0,0,0,0,0,0,0,0,0,0,0,0,0,0,0,0,0,0,0,0,0,0,84,2026-02-06 14:02:02.664268
SPNG,24.12,24.12,24.71,2476900.0,2198900.0,,0,0,0,0,0,0,0,0,0,0,0,0,0,0,0,0,0,0,0,0,0,0,0,0,0,0,0,0,85,2026-02-06 14:02:03.720448
SMMR,26.15,26.05,26.15,1765100.0,2032200.0,,0,0,0,0,0,0,0,0,0,0,0,0,0,0,0,0,0,0,0,0,0,0,0,0,0,0,0,0,85,2026-02-06 14:02:03.720448
ATMN,24.67,24.49,24.67,2357900.0,2284600.0,7000.0,0,0,0,0,0,0,0,0,0,0,0,0,0,0,0,0,0,0,0,0,0,0,0,0,0,0,0,0,85,2026-02-06 14:02:03.720448
WNTR,25.29,25.35,25.45,1235600.0,2046100.0,,0,0,0,0,0,0,0,0,0,0,0,0,0,0,0,0,0,0,0,0,0,0,0,0,0,0,0,0,85,2026-02-06 14:02:03.720448
SPNG,24.96,24.37,24.96,2286400.0,7000.0,2146200.0,0,0,0,0,0,0,0,0,0,0,0,0,0,0,0,0,0,0,0,0,0,0,0,0,0,0,0,0,86,2026-02-06 14:02:04.773225
SMMR,26.13,26.05,26.13,1765100.0,,2054000.0,0,0,0,0,0,0,0,0,0,0,0,0,0,0,0,0,0,0,0,0,0,0,0,0,0,0,0,0,86,2026-02-06 14:02:04.773225
ATMN,24.49,24.62,24.73,2216600.0,14000.0,2283100.0,0,0,0,0,0,0,0,0,0,0,0,0,0,0,0,0,0,0,0,0,0,0,0,0,0,0,0,0,86,2026-02-06 14:02:04.773225
WNTR,25.29,25.35,25.45,1456600.0,,2044900.0,0,0,0,0,0,0,0,0,0,0,0,0,0,0,0,0,0,0,0,0,0,0,0,0,0,0,0,0,86,2026-02-06 14:02:04.773225
SPNG,24.44,24.56,24.76,2293700.0,7000.0,2205100.0,,0,0,0,0,0,0,0,0,0,0,0,0,0,0,0,0,0,0,0,0,0,0,0,0,0,0,0,0,87,2026-02-06 14:02:05.858856
SMMR,26.17,26.17,26.22,1753600.0,,2003700.0,,0,0,0,0,0,0,0,0,0,0,0,0,0,0,0,0,0,0,0,0,0,0,0,0,0,0,0,0,87,2026-02-06 14:02:05.858856
ATMN,24.73,24.49,24.73,2357900.0,7000.0,2221100.0,7000.0,0,0,0,0,0,0,0,0,0,0,0,0,0,0,0,0,0,0,0,0,0,0,0,0,0,0,0,0,87,2026-02-06 14:02:05.858856
WNTR,25.56,25.35,25.56,1545700.0,,2065600.0,,0,0,0,0,0,0,0,0,0,0,0,0,0,0,0,0,0,0,0,0,0,0,0,0,0,0,0,0,87,2026-02-06 14:02:05.858856
SPNG,24.44,24.56,24.76,2293700.0,7000.0,2033300.0,14000.0,0,0,0,0,0,0,0,0,0,0,0,0,0,0,0,0,0,0,0,0,0,0,0,0,0,0,0,0,88,2026-02-06 14:02:06.920231
SMMR,26.22,26.13,26.22,1643400.0,,2003700.0,,0,0,0,0,0,0,0,0,0,0,0,0,0,0,0,0,0,0,0,0,0,0,0,0,0,0,0,0,88,2026-02-06 14:02:06.920231
ATMN,24.25,24.68,24.74,2462000.0,,2196800.0,7000.0,0,0,0,0,0,0,0,0,0,0,0,0,0,0,0,0,0,0,0,0,0,0,0,0,0,0,0,0,88,2026-02-06 14:02:06.920231
WNTR,25.58,25.35,25.58,1545700.0,,2034600.0,,0,0,0,0,0,0,0,0,0,0,0,0,0,0,0,0,0,0,0,0,0,0,0,0,0,0,0,0,88,2026-02-06 14:02:06.920231
SPNG,24.01,24.41,24.76,2350300.0,7000.0,2137700.0,7000.0,0,0,0,0,0,0,0,0,0,0,0,0,0,0,0,0,0,0,0,0,0,0,0,0,0,0,0,0,89,2026-02-06 14:02:07.982199
SMMR,26.22,26.24,26.26,1873400.0,,1973800.0,,0,0,0,0,0,0,0,0,0,0,0,0,0,0,0,0,0,0,0,0,0,0,0,0,0,0,0,0,89,2026-02-06 14:02:07.982199
ATMN,24.25,24.52,24.74,2476200.0,,2312300.0,,0,0,0,0,0,0,0,0,0,0,0,0,0,0,0,0,0,0,0,0,0,0,0,0,0,0,0,0,89,2026-02-06 14:02:07.982199
WNTR,25.59,25.35,25.59,1649600.0,,2037100.0,,0,0,0,0,0,0,0,0,0,0,0,0,0,0,0,0,0,0,0,0,0,0,0,0,0,0,0,0,89,2026-02-06 14:02:07.982199
SPNG,24.41,24.63,24.72,2286300.0,7000.0,2161300.0,7000.0,0,0,0,0,0,0,0,0,0,0,0,0,0,0,0,0,0,0,0,0,0,0,0,0,0,0,0,0,90,2026-02-06 14:02:08.603887
SMMR,26.22,26.24,26.26,1996100.0,,2001400.0,,0,0,0,0,0,0,0,0,0,0,0,0,0,0,0,0,0,0,0,0,0,0,0,0,0,0,0,0,90,2026-02-06 14:02:08.603887
ATMN,24.53,24.52,24.53,2342700.0,7000.0,2281600.0,7000.0,0,0,0,0,0,0,0,0,0,0,0,0,0,0,0,0,0,0,0,0,0,0,0,0,0,0,0,0,90,2026-02-06 14:02:08.603887
WNTR,25.59,25.46,25.59,1770000.0,,2059600.0,,0,0,0,0,0,0,0,0,0,0,0,0,0,0,0,0,0,0,0,0,0,0,0,0,0,0,0,0,90,2026-02-06 14:02:08.603887
SPNG,24.63,24.41,24.44,2350300.0,7000.0,2172300.0,7000.0,0,0,0,0,0,0,0,0,0,0,0,0,0,0,0,0,0,0,0,0,0,0,0,0,0,0,0,0,91,2026-02-06 14:02:09.655416
SMMR,26.21,26.21,26.26,2107500.0,,2001400.0,,0,0,0,0,0,0,0,0,0,0,0,0,0,0,0,0,0,0,0,0,0,0,0,0,0,0,0,0,91,2026-02-06 14:02:09.655416
ATMN,24.74,24.52,24.73,2342700.0,7000.0,2164700.0,14000.0,0,0,0,0,0,0,0,0,0,0,0,0,0,0,0,0,0,0,0,0,0,0,0,0,0,0,0,0,91,2026-02-06 14:02:09.655416
WNTR,25.46,25.46,25.54,1770000.0,,2034800.0,,0,0,0,0,0,0,0,0,0,0,0,0,0,0,0,0,0,0,0,0,0,0,0,0,0,0,0,0,91,2026-02-06 14:02:09.655416
SPNG,24.44,24.21,24.44,2363400.0,7000.0,2172300.0,7000.0,0,0,0,0,0,0,0,0,0,0,0,0,0,0,0,0,0,0,0,0,0,0,0,0,0,0,0,0,92,2026-02-06 14:02:10.706806
SMMR,26.18,26.13,26.14,1867200.0,,2052700.0,,0,0,0,0,0,0,0,0,0,0,0,0,0,0,0,0,0,0,0,0,0,0,0,0,0,0,0,0,92,2026-02-06 14:02:10.706806
ATMN,24.73,24.25,24.73,2354100.0,7000.0,2390900.0,,0,0,0,0,0,0,0,0,0,0,0,0,0,0,0,0,0,0,0,0,0,0,0,0,0,0,0,0,92,2026-02-06 14:02:10.706806
WNTR,25.3,25.3,25.54,1781700.0,,2034800.0,,0,0,0,0,0,0,0,0,0,0,0,0,0,0,0,0,0,0,0,0,0,0,0,0,0,0,0,0,92,2026-02-06 14:02:10.706806
SPNG,24.44,24.3,24.43,2282200.0,7000.0,7000.0,2172300.0,0,0,0,0,0,0,0,0,0,0,0,0,0,0,0,0,0,0,0,0,0,0,0,0,0,0,0,0,93,2026-02-06 14:02:11.752168
SMMR,26.13,26.13,26.14,1968600.0,,,2073600.0,0,0,0,0,0,0,0,0,0,0,0,0,0,0,0,0,0,0,0,0,0,0,0,0,0,0,0,0,93,2026-02-06 14:02:11.752168
ATMN,24.73,24.31,24.73,2335200.0,7000.0,7000.0,2306200.0,0,0,0,0,0,0,0,0,0,0,0,0,0,0,0,0,0,0,0,0,0,0,0,0,0,0,0,0,93,2026-02-06 14:02:11.752168
WNTR,25.62,25.3,25.62,1781700.0,,,2056300.0,0,0,0,0,0,0,0,0,0,0,0,0,0,0,0,0,0,0,0,0,0,0,0,0,0,0,0,0,93,2026-02-06 14:02:11.752168
SPNG,24.57,24.3,24.55,2286600.0,7000.0,2182500.0,7000.0,0,0,0,0,0,0,0,0,0,0,0,0,0,0,0,0,0,0,0,0,0,0,0,0,0,0,0,0,94,2026-02-06 14:02:12.807628
SMMR,26.13,26.13,26.17,1957400.0,,2045000.0,,0,0,0,0,0,0,0,0,0,0,0,0,0,0,0,0,0,0,0,0,0,0,0,0,0,0,0,0,94,2026-02-06 14:02:12.807628
ATMN,24.73,24.56,24.73,2138500.0,17000.0,2301800.0,7000.0,0,0,0,0,0,0,0,0,0,0,0,0,0,0,0,0,0,0,0,0,0,0,0,0,0,0,0,0,94,2026-02-06 14:02:12.807628
WNTR,25.38,25.31,25.38,1876700.0,,2022000.0,,0,0,0,0,0,0,0,0,0,0,0,0,0,0,0,0,0,0,0,0,0,0,0,0,0,0,0,0,94,2026-02-06 14:02:12.807628
SPNG,24.61,24.3,24.57,14000.0,2148400.0,2186900.0,7000.0,0,0,0,0,0,0,0,0,0,0,0,0,0,0,0,0,0,0,0,0,0,0,0,0,0,0,0,0,95,2026-02-06 14:02:13.852228
SMMR,26.08,26.12,26.17,,1946100.0,2045000.0,,0,0,0,0,0,0,0,0,0,0,0,0,0,0,0,0,0,0,0,0,0,0,0,0,0,0,0,0,95,2026-02-06 14:02:13.852228
ATMN,24.68,24.68,24.73,20000.0,2123500.0,2301800.0,7000.0,0,0,0,0,0,0,0,0,0,0,0,0,0,0,0,0,0,0,0,0,0,0,0,0,0,0,0,0,95,2026-02-06 14:02:13.852228
WNTR,25.62,25.31,25.62,,1876700.0,2043000.0,,0,0,0,0,0,0,0,0,0,0,0,0,0,0,0,0,0,0,0,0,0,0,0,0,0,0,0,0,95,2026-02-06 14:02:13.852228
SPNG,24.61,24.21,24.27,2313700.0,7000.0,2189400.0,7000.0,0,0,0,0,0,0,0,0,0,0,0,0,0,0,0,0,0,0,0,0,0,0,0,0,0,0,0,0,96,2026-02-06 14:02:14.906626
SMMR,26.08,26.12,26.17,2078400.0,,2025700.0,,0,0,0,0,0,0,0,0,0,0,0,0,0,0,0,0,0,0,0,0,0,0,0,0,0,0,0,0,96,2026-02-06 14:02:14.906626
ATMN,24.77,24.68,24.74,2123500.0,20000.0,2434500.0,,0,0,0,0,0,0,0,0,0,0,0,0,0,0,0,0,0,0,0,0,0,0,0,0,0,0,0,0,96,2026-02-06 14:02:14.906626
WNTR,25.62,25.48,25.5,2003000.0,,2008100.0,,0,0,0,0,0,0,0,0,0,0,0,0,0,0,0,0,0,0,0,0,0,0,0,0,0,0,0,0,96,2026-02-06 14:02:14.906626
SPNG,24.72,24.39,24.72,2320600.0,7000.0,2141000.0,7000.0,0,0,0,0,0,0,0,0,0,0,0,0,0,0,0,0,0,0,0,0,0,0,0,0,0,0,0,0,97,2026-02-06 14:02:15.966895
SMMR,26.08,26.12,26.17,2213000.0,,2018400.0,,0,0,0,0,0,0,0,0,0,0,0,0,0,0,0,0,0,0,0,0,0,0,0,0,0,0,0,0,97,2026-02-06 14:02:15.966895
ATMN,24.64,24.69,24.74,2099200.0,20000.0,2315500.0,7000.0,0,0,0,0,0,0,0,0,0,0,0,0,0,0,0,0,0,0,0,0,0,0,0,0,0,0,0,0,97,2026-02-06 14:02:15.966895
WNTR,25.48,25.48,25.5,2119100.0,,2017300.0,,0,0,0,0,0,0,0,0,0,0,0,0,0,0,0,0,0,0,0,0,0,0,0,0,0,0,0,0,97,2026-02-06 14:02:15.966895
SPNG,24.59,24.54,24.59,2135200.0,14000.0,2171800.0,7000.0,0,0,0,0,0,0,0,0,0,0,0,0,0,0,0,0,0,0,0,0,0,0,0,0,0,0,0,0,98,2026-02-06 14:02:17.051636
SMMR,26.08,26.12,26.17,2233200.0,,2018400.0,,0,0,0,0,0,0,0,0,0,0,0,0,0,0,0,0,0,0,0,0,0,0,0,0,0,0,0,0,98,2026-02-06 14:02:17.051636
ATMN,24.74,24.61,24.74,2218700.0,7000.0,2343400.0,7000.0,0,0,0,0,0,0,0,0,0,0,0,0,0,0,0,0,0,0,0,0,0,0,0,0,0,0,0,0,98,2026-02-06 14:02:17.051636
WNTR,25.4,25.4,25.56,1999000.0,,2019300.0,,0,0,0,0,0,0,0,0,0,0,0,0,0,0,0,0,0,0,0,0,0,0,0,0,0,0,0,0,98,2026-02-06 14:02:17.051636
SPNG,24.54,24.4,24.46,14000.0,2174600.0,2184100.0,7000.0,0,0,0,0,0,0,0,0,0,0,0,0,0,0,0,0,0,0,0,0,0,0,0,0,0,0,0,0,99,2026-02-06 14:02:17.700057
SMMR,26.08,26.08,26.1,,2213400.0,2017900.0,,0,0,0,0,0,0,0,0,0,0,0,0,0,0,0,0,0,0,0,0,0,0,0,0,0,0,0,0,99,2026-02-06 14:02:17.700057
ATMN,24.44,24.44,24.79,,2397800.0,2402400.0,,0,0,0,0,0,0,0,0,0,0,0,0,0,0,0,0,0,0,0,0,0,0,0,0,0,0,0,0,99,2026-02-06 14:02:17.700057
WNTR,25.4,25.4,25.48,,2116600.0,2019000.0,,0,0,0,0,0,0,0,0,0,0,0,0,0,0,0,0,0,0,0,0,0,0,0,0,0,0,0,0,99,2026-02-06 14:02:17.700057
SPNG,24.39,24.39,24.76,2298100.0,7000.0,2127100.0,7000.0,0,0,0,0,0,0,0,0,0,0,0,0,0,0,0,0,0,0,0,0,0,0,0,0,0,0,0,0,100,2026-02-06 14:02:18.796991
SMMR,26.02,26.02,26.1,2098700.0,,2017900.0,,0,0,0,0,0,0,0,0,0,0,0,0,0,0,0,0,0,0,0,0,0,0,0,0,0,0,0,0,100,2026-02-06 14:02:18.796991
ATMN,24.31,24.42,24.78,2354500.0,,2293400.0,7000.0,0,0,0,0,0,0,0,0,0,0,0,0,0,0,0,0,0,0,0,0,0,0,0,0,0,0,0,0,100,2026-02-06 14:02:18.796991
WNTR,25.56,25.4,25.56,2139800.0,,2046800.0,,0,0,0,0,0,0,0,0,0,0,0,0,0,0,0,0,0,0,0,0,0,0,0,0,0,0,0,0,100,2026-02-06 14:02:18.796991
SPNG,24.47,24.4,24.47,17000.0,2162900.0,2113900.0,7000.0,0,0,0,0,0,0,0,0,0,0,0,0,0,0,0,0,0,0,0,0,0,0,0,0,0,0,0,0,101,2026-02-06 14:02:19.859334
SMMR,26.21,26.02,26.21,,2098700.0,1986500.0,,0,0,0,0,0,0,0,0,0,0,0,0,0,0,0,0,0,0,0,0,0,0,0,0,0,0,0,0,101,2026-02-06 14:02:19.859334
ATMN,24.79,24.79,24.81,7000.0,2269700.0,2291100.0,7000.0,0,0,0,0,0,0,0,0,0,0,0,0,0,0,0,0,0,0,0,0,0,0,0,0,0,0,0,0,101,2026-02-06 14:02:19.859334
WNTR,25.4,25.31,25.36,,2123200.0,2021500.0,,0,0,0,0,0,0,0,0,0,0,0,0,0,0,0,0,0,0,0,0,0,0,0,0,0,0,0,0,101,2026-02-06 14:02:19.859334
SPNG,24.76,24.67,24.76,2109700.0,17000.0,2185600.0,,0,0,0,0,0,0,0,0,0,0,0,0,0,0,0,0,0,0,0,0,0,0,0,0,0,0,0,0,102,2026-02-06 14:02:20.933847
SMMR,26.21,26.17,26.21,2220700.0,,1986500.0,,0,0,0,0,0,0,0,0,0,0,0,0,0,0,0,0,0,0,0,0,0,0,0,0,0,0,0,0,102,2026-02-06 14:02:20.933847
ATMN,24.79,24.36,24.45,2135400.0,14000.0,2311000.0,7000.0,0,0,0,0,0,0,0,0,0,0,0,0,0,0,0,0,0,0,0,0,0,0,0,0,0,0,0,0,102,2026-02-06 14:02:20.933847
WNTR,25.51,25.31,25.33,2081800.0,,2039300.0,,0,0,0,0,0,0,0,0,0,0,0,0,0,0,0,0,0,0,0,0,0,0,0,0,0,0,0,0,102,2026-02-06 14:02:20.933847
SPNG,24.9,24.4,24.89,17000.0,2162900.0,2208200.0,,0,0,0,0,0,0,0,0,0,0,0,0,0,0,0,0,0,0,0,0,0,0,0,0,0,0,0,0,103,2026-02-06 14:02:21.989228
SMMR,26.17,26.17,26.21,,2215000.0,1986500.0,,0,0,0,0,0,0,0,0,0,0,0,0,0,0,0,0,0,0,0,0,0,0,0,0,0,0,0,0,103,2026-02-06 14:02:21.989228
ATMN,24.79,24.38,24.45,14000.0,2138500.0,2311000.0,7000.0,0,0,0,0,0,0,0,0,0,0,0,0,0,0,0,0,0,0,0,0,0,0,0,0,0,0,0,0,103,2026-02-06 14:02:21.989228
WNTR,25.48,25.31,25.4,,2081800.0,2050400.0,,0,0,0,0,0,0,0,0,0,0,0,0,0,0,0,0,0,0,0,0,0,0,0,0,0,0,0,0,103,2026-02-06 14:02:21.989228
SPNG,24.4,24.39,24.4,2260000.0,7000.0,2132300.0,7000.0,0,0,0,0,0,0,0,0,0,0,0,0,0,0,0,0,0,0,0,0,0,0,0,0,0,0,0,0,104,2026-02-06 14:02:23.042611
SMMR,26.15,26.15,26.23,2175300.0,,1986400.0,,0,0,0,0,0,0,0,0,0,0,0,0,0,0,0,0,0,0,0,0,0,0,0,0,0,0,0,0,104,2026-02-06 14:02:23.042611
ATMN,24.45,24.7,24.82,2164600.0,14000.0,2300400.0,7000.0,0,0,0,0,0,0,0,0,0,0,0,0,0,0,0,0,0,0,0,0,0,0,0,0,0,0,0,0,104,2026-02-06 14:02:23.042611
WNTR,25.56,25.34,25.37,2070800.0,,2015700.0,,0,0,0,0,0,0,0,0,0,0,0,0,0,0,0,0,0,0,0,0,0,0,0,0,0,0,0,0,104,2026-02-06 14:02:23.042611
SPNG,24.68,24.39,24.68,2260000.0,7000.0,1888600.0,21000.0,0,0,0,0,0,0,0,0,0,0,0,0,0,0,0,0,0,0,0,0,0,0,0,0,0,0,0,0,105,2026-02-06 14:02:24.145266
SMMR,26.24,26.12,26.22,2196700.0,,2006200.0,,0,0,0,0,0,0,0,0,0,0,0,0,0,0,0,0,0,0,0,0,0,0,0,0,0,0,0,0,105,2026-02-06 14:02:24.145266
ATMN,24.7,24.46,24.56,2149900.0,14000.0,2287000.0,7000.0,0,0,0,0,0,0,0,0,0,0,0,0,0,0,0,0,0,0,0,0,0,0,0,0,0,0,0,0,105,2026-02-06 14:02:24.145266
WNTR,25.37,25.52,25.53,2055200.0,,2050300.0,,0,0,0,0,0,0,0,0,0,0,0,0,0,0,0,0,0,0,0,0,0,0,0,0,0,0,0,0,105,2026-02-06 14:02:24.145266
SPNG,24.46,24.46,24.68,2287400.0,7000.0,1888600.0,21000.0,0,0,0,0,0,0,0,0,0,0,0,0,0,0,0,0,0,0,0,0,0,0,0,0,0,0,0,0,106,2026-02-06 14:02:24.753917
SMMR,26.24,26.12,26.19,2196700.0,,2027400.0,,0,0,0,0,0,0,0,0,0,0,0,0,0,0,0,0,0,0,0,0,0,0,0,0,0,0,0,0,106,2026-02-06 14:02:24.753917
ATMN,24.7,24.46,24.56,2143500.0,14000.0,2287000.0,7000.0,0,0,0,0,0,0,0,0,0,0,0,0,0,0,0,0,0,0,0,0,0,0,0,0,0,0,0,0,106,2026-02-06 14:02:24.753917
WNTR,25.37,25.52,25.53,2081000.0,,2050300.0,,0,0,0,0,0,0,0,0,0,0,0,0,0,0,0,0,0,0,0,0,0,0,0,0,0,0,0,0,106,2026-02-06 14:02:24.753917
SPNG,24.22,24.22,24.45,2402200.0,1983400.0,14000.0,,0,0,0,0,0,0,0,0,0,0,0,0,0,0,0,0,0,0,0,0,0,0,0,0,0,0,0,0,107,2026-02-06 14:02:25.809143
SMMR,26.19,26.13,26.19,2188800.0,2009000.0,,,0,0,0,0,0,0,0,0,0,0,0,0,0,0,0,0,0,0,0,0,0,0,0,0,0,0,0,0,107,2026-02-06 14:02:25.809143
ATMN,24.83,24.47,24.83,2143500.0,2393400.0,,14000.0,0,0,0,0,0,0,0,0,0,0,0,0,0,0,0,0,0,0,0,0,0,0,0,0,0,0,0,0,107,2026-02-06 14:02:25.809143
WNTR,25.43,25.43,25.53,2055400.0,2050300.0,,,0,0,0,0,0,0,0,0,0,0,0,0,0,0,0,0,0,0,0,0,0,0,0,0,0,0,0,0,107,2026-02-06 14:02:25.809143
SPNG,24.45,24.46,24.8,2290300.0,7000.0,2124800.0,7000.0,0,0,0,0,0,0,0,0,0,0,0,0,0,0,0,0,0,0,0,0,0,0,0,0,0,0,0,0,108,2026-02-06 14:02:26.856120
SMMR,26.22,26.13,26.22,2188800.0,,2006200.0,,0,0,0,0,0,0,0,0,0,0,0,0,0,0,0,0,0,0,0,0,0,0,0,0,0,0,0,0,108,2026-02-06 14:02:26.856120
ATMN,24.87,24.8,24.87,2263200.0,7000.0,2401700.0,,0,0,0,0,0,0,0,0,0,0,0,0,0,0,0,0,0,0,0,0,0,0,0,0,0,0,0,0,108,2026-02-06 14:02:26.856120
WNTR,25.53,25.43,25.53,2059300.0,,2059400.0,,0,0,0,0,0,0,0,0,0,0,0,0,0,0,0,0,0,0,0,0,0,0,0,0,0,0,0,0,108,2026-02-06 14:02:26.856120
SPNG,24.45,24.46,24.56,2303000.0,7000.0,1938100.0,21000.0,0,0,0,0,0,0,0,0,0,0,0,0,0,0,0,0,0,0,0,0,0,0,0,0,0,0,0,0,109,2026-02-06 14:02:27.896524
SMMR,26.15,26.13,26.15,2188800.0,,2020000.0,,0,0,0,0,0,0,0,0,0,0,0,0,0,0,0,0,0,0,0,0,0,0,0,0,0,0,0,0,109,2026-02-06 14:02:27.896524
ATMN,24.63,24.78,24.87,2265200.0,7000.0,2380000.0,,0,0,0,0,0,0,0,0,0,0,0,0,0,0,0,0,0,0,0,0,0,0,0,0,0,0,0,0,109,2026-02-06 14:02:27.896524
WNTR,25.42,25.42,25.56,2037700.0,,2028700.0,,0,0,0,0,0,0,0,0,0,0,0,0,0,0,0,0,0,0,0,0,0,0,0,0,0,0,0,0,109,2026-02-06 14:02:27.896524
SPNG,24.46,24.39,24.43,2179400.0,14000.0,2074100.0,14000.0,0,0,0,0,0,0,0,0,0,0,0,0,0,0,0,0,0,0,0,0,0,0,0,0,0,0,0,0,110,2026-02-06 14:02:28.933741
SMMR,26.24,26.12,26.24,2180200.0,,2012300.0,,0,0,0,0,0,0,0,0,0,0,0,0,0,0,0,0,0,0,0,0,0,0,0,0,0,0,0,0,110,2026-02-06 14:02:28.933741
ATMN,24.91,24.79,24.91,2151600.0,17000.0,2368900.0,,0,0,0,0,0,0,0,0,0,0,0,0,0,0,0,0,0,0,0,0,0,0,0,0,0,0,0,0,110,2026-02-06 14:02:28.933741
WNTR,25.58,25.45,25.58,2039400.0,,2018000.0,,0,0,0,0,0,0,0,0,0,0,0,0,0,0,0,0,0,0,0,0,0,0,0,0,0,0,0,0,110,2026-02-06 14:02:28.933741
SPNG,24.52,24.52,24.57,2196200.0,14000.0,2016100.0,14000.0,0,0,0,0,0,0,0,0,0,0,0,0,0,0,0,0,0,0,0,0,0,0,0,0,0,0,0,0,111,2026-02-06 14:02:29.969388
SMMR,26.26,26.12,26.26,2180200.0,,2059900.0,,0,0,0,0,0,0,0,0,0,0,0,0,0,0,0,0,0,0,0,0,0,0,0,0,0,0,0,0,111,2026-02-06 14:02:29.969388
ATMN,24.92,24.78,24.91,2265200.0,7000.0,2227000.0,7000.0,0,0,0,0,0,0,0,0,0,0,0,0,0,0,0,0,0,0,0,0,0,0,0,0,0,0,0,0,111,2026-02-06 14:02:29.969388
WNTR,25.58,25.45,25.58,2047100.0,,2018000.0,,0,0,0,0,0,0,0,0,0,0,0,0,0,0,0,0,0,0,0,0,0,0,0,0,0,0,0,0,111,2026-02-06 14:02:29.969388
SPNG,24.8,24.21,24.8,2420600.0,2113800.0,7000.0,,0,0,0,0,0,0,0,0,0,0,0,0,0,0,0,0,0,0,0,0,0,0,0,0,0,0,0,0,112,2026-02-06 14:02:31.006542
SMMR,26.26,26.2,26.26,2162200.0,2043100.0,,,0,0,0,0,0,0,0,0,0,0,0,0,0,0,0,0,0,0,0,0,0,0,0,0,0,0,0,0,112,2026-02-06 14:02:31.006542
ATMN,24.92,24.74,24.92,2283100.0,2227000.0,7000.0,7000.0,0,0,0,0,0,0,0,0,0,0,0,0,0,0,0,0,0,0,0,0,0,0,0,0,0,0,0,0,112,2026-02-06 14:02:31.006542
WNTR,25.58,25.45,25.58,2047800.0,2043300.0,,,0,0,0,0,0,0,0,0,0,0,0,0,0,0,0,0,0,0,0,0,0,0,0,0,0,0,0,0,112,2026-02-06 14:02:31.006542
SPNG,24.43,24.43,24.8,2325100.0,7000.0,2113800.0,7000.0,0,0,0,0,0,0,0,0,0,0,0,0,0,0,0,0,0,0,0,0,0,0,0,0,0,0,0,0,113,2026-02-06 14:02:32.047770
SMMR,26.26,26.03,26.26,2166300.0,,2061900.0,,0,0,0,0,0,0,0,0,0,0,0,0,0,0,0,0,0,0,0,0,0,0,0,0,0,0,0,0,113,2026-02-06 14:02:32.047770
ATMN,24.96,24.74,24.79,2283100.0,7000.0,2245400.0,7000.0,0,0,0,0,0,0,0,0,0,0,0,0,0,0,0,0,0,0,0,0,0,0,0,0,0,0,0,0,113,2026-02-06 14:02:32.047770
WNTR,25.42,25.42,25.46,2052200.0,,2014600.0,,0,0,0,0,0,0,0,0,0,0,0,0,0,0,0,0,0,0,0,0,0,0,0,0,0,0,0,0,113,2026-02-06 14:02:32.047770
SPNG,24.79,24.79,24.8,2415700.0,2218700.0,,,0,0,0,0,0,0,0,0,0,0,0,0,0,0,0,0,0,0,0,0,0,0,0,0,0,0,0,0,114,2026-02-06 14:02:33.091664
SMMR,26.26,26.12,26.26,2187700.0,2059500.0,,,0,0,0,0,0,0,0,0,0,0,0,0,0,0,0,0,0,0,0,0,0,0,0,0,0,0,0,0,114,2026-02-06 14:02:33.091664
ATMN,24.96,24.75,24.79,1972700.0,2245400.0,27000.0,7000.0,0,0,0,0,0,0,0,0,0,0,0,0,0,0,0,0,0,0,0,0,0,0,0,0,0,0,0,0,114,2026-02-06 14:02:33.091664
WNTR,25.44,25.57,25.58,2058800.0,2044400.0,,,0,0,0,0,0,0,0,0,0,0,0,0,0,0,0,0,0,0,0,0,0,0,0,0,0,0,0,0,114,2026-02-06 14:02:33.091664
SPNG,24.79,24.21,24.27,2416800.0,2296100.0,,0,0,0,0,0,0,0,0,0,0,0,0,0,0,0,0,0,0,0,0,0,0,0,0,0,0,0,0,0,115,2026-02-06 14:02:34.137773
SMMR,26.25,26.12,26.2,2156900.0,2070400.0,,0,0,0,0,0,0,0,0,0,0,0,0,0,0,0,0,0,0,0,0,0,0,0,0,0,0,0,0,0,115,2026-02-06 14:02:34.137773
ATMN,24.96,24.8,24.96,2147900.0,2380100.0,20000.0,0,0,0,0,0,0,0,0,0,0,0,0,0,0,0,0,0,0,0,0,0,0,0,0,0,0,0,0,0,115,2026-02-06 14:02:34.137773
WNTR,25.42,25.42,25.6,2109800.0,2062500.0,,0,0,0,0,0,0,0,0,0,0,0,0,0,0,0,0,0,0,0,0,0,0,0,0,0,0,0,0,0,115,2026-02-06 14:02:34.137773
SPNG,24.53,24.19,24.45,2417900.0,2300000.0,0,0,0,0,0,0,0,0,0,0,0,0,0,0,0,0,0,0,0,0,0,0,0,0,0,0,0,0,0,0,116,2026-02-06 14:02:35.236375
SMMR,26.27,26.24,26.27,2163900.0,2058000.0,0,0,0,0,0,0,0,0,0,0,0,0,0,0,0,0,0,0,0,0,0,0,0,0,0,0,0,0,0,0,116,2026-02-06 14:02:35.236375
ATMN,24.69,24.69,24.96,2366900.0,2387200.0,0,0,0,0,0,0,0,0,0,0,0,0,0,0,0,0,0,0,0,0,0,0,0,0,0,0,0,0,0,0,116,2026-02-06 14:02:35.236375
WNTR,25.42,25.42,25.6,2116900.0,2062500.0,0,0,0,0,0,0,0,0,0,0,0,0,0,0,0,0,0,0,0,0,0,0,0,0,0,0,0,0,0,0,116,2026-02-06 14:02:35.236375
SPNG,24.66,24.37,24.66,2389700.0,2264900.0,0,0,0,0,0,0,0,0,0,0,0,0,0,0,0,0,0,0,0,0,0,0,0,0,0,0,0,0,0,0,117,2026-02-06 14:02:35.822569
SMMR,26.27,26.12,26.27,2151400.0,2047900.0,0,0,0,0,0,0,0,0,0,0,0,0,0,0,0,0,0,0,0,0,0,0,0,0,0,0,0,0,0,0,117,2026-02-06 14:02:35.822569
ATMN,24.97,24.92,24.97,2350400.0,2390000.0,0,0,0,0,0,0,0,0,0,0,0,0,0,0,0,0,0,0,0,0,0,0,0,0,0,0,0,0,0,0,117,2026-02-06 14:02:35.822569
WNTR,25.42,25.42,25.59,2116900.0,2032600.0,0,0,0,0,0,0,0,0,0,0,0,0,0,0,0,0,0,0,0,0,0,0,0,0,0,0,0,0,0,0,117,2026-02-06 14:02:35.822569
SPNG,24.2,24.6,24.66,2419900.0,2264900.0,0,0,0,0,0,0,0,0,0,0,0,0,0,0,0,0,0,0,0,0,0,0,0,0,0,0,0,0,0,0,118,2026-02-06 14:02:36.899212
SMMR,26.12,26.12,26.27,2148700.0,2055100.0,0,0,0,0,0,0,0,0,0,0,0,0,0,0,0,0,0,0,0,0,0,0,0,0,0,0,0,0,0,0,118,2026-02-06 14:02:36.899212
ATMN,24.92,24.92,24.97,2350400.0,2381200.0,0,0,0,0,0,0,0,0,0,0,0,0,0,0,0,0,0,0,0,0,0,0,0,0,0,0,0,0,0,0,118,2026-02-06 14:02:36.899212
WNTR,25.42,25.42,25.59,2141500.0,2032600.0,0,0,0,0,0,0,0,0,0,0,0,0,0,0,0,0,0,0,0,0,0,0,0,0,0,0,0,0,0,0,118,2026-02-06 14:02:36.899212
SPNG,24.19,24.19,24.66,2436100.0,2264900.0,0,0,0,0,0,0,0,0,0,0,0,0,0,0,0,0,0,0,0,0,0,0,0,0,0,0,0,0,0,0,119,2026-02-06 14:02:37.954339
SMMR,26.12,26.18,26.27,2167800.0,2055100.0,0,0,0,0,0,0,0,0,0,0,0,0,0,0,0,0,0,0,0,0,0,0,0,0,0,0,0,0,0,0,119,2026-02-06 14:02:37.954339
ATMN,24.75,24.69,24.75,2337100.0,2408200.0,0,0,0,0,0,0,0,0,0,0,0,0,0,0,0,0,0,0,0,0,0,0,0,0,0,0,0,0,0,0,119,2026-02-06 14:02:37.954339
WNTR,25.62,25.42,25.62,2141500.0,2047400.0,0,0,0,0,0,0,0,0,0,0,0,0,0,0,0,0,0,0,0,0,0,0,0,0,0,0,0,0,0,0,119,2026-02-06 14:02:37.954339
SPNG,24.51,25.16,0.0,200000.0,,0,0,0,0,0,0,0,0,0,0,0,0,0,0,0,0,0,0,0,0,0,0,0,0,0,0,0,0,0,0,120,2026-02-06 14:02:39.007958
SMMR,26.12,26.03,0.0,200000.0,,0,0,0,0,0,0,0,0,0,0,0,0,0,0,0,0,0,0,0,0,0,0,0,0,0,0,0,0,0,0,120,2026-02-06 14:02:39.007958
ATMN,24.99,24.51,0.0,926000.0,918200.0,0,0,0,0,0,0,0,0,0,0,0,0,0,0,0,0,0,0,0,0,0,0,0,0,0,0,0,0,0,0,120,2026-02-06 14:02:39.007958
WNTR,25.49,25.6,0.0,879700.0,840600.0,0,0,0,0,0,0,0,0,0,0,0,0,0,0,0,0,0,0,0,0,0,0,0,0,0,0,0,0,0,0,120,2026-02-06 14:02:39.007958
SPNG,25.16,25.16,25.34,1036000.0,935900.0,7000.0,0,0,0,0,0,0,0,0,0,0,0,0,0,0,0,0,0,0,0,0,0,0,0,0,0,0,0,0,0,121,2026-02-06 14:02:40.093569
SMMR,26.12,27.13,27.19,822600.0,1111900.0,,0,0,0,0,0,0,0,0,0,0,0,0,0,0,0,0,0,0,0,0,0,0,0,0,0,0,0,0,0,121,2026-02-06 14:02:40.093569
ATMN,24.51,24.51,24.72,957200.0,1181100.0,,0,0,0,0,0,0,0,0,0,0,0,0,0,0,0,0,0,0,0,0,0,0,0,0,0,0,0,0,0,121,2026-02-06 14:02:40.093569
WNTR,25.6,25.6,25.74,879700.0,961600.0,,0,0,0,0,0,0,0,0,0,0,0,0,0,0,0,0,0,0,0,0,0,0,0,0,0,0,0,0,0,121,2026-02-06 14:02:40.093569
SPNG,25.16,25.16,25.18,1045300.0,7000.0,1123400.0,7000.0,0,0,0,0,0,0,0,0,0,0,0,0,0,0,0,0,0,0,0,0,0,0,0,0,0,0,0,0,122,2026-02-06 14:02:41.154131
SMMR,27.07,27.07,27.1,820800.0,,1309400.0,,0,0,0,0,0,0,0,0,0,0,0,0,0,0,0,0,0,0,0,0,0,0,0,0,0,0,0,0,122,2026-02-06 14:02:41.154131
ATMN,24.51,24.34,24.35,1234200.0,7000.0,1301000.0,7000.0,0,0,0,0,0,0,0,0,0,0,0,0,0,0,0,0,0,0,0,0,0,0,0,0,0,0,0,0,122,2026-02-06 14:02:41.154131
WNTR,25.74,25.78,25.8,979700.0,,1035500.0,,0,0,0,0,0,0,0,0,0,0,0,0,0,0,0,0,0,0,0,0,0,0,0,0,0,0,0,0,122,2026-02-06 14:02:41.154131
SPNG,25.16,24.9,24.91,1046200.0,14000.0,1372900.0,7000.0,0,0,0,0,0,0,0,0,0,0,0,0,0,0,0,0,0,0,0,0,0,0,0,0,0,0,0,0,123,2026-02-06 14:02:42.207510
SMMR,27.07,26.03,27.04,824700.0,,1660100.0,,0,0,0,0,0,0,0,0,0,0,0,0,0,0,0,0,0,0,0,0,0,0,0,0,0,0,0,0,123,2026-02-06 14:02:42.207510
ATMN,24.72,24.34,24.71,1234200.0,7000.0,1570600.0,7000.0,0,0,0,0,0,0,0,0,0,0,0,0,0,0,0,0,0,0,0,0,0,0,0,0,0,0,0,0,123,2026-02-06 14:02:42.207510
WNTR,25.74,25.78,25.8,979700.0,,1361700.0,,0,0,0,0,0,0,0,0,0,0,0,0,0,0,0,0,0,0,0,0,0,0,0,0,0,0,0,0,123,2026-02-06 14:02:42.207510
SPNG,25.31,25.14,25.31,1244900.0,7000.0,1151900.0,7000.0,0,0,0,0,0,0,0,0,0,0,0,0,0,0,0,0,0,0,0,0,0,0,0,0,0,0,0,0,124,2026-02-06 14:02:43.292385
SMMR,27.07,26.03,26.23,824700.0,,1986000.0,,0,0,0,0,0,0,0,0,0,0,0,0,0,0,0,0,0,0,0,0,0,0,0,0,0,0,0,0,124,2026-02-06 14:02:43.292385
ATMN,24.71,24.34,24.71,1234200.0,7000.0,1784500.0,7000.0,0,0,0,0,0,0,0,0,0,0,0,0,0,0,0,0,0,0,0,0,0,0,0,0,0,0,0,0,124,2026-02-06 14:02:43.292385
WNTR,25.6,25.6,25.66,894900.0,,1607200.0,,0,0,0,0,0,0,0,0,0,0,0,0,0,0,0,0,0,0,0,0,0,0,0,0,0,0,0,0,124,2026-02-06 14:02:43.292385
SPNG,25.17,25.14,25.17,1244900.0,7000.0,1274900.0,14000.0,0,0,0,0,0,0,0,0,0,0,0,0,0,0,0,0,0,0,0,0,0,0,0,0,0,0,0,0,125,2026-02-06 14:02:43.877487
SMMR,27.07,26.03,26.14,824700.0,,2032400.0,,0,0,0,0,0,0,0,0,0,0,0,0,0,0,0,0,0,0,0,0,0,0,0,0,0,0,0,0,125,2026-02-06 14:02:43.877487
ATMN,24.34,24.16,24.25,1122500.0,7000.0,1924300.0,7000.0,0,0,0,0,0,0,0,0,0,0,0,0,0,0,0,0,0,0,0,0,0,0,0,0,0,0,0,0,125,2026-02-06 14:02:43.877487
WNTR,25.4,25.56,25.66,1008000.0,,1607200.0,,0,0,0,0,0,0,0,0,0,0,0,0,0,0,0,0,0,0,0,0,0,0,0,0,0,0,0,0,125,2026-02-06 14:02:43.877487
SPNG,24.75,25.0,25.33,1140500.0,7000.0,14000.0,1029200.0,0,0,0,0,0,0,0,0,0,0,0,0,0,0,0,0,0,0,0,0,0,0,0,0,0,0,0,0,126,2026-02-06 14:02:44.942065
SMMR,26.09,26.03,26.08,824700.0,,,2057800.0,0,0,0,0,0,0,0,0,0,0,0,0,0,0,0,0,0,0,0,0,0,0,0,0,0,0,0,0,126,2026-02-06 14:02:44.942065
ATMN,24.25,24.22,24.25,1500400.0,7000.0,7000.0,1924300.0,0,0,0,0,0,0,0,0,0,0,0,0,0,0,0,0,0,0,0,0,0,0,0,0,0,0,0,0,126,2026-02-06 14:02:44.942065
WNTR,25.66,25.63,25.66,1209400.0,,,1607200.0,0,0,0,0,0,0,0,0,0,0,0,0,0,0,0,0,0,0,0,0,0,0,0,0,0,0,0,0,126,2026-02-06 14:02:44.942065
SPNG,25.37,25.0,25.37,1381800.0,14000.0,1042300.0,,0,0,0,0,0,0,0,0,0,0,0,0,0,0,0,0,0,0,0,0,0,0,0,0,0,0,0,0,127,2026-02-06 14:02:46.008207
SMMR,26.14,26.03,26.14,824700.0,,2028300.0,,0,0,0,0,0,0,0,0,0,0,0,0,0,0,0,0,0,0,0,0,0,0,0,0,0,0,0,0,127,2026-02-06 14:02:46.008207
ATMN,24.22,24.22,24.71,1649200.0,7000.0,1784500.0,7000.0,0,0,0,0,0,0,0,0,0,0,0,0,0,0,0,0,0,0,0,0,0,0,0,0,0,0,0,0,127,2026-02-06 14:02:46.008207
WNTR,25.68,25.77,25.8,1450100.0,,1361700.0,,0,0,0,0,0,0,0,0,0,0,0,0,0,0,0,0,0,0,0,0,0,0,0,0,0,0,0,0,127,2026-02-06 14:02:46.008207
SPNG,25.39,25.0,25.36,1381800.0,14000.0,1269100.0,,0,0,0,0,0,0,0,0,0,0,0,0,0,0,0,0,0,0,0,0,0,0,0,0,0,0,0,0,128,2026-02-06 14:02:47.081517
SMMR,26.14,25.9,26.14,837000.0,,2028300.0,,0,0,0,0,0,0,0,0,0,0,0,0,0,0,0,0,0,0,0,0,0,0,0,0,0,0,0,0,128,2026-02-06 14:02:47.081517
ATMN,24.22,24.22,24.52,1812300.0,7000.0,2159900.0,7000.0,0,0,0,0,0,0,0,0,0,0,0,0,0,0,0,0,0,0,0,0,0,0,0,0,0,0,0,0,128,2026-02-06 14:02:47.081517
WNTR,25.77,25.63,25.72,1325000.0,,1657700.0,,0,0,0,0,0,0,0,0,0,0,0,0,0,0,0,0,0,0,0,0,0,0,0,0,0,0,0,0,128,2026-02-06 14:02:47.081517
SPNG,25.39,25.02,25.36,1589900.0,7000.0,1471100.0,7000.0,0,0,0,0,0,0,0,0,0,0,0,0,0,0,0,0,0,0,0,0,0,0,0,0,0,0,0,0,129,2026-02-06 14:02:48.125634
SMMR,25.95,25.95,26.14,939100.0,,2028300.0,,0,0,0,0,0,0,0,0,0,0,0,0,0,0,0,0,0,0,0,0,0,0,0,0,0,0,0,0,129,2026-02-06 14:02:48.125634
ATMN,24.22,24.22,24.52,2227800.0,14000.0,2159900.0,14000.0,0,0,0,0,0,0,0,0,0,0,0,0,0,0,0,0,0,0,0,0,0,0,0,0,0,0,0,0,129,2026-02-06 14:02:48.125634
WNTR,25.63,25.56,25.6,1338900.0,,1666400.0,,0,0,0,0,0,0,0,0,0,0,0,0,0,0,0,0,0,0,0,0,0,0,0,0,0,0,0,0,129,2026-02-06 14:02:48.125634
SPNG,25.28,25.02,25.28,1589900.0,7000.0,1592100.0,7000.0,0,0,0,0,0,0,0,0,0,0,0,0,0,0,0,0,0,0,0,0,0,0,0,0,0,0,0,0,130,2026-02-06 14:02:49.168322
SMMR,25.96,25.96,26.14,1160500.0,,2028300.0,,0,0,0,0,0,0,0,0,0,0,0,0,0,0,0,0,0,0,0,0,0,0,0,0,0,0,0,0,130,2026-02-06 14:02:49.168322
ATMN,24.52,24.22,24.52,2227800.0,7000.0,2322500.0,7000.0,0,0,0,0,0,0,0,0,0,0,0,0,0,0,0,0,0,0,0,0,0,0,0,0,0,0,0,0,130,2026-02-06 14:02:49.168322
WNTR,25.63,25.56,25.6,1444800.0,,1875200.0,,0,0,0,0,0,0,0,0,0,0,0,0,0,0,0,0,0,0,0,0,0,0,0,0,0,0,0,0,130,2026-02-06 14:02:49.168322
SPNG,25.0,25.0,25.39,1477500.0,7000.0,1466700.0,,0,0,0,0,0,0,0,0,0,0,0,0,0,0,0,0,0,0,0,0,0,0,0,0,0,0,0,0,131,2026-02-06 14:02:50.216433
SMMR,25.9,25.9,26.14,966000.0,,2060400.0,,0,0,0,0,0,0,0,0,0,0,0,0,0,0,0,0,0,0,0,0,0,0,0,0,0,0,0,0,131,2026-02-06 14:02:50.216433
ATMN,24.4,24.22,24.31,2364600.0,7000.0,2367500.0,7000.0,0,0,0,0,0,0,0,0,0,0,0,0,0,0,0,0,0,0,0,0,0,0,0,0,0,0,0,0,131,2026-02-06 14:02:50.216433
WNTR,25.62,25.56,25.62,1444800.0,,1886500.0,,0,0,0,0,0,0,0,0,0,0,0,0,0,0,0,0,0,0,0,0,0,0,0,0,0,0,0,0,131,2026-02-06 14:02:50.216433
SPNG,25.0,25.03,25.28,17000.0,1616600.0,1816900.0,,0,0,0,0,0,0,0,0,0,0,0,0,0,0,0,0,0,0,0,0,0,0,0,0,0,0,0,0,132,2026-02-06 14:02:51.325121
SMMR,25.96,25.96,26.14,,1154700.0,2054100.0,,0,0,0,0,0,0,0,0,0,0,0,0,0,0,0,0,0,0,0,0,0,0,0,0,0,0,0,0,132,2026-02-06 14:02:51.325121
ATMN,24.4,24.51,24.52,7000.0,2463600.0,2253900.0,14000.0,0,0,0,0,0,0,0,0,0,0,0,0,0,0,0,0,0,0,0,0,0,0,0,0,0,0,0,0,132,2026-02-06 14:02:51.325121
WNTR,25.68,25.55,25.68,,1345600.0,1764500.0,,0,0,0,0,0,0,0,0,0,0,0,0,0,0,0,0,0,0,0,0,0,0,0,0,0,0,0,0,132,2026-02-06 14:02:51.325121
SPNG,24.92,24.92,25.28,1619600.0,7000.0,1816900.0,,0,0,0,0,0,0,0,0,0,0,0,0,0,0,0,0,0,0,0,0,0,0,0,0,0,0,0,0,133,2026-02-06 14:02:51.945440
SMMR,26.14,25.96,26.14,1154700.0,,2059100.0,,0,0,0,0,0,0,0,0,0,0,0,0,0,0,0,0,0,0,0,0,0,0,0,0,0,0,0,0,133,2026-02-06 14:02:51.945440
ATMN,24.29,24.22,24.29,2481800.0,7000.0,2393200.0,7000.0,0,0,0,0,0,0,0,0,0,0,0,0,0,0,0,0,0,0,0,0,0,0,0,0,0,0,0,0,133,2026-02-06 14:02:51.945440
WNTR,25.68,25.55,25.68,1345600.0,,1974200.0,,0,0,0,0,0,0,0,0,0,0,0,0,0,0,0,0,0,0,0,0,0,0,0,0,0,0,0,0,133,2026-02-06 14:02:51.945440
SPNG,25.04,25.04,25.28,1642700.0,7000.0,1937100.0,7000.0,0,0,0,0,0,0,0,0,0,0,0,0,0,0,0,0,0,0,0,0,0,0,0,0,0,0,0,0,134,2026-02-06 14:02:52.989037
SMMR,25.95,25.93,25.95,1176400.0,,2076200.0,,0,0,0,0,0,0,0,0,0,0,0,0,0,0,0,0,0,0,0,0,0,0,0,0,0,0,0,0,134,2026-02-06 14:02:52.989037
ATMN,24.55,24.22,24.36,2471500.0,7000.0,2430200.0,,0,0,0,0,0,0,0,0,0,0,0,0,0,0,0,0,0,0,0,0,0,0,0,0,0,0,0,0,134,2026-02-06 14:02:52.989037
WNTR,25.68,25.55,25.61,1566300.0,,2058800.0,,0,0,0,0,0,0,0,0,0,0,0,0,0,0,0,0,0,0,0,0,0,0,0,0,0,0,0,0,134,2026-02-06 14:02:52.989037
SPNG,24.8,24.8,25.15,1523900.0,14000.0,2043100.0,7000.0,0,0,0,0,0,0,0,0,0,0,0,0,0,0,0,0,0,0,0,0,0,0,0,0,0,0,0,0,135,2026-02-06 14:02:54.036433
SMMR,25.95,25.93,25.95,1372300.0,,2068900.0,,0,0,0,0,0,0,0,0,0,0,0,0,0,0,0,0,0,0,0,0,0,0,0,0,0,0,0,0,135,2026-02-06 14:02:54.036433
ATMN,24.36,24.29,24.36,2475700.0,7000.0,2335700.0,7000.0,0,0,0,0,0,0,0,0,0,0,0,0,0,0,0,0,0,0,0,0,0,0,0,0,0,0,0,0,135,2026-02-06 14:02:54.036433
WNTR,25.68,25.55,25.68,1756900.0,,1974200.0,,0,0,0,0,0,0,0,0,0,0,0,0,0,0,0,0,0,0,0,0,0,0,0,0,0,0,0,0,135,2026-02-06 14:02:54.036433
SPNG,25.21,25.21,25.28,1648500.0,14000.0,1952700.0,14000.0,0,0,0,0,0,0,0,0,0,0,0,0,0,0,0,0,0,0,0,0,0,0,0,0,0,0,0,0,136,2026-02-06 14:02:55.077370
SMMR,26.14,25.9,26.14,1517600.0,,2056000.0,,0,0,0,0,0,0,0,0,0,0,0,0,0,0,0,0,0,0,0,0,0,0,0,0,0,0,0,0,136,2026-02-06 14:02:55.077370
ATMN,24.62,24.62,24.64,2519000.0,7000.0,2276800.0,7000.0,0,0,0,0,0,0,0,0,0,0,0,0,0,0,0,0,0,0,0,0,0,0,0,0,0,0,0,0,136,2026-02-06 14:02:55.077370
WNTR,25.68,25.72,25.79,2195400.0,,1886500.0,,0,0,0,0,0,0,0,0,0,0,0,0,0,0,0,0,0,0,0,0,0,0,0,0,0,0,0,0,136,2026-02-06 14:02:55.077370
SPNG,25.21,24.8,25.16,1523900.0,7000.0,2024000.0,7000.0,0,0,0,0,0,0,0,0,0,0,0,0,0,0,0,0,0,0,0,0,0,0,0,0,0,0,0,0,137,2026-02-06 14:02:56.145484
SMMR,25.79,25.79,26.15,1328100.0,,2049000.0,,0,0,0,0,0,0,0,0,0,0,0,0,0,0,0,0,0,0,0,0,0,0,0,0,0,0,0,0,137,2026-02-06 14:02:56.145484
ATMN,24.54,24.54,24.64,2664000.0,,2276800.0,7000.0,0,0,0,0,0,0,0,0,0,0,0,0,0,0,0,0,0,0,0,0,0,0,0,0,0,0,0,0,137,2026-02-06 14:02:56.145484
WNTR,25.72,25.72,25.8,2206100.0,,1687200.0,,0,0,0,0,0,0,0,0,0,0,0,0,0,0,0,0,0,0,0,0,0,0,0,0,0,0,0,0,137,2026-02-06 14:02:56.145484
SPNG,25.16,24.91,25.16,1930600.0,7000.0,2024000.0,7000.0,0,0,0,0,0,0,0,0,0,0,0,0,0,0,0,0,0,0,0,0,0,0,0,0,0,0,0,0,138,2026-02-06 14:02:57.198674
SMMR,26.17,25.79,26.14,1328100.0,,2050400.0,,0,0,0,0,0,0,0,0,0,0,0,0,0,0,0,0,0,0,0,0,0,0,0,0,0,0,0,0,138,2026-02-06 14:02:57.198674
ATMN,24.22,24.61,24.64,2393200.0,14000.0,2276800.0,7000.0,0,0,0,0,0,0,0,0,0,0,0,0,0,0,0,0,0,0,0,0,0,0,0,0,0,0,0,0,138,2026-02-06 14:02:57.198674
WNTR,25.85,25.84,25.85,2178400.0,,1691600.0,,0,0,0,0,0,0,0,0,0,0,0,0,0,0,0,0,0,0,0,0,0,0,0,0,0,0,0,0,138,2026-02-06 14:02:57.198674
SPNG,24.91,24.91,25.43,1930600.0,14000.0,1993300.0,,0,0,0,0,0,0,0,0,0,0,0,0,0,0,0,0,0,0,0,0,0,0,0,0,0,0,0,0,139,2026-02-06 14:02:58.243165
SMMR,25.96,25.96,26.05,1562800.0,,2024900.0,,0,0,0,0,0,0,0,0,0,0,0,0,0,0,0,0,0,0,0,0,0,0,0,0,0,0,0,0,139,2026-02-06 14:02:58.243165
ATMN,23.95,24.09,24.63,2468300.0,7000.0,2303900.0,7000.0,0,0,0,0,0,0,0,0,0,0,0,0,0,0,0,0,0,0,0,0,0,0,0,0,0,0,0,0,139,2026-02-06 14:02:58.243165
WNTR,25.84,25.72,25.82,2193500.0,,1807800.0,,0,0,0,0,0,0,0,0,0,0,0,0,0,0,0,0,0,0,0,0,0,0,0,0,0,0,0,0,139,2026-02-06 14:02:58.243165
SPNG,24.96,25.16,25.24,2039300.0,21000.0,2094500.0,,0,0,0,0,0,0,0,0,0,0,0,0,0,0,0,0,0,0,0,0,0,0,0,0,0,0,0,0,140,2026-02-06 14:02:59.289937
SMMR,25.96,25.96,26.05,1557600.0,,2035600.0,,0,0,0,0,0,0,0,0,0,0,0,0,0,0,0,0,0,0,0,0,0,0,0,0,0,0,0,0,140,2026-02-06 14:02:59.289937
ATMN,24.25,24.25,24.63,2447100.0,7000.0,2337700.0,7000.0,0,0,0,0,0,0,0,0,0,0,0,0,0,0,0,0,0,0,0,0,0,0,0,0,0,0,0,0,140,2026-02-06 14:02:59.289937
WNTR,25.82,25.79,25.82,2165700.0,,1807800.0,,0,0,0,0,0,0,0,0,0,0,0,0,0,0,0,0,0,0,0,0,0,0,0,0,0,0,0,0,140,2026-02-06 14:02:59.289937
SPNG,25.24,24.91,25.24,1930600.0,14000.0,2054300.0,7000.0,0,0,0,0,0,0,0,0,0,0,0,0,0,0,0,0,0,0,0,0,0,0,0,0,0,0,0,0,141,2026-02-06 14:02:59.915850
SMMR,25.75,25.75,25.91,1314400.0,,2054300.0,,0,0,0,0,0,0,0,0,0,0,0,0,0,0,0,0,0,0,0,0,0,0,0,0,0,0,0,0,141,2026-02-06 14:02:59.915850
ATMN,24.09,24.09,24.63,2442200.0,7000.0,2321600.0,7000.0,0,0,0,0,0,0,0,0,0,0,0,0,0,0,0,0,0,0,0,0,0,0,0,0,0,0,0,0,141,2026-02-06 14:02:59.915850
WNTR,25.88,25.79,25.88,2165700.0,,1579200.0,,0,0,0,0,0,0,0,0,0,0,0,0,0,0,0,0,0,0,0,0,0,0,0,0,0,0,0,0,141,2026-02-06 14:02:59.915850
SPNG,24.97,24.97,25.24,2148000.0,14000.0,2054300.0,7000.0,0,0,0,0,0,0,0,0,0,0,0,0,0,0,0,0,0,0,0,0,0,0,0,0,0,0,0,0,142,2026-02-06 14:03:00.993953
SMMR,25.91,25.87,25.91,1631800.0,,2054300.0,,0,0,0,0,0,0,0,0,0,0,0,0,0,0,0,0,0,0,0,0,0,0,0,0,0,0,0,0,142,2026-02-06 14:03:00.993953
ATMN,23.95,23.95,24.39,2618700.0,,2185600.0,14000.0,0,0,0,0,0,0,0,0,0,0,0,0,0,0,0,0,0,0,0,0,0,0,0,0,0,0,0,0,142,2026-02-06 14:03:00.993953
WNTR,25.88,25.79,25.88,2184400.0,,1766400.0,,0,0,0,0,0,0,0,0,0,0,0,0,0,0,0,0,0,0,0,0,0,0,0,0,0,0,0,0,142,2026-02-06 14:03:00.993953
SPNG,24.97,24.92,24.94,21000.0,2171600.0,2146700.0,,0,0,0,0,0,0,0,0,0,0,0,0,0,0,0,0,0,0,0,0,0,0,0,0,0,0,0,0,143,2026-02-06 14:03:02.049579
SMMR,26.07,25.87,25.98,,1631800.0,2062800.0,,0,0,0,0,0,0,0,0,0,0,0,0,0,0,0,0,0,0,0,0,0,0,0,0,0,0,0,0,143,2026-02-06 14:03:02.049579
ATMN,23.95,24.32,24.38,,2594900.0,2070200.0,24000.0,0,0,0,0,0,0,0,0,0,0,0,0,0,0,0,0,0,0,0,0,0,0,0,0,0,0,0,0,143,2026-02-06 14:03:02.049579
WNTR,25.67,25.67,25.88,,2200300.0,1866800.0,,0,0,0,0,0,0,0,0,0,0,0,0,0,0,0,0,0,0,0,0,0,0,0,0,0,0,0,0,143,2026-02-06 14:03:02.049579
SPNG,25.43,25.26,25.39,2242600.0,14000.0,2081500.0,7000.0,0,0,0,0,0,0,0,0,0,0,0,0,0,0,0,0,0,0,0,0,0,0,0,0,0,0,0,0,144,2026-02-06 14:03:03.105400
SMMR,26.03,26.03,26.1,1851600.0,,2030900.0,,0,0,0,0,0,0,0,0,0,0,0,0,0,0,0,0,0,0,0,0,0,0,0,0,0,0,0,0,144,2026-02-06 14:03:03.105400
ATMN,24.41,24.28,24.41,2627000.0,,2207200.0,14000.0,0,0,0,0,0,0,0,0,0,0,0,0,0,0,0,0,0,0,0,0,0,0,0,0,0,0,0,0,144,2026-02-06 14:03:03.105400
WNTR,25.65,25.65,25.88,2192100.0,,1972500.0,,0,0,0,0,0,0,0,0,0,0,0,0,0,0,0,0,0,0,0,0,0,0,0,0,0,0,0,0,144,2026-02-06 14:03:03.105400
SPNG,24.91,24.91,25.39,2269700.0,14000.0,2102100.0,7000.0,0,0,0,0,0,0,0,0,0,0,0,0,0,0,0,0,0,0,0,0,0,0,0,0,0,0,0,0,145,2026-02-06 14:03:04.150471
SMMR,25.92,25.92,26.1,1864400.0,,2062600.0,,0,0,0,0,0,0,0,0,0,0,0,0,0,0,0,0,0,0,0,0,0,0,0,0,0,0,0,0,145,2026-02-06 14:03:04.150471
ATMN,24.44,23.95,24.26,2491400.0,7000.0,2358700.0,7000.0,0,0,0,0,0,0,0,0,0,0,0,0,0,0,0,0,0,0,0,0,0,0,0,0,0,0,0,0,145,2026-02-06 14:03:04.150471
WNTR,25.89,25.68,25.76,2165300.0,,1974800.0,,0,0,0,0,0,0,0,0,0,0,0,0,0,0,0,0,0,0,0,0,0,0,0,0,0,0,0,0,145,2026-02-06 14:03:04.150471
SPNG,25.18,24.84,25.01,21000.0,2084200.0,2125200.0,7000.0,0,0,0,0,0,0,0,0,0,0,0,0,0,0,0,0,0,0,0,0,0,0,0,0,0,0,0,0,146,2026-02-06 14:03:05.202664
SMMR,25.91,26.03,26.1,,1985500.0,2061600.0,,0,0,0,0,0,0,0,0,0,0,0,0,0,0,0,0,0,0,0,0,0,0,0,0,0,0,0,0,146,2026-02-06 14:03:05.202664
ATMN,24.26,24.41,24.44,7000.0,2496100.0,2233700.0,14000.0,0,0,0,0,0,0,0,0,0,0,0,0,0,0,0,0,0,0,0,0,0,0,0,0,0,0,0,0,146,2026-02-06 14:03:05.202664
WNTR,25.82,25.68,25.72,,2165300.0,2066300.0,,0,0,0,0,0,0,0,0,0,0,0,0,0,0,0,0,0,0,0,0,0,0,0,0,0,0,0,0,146,2026-02-06 14:03:05.202664
SPNG,25.18,24.83,25.01,2284500.0,7000.0,2125200.0,7000.0,0,0,0,0,0,0,0,0,0,0,0,0,0,0,0,0,0,0,0,0,0,0,0,0,0,0,0,0,147,2026-02-06 14:03:06.252773
SMMR,26.03,26.03,26.1,1985500.0,,2073000.0,,0,0,0,0,0,0,0,0,0,0,0,0,0,0,0,0,0,0,0,0,0,0,0,0,0,0,0,0,147,2026-02-06 14:03:06.252773
ATMN,24.41,24.41,24.44,2496100.0,7000.0,2375900.0,7000.0,0,0,0,0,0,0,0,0,0,0,0,0,0,0,0,0,0,0,0,0,0,0,0,0,0,0,0,0,147,2026-02-06 14:03:06.252773
WNTR,25.6,25.6,25.72,2203200.0,,2040500.0,,0,0,0,0,0,0,0,0,0,0,0,0,0,0,0,0,0,0,0,0,0,0,0,0,0,0,0,0,147,2026-02-06 14:03:06.252773
SPNG,25.39,24.98,25.39,2264300.0,7000.0,2110200.0,7000.0,0,0,0,0,0,0,0,0,0,0,0,0,0,0,0,0,0,0,0,0,0,0,0,0,0,0,0,0,148,2026-02-06 14:03:07.300848
SMMR,25.87,25.96,25.99,1835700.0,,2081300.0,,0,0,0,0,0,0,0,0,0,0,0,0,0,0,0,0,0,0,0,0,0,0,0,0,0,0,0,0,148,2026-02-06 14:03:07.300848
ATMN,24.28,23.95,24.28,2520100.0,7000.0,2375700.0,7000.0,0,0,0,0,0,0,0,0,0,0,0,0,0,0,0,0,0,0,0,0,0,0,0,0,0,0,0,0,148,2026-02-06 14:03:07.300848
WNTR,25.73,25.83,25.89,2158400.0,,2085100.0,,0,0,0,0,0,0,0,0,0,0,0,0,0,0,0,0,0,0,0,0,0,0,0,0,0,0,0,0,148,2026-02-06 14:03:07.300848
SPNG,25.15,24.98,25.15,2107700.0,14000.0,2103000.0,7000.0,0,0,0,0,0,0,0,0,0,0,0,0,0,0,0,0,0,0,0,0,0,0,0,0,0,0,0,0,149,2026-02-06 14:03:08.437743
SMMR,25.96,25.96,26.1,1835700.0,,2083700.0,,0,0,0,0,0,0,0,0,0,0,0,0,0,0,0,0,0,0,0,0,0,0,0,0,0,0,0,0,149,2026-02-06 14:03:08.437743
ATMN,24.52,24.15,24.52,2464100.0,7000.0,2469400.0,,0,0,0,0,0,0,0,0,0,0,0,0,0,0,0,0,0,0,0,0,0,0,0,0,0,0,0,0,149,2026-02-06 14:03:08.437743
WNTR,25.83,25.6,25.75,2167600.0,,2086300.0,,0,0,0,0,0,0,0,0,0,0,0,0,0,0,0,0,0,0,0,0,0,0,0,0,0,0,0,0,149,2026-02-06 14:03:08.437743
SPNG,25.15,24.98,25.15,1950800.0,21000.0,2005200.0,14000.0,0,0,0,0,0,0,0,0,0,0,0,0,0,0,0,0,0,0,0,0,0,0,0,0,0,0,0,0,150,2026-02-06 14:03:09.055010
SMMR,25.96,25.96,26.1,2051600.0,,2083700.0,,0,0,0,0,0,0,0,0,0,0,0,0,0,0,0,0,0,0,0,0,0,0,0,0,0,0,0,0,150,2026-02-06 14:03:09.055010
ATMN,23.95,23.95,24.33,2525900.0,7000.0,2461500.0,,0,0,0,0,0,0,0,0,0,0,0,0,0,0,0,0,0,0,0,0,0,0,0,0,0,0,0,0,150,2026-02-06 14:03:09.055010
WNTR,25.83,25.65,25.75,2179000.0,,2086300.0,,0,0,0,0,0,0,0,0,0,0,0,0,0,0,0,0,0,0,0,0,0,0,0,0,0,0,0,0,150,2026-02-06 14:03:09.055010
SPNG,25.37,24.98,25.27,2055800.0,14000.0,2200500.0,0,0,0,0,0,0,0,0,0,0,0,0,0,0,0,0,0,0,0,0,0,0,0,0,0,0,0,0,0,151,2026-02-06 14:03:10.100626
SMMR,25.94,25.94,26.1,1936600.0,,2092300.0,0,0,0,0,0,0,0,0,0,0,0,0,0,0,0,0,0,0,0,0,0,0,0,0,0,0,0,0,0,151,2026-02-06 14:03:10.100626
ATMN,24.52,24.53,24.63,2452600.0,7000.0,2465000.0,0,0,0,0,0,0,0,0,0,0,0,0,0,0,0,0,0,0,0,0,0,0,0,0,0,0,0,0,0,151,2026-02-06 14:03:10.100626
WNTR,25.6,25.62,25.75,2166700.0,,2086300.0,0,0,0,0,0,0,0,0,0,0,0,0,0,0,0,0,0,0,0,0,0,0,0,0,0,0,0,0,0,151,2026-02-06 14:03:10.100626
SPNG,24.94,25.02,25.27,2060900.0,14000.0,2179200.0,0,0,0,0,0,0,0,0,0,0,0,0,0,0,0,0,0,0,0,0,0,0,0,0,0,0,0,0,0,152,2026-02-06 14:03:11.169862
SMMR,26.1,26.07,26.1,2024600.0,,2053600.0,0,0,0,0,0,0,0,0,0,0,0,0,0,0,0,0,0,0,0,0,0,0,0,0,0,0,0,0,0,152,2026-02-06 14:03:11.169862
ATMN,24.63,24.57,24.63,2452900.0,7000.0,2465000.0,0,0,0,0,0,0,0,0,0,0,0,0,0,0,0,0,0,0,0,0,0,0,0,0,0,0,0,0,0,152,2026-02-06 14:03:11.169862
WNTR,25.89,25.6,25.89,2180500.0,,1985200.0,0,0,0,0,0,0,0,0,0,0,0,0,0,0,0,0,0,0,0,0,0,0,0,0,0,0,0,0,0,152,2026-02-06 14:03:11.169862
SPNG,25.39,24.93,25.39,2061500.0,14000.0,2205900.0,0,0,0,0,0,0,0,0,0,0,0,0,0,0,0,0,0,0,0,0,0,0,0,0,0,0,0,0,0,153,2026-02-06 14:03:12.240497
SMMR,25.94,25.94,26.02,1936600.0,,2060200.0,0,0,0,0,0,0,0,0,0,0,0,0,0,0,0,0,0,0,0,0,0,0,0,0,0,0,0,0,0,153,2026-02-06 14:03:12.240497
ATMN,24.63,24.15,24.34,2470000.0,7000.0,2464000.0,0,0,0,0,0,0,0,0,0,0,0,0,0,0,0,0,0,0,0,0,0,0,0,0,0,0,0,0,0,153,2026-02-06 14:03:12.240497
WNTR,25.6,25.59,25.6,2153000.0,,2084400.0,0,0,0,0,0,0,0,0,0,0,0,0,0,0,0,0,0,0,0,0,0,0,0,0,0,0,0,0,0,153,2026-02-06 14:03:12.240497
SPNG,24.85,24.84,24.85,14000.0,2064800.0,2187200.0,,0,0,0,0,0,0,0,0,0,0,0,0,0,0,0,0,0,0,0,0,0,0,0,0,0,0,0,0,154,2026-02-06 14:03:13.314826
SMMR,25.8,25.8,25.84,,1721400.0,2047600.0,,0,0,0,0,0,0,0,0,0,0,0,0,0,0,0,0,0,0,0,0,0,0,0,0,0,0,0,0,154,2026-02-06 14:03:13.314826
ATMN,24.43,24.15,24.33,17000.0,2352000.0,2354100.0,7000.0,0,0,0,0,0,0,0,0,0,0,0,0,0,0,0,0,0,0,0,0,0,0,0,0,0,0,0,0,154,2026-02-06 14:03:13.314826
WNTR,25.6,25.59,25.6,,2163700.0,2084400.0,,0,0,0,0,0,0,0,0,0,0,0,0,0,0,0,0,0,0,0,0,0,0,0,0,0,0,0,0,154,2026-02-06 14:03:13.314826
SPNG,25.43,24.93,25.26,17000.0,2064800.0,2074300.0,7000.0,0,0,0,0,0,0,0,0,0,0,0,0,0,0,0,0,0,0,0,0,0,0,0,0,0,0,0,0,155,2026-02-06 14:03:14.378860
SMMR,25.8,25.8,25.84,,2041500.0,2047600.0,,0,0,0,0,0,0,0,0,0,0,0,0,0,0,0,0,0,0,0,0,0,0,0,0,0,0,0,0,155,2026-02-06 14:03:14.378860
ATMN,24.07,24.07,24.11,17000.0,2349700.0,2226900.0,14000.0,0,0,0,0,0,0,0,0,0,0,0,0,0,0,0,0,0,0,0,0,0,0,0,0,0,0,0,0,155,2026-02-06 14:03:14.378860
WNTR,25.59,25.59,25.88,,2170500.0,1978700.0,,0,0,0,0,0,0,0,0,0,0,0,0,0,0,0,0,0,0,0,0,0,0,0,0,0,0,0,0,155,2026-02-06 14:03:14.378860
SPNG,24.82,24.82,25.06,2316800.0,2075600.0,7000.0,,0,0,0,0,0,0,0,0,0,0,0,0,0,0,0,0,0,0,0,0,0,0,0,0,0,0,0,0,156,2026-02-06 14:03:15.043261
SMMR,25.8,25.8,25.84,2131900.0,2048700.0,,,0,0,0,0,0,0,0,0,0,0,0,0,0,0,0,0,0,0,0,0,0,0,0,0,0,0,0,0,156,2026-02-06 14:03:15.043261
ATMN,24.33,24.07,24.33,2326700.0,2354100.0,7000.0,17000.0,0,0,0,0,0,0,0,0,0,0,0,0,0,0,0,0,0,0,0,0,0,0,0,0,0,0,0,0,156,2026-02-06 14:03:15.043261
WNTR,25.59,25.62,25.8,2185700.0,2099200.0,,,0,0,0,0,0,0,0,0,0,0,0,0,0,0,0,0,0,0,0,0,0,0,0,0,0,0,0,0,156,2026-02-06 14:03:15.043261
SPNG,25.26,24.82,25.26,2188200.0,7000.0,2074300.0,7000.0,0,0,0,0,0,0,0,0,0,0,0,0,0,0,0,0,0,0,0,0,0,0,0,0,0,0,0,0,157,2026-02-06 14:03:16.102139
SMMR,26.08,25.94,26.08,2163600.0,,2071900.0,,0,0,0,0,0,0,0,0,0,0,0,0,0,0,0,0,0,0,0,0,0,0,0,0,0,0,0,0,157,2026-02-06 14:03:16.102139
ATMN,24.07,24.07,24.25,2450100.0,7000.0,2489300.0,,0,0,0,0,0,0,0,0,0,0,0,0,0,0,0,0,0,0,0,0,0,0,0,0,0,0,0,0,157,2026-02-06 14:03:16.102139
WNTR,25.8,25.73,25.8,2171600.0,,2099200.0,,0,0,0,0,0,0,0,0,0,0,0,0,0,0,0,0,0,0,0,0,0,0,0,0,0,0,0,0,157,2026-02-06 14:03:16.102139
SPNG,24.8,24.8,25.26,2209400.0,7000.0,2074300.0,7000.0,0,0,0,0,0,0,0,0,0,0,0,0,0,0,0,0,0,0,0,0,0,0,0,0,0,0,0,0,158,2026-02-06 14:03:17.156366
SMMR,26.08,25.94,26.08,2172100.0,,2072800.0,,0,0,0,0,0,0,0,0,0,0,0,0,0,0,0,0,0,0,0,0,0,0,0,0,0,0,0,0,158,2026-02-06 14:03:17.156366
ATMN,24.25,24.19,24.25,2443000.0,7000.0,2238400.0,14000.0,0,0,0,0,0,0,0,0,0,0,0,0,0,0,0,0,0,0,0,0,0,0,0,0,0,0,0,0,158,2026-02-06 14:03:17.156366
WNTR,25.85,25.85,25.88,2172100.0,,2092300.0,,0,0,0,0,0,0,0,0,0,0,0,0,0,0,0,0,0,0,0,0,0,0,0,0,0,0,0,0,158,2026-02-06 14:03:17.156366
SPNG,24.8,24.8,25.13,2209400.0,7000.0,2050200.0,7000.0,0,0,0,0,0,0,0,0,0,0,0,0,0,0,0,0,0,0,0,0,0,0,0,0,0,0,0,0,159,2026-02-06 14:03:18.198977
SMMR,26.02,25.94,25.95,2172100.0,,2075800.0,,0,0,0,0,0,0,0,0,0,0,0,0,0,0,0,0,0,0,0,0,0,0,0,0,0,0,0,0,159,2026-02-06 14:03:18.198977
ATMN,24.33,23.97,24.33,2568100.0,,2354100.0,7000.0,0,0,0,0,0,0,0,0,0,0,0,0,0,0,0,0,0,0,0,0,0,0,0,0,0,0,0,0,159,2026-02-06 14:03:18.198977
WNTR,25.62,25.62,25.75,2175000.0,,2093500.0,,0,0,0,0,0,0,0,0,0,0,0,0,0,0,0,0,0,0,0,0,0,0,0,0,0,0,0,0,159,2026-02-06 14:03:18.198977
SPNG,24.79,24.79,25.13,2339400.0,2050200.0,7000.0,,0,0,0,0,0,0,0,0,0,0,0,0,0,0,0,0,0,0,0,0,0,0,0,0,0,0,0,0,160,2026-02-06 14:03:19.242378
SMMR,25.8,25.8,26.02,2131900.0,2111300.0,,,0,0,0,0,0,0,0,0,0,0,0,0,0,0,0,0,0,0,0,0,0,0,0,0,0,0,0,0,160,2026-02-06 14:03:19.242378
ATMN,24.31,24.52,24.63,2461500.0,2328000.0,7000.0,7000.0,0,0,0,0,0,0,0,0,0,0,0,0,0,0,0,0,0,0,0,0,0,0,0,0,0,0,0,0,160,2026-02-06 14:03:19.242378
WNTR,25.75,25.71,25.74,2192000.0,2103100.0,,,0,0,0,0,0,0,0,0,0,0,0,0,0,0,0,0,0,0,0,0,0,0,0,0,0,0,0,0,160,2026-02-06 14:03:19.242378
SPNG,24.79,24.79,24.91,2339400.0,2070800.0,7000.0,,0,0,0,0,0,0,0,0,0,0,0,0,0,0,0,0,0,0,0,0,0,0,0,0,0,0,0,0,161,2026-02-06 14:03:20.289670
SMMR,26.02,25.92,26.02,2203600.0,2082100.0,,,0,0,0,0,0,0,0,0,0,0,0,0,0,0,0,0,0,0,0,0,0,0,0,0,0,0,0,0,161,2026-02-06 14:03:20.289670
ATMN,24.52,23.97,24.51,2471400.0,2256100.0,14000.0,7000.0,0,0,0,0,0,0,0,0,0,0,0,0,0,0,0,0,0,0,0,0,0,0,0,0,0,0,0,0,161,2026-02-06 14:03:20.289670
WNTR,25.74,25.71,25.74,2192000.0,2091900.0,,,0,0,0,0,0,0,0,0,0,0,0,0,0,0,0,0,0,0,0,0,0,0,0,0,0,0,0,0,161,2026-02-06 14:03:20.289670
SPNG,24.8,24.8,25.26,14000.0,2091300.0,2038700.0,7000.0,0,0,0,0,0,0,0,0,0,0,0,0,0,0,0,0,0,0,0,0,0,0,0,0,0,0,0,0,162,2026-02-06 14:03:21.348945
SMMR,25.92,25.92,25.96,,2227300.0,2086600.0,,0,0,0,0,0,0,0,0,0,0,0,0,0,0,0,0,0,0,0,0,0,0,0,0,0,0,0,0,162,2026-02-06 14:03:21.348945
ATMN,24.64,23.95,24.64,,2675800.0,2420700.0,,0,0,0,0,0,0,0,0,0,0,0,0,0,0,0,0,0,0,0,0,0,0,0,0,0,0,0,0,162,2026-02-06 14:03:21.348945
WNTR,25.62,25.72,25.74,,2178900.0,2091900.0,,0,0,0,0,0,0,0,0,0,0,0,0,0,0,0,0,0,0,0,0,0,0,0,0,0,0,0,0,162,2026-02-06 14:03:21.348945
SPNG,24.79,25.14,25.26,2223100.0,7000.0,2038700.0,7000.0,0,0,0,0,0,0,0,0,0,0,0,0,0,0,0,0,0,0,0,0,0,0,0,0,0,0,0,0,163,2026-02-06 14:03:22.442407
SMMR,25.91,25.83,25.84,2229800.0,,2085700.0,,0,0,0,0,0,0,0,0,0,0,0,0,0,0,0,0,0,0,0,0,0,0,0,0,0,0,0,0,163,2026-02-06 14:03:22.442407
ATMN,24.64,24.55,24.64,2558500.0,7000.0,2420700.0,,0,0,0,0,0,0,0,0,0,0,0,0,0,0,0,0,0,0,0,0,0,0,0,0,0,0,0,0,163,2026-02-06 14:03:22.442407
WNTR,25.77,25.72,25.77,2156100.0,,2080600.0,,0,0,0,0,0,0,0,0,0,0,0,0,0,0,0,0,0,0,0,0,0,0,0,0,0,0,0,0,163,2026-02-06 14:03:22.442407
SPNG,24.79,25.14,25.26,2118100.0,14000.0,2054300.0,7000.0,0,0,0,0,0,0,0,0,0,0,0,0,0,0,0,0,0,0,0,0,0,0,0,0,0,0,0,0,164,2026-02-06 14:03:23.019203
SMMR,25.91,25.83,25.84,2231400.0,,2097200.0,,0,0,0,0,0,0,0,0,0,0,0,0,0,0,0,0,0,0,0,0,0,0,0,0,0,0,0,0,164,2026-02-06 14:03:23.019203
ATMN,24.64,24.55,24.64,2558500.0,7000.0,2312200.0,7000.0,0,0,0,0,0,0,0,0,0,0,0,0,0,0,0,0,0,0,0,0,0,0,0,0,0,0,0,0,164,2026-02-06 14:03:23.019203
WNTR,25.77,25.72,25.77,2138400.0,,2093100.0,,0,0,0,0,0,0,0,0,0,0,0,0,0,0,0,0,0,0,0,0,0,0,0,0,0,0,0,0,164,2026-02-06 14:03:23.019203
SPNG,25.14,24.83,24.89,14000.0,2112700.0,2061700.0,7000.0,0,0,0,0,0,0,0,0,0,0,0,0,0,0,0,0,0,0,0,0,0,0,0,0,0,0,0,0,165,2026-02-06 14:03:24.082171
SMMR,25.84,25.91,25.95,,2181400.0,2087400.0,,0,0,0,0,0,0,0,0,0,0,0,0,0,0,0,0,0,0,0,0,0,0,0,0,0,0,0,0,165,2026-02-06 14:03:24.082171
ATMN,24.55,24.04,24.3,7000.0,2547000.0,2323700.0,7000.0,0,0,0,0,0,0,0,0,0,0,0,0,0,0,0,0,0,0,0,0,0,0,0,0,0,0,0,0,165,2026-02-06 14:03:24.082171
WNTR,25.72,25.67,25.68,,2153400.0,2120200.0,,0,0,0,0,0,0,0,0,0,0,0,0,0,0,0,0,0,0,0,0,0,0,0,0,0,0,0,0,165,2026-02-06 14:03:24.082171
SPNG,25.17,25.16,25.17,2208200.0,7000.0,1956600.0,14000.0,0,0,0,0,0,0,0,0,0,0,0,0,0,0,0,0,0,0,0,0,0,0,0,0,0,0,0,0,166,2026-02-06 14:03:25.131963
SMMR,25.85,25.85,25.89,2205500.0,,2074200.0,,0,0,0,0,0,0,0,0,0,0,0,0,0,0,0,0,0,0,0,0,0,0,0,0,0,0,0,0,166,2026-02-06 14:03:25.131963
ATMN,24.3,24.08,24.3,2388200.0,14000.0,2215800.0,14000.0,0,0,0,0,0,0,0,0,0,0,0,0,0,0,0,0,0,0,0,0,0,0,0,0,0,0,0,0,166,2026-02-06 14:03:25.131963
WNTR,25.72,25.67,25.68,2153400.0,,2156600.0,,0,0,0,0,0,0,0,0,0,0,0,0,0,0,0,0,0,0,0,0,0,0,0,0,0,0,0,0,166,2026-02-06 14:03:25.131963
SPNG,25.37,24.83,25.37,7000.0,2239800.0,2057500.0,7000.0,0,0,0,0,0,0,0,0,0,0,0,0,0,0,0,0,0,0,0,0,0,0,0,0,0,0,0,0,167,2026-02-06 14:03:26.172500
SMMR,25.85,25.85,25.89,,2187700.0,2064100.0,,0,0,0,0,0,0,0,0,0,0,0,0,0,0,0,0,0,0,0,0,0,0,0,0,0,0,0,0,167,2026-02-06 14:03:26.172500
ATMN,24.64,24.08,24.64,7000.0,2493300.0,2419900.0,,0,0,0,0,0,0,0,0,0,0,0,0,0,0,0,0,0,0,0,0,0,0,0,0,0,0,0,0,167,2026-02-06 14:03:26.172500
WNTR,25.72,25.67,25.72,,2150600.0,2152400.0,,0,0,0,0,0,0,0,0,0,0,0,0,0,0,0,0,0,0,0,0,0,0,0,0,0,0,0,0,167,2026-02-06 14:03:26.172500
SPNG,25.37,25.06,25.32,2210000.0,7000.0,2045100.0,7000.0,0,0,0,0,0,0,0,0,0,0,0,0,0,0,0,0,0,0,0,0,0,0,0,0,0,0,0,0,168,2026-02-06 14:03:27.220478
SMMR,25.9,25.85,25.9,2181600.0,,2073600.0,,0,0,0,0,0,0,0,0,0,0,0,0,0,0,0,0,0,0,0,0,0,0,0,0,0,0,0,0,168,2026-02-06 14:03:27.220478
ATMN,24.71,24.17,24.71,2343600.0,14000.0,2382900.0,,0,0,0,0,0,0,0,0,0,0,0,0,0,0,0,0,0,0,0,0,0,0,0,0,0,0,0,0,168,2026-02-06 14:03:27.220478
WNTR,25.66,25.66,25.72,2143300.0,,2151100.0,,0,0,0,0,0,0,0,0,0,0,0,0,0,0,0,0,0,0,0,0,0,0,0,0,0,0,0,0,168,2026-02-06 14:03:27.220478
SPNG,25.18,25.19,25.32,2254200.0,7000.0,1955000.0,14000.0,0,0,0,0,0,0,0,0,0,0,0,0,0,0,0,0,0,0,0,0,0,0,0,0,0,0,0,0,169,2026-02-06 14:03:28.313308
SMMR,25.77,25.77,25.9,2183200.0,,2073600.0,,0,0,0,0,0,0,0,0,0,0,0,0,0,0,0,0,0,0,0,0,0,0,0,0,0,0,0,0,169,2026-02-06 14:03:28.313308
ATMN,24.08,24.08,24.72,2493300.0,7000.0,2229800.0,7000.0,0,0,0,0,0,0,0,0,0,0,0,0,0,0,0,0,0,0,0,0,0,0,0,0,0,0,0,0,169,2026-02-06 14:03:28.313308
WNTR,25.66,25.66,25.72,2143300.0,,2174800.0,,0,0,0,0,0,0,0,0,0,0,0,0,0,0,0,0,0,0,0,0,0,0,0,0,0,0,0,0,169,2026-02-06 14:03:28.313308
SPNG,25.32,24.96,25.32,2255600.0,7000.0,1955000.0,14000.0,0,0,0,0,0,0,0,0,0,0,0,0,0,0,0,0,0,0,0,0,0,0,0,0,0,0,0,0,170,2026-02-06 14:03:29.378269
SMMR,25.77,25.84,25.9,2167600.0,,2073600.0,,0,0,0,0,0,0,0,0,0,0,0,0,0,0,0,0,0,0,0,0,0,0,0,0,0,0,0,0,170,2026-02-06 14:03:29.378269
ATMN,24.11,24.44,24.73,2319900.0,14000.0,2233000.0,7000.0,0,0,0,0,0,0,0,0,0,0,0,0,0,0,0,0,0,0,0,0,0,0,0,0,0,0,0,0,170,2026-02-06 14:03:29.378269
WNTR,25.78,25.61,25.78,2154400.0,,2123300.0,,0,0,0,0,0,0,0,0,0,0,0,0,0,0,0,0,0,0,0,0,0,0,0,0,0,0,0,0,170,2026-02-06 14:03:29.378269
SPNG,25.38,24.79,24.92,2238200.0,7000.0,2088700.0,7000.0,0,0,0,0,0,0,0,0,0,0,0,0,0,0,0,0,0,0,0,0,0,0,0,0,0,0,0,0,171,2026-02-06 14:03:30.431199
SMMR,25.83,25.77,25.83,2195100.0,,2087100.0,,0,0,0,0,0,0,0,0,0,0,0,0,0,0,0,0,0,0,0,0,0,0,0,0,0,0,0,0,171,2026-02-06 14:03:30.431199
ATMN,24.43,24.44,24.74,2185500.0,24000.0,2367000.0,,0,0,0,0,0,0,0,0,0,0,0,0,0,0,0,0,0,0,0,0,0,0,0,0,0,0,0,0,171,2026-02-06 14:03:30.431199
WNTR,25.78,25.61,25.78,2134000.0,,2123300.0,,0,0,0,0,0,0,0,0,0,0,0,0,0,0,0,0,0,0,0,0,0,0,0,0,0,0,0,0,171,2026-02-06 14:03:30.431199
SPNG,24.94,24.79,24.8,2206300.0,7000.0,2080200.0,7000.0,0,0,0,0,0,0,0,0,0,0,0,0,0,0,0,0,0,0,0,0,0,0,0,0,0,0,0,0,172,2026-02-06 14:03:31.491407
SMMR,25.9,25.94,25.95,2152100.0,,2075700.0,,0,0,0,0,0,0,0,0,0,0,0,0,0,0,0,0,0,0,0,0,0,0,0,0,0,0,0,0,172,2026-02-06 14:03:31.491407
ATMN,24.08,24.08,24.55,2356500.0,14000.0,2352100.0,,0,0,0,0,0,0,0,0,0,0,0,0,0,0,0,0,0,0,0,0,0,0,0,0,0,0,0,0,172,2026-02-06 14:03:31.491407
WNTR,25.78,25.64,25.78,2125500.0,,2139800.0,,0,0,0,0,0,0,0,0,0,0,0,0,0,0,0,0,0,0,0,0,0,0,0,0,0,0,0,0,172,2026-02-06 14:03:31.491407
SPNG,24.78,24.78,25.44,2224500.0,7000.0,7000.0,2085500.0,0,0,0,0,0,0,0,0,0,0,0,0,0,0,0,0,0,0,0,0,0,0,0,0,0,0,0,0,173,2026-02-06 14:03:32.079542
SMMR,25.9,25.94,25.95,2152100.0,,,2103800.0,0,0,0,0,0,0,0,0,0,0,0,0,0,0,0,0,0,0,0,0,0,0,0,0,0,0,0,0,173,2026-02-06 14:03:32.079542
ATMN,24.08,24.38,24.55,2329400.0,14000.0,7000.0,2228500.0,0,0,0,0,0,0,0,0,0,0,0,0,0,0,0,0,0,0,0,0,0,0,0,0,0,0,0,0,173,2026-02-06 14:03:32.079542
WNTR,25.64,25.64,25.78,2125500.0,,,2142700.0,0,0,0,0,0,0,0,0,0,0,0,0,0,0,0,0,0,0,0,0,0,0,0,0,0,0,0,0,173,2026-02-06 14:03:32.079542
SPNG,25.51,24.78,25.18,2224500.0,7000.0,2257600.0,,0,0,0,0,0,0,0,0,0,0,0,0,0,0,0,0,0,0,0,0,0,0,0,0,0,0,0,0,174,2026-02-06 14:03:33.166954
SMMR,25.77,25.77,25.87,2173400.0,,2110700.0,,0,0,0,0,0,0,0,0,0,0,0,0,0,0,0,0,0,0,0,0,0,0,0,0,0,0,0,0,174,2026-02-06 14:03:33.166954
ATMN,24.38,24.38,24.55,2329400.0,14000.0,2261500.0,7000.0,0,0,0,0,0,0,0,0,0,0,0,0,0,0,0,0,0,0,0,0,0,0,0,0,0,0,0,0,174,2026-02-06 14:03:33.166954
WNTR,25.64,25.69,25.78,2121000.0,,2168000.0,,0,0,0,0,0,0,0,0,0,0,0,0,0,0,0,0,0,0,0,0,0,0,0,0,0,0,0,0,174,2026-02-06 14:03:33.166954
SPNG,24.77,24.76,24.77,7000.0,2261600.0,2274800.0,0,0,0,0,0,0,0,0,0,0,0,0,0,0,0,0,0,0,0,0,0,0,0,0,0,0,0,0,0,175,2026-02-06 14:03:34.263055
SMMR,25.87,25.87,25.9,,2169600.0,2084600.0,0,0,0,0,0,0,0,0,0,0,0,0,0,0,0,0,0,0,0,0,0,0,0,0,0,0,0,0,0,175,2026-02-06 14:03:34.263055
ATMN,24.38,24.39,24.52,4000.0,2473800.0,2411600.0,0,0,0,0,0,0,0,0,0,0,0,0,0,0,0,0,0,0,0,0,0,0,0,0,0,0,0,0,0,175,2026-02-06 14:03:34.263055
WNTR,25.64,25.69,25.71,,2121000.0,2206000.0,0,0,0,0,0,0,0,0,0,0,0,0,0,0,0,0,0,0,0,0,0,0,0,0,0,0,0,0,0,175,2026-02-06 14:03:34.263055
SPNG,24.77,25.17,25.18,2393500.0,2223100.0,0,0,0,0,0,0,0,0,0,0,0,0,0,0,0,0,0,0,0,0,0,0,0,0,0,0,0,0,0,0,176,2026-02-06 14:03:35.325360
SMMR,25.87,25.87,25.9,2169600.0,2092600.0,0,0,0,0,0,0,0,0,0,0,0,0,0,0,0,0,0,0,0,0,0,0,0,0,0,0,0,0,0,0,176,2026-02-06 14:03:35.325360
ATMN,24.08,24.08,24.52,2635800.0,2429100.0,0,0,0,0,0,0,0,0,0,0,0,0,0,0,0,0,0,0,0,0,0,0,0,0,0,0,0,0,0,0,176,2026-02-06 14:03:35.325360
WNTR,25.69,25.69,25.71,2105400.0,2206000.0,0,0,0,0,0,0,0,0,0,0,0,0,0,0,0,0,0,0,0,0,0,0,0,0,0,0,0,0,0,0,176,2026-02-06 14:03:35.325360
SPNG,25.18,24.84,25.18,2399300.0,2227000.0,0,0,0,0,0,0,0,0,0,0,0,0,0,0,0,0,0,0,0,0,0,0,0,0,0,0,0,0,0,0,177,2026-02-06 14:03:36.379595
SMMR,25.9,25.77,25.9,2173400.0,2092600.0,0,0,0,0,0,0,0,0,0,0,0,0,0,0,0,0,0,0,0,0,0,0,0,0,0,0,0,0,0,0,177,2026-02-06 14:03:36.379595
ATMN,24.53,24.08,24.53,2603400.0,2426800.0,0,0,0,0,0,0,0,0,0,0,0,0,0,0,0,0,0,0,0,0,0,0,0,0,0,0,0,0,0,0,177,2026-02-06 14:03:36.379595
WNTR,25.71,25.69,25.71,2079500.0,2191600.0,0,0,0,0,0,0,0,0,0,0,0,0,0,0,0,0,0,0,0,0,0,0,0,0,0,0,0,0,0,0,177,2026-02-06 14:03:36.379595
SPNG,24.84,24.86,25.19,2355200.0,2194900.0,0,0,0,0,0,0,0,0,0,0,0,0,0,0,0,0,0,0,0,0,0,0,0,0,0,0,0,0,0,0,178,2026-02-06 14:03:37.465379
SMMR,25.9,25.9,25.95,2189300.0,2079300.0,0,0,0,0,0,0,0,0,0,0,0,0,0,0,0,0,0,0,0,0,0,0,0,0,0,0,0,0,0,0,178,2026-02-06 14:03:37.465379
ATMN,24.38,24.35,24.38,2618600.0,2462500.0,0,0,0,0,0,0,0,0,0,0,0,0,0,0,0,0,0,0,0,0,0,0,0,0,0,0,0,0,0,0,178,2026-02-06 14:03:37.465379
WNTR,25.72,25.7,25.72,2083500.0,2154000.0,0,0,0,0,0,0,0,0,0,0,0,0,0,0,0,0,0,0,0,0,0,0,0,0,0,0,0,0,0,0,178,2026-02-06 14:03:37.465379
SPNG,25.27,25.49,25.51,2365400.0,2245800.0,0,0,0,0,0,0,0,0,0,0,0,0,0,0,0,0,0,0,0,0,0,0,0,0,0,0,0,0,0,0,179,2026-02-06 14:03:38.554117
SMMR,25.75,25.75,25.84,2153300.0,2101300.0,0,0,0,0,0,0,0,0,0,0,0,0,0,0,0,0,0,0,0,0,0,0,0,0,0,0,0,0,0,0,179,2026-02-06 14:03:38.554117
ATMN,24.35,24.35,24.49,2583200.0,2443500.0,0,0,0,0,0,0,0,0,0,0,0,0,0,0,0,0,0,0,0,0,0,0,0,0,0,0,0,0,0,0,179,2026-02-06 14:03:38.554117
WNTR,25.78,25.7,25.71,2090800.0,2147800.0,0,0,0,0,0,0,0,0,0,0,0,0,0,0,0,0,0,0,0,0,0,0,0,0,0,0,0,0,0,0,179,2026-02-06 14:03:38.554117
SPNG,24.86,25.41,26.13,872200.0,811000.0,0,0,0,0,0,0,0,0,0,0,0,0,0,0,0,0,0,0,0,0,0,0,0,0,0,0,0,0,0,0,180,2026-02-06 14:03:39.262532
SMMR,25.78,24.78,0.0,200000.0,,0,0,0,0,0,0,0,0,0,0,0,0,0,0,0,0,0,0,0,0,0,0,0,0,0,0,0,0,0,0,180,2026-02-06 14:03:39.262532
ATMN,24.66,24.51,0.0,200000.0,,0,0,0,0,0,0,0,0,0,0,0,0,0,0,0,0,0,0,0,0,0,0,0,0,0,0,0,0,0,0,180,2026-02-06 14:03:39.262532
WNTR,25.78,24.6,0.0,200000.0,,0,0,0,0,0,0,0,0,0,0,0,0,0,0,0,0,0,0,0,0,0,0,0,0,0,0,0,0,0,0,180,2026-02-06 14:03:39.262532
SPNG,25.37,25.37,25.62,863400.0,7000.0,940100.0,7000.0,0,0,0,0,0,0,0,0,0,0,0,0,0,0,0,0,0,0,0,0,0,0,0,0,0,0,0,0,181,2026-02-06 14:03:40.328485
SMMR,24.78,24.78,25.02,906000.0,,1034700.0,,0,0,0,0,0,0,0,0,0,0,0,0,0,0,0,0,0,0,0,0,0,0,0,0,0,0,0,0,181,2026-02-06 14:03:40.328485
ATMN,24.51,24.51,24.64,1011300.0,,996800.0,,0,0,0,0,0,0,0,0,0,0,0,0,0,0,0,0,0,0,0,0,0,0,0,0,0,0,0,0,181,2026-02-06 14:03:40.328485
WNTR,24.69,24.6,24.68,850500.0,,1040200.0,,0,0,0,0,0,0,0,0,0,0,0,0,0,0,0,0,0,0,0,0,0,0,0,0,0,0,0,0,181,2026-02-06 14:03:40.328485
SPNG,25.3,25.48,25.62,1017400.0,14000.0,1028900.0,7000.0,0,0,0,0,0,0,0,0,0,0,0,0,0,0,0,0,0,0,0,0,0,0,0,0,0,0,0,0,182,2026-02-06 14:03:41.373944
SMMR,24.78,24.79,25.02,1038700.0,,1401700.0,,0,0,0,0,0,0,0,0,0,0,0,0,0,0,0,0,0,0,0,0,0,0,0,0,0,0,0,0,182,2026-02-06 14:03:41.373944
ATMN,24.51,24.51,24.87,1011300.0,7000.0,953200.0,7000.0,0,0,0,0,0,0,0,0,0,0,0,0,0,0,0,0,0,0,0,0,0,0,0,0,0,0,0,0,182,2026-02-06 14:03:41.373944
WNTR,24.6,24.6,24.94,861800.0,,1013400.0,,0,0,0,0,0,0,0,0,0,0,0,0,0,0,0,0,0,0,0,0,0,0,0,0,0,0,0,0,182,2026-02-06 14:03:41.373944
SPNG,25.3,25.48,25.53,1017400.0,7000.0,1387400.0,7000.0,0,0,0,0,0,0,0,0,0,0,0,0,0,0,0,0,0,0,0,0,0,0,0,0,0,0,0,0,183,2026-02-06 14:03:42.428567
SMMR,25.0,24.58,24.92,911100.0,,1535200.0,,0,0,0,0,0,0,0,0,0,0,0,0,0,0,0,0,0,0,0,0,0,0,0,0,0,0,0,0,183,2026-02-06 14:03:42.428567
ATMN,24.17,24.18,24.2,1158900.0,7000.0,1078500.0,7000.0,0,0,0,0,0,0,0,0,0,0,0,0,0,0,0,0,0,0,0,0,0,0,0,0,0,0,0,0,183,2026-02-06 14:03:42.428567
WNTR,24.46,24.46,24.61,1009100.0,,1129000.0,,0,0,0,0,0,0,0,0,0,0,0,0,0,0,0,0,0,0,0,0,0,0,0,0,0,0,0,0,183,2026-02-06 14:03:42.428567
SPNG,25.53,25.48,25.53,1118800.0,7000.0,1602500.0,7000.0,0,0,0,0,0,0,0,0,0,0,0,0,0,0,0,0,0,0,0,0,0,0,0,0,0,0,0,0,184,2026-02-06 14:03:43.483950
SMMR,24.69,24.91,24.92,1127700.0,,1535200.0,,0,0,0,0,0,0,0,0,0,0,0,0,0,0,0,0,0,0,0,0,0,0,0,0,0,0,0,0,184,2026-02-06 14:03:43.483950
ATMN,24.2,24.18,24.2,1432200.0,14000.0,1078500.0,7000.0,0,0,0,0,0,0,0,0,0,0,0,0,0,0,0,0,0,0,0,0,0,0,0,0,0,0,0,0,184,2026-02-06 14:03:43.483950
WNTR,25.02,24.74,25.02,1127900.0,,886200.0,,0,0,0,0,0,0,0,0,0,0,0,0,0,0,0,0,0,0,0,0,0,0,0,0,0,0,0,0,184,2026-02-06 14:03:43.483950
SPNG,25.53,25.48,25.53,1341600.0,7000.0,1789400.0,14000.0,0,0,0,0,0,0,0,0,0,0,0,0,0,0,0,0,0,0,0,0,0,0,0,0,0,0,0,0,185,2026-02-06 14:03:44.539683
SMMR,24.91,24.58,24.8,1116600.0,,1872000.0,,0,0,0,0,0,0,0,0,0,0,0,0,0,0,0,0,0,0,0,0,0,0,0,0,0,0,0,0,185,2026-02-06 14:03:44.539683
ATMN,24.2,24.17,24.2,1955200.0,7000.0,1078500.0,14000.0,0,0,0,0,0,0,0,0,0,0,0,0,0,0,0,0,0,0,0,0,0,0,0,0,0,0,0,0,185,2026-02-06 14:03:44.539683
WNTR,25.02,24.74,24.9,1127900.0,,1215100.0,,0,0,0,0,0,0,0,0,0,0,0,0,0,0,0,0,0,0,0,0,0,0,0,0,0,0,0,0,185,2026-02-06 14:03:44.539683
SPNG,25.12,25.12,25.62,1033300.0,1546600.0,7000.0,,0,0,0,0,0,0,0,0,0,0,0,0,0,0,0,0,0,0,0,0,0,0,0,0,0,0,0,0,186,2026-02-06 14:03:45.579579
SMMR,24.88,24.62,24.88,1368700.0,1755600.0,,,0,0,0,0,0,0,0,0,0,0,0,0,0,0,0,0,0,0,0,0,0,0,0,0,0,0,0,0,186,2026-02-06 14:03:45.579579
ATMN,24.15,24.15,24.97,1839300.0,851900.0,,7000.0,0,0,0,0,0,0,0,0,0,0,0,0,0,0,0,0,0,0,0,0,0,0,0,0,0,0,0,0,186,2026-02-06 14:03:45.579579
WNTR,24.74,24.74,24.83,1127900.0,1528300.0,,,0,0,0,0,0,0,0,0,0,0,0,0,0,0,0,0,0,0,0,0,0,0,0,0,0,0,0,0,186,2026-02-06 14:03:45.579579
SPNG,25.73,25.12,25.73,1165600.0,7000.0,1297700.0,,0,0,0,0,0,0,0,0,0,0,0,0,0,0,0,0,0,0,0,0,0,0,0,0,0,0,0,0,187,2026-02-06 14:03:46.629590
SMMR,24.62,24.62,24.63,1505400.0,,1866300.0,,0,0,0,0,0,0,0,0,0,0,0,0,0,0,0,0,0,0,0,0,0,0,0,0,0,0,0,0,187,2026-02-06 14:03:46.629590
ATMN,24.15,24.15,24.55,1972200.0,7000.0,1230700.0,7000.0,0,0,0,0,0,0,0,0,0,0,0,0,0,0,0,0,0,0,0,0,0,0,0,0,0,0,0,0,187,2026-02-06 14:03:46.629590
WNTR,24.74,24.46,24.71,1009100.0,,1858300.0,,0,0,0,0,0,0,0,0,0,0,0,0,0,0,0,0,0,0,0,0,0,0,0,0,0,0,0,0,187,2026-02-06 14:03:46.629590
