ticker,last_price,bid_price,ask_price,BUY_ANON,SELL_ANON,BUY_GIOT-3,SELL_WRSW-3,SELL_WRSW-1,BUY_WRSW-3,BUY_UEBR-1,SELL_GIOT-4,SELL_UEBR-1,BUY_WRSW-1,BUY_WRSW-2,BUY_GIOT-4,SELL_GIOT-3,SELL_WRSW-2,tick,timestamp
SPNG,0.0,0.0,0.0,1813800.0,2128900.0,0,0,0,0,0,0,0,0,0,0,0,0,0,2026-02-03 06:24:08.564085
SMMR,0.0,0.0,0.0,1594600.0,2053400.0,0,0,0,0,0,0,0,0,0,0,0,0,0,2026-02-03 06:24:08.564085
ATMN,0.0,0.0,0.0,2148800.0,1779800.0,0,0,0,0,0,0,0,0,0,0,0,0,0,2026-02-03 06:24:08.564085
WNTR,0.0,0.0,0.0,2232000.0,1939400.0,0,0,0,0,0,0,0,0,0,0,0,0,0,2026-02-03 06:24:08.564085
SPNG,0.0,24.96,25.02,1813800.0,2128900.0,0,0,0,0,0,0,0,0,0,0,0,0,1,2026-02-03 06:24:09.636689,2.0,1.0,1.0,,Aggregate Position Limit,Your CRO has set the aggregate position limit to 12000 shares for this week.
SMMR,0.0,25.0,25.1,1827700.0,2021200.0,0,0,0,0,0,0,0,0,0,0,0,0,1,2026-02-03 06:24:09.636689,1.0,1.0,1.0,,Welcome to the RITC 2026 Alogithmic Market Making Case - practice server,
ATMN,25.13,24.87,25.13,2148800.0,1756300.0,0,0,0,0,0,0,0,0,0,0,0,0,1,2026-02-03 06:24:09.636689,,,,,,
WNTR,24.94,24.94,24.96,2232000.0,2058800.0,0,0,0,0,0,0,0,0,0,0,0,0,1,2026-02-03 06:24:09.636689,,,,,,
SPNG,25.02,24.96,25.02,1813800.0,2134600.0,0,0,0,0,0,0,0,0,0,0,0,0,2,2026-02-03 06:24:10.678322
SMMR,25.0,25.0,25.12,1938600.0,2053700.0,0,0,0,0,0,0,0,0,0,0,0,0,2,2026-02-03 06:24:10.678322
ATMN,25.26,25.31,25.32,2153000.0,1680500.0,0,0,0,0,0,0,0,0,0,0,0,0,2,2026-02-03 06:24:10.678322
WNTR,24.9,24.9,24.96,2211200.0,2058800.0,0,0,0,0,0,0,0,0,0,0,0,0,2,2026-02-03 06:24:10.678322
SPNG,24.96,24.86,24.89,2094300.0,2142600.0,0,0,0,0,0,0,0,0,0,0,0,0,3,2026-02-03 06:24:11.776850
SMMR,24.93,24.93,25.13,1731400.0,2047500.0,0,0,0,0,0,0,0,0,0,0,0,0,3,2026-02-03 06:24:11.776850
ATMN,25.01,24.87,25.01,2148800.0,2023600.0,0,0,0,0,0,0,0,0,0,0,0,0,3,2026-02-03 06:24:11.776850
WNTR,24.95,24.95,25.05,2210800.0,1849900.0,0,0,0,0,0,0,0,0,0,0,0,0,3,2026-02-03 06:24:11.776850
SPNG,25.06,25.17,25.2,2032100.0,2111400.0,0,0,0,0,0,0,0,0,0,0,0,0,4,2026-02-03 06:24:12.810117
SMMR,25.13,24.93,25.13,1843200.0,2055200.0,0,0,0,0,0,0,0,0,0,0,0,0,4,2026-02-03 06:24:12.810117
ATMN,25.01,24.87,25.01,2148800.0,2116500.0,0,0,0,0,0,0,0,0,0,0,0,0,4,2026-02-03 06:24:12.810117
WNTR,25.16,25.05,25.16,2239600.0,1634100.0,0,0,0,0,0,0,0,0,0,0,0,0,4,2026-02-03 06:24:12.810117
SPNG,25.06,25.17,25.2,2032100.0,2093500.0,0,0,0,0,0,0,0,0,0,0,0,0,5,2026-02-03 06:24:13.845850
SMMR,25.15,25.04,25.15,1949400.0,2043500.0,0,0,0,0,0,0,0,0,0,0,0,0,5,2026-02-03 06:24:13.845850
ATMN,24.82,24.82,24.89,2154900.0,2091700.0,0,0,0,0,0,0,0,0,0,0,0,0,5,2026-02-03 06:24:13.845850
WNTR,25.16,25.05,25.06,2237000.0,1998100.0,0,0,0,0,0,0,0,0,0,0,0,0,5,2026-02-03 06:24:13.845850
SPNG,25.06,25.17,25.2,2032100.0,2022000.0,0,0,0,0,0,0,0,0,0,0,0,0,6,2026-02-03 06:24:14.880150
SMMR,25.15,25.04,25.07,1949400.0,2031100.0,0,0,0,0,0,0,0,0,0,0,0,0,6,2026-02-03 06:24:14.880150
ATMN,25.31,24.82,25.31,2154900.0,2108700.0,0,0,0,0,0,0,0,0,0,0,0,0,6,2026-02-03 06:24:14.880150
WNTR,24.98,24.98,25.06,2245800.0,1891800.0,0,0,0,0,0,0,0,0,0,0,0,0,6,2026-02-03 06:24:14.880150
SPNG,25.06,25.17,25.2,2032100.0,2021600.0,0,0,0,0,0,0,0,0,0,0,0,0,7,2026-02-03 06:24:15.416083
SMMR,25.15,25.04,25.07,2041000.0,1998200.0,0,0,0,0,0,0,0,0,0,0,0,0,7,2026-02-03 06:24:15.416083
ATMN,25.31,24.82,24.86,2155700.0,2083800.0,0,0,0,0,0,0,0,0,0,0,0,0,7,2026-02-03 06:24:15.416083
WNTR,24.98,24.98,25.02,2245800.0,1997300.0,0,0,0,0,0,0,0,0,0,0,0,0,7,2026-02-03 06:24:15.416083
SPNG,24.81,24.81,25.2,2080200.0,2021600.0,0,0,0,0,0,0,0,0,0,0,0,0,8,2026-02-03 06:24:16.448092
SMMR,24.89,24.89,25.07,1736700.0,1997800.0,0,0,0,0,0,0,0,0,0,0,0,0,8,2026-02-03 06:24:16.448092
ATMN,24.86,25.19,25.31,2180100.0,2103300.0,0,0,0,0,0,0,0,0,0,0,0,0,8,2026-02-03 06:24:16.448092
WNTR,25.02,24.98,25.02,2245800.0,2229300.0,0,0,0,0,0,0,0,0,0,0,0,0,8,2026-02-03 06:24:16.448092
SPNG,25.2,25.13,25.2,2046100.0,2021600.0,0,0,0,0,0,0,0,0,0,0,0,0,9,2026-02-03 06:24:17.480022
SMMR,24.89,25.05,25.07,1939300.0,1982100.0,0,0,0,0,0,0,0,0,0,0,0,0,9,2026-02-03 06:24:17.480022
ATMN,25.04,25.2,25.31,2141700.0,2103300.0,0,0,0,0,0,0,0,0,0,0,0,0,9,2026-02-03 06:24:17.480022
WNTR,24.98,24.96,24.97,2218600.0,2219500.0,0,0,0,0,0,0,0,0,0,0,0,0,9,2026-02-03 06:24:17.480022
SPNG,25.2,25.17,25.2,2057000.0,2014900.0,0,0,0,0,0,0,0,0,0,0,0,0,10,2026-02-03 06:24:18.508574
SMMR,25.07,25.05,25.07,1939300.0,1987000.0,0,0,0,0,0,0,0,0,0,0,0,0,10,2026-02-03 06:24:18.508574
ATMN,25.31,24.59,25.31,2114400.0,2103300.0,0,0,0,0,0,0,0,0,0,0,0,0,10,2026-02-03 06:24:18.508574
WNTR,25.06,24.96,25.03,2218600.0,2222500.0,0,0,0,0,0,0,0,0,0,0,0,0,10,2026-02-03 06:24:18.508574
SPNG,24.78,24.78,25.2,1960200.0,1987300.0,0,0,0,0,0,0,0,0,0,0,0,0,11,2026-02-03 06:24:19.544709
SMMR,25.07,25.05,25.07,2056900.0,1999100.0,0,0,0,0,0,0,0,0,0,0,0,0,11,2026-02-03 06:24:19.544709
ATMN,24.83,24.82,24.83,2161700.0,2123000.0,0,0,0,0,0,0,0,0,0,0,0,0,11,2026-02-03 06:24:19.544709
WNTR,25.16,24.96,25.16,2218600.0,2070100.0,0,0,0,0,0,0,0,0,0,0,0,0,11,2026-02-03 06:24:19.544709
SPNG,24.98,24.98,25.2,2068000.0,2014500.0,0,0,0,0,0,0,0,0,0,0,0,0,12,2026-02-03 06:24:20.573898
SMMR,25.07,24.9,25.05,1953800.0,1990400.0,0,0,0,0,0,0,0,0,0,0,0,0,12,2026-02-03 06:24:20.573898
ATMN,24.83,24.82,24.83,2165700.0,2123000.0,0,0,0,0,0,0,0,0,0,0,0,0,12,2026-02-03 06:24:20.573898
WNTR,25.02,25.02,25.16,2222600.0,2188400.0,0,0,0,0,0,0,0,0,0,0,0,0,12,2026-02-03 06:24:20.573898
SPNG,25.2,24.78,25.2,1960200.0,2014500.0,0,0,0,0,0,0,0,0,0,0,0,0,13,2026-02-03 06:24:21.603064
SMMR,25.02,24.9,24.92,1953800.0,1996500.0,0,0,0,0,0,0,0,0,0,0,0,0,13,2026-02-03 06:24:21.603064
ATMN,24.83,24.82,24.83,2171600.0,2123000.0,0,0,0,0,0,0,0,0,0,0,0,0,13,2026-02-03 06:24:21.603064
WNTR,25.03,25.02,25.03,2226200.0,2219400.0,0,0,0,0,0,0,0,0,0,0,0,0,13,2026-02-03 06:24:21.603064
SPNG,25.0,25.02,25.18,2075700.0,1993000.0,0,0,0,0,0,0,0,0,0,0,0,0,14,2026-02-03 06:24:22.632861
SMMR,24.92,24.9,24.92,2072900.0,1980600.0,0,0,0,0,0,0,0,0,0,0,0,0,14,2026-02-03 06:24:22.632861
ATMN,25.09,24.82,24.92,2171600.0,2116700.0,0,0,0,0,0,0,0,0,0,0,0,0,14,2026-02-03 06:24:22.632861
WNTR,24.96,24.96,24.99,2206300.0,2206200.0,0,0,0,0,0,0,0,0,0,0,0,0,14,2026-02-03 06:24:22.632861
SPNG,25.02,24.78,24.96,2073300.0,2031700.0,0,0,0,0,0,0,0,0,0,0,0,0,15,2026-02-03 06:24:23.672688
SMMR,24.88,24.88,24.92,1948600.0,1980600.0,0,0,0,0,0,0,0,0,0,0,0,0,15,2026-02-03 06:24:23.672688
ATMN,25.32,24.82,25.32,2177000.0,2079800.0,0,0,0,0,0,0,0,0,0,0,0,0,15,2026-02-03 06:24:23.672688
WNTR,24.95,24.95,25.16,2228400.0,2214000.0,0,0,0,0,0,0,0,0,0,0,0,0,15,2026-02-03 06:24:23.672688
SPNG,25.0,24.78,25.0,2073300.0,2025200.0,0,0,0,0,0,0,0,0,0,0,0,0,16,2026-02-03 06:24:24.707769
SMMR,24.93,24.91,24.93,2064000.0,1985500.0,0,0,0,0,0,0,0,0,0,0,0,0,16,2026-02-03 06:24:24.707769
ATMN,25.32,24.82,25.05,2171000.0,2116200.0,0,0,0,0,0,0,0,0,0,0,0,0,16,2026-02-03 06:24:24.707769
WNTR,24.95,24.9,24.95,2215600.0,2184400.0,0,0,0,0,0,0,0,0,0,0,0,0,16,2026-02-03 06:24:24.707769
SPNG,25.18,25.04,25.18,2015100.0,1999600.0,0,0,0,0,0,0,0,0,0,0,0,0,17,2026-02-03 06:24:25.751706
SMMR,24.89,24.89,24.93,2105800.0,1985500.0,0,0,0,0,0,0,0,0,0,0,0,0,17,2026-02-03 06:24:25.751706
ATMN,24.73,24.73,25.05,2181800.0,2116200.0,0,0,0,0,0,0,0,0,0,0,0,0,17,2026-02-03 06:24:25.751706
WNTR,24.88,24.88,25.16,2214800.0,2205100.0,0,0,0,0,0,0,0,0,0,0,0,0,17,2026-02-03 06:24:25.751706
SPNG,24.76,24.76,25.18,1968500.0,1993000.0,0,0,0,0,0,0,0,0,0,0,0,0,18,2026-02-03 06:24:26.799247
SMMR,24.89,24.89,25.06,2112200.0,1994700.0,0,0,0,0,0,0,0,0,0,0,0,0,18,2026-02-03 06:24:26.799247
ATMN,25.05,25.17,25.22,2150800.0,2095800.0,0,0,0,0,0,0,0,0,0,0,0,0,18,2026-02-03 06:24:26.799247
WNTR,24.88,25.13,25.16,2195800.0,2205100.0,0,0,0,0,0,0,0,0,0,0,0,0,18,2026-02-03 06:24:26.799247
SPNG,24.76,24.76,25.18,1968500.0,2015900.0,0,0,0,0,0,0,0,0,0,0,0,0,19,2026-02-03 06:24:27.834816
SMMR,25.07,24.88,25.07,2100200.0,2013500.0,0,0,0,0,0,0,0,0,0,0,0,0,19,2026-02-03 06:24:27.834816
ATMN,25.17,25.02,25.11,2151000.0,2092900.0,0,0,0,0,0,0,0,0,0,0,0,0,19,2026-02-03 06:24:27.834816
WNTR,25.21,25.13,25.14,2200500.0,2231200.0,0,0,0,0,0,0,0,0,0,0,0,0,19,2026-02-03 06:24:27.834816
SPNG,24.52,24.52,25.18,1962000.0,2015900.0,0,0,0,0,0,0,0,0,0,0,0,0,20,2026-02-03 06:24:28.868398
SMMR,24.85,24.85,25.07,2076500.0,2005700.0,0,0,0,0,0,0,0,0,0,0,0,0,20,2026-02-03 06:24:28.868398
ATMN,25.02,25.02,25.11,2153100.0,2136800.0,0,0,0,0,0,0,0,0,0,0,0,0,20,2026-02-03 06:24:28.868398
WNTR,25.14,25.03,25.14,2206000.0,2226200.0,0,0,0,0,0,0,0,0,0,0,0,0,20,2026-02-03 06:24:28.868398
SPNG,25.2,24.52,25.2,2039400.0,1987800.0,0,0,0,0,0,0,0,0,0,0,0,0,21,2026-02-03 06:24:29.896147
SMMR,24.85,24.87,25.07,2081400.0,2001000.0,0,0,0,0,0,0,0,0,0,0,0,0,21,2026-02-03 06:24:29.896147
ATMN,24.76,24.76,25.08,2138800.0,2131500.0,0,0,0,0,0,0,0,0,0,0,0,0,21,2026-02-03 06:24:29.896147
WNTR,25.03,24.95,25.02,2203900.0,2197000.0,0,0,0,0,0,0,0,0,0,0,0,0,21,2026-02-03 06:24:29.896147
SPNG,25.06,24.52,24.82,2039400.0,1994000.0,0,0,0,0,0,0,0,0,0,0,0,0,22,2026-02-03 06:24:30.938075
SMMR,24.85,24.88,25.07,2038200.0,2001000.0,0,0,0,0,0,0,0,0,0,0,0,0,22,2026-02-03 06:24:30.938075
ATMN,24.76,24.73,24.75,2156900.0,2149600.0,0,0,0,0,0,0,0,0,0,0,0,0,22,2026-02-03 06:24:30.938075
WNTR,25.03,24.99,25.02,2200600.0,2197000.0,0,0,0,0,0,0,0,0,0,0,0,0,22,2026-02-03 06:24:30.938075
SPNG,24.52,24.52,25.2,2039400.0,1987800.0,0,0,0,0,0,0,0,0,0,0,0,0,23,2026-02-03 06:24:31.489390
SMMR,24.87,24.87,24.98,2037500.0,2015800.0,0,0,0,0,0,0,0,0,0,0,0,0,23,2026-02-03 06:24:31.489390
ATMN,24.68,24.68,25.1,2167000.0,2151900.0,0,0,0,0,0,0,0,0,0,0,0,0,23,2026-02-03 06:24:31.489390
WNTR,25.14,25.14,25.21,2179800.0,2220700.0,0,0,0,0,0,0,0,0,0,0,0,0,23,2026-02-03 06:24:31.489390
SPNG,24.91,24.91,25.2,2042700.0,1985800.0,0,0,0,0,0,0,0,0,0,0,0,0,24,2026-02-03 06:24:32.528767
SMMR,24.98,24.82,24.87,2050800.0,2023100.0,0,0,0,0,0,0,0,0,0,0,0,0,24,2026-02-03 06:24:32.528767
ATMN,25.03,24.85,25.03,2136500.0,2130700.0,0,0,0,0,0,0,0,0,0,0,0,0,24,2026-02-03 06:24:32.528767
WNTR,25.21,24.99,25.21,2165900.0,2222400.0,0,0,0,0,0,0,0,0,0,0,0,0,24,2026-02-03 06:24:32.528767
SPNG,24.5,24.63,25.2,2045600.0,1989900.0,0,0,0,0,0,0,0,0,0,0,0,0,25,2026-02-03 06:24:33.559947
SMMR,24.87,24.82,24.87,2042000.0,2023100.0,0,0,0,0,0,0,0,0,0,0,0,0,25,2026-02-03 06:24:33.559947
ATMN,25.03,24.85,24.98,2120400.0,2111000.0,0,0,0,0,0,0,0,0,0,0,0,0,25,2026-02-03 06:24:33.559947
WNTR,25.24,24.95,25.12,2183300.0,2209900.0,0,0,0,0,0,0,0,0,0,0,0,0,25,2026-02-03 06:24:33.559947
SPNG,25.2,24.63,25.2,2063200.0,1975300.0,0,0,0,0,0,0,0,0,0,0,0,0,26,2026-02-03 06:24:34.589361
SMMR,25.08,24.9,25.08,2033300.0,2024200.0,0,0,0,0,0,0,0,0,0,0,0,0,26,2026-02-03 06:24:34.589361
ATMN,25.03,24.85,24.97,2119300.0,2091200.0,0,0,0,0,0,0,0,0,0,0,0,0,26,2026-02-03 06:24:34.589361
WNTR,25.12,24.95,25.12,2152300.0,2209900.0,0,0,0,0,0,0,0,0,0,0,0,0,26,2026-02-03 06:24:34.589361
SPNG,25.2,24.81,25.11,2035800.0,1966100.0,0,0,0,0,0,0,0,0,0,0,0,0,27,2026-02-03 06:24:35.623931
SMMR,25.08,24.9,24.96,2046000.0,2027800.0,0,0,0,0,0,0,0,0,0,0,0,0,27,2026-02-03 06:24:35.623931
ATMN,24.98,24.85,24.98,2133500.0,2111000.0,0,0,0,0,0,0,0,0,0,0,0,0,27,2026-02-03 06:24:35.623931
WNTR,25.17,25.07,25.17,2133800.0,2224500.0,0,0,0,0,0,0,0,0,0,0,0,0,27,2026-02-03 06:24:35.623931
SPNG,24.81,24.63,24.76,2057700.0,2032500.0,0,0,0,0,0,0,0,0,0,0,0,0,28,2026-02-03 06:24:36.732010
SMMR,25.08,24.9,24.96,2085600.0,2027800.0,0,0,0,0,0,0,0,0,0,0,0,0,28,2026-02-03 06:24:36.732010
ATMN,25.1,24.85,25.05,2133500.0,2129400.0,0,0,0,0,0,0,0,0,0,0,0,0,28,2026-02-03 06:24:36.732010
WNTR,25.24,25.07,25.24,2153900.0,2207900.0,0,0,0,0,0,0,0,0,0,0,0,0,28,2026-02-03 06:24:36.732010
SPNG,25.11,24.63,25.11,2072400.0,1993700.0,0,0,0,0,0,0,0,0,0,0,0,0,29,2026-02-03 06:24:37.755985
SMMR,25.08,24.92,24.93,2061700.0,2018700.0,0,0,0,0,0,0,0,0,0,0,0,0,29,2026-02-03 06:24:37.755985
ATMN,25.1,24.85,25.05,2155600.0,2110100.0,0,0,0,0,0,0,0,0,0,0,0,0,29,2026-02-03 06:24:37.755985
WNTR,25.24,25.07,25.24,2073600.0,2207900.0,0,0,0,0,0,0,0,0,0,0,0,0,29,2026-02-03 06:24:37.755985
SPNG,24.63,24.63,25.11,2011000.0,1993700.0,0,0,0,0,0,0,0,0,0,0,0,0,30,2026-02-03 06:24:38.781
SMMR,24.96,24.92,24.96,2061700.0,2003200.0,0,0,0,0,0,0,0,0,0,0,0,0,30,2026-02-03 06:24:38.781
ATMN,25.05,24.85,25.05,2183100.0,2110100.0,0,0,0,0,0,0,0,0,0,0,0,0,30,2026-02-03 06:24:38.781
WNTR,25.24,25.07,25.24,2075700.0,2207900.0,0,0,0,0,0,0,0,0,0,0,0,0,30,2026-02-03 06:24:38.781
SPNG,25.21,24.69,25.08,2042100.0,1994300.0,0,0,0,0,0,0,0,0,0,0,0,0,31,2026-02-03 06:24:39.808501
SMMR,24.9,24.84,24.9,2070400.0,2023900.0,0,0,0,0,0,0,0,0,0,0,0,0,31,2026-02-03 06:24:39.808501
ATMN,24.82,24.82,25.05,2187600.0,2110100.0,0,0,0,0,0,0,0,0,0,0,0,0,31,2026-02-03 06:24:39.808501
WNTR,25.19,25.07,25.13,2075700.0,2213200.0,0,0,0,0,0,0,0,0,0,0,0,0,31,2026-02-03 06:24:39.808501
SPNG,25.08,24.76,25.08,2025100.0,1994300.0,0,0,0,0,0,0,0,0,0,0,0,0,32,2026-02-03 06:24:40.842314
SMMR,24.98,24.91,24.98,2058600.0,1999900.0,0,0,0,0,0,0,0,0,0,0,0,0,32,2026-02-03 06:24:40.842314
ATMN,24.75,24.75,25.05,2186200.0,2110100.0,0,0,0,0,0,0,0,0,0,0,0,0,32,2026-02-03 06:24:40.842314
WNTR,25.13,25.08,25.13,2072100.0,2213200.0,0,0,0,0,0,0,0,0,0,0,0,0,32,2026-02-03 06:24:40.842314
SPNG,25.2,25.2,25.21,2045800.0,2010300.0,0,0,0,0,0,0,0,0,0,0,0,0,33,2026-02-03 06:24:41.889786
SMMR,24.98,24.91,24.98,2062000.0,2014300.0,0,0,0,0,0,0,0,0,0,0,0,0,33,2026-02-03 06:24:41.889786
ATMN,24.68,24.91,25.05,2204600.0,2110100.0,0,0,0,0,0,0,0,0,0,0,0,0,33,2026-02-03 06:24:41.889786
WNTR,25.19,25.23,25.26,2064400.0,2170900.0,0,0,0,0,0,0,0,0,0,0,0,0,33,2026-02-03 06:24:41.889786
SPNG,24.63,24.84,24.94,2039300.0,1985500.0,0,0,0,0,0,0,0,0,0,0,0,0,34,2026-02-03 06:24:42.937073
SMMR,24.96,24.91,24.96,2062000.0,2052200.0,0,0,0,0,0,0,0,0,0,0,0,0,34,2026-02-03 06:24:42.937073
ATMN,24.68,24.91,25.03,2204600.0,2037000.0,0,0,0,0,0,0,0,0,0,0,0,0,34,2026-02-03 06:24:42.937073
WNTR,25.26,25.17,25.26,2068200.0,2157400.0,0,0,0,0,0,0,0,0,0,0,0,0,34,2026-02-03 06:24:42.937073
SPNG,24.94,24.84,24.86,2038200.0,1994900.0,0,0,0,0,0,0,0,0,0,0,0,0,35,2026-02-03 06:24:43.988858
SMMR,24.83,24.83,24.98,2090800.0,2034600.0,0,0,0,0,0,0,0,0,0,0,0,0,35,2026-02-03 06:24:43.988858
ATMN,24.91,24.68,24.73,2171300.0,2071300.0,0,0,0,0,0,0,0,0,0,0,0,0,35,2026-02-03 06:24:43.988858
WNTR,25.28,25.17,25.28,2068200.0,2161900.0,0,0,0,0,0,0,0,0,0,0,0,0,35,2026-02-03 06:24:43.988858
SPNG,24.86,24.86,24.94,2060900.0,2031100.0,0,0,0,0,0,0,0,0,0,0,0,0,36,2026-02-03 06:24:45.026610
SMMR,24.87,24.87,24.93,2076500.0,2033100.0,0,0,0,0,0,0,0,0,0,0,0,0,36,2026-02-03 06:24:45.026610
ATMN,24.66,24.66,25.1,2154400.0,2077600.0,0,0,0,0,0,0,0,0,0,0,0,0,36,2026-02-03 06:24:45.026610
WNTR,25.24,25.24,25.28,2092500.0,2195400.0,0,0,0,0,0,0,0,0,0,0,0,0,36,2026-02-03 06:24:45.026610
SPNG,24.94,25.04,25.13,2049300.0,2023400.0,0,0,0,0,0,0,0,0,0,0,0,0,37,2026-02-03 06:24:46.057844
SMMR,24.92,24.97,25.0,2096600.0,2052800.0,0,0,0,0,0,0,0,0,0,0,0,0,37,2026-02-03 06:24:46.057844
ATMN,25.1,24.78,25.1,2177700.0,2077600.0,0,0,0,0,0,0,0,0,0,0,0,0,37,2026-02-03 06:24:46.057844
WNTR,25.2,25.13,25.2,2078000.0,2198800.0,0,0,0,0,0,0,0,0,0,0,0,0,37,2026-02-03 06:24:46.057844
SPNG,24.84,24.84,25.09,2040500.0,2039300.0,0,0,0,0,0,0,0,0,0,0,0,0,38,2026-02-03 06:24:47.087746
SMMR,25.02,24.97,25.02,2107800.0,2093300.0,0,0,0,0,0,0,0,0,0,0,0,0,38,2026-02-03 06:24:47.087746
ATMN,24.78,24.66,24.76,2208700.0,2076500.0,0,0,0,0,0,0,0,0,0,0,0,0,38,2026-02-03 06:24:47.087746
WNTR,25.2,25.13,25.2,2084800.0,2198800.0,0,0,0,0,0,0,0,0,0,0,0,0,38,2026-02-03 06:24:47.087746
SPNG,24.84,24.84,25.09,2054700.0,2052700.0,0,0,0,0,0,0,0,0,0,0,0,0,39,2026-02-03 06:24:47.614979
SMMR,25.02,24.97,25.02,2107800.0,2093300.0,0,0,0,0,0,0,0,0,0,0,0,0,39,2026-02-03 06:24:47.614979
ATMN,24.76,24.96,25.1,2233600.0,2077600.0,0,0,0,0,0,0,0,0,0,0,0,0,39,2026-02-03 06:24:47.614979
WNTR,25.13,25.13,25.2,2093400.0,2204400.0,0,0,0,0,0,0,0,0,0,0,0,0,39,2026-02-03 06:24:47.614979
SPNG,25.09,24.63,25.09,2044900.0,2045600.0,0,0,0,0,0,0,0,0,0,0,0,0,40,2026-02-03 06:24:48.647847
SMMR,25.02,24.97,25.02,2074800.0,2116500.0,0,0,0,0,0,0,0,0,0,0,0,0,40,2026-02-03 06:24:48.647847
ATMN,24.78,25.02,25.1,2201700.0,2085200.0,0,0,0,0,0,0,0,0,0,0,0,0,40,2026-02-03 06:24:48.647847
WNTR,25.13,25.13,25.18,2098900.0,2204400.0,0,0,0,0,0,0,0,0,0,0,0,0,40,2026-02-03 06:24:48.647847
SPNG,24.55,24.55,25.13,2083600.0,2036000.0,0,0,0,0,0,0,0,0,0,0,0,0,41,2026-02-03 06:24:49.681542
SMMR,25.01,24.97,25.01,2071100.0,2142300.0,0,0,0,0,0,0,0,0,0,0,0,0,41,2026-02-03 06:24:49.681542
ATMN,24.66,24.66,24.76,2208700.0,2131500.0,0,0,0,0,0,0,0,0,0,0,0,0,41,2026-02-03 06:24:49.681542
WNTR,25.18,25.08,25.18,2081000.0,2201300.0,0,0,0,0,0,0,0,0,0,0,0,0,41,2026-02-03 06:24:49.681542
SPNG,24.55,24.55,25.21,2083600.0,1978500.0,0,0,0,0,0,0,0,0,0,0,0,0,42,2026-02-03 06:24:50.707522
SMMR,25.02,24.97,25.02,2071100.0,2126300.0,0,0,0,0,0,0,0,0,0,0,0,0,42,2026-02-03 06:24:50.707522
ATMN,24.76,24.86,25.1,2235800.0,2101900.0,0,0,0,0,0,0,0,0,0,0,0,0,42,2026-02-03 06:24:50.707522
WNTR,25.26,25.08,25.26,2081000.0,2191900.0,0,0,0,0,0,0,0,0,0,0,0,0,42,2026-02-03 06:24:50.707522
SPNG,24.49,24.49,25.23,2056700.0,1975800.0,0,0,0,0,0,0,0,0,0,0,0,0,43,2026-02-03 06:24:51.734487
SMMR,24.97,24.97,25.02,2035000.0,2126300.0,0,0,0,0,0,0,0,0,0,0,0,0,43,2026-02-03 06:24:51.734487
ATMN,24.74,24.97,25.1,2204100.0,2101900.0,0,0,0,0,0,0,0,0,0,0,0,0,43,2026-02-03 06:24:51.734487
WNTR,25.26,25.08,25.26,2081000.0,2161700.0,0,0,0,0,0,0,0,0,0,0,0,0,43,2026-02-03 06:24:51.734487
SPNG,24.48,25.16,25.23,2045400.0,1975800.0,0,0,0,0,0,0,0,0,0,0,0,0,44,2026-02-03 06:24:52.761103
SMMR,24.95,24.95,25.0,2034100.0,2145200.0,0,0,0,0,0,0,0,0,0,0,0,0,44,2026-02-03 06:24:52.761103
ATMN,24.75,24.9,25.04,2224800.0,2127900.0,0,0,0,0,0,0,0,0,0,0,0,0,44,2026-02-03 06:24:52.761103
WNTR,25.26,25.07,25.26,2093800.0,2146700.0,0,0,0,0,0,0,0,0,0,0,0,0,44,2026-02-03 06:24:52.761103
SPNG,25.16,25.16,25.23,2045400.0,1975800.0,0,0,0,0,0,0,0,0,0,0,0,0,45,2026-02-03 06:24:53.792381
SMMR,25.0,24.95,25.0,2022300.0,2145200.0,0,0,0,0,0,0,0,0,0,0,0,0,45,2026-02-03 06:24:53.792381
ATMN,24.84,24.74,24.84,2217600.0,2125400.0,0,0,0,0,0,0,0,0,0,0,0,0,45,2026-02-03 06:24:53.792381
WNTR,25.07,25.2,25.26,2076000.0,2146700.0,0,0,0,0,0,0,0,0,0,0,0,0,45,2026-02-03 06:24:53.792381
SPNG,24.4,24.43,25.23,2082100.0,1975800.0,0,0,0,0,0,0,0,0,0,0,0,0,46,2026-02-03 06:24:54.818061
SMMR,24.9,24.9,25.0,2051400.0,2145200.0,0,0,0,0,0,0,0,0,0,0,0,0,46,2026-02-03 06:24:54.818061
ATMN,24.81,24.74,24.75,2228200.0,2144200.0,0,0,0,0,0,0,0,0,0,0,0,0,46,2026-02-03 06:24:54.818061
WNTR,25.2,25.2,25.26,2076000.0,2135500.0,0,0,0,0,0,0,0,0,0,0,0,0,46,2026-02-03 06:24:54.818061
SPNG,24.93,24.43,24.83,2082100.0,1975400.0,0,0,0,0,0,0,0,0,0,0,0,0,47,2026-02-03 06:24:55.859533
SMMR,25.0,25.0,25.01,2059000.0,2110600.0,0,0,0,0,0,0,0,0,0,0,0,0,47,2026-02-03 06:24:55.859533
ATMN,24.75,24.97,25.04,2246400.0,2113900.0,0,0,0,0,0,0,0,0,0,0,0,0,47,2026-02-03 06:24:55.859533
WNTR,25.0,25.0,25.15,2108900.0,2127400.0,0,0,0,0,0,0,0,0,0,0,0,0,47,2026-02-03 06:24:55.859533
SPNG,24.83,25.17,25.24,2115000.0,1948000.0,0,0,0,0,0,0,0,0,0,0,0,0,48,2026-02-03 06:24:56.890574
SMMR,24.9,24.87,24.9,2049200.0,2103000.0,0,0,0,0,0,0,0,0,0,0,0,0,48,2026-02-03 06:24:56.890574
ATMN,24.75,24.97,25.04,2246400.0,2090200.0,0,0,0,0,0,0,0,0,0,0,0,0,48,2026-02-03 06:24:56.890574
WNTR,25.15,25.01,25.15,2119800.0,2127400.0,0,0,0,0,0,0,0,0,0,0,0,0,48,2026-02-03 06:24:56.890574
SPNG,25.17,24.8,25.16,2128300.0,1982900.0,0,0,0,0,0,0,0,0,0,0,0,0,49,2026-02-03 06:24:57.927001
SMMR,24.9,24.88,24.9,2012200.0,2103000.0,0,0,0,0,0,0,0,0,0,0,0,0,49,2026-02-03 06:24:57.927001
ATMN,24.72,24.72,24.86,2255200.0,2123900.0,0,0,0,0,0,0,0,0,0,0,0,0,49,2026-02-03 06:24:57.927001
WNTR,25.15,25.15,25.26,2137000.0,2135500.0,0,0,0,0,0,0,0,0,0,0,0,0,49,2026-02-03 06:24:57.927001
SPNG,24.8,24.8,25.25,2125700.0,1928900.0,0,0,0,0,0,0,0,0,0,0,0,0,50,2026-02-03 06:24:58.976333
SMMR,25.02,24.9,25.02,1998000.0,2139600.0,0,0,0,0,0,0,0,0,0,0,0,0,50,2026-02-03 06:24:58.976333
ATMN,24.86,24.91,25.04,2223500.0,2090200.0,0,0,0,0,0,0,0,0,0,0,0,0,50,2026-02-03 06:24:58.976333
WNTR,25.15,25.15,25.26,2137000.0,2096600.0,0,0,0,0,0,0,0,0,0,0,0,0,50,2026-02-03 06:24:58.976333
SPNG,24.78,24.78,25.0,2107900.0,1931500.0,0,0,0,0,0,0,0,0,0,0,0,0,51,2026-02-03 06:25:00.044521
SMMR,25.03,24.92,25.03,2038300.0,2121200.0,0,0,0,0,0,0,0,0,0,0,0,0,51,2026-02-03 06:25:00.044521
ATMN,24.72,24.72,25.01,2208700.0,2076500.0,0,0,0,0,0,0,0,0,0,0,0,0,51,2026-02-03 06:25:00.044521
WNTR,25.15,25.19,25.21,2124600.0,2112300.0,0,0,0,0,0,0,0,0,0,0,0,0,51,2026-02-03 06:25:00.044521
SPNG,25.02,24.92,24.96,2101400.0,1928600.0,0,0,0,0,0,0,0,0,0,0,0,0,52,2026-02-03 06:25:01.093800
SMMR,24.9,24.88,24.9,2018200.0,2090400.0,0,0,0,0,0,0,0,0,0,0,0,0,52,2026-02-03 06:25:01.093800
ATMN,25.01,24.66,25.01,2232300.0,2086400.0,0,0,0,0,0,0,0,0,0,0,0,0,52,2026-02-03 06:25:01.093800
WNTR,25.14,25.14,25.21,2112700.0,2112300.0,0,0,0,0,0,0,0,0,0,0,0,0,52,2026-02-03 06:25:01.093800
SPNG,24.92,24.92,24.96,2101400.0,1928600.0,0,0,0,0,0,0,0,0,0,0,0,0,53,2026-02-03 06:25:02.131114
SMMR,24.88,24.88,24.9,2048200.0,2090400.0,0,0,0,0,0,0,0,0,0,0,0,0,53,2026-02-03 06:25:02.131114
ATMN,25.01,24.66,24.94,2232300.0,2077100.0,0,0,0,0,0,0,0,0,0,0,0,0,53,2026-02-03 06:25:02.131114
WNTR,25.06,25.01,25.06,2119800.0,2128300.0,0,0,0,0,0,0,0,0,0,0,0,0,53,2026-02-03 06:25:02.131114
SPNG,24.71,24.71,25.0,2115800.0,1924400.0,0,0,0,0,0,0,0,0,0,0,0,0,54,2026-02-03 06:25:03.164998
SMMR,25.06,24.87,25.06,2049200.0,2094700.0,0,0,0,0,0,0,0,0,0,0,0,0,54,2026-02-03 06:25:03.164998
ATMN,24.64,24.64,24.88,2215200.0,2119600.0,0,0,0,0,0,0,0,0,0,0,0,0,54,2026-02-03 06:25:03.164998
WNTR,25.2,25.01,25.18,2134800.0,2134600.0,0,0,0,0,0,0,0,0,0,0,0,0,54,2026-02-03 06:25:03.164998
SPNG,24.71,24.66,24.7,2083300.0,1952200.0,0,0,0,0,0,0,0,0,0,0,0,0,55,2026-02-03 06:25:04.201503
SMMR,25.04,25.04,25.06,2033800.0,2094700.0,0,0,0,0,0,0,0,0,0,0,0,0,55,2026-02-03 06:25:04.201503
ATMN,24.64,24.64,24.88,2208500.0,2119600.0,0,0,0,0,0,0,0,0,0,0,0,0,55,2026-02-03 06:25:04.201503
WNTR,25.0,25.03,25.18,2142200.0,2137300.0,0,0,0,0,0,0,0,0,0,0,0,0,55,2026-02-03 06:25:04.201503
SPNG,24.7,24.72,25.26,2124200.0,1950800.0,0,0,0,0,0,0,0,0,0,0,0,0,56,2026-02-03 06:25:04.728636
SMMR,25.04,25.04,25.06,2033800.0,2094300.0,0,0,0,0,0,0,0,0,0,0,0,0,56,2026-02-03 06:25:04.728636
ATMN,24.64,24.64,24.88,2208500.0,2119600.0,0,0,0,0,0,0,0,0,0,0,0,0,56,2026-02-03 06:25:04.728636
WNTR,24.99,24.99,25.18,2144500.0,2137300.0,0,0,0,0,0,0,0,0,0,0,0,0,56,2026-02-03 06:25:04.728636
SPNG,24.66,24.69,25.22,2122000.0,1946900.0,0,0,0,0,0,0,0,0,0,0,0,0,57,2026-02-03 06:25:05.759293
SMMR,25.06,24.87,25.06,2036900.0,2086900.0,0,0,0,0,0,0,0,0,0,0,0,0,57,2026-02-03 06:25:05.759293
ATMN,24.94,24.61,24.94,2179200.0,2099400.0,0,0,0,0,0,0,0,0,0,0,0,0,57,2026-02-03 06:25:05.759293
WNTR,25.21,24.99,25.21,2120400.0,2123300.0,0,0,0,0,0,0,0,0,0,0,0,0,57,2026-02-03 06:25:05.759293
SPNG,24.69,25.06,25.22,2129900.0,1946900.0,0,0,0,0,0,0,0,0,0,0,0,0,58,2026-02-03 06:25:06.791231
SMMR,25.06,24.92,24.97,2025200.0,2064800.0,0,0,0,0,0,0,0,0,0,0,0,0,58,2026-02-03 06:25:06.791231
ATMN,24.61,24.61,24.88,2166300.0,2100600.0,0,0,0,0,0,0,0,0,0,0,0,0,58,2026-02-03 06:25:06.791231
WNTR,24.99,24.99,25.19,2120400.0,2124300.0,0,0,0,0,0,0,0,0,0,0,0,0,58,2026-02-03 06:25:06.791231
SPNG,25.06,25.06,25.18,2129900.0,1939300.0,0,0,0,0,0,0,0,0,0,0,0,0,59,2026-02-03 06:25:07.816062
SMMR,24.97,24.92,24.97,2066500.0,2064800.0,0,0,0,0,0,0,0,0,0,0,0,0,59,2026-02-03 06:25:07.816062
ATMN,24.59,24.59,24.88,2101000.0,2100600.0,0,0,0,0,0,0,0,0,0,0,0,0,59,2026-02-03 06:25:07.816062
WNTR,24.95,24.95,25.19,2084500.0,2124300.0,0,0,0,0,0,0,0,0,0,0,0,0,59,2026-02-03 06:25:07.816062
SPNG,24.84,24.19,0.0,200000.0,,0,0,0,0,0,0,0,0,0,0,0,0,60,2026-02-03 06:25:08.844367
SMMR,25.08,25.18,0.0,200000.0,,0,0,0,0,0,0,0,0,0,0,0,0,60,2026-02-03 06:25:08.844367
ATMN,24.79,24.25,0.0,200000.0,,0,0,0,0,0,0,0,0,0,0,0,0,60,2026-02-03 06:25:08.844367
WNTR,26.27,25.96,26.02,694500.0,694600.0,0,0,0,0,0,0,0,0,0,0,0,0,60,2026-02-03 06:25:08.844367
SPNG,23.46,23.46,24.2,1042800.0,853900.0,0,0,0,0,0,0,0,0,0,0,0,0,61,2026-02-03 06:25:09.867061
SMMR,25.08,25.18,25.33,854500.0,957300.0,0,0,0,0,0,0,0,0,0,0,0,0,61,2026-02-03 06:25:09.867061
ATMN,24.25,24.25,24.39,923500.0,1036600.0,0,0,0,0,0,0,0,0,0,0,0,0,61,2026-02-03 06:25:09.867061
WNTR,26.02,26.12,26.24,1008200.0,903800.0,0,0,0,0,0,0,0,0,0,0,0,0,61,2026-02-03 06:25:09.867061
SPNG,24.2,23.79,24.2,1246100.0,853900.0,0,0,0,0,0,0,0,0,0,0,0,0,62,2026-02-03 06:25:10.890600
SMMR,25.16,25.24,25.33,969100.0,957300.0,0,0,0,0,0,0,0,0,0,0,0,0,62,2026-02-03 06:25:10.890600
ATMN,24.25,23.94,24.01,954700.0,1162900.0,0,0,0,0,0,0,0,0,0,0,0,0,62,2026-02-03 06:25:10.890600
WNTR,26.02,26.2,26.24,1438600.0,903800.0,0,0,0,0,0,0,0,0,0,0,0,0,62,2026-02-03 06:25:10.890600
SPNG,24.21,23.8,24.21,1474800.0,754900.0,0,0,0,0,0,0,0,0,0,0,0,0,63,2026-02-03 06:25:11.912658
SMMR,25.16,25.0,25.08,845400.0,1259100.0,0,0,0,0,0,0,0,0,0,0,0,0,63,2026-02-03 06:25:11.912658
ATMN,24.32,23.94,24.17,1072200.0,1046600.0,0,0,0,0,0,0,0,0,0,0,0,0,63,2026-02-03 06:25:11.912658
WNTR,26.24,26.23,26.24,1532900.0,1014800.0,0,0,0,0,0,0,0,0,0,0,0,0,63,2026-02-03 06:25:11.912658
SPNG,24.21,24.3,24.88,1590300.0,1021400.0,0,0,0,0,0,0,0,0,0,0,0,0,64,2026-02-03 06:25:12.940138
SMMR,25.2,25.0,25.16,845400.0,1348400.0,0,0,0,0,0,0,0,0,0,0,0,0,64,2026-02-03 06:25:12.940138
ATMN,24.41,24.32,24.41,1317300.0,924400.0,0,0,0,0,0,0,0,0,0,0,0,0,64,2026-02-03 06:25:12.940138
WNTR,26.2,26.2,26.24,1559900.0,1231100.0,0,0,0,0,0,0,0,0,0,0,0,0,64,2026-02-03 06:25:12.940138
SPNG,24.21,24.3,24.53,1590300.0,1311500.0,0,0,0,0,0,0,0,0,0,0,0,0,65,2026-02-03 06:25:13.968746
SMMR,25.08,25.0,25.08,942300.0,1538100.0,0,0,0,0,0,0,0,0,0,0,0,0,65,2026-02-03 06:25:13.968746
ATMN,24.41,24.32,24.4,1317300.0,1186700.0,0,0,0,0,0,0,0,0,0,0,0,0,65,2026-02-03 06:25:13.968746
WNTR,26.25,26.2,26.25,1685800.0,1226900.0,0,0,0,0,0,0,0,0,0,0,0,0,65,2026-02-03 06:25:13.968746
SPNG,23.79,23.79,24.53,1363400.0,1311500.0,0,0,0,0,0,0,0,0,0,0,0,0,66,2026-02-03 06:25:15.010430
SMMR,25.23,25.06,25.23,1033200.0,1347400.0,0,0,0,0,0,0,0,0,0,0,0,0,66,2026-02-03 06:25:15.010430
ATMN,24.11,24.17,24.4,1318500.0,1307500.0,0,0,0,0,0,0,0,0,0,0,0,0,66,2026-02-03 06:25:15.010430
WNTR,26.25,26.2,26.23,1685800.0,1545700.0,0,0,0,0,0,0,0,0,0,0,0,0,66,2026-02-03 06:25:15.010430
SPNG,23.79,24.16,24.47,1479400.0,1530800.0,0,0,0,0,0,0,0,0,0,0,0,0,67,2026-02-03 06:25:16.043918
SMMR,25.23,25.17,25.23,1237700.0,1456900.0,0,0,0,0,0,0,0,0,0,0,0,0,67,2026-02-03 06:25:16.043918
ATMN,24.17,23.95,24.17,1191700.0,1544300.0,0,0,0,0,0,0,0,0,0,0,0,0,67,2026-02-03 06:25:16.043918
WNTR,26.25,26.27,26.34,2009700.0,1335300.0,0,0,0,0,0,0,0,0,0,0,0,0,67,2026-02-03 06:25:16.043918
SPNG,24.02,24.37,24.47,1461900.0,1530800.0,0,0,0,0,0,0,0,0,0,0,0,0,68,2026-02-03 06:25:17.087031
SMMR,25.17,25.2,25.23,1342100.0,1555900.0,0,0,0,0,0,0,0,0,0,0,0,0,68,2026-02-03 06:25:17.087031
ATMN,24.22,23.95,24.09,1425700.0,1529400.0,0,0,0,0,0,0,0,0,0,0,0,0,68,2026-02-03 06:25:17.087031
WNTR,26.36,26.27,26.36,2109800.0,1352000.0,0,0,0,0,0,0,0,0,0,0,0,0,68,2026-02-03 06:25:17.087031
SPNG,24.02,24.37,24.47,1461900.0,1773500.0,0,0,0,0,0,0,0,0,0,0,0,0,69,2026-02-03 06:25:18.131639
SMMR,25.17,25.17,25.23,1237700.0,1758100.0,0,0,0,0,0,0,0,0,0,0,0,0,69,2026-02-03 06:25:18.131639
ATMN,24.09,24.32,24.38,1650700.0,1531900.0,0,0,0,0,0,0,0,0,0,0,0,0,69,2026-02-03 06:25:18.131639
WNTR,26.4,26.27,26.4,2222700.0,1281400.0,0,0,0,0,0,0,0,0,0,0,0,0,69,2026-02-03 06:25:18.131639
SPNG,24.37,24.1,24.27,1485800.0,1893500.0,0,0,0,0,0,0,0,0,0,0,0,0,70,2026-02-03 06:25:19.170672
SMMR,25.23,25.2,25.23,1451000.0,1648900.0,0,0,0,0,0,0,0,0,0,0,0,0,70,2026-02-03 06:25:19.170672
ATMN,23.95,23.95,24.33,1425700.0,1634200.0,0,0,0,0,0,0,0,0,0,0,0,0,70,2026-02-03 06:25:19.170672
WNTR,26.13,26.13,26.4,2235900.0,1281400.0,0,0,0,0,0,0,0,0,0,0,0,0,70,2026-02-03 06:25:19.170672
SPNG,24.38,24.1,24.29,1485800.0,1907500.0,0,0,0,0,0,0,0,0,0,0,0,0,71,2026-02-03 06:25:20.203678
SMMR,25.17,25.17,25.24,1456100.0,1645400.0,0,0,0,0,0,0,0,0,0,0,0,0,71,2026-02-03 06:25:20.203678
ATMN,24.41,24.17,24.41,1535700.0,1411000.0,0,0,0,0,0,0,0,0,0,0,0,0,71,2026-02-03 06:25:20.203678
WNTR,26.13,26.13,26.17,2217400.0,1404000.0,0,0,0,0,0,0,0,0,0,0,0,0,71,2026-02-03 06:25:20.203678
SPNG,24.29,24.1,24.23,1485800.0,1972800.0,0,0,0,0,0,0,0,0,0,0,0,0,72,2026-02-03 06:25:21.238089
SMMR,25.17,25.17,25.24,1456100.0,1958600.0,0,0,0,0,0,0,0,0,0,0,0,0,72,2026-02-03 06:25:21.238089
ATMN,24.17,24.17,24.31,1535700.0,1638700.0,0,0,0,0,0,0,0,0,0,0,0,0,72,2026-02-03 06:25:21.238089
WNTR,26.17,26.34,26.4,2228800.0,1281400.0,0,0,0,0,0,0,0,0,0,0,0,0,72,2026-02-03 06:25:21.238089
SPNG,24.41,24.1,24.41,1485800.0,1871500.0,,0,0,0,0,0,0,0,0,0,0,0,73,2026-02-03 06:25:22.271362
SMMR,25.14,25.14,25.15,1428700.0,1876900.0,7000.0,0,0,0,0,0,0,0,0,0,0,0,73,2026-02-03 06:25:22.271362
ATMN,24.17,24.26,24.31,1656800.0,1638700.0,,0,0,0,0,0,0,0,0,0,0,0,73,2026-02-03 06:25:22.271362
WNTR,26.34,26.13,26.28,2222200.0,1622000.0,,0,0,0,0,0,0,0,0,0,0,0,73,2026-02-03 06:25:22.271362
SPNG,24.41,24.1,24.26,1485800.0,3500.0,1864600.0,0,0,0,0,0,0,0,0,0,0,0,74,2026-02-03 06:25:22.804732
SMMR,25.23,25.21,25.23,1536200.0,7000.0,1875200.0,0,0,0,0,0,0,0,0,0,0,0,74,2026-02-03 06:25:22.804732
ATMN,24.0,24.08,24.31,1643800.0,,1732100.0,0,0,0,0,0,0,0,0,0,0,0,74,2026-02-03 06:25:22.804732
WNTR,26.13,26.15,26.28,2208500.0,8750.0,1622000.0,0,0,0,0,0,0,0,0,0,0,0,74,2026-02-03 06:25:22.804732
SPNG,24.1,24.1,24.38,1485800.0,1967400.0,0,0,0,0,0,0,0,0,0,0,0,0,75,2026-02-03 06:25:23.843286
SMMR,25.25,25.26,25.27,1717700.0,1834900.0,0,0,0,0,0,0,0,0,0,0,0,0,75,2026-02-03 06:25:23.843286
ATMN,24.41,23.94,24.41,1306200.0,1479700.0,0,0,0,0,0,0,0,0,0,0,0,0,75,2026-02-03 06:25:23.843286
WNTR,26.38,26.15,26.38,2208500.0,1503600.0,0,0,0,0,0,0,0,0,0,0,0,0,75,2026-02-03 06:25:23.843286
SPNG,24.43,24.14,24.43,1593800.0,3500.0,1915600.0,,0,0,0,0,0,0,0,0,0,0,76,2026-02-03 06:25:24.873857
SMMR,25.21,25.21,25.27,1623500.0,,1849000.0,7000.0,0,0,0,0,0,0,0,0,0,0,76,2026-02-03 06:25:24.873857
ATMN,23.83,23.92,24.3,1269000.0,,1586000.0,,0,0,0,0,0,0,0,0,0,0,76,2026-02-03 06:25:24.873857
WNTR,26.38,26.38,26.4,2176900.0,,1504600.0,,0,0,0,0,0,0,0,0,0,0,76,2026-02-03 06:25:24.873857
SPNG,23.79,23.79,24.43,1273000.0,1941900.0,0,0,0,0,0,0,0,0,0,0,0,0,77,2026-02-03 06:25:25.900829
SMMR,25.08,25.08,25.21,1317700.0,1923500.0,0,0,0,0,0,0,0,0,0,0,0,0,77,2026-02-03 06:25:25.900829
ATMN,24.12,24.12,24.15,1378300.0,1760300.0,0,0,0,0,0,0,0,0,0,0,0,0,77,2026-02-03 06:25:25.900829
WNTR,26.42,26.12,26.42,2207400.0,1615500.0,0,0,0,0,0,0,0,0,0,0,0,0,77,2026-02-03 06:25:25.900829
SPNG,24.2,24.38,24.43,1503900.0,1941900.0,0,0,0,0,0,0,0,0,0,0,0,0,78,2026-02-03 06:25:26.924882
SMMR,25.1,25.14,25.27,1433800.0,1936900.0,0,0,0,0,0,0,0,0,0,0,0,0,78,2026-02-03 06:25:26.924882
ATMN,24.12,24.12,24.15,1596000.0,1883200.0,0,0,0,0,0,0,0,0,0,0,0,0,78,2026-02-03 06:25:26.924882
WNTR,26.42,26.12,26.42,2215100.0,1807400.0,0,0,0,0,0,0,0,0,0,0,0,0,78,2026-02-03 06:25:26.924882
SPNG,24.38,24.05,24.11,1397600.0,1970300.0,3200.0,,0,0,0,0,0,0,0,0,0,0,79,2026-02-03 06:25:27.955263
SMMR,25.28,25.28,25.3,1652000.0,1964600.0,,7000.0,0,0,0,0,0,0,0,0,0,0,79,2026-02-03 06:25:27.955263
ATMN,24.3,24.13,24.3,1812100.0,1794400.0,,5250.0,0,0,0,0,0,0,0,0,0,0,79,2026-02-03 06:25:27.955263
WNTR,26.12,26.12,26.4,2223700.0,1926900.0,8750.0,,0,0,0,0,0,0,0,0,0,0,79,2026-02-03 06:25:27.955263
SPNG,24.42,24.05,24.42,1621500.0,2008200.0,0,0,0,0,0,0,0,0,0,0,0,0,80,2026-02-03 06:25:28.980775
SMMR,25.17,25.28,25.3,1783200.0,1964600.0,0,0,0,0,0,0,0,0,0,0,0,0,80,2026-02-03 06:25:28.980775
ATMN,24.11,24.11,24.18,1702800.0,2074500.0,0,0,0,0,0,0,0,0,0,0,0,0,80,2026-02-03 06:25:28.980775
WNTR,26.15,26.32,26.4,2217800.0,2050700.0,0,0,0,0,0,0,0,0,0,0,0,0,80,2026-02-03 06:25:28.980775
SPNG,24.43,24.05,24.29,1621500.0,2006800.0,0,0,0,0,0,0,0,0,0,0,0,0,81,2026-02-03 06:25:30.006334
SMMR,25.28,25.28,25.3,1866200.0,1957100.0,0,0,0,0,0,0,0,0,0,0,0,0,81,2026-02-03 06:25:30.006334
ATMN,24.18,24.11,24.18,1964800.0,2074500.0,0,0,0,0,0,0,0,0,0,0,0,0,81,2026-02-03 06:25:30.006334
WNTR,26.32,26.12,26.4,2207100.0,2050700.0,0,0,0,0,0,0,0,0,0,0,0,0,81,2026-02-03 06:25:30.006334
SPNG,24.29,24.05,24.29,1820000.0,2006800.0,,0,0,0,0,0,0,0,0,0,0,0,82,2026-02-03 06:25:31.032507
SMMR,25.27,25.14,25.23,1670500.0,1968300.0,,0,0,0,0,0,0,0,0,0,0,0,82,2026-02-03 06:25:31.032507
ATMN,24.18,24.13,24.18,2190100.0,2074500.0,5250.0,0,0,0,0,0,0,0,0,0,0,0,82,2026-02-03 06:25:31.032507
WNTR,26.4,26.11,26.27,2197900.0,2167200.0,,0,0,0,0,0,0,0,0,0,0,0,82,2026-02-03 06:25:31.032507
SPNG,24.27,24.27,24.29,2042800.0,2006800.0,,0,0,0,0,0,0,0,0,0,0,0,83,2026-02-03 06:25:32.062406
SMMR,25.25,25.14,25.22,1862300.0,1883100.0,7000.0,0,0,0,0,0,0,0,0,0,0,0,83,2026-02-03 06:25:32.062406
ATMN,24.3,24.13,24.2,2190100.0,2079300.0,,0,0,0,0,0,0,0,0,0,0,0,83,2026-02-03 06:25:32.062406
WNTR,26.4,26.19,26.27,2160500.0,2167200.0,,0,0,0,0,0,0,0,0,0,0,0,83,2026-02-03 06:25:32.062406
SPNG,24.2,24.2,24.28,1921000.0,3500.0,1954900.0,0,0,0,0,0,0,0,0,0,0,0,84,2026-02-03 06:25:33.098246
SMMR,25.32,25.14,25.32,1746200.0,,1943200.0,0,0,0,0,0,0,0,0,0,0,0,84,2026-02-03 06:25:33.098246
ATMN,23.97,23.97,24.2,2071000.0,,2108400.0,0,0,0,0,0,0,0,0,0,0,0,84,2026-02-03 06:25:33.098246
WNTR,26.11,26.11,26.4,2193400.0,,2151600.0,0,0,0,0,0,0,0,0,0,0,0,84,2026-02-03 06:25:33.098246
SPNG,24.47,24.2,24.47,1921000.0,2032200.0,,0,0,0,0,0,0,0,0,0,0,0,85,2026-02-03 06:25:34.129142
SMMR,25.32,25.14,25.15,1746200.0,1995400.0,,0,0,0,0,0,0,0,0,0,0,0,85,2026-02-03 06:25:34.129142
ATMN,23.95,23.98,24.01,2049200.0,2123100.0,5250.0,0,0,0,0,0,0,0,0,0,0,0,85,2026-02-03 06:25:34.129142
WNTR,26.42,26.33,26.42,2182200.0,1908300.0,,0,0,0,0,0,0,0,0,0,0,0,85,2026-02-03 06:25:34.129142
SPNG,24.47,24.21,24.29,3500.0,1921000.0,2033700.0,,0,0,0,0,0,0,0,0,0,0,86,2026-02-03 06:25:35.164084
SMMR,25.21,25.14,25.21,,1850800.0,1970500.0,,0,0,0,0,0,0,0,0,0,0,86,2026-02-03 06:25:35.164084
ATMN,24.2,23.99,24.0,5250.0,2169700.0,2024400.0,5250.0,0,0,0,0,0,0,0,0,0,0,86,2026-02-03 06:25:35.164084
WNTR,26.43,26.33,26.43,,2214600.0,1673300.0,,0,0,0,0,0,0,0,0,0,0,86,2026-02-03 06:25:35.164084
SPNG,24.05,24.05,24.29,2042500.0,2033700.0,,0,0,0,0,0,0,0,0,0,0,0,87,2026-02-03 06:25:36.202796
SMMR,25.28,25.14,25.28,2035500.0,1958800.0,,0,0,0,0,0,0,0,0,0,0,0,87,2026-02-03 06:25:36.202796
ATMN,24.0,24.11,24.2,2134900.0,2108400.0,5250.0,0,0,0,0,0,0,0,0,0,0,0,87,2026-02-03 06:25:36.202796
WNTR,26.45,26.33,26.45,2214600.0,1786400.0,,0,0,0,0,0,0,0,0,0,0,0,87,2026-02-03 06:25:36.202796
SPNG,24.05,24.05,24.29,2416200.0,2033700.0,0,0,0,0,0,0,0,0,0,0,0,0,88,2026-02-03 06:25:37.270046
SMMR,25.1,25.13,25.21,2028100.0,1967000.0,0,0,0,0,0,0,0,0,0,0,0,0,88,2026-02-03 06:25:37.270046
ATMN,24.09,24.09,24.2,2203300.0,2108400.0,0,0,0,0,0,0,0,0,0,0,0,0,88,2026-02-03 06:25:37.270046
WNTR,26.46,26.33,26.46,2223000.0,1798600.0,0,0,0,0,0,0,0,0,0,0,0,0,88,2026-02-03 06:25:37.270046
SPNG,24.51,24.2,24.51,2342800.0,2045300.0,,0,0,0,0,0,0,0,0,0,0,0,89,2026-02-03 06:25:38.302267
SMMR,25.24,25.24,25.3,1946500.0,1969400.0,7000.0,0,0,0,0,0,0,0,0,0,0,0,89,2026-02-03 06:25:38.302267
ATMN,24.06,24.03,24.06,2232000.0,2118900.0,,0,0,0,0,0,0,0,0,0,0,0,89,2026-02-03 06:25:38.302267
WNTR,26.3,26.23,26.3,2218600.0,2021400.0,,0,0,0,0,0,0,0,0,0,0,0,89,2026-02-03 06:25:38.302267
SPNG,24.51,24.2,24.51,2342800.0,2012800.0,0,0,0,0,0,0,0,0,0,0,0,0,90,2026-02-03 06:25:39.334003
SMMR,25.1,25.25,25.3,2057600.0,1967800.0,0,0,0,0,0,0,0,0,0,0,0,0,90,2026-02-03 06:25:39.334003
ATMN,24.07,24.03,24.07,2229600.0,2140800.0,0,0,0,0,0,0,0,0,0,0,0,0,90,2026-02-03 06:25:39.334003
WNTR,26.23,26.23,26.37,2221100.0,1917700.0,0,0,0,0,0,0,0,0,0,0,0,0,90,2026-02-03 06:25:39.334003
SPNG,24.2,24.2,24.3,2342800.0,3500.0,1888600.0,,0,0,0,0,0,0,0,0,0,0,91,2026-02-03 06:25:40.367176
SMMR,25.28,25.25,25.28,1960700.0,,1985600.0,7000.0,0,0,0,0,0,0,0,0,0,0,91,2026-02-03 06:25:40.367176
ATMN,24.07,24.04,24.06,2092900.0,5250.0,2050200.0,5250.0,0,0,0,0,0,0,0,0,0,0,91,2026-02-03 06:25:40.367176
WNTR,26.24,26.23,26.24,2221100.0,,1977000.0,,0,0,0,0,0,0,0,0,0,0,91,2026-02-03 06:25:40.367176
SPNG,24.2,24.2,24.51,2342800.0,2023400.0,,0,0,0,0,0,0,0,0,0,0,0,92,2026-02-03 06:25:41.401900
SMMR,25.06,25.06,25.33,1855100.0,1936400.0,7000.0,0,0,0,0,0,0,0,0,0,0,0,92,2026-02-03 06:25:41.401900
ATMN,24.11,24.13,24.2,2184100.0,2145200.0,,0,0,0,0,0,0,0,0,0,0,0,92,2026-02-03 06:25:41.401900
WNTR,26.46,26.23,26.46,2235100.0,1596700.0,,0,0,0,0,0,0,0,0,0,0,0,92,2026-02-03 06:25:41.401900
SPNG,24.05,24.31,24.51,2347100.0,2022100.0,0,0,0,0,0,0,0,0,0,0,0,0,93,2026-02-03 06:25:42.436455
SMMR,25.2,25.06,25.15,1851600.0,1986700.0,0,0,0,0,0,0,0,0,0,0,0,0,93,2026-02-03 06:25:42.436455
ATMN,24.03,24.03,24.2,2182000.0,2189300.0,0,0,0,0,0,0,0,0,0,0,0,0,93,2026-02-03 06:25:42.436455
WNTR,26.27,26.34,26.51,2258700.0,1572300.0,0,0,0,0,0,0,0,0,0,0,0,0,93,2026-02-03 06:25:42.436455
SPNG,24.05,24.31,24.51,2347100.0,2027500.0,0,0,0,0,0,0,0,0,0,0,0,0,94,2026-02-03 06:25:42.966092
SMMR,25.2,25.14,25.15,2064400.0,1986700.0,0,0,0,0,0,0,0,0,0,0,0,0,94,2026-02-03 06:25:42.966092
ATMN,24.03,24.03,24.2,2217100.0,2189300.0,0,0,0,0,0,0,0,0,0,0,0,0,94,2026-02-03 06:25:42.966092
WNTR,26.27,26.42,26.51,2238700.0,1572300.0,0,0,0,0,0,0,0,0,0,0,0,0,94,2026-02-03 06:25:42.966092
SPNG,24.49,24.05,24.49,2337900.0,2062200.0,0,0,0,0,0,0,0,0,0,0,0,0,95,2026-02-03 06:25:43.995255
SMMR,25.22,25.28,25.33,2082800.0,1971600.0,0,0,0,0,0,0,0,0,0,0,0,0,95,2026-02-03 06:25:43.995255
ATMN,23.99,23.95,23.99,2197800.0,2172200.0,0,0,0,0,0,0,0,0,0,0,0,0,95,2026-02-03 06:25:43.995255
WNTR,26.29,26.23,26.26,2235100.0,1800600.0,0,0,0,0,0,0,0,0,0,0,0,0,95,2026-02-03 06:25:43.995255
SPNG,23.95,23.95,24.48,2412500.0,3500.0,1939800.0,0,0,0,0,0,0,0,0,0,0,0,96,2026-02-03 06:25:45.023654
SMMR,25.28,25.14,25.22,2064500.0,,1978500.0,0,0,0,0,0,0,0,0,0,0,0,96,2026-02-03 06:25:45.023654
ATMN,23.94,23.94,23.98,2234300.0,5250.0,2072900.0,0,0,0,0,0,0,0,0,0,0,0,96,2026-02-03 06:25:45.023654
WNTR,26.34,26.34,26.4,2245100.0,,1794100.0,0,0,0,0,0,0,0,0,0,0,0,96,2026-02-03 06:25:45.023654
SPNG,23.92,24.08,24.51,2354300.0,2027500.0,0,0,0,0,0,0,0,0,0,0,0,0,97,2026-02-03 06:25:46.048867
SMMR,25.22,25.14,25.17,2053900.0,1987300.0,0,0,0,0,0,0,0,0,0,0,0,0,97,2026-02-03 06:25:46.048867
ATMN,23.94,23.94,24.2,2192600.0,2191900.0,0,0,0,0,0,0,0,0,0,0,0,0,97,2026-02-03 06:25:46.048867
WNTR,26.34,26.34,26.4,2251500.0,2025500.0,0,0,0,0,0,0,0,0,0,0,0,0,97,2026-02-03 06:25:46.048867
SPNG,24.19,24.19,24.5,2357400.0,3500.0,1939800.0,0,0,0,0,0,0,0,0,0,0,0,98,2026-02-03 06:25:47.073409
SMMR,25.17,25.14,25.17,2044100.0,,1987300.0,0,0,0,0,0,0,0,0,0,0,0,98,2026-02-03 06:25:47.073409
ATMN,23.94,24.03,24.2,2200500.0,,2200500.0,0,0,0,0,0,0,0,0,0,0,0,98,2026-02-03 06:25:47.073409
WNTR,26.33,26.33,26.34,2213500.0,,2144400.0,0,0,0,0,0,0,0,0,0,0,0,98,2026-02-03 06:25:47.073409
SPNG,24.51,24.51,24.53,2353300.0,2008700.0,,0,0,0,0,0,0,0,0,0,0,0,99,2026-02-03 06:25:48.104352
SMMR,25.19,25.19,25.22,1946400.0,1978500.0,7000.0,0,0,0,0,0,0,0,0,0,0,0,99,2026-02-03 06:25:48.104352
ATMN,23.94,24.03,24.04,2207800.0,2194400.0,,0,0,0,0,0,0,0,0,0,0,0,99,2026-02-03 06:25:48.104352
WNTR,26.22,26.22,26.34,2247800.0,2136800.0,,0,0,0,0,0,0,0,0,0,0,0,99,2026-02-03 06:25:48.104352
SPNG,24.51,24.51,24.52,2353300.0,3500.0,1915000.0,0,0,0,0,0,0,0,0,0,0,0,100,2026-02-03 06:25:49.134477
SMMR,25.14,25.14,25.22,2050900.0,,1995300.0,0,0,0,0,0,0,0,0,0,0,0,100,2026-02-03 06:25:49.134477
ATMN,24.03,24.03,24.2,2207800.0,,2215400.0,0,0,0,0,0,0,0,0,0,0,0,100,2026-02-03 06:25:49.134477
WNTR,26.22,26.25,26.33,2227200.0,8750.0,2048900.0,0,0,0,0,0,0,0,0,0,0,0,100,2026-02-03 06:25:49.134477
SPNG,24.51,24.51,24.52,2353300.0,3500.0,1944200.0,0,0,0,0,0,0,0,0,0,0,0,101,2026-02-03 06:25:50.161601
SMMR,25.14,25.14,25.21,2032000.0,7000.0,1898100.0,0,0,0,0,0,0,0,0,0,0,0,101,2026-02-03 06:25:50.161601
ATMN,23.93,23.93,24.2,2180800.0,,2215400.0,0,0,0,0,0,0,0,0,0,0,0,101,2026-02-03 06:25:50.161601
WNTR,26.4,26.29,26.32,2242000.0,8750.0,2017900.0,0,0,0,0,0,0,0,0,0,0,0,101,2026-02-03 06:25:50.161601
SPNG,24.53,24.54,24.55,2315700.0,2036600.0,0,0,0,0,0,0,0,0,0,0,0,0,102,2026-02-03 06:25:51.191472
SMMR,25.1,25.1,25.33,2039400.0,1986300.0,0,0,0,0,0,0,0,0,0,0,0,0,102,2026-02-03 06:25:51.191472
ATMN,23.93,23.93,24.2,2180800.0,2215400.0,0,0,0,0,0,0,0,0,0,0,0,0,102,2026-02-03 06:25:51.191472
WNTR,26.41,26.34,26.41,2243200.0,2023400.0,0,0,0,0,0,0,0,0,0,0,0,0,102,2026-02-03 06:25:51.191472
SPNG,24.56,23.99,24.56,2354700.0,2004900.0,0,0,0,0,0,0,0,0,0,0,0,0,103,2026-02-03 06:25:52.221208
SMMR,25.1,25.12,25.13,2049000.0,2004000.0,0,0,0,0,0,0,0,0,0,0,0,0,103,2026-02-03 06:25:52.221208
ATMN,23.93,23.93,24.07,2180800.0,2233400.0,0,0,0,0,0,0,0,0,0,0,0,0,103,2026-02-03 06:25:52.221208
WNTR,26.43,26.34,26.43,2224900.0,1909200.0,0,0,0,0,0,0,0,0,0,0,0,0,103,2026-02-03 06:25:52.221208
SPNG,24.57,23.99,24.09,2354700.0,2000200.0,,0,0,0,0,0,0,0,0,0,0,0,104,2026-02-03 06:25:53.250435
SMMR,25.26,25.26,25.33,2040900.0,2006400.0,,0,0,0,0,0,0,0,0,0,0,0,104,2026-02-03 06:25:53.250435
ATMN,23.93,23.95,24.07,2060200.0,2233400.0,5250.0,0,0,0,0,0,0,0,0,0,0,0,104,2026-02-03 06:25:53.250435
WNTR,26.51,26.35,26.51,2064600.0,1800600.0,8750.0,0,0,0,0,0,0,0,0,0,0,0,104,2026-02-03 06:25:53.250435
SPNG,24.09,23.99,24.09,2318200.0,2000200.0,0,0,0,0,0,0,0,0,0,0,0,0,105,2026-02-03 06:25:54.282310
SMMR,25.26,25.13,25.17,2043800.0,2037600.0,0,0,0,0,0,0,0,0,0,0,0,0,105,2026-02-03 06:25:54.282310
ATMN,24.07,23.9,24.07,2255900.0,2233400.0,0,0,0,0,0,0,0,0,0,0,0,0,105,2026-02-03 06:25:54.282310
WNTR,26.51,26.35,26.43,2207400.0,1893100.0,0,0,0,0,0,0,0,0,0,0,0,0,105,2026-02-03 06:25:54.282310
SPNG,24.28,24.28,24.48,2262600.0,2015100.0,0,0,0,0,0,0,0,0,0,0,0,0,106,2026-02-03 06:25:55.326155
SMMR,25.32,25.2,25.22,2028800.0,1998500.0,0,0,0,0,0,0,0,0,0,0,0,0,106,2026-02-03 06:25:55.326155
ATMN,24.07,24.12,24.2,2238800.0,2243200.0,0,0,0,0,0,0,0,0,0,0,0,0,106,2026-02-03 06:25:55.326155
WNTR,26.33,26.33,26.43,2197200.0,1893100.0,0,0,0,0,0,0,0,0,0,0,0,0,106,2026-02-03 06:25:55.326155
SPNG,24.08,24.08,24.33,2273000.0,1954800.0,3500.0,,0,0,0,0,0,0,0,0,0,0,107,2026-02-03 06:25:56.377344
SMMR,25.21,25.2,25.21,2028800.0,2007700.0,,,0,0,0,0,0,0,0,0,0,0,107,2026-02-03 06:25:56.377344
ATMN,23.88,23.88,24.2,2254600.0,2238800.0,,,0,0,0,0,0,0,0,0,0,0,107,2026-02-03 06:25:56.377344
WNTR,26.29,26.37,26.42,2042300.0,1893100.0,8750.0,8750.0,0,0,0,0,0,0,0,0,0,0,107,2026-02-03 06:25:56.377344
SPNG,24.24,24.24,24.33,2209800.0,2039000.0,0,0,0,0,0,0,0,0,0,0,0,0,108,2026-02-03 06:25:57.415598
SMMR,25.12,25.12,25.21,2023100.0,2007700.0,0,0,0,0,0,0,0,0,0,0,0,0,108,2026-02-03 06:25:57.415598
ATMN,24.19,23.88,23.92,2254600.0,2242000.0,0,0,0,0,0,0,0,0,0,0,0,0,108,2026-02-03 06:25:57.415598
WNTR,26.31,26.29,26.31,2179500.0,2010100.0,0,0,0,0,0,0,0,0,0,0,0,0,108,2026-02-03 06:25:57.415598
SPNG,23.99,24.13,24.33,2253200.0,2039000.0,,,0,0,0,0,0,0,0,0,0,0,109,2026-02-03 06:25:58.447805
SMMR,25.23,25.13,25.18,1925400.0,1914900.0,7000.0,7000.0,0,0,0,0,0,0,0,0,0,0,109,2026-02-03 06:25:58.447805
ATMN,24.19,23.88,24.14,2263700.0,2146600.0,,5250.0,0,0,0,0,0,0,0,0,0,0,109,2026-02-03 06:25:58.447805
WNTR,26.3,26.22,26.3,2194000.0,2119400.0,,,0,0,0,0,0,0,0,0,0,0,109,2026-02-03 06:25:58.447805
SPNG,23.99,24.13,24.33,2244800.0,2039000.0,0,0,0,0,0,0,0,0,0,0,0,0,110,2026-02-03 06:25:59.478473
SMMR,25.2,25.26,25.27,2037500.0,1973800.0,0,0,0,0,0,0,0,0,0,0,0,0,110,2026-02-03 06:25:59.478473
ATMN,23.87,23.87,24.14,2264400.0,2269300.0,0,0,0,0,0,0,0,0,0,0,0,0,110,2026-02-03 06:25:59.478473
WNTR,26.3,26.29,26.3,2187700.0,2126500.0,0,0,0,0,0,0,0,0,0,0,0,0,110,2026-02-03 06:25:59.478473
SPNG,24.13,24.13,24.32,2274900.0,3500.0,1954800.0,,0,0,0,0,0,0,0,0,0,0,111,2026-02-03 06:26:00.508709
SMMR,25.17,25.16,25.17,2090800.0,,1963900.0,,0,0,0,0,0,0,0,0,0,0,111,2026-02-03 06:26:00.508709
ATMN,23.83,23.83,24.14,2242600.0,,2269300.0,,0,0,0,0,0,0,0,0,0,0,111,2026-02-03 06:26:00.508709
WNTR,26.3,26.29,26.3,2094800.0,8750.0,2041000.0,8750.0,0,0,0,0,0,0,0,0,0,0,111,2026-02-03 06:26:00.508709
SPNG,24.48,24.3,24.48,2252400.0,2016600.0,,,0,0,0,0,0,0,0,0,0,0,112,2026-02-03 06:26:01.543716
SMMR,25.16,25.16,25.17,1987000.0,1876000.0,7000.0,7000.0,0,0,0,0,0,0,0,0,0,0,112,2026-02-03 06:26:01.543716
ATMN,24.07,23.83,23.97,2242600.0,2249400.0,,,0,0,0,0,0,0,0,0,0,0,112,2026-02-03 06:26:01.543716
WNTR,26.3,26.29,26.3,2093400.0,2072200.0,8750.0,8750.0,0,0,0,0,0,0,0,0,0,0,112,2026-02-03 06:26:01.543716
SPNG,24.48,24.3,24.47,2252400.0,3500.0,1935200.0,0,0,0,0,0,0,0,0,0,0,0,113,2026-02-03 06:26:02.072811
SMMR,25.16,25.12,25.16,2065900.0,,1978300.0,0,0,0,0,0,0,0,0,0,0,0,113,2026-02-03 06:26:02.072811
ATMN,24.07,23.83,23.97,2248600.0,5250.0,2131600.0,0,0,0,0,0,0,0,0,0,0,0,113,2026-02-03 06:26:02.072811
WNTR,26.3,26.29,26.3,2212600.0,,2166500.0,0,0,0,0,0,0,0,0,0,0,0,113,2026-02-03 06:26:02.072811
SPNG,24.13,24.13,24.47,2274900.0,3500.0,1906400.0,,0,0,0,0,0,0,0,0,0,0,114,2026-02-03 06:26:03.104118
SMMR,25.17,25.2,25.27,2069500.0,,1973800.0,,0,0,0,0,0,0,0,0,0,0,114,2026-02-03 06:26:03.104118
ATMN,23.83,23.83,24.2,2248600.0,,2233900.0,,0,0,0,0,0,0,0,0,0,0,114,2026-02-03 06:26:03.104118
WNTR,26.43,26.29,26.39,2080900.0,,2113300.0,8750.0,0,0,0,0,0,0,0,0,0,0,114,2026-02-03 06:26:03.104118
SPNG,24.13,24.13,24.48,2258600.0,2023100.0,0,0,0,0,0,0,0,0,0,0,0,0,115,2026-02-03 06:26:04.137710
SMMR,25.33,25.3,25.33,2062600.0,1991600.0,0,0,0,0,0,0,0,0,0,0,0,0,115,2026-02-03 06:26:04.137710
ATMN,24.22,23.92,24.22,2228800.0,2230800.0,0,0,0,0,0,0,0,0,0,0,0,0,115,2026-02-03 06:26:04.137710
WNTR,26.39,26.24,26.39,2186400.0,2113300.0,0,0,0,0,0,0,0,0,0,0,0,0,115,2026-02-03 06:26:04.137710
SPNG,24.1,24.46,24.47,2221600.0,3500.0,1914400.0,,0,0,0,0,0,0,0,0,0,0,116,2026-02-03 06:26:05.167293
SMMR,25.3,25.31,25.33,1955200.0,,2009400.0,7000.0,0,0,0,0,0,0,0,0,0,0,116,2026-02-03 06:26:05.167293
ATMN,24.22,23.93,24.17,2094300.0,,2236200.0,5250.0,0,0,0,0,0,0,0,0,0,0,116,2026-02-03 06:26:05.167293
WNTR,26.39,26.39,26.43,2109200.0,,2130400.0,8750.0,0,0,0,0,0,0,0,0,0,0,116,2026-02-03 06:26:05.167293
SPNG,24.1,24.1,24.14,2249700.0,2012500.0,,0,0,0,0,0,0,0,0,0,0,0,117,2026-02-03 06:26:06.231962
SMMR,25.33,25.29,25.33,2063100.0,2009400.0,,0,0,0,0,0,0,0,0,0,0,0,117,2026-02-03 06:26:06.231962
ATMN,23.92,23.92,24.1,2228800.0,2214600.0,,0,0,0,0,0,0,0,0,0,0,0,117,2026-02-03 06:26:06.231962
WNTR,26.48,26.26,26.48,2077000.0,2125800.0,8750.0,0,0,0,0,0,0,0,0,0,0,0,117,2026-02-03 06:26:06.231962
SPNG,24.14,24.12,24.13,2217800.0,3500.0,1916000.0,0,0,0,0,0,0,0,0,0,0,0,118,2026-02-03 06:26:07.257408
SMMR,25.33,25.29,25.33,2063100.0,,2010300.0,0,0,0,0,0,0,0,0,0,0,0,118,2026-02-03 06:26:07.257408
ATMN,24.09,24.09,24.1,2212200.0,,2255600.0,0,0,0,0,0,0,0,0,0,0,0,118,2026-02-03 06:26:07.257408
WNTR,26.48,26.33,26.48,2198300.0,,2160000.0,0,0,0,0,0,0,0,0,0,0,0,118,2026-02-03 06:26:07.257408
SPNG,24.49,24.17,24.49,2209200.0,2019200.0,0,0,0,0,0,0,0,0,0,0,0,0,119,2026-02-03 06:26:08.281384
SMMR,25.28,25.28,25.3,2044700.0,2005300.0,0,0,0,0,0,0,0,0,0,0,0,0,119,2026-02-03 06:26:08.281384
ATMN,24.09,24.09,24.1,2212200.0,2248700.0,0,0,0,0,0,0,0,0,0,0,0,0,119,2026-02-03 06:26:08.281384
WNTR,26.33,26.33,26.36,2198300.0,2176700.0,0,0,0,0,0,0,0,0,0,0,0,0,119,2026-02-03 06:26:08.281384
SPNG,26.94,26.94,27.47,906700.0,642900.0,0,0,0,0,0,0,0,0,0,0,0,0,120,2026-02-03 06:26:09.308264
SMMR,25.28,25.68,0.0,200000.0,,0,0,0,0,0,0,0,0,0,0,0,0,120,2026-02-03 06:26:09.308264
ATMN,23.92,23.01,0.0,200000.0,,0,0,0,0,0,0,0,0,0,0,0,0,120,2026-02-03 06:26:09.308264
WNTR,26.26,25.28,25.55,868200.0,817900.0,0,0,0,0,0,0,0,0,0,0,0,0,120,2026-02-03 06:26:09.308264
SPNG,26.94,26.94,27.34,892000.0,896900.0,0,0,0,0,0,0,0,0,0,0,0,0,121,2026-02-03 06:26:10.330889
SMMR,25.68,25.68,25.72,935200.0,871000.0,0,0,0,0,0,0,0,0,0,0,0,0,121,2026-02-03 06:26:10.330889
ATMN,23.05,23.05,23.38,949000.0,896000.0,0,0,0,0,0,0,0,0,0,0,0,0,121,2026-02-03 06:26:10.330889
WNTR,25.28,25.28,25.29,868200.0,1050900.0,0,0,0,0,0,0,0,0,0,0,0,0,121,2026-02-03 06:26:10.330889
SPNG,26.87,26.44,26.87,1019900.0,1002700.0,0,0,0,0,0,0,0,0,0,0,0,0,122,2026-02-03 06:26:11.362073
SMMR,25.76,25.68,25.76,935200.0,864400.0,0,0,0,0,0,0,0,0,0,0,0,0,122,2026-02-03 06:26:11.362073
ATMN,23.05,23.05,23.38,949000.0,1213700.0,0,0,0,0,0,0,0,0,0,0,0,0,122,2026-02-03 06:26:11.362073
WNTR,25.08,25.09,25.12,1065000.0,1166200.0,0,0,0,0,0,0,0,0,0,0,0,0,122,2026-02-03 06:26:11.362073
SPNG,26.87,26.84,26.87,1317800.0,1002700.0,0,0,0,0,0,0,0,0,0,0,0,0,123,2026-02-03 06:26:12.393956
SMMR,25.88,25.68,25.88,935200.0,984800.0,0,0,0,0,0,0,0,0,0,0,0,0,123,2026-02-03 06:26:12.393956
ATMN,23.05,23.05,23.22,949000.0,1630700.0,0,0,0,0,0,0,0,0,0,0,0,0,123,2026-02-03 06:26:12.393956
WNTR,25.12,25.2,25.29,976600.0,1050900.0,0,0,0,0,0,0,0,0,0,0,0,0,123,2026-02-03 06:26:12.393956
SPNG,26.84,26.84,26.87,1430300.0,1184200.0,0,0,0,0,0,0,0,0,0,0,0,0,124,2026-02-03 06:26:13.434753
SMMR,25.6,25.6,25.8,832100.0,1296400.0,0,0,0,0,0,0,0,0,0,0,0,0,124,2026-02-03 06:26:13.434753
ATMN,23.01,23.01,23.22,985600.0,1934000.0,0,0,0,0,0,0,0,0,0,0,0,0,124,2026-02-03 06:26:13.434753
WNTR,25.02,25.04,25.22,981200.0,1158600.0,0,0,0,0,0,0,0,0,0,0,0,0,124,2026-02-03 06:26:13.434753
SPNG,27.23,26.8,27.23,1432900.0,1078400.0,0,0,0,0,0,0,0,0,0,0,0,0,125,2026-02-03 06:26:14.490754
SMMR,25.6,25.63,25.65,1018300.0,1412700.0,0,0,0,0,0,0,0,0,0,0,0,0,125,2026-02-03 06:26:14.490754
ATMN,23.03,22.97,23.03,1005700.0,2063800.0,0,0,0,0,0,0,0,0,0,0,0,0,125,2026-02-03 06:26:14.490754
WNTR,24.87,24.87,25.07,854800.0,1379100.0,0,0,0,0,0,0,0,0,0,0,0,0,125,2026-02-03 06:26:14.490754
SPNG,26.89,26.8,26.89,1432900.0,1282100.0,,0,0,0,0,0,0,0,0,0,0,0,126,2026-02-03 06:26:15.531241
SMMR,25.64,25.64,25.65,1227400.0,1609500.0,,0,0,0,0,0,0,0,0,0,0,0,126,2026-02-03 06:26:15.531241
ATMN,23.34,22.98,23.34,1005700.0,1838800.0,5250.0,0,0,0,0,0,0,0,0,0,0,0,126,2026-02-03 06:26:15.531241
WNTR,24.87,24.91,25.01,962800.0,1598800.0,,0,0,0,0,0,0,0,0,0,0,0,126,2026-02-03 06:26:15.531241
SPNG,26.89,27.22,27.23,1621600.0,3500.0,1271100.0,0,0,0,0,0,0,0,0,0,0,0,127,2026-02-03 06:26:16.562240
SMMR,25.65,25.64,25.65,1227400.0,,1790800.0,0,0,0,0,0,0,0,0,0,0,0,127,2026-02-03 06:26:16.562240
ATMN,22.77,22.86,23.34,1217200.0,,1838800.0,0,0,0,0,0,0,0,0,0,0,0,127,2026-02-03 06:26:16.562240
WNTR,25.08,24.91,25.08,1062700.0,8750.0,1492200.0,0,0,0,0,0,0,0,0,0,0,0,127,2026-02-03 06:26:16.562240
SPNG,26.8,26.65,26.71,1328100.0,1462100.0,,0,0,0,0,0,0,0,0,0,0,0,128,2026-02-03 06:26:17.592756
SMMR,25.71,25.74,25.8,1338400.0,1759100.0,7000.0,0,0,0,0,0,0,0,0,0,0,0,128,2026-02-03 06:26:17.592756
ATMN,22.57,22.87,23.34,1017400.0,1928200.0,5250.0,0,0,0,0,0,0,0,0,0,0,0,128,2026-02-03 06:26:17.592756
WNTR,24.87,24.87,25.08,965100.0,1492200.0,,0,0,0,0,0,0,0,0,0,0,0,128,2026-02-03 06:26:17.592756
SPNG,27.34,26.87,27.34,1594500.0,1170500.0,0,0,0,0,0,0,0,0,0,0,0,0,129,2026-02-03 06:26:18.647790
SMMR,25.77,25.64,25.67,1340400.0,1952200.0,0,0,0,0,0,0,0,0,0,0,0,0,129,2026-02-03 06:26:18.647790
ATMN,23.38,22.46,23.38,1007300.0,1820700.0,0,0,0,0,0,0,0,0,0,0,0,0,129,2026-02-03 06:26:18.647790
WNTR,25.08,25.02,25.08,1085500.0,1603500.0,0,0,0,0,0,0,0,0,0,0,0,0,129,2026-02-03 06:26:18.647790
SPNG,26.87,26.87,27.16,1594500.0,3500.0,1351900.0,,0,0,0,0,0,0,0,0,0,0,130,2026-02-03 06:26:19.180058
SMMR,25.63,25.63,25.67,1243600.0,,1986100.0,,0,0,0,0,0,0,0,0,0,0,130,2026-02-03 06:26:19.180058
ATMN,23.38,22.46,22.99,1007300.0,,1920300.0,5250.0,0,0,0,0,0,0,0,0,0,0,130,2026-02-03 06:26:19.180058
WNTR,25.08,25.2,25.22,1177800.0,8750.0,1482300.0,,0,0,0,0,0,0,0,0,0,0,130,2026-02-03 06:26:19.180058
SPNG,26.87,27.07,27.16,1680500.0,3500.0,1526100.0,,0,0,0,0,0,0,0,0,0,0,131,2026-02-03 06:26:20.206856
SMMR,25.6,25.65,25.66,1366100.0,7000.0,1885300.0,7000.0,0,0,0,0,0,0,0,0,0,0,131,2026-02-03 06:26:20.206856
ATMN,22.99,22.8,22.99,1271900.0,,2022000.0,,0,0,0,0,0,0,0,0,0,0,131,2026-02-03 06:26:20.206856
WNTR,25.2,25.02,25.11,1085500.0,,1799300.0,,0,0,0,0,0,0,0,0,0,0,131,2026-02-03 06:26:20.206856
SPNG,26.87,26.87,27.04,1594500.0,1728500.0,0,0,0,0,0,0,0,0,0,0,0,0,132,2026-02-03 06:26:21.231300
SMMR,25.68,25.65,25.68,1366100.0,1965500.0,0,0,0,0,0,0,0,0,0,0,0,0,132,2026-02-03 06:26:21.231300
ATMN,23.38,23.32,23.38,1394300.0,1910600.0,0,0,0,0,0,0,0,0,0,0,0,0,132,2026-02-03 06:26:21.231300
WNTR,25.18,25.02,25.06,1085500.0,2001700.0,0,0,0,0,0,0,0,0,0,0,0,0,132,2026-02-03 06:26:21.231300
SPNG,26.87,26.88,27.01,3500.0,1594500.0,1855000.0,0,0,0,0,0,0,0,0,0,0,0,133,2026-02-03 06:26:22.257308
SMMR,25.81,25.66,25.68,7000.0,1474400.0,1843300.0,0,0,0,0,0,0,0,0,0,0,0,133,2026-02-03 06:26:22.257308
ATMN,23.38,23.33,23.38,5250.0,1394300.0,2048600.0,0,0,0,0,0,0,0,0,0,0,0,133,2026-02-03 06:26:22.257308
WNTR,25.02,24.87,24.89,,1204200.0,2127400.0,0,0,0,0,0,0,0,0,0,0,0,133,2026-02-03 06:26:22.257308
SPNG,26.67,26.67,27.01,1532100.0,1837800.0,0,0,0,0,0,0,0,0,0,0,0,0,134,2026-02-03 06:26:23.285778
SMMR,25.68,25.72,25.82,1772600.0,1739800.0,0,0,0,0,0,0,0,0,0,0,0,0,134,2026-02-03 06:26:23.285778
ATMN,22.8,22.8,23.01,1271900.0,2070800.0,0,0,0,0,0,0,0,0,0,0,0,0,134,2026-02-03 06:26:23.285778
WNTR,24.89,24.87,24.89,1670400.0,2127400.0,0,0,0,0,0,0,0,0,0,0,0,0,134,2026-02-03 06:26:23.285778
SPNG,27.01,26.68,27.01,3500.0,1767300.0,1837800.0,,0,0,0,0,0,0,0,0,0,0,135,2026-02-03 06:26:24.312073
SMMR,25.72,25.72,25.88,,1772600.0,1766300.0,,0,0,0,0,0,0,0,0,0,0,135,2026-02-03 06:26:24.312073
ATMN,23.01,22.8,23.0,,1643800.0,1992400.0,5250.0,0,0,0,0,0,0,0,0,0,0,135,2026-02-03 06:26:24.312073
WNTR,24.89,24.9,24.99,,1905900.0,2091600.0,,0,0,0,0,0,0,0,0,0,0,135,2026-02-03 06:26:24.312073
SPNG,26.88,26.9,27.04,1880200.0,1835400.0,0,0,0,0,0,0,0,0,0,0,0,0,136,2026-02-03 06:26:25.340653
SMMR,25.77,25.72,25.77,1772600.0,1987300.0,0,0,0,0,0,0,0,0,0,0,0,0,136,2026-02-03 06:26:25.340653
ATMN,23.41,22.8,23.2,1643800.0,2064100.0,0,0,0,0,0,0,0,0,0,0,0,0,136,2026-02-03 06:26:25.340653
WNTR,25.06,24.9,25.06,1994800.0,2001700.0,0,0,0,0,0,0,0,0,0,0,0,0,136,2026-02-03 06:26:25.340653
SPNG,26.91,26.9,26.91,1989200.0,1826000.0,,,0,0,0,0,0,0,0,0,0,0,137,2026-02-03 06:26:26.371825
SMMR,25.77,25.72,25.76,1971100.0,1926800.0,7000.0,,0,0,0,0,0,0,0,0,0,0,137,2026-02-03 06:26:26.371825
ATMN,22.78,22.78,23.19,1632100.0,1950500.0,5250.0,,0,0,0,0,0,0,0,0,0,0,137,2026-02-03 06:26:26.371825
WNTR,25.07,25.07,25.15,2022700.0,1901800.0,,8750.0,0,0,0,0,0,0,0,0,0,0,137,2026-02-03 06:26:26.371825
SPNG,27.04,26.67,26.99,1876300.0,1849900.0,0,0,0,0,0,0,0,0,0,0,0,0,138,2026-02-03 06:26:27.400371
SMMR,25.65,25.65,25.77,1672200.0,2031500.0,0,0,0,0,0,0,0,0,0,0,0,0,138,2026-02-03 06:26:27.400371
ATMN,23.41,22.78,23.41,1734400.0,2072100.0,0,0,0,0,0,0,0,0,0,0,0,0,138,2026-02-03 06:26:27.400371
WNTR,25.22,25.09,25.22,2119600.0,2029500.0,0,0,0,0,0,0,0,0,0,0,0,0,138,2026-02-03 06:26:27.400371
SPNG,26.99,26.72,26.8,2060400.0,3500.0,1825300.0,,0,0,0,0,0,0,0,0,0,0,139,2026-02-03 06:26:28.430812
SMMR,25.65,25.71,25.76,1777300.0,,1923300.0,7000.0,0,0,0,0,0,0,0,0,0,0,139,2026-02-03 06:26:28.430812
ATMN,23.36,23.14,23.36,1858500.0,5250.0,2098500.0,,0,0,0,0,0,0,0,0,0,0,139,2026-02-03 06:26:28.430812
WNTR,25.22,25.1,25.15,2119600.0,8750.0,2127000.0,,0,0,0,0,0,0,0,0,0,0,139,2026-02-03 06:26:28.430812
SPNG,26.67,26.67,27.04,1973500.0,1815100.0,0,0,0,0,0,0,0,0,0,0,0,0,140,2026-02-03 06:26:29.457308
SMMR,25.71,25.71,25.77,1777300.0,2033800.0,0,0,0,0,0,0,0,0,0,0,0,0,140,2026-02-03 06:26:29.457308
ATMN,23.36,23.14,23.36,2059500.0,2087500.0,0,0,0,0,0,0,0,0,0,0,0,0,140,2026-02-03 06:26:29.457308
WNTR,25.07,25.07,25.15,2022700.0,2150400.0,0,0,0,0,0,0,0,0,0,0,0,0,140,2026-02-03 06:26:29.457308
SPNG,26.66,26.65,26.66,1939700.0,1832800.0,,,0,0,0,0,0,0,0,0,0,0,141,2026-02-03 06:26:30.494172
SMMR,25.71,25.71,25.76,1859000.0,1949900.0,7000.0,,0,0,0,0,0,0,0,0,0,0,141,2026-02-03 06:26:30.494172
ATMN,22.86,23.15,23.36,2072600.0,2088900.0,,5250.0,0,0,0,0,0,0,0,0,0,0,141,2026-02-03 06:26:30.494172
WNTR,24.87,24.87,25.12,1897900.0,2134400.0,,,0,0,0,0,0,0,0,0,0,0,141,2026-02-03 06:26:30.494172
SPNG,26.66,27.06,27.11,2076600.0,1796200.0,0,0,0,0,0,0,0,0,0,0,0,0,142,2026-02-03 06:26:31.537709
SMMR,25.63,25.63,25.77,1557900.0,2059800.0,0,0,0,0,0,0,0,0,0,0,0,0,142,2026-02-03 06:26:31.537709
ATMN,22.86,23.17,23.36,2298000.0,2101100.0,0,0,0,0,0,0,0,0,0,0,0,0,142,2026-02-03 06:26:31.537709
WNTR,25.12,24.87,25.11,1897900.0,2119600.0,0,0,0,0,0,0,0,0,0,0,0,0,142,2026-02-03 06:26:31.537709
SPNG,27.06,26.65,26.95,2078300.0,1805700.0,,0,0,0,0,0,0,0,0,0,0,0,143,2026-02-03 06:26:32.577688
SMMR,25.6,25.6,25.63,1459300.0,2091400.0,,0,0,0,0,0,0,0,0,0,0,0,143,2026-02-03 06:26:32.577688
ATMN,23.43,23.2,23.43,2438800.0,2069500.0,,0,0,0,0,0,0,0,0,0,0,0,143,2026-02-03 06:26:32.577688
WNTR,25.02,25.08,25.11,2131900.0,2110300.0,8750.0,0,0,0,0,0,0,0,0,0,0,0,143,2026-02-03 06:26:32.577688
SPNG,26.94,26.94,26.95,2053600.0,1805700.0,,,0,0,0,0,0,0,0,0,0,0,144,2026-02-03 06:26:33.618
SMMR,25.63,25.6,25.62,1648500.0,1974500.0,7000.0,,0,0,0,0,0,0,0,0,0,0,144,2026-02-03 06:26:33.618
ATMN,23.2,23.14,23.16,2259600.0,1980200.0,5250.0,5250.0,0,0,0,0,0,0,0,0,0,0,144,2026-02-03 06:26:33.618
WNTR,25.08,24.88,24.98,2024600.0,2097300.0,,8750.0,0,0,0,0,0,0,0,0,0,0,144,2026-02-03 06:26:33.618
SPNG,26.65,26.65,27.11,2033800.0,1806600.0,,0,0,0,0,0,0,0,0,0,0,0,145,2026-02-03 06:26:34.653288
SMMR,25.8,25.61,25.62,1767800.0,2053100.0,7000.0,0,0,0,0,0,0,0,0,0,0,0,145,2026-02-03 06:26:34.653288
ATMN,23.03,23.03,23.16,2381500.0,2069600.0,,0,0,0,0,0,0,0,0,0,0,0,145,2026-02-03 06:26:34.653288
WNTR,24.97,24.97,25.15,2242800.0,2101000.0,,0,0,0,0,0,0,0,0,0,0,0,145,2026-02-03 06:26:34.653288
SPNG,26.65,26.95,27.1,3500.0,1880900.0,3500.0,1702800.0,0,0,0,0,0,0,0,0,0,0,146,2026-02-03 06:26:35.684625
SMMR,25.61,25.6,25.62,,1974500.0,,2053100.0,0,0,0,0,0,0,0,0,0,0,146,2026-02-03 06:26:35.684625
ATMN,23.04,23.03,23.04,,2345100.0,5250.0,2014900.0,0,0,0,0,0,0,0,0,0,0,146,2026-02-03 06:26:35.684625
WNTR,25.15,25.18,25.21,8750.0,2197500.0,,2095300.0,0,0,0,0,0,0,0,0,0,0,146,2026-02-03 06:26:35.684625
SPNG,27.16,26.83,27.16,1964100.0,1783300.0,,0,0,0,0,0,0,0,0,0,0,0,147,2026-02-03 06:26:36.721113
SMMR,25.62,25.61,25.62,1981400.0,2058900.0,7000.0,0,0,0,0,0,0,0,0,0,0,0,147,2026-02-03 06:26:36.721113
ATMN,23.04,23.03,23.04,2365700.0,2114900.0,,0,0,0,0,0,0,0,0,0,0,0,147,2026-02-03 06:26:36.721113
WNTR,25.01,25.01,25.06,2298000.0,2132500.0,,0,0,0,0,0,0,0,0,0,0,0,147,2026-02-03 06:26:36.721113
SPNG,27.31,26.84,27.0,3500.0,1845900.0,1670000.0,3500.0,0,0,0,0,0,0,0,0,0,0,148,2026-02-03 06:26:37.246706
SMMR,25.82,25.6,25.82,,2071300.0,2020900.0,,0,0,0,0,0,0,0,0,0,0,148,2026-02-03 06:26:37.246706
ATMN,23.04,23.03,23.04,,2369200.0,2024900.0,5250.0,0,0,0,0,0,0,0,0,0,0,148,2026-02-03 06:26:37.246706
WNTR,25.01,24.97,24.98,,2275900.0,2152500.0,,0,0,0,0,0,0,0,0,0,0,148,2026-02-03 06:26:37.246706
SPNG,26.65,26.65,26.95,1977100.0,1765700.0,,,0,0,0,0,0,0,0,0,0,0,149,2026-02-03 06:26:38.270397
SMMR,25.6,25.6,25.81,2088000.0,1933200.0,7000.0,,0,0,0,0,0,0,0,0,0,0,149,2026-02-03 06:26:38.270397
ATMN,23.16,22.99,23.16,2382000.0,2107000.0,,,0,0,0,0,0,0,0,0,0,0,149,2026-02-03 06:26:38.270397
WNTR,24.87,24.97,25.06,2166500.0,2132500.0,,8750.0,0,0,0,0,0,0,0,0,0,0,149,2026-02-03 06:26:38.270397
SPNG,26.99,26.66,27.0,1946600.0,1744900.0,0,0,0,0,0,0,0,0,0,0,0,0,150,2026-02-03 06:26:39.295426
SMMR,25.59,25.73,25.82,2064400.0,2037900.0,0,0,0,0,0,0,0,0,0,0,0,0,150,2026-02-03 06:26:39.295426
ATMN,22.86,22.86,23.16,2404000.0,2107000.0,0,0,0,0,0,0,0,0,0,0,0,0,150,2026-02-03 06:26:39.295426
WNTR,24.87,24.87,25.06,2282500.0,2132500.0,0,0,0,0,0,0,0,0,0,0,0,0,150,2026-02-03 06:26:39.295426
SPNG,27.0,26.81,27.0,1961700.0,1758100.0,,,0,0,0,0,0,0,0,0,0,0,151,2026-02-03 06:26:40.321643
SMMR,25.59,25.59,25.82,2067700.0,2016100.0,,,0,0,0,0,0,0,0,0,0,0,151,2026-02-03 06:26:40.321643
ATMN,23.29,22.87,23.08,2247800.0,2009100.0,5250.0,5250.0,0,0,0,0,0,0,0,0,0,0,151,2026-02-03 06:26:40.321643
WNTR,24.87,25.0,25.05,2182400.0,2065000.0,8750.0,8750.0,0,0,0,0,0,0,0,0,0,0,151,2026-02-03 06:26:40.321643
SPNG,26.66,26.66,27.0,1946600.0,1768700.0,,0,0,0,0,0,0,0,0,0,0,0,152,2026-02-03 06:26:41.345184
SMMR,25.58,25.64,25.82,2040900.0,2037700.0,,0,0,0,0,0,0,0,0,0,0,0,152,2026-02-03 06:26:41.345184
ATMN,23.43,22.86,23.07,2366600.0,1958800.0,5250.0,0,0,0,0,0,0,0,0,0,0,0,152,2026-02-03 06:26:41.345184
WNTR,25.01,25.0,25.01,2287100.0,2040300.0,8750.0,0,0,0,0,0,0,0,0,0,0,0,152,2026-02-03 06:26:41.345184
SPNG,26.66,26.8,27.0,1956300.0,1768700.0,0,0,0,0,0,0,0,0,0,0,0,0,153,2026-02-03 06:26:42.369033
SMMR,25.82,25.7,25.82,2061100.0,2016200.0,0,0,0,0,0,0,0,0,0,0,0,0,153,2026-02-03 06:26:42.369033
ATMN,22.78,22.78,23.42,2400300.0,2058300.0,0,0,0,0,0,0,0,0,0,0,0,0,153,2026-02-03 06:26:42.369033
WNTR,25.1,25.11,25.21,2286300.0,2106300.0,0,0,0,0,0,0,0,0,0,0,0,0,153,2026-02-03 06:26:42.369033
SPNG,27.0,27.04,27.2,1921000.0,1782400.0,,,0,0,0,0,0,0,0,0,0,0,154,2026-02-03 06:26:43.394674
SMMR,25.7,25.7,25.81,2058400.0,1933000.0,7000.0,,0,0,0,0,0,0,0,0,0,0,154,2026-02-03 06:26:43.394674
ATMN,23.43,22.79,23.18,2259100.0,2075800.0,,5250.0,0,0,0,0,0,0,0,0,0,0,154,2026-02-03 06:26:43.394674
WNTR,25.1,25.11,25.2,2286300.0,2028100.0,8750.0,,0,0,0,0,0,0,0,0,0,0,154,2026-02-03 06:26:43.394674
SPNG,26.63,26.63,27.2,1931000.0,1782400.0,0,0,0,0,0,0,0,0,0,0,0,0,155,2026-02-03 06:26:44.420988
SMMR,25.77,25.77,25.82,2061200.0,2016200.0,0,0,0,0,0,0,0,0,0,0,0,0,155,2026-02-03 06:26:44.420988
ATMN,23.49,22.78,23.49,2393400.0,2053400.0,0,0,0,0,0,0,0,0,0,0,0,0,155,2026-02-03 06:26:44.420988
WNTR,25.21,24.87,25.21,2282500.0,2139700.0,0,0,0,0,0,0,0,0,0,0,0,0,155,2026-02-03 06:26:44.420988
SPNG,26.97,27.02,27.2,1832500.0,3500.0,1782400.0,,0,0,0,0,0,0,0,0,0,0,156,2026-02-03 06:26:45.446131
SMMR,25.75,25.7,25.75,2058400.0,,1937100.0,7000.0,0,0,0,0,0,0,0,0,0,0,156,2026-02-03 06:26:45.446131
ATMN,23.15,22.79,23.15,2238500.0,5250.0,2048900.0,,0,0,0,0,0,0,0,0,0,0,156,2026-02-03 06:26:45.446131
WNTR,24.85,24.85,24.88,2282900.0,,2121700.0,,0,0,0,0,0,0,0,0,0,0,156,2026-02-03 06:26:45.446131
SPNG,26.61,26.56,26.6,1926800.0,1685000.0,3500.0,0,0,0,0,0,0,0,0,0,0,0,157,2026-02-03 06:26:46.475783
SMMR,25.7,25.7,25.76,2058400.0,2069300.0,,0,0,0,0,0,0,0,0,0,0,0,157,2026-02-03 06:26:46.475783
ATMN,22.78,22.78,23.51,2371600.0,2042800.0,,0,0,0,0,0,0,0,0,0,0,0,157,2026-02-03 06:26:46.475783
WNTR,24.88,24.88,25.03,2274700.0,1999900.0,8750.0,0,0,0,0,0,0,0,0,0,0,0,157,2026-02-03 06:26:46.475783
SPNG,27.31,26.56,27.31,1926800.0,1802000.0,0,0,0,0,0,0,0,0,0,0,0,0,158,2026-02-03 06:26:47.504346
SMMR,25.58,25.58,25.76,2063600.0,2049900.0,0,0,0,0,0,0,0,0,0,0,0,0,158,2026-02-03 06:26:47.504346
ATMN,23.12,22.78,23.05,2361200.0,2044500.0,0,0,0,0,0,0,0,0,0,0,0,0,158,2026-02-03 06:26:47.504346
WNTR,24.85,24.85,24.96,2262700.0,2122700.0,0,0,0,0,0,0,0,0,0,0,0,0,158,2026-02-03 06:26:47.504346
SPNG,26.71,26.57,26.71,3500.0,1839700.0,1718600.0,3500.0,0,0,0,0,0,0,0,0,0,0,159,2026-02-03 06:26:48.531746
SMMR,25.58,25.58,25.75,,2071400.0,1953500.0,7000.0,0,0,0,0,0,0,0,0,0,0,159,2026-02-03 06:26:48.531746
ATMN,23.05,23.32,23.39,5250.0,2236200.0,2076400.0,,0,0,0,0,0,0,0,0,0,0,159,2026-02-03 06:26:48.531746
WNTR,24.85,24.88,24.95,,2248900.0,2010800.0,8750.0,0,0,0,0,0,0,0,0,0,0,159,2026-02-03 06:26:48.531746
SPNG,26.71,26.63,26.7,1822100.0,3500.0,3500.0,1718600.0,0,0,0,0,0,0,0,0,0,0,160,2026-02-03 06:26:49.560940
SMMR,25.57,25.57,25.76,2077100.0,,,2049900.0,0,0,0,0,0,0,0,0,0,0,160,2026-02-03 06:26:49.560940
ATMN,23.39,23.06,23.39,2322500.0,,,2076400.0,0,0,0,0,0,0,0,0,0,0,160,2026-02-03 06:26:49.560940
WNTR,24.88,24.88,24.96,2248900.0,,,2129800.0,0,0,0,0,0,0,0,0,0,0,160,2026-02-03 06:26:49.560940
SPNG,26.63,26.63,27.31,1937100.0,1802000.0,0,0,0,0,0,0,0,0,0,0,0,0,161,2026-02-03 06:26:50.640248
SMMR,25.57,25.57,25.58,2078600.0,2040700.0,0,0,0,0,0,0,0,0,0,0,0,0,161,2026-02-03 06:26:50.640248
ATMN,22.77,22.77,23.51,2362700.0,2042800.0,0,0,0,0,0,0,0,0,0,0,0,0,161,2026-02-03 06:26:50.640248
WNTR,24.98,24.88,24.98,2237200.0,2097700.0,0,0,0,0,0,0,0,0,0,0,0,0,161,2026-02-03 06:26:50.640248
SPNG,27.36,26.58,27.36,1927800.0,1783800.0,,,0,0,0,0,0,0,0,0,0,0,162,2026-02-03 06:26:51.682660
SMMR,25.63,25.63,25.76,2100300.0,2048900.0,,,0,0,0,0,0,0,0,0,0,0,162,2026-02-03 06:26:51.682660
ATMN,23.58,23.25,23.58,2213200.0,1983700.0,5250.0,5250.0,0,0,0,0,0,0,0,0,0,0,162,2026-02-03 06:26:51.682660
WNTR,24.87,24.87,25.05,2246900.0,2125400.0,,,0,0,0,0,0,0,0,0,0,0,162,2026-02-03 06:26:51.682660
SPNG,26.86,26.58,26.86,1958500.0,1809800.0,0,0,0,0,0,0,0,0,0,0,0,0,163,2026-02-03 06:26:52.719855
SMMR,25.63,25.57,25.63,2085700.0,2082200.0,0,0,0,0,0,0,0,0,0,0,0,0,163,2026-02-03 06:26:52.719855
ATMN,23.58,23.25,23.26,2330100.0,2092100.0,0,0,0,0,0,0,0,0,0,0,0,0,163,2026-02-03 06:26:52.719855
WNTR,24.85,24.85,25.05,2254400.0,2125400.0,0,0,0,0,0,0,0,0,0,0,0,0,163,2026-02-03 06:26:52.719855
SPNG,26.56,26.56,26.85,1951800.0,3500.0,1718700.0,,0,0,0,0,0,0,0,0,0,0,164,2026-02-03 06:26:53.782127
SMMR,25.63,25.71,25.75,2006300.0,7000.0,1967700.0,7000.0,0,0,0,0,0,0,0,0,0,0,164,2026-02-03 06:26:53.782127
ATMN,23.58,23.25,23.26,2225700.0,5250.0,2002100.0,5250.0,0,0,0,0,0,0,0,0,0,0,164,2026-02-03 06:26:53.782127
WNTR,24.85,24.85,25.04,2242700.0,8750.0,2033200.0,,0,0,0,0,0,0,0,0,0,0,164,2026-02-03 06:26:53.782127
SPNG,26.56,26.56,26.86,1962400.0,1809800.0,,0,0,0,0,0,0,0,0,0,0,0,165,2026-02-03 06:26:54.814645
SMMR,25.63,25.66,25.68,2110900.0,2054400.0,,0,0,0,0,0,0,0,0,0,0,0,165,2026-02-03 06:26:54.814645
ATMN,23.58,23.25,23.58,2334400.0,2081400.0,,0,0,0,0,0,0,0,0,0,0,0,165,2026-02-03 06:26:54.814645
WNTR,25.15,24.95,25.08,2300400.0,2027300.0,8750.0,0,0,0,0,0,0,0,0,0,0,0,165,2026-02-03 06:26:54.814645
SPNG,27.1,27.11,27.36,3500.0,1833000.0,1783800.0,0,0,0,0,0,0,0,0,0,0,0,166,2026-02-03 06:26:55.847088
SMMR,25.76,25.58,25.76,,2092300.0,2053000.0,0,0,0,0,0,0,0,0,0,0,0,166,2026-02-03 06:26:55.847088
ATMN,23.58,22.9,23.58,,2324900.0,2069500.0,0,0,0,0,0,0,0,0,0,0,0,166,2026-02-03 06:26:55.847088
WNTR,24.95,24.95,25.15,,2300400.0,2128500.0,0,0,0,0,0,0,0,0,0,0,0,166,2026-02-03 06:26:55.847088
SPNG,27.1,27.1,27.12,1948000.0,1807800.0,,0,0,0,0,0,0,0,0,0,0,0,167,2026-02-03 06:26:56.873141
SMMR,25.58,25.57,25.58,2074100.0,1886900.0,200.0,0,0,0,0,0,0,0,0,0,0,0,167,2026-02-03 06:26:56.873141
ATMN,23.58,22.9,23.3,2322900.0,2088300.0,,0,0,0,0,0,0,0,0,0,0,0,167,2026-02-03 06:26:56.873141
WNTR,24.89,24.89,25.1,2263800.0,2000100.0,8750.0,0,0,0,0,0,0,0,0,0,0,0,167,2026-02-03 06:26:56.873141
SPNG,26.7,26.56,26.7,1962400.0,1773000.0,,0,0,0,0,0,0,0,0,0,0,0,168,2026-02-03 06:26:57.398277
SMMR,25.58,25.57,25.58,2074100.0,2000500.0,,0,0,0,0,0,0,0,0,0,0,0,168,2026-02-03 06:26:57.398277
ATMN,23.3,23.32,23.58,2212300.0,2069500.0,5250.0,0,0,0,0,0,0,0,0,0,0,0,168,2026-02-03 06:26:57.398277
WNTR,24.89,24.89,25.1,2301600.0,2113100.0,,0,0,0,0,0,0,0,0,0,0,0,168,2026-02-03 06:26:57.398277
SPNG,26.91,27.08,27.12,1935100.0,1807800.0,,,0,0,0,0,0,0,0,0,0,0,169,2026-02-03 06:26:58.426328
SMMR,25.57,25.57,25.76,2086900.0,2013300.0,,,0,0,0,0,0,0,0,0,0,0,169,2026-02-03 06:26:58.426328
ATMN,22.77,23.33,23.58,2214200.0,2087300.0,5250.0,,0,0,0,0,0,0,0,0,0,0,169,2026-02-03 06:26:58.426328
WNTR,24.84,24.84,24.86,2244200.0,1994700.0,,8750.0,0,0,0,0,0,0,0,0,0,0,169,2026-02-03 06:26:58.426328
SPNG,26.55,26.55,27.12,1977100.0,1796900.0,,,0,0,0,0,0,0,0,0,0,0,170,2026-02-03 06:26:59.450644
SMMR,25.53,25.73,25.75,1970300.0,1899700.0,7000.0,7000.0,0,0,0,0,0,0,0,0,0,0,170,2026-02-03 06:26:59.450644
ATMN,23.68,22.92,23.68,2327000.0,2054100.0,,,0,0,0,0,0,0,0,0,0,0,170,2026-02-03 06:26:59.450644
WNTR,24.91,24.93,25.0,2268700.0,2128700.0,,,0,0,0,0,0,0,0,0,0,0,170,2026-02-03 06:26:59.450644
SPNG,26.55,26.55,26.99,1977100.0,1777000.0,0,0,0,0,0,0,0,0,0,0,0,0,171,2026-02-03 06:27:00.486705
SMMR,25.52,25.52,25.72,2066800.0,2003200.0,0,0,0,0,0,0,0,0,0,0,0,0,171,2026-02-03 06:27:00.486705
ATMN,23.34,23.36,23.55,2341400.0,2049800.0,0,0,0,0,0,0,0,0,0,0,0,0,171,2026-02-03 06:27:00.486705
WNTR,24.93,24.93,25.0,2268700.0,2125300.0,0,0,0,0,0,0,0,0,0,0,0,0,171,2026-02-03 06:27:00.486705
SPNG,26.99,26.54,26.99,1968300.0,1777000.0,,0,0,0,0,0,0,0,0,0,0,0,172,2026-02-03 06:27:01.516548
SMMR,25.52,25.52,25.76,2062100.0,2036600.0,,0,0,0,0,0,0,0,0,0,0,0,172,2026-02-03 06:27:01.516548
ATMN,23.34,23.36,23.55,2341400.0,2098100.0,,0,0,0,0,0,0,0,0,0,0,0,172,2026-02-03 06:27:01.516548
WNTR,24.83,24.83,24.96,2234900.0,2035500.0,8750.0,0,0,0,0,0,0,0,0,0,0,0,172,2026-02-03 06:27:01.516548
SPNG,26.99,26.54,26.73,1968300.0,1745200.0,,,0,0,0,0,0,0,0,0,0,0,173,2026-02-03 06:27:02.550050
SMMR,25.52,25.53,25.56,1972200.0,2007000.0,7000.0,,0,0,0,0,0,0,0,0,0,0,173,2026-02-03 06:27:02.550050
ATMN,22.96,22.96,23.46,2337800.0,1993700.0,,5250.0,0,0,0,0,0,0,0,0,0,0,173,2026-02-03 06:27:02.550050
WNTR,24.83,24.83,24.96,2234900.0,2019400.0,,8750.0,0,0,0,0,0,0,0,0,0,0,173,2026-02-03 06:27:02.550050
SPNG,27.14,26.55,27.14,3500.0,1882800.0,1815000.0,,0,0,0,0,0,0,0,0,0,0,174,2026-02-03 06:27:03.582237
SMMR,25.56,25.52,25.54,,2076200.0,2023300.0,,0,0,0,0,0,0,0,0,0,0,174,2026-02-03 06:27:03.582237
ATMN,23.55,23.24,23.55,,2329800.0,2098100.0,,0,0,0,0,0,0,0,0,0,0,174,2026-02-03 06:27:03.582237
WNTR,24.96,24.83,24.86,,2234900.0,2024600.0,8750.0,0,0,0,0,0,0,0,0,0,0,174,2026-02-03 06:27:03.582237
SPNG,27.14,26.56,26.98,3500.0,1883400.0,1776900.0,,0,0,0,0,0,0,0,0,0,0,175,2026-02-03 06:27:04.611846
SMMR,25.56,25.53,25.54,7000.0,1992400.0,2023300.0,,0,0,0,0,0,0,0,0,0,0,175,2026-02-03 06:27:04.611846
ATMN,23.24,23.24,23.62,,2329800.0,2096700.0,,0,0,0,0,0,0,0,0,0,0,175,2026-02-03 06:27:04.611846
WNTR,24.82,24.82,24.85,,2247200.0,2038500.0,8750.0,0,0,0,0,0,0,0,0,0,0,175,2026-02-03 06:27:04.611846
SPNG,27.0,26.62,27.0,1974000.0,1788700.0,,,0,0,0,0,0,0,0,0,0,0,176,2026-02-03 06:27:05.638385
SMMR,25.56,25.53,25.54,2050500.0,2037200.0,,,0,0,0,0,0,0,0,0,0,0,176,2026-02-03 06:27:05.638385
ATMN,23.24,23.25,23.46,2215900.0,2011100.0,550.0,5250.0,0,0,0,0,0,0,0,0,0,0,176,2026-02-03 06:27:05.638385
WNTR,24.82,24.82,24.86,2289600.0,2162400.0,,,0,0,0,0,0,0,0,0,0,0,176,2026-02-03 06:27:05.638385
SPNG,26.62,26.89,27.0,1956100.0,1783400.0,,0,0,0,0,0,0,0,0,0,0,0,177,2026-02-03 06:27:06.669074
SMMR,25.52,25.53,25.54,1943300.0,2037200.0,7000.0,0,0,0,0,0,0,0,0,0,0,0,177,2026-02-03 06:27:06.669074
ATMN,23.46,23.04,23.46,2374500.0,2097600.0,,0,0,0,0,0,0,0,0,0,0,0,177,2026-02-03 06:27:06.669074
WNTR,24.81,24.81,24.86,2280900.0,2189000.0,,0,0,0,0,0,0,0,0,0,0,0,177,2026-02-03 06:27:06.669074
SPNG,26.89,26.89,26.98,1956100.0,1779800.0,,0,0,0,0,0,0,0,0,0,0,0,178,2026-02-03 06:27:07.721856
SMMR,25.67,25.52,25.67,2053000.0,2017200.0,,0,0,0,0,0,0,0,0,0,0,0,178,2026-02-03 06:27:07.721856
ATMN,23.46,23.04,23.09,2391000.0,1982100.0,550.0,0,0,0,0,0,0,0,0,0,0,0,178,2026-02-03 06:27:07.721856
WNTR,24.86,24.81,24.84,2275400.0,1974200.0,17500.0,0,0,0,0,0,0,0,0,0,0,0,178,2026-02-03 06:27:07.721856
SPNG,26.57,26.54,26.57,1986700.0,1809800.0,0,0,0,0,0,0,0,0,0,0,0,0,179,2026-02-03 06:27:08.763561
SMMR,25.58,25.52,25.58,2039100.0,2006000.0,0,0,0,0,0,0,0,0,0,0,0,0,179,2026-02-03 06:27:08.763561
ATMN,23.46,23.04,23.19,2394900.0,2120000.0,0,0,0,0,0,0,0,0,0,0,0,0,179,2026-02-03 06:27:08.763561
WNTR,24.86,24.81,24.86,2281500.0,2189000.0,0,0,0,0,0,0,0,0,0,0,0,0,179,2026-02-03 06:27:08.763561
SPNG,24.69,24.69,27.11,1011100.0,683000.0,0,0,0,0,0,0,0,0,0,0,0,0,180,2026-02-03 06:27:09.807175
SMMR,25.78,24.68,25.1,817100.0,792800.0,0,0,0,0,0,0,0,0,0,0,0,0,180,2026-02-03 06:27:09.807175
ATMN,23.19,24.25,0.0,200000.0,,0,0,0,0,0,0,0,0,0,0,0,0,180,2026-02-03 06:27:09.807175
WNTR,24.81,24.27,0.0,200000.0,,0,0,0,0,0,0,0,0,0,0,0,0,180,2026-02-03 06:27:09.807175
SPNG,24.65,24.92,25.53,1159200.0,893300.0,0,0,0,0,0,0,0,0,0,0,0,0,181,2026-02-03 06:27:10.849396
SMMR,24.68,24.68,24.77,817100.0,996000.0,0,0,0,0,0,0,0,0,0,0,0,0,181,2026-02-03 06:27:10.849396
ATMN,24.25,24.26,24.32,921000.0,896900.0,0,0,0,0,0,0,0,0,0,0,0,0,181,2026-02-03 06:27:10.849396
WNTR,24.81,24.27,24.35,930400.0,1319000.0,0,0,0,0,0,0,0,0,0,0,0,0,181,2026-02-03 06:27:10.849396
SPNG,24.92,24.92,25.04,1159200.0,1108900.0,0,0,0,0,0,0,0,0,0,0,0,0,182,2026-02-03 06:27:11.901351
SMMR,24.68,24.68,24.77,930800.0,1224900.0,0,0,0,0,0,0,0,0,0,0,0,0,182,2026-02-03 06:27:11.901351
ATMN,24.49,24.26,24.47,921000.0,1062000.0,0,0,0,0,0,0,0,0,0,0,0,0,182,2026-02-03 06:27:11.901351
WNTR,24.23,24.23,24.35,944900.0,1319000.0,0,0,0,0,0,0,0,0,0,0,0,0,182,2026-02-03 06:27:11.901351
SPNG,24.92,24.55,24.9,1052200.0,1426700.0,0,0,0,0,0,0,0,0,0,0,0,0,183,2026-02-03 06:27:12.959331
SMMR,24.68,24.69,24.77,917500.0,1342500.0,0,0,0,0,0,0,0,0,0,0,0,0,183,2026-02-03 06:27:12.959331
ATMN,24.38,24.25,24.38,954300.0,1179600.0,0,0,0,0,0,0,0,0,0,0,0,0,183,2026-02-03 06:27:12.959331
WNTR,24.23,24.23,24.35,1083000.0,1431600.0,0,0,0,0,0,0,0,0,0,0,0,0,183,2026-02-03 06:27:12.959331
SPNG,24.92,24.55,24.87,1052200.0,1648900.0,0,0,0,0,0,0,0,0,0,0,0,0,184,2026-02-03 06:27:13.497096
SMMR,24.77,24.78,24.82,1037900.0,1344100.0,0,0,0,0,0,0,0,0,0,0,0,0,184,2026-02-03 06:27:13.497096
ATMN,24.47,24.25,24.47,1060600.0,1062000.0,0,0,0,0,0,0,0,0,0,0,0,0,184,2026-02-03 06:27:13.497096
WNTR,24.23,24.12,24.19,980200.0,1544900.0,0,0,0,0,0,0,0,0,0,0,0,0,184,2026-02-03 06:27:13.497096
SPNG,24.87,24.63,24.87,1255700.0,1648900.0,0,0,0,0,0,0,0,0,0,0,0,0,185,2026-02-03 06:27:14.524838
SMMR,24.78,24.78,24.82,1037900.0,1433200.0,0,0,0,0,0,0,0,0,0,0,0,0,185,2026-02-03 06:27:14.524838
ATMN,24.25,23.98,24.0,1158800.0,1290000.0,0,0,0,0,0,0,0,0,0,0,0,0,185,2026-02-03 06:27:14.524838
WNTR,24.19,24.31,24.35,1303200.0,1531700.0,0,0,0,0,0,0,0,0,0,0,0,0,185,2026-02-03 06:27:14.524838
SPNG,24.59,24.59,24.87,1333300.0,1766400.0,0,0,0,0,0,0,0,0,0,0,0,0,186,2026-02-03 06:27:15.564095
SMMR,24.68,24.68,24.77,830800.0,1655100.0,0,0,0,0,0,0,0,0,0,0,0,0,186,2026-02-03 06:27:15.564095
ATMN,24.39,23.98,24.39,1373200.0,1175500.0,0,0,0,0,0,0,0,0,0,0,0,0,186,2026-02-03 06:27:15.564095
WNTR,24.39,24.18,24.39,1306000.0,1399700.0,0,0,0,0,0,0,0,0,0,0,0,0,186,2026-02-03 06:27:15.564095
SPNG,24.59,24.59,24.87,1528100.0,1882500.0,,,0,0,0,0,0,0,0,0,0,0,187,2026-02-03 06:27:16.596447
SMMR,24.7,24.69,24.7,830800.0,1859000.0,7000.0,,0,0,0,0,0,0,0,0,0,0,187,2026-02-03 06:27:16.596447
ATMN,24.49,23.98,24.38,1583000.0,949200.0,,5250.0,0,0,0,0,0,0,0,0,0,0,187,2026-02-03 06:27:16.596447
WNTR,24.18,24.12,24.14,1415000.0,1630000.0,,,0,0,0,0,0,0,0,0,0,0,187,2026-02-03 06:27:16.596447
SPNG,24.7,24.7,24.86,1728500.0,3500.0,1882500.0,,0,0,0,0,0,0,0,0,0,0,188,2026-02-03 06:27:17.624209
SMMR,24.76,24.76,24.85,932000.0,,1519600.0,7000.0,0,0,0,0,0,0,0,0,0,0,188,2026-02-03 06:27:17.624209
ATMN,24.12,23.99,24.12,1704600.0,,974600.0,5250.0,0,0,0,0,0,0,0,0,0,0,188,2026-02-03 06:27:17.624209
WNTR,24.14,24.29,24.38,1736100.0,8750.0,1494600.0,8750.0,0,0,0,0,0,0,0,0,0,0,188,2026-02-03 06:27:17.624209
SPNG,24.67,24.59,24.67,1769000.0,1912400.0,3500.0,,0,0,0,0,0,0,0,0,0,0,189,2026-02-03 06:27:18.656701
SMMR,24.7,24.77,24.85,1042200.0,1519600.0,,7000.0,0,0,0,0,0,0,0,0,0,0,189,2026-02-03 06:27:18.656701
ATMN,23.98,24.0,24.71,1704600.0,944700.0,,5250.0,0,0,0,0,0,0,0,0,0,0,189,2026-02-03 06:27:18.656701
WNTR,24.12,24.26,24.28,1851400.0,1613300.0,8750.0,,0,0,0,0,0,0,0,0,0,0,189,2026-02-03 06:27:18.656701
SPNG,24.59,24.59,24.9,1769000.0,1859800.0,0,0,0,0,0,0,0,0,0,0,0,0,190,2026-02-03 06:27:19.687398
SMMR,24.7,24.7,24.81,943500.0,1729600.0,0,0,0,0,0,0,0,0,0,0,0,0,190,2026-02-03 06:27:19.687398
ATMN,23.98,23.98,24.29,1964000.0,1139800.0,0,0,0,0,0,0,0,0,0,0,0,0,190,2026-02-03 06:27:19.687398
WNTR,24.26,24.12,24.13,1825800.0,1723100.0,0,0,0,0,0,0,0,0,0,0,0,0,190,2026-02-03 06:27:19.687398
SPNG,25.0,24.6,25.0,3500.0,1675000.0,1860300.0,0,0,0,0,0,0,0,0,0,0,0,191,2026-02-03 06:27:20.718161
SMMR,24.65,24.6,24.65,,814100.0,1830500.0,0,0,0,0,0,0,0,0,0,0,0,191,2026-02-03 06:27:20.718161
ATMN,23.98,24.1,24.29,5250.0,2174700.0,1139800.0,0,0,0,0,0,0,0,0,0,0,0,191,2026-02-03 06:27:20.718161
WNTR,24.27,24.12,24.26,8750.0,1825800.0,1819700.0,0,0,0,0,0,0,0,0,0,0,0,191,2026-02-03 06:27:20.718161
SPNG,25.0,24.55,24.61,1675000.0,1978800.0,0,0,0,0,0,0,0,0,0,0,0,0,192,2026-02-03 06:27:21.755753
SMMR,24.61,24.6,24.61,935900.0,1944100.0,0,0,0,0,0,0,0,0,0,0,0,0,192,2026-02-03 06:27:21.755753
ATMN,24.29,24.7,24.71,2279200.0,1202900.0,0,0,0,0,0,0,0,0,0,0,0,0,192,2026-02-03 06:27:21.755753
WNTR,24.33,24.12,24.23,1825800.0,2009900.0,0,0,0,0,0,0,0,0,0,0,0,0,192,2026-02-03 06:27:21.755753
SPNG,24.55,24.56,24.75,3500.0,1571400.0,1987900.0,0,0,0,0,0,0,0,0,0,0,0,193,2026-02-03 06:27:22.814354
SMMR,24.81,24.62,24.81,7000.0,1057100.0,1808200.0,0,0,0,0,0,0,0,0,0,0,0,193,2026-02-03 06:27:22.814354
ATMN,24.58,24.28,24.34,,2272500.0,1394500.0,0,0,0,0,0,0,0,0,0,0,0,193,2026-02-03 06:27:22.814354
WNTR,24.1,24.1,24.39,,1575600.0,1764300.0,0,0,0,0,0,0,0,0,0,0,0,193,2026-02-03 06:27:22.814354
SPNG,24.75,24.56,24.75,3500.0,1771000.0,1987900.0,,0,0,0,0,0,0,0,0,0,0,194,2026-02-03 06:27:23.865919
SMMR,24.81,24.71,24.72,7000.0,1149300.0,2041200.0,,0,0,0,0,0,0,0,0,0,0,194,2026-02-03 06:27:23.865919
ATMN,24.1,24.29,24.58,5250.0,2155500.0,1500700.0,,0,0,0,0,0,0,0,0,0,0,194,2026-02-03 06:27:23.865919
WNTR,24.08,24.19,24.38,8750.0,1508500.0,1764300.0,8750.0,0,0,0,0,0,0,0,0,0,0,194,2026-02-03 06:27:23.865919
SPNG,24.54,24.54,24.75,1860100.0,2000500.0,0,0,0,0,0,0,0,0,0,0,0,0,195,2026-02-03 06:27:24.918488
SMMR,24.6,24.6,24.71,1021800.0,2058400.0,0,0,0,0,0,0,0,0,0,0,0,0,195,2026-02-03 06:27:24.918488
ATMN,24.58,24.65,24.66,2260700.0,1642000.0,0,0,0,0,0,0,0,0,0,0,0,0,195,2026-02-03 06:27:24.918488
WNTR,24.27,24.34,24.35,1622400.0,2005600.0,0,0,0,0,0,0,0,0,0,0,0,0,195,2026-02-03 06:27:24.918488
SPNG,24.54,24.68,24.74,2133200.0,3500.0,3500.0,1903300.0,0,0,0,0,0,0,0,0,0,0,196,2026-02-03 06:27:25.952971
SMMR,24.72,24.63,24.72,1021800.0,7000.0,,2046900.0,0,0,0,0,0,0,0,0,0,0,196,2026-02-03 06:27:25.952971
ATMN,24.18,24.19,24.66,2223600.0,,5250.0,1642000.0,0,0,0,0,0,0,0,0,0,0,196,2026-02-03 06:27:25.952971
WNTR,24.35,24.2,24.35,1608700.0,8750.0,,2097100.0,0,0,0,0,0,0,0,0,0,0,196,2026-02-03 06:27:25.952971
SPNG,25.0,24.53,25.0,2025100.0,1922200.0,0,0,0,0,0,0,0,0,0,0,0,0,197,2026-02-03 06:27:26.988652
SMMR,24.56,24.63,24.67,1046500.0,2047100.0,0,0,0,0,0,0,0,0,0,0,0,0,197,2026-02-03 06:27:26.988652
ATMN,24.06,24.17,24.66,2236200.0,1642000.0,0,0,0,0,0,0,0,0,0,0,0,0,197,2026-02-03 06:27:26.988652
WNTR,24.39,24.19,24.22,1608700.0,2106000.0,0,0,0,0,0,0,0,0,0,0,0,0,197,2026-02-03 06:27:26.988652
SPNG,24.52,24.51,24.52,2168700.0,1956400.0,,,0,0,0,0,0,0,0,0,0,0,198,2026-02-03 06:27:28.026819
SMMR,24.54,24.47,24.54,1255500.0,1957700.0,7000.0,,0,0,0,0,0,0,0,0,0,0,198,2026-02-03 06:27:28.026819
ATMN,24.22,24.17,24.22,2216100.0,1753400.0,5250.0,,0,0,0,0,0,0,0,0,0,0,198,2026-02-03 06:27:28.026819
WNTR,24.45,24.2,24.45,1489000.0,1977300.0,,8750.0,0,0,0,0,0,0,0,0,0,0,198,2026-02-03 06:27:28.026819
SPNG,25.02,24.51,25.02,2389200.0,1822700.0,,0,0,0,0,0,0,0,0,0,0,0,199,2026-02-03 06:27:29.063987
SMMR,24.47,24.47,24.67,1346400.0,2047100.0,,0,0,0,0,0,0,0,0,0,0,0,199,2026-02-03 06:27:29.063987
ATMN,24.22,24.51,24.65,2166200.0,1733000.0,5250.0,0,0,0,0,0,0,0,0,0,0,0,199,2026-02-03 06:27:29.063987
WNTR,24.45,24.2,24.22,1596300.0,2059900.0,,0,0,0,0,0,0,0,0,0,0,0,199,2026-02-03 06:27:29.063987
SPNG,25.04,24.77,25.04,2316700.0,1728400.0,,,0,0,0,0,0,0,0,0,0,0,200,2026-02-03 06:27:29.600013
SMMR,24.47,24.59,24.66,1563300.0,1940100.0,7000.0,,0,0,0,0,0,0,0,0,0,0,200,2026-02-03 06:27:29.600013
ATMN,24.51,24.19,24.5,2179200.0,1838900.0,5250.0,,0,0,0,0,0,0,0,0,0,0,200,2026-02-03 06:27:29.600013
WNTR,24.22,24.3,24.44,1729600.0,2066400.0,,8750.0,0,0,0,0,0,0,0,0,0,0,200,2026-02-03 06:27:29.600013
SPNG,25.04,24.78,24.86,3500.0,2129600.0,1895200.0,3500.0,0,0,0,0,0,0,0,0,0,0,201,2026-02-03 06:27:30.626037
SMMR,24.67,24.6,24.67,,1887500.0,2047100.0,,0,0,0,0,0,0,0,0,0,0,201,2026-02-03 06:27:30.626037
ATMN,24.66,24.19,24.49,,2176000.0,1824400.0,5250.0,0,0,0,0,0,0,0,0,0,0,201,2026-02-03 06:27:30.626037
WNTR,24.22,24.31,24.4,8750.0,1729600.0,2089200.0,,0,0,0,0,0,0,0,0,0,0,201,2026-02-03 06:27:30.626037
SPNG,24.93,24.79,24.93,3500.0,2074900.0,1987000.0,0,0,0,0,0,0,0,0,0,0,0,202,2026-02-03 06:27:31.662204
SMMR,24.72,24.7,24.72,,2071900.0,2023700.0,0,0,0,0,0,0,0,0,0,0,0,202,2026-02-03 06:27:31.662204
ATMN,24.57,24.57,24.66,,2206000.0,1906800.0,0,0,0,0,0,0,0,0,0,0,0,202,2026-02-03 06:27:31.662204
WNTR,24.22,24.32,24.33,8750.0,1729600.0,2143400.0,0,0,0,0,0,0,0,0,0,0,0,202,2026-02-03 06:27:31.662204
SPNG,24.7,24.71,24.85,2172600.0,3500.0,1919900.0,,0,0,0,0,0,0,0,0,0,0,203,2026-02-03 06:27:32.700534
SMMR,24.7,24.6,24.62,2075900.0,7000.0,1978400.0,,0,0,0,0,0,0,0,0,0,0,203,2026-02-03 06:27:32.700534
ATMN,24.66,24.23,24.48,2105700.0,5250.0,1837900.0,5250.0,0,0,0,0,0,0,0,0,0,0,203,2026-02-03 06:27:32.700534
WNTR,24.13,24.13,24.33,1489000.0,,2164400.0,,0,0,0,0,0,0,0,0,0,0,203,2026-02-03 06:27:32.700534
SPNG,24.7,24.77,24.84,2167500.0,3500.0,1919900.0,,0,0,0,0,0,0,0,0,0,0,204,2026-02-03 06:27:33.726419
SMMR,24.62,24.63,24.64,2075700.0,,2059100.0,,0,0,0,0,0,0,0,0,0,0,204,2026-02-03 06:27:33.726419
ATMN,24.23,24.23,24.66,2196400.0,,1960600.0,,0,0,0,0,0,0,0,0,0,0,204,2026-02-03 06:27:33.726419
WNTR,24.33,24.14,24.33,1711700.0,,2164400.0,8750.0,0,0,0,0,0,0,0,0,0,0,204,2026-02-03 06:27:33.726419
SPNG,24.75,24.75,24.93,2158300.0,1987000.0,0,0,0,0,0,0,0,0,0,0,0,0,205,2026-02-03 06:27:34.754396
SMMR,24.76,24.7,24.76,2079000.0,2030300.0,0,0,0,0,0,0,0,0,0,0,0,0,205,2026-02-03 06:27:34.754396
ATMN,24.23,24.19,24.22,2172400.0,1980600.0,0,0,0,0,0,0,0,0,0,0,0,0,205,2026-02-03 06:27:34.754396
WNTR,24.08,24.08,24.33,1728200.0,2164400.0,0,0,0,0,0,0,0,0,0,0,0,0,205,2026-02-03 06:27:34.754396
SPNG,24.7,24.7,24.92,2188200.0,3500.0,1919900.0,,0,0,0,0,0,0,0,0,0,0,206,2026-02-03 06:27:35.786452
SMMR,24.7,24.63,24.69,2077900.0,7000.0,1987000.0,,0,0,0,0,0,0,0,0,0,0,206,2026-02-03 06:27:35.786452
ATMN,24.68,24.2,24.68,2075100.0,,1974500.0,5250.0,0,0,0,0,0,0,0,0,0,0,206,2026-02-03 06:27:35.786452
WNTR,24.08,24.14,24.23,1968700.0,8750.0,2073500.0,,0,0,0,0,0,0,0,0,0,0,206,2026-02-03 06:27:35.786452
SPNG,24.51,24.51,24.92,2199300.0,3500.0,1874500.0,0,0,0,0,0,0,0,0,0,0,0,207,2026-02-03 06:27:36.816486
SMMR,24.76,24.63,24.76,2077900.0,,2065100.0,0,0,0,0,0,0,0,0,0,0,0,207,2026-02-03 06:27:36.816486
ATMN,24.38,24.38,24.67,2198500.0,5250.0,1889900.0,0,0,0,0,0,0,0,0,0,0,0,207,2026-02-03 06:27:36.816486
WNTR,24.23,24.14,24.22,2230000.0,8750.0,2073500.0,0,0,0,0,0,0,0,0,0,0,0,207,2026-02-03 06:27:36.816486
SPNG,24.9,24.51,24.68,2199300.0,1893100.0,3500.0,0,0,0,0,0,0,0,0,0,0,0,208,2026-02-03 06:27:37.846856
SMMR,24.68,24.74,24.76,2039900.0,2064800.0,,0,0,0,0,0,0,0,0,0,0,0,208,2026-02-03 06:27:37.846856
ATMN,24.38,24.18,24.26,2211000.0,2000800.0,,0,0,0,0,0,0,0,0,0,0,0,208,2026-02-03 06:27:37.846856
WNTR,24.4,24.27,24.4,2344500.0,2131800.0,,0,0,0,0,0,0,0,0,0,0,0,208,2026-02-03 06:27:37.846856
SPNG,25.03,25.03,25.04,2114200.0,1991900.0,,0,0,0,0,0,0,0,0,0,0,0,209,2026-02-03 06:27:38.872875
SMMR,24.66,24.67,24.76,2050900.0,2064800.0,,0,0,0,0,0,0,0,0,0,0,0,209,2026-02-03 06:27:38.872875
ATMN,24.38,24.23,24.25,2186000.0,1922400.0,5250.0,0,0,0,0,0,0,0,0,0,0,0,209,2026-02-03 06:27:38.872875
WNTR,24.39,24.14,24.31,2230000.0,2054100.0,8750.0,0,0,0,0,0,0,0,0,0,0,0,209,2026-02-03 06:27:38.872875
SPNG,24.79,24.79,24.91,2157100.0,2013100.0,0,0,0,0,0,0,0,0,0,0,0,0,210,2026-02-03 06:27:39.897428
SMMR,24.64,24.64,24.66,2039900.0,2069500.0,0,0,0,0,0,0,0,0,0,0,0,0,210,2026-02-03 06:27:39.897428
ATMN,24.38,24.23,24.26,2167200.0,2000800.0,0,0,0,0,0,0,0,0,0,0,0,0,210,2026-02-03 06:27:39.897428
WNTR,24.31,24.14,24.31,2355400.0,2168000.0,0,0,0,0,0,0,0,0,0,0,0,0,210,2026-02-03 06:27:39.897428
SPNG,24.51,24.51,25.07,2199300.0,1942700.0,,0,0,0,0,0,0,0,0,0,0,0,211,2026-02-03 06:27:40.922430
SMMR,24.63,24.63,24.68,2055100.0,2069800.0,,0,0,0,0,0,0,0,0,0,0,0,211,2026-02-03 06:27:40.922430
ATMN,24.26,24.23,24.25,2186200.0,1922400.0,5250.0,0,0,0,0,0,0,0,0,0,0,0,211,2026-02-03 06:27:40.922430
WNTR,24.31,24.31,24.4,2347700.0,2193100.0,,0,0,0,0,0,0,0,0,0,0,0,211,2026-02-03 06:27:40.922430
SPNG,24.51,24.8,24.96,3500.0,2017300.0,2009200.0,0,0,0,0,0,0,0,0,0,0,0,212,2026-02-03 06:27:41.950471
SMMR,24.68,24.71,24.76,,2069500.0,2049600.0,0,0,0,0,0,0,0,0,0,0,0,212,2026-02-03 06:27:41.950471
ATMN,24.69,24.24,24.69,5250.0,2060600.0,1984900.0,0,0,0,0,0,0,0,0,0,0,0,212,2026-02-03 06:27:41.950471
WNTR,24.11,24.11,24.4,,2234100.0,2193100.0,0,0,0,0,0,0,0,0,0,0,0,212,2026-02-03 06:27:41.950471
SPNG,24.96,24.49,24.96,2261400.0,2009200.0,,0,0,0,0,0,0,0,0,0,0,0,213,2026-02-03 06:27:42.990101
SMMR,24.68,24.71,24.76,2069500.0,2050100.0,,0,0,0,0,0,0,0,0,0,0,0,213,2026-02-03 06:27:42.990101
ATMN,24.22,24.3,24.68,2177400.0,1889700.0,5250.0,0,0,0,0,0,0,0,0,0,0,0,213,2026-02-03 06:27:42.990101
WNTR,24.22,24.18,24.22,2347100.0,2174100.0,,0,0,0,0,0,0,0,0,0,0,0,213,2026-02-03 06:27:42.990101
SPNG,24.96,24.49,24.96,2226500.0,2046200.0,0,0,0,0,0,0,0,0,0,0,0,0,214,2026-02-03 06:27:44.042497
SMMR,24.64,24.63,24.64,2045600.0,2042200.0,0,0,0,0,0,0,0,0,0,0,0,0,214,2026-02-03 06:27:44.042497
ATMN,24.34,24.34,24.69,2223200.0,1984900.0,0,0,0,0,0,0,0,0,0,0,0,0,214,2026-02-03 06:27:44.042497
WNTR,24.22,24.22,24.3,2324500.0,2235800.0,0,0,0,0,0,0,0,0,0,0,0,0,214,2026-02-03 06:27:44.042497
SPNG,25.23,24.49,25.23,2238400.0,1994000.0,0,0,0,0,0,0,0,0,0,0,0,0,215,2026-02-03 06:27:45.086358
SMMR,24.6,24.6,24.77,2024300.0,2079900.0,0,0,0,0,0,0,0,0,0,0,0,0,215,2026-02-03 06:27:45.086358
ATMN,24.22,24.18,24.2,2209300.0,1986700.0,0,0,0,0,0,0,0,0,0,0,0,0,215,2026-02-03 06:27:45.086358
WNTR,24.27,24.27,24.3,2301000.0,2235800.0,0,0,0,0,0,0,0,0,0,0,0,0,215,2026-02-03 06:27:45.086358
SPNG,24.49,24.49,24.85,2199400.0,1985900.0,,,0,0,0,0,0,0,0,0,0,0,216,2026-02-03 06:27:46.122761
SMMR,24.7,24.7,24.76,1934600.0,1977500.0,7000.0,7000.0,0,0,0,0,0,0,0,0,0,0,216,2026-02-03 06:27:46.122761
ATMN,24.18,24.18,24.19,2209300.0,1880700.0,,5250.0,0,0,0,0,0,0,0,0,0,0,216,2026-02-03 06:27:46.122761
WNTR,24.28,24.27,24.28,2301000.0,2244500.0,,,0,0,0,0,0,0,0,0,0,0,216,2026-02-03 06:27:46.122761
SPNG,24.68,24.68,25.23,2163000.0,1994000.0,0,0,0,0,0,0,0,0,0,0,0,0,217,2026-02-03 06:27:47.154146
SMMR,24.7,24.7,24.76,2025200.0,2064400.0,0,0,0,0,0,0,0,0,0,0,0,0,217,2026-02-03 06:27:47.154146
ATMN,24.17,24.17,24.45,2265700.0,1999000.0,0,0,0,0,0,0,0,0,0,0,0,0,217,2026-02-03 06:27:47.154146
WNTR,24.18,24.18,24.28,2314100.0,2277700.0,0,0,0,0,0,0,0,0,0,0,0,0,217,2026-02-03 06:27:47.154146
SPNG,24.88,24.68,24.83,2141300.0,2037600.0,0,0,0,0,0,0,0,0,0,0,0,0,218,2026-02-03 06:27:48.182258
SMMR,24.59,24.64,24.76,2035600.0,2082400.0,0,0,0,0,0,0,0,0,0,0,0,0,218,2026-02-03 06:27:48.182258
ATMN,24.17,24.17,24.2,2259300.0,2049500.0,0,0,0,0,0,0,0,0,0,0,0,0,218,2026-02-03 06:27:48.182258
WNTR,24.19,24.18,24.19,2299900.0,2283100.0,0,0,0,0,0,0,0,0,0,0,0,0,218,2026-02-03 06:27:48.182258
SPNG,24.68,24.49,24.55,2149900.0,2064500.0,0,0,0,0,0,0,0,0,0,0,0,0,219,2026-02-03 06:27:49.210471
SMMR,24.76,24.64,24.75,2061600.0,2066400.0,0,0,0,0,0,0,0,0,0,0,0,0,219,2026-02-03 06:27:49.210471
ATMN,24.17,24.17,24.2,2235400.0,2049500.0,0,0,0,0,0,0,0,0,0,0,0,0,219,2026-02-03 06:27:49.210471
WNTR,24.29,24.18,24.29,2299900.0,2276000.0,0,0,0,0,0,0,0,0,0,0,0,0,219,2026-02-03 06:27:49.210471
SPNG,24.68,24.49,24.55,2138000.0,1966200.0,3500.0,,0,0,0,0,0,0,0,0,0,0,220,2026-02-03 06:27:49.744051
SMMR,24.76,24.65,24.76,1947200.0,2068200.0,,7000.0,0,0,0,0,0,0,0,0,0,0,220,2026-02-03 06:27:49.744051
ATMN,24.32,24.17,24.19,2216600.0,1929900.0,5250.0,,0,0,0,0,0,0,0,0,0,0,220,2026-02-03 06:27:49.744051
WNTR,24.18,24.11,24.15,2285600.0,2311600.0,,,0,0,0,0,0,0,0,0,0,0,220,2026-02-03 06:27:49.744051
SPNG,24.55,24.81,24.82,2134800.0,3500.0,1942600.0,,0,0,0,0,0,0,0,0,0,0,221,2026-02-03 06:27:50.773003
SMMR,24.64,24.64,24.76,2055200.0,,2068200.0,,0,0,0,0,0,0,0,0,0,0,221,2026-02-03 06:27:50.773003
ATMN,24.39,24.18,24.39,2093200.0,,2008300.0,5250.0,0,0,0,0,0,0,0,0,0,0,221,2026-02-03 06:27:50.773003
WNTR,24.1,24.1,24.15,2309500.0,8750.0,2202600.0,,0,0,0,0,0,0,0,0,0,0,221,2026-02-03 06:27:50.773003
SPNG,24.49,24.49,24.82,2134800.0,3500.0,1942600.0,,0,0,0,0,0,0,0,0,0,0,222,2026-02-03 06:27:51.799197
SMMR,24.77,24.66,24.68,1977900.0,7000.0,1955100.0,7000.0,0,0,0,0,0,0,0,0,0,0,222,2026-02-03 06:27:51.799197
ATMN,24.69,24.5,24.53,2073200.0,,1986500.0,5250.0,0,0,0,0,0,0,0,0,0,0,222,2026-02-03 06:27:51.799197
WNTR,24.1,24.1,24.14,2309500.0,8750.0,2194200.0,,0,0,0,0,0,0,0,0,0,0,222,2026-02-03 06:27:51.799197
SPNG,24.8,24.86,24.98,2136100.0,1950000.0,3500.0,,0,0,0,0,0,0,0,0,0,0,223,2026-02-03 06:27:52.827482
SMMR,24.77,24.67,24.69,1965300.0,2060400.0,,7000.0,0,0,0,0,0,0,0,0,0,0,223,2026-02-03 06:27:52.827482
ATMN,24.51,24.17,24.39,2218800.0,2018900.0,,,0,0,0,0,0,0,0,0,0,0,223,2026-02-03 06:27:52.827482
WNTR,24.15,24.1,24.15,2275800.0,2297900.0,,,0,0,0,0,0,0,0,0,0,0,223,2026-02-03 06:27:52.827482
SPNG,24.81,24.49,24.81,2147300.0,2066000.0,0,0,0,0,0,0,0,0,0,0,0,0,224,2026-02-03 06:27:53.859976
SMMR,24.68,24.68,24.69,2082100.0,2086200.0,0,0,0,0,0,0,0,0,0,0,0,0,224,2026-02-03 06:27:53.859976
ATMN,24.51,24.17,24.24,2204100.0,2037600.0,0,0,0,0,0,0,0,0,0,0,0,0,224,2026-02-03 06:27:53.859976
WNTR,24.1,24.1,24.15,2256000.0,2274600.0,0,0,0,0,0,0,0,0,0,0,0,0,224,2026-02-03 06:27:53.859976
SPNG,24.98,24.49,24.98,2138600.0,2059900.0,,,0,0,0,0,0,0,0,0,0,0,225,2026-02-03 06:27:54.891597
SMMR,24.66,24.66,24.69,2090200.0,1980600.0,7000.0,,0,0,0,0,0,0,0,0,0,0,225,2026-02-03 06:27:54.891597
ATMN,24.39,24.18,24.39,2075900.0,2018900.0,,5250.0,0,0,0,0,0,0,0,0,0,0,225,2026-02-03 06:27:54.891597
WNTR,24.21,24.24,24.26,2269800.0,2286100.0,,,0,0,0,0,0,0,0,0,0,0,225,2026-02-03 06:27:54.891597
SPNG,24.89,24.89,24.98,2147100.0,2059900.0,0,0,0,0,0,0,0,0,0,0,0,0,226,2026-02-03 06:27:55.928349
SMMR,24.76,24.62,24.76,2062200.0,2076800.0,0,0,0,0,0,0,0,0,0,0,0,0,226,2026-02-03 06:27:55.928349
ATMN,24.36,24.36,24.39,2192100.0,2018900.0,0,0,0,0,0,0,0,0,0,0,0,0,226,2026-02-03 06:27:55.928349
WNTR,24.2,24.2,24.21,2258500.0,2287900.0,0,0,0,0,0,0,0,0,0,0,0,0,226,2026-02-03 06:27:55.928349
SPNG,24.49,24.49,24.94,2150800.0,2030700.0,3500.0,,0,0,0,0,0,0,0,0,0,0,227,2026-02-03 06:27:56.954030
SMMR,24.77,24.62,24.75,2039500.0,1984200.0,7000.0,,0,0,0,0,0,0,0,0,0,0,227,2026-02-03 06:27:56.954030
ATMN,24.37,24.17,24.35,2181300.0,2021500.0,,,0,0,0,0,0,0,0,0,0,0,227,2026-02-03 06:27:56.954030
WNTR,24.21,24.2,24.21,2131600.0,2284700.0,,8750.0,0,0,0,0,0,0,0,0,0,0,227,2026-02-03 06:27:56.954030
SPNG,24.47,24.47,24.62,2138300.0,2124700.0,,0,0,0,0,0,0,0,0,0,0,0,228,2026-02-03 06:27:57.988360
SMMR,24.77,24.62,24.77,2052200.0,2076300.0,,0,0,0,0,0,0,0,0,0,0,0,228,2026-02-03 06:27:57.988360
ATMN,24.35,24.35,24.53,2202900.0,1997200.0,,0,0,0,0,0,0,0,0,0,0,0,228,2026-02-03 06:27:57.988360
WNTR,24.3,24.2,24.3,2131600.0,2307500.0,8750.0,0,0,0,0,0,0,0,0,0,0,0,228,2026-02-03 06:27:57.988360
SPNG,24.47,24.47,24.62,2133500.0,2124700.0,0,0,0,0,0,0,0,0,0,0,0,0,229,2026-02-03 06:27:59.019029
SMMR,24.79,24.62,24.73,2052200.0,2099400.0,0,0,0,0,0,0,0,0,0,0,0,0,229,2026-02-03 06:27:59.019029
ATMN,24.35,24.35,24.48,2202900.0,2021000.0,0,0,0,0,0,0,0,0,0,0,0,0,229,2026-02-03 06:27:59.019029
WNTR,24.31,24.25,24.31,2254300.0,2325800.0,0,0,0,0,0,0,0,0,0,0,0,0,229,2026-02-03 06:27:59.019029
SPNG,24.65,24.47,24.6,2133500.0,2071800.0,3500.0,,0,0,0,0,0,0,0,0,0,0,230,2026-02-03 06:28:00.049803
SMMR,24.6,24.6,24.7,2030400.0,2019600.0,7000.0,,0,0,0,0,0,0,0,0,0,0,230,2026-02-03 06:28:00.049803
ATMN,24.35,24.17,24.27,2181300.0,1956100.0,5250.0,,0,0,0,0,0,0,0,0,0,0,230,2026-02-03 06:28:00.049803
WNTR,24.25,24.26,24.3,2142600.0,2307800.0,,8750.0,0,0,0,0,0,0,0,0,0,0,230,2026-02-03 06:28:00.049803
SPNG,24.6,24.51,24.59,2161400.0,3500.0,2071800.0,0,0,0,0,0,0,0,0,0,0,0,231,2026-02-03 06:28:01.080803
SMMR,24.67,24.6,24.62,2030400.0,,2119900.0,0,0,0,0,0,0,0,0,0,0,0,231,2026-02-03 06:28:01.080803
ATMN,24.48,24.17,24.48,2173000.0,,2056300.0,0,0,0,0,0,0,0,0,0,0,0,231,2026-02-03 06:28:01.080803
WNTR,24.24,24.2,24.24,2234400.0,,2289900.0,0,0,0,0,0,0,0,0,0,0,0,231,2026-02-03 06:28:01.080803
SPNG,24.6,24.78,24.94,2129500.0,2119200.0,0,0,0,0,0,0,0,0,0,0,0,0,232,2026-02-03 06:28:02.139960
SMMR,24.71,24.6,24.69,2065700.0,2136200.0,0,0,0,0,0,0,0,0,0,0,0,0,232,2026-02-03 06:28:02.139960
ATMN,24.16,24.16,24.35,2150200.0,2085200.0,0,0,0,0,0,0,0,0,0,0,0,0,232,2026-02-03 06:28:02.139960
WNTR,24.1,24.1,24.32,2233800.0,2297600.0,0,0,0,0,0,0,0,0,0,0,0,0,232,2026-02-03 06:28:02.139960
SPNG,24.65,24.65,24.94,2109200.0,2119200.0,,,0,0,0,0,0,0,0,0,0,0,233,2026-02-03 06:28:03.184957
SMMR,24.68,24.68,24.79,2031400.0,2116400.0,,,0,0,0,0,0,0,0,0,0,0,233,2026-02-03 06:28:03.184957
ATMN,24.35,24.17,24.35,2044900.0,1979700.0,5250.0,5250.0,0,0,0,0,0,0,0,0,0,0,233,2026-02-03 06:28:03.184957
WNTR,24.32,24.24,24.32,2138200.0,2264300.0,8750.0,,0,0,0,0,0,0,0,0,0,0,233,2026-02-03 06:28:03.184957
SPNG,25.07,24.53,25.07,2115400.0,2072800.0,,0,0,0,0,0,0,0,0,0,0,0,234,2026-02-03 06:28:04.225729
SMMR,24.79,24.8,24.81,2054300.0,2098600.0,,0,0,0,0,0,0,0,0,0,0,0,234,2026-02-03 06:28:04.225729
ATMN,24.48,24.14,24.48,2035500.0,2032600.0,5250.0,0,0,0,0,0,0,0,0,0,0,0,234,2026-02-03 06:28:04.225729
WNTR,24.23,24.28,24.34,2215000.0,2264300.0,,0,0,0,0,0,0,0,0,0,0,0,234,2026-02-03 06:28:04.225729
SPNG,25.1,24.53,25.1,2091600.0,2051700.0,0,0,0,0,0,0,0,0,0,0,0,0,235,2026-02-03 06:28:05.258028
SMMR,24.57,24.57,24.58,2037200.0,2095400.0,0,0,0,0,0,0,0,0,0,0,0,0,235,2026-02-03 06:28:05.258028
ATMN,24.13,24.13,24.48,2137200.0,2032600.0,0,0,0,0,0,0,0,0,0,0,0,0,235,2026-02-03 06:28:05.258028
WNTR,24.23,24.28,24.34,2217200.0,2264300.0,0,0,0,0,0,0,0,0,0,0,0,0,235,2026-02-03 06:28:05.258028
SPNG,24.53,24.53,24.92,2091600.0,3500.0,1960400.0,0,0,0,0,0,0,0,0,0,0,0,236,2026-02-03 06:28:06.291685
SMMR,24.57,24.57,24.72,2030000.0,7000.0,1998100.0,0,0,0,0,0,0,0,0,0,0,0,236,2026-02-03 06:28:06.291685
ATMN,24.12,24.12,24.3,2163700.0,,2075200.0,0,0,0,0,0,0,0,0,0,0,0,236,2026-02-03 06:28:06.291685
WNTR,24.18,24.28,24.32,2219600.0,,2295600.0,0,0,0,0,0,0,0,0,0,0,0,236,2026-02-03 06:28:06.291685
SPNG,24.53,24.53,24.7,2091600.0,2094100.0,,0,0,0,0,0,0,0,0,0,0,0,237,2026-02-03 06:28:07.320526
SMMR,24.6,24.56,24.59,2042200.0,2016000.0,7000.0,0,0,0,0,0,0,0,0,0,0,0,237,2026-02-03 06:28:07.320526
ATMN,24.53,24.12,24.53,2173200.0,2032800.0,,0,0,0,0,0,0,0,0,0,0,0,237,2026-02-03 06:28:07.320526
WNTR,24.34,24.28,24.34,2219600.0,2306100.0,,0,0,0,0,0,0,0,0,0,0,0,237,2026-02-03 06:28:07.320526
SPNG,24.94,24.53,24.94,2091600.0,2066600.0,0,0,0,0,0,0,0,0,0,0,0,0,238,2026-02-03 06:28:07.843512
SMMR,24.6,24.56,24.6,2065900.0,2107900.0,0,0,0,0,0,0,0,0,0,0,0,0,238,2026-02-03 06:28:07.843512
ATMN,24.53,24.12,24.33,2181300.0,2050100.0,0,0,0,0,0,0,0,0,0,0,0,0,238,2026-02-03 06:28:07.843512
WNTR,24.34,24.33,24.34,2211300.0,2306100.0,0,0,0,0,0,0,0,0,0,0,0,0,238,2026-02-03 06:28:07.843512
SPNG,24.94,24.59,24.75,2099200.0,2102200.0,0,0,0,0,0,0,0,0,0,0,0,0,239,2026-02-03 06:28:08.873317
SMMR,24.74,24.74,24.82,2092100.0,2112600.0,0,0,0,0,0,0,0,0,0,0,0,0,239,2026-02-03 06:28:08.873317
ATMN,24.11,24.11,24.33,2196000.0,2050100.0,0,0,0,0,0,0,0,0,0,0,0,0,239,2026-02-03 06:28:08.873317
WNTR,24.28,24.28,24.37,2226400.0,2265300.0,0,0,0,0,0,0,0,0,0,0,0,0,239,2026-02-03 06:28:08.873317
SPNG,24.94,25.44,0.0,200000.0,0,0,0,0,0,0,0,0,0,0,0,0,0,240,2026-02-03 06:28:09.897518
SMMR,24.56,24.18,0.0,200000.0,0,0,0,0,0,0,0,0,0,0,0,0,0,240,2026-02-03 06:28:09.897518
ATMN,24.03,24.25,0.0,200000.0,0,0,0,0,0,0,0,0,0,0,0,0,0,240,2026-02-03 06:28:09.897518
WNTR,24.39,23.77,0.0,200000.0,0,0,0,0,0,0,0,0,0,0,0,0,0,240,2026-02-03 06:28:09.897518
SPNG,25.44,25.44,25.69,994500.0,916400.0,0,0,0,0,0,0,0,0,0,0,0,0,241,2026-02-03 06:28:10.924622
SMMR,24.18,24.18,24.2,837000.0,1019400.0,0,0,0,0,0,0,0,0,0,0,0,0,241,2026-02-03 06:28:10.924622
ATMN,24.9,24.25,24.65,870400.0,1026300.0,0,0,0,0,0,0,0,0,0,0,0,0,241,2026-02-03 06:28:10.924622
WNTR,23.86,23.83,23.86,1045000.0,919000.0,0,0,0,0,0,0,0,0,0,0,0,0,241,2026-02-03 06:28:10.924622
SPNG,25.44,24.87,25.28,1266800.0,1026100.0,0,0,0,0,0,0,0,0,0,0,0,0,242,2026-02-03 06:28:11.953181
SMMR,24.08,24.08,24.2,1095600.0,1019400.0,0,0,0,0,0,0,0,0,0,0,0,0,242,2026-02-03 06:28:11.953181
ATMN,24.35,24.53,24.54,989100.0,1243100.0,0,0,0,0,0,0,0,0,0,0,0,0,242,2026-02-03 06:28:11.953181
WNTR,23.86,23.83,23.86,1273600.0,1037800.0,0,0,0,0,0,0,0,0,0,0,0,0,242,2026-02-03 06:28:11.953181
SPNG,25.69,25.19,25.45,1368300.0,1023900.0,0,0,0,0,0,0,0,0,0,0,0,0,243,2026-02-03 06:28:12.985095
SMMR,24.21,24.2,24.21,1322600.0,918300.0,0,0,0,0,0,0,0,0,0,0,0,0,243,2026-02-03 06:28:12.985095
ATMN,23.46,23.46,24.54,918800.0,1361100.0,0,0,0,0,0,0,0,0,0,0,0,0,243,2026-02-03 06:28:12.985095
WNTR,23.94,23.83,23.93,1368100.0,1121400.0,0,0,0,0,0,0,0,0,0,0,0,0,243,2026-02-03 06:28:12.985095
SPNG,25.69,25.19,25.2,1593000.0,1119500.0,0,0,0,0,0,0,0,0,0,0,0,0,244,2026-02-03 06:28:14.017492
SMMR,24.21,24.42,24.44,1512100.0,932800.0,0,0,0,0,0,0,0,0,0,0,0,0,244,2026-02-03 06:28:14.017492
ATMN,23.46,24.09,24.54,1249800.0,1361100.0,0,0,0,0,0,0,0,0,0,0,0,0,244,2026-02-03 06:28:14.017492
WNTR,23.96,23.83,23.96,1368100.0,991900.0,0,0,0,0,0,0,0,0,0,0,0,0,244,2026-02-03 06:28:14.017492
SPNG,25.2,25.23,25.45,1787000.0,1023900.0,0,0,0,0,0,0,0,0,0,0,0,0,245,2026-02-03 06:28:15.046311
SMMR,24.2,24.2,24.29,1547000.0,1142100.0,0,0,0,0,0,0,0,0,0,0,0,0,245,2026-02-03 06:28:15.046311
ATMN,24.07,24.07,24.54,1372700.0,1470300.0,0,0,0,0,0,0,0,0,0,0,0,0,245,2026-02-03 06:28:15.046311
WNTR,23.83,23.83,23.96,1368100.0,1089000.0,0,0,0,0,0,0,0,0,0,0,0,0,245,2026-02-03 06:28:15.046311
SPNG,25.45,25.34,25.45,1908200.0,3500.0,1115300.0,,0,0,0,0,0,0,0,0,0,0,246,2026-02-03 06:28:16.079037
SMMR,24.18,24.13,24.15,1558300.0,,1260700.0,,0,0,0,0,0,0,0,0,0,0,246,2026-02-03 06:28:16.079037
ATMN,24.54,24.08,24.54,1596100.0,5250.0,1470300.0,,0,0,0,0,0,0,0,0,0,0,246,2026-02-03 06:28:16.079037
WNTR,23.85,23.83,23.85,1368100.0,,1324500.0,8750.0,0,0,0,0,0,0,0,0,0,0,246,2026-02-03 06:28:16.079037
SPNG,25.57,25.34,25.53,2032900.0,1114100.0,0,0,0,0,0,0,0,0,0,0,0,0,247,2026-02-03 06:28:17.108331
SMMR,24.29,24.15,24.29,1731300.0,1142100.0,0,0,0,0,0,0,0,0,0,0,0,0,247,2026-02-03 06:28:17.108331
ATMN,24.54,24.54,24.56,1692700.0,1465600.0,0,0,0,0,0,0,0,0,0,0,0,0,247,2026-02-03 06:28:17.108331
WNTR,23.85,23.83,23.85,1815200.0,1324500.0,0,0,0,0,0,0,0,0,0,0,0,0,247,2026-02-03 06:28:17.108331
SPNG,25.34,25.34,25.53,2122200.0,1231200.0,0,0,0,0,0,0,0,0,0,0,0,0,248,2026-02-03 06:28:18.143597
SMMR,24.26,24.15,24.26,1643200.0,1257900.0,0,0,0,0,0,0,0,0,0,0,0,0,248,2026-02-03 06:28:18.143597
ATMN,24.65,24.75,24.9,1682100.0,1340500.0,0,0,0,0,0,0,0,0,0,0,0,0,248,2026-02-03 06:28:18.143597
WNTR,23.83,23.82,23.83,1796400.0,1236600.0,0,0,0,0,0,0,0,0,0,0,0,0,248,2026-02-03 06:28:18.143597
SPNG,25.77,25.19,25.77,1809600.0,1022200.0,,,0,0,0,0,0,0,0,0,0,0,249,2026-02-03 06:28:19.178442
SMMR,24.26,24.17,24.26,1558300.0,1043000.0,7000.0,,0,0,0,0,0,0,0,0,0,0,249,2026-02-03 06:28:19.178442
ATMN,23.97,24.38,24.4,1698700.0,1454200.0,,,0,0,0,0,0,0,0,0,0,0,249,2026-02-03 06:28:19.178442
WNTR,23.82,23.82,23.83,1794000.0,1362600.0,,8750.0,0,0,0,0,0,0,0,0,0,0,249,2026-02-03 06:28:19.178442
SPNG,25.77,25.19,25.46,1920500.0,1320300.0,0,0,0,0,0,0,0,0,0,0,0,0,250,2026-02-03 06:28:20.222050
SMMR,24.26,24.34,24.44,1759500.0,1034300.0,0,0,0,0,0,0,0,0,0,0,0,0,250,2026-02-03 06:28:20.222050
ATMN,24.4,24.38,24.4,2075900.0,1454200.0,0,0,0,0,0,0,0,0,0,0,0,0,250,2026-02-03 06:28:20.222050
WNTR,23.77,23.77,23.93,1488200.0,1224400.0,0,0,0,0,0,0,0,0,0,0,0,0,250,2026-02-03 06:28:20.222050
SPNG,25.25,25.2,25.25,3500.0,2113000.0,1427100.0,3500.0,0,0,0,0,0,0,0,0,0,0,251,2026-02-03 06:28:21.303699
SMMR,24.2,24.13,24.14,,1652100.0,1327200.0,,0,0,0,0,0,0,0,0,0,0,251,2026-02-03 06:28:21.303699
ATMN,24.39,24.34,24.4,,2229500.0,1454200.0,,0,0,0,0,0,0,0,0,0,0,251,2026-02-03 06:28:21.303699
WNTR,23.93,23.78,23.93,8750.0,1486600.0,1345200.0,,0,0,0,0,0,0,0,0,0,0,251,2026-02-03 06:28:21.303699
SPNG,25.25,25.19,25.25,2246800.0,1427100.0,0,0,0,0,0,0,0,0,0,0,0,0,252,2026-02-03 06:28:22.356639
SMMR,24.14,24.1,24.14,1527700.0,1327200.0,0,0,0,0,0,0,0,0,0,0,0,0,252,2026-02-03 06:28:22.356639
ATMN,24.51,24.34,24.49,2257800.0,1438500.0,0,0,0,0,0,0,0,0,0,0,0,0,252,2026-02-03 06:28:22.356639
WNTR,23.76,23.72,23.75,1376700.0,1578400.0,0,0,0,0,0,0,0,0,0,0,0,0,252,2026-02-03 06:28:22.356639
SPNG,25.61,25.2,25.61,3500.0,2114300.0,1211500.0,,0,0,0,0,0,0,0,0,0,0,253,2026-02-03 06:28:23.403570
SMMR,24.1,24.1,24.13,7000.0,1719300.0,1327200.0,7000.0,0,0,0,0,0,0,0,0,0,0,253,2026-02-03 06:28:23.403570
ATMN,24.49,24.57,24.89,,2221200.0,1340500.0,5250.0,0,0,0,0,0,0,0,0,0,0,253,2026-02-03 06:28:23.403570
WNTR,23.79,23.82,23.91,8750.0,1485300.0,1691000.0,,0,0,0,0,0,0,0,0,0,0,253,2026-02-03 06:28:23.403570
SPNG,25.61,25.76,25.77,3500.0,2095400.0,1305000.0,0,0,0,0,0,0,0,0,0,0,0,254,2026-02-03 06:28:24.435559
SMMR,24.2,24.15,24.2,,1972800.0,1135500.0,0,0,0,0,0,0,0,0,0,0,0,254,2026-02-03 06:28:24.435559
