ticker,last_price,bid_price,ask_price,BUY_ANON,BUY_LAVL-1,SELL_ANON,BUY_WRSW-2,SELL_WRSW-1,SELL_COLA-1,BUY_NAIT-1,BUY_WRSW-1,SELL_BRCH-1,SELL_WRSW-3,SELL_UOTB-2,SELL_UOTB-1,BUY_UEBR-1,BUY_COLA-3,SELL_LAVL-1,BUY_WRSW-3,BUY_BRCH-1,SELL_UEBR-1,BUY_UOTB-1,BUY_UOTB-2,BUY_UOTB-3,SELL_COLA-3,SELL_WRSW-2,BUY_COLA-1,SELL_UOTB-3,SELL_NAIT-1,tick,timestamp,news_news_id,news_period,news_tick,news_ticker,news_headline,news_body
SPNG,24.92,24.92,24.95,2033900.0,3333.0,2150200.0,0,0,0,0,0,0,0,0,0,0,0,0,0,0,0,0,0,0,0,0,0,0,0,1,2026-02-04 15:59:53.783340,2.0,1.0,1.0,,Aggregate Position Limit,Your CRO has set the aggregate position limit to 11000 shares for this week.
SMMR,24.94,24.94,25.1,2098800.0,,2169800.0,0,0,0,0,0,0,0,0,0,0,0,0,0,0,0,0,0,0,0,0,0,0,0,1,2026-02-04 15:59:53.783340,1.0,1.0,1.0,,Welcome to the RITC 2026 Alogithmic Market Making Case - practice server,
ATMN,24.98,24.98,25.0,1994300.0,5000.0,1920400.0,0,0,0,0,0,0,0,0,0,0,0,0,0,0,0,0,0,0,0,0,0,0,0,1,2026-02-04 15:59:53.783340,,,,,,
WNTR,24.96,24.96,24.99,2043700.0,16666.0,1857600.0,0,0,0,0,0,0,0,0,0,0,0,0,0,0,0,0,0,0,0,0,0,0,0,1,2026-02-04 15:59:53.783340,,,,,,
SPNG,25.67,24.92,25.66,1913800.0,6666.0,2038200.0,,0,0,0,0,0,0,0,0,0,0,0,0,0,0,0,0,0,0,0,0,0,0,2,2026-02-04 15:59:54.827820
SMMR,24.94,24.94,25.02,1788000.0,19998.0,2140300.0,,0,0,0,0,0,0,0,0,0,0,0,0,0,0,0,0,0,0,0,0,0,0,2,2026-02-04 15:59:54.827820
ATMN,24.96,24.96,25.0,1702700.0,20000.0,2028700.0,,0,0,0,0,0,0,0,0,0,0,0,0,0,0,0,0,0,0,0,0,0,0,2,2026-02-04 15:59:54.827820
WNTR,24.96,24.96,24.99,1809800.0,33332.0,1974600.0,5002.0,0,0,0,0,0,0,0,0,0,0,0,0,0,0,0,0,0,0,0,0,0,0,2,2026-02-04 15:59:54.827820
SPNG,25.13,24.92,25.13,1913800.0,6666.0,2239900.0,,0,0,0,0,0,0,0,0,0,0,0,0,0,0,0,0,0,0,0,0,0,0,3,2026-02-04 15:59:55.866309
SMMR,24.94,24.94,25.08,1511200.0,39996.0,2152800.0,,0,0,0,0,0,0,0,0,0,0,0,0,0,0,0,0,0,0,0,0,0,0,3,2026-02-04 15:59:55.866309
ATMN,24.96,24.96,25.0,1434500.0,30000.0,2025100.0,,0,0,0,0,0,0,0,0,0,0,0,0,0,0,0,0,0,0,0,0,0,0,3,2026-02-04 15:59:55.866309
WNTR,24.99,25.02,25.16,1830200.0,31599.0,1994900.0,5002.0,0,0,0,0,0,0,0,0,0,0,0,0,0,0,0,0,0,0,0,0,0,0,3,2026-02-04 15:59:55.866309
SPNG,25.13,24.92,25.13,1948000.0,6666.0,2003400.0,6666.0,0,0,0,0,0,0,0,0,0,0,0,0,0,0,0,0,0,0,0,0,0,0,4,2026-02-04 15:59:56.903930
SMMR,24.96,25.06,25.08,1226300.0,59994.0,2152800.0,,0,0,0,0,0,0,0,0,0,0,0,0,0,0,0,0,0,0,0,0,0,0,4,2026-02-04 15:59:56.903930
ATMN,24.96,24.96,25.0,1090100.0,45000.0,2025100.0,,0,0,0,0,0,0,0,0,0,0,0,0,0,0,0,0,0,0,0,0,0,0,4,2026-02-04 15:59:56.903930
WNTR,24.94,24.88,24.93,1816200.0,31599.0,2111300.0,5002.0,0,0,0,0,0,0,0,0,0,0,0,0,0,0,0,0,0,0,0,0,0,0,4,2026-02-04 15:59:56.903930
SPNG,24.92,24.92,25.02,1950700.0,6666.0,1648800.0,16665.0,0,0,0,0,0,0,0,0,0,0,0,0,0,0,0,0,0,0,0,0,0,0,5,2026-02-04 15:59:57.939352
SMMR,24.93,24.93,25.08,1190200.0,59994.0,2168700.0,,0,0,0,0,0,0,0,0,0,0,0,0,0,0,0,0,0,0,0,0,0,0,5,2026-02-04 15:59:57.939352
ATMN,24.96,24.96,25.0,777700.0,60000.0,2010500.0,,0,0,0,0,0,0,0,0,0,0,0,0,0,0,0,0,0,0,0,0,0,0,5,2026-02-04 15:59:57.939352
WNTR,24.78,24.78,25.16,2190300.0,8333.0,2085300.0,5002.0,0,0,0,0,0,0,0,0,0,0,0,0,0,0,0,0,0,0,0,0,0,0,5,2026-02-04 15:59:57.939352
SPNG,24.92,24.92,25.02,1930600.0,6666.0,1545500.0,19998.0,0,0,0,0,0,0,0,0,0,0,0,0,0,0,0,0,0,0,0,0,0,0,6,2026-02-04 15:59:58.974367
SMMR,24.91,25.06,25.1,1394200.0,46662.0,2097000.0,6666.0,0,0,0,0,0,0,0,0,0,0,0,0,0,0,0,0,0,0,0,0,0,0,6,2026-02-04 15:59:58.974367
ATMN,25.06,24.92,25.06,680600.0,65000.0,2030200.0,,0,0,0,0,0,0,0,0,0,0,0,0,0,0,0,0,0,0,0,0,0,0,6,2026-02-04 15:59:58.974367
WNTR,24.78,24.78,25.04,2190300.0,8333.0,1991800.0,13335.0,0,0,0,0,0,0,0,0,0,0,0,0,0,0,0,0,0,0,0,0,0,0,6,2026-02-04 15:59:58.974367
SPNG,24.92,24.98,25.02,1988700.0,6666.0,1301200.0,26664.0,0,0,0,0,0,0,0,0,0,0,0,0,0,0,0,0,0,0,0,0,0,0,7,2026-02-04 16:00:00.015967
SMMR,25.06,25.07,25.08,1386900.0,46662.0,1880400.0,19998.0,0,0,0,0,0,0,0,0,0,0,0,0,0,0,0,0,0,0,0,0,0,0,7,2026-02-04 16:00:00.015967
ATMN,25.08,25.04,25.08,585600.0,70000.0,1931600.0,,0,0,0,0,0,0,0,0,0,0,0,0,0,0,0,0,0,0,0,0,0,0,7,2026-02-04 16:00:00.015967
WNTR,25.17,24.87,25.17,2095000.0,14900.0,1955200.0,9935.0,0,0,0,0,0,0,0,0,0,0,0,0,0,0,0,0,0,0,0,0,0,0,7,2026-02-04 16:00:00.015967
SPNG,24.92,24.98,25.02,1988700.0,6666.0,1053700.0,33330.0,0,0,0,0,0,0,0,0,0,0,0,0,0,0,0,0,0,0,0,0,0,0,8,2026-02-04 16:00:00.556863
SMMR,25.08,25.07,25.08,1395200.0,46662.0,1665600.0,33330.0,0,0,0,0,0,0,0,0,0,0,0,0,0,0,0,0,0,0,0,0,0,0,8,2026-02-04 16:00:00.556863
ATMN,25.13,24.96,25.13,382700.0,80000.0,1844200.0,,0,0,0,0,0,0,0,0,0,0,0,0,0,0,0,0,0,0,0,0,0,0,8,2026-02-04 16:00:00.556863
WNTR,25.17,24.97,24.99,1935500.0,21467.0,1995700.0,9935.0,0,0,0,0,0,0,0,0,0,0,0,0,0,0,0,0,0,0,0,0,0,0,8,2026-02-04 16:00:00.556863
SPNG,24.91,24.91,25.02,1954500.0,6666.0,803000.0,39996.0,0,0,0,0,0,0,0,0,0,0,0,0,0,0,0,0,0,0,0,0,0,0,9,2026-02-04 16:00:01.616964
SMMR,24.9,24.9,25.01,1685300.0,26664.0,1469500.0,46662.0,0,0,0,0,0,0,0,0,0,0,0,0,0,0,0,0,0,0,0,0,0,0,9,2026-02-04 16:00:01.616964
ATMN,25.17,24.96,25.17,204600.0,90000.0,1765800.0,,0,0,0,0,0,0,0,0,0,0,0,0,0,0,0,0,0,0,0,0,0,0,9,2026-02-04 16:00:01.616964
WNTR,24.97,24.92,24.95,1731700.0,34601.0,2043900.0,9935.0,0,0,0,0,0,0,0,0,0,0,0,0,0,0,0,0,0,0,0,0,0,0,9,2026-02-04 16:00:01.616964
SPNG,25.05,24.91,25.05,1963800.0,6666.0,817400.0,39996.0,0,0,0,0,0,0,0,0,0,0,0,0,0,0,0,0,0,0,0,0,0,0,10,2026-02-04 16:00:02.733036
SMMR,25.03,24.9,25.03,1685300.0,26664.0,1443900.0,46662.0,0,0,0,0,0,0,0,0,0,0,0,0,0,0,0,0,0,0,0,0,0,0,10,2026-02-04 16:00:02.733036
ATMN,25.17,24.96,25.01,414500.0,80000.0,1858900.0,,0,0,0,0,0,0,0,0,0,0,0,0,0,0,0,0,0,0,0,0,0,0,10,2026-02-04 16:00:02.733036
WNTR,24.83,24.83,24.95,2060100.0,14900.0,2029600.0,9935.0,0,0,0,0,0,0,0,0,0,0,0,0,0,0,0,0,0,0,0,0,0,0,10,2026-02-04 16:00:02.733036
SPNG,24.91,24.91,25.05,1993200.0,6666.0,811700.0,39996.0,0,0,0,0,0,0,0,0,0,0,0,0,0,0,0,0,0,0,0,0,0,0,11,2026-02-04 16:00:03.894814
SMMR,24.89,24.89,25.03,1665900.0,26664.0,1331300.0,53328.0,0,0,0,0,0,0,0,0,0,0,0,0,0,0,0,0,0,0,0,0,0,0,11,2026-02-04 16:00:03.894814
ATMN,25.17,24.96,25.13,414500.0,80000.0,1849700.0,,0,0,0,0,0,0,0,0,0,0,0,0,0,0,0,0,0,0,0,0,0,0,11,2026-02-04 16:00:03.894814
WNTR,24.99,24.95,24.99,2168900.0,8333.0,1891600.0,18268.0,0,0,0,0,0,0,0,0,0,0,0,0,0,0,0,0,0,0,0,0,0,0,11,2026-02-04 16:00:03.894814
SPNG,24.77,24.77,25.02,2097200.0,3333.0,845200.0,39996.0,0,0,0,0,0,0,0,0,0,0,0,0,0,0,0,0,0,0,0,0,0,0,12,2026-02-04 16:00:04.939920
SMMR,25.1,24.89,25.06,1665900.0,26664.0,1333700.0,53328.0,0,0,0,0,0,0,0,0,0,0,0,0,0,0,0,0,0,0,0,0,0,0,12,2026-02-04 16:00:04.939920
ATMN,25.17,24.99,25.05,532900.0,75000.0,2047700.0,,0,0,0,0,0,0,0,0,0,0,0,0,0,0,0,0,0,0,0,0,0,0,12,2026-02-04 16:00:04.939920
WNTR,24.99,24.95,24.99,2192000.0,8333.0,1615600.0,43267.0,0,0,0,0,0,0,0,0,0,0,0,0,0,0,0,0,0,0,0,0,0,0,12,2026-02-04 16:00:04.939920
SPNG,24.99,24.99,25.0,2082900.0,3333.0,43329.0,755000.0,0,0,0,0,0,0,0,0,0,0,0,0,0,0,0,0,0,0,0,0,0,0,13,2026-02-04 16:00:05.991428
SMMR,25.08,24.89,25.08,1454600.0,31728.0,46662.0,1430100.0,0,0,0,0,0,0,0,0,0,0,0,0,0,0,0,0,0,0,0,0,0,0,13,2026-02-04 16:00:05.991428
ATMN,25.17,24.99,25.03,532900.0,74337.0,,1982600.0,0,0,0,0,0,0,0,0,0,0,0,0,0,0,0,0,0,0,0,0,0,0,13,2026-02-04 16:00:05.991428
WNTR,25.08,24.95,25.08,2182100.0,8333.0,9935.0,1962500.0,0,0,0,0,0,0,0,0,0,0,0,0,0,0,0,0,0,0,0,0,0,0,13,2026-02-04 16:00:05.991428
SPNG,25.02,24.75,25.02,2095700.0,3333.0,845200.0,39996.0,0,0,0,0,0,0,0,0,0,0,0,0,0,0,0,0,0,0,0,0,0,0,14,2026-02-04 16:00:07.074790
SMMR,24.99,24.99,25.12,1277500.0,45060.0,1536800.0,39996.0,0,0,0,0,0,0,0,0,0,0,0,0,0,0,0,0,0,0,0,0,0,0,14,2026-02-04 16:00:07.074790
ATMN,25.29,24.94,25.29,504500.0,73674.0,1763100.0,,0,0,0,0,0,0,0,0,0,0,0,0,0,0,0,0,0,0,0,0,0,0,14,2026-02-04 16:00:07.074790
WNTR,25.2,24.96,25.2,1949100.0,20766.0,2031500.0,,0,0,0,0,0,0,0,0,0,0,0,0,0,0,0,0,0,0,0,0,0,0,14,2026-02-04 16:00:07.074790
SPNG,24.75,24.75,25.02,2078800.0,3333.0,845200.0,39996.0,0,0,0,0,0,0,0,0,0,0,0,0,0,0,0,0,0,0,0,0,0,0,15,2026-02-04 16:00:07.641512
SMMR,24.99,24.9,24.92,1273100.0,45060.0,1519400.0,39996.0,0,0,0,0,0,0,0,0,0,0,0,0,0,0,0,0,0,0,0,0,0,0,15,2026-02-04 16:00:07.641512
ATMN,24.92,24.92,25.29,301400.0,83674.0,1763100.0,,0,0,0,0,0,0,0,0,0,0,0,0,0,0,0,0,0,0,0,0,0,0,15,2026-02-04 16:00:07.641512
WNTR,25.2,24.96,25.2,1949100.0,20766.0,2031500.0,,0,0,0,0,0,0,0,0,0,0,0,0,0,0,0,0,0,0,0,0,0,0,15,2026-02-04 16:00:07.641512
SPNG,24.75,24.88,25.02,2085300.0,3333.0,878300.0,39996.0,0,0,0,0,0,0,0,0,0,0,0,0,0,0,0,0,0,0,0,0,0,0,16,2026-02-04 16:00:08.678907
SMMR,24.99,24.9,24.92,1253800.0,45060.0,1519400.0,39996.0,0,0,0,0,0,0,0,0,0,0,0,0,0,0,0,0,0,0,0,0,0,0,16,2026-02-04 16:00:08.678907
ATMN,25.17,24.96,24.97,386000.0,78674.0,1973900.0,,0,0,0,0,0,0,0,0,0,0,0,0,0,0,0,0,0,0,0,0,0,0,16,2026-02-04 16:00:08.678907
WNTR,24.91,25.14,25.16,2305600.0,,2031500.0,8333.0,0,0,0,0,0,0,0,0,0,0,0,0,0,0,0,0,0,0,0,0,0,0,16,2026-02-04 16:00:08.678907
SPNG,24.93,24.88,24.93,1774300.0,13332.0,896600.0,39996.0,0,0,0,0,0,0,0,0,0,0,0,0,0,0,0,0,0,0,0,0,0,0,17,2026-02-04 16:00:09.733644
SMMR,24.92,24.9,24.92,1253800.0,45060.0,1492700.0,39996.0,0,0,0,0,0,0,0,0,0,0,0,0,0,0,0,0,0,0,0,0,0,0,17,2026-02-04 16:00:09.733644
ATMN,25.1,25.1,25.29,608600.0,68674.0,1852300.0,5000.0,0,0,0,0,0,0,0,0,0,0,0,0,0,0,0,0,0,0,0,0,0,0,17,2026-02-04 16:00:09.733644
WNTR,24.9,25.09,25.14,2199100.0,8333.0,1830600.0,24999.0,0,0,0,0,0,0,0,0,0,0,0,0,0,0,0,0,0,0,0,0,0,0,17,2026-02-04 16:00:09.733644
SPNG,24.74,24.8,25.0,6666.0,1991300.0,43329.0,746400.0,0,0,0,0,0,0,0,0,0,0,0,0,0,0,0,0,0,0,0,0,0,0,18,2026-02-04 16:00:10.843699
SMMR,24.97,24.9,24.94,45060.0,1253800.0,39996.0,1498600.0,0,0,0,0,0,0,0,0,0,0,0,0,0,0,0,0,0,0,0,0,0,0,18,2026-02-04 16:00:10.843699
ATMN,25.02,25.14,25.23,73674.0,518900.0,20000.0,1652400.0,0,0,0,0,0,0,0,0,0,0,0,0,0,0,0,0,0,0,0,0,0,0,18,2026-02-04 16:00:10.843699
WNTR,25.03,25.12,25.14,8333.0,2217200.0,49998.0,1578800.0,0,0,0,0,0,0,0,0,0,0,0,0,0,0,0,0,0,0,0,0,0,0,18,2026-02-04 16:00:10.843699
SPNG,25.05,24.65,24.76,2124500.0,3333.0,43329.0,746400.0,0,0,0,0,0,0,0,0,0,0,0,0,0,0,0,0,0,0,0,0,0,0,19,2026-02-04 16:00:11.905451
SMMR,24.97,24.9,24.94,1132900.0,47592.0,39996.0,1483700.0,0,0,0,0,0,0,0,0,0,0,0,0,0,0,0,0,0,0,0,0,0,0,19,2026-02-04 16:00:11.905451
ATMN,25.02,25.14,25.23,518900.0,73674.0,30000.0,1413300.0,0,0,0,0,0,0,0,0,0,0,0,0,0,0,0,0,0,0,0,0,0,0,19,2026-02-04 16:00:11.905451
WNTR,25.12,24.94,24.98,2344700.0,,74997.0,1225700.0,0,0,0,0,0,0,0,0,0,0,0,0,0,0,0,0,0,0,0,0,0,0,19,2026-02-04 16:00:11.905451
SPNG,25.05,24.65,24.76,2123400.0,3333.0,49995.0,530500.0,0,0,0,0,0,0,0,0,0,0,0,0,0,0,0,0,0,0,0,0,0,0,20,2026-02-04 16:00:12.949705
SMMR,24.94,24.9,24.94,1132900.0,47592.0,39996.0,1513900.0,0,0,0,0,0,0,0,0,0,0,0,0,0,0,0,0,0,0,0,0,0,0,20,2026-02-04 16:00:12.949705
ATMN,25.02,25.14,25.23,518900.0,73674.0,45000.0,1079000.0,0,0,0,0,0,0,0,0,0,0,0,0,0,0,0,0,0,0,0,0,0,0,20,2026-02-04 16:00:12.949705
WNTR,25.14,25.14,25.16,2111600.0,15934.0,58331.0,1458800.0,0,0,0,0,0,0,0,0,0,0,0,0,0,0,0,0,0,0,0,0,0,0,20,2026-02-04 16:00:12.949705
SPNG,24.81,24.65,24.73,2123400.0,3333.0,819000.0,39996.0,0,0,0,0,0,0,0,0,0,0,0,0,0,0,0,0,0,0,0,0,0,0,21,2026-02-04 16:00:13.993555
SMMR,25.0,24.9,25.0,1272800.0,45060.0,1521500.0,39996.0,0,0,0,0,0,0,0,0,0,0,0,0,0,0,0,0,0,0,0,0,0,0,21,2026-02-04 16:00:13.993555
ATMN,25.02,25.14,25.23,518900.0,73674.0,859700.0,55000.0,0,0,0,0,0,0,0,0,0,0,0,0,0,0,0,0,0,0,0,0,0,0,21,2026-02-04 16:00:13.993555
WNTR,25.05,24.94,24.96,2344700.0,,1380900.0,66298.0,0,0,0,0,0,0,0,0,0,0,0,0,0,0,0,0,0,0,0,0,0,0,21,2026-02-04 16:00:13.993555
SPNG,24.86,24.65,24.68,2034500.0,6666.0,827500.0,39996.0,0,0,0,0,0,0,0,0,0,0,0,0,0,0,0,0,0,0,0,0,0,0,22,2026-02-04 16:00:15.031429
SMMR,25.07,25.0,25.07,1048500.0,50124.0,1532900.0,39996.0,0,0,0,0,0,0,0,0,0,0,0,0,0,0,0,0,0,0,0,0,0,0,22,2026-02-04 16:00:15.031429
ATMN,24.92,24.92,25.2,301400.0,83674.0,770000.0,60000.0,0,0,0,0,0,0,0,0,0,0,0,0,0,0,0,0,0,0,0,0,0,0,22,2026-02-04 16:00:15.031429
WNTR,24.94,24.94,24.96,2354100.0,,1008100.0,90931.0,0,0,0,0,0,0,0,0,0,0,0,0,0,0,0,0,0,0,0,0,0,0,22,2026-02-04 16:00:15.031429
SPNG,25.1,24.65,25.1,1809600.0,13332.0,26664.0,1269900.0,0,0,0,0,0,0,0,0,0,0,0,0,0,0,0,0,0,0,0,0,0,0,23,2026-02-04 16:00:16.068502
SMMR,25.12,24.89,25.12,1379800.0,38394.0,39996.0,1535900.0,0,0,0,0,0,0,0,0,0,0,0,0,0,0,0,0,0,0,0,0,0,0,23,2026-02-04 16:00:16.068502
ATMN,24.91,24.91,24.93,329200.0,84337.0,60000.0,830500.0,0,0,0,0,0,0,0,0,0,0,0,0,0,0,0,0,0,0,0,0,0,0,23,2026-02-04 16:00:16.068502
WNTR,24.9,24.9,24.96,2209500.0,8333.0,99264.0,892000.0,0,0,0,0,0,0,0,0,0,0,0,0,0,0,0,0,0,0,0,0,0,0,23,2026-02-04 16:00:16.068502
SPNG,24.8,24.86,25.1,1712000.0,16665.0,26664.0,1269900.0,0,0,0,0,0,0,0,0,0,0,0,0,0,0,0,0,0,0,0,0,0,0,24,2026-02-04 16:00:17.100397
SMMR,25.12,25.03,25.11,1363800.0,38394.0,53328.0,1293300.0,0,0,0,0,0,0,0,0,0,0,0,0,0,0,0,0,0,0,0,0,0,0,24,2026-02-04 16:00:17.100397
ATMN,24.91,24.91,24.93,329200.0,84337.0,50000.0,1009400.0,0,0,0,0,0,0,0,0,0,0,0,0,0,0,0,0,0,0,0,0,0,0,24,2026-02-04 16:00:17.100397
WNTR,24.9,24.87,24.88,1951700.0,5184.0,99264.0,875600.0,0,0,0,0,0,0,0,0,0,0,0,0,0,0,0,0,0,0,0,0,0,0,24,2026-02-04 16:00:17.100397
SPNG,25.13,24.86,25.13,1585700.0,19998.0,1630100.0,16665.0,0,0,0,0,0,0,0,0,0,0,0,0,0,0,0,0,0,0,0,0,0,0,25,2026-02-04 16:00:17.637669
SMMR,25.0,25.0,25.11,1385100.0,38394.0,1169400.0,59994.0,0,0,0,0,0,0,0,0,0,0,0,0,0,0,0,0,0,0,0,0,0,0,25,2026-02-04 16:00:17.637669
ATMN,24.84,24.78,24.82,1927200.0,5000.0,1127400.0,45000.0,0,0,0,0,0,0,0,0,0,0,0,0,0,0,0,0,0,0,0,0,0,0,25,2026-02-04 16:00:17.637669
WNTR,24.96,24.91,24.96,1961400.0,5184.0,870500.0,99264.0,0,0,0,0,0,0,0,0,0,0,0,0,0,0,0,0,0,0,0,0,0,0,25,2026-02-04 16:00:17.637669
SPNG,24.83,24.83,24.84,1712200.0,16665.0,1599000.0,16665.0,0,0,0,0,0,0,0,0,0,0,0,0,0,0,0,0,0,0,0,0,0,0,26,2026-02-04 16:00:18.680380
SMMR,25.13,24.89,25.13,1343700.0,38394.0,1311500.0,53328.0,0,0,0,0,0,0,0,0,0,0,0,0,0,0,0,0,0,0,0,0,0,0,26,2026-02-04 16:00:18.680380
ATMN,24.78,24.78,24.86,1927200.0,5000.0,1097600.0,45000.0,0,0,0,0,0,0,0,0,0,0,0,0,0,0,0,0,0,0,0,0,0,0,26,2026-02-04 16:00:18.680380
WNTR,25.13,25.12,25.13,1963600.0,5184.0,1242200.0,74265.0,0,0,0,0,0,0,0,0,0,0,0,0,0,0,0,0,0,0,0,0,0,0,26,2026-02-04 16:00:18.680380
SPNG,24.63,24.63,24.99,1837800.0,13332.0,17392.0,1476400.0,0,0,0,0,0,0,0,0,0,0,0,0,0,0,0,0,0,0,0,0,0,0,27,2026-02-04 16:00:19.723789
SMMR,24.93,24.89,24.93,1371300.0,38394.0,53328.0,1310300.0,0,0,0,0,0,0,0,0,0,0,0,0,0,0,0,0,0,0,0,0,0,0,27,2026-02-04 16:00:19.723789
ATMN,24.78,24.71,24.72,1924400.0,5000.0,45000.0,1121400.0,0,0,0,0,0,0,0,0,0,0,0,0,0,0,0,0,0,0,0,0,0,0,27,2026-02-04 16:00:19.723789
WNTR,25.12,25.06,25.11,1839000.0,13517.0,57965.0,1489700.0,0,0,0,0,0,0,0,0,0,0,0,0,0,0,0,0,0,0,0,0,0,0,27,2026-02-04 16:00:19.723789
SPNG,24.63,24.9,24.91,1822100.0,13332.0,24058.0,1243400.0,0,0,0,0,0,0,0,0,0,0,0,0,0,0,0,0,0,0,0,0,0,0,28,2026-02-04 16:00:20.777538
SMMR,25.15,24.89,25.15,1371300.0,38394.0,53328.0,1313700.0,0,0,0,0,0,0,0,0,0,0,0,0,0,0,0,0,0,0,0,0,0,0,28,2026-02-04 16:00:20.777538
ATMN,24.72,24.74,24.82,1932400.0,5000.0,50000.0,1009400.0,0,0,0,0,0,0,0,0,0,0,0,0,0,0,0,0,0,0,0,0,0,0,28,2026-02-04 16:00:20.777538
WNTR,24.91,24.91,24.95,1703600.0,21850.0,57965.0,1493400.0,0,0,0,0,0,0,0,0,0,0,0,0,0,0,0,0,0,0,0,0,0,0,28,2026-02-04 16:00:20.777538
SPNG,24.9,24.9,25.09,1822100.0,13332.0,1594500.0,16665.0,0,0,0,0,0,0,0,0,0,0,0,0,0,0,0,0,0,0,0,0,0,0,29,2026-02-04 16:00:21.813519
SMMR,24.88,24.88,25.15,1352300.0,30126.0,1313700.0,53328.0,0,0,0,0,0,0,0,0,0,0,0,0,0,0,0,0,0,0,0,0,0,0,29,2026-02-04 16:00:21.813519
ATMN,24.74,24.74,24.98,1932400.0,5000.0,1063000.0,45000.0,0,0,0,0,0,0,0,0,0,0,0,0,0,0,0,0,0,0,0,0,0,0,29,2026-02-04 16:00:21.813519
WNTR,25.11,24.91,25.11,1488100.0,38516.0,1489700.0,57965.0,0,0,0,0,0,0,0,0,0,0,0,0,0,0,0,0,0,0,0,0,0,0,29,2026-02-04 16:00:21.813519
SPNG,25.12,24.91,25.01,16665.0,1722500.0,19998.0,1481700.0,0,0,0,0,0,0,0,0,0,0,0,0,0,0,0,0,0,0,0,0,0,0,30,2026-02-04 16:00:22.846017
SMMR,24.94,24.88,24.94,30126.0,1352300.0,73326.0,998300.0,0,0,0,0,0,0,0,0,0,0,0,0,0,0,0,0,0,0,0,0,0,0,30,2026-02-04 16:00:22.846017
ATMN,24.91,24.91,24.98,10000.0,1808400.0,45000.0,1063000.0,0,0,0,0,0,0,0,0,0,0,0,0,0,0,0,0,0,0,0,0,0,0,30,2026-02-04 16:00:22.846017
WNTR,25.11,24.94,25.11,63515.0,1169600.0,57965.0,1461400.0,0,0,0,0,0,0,0,0,0,0,0,0,0,0,0,0,0,0,0,0,0,0,30,2026-02-04 16:00:22.846017
SPNG,24.64,24.86,25.01,14113.0,1768100.0,19998.0,1481700.0,0,0,0,0,0,0,0,0,0,0,0,0,0,0,0,0,0,0,0,0,0,0,31,2026-02-04 16:00:23.921021
SMMR,25.06,24.95,25.04,34662.0,1385200.0,59994.0,1190600.0,0,0,0,0,0,0,0,0,0,0,0,0,0,0,0,0,0,0,0,0,0,0,31,2026-02-04 16:00:23.921021
ATMN,24.77,24.74,24.75,5000.0,1932400.0,44337.0,1058600.0,0,0,0,0,0,0,0,0,0,0,0,0,0,0,0,0,0,0,0,0,0,0,31,2026-02-04 16:00:23.921021
WNTR,25.16,25.1,25.16,76725.0,1153700.0,57965.0,1454300.0,0,0,0,0,0,0,0,0,0,0,0,0,0,0,0,0,0,0,0,0,0,0,31,2026-02-04 16:00:23.921021
SPNG,24.88,24.92,25.01,1373300.0,16456.0,19998.0,1487500.0,0,0,0,0,0,0,0,0,0,0,0,0,0,0,0,0,0,0,0,0,0,0,32,2026-02-04 16:00:24.961602
SMMR,25.06,24.95,24.99,1189400.0,44262.0,59994.0,1172200.0,0,0,0,0,0,0,0,0,0,0,0,0,0,0,0,0,0,0,0,0,0,0,32,2026-02-04 16:00:24.961602
ATMN,24.77,24.74,24.75,1891300.0,5000.0,49337.0,969400.0,0,0,0,0,0,0,0,0,0,0,0,0,0,0,0,0,0,0,0,0,0,0,32,2026-02-04 16:00:24.961602
WNTR,25.0,25.07,25.16,1053400.0,78222.0,57965.0,1454300.0,0,0,0,0,0,0,0,0,0,0,0,0,0,0,0,0,0,0,0,0,0,0,32,2026-02-04 16:00:24.961602
SPNG,24.83,24.86,25.01,13123.0,1515100.0,23331.0,1382400.0,0,0,0,0,0,0,0,0,0,0,0,0,0,0,0,0,0,0,0,0,0,0,33,2026-02-04 16:00:26.011154
SMMR,24.99,25.0,25.04,51996.0,958500.0,59994.0,1174700.0,0,0,0,0,0,0,0,0,0,0,0,0,0,0,0,0,0,0,0,0,0,0,33,2026-02-04 16:00:26.011154
ATMN,25.0,24.9,25.0,5000.0,1928400.0,49337.0,975300.0,0,0,0,0,0,0,0,0,0,0,0,0,0,0,0,0,0,0,0,0,0,0,33,2026-02-04 16:00:26.011154
WNTR,25.07,25.01,25.06,82713.0,686400.0,57965.0,1461200.0,0,0,0,0,0,0,0,0,0,0,0,0,0,0,0,0,0,0,0,0,0,0,33,2026-02-04 16:00:26.011154
SPNG,24.86,24.86,25.13,1577300.0,12342.0,1587400.0,16665.0,0,0,0,0,0,0,0,0,0,0,0,0,0,0,0,0,0,0,0,0,0,0,34,2026-02-04 16:00:27.053489
SMMR,25.04,25.06,25.07,1040800.0,45330.0,1170600.0,59994.0,0,0,0,0,0,0,0,0,0,0,0,0,0,0,0,0,0,0,0,0,0,0,34,2026-02-04 16:00:27.053489
ATMN,24.93,24.75,24.93,1784400.0,10000.0,947900.0,49337.0,0,0,0,0,0,0,0,0,0,0,0,0,0,0,0,0,0,0,0,0,0,0,34,2026-02-04 16:00:27.053489
WNTR,25.17,25.05,25.17,1023600.0,65012.0,1460200.0,57965.0,0,0,0,0,0,0,0,0,0,0,0,0,0,0,0,0,0,0,0,0,0,0,34,2026-02-04 16:00:27.053489
SPNG,24.76,24.89,25.11,16665.0,1702600.0,1587600.0,16665.0,0,0,0,0,0,0,0,0,0,0,0,0,0,0,0,0,0,0,0,0,0,0,35,2026-02-04 16:00:28.096738
SMMR,25.06,25.0,25.02,54930.0,854200.0,1161000.0,59994.0,0,0,0,0,0,0,0,0,0,0,0,0,0,0,0,0,0,0,0,0,0,0,35,2026-02-04 16:00:28.096738
ATMN,25.02,24.78,25.02,20000.0,1574600.0,858000.0,54337.0,0,0,0,0,0,0,0,0,0,0,0,0,0,0,0,0,0,0,0,0,0,0,35,2026-02-04 16:00:28.096738
WNTR,24.89,24.89,24.99,40013.0,1361700.0,1221100.0,74631.0,0,0,0,0,0,0,0,0,0,0,0,0,0,0,0,0,0,0,0,0,0,0,35,2026-02-04 16:00:28.096738
SPNG,24.83,24.83,25.1,1828900.0,13332.0,1638300.0,16665.0,0,0,0,0,0,0,0,0,0,0,0,0,0,0,0,0,0,0,0,0,0,0,36,2026-02-04 16:00:29.152844
SMMR,24.95,24.95,25.02,850100.0,56796.0,1154500.0,59994.0,0,0,0,0,0,0,0,0,0,0,0,0,0,0,0,0,0,0,0,0,0,0,36,2026-02-04 16:00:29.152844
ATMN,24.71,24.71,25.03,1887200.0,5000.0,952900.0,50000.0,0,0,0,0,0,0,0,0,0,0,0,0,0,0,0,0,0,0,0,0,0,0,36,2026-02-04 16:00:29.152844
WNTR,24.87,24.87,24.99,1457800.0,38516.0,1191100.0,74631.0,0,0,0,0,0,0,0,0,0,0,0,0,0,0,0,0,0,0,0,0,0,0,36,2026-02-04 16:00:29.152844
SPNG,24.92,24.83,24.92,1792500.0,13332.0,1428000.0,17369.0,0,0,0,0,0,0,0,0,0,0,0,0,0,0,0,0,0,0,0,0,0,0,37,2026-02-04 16:00:30.190376
SMMR,24.91,24.91,25.02,1047700.0,49062.0,1117600.0,59994.0,0,0,0,0,0,0,0,0,0,0,0,0,0,0,0,0,0,0,0,0,0,0,37,2026-02-04 16:00:30.190376
ATMN,25.03,25.03,25.1,1676300.0,9694.0,1080600.0,45000.0,0,0,0,0,0,0,0,0,0,0,0,0,0,0,0,0,0,0,0,0,0,0,37,2026-02-04 16:00:30.190376
WNTR,24.85,24.85,24.99,1498700.0,38516.0,843700.0,99630.0,0,0,0,0,0,0,0,0,0,0,0,0,0,0,0,0,0,0,0,0,0,0,37,2026-02-04 16:00:30.190376
SPNG,24.77,24.77,25.1,1826300.0,13332.0,1668500.0,16665.0,0,0,0,0,0,0,0,0,0,0,0,0,0,0,0,0,0,0,0,0,0,0,38,2026-02-04 16:00:31.236950
SMMR,25.03,24.98,25.03,1049300.0,49062.0,1137100.0,59994.0,0,0,0,0,0,0,0,0,0,0,0,0,0,0,0,0,0,0,0,0,0,0,38,2026-02-04 16:00:31.236950
ATMN,24.69,24.69,24.87,1880000.0,5000.0,1202200.0,37347.0,0,0,0,0,0,0,0,0,0,0,0,0,0,0,0,0,0,0,0,0,0,0,38,2026-02-04 16:00:31.236950
WNTR,24.85,24.86,24.95,1516300.0,38516.0,852300.0,99630.0,0,0,0,0,0,0,0,0,0,0,0,0,0,0,0,0,0,0,0,0,0,0,38,2026-02-04 16:00:31.236950
SPNG,24.77,24.83,24.98,14036.0,1706900.0,17017.0,1536500.0,0,0,0,0,0,0,0,0,0,0,0,0,0,0,0,0,0,0,0,0,0,0,39,2026-02-04 16:00:31.776612
SMMR,25.03,24.98,25.03,49062.0,1028000.0,57940.0,1137100.0,0,0,0,0,0,0,0,0,0,0,0,0,0,0,0,0,0,0,0,0,0,0,39,2026-02-04 16:00:31.776612
ATMN,24.69,24.69,24.87,5000.0,1880000.0,32041.0,1322700.0,0,0,0,0,0,0,0,0,0,0,0,0,0,0,0,0,0,0,0,0,0,0,39,2026-02-04 16:00:31.776612
WNTR,24.86,24.86,24.95,38516.0,1516300.0,107963.0,755400.0,0,0,0,0,0,0,0,0,0,0,0,0,0,0,0,0,0,0,0,0,0,0,39,2026-02-04 16:00:31.776612
SPNG,24.8,24.64,24.68,1867400.0,13332.0,1554000.0,17017.0,0,0,0,0,0,0,0,0,0,0,0,0,0,0,0,0,0,0,0,0,0,0,40,2026-02-04 16:00:32.836678
SMMR,25.07,24.98,25.07,1220400.0,35730.0,919900.0,65110.0,0,0,0,0,0,0,0,0,0,0,0,0,0,0,0,0,0,0,0,0,0,0,40,2026-02-04 16:00:32.836678
ATMN,24.88,24.96,25.02,1774400.0,7347.0,1201100.0,40000.0,0,0,0,0,0,0,0,0,0,0,0,0,0,0,0,0,0,0,0,0,0,0,40,2026-02-04 16:00:32.836678
WNTR,24.99,24.86,24.99,1516300.0,38516.0,665600.0,116296.0,0,0,0,0,0,0,0,0,0,0,0,0,0,0,0,0,0,0,0,0,0,0,40,2026-02-04 16:00:32.836678
SPNG,24.68,24.64,24.68,1873200.0,13332.0,1376400.0,18425.0,0,0,0,0,0,0,0,0,0,0,0,0,0,0,0,0,0,0,0,0,0,0,41,2026-02-04 16:00:33.900272
SMMR,25.07,24.98,25.02,1220400.0,35730.0,904400.0,61002.0,0,0,0,0,0,0,0,0,0,0,0,0,0,0,0,0,0,0,0,0,0,0,41,2026-02-04 16:00:33.900272
ATMN,24.65,24.65,24.96,2011200.0,,1201100.0,37653.0,0,0,0,0,0,0,0,0,0,0,0,0,0,0,0,0,0,0,0,0,0,0,41,2026-02-04 16:00:33.900272
WNTR,24.99,24.85,24.99,1504600.0,38516.0,548600.0,124629.0,0,0,0,0,0,0,0,0,0,0,0,0,0,0,0,0,0,0,0,0,0,0,41,2026-02-04 16:00:33.900272
SPNG,25.11,24.67,25.11,1853600.0,13332.0,1634600.0,16665.0,0,0,0,0,0,0,0,0,0,0,0,0,0,0,0,0,0,0,0,0,0,0,42,2026-02-04 16:00:34.950024
SMMR,24.96,24.94,24.96,1013600.0,49062.0,923600.0,61002.0,0,0,0,0,0,0,0,0,0,0,0,0,0,0,0,0,0,0,0,0,0,0,42,2026-02-04 16:00:34.950024
ATMN,24.65,24.84,24.88,2020800.0,,1306600.0,32653.0,0,0,0,0,0,0,0,0,0,0,0,0,0,0,0,0,0,0,0,0,0,0,42,2026-02-04 16:00:34.950024
WNTR,25.0,24.85,25.0,1504600.0,38516.0,426300.0,132962.0,0,0,0,0,0,0,0,0,0,0,0,0,0,0,0,0,0,0,0,0,0,0,42,2026-02-04 16:00:34.950024
SPNG,24.63,24.77,25.14,17556.0,1649100.0,2195400.0,,0,0,0,0,0,0,0,0,0,0,0,0,0,0,0,0,0,0,0,0,0,0,43,2026-02-04 16:00:35.987498
SMMR,24.96,25.0,25.02,49062.0,1040300.0,720200.0,70226.0,0,0,0,0,0,0,0,0,0,0,0,0,0,0,0,0,0,0,0,0,0,0,43,2026-02-04 16:00:35.987498
ATMN,24.65,24.84,24.88,,2020800.0,1094600.0,42653.0,0,0,0,0,0,0,0,0,0,0,0,0,0,0,0,0,0,0,0,0,0,0,43,2026-02-04 16:00:35.987498
WNTR,24.98,24.98,25.0,38516.0,1527400.0,426300.0,132962.0,0,0,0,0,0,0,0,0,0,0,0,0,0,0,0,0,0,0,0,0,0,0,43,2026-02-04 16:00:35.987498
SPNG,24.57,24.57,25.09,2136000.0,6666.0,2207100.0,,0,0,0,0,0,0,0,0,0,0,0,0,0,0,0,0,0,0,0,0,0,0,44,2026-02-04 16:00:37.024540
SMMR,24.95,24.91,24.95,1034900.0,49062.0,745400.0,68172.0,0,0,0,0,0,0,0,0,0,0,0,0,0,0,0,0,0,0,0,0,0,0,44,2026-02-04 16:00:37.024540
ATMN,25.05,24.84,25.05,2020800.0,,1269100.0,35000.0,0,0,0,0,0,0,0,0,0,0,0,0,0,0,0,0,0,0,0,0,0,0,44,2026-02-04 16:00:37.024540
WNTR,24.81,24.81,25.0,2061900.0,3456.0,426300.0,133328.0,0,0,0,0,0,0,0,0,0,0,0,0,0,0,0,0,0,0,0,0,0,0,44,2026-02-04 16:00:37.024540
SPNG,24.51,24.51,24.98,2252500.0,3333.0,2203500.0,,0,0,0,0,0,0,0,0,0,0,0,0,0,0,0,0,0,0,0,0,0,0,45,2026-02-04 16:00:38.068182
SMMR,25.03,24.95,25.02,1025200.0,49062.0,618700.0,74838.0,0,0,0,0,0,0,0,0,0,0,0,0,0,0,0,0,0,0,0,0,0,0,45,2026-02-04 16:00:38.068182
ATMN,24.84,24.84,25.05,2035800.0,,1352300.0,30000.0,0,0,0,0,0,0,0,0,0,0,0,0,0,0,0,0,0,0,0,0,0,0,45,2026-02-04 16:00:38.068182
WNTR,24.81,24.81,25.0,2061900.0,3456.0,426300.0,133328.0,0,0,0,0,0,0,0,0,0,0,0,0,0,0,0,0,0,0,0,0,0,0,45,2026-02-04 16:00:38.068182
SPNG,24.98,24.5,24.98,2262200.0,3333.0,2203500.0,,0,0,0,0,0,0,0,0,0,0,0,0,0,0,0,0,0,0,0,0,0,0,46,2026-02-04 16:00:39.112204
SMMR,24.88,24.88,25.03,1488600.0,27996.0,617300.0,74838.0,0,0,0,0,0,0,0,0,0,0,0,0,0,0,0,0,0,0,0,0,0,0,46,2026-02-04 16:00:39.112204
ATMN,24.84,24.84,25.03,2035800.0,,1457600.0,17334.0,0,0,0,0,0,0,0,0,0,0,0,0,0,0,0,0,0,0,0,0,0,0,46,2026-02-04 16:00:39.112204
WNTR,25.01,24.88,25.01,1794100.0,20122.0,555100.0,124629.0,0,0,0,0,0,0,0,0,0,0,0,0,0,0,0,0,0,0,0,0,0,0,46,2026-02-04 16:00:39.112204
SPNG,24.54,24.55,25.09,5002.0,2148900.0,2207100.0,,0,0,0,0,0,0,0,0,0,0,0,0,0,0,0,0,0,0,0,0,0,0,47,2026-02-04 16:00:40.158014
SMMR,24.88,24.99,25.03,27996.0,1483700.0,716900.0,72280.0,0,0,0,0,0,0,0,0,0,0,0,0,0,0,0,0,0,0,0,0,0,0,47,2026-02-04 16:00:40.158014
ATMN,24.84,24.65,24.76,,2028800.0,1434700.0,17334.0,0,0,0,0,0,0,0,0,0,0,0,0,0,0,0,0,0,0,0,0,0,0,47,2026-02-04 16:00:40.158014
WNTR,24.84,24.84,25.01,36788.0,1569800.0,802600.0,107963.0,0,0,0,0,0,0,0,0,0,0,0,0,0,0,0,0,0,0,0,0,0,0,47,2026-02-04 16:00:40.158014
SPNG,25.14,24.55,25.05,5002.0,2148900.0,2206700.0,,0,0,0,0,0,0,0,0,0,0,0,0,0,0,0,0,0,0,0,0,0,0,48,2026-02-04 16:00:41.210228
SMMR,25.01,25.01,25.03,27996.0,1466000.0,812600.0,67668.0,0,0,0,0,0,0,0,0,0,0,0,0,0,0,0,0,0,0,0,0,0,0,48,2026-02-04 16:00:41.210228
ATMN,24.84,24.69,24.76,,2006200.0,1434700.0,17334.0,0,0,0,0,0,0,0,0,0,0,0,0,0,0,0,0,0,0,0,0,0,0,48,2026-02-04 16:00:41.210228
WNTR,24.8,24.8,24.88,3456.0,2070500.0,702100.0,115598.0,0,0,0,0,0,0,0,0,0,0,0,0,0,0,0,0,0,0,0,0,0,0,48,2026-02-04 16:00:41.210228
SPNG,24.64,24.64,24.95,2256300.0,1669.0,1669.0,2094400.0,0,0,0,0,0,0,0,0,0,0,0,0,0,0,0,0,0,0,0,0,0,0,49,2026-02-04 16:00:42.301637
SMMR,25.0,25.0,25.01,1491600.0,27996.0,56390.0,1015600.0,0,0,0,0,0,0,0,0,0,0,0,0,0,0,0,0,0,0,0,0,0,0,49,2026-02-04 16:00:42.301637
ATMN,24.84,24.71,24.76,2025100.0,,17334.0,1434700.0,0,0,0,0,0,0,0,0,0,0,0,0,0,0,0,0,0,0,0,0,0,0,49,2026-02-04 16:00:42.301637
WNTR,24.87,24.78,24.87,2082100.0,3456.0,82964.0,1165700.0,0,0,0,0,0,0,0,0,0,0,0,0,0,0,0,0,0,0,0,0,0,0,49,2026-02-04 16:00:42.301637
SPNG,25.05,24.64,25.05,2256300.0,1669.0,2208900.0,,0,0,0,0,0,0,0,0,0,0,0,0,0,0,0,0,0,0,0,0,0,0,50,2026-02-04 16:00:42.936493
SMMR,24.97,24.96,24.97,1491400.0,27996.0,936500.0,61002.0,0,0,0,0,0,0,0,0,0,0,0,0,0,0,0,0,0,0,0,0,0,0,50,2026-02-04 16:00:42.936493
ATMN,24.76,24.76,25.05,2043900.0,,1440600.0,17334.0,0,0,0,0,0,0,0,0,0,0,0,0,0,0,0,0,0,0,0,0,0,0,50,2026-02-04 16:00:42.936493
WNTR,25.08,24.78,25.01,2082100.0,3456.0,1177500.0,82964.0,0,0,0,0,0,0,0,0,0,0,0,0,0,0,0,0,0,0,0,0,0,0,50,2026-02-04 16:00:42.936493
SPNG,24.83,24.64,24.83,2256300.0,1669.0,2195300.0,,0,0,0,0,0,0,0,0,0,0,0,0,0,0,0,0,0,0,0,0,0,0,51,2026-02-04 16:00:43.977648
SMMR,25.04,24.96,25.02,1491400.0,27996.0,794800.0,67912.0,0,0,0,0,0,0,0,0,0,0,0,0,0,0,0,0,0,0,0,0,0,0,51,2026-02-04 16:00:43.977648
ATMN,25.1,24.83,25.1,1920700.0,2334.0,1357600.0,30000.0,0,0,0,0,0,0,0,0,0,0,0,0,0,0,0,0,0,0,0,0,0,0,51,2026-02-04 16:00:43.977648
WNTR,24.77,24.77,25.08,2208700.0,8333.0,1178400.0,82964.0,0,0,0,0,0,0,0,0,0,0,0,0,0,0,0,0,0,0,0,0,0,0,51,2026-02-04 16:00:43.977648
SPNG,25.16,24.75,25.16,2282600.0,1669.0,2156600.0,,0,0,0,0,0,0,0,0,0,0,0,0,0,0,0,0,0,0,0,0,0,0,52,2026-02-04 16:00:45.025585
SMMR,25.04,24.96,25.04,1491400.0,27996.0,691900.0,68156.0,0,0,0,0,0,0,0,0,0,0,0,0,0,0,0,0,0,0,0,0,0,0,52,2026-02-04 16:00:45.025585
ATMN,25.03,24.86,24.88,1484700.0,11670.0,1589900.0,20000.0,0,0,0,0,0,0,0,0,0,0,0,0,0,0,0,0,0,0,0,0,0,0,52,2026-02-04 16:00:45.025585
WNTR,24.76,24.76,24.8,2186000.0,8333.0,1328800.0,74631.0,0,0,0,0,0,0,0,0,0,0,0,0,0,0,0,0,0,0,0,0,0,0,52,2026-02-04 16:00:45.025585
SPNG,24.5,24.5,24.92,2242300.0,3333.0,2159700.0,,0,0,0,0,0,0,0,0,0,0,0,0,0,0,0,0,0,0,0,0,0,0,53,2026-02-04 16:00:46.071890
SMMR,24.88,24.88,25.04,1483700.0,27996.0,691900.0,68156.0,0,0,0,0,0,0,0,0,0,0,0,0,0,0,0,0,0,0,0,0,0,0,53,2026-02-04 16:00:46.071890
ATMN,24.71,24.71,25.0,2025100.0,,1479000.0,25000.0,0,0,0,0,0,0,0,0,0,0,0,0,0,0,0,0,0,0,0,0,0,0,53,2026-02-04 16:00:46.071890
WNTR,24.76,24.76,24.8,2206700.0,8333.0,1328800.0,74631.0,0,0,0,0,0,0,0,0,0,0,0,0,0,0,0,0,0,0,0,0,0,0,53,2026-02-04 16:00:46.071890
SPNG,24.92,25.1,25.11,2248500.0,3333.0,2141300.0,,0,0,0,0,0,0,0,0,0,0,0,0,0,0,0,0,0,0,0,0,0,0,54,2026-02-04 16:00:47.109805
SMMR,24.88,25.03,25.04,1508900.0,27996.0,691900.0,68156.0,0,0,0,0,0,0,0,0,0,0,0,0,0,0,0,0,0,0,0,0,0,0,54,2026-02-04 16:00:47.109805
ATMN,24.71,24.72,25.0,2045000.0,,1479000.0,25000.0,0,0,0,0,0,0,0,0,0,0,0,0,0,0,0,0,0,0,0,0,0,0,54,2026-02-04 16:00:47.109805
WNTR,24.8,24.88,25.08,2331500.0,,1319200.0,74631.0,0,0,0,0,0,0,0,0,0,0,0,0,0,0,0,0,0,0,0,0,0,0,54,2026-02-04 16:00:47.109805
SPNG,25.07,24.5,24.84,2242300.0,3333.0,2144900.0,,0,0,0,0,0,0,0,0,0,0,0,0,0,0,0,0,0,0,0,0,0,0,55,2026-02-04 16:00:48.149534
SMMR,25.07,25.03,25.07,1508900.0,27996.0,498700.0,57854.0,0,0,0,0,0,0,0,0,0,0,0,0,0,0,0,0,0,0,0,0,0,0,55,2026-02-04 16:00:48.149534
ATMN,25.1,24.94,25.1,2029400.0,,1380100.0,30000.0,0,0,0,0,0,0,0,0,0,0,0,0,0,0,0,0,0,0,0,0,0,0,55,2026-02-04 16:00:48.149534
WNTR,24.8,24.91,24.97,2317100.0,,1431500.0,66298.0,0,0,0,0,0,0,0,0,0,0,0,0,0,0,0,0,0,0,0,0,0,0,55,2026-02-04 16:00:48.149534
SPNG,25.09,24.5,24.79,2242300.0,3333.0,2166000.0,,0,0,0,0,0,0,0,0,0,0,0,0,0,0,0,0,0,0,0,0,0,0,56,2026-02-04 16:00:49.194576
SMMR,25.03,25.03,25.07,1515200.0,27996.0,498700.0,57854.0,0,0,0,0,0,0,0,0,0,0,0,0,0,0,0,0,0,0,0,0,0,0,56,2026-02-04 16:00:49.194576
ATMN,24.8,25.04,25.1,2025800.0,,1483000.0,25000.0,0,0,0,0,0,0,0,0,0,0,0,0,0,0,0,0,0,0,0,0,0,0,56,2026-02-04 16:00:49.194576
WNTR,24.79,24.79,24.97,2298200.0,,1431500.0,66298.0,0,0,0,0,0,0,0,0,0,0,0,0,0,0,0,0,0,0,0,0,0,0,56,2026-02-04 16:00:49.194576
SPNG,24.5,24.5,25.11,2242300.0,3333.0,2153300.0,,0,0,0,0,0,0,0,0,0,0,0,0,0,0,0,0,0,0,0,0,0,0,57,2026-02-04 16:00:50.235874
SMMR,25.03,24.98,24.99,1515400.0,27996.0,719400.0,57366.0,0,0,0,0,0,0,0,0,0,0,0,0,0,0,0,0,0,0,0,0,0,0,57,2026-02-04 16:00:50.235874
ATMN,25.05,25.04,25.05,2025800.0,,1602000.0,20000.0,0,0,0,0,0,0,0,0,0,0,0,0,0,0,0,0,0,0,0,0,0,0,57,2026-02-04 16:00:50.235874
WNTR,24.99,25.03,25.08,2276000.0,,1314900.0,74631.0,0,0,0,0,0,0,0,0,0,0,0,0,0,0,0,0,0,0,0,0,0,0,57,2026-02-04 16:00:50.235874
SPNG,24.61,24.5,24.61,2242300.0,3333.0,2162100.0,,0,0,0,0,0,0,0,0,0,0,0,0,0,0,0,0,0,0,0,0,0,0,58,2026-02-04 16:00:51.278050
SMMR,24.99,25.04,25.07,1484400.0,27996.0,601000.0,57610.0,0,0,0,0,0,0,0,0,0,0,0,0,0,0,0,0,0,0,0,0,0,0,58,2026-02-04 16:00:51.278050
ATMN,25.04,24.78,24.99,2043300.0,,1722500.0,15000.0,0,0,0,0,0,0,0,0,0,0,0,0,0,0,0,0,0,0,0,0,0,0,58,2026-02-04 16:00:51.278050
WNTR,24.99,25.03,25.05,2276000.0,,1421600.0,66298.0,0,0,0,0,0,0,0,0,0,0,0,0,0,0,0,0,0,0,0,0,0,0,58,2026-02-04 16:00:51.278050
SPNG,24.61,24.5,24.61,2255200.0,3333.0,2162100.0,,0,0,0,0,0,0,0,0,0,0,0,0,0,0,0,0,0,0,0,0,0,0,59,2026-02-04 16:00:52.336263
SMMR,24.99,25.04,25.05,1484400.0,27996.0,714800.0,57366.0,0,0,0,0,0,0,0,0,0,0,0,0,0,0,0,0,0,0,0,0,0,0,59,2026-02-04 16:00:52.336263
ATMN,24.78,24.78,25.1,2043300.0,,1483000.0,25000.0,0,0,0,0,0,0,0,0,0,0,0,0,0,0,0,0,0,0,0,0,0,0,59,2026-02-04 16:00:52.336263
WNTR,25.03,24.83,24.94,2307600.0,,1458100.0,66298.0,0,0,0,0,0,0,0,0,0,0,0,0,0,0,0,0,0,0,0,0,0,0,59,2026-02-04 16:00:52.336263
SPNG,24.61,26.01,0.0,200000.0,3333.0,,0,0,0,0,0,0,0,0,0,0,0,0,0,0,0,0,0,0,0,0,0,0,0,60,2026-02-04 16:00:52.879374
SMMR,25.18,25.5,0.0,100000.0,81582.0,,0,0,0,0,0,0,0,0,0,0,0,0,0,0,0,0,0,0,0,0,0,0,0,60,2026-02-04 16:00:52.879374
ATMN,24.78,25.08,25.16,200000.0,,75000.0,0,0,0,0,0,0,0,0,0,0,0,0,0,0,0,0,0,0,0,0,0,0,0,60,2026-02-04 16:00:52.879374
WNTR,24.83,24.26,25.09,200000.0,8333.0,82964.0,0,0,0,0,0,0,0,0,0,0,0,0,0,0,0,0,0,0,0,0,0,0,0,60,2026-02-04 16:00:52.879374
SPNG,26.01,26.01,26.57,887300.0,3333.0,1014300.0,,0,0,0,0,0,0,0,0,0,0,0,0,0,0,0,0,0,0,0,0,0,0,61,2026-02-04 16:00:53.928529
SMMR,25.41,25.33,25.41,624200.0,48252.0,891100.0,,0,0,0,0,0,0,0,0,0,0,0,0,0,0,0,0,0,0,0,0,0,0,61,2026-02-04 16:00:53.928529
ATMN,25.08,25.08,25.16,1007100.0,,508900.0,75000.0,0,0,0,0,0,0,0,0,0,0,0,0,0,0,0,0,0,0,0,0,0,0,61,2026-02-04 16:00:53.928529
WNTR,24.83,24.26,24.4,1018200.0,8333.0,1110200.0,82964.0,0,0,0,0,0,0,0,0,0,0,0,0,0,0,0,0,0,0,0,0,0,0,61,2026-02-04 16:00:53.928529
SPNG,26.01,26.01,26.43,887300.0,3333.0,1435700.0,,0,0,0,0,0,0,0,0,0,0,0,0,0,0,0,0,0,0,0,0,0,0,62,2026-02-04 16:00:55.026181
SMMR,25.6,25.56,25.6,897700.0,40656.0,876300.0,,0,0,0,0,0,0,0,0,0,0,0,0,0,0,0,0,0,0,0,0,0,0,62,2026-02-04 16:00:55.026181
ATMN,25.08,25.08,25.16,907100.0,,477500.0,75000.0,0,0,0,0,0,0,0,0,0,0,0,0,0,0,0,0,0,0,0,0,0,0,62,2026-02-04 16:00:55.026181
WNTR,23.92,23.92,24.3,1019300.0,,1246900.0,74631.0,0,0,0,0,0,0,0,0,0,0,0,0,0,0,0,0,0,0,0,0,0,0,62,2026-02-04 16:00:55.026181
SPNG,26.01,26.01,26.32,887300.0,3333.0,1743500.0,,0,0,0,0,0,0,0,0,0,0,0,0,0,0,0,0,0,0,0,0,0,0,63,2026-02-04 16:00:56.063880
SMMR,25.44,25.44,25.65,811400.0,59724.0,779800.0,,0,0,0,0,0,0,0,0,0,0,0,0,0,0,0,0,0,0,0,0,0,0,63,2026-02-04 16:00:56.063880
ATMN,24.97,25.02,25.06,1022900.0,,482600.0,75000.0,0,0,0,0,0,0,0,0,0,0,0,0,0,0,0,0,0,0,0,0,0,0,63,2026-02-04 16:00:56.063880
WNTR,23.92,23.92,24.14,1019300.0,,1630000.0,49632.0,0,0,0,0,0,0,0,0,0,0,0,0,0,0,0,0,0,0,0,0,0,0,63,2026-02-04 16:00:56.063880
SPNG,26.01,25.33,25.57,1074900.0,3333.0,1938400.0,,0,0,0,0,0,0,0,0,0,0,0,0,0,0,0,0,0,0,0,0,0,0,64,2026-02-04 16:00:57.113141
SMMR,25.4,25.4,25.62,811400.0,55590.0,886700.0,,0,0,0,0,0,0,0,0,0,0,0,0,0,0,0,0,0,0,0,0,0,0,64,2026-02-04 16:00:57.113141
ATMN,25.06,24.97,25.06,1109800.0,,482600.0,75000.0,0,0,0,0,0,0,0,0,0,0,0,0,0,0,0,0,0,0,0,0,0,0,64,2026-02-04 16:00:57.113141
WNTR,23.92,23.72,23.84,1174400.0,,1889400.0,32966.0,0,0,0,0,0,0,0,0,0,0,0,0,0,0,0,0,0,0,0,0,0,0,64,2026-02-04 16:00:57.113141
SPNG,26.32,25.33,26.32,1283100.0,3333.0,1844300.0,,0,0,0,0,0,0,0,0,0,0,0,0,0,0,0,0,0,0,0,0,0,0,65,2026-02-04 16:00:58.157621
SMMR,25.4,25.59,25.61,1024500.0,50526.0,1112000.0,12588.0,0,0,0,0,0,0,0,0,0,0,0,0,0,0,0,0,0,0,0,0,0,0,65,2026-02-04 16:00:58.157621
ATMN,25.16,25.07,25.16,1226200.0,,690800.0,65000.0,0,0,0,0,0,0,0,0,0,0,0,0,0,0,0,0,0,0,0,0,0,0,65,2026-02-04 16:00:58.157621
WNTR,23.92,23.72,23.84,1528500.0,,1889400.0,32966.0,0,0,0,0,0,0,0,0,0,0,0,0,0,0,0,0,0,0,0,0,0,0,65,2026-02-04 16:00:58.157621
SPNG,26.57,25.82,26.57,1631200.0,3333.0,1642800.0,,0,0,0,0,0,0,0,0,0,0,0,0,0,0,0,0,0,0,0,0,0,0,66,2026-02-04 16:00:59.207466
SMMR,25.4,25.4,25.47,820200.0,55590.0,1226400.0,16784.0,0,0,0,0,0,0,0,0,0,0,0,0,0,0,0,0,0,0,0,0,0,0,66,2026-02-04 16:00:59.207466
ATMN,25.1,25.07,25.1,1226200.0,10000.0,1224400.0,,0,0,0,0,0,0,0,0,0,0,0,0,0,0,0,0,0,0,0,0,0,0,66,2026-02-04 16:00:59.207466
WNTR,24.1,23.75,24.1,1944700.0,,1772200.0,41299.0,0,0,0,0,0,0,0,0,0,0,0,0,0,0,0,0,0,0,0,0,0,0,66,2026-02-04 16:00:59.207466
SPNG,26.57,25.82,25.99,1739500.0,3333.0,1865600.0,,0,0,0,0,0,0,0,0,0,0,0,0,0,0,0,0,0,0,0,0,0,0,67,2026-02-04 16:01:00.253079
SMMR,25.54,25.58,25.61,1036900.0,50526.0,1112000.0,16784.0,0,0,0,0,0,0,0,0,0,0,0,0,0,0,0,0,0,0,0,0,0,0,67,2026-02-04 16:01:00.253079
ATMN,24.66,24.88,25.1,1092100.0,308.0,1224400.0,,0,0,0,0,0,0,0,0,0,0,0,0,0,0,0,0,0,0,0,0,0,0,67,2026-02-04 16:01:00.253079
WNTR,24.1,23.75,24.1,2058100.0,,1908100.0,32966.0,0,0,0,0,0,0,0,0,0,0,0,0,0,0,0,0,0,0,0,0,0,0,67,2026-02-04 16:01:00.253079
SPNG,26.56,25.82,26.42,1835100.0,3333.0,1935400.0,,0,0,0,0,0,0,0,0,0,0,0,0,0,0,0,0,0,0,0,0,0,0,68,2026-02-04 16:01:01.318411
SMMR,25.54,25.58,25.61,942900.0,51446.0,1515800.0,16784.0,0,0,0,0,0,0,0,0,0,0,0,0,0,0,0,0,0,0,0,0,0,0,68,2026-02-04 16:01:01.318411
ATMN,25.1,25.15,25.34,1255500.0,924.0,1218600.0,,0,0,0,0,0,0,0,0,0,0,0,0,0,0,0,0,0,0,0,0,0,0,68,2026-02-04 16:01:01.318411
WNTR,24.1,23.9,24.1,2305900.0,,2035800.0,24633.0,0,0,0,0,0,0,0,0,0,0,0,0,0,0,0,0,0,0,0,0,0,0,68,2026-02-04 16:01:01.318411
SPNG,25.52,25.52,26.42,1738500.0,3333.0,1939700.0,,0,0,0,0,0,0,0,0,0,0,0,0,0,0,0,0,0,0,0,0,0,0,69,2026-02-04 16:01:02.436005
SMMR,25.58,25.49,25.55,699400.0,61958.0,1669800.0,16784.0,0,0,0,0,0,0,0,0,0,0,0,0,0,0,0,0,0,0,0,0,0,0,69,2026-02-04 16:01:02.436005
ATMN,24.74,24.74,25.34,1001000.0,154.0,1412500.0,,0,0,0,0,0,0,0,0,0,0,0,0,0,0,0,0,0,0,0,0,0,0,69,2026-02-04 16:01:02.436005
WNTR,23.9,23.9,24.1,2305900.0,,2277800.0,8333.0,0,0,0,0,0,0,0,0,0,0,0,0,0,0,0,0,0,0,0,0,0,0,69,2026-02-04 16:01:02.436005
SPNG,26.57,25.52,26.57,1848300.0,3333.0,1924900.0,,0,0,0,0,0,0,0,0,0,0,0,0,0,0,0,0,0,0,0,0,0,0,70,2026-02-04 16:01:03.106096
SMMR,25.58,25.52,25.58,521300.0,70350.0,1644500.0,16784.0,0,0,0,0,0,0,0,0,0,0,0,0,0,0,0,0,0,0,0,0,0,0,70,2026-02-04 16:01:03.106096
ATMN,25.33,25.33,25.38,1098000.0,154.0,1328600.0,,0,0,0,0,0,0,0,0,0,0,0,0,0,0,0,0,0,0,0,0,0,0,70,2026-02-04 16:01:03.106096
WNTR,23.9,23.9,24.1,2305900.0,,2291100.0,8333.0,0,0,0,0,0,0,0,0,0,0,0,0,0,0,0,0,0,0,0,0,0,0,70,2026-02-04 16:01:03.106096
SPNG,25.96,25.93,25.96,2080100.0,3333.0,1974100.0,,0,0,0,0,0,0,0,0,0,0,0,0,0,0,0,0,0,0,0,0,0,0,71,2026-02-04 16:01:04.481916
SMMR,25.57,25.57,25.58,216200.0,75528.0,1644500.0,16784.0,0,0,0,0,0,0,0,0,0,0,0,0,0,0,0,0,0,0,0,0,0,0,71,2026-02-04 16:01:04.481916
ATMN,25.25,24.74,24.94,1001000.0,154.0,1734700.0,,0,0,0,0,0,0,0,0,0,0,0,0,0,0,0,0,0,0,0,0,0,0,71,2026-02-04 16:01:04.481916
WNTR,23.9,23.9,23.99,2435500.0,,2327900.0,8333.0,0,0,0,0,0,0,0,0,0,0,0,0,0,0,0,0,0,0,0,0,0,0,71,2026-02-04 16:01:04.481916
SPNG,25.93,25.93,26.51,2080100.0,3333.0,1943000.0,,0,0,0,0,0,0,0,0,0,0,0,0,0,0,0,0,0,0,0,0,0,0,72,2026-02-04 16:01:05.228592
SMMR,25.62,25.52,25.62,110300.0,79724.0,1626200.0,16784.0,0,0,0,0,0,0,0,0,0,0,0,0,0,0,0,0,0,0,0,0,0,0,72,2026-02-04 16:01:05.228592
ATMN,24.94,24.92,24.94,1290500.0,154.0,1734700.0,8316.0,0,0,0,0,0,0,0,0,0,0,0,0,0,0,0,0,0,0,0,0,0,0,72,2026-02-04 16:01:05.228592
WNTR,24.1,23.9,24.1,2435500.0,,2318000.0,8333.0,0,0,0,0,0,0,0,0,0,0,0,0,0,0,0,0,0,0,0,0,0,0,72,2026-02-04 16:01:05.228592
SPNG,25.93,25.52,25.79,1985300.0,3333.0,2041400.0,,0,0,0,0,0,0,0,0,0,0,0,0,0,0,0,0,0,0,0,0,0,0,73,2026-02-04 16:01:06.406278
SMMR,25.34,25.34,25.39,804100.0,43188.0,1630300.0,16784.0,0,0,0,0,0,0,0,0,0,0,0,0,0,0,0,0,0,0,0,0,0,0,73,2026-02-04 16:01:06.406278
ATMN,25.27,25.06,25.26,1405400.0,154.0,1738700.0,,0,0,0,0,0,0,0,0,0,0,0,0,0,0,0,0,0,0,0,0,0,0,73,2026-02-04 16:01:06.406278
WNTR,23.9,23.98,24.1,2535400.0,,2337800.0,8333.0,0,0,0,0,0,0,0,0,0,0,0,0,0,0,0,0,0,0,0,0,0,0,73,2026-02-04 16:01:06.406278
SPNG,25.52,25.52,26.31,1985300.0,3333.0,2001900.0,,0,0,0,0,0,0,0,0,0,0,0,0,0,0,0,0,0,0,0,0,0,0,74,2026-02-04 16:01:06.999104
SMMR,25.48,25.48,25.5,902700.0,40656.0,1629200.0,16784.0,0,0,0,0,0,0,0,0,0,0,0,0,0,0,0,0,0,0,0,0,0,0,74,2026-02-04 16:01:06.999104
ATMN,25.26,25.06,25.26,1405400.0,154.0,1920000.0,,0,0,0,0,0,0,0,0,0,0,0,0,0,0,0,0,0,0,0,0,0,0,74,2026-02-04 16:01:06.999104
WNTR,23.89,23.89,24.1,2442500.0,,2461000.0,,0,0,0,0,0,0,0,0,0,0,0,0,0,0,0,0,0,0,0,0,0,0,74,2026-02-04 16:01:06.999104
SPNG,25.52,25.72,26.04,2109800.0,3333.0,2031700.0,,0,0,0,0,0,0,0,0,0,0,0,0,0,0,0,0,0,0,0,0,0,0,75,2026-02-04 16:01:08.047344
SMMR,25.33,25.33,25.62,709300.0,45720.0,1436000.0,23184.0,0,0,0,0,0,0,0,0,0,0,0,0,0,0,0,0,0,0,0,0,0,0,75,2026-02-04 16:01:08.047344
ATMN,25.06,25.06,25.07,1405400.0,154.0,1966100.0,,0,0,0,0,0,0,0,0,0,0,0,0,0,0,0,0,0,0,0,0,0,0,75,2026-02-04 16:01:08.047344
WNTR,23.89,23.9,24.1,2569200.0,,2465900.0,,0,0,0,0,0,0,0,0,0,0,0,0,0,0,0,0,0,0,0,0,0,0,75,2026-02-04 16:01:08.047344
SPNG,25.94,25.72,25.85,2109800.0,3333.0,2113200.0,,0,0,0,0,0,0,0,0,0,0,0,0,0,0,0,0,0,0,0,0,0,0,76,2026-02-04 16:01:09.246048
SMMR,25.33,25.33,25.55,887200.0,40656.0,929200.0,38188.0,0,0,0,0,0,0,0,0,0,0,0,0,0,0,0,0,0,0,0,0,0,0,76,2026-02-04 16:01:09.246048
ATMN,25.07,24.92,25.07,1390500.0,154.0,1966100.0,,0,0,0,0,0,0,0,0,0,0,0,0,0,0,0,0,0,0,0,0,0,0,76,2026-02-04 16:01:09.246048
WNTR,24.13,23.95,24.1,2552700.0,,2465800.0,,0,0,0,0,0,0,0,0,0,0,0,0,0,0,0,0,0,0,0,0,0,0,76,2026-02-04 16:01:09.246048
SPNG,25.85,25.86,26.04,2160800.0,3333.0,2068500.0,,0,0,0,0,0,0,0,0,0,0,0,0,0,0,0,0,0,0,0,0,0,0,77,2026-02-04 16:01:10.292284
SMMR,25.33,25.33,25.39,975800.0,38124.0,800900.0,38400.0,0,0,0,0,0,0,0,0,0,0,0,0,0,0,0,0,0,0,0,0,0,0,77,2026-02-04 16:01:10.292284
ATMN,24.92,24.92,25.07,1488800.0,154.0,1946800.0,,0,0,0,0,0,0,0,0,0,0,0,0,0,0,0,0,0,0,0,0,0,0,77,2026-02-04 16:01:10.292284
WNTR,23.95,23.95,24.1,2512200.0,,2501100.0,,0,0,0,0,0,0,0,0,0,0,0,0,0,0,0,0,0,0,0,0,0,0,77,2026-02-04 16:01:10.292284
SPNG,25.86,25.72,25.79,2192500.0,3333.0,2045200.0,,0,0,0,0,0,0,0,0,0,0,0,0,0,0,0,0,0,0,0,0,0,0,78,2026-02-04 16:01:11.346783
SMMR,25.39,25.45,25.46,1429400.0,27996.0,219800.0,57600.0,0,0,0,0,0,0,0,0,0,0,0,0,0,0,0,0,0,0,0,0,0,0,78,2026-02-04 16:01:11.346783
ATMN,24.92,24.98,25.07,1891900.0,154.0,1946800.0,,0,0,0,0,0,0,0,0,0,0,0,0,0,0,0,0,0,0,0,0,0,0,78,2026-02-04 16:01:11.346783
WNTR,24.13,24.13,24.14,2553700.0,,2420600.0,,0,0,0,0,0,0,0,0,0,0,0,0,0,0,0,0,0,0,0,0,0,0,78,2026-02-04 16:01:11.346783
SPNG,25.72,25.72,26.18,2174900.0,3333.0,2026700.0,,0,0,0,0,0,0,0,0,0,0,0,0,0,0,0,0,0,0,0,0,0,0,79,2026-02-04 16:01:12.394519
SMMR,25.43,25.61,25.62,1415000.0,27996.0,1427400.0,23184.0,0,0,0,0,0,0,0,0,0,0,0,0,0,0,0,0,0,0,0,0,0,0,79,2026-02-04 16:01:12.394519
ATMN,25.07,25.02,25.07,2003700.0,154.0,1946800.0,,0,0,0,0,0,0,0,0,0,0,0,0,0,0,0,0,0,0,0,0,0,0,79,2026-02-04 16:01:12.394519
WNTR,24.11,24.11,24.14,2515400.0,,2420600.0,,0,0,0,0,0,0,0,0,0,0,0,0,0,0,0,0,0,0,0,0,0,0,79,2026-02-04 16:01:12.394519
SPNG,25.56,25.56,26.09,2154000.0,3333.0,2036900.0,,0,0,0,0,0,0,0,0,0,0,0,0,0,0,0,0,0,0,0,0,0,0,80,2026-02-04 16:01:13.438295
SMMR,25.62,25.4,25.46,1408700.0,27996.0,1122000.0,25584.0,0,0,0,0,0,0,0,0,0,0,0,0,0,0,0,0,0,0,0,0,0,0,80,2026-02-04 16:01:13.438295
ATMN,25.27,25.02,25.27,2003700.0,154.0,1916100.0,,0,0,0,0,0,0,0,0,0,0,0,0,0,0,0,0,0,0,0,0,0,0,80,2026-02-04 16:01:13.438295
WNTR,24.03,24.05,24.14,2518100.0,,2416700.0,,0,0,0,0,0,0,0,0,0,0,0,0,0,0,0,0,0,0,0,0,0,0,80,2026-02-04 16:01:13.438295
SPNG,26.18,25.51,26.18,2172500.0,3333.0,2026700.0,,0,0,0,0,0,0,0,0,0,0,0,0,0,0,0,0,0,0,0,0,0,0,81,2026-02-04 16:01:14.486060
SMMR,25.34,25.43,25.46,1319600.0,30528.0,1009600.0,10400.0,0,0,0,0,0,0,0,0,0,0,0,0,0,0,0,0,0,0,0,0,0,0,81,2026-02-04 16:01:14.486060
ATMN,25.03,25.02,25.03,1987800.0,154.0,1945000.0,,0,0,0,0,0,0,0,0,0,0,0,0,0,0,0,0,0,0,0,0,0,0,81,2026-02-04 16:01:14.486060
WNTR,23.9,23.9,24.14,2507000.0,,2416700.0,,0,0,0,0,0,0,0,0,0,0,0,0,0,0,0,0,0,0,0,0,0,0,81,2026-02-04 16:01:14.486060
SPNG,26.31,25.51,26.31,2172500.0,3333.0,2019200.0,,0,0,0,0,0,0,0,0,0,0,0,0,0,0,0,0,0,0,0,0,0,0,82,2026-02-04 16:01:15.032971
SMMR,25.46,25.47,25.5,1429700.0,27996.0,814200.0,9600.0,0,0,0,0,0,0,0,0,0,0,0,0,0,0,0,0,0,0,0,0,0,0,82,2026-02-04 16:01:15.032971
ATMN,25.02,25.02,25.29,1987800.0,154.0,1902300.0,,0,0,0,0,0,0,0,0,0,0,0,0,0,0,0,0,0,0,0,0,0,0,82,2026-02-04 16:01:15.032971
WNTR,23.9,23.9,24.14,2511200.0,,2416700.0,,0,0,0,0,0,0,0,0,0,0,0,0,0,0,0,0,0,0,0,0,0,0,82,2026-02-04 16:01:15.032971
SPNG,25.86,25.86,26.03,2172400.0,3333.0,2036900.0,,0,0,0,0,0,0,0,0,0,0,0,0,0,0,0,0,0,0,0,0,0,0,83,2026-02-04 16:01:16.103805
SMMR,25.63,25.47,25.63,1421800.0,27996.0,1400500.0,23184.0,0,0,0,0,0,0,0,0,0,0,0,0,0,0,0,0,0,0,0,0,0,0,83,2026-02-04 16:01:16.103805
ATMN,25.38,25.02,25.38,1987800.0,154.0,1908900.0,,0,0,0,0,0,0,0,0,0,0,0,0,0,0,0,0,0,0,0,0,0,0,83,2026-02-04 16:01:16.103805
WNTR,24.17,24.18,24.2,2499000.0,,2245600.0,8333.0,0,0,0,0,0,0,0,0,0,0,0,0,0,0,0,0,0,0,0,0,0,0,83,2026-02-04 16:01:16.103805
SPNG,26.03,25.51,26.03,2093300.0,3333.0,2036900.0,,0,0,0,0,0,0,0,0,0,0,0,0,0,0,0,0,0,0,0,0,0,0,84,2026-02-04 16:01:17.166356
SMMR,25.59,25.59,25.64,1531600.0,21330.0,1420500.0,23184.0,0,0,0,0,0,0,0,0,0,0,0,0,0,0,0,0,0,0,0,0,0,0,84,2026-02-04 16:01:17.166356
ATMN,24.88,24.88,25.38,1885300.0,154.0,1934300.0,,0,0,0,0,0,0,0,0,0,0,0,0,0,0,0,0,0,0,0,0,0,0,84,2026-02-04 16:01:17.166356
WNTR,24.18,23.89,24.12,2535400.0,,2253300.0,8333.0,0,0,0,0,0,0,0,0,0,0,0,0,0,0,0,0,0,0,0,0,0,0,84,2026-02-04 16:01:17.166356
SPNG,26.03,25.51,25.75,2090900.0,3333.0,2081100.0,,0,0,0,0,0,0,0,0,0,0,0,0,0,0,0,0,0,0,0,0,0,0,85,2026-02-04 16:01:18.223810
SMMR,25.33,25.33,25.64,1189200.0,33060.0,1420500.0,23184.0,0,0,0,0,0,0,0,0,0,0,0,0,0,0,0,0,0,0,0,0,0,0,85,2026-02-04 16:01:18.223810
ATMN,25.02,25.08,25.38,1975900.0,154.0,1934300.0,,0,0,0,0,0,0,0,0,0,0,0,0,0,0,0,0,0,0,0,0,0,0,85,2026-02-04 16:01:18.223810
WNTR,24.0,24.01,24.12,2550900.0,,2253300.0,8333.0,0,0,0,0,0,0,0,0,0,0,0,0,0,0,0,0,0,0,0,0,0,0,85,2026-02-04 16:01:18.223810
SPNG,26.11,25.57,25.85,2093900.0,3333.0,2051800.0,,0,0,0,0,0,0,0,0,0,0,0,0,0,0,0,0,0,0,0,0,0,0,86,2026-02-04 16:01:19.266373
SMMR,25.33,25.33,25.35,1097600.0,35592.0,1402000.0,23184.0,0,0,0,0,0,0,0,0,0,0,0,0,0,0,0,0,0,0,0,0,0,0,86,2026-02-04 16:01:19.266373
ATMN,25.08,24.92,25.01,1957000.0,154.0,1960700.0,,0,0,0,0,0,0,0,0,0,0,0,0,0,0,0,0,0,0,0,0,0,0,86,2026-02-04 16:01:19.266373
WNTR,24.01,24.01,24.12,2518100.0,,2253300.0,8333.0,0,0,0,0,0,0,0,0,0,0,0,0,0,0,0,0,0,0,0,0,0,0,86,2026-02-04 16:01:19.266373
SPNG,26.31,25.69,26.08,2085300.0,3333.0,2040800.0,,0,0,0,0,0,0,0,0,0,0,0,0,0,0,0,0,0,0,0,0,0,0,87,2026-02-04 16:01:20.294528
SMMR,25.64,25.57,25.64,1198400.0,33060.0,1420500.0,23184.0,0,0,0,0,0,0,0,0,0,0,0,0,0,0,0,0,0,0,0,0,0,0,87,2026-02-04 16:01:20.294528
ATMN,25.08,24.92,25.01,1930100.0,154.0,1944200.0,,0,0,0,0,0,0,0,0,0,0,0,0,0,0,0,0,0,0,0,0,0,0,87,2026-02-04 16:01:20.294528
WNTR,24.15,24.01,24.15,2509500.0,,2265300.0,8333.0,0,0,0,0,0,0,0,0,0,0,0,0,0,0,0,0,0,0,0,0,0,0,87,2026-02-04 16:01:20.294528
SPNG,26.31,25.69,25.97,2098300.0,3333.0,2120400.0,,0,0,0,0,0,0,0,0,0,0,0,0,0,0,0,0,0,0,0,0,0,0,88,2026-02-04 16:01:21.335018
SMMR,25.4,25.4,25.58,1185900.0,33060.0,1434500.0,23184.0,0,0,0,0,0,0,0,0,0,0,0,0,0,0,0,0,0,0,0,0,0,0,88,2026-02-04 16:01:21.335018
ATMN,25.12,25.24,25.34,1926600.0,154.0,1965700.0,,0,0,0,0,0,0,0,0,0,0,0,0,0,0,0,0,0,0,0,0,0,0,88,2026-02-04 16:01:21.335018
WNTR,24.21,24.01,24.21,2535900.0,,2221000.0,8333.0,0,0,0,0,0,0,0,0,0,0,0,0,0,0,0,0,0,0,0,0,0,0,88,2026-02-04 16:01:21.335018
SPNG,25.57,25.58,25.82,2124400.0,3333.0,2147500.0,,0,0,0,0,0,0,0,0,0,0,0,0,0,0,0,0,0,0,0,0,0,0,89,2026-02-04 16:01:22.383213
SMMR,25.58,25.48,25.58,1294000.0,30528.0,1434500.0,23184.0,0,0,0,0,0,0,0,0,0,0,0,0,0,0,0,0,0,0,0,0,0,0,89,2026-02-04 16:01:22.383213
ATMN,25.24,24.96,25.18,1904300.0,154.0,2013200.0,,0,0,0,0,0,0,0,0,0,0,0,0,0,0,0,0,0,0,0,0,0,0,89,2026-02-04 16:01:22.383213
WNTR,24.22,24.01,24.22,2498800.0,,2108200.0,16300.0,0,0,0,0,0,0,0,0,0,0,0,0,0,0,0,0,0,0,0,0,0,0,89,2026-02-04 16:01:22.383213
SPNG,25.82,25.58,25.82,2151400.0,3333.0,2147500.0,,0,0,0,0,0,0,0,0,0,0,0,0,0,0,0,0,0,0,0,0,0,0,90,2026-02-04 16:01:23.418158
SMMR,25.4,25.4,25.65,1185900.0,33060.0,1433800.0,23184.0,0,0,0,0,0,0,0,0,0,0,0,0,0,0,0,0,0,0,0,0,0,0,90,2026-02-04 16:01:23.418158
ATMN,25.09,25.28,25.33,1885200.0,154.0,1977200.0,,0,0,0,0,0,0,0,0,0,0,0,0,0,0,0,0,0,0,0,0,0,0,90,2026-02-04 16:01:23.418158
WNTR,24.22,24.01,24.12,2498800.0,,2231800.0,8333.0,0,0,0,0,0,0,0,0,0,0,0,0,0,0,0,0,0,0,0,0,0,0,90,2026-02-04 16:01:23.418158
SPNG,25.74,25.74,25.97,2150900.0,3333.0,2120400.0,,0,0,0,0,0,0,0,0,0,0,0,0,0,0,0,0,0,0,0,0,0,0,91,2026-02-04 16:01:24.469546
SMMR,25.33,25.33,25.57,1097600.0,35592.0,1453600.0,23184.0,0,0,0,0,0,0,0,0,0,0,0,0,0,0,0,0,0,0,0,0,0,0,91,2026-02-04 16:01:24.469546
ATMN,25.13,25.15,25.33,1908500.0,154.0,1977200.0,,0,0,0,0,0,0,0,0,0,0,0,0,0,0,0,0,0,0,0,0,0,0,91,2026-02-04 16:01:24.469546
WNTR,24.17,24.01,24.1,2491300.0,,2242000.0,8333.0,0,0,0,0,0,0,0,0,0,0,0,0,0,0,0,0,0,0,0,0,0,0,91,2026-02-04 16:01:24.469546
SPNG,26.08,25.74,25.84,2247600.0,2104900.0,,,0,0,0,0,0,0,0,0,0,0,0,0,0,0,0,0,0,0,0,0,0,0,92,2026-02-04 16:01:25.518470
SMMR,25.33,25.5,25.57,1398400.0,1453600.0,27996.0,23184.0,0,0,0,0,0,0,0,0,0,0,0,0,0,0,0,0,0,0,0,0,0,0,92,2026-02-04 16:01:25.518470
ATMN,24.88,24.95,25.33,1947600.0,1977200.0,154.0,,0,0,0,0,0,0,0,0,0,0,0,0,0,0,0,0,0,0,0,0,0,0,92,2026-02-04 16:01:25.518470
WNTR,24.17,24.04,24.1,2486900.0,2242000.0,,8333.0,0,0,0,0,0,0,0,0,0,0,0,0,0,0,0,0,0,0,0,0,0,0,92,2026-02-04 16:01:25.518470
SPNG,25.84,25.57,25.63,2124500.0,3333.0,2126800.0,,0,0,0,0,0,0,0,0,0,0,0,0,0,0,0,0,0,0,0,0,0,0,93,2026-02-04 16:01:26.570069
SMMR,25.64,25.5,25.6,1398400.0,27996.0,1491700.0,23184.0,0,0,0,0,0,0,0,0,0,0,0,0,0,0,0,0,0,0,0,0,0,0,93,2026-02-04 16:01:26.570069
ATMN,24.88,24.95,25.26,1963200.0,154.0,1992600.0,,0,0,0,0,0,0,0,0,0,0,0,0,0,0,0,0,0,0,0,0,0,0,93,2026-02-04 16:01:26.570069
WNTR,24.1,24.11,24.22,2452000.0,,2108200.0,16300.0,0,0,0,0,0,0,0,0,0,0,0,0,0,0,0,0,0,0,0,0,0,0,93,2026-02-04 16:01:26.570069
SPNG,25.84,25.91,26.08,2120000.0,3333.0,2078800.0,,0,0,0,0,0,0,0,0,0,0,0,0,0,0,0,0,0,0,0,0,0,0,94,2026-02-04 16:01:27.113921
SMMR,25.64,25.5,25.53,1396900.0,27996.0,1487400.0,23184.0,0,0,0,0,0,0,0,0,0,0,0,0,0,0,0,0,0,0,0,0,0,0,94,2026-02-04 16:01:27.113921
ATMN,25.26,24.95,25.26,1963200.0,154.0,1992600.0,,0,0,0,0,0,0,0,0,0,0,0,0,0,0,0,0,0,0,0,0,0,0,94,2026-02-04 16:01:27.113921
WNTR,24.23,24.11,24.23,2452000.0,,1866600.0,32966.0,0,0,0,0,0,0,0,0,0,0,0,0,0,0,0,0,0,0,0,0,0,0,94,2026-02-04 16:01:27.113921
SPNG,25.51,25.51,26.13,2105100.0,3333.0,2092400.0,,0,0,0,0,0,0,0,0,0,0,0,0,0,0,0,0,0,0,0,0,0,0,95,2026-02-04 16:01:28.157988
SMMR,25.64,25.5,25.51,1412300.0,27996.0,1538000.0,23184.0,0,0,0,0,0,0,0,0,0,0,0,0,0,0,0,0,0,0,0,0,0,0,95,2026-02-04 16:01:28.157988
ATMN,25.39,24.95,25.39,1963200.0,154.0,1934800.0,,0,0,0,0,0,0,0,0,0,0,0,0,0,0,0,0,0,0,0,0,0,0,95,2026-02-04 16:01:28.157988
WNTR,24.3,24.13,24.3,2455300.0,,1738900.0,41299.0,0,0,0,0,0,0,0,0,0,0,0,0,0,0,0,0,0,0,0,0,0,0,95,2026-02-04 16:01:28.157988
SPNG,25.51,25.83,26.13,2137200.0,3333.0,2115900.0,,0,0,0,0,0,0,0,0,0,0,0,0,0,0,0,0,0,0,0,0,0,0,96,2026-02-04 16:01:29.229053
SMMR,25.41,25.41,25.51,1275300.0,30528.0,1521600.0,23184.0,0,0,0,0,0,0,0,0,0,0,0,0,0,0,0,0,0,0,0,0,0,0,96,2026-02-04 16:01:29.229053
ATMN,24.85,25.13,25.39,1903100.0,154.0,1934800.0,,0,0,0,0,0,0,0,0,0,0,0,0,0,0,0,0,0,0,0,0,0,0,96,2026-02-04 16:01:29.229053
WNTR,24.3,24.23,24.3,2434300.0,,1738900.0,41299.0,0,0,0,0,0,0,0,0,0,0,0,0,0,0,0,0,0,0,0,0,0,0,96,2026-02-04 16:01:29.229053
SPNG,25.51,25.83,25.87,2131900.0,3333.0,2136500.0,,0,0,0,0,0,0,0,0,0,0,0,0,0,0,0,0,0,0,0,0,0,0,97,2026-02-04 16:01:30.311341
SMMR,25.53,25.41,25.53,1275300.0,30528.0,1535100.0,23184.0,0,0,0,0,0,0,0,0,0,0,0,0,0,0,0,0,0,0,0,0,0,0,97,2026-02-04 16:01:30.311341
ATMN,25.13,24.95,25.06,1901800.0,154.0,1922700.0,,0,0,0,0,0,0,0,0,0,0,0,0,0,0,0,0,0,0,0,0,0,0,97,2026-02-04 16:01:30.311341
WNTR,24.34,24.23,24.34,2434300.0,,1743300.0,41299.0,0,0,0,0,0,0,0,0,0,0,0,0,0,0,0,0,0,0,0,0,0,0,97,2026-02-04 16:01:30.311341
SPNG,25.51,25.41,25.43,2121300.0,3333.0,2142500.0,,0,0,0,0,0,0,0,0,0,0,0,0,0,0,0,0,0,0,0,0,0,0,98,2026-02-04 16:01:31.359836
SMMR,25.64,25.4,25.64,1388400.0,27996.0,1482300.0,23184.0,0,0,0,0,0,0,0,0,0,0,0,0,0,0,0,0,0,0,0,0,0,0,98,2026-02-04 16:01:31.359836
ATMN,24.95,24.89,24.92,1916800.0,154.0,1996200.0,,0,0,0,0,0,0,0,0,0,0,0,0,0,0,0,0,0,0,0,0,0,0,98,2026-02-04 16:01:31.359836
WNTR,24.34,24.23,24.34,2423800.0,,1852800.0,32966.0,0,0,0,0,0,0,0,0,0,0,0,0,0,0,0,0,0,0,0,0,0,0,98,2026-02-04 16:01:31.359836
SPNG,26.13,25.41,25.86,2121300.0,3333.0,2159100.0,,0,0,0,0,0,0,0,0,0,0,0,0,0,0,0,0,0,0,0,0,0,0,99,2026-02-04 16:01:32.404627
SMMR,25.66,25.4,25.66,1387500.0,27996.0,1441400.0,23184.0,0,0,0,0,0,0,0,0,0,0,0,0,0,0,0,0,0,0,0,0,0,0,99,2026-02-04 16:01:32.404627
ATMN,25.09,25.09,25.21,1896900.0,154.0,1922400.0,,0,0,0,0,0,0,0,0,0,0,0,0,0,0,0,0,0,0,0,0,0,0,99,2026-02-04 16:01:32.404627
WNTR,24.34,24.34,24.36,2424000.0,,1850500.0,32966.0,0,0,0,0,0,0,0,0,0,0,0,0,0,0,0,0,0,0,0,0,0,0,99,2026-02-04 16:01:32.404627
SPNG,25.66,25.66,25.86,2130300.0,3333.0,2159100.0,,0,0,0,0,0,0,0,0,0,0,0,0,0,0,0,0,0,0,0,0,0,0,100,2026-02-04 16:01:33.459336
SMMR,25.52,25.52,25.64,1414400.0,27996.0,1485000.0,23184.0,0,0,0,0,0,0,0,0,0,0,0,0,0,0,0,0,0,0,0,0,0,0,100,2026-02-04 16:01:33.459336
ATMN,25.21,25.09,25.21,1896900.0,154.0,1955700.0,,0,0,0,0,0,0,0,0,0,0,0,0,0,0,0,0,0,0,0,0,0,0,100,2026-02-04 16:01:33.459336
WNTR,24.17,24.17,24.36,2456800.0,,1952800.0,24633.0,0,0,0,0,0,0,0,0,0,0,0,0,0,0,0,0,0,0,0,0,0,0,100,2026-02-04 16:01:33.459336
SPNG,25.61,25.61,25.69,2137200.0,3333.0,2157100.0,,0,0,0,0,0,0,0,0,0,0,0,0,0,0,0,0,0,0,0,0,0,0,101,2026-02-04 16:01:34.534940
SMMR,25.54,25.54,25.64,1530300.0,21330.0,1485800.0,23184.0,0,0,0,0,0,0,0,0,0,0,0,0,0,0,0,0,0,0,0,0,0,0,101,2026-02-04 16:01:34.534940
ATMN,24.85,25.29,25.39,1930100.0,154.0,1924200.0,,0,0,0,0,0,0,0,0,0,0,0,0,0,0,0,0,0,0,0,0,0,0,101,2026-02-04 16:01:34.534940
WNTR,24.17,24.26,24.33,2416100.0,,2185200.0,8333.0,0,0,0,0,0,0,0,0,0,0,0,0,0,0,0,0,0,0,0,0,0,0,101,2026-02-04 16:01:34.534940
SPNG,25.86,25.61,25.86,2137200.0,3333.0,2156100.0,,0,0,0,0,0,0,0,0,0,0,0,0,0,0,0,0,0,0,0,0,0,0,102,2026-02-04 16:01:35.583669
SMMR,25.52,25.4,25.46,1387500.0,27996.0,1476400.0,23184.0,0,0,0,0,0,0,0,0,0,0,0,0,0,0,0,0,0,0,0,0,0,0,102,2026-02-04 16:01:35.583669
ATMN,25.29,25.29,25.33,1930100.0,154.0,1941800.0,,0,0,0,0,0,0,0,0,0,0,0,0,0,0,0,0,0,0,0,0,0,0,102,2026-02-04 16:01:35.583669
WNTR,24.17,24.3,24.33,2388300.0,,2180900.0,8333.0,0,0,0,0,0,0,0,0,0,0,0,0,0,0,0,0,0,0,0,0,0,0,102,2026-02-04 16:01:35.583669
SPNG,25.55,25.55,25.86,2160800.0,3333.0,2112800.0,,0,0,0,0,0,0,0,0,0,0,0,0,0,0,0,0,0,0,0,0,0,0,103,2026-02-04 16:01:36.623598
SMMR,25.46,25.57,25.6,1526200.0,21330.0,1452600.0,23184.0,0,0,0,0,0,0,0,0,0,0,0,0,0,0,0,0,0,0,0,0,0,0,103,2026-02-04 16:01:36.623598
ATMN,25.29,24.98,25.15,1908900.0,154.0,1960000.0,,0,0,0,0,0,0,0,0,0,0,0,0,0,0,0,0,0,0,0,0,0,0,103,2026-02-04 16:01:36.623598
WNTR,24.35,24.3,24.35,2388300.0,,2204400.0,8333.0,0,0,0,0,0,0,0,0,0,0,0,0,0,0,0,0,0,0,0,0,0,0,103,2026-02-04 16:01:36.623598
SPNG,25.41,25.41,25.86,2136500.0,3333.0,2112800.0,,0,0,0,0,0,0,0,0,0,0,0,0,0,0,0,0,0,0,0,0,0,0,104,2026-02-04 16:01:37.167004
SMMR,25.57,25.57,25.6,1622500.0,14664.0,1452600.0,23184.0,0,0,0,0,0,0,0,0,0,0,0,0,0,0,0,0,0,0,0,0,0,0,104,2026-02-04 16:01:37.167004
ATMN,25.16,24.98,25.16,1908900.0,154.0,1991500.0,,0,0,0,0,0,0,0,0,0,0,0,0,0,0,0,0,0,0,0,0,0,0,104,2026-02-04 16:01:37.167004
WNTR,24.35,24.3,24.31,2388300.0,,2234100.0,8333.0,0,0,0,0,0,0,0,0,0,0,0,0,0,0,0,0,0,0,0,0,0,0,104,2026-02-04 16:01:37.167004
SPNG,25.87,25.41,25.87,2144300.0,3333.0,2118100.0,,0,0,0,0,0,0,0,0,0,0,0,0,0,0,0,0,0,0,0,0,0,0,105,2026-02-04 16:01:38.229265
SMMR,25.57,25.57,25.58,1720100.0,9864.0,1433400.0,23184.0,0,0,0,0,0,0,0,0,0,0,0,0,0,0,0,0,0,0,0,0,0,0,105,2026-02-04 16:01:38.229265
ATMN,24.98,24.98,25.09,1908900.0,154.0,2022200.0,,0,0,0,0,0,0,0,0,0,0,0,0,0,0,0,0,0,0,0,0,0,0,105,2026-02-04 16:01:38.229265
WNTR,24.17,24.17,24.31,2456800.0,,2357000.0,,0,0,0,0,0,0,0,0,0,0,0,0,0,0,0,0,0,0,0,0,0,0,105,2026-02-04 16:01:38.229265
SPNG,25.36,25.36,26.26,2126500.0,3333.0,2112000.0,,0,0,0,0,0,0,0,0,0,0,0,0,0,0,0,0,0,0,0,0,0,0,106,2026-02-04 16:01:39.278556
SMMR,25.6,25.57,25.6,1720100.0,9864.0,1415500.0,23184.0,0,0,0,0,0,0,0,0,0,0,0,0,0,0,0,0,0,0,0,0,0,0,106,2026-02-04 16:01:39.278556
ATMN,24.87,24.87,25.09,1939400.0,154.0,1997300.0,,0,0,0,0,0,0,0,0,0,0,0,0,0,0,0,0,0,0,0,0,0,0,106,2026-02-04 16:01:39.278556
WNTR,24.17,24.17,24.33,2456800.0,,2255500.0,8333.0,0,0,0,0,0,0,0,0,0,0,0,0,0,0,0,0,0,0,0,0,0,0,106,2026-02-04 16:01:39.278556
SPNG,25.36,25.36,25.72,2126500.0,3333.0,2145200.0,,0,0,0,0,0,0,0,0,0,0,0,0,0,0,0,0,0,0,0,0,0,0,107,2026-02-04 16:01:40.311911
SMMR,25.4,25.4,25.41,1487400.0,21330.0,1441500.0,23184.0,0,0,0,0,0,0,0,0,0,0,0,0,0,0,0,0,0,0,0,0,0,0,107,2026-02-04 16:01:40.311911
ATMN,25.09,25.09,25.16,1909500.0,154.0,1965700.0,,0,0,0,0,0,0,0,0,0,0,0,0,0,0,0,0,0,0,0,0,0,0,107,2026-02-04 16:01:40.311911
WNTR,24.11,24.23,24.33,2441100.0,,2255500.0,8333.0,0,0,0,0,0,0,0,0,0,0,0,0,0,0,0,0,0,0,0,0,0,0,107,2026-02-04 16:01:40.311911
SPNG,25.72,25.78,26.26,2122500.0,3333.0,2122900.0,,0,0,0,0,0,0,0,0,0,0,0,0,0,0,0,0,0,0,0,0,0,0,108,2026-02-04 16:01:41.343887
SMMR,25.48,25.4,25.46,1584300.0,14664.0,1437000.0,23184.0,0,0,0,0,0,0,0,0,0,0,0,0,0,0,0,0,0,0,0,0,0,0,108,2026-02-04 16:01:41.343887
ATMN,25.09,25.09,25.16,1882700.0,154.0,1964800.0,,0,0,0,0,0,0,0,0,0,0,0,0,0,0,0,0,0,0,0,0,0,0,108,2026-02-04 16:01:41.343887
WNTR,24.36,24.23,24.36,2441100.0,,2199800.0,8333.0,0,0,0,0,0,0,0,0,0,0,0,0,0,0,0,0,0,0,0,0,0,0,108,2026-02-04 16:01:41.343887
SPNG,25.84,25.35,25.84,2103500.0,3333.0,2131700.0,,0,0,0,0,0,0,0,0,0,0,0,0,0,0,0,0,0,0,0,0,0,0,109,2026-02-04 16:01:42.380619
SMMR,25.4,25.4,25.46,1475200.0,21330.0,1437000.0,23184.0,0,0,0,0,0,0,0,0,0,0,0,0,0,0,0,0,0,0,0,0,0,0,109,2026-02-04 16:01:42.380619
ATMN,25.16,25.0,25.16,1893000.0,154.0,1941700.0,,0,0,0,0,0,0,0,0,0,0,0,0,0,0,0,0,0,0,0,0,0,0,109,2026-02-04 16:01:42.380619
WNTR,24.36,24.23,24.36,2421500.0,,2199800.0,8333.0,0,0,0,0,0,0,0,0,0,0,0,0,0,0,0,0,0,0,0,0,0,0,109,2026-02-04 16:01:42.380619
SPNG,25.35,25.35,26.26,2129500.0,3333.0,2122900.0,,0,0,0,0,0,0,0,0,0,0,0,0,0,0,0,0,0,0,0,0,0,0,110,2026-02-04 16:01:43.420956
SMMR,25.38,25.38,25.46,1473200.0,21330.0,1437000.0,23184.0,0,0,0,0,0,0,0,0,0,0,0,0,0,0,0,0,0,0,0,0,0,0,110,2026-02-04 16:01:43.420956
ATMN,25.16,25.0,25.16,1899400.0,154.0,1941700.0,,0,0,0,0,0,0,0,0,0,0,0,0,0,0,0,0,0,0,0,0,0,0,110,2026-02-04 16:01:43.420956
WNTR,24.37,24.23,24.37,2412400.0,,2098000.0,16300.0,0,0,0,0,0,0,0,0,0,0,0,0,0,0,0,0,0,0,0,0,0,0,110,2026-02-04 16:01:43.420956
SPNG,26.31,25.35,26.31,2129500.0,3333.0,2116800.0,,0,0,0,0,0,0,0,0,0,0,0,0,0,0,0,0,0,0,0,0,0,0,111,2026-02-04 16:01:44.469504
SMMR,25.38,25.38,25.53,1376300.0,27996.0,1438400.0,23184.0,0,0,0,0,0,0,0,0,0,0,0,0,0,0,0,0,0,0,0,0,0,0,111,2026-02-04 16:01:44.469504
ATMN,25.18,25.0,25.18,1993500.0,,1966600.0,,0,0,0,0,0,0,0,0,0,0,0,0,0,0,0,0,0,0,0,0,0,0,111,2026-02-04 16:01:44.469504
WNTR,24.21,24.21,24.38,2442800.0,,1971100.0,24633.0,0,0,0,0,0,0,0,0,0,0,0,0,0,0,0,0,0,0,0,0,0,0,111,2026-02-04 16:01:44.469504
SPNG,26.31,25.35,26.31,2233300.0,2116800.0,,,0,0,0,0,0,0,0,0,0,0,0,0,0,0,0,0,0,0,0,0,0,0,112,2026-02-04 16:01:45.527625
SMMR,25.6,25.58,25.6,1396200.0,1450100.0,27996.0,23184.0,0,0,0,0,0,0,0,0,0,0,0,0,0,0,0,0,0,0,0,0,0,0,112,2026-02-04 16:01:45.527625
ATMN,25.15,25.15,25.18,2023200.0,1966600.0,,,0,0,0,0,0,0,0,0,0,0,0,0,0,0,0,0,0,0,0,0,0,0,112,2026-02-04 16:01:45.527625
WNTR,24.39,24.21,24.39,2435600.0,1837500.0,,32966.0,0,0,0,0,0,0,0,0,0,0,0,0,0,0,0,0,0,0,0,0,0,0,112,2026-02-04 16:01:45.527625
SPNG,26.31,25.35,25.87,2233300.0,2126200.0,,,0,0,0,0,0,0,0,0,0,0,0,0,0,0,0,0,0,0,0,0,0,0,113,2026-02-04 16:01:46.575088
SMMR,25.58,25.35,25.38,1396100.0,1477700.0,27996.0,23184.0,0,0,0,0,0,0,0,0,0,0,0,0,0,0,0,0,0,0,0,0,0,0,113,2026-02-04 16:01:46.575088
ATMN,25.18,25.1,25.18,2028800.0,1948700.0,,,0,0,0,0,0,0,0,0,0,0,0,0,0,0,0,0,0,0,0,0,0,0,113,2026-02-04 16:01:46.575088
WNTR,24.39,24.31,24.39,2374100.0,1975200.0,,24633.0,0,0,0,0,0,0,0,0,0,0,0,0,0,0,0,0,0,0,0,0,0,0,113,2026-02-04 16:01:46.575088
SPNG,25.87,25.41,25.87,2221100.0,2143400.0,,,0,0,0,0,0,0,0,0,0,0,0,0,0,0,0,0,0,0,0,0,0,0,114,2026-02-04 16:01:47.624518
SMMR,25.38,25.35,25.38,1617000.0,1477700.0,14664.0,23184.0,0,0,0,0,0,0,0,0,0,0,0,0,0,0,0,0,0,0,0,0,0,0,114,2026-02-04 16:01:47.624518
ATMN,25.19,25.03,25.19,2022700.0,1961100.0,,,0,0,0,0,0,0,0,0,0,0,0,0,0,0,0,0,0,0,0,0,0,0,114,2026-02-04 16:01:47.624518
WNTR,24.43,24.31,24.43,2374100.0,1737900.0,,41299.0,0,0,0,0,0,0,0,0,0,0,0,0,0,0,0,0,0,0,0,0,0,0,114,2026-02-04 16:01:47.624518
SPNG,26.33,25.41,25.48,2221100.0,2124200.0,,,0,0,0,0,0,0,0,0,0,0,0,0,0,0,0,0,0,0,0,0,0,0,115,2026-02-04 16:01:48.183838
SMMR,25.38,25.42,25.6,1702200.0,1440600.0,9864.0,23184.0,0,0,0,0,0,0,0,0,0,0,0,0,0,0,0,0,0,0,0,0,0,0,115,2026-02-04 16:01:48.183838
ATMN,25.19,25.03,25.12,2022700.0,1949200.0,,,0,0,0,0,0,0,0,0,0,0,0,0,0,0,0,0,0,0,0,0,0,0,115,2026-02-04 16:01:48.183838
WNTR,24.43,24.31,24.38,2357200.0,1842000.0,,32966.0,0,0,0,0,0,0,0,0,0,0,0,0,0,0,0,0,0,0,0,0,0,0,115,2026-02-04 16:01:48.183838
SPNG,25.48,25.66,26.33,2223500.0,2111200.0,,,0,0,0,0,0,0,0,0,0,0,0,0,0,0,0,0,0,0,0,0,0,0,116,2026-02-04 16:01:49.242529
SMMR,25.38,25.42,25.6,1913900.0,1440600.0,2532.0,23184.0,0,0,0,0,0,0,0,0,0,0,0,0,0,0,0,0,0,0,0,0,0,0,116,2026-02-04 16:01:49.242529
ATMN,25.19,25.03,25.19,2053900.0,1941700.0,,,0,0,0,0,0,0,0,0,0,0,0,0,0,0,0,0,0,0,0,0,0,0,116,2026-02-04 16:01:49.242529
WNTR,24.35,24.35,24.38,2358300.0,1842000.0,,32966.0,0,0,0,0,0,0,0,0,0,0,0,0,0,0,0,0,0,0,0,0,0,0,116,2026-02-04 16:01:49.242529
SPNG,25.69,25.66,25.69,2227600.0,2122600.0,,,0,0,0,0,0,0,0,0,0,0,0,0,0,0,0,0,0,0,0,0,0,0,117,2026-02-04 16:01:50.300783
SMMR,25.64,25.42,25.64,1913900.0,1444200.0,2532.0,23184.0,0,0,0,0,0,0,0,0,0,0,0,0,0,0,0,0,0,0,0,0,0,0,117,2026-02-04 16:01:50.300783
ATMN,25.25,25.03,25.11,2053900.0,1935700.0,,,0,0,0,0,0,0,0,0,0,0,0,0,0,0,0,0,0,0,0,0,0,0,117,2026-02-04 16:01:50.300783
WNTR,24.35,24.31,24.34,2357200.0,2217600.0,,8333.0,0,0,0,0,0,0,0,0,0,0,0,0,0,0,0,0,0,0,0,0,0,0,117,2026-02-04 16:01:50.300783
SPNG,25.69,25.74,26.07,2214400.0,2119200.0,,0,0,0,0,0,0,0,0,0,0,0,0,0,0,0,0,0,0,0,0,0,0,0,118,2026-02-04 16:01:51.345707
SMMR,25.59,25.57,25.59,2017900.0,1454500.0,23184.0,0,0,0,0,0,0,0,0,0,0,0,0,0,0,0,0,0,0,0,0,0,0,0,118,2026-02-04 16:01:51.345707
ATMN,25.11,25.03,25.11,2053900.0,1935700.0,,0,0,0,0,0,0,0,0,0,0,0,0,0,0,0,0,0,0,0,0,0,0,0,118,2026-02-04 16:01:51.345707
WNTR,24.35,24.31,24.34,2314800.0,2220000.0,8333.0,0,0,0,0,0,0,0,0,0,0,0,0,0,0,0,0,0,0,0,0,0,0,0,118,2026-02-04 16:01:51.345707
SPNG,25.67,25.36,25.67,2206100.0,2131600.0,,0,0,0,0,0,0,0,0,0,0,0,0,0,0,0,0,0,0,0,0,0,0,0,119,2026-02-04 16:01:52.400020
SMMR,25.64,25.57,25.64,2017900.0,1438900.0,23184.0,0,0,0,0,0,0,0,0,0,0,0,0,0,0,0,0,0,0,0,0,0,0,0,119,2026-02-04 16:01:52.400020
ATMN,25.0,25.0,25.11,2027100.0,1924200.0,,0,0,0,0,0,0,0,0,0,0,0,0,0,0,0,0,0,0,0,0,0,0,0,119,2026-02-04 16:01:52.400020
WNTR,24.39,24.31,24.39,2314800.0,2191600.0,8333.0,0,0,0,0,0,0,0,0,0,0,0,0,0,0,0,0,0,0,0,0,0,0,0,119,2026-02-04 16:01:52.400020
SPNG,25.67,24.11,0.0,3333.0,200000.0,,0,0,0,0,0,0,0,0,0,0,0,0,0,0,0,0,0,0,0,0,0,0,0,120,2026-02-04 16:01:53.467749
SMMR,26.01,26.0,26.01,48252.0,627900.0,698700.0,0,0,0,0,0,0,0,0,0,0,0,0,0,0,0,0,0,0,0,0,0,0,0,120,2026-02-04 16:01:53.467749
ATMN,25.0,24.53,0.0,154.0,200000.0,,0,0,0,0,0,0,0,0,0,0,0,0,0,0,0,0,0,0,0,0,0,0,0,120,2026-02-04 16:01:53.467749
WNTR,25.25,26.42,0.0,,200000.0,,0,0,0,0,0,0,0,0,0,0,0,0,0,0,0,0,0,0,0,0,0,0,0,120,2026-02-04 16:01:53.467749
SPNG,25.67,24.61,25.19,1049600.0,3333.0,928500.0,0,0,0,0,0,0,0,0,0,0,0,0,0,0,0,0,0,0,0,0,0,0,0,121,2026-02-04 16:01:54.508796
SMMR,26.0,25.62,25.97,628700.0,48252.0,1002700.0,0,0,0,0,0,0,0,0,0,0,0,0,0,0,0,0,0,0,0,0,0,0,0,121,2026-02-04 16:01:54.508796
ATMN,26.45,25.97,26.39,798100.0,154.0,1021800.0,0,0,0,0,0,0,0,0,0,0,0,0,0,0,0,0,0,0,0,0,0,0,0,121,2026-02-04 16:01:54.508796
WNTR,26.04,25.95,26.04,1103500.0,,846800.0,0,0,0,0,0,0,0,0,0,0,0,0,0,0,0,0,0,0,0,0,0,0,0,121,2026-02-04 16:01:54.508796
SPNG,24.61,24.61,24.71,1049600.0,3333.0,1261100.0,,0,0,0,0,0,0,0,0,0,0,0,0,0,0,0,0,0,0,0,0,0,0,122,2026-02-04 16:01:55.549757
SMMR,26.0,25.87,25.97,841800.0,43188.0,1106900.0,,0,0,0,0,0,0,0,0,0,0,0,0,0,0,0,0,0,0,0,0,0,0,122,2026-02-04 16:01:55.549757
ATMN,25.97,25.79,25.81,830900.0,154.0,1330100.0,,0,0,0,0,0,0,0,0,0,0,0,0,0,0,0,0,0,0,0,0,0,0,122,2026-02-04 16:01:55.549757
WNTR,26.08,26.0,26.08,1428400.0,,847900.0,12614.0,0,0,0,0,0,0,0,0,0,0,0,0,0,0,0,0,0,0,0,0,0,0,122,2026-02-04 16:01:55.549757
SPNG,24.11,23.77,23.78,1155100.0,1622200.0,,0,0,0,0,0,0,0,0,0,0,0,0,0,0,0,0,0,0,0,0,0,0,0,123,2026-02-04 16:01:56.590647
SMMR,26.06,26.1,26.15,1024300.0,891400.0,38124.0,0,0,0,0,0,0,0,0,0,0,0,0,0,0,0,0,0,0,0,0,0,0,0,123,2026-02-04 16:01:56.590647
ATMN,25.79,25.67,25.73,828900.0,1521800.0,154.0,0,0,0,0,0,0,0,0,0,0,0,0,0,0,0,0,0,0,0,0,0,0,0,123,2026-02-04 16:01:56.590647
WNTR,26.43,26.12,26.43,1675300.0,824800.0,,0,0,0,0,0,0,0,0,0,0,0,0,0,0,0,0,0,0,0,0,0,0,0,123,2026-02-04 16:01:56.590647
SPNG,23.28,23.28,23.71,1215900.0,1927400.0,,0,0,0,0,0,0,0,0,0,0,0,0,0,0,0,0,0,0,0,0,0,0,0,124,2026-02-04 16:01:57.640013
SMMR,26.06,26.1,26.15,1024300.0,1180300.0,38124.0,0,0,0,0,0,0,0,0,0,0,0,0,0,0,0,0,0,0,0,0,0,0,0,124,2026-02-04 16:01:57.640013
ATMN,25.47,25.47,25.73,851000.0,1805000.0,154.0,0,0,0,0,0,0,0,0,0,0,0,0,0,0,0,0,0,0,0,0,0,0,0,124,2026-02-04 16:01:57.640013
WNTR,26.65,26.44,26.62,1804200.0,954600.0,16666.0,0,0,0,0,0,0,0,0,0,0,0,0,0,0,0,0,0,0,0,0,0,0,0,124,2026-02-04 16:01:57.640013
SPNG,23.22,23.22,23.71,1295400.0,2084300.0,,,0,0,0,0,0,0,0,0,0,0,0,0,0,0,0,0,0,0,0,0,0,0,125,2026-02-04 16:01:58.688447
SMMR,26.15,25.91,26.15,943600.0,1281200.0,40656.0,,0,0,0,0,0,0,0,0,0,0,0,0,0,0,0,0,0,0,0,0,0,0,125,2026-02-04 16:01:58.688447
ATMN,25.47,24.53,25.08,877600.0,1921900.0,154.0,,0,0,0,0,0,0,0,0,0,0,0,0,0,0,0,0,0,0,0,0,0,0,125,2026-02-04 16:01:58.688447
WNTR,26.44,26.44,26.47,1804200.0,1258200.0,24999.0,7316.0,0,0,0,0,0,0,0,0,0,0,0,0,0,0,0,0,0,0,0,0,0,0,125,2026-02-04 16:01:58.688447
SPNG,23.22,23.22,23.71,1295400.0,2129000.0,,,0,0,0,0,0,0,0,0,0,0,0,0,0,0,0,0,0,0,0,0,0,0,126,2026-02-04 16:01:59.732619
SMMR,25.86,25.97,26.15,1051200.0,1281200.0,38124.0,,0,0,0,0,0,0,0,0,0,0,0,0,0,0,0,0,0,0,0,0,0,0,126,2026-02-04 16:01:59.732619
ATMN,24.08,24.08,24.17,932600.0,1934800.0,,,0,0,0,0,0,0,0,0,0,0,0,0,0,0,0,0,0,0,0,0,0,0,126,2026-02-04 16:01:59.732619
WNTR,26.33,26.33,26.47,2164500.0,1258200.0,,15649.0,0,0,0,0,0,0,0,0,0,0,0,0,0,0,0,0,0,0,0,0,0,0,126,2026-02-04 16:01:59.732619
SPNG,23.22,23.22,23.37,1529800.0,2136300.0,,,0,0,0,0,0,0,0,0,0,0,0,0,0,0,0,0,0,0,0,0,0,0,127,2026-02-04 16:02:00.276001
SMMR,25.86,25.97,26.04,1051200.0,1500000.0,38124.0,,0,0,0,0,0,0,0,0,0,0,0,0,0,0,0,0,0,0,0,0,0,0,127,2026-02-04 16:02:00.276001
ATMN,24.08,24.08,24.17,1055700.0,1949200.0,,,0,0,0,0,0,0,0,0,0,0,0,0,0,0,0,0,0,0,0,0,0,0,127,2026-02-04 16:02:00.276001
WNTR,26.25,26.25,26.43,2070000.0,1359200.0,,40648.0,0,0,0,0,0,0,0,0,0,0,0,0,0,0,0,0,0,0,0,0,0,0,127,2026-02-04 16:02:00.276001
SPNG,23.22,23.22,23.34,1658900.0,2135600.0,,0,0,0,0,0,0,0,0,0,0,0,0,0,0,0,0,0,0,0,0,0,0,0,128,2026-02-04 16:02:01.321079
SMMR,25.97,25.86,25.87,1179200.0,1589700.0,35592.0,0,0,0,0,0,0,0,0,0,0,0,0,0,0,0,0,0,0,0,0,0,0,0,128,2026-02-04 16:02:01.321079
ATMN,24.04,23.94,24.04,1106200.0,1961200.0,,0,0,0,0,0,0,0,0,0,0,0,0,0,0,0,0,0,0,0,0,0,0,0,128,2026-02-04 16:02:01.321079
WNTR,26.57,26.56,26.57,2197400.0,1154800.0,,0,0,0,0,0,0,0,0,0,0,0,0,0,0,0,0,0,0,0,0,0,0,0,128,2026-02-04 16:02:01.321079
SPNG,23.29,23.0,23.29,1654900.0,2168400.0,,0,0,0,0,0,0,0,0,0,0,0,0,0,0,0,0,0,0,0,0,0,0,0,129,2026-02-04 16:02:02.373087
SMMR,25.87,25.92,25.94,1481600.0,1608500.0,27996.0,0,0,0,0,0,0,0,0,0,0,0,0,0,0,0,0,0,0,0,0,0,0,0,129,2026-02-04 16:02:02.373087
ATMN,24.17,24.06,24.17,1213600.0,1964000.0,,0,0,0,0,0,0,0,0,0,0,0,0,0,0,0,0,0,0,0,0,0,0,0,129,2026-02-04 16:02:02.373087
WNTR,26.56,26.56,26.57,2197400.0,1254300.0,,0,0,0,0,0,0,0,0,0,0,0,0,0,0,0,0,0,0,0,0,0,0,0,129,2026-02-04 16:02:02.373087
SPNG,23.37,23.06,23.37,2014000.0,2129700.0,,0,0,0,0,0,0,0,0,0,0,0,0,0,0,0,0,0,0,0,0,0,0,0,130,2026-02-04 16:02:03.517226
SMMR,25.94,25.92,25.94,1490000.0,1608500.0,27996.0,0,0,0,0,0,0,0,0,0,0,0,0,0,0,0,0,0,0,0,0,0,0,0,130,2026-02-04 16:02:03.517226
ATMN,24.28,24.06,24.09,1213600.0,1964100.0,,0,0,0,0,0,0,0,0,0,0,0,0,0,0,0,0,0,0,0,0,0,0,0,130,2026-02-04 16:02:03.517226
WNTR,26.25,26.25,26.32,2070000.0,1537600.0,,0,0,0,0,0,0,0,0,0,0,0,0,0,0,0,0,0,0,0,0,0,0,0,130,2026-02-04 16:02:03.517226
SPNG,23.37,23.06,23.37,2242600.0,2159900.0,,0,0,0,0,0,0,0,0,0,0,0,0,0,0,0,0,0,0,0,0,0,0,0,131,2026-02-04 16:02:04.553799
SMMR,26.05,25.86,25.89,1389900.0,1488700.0,30528.0,0,0,0,0,0,0,0,0,0,0,0,0,0,0,0,0,0,0,0,0,0,0,0,131,2026-02-04 16:02:04.553799
ATMN,24.28,24.06,24.09,1395700.0,1954200.0,,0,0,0,0,0,0,0,0,0,0,0,0,0,0,0,0,0,0,0,0,0,0,0,131,2026-02-04 16:02:04.553799
WNTR,26.32,26.37,26.54,2198600.0,1646800.0,,0,0,0,0,0,0,0,0,0,0,0,0,0,0,0,0,0,0,0,0,0,0,0,131,2026-02-04 16:02:04.553799
SPNG,23.06,23.06,23.4,2242600.0,2123600.0,,0,0,0,0,0,0,0,0,0,0,0,0,0,0,0,0,0,0,0,0,0,0,0,132,2026-02-04 16:02:05.596418
SMMR,25.88,25.88,26.1,1508200.0,1494600.0,27996.0,0,0,0,0,0,0,0,0,0,0,0,0,0,0,0,0,0,0,0,0,0,0,0,132,2026-02-04 16:02:05.596418
ATMN,24.28,24.06,24.09,1395700.0,2007600.0,,0,0,0,0,0,0,0,0,0,0,0,0,0,0,0,0,0,0,0,0,0,0,0,132,2026-02-04 16:02:05.596418
WNTR,26.2,26.12,26.18,1937300.0,1745100.0,,0,0,0,0,0,0,0,0,0,0,0,0,0,0,0,0,0,0,0,0,0,0,0,132,2026-02-04 16:02:05.596418
SPNG,23.06,23.18,23.36,2593000.0,2122800.0,,0,0,0,0,0,0,0,0,0,0,0,0,0,0,0,0,0,0,0,0,0,0,0,133,2026-02-04 16:02:06.642906
SMMR,25.88,25.93,25.94,1740200.0,1597100.0,14664.0,0,0,0,0,0,0,0,0,0,0,0,0,0,0,0,0,0,0,0,0,0,0,0,133,2026-02-04 16:02:06.642906
ATMN,24.16,24.06,24.16,1395700.0,2021800.0,,0,0,0,0,0,0,0,0,0,0,0,0,0,0,0,0,0,0,0,0,0,0,0,133,2026-02-04 16:02:06.642906
WNTR,26.57,26.23,26.57,2031700.0,1547800.0,,0,0,0,0,0,0,0,0,0,0,0,0,0,0,0,0,0,0,0,0,0,0,0,133,2026-02-04 16:02:06.642906
SPNG,23.4,23.61,23.71,2661200.0,2129000.0,,0,0,0,0,0,0,0,0,0,0,0,0,0,0,0,0,0,0,0,0,0,0,0,134,2026-02-04 16:02:07.713978
SMMR,25.89,25.89,25.94,1737900.0,1597100.0,14664.0,0,0,0,0,0,0,0,0,0,0,0,0,0,0,0,0,0,0,0,0,0,0,0,134,2026-02-04 16:02:07.713978
ATMN,24.06,23.94,24.01,1288300.0,2047800.0,,0,0,0,0,0,0,0,0,0,0,0,0,0,0,0,0,0,0,0,0,0,0,0,134,2026-02-04 16:02:07.713978
WNTR,26.51,26.51,26.57,2158400.0,1770400.0,,0,0,0,0,0,0,0,0,0,0,0,0,0,0,0,0,0,0,0,0,0,0,0,134,2026-02-04 16:02:07.713978
SPNG,23.0,23.0,23.71,2374200.0,2129000.0,,0,0,0,0,0,0,0,0,0,0,0,0,0,0,0,0,0,0,0,0,0,0,0,135,2026-02-04 16:02:08.757323
SMMR,25.91,25.89,25.91,1737900.0,1704300.0,14664.0,0,0,0,0,0,0,0,0,0,0,0,0,0,0,0,0,0,0,0,0,0,0,0,135,2026-02-04 16:02:08.757323
ATMN,23.94,23.94,24.01,1412100.0,2047800.0,,0,0,0,0,0,0,0,0,0,0,0,0,0,0,0,0,0,0,0,0,0,0,0,135,2026-02-04 16:02:08.757323
WNTR,26.51,26.51,26.55,2158400.0,2107500.0,,0,0,0,0,0,0,0,0,0,0,0,0,0,0,0,0,0,0,0,0,0,0,0,135,2026-02-04 16:02:08.757323
SPNG,23.0,23.17,23.37,2598500.0,2137300.0,,0,0,0,0,0,0,0,0,0,0,0,0,0,0,0,0,0,0,0,0,0,0,0,136,2026-02-04 16:02:09.296489
SMMR,25.94,25.98,26.01,1847500.0,1660700.0,9864.0,0,0,0,0,0,0,0,0,0,0,0,0,0,0,0,0,0,0,0,0,0,0,0,136,2026-02-04 16:02:09.296489
ATMN,24.23,23.94,24.23,1514900.0,2051300.0,,0,0,0,0,0,0,0,0,0,0,0,0,0,0,0,0,0,0,0,0,0,0,0,136,2026-02-04 16:02:09.296489
WNTR,26.54,26.23,26.39,2031700.0,2098400.0,,0,0,0,0,0,0,0,0,0,0,0,0,0,0,0,0,0,0,0,0,0,0,0,136,2026-02-04 16:02:09.296489
SPNG,23.37,23.17,23.37,2642400.0,2137300.0,,0,0,0,0,0,0,0,0,0,0,0,0,0,0,0,0,0,0,0,0,0,0,0,137,2026-02-04 16:02:10.339525
SMMR,26.01,25.89,26.01,1737900.0,1768600.0,14664.0,0,0,0,0,0,0,0,0,0,0,0,0,0,0,0,0,0,0,0,0,0,0,0,137,2026-02-04 16:02:10.339525
ATMN,24.29,24.3,24.32,1614100.0,2021300.0,,0,0,0,0,0,0,0,0,0,0,0,0,0,0,0,0,0,0,0,0,0,0,0,137,2026-02-04 16:02:10.339525
WNTR,26.23,26.38,26.39,2165500.0,2098400.0,,0,0,0,0,0,0,0,0,0,0,0,0,0,0,0,0,0,0,0,0,0,0,0,137,2026-02-04 16:02:10.339525
SPNG,23.0,23.05,23.37,2557100.0,2137300.0,,0,0,0,0,0,0,0,0,0,0,0,0,0,0,0,0,0,0,0,0,0,0,0,138,2026-02-04 16:02:11.383865
SMMR,26.01,25.89,25.93,2031800.0,1850100.0,2532.0,0,0,0,0,0,0,0,0,0,0,0,0,0,0,0,0,0,0,0,0,0,0,0,138,2026-02-04 16:02:11.383865
ATMN,24.01,23.91,24.01,1529000.0,2069800.0,,0,0,0,0,0,0,0,0,0,0,0,0,0,0,0,0,0,0,0,0,0,0,0,138,2026-02-04 16:02:11.383865
WNTR,26.57,26.38,26.57,2288800.0,1983300.0,,0,0,0,0,0,0,0,0,0,0,0,0,0,0,0,0,0,0,0,0,0,0,0,138,2026-02-04 16:02:11.383865
SPNG,23.0,23.14,23.37,2394200.0,2137300.0,0,0,0,0,0,0,0,0,0,0,0,0,0,0,0,0,0,0,0,0,0,0,0,0,139,2026-02-04 16:02:12.443006
SMMR,26.01,25.89,25.93,2151500.0,1951700.0,0,0,0,0,0,0,0,0,0,0,0,0,0,0,0,0,0,0,0,0,0,0,0,0,139,2026-02-04 16:02:12.443006
ATMN,24.01,24.02,24.32,1654500.0,2021300.0,0,0,0,0,0,0,0,0,0,0,0,0,0,0,0,0,0,0,0,0,0,0,0,0,139,2026-02-04 16:02:12.443006
WNTR,26.58,26.38,26.46,2374200.0,1996600.0,0,0,0,0,0,0,0,0,0,0,0,0,0,0,0,0,0,0,0,0,0,0,0,0,139,2026-02-04 16:02:12.443006
SPNG,23.0,23.28,23.37,2366300.0,2145800.0,,0,0,0,0,0,0,0,0,0,0,0,0,0,0,0,0,0,0,0,0,0,0,0,140,2026-02-04 16:02:13.493286
SMMR,25.88,25.88,25.89,1920500.0,1984300.0,5064.0,0,0,0,0,0,0,0,0,0,0,0,0,0,0,0,0,0,0,0,0,0,0,0,140,2026-02-04 16:02:13.493286
ATMN,23.89,23.89,24.07,1440300.0,2088000.0,,0,0,0,0,0,0,0,0,0,0,0,0,0,0,0,0,0,0,0,0,0,0,0,140,2026-02-04 16:02:13.493286
WNTR,26.46,26.38,26.4,2374200.0,2100900.0,,0,0,0,0,0,0,0,0,0,0,0,0,0,0,0,0,0,0,0,0,0,0,0,140,2026-02-04 16:02:13.493286
SPNG,23.14,23.14,23.72,2370200.0,2169500.0,0,0,0,0,0,0,0,0,0,0,0,0,0,0,0,0,0,0,0,0,0,0,0,0,141,2026-02-04 16:02:14.545869
SMMR,26.01,25.92,26.01,2151300.0,1768600.0,0,0,0,0,0,0,0,0,0,0,0,0,0,0,0,0,0,0,0,0,0,0,0,0,141,2026-02-04 16:02:14.545869
ATMN,23.89,23.98,24.0,1672400.0,2100600.0,0,0,0,0,0,0,0,0,0,0,0,0,0,0,0,0,0,0,0,0,0,0,0,0,141,2026-02-04 16:02:14.545869
WNTR,26.46,26.38,26.4,2372700.0,2117000.0,0,0,0,0,0,0,0,0,0,0,0,0,0,0,0,0,0,0,0,0,0,0,0,0,141,2026-02-04 16:02:14.545869
SPNG,23.05,23.05,23.48,2378000.0,2182600.0,0,0,0,0,0,0,0,0,0,0,0,0,0,0,0,0,0,0,0,0,0,0,0,0,142,2026-02-04 16:02:15.577482
SMMR,26.0,25.92,26.0,2151300.0,1976800.0,0,0,0,0,0,0,0,0,0,0,0,0,0,0,0,0,0,0,0,0,0,0,0,0,142,2026-02-04 16:02:15.577482
ATMN,23.89,23.89,24.0,1896300.0,2100600.0,0,0,0,0,0,0,0,0,0,0,0,0,0,0,0,0,0,0,0,0,0,0,0,0,142,2026-02-04 16:02:15.577482
WNTR,26.6,26.38,26.6,2372700.0,1985000.0,0,0,0,0,0,0,0,0,0,0,0,0,0,0,0,0,0,0,0,0,0,0,0,0,142,2026-02-04 16:02:15.577482
SPNG,23.24,23.11,23.24,2356200.0,2230600.0,0,0,0,0,0,0,0,0,0,0,0,0,0,0,0,0,0,0,0,0,0,0,0,0,143,2026-02-04 16:02:16.612727
SMMR,26.0,25.92,25.96,2118500.0,2000800.0,0,0,0,0,0,0,0,0,0,0,0,0,0,0,0,0,0,0,0,0,0,0,0,0,143,2026-02-04 16:02:16.612727
ATMN,24.12,23.87,24.12,1777100.0,2051700.0,0,0,0,0,0,0,0,0,0,0,0,0,0,0,0,0,0,0,0,0,0,0,0,0,143,2026-02-04 16:02:16.612727
WNTR,26.6,26.49,26.53,2349500.0,2109500.0,0,0,0,0,0,0,0,0,0,0,0,0,0,0,0,0,0,0,0,0,0,0,0,0,143,2026-02-04 16:02:16.612727
SPNG,23.24,23.11,23.24,2354800.0,2272900.0,0,0,0,0,0,0,0,0,0,0,0,0,0,0,0,0,0,0,0,0,0,0,0,0,144,2026-02-04 16:02:17.660087
SMMR,25.92,25.92,25.96,2118500.0,1997900.0,0,0,0,0,0,0,0,0,0,0,0,0,0,0,0,0,0,0,0,0,0,0,0,0,144,2026-02-04 16:02:17.660087
ATMN,24.12,24.06,24.12,1993300.0,2073500.0,0,0,0,0,0,0,0,0,0,0,0,0,0,0,0,0,0,0,0,0,0,0,0,0,144,2026-02-04 16:02:17.660087
WNTR,26.38,26.38,26.53,2372700.0,2107200.0,0,0,0,0,0,0,0,0,0,0,0,0,0,0,0,0,0,0,0,0,0,0,0,0,144,2026-02-04 16:02:17.660087
SPNG,23.39,23.11,23.39,2354800.0,2275400.0,,0,0,0,0,0,0,0,0,0,0,0,0,0,0,0,0,0,0,0,0,0,0,0,145,2026-02-04 16:02:18.705733
SMMR,25.87,25.87,26.0,2037200.0,1983400.0,2532.0,0,0,0,0,0,0,0,0,0,0,0,0,0,0,0,0,0,0,0,0,0,0,0,145,2026-02-04 16:02:18.705733
ATMN,24.06,24.06,24.08,2093400.0,2050500.0,,0,0,0,0,0,0,0,0,0,0,0,0,0,0,0,0,0,0,0,0,0,0,0,145,2026-02-04 16:02:18.705733
WNTR,26.38,26.39,26.46,2326100.0,2133600.0,,0,0,0,0,0,0,0,0,0,0,0,0,0,0,0,0,0,0,0,0,0,0,0,145,2026-02-04 16:02:18.705733
SPNG,23.11,23.11,23.37,2348400.0,2251800.0,,0,0,0,0,0,0,0,0,0,0,0,0,0,0,0,0,0,0,0,0,0,0,0,146,2026-02-04 16:02:19.764259
SMMR,26.03,25.86,26.03,1925100.0,1991800.0,5064.0,0,0,0,0,0,0,0,0,0,0,0,0,0,0,0,0,0,0,0,0,0,0,0,146,2026-02-04 16:02:19.764259
ATMN,24.06,24.06,24.08,2280500.0,2050500.0,,0,0,0,0,0,0,0,0,0,0,0,0,0,0,0,0,0,0,0,0,0,0,0,146,2026-02-04 16:02:19.764259
WNTR,26.46,26.39,26.46,2326100.0,2140400.0,,0,0,0,0,0,0,0,0,0,0,0,0,0,0,0,0,0,0,0,0,0,0,0,146,2026-02-04 16:02:19.764259
SPNG,23.07,23.07,23.37,2357200.0,2251800.0,,0,0,0,0,0,0,0,0,0,0,0,0,0,0,0,0,0,0,0,0,0,0,0,147,2026-02-04 16:02:20.825824
SMMR,26.02,25.86,26.02,1925100.0,2023800.0,5064.0,0,0,0,0,0,0,0,0,0,0,0,0,0,0,0,0,0,0,0,0,0,0,0,147,2026-02-04 16:02:20.825824
ATMN,23.89,23.89,24.12,2267600.0,2062700.0,,0,0,0,0,0,0,0,0,0,0,0,0,0,0,0,0,0,0,0,0,0,0,0,147,2026-02-04 16:02:20.825824
WNTR,26.34,26.34,26.35,2378900.0,2112600.0,,0,0,0,0,0,0,0,0,0,0,0,0,0,0,0,0,0,0,0,0,0,0,0,147,2026-02-04 16:02:20.825824
SPNG,23.78,23.0,23.78,2396700.0,2198200.0,,0,0,0,0,0,0,0,0,0,0,0,0,0,0,0,0,0,0,0,0,0,0,0,148,2026-02-04 16:02:21.376072
SMMR,25.86,25.86,26.04,1925100.0,2007000.0,5064.0,0,0,0,0,0,0,0,0,0,0,0,0,0,0,0,0,0,0,0,0,0,0,0,148,2026-02-04 16:02:21.376072
ATMN,23.87,23.8,23.81,2298900.0,2082400.0,,0,0,0,0,0,0,0,0,0,0,0,0,0,0,0,0,0,0,0,0,0,0,0,148,2026-02-04 16:02:21.376072
WNTR,26.46,26.48,26.49,2361300.0,2151900.0,,0,0,0,0,0,0,0,0,0,0,0,0,0,0,0,0,0,0,0,0,0,0,0,148,2026-02-04 16:02:21.376072
SPNG,22.96,22.96,23.35,2416600.0,2227300.0,,0,0,0,0,0,0,0,0,0,0,0,0,0,0,0,0,0,0,0,0,0,0,0,149,2026-02-04 16:02:22.448687
SMMR,26.03,25.86,25.89,2013300.0,2011100.0,2532.0,0,0,0,0,0,0,0,0,0,0,0,0,0,0,0,0,0,0,0,0,0,0,0,149,2026-02-04 16:02:22.448687
ATMN,24.19,23.8,23.92,2298900.0,2038100.0,,0,0,0,0,0,0,0,0,0,0,0,0,0,0,0,0,0,0,0,0,0,0,0,149,2026-02-04 16:02:22.448687
WNTR,26.47,26.27,26.47,2380200.0,2158700.0,,0,0,0,0,0,0,0,0,0,0,0,0,0,0,0,0,0,0,0,0,0,0,0,149,2026-02-04 16:02:22.448687
SPNG,22.96,23.12,23.35,2408200.0,2227300.0,,0,0,0,0,0,0,0,0,0,0,0,0,0,0,0,0,0,0,0,0,0,0,0,150,2026-02-04 16:02:23.518225
SMMR,25.86,25.86,26.0,2013300.0,2053200.0,2532.0,0,0,0,0,0,0,0,0,0,0,0,0,0,0,0,0,0,0,0,0,0,0,0,150,2026-02-04 16:02:23.518225
ATMN,23.92,24.04,24.1,2194100.0,2097600.0,,0,0,0,0,0,0,0,0,0,0,0,0,0,0,0,0,0,0,0,0,0,0,0,150,2026-02-04 16:02:23.518225
WNTR,26.49,26.36,26.38,2370400.0,2133500.0,,0,0,0,0,0,0,0,0,0,0,0,0,0,0,0,0,0,0,0,0,0,0,0,150,2026-02-04 16:02:23.518225
SPNG,23.06,23.06,23.51,2419100.0,2241700.0,0,0,0,0,0,0,0,0,0,0,0,0,0,0,0,0,0,0,0,0,0,0,0,0,151,2026-02-04 16:02:24.581551
SMMR,26.0,25.86,26.0,2138300.0,2028100.0,0,0,0,0,0,0,0,0,0,0,0,0,0,0,0,0,0,0,0,0,0,0,0,0,151,2026-02-04 16:02:24.581551
ATMN,24.13,24.04,24.13,2194100.0,2080900.0,0,0,0,0,0,0,0,0,0,0,0,0,0,0,0,0,0,0,0,0,0,0,0,0,151,2026-02-04 16:02:24.581551
WNTR,26.53,26.36,26.53,2370400.0,2156900.0,0,0,0,0,0,0,0,0,0,0,0,0,0,0,0,0,0,0,0,0,0,0,0,0,151,2026-02-04 16:02:24.581551
SPNG,23.06,23.06,23.51,2432300.0,2241700.0,0,0,0,0,0,0,0,0,0,0,0,0,0,0,0,0,0,0,0,0,0,0,0,0,152,2026-02-04 16:02:25.629228
SMMR,26.04,25.86,26.01,2138300.0,2059000.0,0,0,0,0,0,0,0,0,0,0,0,0,0,0,0,0,0,0,0,0,0,0,0,0,152,2026-02-04 16:02:25.629228
ATMN,24.04,23.8,23.91,2259800.0,2093400.0,0,0,0,0,0,0,0,0,0,0,0,0,0,0,0,0,0,0,0,0,0,0,0,0,152,2026-02-04 16:02:25.629228
WNTR,26.53,26.36,26.53,2345000.0,2156900.0,0,0,0,0,0,0,0,0,0,0,0,0,0,0,0,0,0,0,0,0,0,0,0,0,152,2026-02-04 16:02:25.629228
SPNG,23.06,23.06,23.32,2404100.0,2252700.0,0,0,0,0,0,0,0,0,0,0,0,0,0,0,0,0,0,0,0,0,0,0,0,0,153,2026-02-04 16:02:26.691448
SMMR,26.04,25.86,25.9,2073000.0,2068700.0,0,0,0,0,0,0,0,0,0,0,0,0,0,0,0,0,0,0,0,0,0,0,0,0,153,2026-02-04 16:02:26.691448
ATMN,24.19,23.8,24.16,2198100.0,2103600.0,0,0,0,0,0,0,0,0,0,0,0,0,0,0,0,0,0,0,0,0,0,0,0,0,153,2026-02-04 16:02:26.691448
WNTR,26.53,26.49,26.53,2303800.0,2150100.0,0,0,0,0,0,0,0,0,0,0,0,0,0,0,0,0,0,0,0,0,0,0,0,0,153,2026-02-04 16:02:26.691448
SPNG,23.32,23.39,23.51,2418700.0,2291500.0,0,0,0,0,0,0,0,0,0,0,0,0,0,0,0,0,0,0,0,0,0,0,0,0,154,2026-02-04 16:02:27.744487
SMMR,25.9,25.86,25.9,2046400.0,2059000.0,0,0,0,0,0,0,0,0,0,0,0,0,0,0,0,0,0,0,0,0,0,0,0,0,154,2026-02-04 16:02:27.744487
ATMN,24.19,23.8,23.89,2166000.0,2132000.0,0,0,0,0,0,0,0,0,0,0,0,0,0,0,0,0,0,0,0,0,0,0,0,0,154,2026-02-04 16:02:27.744487
WNTR,26.36,26.43,26.51,2324700.0,2119500.0,0,0,0,0,0,0,0,0,0,0,0,0,0,0,0,0,0,0,0,0,0,0,0,0,154,2026-02-04 16:02:27.744487
SPNG,22.99,22.99,23.4,2368500.0,2291500.0,0,0,0,0,0,0,0,0,0,0,0,0,0,0,0,0,0,0,0,0,0,0,0,0,155,2026-02-04 16:02:28.850799
SMMR,25.97,25.86,25.95,2057400.0,2065400.0,0,0,0,0,0,0,0,0,0,0,0,0,0,0,0,0,0,0,0,0,0,0,0,0,155,2026-02-04 16:02:28.850799
ATMN,24.19,23.8,24.19,2171300.0,2087500.0,0,0,0,0,0,0,0,0,0,0,0,0,0,0,0,0,0,0,0,0,0,0,0,0,155,2026-02-04 16:02:28.850799
WNTR,26.36,26.43,26.47,2324700.0,2147300.0,0,0,0,0,0,0,0,0,0,0,0,0,0,0,0,0,0,0,0,0,0,0,0,0,155,2026-02-04 16:02:28.850799
SPNG,23.4,23.45,23.51,2386300.0,2260500.0,0,0,0,0,0,0,0,0,0,0,0,0,0,0,0,0,0,0,0,0,0,0,0,0,156,2026-02-04 16:02:29.899734
SMMR,25.86,25.86,25.95,2042900.0,2034000.0,0,0,0,0,0,0,0,0,0,0,0,0,0,0,0,0,0,0,0,0,0,0,0,0,156,2026-02-04 16:02:29.899734
ATMN,23.8,23.8,24.05,2171300.0,2100900.0,0,0,0,0,0,0,0,0,0,0,0,0,0,0,0,0,0,0,0,0,0,0,0,0,156,2026-02-04 16:02:29.899734
WNTR,26.36,26.43,26.47,2357600.0,2159200.0,0,0,0,0,0,0,0,0,0,0,0,0,0,0,0,0,0,0,0,0,0,0,0,0,156,2026-02-04 16:02:29.899734
SPNG,22.99,22.99,23.51,2368500.0,2244300.0,0,0,0,0,0,0,0,0,0,0,0,0,0,0,0,0,0,0,0,0,0,0,0,0,157,2026-02-04 16:02:30.460500
SMMR,25.81,25.81,25.95,2021300.0,2034000.0,0,0,0,0,0,0,0,0,0,0,0,0,0,0,0,0,0,0,0,0,0,0,0,0,157,2026-02-04 16:02:30.460500
ATMN,24.15,23.8,23.88,2171300.0,2067200.0,0,0,0,0,0,0,0,0,0,0,0,0,0,0,0,0,0,0,0,0,0,0,0,0,157,2026-02-04 16:02:30.460500
WNTR,26.36,26.43,26.47,2337900.0,2145800.0,0,0,0,0,0,0,0,0,0,0,0,0,0,0,0,0,0,0,0,0,0,0,0,0,157,2026-02-04 16:02:30.460500
SPNG,22.98,22.98,23.51,2363700.0,2244300.0,0,0,0,0,0,0,0,0,0,0,0,0,0,0,0,0,0,0,0,0,0,0,0,0,158,2026-02-04 16:02:31.514372
SMMR,26.04,25.8,26.04,2051800.0,2060500.0,0,0,0,0,0,0,0,0,0,0,0,0,0,0,0,0,0,0,0,0,0,0,0,0,158,2026-02-04 16:02:31.514372
ATMN,24.26,24.24,24.26,2147100.0,2093600.0,0,0,0,0,0,0,0,0,0,0,0,0,0,0,0,0,0,0,0,0,0,0,0,0,158,2026-02-04 16:02:31.514372
WNTR,26.43,26.43,26.47,2304100.0,2128500.0,0,0,0,0,0,0,0,0,0,0,0,0,0,0,0,0,0,0,0,0,0,0,0,0,158,2026-02-04 16:02:31.514372
SPNG,22.96,22.96,23.68,2377800.0,2289100.0,0,0,0,0,0,0,0,0,0,0,0,0,0,0,0,0,0,0,0,0,0,0,0,0,159,2026-02-04 16:02:32.580332
SMMR,26.04,25.91,25.94,2041400.0,2048700.0,0,0,0,0,0,0,0,0,0,0,0,0,0,0,0,0,0,0,0,0,0,0,0,0,159,2026-02-04 16:02:32.580332
ATMN,24.24,23.8,23.99,2171300.0,2121900.0,0,0,0,0,0,0,0,0,0,0,0,0,0,0,0,0,0,0,0,0,0,0,0,0,159,2026-02-04 16:02:32.580332
WNTR,26.41,26.41,26.42,2301200.0,2143900.0,0,0,0,0,0,0,0,0,0,0,0,0,0,0,0,0,0,0,0,0,0,0,0,0,159,2026-02-04 16:02:32.580332
SPNG,23.69,22.96,23.69,2377800.0,2273800.0,0,0,0,0,0,0,0,0,0,0,0,0,0,0,0,0,0,0,0,0,0,0,0,0,160,2026-02-04 16:02:33.633459
SMMR,25.91,25.91,25.93,2028800.0,2043100.0,0,0,0,0,0,0,0,0,0,0,0,0,0,0,0,0,0,0,0,0,0,0,0,0,160,2026-02-04 16:02:33.633459
ATMN,24.3,23.8,24.3,2163400.0,2103400.0,0,0,0,0,0,0,0,0,0,0,0,0,0,0,0,0,0,0,0,0,0,0,0,0,160,2026-02-04 16:02:33.633459
WNTR,26.41,26.37,26.4,2303200.0,2190800.0,0,0,0,0,0,0,0,0,0,0,0,0,0,0,0,0,0,0,0,0,0,0,0,0,160,2026-02-04 16:02:33.633459
SPNG,22.95,22.95,23.15,2383200.0,2303900.0,0,0,0,0,0,0,0,0,0,0,0,0,0,0,0,0,0,0,0,0,0,0,0,0,161,2026-02-04 16:02:34.671224
SMMR,25.9,25.9,25.93,2027300.0,2045300.0,0,0,0,0,0,0,0,0,0,0,0,0,0,0,0,0,0,0,0,0,0,0,0,0,161,2026-02-04 16:02:34.671224
ATMN,24.3,23.84,23.88,2130000.0,2104900.0,0,0,0,0,0,0,0,0,0,0,0,0,0,0,0,0,0,0,0,0,0,0,0,0,161,2026-02-04 16:02:34.671224
WNTR,26.35,26.35,26.4,2301500.0,2209100.0,0,0,0,0,0,0,0,0,0,0,0,0,0,0,0,0,0,0,0,0,0,0,0,0,161,2026-02-04 16:02:34.671224
SPNG,23.69,22.95,23.69,2350900.0,2273800.0,0,0,0,0,0,0,0,0,0,0,0,0,0,0,0,0,0,0,0,0,0,0,0,0,162,2026-02-04 16:02:35.713547
SMMR,25.94,25.9,25.93,2006100.0,2056100.0,0,0,0,0,0,0,0,0,0,0,0,0,0,0,0,0,0,0,0,0,0,0,0,0,162,2026-02-04 16:02:35.713547
ATMN,24.01,23.84,24.01,2130000.0,2105500.0,0,0,0,0,0,0,0,0,0,0,0,0,0,0,0,0,0,0,0,0,0,0,0,0,162,2026-02-04 16:02:35.713547
WNTR,26.35,26.27,26.32,2324700.0,2198000.0,0,0,0,0,0,0,0,0,0,0,0,0,0,0,0,0,0,0,0,0,0,0,0,0,162,2026-02-04 16:02:35.713547
SPNG,22.93,23.17,23.5,2409100.0,2349100.0,0,0,0,0,0,0,0,0,0,0,0,0,0,0,0,0,0,0,0,0,0,0,0,0,163,2026-02-04 16:02:36.755751
SMMR,25.93,25.92,25.93,2027200.0,2056100.0,0,0,0,0,0,0,0,0,0,0,0,0,0,0,0,0,0,0,0,0,0,0,0,0,163,2026-02-04 16:02:36.755751
ATMN,24.01,23.84,23.93,2118100.0,2101300.0,0,0,0,0,0,0,0,0,0,0,0,0,0,0,0,0,0,0,0,0,0,0,0,0,163,2026-02-04 16:02:36.755751
WNTR,26.26,26.26,26.32,2347500.0,2198000.0,0,0,0,0,0,0,0,0,0,0,0,0,0,0,0,0,0,0,0,0,0,0,0,0,163,2026-02-04 16:02:36.755751
SPNG,23.17,23.17,23.5,2409100.0,2359200.0,0,0,0,0,0,0,0,0,0,0,0,0,0,0,0,0,0,0,0,0,0,0,0,0,164,2026-02-04 16:02:37.807675
SMMR,25.93,25.92,25.93,2043300.0,2079000.0,0,0,0,0,0,0,0,0,0,0,0,0,0,0,0,0,0,0,0,0,0,0,0,0,164,2026-02-04 16:02:37.807675
ATMN,23.93,23.93,24.01,2123000.0,2116700.0,0,0,0,0,0,0,0,0,0,0,0,0,0,0,0,0,0,0,0,0,0,0,0,0,164,2026-02-04 16:02:37.807675
WNTR,26.19,26.23,26.24,2343900.0,2230200.0,0,0,0,0,0,0,0,0,0,0,0,0,0,0,0,0,0,0,0,0,0,0,0,0,164,2026-02-04 16:02:37.807675
SPNG,23.17,22.93,23.12,2406400.0,2397600.0,0,0,0,0,0,0,0,0,0,0,0,0,0,0,0,0,0,0,0,0,0,0,0,0,165,2026-02-04 16:02:38.855131
SMMR,25.9,25.9,25.93,2010600.0,2110300.0,0,0,0,0,0,0,0,0,0,0,0,0,0,0,0,0,0,0,0,0,0,0,0,0,165,2026-02-04 16:02:38.855131
ATMN,23.93,23.97,24.01,2112300.0,2100500.0,0,0,0,0,0,0,0,0,0,0,0,0,0,0,0,0,0,0,0,0,0,0,0,0,165,2026-02-04 16:02:38.855131
WNTR,26.19,26.19,26.32,2347500.0,2198000.0,0,0,0,0,0,0,0,0,0,0,0,0,0,0,0,0,0,0,0,0,0,0,0,0,165,2026-02-04 16:02:38.855131
SPNG,23.26,22.93,22.98,2406400.0,2397000.0,0,0,0,0,0,0,0,0,0,0,0,0,0,0,0,0,0,0,0,0,0,0,0,0,166,2026-02-04 16:02:39.912893
SMMR,25.96,25.9,25.96,2023100.0,2104900.0,0,0,0,0,0,0,0,0,0,0,0,0,0,0,0,0,0,0,0,0,0,0,0,0,166,2026-02-04 16:02:39.912893
ATMN,23.77,23.77,24.05,2128100.0,2101300.0,0,0,0,0,0,0,0,0,0,0,0,0,0,0,0,0,0,0,0,0,0,0,0,0,166,2026-02-04 16:02:39.912893
WNTR,26.37,26.28,26.37,2380000.0,2226100.0,0,0,0,0,0,0,0,0,0,0,0,0,0,0,0,0,0,0,0,0,0,0,0,0,166,2026-02-04 16:02:39.912893
SPNG,23.69,22.93,23.32,2406400.0,2343400.0,0,0,0,0,0,0,0,0,0,0,0,0,0,0,0,0,0,0,0,0,0,0,0,0,167,2026-02-04 16:02:40.979496
SMMR,25.87,25.88,25.96,2008900.0,2104900.0,0,0,0,0,0,0,0,0,0,0,0,0,0,0,0,0,0,0,0,0,0,0,0,0,167,2026-02-04 16:02:40.979496
ATMN,23.77,23.77,24.04,2158800.0,2079000.0,0,0,0,0,0,0,0,0,0,0,0,0,0,0,0,0,0,0,0,0,0,0,0,0,167,2026-02-04 16:02:40.979496
WNTR,26.37,26.28,26.37,2352200.0,2226100.0,0,0,0,0,0,0,0,0,0,0,0,0,0,0,0,0,0,0,0,0,0,0,0,0,167,2026-02-04 16:02:40.979496
SPNG,23.69,22.93,23.32,2387400.0,2316900.0,0,0,0,0,0,0,0,0,0,0,0,0,0,0,0,0,0,0,0,0,0,0,0,0,168,2026-02-04 16:02:41.509688
SMMR,25.87,25.88,25.96,2008900.0,2114400.0,0,0,0,0,0,0,0,0,0,0,0,0,0,0,0,0,0,0,0,0,0,0,0,0,168,2026-02-04 16:02:41.509688
ATMN,24.04,23.77,24.04,2158800.0,2087300.0,0,0,0,0,0,0,0,0,0,0,0,0,0,0,0,0,0,0,0,0,0,0,0,0,168,2026-02-04 16:02:41.509688
WNTR,26.37,26.28,26.31,2352200.0,2262700.0,0,0,0,0,0,0,0,0,0,0,0,0,0,0,0,0,0,0,0,0,0,0,0,0,168,2026-02-04 16:02:41.509688
SPNG,22.85,22.85,23.33,2457000.0,2360600.0,0,0,0,0,0,0,0,0,0,0,0,0,0,0,0,0,0,0,0,0,0,0,0,0,169,2026-02-04 16:02:42.546037
SMMR,25.96,25.88,25.96,1997400.0,2135900.0,0,0,0,0,0,0,0,0,0,0,0,0,0,0,0,0,0,0,0,0,0,0,0,0,169,2026-02-04 16:02:42.546037
ATMN,23.76,23.76,24.05,2179100.0,2072900.0,0,0,0,0,0,0,0,0,0,0,0,0,0,0,0,0,0,0,0,0,0,0,0,0,169,2026-02-04 16:02:42.546037
WNTR,26.31,26.34,26.37,2314200.0,2230000.0,0,0,0,0,0,0,0,0,0,0,0,0,0,0,0,0,0,0,0,0,0,0,0,0,169,2026-02-04 16:02:42.546037
SPNG,23.59,22.93,23.59,2457700.0,2324300.0,0,0,0,0,0,0,0,0,0,0,0,0,0,0,0,0,0,0,0,0,0,0,0,0,170,2026-02-04 16:02:43.580946
SMMR,25.88,25.95,25.96,2008400.0,2135900.0,0,0,0,0,0,0,0,0,0,0,0,0,0,0,0,0,0,0,0,0,0,0,0,0,170,2026-02-04 16:02:43.580946
ATMN,23.76,23.76,24.02,2179100.0,2113900.0,0,0,0,0,0,0,0,0,0,0,0,0,0,0,0,0,0,0,0,0,0,0,0,0,170,2026-02-04 16:02:43.580946
WNTR,26.4,26.34,26.4,2314200.0,2222800.0,0,0,0,0,0,0,0,0,0,0,0,0,0,0,0,0,0,0,0,0,0,0,0,0,170,2026-02-04 16:02:43.580946
SPNG,22.94,22.93,22.94,2465300.0,2341100.0,0,0,0,0,0,0,0,0,0,0,0,0,0,0,0,0,0,0,0,0,0,0,0,0,171,2026-02-04 16:02:44.617791
SMMR,25.83,25.83,25.87,2014900.0,2137700.0,0,0,0,0,0,0,0,0,0,0,0,0,0,0,0,0,0,0,0,0,0,0,0,0,171,2026-02-04 16:02:44.617791
ATMN,23.76,23.76,24.02,2179100.0,2113900.0,0,0,0,0,0,0,0,0,0,0,0,0,0,0,0,0,0,0,0,0,0,0,0,0,171,2026-02-04 16:02:44.617791
WNTR,26.19,26.19,26.4,2342400.0,2246100.0,0,0,0,0,0,0,0,0,0,0,0,0,0,0,0,0,0,0,0,0,0,0,0,0,171,2026-02-04 16:02:44.617791
SPNG,22.94,23.31,23.45,2455300.0,2347400.0,0,0,0,0,0,0,0,0,0,0,0,0,0,0,0,0,0,0,0,0,0,0,0,0,172,2026-02-04 16:02:45.690662
SMMR,25.83,25.83,26.03,2014900.0,2092200.0,0,0,0,0,0,0,0,0,0,0,0,0,0,0,0,0,0,0,0,0,0,0,0,0,172,2026-02-04 16:02:45.690662
ATMN,23.74,23.74,23.87,2211200.0,2099900.0,0,0,0,0,0,0,0,0,0,0,0,0,0,0,0,0,0,0,0,0,0,0,0,0,172,2026-02-04 16:02:45.690662
WNTR,26.19,26.23,26.25,2331100.0,2247400.0,0,0,0,0,0,0,0,0,0,0,0,0,0,0,0,0,0,0,0,0,0,0,0,0,172,2026-02-04 16:02:45.690662
SPNG,22.94,23.31,23.45,2455300.0,2370300.0,0,0,0,0,0,0,0,0,0,0,0,0,0,0,0,0,0,0,0,0,0,0,0,0,173,2026-02-04 16:02:46.775506
SMMR,25.82,25.82,26.02,2016000.0,2096000.0,0,0,0,0,0,0,0,0,0,0,0,0,0,0,0,0,0,0,0,0,0,0,0,0,173,2026-02-04 16:02:46.775506
ATMN,23.87,23.88,24.02,2198100.0,2113900.0,0,0,0,0,0,0,0,0,0,0,0,0,0,0,0,0,0,0,0,0,0,0,0,0,173,2026-02-04 16:02:46.775506
WNTR,26.25,26.25,26.34,2307400.0,2253200.0,0,0,0,0,0,0,0,0,0,0,0,0,0,0,0,0,0,0,0,0,0,0,0,0,173,2026-02-04 16:02:46.775506
SPNG,22.93,22.93,23.45,2475800.0,2386800.0,0,0,0,0,0,0,0,0,0,0,0,0,0,0,0,0,0,0,0,0,0,0,0,0,174,2026-02-04 16:02:47.818187
SMMR,25.82,25.97,26.02,1949700.0,2096000.0,0,0,0,0,0,0,0,0,0,0,0,0,0,0,0,0,0,0,0,0,0,0,0,0,174,2026-02-04 16:02:47.818187
ATMN,23.78,23.78,23.79,2197800.0,2116100.0,0,0,0,0,0,0,0,0,0,0,0,0,0,0,0,0,0,0,0,0,0,0,0,0,174,2026-02-04 16:02:47.818187
WNTR,26.25,26.25,26.34,2314900.0,2244800.0,0,0,0,0,0,0,0,0,0,0,0,0,0,0,0,0,0,0,0,0,0,0,0,0,174,2026-02-04 16:02:47.818187
SPNG,22.93,22.93,23.15,2475800.0,2386800.0,0,0,0,0,0,0,0,0,0,0,0,0,0,0,0,0,0,0,0,0,0,0,0,0,175,2026-02-04 16:02:48.869661
SMMR,25.9,25.9,26.02,1975200.0,2100800.0,0,0,0,0,0,0,0,0,0,0,0,0,0,0,0,0,0,0,0,0,0,0,0,0,175,2026-02-04 16:02:48.869661
ATMN,24.02,24.02,24.05,2177600.0,2090400.0,0,0,0,0,0,0,0,0,0,0,0,0,0,0,0,0,0,0,0,0,0,0,0,0,175,2026-02-04 16:02:48.869661
WNTR,26.28,26.23,26.28,2335400.0,2263200.0,0,0,0,0,0,0,0,0,0,0,0,0,0,0,0,0,0,0,0,0,0,0,0,0,175,2026-02-04 16:02:48.869661
SPNG,23.45,23.08,23.45,2461900.0,2386800.0,0,0,0,0,0,0,0,0,0,0,0,0,0,0,0,0,0,0,0,0,0,0,0,0,176,2026-02-04 16:02:49.914757
SMMR,25.88,25.93,26.02,1978300.0,2100800.0,0,0,0,0,0,0,0,0,0,0,0,0,0,0,0,0,0,0,0,0,0,0,0,0,176,2026-02-04 16:02:49.914757
ATMN,23.74,23.74,23.97,2196000.0,2096000.0,0,0,0,0,0,0,0,0,0,0,0,0,0,0,0,0,0,0,0,0,0,0,0,0,176,2026-02-04 16:02:49.914757
WNTR,26.28,26.32,26.34,2302800.0,2262500.0,0,0,0,0,0,0,0,0,0,0,0,0,0,0,0,0,0,0,0,0,0,0,0,0,176,2026-02-04 16:02:49.914757
SPNG,23.04,23.38,23.45,2450000.0,2419000.0,0,0,0,0,0,0,0,0,0,0,0,0,0,0,0,0,0,0,0,0,0,0,0,0,177,2026-02-04 16:02:50.966290
SMMR,26.03,25.93,26.03,1978300.0,2094400.0,0,0,0,0,0,0,0,0,0,0,0,0,0,0,0,0,0,0,0,0,0,0,0,0,177,2026-02-04 16:02:50.966290
ATMN,23.74,23.74,23.97,2161300.0,2096000.0,0,0,0,0,0,0,0,0,0,0,0,0,0,0,0,0,0,0,0,0,0,0,0,0,177,2026-02-04 16:02:50.966290
WNTR,26.24,26.24,26.33,2313400.0,2283000.0,0,0,0,0,0,0,0,0,0,0,0,0,0,0,0,0,0,0,0,0,0,0,0,0,177,2026-02-04 16:02:50.966290
SPNG,22.85,22.85,23.52,2460300.0,2393800.0,0,0,0,0,0,0,0,0,0,0,0,0,0,0,0,0,0,0,0,0,0,0,0,0,178,2026-02-04 16:02:52.017788
SMMR,25.82,25.94,26.03,1985000.0,2094400.0,0,0,0,0,0,0,0,0,0,0,0,0,0,0,0,0,0,0,0,0,0,0,0,0,178,2026-02-04 16:02:52.017788
ATMN,24.12,23.76,23.82,2129400.0,2118300.0,0,0,0,0,0,0,0,0,0,0,0,0,0,0,0,0,0,0,0,0,0,0,0,0,178,2026-02-04 16:02:52.017788
WNTR,26.33,26.24,26.33,2299700.0,2283000.0,0,0,0,0,0,0,0,0,0,0,0,0,0,0,0,0,0,0,0,0,0,0,0,0,178,2026-02-04 16:02:52.017788
SPNG,22.85,23.29,23.52,2457900.0,2393700.0,0,0,0,0,0,0,0,0,0,0,0,0,0,0,0,0,0,0,0,0,0,0,0,0,179,2026-02-04 16:02:52.600139
SMMR,25.82,25.94,26.0,1985000.0,2121200.0,0,0,0,0,0,0,0,0,0,0,0,0,0,0,0,0,0,0,0,0,0,0,0,0,179,2026-02-04 16:02:52.600139
ATMN,23.82,23.76,23.82,2140300.0,2118300.0,0,0,0,0,0,0,0,0,0,0,0,0,0,0,0,0,0,0,0,0,0,0,0,0,179,2026-02-04 16:02:52.600139
WNTR,26.23,26.23,26.33,2288400.0,2283000.0,0,0,0,0,0,0,0,0,0,0,0,0,0,0,0,0,0,0,0,0,0,0,0,0,179,2026-02-04 16:02:52.600139
SPNG,23.29,24.2,24.62,1080700.0,803900.0,,0,0,0,0,0,0,0,0,0,0,0,0,0,0,0,0,0,0,0,0,0,0,0,180,2026-02-04 16:02:53.747557
SMMR,25.99,25.0,0.0,200000.0,,74916.0,0,0,0,0,0,0,0,0,0,0,0,0,0,0,0,0,0,0,0,0,0,0,0,180,2026-02-04 16:02:53.747557
ATMN,23.82,25.33,0.0,200000.0,,,0,0,0,0,0,0,0,0,0,0,0,0,0,0,0,0,0,0,0,0,0,0,0,180,2026-02-04 16:02:53.747557
WNTR,26.35,24.17,0.0,200000.0,,,0,0,0,0,0,0,0,0,0,0,0,0,0,0,0,0,0,0,0,0,0,0,0,180,2026-02-04 16:02:53.747557
SPNG,24.2,24.2,24.41,1080700.0,1025700.0,,0,0,0,0,0,0,0,0,0,0,0,0,0,0,0,0,0,0,0,0,0,0,0,181,2026-02-04 16:02:54.803203
SMMR,25.99,25.06,25.24,397300.0,1154800.0,61584.0,0,0,0,0,0,0,0,0,0,0,0,0,0,0,0,0,0,0,0,0,0,0,0,181,2026-02-04 16:02:54.803203
ATMN,24.25,24.71,25.78,1041600.0,732300.0,,0,0,0,0,0,0,0,0,0,0,0,0,0,0,0,0,0,0,0,0,0,0,0,181,2026-02-04 16:02:54.803203
WNTR,24.64,24.64,24.68,928100.0,994600.0,,0,0,0,0,0,0,0,0,0,0,0,0,0,0,0,0,0,0,0,0,0,0,0,181,2026-02-04 16:02:54.803203
SPNG,24.03,22.78,23.41,1162600.0,1384400.0,,0,0,0,0,0,0,0,0,0,0,0,0,0,0,0,0,0,0,0,0,0,0,0,182,2026-02-04 16:02:55.861529
SMMR,25.99,25.06,25.09,397300.0,1448600.0,61584.0,0,0,0,0,0,0,0,0,0,0,0,0,0,0,0,0,0,0,0,0,0,0,0,182,2026-02-04 16:02:55.861529
ATMN,24.25,25.38,25.78,1255600.0,921600.0,,0,0,0,0,0,0,0,0,0,0,0,0,0,0,0,0,0,0,0,0,0,0,0,182,2026-02-04 16:02:55.861529
WNTR,24.64,24.34,24.42,920600.0,1334800.0,,0,0,0,0,0,0,0,0,0,0,0,0,0,0,0,0,0,0,0,0,0,0,0,182,2026-02-04 16:02:55.861529
SPNG,23.41,23.67,24.23,1685400.0,1247300.0,,0,0,0,0,0,0,0,0,0,0,0,0,0,0,0,0,0,0,0,0,0,0,0,183,2026-02-04 16:02:56.930598
SMMR,25.0,25.0,25.02,189000.0,1756100.0,74916.0,0,0,0,0,0,0,0,0,0,0,0,0,0,0,0,0,0,0,0,0,0,0,0,183,2026-02-04 16:02:56.930598
ATMN,24.25,25.38,25.47,1255600.0,1300000.0,,0,0,0,0,0,0,0,0,0,0,0,0,0,0,0,0,0,0,0,0,0,0,0,183,2026-02-04 16:02:56.930598
WNTR,24.34,24.34,24.42,920600.0,1662200.0,,0,0,0,0,0,0,0,0,0,0,0,0,0,0,0,0,0,0,0,0,0,0,0,183,2026-02-04 16:02:56.930598
SPNG,23.72,23.72,24.21,1824300.0,1344200.0,,0,0,0,0,0,0,0,0,0,0,0,0,0,0,0,0,0,0,0,0,0,0,0,184,2026-02-04 16:02:57.983602
SMMR,25.09,25.0,25.09,189000.0,1841200.0,74916.0,0,0,0,0,0,0,0,0,0,0,0,0,0,0,0,0,0,0,0,0,0,0,0,184,2026-02-04 16:02:57.983602
ATMN,25.15,25.15,25.45,1162000.0,1495400.0,,0,0,0,0,0,0,0,0,0,0,0,0,0,0,0,0,0,0,0,0,0,0,0,184,2026-02-04 16:02:57.983602
WNTR,24.34,24.17,24.18,992800.0,1887300.0,,0,0,0,0,0,0,0,0,0,0,0,0,0,0,0,0,0,0,0,0,0,0,0,184,2026-02-04 16:02:57.983602
SPNG,24.21,23.67,24.21,1785400.0,1344200.0,,0,0,0,0,0,0,0,0,0,0,0,0,0,0,0,0,0,0,0,0,0,0,0,185,2026-02-04 16:02:59.034811
SMMR,24.94,25.0,25.06,268000.0,1953200.0,68250.0,0,0,0,0,0,0,0,0,0,0,0,0,0,0,0,0,0,0,0,0,0,0,0,185,2026-02-04 16:02:59.034811
ATMN,25.47,25.44,25.47,1388300.0,1405100.0,,0,0,0,0,0,0,0,0,0,0,0,0,0,0,0,0,0,0,0,0,0,0,0,185,2026-02-04 16:02:59.034811
WNTR,24.18,24.25,24.42,1132400.0,1785200.0,,0,0,0,0,0,0,0,0,0,0,0,0,0,0,0,0,0,0,0,0,0,0,0,185,2026-02-04 16:02:59.034811
SPNG,24.23,23.67,24.23,1921200.0,1247300.0,,0,0,0,0,0,0,0,0,0,0,0,0,0,0,0,0,0,0,0,0,0,0,0,186,2026-02-04 16:03:00.085811
SMMR,25.06,24.9,25.06,176000.0,2069000.0,74916.0,0,0,0,0,0,0,0,0,0,0,0,0,0,0,0,0,0,0,0,0,0,0,0,186,2026-02-04 16:03:00.085811
ATMN,25.43,25.29,25.32,1271800.0,1522700.0,,0,0,0,0,0,0,0,0,0,0,0,0,0,0,0,0,0,0,0,0,0,0,0,186,2026-02-04 16:03:00.085811
WNTR,24.18,24.25,24.32,1132400.0,2190200.0,,0,0,0,0,0,0,0,0,0,0,0,0,0,0,0,0,0,0,0,0,0,0,0,186,2026-02-04 16:03:00.085811
SPNG,24.23,23.67,23.8,2028100.0,1368400.0,,0,0,0,0,0,0,0,0,0,0,0,0,0,0,0,0,0,0,0,0,0,0,0,187,2026-02-04 16:03:00.637248
SMMR,24.9,24.95,25.06,210800.0,2069000.0,74916.0,0,0,0,0,0,0,0,0,0,0,0,0,0,0,0,0,0,0,0,0,0,0,0,187,2026-02-04 16:03:00.637248
ATMN,25.43,25.29,25.32,1454600.0,1522700.0,,0,0,0,0,0,0,0,0,0,0,0,0,0,0,0,0,0,0,0,0,0,0,0,187,2026-02-04 16:03:00.637248
WNTR,24.18,24.25,24.32,1132400.0,2220000.0,,0,0,0,0,0,0,0,0,0,0,0,0,0,0,0,0,0,0,0,0,0,0,0,187,2026-02-04 16:03:00.637248
SPNG,23.8,23.92,24.23,2353100.0,1247300.0,,0,0,0,0,0,0,0,0,0,0,0,0,0,0,0,0,0,0,0,0,0,0,0,188,2026-02-04 16:03:01.673327
SMMR,25.09,25.1,25.13,325800.0,1859600.0,68250.0,0,0,0,0,0,0,0,0,0,0,0,0,0,0,0,0,0,0,0,0,0,0,0,188,2026-02-04 16:03:01.673327
ATMN,25.47,25.57,25.59,1770800.0,1320000.0,,0,0,0,0,0,0,0,0,0,0,0,0,0,0,0,0,0,0,0,0,0,0,0,188,2026-02-04 16:03:01.673327
WNTR,24.16,24.16,24.29,918200.0,2237100.0,,0,0,0,0,0,0,0,0,0,0,0,0,0,0,0,0,0,0,0,0,0,0,0,188,2026-02-04 16:03:01.673327
SPNG,23.8,23.92,23.98,2589700.0,1378600.0,,0,0,0,0,0,0,0,0,0,0,0,0,0,0,0,0,0,0,0,0,0,0,0,189,2026-02-04 16:03:02.723296
SMMR,25.1,24.95,25.01,210800.0,2022000.0,74916.0,0,0,0,0,0,0,0,0,0,0,0,0,0,0,0,0,0,0,0,0,0,0,0,189,2026-02-04 16:03:02.723296
ATMN,25.57,25.29,25.45,1790500.0,1528900.0,,0,0,0,0,0,0,0,0,0,0,0,0,0,0,0,0,0,0,0,0,0,0,0,189,2026-02-04 16:03:02.723296
WNTR,24.16,24.16,24.2,1042300.0,2270000.0,,0,0,0,0,0,0,0,0,0,0,0,0,0,0,0,0,0,0,0,0,0,0,0,189,2026-02-04 16:03:02.723296
SPNG,23.85,23.85,23.98,2596600.0,1586300.0,,0,0,0,0,0,0,0,0,0,0,0,0,0,0,0,0,0,0,0,0,0,0,0,190,2026-02-04 16:03:03.784686
SMMR,25.01,24.9,25.01,207500.0,2022000.0,74916.0,0,0,0,0,0,0,0,0,0,0,0,0,0,0,0,0,0,0,0,0,0,0,0,190,2026-02-04 16:03:03.784686
ATMN,25.21,25.21,25.45,1671800.0,1643800.0,,0,0,0,0,0,0,0,0,0,0,0,0,0,0,0,0,0,0,0,0,0,0,0,190,2026-02-04 16:03:03.784686
WNTR,24.16,24.16,24.2,1155100.0,2291900.0,,0,0,0,0,0,0,0,0,0,0,0,0,0,0,0,0,0,0,0,0,0,0,0,190,2026-02-04 16:03:03.784686
SPNG,23.82,23.82,23.98,2469000.0,1836300.0,,0,0,0,0,0,0,0,0,0,0,0,0,0,0,0,0,0,0,0,0,0,0,0,191,2026-02-04 16:03:04.831946
SMMR,25.01,25.02,25.03,303500.0,2031000.0,68250.0,0,0,0,0,0,0,0,0,0,0,0,0,0,0,0,0,0,0,0,0,0,0,0,191,2026-02-04 16:03:04.831946
ATMN,25.21,25.21,25.45,1671800.0,1796700.0,,0,0,0,0,0,0,0,0,0,0,0,0,0,0,0,0,0,0,0,0,0,0,0,191,2026-02-04 16:03:04.831946
WNTR,24.09,24.09,24.16,1062800.0,2278600.0,,0,0,0,0,0,0,0,0,0,0,0,0,0,0,0,0,0,0,0,0,0,0,0,191,2026-02-04 16:03:04.831946
SPNG,24.06,23.96,24.06,2580300.0,1705000.0,,0,0,0,0,0,0,0,0,0,0,0,0,0,0,0,0,0,0,0,0,0,0,0,192,2026-02-04 16:03:05.881948
SMMR,25.02,24.91,24.93,416900.0,2032700.0,61584.0,0,0,0,0,0,0,0,0,0,0,0,0,0,0,0,0,0,0,0,0,0,0,0,192,2026-02-04 16:03:05.881948
ATMN,25.52,25.21,25.29,1558300.0,1777300.0,,0,0,0,0,0,0,0,0,0,0,0,0,0,0,0,0,0,0,0,0,0,0,0,192,2026-02-04 16:03:05.881948
WNTR,23.98,23.98,24.18,938700.0,2290500.0,,0,0,0,0,0,0,0,0,0,0,0,0,0,0,0,0,0,0,0,0,0,0,0,192,2026-02-04 16:03:05.881948
SPNG,23.99,23.96,23.99,2499600.0,1878700.0,,0,0,0,0,0,0,0,0,0,0,0,0,0,0,0,0,0,0,0,0,0,0,0,193,2026-02-04 16:03:06.987614
SMMR,25.02,24.92,24.93,531000.0,2100100.0,54918.0,0,0,0,0,0,0,0,0,0,0,0,0,0,0,0,0,0,0,0,0,0,0,0,193,2026-02-04 16:03:06.987614
ATMN,25.15,25.15,25.34,1373400.0,1813500.0,,0,0,0,0,0,0,0,0,0,0,0,0,0,0,0,0,0,0,0,0,0,0,0,193,2026-02-04 16:03:06.987614
WNTR,23.94,23.94,23.98,943200.0,2317200.0,,0,0,0,0,0,0,0,0,0,0,0,0,0,0,0,0,0,0,0,0,0,0,0,193,2026-02-04 16:03:06.987614
SPNG,24.16,23.96,24.16,2499600.0,1761300.0,,0,0,0,0,0,0,0,0,0,0,0,0,0,0,0,0,0,0,0,0,0,0,0,194,2026-02-04 16:03:08.071156
SMMR,24.95,24.92,24.95,531000.0,2098200.0,54918.0,0,0,0,0,0,0,0,0,0,0,0,0,0,0,0,0,0,0,0,0,0,0,0,194,2026-02-04 16:03:08.071156
ATMN,25.34,25.33,25.34,1596100.0,1928800.0,,0,0,0,0,0,0,0,0,0,0,0,0,0,0,0,0,0,0,0,0,0,0,0,194,2026-02-04 16:03:08.071156
WNTR,23.98,23.94,23.98,1200800.0,2317200.0,,0,0,0,0,0,0,0,0,0,0,0,0,0,0,0,0,0,0,0,0,0,0,0,194,2026-02-04 16:03:08.071156
SPNG,23.96,23.82,23.92,2437200.0,1858200.0,,0,0,0,0,0,0,0,0,0,0,0,0,0,0,0,0,0,0,0,0,0,0,0,195,2026-02-04 16:03:09.118672
SMMR,24.92,24.92,25.03,531000.0,2065700.0,54918.0,0,0,0,0,0,0,0,0,0,0,0,0,0,0,0,0,0,0,0,0,0,0,0,195,2026-02-04 16:03:09.118672
ATMN,25.34,25.33,25.34,1789900.0,1948900.0,,0,0,0,0,0,0,0,0,0,0,0,0,0,0,0,0,0,0,0,0,0,0,0,195,2026-02-04 16:03:09.118672
WNTR,23.92,23.92,23.98,928700.0,2329300.0,,0,0,0,0,0,0,0,0,0,0,0,0,0,0,0,0,0,0,0,0,0,0,0,195,2026-02-04 16:03:09.118672
SPNG,23.82,23.74,23.77,2477800.0,1975400.0,,0,0,0,0,0,0,0,0,0,0,0,0,0,0,0,0,0,0,0,0,0,0,0,196,2026-02-04 16:03:09.668833
SMMR,24.96,24.92,24.96,531000.0,2071300.0,54918.0,0,0,0,0,0,0,0,0,0,0,0,0,0,0,0,0,0,0,0,0,0,0,0,196,2026-02-04 16:03:09.668833
ATMN,25.27,25.27,25.34,1577500.0,1948900.0,,0,0,0,0,0,0,0,0,0,0,0,0,0,0,0,0,0,0,0,0,0,0,0,196,2026-02-04 16:03:09.668833
WNTR,23.99,24.01,24.18,1164300.0,2310300.0,,0,0,0,0,0,0,0,0,0,0,0,0,0,0,0,0,0,0,0,0,0,0,0,196,2026-02-04 16:03:09.668833
SPNG,24.16,23.74,23.93,2460700.0,1997800.0,,0,0,0,0,0,0,0,0,0,0,0,0,0,0,0,0,0,0,0,0,0,0,0,197,2026-02-04 16:03:10.761515
SMMR,25.07,25.04,25.07,638800.0,2083600.0,48252.0,0,0,0,0,0,0,0,0,0,0,0,0,0,0,0,0,0,0,0,0,0,0,0,197,2026-02-04 16:03:10.761515
ATMN,25.18,25.18,25.39,1674500.0,1927300.0,,0,0,0,0,0,0,0,0,0,0,0,0,0,0,0,0,0,0,0,0,0,0,0,197,2026-02-04 16:03:10.761515
WNTR,23.89,23.89,24.07,927600.0,2314500.0,,0,0,0,0,0,0,0,0,0,0,0,0,0,0,0,0,0,0,0,0,0,0,0,197,2026-02-04 16:03:10.761515
SPNG,23.93,23.99,24.06,2439300.0,2111900.0,,0,0,0,0,0,0,0,0,0,0,0,0,0,0,0,0,0,0,0,0,0,0,0,198,2026-02-04 16:03:11.828901
SMMR,25.08,24.92,25.08,531000.0,2057900.0,54918.0,0,0,0,0,0,0,0,0,0,0,0,0,0,0,0,0,0,0,0,0,0,0,0,198,2026-02-04 16:03:11.828901
ATMN,25.43,25.35,25.43,1756500.0,1812000.0,,0,0,0,0,0,0,0,0,0,0,0,0,0,0,0,0,0,0,0,0,0,0,0,198,2026-02-04 16:03:11.828901
WNTR,23.87,23.9,24.07,1040500.0,2314500.0,,0,0,0,0,0,0,0,0,0,0,0,0,0,0,0,0,0,0,0,0,0,0,0,198,2026-02-04 16:03:11.828901
