ticker,last_price,bid_price,ask_price,BUY_ANON,SELL_ANON,BUY_GIOT-3,SELL_WRSW-3,SELL_WRSW-1,BUY_WRSW-3,BUY_UEBR-1,SELL_GIOT-4,SELL_UEBR-1,BUY_WRSW-1,BUY_WRSW-2,BUY_GIOT-4,SELL_GIOT-3,SELL_WRSW-2,tick,timestamp,news_news_id,news_period,news_tick,news_ticker,news_headline,news_body
SPNG,24.56,24.56,25.05,2120800.0,2055700.0,0,0,0,0,0,0,0,0,0,0,0,0,1,2026-02-03 06:54:40.739794,2.0,1.0,1.0,,Aggregate Position Limit,Your CRO has set the aggregate position limit to 14000 shares for this week.
SMMR,0.0,24.99,25.07,1965400.0,1909700.0,0,0,0,0,0,0,0,0,0,0,0,0,1,2026-02-03 06:54:40.739794,1.0,1.0,1.0,,Welcome to the RITC 2026 Alogithmic Market Making Case - practice server,
ATMN,25.06,24.98,25.03,1629300.0,2131900.0,0,0,0,0,0,0,0,0,0,0,0,0,1,2026-02-03 06:54:40.739794,,,,,,
WNTR,25.03,24.98,25.03,2454400.0,1858000.0,0,0,0,0,0,0,0,0,0,0,0,0,1,2026-02-03 06:54:40.739794,,,,,,
SPNG,25.05,24.78,25.05,2147700.0,2055700.0,0,0,0,0,0,0,0,0,0,0,0,0,2,2026-02-03 06:54:41.787681
SMMR,24.94,24.94,25.07,1969200.0,2032000.0,0,0,0,0,0,0,0,0,0,0,0,0,2,2026-02-03 06:54:41.787681
ATMN,24.88,24.88,24.99,1627900.0,2143900.0,0,0,0,0,0,0,0,0,0,0,0,0,2,2026-02-03 06:54:41.787681
WNTR,24.98,24.98,25.21,2454400.0,1862400.0,0,0,0,0,0,0,0,0,0,0,0,0,2,2026-02-03 06:54:41.787681
SPNG,25.08,24.98,25.08,2045000.0,3500.0,1942900.0,,0,0,0,0,0,0,0,0,0,0,3,2026-02-03 06:54:42.846873
SMMR,24.81,24.81,25.06,1962200.0,,2035400.0,7000.0,0,0,0,0,0,0,0,0,0,0,3,2026-02-03 06:54:42.846873
ATMN,24.99,24.82,24.99,1600900.0,,2054200.0,5250.0,0,0,0,0,0,0,0,0,0,0,3,2026-02-03 06:54:42.846873
WNTR,24.93,24.93,25.11,2465100.0,,1970100.0,8750.0,0,0,0,0,0,0,0,0,0,0,3,2026-02-03 06:54:42.846873
SPNG,24.79,24.78,24.79,2183300.0,2061200.0,,0,0,0,0,0,0,0,0,0,0,0,4,2026-02-03 06:54:43.885632
SMMR,25.04,24.81,24.88,1962200.0,2144800.0,,0,0,0,0,0,0,0,0,0,0,0,4,2026-02-03 06:54:43.885632
ATMN,25.04,24.73,25.03,1632800.0,1997000.0,5250.0,0,0,0,0,0,0,0,0,0,0,0,4,2026-02-03 06:54:43.885632
WNTR,25.11,24.89,25.11,2430400.0,1970100.0,,0,0,0,0,0,0,0,0,0,0,0,4,2026-02-03 06:54:43.885632
SPNG,25.08,24.81,25.08,2174700.0,1942900.0,0,0,0,0,0,0,0,0,0,0,0,0,5,2026-02-03 06:54:44.924912
SMMR,25.07,24.97,25.07,1991800.0,2120400.0,0,0,0,0,0,0,0,0,0,0,0,0,5,2026-02-03 06:54:44.924912
ATMN,25.01,25.01,25.2,1726200.0,2116100.0,0,0,0,0,0,0,0,0,0,0,0,0,5,2026-02-03 06:54:44.924912
WNTR,24.89,25.04,25.11,2464700.0,1970100.0,0,0,0,0,0,0,0,0,0,0,0,0,5,2026-02-03 06:54:44.924912
SPNG,24.81,24.82,25.08,3500.0,2070800.0,1942900.0,,0,0,0,0,0,0,0,0,0,0,6,2026-02-03 06:54:45.474529
SMMR,24.82,24.94,25.06,,1997100.0,2008500.0,7000.0,0,0,0,0,0,0,0,0,0,0,6,2026-02-03 06:54:45.474529
ATMN,25.01,25.09,25.17,5250.0,1726200.0,1994800.0,5250.0,0,0,0,0,0,0,0,0,0,0,6,2026-02-03 06:54:45.474529
WNTR,24.9,24.89,24.9,,2430400.0,2076000.0,8750.0,0,0,0,0,0,0,0,0,0,0,6,2026-02-03 06:54:45.474529
SPNG,25.14,24.82,24.91,2250.0,2079700.0,2250.0,1959200.0,0,0,0,0,0,0,0,0,0,0,7,2026-02-03 06:54:46.522041
SMMR,25.09,24.95,25.08,2250.0,1931500.0,2250.0,2017200.0,0,0,0,0,0,0,0,0,0,0,7,2026-02-03 06:54:46.522041
ATMN,25.01,24.74,24.89,2250.0,1821200.0,2250.0,2032800.0,0,0,0,0,0,0,0,0,0,0,7,2026-02-03 06:54:46.522041
WNTR,25.11,25.2,25.21,2250.0,2302900.0,2250.0,2003400.0,0,0,0,0,0,0,0,0,0,0,7,2026-02-03 06:54:46.522041
SPNG,24.92,24.83,24.92,3500.0,2250.0,1997500.0,1959200.0,,,0,0,0,0,0,0,0,0,8,2026-02-03 06:54:47.584769
SMMR,24.98,24.96,24.98,7000.0,2250.0,1847300.0,1922500.0,2250.0,7000.0,0,0,0,0,0,0,0,0,8,2026-02-03 06:54:47.584769
ATMN,25.2,24.99,25.2,5250.0,2250.0,1918200.0,2101500.0,,,0,0,0,0,0,0,0,0,8,2026-02-03 06:54:47.584769
WNTR,25.02,24.89,24.94,,,2400800.0,2075200.0,2250.0,8750.0,0,0,0,0,0,0,0,0,8,2026-02-03 06:54:47.584769
SPNG,24.92,25.06,25.14,2114400.0,2250.0,1922600.0,,0,0,0,0,0,0,0,0,0,0,9,2026-02-03 06:54:48.617700
SMMR,25.06,25.06,25.09,1968900.0,2250.0,2103000.0,,0,0,0,0,0,0,0,0,0,0,9,2026-02-03 06:54:48.617700
ATMN,25.04,24.73,25.04,1821200.0,,2107300.0,,0,0,0,0,0,0,0,0,0,0,9,2026-02-03 06:54:48.617700
WNTR,25.12,24.89,25.1,2400800.0,,2210300.0,2250.0,0,0,0,0,0,0,0,0,0,0,9,2026-02-03 06:54:48.617700
SPNG,24.99,25.13,25.14,2078200.0,2250.0,2022100.0,,,0,0,0,0,0,0,0,0,0,10,2026-02-03 06:54:49.683578
SMMR,25.06,24.98,24.99,1956000.0,2250.0,2006000.0,7000.0,,0,0,0,0,0,0,0,0,0,10,2026-02-03 06:54:49.683578
ATMN,25.04,24.73,25.04,2178600.0,,2107300.0,,,0,0,0,0,0,0,0,0,0,10,2026-02-03 06:54:49.683578
WNTR,24.95,25.09,25.1,2397000.0,,2074600.0,,6750.0,0,0,0,0,0,0,0,0,0,10,2026-02-03 06:54:49.683578
SPNG,24.99,25.13,25.14,1997900.0,3500.0,2250.0,1951000.0,3500.0,2250.0,0,0,0,0,0,0,0,0,11,2026-02-03 06:54:50.883607
SMMR,24.99,25.0,25.08,1980700.0,,2250.0,2056000.0,,2250.0,0,0,0,0,0,0,0,0,11,2026-02-03 06:54:50.883607
ATMN,25.34,25.1,25.18,1977500.0,5250.0,2250.0,2003500.0,,2250.0,0,0,0,0,0,0,0,0,11,2026-02-03 06:54:50.883607
WNTR,24.97,25.07,25.1,2364200.0,,,2085300.0,8750.0,4500.0,0,0,0,0,0,0,0,0,11,2026-02-03 06:54:50.883607
SPNG,24.73,24.73,25.13,2200400.0,2250.0,2035500.0,,,0,0,0,0,0,0,0,0,0,12,2026-02-03 06:54:51.911025
SMMR,24.97,24.97,25.08,2028000.0,2250.0,2056000.0,,,0,0,0,0,0,0,0,0,0,12,2026-02-03 06:54:51.911025
ATMN,25.34,25.11,25.17,1977500.0,2250.0,2063200.0,5250.0,2250.0,0,0,0,0,0,0,0,0,0,12,2026-02-03 06:54:51.911025
WNTR,25.07,24.87,25.06,2400000.0,6750.0,2062700.0,,,0,0,0,0,0,0,0,0,0,12,2026-02-03 06:54:51.911025
SPNG,25.16,25.08,25.12,2187100.0,1950700.0,3500.0,2250.0,0,0,0,0,0,0,0,0,0,0,13,2026-02-03 06:54:52.942943
SMMR,24.92,25.0,25.07,2044500.0,1875300.0,7000.0,4500.0,0,0,0,0,0,0,0,0,0,0,13,2026-02-03 06:54:52.942943
ATMN,24.99,24.99,25.18,2191700.0,2193200.0,,,0,0,0,0,0,0,0,0,0,0,13,2026-02-03 06:54:52.942943
WNTR,25.17,24.94,25.05,2397300.0,2163300.0,8750.0,,0,0,0,0,0,0,0,0,0,0,13,2026-02-03 06:54:52.942943
SPNG,24.99,24.99,25.13,2191800.0,2250.0,2033400.0,,0,0,0,0,0,0,0,0,0,0,14,2026-02-03 06:54:53.475839
SMMR,24.92,24.92,25.07,2014300.0,6750.0,1875300.0,,0,0,0,0,0,0,0,0,0,0,14,2026-02-03 06:54:53.475839
ATMN,24.99,24.99,25.18,2191800.0,2250.0,2102100.0,,0,0,0,0,0,0,0,0,0,0,14,2026-02-03 06:54:53.475839
WNTR,24.94,24.94,25.17,2257400.0,,2278600.0,6750.0,0,0,0,0,0,0,0,0,0,0,14,2026-02-03 06:54:53.475839
SPNG,25.19,25.05,25.12,2177200.0,3500.0,2019400.0,,0,0,0,0,0,0,0,0,0,0,15,2026-02-03 06:54:54.527541
SMMR,24.88,24.88,25.05,1997800.0,7000.0,1746800.0,6750.0,0,0,0,0,0,0,0,0,0,0,15,2026-02-03 06:54:54.527541
ATMN,24.84,24.84,25.17,2202500.0,5250.0,2065600.0,,0,0,0,0,0,0,0,0,0,0,15,2026-02-03 06:54:54.527541
WNTR,24.81,25.1,25.16,2389500.0,8750.0,2194500.0,,0,0,0,0,0,0,0,0,0,0,15,2026-02-03 06:54:54.527541
SPNG,24.88,24.72,24.88,2181200.0,2132500.0,,0,0,0,0,0,0,0,0,0,0,0,16,2026-02-03 06:54:55.590931
SMMR,24.87,24.87,24.91,2019400.0,2194000.0,,0,0,0,0,0,0,0,0,0,0,0,16,2026-02-03 06:54:55.590931
ATMN,24.72,25.21,25.22,2192200.0,2083500.0,2250.0,0,0,0,0,0,0,0,0,0,0,0,16,2026-02-03 06:54:55.590931
WNTR,25.17,24.81,25.17,2385500.0,2297200.0,,0,0,0,0,0,0,0,0,0,0,0,16,2026-02-03 06:54:55.590931
SPNG,24.87,25.1,25.45,2250.0,2060300.0,2009600.0,,,0,0,0,0,0,0,0,0,0,17,2026-02-03 06:54:56.643924
SMMR,24.91,24.86,24.91,,2019800.0,2183400.0,,,0,0,0,0,0,0,0,0,0,17,2026-02-03 06:54:56.643924
ATMN,24.72,24.72,24.8,,2187400.0,1846600.0,4500.0,5250.0,0,0,0,0,0,0,0,0,0,17,2026-02-03 06:54:56.643924
WNTR,25.09,25.09,25.16,,2384900.0,2186300.0,,8750.0,0,0,0,0,0,0,0,0,0,17,2026-02-03 06:54:56.643924
SPNG,25.09,25.09,25.45,2178700.0,2123300.0,,0,0,0,0,0,0,0,0,0,0,0,18,2026-02-03 06:54:57.690483
SMMR,24.91,24.9,24.91,1988200.0,2167500.0,,0,0,0,0,0,0,0,0,0,0,0,18,2026-02-03 06:54:57.690483
ATMN,24.8,24.72,24.8,2193900.0,2066700.0,2250.0,0,0,0,0,0,0,0,0,0,0,0,18,2026-02-03 06:54:57.690483
WNTR,24.78,24.78,25.17,2352300.0,2222800.0,2250.0,0,0,0,0,0,0,0,0,0,0,0,18,2026-02-03 06:54:57.690483
SPNG,25.09,25.09,25.35,2178700.0,2250.0,2019900.0,,0,0,0,0,0,0,0,0,0,0,19,2026-02-03 06:54:58.715390
SMMR,24.99,24.98,24.99,1993600.0,,2160400.0,,0,0,0,0,0,0,0,0,0,0,19,2026-02-03 06:54:58.715390
ATMN,25.23,24.73,24.75,2068000.0,,2209100.0,2250.0,0,0,0,0,0,0,0,0,0,0,19,2026-02-03 06:54:58.715390
WNTR,24.78,24.9,25.15,2362300.0,2250.0,2237000.0,,0,0,0,0,0,0,0,0,0,0,19,2026-02-03 06:54:58.715390
SPNG,25.09,24.73,24.88,2250.0,2038400.0,2250.0,2029100.0,0,0,0,0,0,0,0,0,0,0,20,2026-02-03 06:54:59.745127
SMMR,25.1,24.98,25.1,,1961000.0,,2144100.0,0,0,0,0,0,0,0,0,0,0,20,2026-02-03 06:54:59.745127
ATMN,24.75,24.73,24.75,2250.0,2081000.0,,2216400.0,0,0,0,0,0,0,0,0,0,0,20,2026-02-03 06:54:59.745127
WNTR,24.78,24.9,24.98,,2388100.0,2250.0,2261500.0,0,0,0,0,0,0,0,0,0,0,20,2026-02-03 06:54:59.745127
SPNG,24.72,24.72,25.36,2160000.0,2113800.0,,0,0,0,0,0,0,0,0,0,0,0,21,2026-02-03 06:55:00.775988
SMMR,25.1,25.05,25.1,1771800.0,2143900.0,4500.0,0,0,0,0,0,0,0,0,0,0,0,21,2026-02-03 06:55:00.775988
ATMN,24.66,24.66,24.75,2162500.0,2214200.0,,0,0,0,0,0,0,0,0,0,0,0,21,2026-02-03 06:55:00.775988
WNTR,24.99,24.96,24.99,2389900.0,2372500.0,,0,0,0,0,0,0,0,0,0,0,0,21,2026-02-03 06:55:00.775988
SPNG,25.03,25.03,25.36,2151300.0,2019900.0,2250.0,,0,0,0,0,0,0,0,0,0,0,22,2026-02-03 06:55:01.814441
SMMR,24.94,24.9,24.94,1974700.0,2023200.0,,7000.0,0,0,0,0,0,0,0,0,0,0,22,2026-02-03 06:55:01.814441
ATMN,24.75,24.66,24.75,2140200.0,2082700.0,2250.0,,0,0,0,0,0,0,0,0,0,0,22,2026-02-03 06:55:01.814441
WNTR,24.9,24.9,24.99,2375700.0,2389100.0,,,0,0,0,0,0,0,0,0,0,0,22,2026-02-03 06:55:01.814441
SPNG,25.03,24.84,24.99,2151200.0,1892100.0,4500.0,0,0,0,0,0,0,0,0,0,0,0,23,2026-02-03 06:55:02.852087
SMMR,24.94,24.97,25.09,2001100.0,2021300.0,2250.0,0,0,0,0,0,0,0,0,0,0,0,23,2026-02-03 06:55:02.852087
ATMN,24.65,24.91,25.06,2167100.0,2186700.0,,0,0,0,0,0,0,0,0,0,0,0,23,2026-02-03 06:55:02.852087
WNTR,24.9,24.98,24.99,2347500.0,2389100.0,,0,0,0,0,0,0,0,0,0,0,0,23,2026-02-03 06:55:02.852087
SPNG,25.03,24.86,24.98,2038800.0,3500.0,3500.0,6750.0,1699200.0,,0,0,0,0,0,0,0,0,24,2026-02-03 06:55:03.899261
SMMR,24.95,24.9,24.95,1981000.0,,7000.0,2250.0,1910400.0,,0,0,0,0,0,0,0,0,24,2026-02-03 06:55:03.899261
ATMN,24.61,24.91,25.06,1819000.0,5250.0,,,2184400.0,4500.0,0,0,0,0,0,0,0,0,24,2026-02-03 06:55:03.899261
WNTR,25.02,24.98,25.02,2097500.0,8750.0,,,2354400.0,2250.0,0,0,0,0,0,0,0,0,24,2026-02-03 06:55:03.899261
SPNG,24.99,25.3,25.36,2061800.0,2250.0,2007700.0,2250.0,0,0,0,0,0,0,0,0,0,0,25,2026-02-03 06:55:04.933436
SMMR,25.07,24.9,25.06,1981000.0,,2017600.0,2250.0,0,0,0,0,0,0,0,0,0,0,25,2026-02-03 06:55:04.933436
ATMN,24.87,24.73,24.86,2016700.0,2250.0,2105500.0,2250.0,0,0,0,0,0,0,0,0,0,0,25,2026-02-03 06:55:04.933436
WNTR,25.05,24.99,25.05,2227400.0,2250.0,2333600.0,,0,0,0,0,0,0,0,0,0,0,25,2026-02-03 06:55:04.933436
SPNG,25.18,24.94,24.98,2144700.0,1893300.0,4500.0,,,0,0,0,0,0,0,0,0,0,26,2026-02-03 06:55:05.979458
SMMR,24.87,24.87,25.05,1972400.0,2011600.0,2250.0,,,0,0,0,0,0,0,0,0,0,26,2026-02-03 06:55:05.979458
ATMN,24.78,24.78,24.86,2034100.0,2105500.0,2250.0,5250.0,,0,0,0,0,0,0,0,0,0,26,2026-02-03 06:55:05.979458
WNTR,25.05,25.08,25.12,2216000.0,2252000.0,2250.0,,2250.0,0,0,0,0,0,0,0,0,0,26,2026-02-03 06:55:05.979458
SPNG,25.18,24.94,24.97,2154700.0,4500.0,1893300.0,0,0,0,0,0,0,0,0,0,0,0,27,2026-02-03 06:55:06.522128
SMMR,24.87,24.87,25.05,2016300.0,2250.0,2013000.0,0,0,0,0,0,0,0,0,0,0,0,27,2026-02-03 06:55:06.522128
ATMN,25.18,24.78,25.0,2126300.0,2250.0,2085400.0,0,0,0,0,0,0,0,0,0,0,0,27,2026-02-03 06:55:06.522128
WNTR,24.95,24.95,25.12,2358700.0,2250.0,2233900.0,0,0,0,0,0,0,0,0,0,0,0,27,2026-02-03 06:55:06.522128
SPNG,24.94,24.94,25.36,2154700.0,1973800.0,2250.0,,,0,0,0,0,0,0,0,0,0,28,2026-02-03 06:55:07.569819
SMMR,25.06,24.86,25.04,2014800.0,2035100.0,,7000.0,,0,0,0,0,0,0,0,0,0,28,2026-02-03 06:55:07.569819
ATMN,24.71,24.79,25.0,2023700.0,1999300.0,4500.0,,5250.0,0,0,0,0,0,0,0,0,0,28,2026-02-03 06:55:07.569819
WNTR,25.03,24.92,25.03,2356600.0,2393300.0,,,,0,0,0,0,0,0,0,0,0,28,2026-02-03 06:55:07.569819
SPNG,24.94,24.94,24.99,2037000.0,2250.0,1986500.0,2250.0,0,0,0,0,0,0,0,0,0,0,29,2026-02-03 06:55:08.610547
SMMR,25.1,24.86,25.1,1924500.0,2250.0,2151600.0,,0,0,0,0,0,0,0,0,0,0,29,2026-02-03 06:55:08.610547
ATMN,25.0,24.58,25.0,2150200.0,,1867700.0,6750.0,0,0,0,0,0,0,0,0,0,0,29,2026-02-03 06:55:08.610547
WNTR,25.17,24.92,25.17,2217600.0,2250.0,2327700.0,,0,0,0,0,0,0,0,0,0,0,29,2026-02-03 06:55:08.610547
SPNG,25.36,25.41,25.45,1914000.0,4500.0,2107200.0,,,,0,0,0,0,0,0,0,0,30,2026-02-03 06:55:09.657733
SMMR,25.1,25.06,25.09,1872800.0,4500.0,2019800.0,7000.0,,,0,0,0,0,0,0,0,0,30,2026-02-03 06:55:09.657733
ATMN,24.56,24.69,25.0,2060000.0,,1745000.0,,5250.0,9000.0,0,0,0,0,0,0,0,0,30,2026-02-03 06:55:09.657733
WNTR,25.17,24.92,25.09,2089900.0,4500.0,2228400.0,8750.0,,,0,0,0,0,0,0,0,0,30,2026-02-03 06:55:09.657733
SPNG,24.94,24.94,25.45,1928600.0,4500.0,2068200.0,,0,0,0,0,0,0,0,0,0,0,31,2026-02-03 06:55:10.694584
SMMR,25.1,25.06,25.08,1775900.0,6750.0,2097400.0,,0,0,0,0,0,0,0,0,0,0,31,2026-02-03 06:55:10.694584
ATMN,24.56,24.83,24.84,2176500.0,,1628200.0,11250.0,0,0,0,0,0,0,0,0,0,0,31,2026-02-03 06:55:10.694584
WNTR,25.09,24.98,25.05,1982200.0,6750.0,2368800.0,,0,0,0,0,0,0,0,0,0,0,31,2026-02-03 06:55:10.694584
SPNG,24.86,24.86,25.45,2159100.0,2001700.0,4500.0,,0,0,0,0,0,0,0,0,0,0,32,2026-02-03 06:55:11.763764
SMMR,25.08,25.06,25.08,1690500.0,2069500.0,,9000.0,0,0,0,0,0,0,0,0,0,0,32,2026-02-03 06:55:11.763764
ATMN,24.83,24.69,24.83,2158300.0,1540700.0,13500.0,,0,0,0,0,0,0,0,0,0,0,32,2026-02-03 06:55:11.763764
WNTR,25.05,24.99,25.05,1857600.0,2368800.0,,9000.0,0,0,0,0,0,0,0,0,0,0,32,2026-02-03 06:55:11.763764
SPNG,25.47,25.06,25.47,2154500.0,2087600.0,,,,,0,0,0,0,0,0,0,0,33,2026-02-03 06:55:12.818055
SMMR,24.86,25.05,25.07,1833600.0,1953300.0,4500.0,7000.0,,,0,0,0,0,0,0,0,0,33,2026-02-03 06:55:12.818055
ATMN,24.52,24.52,24.84,2164400.0,1628200.0,,,11250.0,,0,0,0,0,0,0,0,0,33,2026-02-03 06:55:12.818055
WNTR,25.07,25.0,25.04,1727300.0,2222400.0,9000.0,8750.0,,8750.0,0,0,0,0,0,0,0,0,33,2026-02-03 06:55:12.818055
SPNG,25.52,25.05,25.52,2142900.0,2080800.0,,,0,0,0,0,0,0,0,0,0,0,34,2026-02-03 06:55:13.854035
SMMR,25.05,24.86,24.87,1841500.0,2083800.0,4500.0,,0,0,0,0,0,0,0,0,0,0,34,2026-02-03 06:55:13.854035
ATMN,24.92,24.68,24.92,2127500.0,1785100.0,,9000.0,0,0,0,0,0,0,0,0,0,0,34,2026-02-03 06:55:13.854035
WNTR,24.92,24.92,24.94,2110000.0,2327500.0,4500.0,,0,0,0,0,0,0,0,0,0,0,34,2026-02-03 06:55:13.854035
SPNG,24.84,24.84,25.49,2112200.0,2062300.0,,,0,0,0,0,0,0,0,0,0,0,35,2026-02-03 06:55:14.901045
SMMR,24.86,24.86,25.02,1836200.0,2093500.0,4500.0,,0,0,0,0,0,0,0,0,0,0,35,2026-02-03 06:55:14.901045
ATMN,25.03,24.63,25.03,2145200.0,2122600.0,,2250.0,0,0,0,0,0,0,0,0,0,0,35,2026-02-03 06:55:14.901045
WNTR,25.07,25.04,25.07,2083600.0,2357300.0,4500.0,,0,0,0,0,0,0,0,0,0,0,35,2026-02-03 06:55:14.901045
SPNG,25.42,24.84,25.42,2112200.0,2088600.0,,,0,0,0,0,0,0,0,0,0,0,36,2026-02-03 06:55:15.939385
SMMR,24.85,24.85,24.97,2013600.0,2001100.0,2250.0,,0,0,0,0,0,0,0,0,0,0,36,2026-02-03 06:55:15.939385
ATMN,25.1,25.1,25.13,2150000.0,2230000.0,,,0,0,0,0,0,0,0,0,0,0,36,2026-02-03 06:55:15.939385
WNTR,25.13,25.05,25.13,1981600.0,2382100.0,,6750.0,0,0,0,0,0,0,0,0,0,0,36,2026-02-03 06:55:15.939385
SPNG,25.17,25.17,25.38,2002300.0,3500.0,2071100.0,,,0,0,0,0,0,0,0,0,0,37,2026-02-03 06:55:16.967578
SMMR,24.84,24.84,24.98,2009600.0,,2085000.0,,,0,0,0,0,0,0,0,0,0,37,2026-02-03 06:55:16.967578
ATMN,25.03,24.89,25.03,2133000.0,,2108200.0,5250.0,,0,0,0,0,0,0,0,0,0,37,2026-02-03 06:55:16.967578
WNTR,25.13,25.11,25.12,1963000.0,,2218100.0,8750.0,6750.0,0,0,0,0,0,0,0,0,0,37,2026-02-03 06:55:16.967578
SPNG,24.83,25.05,25.38,1996900.0,2250.0,2071100.0,,,0,0,0,0,0,0,0,0,0,38,2026-02-03 06:55:18.001616
SMMR,24.99,24.84,24.98,2035700.0,,2075200.0,,,0,0,0,0,0,0,0,0,0,38,2026-02-03 06:55:18.001616
ATMN,24.89,24.63,24.78,2145200.0,,2088100.0,2250.0,,0,0,0,0,0,0,0,0,0,38,2026-02-03 06:55:18.001616
WNTR,25.11,25.1,25.11,1955400.0,6750.0,2247900.0,,8750.0,0,0,0,0,0,0,0,0,0,38,2026-02-03 06:55:18.001616
SPNG,25.05,25.05,25.38,1996900.0,3500.0,2052600.0,,,,0,0,0,0,0,0,0,0,39,2026-02-03 06:55:19.032810
SMMR,24.98,24.87,24.91,2036100.0,,2001800.0,2250.0,,,0,0,0,0,0,0,0,0,39,2026-02-03 06:55:19.032810
ATMN,24.63,24.63,25.01,2145200.0,,1975200.0,2250.0,5250.0,,0,0,0,0,0,0,0,0,39,2026-02-03 06:55:19.032810
WNTR,25.12,25.12,25.13,1818700.0,8750.0,2216000.0,2250.0,,6750.0,0,0,0,0,0,0,0,0,39,2026-02-03 06:55:19.032810
SPNG,25.33,25.33,25.38,2087900.0,2046100.0,,,0,0,0,0,0,0,0,0,0,0,40,2026-02-03 06:55:20.084547
SMMR,25.02,24.97,25.02,1923500.0,2071100.0,2250.0,,0,0,0,0,0,0,0,0,0,0,40,2026-02-03 06:55:20.084547
ATMN,24.76,24.73,24.76,2013000.0,2107500.0,2250.0,2250.0,0,0,0,0,0,0,0,0,0,0,40,2026-02-03 06:55:20.084547
WNTR,25.06,25.06,25.13,2080800.0,2237300.0,4500.0,2250.0,0,0,0,0,0,0,0,0,0,0,40,2026-02-03 06:55:20.084547
SPNG,25.33,24.76,25.07,2250.0,1997000.0,2250.0,1923000.0,,,0,0,0,0,0,0,0,0,41,2026-02-03 06:55:20.620149
SMMR,25.02,24.97,25.01,2250.0,1838100.0,,1987200.0,7000.0,7000.0,0,0,0,0,0,0,0,0,41,2026-02-03 06:55:20.620149
ATMN,25.08,24.73,25.08,2250.0,2042400.0,,2207100.0,,,0,0,0,0,0,0,0,0,41,2026-02-03 06:55:20.620149
WNTR,25.04,25.08,25.13,4500.0,1947600.0,2250.0,2251400.0,8750.0,,0,0,0,0,0,0,0,0,41,2026-02-03 06:55:20.620149
SPNG,25.08,25.34,25.38,4500.0,1888600.0,2012000.0,,0,0,0,0,0,0,0,0,0,0,42,2026-02-03 06:55:21.667228
SMMR,24.87,24.87,25.02,,2038900.0,2082100.0,,0,0,0,0,0,0,0,0,0,0,42,2026-02-03 06:55:21.667228
ATMN,25.11,24.8,25.11,4500.0,1981000.0,2190400.0,,0,0,0,0,0,0,0,0,0,0,42,2026-02-03 06:55:21.667228
WNTR,25.04,24.96,24.99,4500.0,2046900.0,2140400.0,4500.0,0,0,0,0,0,0,0,0,0,0,42,2026-02-03 06:55:21.667228
SPNG,25.38,24.76,25.38,2250.0,1997000.0,2012000.0,,,,0,0,0,0,0,0,0,0,43,2026-02-03 06:55:22.723091
SMMR,24.91,24.92,25.02,,1981900.0,1965900.0,7000.0,2250.0,,0,0,0,0,0,0,0,0,43,2026-02-03 06:55:22.723091
ATMN,25.13,24.81,25.03,9000.0,1781400.0,2058400.0,5250.0,,5250.0,0,0,0,0,0,0,0,0,43,2026-02-03 06:55:22.723091
WNTR,25.13,24.97,25.13,4500.0,1940200.0,2133700.0,8750.0,4500.0,,0,0,0,0,0,0,0,0,43,2026-02-03 06:55:22.723091
SPNG,25.39,24.77,25.11,3500.0,2250.0,1870400.0,1929700.0,2250.0,0,0,0,0,0,0,0,0,0,44,2026-02-03 06:55:23.842736
SMMR,24.91,24.92,25.01,,,2100100.0,1786100.0,6750.0,0,0,0,0,0,0,0,0,0,44,2026-02-03 06:55:23.842736
ATMN,25.13,24.99,25.13,,13500.0,1758600.0,2205000.0,,0,0,0,0,0,0,0,0,0,44,2026-02-03 06:55:23.842736
WNTR,24.96,25.08,25.14,,9000.0,1808400.0,2283300.0,2250.0,0,0,0,0,0,0,0,0,0,44,2026-02-03 06:55:23.842736
SPNG,25.11,24.92,25.11,1974600.0,2250.0,1842400.0,2250.0,3500.0,,0,0,0,0,0,0,0,0,45,2026-02-03 06:55:24.875229
SMMR,24.91,24.93,25.01,1982300.0,,1799500.0,6750.0,,7000.0,0,0,0,0,0,0,0,0,45,2026-02-03 06:55:24.875229
ATMN,24.73,25.0,25.12,2042400.0,,2084800.0,,5250.0,5250.0,0,0,0,0,0,0,0,0,45,2026-02-03 06:55:24.875229
WNTR,25.14,24.96,25.14,2066400.0,4500.0,2283300.0,2250.0,,,0,0,0,0,0,0,0,0,45,2026-02-03 06:55:24.875229
SPNG,25.4,24.92,25.4,1981900.0,2250.0,2050400.0,,0,0,0,0,0,0,0,0,0,0,46,2026-02-03 06:55:25.911412
SMMR,24.89,24.89,25.01,2067200.0,,1652800.0,9000.0,0,0,0,0,0,0,0,0,0,0,46,2026-02-03 06:55:25.911412
ATMN,25.14,24.73,25.14,2181200.0,,2220700.0,,0,0,0,0,0,0,0,0,0,0,46,2026-02-03 06:55:25.911412
WNTR,25.03,25.11,25.14,2075100.0,4500.0,2164000.0,4500.0,0,0,0,0,0,0,0,0,0,0,46,2026-02-03 06:55:25.911412
SPNG,25.0,25.0,25.1,1987300.0,3500.0,3500.0,1953100.0,,,0,0,0,0,0,0,0,0,47,2026-02-03 06:55:26.943658
SMMR,24.87,24.87,24.9,2087500.0,,,1774700.0,6750.0,,0,0,0,0,0,0,0,0,47,2026-02-03 06:55:26.943658
ATMN,25.15,24.74,25.0,1986300.0,5250.0,,2231900.0,,2250.0,0,0,0,0,0,0,0,0,47,2026-02-03 06:55:26.943658
WNTR,25.16,25.12,25.16,1858000.0,8750.0,,2421600.0,,6750.0,0,0,0,0,0,0,0,0,47,2026-02-03 06:55:26.943658
SPNG,25.42,25.0,25.31,2097200.0,2071200.0,,,0,0,0,0,0,0,0,0,0,0,48,2026-02-03 06:55:27.981162
SMMR,24.84,24.84,24.9,2113800.0,1774700.0,6750.0,,0,0,0,0,0,0,0,0,0,0,48,2026-02-03 06:55:27.981162
ATMN,24.92,24.73,24.79,2200000.0,2012400.0,4500.0,,0,0,0,0,0,0,0,0,0,0,48,2026-02-03 06:55:27.981162
WNTR,25.16,24.96,25.16,2051000.0,2408600.0,,4500.0,0,0,0,0,0,0,0,0,0,0,48,2026-02-03 06:55:27.981162
SPNG,24.96,24.96,25.29,2082200.0,2052500.0,,,0,0,0,0,0,0,0,0,0,0,49,2026-02-03 06:55:29.015304
SMMR,24.9,24.84,24.9,2129500.0,1689100.0,9000.0,,0,0,0,0,0,0,0,0,0,0,49,2026-02-03 06:55:29.015304
ATMN,24.79,24.76,24.79,2234100.0,1903400.0,6750.0,,0,0,0,0,0,0,0,0,0,0,49,2026-02-03 06:55:29.015304
WNTR,25.02,25.13,25.16,1786100.0,2408600.0,,9000.0,0,0,0,0,0,0,0,0,0,0,49,2026-02-03 06:55:29.015304
SPNG,24.78,24.78,25.29,2090300.0,2052500.0,,0,0,0,0,0,0,0,0,0,0,0,50,2026-02-03 06:55:30.046135
SMMR,25.03,24.84,25.03,2006600.0,2061000.0,2250.0,0,0,0,0,0,0,0,0,0,0,0,50,2026-02-03 06:55:30.046135
ATMN,25.15,24.8,25.15,2104700.0,2230500.0,4500.0,0,0,0,0,0,0,0,0,0,0,0,50,2026-02-03 06:55:30.046135
WNTR,24.97,24.97,25.03,1926100.0,2394000.0,6750.0,0,0,0,0,0,0,0,0,0,0,0,50,2026-02-03 06:55:30.046135
SPNG,25.29,25.03,25.29,2123600.0,2052500.0,,,,,0,0,0,0,0,0,0,0,51,2026-02-03 06:55:31.079498
SMMR,25.05,24.96,24.98,1783000.0,1977300.0,7000.0,9000.0,7000.0,,0,0,0,0,0,0,0,0,51,2026-02-03 06:55:31.079498
ATMN,25.26,24.81,25.26,2012700.0,2189400.0,,9000.0,,,0,0,0,0,0,0,0,0,51,2026-02-03 06:55:31.079498
WNTR,24.97,24.98,25.03,1800100.0,2260100.0,8750.0,6750.0,,4200.0,0,0,0,0,0,0,0,0,51,2026-02-03 06:55:31.079498
SPNG,24.75,25.04,25.29,3500.0,1979300.0,2052500.0,,0,0,0,0,0,0,0,0,0,0,52,2026-02-03 06:55:32.113476
SMMR,24.84,24.87,24.98,,1789700.0,2067400.0,15750.0,0,0,0,0,0,0,0,0,0,0,52,2026-02-03 06:55:32.113476
ATMN,25.24,24.81,25.03,,1891300.0,2205100.0,13500.0,0,0,0,0,0,0,0,0,0,0,52,2026-02-03 06:55:32.113476
WNTR,25.03,24.97,25.02,,1913500.0,2416400.0,6750.0,0,0,0,0,0,0,0,0,0,0,52,2026-02-03 06:55:32.113476
SPNG,24.75,24.75,25.06,2100000.0,1973400.0,3500.0,,,0,0,0,0,0,0,0,0,0,53,2026-02-03 06:55:33.147140
SMMR,24.84,24.83,24.84,2133700.0,1946600.0,,9000.0,,0,0,0,0,0,0,0,0,0,53,2026-02-03 06:55:33.147140
ATMN,25.24,24.82,25.03,1801500.0,2205100.0,,,18000.0,0,0,0,0,0,0,0,0,0,53,2026-02-03 06:55:33.147140
WNTR,24.96,24.96,25.16,2031500.0,2399500.0,,,4500.0,0,0,0,0,0,0,0,0,0,53,2026-02-03 06:55:33.147140
SPNG,24.95,24.76,24.94,2250.0,2010900.0,2095900.0,,0,0,0,0,0,0,0,0,0,0,54,2026-02-03 06:55:34.178287
SMMR,24.9,24.83,24.85,,2131000.0,2057100.0,,0,0,0,0,0,0,0,0,0,0,54,2026-02-03 06:55:34.178287
ATMN,24.82,24.83,25.03,13500.0,1801800.0,2205100.0,5250.0,0,0,0,0,0,0,0,0,0,0,54,2026-02-03 06:55:34.178287
WNTR,25.0,25.02,25.16,4500.0,2024300.0,2399500.0,,0,0,0,0,0,0,0,0,0,0,54,2026-02-03 06:55:34.178287
SPNG,24.95,24.76,24.93,2250.0,2010900.0,2250.0,3500.0,1876400.0,,0,0,0,0,0,0,0,0,55,2026-02-03 06:55:34.712884
SMMR,24.9,24.83,24.85,2250.0,2008100.0,2250.0,7000.0,1836700.0,,0,0,0,0,0,0,0,0,55,2026-02-03 06:55:34.712884
ATMN,24.82,24.83,25.02,13500.0,1796600.0,2250.0,5250.0,2014000.0,5250.0,0,0,0,0,0,0,0,0,55,2026-02-03 06:55:34.712884
WNTR,25.02,25.03,25.15,6450.0,1809300.0,2250.0,,2283700.0,8750.0,0,0,0,0,0,0,0,0,55,2026-02-03 06:55:34.712884
SPNG,25.1,25.13,25.29,1911000.0,4500.0,2052500.0,0,0,0,0,0,0,0,0,0,0,0,56,2026-02-03 06:55:35.750331
SMMR,24.9,24.89,24.9,2013500.0,2250.0,2062100.0,0,0,0,0,0,0,0,0,0,0,0,56,2026-02-03 06:55:35.750331
ATMN,25.24,24.82,25.24,1920400.0,13500.0,2182400.0,0,0,0,0,0,0,0,0,0,0,0,56,2026-02-03 06:55:35.750331
WNTR,25.16,25.03,25.16,1928800.0,6450.0,2399500.0,0,0,0,0,0,0,0,0,0,0,0,56,2026-02-03 06:55:35.750331
SPNG,25.29,24.76,25.29,2250.0,2032200.0,2052500.0,,,0,0,0,0,0,0,0,0,0,57,2026-02-03 06:55:36.800138
SMMR,24.98,24.89,24.98,4500.0,1882300.0,2076400.0,,,0,0,0,0,0,0,0,0,0,57,2026-02-03 06:55:36.800138
ATMN,24.8,24.93,25.23,4500.0,2013500.0,2061100.0,5250.0,5250.0,0,0,0,0,0,0,0,0,0,57,2026-02-03 06:55:36.800138
WNTR,25.16,25.04,25.05,8400.0,1712100.0,2355200.0,8750.0,,0,0,0,0,0,0,0,0,0,57,2026-02-03 06:55:36.800138
SPNG,25.21,24.76,24.96,2250.0,2007500.0,2057100.0,,0,0,0,0,0,0,0,0,0,0,58,2026-02-03 06:55:37.852742
SMMR,24.89,24.89,25.01,6750.0,1771600.0,2075300.0,,0,0,0,0,0,0,0,0,0,0,58,2026-02-03 06:55:37.852742
ATMN,24.8,24.93,25.23,4500.0,2140900.0,2078100.0,9000.0,0,0,0,0,0,0,0,0,0,0,58,2026-02-03 06:55:37.852742
WNTR,25.05,25.1,25.16,4500.0,2054900.0,2359300.0,,0,0,0,0,0,0,0,0,0,0,58,2026-02-03 06:55:37.852742
SPNG,25.29,24.84,25.29,2000900.0,2250.0,2052500.0,,0,0,0,0,0,0,0,0,0,0,59,2026-02-03 06:55:38.896535
SMMR,24.83,24.83,25.07,1884100.0,4500.0,2068000.0,,0,0,0,0,0,0,0,0,0,0,59,2026-02-03 06:55:38.896535
ATMN,24.93,24.8,24.93,2129200.0,4500.0,1996000.0,18000.0,0,0,0,0,0,0,0,0,0,0,59,2026-02-03 06:55:38.896535
WNTR,25.18,25.06,25.16,2064900.0,4500.0,2246900.0,3900.0,0,0,0,0,0,0,0,0,0,0,59,2026-02-03 06:55:38.896535
SPNG,26.35,25.85,26.29,772300.0,2250.0,703400.0,,0,0,0,0,0,0,0,0,0,0,60,2026-02-03 06:55:39.936923
SMMR,24.83,25.01,25.07,886800.0,4500.0,821700.0,2250.0,0,0,0,0,0,0,0,0,0,0,60,2026-02-03 06:55:39.936923
ATMN,26.22,26.02,26.15,818100.0,4500.0,777400.0,,0,0,0,0,0,0,0,0,0,0,60,2026-02-03 06:55:39.936923
WNTR,26.07,26.07,26.25,820700.0,4500.0,808000.0,,0,0,0,0,0,0,0,0,0,0,60,2026-02-03 06:55:39.936923
SPNG,25.85,25.85,25.94,924400.0,2250.0,903800.0,,0,0,0,0,0,0,0,0,0,0,61,2026-02-03 06:55:40.974341
SMMR,25.01,25.01,25.07,886800.0,4500.0,1027900.0,4500.0,0,0,0,0,0,0,0,0,0,0,61,2026-02-03 06:55:40.974341
ATMN,26.39,26.02,26.39,942000.0,4500.0,853100.0,,0,0,0,0,0,0,0,0,0,0,61,2026-02-03 06:55:40.974341
WNTR,26.02,25.58,25.97,955100.0,4500.0,1049100.0,,0,0,0,0,0,0,0,0,0,0,61,2026-02-03 06:55:40.974341
SPNG,25.94,25.85,25.94,924400.0,2250.0,903800.0,,0,0,0,0,0,0,0,0,0,0,62,2026-02-03 06:55:42.011915
SMMR,24.92,24.92,24.96,889700.0,4500.0,1121900.0,6750.0,0,0,0,0,0,0,0,0,0,0,62,2026-02-03 06:55:42.011915
ATMN,25.52,25.52,26.39,1192700.0,4500.0,853100.0,,0,0,0,0,0,0,0,0,0,0,62,2026-02-03 06:55:42.011915
WNTR,25.97,26.09,26.14,1389800.0,4500.0,929900.0,,0,0,0,0,0,0,0,0,0,0,62,2026-02-03 06:55:42.011915
SPNG,25.85,25.07,25.62,1176400.0,2250.0,1001900.0,,0,0,0,0,0,0,0,0,0,0,63,2026-02-03 06:55:43.044508
SMMR,24.96,24.97,25.07,997600.0,4500.0,1027900.0,4500.0,0,0,0,0,0,0,0,0,0,0,63,2026-02-03 06:55:43.044508
ATMN,25.82,25.49,25.82,1064300.0,4500.0,970500.0,,0,0,0,0,0,0,0,0,0,0,63,2026-02-03 06:55:43.044508
WNTR,26.14,25.88,26.14,1412900.0,4500.0,929900.0,,0,0,0,0,0,0,0,0,0,0,63,2026-02-03 06:55:43.044508
SPNG,25.85,25.24,25.62,1508100.0,2250.0,1001900.0,,0,0,0,0,0,0,0,0,0,0,64,2026-02-03 06:55:44.076771
SMMR,24.92,24.92,24.93,885400.0,6750.0,1205600.0,4500.0,0,0,0,0,0,0,0,0,0,0,64,2026-02-03 06:55:44.076771
ATMN,26.06,25.49,26.0,1064300.0,4500.0,1221400.0,,0,0,0,0,0,0,0,0,0,0,64,2026-02-03 06:55:44.076771
WNTR,26.14,26.02,26.03,1661400.0,4500.0,1175400.0,,0,0,0,0,0,0,0,0,0,0,64,2026-02-03 06:55:44.076771
SPNG,25.62,25.55,25.62,1795700.0,2250.0,1001900.0,,0,0,0,0,0,0,0,0,0,0,65,2026-02-03 06:55:45.112781
SMMR,24.92,24.83,24.87,1109200.0,4500.0,1315900.0,4500.0,0,0,0,0,0,0,0,0,0,0,65,2026-02-03 06:55:45.112781
ATMN,26.06,25.5,26.0,1372700.0,4500.0,1221400.0,,0,0,0,0,0,0,0,0,0,0,65,2026-02-03 06:55:45.112781
WNTR,26.06,26.02,26.05,1661400.0,4500.0,1183400.0,,0,0,0,0,0,0,0,0,0,0,65,2026-02-03 06:55:45.112781
SPNG,25.87,26.14,26.19,1891600.0,2250.0,785400.0,,0,0,0,0,0,0,0,0,0,0,66,2026-02-03 06:55:46.150853
SMMR,24.87,24.92,24.93,1194900.0,4500.0,1292800.0,4500.0,0,0,0,0,0,0,0,0,0,0,66,2026-02-03 06:55:46.150853
ATMN,26.06,25.91,26.0,1598400.0,4500.0,1331800.0,,0,0,0,0,0,0,0,0,0,0,66,2026-02-03 06:55:46.150853
WNTR,26.06,26.02,26.05,1661400.0,4500.0,1497100.0,,0,0,0,0,0,0,0,0,0,0,66,2026-02-03 06:55:46.150853
SPNG,26.14,26.14,26.19,1891600.0,3500.0,2250.0,1086600.0,,0,0,0,0,0,0,0,0,0,67,2026-02-03 06:55:47.185131
SMMR,24.97,24.92,24.97,1424700.0,7000.0,4500.0,1200500.0,4500.0,0,0,0,0,0,0,0,0,0,67,2026-02-03 06:55:47.185131
ATMN,26.18,25.5,26.18,1499600.0,,4500.0,1207500.0,,0,0,0,0,0,0,0,0,0,67,2026-02-03 06:55:47.185131
WNTR,26.06,26.06,26.14,1629900.0,8750.0,4500.0,1243600.0,,0,0,0,0,0,0,0,0,0,67,2026-02-03 06:55:47.185131
SPNG,26.12,26.15,26.19,2017900.0,2250.0,1155900.0,,,0,0,0,0,0,0,0,0,0,68,2026-02-03 06:55:48.223006
SMMR,24.97,24.93,24.96,1424700.0,4500.0,1543300.0,7000.0,4500.0,0,0,0,0,0,0,0,0,0,68,2026-02-03 06:55:48.223006
ATMN,26.18,26.26,26.39,1587900.0,4500.0,1262000.0,,,0,0,0,0,0,0,0,0,0,68,2026-02-03 06:55:48.223006
WNTR,26.06,26.06,26.14,1880700.0,4500.0,1440400.0,,,0,0,0,0,0,0,0,0,0,68,2026-02-03 06:55:48.223006
SPNG,26.15,26.15,26.19,2017900.0,2250.0,1241100.0,,,0,0,0,0,0,0,0,0,0,69,2026-02-03 06:55:48.763247
SMMR,24.91,24.91,24.96,1339000.0,4500.0,1543300.0,4500.0,,0,0,0,0,0,0,0,0,0,69,2026-02-03 06:55:48.763247
ATMN,26.26,25.5,26.04,1499600.0,4500.0,1477500.0,,5250.0,0,0,0,0,0,0,0,0,0,69,2026-02-03 06:55:48.763247
WNTR,26.14,25.97,26.14,1901700.0,4500.0,1440400.0,,,0,0,0,0,0,0,0,0,0,69,2026-02-03 06:55:48.763247
SPNG,26.15,26.15,26.19,2017900.0,2250.0,1568300.0,,0,0,0,0,0,0,0,0,0,0,70,2026-02-03 06:55:49.819059
SMMR,24.83,24.83,24.85,1359000.0,2250.0,1629000.0,4500.0,0,0,0,0,0,0,0,0,0,0,70,2026-02-03 06:55:49.819059
ATMN,25.7,25.7,26.04,1720300.0,4500.0,1477500.0,,0,0,0,0,0,0,0,0,0,0,70,2026-02-03 06:55:49.819059
WNTR,25.97,25.97,26.15,1901700.0,4500.0,1318500.0,,0,0,0,0,0,0,0,0,0,0,70,2026-02-03 06:55:49.819059
SPNG,25.81,25.7,25.81,2011400.0,2250.0,1668900.0,0,0,0,0,0,0,0,0,0,0,0,71,2026-02-03 06:55:50.872558
SMMR,25.09,24.83,24.95,1359000.0,2250.0,1294100.0,0,0,0,0,0,0,0,0,0,0,0,71,2026-02-03 06:55:50.872558
ATMN,26.05,25.7,25.9,1811700.0,4500.0,1555800.0,0,0,0,0,0,0,0,0,0,0,0,71,2026-02-03 06:55:50.872558
WNTR,25.97,25.97,26.25,1901700.0,4500.0,1199100.0,0,0,0,0,0,0,0,0,0,0,0,71,2026-02-03 06:55:50.872558
SPNG,25.81,25.81,26.19,2103700.0,2250.0,1568300.0,0,0,0,0,0,0,0,0,0,0,0,72,2026-02-03 06:55:51.927347
SMMR,25.09,24.86,24.95,1606100.0,6750.0,1384100.0,0,0,0,0,0,0,0,0,0,0,0,72,2026-02-03 06:55:51.927347
ATMN,26.05,25.74,25.9,2114300.0,4500.0,1555800.0,0,0,0,0,0,0,0,0,0,0,0,72,2026-02-03 06:55:51.927347
WNTR,25.97,26.19,26.21,2130800.0,4500.0,1425500.0,0,0,0,0,0,0,0,0,0,0,0,72,2026-02-03 06:55:51.927347
SPNG,25.55,25.82,26.18,3500.0,1995300.0,2250.0,3500.0,1756200.0,0,0,0,0,0,0,0,0,0,73,2026-02-03 06:55:52.979639
SMMR,24.86,24.86,24.94,,1706400.0,11250.0,7000.0,1384100.0,0,0,0,0,0,0,0,0,0,73,2026-02-03 06:55:52.979639
ATMN,25.9,26.0,26.34,,2098400.0,4500.0,,1465000.0,0,0,0,0,0,0,0,0,0,73,2026-02-03 06:55:52.979639
WNTR,26.09,26.1,26.16,,2147600.0,4500.0,,1523700.0,0,0,0,0,0,0,0,0,0,73,2026-02-03 06:55:52.979639
SPNG,25.55,25.65,26.18,2011200.0,2250.0,3500.0,1746400.0,,0,0,0,0,0,0,0,0,0,74,2026-02-03 06:55:54.022608
SMMR,24.8,24.8,24.94,1489200.0,,7000.0,1509400.0,4550.0,0,0,0,0,0,0,0,0,0,74,2026-02-03 06:55:54.022608
ATMN,25.7,25.7,26.07,2133800.0,4500.0,,1768900.0,,0,0,0,0,0,0,0,0,0,74,2026-02-03 06:55:54.022608
WNTR,26.11,26.14,26.2,2106300.0,4500.0,8750.0,1425500.0,,0,0,0,0,0,0,0,0,0,74,2026-02-03 06:55:54.022608
SPNG,25.55,25.65,26.19,2097900.0,2250.0,1838300.0,0,0,0,0,0,0,0,0,0,0,0,75,2026-02-03 06:55:55.064927
SMMR,25.01,24.82,25.01,1609100.0,,1421600.0,0,0,0,0,0,0,0,0,0,0,0,75,2026-02-03 06:55:55.064927
ATMN,26.07,25.7,26.07,2099500.0,4500.0,1768900.0,0,0,0,0,0,0,0,0,0,0,0,75,2026-02-03 06:55:55.064927
WNTR,26.11,26.14,26.21,2106300.0,4500.0,1803900.0,0,0,0,0,0,0,0,0,0,0,0,75,2026-02-03 06:55:55.064927
SPNG,25.61,26.03,26.19,2089600.0,2250.0,1856300.0,0,0,0,0,0,0,0,0,0,0,0,76,2026-02-03 06:55:56.112260
SMMR,24.8,24.8,24.96,1386100.0,,1524200.0,0,0,0,0,0,0,0,0,0,0,0,76,2026-02-03 06:55:56.112260
ATMN,25.83,25.5,25.83,2108200.0,4500.0,1878300.0,0,0,0,0,0,0,0,0,0,0,0,76,2026-02-03 06:55:56.112260
WNTR,26.14,26.1,26.14,2147600.0,4500.0,2240300.0,0,0,0,0,0,0,0,0,0,0,0,76,2026-02-03 06:55:56.112260
SPNG,25.55,25.55,26.19,2026800.0,2250.0,1876900.0,,,0,0,0,0,0,0,0,0,0,77,2026-02-03 06:55:57.179
SMMR,24.8,24.67,24.7,1460000.0,,1626800.0,,,0,0,0,0,0,0,0,0,0,77,2026-02-03 06:55:57.179
ATMN,25.83,25.51,25.67,1896300.0,4500.0,1878300.0,5250.0,5250.0,0,0,0,0,0,0,0,0,0,77,2026-02-03 06:55:57.179
WNTR,25.97,25.97,26.05,2166400.0,4500.0,2280400.0,,,0,0,0,0,0,0,0,0,0,77,2026-02-03 06:55:57.179
SPNG,26.17,25.55,26.17,2119000.0,2250.0,1879000.0,0,0,0,0,0,0,0,0,0,0,0,78,2026-02-03 06:55:58.214947
SMMR,24.7,24.89,24.96,1796900.0,,1524200.0,0,0,0,0,0,0,0,0,0,0,0,78,2026-02-03 06:55:58.214947
ATMN,25.5,25.5,26.07,1997300.0,4500.0,1768900.0,0,0,0,0,0,0,0,0,0,0,0,78,2026-02-03 06:55:58.214947
WNTR,26.14,25.97,26.11,2166400.0,4500.0,2252100.0,0,0,0,0,0,0,0,0,0,0,0,78,2026-02-03 06:55:58.214947
SPNG,25.45,25.45,26.19,2139900.0,2250.0,1901700.0,,0,0,0,0,0,0,0,0,0,0,79,2026-02-03 06:55:59.239727
SMMR,24.8,24.93,24.96,1920100.0,,1524200.0,,0,0,0,0,0,0,0,0,0,0,79,2026-02-03 06:55:59.239727
ATMN,25.88,25.6,25.84,1981700.0,4500.0,1891700.0,,0,0,0,0,0,0,0,0,0,0,79,2026-02-03 06:55:59.239727
WNTR,26.11,25.98,26.11,1987500.0,4500.0,2289400.0,8750.0,0,0,0,0,0,0,0,0,0,0,79,2026-02-03 06:55:59.239727
SPNG,26.28,25.5,26.28,2122800.0,2250.0,1858300.0,0,0,0,0,0,0,0,0,0,0,0,80,2026-02-03 06:56:00.278812
SMMR,24.8,24.93,24.96,2125600.0,,1626000.0,0,0,0,0,0,0,0,0,0,0,0,80,2026-02-03 06:56:00.278812
ATMN,25.88,25.65,25.84,1935100.0,4500.0,2012300.0,0,0,0,0,0,0,0,0,0,0,0,80,2026-02-03 06:56:00.278812
WNTR,25.98,25.98,26.11,2066600.0,4500.0,2289400.0,0,0,0,0,0,0,0,0,0,0,0,80,2026-02-03 06:56:00.278812
SPNG,26.3,25.77,26.15,2120200.0,2250.0,1768900.0,3500.0,0,0,0,0,0,0,0,0,0,0,81,2026-02-03 06:56:01.304068
SMMR,24.99,24.93,24.99,2218600.0,,1523400.0,,0,0,0,0,0,0,0,0,0,0,81,2026-02-03 06:56:01.304068
ATMN,25.6,25.6,25.97,1970600.0,4500.0,1895200.0,,0,0,0,0,0,0,0,0,0,0,81,2026-02-03 06:56:01.304068
WNTR,25.94,26.04,26.14,2097100.0,4500.0,2255900.0,,0,0,0,0,0,0,0,0,0,0,81,2026-02-03 06:56:01.304068
SPNG,25.67,26.0,26.15,2091100.0,2250.0,1875200.0,0,0,0,0,0,0,0,0,0,0,0,82,2026-02-03 06:56:02.330350
SMMR,25.01,24.93,25.01,2192900.0,,1531400.0,0,0,0,0,0,0,0,0,0,0,0,82,2026-02-03 06:56:02.330350
ATMN,25.6,25.5,25.56,1946400.0,4500.0,2021000.0,0,0,0,0,0,0,0,0,0,0,0,82,2026-02-03 06:56:02.330350
WNTR,26.14,26.16,26.19,2087700.0,4500.0,2257300.0,0,0,0,0,0,0,0,0,0,0,0,82,2026-02-03 06:56:02.330350
SPNG,25.67,26.01,26.14,3500.0,1953100.0,2250.0,3500.0,1816700.0,0,0,0,0,0,0,0,0,0,83,2026-02-03 06:56:02.854480
SMMR,25.01,24.94,25.01,7000.0,2067400.0,,,1729800.0,0,0,0,0,0,0,0,0,0,83,2026-02-03 06:56:02.854480
ATMN,25.7,25.51,25.66,5250.0,1840400.0,4500.0,,2012300.0,0,0,0,0,0,0,0,0,0,83,2026-02-03 06:56:02.854480
WNTR,26.21,26.18,26.21,8750.0,1971800.0,4500.0,,2152900.0,0,0,0,0,0,0,0,0,0,83,2026-02-03 06:56:02.854480
SPNG,25.5,25.48,25.5,2087300.0,2250.0,1937700.0,0,0,0,0,0,0,0,0,0,0,0,84,2026-02-03 06:56:03.893755
SMMR,24.93,24.93,25.01,2192900.0,,1956800.0,0,0,0,0,0,0,0,0,0,0,0,84,2026-02-03 06:56:03.893755
ATMN,26.2,25.5,26.2,1963800.0,4500.0,1675900.0,0,0,0,0,0,0,0,0,0,0,0,84,2026-02-03 06:56:03.893755
WNTR,26.03,26.03,26.2,2123000.0,4500.0,2258200.0,0,0,0,0,0,0,0,0,0,0,0,84,2026-02-03 06:56:03.893755
SPNG,25.55,25.55,25.7,1953000.0,2250.0,1934900.0,0,0,0,0,0,0,0,0,0,0,0,85,2026-02-03 06:56:04.935197
SMMR,24.81,24.81,25.01,1935800.0,,1956800.0,0,0,0,0,0,0,0,0,0,0,0,85,2026-02-03 06:56:04.935197
ATMN,26.07,26.07,26.2,1957100.0,4500.0,1883900.0,0,0,0,0,0,0,0,0,0,0,0,85,2026-02-03 06:56:04.935197
WNTR,26.09,25.94,26.09,2098700.0,4500.0,2294200.0,0,0,0,0,0,0,0,0,0,0,0,85,2026-02-03 06:56:04.935197
SPNG,25.55,25.55,26.15,1950200.0,2250.0,1892100.0,,0,0,0,0,0,0,0,0,0,0,86,2026-02-03 06:56:05.979870
SMMR,24.81,24.81,25.01,2044200.0,,1956800.0,,0,0,0,0,0,0,0,0,0,0,86,2026-02-03 06:56:05.979870
ATMN,25.87,25.67,25.87,1934400.0,4500.0,1973200.0,,0,0,0,0,0,0,0,0,0,0,86,2026-02-03 06:56:05.979870
WNTR,26.2,26.05,26.13,1946400.0,4500.0,2264700.0,4600.0,0,0,0,0,0,0,0,0,0,0,86,2026-02-03 06:56:05.979870
SPNG,25.48,25.48,26.15,1969400.0,2250.0,1892100.0,0,0,0,0,0,0,0,0,0,0,0,87,2026-02-03 06:56:07.022087
SMMR,25.01,24.81,25.01,2155500.0,,1937700.0,0,0,0,0,0,0,0,0,0,0,0,87,2026-02-03 06:56:07.022087
ATMN,25.87,25.87,26.01,1928600.0,4500.0,2009500.0,0,0,0,0,0,0,0,0,0,0,0,87,2026-02-03 06:56:07.022087
WNTR,25.88,25.88,26.03,2117400.0,4500.0,2263600.0,0,0,0,0,0,0,0,0,0,0,0,87,2026-02-03 06:56:07.022087
SPNG,25.48,25.83,26.14,1945600.0,2250.0,3500.0,1860600.0,0,0,0,0,0,0,0,0,0,0,88,2026-02-03 06:56:08.071356
SMMR,25.01,24.82,24.91,2259100.0,,,2043900.0,0,0,0,0,0,0,0,0,0,0,88,2026-02-03 06:56:08.071356
ATMN,25.49,25.49,26.0,1980300.0,4500.0,5250.0,1983800.0,0,0,0,0,0,0,0,0,0,0,88,2026-02-03 06:56:08.071356
WNTR,26.13,25.88,26.13,2117400.0,4500.0,,2264700.0,0,0,0,0,0,0,0,0,0,0,88,2026-02-03 06:56:08.071356
SPNG,25.48,25.48,26.12,1937800.0,2250.0,1962300.0,0,0,0,0,0,0,0,0,0,0,0,89,2026-02-03 06:56:09.107401
SMMR,24.91,24.82,24.91,2256200.0,,2043900.0,0,0,0,0,0,0,0,0,0,0,0,89,2026-02-03 06:56:09.107401
ATMN,25.93,25.73,25.93,1983800.0,4500.0,2082700.0,0,0,0,0,0,0,0,0,0,0,0,89,2026-02-03 06:56:09.107401
WNTR,26.13,25.88,26.12,2142600.0,4500.0,2280800.0,0,0,0,0,0,0,0,0,0,0,0,89,2026-02-03 06:56:09.107401
SPNG,25.66,25.69,26.11,2054900.0,3500.0,1891000.0,,,0,0,0,0,0,0,0,0,0,90,2026-02-03 06:56:10.142516
SMMR,25.03,24.83,24.9,2132600.0,7000.0,1848500.0,7000.0,,0,0,0,0,0,0,0,0,0,90,2026-02-03 06:56:10.142516
ATMN,25.93,25.85,25.89,1968500.0,5250.0,2008400.0,,4500.0,0,0,0,0,0,0,0,0,0,90,2026-02-03 06:56:10.142516
WNTR,26.02,26.02,26.12,2007100.0,,2302400.0,8750.0,4500.0,0,0,0,0,0,0,0,0,0,90,2026-02-03 06:56:10.142516
SPNG,25.9,25.7,25.9,2087300.0,1999500.0,,0,0,0,0,0,0,0,0,0,0,0,91,2026-02-03 06:56:11.175070
SMMR,25.03,24.81,24.91,2256300.0,2048000.0,,0,0,0,0,0,0,0,0,0,0,0,91,2026-02-03 06:56:11.175070
ATMN,25.73,25.73,25.89,1984200.0,2121400.0,4500.0,0,0,0,0,0,0,0,0,0,0,0,91,2026-02-03 06:56:11.175070
WNTR,25.87,25.87,25.89,2139800.0,2255700.0,4500.0,0,0,0,0,0,0,0,0,0,0,0,91,2026-02-03 06:56:11.175070
SPNG,25.91,25.7,25.89,2087300.0,2006700.0,,,,0,0,0,0,0,0,0,0,0,92,2026-02-03 06:56:12.211882
SMMR,24.94,24.81,24.87,2224100.0,2086900.0,,,,0,0,0,0,0,0,0,0,0,92,2026-02-03 06:56:12.211882
ATMN,25.73,25.73,25.88,2002400.0,2015000.0,4500.0,5250.0,,0,0,0,0,0,0,0,0,0,92,2026-02-03 06:56:12.211882
WNTR,25.87,25.88,25.89,1977500.0,2255700.0,4500.0,,8750.0,0,0,0,0,0,0,0,0,0,92,2026-02-03 06:56:12.211882
SPNG,26.15,25.7,25.82,2087300.0,2010200.0,,0,0,0,0,0,0,0,0,0,0,0,93,2026-02-03 06:56:13.254078
SMMR,25.01,24.81,25.01,2218800.0,2081100.0,,0,0,0,0,0,0,0,0,0,0,0,93,2026-02-03 06:56:13.254078
ATMN,25.95,25.73,25.95,2028400.0,2072200.0,4500.0,0,0,0,0,0,0,0,0,0,0,0,93,2026-02-03 06:56:13.254078
WNTR,25.85,25.86,25.89,2102200.0,2255700.0,4500.0,0,0,0,0,0,0,0,0,0,0,0,93,2026-02-03 06:56:13.254078
SPNG,26.15,25.73,25.82,2072000.0,2010200.0,,,0,0,0,0,0,0,0,0,0,0,94,2026-02-03 06:56:14.286128
SMMR,25.01,24.91,25.01,2230400.0,2081100.0,,,0,0,0,0,0,0,0,0,0,0,94,2026-02-03 06:56:14.286128
ATMN,25.93,25.99,26.0,2056000.0,2069600.0,4500.0,,0,0,0,0,0,0,0,0,0,0,94,2026-02-03 06:56:14.286128
WNTR,26.06,25.86,25.88,2214000.0,2163700.0,2250.0,8750.0,0,0,0,0,0,0,0,0,0,0,94,2026-02-03 06:56:14.286128
SPNG,25.74,25.73,25.74,2076200.0,2042400.0,,0,0,0,0,0,0,0,0,0,0,0,95,2026-02-03 06:56:15.321469
SMMR,25.01,24.98,25.01,2214600.0,2077700.0,,0,0,0,0,0,0,0,0,0,0,0,95,2026-02-03 06:56:15.321469
ATMN,25.99,25.73,25.97,2028400.0,2070900.0,4500.0,0,0,0,0,0,0,0,0,0,0,0,95,2026-02-03 06:56:15.321469
WNTR,25.85,25.85,26.12,2097300.0,2280500.0,4500.0,0,0,0,0,0,0,0,0,0,0,0,95,2026-02-03 06:56:15.321469
SPNG,25.7,25.7,25.82,2108100.0,2010200.0,,,0,0,0,0,0,0,0,0,0,0,96,2026-02-03 06:56:16.351430
SMMR,24.98,24.99,25.0,2097000.0,2098200.0,7000.0,,0,0,0,0,0,0,0,0,0,0,96,2026-02-03 06:56:16.351430
ATMN,25.72,25.72,26.06,2027900.0,2057200.0,,4500.0,0,0,0,0,0,0,0,0,0,0,96,2026-02-03 06:56:16.351430
WNTR,26.13,25.85,25.93,2209100.0,2284700.0,,2250.0,0,0,0,0,0,0,0,0,0,0,96,2026-02-03 06:56:16.351430
SPNG,25.82,25.93,26.13,2050900.0,1985300.0,,0,0,0,0,0,0,0,0,0,0,0,97,2026-02-03 06:56:17.382766
SMMR,25.0,24.89,25.0,2227200.0,2098200.0,,0,0,0,0,0,0,0,0,0,0,0,97,2026-02-03 06:56:17.382766
ATMN,25.71,25.71,26.2,2012900.0,2039200.0,4500.0,0,0,0,0,0,0,0,0,0,0,0,97,2026-02-03 06:56:17.382766
WNTR,25.79,25.79,25.93,2180900.0,2284700.0,2250.0,0,0,0,0,0,0,0,0,0,0,0,97,2026-02-03 06:56:17.382766
SPNG,25.67,25.67,25.87,2059600.0,1922000.0,3500.0,,,0,0,0,0,0,0,0,0,0,98,2026-02-03 06:56:18.424994
SMMR,24.86,24.86,25.0,2209700.0,2118100.0,,,,0,0,0,0,0,0,0,0,0,98,2026-02-03 06:56:18.424994
ATMN,25.96,25.71,25.96,1995900.0,2101100.0,,4500.0,,0,0,0,0,0,0,0,0,0,98,2026-02-03 06:56:18.424994
WNTR,25.79,25.83,25.93,2186400.0,2284700.0,,,8750.0,0,0,0,0,0,0,0,0,0,98,2026-02-03 06:56:18.424994
SPNG,25.87,25.67,25.87,2072900.0,1922000.0,3500.0,,0,0,0,0,0,0,0,0,0,0,99,2026-02-03 06:56:18.961815
SMMR,24.86,24.86,24.92,2209700.0,2022700.0,7000.0,,0,0,0,0,0,0,0,0,0,0,99,2026-02-03 06:56:18.961815
ATMN,25.96,25.94,25.96,2003700.0,1990700.0,5250.0,5250.0,0,0,0,0,0,0,0,0,0,0,99,2026-02-03 06:56:18.961815
WNTR,25.79,25.92,25.93,2197300.0,2252600.0,,8750.0,0,0,0,0,0,0,0,0,0,0,99,2026-02-03 06:56:18.961815
SPNG,25.67,25.67,25.86,2072900.0,3500.0,1922000.0,0,0,0,0,0,0,0,0,0,0,0,100,2026-02-03 06:56:20.004723
SMMR,24.86,24.88,24.91,2222000.0,7000.0,2022700.0,0,0,0,0,0,0,0,0,0,0,0,100,2026-02-03 06:56:20.004723
ATMN,25.81,25.81,25.96,2105800.0,,2101100.0,0,0,0,0,0,0,0,0,0,0,0,100,2026-02-03 06:56:20.004723
WNTR,26.0,26.02,26.13,2302300.0,,2289300.0,0,0,0,0,0,0,0,0,0,0,0,100,2026-02-03 06:56:20.004723
SPNG,25.71,25.67,25.71,2109900.0,2035200.0,,0,0,0,0,0,0,0,0,0,0,0,101,2026-02-03 06:56:21.059157
SMMR,24.81,24.81,24.9,2224600.0,1976900.0,7000.0,0,0,0,0,0,0,0,0,0,0,0,101,2026-02-03 06:56:21.059157
ATMN,25.96,25.99,26.03,2145500.0,2095900.0,,0,0,0,0,0,0,0,0,0,0,0,101,2026-02-03 06:56:21.059157
WNTR,25.86,25.83,25.86,2315700.0,2271600.0,,0,0,0,0,0,0,0,0,0,0,0,101,2026-02-03 06:56:21.059157
SPNG,26.06,25.67,25.9,2106300.0,2033000.0,,,0,0,0,0,0,0,0,0,0,0,102,2026-02-03 06:56:22.128781
SMMR,24.81,24.81,24.89,2235100.0,1962600.0,7000.0,,0,0,0,0,0,0,0,0,0,0,102,2026-02-03 06:56:22.128781
ATMN,25.8,25.8,26.03,2106700.0,2095900.0,,,0,0,0,0,0,0,0,0,0,0,102,2026-02-03 06:56:22.128781
WNTR,25.83,25.84,25.85,2225900.0,2169700.0,8750.0,8750.0,0,0,0,0,0,0,0,0,0,0,102,2026-02-03 06:56:22.128781
SPNG,26.06,25.68,25.9,2120400.0,2020500.0,,0,0,0,0,0,0,0,0,0,0,0,103,2026-02-03 06:56:23.159395
SMMR,24.92,24.81,24.92,2249900.0,2079400.0,,0,0,0,0,0,0,0,0,0,0,0,103,2026-02-03 06:56:23.159395
ATMN,26.21,25.8,26.02,2131300.0,2001000.0,5250.0,0,0,0,0,0,0,0,0,0,0,0,103,2026-02-03 06:56:23.159395
WNTR,25.86,25.96,25.97,2326200.0,2296900.0,,0,0,0,0,0,0,0,0,0,0,0,103,2026-02-03 06:56:23.159395
SPNG,25.88,26.03,26.13,1987800.0,3500.0,1983500.0,0,0,0,0,0,0,0,0,0,0,0,104,2026-02-03 06:56:24.187882
SMMR,24.91,24.91,24.92,2141700.0,7000.0,2096800.0,0,0,0,0,0,0,0,0,0,0,0,104,2026-02-03 06:56:24.187882
ATMN,26.21,25.8,26.21,2131300.0,,2070600.0,0,0,0,0,0,0,0,0,0,0,0,104,2026-02-03 06:56:24.187882
WNTR,25.96,25.83,25.93,2357300.0,,2338600.0,0,0,0,0,0,0,0,0,0,0,0,104,2026-02-03 06:56:24.187882
SPNG,25.68,25.68,26.13,2120400.0,1983500.0,0,0,0,0,0,0,0,0,0,0,0,0,105,2026-02-03 06:56:25.224073
SMMR,24.99,24.91,24.99,2239800.0,2127800.0,0,0,0,0,0,0,0,0,0,0,0,0,105,2026-02-03 06:56:25.224073
ATMN,25.8,25.71,25.8,2105700.0,2107300.0,0,0,0,0,0,0,0,0,0,0,0,0,105,2026-02-03 06:56:25.224073
WNTR,25.97,25.91,25.97,2339100.0,2308400.0,0,0,0,0,0,0,0,0,0,0,0,0,105,2026-02-03 06:56:25.224073
SPNG,25.92,25.92,26.13,2106900.0,1959600.0,,,0,0,0,0,0,0,0,0,0,0,106,2026-02-03 06:56:26.257095
SMMR,25.0,24.91,25.0,2123600.0,2127000.0,7000.0,,0,0,0,0,0,0,0,0,0,0,106,2026-02-03 06:56:26.257095
ATMN,25.8,25.95,26.07,2050500.0,2082400.0,5250.0,,0,0,0,0,0,0,0,0,0,0,106,2026-02-03 06:56:26.257095
WNTR,25.82,25.79,25.82,2348800.0,2182500.0,,8750.0,0,0,0,0,0,0,0,0,0,0,106,2026-02-03 06:56:26.257095
SPNG,25.68,25.68,26.08,2120400.0,1937800.0,0,0,0,0,0,0,0,0,0,0,0,0,107,2026-02-03 06:56:27.295862
SMMR,24.77,24.77,25.0,2196900.0,2131200.0,0,0,0,0,0,0,0,0,0,0,0,0,107,2026-02-03 06:56:27.295862
ATMN,25.69,25.69,25.98,2122300.0,2081400.0,0,0,0,0,0,0,0,0,0,0,0,0,107,2026-02-03 06:56:27.295862
WNTR,25.82,25.89,25.97,2347500.0,2308400.0,0,0,0,0,0,0,0,0,0,0,0,0,107,2026-02-03 06:56:27.295862
SPNG,26.14,25.68,25.97,2114600.0,1946400.0,0,0,0,0,0,0,0,0,0,0,0,0,108,2026-02-03 06:56:28.328238
SMMR,25.03,24.77,25.03,2196900.0,2133900.0,0,0,0,0,0,0,0,0,0,0,0,0,108,2026-02-03 06:56:28.328238
ATMN,25.69,25.79,25.98,2177000.0,2090300.0,0,0,0,0,0,0,0,0,0,0,0,0,108,2026-02-03 06:56:28.328238
WNTR,25.79,25.79,26.02,2347700.0,2330900.0,0,0,0,0,0,0,0,0,0,0,0,0,108,2026-02-03 06:56:28.328238
SPNG,26.15,25.7,26.15,3500.0,1988600.0,1987400.0,0,0,0,0,0,0,0,0,0,0,0,109,2026-02-03 06:56:29.361747
SMMR,24.75,24.9,25.03,7000.0,2066700.0,2133900.0,0,0,0,0,0,0,0,0,0,0,0,109,2026-02-03 06:56:29.361747
ATMN,25.67,25.8,25.98,5250.0,2030800.0,2094200.0,0,0,0,0,0,0,0,0,0,0,0,109,2026-02-03 06:56:29.361747
WNTR,25.78,25.78,26.02,,2352700.0,2329900.0,0,0,0,0,0,0,0,0,0,0,0,109,2026-02-03 06:56:29.361747
SPNG,25.58,25.58,25.73,2104100.0,1940200.0,0,0,0,0,0,0,0,0,0,0,0,0,110,2026-02-03 06:56:30.396707
SMMR,25.04,24.75,25.04,2183800.0,2141700.0,0,0,0,0,0,0,0,0,0,0,0,0,110,2026-02-03 06:56:30.396707
ATMN,25.74,25.85,25.98,2144000.0,2107500.0,0,0,0,0,0,0,0,0,0,0,0,0,110,2026-02-03 06:56:30.396707
WNTR,26.02,25.78,25.79,2345900.0,2317200.0,0,0,0,0,0,0,0,0,0,0,0,0,110,2026-02-03 06:56:30.396707
SPNG,25.73,25.82,26.0,2004300.0,3500.0,3500.0,1850400.0,0,0,0,0,0,0,0,0,0,0,111,2026-02-03 06:56:31.431112
SMMR,25.04,24.76,25.04,2074300.0,7000.0,,2100600.0,0,0,0,0,0,0,0,0,0,0,111,2026-02-03 06:56:31.431112
ATMN,25.98,25.86,25.98,2040800.0,5250.0,,2089400.0,0,0,0,0,0,0,0,0,0,0,111,2026-02-03 06:56:31.431112
WNTR,26.02,25.78,25.79,2234100.0,8750.0,8750.0,2217700.0,0,0,0,0,0,0,0,0,0,0,111,2026-02-03 06:56:31.431112
SPNG,25.73,25.82,25.83,2110400.0,1940100.0,,0,0,0,0,0,0,0,0,0,0,0,112,2026-02-03 06:56:32.472205
SMMR,24.7,24.7,25.04,2211600.0,2100600.0,,0,0,0,0,0,0,0,0,0,0,0,112,2026-02-03 06:56:32.472205
ATMN,25.85,25.85,25.98,2161600.0,2074800.0,,0,0,0,0,0,0,0,0,0,0,0,112,2026-02-03 06:56:32.472205
WNTR,26.03,25.78,25.85,2234100.0,2305700.0,8750.0,0,0,0,0,0,0,0,0,0,0,0,112,2026-02-03 06:56:32.472205
SPNG,25.58,25.58,25.83,2117400.0,1940100.0,,0,0,0,0,0,0,0,0,0,0,0,113,2026-02-03 06:56:33.008541
SMMR,25.07,24.71,25.07,2102100.0,2091500.0,7000.0,0,0,0,0,0,0,0,0,0,0,0,113,2026-02-03 06:56:33.008541
ATMN,25.92,25.97,25.98,2039100.0,2074800.0,5250.0,0,0,0,0,0,0,0,0,0,0,0,113,2026-02-03 06:56:33.008541
WNTR,25.85,25.96,26.05,2355300.0,2303500.0,,0,0,0,0,0,0,0,0,0,0,0,113,2026-02-03 06:56:33.008541
SPNG,25.58,25.58,26.01,2122000.0,1936100.0,0,0,0,0,0,0,0,0,0,0,0,0,114,2026-02-03 06:56:34.048176
SMMR,25.07,24.75,24.95,2211800.0,2083200.0,0,0,0,0,0,0,0,0,0,0,0,0,114,2026-02-03 06:56:34.048176
ATMN,25.94,25.85,25.94,2161600.0,2079500.0,0,0,0,0,0,0,0,0,0,0,0,0,114,2026-02-03 06:56:34.048176
WNTR,26.05,25.78,26.05,2362600.0,2275800.0,0,0,0,0,0,0,0,0,0,0,0,0,114,2026-02-03 06:56:34.048176
SPNG,25.58,25.72,26.0,2027800.0,3500.0,3500.0,1825800.0,0,0,0,0,0,0,0,0,0,0,115,2026-02-03 06:56:35.093521
SMMR,24.67,24.92,24.95,2067800.0,7000.0,,2083200.0,0,0,0,0,0,0,0,0,0,0,115,2026-02-03 06:56:35.093521
ATMN,25.94,25.87,25.94,2061700.0,5250.0,,2088900.0,0,0,0,0,0,0,0,0,0,0,115,2026-02-03 06:56:35.093521
WNTR,25.78,25.79,25.99,2234400.0,8750.0,,2278300.0,0,0,0,0,0,0,0,0,0,0,115,2026-02-03 06:56:35.093521
SPNG,26.15,25.73,26.15,3500.0,2027800.0,1975400.0,0,0,0,0,0,0,0,0,0,0,0,116,2026-02-03 06:56:36.146455
SMMR,24.67,24.93,24.95,7000.0,2064000.0,2063900.0,0,0,0,0,0,0,0,0,0,0,0,116,2026-02-03 06:56:36.146455
ATMN,25.87,25.87,25.94,,2164100.0,2101100.0,0,0,0,0,0,0,0,0,0,0,0,116,2026-02-03 06:56:36.146455
WNTR,25.78,25.78,25.83,,2312800.0,2293100.0,0,0,0,0,0,0,0,0,0,0,0,116,2026-02-03 06:56:36.146455
SPNG,25.79,26.1,26.15,2113500.0,1975400.0,,0,0,0,0,0,0,0,0,0,0,0,117,2026-02-03 06:56:37.188371
SMMR,24.94,24.87,24.92,2178700.0,2053700.0,,0,0,0,0,0,0,0,0,0,0,0,117,2026-02-03 06:56:37.188371
ATMN,25.64,25.64,25.87,2135500.0,2088100.0,,0,0,0,0,0,0,0,0,0,0,0,117,2026-02-03 06:56:37.188371
WNTR,25.99,25.79,25.82,2105600.0,2279800.0,17500.0,0,0,0,0,0,0,0,0,0,0,0,117,2026-02-03 06:56:37.188371
SPNG,25.72,25.72,26.14,2125600.0,1969600.0,0,0,0,0,0,0,0,0,0,0,0,0,118,2026-02-03 06:56:38.235817
SMMR,24.94,24.87,24.92,2193300.0,2056600.0,0,0,0,0,0,0,0,0,0,0,0,0,118,2026-02-03 06:56:38.235817
ATMN,25.64,25.64,25.87,2172300.0,2097700.0,0,0,0,0,0,0,0,0,0,0,0,0,118,2026-02-03 06:56:38.235817
WNTR,25.99,25.78,25.91,2329500.0,2302300.0,0,0,0,0,0,0,0,0,0,0,0,0,118,2026-02-03 06:56:38.235817
SPNG,25.58,25.99,26.14,1984700.0,3500.0,1976800.0,0,0,0,0,0,0,0,0,0,0,0,119,2026-02-03 06:56:39.274195
SMMR,24.87,24.67,24.72,2211400.0,,2032100.0,0,0,0,0,0,0,0,0,0,0,0,119,2026-02-03 06:56:39.274195
ATMN,25.95,25.64,25.77,2172300.0,,2102300.0,0,0,0,0,0,0,0,0,0,0,0,119,2026-02-03 06:56:39.274195
WNTR,25.77,25.77,25.88,2305400.0,,2323100.0,0,0,0,0,0,0,0,0,0,0,0,119,2026-02-03 06:56:39.274195
SPNG,26.14,26.39,27.13,907000.0,2250.0,688400.0,0,0,0,0,0,0,0,0,0,0,0,120,2026-02-03 06:56:40.302658
SMMR,24.72,25.92,0.0,200000.0,,,0,0,0,0,0,0,0,0,0,0,0,120,2026-02-03 06:56:40.302658
ATMN,25.77,25.52,0.0,200000.0,4500.0,,0,0,0,0,0,0,0,0,0,0,0,120,2026-02-03 06:56:40.302658
WNTR,26.82,26.44,26.47,645500.0,4500.0,851400.0,0,0,0,0,0,0,0,0,0,0,0,120,2026-02-03 06:56:40.302658
SPNG,26.42,26.39,26.42,998400.0,2250.0,888700.0,0,0,0,0,0,0,0,0,0,0,0,121,2026-02-03 06:56:41.331414
SMMR,25.92,25.48,25.5,1052000.0,,786900.0,0,0,0,0,0,0,0,0,0,0,0,121,2026-02-03 06:56:41.331414
ATMN,25.37,25.37,25.62,899900.0,4500.0,902500.0,0,0,0,0,0,0,0,0,0,0,0,121,2026-02-03 06:56:41.331414
WNTR,26.47,26.44,26.47,1085800.0,4500.0,969900.0,0,0,0,0,0,0,0,0,0,0,0,121,2026-02-03 06:56:41.331414
SPNG,26.46,26.39,26.46,1197800.0,2250.0,777400.0,0,0,0,0,0,0,0,0,0,0,0,122,2026-02-03 06:56:42.367868
SMMR,25.5,25.92,26.33,1248200.0,,853000.0,0,0,0,0,0,0,0,0,0,0,0,122,2026-02-03 06:56:42.367868
ATMN,25.34,25.34,25.62,1025200.0,4500.0,902500.0,0,0,0,0,0,0,0,0,0,0,0,122,2026-02-03 06:56:42.367868
WNTR,27.26,26.44,26.75,1302600.0,4500.0,1050200.0,0,0,0,0,0,0,0,0,0,0,0,122,2026-02-03 06:56:42.367868
SPNG,26.39,26.39,27.13,1197800.0,2250.0,775500.0,0,0,0,0,0,0,0,0,0,0,0,123,2026-02-03 06:56:43.399435
SMMR,25.5,25.92,26.16,1248200.0,,1196900.0,0,0,0,0,0,0,0,0,0,0,0,123,2026-02-03 06:56:43.399435
ATMN,25.34,25.34,25.62,1240400.0,4500.0,902500.0,0,0,0,0,0,0,0,0,0,0,0,123,2026-02-03 06:56:43.399435
WNTR,27.26,26.74,26.75,1635900.0,4500.0,1050200.0,0,0,0,0,0,0,0,0,0,0,0,123,2026-02-03 06:56:43.399435
SPNG,26.38,26.38,26.49,1096900.0,2250.0,1082700.0,0,0,0,0,0,0,0,0,0,0,0,124,2026-02-03 06:56:44.439008
SMMR,25.5,25.92,25.97,1248200.0,,1490900.0,0,0,0,0,0,0,0,0,0,0,0,124,2026-02-03 06:56:44.439008
ATMN,25.34,25.34,25.62,1240400.0,4500.0,1004000.0,0,0,0,0,0,0,0,0,0,0,0,124,2026-02-03 06:56:44.439008
WNTR,26.74,26.59,26.73,1759300.0,4500.0,1089700.0,0,0,0,0,0,0,0,0,0,0,0,124,2026-02-03 06:56:44.439008
SPNG,26.36,25.98,26.13,886400.0,2250.0,1305400.0,0,0,0,0,0,0,0,0,0,0,0,125,2026-02-03 06:56:45.471267
SMMR,25.97,25.92,25.97,1248200.0,,1658400.0,0,0,0,0,0,0,0,0,0,0,0,125,2026-02-03 06:56:45.471267
ATMN,25.66,25.66,25.88,1327300.0,4500.0,888800.0,0,0,0,0,0,0,0,0,0,0,0,125,2026-02-03 06:56:45.471267
WNTR,27.31,26.59,27.31,1980100.0,4500.0,961200.0,0,0,0,0,0,0,0,0,0,0,0,125,2026-02-03 06:56:45.471267
SPNG,26.31,25.98,26.11,886400.0,2250.0,1171100.0,0,0,0,0,0,0,0,0,0,0,0,126,2026-02-03 06:56:46.506815
SMMR,25.98,25.96,25.98,1465900.0,,1472600.0,0,0,0,0,0,0,0,0,0,0,0,126,2026-02-03 06:56:46.506815
ATMN,25.66,25.66,25.76,1327300.0,4500.0,1305000.0,0,0,0,0,0,0,0,0,0,0,0,126,2026-02-03 06:56:46.506815
WNTR,26.67,26.7,27.31,1931300.0,4500.0,961200.0,0,0,0,0,0,0,0,0,0,0,0,126,2026-02-03 06:56:46.506815
SPNG,26.96,25.98,26.83,997800.0,2250.0,1084300.0,,0,0,0,0,0,0,0,0,0,0,127,2026-02-03 06:56:47.542079
SMMR,25.96,25.97,25.98,1583200.0,,1577400.0,7000.0,0,0,0,0,0,0,0,0,0,0,127,2026-02-03 06:56:47.542079
ATMN,25.09,25.67,25.76,1146600.0,4500.0,1607600.0,5250.0,0,0,0,0,0,0,0,0,0,0,127,2026-02-03 06:56:47.542079
WNTR,26.66,26.67,26.92,1964900.0,4500.0,1073200.0,,0,0,0,0,0,0,0,0,0,0,127,2026-02-03 06:56:47.542079
SPNG,26.32,25.98,26.16,997800.0,2250.0,1180800.0,3500.0,,0,0,0,0,0,0,0,0,0,128,2026-02-03 06:56:48.072912
SMMR,25.97,25.97,25.98,1583200.0,,1675600.0,,7000.0,0,0,0,0,0,0,0,0,0,128,2026-02-03 06:56:48.072912
ATMN,25.09,25.67,25.76,1146600.0,4500.0,1732100.0,,5250.0,0,0,0,0,0,0,0,0,0,128,2026-02-03 06:56:48.072912
WNTR,26.66,26.67,26.92,1975000.0,2250.0,1182600.0,,8750.0,0,0,0,0,0,0,0,0,0,128,2026-02-03 06:56:48.072912
SPNG,26.16,26.25,26.39,1194600.0,2250.0,1295600.0,3500.0,0,0,0,0,0,0,0,0,0,0,129,2026-02-03 06:56:49.158379
SMMR,25.5,25.69,25.98,1338100.0,,1675600.0,,0,0,0,0,0,0,0,0,0,0,129,2026-02-03 06:56:49.158379
ATMN,25.38,25.61,25.76,1235500.0,4500.0,1939000.0,,0,0,0,0,0,0,0,0,0,0,129,2026-02-03 06:56:49.158379
WNTR,26.92,26.94,27.14,1963600.0,4500.0,1070600.0,,0,0,0,0,0,0,0,0,0,0,129,2026-02-03 06:56:49.158379
SPNG,26.39,26.25,26.39,1194600.0,2250.0,1480200.0,,0,0,0,0,0,0,0,0,0,0,130,2026-02-03 06:56:50.207810
SMMR,25.69,25.69,26.04,1338100.0,,1682400.0,,0,0,0,0,0,0,0,0,0,0,130,2026-02-03 06:56:50.207810
ATMN,25.08,25.38,25.45,1121600.0,4500.0,1993200.0,5250.0,0,0,0,0,0,0,0,0,0,0,130,2026-02-03 06:56:50.207810
WNTR,26.94,26.94,27.03,1963600.0,4500.0,1377000.0,,0,0,0,0,0,0,0,0,0,0,130,2026-02-03 06:56:50.207810
SPNG,26.25,26.07,26.1,1191100.0,2250.0,1636800.0,0,0,0,0,0,0,0,0,0,0,0,131,2026-02-03 06:56:51.246864
SMMR,25.84,25.84,26.04,1458200.0,,1788200.0,0,0,0,0,0,0,0,0,0,0,0,131,2026-02-03 06:56:51.246864
ATMN,25.45,25.38,25.45,1346800.0,4500.0,2106400.0,0,0,0,0,0,0,0,0,0,0,0,131,2026-02-03 06:56:51.246864
WNTR,26.94,26.94,26.95,1963600.0,4500.0,1679000.0,0,0,0,0,0,0,0,0,0,0,0,131,2026-02-03 06:56:51.246864
SPNG,26.09,26.21,26.39,1491700.0,2250.0,1553000.0,,,0,0,0,0,0,0,0,0,0,132,2026-02-03 06:56:52.310861
SMMR,26.04,25.96,25.97,1559600.0,,1999100.0,7000.0,,0,0,0,0,0,0,0,0,0,132,2026-02-03 06:56:52.310861
ATMN,25.55,25.08,25.17,1255600.0,4500.0,2119000.0,,,0,0,0,0,0,0,0,0,0,132,2026-02-03 06:56:52.310861
WNTR,26.58,26.87,26.95,1943800.0,4500.0,1787700.0,,8750.0,0,0,0,0,0,0,0,0,0,132,2026-02-03 06:56:52.310861
SPNG,26.25,26.22,26.25,3500.0,1599200.0,2250.0,1525700.0,3500.0,0,0,0,0,0,0,0,0,0,133,2026-02-03 06:56:53.349904
SMMR,25.84,25.84,25.96,,1458200.0,,1943700.0,7000.0,0,0,0,0,0,0,0,0,0,133,2026-02-03 06:56:53.349904
ATMN,25.17,25.09,25.17,,1694600.0,4500.0,2007200.0,5250.0,0,0,0,0,0,0,0,0,0,133,2026-02-03 06:56:53.349904
WNTR,26.87,26.62,26.73,,1971900.0,4500.0,1907600.0,,0,0,0,0,0,0,0,0,0,133,2026-02-03 06:56:53.349904
SPNG,26.64,26.21,26.64,1809500.0,2250.0,1438500.0,0,0,0,0,0,0,0,0,0,0,0,134,2026-02-03 06:56:54.378813
SMMR,25.81,25.81,25.97,1455100.0,,2048500.0,0,0,0,0,0,0,0,0,0,0,0,134,2026-02-03 06:56:54.378813
ATMN,25.67,25.39,25.67,1932200.0,4500.0,2098600.0,0,0,0,0,0,0,0,0,0,0,0,134,2026-02-03 06:56:54.378813
WNTR,26.95,26.78,26.95,2197900.0,,1818000.0,0,0,0,0,0,0,0,0,0,0,0,134,2026-02-03 06:56:54.378813
SPNG,26.27,26.27,26.64,1917400.0,2250.0,1537200.0,0,0,0,0,0,0,0,0,0,0,0,135,2026-02-03 06:56:55.406463
SMMR,25.81,25.81,25.97,1455100.0,,2055500.0,0,0,0,0,0,0,0,0,0,0,0,135,2026-02-03 06:56:55.406463
ATMN,25.09,25.09,25.67,1694600.0,4500.0,2122900.0,0,0,0,0,0,0,0,0,0,0,0,135,2026-02-03 06:56:55.406463
WNTR,26.95,26.99,27.0,2181400.0,,1709300.0,0,0,0,0,0,0,0,0,0,0,0,135,2026-02-03 06:56:55.406463
SPNG,26.2,26.2,26.49,1706900.0,2250.0,1735800.0,,0,0,0,0,0,0,0,0,0,0,136,2026-02-03 06:56:56.440249
SMMR,25.69,25.5,25.69,1249200.0,,2077500.0,,0,0,0,0,0,0,0,0,0,0,136,2026-02-03 06:56:56.440249
ATMN,25.09,25.09,25.66,1931300.0,4500.0,2009000.0,5250.0,0,0,0,0,0,0,0,0,0,0,136,2026-02-03 06:56:56.440249
WNTR,26.9,26.68,26.9,2191600.0,,2044800.0,,0,0,0,0,0,0,0,0,0,0,136,2026-02-03 06:56:56.440249
SPNG,26.45,26.2,26.45,1591300.0,2250.0,1849300.0,0,0,0,0,0,0,0,0,0,0,0,137,2026-02-03 06:56:57.470745
SMMR,25.97,25.5,25.97,1249200.0,,2050800.0,0,0,0,0,0,0,0,0,0,0,0,137,2026-02-03 06:56:57.470745
ATMN,25.09,25.6,25.67,2027300.0,4500.0,2140500.0,0,0,0,0,0,0,0,0,0,0,0,137,2026-02-03 06:56:57.470745
WNTR,26.95,26.89,26.95,2199400.0,,2017800.0,0,0,0,0,0,0,0,0,0,0,0,137,2026-02-03 06:56:57.470745
SPNG,26.07,26.1,26.18,1595900.0,2250.0,1803200.0,3500.0,,0,0,0,0,0,0,0,0,0,138,2026-02-03 06:56:58.500141
SMMR,26.04,26.1,26.11,1562800.0,,2024400.0,,7000.0,0,0,0,0,0,0,0,0,0,138,2026-02-03 06:56:58.500141
ATMN,25.09,25.14,25.66,2127700.0,4500.0,2026900.0,5250.0,,0,0,0,0,0,0,0,0,0,138,2026-02-03 06:56:58.500141
WNTR,26.97,26.9,26.97,2112700.0,,1998400.0,,8750.0,0,0,0,0,0,0,0,0,0,138,2026-02-03 06:56:58.500141
SPNG,26.44,26.1,26.35,1694800.0,2250.0,1910100.0,0,0,0,0,0,0,0,0,0,0,0,139,2026-02-03 06:56:59.528168
SMMR,26.11,25.73,26.11,1579500.0,,2024400.0,0,0,0,0,0,0,0,0,0,0,0,139,2026-02-03 06:56:59.528168
ATMN,25.73,25.14,25.42,2132700.0,4500.0,2139600.0,0,0,0,0,0,0,0,0,0,0,0,139,2026-02-03 06:56:59.528168
WNTR,27.0,27.0,27.03,2239000.0,,1774900.0,0,0,0,0,0,0,0,0,0,0,0,139,2026-02-03 06:56:59.528168
SPNG,26.44,26.1,26.35,1967600.0,2250.0,1910100.0,0,0,0,0,0,0,0,0,0,0,0,140,2026-02-03 06:57:00.552056
SMMR,26.11,25.91,25.97,1691300.0,,2018700.0,0,0,0,0,0,0,0,0,0,0,0,140,2026-02-03 06:57:00.552056
ATMN,25.42,25.14,25.42,2117900.0,4500.0,2139600.0,0,0,0,0,0,0,0,0,0,0,0,140,2026-02-03 06:57:00.552056
WNTR,26.9,26.9,27.04,2220800.0,,1671800.0,0,0,0,0,0,0,0,0,0,0,0,140,2026-02-03 06:57:00.552056
SPNG,26.07,26.07,26.35,1905900.0,2250.0,1940900.0,0,0,0,0,0,0,0,0,0,0,0,141,2026-02-03 06:57:01.579336
SMMR,25.91,25.73,25.74,1675000.0,,2038600.0,0,0,0,0,0,0,0,0,0,0,0,141,2026-02-03 06:57:01.579336
ATMN,25.17,25.17,25.38,2119300.0,4500.0,2113200.0,0,0,0,0,0,0,0,0,0,0,0,141,2026-02-03 06:57:01.579336
WNTR,27.06,26.95,26.97,2243600.0,,1681200.0,0,0,0,0,0,0,0,0,0,0,0,141,2026-02-03 06:57:01.579336
SPNG,26.07,26.07,26.34,1925200.0,2250.0,1854500.0,3500.0,,0,0,0,0,0,0,0,0,0,142,2026-02-03 06:57:02.607701
SMMR,25.91,25.73,25.74,1976800.0,,1952700.0,7000.0,7000.0,0,0,0,0,0,0,0,0,0,142,2026-02-03 06:57:02.607701
ATMN,25.73,25.17,25.73,2110200.0,4500.0,2103700.0,,,0,0,0,0,0,0,0,0,0,142,2026-02-03 06:57:02.607701
WNTR,27.06,26.96,27.06,2127500.0,,1680700.0,,8750.0,0,0,0,0,0,0,0,0,0,142,2026-02-03 06:57:02.607701
SPNG,26.49,26.07,26.49,1925200.0,2250.0,1846200.0,0,0,0,0,0,0,0,0,0,0,0,143,2026-02-03 06:57:03.637971
SMMR,25.97,25.93,25.97,2079200.0,,2018700.0,0,0,0,0,0,0,0,0,0,0,0,143,2026-02-03 06:57:03.637971
ATMN,25.73,25.17,25.35,2110200.0,4500.0,2120100.0,0,0,0,0,0,0,0,0,0,0,0,143,2026-02-03 06:57:03.637971
WNTR,27.07,26.95,26.97,2230200.0,,1674200.0,0,0,0,0,0,0,0,0,0,0,0,143,2026-02-03 06:57:03.637971
SPNG,26.04,26.04,26.49,1921500.0,2250.0,1864800.0,,,0,0,0,0,0,0,0,0,0,144,2026-02-03 06:57:04.159295
SMMR,25.97,25.94,25.97,1929400.0,,2018700.0,7000.0,,0,0,0,0,0,0,0,0,0,144,2026-02-03 06:57:04.159295
ATMN,25.73,25.18,25.34,2005200.0,4500.0,2064800.0,5250.0,5250.0,0,0,0,0,0,0,0,0,0,144,2026-02-03 06:57:04.159295
WNTR,26.97,27.01,27.02,2139100.0,,1666300.0,8750.0,,0,0,0,0,0,0,0,0,0,144,2026-02-03 06:57:04.159295
SPNG,26.04,26.2,26.22,1907800.0,2250.0,1879600.0,0,0,0,0,0,0,0,0,0,0,0,145,2026-02-03 06:57:05.192678
SMMR,25.87,25.95,25.97,2045400.0,,2018700.0,0,0,0,0,0,0,0,0,0,0,0,145,2026-02-03 06:57:05.192678
ATMN,25.03,25.03,25.35,2167200.0,4500.0,2159200.0,0,0,0,0,0,0,0,0,0,0,0,145,2026-02-03 06:57:05.192678
WNTR,27.02,27.01,27.02,2251800.0,,1666300.0,0,0,0,0,0,0,0,0,0,0,0,145,2026-02-03 06:57:05.192678
SPNG,26.21,26.2,26.22,1842200.0,2250.0,1879600.0,,,0,0,0,0,0,0,0,0,0,146,2026-02-03 06:57:06.250951
SMMR,26.02,26.02,26.05,1902300.0,,2012400.0,7000.0,,0,0,0,0,0,0,0,0,0,146,2026-02-03 06:57:06.250951
ATMN,25.38,25.17,25.34,2156700.0,4500.0,2035900.0,,5250.0,0,0,0,0,0,0,0,0,0,146,2026-02-03 06:57:06.250951
WNTR,26.95,26.95,27.02,2231100.0,,1871500.0,,,0,0,0,0,0,0,0,0,0,146,2026-02-03 06:57:06.250951
SPNG,26.49,26.17,26.49,1814300.0,2250.0,1864800.0,,0,0,0,0,0,0,0,0,0,0,147,2026-02-03 06:57:07.335165
SMMR,25.95,25.95,26.05,2024200.0,,1998900.0,,0,0,0,0,0,0,0,0,0,0,147,2026-02-03 06:57:07.335165
ATMN,25.29,25.29,25.37,2163500.0,4500.0,2050400.0,5250.0,0,0,0,0,0,0,0,0,0,0,147,2026-02-03 06:57:07.335165
WNTR,27.14,26.9,27.14,2210600.0,,1590600.0,,0,0,0,0,0,0,0,0,0,0,147,2026-02-03 06:57:07.335165
SPNG,26.17,26.17,26.64,1814300.0,2250.0,1851100.0,,,0,0,0,0,0,0,0,0,0,148,2026-02-03 06:57:08.375560
SMMR,26.06,25.95,26.06,2024200.0,,1991500.0,,,0,0,0,0,0,0,0,0,0,148,2026-02-03 06:57:08.375560
ATMN,25.17,25.1,25.12,2162200.0,4500.0,2070000.0,5250.0,,0,0,0,0,0,0,0,0,0,148,2026-02-03 06:57:08.375560
WNTR,26.91,26.91,27.23,2113800.0,,1378400.0,,8750.0,0,0,0,0,0,0,0,0,0,148,2026-02-03 06:57:08.375560
SPNG,26.04,26.18,26.25,3500.0,1743300.0,2250.0,1799000.0,3500.0,0,0,0,0,0,0,0,0,0,149,2026-02-03 06:57:09.413923
SMMR,25.92,25.92,26.06,,2043600.0,,1984700.0,,0,0,0,0,0,0,0,0,0,149,2026-02-03 06:57:09.413923
ATMN,25.12,25.24,25.26,,2144800.0,4500.0,2178500.0,,0,0,0,0,0,0,0,0,0,149,2026-02-03 06:57:09.413923
WNTR,27.23,26.91,27.23,2650.0,2113800.0,,1378400.0,,0,0,0,0,0,0,0,0,0,149,2026-02-03 06:57:09.413923
SPNG,26.55,26.19,26.33,3500.0,1764500.0,2250.0,1886900.0,0,0,0,0,0,0,0,0,0,0,150,2026-02-03 06:57:10.451819
SMMR,25.75,25.87,26.02,,2039200.0,,1976900.0,0,0,0,0,0,0,0,0,0,0,150,2026-02-03 06:57:10.451819
ATMN,25.38,25.24,25.38,,2123200.0,4500.0,2138100.0,0,0,0,0,0,0,0,0,0,0,150,2026-02-03 06:57:10.451819
WNTR,26.84,27.19,27.23,,2213600.0,,1378400.0,0,0,0,0,0,0,0,0,0,0,150,2026-02-03 06:57:10.451819
SPNG,25.98,26.32,26.33,1877100.0,2250.0,1886900.0,,,0,0,0,0,0,0,0,0,0,151,2026-02-03 06:57:11.513354
SMMR,25.75,25.87,25.95,2039200.0,,1979100.0,,,0,0,0,0,0,0,0,0,0,151,2026-02-03 06:57:11.513354
ATMN,25.03,25.25,25.37,2036200.0,4500.0,2062700.0,5250.0,5250.0,0,0,0,0,0,0,0,0,0,151,2026-02-03 06:57:11.513354
WNTR,27.04,26.84,26.96,2237700.0,,1612900.0,,8750.0,0,0,0,0,0,0,0,0,0,151,2026-02-03 06:57:11.513354
SPNG,26.33,26.14,26.33,1859400.0,2250.0,1886900.0,,0,0,0,0,0,0,0,0,0,0,152,2026-02-03 06:57:12.568467
SMMR,25.75,25.87,25.95,2055300.0,,1955700.0,,0,0,0,0,0,0,0,0,0,0,152,2026-02-03 06:57:12.568467
ATMN,25.39,25.33,25.39,2131800.0,4500.0,2064500.0,5250.0,0,0,0,0,0,0,0,0,0,0,152,2026-02-03 06:57:12.568467
WNTR,27.04,26.89,27.04,2235600.0,,1378400.0,,0,0,0,0,0,0,0,0,0,0,152,2026-02-03 06:57:12.568467
SPNG,26.65,26.15,26.33,1883300.0,2250.0,1867100.0,,0,0,0,0,0,0,0,0,0,0,153,2026-02-03 06:57:13.603450
SMMR,25.89,25.88,25.89,1890600.0,,1960300.0,7000.0,0,0,0,0,0,0,0,0,0,0,153,2026-02-03 06:57:13.603450
ATMN,25.03,25.03,25.38,2142700.0,4500.0,2145200.0,,0,0,0,0,0,0,0,0,0,0,153,2026-02-03 06:57:13.603450
WNTR,26.89,26.89,26.95,2210600.0,,1378400.0,,0,0,0,0,0,0,0,0,0,0,153,2026-02-03 06:57:13.603450
SPNG,26.72,25.98,26.72,1871600.0,2250.0,1862500.0,0,0,0,0,0,0,0,0,0,0,0,154,2026-02-03 06:57:14.653100
SMMR,25.87,25.87,26.0,2006600.0,,1945400.0,0,0,0,0,0,0,0,0,0,0,0,154,2026-02-03 06:57:14.653100
ATMN,25.2,25.03,25.2,2139500.0,4500.0,2182400.0,0,0,0,0,0,0,0,0,0,0,0,154,2026-02-03 06:57:14.653100
WNTR,27.04,27.04,27.07,2210600.0,,1732900.0,0,0,0,0,0,0,0,0,0,0,0,154,2026-02-03 06:57:14.653100
SPNG,26.17,26.0,26.04,1856200.0,2250.0,1889400.0,,0,0,0,0,0,0,0,0,0,0,155,2026-02-03 06:57:15.712919
SMMR,26.02,25.75,26.02,2056800.0,,1971300.0,,0,0,0,0,0,0,0,0,0,0,155,2026-02-03 06:57:15.712919
ATMN,25.2,25.36,25.39,2118000.0,4500.0,2145200.0,,0,0,0,0,0,0,0,0,0,0,155,2026-02-03 06:57:15.712919
WNTR,27.19,27.05,27.09,2118600.0,,1702600.0,8750.0,0,0,0,0,0,0,0,0,0,0,155,2026-02-03 06:57:15.712919
SPNG,26.17,26.0,26.04,1858800.0,2250.0,1889400.0,0,0,0,0,0,0,0,0,0,0,0,156,2026-02-03 06:57:16.255597
SMMR,25.74,25.74,25.95,2078000.0,,1939600.0,0,0,0,0,0,0,0,0,0,0,0,156,2026-02-03 06:57:16.255597
ATMN,25.36,25.03,25.09,2143100.0,4500.0,2143400.0,0,0,0,0,0,0,0,0,0,0,0,156,2026-02-03 06:57:16.255597
WNTR,27.19,27.0,27.09,2252700.0,,1702600.0,0,0,0,0,0,0,0,0,0,0,0,156,2026-02-03 06:57:16.255597
SPNG,26.27,26.02,26.17,1867600.0,2250.0,1924800.0,0,0,0,0,0,0,0,0,0,0,0,157,2026-02-03 06:57:17.289035
SMMR,25.74,25.74,25.94,1999200.0,,1932200.0,0,0,0,0,0,0,0,0,0,0,0,157,2026-02-03 06:57:17.289035
ATMN,25.51,25.03,25.51,2118300.0,4500.0,2130300.0,0,0,0,0,0,0,0,0,0,0,0,157,2026-02-03 06:57:17.289035
WNTR,27.0,27.0,27.09,2252700.0,,1919700.0,0,0,0,0,0,0,0,0,0,0,0,157,2026-02-03 06:57:17.289035
SPNG,26.28,26.2,26.24,1959300.0,1896800.0,,,,0,0,0,0,0,0,0,0,0,158,2026-02-03 06:57:18.324588
SMMR,25.95,25.75,25.95,1865000.0,1939600.0,7000.0,,,0,0,0,0,0,0,0,0,0,158,2026-02-03 06:57:18.324588
ATMN,25.51,25.15,25.38,2103300.0,2079700.0,,4500.0,5250.0,0,0,0,0,0,0,0,0,0,158,2026-02-03 06:57:18.324588
WNTR,26.94,26.98,27.09,2250000.0,1919700.0,,,,0,0,0,0,0,0,0,0,0,158,2026-02-03 06:57:18.324588
SPNG,26.1,26.42,26.45,1977100.0,1912300.0,,0,0,0,0,0,0,0,0,0,0,0,159,2026-02-03 06:57:19.379494
SMMR,25.95,25.74,25.95,1974400.0,1951000.0,,0,0,0,0,0,0,0,0,0,0,0,159,2026-02-03 06:57:19.379494
ATMN,25.03,25.35,25.38,2123200.0,2174700.0,4500.0,0,0,0,0,0,0,0,0,0,0,0,159,2026-02-03 06:57:19.379494
WNTR,27.12,26.98,27.12,2263900.0,1826100.0,,0,0,0,0,0,0,0,0,0,0,0,159,2026-02-03 06:57:19.379494
SPNG,26.1,26.43,26.44,3500.0,1870000.0,3500.0,1812100.0,,0,0,0,0,0,0,0,0,0,160,2026-02-03 06:57:20.444161
SMMR,25.95,25.81,25.95,7000.0,1872200.0,,1946100.0,,0,0,0,0,0,0,0,0,0,160,2026-02-03 06:57:20.444161
ATMN,25.38,25.03,25.38,,2118300.0,,2172500.0,4500.0,0,0,0,0,0,0,0,0,0,160,2026-02-03 06:57:20.444161
WNTR,27.23,26.99,27.23,8750.0,2162100.0,,1667300.0,,0,0,0,0,0,0,0,0,0,160,2026-02-03 06:57:20.444161
SPNG,26.02,26.02,26.44,1867600.0,2250.0,3500.0,1859800.0,0,0,0,0,0,0,0,0,0,0,161,2026-02-03 06:57:21.485888
SMMR,25.81,25.83,25.95,1965300.0,,,1954600.0,0,0,0,0,0,0,0,0,0,0,161,2026-02-03 06:57:21.485888
ATMN,25.36,25.03,25.15,2118300.0,4500.0,,2192500.0,0,0,0,0,0,0,0,0,0,0,161,2026-02-03 06:57:21.485888
WNTR,27.23,27.09,27.23,2253000.0,,,1777600.0,0,0,0,0,0,0,0,0,0,0,161,2026-02-03 06:57:21.485888
SPNG,26.31,26.02,26.31,1960100.0,1856600.0,3500.0,,,0,0,0,0,0,0,0,0,0,162,2026-02-03 06:57:22.520184
SMMR,26.02,25.84,26.02,1866300.0,1971300.0,,7000.0,,0,0,0,0,0,0,0,0,0,162,2026-02-03 06:57:22.520184
ATMN,25.36,25.03,25.14,2112000.0,2096100.0,5250.0,,4500.0,0,0,0,0,0,0,0,0,0,162,2026-02-03 06:57:22.520184
WNTR,27.28,27.1,27.22,2141500.0,1747600.0,8750.0,8750.0,,0,0,0,0,0,0,0,0,0,162,2026-02-03 06:57:22.520184
SPNG,26.66,26.42,26.66,1958000.0,1920500.0,0,0,0,0,0,0,0,0,0,0,0,0,163,2026-02-03 06:57:23.556608
SMMR,25.97,25.88,25.9,1966900.0,1968200.0,0,0,0,0,0,0,0,0,0,0,0,0,163,2026-02-03 06:57:23.556608
ATMN,25.15,25.03,25.15,2174400.0,2192500.0,0,0,0,0,0,0,0,0,0,0,0,0,163,2026-02-03 06:57:23.556608
WNTR,27.28,27.09,27.14,2258300.0,1973900.0,0,0,0,0,0,0,0,0,0,0,0,0,163,2026-02-03 06:57:23.556608
SPNG,26.22,26.32,26.65,1978700.0,3500.0,1841300.0,,0,0,0,0,0,0,0,0,0,0,164,2026-02-03 06:57:24.591303
SMMR,25.9,25.82,25.9,1953600.0,,1968200.0,,0,0,0,0,0,0,0,0,0,0,164,2026-02-03 06:57:24.591303
ATMN,25.46,25.04,25.46,2052800.0,,2164500.0,5250.0,0,0,0,0,0,0,0,0,0,0,164,2026-02-03 06:57:24.591303
WNTR,27.14,27.1,27.14,2094800.0,,1973900.0,8750.0,0,0,0,0,0,0,0,0,0,0,164,2026-02-03 06:57:24.591303
SPNG,26.34,26.42,26.66,1958600.0,1920500.0,0,0,0,0,0,0,0,0,0,0,0,0,165,2026-02-03 06:57:25.621097
SMMR,25.91,25.91,26.02,1963000.0,1967500.0,0,0,0,0,0,0,0,0,0,0,0,0,165,2026-02-03 06:57:25.621097
ATMN,25.03,25.03,25.46,2149500.0,2183400.0,0,0,0,0,0,0,0,0,0,0,0,0,165,2026-02-03 06:57:25.621097
WNTR,27.19,27.19,27.26,2219400.0,1852900.0,0,0,0,0,0,0,0,0,0,0,0,0,165,2026-02-03 06:57:25.621097
SPNG,26.26,26.19,26.21,1973800.0,1952800.0,0,0,0,0,0,0,0,0,0,0,0,0,166,2026-02-03 06:57:26.666834
SMMR,25.82,25.82,25.94,1953600.0,1964100.0,0,0,0,0,0,0,0,0,0,0,0,0,166,2026-02-03 06:57:26.666834
ATMN,25.31,25.03,25.15,2169700.0,2165000.0,0,0,0,0,0,0,0,0,0,0,0,0,166,2026-02-03 06:57:26.666834
WNTR,27.09,27.09,27.21,2211400.0,2221100.0,0,0,0,0,0,0,0,0,0,0,0,0,166,2026-02-03 06:57:26.666834
SPNG,26.24,26.24,26.64,1968900.0,1955500.0,0,0,0,0,0,0,0,0,0,0,0,0,167,2026-02-03 06:57:27.706584
SMMR,25.82,25.82,25.84,1963700.0,1980700.0,0,0,0,0,0,0,0,0,0,0,0,0,167,2026-02-03 06:57:27.706584
ATMN,25.48,25.03,25.48,2169700.0,2161800.0,0,0,0,0,0,0,0,0,0,0,0,0,167,2026-02-03 06:57:27.706584
WNTR,27.09,27.12,27.13,2214800.0,2192600.0,0,0,0,0,0,0,0,0,0,0,0,0,167,2026-02-03 06:57:27.706584
SPNG,26.03,26.03,26.38,1960100.0,1965600.0,0,0,0,0,0,0,0,0,0,0,0,0,168,2026-02-03 06:57:28.739570
SMMR,25.82,25.74,25.79,1960800.0,2000800.0,0,0,0,0,0,0,0,0,0,0,0,0,168,2026-02-03 06:57:28.739570
ATMN,25.03,25.32,25.48,2140900.0,2156300.0,0,0,0,0,0,0,0,0,0,0,0,0,168,2026-02-03 06:57:28.739570
WNTR,27.12,27.12,27.13,2221200.0,2203500.0,0,0,0,0,0,0,0,0,0,0,0,0,168,2026-02-03 06:57:28.739570
SPNG,26.64,26.15,26.37,1936000.0,3500.0,1861500.0,,0,0,0,0,0,0,0,0,0,0,169,2026-02-03 06:57:29.774417
SMMR,25.83,25.83,25.84,2013300.0,,1980700.0,,0,0,0,0,0,0,0,0,0,0,169,2026-02-03 06:57:29.774417
ATMN,25.32,25.04,25.14,2073800.0,,2152900.0,5250.0,0,0,0,0,0,0,0,0,0,0,169,2026-02-03 06:57:29.774417
WNTR,27.06,27.06,27.13,2232900.0,8750.0,2076200.0,,0,0,0,0,0,0,0,0,0,0,169,2026-02-03 06:57:29.774417
SPNG,26.19,26.15,26.19,1946700.0,1865100.0,3500.0,0,0,0,0,0,0,0,0,0,0,0,170,2026-02-03 06:57:30.813769
SMMR,25.83,25.83,25.84,2020200.0,1980700.0,,0,0,0,0,0,0,0,0,0,0,0,170,2026-02-03 06:57:30.813769
ATMN,25.51,25.05,25.23,2185100.0,2126100.0,,0,0,0,0,0,0,0,0,0,0,0,170,2026-02-03 06:57:30.813769
WNTR,27.06,27.11,27.13,2242100.0,2184000.0,,0,0,0,0,0,0,0,0,0,0,0,170,2026-02-03 06:57:30.813769
SPNG,26.19,26.15,26.19,1946700.0,1865100.0,3500.0,,0,0,0,0,0,0,0,0,0,0,171,2026-02-03 06:57:31.402077
SMMR,25.84,25.88,25.94,1891500.0,1964100.0,,7000.0,0,0,0,0,0,0,0,0,0,0,171,2026-02-03 06:57:31.402077
ATMN,25.23,25.36,25.51,2192800.0,2149200.0,,,0,0,0,0,0,0,0,0,0,0,171,2026-02-03 06:57:31.402077
WNTR,27.17,27.17,27.19,2252300.0,2225900.0,,,0,0,0,0,0,0,0,0,0,0,171,2026-02-03 06:57:31.402077
SPNG,26.37,26.15,26.37,1970600.0,1964400.0,0,0,0,0,0,0,0,0,0,0,0,0,172,2026-02-03 06:57:32.459855
SMMR,26.02,25.83,26.02,2004000.0,1967500.0,0,0,0,0,0,0,0,0,0,0,0,0,172,2026-02-03 06:57:32.459855
ATMN,25.51,25.05,25.51,2185100.0,2138600.0,0,0,0,0,0,0,0,0,0,0,0,0,172,2026-02-03 06:57:32.459855
WNTR,27.11,27.09,27.11,2244800.0,2211800.0,0,0,0,0,0,0,0,0,0,0,0,0,172,2026-02-03 06:57:32.459855
SPNG,26.15,26.15,26.37,1963400.0,1968800.0,,0,0,0,0,0,0,0,0,0,0,0,173,2026-02-03 06:57:33.503514
SMMR,25.83,25.83,26.02,1966300.0,2002700.0,,0,0,0,0,0,0,0,0,0,0,0,173,2026-02-03 06:57:33.503514
ATMN,25.02,25.06,25.53,2067500.0,2100100.0,5250.0,0,0,0,0,0,0,0,0,0,0,0,173,2026-02-03 06:57:33.503514
WNTR,27.06,27.06,27.11,2265000.0,2211800.0,,0,0,0,0,0,0,0,0,0,0,0,173,2026-02-03 06:57:33.503514
SPNG,26.43,26.18,26.43,1880900.0,3500.0,1959500.0,0,0,0,0,0,0,0,0,0,0,0,174,2026-02-03 06:57:34.550934
SMMR,25.8,25.8,25.81,1982500.0,,2004900.0,0,0,0,0,0,0,0,0,0,0,0,174,2026-02-03 06:57:34.550934
ATMN,25.45,25.02,25.35,2164200.0,,2126300.0,0,0,0,0,0,0,0,0,0,0,0,174,2026-02-03 06:57:34.550934
WNTR,27.06,27.06,27.21,2271900.0,,2178700.0,0,0,0,0,0,0,0,0,0,0,0,174,2026-02-03 06:57:34.550934
SPNG,26.43,26.18,26.26,1986300.0,1985800.0,0,0,0,0,0,0,0,0,0,0,0,0,175,2026-02-03 06:57:35.586921
SMMR,25.91,25.91,25.97,1983200.0,2034500.0,0,0,0,0,0,0,0,0,0,0,0,0,175,2026-02-03 06:57:35.586921
ATMN,25.02,25.27,25.35,2194100.0,2147000.0,0,0,0,0,0,0,0,0,0,0,0,0,175,2026-02-03 06:57:35.586921
WNTR,27.15,27.15,27.21,2261300.0,2178700.0,0,0,0,0,0,0,0,0,0,0,0,0,175,2026-02-03 06:57:35.586921
SPNG,26.26,26.18,26.26,1988900.0,1985800.0,0,0,0,0,0,0,0,0,0,0,0,0,176,2026-02-03 06:57:36.623910
SMMR,25.97,25.86,25.97,1991700.0,2034500.0,0,0,0,0,0,0,0,0,0,0,0,0,176,2026-02-03 06:57:36.623910
ATMN,25.62,25.27,25.43,2194100.0,2132100.0,0,0,0,0,0,0,0,0,0,0,0,0,176,2026-02-03 06:57:36.623910
WNTR,27.24,27.06,27.24,2271900.0,2189500.0,0,0,0,0,0,0,0,0,0,0,0,0,176,2026-02-03 06:57:36.623910
SPNG,26.28,26.28,26.33,1892800.0,3500.0,1994800.0,,0,0,0,0,0,0,0,0,0,0,177,2026-02-03 06:57:37.657928
SMMR,25.76,25.87,26.0,1903800.0,7000.0,1996500.0,,0,0,0,0,0,0,0,0,0,0,177,2026-02-03 06:57:37.657928
ATMN,25.27,25.28,25.4,2104000.0,5250.0,2150800.0,,0,0,0,0,0,0,0,0,0,0,177,2026-02-03 06:57:37.657928
WNTR,27.26,27.06,27.23,2283800.0,,2084900.0,8750.0,0,0,0,0,0,0,0,0,0,0,177,2026-02-03 06:57:37.657928
SPNG,26.18,26.31,26.33,1897000.0,3500.0,1994800.0,0,0,0,0,0,0,0,0,0,0,0,178,2026-02-03 06:57:38.696977
SMMR,25.76,25.76,25.91,2015300.0,,1996500.0,0,0,0,0,0,0,0,0,0,0,0,178,2026-02-03 06:57:38.696977
ATMN,25.27,25.3,25.39,2211800.0,,2158300.0,0,0,0,0,0,0,0,0,0,0,0,178,2026-02-03 06:57:38.696977
WNTR,27.23,27.24,27.26,2284000.0,,2190800.0,0,0,0,0,0,0,0,0,0,0,0,178,2026-02-03 06:57:38.696977
SPNG,26.33,26.31,26.33,2004800.0,1994800.0,,0,0,0,0,0,0,0,0,0,0,0,179,2026-02-03 06:57:39.730541
SMMR,25.91,25.8,25.91,2009500.0,1996500.0,,0,0,0,0,0,0,0,0,0,0,0,179,2026-02-03 06:57:39.730541
ATMN,25.27,25.02,25.14,2164200.0,2177800.0,,0,0,0,0,0,0,0,0,0,0,0,179,2026-02-03 06:57:39.730541
WNTR,27.23,27.25,27.26,2176100.0,2213300.0,8750.0,0,0,0,0,0,0,0,0,0,0,0,179,2026-02-03 06:57:39.730541
SPNG,26.38,25.35,25.62,882400.0,2250.0,690600.0,0,0,0,0,0,0,0,0,0,0,0,180,2026-02-03 06:57:40.761436
SMMR,24.92,24.92,25.14,926400.0,,833700.0,0,0,0,0,0,0,0,0,0,0,0,180,2026-02-03 06:57:40.761436
ATMN,25.27,24.86,25.37,928600.0,4500.0,955700.0,0,0,0,0,0,0,0,0,0,0,0,180,2026-02-03 06:57:40.761436
WNTR,27.26,25.4,25.54,950800.0,4500.0,1040500.0,0,0,0,0,0,0,0,0,0,0,0,180,2026-02-03 06:57:40.761436
SPNG,25.35,24.94,25.2,1008700.0,2250.0,890100.0,0,0,0,0,0,0,0,0,0,0,0,181,2026-02-03 06:57:41.795973
SMMR,24.92,24.5,24.77,1148500.0,,947400.0,0,0,0,0,0,0,0,0,0,0,0,181,2026-02-03 06:57:41.795973
ATMN,24.59,24.59,25.2,974900.0,,1172300.0,0,0,0,0,0,0,0,0,0,0,0,181,2026-02-03 06:57:41.795973
WNTR,25.4,25.07,25.17,964300.0,4500.0,1405400.0,0,0,0,0,0,0,0,0,0,0,0,181,2026-02-03 06:57:41.795973
SPNG,25.35,25.16,25.2,1353900.0,2250.0,890100.0,,0,0,0,0,0,0,0,0,0,0,182,2026-02-03 06:57:42.832738
SMMR,24.92,24.71,24.77,1501200.0,,947400.0,,0,0,0,0,0,0,0,0,0,0,182,2026-02-03 06:57:42.832738
ATMN,24.6,24.52,24.6,1106400.0,,1289400.0,,0,0,0,0,0,0,0,0,0,0,182,2026-02-03 06:57:42.832738
WNTR,25.4,25.07,25.08,964300.0,4500.0,1905600.0,8750.0,0,0,0,0,0,0,0,0,0,0,182,2026-02-03 06:57:42.832738
SPNG,25.58,25.16,25.58,1438900.0,2250.0,898300.0,,0,0,0,0,0,0,0,0,0,0,183,2026-02-03 06:57:43.864966
SMMR,24.92,24.71,24.77,1789400.0,,947400.0,,0,0,0,0,0,0,0,0,0,0,183,2026-02-03 06:57:43.864966
ATMN,24.64,24.64,25.05,1234700.0,,1381900.0,,0,0,0,0,0,0,0,0,0,0,183,2026-02-03 06:57:43.864966
WNTR,24.79,24.68,24.69,968700.0,,2043100.0,8750.0,0,0,0,0,0,0,0,0,0,0,183,2026-02-03 06:57:43.864966
SPNG,25.58,25.52,25.58,1548500.0,2250.0,1014800.0,0,0,0,0,0,0,0,0,0,0,0,184,2026-02-03 06:57:44.400022
SMMR,24.77,24.99,25.14,1880000.0,,947800.0,0,0,0,0,0,0,0,0,0,0,0,184,2026-02-03 06:57:44.400022
ATMN,24.52,24.52,25.04,1006400.0,,1503700.0,0,0,0,0,0,0,0,0,0,0,0,184,2026-02-03 06:57:44.400022
WNTR,24.79,24.68,24.69,968700.0,,2307900.0,0,0,0,0,0,0,0,0,0,0,0,184,2026-02-03 06:57:44.400022
SPNG,25.17,25.25,25.58,1722400.0,2250.0,1014800.0,0,0,0,0,0,0,0,0,0,0,0,185,2026-02-03 06:57:45.428134
SMMR,24.99,24.71,24.91,1991000.0,,1069100.0,0,0,0,0,0,0,0,0,0,0,0,185,2026-02-03 06:57:45.428134
ATMN,25.04,23.65,25.04,1109100.0,,1503700.0,0,0,0,0,0,0,0,0,0,0,0,185,2026-02-03 06:57:45.428134
WNTR,24.68,24.54,24.56,976800.0,,2432000.0,0,0,0,0,0,0,0,0,0,0,0,185,2026-02-03 06:57:45.428134
SPNG,25.16,25.16,25.58,1771500.0,2250.0,1134000.0,,,0,0,0,0,0,0,0,0,0,186,2026-02-03 06:57:46.465044
SMMR,24.96,24.87,24.96,2192300.0,,1061300.0,,,0,0,0,0,0,0,0,0,0,186,2026-02-03 06:57:46.465044
ATMN,23.65,24.58,24.76,1207000.0,,1602800.0,5250.0,5250.0,0,0,0,0,0,0,0,0,0,186,2026-02-03 06:57:46.465044
WNTR,24.32,24.32,24.4,998900.0,,2387000.0,,8750.0,0,0,0,0,0,0,0,0,0,186,2026-02-03 06:57:46.465044
SPNG,25.75,25.17,25.75,3500.0,1864000.0,2250.0,1021300.0,,0,0,0,0,0,0,0,0,0,187,2026-02-03 06:57:47.509897
SMMR,24.96,24.88,24.89,7000.0,2086100.0,,1249900.0,7000.0,0,0,0,0,0,0,0,0,0,187,2026-02-03 06:57:47.509897
ATMN,24.44,24.63,24.76,,1433700.0,,1602800.0,,0,0,0,0,0,0,0,0,0,187,2026-02-03 06:57:47.509897
WNTR,24.51,24.32,24.52,,998900.0,,2505100.0,,0,0,0,0,0,0,0,0,0,187,2026-02-03 06:57:47.509897
SPNG,25.77,25.18,25.77,3500.0,1864000.0,2250.0,1081200.0,,0,0,0,0,0,0,0,0,0,188,2026-02-03 06:57:48.557508
SMMR,24.96,24.88,24.89,7000.0,2037300.0,,1615500.0,,0,0,0,0,0,0,0,0,0,188,2026-02-03 06:57:48.557508
ATMN,24.76,24.39,24.75,,1306700.0,,1602800.0,5250.0,0,0,0,0,0,0,0,0,0,188,2026-02-03 06:57:48.557508
WNTR,24.06,24.23,24.52,,1124000.0,,2506800.0,,0,0,0,0,0,0,0,0,0,188,2026-02-03 06:57:48.557508
SPNG,25.09,25.09,25.69,1758800.0,2250.0,1261100.0,,,0,0,0,0,0,0,0,0,0,189,2026-02-03 06:57:49.605352
SMMR,24.89,24.88,24.89,2015800.0,,1513200.0,7000.0,7000.0,0,0,0,0,0,0,0,0,0,189,2026-02-03 06:57:49.605352
ATMN,24.76,24.39,24.76,1306700.0,,1788900.0,,,0,0,0,0,0,0,0,0,0,189,2026-02-03 06:57:49.605352
WNTR,24.23,24.06,24.15,1003200.0,,2522700.0,,,0,0,0,0,0,0,0,0,0,189,2026-02-03 06:57:49.605352
SPNG,25.18,25.09,25.18,1857500.0,2250.0,1379600.0,0,0,0,0,0,0,0,0,0,0,0,190,2026-02-03 06:57:50.648506
SMMR,24.78,24.78,24.91,2139700.0,,1513200.0,0,0,0,0,0,0,0,0,0,0,0,190,2026-02-03 06:57:50.648506
ATMN,25.04,24.19,25.04,1207000.0,,1798500.0,0,0,0,0,0,0,0,0,0,0,0,190,2026-02-03 06:57:50.648506
WNTR,24.21,24.21,24.42,1410000.0,,2481100.0,0,0,0,0,0,0,0,0,0,0,0,190,2026-02-03 06:57:50.648506
SPNG,25.82,25.05,25.82,1772500.0,2250.0,1085700.0,0,0,0,0,0,0,0,0,0,0,0,191,2026-02-03 06:57:51.686159
SMMR,24.91,24.92,24.96,2100900.0,,1388300.0,0,0,0,0,0,0,0,0,0,0,0,191,2026-02-03 06:57:51.686159
ATMN,24.52,24.52,25.04,1315800.0,,1906500.0,0,0,0,0,0,0,0,0,0,0,0,191,2026-02-03 06:57:51.686159
WNTR,24.22,24.22,24.42,1537000.0,,2508800.0,0,0,0,0,0,0,0,0,0,0,0,191,2026-02-03 06:57:51.686159
SPNG,25.82,25.06,25.76,3500.0,1772500.0,2250.0,3500.0,1134900.0,0,0,0,0,0,0,0,0,0,192,2026-02-03 06:57:52.730508
SMMR,24.91,24.93,24.96,5900.0,1966800.0,,,1632400.0,0,0,0,0,0,0,0,0,0,192,2026-02-03 06:57:52.730508
ATMN,24.55,24.98,25.03,5250.0,1431300.0,,5250.0,2015300.0,0,0,0,0,0,0,0,0,0,192,2026-02-03 06:57:52.730508
WNTR,24.47,24.23,24.47,8750.0,1537000.0,,,2480900.0,0,0,0,0,0,0,0,0,0,192,2026-02-03 06:57:52.730508
SPNG,25.82,25.05,25.66,1772500.0,2250.0,1441500.0,0,0,0,0,0,0,0,0,0,0,0,193,2026-02-03 06:57:53.777129
SMMR,24.98,24.78,24.98,2151000.0,,1395100.0,0,0,0,0,0,0,0,0,0,0,0,193,2026-02-03 06:57:53.777129
ATMN,24.98,24.52,24.84,1315800.0,,2149000.0,0,0,0,0,0,0,0,0,0,0,0,193,2026-02-03 06:57:53.777129
WNTR,24.25,24.25,24.47,1149000.0,,2468000.0,0,0,0,0,0,0,0,0,0,0,0,193,2026-02-03 06:57:53.777129
SPNG,25.14,25.17,25.65,1958800.0,3500.0,2250.0,3500.0,1441500.0,0,0,0,0,0,0,0,0,0,194,2026-02-03 06:57:54.824523
SMMR,24.98,24.83,24.84,2001500.0,7000.0,,7000.0,1604100.0,0,0,0,0,0,0,0,0,0,194,2026-02-03 06:57:54.824523
ATMN,24.77,24.19,24.77,1461200.0,,,5250.0,2082800.0,0,0,0,0,0,0,0,0,0,194,2026-02-03 06:57:54.824523
WNTR,24.47,24.2,24.47,1397400.0,,,,2477200.0,0,0,0,0,0,0,0,0,0,194,2026-02-03 06:57:54.824523
SPNG,25.01,25.01,25.66,1757500.0,2250.0,1520500.0,0,0,0,0,0,0,0,0,0,0,0,195,2026-02-03 06:57:55.900210
SMMR,24.82,24.82,24.92,2132700.0,,1610700.0,0,0,0,0,0,0,0,0,0,0,0,195,2026-02-03 06:57:55.900210
ATMN,24.19,24.19,24.77,1572400.0,,2197900.0,0,0,0,0,0,0,0,0,0,0,0,195,2026-02-03 06:57:55.900210
WNTR,24.2,24.05,24.12,1551400.0,,2474800.0,0,0,0,0,0,0,0,0,0,0,0,195,2026-02-03 06:57:55.900210
SPNG,25.82,25.18,25.82,3500.0,1872900.0,2250.0,1415900.0,0,0,0,0,0,0,0,0,0,0,196,2026-02-03 06:57:56.478832
SMMR,24.82,24.91,24.92,7000.0,2008000.0,,1610700.0,0,0,0,0,0,0,0,0,0,0,196,2026-02-03 06:57:56.478832
ATMN,24.19,23.86,24.0,,1608300.0,,2221800.0,0,0,0,0,0,0,0,0,0,0,196,2026-02-03 06:57:56.478832
WNTR,24.49,24.32,24.49,8750.0,1677400.0,,2508800.0,0,0,0,0,0,0,0,0,0,0,196,2026-02-03 06:57:56.478832
SPNG,25.46,25.62,25.82,2085200.0,2250.0,1527100.0,0,0,0,0,0,0,0,0,0,0,0,197,2026-02-03 06:57:57.509269
SMMR,24.92,24.93,24.98,2130600.0,,1616800.0,0,0,0,0,0,0,0,0,0,0,0,197,2026-02-03 06:57:57.509269
ATMN,23.86,23.86,24.77,1608300.0,,2197700.0,0,0,0,0,0,0,0,0,0,0,0,197,2026-02-03 06:57:57.509269
WNTR,24.39,24.32,24.39,1677400.0,,2488400.0,0,0,0,0,0,0,0,0,0,0,0,197,2026-02-03 06:57:57.509269
SPNG,25.31,25.01,25.31,2081100.0,2250.0,1650100.0,,,0,0,0,0,0,0,0,0,0,198,2026-02-03 06:57:58.535249
SMMR,24.82,24.82,24.98,2132700.0,,1616800.0,,,0,0,0,0,0,0,0,0,0,198,2026-02-03 06:57:58.535249
ATMN,23.86,24.71,24.76,1827000.0,,2141600.0,5250.0,,0,0,0,0,0,0,0,0,0,198,2026-02-03 06:57:58.535249
WNTR,24.39,24.33,24.39,1799100.0,,2467200.0,,8750.0,0,0,0,0,0,0,0,0,0,198,2026-02-03 06:57:58.535249
SPNG,25.31,25.6,25.82,2048900.0,2250.0,1527100.0,,,0,0,0,0,0,0,0,0,0,199,2026-02-03 06:57:59.587852
SMMR,24.82,24.93,24.97,1993000.0,,1729800.0,7000.0,7000.0,0,0,0,0,0,0,0,0,0,199,2026-02-03 06:57:59.587852
ATMN,24.71,23.86,24.59,1718300.0,,2288900.0,,,0,0,0,0,0,0,0,0,0,199,2026-02-03 06:57:59.587852
WNTR,24.39,24.33,24.39,1899000.0,,2430000.0,17500.0,,0,0,0,0,0,0,0,0,0,199,2026-02-03 06:57:59.587852
SPNG,25.6,25.16,25.43,2065700.0,2250.0,1733100.0,0,0,0,0,0,0,0,0,0,0,0,200,2026-02-03 06:58:00.630563
SMMR,25.02,24.93,25.02,2100200.0,,1816400.0,0,0,0,0,0,0,0,0,0,0,0,200,2026-02-03 06:58:00.630563
ATMN,24.36,24.53,24.59,1817200.0,,2288900.0,0,0,0,0,0,0,0,0,0,0,0,200,2026-02-03 06:58:00.630563
WNTR,24.41,24.14,24.41,1773000.0,,2424500.0,0,0,0,0,0,0,0,0,0,0,0,200,2026-02-03 06:58:00.630563
SPNG,25.47,25.47,25.56,1910100.0,3500.0,2250.0,1736600.0,,0,0,0,0,0,0,0,0,0,201,2026-02-03 06:58:01.666939
SMMR,25.02,24.96,24.97,1989500.0,7000.0,,2035000.0,,0,0,0,0,0,0,0,0,0,201,2026-02-03 06:58:01.666939
ATMN,23.8,24.35,24.58,1703500.0,,,2180100.0,5250.0,0,0,0,0,0,0,0,0,0,201,2026-02-03 06:58:01.666939
WNTR,24.49,24.15,24.49,2008300.0,8750.0,,2435900.0,,0,0,0,0,0,0,0,0,0,201,2026-02-03 06:58:01.666939
SPNG,25.83,25.48,25.83,3500.0,1910100.0,2250.0,1835000.0,0,0,0,0,0,0,0,0,0,0,202,2026-02-03 06:58:02.696844
SMMR,25.02,24.96,24.97,7000.0,2012400.0,,2155900.0,0,0,0,0,0,0,0,0,0,0,202,2026-02-03 06:58:02.696844
ATMN,24.35,24.35,24.65,,1703500.0,,2291700.0,0,0,0,0,0,0,0,0,0,0,202,2026-02-03 06:58:02.696844
WNTR,24.37,24.37,24.52,,2266000.0,,2454500.0,0,0,0,0,0,0,0,0,0,0,202,2026-02-03 06:58:02.696844
SPNG,25.47,25.16,25.47,2031400.0,2250.0,1893600.0,,0,0,0,0,0,0,0,0,0,0,203,2026-02-03 06:58:03.745371
SMMR,24.93,24.96,24.97,2034600.0,,2164600.0,7000.0,0,0,0,0,0,0,0,0,0,0,203,2026-02-03 06:58:03.745371
ATMN,24.65,24.35,24.65,1819500.0,,2294700.0,,0,0,0,0,0,0,0,0,0,0,203,2026-02-03 06:58:03.745371
WNTR,24.42,24.45,24.52,2502000.0,,2454500.0,,0,0,0,0,0,0,0,0,0,0,203,2026-02-03 06:58:03.745371
SPNG,25.47,25.16,25.45,2027100.0,2250.0,1920200.0,,,0,0,0,0,0,0,0,0,0,204,2026-02-03 06:58:04.774873
SMMR,24.96,24.93,24.94,2122200.0,,2145100.0,,,0,0,0,0,0,0,0,0,0,204,2026-02-03 06:58:04.774873
ATMN,24.65,24.38,24.59,1934600.0,,2162200.0,5250.0,5250.0,0,0,0,0,0,0,0,0,0,204,2026-02-03 06:58:04.774873
WNTR,24.56,24.45,24.56,2338000.0,,2478300.0,8750.0,,0,0,0,0,0,0,0,0,0,204,2026-02-03 06:58:04.774873
SPNG,25.45,25.16,25.45,2007400.0,2250.0,1920200.0,0,0,0,0,0,0,0,0,0,0,0,205,2026-02-03 06:58:05.816041
SMMR,24.92,24.92,24.94,2122700.0,,2146000.0,0,0,0,0,0,0,0,0,0,0,0,205,2026-02-03 06:58:05.816041
ATMN,24.35,23.8,23.99,1802000.0,,2285000.0,0,0,0,0,0,0,0,0,0,0,0,205,2026-02-03 06:58:05.816041
WNTR,24.56,24.45,24.48,2502000.0,,2471400.0,0,0,0,0,0,0,0,0,0,0,0,205,2026-02-03 06:58:05.816041
SPNG,25.6,25.16,25.51,2007400.0,2250.0,1857800.0,,0,0,0,0,0,0,0,0,0,0,206,2026-02-03 06:58:06.857325
SMMR,24.97,24.78,24.97,2144100.0,,2167100.0,,0,0,0,0,0,0,0,0,0,0,206,2026-02-03 06:58:06.857325
ATMN,23.99,24.07,24.59,2241400.0,,2279700.0,5250.0,0,0,0,0,0,0,0,0,0,0,206,2026-02-03 06:58:06.857325
WNTR,24.38,24.46,24.47,2406600.0,,2443500.0,8750.0,0,0,0,0,0,0,0,0,0,0,206,2026-02-03 06:58:06.857325
SPNG,25.09,25.09,25.83,2005500.0,2250.0,1835000.0,,0,0,0,0,0,0,0,0,0,0,207,2026-02-03 06:58:07.894229
SMMR,24.97,24.78,24.97,2144100.0,,2159300.0,,0,0,0,0,0,0,0,0,0,0,207,2026-02-03 06:58:07.894229
ATMN,24.59,24.34,24.59,2325000.0,,2279700.0,,0,0,0,0,0,0,0,0,0,0,207,2026-02-03 06:58:07.894229
WNTR,24.38,24.46,24.47,2342400.0,,2434700.0,8750.0,0,0,0,0,0,0,0,0,0,0,207,2026-02-03 06:58:07.894229
SPNG,25.18,25.54,25.82,1905000.0,3500.0,2250.0,3500.0,1748300.0,0,0,0,0,0,0,0,0,0,208,2026-02-03 06:58:08.936125
SMMR,24.99,24.93,24.99,2030500.0,7000.0,,,2128400.0,0,0,0,0,0,0,0,0,0,208,2026-02-03 06:58:08.936125
ATMN,24.34,24.34,24.69,2325000.0,,,,2311900.0,0,0,0,0,0,0,0,0,0,208,2026-02-03 06:58:08.936125
WNTR,24.47,24.37,24.47,2402800.0,,,,2401000.0,0,0,0,0,0,0,0,0,0,208,2026-02-03 06:58:08.936125
SPNG,25.18,25.54,25.75,2025700.0,2250.0,1916600.0,0,0,0,0,0,0,0,0,0,0,0,209,2026-02-03 06:58:09.977782
SMMR,24.99,24.93,24.99,2153300.0,,2112500.0,0,0,0,0,0,0,0,0,0,0,0,209,2026-02-03 06:58:09.977782
ATMN,24.69,24.1,24.69,2358600.0,,2311900.0,0,0,0,0,0,0,0,0,0,0,0,209,2026-02-03 06:58:09.977782
WNTR,24.47,24.38,24.4,2499500.0,,2410500.0,0,0,0,0,0,0,0,0,0,0,0,209,2026-02-03 06:58:09.977782
SPNG,25.44,25.44,25.57,2014600.0,2250.0,1951500.0,,,0,0,0,0,0,0,0,0,0,210,2026-02-03 06:58:11.024184
SMMR,24.93,24.89,24.93,2148000.0,,2122700.0,,,0,0,0,0,0,0,0,0,0,210,2026-02-03 06:58:11.024184
ATMN,24.79,24.11,24.79,2215500.0,,2297100.0,5250.0,,0,0,0,0,0,0,0,0,0,210,2026-02-03 06:58:11.024184
WNTR,24.38,24.38,24.39,2499500.0,,2345600.0,,8750.0,0,0,0,0,0,0,0,0,0,210,2026-02-03 06:58:11.024184
SPNG,25.44,25.44,25.56,2014600.0,2250.0,1984300.0,0,0,0,0,0,0,0,0,0,0,0,211,2026-02-03 06:58:11.561485
SMMR,24.98,24.89,24.96,2148000.0,,2102400.0,0,0,0,0,0,0,0,0,0,0,0,211,2026-02-03 06:58:11.561485
ATMN,24.79,24.1,24.79,2339000.0,,2297100.0,0,0,0,0,0,0,0,0,0,0,0,211,2026-02-03 06:58:11.561485
WNTR,24.4,24.4,24.47,2483200.0,,2413700.0,0,0,0,0,0,0,0,0,0,0,0,211,2026-02-03 06:58:11.561485
SPNG,25.56,25.01,25.56,2006700.0,2250.0,1989400.0,,0,0,0,0,0,0,0,0,0,0,212,2026-02-03 06:58:12.603563
SMMR,24.89,24.78,24.82,2129200.0,,1984300.0,7000.0,0,0,0,0,0,0,0,0,0,0,212,2026-02-03 06:58:12.603563
ATMN,24.1,24.1,24.82,2339000.0,,2298700.0,,0,0,0,0,0,0,0,0,0,0,212,2026-02-03 06:58:12.603563
WNTR,24.4,24.15,24.33,2466200.0,,2442100.0,,0,0,0,0,0,0,0,0,0,0,212,2026-02-03 06:58:12.603563
SPNG,25.56,25.23,25.56,1973000.0,2250.0,1989400.0,0,0,0,0,0,0,0,0,0,0,0,213,2026-02-03 06:58:13.659392
SMMR,24.96,24.92,24.96,2129500.0,,2102400.0,0,0,0,0,0,0,0,0,0,0,0,213,2026-02-03 06:58:13.659392
ATMN,24.51,24.1,24.11,2339000.0,,2327300.0,0,0,0,0,0,0,0,0,0,0,0,213,2026-02-03 06:58:13.659392
WNTR,24.33,24.44,24.46,2460500.0,,2421200.0,0,0,0,0,0,0,0,0,0,0,0,213,2026-02-03 06:58:13.659392
SPNG,25.3,25.23,25.3,1973000.0,2250.0,1945300.0,,0,0,0,0,0,0,0,0,0,0,214,2026-02-03 06:58:14.707391
SMMR,24.99,24.93,24.99,2024300.0,,2104900.0,7000.0,0,0,0,0,0,0,0,0,0,0,214,2026-02-03 06:58:14.707391
ATMN,24.51,24.1,24.11,2294700.0,,2327300.0,,0,0,0,0,0,0,0,0,0,0,214,2026-02-03 06:58:14.707391
WNTR,24.47,24.33,24.47,2470600.0,,2453300.0,,0,0,0,0,0,0,0,0,0,0,214,2026-02-03 06:58:14.707391
SPNG,25.23,25.25,25.75,1966100.0,2250.0,1941500.0,0,0,0,0,0,0,0,0,0,0,0,215,2026-02-03 06:58:15.761043
SMMR,24.99,24.96,24.99,2134500.0,,2074000.0,0,0,0,0,0,0,0,0,0,0,0,215,2026-02-03 06:58:15.761043
ATMN,24.13,24.1,24.13,2294700.0,,2308600.0,0,0,0,0,0,0,0,0,0,0,0,215,2026-02-03 06:58:15.761043
WNTR,24.47,24.46,24.47,2471200.0,,2471400.0,0,0,0,0,0,0,0,0,0,0,0,215,2026-02-03 06:58:15.761043
SPNG,25.25,25.25,25.74,1956900.0,2250.0,3500.0,1850400.0,0,0,0,0,0,0,0,0,0,0,216,2026-02-03 06:58:16.793889
SMMR,24.92,24.92,25.0,2116400.0,,,2096100.0,0,0,0,0,0,0,0,0,0,0,216,2026-02-03 06:58:16.793889
ATMN,24.13,24.47,24.79,2237100.0,,,2315800.0,0,0,0,0,0,0,0,0,0,0,216,2026-02-03 06:58:16.793889
WNTR,24.33,24.46,24.47,2460800.0,,,2471400.0,0,0,0,0,0,0,0,0,0,0,216,2026-02-03 06:58:16.793889
SPNG,25.77,25.25,25.67,1956900.0,2250.0,1931100.0,,0,0,0,0,0,0,0,0,0,0,217,2026-02-03 06:58:17.828485
SMMR,25.01,24.92,25.01,2116400.0,,2108700.0,,0,0,0,0,0,0,0,0,0,0,217,2026-02-03 06:58:17.828485
ATMN,24.07,24.07,24.59,2326500.0,,2268000.0,,0,0,0,0,0,0,0,0,0,0,217,2026-02-03 06:58:17.828485
WNTR,24.37,24.41,24.42,2450500.0,,2412200.0,8750.0,0,0,0,0,0,0,0,0,0,0,217,2026-02-03 06:58:17.828485
SPNG,25.55,25.42,25.55,1938500.0,2250.0,1940000.0,,0,0,0,0,0,0,0,0,0,0,218,2026-02-03 06:58:18.862228
SMMR,24.92,24.78,24.89,2133300.0,,2099600.0,,0,0,0,0,0,0,0,0,0,0,218,2026-02-03 06:58:18.862228
ATMN,24.07,24.36,24.54,2325100.0,,2267300.0,,0,0,0,0,0,0,0,0,0,0,218,2026-02-03 06:58:18.862228
WNTR,24.42,24.41,24.42,2450500.0,,2404900.0,8750.0,0,0,0,0,0,0,0,0,0,0,218,2026-02-03 06:58:18.862228
SPNG,25.67,25.25,25.67,1913100.0,2250.0,1931100.0,,0,0,0,0,0,0,0,0,0,0,219,2026-02-03 06:58:19.900063
SMMR,24.92,24.78,24.89,2167900.0,,2099600.0,,0,0,0,0,0,0,0,0,0,0,219,2026-02-03 06:58:19.900063
ATMN,24.46,24.36,24.45,2313400.0,,2175800.0,5250.0,0,0,0,0,0,0,0,0,0,0,219,2026-02-03 06:58:19.900063
WNTR,24.42,24.41,24.42,2478000.0,,2542400.0,,0,0,0,0,0,0,0,0,0,0,219,2026-02-03 06:58:19.900063
SPNG,25.83,25.5,25.71,1881200.0,2250.0,1942500.0,,,0,0,0,0,0,0,0,0,0,220,2026-02-03 06:58:20.933058
SMMR,24.76,24.76,24.88,2158900.0,,1988000.0,7000.0,,0,0,0,0,0,0,0,0,0,220,2026-02-03 06:58:20.933058
ATMN,24.54,24.37,24.54,2163300.0,,2279500.0,,5250.0,0,0,0,0,0,0,0,0,0,220,2026-02-03 06:58:20.933058
WNTR,24.41,24.33,24.38,2510800.0,,2473000.0,,,0,0,0,0,0,0,0,0,0,220,2026-02-03 06:58:20.933058
SPNG,25.5,25.25,25.32,1887100.0,2250.0,1949800.0,0,0,0,0,0,0,0,0,0,0,0,221,2026-02-03 06:58:21.969512
SMMR,24.82,24.82,25.02,2174400.0,,2122200.0,0,0,0,0,0,0,0,0,0,0,0,221,2026-02-03 06:58:21.969512
ATMN,24.03,24.4,24.52,2290800.0,,2283600.0,0,0,0,0,0,0,0,0,0,0,0,221,2026-02-03 06:58:21.969512
WNTR,24.33,24.35,24.38,2469600.0,,2473000.0,0,0,0,0,0,0,0,0,0,0,0,221,2026-02-03 06:58:21.969512
SPNG,25.71,25.25,25.63,1869200.0,2250.0,1870700.0,3500.0,,0,0,0,0,0,0,0,0,0,222,2026-02-03 06:58:23.002811
SMMR,24.87,24.82,24.87,2185700.0,,2119000.0,,,0,0,0,0,0,0,0,0,0,222,2026-02-03 06:58:23.002811
ATMN,24.59,24.4,24.59,2160700.0,,2258100.0,,5250.0,0,0,0,0,0,0,0,0,0,222,2026-02-03 06:58:23.002811
WNTR,24.42,24.42,24.49,2492300.0,,2436300.0,,,0,0,0,0,0,0,0,0,0,222,2026-02-03 06:58:23.002811
SPNG,25.63,25.25,25.63,1869200.0,2250.0,1870700.0,3500.0,,0,0,0,0,0,0,0,0,0,223,2026-02-03 06:58:24.032872
SMMR,25.02,24.82,24.87,2185700.0,,2129600.0,,,0,0,0,0,0,0,0,0,0,223,2026-02-03 06:58:24.032872
ATMN,24.38,24.38,24.59,2156900.0,,2237800.0,,5250.0,0,0,0,0,0,0,0,0,0,223,2026-02-03 06:58:24.032872
WNTR,24.33,24.34,24.48,2355500.0,,2473500.0,,8750.0,0,0,0,0,0,0,0,0,0,223,2026-02-03 06:58:24.032872
SPNG,25.71,25.74,25.82,1970900.0,3500.0,1874700.0,0,0,0,0,0,0,0,0,0,0,0,224,2026-02-03 06:58:25.063752
SMMR,24.87,24.85,24.87,2202600.0,,2129600.0,0,0,0,0,0,0,0,0,0,0,0,224,2026-02-03 06:58:25.063752
ATMN,24.59,24.62,24.79,2267200.0,,2225800.0,0,0,0,0,0,0,0,0,0,0,0,224,2026-02-03 06:58:25.063752
WNTR,24.48,24.36,24.48,2509100.0,,2473500.0,0,0,0,0,0,0,0,0,0,0,0,224,2026-02-03 06:58:25.063752
SPNG,25.58,25.25,25.55,1869200.0,2250.0,1993500.0,0,0,0,0,0,0,0,0,0,0,0,225,2026-02-03 06:58:26.096184
SMMR,24.87,24.9,24.93,2216700.0,,2124500.0,0,0,0,0,0,0,0,0,0,0,0,225,2026-02-03 06:58:26.096184
ATMN,24.03,24.03,24.79,2296200.0,,2225800.0,0,0,0,0,0,0,0,0,0,0,0,225,2026-02-03 06:58:26.096184
WNTR,24.44,24.44,24.48,2510000.0,,2473500.0,0,0,0,0,0,0,0,0,0,0,0,225,2026-02-03 06:58:26.096184
SPNG,25.83,25.25,25.54,1953900.0,3500.0,1874700.0,0,0,0,0,0,0,0,0,0,0,0,226,2026-02-03 06:58:27.128419
SMMR,24.9,24.85,24.88,2191600.0,,2147900.0,0,0,0,0,0,0,0,0,0,0,0,226,2026-02-03 06:58:27.128419
ATMN,24.25,24.25,24.69,2278800.0,,2198800.0,0,0,0,0,0,0,0,0,0,0,0,226,2026-02-03 06:58:27.128419
WNTR,24.36,24.36,24.49,2491500.0,,2435800.0,0,0,0,0,0,0,0,0,0,0,0,226,2026-02-03 06:58:27.128419
SPNG,25.83,25.25,25.54,1953900.0,3500.0,1874700.0,0,0,0,0,0,0,0,0,0,0,0,227,2026-02-03 06:58:27.659769
SMMR,24.88,24.87,24.88,2212100.0,,2147900.0,0,0,0,0,0,0,0,0,0,0,0,227,2026-02-03 06:58:27.659769
ATMN,24.69,24.48,24.69,2269600.0,,2198800.0,0,0,0,0,0,0,0,0,0,0,0,227,2026-02-03 06:58:27.659769
WNTR,24.26,24.26,24.49,2480000.0,,2435800.0,0,0,0,0,0,0,0,0,0,0,0,227,2026-02-03 06:58:27.659769
SPNG,25.23,25.5,25.85,1947200.0,1939700.0,,0,0,0,0,0,0,0,0,0,0,0,228,2026-02-03 06:58:28.692247
SMMR,24.88,24.87,24.88,2181900.0,2147900.0,,0,0,0,0,0,0,0,0,0,0,0,228,2026-02-03 06:58:28.692247
ATMN,24.69,24.49,24.69,2139500.0,2235500.0,5250.0,0,0,0,0,0,0,0,0,0,0,0,228,2026-02-03 06:58:28.692247
WNTR,24.52,24.25,24.52,2482000.0,2402100.0,,0,0,0,0,0,0,0,0,0,0,0,228,2026-02-03 06:58:28.692247
SPNG,25.5,25.5,25.7,1860700.0,3500.0,1823700.0,3500.0,0,0,0,0,0,0,0,0,0,0,229,2026-02-03 06:58:29.736916
SMMR,24.93,24.87,24.93,2057300.0,7000.0,2146300.0,,0,0,0,0,0,0,0,0,0,0,229,2026-02-03 06:58:29.736916
ATMN,24.25,24.03,24.04,2305600.0,,2138700.0,5250.0,0,0,0,0,0,0,0,0,0,0,229,2026-02-03 06:58:29.736916
WNTR,24.39,24.26,24.39,2342300.0,8750.0,2336700.0,8750.0,0,0,0,0,0,0,0,0,0,0,229,2026-02-03 06:58:29.736916
SPNG,25.7,25.24,25.7,1835800.0,3500.0,1934900.0,,0,0,0,0,0,0,0,0,0,0,230,2026-02-03 06:58:30.784829
SMMR,24.85,24.85,24.93,2125800.0,,2151400.0,,0,0,0,0,0,0,0,0,0,0,230,2026-02-03 06:58:30.784829
ATMN,24.04,24.03,24.04,2251600.0,,2246700.0,,0,0,0,0,0,0,0,0,0,0,230,2026-02-03 06:58:30.784829
WNTR,24.36,24.3,24.36,2445800.0,,2345600.0,8750.0,0,0,0,0,0,0,0,0,0,0,230,2026-02-03 06:58:30.784829
SPNG,25.31,25.48,25.7,1956400.0,1936500.0,,0,0,0,0,0,0,0,0,0,0,0,231,2026-02-03 06:58:31.821301
SMMR,24.92,24.92,24.93,2005700.0,2122300.0,7000.0,0,0,0,0,0,0,0,0,0,0,0,231,2026-02-03 06:58:31.821301
ATMN,24.04,24.59,24.69,2211800.0,2235500.0,,0,0,0,0,0,0,0,0,0,0,0,231,2026-02-03 06:58:31.821301
WNTR,24.36,24.38,24.39,2441600.0,2440600.0,,0,0,0,0,0,0,0,0,0,0,0,231,2026-02-03 06:58:31.821301
SPNG,25.48,25.49,25.7,3500.0,1867000.0,1928600.0,0,0,0,0,0,0,0,0,0,0,0,232,2026-02-03 06:58:32.854624
SMMR,24.92,24.92,24.93,,2097500.0,2122500.0,0,0,0,0,0,0,0,0,0,0,0,232,2026-02-03 06:58:32.854624
ATMN,24.04,24.59,24.69,,2211800.0,2233000.0,0,0,0,0,0,0,0,0,0,0,0,232,2026-02-03 06:58:32.854624
WNTR,24.53,24.3,24.53,,2445800.0,2430000.0,0,0,0,0,0,0,0,0,0,0,0,232,2026-02-03 06:58:32.854624
SPNG,25.26,25.26,25.66,1956100.0,1925400.0,0,0,0,0,0,0,0,0,0,0,0,0,233,2026-02-03 06:58:33.897499
SMMR,24.85,24.85,24.93,2119400.0,2122500.0,0,0,0,0,0,0,0,0,0,0,0,0,233,2026-02-03 06:58:33.897499
ATMN,24.71,23.93,24.71,2190700.0,2249100.0,0,0,0,0,0,0,0,0,0,0,0,0,233,2026-02-03 06:58:33.897499
WNTR,24.55,24.23,24.55,2469900.0,2400800.0,0,0,0,0,0,0,0,0,0,0,0,0,233,2026-02-03 06:58:33.897499
SPNG,25.68,25.26,25.55,1956100.0,1908200.0,0,0,0,0,0,0,0,0,0,0,0,0,234,2026-02-03 06:58:34.926983
SMMR,25.02,24.83,25.02,2112700.0,2117500.0,0,0,0,0,0,0,0,0,0,0,0,0,234,2026-02-03 06:58:34.926983
ATMN,24.71,24.26,24.71,2189800.0,2249100.0,0,0,0,0,0,0,0,0,0,0,0,0,234,2026-02-03 06:58:34.926983
WNTR,24.43,24.4,24.43,2479200.0,2458900.0,0,0,0,0,0,0,0,0,0,0,0,0,234,2026-02-03 06:58:34.926983
SPNG,25.77,25.27,25.77,3500.0,1844500.0,1939300.0,,0,0,0,0,0,0,0,0,0,0,235,2026-02-03 06:58:35.965471
SMMR,25.03,25.04,25.05,7000.0,1986800.0,2136600.0,,0,0,0,0,0,0,0,0,0,0,235,2026-02-03 06:58:35.965471
ATMN,24.26,24.26,24.51,,2189800.0,2137100.0,5250.0,0,0,0,0,0,0,0,0,0,0,235,2026-02-03 06:58:35.965471
WNTR,24.43,24.4,24.42,8750.0,2363200.0,2361000.0,8750.0,0,0,0,0,0,0,0,0,0,0,235,2026-02-03 06:58:35.965471
SPNG,25.85,25.55,25.85,1950100.0,1926700.0,,0,0,0,0,0,0,0,0,0,0,0,236,2026-02-03 06:58:36.996404
SMMR,24.99,25.0,25.05,2001500.0,2155100.0,7000.0,0,0,0,0,0,0,0,0,0,0,0,236,2026-02-03 06:58:36.996404
ATMN,24.13,24.05,24.13,2179200.0,2272900.0,,0,0,0,0,0,0,0,0,0,0,0,236,2026-02-03 06:58:36.996404
WNTR,24.4,24.41,24.44,2483600.0,2476100.0,,0,0,0,0,0,0,0,0,0,0,0,236,2026-02-03 06:58:36.996404
SPNG,25.26,25.61,25.62,1966000.0,1883000.0,0,0,0,0,0,0,0,0,0,0,0,0,237,2026-02-03 06:58:38.033477
SMMR,24.88,24.83,24.88,2112100.0,2149500.0,0,0,0,0,0,0,0,0,0,0,0,0,237,2026-02-03 06:58:38.033477
ATMN,24.16,24.16,24.51,2200200.0,2245100.0,0,0,0,0,0,0,0,0,0,0,0,0,237,2026-02-03 06:58:38.033477
WNTR,24.22,24.26,24.44,2414900.0,2476100.0,0,0,0,0,0,0,0,0,0,0,0,0,237,2026-02-03 06:58:38.033477
SPNG,25.61,25.61,25.62,1973900.0,1880700.0,0,0,0,0,0,0,0,0,0,0,0,0,238,2026-02-03 06:58:39.070189
SMMR,24.94,25.04,25.05,2081900.0,2155100.0,0,0,0,0,0,0,0,0,0,0,0,0,238,2026-02-03 06:58:39.070189
ATMN,24.41,24.41,24.71,2241200.0,2221500.0,0,0,0,0,0,0,0,0,0,0,0,0,238,2026-02-03 06:58:39.070189
WNTR,24.22,24.22,24.5,2431600.0,2450100.0,0,0,0,0,0,0,0,0,0,0,0,0,238,2026-02-03 06:58:39.070189
SPNG,25.76,25.61,25.76,1927900.0,1910800.0,0,0,0,0,0,0,0,0,0,0,0,0,239,2026-02-03 06:58:40.122566
SMMR,25.04,25.0,25.03,2076900.0,2156000.0,0,0,0,0,0,0,0,0,0,0,0,0,239,2026-02-03 06:58:40.122566
ATMN,24.41,24.49,24.71,2255400.0,2243500.0,0,0,0,0,0,0,0,0,0,0,0,0,239,2026-02-03 06:58:40.122566
WNTR,24.23,24.23,24.4,2437000.0,2492600.0,0,0,0,0,0,0,0,0,0,0,0,0,239,2026-02-03 06:58:40.122566
SPNG,25.76,25.85,25.89,820000.0,2250.0,756400.0,0,0,0,0,0,0,0,0,0,0,0,240,2026-02-03 06:58:41.193426
SMMR,26.66,26.01,26.08,603000.0,,592900.0,0,0,0,0,0,0,0,0,0,0,0,240,2026-02-03 06:58:41.193426
ATMN,26.02,26.02,26.9,958900.0,,613500.0,0,0,0,0,0,0,0,0,0,0,0,240,2026-02-03 06:58:41.193426
WNTR,24.4,25.07,25.6,972800.0,,929900.0,0,0,0,0,0,0,0,0,0,0,0,240,2026-02-03 06:58:41.193426
SPNG,26.09,25.85,25.9,820000.0,2250.0,854200.0,0,0,0,0,0,0,0,0,0,0,0,241,2026-02-03 06:58:41.761941
SMMR,26.66,26.03,26.08,896200.0,,781300.0,0,0,0,0,0,0,0,0,0,0,0,241,2026-02-03 06:58:41.761941
ATMN,26.02,26.02,26.14,1070300.0,,1026900.0,0,0,0,0,0,0,0,0,0,0,0,241,2026-02-03 06:58:41.761941
WNTR,24.4,25.07,25.16,972800.0,,1184300.0,0,0,0,0,0,0,0,0,0,0,0,241,2026-02-03 06:58:41.761941
SPNG,25.85,25.85,25.9,821200.0,2250.0,959500.0,0,0,0,0,0,0,0,0,0,0,0,242,2026-02-03 06:58:42.832956
SMMR,26.36,26.1,26.36,995700.0,,739400.0,0,0,0,0,0,0,0,0,0,0,0,242,2026-02-03 06:58:42.832956
ATMN,26.28,26.02,26.27,1070300.0,,1128600.0,0,0,0,0,0,0,0,0,0,0,0,242,2026-02-03 06:58:42.832956
WNTR,25.19,25.08,25.19,1108100.0,,1044800.0,0,0,0,0,0,0,0,0,0,0,0,242,2026-02-03 06:58:42.832956
SPNG,25.11,25.21,25.9,944300.0,2250.0,959500.0,0,0,0,0,0,0,0,0,0,0,0,243,2026-02-03 06:58:43.885201
SMMR,26.36,26.69,26.72,1215800.0,,711600.0,0,0,0,0,0,0,0,0,0,0,0,243,2026-02-03 06:58:43.885201
ATMN,26.28,26.06,26.17,1189500.0,,1330400.0,0,0,0,0,0,0,0,0,0,0,0,243,2026-02-03 06:58:43.885201
WNTR,25.19,25.08,25.19,1108100.0,,1350700.0,0,0,0,0,0,0,0,0,0,0,0,243,2026-02-03 06:58:43.885201
SPNG,25.9,25.99,26.09,1150800.0,2250.0,858500.0,0,0,0,0,0,0,0,0,0,0,0,244,2026-02-03 06:58:44.921414
SMMR,26.69,26.69,26.72,1193100.0,,711600.0,0,0,0,0,0,0,0,0,0,0,0,244,2026-02-03 06:58:44.921414
ATMN,26.19,26.06,26.07,1307600.0,,1387500.0,0,0,0,0,0,0,0,0,0,0,0,244,2026-02-03 06:58:44.921414
WNTR,25.08,25.08,25.19,1239700.0,,1482600.0,0,0,0,0,0,0,0,0,0,0,0,244,2026-02-03 06:58:44.921414
SPNG,25.9,25.99,26.07,1150800.0,2250.0,1235500.0,0,0,0,0,0,0,0,0,0,0,0,245,2026-02-03 06:58:45.965234
SMMR,26.69,26.59,26.62,1214500.0,,808500.0,0,0,0,0,0,0,0,0,0,0,0,245,2026-02-03 06:58:45.965234
ATMN,26.19,26.06,26.19,1307600.0,,1626900.0,0,0,0,0,0,0,0,0,0,0,0,245,2026-02-03 06:58:45.965234
WNTR,25.28,25.08,25.19,1239700.0,,1604100.0,0,0,0,0,0,0,0,0,0,0,0,245,2026-02-03 06:58:45.965234
SPNG,25.62,26.0,26.06,3500.0,1065900.0,2250.0,3500.0,1425300.0,0,0,0,0,0,0,0,0,0,246,2026-02-03 06:58:47.012980
SMMR,26.59,26.6,26.61,7000.0,1377800.0,,7000.0,906300.0,0,0,0,0,0,0,0,0,0,246,2026-02-03 06:58:47.012980
ATMN,26.21,26.06,26.21,,1307600.0,,,1643400.0,0,0,0,0,0,0,0,0,0,246,2026-02-03 06:58:47.012980
WNTR,25.05,25.05,25.19,,1146500.0,,8750.0,1604100.0,0,0,0,0,0,0,0,0,0,246,2026-02-03 06:58:47.012980
SPNG,25.99,25.62,25.99,1065900.0,2250.0,1715500.0,0,0,0,0,0,0,0,0,0,0,0,247,2026-02-03 06:58:48.045716
SMMR,26.59,26.59,26.62,1672000.0,,906300.0,0,0,0,0,0,0,0,0,0,0,0,247,2026-02-03 06:58:48.045716
ATMN,26.01,26.01,26.21,1214100.0,,1854300.0,0,0,0,0,0,0,0,0,0,0,0,247,2026-02-03 06:58:48.045716
WNTR,25.05,24.62,24.88,1303300.0,,1815200.0,0,0,0,0,0,0,0,0,0,0,0,247,2026-02-03 06:58:48.045716
SPNG,25.21,25.63,25.99,3500.0,1064900.0,2250.0,1815800.0,,0,0,0,0,0,0,0,0,0,248,2026-02-03 06:58:49.084511
SMMR,26.76,26.6,26.61,7000.0,1758700.0,,913800.0,7000.0,0,0,0,0,0,0,0,0,0,248,2026-02-03 06:58:49.084511
ATMN,25.95,25.95,26.07,,1096000.0,,1985100.0,5250.0,0,0,0,0,0,0,0,0,0,248,2026-02-03 06:58:49.084511
WNTR,24.87,24.87,24.88,,1670100.0,,1815200.0,,0,0,0,0,0,0,0,0,0,248,2026-02-03 06:58:49.084511
