ticker,last_price,bid_price,ask_price,BUY_ANON,SELL_ANON,BUY_WRSW-1,BUY_UEBR-1,BUY_CHUL-1,BUY_BRCH-1,BUY_LAVL-1,SELL_CALG-1,SELL_CHUL-2,SELL_GIOT-3,SELL_CHUL-4,SELL_LAVL-1,BUY_GIOT-3,BUY_CHUL-4,SELL_UEBR-1,SELL_WRSW-1,BUY_WRSW-3,SELL_CHUL-3,SELL_WRSW-3,BUY_NAIT-4,SELL_COLA-1,BUY_CALG-1,BUY_COLA-1,SELL_BRCH-1,SELL_ZUAI-3,BUY_WRSW-4,SELL_LUIS-1,SELL_WRSW-4,SELL_NAIT-4,BUY_ZUAI-3,BUY_CHUL-3,BUY_CHUL-2,SELL_CHUL-1,BUY_LUIS-1,tick,timestamp,news_news_id,news_period,news_tick,news_ticker,news_headline,news_body
SPNG,25.01,24.72,25.01,2403900.0,1749800.0,0,0,0,0,0,0,0,0,0,0,0,0,0,0,0,0,0,0,0,0,0,0,0,0,0,0,0,0,0,0,0,0,0,2026-02-06 20:47:38.546743,2.0,1.0,1.0,,Aggregate Position Limit,Your CRO has set the aggregate position limit to 14000 shares for this week.
SMMR,25.08,25.01,25.08,1764000.0,2172000.0,0,0,0,0,0,0,0,0,0,0,0,0,0,0,0,0,0,0,0,0,0,0,0,0,0,0,0,0,0,0,0,0,0,2026-02-06 20:47:38.546743,1.0,1.0,1.0,,Welcome to the RITC 2026 Alogithmic Market Making Case - practice server,
ATMN,24.95,24.95,25.02,2035600.0,1801000.0,0,0,0,0,0,0,0,0,0,0,0,0,0,0,0,0,0,0,0,0,0,0,0,0,0,0,0,0,0,0,0,0,0,2026-02-06 20:47:38.546743,,,,,,
WNTR,25.05,24.83,25.05,1861900.0,2254500.0,0,0,0,0,0,0,0,0,0,0,0,0,0,0,0,0,0,0,0,0,0,0,0,0,0,0,0,0,0,0,0,0,0,2026-02-06 20:47:38.546743,,,,,,
SPNG,25.4,24.72,25.4,2403900.0,1650600.0,,,0,0,0,0,0,0,0,0,0,0,0,0,0,0,0,0,0,0,0,0,0,0,0,0,0,0,0,0,0,0,1,2026-02-06 20:47:39.128713
SMMR,25.14,25.14,25.18,1851700.0,2129000.0,5377.0,,0,0,0,0,0,0,0,0,0,0,0,0,0,0,0,0,0,0,0,0,0,0,0,0,0,0,0,0,0,0,1,2026-02-06 20:47:39.128713
ATMN,24.92,24.93,25.01,1968500.0,1801000.0,4466.0,4466.0,0,0,0,0,0,0,0,0,0,0,0,0,0,0,0,0,0,0,0,0,0,0,0,0,0,0,0,0,0,0,1,2026-02-06 20:47:39.128713
WNTR,25.05,24.85,25.03,1955600.0,2150200.0,4675.0,4675.0,0,0,0,0,0,0,0,0,0,0,0,0,0,0,0,0,0,0,0,0,0,0,0,0,0,0,0,0,0,0,1,2026-02-06 20:47:39.128713
SPNG,25.4,24.76,25.4,4363.0,2276500.0,1650600.0,0,0,0,0,0,0,0,0,0,0,0,0,0,0,0,0,0,0,0,0,0,0,0,0,0,0,0,0,0,0,0,2,2026-02-06 20:47:39.711829
SMMR,25.01,25.01,25.18,,1764000.0,2127700.0,0,0,0,0,0,0,0,0,0,0,0,0,0,0,0,0,0,0,0,0,0,0,0,0,0,0,0,0,0,0,0,2,2026-02-06 20:47:39.711829
ATMN,25.08,24.93,25.08,4466.0,1968500.0,1822900.0,0,0,0,0,0,0,0,0,0,0,0,0,0,0,0,0,0,0,0,0,0,0,0,0,0,0,0,0,0,0,0,2,2026-02-06 20:47:39.711829
WNTR,25.06,25.1,25.11,6507.0,1983100.0,2265400.0,0,0,0,0,0,0,0,0,0,0,0,0,0,0,0,0,0,0,0,0,0,0,0,0,0,0,0,0,0,0,0,2,2026-02-06 20:47:39.711829
SPNG,25.4,24.72,25.22,2383900.0,1970700.0,,0,0,0,0,0,0,0,0,0,0,0,0,0,0,0,0,0,0,0,0,0,0,0,0,0,0,0,0,0,0,0,3,2026-02-06 20:47:40.774917
SMMR,25.22,25.01,25.16,1764000.0,2106400.0,,0,0,0,0,0,0,0,0,0,0,0,0,0,0,0,0,0,0,0,0,0,0,0,0,0,0,0,0,0,0,0,3,2026-02-06 20:47:40.774917
ATMN,24.92,24.92,25.08,2051000.0,2023300.0,,0,0,0,0,0,0,0,0,0,0,0,0,0,0,0,0,0,0,0,0,0,0,0,0,0,0,0,0,0,0,0,3,2026-02-06 20:47:40.774917
WNTR,24.89,24.95,25.11,2076800.0,2265400.0,6030.0,0,0,0,0,0,0,0,0,0,0,0,0,0,0,0,0,0,0,0,0,0,0,0,0,0,0,0,0,0,0,0,3,2026-02-06 20:47:40.774917
SPNG,24.67,24.67,25.14,2371200.0,2173900.0,3015.0,,0,0,0,0,0,0,0,0,0,0,0,0,0,0,0,0,0,0,0,0,0,0,0,0,0,0,0,0,0,0,4,2026-02-06 20:47:41.841156
SMMR,25.01,25.01,25.03,1764000.0,2052500.0,3015.0,,0,0,0,0,0,0,0,0,0,0,0,0,0,0,0,0,0,0,0,0,0,0,0,0,0,0,0,0,0,0,4,2026-02-06 20:47:41.841156
ATMN,24.92,24.92,25.03,1960100.0,1928500.0,6030.0,3015.0,0,0,0,0,0,0,0,0,0,0,0,0,0,0,0,0,0,0,0,0,0,0,0,0,0,0,0,0,0,0,4,2026-02-06 20:47:41.841156
WNTR,25.11,25.05,25.11,1976900.0,2005600.0,5529.0,11058.0,0,0,0,0,0,0,0,0,0,0,0,0,0,0,0,0,0,0,0,0,0,0,0,0,0,0,0,0,0,0,4,2026-02-06 20:47:41.841156
SPNG,24.67,24.67,25.14,2378100.0,2270600.0,,0,0,0,0,0,0,0,0,0,0,0,0,0,0,0,0,0,0,0,0,0,0,0,0,0,0,0,0,0,0,0,5,2026-02-06 20:47:42.884172
SMMR,25.05,25.16,25.21,1766300.0,2121200.0,1945.0,0,0,0,0,0,0,0,0,0,0,0,0,0,0,0,0,0,0,0,0,0,0,0,0,0,0,0,0,0,0,0,5,2026-02-06 20:47:42.884172
ATMN,25.12,25.0,25.12,2073900.0,1926900.0,,0,0,0,0,0,0,0,0,0,0,0,0,0,0,0,0,0,0,0,0,0,0,0,0,0,0,0,0,0,0,0,5,2026-02-06 20:47:42.884172
WNTR,25.09,25.09,25.11,2204600.0,2239300.0,,0,0,0,0,0,0,0,0,0,0,0,0,0,0,0,0,0,0,0,0,0,0,0,0,0,0,0,0,0,0,0,5,2026-02-06 20:47:42.884172
SPNG,25.01,24.67,25.01,2273000.0,1945.0,2265700.0,,0,0,0,0,0,0,0,0,0,0,0,0,0,0,0,0,0,0,0,0,0,0,0,0,0,0,0,0,0,0,6,2026-02-06 20:47:43.929185
SMMR,25.16,24.98,25.05,1893500.0,9766.0,2121200.0,,0,0,0,0,0,0,0,0,0,0,0,0,0,0,0,0,0,0,0,0,0,0,0,0,0,0,0,0,0,0,6,2026-02-06 20:47:43.929185
ATMN,25.15,25.04,25.15,1909800.0,10176.0,1892000.0,1945.0,0,0,0,0,0,0,0,0,0,0,0,0,0,0,0,0,0,0,0,0,0,0,0,0,0,0,0,0,0,0,6,2026-02-06 20:47:43.929185
WNTR,24.85,25.04,25.06,2086700.0,6800.0,2119900.0,6800.0,0,0,0,0,0,0,0,0,0,0,0,0,0,0,0,0,0,0,0,0,0,0,0,0,0,0,0,0,0,0,6,2026-02-06 20:47:43.929185
SPNG,25.27,24.7,24.97,6704.0,2187800.0,2174400.0,,0,0,0,0,0,0,0,0,0,0,0,0,0,0,0,0,0,0,0,0,0,0,0,0,0,0,0,0,0,0,7,2026-02-06 20:47:44.975440
SMMR,24.96,24.98,25.21,8310.0,1893500.0,2121500.0,,0,0,0,0,0,0,0,0,0,0,0,0,0,0,0,0,0,0,0,0,0,0,0,0,0,0,0,0,0,0,7,2026-02-06 20:47:44.975440
ATMN,25.23,25.03,25.23,,2107000.0,1955100.0,,0,0,0,0,0,0,0,0,0,0,0,0,0,0,0,0,0,0,0,0,0,0,0,0,0,0,0,0,0,0,7,2026-02-06 20:47:44.975440
WNTR,25.08,25.04,25.08,14025.0,1977400.0,2103600.0,4495.0,0,0,0,0,0,0,0,0,0,0,0,0,0,0,0,0,0,0,0,0,0,0,0,0,0,0,0,0,0,0,7,2026-02-06 20:47:44.975440
SPNG,24.97,24.99,25.23,2183000.0,6704.0,6743.0,2195300.0,0,0,0,0,0,0,0,0,0,0,0,0,0,0,0,0,0,0,0,0,0,0,0,0,0,0,0,0,0,0,8,2026-02-06 20:47:46.030406
SMMR,25.01,24.95,25.0,1781700.0,100.0,14909.0,1940400.0,0,0,0,0,0,0,0,0,0,0,0,0,0,0,0,0,0,0,0,0,0,0,0,0,0,0,0,0,0,0,8,2026-02-06 20:47:46.030406
ATMN,25.0,25.0,25.07,2073900.0,,8741.0,1781200.0,0,0,0,0,0,0,0,0,0,0,0,0,0,0,0,0,0,0,0,0,0,0,0,0,0,0,0,0,0,0,8,2026-02-06 20:47:46.030406
WNTR,25.08,25.04,25.08,1869500.0,17765.0,4495.0,2107800.0,0,0,0,0,0,0,0,0,0,0,0,0,0,0,0,0,0,0,0,0,0,0,0,0,0,0,0,0,0,0,8,2026-02-06 20:47:46.030406
SPNG,24.99,25.01,25.12,6804.0,2061600.0,2088100.0,6843.0,0,0,0,0,0,0,0,0,0,0,0,0,0,0,0,0,0,0,0,0,0,0,0,0,0,0,0,0,0,0,9,2026-02-06 20:47:47.104187
SMMR,25.01,24.95,25.0,4604.0,1915500.0,1782500.0,15009.0,0,0,0,0,0,0,0,0,0,0,0,0,0,0,0,0,0,0,0,0,0,0,0,0,0,0,0,0,0,0,9,2026-02-06 20:47:47.104187
ATMN,24.84,24.89,24.98,100.0,1904100.0,1902300.0,100.0,0,0,0,0,0,0,0,0,0,0,0,0,0,0,0,0,0,0,0,0,0,0,0,0,0,0,0,0,0,0,9,2026-02-06 20:47:47.104187
WNTR,24.98,24.98,25.05,6800.0,2060800.0,2085200.0,4495.0,0,0,0,0,0,0,0,0,0,0,0,0,0,0,0,0,0,0,0,0,0,0,0,0,0,0,0,0,0,0,9,2026-02-06 20:47:47.104187
SPNG,24.99,24.85,24.95,2164800.0,6704.0,2053900.0,6843.0,0,0,0,0,0,0,0,0,0,0,0,0,0,0,0,0,0,0,0,0,0,0,0,0,0,0,0,0,0,0,10,2026-02-06 20:47:47.677261
SMMR,25.01,24.95,25.0,1898100.0,4604.0,1782500.0,15009.0,0,0,0,0,0,0,0,0,0,0,0,0,0,0,0,0,0,0,0,0,0,0,0,0,0,0,0,0,0,0,10,2026-02-06 20:47:47.677261
ATMN,24.75,24.75,24.98,1792200.0,,1902300.0,100.0,0,0,0,0,0,0,0,0,0,0,0,0,0,0,0,0,0,0,0,0,0,0,0,0,0,0,0,0,0,0,10,2026-02-06 20:47:47.677261
WNTR,24.85,24.85,25.05,2089700.0,,2078300.0,4495.0,0,0,0,0,0,0,0,0,0,0,0,0,0,0,0,0,0,0,0,0,0,0,0,0,0,0,0,0,0,0,10,2026-02-06 20:47:47.677261
SPNG,24.96,24.96,25.03,2266400.0,100.0,2278700.0,0,0,0,0,0,0,0,0,0,0,0,0,0,0,0,0,0,0,0,0,0,0,0,0,0,0,0,0,0,0,0,11,2026-02-06 20:47:48.741133
SMMR,25.01,25.1,25.11,2149600.0,,2116700.0,0,0,0,0,0,0,0,0,0,0,0,0,0,0,0,0,0,0,0,0,0,0,0,0,0,0,0,0,0,0,0,11,2026-02-06 20:47:48.741133
ATMN,25.24,24.77,24.92,1792200.0,100.0,2019600.0,0,0,0,0,0,0,0,0,0,0,0,0,0,0,0,0,0,0,0,0,0,0,0,0,0,0,0,0,0,0,0,11,2026-02-06 20:47:48.741133
WNTR,25.01,25.01,25.05,2215500.0,,2194100.0,0,0,0,0,0,0,0,0,0,0,0,0,0,0,0,0,0,0,0,0,0,0,0,0,0,0,0,0,0,0,0,11,2026-02-06 20:47:48.741133
SPNG,24.99,24.97,24.99,2405.0,2077600.0,2137400.0,2305.0,0,0,0,0,0,0,0,0,0,0,0,0,0,0,0,0,0,0,0,0,0,0,0,0,0,0,0,0,0,0,12,2026-02-06 20:47:49.844711
SMMR,25.11,24.94,25.11,,2178700.0,1960600.0,9661.0,0,0,0,0,0,0,0,0,0,0,0,0,0,0,0,0,0,0,0,0,0,0,0,0,0,0,0,0,0,0,12,2026-02-06 20:47:49.844711
ATMN,24.92,24.94,25.11,9827.0,1793800.0,2007300.0,,0,0,0,0,0,0,0,0,0,0,0,0,0,0,0,0,0,0,0,0,0,0,0,0,0,0,0,0,0,0,12,2026-02-06 20:47:49.844711
WNTR,24.9,24.88,24.9,,2223200.0,2106300.0,9882.0,0,0,0,0,0,0,0,0,0,0,0,0,0,0,0,0,0,0,0,0,0,0,0,0,0,0,0,0,0,0,12,2026-02-06 20:47:49.844711
SPNG,24.97,24.85,24.9,2357700.0,2288000.0,,,0,0,0,0,0,0,0,0,0,0,0,0,0,0,0,0,0,0,0,0,0,0,0,0,0,0,0,0,0,0,13,2026-02-06 20:47:50.948066
SMMR,25.11,24.94,25.03,2058200.0,1760800.0,1330.0,24670.0,0,0,0,0,0,0,0,0,0,0,0,0,0,0,0,0,0,0,0,0,0,0,0,0,0,0,0,0,0,0,13,2026-02-06 20:47:50.948066
ATMN,24.98,24.98,25.11,1880500.0,2007300.0,6013.0,,0,0,0,0,0,0,0,0,0,0,0,0,0,0,0,0,0,0,0,0,0,0,0,0,0,0,0,0,0,0,13,2026-02-06 20:47:50.948066
WNTR,24.98,24.98,25.04,2030700.0,2078300.0,6412.0,9882.0,0,0,0,0,0,0,0,0,0,0,0,0,0,0,0,0,0,0,0,0,0,0,0,0,0,0,0,0,0,0,13,2026-02-06 20:47:50.948066
SPNG,24.9,24.86,24.9,2277.0,2221500.0,2186200.0,100.0,0,0,0,0,0,0,0,0,0,0,0,0,0,0,0,0,0,0,0,0,0,0,0,0,0,0,0,0,0,0,14,2026-02-06 20:47:52.025727
SMMR,24.92,24.92,24.97,,2044800.0,1675800.0,26000.0,0,0,0,0,0,0,0,0,0,0,0,0,0,0,0,0,0,0,0,0,0,0,0,0,0,0,0,0,0,0,14,2026-02-06 20:47:52.025727
ATMN,24.98,24.56,24.82,13008.0,1785400.0,1914800.0,100.0,0,0,0,0,0,0,0,0,0,0,0,0,0,0,0,0,0,0,0,0,0,0,0,0,0,0,0,0,0,0,14,2026-02-06 20:47:52.025727
WNTR,24.96,24.9,24.96,6412.0,2006700.0,2185400.0,,0,0,0,0,0,0,0,0,0,0,0,0,0,0,0,0,0,0,0,0,0,0,0,0,0,0,0,0,0,0,14,2026-02-06 20:47:52.025727
SPNG,25.1,25.1,25.12,2439500.0,2263400.0,,0,0,0,0,0,0,0,0,0,0,0,0,0,0,0,0,0,0,0,0,0,0,0,0,0,0,0,0,0,0,0,15,2026-02-06 20:47:53.071170
SMMR,24.97,24.98,25.01,2174200.0,2095800.0,,0,0,0,0,0,0,0,0,0,0,0,0,0,0,0,0,0,0,0,0,0,0,0,0,0,0,0,0,0,0,0,15,2026-02-06 20:47:53.071170
ATMN,24.98,24.63,24.81,2038000.0,1914800.0,2320.0,0,0,0,0,0,0,0,0,0,0,0,0,0,0,0,0,0,0,0,0,0,0,0,0,0,0,0,0,0,0,0,15,2026-02-06 20:47:53.071170
WNTR,25.07,25.07,25.08,2229200.0,2086200.0,9715.0,0,0,0,0,0,0,0,0,0,0,0,0,0,0,0,0,0,0,0,0,0,0,0,0,0,0,0,0,0,0,0,15,2026-02-06 20:47:53.071170
SPNG,24.67,25.1,25.11,2255.0,2304000.0,2296000.0,,0,0,0,0,0,0,0,0,0,0,0,0,0,0,0,0,0,0,0,0,0,0,0,0,0,0,0,0,0,0,16,2026-02-06 20:47:54.115040
SMMR,24.91,24.91,24.99,,1915400.0,2004700.0,10000.0,0,0,0,0,0,0,0,0,0,0,0,0,0,0,0,0,0,0,0,0,0,0,0,0,0,0,0,0,0,0,16,2026-02-06 20:47:54.115040
ATMN,24.63,24.8,25.09,9236.0,1955400.0,1918400.0,7186.0,0,0,0,0,0,0,0,0,0,0,0,0,0,0,0,0,0,0,0,0,0,0,0,0,0,0,0,0,0,0,16,2026-02-06 20:47:54.115040
WNTR,25.12,24.94,25.05,9667.0,2119200.0,2080200.0,285.0,0,0,0,0,0,0,0,0,0,0,0,0,0,0,0,0,0,0,0,0,0,0,0,0,0,0,0,0,0,0,16,2026-02-06 20:47:54.115040
SPNG,24.55,24.55,25.11,2397000.0,2016800.0,9122.0,,0,0,0,0,0,0,0,0,0,0,0,0,0,0,0,0,0,0,0,0,0,0,0,0,0,0,0,0,0,0,17,2026-02-06 20:47:55.165672
SMMR,24.84,24.84,24.95,1775100.0,1929200.0,11468.0,,0,0,0,0,0,0,0,0,0,0,0,0,0,0,0,0,0,0,0,0,0,0,0,0,0,0,0,0,0,0,17,2026-02-06 20:47:55.165672
ATMN,25.26,24.86,25.2,1866300.0,1973000.0,,15335.0,0,0,0,0,0,0,0,0,0,0,0,0,0,0,0,0,0,0,0,0,0,0,0,0,0,0,0,0,0,0,17,2026-02-06 20:47:55.165672
WNTR,25.13,24.99,25.13,1996800.0,2207900.0,,15362.0,0,0,0,0,0,0,0,0,0,0,0,0,0,0,0,0,0,0,0,0,0,0,0,0,0,0,0,0,0,0,17,2026-02-06 20:47:55.165672
SPNG,25.15,24.55,25.15,2397000.0,2297000.0,,0,0,0,0,0,0,0,0,0,0,0,0,0,0,0,0,0,0,0,0,0,0,0,0,0,0,0,0,0,0,0,18,2026-02-06 20:47:55.723229
SMMR,24.84,24.84,24.85,1886400.0,1928400.0,11468.0,0,0,0,0,0,0,0,0,0,0,0,0,0,0,0,0,0,0,0,0,0,0,0,0,0,0,0,0,0,0,0,18,2026-02-06 20:47:55.723229
ATMN,24.8,24.63,24.8,2055600.0,1990000.0,,0,0,0,0,0,0,0,0,0,0,0,0,0,0,0,0,0,0,0,0,0,0,0,0,0,0,0,0,0,0,0,18,2026-02-06 20:47:55.723229
WNTR,24.94,24.94,25.13,2237100.0,2207900.0,,0,0,0,0,0,0,0,0,0,0,0,0,0,0,0,0,0,0,0,0,0,0,0,0,0,0,0,0,0,0,0,18,2026-02-06 20:47:55.723229
SPNG,24.55,24.55,25.15,2405100.0,2297000.0,,,0,0,0,0,0,0,0,0,0,0,0,0,0,0,0,0,0,0,0,0,0,0,0,0,0,0,0,0,0,0,19,2026-02-06 20:47:56.788631
SMMR,24.85,24.84,24.85,1985600.0,1794300.0,9294.0,16000.0,0,0,0,0,0,0,0,0,0,0,0,0,0,0,0,0,0,0,0,0,0,0,0,0,0,0,0,0,0,0,19,2026-02-06 20:47:56.788631
ATMN,25.2,24.93,25.2,1982600.0,1973000.0,5152.0,,0,0,0,0,0,0,0,0,0,0,0,0,0,0,0,0,0,0,0,0,0,0,0,0,0,0,0,0,0,0,19,2026-02-06 20:47:56.788631
WNTR,24.94,25.04,25.13,2149800.0,2177900.0,5392.0,,0,0,0,0,0,0,0,0,0,0,0,0,0,0,0,0,0,0,0,0,0,0,0,0,0,0,0,0,0,0,19,2026-02-06 20:47:56.788631
SPNG,24.5,24.5,25.26,2390400.0,2305400.0,,0,0,0,0,0,0,0,0,0,0,0,0,0,0,0,0,0,0,0,0,0,0,0,0,0,0,0,0,0,0,0,20,2026-02-06 20:47:57.865647
SMMR,24.82,24.84,25.01,1867500.0,2142900.0,5238.0,0,0,0,0,0,0,0,0,0,0,0,0,0,0,0,0,0,0,0,0,0,0,0,0,0,0,0,0,0,0,0,20,2026-02-06 20:47:57.865647
ATMN,25.26,24.93,25.12,2115300.0,1966100.0,,0,0,0,0,0,0,0,0,0,0,0,0,0,0,0,0,0,0,0,0,0,0,0,0,0,0,0,0,0,0,0,20,2026-02-06 20:47:57.865647
WNTR,25.06,25.04,25.06,2263700.0,2164000.0,,0,0,0,0,0,0,0,0,0,0,0,0,0,0,0,0,0,0,0,0,0,0,0,0,0,0,0,0,0,0,0,20,2026-02-06 20:47:57.865647
SPNG,24.5,24.61,25.21,2374500.0,100.0,2205900.0,,0,0,0,0,0,0,0,0,0,0,0,0,0,0,0,0,0,0,0,0,0,0,0,0,0,0,0,0,0,0,21,2026-02-06 20:47:58.933292
SMMR,25.05,24.86,25.03,1867500.0,9179.0,2014300.0,14417.0,0,0,0,0,0,0,0,0,0,0,0,0,0,0,0,0,0,0,0,0,0,0,0,0,0,0,0,0,0,0,21,2026-02-06 20:47:58.933292
ATMN,25.29,24.96,25.29,2027200.0,,1759900.0,6771.0,0,0,0,0,0,0,0,0,0,0,0,0,0,0,0,0,0,0,0,0,0,0,0,0,0,0,0,0,0,0,21,2026-02-06 20:47:58.933292
WNTR,25.04,24.97,24.99,2153900.0,100.0,2047000.0,5392.0,0,0,0,0,0,0,0,0,0,0,0,0,0,0,0,0,0,0,0,0,0,0,0,0,0,0,0,0,0,0,21,2026-02-06 20:47:58.933292
SPNG,24.62,24.46,24.62,2385300.0,2120000.0,200.0,,0,0,0,0,0,0,0,0,0,0,0,0,0,0,0,0,0,0,0,0,0,0,0,0,0,0,0,0,0,0,22,2026-02-06 20:48:00.014586
SMMR,25.05,24.93,25.01,1837600.0,1932200.0,9765.0,14417.0,0,0,0,0,0,0,0,0,0,0,0,0,0,0,0,0,0,0,0,0,0,0,0,0,0,0,0,0,0,0,22,2026-02-06 20:48:00.014586
ATMN,25.29,25.25,25.27,1791700.0,1907800.0,7515.0,11356.0,0,0,0,0,0,0,0,0,0,0,0,0,0,0,0,0,0,0,0,0,0,0,0,0,0,0,0,0,0,0,22,2026-02-06 20:48:00.014586
WNTR,25.04,24.97,24.99,2153900.0,1849400.0,9588.0,5392.0,0,0,0,0,0,0,0,0,0,0,0,0,0,0,0,0,0,0,0,0,0,0,0,0,0,0,0,0,0,0,22,2026-02-06 20:48:00.014586
SPNG,24.46,24.46,25.16,2393000.0,200.0,2113000.0,,0,0,0,0,0,0,0,0,0,0,0,0,0,0,0,0,0,0,0,0,0,0,0,0,0,0,0,0,0,0,23,2026-02-06 20:48:01.095122
SMMR,25.05,24.96,25.04,1725300.0,880.0,2055200.0,24240.0,0,0,0,0,0,0,0,0,0,0,0,0,0,0,0,0,0,0,0,0,0,0,0,0,0,0,0,0,0,0,23,2026-02-06 20:48:01.095122
ATMN,25.35,25.04,25.35,1807500.0,,1984600.0,18756.0,0,0,0,0,0,0,0,0,0,0,0,0,0,0,0,0,0,0,0,0,0,0,0,0,0,0,0,0,0,0,23,2026-02-06 20:48:01.095122
WNTR,25.04,24.97,24.99,2132100.0,9588.0,1849400.0,5392.0,0,0,0,0,0,0,0,0,0,0,0,0,0,0,0,0,0,0,0,0,0,0,0,0,0,0,0,0,0,0,23,2026-02-06 20:48:01.095122
SPNG,24.88,24.78,24.88,2249100.0,100.0,2115900.0,200.0,0,0,0,0,0,0,0,0,0,0,0,0,0,0,0,0,0,0,0,0,0,0,0,0,0,0,0,0,0,0,24,2026-02-06 20:48:02.160434
SMMR,24.84,24.84,25.0,1980200.0,5238.0,1950100.0,10637.0,0,0,0,0,0,0,0,0,0,0,0,0,0,0,0,0,0,0,0,0,0,0,0,0,0,0,0,0,0,0,24,2026-02-06 20:48:02.160434
ATMN,25.35,25.08,25.15,1668200.0,18856.0,1918100.0,500.0,0,0,0,0,0,0,0,0,0,0,0,0,0,0,0,0,0,0,0,0,0,0,0,0,0,0,0,0,0,0,24,2026-02-06 20:48:02.160434
WNTR,24.97,24.97,24.99,2138600.0,5392.0,1741400.0,18784.0,0,0,0,0,0,0,0,0,0,0,0,0,0,0,0,0,0,0,0,0,0,0,0,0,0,0,0,0,0,0,24,2026-02-06 20:48:02.160434
SPNG,24.88,24.79,24.87,200.0,2131500.0,3847.0,1964800.0,0,0,0,0,0,0,0,0,0,0,0,0,0,0,0,0,0,0,0,0,0,0,0,0,0,0,0,0,0,0,25,2026-02-06 20:48:02.712813
SMMR,24.84,24.84,25.0,5238.0,1980200.0,10637.0,1980000.0,0,0,0,0,0,0,0,0,0,0,0,0,0,0,0,0,0,0,0,0,0,0,0,0,0,0,0,0,0,0,25,2026-02-06 20:48:02.712813
ATMN,24.91,24.91,25.06,,2089300.0,500.0,1918000.0,0,0,0,0,0,0,0,0,0,0,0,0,0,0,0,0,0,0,0,0,0,0,0,0,0,0,0,0,0,0,25,2026-02-06 20:48:02.712813
WNTR,24.96,24.96,24.99,,2258900.0,18784.0,1741400.0,0,0,0,0,0,0,0,0,0,0,0,0,0,0,0,0,0,0,0,0,0,0,0,0,0,0,0,0,0,0,25,2026-02-06 20:48:02.712813
SPNG,25.01,25.18,25.25,2390400.0,2324600.0,,,0,0,0,0,0,0,0,0,0,0,0,0,0,0,0,0,0,0,0,0,0,0,0,0,0,0,0,0,0,0,26,2026-02-06 20:48:03.772200
SMMR,24.98,24.82,24.98,2099800.0,2189600.0,,,0,0,0,0,0,0,0,0,0,0,0,0,0,0,0,0,0,0,0,0,0,0,0,0,0,0,0,0,0,0,26,2026-02-06 20:48:03.772200
ATMN,25.05,25.05,25.06,1945700.0,2024100.0,737.0,,0,0,0,0,0,0,0,0,0,0,0,0,0,0,0,0,0,0,0,0,0,0,0,0,0,0,0,0,0,0,26,2026-02-06 20:48:03.772200
WNTR,24.91,24.91,24.96,2215000.0,2083400.0,,7216.0,0,0,0,0,0,0,0,0,0,0,0,0,0,0,0,0,0,0,0,0,0,0,0,0,0,0,0,0,0,0,26,2026-02-06 20:48:03.772200
SPNG,24.78,24.56,24.74,2416200.0,2195900.0,7186.0,,0,0,0,0,0,0,0,0,0,0,0,0,0,0,0,0,0,0,0,0,0,0,0,0,0,0,0,0,0,0,27,2026-02-06 20:48:04.809063
SMMR,24.92,24.92,24.96,2108700.0,2104800.0,8856.0,,0,0,0,0,0,0,0,0,0,0,0,0,0,0,0,0,0,0,0,0,0,0,0,0,0,0,0,0,0,0,27,2026-02-06 20:48:04.809063
ATMN,25.15,25.29,25.35,1879400.0,1984600.0,,7228.0,0,0,0,0,0,0,0,0,0,0,0,0,0,0,0,0,0,0,0,0,0,0,0,0,0,0,0,0,0,0,27,2026-02-06 20:48:04.809063
WNTR,24.91,24.91,24.94,2215000.0,1969700.0,16858.0,,0,0,0,0,0,0,0,0,0,0,0,0,0,0,0,0,0,0,0,0,0,0,0,0,0,0,0,0,0,0,27,2026-02-06 20:48:04.809063
SPNG,25.18,25.18,25.24,2294800.0,1782.0,7186.0,2151100.0,0,0,0,0,0,0,0,0,0,0,0,0,0,0,0,0,0,0,0,0,0,0,0,0,0,0,0,0,0,0,28,2026-02-06 20:48:05.888578
SMMR,24.98,24.99,25.04,2104300.0,,,2163200.0,0,0,0,0,0,0,0,0,0,0,0,0,0,0,0,0,0,0,0,0,0,0,0,0,0,0,0,0,0,0,28,2026-02-06 20:48:05.888578
ATMN,25.05,25.05,25.56,1834900.0,7228.0,,1972200.0,0,0,0,0,0,0,0,0,0,0,0,0,0,0,0,0,0,0,0,0,0,0,0,0,0,0,0,0,0,0,28,2026-02-06 20:48:05.888578
WNTR,24.88,24.88,24.9,2227800.0,,26000.0,1872200.0,0,0,0,0,0,0,0,0,0,0,0,0,0,0,0,0,0,0,0,0,0,0,0,0,0,0,0,0,0,0,28,2026-02-06 20:48:05.888578
SPNG,25.18,24.82,24.88,2312300.0,1782.0,2027900.0,7286.0,0,0,0,0,0,0,0,0,0,0,0,0,0,0,0,0,0,0,0,0,0,0,0,0,0,0,0,0,0,0,29,2026-02-06 20:48:06.939965
SMMR,24.99,24.77,24.99,2102600.0,,2093400.0,8715.0,0,0,0,0,0,0,0,0,0,0,0,0,0,0,0,0,0,0,0,0,0,0,0,0,0,0,0,0,0,0,29,2026-02-06 20:48:06.939965
ATMN,25.05,25.09,25.26,1776400.0,7328.0,1909300.0,100.0,0,0,0,0,0,0,0,0,0,0,0,0,0,0,0,0,0,0,0,0,0,0,0,0,0,0,0,0,0,0,29,2026-02-06 20:48:06.939965
WNTR,24.87,24.87,24.9,2196400.0,,1862100.0,26000.0,0,0,0,0,0,0,0,0,0,0,0,0,0,0,0,0,0,0,0,0,0,0,0,0,0,0,0,0,0,0,29,2026-02-06 20:48:06.939965
SPNG,24.86,24.82,24.86,2312300.0,1782.0,1950500.0,8619.0,0,0,0,0,0,0,0,0,0,0,0,0,0,0,0,0,0,0,0,0,0,0,0,0,0,0,0,0,0,0,30,2026-02-06 20:48:07.988420
SMMR,25.0,24.91,25.0,1987000.0,241.0,2061300.0,8715.0,0,0,0,0,0,0,0,0,0,0,0,0,0,0,0,0,0,0,0,0,0,0,0,0,0,0,0,0,0,0,30,2026-02-06 20:48:07.988420
ATMN,24.95,24.95,24.97,1996300.0,737.0,1808000.0,200.0,0,0,0,0,0,0,0,0,0,0,0,0,0,0,0,0,0,0,0,0,0,0,0,0,0,0,0,0,0,0,30,2026-02-06 20:48:07.988420
WNTR,24.87,24.87,24.9,2196400.0,,1868500.0,26000.0,0,0,0,0,0,0,0,0,0,0,0,0,0,0,0,0,0,0,0,0,0,0,0,0,0,0,0,0,0,0,30,2026-02-06 20:48:07.988420
SPNG,24.82,24.82,24.86,2312300.0,100.0,2159600.0,1000.0,0,0,0,0,0,0,0,0,0,0,0,0,0,0,0,0,0,0,0,0,0,0,0,0,0,0,0,0,0,0,31,2026-02-06 20:48:09.046800
SMMR,24.91,24.77,24.79,2095600.0,,2055000.0,4772.0,0,0,0,0,0,0,0,0,0,0,0,0,0,0,0,0,0,0,0,0,0,0,0,0,0,0,0,0,0,0,31,2026-02-06 20:48:09.046800
ATMN,25.26,25.35,25.46,2026700.0,2270.0,2023000.0,,0,0,0,0,0,0,0,0,0,0,0,0,0,0,0,0,0,0,0,0,0,0,0,0,0,0,0,0,0,0,31,2026-02-06 20:48:09.046800
WNTR,24.84,24.84,24.9,2214400.0,,2224800.0,,0,0,0,0,0,0,0,0,0,0,0,0,0,0,0,0,0,0,0,0,0,0,0,0,0,0,0,0,0,0,31,2026-02-06 20:48:09.046800
SPNG,24.87,24.46,24.87,2450300.0,2273300.0,,,0,0,0,0,0,0,0,0,0,0,0,0,0,0,0,0,0,0,0,0,0,0,0,0,0,0,0,0,0,0,32,2026-02-06 20:48:10.098971
SMMR,24.79,24.82,24.88,2005700.0,2086100.0,3095.0,4772.0,0,0,0,0,0,0,0,0,0,0,0,0,0,0,0,0,0,0,0,0,0,0,0,0,0,0,0,0,0,0,32,2026-02-06 20:48:10.098971
ATMN,24.95,24.95,25.2,1906000.0,1926200.0,5434.0,2055.0,0,0,0,0,0,0,0,0,0,0,0,0,0,0,0,0,0,0,0,0,0,0,0,0,0,0,0,0,0,0,32,2026-02-06 20:48:10.098971
WNTR,24.82,24.82,24.87,2200000.0,2014900.0,,19159.0,0,0,0,0,0,0,0,0,0,0,0,0,0,0,0,0,0,0,0,0,0,0,0,0,0,0,0,0,0,0,32,2026-02-06 20:48:10.098971
SPNG,24.87,24.52,24.76,7170.0,2291900.0,2144900.0,200.0,0,0,0,0,0,0,0,0,0,0,0,0,0,0,0,0,0,0,0,0,0,0,0,0,0,0,0,0,0,0,33,2026-02-06 20:48:11.189262
SMMR,24.77,24.77,24.88,3095.0,2001900.0,1958400.0,12905.0,0,0,0,0,0,0,0,0,0,0,0,0,0,0,0,0,0,0,0,0,0,0,0,0,0,0,0,0,0,0,33,2026-02-06 20:48:11.189262
ATMN,25.05,24.95,24.97,2270.0,2001100.0,1813600.0,2155.0,0,0,0,0,0,0,0,0,0,0,0,0,0,0,0,0,0,0,0,0,0,0,0,0,0,0,0,0,0,0,33,2026-02-06 20:48:11.189262
WNTR,24.79,24.79,24.86,,2245800.0,2108000.0,1710.0,0,0,0,0,0,0,0,0,0,0,0,0,0,0,0,0,0,0,0,0,0,0,0,0,0,0,0,0,0,0,33,2026-02-06 20:48:11.189262
SPNG,24.88,24.87,24.88,2253100.0,7170.0,2280300.0,,0,0,0,0,0,0,0,0,0,0,0,0,0,0,0,0,0,0,0,0,0,0,0,0,0,0,0,0,0,0,34,2026-02-06 20:48:12.241157
SMMR,24.77,24.82,24.86,1912200.0,3492.0,1871700.0,17103.0,0,0,0,0,0,0,0,0,0,0,0,0,0,0,0,0,0,0,0,0,0,0,0,0,0,0,0,0,0,0,34,2026-02-06 20:48:12.241157
ATMN,25.08,24.95,24.97,1941900.0,3061.0,1844200.0,2155.0,0,0,0,0,0,0,0,0,0,0,0,0,0,0,0,0,0,0,0,0,0,0,0,0,0,0,0,0,0,0,34,2026-02-06 20:48:12.241157
WNTR,24.79,24.81,24.84,2092400.0,8440.0,2029700.0,6841.0,0,0,0,0,0,0,0,0,0,0,0,0,0,0,0,0,0,0,0,0,0,0,0,0,0,0,0,0,0,0,34,2026-02-06 20:48:12.241157
SPNG,24.48,24.48,24.88,2420800.0,2280300.0,,,0,0,0,0,0,0,0,0,0,0,0,0,0,0,0,0,0,0,0,0,0,0,0,0,0,0,0,0,0,0,35,2026-02-06 20:48:12.792825
SMMR,24.77,24.82,24.86,1944500.0,1871700.0,3492.0,17103.0,0,0,0,0,0,0,0,0,0,0,0,0,0,0,0,0,0,0,0,0,0,0,0,0,0,0,0,0,0,0,35,2026-02-06 20:48:12.792825
ATMN,24.97,24.97,25.04,1895400.0,1932800.0,3061.0,2055.0,0,0,0,0,0,0,0,0,0,0,0,0,0,0,0,0,0,0,0,0,0,0,0,0,0,0,0,0,0,0,35,2026-02-06 20:48:12.792825
WNTR,24.79,24.79,24.84,2259600.0,2029700.0,,6841.0,0,0,0,0,0,0,0,0,0,0,0,0,0,0,0,0,0,0,0,0,0,0,0,0,0,0,0,0,0,0,35,2026-02-06 20:48:12.792825
SPNG,25.2,24.51,24.65,100.0,2281300.0,2268400.0,,0,0,0,0,0,0,0,0,0,0,0,0,0,0,0,0,0,0,0,0,0,0,0,0,0,0,0,0,0,0,36,2026-02-06 20:48:13.846816
SMMR,24.77,24.84,24.85,,2133100.0,2083500.0,5405.0,0,0,0,0,0,0,0,0,0,0,0,0,0,0,0,0,0,0,0,0,0,0,0,0,0,0,0,0,0,0,36,2026-02-06 20:48:13.846816
ATMN,24.97,24.97,25.04,,2133900.0,2049600.0,,0,0,0,0,0,0,0,0,0,0,0,0,0,0,0,0,0,0,0,0,0,0,0,0,0,0,0,0,0,0,36,2026-02-06 20:48:13.846816
WNTR,24.91,24.91,24.97,100.0,2152300.0,2254600.0,,0,0,0,0,0,0,0,0,0,0,0,0,0,0,0,0,0,0,0,0,0,0,0,0,0,0,0,0,0,0,36,2026-02-06 20:48:13.846816
SPNG,25.27,24.52,25.27,200.0,2164400.0,2284200.0,,0,0,0,0,0,0,0,0,0,0,0,0,0,0,0,0,0,0,0,0,0,0,0,0,0,0,0,0,0,0,37,2026-02-06 20:48:14.895526
SMMR,24.77,24.84,24.85,3492.0,2025400.0,1971800.0,13633.0,0,0,0,0,0,0,0,0,0,0,0,0,0,0,0,0,0,0,0,0,0,0,0,0,0,0,0,0,0,0,37,2026-02-06 20:48:14.895526
ATMN,24.9,24.9,25.11,,2105400.0,2043000.0,,0,0,0,0,0,0,0,0,0,0,0,0,0,0,0,0,0,0,0,0,0,0,0,0,0,0,0,0,0,0,37,2026-02-06 20:48:14.895526
WNTR,24.81,24.85,24.95,100.0,2125900.0,2146800.0,6841.0,0,0,0,0,0,0,0,0,0,0,0,0,0,0,0,0,0,0,0,0,0,0,0,0,0,0,0,0,0,0,37,2026-02-06 20:48:14.895526
SPNG,25.26,24.58,24.83,300.0,2024900.0,2272700.0,,0,0,0,0,0,0,0,0,0,0,0,0,0,0,0,0,0,0,0,0,0,0,0,0,0,0,0,0,0,0,38,2026-02-06 20:48:15.959004
SMMR,24.88,24.9,24.94,3492.0,2027600.0,2175700.0,,0,0,0,0,0,0,0,0,0,0,0,0,0,0,0,0,0,0,0,0,0,0,0,0,0,0,0,0,0,0,38,2026-02-06 20:48:15.959004
ATMN,24.9,24.9,25.09,,2118500.0,1949900.0,1954.0,0,0,0,0,0,0,0,0,0,0,0,0,0,0,0,0,0,0,0,0,0,0,0,0,0,0,0,0,0,0,38,2026-02-06 20:48:15.959004
WNTR,24.85,24.8,24.82,100.0,2157200.0,2068600.0,15024.0,0,0,0,0,0,0,0,0,0,0,0,0,0,0,0,0,0,0,0,0,0,0,0,0,0,0,0,0,0,0,38,2026-02-06 20:48:15.959004
SPNG,25.27,24.9,25.11,1936200.0,7854.0,2261800.0,,0,0,0,0,0,0,0,0,0,0,0,0,0,0,0,0,0,0,0,0,0,0,0,0,0,0,0,0,0,0,39,2026-02-06 20:48:17.094423
SMMR,24.97,24.93,24.97,1820200.0,20503.0,2177200.0,,0,0,0,0,0,0,0,0,0,0,0,0,0,0,0,0,0,0,0,0,0,0,0,0,0,0,0,0,0,0,39,2026-02-06 20:48:17.094423
ATMN,25.2,24.91,25.2,1942500.0,2951.0,2047800.0,,0,0,0,0,0,0,0,0,0,0,0,0,0,0,0,0,0,0,0,0,0,0,0,0,0,0,0,0,0,0,39,2026-02-06 20:48:17.094423
WNTR,24.79,24.8,24.81,2165900.0,2606.0,1866300.0,25900.0,0,0,0,0,0,0,0,0,0,0,0,0,0,0,0,0,0,0,0,0,0,0,0,0,0,0,0,0,0,0,39,2026-02-06 20:48:17.094423
SPNG,24.9,24.9,24.94,2396000.0,2251900.0,,,0,0,0,0,0,0,0,0,0,0,0,0,0,0,0,0,0,0,0,0,0,0,0,0,0,0,0,0,0,0,40,2026-02-06 20:48:18.142399
SMMR,25.0,24.95,24.96,2027600.0,2176800.0,100.0,,0,0,0,0,0,0,0,0,0,0,0,0,0,0,0,0,0,0,0,0,0,0,0,0,0,0,0,0,0,0,40,2026-02-06 20:48:18.142399
ATMN,24.88,24.88,25.08,2131400.0,2081300.0,,,0,0,0,0,0,0,0,0,0,0,0,0,0,0,0,0,0,0,0,0,0,0,0,0,0,0,0,0,0,0,40,2026-02-06 20:48:18.142399
WNTR,24.82,24.84,24.91,2223300.0,2170000.0,7913.0,100.0,0,0,0,0,0,0,0,0,0,0,0,0,0,0,0,0,0,0,0,0,0,0,0,0,0,0,0,0,0,0,40,2026-02-06 20:48:18.142399
SPNG,24.9,24.48,24.63,2396700.0,2266900.0,,,0,0,0,0,0,0,0,0,0,0,0,0,0,0,0,0,0,0,0,0,0,0,0,0,0,0,0,0,0,0,41,2026-02-06 20:48:19.203176
SMMR,25.0,24.95,25.0,2014400.0,2192300.0,100.0,,0,0,0,0,0,0,0,0,0,0,0,0,0,0,0,0,0,0,0,0,0,0,0,0,0,0,0,0,0,0,41,2026-02-06 20:48:19.203176
ATMN,25.08,25.03,25.06,1938600.0,1877700.0,7572.0,11252.0,0,0,0,0,0,0,0,0,0,0,0,0,0,0,0,0,0,0,0,0,0,0,0,0,0,0,0,0,0,0,41,2026-02-06 20:48:19.203176
WNTR,24.88,24.84,24.88,2223300.0,2057300.0,7913.0,7920.0,0,0,0,0,0,0,0,0,0,0,0,0,0,0,0,0,0,0,0,0,0,0,0,0,0,0,0,0,0,0,41,2026-02-06 20:48:19.203176
SPNG,24.81,24.48,24.6,2397000.0,2149300.0,100.0,0,0,0,0,0,0,0,0,0,0,0,0,0,0,0,0,0,0,0,0,0,0,0,0,0,0,0,0,0,0,0,42,2026-02-06 20:48:20.258077
SMMR,24.95,24.9,24.92,2127600.0,2100700.0,8392.0,0,0,0,0,0,0,0,0,0,0,0,0,0,0,0,0,0,0,0,0,0,0,0,0,0,0,0,0,0,0,0,42,2026-02-06 20:48:20.258077
ATMN,24.84,24.84,25.02,2100800.0,1775100.0,21252.0,0,0,0,0,0,0,0,0,0,0,0,0,0,0,0,0,0,0,0,0,0,0,0,0,0,0,0,0,0,0,0,42,2026-02-06 20:48:20.258077
WNTR,24.77,24.77,24.82,2319600.0,1918400.0,17920.0,0,0,0,0,0,0,0,0,0,0,0,0,0,0,0,0,0,0,0,0,0,0,0,0,0,0,0,0,0,0,0,42,2026-02-06 20:48:20.258077
SPNG,25.11,24.49,25.11,2852.0,2242200.0,2241100.0,,0,0,0,0,0,0,0,0,0,0,0,0,0,0,0,0,0,0,0,0,0,0,0,0,0,0,0,0,0,0,43,2026-02-06 20:48:20.810760
SMMR,24.92,24.9,24.92,,2127600.0,2100700.0,8392.0,0,0,0,0,0,0,0,0,0,0,0,0,0,0,0,0,0,0,0,0,0,0,0,0,0,0,0,0,0,0,43,2026-02-06 20:48:20.810760
ATMN,24.81,24.87,25.02,,2085500.0,1775100.0,21252.0,0,0,0,0,0,0,0,0,0,0,0,0,0,0,0,0,0,0,0,0,0,0,0,0,0,0,0,0,0,0,43,2026-02-06 20:48:20.810760
WNTR,24.73,24.73,24.82,,2291600.0,1918400.0,17920.0,0,0,0,0,0,0,0,0,0,0,0,0,0,0,0,0,0,0,0,0,0,0,0,0,0,0,0,0,0,0,43,2026-02-06 20:48:20.810760
SPNG,25.06,25.08,25.21,2153700.0,2952.0,2250300.0,,0,0,0,0,0,0,0,0,0,0,0,0,0,0,0,0,0,0,0,0,0,0,0,0,0,0,0,0,0,0,44,2026-02-06 20:48:21.870162
SMMR,25.03,24.91,24.93,2037100.0,3476.0,2248700.0,,0,0,0,0,0,0,0,0,0,0,0,0,0,0,0,0,0,0,0,0,0,0,0,0,0,0,0,0,0,0,44,2026-02-06 20:48:21.870162
ATMN,24.74,24.74,24.97,2070600.0,,1697900.0,21352.0,0,0,0,0,0,0,0,0,0,0,0,0,0,0,0,0,0,0,0,0,0,0,0,0,0,0,0,0,0,0,44,2026-02-06 20:48:21.870162
WNTR,24.81,24.81,24.93,2327000.0,,2270200.0,,0,0,0,0,0,0,0,0,0,0,0,0,0,0,0,0,0,0,0,0,0,0,0,0,0,0,0,0,0,0,44,2026-02-06 20:48:21.870162
SPNG,25.08,24.54,24.61,2952.0,2122600.0,2181500.0,100.0,0,0,0,0,0,0,0,0,0,0,0,0,0,0,0,0,0,0,0,0,0,0,0,0,0,0,0,0,0,0,45,2026-02-06 20:48:22.938434
SMMR,24.93,24.84,24.93,,2133200.0,2129500.0,100.0,0,0,0,0,0,0,0,0,0,0,0,0,0,0,0,0,0,0,0,0,0,0,0,0,0,0,0,0,0,0,45,2026-02-06 20:48:22.938434
ATMN,25.08,24.85,25.08,,2103200.0,1980800.0,3780.0,0,0,0,0,0,0,0,0,0,0,0,0,0,0,0,0,0,0,0,0,0,0,0,0,0,0,0,0,0,0,45,2026-02-06 20:48:22.938434
WNTR,24.73,24.73,24.91,,2291600.0,2163300.0,100.0,0,0,0,0,0,0,0,0,0,0,0,0,0,0,0,0,0,0,0,0,0,0,0,0,0,0,0,0,0,0,45,2026-02-06 20:48:22.938434
SPNG,25.21,24.74,25.21,2258500.0,6288.0,2250300.0,,0,0,0,0,0,0,0,0,0,0,0,0,0,0,0,0,0,0,0,0,0,0,0,0,0,0,0,0,0,0,46,2026-02-06 20:48:24.014299
SMMR,25.05,24.86,24.91,2035000.0,7270.0,2128600.0,7270.0,0,0,0,0,0,0,0,0,0,0,0,0,0,0,0,0,0,0,0,0,0,0,0,0,0,0,0,0,0,0,46,2026-02-06 20:48:24.014299
ATMN,25.08,24.74,25.08,2070600.0,,2070900.0,,0,0,0,0,0,0,0,0,0,0,0,0,0,0,0,0,0,0,0,0,0,0,0,0,0,0,0,0,0,0,46,2026-02-06 20:48:24.014299
WNTR,24.88,24.92,24.93,2186300.0,7337.0,2271900.0,,0,0,0,0,0,0,0,0,0,0,0,0,0,0,0,0,0,0,0,0,0,0,0,0,0,0,0,0,0,0,46,2026-02-06 20:48:24.014299
SPNG,24.74,24.78,25.17,6388.0,2162900.0,100.0,2176100.0,0,0,0,0,0,0,0,0,0,0,0,0,0,0,0,0,0,0,0,0,0,0,0,0,0,0,0,0,0,0,47,2026-02-06 20:48:25.100197
SMMR,25.0,24.87,25.0,12337.0,1918100.0,,2233300.0,0,0,0,0,0,0,0,0,0,0,0,0,0,0,0,0,0,0,0,0,0,0,0,0,0,0,0,0,0,0,47,2026-02-06 20:48:25.100197
ATMN,24.81,24.81,25.05,5257.0,2028000.0,5257.0,1968800.0,0,0,0,0,0,0,0,0,0,0,0,0,0,0,0,0,0,0,0,0,0,0,0,0,0,0,0,0,0,0,47,2026-02-06 20:48:25.100197
WNTR,24.97,24.92,24.97,14426.0,2063000.0,,2278700.0,0,0,0,0,0,0,0,0,0,0,0,0,0,0,0,0,0,0,0,0,0,0,0,0,0,0,0,0,0,0,47,2026-02-06 20:48:25.100197
SPNG,24.74,24.81,25.06,6488.0,2032100.0,2043700.0,200.0,0,0,0,0,0,0,0,0,0,0,0,0,0,0,0,0,0,0,0,0,0,0,0,0,0,0,0,0,0,0,48,2026-02-06 20:48:26.166838
SMMR,24.84,24.87,25.0,6577.0,2042100.0,2233300.0,,0,0,0,0,0,0,0,0,0,0,0,0,0,0,0,0,0,0,0,0,0,0,0,0,0,0,0,0,0,0,48,2026-02-06 20:48:26.166838
ATMN,24.81,24.98,25.03,5257.0,2024900.0,1867300.0,5357.0,0,0,0,0,0,0,0,0,0,0,0,0,0,0,0,0,0,0,0,0,0,0,0,0,0,0,0,0,0,0,48,2026-02-06 20:48:26.166838
WNTR,24.97,24.92,24.97,14426.0,2060500.0,2288000.0,,0,0,0,0,0,0,0,0,0,0,0,0,0,0,0,0,0,0,0,0,0,0,0,0,0,0,0,0,0,0,48,2026-02-06 20:48:26.166838
SPNG,24.74,24.85,24.91,6688.0,1812000.0,3629.0,1778300.0,0,0,0,0,0,0,0,0,0,0,0,0,0,0,0,0,0,0,0,0,0,0,0,0,0,0,0,0,0,0,49,2026-02-06 20:48:27.270890
SMMR,24.84,24.84,25.04,,2140300.0,6875.0,2112700.0,0,0,0,0,0,0,0,0,0,0,0,0,0,0,0,0,0,0,0,0,0,0,0,0,0,0,0,0,0,0,49,2026-02-06 20:48:27.270890
ATMN,25.22,25.04,25.22,9187.0,1824500.0,,2054600.0,0,0,0,0,0,0,0,0,0,0,0,0,0,0,0,0,0,0,0,0,0,0,0,0,0,0,0,0,0,0,49,2026-02-06 20:48:27.270890
WNTR,24.72,24.74,24.94,7032.0,2134800.0,11169.0,2056500.0,0,0,0,0,0,0,0,0,0,0,0,0,0,0,0,0,0,0,0,0,0,0,0,0,0,0,0,0,0,0,49,2026-02-06 20:48:27.270890
SPNG,24.74,24.86,24.91,100.0,2293500.0,2293600.0,,0,0,0,0,0,0,0,0,0,0,0,0,0,0,0,0,0,0,0,0,0,0,0,0,0,0,0,0,0,0,50,2026-02-06 20:48:28.330840
SMMR,24.88,24.77,24.79,101.0,2027100.0,2093800.0,7418.0,0,0,0,0,0,0,0,0,0,0,0,0,0,0,0,0,0,0,0,0,0,0,0,0,0,0,0,0,0,0,50,2026-02-06 20:48:28.330840
ATMN,25.09,24.98,25.05,,2139800.0,2036500.0,,0,0,0,0,0,0,0,0,0,0,0,0,0,0,0,0,0,0,0,0,0,0,0,0,0,0,0,0,0,0,50,2026-02-06 20:48:28.330840
WNTR,24.87,24.87,24.94,,2248500.0,2165100.0,5196.0,0,0,0,0,0,0,0,0,0,0,0,0,0,0,0,0,0,0,0,0,0,0,0,0,0,0,0,0,0,0,50,2026-02-06 20:48:28.330840
SPNG,24.92,24.86,24.92,100.0,2293500.0,2273400.0,,0,0,0,0,0,0,0,0,0,0,0,0,0,0,0,0,0,0,0,0,0,0,0,0,0,0,0,0,0,0,51,2026-02-06 20:48:28.907100
SMMR,24.88,24.91,25.05,101.0,2032500.0,2239100.0,,0,0,0,0,0,0,0,0,0,0,0,0,0,0,0,0,0,0,0,0,0,0,0,0,0,0,0,0,0,0,51,2026-02-06 20:48:28.907100
ATMN,25.05,25.18,25.27,,2131900.0,2033000.0,,0,0,0,0,0,0,0,0,0,0,0,0,0,0,0,0,0,0,0,0,0,0,0,0,0,0,0,0,0,0,51,2026-02-06 20:48:28.907100
WNTR,24.87,24.87,24.94,,2248500.0,2165100.0,5196.0,0,0,0,0,0,0,0,0,0,0,0,0,0,0,0,0,0,0,0,0,0,0,0,0,0,0,0,0,0,0,51,2026-02-06 20:48:28.907100
SPNG,25.05,24.87,25.05,6367.0,2293500.0,2271000.0,,0,0,0,0,0,0,0,0,0,0,0,0,0,0,0,0,0,0,0,0,0,0,0,0,0,0,0,0,0,0,52,2026-02-06 20:48:29.978355
SMMR,25.07,24.93,25.07,6771.0,1916300.0,2209600.0,,0,0,0,0,0,0,0,0,0,0,0,0,0,0,0,0,0,0,0,0,0,0,0,0,0,0,0,0,0,0,52,2026-02-06 20:48:29.978355
ATMN,24.98,25.22,25.27,7415.0,2034600.0,1893500.0,100.0,0,0,0,0,0,0,0,0,0,0,0,0,0,0,0,0,0,0,0,0,0,0,0,0,0,0,0,0,0,0,52,2026-02-06 20:48:29.978355
WNTR,24.97,24.89,24.97,6822.0,2148300.0,2248600.0,,0,0,0,0,0,0,0,0,0,0,0,0,0,0,0,0,0,0,0,0,0,0,0,0,0,0,0,0,0,0,52,2026-02-06 20:48:29.978355
SPNG,24.63,24.48,24.5,2383300.0,2176600.0,100.0,,0,0,0,0,0,0,0,0,0,0,0,0,0,0,0,0,0,0,0,0,0,0,0,0,0,0,0,0,0,0,53,2026-02-06 20:48:31.049742
SMMR,25.07,24.97,25.07,1712400.0,2171300.0,,14826.0,0,0,0,0,0,0,0,0,0,0,0,0,0,0,0,0,0,0,0,0,0,0,0,0,0,0,0,0,0,0,53,2026-02-06 20:48:31.049742
ATMN,25.22,24.98,25.05,2139800.0,1935400.0,100.0,,0,0,0,0,0,0,0,0,0,0,0,0,0,0,0,0,0,0,0,0,0,0,0,0,0,0,0,0,0,0,53,2026-02-06 20:48:31.049742
WNTR,24.97,24.92,24.94,2102900.0,2148400.0,6608.0,2886.0,0,0,0,0,0,0,0,0,0,0,0,0,0,0,0,0,0,0,0,0,0,0,0,0,0,0,0,0,0,0,53,2026-02-06 20:48:31.049742
SPNG,24.63,24.48,24.5,2365100.0,2044300.0,6267.0,,0,0,0,0,0,0,0,0,0,0,0,0,0,0,0,0,0,0,0,0,0,0,0,0,0,0,0,0,0,0,54,2026-02-06 20:48:32.147923
SMMR,25.09,24.97,24.99,1615400.0,2058200.0,100.0,16414.0,0,0,0,0,0,0,0,0,0,0,0,0,0,0,0,0,0,0,0,0,0,0,0,0,0,0,0,0,0,0,54,2026-02-06 20:48:32.147923
ATMN,25.27,25.27,25.29,2042000.0,1931800.0,100.0,3105.0,0,0,0,0,0,0,0,0,0,0,0,0,0,0,0,0,0,0,0,0,0,0,0,0,0,0,0,0,0,0,54,2026-02-06 20:48:32.147923
WNTR,24.94,24.96,24.97,2141800.0,2160500.0,1625.0,2886.0,0,0,0,0,0,0,0,0,0,0,0,0,0,0,0,0,0,0,0,0,0,0,0,0,0,0,0,0,0,0,54,2026-02-06 20:48:32.147923
SPNG,24.5,24.88,25.05,2257.0,2264700.0,2274400.0,,0,0,0,0,0,0,0,0,0,0,0,0,0,0,0,0,0,0,0,0,0,0,0,0,0,0,0,0,0,0,55,2026-02-06 20:48:33.210742
SMMR,25.04,24.82,24.86,,2180800.0,2058200.0,4815.0,0,0,0,0,0,0,0,0,0,0,0,0,0,0,0,0,0,0,0,0,0,0,0,0,0,0,0,0,0,0,55,2026-02-06 20:48:33.210742
ATMN,24.98,24.98,24.99,,2178200.0,1941800.0,633.0,0,0,0,0,0,0,0,0,0,0,0,0,0,0,0,0,0,0,0,0,0,0,0,0,0,0,0,0,0,0,55,2026-02-06 20:48:33.210742
WNTR,24.92,24.92,24.97,,2232400.0,2250700.0,,0,0,0,0,0,0,0,0,0,0,0,0,0,0,0,0,0,0,0,0,0,0,0,0,0,0,0,0,0,0,55,2026-02-06 20:48:33.210742
SPNG,24.77,24.88,24.95,903.0,2264700.0,2248700.0,,0,0,0,0,0,0,0,0,0,0,0,0,0,0,0,0,0,0,0,0,0,0,0,0,0,0,0,0,0,0,56,2026-02-06 20:48:34.248268
SMMR,24.97,24.97,25.04,,2164000.0,2177500.0,,0,0,0,0,0,0,0,0,0,0,0,0,0,0,0,0,0,0,0,0,0,0,0,0,0,0,0,0,0,0,56,2026-02-06 20:48:34.248268
ATMN,24.94,24.81,24.86,,2155500.0,1985800.0,633.0,0,0,0,0,0,0,0,0,0,0,0,0,0,0,0,0,0,0,0,0,0,0,0,0,0,0,0,0,0,0,56,2026-02-06 20:48:34.248268
WNTR,24.92,24.89,24.92,,2272600.0,2260000.0,,0,0,0,0,0,0,0,0,0,0,0,0,0,0,0,0,0,0,0,0,0,0,0,0,0,0,0,0,0,0,56,2026-02-06 20:48:34.248268
SPNG,24.95,24.77,24.95,2403400.0,2250800.0,0,0,0,0,0,0,0,0,0,0,0,0,0,0,0,0,0,0,0,0,0,0,0,0,0,0,0,0,0,0,0,0,57,2026-02-06 20:48:35.289986
SMMR,24.97,24.97,24.99,2170400.0,2162600.0,0,0,0,0,0,0,0,0,0,0,0,0,0,0,0,0,0,0,0,0,0,0,0,0,0,0,0,0,0,0,0,0,57,2026-02-06 20:48:35.289986
ATMN,24.81,24.81,24.88,2155500.0,2083800.0,0,0,0,0,0,0,0,0,0,0,0,0,0,0,0,0,0,0,0,0,0,0,0,0,0,0,0,0,0,0,0,0,57,2026-02-06 20:48:35.289986
WNTR,24.9,24.91,24.92,2272100.0,2260000.0,0,0,0,0,0,0,0,0,0,0,0,0,0,0,0,0,0,0,0,0,0,0,0,0,0,0,0,0,0,0,0,0,57,2026-02-06 20:48:35.289986
SPNG,24.86,24.77,24.86,2365700.0,2255000.0,0,0,0,0,0,0,0,0,0,0,0,0,0,0,0,0,0,0,0,0,0,0,0,0,0,0,0,0,0,0,0,0,58,2026-02-06 20:48:36.320328
SMMR,24.99,24.99,25.06,2205500.0,2149200.0,0,0,0,0,0,0,0,0,0,0,0,0,0,0,0,0,0,0,0,0,0,0,0,0,0,0,0,0,0,0,0,0,58,2026-02-06 20:48:36.320328
ATMN,24.88,24.73,24.88,2112100.0,2127500.0,0,0,0,0,0,0,0,0,0,0,0,0,0,0,0,0,0,0,0,0,0,0,0,0,0,0,0,0,0,0,0,0,58,2026-02-06 20:48:36.320328
WNTR,24.91,24.91,24.92,2272100.0,2256700.0,0,0,0,0,0,0,0,0,0,0,0,0,0,0,0,0,0,0,0,0,0,0,0,0,0,0,0,0,0,0,0,0,58,2026-02-06 20:48:36.320328
SPNG,24.66,24.62,24.66,2372300.0,2275200.0,0,0,0,0,0,0,0,0,0,0,0,0,0,0,0,0,0,0,0,0,0,0,0,0,0,0,0,0,0,0,0,0,59,2026-02-06 20:48:37.354022
SMMR,25.09,24.94,25.09,2166500.0,2149900.0,0,0,0,0,0,0,0,0,0,0,0,0,0,0,0,0,0,0,0,0,0,0,0,0,0,0,0,0,0,0,0,0,59,2026-02-06 20:48:37.354022
ATMN,24.89,24.88,24.89,2126200.0,2115000.0,0,0,0,0,0,0,0,0,0,0,0,0,0,0,0,0,0,0,0,0,0,0,0,0,0,0,0,0,0,0,0,0,59,2026-02-06 20:48:37.354022
WNTR,24.85,24.85,24.92,2246400.0,2256700.0,0,0,0,0,0,0,0,0,0,0,0,0,0,0,0,0,0,0,0,0,0,0,0,0,0,0,0,0,0,0,0,0,59,2026-02-06 20:48:37.354022
SPNG,24.66,24.85,0.0,200000.0,,0,0,0,0,0,0,0,0,0,0,0,0,0,0,0,0,0,0,0,0,0,0,0,0,0,0,0,0,0,0,0,0,60,2026-02-06 20:48:38.386894
SMMR,24.82,25.25,25.45,847800.0,880900.0,0,0,0,0,0,0,0,0,0,0,0,0,0,0,0,0,0,0,0,0,0,0,0,0,0,0,0,0,0,0,0,0,60,2026-02-06 20:48:38.386894
ATMN,24.89,25.39,26.14,873000.0,686400.0,0,0,0,0,0,0,0,0,0,0,0,0,0,0,0,0,0,0,0,0,0,0,0,0,0,0,0,0,0,0,0,0,60,2026-02-06 20:48:38.386894
WNTR,24.78,26.08,0.0,200000.0,,0,0,0,0,0,0,0,0,0,0,0,0,0,0,0,0,0,0,0,0,0,0,0,0,0,0,0,0,0,0,0,0,60,2026-02-06 20:48:38.386894
SPNG,24.85,24.85,25.21,1013600.0,900500.0,0,0,0,0,0,0,0,0,0,0,0,0,0,0,0,0,0,0,0,0,0,0,0,0,0,0,0,0,0,0,0,0,61,2026-02-06 20:48:38.968979
SMMR,25.23,25.23,25.39,864600.0,1005300.0,0,0,0,0,0,0,0,0,0,0,0,0,0,0,0,0,0,0,0,0,0,0,0,0,0,0,0,0,0,0,0,0,61,2026-02-06 20:48:38.968979
ATMN,25.08,25.08,26.07,907900.0,791700.0,0,0,0,0,0,0,0,0,0,0,0,0,0,0,0,0,0,0,0,0,0,0,0,0,0,0,0,0,0,0,0,0,61,2026-02-06 20:48:38.968979
WNTR,26.08,25.42,25.57,1040800.0,838400.0,0,0,0,0,0,0,0,0,0,0,0,0,0,0,0,0,0,0,0,0,0,0,0,0,0,0,0,0,0,0,0,0,61,2026-02-06 20:48:38.968979
SPNG,24.85,23.88,24.41,1162200.0,1025800.0,5133.0,,0,0,0,0,0,0,0,0,0,0,0,0,0,0,0,0,0,0,0,0,0,0,0,0,0,0,0,0,0,0,62,2026-02-06 20:48:40.084909
SMMR,25.23,25.23,25.37,864600.0,1265100.0,5377.0,,0,0,0,0,0,0,0,0,0,0,0,0,0,0,0,0,0,0,0,0,0,0,0,0,0,0,0,0,0,0,62,2026-02-06 20:48:40.084909
ATMN,23.88,23.88,24.43,919100.0,1085700.0,5255.0,,0,0,0,0,0,0,0,0,0,0,0,0,0,0,0,0,0,0,0,0,0,0,0,0,0,0,0,0,0,0,62,2026-02-06 20:48:40.084909
WNTR,25.66,25.64,25.66,1324300.0,849500.0,,4675.0,0,0,0,0,0,0,0,0,0,0,0,0,0,0,0,0,0,0,0,0,0,0,0,0,0,0,0,0,0,0,62,2026-02-06 20:48:40.084909
SPNG,24.41,24.44,25.21,1604500.0,900500.0,0,0,0,0,0,0,0,0,0,0,0,0,0,0,0,0,0,0,0,0,0,0,0,0,0,0,0,0,0,0,0,0,63,2026-02-06 20:48:41.141754
SMMR,25.24,25.27,25.33,980000.0,1381500.0,0,0,0,0,0,0,0,0,0,0,0,0,0,0,0,0,0,0,0,0,0,0,0,0,0,0,0,0,0,0,0,0,63,2026-02-06 20:48:41.141754
ATMN,23.85,23.4,23.49,1214300.0,1202900.0,0,0,0,0,0,0,0,0,0,0,0,0,0,0,0,0,0,0,0,0,0,0,0,0,0,0,0,0,0,0,0,0,63,2026-02-06 20:48:41.141754
WNTR,25.72,25.78,26.32,1514200.0,964100.0,0,0,0,0,0,0,0,0,0,0,0,0,0,0,0,0,0,0,0,0,0,0,0,0,0,0,0,0,0,0,0,0,63,2026-02-06 20:48:41.141754
SPNG,24.41,25.1,25.19,1718000.0,799.0,1150100.0,,0,0,0,0,0,0,0,0,0,0,0,0,0,0,0,0,0,0,0,0,0,0,0,0,0,0,0,0,0,0,64,2026-02-06 20:48:42.228570
SMMR,25.24,25.27,25.31,1082700.0,799.0,1606000.0,1598.0,0,0,0,0,0,0,0,0,0,0,0,0,0,0,0,0,0,0,0,0,0,0,0,0,0,0,0,0,0,0,64,2026-02-06 20:48:42.228570
ATMN,23.54,23.6,23.62,1455900.0,799.0,1327700.0,,0,0,0,0,0,0,0,0,0,0,0,0,0,0,0,0,0,0,0,0,0,0,0,0,0,0,0,0,0,0,64,2026-02-06 20:48:42.228570
WNTR,25.92,25.82,25.87,1617800.0,5760.0,1168700.0,799.0,0,0,0,0,0,0,0,0,0,0,0,0,0,0,0,0,0,0,0,0,0,0,0,0,0,0,0,0,0,0,64,2026-02-06 20:48:42.228570
SPNG,24.41,25.1,25.19,1718000.0,1429300.0,,,0,0,0,0,0,0,0,0,0,0,0,0,0,0,0,0,0,0,0,0,0,0,0,0,0,0,0,0,0,0,65,2026-02-06 20:48:43.293028
SMMR,25.33,25.27,25.31,1182600.0,1824300.0,6018.0,3009.0,0,0,0,0,0,0,0,0,0,0,0,0,0,0,0,0,0,0,0,0,0,0,0,0,0,0,0,0,0,0,65,2026-02-06 20:48:43.293028
ATMN,23.98,23.6,23.98,1701400.0,1085700.0,6018.0,,0,0,0,0,0,0,0,0,0,0,0,0,0,0,0,0,0,0,0,0,0,0,0,0,0,0,0,0,0,0,65,2026-02-06 20:48:43.293028
WNTR,25.87,25.85,25.87,1961800.0,1168700.0,,3009.0,0,0,0,0,0,0,0,0,0,0,0,0,0,0,0,0,0,0,0,0,0,0,0,0,0,0,0,0,0,0,65,2026-02-06 20:48:43.293028
SPNG,25.1,24.94,25.04,1724000.0,100.0,1734900.0,3009.0,0,0,0,0,0,0,0,0,0,0,0,0,0,0,0,0,0,0,0,0,0,0,0,0,0,0,0,0,0,0,66,2026-02-06 20:48:44.369543
SMMR,25.08,25.16,25.29,1027800.0,7821.0,1824300.0,10830.0,0,0,0,0,0,0,0,0,0,0,0,0,0,0,0,0,0,0,0,0,0,0,0,0,0,0,0,0,0,0,66,2026-02-06 20:48:44.369543
ATMN,23.6,23.66,23.69,1680000.0,4872.0,1276500.0,6496.0,0,0,0,0,0,0,0,0,0,0,0,0,0,0,0,0,0,0,0,0,0,0,0,0,0,0,0,0,0,0,66,2026-02-06 20:48:44.369543
WNTR,25.87,25.85,25.87,2089000.0,6800.0,1168700.0,9809.0,0,0,0,0,0,0,0,0,0,0,0,0,0,0,0,0,0,0,0,0,0,0,0,0,0,0,0,0,0,0,66,2026-02-06 20:48:44.369543
SPNG,24.52,24.75,24.98,1851100.0,100.0,10575.0,1734900.0,0,0,0,0,0,0,0,0,0,0,0,0,0,0,0,0,0,0,0,0,0,0,0,0,0,0,0,0,0,0,67,2026-02-06 20:48:45.423937
SMMR,25.16,25.22,25.3,1027800.0,16131.0,3109.0,1720300.0,0,0,0,0,0,0,0,0,0,0,0,0,0,0,0,0,0,0,0,0,0,0,0,0,0,0,0,0,0,0,67,2026-02-06 20:48:45.423937
ATMN,24.37,24.38,24.43,1884800.0,4872.0,,1191100.0,0,0,0,0,0,0,0,0,0,0,0,0,0,0,0,0,0,0,0,0,0,0,0,0,0,0,0,0,0,0,67,2026-02-06 20:48:45.423937
WNTR,26.18,25.91,26.09,1959900.0,14025.0,,1178200.0,0,0,0,0,0,0,0,0,0,0,0,0,0,0,0,0,0,0,0,0,0,0,0,0,0,0,0,0,0,0,67,2026-02-06 20:48:45.423937
SPNG,24.52,24.75,24.79,1988500.0,100.0,1752000.0,10575.0,0,0,0,0,0,0,0,0,0,0,0,0,0,0,0,0,0,0,0,0,0,0,0,0,0,0,0,0,0,0,68,2026-02-06 20:48:45.972395
SMMR,25.1,25.1,25.34,900800.0,7821.0,1603900.0,,0,0,0,0,0,0,0,0,0,0,0,0,0,0,0,0,0,0,0,0,0,0,0,0,0,0,0,0,0,0,68,2026-02-06 20:48:45.972395
ATMN,23.66,23.6,23.66,1680000.0,,1386700.0,,0,0,0,0,0,0,0,0,0,0,0,0,0,0,0,0,0,0,0,0,0,0,0,0,0,0,0,0,0,0,68,2026-02-06 20:48:45.972395
WNTR,26.18,26.0,26.09,1964000.0,14025.0,1178200.0,,0,0,0,0,0,0,0,0,0,0,0,0,0,0,0,0,0,0,0,0,0,0,0,0,0,0,0,0,0,0,68,2026-02-06 20:48:45.972395
SPNG,24.52,24.76,24.79,2221100.0,200.0,1646300.0,10675.0,0,0,0,0,0,0,0,0,0,0,0,0,0,0,0,0,0,0,0,0,0,0,0,0,0,0,0,0,0,0,69,2026-02-06 20:48:47.054263
SMMR,25.32,25.12,25.32,900800.0,11550.0,1939600.0,8799.0,0,0,0,0,0,0,0,0,0,0,0,0,0,0,0,0,0,0,0,0,0,0,0,0,0,0,0,0,0,0,69,2026-02-06 20:48:47.054263
ATMN,23.66,23.62,23.66,1919300.0,1827.0,1386700.0,100.0,0,0,0,0,0,0,0,0,0,0,0,0,0,0,0,0,0,0,0,0,0,0,0,0,0,0,0,0,0,0,69,2026-02-06 20:48:47.054263
WNTR,26.09,26.12,26.32,1923500.0,14025.0,1060200.0,,0,0,0,0,0,0,0,0,0,0,0,0,0,0,0,0,0,0,0,0,0,0,0,0,0,0,0,0,0,0,69,2026-02-06 20:48:47.054263
SPNG,24.79,24.76,24.79,2055400.0,300.0,1681900.0,10675.0,0,0,0,0,0,0,0,0,0,0,0,0,0,0,0,0,0,0,0,0,0,0,0,0,0,0,0,0,0,0,70,2026-02-06 20:48:48.099640
SMMR,25.15,25.19,25.3,994400.0,11550.0,1952400.0,8899.0,0,0,0,0,0,0,0,0,0,0,0,0,0,0,0,0,0,0,0,0,0,0,0,0,0,0,0,0,0,0,70,2026-02-06 20:48:48.099640
ATMN,23.66,23.79,24.1,2124300.0,1927.0,1277900.0,,0,0,0,0,0,0,0,0,0,0,0,0,0,0,0,0,0,0,0,0,0,0,0,0,0,0,0,0,0,0,70,2026-02-06 20:48:48.099640
WNTR,25.99,25.99,26.06,1966700.0,14025.0,1171600.0,6853.0,0,0,0,0,0,0,0,0,0,0,0,0,0,0,0,0,0,0,0,0,0,0,0,0,0,0,0,0,0,0,70,2026-02-06 20:48:48.099640
SPNG,24.75,24.75,24.91,2466300.0,1848300.0,,,0,0,0,0,0,0,0,0,0,0,0,0,0,0,0,0,0,0,0,0,0,0,0,0,0,0,0,0,0,0,71,2026-02-06 20:48:49.145108
SMMR,25.12,25.15,25.32,1129300.0,2058800.0,,,0,0,0,0,0,0,0,0,0,0,0,0,0,0,0,0,0,0,0,0,0,0,0,0,0,0,0,0,0,0,71,2026-02-06 20:48:49.145108
ATMN,24.1,24.4,24.43,2210100.0,1402100.0,100.0,,0,0,0,0,0,0,0,0,0,0,0,0,0,0,0,0,0,0,0,0,0,0,0,0,0,0,0,0,0,0,71,2026-02-06 20:48:49.145108
WNTR,25.99,25.99,26.32,2087500.0,1181200.0,9882.0,6853.0,0,0,0,0,0,0,0,0,0,0,0,0,0,0,0,0,0,0,0,0,0,0,0,0,0,0,0,0,0,0,71,2026-02-06 20:48:49.145108
SPNG,25.19,24.68,25.19,2367900.0,1641000.0,,,0,0,0,0,0,0,0,0,0,0,0,0,0,0,0,0,0,0,0,0,0,0,0,0,0,0,0,0,0,0,72,2026-02-06 20:48:50.242713
SMMR,25.08,25.08,25.36,900800.0,1937000.0,,,0,0,0,0,0,0,0,0,0,0,0,0,0,0,0,0,0,0,0,0,0,0,0,0,0,0,0,0,0,0,72,2026-02-06 20:48:50.242713
ATMN,24.4,23.79,24.05,2379300.0,1731100.0,9442.0,,0,0,0,0,0,0,0,0,0,0,0,0,0,0,0,0,0,0,0,0,0,0,0,0,0,0,0,0,0,0,72,2026-02-06 20:48:50.242713
WNTR,26.01,26.08,26.11,2076000.0,1409300.0,6853.0,5647.0,0,0,0,0,0,0,0,0,0,0,0,0,0,0,0,0,0,0,0,0,0,0,0,0,0,0,0,0,0,0,72,2026-02-06 20:48:50.242713
SPNG,24.68,24.68,25.19,2367900.0,1851600.0,,,0,0,0,0,0,0,0,0,0,0,0,0,0,0,0,0,0,0,0,0,0,0,0,0,0,0,0,0,0,0,73,2026-02-06 20:48:51.326543
SMMR,25.2,25.18,25.2,1032900.0,2051900.0,9586.0,,0,0,0,0,0,0,0,0,0,0,0,0,0,0,0,0,0,0,0,0,0,0,0,0,0,0,0,0,0,0,73,2026-02-06 20:48:51.326543
ATMN,23.79,23.63,23.66,2217800.0,1727400.0,9442.0,3981.0,0,0,0,0,0,0,0,0,0,0,0,0,0,0,0,0,0,0,0,0,0,0,0,0,0,0,0,0,0,0,73,2026-02-06 20:48:51.326543
WNTR,25.91,25.94,26.0,2092100.0,1521000.0,12500.0,9805.0,0,0,0,0,0,0,0,0,0,0,0,0,0,0,0,0,0,0,0,0,0,0,0,0,0,0,0,0,0,0,73,2026-02-06 20:48:51.326543
SPNG,24.94,24.74,24.92,200.0,2222700.0,7878.0,1938500.0,0,0,0,0,0,0,0,0,0,0,0,0,0,0,0,0,0,0,0,0,0,0,0,0,0,0,0,0,0,0,74,2026-02-06 20:48:52.378402
SMMR,25.2,24.98,25.15,,914000.0,14586.0,1945500.0,0,0,0,0,0,0,0,0,0,0,0,0,0,0,0,0,0,0,0,0,0,0,0,0,0,0,0,0,0,0,74,2026-02-06 20:48:52.378402
ATMN,23.66,23.96,24.16,4081.0,2100200.0,9442.0,1796200.0,0,0,0,0,0,0,0,0,0,0,0,0,0,0,0,0,0,0,0,0,0,0,0,0,0,0,0,0,0,0,74,2026-02-06 20:48:52.378402
WNTR,25.91,25.91,26.08,,2213200.0,12500.0,1409300.0,0,0,0,0,0,0,0,0,0,0,0,0,0,0,0,0,0,0,0,0,0,0,0,0,0,0,0,0,0,0,74,2026-02-06 20:48:52.378402
SPNG,25.19,24.68,24.91,2367900.0,2123800.0,,,0,0,0,0,0,0,0,0,0,0,0,0,0,0,0,0,0,0,0,0,0,0,0,0,0,0,0,0,0,0,75,2026-02-06 20:48:53.434604
SMMR,25.39,25.3,25.37,1117600.0,1813900.0,9499.0,2374.0,0,0,0,0,0,0,0,0,0,0,0,0,0,0,0,0,0,0,0,0,0,0,0,0,0,0,0,0,0,0,75,2026-02-06 20:48:53.434604
ATMN,23.66,24.14,24.16,2313600.0,1905700.0,,,0,0,0,0,0,0,0,0,0,0,0,0,0,0,0,0,0,0,0,0,0,0,0,0,0,0,0,0,0,0,75,2026-02-06 20:48:53.434604
WNTR,26.11,25.94,26.08,2092100.0,1508200.0,6245.0,9715.0,0,0,0,0,0,0,0,0,0,0,0,0,0,0,0,0,0,0,0,0,0,0,0,0,0,0,0,0,0,0,75,2026-02-06 20:48:53.434604
SPNG,25.19,24.57,24.97,2237600.0,2148000.0,,,0,0,0,0,0,0,0,0,0,0,0,0,0,0,0,0,0,0,0,0,0,0,0,0,0,0,0,0,0,0,76,2026-02-06 20:48:54.477986
SMMR,25.23,25.0,25.23,1145800.0,1912900.0,4015.0,2374.0,0,0,0,0,0,0,0,0,0,0,0,0,0,0,0,0,0,0,0,0,0,0,0,0,0,0,0,0,0,0,76,2026-02-06 20:48:54.477986
ATMN,23.94,23.65,23.84,2189200.0,1923900.0,981.0,,0,0,0,0,0,0,0,0,0,0,0,0,0,0,0,0,0,0,0,0,0,0,0,0,0,0,0,0,0,0,76,2026-02-06 20:48:54.477986
WNTR,25.91,25.85,25.86,2199100.0,1604800.0,,19715.0,0,0,0,0,0,0,0,0,0,0,0,0,0,0,0,0,0,0,0,0,0,0,0,0,0,0,0,0,0,0,76,2026-02-06 20:48:54.477986
SPNG,24.44,24.24,24.31,2032800.0,2165100.0,,,0,0,0,0,0,0,0,0,0,0,0,0,0,0,0,0,0,0,0,0,0,0,0,0,0,0,0,0,0,0,77,2026-02-06 20:48:55.024370
SMMR,25.23,25.13,25.15,1238700.0,2025600.0,4015.0,2374.0,0,0,0,0,0,0,0,0,0,0,0,0,0,0,0,0,0,0,0,0,0,0,0,0,0,0,0,0,0,0,77,2026-02-06 20:48:55.024370
ATMN,23.94,23.65,23.84,2178500.0,1923900.0,981.0,,0,0,0,0,0,0,0,0,0,0,0,0,0,0,0,0,0,0,0,0,0,0,0,0,0,0,0,0,0,0,77,2026-02-06 20:48:55.024370
WNTR,25.9,26.0,26.08,2191700.0,1725500.0,,9715.0,0,0,0,0,0,0,0,0,0,0,0,0,0,0,0,0,0,0,0,0,0,0,0,0,0,0,0,0,0,0,77,2026-02-06 20:48:55.024370
SPNG,24.44,24.24,24.3,2559900.0,6730.0,2087300.0,,0,0,0,0,0,0,0,0,0,0,0,0,0,0,0,0,0,0,0,0,0,0,0,0,0,0,0,0,0,0,78,2026-02-06 20:48:56.114470
SMMR,24.98,25.13,25.15,1358200.0,11775.0,1912900.0,,0,0,0,0,0,0,0,0,0,0,0,0,0,0,0,0,0,0,0,0,0,0,0,0,0,0,0,0,0,0,78,2026-02-06 20:48:56.114470
ATMN,24.16,23.78,24.16,2134800.0,,1921300.0,981.0,0,0,0,0,0,0,0,0,0,0,0,0,0,0,0,0,0,0,0,0,0,0,0,0,0,0,0,0,0,0,78,2026-02-06 20:48:56.114470
WNTR,26.0,26.03,26.05,2075000.0,16000.0,1931000.0,384.0,0,0,0,0,0,0,0,0,0,0,0,0,0,0,0,0,0,0,0,0,0,0,0,0,0,0,0,0,0,0,78,2026-02-06 20:48:56.114470
SPNG,24.97,24.96,24.97,2486800.0,2148000.0,,0,0,0,0,0,0,0,0,0,0,0,0,0,0,0,0,0,0,0,0,0,0,0,0,0,0,0,0,0,0,0,79,2026-02-06 20:48:57.204591
SMMR,25.39,25.13,25.39,1580500.0,1813900.0,3177.0,0,0,0,0,0,0,0,0,0,0,0,0,0,0,0,0,0,0,0,0,0,0,0,0,0,0,0,0,0,0,0,79,2026-02-06 20:48:57.204591
ATMN,23.78,23.78,24.16,2013900.0,1921300.0,1081.0,0,0,0,0,0,0,0,0,0,0,0,0,0,0,0,0,0,0,0,0,0,0,0,0,0,0,0,0,0,0,0,79,2026-02-06 20:48:57.204591
WNTR,26.0,25.87,25.98,2161800.0,1926000.0,,0,0,0,0,0,0,0,0,0,0,0,0,0,0,0,0,0,0,0,0,0,0,0,0,0,0,0,0,0,0,0,79,2026-02-06 20:48:57.204591
SPNG,24.97,24.96,24.97,2486800.0,2241100.0,0,0,0,0,0,0,0,0,0,0,0,0,0,0,0,0,0,0,0,0,0,0,0,0,0,0,0,0,0,0,0,0,80,2026-02-06 20:48:58.264741
SMMR,25.39,25.13,25.39,1580500.0,1813900.0,0,0,0,0,0,0,0,0,0,0,0,0,0,0,0,0,0,0,0,0,0,0,0,0,0,0,0,0,0,0,0,0,80,2026-02-06 20:48:58.264741
ATMN,23.94,23.78,23.94,2240300.0,1920900.0,0,0,0,0,0,0,0,0,0,0,0,0,0,0,0,0,0,0,0,0,0,0,0,0,0,0,0,0,0,0,0,0,80,2026-02-06 20:48:58.264741
WNTR,26.12,25.87,26.12,2161800.0,1709900.0,0,0,0,0,0,0,0,0,0,0,0,0,0,0,0,0,0,0,0,0,0,0,0,0,0,0,0,0,0,0,0,0,80,2026-02-06 20:48:58.264741
SPNG,24.83,24.24,24.4,2512600.0,2257200.0,,0,0,0,0,0,0,0,0,0,0,0,0,0,0,0,0,0,0,0,0,0,0,0,0,0,0,0,0,0,0,0,81,2026-02-06 20:48:59.315118
SMMR,25.36,25.36,25.39,1806800.0,1813900.0,,0,0,0,0,0,0,0,0,0,0,0,0,0,0,0,0,0,0,0,0,0,0,0,0,0,0,0,0,0,0,0,81,2026-02-06 20:48:59.315118
ATMN,24.13,24.13,24.16,2100000.0,1921300.0,5746.0,0,0,0,0,0,0,0,0,0,0,0,0,0,0,0,0,0,0,0,0,0,0,0,0,0,0,0,0,0,0,0,81,2026-02-06 20:48:59.315118
WNTR,26.12,25.87,26.12,2161800.0,1709900.0,,0,0,0,0,0,0,0,0,0,0,0,0,0,0,0,0,0,0,0,0,0,0,0,0,0,0,0,0,0,0,0,81,2026-02-06 20:48:59.315118
SPNG,24.97,24.41,24.97,2316500.0,9412.0,2203000.0,,0,0,0,0,0,0,0,0,0,0,0,0,0,0,0,0,0,0,0,0,0,0,0,0,0,0,0,0,0,0,82,2026-02-06 20:49:00.370370
SMMR,25.26,25.29,25.39,1911700.0,9118.0,1919500.0,3645.0,0,0,0,0,0,0,0,0,0,0,0,0,0,0,0,0,0,0,0,0,0,0,0,0,0,0,0,0,0,0,82,2026-02-06 20:49:00.370370
ATMN,24.13,23.82,23.97,2068200.0,5746.0,1848500.0,1206.0,0,0,0,0,0,0,0,0,0,0,0,0,0,0,0,0,0,0,0,0,0,0,0,0,0,0,0,0,0,0,82,2026-02-06 20:49:00.370370
WNTR,25.92,26.01,26.09,2089700.0,9326.0,1709900.0,4841.0,0,0,0,0,0,0,0,0,0,0,0,0,0,0,0,0,0,0,0,0,0,0,0,0,0,0,0,0,0,0,82,2026-02-06 20:49:00.370370
SPNG,24.25,24.83,25.0,9738.0,2202900.0,2178000.0,,0,0,0,0,0,0,0,0,0,0,0,0,0,0,0,0,0,0,0,0,0,0,0,0,0,0,0,0,0,0,83,2026-02-06 20:49:01.469464
SMMR,25.39,25.3,25.39,9218.0,2004800.0,1914400.0,3645.0,0,0,0,0,0,0,0,0,0,0,0,0,0,0,0,0,0,0,0,0,0,0,0,0,0,0,0,0,0,0,83,2026-02-06 20:49:01.469464
ATMN,24.13,23.85,24.11,10301.0,1811600.0,1747700.0,1306.0,0,0,0,0,0,0,0,0,0,0,0,0,0,0,0,0,0,0,0,0,0,0,0,0,0,0,0,0,0,0,83,2026-02-06 20:49:01.469464
WNTR,25.84,25.88,26.05,9262.0,2060500.0,1810200.0,14103.0,0,0,0,0,0,0,0,0,0,0,0,0,0,0,0,0,0,0,0,0,0,0,0,0,0,0,0,0,0,0,83,2026-02-06 20:49:01.469464
SPNG,24.83,24.25,24.36,9412.0,2321900.0,2173700.0,,0,0,0,0,0,0,0,0,0,0,0,0,0,0,0,0,0,0,0,0,0,0,0,0,0,0,0,0,0,0,84,2026-02-06 20:49:02.021815
SMMR,25.19,25.19,25.39,,1882300.0,2015900.0,3645.0,0,0,0,0,0,0,0,0,0,0,0,0,0,0,0,0,0,0,0,0,0,0,0,0,0,0,0,0,0,0,84,2026-02-06 20:49:02.021815
ATMN,23.74,23.74,24.11,,2156400.0,1747700.0,1306.0,0,0,0,0,0,0,0,0,0,0,0,0,0,0,0,0,0,0,0,0,0,0,0,0,0,0,0,0,0,0,84,2026-02-06 20:49:02.021815
WNTR,26.08,25.88,26.08,9262.0,2060500.0,1810200.0,4841.0,0,0,0,0,0,0,0,0,0,0,0,0,0,0,0,0,0,0,0,0,0,0,0,0,0,0,0,0,0,0,84,2026-02-06 20:49:02.021815
SPNG,24.36,24.25,24.32,10146.0,2173500.0,8420.0,2093400.0,0,0,0,0,0,0,0,0,0,0,0,0,0,0,0,0,0,0,0,0,0,0,0,0,0,0,0,0,0,0,85,2026-02-06 20:49:03.060250
SMMR,25.19,25.29,25.38,100.0,2144300.0,12636.0,1909500.0,0,0,0,0,0,0,0,0,0,0,0,0,0,0,0,0,0,0,0,0,0,0,0,0,0,0,0,0,0,0,85,2026-02-06 20:49:03.060250
ATMN,23.74,23.79,24.08,100.0,2036700.0,10093.0,1671000.0,0,0,0,0,0,0,0,0,0,0,0,0,0,0,0,0,0,0,0,0,0,0,0,0,0,0,0,0,0,0,85,2026-02-06 20:49:03.060250
WNTR,26.13,25.9,26.07,18458.0,1957200.0,,1671500.0,0,0,0,0,0,0,0,0,0,0,0,0,0,0,0,0,0,0,0,0,0,0,0,0,0,0,0,0,0,0,85,2026-02-06 20:49:03.060250
SPNG,25.0,25.12,25.19,2275700.0,245.0,2149000.0,,0,0,0,0,0,0,0,0,0,0,0,0,0,0,0,0,0,0,0,0,0,0,0,0,0,0,0,0,0,0,86,2026-02-06 20:49:04.091468
SMMR,25.4,25.36,25.4,2133100.0,100.0,1923600.0,,0,0,0,0,0,0,0,0,0,0,0,0,0,0,0,0,0,0,0,0,0,0,0,0,0,0,0,0,0,0,86,2026-02-06 20:49:04.091468
ATMN,23.74,23.99,24.06,2038400.0,100.0,1848200.0,2180.0,0,0,0,0,0,0,0,0,0,0,0,0,0,0,0,0,0,0,0,0,0,0,0,0,0,0,0,0,0,0,86,2026-02-06 20:49:04.091468
WNTR,26.22,26.08,26.22,2023400.0,3739.0,1490200.0,,0,0,0,0,0,0,0,0,0,0,0,0,0,0,0,0,0,0,0,0,0,0,0,0,0,0,0,0,0,0,86,2026-02-06 20:49:04.091468
SPNG,24.6,24.24,24.6,2290100.0,245.0,2061100.0,8272.0,0,0,0,0,0,0,0,0,0,0,0,0,0,0,0,0,0,0,0,0,0,0,0,0,0,0,0,0,0,0,87,2026-02-06 20:49:05.132828
SMMR,25.29,25.29,25.32,2249100.0,,1981100.0,8856.0,0,0,0,0,0,0,0,0,0,0,0,0,0,0,0,0,0,0,0,0,0,0,0,0,0,0,0,0,0,0,87,2026-02-06 20:49:05.132828
ATMN,23.94,24.04,24.05,1951200.0,1665.0,1769300.0,10835.0,0,0,0,0,0,0,0,0,0,0,0,0,0,0,0,0,0,0,0,0,0,0,0,0,0,0,0,0,0,0,87,2026-02-06 20:49:05.132828
WNTR,26.08,26.08,26.16,2023400.0,3739.0,1734700.0,,0,0,0,0,0,0,0,0,0,0,0,0,0,0,0,0,0,0,0,0,0,0,0,0,0,0,0,0,0,0,87,2026-02-06 20:49:05.132828
SPNG,24.97,24.24,24.54,2264400.0,245.0,13272.0,1924400.0,0,0,0,0,0,0,0,0,0,0,0,0,0,0,0,0,0,0,0,0,0,0,0,0,0,0,0,0,0,0,88,2026-02-06 20:49:06.177475
SMMR,25.4,25.19,25.38,2018500.0,,,2100900.0,0,0,0,0,0,0,0,0,0,0,0,0,0,0,0,0,0,0,0,0,0,0,0,0,0,0,0,0,0,0,88,2026-02-06 20:49:06.177475
ATMN,24.04,24.04,24.05,1951200.0,1665.0,19638.0,1701700.0,0,0,0,0,0,0,0,0,0,0,0,0,0,0,0,0,0,0,0,0,0,0,0,0,0,0,0,0,0,0,88,2026-02-06 20:49:06.177475
WNTR,25.84,25.84,26.14,2200700.0,,9694.0,1734700.0,0,0,0,0,0,0,0,0,0,0,0,0,0,0,0,0,0,0,0,0,0,0,0,0,0,0,0,0,0,0,88,2026-02-06 20:49:06.177475
SPNG,24.97,24.47,24.49,2147000.0,345.0,15508.0,1844100.0,0,0,0,0,0,0,0,0,0,0,0,0,0,0,0,0,0,0,0,0,0,0,0,0,0,0,0,0,0,0,89,2026-02-06 20:49:07.245359
SMMR,25.38,25.39,25.4,2145000.0,5630.0,,2124000.0,0,0,0,0,0,0,0,0,0,0,0,0,0,0,0,0,0,0,0,0,0,0,0,0,0,0,0,0,0,0,89,2026-02-06 20:49:07.245359
ATMN,24.12,23.83,24.12,2053600.0,100.0,,1960200.0,0,0,0,0,0,0,0,0,0,0,0,0,0,0,0,0,0,0,0,0,0,0,0,0,0,0,0,0,0,0,89,2026-02-06 20:49:07.245359
WNTR,26.0,26.0,26.12,2081000.0,5758.0,13533.0,1734700.0,0,0,0,0,0,0,0,0,0,0,0,0,0,0,0,0,0,0,0,0,0,0,0,0,0,0,0,0,0,0,89,2026-02-06 20:49:07.245359
SPNG,25.21,24.67,25.09,1995000.0,445.0,2173700.0,,0,0,0,0,0,0,0,0,0,0,0,0,0,0,0,0,0,0,0,0,0,0,0,0,0,0,0,0,0,0,90,2026-02-06 20:49:08.303749
SMMR,25.38,25.39,25.4,2005400.0,13364.0,2041800.0,2160.0,0,0,0,0,0,0,0,0,0,0,0,0,0,0,0,0,0,0,0,0,0,0,0,0,0,0,0,0,0,0,90,2026-02-06 20:49:08.303749
ATMN,24.09,23.88,24.09,1958700.0,4611.0,1941400.0,684.0,0,0,0,0,0,0,0,0,0,0,0,0,0,0,0,0,0,0,0,0,0,0,0,0,0,0,0,0,0,0,90,2026-02-06 20:49:08.303749
WNTR,26.0,26.0,26.12,2081000.0,5758.0,1844400.0,13533.0,0,0,0,0,0,0,0,0,0,0,0,0,0,0,0,0,0,0,0,0,0,0,0,0,0,0,0,0,0,0,90,2026-02-06 20:49:08.303749
SPNG,24.67,24.67,25.06,2368200.0,100.0,2076100.0,,0,0,0,0,0,0,0,0,0,0,0,0,0,0,0,0,0,0,0,0,0,0,0,0,0,0,0,0,0,0,91,2026-02-06 20:49:09.389901
SMMR,25.39,25.24,25.33,2143800.0,12636.0,1932000.0,8490.0,0,0,0,0,0,0,0,0,0,0,0,0,0,0,0,0,0,0,0,0,0,0,0,0,0,0,0,0,0,0,91,2026-02-06 20:49:09.389901
ATMN,24.09,23.98,24.09,1922700.0,100.0,1941400.0,17810.0,0,0,0,0,0,0,0,0,0,0,0,0,0,0,0,0,0,0,0,0,0,0,0,0,0,0,0,0,0,0,91,2026-02-06 20:49:09.389901
WNTR,26.16,26.0,26.01,2105900.0,8684.0,1844400.0,5858.0,0,0,0,0,0,0,0,0,0,0,0,0,0,0,0,0,0,0,0,0,0,0,0,0,0,0,0,0,0,0,91,2026-02-06 20:49:09.389901
SPNG,24.72,24.7,24.72,200.0,2116300.0,1972100.0,1822.0,0,0,0,0,0,0,0,0,0,0,0,0,0,0,0,0,0,0,0,0,0,0,0,0,0,0,0,0,0,0,92,2026-02-06 20:49:10.431128
SMMR,25.4,25.32,25.4,16902.0,2013700.0,2051900.0,6425.0,0,0,0,0,0,0,0,0,0,0,0,0,0,0,0,0,0,0,0,0,0,0,0,0,0,0,0,0,0,0,92,2026-02-06 20:49:10.431128
ATMN,24.16,23.81,24.16,100.0,2025400.0,1944200.0,,0,0,0,0,0,0,0,0,0,0,0,0,0,0,0,0,0,0,0,0,0,0,0,0,0,0,0,0,0,0,92,2026-02-06 20:49:10.431128
WNTR,26.01,26.1,26.14,12311.0,1971900.0,2089800.0,8604.0,0,0,0,0,0,0,0,0,0,0,0,0,0,0,0,0,0,0,0,0,0,0,0,0,0,0,0,0,0,0,92,2026-02-06 20:49:10.431128
SPNG,24.93,24.83,24.93,2131300.0,200.0,1983200.0,1822.0,0,0,0,0,0,0,0,0,0,0,0,0,0,0,0,0,0,0,0,0,0,0,0,0,0,0,0,0,0,0,93,2026-02-06 20:49:11.483125
SMMR,25.34,25.32,25.34,2013700.0,16902.0,2065300.0,6425.0,0,0,0,0,0,0,0,0,0,0,0,0,0,0,0,0,0,0,0,0,0,0,0,0,0,0,0,0,0,0,93,2026-02-06 20:49:11.483125
ATMN,23.73,23.71,23.73,2152600.0,,1872000.0,100.0,0,0,0,0,0,0,0,0,0,0,0,0,0,0,0,0,0,0,0,0,0,0,0,0,0,0,0,0,0,0,93,2026-02-06 20:49:11.483125
WNTR,26.08,26.08,26.13,2077400.0,5858.0,1991600.0,10031.0,0,0,0,0,0,0,0,0,0,0,0,0,0,0,0,0,0,0,0,0,0,0,0,0,0,0,0,0,0,0,93,2026-02-06 20:49:11.483125
SPNG,24.83,24.84,24.93,300.0,2008200.0,1984800.0,1822.0,0,0,0,0,0,0,0,0,0,0,0,0,0,0,0,0,0,0,0,0,0,0,0,0,0,0,0,0,0,0,94,2026-02-06 20:49:12.554203
SMMR,25.21,25.21,25.3,,2143800.0,1961500.0,15482.0,0,0,0,0,0,0,0,0,0,0,0,0,0,0,0,0,0,0,0,0,0,0,0,0,0,0,0,0,0,0,94,2026-02-06 20:49:12.554203
ATMN,24.19,24.13,24.16,2016.0,2051200.0,1845800.0,8065.0,0,0,0,0,0,0,0,0,0,0,0,0,0,0,0,0,0,0,0,0,0,0,0,0,0,0,0,0,0,0,94,2026-02-06 20:49:12.554203
WNTR,26.16,26.1,26.16,14298.0,1971900.0,2063300.0,,0,0,0,0,0,0,0,0,0,0,0,0,0,0,0,0,0,0,0,0,0,0,0,0,0,0,0,0,0,0,94,2026-02-06 20:49:12.554203
SPNG,24.83,24.84,24.92,300.0,1970700.0,8517.0,1886300.0,0,0,0,0,0,0,0,0,0,0,0,0,0,0,0,0,0,0,0,0,0,0,0,0,0,0,0,0,0,0,95,2026-02-06 20:49:13.099803
SMMR,25.34,25.39,25.4,,2252900.0,6425.0,2050800.0,0,0,0,0,0,0,0,0,0,0,0,0,0,0,0,0,0,0,0,0,0,0,0,0,0,0,0,0,0,0,95,2026-02-06 20:49:13.099803
ATMN,23.74,23.74,24.16,,2155700.0,8065.0,1845800.0,0,0,0,0,0,0,0,0,0,0,0,0,0,0,0,0,0,0,0,0,0,0,0,0,0,0,0,0,0,0,95,2026-02-06 20:49:13.099803
WNTR,25.87,25.87,26.14,,2198800.0,,2155800.0,0,0,0,0,0,0,0,0,0,0,0,0,0,0,0,0,0,0,0,0,0,0,0,0,0,0,0,0,0,0,95,2026-02-06 20:49:13.099803
SPNG,24.85,24.47,24.51,2370300.0,2206000.0,,,0,0,0,0,0,0,0,0,0,0,0,0,0,0,0,0,0,0,0,0,0,0,0,0,0,0,0,0,0,0,96,2026-02-06 20:49:14.171556
SMMR,25.36,25.21,25.36,2276800.0,2033000.0,8170.0,,0,0,0,0,0,0,0,0,0,0,0,0,0,0,0,0,0,0,0,0,0,0,0,0,0,0,0,0,0,0,96,2026-02-06 20:49:14.171556
ATMN,24.21,23.77,23.85,2031000.0,1936900.0,,100.0,0,0,0,0,0,0,0,0,0,0,0,0,0,0,0,0,0,0,0,0,0,0,0,0,0,0,0,0,0,0,96,2026-02-06 20:49:14.171556
WNTR,25.87,25.99,26.12,2092500.0,2075000.0,8356.0,8356.0,0,0,0,0,0,0,0,0,0,0,0,0,0,0,0,0,0,0,0,0,0,0,0,0,0,0,0,0,0,0,96,2026-02-06 20:49:14.171556
SPNG,24.92,24.83,24.88,2231100.0,100.0,2229900.0,,0,0,0,0,0,0,0,0,0,0,0,0,0,0,0,0,0,0,0,0,0,0,0,0,0,0,0,0,0,0,97,2026-02-06 20:49:15.312011
SMMR,25.36,25.23,25.29,2147000.0,887.0,1770700.0,18270.0,0,0,0,0,0,0,0,0,0,0,0,0,0,0,0,0,0,0,0,0,0,0,0,0,0,0,0,0,0,0,97,2026-02-06 20:49:15.312011
ATMN,24.28,24.21,24.28,1908700.0,200.0,1921500.0,,0,0,0,0,0,0,0,0,0,0,0,0,0,0,0,0,0,0,0,0,0,0,0,0,0,0,0,0,0,0,97,2026-02-06 20:49:15.312011
WNTR,26.16,26.06,26.13,1889800.0,18742.0,2166700.0,,0,0,0,0,0,0,0,0,0,0,0,0,0,0,0,0,0,0,0,0,0,0,0,0,0,0,0,0,0,0,97,2026-02-06 20:49:15.312011
SPNG,25.01,24.83,25.01,2127300.0,6591.0,2238500.0,,0,0,0,0,0,0,0,0,0,0,0,0,0,0,0,0,0,0,0,0,0,0,0,0,0,0,0,0,0,0,98,2026-02-06 20:49:16.366357
SMMR,25.4,25.26,25.4,2009700.0,8801.0,2016100.0,8170.0,0,0,0,0,0,0,0,0,0,0,0,0,0,0,0,0,0,0,0,0,0,0,0,0,0,0,0,0,0,0,98,2026-02-06 20:49:16.366357
ATMN,24.28,24.22,24.27,1813800.0,6845.0,1873800.0,100.0,0,0,0,0,0,0,0,0,0,0,0,0,0,0,0,0,0,0,0,0,0,0,0,0,0,0,0,0,0,0,98,2026-02-06 20:49:16.366357
WNTR,26.16,25.94,26.14,1984400.0,15614.0,2094100.0,8094.0,0,0,0,0,0,0,0,0,0,0,0,0,0,0,0,0,0,0,0,0,0,0,0,0,0,0,0,0,0,0,98,2026-02-06 20:49:16.366357
SPNG,24.46,24.68,24.96,2362500.0,2253900.0,,,0,0,0,0,0,0,0,0,0,0,0,0,0,0,0,0,0,0,0,0,0,0,0,0,0,0,0,0,0,0,99,2026-02-06 20:49:17.419108
SMMR,25.22,25.22,25.35,2255200.0,1764500.0,15013.0,,0,0,0,0,0,0,0,0,0,0,0,0,0,0,0,0,0,0,0,0,0,0,0,0,0,0,0,0,0,0,99,2026-02-06 20:49:17.419108
ATMN,24.21,23.78,24.16,1943500.0,1810100.0,1743.0,200.0,0,0,0,0,0,0,0,0,0,0,0,0,0,0,0,0,0,0,0,0,0,0,0,0,0,0,0,0,0,0,99,2026-02-06 20:49:17.419108
WNTR,25.92,26.12,26.14,2092800.0,1987400.0,16098.0,8356.0,0,0,0,0,0,0,0,0,0,0,0,0,0,0,0,0,0,0,0,0,0,0,0,0,0,0,0,0,0,0,99,2026-02-06 20:49:17.419108
SPNG,24.68,24.46,24.57,2375100.0,2281100.0,,,0,0,0,0,0,0,0,0,0,0,0,0,0,0,0,0,0,0,0,0,0,0,0,0,0,0,0,0,0,0,100,2026-02-06 20:49:18.536374
SMMR,25.4,25.25,25.37,2134400.0,2033300.0,7736.0,7736.0,0,0,0,0,0,0,0,0,0,0,0,0,0,0,0,0,0,0,0,0,0,0,0,0,0,0,0,0,0,0,100,2026-02-06 20:49:18.536374
ATMN,24.28,24.28,24.29,2136000.0,2044200.0,,,0,0,0,0,0,0,0,0,0,0,0,0,0,0,0,0,0,0,0,0,0,0,0,0,0,0,0,0,0,0,100,2026-02-06 20:49:18.536374
WNTR,26.12,26.07,26.08,2182800.0,2184900.0,,,0,0,0,0,0,0,0,0,0,0,0,0,0,0,0,0,0,0,0,0,0,0,0,0,0,0,0,0,0,0,100,2026-02-06 20:49:18.536374
SPNG,24.54,24.46,24.54,2352700.0,2164500.0,7299.0,,0,0,0,0,0,0,0,0,0,0,0,0,0,0,0,0,0,0,0,0,0,0,0,0,0,0,0,0,0,0,101,2026-02-06 20:49:19.625076
SMMR,25.4,25.25,25.37,2122500.0,1988200.0,7646.0,7646.0,0,0,0,0,0,0,0,0,0,0,0,0,0,0,0,0,0,0,0,0,0,0,0,0,0,0,0,0,0,0,101,2026-02-06 20:49:19.625076
ATMN,24.28,24.08,24.21,2014800.0,1869800.0,6451.0,3175.0,0,0,0,0,0,0,0,0,0,0,0,0,0,0,0,0,0,0,0,0,0,0,0,0,0,0,0,0,0,0,101,2026-02-06 20:49:19.625076
WNTR,26.08,26.1,26.14,2090400.0,2059100.0,7820.0,7820.0,0,0,0,0,0,0,0,0,0,0,0,0,0,0,0,0,0,0,0,0,0,0,0,0,0,0,0,0,0,0,101,2026-02-06 20:49:19.625076
SPNG,24.54,24.46,24.54,2359700.0,2164500.0,7299.0,,0,0,0,0,0,0,0,0,0,0,0,0,0,0,0,0,0,0,0,0,0,0,0,0,0,0,0,0,0,0,102,2026-02-06 20:49:20.185628
SMMR,25.4,25.25,25.35,2122500.0,1999600.0,7646.0,7646.0,0,0,0,0,0,0,0,0,0,0,0,0,0,0,0,0,0,0,0,0,0,0,0,0,0,0,0,0,0,0,102,2026-02-06 20:49:20.185628
ATMN,23.94,23.94,24.21,2141300.0,1869800.0,6451.0,,0,0,0,0,0,0,0,0,0,0,0,0,0,0,0,0,0,0,0,0,0,0,0,0,0,0,0,0,0,0,102,2026-02-06 20:49:20.185628
WNTR,26.09,26.09,26.1,2186100.0,2080800.0,7820.0,,0,0,0,0,0,0,0,0,0,0,0,0,0,0,0,0,0,0,0,0,0,0,0,0,0,0,0,0,0,0,102,2026-02-06 20:49:20.185628
SPNG,25.09,24.46,25.09,2367600.0,2210100.0,,0,0,0,0,0,0,0,0,0,0,0,0,0,0,0,0,0,0,0,0,0,0,0,0,0,0,0,0,0,0,0,103,2026-02-06 20:49:21.245397
SMMR,25.22,25.22,25.33,2250700.0,1873500.0,17071.0,0,0,0,0,0,0,0,0,0,0,0,0,0,0,0,0,0,0,0,0,0,0,0,0,0,0,0,0,0,0,0,103,2026-02-06 20:49:21.245397
ATMN,24.22,23.96,24.22,2156300.0,1966800.0,100.0,0,0,0,0,0,0,0,0,0,0,0,0,0,0,0,0,0,0,0,0,0,0,0,0,0,0,0,0,0,0,0,103,2026-02-06 20:49:21.245397
WNTR,25.84,25.8,25.84,2183800.0,1981300.0,17820.0,0,0,0,0,0,0,0,0,0,0,0,0,0,0,0,0,0,0,0,0,0,0,0,0,0,0,0,0,0,0,0,103,2026-02-06 20:49:21.245397
SPNG,25.03,24.51,24.76,4539.0,2266300.0,2119100.0,100.0,0,0,0,0,0,0,0,0,0,0,0,0,0,0,0,0,0,0,0,0,0,0,0,0,0,0,0,0,0,0,104,2026-02-06 20:49:22.296976
SMMR,25.22,25.22,25.29,963.0,2143300.0,1784700.0,25037.0,0,0,0,0,0,0,0,0,0,0,0,0,0,0,0,0,0,0,0,0,0,0,0,0,0,0,0,0,0,0,104,2026-02-06 20:49:22.296976
ATMN,23.96,23.96,24.29,,2156300.0,1953100.0,100.0,0,0,0,0,0,0,0,0,0,0,0,0,0,0,0,0,0,0,0,0,0,0,0,0,0,0,0,0,0,0,104,2026-02-06 20:49:22.296976
WNTR,25.97,25.81,25.88,2082.0,2068400.0,1961600.0,17820.0,0,0,0,0,0,0,0,0,0,0,0,0,0,0,0,0,0,0,0,0,0,0,0,0,0,0,0,0,0,0,104,2026-02-06 20:49:22.296976
SPNG,25.19,24.65,25.19,2135900.0,4639.0,2237000.0,,0,0,0,0,0,0,0,0,0,0,0,0,0,0,0,0,0,0,0,0,0,0,0,0,0,0,0,0,0,0,105,2026-02-06 20:49:23.376596
SMMR,25.37,25.28,25.29,2139500.0,963.0,2029800.0,7646.0,0,0,0,0,0,0,0,0,0,0,0,0,0,0,0,0,0,0,0,0,0,0,0,0,0,0,0,0,0,0,105,2026-02-06 20:49:23.376596
ATMN,23.94,23.98,24.0,2046400.0,927.0,1867300.0,200.0,0,0,0,0,0,0,0,0,0,0,0,0,0,0,0,0,0,0,0,0,0,0,0,0,0,0,0,0,0,0,105,2026-02-06 20:49:23.376596
WNTR,26.1,25.88,25.99,1946000.0,2182.0,1945400.0,17820.0,0,0,0,0,0,0,0,0,0,0,0,0,0,0,0,0,0,0,0,0,0,0,0,0,0,0,0,0,0,0,105,2026-02-06 20:49:23.376596
SPNG,24.65,24.95,25.15,2233400.0,5899.0,100.0,2112600.0,0,0,0,0,0,0,0,0,0,0,0,0,0,0,0,0,0,0,0,0,0,0,0,0,0,0,0,0,0,0,106,2026-02-06 20:49:24.451914
SMMR,25.21,25.28,25.29,2117600.0,7173.0,5337.0,2024000.0,0,0,0,0,0,0,0,0,0,0,0,0,0,0,0,0,0,0,0,0,0,0,0,0,0,0,0,0,0,0,106,2026-02-06 20:49:24.451914
ATMN,24.0,24.0,24.27,2042200.0,7105.0,7010.0,1953100.0,0,0,0,0,0,0,0,0,0,0,0,0,0,0,0,0,0,0,0,0,0,0,0,0,0,0,0,0,0,0,106,2026-02-06 20:49:24.451914
WNTR,26.08,26.03,26.06,2046100.0,1636.0,7484.0,2069900.0,0,0,0,0,0,0,0,0,0,0,0,0,0,0,0,0,0,0,0,0,0,0,0,0,0,0,0,0,0,0,106,2026-02-06 20:49:24.451914
SPNG,24.95,24.95,25.13,2233400.0,5899.0,5920.0,1989800.0,0,0,0,0,0,0,0,0,0,0,0,0,0,0,0,0,0,0,0,0,0,0,0,0,0,0,0,0,0,0,107,2026-02-06 20:49:25.512583
SMMR,25.29,25.38,25.4,1990800.0,14248.0,7075.0,2022900.0,0,0,0,0,0,0,0,0,0,0,0,0,0,0,0,0,0,0,0,0,0,0,0,0,0,0,0,0,0,0,107,2026-02-06 20:49:25.512583
ATMN,24.29,23.93,24.09,2018500.0,3457.0,,2027900.0,0,0,0,0,0,0,0,0,0,0,0,0,0,0,0,0,0,0,0,0,0,0,0,0,0,0,0,0,0,0,107,2026-02-06 20:49:25.512583
WNTR,26.07,25.88,26.01,2059900.0,546.0,7622.0,2065300.0,0,0,0,0,0,0,0,0,0,0,0,0,0,0,0,0,0,0,0,0,0,0,0,0,0,0,0,0,0,0,107,2026-02-06 20:49:25.512583
SPNG,24.46,25.1,25.12,2264700.0,100.0,6495.0,1897500.0,0,0,0,0,0,0,0,0,0,0,0,0,0,0,0,0,0,0,0,0,0,0,0,0,0,0,0,0,0,0,108,2026-02-06 20:49:26.575125
SMMR,25.29,25.38,25.4,1880400.0,18730.0,7270.0,1915200.0,0,0,0,0,0,0,0,0,0,0,0,0,0,0,0,0,0,0,0,0,0,0,0,0,0,0,0,0,0,0,108,2026-02-06 20:49:26.575125
ATMN,24.32,24.12,24.3,1888000.0,5161.0,100.0,1938700.0,0,0,0,0,0,0,0,0,0,0,0,0,0,0,0,0,0,0,0,0,0,0,0,0,0,0,0,0,0,0,108,2026-02-06 20:49:26.575125
WNTR,25.82,25.8,25.82,2032800.0,7135.0,12973.0,1977300.0,0,0,0,0,0,0,0,0,0,0,0,0,0,0,0,0,0,0,0,0,0,0,0,0,0,0,0,0,0,0,108,2026-02-06 20:49:26.575125
SPNG,24.4,24.45,24.8,100.0,2237800.0,1796000.0,6595.0,0,0,0,0,0,0,0,0,0,0,0,0,0,0,0,0,0,0,0,0,0,0,0,0,0,0,0,0,0,0,109,2026-02-06 20:49:27.620370
SMMR,25.37,25.21,25.37,,2251100.0,1885500.0,7270.0,0,0,0,0,0,0,0,0,0,0,0,0,0,0,0,0,0,0,0,0,0,0,0,0,0,0,0,0,0,0,109,2026-02-06 20:49:27.620370
ATMN,24.32,24.4,24.42,5261.0,1787300.0,1945100.0,6719.0,0,0,0,0,0,0,0,0,0,0,0,0,0,0,0,0,0,0,0,0,0,0,0,0,0,0,0,0,0,0,109,2026-02-06 20:49:27.620370
WNTR,26.04,26.04,26.07,12835.0,1896700.0,2193200.0,,0,0,0,0,0,0,0,0,0,0,0,0,0,0,0,0,0,0,0,0,0,0,0,0,0,0,0,0,0,0,109,2026-02-06 20:49:27.620370
SPNG,24.4,24.71,24.8,2375500.0,2201100.0,,,0,0,0,0,0,0,0,0,0,0,0,0,0,0,0,0,0,0,0,0,0,0,0,0,0,0,0,0,0,0,110,2026-02-06 20:49:28.663524
SMMR,25.37,25.35,25.36,2154100.0,2011000.0,6773.0,5079.0,0,0,0,0,0,0,0,0,0,0,0,0,0,0,0,0,0,0,0,0,0,0,0,0,0,0,0,0,0,0,110,2026-02-06 20:49:28.663524
ATMN,24.3,24.3,24.42,2015100.0,2032500.0,6619.0,,0,0,0,0,0,0,0,0,0,0,0,0,0,0,0,0,0,0,0,0,0,0,0,0,0,0,0,0,0,0,110,2026-02-06 20:49:28.663524
WNTR,26.07,26.06,26.07,2083200.0,2197800.0,,,0,0,0,0,0,0,0,0,0,0,0,0,0,0,0,0,0,0,0,0,0,0,0,0,0,0,0,0,0,0,110,2026-02-06 20:49:28.663524
SPNG,24.8,25.15,25.19,2357100.0,2208000.0,,,0,0,0,0,0,0,0,0,0,0,0,0,0,0,0,0,0,0,0,0,0,0,0,0,0,0,0,0,0,0,111,2026-02-06 20:49:29.211580
SMMR,25.34,25.34,25.36,2275400.0,2011000.0,5079.0,,0,0,0,0,0,0,0,0,0,0,0,0,0,0,0,0,0,0,0,0,0,0,0,0,0,0,0,0,0,0,111,2026-02-06 20:49:29.211580
ATMN,23.92,23.92,24.42,2018500.0,2039300.0,,6619.0,0,0,0,0,0,0,0,0,0,0,0,0,0,0,0,0,0,0,0,0,0,0,0,0,0,0,0,0,0,0,111,2026-02-06 20:49:29.211580
WNTR,26.04,26.04,26.07,2084100.0,2197800.0,,,0,0,0,0,0,0,0,0,0,0,0,0,0,0,0,0,0,0,0,0,0,0,0,0,0,0,0,0,0,0,111,2026-02-06 20:49:29.211580
SPNG,24.61,24.61,24.91,2334400.0,2093400.0,6367.0,,0,0,0,0,0,0,0,0,0,0,0,0,0,0,0,0,0,0,0,0,0,0,0,0,0,0,0,0,0,0,112,2026-02-06 20:49:30.301047
SMMR,25.4,25.22,25.4,2125800.0,2130100.0,,6566.0,0,0,0,0,0,0,0,0,0,0,0,0,0,0,0,0,0,0,0,0,0,0,0,0,0,0,0,0,0,0,112,2026-02-06 20:49:30.301047
ATMN,23.89,23.89,24.38,2123000.0,1950300.0,6519.0,,0,0,0,0,0,0,0,0,0,0,0,0,0,0,0,0,0,0,0,0,0,0,0,0,0,0,0,0,0,0,112,2026-02-06 20:49:30.301047
WNTR,26.14,26.05,26.14,1975500.0,2149100.0,,6822.0,0,0,0,0,0,0,0,0,0,0,0,0,0,0,0,0,0,0,0,0,0,0,0,0,0,0,0,0,0,0,112,2026-02-06 20:49:30.301047
SPNG,24.61,24.73,24.9,100.0,2184700.0,11068.0,2001100.0,0,0,0,0,0,0,0,0,0,0,0,0,0,0,0,0,0,0,0,0,0,0,0,0,0,0,0,0,0,0,113,2026-02-06 20:49:31.382555
SMMR,25.17,25.19,25.39,4044.0,2154000.0,7841.0,2009800.0,0,0,0,0,0,0,0,0,0,0,0,0,0,0,0,0,0,0,0,0,0,0,0,0,0,0,0,0,0,0,113,2026-02-06 20:49:31.382555
ATMN,23.89,23.92,23.97,,2131100.0,13835.0,1874200.0,0,0,0,0,0,0,0,0,0,0,0,0,0,0,0,0,0,0,0,0,0,0,0,0,0,0,0,0,0,0,113,2026-02-06 20:49:31.382555
WNTR,25.98,26.0,26.06,4136.0,1988100.0,553.0,2053000.0,0,0,0,0,0,0,0,0,0,0,0,0,0,0,0,0,0,0,0,0,0,0,0,0,0,0,0,0,0,0,113,2026-02-06 20:49:31.382555
SPNG,24.56,24.6,24.89,2317800.0,11168.0,1916900.0,,0,0,0,0,0,0,0,0,0,0,0,0,0,0,0,0,0,0,0,0,0,0,0,0,0,0,0,0,0,0,114,2026-02-06 20:49:32.501972
SMMR,25.38,25.19,25.3,2154000.0,7841.0,2024300.0,4044.0,0,0,0,0,0,0,0,0,0,0,0,0,0,0,0,0,0,0,0,0,0,0,0,0,0,0,0,0,0,0,114,2026-02-06 20:49:32.501972
ATMN,23.92,23.92,24.31,2131100.0,13835.0,1855700.0,,0,0,0,0,0,0,0,0,0,0,0,0,0,0,0,0,0,0,0,0,0,0,0,0,0,0,0,0,0,0,114,2026-02-06 20:49:32.501972
WNTR,26.14,26.07,26.14,1991100.0,,2142600.0,4136.0,0,0,0,0,0,0,0,0,0,0,0,0,0,0,0,0,0,0,0,0,0,0,0,0,0,0,0,0,0,0,114,2026-02-06 20:49:32.501972
SPNG,24.72,24.72,24.91,2324300.0,2214100.0,0,0,0,0,0,0,0,0,0,0,0,0,0,0,0,0,0,0,0,0,0,0,0,0,0,0,0,0,0,0,0,0,115,2026-02-06 20:49:33.603357
SMMR,25.41,25.17,25.41,2256000.0,2119500.0,0,0,0,0,0,0,0,0,0,0,0,0,0,0,0,0,0,0,0,0,0,0,0,0,0,0,0,0,0,0,0,0,115,2026-02-06 20:49:33.603357
ATMN,23.95,23.92,23.95,2127000.0,2049800.0,0,0,0,0,0,0,0,0,0,0,0,0,0,0,0,0,0,0,0,0,0,0,0,0,0,0,0,0,0,0,0,0,115,2026-02-06 20:49:33.603357
WNTR,26.01,26.13,26.14,2096200.0,2142600.0,0,0,0,0,0,0,0,0,0,0,0,0,0,0,0,0,0,0,0,0,0,0,0,0,0,0,0,0,0,0,0,0,115,2026-02-06 20:49:33.603357
SPNG,24.91,24.72,24.83,2299600.0,1104.0,2153700.0,,0,0,0,0,0,0,0,0,0,0,0,0,0,0,0,0,0,0,0,0,0,0,0,0,0,0,0,0,0,0,116,2026-02-06 20:49:34.666992
SMMR,25.41,25.26,25.33,2094800.0,,2124400.0,1710.0,0,0,0,0,0,0,0,0,0,0,0,0,0,0,0,0,0,0,0,0,0,0,0,0,0,0,0,0,0,0,116,2026-02-06 20:49:34.666992
ATMN,23.95,24.41,24.42,2007000.0,,2041600.0,1249.0,0,0,0,0,0,0,0,0,0,0,0,0,0,0,0,0,0,0,0,0,0,0,0,0,0,0,0,0,0,0,116,2026-02-06 20:49:34.666992
WNTR,26.16,26.13,26.16,2119900.0,,2134100.0,,0,0,0,0,0,0,0,0,0,0,0,0,0,0,0,0,0,0,0,0,0,0,0,0,0,0,0,0,0,0,116,2026-02-06 20:49:34.666992
SPNG,25.05,24.72,25.05,2299600.0,2273800.0,,0,0,0,0,0,0,0,0,0,0,0,0,0,0,0,0,0,0,0,0,0,0,0,0,0,0,0,0,0,0,0,117,2026-02-06 20:49:35.221718
SMMR,25.41,25.26,25.33,2089600.0,2098500.0,1710.0,0,0,0,0,0,0,0,0,0,0,0,0,0,0,0,0,0,0,0,0,0,0,0,0,0,0,0,0,0,0,0,117,2026-02-06 20:49:35.221718
ATMN,24.41,24.41,24.42,2007000.0,2039700.0,1249.0,0,0,0,0,0,0,0,0,0,0,0,0,0,0,0,0,0,0,0,0,0,0,0,0,0,0,0,0,0,0,0,117,2026-02-06 20:49:35.221718
WNTR,26.19,26.14,26.19,2027700.0,2120100.0,2869.0,0,0,0,0,0,0,0,0,0,0,0,0,0,0,0,0,0,0,0,0,0,0,0,0,0,0,0,0,0,0,0,117,2026-02-06 20:49:35.221718
SPNG,24.72,24.72,24.86,2271800.0,2294100.0,0,0,0,0,0,0,0,0,0,0,0,0,0,0,0,0,0,0,0,0,0,0,0,0,0,0,0,0,0,0,0,0,118,2026-02-06 20:49:36.318251
SMMR,25.33,25.28,25.33,2168100.0,2098500.0,0,0,0,0,0,0,0,0,0,0,0,0,0,0,0,0,0,0,0,0,0,0,0,0,0,0,0,0,0,0,0,0,118,2026-02-06 20:49:36.318251
ATMN,23.89,23.89,24.05,2111000.0,2057400.0,0,0,0,0,0,0,0,0,0,0,0,0,0,0,0,0,0,0,0,0,0,0,0,0,0,0,0,0,0,0,0,0,118,2026-02-06 20:49:36.318251
WNTR,26.13,26.05,26.12,2129700.0,2133200.0,0,0,0,0,0,0,0,0,0,0,0,0,0,0,0,0,0,0,0,0,0,0,0,0,0,0,0,0,0,0,0,0,118,2026-02-06 20:49:36.318251
SPNG,25.07,24.62,25.07,2251200.0,2276000.0,0,0,0,0,0,0,0,0,0,0,0,0,0,0,0,0,0,0,0,0,0,0,0,0,0,0,0,0,0,0,0,0,119,2026-02-06 20:49:37.381629
SMMR,25.33,25.28,25.33,2167300.0,2093200.0,0,0,0,0,0,0,0,0,0,0,0,0,0,0,0,0,0,0,0,0,0,0,0,0,0,0,0,0,0,0,0,0,119,2026-02-06 20:49:37.381629
ATMN,24.07,23.89,24.02,2111000.0,2067800.0,0,0,0,0,0,0,0,0,0,0,0,0,0,0,0,0,0,0,0,0,0,0,0,0,0,0,0,0,0,0,0,0,119,2026-02-06 20:49:37.381629
WNTR,26.05,26.05,26.13,2129700.0,2133500.0,0,0,0,0,0,0,0,0,0,0,0,0,0,0,0,0,0,0,0,0,0,0,0,0,0,0,0,0,0,0,0,0,119,2026-02-06 20:49:37.381629
SPNG,24.96,25.1,0.0,200000.0,0,0,0,0,0,0,0,0,0,0,0,0,0,0,0,0,0,0,0,0,0,0,0,0,0,0,0,0,0,0,0,0,0,120,2026-02-06 20:49:38.459323
SMMR,25.28,26.48,0.0,200000.0,0,0,0,0,0,0,0,0,0,0,0,0,0,0,0,0,0,0,0,0,0,0,0,0,0,0,0,0,0,0,0,0,0,120,2026-02-06 20:49:38.459323
ATMN,24.07,26.86,0.0,200000.0,0,0,0,0,0,0,0,0,0,0,0,0,0,0,0,0,0,0,0,0,0,0,0,0,0,0,0,0,0,0,0,0,0,120,2026-02-06 20:49:38.459323
WNTR,26.04,24.34,0.0,200000.0,0,0,0,0,0,0,0,0,0,0,0,0,0,0,0,0,0,0,0,0,0,0,0,0,0,0,0,0,0,0,0,0,0,120,2026-02-06 20:49:38.459323
SPNG,25.1,25.1,25.62,962600.0,873700.0,0,0,0,0,0,0,0,0,0,0,0,0,0,0,0,0,0,0,0,0,0,0,0,0,0,0,0,0,0,0,0,0,121,2026-02-06 20:49:39.498061
SMMR,26.48,25.99,26.17,988000.0,728600.0,0,0,0,0,0,0,0,0,0,0,0,0,0,0,0,0,0,0,0,0,0,0,0,0,0,0,0,0,0,0,0,0,121,2026-02-06 20:49:39.498061
ATMN,25.66,26.25,26.5,939600.0,719400.0,0,0,0,0,0,0,0,0,0,0,0,0,0,0,0,0,0,0,0,0,0,0,0,0,0,0,0,0,0,0,0,0,121,2026-02-06 20:49:39.498061
WNTR,24.34,24.34,24.66,948600.0,1090200.0,0,0,0,0,0,0,0,0,0,0,0,0,0,0,0,0,0,0,0,0,0,0,0,0,0,0,0,0,0,0,0,0,121,2026-02-06 20:49:39.498061
SPNG,24.99,24.25,24.89,1141700.0,1187500.0,5133.0,,0,0,0,0,0,0,0,0,0,0,0,0,0,0,0,0,0,0,0,0,0,0,0,0,0,0,0,0,0,0,122,2026-02-06 20:49:40.546283
SMMR,26.17,26.0,26.17,1261400.0,728600.0,,4570.0,0,0,0,0,0,0,0,0,0,0,0,0,0,0,0,0,0,0,0,0,0,0,0,0,0,0,0,0,0,0,122,2026-02-06 20:49:40.546283
ATMN,25.66,26.32,26.48,1344500.0,719400.0,4466.0,4466.0,0,0,0,0,0,0,0,0,0,0,0,0,0,0,0,0,0,0,0,0,0,0,0,0,0,0,0,0,0,0,122,2026-02-06 20:49:40.546283
WNTR,24.34,23.72,24.28,1150200.0,1199600.0,4675.0,,0,0,0,0,0,0,0,0,0,0,0,0,0,0,0,0,0,0,0,0,0,0,0,0,0,0,0,0,0,0,122,2026-02-06 20:49:40.546283
SPNG,24.89,24.4,24.89,1466100.0,1187500.0,9290.0,,0,0,0,0,0,0,0,0,0,0,0,0,0,0,0,0,0,0,0,0,0,0,0,0,0,0,0,0,0,0,123,2026-02-06 20:49:41.592436
SMMR,26.62,26.37,26.62,1492900.0,700600.0,,6106.0,0,0,0,0,0,0,0,0,0,0,0,0,0,0,0,0,0,0,0,0,0,0,0,0,0,0,0,0,0,0,123,2026-02-06 20:49:41.592436
ATMN,26.5,26.56,26.7,1515000.0,708200.0,,4566.0,0,0,0,0,0,0,0,0,0,0,0,0,0,0,0,0,0,0,0,0,0,0,0,0,0,0,0,0,0,0,123,2026-02-06 20:49:41.592436
WNTR,24.34,24.0,24.18,1537500.0,1199600.0,6211.0,,0,0,0,0,0,0,0,0,0,0,0,0,0,0,0,0,0,0,0,0,0,0,0,0,0,0,0,0,0,0,123,2026-02-06 20:49:41.592436
SPNG,24.89,24.64,24.89,1985600.0,1187500.0,0,0,0,0,0,0,0,0,0,0,0,0,0,0,0,0,0,0,0,0,0,0,0,0,0,0,0,0,0,0,0,0,124,2026-02-06 20:49:42.662943
SMMR,26.37,26.37,26.49,1601700.0,896300.0,0,0,0,0,0,0,0,0,0,0,0,0,0,0,0,0,0,0,0,0,0,0,0,0,0,0,0,0,0,0,0,0,124,2026-02-06 20:49:42.662943
ATMN,27.4,26.56,26.99,1515000.0,898800.0,0,0,0,0,0,0,0,0,0,0,0,0,0,0,0,0,0,0,0,0,0,0,0,0,0,0,0,0,0,0,0,0,124,2026-02-06 20:49:42.662943
WNTR,24.28,24.29,24.49,1744700.0,1320300.0,0,0,0,0,0,0,0,0,0,0,0,0,0,0,0,0,0,0,0,0,0,0,0,0,0,0,0,0,0,0,0,0,124,2026-02-06 20:49:42.662943
SPNG,24.89,24.64,24.89,2435200.0,1187500.0,0,0,0,0,0,0,0,0,0,0,0,0,0,0,0,0,0,0,0,0,0,0,0,0,0,0,0,0,0,0,0,0,125,2026-02-06 20:49:43.706924
SMMR,26.27,26.27,26.49,1585000.0,1012800.0,0,0,0,0,0,0,0,0,0,0,0,0,0,0,0,0,0,0,0,0,0,0,0,0,0,0,0,0,0,0,0,0,125,2026-02-06 20:49:43.706924
ATMN,26.94,26.56,26.94,1515000.0,1071400.0,0,0,0,0,0,0,0,0,0,0,0,0,0,0,0,0,0,0,0,0,0,0,0,0,0,0,0,0,0,0,0,0,125,2026-02-06 20:49:43.706924
WNTR,24.0,24.2,24.49,1759600.0,1445600.0,0,0,0,0,0,0,0,0,0,0,0,0,0,0,0,0,0,0,0,0,0,0,0,0,0,0,0,0,0,0,0,0,125,2026-02-06 20:49:43.706924
SPNG,25.15,25.06,25.15,2560600.0,1064900.0,,,0,0,0,0,0,0,0,0,0,0,0,0,0,0,0,0,0,0,0,0,0,0,0,0,0,0,0,0,0,0,126,2026-02-06 20:49:44.752889
SMMR,26.47,26.47,26.49,1864700.0,1012800.0,6648.0,,0,0,0,0,0,0,0,0,0,0,0,0,0,0,0,0,0,0,0,0,0,0,0,0,0,0,0,0,0,0,126,2026-02-06 20:49:44.752889
ATMN,26.94,26.56,26.62,1721100.0,1179500.0,6496.0,6496.0,0,0,0,0,0,0,0,0,0,0,0,0,0,0,0,0,0,0,0,0,0,0,0,0,0,0,0,0,0,0,126,2026-02-06 20:49:44.752889
WNTR,24.2,24.01,24.06,1749800.0,1702600.0,6800.0,6800.0,0,0,0,0,0,0,0,0,0,0,0,0,0,0,0,0,0,0,0,0,0,0,0,0,0,0,0,0,0,0,126,2026-02-06 20:49:44.752889
SPNG,25.19,25.06,25.11,2560600.0,1096700.0,7466.0,,0,0,0,0,0,0,0,0,0,0,0,0,0,0,0,0,0,0,0,0,0,0,0,0,0,0,0,0,0,0,127,2026-02-06 20:49:45.307725
SMMR,26.47,26.47,26.49,1968500.0,1121000.0,,6648.0,0,0,0,0,0,0,0,0,0,0,0,0,0,0,0,0,0,0,0,0,0,0,0,0,0,0,0,0,0,0,127,2026-02-06 20:49:45.307725
ATMN,26.62,26.87,26.94,1799200.0,1071400.0,,6496.0,0,0,0,0,0,0,0,0,0,0,0,0,0,0,0,0,0,0,0,0,0,0,0,0,0,0,0,0,0,0,127,2026-02-06 20:49:45.307725
WNTR,24.06,24.16,24.28,2011000.0,1566100.0,,6800.0,0,0,0,0,0,0,0,0,0,0,0,0,0,0,0,0,0,0,0,0,0,0,0,0,0,0,0,0,0,0,127,2026-02-06 20:49:45.307725
SPNG,25.32,25.32,25.37,2443100.0,1300000.0,7466.0,,0,0,0,0,0,0,0,0,0,0,0,0,0,0,0,0,0,0,0,0,0,0,0,0,0,0,0,0,0,0,128,2026-02-06 20:49:46.363814
SMMR,26.62,26.5,26.56,1873900.0,1013700.0,,14241.0,0,0,0,0,0,0,0,0,0,0,0,0,0,0,0,0,0,0,0,0,0,0,0,0,0,0,0,0,0,0,128,2026-02-06 20:49:46.363814
ATMN,26.62,26.91,26.94,1799200.0,1431200.0,958.0,12138.0,0,0,0,0,0,0,0,0,0,0,0,0,0,0,0,0,0,0,0,0,0,0,0,0,0,0,0,0,0,0,128,2026-02-06 20:49:46.363814
WNTR,24.28,24.17,24.28,2270600.0,1566100.0,,14025.0,0,0,0,0,0,0,0,0,0,0,0,0,0,0,0,0,0,0,0,0,0,0,0,0,0,0,0,0,0,0,128,2026-02-06 20:49:46.363814
SPNG,25.32,25.32,25.37,2309200.0,100.0,1608300.0,7466.0,0,0,0,0,0,0,0,0,0,0,0,0,0,0,0,0,0,0,0,0,0,0,0,0,0,0,0,0,0,0,129,2026-02-06 20:49:47.459023
SMMR,26.52,26.52,26.56,1881600.0,6748.0,1124700.0,1683.0,0,0,0,0,0,0,0,0,0,0,0,0,0,0,0,0,0,0,0,0,0,0,0,0,0,0,0,0,0,0,129,2026-02-06 20:49:47.459023
ATMN,26.94,26.91,26.94,1799200.0,12138.0,1713000.0,958.0,0,0,0,0,0,0,0,0,0,0,0,0,0,0,0,0,0,0,0,0,0,0,0,0,0,0,0,0,0,0,129,2026-02-06 20:49:47.459023
WNTR,24.19,24.26,24.27,1975900.0,19911.0,1672900.0,2553.0,0,0,0,0,0,0,0,0,0,0,0,0,0,0,0,0,0,0,0,0,0,0,0,0,0,0,0,0,0,0,129,2026-02-06 20:49:47.459023
SPNG,24.81,24.85,25.4,2550600.0,1611900.0,,0,0,0,0,0,0,0,0,0,0,0,0,0,0,0,0,0,0,0,0,0,0,0,0,0,0,0,0,0,0,0,130,2026-02-06 20:49:48.526509
SMMR,26.27,26.27,26.56,1777800.0,1322500.0,,0,0,0,0,0,0,0,0,0,0,0,0,0,0,0,0,0,0,0,0,0,0,0,0,0,0,0,0,0,0,0,130,2026-02-06 20:49:48.526509
ATMN,26.94,26.87,26.94,1881000.0,1814700.0,,0,0,0,0,0,0,0,0,0,0,0,0,0,0,0,0,0,0,0,0,0,0,0,0,0,0,0,0,0,0,0,130,2026-02-06 20:49:48.526509
WNTR,24.27,24.26,24.27,2371100.0,1685300.0,1049.0,0,0,0,0,0,0,0,0,0,0,0,0,0,0,0,0,0,0,0,0,0,0,0,0,0,0,0,0,0,0,0,130,2026-02-06 20:49:48.526509
SPNG,24.81,25.31,25.4,2446200.0,1855600.0,,,0,0,0,0,0,0,0,0,0,0,0,0,0,0,0,0,0,0,0,0,0,0,0,0,0,0,0,0,0,0,131,2026-02-06 20:49:49.600701
SMMR,26.34,26.44,26.53,2008100.0,1410900.0,5837.0,16931.0,0,0,0,0,0,0,0,0,0,0,0,0,0,0,0,0,0,0,0,0,0,0,0,0,0,0,0,0,0,0,131,2026-02-06 20:49:49.600701
ATMN,26.56,26.56,26.74,1802900.0,1841400.0,,,0,0,0,0,0,0,0,0,0,0,0,0,0,0,0,0,0,0,0,0,0,0,0,0,0,0,0,0,0,0,131,2026-02-06 20:49:49.600701
WNTR,24.26,24.26,24.3,2474300.0,1552400.0,,3569.0,0,0,0,0,0,0,0,0,0,0,0,0,0,0,0,0,0,0,0,0,0,0,0,0,0,0,0,0,0,0,131,2026-02-06 20:49:49.600701
SPNG,24.64,24.64,25.36,2435200.0,5000.0,2028000.0,,0,0,0,0,0,0,0,0,0,0,0,0,0,0,0,0,0,0,0,0,0,0,0,0,0,0,0,0,0,0,132,2026-02-06 20:49:50.655573
SMMR,26.44,26.37,26.39,1925500.0,17031.0,1626700.0,6323.0,0,0,0,0,0,0,0,0,0,0,0,0,0,0,0,0,0,0,0,0,0,0,0,0,0,0,0,0,0,0,132,2026-02-06 20:49:50.655573
ATMN,26.47,26.47,26.71,1925800.0,1008.0,1762400.0,,0,0,0,0,0,0,0,0,0,0,0,0,0,0,0,0,0,0,0,0,0,0,0,0,0,0,0,0,0,0,132,2026-02-06 20:49:50.655573
WNTR,24.3,24.35,24.44,2360100.0,,1660800.0,4922.0,0,0,0,0,0,0,0,0,0,0,0,0,0,0,0,0,0,0,0,0,0,0,0,0,0,0,0,0,0,0,132,2026-02-06 20:49:50.655573
SPNG,25.42,24.89,25.42,2443000.0,2010900.0,,,0,0,0,0,0,0,0,0,0,0,0,0,0,0,0,0,0,0,0,0,0,0,0,0,0,0,0,0,0,0,133,2026-02-06 20:49:51.722706
SMMR,26.44,26.46,26.51,1808500.0,1508600.0,7883.0,18117.0,0,0,0,0,0,0,0,0,0,0,0,0,0,0,0,0,0,0,0,0,0,0,0,0,0,0,0,0,0,0,133,2026-02-06 20:49:51.722706
ATMN,26.78,26.64,26.78,1925800.0,1857900.0,100.0,,0,0,0,0,0,0,0,0,0,0,0,0,0,0,0,0,0,0,0,0,0,0,0,0,0,0,0,0,0,0,133,2026-02-06 20:49:51.722706
WNTR,24.49,24.08,24.49,2143000.0,1552400.0,9805.0,,0,0,0,0,0,0,0,0,0,0,0,0,0,0,0,0,0,0,0,0,0,0,0,0,0,0,0,0,0,0,133,2026-02-06 20:49:51.722706
SPNG,24.89,24.9,25.29,1375.0,2122300.0,200.0,1924700.0,0,0,0,0,0,0,0,0,0,0,0,0,0,0,0,0,0,0,0,0,0,0,0,0,0,0,0,0,0,0,134,2026-02-06 20:49:52.787409
SMMR,26.44,26.44,26.51,6323.0,1906200.0,18117.0,1624300.0,0,0,0,0,0,0,0,0,0,0,0,0,0,0,0,0,0,0,0,0,0,0,0,0,0,0,0,0,0,0,134,2026-02-06 20:49:52.787409
ATMN,26.64,26.48,26.61,100.0,1902600.0,15868.0,1748700.0,0,0,0,0,0,0,0,0,0,0,0,0,0,0,0,0,0,0,0,0,0,0,0,0,0,0,0,0,0,0,134,2026-02-06 20:49:52.787409
WNTR,24.42,24.46,24.49,14805.0,2266200.0,,1646200.0,0,0,0,0,0,0,0,0,0,0,0,0,0,0,0,0,0,0,0,0,0,0,0,0,0,0,0,0,0,0,134,2026-02-06 20:49:52.787409
SPNG,25.44,24.98,25.44,2117000.0,1375.0,1885100.0,,0,0,0,0,0,0,0,0,0,0,0,0,0,0,0,0,0,0,0,0,0,0,0,0,0,0,0,0,0,0,135,2026-02-06 20:49:53.350985
SMMR,26.44,26.44,26.51,1918100.0,6323.0,1633300.0,18117.0,0,0,0,0,0,0,0,0,0,0,0,0,0,0,0,0,0,0,0,0,0,0,0,0,0,0,0,0,0,0,135,2026-02-06 20:49:53.350985
ATMN,26.62,26.56,26.62,1860300.0,100.0,1844600.0,9368.0,0,0,0,0,0,0,0,0,0,0,0,0,0,0,0,0,0,0,0,0,0,0,0,0,0,0,0,0,0,0,135,2026-02-06 20:49:53.350985
WNTR,24.52,24.46,24.52,2266200.0,14805.0,1675300.0,,0,0,0,0,0,0,0,0,0,0,0,0,0,0,0,0,0,0,0,0,0,0,0,0,0,0,0,0,0,0,135,2026-02-06 20:49:53.350985
SPNG,25.44,24.98,25.44,2365100.0,1885100.0,,,0,0,0,0,0,0,0,0,0,0,0,0,0,0,0,0,0,0,0,0,0,0,0,0,0,0,0,0,0,0,136,2026-02-06 20:49:54.448101
SMMR,26.42,26.43,26.46,2027400.0,1827400.0,6323.0,1560.0,0,0,0,0,0,0,0,0,0,0,0,0,0,0,0,0,0,0,0,0,0,0,0,0,0,0,0,0,0,0,136,2026-02-06 20:49:54.448101
ATMN,26.69,26.57,26.66,1814000.0,1904700.0,2320.0,,0,0,0,0,0,0,0,0,0,0,0,0,0,0,0,0,0,0,0,0,0,0,0,0,0,0,0,0,0,0,136,2026-02-06 20:49:54.448101
WNTR,24.42,24.34,24.35,2254200.0,1885200.0,,,0,0,0,0,0,0,0,0,0,0,0,0,0,0,0,0,0,0,0,0,0,0,0,0,0,0,0,0,0,0,136,2026-02-06 20:49:54.448101
SPNG,25.4,25.01,25.28,100.0,2242200.0,2009200.0,7913.0,0,0,0,0,0,0,0,0,0,0,0,0,0,0,0,0,0,0,0,0,0,0,0,0,0,0,0,0,0,0,137,2026-02-06 20:49:55.498212
SMMR,26.56,26.45,26.54,15724.0,1897500.0,1821400.0,8666.0,0,0,0,0,0,0,0,0,0,0,0,0,0,0,0,0,0,0,0,0,0,0,0,0,0,0,0,0,0,0,137,2026-02-06 20:49:55.498212
ATMN,26.51,26.51,26.66,,1936900.0,1904700.0,,0,0,0,0,0,0,0,0,0,0,0,0,0,0,0,0,0,0,0,0,0,0,0,0,0,0,0,0,0,0,137,2026-02-06 20:49:55.498212
WNTR,24.35,24.38,24.52,9667.0,2291600.0,1896700.0,,0,0,0,0,0,0,0,0,0,0,0,0,0,0,0,0,0,0,0,0,0,0,0,0,0,0,0,0,0,0,137,2026-02-06 20:49:55.498212
SPNG,24.98,24.98,25.26,2330500.0,8013.0,1938400.0,,0,0,0,0,0,0,0,0,0,0,0,0,0,0,0,0,0,0,0,0,0,0,0,0,0,0,0,0,0,0,138,2026-02-06 20:49:56.545566
SMMR,26.28,26.28,26.29,1999500.0,8666.0,1813300.0,100.0,0,0,0,0,0,0,0,0,0,0,0,0,0,0,0,0,0,0,0,0,0,0,0,0,0,0,0,0,0,0,138,2026-02-06 20:49:56.545566
ATMN,26.47,26.47,26.99,1949200.0,,1823400.0,,0,0,0,0,0,0,0,0,0,0,0,0,0,0,0,0,0,0,0,0,0,0,0,0,0,0,0,0,0,0,138,2026-02-06 20:49:56.545566
WNTR,24.46,24.46,24.52,2191400.0,,1896700.0,19667.0,0,0,0,0,0,0,0,0,0,0,0,0,0,0,0,0,0,0,0,0,0,0,0,0,0,0,0,0,0,0,138,2026-02-06 20:49:56.545566
SPNG,25.53,24.98,25.53,2310200.0,1868800.0,,,0,0,0,0,0,0,0,0,0,0,0,0,0,0,0,0,0,0,0,0,0,0,0,0,0,0,0,0,0,0,139,2026-02-06 20:49:57.592174
SMMR,26.29,26.47,26.52,1883100.0,1750600.0,9394.0,14473.0,0,0,0,0,0,0,0,0,0,0,0,0,0,0,0,0,0,0,0,0,0,0,0,0,0,0,0,0,0,0,139,2026-02-06 20:49:57.592174
ATMN,26.47,26.42,26.43,1939900.0,1767900.0,,6852.0,0,0,0,0,0,0,0,0,0,0,0,0,0,0,0,0,0,0,0,0,0,0,0,0,0,0,0,0,0,0,139,2026-02-06 20:49:57.592174
WNTR,24.55,24.43,24.55,2304100.0,1899100.0,9667.0,,0,0,0,0,0,0,0,0,0,0,0,0,0,0,0,0,0,0,0,0,0,0,0,0,0,0,0,0,0,0,139,2026-02-06 20:49:57.592174
SPNG,25.08,24.9,25.08,2308500.0,2003100.0,,0,0,0,0,0,0,0,0,0,0,0,0,0,0,0,0,0,0,0,0,0,0,0,0,0,0,0,0,0,0,0,140,2026-02-06 20:49:58.661068
SMMR,26.56,26.51,26.55,2012800.0,1942500.0,10000.0,0,0,0,0,0,0,0,0,0,0,0,0,0,0,0,0,0,0,0,0,0,0,0,0,0,0,0,0,0,0,0,140,2026-02-06 20:49:58.661068
ATMN,26.42,26.42,26.86,1939900.0,1848700.0,,0,0,0,0,0,0,0,0,0,0,0,0,0,0,0,0,0,0,0,0,0,0,0,0,0,0,0,0,0,0,0,140,2026-02-06 20:49:58.661068
WNTR,24.4,24.4,24.58,2430000.0,1779200.0,,0,0,0,0,0,0,0,0,0,0,0,0,0,0,0,0,0,0,0,0,0,0,0,0,0,0,0,0,0,0,0,140,2026-02-06 20:49:58.661068
SPNG,25.53,25.02,25.53,100.0,2219200.0,1768800.0,,0,0,0,0,0,0,0,0,0,0,0,0,0,0,0,0,0,0,0,0,0,0,0,0,0,0,0,0,0,0,141,2026-02-06 20:49:59.764277
SMMR,26.28,26.3,26.48,9179.0,1999500.0,1873100.0,9179.0,0,0,0,0,0,0,0,0,0,0,0,0,0,0,0,0,0,0,0,0,0,0,0,0,0,0,0,0,0,0,141,2026-02-06 20:49:59.764277
ATMN,26.48,26.48,26.83,4115.0,1775700.0,1772000.0,100.0,0,0,0,0,0,0,0,0,0,0,0,0,0,0,0,0,0,0,0,0,0,0,0,0,0,0,0,0,0,0,141,2026-02-06 20:49:59.764277
WNTR,24.65,24.42,24.65,19336.0,2189300.0,1866700.0,854.0,0,0,0,0,0,0,0,0,0,0,0,0,0,0,0,0,0,0,0,0,0,0,0,0,0,0,0,0,0,0,141,2026-02-06 20:49:59.764277
SPNG,25.48,25.48,25.6,2002900.0,2061.0,1752300.0,,0,0,0,0,0,0,0,0,0,0,0,0,0,0,0,0,0,0,0,0,0,0,0,0,0,0,0,0,0,0,142,2026-02-06 20:50:00.863458
SMMR,26.5,26.48,26.5,1995700.0,9179.0,1873100.0,821.0,0,0,0,0,0,0,0,0,0,0,0,0,0,0,0,0,0,0,0,0,0,0,0,0,0,0,0,0,0,0,142,2026-02-06 20:50:00.863458
ATMN,26.59,26.48,26.58,1780900.0,4115.0,1616500.0,11427.0,0,0,0,0,0,0,0,0,0,0,0,0,0,0,0,0,0,0,0,0,0,0,0,0,0,0,0,0,0,0,142,2026-02-06 20:50:00.863458
WNTR,24.55,24.59,24.65,2073800.0,25146.0,1866700.0,854.0,0,0,0,0,0,0,0,0,0,0,0,0,0,0,0,0,0,0,0,0,0,0,0,0,0,0,0,0,0,0,142,2026-02-06 20:50:00.863458
SPNG,25.48,25.25,25.3,1976800.0,2061.0,1859800.0,,0,0,0,0,0,0,0,0,0,0,0,0,0,0,0,0,0,0,0,0,0,0,0,0,0,0,0,0,0,0,143,2026-02-06 20:50:01.424721
SMMR,26.5,26.48,26.5,1969100.0,9179.0,1873100.0,821.0,0,0,0,0,0,0,0,0,0,0,0,0,0,0,0,0,0,0,0,0,0,0,0,0,0,0,0,0,0,0,143,2026-02-06 20:50:01.424721
ATMN,26.99,26.48,26.99,1780900.0,4115.0,1824600.0,,0,0,0,0,0,0,0,0,0,0,0,0,0,0,0,0,0,0,0,0,0,0,0,0,0,0,0,0,0,0,143,2026-02-06 20:50:01.424721
WNTR,24.55,24.59,24.64,2073800.0,25146.0,2067800.0,854.0,0,0,0,0,0,0,0,0,0,0,0,0,0,0,0,0,0,0,0,0,0,0,0,0,0,0,0,0,0,0,143,2026-02-06 20:50:01.424721
SPNG,25.6,25.25,25.6,100.0,2219200.0,1885100.0,,0,0,0,0,0,0,0,0,0,0,0,0,0,0,0,0,0,0,0,0,0,0,0,0,0,0,0,0,0,0,144,2026-02-06 20:50:02.473809
SMMR,26.48,26.48,26.5,19179.0,1862700.0,1803300.0,3280.0,0,0,0,0,0,0,0,0,0,0,0,0,0,0,0,0,0,0,0,0,0,0,0,0,0,0,0,0,0,0,144,2026-02-06 20:50:02.473809
ATMN,26.99,26.85,26.95,6971.0,1627000.0,1785000.0,100.0,0,0,0,0,0,0,0,0,0,0,0,0,0,0,0,0,0,0,0,0,0,0,0,0,0,0,0,0,0,0,144,2026-02-06 20:50:02.473809
WNTR,24.55,24.59,24.64,25146.0,2084900.0,2101000.0,854.0,0,0,0,0,0,0,0,0,0,0,0,0,0,0,0,0,0,0,0,0,0,0,0,0,0,0,0,0,0,0,144,2026-02-06 20:50:02.473809
SPNG,25.02,25.14,25.57,2351900.0,100.0,2000700.0,,0,0,0,0,0,0,0,0,0,0,0,0,0,0,0,0,0,0,0,0,0,0,0,0,0,0,0,0,0,0,145,2026-02-06 20:50:03.515199
SMMR,26.3,26.3,26.5,1999500.0,3280.0,1800400.0,9179.0,0,0,0,0,0,0,0,0,0,0,0,0,0,0,0,0,0,0,0,0,0,0,0,0,0,0,0,0,0,0,145,2026-02-06 20:50:03.515199
ATMN,26.69,26.89,26.94,1635500.0,2075.0,1708400.0,6971.0,0,0,0,0,0,0,0,0,0,0,0,0,0,0,0,0,0,0,0,0,0,0,0,0,0,0,0,0,0,0,145,2026-02-06 20:50:03.515199
WNTR,24.66,24.59,24.66,2084900.0,854.0,1960500.0,25146.0,0,0,0,0,0,0,0,0,0,0,0,0,0,0,0,0,0,0,0,0,0,0,0,0,0,0,0,0,0,0,145,2026-02-06 20:50:03.515199
SPNG,25.02,25.02,25.54,2348900.0,100.0,2000700.0,,0,0,0,0,0,0,0,0,0,0,0,0,0,0,0,0,0,0,0,0,0,0,0,0,0,0,0,0,0,0,146,2026-02-06 20:50:04.560642
SMMR,26.34,26.34,26.36,2006100.0,8924.0,1906600.0,100.0,0,0,0,0,0,0,0,0,0,0,0,0,0,0,0,0,0,0,0,0,0,0,0,0,0,0,0,0,0,0,146,2026-02-06 20:50:04.560642
ATMN,26.96,26.48,26.68,1866800.0,,1887400.0,,0,0,0,0,0,0,0,0,0,0,0,0,0,0,0,0,0,0,0,0,0,0,0,0,0,0,0,0,0,0,146,2026-02-06 20:50:04.560642
WNTR,24.39,24.65,24.66,2398900.0,,1960500.0,,0,0,0,0,0,0,0,0,0,0,0,0,0,0,0,0,0,0,0,0,0,0,0,0,0,0,0,0,0,0,146,2026-02-06 20:50:04.560642
SPNG,25.6,25.15,25.6,2244200.0,7186.0,2086900.0,,0,0,0,0,0,0,0,0,0,0,0,0,0,0,0,0,0,0,0,0,0,0,0,0,0,0,0,0,0,0,147,2026-02-06 20:50:05.619174
SMMR,26.34,26.34,26.36,1839700.0,8956.0,1786000.0,14425.0,0,0,0,0,0,0,0,0,0,0,0,0,0,0,0,0,0,0,0,0,0,0,0,0,0,0,0,0,0,0,147,2026-02-06 20:50:05.619174
ATMN,26.96,26.6,26.66,1746000.0,7356.0,1824400.0,100.0,0,0,0,0,0,0,0,0,0,0,0,0,0,0,0,0,0,0,0,0,0,0,0,0,0,0,0,0,0,0,147,2026-02-06 20:50:05.619174
WNTR,24.66,24.65,24.66,2398900.0,,2092500.0,854.0,0,0,0,0,0,0,0,0,0,0,0,0,0,0,0,0,0,0,0,0,0,0,0,0,0,0,0,0,0,0,147,2026-02-06 20:50:05.619174
SPNG,25.15,25.16,25.22,7286.0,2107400.0,100.0,2000700.0,0,0,0,0,0,0,0,0,0,0,0,0,0,0,0,0,0,0,0,0,0,0,0,0,0,0,0,0,0,0,148,2026-02-06 20:50:06.659341
SMMR,26.34,26.34,26.36,9741.0,1737300.0,14883.0,1663100.0,0,0,0,0,0,0,0,0,0,0,0,0,0,0,0,0,0,0,0,0,0,0,0,0,0,0,0,0,0,0,148,2026-02-06 20:50:06.659341
ATMN,26.6,26.61,26.68,7356.0,1756300.0,,1902200.0,0,0,0,0,0,0,0,0,0,0,0,0,0,0,0,0,0,0,0,0,0,0,0,0,0,0,0,0,0,0,148,2026-02-06 20:50:06.659341
WNTR,24.66,24.65,24.66,9087.0,2170200.0,9841.0,1976000.0,0,0,0,0,0,0,0,0,0,0,0,0,0,0,0,0,0,0,0,0,0,0,0,0,0,0,0,0,0,0,148,2026-02-06 20:50:06.659341
SPNG,25.27,25.46,25.6,2005400.0,7386.0,2086900.0,,0,0,0,0,0,0,0,0,0,0,0,0,0,0,0,0,0,0,0,0,0,0,0,0,0,0,0,0,0,0,149,2026-02-06 20:50:07.713283
SMMR,26.32,26.28,26.29,1951400.0,5959.0,1912100.0,8924.0,0,0,0,0,0,0,0,0,0,0,0,0,0,0,0,0,0,0,0,0,0,0,0,0,0,0,0,0,0,0,149,2026-02-06 20:50:07.713283
ATMN,26.96,26.61,26.96,1756300.0,7356.0,1915000.0,,0,0,0,0,0,0,0,0,0,0,0,0,0,0,0,0,0,0,0,0,0,0,0,0,0,0,0,0,0,0,149,2026-02-06 20:50:07.713283
WNTR,24.65,24.65,24.66,2170200.0,9087.0,1849600.0,10090.0,0,0,0,0,0,0,0,0,0,0,0,0,0,0,0,0,0,0,0,0,0,0,0,0,0,0,0,0,0,0,149,2026-02-06 20:50:07.713283
SPNG,25.04,25.04,25.5,2327800.0,2097100.0,0,0,0,0,0,0,0,0,0,0,0,0,0,0,0,0,0,0,0,0,0,0,0,0,0,0,0,0,0,0,0,0,150,2026-02-06 20:50:08.762078
SMMR,26.29,26.3,26.31,2051400.0,2010400.0,0,0,0,0,0,0,0,0,0,0,0,0,0,0,0,0,0,0,0,0,0,0,0,0,0,0,0,0,0,0,0,0,150,2026-02-06 20:50:08.762078
ATMN,26.6,26.6,26.96,1832600.0,1930400.0,0,0,0,0,0,0,0,0,0,0,0,0,0,0,0,0,0,0,0,0,0,0,0,0,0,0,0,0,0,0,0,0,150,2026-02-06 20:50:08.762078
WNTR,24.65,24.49,24.53,2425000.0,2201000.0,0,0,0,0,0,0,0,0,0,0,0,0,0,0,0,0,0,0,0,0,0,0,0,0,0,0,0,0,0,0,0,0,150,2026-02-06 20:50:08.762078
SPNG,25.6,25.6,25.62,2082200.0,3692.0,2068600.0,,0,0,0,0,0,0,0,0,0,0,0,0,0,0,0,0,0,0,0,0,0,0,0,0,0,0,0,0,0,0,151,2026-02-06 20:50:09.838777
SMMR,26.38,26.31,26.34,1855000.0,17057.0,1904500.0,8490.0,0,0,0,0,0,0,0,0,0,0,0,0,0,0,0,0,0,0,0,0,0,0,0,0,0,0,0,0,0,0,151,2026-02-06 20:50:09.838777
ATMN,27.01,26.82,26.96,1678000.0,9166.0,1803400.0,1813.0,0,0,0,0,0,0,0,0,0,0,0,0,0,0,0,0,0,0,0,0,0,0,0,0,0,0,0,0,0,0,151,2026-02-06 20:50:09.838777
WNTR,24.66,24.51,24.64,2214900.0,8784.0,2097200.0,8684.0,0,0,0,0,0,0,0,0,0,0,0,0,0,0,0,0,0,0,0,0,0,0,0,0,0,0,0,0,0,0,151,2026-02-06 20:50:09.838777
SPNG,25.6,25.6,25.62,1970500.0,4016.0,2147100.0,,0,0,0,0,0,0,0,0,0,0,0,0,0,0,0,0,0,0,0,0,0,0,0,0,0,0,0,0,0,0,152,2026-02-06 20:50:10.953658
SMMR,26.43,26.33,26.43,1736100.0,25566.0,1999800.0,,0,0,0,0,0,0,0,0,0,0,0,0,0,0,0,0,0,0,0,0,0,0,0,0,0,0,0,0,0,0,152,2026-02-06 20:50:10.953658
ATMN,26.77,26.86,26.96,1678000.0,200.0,1803400.0,1813.0,0,0,0,0,0,0,0,0,0,0,0,0,0,0,0,0,0,0,0,0,0,0,0,0,0,0,0,0,0,0,152,2026-02-06 20:50:10.953658
WNTR,24.66,24.36,24.62,2356300.0,100.0,2123600.0,8604.0,0,0,0,0,0,0,0,0,0,0,0,0,0,0,0,0,0,0,0,0,0,0,0,0,0,0,0,0,0,0,152,2026-02-06 20:50:10.953658
SPNG,25.04,25.04,25.62,2231700.0,100.0,2151200.0,,0,0,0,0,0,0,0,0,0,0,0,0,0,0,0,0,0,0,0,0,0,0,0,0,0,0,0,0,0,0,153,2026-02-06 20:50:11.511731
SMMR,26.3,26.33,26.43,1937500.0,8567.0,1999800.0,,0,0,0,0,0,0,0,0,0,0,0,0,0,0,0,0,0,0,0,0,0,0,0,0,0,0,0,0,0,0,153,2026-02-06 20:50:11.511731
ATMN,26.77,26.86,26.87,1678000.0,200.0,1813900.0,1813.0,0,0,0,0,0,0,0,0,0,0,0,0,0,0,0,0,0,0,0,0,0,0,0,0,0,0,0,0,0,0,153,2026-02-06 20:50:11.511731
WNTR,24.66,24.36,24.66,2356300.0,100.0,2220400.0,,0,0,0,0,0,0,0,0,0,0,0,0,0,0,0,0,0,0,0,0,0,0,0,0,0,0,0,0,0,0,153,2026-02-06 20:50:11.511731
SPNG,25.28,25.28,25.55,2102900.0,637.0,9234.0,2082500.0,0,0,0,0,0,0,0,0,0,0,0,0,0,0,0,0,0,0,0,0,0,0,0,0,0,0,0,0,0,0,154,2026-02-06 20:50:12.634870
SMMR,26.33,26.3,26.32,1961900.0,8567.0,8252.0,1868600.0,0,0,0,0,0,0,0,0,0,0,0,0,0,0,0,0,0,0,0,0,0,0,0,0,0,0,0,0,0,0,154,2026-02-06 20:50:12.634870
ATMN,26.58,26.58,26.87,1875800.0,,7921.0,1708000.0,0,0,0,0,0,0,0,0,0,0,0,0,0,0,0,0,0,0,0,0,0,0,0,0,0,0,0,0,0,0,154,2026-02-06 20:50:12.634870
WNTR,24.5,24.42,24.5,2253700.0,8781.0,2260.0,2113200.0,0,0,0,0,0,0,0,0,0,0,0,0,0,0,0,0,0,0,0,0,0,0,0,0,0,0,0,0,0,0,154,2026-02-06 20:50:12.634870
SPNG,24.9,24.97,25.16,2323100.0,2191500.0,,0,0,0,0,0,0,0,0,0,0,0,0,0,0,0,0,0,0,0,0,0,0,0,0,0,0,0,0,0,0,0,155,2026-02-06 20:50:13.755083
SMMR,26.27,26.27,26.29,2048900.0,1868600.0,6892.0,0,0,0,0,0,0,0,0,0,0,0,0,0,0,0,0,0,0,0,0,0,0,0,0,0,0,0,0,0,0,0,155,2026-02-06 20:50:13.755083
ATMN,26.87,26.51,26.72,1853600.0,1813900.0,4717.0,0,0,0,0,0,0,0,0,0,0,0,0,0,0,0,0,0,0,0,0,0,0,0,0,0,0,0,0,0,0,0,155,2026-02-06 20:50:13.755083
WNTR,24.5,24.46,24.5,2468200.0,2222200.0,,0,0,0,0,0,0,0,0,0,0,0,0,0,0,0,0,0,0,0,0,0,0,0,0,0,0,0,0,0,0,0,155,2026-02-06 20:50:13.755083
SPNG,25.16,25.24,25.37,2293200.0,7424.0,2095000.0,,0,0,0,0,0,0,0,0,0,0,0,0,0,0,0,0,0,0,0,0,0,0,0,0,0,0,0,0,0,0,156,2026-02-06 20:50:14.819214
SMMR,26.27,26.27,26.29,2081200.0,6892.0,1891200.0,,0,0,0,0,0,0,0,0,0,0,0,0,0,0,0,0,0,0,0,0,0,0,0,0,0,0,0,0,0,0,156,2026-02-06 20:50:14.819214
ATMN,26.59,26.52,26.59,1775700.0,,1902300.0,4906.0,0,0,0,0,0,0,0,0,0,0,0,0,0,0,0,0,0,0,0,0,0,0,0,0,0,0,0,0,0,0,156,2026-02-06 20:50:14.819214
WNTR,24.42,24.42,24.49,2477500.0,2260.0,2098800.0,,0,0,0,0,0,0,0,0,0,0,0,0,0,0,0,0,0,0,0,0,0,0,0,0,0,0,0,0,0,0,156,2026-02-06 20:50:14.819214
SPNG,25.22,24.97,25.09,2303800.0,2253000.0,,,0,0,0,0,0,0,0,0,0,0,0,0,0,0,0,0,0,0,0,0,0,0,0,0,0,0,0,0,0,0,157,2026-02-06 20:50:15.873515
SMMR,26.24,26.24,26.27,2098400.0,1774700.0,12892.0,,0,0,0,0,0,0,0,0,0,0,0,0,0,0,0,0,0,0,0,0,0,0,0,0,0,0,0,0,0,0,157,2026-02-06 20:50:15.873515
ATMN,26.59,26.85,26.87,1772200.0,1886300.0,,4906.0,0,0,0,0,0,0,0,0,0,0,0,0,0,0,0,0,0,0,0,0,0,0,0,0,0,0,0,0,0,0,157,2026-02-06 20:50:15.873515
WNTR,24.42,24.45,24.48,2352100.0,1985300.0,3567.0,8183.0,0,0,0,0,0,0,0,0,0,0,0,0,0,0,0,0,0,0,0,0,0,0,0,0,0,0,0,0,0,0,157,2026-02-06 20:50:15.873515
SPNG,25.09,24.97,25.09,2242500.0,2161400.0,100.0,,0,0,0,0,0,0,0,0,0,0,0,0,0,0,0,0,0,0,0,0,0,0,0,0,0,0,0,0,0,0,158,2026-02-06 20:50:16.925513
SMMR,26.34,26.22,26.34,1993800.0,1963900.0,,2081.0,0,0,0,0,0,0,0,0,0,0,0,0,0,0,0,0,0,0,0,0,0,0,0,0,0,0,0,0,0,0,158,2026-02-06 20:50:16.925513
ATMN,26.66,26.53,26.66,1687300.0,1784500.0,100.0,5006.0,0,0,0,0,0,0,0,0,0,0,0,0,0,0,0,0,0,0,0,0,0,0,0,0,0,0,0,0,0,0,158,2026-02-06 20:50:16.925513
WNTR,24.42,24.46,24.47,2239900.0,1888300.0,7489.0,10206.0,0,0,0,0,0,0,0,0,0,0,0,0,0,0,0,0,0,0,0,0,0,0,0,0,0,0,0,0,0,0,158,2026-02-06 20:50:16.925513
SPNG,25.43,25.43,25.62,2146700.0,100.0,2212700.0,,0,0,0,0,0,0,0,0,0,0,0,0,0,0,0,0,0,0,0,0,0,0,0,0,0,0,0,0,0,0,159,2026-02-06 20:50:17.974222
SMMR,26.4,26.25,26.37,1894700.0,10183.0,1880600.0,100.0,0,0,0,0,0,0,0,0,0,0,0,0,0,0,0,0,0,0,0,0,0,0,0,0,0,0,0,0,0,0,159,2026-02-06 20:50:17.974222
ATMN,26.8,26.8,26.87,1629300.0,12654.0,1793900.0,100.0,0,0,0,0,0,0,0,0,0,0,0,0,0,0,0,0,0,0,0,0,0,0,0,0,0,0,0,0,0,0,159,2026-02-06 20:50:17.974222
WNTR,24.42,24.46,24.47,2106500.0,18210.0,1927800.0,7489.0,0,0,0,0,0,0,0,0,0,0,0,0,0,0,0,0,0,0,0,0,0,0,0,0,0,0,0,0,0,0,159,2026-02-06 20:50:17.974222
SPNG,25.43,25.43,25.51,2033300.0,1967.0,2209200.0,,0,0,0,0,0,0,0,0,0,0,0,0,0,0,0,0,0,0,0,0,0,0,0,0,0,0,0,0,0,0,160,2026-02-06 20:50:18.523079
SMMR,26.54,26.25,26.37,1894700.0,10183.0,1981100.0,,0,0,0,0,0,0,0,0,0,0,0,0,0,0,0,0,0,0,0,0,0,0,0,0,0,0,0,0,0,0,160,2026-02-06 20:50:18.523079
ATMN,26.94,26.61,26.94,1615700.0,12654.0,1902400.0,,0,0,0,0,0,0,0,0,0,0,0,0,0,0,0,0,0,0,0,0,0,0,0,0,0,0,0,0,0,0,160,2026-02-06 20:50:18.523079
WNTR,24.42,24.46,24.47,2073700.0,18210.0,1916400.0,7489.0,0,0,0,0,0,0,0,0,0,0,0,0,0,0,0,0,0,0,0,0,0,0,0,0,0,0,0,0,0,0,160,2026-02-06 20:50:18.523079
SPNG,24.97,24.97,25.51,2242500.0,2191600.0,,,0,0,0,0,0,0,0,0,0,0,0,0,0,0,0,0,0,0,0,0,0,0,0,0,0,0,0,0,0,0,161,2026-02-06 20:50:19.571112
SMMR,26.37,26.27,26.35,2000900.0,1984200.0,7500.0,,0,0,0,0,0,0,0,0,0,0,0,0,0,0,0,0,0,0,0,0,0,0,0,0,0,0,0,0,0,0,161,2026-02-06 20:50:19.571112
ATMN,26.48,26.48,26.77,1869900.0,1815000.0,,100.0,0,0,0,0,0,0,0,0,0,0,0,0,0,0,0,0,0,0,0,0,0,0,0,0,0,0,0,0,0,0,161,2026-02-06 20:50:19.571112
WNTR,24.49,24.49,24.5,2453400.0,2224800.0,,,0,0,0,0,0,0,0,0,0,0,0,0,0,0,0,0,0,0,0,0,0,0,0,0,0,0,0,0,0,0,161,2026-02-06 20:50:19.571112
SPNG,25.01,25.28,25.47,2166200.0,9411.0,100.0,2091500.0,0,0,0,0,0,0,0,0,0,0,0,0,0,0,0,0,0,0,0,0,0,0,0,0,0,0,0,0,0,0,162,2026-02-06 20:50:20.665688
SMMR,26.29,26.27,26.29,2008200.0,7500.0,2518.0,1857800.0,0,0,0,0,0,0,0,0,0,0,0,0,0,0,0,0,0,0,0,0,0,0,0,0,0,0,0,0,0,0,162,2026-02-06 20:50:20.665688
ATMN,26.69,26.66,26.68,1794300.0,9710.0,992.0,1724200.0,0,0,0,0,0,0,0,0,0,0,0,0,0,0,0,0,0,0,0,0,0,0,0,0,0,0,0,0,0,0,162,2026-02-06 20:50:20.665688
WNTR,24.55,24.51,24.55,2317900.0,7726.0,,2183300.0,0,0,0,0,0,0,0,0,0,0,0,0,0,0,0,0,0,0,0,0,0,0,0,0,0,0,0,0,0,0,162,2026-02-06 20:50:20.665688
SPNG,25.01,25.28,25.44,2052800.0,10725.0,200.0,2045000.0,0,0,0,0,0,0,0,0,0,0,0,0,0,0,0,0,0,0,0,0,0,0,0,0,0,0,0,0,0,0,163,2026-02-06 20:50:21.781401
SMMR,26.33,26.37,26.52,2125600.0,,,2002400.0,0,0,0,0,0,0,0,0,0,0,0,0,0,0,0,0,0,0,0,0,0,0,0,0,0,0,0,0,0,0,163,2026-02-06 20:50:21.781401
ATMN,26.77,26.89,26.92,1768700.0,9710.0,100.0,1796500.0,0,0,0,0,0,0,0,0,0,0,0,0,0,0,0,0,0,0,0,0,0,0,0,0,0,0,0,0,0,0,163,2026-02-06 20:50:21.781401
WNTR,24.55,24.52,24.53,2156200.0,15357.0,3931.0,2078300.0,0,0,0,0,0,0,0,0,0,0,0,0,0,0,0,0,0,0,0,0,0,0,0,0,0,0,0,0,0,0,163,2026-02-06 20:50:21.781401
SPNG,24.95,24.95,25.43,2249500.0,1980.0,1938100.0,,0,0,0,0,0,0,0,0,0,0,0,0,0,0,0,0,0,0,0,0,0,0,0,0,0,0,0,0,0,0,164,2026-02-06 20:50:22.867659
SMMR,26.23,26.15,26.23,2124600.0,7461.0,1852400.0,,0,0,0,0,0,0,0,0,0,0,0,0,0,0,0,0,0,0,0,0,0,0,0,0,0,0,0,0,0,0,164,2026-02-06 20:50:22.867659
ATMN,26.89,26.66,26.73,1777100.0,7391.0,1713100.0,9710.0,0,0,0,0,0,0,0,0,0,0,0,0,0,0,0,0,0,0,0,0,0,0,0,0,0,0,0,0,0,0,164,2026-02-06 20:50:22.867659
WNTR,24.57,24.54,24.57,2059600.0,,2167300.0,19367.0,0,0,0,0,0,0,0,0,0,0,0,0,0,0,0,0,0,0,0,0,0,0,0,0,0,0,0,0,0,0,164,2026-02-06 20:50:22.867659
SPNG,25.3,25.3,25.32,2271000.0,7500.0,2142400.0,,0,0,0,0,0,0,0,0,0,0,0,0,0,0,0,0,0,0,0,0,0,0,0,0,0,0,0,0,0,0,165,2026-02-06 20:50:23.946599
SMMR,26.23,26.25,26.42,1995700.0,,1967200.0,100.0,0,0,0,0,0,0,0,0,0,0,0,0,0,0,0,0,0,0,0,0,0,0,0,0,0,0,0,0,0,0,165,2026-02-06 20:50:23.946599
ATMN,26.89,26.68,26.73,1789500.0,,1890400.0,100.0,0,0,0,0,0,0,0,0,0,0,0,0,0,0,0,0,0,0,0,0,0,0,0,0,0,0,0,0,0,0,165,2026-02-06 20:50:23.946599
WNTR,24.51,24.49,24.5,2276400.0,9333.0,2046000.0,100.0,0,0,0,0,0,0,0,0,0,0,0,0,0,0,0,0,0,0,0,0,0,0,0,0,0,0,0,0,0,0,165,2026-02-06 20:50:23.946599
SPNG,25.17,25.17,25.47,2122700.0,1712.0,2247000.0,,0,0,0,0,0,0,0,0,0,0,0,0,0,0,0,0,0,0,0,0,0,0,0,0,0,0,0,0,0,0,166,2026-02-06 20:50:25.019488
SMMR,26.25,26.21,26.25,2027500.0,100.0,1981300.0,,0,0,0,0,0,0,0,0,0,0,0,0,0,0,0,0,0,0,0,0,0,0,0,0,0,0,0,0,0,0,166,2026-02-06 20:50:25.019488
ATMN,26.89,26.7,26.89,1711400.0,7110.0,1818700.0,7010.0,0,0,0,0,0,0,0,0,0,0,0,0,0,0,0,0,0,0,0,0,0,0,0,0,0,0,0,0,0,0,166,2026-02-06 20:50:25.019488
WNTR,24.49,24.47,24.48,2442000.0,,1968000.0,16670.0,0,0,0,0,0,0,0,0,0,0,0,0,0,0,0,0,0,0,0,0,0,0,0,0,0,0,0,0,0,0,166,2026-02-06 20:50:25.019488
SPNG,25.17,25.17,25.46,2122700.0,1712.0,2264100.0,,0,0,0,0,0,0,0,0,0,0,0,0,0,0,0,0,0,0,0,0,0,0,0,0,0,0,0,0,0,0,167,2026-02-06 20:50:25.585057
SMMR,26.25,26.21,26.25,2029600.0,100.0,1981300.0,,0,0,0,0,0,0,0,0,0,0,0,0,0,0,0,0,0,0,0,0,0,0,0,0,0,0,0,0,0,0,167,2026-02-06 20:50:25.585057
ATMN,26.7,26.68,26.69,1789500.0,100.0,1833400.0,7010.0,0,0,0,0,0,0,0,0,0,0,0,0,0,0,0,0,0,0,0,0,0,0,0,0,0,0,0,0,0,0,167,2026-02-06 20:50:25.585057
WNTR,24.48,24.48,24.5,2407500.0,,1959400.0,16670.0,0,0,0,0,0,0,0,0,0,0,0,0,0,0,0,0,0,0,0,0,0,0,0,0,0,0,0,0,0,0,167,2026-02-06 20:50:25.585057
SPNG,24.9,24.9,25.44,2155600.0,1712.0,100.0,2162900.0,0,0,0,0,0,0,0,0,0,0,0,0,0,0,0,0,0,0,0,0,0,0,0,0,0,0,0,0,0,0,168,2026-02-06 20:50:26.677816
SMMR,26.25,26.22,26.24,1921400.0,4659.0,8512.0,1866500.0,0,0,0,0,0,0,0,0,0,0,0,0,0,0,0,0,0,0,0,0,0,0,0,0,0,0,0,0,0,0,168,2026-02-06 20:50:26.677816
ATMN,26.88,26.68,26.8,1711400.0,4555.0,7010.0,1785800.0,0,0,0,0,0,0,0,0,0,0,0,0,0,0,0,0,0,0,0,0,0,0,0,0,0,0,0,0,0,0,168,2026-02-06 20:50:26.677816
WNTR,24.47,24.47,24.49,2409500.0,,9267.0,2070900.0,0,0,0,0,0,0,0,0,0,0,0,0,0,0,0,0,0,0,0,0,0,0,0,0,0,0,0,0,0,0,168,2026-02-06 20:50:26.677816
SPNG,25.46,25.06,25.4,2063600.0,1812.0,100.0,2168000.0,0,0,0,0,0,0,0,0,0,0,0,0,0,0,0,0,0,0,0,0,0,0,0,0,0,0,0,0,0,0,169,2026-02-06 20:50:27.739948
SMMR,26.35,26.22,26.35,1803700.0,11635.0,,1973000.0,0,0,0,0,0,0,0,0,0,0,0,0,0,0,0,0,0,0,0,0,0,0,0,0,0,0,0,0,0,0,169,2026-02-06 20:50:27.739948
ATMN,26.89,26.69,26.89,1623900.0,7963.0,7010.0,1832300.0,0,0,0,0,0,0,0,0,0,0,0,0,0,0,0,0,0,0,0,0,0,0,0,0,0,0,0,0,0,0,169,2026-02-06 20:50:27.739948
WNTR,24.57,24.48,24.49,2296800.0,7135.0,,2212800.0,0,0,0,0,0,0,0,0,0,0,0,0,0,0,0,0,0,0,0,0,0,0,0,0,0,0,0,0,0,0,169,2026-02-06 20:50:27.739948
SPNG,24.78,24.78,25.37,2285900.0,200.0,2070900.0,,0,0,0,0,0,0,0,0,0,0,0,0,0,0,0,0,0,0,0,0,0,0,0,0,0,0,0,0,0,0,170,2026-02-06 20:50:28.790189
SMMR,26.26,26.26,26.35,1805300.0,,1973000.0,11635.0,0,0,0,0,0,0,0,0,0,0,0,0,0,0,0,0,0,0,0,0,0,0,0,0,0,0,0,0,0,0,170,2026-02-06 20:50:28.790189
ATMN,26.91,26.89,26.91,1518600.0,7010.0,1836200.0,11875.0,0,0,0,0,0,0,0,0,0,0,0,0,0,0,0,0,0,0,0,0,0,0,0,0,0,0,0,0,0,0,170,2026-02-06 20:50:28.790189
WNTR,24.53,24.48,24.53,2296800.0,,2201300.0,7135.0,0,0,0,0,0,0,0,0,0,0,0,0,0,0,0,0,0,0,0,0,0,0,0,0,0,0,0,0,0,0,170,2026-02-06 20:50:28.790189
SPNG,24.78,24.89,25.33,2105400.0,100.0,1374.0,2191500.0,0,0,0,0,0,0,0,0,0,0,0,0,0,0,0,0,0,0,0,0,0,0,0,0,0,0,0,0,0,0,171,2026-02-06 20:50:29.874503
SMMR,26.2,26.32,26.33,1934000.0,6770.0,9818.0,1767200.0,0,0,0,0,0,0,0,0,0,0,0,0,0,0,0,0,0,0,0,0,0,0,0,0,0,0,0,0,0,0,171,2026-02-06 20:50:29.874503
ATMN,26.91,26.89,26.91,1721400.0,6619.0,5710.0,1804100.0,0,0,0,0,0,0,0,0,0,0,0,0,0,0,0,0,0,0,0,0,0,0,0,0,0,0,0,0,0,0,171,2026-02-06 20:50:29.874503
WNTR,24.45,24.47,24.5,2309400.0,6822.0,9890.0,1978100.0,0,0,0,0,0,0,0,0,0,0,0,0,0,0,0,0,0,0,0,0,0,0,0,0,0,0,0,0,0,0,171,2026-02-06 20:50:29.874503
SPNG,25.38,25.39,25.45,5612.0,1895600.0,100.0,2191500.0,0,0,0,0,0,0,0,0,0,0,0,0,0,0,0,0,0,0,0,0,0,0,0,0,0,0,0,0,0,0,172,2026-02-06 20:50:30.932434
SMMR,26.32,26.32,26.33,6870.0,1811500.0,9818.0,1763500.0,0,0,0,0,0,0,0,0,0,0,0,0,0,0,0,0,0,0,0,0,0,0,0,0,0,0,0,0,0,0,172,2026-02-06 20:50:30.932434
ATMN,26.89,26.68,26.76,6417.0,1789500.0,13756.0,1591500.0,0,0,0,0,0,0,0,0,0,0,0,0,0,0,0,0,0,0,0,0,0,0,0,0,0,0,0,0,0,0,172,2026-02-06 20:50:30.932434
WNTR,24.45,24.48,24.5,6922.0,2161000.0,9890.0,2006000.0,0,0,0,0,0,0,0,0,0,0,0,0,0,0,0,0,0,0,0,0,0,0,0,0,0,0,0,0,0,0,172,2026-02-06 20:50:30.932434
SPNG,25.38,25.39,25.45,5612.0,1895600.0,1410.0,2087100.0,0,0,0,0,0,0,0,0,0,0,0,0,0,0,0,0,0,0,0,0,0,0,0,0,0,0,0,0,0,0,173,2026-02-06 20:50:31.987367
SMMR,26.3,26.3,26.32,100.0,2031400.0,9918.0,1672500.0,0,0,0,0,0,0,0,0,0,0,0,0,0,0,0,0,0,0,0,0,0,0,0,0,0,0,0,0,0,0,173,2026-02-06 20:50:31.987367
ATMN,26.81,26.68,26.81,6417.0,1789200.0,7339.0,1710300.0,0,0,0,0,0,0,0,0,0,0,0,0,0,0,0,0,0,0,0,0,0,0,0,0,0,0,0,0,0,0,173,2026-02-06 20:50:31.987367
WNTR,24.46,24.46,24.5,,2400800.0,9890.0,1966800.0,0,0,0,0,0,0,0,0,0,0,0,0,0,0,0,0,0,0,0,0,0,0,0,0,0,0,0,0,0,0,173,2026-02-06 20:50:31.987367
SPNG,25.46,25.46,25.47,2220600.0,2272000.0,,0,0,0,0,0,0,0,0,0,0,0,0,0,0,0,0,0,0,0,0,0,0,0,0,0,0,0,0,0,0,0,174,2026-02-06 20:50:33.027576
SMMR,26.34,26.27,26.34,2159500.0,1990300.0,,0,0,0,0,0,0,0,0,0,0,0,0,0,0,0,0,0,0,0,0,0,0,0,0,0,0,0,0,0,0,0,174,2026-02-06 20:50:33.027576
ATMN,26.62,26.62,26.91,1854200.0,1711700.0,7339.0,0,0,0,0,0,0,0,0,0,0,0,0,0,0,0,0,0,0,0,0,0,0,0,0,0,0,0,0,0,0,0,174,2026-02-06 20:50:33.027576
