ticker,last_price,bid_price,ask_price,BUY_ANON,SELL_ANON,BUY_WRSW-1,BUY_UEBR-1,BUY_CHUL-1,BUY_BRCH-1,BUY_LAVL-1,SELL_CALG-1,SELL_GIOT-3,SELL_CHUL-4,SELL_LAVL-1,BUY_GIOT-3,BUY_CHUL-4,SELL_UEBR-1,SELL_WRSW-1,BUY_WRSW-3,SELL_WRSW-3,SELL_COLA-1,BUY_CALG-1,BUY_COLA-1,SELL_BRCH-1,BUY_WRSW-4,SELL_LUIS-1,SELL_WRSW-4,SELL_CHUL-1,BUY_LUIS-1,tick,timestamp,news_news_id,news_period,news_tick,news_ticker,news_headline,news_body
SPNG,24.97,24.65,24.8,2340700.0,2386700.0,0,0,0,0,0,0,0,0,0,0,0,0,0,0,0,0,0,0,0,0,0,0,0,0,1,2026-02-06 02:36:09.448267,2.0,1.0,1.0,,Aggregate Position Limit,Your CRO has set the aggregate position limit to 13000 shares for this week.
SMMR,24.99,25.03,25.21,2272300.0,2256800.0,0,0,0,0,0,0,0,0,0,0,0,0,0,0,0,0,0,0,0,0,0,0,0,0,1,2026-02-06 02:36:09.448267,1.0,1.0,1.0,,Welcome to the RITC 2026 Alogithmic Market Making Case - practice server,
ATMN,25.06,24.81,24.84,1618700.0,2130500.0,0,0,0,0,0,0,0,0,0,0,0,0,0,0,0,0,0,0,0,0,0,0,0,0,1,2026-02-06 02:36:09.448267,,,,,,
WNTR,25.04,24.97,25.04,2171500.0,2154200.0,0,0,0,0,0,0,0,0,0,0,0,0,0,0,0,0,0,0,0,0,0,0,0,0,1,2026-02-06 02:36:09.448267,,,,,,
SPNG,25.01,25.01,25.1,2338400.0,2375500.0,0,0,0,0,0,0,0,0,0,0,0,0,0,0,0,0,0,0,0,0,0,0,0,0,2,2026-02-06 02:36:10.519162
SMMR,25.03,25.03,25.14,2272300.0,2293600.0,0,0,0,0,0,0,0,0,0,0,0,0,0,0,0,0,0,0,0,0,0,0,0,0,2,2026-02-06 02:36:10.519162
ATMN,25.06,24.81,24.84,1995600.0,2130500.0,0,0,0,0,0,0,0,0,0,0,0,0,0,0,0,0,0,0,0,0,0,0,0,0,2,2026-02-06 02:36:10.519162
WNTR,24.97,24.97,25.08,2155500.0,2176500.0,0,0,0,0,0,0,0,0,0,0,0,0,0,0,0,0,0,0,0,0,0,0,0,0,2,2026-02-06 02:36:10.519162
SPNG,24.65,24.65,25.1,2349600.0,2393800.0,0,0,0,0,0,0,0,0,0,0,0,0,0,0,0,0,0,0,0,0,0,0,0,0,3,2026-02-06 02:36:11.639056
SMMR,25.03,25.03,25.06,2283700.0,2296100.0,0,0,0,0,0,0,0,0,0,0,0,0,0,0,0,0,0,0,0,0,0,0,0,0,3,2026-02-06 02:36:11.639056
ATMN,24.97,24.97,25.06,2359600.0,2150500.0,0,0,0,0,0,0,0,0,0,0,0,0,0,0,0,0,0,0,0,0,0,0,0,0,3,2026-02-06 02:36:11.639056
WNTR,24.97,24.97,25.08,2164200.0,2144800.0,0,0,0,0,0,0,0,0,0,0,0,0,0,0,0,0,0,0,0,0,0,0,0,0,3,2026-02-06 02:36:11.639056
SPNG,24.65,24.65,25.1,2349600.0,2393800.0,0,0,0,0,0,0,0,0,0,0,0,0,0,0,0,0,0,0,0,0,0,0,0,0,4,2026-02-06 02:36:12.190550
SMMR,24.98,24.98,25.06,2267500.0,2296100.0,0,0,0,0,0,0,0,0,0,0,0,0,0,0,0,0,0,0,0,0,0,0,0,0,4,2026-02-06 02:36:12.190550
ATMN,25.15,24.97,25.15,2359600.0,2146200.0,0,0,0,0,0,0,0,0,0,0,0,0,0,0,0,0,0,0,0,0,0,0,0,0,4,2026-02-06 02:36:12.190550
WNTR,24.94,24.94,25.08,2135600.0,2156900.0,0,0,0,0,0,0,0,0,0,0,0,0,0,0,0,0,0,0,0,0,0,0,0,0,4,2026-02-06 02:36:12.190550
SPNG,25.22,24.65,25.22,2349600.0,2364900.0,0,0,0,0,0,0,0,0,0,0,0,0,0,0,0,0,0,0,0,0,0,0,0,0,5,2026-02-06 02:36:13.247049
SMMR,25.06,24.98,25.02,2267500.0,2318600.0,0,0,0,0,0,0,0,0,0,0,0,0,0,0,0,0,0,0,0,0,0,0,0,0,5,2026-02-06 02:36:13.247049
ATMN,25.15,25.06,25.08,2335400.0,2145300.0,0,0,0,0,0,0,0,0,0,0,0,0,0,0,0,0,0,0,0,0,0,0,0,0,5,2026-02-06 02:36:13.247049
WNTR,24.91,24.84,24.86,2108000.0,2159600.0,0,0,0,0,0,0,0,0,0,0,0,0,0,0,0,0,0,0,0,0,0,0,0,0,5,2026-02-06 02:36:13.247049
SPNG,25.09,24.65,25.09,2376200.0,2387800.0,0,0,0,0,0,0,0,0,0,0,0,0,0,0,0,0,0,0,0,0,0,0,0,0,6,2026-02-06 02:36:14.308170
SMMR,25.04,24.93,25.04,2275100.0,2324700.0,0,0,0,0,0,0,0,0,0,0,0,0,0,0,0,0,0,0,0,0,0,0,0,0,6,2026-02-06 02:36:14.308170
ATMN,24.97,24.97,25.08,2359600.0,2153600.0,0,0,0,0,0,0,0,0,0,0,0,0,0,0,0,0,0,0,0,0,0,0,0,0,6,2026-02-06 02:36:14.308170
WNTR,25.1,24.86,24.99,2108800.0,2154300.0,0,0,0,0,0,0,0,0,0,0,0,0,0,0,0,0,0,0,0,0,0,0,0,0,6,2026-02-06 02:36:14.308170
SPNG,25.21,24.65,24.69,2376200.0,2364600.0,0,0,0,0,0,0,0,0,0,0,0,0,0,0,0,0,0,0,0,0,0,0,0,0,7,2026-02-06 02:36:15.376456
SMMR,24.93,24.93,25.04,2284700.0,2359300.0,0,0,0,0,0,0,0,0,0,0,0,0,0,0,0,0,0,0,0,0,0,0,0,0,7,2026-02-06 02:36:15.376456
ATMN,24.97,24.97,25.08,2359600.0,2149600.0,0,0,0,0,0,0,0,0,0,0,0,0,0,0,0,0,0,0,0,0,0,0,0,0,7,2026-02-06 02:36:15.376456
WNTR,24.84,24.84,24.87,2108000.0,2136300.0,0,0,0,0,0,0,0,0,0,0,0,0,0,0,0,0,0,0,0,0,0,0,0,0,7,2026-02-06 02:36:15.376456
SPNG,25.21,24.65,24.69,2393100.0,2364600.0,0,0,0,0,0,0,0,0,0,0,0,0,0,0,0,0,0,0,0,0,0,0,0,0,8,2026-02-06 02:36:16.469065
SMMR,25.04,24.91,25.04,2308700.0,2359300.0,0,0,0,0,0,0,0,0,0,0,0,0,0,0,0,0,0,0,0,0,0,0,0,0,8,2026-02-06 02:36:16.469065
ATMN,25.08,24.81,25.08,2340800.0,2149500.0,0,0,0,0,0,0,0,0,0,0,0,0,0,0,0,0,0,0,0,0,0,0,0,0,8,2026-02-06 02:36:16.469065
WNTR,24.84,24.67,24.68,2125400.0,2146400.0,0,0,0,0,0,0,0,0,0,0,0,0,0,0,0,0,0,0,0,0,0,0,0,0,8,2026-02-06 02:36:16.469065
SPNG,25.33,24.57,25.33,2361200.0,2293500.0,0,0,0,0,0,0,0,0,0,0,0,0,0,0,0,0,0,0,0,0,0,0,0,0,9,2026-02-06 02:36:17.565722
SMMR,25.07,24.91,25.07,2303000.0,2315100.0,0,0,0,0,0,0,0,0,0,0,0,0,0,0,0,0,0,0,0,0,0,0,0,0,9,2026-02-06 02:36:17.565722
ATMN,25.15,24.87,25.15,2329400.0,2126200.0,0,0,0,0,0,0,0,0,0,0,0,0,0,0,0,0,0,0,0,0,0,0,0,0,9,2026-02-06 02:36:17.565722
WNTR,24.77,24.67,24.69,2125400.0,2123500.0,0,0,0,0,0,0,0,0,0,0,0,0,0,0,0,0,0,0,0,0,0,0,0,0,9,2026-02-06 02:36:17.565722
SPNG,25.22,24.57,24.84,2382000.0,2293500.0,0,0,0,0,0,0,0,0,0,0,0,0,0,0,0,0,0,0,0,0,0,0,0,0,10,2026-02-06 02:36:18.667497
SMMR,25.07,24.9,25.07,2279400.0,2309700.0,0,0,0,0,0,0,0,0,0,0,0,0,0,0,0,0,0,0,0,0,0,0,0,0,10,2026-02-06 02:36:18.667497
ATMN,25.15,25.01,25.15,2325400.0,2141300.0,0,0,0,0,0,0,0,0,0,0,0,0,0,0,0,0,0,0,0,0,0,0,0,0,10,2026-02-06 02:36:18.667497
WNTR,24.89,24.72,24.89,2123700.0,2164900.0,0,0,0,0,0,0,0,0,0,0,0,0,0,0,0,0,0,0,0,0,0,0,0,0,10,2026-02-06 02:36:18.667497
SPNG,24.84,25.22,25.33,2382000.0,2312000.0,0,0,0,0,0,0,0,0,0,0,0,0,0,0,0,0,0,0,0,0,0,0,0,0,11,2026-02-06 02:36:19.340732
SMMR,24.89,24.89,25.07,2265600.0,2309700.0,0,0,0,0,0,0,0,0,0,0,0,0,0,0,0,0,0,0,0,0,0,0,0,0,11,2026-02-06 02:36:19.340732
ATMN,24.98,24.98,25.15,2328300.0,2141300.0,0,0,0,0,0,0,0,0,0,0,0,0,0,0,0,0,0,0,0,0,0,0,0,0,11,2026-02-06 02:36:19.340732
WNTR,24.99,25.03,25.1,2125500.0,2152400.0,0,0,0,0,0,0,0,0,0,0,0,0,0,0,0,0,0,0,0,0,0,0,0,0,11,2026-02-06 02:36:19.340732
SPNG,24.9,24.99,25.33,2401400.0,2337300.0,0,0,0,0,0,0,0,0,0,0,0,0,0,0,0,0,0,0,0,0,0,0,0,0,12,2026-02-06 02:36:20.405113
SMMR,25.03,25.03,25.07,2265200.0,2309700.0,0,0,0,0,0,0,0,0,0,0,0,0,0,0,0,0,0,0,0,0,0,0,0,0,12,2026-02-06 02:36:20.405113
ATMN,24.87,24.87,25.11,2329400.0,2185600.0,0,0,0,0,0,0,0,0,0,0,0,0,0,0,0,0,0,0,0,0,0,0,0,0,12,2026-02-06 02:36:20.405113
WNTR,24.99,25.03,25.04,2125500.0,2121000.0,0,0,0,0,0,0,0,0,0,0,0,0,0,0,0,0,0,0,0,0,0,0,0,0,12,2026-02-06 02:36:20.405113
SPNG,24.99,24.66,24.68,2353300.0,2348000.0,0,0,0,0,0,0,0,0,0,0,0,0,0,0,0,0,0,0,0,0,0,0,0,0,13,2026-02-06 02:36:21.602785
SMMR,24.89,24.81,24.83,2269500.0,2312700.0,0,0,0,0,0,0,0,0,0,0,0,0,0,0,0,0,0,0,0,0,0,0,0,0,13,2026-02-06 02:36:21.602785
ATMN,24.81,24.81,25.11,2340800.0,2183000.0,0,0,0,0,0,0,0,0,0,0,0,0,0,0,0,0,0,0,0,0,0,0,0,0,13,2026-02-06 02:36:21.602785
WNTR,25.03,24.87,24.95,2129900.0,2069100.0,0,0,0,0,0,0,0,0,0,0,0,0,0,0,0,0,0,0,0,0,0,0,0,0,13,2026-02-06 02:36:21.602785
SPNG,24.97,24.66,24.81,2353300.0,2345000.0,0,0,0,0,0,0,0,0,0,0,0,0,0,0,0,0,0,0,0,0,0,0,0,0,14,2026-02-06 02:36:22.672118
SMMR,24.96,24.81,24.94,2269500.0,2337100.0,0,0,0,0,0,0,0,0,0,0,0,0,0,0,0,0,0,0,0,0,0,0,0,0,14,2026-02-06 02:36:22.672118
ATMN,24.72,24.98,25.11,2336500.0,2183000.0,0,0,0,0,0,0,0,0,0,0,0,0,0,0,0,0,0,0,0,0,0,0,0,0,14,2026-02-06 02:36:22.672118
WNTR,24.95,24.97,25.04,2099900.0,2067200.0,0,0,0,0,0,0,0,0,0,0,0,0,0,0,0,0,0,0,0,0,0,0,0,0,14,2026-02-06 02:36:22.672118
SPNG,24.81,25.04,25.05,2318300.0,2347400.0,0,0,0,0,0,0,0,0,0,0,0,0,0,0,0,0,0,0,0,0,0,0,0,0,15,2026-02-06 02:36:23.257214
SMMR,24.94,24.95,25.07,2296400.0,2345000.0,0,0,0,0,0,0,0,0,0,0,0,0,0,0,0,0,0,0,0,0,0,0,0,0,15,2026-02-06 02:36:23.257214
ATMN,24.72,24.98,25.11,2336500.0,2169200.0,0,0,0,0,0,0,0,0,0,0,0,0,0,0,0,0,0,0,0,0,0,0,0,0,15,2026-02-06 02:36:23.257214
WNTR,25.04,24.97,25.02,2099900.0,2075000.0,0,0,0,0,0,0,0,0,0,0,0,0,0,0,0,0,0,0,0,0,0,0,0,0,15,2026-02-06 02:36:23.257214
SPNG,24.66,24.66,25.05,2353300.0,2347400.0,0,0,0,0,0,0,0,0,0,0,0,0,0,0,0,0,0,0,0,0,0,0,0,0,16,2026-02-06 02:36:24.352530
SMMR,24.95,24.95,25.11,2296400.0,2317300.0,0,0,0,0,0,0,0,0,0,0,0,0,0,0,0,0,0,0,0,0,0,0,0,0,16,2026-02-06 02:36:24.352530
ATMN,24.72,25.05,25.11,2287500.0,2181500.0,0,0,0,0,0,0,0,0,0,0,0,0,0,0,0,0,0,0,0,0,0,0,0,0,16,2026-02-06 02:36:24.352530
WNTR,25.02,24.97,25.02,2089900.0,2105600.0,0,0,0,0,0,0,0,0,0,0,0,0,0,0,0,0,0,0,0,0,0,0,0,0,16,2026-02-06 02:36:24.352530
SPNG,25.05,25.16,25.24,2361500.0,2338600.0,0,0,0,0,0,0,0,0,0,0,0,0,0,0,0,0,0,0,0,0,0,0,0,0,17,2026-02-06 02:36:25.409821
SMMR,25.03,24.95,25.03,2321400.0,2351800.0,0,0,0,0,0,0,0,0,0,0,0,0,0,0,0,0,0,0,0,0,0,0,0,0,17,2026-02-06 02:36:25.409821
ATMN,25.16,25.05,25.16,2299100.0,2155700.0,0,0,0,0,0,0,0,0,0,0,0,0,0,0,0,0,0,0,0,0,0,0,0,0,17,2026-02-06 02:36:25.409821
WNTR,25.02,24.97,25.02,2111900.0,2094100.0,0,0,0,0,0,0,0,0,0,0,0,0,0,0,0,0,0,0,0,0,0,0,0,0,17,2026-02-06 02:36:25.409821
SPNG,24.88,24.88,25.05,2375300.0,2354900.0,0,0,0,0,0,0,0,0,0,0,0,0,0,0,0,0,0,0,0,0,0,0,0,0,18,2026-02-06 02:36:26.579565
SMMR,25.05,24.96,25.05,2291100.0,2358000.0,0,0,0,0,0,0,0,0,0,0,0,0,0,0,0,0,0,0,0,0,0,0,0,0,18,2026-02-06 02:36:26.579565
ATMN,25.17,25.11,25.17,2273800.0,2181400.0,0,0,0,0,0,0,0,0,0,0,0,0,0,0,0,0,0,0,0,0,0,0,0,0,18,2026-02-06 02:36:26.579565
WNTR,25.04,25.04,25.06,2123200.0,2083300.0,0,0,0,0,0,0,0,0,0,0,0,0,0,0,0,0,0,0,0,0,0,0,0,0,18,2026-02-06 02:36:26.579565
SPNG,24.88,24.88,25.05,2375300.0,2328400.0,0,0,0,0,0,0,0,0,0,0,0,0,0,0,0,0,0,0,0,0,0,0,0,0,19,2026-02-06 02:36:27.648972
SMMR,25.05,24.96,25.05,2291100.0,2350500.0,0,0,0,0,0,0,0,0,0,0,0,0,0,0,0,0,0,0,0,0,0,0,0,0,19,2026-02-06 02:36:27.648972
ATMN,25.21,25.11,25.12,2273800.0,2189900.0,0,0,0,0,0,0,0,0,0,0,0,0,0,0,0,0,0,0,0,0,0,0,0,0,19,2026-02-06 02:36:27.648972
WNTR,25.04,24.97,24.98,2111900.0,2147000.0,0,0,0,0,0,0,0,0,0,0,0,0,0,0,0,0,0,0,0,0,0,0,0,0,19,2026-02-06 02:36:27.648972
SPNG,24.88,24.91,25.05,2355700.0,2328400.0,0,0,0,0,0,0,0,0,0,0,0,0,0,0,0,0,0,0,0,0,0,0,0,0,20,2026-02-06 02:36:28.694133
SMMR,25.12,24.94,25.12,2312600.0,2355600.0,0,0,0,0,0,0,0,0,0,0,0,0,0,0,0,0,0,0,0,0,0,0,0,0,20,2026-02-06 02:36:28.694133
ATMN,25.12,24.98,25.12,2301300.0,2207500.0,0,0,0,0,0,0,0,0,0,0,0,0,0,0,0,0,0,0,0,0,0,0,0,0,20,2026-02-06 02:36:28.694133
WNTR,24.96,24.96,24.99,2102100.0,2123500.0,0,0,0,0,0,0,0,0,0,0,0,0,0,0,0,0,0,0,0,0,0,0,0,0,20,2026-02-06 02:36:28.694133
SPNG,25.05,24.75,25.05,2321900.0,2328400.0,0,0,0,0,0,0,0,0,0,0,0,0,0,0,0,0,0,0,0,0,0,0,0,0,21,2026-02-06 02:36:29.279495
SMMR,24.94,24.94,25.12,2312600.0,2355600.0,0,0,0,0,0,0,0,0,0,0,0,0,0,0,0,0,0,0,0,0,0,0,0,0,21,2026-02-06 02:36:29.279495
ATMN,24.92,24.92,25.12,2306200.0,2207500.0,0,0,0,0,0,0,0,0,0,0,0,0,0,0,0,0,0,0,0,0,0,0,0,0,21,2026-02-06 02:36:29.279495
WNTR,24.96,24.96,25.06,2102100.0,2123200.0,0,0,0,0,0,0,0,0,0,0,0,0,0,0,0,0,0,0,0,0,0,0,0,0,21,2026-02-06 02:36:29.279495
SPNG,25.05,24.83,25.05,2282500.0,2328400.0,0,0,0,0,0,0,0,0,0,0,0,0,0,0,0,0,0,0,0,0,0,0,0,0,22,2026-02-06 02:36:30.341532
SMMR,25.12,24.94,24.95,2311500.0,2325200.0,0,0,0,0,0,0,0,0,0,0,0,0,0,0,0,0,0,0,0,0,0,0,0,0,22,2026-02-06 02:36:30.341532
ATMN,24.92,24.92,24.97,2310200.0,2179800.0,0,0,0,0,0,0,0,0,0,0,0,0,0,0,0,0,0,0,0,0,0,0,0,0,22,2026-02-06 02:36:30.341532
WNTR,24.96,24.96,24.97,2132600.0,2111400.0,0,0,0,0,0,0,0,0,0,0,0,0,0,0,0,0,0,0,0,0,0,0,0,0,22,2026-02-06 02:36:30.341532
SPNG,24.78,24.78,25.03,2307100.0,2362900.0,0,0,0,0,0,0,0,0,0,0,0,0,0,0,0,0,0,0,0,0,0,0,0,0,23,2026-02-06 02:36:31.398287
SMMR,24.91,24.91,25.13,2329500.0,2371300.0,0,0,0,0,0,0,0,0,0,0,0,0,0,0,0,0,0,0,0,0,0,0,0,0,23,2026-02-06 02:36:31.398287
ATMN,24.89,24.89,25.1,2313100.0,2213600.0,0,0,0,0,0,0,0,0,0,0,0,0,0,0,0,0,0,0,0,0,0,0,0,0,23,2026-02-06 02:36:31.398287
WNTR,25.06,24.96,25.06,2132600.0,2126900.0,0,0,0,0,0,0,0,0,0,0,0,0,0,0,0,0,0,0,0,0,0,0,0,0,23,2026-02-06 02:36:31.398287
SPNG,25.03,24.75,25.03,2329100.0,2362900.0,0,0,0,0,0,0,0,0,0,0,0,0,0,0,0,0,0,0,0,0,0,0,0,0,24,2026-02-06 02:36:32.448653
SMMR,24.89,24.89,25.09,2305800.0,2361300.0,0,0,0,0,0,0,0,0,0,0,0,0,0,0,0,0,0,0,0,0,0,0,0,0,24,2026-02-06 02:36:32.448653
ATMN,25.22,24.89,25.22,2313100.0,2229700.0,0,0,0,0,0,0,0,0,0,0,0,0,0,0,0,0,0,0,0,0,0,0,0,0,24,2026-02-06 02:36:32.448653
WNTR,25.06,24.77,25.06,2084400.0,2097800.0,0,0,0,0,0,0,0,0,0,0,0,0,0,0,0,0,0,0,0,0,0,0,0,0,24,2026-02-06 02:36:32.448653
SPNG,25.03,24.75,24.86,2314300.0,2364000.0,0,0,0,0,0,0,0,0,0,0,0,0,0,0,0,0,0,0,0,0,0,0,0,0,25,2026-02-06 02:36:33.516097
SMMR,25.09,24.89,25.09,2305800.0,2361300.0,0,0,0,0,0,0,0,0,0,0,0,0,0,0,0,0,0,0,0,0,0,0,0,0,25,2026-02-06 02:36:33.516097
ATMN,24.8,24.8,25.14,2314400.0,2243300.0,0,0,0,0,0,0,0,0,0,0,0,0,0,0,0,0,0,0,0,0,0,0,0,0,25,2026-02-06 02:36:33.516097
WNTR,24.78,24.77,24.78,2084400.0,2117100.0,0,0,0,0,0,0,0,0,0,0,0,0,0,0,0,0,0,0,0,0,0,0,0,0,25,2026-02-06 02:36:33.516097
SPNG,25.03,24.75,24.86,2314300.0,2330800.0,0,0,0,0,0,0,0,0,0,0,0,0,0,0,0,0,0,0,0,0,0,0,0,0,26,2026-02-06 02:36:34.582433
SMMR,25.14,24.86,25.09,2315300.0,2350900.0,0,0,0,0,0,0,0,0,0,0,0,0,0,0,0,0,0,0,0,0,0,0,0,0,26,2026-02-06 02:36:34.582433
ATMN,24.8,24.8,25.12,2314400.0,2225000.0,0,0,0,0,0,0,0,0,0,0,0,0,0,0,0,0,0,0,0,0,0,0,0,0,26,2026-02-06 02:36:34.582433
WNTR,24.88,24.92,24.97,2080700.0,2096300.0,0,0,0,0,0,0,0,0,0,0,0,0,0,0,0,0,0,0,0,0,0,0,0,0,26,2026-02-06 02:36:34.582433
SPNG,24.86,24.84,24.86,2331800.0,2330800.0,0,0,0,0,0,0,0,0,0,0,0,0,0,0,0,0,0,0,0,0,0,0,0,0,27,2026-02-06 02:36:35.625228
SMMR,25.14,24.94,25.14,2307700.0,2348400.0,0,0,0,0,0,0,0,0,0,0,0,0,0,0,0,0,0,0,0,0,0,0,0,0,27,2026-02-06 02:36:35.625228
ATMN,24.94,24.94,25.14,2306900.0,2224900.0,0,0,0,0,0,0,0,0,0,0,0,0,0,0,0,0,0,0,0,0,0,0,0,0,27,2026-02-06 02:36:35.625228
WNTR,24.92,24.77,24.89,2090800.0,2114900.0,0,0,0,0,0,0,0,0,0,0,0,0,0,0,0,0,0,0,0,0,0,0,0,0,27,2026-02-06 02:36:35.625228
SPNG,24.92,24.84,24.92,2331800.0,2326500.0,0,0,0,0,0,0,0,0,0,0,0,0,0,0,0,0,0,0,0,0,0,0,0,0,28,2026-02-06 02:36:36.715205
SMMR,25.14,25.07,25.14,2302300.0,2326600.0,0,0,0,0,0,0,0,0,0,0,0,0,0,0,0,0,0,0,0,0,0,0,0,0,28,2026-02-06 02:36:36.715205
ATMN,24.94,25.12,25.14,2315800.0,2205400.0,0,0,0,0,0,0,0,0,0,0,0,0,0,0,0,0,0,0,0,0,0,0,0,0,28,2026-02-06 02:36:36.715205
WNTR,24.97,24.77,24.79,2114500.0,2121100.0,0,0,0,0,0,0,0,0,0,0,0,0,0,0,0,0,0,0,0,0,0,0,0,0,28,2026-02-06 02:36:36.715205
SPNG,24.92,24.84,24.92,2344500.0,2326500.0,0,0,0,0,0,0,0,0,0,0,0,0,0,0,0,0,0,0,0,0,0,0,0,0,29,2026-02-06 02:36:37.309636
SMMR,25.07,25.07,25.14,2302300.0,2310300.0,0,0,0,0,0,0,0,0,0,0,0,0,0,0,0,0,0,0,0,0,0,0,0,0,29,2026-02-06 02:36:37.309636
ATMN,24.94,25.12,25.14,2307900.0,2205400.0,0,0,0,0,0,0,0,0,0,0,0,0,0,0,0,0,0,0,0,0,0,0,0,0,29,2026-02-06 02:36:37.309636
WNTR,24.77,24.77,24.79,2120200.0,2121100.0,0,0,0,0,0,0,0,0,0,0,0,0,0,0,0,0,0,0,0,0,0,0,0,0,29,2026-02-06 02:36:37.309636
SPNG,24.82,24.89,24.92,2333700.0,2329500.0,0,0,0,0,0,0,0,0,0,0,0,0,0,0,0,0,0,0,0,0,0,0,0,0,30,2026-02-06 02:36:38.420694
SMMR,25.07,25.07,25.1,2302300.0,2312800.0,0,0,0,0,0,0,0,0,0,0,0,0,0,0,0,0,0,0,0,0,0,0,0,0,30,2026-02-06 02:36:38.420694
ATMN,25.22,25.12,25.22,2307900.0,2183000.0,0,0,0,0,0,0,0,0,0,0,0,0,0,0,0,0,0,0,0,0,0,0,0,0,30,2026-02-06 02:36:38.420694
WNTR,24.76,24.76,24.79,2140200.0,2121100.0,0,0,0,0,0,0,0,0,0,0,0,0,0,0,0,0,0,0,0,0,0,0,0,0,30,2026-02-06 02:36:38.420694
SPNG,25.04,24.89,24.95,2298900.0,2284000.0,0,0,0,0,0,0,0,0,0,0,0,0,0,0,0,0,0,0,0,0,0,0,0,0,31,2026-02-06 02:36:39.486575
SMMR,24.94,24.94,25.1,2298200.0,2324300.0,0,0,0,0,0,0,0,0,0,0,0,0,0,0,0,0,0,0,0,0,0,0,0,0,31,2026-02-06 02:36:39.486575
ATMN,24.8,24.8,25.22,2314400.0,2163000.0,0,0,0,0,0,0,0,0,0,0,0,0,0,0,0,0,0,0,0,0,0,0,0,0,31,2026-02-06 02:36:39.486575
WNTR,24.76,24.76,24.79,2144400.0,2121100.0,0,0,0,0,0,0,0,0,0,0,0,0,0,0,0,0,0,0,0,0,0,0,0,0,31,2026-02-06 02:36:39.486575
SPNG,24.71,24.83,24.95,2310600.0,2294700.0,0,0,0,0,0,0,0,0,0,0,0,0,0,0,0,0,0,0,0,0,0,0,0,0,32,2026-02-06 02:36:40.562735
SMMR,24.94,24.95,24.99,2312600.0,2300800.0,0,0,0,0,0,0,0,0,0,0,0,0,0,0,0,0,0,0,0,0,0,0,0,0,32,2026-02-06 02:36:40.562735
ATMN,25.25,24.8,24.84,2315600.0,2170800.0,0,0,0,0,0,0,0,0,0,0,0,0,0,0,0,0,0,0,0,0,0,0,0,0,32,2026-02-06 02:36:40.562735
WNTR,24.77,24.77,24.79,2149400.0,2121100.0,0,0,0,0,0,0,0,0,0,0,0,0,0,0,0,0,0,0,0,0,0,0,0,0,32,2026-02-06 02:36:40.562735
SPNG,24.83,24.83,24.95,2306100.0,2306700.0,0,0,0,0,0,0,0,0,0,0,0,0,0,0,0,0,0,0,0,0,0,0,0,0,33,2026-02-06 02:36:41.636943
SMMR,24.81,24.81,25.0,2303900.0,2306700.0,0,0,0,0,0,0,0,0,0,0,0,0,0,0,0,0,0,0,0,0,0,0,0,0,33,2026-02-06 02:36:41.636943
ATMN,24.84,24.95,25.25,2314700.0,2159900.0,0,0,0,0,0,0,0,0,0,0,0,0,0,0,0,0,0,0,0,0,0,0,0,0,33,2026-02-06 02:36:41.636943
WNTR,24.79,24.93,24.97,2218400.0,2086900.0,0,0,0,0,0,0,0,0,0,0,0,0,0,0,0,0,0,0,0,0,0,0,0,0,33,2026-02-06 02:36:41.636943
SPNG,24.83,24.71,24.74,2332300.0,2323700.0,0,0,0,0,0,0,0,0,0,0,0,0,0,0,0,0,0,0,0,0,0,0,0,0,34,2026-02-06 02:36:42.723648
SMMR,24.81,24.81,25.0,2262000.0,2306700.0,0,0,0,0,0,0,0,0,0,0,0,0,0,0,0,0,0,0,0,0,0,0,0,0,34,2026-02-06 02:36:42.723648
ATMN,25.27,24.95,25.27,2314700.0,2159100.0,0,0,0,0,0,0,0,0,0,0,0,0,0,0,0,0,0,0,0,0,0,0,0,0,34,2026-02-06 02:36:42.723648
WNTR,24.79,24.93,24.97,2218400.0,2122000.0,0,0,0,0,0,0,0,0,0,0,0,0,0,0,0,0,0,0,0,0,0,0,0,0,34,2026-02-06 02:36:42.723648
SPNG,25.04,24.71,25.04,2319800.0,2326500.0,0,0,0,0,0,0,0,0,0,0,0,0,0,0,0,0,0,0,0,0,0,0,0,0,35,2026-02-06 02:36:43.770107
SMMR,25.0,24.96,25.0,2265800.0,2306700.0,0,0,0,0,0,0,0,0,0,0,0,0,0,0,0,0,0,0,0,0,0,0,0,0,35,2026-02-06 02:36:43.770107
ATMN,24.8,24.8,25.27,2312000.0,2145800.0,0,0,0,0,0,0,0,0,0,0,0,0,0,0,0,0,0,0,0,0,0,0,0,0,35,2026-02-06 02:36:43.770107
WNTR,24.99,24.93,24.99,2218400.0,2167900.0,0,0,0,0,0,0,0,0,0,0,0,0,0,0,0,0,0,0,0,0,0,0,0,0,35,2026-02-06 02:36:43.770107
SPNG,25.05,25.07,25.13,2296300.0,2308900.0,0,0,0,0,0,0,0,0,0,0,0,0,0,0,0,0,0,0,0,0,0,0,0,0,36,2026-02-06 02:36:44.821067
SMMR,25.0,25.02,25.1,2268300.0,2327100.0,0,0,0,0,0,0,0,0,0,0,0,0,0,0,0,0,0,0,0,0,0,0,0,0,36,2026-02-06 02:36:44.821067
ATMN,24.89,24.8,24.89,2312000.0,2161900.0,0,0,0,0,0,0,0,0,0,0,0,0,0,0,0,0,0,0,0,0,0,0,0,0,36,2026-02-06 02:36:44.821067
WNTR,24.89,24.89,25.06,2186500.0,2144700.0,0,0,0,0,0,0,0,0,0,0,0,0,0,0,0,0,0,0,0,0,0,0,0,0,36,2026-02-06 02:36:44.821067
SPNG,25.05,25.07,25.13,2296300.0,2297400.0,0,0,0,0,0,0,0,0,0,0,0,0,0,0,0,0,0,0,0,0,0,0,0,0,37,2026-02-06 02:36:45.374120
SMMR,25.0,25.02,25.1,2268300.0,2327100.0,0,0,0,0,0,0,0,0,0,0,0,0,0,0,0,0,0,0,0,0,0,0,0,0,37,2026-02-06 02:36:45.374120
ATMN,24.89,25.11,25.27,2300400.0,2158700.0,0,0,0,0,0,0,0,0,0,0,0,0,0,0,0,0,0,0,0,0,0,0,0,0,37,2026-02-06 02:36:45.374120
WNTR,24.74,24.74,25.06,2154900.0,2144700.0,0,0,0,0,0,0,0,0,0,0,0,0,0,0,0,0,0,0,0,0,0,0,0,0,37,2026-02-06 02:36:45.374120
SPNG,25.13,24.68,25.13,2319100.0,2297400.0,0,0,0,0,0,0,0,0,0,0,0,0,0,0,0,0,0,0,0,0,0,0,0,0,38,2026-02-06 02:36:46.483988
SMMR,24.98,25.0,25.1,2265800.0,2349700.0,0,0,0,0,0,0,0,0,0,0,0,0,0,0,0,0,0,0,0,0,0,0,0,0,38,2026-02-06 02:36:46.483988
ATMN,24.89,25.11,25.14,2300400.0,2148900.0,0,0,0,0,0,0,0,0,0,0,0,0,0,0,0,0,0,0,0,0,0,0,0,0,38,2026-02-06 02:36:46.483988
WNTR,24.74,24.98,25.0,2159100.0,2134000.0,0,0,0,0,0,0,0,0,0,0,0,0,0,0,0,0,0,0,0,0,0,0,0,0,38,2026-02-06 02:36:46.483988
SPNG,24.98,24.83,24.91,2323200.0,2299300.0,0,0,0,0,0,0,0,0,0,0,0,0,0,0,0,0,0,0,0,0,0,0,0,0,39,2026-02-06 02:36:47.541695
SMMR,24.98,25.04,25.1,2286100.0,2332600.0,0,0,0,0,0,0,0,0,0,0,0,0,0,0,0,0,0,0,0,0,0,0,0,0,39,2026-02-06 02:36:47.541695
ATMN,25.11,25.11,25.14,2300400.0,2145100.0,0,0,0,0,0,0,0,0,0,0,0,0,0,0,0,0,0,0,0,0,0,0,0,0,39,2026-02-06 02:36:47.541695
WNTR,24.98,24.98,25.0,2159100.0,2134000.0,0,0,0,0,0,0,0,0,0,0,0,0,0,0,0,0,0,0,0,0,0,0,0,0,39,2026-02-06 02:36:47.541695
SPNG,24.91,24.94,25.13,2323200.0,2297400.0,0,0,0,0,0,0,0,0,0,0,0,0,0,0,0,0,0,0,0,0,0,0,0,0,40,2026-02-06 02:36:48.600412
SMMR,25.0,25.0,25.1,2265800.0,2306100.0,0,0,0,0,0,0,0,0,0,0,0,0,0,0,0,0,0,0,0,0,0,0,0,0,40,2026-02-06 02:36:48.600412
ATMN,25.11,24.87,24.91,2276300.0,2165400.0,0,0,0,0,0,0,0,0,0,0,0,0,0,0,0,0,0,0,0,0,0,0,0,0,40,2026-02-06 02:36:48.600412
WNTR,24.98,24.74,24.92,2154900.0,2134000.0,0,0,0,0,0,0,0,0,0,0,0,0,0,0,0,0,0,0,0,0,0,0,0,0,40,2026-02-06 02:36:48.600412
SPNG,25.0,24.94,25.0,2319300.0,2300300.0,0,0,0,0,0,0,0,0,0,0,0,0,0,0,0,0,0,0,0,0,0,0,0,0,41,2026-02-06 02:36:49.648734
SMMR,24.91,24.91,24.96,2260200.0,2319200.0,0,0,0,0,0,0,0,0,0,0,0,0,0,0,0,0,0,0,0,0,0,0,0,0,41,2026-02-06 02:36:49.648734
ATMN,25.14,24.87,25.14,2276300.0,2150200.0,0,0,0,0,0,0,0,0,0,0,0,0,0,0,0,0,0,0,0,0,0,0,0,0,41,2026-02-06 02:36:49.648734
WNTR,24.74,24.74,24.92,2179200.0,2164700.0,0,0,0,0,0,0,0,0,0,0,0,0,0,0,0,0,0,0,0,0,0,0,0,0,41,2026-02-06 02:36:49.648734
SPNG,25.0,24.94,25.0,2319300.0,2308100.0,0,0,0,0,0,0,0,0,0,0,0,0,0,0,0,0,0,0,0,0,0,0,0,0,42,2026-02-06 02:36:50.697405
SMMR,24.91,24.91,24.96,2237100.0,2319200.0,0,0,0,0,0,0,0,0,0,0,0,0,0,0,0,0,0,0,0,0,0,0,0,0,42,2026-02-06 02:36:50.697405
ATMN,25.14,24.87,25.14,2300500.0,2177700.0,0,0,0,0,0,0,0,0,0,0,0,0,0,0,0,0,0,0,0,0,0,0,0,0,42,2026-02-06 02:36:50.697405
WNTR,24.93,24.74,24.93,2151400.0,2169200.0,0,0,0,0,0,0,0,0,0,0,0,0,0,0,0,0,0,0,0,0,0,0,0,0,42,2026-02-06 02:36:50.697405
SPNG,25.0,24.95,25.0,2319400.0,2324500.0,0,0,0,0,0,0,0,0,0,0,0,0,0,0,0,0,0,0,0,0,0,0,0,0,43,2026-02-06 02:36:51.802689
SMMR,24.91,24.91,24.96,2262300.0,2319200.0,0,0,0,0,0,0,0,0,0,0,0,0,0,0,0,0,0,0,0,0,0,0,0,0,43,2026-02-06 02:36:51.802689
ATMN,25.14,24.78,24.99,2279700.0,2211200.0,0,0,0,0,0,0,0,0,0,0,0,0,0,0,0,0,0,0,0,0,0,0,0,0,43,2026-02-06 02:36:51.802689
WNTR,24.93,24.74,24.93,2143000.0,2169200.0,0,0,0,0,0,0,0,0,0,0,0,0,0,0,0,0,0,0,0,0,0,0,0,0,43,2026-02-06 02:36:51.802689
SPNG,25.0,24.95,25.0,2293100.0,2324500.0,0,0,0,0,0,0,0,0,0,0,0,0,0,0,0,0,0,0,0,0,0,0,0,0,44,2026-02-06 02:36:52.848047
SMMR,24.91,24.94,24.96,2259600.0,2319200.0,0,0,0,0,0,0,0,0,0,0,0,0,0,0,0,0,0,0,0,0,0,0,0,0,44,2026-02-06 02:36:52.848047
ATMN,24.99,24.72,24.99,2260600.0,2211200.0,0,0,0,0,0,0,0,0,0,0,0,0,0,0,0,0,0,0,0,0,0,0,0,0,44,2026-02-06 02:36:52.848047
WNTR,25.02,24.81,25.02,2146500.0,2164100.0,0,0,0,0,0,0,0,0,0,0,0,0,0,0,0,0,0,0,0,0,0,0,0,0,44,2026-02-06 02:36:52.848047
SPNG,24.95,24.95,25.17,2293100.0,2282700.0,0,0,0,0,0,0,0,0,0,0,0,0,0,0,0,0,0,0,0,0,0,0,0,0,45,2026-02-06 02:36:53.899564
SMMR,25.1,24.94,25.08,2272400.0,2294900.0,0,0,0,0,0,0,0,0,0,0,0,0,0,0,0,0,0,0,0,0,0,0,0,0,45,2026-02-06 02:36:53.899564
ATMN,25.27,24.72,25.27,2260600.0,2106500.0,0,0,0,0,0,0,0,0,0,0,0,0,0,0,0,0,0,0,0,0,0,0,0,0,45,2026-02-06 02:36:53.899564
WNTR,25.02,24.96,25.02,2147100.0,2203000.0,0,0,0,0,0,0,0,0,0,0,0,0,0,0,0,0,0,0,0,0,0,0,0,0,45,2026-02-06 02:36:53.899564
SPNG,24.95,25.01,25.17,2281100.0,2272800.0,0,0,0,0,0,0,0,0,0,0,0,0,0,0,0,0,0,0,0,0,0,0,0,0,46,2026-02-06 02:36:54.440693
SMMR,25.1,24.99,25.08,2280800.0,2294900.0,0,0,0,0,0,0,0,0,0,0,0,0,0,0,0,0,0,0,0,0,0,0,0,0,46,2026-02-06 02:36:54.440693
ATMN,24.72,24.72,25.27,2260600.0,2106500.0,0,0,0,0,0,0,0,0,0,0,0,0,0,0,0,0,0,0,0,0,0,0,0,0,46,2026-02-06 02:36:54.440693
WNTR,25.02,24.96,25.02,2147100.0,2206900.0,0,0,0,0,0,0,0,0,0,0,0,0,0,0,0,0,0,0,0,0,0,0,0,0,46,2026-02-06 02:36:54.440693
SPNG,25.17,25.01,25.17,2281100.0,2272800.0,0,0,0,0,0,0,0,0,0,0,0,0,0,0,0,0,0,0,0,0,0,0,0,0,47,2026-02-06 02:36:55.499899
SMMR,25.09,24.94,25.09,2272400.0,2299600.0,0,0,0,0,0,0,0,0,0,0,0,0,0,0,0,0,0,0,0,0,0,0,0,0,47,2026-02-06 02:36:55.499899
ATMN,24.72,24.83,25.09,2284500.0,2125300.0,0,0,0,0,0,0,0,0,0,0,0,0,0,0,0,0,0,0,0,0,0,0,0,0,47,2026-02-06 02:36:55.499899
WNTR,24.81,24.9,25.02,2178500.0,2206000.0,0,0,0,0,0,0,0,0,0,0,0,0,0,0,0,0,0,0,0,0,0,0,0,0,47,2026-02-06 02:36:55.499899
SPNG,24.94,24.94,25.09,2329100.0,2309200.0,0,0,0,0,0,0,0,0,0,0,0,0,0,0,0,0,0,0,0,0,0,0,0,0,48,2026-02-06 02:36:56.604985
SMMR,25.09,24.94,25.05,2272400.0,2282300.0,0,0,0,0,0,0,0,0,0,0,0,0,0,0,0,0,0,0,0,0,0,0,0,0,48,2026-02-06 02:36:56.604985
ATMN,25.09,25.21,25.27,2318600.0,2139400.0,0,0,0,0,0,0,0,0,0,0,0,0,0,0,0,0,0,0,0,0,0,0,0,0,48,2026-02-06 02:36:56.604985
WNTR,25.02,24.72,25.02,2118700.0,2216100.0,0,0,0,0,0,0,0,0,0,0,0,0,0,0,0,0,0,0,0,0,0,0,0,0,48,2026-02-06 02:36:56.604985
SPNG,24.92,24.92,25.09,2372100.0,2283400.0,0,0,0,0,0,0,0,0,0,0,0,0,0,0,0,0,0,0,0,0,0,0,0,0,49,2026-02-06 02:36:57.669944
SMMR,25.07,24.94,25.07,2269600.0,2290400.0,0,0,0,0,0,0,0,0,0,0,0,0,0,0,0,0,0,0,0,0,0,0,0,0,49,2026-02-06 02:36:57.669944
ATMN,25.05,25.13,25.27,2315200.0,2133000.0,0,0,0,0,0,0,0,0,0,0,0,0,0,0,0,0,0,0,0,0,0,0,0,0,49,2026-02-06 02:36:57.669944
WNTR,25.02,24.74,24.95,2124400.0,2214200.0,0,0,0,0,0,0,0,0,0,0,0,0,0,0,0,0,0,0,0,0,0,0,0,0,49,2026-02-06 02:36:57.669944
SPNG,24.86,24.86,25.07,2359800.0,2290800.0,0,0,0,0,0,0,0,0,0,0,0,0,0,0,0,0,0,0,0,0,0,0,0,0,50,2026-02-06 02:36:58.758462
SMMR,24.94,24.94,25.06,2279700.0,2311800.0,0,0,0,0,0,0,0,0,0,0,0,0,0,0,0,0,0,0,0,0,0,0,0,0,50,2026-02-06 02:36:58.758462
ATMN,25.13,24.83,24.9,2284500.0,2150900.0,0,0,0,0,0,0,0,0,0,0,0,0,0,0,0,0,0,0,0,0,0,0,0,0,50,2026-02-06 02:36:58.758462
WNTR,24.76,24.88,24.93,2143700.0,2200500.0,0,0,0,0,0,0,0,0,0,0,0,0,0,0,0,0,0,0,0,0,0,0,0,0,50,2026-02-06 02:36:58.758462
SPNG,24.85,24.91,25.07,2350300.0,2290800.0,0,0,0,0,0,0,0,0,0,0,0,0,0,0,0,0,0,0,0,0,0,0,0,0,51,2026-02-06 02:36:59.847417
SMMR,25.06,24.98,25.06,2264500.0,2289900.0,0,0,0,0,0,0,0,0,0,0,0,0,0,0,0,0,0,0,0,0,0,0,0,0,51,2026-02-06 02:36:59.847417
ATMN,24.87,24.83,24.87,2296600.0,2167500.0,0,0,0,0,0,0,0,0,0,0,0,0,0,0,0,0,0,0,0,0,0,0,0,0,51,2026-02-06 02:36:59.847417
WNTR,25.02,24.88,24.99,2143700.0,2200700.0,0,0,0,0,0,0,0,0,0,0,0,0,0,0,0,0,0,0,0,0,0,0,0,0,51,2026-02-06 02:36:59.847417
SPNG,24.85,24.85,25.07,2364200.0,2277600.0,0,0,0,0,0,0,0,0,0,0,0,0,0,0,0,0,0,0,0,0,0,0,0,0,52,2026-02-06 02:37:00.911143
SMMR,24.98,24.98,25.07,2264500.0,2293000.0,0,0,0,0,0,0,0,0,0,0,0,0,0,0,0,0,0,0,0,0,0,0,0,0,52,2026-02-06 02:37:00.911143
ATMN,24.83,24.83,24.87,2296600.0,2159100.0,0,0,0,0,0,0,0,0,0,0,0,0,0,0,0,0,0,0,0,0,0,0,0,0,52,2026-02-06 02:37:00.911143
WNTR,24.74,24.74,24.99,2124400.0,2203400.0,0,0,0,0,0,0,0,0,0,0,0,0,0,0,0,0,0,0,0,0,0,0,0,0,52,2026-02-06 02:37:00.911143
SPNG,24.85,24.95,25.07,2370900.0,2290600.0,0,0,0,0,0,0,0,0,0,0,0,0,0,0,0,0,0,0,0,0,0,0,0,0,53,2026-02-06 02:37:01.454223
SMMR,24.99,24.98,24.99,2262700.0,2264300.0,0,0,0,0,0,0,0,0,0,0,0,0,0,0,0,0,0,0,0,0,0,0,0,0,53,2026-02-06 02:37:01.454223
ATMN,24.83,24.83,24.84,2308700.0,2166200.0,0,0,0,0,0,0,0,0,0,0,0,0,0,0,0,0,0,0,0,0,0,0,0,0,53,2026-02-06 02:37:01.454223
WNTR,24.99,25.0,25.02,2179500.0,2224500.0,0,0,0,0,0,0,0,0,0,0,0,0,0,0,0,0,0,0,0,0,0,0,0,0,53,2026-02-06 02:37:01.454223
SPNG,24.85,24.95,25.07,2328800.0,2265000.0,0,0,0,0,0,0,0,0,0,0,0,0,0,0,0,0,0,0,0,0,0,0,0,0,54,2026-02-06 02:37:02.541454
SMMR,25.07,24.95,25.07,2283100.0,2293000.0,0,0,0,0,0,0,0,0,0,0,0,0,0,0,0,0,0,0,0,0,0,0,0,0,54,2026-02-06 02:37:02.541454
ATMN,24.8,24.8,24.84,2300100.0,2177100.0,0,0,0,0,0,0,0,0,0,0,0,0,0,0,0,0,0,0,0,0,0,0,0,0,54,2026-02-06 02:37:02.541454
WNTR,25.0,24.9,24.96,2154800.0,2226700.0,0,0,0,0,0,0,0,0,0,0,0,0,0,0,0,0,0,0,0,0,0,0,0,0,54,2026-02-06 02:37:02.541454
SPNG,25.09,25.1,25.14,2319100.0,2269900.0,0,0,0,0,0,0,0,0,0,0,0,0,0,0,0,0,0,0,0,0,0,0,0,0,55,2026-02-06 02:37:03.585503
SMMR,24.94,24.94,24.95,2275300.0,2264600.0,0,0,0,0,0,0,0,0,0,0,0,0,0,0,0,0,0,0,0,0,0,0,0,0,55,2026-02-06 02:37:03.585503
ATMN,24.71,24.71,24.87,2272600.0,2146900.0,0,0,0,0,0,0,0,0,0,0,0,0,0,0,0,0,0,0,0,0,0,0,0,0,55,2026-02-06 02:37:03.585503
WNTR,24.96,24.98,25.02,2161600.0,2225900.0,0,0,0,0,0,0,0,0,0,0,0,0,0,0,0,0,0,0,0,0,0,0,0,0,55,2026-02-06 02:37:03.585503
SPNG,25.14,24.88,25.14,2336900.0,2269900.0,0,0,0,0,0,0,0,0,0,0,0,0,0,0,0,0,0,0,0,0,0,0,0,0,56,2026-02-06 02:37:04.630574
SMMR,25.07,24.94,25.07,2285100.0,2293000.0,0,0,0,0,0,0,0,0,0,0,0,0,0,0,0,0,0,0,0,0,0,0,0,0,56,2026-02-06 02:37:04.630574
ATMN,24.9,24.7,24.9,2264200.0,2108600.0,0,0,0,0,0,0,0,0,0,0,0,0,0,0,0,0,0,0,0,0,0,0,0,0,56,2026-02-06 02:37:04.630574
WNTR,24.9,24.9,25.02,2154800.0,2217700.0,0,0,0,0,0,0,0,0,0,0,0,0,0,0,0,0,0,0,0,0,0,0,0,0,56,2026-02-06 02:37:04.630574
SPNG,25.16,24.88,25.16,2299200.0,2287800.0,0,0,0,0,0,0,0,0,0,0,0,0,0,0,0,0,0,0,0,0,0,0,0,0,57,2026-02-06 02:37:05.674511
SMMR,24.93,24.93,25.09,2272000.0,2286000.0,0,0,0,0,0,0,0,0,0,0,0,0,0,0,0,0,0,0,0,0,0,0,0,0,57,2026-02-06 02:37:05.674511
ATMN,24.59,24.59,24.9,2249300.0,2108600.0,0,0,0,0,0,0,0,0,0,0,0,0,0,0,0,0,0,0,0,0,0,0,0,0,57,2026-02-06 02:37:05.674511
WNTR,24.72,24.72,24.98,2101700.0,2235700.0,0,0,0,0,0,0,0,0,0,0,0,0,0,0,0,0,0,0,0,0,0,0,0,0,57,2026-02-06 02:37:05.674511
SPNG,25.16,24.88,25.01,2322400.0,2320000.0,0,0,0,0,0,0,0,0,0,0,0,0,0,0,0,0,0,0,0,0,0,0,0,0,58,2026-02-06 02:37:06.716115
SMMR,24.93,25.02,25.09,2295400.0,2326600.0,0,0,0,0,0,0,0,0,0,0,0,0,0,0,0,0,0,0,0,0,0,0,0,0,58,2026-02-06 02:37:06.716115
ATMN,24.58,24.86,24.9,2256900.0,2108600.0,0,0,0,0,0,0,0,0,0,0,0,0,0,0,0,0,0,0,0,0,0,0,0,0,58,2026-02-06 02:37:06.716115
WNTR,24.79,24.79,24.98,2130500.0,2235700.0,0,0,0,0,0,0,0,0,0,0,0,0,0,0,0,0,0,0,0,0,0,0,0,0,58,2026-02-06 02:37:06.716115
SPNG,25.16,24.88,25.01,2343200.0,2320000.0,0,0,0,0,0,0,0,0,0,0,0,0,0,0,0,0,0,0,0,0,0,0,0,0,59,2026-02-06 02:37:07.761647
SMMR,25.02,25.02,25.09,2295400.0,2326600.0,0,0,0,0,0,0,0,0,0,0,0,0,0,0,0,0,0,0,0,0,0,0,0,0,59,2026-02-06 02:37:07.761647
ATMN,24.57,24.87,24.9,2272000.0,2122600.0,0,0,0,0,0,0,0,0,0,0,0,0,0,0,0,0,0,0,0,0,0,0,0,0,59,2026-02-06 02:37:07.761647
WNTR,25.02,24.95,25.02,2145700.0,2242400.0,0,0,0,0,0,0,0,0,0,0,0,0,0,0,0,0,0,0,0,0,0,0,0,0,59,2026-02-06 02:37:07.761647
SPNG,25.01,25.0,25.77,973400.0,869700.0,0,0,0,0,0,0,0,0,0,0,0,0,0,0,0,0,0,0,0,0,0,0,0,0,60,2026-02-06 02:37:08.806504
SMMR,26.23,25.69,26.02,691600.0,725600.0,0,0,0,0,0,0,0,0,0,0,0,0,0,0,0,0,0,0,0,0,0,0,0,0,60,2026-02-06 02:37:08.806504
ATMN,24.57,24.06,0.0,200000.0,,0,0,0,0,0,0,0,0,0,0,0,0,0,0,0,0,0,0,0,0,0,0,0,0,60,2026-02-06 02:37:08.806504
WNTR,24.95,25.91,0.0,200000.0,,0,0,0,0,0,0,0,0,0,0,0,0,0,0,0,0,0,0,0,0,0,0,0,0,60,2026-02-06 02:37:08.806504
SPNG,25.0,24.79,24.93,978200.0,1125500.0,0,0,0,0,0,0,0,0,0,0,0,0,0,0,0,0,0,0,0,0,0,0,0,0,61,2026-02-06 02:37:09.844831
SMMR,26.1,26.2,26.23,1052500.0,765200.0,0,0,0,0,0,0,0,0,0,0,0,0,0,0,0,0,0,0,0,0,0,0,0,0,61,2026-02-06 02:37:09.844831
ATMN,24.57,24.25,24.62,1051400.0,1152500.0,0,0,0,0,0,0,0,0,0,0,0,0,0,0,0,0,0,0,0,0,0,0,0,0,61,2026-02-06 02:37:09.844831
WNTR,25.91,25.73,25.84,912500.0,866200.0,0,0,0,0,0,0,0,0,0,0,0,0,0,0,0,0,0,0,0,0,0,0,0,0,61,2026-02-06 02:37:09.844831
SPNG,24.79,24.32,24.43,1080300.0,1331900.0,0,0,0,0,0,0,0,0,0,0,0,0,0,0,0,0,0,0,0,0,0,0,0,0,62,2026-02-06 02:37:10.888862
SMMR,26.14,26.15,26.23,1197500.0,765200.0,0,0,0,0,0,0,0,0,0,0,0,0,0,0,0,0,0,0,0,0,0,0,0,0,62,2026-02-06 02:37:10.888862
ATMN,24.25,24.25,24.42,1051400.0,1383000.0,0,0,0,0,0,0,0,0,0,0,0,0,0,0,0,0,0,0,0,0,0,0,0,0,62,2026-02-06 02:37:10.888862
WNTR,25.91,25.73,25.84,1240800.0,866200.0,0,0,0,0,0,0,0,0,0,0,0,0,0,0,0,0,0,0,0,0,0,0,0,0,62,2026-02-06 02:37:10.888862
SPNG,24.93,24.32,24.93,1337200.0,1219500.0,0,0,0,0,0,0,0,0,0,0,0,0,0,0,0,0,0,0,0,0,0,0,0,0,63,2026-02-06 02:37:11.929962
SMMR,26.25,26.15,26.25,1320700.0,890400.0,0,0,0,0,0,0,0,0,0,0,0,0,0,0,0,0,0,0,0,0,0,0,0,0,63,2026-02-06 02:37:11.929962
ATMN,23.75,23.75,24.21,1161100.0,1476400.0,0,0,0,0,0,0,0,0,0,0,0,0,0,0,0,0,0,0,0,0,0,0,0,0,63,2026-02-06 02:37:11.929962
WNTR,26.03,25.73,25.95,1240800.0,941500.0,0,0,0,0,0,0,0,0,0,0,0,0,0,0,0,0,0,0,0,0,0,0,0,0,63,2026-02-06 02:37:11.929962
SPNG,24.32,24.43,24.93,1457200.0,1219500.0,0,0,0,0,0,0,0,0,0,0,0,0,0,0,0,0,0,0,0,0,0,0,0,0,64,2026-02-06 02:37:12.970868
SMMR,26.27,26.15,26.27,1431700.0,859100.0,0,0,0,0,0,0,0,0,0,0,0,0,0,0,0,0,0,0,0,0,0,0,0,0,64,2026-02-06 02:37:12.970868
ATMN,24.21,24.24,24.36,1260600.0,1748400.0,0,0,0,0,0,0,0,0,0,0,0,0,0,0,0,0,0,0,0,0,0,0,0,0,64,2026-02-06 02:37:12.970868
WNTR,26.03,25.73,25.95,1333200.0,1139600.0,0,0,0,0,0,0,0,0,0,0,0,0,0,0,0,0,0,0,0,0,0,0,0,0,64,2026-02-06 02:37:12.970868
SPNG,24.93,25.21,25.39,1585000.0,1399600.0,0,0,0,0,0,0,0,0,0,0,0,0,0,0,0,0,0,0,0,0,0,0,0,0,65,2026-02-06 02:37:14.024244
SMMR,26.27,26.15,26.27,1677500.0,969400.0,0,0,0,0,0,0,0,0,0,0,0,0,0,0,0,0,0,0,0,0,0,0,0,0,65,2026-02-06 02:37:14.024244
ATMN,23.57,24.0,24.29,1425300.0,1867000.0,0,0,0,0,0,0,0,0,0,0,0,0,0,0,0,0,0,0,0,0,0,0,0,0,65,2026-02-06 02:37:14.024244
WNTR,26.03,25.91,25.95,1542000.0,1422600.0,0,0,0,0,0,0,0,0,0,0,0,0,0,0,0,0,0,0,0,0,0,0,0,0,65,2026-02-06 02:37:14.024244
SPNG,25.21,24.43,24.76,1457200.0,1604000.0,0,0,0,0,0,0,0,0,0,0,0,0,0,0,0,0,0,0,0,0,0,0,0,0,66,2026-02-06 02:37:14.578200
SMMR,26.27,26.15,26.22,1931100.0,1061000.0,0,0,0,0,0,0,0,0,0,0,0,0,0,0,0,0,0,0,0,0,0,0,0,0,66,2026-02-06 02:37:14.578200
ATMN,24.21,24.0,24.21,1425300.0,1983300.0,0,0,0,0,0,0,0,0,0,0,0,0,0,0,0,0,0,0,0,0,0,0,0,0,66,2026-02-06 02:37:14.578200
WNTR,25.91,25.83,25.86,1442800.0,1531400.0,0,0,0,0,0,0,0,0,0,0,0,0,0,0,0,0,0,0,0,0,0,0,0,0,66,2026-02-06 02:37:14.578200
SPNG,25.39,24.82,24.84,1721100.0,1614400.0,0,0,0,0,0,0,0,0,0,0,0,0,0,0,0,0,0,0,0,0,0,0,0,0,67,2026-02-06 02:37:15.625283
SMMR,26.27,26.15,26.27,2186200.0,969400.0,0,0,0,0,0,0,0,0,0,0,0,0,0,0,0,0,0,0,0,0,0,0,0,0,67,2026-02-06 02:37:15.625283
ATMN,24.29,24.0,24.29,1425300.0,2101200.0,0,0,0,0,0,0,0,0,0,0,0,0,0,0,0,0,0,0,0,0,0,0,0,0,67,2026-02-06 02:37:15.625283
WNTR,25.73,25.77,25.86,1515100.0,1531400.0,0,0,0,0,0,0,0,0,0,0,0,0,0,0,0,0,0,0,0,0,0,0,0,0,67,2026-02-06 02:37:15.625283
SPNG,24.82,24.82,24.84,1721100.0,1823500.0,0,0,0,0,0,0,0,0,0,0,0,0,0,0,0,0,0,0,0,0,0,0,0,0,68,2026-02-06 02:37:16.663947
SMMR,26.27,26.23,26.27,2412500.0,1090600.0,0,0,0,0,0,0,0,0,0,0,0,0,0,0,0,0,0,0,0,0,0,0,0,0,68,2026-02-06 02:37:16.663947
ATMN,23.44,23.96,24.28,1519900.0,2199900.0,0,0,0,0,0,0,0,0,0,0,0,0,0,0,0,0,0,0,0,0,0,0,0,0,68,2026-02-06 02:37:16.663947
WNTR,25.95,25.77,25.95,1515100.0,1648600.0,0,0,0,0,0,0,0,0,0,0,0,0,0,0,0,0,0,0,0,0,0,0,0,0,68,2026-02-06 02:37:16.663947
SPNG,24.82,24.46,24.77,1730400.0,2058300.0,0,0,0,0,0,0,0,0,0,0,0,0,0,0,0,0,0,0,0,0,0,0,0,0,69,2026-02-06 02:37:17.714344
SMMR,26.27,26.23,26.27,2400300.0,995100.0,0,0,0,0,0,0,0,0,0,0,0,0,0,0,0,0,0,0,0,0,0,0,0,0,69,2026-02-06 02:37:17.714344
ATMN,24.02,23.98,24.02,1621500.0,2213900.0,0,0,0,0,0,0,0,0,0,0,0,0,0,0,0,0,0,0,0,0,0,0,0,0,69,2026-02-06 02:37:17.714344
WNTR,25.89,25.89,25.95,1617600.0,1847400.0,0,0,0,0,0,0,0,0,0,0,0,0,0,0,0,0,0,0,0,0,0,0,0,0,69,2026-02-06 02:37:17.714344
SPNG,24.82,24.46,24.77,2066100.0,2058300.0,0,0,0,0,0,0,0,0,0,0,0,0,0,0,0,0,0,0,0,0,0,0,0,0,70,2026-02-06 02:37:18.775694
SMMR,26.19,26.15,26.17,2420500.0,1234200.0,0,0,0,0,0,0,0,0,0,0,0,0,0,0,0,0,0,0,0,0,0,0,0,0,70,2026-02-06 02:37:18.775694
ATMN,24.28,23.98,24.05,1621500.0,2238500.0,0,0,0,0,0,0,0,0,0,0,0,0,0,0,0,0,0,0,0,0,0,0,0,0,70,2026-02-06 02:37:18.775694
WNTR,25.77,25.77,25.95,1515100.0,1931100.0,0,0,0,0,0,0,0,0,0,0,0,0,0,0,0,0,0,0,0,0,0,0,0,0,70,2026-02-06 02:37:18.775694
SPNG,24.82,24.59,24.77,2582500.0,2058300.0,0,0,0,0,0,0,0,0,0,0,0,0,0,0,0,0,0,0,0,0,0,0,0,0,71,2026-02-06 02:37:19.817141
SMMR,26.15,26.15,26.17,2379200.0,1234200.0,0,0,0,0,0,0,0,0,0,0,0,0,0,0,0,0,0,0,0,0,0,0,0,0,71,2026-02-06 02:37:19.817141
ATMN,23.96,23.99,24.05,1649100.0,2292500.0,0,0,0,0,0,0,0,0,0,0,0,0,0,0,0,0,0,0,0,0,0,0,0,0,71,2026-02-06 02:37:19.817141
WNTR,25.88,25.73,25.88,1425300.0,1957400.0,0,0,0,0,0,0,0,0,0,0,0,0,0,0,0,0,0,0,0,0,0,0,0,0,71,2026-02-06 02:37:19.817141
SPNG,24.74,24.74,24.84,2530000.0,1942000.0,0,0,0,0,0,0,0,0,0,0,0,0,0,0,0,0,0,0,0,0,0,0,0,0,72,2026-02-06 02:37:20.876430
SMMR,26.15,26.15,26.28,2393400.0,1084600.0,0,0,0,0,0,0,0,0,0,0,0,0,0,0,0,0,0,0,0,0,0,0,0,0,72,2026-02-06 02:37:20.876430
ATMN,23.99,23.99,24.05,1917700.0,2292500.0,0,0,0,0,0,0,0,0,0,0,0,0,0,0,0,0,0,0,0,0,0,0,0,0,72,2026-02-06 02:37:20.876430
WNTR,25.95,25.78,25.85,1655800.0,1923500.0,0,0,0,0,0,0,0,0,0,0,0,0,0,0,0,0,0,0,0,0,0,0,0,0,72,2026-02-06 02:37:20.876430
SPNG,24.93,25.03,25.33,2560800.0,1714800.0,0,0,0,0,0,0,0,0,0,0,0,0,0,0,0,0,0,0,0,0,0,0,0,0,73,2026-02-06 02:37:21.917400
SMMR,26.15,26.15,26.28,2332400.0,1084600.0,0,0,0,0,0,0,0,0,0,0,0,0,0,0,0,0,0,0,0,0,0,0,0,0,73,2026-02-06 02:37:21.917400
ATMN,23.96,23.96,24.05,1788500.0,2285500.0,0,0,0,0,0,0,0,0,0,0,0,0,0,0,0,0,0,0,0,0,0,0,0,0,73,2026-02-06 02:37:21.917400
WNTR,25.7,25.77,25.85,1568700.0,1923500.0,0,0,0,0,0,0,0,0,0,0,0,0,0,0,0,0,0,0,0,0,0,0,0,0,73,2026-02-06 02:37:21.917400
SPNG,24.57,24.57,25.01,2454300.0,1921900.0,0,0,0,0,0,0,0,0,0,0,0,0,0,0,0,0,0,0,0,0,0,0,0,0,74,2026-02-06 02:37:22.964092
SMMR,26.14,26.14,26.17,2339300.0,1070600.0,0,0,0,0,0,0,0,0,0,0,0,0,0,0,0,0,0,0,0,0,0,0,0,0,74,2026-02-06 02:37:22.964092
ATMN,24.05,23.7,24.05,1672200.0,2285500.0,0,0,0,0,0,0,0,0,0,0,0,0,0,0,0,0,0,0,0,0,0,0,0,0,74,2026-02-06 02:37:22.964092
WNTR,25.95,25.77,25.95,1654600.0,1924200.0,0,0,0,0,0,0,0,0,0,0,0,0,0,0,0,0,0,0,0,0,0,0,0,0,74,2026-02-06 02:37:22.964092
SPNG,24.63,24.57,24.63,2519700.0,2045400.0,0,0,0,0,0,0,0,0,0,0,0,0,0,0,0,0,0,0,0,0,0,0,0,0,75,2026-02-06 02:37:24.014548
SMMR,26.29,26.32,26.35,2312000.0,1080200.0,0,0,0,0,0,0,0,0,0,0,0,0,0,0,0,0,0,0,0,0,0,0,0,0,75,2026-02-06 02:37:24.014548
ATMN,23.84,23.92,24.05,1925000.0,2285500.0,0,0,0,0,0,0,0,0,0,0,0,0,0,0,0,0,0,0,0,0,0,0,0,0,75,2026-02-06 02:37:24.014548
WNTR,25.95,25.71,25.79,1656400.0,1920200.0,0,0,0,0,0,0,0,0,0,0,0,0,0,0,0,0,0,0,0,0,0,0,0,0,75,2026-02-06 02:37:24.014548
SPNG,25.01,24.61,25.01,2502800.0,1921900.0,0,0,0,0,0,0,0,0,0,0,0,0,0,0,0,0,0,0,0,0,0,0,0,0,76,2026-02-06 02:37:25.064505
SMMR,26.32,26.14,26.32,2339300.0,1368500.0,0,0,0,0,0,0,0,0,0,0,0,0,0,0,0,0,0,0,0,0,0,0,0,0,76,2026-02-06 02:37:25.064505
ATMN,24.03,24.03,24.05,2060100.0,2281300.0,0,0,0,0,0,0,0,0,0,0,0,0,0,0,0,0,0,0,0,0,0,0,0,0,76,2026-02-06 02:37:25.064505
WNTR,25.77,25.73,25.77,1779300.0,1952900.0,0,0,0,0,0,0,0,0,0,0,0,0,0,0,0,0,0,0,0,0,0,0,0,0,76,2026-02-06 02:37:25.064505
SPNG,25.33,24.61,24.88,2502800.0,2036100.0,0,0,0,0,0,0,0,0,0,0,0,0,0,0,0,0,0,0,0,0,0,0,0,0,77,2026-02-06 02:37:26.107485
SMMR,26.14,26.1,26.12,2310000.0,1595700.0,0,0,0,0,0,0,0,0,0,0,0,0,0,0,0,0,0,0,0,0,0,0,0,0,77,2026-02-06 02:37:26.107485
ATMN,23.92,23.92,24.05,1925000.0,2248500.0,0,0,0,0,0,0,0,0,0,0,0,0,0,0,0,0,0,0,0,0,0,0,0,0,77,2026-02-06 02:37:26.107485
WNTR,25.73,25.73,25.79,1868900.0,1957300.0,0,0,0,0,0,0,0,0,0,0,0,0,0,0,0,0,0,0,0,0,0,0,0,0,77,2026-02-06 02:37:26.107485
SPNG,24.88,25.11,25.33,2439300.0,1992500.0,0,0,0,0,0,0,0,0,0,0,0,0,0,0,0,0,0,0,0,0,0,0,0,0,78,2026-02-06 02:37:26.681098
SMMR,26.12,26.22,26.25,2296900.0,1494000.0,0,0,0,0,0,0,0,0,0,0,0,0,0,0,0,0,0,0,0,0,0,0,0,0,78,2026-02-06 02:37:26.681098
ATMN,24.06,23.7,24.06,1793800.0,2271800.0,0,0,0,0,0,0,0,0,0,0,0,0,0,0,0,0,0,0,0,0,0,0,0,0,78,2026-02-06 02:37:26.681098
WNTR,25.71,25.71,25.79,1656400.0,1971000.0,0,0,0,0,0,0,0,0,0,0,0,0,0,0,0,0,0,0,0,0,0,0,0,0,78,2026-02-06 02:37:26.681098
SPNG,25.11,24.61,24.81,2407000.0,2093000.0,0,0,0,0,0,0,0,0,0,0,0,0,0,0,0,0,0,0,0,0,0,0,0,0,79,2026-02-06 02:37:27.764417
SMMR,26.25,26.22,26.25,2302400.0,1610900.0,0,0,0,0,0,0,0,0,0,0,0,0,0,0,0,0,0,0,0,0,0,0,0,0,79,2026-02-06 02:37:27.764417
ATMN,24.1,23.7,24.1,1793800.0,2268900.0,0,0,0,0,0,0,0,0,0,0,0,0,0,0,0,0,0,0,0,0,0,0,0,0,79,2026-02-06 02:37:27.764417
WNTR,25.71,25.71,25.72,1753400.0,1981800.0,0,0,0,0,0,0,0,0,0,0,0,0,0,0,0,0,0,0,0,0,0,0,0,0,79,2026-02-06 02:37:27.764417
SPNG,24.81,25.3,25.33,2411200.0,2107200.0,0,0,0,0,0,0,0,0,0,0,0,0,0,0,0,0,0,0,0,0,0,0,0,0,80,2026-02-06 02:37:28.818539
SMMR,26.25,26.25,26.32,2289600.0,1657200.0,0,0,0,0,0,0,0,0,0,0,0,0,0,0,0,0,0,0,0,0,0,0,0,0,80,2026-02-06 02:37:28.818539
ATMN,23.86,23.7,23.86,1944900.0,2272500.0,0,0,0,0,0,0,0,0,0,0,0,0,0,0,0,0,0,0,0,0,0,0,0,0,80,2026-02-06 02:37:28.818539
WNTR,25.72,25.74,25.79,2072400.0,1976400.0,0,0,0,0,0,0,0,0,0,0,0,0,0,0,0,0,0,0,0,0,0,0,0,0,80,2026-02-06 02:37:28.818539
SPNG,25.3,25.3,25.33,2411200.0,2191000.0,0,0,0,0,0,0,0,0,0,0,0,0,0,0,0,0,0,0,0,0,0,0,0,0,81,2026-02-06 02:37:29.863994
SMMR,26.33,26.1,26.33,2297000.0,1558400.0,0,0,0,0,0,0,0,0,0,0,0,0,0,0,0,0,0,0,0,0,0,0,0,0,81,2026-02-06 02:37:29.863994
ATMN,23.86,23.83,23.86,2217500.0,2263600.0,0,0,0,0,0,0,0,0,0,0,0,0,0,0,0,0,0,0,0,0,0,0,0,0,81,2026-02-06 02:37:29.863994
WNTR,25.7,25.73,25.79,2077700.0,1976400.0,0,0,0,0,0,0,0,0,0,0,0,0,0,0,0,0,0,0,0,0,0,0,0,0,81,2026-02-06 02:37:29.863994
SPNG,25.25,24.61,25.25,2407000.0,2201600.0,0,0,0,0,0,0,0,0,0,0,0,0,0,0,0,0,0,0,0,0,0,0,0,0,82,2026-02-06 02:37:30.902023
SMMR,26.1,26.15,26.33,2315400.0,1558400.0,0,0,0,0,0,0,0,0,0,0,0,0,0,0,0,0,0,0,0,0,0,0,0,0,82,2026-02-06 02:37:30.902023
ATMN,23.86,23.9,24.1,2459300.0,2264300.0,0,0,0,0,0,0,0,0,0,0,0,0,0,0,0,0,0,0,0,0,0,0,0,0,82,2026-02-06 02:37:30.902023
WNTR,25.7,25.7,25.79,2104700.0,1984600.0,0,0,0,0,0,0,0,0,0,0,0,0,0,0,0,0,0,0,0,0,0,0,0,0,82,2026-02-06 02:37:30.902023
SPNG,25.25,24.61,24.73,2407000.0,2220000.0,0,0,0,0,0,0,0,0,0,0,0,0,0,0,0,0,0,0,0,0,0,0,0,0,83,2026-02-06 02:37:31.960891
SMMR,26.35,26.41,26.42,2316500.0,1474300.0,0,0,0,0,0,0,0,0,0,0,0,0,0,0,0,0,0,0,0,0,0,0,0,0,83,2026-02-06 02:37:31.960891
ATMN,23.64,23.64,24.12,2094800.0,2266100.0,0,0,0,0,0,0,0,0,0,0,0,0,0,0,0,0,0,0,0,0,0,0,0,0,83,2026-02-06 02:37:31.960891
WNTR,25.81,25.7,25.72,2104700.0,1985400.0,0,0,0,0,0,0,0,0,0,0,0,0,0,0,0,0,0,0,0,0,0,0,0,0,83,2026-02-06 02:37:31.960891
SPNG,24.73,24.61,24.73,2364700.0,2220000.0,0,0,0,0,0,0,0,0,0,0,0,0,0,0,0,0,0,0,0,0,0,0,0,0,84,2026-02-06 02:37:33.039816
SMMR,26.41,26.16,26.24,2316200.0,1694600.0,0,0,0,0,0,0,0,0,0,0,0,0,0,0,0,0,0,0,0,0,0,0,0,0,84,2026-02-06 02:37:33.039816
ATMN,23.64,23.92,24.12,2490900.0,2308800.0,0,0,0,0,0,0,0,0,0,0,0,0,0,0,0,0,0,0,0,0,0,0,0,0,84,2026-02-06 02:37:33.039816
WNTR,25.67,25.67,25.72,2090200.0,1981600.0,0,0,0,0,0,0,0,0,0,0,0,0,0,0,0,0,0,0,0,0,0,0,0,0,84,2026-02-06 02:37:33.039816
SPNG,24.61,24.61,25.24,2364700.0,2214100.0,0,0,0,0,0,0,0,0,0,0,0,0,0,0,0,0,0,0,0,0,0,0,0,0,85,2026-02-06 02:37:34.111975
SMMR,26.24,26.28,26.37,2329500.0,1663300.0,0,0,0,0,0,0,0,0,0,0,0,0,0,0,0,0,0,0,0,0,0,0,0,0,85,2026-02-06 02:37:34.111975
ATMN,24.12,24.17,24.18,2696500.0,2314500.0,0,0,0,0,0,0,0,0,0,0,0,0,0,0,0,0,0,0,0,0,0,0,0,0,85,2026-02-06 02:37:34.111975
WNTR,25.86,25.67,25.73,2093900.0,1984700.0,0,0,0,0,0,0,0,0,0,0,0,0,0,0,0,0,0,0,0,0,0,0,0,0,85,2026-02-06 02:37:34.111975
SPNG,24.71,25.2,25.24,2397000.0,2253800.0,0,0,0,0,0,0,0,0,0,0,0,0,0,0,0,0,0,0,0,0,0,0,0,0,86,2026-02-06 02:37:35.152623
SMMR,26.24,26.3,26.36,2333200.0,1759400.0,0,0,0,0,0,0,0,0,0,0,0,0,0,0,0,0,0,0,0,0,0,0,0,0,86,2026-02-06 02:37:35.152623
ATMN,24.17,23.92,23.93,2593100.0,2271300.0,0,0,0,0,0,0,0,0,0,0,0,0,0,0,0,0,0,0,0,0,0,0,0,0,86,2026-02-06 02:37:35.152623
WNTR,25.86,25.63,25.86,2088100.0,1981600.0,0,0,0,0,0,0,0,0,0,0,0,0,0,0,0,0,0,0,0,0,0,0,0,0,86,2026-02-06 02:37:35.152623
SPNG,25.2,25.2,25.24,2397000.0,2282300.0,0,0,0,0,0,0,0,0,0,0,0,0,0,0,0,0,0,0,0,0,0,0,0,0,87,2026-02-06 02:37:35.682002
SMMR,26.36,26.36,26.37,2305800.0,1663300.0,0,0,0,0,0,0,0,0,0,0,0,0,0,0,0,0,0,0,0,0,0,0,0,0,87,2026-02-06 02:37:35.682002
ATMN,24.17,23.92,23.93,2593100.0,2296800.0,0,0,0,0,0,0,0,0,0,0,0,0,0,0,0,0,0,0,0,0,0,0,0,0,87,2026-02-06 02:37:35.682002
WNTR,25.86,25.71,25.86,2090600.0,1981600.0,0,0,0,0,0,0,0,0,0,0,0,0,0,0,0,0,0,0,0,0,0,0,0,0,87,2026-02-06 02:37:35.682002
SPNG,24.99,24.61,24.95,2364700.0,2298000.0,0,0,0,0,0,0,0,0,0,0,0,0,0,0,0,0,0,0,0,0,0,0,0,0,88,2026-02-06 02:37:36.719718
SMMR,26.28,26.28,26.37,2322500.0,1784300.0,0,0,0,0,0,0,0,0,0,0,0,0,0,0,0,0,0,0,0,0,0,0,0,0,88,2026-02-06 02:37:36.719718
ATMN,23.92,23.92,24.01,2593100.0,2310300.0,0,0,0,0,0,0,0,0,0,0,0,0,0,0,0,0,0,0,0,0,0,0,0,0,88,2026-02-06 02:37:36.719718
WNTR,25.9,25.8,25.9,2107600.0,1983700.0,0,0,0,0,0,0,0,0,0,0,0,0,0,0,0,0,0,0,0,0,0,0,0,0,88,2026-02-06 02:37:36.719718
SPNG,24.61,24.61,24.95,2364700.0,2274000.0,0,0,0,0,0,0,0,0,0,0,0,0,0,0,0,0,0,0,0,0,0,0,0,0,89,2026-02-06 02:37:37.759196
SMMR,26.28,26.28,26.31,2324600.0,1999900.0,0,0,0,0,0,0,0,0,0,0,0,0,0,0,0,0,0,0,0,0,0,0,0,0,89,2026-02-06 02:37:37.759196
ATMN,23.92,23.92,23.97,2688300.0,2324000.0,0,0,0,0,0,0,0,0,0,0,0,0,0,0,0,0,0,0,0,0,0,0,0,0,89,2026-02-06 02:37:37.759196
WNTR,25.95,25.89,25.95,2129100.0,1979800.0,0,0,0,0,0,0,0,0,0,0,0,0,0,0,0,0,0,0,0,0,0,0,0,0,89,2026-02-06 02:37:37.759196
SPNG,24.61,24.57,24.61,2348800.0,2281200.0,0,0,0,0,0,0,0,0,0,0,0,0,0,0,0,0,0,0,0,0,0,0,0,0,90,2026-02-06 02:37:38.789468
SMMR,26.37,26.28,26.37,2324600.0,1963500.0,0,0,0,0,0,0,0,0,0,0,0,0,0,0,0,0,0,0,0,0,0,0,0,0,90,2026-02-06 02:37:38.789468
ATMN,23.92,23.92,23.97,2575800.0,2322000.0,0,0,0,0,0,0,0,0,0,0,0,0,0,0,0,0,0,0,0,0,0,0,0,0,90,2026-02-06 02:37:38.789468
WNTR,25.89,25.8,25.89,2126400.0,2027700.0,0,0,0,0,0,0,0,0,0,0,0,0,0,0,0,0,0,0,0,0,0,0,0,0,90,2026-02-06 02:37:38.789468
SPNG,24.61,24.72,24.95,2353800.0,2274000.0,0,0,0,0,0,0,0,0,0,0,0,0,0,0,0,0,0,0,0,0,0,0,0,0,91,2026-02-06 02:37:39.824427
SMMR,26.25,26.25,26.36,2358200.0,2007200.0,0,0,0,0,0,0,0,0,0,0,0,0,0,0,0,0,0,0,0,0,0,0,0,0,91,2026-02-06 02:37:39.824427
ATMN,24.01,23.92,24.01,2575800.0,2296200.0,0,0,0,0,0,0,0,0,0,0,0,0,0,0,0,0,0,0,0,0,0,0,0,0,91,2026-02-06 02:37:39.824427
WNTR,25.95,25.8,25.89,2126400.0,2041200.0,0,0,0,0,0,0,0,0,0,0,0,0,0,0,0,0,0,0,0,0,0,0,0,0,91,2026-02-06 02:37:39.824427
SPNG,25.05,24.72,25.24,2353800.0,2286000.0,0,0,0,0,0,0,0,0,0,0,0,0,0,0,0,0,0,0,0,0,0,0,0,0,92,2026-02-06 02:37:40.858104
SMMR,26.22,26.22,26.3,2342500.0,2017500.0,0,0,0,0,0,0,0,0,0,0,0,0,0,0,0,0,0,0,0,0,0,0,0,0,92,2026-02-06 02:37:40.858104
ATMN,23.9,23.9,24.01,2719300.0,2308400.0,0,0,0,0,0,0,0,0,0,0,0,0,0,0,0,0,0,0,0,0,0,0,0,0,92,2026-02-06 02:37:40.858104
WNTR,25.86,25.8,25.86,2126400.0,2073700.0,0,0,0,0,0,0,0,0,0,0,0,0,0,0,0,0,0,0,0,0,0,0,0,0,92,2026-02-06 02:37:40.858104
SPNG,25.05,24.72,24.79,2353800.0,2292300.0,0,0,0,0,0,0,0,0,0,0,0,0,0,0,0,0,0,0,0,0,0,0,0,0,93,2026-02-06 02:37:41.911765
SMMR,26.22,26.28,26.3,2345300.0,2085900.0,0,0,0,0,0,0,0,0,0,0,0,0,0,0,0,0,0,0,0,0,0,0,0,0,93,2026-02-06 02:37:41.911765
ATMN,23.9,23.9,24.01,2719300.0,2308400.0,0,0,0,0,0,0,0,0,0,0,0,0,0,0,0,0,0,0,0,0,0,0,0,0,93,2026-02-06 02:37:41.911765
WNTR,25.86,25.87,25.89,2138000.0,2069100.0,0,0,0,0,0,0,0,0,0,0,0,0,0,0,0,0,0,0,0,0,0,0,0,0,93,2026-02-06 02:37:41.911765
SPNG,24.72,24.57,24.68,2381200.0,2305300.0,0,0,0,0,0,0,0,0,0,0,0,0,0,0,0,0,0,0,0,0,0,0,0,0,94,2026-02-06 02:37:42.982430
SMMR,26.22,26.22,26.3,2349400.0,2121700.0,0,0,0,0,0,0,0,0,0,0,0,0,0,0,0,0,0,0,0,0,0,0,0,0,94,2026-02-06 02:37:42.982430
ATMN,23.9,23.9,24.01,2719300.0,2308700.0,0,0,0,0,0,0,0,0,0,0,0,0,0,0,0,0,0,0,0,0,0,0,0,0,94,2026-02-06 02:37:42.982430
WNTR,25.97,25.87,25.97,2138000.0,2010800.0,0,0,0,0,0,0,0,0,0,0,0,0,0,0,0,0,0,0,0,0,0,0,0,0,94,2026-02-06 02:37:42.982430
SPNG,25.26,24.57,24.81,2376700.0,2309100.0,0,0,0,0,0,0,0,0,0,0,0,0,0,0,0,0,0,0,0,0,0,0,0,0,95,2026-02-06 02:37:44.041687
SMMR,26.2,26.21,26.3,2347900.0,2121700.0,0,0,0,0,0,0,0,0,0,0,0,0,0,0,0,0,0,0,0,0,0,0,0,0,95,2026-02-06 02:37:44.041687
ATMN,23.9,23.9,23.91,2673900.0,2306400.0,0,0,0,0,0,0,0,0,0,0,0,0,0,0,0,0,0,0,0,0,0,0,0,0,95,2026-02-06 02:37:44.041687
WNTR,25.87,25.8,25.84,2136000.0,1992700.0,0,0,0,0,0,0,0,0,0,0,0,0,0,0,0,0,0,0,0,0,0,0,0,0,95,2026-02-06 02:37:44.041687
SPNG,25.26,24.8,24.81,2362200.0,2309100.0,0,0,0,0,0,0,0,0,0,0,0,0,0,0,0,0,0,0,0,0,0,0,0,0,96,2026-02-06 02:37:45.121711
SMMR,26.23,26.21,26.23,2347900.0,2132700.0,0,0,0,0,0,0,0,0,0,0,0,0,0,0,0,0,0,0,0,0,0,0,0,0,96,2026-02-06 02:37:45.121711
ATMN,23.64,23.64,23.91,2678400.0,2306400.0,0,0,0,0,0,0,0,0,0,0,0,0,0,0,0,0,0,0,0,0,0,0,0,0,96,2026-02-06 02:37:45.121711
WNTR,25.8,25.83,25.84,2137300.0,1992700.0,0,0,0,0,0,0,0,0,0,0,0,0,0,0,0,0,0,0,0,0,0,0,0,0,96,2026-02-06 02:37:45.121711
SPNG,24.8,24.8,24.81,2365400.0,2309100.0,0,0,0,0,0,0,0,0,0,0,0,0,0,0,0,0,0,0,0,0,0,0,0,0,97,2026-02-06 02:37:46.172093
SMMR,26.3,26.21,26.24,2347900.0,2130500.0,0,0,0,0,0,0,0,0,0,0,0,0,0,0,0,0,0,0,0,0,0,0,0,0,97,2026-02-06 02:37:46.172093
ATMN,23.51,23.51,24.01,2700300.0,2308700.0,0,0,0,0,0,0,0,0,0,0,0,0,0,0,0,0,0,0,0,0,0,0,0,0,97,2026-02-06 02:37:46.172093
WNTR,25.84,25.87,25.91,2142100.0,1999500.0,0,0,0,0,0,0,0,0,0,0,0,0,0,0,0,0,0,0,0,0,0,0,0,0,97,2026-02-06 02:37:46.172093
SPNG,24.66,24.66,24.81,2341300.0,2309100.0,0,0,0,0,0,0,0,0,0,0,0,0,0,0,0,0,0,0,0,0,0,0,0,0,98,2026-02-06 02:37:46.714541
SMMR,26.17,26.17,26.23,2326900.0,2136000.0,0,0,0,0,0,0,0,0,0,0,0,0,0,0,0,0,0,0,0,0,0,0,0,0,98,2026-02-06 02:37:46.714541
ATMN,23.51,23.56,24.01,2658700.0,2308700.0,0,0,0,0,0,0,0,0,0,0,0,0,0,0,0,0,0,0,0,0,0,0,0,0,98,2026-02-06 02:37:46.714541
WNTR,25.87,25.87,25.91,2142100.0,2012900.0,0,0,0,0,0,0,0,0,0,0,0,0,0,0,0,0,0,0,0,0,0,0,0,0,98,2026-02-06 02:37:46.714541
SPNG,24.81,24.66,24.81,2341300.0,2309100.0,0,0,0,0,0,0,0,0,0,0,0,0,0,0,0,0,0,0,0,0,0,0,0,0,99,2026-02-06 02:37:47.780685
SMMR,26.16,26.16,26.23,2341400.0,2149400.0,0,0,0,0,0,0,0,0,0,0,0,0,0,0,0,0,0,0,0,0,0,0,0,0,99,2026-02-06 02:37:47.780685
ATMN,23.51,23.56,24.01,2582300.0,2276900.0,0,0,0,0,0,0,0,0,0,0,0,0,0,0,0,0,0,0,0,0,0,0,0,0,99,2026-02-06 02:37:47.780685
WNTR,25.71,25.79,25.97,2102400.0,2004600.0,0,0,0,0,0,0,0,0,0,0,0,0,0,0,0,0,0,0,0,0,0,0,0,0,99,2026-02-06 02:37:47.780685
SPNG,24.81,24.9,25.05,2294400.0,2329000.0,0,0,0,0,0,0,0,0,0,0,0,0,0,0,0,0,0,0,0,0,0,0,0,0,100,2026-02-06 02:37:48.831441
SMMR,26.24,26.26,26.3,2354900.0,2120300.0,0,0,0,0,0,0,0,0,0,0,0,0,0,0,0,0,0,0,0,0,0,0,0,0,100,2026-02-06 02:37:48.831441
ATMN,24.03,23.86,24.03,2496600.0,2295300.0,0,0,0,0,0,0,0,0,0,0,0,0,0,0,0,0,0,0,0,0,0,0,0,0,100,2026-02-06 02:37:48.831441
WNTR,25.71,25.82,25.97,2112900.0,2004600.0,0,0,0,0,0,0,0,0,0,0,0,0,0,0,0,0,0,0,0,0,0,0,0,0,100,2026-02-06 02:37:48.831441
SPNG,24.9,24.66,24.87,2326800.0,2317900.0,0,0,0,0,0,0,0,0,0,0,0,0,0,0,0,0,0,0,0,0,0,0,0,0,101,2026-02-06 02:37:49.889138
SMMR,26.16,26.16,26.28,2351400.0,2128900.0,0,0,0,0,0,0,0,0,0,0,0,0,0,0,0,0,0,0,0,0,0,0,0,0,101,2026-02-06 02:37:49.889138
ATMN,23.51,23.51,24.03,2616800.0,2302000.0,0,0,0,0,0,0,0,0,0,0,0,0,0,0,0,0,0,0,0,0,0,0,0,0,101,2026-02-06 02:37:49.889138
WNTR,25.71,25.82,25.95,2112900.0,2045300.0,0,0,0,0,0,0,0,0,0,0,0,0,0,0,0,0,0,0,0,0,0,0,0,0,101,2026-02-06 02:37:49.889138
SPNG,24.56,24.56,24.79,2278900.0,2324900.0,0,0,0,0,0,0,0,0,0,0,0,0,0,0,0,0,0,0,0,0,0,0,0,0,102,2026-02-06 02:37:50.938673
SMMR,26.25,26.16,26.18,2324300.0,2158600.0,0,0,0,0,0,0,0,0,0,0,0,0,0,0,0,0,0,0,0,0,0,0,0,0,102,2026-02-06 02:37:50.938673
ATMN,24.15,24.11,24.15,2538000.0,2305500.0,0,0,0,0,0,0,0,0,0,0,0,0,0,0,0,0,0,0,0,0,0,0,0,0,102,2026-02-06 02:37:50.938673
WNTR,25.88,25.96,25.97,2127300.0,2042300.0,0,0,0,0,0,0,0,0,0,0,0,0,0,0,0,0,0,0,0,0,0,0,0,0,102,2026-02-06 02:37:50.938673
SPNG,25.05,24.83,25.05,2284200.0,2340200.0,0,0,0,0,0,0,0,0,0,0,0,0,0,0,0,0,0,0,0,0,0,0,0,0,103,2026-02-06 02:37:51.993948
SMMR,26.3,26.16,26.32,2317500.0,2133300.0,0,0,0,0,0,0,0,0,0,0,0,0,0,0,0,0,0,0,0,0,0,0,0,0,103,2026-02-06 02:37:51.993948
ATMN,23.51,23.7,24.15,2554900.0,2305500.0,0,0,0,0,0,0,0,0,0,0,0,0,0,0,0,0,0,0,0,0,0,0,0,0,103,2026-02-06 02:37:51.993948
WNTR,25.97,25.81,25.97,2103000.0,2066700.0,0,0,0,0,0,0,0,0,0,0,0,0,0,0,0,0,0,0,0,0,0,0,0,0,103,2026-02-06 02:37:51.993948
SPNG,25.05,24.83,24.97,2284200.0,2383800.0,0,0,0,0,0,0,0,0,0,0,0,0,0,0,0,0,0,0,0,0,0,0,0,0,104,2026-02-06 02:37:53.127088
SMMR,26.36,26.16,26.36,2317900.0,2093400.0,0,0,0,0,0,0,0,0,0,0,0,0,0,0,0,0,0,0,0,0,0,0,0,0,104,2026-02-06 02:37:53.127088
ATMN,23.78,23.53,23.56,2611800.0,2271300.0,0,0,0,0,0,0,0,0,0,0,0,0,0,0,0,0,0,0,0,0,0,0,0,0,104,2026-02-06 02:37:53.127088
WNTR,25.98,25.93,25.98,2101800.0,2021700.0,0,0,0,0,0,0,0,0,0,0,0,0,0,0,0,0,0,0,0,0,0,0,0,0,104,2026-02-06 02:37:53.127088
SPNG,24.97,24.56,24.97,2284500.0,2391000.0,0,0,0,0,0,0,0,0,0,0,0,0,0,0,0,0,0,0,0,0,0,0,0,0,105,2026-02-06 02:37:54.182416
SMMR,26.15,26.15,26.36,2285100.0,2093400.0,0,0,0,0,0,0,0,0,0,0,0,0,0,0,0,0,0,0,0,0,0,0,0,0,105,2026-02-06 02:37:54.182416
ATMN,23.53,23.53,24.13,2553300.0,2277000.0,0,0,0,0,0,0,0,0,0,0,0,0,0,0,0,0,0,0,0,0,0,0,0,0,105,2026-02-06 02:37:54.182416
WNTR,25.98,25.98,25.99,2057500.0,2005200.0,0,0,0,0,0,0,0,0,0,0,0,0,0,0,0,0,0,0,0,0,0,0,0,0,105,2026-02-06 02:37:54.182416
SPNG,24.56,24.56,24.97,2277200.0,2391000.0,0,0,0,0,0,0,0,0,0,0,0,0,0,0,0,0,0,0,0,0,0,0,0,0,106,2026-02-06 02:37:55.230231
SMMR,26.14,26.14,26.26,2278300.0,2120500.0,0,0,0,0,0,0,0,0,0,0,0,0,0,0,0,0,0,0,0,0,0,0,0,0,106,2026-02-06 02:37:55.230231
ATMN,23.53,23.87,24.01,2513400.0,2273100.0,0,0,0,0,0,0,0,0,0,0,0,0,0,0,0,0,0,0,0,0,0,0,0,0,106,2026-02-06 02:37:55.230231
WNTR,25.98,25.98,25.99,2076800.0,2023800.0,0,0,0,0,0,0,0,0,0,0,0,0,0,0,0,0,0,0,0,0,0,0,0,0,106,2026-02-06 02:37:55.230231
SPNG,24.56,24.84,24.97,2267500.0,2390800.0,0,0,0,0,0,0,0,0,0,0,0,0,0,0,0,0,0,0,0,0,0,0,0,0,107,2026-02-06 02:37:55.785015
SMMR,26.14,26.14,26.26,2278300.0,2137500.0,0,0,0,0,0,0,0,0,0,0,0,0,0,0,0,0,0,0,0,0,0,0,0,0,107,2026-02-06 02:37:55.785015
ATMN,23.87,23.87,24.01,2513400.0,2278600.0,0,0,0,0,0,0,0,0,0,0,0,0,0,0,0,0,0,0,0,0,0,0,0,0,107,2026-02-06 02:37:55.785015
WNTR,25.89,25.89,25.99,2099000.0,2023800.0,0,0,0,0,0,0,0,0,0,0,0,0,0,0,0,0,0,0,0,0,0,0,0,0,107,2026-02-06 02:37:55.785015
SPNG,24.56,24.91,24.97,2255100.0,2371700.0,0,0,0,0,0,0,0,0,0,0,0,0,0,0,0,0,0,0,0,0,0,0,0,0,108,2026-02-06 02:37:56.845416
SMMR,26.19,26.19,26.26,2240900.0,2137500.0,0,0,0,0,0,0,0,0,0,0,0,0,0,0,0,0,0,0,0,0,0,0,0,0,108,2026-02-06 02:37:56.845416
ATMN,23.53,23.53,23.84,2553300.0,2293500.0,0,0,0,0,0,0,0,0,0,0,0,0,0,0,0,0,0,0,0,0,0,0,0,0,108,2026-02-06 02:37:56.845416
WNTR,25.99,25.9,25.99,2119700.0,2023800.0,0,0,0,0,0,0,0,0,0,0,0,0,0,0,0,0,0,0,0,0,0,0,0,0,108,2026-02-06 02:37:56.845416
SPNG,24.97,24.91,24.96,2255100.0,2390000.0,0,0,0,0,0,0,0,0,0,0,0,0,0,0,0,0,0,0,0,0,0,0,0,0,109,2026-02-06 02:37:57.885634
SMMR,26.3,26.3,26.36,2237400.0,2109900.0,0,0,0,0,0,0,0,0,0,0,0,0,0,0,0,0,0,0,0,0,0,0,0,0,109,2026-02-06 02:37:57.885634
ATMN,23.53,23.83,23.84,2497900.0,2293500.0,0,0,0,0,0,0,0,0,0,0,0,0,0,0,0,0,0,0,0,0,0,0,0,0,109,2026-02-06 02:37:57.885634
WNTR,26.0,25.91,26.0,2119500.0,1988600.0,0,0,0,0,0,0,0,0,0,0,0,0,0,0,0,0,0,0,0,0,0,0,0,0,109,2026-02-06 02:37:57.885634
SPNG,24.84,24.84,24.93,2267500.0,2349900.0,0,0,0,0,0,0,0,0,0,0,0,0,0,0,0,0,0,0,0,0,0,0,0,0,110,2026-02-06 02:37:58.944950
SMMR,26.19,26.19,26.33,2240900.0,2104900.0,0,0,0,0,0,0,0,0,0,0,0,0,0,0,0,0,0,0,0,0,0,0,0,0,110,2026-02-06 02:37:58.944950
ATMN,23.66,23.66,23.84,2540400.0,2317300.0,0,0,0,0,0,0,0,0,0,0,0,0,0,0,0,0,0,0,0,0,0,0,0,0,110,2026-02-06 02:37:58.944950
WNTR,26.0,25.99,26.0,2062300.0,1987400.0,0,0,0,0,0,0,0,0,0,0,0,0,0,0,0,0,0,0,0,0,0,0,0,0,110,2026-02-06 02:37:58.944950
SPNG,24.95,24.56,24.95,2277200.0,2371500.0,0,0,0,0,0,0,0,0,0,0,0,0,0,0,0,0,0,0,0,0,0,0,0,0,111,2026-02-06 02:37:59.993611
SMMR,26.11,26.11,26.3,2299300.0,2108000.0,0,0,0,0,0,0,0,0,0,0,0,0,0,0,0,0,0,0,0,0,0,0,0,0,111,2026-02-06 02:37:59.993611
ATMN,23.51,23.51,23.62,2571200.0,2306000.0,0,0,0,0,0,0,0,0,0,0,0,0,0,0,0,0,0,0,0,0,0,0,0,0,111,2026-02-06 02:37:59.993611
WNTR,25.98,25.98,26.0,2091400.0,1987400.0,0,0,0,0,0,0,0,0,0,0,0,0,0,0,0,0,0,0,0,0,0,0,0,0,111,2026-02-06 02:37:59.993611
SPNG,24.96,24.56,24.96,2283500.0,2390000.0,0,0,0,0,0,0,0,0,0,0,0,0,0,0,0,0,0,0,0,0,0,0,0,0,112,2026-02-06 02:38:01.194811
SMMR,26.17,26.11,26.17,2299300.0,2140400.0,0,0,0,0,0,0,0,0,0,0,0,0,0,0,0,0,0,0,0,0,0,0,0,0,112,2026-02-06 02:38:01.194811
ATMN,23.62,23.67,23.76,2551200.0,2330200.0,0,0,0,0,0,0,0,0,0,0,0,0,0,0,0,0,0,0,0,0,0,0,0,0,112,2026-02-06 02:38:01.194811
WNTR,25.98,25.96,25.98,2088500.0,2012800.0,0,0,0,0,0,0,0,0,0,0,0,0,0,0,0,0,0,0,0,0,0,0,0,0,112,2026-02-06 02:38:01.194811
SPNG,25.02,24.8,25.02,2302300.0,2380000.0,0,0,0,0,0,0,0,0,0,0,0,0,0,0,0,0,0,0,0,0,0,0,0,0,113,2026-02-06 02:38:01.823163
SMMR,26.33,26.11,26.33,2299300.0,2143200.0,0,0,0,0,0,0,0,0,0,0,0,0,0,0,0,0,0,0,0,0,0,0,0,0,113,2026-02-06 02:38:01.823163
ATMN,23.76,23.67,23.71,2481600.0,2340900.0,0,0,0,0,0,0,0,0,0,0,0,0,0,0,0,0,0,0,0,0,0,0,0,0,113,2026-02-06 02:38:01.823163
WNTR,25.98,25.97,25.98,2125200.0,2012800.0,0,0,0,0,0,0,0,0,0,0,0,0,0,0,0,0,0,0,0,0,0,0,0,0,113,2026-02-06 02:38:01.823163
SPNG,24.53,24.53,25.02,2284300.0,2380000.0,0,0,0,0,0,0,0,0,0,0,0,0,0,0,0,0,0,0,0,0,0,0,0,0,114,2026-02-06 02:38:02.911150
SMMR,26.33,26.11,26.15,2299300.0,2173400.0,0,0,0,0,0,0,0,0,0,0,0,0,0,0,0,0,0,0,0,0,0,0,0,0,114,2026-02-06 02:38:02.911150
ATMN,23.67,23.5,23.64,2520300.0,2327300.0,0,0,0,0,0,0,0,0,0,0,0,0,0,0,0,0,0,0,0,0,0,0,0,0,114,2026-02-06 02:38:02.911150
WNTR,25.93,25.93,25.98,2115800.0,2012800.0,0,0,0,0,0,0,0,0,0,0,0,0,0,0,0,0,0,0,0,0,0,0,0,0,114,2026-02-06 02:38:02.911150
SPNG,24.81,24.81,25.02,2323200.0,2354900.0,0,0,0,0,0,0,0,0,0,0,0,0,0,0,0,0,0,0,0,0,0,0,0,0,115,2026-02-06 02:38:03.951366
SMMR,26.33,26.11,26.15,2339200.0,2173400.0,0,0,0,0,0,0,0,0,0,0,0,0,0,0,0,0,0,0,0,0,0,0,0,0,115,2026-02-06 02:38:03.951366
ATMN,23.64,23.82,23.84,2492900.0,2300000.0,0,0,0,0,0,0,0,0,0,0,0,0,0,0,0,0,0,0,0,0,0,0,0,0,115,2026-02-06 02:38:03.951366
WNTR,26.01,25.92,26.01,2123500.0,1996300.0,0,0,0,0,0,0,0,0,0,0,0,0,0,0,0,0,0,0,0,0,0,0,0,0,115,2026-02-06 02:38:03.951366
SPNG,24.52,24.52,25.02,2310400.0,2354900.0,0,0,0,0,0,0,0,0,0,0,0,0,0,0,0,0,0,0,0,0,0,0,0,0,116,2026-02-06 02:38:04.981277
SMMR,26.15,26.26,26.33,2298100.0,2176600.0,0,0,0,0,0,0,0,0,0,0,0,0,0,0,0,0,0,0,0,0,0,0,0,0,116,2026-02-06 02:38:04.981277
ATMN,23.82,23.5,23.72,2477600.0,2274500.0,0,0,0,0,0,0,0,0,0,0,0,0,0,0,0,0,0,0,0,0,0,0,0,0,116,2026-02-06 02:38:04.981277
WNTR,26.03,25.99,26.03,2105600.0,1975800.0,0,0,0,0,0,0,0,0,0,0,0,0,0,0,0,0,0,0,0,0,0,0,0,0,116,2026-02-06 02:38:04.981277
SPNG,25.06,24.64,25.06,2279300.0,2347800.0,0,0,0,0,0,0,0,0,0,0,0,0,0,0,0,0,0,0,0,0,0,0,0,0,117,2026-02-06 02:38:06.015846
SMMR,26.11,26.12,26.33,2284400.0,2176600.0,0,0,0,0,0,0,0,0,0,0,0,0,0,0,0,0,0,0,0,0,0,0,0,0,117,2026-02-06 02:38:06.015846
ATMN,23.82,23.6,23.68,2459500.0,2251800.0,0,0,0,0,0,0,0,0,0,0,0,0,0,0,0,0,0,0,0,0,0,0,0,0,117,2026-02-06 02:38:06.015846
WNTR,26.03,26.0,26.03,2092500.0,1997400.0,0,0,0,0,0,0,0,0,0,0,0,0,0,0,0,0,0,0,0,0,0,0,0,0,117,2026-02-06 02:38:06.015846
SPNG,24.64,24.52,24.56,2280900.0,2298500.0,0,0,0,0,0,0,0,0,0,0,0,0,0,0,0,0,0,0,0,0,0,0,0,0,118,2026-02-06 02:38:07.059970
SMMR,26.14,26.22,26.33,2314800.0,2176600.0,0,0,0,0,0,0,0,0,0,0,0,0,0,0,0,0,0,0,0,0,0,0,0,0,118,2026-02-06 02:38:07.059970
ATMN,23.78,23.5,23.78,2463300.0,2312600.0,0,0,0,0,0,0,0,0,0,0,0,0,0,0,0,0,0,0,0,0,0,0,0,0,118,2026-02-06 02:38:07.059970
WNTR,26.03,26.03,26.04,2105400.0,1951200.0,0,0,0,0,0,0,0,0,0,0,0,0,0,0,0,0,0,0,0,0,0,0,0,0,118,2026-02-06 02:38:07.059970
SPNG,24.56,24.73,24.85,2288300.0,2286300.0,0,0,0,0,0,0,0,0,0,0,0,0,0,0,0,0,0,0,0,0,0,0,0,0,119,2026-02-06 02:38:08.100597
SMMR,26.12,26.12,26.24,2318400.0,2209600.0,0,0,0,0,0,0,0,0,0,0,0,0,0,0,0,0,0,0,0,0,0,0,0,0,119,2026-02-06 02:38:08.100597
ATMN,23.5,23.5,23.78,2463300.0,2292900.0,0,0,0,0,0,0,0,0,0,0,0,0,0,0,0,0,0,0,0,0,0,0,0,0,119,2026-02-06 02:38:08.100597
WNTR,26.04,26.03,26.04,2091100.0,1967500.0,0,0,0,0,0,0,0,0,0,0,0,0,0,0,0,0,0,0,0,0,0,0,0,0,119,2026-02-06 02:38:08.100597
SPNG,24.73,26.54,27.07,937700.0,874400.0,0,0,0,0,0,0,0,0,0,0,0,0,0,0,0,0,0,0,0,0,0,0,0,0,120,2026-02-06 02:38:09.235943
SMMR,26.12,25.98,26.04,936700.0,855200.0,0,0,0,0,0,0,0,0,0,0,0,0,0,0,0,0,0,0,0,0,0,0,0,0,120,2026-02-06 02:38:09.235943
ATMN,25.54,24.63,25.37,793300.0,718500.0,0,0,0,0,0,0,0,0,0,0,0,0,0,0,0,0,0,0,0,0,0,0,0,0,120,2026-02-06 02:38:09.235943
WNTR,25.99,24.78,25.03,933800.0,785700.0,0,0,0,0,0,0,0,0,0,0,0,0,0,0,0,0,0,0,0,0,0,0,0,0,120,2026-02-06 02:38:09.235943
SPNG,26.54,26.54,26.97,964100.0,1080400.0,0,0,0,0,0,0,0,0,0,0,0,0,0,0,0,0,0,0,0,0,0,0,0,0,121,2026-02-06 02:38:10.273890
SMMR,25.98,25.98,26.02,941700.0,1051000.0,0,0,0,0,0,0,0,0,0,0,0,0,0,0,0,0,0,0,0,0,0,0,0,0,121,2026-02-06 02:38:10.273890
ATMN,25.68,25.31,25.68,1388800.0,834400.0,0,0,0,0,0,0,0,0,0,0,0,0,0,0,0,0,0,0,0,0,0,0,0,0,121,2026-02-06 02:38:10.273890
WNTR,25.99,24.78,24.82,933800.0,1126200.0,0,0,0,0,0,0,0,0,0,0,0,0,0,0,0,0,0,0,0,0,0,0,0,0,121,2026-02-06 02:38:10.273890
SPNG,26.54,25.55,26.45,978400.0,1417400.0,0,0,0,0,0,0,0,0,0,0,0,0,0,0,0,0,0,0,0,0,0,0,0,0,122,2026-02-06 02:38:11.317921
SMMR,25.97,25.97,26.02,1068400.0,1051000.0,0,0,0,0,0,0,0,0,0,0,0,0,0,0,0,0,0,0,0,0,0,0,0,0,122,2026-02-06 02:38:11.317921
ATMN,25.68,25.31,25.68,1605700.0,929100.0,0,0,0,0,0,0,0,0,0,0,0,0,0,0,0,0,0,0,0,0,0,0,0,0,122,2026-02-06 02:38:11.317921
WNTR,24.68,24.68,24.7,933600.0,1472200.0,0,0,0,0,0,0,0,0,0,0,0,0,0,0,0,0,0,0,0,0,0,0,0,0,122,2026-02-06 02:38:11.317921
SPNG,26.54,25.65,26.45,1177300.0,1417400.0,0,0,0,0,0,0,0,0,0,0,0,0,0,0,0,0,0,0,0,0,0,0,0,0,123,2026-02-06 02:38:11.866955
SMMR,26.04,25.97,26.04,1068400.0,1044300.0,0,0,0,0,0,0,0,0,0,0,0,0,0,0,0,0,0,0,0,0,0,0,0,0,123,2026-02-06 02:38:11.866955
ATMN,25.68,25.33,25.68,1820700.0,929100.0,0,0,0,0,0,0,0,0,0,0,0,0,0,0,0,0,0,0,0,0,0,0,0,0,123,2026-02-06 02:38:11.866955
WNTR,24.68,24.68,24.7,933600.0,1659900.0,0,0,0,0,0,0,0,0,0,0,0,0,0,0,0,0,0,0,0,0,0,0,0,0,123,2026-02-06 02:38:11.866955
SPNG,26.54,26.27,26.45,1527000.0,1417400.0,0,0,0,0,0,0,0,0,0,0,0,0,0,0,0,0,0,0,0,0,0,0,0,0,124,2026-02-06 02:38:12.935828
SMMR,26.08,25.97,26.08,1169600.0,1057800.0,0,0,0,0,0,0,0,0,0,0,0,0,0,0,0,0,0,0,0,0,0,0,0,0,124,2026-02-06 02:38:12.935828
ATMN,25.31,25.58,25.68,1824400.0,1056200.0,0,0,0,0,0,0,0,0,0,0,0,0,0,0,0,0,0,0,0,0,0,0,0,0,124,2026-02-06 02:38:12.935828
WNTR,24.68,24.68,24.7,933600.0,1978000.0,0,0,0,0,0,0,0,0,0,0,0,0,0,0,0,0,0,0,0,0,0,0,0,0,124,2026-02-06 02:38:12.935828
SPNG,26.29,26.29,26.91,1654600.0,1306600.0,0,0,0,0,0,0,0,0,0,0,0,0,0,0,0,0,0,0,0,0,0,0,0,0,125,2026-02-06 02:38:13.995771
SMMR,25.97,25.95,25.97,1047200.0,1055000.0,0,0,0,0,0,0,0,0,0,0,0,0,0,0,0,0,0,0,0,0,0,0,0,0,125,2026-02-06 02:38:13.995771
ATMN,25.31,25.31,25.68,1699500.0,1366400.0,0,0,0,0,0,0,0,0,0,0,0,0,0,0,0,0,0,0,0,0,0,0,0,0,125,2026-02-06 02:38:13.995771
WNTR,24.68,24.68,24.7,933600.0,2106400.0,0,0,0,0,0,0,0,0,0,0,0,0,0,0,0,0,0,0,0,0,0,0,0,0,125,2026-02-06 02:38:13.995771
SPNG,26.91,26.42,26.86,1889400.0,1400400.0,0,0,0,0,0,0,0,0,0,0,0,0,0,0,0,0,0,0,0,0,0,0,0,0,126,2026-02-06 02:38:15.039148
SMMR,26.18,25.93,26.18,1053200.0,855700.0,0,0,0,0,0,0,0,0,0,0,0,0,0,0,0,0,0,0,0,0,0,0,0,0,126,2026-02-06 02:38:15.039148
ATMN,25.31,25.31,25.61,1699500.0,1382300.0,0,0,0,0,0,0,0,0,0,0,0,0,0,0,0,0,0,0,0,0,0,0,0,0,126,2026-02-06 02:38:15.039148
WNTR,24.66,24.66,24.7,927000.0,2143000.0,0,0,0,0,0,0,0,0,0,0,0,0,0,0,0,0,0,0,0,0,0,0,0,0,126,2026-02-06 02:38:15.039148
SPNG,26.91,26.42,26.86,2125400.0,1623000.0,0,0,0,0,0,0,0,0,0,0,0,0,0,0,0,0,0,0,0,0,0,0,0,0,127,2026-02-06 02:38:16.110536
SMMR,26.18,25.93,25.96,1159400.0,1179000.0,0,0,0,0,0,0,0,0,0,0,0,0,0,0,0,0,0,0,0,0,0,0,0,0,127,2026-02-06 02:38:16.110536
ATMN,25.31,25.31,25.33,1906800.0,1595300.0,0,0,0,0,0,0,0,0,0,0,0,0,0,0,0,0,0,0,0,0,0,0,0,0,127,2026-02-06 02:38:16.110536
WNTR,24.53,24.53,24.57,898800.0,2187900.0,0,0,0,0,0,0,0,0,0,0,0,0,0,0,0,0,0,0,0,0,0,0,0,0,127,2026-02-06 02:38:16.110536
SPNG,26.97,26.42,26.97,2125400.0,1591200.0,0,0,0,0,0,0,0,0,0,0,0,0,0,0,0,0,0,0,0,0,0,0,0,0,128,2026-02-06 02:38:17.182188
SMMR,25.96,25.93,25.96,1255900.0,1288200.0,0,0,0,0,0,0,0,0,0,0,0,0,0,0,0,0,0,0,0,0,0,0,0,0,128,2026-02-06 02:38:17.182188
ATMN,25.35,25.35,25.61,2029800.0,1502700.0,0,0,0,0,0,0,0,0,0,0,0,0,0,0,0,0,0,0,0,0,0,0,0,0,128,2026-02-06 02:38:17.182188
WNTR,24.41,24.41,24.57,940200.0,2161100.0,0,0,0,0,0,0,0,0,0,0,0,0,0,0,0,0,0,0,0,0,0,0,0,0,128,2026-02-06 02:38:17.182188
SPNG,26.97,26.43,26.59,2242800.0,1705300.0,0,0,0,0,0,0,0,0,0,0,0,0,0,0,0,0,0,0,0,0,0,0,0,0,129,2026-02-06 02:38:18.240694
SMMR,25.96,25.98,26.01,1250500.0,1281300.0,0,0,0,0,0,0,0,0,0,0,0,0,0,0,0,0,0,0,0,0,0,0,0,0,129,2026-02-06 02:38:18.240694
ATMN,25.58,25.35,25.5,2029800.0,1746500.0,0,0,0,0,0,0,0,0,0,0,0,0,0,0,0,0,0,0,0,0,0,0,0,0,129,2026-02-06 02:38:18.240694
WNTR,24.41,24.41,24.57,940200.0,2176500.0,0,0,0,0,0,0,0,0,0,0,0,0,0,0,0,0,0,0,0,0,0,0,0,0,129,2026-02-06 02:38:18.240694
SPNG,26.43,26.43,26.59,2319700.0,1809700.0,0,0,0,0,0,0,0,0,0,0,0,0,0,0,0,0,0,0,0,0,0,0,0,0,130,2026-02-06 02:38:19.299338
SMMR,26.06,25.98,26.06,1354100.0,1300200.0,0,0,0,0,0,0,0,0,0,0,0,0,0,0,0,0,0,0,0,0,0,0,0,0,130,2026-02-06 02:38:19.299338
ATMN,25.5,25.55,25.61,2208800.0,1714900.0,0,0,0,0,0,0,0,0,0,0,0,0,0,0,0,0,0,0,0,0,0,0,0,0,130,2026-02-06 02:38:19.299338
WNTR,24.54,23.8,24.54,949600.0,2181100.0,0,0,0,0,0,0,0,0,0,0,0,0,0,0,0,0,0,0,0,0,0,0,0,0,130,2026-02-06 02:38:19.299338
SPNG,26.59,26.44,26.59,2288500.0,1809700.0,0,0,0,0,0,0,0,0,0,0,0,0,0,0,0,0,0,0,0,0,0,0,0,0,131,2026-02-06 02:38:20.371621
SMMR,25.9,26.02,26.06,1466700.0,1300200.0,0,0,0,0,0,0,0,0,0,0,0,0,0,0,0,0,0,0,0,0,0,0,0,0,131,2026-02-06 02:38:20.371621
ATMN,25.35,25.35,25.61,2120300.0,1914500.0,0,0,0,0,0,0,0,0,0,0,0,0,0,0,0,0,0,0,0,0,0,0,0,0,131,2026-02-06 02:38:20.371621
WNTR,24.54,24.1,24.54,1262800.0,2181100.0,0,0,0,0,0,0,0,0,0,0,0,0,0,0,0,0,0,0,0,0,0,0,0,0,131,2026-02-06 02:38:20.371621
SPNG,26.37,26.56,26.59,2340700.0,1809700.0,0,0,0,0,0,0,0,0,0,0,0,0,0,0,0,0,0,0,0,0,0,0,0,0,132,2026-02-06 02:38:20.918961
SMMR,25.9,26.02,26.06,1573200.0,1522700.0,0,0,0,0,0,0,0,0,0,0,0,0,0,0,0,0,0,0,0,0,0,0,0,0,132,2026-02-06 02:38:20.918961
ATMN,25.35,25.35,25.56,2214800.0,2107700.0,0,0,0,0,0,0,0,0,0,0,0,0,0,0,0,0,0,0,0,0,0,0,0,0,132,2026-02-06 02:38:20.918961
WNTR,24.54,24.3,24.32,1390500.0,2167100.0,0,0,0,0,0,0,0,0,0,0,0,0,0,0,0,0,0,0,0,0,0,0,0,0,132,2026-02-06 02:38:20.918961
SPNG,26.87,26.56,26.87,2340700.0,1929400.0,0,0,0,0,0,0,0,0,0,0,0,0,0,0,0,0,0,0,0,0,0,0,0,0,133,2026-02-06 02:38:22.014784
SMMR,25.99,25.99,26.06,1436400.0,1522700.0,0,0,0,0,0,0,0,0,0,0,0,0,0,0,0,0,0,0,0,0,0,0,0,0,133,2026-02-06 02:38:22.014784
ATMN,25.67,25.35,25.67,2214800.0,2093200.0,0,0,0,0,0,0,0,0,0,0,0,0,0,0,0,0,0,0,0,0,0,0,0,0,133,2026-02-06 02:38:22.014784
WNTR,24.32,24.38,24.41,1491500.0,2181100.0,0,0,0,0,0,0,0,0,0,0,0,0,0,0,0,0,0,0,0,0,0,0,0,0,133,2026-02-06 02:38:22.014784
SPNG,26.37,26.76,26.87,2336900.0,2026600.0,0,0,0,0,0,0,0,0,0,0,0,0,0,0,0,0,0,0,0,0,0,0,0,0,134,2026-02-06 02:38:23.077993
SMMR,26.08,25.99,26.08,1436400.0,1665600.0,0,0,0,0,0,0,0,0,0,0,0,0,0,0,0,0,0,0,0,0,0,0,0,0,134,2026-02-06 02:38:23.077993
ATMN,25.3,25.3,25.67,1767900.0,2093200.0,0,0,0,0,0,0,0,0,0,0,0,0,0,0,0,0,0,0,0,0,0,0,0,0,134,2026-02-06 02:38:23.077993
WNTR,24.38,24.3,24.31,1488700.0,2193400.0,0,0,0,0,0,0,0,0,0,0,0,0,0,0,0,0,0,0,0,0,0,0,0,0,134,2026-02-06 02:38:23.077993
SPNG,26.62,26.68,26.84,2352100.0,2163800.0,0,0,0,0,0,0,0,0,0,0,0,0,0,0,0,0,0,0,0,0,0,0,0,0,135,2026-02-06 02:38:24.129962
SMMR,25.97,25.97,26.08,1465700.0,1783800.0,0,0,0,0,0,0,0,0,0,0,0,0,0,0,0,0,0,0,0,0,0,0,0,0,135,2026-02-06 02:38:24.129962
ATMN,25.69,25.09,25.39,1689800.0,2111100.0,0,0,0,0,0,0,0,0,0,0,0,0,0,0,0,0,0,0,0,0,0,0,0,0,135,2026-02-06 02:38:24.129962
WNTR,24.38,24.3,24.31,1692200.0,2207900.0,0,0,0,0,0,0,0,0,0,0,0,0,0,0,0,0,0,0,0,0,0,0,0,0,135,2026-02-06 02:38:24.129962
SPNG,26.84,26.37,26.84,2330200.0,2163800.0,0,0,0,0,0,0,0,0,0,0,0,0,0,0,0,0,0,0,0,0,0,0,0,0,136,2026-02-06 02:38:25.190123
SMMR,26.09,25.97,26.09,1573200.0,1669200.0,0,0,0,0,0,0,0,0,0,0,0,0,0,0,0,0,0,0,0,0,0,0,0,0,136,2026-02-06 02:38:25.190123
ATMN,25.39,25.58,25.69,2006200.0,2094300.0,0,0,0,0,0,0,0,0,0,0,0,0,0,0,0,0,0,0,0,0,0,0,0,0,136,2026-02-06 02:38:25.190123
WNTR,24.3,24.3,24.31,1666800.0,2231600.0,0,0,0,0,0,0,0,0,0,0,0,0,0,0,0,0,0,0,0,0,0,0,0,0,136,2026-02-06 02:38:25.190123
SPNG,26.29,26.29,26.84,2206500.0,2163800.0,0,0,0,0,0,0,0,0,0,0,0,0,0,0,0,0,0,0,0,0,0,0,0,0,137,2026-02-06 02:38:26.236595
SMMR,26.09,26.03,26.09,1677500.0,1905700.0,0,0,0,0,0,0,0,0,0,0,0,0,0,0,0,0,0,0,0,0,0,0,0,0,137,2026-02-06 02:38:26.236595
ATMN,25.69,25.06,25.69,1786300.0,2070200.0,0,0,0,0,0,0,0,0,0,0,0,0,0,0,0,0,0,0,0,0,0,0,0,0,137,2026-02-06 02:38:26.236595
WNTR,24.29,24.19,24.28,1576600.0,2239700.0,0,0,0,0,0,0,0,0,0,0,0,0,0,0,0,0,0,0,0,0,0,0,0,0,137,2026-02-06 02:38:26.236595
SPNG,26.94,26.29,26.9,2206500.0,2148000.0,0,0,0,0,0,0,0,0,0,0,0,0,0,0,0,0,0,0,0,0,0,0,0,0,138,2026-02-06 02:38:27.283656
SMMR,26.09,26.03,26.09,1677500.0,2017100.0,0,0,0,0,0,0,0,0,0,0,0,0,0,0,0,0,0,0,0,0,0,0,0,0,138,2026-02-06 02:38:27.283656
ATMN,25.69,25.15,25.21,1893500.0,2105900.0,0,0,0,0,0,0,0,0,0,0,0,0,0,0,0,0,0,0,0,0,0,0,0,0,138,2026-02-06 02:38:27.283656
WNTR,24.31,24.17,24.31,1588900.0,2241600.0,0,0,0,0,0,0,0,0,0,0,0,0,0,0,0,0,0,0,0,0,0,0,0,0,138,2026-02-06 02:38:27.283656
SPNG,26.97,26.25,26.97,1973900.0,2127500.0,0,0,0,0,0,0,0,0,0,0,0,0,0,0,0,0,0,0,0,0,0,0,0,0,139,2026-02-06 02:38:28.331973
SMMR,25.97,25.86,25.91,1450900.0,2276500.0,0,0,0,0,0,0,0,0,0,0,0,0,0,0,0,0,0,0,0,0,0,0,0,0,139,2026-02-06 02:38:28.331973
ATMN,25.38,25.58,25.66,1998800.0,2098200.0,0,0,0,0,0,0,0,0,0,0,0,0,0,0,0,0,0,0,0,0,0,0,0,0,139,2026-02-06 02:38:28.331973
WNTR,24.11,24.19,24.3,1591800.0,2213500.0,0,0,0,0,0,0,0,0,0,0,0,0,0,0,0,0,0,0,0,0,0,0,0,0,139,2026-02-06 02:38:28.331973
SPNG,26.8,26.25,26.73,1973900.0,2169200.0,0,0,0,0,0,0,0,0,0,0,0,0,0,0,0,0,0,0,0,0,0,0,0,0,140,2026-02-06 02:38:29.396404
SMMR,26.09,25.91,26.07,1658000.0,2276600.0,0,0,0,0,0,0,0,0,0,0,0,0,0,0,0,0,0,0,0,0,0,0,0,0,140,2026-02-06 02:38:29.396404
ATMN,25.58,25.3,25.32,2092000.0,2119300.0,0,0,0,0,0,0,0,0,0,0,0,0,0,0,0,0,0,0,0,0,0,0,0,0,140,2026-02-06 02:38:29.396404
WNTR,24.31,24.18,24.31,1569600.0,2235800.0,0,0,0,0,0,0,0,0,0,0,0,0,0,0,0,0,0,0,0,0,0,0,0,0,140,2026-02-06 02:38:29.396404
SPNG,26.8,26.44,26.73,2092200.0,2169200.0,0,0,0,0,0,0,0,0,0,0,0,0,0,0,0,0,0,0,0,0,0,0,0,0,141,2026-02-06 02:38:29.952208
SMMR,26.09,25.91,26.07,1658000.0,2243800.0,0,0,0,0,0,0,0,0,0,0,0,0,0,0,0,0,0,0,0,0,0,0,0,0,141,2026-02-06 02:38:29.952208
ATMN,25.32,25.31,25.32,2183600.0,2119300.0,0,0,0,0,0,0,0,0,0,0,0,0,0,0,0,0,0,0,0,0,0,0,0,0,141,2026-02-06 02:38:29.952208
WNTR,24.18,24.18,24.31,1676600.0,2235800.0,0,0,0,0,0,0,0,0,0,0,0,0,0,0,0,0,0,0,0,0,0,0,0,0,141,2026-02-06 02:38:29.952208
SPNG,26.73,26.25,26.73,1866200.0,2169200.0,0,0,0,0,0,0,0,0,0,0,0,0,0,0,0,0,0,0,0,0,0,0,0,0,142,2026-02-06 02:38:31.026287
SMMR,25.91,25.91,26.07,1648000.0,2243800.0,0,0,0,0,0,0,0,0,0,0,0,0,0,0,0,0,0,0,0,0,0,0,0,0,142,2026-02-06 02:38:31.026287
ATMN,25.54,25.31,25.49,2305700.0,2102400.0,0,0,0,0,0,0,0,0,0,0,0,0,0,0,0,0,0,0,0,0,0,0,0,0,142,2026-02-06 02:38:31.026287
WNTR,24.18,24.28,24.29,1774200.0,2251100.0,0,0,0,0,0,0,0,0,0,0,0,0,0,0,0,0,0,0,0,0,0,0,0,0,142,2026-02-06 02:38:31.026287
SPNG,26.35,26.25,26.31,1866200.0,2192200.0,0,0,0,0,0,0,0,0,0,0,0,0,0,0,0,0,0,0,0,0,0,0,0,0,143,2026-02-06 02:38:32.078205
SMMR,26.07,25.91,26.07,1648000.0,2260600.0,0,0,0,0,0,0,0,0,0,0,0,0,0,0,0,0,0,0,0,0,0,0,0,0,143,2026-02-06 02:38:32.078205
ATMN,25.3,25.41,25.49,2271300.0,2102400.0,0,0,0,0,0,0,0,0,0,0,0,0,0,0,0,0,0,0,0,0,0,0,0,0,143,2026-02-06 02:38:32.078205
WNTR,24.29,24.29,24.3,1887900.0,2230700.0,0,0,0,0,0,0,0,0,0,0,0,0,0,0,0,0,0,0,0,0,0,0,0,0,143,2026-02-06 02:38:32.078205
SPNG,26.73,26.25,26.72,1971900.0,2185000.0,0,0,0,0,0,0,0,0,0,0,0,0,0,0,0,0,0,0,0,0,0,0,0,0,144,2026-02-06 02:38:33.123771
SMMR,25.91,25.86,25.91,1545300.0,2265700.0,0,0,0,0,0,0,0,0,0,0,0,0,0,0,0,0,0,0,0,0,0,0,0,0,144,2026-02-06 02:38:33.123771
ATMN,25.3,25.41,25.49,2259100.0,2089200.0,0,0,0,0,0,0,0,0,0,0,0,0,0,0,0,0,0,0,0,0,0,0,0,0,144,2026-02-06 02:38:33.123771
WNTR,24.28,24.18,24.23,1676600.0,2245200.0,0,0,0,0,0,0,0,0,0,0,0,0,0,0,0,0,0,0,0,0,0,0,0,0,144,2026-02-06 02:38:33.123771
SPNG,26.72,26.25,26.72,2220200.0,2185000.0,0,0,0,0,0,0,0,0,0,0,0,0,0,0,0,0,0,0,0,0,0,0,0,0,145,2026-02-06 02:38:34.194846
SMMR,25.91,25.87,25.91,1992100.0,2265700.0,0,0,0,0,0,0,0,0,0,0,0,0,0,0,0,0,0,0,0,0,0,0,0,0,145,2026-02-06 02:38:34.194846
ATMN,25.49,25.54,25.6,2283700.0,2099000.0,0,0,0,0,0,0,0,0,0,0,0,0,0,0,0,0,0,0,0,0,0,0,0,0,145,2026-02-06 02:38:34.194846
WNTR,24.23,24.18,24.23,1676600.0,2201800.0,0,0,0,0,0,0,0,0,0,0,0,0,0,0,0,0,0,0,0,0,0,0,0,0,145,2026-02-06 02:38:34.194846
SPNG,26.3,26.31,26.83,2384100.0,2145600.0,0,0,0,0,0,0,0,0,0,0,0,0,0,0,0,0,0,0,0,0,0,0,0,0,146,2026-02-06 02:38:35.286742
SMMR,25.87,25.87,26.07,2110700.0,2241300.0,0,0,0,0,0,0,0,0,0,0,0,0,0,0,0,0,0,0,0,0,0,0,0,0,146,2026-02-06 02:38:35.286742
ATMN,25.32,25.32,25.4,2297900.0,2117300.0,0,0,0,0,0,0,0,0,0,0,0,0,0,0,0,0,0,0,0,0,0,0,0,0,146,2026-02-06 02:38:35.286742
WNTR,24.3,24.18,24.24,1775300.0,2200000.0,0,0,0,0,0,0,0,0,0,0,0,0,0,0,0,0,0,0,0,0,0,0,0,0,146,2026-02-06 02:38:35.286742
SPNG,26.18,26.2,26.46,2276800.0,2140700.0,0,0,0,0,0,0,0,0,0,0,0,0,0,0,0,0,0,0,0,0,0,0,0,0,147,2026-02-06 02:38:36.373631
SMMR,25.86,25.86,25.89,1992200.0,2241400.0,0,0,0,0,0,0,0,0,0,0,0,0,0,0,0,0,0,0,0,0,0,0,0,0,147,2026-02-06 02:38:36.373631
ATMN,25.32,25.32,25.37,2274400.0,2129800.0,0,0,0,0,0,0,0,0,0,0,0,0,0,0,0,0,0,0,0,0,0,0,0,0,147,2026-02-06 02:38:36.373631
WNTR,24.18,24.18,24.24,1805000.0,2189100.0,0,0,0,0,0,0,0,0,0,0,0,0,0,0,0,0,0,0,0,0,0,0,0,0,147,2026-02-06 02:38:36.373631
SPNG,26.46,26.2,26.46,2276800.0,2140700.0,0,0,0,0,0,0,0,0,0,0,0,0,0,0,0,0,0,0,0,0,0,0,0,0,148,2026-02-06 02:38:37.448636
SMMR,25.89,25.86,25.89,2218700.0,2241400.0,0,0,0,0,0,0,0,0,0,0,0,0,0,0,0,0,0,0,0,0,0,0,0,0,148,2026-02-06 02:38:37.448636
ATMN,25.23,25.17,25.19,2340300.0,2156100.0,0,0,0,0,0,0,0,0,0,0,0,0,0,0,0,0,0,0,0,0,0,0,0,0,148,2026-02-06 02:38:37.448636
WNTR,24.12,24.12,24.31,1698000.0,2205700.0,0,0,0,0,0,0,0,0,0,0,0,0,0,0,0,0,0,0,0,0,0,0,0,0,148,2026-02-06 02:38:37.448636
SPNG,26.96,26.2,26.38,2276800.0,2160200.0,0,0,0,0,0,0,0,0,0,0,0,0,0,0,0,0,0,0,0,0,0,0,0,0,149,2026-02-06 02:38:37.994515
SMMR,26.1,25.94,26.1,2215000.0,2232000.0,0,0,0,0,0,0,0,0,0,0,0,0,0,0,0,0,0,0,0,0,0,0,0,0,149,2026-02-06 02:38:37.994515
ATMN,25.19,25.28,25.37,2293400.0,2129800.0,0,0,0,0,0,0,0,0,0,0,0,0,0,0,0,0,0,0,0,0,0,0,0,0,149,2026-02-06 02:38:37.994515
WNTR,24.1,24.19,24.31,1572500.0,2205700.0,0,0,0,0,0,0,0,0,0,0,0,0,0,0,0,0,0,0,0,0,0,0,0,0,149,2026-02-06 02:38:37.994515
SPNG,26.38,26.35,26.38,2371500.0,2160200.0,0,0,0,0,0,0,0,0,0,0,0,0,0,0,0,0,0,0,0,0,0,0,0,0,150,2026-02-06 02:38:39.082812
SMMR,26.1,25.98,26.1,2221600.0,2197600.0,0,0,0,0,0,0,0,0,0,0,0,0,0,0,0,0,0,0,0,0,0,0,0,0,150,2026-02-06 02:38:39.082812
ATMN,25.19,25.28,25.37,2274400.0,2164900.0,0,0,0,0,0,0,0,0,0,0,0,0,0,0,0,0,0,0,0,0,0,0,0,0,150,2026-02-06 02:38:39.082812
WNTR,24.37,24.1,24.37,1581800.0,2233500.0,0,0,0,0,0,0,0,0,0,0,0,0,0,0,0,0,0,0,0,0,0,0,0,0,150,2026-02-06 02:38:39.082812
SPNG,26.2,26.2,26.38,2349100.0,2159800.0,0,0,0,0,0,0,0,0,0,0,0,0,0,0,0,0,0,0,0,0,0,0,0,0,151,2026-02-06 02:38:40.166741
SMMR,26.11,26.11,26.12,2188100.0,2079300.0,0,0,0,0,0,0,0,0,0,0,0,0,0,0,0,0,0,0,0,0,0,0,0,0,151,2026-02-06 02:38:40.166741
ATMN,25.28,25.26,25.28,2270600.0,2143100.0,0,0,0,0,0,0,0,0,0,0,0,0,0,0,0,0,0,0,0,0,0,0,0,0,151,2026-02-06 02:38:40.166741
WNTR,24.15,24.15,24.37,1828800.0,2233500.0,0,0,0,0,0,0,0,0,0,0,0,0,0,0,0,0,0,0,0,0,0,0,0,0,151,2026-02-06 02:38:40.166741
SPNG,26.38,26.76,26.84,2330400.0,2162900.0,0,0,0,0,0,0,0,0,0,0,0,0,0,0,0,0,0,0,0,0,0,0,0,0,152,2026-02-06 02:38:41.223638
SMMR,26.12,25.98,26.12,2221600.0,2182600.0,0,0,0,0,0,0,0,0,0,0,0,0,0,0,0,0,0,0,0,0,0,0,0,0,152,2026-02-06 02:38:41.223638
ATMN,25.41,25.26,25.41,2270600.0,2130000.0,0,0,0,0,0,0,0,0,0,0,0,0,0,0,0,0,0,0,0,0,0,0,0,0,152,2026-02-06 02:38:41.223638
WNTR,24.15,24.23,24.28,2048900.0,2212300.0,0,0,0,0,0,0,0,0,0,0,0,0,0,0,0,0,0,0,0,0,0,0,0,0,152,2026-02-06 02:38:41.223638
SPNG,26.13,26.13,26.71,2264400.0,2151300.0,0,0,0,0,0,0,0,0,0,0,0,0,0,0,0,0,0,0,0,0,0,0,0,0,153,2026-02-06 02:38:42.285351
SMMR,25.94,25.94,26.12,2215000.0,2178800.0,0,0,0,0,0,0,0,0,0,0,0,0,0,0,0,0,0,0,0,0,0,0,0,0,153,2026-02-06 02:38:42.285351
ATMN,25.26,25.17,25.23,2319300.0,2164100.0,0,0,0,0,0,0,0,0,0,0,0,0,0,0,0,0,0,0,0,0,0,0,0,0,153,2026-02-06 02:38:42.285351
WNTR,24.28,24.32,24.37,2264700.0,2237700.0,0,0,0,0,0,0,0,0,0,0,0,0,0,0,0,0,0,0,0,0,0,0,0,0,153,2026-02-06 02:38:42.285351
SPNG,26.96,26.13,26.35,2264400.0,2156400.0,0,0,0,0,0,0,0,0,0,0,0,0,0,0,0,0,0,0,0,0,0,0,0,0,154,2026-02-06 02:38:43.352466
SMMR,25.94,26.0,26.02,2212100.0,2144800.0,0,0,0,0,0,0,0,0,0,0,0,0,0,0,0,0,0,0,0,0,0,0,0,0,154,2026-02-06 02:38:43.352466
ATMN,25.51,25.17,25.51,2319300.0,2176600.0,0,0,0,0,0,0,0,0,0,0,0,0,0,0,0,0,0,0,0,0,0,0,0,0,154,2026-02-06 02:38:43.352466
WNTR,24.28,24.35,24.37,2212100.0,2208800.0,0,0,0,0,0,0,0,0,0,0,0,0,0,0,0,0,0,0,0,0,0,0,0,0,154,2026-02-06 02:38:43.352466
SPNG,26.35,26.82,26.88,2387900.0,2185900.0,0,0,0,0,0,0,0,0,0,0,0,0,0,0,0,0,0,0,0,0,0,0,0,0,155,2026-02-06 02:38:44.413075
SMMR,26.02,25.94,26.02,2215000.0,2144800.0,0,0,0,0,0,0,0,0,0,0,0,0,0,0,0,0,0,0,0,0,0,0,0,0,155,2026-02-06 02:38:44.413075
ATMN,25.09,25.09,25.51,2245300.0,2176600.0,0,0,0,0,0,0,0,0,0,0,0,0,0,0,0,0,0,0,0,0,0,0,0,0,155,2026-02-06 02:38:44.413075
WNTR,24.32,24.32,24.35,2264700.0,2219100.0,0,0,0,0,0,0,0,0,0,0,0,0,0,0,0,0,0,0,0,0,0,0,0,0,155,2026-02-06 02:38:44.413075
SPNG,26.82,26.13,26.41,2264400.0,2217500.0,0,0,0,0,0,0,0,0,0,0,0,0,0,0,0,0,0,0,0,0,0,0,0,0,156,2026-02-06 02:38:45.455699
SMMR,26.02,26.05,26.12,2186700.0,2138500.0,0,0,0,0,0,0,0,0,0,0,0,0,0,0,0,0,0,0,0,0,0,0,0,0,156,2026-02-06 02:38:45.455699
ATMN,25.09,25.09,25.48,2245300.0,2193200.0,0,0,0,0,0,0,0,0,0,0,0,0,0,0,0,0,0,0,0,0,0,0,0,0,156,2026-02-06 02:38:45.455699
WNTR,24.35,24.35,24.37,2248900.0,2206500.0,0,0,0,0,0,0,0,0,0,0,0,0,0,0,0,0,0,0,0,0,0,0,0,0,156,2026-02-06 02:38:45.455699
SPNG,26.82,26.28,26.41,2306700.0,2235900.0,0,0,0,0,0,0,0,0,0,0,0,0,0,0,0,0,0,0,0,0,0,0,0,0,157,2026-02-06 02:38:46.497492
SMMR,26.05,25.94,25.96,2236900.0,2152400.0,0,0,0,0,0,0,0,0,0,0,0,0,0,0,0,0,0,0,0,0,0,0,0,0,157,2026-02-06 02:38:46.497492
ATMN,24.98,24.98,25.48,2025200.0,2177200.0,0,0,0,0,0,0,0,0,0,0,0,0,0,0,0,0,0,0,0,0,0,0,0,0,157,2026-02-06 02:38:46.497492
WNTR,24.31,24.31,24.34,2238500.0,2202800.0,0,0,0,0,0,0,0,0,0,0,0,0,0,0,0,0,0,0,0,0,0,0,0,0,157,2026-02-06 02:38:46.497492
SPNG,26.16,26.16,26.39,2359700.0,2265300.0,0,0,0,0,0,0,0,0,0,0,0,0,0,0,0,0,0,0,0,0,0,0,0,0,158,2026-02-06 02:38:47.037620
SMMR,26.04,25.94,26.03,2236900.0,2182900.0,0,0,0,0,0,0,0,0,0,0,0,0,0,0,0,0,0,0,0,0,0,0,0,0,158,2026-02-06 02:38:47.037620
ATMN,24.98,24.98,25.09,2025200.0,2158700.0,0,0,0,0,0,0,0,0,0,0,0,0,0,0,0,0,0,0,0,0,0,0,0,0,158,2026-02-06 02:38:47.037620
WNTR,24.15,24.15,24.34,1920900.0,2202800.0,0,0,0,0,0,0,0,0,0,0,0,0,0,0,0,0,0,0,0,0,0,0,0,0,158,2026-02-06 02:38:47.037620
SPNG,26.41,26.13,26.41,2264400.0,2235900.0,0,0,0,0,0,0,0,0,0,0,0,0,0,0,0,0,0,0,0,0,0,0,0,0,159,2026-02-06 02:38:48.080177
SMMR,26.04,25.94,25.97,2222400.0,2184300.0,0,0,0,0,0,0,0,0,0,0,0,0,0,0,0,0,0,0,0,0,0,0,0,0,159,2026-02-06 02:38:48.080177
ATMN,25.09,25.0,25.09,2247200.0,2158700.0,0,0,0,0,0,0,0,0,0,0,0,0,0,0,0,0,0,0,0,0,0,0,0,0,159,2026-02-06 02:38:48.080177
WNTR,24.38,24.33,24.38,2037500.0,2198100.0,0,0,0,0,0,0,0,0,0,0,0,0,0,0,0,0,0,0,0,0,0,0,0,0,159,2026-02-06 02:38:48.080177
SPNG,26.72,26.13,26.41,2375000.0,2258500.0,0,0,0,0,0,0,0,0,0,0,0,0,0,0,0,0,0,0,0,0,0,0,0,0,160,2026-02-06 02:38:49.135318
SMMR,25.97,25.95,25.97,2145300.0,2184300.0,0,0,0,0,0,0,0,0,0,0,0,0,0,0,0,0,0,0,0,0,0,0,0,0,160,2026-02-06 02:38:49.135318
ATMN,25.48,25.02,25.48,2334100.0,2148300.0,0,0,0,0,0,0,0,0,0,0,0,0,0,0,0,0,0,0,0,0,0,0,0,0,160,2026-02-06 02:38:49.135318
WNTR,24.38,24.33,24.38,2146100.0,2185000.0,0,0,0,0,0,0,0,0,0,0,0,0,0,0,0,0,0,0,0,0,0,0,0,0,160,2026-02-06 02:38:49.135318
SPNG,26.41,26.29,26.41,2350300.0,2258500.0,0,0,0,0,0,0,0,0,0,0,0,0,0,0,0,0,0,0,0,0,0,0,0,0,161,2026-02-06 02:38:50.193548
SMMR,26.06,26.01,26.06,2119000.0,2185100.0,0,0,0,0,0,0,0,0,0,0,0,0,0,0,0,0,0,0,0,0,0,0,0,0,161,2026-02-06 02:38:50.193548
ATMN,25.05,25.36,25.48,2319100.0,2148300.0,0,0,0,0,0,0,0,0,0,0,0,0,0,0,0,0,0,0,0,0,0,0,0,0,161,2026-02-06 02:38:50.193548
WNTR,24.16,24.21,24.38,2128500.0,2173300.0,0,0,0,0,0,0,0,0,0,0,0,0,0,0,0,0,0,0,0,0,0,0,0,0,161,2026-02-06 02:38:50.193548
SPNG,26.41,26.29,26.41,2350300.0,2274300.0,0,0,0,0,0,0,0,0,0,0,0,0,0,0,0,0,0,0,0,0,0,0,0,0,162,2026-02-06 02:38:51.297574
SMMR,26.12,26.08,26.12,2130500.0,2108000.0,0,0,0,0,0,0,0,0,0,0,0,0,0,0,0,0,0,0,0,0,0,0,0,0,162,2026-02-06 02:38:51.297574
ATMN,25.36,25.02,25.11,2334600.0,2156700.0,0,0,0,0,0,0,0,0,0,0,0,0,0,0,0,0,0,0,0,0,0,0,0,0,162,2026-02-06 02:38:51.297574
WNTR,24.16,24.21,24.38,2188100.0,2173300.0,0,0,0,0,0,0,0,0,0,0,0,0,0,0,0,0,0,0,0,0,0,0,0,0,162,2026-02-06 02:38:51.297574
SPNG,26.07,26.07,26.6,2400000.0,2242400.0,0,0,0,0,0,0,0,0,0,0,0,0,0,0,0,0,0,0,0,0,0,0,0,0,163,2026-02-06 02:38:52.385563
SMMR,26.18,26.01,26.18,2129000.0,2122200.0,0,0,0,0,0,0,0,0,0,0,0,0,0,0,0,0,0,0,0,0,0,0,0,0,163,2026-02-06 02:38:52.385563
ATMN,25.52,25.02,25.13,2301500.0,2142900.0,0,0,0,0,0,0,0,0,0,0,0,0,0,0,0,0,0,0,0,0,0,0,0,0,163,2026-02-06 02:38:52.385563
WNTR,24.4,24.35,24.4,2169100.0,2207300.0,0,0,0,0,0,0,0,0,0,0,0,0,0,0,0,0,0,0,0,0,0,0,0,0,163,2026-02-06 02:38:52.385563
SPNG,26.07,26.11,26.6,2283100.0,2242400.0,0,0,0,0,0,0,0,0,0,0,0,0,0,0,0,0,0,0,0,0,0,0,0,0,164,2026-02-06 02:38:53.487278
SMMR,26.18,26.12,26.17,2117900.0,2141700.0,0,0,0,0,0,0,0,0,0,0,0,0,0,0,0,0,0,0,0,0,0,0,0,0,164,2026-02-06 02:38:53.487278
ATMN,25.52,25.1,25.13,2202300.0,2142900.0,0,0,0,0,0,0,0,0,0,0,0,0,0,0,0,0,0,0,0,0,0,0,0,0,164,2026-02-06 02:38:53.487278
WNTR,24.35,24.35,24.4,2138200.0,2177100.0,0,0,0,0,0,0,0,0,0,0,0,0,0,0,0,0,0,0,0,0,0,0,0,0,164,2026-02-06 02:38:53.487278
SPNG,26.62,26.12,26.62,2261000.0,2225100.0,0,0,0,0,0,0,0,0,0,0,0,0,0,0,0,0,0,0,0,0,0,0,0,0,165,2026-02-06 02:38:54.063865
SMMR,26.07,26.07,26.14,2108500.0,2139000.0,0,0,0,0,0,0,0,0,0,0,0,0,0,0,0,0,0,0,0,0,0,0,0,0,165,2026-02-06 02:38:54.063865
ATMN,25.52,25.11,25.13,2198600.0,2142900.0,0,0,0,0,0,0,0,0,0,0,0,0,0,0,0,0,0,0,0,0,0,0,0,0,165,2026-02-06 02:38:54.063865
WNTR,24.4,24.35,24.4,2138200.0,2167800.0,0,0,0,0,0,0,0,0,0,0,0,0,0,0,0,0,0,0,0,0,0,0,0,0,165,2026-02-06 02:38:54.063865
SPNG,26.02,26.02,26.62,2332900.0,2225100.0,0,0,0,0,0,0,0,0,0,0,0,0,0,0,0,0,0,0,0,0,0,0,0,0,166,2026-02-06 02:38:55.214119
SMMR,26.07,26.07,26.14,2108500.0,2151500.0,0,0,0,0,0,0,0,0,0,0,0,0,0,0,0,0,0,0,0,0,0,0,0,0,166,2026-02-06 02:38:55.214119
ATMN,25.13,25.11,25.13,2181600.0,2142900.0,0,0,0,0,0,0,0,0,0,0,0,0,0,0,0,0,0,0,0,0,0,0,0,0,166,2026-02-06 02:38:55.214119
WNTR,24.4,24.21,24.4,2180100.0,2171800.0,0,0,0,0,0,0,0,0,0,0,0,0,0,0,0,0,0,0,0,0,0,0,0,0,166,2026-02-06 02:38:55.214119
SPNG,26.62,26.11,26.62,2304000.0,2225100.0,0,0,0,0,0,0,0,0,0,0,0,0,0,0,0,0,0,0,0,0,0,0,0,0,167,2026-02-06 02:38:56.282708
SMMR,26.07,26.01,26.03,2149600.0,2160900.0,0,0,0,0,0,0,0,0,0,0,0,0,0,0,0,0,0,0,0,0,0,0,0,0,167,2026-02-06 02:38:56.282708
ATMN,25.52,25.4,25.52,2181700.0,2117100.0,0,0,0,0,0,0,0,0,0,0,0,0,0,0,0,0,0,0,0,0,0,0,0,0,167,2026-02-06 02:38:56.282708
WNTR,24.19,24.19,24.41,2209300.0,2176200.0,0,0,0,0,0,0,0,0,0,0,0,0,0,0,0,0,0,0,0,0,0,0,0,0,167,2026-02-06 02:38:56.282708
SPNG,26.02,26.02,26.37,2332900.0,2252300.0,0,0,0,0,0,0,0,0,0,0,0,0,0,0,0,0,0,0,0,0,0,0,0,0,168,2026-02-06 02:38:57.346304
SMMR,26.03,26.01,26.03,2136900.0,2160900.0,0,0,0,0,0,0,0,0,0,0,0,0,0,0,0,0,0,0,0,0,0,0,0,0,168,2026-02-06 02:38:57.346304
ATMN,25.05,25.05,25.52,2210600.0,2117100.0,0,0,0,0,0,0,0,0,0,0,0,0,0,0,0,0,0,0,0,0,0,0,0,0,168,2026-02-06 02:38:57.346304
WNTR,24.19,24.19,24.2,2190100.0,2232200.0,0,0,0,0,0,0,0,0,0,0,0,0,0,0,0,0,0,0,0,0,0,0,0,0,168,2026-02-06 02:38:57.346304
SPNG,26.02,26.29,26.37,2301600.0,2252300.0,0,0,0,0,0,0,0,0,0,0,0,0,0,0,0,0,0,0,0,0,0,0,0,0,169,2026-02-06 02:38:58.409909
SMMR,26.05,26.05,26.07,2136100.0,2118900.0,0,0,0,0,0,0,0,0,0,0,0,0,0,0,0,0,0,0,0,0,0,0,0,0,169,2026-02-06 02:38:58.409909
ATMN,25.05,25.05,25.37,2210600.0,2116900.0,0,0,0,0,0,0,0,0,0,0,0,0,0,0,0,0,0,0,0,0,0,0,0,0,169,2026-02-06 02:38:58.409909
WNTR,24.2,24.15,24.2,2205900.0,2232200.0,0,0,0,0,0,0,0,0,0,0,0,0,0,0,0,0,0,0,0,0,0,0,0,0,169,2026-02-06 02:38:58.409909
SPNG,26.31,26.31,26.37,2252300.0,2252000.0,0,0,0,0,0,0,0,0,0,0,0,0,0,0,0,0,0,0,0,0,0,0,0,0,170,2026-02-06 02:38:59.473917
SMMR,26.01,26.01,26.14,2156000.0,2146700.0,0,0,0,0,0,0,0,0,0,0,0,0,0,0,0,0,0,0,0,0,0,0,0,0,170,2026-02-06 02:38:59.473917
ATMN,25.37,25.16,25.37,2217400.0,2116900.0,0,0,0,0,0,0,0,0,0,0,0,0,0,0,0,0,0,0,0,0,0,0,0,0,170,2026-02-06 02:38:59.473917
WNTR,24.17,24.17,24.27,2180600.0,2211700.0,0,0,0,0,0,0,0,0,0,0,0,0,0,0,0,0,0,0,0,0,0,0,0,0,170,2026-02-06 02:38:59.473917
SPNG,26.37,26.29,26.37,2256000.0,2252000.0,0,0,0,0,0,0,0,0,0,0,0,0,0,0,0,0,0,0,0,0,0,0,0,0,171,2026-02-06 02:39:00.562996
SMMR,25.99,25.99,26.08,2155400.0,2176100.0,0,0,0,0,0,0,0,0,0,0,0,0,0,0,0,0,0,0,0,0,0,0,0,0,171,2026-02-06 02:39:00.562996
ATMN,25.16,25.16,25.37,2219400.0,2116900.0,0,0,0,0,0,0,0,0,0,0,0,0,0,0,0,0,0,0,0,0,0,0,0,0,171,2026-02-06 02:39:00.562996
WNTR,24.27,24.37,24.41,2170800.0,2176200.0,0,0,0,0,0,0,0,0,0,0,0,0,0,0,0,0,0,0,0,0,0,0,0,0,171,2026-02-06 02:39:00.562996
SPNG,26.25,26.25,26.37,2273000.0,2252000.0,0,0,0,0,0,0,0,0,0,0,0,0,0,0,0,0,0,0,0,0,0,0,0,0,172,2026-02-06 02:39:01.115663
SMMR,25.95,25.95,26.08,2143900.0,2176100.0,0,0,0,0,0,0,0,0,0,0,0,0,0,0,0,0,0,0,0,0,0,0,0,0,172,2026-02-06 02:39:01.115663
ATMN,25.59,25.38,25.59,2223500.0,2116000.0,0,0,0,0,0,0,0,0,0,0,0,0,0,0,0,0,0,0,0,0,0,0,0,0,172,2026-02-06 02:39:01.115663
WNTR,24.27,24.37,24.39,2170800.0,2192800.0,0,0,0,0,0,0,0,0,0,0,0,0,0,0,0,0,0,0,0,0,0,0,0,0,172,2026-02-06 02:39:01.115663
SPNG,26.49,26.25,26.49,2250900.0,2228000.0,0,0,0,0,0,0,0,0,0,0,0,0,0,0,0,0,0,0,0,0,0,0,0,0,173,2026-02-06 02:39:02.247268
SMMR,26.08,25.95,26.08,2143900.0,2146800.0,0,0,0,0,0,0,0,0,0,0,0,0,0,0,0,0,0,0,0,0,0,0,0,0,173,2026-02-06 02:39:02.247268
ATMN,25.21,25.25,25.47,2213900.0,2130300.0,0,0,0,0,0,0,0,0,0,0,0,0,0,0,0,0,0,0,0,0,0,0,0,0,173,2026-02-06 02:39:02.247268
WNTR,24.23,24.23,24.41,2189400.0,2206300.0,0,0,0,0,0,0,0,0,0,0,0,0,0,0,0,0,0,0,0,0,0,0,0,0,173,2026-02-06 02:39:02.247268
SPNG,26.18,26.18,26.4,2268700.0,2246700.0,0,0,0,0,0,0,0,0,0,0,0,0,0,0,0,0,0,0,0,0,0,0,0,0,174,2026-02-06 02:39:03.297666
SMMR,26.08,26.08,26.11,2134300.0,2181200.0,0,0,0,0,0,0,0,0,0,0,0,0,0,0,0,0,0,0,0,0,0,0,0,0,174,2026-02-06 02:39:03.297666
ATMN,25.06,25.36,25.47,2247000.0,2110800.0,0,0,0,0,0,0,0,0,0,0,0,0,0,0,0,0,0,0,0,0,0,0,0,0,174,2026-02-06 02:39:03.297666
WNTR,24.23,24.39,24.41,2139600.0,2222500.0,0,0,0,0,0,0,0,0,0,0,0,0,0,0,0,0,0,0,0,0,0,0,0,0,174,2026-02-06 02:39:03.297666
SPNG,26.42,26.28,26.42,2273300.0,2236200.0,0,0,0,0,0,0,0,0,0,0,0,0,0,0,0,0,0,0,0,0,0,0,0,0,175,2026-02-06 02:39:04.346561
SMMR,26.08,25.95,26.01,2169100.0,2182700.0,0,0,0,0,0,0,0,0,0,0,0,0,0,0,0,0,0,0,0,0,0,0,0,0,175,2026-02-06 02:39:04.346561
ATMN,25.06,25.36,25.47,2247000.0,2143300.0,0,0,0,0,0,0,0,0,0,0,0,0,0,0,0,0,0,0,0,0,0,0,0,0,175,2026-02-06 02:39:04.346561
WNTR,24.42,24.39,24.42,2139600.0,2201600.0,0,0,0,0,0,0,0,0,0,0,0,0,0,0,0,0,0,0,0,0,0,0,0,0,175,2026-02-06 02:39:04.346561
SPNG,26.28,26.28,26.42,2285600.0,2225900.0,0,0,0,0,0,0,0,0,0,0,0,0,0,0,0,0,0,0,0,0,0,0,0,0,176,2026-02-06 02:39:05.391028
SMMR,25.95,25.95,26.15,2162000.0,2160300.0,0,0,0,0,0,0,0,0,0,0,0,0,0,0,0,0,0,0,0,0,0,0,0,0,176,2026-02-06 02:39:05.391028
ATMN,25.36,25.4,25.47,2265700.0,2143300.0,0,0,0,0,0,0,0,0,0,0,0,0,0,0,0,0,0,0,0,0,0,0,0,0,176,2026-02-06 02:39:05.391028
WNTR,24.23,24.29,24.42,2138500.0,2213100.0,0,0,0,0,0,0,0,0,0,0,0,0,0,0,0,0,0,0,0,0,0,0,0,0,176,2026-02-06 02:39:05.391028
SPNG,26.53,26.28,26.53,2285600.0,2260000.0,0,0,0,0,0,0,0,0,0,0,0,0,0,0,0,0,0,0,0,0,0,0,0,0,177,2026-02-06 02:39:06.436059
SMMR,25.95,26.11,26.15,2184100.0,2185000.0,0,0,0,0,0,0,0,0,0,0,0,0,0,0,0,0,0,0,0,0,0,0,0,0,177,2026-02-06 02:39:06.436059
ATMN,25.05,25.05,25.47,2236700.0,2143300.0,0,0,0,0,0,0,0,0,0,0,0,0,0,0,0,0,0,0,0,0,0,0,0,0,177,2026-02-06 02:39:06.436059
WNTR,24.23,24.38,24.42,2134300.0,2215300.0,0,0,0,0,0,0,0,0,0,0,0,0,0,0,0,0,0,0,0,0,0,0,0,0,177,2026-02-06 02:39:06.436059
SPNG,26.18,26.18,26.27,2296300.0,2242700.0,0,0,0,0,0,0,0,0,0,0,0,0,0,0,0,0,0,0,0,0,0,0,0,0,178,2026-02-06 02:39:07.485874
SMMR,26.01,26.01,26.15,2163300.0,2186400.0,0,0,0,0,0,0,0,0,0,0,0,0,0,0,0,0,0,0,0,0,0,0,0,0,178,2026-02-06 02:39:07.485874
ATMN,25.05,25.46,25.47,2207300.0,2156700.0,0,0,0,0,0,0,0,0,0,0,0,0,0,0,0,0,0,0,0,0,0,0,0,0,178,2026-02-06 02:39:07.485874
WNTR,24.2,24.2,24.29,2159400.0,2229200.0,0,0,0,0,0,0,0,0,0,0,0,0,0,0,0,0,0,0,0,0,0,0,0,0,178,2026-02-06 02:39:07.485874
SPNG,26.65,26.18,26.65,2296300.0,2261900.0,0,0,0,0,0,0,0,0,0,0,0,0,0,0,0,0,0,0,0,0,0,0,0,0,179,2026-02-06 02:39:08.568748
SMMR,26.01,26.01,26.15,2163300.0,2185600.0,0,0,0,0,0,0,0,0,0,0,0,0,0,0,0,0,0,0,0,0,0,0,0,0,179,2026-02-06 02:39:08.568748
ATMN,25.02,25.02,25.47,2233400.0,2156700.0,0,0,0,0,0,0,0,0,0,0,0,0,0,0,0,0,0,0,0,0,0,0,0,0,179,2026-02-06 02:39:08.568748
WNTR,24.42,24.2,24.39,2159400.0,2244200.0,0,0,0,0,0,0,0,0,0,0,0,0,0,0,0,0,0,0,0,0,0,0,0,0,179,2026-02-06 02:39:08.568748
SPNG,25.29,25.29,25.47,1039000.0,863400.0,0,0,0,0,0,0,0,0,0,0,0,0,0,0,0,0,0,0,0,0,0,0,0,0,180,2026-02-06 02:39:09.658763
SMMR,26.05,24.98,25.09,894800.0,947900.0,0,0,0,0,0,0,0,0,0,0,0,0,0,0,0,0,0,0,0,0,0,0,0,0,180,2026-02-06 02:39:09.658763
ATMN,25.42,24.04,25.73,892000.0,844100.0,0,0,0,0,0,0,0,0,0,0,0,0,0,0,0,0,0,0,0,0,0,0,0,0,180,2026-02-06 02:39:09.658763
WNTR,24.42,24.16,24.34,904000.0,867800.0,0,0,0,0,0,0,0,0,0,0,0,0,0,0,0,0,0,0,0,0,0,0,0,0,180,2026-02-06 02:39:09.658763
SPNG,25.29,25.29,25.47,1039000.0,948200.0,0,0,0,0,0,0,0,0,0,0,0,0,0,0,0,0,0,0,0,0,0,0,0,0,181,2026-02-06 02:39:10.194591
SMMR,26.05,24.98,25.09,894800.0,1044000.0,0,0,0,0,0,0,0,0,0,0,0,0,0,0,0,0,0,0,0,0,0,0,0,0,181,2026-02-06 02:39:10.194591
ATMN,23.81,23.83,24.37,908700.0,980000.0,0,0,0,0,0,0,0,0,0,0,0,0,0,0,0,0,0,0,0,0,0,0,0,0,181,2026-02-06 02:39:10.194591
WNTR,24.16,24.16,24.26,904000.0,958400.0,0,0,0,0,0,0,0,0,0,0,0,0,0,0,0,0,0,0,0,0,0,0,0,0,181,2026-02-06 02:39:10.194591
SPNG,25.15,24.4,24.7,1072300.0,1071100.0,0,0,0,0,0,0,0,0,0,0,0,0,0,0,0,0,0,0,0,0,0,0,0,0,182,2026-02-06 02:39:11.309340
SMMR,24.98,24.98,25.01,894800.0,1037600.0,0,0,0,0,0,0,0,0,0,0,0,0,0,0,0,0,0,0,0,0,0,0,0,0,182,2026-02-06 02:39:11.309340
ATMN,23.81,23.81,23.83,930500.0,1339100.0,0,0,0,0,0,0,0,0,0,0,0,0,0,0,0,0,0,0,0,0,0,0,0,0,182,2026-02-06 02:39:11.309340
WNTR,24.1,24.1,24.21,946400.0,1062200.0,0,0,0,0,0,0,0,0,0,0,0,0,0,0,0,0,0,0,0,0,0,0,0,0,182,2026-02-06 02:39:11.309340
SPNG,25.47,25.03,25.47,1464800.0,948200.0,0,0,0,0,0,0,0,0,0,0,0,0,0,0,0,0,0,0,0,0,0,0,0,0,183,2026-02-06 02:39:12.373381
SMMR,24.89,24.89,24.95,993600.0,1134300.0,0,0,0,0,0,0,0,0,0,0,0,0,0,0,0,0,0,0,0,0,0,0,0,0,183,2026-02-06 02:39:12.373381
ATMN,23.85,23.81,23.85,1212000.0,1211500.0,0,0,0,0,0,0,0,0,0,0,0,0,0,0,0,0,0,0,0,0,0,0,0,0,183,2026-02-06 02:39:12.373381
WNTR,24.1,24.1,24.21,1288200.0,1062200.0,0,0,0,0,0,0,0,0,0,0,0,0,0,0,0,0,0,0,0,0,0,0,0,0,183,2026-02-06 02:39:12.373381
SPNG,25.47,25.72,25.78,1583300.0,1058800.0,0,0,0,0,0,0,0,0,0,0,0,0,0,0,0,0,0,0,0,0,0,0,0,0,184,2026-02-06 02:39:13.420537
SMMR,25.01,25.1,25.19,1121800.0,1136600.0,0,0,0,0,0,0,0,0,0,0,0,0,0,0,0,0,0,0,0,0,0,0,0,0,184,2026-02-06 02:39:13.420537
ATMN,23.85,23.81,23.85,1213500.0,1326700.0,0,0,0,0,0,0,0,0,0,0,0,0,0,0,0,0,0,0,0,0,0,0,0,0,184,2026-02-06 02:39:13.420537
WNTR,24.21,24.1,24.21,1404600.0,1062200.0,0,0,0,0,0,0,0,0,0,0,0,0,0,0,0,0,0,0,0,0,0,0,0,0,184,2026-02-06 02:39:13.420537
SPNG,25.72,25.26,25.38,1573300.0,1286900.0,0,0,0,0,0,0,0,0,0,0,0,0,0,0,0,0,0,0,0,0,0,0,0,0,185,2026-02-06 02:39:14.465125
SMMR,24.89,24.89,24.92,1107600.0,1256900.0,0,0,0,0,0,0,0,0,0,0,0,0,0,0,0,0,0,0,0,0,0,0,0,0,185,2026-02-06 02:39:14.465125
ATMN,23.44,23.79,23.85,1251900.0,1326700.0,0,0,0,0,0,0,0,0,0,0,0,0,0,0,0,0,0,0,0,0,0,0,0,0,185,2026-02-06 02:39:14.465125
WNTR,24.21,24.15,24.21,1612000.0,1150300.0,0,0,0,0,0,0,0,0,0,0,0,0,0,0,0,0,0,0,0,0,0,0,0,0,185,2026-02-06 02:39:14.465125
SPNG,25.72,25.26,25.38,1573300.0,1645600.0,0,0,0,0,0,0,0,0,0,0,0,0,0,0,0,0,0,0,0,0,0,0,0,0,186,2026-02-06 02:39:15.511311
SMMR,24.74,24.74,24.92,1190500.0,1256900.0,0,0,0,0,0,0,0,0,0,0,0,0,0,0,0,0,0,0,0,0,0,0,0,0,186,2026-02-06 02:39:15.511311
ATMN,23.79,23.79,23.89,1251900.0,1402600.0,0,0,0,0,0,0,0,0,0,0,0,0,0,0,0,0,0,0,0,0,0,0,0,0,186,2026-02-06 02:39:15.511311
WNTR,24.26,24.15,24.26,1826200.0,958400.0,0,0,0,0,0,0,0,0,0,0,0,0,0,0,0,0,0,0,0,0,0,0,0,0,186,2026-02-06 02:39:15.511311
SPNG,25.39,25.28,25.39,1676400.0,1539600.0,0,0,0,0,0,0,0,0,0,0,0,0,0,0,0,0,0,0,0,0,0,0,0,0,187,2026-02-06 02:39:16.576638
SMMR,25.19,24.8,24.83,1441700.0,1246400.0,0,0,0,0,0,0,0,0,0,0,0,0,0,0,0,0,0,0,0,0,0,0,0,0,187,2026-02-06 02:39:16.576638
ATMN,23.89,23.79,23.89,1502900.0,1402600.0,0,0,0,0,0,0,0,0,0,0,0,0,0,0,0,0,0,0,0,0,0,0,0,0,187,2026-02-06 02:39:16.576638
WNTR,24.26,24.21,24.22,2153800.0,1081200.0,0,0,0,0,0,0,0,0,0,0,0,0,0,0,0,0,0,0,0,0,0,0,0,0,187,2026-02-06 02:39:16.576638
SPNG,25.03,25.03,25.39,1570800.0,1706900.0,0,0,0,0,0,0,0,0,0,0,0,0,0,0,0,0,0,0,0,0,0,0,0,0,188,2026-02-06 02:39:17.627645
SMMR,24.83,24.8,24.83,1560700.0,1246400.0,0,0,0,0,0,0,0,0,0,0,0,0,0,0,0,0,0,0,0,0,0,0,0,0,188,2026-02-06 02:39:17.627645
ATMN,23.89,24.07,24.22,1636200.0,1526600.0,0,0,0,0,0,0,0,0,0,0,0,0,0,0,0,0,0,0,0,0,0,0,0,0,188,2026-02-06 02:39:17.627645
WNTR,24.22,24.21,24.22,2284500.0,1191900.0,0,0,0,0,0,0,0,0,0,0,0,0,0,0,0,0,0,0,0,0,0,0,0,0,188,2026-02-06 02:39:17.627645
SPNG,25.47,25.03,25.47,1570800.0,1568600.0,0,0,0,0,0,0,0,0,0,0,0,0,0,0,0,0,0,0,0,0,0,0,0,0,189,2026-02-06 02:39:18.682098
SMMR,25.05,25.05,25.19,1673700.0,1136600.0,0,0,0,0,0,0,0,0,0,0,0,0,0,0,0,0,0,0,0,0,0,0,0,0,189,2026-02-06 02:39:18.682098
ATMN,23.63,23.89,24.22,1515300.0,1526600.0,0,0,0,0,0,0,0,0,0,0,0,0,0,0,0,0,0,0,0,0,0,0,0,0,189,2026-02-06 02:39:18.682098
WNTR,24.22,24.22,24.26,2297500.0,1248900.0,0,0,0,0,0,0,0,0,0,0,0,0,0,0,0,0,0,0,0,0,0,0,0,0,189,2026-02-06 02:39:18.682098
SPNG,24.5,25.0,25.47,1430200.0,1568600.0,0,0,0,0,0,0,0,0,0,0,0,0,0,0,0,0,0,0,0,0,0,0,0,0,190,2026-02-06 02:39:19.236820
SMMR,25.05,24.8,24.95,1560700.0,1352400.0,0,0,0,0,0,0,0,0,0,0,0,0,0,0,0,0,0,0,0,0,0,0,0,0,190,2026-02-06 02:39:19.236820
ATMN,23.76,23.87,24.22,1493500.0,1526600.0,0,0,0,0,0,0,0,0,0,0,0,0,0,0,0,0,0,0,0,0,0,0,0,0,190,2026-02-06 02:39:19.236820
WNTR,24.29,24.22,24.29,2297500.0,1283100.0,0,0,0,0,0,0,0,0,0,0,0,0,0,0,0,0,0,0,0,0,0,0,0,0,190,2026-02-06 02:39:19.236820
SPNG,25.09,25.23,25.75,1564700.0,1436600.0,0,0,0,0,0,0,0,0,0,0,0,0,0,0,0,0,0,0,0,0,0,0,0,0,191,2026-02-06 02:39:20.314087
SMMR,25.05,24.84,24.95,1760000.0,1352400.0,0,0,0,0,0,0,0,0,0,0,0,0,0,0,0,0,0,0,0,0,0,0,0,0,191,2026-02-06 02:39:20.314087
ATMN,23.87,23.63,23.81,1787700.0,1651500.0,0,0,0,0,0,0,0,0,0,0,0,0,0,0,0,0,0,0,0,0,0,0,0,0,191,2026-02-06 02:39:20.314087
WNTR,24.15,24.15,24.24,2269700.0,1511500.0,0,0,0,0,0,0,0,0,0,0,0,0,0,0,0,0,0,0,0,0,0,0,0,0,191,2026-02-06 02:39:20.314087
SPNG,25.23,25.0,25.01,1651500.0,1570000.0,0,0,0,0,0,0,0,0,0,0,0,0,0,0,0,0,0,0,0,0,0,0,0,0,192,2026-02-06 02:39:21.464527
SMMR,24.94,24.94,24.95,1891800.0,1454300.0,0,0,0,0,0,0,0,0,0,0,0,0,0,0,0,0,0,0,0,0,0,0,0,0,192,2026-02-06 02:39:21.464527
ATMN,23.79,23.63,23.72,1787700.0,1545300.0,0,0,0,0,0,0,0,0,0,0,0,0,0,0,0,0,0,0,0,0,0,0,0,0,192,2026-02-06 02:39:21.464527
WNTR,24.15,24.15,24.25,2269700.0,1515200.0,0,0,0,0,0,0,0,0,0,0,0,0,0,0,0,0,0,0,0,0,0,0,0,0,192,2026-02-06 02:39:21.464527
SPNG,25.01,25.5,25.75,1968800.0,1436600.0,0,0,0,0,0,0,0,0,0,0,0,0,0,0,0,0,0,0,0,0,0,0,0,0,193,2026-02-06 02:39:22.525008
SMMR,24.94,24.84,24.9,1760000.0,1557900.0,0,0,0,0,0,0,0,0,0,0,0,0,0,0,0,0,0,0,0,0,0,0,0,0,193,2026-02-06 02:39:22.525008
ATMN,23.79,23.63,23.72,2153300.0,1545300.0,0,0,0,0,0,0,0,0,0,0,0,0,0,0,0,0,0,0,0,0,0,0,0,0,193,2026-02-06 02:39:22.525008
WNTR,24.13,24.13,24.25,2199900.0,1711200.0,0,0,0,0,0,0,0,0,0,0,0,0,0,0,0,0,0,0,0,0,0,0,0,0,193,2026-02-06 02:39:22.525008
SPNG,24.86,24.98,25.11,1870700.0,1567000.0,0,0,0,0,0,0,0,0,0,0,0,0,0,0,0,0,0,0,0,0,0,0,0,0,194,2026-02-06 02:39:23.576278
SMMR,24.96,24.96,25.05,1881700.0,1440300.0,0,0,0,0,0,0,0,0,0,0,0,0,0,0,0,0,0,0,0,0,0,0,0,0,194,2026-02-06 02:39:23.576278
ATMN,24.22,23.67,23.73,2403800.0,1530100.0,0,0,0,0,0,0,0,0,0,0,0,0,0,0,0,0,0,0,0,0,0,0,0,0,194,2026-02-06 02:39:23.576278
WNTR,24.13,24.13,24.18,2199900.0,1918300.0,0,0,0,0,0,0,0,0,0,0,0,0,0,0,0,0,0,0,0,0,0,0,0,0,194,2026-02-06 02:39:23.576278
SPNG,24.86,25.1,25.11,2268200.0,1567000.0,0,0,0,0,0,0,0,0,0,0,0,0,0,0,0,0,0,0,0,0,0,0,0,0,195,2026-02-06 02:39:24.633652
SMMR,24.84,24.84,25.04,1760000.0,1662600.0,0,0,0,0,0,0,0,0,0,0,0,0,0,0,0,0,0,0,0,0,0,0,0,0,195,2026-02-06 02:39:24.633652
ATMN,23.73,24.13,24.22,2502800.0,1515500.0,0,0,0,0,0,0,0,0,0,0,0,0,0,0,0,0,0,0,0,0,0,0,0,0,195,2026-02-06 02:39:24.633652
WNTR,24.09,24.09,24.25,1956600.0,1806900.0,0,0,0,0,0,0,0,0,0,0,0,0,0,0,0,0,0,0,0,0,0,0,0,0,195,2026-02-06 02:39:24.633652
SPNG,24.86,25.1,25.11,2486400.0,1662800.0,0,0,0,0,0,0,0,0,0,0,0,0,0,0,0,0,0,0,0,0,0,0,0,0,196,2026-02-06 02:39:25.697766
SMMR,24.91,24.91,24.92,2000400.0,1773900.0,0,0,0,0,0,0,0,0,0,0,0,0,0,0,0,0,0,0,0,0,0,0,0,0,196,2026-02-06 02:39:25.697766
ATMN,24.13,23.67,23.78,2456700.0,1638800.0,0,0,0,0,0,0,0,0,0,0,0,0,0,0,0,0,0,0,0,0,0,0,0,0,196,2026-02-06 02:39:25.697766
WNTR,24.08,24.08,24.25,1862000.0,2004400.0,0,0,0,0,0,0,0,0,0,0,0,0,0,0,0,0,0,0,0,0,0,0,0,0,196,2026-02-06 02:39:25.697766
SPNG,25.11,25.1,25.11,2418000.0,1662800.0,0,0,0,0,0,0,0,0,0,0,0,0,0,0,0,0,0,0,0,0,0,0,0,0,197,2026-02-06 02:39:26.303606
SMMR,24.91,24.91,24.92,2219500.0,1773900.0,0,0,0,0,0,0,0,0,0,0,0,0,0,0,0,0,0,0,0,0,0,0,0,0,197,2026-02-06 02:39:26.303606
ATMN,23.78,23.99,24.02,2449700.0,1737000.0,0,0,0,0,0,0,0,0,0,0,0,0,0,0,0,0,0,0,0,0,0,0,0,0,197,2026-02-06 02:39:26.303606
WNTR,24.08,24.02,24.07,1746500.0,2128300.0,0,0,0,0,0,0,0,0,0,0,0,0,0,0,0,0,0,0,0,0,0,0,0,0,197,2026-02-06 02:39:26.303606
SPNG,25.11,25.22,25.3,2363500.0,1532400.0,0,0,0,0,0,0,0,0,0,0,0,0,0,0,0,0,0,0,0,0,0,0,0,0,198,2026-02-06 02:39:27.386984
SMMR,24.92,24.91,24.92,2329000.0,1868600.0,0,0,0,0,0,0,0,0,0,0,0,0,0,0,0,0,0,0,0,0,0,0,0,0,198,2026-02-06 02:39:27.386984
ATMN,24.06,23.67,24.06,2456700.0,1644200.0,0,0,0,0,0,0,0,0,0,0,0,0,0,0,0,0,0,0,0,0,0,0,0,0,198,2026-02-06 02:39:27.386984
WNTR,24.15,24.04,24.15,1974800.0,2105900.0,0,0,0,0,0,0,0,0,0,0,0,0,0,0,0,0,0,0,0,0,0,0,0,0,198,2026-02-06 02:39:27.386984
SPNG,25.11,25.22,25.3,2361800.0,1621900.0,0,0,0,0,0,0,0,0,0,0,0,0,0,0,0,0,0,0,0,0,0,0,0,0,199,2026-02-06 02:39:28.448904
SMMR,24.92,24.94,25.04,2184700.0,1757300.0,0,0,0,0,0,0,0,0,0,0,0,0,0,0,0,0,0,0,0,0,0,0,0,0,199,2026-02-06 02:39:28.448904
ATMN,24.06,23.78,24.06,2424700.0,1648900.0,0,0,0,0,0,0,0,0,0,0,0,0,0,0,0,0,0,0,0,0,0,0,0,0,199,2026-02-06 02:39:28.448904
WNTR,24.13,24.04,24.08,1974800.0,2116000.0,0,0,0,0,0,0,0,0,0,0,0,0,0,0,0,0,0,0,0,0,0,0,0,0,199,2026-02-06 02:39:28.448904
SPNG,25.19,25.19,25.3,2351000.0,1866300.0,0,0,0,0,0,0,0,0,0,0,0,0,0,0,0,0,0,0,0,0,0,0,0,0,200,2026-02-06 02:39:29.519212
SMMR,25.04,24.94,25.0,2316900.0,1849000.0,0,0,0,0,0,0,0,0,0,0,0,0,0,0,0,0,0,0,0,0,0,0,0,0,200,2026-02-06 02:39:29.519212
ATMN,24.06,23.78,24.02,2397300.0,1854900.0,0,0,0,0,0,0,0,0,0,0,0,0,0,0,0,0,0,0,0,0,0,0,0,0,200,2026-02-06 02:39:29.519212
WNTR,24.08,24.04,24.08,2189700.0,2105000.0,0,0,0,0,0,0,0,0,0,0,0,0,0,0,0,0,0,0,0,0,0,0,0,0,200,2026-02-06 02:39:29.519212
SPNG,25.05,25.05,25.3,2329600.0,1985400.0,0,0,0,0,0,0,0,0,0,0,0,0,0,0,0,0,0,0,0,0,0,0,0,0,201,2026-02-06 02:39:30.578872
SMMR,24.96,24.96,25.0,2323500.0,1936800.0,0,0,0,0,0,0,0,0,0,0,0,0,0,0,0,0,0,0,0,0,0,0,0,0,201,2026-02-06 02:39:30.578872
ATMN,24.06,23.87,24.02,2376300.0,1961700.0,0,0,0,0,0,0,0,0,0,0,0,0,0,0,0,0,0,0,0,0,0,0,0,0,201,2026-02-06 02:39:30.578872
WNTR,24.15,24.04,24.15,2189700.0,2124800.0,0,0,0,0,0,0,0,0,0,0,0,0,0,0,0,0,0,0,0,0,0,0,0,0,201,2026-02-06 02:39:30.578872
SPNG,25.38,25.05,25.38,2342800.0,1991800.0,0,0,0,0,0,0,0,0,0,0,0,0,0,0,0,0,0,0,0,0,0,0,0,0,202,2026-02-06 02:39:31.676987
SMMR,24.96,24.96,24.97,2285900.0,2074200.0,0,0,0,0,0,0,0,0,0,0,0,0,0,0,0,0,0,0,0,0,0,0,0,0,202,2026-02-06 02:39:31.676987
ATMN,24.06,23.87,23.97,2376300.0,2076100.0,0,0,0,0,0,0,0,0,0,0,0,0,0,0,0,0,0,0,0,0,0,0,0,0,202,2026-02-06 02:39:31.676987
WNTR,24.19,24.15,24.19,2156600.0,2126300.0,0,0,0,0,0,0,0,0,0,0,0,0,0,0,0,0,0,0,0,0,0,0,0,0,202,2026-02-06 02:39:31.676987
SPNG,25.38,24.98,25.38,2354700.0,1991200.0,0,0,0,0,0,0,0,0,0,0,0,0,0,0,0,0,0,0,0,0,0,0,0,0,203,2026-02-06 02:39:32.769745
SMMR,24.97,24.96,24.97,2268300.0,2083900.0,0,0,0,0,0,0,0,0,0,0,0,0,0,0,0,0,0,0,0,0,0,0,0,0,203,2026-02-06 02:39:32.769745
ATMN,24.06,23.87,23.92,2376300.0,2301600.0,0,0,0,0,0,0,0,0,0,0,0,0,0,0,0,0,0,0,0,0,0,0,0,0,203,2026-02-06 02:39:32.769745
WNTR,24.02,24.02,24.19,1967300.0,2112600.0,0,0,0,0,0,0,0,0,0,0,0,0,0,0,0,0,0,0,0,0,0,0,0,0,203,2026-02-06 02:39:32.769745
SPNG,25.4,24.98,25.4,2332500.0,1877100.0,0,0,0,0,0,0,0,0,0,0,0,0,0,0,0,0,0,0,0,0,0,0,0,0,204,2026-02-06 02:39:33.334783
SMMR,25.0,24.96,25.0,2268300.0,2067400.0,0,0,0,0,0,0,0,0,0,0,0,0,0,0,0,0,0,0,0,0,0,0,0,0,204,2026-02-06 02:39:33.334783
ATMN,23.79,23.79,23.92,2364700.0,2301600.0,0,0,0,0,0,0,0,0,0,0,0,0,0,0,0,0,0,0,0,0,0,0,0,0,204,2026-02-06 02:39:33.334783
WNTR,24.02,24.02,24.11,2086600.0,2181200.0,0,0,0,0,0,0,0,0,0,0,0,0,0,0,0,0,0,0,0,0,0,0,0,0,204,2026-02-06 02:39:33.334783
SPNG,25.05,25.05,25.4,2339800.0,1994200.0,0,0,0,0,0,0,0,0,0,0,0,0,0,0,0,0,0,0,0,0,0,0,0,0,205,2026-02-06 02:39:34.398572
SMMR,24.96,24.96,24.98,2247900.0,2092900.0,0,0,0,0,0,0,0,0,0,0,0,0,0,0,0,0,0,0,0,0,0,0,0,0,205,2026-02-06 02:39:34.398572
ATMN,23.67,23.67,23.92,2448800.0,2353400.0,0,0,0,0,0,0,0,0,0,0,0,0,0,0,0,0,0,0,0,0,0,0,0,0,205,2026-02-06 02:39:34.398572
WNTR,24.11,24.02,24.11,2286300.0,2181200.0,0,0,0,0,0,0,0,0,0,0,0,0,0,0,0,0,0,0,0,0,0,0,0,0,205,2026-02-06 02:39:34.398572
