ticker,last_price,bid_price,ask_price,BUY_ANON,SELL_ANON,BUY_GIOT-3,BUY_ZUAI-2,SELL_UEBR-1,SELL_GIOT-4,BUY_WRSW-1,BUY_WRSW-2,BUY_GIOT-4,BUY_UEBR-1,SELL_IESE-1,SELL_GIOT-3,SELL_WRSW-2,SELL_WRSW-3,SELL_WRSW-1,BUY_WRSW-3,BUY_IESE-1,tick,timestamp
SPNG,0.0,0.0,0.0,2058600.0,2179000.0,0,0,0,0,0,0,0,0,0,0,0,0,0,0,0,0,2026-02-03 10:46:25.536298
SMMR,0.0,0.0,0.0,2440000.0,2316400.0,0,0,0,0,0,0,0,0,0,0,0,0,0,0,0,0,2026-02-03 10:46:25.536298
ATMN,0.0,0.0,0.0,2242700.0,2107900.0,0,0,0,0,0,0,0,0,0,0,0,0,0,0,0,0,2026-02-03 10:46:25.536298
WNTR,0.0,0.0,0.0,1840400.0,2115700.0,0,0,0,0,0,0,0,0,0,0,0,0,0,0,0,0,2026-02-03 10:46:25.536298
SPNG,25.32,24.56,25.32,1968300.0,1980500.0,0,0,0,0,0,0,0,0,0,0,0,0,0,0,0,1,2026-02-03 10:46:26.655910,2.0,1.0,1.0,,Aggregate Position Limit,Your CRO has set the aggregate position limit to 12000 shares for this week.
SMMR,24.99,24.99,25.03,2432900.0,2421400.0,0,0,0,0,0,0,0,0,0,0,0,0,0,0,0,1,2026-02-03 10:46:26.655910,1.0,1.0,1.0,,Welcome to the RITC 2026 Alogithmic Market Making Case - practice server,
ATMN,25.1,25.2,25.27,2248700.0,1970600.0,0,0,0,0,0,0,0,0,0,0,0,0,0,0,0,1,2026-02-03 10:46:26.655910,,,,,,
WNTR,25.02,24.98,25.02,2052100.0,2115700.0,0,0,0,0,0,0,0,0,0,0,0,0,0,0,0,1,2026-02-03 10:46:26.655910,,,,,,
SPNG,25.32,25.17,25.32,2080700.0,2080000.0,0,0,0,0,0,0,0,0,0,0,0,0,0,0,0,2,2026-02-03 10:46:27.226880
SMMR,24.99,24.9,24.96,2421800.0,2428900.0,0,0,0,0,0,0,0,0,0,0,0,0,0,0,0,2,2026-02-03 10:46:27.226880
ATMN,25.1,25.2,25.27,2248700.0,2162300.0,0,0,0,0,0,0,0,0,0,0,0,0,0,0,0,2,2026-02-03 10:46:27.226880
WNTR,24.96,24.96,25.02,1959600.0,2115700.0,0,0,0,0,0,0,0,0,0,0,0,0,0,0,0,2,2026-02-03 10:46:27.226880
SPNG,24.93,25.21,25.32,2064200.0,2182000.0,0,0,0,0,0,0,0,0,0,0,0,0,0,0,0,3,2026-02-03 10:46:28.287184
SMMR,25.03,24.9,25.03,2421800.0,2414900.0,0,0,0,0,0,0,0,0,0,0,0,0,0,0,0,3,2026-02-03 10:46:28.287184
ATMN,25.1,25.2,25.27,2248700.0,2152900.0,0,0,0,0,0,0,0,0,0,0,0,0,0,0,0,3,2026-02-03 10:46:28.287184
WNTR,24.96,24.96,25.02,2069500.0,2085800.0,0,0,0,0,0,0,0,0,0,0,0,0,0,0,0,3,2026-02-03 10:46:28.287184
SPNG,25.21,24.99,25.12,2055300.0,2196000.0,0,0,0,0,0,0,0,0,0,0,0,0,0,0,0,4,2026-02-03 10:46:29.319662
SMMR,25.03,24.9,24.96,2421800.0,2375400.0,0,0,0,0,0,0,0,0,0,0,0,0,0,0,0,4,2026-02-03 10:46:29.319662
ATMN,25.1,25.2,25.25,2248700.0,2159700.0,0,0,0,0,0,0,0,0,0,0,0,0,0,0,0,4,2026-02-03 10:46:29.319662
WNTR,25.07,24.96,25.07,2203100.0,2085900.0,0,0,0,0,0,0,0,0,0,0,0,0,0,0,0,4,2026-02-03 10:46:29.319662
SPNG,25.21,25.02,25.11,5625.0,2026100.0,5625.0,2091200.0,0,0,0,0,0,0,0,0,0,0,0,0,0,5,2026-02-03 10:46:30.368847
SMMR,25.03,24.91,24.94,5625.0,2286700.0,,2379500.0,0,0,0,0,0,0,0,0,0,0,0,0,0,5,2026-02-03 10:46:30.368847
ATMN,24.83,25.0,25.01,,2223500.0,7500.0,2066700.0,0,0,0,0,0,0,0,0,0,0,0,0,0,5,2026-02-03 10:46:30.368847
WNTR,24.96,24.98,25.06,5625.0,2101600.0,,2092000.0,0,0,0,0,0,0,0,0,0,0,0,0,0,5,2026-02-03 10:46:30.368847
SPNG,25.12,24.56,25.12,1968300.0,2191400.0,,,0,0,0,0,0,0,0,0,0,0,0,0,0,6,2026-02-03 10:46:31.408410
SMMR,24.9,24.9,24.99,2314500.0,2412300.0,5625.0,,0,0,0,0,0,0,0,0,0,0,0,0,0,6,2026-02-03 10:46:31.408410
ATMN,24.83,25.0,25.01,2223500.0,2009500.0,,7500.0,0,0,0,0,0,0,0,0,0,0,0,0,0,6,2026-02-03 10:46:31.408410
WNTR,24.97,25.12,25.19,2077200.0,1993300.0,7031.0,7031.0,0,0,0,0,0,0,0,0,0,0,0,0,0,6,2026-02-03 10:46:31.408410
SPNG,25.32,24.58,24.99,2199500.0,3750.0,2105500.0,0,0,0,0,0,0,0,0,0,0,0,0,0,0,7,2026-02-03 10:46:32.443510
SMMR,24.88,24.88,24.99,2386700.0,,2378900.0,0,0,0,0,0,0,0,0,0,0,0,0,0,0,7,2026-02-03 10:46:32.443510
ATMN,24.9,24.9,25.01,2217000.0,7500.0,2032000.0,0,0,0,0,0,0,0,0,0,0,0,0,0,0,7,2026-02-03 10:46:32.443510
WNTR,24.93,24.93,25.08,2212800.0,4336.0,1996200.0,0,0,0,0,0,0,0,0,0,0,0,0,0,0,7,2026-02-03 10:46:32.443510
SPNG,25.37,24.58,25.37,1979900.0,10781.0,2164600.0,,0,0,0,0,0,0,0,0,0,0,0,0,0,8,2026-02-03 10:46:33.484082
SMMR,25.07,24.9,24.97,2255100.0,5595.0,2310200.0,5595.0,0,0,0,0,0,0,0,0,0,0,0,0,0,8,2026-02-03 10:46:33.484082
ATMN,24.83,24.83,25.01,2243900.0,,2032000.0,7500.0,0,0,0,0,0,0,0,0,0,0,0,0,0,8,2026-02-03 10:46:33.484082
WNTR,25.08,24.93,25.08,2191400.0,,1993300.0,4336.0,0,0,0,0,0,0,0,0,0,0,0,0,0,8,2026-02-03 10:46:33.484082
SPNG,25.37,25.09,25.12,1962600.0,10781.0,2169100.0,,0,0,0,0,0,0,0,0,0,0,0,0,0,9,2026-02-03 10:46:34.521670
SMMR,24.87,24.87,25.09,2372900.0,,2431800.0,,0,0,0,0,0,0,0,0,0,0,0,0,0,9,2026-02-03 10:46:34.521670
ATMN,24.83,24.94,25.01,2225200.0,,2032000.0,7500.0,0,0,0,0,0,0,0,0,0,0,0,0,0,9,2026-02-03 10:46:34.521670
WNTR,24.92,25.14,25.2,2079600.0,3200.0,2083900.0,,0,0,0,0,0,0,0,0,0,0,0,0,0,9,2026-02-03 10:46:34.521670
SPNG,24.56,24.56,25.12,2224800.0,2166100.0,,,0,0,0,0,0,0,0,0,0,0,0,0,0,10,2026-02-03 10:46:35.590412
SMMR,24.85,24.89,25.06,2256500.0,2329000.0,6679.0,6679.0,0,0,0,0,0,0,0,0,0,0,0,0,0,10,2026-02-03 10:46:35.590412
ATMN,24.94,24.83,24.86,2235900.0,2044900.0,,7500.0,0,0,0,0,0,0,0,0,0,0,0,0,0,10,2026-02-03 10:46:35.590412
WNTR,25.14,24.93,25.01,2111500.0,2001400.0,6679.0,6679.0,0,0,0,0,0,0,0,0,0,0,0,0,0,10,2026-02-03 10:46:35.590412
SPNG,25.12,24.81,25.12,2096100.0,4360.0,2166100.0,,0,0,0,0,0,0,0,0,0,0,0,0,0,11,2026-02-03 10:46:36.659243
SMMR,24.85,24.95,25.06,2410100.0,,2190600.0,12558.0,0,0,0,0,0,0,0,0,0,0,0,0,0,11,2026-02-03 10:46:36.659243
ATMN,25.1,25.05,25.09,2131700.0,4360.0,2035000.0,4360.0,0,0,0,0,0,0,0,0,0,0,0,0,0,11,2026-02-03 10:46:36.659243
WNTR,25.14,24.94,24.96,2130400.0,4360.0,1970600.0,4360.0,0,0,0,0,0,0,0,0,0,0,0,0,0,11,2026-02-03 10:46:36.659243
SPNG,25.12,24.81,25.07,2094300.0,4360.0,2193500.0,,0,0,0,0,0,0,0,0,0,0,0,0,0,12,2026-02-03 10:46:37.700405
SMMR,24.95,24.95,25.06,2410100.0,,2190600.0,12558.0,0,0,0,0,0,0,0,0,0,0,0,0,0,12,2026-02-03 10:46:37.700405
ATMN,25.05,25.05,25.1,2252100.0,,2165300.0,,0,0,0,0,0,0,0,0,0,0,0,0,0,12,2026-02-03 10:46:37.700405
WNTR,25.02,24.94,25.01,2145100.0,5450.0,1968800.0,5450.0,0,0,0,0,0,0,0,0,0,0,0,0,0,12,2026-02-03 10:46:37.700405
SPNG,25.12,24.92,25.0,2073100.0,4360.0,2196900.0,,0,0,0,0,0,0,0,0,0,0,0,0,0,13,2026-02-03 10:46:38.738455
SMMR,24.95,24.85,24.86,2413000.0,,2254800.0,7227.0,0,0,0,0,0,0,0,0,0,0,0,0,0,13,2026-02-03 10:46:38.738455
ATMN,24.82,24.82,24.97,2226900.0,,2016300.0,5450.0,0,0,0,0,0,0,0,0,0,0,0,0,0,13,2026-02-03 10:46:38.738455
WNTR,24.94,24.95,24.99,2164700.0,7227.0,1987200.0,7227.0,0,0,0,0,0,0,0,0,0,0,0,0,0,13,2026-02-03 10:46:38.738455
SPNG,24.87,24.87,24.9,2106700.0,4360.0,2195000.0,,0,0,0,0,0,0,0,0,0,0,0,0,0,14,2026-02-03 10:46:39.272953
SMMR,24.95,24.85,24.86,2391000.0,,2390200.0,,0,0,0,0,0,0,0,0,0,0,0,0,0,14,2026-02-03 10:46:39.272953
ATMN,24.82,24.82,24.97,2227000.0,,2016300.0,5450.0,0,0,0,0,0,0,0,0,0,0,0,0,0,14,2026-02-03 10:46:39.272953
WNTR,24.94,24.94,24.99,2271000.0,,2091300.0,,0,0,0,0,0,0,0,0,0,0,0,0,0,14,2026-02-03 10:46:39.272953
SPNG,24.9,24.87,24.9,2109900.0,4360.0,2195000.0,,0,0,0,0,0,0,0,0,0,0,0,0,0,15,2026-02-03 10:46:40.351699
SMMR,25.11,24.94,25.11,2257900.0,7227.0,2448000.0,,0,0,0,0,0,0,0,0,0,0,0,0,0,15,2026-02-03 10:46:40.351699
ATMN,25.11,24.95,25.11,2232300.0,,2142200.0,,0,0,0,0,0,0,0,0,0,0,0,0,0,15,2026-02-03 10:46:40.351699
WNTR,24.92,24.92,24.98,2256300.0,,1972600.0,7227.0,0,0,0,0,0,0,0,0,0,0,0,0,0,15,2026-02-03 10:46:40.351699
SPNG,25.0,24.87,25.0,2108600.0,4360.0,2177100.0,,0,0,0,0,0,0,0,0,0,0,0,0,0,16,2026-02-03 10:46:41.383481
SMMR,25.11,24.95,25.02,2108500.0,7227.0,2416600.0,,0,0,0,0,0,0,0,0,0,0,0,0,0,16,2026-02-03 10:46:41.383481
ATMN,24.95,24.95,25.1,2232300.0,,2051400.0,6410.0,0,0,0,0,0,0,0,0,0,0,0,0,0,16,2026-02-03 10:46:41.383481
WNTR,24.92,24.92,24.98,2256300.0,,1975800.0,7227.0,0,0,0,0,0,0,0,0,0,0,0,0,0,16,2026-02-03 10:46:41.383481
SPNG,25.07,24.82,24.99,7500.0,2110600.0,7500.0,2073100.0,0,0,0,0,0,0,0,0,0,0,0,0,0,17,2026-02-03 10:46:42.414265
SMMR,24.98,24.95,24.98,,2361100.0,,2374300.0,0,0,0,0,0,0,0,0,0,0,0,0,0,17,2026-02-03 10:46:42.414265
ATMN,24.95,24.82,24.93,,2235300.0,7500.0,2051000.0,0,0,0,0,0,0,0,0,0,0,0,0,0,17,2026-02-03 10:46:42.414265
WNTR,24.91,24.91,24.98,,2227100.0,,2097100.0,0,0,0,0,0,0,0,0,0,0,0,0,0,17,2026-02-03 10:46:42.414265
SPNG,24.61,24.61,25.27,2235200.0,7500.0,2084600.0,,0,0,0,0,0,0,0,0,0,0,0,0,0,18,2026-02-03 10:46:43.452441
SMMR,25.02,24.95,25.02,2244900.0,,2380600.0,7227.0,0,0,0,0,0,0,0,0,0,0,0,0,0,18,2026-02-03 10:46:43.452441
ATMN,25.25,24.83,24.92,2142100.0,7500.0,2022800.0,7500.0,0,0,0,0,0,0,0,0,0,0,0,0,0,18,2026-02-03 10:46:43.452441
WNTR,24.9,24.9,24.98,2255700.0,7227.0,1976300.0,,0,0,0,0,0,0,0,0,0,0,0,0,0,18,2026-02-03 10:46:43.452441
SPNG,24.61,25.12,25.27,2226200.0,7500.0,2084600.0,,0,0,0,0,0,0,0,0,0,0,0,0,0,19,2026-02-03 10:46:44.487708
SMMR,25.02,24.95,25.02,2244900.0,,2295200.0,7227.0,0,0,0,0,0,0,0,0,0,0,0,0,0,19,2026-02-03 10:46:44.487708
ATMN,25.25,24.85,24.9,2150600.0,5625.0,2022800.0,5625.0,0,0,0,0,0,0,0,0,0,0,0,0,0,19,2026-02-03 10:46:44.487708
WNTR,24.88,24.88,24.98,2223800.0,7227.0,1978000.0,,0,0,0,0,0,0,0,0,0,0,0,0,0,19,2026-02-03 10:46:44.487708
SPNG,25.12,24.63,24.86,2228900.0,2090600.0,7500.0,,0,0,0,0,0,0,0,0,0,0,0,0,0,20,2026-02-03 10:46:45.522596
SMMR,24.94,24.95,24.99,2237000.0,2138700.0,3818.0,3818.0,0,0,0,0,0,0,0,0,0,0,0,0,0,20,2026-02-03 10:46:45.522596
ATMN,24.89,25.02,25.25,2224400.0,2152200.0,,,0,0,0,0,0,0,0,0,0,0,0,0,0,20,2026-02-03 10:46:45.522596
WNTR,24.88,24.88,24.98,2252700.0,1985000.0,7227.0,,0,0,0,0,0,0,0,0,0,0,0,0,0,20,2026-02-03 10:46:45.522596
SPNG,25.25,24.91,25.25,2206500.0,2188700.0,,,0,0,0,0,0,0,0,0,0,0,0,0,0,21,2026-02-03 10:46:46.561414
SMMR,25.02,24.97,25.02,2333100.0,2262400.0,,,0,0,0,0,0,0,0,0,0,0,0,0,0,21,2026-02-03 10:46:46.561414
ATMN,24.79,24.79,25.25,2117500.0,2152200.0,5625.0,,0,0,0,0,0,0,0,0,0,0,0,0,0,21,2026-02-03 10:46:46.561414
WNTR,24.85,24.85,24.98,2241400.0,1992500.0,,7227.0,0,0,0,0,0,0,0,0,0,0,0,0,0,21,2026-02-03 10:46:46.561414
SPNG,24.91,24.63,24.91,2227300.0,2098700.0,6946.0,,0,0,0,0,0,0,0,0,0,0,0,0,0,22,2026-02-03 10:46:47.599292
SMMR,25.02,24.97,25.02,2173400.0,2250400.0,,3818.0,0,0,0,0,0,0,0,0,0,0,0,0,0,22,2026-02-03 10:46:47.599292
ATMN,24.79,24.79,24.85,2114700.0,2139500.0,,5625.0,0,0,0,0,0,0,0,0,0,0,0,0,0,22,2026-02-03 10:46:47.599292
WNTR,24.96,24.85,24.96,2263800.0,1979500.0,7227.0,,0,0,0,0,0,0,0,0,0,0,0,0,0,22,2026-02-03 10:46:47.599292
SPNG,25.1,24.71,24.9,2242500.0,2127900.0,6946.0,,0,0,0,0,0,0,0,0,0,0,0,0,0,23,2026-02-03 10:46:48.641084
SMMR,25.02,24.97,25.02,2181400.0,2270300.0,,3818.0,0,0,0,0,0,0,0,0,0,0,0,0,0,23,2026-02-03 10:46:48.641084
ATMN,24.82,25.0,25.25,2216700.0,2152200.0,,,0,0,0,0,0,0,0,0,0,0,0,0,0,23,2026-02-03 10:46:48.641084
WNTR,24.83,24.86,24.96,2242200.0,2010500.0,7227.0,,0,0,0,0,0,0,0,0,0,0,0,0,0,23,2026-02-03 10:46:48.641084
SPNG,25.1,24.73,24.9,2271800.0,2127900.0,6946.0,,0,0,0,0,0,0,0,0,0,0,0,0,0,24,2026-02-03 10:46:49.744597
SMMR,25.02,24.99,25.02,2195900.0,2261700.0,,3818.0,0,0,0,0,0,0,0,0,0,0,0,0,0,24,2026-02-03 10:46:49.744597
ATMN,24.99,24.82,24.99,2206500.0,2072000.0,4911.0,,0,0,0,0,0,0,0,0,0,0,0,0,0,24,2026-02-03 10:46:49.744597
WNTR,24.96,24.86,24.92,2238400.0,2010500.0,7227.0,,0,0,0,0,0,0,0,0,0,0,0,0,0,24,2026-02-03 10:46:49.744597
SPNG,25.2,24.89,25.15,2282700.0,2239000.0,,,0,0,0,0,0,0,0,0,0,0,0,0,0,25,2026-02-03 10:46:50.800070
SMMR,25.06,24.99,25.02,2195900.0,2265400.0,3818.0,,0,0,0,0,0,0,0,0,0,0,0,0,0,25,2026-02-03 10:46:50.800070
ATMN,24.99,24.82,24.99,2200900.0,2072000.0,,9822.0,0,0,0,0,0,0,0,0,0,0,0,0,0,25,2026-02-03 10:46:50.800070
WNTR,24.83,24.83,24.92,2261500.0,2010500.0,,7227.0,0,0,0,0,0,0,0,0,0,0,0,0,0,25,2026-02-03 10:46:50.800070
SPNG,25.15,24.91,25.14,4192.0,2165600.0,4192.0,2131200.0,0,0,0,0,0,0,0,0,0,0,0,0,0,26,2026-02-03 10:46:51.346128
SMMR,25.06,24.99,25.02,3818.0,2195900.0,,2288100.0,0,0,0,0,0,0,0,0,0,0,0,0,0,26,2026-02-03 10:46:51.346128
ATMN,24.99,24.92,24.99,,2206200.0,9822.0,2049600.0,0,0,0,0,0,0,0,0,0,0,0,0,0,26,2026-02-03 10:46:51.346128
WNTR,24.82,24.82,24.96,,2150600.0,7227.0,2010500.0,0,0,0,0,0,0,0,0,0,0,0,0,0,26,2026-02-03 10:46:51.346128
SPNG,25.2,24.99,25.02,2195400.0,4192.0,2211700.0,,0,0,0,0,0,0,0,0,0,0,0,0,0,27,2026-02-03 10:46:52.382326
SMMR,24.92,24.92,25.02,2329800.0,,2288100.0,,0,0,0,0,0,0,0,0,0,0,0,0,0,27,2026-02-03 10:46:52.382326
ATMN,25.25,24.93,25.16,2087300.0,7395.0,2061100.0,7395.0,0,0,0,0,0,0,0,0,0,0,0,0,0,27,2026-02-03 10:46:52.382326
WNTR,24.81,24.81,24.94,2150600.0,,2047000.0,7227.0,0,0,0,0,0,0,0,0,0,0,0,0,0,27,2026-02-03 10:46:52.382326
SPNG,25.01,25.01,25.02,2163800.0,5693.0,2211700.0,,0,0,0,0,0,0,0,0,0,0,0,0,0,28,2026-02-03 10:46:53.435122
SMMR,25.0,25.01,25.08,2199300.0,5693.0,2299200.0,,0,0,0,0,0,0,0,0,0,0,0,0,0,28,2026-02-03 10:46:53.435122
ATMN,25.25,24.93,25.24,2087300.0,5693.0,2082000.0,5693.0,0,0,0,0,0,0,0,0,0,0,0,0,0,28,2026-02-03 10:46:53.435122
WNTR,24.72,24.72,24.8,1908300.0,,2072300.0,7227.0,0,0,0,0,0,0,0,0,0,0,0,0,0,28,2026-02-03 10:46:53.435122
SPNG,24.89,24.99,25.19,7116.0,2218000.0,7116.0,2113300.0,0,0,0,0,0,0,0,0,0,0,0,0,0,29,2026-02-03 10:46:54.467711
SMMR,25.01,25.01,25.05,5693.0,2199300.0,,2290100.0,0,0,0,0,0,0,0,0,0,0,0,0,0,29,2026-02-03 10:46:54.467711
ATMN,25.25,25.08,25.16,7116.0,2068500.0,7116.0,2055500.0,0,0,0,0,0,0,0,0,0,0,0,0,0,29,2026-02-03 10:46:54.467711
WNTR,24.8,24.72,24.8,,2127000.0,7227.0,2072300.0,0,0,0,0,0,0,0,0,0,0,0,0,0,29,2026-02-03 10:46:54.467711
SPNG,24.75,24.75,25.01,2300000.0,2083300.0,7116.0,,0,0,0,0,0,0,0,0,0,0,0,0,0,30,2026-02-03 10:46:55.506661
SMMR,25.01,24.93,24.98,2204100.0,2175400.0,3914.0,3914.0,0,0,0,0,0,0,0,0,0,0,0,0,0,30,2026-02-03 10:46:55.506661
ATMN,24.82,24.82,25.15,2200900.0,2015500.0,3914.0,,0,0,0,0,0,0,0,0,0,0,0,0,0,30,2026-02-03 10:46:55.506661
WNTR,24.8,24.88,24.94,2244600.0,2157000.0,,,0,0,0,0,0,0,0,0,0,0,0,0,0,30,2026-02-03 10:46:55.506661
SPNG,25.11,24.75,25.08,2300000.0,2211400.0,,,0,0,0,0,0,0,0,0,0,0,0,0,0,31,2026-02-03 10:46:56.539040
SMMR,24.97,24.98,24.99,2228000.0,2276900.0,4742.0,,0,0,0,0,0,0,0,0,0,0,0,0,0,31,2026-02-03 10:46:56.539040
ATMN,25.25,24.83,25.25,2109100.0,2172100.0,6906.0,,0,0,0,0,0,0,0,0,0,0,0,0,0,31,2026-02-03 10:46:56.539040
WNTR,24.8,24.89,24.9,2117600.0,2078500.0,6906.0,6906.0,0,0,0,0,0,0,0,0,0,0,0,0,0,31,2026-02-03 10:46:56.539040
SPNG,25.25,24.76,25.1,4588.0,2209100.0,2180600.0,0,0,0,0,0,0,0,0,0,0,0,0,0,0,32,2026-02-03 10:46:57.573228
SMMR,24.92,24.92,25.05,,2334700.0,2286600.0,0,0,0,0,0,0,0,0,0,0,0,0,0,0,32,2026-02-03 10:46:57.573228
ATMN,24.91,24.79,24.91,,2219700.0,2167600.0,0,0,0,0,0,0,0,0,0,0,0,0,0,0,32,2026-02-03 10:46:57.573228
WNTR,24.73,24.73,24.9,,2217300.0,2193000.0,0,0,0,0,0,0,0,0,0,0,0,0,0,0,32,2026-02-03 10:46:57.573228
SPNG,25.1,25.16,25.25,2200800.0,4588.0,2178200.0,,0,0,0,0,0,0,0,0,0,0,0,0,0,33,2026-02-03 10:46:58.602632
SMMR,24.92,25.03,25.04,2208600.0,6353.0,2150500.0,6353.0,0,0,0,0,0,0,0,0,0,0,0,0,0,33,2026-02-03 10:46:58.602632
ATMN,24.96,24.89,24.96,2245000.0,,2146100.0,,0,0,0,0,0,0,0,0,0,0,0,0,0,33,2026-02-03 10:46:58.602632
WNTR,24.72,24.73,24.75,2147700.0,6353.0,2055200.0,6353.0,0,0,0,0,0,0,0,0,0,0,0,0,0,33,2026-02-03 10:46:58.602632
SPNG,25.1,24.83,25.09,2209200.0,5735.0,5735.0,2073300.0,0,0,0,0,0,0,0,0,0,0,0,0,0,34,2026-02-03 10:46:59.633903
SMMR,24.91,24.91,24.95,2334100.0,,,2264700.0,0,0,0,0,0,0,0,0,0,0,0,0,0,34,2026-02-03 10:46:59.633903
ATMN,24.89,25.09,25.25,2116800.0,7058.0,,2172100.0,0,0,0,0,0,0,0,0,0,0,0,0,0,34,2026-02-03 10:46:59.633903
WNTR,24.76,24.67,24.75,1994500.0,5735.0,5735.0,2055200.0,0,0,0,0,0,0,0,0,0,0,0,0,0,34,2026-02-03 10:46:59.633903
SPNG,25.23,25.23,25.25,2215400.0,7169.0,2178200.0,,0,0,0,0,0,0,0,0,0,0,0,0,0,35,2026-02-03 10:47:00.670380
SMMR,24.93,24.93,25.07,2347600.0,,2279900.0,,0,0,0,0,0,0,0,0,0,0,0,0,0,35,2026-02-03 10:47:00.670380
ATMN,24.79,24.79,25.25,2221200.0,,2032300.0,7058.0,0,0,0,0,0,0,0,0,0,0,0,0,0,35,2026-02-03 10:47:00.670380
WNTR,24.76,24.77,24.9,2117800.0,5735.0,2188100.0,,0,0,0,0,0,0,0,0,0,0,0,0,0,35,2026-02-03 10:47:00.670380
SPNG,25.29,24.83,25.02,2327000.0,2173300.0,,,0,0,0,0,0,0,0,0,0,0,0,0,0,36,2026-02-03 10:47:01.764757
SMMR,24.93,24.95,25.05,2221500.0,2164000.0,4604.0,4604.0,0,0,0,0,0,0,0,0,0,0,0,0,0,36,2026-02-03 10:47:01.764757
ATMN,25.26,24.79,25.26,2221200.0,2166000.0,,,0,0,0,0,0,0,0,0,0,0,0,0,0,36,2026-02-03 10:47:01.764757
WNTR,24.77,24.66,24.72,1994500.0,2201500.0,,,0,0,0,0,0,0,0,0,0,0,0,0,0,36,2026-02-03 10:47:01.764757
SPNG,25.02,24.87,25.02,2336700.0,2173300.0,,,0,0,0,0,0,0,0,0,0,0,0,0,0,37,2026-02-03 10:47:02.839723
SMMR,25.09,25.07,25.09,2234300.0,2291700.0,3700.0,,0,0,0,0,0,0,0,0,0,0,0,0,0,37,2026-02-03 10:47:02.839723
ATMN,25.26,25.06,25.2,2091700.0,2031700.0,4987.0,4987.0,0,0,0,0,0,0,0,0,0,0,0,0,0,37,2026-02-03 10:47:02.839723
WNTR,24.79,24.79,24.86,2128600.0,2223000.0,6349.0,,0,0,0,0,0,0,0,0,0,0,0,0,0,37,2026-02-03 10:47:02.839723
SPNG,24.87,24.87,25.01,2336700.0,6234.0,2065500.0,0,0,0,0,0,0,0,0,0,0,0,0,0,0,38,2026-02-03 10:47:03.408427
SMMR,25.09,25.07,25.09,2350200.0,,2290700.0,0,0,0,0,0,0,0,0,0,0,0,0,0,0,38,2026-02-03 10:47:03.408427
ATMN,25.05,25.05,25.21,2214400.0,,2148700.0,0,0,0,0,0,0,0,0,0,0,0,0,0,0,38,2026-02-03 10:47:03.408427
WNTR,24.75,24.75,24.86,2216400.0,,2223000.0,0,0,0,0,0,0,0,0,0,0,0,0,0,0,38,2026-02-03 10:47:03.408427
SPNG,24.87,24.87,25.02,2315200.0,2065500.0,6234.0,,0,0,0,0,0,0,0,0,0,0,0,0,0,39,2026-02-03 10:47:04.450299
SMMR,25.07,25.07,25.09,2234300.0,2288000.0,,3700.0,0,0,0,0,0,0,0,0,0,0,0,0,0,39,2026-02-03 10:47:04.450299
ATMN,25.05,25.05,25.21,2212400.0,2128500.0,,,0,0,0,0,0,0,0,0,0,0,0,0,0,39,2026-02-03 10:47:04.450299
WNTR,24.75,24.76,24.79,2143100.0,2089000.0,5619.0,5619.0,0,0,0,0,0,0,0,0,0,0,0,0,0,39,2026-02-03 10:47:04.450299
SPNG,25.02,25.12,25.22,6253.0,2189100.0,2064900.0,6253.0,0,0,0,0,0,0,0,0,0,0,0,0,0,40,2026-02-03 10:47:05.502206
SMMR,24.91,24.93,25.07,6253.0,2206000.0,2180800.0,6253.0,0,0,0,0,0,0,0,0,0,0,0,0,0,40,2026-02-03 10:47:05.502206
ATMN,24.76,24.76,25.07,,2248300.0,2055100.0,4987.0,0,0,0,0,0,0,0,0,0,0,0,0,0,40,2026-02-03 10:47:05.502206
WNTR,24.86,24.76,24.79,6253.0,2143100.0,2071500.0,6253.0,0,0,0,0,0,0,0,0,0,0,0,0,0,40,2026-02-03 10:47:05.502206
SPNG,25.02,25.13,25.16,7183.0,2189100.0,2051800.0,7183.0,0,0,0,0,0,0,0,0,0,0,0,0,0,41,2026-02-03 10:47:06.533848
SMMR,24.9,24.9,24.91,,2325200.0,2218500.0,7183.0,0,0,0,0,0,0,0,0,0,0,0,0,0,41,2026-02-03 10:47:06.533848
ATMN,24.75,24.75,25.07,,2262700.0,2039700.0,4987.0,0,0,0,0,0,0,0,0,0,0,0,0,0,41,2026-02-03 10:47:06.533848
WNTR,24.75,24.68,24.72,,2235000.0,2159700.0,,0,0,0,0,0,0,0,0,0,0,0,0,0,41,2026-02-03 10:47:06.533848
SPNG,25.11,25.11,25.15,2315300.0,2150600.0,,,0,0,0,0,0,0,0,0,0,0,0,0,0,42,2026-02-03 10:47:07.565513
SMMR,24.87,24.87,25.09,2348900.0,2324000.0,,,0,0,0,0,0,0,0,0,0,0,0,0,0,42,2026-02-03 10:47:07.565513
ATMN,24.94,24.94,25.07,2259500.0,2039700.0,4987.0,,0,0,0,0,0,0,0,0,0,0,0,0,0,42,2026-02-03 10:47:07.565513
WNTR,24.72,24.69,24.71,2151000.0,2035200.0,2894.0,2894.0,0,0,0,0,0,0,0,0,0,0,0,0,0,42,2026-02-03 10:47:07.565513
SPNG,25.11,25.11,25.15,2315300.0,2006600.0,4457.0,0,0,0,0,0,0,0,0,0,0,0,0,0,0,43,2026-02-03 10:47:08.600369
SMMR,25.04,24.85,25.0,2391100.0,2214900.0,5862.0,0,0,0,0,0,0,0,0,0,0,0,0,0,0,43,2026-02-03 10:47:08.600369
ATMN,24.74,24.74,25.07,2280900.0,2039500.0,4987.0,0,0,0,0,0,0,0,0,0,0,0,0,0,0,43,2026-02-03 10:47:08.600369
WNTR,24.66,24.66,24.82,2224300.0,2133700.0,,0,0,0,0,0,0,0,0,0,0,0,0,0,0,43,2026-02-03 10:47:08.600369
SPNG,25.15,24.75,25.15,2331800.0,2017300.0,4457.0,,0,0,0,0,0,0,0,0,0,0,0,0,0,44,2026-02-03 10:47:09.646034
SMMR,24.84,24.94,25.0,2406700.0,2090900.0,11001.0,,0,0,0,0,0,0,0,0,0,0,0,0,0,44,2026-02-03 10:47:09.646034
ATMN,24.74,24.88,25.07,2301500.0,2070200.0,4987.0,,0,0,0,0,0,0,0,0,0,0,0,0,0,44,2026-02-03 10:47:09.646034
WNTR,24.82,24.72,24.82,2128600.0,2133700.0,,2388.0,0,0,0,0,0,0,0,0,0,0,0,0,0,44,2026-02-03 10:47:09.646034
SPNG,24.73,24.76,25.02,6253.0,2187300.0,2093600.0,0,0,0,0,0,0,0,0,0,0,0,0,0,0,45,2026-02-03 10:47:10.683061
SMMR,25.09,24.94,25.09,,2406700.0,2324000.0,0,0,0,0,0,0,0,0,0,0,0,0,0,0,45,2026-02-03 10:47:10.683061
ATMN,24.88,24.88,25.05,,2301500.0,2144600.0,0,0,0,0,0,0,0,0,0,0,0,0,0,0,45,2026-02-03 10:47:10.683061
WNTR,24.93,24.66,24.93,,2244200.0,2181600.0,0,0,0,0,0,0,0,0,0,0,0,0,0,0,45,2026-02-03 10:47:10.683061
SPNG,25.16,24.71,25.16,2323000.0,2121000.0,,,0,0,0,0,0,0,0,0,0,0,0,0,0,46,2026-02-03 10:47:11.734907
SMMR,25.09,24.96,25.06,2268400.0,2216900.0,4690.0,4690.0,0,0,0,0,0,0,0,0,0,0,0,0,0,46,2026-02-03 10:47:11.734907
ATMN,25.05,24.88,25.05,2301500.0,2041800.0,,4987.0,0,0,0,0,0,0,0,0,0,0,0,0,0,46,2026-02-03 10:47:11.734907
WNTR,24.93,24.8,24.86,2149200.0,2054300.0,4690.0,4690.0,0,0,0,0,0,0,0,0,0,0,0,0,0,46,2026-02-03 10:47:11.734907
SPNG,25.16,25.09,25.15,6253.0,2224900.0,6253.0,2026800.0,0,0,0,0,0,0,0,0,0,0,0,0,0,47,2026-02-03 10:47:12.771868
SMMR,24.97,24.94,24.97,,2405600.0,6253.0,2225600.0,0,0,0,0,0,0,0,0,0,0,0,0,0,47,2026-02-03 10:47:12.771868
ATMN,25.05,24.88,25.0,,2275200.0,4987.0,2089100.0,0,0,0,0,0,0,0,0,0,0,0,0,0,47,2026-02-03 10:47:12.771868
WNTR,24.84,24.84,24.86,6253.0,2171000.0,,2161600.0,0,0,0,0,0,0,0,0,0,0,0,0,0,47,2026-02-03 10:47:12.771868
SPNG,25.16,25.11,25.13,5080.0,2224900.0,5080.0,2037400.0,0,0,0,0,0,0,0,0,0,0,0,0,0,48,2026-02-03 10:47:13.801520
SMMR,24.86,24.86,24.97,,2389500.0,10943.0,2100800.0,0,0,0,0,0,0,0,0,0,0,0,0,0,48,2026-02-03 10:47:13.801520
ATMN,25.05,24.88,25.0,,2275200.0,4987.0,2094400.0,0,0,0,0,0,0,0,0,0,0,0,0,0,48,2026-02-03 10:47:13.801520
WNTR,24.79,24.66,24.75,,2244200.0,,2191500.0,0,0,0,0,0,0,0,0,0,0,0,0,0,48,2026-02-03 10:47:13.801520
SPNG,24.65,24.65,25.15,2312800.0,3517.0,2018100.0,,0,0,0,0,0,0,0,0,0,0,0,0,0,49,2026-02-03 10:47:14.865286
SMMR,24.78,24.78,24.96,2401700.0,10943.0,2100800.0,,0,0,0,0,0,0,0,0,0,0,0,0,0,49,2026-02-03 10:47:14.865286
ATMN,25.0,24.85,25.0,2278100.0,4987.0,2094400.0,,0,0,0,0,0,0,0,0,0,0,0,0,0,49,2026-02-03 10:47:14.865286
WNTR,24.79,24.68,24.73,2097600.0,3517.0,2093500.0,3517.0,0,0,0,0,0,0,0,0,0,0,0,0,0,49,2026-02-03 10:47:14.865286
SPNG,25.21,25.07,25.2,2191400.0,5056.0,5056.0,2025700.0,0,0,0,0,0,0,0,0,0,0,0,0,0,50,2026-02-03 10:47:15.946401
SMMR,24.96,24.78,24.96,2401700.0,,10943.0,2100800.0,0,0,0,0,0,0,0,0,0,0,0,0,0,50,2026-02-03 10:47:15.946401
ATMN,25.05,24.85,25.05,2299800.0,,,2172800.0,0,0,0,0,0,0,0,0,0,0,0,0,0,50,2026-02-03 10:47:15.946401
WNTR,24.84,24.84,24.86,2108600.0,6155.0,,2185500.0,0,0,0,0,0,0,0,0,0,0,0,0,0,50,2026-02-03 10:47:15.946401
SPNG,25.07,25.07,25.19,2309200.0,6303.0,2006400.0,,0,0,0,0,0,0,0,0,0,0,0,0,0,51,2026-02-03 10:47:16.491451
SMMR,24.97,24.78,24.97,2401700.0,,2363200.0,,0,0,0,0,0,0,0,0,0,0,0,0,0,51,2026-02-03 10:47:16.491451
ATMN,25.05,24.86,25.04,2235300.0,6303.0,2072900.0,6303.0,0,0,0,0,0,0,0,0,0,0,0,0,0,51,2026-02-03 10:47:16.491451
WNTR,24.86,24.78,24.86,2198900.0,,2162300.0,,0,0,0,0,0,0,0,0,0,0,0,0,0,51,2026-02-03 10:47:16.491451
SPNG,25.07,25.07,25.21,2308700.0,2119500.0,,,0,0,0,0,0,0,0,0,0,0,0,0,0,52,2026-02-03 10:47:17.527490
SMMR,24.97,25.0,25.03,2209900.0,2329700.0,2100.0,,0,0,0,0,0,0,0,0,0,0,0,0,0,52,2026-02-03 10:47:17.527490
ATMN,25.07,24.94,25.07,2130200.0,2170600.0,6303.0,,0,0,0,0,0,0,0,0,0,0,0,0,0,52,2026-02-03 10:47:17.527490
WNTR,24.78,24.66,24.67,2226400.0,2085200.0,,6975.0,0,0,0,0,0,0,0,0,0,0,0,0,0,52,2026-02-03 10:47:17.527490
SPNG,24.63,24.76,25.2,2342400.0,7143.0,2006400.0,,0,0,0,0,0,0,0,0,0,0,0,0,0,53,2026-02-03 10:47:18.558365
SMMR,25.03,24.88,25.03,2243700.0,,2329700.0,2100.0,0,0,0,0,0,0,0,0,0,0,0,0,0,53,2026-02-03 10:47:18.558365
ATMN,24.94,24.94,25.07,2221900.0,,2187700.0,6303.0,0,0,0,0,0,0,0,0,0,0,0,0,0,53,2026-02-03 10:47:18.558365
WNTR,24.78,24.66,24.67,2228000.0,6975.0,2085200.0,,0,0,0,0,0,0,0,0,0,0,0,0,0,53,2026-02-03 10:47:18.558365
SPNG,25.22,24.76,25.22,2342400.0,2098000.0,,0,0,0,0,0,0,0,0,0,0,0,0,0,0,54,2026-02-03 10:47:19.594911
SMMR,25.03,24.88,24.96,2375500.0,2259600.0,,0,0,0,0,0,0,0,0,0,0,0,0,0,0,54,2026-02-03 10:47:19.594911
ATMN,24.83,24.83,25.08,2290600.0,2078200.0,6975.0,0,0,0,0,0,0,0,0,0,0,0,0,0,0,54,2026-02-03 10:47:19.594911
WNTR,24.67,24.7,24.82,2202100.0,2066700.0,6975.0,0,0,0,0,0,0,0,0,0,0,0,0,0,0,54,2026-02-03 10:47:19.594911
SPNG,25.22,25.12,25.21,2220900.0,6975.0,6975.0,1986400.0,0,0,0,0,0,0,0,0,0,0,0,0,0,55,2026-02-03 10:47:20.622680
SMMR,25.01,24.88,24.99,2243700.0,2100.0,,2312700.0,0,0,0,0,0,0,0,0,0,0,0,0,0,55,2026-02-03 10:47:20.622680
ATMN,25.21,24.83,25.21,2290600.0,,,2164800.0,0,0,0,0,0,0,0,0,0,0,0,0,0,55,2026-02-03 10:47:20.622680
WNTR,24.86,24.75,24.86,2215200.0,,,2135600.0,0,0,0,0,0,0,0,0,0,0,0,0,0,55,2026-02-03 10:47:20.622680
SPNG,25.12,24.76,24.87,2342400.0,2001800.0,3487.0,,0,0,0,0,0,0,0,0,0,0,0,0,0,56,2026-02-03 10:47:21.651593
SMMR,25.01,24.88,24.9,2209800.0,2341100.0,,2100.0,0,0,0,0,0,0,0,0,0,0,0,0,0,56,2026-02-03 10:47:21.651593
ATMN,24.77,24.77,25.26,2334600.0,2143900.0,,,0,0,0,0,0,0,0,0,0,0,0,0,0,56,2026-02-03 10:47:21.651593
WNTR,24.89,24.75,24.89,2096900.0,2174200.0,,6975.0,0,0,0,0,0,0,0,0,0,0,0,0,0,56,2026-02-03 10:47:21.651593
SPNG,24.87,24.76,24.87,2330700.0,2114900.0,0,0,0,0,0,0,0,0,0,0,0,0,0,0,0,57,2026-02-03 10:47:22.681985
SMMR,24.88,24.88,24.97,2345400.0,2319000.0,0,0,0,0,0,0,0,0,0,0,0,0,0,0,0,57,2026-02-03 10:47:22.681985
ATMN,25.23,24.77,25.23,2334600.0,2166200.0,0,0,0,0,0,0,0,0,0,0,0,0,0,0,0,57,2026-02-03 10:47:22.681985
WNTR,24.91,24.75,24.91,2194000.0,2170700.0,0,0,0,0,0,0,0,0,0,0,0,0,0,0,0,57,2026-02-03 10:47:22.681985
SPNG,24.91,24.91,25.07,2312900.0,2074900.0,0,0,0,0,0,0,0,0,0,0,0,0,0,0,0,58,2026-02-03 10:47:23.715064
SMMR,24.88,24.86,24.88,2317300.0,2296900.0,0,0,0,0,0,0,0,0,0,0,0,0,0,0,0,58,2026-02-03 10:47:23.715064
ATMN,25.26,25.21,25.26,2309200.0,2146300.0,0,0,0,0,0,0,0,0,0,0,0,0,0,0,0,58,2026-02-03 10:47:23.715064
WNTR,24.75,24.75,24.87,2194000.0,2178800.0,0,0,0,0,0,0,0,0,0,0,0,0,0,0,0,58,2026-02-03 10:47:23.715064
SPNG,25.09,25.01,25.09,2270500.0,2096700.0,0,0,0,0,0,0,0,0,0,0,0,0,0,0,0,59,2026-02-03 10:47:24.742395
SMMR,24.88,24.86,24.88,2295600.0,2270800.0,0,0,0,0,0,0,0,0,0,0,0,0,0,0,0,59,2026-02-03 10:47:24.742395
ATMN,24.77,24.77,25.05,2327400.0,2151800.0,0,0,0,0,0,0,0,0,0,0,0,0,0,0,0,59,2026-02-03 10:47:24.742395
WNTR,24.74,24.74,24.87,2166700.0,2178800.0,0,0,0,0,0,0,0,0,0,0,0,0,0,0,0,59,2026-02-03 10:47:24.742395
SPNG,25.01,27.04,27.24,823600.0,706800.0,0,0,0,0,0,0,0,0,0,0,0,0,0,0,0,60,2026-02-03 10:47:25.778770
SMMR,25.92,25.32,25.47,776400.0,664700.0,0,0,0,0,0,0,0,0,0,0,0,0,0,0,0,60,2026-02-03 10:47:25.778770
ATMN,25.63,25.63,27.75,888800.0,613300.0,0,0,0,0,0,0,0,0,0,0,0,0,0,0,0,60,2026-02-03 10:47:25.778770
WNTR,24.31,24.31,24.37,902200.0,935800.0,0,0,0,0,0,0,0,0,0,0,0,0,0,0,0,60,2026-02-03 10:47:25.778770
SPNG,25.6,25.27,25.37,889500.0,934200.0,0,0,0,0,0,0,0,0,0,0,0,0,0,0,0,61,2026-02-03 10:47:26.816526
SMMR,25.92,25.39,25.47,1271200.0,780400.0,0,0,0,0,0,0,0,0,0,0,0,0,0,0,0,61,2026-02-03 10:47:26.816526
ATMN,25.3,25.32,26.24,1145600.0,726900.0,0,0,0,0,0,0,0,0,0,0,0,0,0,0,0,61,2026-02-03 10:47:26.816526
WNTR,24.31,24.13,24.24,1164100.0,1044000.0,0,0,0,0,0,0,0,0,0,0,0,0,0,0,0,61,2026-02-03 10:47:26.816526
SPNG,25.37,25.81,26.04,1106400.0,917000.0,0,0,0,0,0,0,0,0,0,0,0,0,0,0,0,62,2026-02-03 10:47:27.845454
SMMR,25.92,25.41,25.47,1642300.0,780400.0,0,0,0,0,0,0,0,0,0,0,0,0,0,0,0,62,2026-02-03 10:47:27.845454
ATMN,25.3,25.66,26.24,1175400.0,816200.0,0,0,0,0,0,0,0,0,0,0,0,0,0,0,0,62,2026-02-03 10:47:27.845454
WNTR,24.37,24.33,24.37,1387500.0,935800.0,0,0,0,0,0,0,0,0,0,0,0,0,0,0,0,62,2026-02-03 10:47:27.845454
SPNG,25.37,25.81,25.93,1106400.0,1334600.0,0,0,0,0,0,0,0,0,0,0,0,0,0,0,0,63,2026-02-03 10:47:28.878150
SMMR,25.64,25.65,25.85,1994100.0,803900.0,0,0,0,0,0,0,0,0,0,0,0,0,0,0,0,63,2026-02-03 10:47:28.878150
ATMN,25.66,25.66,26.21,1175400.0,1029300.0,0,0,0,0,0,0,0,0,0,0,0,0,0,0,0,63,2026-02-03 10:47:28.878150
WNTR,24.4,24.33,24.36,1387500.0,1054700.0,0,0,0,0,0,0,0,0,0,0,0,0,0,0,0,63,2026-02-03 10:47:28.878150
SPNG,25.37,25.81,25.93,1106400.0,1672400.0,0,0,0,0,0,0,0,0,0,0,0,0,0,0,0,64,2026-02-03 10:47:29.914070
SMMR,25.64,25.81,25.85,2307200.0,803900.0,0,0,0,0,0,0,0,0,0,0,0,0,0,0,0,64,2026-02-03 10:47:29.914070
ATMN,25.64,25.3,25.64,1139400.0,1139100.0,0,0,0,0,0,0,0,0,0,0,0,0,0,0,0,64,2026-02-03 10:47:29.914070
WNTR,24.13,24.19,24.21,1364500.0,1164100.0,0,0,0,0,0,0,0,0,0,0,0,0,0,0,0,64,2026-02-03 10:47:29.914070
SPNG,25.27,25.27,25.93,899900.0,1900100.0,0,0,0,0,0,0,0,0,0,0,0,0,0,0,0,65,2026-02-03 10:47:30.976094
SMMR,25.87,25.81,25.87,2432600.0,786800.0,0,0,0,0,0,0,0,0,0,0,0,0,0,0,0,65,2026-02-03 10:47:30.976094
ATMN,25.64,25.63,25.64,1470800.0,1230500.0,0,0,0,0,0,0,0,0,0,0,0,0,0,0,0,65,2026-02-03 10:47:30.976094
WNTR,24.21,24.24,24.36,1591000.0,1155900.0,0,0,0,0,0,0,0,0,0,0,0,0,0,0,0,65,2026-02-03 10:47:30.976094
SPNG,24.78,25.28,25.6,7500.0,922100.0,7500.0,1930700.0,0,0,0,0,0,0,0,0,0,0,0,0,0,66,2026-02-03 10:47:31.555345
SMMR,25.87,25.87,25.94,,2459300.0,,887500.0,0,0,0,0,0,0,0,0,0,0,0,0,0,66,2026-02-03 10:47:31.555345
ATMN,25.37,25.37,25.64,,1366900.0,,1230500.0,0,0,0,0,0,0,0,0,0,0,0,0,0,66,2026-02-03 10:47:31.555345
WNTR,24.21,24.25,24.35,7500.0,1723900.0,7500.0,1155900.0,0,0,0,0,0,0,0,0,0,0,0,0,0,66,2026-02-03 10:47:31.555345
SPNG,24.67,24.64,24.67,1171400.0,1878800.0,13125.0,,0,0,0,0,0,0,0,0,0,0,0,0,0,67,2026-02-03 10:47:32.599393
SMMR,25.94,25.89,25.94,2333700.0,976700.0,,7500.0,0,0,0,0,0,0,0,0,0,0,0,0,0,67,2026-02-03 10:47:32.599393
ATMN,25.64,25.77,25.79,1824700.0,1120700.0,,,0,0,0,0,0,0,0,0,0,0,0,0,0,67,2026-02-03 10:47:32.599393
WNTR,24.48,24.39,24.48,1950300.0,914700.0,,5625.0,0,0,0,0,0,0,0,0,0,0,0,0,0,67,2026-02-03 10:47:32.599393
SPNG,24.67,24.99,25.61,1549200.0,2000600.0,,0,0,0,0,0,0,0,0,0,0,0,0,0,0,68,2026-02-03 10:47:33.636910
SMMR,25.87,25.87,26.01,2459300.0,894000.0,,0,0,0,0,0,0,0,0,0,0,0,0,0,0,68,2026-02-03 10:47:33.636910
ATMN,25.64,25.77,25.79,1824700.0,1337700.0,,0,0,0,0,0,0,0,0,0,0,0,0,0,0,68,2026-02-03 10:47:33.636910
WNTR,24.39,24.39,24.48,1848200.0,1101100.0,5625.0,0,0,0,0,0,0,0,0,0,0,0,0,0,0,68,2026-02-03 10:47:33.636910
SPNG,24.67,25.37,25.59,2034400.0,5789.0,5789.0,1930700.0,0,0,0,0,0,0,0,0,0,0,0,0,0,69,2026-02-03 10:47:34.673672
SMMR,25.8,25.8,26.0,2453300.0,,7368.0,894000.0,0,0,0,0,0,0,0,0,0,0,0,0,0,69,2026-02-03 10:47:34.673672
ATMN,25.61,25.62,25.78,1721700.0,5789.0,5789.0,1540800.0,0,0,0,0,0,0,0,0,0,0,0,0,0,69,2026-02-03 10:47:34.673672
WNTR,24.2,24.2,24.46,1750000.0,,,1319900.0,0,0,0,0,0,0,0,0,0,0,0,0,0,69,2026-02-03 10:47:34.673672
SPNG,25.37,25.39,25.57,5658.0,2034400.0,5658.0,1958300.0,0,0,0,0,0,0,0,0,0,0,0,0,0,70,2026-02-03 10:47:35.705479
SMMR,25.8,25.84,26.0,,2438800.0,7368.0,1010000.0,0,0,0,0,0,0,0,0,0,0,0,0,0,70,2026-02-03 10:47:35.705479
ATMN,25.9,25.78,25.9,,1733200.0,,1540400.0,0,0,0,0,0,0,0,0,0,0,0,0,0,70,2026-02-03 10:47:35.705479
WNTR,24.2,24.3,24.44,5658.0,1992800.0,5658.0,1418400.0,0,0,0,0,0,0,0,0,0,0,0,0,0,70,2026-02-03 10:47:35.705479
SPNG,24.99,24.64,24.75,2008700.0,2000000.0,5658.0,,0,0,0,0,0,0,0,0,0,0,0,0,0,71,2026-02-03 10:47:36.739233
SMMR,25.8,25.86,26.0,2435400.0,1230200.0,7368.0,,0,0,0,0,0,0,0,0,0,0,0,0,0,71,2026-02-03 10:47:36.739233
ATMN,25.78,25.41,25.47,1614700.0,1773200.0,4243.0,,0,0,0,0,0,0,0,0,0,0,0,0,0,71,2026-02-03 10:47:36.739233
WNTR,24.2,24.3,24.4,1992800.0,1707300.0,4243.0,4243.0,0,0,0,0,0,0,0,0,0,0,0,0,0,71,2026-02-03 10:47:36.739233
SPNG,25.61,25.39,25.59,3883.0,2116600.0,3883.0,1980300.0,0,0,0,0,0,0,0,0,0,0,0,0,0,72,2026-02-03 10:47:37.774438
SMMR,26.0,25.86,26.0,,2435400.0,,1526400.0,0,0,0,0,0,0,0,0,0,0,0,0,0,72,2026-02-03 10:47:37.774438
ATMN,25.47,25.56,25.89,3883.0,1942900.0,3883.0,1648400.0,0,0,0,0,0,0,0,0,0,0,0,0,0,72,2026-02-03 10:47:37.774438
WNTR,24.23,24.2,24.36,,1885200.0,7100.0,1905300.0,0,0,0,0,0,0,0,0,0,0,0,0,0,72,2026-02-03 10:47:37.774438
SPNG,25.38,24.64,24.91,2008700.0,1960400.0,3883.0,,0,0,0,0,0,0,0,0,0,0,0,0,0,73,2026-02-03 10:47:38.806071
SMMR,26.0,25.88,25.96,2317000.0,1844000.0,5942.0,5942.0,0,0,0,0,0,0,0,0,0,0,0,0,0,73,2026-02-03 10:47:38.806071
ATMN,25.71,25.71,25.97,2050600.0,1557400.0,,4754.0,0,0,0,0,0,0,0,0,0,0,0,0,0,73,2026-02-03 10:47:38.806071
WNTR,24.23,24.28,24.35,2109100.0,1987200.0,7100.0,,0,0,0,0,0,0,0,0,0,0,0,0,0,73,2026-02-03 10:47:38.806071
SPNG,25.21,25.22,25.6,5725.0,2209700.0,5725.0,1966500.0,0,0,0,0,0,0,0,0,0,0,0,0,0,74,2026-02-03 10:47:39.840586
SMMR,26.0,25.9,25.92,5725.0,2287500.0,5725.0,1969000.0,0,0,0,0,0,0,0,0,0,0,0,0,0,74,2026-02-03 10:47:39.840586
ATMN,25.63,25.61,25.63,,2049000.0,,1682700.0,0,0,0,0,0,0,0,0,0,0,0,0,0,74,2026-02-03 10:47:39.840586
WNTR,24.2,24.19,24.2,,1854700.0,7100.0,1990700.0,0,0,0,0,0,0,0,0,0,0,0,0,0,74,2026-02-03 10:47:39.840586
SPNG,25.21,25.05,25.18,2238900.0,2019000.0,5725.0,0,0,0,0,0,0,0,0,0,0,0,0,0,0,75,2026-02-03 10:47:40.867506
SMMR,25.95,25.86,25.95,2425800.0,2081200.0,,0,0,0,0,0,0,0,0,0,0,0,0,0,0,75,2026-02-03 10:47:40.867506
ATMN,25.99,25.61,25.99,2270600.0,1456800.0,,0,0,0,0,0,0,0,0,0,0,0,0,0,0,75,2026-02-03 10:47:40.867506
WNTR,24.2,24.23,24.35,2075300.0,2074300.0,,0,0,0,0,0,0,0,0,0,0,0,0,0,0,75,2026-02-03 10:47:40.867506
SPNG,25.18,25.3,25.44,2322700.0,2101000.0,,,0,0,0,0,0,0,0,0,0,0,0,0,0,76,2026-02-03 10:47:41.900918
SMMR,25.84,25.84,25.94,2435900.0,1998600.0,7500.0,,0,0,0,0,0,0,0,0,0,0,0,0,0,76,2026-02-03 10:47:41.900918
ATMN,25.55,25.62,25.99,2164500.0,1470000.0,2318.0,2318.0,0,0,0,0,0,0,0,0,0,0,0,0,0,76,2026-02-03 10:47:41.900918
WNTR,24.2,24.25,24.31,2196200.0,1995300.0,2318.0,2318.0,0,0,0,0,0,0,0,0,0,0,0,0,0,76,2026-02-03 10:47:41.900918
SPNG,25.44,25.32,25.42,6093.0,2221900.0,6093.0,2018400.0,0,0,0,0,0,0,0,0,0,0,0,0,0,77,2026-02-03 10:47:42.936544
SMMR,25.95,25.85,25.94,6093.0,2311200.0,6093.0,1998600.0,0,0,0,0,0,0,0,0,0,0,0,0,0,77,2026-02-03 10:47:42.936544
ATMN,25.55,25.55,25.61,,2162200.0,5625.0,1590200.0,0,0,0,0,0,0,0,0,0,0,0,0,0,77,2026-02-03 10:47:42.936544
WNTR,24.2,24.27,24.29,6093.0,2186800.0,6093.0,1975300.0,0,0,0,0,0,0,0,0,0,0,0,0,0,77,2026-02-03 10:47:42.936544
SPNG,25.25,25.06,25.24,7383.0,2206200.0,7383.0,1998500.0,0,0,0,0,0,0,0,0,0,0,0,0,0,78,2026-02-03 10:47:43.972960
SMMR,25.96,25.85,25.87,7383.0,2311200.0,7383.0,1982000.0,0,0,0,0,0,0,0,0,0,0,0,0,0,78,2026-02-03 10:47:43.972960
ATMN,25.55,25.55,25.61,,2276900.0,,1590200.0,0,0,0,0,0,0,0,0,0,0,0,0,0,78,2026-02-03 10:47:43.972960
WNTR,24.36,24.23,24.36,6093.0,2186800.0,,2085900.0,0,0,0,0,0,0,0,0,0,0,0,0,0,78,2026-02-03 10:47:43.972960
SPNG,25.31,25.31,25.44,2252900.0,2113200.0,,0,0,0,0,0,0,0,0,0,0,0,0,0,0,79,2026-02-03 10:47:45.043501
SMMR,25.9,25.9,25.96,2276800.0,2065800.0,7383.0,0,0,0,0,0,0,0,0,0,0,0,0,0,0,79,2026-02-03 10:47:45.043501
ATMN,25.61,25.55,25.61,2241300.0,1590200.0,,0,0,0,0,0,0,0,0,0,0,0,0,0,0,79,2026-02-03 10:47:45.043501
WNTR,24.36,24.24,24.35,2307400.0,2080800.0,,0,0,0,0,0,0,0,0,0,0,0,0,0,0,79,2026-02-03 10:47:45.043501
SPNG,25.31,25.31,25.44,5537.0,2169100.0,2104300.0,0,0,0,0,0,0,0,0,0,0,0,0,0,0,80,2026-02-03 10:47:46.107676
SMMR,25.97,25.9,25.92,7383.0,2285100.0,2059500.0,0,0,0,0,0,0,0,0,0,0,0,0,0,0,80,2026-02-03 10:47:46.107676
ATMN,25.61,25.87,26.0,,2243400.0,1566200.0,0,0,0,0,0,0,0,0,0,0,0,0,0,0,80,2026-02-03 10:47:46.107676
WNTR,24.24,24.24,24.35,6093.0,2148300.0,2080800.0,0,0,0,0,0,0,0,0,0,0,0,0,0,0,80,2026-02-03 10:47:46.107676
SPNG,25.58,25.3,25.58,2280300.0,2069400.0,,,0,0,0,0,0,0,0,0,0,0,0,0,0,81,2026-02-03 10:47:46.675287
SMMR,25.97,25.9,25.92,2278800.0,2083700.0,7383.0,,0,0,0,0,0,0,0,0,0,0,0,0,0,81,2026-02-03 10:47:46.675287
ATMN,25.55,25.68,25.99,2264700.0,1566200.0,,3999.0,0,0,0,0,0,0,0,0,0,0,0,0,0,81,2026-02-03 10:47:46.675287
WNTR,24.22,24.23,24.35,2223100.0,2080800.0,,,0,0,0,0,0,0,0,0,0,0,0,0,0,81,2026-02-03 10:47:46.675287
SPNG,25.0,25.45,25.57,2161800.0,6654.0,6654.0,1990000.0,0,0,0,0,0,0,0,0,0,0,0,0,0,82,2026-02-03 10:47:47.711025
SMMR,25.97,25.88,25.92,2278800.0,7383.0,,2127700.0,0,0,0,0,0,0,0,0,0,0,0,0,0,82,2026-02-03 10:47:47.711025
ATMN,25.68,25.55,25.57,2249500.0,,3999.0,1792000.0,0,0,0,0,0,0,0,0,0,0,0,0,0,82,2026-02-03 10:47:47.711025
WNTR,24.37,24.35,24.37,2108200.0,6654.0,,2102200.0,0,0,0,0,0,0,0,0,0,0,0,0,0,82,2026-02-03 10:47:47.711025
SPNG,24.96,24.96,25.55,2337500.0,3990.0,2021400.0,,0,0,0,0,0,0,0,0,0,0,0,0,0,83,2026-02-03 10:47:48.747764
SMMR,25.87,25.87,25.92,2383500.0,,2127700.0,,0,0,0,0,0,0,0,0,0,0,0,0,0,83,2026-02-03 10:47:48.747764
ATMN,25.57,25.62,25.77,2088600.0,3990.0,1790200.0,3990.0,0,0,0,0,0,0,0,0,0,0,0,0,0,83,2026-02-03 10:47:48.747764
WNTR,24.37,24.35,24.37,2108200.0,,2110500.0,6654.0,0,0,0,0,0,0,0,0,0,0,0,0,0,83,2026-02-03 10:47:48.747764
SPNG,25.58,25.13,25.58,2266700.0,2139300.0,,0,0,0,0,0,0,0,0,0,0,0,0,0,0,84,2026-02-03 10:47:49.785593
SMMR,25.91,25.91,25.92,2246500.0,2138900.0,6834.0,0,0,0,0,0,0,0,0,0,0,0,0,0,0,84,2026-02-03 10:47:49.785593
ATMN,25.94,25.66,25.92,2117900.0,1769400.0,5125.0,0,0,0,0,0,0,0,0,0,0,0,0,0,0,84,2026-02-03 10:47:49.785593
WNTR,24.4,24.35,24.4,2108200.0,2106300.0,6654.0,0,0,0,0,0,0,0,0,0,0,0,0,0,0,84,2026-02-03 10:47:49.785593
SPNG,25.61,25.07,25.41,2272600.0,2104900.0,,0,0,0,0,0,0,0,0,0,0,0,0,0,0,85,2026-02-03 10:47:50.825598
SMMR,25.85,25.85,25.92,2380000.0,2138900.0,,0,0,0,0,0,0,0,0,0,0,0,0,0,0,85,2026-02-03 10:47:50.825598
ATMN,25.65,25.65,25.91,2229300.0,1860600.0,3416.0,0,0,0,0,0,0,0,0,0,0,0,0,0,0,85,2026-02-03 10:47:50.825598
WNTR,24.4,24.35,24.4,2232300.0,2125600.0,,0,0,0,0,0,0,0,0,0,0,0,0,0,0,85,2026-02-03 10:47:50.825598
SPNG,25.64,25.07,25.12,2155000.0,2846.0,2083600.0,,0,0,0,0,0,0,0,0,0,0,0,0,0,86,2026-02-03 10:47:51.866623
SMMR,25.85,25.84,25.85,2381200.0,,2038100.0,5125.0,0,0,0,0,0,0,0,0,0,0,0,0,0,86,2026-02-03 10:47:51.866623
ATMN,25.91,26.17,26.21,2114100.0,5125.0,1583000.0,,0,0,0,0,0,0,0,0,0,0,0,0,0,86,2026-02-03 10:47:51.866623
WNTR,24.42,24.36,24.42,2129300.0,6654.0,2103100.0,,0,0,0,0,0,0,0,0,0,0,0,0,0,86,2026-02-03 10:47:51.866623
SPNG,25.5,25.07,25.5,2282000.0,2118700.0,,0,0,0,0,0,0,0,0,0,0,0,0,0,0,87,2026-02-03 10:47:52.903579
SMMR,25.9,25.9,25.93,2242300.0,2141200.0,5125.0,0,0,0,0,0,0,0,0,0,0,0,0,0,0,87,2026-02-03 10:47:52.903579
ATMN,26.17,26.17,26.21,2114100.0,1772100.0,5125.0,0,0,0,0,0,0,0,0,0,0,0,0,0,0,87,2026-02-03 10:47:52.903579
WNTR,24.42,24.37,24.42,2112400.0,2098500.0,6654.0,0,0,0,0,0,0,0,0,0,0,0,0,0,0,87,2026-02-03 10:47:52.903579
SPNG,25.84,24.89,25.84,2290300.0,2110000.0,,,0,0,0,0,0,0,0,0,0,0,0,0,0,88,2026-02-03 10:47:53.941636
SMMR,25.82,25.86,25.93,2384200.0,2047500.0,3300.0,,0,0,0,0,0,0,0,0,0,0,0,0,0,88,2026-02-03 10:47:53.941636
ATMN,25.7,25.66,25.7,2115900.0,2002800.0,,5742.0,0,0,0,0,0,0,0,0,0,0,0,0,0,88,2026-02-03 10:47:53.941636
WNTR,24.36,24.37,24.41,2104400.0,1964500.0,5742.0,5742.0,0,0,0,0,0,0,0,0,0,0,0,0,0,88,2026-02-03 10:47:53.941636
SPNG,24.89,24.89,25.75,2290300.0,2076500.0,3730.0,0,0,0,0,0,0,0,0,0,0,0,0,0,0,89,2026-02-03 10:47:54.974418
SMMR,25.8,25.87,25.93,2410500.0,2047500.0,3300.0,0,0,0,0,0,0,0,0,0,0,0,0,0,0,89,2026-02-03 10:47:54.974418
ATMN,25.7,25.65,25.7,2243700.0,2033400.0,,0,0,0,0,0,0,0,0,0,0,0,0,0,0,89,2026-02-03 10:47:54.974418
WNTR,24.36,24.36,24.4,2229300.0,1977200.0,5742.0,0,0,0,0,0,0,0,0,0,0,0,0,0,0,89,2026-02-03 10:47:54.974418
SPNG,24.89,24.89,25.65,2290300.0,2094400.0,3730.0,,0,0,0,0,0,0,0,0,0,0,0,0,0,90,2026-02-03 10:47:56.007833
SMMR,25.8,25.87,25.93,2384100.0,2040600.0,3300.0,,0,0,0,0,0,0,0,0,0,0,0,0,0,90,2026-02-03 10:47:56.007833
ATMN,25.55,25.57,25.68,2124100.0,1938900.0,4307.0,4307.0,0,0,0,0,0,0,0,0,0,0,0,0,0,90,2026-02-03 10:47:56.007833
WNTR,24.36,24.36,24.4,2227500.0,1983000.0,5742.0,,0,0,0,0,0,0,0,0,0,0,0,0,0,90,2026-02-03 10:47:56.007833
SPNG,24.89,25.14,25.17,2314400.0,2080800.0,3730.0,,0,0,0,0,0,0,0,0,0,0,0,0,0,91,2026-02-03 10:47:57.041421
SMMR,25.87,25.88,25.96,2299000.0,2035600.0,5132.0,5132.0,0,0,0,0,0,0,0,0,0,0,0,0,0,91,2026-02-03 10:47:57.041421
ATMN,25.55,25.59,25.66,2125700.0,1938900.0,5132.0,5132.0,0,0,0,0,0,0,0,0,0,0,0,0,0,91,2026-02-03 10:47:57.041421
WNTR,24.36,24.36,24.4,2211800.0,1992000.0,5742.0,,0,0,0,0,0,0,0,0,0,0,0,0,0,91,2026-02-03 10:47:57.041421
SPNG,24.89,25.14,25.17,2268800.0,2080800.0,3730.0,,0,0,0,0,0,0,0,0,0,0,0,0,0,92,2026-02-03 10:47:58.114061
SMMR,25.98,25.92,25.98,2258100.0,2129900.0,,5132.0,0,0,0,0,0,0,0,0,0,0,0,0,0,92,2026-02-03 10:47:58.114061
ATMN,25.86,25.64,25.86,2250700.0,2024800.0,,,0,0,0,0,0,0,0,0,0,0,0,0,0,92,2026-02-03 10:47:58.114061
WNTR,24.26,24.26,24.4,2255300.0,2090500.0,,,0,0,0,0,0,0,0,0,0,0,0,0,0,92,2026-02-03 10:47:58.114061
SPNG,25.17,25.14,25.17,2264400.0,2080800.0,3730.0,,0,0,0,0,0,0,0,0,0,0,0,0,0,93,2026-02-03 10:47:58.708190
SMMR,25.97,25.97,26.01,2226100.0,2124000.0,,5132.0,0,0,0,0,0,0,0,0,0,0,0,0,0,93,2026-02-03 10:47:58.708190
ATMN,25.96,25.65,25.96,2120500.0,2006100.0,,7149.0,0,0,0,0,0,0,0,0,0,0,0,0,0,93,2026-02-03 10:47:58.708190
WNTR,24.23,24.28,24.38,2155300.0,1992400.0,5362.0,5362.0,0,0,0,0,0,0,0,0,0,0,0,0,0,93,2026-02-03 10:47:58.708190
SPNG,24.97,24.89,24.96,2254200.0,2220700.0,,0,0,0,0,0,0,0,0,0,0,0,0,0,0,94,2026-02-03 10:47:59.742439
SMMR,26.01,25.97,26.01,2227400.0,2124000.0,5132.0,0,0,0,0,0,0,0,0,0,0,0,0,0,0,94,2026-02-03 10:47:59.742439
ATMN,25.94,25.65,25.94,2120500.0,2038900.0,7149.0,0,0,0,0,0,0,0,0,0,0,0,0,0,0,94,2026-02-03 10:47:59.742439
WNTR,24.23,24.23,24.3,2249100.0,2115400.0,,0,0,0,0,0,0,0,0,0,0,0,0,0,0,94,2026-02-03 10:47:59.742439
SPNG,24.87,24.87,25.75,2279000.0,2182400.0,,0,0,0,0,0,0,0,0,0,0,0,0,0,0,95,2026-02-03 10:48:00.786373
SMMR,25.92,25.87,25.89,2421600.0,2132400.0,,0,0,0,0,0,0,0,0,0,0,0,0,0,0,95,2026-02-03 10:48:00.786373
ATMN,25.64,25.64,25.96,2120500.0,1992200.0,7149.0,0,0,0,0,0,0,0,0,0,0,0,0,0,0,95,2026-02-03 10:48:00.786373
WNTR,24.22,24.22,24.3,2251400.0,2115400.0,,0,0,0,0,0,0,0,0,0,0,0,0,0,0,95,2026-02-03 10:48:00.786373
SPNG,24.94,25.26,25.61,7324.0,2149100.0,2031100.0,7324.0,0,0,0,0,0,0,0,0,0,0,0,0,0,96,2026-02-03 10:48:01.821781
SMMR,25.91,25.91,26.0,5132.0,2262400.0,2129200.0,,0,0,0,0,0,0,0,0,0,0,0,0,0,96,2026-02-03 10:48:01.821781
ATMN,25.64,25.65,25.92,7324.0,2134200.0,1934400.0,7324.0,0,0,0,0,0,0,0,0,0,0,0,0,0,96,2026-02-03 10:48:01.821781
WNTR,24.3,24.21,24.3,,2271200.0,2021500.0,4429.0,0,0,0,0,0,0,0,0,0,0,0,0,0,96,2026-02-03 10:48:01.821781
SPNG,25.32,25.33,25.61,2263200.0,2031100.0,1200.0,,0,0,0,0,0,0,0,0,0,0,0,0,0,97,2026-02-03 10:48:02.857333
SMMR,25.99,25.87,25.94,2388300.0,2143700.0,,,0,0,0,0,0,0,0,0,0,0,0,0,0,97,2026-02-03 10:48:02.857333
ATMN,25.96,25.66,25.76,2137300.0,2049900.0,,7375.0,0,0,0,0,0,0,0,0,0,0,0,0,0,97,2026-02-03 10:48:02.857333
WNTR,24.32,24.21,24.28,2271200.0,2124400.0,,,0,0,0,0,0,0,0,0,0,0,0,0,0,97,2026-02-03 10:48:02.857333
SPNG,25.33,25.34,25.6,5656.0,2171800.0,5656.0,2068400.0,0,0,0,0,0,0,0,0,0,0,0,0,0,98,2026-02-03 10:48:03.891492
SMMR,25.87,25.87,25.94,,2406200.0,,2143700.0,0,0,0,0,0,0,0,0,0,0,0,0,0,98,2026-02-03 10:48:03.891492
ATMN,25.76,25.66,25.76,7375.0,2127400.0,,2049900.0,0,0,0,0,0,0,0,0,0,0,0,0,0,98,2026-02-03 10:48:03.891492
WNTR,24.32,24.23,24.26,5656.0,2178700.0,5656.0,2044600.0,0,0,0,0,0,0,0,0,0,0,0,0,0,98,2026-02-03 10:48:03.891492
SPNG,25.33,25.36,25.58,5656.0,2171800.0,5656.0,2030100.0,0,0,0,0,0,0,0,0,0,0,0,0,0,99,2026-02-03 10:48:04.924164
SMMR,26.0,25.89,26.0,5656.0,2248900.0,,2129200.0,0,0,0,0,0,0,0,0,0,0,0,0,0,99,2026-02-03 10:48:04.924164
ATMN,25.78,25.66,25.78,7375.0,2148900.0,,2033100.0,0,0,0,0,0,0,0,0,0,0,0,0,0,99,2026-02-03 10:48:04.924164
WNTR,24.21,24.21,24.26,,2289300.0,,2168000.0,0,0,0,0,0,0,0,0,0,0,0,0,0,99,2026-02-03 10:48:04.924164
SPNG,25.24,25.04,25.24,2262000.0,10000.0,2030100.0,,0,0,0,0,0,0,0,0,0,0,0,0,0,100,2026-02-03 10:48:05.963263
SMMR,26.0,25.87,25.97,2240200.0,,2165500.0,5656.0,0,0,0,0,0,0,0,0,0,0,0,0,0,100,2026-02-03 10:48:05.963263
ATMN,25.87,25.61,25.83,2122500.0,4318.0,1916000.0,4318.0,0,0,0,0,0,0,0,0,0,0,0,0,0,100,2026-02-03 10:48:05.963263
WNTR,24.21,24.21,24.26,2302100.0,5656.0,2070400.0,,0,0,0,0,0,0,0,0,0,0,0,0,0,100,2026-02-03 10:48:05.963263
SPNG,25.23,25.23,25.61,2267900.0,2149700.0,,0,0,0,0,0,0,0,0,0,0,0,0,0,0,101,2026-02-03 10:48:06.999053
SMMR,26.03,25.86,26.03,2238900.0,2130700.0,5436.0,0,0,0,0,0,0,0,0,0,0,0,0,0,0,101,2026-02-03 10:48:06.999053
ATMN,25.96,25.6,25.96,2217000.0,2019200.0,,0,0,0,0,0,0,0,0,0,0,0,0,0,0,101,2026-02-03 10:48:06.999053
WNTR,24.21,24.23,24.26,2282900.0,2183500.0,,0,0,0,0,0,0,0,0,0,0,0,0,0,0,101,2026-02-03 10:48:06.999053
SPNG,25.61,25.04,25.61,2233400.0,2119100.0,,0,0,0,0,0,0,0,0,0,0,0,0,0,0,102,2026-02-03 10:48:08.033658
SMMR,26.03,25.85,26.03,2369300.0,2137200.0,,0,0,0,0,0,0,0,0,0,0,0,0,0,0,102,2026-02-03 10:48:08.033658
ATMN,25.55,25.55,26.0,2219300.0,1991100.0,,0,0,0,0,0,0,0,0,0,0,0,0,0,0,102,2026-02-03 10:48:08.033658
WNTR,24.28,24.25,24.27,2288200.0,2063900.0,6791.0,0,0,0,0,0,0,0,0,0,0,0,0,0,0,102,2026-02-03 10:48:08.033658
SPNG,25.61,25.04,25.61,2233400.0,2018400.0,2600.0,,0,0,0,0,0,0,0,0,0,0,0,0,0,103,2026-02-03 10:48:09.067374
SMMR,25.8,25.8,26.02,2402000.0,2076800.0,6850.0,,0,0,0,0,0,0,0,0,0,0,0,0,0,103,2026-02-03 10:48:09.067374
ATMN,25.55,25.89,25.98,2112400.0,1939900.0,6835.0,6835.0,0,0,0,0,0,0,0,0,0,0,0,0,0,103,2026-02-03 10:48:09.067374
WNTR,24.28,24.25,24.28,2163100.0,2164600.0,,6791.0,0,0,0,0,0,0,0,0,0,0,0,0,0,103,2026-02-03 10:48:09.067374
SPNG,25.61,25.04,25.61,2204100.0,2119100.0,,0,0,0,0,0,0,0,0,0,0,0,0,0,0,104,2026-02-03 10:48:10.097285
SMMR,25.8,25.8,26.03,2402000.0,2170500.0,,0,0,0,0,0,0,0,0,0,0,0,0,0,0,104,2026-02-03 10:48:10.097285
ATMN,25.52,25.6,25.74,2188800.0,1941900.0,6835.0,0,0,0,0,0,0,0,0,0,0,0,0,0,0,104,2026-02-03 10:48:10.097285
WNTR,24.28,24.25,24.28,2288200.0,2187600.0,,0,0,0,0,0,0,0,0,0,0,0,0,0,0,104,2026-02-03 10:48:10.097285
SPNG,25.75,25.04,25.75,2204100.0,2171800.0,,,0,0,0,0,0,0,0,0,0,0,0,0,0,105,2026-02-03 10:48:11.160174
SMMR,25.8,25.86,25.95,2407000.0,2116900.0,6850.0,,0,0,0,0,0,0,0,0,0,0,0,0,0,105,2026-02-03 10:48:11.160174
ATMN,26.0,25.6,26.0,2188800.0,2022000.0,,,0,0,0,0,0,0,0,0,0,0,0,0,0,105,2026-02-03 10:48:11.160174
WNTR,24.28,24.25,24.28,2174800.0,2215000.0,,6791.0,0,0,0,0,0,0,0,0,0,0,0,0,0,105,2026-02-03 10:48:11.160174
SPNG,24.99,24.98,24.99,2243000.0,2057300.0,5806.0,,0,0,0,0,0,0,0,0,0,0,0,0,0,106,2026-02-03 10:48:12.233809
SMMR,25.86,25.86,25.88,2407000.0,2132500.0,6850.0,,0,0,0,0,0,0,0,0,0,0,0,0,0,106,2026-02-03 10:48:12.233809
ATMN,26.05,25.6,26.05,2188800.0,1997100.0,,,0,0,0,0,0,0,0,0,0,0,0,0,0,106,2026-02-03 10:48:12.233809
WNTR,24.28,24.25,24.28,2174800.0,2183900.0,,6791.0,0,0,0,0,0,0,0,0,0,0,0,0,0,106,2026-02-03 10:48:12.233809
SPNG,24.99,24.98,24.99,2246500.0,2158000.0,,,0,0,0,0,0,0,0,0,0,0,0,0,0,107,2026-02-03 10:48:12.785340
SMMR,25.88,25.86,25.88,2368700.0,2132500.0,6850.0,,0,0,0,0,0,0,0,0,0,0,0,0,0,107,2026-02-03 10:48:12.785340
ATMN,26.05,25.6,25.83,2071200.0,2040200.0,,6835.0,0,0,0,0,0,0,0,0,0,0,0,0,0,107,2026-02-03 10:48:12.785340
WNTR,24.28,24.25,24.28,2174800.0,2197700.0,,6791.0,0,0,0,0,0,0,0,0,0,0,0,0,0,107,2026-02-03 10:48:12.785340
SPNG,25.82,24.99,25.46,4943.0,2100900.0,2040800.0,4943.0,0,0,0,0,0,0,0,0,0,0,0,0,0,108,2026-02-03 10:48:13.813529
SMMR,25.89,25.86,25.89,,2331300.0,2222500.0,,0,0,0,0,0,0,0,0,0,0,0,0,0,108,2026-02-03 10:48:13.813529
ATMN,25.83,25.71,25.83,,2196400.0,2061500.0,,0,0,0,0,0,0,0,0,0,0,0,0,0,108,2026-02-03 10:48:13.813529
WNTR,24.32,24.23,24.32,,2275300.0,2168200.0,,0,0,0,0,0,0,0,0,0,0,0,0,0,108,2026-02-03 10:48:13.813529
SPNG,25.82,24.98,25.46,2226700.0,2180100.0,,0,0,0,0,0,0,0,0,0,0,0,0,0,0,109,2026-02-03 10:48:14.857545
SMMR,25.86,25.8,25.84,2300300.0,2182500.0,,0,0,0,0,0,0,0,0,0,0,0,0,0,0,109,2026-02-03 10:48:14.857545
ATMN,25.83,25.71,25.8,2100400.0,2114000.0,6835.0,0,0,0,0,0,0,0,0,0,0,0,0,0,0,109,2026-02-03 10:48:14.857545
WNTR,24.32,24.28,24.32,2140200.0,2161400.0,3391.0,0,0,0,0,0,0,0,0,0,0,0,0,0,0,109,2026-02-03 10:48:14.857545
SPNG,25.44,25.0,25.44,3707.0,2108200.0,2061000.0,3707.0,0,0,0,0,0,0,0,0,0,0,0,0,0,110,2026-02-03 10:48:15.887970
SMMR,25.79,25.79,25.84,,2327600.0,2182500.0,,0,0,0,0,0,0,0,0,0,0,0,0,0,110,2026-02-03 10:48:15.887970
ATMN,25.71,25.71,25.8,6835.0,2084600.0,2126500.0,,0,0,0,0,0,0,0,0,0,0,0,0,0,110,2026-02-03 10:48:15.887970
WNTR,24.23,24.23,24.32,,2275300.0,2181200.0,,0,0,0,0,0,0,0,0,0,0,0,0,0,110,2026-02-03 10:48:15.887970
SPNG,25.46,25.01,25.02,3707.0,2050800.0,2170300.0,0,0,0,0,0,0,0,0,0,0,0,0,0,0,111,2026-02-03 10:48:16.918250
SMMR,25.91,25.9,25.91,,2286700.0,2229500.0,0,0,0,0,0,0,0,0,0,0,0,0,0,0,111,2026-02-03 10:48:16.918250
ATMN,25.8,25.71,25.8,6835.0,2088700.0,2126500.0,0,0,0,0,0,0,0,0,0,0,0,0,0,0,111,2026-02-03 10:48:16.918250
WNTR,24.23,24.23,24.32,,2261000.0,2201300.0,0,0,0,0,0,0,0,0,0,0,0,0,0,0,111,2026-02-03 10:48:16.918250
SPNG,25.46,25.01,25.46,2168800.0,2180100.0,,0,0,0,0,0,0,0,0,0,0,0,0,0,0,112,2026-02-03 10:48:17.953316
SMMR,25.98,25.79,25.98,2215700.0,2220100.0,4864.0,0,0,0,0,0,0,0,0,0,0,0,0,0,0,112,2026-02-03 10:48:17.953316
ATMN,25.66,25.66,25.8,2168000.0,2157000.0,,0,0,0,0,0,0,0,0,0,0,0,0,0,0,112,2026-02-03 10:48:17.953316
WNTR,24.33,24.28,24.33,2140600.0,2202000.0,4864.0,0,0,0,0,0,0,0,0,0,0,0,0,0,0,112,2026-02-03 10:48:17.953316
SPNG,25.01,25.01,25.6,2053700.0,3707.0,2138600.0,,0,0,0,0,0,0,0,0,0,0,0,0,0,113,2026-02-03 10:48:18.992085
SMMR,25.77,25.77,25.82,2400700.0,,2071700.0,5357.0,0,0,0,0,0,0,0,0,0,0,0,0,0,113,2026-02-03 10:48:18.992085
ATMN,25.66,25.68,25.78,2058600.0,6696.0,2096000.0,6696.0,0,0,0,0,0,0,0,0,0,0,0,0,0,113,2026-02-03 10:48:18.992085
WNTR,24.28,24.21,24.23,2288800.0,,2209400.0,,0,0,0,0,0,0,0,0,0,0,0,0,0,113,2026-02-03 10:48:18.992085
SPNG,25.5,24.98,25.5,6160.0,2083700.0,2059000.0,6160.0,0,0,0,0,0,0,0,0,0,0,0,0,0,114,2026-02-03 10:48:20.030344
SMMR,25.82,25.77,25.82,,2400700.0,2052700.0,5357.0,0,0,0,0,0,0,0,0,0,0,0,0,0,114,2026-02-03 10:48:20.030344
ATMN,25.74,25.7,25.73,6160.0,2058600.0,2104600.0,6160.0,0,0,0,0,0,0,0,0,0,0,0,0,0,114,2026-02-03 10:48:20.030344
WNTR,24.23,24.24,24.33,6160.0,2190500.0,2225100.0,,0,0,0,0,0,0,0,0,0,0,0,0,0,114,2026-02-03 10:48:20.030344
SPNG,25.5,24.98,25.09,5960.0,2073000.0,2160800.0,,0,0,0,0,0,0,0,0,0,0,0,0,0,115,2026-02-03 10:48:21.072334
SMMR,25.82,25.83,25.88,5960.0,2267900.0,2037500.0,5960.0,0,0,0,0,0,0,0,0,0,0,0,0,0,115,2026-02-03 10:48:21.072334
ATMN,25.85,25.66,25.85,6160.0,2058600.0,2181800.0,,0,0,0,0,0,0,0,0,0,0,0,0,0,115,2026-02-03 10:48:21.072334
WNTR,24.2,24.19,24.2,,2325900.0,2099800.0,5960.0,0,0,0,0,0,0,0,0,0,0,0,0,0,115,2026-02-03 10:48:21.072334
SPNG,25.09,25.44,25.5,2154100.0,2149800.0,0,0,0,0,0,0,0,0,0,0,0,0,0,0,0,116,2026-02-03 10:48:22.146289
SMMR,25.76,25.76,25.93,2433500.0,2188900.0,0,0,0,0,0,0,0,0,0,0,0,0,0,0,0,116,2026-02-03 10:48:22.146289
ATMN,25.6,25.6,25.71,2152300.0,2165200.0,0,0,0,0,0,0,0,0,0,0,0,0,0,0,0,116,2026-02-03 10:48:22.146289
WNTR,24.16,24.16,24.2,2322300.0,2239600.0,0,0,0,0,0,0,0,0,0,0,0,0,0,0,0,116,2026-02-03 10:48:22.146289
SPNG,25.09,24.97,24.98,2169100.0,2164600.0,0,0,0,0,0,0,0,0,0,0,0,0,0,0,0,117,2026-02-03 10:48:23.194520
SMMR,25.98,25.76,25.98,2444900.0,2209800.0,0,0,0,0,0,0,0,0,0,0,0,0,0,0,0,117,2026-02-03 10:48:23.194520
ATMN,25.74,25.6,25.7,2143500.0,2203700.0,0,0,0,0,0,0,0,0,0,0,0,0,0,0,0,117,2026-02-03 10:48:23.194520
WNTR,24.16,24.16,24.2,2311400.0,2258900.0,0,0,0,0,0,0,0,0,0,0,0,0,0,0,0,117,2026-02-03 10:48:23.194520
SPNG,25.5,25.54,25.58,2148100.0,2140500.0,0,0,0,0,0,0,0,0,0,0,0,0,0,0,0,118,2026-02-03 10:48:24.258417
SMMR,25.98,25.76,25.78,2444900.0,2209600.0,0,0,0,0,0,0,0,0,0,0,0,0,0,0,0,118,2026-02-03 10:48:24.258417
ATMN,25.51,25.51,25.85,2187100.0,2191800.0,0,0,0,0,0,0,0,0,0,0,0,0,0,0,0,118,2026-02-03 10:48:24.258417
WNTR,24.13,24.13,24.2,2267600.0,2258900.0,0,0,0,0,0,0,0,0,0,0,0,0,0,0,0,118,2026-02-03 10:48:24.258417
SPNG,25.46,24.97,25.31,2169100.0,2126100.0,0,0,0,0,0,0,0,0,0,0,0,0,0,0,0,119,2026-02-03 10:48:25.345606
SMMR,25.78,25.89,25.98,2392800.0,2224500.0,0,0,0,0,0,0,0,0,0,0,0,0,0,0,0,119,2026-02-03 10:48:25.345606
ATMN,25.5,25.5,25.58,2173900.0,2191600.0,0,0,0,0,0,0,0,0,0,0,0,0,0,0,0,119,2026-02-03 10:48:25.345606
WNTR,24.13,24.14,24.2,2253300.0,2282800.0,0,0,0,0,0,0,0,0,0,0,0,0,0,0,0,119,2026-02-03 10:48:25.345606
SPNG,25.46,24.27,24.56,967800.0,760300.0,0,0,0,0,0,0,0,0,0,0,0,0,0,0,0,120,2026-02-03 10:48:26.402664
SMMR,25.89,23.82,24.16,1012500.0,894500.0,0,0,0,0,0,0,0,0,0,0,0,0,0,0,0,120,2026-02-03 10:48:26.402664
ATMN,25.58,26.39,26.97,973400.0,782900.0,0,0,0,0,0,0,0,0,0,0,0,0,0,0,0,120,2026-02-03 10:48:26.402664
WNTR,25.55,24.8,24.96,630100.0,752000.0,0,0,0,0,0,0,0,0,0,0,0,0,0,0,0,120,2026-02-03 10:48:26.402664
SPNG,24.27,24.27,24.56,1080800.0,887500.0,0,0,0,0,0,0,0,0,0,0,0,0,0,0,0,121,2026-02-03 10:48:26.942626
SMMR,25.89,23.82,23.86,1012500.0,1102700.0,0,0,0,0,0,0,0,0,0,0,0,0,0,0,0,121,2026-02-03 10:48:26.942626
ATMN,25.58,26.39,26.97,973400.0,864500.0,0,0,0,0,0,0,0,0,0,0,0,0,0,0,0,121,2026-02-03 10:48:26.942626
WNTR,24.96,24.95,24.96,827600.0,836700.0,0,0,0,0,0,0,0,0,0,0,0,0,0,0,0,121,2026-02-03 10:48:26.942626
SPNG,23.66,23.77,24.56,1361700.0,887500.0,0,0,0,0,0,0,0,0,0,0,0,0,0,0,0,122,2026-02-03 10:48:28.025798
SMMR,23.82,23.68,23.77,985400.0,1365400.0,0,0,0,0,0,0,0,0,0,0,0,0,0,0,0,122,2026-02-03 10:48:28.025798
ATMN,25.58,26.39,26.74,973400.0,1176600.0,0,0,0,0,0,0,0,0,0,0,0,0,0,0,0,122,2026-02-03 10:48:28.025798
WNTR,24.96,25.14,25.2,1122800.0,827800.0,0,0,0,0,0,0,0,0,0,0,0,0,0,0,0,122,2026-02-03 10:48:28.025798
SPNG,23.66,23.8,24.04,1551100.0,987600.0,0,0,0,0,0,0,0,0,0,0,0,0,0,0,0,123,2026-02-03 10:48:29.056128
SMMR,23.42,23.42,23.71,966200.0,1584200.0,0,0,0,0,0,0,0,0,0,0,0,0,0,0,0,123,2026-02-03 10:48:29.056128
ATMN,25.58,26.39,26.58,973400.0,1460100.0,0,0,0,0,0,0,0,0,0,0,0,0,0,0,0,123,2026-02-03 10:48:29.056128
WNTR,25.28,25.34,25.39,1216800.0,818200.0,0,0,0,0,0,0,0,0,0,0,0,0,0,0,0,123,2026-02-03 10:48:29.056128
SPNG,24.54,23.8,23.95,1551100.0,1109400.0,0,0,0,0,0,0,0,0,0,0,0,0,0,0,0,124,2026-02-03 10:48:30.093431
SMMR,23.42,23.42,23.44,966200.0,1942000.0,0,0,0,0,0,0,0,0,0,0,0,0,0,0,0,124,2026-02-03 10:48:30.093431
ATMN,26.58,25.24,26.58,1010600.0,1460100.0,0,0,0,0,0,0,0,0,0,0,0,0,0,0,0,124,2026-02-03 10:48:30.093431
WNTR,25.5,25.46,25.5,1336300.0,799300.0,0,0,0,0,0,0,0,0,0,0,0,0,0,0,0,124,2026-02-03 10:48:30.093431
SPNG,24.56,24.02,24.56,2042000.0,1008100.0,0,0,0,0,0,0,0,0,0,0,0,0,0,0,0,125,2026-02-03 10:48:31.130044
SMMR,23.34,23.06,23.28,1199500.0,2073100.0,0,0,0,0,0,0,0,0,0,0,0,0,0,0,0,125,2026-02-03 10:48:31.130044
ATMN,26.58,25.87,26.45,1222000.0,1544700.0,0,0,0,0,0,0,0,0,0,0,0,0,0,0,0,125,2026-02-03 10:48:31.130044
WNTR,25.5,25.64,25.73,1683100.0,782100.0,0,0,0,0,0,0,0,0,0,0,0,0,0,0,0,125,2026-02-03 10:48:31.130044
SPNG,24.02,24.02,24.06,2042000.0,1108900.0,7500.0,,0,0,0,0,0,0,0,0,0,0,0,0,0,126,2026-02-03 10:48:32.166133
SMMR,23.44,23.26,23.43,1427400.0,1942000.0,5625.0,5625.0,0,0,0,0,0,0,0,0,0,0,0,0,0,126,2026-02-03 10:48:32.166133
ATMN,26.74,25.89,26.43,1322800.0,1361900.0,5625.0,5625.0,0,0,0,0,0,0,0,0,0,0,0,0,0,126,2026-02-03 10:48:32.166133
WNTR,25.5,25.64,25.67,1683100.0,1213000.0,,,0,0,0,0,0,0,0,0,0,0,0,0,0,126,2026-02-03 10:48:32.166133
SPNG,24.06,24.08,24.56,2361500.0,1008100.0,,,0,0,0,0,0,0,0,0,0,0,0,0,0,127,2026-02-03 10:48:33.195773
SMMR,23.26,23.35,23.42,1693100.0,1942000.0,7500.0,7500.0,0,0,0,0,0,0,0,0,0,0,0,0,0,127,2026-02-03 10:48:33.195773
ATMN,26.74,26.41,26.43,1430200.0,1563000.0,7500.0,,0,0,0,0,0,0,0,0,0,0,0,0,0,127,2026-02-03 10:48:33.195773
WNTR,25.64,25.64,25.67,1683100.0,1445200.0,,,0,0,0,0,0,0,0,0,0,0,0,0,0,127,2026-02-03 10:48:33.195773
SPNG,24.6,24.08,24.55,2361500.0,7500.0,1139800.0,,0,0,0,0,0,0,0,0,0,0,0,0,0,128,2026-02-03 10:48:34.236560
SMMR,23.35,23.41,23.44,1906500.0,,1942000.0,,0,0,0,0,0,0,0,0,0,0,0,0,0,128,2026-02-03 10:48:34.236560
ATMN,26.41,25.87,26.17,1451200.0,,1648400.0,,0,0,0,0,0,0,0,0,0,0,0,0,0,128,2026-02-03 10:48:34.236560
WNTR,25.49,25.48,25.49,1557300.0,5306.0,1630500.0,5306.0,0,0,0,0,0,0,0,0,0,0,0,0,0,128,2026-02-03 10:48:34.236560
SPNG,24.55,24.08,24.27,2361500.0,1251800.0,,,0,0,0,0,0,0,0,0,0,0,0,0,0,129,2026-02-03 10:48:35.292350
SMMR,23.3,23.54,23.7,1659600.0,1712000.0,3829.0,3829.0,0,0,0,0,0,0,0,0,0,0,0,0,0,129,2026-02-03 10:48:35.292350
ATMN,26.17,26.35,26.43,1646200.0,1563000.0,,,0,0,0,0,0,0,0,0,0,0,0,0,0,129,2026-02-03 10:48:35.292350
WNTR,25.67,25.5,25.67,1783700.0,1445200.0,,,0,0,0,0,0,0,0,0,0,0,0,0,0,129,2026-02-03 10:48:35.292350
SPNG,24.55,24.08,24.55,2303300.0,7500.0,1261400.0,0,0,0,0,0,0,0,0,0,0,0,0,0,0,130,2026-02-03 10:48:36.425907
SMMR,23.56,23.56,23.71,1552900.0,,1830600.0,0,0,0,0,0,0,0,0,0,0,0,0,0,0,130,2026-02-03 10:48:36.425907
ATMN,26.17,26.35,26.43,1996700.0,7181.0,1563000.0,0,0,0,0,0,0,0,0,0,0,0,0,0,0,130,2026-02-03 10:48:36.425907
WNTR,25.63,25.5,25.54,1783700.0,,1673400.0,0,0,0,0,0,0,0,0,0,0,0,0,0,0,130,2026-02-03 10:48:36.425907
SPNG,24.55,24.08,24.55,2458900.0,1371200.0,0,0,0,0,0,0,0,0,0,0,0,0,0,0,0,131,2026-02-03 10:48:37.478352
SMMR,23.56,23.25,23.56,1426400.0,2193700.0,0,0,0,0,0,0,0,0,0,0,0,0,0,0,0,131,2026-02-03 10:48:37.478352
ATMN,26.35,26.35,26.43,1996700.0,1563000.0,0,0,0,0,0,0,0,0,0,0,0,0,0,0,0,131,2026-02-03 10:48:37.478352
WNTR,25.67,25.7,25.73,2018300.0,1442000.0,0,0,0,0,0,0,0,0,0,0,0,0,0,0,0,131,2026-02-03 10:48:37.478352
SPNG,23.9,24.08,24.55,2500.0,2223400.0,1451700.0,,0,0,0,0,0,0,0,0,0,0,0,0,0,132,2026-02-03 10:48:38.016053
SMMR,23.56,23.25,23.49,,1426400.0,2240800.0,3829.0,0,0,0,0,0,0,0,0,0,0,0,0,0,132,2026-02-03 10:48:38.016053
ATMN,26.54,26.54,26.74,6875.0,2005300.0,1456000.0,,0,0,0,0,0,0,0,0,0,0,0,0,0,132,2026-02-03 10:48:38.016053
WNTR,25.7,25.51,25.63,3829.0,1987100.0,1532400.0,,0,0,0,0,0,0,0,0,0,0,0,0,0,132,2026-02-03 10:48:38.016053
SPNG,23.9,24.24,24.43,2476000.0,1558200.0,0,0,0,0,0,0,0,0,0,0,0,0,0,0,0,133,2026-02-03 10:48:39.054419
SMMR,23.47,23.25,23.47,1552100.0,2362300.0,0,0,0,0,0,0,0,0,0,0,0,0,0,0,0,133,2026-02-03 10:48:39.054419
ATMN,26.54,26.54,26.58,2005300.0,1785700.0,0,0,0,0,0,0,0,0,0,0,0,0,0,0,0,133,2026-02-03 10:48:39.054419
WNTR,25.73,25.5,25.73,2099300.0,1442000.0,0,0,0,0,0,0,0,0,0,0,0,0,0,0,0,133,2026-02-03 10:48:39.054419
SPNG,24.43,24.19,24.43,2324800.0,5781.0,1674700.0,0,0,0,0,0,0,0,0,0,0,0,0,0,0,134,2026-02-03 10:48:40.088540
SMMR,23.5,23.25,23.5,1698200.0,5781.0,2335500.0,0,0,0,0,0,0,0,0,0,0,0,0,0,0,134,2026-02-03 10:48:40.088540
ATMN,26.54,26.23,26.35,2127600.0,6875.0,1903800.0,0,0,0,0,0,0,0,0,0,0,0,0,0,0,134,2026-02-03 10:48:40.088540
WNTR,25.66,25.66,25.73,2082000.0,,1334900.0,0,0,0,0,0,0,0,0,0,0,0,0,0,0,134,2026-02-03 10:48:40.088540
SPNG,23.8,24.32,24.42,2359000.0,4336.0,4336.0,1674700.0,0,0,0,0,0,0,0,0,0,0,0,0,0,135,2026-02-03 10:48:41.124887
SMMR,23.47,23.27,23.47,1841500.0,,,2313600.0,0,0,0,0,0,0,0,0,0,0,0,0,0,135,2026-02-03 10:48:41.124887
ATMN,26.54,26.23,26.33,2127600.0,6875.0,,2027700.0,0,0,0,0,0,0,0,0,0,0,0,0,0,135,2026-02-03 10:48:41.124887
WNTR,25.75,25.68,25.72,1948100.0,4336.0,4336.0,1218100.0,0,0,0,0,0,0,0,0,0,0,0,0,0,135,2026-02-03 10:48:41.124887
SPNG,23.87,24.09,24.43,2268500.0,4336.0,1793400.0,0,0,0,0,0,0,0,0,0,0,0,0,0,0,136,2026-02-03 10:48:42.160356
SMMR,23.27,23.27,23.49,1841500.0,,2344500.0,0,0,0,0,0,0,0,0,0,0,0,0,0,0,136,2026-02-03 10:48:42.160356
ATMN,26.33,26.23,26.33,2184100.0,6875.0,2027700.0,0,0,0,0,0,0,0,0,0,0,0,0,0,0,136,2026-02-03 10:48:42.160356
WNTR,25.68,25.68,25.73,2074300.0,,1528400.0,0,0,0,0,0,0,0,0,0,0,0,0,0,0,136,2026-02-03 10:48:42.160356
SPNG,23.87,24.09,24.22,2204300.0,4336.0,1996000.0,,0,0,0,0,0,0,0,0,0,0,0,0,0,137,2026-02-03 10:48:43.192013
SMMR,23.45,23.29,23.32,1841500.0,4697.0,2282800.0,4697.0,0,0,0,0,0,0,0,0,0,0,0,0,0,137,2026-02-03 10:48:43.192013
ATMN,26.58,26.23,26.58,2224600.0,6875.0,1785700.0,,0,0,0,0,0,0,0,0,0,0,0,0,0,137,2026-02-03 10:48:43.192013
WNTR,25.57,25.57,25.7,2085700.0,,1619200.0,,0,0,0,0,0,0,0,0,0,0,0,0,0,137,2026-02-03 10:48:43.192013
SPNG,24.22,24.2,24.22,2198700.0,4336.0,2035100.0,,0,0,0,0,0,0,0,0,0,0,0,0,0,138,2026-02-03 10:48:44.221486
SMMR,23.49,23.28,23.49,2069200.0,4697.0,2385900.0,,0,0,0,0,0,0,0,0,0,0,0,0,0,138,2026-02-03 10:48:44.221486
ATMN,26.58,26.23,26.58,2224600.0,6875.0,1883900.0,,0,0,0,0,0,0,0,0,0,0,0,0,0,138,2026-02-03 10:48:44.221486
WNTR,25.73,25.58,25.68,1959500.0,4697.0,1738600.0,4697.0,0,0,0,0,0,0,0,0,0,0,0,0,0,138,2026-02-03 10:48:44.221486
SPNG,24.48,24.2,24.48,2220400.0,4336.0,1802400.0,0,0,0,0,0,0,0,0,0,0,0,0,0,0,139,2026-02-03 10:48:45.253526
SMMR,23.49,23.33,23.49,2284000.0,4697.0,2365200.0,0,0,0,0,0,0,0,0,0,0,0,0,0,0,139,2026-02-03 10:48:45.253526
ATMN,26.58,26.23,26.58,2224600.0,6875.0,1969900.0,0,0,0,0,0,0,0,0,0,0,0,0,0,0,139,2026-02-03 10:48:45.253526
WNTR,25.73,25.59,25.61,1959500.0,3523.0,1730800.0,0,0,0,0,0,0,0,0,0,0,0,0,0,0,139,2026-02-03 10:48:45.253526
SPNG,24.09,24.1,24.47,3726.0,2228800.0,3726.0,2010300.0,0,0,0,0,0,0,0,0,0,0,0,0,0,140,2026-02-03 10:48:46.291427
SMMR,23.49,23.37,23.46,4697.0,2390900.0,,2362300.0,0,0,0,0,0,0,0,0,0,0,0,0,0,140,2026-02-03 10:48:46.291427
ATMN,26.58,26.23,26.31,6875.0,2163500.0,,1987400.0,0,0,0,0,0,0,0,0,0,0,0,0,0,140,2026-02-03 10:48:46.291427
WNTR,25.73,25.6,25.61,3523.0,1997300.0,,1841700.0,0,0,0,0,0,0,0,0,0,0,0,0,0,140,2026-02-03 10:48:46.291427
SPNG,24.09,23.95,23.98,2363800.0,2055400.0,3726.0,,0,0,0,0,0,0,0,0,0,0,0,0,0,141,2026-02-03 10:48:47.336940
SMMR,23.33,23.33,23.41,2430400.0,2370100.0,,,0,0,0,0,0,0,0,0,0,0,0,0,0,141,2026-02-03 10:48:47.336940
ATMN,26.31,26.41,26.58,2144900.0,1987800.0,,6875.0,0,0,0,0,0,0,0,0,0,0,0,0,0,141,2026-02-03 10:48:47.336940
WNTR,25.57,25.57,25.61,2045200.0,1841700.0,,,0,0,0,0,0,0,0,0,0,0,0,0,0,141,2026-02-03 10:48:47.336940
SPNG,23.95,23.95,24.42,2368000.0,2032500.0,3726.0,,0,0,0,0,0,0,0,0,0,0,0,0,0,142,2026-02-03 10:48:48.411189
SMMR,23.36,23.33,23.36,2430400.0,2407000.0,,,0,0,0,0,0,0,0,0,0,0,0,0,0,142,2026-02-03 10:48:48.411189
ATMN,26.41,26.23,26.24,2134800.0,2039000.0,,6875.0,0,0,0,0,0,0,0,0,0,0,0,0,0,142,2026-02-03 10:48:48.411189
WNTR,25.47,25.46,25.47,1845800.0,1849000.0,,,0,0,0,0,0,0,0,0,0,0,0,0,0,142,2026-02-03 10:48:48.411189
SPNG,23.8,23.8,24.42,2349700.0,2042700.0,3726.0,,0,0,0,0,0,0,0,0,0,0,0,0,0,143,2026-02-03 10:48:49.454567
SMMR,23.36,23.38,23.41,2499700.0,2385200.0,,,0,0,0,0,0,0,0,0,0,0,0,0,0,143,2026-02-03 10:48:49.454567
ATMN,26.24,26.45,26.58,2121900.0,2010900.0,,6875.0,0,0,0,0,0,0,0,0,0,0,0,0,0,143,2026-02-03 10:48:49.454567
WNTR,25.47,25.52,25.73,2056100.0,1756300.0,,,0,0,0,0,0,0,0,0,0,0,0,0,0,143,2026-02-03 10:48:49.454567
SPNG,23.8,24.26,24.44,5831.0,2238300.0,5831.0,2037600.0,0,0,0,0,0,0,0,0,0,0,0,0,0,144,2026-02-03 10:48:50.516140
SMMR,23.38,23.38,23.41,,2499700.0,,2386100.0,0,0,0,0,0,0,0,0,0,0,0,0,0,144,2026-02-03 10:48:50.516140
ATMN,26.23,26.23,26.58,,2249700.0,,2032400.0,0,0,0,0,0,0,0,0,0,0,0,0,0,144,2026-02-03 10:48:50.516140
WNTR,25.47,25.54,25.58,5831.0,1982200.0,5831.0,1982400.0,0,0,0,0,0,0,0,0,0,0,0,0,0,144,2026-02-03 10:48:50.516140
SPNG,24.27,23.8,24.22,2349700.0,2063300.0,7500.0,,0,0,0,0,0,0,0,0,0,0,0,0,0,145,2026-02-03 10:48:51.056237
SMMR,23.38,23.38,23.41,2509300.0,2395400.0,,,0,0,0,0,0,0,0,0,0,0,0,0,0,145,2026-02-03 10:48:51.056237
ATMN,26.52,26.24,26.38,2134800.0,1955000.0,7500.0,7500.0,0,0,0,0,0,0,0,0,0,0,0,0,0,145,2026-02-03 10:48:51.056237
WNTR,25.47,25.56,25.57,1965200.0,1983900.0,7500.0,7500.0,0,0,0,0,0,0,0,0,0,0,0,0,0,145,2026-02-03 10:48:51.056237
SPNG,24.48,23.81,24.48,5625.0,2261800.0,2121400.0,,0,0,0,0,0,0,0,0,0,0,0,0,0,146,2026-02-03 10:48:52.093778
SMMR,23.46,23.38,23.46,,2507900.0,2363600.0,,0,0,0,0,0,0,0,0,0,0,0,0,0,146,2026-02-03 10:48:52.093778
ATMN,26.69,26.41,26.47,5625.0,2125400.0,1895600.0,5625.0,0,0,0,0,0,0,0,0,0,0,0,0,0,146,2026-02-03 10:48:52.093778
WNTR,25.64,25.56,25.64,7500.0,1965200.0,2079600.0,,0,0,0,0,0,0,0,0,0,0,0,0,0,146,2026-02-03 10:48:52.093778
SPNG,24.48,23.81,24.07,13125.0,2140100.0,2145000.0,,0,0,0,0,0,0,0,0,0,0,0,0,0,147,2026-02-03 10:48:53.142209
SMMR,23.46,23.4,23.44,2008.0,2402700.0,2251800.0,2008.0,0,0,0,0,0,0,0,0,0,0,0,0,0,147,2026-02-03 10:48:53.142209
ATMN,26.47,26.42,26.47,2343.0,2111500.0,1995200.0,,0,0,0,0,0,0,0,0,0,0,0,0,0,147,2026-02-03 10:48:53.142209
WNTR,25.64,25.65,25.73,6500.0,1982200.0,2064900.0,,0,0,0,0,0,0,0,0,0,0,0,0,0,147,2026-02-03 10:48:53.142209
SPNG,24.51,23.81,24.23,6412.0,2290100.0,2020200.0,6412.0,0,0,0,0,0,0,0,0,0,0,0,0,0,148,2026-02-03 10:48:54.181434
SMMR,23.41,23.38,23.39,,2546100.0,2394800.0,,0,0,0,0,0,0,0,0,0,0,0,0,0,148,2026-02-03 10:48:54.181434
ATMN,26.23,26.23,26.73,,2236200.0,1990300.0,,0,0,0,0,0,0,0,0,0,0,0,0,0,148,2026-02-03 10:48:54.181434
WNTR,25.65,25.65,25.73,6412.0,1989400.0,2099100.0,,0,0,0,0,0,0,0,0,0,0,0,0,0,148,2026-02-03 10:48:54.181434
SPNG,24.51,23.82,24.51,5897.0,2296700.0,1893800.0,,0,0,0,0,0,0,0,0,0,0,0,0,0,149,2026-02-03 10:48:55.214802
SMMR,23.39,23.34,23.39,,2573400.0,2394800.0,,0,0,0,0,0,0,0,0,0,0,0,0,0,149,2026-02-03 10:48:55.214802
ATMN,26.22,26.24,26.72,5897.0,2141400.0,1911800.0,5897.0,0,0,0,0,0,0,0,0,0,0,0,0,0,149,2026-02-03 10:48:55.214802
WNTR,25.57,25.57,25.66,,2060500.0,2111000.0,,0,0,0,0,0,0,0,0,0,0,0,0,0,149,2026-02-03 10:48:55.214802
SPNG,24.4,23.88,24.07,2418700.0,2006100.0,,0,0,0,0,0,0,0,0,0,0,0,0,0,0,150,2026-02-03 10:48:56.244578
SMMR,23.32,23.36,23.39,2607300.0,2394800.0,,0,0,0,0,0,0,0,0,0,0,0,0,0,0,150,2026-02-03 10:48:56.244578
ATMN,26.77,26.2,26.77,2268200.0,1997100.0,,0,0,0,0,0,0,0,0,0,0,0,0,0,0,150,2026-02-03 10:48:56.244578
WNTR,25.73,25.53,25.73,1987200.0,2099100.0,6025.0,0,0,0,0,0,0,0,0,0,0,0,0,0,0,150,2026-02-03 10:48:56.244578
SPNG,24.4,23.96,24.05,5993.0,2290100.0,5993.0,2006100.0,0,0,0,0,0,0,0,0,0,0,0,0,0,151,2026-02-03 10:48:57.280028
SMMR,23.36,23.36,23.48,,2607300.0,,2370500.0,0,0,0,0,0,0,0,0,0,0,0,0,0,151,2026-02-03 10:48:57.280028
ATMN,26.18,26.55,26.75,5993.0,2139200.0,5993.0,1888200.0,0,0,0,0,0,0,0,0,0,0,0,0,0,151,2026-02-03 10:48:57.280028
WNTR,25.72,25.72,25.73,6025.0,1984100.0,,2119300.0,0,0,0,0,0,0,0,0,0,0,0,0,0,151,2026-02-03 10:48:57.280028
SPNG,23.95,24.22,24.51,5993.0,2290100.0,1987000.0,,0,0,0,0,0,0,0,0,0,0,0,0,0,152,2026-02-03 10:48:58.318330
SMMR,23.36,23.38,23.46,4495.0,2461700.0,2251900.0,4495.0,0,0,0,0,0,0,0,0,0,0,0,0,0,152,2026-02-03 10:48:58.318330
ATMN,26.09,26.1,26.75,4495.0,2172400.0,1898000.0,4495.0,0,0,0,0,0,0,0,0,0,0,0,0,0,152,2026-02-03 10:48:58.318330
WNTR,25.56,25.56,25.73,,2108200.0,2116600.0,,0,0,0,0,0,0,0,0,0,0,0,0,0,152,2026-02-03 10:48:58.318330
SPNG,23.95,24.22,24.33,5993.0,2290100.0,2183400.0,,0,0,0,0,0,0,0,0,0,0,0,0,0,153,2026-02-03 10:48:59.357647
SMMR,23.36,23.34,23.35,,2545700.0,2371700.0,,0,0,0,0,0,0,0,0,0,0,0,0,0,153,2026-02-03 10:48:59.357647
ATMN,26.77,26.1,26.22,7498.0,2172400.0,1933900.0,7498.0,0,0,0,0,0,0,0,0,0,0,0,0,0,153,2026-02-03 10:48:59.357647
WNTR,25.56,25.53,25.55,,2054100.0,2031400.0,6001.0,0,0,0,0,0,0,0,0,0,0,0,0,0,153,2026-02-03 10:48:59.357647
SPNG,23.95,24.22,24.33,5993.0,2289000.0,2217700.0,0,0,0,0,0,0,0,0,0,0,0,0,0,0,154,2026-02-03 10:49:00.405270
SMMR,23.48,23.34,23.48,,2563700.0,2389900.0,0,0,0,0,0,0,0,0,0,0,0,0,0,0,154,2026-02-03 10:49:00.405270
ATMN,26.22,26.11,26.22,7498.0,2124500.0,2021200.0,0,0,0,0,0,0,0,0,0,0,0,0,0,0,154,2026-02-03 10:49:00.405270
WNTR,25.55,25.63,25.73,,2087800.0,2111300.0,0,0,0,0,0,0,0,0,0,0,0,0,0,0,154,2026-02-03 10:49:00.405270
SPNG,23.88,24.15,24.33,5993.0,2277700.0,2243600.0,0,0,0,0,0,0,0,0,0,0,0,0,0,0,155,2026-02-03 10:49:01.459073
SMMR,23.35,23.35,23.55,,2528000.0,2402300.0,0,0,0,0,0,0,0,0,0,0,0,0,0,0,155,2026-02-03 10:49:01.459073
ATMN,26.09,26.09,26.77,7498.0,2078700.0,1997500.0,0,0,0,0,0,0,0,0,0,0,0,0,0,0,155,2026-02-03 10:49:01.459073
WNTR,25.73,25.56,25.73,3095.0,1968700.0,2113400.0,0,0,0,0,0,0,0,0,0,0,0,0,0,0,155,2026-02-03 10:49:01.459073
SPNG,24.33,24.15,24.33,5993.0,2291800.0,2257200.0,0,0,0,0,0,0,0,0,0,0,0,0,0,0,156,2026-02-03 10:49:02.513451
SMMR,23.35,23.41,23.55,,2518200.0,2387900.0,0,0,0,0,0,0,0,0,0,0,0,0,0,0,156,2026-02-03 10:49:02.513451
ATMN,26.78,26.3,26.45,7498.0,2094300.0,1986000.0,0,0,0,0,0,0,0,0,0,0,0,0,0,0,156,2026-02-03 10:49:02.513451
WNTR,25.56,25.62,25.73,,2069600.0,2120000.0,0,0,0,0,0,0,0,0,0,0,0,0,0,0,156,2026-02-03 10:49:02.513451
SPNG,23.88,23.81,23.87,5625.0,2293400.0,5625.0,2163700.0,0,0,0,0,0,0,0,0,0,0,0,0,0,157,2026-02-03 10:49:03.550796
SMMR,23.35,23.41,23.45,,2525900.0,,2376700.0,0,0,0,0,0,0,0,0,0,0,0,0,0,157,2026-02-03 10:49:03.550796
ATMN,26.81,26.32,26.81,7498.0,2063700.0,,1971300.0,0,0,0,0,0,0,0,0,0,0,0,0,0,157,2026-02-03 10:49:03.550796
WNTR,25.76,25.64,25.71,5625.0,1993100.0,5625.0,2014600.0,0,0,0,0,0,0,0,0,0,0,0,0,0,157,2026-02-03 10:49:03.550796
SPNG,23.89,23.89,24.33,2245300.0,5062.0,2257200.0,,0,0,0,0,0,0,0,0,0,0,0,0,0,158,2026-02-03 10:49:04.596218
SMMR,23.41,23.41,23.45,2523800.0,,2376700.0,,0,0,0,0,0,0,0,0,0,0,0,0,0,158,2026-02-03 10:49:04.596218
ATMN,26.3,26.31,26.38,2094300.0,5062.0,1874100.0,5062.0,0,0,0,0,0,0,0,0,0,0,0,0,0,158,2026-02-03 10:49:04.596218
WNTR,25.76,25.77,25.78,1899400.0,9752.0,2102100.0,,0,0,0,0,0,0,0,0,0,0,0,0,0,158,2026-02-03 10:49:04.596218
SPNG,23.89,24.01,24.33,2242800.0,9655.0,2257200.0,,0,0,0,0,0,0,0,0,0,0,0,0,0,159,2026-02-03 10:49:05.152203
SMMR,23.55,23.51,23.53,2513500.0,,2282000.0,4593.0,0,0,0,0,0,0,0,0,0,0,0,0,0,159,2026-02-03 10:49:05.152203
ATMN,26.3,26.32,26.37,2067400.0,3796.0,1905300.0,3796.0,0,0,0,0,0,0,0,0,0,0,0,0,0,159,2026-02-03 10:49:05.152203
WNTR,25.76,25.77,25.78,2017200.0,9752.0,2124200.0,,0,0,0,0,0,0,0,0,0,0,0,0,0,159,2026-02-03 10:49:05.152203
SPNG,24.34,24.01,24.34,2370900.0,2226200.0,,0,0,0,0,0,0,0,0,0,0,0,0,0,0,160,2026-02-03 10:49:06.184186
SMMR,23.44,23.44,23.53,2500200.0,2400600.0,,0,0,0,0,0,0,0,0,0,0,0,0,0,0,160,2026-02-03 10:49:06.184186
ATMN,26.09,26.09,26.39,2167900.0,1992600.0,,0,0,0,0,0,0,0,0,0,0,0,0,0,0,160,2026-02-03 10:49:06.184186
WNTR,25.64,25.62,25.64,2072900.0,2043900.0,5285.0,0,0,0,0,0,0,0,0,0,0,0,0,0,0,160,2026-02-03 10:49:06.184186
SPNG,24.01,24.01,24.31,2275000.0,9655.0,2269400.0,,0,0,0,0,0,0,0,0,0,0,0,0,0,161,2026-02-03 10:49:07.211924
SMMR,23.44,23.44,23.53,2481700.0,,2308800.0,4593.0,0,0,0,0,0,0,0,0,0,0,0,0,0,161,2026-02-03 10:49:07.211924
ATMN,26.81,26.09,26.22,2063900.0,3796.0,2017800.0,,0,0,0,0,0,0,0,0,0,0,0,0,0,161,2026-02-03 10:49:07.211924
WNTR,25.78,25.62,25.78,2072900.0,,2122400.0,,0,0,0,0,0,0,0,0,0,0,0,0,0,161,2026-02-03 10:49:07.211924
SPNG,23.99,23.99,24.35,2337500.0,2206600.0,,,0,0,0,0,0,0,0,0,0,0,0,0,0,162,2026-02-03 10:49:08.246765
SMMR,23.55,23.44,23.55,2502500.0,2387700.0,,,0,0,0,0,0,0,0,0,0,0,0,0,0,162,2026-02-03 10:49:08.246765
ATMN,26.81,26.2,26.22,2029700.0,2017800.0,3796.0,,0,0,0,0,0,0,0,0,0,0,0,0,0,162,2026-02-03 10:49:08.246765
WNTR,25.66,25.64,25.66,1972000.0,2030200.0,5285.0,5285.0,0,0,0,0,0,0,0,0,0,0,0,0,0,162,2026-02-03 10:49:08.246765
SPNG,23.99,23.99,24.34,2348300.0,6551.0,2096800.0,,0,0,0,0,0,0,0,0,0,0,0,0,0,163,2026-02-03 10:49:09.282594
SMMR,23.43,23.43,23.46,2513500.0,,2384000.0,,0,0,0,0,0,0,0,0,0,0,0,0,0,163,2026-02-03 10:49:09.282594
ATMN,26.22,26.2,26.22,2020300.0,,2017800.0,3796.0,0,0,0,0,0,0,0,0,0,0,0,0,0,163,2026-02-03 10:49:09.282594
WNTR,25.66,25.68,25.77,2005500.0,6811.0,2016000.0,6811.0,0,0,0,0,0,0,0,0,0,0,0,0,0,163,2026-02-03 10:49:09.282594
SPNG,24.26,23.99,24.15,2348300.0,2218000.0,,0,0,0,0,0,0,0,0,0,0,0,0,0,0,164,2026-02-03 10:49:10.309102
SMMR,23.41,23.41,23.55,2508400.0,2387700.0,,0,0,0,0,0,0,0,0,0,0,0,0,0,0,164,2026-02-03 10:49:10.309102
ATMN,26.85,26.2,26.85,2130200.0,2008500.0,,0,0,0,0,0,0,0,0,0,0,0,0,0,0,164,2026-02-03 10:49:10.309102
WNTR,25.75,25.67,25.75,2005500.0,2129500.0,6551.0,0,0,0,0,0,0,0,0,0,0,0,0,0,0,164,2026-02-03 10:49:10.309102
SPNG,23.99,23.99,24.13,2313800.0,6811.0,2130900.0,,0,0,0,0,0,0,0,0,0,0,0,0,0,165,2026-02-03 10:49:11.348185
SMMR,23.4,23.43,23.54,2385500.0,6811.0,2306400.0,6811.0,0,0,0,0,0,0,0,0,0,0,0,0,0,165,2026-02-03 10:49:11.348185
ATMN,26.88,26.08,26.3,2015100.0,,2009400.0,3796.0,0,0,0,0,0,0,0,0,0,0,0,0,0,165,2026-02-03 10:49:11.348185
WNTR,25.57,25.56,25.57,2097700.0,6551.0,2076700.0,,0,0,0,0,0,0,0,0,0,0,0,0,0,165,2026-02-03 10:49:11.348185
SPNG,24.15,24.31,24.35,2312900.0,2206600.0,,,0,0,0,0,0,0,0,0,0,0,0,0,0,166,2026-02-03 10:49:12.383718
SMMR,23.38,23.38,23.49,2466100.0,2326100.0,6551.0,,0,0,0,0,0,0,0,0,0,0,0,0,0,166,2026-02-03 10:49:12.383718
ATMN,26.3,26.18,26.3,1979200.0,2009400.0,,3796.0,0,0,0,0,0,0,0,0,0,0,0,0,0,166,2026-02-03 10:49:12.383718
WNTR,25.75,25.75,25.78,2182000.0,2122400.0,,,0,0,0,0,0,0,0,0,0,0,0,0,0,166,2026-02-03 10:49:12.383718
SPNG,24.36,24.36,24.44,2171900.0,6811.0,2218900.0,0,0,0,0,0,0,0,0,0,0,0,0,0,0,167,2026-02-03 10:49:13.418256
SMMR,23.55,23.55,23.59,2462100.0,,2420900.0,0,0,0,0,0,0,0,0,0,0,0,0,0,0,167,2026-02-03 10:49:13.418256
ATMN,26.3,26.36,26.88,2006000.0,7435.0,2016000.0,0,0,0,0,0,0,0,0,0,0,0,0,0,0,167,2026-02-03 10:49:13.418256
WNTR,25.68,25.7,25.78,2046000.0,7435.0,2122400.0,0,0,0,0,0,0,0,0,0,0,0,0,0,0,167,2026-02-03 10:49:13.418256
SPNG,24.31,24.04,24.22,2319200.0,2261200.0,,0,0,0,0,0,0,0,0,0,0,0,0,0,0,168,2026-02-03 10:49:14.451018
SMMR,23.38,23.38,23.58,2466100.0,2336900.0,2079.0,0,0,0,0,0,0,0,0,0,0,0,0,0,0,168,2026-02-03 10:49:14.451018
ATMN,26.08,26.08,26.58,2133300.0,2014300.0,,0,0,0,0,0,0,0,0,0,0,0,0,0,0,168,2026-02-03 10:49:14.451018
WNTR,25.53,25.7,25.72,2098400.0,2123200.0,,0,0,0,0,0,0,0,0,0,0,0,0,0,0,168,2026-02-03 10:49:14.451018
SPNG,24.31,24.05,24.21,6980.0,2193700.0,6980.0,2144500.0,0,0,0,0,0,0,0,0,0,0,0,0,0,169,2026-02-03 10:49:15.525960
SMMR,23.34,23.34,23.59,,2541800.0,2079.0,2336900.0,0,0,0,0,0,0,0,0,0,0,0,0,0,169,2026-02-03 10:49:15.525960
ATMN,26.08,26.09,26.57,6980.0,2030400.0,6980.0,1922100.0,0,0,0,0,0,0,0,0,0,0,0,0,0,169,2026-02-03 10:49:15.525960
WNTR,25.65,25.65,25.72,,2140100.0,,2123200.0,0,0,0,0,0,0,0,0,0,0,0,0,0,169,2026-02-03 10:49:15.525960
SPNG,24.44,24.04,24.2,2325400.0,2000.0,2140700.0,,0,0,0,0,0,0,0,0,0,0,0,0,0,170,2026-02-03 10:49:16.576729
SMMR,23.59,23.34,23.59,2568800.0,2079.0,2324000.0,,0,0,0,0,0,0,0,0,0,0,0,0,0,170,2026-02-03 10:49:16.576729
ATMN,26.49,26.49,26.58,2011100.0,,2021700.0,6480.0,0,0,0,0,0,0,0,0,0,0,0,0,0,170,2026-02-03 10:49:16.576729
WNTR,25.72,25.67,25.7,2043900.0,6480.0,2036400.0,6480.0,0,0,0,0,0,0,0,0,0,0,0,0,0,170,2026-02-03 10:49:16.576729
SPNG,24.48,24.04,24.48,2147900.0,2000.0,2191800.0,0,0,0,0,0,0,0,0,0,0,0,0,0,0,171,2026-02-03 10:49:17.621722
SMMR,23.59,23.4,23.59,2538200.0,,2433600.0,0,0,0,0,0,0,0,0,0,0,0,0,0,0,171,2026-02-03 10:49:17.621722
ATMN,26.08,26.08,26.58,2137800.0,,2073600.0,0,0,0,0,0,0,0,0,0,0,0,0,0,0,171,2026-02-03 10:49:17.621722
WNTR,25.65,25.65,25.72,2140100.0,,2159500.0,0,0,0,0,0,0,0,0,0,0,0,0,0,0,171,2026-02-03 10:49:17.621722
SPNG,24.51,23.98,24.51,2274800.0,2189500.0,,,0,0,0,0,0,0,0,0,0,0,0,0,0,172,2026-02-03 10:49:18.651001
SMMR,23.62,23.4,23.62,2538200.0,2388300.0,,,0,0,0,0,0,0,0,0,0,0,0,0,0,172,2026-02-03 10:49:18.651001
ATMN,26.08,26.28,26.39,1993600.0,1993100.0,4529.0,4529.0,0,0,0,0,0,0,0,0,0,0,0,0,0,172,2026-02-03 10:49:18.651001
WNTR,25.65,25.65,25.72,2043900.0,2171200.0,6980.0,,0,0,0,0,0,0,0,0,0,0,0,0,0,172,2026-02-03 10:49:18.651001
SPNG,23.98,23.98,24.51,2274800.0,2229700.0,0,0,0,0,0,0,0,0,0,0,0,0,0,0,0,173,2026-02-03 10:49:19.696330
SMMR,23.62,23.4,23.62,2492200.0,2395800.0,0,0,0,0,0,0,0,0,0,0,0,0,0,0,0,173,2026-02-03 10:49:19.696330
ATMN,26.39,26.05,26.39,2159600.0,2074700.0,0,0,0,0,0,0,0,0,0,0,0,0,0,0,0,173,2026-02-03 10:49:19.696330
WNTR,25.65,25.53,25.61,2125000.0,2184800.0,0,0,0,0,0,0,0,0,0,0,0,0,0,0,0,173,2026-02-03 10:49:19.696330
SPNG,24.34,23.99,24.1,5991.0,2144800.0,5991.0,2124200.0,0,0,0,0,0,0,0,0,0,0,0,0,0,174,2026-02-03 10:49:20.747549
SMMR,23.62,23.41,23.45,5991.0,2328300.0,5991.0,2272200.0,0,0,0,0,0,0,0,0,0,0,0,0,0,174,2026-02-03 10:49:20.747549
ATMN,26.39,26.16,26.38,5991.0,2042100.0,5991.0,2005300.0,0,0,0,0,0,0,0,0,0,0,0,0,0,174,2026-02-03 10:49:20.747549
WNTR,25.53,25.54,25.6,,2090900.0,,2195400.0,0,0,0,0,0,0,0,0,0,0,0,0,0,174,2026-02-03 10:49:20.747549
SPNG,24.14,24.14,24.51,2119900.0,7500.0,2229700.0,0,0,0,0,0,0,0,0,0,0,0,0,0,0,175,2026-02-03 10:49:21.285555
SMMR,23.46,23.42,23.46,2300700.0,7500.0,2390600.0,0,0,0,0,0,0,0,0,0,0,0,0,0,0,175,2026-02-03 10:49:21.285555
ATMN,26.46,26.17,26.46,2042100.0,7500.0,2092600.0,0,0,0,0,0,0,0,0,0,0,0,0,0,0,175,2026-02-03 10:49:21.285555
WNTR,25.65,25.55,25.65,2002800.0,7500.0,2191600.0,0,0,0,0,0,0,0,0,0,0,0,0,0,0,175,2026-02-03 10:49:21.285555
SPNG,24.45,24.45,24.51,2025500.0,13491.0,2229700.0,0,0,0,0,0,0,0,0,0,0,0,0,0,0,176,2026-02-03 10:49:22.326862
SMMR,23.62,23.42,23.51,2300700.0,7500.0,2432900.0,0,0,0,0,0,0,0,0,0,0,0,0,0,0,176,2026-02-03 10:49:22.326862
ATMN,26.18,26.15,26.18,2006600.0,7123.0,2112100.0,0,0,0,0,0,0,0,0,0,0,0,0,0,0,176,2026-02-03 10:49:22.326862
WNTR,25.65,25.69,25.71,2002400.0,7500.0,2125400.0,0,0,0,0,0,0,0,0,0,0,0,0,0,0,176,2026-02-03 10:49:22.326862
SPNG,24.51,23.93,24.51,2306700.0,2201300.0,,0,0,0,0,0,0,0,0,0,0,0,0,0,0,177,2026-02-03 10:49:23.373448
SMMR,23.51,23.61,23.68,2312000.0,2425000.0,7500.0,0,0,0,0,0,0,0,0,0,0,0,0,0,0,177,2026-02-03 10:49:23.373448
ATMN,26.19,26.19,26.46,2042500.0,2092600.0,7123.0,0,0,0,0,0,0,0,0,0,0,0,0,0,0,177,2026-02-03 10:49:23.373448
WNTR,25.54,25.54,25.66,2090900.0,2110700.0,,0,0,0,0,0,0,0,0,0,0,0,0,0,0,177,2026-02-03 10:49:23.373448
SPNG,23.91,24.19,24.51,2284600.0,2201300.0,0,0,0,0,0,0,0,0,0,0,0,0,0,0,0,178,2026-02-03 10:49:24.401047
SMMR,23.4,23.4,23.66,2440400.0,2398100.0,0,0,0,0,0,0,0,0,0,0,0,0,0,0,0,178,2026-02-03 10:49:24.401047
ATMN,26.46,26.19,26.46,2168100.0,2071000.0,0,0,0,0,0,0,0,0,0,0,0,0,0,0,0,178,2026-02-03 10:49:24.401047
WNTR,25.52,25.52,25.66,2097100.0,2112600.0,0,0,0,0,0,0,0,0,0,0,0,0,0,0,0,178,2026-02-03 10:49:24.401047
SPNG,24.19,24.35,24.51,2257800.0,2219600.0,0,0,0,0,0,0,0,0,0,0,0,0,0,0,0,179,2026-02-03 10:49:25.452648
SMMR,23.67,23.57,23.63,2425700.0,2420000.0,0,0,0,0,0,0,0,0,0,0,0,0,0,0,0,179,2026-02-03 10:49:25.452648
ATMN,26.19,26.15,26.17,2161100.0,2075900.0,0,0,0,0,0,0,0,0,0,0,0,0,0,0,0,179,2026-02-03 10:49:25.452648
WNTR,25.52,25.52,25.66,2095500.0,2112600.0,0,0,0,0,0,0,0,0,0,0,0,0,0,0,0,179,2026-02-03 10:49:25.452648
SPNG,24.51,25.52,0.0,200000.0,0,0,0,0,0,0,0,0,0,0,0,0,0,0,0,0,180,2026-02-03 10:49:26.498678
SMMR,23.39,25.42,0.0,200000.0,0,0,0,0,0,0,0,0,0,0,0,0,0,0,0,0,180,2026-02-03 10:49:26.498678
ATMN,26.49,24.12,0.0,200000.0,0,0,0,0,0,0,0,0,0,0,0,0,0,0,0,0,180,2026-02-03 10:49:26.498678
WNTR,25.5,24.31,0.0,200000.0,0,0,0,0,0,0,0,0,0,0,0,0,0,0,0,0,180,2026-02-03 10:49:26.498678
SPNG,25.52,25.52,25.98,921900.0,1050300.0,0,0,0,0,0,0,0,0,0,0,0,0,0,0,0,181,2026-02-03 10:49:27.558493
SMMR,24.47,25.21,25.44,1187900.0,868000.0,0,0,0,0,0,0,0,0,0,0,0,0,0,0,0,181,2026-02-03 10:49:27.558493
ATMN,26.49,24.44,25.03,896300.0,1010300.0,0,0,0,0,0,0,0,0,0,0,0,0,0,0,0,181,2026-02-03 10:49:27.558493
WNTR,25.5,24.31,24.57,872000.0,1132600.0,0,0,0,0,0,0,0,0,0,0,0,0,0,0,0,181,2026-02-03 10:49:27.558493
SPNG,25.51,25.51,25.98,940900.0,1346700.0,0,0,0,0,0,0,0,0,0,0,0,0,0,0,0,182,2026-02-03 10:49:28.638040
SMMR,25.44,25.57,25.8,1315600.0,1105300.0,0,0,0,0,0,0,0,0,0,0,0,0,0,0,0,182,2026-02-03 10:49:28.638040
ATMN,24.12,24.12,24.56,998900.0,1249100.0,0,0,0,0,0,0,0,0,0,0,0,0,0,0,0,182,2026-02-03 10:49:28.638040
WNTR,24.31,24.31,24.49,898600.0,1260100.0,0,0,0,0,0,0,0,0,0,0,0,0,0,0,0,182,2026-02-03 10:49:28.638040
SPNG,25.51,24.66,25.16,992500.0,1650800.0,0,0,0,0,0,0,0,0,0,0,0,0,0,0,0,183,2026-02-03 10:49:29.697462
SMMR,25.44,25.57,25.65,1315600.0,1403900.0,0,0,0,0,0,0,0,0,0,0,0,0,0,0,0,183,2026-02-03 10:49:29.697462
ATMN,23.27,23.27,24.34,1054000.0,1456200.0,0,0,0,0,0,0,0,0,0,0,0,0,0,0,0,183,2026-02-03 10:49:29.697462
WNTR,24.31,24.16,24.21,983400.0,1485200.0,0,0,0,0,0,0,0,0,0,0,0,0,0,0,0,183,2026-02-03 10:49:29.697462
SPNG,25.18,25.18,25.63,1087400.0,1541200.0,0,0,0,0,0,0,0,0,0,0,0,0,0,0,0,184,2026-02-03 10:49:30.742938
SMMR,25.44,25.57,25.58,1315600.0,1712200.0,0,0,0,0,0,0,0,0,0,0,0,0,0,0,0,184,2026-02-03 10:49:30.742938
ATMN,24.37,23.84,23.85,1182400.0,1447900.0,0,0,0,0,0,0,0,0,0,0,0,0,0,0,0,184,2026-02-03 10:49:30.742938
WNTR,24.21,24.3,24.4,1320000.0,1366200.0,0,0,0,0,0,0,0,0,0,0,0,0,0,0,0,184,2026-02-03 10:49:30.742938
SPNG,25.98,25.4,25.98,1206900.0,1519800.0,0,0,0,0,0,0,0,0,0,0,0,0,0,0,0,185,2026-02-03 10:49:31.779626
SMMR,25.44,25.44,25.58,1394500.0,1831700.0,0,0,0,0,0,0,0,0,0,0,0,0,0,0,0,185,2026-02-03 10:49:31.779626
ATMN,23.85,23.93,24.37,1599200.0,1350300.0,0,0,0,0,0,0,0,0,0,0,0,0,0,0,0,185,2026-02-03 10:49:31.779626
WNTR,24.3,24.16,24.23,1412600.0,1497300.0,0,0,0,0,0,0,0,0,0,0,0,0,0,0,0,185,2026-02-03 10:49:31.779626
SPNG,25.4,25.41,25.71,5625.0,1206900.0,1830100.0,5625.0,0,0,0,0,0,0,0,0,0,0,0,0,0,186,2026-02-03 10:49:32.821780
SMMR,25.49,25.49,25.54,7500.0,1525800.0,1927900.0,,0,0,0,0,0,0,0,0,0,0,0,0,0,186,2026-02-03 10:49:32.821780
ATMN,23.95,23.93,23.95,,1599200.0,1667300.0,5625.0,0,0,0,0,0,0,0,0,0,0,0,0,0,186,2026-02-03 10:49:32.821780
WNTR,24.23,24.17,24.23,5625.0,1544400.0,1563900.0,,0,0,0,0,0,0,0,0,0,0,0,0,0,186,2026-02-03 10:49:32.821780
SPNG,25.76,25.42,25.7,5625.0,1206900.0,5625.0,1723300.0,0,0,0,0,0,0,0,0,0,0,0,0,0,187,2026-02-03 10:49:33.361275
SMMR,25.28,25.28,25.51,,1297000.0,,2024700.0,0,0,0,0,0,0,0,0,0,0,0,0,0,187,2026-02-03 10:49:33.361275
ATMN,23.95,24.24,24.37,,1828600.0,,1570100.0,0,0,0,0,0,0,0,0,0,0,0,0,0,187,2026-02-03 10:49:33.361275
WNTR,24.23,24.17,24.18,5625.0,1544400.0,,1680300.0,0,0,0,0,0,0,0,0,0,0,0,0,0,187,2026-02-03 10:49:33.361275
SPNG,25.2,25.21,25.76,1206200.0,1723300.0,,,0,0,0,0,0,0,0,0,0,0,0,0,0,188,2026-02-03 10:49:34.405101
SMMR,25.51,25.35,25.51,1561300.0,2024700.0,6093.0,,0,0,0,0,0,0,0,0,0,0,0,0,0,188,2026-02-03 10:49:34.405101
ATMN,23.95,24.25,24.31,1828600.0,1931300.0,6093.0,6093.0,0,0,0,0,0,0,0,0,0,0,0,0,0,188,2026-02-03 10:49:34.405101
WNTR,24.23,24.28,24.4,1756800.0,1460700.0,5625.0,,0,0,0,0,0,0,0,0,0,0,0,0,0,188,2026-02-03 10:49:34.405101
SPNG,25.76,25.47,25.76,7500.0,1506100.0,1627000.0,,0,0,0,0,0,0,0,0,0,0,0,0,0,189,2026-02-03 10:49:35.435174
SMMR,25.4,25.35,25.37,,1561300.0,2116900.0,,0,0,0,0,0,0,0,0,0,0,0,0,0,189,2026-02-03 10:49:35.435174
ATMN,23.84,24.09,24.3,,1691400.0,2066500.0,6093.0,0,0,0,0,0,0,0,0,0,0,0,0,0,189,2026-02-03 10:49:35.435174
WNTR,24.14,24.14,24.19,,1680100.0,1695900.0,7500.0,0,0,0,0,0,0,0,0,0,0,0,0,0,189,2026-02-03 10:49:35.435174
SPNG,25.31,25.48,25.76,1517800.0,1746000.0,,,0,0,0,0,0,0,0,0,0,0,0,0,0,190,2026-02-03 10:49:36.464292
SMMR,25.54,25.36,25.54,1561300.0,1927900.0,5976.0,,0,0,0,0,0,0,0,0,0,0,0,0,0,190,2026-02-03 10:49:36.464292
ATMN,24.09,23.84,23.9,1705300.0,2135200.0,,6093.0,0,0,0,0,0,0,0,0,0,0,0,0,0,190,2026-02-03 10:49:36.464292
WNTR,24.14,24.14,24.2,1680100.0,1928700.0,,7500.0,0,0,0,0,0,0,0,0,0,0,0,0,0,190,2026-02-03 10:49:36.464292
SPNG,25.31,25.31,25.61,1516900.0,1935200.0,5595.0,,0,0,0,0,0,0,0,0,0,0,0,0,0,191,2026-02-03 10:49:37.498950
SMMR,25.58,25.6,25.65,1769600.0,1737600.0,,5976.0,0,0,0,0,0,0,0,0,0,0,0,0,0,191,2026-02-03 10:49:37.498950
ATMN,23.9,24.23,24.31,1953400.0,2211800.0,,,0,0,0,0,0,0,0,0,0,0,0,0,0,191,2026-02-03 10:49:37.498950
WNTR,24.08,24.17,24.2,1561900.0,1928700.0,7500.0,,0,0,0,0,0,0,0,0,0,0,0,0,0,191,2026-02-03 10:49:37.498950
SPNG,25.31,25.31,25.61,1635300.0,1935200.0,5595.0,0,0,0,0,0,0,0,0,0,0,0,0,0,0,192,2026-02-03 10:49:38.530380
SMMR,25.58,25.47,25.58,1658500.0,1971200.0,,0,0,0,0,0,0,0,0,0,0,0,0,0,0,192,2026-02-03 10:49:38.530380
ATMN,24.37,23.88,24.37,1825300.0,2188100.0,,0,0,0,0,0,0,0,0,0,0,0,0,0,0,192,2026-02-03 10:49:38.530380
WNTR,24.08,24.07,24.08,1353400.0,2053600.0,,0,0,0,0,0,0,0,0,0,0,0,0,0,0,192,2026-02-03 10:49:38.530380
SPNG,25.21,25.21,25.76,1522800.0,1953500.0,5595.0,,0,0,0,0,0,0,0,0,0,0,0,0,0,193,2026-02-03 10:49:39.566470
SMMR,25.35,25.35,25.56,1561300.0,2121600.0,5664.0,,0,0,0,0,0,0,0,0,0,0,0,0,0,193,2026-02-03 10:49:39.566470
ATMN,24.37,24.02,24.37,2198100.0,2220000.0,,5720.0,0,0,0,0,0,0,0,0,0,0,0,0,0,193,2026-02-03 10:49:39.566470
WNTR,24.08,24.07,24.08,1455400.0,2051900.0,,,0,0,0,0,0,0,0,0,0,0,0,0,0,193,2026-02-03 10:49:39.566470
SPNG,25.52,25.21,25.24,1640000.0,2071600.0,,,0,0,0,0,0,0,0,0,0,0,0,0,0,194,2026-02-03 10:49:40.632094
SMMR,25.35,25.28,25.31,1684500.0,2135800.0,5664.0,,0,0,0,0,0,0,0,0,0,0,0,0,0,194,2026-02-03 10:49:40.632094
ATMN,24.37,24.17,24.2,2325500.0,2269800.0,,5720.0,0,0,0,0,0,0,0,0,0,0,0,0,0,194,2026-02-03 10:49:40.632094
WNTR,24.06,24.09,24.13,1531300.0,2051900.0,7486.0,7486.0,0,0,0,0,0,0,0,0,0,0,0,0,0,194,2026-02-03 10:49:40.632094
SPNG,25.24,25.21,25.24,1989600.0,2071600.0,,,0,0,0,0,0,0,0,0,0,0,0,0,0,195,2026-02-03 10:49:41.712568
SMMR,25.28,25.21,25.23,1673300.0,2227500.0,,,0,0,0,0,0,0,0,0,0,0,0,0,0,195,2026-02-03 10:49:41.712568
ATMN,24.17,24.17,24.31,2192800.0,2291700.0,5720.0,,0,0,0,0,0,0,0,0,0,0,0,0,0,195,2026-02-03 10:49:41.712568
WNTR,24.0,24.0,24.12,1207900.0,2051900.0,,7486.0,0,0,0,0,0,0,0,0,0,0,0,0,0,195,2026-02-03 10:49:41.712568
SPNG,25.76,25.43,25.76,2201300.0,1846300.0,,,0,0,0,0,0,0,0,0,0,0,0,0,0,196,2026-02-03 10:49:42.751454
SMMR,25.23,25.21,25.23,1981600.0,2142200.0,7033.0,,0,0,0,0,0,0,0,0,0,0,0,0,0,196,2026-02-03 10:49:42.751454
ATMN,24.17,24.17,24.31,2192800.0,2310900.0,,5620.0,0,0,0,0,0,0,0,0,0,0,0,0,0,196,2026-02-03 10:49:42.751454
WNTR,24.0,24.01,24.03,1411700.0,2063500.0,14972.0,,0,0,0,0,0,0,0,0,0,0,0,0,0,196,2026-02-03 10:49:42.751454
SPNG,25.45,25.21,25.29,2085500.0,1931300.0,1998.0,,0,0,0,0,0,0,0,0,0,0,0,0,0,197,2026-02-03 10:49:43.791268
SMMR,25.23,25.21,25.23,2293700.0,2142200.0,7033.0,,0,0,0,0,0,0,0,0,0,0,0,0,0,197,2026-02-03 10:49:43.791268
ATMN,24.02,24.15,24.34,2065400.0,2183000.0,1998.0,1998.0,0,0,0,0,0,0,0,0,0,0,0,0,0,197,2026-02-03 10:49:43.791268
WNTR,23.97,23.97,24.03,1206600.0,2003100.0,14972.0,,0,0,0,0,0,0,0,0,0,0,0,0,0,197,2026-02-03 10:49:43.791268
SPNG,25.76,25.21,25.76,2214000.0,1939600.0,,0,0,0,0,0,0,0,0,0,0,0,0,0,0,198,2026-02-03 10:49:44.822081
SMMR,25.23,25.27,25.57,2306700.0,2212500.0,,0,0,0,0,0,0,0,0,0,0,0,0,0,0,198,2026-02-03 10:49:44.822081
ATMN,23.88,23.88,24.27,2083300.0,2166400.0,648.0,0,0,0,0,0,0,0,0,0,0,0,0,0,0,198,2026-02-03 10:49:44.822081
WNTR,24.03,24.06,24.1,1218400.0,2237900.0,,0,0,0,0,0,0,0,0,0,0,0,0,0,0,198,2026-02-03 10:49:44.822081
SPNG,25.23,25.23,25.76,7338.0,2187400.0,1939600.0,,0,0,0,0,0,0,0,0,0,0,0,0,0,199,2026-02-03 10:49:45.853660
SMMR,25.23,25.29,25.34,7338.0,2183400.0,2123500.0,7338.0,0,0,0,0,0,0,0,0,0,0,0,0,0,199,2026-02-03 10:49:45.853660
ATMN,23.88,23.88,24.27,,2467200.0,2166400.0,648.0,0,0,0,0,0,0,0,0,0,0,0,0,0,199,2026-02-03 10:49:45.853660
WNTR,24.03,24.03,24.1,7338.0,1208400.0,2246700.0,,0,0,0,0,0,0,0,0,0,0,0,0,0,199,2026-02-03 10:49:45.853660
SPNG,25.23,25.31,25.64,2144100.0,6000.0,2047000.0,,0,0,0,0,0,0,0,0,0,0,0,0,0,200,2026-02-03 10:49:46.892767
SMMR,25.58,25.3,25.58,2183400.0,4327.0,2056700.0,,0,0,0,0,0,0,0,0,0,0,0,0,0,200,2026-02-03 10:49:46.892767
ATMN,24.38,24.32,24.34,2316100.0,3083.0,2171300.0,3083.0,0,0,0,0,0,0,0,0,0,0,0,0,0,200,2026-02-03 10:49:46.892767
WNTR,23.74,23.74,24.06,1005700.0,,2224200.0,,0,0,0,0,0,0,0,0,0,0,0,0,0,200,2026-02-03 10:49:46.892767
SPNG,25.39,25.41,25.64,2152700.0,6000.0,2056100.0,,0,0,0,0,0,0,0,0,0,0,0,0,0,201,2026-02-03 10:49:47.932838
SMMR,25.42,25.3,25.42,2180300.0,4327.0,2174800.0,,0,0,0,0,0,0,0,0,0,0,0,0,0,201,2026-02-03 10:49:47.932838
ATMN,24.31,23.88,24.23,2467200.0,,2308400.0,,0,0,0,0,0,0,0,0,0,0,0,0,0,201,2026-02-03 10:49:47.932838
WNTR,23.87,23.75,23.87,1110400.0,4147.0,2165700.0,4147.0,0,0,0,0,0,0,0,0,0,0,0,0,0,201,2026-02-03 10:49:47.932838
SPNG,25.41,25.41,25.64,2152700.0,6000.0,2056100.0,,0,0,0,0,0,0,0,0,0,0,0,0,0,202,2026-02-03 10:49:48.466607
SMMR,25.56,25.3,25.51,2180300.0,4327.0,2183600.0,,0,0,0,0,0,0,0,0,0,0,0,0,0,202,2026-02-03 10:49:48.466607
ATMN,24.31,24.12,24.17,2352000.0,4918.0,2201000.0,4918.0,0,0,0,0,0,0,0,0,0,0,0,0,0,202,2026-02-03 10:49:48.466607
WNTR,23.87,24.01,24.06,1316500.0,4918.0,2224200.0,,0,0,0,0,0,0,0,0,0,0,0,0,0,202,2026-02-03 10:49:48.466607
SPNG,25.21,25.21,25.8,2299400.0,5041.0,1936100.0,,0,0,0,0,0,0,0,0,0,0,0,0,0,203,2026-02-03 10:49:49.496420
SMMR,25.65,25.31,25.5,2145300.0,5041.0,2088900.0,5041.0,0,0,0,0,0,0,0,0,0,0,0,0,0,203,2026-02-03 10:49:49.496420
ATMN,24.38,24.39,24.41,2480800.0,,2261700.0,,0,0,0,0,0,0,0,0,0,0,0,0,0,203,2026-02-03 10:49:49.496420
WNTR,23.93,23.96,24.06,1344200.0,,2247700.0,,0,0,0,0,0,0,0,0,0,0,0,0,0,203,2026-02-03 10:49:49.496420
SPNG,25.87,25.21,25.43,2284600.0,1910400.0,,,0,0,0,0,0,0,0,0,0,0,0,0,0,204,2026-02-03 10:49:50.534075
SMMR,25.6,25.6,25.65,2163100.0,2195500.0,7469.0,,0,0,0,0,0,0,0,0,0,0,0,0,0,204,2026-02-03 10:49:50.534075
ATMN,24.28,24.12,24.28,2477000.0,2277800.0,,,0,0,0,0,0,0,0,0,0,0,0,0,0,204,2026-02-03 10:49:50.534075
WNTR,23.74,23.74,23.87,1225600.0,2165900.0,,7469.0,0,0,0,0,0,0,0,0,0,0,0,0,0,204,2026-02-03 10:49:50.534075
SPNG,25.98,25.98,26.02,2116800.0,6239.0,1594200.0,,0,0,0,0,0,0,0,0,0,0,0,0,0,205,2026-02-03 10:49:51.573538
SMMR,25.6,25.6,25.61,2055300.0,12510.0,2247800.0,,0,0,0,0,0,0,0,0,0,0,0,0,0,205,2026-02-03 10:49:51.573538
ATMN,24.12,24.12,24.26,2415900.0,,2163400.0,6239.0,0,0,0,0,0,0,0,0,0,0,0,0,0,205,2026-02-03 10:49:51.573538
WNTR,23.74,23.81,23.87,1561900.0,,2165900.0,7469.0,0,0,0,0,0,0,0,0,0,0,0,0,0,205,2026-02-03 10:49:51.573538
SPNG,25.98,25.21,25.78,2232000.0,1872400.0,0,0,0,0,0,0,0,0,0,0,0,0,0,0,0,206,2026-02-03 10:49:52.611852
SMMR,25.3,25.58,25.61,2258900.0,2247800.0,0,0,0,0,0,0,0,0,0,0,0,0,0,0,0,206,2026-02-03 10:49:52.611852
ATMN,24.12,23.9,23.96,2433000.0,2298500.0,0,0,0,0,0,0,0,0,0,0,0,0,0,0,0,206,2026-02-03 10:49:52.611852
WNTR,23.87,23.97,24.01,1795400.0,2249100.0,0,0,0,0,0,0,0,0,0,0,0,0,0,0,0,206,2026-02-03 10:49:52.611852
SPNG,25.11,25.3,25.78,2116300.0,6239.0,1991700.0,,0,0,0,0,0,0,0,0,0,0,0,0,0,207,2026-02-03 10:49:53.660283
SMMR,25.61,25.58,25.61,2258900.0,,2259000.0,,0,0,0,0,0,0,0,0,0,0,0,0,0,207,2026-02-03 10:49:53.660283
ATMN,24.02,24.3,24.41,2295300.0,5940.0,2284500.0,,0,0,0,0,0,0,0,0,0,0,0,0,0,207,2026-02-03 10:49:53.660283
WNTR,23.84,23.83,23.84,1868200.0,,2145200.0,5940.0,0,0,0,0,0,0,0,0,0,0,0,0,0,207,2026-02-03 10:49:53.660283
SPNG,25.02,25.02,25.78,2417500.0,1992700.0,,0,0,0,0,0,0,0,0,0,0,0,0,0,0,208,2026-02-03 10:49:54.751591
SMMR,25.48,25.57,25.59,2274500.0,2264000.0,,0,0,0,0,0,0,0,0,0,0,0,0,0,0,208,2026-02-03 10:49:54.751591
ATMN,24.22,23.96,24.22,2408000.0,2330900.0,,0,0,0,0,0,0,0,0,0,0,0,0,0,0,208,2026-02-03 10:49:54.751591
WNTR,23.86,23.83,23.84,1982300.0,2179100.0,4455.0,0,0,0,0,0,0,0,0,0,0,0,0,0,0,208,2026-02-03 10:49:54.751591
SPNG,25.02,25.46,25.68,2190300.0,6386.0,1880000.0,6386.0,0,0,0,0,0,0,0,0,0,0,0,0,0,209,2026-02-03 10:49:55.796571
SMMR,25.57,25.4,25.46,2126700.0,6386.0,2135600.0,6386.0,0,0,0,0,0,0,0,0,0,0,0,0,0,209,2026-02-03 10:49:55.796571
ATMN,24.22,24.05,24.2,2225100.0,6386.0,2236100.0,6386.0,0,0,0,0,0,0,0,0,0,0,0,0,0,209,2026-02-03 10:49:55.796571
WNTR,24.02,24.02,24.08,2085600.0,,2132700.0,4455.0,0,0,0,0,0,0,0,0,0,0,0,0,0,209,2026-02-03 10:49:55.796571
SPNG,25.02,25.47,25.67,7017.0,2190300.0,7017.0,1905300.0,0,0,0,0,0,0,0,0,0,0,0,0,0,210,2026-02-03 10:49:56.833772
SMMR,25.51,25.41,25.45,7017.0,2088200.0,7017.0,2114300.0,0,0,0,0,0,0,0,0,0,0,0,0,0,210,2026-02-03 10:49:56.833772
ATMN,24.41,24.41,24.42,6386.0,2190400.0,,2255000.0,0,0,0,0,0,0,0,0,0,0,0,0,0,210,2026-02-03 10:49:56.833772
WNTR,23.82,23.82,23.91,,1882400.0,4455.0,2151200.0,0,0,0,0,0,0,0,0,0,0,0,0,0,210,2026-02-03 10:49:56.833772
SPNG,25.68,25.72,25.78,2391000.0,1985200.0,,,0,0,0,0,0,0,0,0,0,0,0,0,0,211,2026-02-03 10:49:57.876291
SMMR,25.59,25.41,25.58,2088200.0,2236200.0,7017.0,,0,0,0,0,0,0,0,0,0,0,0,0,0,211,2026-02-03 10:49:57.876291
ATMN,24.42,23.96,24.42,2402200.0,2274400.0,,,0,0,0,0,0,0,0,0,0,0,0,0,0,211,2026-02-03 10:49:57.876291
WNTR,23.91,23.94,23.95,2014300.0,2132800.0,3907.0,3907.0,0,0,0,0,0,0,0,0,0,0,0,0,0,211,2026-02-03 10:49:57.876291
SPNG,24.97,25.41,25.78,2445100.0,1910900.0,5420.0,,0,0,0,0,0,0,0,0,0,0,0,0,0,212,2026-02-03 10:49:58.913879
SMMR,25.37,25.57,25.58,2251400.0,2236200.0,,,0,0,0,0,0,0,0,0,0,0,0,0,0,212,2026-02-03 10:49:58.913879
ATMN,24.44,24.19,24.44,2242500.0,2285500.0,,5504.0,0,0,0,0,0,0,0,0,0,0,0,0,0,212,2026-02-03 10:49:58.913879
WNTR,24.03,23.93,24.02,2116900.0,2243900.0,,,0,0,0,0,0,0,0,0,0,0,0,0,0,212,2026-02-03 10:49:58.913879
SPNG,25.21,24.97,25.21,2498200.0,1923700.0,5420.0,,0,0,0,0,0,0,0,0,0,0,0,0,0,213,2026-02-03 10:49:59.950492
SMMR,25.57,25.57,25.58,2228100.0,2245700.0,,,0,0,0,0,0,0,0,0,0,0,0,0,0,213,2026-02-03 10:49:59.950492
ATMN,24.5,24.19,24.42,2223200.0,2249500.0,,5504.0,0,0,0,0,0,0,0,0,0,0,0,0,0,213,2026-02-03 10:49:59.950492
WNTR,23.86,23.82,23.86,1995500.0,2260700.0,,,0,0,0,0,0,0,0,0,0,0,0,0,0,213,2026-02-03 10:49:59.950492
SPNG,25.78,25.24,25.78,2305200.0,2018800.0,,,0,0,0,0,0,0,0,0,0,0,0,0,0,214,2026-02-03 10:50:00.986796
SMMR,25.42,25.5,25.57,2115200.0,2152200.0,7479.0,7479.0,0,0,0,0,0,0,0,0,0,0,0,0,0,214,2026-02-03 10:50:00.986796
ATMN,24.19,24.19,24.32,2356300.0,2245600.0,,,0,0,0,0,0,0,0,0,0,0,0,0,0,214,2026-02-03 10:50:00.986796
WNTR,23.88,23.88,23.94,2101600.0,2238000.0,,,0,0,0,0,0,0,0,0,0,0,0,0,0,214,2026-02-03 10:50:00.986796
SPNG,25.78,25.25,25.35,6124.0,2170000.0,1896300.0,6124.0,0,0,0,0,0,0,0,0,0,0,0,0,0,215,2026-02-03 10:50:01.516304
SMMR,25.59,25.51,25.56,6124.0,2115200.0,2174300.0,6124.0,0,0,0,0,0,0,0,0,0,0,0,0,0,215,2026-02-03 10:50:01.516304
ATMN,24.32,24.27,24.32,5504.0,2216300.0,2245600.0,,0,0,0,0,0,0,0,0,0,0,0,0,0,215,2026-02-03 10:50:01.516304
WNTR,23.81,23.89,23.93,6124.0,1881400.0,2128600.0,6124.0,0,0,0,0,0,0,0,0,0,0,0,0,0,215,2026-02-03 10:50:01.516304
SPNG,25.35,25.42,25.78,2272600.0,2025000.0,,,0,0,0,0,0,0,0,0,0,0,0,0,0,216,2026-02-03 10:50:02.554317
SMMR,25.61,25.62,25.63,2056000.0,2229400.0,7479.0,,0,0,0,0,0,0,0,0,0,0,0,0,0,216,2026-02-03 10:50:02.554317
ATMN,23.9,23.9,24.32,2387200.0,2245600.0,,,0,0,0,0,0,0,0,0,0,0,0,0,0,216,2026-02-03 10:50:02.554317
WNTR,23.8,23.74,23.79,1765600.0,2133000.0,,6124.0,0,0,0,0,0,0,0,0,0,0,0,0,0,216,2026-02-03 10:50:02.554317
SPNG,24.92,25.0,25.77,2294800.0,5785.0,1912200.0,,0,0,0,0,0,0,0,0,0,0,0,0,0,217,2026-02-03 10:50:03.584975
SMMR,25.62,25.51,25.59,2026600.0,,2246200.0,7479.0,0,0,0,0,0,0,0,0,0,0,0,0,0,217,2026-02-03 10:50:03.584975
ATMN,24.42,24.35,24.42,2368500.0,,2248300.0,,0,0,0,0,0,0,0,0,0,0,0,0,0,217,2026-02-03 10:50:03.584975
WNTR,23.8,23.74,23.79,1874200.0,6124.0,2139500.0,,0,0,0,0,0,0,0,0,0,0,0,0,0,217,2026-02-03 10:50:03.584975
SPNG,24.92,25.3,25.78,2282300.0,2007500.0,,0,0,0,0,0,0,0,0,0,0,0,0,0,0,218,2026-02-03 10:50:04.611384
SMMR,25.63,25.51,25.63,2111300.0,2234900.0,2924.0,0,0,0,0,0,0,0,0,0,0,0,0,0,0,218,2026-02-03 10:50:04.611384
ATMN,24.35,24.35,24.42,2368500.0,2255900.0,,0,0,0,0,0,0,0,0,0,0,0,0,0,0,218,2026-02-03 10:50:04.611384
WNTR,23.79,23.8,23.92,2135600.0,2253300.0,,0,0,0,0,0,0,0,0,0,0,0,0,0,0,218,2026-02-03 10:50:04.611384
SPNG,25.55,25.3,25.55,2282300.0,1872900.0,5785.0,,0,0,0,0,0,0,0,0,0,0,0,0,0,219,2026-02-03 10:50:05.643589
SMMR,25.5,25.42,25.47,2193700.0,2237400.0,,,0,0,0,0,0,0,0,0,0,0,0,0,0,219,2026-02-03 10:50:05.643589
ATMN,24.46,24.35,24.46,2364100.0,2236900.0,,,0,0,0,0,0,0,0,0,0,0,0,0,0,219,2026-02-03 10:50:05.643589
WNTR,23.97,23.81,23.91,2165700.0,2152600.0,5186.0,5186.0,0,0,0,0,0,0,0,0,0,0,0,0,0,219,2026-02-03 10:50:05.643589
SPNG,24.87,25.4,25.55,2327200.0,1867300.0,5785.0,0,0,0,0,0,0,0,0,0,0,0,0,0,0,220,2026-02-03 10:50:06.673344
SMMR,25.5,25.42,25.47,2222600.0,2257100.0,,0,0,0,0,0,0,0,0,0,0,0,0,0,0,220,2026-02-03 10:50:06.673344
ATMN,24.0,24.0,24.45,2372700.0,2144600.0,6053.0,0,0,0,0,0,0,0,0,0,0,0,0,0,0,220,2026-02-03 10:50:06.673344
WNTR,23.83,23.8,23.83,2269900.0,2278900.0,,0,0,0,0,0,0,0,0,0,0,0,0,0,0,220,2026-02-03 10:50:06.673344
SPNG,25.57,25.4,25.55,2326200.0,5785.0,1866400.0,0,0,0,0,0,0,0,0,0,0,0,0,0,0,221,2026-02-03 10:50:07.774304
SMMR,25.47,25.52,25.63,2188900.0,,2249400.0,0,0,0,0,0,0,0,0,0,0,0,0,0,0,221,2026-02-03 10:50:07.774304
ATMN,24.0,24.18,24.46,2300800.0,6053.0,2144600.0,0,0,0,0,0,0,0,0,0,0,0,0,0,0,221,2026-02-03 10:50:07.774304
WNTR,23.83,23.82,23.83,2273000.0,4455.0,2144200.0,0,0,0,0,0,0,0,0,0,0,0,0,0,0,221,2026-02-03 10:50:07.774304
SPNG,24.79,25.14,25.57,2342200.0,1980500.0,,0,0,0,0,0,0,0,0,0,0,0,0,0,0,222,2026-02-03 10:50:08.834606
SMMR,25.47,25.52,25.56,2051900.0,2280800.0,3426.0,0,0,0,0,0,0,0,0,0,0,0,0,0,0,222,2026-02-03 10:50:08.834606
ATMN,24.0,24.38,24.46,2327700.0,2263100.0,,0,0,0,0,0,0,0,0,0,0,0,0,0,0,222,2026-02-03 10:50:08.834606
WNTR,23.95,23.8,23.95,2300000.0,2273300.0,,0,0,0,0,0,0,0,0,0,0,0,0,0,0,222,2026-02-03 10:50:08.834606
SPNG,25.79,25.14,25.79,2342200.0,2002400.0,,,0,0,0,0,0,0,0,0,0,0,0,0,0,223,2026-02-03 10:50:09.911113
SMMR,25.39,25.43,25.55,2098500.0,2163100.0,4940.0,4940.0,0,0,0,0,0,0,0,0,0,0,0,0,0,223,2026-02-03 10:50:09.911113
ATMN,24.54,24.47,24.49,2249500.0,2134000.0,4940.0,4940.0,0,0,0,0,0,0,0,0,0,0,0,0,0,223,2026-02-03 10:50:09.911113
WNTR,23.78,23.78,23.95,2276500.0,2273300.0,,,0,0,0,0,0,0,0,0,0,0,0,0,0,223,2026-02-03 10:50:09.911113
SPNG,25.47,25.68,25.79,2167600.0,5151.0,2002400.0,,0,0,0,0,0,0,0,0,0,0,0,0,0,224,2026-02-03 10:50:10.960062
SMMR,25.6,25.45,25.53,2092700.0,5151.0,2159300.0,5151.0,0,0,0,0,0,0,0,0,0,0,0,0,0,224,2026-02-03 10:50:10.960062
ATMN,24.38,24.38,24.43,2364200.0,,2146600.0,4940.0,0,0,0,0,0,0,0,0,0,0,0,0,0,224,2026-02-03 10:50:10.960062
WNTR,23.78,23.75,23.76,2276600.0,,2154200.0,4455.0,0,0,0,0,0,0,0,0,0,0,0,0,0,224,2026-02-03 10:50:10.960062
SPNG,25.14,25.14,25.55,2171100.0,5151.0,1988900.0,0,0,0,0,0,0,0,0,0,0,0,0,0,0,225,2026-02-03 10:50:11.997229
SMMR,25.6,25.44,25.53,2197200.0,,2283600.0,0,0,0,0,0,0,0,0,0,0,0,0,0,0,225,2026-02-03 10:50:11.997229
ATMN,24.56,24.32,24.56,2328200.0,,2225100.0,0,0,0,0,0,0,0,0,0,0,0,0,0,0,225,2026-02-03 10:50:11.997229
WNTR,23.74,23.74,23.76,2260200.0,,2281400.0,0,0,0,0,0,0,0,0,0,0,0,0,0,0,225,2026-02-03 10:50:11.997229
SPNG,25.55,25.27,25.55,2275900.0,1988900.0,0,0,0,0,0,0,0,0,0,0,0,0,0,0,0,226,2026-02-03 10:50:13.038512
SMMR,25.6,25.44,25.53,2230200.0,2252700.0,0,0,0,0,0,0,0,0,0,0,0,0,0,0,0,226,2026-02-03 10:50:13.038512
ATMN,24.48,24.48,24.56,2334300.0,2225100.0,0,0,0,0,0,0,0,0,0,0,0,0,0,0,0,226,2026-02-03 10:50:13.038512
WNTR,23.97,23.72,23.97,2287500.0,2281600.0,0,0,0,0,0,0,0,0,0,0,0,0,0,0,0,226,2026-02-03 10:50:13.038512
SPNG,25.79,25.85,25.86,2125900.0,5151.0,2026500.0,,0,0,0,0,0,0,0,0,0,0,0,0,0,227,2026-02-03 10:50:14.073451
SMMR,25.6,25.44,25.53,2128500.0,6400.0,2252700.0,,0,0,0,0,0,0,0,0,0,0,0,0,0,227,2026-02-03 10:50:14.073451
ATMN,24.57,24.5,24.57,2237500.0,4612.0,2172300.0,,0,0,0,0,0,0,0,0,0,0,0,0,0,227,2026-02-03 10:50:14.073451
WNTR,23.92,23.92,23.96,2131100.0,4612.0,2154200.0,4612.0,0,0,0,0,0,0,0,0,0,0,0,0,0,227,2026-02-03 10:50:14.073451
SPNG,25.45,25.85,25.86,5151.0,2151000.0,2019600.0,,0,0,0,0,0,0,0,0,0,0,0,0,0,228,2026-02-03 10:50:14.609397
SMMR,25.44,25.4,25.43,,2208600.0,2254000.0,,0,0,0,0,0,0,0,0,0,0,0,0,0,228,2026-02-03 10:50:14.609397
ATMN,24.57,24.5,24.57,10338.0,2138000.0,2188700.0,,0,0,0,0,0,0,0,0,0,0,0,0,0,228,2026-02-03 10:50:14.609397
WNTR,23.92,23.77,23.86,,2246700.0,2121700.0,2027.0,0,0,0,0,0,0,0,0,0,0,0,0,0,228,2026-02-03 10:50:14.609397
SPNG,25.45,25.27,25.36,2275900.0,2006600.0,,0,0,0,0,0,0,0,0,0,0,0,0,0,0,229,2026-02-03 10:50:15.642077
SMMR,25.56,25.44,25.56,2236300.0,2257700.0,,0,0,0,0,0,0,0,0,0,0,0,0,0,0,229,2026-02-03 10:50:15.642077
ATMN,24.59,24.18,24.59,2309900.0,2160900.0,,0,0,0,0,0,0,0,0,0,0,0,0,0,0,229,2026-02-03 10:50:15.642077
WNTR,23.92,23.81,23.86,2142100.0,2240800.0,2585.0,0,0,0,0,0,0,0,0,0,0,0,0,0,0,229,2026-02-03 10:50:15.642077
SPNG,25.52,25.52,25.86,2093100.0,6108.0,2022000.0,,0,0,0,0,0,0,0,0,0,0,0,0,0,230,2026-02-03 10:50:16.674432
SMMR,25.57,25.46,25.51,2135100.0,6108.0,2158800.0,6108.0,0,0,0,0,0,0,0,0,0,0,0,0,0,230,2026-02-03 10:50:16.674432
ATMN,24.59,24.38,24.59,2205600.0,5566.0,2160900.0,,0,0,0,0,0,0,0,0,0,0,0,0,0,230,2026-02-03 10:50:16.674432
WNTR,23.9,23.7,23.85,2164900.0,6108.0,2138600.0,6108.0,0,0,0,0,0,0,0,0,0,0,0,0,0,230,2026-02-03 10:50:16.674432
SPNG,25.52,25.27,25.3,2246800.0,1998100.0,,0,0,0,0,0,0,0,0,0,0,0,0,0,0,231,2026-02-03 10:50:17.713268
SMMR,25.45,25.45,25.57,2268200.0,2270200.0,,0,0,0,0,0,0,0,0,0,0,0,0,0,0,231,2026-02-03 10:50:17.713268
ATMN,24.61,24.38,24.61,2231100.0,2162700.0,5566.0,0,0,0,0,0,0,0,0,0,0,0,0,0,0,231,2026-02-03 10:50:17.713268
WNTR,23.9,23.93,24.0,2290200.0,2245000.0,,0,0,0,0,0,0,0,0,0,0,0,0,0,0,231,2026-02-03 10:50:17.713268
SPNG,25.44,25.51,25.86,2200100.0,1997700.0,0,0,0,0,0,0,0,0,0,0,0,0,0,0,0,232,2026-02-03 10:50:18.771306
SMMR,25.44,25.44,25.52,2252600.0,2286500.0,0,0,0,0,0,0,0,0,0,0,0,0,0,0,0,232,2026-02-03 10:50:18.771306
ATMN,24.61,24.38,24.45,2361500.0,2167600.0,0,0,0,0,0,0,0,0,0,0,0,0,0,0,0,232,2026-02-03 10:50:18.771306
WNTR,23.74,23.74,23.97,2297300.0,2187800.0,0,0,0,0,0,0,0,0,0,0,0,0,0,0,0,232,2026-02-03 10:50:18.771306
SPNG,25.71,25.51,25.71,2080800.0,4581.0,1955200.0,,0,0,0,0,0,0,0,0,0,0,0,0,0,233,2026-02-03 10:50:19.824435
SMMR,25.57,25.47,25.57,2164700.0,4963.0,2250000.0,,0,0,0,0,0,0,0,0,0,0,0,0,0,233,2026-02-03 10:50:19.824435
ATMN,24.45,24.6,24.61,2224600.0,5566.0,2162700.0,,0,0,0,0,0,0,0,0,0,0,0,0,0,233,2026-02-03 10:50:19.824435
WNTR,23.92,23.92,23.96,2148400.0,4963.0,2060600.0,4963.0,0,0,0,0,0,0,0,0,0,0,0,0,0,233,2026-02-03 10:50:19.824435
SPNG,25.71,25.51,25.71,2083600.0,4581.0,1955200.0,0,0,0,0,0,0,0,0,0,0,0,0,0,0,234,2026-02-03 10:50:20.876390
SMMR,25.58,25.47,25.58,2164700.0,4963.0,2268700.0,0,0,0,0,0,0,0,0,0,0,0,0,0,0,234,2026-02-03 10:50:20.876390
ATMN,24.45,24.6,24.61,2193900.0,5566.0,2168300.0,0,0,0,0,0,0,0,0,0,0,0,0,0,0,234,2026-02-03 10:50:20.876390
