ticker,last_price,bid_price,ask_price,BUY_ANON,SELL_ANON,BUY_WRSW-1,BUY_BRCH-1,BUY_LAVL-1,SELL_CALG-1,SELL_GIOT-3,SELL_LAVL-1,BUY_GIOT-3,SELL_WRSW-1,BUY_WRSW-3,SELL_WRSW-3,SELL_COLA-1,BUY_CALG-1,BUY_COLA-1,SELL_BRCH-1,SELL_LUIS-1,BUY_LUIS-1,tick,timestamp
SPNG,0.0,0.0,0.0,2204900.0,1903900.0,0,0,0,0,0,0,0,0,0,0,0,0,0,0,0,0,0,2026-02-04 19:26:54.610139
SMMR,0.0,0.0,0.0,1994300.0,1782700.0,0,0,0,0,0,0,0,0,0,0,0,0,0,0,0,0,0,2026-02-04 19:26:54.610139
ATMN,0.0,0.0,0.0,2175500.0,2028000.0,0,0,0,0,0,0,0,0,0,0,0,0,0,0,0,0,0,2026-02-04 19:26:54.610139
WNTR,0.0,0.0,0.0,1981500.0,2066600.0,0,0,0,0,0,0,0,0,0,0,0,0,0,0,0,0,0,2026-02-04 19:26:54.610139
SPNG,25.1,25.43,25.49,2205300.0,2002400.0,0,0,0,0,0,0,0,0,0,0,0,0,0,0,0,0,1,2026-02-04 19:26:55.218723,2.0,1.0,1.0,,Aggregate Position Limit,Your CRO has set the aggregate position limit to 13000 shares for this week.
SMMR,24.98,24.98,0.0,1994300.0,2004600.0,0,0,0,0,0,0,0,0,0,0,0,0,0,0,0,0,1,2026-02-04 19:26:55.218723,1.0,1.0,1.0,,Welcome to the RITC 2026 Alogithmic Market Making Case - practice server,
ATMN,0.0,24.99,0.0,2176500.0,2112700.0,0,0,0,0,0,0,0,0,0,0,0,0,0,0,0,0,1,2026-02-04 19:26:55.218723,,,,,,
WNTR,0.0,0.0,24.92,1983600.0,2085600.0,0,0,0,0,0,0,0,0,0,0,0,0,0,0,0,0,1,2026-02-04 19:26:55.218723,,,,,,
SPNG,24.85,24.85,25.49,2195000.0,2002400.0,0,0,0,0,0,0,0,0,0,0,0,0,0,0,0,0,2,2026-02-04 19:26:56.328442
SMMR,24.98,24.98,25.0,1988800.0,2089700.0,0,0,0,0,0,0,0,0,0,0,0,0,0,0,0,0,2,2026-02-04 19:26:56.328442
ATMN,24.97,24.97,25.04,2175500.0,2077300.0,0,0,0,0,0,0,0,0,0,0,0,0,0,0,0,0,2,2026-02-04 19:26:56.328442
WNTR,24.92,24.87,24.92,2015400.0,2085600.0,0,0,0,0,0,0,0,0,0,0,0,0,0,0,0,0,2,2026-02-04 19:26:56.328442
SPNG,24.63,24.64,25.49,2170100.0,2002400.0,0,0,0,0,0,0,0,0,0,0,0,0,0,0,0,0,3,2026-02-04 19:26:57.423783
SMMR,24.95,24.95,25.0,1995200.0,2096100.0,0,0,0,0,0,0,0,0,0,0,0,0,0,0,0,0,3,2026-02-04 19:26:57.423783
ATMN,25.03,24.97,25.03,2175500.0,2045700.0,0,0,0,0,0,0,0,0,0,0,0,0,0,0,0,0,3,2026-02-04 19:26:57.423783
WNTR,25.09,24.87,24.91,2015400.0,2056700.0,0,0,0,0,0,0,0,0,0,0,0,0,0,0,0,0,3,2026-02-04 19:26:57.423783
SPNG,25.53,24.71,25.17,2200300.0,2108400.0,0,0,0,0,0,0,0,0,0,0,0,0,0,0,0,0,4,2026-02-04 19:26:58.489349
SMMR,25.08,25.09,25.13,2027100.0,1861000.0,0,0,0,0,0,0,0,0,0,0,0,0,0,0,0,0,4,2026-02-04 19:26:58.489349
ATMN,24.69,24.69,25.01,2082500.0,2057600.0,0,0,0,0,0,0,0,0,0,0,0,0,0,0,0,0,4,2026-02-04 19:26:58.489349
WNTR,24.87,24.88,24.91,2086700.0,2056700.0,0,0,0,0,0,0,0,0,0,0,0,0,0,0,0,0,4,2026-02-04 19:26:58.489349
SPNG,24.71,24.64,24.65,2199300.0,2144100.0,0,0,0,0,0,0,0,0,0,0,0,0,0,0,0,0,5,2026-02-04 19:26:59.534906
SMMR,25.02,25.02,25.1,2028500.0,2059200.0,0,0,0,0,0,0,0,0,0,0,0,0,0,0,0,0,5,2026-02-04 19:26:59.534906
ATMN,25.04,24.99,25.04,2186900.0,2075700.0,0,0,0,0,0,0,0,0,0,0,0,0,0,0,0,0,5,2026-02-04 19:26:59.534906
WNTR,25.09,25.05,25.09,2071300.0,2062600.0,0,0,0,0,0,0,0,0,0,0,0,0,0,0,0,0,5,2026-02-04 19:26:59.534906
SPNG,24.65,24.64,24.65,2268400.0,2144100.0,0,0,0,0,0,0,0,0,0,0,0,0,0,0,0,0,6,2026-02-04 19:27:00.587924
SMMR,24.88,24.88,25.13,2005200.0,2054500.0,0,0,0,0,0,0,0,0,0,0,0,0,0,0,0,0,6,2026-02-04 19:27:00.587924
ATMN,24.69,24.67,24.69,2117800.0,2089900.0,0,0,0,0,0,0,0,0,0,0,0,0,0,0,0,0,6,2026-02-04 19:27:00.587924
WNTR,25.16,25.05,25.16,2071300.0,2060200.0,0,0,0,0,0,0,0,0,0,0,0,0,0,0,0,0,6,2026-02-04 19:27:00.587924
SPNG,25.17,25.41,25.53,2233300.0,2137700.0,0,0,0,0,0,0,0,0,0,0,0,0,0,0,0,0,7,2026-02-04 19:27:01.667573
SMMR,24.89,24.94,24.97,2022700.0,2093000.0,0,0,0,0,0,0,0,0,0,0,0,0,0,0,0,0,7,2026-02-04 19:27:01.667573
ATMN,24.69,24.9,25.05,2197800.0,2084900.0,0,0,0,0,0,0,0,0,0,0,0,0,0,0,0,0,7,2026-02-04 19:27:01.667573
WNTR,24.88,24.88,24.92,2073000.0,2048500.0,0,0,0,0,0,0,0,0,0,0,0,0,0,0,0,0,7,2026-02-04 19:27:01.667573
SPNG,24.8,24.8,25.53,2266000.0,2172700.0,0,0,0,0,0,0,0,0,0,0,0,0,0,0,0,0,8,2026-02-04 19:27:02.748157
SMMR,24.97,24.94,24.97,2016900.0,2091000.0,0,0,0,0,0,0,0,0,0,0,0,0,0,0,0,0,8,2026-02-04 19:27:02.748157
ATMN,24.69,24.69,25.05,2197000.0,2084900.0,0,0,0,0,0,0,0,0,0,0,0,0,0,0,0,0,8,2026-02-04 19:27:02.748157
WNTR,24.96,24.88,24.96,2082700.0,2044900.0,0,0,0,0,0,0,0,0,0,0,0,0,0,0,0,0,8,2026-02-04 19:27:02.748157
SPNG,24.8,24.89,24.91,2212300.0,2188500.0,0,0,0,0,0,0,0,0,0,0,0,0,0,0,0,0,9,2026-02-04 19:27:03.284433
SMMR,24.94,24.94,24.97,2016900.0,2061100.0,0,0,0,0,0,0,0,0,0,0,0,0,0,0,0,0,9,2026-02-04 19:27:03.284433
ATMN,25.08,24.69,25.08,2197000.0,2106500.0,0,0,0,0,0,0,0,0,0,0,0,0,0,0,0,0,9,2026-02-04 19:27:03.284433
WNTR,24.96,24.88,24.96,2073200.0,2036900.0,0,0,0,0,0,0,0,0,0,0,0,0,0,0,0,0,9,2026-02-04 19:27:03.284433
SPNG,24.91,24.89,24.91,2228500.0,2205100.0,0,0,0,0,0,0,0,0,0,0,0,0,0,0,0,0,10,2026-02-04 19:27:04.344867
SMMR,24.88,24.81,24.87,2008300.0,2052800.0,0,0,0,0,0,0,0,0,0,0,0,0,0,0,0,0,10,2026-02-04 19:27:04.344867
ATMN,24.91,24.69,24.91,2207400.0,2077500.0,0,0,0,0,0,0,0,0,0,0,0,0,0,0,0,0,10,2026-02-04 19:27:04.344867
WNTR,24.96,24.88,24.9,2073200.0,2045500.0,0,0,0,0,0,0,0,0,0,0,0,0,0,0,0,0,10,2026-02-04 19:27:04.344867
SPNG,24.87,24.87,25.02,2229000.0,2192400.0,0,0,0,0,0,0,0,0,0,0,0,0,0,0,0,0,11,2026-02-04 19:27:05.411750
SMMR,25.06,24.81,25.06,2012800.0,2030000.0,0,0,0,0,0,0,0,0,0,0,0,0,0,0,0,0,11,2026-02-04 19:27:05.411750
ATMN,24.69,24.78,24.91,2199900.0,2077500.0,0,0,0,0,0,0,0,0,0,0,0,0,0,0,0,0,11,2026-02-04 19:27:05.411750
WNTR,24.9,24.87,24.9,2104600.0,2045500.0,0,0,0,0,0,0,0,0,0,0,0,0,0,0,0,0,11,2026-02-04 19:27:05.411750
SPNG,25.02,25.42,25.53,2224300.0,2172700.0,0,0,0,0,0,0,0,0,0,0,0,0,0,0,0,0,12,2026-02-04 19:27:06.474307
SMMR,24.87,24.88,25.06,2057300.0,2030000.0,0,0,0,0,0,0,0,0,0,0,0,0,0,0,0,0,12,2026-02-04 19:27:06.474307
ATMN,24.69,24.9,24.91,2190500.0,2078100.0,0,0,0,0,0,0,0,0,0,0,0,0,0,0,0,0,12,2026-02-04 19:27:06.474307
WNTR,24.85,24.85,24.9,2053600.0,2047900.0,0,0,0,0,0,0,0,0,0,0,0,0,0,0,0,0,12,2026-02-04 19:27:06.474307
SPNG,24.84,24.84,25.53,2241100.0,2187700.0,0,0,0,0,0,0,0,0,0,0,0,0,0,0,0,0,13,2026-02-04 19:27:07.510178
SMMR,24.81,25.05,25.06,2042200.0,2026900.0,0,0,0,0,0,0,0,0,0,0,0,0,0,0,0,0,13,2026-02-04 19:27:07.510178
ATMN,24.91,25.05,25.08,2238100.0,2096200.0,0,0,0,0,0,0,0,0,0,0,0,0,0,0,0,0,13,2026-02-04 19:27:07.510178
WNTR,24.84,24.84,24.9,2052200.0,2042900.0,0,0,0,0,0,0,0,0,0,0,0,0,0,0,0,0,13,2026-02-04 19:27:07.510178
SPNG,24.64,24.64,25.53,2268400.0,2208500.0,0,0,0,0,0,0,0,0,0,0,0,0,0,0,0,0,14,2026-02-04 19:27:08.554370
SMMR,25.05,25.05,25.06,2042200.0,2007900.0,0,0,0,0,0,0,0,0,0,0,0,0,0,0,0,0,14,2026-02-04 19:27:08.554370
ATMN,25.05,25.05,25.08,2238100.0,2061800.0,0,0,0,0,0,0,0,0,0,0,0,0,0,0,0,0,14,2026-02-04 19:27:08.554370
WNTR,24.84,24.84,24.98,2068100.0,2050400.0,0,0,0,0,0,0,0,0,0,0,0,0,0,0,0,0,14,2026-02-04 19:27:08.554370
SPNG,24.92,24.64,24.92,2249700.0,2229100.0,0,0,0,0,0,0,0,0,0,0,0,0,0,0,0,0,15,2026-02-04 19:27:09.609944
SMMR,24.8,24.8,25.06,2050700.0,2007900.0,0,0,0,0,0,0,0,0,0,0,0,0,0,0,0,0,15,2026-02-04 19:27:09.609944
ATMN,25.08,24.78,24.88,2221000.0,2065100.0,0,0,0,0,0,0,0,0,0,0,0,0,0,0,0,0,15,2026-02-04 19:27:09.609944
WNTR,24.98,24.83,24.98,2083700.0,2050400.0,0,0,0,0,0,0,0,0,0,0,0,0,0,0,0,0,15,2026-02-04 19:27:09.609944
SPNG,24.92,25.25,25.51,2231800.0,2181700.0,0,0,0,0,0,0,0,0,0,0,0,0,0,0,0,0,16,2026-02-04 19:27:10.647659
SMMR,25.12,24.82,25.12,2050900.0,2034500.0,0,0,0,0,0,0,0,0,0,0,0,0,0,0,0,0,16,2026-02-04 19:27:10.647659
ATMN,25.05,24.78,24.9,2221000.0,2086200.0,0,0,0,0,0,0,0,0,0,0,0,0,0,0,0,0,16,2026-02-04 19:27:10.647659
WNTR,24.8,24.8,24.98,2026500.0,2050400.0,0,0,0,0,0,0,0,0,0,0,0,0,0,0,0,0,16,2026-02-04 19:27:10.647659
SPNG,24.64,24.64,24.95,2216700.0,2194400.0,0,0,0,0,0,0,0,0,0,0,0,0,0,0,0,0,17,2026-02-04 19:27:11.704693
SMMR,25.14,24.98,25.14,2080000.0,2056900.0,0,0,0,0,0,0,0,0,0,0,0,0,0,0,0,0,17,2026-02-04 19:27:11.704693
ATMN,24.72,24.72,24.97,2236000.0,2072200.0,0,0,0,0,0,0,0,0,0,0,0,0,0,0,0,0,17,2026-02-04 19:27:11.704693
WNTR,24.8,24.92,24.98,1979900.0,2050400.0,0,0,0,0,0,0,0,0,0,0,0,0,0,0,0,0,17,2026-02-04 19:27:11.704693
SPNG,25.31,24.64,25.31,2238000.0,2208300.0,0,0,0,0,0,0,0,0,0,0,0,0,0,0,0,0,18,2026-02-04 19:27:12.759563
SMMR,24.91,24.91,25.16,2079700.0,2052300.0,0,0,0,0,0,0,0,0,0,0,0,0,0,0,0,0,18,2026-02-04 19:27:12.759563
ATMN,24.72,24.9,24.97,2206700.0,2050300.0,0,0,0,0,0,0,0,0,0,0,0,0,0,0,0,0,18,2026-02-04 19:27:12.759563
WNTR,24.86,24.86,24.98,1981600.0,2038300.0,0,0,0,0,0,0,0,0,0,0,0,0,0,0,0,0,18,2026-02-04 19:27:12.759563
SPNG,25.31,24.7,25.17,2250800.0,2208300.0,0,0,0,0,0,0,0,0,0,0,0,0,0,0,0,0,19,2026-02-04 19:27:13.326611
SMMR,24.8,24.78,25.16,2030000.0,2052300.0,0,0,0,0,0,0,0,0,0,0,0,0,0,0,0,0,19,2026-02-04 19:27:13.326611
ATMN,24.97,24.9,24.97,2206700.0,2050300.0,0,0,0,0,0,0,0,0,0,0,0,0,0,0,0,0,19,2026-02-04 19:27:13.326611
WNTR,24.86,24.86,24.98,1981600.0,2030600.0,0,0,0,0,0,0,0,0,0,0,0,0,0,0,0,0,19,2026-02-04 19:27:13.326611
SPNG,24.7,24.7,24.77,2253200.0,2221400.0,0,0,0,0,0,0,0,0,0,0,0,0,0,0,0,0,20,2026-02-04 19:27:14.421344
SMMR,25.16,24.9,25.16,2059500.0,2052300.0,0,0,0,0,0,0,0,0,0,0,0,0,0,0,0,0,20,2026-02-04 19:27:14.421344
ATMN,24.97,24.9,24.97,2212000.0,2035200.0,0,0,0,0,0,0,0,0,0,0,0,0,0,0,0,0,20,2026-02-04 19:27:14.421344
WNTR,24.77,24.77,24.98,1963500.0,2030600.0,0,0,0,0,0,0,0,0,0,0,0,0,0,0,0,0,20,2026-02-04 19:27:14.421344
SPNG,24.77,24.7,24.77,2296500.0,2221400.0,0,0,0,0,0,0,0,0,0,0,0,0,0,0,0,0,21,2026-02-04 19:27:15.455535
SMMR,24.9,24.81,24.85,2084800.0,2070200.0,0,0,0,0,0,0,0,0,0,0,0,0,0,0,0,0,21,2026-02-04 19:27:15.455535
ATMN,24.78,24.82,24.95,2234100.0,2054100.0,0,0,0,0,0,0,0,0,0,0,0,0,0,0,0,0,21,2026-02-04 19:27:15.455535
WNTR,24.73,24.73,24.98,2012400.0,2030600.0,0,0,0,0,0,0,0,0,0,0,0,0,0,0,0,0,21,2026-02-04 19:27:15.455535
SPNG,24.77,24.83,25.17,2315800.0,2208300.0,0,0,0,0,0,0,0,0,0,0,0,0,0,0,0,0,22,2026-02-04 19:27:16.495530
SMMR,25.04,24.82,25.04,2085400.0,2058700.0,0,0,0,0,0,0,0,0,0,0,0,0,0,0,0,0,22,2026-02-04 19:27:16.495530
ATMN,24.87,24.9,24.95,2240600.0,2038000.0,0,0,0,0,0,0,0,0,0,0,0,0,0,0,0,0,22,2026-02-04 19:27:16.495530
WNTR,24.7,24.87,24.97,2015000.0,2049600.0,0,0,0,0,0,0,0,0,0,0,0,0,0,0,0,0,22,2026-02-04 19:27:16.495530
SPNG,25.3,24.83,25.03,2315800.0,2229700.0,0,0,0,0,0,0,0,0,0,0,0,0,0,0,0,0,23,2026-02-04 19:27:17.533932
SMMR,25.17,24.83,24.97,2084900.0,2046400.0,0,0,0,0,0,0,0,0,0,0,0,0,0,0,0,0,23,2026-02-04 19:27:17.533932
ATMN,24.95,24.82,24.95,2246500.0,2038000.0,0,0,0,0,0,0,0,0,0,0,0,0,0,0,0,0,23,2026-02-04 19:27:17.533932
WNTR,24.97,24.87,24.97,2032100.0,2017100.0,0,0,0,0,0,0,0,0,0,0,0,0,0,0,0,0,23,2026-02-04 19:27:17.533932
SPNG,25.03,24.83,25.03,2315800.0,2220400.0,0,0,0,0,0,0,0,0,0,0,0,0,0,0,0,0,24,2026-02-04 19:27:18.564007
SMMR,24.82,24.82,25.17,2085400.0,2051900.0,0,0,0,0,0,0,0,0,0,0,0,0,0,0,0,0,24,2026-02-04 19:27:18.564007
ATMN,24.95,24.82,24.95,2219400.0,2070700.0,0,0,0,0,0,0,0,0,0,0,0,0,0,0,0,0,24,2026-02-04 19:27:18.564007
WNTR,24.99,24.87,24.99,2032100.0,2013400.0,0,0,0,0,0,0,0,0,0,0,0,0,0,0,0,0,24,2026-02-04 19:27:18.564007
SPNG,24.7,24.7,25.03,2302300.0,2236900.0,0,0,0,0,0,0,0,0,0,0,0,0,0,0,0,0,25,2026-02-04 19:27:19.602780
SMMR,24.81,24.81,24.94,2073500.0,2060700.0,0,0,0,0,0,0,0,0,0,0,0,0,0,0,0,0,25,2026-02-04 19:27:19.602780
ATMN,24.97,24.72,24.97,2187800.0,2050400.0,0,0,0,0,0,0,0,0,0,0,0,0,0,0,0,0,25,2026-02-04 19:27:19.602780
WNTR,25.0,24.75,24.81,2035400.0,2023200.0,0,0,0,0,0,0,0,0,0,0,0,0,0,0,0,0,25,2026-02-04 19:27:19.602780
SPNG,25.13,24.7,25.02,2302300.0,2267400.0,0,0,0,0,0,0,0,0,0,0,0,0,0,0,0,0,26,2026-02-04 19:27:20.634928
SMMR,24.81,24.81,24.94,2045700.0,2060700.0,0,0,0,0,0,0,0,0,0,0,0,0,0,0,0,0,26,2026-02-04 19:27:20.634928
ATMN,24.72,24.72,25.02,2203600.0,2068500.0,0,0,0,0,0,0,0,0,0,0,0,0,0,0,0,0,26,2026-02-04 19:27:20.634928
WNTR,24.7,24.7,25.0,2031000.0,2017000.0,0,0,0,0,0,0,0,0,0,0,0,0,0,0,0,0,26,2026-02-04 19:27:20.634928
SPNG,24.64,24.64,25.02,2314200.0,2267400.0,0,0,0,0,0,0,0,0,0,0,0,0,0,0,0,0,27,2026-02-04 19:27:21.676979
SMMR,24.94,24.9,24.94,2063500.0,2060700.0,0,0,0,0,0,0,0,0,0,0,0,0,0,0,0,0,27,2026-02-04 19:27:21.676979
ATMN,24.72,24.72,24.74,2183200.0,2070900.0,0,0,0,0,0,0,0,0,0,0,0,0,0,0,0,0,27,2026-02-04 19:27:21.676979
WNTR,24.7,24.7,24.94,2031000.0,2039800.0,0,0,0,0,0,0,0,0,0,0,0,0,0,0,0,0,27,2026-02-04 19:27:21.676979
SPNG,24.83,24.77,24.83,2320500.0,2273900.0,0,0,0,0,0,0,0,0,0,0,0,0,0,0,0,0,28,2026-02-04 19:27:22.710417
SMMR,24.94,25.06,25.17,2044700.0,2051900.0,0,0,0,0,0,0,0,0,0,0,0,0,0,0,0,0,28,2026-02-04 19:27:22.710417
ATMN,24.8,24.72,24.8,2180800.0,2090000.0,0,0,0,0,0,0,0,0,0,0,0,0,0,0,0,0,28,2026-02-04 19:27:22.710417
WNTR,24.79,24.79,24.93,2045400.0,2045600.0,0,0,0,0,0,0,0,0,0,0,0,0,0,0,0,0,28,2026-02-04 19:27:22.710417
SPNG,24.83,24.93,25.02,2363900.0,2259400.0,0,0,0,0,0,0,0,0,0,0,0,0,0,0,0,0,29,2026-02-04 19:27:23.794099
SMMR,24.97,24.83,24.88,2039900.0,2044500.0,0,0,0,0,0,0,0,0,0,0,0,0,0,0,0,0,29,2026-02-04 19:27:23.794099
ATMN,24.8,24.75,24.8,2178100.0,2062900.0,0,0,0,0,0,0,0,0,0,0,0,0,0,0,0,0,29,2026-02-04 19:27:23.794099
WNTR,24.79,24.9,24.93,2026600.0,2017600.0,0,0,0,0,0,0,0,0,0,0,0,0,0,0,0,0,29,2026-02-04 19:27:23.794099
SPNG,25.15,24.91,25.15,2368300.0,2220600.0,0,0,0,0,0,0,0,0,0,0,0,0,0,0,0,0,30,2026-02-04 19:27:24.859723
SMMR,24.88,24.83,24.88,2054100.0,2044500.0,0,0,0,0,0,0,0,0,0,0,0,0,0,0,0,0,30,2026-02-04 19:27:24.859723
ATMN,24.75,24.75,24.8,2207800.0,2062900.0,0,0,0,0,0,0,0,0,0,0,0,0,0,0,0,0,30,2026-02-04 19:27:24.859723
WNTR,24.79,24.9,24.93,2029600.0,2033400.0,0,0,0,0,0,0,0,0,0,0,0,0,0,0,0,0,30,2026-02-04 19:27:24.859723
SPNG,25.15,24.91,25.15,2368300.0,2246600.0,0,0,0,0,0,0,0,0,0,0,0,0,0,0,0,0,31,2026-02-04 19:27:25.899261
SMMR,24.97,24.99,25.17,2084100.0,2056900.0,0,0,0,0,0,0,0,0,0,0,0,0,0,0,0,0,31,2026-02-04 19:27:25.899261
ATMN,24.8,24.84,24.97,2206900.0,2076000.0,0,0,0,0,0,0,0,0,0,0,0,0,0,0,0,0,31,2026-02-04 19:27:25.899261
WNTR,24.79,24.9,24.93,2038800.0,2023100.0,0,0,0,0,0,0,0,0,0,0,0,0,0,0,0,0,31,2026-02-04 19:27:25.899261
SPNG,24.77,24.77,25.15,2354500.0,2255700.0,0,0,0,0,0,0,0,0,0,0,0,0,0,0,0,0,32,2026-02-04 19:27:26.436318
SMMR,24.98,24.98,25.06,2075200.0,2050100.0,0,0,0,0,0,0,0,0,0,0,0,0,0,0,0,0,32,2026-02-04 19:27:26.436318
ATMN,24.97,24.91,24.97,2198400.0,2076000.0,0,0,0,0,0,0,0,0,0,0,0,0,0,0,0,0,32,2026-02-04 19:27:26.436318
WNTR,24.79,24.9,24.92,2038800.0,2066400.0,0,0,0,0,0,0,0,0,0,0,0,0,0,0,0,0,32,2026-02-04 19:27:26.436318
SPNG,24.77,24.77,24.89,2354500.0,2309600.0,0,0,0,0,0,0,0,0,0,0,0,0,0,0,0,0,33,2026-02-04 19:27:27.478695
SMMR,24.83,24.83,25.06,2054100.0,2098400.0,0,0,0,0,0,0,0,0,0,0,0,0,0,0,0,0,33,2026-02-04 19:27:27.478695
ATMN,24.97,24.91,24.94,2198400.0,2119600.0,0,0,0,0,0,0,0,0,0,0,0,0,0,0,0,0,33,2026-02-04 19:27:27.478695
WNTR,24.92,24.83,24.92,2036800.0,2049900.0,0,0,0,0,0,0,0,0,0,0,0,0,0,0,0,0,33,2026-02-04 19:27:27.478695
SPNG,24.64,24.68,24.99,2339200.0,2304500.0,0,0,0,0,0,0,0,0,0,0,0,0,0,0,0,0,34,2026-02-04 19:27:28.529666
SMMR,25.19,24.95,25.19,2060200.0,2097400.0,0,0,0,0,0,0,0,0,0,0,0,0,0,0,0,0,34,2026-02-04 19:27:28.529666
ATMN,24.84,24.84,24.94,2205400.0,2102500.0,0,0,0,0,0,0,0,0,0,0,0,0,0,0,0,0,34,2026-02-04 19:27:28.529666
WNTR,24.77,24.77,24.8,2025200.0,2061500.0,0,0,0,0,0,0,0,0,0,0,0,0,0,0,0,0,34,2026-02-04 19:27:28.529666
SPNG,25.06,24.81,25.06,2329000.0,2299300.0,0,0,0,0,0,0,0,0,0,0,0,0,0,0,0,0,35,2026-02-04 19:27:29.572463
SMMR,25.03,25.03,25.19,2059000.0,2095400.0,0,0,0,0,0,0,0,0,0,0,0,0,0,0,0,0,35,2026-02-04 19:27:29.572463
ATMN,24.84,24.84,24.86,2193300.0,2113500.0,0,0,0,0,0,0,0,0,0,0,0,0,0,0,0,0,35,2026-02-04 19:27:29.572463
WNTR,24.77,24.77,24.87,2010300.0,2048400.0,0,0,0,0,0,0,0,0,0,0,0,0,0,0,0,0,35,2026-02-04 19:27:29.572463
SPNG,24.81,24.81,25.11,2329000.0,2274000.0,0,0,0,0,0,0,0,0,0,0,0,0,0,0,0,0,36,2026-02-04 19:27:30.677159
SMMR,24.95,24.83,24.89,2054100.0,2058400.0,0,0,0,0,0,0,0,0,0,0,0,0,0,0,0,0,36,2026-02-04 19:27:30.677159
ATMN,24.85,24.84,24.85,2193300.0,2139200.0,0,0,0,0,0,0,0,0,0,0,0,0,0,0,0,0,36,2026-02-04 19:27:30.677159
WNTR,24.87,24.77,24.87,2018300.0,2047600.0,0,0,0,0,0,0,0,0,0,0,0,0,0,0,0,0,36,2026-02-04 19:27:30.677159
SPNG,24.81,24.83,25.11,2342400.0,2274000.0,0,0,0,0,0,0,0,0,0,0,0,0,0,0,0,0,37,2026-02-04 19:27:31.753699
SMMR,25.19,24.87,24.95,2042500.0,2088100.0,0,0,0,0,0,0,0,0,0,0,0,0,0,0,0,0,37,2026-02-04 19:27:31.753699
ATMN,24.75,24.75,24.86,2192000.0,2141000.0,0,0,0,0,0,0,0,0,0,0,0,0,0,0,0,0,37,2026-02-04 19:27:31.753699
WNTR,24.87,24.77,24.82,2018300.0,2052300.0,0,0,0,0,0,0,0,0,0,0,0,0,0,0,0,0,37,2026-02-04 19:27:31.753699
SPNG,24.91,24.91,25.09,2352500.0,2293500.0,0,0,0,0,0,0,0,0,0,0,0,0,0,0,0,0,38,2026-02-04 19:27:32.819727
SMMR,24.95,24.89,24.95,2076600.0,2088100.0,0,0,0,0,0,0,0,0,0,0,0,0,0,0,0,0,38,2026-02-04 19:27:32.819727
ATMN,24.86,24.93,24.94,2207200.0,2140600.0,0,0,0,0,0,0,0,0,0,0,0,0,0,0,0,0,38,2026-02-04 19:27:32.819727
WNTR,24.69,24.69,24.82,2018200.0,2052300.0,0,0,0,0,0,0,0,0,0,0,0,0,0,0,0,0,38,2026-02-04 19:27:32.819727
SPNG,24.91,24.91,25.03,2352500.0,2329700.0,0,0,0,0,0,0,0,0,0,0,0,0,0,0,0,0,39,2026-02-04 19:27:33.916781
SMMR,24.95,25.07,25.12,2052100.0,2056300.0,0,0,0,0,0,0,0,0,0,0,0,0,0,0,0,0,39,2026-02-04 19:27:33.916781
ATMN,24.94,24.71,24.94,2237700.0,2133100.0,0,0,0,0,0,0,0,0,0,0,0,0,0,0,0,0,39,2026-02-04 19:27:33.916781
WNTR,24.86,24.81,24.86,2014600.0,2051800.0,0,0,0,0,0,0,0,0,0,0,0,0,0,0,0,0,39,2026-02-04 19:27:33.916781
SPNG,25.03,24.91,25.03,2353500.0,2329700.0,0,0,0,0,0,0,0,0,0,0,0,0,0,0,0,0,40,2026-02-04 19:27:34.475570
SMMR,25.07,24.89,25.03,2071200.0,2047000.0,0,0,0,0,0,0,0,0,0,0,0,0,0,0,0,0,40,2026-02-04 19:27:34.475570
ATMN,24.94,24.71,24.89,2237700.0,2119900.0,0,0,0,0,0,0,0,0,0,0,0,0,0,0,0,0,40,2026-02-04 19:27:34.475570
WNTR,24.81,24.67,24.79,2035700.0,2062400.0,0,0,0,0,0,0,0,0,0,0,0,0,0,0,0,0,40,2026-02-04 19:27:34.475570
SPNG,24.83,24.83,25.0,2313600.0,2330100.0,0,0,0,0,0,0,0,0,0,0,0,0,0,0,0,0,41,2026-02-04 19:27:35.552132
SMMR,25.08,24.89,25.08,2046400.0,2026300.0,0,0,0,0,0,0,0,0,0,0,0,0,0,0,0,0,41,2026-02-04 19:27:35.552132
ATMN,24.94,24.73,24.94,2228300.0,2115400.0,0,0,0,0,0,0,0,0,0,0,0,0,0,0,0,0,41,2026-02-04 19:27:35.552132
WNTR,24.67,24.67,24.86,2035700.0,2063200.0,0,0,0,0,0,0,0,0,0,0,0,0,0,0,0,0,41,2026-02-04 19:27:35.552132
SPNG,24.64,24.77,25.06,2371100.0,2327900.0,0,0,0,0,0,0,0,0,0,0,0,0,0,0,0,0,42,2026-02-04 19:27:36.598506
SMMR,25.12,24.89,25.05,2046400.0,2091100.0,0,0,0,0,0,0,0,0,0,0,0,0,0,0,0,0,42,2026-02-04 19:27:36.598506
ATMN,24.71,24.71,24.79,2220600.0,2099600.0,0,0,0,0,0,0,0,0,0,0,0,0,0,0,0,0,42,2026-02-04 19:27:36.598506
WNTR,24.72,24.7,24.72,2042400.0,2094400.0,0,0,0,0,0,0,0,0,0,0,0,0,0,0,0,0,42,2026-02-04 19:27:36.598506
SPNG,24.77,24.87,25.06,2354400.0,2327900.0,0,0,0,0,0,0,0,0,0,0,0,0,0,0,0,0,43,2026-02-04 19:27:37.637702
SMMR,24.89,24.89,25.02,2046400.0,2111100.0,0,0,0,0,0,0,0,0,0,0,0,0,0,0,0,0,43,2026-02-04 19:27:37.637702
ATMN,24.97,24.98,24.99,2213500.0,2109800.0,0,0,0,0,0,0,0,0,0,0,0,0,0,0,0,0,43,2026-02-04 19:27:37.637702
WNTR,24.72,24.75,24.86,2024300.0,2092300.0,0,0,0,0,0,0,0,0,0,0,0,0,0,0,0,0,43,2026-02-04 19:27:37.637702
SPNG,25.09,24.87,25.09,2354400.0,2322100.0,0,0,0,0,0,0,0,0,0,0,0,0,0,0,0,0,44,2026-02-04 19:27:38.686245
SMMR,24.87,24.87,25.02,2046600.0,2124100.0,0,0,0,0,0,0,0,0,0,0,0,0,0,0,0,0,44,2026-02-04 19:27:38.686245
ATMN,24.98,24.71,24.85,2220600.0,2118800.0,0,0,0,0,0,0,0,0,0,0,0,0,0,0,0,0,44,2026-02-04 19:27:38.686245
WNTR,24.87,24.87,24.89,2084400.0,2115700.0,0,0,0,0,0,0,0,0,0,0,0,0,0,0,0,0,44,2026-02-04 19:27:38.686245
SPNG,24.87,24.87,25.09,2375100.0,2322100.0,0,0,0,0,0,0,0,0,0,0,0,0,0,0,0,0,45,2026-02-04 19:27:39.730015
SMMR,24.97,24.87,24.97,2065900.0,2143800.0,0,0,0,0,0,0,0,0,0,0,0,0,0,0,0,0,45,2026-02-04 19:27:39.730015
ATMN,24.69,24.69,24.85,2213800.0,2103300.0,0,0,0,0,0,0,0,0,0,0,0,0,0,0,0,0,45,2026-02-04 19:27:39.730015
WNTR,24.87,24.75,24.76,2070500.0,2155400.0,0,0,0,0,0,0,0,0,0,0,0,0,0,0,0,0,45,2026-02-04 19:27:39.730015
SPNG,25.11,24.87,25.11,2388400.0,2284900.0,0,0,0,0,0,0,0,0,0,0,0,0,0,0,0,0,46,2026-02-04 19:27:40.788073
SMMR,25.02,24.88,24.94,2055200.0,2155000.0,0,0,0,0,0,0,0,0,0,0,0,0,0,0,0,0,46,2026-02-04 19:27:40.788073
ATMN,24.88,24.69,24.88,2200400.0,2078100.0,0,0,0,0,0,0,0,0,0,0,0,0,0,0,0,0,46,2026-02-04 19:27:40.788073
WNTR,24.72,24.72,24.76,2064100.0,2155400.0,0,0,0,0,0,0,0,0,0,0,0,0,0,0,0,0,46,2026-02-04 19:27:40.788073
SPNG,24.66,24.66,25.11,2350100.0,2303500.0,0,0,0,0,0,0,0,0,0,0,0,0,0,0,0,0,47,2026-02-04 19:27:41.844252
SMMR,24.88,24.88,24.94,2055700.0,2155000.0,0,0,0,0,0,0,0,0,0,0,0,0,0,0,0,0,47,2026-02-04 19:27:41.844252
ATMN,24.69,24.69,24.88,2216300.0,2078100.0,0,0,0,0,0,0,0,0,0,0,0,0,0,0,0,0,47,2026-02-04 19:27:41.844252
WNTR,24.76,24.72,24.76,2037100.0,2132200.0,0,0,0,0,0,0,0,0,0,0,0,0,0,0,0,0,47,2026-02-04 19:27:41.844252
SPNG,24.63,24.63,25.11,2353600.0,2312600.0,0,0,0,0,0,0,0,0,0,0,0,0,0,0,0,0,48,2026-02-04 19:27:42.558374
SMMR,25.11,24.88,24.91,2020200.0,2065600.0,0,0,0,0,0,0,0,0,0,0,0,0,0,0,0,0,48,2026-02-04 19:27:42.558374
ATMN,24.99,24.69,24.99,2216300.0,2044100.0,0,0,0,0,0,0,0,0,0,0,0,0,0,0,0,0,48,2026-02-04 19:27:42.558374
WNTR,24.84,24.82,24.84,2037100.0,2132200.0,0,0,0,0,0,0,0,0,0,0,0,0,0,0,0,0,48,2026-02-04 19:27:42.558374
SPNG,24.75,24.63,24.75,2331100.0,2312600.0,0,0,0,0,0,0,0,0,0,0,0,0,0,0,0,0,49,2026-02-04 19:27:43.722215
SMMR,25.11,24.89,24.91,2020200.0,2065600.0,0,0,0,0,0,0,0,0,0,0,0,0,0,0,0,0,49,2026-02-04 19:27:43.722215
ATMN,24.68,24.68,24.89,2189100.0,2044100.0,0,0,0,0,0,0,0,0,0,0,0,0,0,0,0,0,49,2026-02-04 19:27:43.722215
WNTR,24.72,24.72,24.89,2065900.0,2096500.0,0,0,0,0,0,0,0,0,0,0,0,0,0,0,0,0,49,2026-02-04 19:27:43.722215
SPNG,24.6,24.6,25.11,2361300.0,2304200.0,0,0,0,0,0,0,0,0,0,0,0,0,0,0,0,0,50,2026-02-04 19:27:44.764990
SMMR,24.92,24.89,24.9,2020200.0,2069700.0,0,0,0,0,0,0,0,0,0,0,0,0,0,0,0,0,50,2026-02-04 19:27:44.764990
ATMN,24.8,24.72,24.8,2199200.0,2052900.0,0,0,0,0,0,0,0,0,0,0,0,0,0,0,0,0,50,2026-02-04 19:27:44.764990
WNTR,24.72,24.72,24.88,2065900.0,2127600.0,0,0,0,0,0,0,0,0,0,0,0,0,0,0,0,0,50,2026-02-04 19:27:44.764990
SPNG,25.15,24.6,25.15,2338400.0,2327000.0,0,0,0,0,0,0,0,0,0,0,0,0,0,0,0,0,51,2026-02-04 19:27:45.802551
SMMR,24.9,25.0,25.11,2002300.0,2120300.0,0,0,0,0,0,0,0,0,0,0,0,0,0,0,0,0,51,2026-02-04 19:27:45.802551
ATMN,24.72,24.72,24.99,2184200.0,2058400.0,0,0,0,0,0,0,0,0,0,0,0,0,0,0,0,0,51,2026-02-04 19:27:45.802551
WNTR,24.86,24.86,24.88,2044600.0,2127600.0,0,0,0,0,0,0,0,0,0,0,0,0,0,0,0,0,51,2026-02-04 19:27:45.802551
SPNG,24.59,24.59,25.15,2355300.0,2327000.0,0,0,0,0,0,0,0,0,0,0,0,0,0,0,0,0,52,2026-02-04 19:27:46.855002
SMMR,24.84,24.84,24.99,2059100.0,2109300.0,0,0,0,0,0,0,0,0,0,0,0,0,0,0,0,0,52,2026-02-04 19:27:46.855002
ATMN,24.82,24.72,24.82,2184200.0,2083600.0,0,0,0,0,0,0,0,0,0,0,0,0,0,0,0,0,52,2026-02-04 19:27:46.855002
WNTR,24.67,24.67,24.88,2065200.0,2127600.0,0,0,0,0,0,0,0,0,0,0,0,0,0,0,0,0,52,2026-02-04 19:27:46.855002
SPNG,24.59,24.59,25.15,2329300.0,2290100.0,0,0,0,0,0,0,0,0,0,0,0,0,0,0,0,0,53,2026-02-04 19:27:47.965512
SMMR,24.88,24.88,24.98,2067700.0,2115600.0,0,0,0,0,0,0,0,0,0,0,0,0,0,0,0,0,53,2026-02-04 19:27:47.965512
ATMN,24.99,24.68,24.99,2210700.0,2058400.0,0,0,0,0,0,0,0,0,0,0,0,0,0,0,0,0,53,2026-02-04 19:27:47.965512
WNTR,24.89,24.66,24.89,2032700.0,2096500.0,0,0,0,0,0,0,0,0,0,0,0,0,0,0,0,0,53,2026-02-04 19:27:47.965512
SPNG,24.85,24.85,24.9,2341100.0,2262000.0,0,0,0,0,0,0,0,0,0,0,0,0,0,0,0,0,54,2026-02-04 19:27:49.010287
SMMR,25.12,25.12,25.13,2092800.0,2114000.0,0,0,0,0,0,0,0,0,0,0,0,0,0,0,0,0,54,2026-02-04 19:27:49.010287
ATMN,25.0,24.84,24.96,2196400.0,2068400.0,0,0,0,0,0,0,0,0,0,0,0,0,0,0,0,0,54,2026-02-04 19:27:49.010287
WNTR,24.89,24.88,24.89,2068600.0,2105800.0,0,0,0,0,0,0,0,0,0,0,0,0,0,0,0,0,54,2026-02-04 19:27:49.010287
SPNG,24.58,24.58,25.15,2334900.0,2296600.0,0,0,0,0,0,0,0,0,0,0,0,0,0,0,0,0,55,2026-02-04 19:27:49.580930
SMMR,25.13,24.88,25.13,2067700.0,2114000.0,0,0,0,0,0,0,0,0,0,0,0,0,0,0,0,0,55,2026-02-04 19:27:49.580930
ATMN,24.96,24.68,24.96,2210700.0,2068400.0,0,0,0,0,0,0,0,0,0,0,0,0,0,0,0,0,55,2026-02-04 19:27:49.580930
WNTR,24.88,24.73,24.8,2051000.0,2100400.0,0,0,0,0,0,0,0,0,0,0,0,0,0,0,0,0,55,2026-02-04 19:27:49.580930
SPNG,24.58,24.94,25.15,2362800.0,2296600.0,0,0,0,0,0,0,0,0,0,0,0,0,0,0,0,0,56,2026-02-04 19:27:50.659366
SMMR,25.13,24.88,24.93,2067700.0,2104700.0,0,0,0,0,0,0,0,0,0,0,0,0,0,0,0,0,56,2026-02-04 19:27:50.659366
ATMN,25.01,24.81,25.01,2227500.0,2075300.0,0,0,0,0,0,0,0,0,0,0,0,0,0,0,0,0,56,2026-02-04 19:27:50.659366
WNTR,24.8,24.84,24.89,2079800.0,2085500.0,0,0,0,0,0,0,0,0,0,0,0,0,0,0,0,0,56,2026-02-04 19:27:50.659366
SPNG,24.84,24.97,25.15,2367400.0,2296600.0,0,0,0,0,0,0,0,0,0,0,0,0,0,0,0,0,57,2026-02-04 19:27:51.693460
SMMR,24.94,24.89,24.94,2068600.0,2121700.0,0,0,0,0,0,0,0,0,0,0,0,0,0,0,0,0,57,2026-02-04 19:27:51.693460
ATMN,25.01,24.81,24.88,2219400.0,2058300.0,0,0,0,0,0,0,0,0,0,0,0,0,0,0,0,0,57,2026-02-04 19:27:51.693460
WNTR,24.73,24.73,24.89,2066300.0,2110300.0,0,0,0,0,0,0,0,0,0,0,0,0,0,0,0,0,57,2026-02-04 19:27:51.693460
SPNG,24.69,24.69,25.15,2310300.0,2296600.0,0,0,0,0,0,0,0,0,0,0,0,0,0,0,0,0,58,2026-02-04 19:27:52.732323
SMMR,25.04,24.89,25.04,2068600.0,2140600.0,0,0,0,0,0,0,0,0,0,0,0,0,0,0,0,0,58,2026-02-04 19:27:52.732323
ATMN,24.88,24.81,24.88,2219400.0,2058300.0,0,0,0,0,0,0,0,0,0,0,0,0,0,0,0,0,58,2026-02-04 19:27:52.732323
WNTR,24.79,24.77,24.79,2091100.0,2124300.0,0,0,0,0,0,0,0,0,0,0,0,0,0,0,0,0,58,2026-02-04 19:27:52.732323
SPNG,24.68,24.68,24.79,2279100.0,2296500.0,0,0,0,0,0,0,0,0,0,0,0,0,0,0,0,0,59,2026-02-04 19:27:53.773084
SMMR,25.13,24.84,25.13,2082700.0,2114000.0,0,0,0,0,0,0,0,0,0,0,0,0,0,0,0,0,59,2026-02-04 19:27:53.773084
ATMN,24.89,24.97,25.01,2197900.0,2075300.0,0,0,0,0,0,0,0,0,0,0,0,0,0,0,0,0,59,2026-02-04 19:27:53.773084
WNTR,24.73,24.73,24.89,2092200.0,2106300.0,0,0,0,0,0,0,0,0,0,0,0,0,0,0,0,0,59,2026-02-04 19:27:53.773084
SPNG,25.22,23.91,0.0,200000.0,0,0,0,0,0,0,0,0,0,0,0,0,0,0,0,0,0,60,2026-02-04 19:27:54.807010
SMMR,25.04,23.95,0.0,200000.0,0,0,0,0,0,0,0,0,0,0,0,0,0,0,0,0,0,60,2026-02-04 19:27:54.807010
ATMN,24.8,24.52,0.0,200000.0,0,0,0,0,0,0,0,0,0,0,0,0,0,0,0,0,0,60,2026-02-04 19:27:54.807010
WNTR,24.7,24.76,0.0,200000.0,0,0,0,0,0,0,0,0,0,0,0,0,0,0,0,0,0,60,2026-02-04 19:27:54.807010
SPNG,23.91,23.91,23.96,1015100.0,1086300.0,0,0,0,0,0,0,0,0,0,0,0,0,0,0,0,0,61,2026-02-04 19:27:55.841728
SMMR,23.95,23.95,24.2,913500.0,943100.0,0,0,0,0,0,0,0,0,0,0,0,0,0,0,0,0,61,2026-02-04 19:27:55.841728
ATMN,24.52,24.52,24.64,966600.0,1094800.0,0,0,0,0,0,0,0,0,0,0,0,0,0,0,0,0,61,2026-02-04 19:27:55.841728
WNTR,24.76,24.79,25.01,816200.0,971600.0,0,0,0,0,0,0,0,0,0,0,0,0,0,0,0,0,61,2026-02-04 19:27:55.841728
SPNG,23.96,23.9,23.96,1153100.0,1086300.0,0,0,0,0,0,0,0,0,0,0,0,0,0,0,0,0,62,2026-02-04 19:27:56.893094
SMMR,23.95,23.95,24.12,1033900.0,1249700.0,0,0,0,0,0,0,0,0,0,0,0,0,0,0,0,0,62,2026-02-04 19:27:56.893094
ATMN,24.34,24.34,24.64,998000.0,1094800.0,0,0,0,0,0,0,0,0,0,0,0,0,0,0,0,0,62,2026-02-04 19:27:56.893094
WNTR,24.76,24.5,24.73,874400.0,1269100.0,0,0,0,0,0,0,0,0,0,0,0,0,0,0,0,0,62,2026-02-04 19:27:56.893094
SPNG,23.96,23.9,23.96,1276800.0,1259300.0,0,0,0,0,0,0,0,0,0,0,0,0,0,0,0,0,63,2026-02-04 19:27:57.962744
SMMR,24.12,23.61,24.12,1144300.0,1249700.0,0,0,0,0,0,0,0,0,0,0,0,0,0,0,0,0,63,2026-02-04 19:27:57.962744
ATMN,24.64,24.64,24.68,1246100.0,1059200.0,0,0,0,0,0,0,0,0,0,0,0,0,0,0,0,0,63,2026-02-04 19:27:57.962744
WNTR,24.76,24.7,24.73,1179900.0,1269100.0,0,0,0,0,0,0,0,0,0,0,0,0,0,0,0,0,63,2026-02-04 19:27:57.962744
SPNG,24.04,23.83,24.04,1396000.0,1118000.0,0,0,0,0,0,0,0,0,0,0,0,0,0,0,0,0,64,2026-02-04 19:27:59.008118
SMMR,24.12,23.61,23.75,1389000.0,1374700.0,0,0,0,0,0,0,0,0,0,0,0,0,0,0,0,0,64,2026-02-04 19:27:59.008118
ATMN,24.68,24.37,24.68,1119500.0,1157300.0,0,0,0,0,0,0,0,0,0,0,0,0,0,0,0,0,64,2026-02-04 19:27:59.008118
WNTR,24.76,24.7,24.73,1610900.0,1269100.0,0,0,0,0,0,0,0,0,0,0,0,0,0,0,0,0,64,2026-02-04 19:27:59.008118
SPNG,23.89,23.89,24.14,1530800.0,1129200.0,0,0,0,0,0,0,0,0,0,0,0,0,0,0,0,0,65,2026-02-04 19:28:00.067049
SMMR,23.75,23.88,23.94,1588500.0,1462500.0,0,0,0,0,0,0,0,0,0,0,0,0,0,0,0,0,65,2026-02-04 19:28:00.067049
ATMN,24.68,24.37,24.41,1355800.0,1344600.0,0,0,0,0,0,0,0,0,0,0,0,0,0,0,0,0,65,2026-02-04 19:28:00.067049
WNTR,24.73,24.73,24.79,1728600.0,1444600.0,0,0,0,0,0,0,0,0,0,0,0,0,0,0,0,0,65,2026-02-04 19:28:00.067049
SPNG,23.89,23.89,24.14,1530800.0,1260600.0,0,0,0,0,0,0,0,0,0,0,0,0,0,0,0,0,66,2026-02-04 19:28:00.618589
SMMR,23.79,23.9,23.94,1606800.0,1462500.0,0,0,0,0,0,0,0,0,0,0,0,0,0,0,0,0,66,2026-02-04 19:28:00.618589
ATMN,24.68,24.37,24.68,1355800.0,1341200.0,0,0,0,0,0,0,0,0,0,0,0,0,0,0,0,0,66,2026-02-04 19:28:00.618589
WNTR,24.7,24.7,24.79,1610900.0,1444600.0,0,0,0,0,0,0,0,0,0,0,0,0,0,0,0,0,66,2026-02-04 19:28:00.618589
SPNG,24.14,24.21,24.34,1625500.0,1124900.0,0,0,0,0,0,0,0,0,0,0,0,0,0,0,0,0,67,2026-02-04 19:28:01.678028
SMMR,23.79,23.9,23.94,1606800.0,1772300.0,0,0,0,0,0,0,0,0,0,0,0,0,0,0,0,0,67,2026-02-04 19:28:01.678028
ATMN,24.41,24.39,24.41,1443300.0,1452700.0,0,0,0,0,0,0,0,0,0,0,0,0,0,0,0,0,67,2026-02-04 19:28:01.678028
WNTR,24.63,24.63,24.76,1397600.0,1542600.0,0,0,0,0,0,0,0,0,0,0,0,0,0,0,0,0,67,2026-02-04 19:28:01.678028
SPNG,23.83,23.59,23.81,1391300.0,1495900.0,0,0,0,0,0,0,0,0,0,0,0,0,0,0,0,0,68,2026-02-04 19:28:02.722402
SMMR,23.61,23.69,23.88,1610300.0,1895200.0,0,0,0,0,0,0,0,0,0,0,0,0,0,0,0,0,68,2026-02-04 19:28:02.722402
ATMN,24.74,24.39,24.74,1789400.0,1223300.0,0,0,0,0,0,0,0,0,0,0,0,0,0,0,0,0,68,2026-02-04 19:28:02.722402
WNTR,24.76,24.63,24.76,1503800.0,1757100.0,0,0,0,0,0,0,0,0,0,0,0,0,0,0,0,0,68,2026-02-04 19:28:02.722402
SPNG,23.81,23.95,24.19,1625600.0,1484100.0,0,0,0,0,0,0,0,0,0,0,0,0,0,0,0,0,69,2026-02-04 19:28:03.766060
SMMR,23.94,23.69,23.94,1610300.0,1772300.0,0,0,0,0,0,0,0,0,0,0,0,0,0,0,0,0,69,2026-02-04 19:28:03.766060
ATMN,24.74,24.55,24.64,1879300.0,1416100.0,0,0,0,0,0,0,0,0,0,0,0,0,0,0,0,0,69,2026-02-04 19:28:03.766060
WNTR,24.78,24.74,24.78,1723800.0,1659100.0,0,0,0,0,0,0,0,0,0,0,0,0,0,0,0,0,69,2026-02-04 19:28:03.766060
SPNG,24.19,24.2,24.34,1741600.0,1491600.0,0,0,0,0,0,0,0,0,0,0,0,0,0,0,0,0,70,2026-02-04 19:28:04.810681
SMMR,23.6,23.87,23.94,1576400.0,1772300.0,0,0,0,0,0,0,0,0,0,0,0,0,0,0,0,0,70,2026-02-04 19:28:04.810681
ATMN,24.64,24.64,24.74,1815100.0,1401000.0,0,0,0,0,0,0,0,0,0,0,0,0,0,0,0,0,70,2026-02-04 19:28:04.810681
WNTR,24.77,24.77,24.78,1839400.0,1770000.0,0,0,0,0,0,0,0,0,0,0,0,0,0,0,0,0,70,2026-02-04 19:28:04.810681
SPNG,23.83,23.83,24.18,1743900.0,1603900.0,0,0,0,0,0,0,0,0,0,0,0,0,0,0,0,0,71,2026-02-04 19:28:05.858248
SMMR,23.87,23.87,23.92,1576400.0,1979000.0,0,0,0,0,0,0,0,0,0,0,0,0,0,0,0,0,71,2026-02-04 19:28:05.858248
ATMN,24.64,24.64,24.74,1815100.0,1700000.0,0,0,0,0,0,0,0,0,0,0,0,0,0,0,0,0,71,2026-02-04 19:28:05.858248
WNTR,24.74,24.74,24.81,1808000.0,1550900.0,0,0,0,0,0,0,0,0,0,0,0,0,0,0,0,0,71,2026-02-04 19:28:05.858248
SPNG,23.83,23.67,23.73,1630300.0,1843000.0,0,0,0,0,0,0,0,0,0,0,0,0,0,0,0,0,72,2026-02-04 19:28:06.902557
SMMR,23.96,23.87,23.96,1576400.0,1975600.0,0,0,0,0,0,0,0,0,0,0,0,0,0,0,0,0,72,2026-02-04 19:28:06.902557
ATMN,24.48,24.37,24.48,1701900.0,1898300.0,0,0,0,0,0,0,0,0,0,0,0,0,0,0,0,0,72,2026-02-04 19:28:06.902557
WNTR,24.69,24.69,24.75,1913400.0,1665000.0,0,0,0,0,0,0,0,0,0,0,0,0,0,0,0,0,72,2026-02-04 19:28:06.902557
SPNG,24.18,23.67,24.18,1861000.0,1722000.0,0,0,0,0,0,0,0,0,0,0,0,0,0,0,0,0,73,2026-02-04 19:28:07.940620
SMMR,23.79,23.79,24.03,1463500.0,1978300.0,0,0,0,0,0,0,0,0,0,0,0,0,0,0,0,0,73,2026-02-04 19:28:07.940620
ATMN,24.76,24.74,24.76,1820400.0,1606900.0,0,0,0,0,0,0,0,0,0,0,0,0,0,0,0,0,73,2026-02-04 19:28:07.940620
WNTR,24.63,24.63,24.64,1724500.0,1881900.0,0,0,0,0,0,0,0,0,0,0,0,0,0,0,0,0,73,2026-02-04 19:28:07.940620
SPNG,23.6,23.6,24.18,1984700.0,1811400.0,0,0,0,0,0,0,0,0,0,0,0,0,0,0,0,0,74,2026-02-04 19:28:09.048463
SMMR,23.79,23.87,24.03,1721700.0,2096600.0,0,0,0,0,0,0,0,0,0,0,0,0,0,0,0,0,74,2026-02-04 19:28:09.048463
ATMN,24.74,24.37,24.55,1701900.0,1910000.0,0,0,0,0,0,0,0,0,0,0,0,0,0,0,0,0,74,2026-02-04 19:28:09.048463
WNTR,24.75,24.6,24.75,1721900.0,1884300.0,0,0,0,0,0,0,0,0,0,0,0,0,0,0,0,0,74,2026-02-04 19:28:09.048463
SPNG,23.6,23.6,23.81,2205700.0,1936000.0,0,0,0,0,0,0,0,0,0,0,0,0,0,0,0,0,75,2026-02-04 19:28:10.092390
SMMR,23.93,23.94,24.03,1830300.0,2096600.0,0,0,0,0,0,0,0,0,0,0,0,0,0,0,0,0,75,2026-02-04 19:28:10.092390
ATMN,24.55,24.66,24.76,1814400.0,2031000.0,0,0,0,0,0,0,0,0,0,0,0,0,0,0,0,0,75,2026-02-04 19:28:10.092390
WNTR,24.78,24.6,24.74,1826200.0,1853900.0,0,0,0,0,0,0,0,0,0,0,0,0,0,0,0,0,75,2026-02-04 19:28:10.092390
SPNG,23.59,23.59,24.34,2189600.0,1699100.0,0,0,0,0,0,0,0,0,0,0,0,0,0,0,0,0,76,2026-02-04 19:28:11.136227
SMMR,23.87,23.87,23.91,1721700.0,2065800.0,0,0,0,0,0,0,0,0,0,0,0,0,0,0,0,0,76,2026-02-04 19:28:11.136227
ATMN,24.55,24.66,24.76,1814400.0,1983700.0,0,0,0,0,0,0,0,0,0,0,0,0,0,0,0,0,76,2026-02-04 19:28:11.136227
WNTR,24.6,24.6,24.65,1826200.0,1967400.0,0,0,0,0,0,0,0,0,0,0,0,0,0,0,0,0,76,2026-02-04 19:28:11.136227
SPNG,23.68,23.59,23.68,2322400.0,1839600.0,0,0,0,0,0,0,0,0,0,0,0,0,0,0,0,0,77,2026-02-04 19:28:11.688403
SMMR,23.91,23.85,23.91,1591200.0,2065800.0,0,0,0,0,0,0,0,0,0,0,0,0,0,0,0,0,77,2026-02-04 19:28:11.688403
ATMN,24.66,24.37,24.53,1832000.0,1972800.0,0,0,0,0,0,0,0,0,0,0,0,0,0,0,0,0,77,2026-02-04 19:28:11.688403
WNTR,24.6,24.6,24.65,2096300.0,1967400.0,0,0,0,0,0,0,0,0,0,0,0,0,0,0,0,0,77,2026-02-04 19:28:11.688403
SPNG,23.68,23.95,24.22,2427800.0,1833200.0,0,0,0,0,0,0,0,0,0,0,0,0,0,0,0,0,78,2026-02-04 19:28:12.780480
SMMR,23.9,23.9,23.91,1713500.0,2082800.0,0,0,0,0,0,0,0,0,0,0,0,0,0,0,0,0,78,2026-02-04 19:28:12.780480
ATMN,24.53,24.58,24.76,1954600.0,1983700.0,0,0,0,0,0,0,0,0,0,0,0,0,0,0,0,0,78,2026-02-04 19:28:12.780480
WNTR,24.56,24.56,24.6,1778700.0,2006100.0,0,0,0,0,0,0,0,0,0,0,0,0,0,0,0,0,78,2026-02-04 19:28:12.780480
SPNG,24.34,23.59,24.34,2412200.0,1699100.0,0,0,0,0,0,0,0,0,0,0,0,0,0,0,0,0,79,2026-02-04 19:28:13.841312
SMMR,23.92,23.97,24.03,1591600.0,2109100.0,0,0,0,0,0,0,0,0,0,0,0,0,0,0,0,0,79,2026-02-04 19:28:13.841312
ATMN,24.33,24.33,24.53,1592100.0,1989400.0,0,0,0,0,0,0,0,0,0,0,0,0,0,0,0,0,79,2026-02-04 19:28:13.841312
WNTR,24.56,24.56,24.6,1976500.0,2006100.0,0,0,0,0,0,0,0,0,0,0,0,0,0,0,0,0,79,2026-02-04 19:28:13.841312
SPNG,24.34,23.59,23.84,2394600.0,1837300.0,0,0,0,0,0,0,0,0,0,0,0,0,0,0,0,0,80,2026-02-04 19:28:14.904587
SMMR,23.83,23.83,23.97,1680800.0,2115300.0,0,0,0,0,0,0,0,0,0,0,0,0,0,0,0,0,80,2026-02-04 19:28:14.904587
ATMN,24.33,24.33,24.53,1693700.0,1991800.0,0,0,0,0,0,0,0,0,0,0,0,0,0,0,0,0,80,2026-02-04 19:28:14.904587
WNTR,24.74,24.56,24.74,1976500.0,1853900.0,0,0,0,0,0,0,0,0,0,0,0,0,0,0,0,0,80,2026-02-04 19:28:14.904587
SPNG,23.84,23.88,24.06,2375200.0,1820200.0,0,0,0,0,0,0,0,0,0,0,0,0,0,0,0,0,81,2026-02-04 19:28:15.949476
SMMR,23.59,23.8,23.88,1692000.0,2149500.0,0,0,0,0,0,0,0,0,0,0,0,0,0,0,0,0,81,2026-02-04 19:28:15.949476
ATMN,24.53,24.33,24.38,1816700.0,1988500.0,0,0,0,0,0,0,0,0,0,0,0,0,0,0,0,0,81,2026-02-04 19:28:15.949476
WNTR,24.71,24.71,24.74,2097000.0,1962300.0,0,0,0,0,0,0,0,0,0,0,0,0,0,0,0,0,81,2026-02-04 19:28:15.949476
SPNG,24.11,23.88,24.11,2375200.0,2006700.0,0,0,0,0,0,0,0,0,0,0,0,0,0,0,0,0,82,2026-02-04 19:28:17.014713
SMMR,23.59,23.8,23.88,1882900.0,2125500.0,0,0,0,0,0,0,0,0,0,0,0,0,0,0,0,0,82,2026-02-04 19:28:17.014713
ATMN,24.27,24.27,24.38,1812800.0,2016700.0,0,0,0,0,0,0,0,0,0,0,0,0,0,0,0,0,82,2026-02-04 19:28:17.014713
WNTR,24.76,24.71,24.76,2191800.0,1986300.0,0,0,0,0,0,0,0,0,0,0,0,0,0,0,0,0,82,2026-02-04 19:28:17.014713
SPNG,23.68,23.59,23.63,2385100.0,2147800.0,0,0,0,0,0,0,0,0,0,0,0,0,0,0,0,0,83,2026-02-04 19:28:18.060620
SMMR,23.72,23.71,23.72,1703000.0,2133900.0,0,0,0,0,0,0,0,0,0,0,0,0,0,0,0,0,83,2026-02-04 19:28:18.060620
ATMN,24.56,24.41,24.56,2009600.0,1983300.0,0,0,0,0,0,0,0,0,0,0,0,0,0,0,0,0,83,2026-02-04 19:28:18.060620
WNTR,24.71,24.56,24.69,2184600.0,2008800.0,0,0,0,0,0,0,0,0,0,0,0,0,0,0,0,0,83,2026-02-04 19:28:18.060620
SPNG,24.11,23.65,23.75,2395900.0,2142800.0,0,0,0,0,0,0,0,0,0,0,0,0,0,0,0,0,84,2026-02-04 19:28:19.110091
SMMR,23.72,23.76,23.82,2158700.0,2104900.0,0,0,0,0,0,0,0,0,0,0,0,0,0,0,0,0,84,2026-02-04 19:28:19.110091
ATMN,24.55,24.41,24.55,2009600.0,1996000.0,0,0,0,0,0,0,0,0,0,0,0,0,0,0,0,0,84,2026-02-04 19:28:19.110091
WNTR,24.76,24.56,24.74,2064000.0,1961500.0,0,0,0,0,0,0,0,0,0,0,0,0,0,0,0,0,84,2026-02-04 19:28:19.110091
SPNG,23.75,23.65,23.75,2402900.0,2142800.0,0,0,0,0,0,0,0,0,0,0,0,0,0,0,0,0,85,2026-02-04 19:28:20.161876
SMMR,23.71,23.71,23.82,2146100.0,2126600.0,0,0,0,0,0,0,0,0,0,0,0,0,0,0,0,0,85,2026-02-04 19:28:20.161876
ATMN,24.27,24.5,24.55,2011900.0,2033200.0,0,0,0,0,0,0,0,0,0,0,0,0,0,0,0,0,85,2026-02-04 19:28:20.161876
WNTR,24.76,24.63,24.76,2111500.0,1981500.0,0,0,0,0,0,0,0,0,0,0,0,0,0,0,0,0,85,2026-02-04 19:28:20.161876
SPNG,23.65,23.65,24.34,2402900.0,1802500.0,0,0,0,0,0,0,0,0,0,0,0,0,0,0,0,0,86,2026-02-04 19:28:21.196910
SMMR,23.86,23.72,23.85,2263500.0,2131600.0,0,0,0,0,0,0,0,0,0,0,0,0,0,0,0,0,86,2026-02-04 19:28:21.196910
ATMN,24.5,24.27,24.29,2062500.0,2054800.0,0,0,0,0,0,0,0,0,0,0,0,0,0,0,0,0,86,2026-02-04 19:28:21.196910
WNTR,24.76,24.69,24.75,2073500.0,1983200.0,0,0,0,0,0,0,0,0,0,0,0,0,0,0,0,0,86,2026-02-04 19:28:21.196910
SPNG,24.35,23.75,24.35,2390900.0,1663700.0,0,0,0,0,0,0,0,0,0,0,0,0,0,0,0,0,87,2026-02-04 19:28:22.240233
SMMR,23.72,23.72,23.74,2263500.0,2177300.0,0,0,0,0,0,0,0,0,0,0,0,0,0,0,0,0,87,2026-02-04 19:28:22.240233
ATMN,24.56,24.57,24.58,2293400.0,2034700.0,0,0,0,0,0,0,0,0,0,0,0,0,0,0,0,0,87,2026-02-04 19:28:22.240233
WNTR,24.75,24.69,24.75,2084300.0,1988500.0,0,0,0,0,0,0,0,0,0,0,0,0,0,0,0,0,87,2026-02-04 19:28:22.240233
SPNG,23.59,23.59,24.35,2380800.0,1774900.0,0,0,0,0,0,0,0,0,0,0,0,0,0,0,0,0,88,2026-02-04 19:28:22.792087
SMMR,23.74,23.72,23.74,2235500.0,2177300.0,0,0,0,0,0,0,0,0,0,0,0,0,0,0,0,0,88,2026-02-04 19:28:22.792087
ATMN,24.57,24.35,24.39,2306900.0,2039400.0,0,0,0,0,0,0,0,0,0,0,0,0,0,0,0,0,88,2026-02-04 19:28:22.792087
WNTR,24.78,24.73,24.78,2076100.0,1997300.0,0,0,0,0,0,0,0,0,0,0,0,0,0,0,0,0,88,2026-02-04 19:28:22.792087
SPNG,23.59,23.89,24.2,2392100.0,2031100.0,0,0,0,0,0,0,0,0,0,0,0,0,0,0,0,0,89,2026-02-04 19:28:23.842784
SMMR,23.7,23.82,23.88,2227400.0,2105100.0,0,0,0,0,0,0,0,0,0,0,0,0,0,0,0,0,89,2026-02-04 19:28:23.842784
ATMN,24.35,24.35,24.44,2306900.0,2067800.0,0,0,0,0,0,0,0,0,0,0,0,0,0,0,0,0,89,2026-02-04 19:28:23.842784
WNTR,24.69,24.69,24.76,2084300.0,2013600.0,0,0,0,0,0,0,0,0,0,0,0,0,0,0,0,0,89,2026-02-04 19:28:23.842784
SPNG,24.35,23.89,24.35,2392100.0,2030200.0,0,0,0,0,0,0,0,0,0,0,0,0,0,0,0,0,90,2026-02-04 19:28:24.901404
SMMR,23.68,23.68,23.77,2275400.0,2112400.0,0,0,0,0,0,0,0,0,0,0,0,0,0,0,0,0,90,2026-02-04 19:28:24.901404
ATMN,24.35,24.27,24.35,2177400.0,2093000.0,0,0,0,0,0,0,0,0,0,0,0,0,0,0,0,0,90,2026-02-04 19:28:24.901404
WNTR,24.65,24.65,24.66,2102800.0,2010300.0,0,0,0,0,0,0,0,0,0,0,0,0,0,0,0,0,90,2026-02-04 19:28:24.901404
SPNG,24.36,23.57,24.36,2388900.0,1898800.0,0,0,0,0,0,0,0,0,0,0,0,0,0,0,0,0,91,2026-02-04 19:28:25.941517
SMMR,23.77,23.63,23.77,2275700.0,2112400.0,0,0,0,0,0,0,0,0,0,0,0,0,0,0,0,0,91,2026-02-04 19:28:25.941517
ATMN,24.25,24.25,24.35,2059800.0,2136900.0,0,0,0,0,0,0,0,0,0,0,0,0,0,0,0,0,91,2026-02-04 19:28:25.941517
WNTR,24.62,24.62,24.66,2121300.0,2014600.0,0,0,0,0,0,0,0,0,0,0,0,0,0,0,0,0,91,2026-02-04 19:28:25.941517
SPNG,24.23,23.57,24.23,2357600.0,2017000.0,0,0,0,0,0,0,0,0,0,0,0,0,0,0,0,0,92,2026-02-04 19:28:26.985122
SMMR,23.82,23.82,23.84,2274600.0,2098800.0,0,0,0,0,0,0,0,0,0,0,0,0,0,0,0,0,92,2026-02-04 19:28:26.985122
ATMN,24.19,24.19,24.35,1950100.0,2136900.0,0,0,0,0,0,0,0,0,0,0,0,0,0,0,0,0,92,2026-02-04 19:28:26.985122
WNTR,24.62,24.62,24.66,2121300.0,2014600.0,0,0,0,0,0,0,0,0,0,0,0,0,0,0,0,0,92,2026-02-04 19:28:26.985122
SPNG,24.23,23.7,24.23,2353100.0,2125100.0,0,0,0,0,0,0,0,0,0,0,0,0,0,0,0,0,93,2026-02-04 19:28:28.040282
SMMR,23.82,23.63,23.67,2238500.0,2116700.0,0,0,0,0,0,0,0,0,0,0,0,0,0,0,0,0,93,2026-02-04 19:28:28.040282
ATMN,24.19,24.28,24.35,2080600.0,2141700.0,0,0,0,0,0,0,0,0,0,0,0,0,0,0,0,0,93,2026-02-04 19:28:28.040282
WNTR,24.56,24.56,24.66,2155300.0,2023000.0,0,0,0,0,0,0,0,0,0,0,0,0,0,0,0,0,93,2026-02-04 19:28:28.040282
SPNG,23.57,23.57,24.06,2359300.0,2229900.0,0,0,0,0,0,0,0,0,0,0,0,0,0,0,0,0,94,2026-02-04 19:28:29.117755
SMMR,23.63,23.63,23.84,2238500.0,2113800.0,0,0,0,0,0,0,0,0,0,0,0,0,0,0,0,0,94,2026-02-04 19:28:29.117755
ATMN,24.28,24.28,24.34,2192200.0,2156500.0,0,0,0,0,0,0,0,0,0,0,0,0,0,0,0,0,94,2026-02-04 19:28:29.117755
WNTR,24.67,24.56,24.67,2121000.0,2001900.0,0,0,0,0,0,0,0,0,0,0,0,0,0,0,0,0,94,2026-02-04 19:28:29.117755
SPNG,23.65,23.87,24.06,2344900.0,2229900.0,0,0,0,0,0,0,0,0,0,0,0,0,0,0,0,0,95,2026-02-04 19:28:30.172832
SMMR,23.63,23.8,23.84,2230900.0,2121300.0,0,0,0,0,0,0,0,0,0,0,0,0,0,0,0,0,95,2026-02-04 19:28:30.172832
ATMN,24.38,24.28,24.38,2192200.0,2142500.0,0,0,0,0,0,0,0,0,0,0,0,0,0,0,0,0,95,2026-02-04 19:28:30.172832
WNTR,24.55,24.55,24.67,2111100.0,1981200.0,0,0,0,0,0,0,0,0,0,0,0,0,0,0,0,0,95,2026-02-04 19:28:30.172832
SPNG,23.56,23.56,23.99,2384800.0,2114300.0,0,0,0,0,0,0,0,0,0,0,0,0,0,0,0,0,96,2026-02-04 19:28:31.225264
SMMR,23.8,23.63,23.66,2210800.0,2148300.0,0,0,0,0,0,0,0,0,0,0,0,0,0,0,0,0,96,2026-02-04 19:28:31.225264
ATMN,24.38,24.28,24.33,2283400.0,2108900.0,0,0,0,0,0,0,0,0,0,0,0,0,0,0,0,0,96,2026-02-04 19:28:31.225264
WNTR,24.69,24.51,24.6,2127300.0,1978800.0,0,0,0,0,0,0,0,0,0,0,0,0,0,0,0,0,96,2026-02-04 19:28:31.225264
SPNG,23.56,23.93,23.99,2353200.0,2114300.0,0,0,0,0,0,0,0,0,0,0,0,0,0,0,0,0,97,2026-02-04 19:28:32.274696
SMMR,23.66,23.63,23.66,2207300.0,2148300.0,0,0,0,0,0,0,0,0,0,0,0,0,0,0,0,0,97,2026-02-04 19:28:32.274696
ATMN,24.19,24.19,24.33,2069500.0,2108900.0,0,0,0,0,0,0,0,0,0,0,0,0,0,0,0,0,97,2026-02-04 19:28:32.274696
WNTR,24.6,24.58,24.6,2109800.0,2006900.0,0,0,0,0,0,0,0,0,0,0,0,0,0,0,0,0,97,2026-02-04 19:28:32.274696
SPNG,23.7,23.7,23.99,2333900.0,2218100.0,0,0,0,0,0,0,0,0,0,0,0,0,0,0,0,0,98,2026-02-04 19:28:32.871682
SMMR,23.59,23.59,23.66,2193300.0,2148300.0,0,0,0,0,0,0,0,0,0,0,0,0,0,0,0,0,98,2026-02-04 19:28:32.871682
ATMN,24.42,24.16,24.42,1954600.0,2138900.0,0,0,0,0,0,0,0,0,0,0,0,0,0,0,0,0,98,2026-02-04 19:28:32.871682
WNTR,24.64,24.58,24.64,2109800.0,2009900.0,0,0,0,0,0,0,0,0,0,0,0,0,0,0,0,0,98,2026-02-04 19:28:32.871682
SPNG,24.09,23.7,24.09,2363300.0,2282300.0,0,0,0,0,0,0,0,0,0,0,0,0,0,0,0,0,99,2026-02-04 19:28:34.006113
SMMR,23.86,23.59,23.86,2193300.0,2138500.0,0,0,0,0,0,0,0,0,0,0,0,0,0,0,0,0,99,2026-02-04 19:28:34.006113
ATMN,24.44,24.16,24.44,2096500.0,2144100.0,0,0,0,0,0,0,0,0,0,0,0,0,0,0,0,0,99,2026-02-04 19:28:34.006113
WNTR,24.58,24.51,24.52,2131000.0,2039000.0,0,0,0,0,0,0,0,0,0,0,0,0,0,0,0,0,99,2026-02-04 19:28:34.006113
SPNG,24.09,23.7,24.0,2361300.0,2278900.0,0,0,0,0,0,0,0,0,0,0,0,0,0,0,0,0,100,2026-02-04 19:28:35.043762
SMMR,23.58,23.58,23.86,2181600.0,2138500.0,0,0,0,0,0,0,0,0,0,0,0,0,0,0,0,0,100,2026-02-04 19:28:35.043762
ATMN,24.49,24.32,24.49,2195200.0,2080100.0,0,0,0,0,0,0,0,0,0,0,0,0,0,0,0,0,100,2026-02-04 19:28:35.043762
WNTR,24.69,24.6,24.69,2135600.0,1981800.0,0,0,0,0,0,0,0,0,0,0,0,0,0,0,0,0,100,2026-02-04 19:28:35.043762
SPNG,24.0,23.78,24.0,2354800.0,2278900.0,0,0,0,0,0,0,0,0,0,0,0,0,0,0,0,0,101,2026-02-04 19:28:36.090990
SMMR,23.89,23.66,23.87,2198400.0,2113200.0,0,0,0,0,0,0,0,0,0,0,0,0,0,0,0,0,101,2026-02-04 19:28:36.090990
ATMN,24.46,24.16,24.46,2096500.0,2098900.0,0,0,0,0,0,0,0,0,0,0,0,0,0,0,0,0,101,2026-02-04 19:28:36.090990
WNTR,24.69,24.6,24.69,2160500.0,1991100.0,0,0,0,0,0,0,0,0,0,0,0,0,0,0,0,0,101,2026-02-04 19:28:36.090990
SPNG,24.0,23.93,24.0,2345000.0,2340000.0,0,0,0,0,0,0,0,0,0,0,0,0,0,0,0,0,102,2026-02-04 19:28:37.134965
SMMR,23.89,23.66,23.78,2187000.0,2081000.0,0,0,0,0,0,0,0,0,0,0,0,0,0,0,0,0,102,2026-02-04 19:28:37.134965
ATMN,24.46,24.44,24.46,2311200.0,2098900.0,0,0,0,0,0,0,0,0,0,0,0,0,0,0,0,0,102,2026-02-04 19:28:37.134965
WNTR,24.72,24.6,24.72,2123900.0,1999100.0,0,0,0,0,0,0,0,0,0,0,0,0,0,0,0,0,102,2026-02-04 19:28:37.134965
SPNG,23.72,23.72,24.09,2338400.0,2321300.0,0,0,0,0,0,0,0,0,0,0,0,0,0,0,0,0,103,2026-02-04 19:28:38.193316
SMMR,23.89,23.72,23.78,2191400.0,2081000.0,0,0,0,0,0,0,0,0,0,0,0,0,0,0,0,0,103,2026-02-04 19:28:38.193316
ATMN,24.5,24.4,24.5,2316700.0,2079100.0,0,0,0,0,0,0,0,0,0,0,0,0,0,0,0,0,103,2026-02-04 19:28:38.193316
WNTR,24.72,24.73,24.76,2098400.0,1988500.0,0,0,0,0,0,0,0,0,0,0,0,0,0,0,0,0,103,2026-02-04 19:28:38.193316
SPNG,23.72,23.72,23.75,2348800.0,2332500.0,0,0,0,0,0,0,0,0,0,0,0,0,0,0,0,0,104,2026-02-04 19:28:39.248364
SMMR,23.8,23.72,23.8,2195400.0,2072200.0,0,0,0,0,0,0,0,0,0,0,0,0,0,0,0,0,104,2026-02-04 19:28:39.248364
ATMN,24.5,24.35,24.5,2325000.0,2111800.0,0,0,0,0,0,0,0,0,0,0,0,0,0,0,0,0,104,2026-02-04 19:28:39.248364
WNTR,24.76,24.6,24.76,2123900.0,1957600.0,0,0,0,0,0,0,0,0,0,0,0,0,0,0,0,0,104,2026-02-04 19:28:39.248364
SPNG,23.75,23.75,24.09,2357900.0,2321300.0,0,0,0,0,0,0,0,0,0,0,0,0,0,0,0,0,105,2026-02-04 19:28:40.295744
SMMR,23.72,23.72,23.8,2195400.0,2070600.0,0,0,0,0,0,0,0,0,0,0,0,0,0,0,0,0,105,2026-02-04 19:28:40.295744
ATMN,24.48,24.35,24.39,2325000.0,2140300.0,0,0,0,0,0,0,0,0,0,0,0,0,0,0,0,0,105,2026-02-04 19:28:40.295744
WNTR,24.74,24.6,24.61,2109300.0,1964500.0,0,0,0,0,0,0,0,0,0,0,0,0,0,0,0,0,105,2026-02-04 19:28:40.295744
SPNG,23.75,23.75,23.9,2350800.0,2369200.0,0,0,0,0,0,0,0,0,0,0,0,0,0,0,0,0,106,2026-02-04 19:28:40.915301
SMMR,23.83,23.66,23.83,2164100.0,2094300.0,0,0,0,0,0,0,0,0,0,0,0,0,0,0,0,0,106,2026-02-04 19:28:40.915301
ATMN,24.5,24.35,24.5,2325000.0,2111800.0,0,0,0,0,0,0,0,0,0,0,0,0,0,0,0,0,106,2026-02-04 19:28:40.915301
WNTR,24.74,24.6,24.61,2109300.0,1944600.0,0,0,0,0,0,0,0,0,0,0,0,0,0,0,0,0,106,2026-02-04 19:28:40.915301
SPNG,23.9,23.75,23.9,2396900.0,2387000.0,0,0,0,0,0,0,0,0,0,0,0,0,0,0,0,0,107,2026-02-04 19:28:41.986808
SMMR,23.58,23.58,23.83,2158200.0,2094300.0,0,0,0,0,0,0,0,0,0,0,0,0,0,0,0,0,107,2026-02-04 19:28:41.986808
ATMN,24.15,24.26,24.31,2372600.0,2128400.0,0,0,0,0,0,0,0,0,0,0,0,0,0,0,0,0,107,2026-02-04 19:28:41.986808
WNTR,24.74,24.6,24.74,2092100.0,1972900.0,0,0,0,0,0,0,0,0,0,0,0,0,0,0,0,0,107,2026-02-04 19:28:41.986808
SPNG,24.09,24.14,24.16,2381700.0,2305900.0,0,0,0,0,0,0,0,0,0,0,0,0,0,0,0,0,108,2026-02-04 19:28:43.061496
SMMR,23.67,23.58,23.65,2158200.0,2081100.0,0,0,0,0,0,0,0,0,0,0,0,0,0,0,0,0,108,2026-02-04 19:28:43.061496
ATMN,24.15,24.26,24.31,2485800.0,2171300.0,0,0,0,0,0,0,0,0,0,0,0,0,0,0,0,0,108,2026-02-04 19:28:43.061496
WNTR,24.57,24.57,24.71,2121700.0,1920200.0,0,0,0,0,0,0,0,0,0,0,0,0,0,0,0,0,108,2026-02-04 19:28:43.061496
SPNG,23.75,23.72,23.75,2357300.0,2327100.0,0,0,0,0,0,0,0,0,0,0,0,0,0,0,0,0,109,2026-02-04 19:28:44.190187
SMMR,23.66,23.66,23.82,2150900.0,2106000.0,0,0,0,0,0,0,0,0,0,0,0,0,0,0,0,0,109,2026-02-04 19:28:44.190187
ATMN,24.32,24.26,24.32,2454900.0,2164100.0,0,0,0,0,0,0,0,0,0,0,0,0,0,0,0,0,109,2026-02-04 19:28:44.190187
WNTR,24.57,24.64,24.68,2126100.0,1936100.0,0,0,0,0,0,0,0,0,0,0,0,0,0,0,0,0,109,2026-02-04 19:28:44.190187
SPNG,24.31,23.72,24.06,2357300.0,2320900.0,0,0,0,0,0,0,0,0,0,0,0,0,0,0,0,0,110,2026-02-04 19:28:45.280663
SMMR,23.89,23.66,23.89,2173000.0,2072500.0,0,0,0,0,0,0,0,0,0,0,0,0,0,0,0,0,110,2026-02-04 19:28:45.280663
ATMN,24.28,24.28,24.32,2450600.0,2185100.0,0,0,0,0,0,0,0,0,0,0,0,0,0,0,0,0,110,2026-02-04 19:28:45.280663
WNTR,24.57,24.64,24.68,2126700.0,1923700.0,0,0,0,0,0,0,0,0,0,0,0,0,0,0,0,0,110,2026-02-04 19:28:45.280663
SPNG,23.72,23.68,23.7,2357400.0,2366500.0,0,0,0,0,0,0,0,0,0,0,0,0,0,0,0,0,111,2026-02-04 19:28:46.331792
SMMR,23.89,23.89,23.9,2202000.0,2077600.0,0,0,0,0,0,0,0,0,0,0,0,0,0,0,0,0,111,2026-02-04 19:28:46.331792
ATMN,24.26,24.26,24.48,2416400.0,2178800.0,0,0,0,0,0,0,0,0,0,0,0,0,0,0,0,0,111,2026-02-04 19:28:46.331792
WNTR,24.57,24.57,24.68,2115800.0,1969800.0,0,0,0,0,0,0,0,0,0,0,0,0,0,0,0,0,111,2026-02-04 19:28:46.331792
SPNG,24.02,23.68,24.02,2357400.0,2344400.0,0,0,0,0,0,0,0,0,0,0,0,0,0,0,0,0,112,2026-02-04 19:28:47.383594
SMMR,23.74,23.74,23.9,2203800.0,2084800.0,0,0,0,0,0,0,0,0,0,0,0,0,0,0,0,0,112,2026-02-04 19:28:47.383594
ATMN,24.13,24.13,24.42,2468400.0,2187500.0,0,0,0,0,0,0,0,0,0,0,0,0,0,0,0,0,112,2026-02-04 19:28:47.383594
WNTR,24.5,24.5,24.56,2151100.0,1965700.0,0,0,0,0,0,0,0,0,0,0,0,0,0,0,0,0,112,2026-02-04 19:28:47.383594
SPNG,24.02,23.82,24.02,2361000.0,2362600.0,0,0,0,0,0,0,0,0,0,0,0,0,0,0,0,0,113,2026-02-04 19:28:47.944568
SMMR,23.74,23.76,23.79,2192500.0,2072100.0,0,0,0,0,0,0,0,0,0,0,0,0,0,0,0,0,113,2026-02-04 19:28:47.944568
ATMN,24.48,24.3,24.48,2417700.0,2194000.0,0,0,0,0,0,0,0,0,0,0,0,0,0,0,0,0,113,2026-02-04 19:28:47.944568
WNTR,24.5,24.5,24.56,2149600.0,1982800.0,0,0,0,0,0,0,0,0,0,0,0,0,0,0,0,0,113,2026-02-04 19:28:47.944568
SPNG,24.06,23.82,24.06,2361000.0,2331800.0,0,0,0,0,0,0,0,0,0,0,0,0,0,0,0,0,114,2026-02-04 19:28:49.021705
SMMR,23.91,23.83,23.91,2187900.0,2082600.0,0,0,0,0,0,0,0,0,0,0,0,0,0,0,0,0,114,2026-02-04 19:28:49.021705
ATMN,24.3,24.3,24.42,2386300.0,2217900.0,0,0,0,0,0,0,0,0,0,0,0,0,0,0,0,0,114,2026-02-04 19:28:49.021705
WNTR,24.56,24.63,24.68,2130400.0,1992500.0,0,0,0,0,0,0,0,0,0,0,0,0,0,0,0,0,114,2026-02-04 19:28:49.021705
SPNG,23.83,23.83,23.98,2380500.0,2348700.0,0,0,0,0,0,0,0,0,0,0,0,0,0,0,0,0,115,2026-02-04 19:28:50.071240
SMMR,23.92,23.9,23.92,2179700.0,2100000.0,0,0,0,0,0,0,0,0,0,0,0,0,0,0,0,0,115,2026-02-04 19:28:50.071240
ATMN,24.42,24.45,24.48,2321800.0,2194000.0,0,0,0,0,0,0,0,0,0,0,0,0,0,0,0,0,115,2026-02-04 19:28:50.071240
WNTR,24.63,24.5,24.57,2122200.0,2020200.0,0,0,0,0,0,0,0,0,0,0,0,0,0,0,0,0,115,2026-02-04 19:28:50.071240
SPNG,23.98,23.83,23.98,2360900.0,2353300.0,0,0,0,0,0,0,0,0,0,0,0,0,0,0,0,0,116,2026-02-04 19:28:51.118497
SMMR,23.9,23.9,23.92,2179700.0,2098500.0,0,0,0,0,0,0,0,0,0,0,0,0,0,0,0,0,116,2026-02-04 19:28:51.118497
ATMN,24.3,24.14,24.22,2357500.0,2212900.0,0,0,0,0,0,0,0,0,0,0,0,0,0,0,0,0,116,2026-02-04 19:28:51.118497
WNTR,24.51,24.53,24.57,2127200.0,2037000.0,0,0,0,0,0,0,0,0,0,0,0,0,0,0,0,0,116,2026-02-04 19:28:51.118497
SPNG,23.82,23.82,23.98,2384100.0,2356700.0,0,0,0,0,0,0,0,0,0,0,0,0,0,0,0,0,117,2026-02-04 19:28:52.165069
SMMR,23.9,23.83,23.84,2187900.0,2154900.0,0,0,0,0,0,0,0,0,0,0,0,0,0,0,0,0,117,2026-02-04 19:28:52.165069
ATMN,24.22,24.22,24.48,2405400.0,2194000.0,0,0,0,0,0,0,0,0,0,0,0,0,0,0,0,0,117,2026-02-04 19:28:52.165069
WNTR,24.53,24.53,24.57,2127200.0,2031500.0,0,0,0,0,0,0,0,0,0,0,0,0,0,0,0,0,117,2026-02-04 19:28:52.165069
SPNG,23.65,23.65,24.13,2383400.0,2381500.0,0,0,0,0,0,0,0,0,0,0,0,0,0,0,0,0,118,2026-02-04 19:28:53.207460
SMMR,23.9,23.83,23.84,2187900.0,2120100.0,0,0,0,0,0,0,0,0,0,0,0,0,0,0,0,0,118,2026-02-04 19:28:53.207460
ATMN,24.22,24.22,24.42,2405400.0,2184500.0,0,0,0,0,0,0,0,0,0,0,0,0,0,0,0,0,118,2026-02-04 19:28:53.207460
WNTR,24.57,24.53,24.57,2154200.0,2037500.0,0,0,0,0,0,0,0,0,0,0,0,0,0,0,0,0,118,2026-02-04 19:28:53.207460
SPNG,24.13,23.8,24.13,2392100.0,2381500.0,0,0,0,0,0,0,0,0,0,0,0,0,0,0,0,0,119,2026-02-04 19:28:54.268921
SMMR,23.84,23.86,23.9,2171500.0,2110300.0,0,0,0,0,0,0,0,0,0,0,0,0,0,0,0,0,119,2026-02-04 19:28:54.268921
ATMN,24.14,24.21,24.42,2407600.0,2184500.0,0,0,0,0,0,0,0,0,0,0,0,0,0,0,0,0,119,2026-02-04 19:28:54.268921
WNTR,24.49,24.49,24.56,2142100.0,2041900.0,0,0,0,0,0,0,0,0,0,0,0,0,0,0,0,0,119,2026-02-04 19:28:54.268921
SPNG,25.34,25.34,26.16,738900.0,551900.0,0,0,0,0,0,0,0,0,0,0,0,0,0,0,0,0,120,2026-02-04 19:28:55.309865
SMMR,23.74,26.95,0.0,648100.0,576400.0,0,0,0,0,0,0,0,0,0,0,0,0,0,0,0,0,120,2026-02-04 19:28:55.309865
ATMN,24.48,23.78,0.0,885300.0,837200.0,0,0,0,0,0,0,0,0,0,0,0,0,0,0,0,0,120,2026-02-04 19:28:55.309865
WNTR,24.49,26.25,0.0,637600.0,640400.0,0,0,0,0,0,0,0,0,0,0,0,0,0,0,0,0,120,2026-02-04 19:28:55.309865
SPNG,25.68,25.68,26.04,956700.0,839900.0,0,0,0,0,0,0,0,0,0,0,0,0,0,0,0,0,121,2026-02-04 19:28:56.400094
SMMR,25.48,25.33,25.48,1058700.0,787500.0,0,0,0,0,0,0,0,0,0,0,0,0,0,0,0,0,121,2026-02-04 19:28:56.400094
ATMN,23.78,23.78,24.16,922400.0,1194700.0,0,0,0,0,0,0,0,0,0,0,0,0,0,0,0,0,121,2026-02-04 19:28:56.400094
WNTR,25.61,25.45,25.61,1043000.0,784600.0,0,0,0,0,0,0,0,0,0,0,0,0,0,0,0,0,121,2026-02-04 19:28:56.400094
SPNG,25.68,25.75,26.01,1171100.0,965500.0,0,0,0,0,0,0,0,0,0,0,0,0,0,0,0,0,122,2026-02-04 19:28:57.433397
SMMR,25.58,25.48,25.58,1380500.0,748300.0,0,0,0,0,0,0,0,0,0,0,0,0,0,0,0,0,122,2026-02-04 19:28:57.433397
ATMN,23.78,23.78,24.1,922400.0,1528700.0,0,0,0,0,0,0,0,0,0,0,0,0,0,0,0,0,122,2026-02-04 19:28:57.433397
WNTR,25.67,25.69,25.81,1360200.0,752300.0,0,0,0,0,0,0,0,0,0,0,0,0,0,0,0,0,122,2026-02-04 19:28:57.433397
SPNG,25.68,25.68,26.01,1066400.0,965500.0,0,0,0,0,0,0,0,0,0,0,0,0,0,0,0,0,123,2026-02-04 19:28:57.999783
SMMR,25.58,25.64,25.89,1558200.0,741700.0,0,0,0,0,0,0,0,0,0,0,0,0,0,0,0,0,123,2026-02-04 19:28:57.999783
ATMN,23.78,23.78,23.84,1054000.0,1653100.0,0,0,0,0,0,0,0,0,0,0,0,0,0,0,0,0,123,2026-02-04 19:28:57.999783
WNTR,25.67,25.73,25.81,1664500.0,752300.0,0,0,0,0,0,0,0,0,0,0,0,0,0,0,0,0,123,2026-02-04 19:28:57.999783
SPNG,25.68,25.68,26.04,1066400.0,839900.0,0,0,0,0,0,0,0,0,0,0,0,0,0,0,0,0,124,2026-02-04 19:28:59.039161
SMMR,25.58,25.85,25.89,1941200.0,741700.0,0,0,0,0,0,0,0,0,0,0,0,0,0,0,0,0,124,2026-02-04 19:28:59.039161
ATMN,23.84,23.77,23.84,1060400.0,1653100.0,0,0,0,0,0,0,0,0,0,0,0,0,0,0,0,0,124,2026-02-04 19:28:59.039161
WNTR,25.67,25.73,25.81,1999800.0,752300.0,0,0,0,0,0,0,0,0,0,0,0,0,0,0,0,0,124,2026-02-04 19:28:59.039161
SPNG,26.08,25.68,26.08,1171900.0,969500.0,0,0,0,0,0,0,0,0,0,0,0,0,0,0,0,0,125,2026-02-04 19:29:00.086694
SMMR,25.89,26.12,26.19,2033900.0,761200.0,0,0,0,0,0,0,0,0,0,0,0,0,0,0,0,0,125,2026-02-04 19:29:00.086694
ATMN,23.74,23.81,23.84,1211700.0,1624600.0,0,0,0,0,0,0,0,0,0,0,0,0,0,0,0,0,125,2026-02-04 19:29:00.086694
WNTR,25.81,26.04,26.12,2094500.0,754900.0,0,0,0,0,0,0,0,0,0,0,0,0,0,0,0,0,125,2026-02-04 19:29:00.086694
SPNG,25.38,25.47,26.03,1317400.0,1087200.0,0,0,0,0,0,0,0,0,0,0,0,0,0,0,0,0,126,2026-02-04 19:29:01.205228
SMMR,26.19,26.43,26.58,2074200.0,761700.0,0,0,0,0,0,0,0,0,0,0,0,0,0,0,0,0,126,2026-02-04 19:29:01.205228
ATMN,23.66,23.66,23.93,954700.0,1733600.0,0,0,0,0,0,0,0,0,0,0,0,0,0,0,0,0,126,2026-02-04 19:29:01.205228
WNTR,26.24,26.04,26.24,2098100.0,779000.0,0,0,0,0,0,0,0,0,0,0,0,0,0,0,0,0,126,2026-02-04 19:29:01.205228
SPNG,26.03,25.5,26.03,1553900.0,1087200.0,0,0,0,0,0,0,0,0,0,0,0,0,0,0,0,0,127,2026-02-04 19:29:02.241828
SMMR,26.58,26.81,26.83,2040500.0,735100.0,0,0,0,0,0,0,0,0,0,0,0,0,0,0,0,0,127,2026-02-04 19:29:02.241828
ATMN,23.93,23.96,24.1,1268000.0,1637700.0,0,0,0,0,0,0,0,0,0,0,0,0,0,0,0,0,127,2026-02-04 19:29:02.241828
WNTR,26.48,26.04,26.43,2098100.0,1059300.0,0,0,0,0,0,0,0,0,0,0,0,0,0,0,0,0,127,2026-02-04 19:29:02.241828
SPNG,26.16,25.81,26.16,1782300.0,851800.0,0,0,0,0,0,0,0,0,0,0,0,0,0,0,0,0,128,2026-02-04 19:29:03.280375
SMMR,26.83,26.88,27.03,2031600.0,724600.0,0,0,0,0,0,0,0,0,0,0,0,0,0,0,0,0,128,2026-02-04 19:29:03.280375
ATMN,23.72,23.72,23.97,1268600.0,1894500.0,0,0,0,0,0,0,0,0,0,0,0,0,0,0,0,0,128,2026-02-04 19:29:03.280375
WNTR,26.48,26.04,26.25,2070500.0,1149400.0,0,0,0,0,0,0,0,0,0,0,0,0,0,0,0,0,128,2026-02-04 19:29:03.280375
SPNG,25.5,26.05,26.16,1672300.0,851800.0,0,0,0,0,0,0,0,0,0,0,0,0,0,0,0,0,129,2026-02-04 19:29:04.328648
SMMR,27.18,27.02,27.18,2008300.0,836700.0,0,0,0,0,0,0,0,0,0,0,0,0,0,0,0,0,129,2026-02-04 19:29:04.328648
ATMN,23.87,23.88,23.97,1400700.0,1894500.0,0,0,0,0,0,0,0,0,0,0,0,0,0,0,0,0,129,2026-02-04 19:29:04.328648
WNTR,26.25,26.32,26.43,2061800.0,1147500.0,0,0,0,0,0,0,0,0,0,0,0,0,0,0,0,0,129,2026-02-04 19:29:04.328648
SPNG,26.05,25.5,25.76,1649100.0,1099800.0,0,0,0,0,0,0,0,0,0,0,0,0,0,0,0,0,130,2026-02-04 19:29:05.368578
SMMR,27.02,26.88,27.01,2031600.0,1134900.0,0,0,0,0,0,0,0,0,0,0,0,0,0,0,0,0,130,2026-02-04 19:29:05.368578
ATMN,23.88,23.88,23.97,1505200.0,1894500.0,0,0,0,0,0,0,0,0,0,0,0,0,0,0,0,0,130,2026-02-04 19:29:05.368578
WNTR,26.25,26.32,26.35,2061800.0,1479500.0,0,0,0,0,0,0,0,0,0,0,0,0,0,0,0,0,130,2026-02-04 19:29:05.368578
SPNG,25.79,25.5,25.74,1649100.0,1232700.0,0,0,0,0,0,0,0,0,0,0,0,0,0,0,0,0,131,2026-02-04 19:29:06.461223
SMMR,26.88,26.88,27.01,2004500.0,1134900.0,0,0,0,0,0,0,0,0,0,0,0,0,0,0,0,0,131,2026-02-04 19:29:06.461223
ATMN,24.1,23.88,24.1,1611900.0,1763300.0,0,0,0,0,0,0,0,0,0,0,0,0,0,0,0,0,131,2026-02-04 19:29:06.461223
WNTR,26.32,26.32,26.35,2061800.0,1571900.0,0,0,0,0,0,0,0,0,0,0,0,0,0,0,0,0,131,2026-02-04 19:29:06.461223
SPNG,25.79,25.6,25.74,2119500.0,1232700.0,0,0,0,0,0,0,0,0,0,0,0,0,0,0,0,0,132,2026-02-04 19:29:07.499337
SMMR,26.85,26.91,27.01,2039700.0,1243100.0,0,0,0,0,0,0,0,0,0,0,0,0,0,0,0,0,132,2026-02-04 19:29:07.499337
ATMN,24.1,24.11,24.16,1602000.0,1822800.0,0,0,0,0,0,0,0,0,0,0,0,0,0,0,0,0,132,2026-02-04 19:29:07.499337
WNTR,26.32,26.06,26.19,2019400.0,1657300.0,0,0,0,0,0,0,0,0,0,0,0,0,0,0,0,0,132,2026-02-04 19:29:07.499337
SPNG,25.74,26.05,26.16,2346700.0,1106400.0,0,0,0,0,0,0,0,0,0,0,0,0,0,0,0,0,133,2026-02-04 19:29:08.052017
SMMR,26.85,26.91,26.93,2025100.0,1353300.0,0,0,0,0,0,0,0,0,0,0,0,0,0,0,0,0,133,2026-02-04 19:29:08.052017
ATMN,24.11,23.88,24.07,1479800.0,2047700.0,0,0,0,0,0,0,0,0,0,0,0,0,0,0,0,0,133,2026-02-04 19:29:08.052017
WNTR,26.35,26.06,26.35,2014200.0,1651600.0,0,0,0,0,0,0,0,0,0,0,0,0,0,0,0,0,133,2026-02-04 19:29:08.052017
SPNG,26.05,25.6,25.92,2328500.0,1203500.0,0,0,0,0,0,0,0,0,0,0,0,0,0,0,0,0,134,2026-02-04 19:29:09.086527
SMMR,26.93,26.91,26.93,2056900.0,1353300.0,0,0,0,0,0,0,0,0,0,0,0,0,0,0,0,0,134,2026-02-04 19:29:09.086527
ATMN,23.86,23.86,24.03,1375300.0,2159600.0,0,0,0,0,0,0,0,0,0,0,0,0,0,0,0,0,134,2026-02-04 19:29:09.086527
WNTR,26.23,26.23,26.35,2037500.0,1765900.0,0,0,0,0,0,0,0,0,0,0,0,0,0,0,0,0,134,2026-02-04 19:29:09.086527
SPNG,26.16,26.24,26.34,2345800.0,1223300.0,0,0,0,0,0,0,0,0,0,0,0,0,0,0,0,0,135,2026-02-04 19:29:10.138408
SMMR,27.04,27.0,27.04,2060100.0,1133600.0,0,0,0,0,0,0,0,0,0,0,0,0,0,0,0,0,135,2026-02-04 19:29:10.138408
ATMN,23.86,24.01,24.02,1593700.0,2150500.0,0,0,0,0,0,0,0,0,0,0,0,0,0,0,0,0,135,2026-02-04 19:29:10.138408
WNTR,26.23,26.06,26.12,2009100.0,1861200.0,0,0,0,0,0,0,0,0,0,0,0,0,0,0,0,0,135,2026-02-04 19:29:10.138408
SPNG,25.5,25.47,25.48,2401900.0,1429800.0,0,0,0,0,0,0,0,0,0,0,0,0,0,0,0,0,136,2026-02-04 19:29:11.189334
SMMR,27.04,27.14,27.18,2043900.0,1136700.0,0,0,0,0,0,0,0,0,0,0,0,0,0,0,0,0,136,2026-02-04 19:29:11.189334
ATMN,23.92,23.86,23.92,1490800.0,2168300.0,0,0,0,0,0,0,0,0,0,0,0,0,0,0,0,0,136,2026-02-04 19:29:11.189334
WNTR,26.12,26.23,26.35,1966200.0,1960700.0,0,0,0,0,0,0,0,0,0,0,0,0,0,0,0,0,136,2026-02-04 19:29:11.189334
SPNG,25.75,25.47,25.75,2371400.0,1415000.0,0,0,0,0,0,0,0,0,0,0,0,0,0,0,0,0,137,2026-02-04 19:29:12.231664
SMMR,27.04,27.14,27.18,2043900.0,1434000.0,0,0,0,0,0,0,0,0,0,0,0,0,0,0,0,0,137,2026-02-04 19:29:12.231664
ATMN,23.72,23.66,23.69,1415300.0,2170100.0,0,0,0,0,0,0,0,0,0,0,0,0,0,0,0,0,137,2026-02-04 19:29:12.231664
WNTR,26.12,26.23,26.35,1944400.0,1980800.0,0,0,0,0,0,0,0,0,0,0,0,0,0,0,0,0,137,2026-02-04 19:29:12.231664
SPNG,25.47,25.85,26.34,2360100.0,1314200.0,0,0,0,0,0,0,0,0,0,0,0,0,0,0,0,0,138,2026-02-04 19:29:13.282335
SMMR,27.14,27.0,27.02,2069800.0,1640700.0,0,0,0,0,0,0,0,0,0,0,0,0,0,0,0,0,138,2026-02-04 19:29:13.282335
ATMN,23.66,23.66,24.03,1670900.0,2159600.0,0,0,0,0,0,0,0,0,0,0,0,0,0,0,0,0,138,2026-02-04 19:29:13.282335
WNTR,26.13,26.13,26.35,1979100.0,1998300.0,0,0,0,0,0,0,0,0,0,0,0,0,0,0,0,0,138,2026-02-04 19:29:13.282335
SPNG,25.47,25.88,26.09,2367200.0,1520200.0,0,0,0,0,0,0,0,0,0,0,0,0,0,0,0,0,139,2026-02-04 19:29:14.319480
SMMR,26.98,26.98,27.02,2044400.0,1841900.0,0,0,0,0,0,0,0,0,0,0,0,0,0,0,0,0,139,2026-02-04 19:29:14.319480
ATMN,23.91,23.91,24.03,1802100.0,2175800.0,0,0,0,0,0,0,0,0,0,0,0,0,0,0,0,0,139,2026-02-04 19:29:14.319480
WNTR,26.36,26.29,26.36,1963400.0,1983500.0,0,0,0,0,0,0,0,0,0,0,0,0,0,0,0,0,139,2026-02-04 19:29:14.319480
SPNG,25.85,25.85,26.09,2335900.0,1646000.0,0,0,0,0,0,0,0,0,0,0,0,0,0,0,0,0,140,2026-02-04 19:29:15.365143
SMMR,26.85,26.85,26.91,2046300.0,1919400.0,0,0,0,0,0,0,0,0,0,0,0,0,0,0,0,0,140,2026-02-04 19:29:15.365143
ATMN,23.78,23.78,24.07,1680800.0,2193500.0,0,0,0,0,0,0,0,0,0,0,0,0,0,0,0,0,140,2026-02-04 19:29:15.365143
WNTR,26.13,26.2,26.27,1950900.0,2017400.0,0,0,0,0,0,0,0,0,0,0,0,0,0,0,0,0,140,2026-02-04 19:29:15.365143
SPNG,26.14,26.02,26.14,2297000.0,1624000.0,0,0,0,0,0,0,0,0,0,0,0,0,0,0,0,0,141,2026-02-04 19:29:16.403281
SMMR,26.87,26.87,27.02,2054700.0,1841900.0,0,0,0,0,0,0,0,0,0,0,0,0,0,0,0,0,141,2026-02-04 19:29:16.403281
ATMN,24.16,23.81,23.96,1810100.0,2168800.0,0,0,0,0,0,0,0,0,0,0,0,0,0,0,0,0,141,2026-02-04 19:29:16.403281
WNTR,26.24,26.2,26.24,1957600.0,2019700.0,0,0,0,0,0,0,0,0,0,0,0,0,0,0,0,0,141,2026-02-04 19:29:16.403281
SPNG,26.35,25.85,26.35,2335900.0,1458900.0,0,0,0,0,0,0,0,0,0,0,0,0,0,0,0,0,142,2026-02-04 19:29:17.454052
SMMR,26.87,26.87,27.02,2025700.0,1841900.0,0,0,0,0,0,0,0,0,0,0,0,0,0,0,0,0,142,2026-02-04 19:29:17.454052
ATMN,24.16,23.81,24.16,1936700.0,2169200.0,0,0,0,0,0,0,0,0,0,0,0,0,0,0,0,0,142,2026-02-04 19:29:17.454052
WNTR,26.27,26.27,26.36,1958000.0,2001100.0,0,0,0,0,0,0,0,0,0,0,0,0,0,0,0,0,142,2026-02-04 19:29:17.454052
SPNG,25.68,26.14,26.35,2327100.0,1571900.0,0,0,0,0,0,0,0,0,0,0,0,0,0,0,0,0,143,2026-02-04 19:29:18.521877
SMMR,27.02,27.06,27.08,2054600.0,1979700.0,0,0,0,0,0,0,0,0,0,0,0,0,0,0,0,0,143,2026-02-04 19:29:18.521877
ATMN,23.78,23.64,23.65,1807800.0,2159400.0,0,0,0,0,0,0,0,0,0,0,0,0,0,0,0,0,143,2026-02-04 19:29:18.521877
WNTR,26.34,26.34,26.36,1950200.0,1991000.0,0,0,0,0,0,0,0,0,0,0,0,0,0,0,0,0,143,2026-02-04 19:29:18.521877
SPNG,25.68,25.47,25.62,2371400.0,1889000.0,0,0,0,0,0,0,0,0,0,0,0,0,0,0,0,0,144,2026-02-04 19:29:19.564817
SMMR,26.83,26.83,26.89,2005400.0,1967400.0,0,0,0,0,0,0,0,0,0,0,0,0,0,0,0,0,144,2026-02-04 19:29:19.564817
ATMN,23.91,23.64,23.91,2054800.0,2149500.0,0,0,0,0,0,0,0,0,0,0,0,0,0,0,0,0,144,2026-02-04 19:29:19.564817
WNTR,26.07,26.07,26.36,1985200.0,1993700.0,0,0,0,0,0,0,0,0,0,0,0,0,0,0,0,0,144,2026-02-04 19:29:19.564817
SPNG,25.68,25.47,25.62,2358200.0,1889000.0,0,0,0,0,0,0,0,0,0,0,0,0,0,0,0,0,145,2026-02-04 19:29:20.601830
SMMR,27.01,26.83,26.9,2005400.0,1982400.0,0,0,0,0,0,0,0,0,0,0,0,0,0,0,0,0,145,2026-02-04 19:29:20.601830
ATMN,24.2,23.64,24.2,2165600.0,2151100.0,0,0,0,0,0,0,0,0,0,0,0,0,0,0,0,0,145,2026-02-04 19:29:20.601830
WNTR,26.07,26.07,26.14,1979300.0,1979600.0,0,0,0,0,0,0,0,0,0,0,0,0,0,0,0,0,145,2026-02-04 19:29:20.601830
SPNG,25.62,25.84,26.35,2318700.0,1794000.0,0,0,0,0,0,0,0,0,0,0,0,0,0,0,0,0,146,2026-02-04 19:29:21.236247
SMMR,26.84,26.87,27.08,2009500.0,1994600.0,0,0,0,0,0,0,0,0,0,0,0,0,0,0,0,0,146,2026-02-04 19:29:21.236247
ATMN,24.2,23.64,23.69,2165600.0,2163800.0,0,0,0,0,0,0,0,0,0,0,0,0,0,0,0,0,146,2026-02-04 19:29:21.236247
WNTR,26.14,26.31,26.36,1973300.0,1975600.0,0,0,0,0,0,0,0,0,0,0,0,0,0,0,0,0,146,2026-02-04 19:29:21.236247
SPNG,26.02,25.84,25.91,2295600.0,1922500.0,0,0,0,0,0,0,0,0,0,0,0,0,0,0,0,0,147,2026-02-04 19:29:22.326966
SMMR,27.01,26.95,27.01,2016700.0,2014500.0,0,0,0,0,0,0,0,0,0,0,0,0,0,0,0,0,147,2026-02-04 19:29:22.326966
ATMN,24.2,23.64,24.2,2165600.0,2168200.0,0,0,0,0,0,0,0,0,0,0,0,0,0,0,0,0,147,2026-02-04 19:29:22.326966
WNTR,26.25,26.25,26.36,1984000.0,2000500.0,0,0,0,0,0,0,0,0,0,0,0,0,0,0,0,0,147,2026-02-04 19:29:22.326966
SPNG,25.91,26.07,26.35,2309000.0,1917600.0,0,0,0,0,0,0,0,0,0,0,0,0,0,0,0,0,148,2026-02-04 19:29:23.382260
SMMR,26.87,26.87,27.01,2020700.0,2014500.0,0,0,0,0,0,0,0,0,0,0,0,0,0,0,0,0,148,2026-02-04 19:29:23.382260
ATMN,24.2,23.64,23.66,2287900.0,2178000.0,0,0,0,0,0,0,0,0,0,0,0,0,0,0,0,0,148,2026-02-04 19:29:23.382260
WNTR,26.25,26.25,26.36,1991800.0,2000500.0,0,0,0,0,0,0,0,0,0,0,0,0,0,0,0,0,148,2026-02-04 19:29:23.382260
SPNG,26.22,26.07,26.22,2309000.0,2024700.0,0,0,0,0,0,0,0,0,0,0,0,0,0,0,0,0,149,2026-02-04 19:29:24.415731
SMMR,27.08,26.87,26.88,2009700.0,2011600.0,0,0,0,0,0,0,0,0,0,0,0,0,0,0,0,0,149,2026-02-04 19:29:24.415731
ATMN,23.66,23.81,23.93,2278300.0,2194500.0,0,0,0,0,0,0,0,0,0,0,0,0,0,0,0,0,149,2026-02-04 19:29:24.415731
WNTR,26.25,26.25,26.36,1968200.0,2000500.0,0,0,0,0,0,0,0,0,0,0,0,0,0,0,0,0,149,2026-02-04 19:29:24.415731
SPNG,25.84,25.85,26.22,2258800.0,2072800.0,0,0,0,0,0,0,0,0,0,0,0,0,0,0,0,0,150,2026-02-04 19:29:25.524630
SMMR,27.08,26.87,26.88,2009700.0,2010600.0,0,0,0,0,0,0,0,0,0,0,0,0,0,0,0,0,150,2026-02-04 19:29:25.524630
ATMN,23.75,23.77,23.93,2402600.0,2194500.0,0,0,0,0,0,0,0,0,0,0,0,0,0,0,0,0,150,2026-02-04 19:29:25.524630
WNTR,26.16,26.07,26.1,1979300.0,1998700.0,0,0,0,0,0,0,0,0,0,0,0,0,0,0,0,0,150,2026-02-04 19:29:25.524630
SPNG,26.4,25.85,25.86,2246800.0,2040100.0,0,0,0,0,0,0,0,0,0,0,0,0,0,0,0,0,151,2026-02-04 19:29:26.553610
SMMR,26.93,27.05,27.06,2006900.0,1983300.0,0,0,0,0,0,0,0,0,0,0,0,0,0,0,0,0,151,2026-02-04 19:29:26.553610
ATMN,23.77,23.77,23.93,2402600.0,2223300.0,0,0,0,0,0,0,0,0,0,0,0,0,0,0,0,0,151,2026-02-04 19:29:26.553610
WNTR,26.1,26.2,26.26,1999600.0,1987600.0,0,0,0,0,0,0,0,0,0,0,0,0,0,0,0,0,151,2026-02-04 19:29:26.553610
SPNG,26.4,25.85,25.86,2251900.0,2040100.0,0,0,0,0,0,0,0,0,0,0,0,0,0,0,0,0,152,2026-02-04 19:29:27.592786
SMMR,26.83,26.95,27.06,1975800.0,1983300.0,0,0,0,0,0,0,0,0,0,0,0,0,0,0,0,0,152,2026-02-04 19:29:27.592786
ATMN,23.93,24.0,24.09,2384700.0,2196800.0,0,0,0,0,0,0,0,0,0,0,0,0,0,0,0,0,152,2026-02-04 19:29:27.592786
WNTR,26.26,26.32,26.36,1997800.0,1994300.0,0,0,0,0,0,0,0,0,0,0,0,0,0,0,0,0,152,2026-02-04 19:29:27.592786
SPNG,25.86,25.85,25.86,2259400.0,2040100.0,0,0,0,0,0,0,0,0,0,0,0,0,0,0,0,0,153,2026-02-04 19:29:28.626869
SMMR,26.95,26.95,27.05,1975800.0,1980900.0,0,0,0,0,0,0,0,0,0,0,0,0,0,0,0,0,153,2026-02-04 19:29:28.626869
ATMN,23.64,23.64,23.66,2373800.0,2219700.0,0,0,0,0,0,0,0,0,0,0,0,0,0,0,0,0,153,2026-02-04 19:29:28.626869
WNTR,26.32,26.32,26.36,1997800.0,1962900.0,0,0,0,0,0,0,0,0,0,0,0,0,0,0,0,0,153,2026-02-04 19:29:28.626869
SPNG,25.86,25.91,26.4,2295400.0,1923000.0,0,0,0,0,0,0,0,0,0,0,0,0,0,0,0,0,154,2026-02-04 19:29:29.178217
SMMR,26.95,26.89,26.93,1972100.0,1975700.0,0,0,0,0,0,0,0,0,0,0,0,0,0,0,0,0,154,2026-02-04 19:29:29.178217
ATMN,23.66,23.64,23.66,2391500.0,2219700.0,0,0,0,0,0,0,0,0,0,0,0,0,0,0,0,0,154,2026-02-04 19:29:29.178217
WNTR,26.32,26.32,26.36,1997800.0,1938700.0,0,0,0,0,0,0,0,0,0,0,0,0,0,0,0,0,154,2026-02-04 19:29:29.178217
SPNG,25.91,25.91,26.4,2295400.0,2083400.0,0,0,0,0,0,0,0,0,0,0,0,0,0,0,0,0,155,2026-02-04 19:29:30.282102
SMMR,26.89,26.83,26.89,1995400.0,1979600.0,0,0,0,0,0,0,0,0,0,0,0,0,0,0,0,0,155,2026-02-04 19:29:30.282102
ATMN,23.87,23.87,24.09,2394100.0,2202200.0,0,0,0,0,0,0,0,0,0,0,0,0,0,0,0,0,155,2026-02-04 19:29:30.282102
WNTR,26.32,26.18,26.22,1971700.0,1918000.0,0,0,0,0,0,0,0,0,0,0,0,0,0,0,0,0,155,2026-02-04 19:29:30.282102
SPNG,25.84,26.25,26.36,2293000.0,2100500.0,0,0,0,0,0,0,0,0,0,0,0,0,0,0,0,0,156,2026-02-04 19:29:31.328828
SMMR,27.02,26.81,27.02,1972800.0,1984400.0,0,0,0,0,0,0,0,0,0,0,0,0,0,0,0,0,156,2026-02-04 19:29:31.328828
ATMN,24.09,23.64,24.09,2402800.0,2193600.0,0,0,0,0,0,0,0,0,0,0,0,0,0,0,0,0,156,2026-02-04 19:29:31.328828
WNTR,26.32,26.18,26.19,1971700.0,1966800.0,0,0,0,0,0,0,0,0,0,0,0,0,0,0,0,0,156,2026-02-04 19:29:31.328828
SPNG,26.25,26.25,26.32,2293000.0,2137600.0,0,0,0,0,0,0,0,0,0,0,0,0,0,0,0,0,157,2026-02-04 19:29:32.396149
SMMR,26.95,26.95,27.02,1946700.0,1984400.0,0,0,0,0,0,0,0,0,0,0,0,0,0,0,0,0,157,2026-02-04 19:29:32.396149
ATMN,24.09,24.06,24.09,2386300.0,2174000.0,0,0,0,0,0,0,0,0,0,0,0,0,0,0,0,0,157,2026-02-04 19:29:32.396149
WNTR,26.15,26.17,26.22,1988400.0,1964400.0,0,0,0,0,0,0,0,0,0,0,0,0,0,0,0,0,157,2026-02-04 19:29:32.396149
SPNG,26.25,26.25,26.32,2293000.0,2177000.0,0,0,0,0,0,0,0,0,0,0,0,0,0,0,0,0,158,2026-02-04 19:29:33.444921
SMMR,27.05,26.95,27.05,1941400.0,1993600.0,0,0,0,0,0,0,0,0,0,0,0,0,0,0,0,0,158,2026-02-04 19:29:33.444921
ATMN,24.06,23.64,24.0,2402800.0,2213500.0,0,0,0,0,0,0,0,0,0,0,0,0,0,0,0,0,158,2026-02-04 19:29:33.444921
WNTR,26.17,26.08,26.1,1994100.0,1978500.0,0,0,0,0,0,0,0,0,0,0,0,0,0,0,0,0,158,2026-02-04 19:29:33.444921
SPNG,25.84,25.84,26.32,2269400.0,2177000.0,0,0,0,0,0,0,0,0,0,0,0,0,0,0,0,0,159,2026-02-04 19:29:34.482295
SMMR,27.05,26.95,27.05,1920000.0,2012300.0,0,0,0,0,0,0,0,0,0,0,0,0,0,0,0,0,159,2026-02-04 19:29:34.482295
ATMN,24.0,23.64,24.0,2346100.0,2213500.0,0,0,0,0,0,0,0,0,0,0,0,0,0,0,0,0,159,2026-02-04 19:29:34.482295
WNTR,26.22,26.07,26.22,2005900.0,1978400.0,0,0,0,0,0,0,0,0,0,0,0,0,0,0,0,0,159,2026-02-04 19:29:34.482295
SPNG,25.7,25.7,26.34,2241900.0,2187200.0,0,0,0,0,0,0,0,0,0,0,0,0,0,0,0,0,160,2026-02-04 19:29:35.535872
SMMR,26.87,26.81,26.82,1958400.0,2005700.0,0,0,0,0,0,0,0,0,0,0,0,0,0,0,0,0,160,2026-02-04 19:29:35.535872
ATMN,24.04,24.04,24.09,2334700.0,2171700.0,0,0,0,0,0,0,0,0,0,0,0,0,0,0,0,0,160,2026-02-04 19:29:35.535872
WNTR,26.22,26.1,26.18,1974400.0,1947300.0,0,0,0,0,0,0,0,0,0,0,0,0,0,0,0,0,160,2026-02-04 19:29:35.535872
SPNG,25.7,25.99,26.13,2279700.0,2199400.0,0,0,0,0,0,0,0,0,0,0,0,0,0,0,0,0,161,2026-02-04 19:29:36.578125
SMMR,27.05,26.81,27.05,1909400.0,2005100.0,0,0,0,0,0,0,0,0,0,0,0,0,0,0,0,0,161,2026-02-04 19:29:36.578125
ATMN,23.64,23.64,23.9,2346100.0,2191700.0,0,0,0,0,0,0,0,0,0,0,0,0,0,0,0,0,161,2026-02-04 19:29:36.578125
WNTR,26.22,26.1,26.22,1975800.0,1950600.0,0,0,0,0,0,0,0,0,0,0,0,0,0,0,0,0,161,2026-02-04 19:29:36.578125
SPNG,25.88,25.88,26.13,2279300.0,2209900.0,0,0,0,0,0,0,0,0,0,0,0,0,0,0,0,0,162,2026-02-04 19:29:37.690340
SMMR,27.05,26.92,27.02,1917800.0,2005000.0,0,0,0,0,0,0,0,0,0,0,0,0,0,0,0,0,162,2026-02-04 19:29:37.690340
ATMN,23.82,23.86,23.9,2318700.0,2191700.0,0,0,0,0,0,0,0,0,0,0,0,0,0,0,0,0,162,2026-02-04 19:29:37.690340
WNTR,26.32,26.15,26.32,1973700.0,1980000.0,0,0,0,0,0,0,0,0,0,0,0,0,0,0,0,0,162,2026-02-04 19:29:37.690340
SPNG,25.88,26.09,26.13,2281000.0,2188300.0,0,0,0,0,0,0,0,0,0,0,0,0,0,0,0,0,163,2026-02-04 19:29:38.254333
SMMR,27.05,26.97,27.02,1905200.0,1984000.0,0,0,0,0,0,0,0,0,0,0,0,0,0,0,0,0,163,2026-02-04 19:29:38.254333
ATMN,23.82,23.86,23.9,2318700.0,2209200.0,0,0,0,0,0,0,0,0,0,0,0,0,0,0,0,0,163,2026-02-04 19:29:38.254333
WNTR,26.15,26.15,26.32,1973700.0,1980000.0,0,0,0,0,0,0,0,0,0,0,0,0,0,0,0,0,163,2026-02-04 19:29:38.254333
SPNG,26.09,26.09,26.13,2275000.0,2185200.0,0,0,0,0,0,0,0,0,0,0,0,0,0,0,0,0,164,2026-02-04 19:29:39.309908
SMMR,27.02,26.92,27.02,1917800.0,2011600.0,0,0,0,0,0,0,0,0,0,0,0,0,0,0,0,0,164,2026-02-04 19:29:39.309908
ATMN,23.76,23.64,23.66,2299000.0,2223100.0,0,0,0,0,0,0,0,0,0,0,0,0,0,0,0,0,164,2026-02-04 19:29:39.309908
WNTR,26.07,26.07,26.32,1998500.0,1977200.0,0,0,0,0,0,0,0,0,0,0,0,0,0,0,0,0,164,2026-02-04 19:29:39.309908
SPNG,25.75,25.75,26.13,2290200.0,2200600.0,0,0,0,0,0,0,0,0,0,0,0,0,0,0,0,0,165,2026-02-04 19:29:40.365470
SMMR,27.05,26.81,27.05,1909400.0,2028100.0,0,0,0,0,0,0,0,0,0,0,0,0,0,0,0,0,165,2026-02-04 19:29:40.365470
ATMN,23.9,23.65,23.9,2290300.0,2209200.0,0,0,0,0,0,0,0,0,0,0,0,0,0,0,0,0,165,2026-02-04 19:29:40.365470
WNTR,26.33,26.07,26.33,1986000.0,1995300.0,0,0,0,0,0,0,0,0,0,0,0,0,0,0,0,0,165,2026-02-04 19:29:40.365470
SPNG,25.75,25.77,26.04,2315300.0,2235000.0,0,0,0,0,0,0,0,0,0,0,0,0,0,0,0,0,166,2026-02-04 19:29:41.483177
SMMR,27.05,27.05,27.06,1890400.0,2008500.0,0,0,0,0,0,0,0,0,0,0,0,0,0,0,0,0,166,2026-02-04 19:29:41.483177
ATMN,23.64,23.65,23.9,2320900.0,2204100.0,0,0,0,0,0,0,0,0,0,0,0,0,0,0,0,0,166,2026-02-04 19:29:41.483177
WNTR,26.08,26.07,26.21,1986000.0,1996100.0,0,0,0,0,0,0,0,0,0,0,0,0,0,0,0,0,166,2026-02-04 19:29:41.483177
SPNG,26.13,25.95,26.13,2314600.0,2200600.0,0,0,0,0,0,0,0,0,0,0,0,0,0,0,0,0,167,2026-02-04 19:29:42.629823
SMMR,27.05,26.92,26.94,1912900.0,2012300.0,0,0,0,0,0,0,0,0,0,0,0,0,0,0,0,0,167,2026-02-04 19:29:42.629823
ATMN,23.65,23.65,23.9,2328000.0,2196500.0,0,0,0,0,0,0,0,0,0,0,0,0,0,0,0,0,167,2026-02-04 19:29:42.629823
WNTR,26.06,26.06,26.11,1972400.0,1999900.0,0,0,0,0,0,0,0,0,0,0,0,0,0,0,0,0,167,2026-02-04 19:29:42.629823
SPNG,25.85,25.77,25.82,2315300.0,2242100.0,0,0,0,0,0,0,0,0,0,0,0,0,0,0,0,0,168,2026-02-04 19:29:43.695707
SMMR,27.06,27.01,27.06,1914900.0,2032800.0,0,0,0,0,0,0,0,0,0,0,0,0,0,0,0,0,168,2026-02-04 19:29:43.695707
ATMN,23.9,24.01,24.03,2324500.0,2211300.0,0,0,0,0,0,0,0,0,0,0,0,0,0,0,0,0,168,2026-02-04 19:29:43.695707
WNTR,26.06,26.06,26.11,2009200.0,1999900.0,0,0,0,0,0,0,0,0,0,0,0,0,0,0,0,0,168,2026-02-04 19:29:43.695707
SPNG,25.85,25.77,25.82,2307500.0,2242100.0,0,0,0,0,0,0,0,0,0,0,0,0,0,0,0,0,169,2026-02-04 19:29:44.253955
SMMR,27.01,26.92,26.93,1902700.0,2035100.0,0,0,0,0,0,0,0,0,0,0,0,0,0,0,0,0,169,2026-02-04 19:29:44.253955
ATMN,23.9,24.01,24.03,2324500.0,2165400.0,0,0,0,0,0,0,0,0,0,0,0,0,0,0,0,0,169,2026-02-04 19:29:44.253955
WNTR,26.06,26.06,26.11,2019900.0,1999900.0,0,0,0,0,0,0,0,0,0,0,0,0,0,0,0,0,169,2026-02-04 19:29:44.253955
SPNG,25.84,26.0,26.13,2319800.0,2242500.0,0,0,0,0,0,0,0,0,0,0,0,0,0,0,0,0,170,2026-02-04 19:29:45.327065
SMMR,26.85,26.9,26.93,1895400.0,2062400.0,0,0,0,0,0,0,0,0,0,0,0,0,0,0,0,0,170,2026-02-04 19:29:45.327065
ATMN,24.01,24.01,24.03,2324500.0,2165400.0,0,0,0,0,0,0,0,0,0,0,0,0,0,0,0,0,170,2026-02-04 19:29:45.327065
WNTR,26.11,26.17,26.21,2021600.0,1998900.0,0,0,0,0,0,0,0,0,0,0,0,0,0,0,0,0,170,2026-02-04 19:29:45.327065
SPNG,25.77,25.77,26.13,2307500.0,2242100.0,0,0,0,0,0,0,0,0,0,0,0,0,0,0,0,0,171,2026-02-04 19:29:46.388203
SMMR,26.9,26.9,27.08,1895400.0,2012800.0,0,0,0,0,0,0,0,0,0,0,0,0,0,0,0,0,171,2026-02-04 19:29:46.388203
ATMN,24.01,23.64,23.98,2333400.0,2192700.0,0,0,0,0,0,0,0,0,0,0,0,0,0,0,0,0,171,2026-02-04 19:29:46.388203
WNTR,26.06,26.06,26.18,2004500.0,1978200.0,0,0,0,0,0,0,0,0,0,0,0,0,0,0,0,0,171,2026-02-04 19:29:46.388203
SPNG,26.12,25.77,25.79,2307500.0,2240800.0,0,0,0,0,0,0,0,0,0,0,0,0,0,0,0,0,172,2026-02-04 19:29:47.444309
SMMR,26.94,26.96,27.08,1900400.0,2012800.0,0,0,0,0,0,0,0,0,0,0,0,0,0,0,0,0,172,2026-02-04 19:29:47.444309
ATMN,24.03,23.64,24.03,2302200.0,2195400.0,0,0,0,0,0,0,0,0,0,0,0,0,0,0,0,0,172,2026-02-04 19:29:47.444309
WNTR,26.33,26.06,26.33,2004500.0,1995300.0,0,0,0,0,0,0,0,0,0,0,0,0,0,0,0,0,172,2026-02-04 19:29:47.444309
SPNG,25.79,25.83,26.13,2301500.0,2250600.0,0,0,0,0,0,0,0,0,0,0,0,0,0,0,0,0,173,2026-02-04 19:29:48.488124
SMMR,27.0,27.06,27.08,1868100.0,1988800.0,0,0,0,0,0,0,0,0,0,0,0,0,0,0,0,0,173,2026-02-04 19:29:48.488124
ATMN,24.03,23.64,23.75,2308700.0,2154300.0,0,0,0,0,0,0,0,0,0,0,0,0,0,0,0,0,173,2026-02-04 19:29:48.488124
WNTR,26.03,26.05,26.16,2000400.0,1994900.0,0,0,0,0,0,0,0,0,0,0,0,0,0,0,0,0,173,2026-02-04 19:29:48.488124
SPNG,25.83,25.77,25.78,2307500.0,2273700.0,0,0,0,0,0,0,0,0,0,0,0,0,0,0,0,0,174,2026-02-04 19:29:49.596453
SMMR,27.0,27.06,27.08,1887900.0,1963700.0,0,0,0,0,0,0,0,0,0,0,0,0,0,0,0,0,174,2026-02-04 19:29:49.596453
ATMN,24.03,23.64,24.03,2326900.0,2186900.0,0,0,0,0,0,0,0,0,0,0,0,0,0,0,0,0,174,2026-02-04 19:29:49.596453
WNTR,26.16,26.22,26.32,2019700.0,1987900.0,0,0,0,0,0,0,0,0,0,0,0,0,0,0,0,0,174,2026-02-04 19:29:49.596453
SPNG,25.77,25.75,25.77,2312400.0,2260600.0,0,0,0,0,0,0,0,0,0,0,0,0,0,0,0,0,175,2026-02-04 19:29:50.640374
SMMR,27.08,27.04,27.08,1884500.0,1959700.0,0,0,0,0,0,0,0,0,0,0,0,0,0,0,0,0,175,2026-02-04 19:29:50.640374
ATMN,24.03,23.64,24.03,2315000.0,2186900.0,0,0,0,0,0,0,0,0,0,0,0,0,0,0,0,0,175,2026-02-04 19:29:50.640374
WNTR,26.16,26.29,26.32,2018900.0,1994300.0,0,0,0,0,0,0,0,0,0,0,0,0,0,0,0,0,175,2026-02-04 19:29:50.640374
SPNG,26.13,25.75,26.13,2325500.0,2230400.0,0,0,0,0,0,0,0,0,0,0,0,0,0,0,0,0,176,2026-02-04 19:29:51.692518
SMMR,26.92,26.92,27.01,1872100.0,1947500.0,0,0,0,0,0,0,0,0,0,0,0,0,0,0,0,0,176,2026-02-04 19:29:51.692518
ATMN,23.64,23.63,23.64,2322000.0,2181500.0,0,0,0,0,0,0,0,0,0,0,0,0,0,0,0,0,176,2026-02-04 19:29:51.692518
WNTR,26.32,26.29,26.32,2015700.0,1999400.0,0,0,0,0,0,0,0,0,0,0,0,0,0,0,0,0,176,2026-02-04 19:29:51.692518
SPNG,26.03,25.75,26.03,2325500.0,2279800.0,0,0,0,0,0,0,0,0,0,0,0,0,0,0,0,0,177,2026-02-04 19:29:52.743304
SMMR,27.05,26.92,26.98,1872100.0,1948600.0,0,0,0,0,0,0,0,0,0,0,0,0,0,0,0,0,177,2026-02-04 19:29:52.743304
ATMN,23.63,23.63,23.82,2322000.0,2191800.0,0,0,0,0,0,0,0,0,0,0,0,0,0,0,0,0,177,2026-02-04 19:29:52.743304
WNTR,26.22,26.14,26.22,2055600.0,2008000.0,0,0,0,0,0,0,0,0,0,0,0,0,0,0,0,0,177,2026-02-04 19:29:52.743304
SPNG,26.13,25.75,26.13,2325500.0,2259500.0,0,0,0,0,0,0,0,0,0,0,0,0,0,0,0,0,178,2026-02-04 19:29:53.782642
SMMR,26.8,26.8,27.08,1937900.0,1986800.0,0,0,0,0,0,0,0,0,0,0,0,0,0,0,0,0,178,2026-02-04 19:29:53.782642
ATMN,23.62,23.62,24.03,2305300.0,2183500.0,0,0,0,0,0,0,0,0,0,0,0,0,0,0,0,0,178,2026-02-04 19:29:53.782642
WNTR,26.14,26.2,26.22,2039500.0,2016900.0,0,0,0,0,0,0,0,0,0,0,0,0,0,0,0,0,178,2026-02-04 19:29:53.782642
SPNG,25.68,25.68,26.13,2277600.0,2259500.0,0,0,0,0,0,0,0,0,0,0,0,0,0,0,0,0,179,2026-02-04 19:29:54.856136
SMMR,27.08,26.8,27.08,1937900.0,1956400.0,0,0,0,0,0,0,0,0,0,0,0,0,0,0,0,0,179,2026-02-04 19:29:54.856136
ATMN,23.62,23.62,23.86,2296400.0,2198400.0,0,0,0,0,0,0,0,0,0,0,0,0,0,0,0,0,179,2026-02-04 19:29:54.856136
WNTR,26.2,26.2,26.27,2046300.0,2011800.0,0,0,0,0,0,0,0,0,0,0,0,0,0,0,0,0,179,2026-02-04 19:29:54.856136
SPNG,25.68,25.41,0.0,200000.0,,0,0,0,0,0,0,0,0,0,0,0,0,0,0,0,0,180,2026-02-04 19:29:55.427974
SMMR,27.08,25.59,26.1,860100.0,753800.0,0,0,0,0,0,0,0,0,0,0,0,0,0,0,0,0,180,2026-02-04 19:29:55.427974
ATMN,24.52,24.52,25.25,962400.0,658600.0,0,0,0,0,0,0,0,0,0,0,0,0,0,0,0,0,180,2026-02-04 19:29:55.427974
WNTR,26.27,25.01,0.0,200000.0,,0,0,0,0,0,0,0,0,0,0,0,0,0,0,0,0,180,2026-02-04 19:29:55.427974
SPNG,25.45,25.45,25.69,958500.0,1018600.0,0,0,0,0,0,0,0,0,0,0,0,0,0,0,0,0,181,2026-02-04 19:29:56.483304
SMMR,25.59,25.45,25.52,860500.0,983600.0,0,0,0,0,0,0,0,0,0,0,0,0,0,0,0,0,181,2026-02-04 19:29:56.483304
ATMN,24.11,24.5,24.86,1173300.0,859300.0,0,0,0,0,0,0,0,0,0,0,0,0,0,0,0,0,181,2026-02-04 19:29:56.483304
WNTR,25.14,25.14,25.33,860800.0,1021500.0,0,0,0,0,0,0,0,0,0,0,0,0,0,0,0,0,181,2026-02-04 19:29:56.483304
SPNG,25.41,25.41,25.69,962500.0,1213600.0,0,0,0,0,0,0,0,0,0,0,0,0,0,0,0,0,182,2026-02-04 19:29:57.516678
SMMR,25.52,25.64,25.89,970000.0,1056500.0,0,0,0,0,0,0,0,0,0,0,0,0,0,0,0,0,182,2026-02-04 19:29:57.516678
ATMN,24.11,24.5,24.62,1278300.0,1046900.0,0,0,0,0,0,0,0,0,0,0,0,0,0,0,0,0,182,2026-02-04 19:29:57.516678
WNTR,25.14,25.01,25.07,851700.0,1339900.0,0,0,0,0,0,0,0,0,0,0,0,0,0,0,0,0,182,2026-02-04 19:29:57.516678
SPNG,25.41,24.8,24.95,1014400.0,1534200.0,0,0,0,0,0,0,0,0,0,0,0,0,0,0,0,0,183,2026-02-04 19:29:58.560165
SMMR,25.52,25.64,25.75,970000.0,1354900.0,0,0,0,0,0,0,0,0,0,0,0,0,0,0,0,0,183,2026-02-04 19:29:58.560165
ATMN,24.5,24.5,24.62,1373900.0,1134300.0,0,0,0,0,0,0,0,0,0,0,0,0,0,0,0,0,183,2026-02-04 19:29:58.560165
WNTR,25.01,25.06,25.07,1070100.0,1339900.0,0,0,0,0,0,0,0,0,0,0,0,0,0,0,0,0,183,2026-02-04 19:29:58.560165
SPNG,24.95,25.07,25.59,1344800.0,1411800.0,0,0,0,0,0,0,0,0,0,0,0,0,0,0,0,0,184,2026-02-04 19:29:59.613946
SMMR,25.42,25.42,25.75,853400.0,1550000.0,0,0,0,0,0,0,0,0,0,0,0,0,0,0,0,0,184,2026-02-04 19:29:59.613946
ATMN,24.83,24.5,24.83,1373900.0,1254200.0,0,0,0,0,0,0,0,0,0,0,0,0,0,0,0,0,184,2026-02-04 19:29:59.613946
WNTR,25.12,25.02,25.12,1081500.0,1229800.0,0,0,0,0,0,0,0,0,0,0,0,0,0,0,0,0,184,2026-02-04 19:29:59.613946
SPNG,24.95,25.07,25.59,1588100.0,1502800.0,0,0,0,0,0,0,0,0,0,0,0,0,0,0,0,0,185,2026-02-04 19:30:00.647269
SMMR,25.05,25.4,25.53,931400.0,1645700.0,0,0,0,0,0,0,0,0,0,0,0,0,0,0,0,0,185,2026-02-04 19:30:00.647269
ATMN,24.83,24.44,24.83,1245400.0,1254200.0,0,0,0,0,0,0,0,0,0,0,0,0,0,0,0,0,185,2026-02-04 19:30:00.647269
WNTR,25.04,25.02,25.04,1176000.0,1444600.0,0,0,0,0,0,0,0,0,0,0,0,0,0,0,0,0,185,2026-02-04 19:30:00.647269
SPNG,25.02,25.22,25.59,1688000.0,1502800.0,0,0,0,0,0,0,0,0,0,0,0,0,0,0,0,0,186,2026-02-04 19:30:01.703953
SMMR,25.53,25.57,25.75,1149600.0,1550000.0,0,0,0,0,0,0,0,0,0,0,0,0,0,0,0,0,186,2026-02-04 19:30:01.703953
ATMN,24.29,24.29,24.75,1277500.0,1467500.0,0,0,0,0,0,0,0,0,0,0,0,0,0,0,0,0,186,2026-02-04 19:30:01.703953
WNTR,25.38,25.02,25.38,1277900.0,1031900.0,0,0,0,0,0,0,0,0,0,0,0,0,0,0,0,0,186,2026-02-04 19:30:01.703953
SPNG,25.59,25.0,25.59,1707600.0,1502800.0,0,0,0,0,0,0,0,0,0,0,0,0,0,0,0,0,187,2026-02-04 19:30:02.756486
SMMR,25.57,25.43,25.56,1039700.0,1977300.0,0,0,0,0,0,0,0,0,0,0,0,0,0,0,0,0,187,2026-02-04 19:30:02.756486
ATMN,24.29,24.56,24.75,1392400.0,1657600.0,0,0,0,0,0,0,0,0,0,0,0,0,0,0,0,0,187,2026-02-04 19:30:02.756486
WNTR,25.01,25.01,25.07,1070900.0,1231400.0,0,0,0,0,0,0,0,0,0,0,0,0,0,0,0,0,187,2026-02-04 19:30:02.756486
SPNG,25.59,25.25,25.49,1839700.0,1935000.0,0,0,0,0,0,0,0,0,0,0,0,0,0,0,0,0,188,2026-02-04 19:30:03.829453
SMMR,25.4,25.4,25.7,931400.0,2002900.0,0,0,0,0,0,0,0,0,0,0,0,0,0,0,0,0,188,2026-02-04 19:30:03.829453
ATMN,24.11,24.11,24.57,1044800.0,1774900.0,0,0,0,0,0,0,0,0,0,0,0,0,0,0,0,0,188,2026-02-04 19:30:03.829453
WNTR,25.01,25.01,25.07,1502800.0,1231400.0,0,0,0,0,0,0,0,0,0,0,0,0,0,0,0,0,188,2026-02-04 19:30:03.829453
SPNG,25.59,25.25,25.49,1839700.0,2057400.0,0,0,0,0,0,0,0,0,0,0,0,0,0,0,0,0,189,2026-02-04 19:30:04.392600
SMMR,25.4,25.4,25.7,931400.0,2007500.0,0,0,0,0,0,0,0,0,0,0,0,0,0,0,0,0,189,2026-02-04 19:30:04.392600
ATMN,24.11,24.11,24.57,1262500.0,1774900.0,0,0,0,0,0,0,0,0,0,0,0,0,0,0,0,0,189,2026-02-04 19:30:04.392600
WNTR,25.22,25.01,25.07,1502800.0,1217500.0,0,0,0,0,0,0,0,0,0,0,0,0,0,0,0,0,189,2026-02-04 19:30:04.392600
SPNG,25.25,25.25,25.36,1839700.0,2059300.0,0,0,0,0,0,0,0,0,0,0,0,0,0,0,0,0,190,2026-02-04 19:30:05.520766
SMMR,25.17,25.4,25.7,956400.0,1980200.0,0,0,0,0,0,0,0,0,0,0,0,0,0,0,0,0,190,2026-02-04 19:30:05.520766
ATMN,24.11,24.49,24.57,1617300.0,1774900.0,0,0,0,0,0,0,0,0,0,0,0,0,0,0,0,0,190,2026-02-04 19:30:05.520766
WNTR,25.09,25.01,25.09,1620600.0,1220300.0,0,0,0,0,0,0,0,0,0,0,0,0,0,0,0,0,190,2026-02-04 19:30:05.520766
SPNG,25.36,25.3,25.36,2086900.0,2090800.0,0,0,0,0,0,0,0,0,0,0,0,0,0,0,0,0,191,2026-02-04 19:30:06.616902
SMMR,25.17,25.62,25.65,1063400.0,2042200.0,0,0,0,0,0,0,0,0,0,0,0,0,0,0,0,0,191,2026-02-04 19:30:06.616902
ATMN,24.75,24.49,24.75,1617300.0,1760700.0,0,0,0,0,0,0,0,0,0,0,0,0,0,0,0,0,191,2026-02-04 19:30:06.616902
WNTR,25.12,25.01,25.12,1711300.0,1154000.0,0,0,0,0,0,0,0,0,0,0,0,0,0,0,0,0,191,2026-02-04 19:30:06.616902
SPNG,25.56,25.3,25.56,2214500.0,2083300.0,0,0,0,0,0,0,0,0,0,0,0,0,0,0,0,0,192,2026-02-04 19:30:07.721286
SMMR,25.62,25.4,25.62,956400.0,2040200.0,0,0,0,0,0,0,0,0,0,0,0,0,0,0,0,0,192,2026-02-04 19:30:07.721286
ATMN,24.49,24.49,24.77,1845100.0,1779900.0,0,0,0,0,0,0,0,0,0,0,0,0,0,0,0,0,192,2026-02-04 19:30:07.721286
WNTR,25.12,25.02,25.12,2107300.0,1154000.0,0,0,0,0,0,0,0,0,0,0,0,0,0,0,0,0,192,2026-02-04 19:30:07.721286
SPNG,25.56,25.3,25.51,2214500.0,2086500.0,0,0,0,0,0,0,0,0,0,0,0,0,0,0,0,0,193,2026-02-04 19:30:08.777210
SMMR,25.38,25.52,25.62,1149600.0,2040200.0,0,0,0,0,0,0,0,0,0,0,0,0,0,0,0,0,193,2026-02-04 19:30:08.777210
ATMN,24.49,24.66,24.72,1946000.0,1998200.0,0,0,0,0,0,0,0,0,0,0,0,0,0,0,0,0,193,2026-02-04 19:30:08.777210
WNTR,25.12,25.05,25.12,2058300.0,1154000.0,0,0,0,0,0,0,0,0,0,0,0,0,0,0,0,0,193,2026-02-04 19:30:08.777210
SPNG,25.56,25.3,25.51,2358700.0,2064400.0,0,0,0,0,0,0,0,0,0,0,0,0,0,0,0,0,194,2026-02-04 19:30:09.823697
SMMR,25.25,25.25,25.62,1038400.0,2040200.0,0,0,0,0,0,0,0,0,0,0,0,0,0,0,0,0,194,2026-02-04 19:30:09.823697
ATMN,24.66,24.66,24.72,2075700.0,2042000.0,0,0,0,0,0,0,0,0,0,0,0,0,0,0,0,0,194,2026-02-04 19:30:09.823697
WNTR,25.38,25.05,25.22,2054800.0,1142800.0,0,0,0,0,0,0,0,0,0,0,0,0,0,0,0,0,194,2026-02-04 19:30:09.823697
SPNG,25.23,25.23,25.37,2106200.0,2078500.0,0,0,0,0,0,0,0,0,0,0,0,0,0,0,0,0,195,2026-02-04 19:30:10.876838
SMMR,25.43,25.25,25.43,1038400.0,2030500.0,0,0,0,0,0,0,0,0,0,0,0,0,0,0,0,0,195,2026-02-04 19:30:10.876838
ATMN,24.04,24.23,24.72,1830400.0,2074400.0,0,0,0,0,0,0,0,0,0,0,0,0,0,0,0,0,195,2026-02-04 19:30:10.876838
WNTR,25.38,25.05,25.07,2031600.0,1422200.0,0,0,0,0,0,0,0,0,0,0,0,0,0,0,0,0,195,2026-02-04 19:30:10.876838
SPNG,25.12,25.12,25.37,1979400.0,2106200.0,0,0,0,0,0,0,0,0,0,0,0,0,0,0,0,0,196,2026-02-04 19:30:11.916587
SMMR,25.05,25.25,25.43,1149800.0,2029700.0,0,0,0,0,0,0,0,0,0,0,0,0,0,0,0,0,196,2026-02-04 19:30:11.916587
ATMN,24.75,24.67,24.75,2048100.0,2059600.0,0,0,0,0,0,0,0,0,0,0,0,0,0,0,0,0,196,2026-02-04 19:30:11.916587
WNTR,25.07,25.11,25.22,2037200.0,1335500.0,0,0,0,0,0,0,0,0,0,0,0,0,0,0,0,0,196,2026-02-04 19:30:11.916587
SPNG,25.12,25.36,25.37,2079700.0,2125100.0,0,0,0,0,0,0,0,0,0,0,0,0,0,0,0,0,197,2026-02-04 19:30:12.454511
SMMR,25.44,25.25,25.44,1284700.0,2038500.0,0,0,0,0,0,0,0,0,0,0,0,0,0,0,0,0,197,2026-02-04 19:30:12.454511
ATMN,24.77,24.67,24.77,2048100.0,2034700.0,0,0,0,0,0,0,0,0,0,0,0,0,0,0,0,0,197,2026-02-04 19:30:12.454511
WNTR,25.01,25.01,25.22,2056500.0,1335500.0,0,0,0,0,0,0,0,0,0,0,0,0,0,0,0,0,197,2026-02-04 19:30:12.454511
SPNG,25.12,25.36,25.37,2230800.0,2142200.0,0,0,0,0,0,0,0,0,0,0,0,0,0,0,0,0,198,2026-02-04 19:30:13.505008
SMMR,25.44,25.52,25.62,1391900.0,2040200.0,0,0,0,0,0,0,0,0,0,0,0,0,0,0,0,0,198,2026-02-04 19:30:13.505008
ATMN,24.8,24.37,24.8,2060200.0,2036800.0,0,0,0,0,0,0,0,0,0,0,0,0,0,0,0,0,198,2026-02-04 19:30:13.505008
WNTR,24.97,24.97,25.22,2081500.0,1535700.0,0,0,0,0,0,0,0,0,0,0,0,0,0,0,0,0,198,2026-02-04 19:30:13.505008
SPNG,25.28,25.12,25.28,2232500.0,2162100.0,0,0,0,0,0,0,0,0,0,0,0,0,0,0,0,0,199,2026-02-04 19:30:14.548651
SMMR,25.24,25.24,25.45,1284300.0,2029600.0,0,0,0,0,0,0,0,0,0,0,0,0,0,0,0,0,199,2026-02-04 19:30:14.548651
ATMN,24.82,24.7,24.82,2169400.0,2037600.0,0,0,0,0,0,0,0,0,0,0,0,0,0,0,0,0,199,2026-02-04 19:30:14.548651
WNTR,24.97,24.98,25.0,2054800.0,1703500.0,0,0,0,0,0,0,0,0,0,0,0,0,0,0,0,0,199,2026-02-04 19:30:14.548651
SPNG,25.28,25.12,25.26,2369000.0,2182500.0,0,0,0,0,0,0,0,0,0,0,0,0,0,0,0,0,200,2026-02-04 19:30:15.600114
SMMR,25.33,25.24,25.33,1490100.0,2057300.0,0,0,0,0,0,0,0,0,0,0,0,0,0,0,0,0,200,2026-02-04 19:30:15.600114
ATMN,24.3,24.6,24.82,2135600.0,2037600.0,0,0,0,0,0,0,0,0,0,0,0,0,0,0,0,0,200,2026-02-04 19:30:15.600114
WNTR,24.97,24.98,25.0,2056800.0,1807100.0,0,0,0,0,0,0,0,0,0,0,0,0,0,0,0,0,200,2026-02-04 19:30:15.600114
SPNG,25.39,25.12,25.39,2369000.0,2138500.0,0,0,0,0,0,0,0,0,0,0,0,0,0,0,0,0,201,2026-02-04 19:30:16.636769
SMMR,25.33,25.36,25.45,1463600.0,2030400.0,0,0,0,0,0,0,0,0,0,0,0,0,0,0,0,0,201,2026-02-04 19:30:16.636769
ATMN,24.6,24.6,24.82,2231500.0,2054600.0,0,0,0,0,0,0,0,0,0,0,0,0,0,0,0,0,201,2026-02-04 19:30:16.636769
WNTR,25.04,24.98,25.04,2065200.0,1836200.0,0,0,0,0,0,0,0,0,0,0,0,0,0,0,0,0,201,2026-02-04 19:30:16.636769
SPNG,25.12,25.12,25.39,2369000.0,2172400.0,0,0,0,0,0,0,0,0,0,0,0,0,0,0,0,0,202,2026-02-04 19:30:17.683928
SMMR,25.36,25.23,25.36,1370500.0,2039500.0,0,0,0,0,0,0,0,0,0,0,0,0,0,0,0,0,202,2026-02-04 19:30:17.683928
ATMN,24.6,24.73,24.76,2325000.0,2132800.0,0,0,0,0,0,0,0,0,0,0,0,0,0,0,0,0,202,2026-02-04 19:30:17.683928
WNTR,25.24,25.25,25.37,2060500.0,1589200.0,0,0,0,0,0,0,0,0,0,0,0,0,0,0,0,0,202,2026-02-04 19:30:17.683928
SPNG,25.42,25.12,25.15,2463600.0,2160000.0,0,0,0,0,0,0,0,0,0,0,0,0,0,0,0,0,203,2026-02-04 19:30:18.740711
SMMR,25.23,25.32,25.37,1584000.0,2034400.0,0,0,0,0,0,0,0,0,0,0,0,0,0,0,0,0,203,2026-02-04 19:30:18.740711
ATMN,24.6,24.46,24.47,2299700.0,2148200.0,0,0,0,0,0,0,0,0,0,0,0,0,0,0,0,0,203,2026-02-04 19:30:18.740711
WNTR,25.25,25.12,25.14,2052800.0,1912000.0,0,0,0,0,0,0,0,0,0,0,0,0,0,0,0,0,203,2026-02-04 19:30:18.740711
SPNG,25.42,25.12,25.15,2396800.0,2160000.0,0,0,0,0,0,0,0,0,0,0,0,0,0,0,0,0,204,2026-02-04 19:30:19.791349
SMMR,25.32,25.32,25.49,1692300.0,2043300.0,0,0,0,0,0,0,0,0,0,0,0,0,0,0,0,0,204,2026-02-04 19:30:19.791349
ATMN,24.76,24.67,24.76,2218300.0,2132800.0,0,0,0,0,0,0,0,0,0,0,0,0,0,0,0,0,204,2026-02-04 19:30:19.791349
WNTR,25.12,25.12,25.14,2052800.0,2051500.0,0,0,0,0,0,0,0,0,0,0,0,0,0,0,0,0,204,2026-02-04 19:30:19.791349
SPNG,25.0,25.0,25.42,2349600.0,2140400.0,0,0,0,0,0,0,0,0,0,0,0,0,0,0,0,0,205,2026-02-04 19:30:20.847354
SMMR,25.03,25.08,25.49,1479300.0,2029900.0,0,0,0,0,0,0,0,0,0,0,0,0,0,0,0,0,205,2026-02-04 19:30:20.847354
ATMN,24.82,24.67,24.82,2186900.0,2065900.0,0,0,0,0,0,0,0,0,0,0,0,0,0,0,0,0,205,2026-02-04 19:30:20.847354
WNTR,24.98,24.97,24.98,2068100.0,2041900.0,0,0,0,0,0,0,0,0,0,0,0,0,0,0,0,0,205,2026-02-04 19:30:20.847354
SPNG,25.0,25.0,25.09,2286900.0,2159900.0,0,0,0,0,0,0,0,0,0,0,0,0,0,0,0,0,206,2026-02-04 19:30:21.902321
SMMR,25.62,25.37,25.62,1597100.0,2021000.0,0,0,0,0,0,0,0,0,0,0,0,0,0,0,0,0,206,2026-02-04 19:30:21.902321
ATMN,24.67,24.59,24.65,2125400.0,2082300.0,0,0,0,0,0,0,0,0,0,0,0,0,0,0,0,0,206,2026-02-04 19:30:21.902321
WNTR,25.07,24.97,25.05,2068100.0,2058900.0,0,0,0,0,0,0,0,0,0,0,0,0,0,0,0,0,206,2026-02-04 19:30:21.902321
SPNG,25.09,25.0,25.09,2236300.0,2159900.0,0,0,0,0,0,0,0,0,0,0,0,0,0,0,0,0,207,2026-02-04 19:30:22.934666
SMMR,25.27,25.39,25.62,1588400.0,2021000.0,0,0,0,0,0,0,0,0,0,0,0,0,0,0,0,0,207,2026-02-04 19:30:22.934666
ATMN,24.55,24.55,24.86,2130900.0,2009400.0,0,0,0,0,0,0,0,0,0,0,0,0,0,0,0,0,207,2026-02-04 19:30:22.934666
WNTR,25.01,24.97,24.99,2076600.0,2070700.0,0,0,0,0,0,0,0,0,0,0,0,0,0,0,0,0,207,2026-02-04 19:30:22.934666
SPNG,25.43,25.34,25.43,2252200.0,2137800.0,0,0,0,0,0,0,0,0,0,0,0,0,0,0,0,0,208,2026-02-04 19:30:23.967730
SMMR,25.08,25.08,25.45,1479300.0,2013600.0,0,0,0,0,0,0,0,0,0,0,0,0,0,0,0,0,208,2026-02-04 19:30:23.967730
ATMN,24.55,24.63,24.69,2160900.0,2024500.0,0,0,0,0,0,0,0,0,0,0,0,0,0,0,0,0,208,2026-02-04 19:30:23.967730
WNTR,25.11,25.1,25.11,2070700.0,2063100.0,0,0,0,0,0,0,0,0,0,0,0,0,0,0,0,0,208,2026-02-04 19:30:23.967730
SPNG,25.51,25.0,25.22,2245100.0,2140000.0,0,0,0,0,0,0,0,0,0,0,0,0,0,0,0,0,209,2026-02-04 19:30:25.006684
SMMR,25.08,25.28,25.3,1794500.0,1988200.0,0,0,0,0,0,0,0,0,0,0,0,0,0,0,0,0,209,2026-02-04 19:30:25.006684
ATMN,24.9,24.63,24.9,2148700.0,1900100.0,0,0,0,0,0,0,0,0,0,0,0,0,0,0,0,0,209,2026-02-04 19:30:25.006684
WNTR,25.11,25.05,25.11,2083000.0,2063100.0,0,0,0,0,0,0,0,0,0,0,0,0,0,0,0,0,209,2026-02-04 19:30:25.006684
SPNG,25.51,25.01,25.22,2269100.0,2140000.0,0,0,0,0,0,0,0,0,0,0,0,0,0,0,0,0,210,2026-02-04 19:30:25.535112
SMMR,25.3,25.28,25.3,1897100.0,1988200.0,0,0,0,0,0,0,0,0,0,0,0,0,0,0,0,0,210,2026-02-04 19:30:25.535112
ATMN,24.9,24.63,24.9,2148700.0,2012100.0,0,0,0,0,0,0,0,0,0,0,0,0,0,0,0,0,210,2026-02-04 19:30:25.535112
WNTR,24.97,24.97,25.11,2077900.0,2073500.0,0,0,0,0,0,0,0,0,0,0,0,0,0,0,0,0,210,2026-02-04 19:30:25.535112
SPNG,25.22,25.18,25.22,2277400.0,2140000.0,0,0,0,0,0,0,0,0,0,0,0,0,0,0,0,0,211,2026-02-04 19:30:26.573070
SMMR,25.5,25.39,25.48,1991800.0,1996900.0,0,0,0,0,0,0,0,0,0,0,0,0,0,0,0,0,211,2026-02-04 19:30:26.573070
ATMN,24.9,24.65,24.9,2128900.0,2012100.0,0,0,0,0,0,0,0,0,0,0,0,0,0,0,0,0,211,2026-02-04 19:30:26.573070
WNTR,24.96,25.06,25.11,2066500.0,2073500.0,0,0,0,0,0,0,0,0,0,0,0,0,0,0,0,0,211,2026-02-04 19:30:26.573070
SPNG,25.18,25.18,25.51,2277400.0,2120400.0,0,0,0,0,0,0,0,0,0,0,0,0,0,0,0,0,212,2026-02-04 19:30:27.606204
SMMR,25.48,25.48,25.5,2014700.0,2016500.0,0,0,0,0,0,0,0,0,0,0,0,0,0,0,0,0,212,2026-02-04 19:30:27.606204
ATMN,24.91,24.84,24.91,2084600.0,1909700.0,0,0,0,0,0,0,0,0,0,0,0,0,0,0,0,0,212,2026-02-04 19:30:27.606204
WNTR,24.96,25.07,25.11,2065500.0,2064900.0,0,0,0,0,0,0,0,0,0,0,0,0,0,0,0,0,212,2026-02-04 19:30:27.606204
SPNG,25.01,25.14,25.53,2298200.0,2110200.0,0,0,0,0,0,0,0,0,0,0,0,0,0,0,0,0,213,2026-02-04 19:30:28.646834
SMMR,25.48,25.28,25.44,2070500.0,1969800.0,0,0,0,0,0,0,0,0,0,0,0,0,0,0,0,0,213,2026-02-04 19:30:28.646834
ATMN,24.95,24.84,24.88,2084600.0,1867700.0,0,0,0,0,0,0,0,0,0,0,0,0,0,0,0,0,213,2026-02-04 19:30:28.646834
WNTR,24.96,25.07,25.11,2065500.0,2031900.0,0,0,0,0,0,0,0,0,0,0,0,0,0,0,0,0,213,2026-02-04 19:30:28.646834
SPNG,25.49,25.14,25.49,2298200.0,2139100.0,0,0,0,0,0,0,0,0,0,0,0,0,0,0,0,0,214,2026-02-04 19:30:29.677643
SMMR,25.5,25.28,25.5,2021500.0,1964800.0,0,0,0,0,0,0,0,0,0,0,0,0,0,0,0,0,214,2026-02-04 19:30:29.677643
ATMN,24.95,24.84,24.95,2043500.0,1673800.0,0,0,0,0,0,0,0,0,0,0,0,0,0,0,0,0,214,2026-02-04 19:30:29.677643
WNTR,25.17,24.96,25.17,2077400.0,1994000.0,0,0,0,0,0,0,0,0,0,0,0,0,0,0,0,0,214,2026-02-04 19:30:29.677643
SPNG,24.97,24.97,25.49,2255400.0,2139100.0,0,0,0,0,0,0,0,0,0,0,0,0,0,0,0,0,215,2026-02-04 19:30:30.722206
SMMR,25.36,25.28,25.36,2003900.0,1999400.0,0,0,0,0,0,0,0,0,0,0,0,0,0,0,0,0,215,2026-02-04 19:30:30.722206
ATMN,24.96,24.85,24.96,2081000.0,1556000.0,0,0,0,0,0,0,0,0,0,0,0,0,0,0,0,0,215,2026-02-04 19:30:30.722206
WNTR,25.06,25.06,25.17,2093300.0,1994000.0,0,0,0,0,0,0,0,0,0,0,0,0,0,0,0,0,215,2026-02-04 19:30:30.722206
SPNG,25.56,24.97,25.56,2255200.0,2106300.0,0,0,0,0,0,0,0,0,0,0,0,0,0,0,0,0,216,2026-02-04 19:30:31.801368
SMMR,25.63,25.28,25.63,2011700.0,1961700.0,0,0,0,0,0,0,0,0,0,0,0,0,0,0,0,0,216,2026-02-04 19:30:31.801368
ATMN,24.85,24.85,24.96,2064500.0,1754300.0,0,0,0,0,0,0,0,0,0,0,0,0,0,0,0,0,216,2026-02-04 19:30:31.801368
WNTR,24.95,24.95,25.17,2078900.0,1994000.0,0,0,0,0,0,0,0,0,0,0,0,0,0,0,0,0,216,2026-02-04 19:30:31.801368
SPNG,25.31,25.31,25.38,2268300.0,2083800.0,0,0,0,0,0,0,0,0,0,0,0,0,0,0,0,0,217,2026-02-04 19:30:32.866385
SMMR,25.63,25.28,25.44,2011700.0,1997000.0,0,0,0,0,0,0,0,0,0,0,0,0,0,0,0,0,217,2026-02-04 19:30:32.866385
ATMN,24.85,24.84,24.85,2065900.0,1883800.0,0,0,0,0,0,0,0,0,0,0,0,0,0,0,0,0,217,2026-02-04 19:30:32.866385
WNTR,25.18,25.04,25.18,2094400.0,2016100.0,0,0,0,0,0,0,0,0,0,0,0,0,0,0,0,0,217,2026-02-04 19:30:32.866385
SPNG,25.31,25.31,25.38,2318400.0,2103800.0,0,0,0,0,0,0,0,0,0,0,0,0,0,0,0,0,218,2026-02-04 19:30:33.926423
SMMR,25.63,25.28,25.39,1997600.0,2016900.0,0,0,0,0,0,0,0,0,0,0,0,0,0,0,0,0,218,2026-02-04 19:30:33.926423
ATMN,24.98,24.97,24.98,2081100.0,1969500.0,0,0,0,0,0,0,0,0,0,0,0,0,0,0,0,0,218,2026-02-04 19:30:33.926423
WNTR,25.04,25.04,25.18,2072100.0,2017400.0,0,0,0,0,0,0,0,0,0,0,0,0,0,0,0,0,218,2026-02-04 19:30:33.926423
SPNG,25.2,25.2,25.38,2283000.0,2109700.0,0,0,0,0,0,0,0,0,0,0,0,0,0,0,0,0,219,2026-02-04 19:30:34.974233
SMMR,25.39,25.28,25.39,2004400.0,2016900.0,0,0,0,0,0,0,0,0,0,0,0,0,0,0,0,0,219,2026-02-04 19:30:34.974233
ATMN,24.98,24.97,24.98,2081100.0,1977100.0,0,0,0,0,0,0,0,0,0,0,0,0,0,0,0,0,219,2026-02-04 19:30:34.974233
WNTR,25.19,25.01,25.13,2058500.0,2010200.0,0,0,0,0,0,0,0,0,0,0,0,0,0,0,0,0,219,2026-02-04 19:30:34.974233
SPNG,25.56,24.97,25.56,2280000.0,2106300.0,0,0,0,0,0,0,0,0,0,0,0,0,0,0,0,0,220,2026-02-04 19:30:36.025404
SMMR,25.44,25.28,25.44,1986400.0,2014700.0,0,0,0,0,0,0,0,0,0,0,0,0,0,0,0,0,220,2026-02-04 19:30:36.025404
ATMN,24.99,24.97,24.99,2062100.0,1979000.0,0,0,0,0,0,0,0,0,0,0,0,0,0,0,0,0,220,2026-02-04 19:30:36.025404
WNTR,25.19,25.01,25.19,2067700.0,2032200.0,0,0,0,0,0,0,0,0,0,0,0,0,0,0,0,0,220,2026-02-04 19:30:36.025404
SPNG,25.21,24.97,25.19,2280000.0,2115300.0,0,0,0,0,0,0,0,0,0,0,0,0,0,0,0,0,221,2026-02-04 19:30:37.081418
SMMR,25.38,25.38,25.44,2026100.0,2014700.0,0,0,0,0,0,0,0,0,0,0,0,0,0,0,0,0,221,2026-02-04 19:30:37.081418
ATMN,24.93,24.93,24.99,2050800.0,1986400.0,0,0,0,0,0,0,0,0,0,0,0,0,0,0,0,0,221,2026-02-04 19:30:37.081418
WNTR,25.19,25.14,25.19,2081100.0,2019000.0,0,0,0,0,0,0,0,0,0,0,0,0,0,0,0,0,221,2026-02-04 19:30:37.081418
SPNG,25.5,24.97,25.5,2306000.0,2113100.0,0,0,0,0,0,0,0,0,0,0,0,0,0,0,0,0,222,2026-02-04 19:30:38.137094
SMMR,25.28,25.28,25.44,1976800.0,2014700.0,0,0,0,0,0,0,0,0,0,0,0,0,0,0,0,0,222,2026-02-04 19:30:38.137094
ATMN,24.82,24.77,24.79,2073900.0,2007400.0,0,0,0,0,0,0,0,0,0,0,0,0,0,0,0,0,222,2026-02-04 19:30:38.137094
WNTR,25.2,25.14,25.2,2085600.0,1989500.0,0,0,0,0,0,0,0,0,0,0,0,0,0,0,0,0,222,2026-02-04 19:30:38.137094
SPNG,25.5,24.97,25.13,2326000.0,2149700.0,0,0,0,0,0,0,0,0,0,0,0,0,0,0,0,0,223,2026-02-04 19:30:38.691307
SMMR,25.52,25.28,25.52,1976800.0,1966000.0,0,0,0,0,0,0,0,0,0,0,0,0,0,0,0,0,223,2026-02-04 19:30:38.691307
ATMN,24.77,24.77,24.99,2073900.0,1998600.0,0,0,0,0,0,0,0,0,0,0,0,0,0,0,0,0,223,2026-02-04 19:30:38.691307
WNTR,25.08,25.08,25.2,2084100.0,1984700.0,0,0,0,0,0,0,0,0,0,0,0,0,0,0,0,0,223,2026-02-04 19:30:38.691307
SPNG,25.13,25.05,25.13,2339800.0,2149700.0,0,0,0,0,0,0,0,0,0,0,0,0,0,0,0,0,224,2026-02-04 19:30:39.785038
SMMR,25.52,25.28,25.34,1988200.0,1982500.0,0,0,0,0,0,0,0,0,0,0,0,0,0,0,0,0,224,2026-02-04 19:30:39.785038
ATMN,24.65,24.84,24.99,2094000.0,1998600.0,0,0,0,0,0,0,0,0,0,0,0,0,0,0,0,0,224,2026-02-04 19:30:39.785038
WNTR,25.05,25.05,25.2,2092800.0,1998500.0,0,0,0,0,0,0,0,0,0,0,0,0,0,0,0,0,224,2026-02-04 19:30:39.785038
SPNG,25.05,25.05,25.21,2347300.0,2141300.0,0,0,0,0,0,0,0,0,0,0,0,0,0,0,0,0,225,2026-02-04 19:30:40.835985
SMMR,25.26,25.33,25.34,1976500.0,1990500.0,0,0,0,0,0,0,0,0,0,0,0,0,0,0,0,0,225,2026-02-04 19:30:40.835985
ATMN,24.99,24.84,24.91,2094000.0,2010500.0,0,0,0,0,0,0,0,0,0,0,0,0,0,0,0,0,225,2026-02-04 19:30:40.835985
WNTR,25.03,25.03,25.08,2107600.0,2025500.0,0,0,0,0,0,0,0,0,0,0,0,0,0,0,0,0,225,2026-02-04 19:30:40.835985
SPNG,25.56,25.31,25.33,2349600.0,2079000.0,0,0,0,0,0,0,0,0,0,0,0,0,0,0,0,0,226,2026-02-04 19:30:41.984372
SMMR,25.46,25.49,25.52,1976500.0,1966200.0,0,0,0,0,0,0,0,0,0,0,0,0,0,0,0,0,226,2026-02-04 19:30:41.984372
ATMN,24.84,24.84,24.91,2130200.0,2023300.0,0,0,0,0,0,0,0,0,0,0,0,0,0,0,0,0,226,2026-02-04 19:30:41.984372
WNTR,25.03,25.03,25.08,2091300.0,2054800.0,0,0,0,0,0,0,0,0,0,0,0,0,0,0,0,0,226,2026-02-04 19:30:41.984372
SPNG,25.56,25.12,25.56,2358300.0,2088300.0,0,0,0,0,0,0,0,0,0,0,0,0,0,0,0,0,227,2026-02-04 19:30:43.061124
SMMR,25.33,25.33,25.54,1983400.0,1974000.0,0,0,0,0,0,0,0,0,0,0,0,0,0,0,0,0,227,2026-02-04 19:30:43.061124
ATMN,24.69,24.69,24.91,2145800.0,2023300.0,0,0,0,0,0,0,0,0,0,0,0,0,0,0,0,0,227,2026-02-04 19:30:43.061124
WNTR,25.16,25.05,25.16,2050700.0,2022900.0,0,0,0,0,0,0,0,0,0,0,0,0,0,0,0,0,227,2026-02-04 19:30:43.061124
SPNG,25.58,25.12,25.58,2338900.0,2056200.0,0,0,0,0,0,0,0,0,0,0,0,0,0,0,0,0,228,2026-02-04 19:30:44.113161
SMMR,25.33,25.25,25.31,1991400.0,1965900.0,0,0,0,0,0,0,0,0,0,0,0,0,0,0,0,0,228,2026-02-04 19:30:44.113161
ATMN,24.69,24.9,24.91,2155100.0,2023300.0,0,0,0,0,0,0,0,0,0,0,0,0,0,0,0,0,228,2026-02-04 19:30:44.113161
WNTR,25.2,25.21,25.22,2057200.0,2036800.0,0,0,0,0,0,0,0,0,0,0,0,0,0,0,0,0,228,2026-02-04 19:30:44.113161
SPNG,25.29,25.12,25.29,2338900.0,2105500.0,0,0,0,0,0,0,0,0,0,0,0,0,0,0,0,0,229,2026-02-04 19:30:45.181496
SMMR,25.33,25.25,25.31,2010900.0,1965900.0,0,0,0,0,0,0,0,0,0,0,0,0,0,0,0,0,229,2026-02-04 19:30:45.181496
ATMN,24.69,24.9,24.91,2145100.0,2023300.0,0,0,0,0,0,0,0,0,0,0,0,0,0,0,0,0,229,2026-02-04 19:30:45.181496
WNTR,25.05,25.05,25.22,2050700.0,2036800.0,0,0,0,0,0,0,0,0,0,0,0,0,0,0,0,0,229,2026-02-04 19:30:45.181496
SPNG,25.29,25.26,25.29,2353300.0,2105500.0,0,0,0,0,0,0,0,0,0,0,0,0,0,0,0,0,230,2026-02-04 19:30:45.716338
SMMR,25.5,25.3,25.5,1976100.0,1957000.0,0,0,0,0,0,0,0,0,0,0,0,0,0,0,0,0,230,2026-02-04 19:30:45.716338
ATMN,24.69,24.9,24.91,2146900.0,2023300.0,0,0,0,0,0,0,0,0,0,0,0,0,0,0,0,0,230,2026-02-04 19:30:45.716338
WNTR,25.22,25.05,25.22,2050700.0,2029200.0,0,0,0,0,0,0,0,0,0,0,0,0,0,0,0,0,230,2026-02-04 19:30:45.716338
SPNG,25.29,25.35,25.58,2325600.0,2095000.0,0,0,0,0,0,0,0,0,0,0,0,0,0,0,0,0,231,2026-02-04 19:30:46.753303
SMMR,25.25,25.29,25.5,1999800.0,1972400.0,0,0,0,0,0,0,0,0,0,0,0,0,0,0,0,0,231,2026-02-04 19:30:46.753303
ATMN,24.91,24.9,24.91,2141000.0,2023300.0,0,0,0,0,0,0,0,0,0,0,0,0,0,0,0,0,231,2026-02-04 19:30:46.753303
WNTR,25.01,25.01,25.2,2077700.0,2085700.0,0,0,0,0,0,0,0,0,0,0,0,0,0,0,0,0,231,2026-02-04 19:30:46.753303
SPNG,25.26,25.26,25.58,2353300.0,2078400.0,0,0,0,0,0,0,0,0,0,0,0,0,0,0,0,0,232,2026-02-04 19:30:47.792434
SMMR,25.25,25.39,25.44,2040700.0,1986700.0,0,0,0,0,0,0,0,0,0,0,0,0,0,0,0,0,232,2026-02-04 19:30:47.792434
ATMN,24.92,24.9,24.92,2170800.0,2004300.0,0,0,0,0,0,0,0,0,0,0,0,0,0,0,0,0,232,2026-02-04 19:30:47.792434
WNTR,25.01,25.01,25.07,2043700.0,2076800.0,0,0,0,0,0,0,0,0,0,0,0,0,0,0,0,0,232,2026-02-04 19:30:47.792434
SPNG,25.62,25.12,25.62,2395900.0,2112900.0,0,0,0,0,0,0,0,0,0,0,0,0,0,0,0,0,233,2026-02-04 19:30:48.839998
SMMR,25.25,25.39,25.43,2019200.0,1992700.0,0,0,0,0,0,0,0,0,0,0,0,0,0,0,0,0,233,2026-02-04 19:30:48.839998
ATMN,25.01,24.9,25.01,2161300.0,1965500.0,0,0,0,0,0,0,0,0,0,0,0,0,0,0,0,0,233,2026-02-04 19:30:48.839998
WNTR,25.07,25.16,25.2,2058400.0,2085700.0,0,0,0,0,0,0,0,0,0,0,0,0,0,0,0,0,233,2026-02-04 19:30:48.839998
SPNG,25.05,25.41,25.51,2377400.0,2112900.0,0,0,0,0,0,0,0,0,0,0,0,0,0,0,0,0,234,2026-02-04 19:30:49.921929
SMMR,25.44,25.33,25.44,2035900.0,1986700.0,0,0,0,0,0,0,0,0,0,0,0,0,0,0,0,0,234,2026-02-04 19:30:49.921929
ATMN,25.0,24.97,25.0,2161900.0,1993700.0,0,0,0,0,0,0,0,0,0,0,0,0,0,0,0,0,234,2026-02-04 19:30:49.921929
WNTR,25.0,25.0,25.2,2045400.0,2085700.0,0,0,0,0,0,0,0,0,0,0,0,0,0,0,0,0,234,2026-02-04 19:30:49.921929
SPNG,25.05,25.05,25.51,2366000.0,2145900.0,0,0,0,0,0,0,0,0,0,0,0,0,0,0,0,0,235,2026-02-04 19:30:51.022593
SMMR,25.32,25.32,25.44,2020400.0,2000300.0,0,0,0,0,0,0,0,0,0,0,0,0,0,0,0,0,235,2026-02-04 19:30:51.022593
ATMN,24.9,24.9,25.0,2163500.0,1993700.0,0,0,0,0,0,0,0,0,0,0,0,0,0,0,0,0,235,2026-02-04 19:30:51.022593
WNTR,25.18,25.18,25.2,2066000.0,2077500.0,0,0,0,0,0,0,0,0,0,0,0,0,0,0,0,0,235,2026-02-04 19:30:51.022593
SPNG,25.05,25.26,25.31,2334800.0,2155400.0,0,0,0,0,0,0,0,0,0,0,0,0,0,0,0,0,236,2026-02-04 19:30:52.061030
SMMR,25.44,25.46,25.47,2057900.0,1992800.0,0,0,0,0,0,0,0,0,0,0,0,0,0,0,0,0,236,2026-02-04 19:30:52.061030
ATMN,25.01,24.9,25.01,2173100.0,1967700.0,0,0,0,0,0,0,0,0,0,0,0,0,0,0,0,0,236,2026-02-04 19:30:52.061030
