ticker,last_price,bid_price,ask_price,BUY_ANON,SELL_ANON,BUY_GIOT-3,BUY_ZUAI-2,SELL_UEBR-1,SELL_GIOT-4,BUY_WRSW-1,BUY_WRSW-2,BUY_GIOT-4,BUY_UEBR-1,SELL_IESE-1,BUY_LUIS-4,SELL_GIOT-3,SELL_WRSW-2,SELL_WRSW-3,SELL_WRSW-1,BUY_WRSW-3,BUY_IESE-1,SELL_LUIS-4,tick,timestamp,news_news_id,news_period,news_tick,news_ticker,news_headline,news_body
SPNG,24.91,24.91,25.21,2210100.0,937000.0,0,0,0,0,0,0,0,0,0,0,0,0,0,0,0,0,0,1,2026-02-04 02:23:35.099720,2.0,1.0,1.0,,Aggregate Position Limit,Your CRO has set the aggregate position limit to 9000 shares for this week.
SMMR,0.0,24.93,25.05,2322900.0,2162900.0,0,0,0,0,0,0,0,0,0,0,0,0,0,0,0,0,0,1,2026-02-04 02:23:35.099720,1.0,1.0,1.0,,Welcome to the RITC 2026 Alogithmic Market Making Case - practice server,
ATMN,0.0,24.95,24.98,2149800.0,2419500.0,0,0,0,0,0,0,0,0,0,0,0,0,0,0,0,0,0,1,2026-02-04 02:23:35.099720,,,,,,
WNTR,24.94,24.94,25.01,2146600.0,1746000.0,0,0,0,0,0,0,0,0,0,0,0,0,0,0,0,0,0,1,2026-02-04 02:23:35.099720,,,,,,
SPNG,24.87,24.87,25.18,2185100.0,1145500.0,0,0,0,0,0,0,0,0,0,0,0,0,0,0,0,0,0,2,2026-02-04 02:23:36.141473
SMMR,24.93,24.93,25.03,2323700.0,2184100.0,0,0,0,0,0,0,0,0,0,0,0,0,0,0,0,0,0,2,2026-02-04 02:23:36.141473
ATMN,24.95,24.95,24.98,2263600.0,2397500.0,0,0,0,0,0,0,0,0,0,0,0,0,0,0,0,0,0,2,2026-02-04 02:23:36.141473
WNTR,25.02,24.9,24.98,2154100.0,1838900.0,0,0,0,0,0,0,0,0,0,0,0,0,0,0,0,0,0,2,2026-02-04 02:23:36.141473
SPNG,24.78,24.92,25.07,2165000.0,1234900.0,0,0,0,0,0,0,0,0,0,0,0,0,0,0,0,0,0,3,2026-02-04 02:23:37.182675
SMMR,24.92,24.92,25.05,2319700.0,2162900.0,0,0,0,0,0,0,0,0,0,0,0,0,0,0,0,0,0,3,2026-02-04 02:23:37.182675
ATMN,24.89,24.89,24.98,2259000.0,2397500.0,0,0,0,0,0,0,0,0,0,0,0,0,0,0,0,0,0,3,2026-02-04 02:23:37.182675
WNTR,25.09,24.93,25.09,2125500.0,1856200.0,0,0,0,0,0,0,0,0,0,0,0,0,0,0,0,0,0,3,2026-02-04 02:23:37.182675
SPNG,25.07,24.6,25.07,2192300.0,1348000.0,0,0,0,0,0,0,0,0,0,0,0,0,0,0,0,0,0,4,2026-02-04 02:23:38.232891
SMMR,24.92,25.0,25.05,2282300.0,2146700.0,0,0,0,0,0,0,0,0,0,0,0,0,0,0,0,0,0,4,2026-02-04 02:23:38.232891
ATMN,24.89,24.94,24.96,2287800.0,2393100.0,0,0,0,0,0,0,0,0,0,0,0,0,0,0,0,0,0,4,2026-02-04 02:23:38.232891
WNTR,24.95,24.93,24.95,2111000.0,1973300.0,0,0,0,0,0,0,0,0,0,0,0,0,0,0,0,0,0,4,2026-02-04 02:23:38.232891
SPNG,25.07,24.87,24.94,2168000.0,1552800.0,0,0,0,0,0,0,0,0,0,0,0,0,0,0,0,0,0,5,2026-02-04 02:23:39.263120
SMMR,25.0,25.0,25.05,2243700.0,2146700.0,0,0,0,0,0,0,0,0,0,0,0,0,0,0,0,0,0,5,2026-02-04 02:23:39.263120
ATMN,24.88,24.88,24.96,2277900.0,2393100.0,0,0,0,0,0,0,0,0,0,0,0,0,0,0,0,0,0,5,2026-02-04 02:23:39.263120
WNTR,24.95,24.97,25.09,2148400.0,1959500.0,0,0,0,0,0,0,0,0,0,0,0,0,0,0,0,0,0,5,2026-02-04 02:23:39.263120
SPNG,25.07,24.93,24.94,2201100.0,1552800.0,0,0,0,0,0,0,0,0,0,0,0,0,0,0,0,0,0,6,2026-02-04 02:23:40.300221
SMMR,25.09,25.02,25.09,2233700.0,2163600.0,0,0,0,0,0,0,0,0,0,0,0,0,0,0,0,0,0,6,2026-02-04 02:23:40.300221
ATMN,24.88,24.84,24.85,2344900.0,2401500.0,0,0,0,0,0,0,0,0,0,0,0,0,0,0,0,0,0,6,2026-02-04 02:23:40.300221
WNTR,24.93,24.93,25.09,2111000.0,2144500.0,0,0,0,0,0,0,0,0,0,0,0,0,0,0,0,0,0,6,2026-02-04 02:23:40.300221
SPNG,24.93,24.93,24.94,2237700.0,1552800.0,0,0,0,0,0,0,0,0,0,0,0,0,0,0,0,0,0,7,2026-02-04 02:23:41.334239
SMMR,25.15,25.02,25.15,2203200.0,1971200.0,0,0,0,0,0,0,0,0,0,0,0,0,0,0,0,0,0,7,2026-02-04 02:23:41.334239
ATMN,24.96,24.84,24.96,2337500.0,2409000.0,0,0,0,0,0,0,0,0,0,0,0,0,0,0,0,0,0,7,2026-02-04 02:23:41.334239
WNTR,25.08,24.93,25.08,2111000.0,2138800.0,0,0,0,0,0,0,0,0,0,0,0,0,0,0,0,0,0,7,2026-02-04 02:23:41.334239
SPNG,25.16,24.93,25.05,2237700.0,1594600.0,0,0,0,0,0,0,0,0,0,0,0,0,0,0,0,0,0,8,2026-02-04 02:23:42.370585
SMMR,25.0,25.0,25.16,2234400.0,1965300.0,0,0,0,0,0,0,0,0,0,0,0,0,0,0,0,0,0,8,2026-02-04 02:23:42.370585
ATMN,24.96,24.84,24.96,2313400.0,2427500.0,0,0,0,0,0,0,0,0,0,0,0,0,0,0,0,0,0,8,2026-02-04 02:23:42.370585
WNTR,24.9,24.9,25.01,2128000.0,2160800.0,0,0,0,0,0,0,0,0,0,0,0,0,0,0,0,0,0,8,2026-02-04 02:23:42.370585
SPNG,24.92,24.92,24.94,2178900.0,1774200.0,0,0,0,0,0,0,0,0,0,0,0,0,0,0,0,0,0,9,2026-02-04 02:23:43.402847
SMMR,25.0,25.13,25.16,2248700.0,2207500.0,0,0,0,0,0,0,0,0,0,0,0,0,0,0,0,0,0,9,2026-02-04 02:23:43.402847
ATMN,24.84,24.84,24.96,2313400.0,2399100.0,0,0,0,0,0,0,0,0,0,0,0,0,0,0,0,0,0,9,2026-02-04 02:23:43.402847
WNTR,25.01,24.9,25.01,2163100.0,2160800.0,0,0,0,0,0,0,0,0,0,0,0,0,0,0,0,0,0,9,2026-02-04 02:23:43.402847
SPNG,24.92,24.92,24.94,2178600.0,1774200.0,0,0,0,0,0,0,0,0,0,0,0,0,0,0,0,0,0,10,2026-02-04 02:23:44.434330
SMMR,25.13,25.13,25.16,2248700.0,2217000.0,0,0,0,0,0,0,0,0,0,0,0,0,0,0,0,0,0,10,2026-02-04 02:23:44.434330
ATMN,24.84,24.84,24.96,2297800.0,2399100.0,0,0,0,0,0,0,0,0,0,0,0,0,0,0,0,0,0,10,2026-02-04 02:23:44.434330
WNTR,25.08,24.9,24.99,2163100.0,2191200.0,0,0,0,0,0,0,0,0,0,0,0,0,0,0,0,0,0,10,2026-02-04 02:23:44.434330
SPNG,24.94,24.92,24.94,2154600.0,1774200.0,0,0,0,0,0,0,0,0,0,0,0,0,0,0,0,0,0,11,2026-02-04 02:23:45.469901
SMMR,24.98,24.98,25.16,2243700.0,2238800.0,0,0,0,0,0,0,0,0,0,0,0,0,0,0,0,0,0,11,2026-02-04 02:23:45.469901
ATMN,24.72,24.72,24.94,2320600.0,2391400.0,0,0,0,0,0,0,0,0,0,0,0,0,0,0,0,0,0,11,2026-02-04 02:23:45.469901
WNTR,24.99,24.9,24.99,2177700.0,2194400.0,0,0,0,0,0,0,0,0,0,0,0,0,0,0,0,0,0,11,2026-02-04 02:23:45.469901
SPNG,24.94,24.92,24.94,2154600.0,2120600.0,0,0,0,0,0,0,0,0,0,0,0,0,0,0,0,0,0,12,2026-02-04 02:23:46.003156
SMMR,24.98,25.03,25.16,2259100.0,2238800.0,0,0,0,0,0,0,0,0,0,0,0,0,0,0,0,0,0,12,2026-02-04 02:23:46.003156
ATMN,24.72,24.89,24.94,2329100.0,2391400.0,0,0,0,0,0,0,0,0,0,0,0,0,0,0,0,0,0,12,2026-02-04 02:23:46.003156
WNTR,24.9,24.84,24.88,2188300.0,2173400.0,0,0,0,0,0,0,0,0,0,0,0,0,0,0,0,0,0,12,2026-02-04 02:23:46.003156
SPNG,24.94,24.96,25.01,2166300.0,2123800.0,0,0,0,0,0,0,0,0,0,0,0,0,0,0,0,0,0,13,2026-02-04 02:23:47.039094
SMMR,24.96,24.96,25.02,2262400.0,2232500.0,0,0,0,0,0,0,0,0,0,0,0,0,0,0,0,0,0,13,2026-02-04 02:23:47.039094
ATMN,24.72,24.89,24.94,2329100.0,2392800.0,0,0,0,0,0,0,0,0,0,0,0,0,0,0,0,0,0,13,2026-02-04 02:23:47.039094
WNTR,24.99,24.99,25.08,2212900.0,2131100.0,0,0,0,0,0,0,0,0,0,0,0,0,0,0,0,0,0,13,2026-02-04 02:23:47.039094
SPNG,24.87,24.96,25.01,2125400.0,2158200.0,0,0,0,0,0,0,0,0,0,0,0,0,0,0,0,0,0,14,2026-02-04 02:23:48.578651
SMMR,24.96,24.96,25.02,2268200.0,2222800.0,0,0,0,0,0,0,0,0,0,0,0,0,0,0,0,0,0,14,2026-02-04 02:23:48.578651
ATMN,24.89,24.89,24.94,2329100.0,2357600.0,0,0,0,0,0,0,0,0,0,0,0,0,0,0,0,0,0,14,2026-02-04 02:23:48.578651
WNTR,25.02,24.84,25.02,2176700.0,2102400.0,0,0,0,0,0,0,0,0,0,0,0,0,0,0,0,0,0,14,2026-02-04 02:23:48.578651
SPNG,24.87,25.0,25.01,2150200.0,2192100.0,0,0,0,0,0,0,0,0,0,0,0,0,0,0,0,0,0,15,2026-02-04 02:23:49.104240
SMMR,24.96,24.96,24.98,2268200.0,2245200.0,0,0,0,0,0,0,0,0,0,0,0,0,0,0,0,0,0,15,2026-02-04 02:23:49.104240
ATMN,24.89,24.72,24.85,2320600.0,2370200.0,0,0,0,0,0,0,0,0,0,0,0,0,0,0,0,0,0,15,2026-02-04 02:23:49.104240
WNTR,25.02,24.91,25.02,2209000.0,2114800.0,0,0,0,0,0,0,0,0,0,0,0,0,0,0,0,0,0,15,2026-02-04 02:23:49.104240
SPNG,25.0,25.0,25.01,2144500.0,2192100.0,0,0,0,0,0,0,0,0,0,0,0,0,0,0,0,0,0,16,2026-02-04 02:23:50.137340
SMMR,24.96,24.92,24.96,2278100.0,2239300.0,0,0,0,0,0,0,0,0,0,0,0,0,0,0,0,0,0,16,2026-02-04 02:23:50.137340
ATMN,24.67,24.67,24.85,2344900.0,2370200.0,0,0,0,0,0,0,0,0,0,0,0,0,0,0,0,0,0,16,2026-02-04 02:23:50.137340
WNTR,24.86,24.84,24.86,2176700.0,2134600.0,0,0,0,0,0,0,0,0,0,0,0,0,0,0,0,0,0,16,2026-02-04 02:23:50.137340
SPNG,25.01,24.85,25.01,2143700.0,2192100.0,0,0,0,0,0,0,0,0,0,0,0,0,0,0,0,0,0,17,2026-02-04 02:23:51.173490
SMMR,24.92,24.92,24.98,2284100.0,2225700.0,0,0,0,0,0,0,0,0,0,0,0,0,0,0,0,0,0,17,2026-02-04 02:23:51.173490
ATMN,24.94,24.67,24.94,2344900.0,2355800.0,0,0,0,0,0,0,0,0,0,0,0,0,0,0,0,0,0,17,2026-02-04 02:23:51.173490
WNTR,25.1,24.84,25.07,2176700.0,2132800.0,0,0,0,0,0,0,0,0,0,0,0,0,0,0,0,0,0,17,2026-02-04 02:23:51.173490
SPNG,25.1,24.85,25.1,2155900.0,2167600.0,0,0,0,0,0,0,0,0,0,0,0,0,0,0,0,0,0,18,2026-02-04 02:23:52.214805
SMMR,25.02,24.92,25.02,2284100.0,2196800.0,0,0,0,0,0,0,0,0,0,0,0,0,0,0,0,0,0,18,2026-02-04 02:23:52.214805
ATMN,24.96,24.65,24.96,2214900.0,2356500.0,0,0,0,0,0,0,0,0,0,0,0,0,0,0,0,0,0,18,2026-02-04 02:23:52.214805
WNTR,25.01,24.77,25.01,2169300.0,2120100.0,0,0,0,0,0,0,0,0,0,0,0,0,0,0,0,0,0,18,2026-02-04 02:23:52.214805
SPNG,24.85,24.71,24.75,2141100.0,2202800.0,0,0,0,0,0,0,0,0,0,0,0,0,0,0,0,0,0,19,2026-02-04 02:23:53.260590
SMMR,25.06,24.92,25.06,2261200.0,2188500.0,0,0,0,0,0,0,0,0,0,0,0,0,0,0,0,0,0,19,2026-02-04 02:23:53.260590
ATMN,24.96,24.65,24.73,2214900.0,2349100.0,0,0,0,0,0,0,0,0,0,0,0,0,0,0,0,0,0,19,2026-02-04 02:23:53.260590
WNTR,24.77,24.77,25.07,2169300.0,2126700.0,0,0,0,0,0,0,0,0,0,0,0,0,0,0,0,0,0,19,2026-02-04 02:23:53.260590
SPNG,25.1,24.96,25.1,2182200.0,2180900.0,0,0,0,0,0,0,0,0,0,0,0,0,0,0,0,0,0,20,2026-02-04 02:23:54.294812
SMMR,24.92,24.92,25.06,2264700.0,2188500.0,0,0,0,0,0,0,0,0,0,0,0,0,0,0,0,0,0,20,2026-02-04 02:23:54.294812
ATMN,24.81,24.81,24.96,2367000.0,2356500.0,0,0,0,0,0,0,0,0,0,0,0,0,0,0,0,0,0,20,2026-02-04 02:23:54.294812
WNTR,24.95,25.03,25.07,2168000.0,2134500.0,0,0,0,0,0,0,0,0,0,0,0,0,0,0,0,0,0,20,2026-02-04 02:23:54.294812
SPNG,24.97,25.07,25.1,2173100.0,2180900.0,0,0,0,0,0,0,0,0,0,0,0,0,0,0,0,0,0,21,2026-02-04 02:23:55.331374
SMMR,25.08,25.11,25.15,2233900.0,2181000.0,0,0,0,0,0,0,0,0,0,0,0,0,0,0,0,0,0,21,2026-02-04 02:23:55.331374
ATMN,24.81,24.81,24.96,2367000.0,2356500.0,0,0,0,0,0,0,0,0,0,0,0,0,0,0,0,0,0,21,2026-02-04 02:23:55.331374
WNTR,24.73,24.73,24.98,2134400.0,2157500.0,0,0,0,0,0,0,0,0,0,0,0,0,0,0,0,0,0,21,2026-02-04 02:23:55.331374
SPNG,24.82,25.09,25.1,2171200.0,2193900.0,0,0,0,0,0,0,0,0,0,0,0,0,0,0,0,0,0,22,2026-02-04 02:23:56.368177
SMMR,25.15,25.04,25.15,2233700.0,2200900.0,0,0,0,0,0,0,0,0,0,0,0,0,0,0,0,0,0,22,2026-02-04 02:23:56.368177
ATMN,24.68,24.68,24.96,2362300.0,2356500.0,0,0,0,0,0,0,0,0,0,0,0,0,0,0,0,0,0,22,2026-02-04 02:23:56.368177
WNTR,25.12,24.73,25.12,2150900.0,2167300.0,0,0,0,0,0,0,0,0,0,0,0,0,0,0,0,0,0,22,2026-02-04 02:23:56.368177
SPNG,25.12,24.82,25.12,2157600.0,2216800.0,0,0,0,0,0,0,0,0,0,0,0,0,0,0,0,0,0,23,2026-02-04 02:23:57.403437
SMMR,24.92,24.92,25.05,2264700.0,2235200.0,0,0,0,0,0,0,0,0,0,0,0,0,0,0,0,0,0,23,2026-02-04 02:23:57.403437
ATMN,24.61,24.61,24.96,2406300.0,2356500.0,0,0,0,0,0,0,0,0,0,0,0,0,0,0,0,0,0,23,2026-02-04 02:23:57.403437
WNTR,24.73,24.97,25.12,2136900.0,2167300.0,0,0,0,0,0,0,0,0,0,0,0,0,0,0,0,0,0,23,2026-02-04 02:23:57.403437
SPNG,25.16,24.76,25.16,2143000.0,2220100.0,0,0,0,0,0,0,0,0,0,0,0,0,0,0,0,0,0,24,2026-02-04 02:23:58.437546
SMMR,24.91,25.02,25.05,2242600.0,2235200.0,0,0,0,0,0,0,0,0,0,0,0,0,0,0,0,0,0,24,2026-02-04 02:23:58.437546
ATMN,24.98,24.61,24.98,2406300.0,2349000.0,0,0,0,0,0,0,0,0,0,0,0,0,0,0,0,0,0,24,2026-02-04 02:23:58.437546
WNTR,24.97,24.73,24.84,2140000.0,2176500.0,0,0,0,0,0,0,0,0,0,0,0,0,0,0,0,0,0,24,2026-02-04 02:23:58.437546
SPNG,24.71,25.03,25.16,2178300.0,2220100.0,0,0,0,0,0,0,0,0,0,0,0,0,0,0,0,0,0,25,2026-02-04 02:23:59.475846
SMMR,24.91,25.02,25.05,2233400.0,2235600.0,0,0,0,0,0,0,0,0,0,0,0,0,0,0,0,0,0,25,2026-02-04 02:23:59.475846
ATMN,24.99,24.61,24.99,2406300.0,2361300.0,0,0,0,0,0,0,0,0,0,0,0,0,0,0,0,0,0,25,2026-02-04 02:23:59.475846
WNTR,24.71,24.71,24.84,2144800.0,2166500.0,0,0,0,0,0,0,0,0,0,0,0,0,0,0,0,0,0,25,2026-02-04 02:23:59.475846
SPNG,24.71,25.03,25.1,2178300.0,2263500.0,0,0,0,0,0,0,0,0,0,0,0,0,0,0,0,0,0,26,2026-02-04 02:24:00.520550
SMMR,25.17,25.02,25.17,2233400.0,2207500.0,0,0,0,0,0,0,0,0,0,0,0,0,0,0,0,0,0,26,2026-02-04 02:24:00.520550
ATMN,25.0,24.61,25.0,2406200.0,2369100.0,0,0,0,0,0,0,0,0,0,0,0,0,0,0,0,0,0,26,2026-02-04 02:24:00.520550
WNTR,24.95,24.82,24.95,2191300.0,2172200.0,0,0,0,0,0,0,0,0,0,0,0,0,0,0,0,0,0,26,2026-02-04 02:24:00.520550
SPNG,25.1,25.03,25.1,2178300.0,2247300.0,0,0,0,0,0,0,0,0,0,0,0,0,0,0,0,0,0,27,2026-02-04 02:24:01.556139
SMMR,25.18,25.02,25.18,2253400.0,2220300.0,0,0,0,0,0,0,0,0,0,0,0,0,0,0,0,0,0,27,2026-02-04 02:24:01.556139
ATMN,24.71,24.89,25.0,2425600.0,2369100.0,0,0,0,0,0,0,0,0,0,0,0,0,0,0,0,0,0,27,2026-02-04 02:24:01.556139
WNTR,24.71,24.75,24.9,2178700.0,2168100.0,0,0,0,0,0,0,0,0,0,0,0,0,0,0,0,0,0,27,2026-02-04 02:24:01.556139
SPNG,25.14,24.79,25.14,2189600.0,2273400.0,0,0,0,0,0,0,0,0,0,0,0,0,0,0,0,0,0,28,2026-02-04 02:24:02.588236
SMMR,25.18,25.02,25.07,2246100.0,2220000.0,0,0,0,0,0,0,0,0,0,0,0,0,0,0,0,0,0,28,2026-02-04 02:24:02.588236
ATMN,25.0,24.67,25.0,2394900.0,2369100.0,0,0,0,0,0,0,0,0,0,0,0,0,0,0,0,0,0,28,2026-02-04 02:24:02.588236
WNTR,24.9,24.75,24.9,2201100.0,2168100.0,0,0,0,0,0,0,0,0,0,0,0,0,0,0,0,0,0,28,2026-02-04 02:24:02.588236
SPNG,24.71,25.01,25.14,2200600.0,2273400.0,0,0,0,0,0,0,0,0,0,0,0,0,0,0,0,0,0,29,2026-02-04 02:24:03.636905
SMMR,25.02,25.02,25.14,2234400.0,2217400.0,0,0,0,0,0,0,0,0,0,0,0,0,0,0,0,0,0,29,2026-02-04 02:24:03.636905
ATMN,25.0,24.67,24.96,2394900.0,2373800.0,0,0,0,0,0,0,0,0,0,0,0,0,0,0,0,0,0,29,2026-02-04 02:24:03.636905
WNTR,24.7,24.7,25.03,2208700.0,2177200.0,0,0,0,0,0,0,0,0,0,0,0,0,0,0,0,0,0,29,2026-02-04 02:24:03.636905
SPNG,24.69,24.69,25.14,2148700.0,2273400.0,0,0,0,0,0,0,0,0,0,0,0,0,0,0,0,0,0,30,2026-02-04 02:24:04.181040
SMMR,25.14,25.02,25.12,2220500.0,2237100.0,0,0,0,0,0,0,0,0,0,0,0,0,0,0,0,0,0,30,2026-02-04 02:24:04.181040
ATMN,24.58,24.58,24.79,2379400.0,2364500.0,0,0,0,0,0,0,0,0,0,0,0,0,0,0,0,0,0,30,2026-02-04 02:24:04.181040
WNTR,24.69,24.69,24.93,2173500.0,2152800.0,0,0,0,0,0,0,0,0,0,0,0,0,0,0,0,0,0,30,2026-02-04 02:24:04.181040
SPNG,24.69,24.74,25.04,2138000.0,2268500.0,0,0,0,0,0,0,0,0,0,0,0,0,0,0,0,0,0,31,2026-02-04 02:24:05.228117
SMMR,25.01,25.01,25.12,2212700.0,2234100.0,0,0,0,0,0,0,0,0,0,0,0,0,0,0,0,0,0,31,2026-02-04 02:24:05.228117
ATMN,24.96,24.8,24.96,2372700.0,2373800.0,0,0,0,0,0,0,0,0,0,0,0,0,0,0,0,0,0,31,2026-02-04 02:24:05.228117
WNTR,24.68,24.68,24.87,2171100.0,2146700.0,0,0,0,0,0,0,0,0,0,0,0,0,0,0,0,0,0,31,2026-02-04 02:24:05.228117
SPNG,24.69,24.95,25.04,2161200.0,2270800.0,0,0,0,0,0,0,0,0,0,0,0,0,0,0,0,0,0,32,2026-02-04 02:24:06.265918
SMMR,25.19,25.02,25.19,2212000.0,2196500.0,0,0,0,0,0,0,0,0,0,0,0,0,0,0,0,0,0,32,2026-02-04 02:24:06.265918
ATMN,24.8,24.58,24.78,2390800.0,2369000.0,0,0,0,0,0,0,0,0,0,0,0,0,0,0,0,0,0,32,2026-02-04 02:24:06.265918
WNTR,24.7,24.78,24.87,2192600.0,2146700.0,0,0,0,0,0,0,0,0,0,0,0,0,0,0,0,0,0,32,2026-02-04 02:24:06.265918
SPNG,24.95,24.95,25.04,2151200.0,2248800.0,0,0,0,0,0,0,0,0,0,0,0,0,0,0,0,0,0,33,2026-02-04 02:24:07.308003
SMMR,25.01,24.98,24.99,2225700.0,2181000.0,0,0,0,0,0,0,0,0,0,0,0,0,0,0,0,0,0,33,2026-02-04 02:24:07.308003
ATMN,25.0,24.68,25.0,2351700.0,2369100.0,0,0,0,0,0,0,0,0,0,0,0,0,0,0,0,0,0,33,2026-02-04 02:24:07.308003
WNTR,24.72,24.85,24.87,2188300.0,2169600.0,0,0,0,0,0,0,0,0,0,0,0,0,0,0,0,0,0,33,2026-02-04 02:24:07.308003
SPNG,25.04,25.12,25.14,2152600.0,2251000.0,0,0,0,0,0,0,0,0,0,0,0,0,0,0,0,0,0,34,2026-02-04 02:24:08.348332
SMMR,25.07,25.08,25.19,2225400.0,2177400.0,0,0,0,0,0,0,0,0,0,0,0,0,0,0,0,0,0,34,2026-02-04 02:24:08.348332
ATMN,25.0,24.7,24.79,2346500.0,2363100.0,0,0,0,0,0,0,0,0,0,0,0,0,0,0,0,0,0,34,2026-02-04 02:24:08.348332
WNTR,24.87,24.72,24.87,2189400.0,2157800.0,0,0,0,0,0,0,0,0,0,0,0,0,0,0,0,0,0,34,2026-02-04 02:24:08.348332
SPNG,25.06,25.1,25.14,2145400.0,2251000.0,0,0,0,0,0,0,0,0,0,0,0,0,0,0,0,0,0,35,2026-02-04 02:24:09.381803
SMMR,25.08,25.08,25.2,2225400.0,2177500.0,0,0,0,0,0,0,0,0,0,0,0,0,0,0,0,0,0,35,2026-02-04 02:24:09.381803
ATMN,25.0,24.74,24.79,2385000.0,2363100.0,0,0,0,0,0,0,0,0,0,0,0,0,0,0,0,0,0,35,2026-02-04 02:24:09.381803
WNTR,24.68,24.68,24.87,2204700.0,2157800.0,0,0,0,0,0,0,0,0,0,0,0,0,0,0,0,0,0,35,2026-02-04 02:24:09.381803
SPNG,25.18,24.74,25.18,2150100.0,2257600.0,0,0,0,0,0,0,0,0,0,0,0,0,0,0,0,0,0,36,2026-02-04 02:24:10.409121
SMMR,25.14,25.12,25.14,2210400.0,2182500.0,0,0,0,0,0,0,0,0,0,0,0,0,0,0,0,0,0,36,2026-02-04 02:24:10.409121
ATMN,24.99,24.74,24.87,2385000.0,2402300.0,0,0,0,0,0,0,0,0,0,0,0,0,0,0,0,0,0,36,2026-02-04 02:24:10.409121
WNTR,24.87,24.87,24.88,2223700.0,2135000.0,0,0,0,0,0,0,0,0,0,0,0,0,0,0,0,0,0,36,2026-02-04 02:24:10.409121
SPNG,24.74,24.74,25.06,2176200.0,2248300.0,0,0,0,0,0,0,0,0,0,0,0,0,0,0,0,0,0,37,2026-02-04 02:24:11.444210
SMMR,25.12,24.98,25.0,2191200.0,2189500.0,0,0,0,0,0,0,0,0,0,0,0,0,0,0,0,0,0,37,2026-02-04 02:24:11.444210
ATMN,24.7,24.7,24.88,2365000.0,2382100.0,0,0,0,0,0,0,0,0,0,0,0,0,0,0,0,0,0,37,2026-02-04 02:24:11.444210
WNTR,24.87,24.68,24.85,2204700.0,2128800.0,0,0,0,0,0,0,0,0,0,0,0,0,0,0,0,0,0,37,2026-02-04 02:24:11.444210
SPNG,24.74,24.74,25.06,2152900.0,2248300.0,0,0,0,0,0,0,0,0,0,0,0,0,0,0,0,0,0,38,2026-02-04 02:24:12.477559
SMMR,25.22,25.18,25.22,2178000.0,2188600.0,0,0,0,0,0,0,0,0,0,0,0,0,0,0,0,0,0,38,2026-02-04 02:24:12.477559
ATMN,25.03,24.68,25.03,2347500.0,2347200.0,0,0,0,0,0,0,0,0,0,0,0,0,0,0,0,0,0,38,2026-02-04 02:24:12.477559
WNTR,24.88,24.68,24.88,2204700.0,2146800.0,0,0,0,0,0,0,0,0,0,0,0,0,0,0,0,0,0,38,2026-02-04 02:24:12.477559
SPNG,25.18,24.74,25.18,2152900.0,2257600.0,0,0,0,0,0,0,0,0,0,0,0,0,0,0,0,0,0,39,2026-02-04 02:24:13.510647
SMMR,25.16,25.06,25.16,2171500.0,2185600.0,0,0,0,0,0,0,0,0,0,0,0,0,0,0,0,0,0,39,2026-02-04 02:24:13.510647
ATMN,25.07,24.78,25.07,2356200.0,2349200.0,0,0,0,0,0,0,0,0,0,0,0,0,0,0,0,0,0,39,2026-02-04 02:24:13.510647
WNTR,24.93,24.68,24.93,2204700.0,2099600.0,0,0,0,0,0,0,0,0,0,0,0,0,0,0,0,0,0,39,2026-02-04 02:24:13.510647
SPNG,25.18,24.84,25.18,2159600.0,2260500.0,0,0,0,0,0,0,0,0,0,0,0,0,0,0,0,0,0,40,2026-02-04 02:24:14.548162
SMMR,25.16,25.06,25.16,2168000.0,2196600.0,0,0,0,0,0,0,0,0,0,0,0,0,0,0,0,0,0,40,2026-02-04 02:24:14.548162
ATMN,25.07,25.01,25.07,2373900.0,2354100.0,0,0,0,0,0,0,0,0,0,0,0,0,0,0,0,0,0,40,2026-02-04 02:24:14.548162
WNTR,24.66,24.66,24.71,2206800.0,2066500.0,0,0,0,0,0,0,0,0,0,0,0,0,0,0,0,0,0,40,2026-02-04 02:24:14.548162
SPNG,25.18,25.16,25.18,2159800.0,2210200.0,0,0,0,0,0,0,0,0,0,0,0,0,0,0,0,0,0,41,2026-02-04 02:24:15.578177
SMMR,24.99,24.99,25.16,2181600.0,2196600.0,0,0,0,0,0,0,0,0,0,0,0,0,0,0,0,0,0,41,2026-02-04 02:24:15.578177
ATMN,24.68,24.85,25.07,2324400.0,2354100.0,0,0,0,0,0,0,0,0,0,0,0,0,0,0,0,0,0,41,2026-02-04 02:24:15.578177
WNTR,24.64,24.64,24.82,2214400.0,2090800.0,0,0,0,0,0,0,0,0,0,0,0,0,0,0,0,0,0,41,2026-02-04 02:24:15.578177
SPNG,24.7,24.7,25.19,2126500.0,2236700.0,0,0,0,0,0,0,0,0,0,0,0,0,0,0,0,0,0,42,2026-02-04 02:24:16.611090
SMMR,25.09,25.09,25.16,2162300.0,2195500.0,0,0,0,0,0,0,0,0,0,0,0,0,0,0,0,0,0,42,2026-02-04 02:24:16.611090
ATMN,24.68,24.85,25.06,2324400.0,2328800.0,0,0,0,0,0,0,0,0,0,0,0,0,0,0,0,0,0,42,2026-02-04 02:24:16.611090
WNTR,24.74,24.74,24.82,2224400.0,2098500.0,0,0,0,0,0,0,0,0,0,0,0,0,0,0,0,0,0,42,2026-02-04 02:24:16.611090
SPNG,25.08,24.7,25.05,2126500.0,2242200.0,0,0,0,0,0,0,0,0,0,0,0,0,0,0,0,0,0,43,2026-02-04 02:24:17.645634
SMMR,25.0,25.03,25.16,2155300.0,2195500.0,0,0,0,0,0,0,0,0,0,0,0,0,0,0,0,0,0,43,2026-02-04 02:24:17.645634
ATMN,24.58,24.58,25.06,2390300.0,2347200.0,0,0,0,0,0,0,0,0,0,0,0,0,0,0,0,0,0,43,2026-02-04 02:24:17.645634
WNTR,24.68,24.76,24.82,2244700.0,2098500.0,0,0,0,0,0,0,0,0,0,0,0,0,0,0,0,0,0,43,2026-02-04 02:24:17.645634
SPNG,25.08,24.95,25.05,2127000.0,2242200.0,0,0,0,0,0,0,0,0,0,0,0,0,0,0,0,0,0,44,2026-02-04 02:24:18.673673
SMMR,25.07,25.07,25.16,2184200.0,2195500.0,0,0,0,0,0,0,0,0,0,0,0,0,0,0,0,0,0,44,2026-02-04 02:24:18.673673
ATMN,24.58,24.58,25.06,2351500.0,2347200.0,0,0,0,0,0,0,0,0,0,0,0,0,0,0,0,0,0,44,2026-02-04 02:24:18.673673
WNTR,24.82,24.76,24.82,2275000.0,2098500.0,0,0,0,0,0,0,0,0,0,0,0,0,0,0,0,0,0,44,2026-02-04 02:24:18.673673
SPNG,24.69,24.69,25.05,2146900.0,2262300.0,0,0,0,0,0,0,0,0,0,0,0,0,0,0,0,0,0,45,2026-02-04 02:24:19.702550
SMMR,24.98,24.98,25.16,2179700.0,2221500.0,0,0,0,0,0,0,0,0,0,0,0,0,0,0,0,0,0,45,2026-02-04 02:24:19.702550
ATMN,25.07,24.74,25.07,2348800.0,2360000.0,0,0,0,0,0,0,0,0,0,0,0,0,0,0,0,0,0,45,2026-02-04 02:24:19.702550
WNTR,24.92,24.89,24.92,2268200.0,2102800.0,0,0,0,0,0,0,0,0,0,0,0,0,0,0,0,0,0,45,2026-02-04 02:24:19.702550
SPNG,24.69,24.69,25.19,2137400.0,2232800.0,0,0,0,0,0,0,0,0,0,0,0,0,0,0,0,0,0,46,2026-02-04 02:24:20.239263
SMMR,25.12,24.97,25.08,2201100.0,2252400.0,0,0,0,0,0,0,0,0,0,0,0,0,0,0,0,0,0,46,2026-02-04 02:24:20.239263
ATMN,24.94,24.94,25.07,2363700.0,2360000.0,0,0,0,0,0,0,0,0,0,0,0,0,0,0,0,0,0,46,2026-02-04 02:24:20.239263
WNTR,24.93,24.89,24.9,2268200.0,2064600.0,0,0,0,0,0,0,0,0,0,0,0,0,0,0,0,0,0,46,2026-02-04 02:24:20.239263
SPNG,25.2,24.69,25.16,2137400.0,2226800.0,0,0,0,0,0,0,0,0,0,0,0,0,0,0,0,0,0,47,2026-02-04 02:24:21.279334
SMMR,25.18,25.05,25.09,2181500.0,2210000.0,0,0,0,0,0,0,0,0,0,0,0,0,0,0,0,0,0,47,2026-02-04 02:24:21.279334
ATMN,24.74,24.99,25.07,2337500.0,2365200.0,0,0,0,0,0,0,0,0,0,0,0,0,0,0,0,0,0,47,2026-02-04 02:24:21.279334
WNTR,24.89,24.78,24.86,2250600.0,2100000.0,0,0,0,0,0,0,0,0,0,0,0,0,0,0,0,0,0,47,2026-02-04 02:24:21.279334
SPNG,25.16,24.69,25.16,2143900.0,2256100.0,0,0,0,0,0,0,0,0,0,0,0,0,0,0,0,0,0,48,2026-02-04 02:24:22.326315
SMMR,24.97,24.97,25.18,2201100.0,2216900.0,0,0,0,0,0,0,0,0,0,0,0,0,0,0,0,0,0,48,2026-02-04 02:24:22.326315
ATMN,25.08,24.99,25.08,2337500.0,2362600.0,0,0,0,0,0,0,0,0,0,0,0,0,0,0,0,0,0,48,2026-02-04 02:24:22.326315
WNTR,24.78,24.76,24.78,2264400.0,2109400.0,0,0,0,0,0,0,0,0,0,0,0,0,0,0,0,0,0,48,2026-02-04 02:24:22.326315
SPNG,25.0,25.0,25.04,2171600.0,2282200.0,0,0,0,0,0,0,0,0,0,0,0,0,0,0,0,0,0,49,2026-02-04 02:24:23.376696
SMMR,25.21,25.15,25.21,2162200.0,2238000.0,0,0,0,0,0,0,0,0,0,0,0,0,0,0,0,0,0,49,2026-02-04 02:24:23.376696
ATMN,24.99,24.99,25.08,2337500.0,2347100.0,0,0,0,0,0,0,0,0,0,0,0,0,0,0,0,0,0,49,2026-02-04 02:24:23.376696
WNTR,24.75,24.75,24.9,2259600.0,2084100.0,0,0,0,0,0,0,0,0,0,0,0,0,0,0,0,0,0,49,2026-02-04 02:24:23.376696
SPNG,25.04,24.69,25.04,2143900.0,2282200.0,0,0,0,0,0,0,0,0,0,0,0,0,0,0,0,0,0,50,2026-02-04 02:24:24.421717
SMMR,25.15,24.98,25.0,2160700.0,2236800.0,0,0,0,0,0,0,0,0,0,0,0,0,0,0,0,0,0,50,2026-02-04 02:24:24.421717
ATMN,24.74,24.58,24.73,2363000.0,2341400.0,0,0,0,0,0,0,0,0,0,0,0,0,0,0,0,0,0,50,2026-02-04 02:24:24.421717
WNTR,24.73,24.73,24.92,2234100.0,2087500.0,0,0,0,0,0,0,0,0,0,0,0,0,0,0,0,0,0,50,2026-02-04 02:24:24.421717
SPNG,25.16,24.69,25.16,2143900.0,2256100.0,0,0,0,0,0,0,0,0,0,0,0,0,0,0,0,0,0,51,2026-02-04 02:24:25.458634
SMMR,25.0,24.98,25.0,2146200.0,2236800.0,0,0,0,0,0,0,0,0,0,0,0,0,0,0,0,0,0,51,2026-02-04 02:24:25.458634
ATMN,24.73,24.94,25.08,2370700.0,2309100.0,0,0,0,0,0,0,0,0,0,0,0,0,0,0,0,0,0,51,2026-02-04 02:24:25.458634
WNTR,24.68,24.68,24.77,2243100.0,2096800.0,0,0,0,0,0,0,0,0,0,0,0,0,0,0,0,0,0,51,2026-02-04 02:24:25.458634
SPNG,24.66,24.66,25.15,2171800.0,2269300.0,0,0,0,0,0,0,0,0,0,0,0,0,0,0,0,0,0,52,2026-02-04 02:24:26.493731
SMMR,25.0,24.98,25.0,2174000.0,2236800.0,0,0,0,0,0,0,0,0,0,0,0,0,0,0,0,0,0,52,2026-02-04 02:24:26.493731
ATMN,24.58,24.74,25.08,2394500.0,2309100.0,0,0,0,0,0,0,0,0,0,0,0,0,0,0,0,0,0,52,2026-02-04 02:24:26.493731
WNTR,24.94,24.64,24.94,2224200.0,2083000.0,0,0,0,0,0,0,0,0,0,0,0,0,0,0,0,0,0,52,2026-02-04 02:24:26.493731
SPNG,25.06,25.06,25.15,2160500.0,2269300.0,0,0,0,0,0,0,0,0,0,0,0,0,0,0,0,0,0,53,2026-02-04 02:24:27.529558
SMMR,25.0,25.05,25.13,2160900.0,2229600.0,0,0,0,0,0,0,0,0,0,0,0,0,0,0,0,0,0,53,2026-02-04 02:24:27.529558
ATMN,24.74,24.74,24.81,2394500.0,2339600.0,0,0,0,0,0,0,0,0,0,0,0,0,0,0,0,0,0,53,2026-02-04 02:24:27.529558
WNTR,24.61,24.61,24.94,2206900.0,2122400.0,0,0,0,0,0,0,0,0,0,0,0,0,0,0,0,0,0,53,2026-02-04 02:24:27.529558
SPNG,24.66,24.66,25.15,2150100.0,2272500.0,0,0,0,0,0,0,0,0,0,0,0,0,0,0,0,0,0,54,2026-02-04 02:24:28.563961
SMMR,25.17,25.05,25.11,2197000.0,2199300.0,0,0,0,0,0,0,0,0,0,0,0,0,0,0,0,0,0,54,2026-02-04 02:24:28.563961
ATMN,24.84,24.74,24.84,2377400.0,2337300.0,0,0,0,0,0,0,0,0,0,0,0,0,0,0,0,0,0,54,2026-02-04 02:24:28.563961
WNTR,24.82,24.61,24.76,2206900.0,2135100.0,0,0,0,0,0,0,0,0,0,0,0,0,0,0,0,0,0,54,2026-02-04 02:24:28.563961
SPNG,24.66,24.67,25.11,2134000.0,2279000.0,0,0,0,0,0,0,0,0,0,0,0,0,0,0,0,0,0,55,2026-02-04 02:24:29.595955
SMMR,25.17,25.07,25.11,2187600.0,2199300.0,0,0,0,0,0,0,0,0,0,0,0,0,0,0,0,0,0,55,2026-02-04 02:24:29.595955
ATMN,25.08,24.67,25.08,2374000.0,2293100.0,0,0,0,0,0,0,0,0,0,0,0,0,0,0,0,0,0,55,2026-02-04 02:24:29.595955
WNTR,24.61,24.61,24.76,2206900.0,2135100.0,0,0,0,0,0,0,0,0,0,0,0,0,0,0,0,0,0,55,2026-02-04 02:24:29.595955
SPNG,25.15,24.67,25.15,2134000.0,2272500.0,0,0,0,0,0,0,0,0,0,0,0,0,0,0,0,0,0,56,2026-02-04 02:24:30.634745
SMMR,25.07,25.07,25.11,2187600.0,2197000.0,0,0,0,0,0,0,0,0,0,0,0,0,0,0,0,0,0,56,2026-02-04 02:24:30.634745
ATMN,24.67,24.58,24.65,2370500.0,2305200.0,0,0,0,0,0,0,0,0,0,0,0,0,0,0,0,0,0,56,2026-02-04 02:24:30.634745
WNTR,24.94,24.86,24.94,2219400.0,2128900.0,0,0,0,0,0,0,0,0,0,0,0,0,0,0,0,0,0,56,2026-02-04 02:24:30.634745
SPNG,25.15,24.67,25.15,2125000.0,2276000.0,0,0,0,0,0,0,0,0,0,0,0,0,0,0,0,0,0,57,2026-02-04 02:24:31.673793
SMMR,25.05,25.05,25.12,2183400.0,2213300.0,0,0,0,0,0,0,0,0,0,0,0,0,0,0,0,0,0,57,2026-02-04 02:24:31.673793
ATMN,25.09,24.58,24.88,2380200.0,2344200.0,0,0,0,0,0,0,0,0,0,0,0,0,0,0,0,0,0,57,2026-02-04 02:24:31.673793
WNTR,24.86,24.61,24.76,2243500.0,2124000.0,0,0,0,0,0,0,0,0,0,0,0,0,0,0,0,0,0,57,2026-02-04 02:24:31.673793
SPNG,25.21,24.68,25.21,2139900.0,2245500.0,0,0,0,0,0,0,0,0,0,0,0,0,0,0,0,0,0,58,2026-02-04 02:24:32.707934
SMMR,25.18,25.05,25.18,2173000.0,2202400.0,0,0,0,0,0,0,0,0,0,0,0,0,0,0,0,0,0,58,2026-02-04 02:24:32.707934
ATMN,24.88,24.59,24.88,2357900.0,2344200.0,0,0,0,0,0,0,0,0,0,0,0,0,0,0,0,0,0,58,2026-02-04 02:24:32.707934
WNTR,24.86,24.69,24.7,2252700.0,2130100.0,0,0,0,0,0,0,0,0,0,0,0,0,0,0,0,0,0,58,2026-02-04 02:24:32.707934
SPNG,24.82,24.68,24.82,2120800.0,2254900.0,0,0,0,0,0,0,0,0,0,0,0,0,0,0,0,0,0,59,2026-02-04 02:24:33.741861
SMMR,25.18,25.05,25.09,2173000.0,2205600.0,0,0,0,0,0,0,0,0,0,0,0,0,0,0,0,0,0,59,2026-02-04 02:24:33.741861
ATMN,24.88,24.61,24.88,2324200.0,2344200.0,0,0,0,0,0,0,0,0,0,0,0,0,0,0,0,0,0,59,2026-02-04 02:24:33.741861
WNTR,24.86,24.69,24.7,2229800.0,2130100.0,0,0,0,0,0,0,0,0,0,0,0,0,0,0,0,0,0,59,2026-02-04 02:24:33.741861
SPNG,24.82,24.48,24.78,1062100.0,787100.0,0,0,0,0,0,0,0,0,0,0,0,0,0,0,0,0,0,60,2026-02-04 02:24:34.786556
SMMR,25.05,24.38,24.53,945000.0,903100.0,0,0,0,0,0,0,0,0,0,0,0,0,0,0,0,0,0,60,2026-02-04 02:24:34.786556
ATMN,25.09,23.86,24.47,972700.0,835300.0,0,0,0,0,0,0,0,0,0,0,0,0,0,0,0,0,0,60,2026-02-04 02:24:34.786556
WNTR,24.74,24.92,24.93,898900.0,785100.0,0,0,0,0,0,0,0,0,0,0,0,0,0,0,0,0,0,60,2026-02-04 02:24:34.786556
SPNG,24.82,24.48,24.77,1062100.0,1103500.0,0,0,0,0,0,0,0,0,0,0,0,0,0,0,0,0,0,61,2026-02-04 02:24:35.831537
SMMR,25.05,24.38,24.49,945000.0,1215100.0,0,0,0,0,0,0,0,0,0,0,0,0,0,0,0,0,0,61,2026-02-04 02:24:35.831537
ATMN,25.09,23.86,23.95,1229400.0,945100.0,0,0,0,0,0,0,0,0,0,0,0,0,0,0,0,0,0,61,2026-02-04 02:24:35.831537
WNTR,24.77,24.77,24.93,968000.0,1008700.0,0,0,0,0,0,0,0,0,0,0,0,0,0,0,0,0,0,61,2026-02-04 02:24:35.831537
SPNG,24.1,24.15,24.77,1232700.0,1103500.0,0,0,0,0,0,0,0,0,0,0,0,0,0,0,0,0,0,62,2026-02-04 02:24:36.362461
SMMR,24.49,24.38,24.49,945000.0,1215100.0,0,0,0,0,0,0,0,0,0,0,0,0,0,0,0,0,0,62,2026-02-04 02:24:36.362461
ATMN,23.86,23.86,23.95,1255700.0,1062100.0,0,0,0,0,0,0,0,0,0,0,0,0,0,0,0,0,0,62,2026-02-04 02:24:36.362461
WNTR,24.77,24.77,24.93,1065800.0,1139400.0,0,0,0,0,0,0,0,0,0,0,0,0,0,0,0,0,0,62,2026-02-04 02:24:36.362461
SPNG,24.1,24.15,24.31,1498200.0,1313900.0,0,0,0,0,0,0,0,0,0,0,0,0,0,0,0,0,0,63,2026-02-04 02:24:37.896542
SMMR,24.38,24.38,24.53,943100.0,1342600.0,0,0,0,0,0,0,0,0,0,0,0,0,0,0,0,0,0,63,2026-02-04 02:24:37.896542
ATMN,23.83,23.83,23.97,1259000.0,1089800.0,0,0,0,0,0,0,0,0,0,0,0,0,0,0,0,0,0,63,2026-02-04 02:24:37.896542
WNTR,24.68,24.44,24.62,1163300.0,1229200.0,0,0,0,0,0,0,0,0,0,0,0,0,0,0,0,0,0,63,2026-02-04 02:24:37.896542
SPNG,24.31,24.66,24.77,1873400.0,1208000.0,0,0,0,0,0,0,0,0,0,0,0,0,0,0,0,0,0,64,2026-02-04 02:24:38.435669
SMMR,24.38,24.38,24.43,943100.0,1552200.0,0,0,0,0,0,0,0,0,0,0,0,0,0,0,0,0,0,64,2026-02-04 02:24:38.435669
ATMN,23.97,23.83,23.97,1259000.0,1217200.0,0,0,0,0,0,0,0,0,0,0,0,0,0,0,0,0,0,64,2026-02-04 02:24:38.435669
WNTR,24.62,24.66,24.77,1273700.0,1233100.0,0,0,0,0,0,0,0,0,0,0,0,0,0,0,0,0,0,64,2026-02-04 02:24:38.435669
SPNG,24.35,24.44,24.77,1968500.0,1317100.0,0,0,0,0,0,0,0,0,0,0,0,0,0,0,0,0,0,65,2026-02-04 02:24:39.482195
SMMR,24.33,24.33,24.43,975800.0,1669800.0,0,0,0,0,0,0,0,0,0,0,0,0,0,0,0,0,0,65,2026-02-04 02:24:39.482195
ATMN,23.97,24.0,24.02,1243600.0,1331000.0,0,0,0,0,0,0,0,0,0,0,0,0,0,0,0,0,0,65,2026-02-04 02:24:39.482195
WNTR,24.93,24.66,24.93,1367500.0,1139400.0,0,0,0,0,0,0,0,0,0,0,0,0,0,0,0,0,0,65,2026-02-04 02:24:39.482195
SPNG,24.44,24.21,24.39,2005000.0,1655200.0,0,0,0,0,0,0,0,0,0,0,0,0,0,0,0,0,0,66,2026-02-04 02:24:40.535747
SMMR,24.33,24.33,24.43,975800.0,1693200.0,0,0,0,0,0,0,0,0,0,0,0,0,0,0,0,0,0,66,2026-02-04 02:24:40.535747
ATMN,23.55,23.55,23.79,1026800.0,1574500.0,0,0,0,0,0,0,0,0,0,0,0,0,0,0,0,0,0,66,2026-02-04 02:24:40.535747
WNTR,24.88,24.76,24.87,1471700.0,1375000.0,0,0,0,0,0,0,0,0,0,0,0,0,0,0,0,0,0,66,2026-02-04 02:24:40.535747
SPNG,24.48,24.21,24.48,2240200.0,1538600.0,0,0,0,0,0,0,0,0,0,0,0,0,0,0,0,0,0,67,2026-02-04 02:24:41.568681
SMMR,24.18,24.36,24.42,1072200.0,1790800.0,0,0,0,0,0,0,0,0,0,0,0,0,0,0,0,0,0,67,2026-02-04 02:24:41.568681
ATMN,23.55,23.55,23.79,1399700.0,1574500.0,0,0,0,0,0,0,0,0,0,0,0,0,0,0,0,0,0,67,2026-02-04 02:24:41.568681
WNTR,24.66,24.66,24.87,1367500.0,1375000.0,0,0,0,0,0,0,0,0,0,0,0,0,0,0,0,0,0,67,2026-02-04 02:24:41.568681
SPNG,24.48,24.21,24.48,2589900.0,1648900.0,0,0,0,0,0,0,0,0,0,0,0,0,0,0,0,0,0,68,2026-02-04 02:24:42.603031
SMMR,24.18,24.18,24.45,961800.0,1697200.0,0,0,0,0,0,0,0,0,0,0,0,0,0,0,0,0,0,68,2026-02-04 02:24:42.603031
ATMN,23.9,23.9,24.02,1536700.0,1582000.0,0,0,0,0,0,0,0,0,0,0,0,0,0,0,0,0,0,68,2026-02-04 02:24:42.603031
WNTR,24.64,24.64,24.75,1474300.0,1505900.0,0,0,0,0,0,0,0,0,0,0,0,0,0,0,0,0,0,68,2026-02-04 02:24:42.603031
SPNG,24.48,24.41,24.48,2452700.0,1772000.0,0,0,0,0,0,0,0,0,0,0,0,0,0,0,0,0,0,69,2026-02-04 02:24:43.639939
SMMR,24.53,24.2,24.53,1182400.0,1581800.0,0,0,0,0,0,0,0,0,0,0,0,0,0,0,0,0,0,69,2026-02-04 02:24:43.639939
ATMN,24.02,23.68,24.02,1534700.0,1582000.0,0,0,0,0,0,0,0,0,0,0,0,0,0,0,0,0,0,69,2026-02-04 02:24:43.639939
WNTR,24.64,24.64,24.75,1700600.0,1624200.0,0,0,0,0,0,0,0,0,0,0,0,0,0,0,0,0,0,69,2026-02-04 02:24:43.639939
SPNG,24.48,24.41,24.48,2435400.0,1954600.0,0,0,0,0,0,0,0,0,0,0,0,0,0,0,0,0,0,70,2026-02-04 02:24:44.672325
SMMR,24.2,24.27,24.53,1307600.0,1696700.0,0,0,0,0,0,0,0,0,0,0,0,0,0,0,0,0,0,70,2026-02-04 02:24:44.672325
ATMN,24.11,23.55,24.11,1547400.0,1596300.0,0,0,0,0,0,0,0,0,0,0,0,0,0,0,0,0,0,70,2026-02-04 02:24:44.672325
WNTR,24.64,24.64,24.75,1700600.0,1854100.0,0,0,0,0,0,0,0,0,0,0,0,0,0,0,0,0,0,70,2026-02-04 02:24:44.672325
SPNG,24.28,24.28,24.48,2478700.0,2049100.0,0,0,0,0,0,0,0,0,0,0,0,0,0,0,0,0,0,71,2026-02-04 02:24:45.709597
SMMR,24.43,24.43,24.53,1420800.0,1791900.0,0,0,0,0,0,0,0,0,0,0,0,0,0,0,0,0,0,71,2026-02-04 02:24:45.709597
ATMN,23.49,23.49,23.52,1443800.0,1708200.0,0,0,0,0,0,0,0,0,0,0,0,0,0,0,0,0,0,71,2026-02-04 02:24:45.709597
WNTR,24.75,24.64,24.66,1795300.0,1955900.0,0,0,0,0,0,0,0,0,0,0,0,0,0,0,0,0,0,71,2026-02-04 02:24:45.709597
SPNG,24.56,24.28,24.56,2434200.0,1955100.0,0,0,0,0,0,0,0,0,0,0,0,0,0,0,0,0,0,72,2026-02-04 02:24:46.742459
SMMR,24.27,24.31,24.38,1414000.0,2016600.0,0,0,0,0,0,0,0,0,0,0,0,0,0,0,0,0,0,72,2026-02-04 02:24:46.742459
ATMN,23.49,23.49,23.52,1847400.0,1708200.0,0,0,0,0,0,0,0,0,0,0,0,0,0,0,0,0,0,72,2026-02-04 02:24:46.742459
WNTR,24.82,24.64,24.73,1904700.0,1949800.0,0,0,0,0,0,0,0,0,0,0,0,0,0,0,0,0,0,72,2026-02-04 02:24:46.742459
SPNG,24.23,24.23,24.56,2424200.0,2060600.0,0,0,0,0,0,0,0,0,0,0,0,0,0,0,0,0,0,73,2026-02-04 02:24:47.778377
SMMR,24.38,24.27,24.38,1520000.0,2016600.0,0,0,0,0,0,0,0,0,0,0,0,0,0,0,0,0,0,73,2026-02-04 02:24:47.778377
ATMN,24.11,23.48,24.11,1744400.0,1596300.0,0,0,0,0,0,0,0,0,0,0,0,0,0,0,0,0,0,73,2026-02-04 02:24:47.778377
WNTR,24.62,24.56,24.62,1687500.0,2067800.0,0,0,0,0,0,0,0,0,0,0,0,0,0,0,0,0,0,73,2026-02-04 02:24:47.778377
SPNG,24.22,24.22,24.56,2377500.0,2060600.0,0,0,0,0,0,0,0,0,0,0,0,0,0,0,0,0,0,74,2026-02-04 02:24:48.809197
SMMR,24.38,24.27,24.38,1868800.0,2016600.0,0,0,0,0,0,0,0,0,0,0,0,0,0,0,0,0,0,74,2026-02-04 02:24:48.809197
ATMN,23.95,23.95,24.11,1997000.0,1596300.0,0,0,0,0,0,0,0,0,0,0,0,0,0,0,0,0,0,74,2026-02-04 02:24:48.809197
WNTR,24.56,24.56,24.85,1687500.0,2056400.0,0,0,0,0,0,0,0,0,0,0,0,0,0,0,0,0,0,74,2026-02-04 02:24:48.809197
SPNG,24.21,24.21,24.56,2367800.0,2060600.0,0,0,0,0,0,0,0,0,0,0,0,0,0,0,0,0,0,75,2026-02-04 02:24:49.847248
SMMR,24.43,24.27,24.38,1868800.0,2097200.0,0,0,0,0,0,0,0,0,0,0,0,0,0,0,0,0,0,75,2026-02-04 02:24:49.847248
ATMN,23.95,23.53,23.61,2024200.0,1827100.0,0,0,0,0,0,0,0,0,0,0,0,0,0,0,0,0,0,75,2026-02-04 02:24:49.847248
WNTR,24.55,24.55,24.85,1593700.0,2056400.0,0,0,0,0,0,0,0,0,0,0,0,0,0,0,0,0,0,75,2026-02-04 02:24:49.847248
SPNG,24.21,24.21,24.56,2349900.0,2089600.0,0,0,0,0,0,0,0,0,0,0,0,0,0,0,0,0,0,76,2026-02-04 02:24:50.878899
SMMR,24.26,24.26,24.38,1743600.0,2222000.0,0,0,0,0,0,0,0,0,0,0,0,0,0,0,0,0,0,76,2026-02-04 02:24:50.878899
ATMN,23.61,23.53,23.61,2444100.0,1827100.0,0,0,0,0,0,0,0,0,0,0,0,0,0,0,0,0,0,76,2026-02-04 02:24:50.878899
WNTR,24.52,24.52,24.92,1484300.0,1951300.0,0,0,0,0,0,0,0,0,0,0,0,0,0,0,0,0,0,76,2026-02-04 02:24:50.878899
SPNG,24.57,24.21,24.57,2349900.0,2107000.0,0,0,0,0,0,0,0,0,0,0,0,0,0,0,0,0,0,77,2026-02-04 02:24:51.413070
SMMR,24.45,24.26,24.45,1839700.0,2250400.0,0,0,0,0,0,0,0,0,0,0,0,0,0,0,0,0,0,77,2026-02-04 02:24:51.413070
ATMN,23.61,23.53,23.61,2678900.0,1827100.0,0,0,0,0,0,0,0,0,0,0,0,0,0,0,0,0,0,77,2026-02-04 02:24:51.413070
WNTR,24.98,24.98,25.0,1591900.0,1595900.0,0,0,0,0,0,0,0,0,0,0,0,0,0,0,0,0,0,77,2026-02-04 02:24:51.413070
SPNG,24.21,24.21,24.72,2349900.0,2073800.0,0,0,0,0,0,0,0,0,0,0,0,0,0,0,0,0,0,78,2026-02-04 02:24:52.489512
SMMR,24.24,24.24,24.54,1735200.0,2119200.0,0,0,0,0,0,0,0,0,0,0,0,0,0,0,0,0,0,78,2026-02-04 02:24:52.489512
ATMN,23.61,23.7,24.11,2642700.0,2009500.0,0,0,0,0,0,0,0,0,0,0,0,0,0,0,0,0,0,78,2026-02-04 02:24:52.489512
WNTR,24.98,24.72,24.73,1703600.0,1830000.0,0,0,0,0,0,0,0,0,0,0,0,0,0,0,0,0,0,78,2026-02-04 02:24:52.489512
SPNG,24.72,24.72,24.77,2344300.0,2105500.0,0,0,0,0,0,0,0,0,0,0,0,0,0,0,0,0,0,79,2026-02-04 02:24:53.528703
SMMR,24.24,24.42,24.51,1843300.0,2192400.0,0,0,0,0,0,0,0,0,0,0,0,0,0,0,0,0,0,79,2026-02-04 02:24:53.528703
ATMN,23.73,23.7,23.73,2598200.0,2258200.0,0,0,0,0,0,0,0,0,0,0,0,0,0,0,0,0,0,79,2026-02-04 02:24:53.528703
WNTR,24.72,24.72,24.73,1703300.0,1830000.0,0,0,0,0,0,0,0,0,0,0,0,0,0,0,0,0,0,79,2026-02-04 02:24:53.528703
SPNG,24.72,24.29,24.77,2353100.0,2105500.0,0,0,0,0,0,0,0,0,0,0,0,0,0,0,0,0,0,80,2026-02-04 02:24:54.572970
SMMR,24.42,24.26,24.33,1865000.0,2203900.0,0,0,0,0,0,0,0,0,0,0,0,0,0,0,0,0,0,80,2026-02-04 02:24:54.572970
ATMN,23.7,23.7,24.11,2598200.0,2262200.0,0,0,0,0,0,0,0,0,0,0,0,0,0,0,0,0,0,80,2026-02-04 02:24:54.572970
WNTR,24.73,24.97,25.0,2066300.0,1811900.0,0,0,0,0,0,0,0,0,0,0,0,0,0,0,0,0,0,80,2026-02-04 02:24:54.572970
SPNG,24.58,24.56,24.58,2373300.0,2161200.0,0,0,0,0,0,0,0,0,0,0,0,0,0,0,0,0,0,81,2026-02-04 02:24:55.610537
SMMR,24.42,24.26,24.29,1986400.0,2154400.0,0,0,0,0,0,0,0,0,0,0,0,0,0,0,0,0,0,81,2026-02-04 02:24:55.610537
ATMN,23.53,23.84,23.91,2604000.0,2375000.0,0,0,0,0,0,0,0,0,0,0,0,0,0,0,0,0,0,81,2026-02-04 02:24:55.610537
WNTR,24.6,24.6,24.66,1844200.0,2036700.0,0,0,0,0,0,0,0,0,0,0,0,0,0,0,0,0,0,81,2026-02-04 02:24:55.610537
SPNG,24.29,24.29,24.41,2361700.0,2134900.0,0,0,0,0,0,0,0,0,0,0,0,0,0,0,0,0,0,82,2026-02-04 02:24:56.649688
SMMR,24.33,24.27,24.33,2224900.0,2185300.0,0,0,0,0,0,0,0,0,0,0,0,0,0,0,0,0,0,82,2026-02-04 02:24:56.649688
ATMN,23.53,23.84,23.91,2604000.0,2405600.0,0,0,0,0,0,0,0,0,0,0,0,0,0,0,0,0,0,82,2026-02-04 02:24:56.649688
WNTR,24.66,24.71,24.86,1944300.0,2154700.0,0,0,0,0,0,0,0,0,0,0,0,0,0,0,0,0,0,82,2026-02-04 02:24:56.649688
SPNG,24.28,24.28,24.58,2324700.0,2161200.0,0,0,0,0,0,0,0,0,0,0,0,0,0,0,0,0,0,83,2026-02-04 02:24:57.687792
SMMR,24.33,24.32,24.33,2296000.0,2185300.0,0,0,0,0,0,0,0,0,0,0,0,0,0,0,0,0,0,83,2026-02-04 02:24:57.687792
ATMN,23.53,23.53,23.91,2662000.0,2423800.0,0,0,0,0,0,0,0,0,0,0,0,0,0,0,0,0,0,83,2026-02-04 02:24:57.687792
WNTR,24.66,24.71,24.86,2058900.0,2188600.0,0,0,0,0,0,0,0,0,0,0,0,0,0,0,0,0,0,83,2026-02-04 02:24:57.687792
SPNG,24.58,24.73,24.77,2308700.0,2138900.0,0,0,0,0,0,0,0,0,0,0,0,0,0,0,0,0,0,84,2026-02-04 02:24:58.727005
SMMR,24.44,24.46,24.51,2321300.0,2194700.0,0,0,0,0,0,0,0,0,0,0,0,0,0,0,0,0,0,84,2026-02-04 02:24:58.727005
ATMN,23.89,23.52,23.6,2663600.0,2434400.0,0,0,0,0,0,0,0,0,0,0,0,0,0,0,0,0,0,84,2026-02-04 02:24:58.727005
WNTR,24.93,24.71,24.82,2160300.0,2205400.0,0,0,0,0,0,0,0,0,0,0,0,0,0,0,0,0,0,84,2026-02-04 02:24:58.727005
SPNG,24.53,24.71,24.77,2320800.0,2173500.0,0,0,0,0,0,0,0,0,0,0,0,0,0,0,0,0,0,85,2026-02-04 02:24:59.764208
SMMR,24.52,24.46,24.52,2321300.0,2207800.0,0,0,0,0,0,0,0,0,0,0,0,0,0,0,0,0,0,85,2026-02-04 02:24:59.764208
ATMN,23.75,23.52,23.69,2663600.0,2461800.0,0,0,0,0,0,0,0,0,0,0,0,0,0,0,0,0,0,85,2026-02-04 02:24:59.764208
WNTR,24.66,24.66,24.72,2266700.0,2213800.0,0,0,0,0,0,0,0,0,0,0,0,0,0,0,0,0,0,85,2026-02-04 02:24:59.764208
SPNG,24.35,24.28,24.35,2324700.0,2188000.0,0,0,0,0,0,0,0,0,0,0,0,0,0,0,0,0,0,86,2026-02-04 02:25:00.810023
SMMR,24.46,24.46,24.53,2312600.0,2226300.0,0,0,0,0,0,0,0,0,0,0,0,0,0,0,0,0,0,86,2026-02-04 02:25:00.810023
ATMN,23.75,23.53,23.69,2613900.0,2461800.0,0,0,0,0,0,0,0,0,0,0,0,0,0,0,0,0,0,86,2026-02-04 02:25:00.810023
WNTR,24.72,24.75,24.82,2273100.0,2191400.0,0,0,0,0,0,0,0,0,0,0,0,0,0,0,0,0,0,86,2026-02-04 02:25:00.810023
SPNG,24.64,24.59,24.64,2321500.0,2193500.0,0,0,0,0,0,0,0,0,0,0,0,0,0,0,0,0,0,87,2026-02-04 02:25:01.850947
SMMR,24.46,24.43,24.45,2290600.0,2158900.0,0,0,0,0,0,0,0,0,0,0,0,0,0,0,0,0,0,87,2026-02-04 02:25:01.850947
ATMN,23.69,23.72,23.91,2576400.0,2438200.0,0,0,0,0,0,0,0,0,0,0,0,0,0,0,0,0,0,87,2026-02-04 02:25:01.850947
WNTR,24.82,24.65,24.82,2173900.0,2191400.0,0,0,0,0,0,0,0,0,0,0,0,0,0,0,0,0,0,87,2026-02-04 02:25:01.850947
SPNG,24.77,24.33,24.77,2291400.0,2173500.0,0,0,0,0,0,0,0,0,0,0,0,0,0,0,0,0,0,88,2026-02-04 02:25:02.894648
SMMR,24.32,24.32,24.36,2296000.0,2198100.0,0,0,0,0,0,0,0,0,0,0,0,0,0,0,0,0,0,88,2026-02-04 02:25:02.894648
ATMN,23.89,23.65,23.89,2597800.0,2451700.0,0,0,0,0,0,0,0,0,0,0,0,0,0,0,0,0,0,88,2026-02-04 02:25:02.894648
WNTR,24.84,24.65,24.84,2304300.0,2189600.0,0,0,0,0,0,0,0,0,0,0,0,0,0,0,0,0,0,88,2026-02-04 02:25:02.894648
SPNG,24.33,24.33,24.77,2291400.0,2209700.0,0,0,0,0,0,0,0,0,0,0,0,0,0,0,0,0,0,89,2026-02-04 02:25:03.925083
SMMR,24.44,24.3,24.44,2301700.0,2196100.0,0,0,0,0,0,0,0,0,0,0,0,0,0,0,0,0,0,89,2026-02-04 02:25:03.925083
ATMN,23.65,23.53,23.56,2579900.0,2509800.0,0,0,0,0,0,0,0,0,0,0,0,0,0,0,0,0,0,89,2026-02-04 02:25:03.925083
WNTR,24.56,24.63,24.84,2268600.0,2183800.0,0,0,0,0,0,0,0,0,0,0,0,0,0,0,0,0,0,89,2026-02-04 02:25:03.925083
SPNG,24.22,24.22,24.77,2282200.0,2221300.0,0,0,0,0,0,0,0,0,0,0,0,0,0,0,0,0,0,90,2026-02-04 02:25:04.963792
SMMR,24.45,24.46,24.52,2264800.0,2150700.0,0,0,0,0,0,0,0,0,0,0,0,0,0,0,0,0,0,90,2026-02-04 02:25:04.963792
ATMN,23.52,23.52,23.56,2582600.0,2509800.0,0,0,0,0,0,0,0,0,0,0,0,0,0,0,0,0,0,90,2026-02-04 02:25:04.963792
WNTR,24.63,24.63,24.88,2287200.0,2194300.0,0,0,0,0,0,0,0,0,0,0,0,0,0,0,0,0,0,90,2026-02-04 02:25:04.963792
SPNG,24.22,24.3,24.39,2295500.0,2228200.0,0,0,0,0,0,0,0,0,0,0,0,0,0,0,0,0,0,91,2026-02-04 02:25:05.493434
SMMR,24.42,24.3,24.36,2301700.0,2153600.0,0,0,0,0,0,0,0,0,0,0,0,0,0,0,0,0,0,91,2026-02-04 02:25:05.493434
ATMN,23.56,23.75,23.89,2615200.0,2479300.0,0,0,0,0,0,0,0,0,0,0,0,0,0,0,0,0,0,91,2026-02-04 02:25:05.493434
WNTR,24.63,24.68,24.88,2277500.0,2194300.0,0,0,0,0,0,0,0,0,0,0,0,0,0,0,0,0,0,91,2026-02-04 02:25:05.493434
SPNG,24.39,24.42,24.65,2284000.0,2242500.0,0,0,0,0,0,0,0,0,0,0,0,0,0,0,0,0,0,92,2026-02-04 02:25:06.546849
SMMR,24.42,24.3,24.36,2264700.0,2161300.0,0,0,0,0,0,0,0,0,0,0,0,0,0,0,0,0,0,92,2026-02-04 02:25:06.546849
ATMN,23.75,23.52,23.74,2587200.0,2539000.0,0,0,0,0,0,0,0,0,0,0,0,0,0,0,0,0,0,92,2026-02-04 02:25:06.546849
WNTR,24.95,24.63,24.72,2276100.0,2166100.0,0,0,0,0,0,0,0,0,0,0,0,0,0,0,0,0,0,92,2026-02-04 02:25:06.546849
SPNG,24.38,24.3,24.38,2291200.0,2238900.0,0,0,0,0,0,0,0,0,0,0,0,0,0,0,0,0,0,93,2026-02-04 02:25:07.585814
SMMR,24.46,24.32,24.41,2296900.0,2181600.0,0,0,0,0,0,0,0,0,0,0,0,0,0,0,0,0,0,93,2026-02-04 02:25:07.585814
ATMN,23.49,23.49,23.62,2603700.0,2551800.0,0,0,0,0,0,0,0,0,0,0,0,0,0,0,0,0,0,93,2026-02-04 02:25:07.585814
WNTR,24.99,24.61,24.99,2256700.0,2153300.0,0,0,0,0,0,0,0,0,0,0,0,0,0,0,0,0,0,93,2026-02-04 02:25:07.585814
SPNG,24.38,24.47,24.65,2274600.0,2222700.0,0,0,0,0,0,0,0,0,0,0,0,0,0,0,0,0,0,94,2026-02-04 02:25:08.633322
SMMR,24.41,24.32,24.38,2266900.0,2196600.0,0,0,0,0,0,0,0,0,0,0,0,0,0,0,0,0,0,94,2026-02-04 02:25:08.633322
ATMN,23.7,23.65,23.7,2639100.0,2539700.0,0,0,0,0,0,0,0,0,0,0,0,0,0,0,0,0,0,94,2026-02-04 02:25:08.633322
WNTR,24.76,24.61,24.76,2265900.0,2157700.0,0,0,0,0,0,0,0,0,0,0,0,0,0,0,0,0,0,94,2026-02-04 02:25:08.633322
SPNG,24.38,24.47,24.65,2274600.0,2239600.0,0,0,0,0,0,0,0,0,0,0,0,0,0,0,0,0,0,95,2026-02-04 02:25:09.671752
SMMR,24.38,24.34,24.38,2267300.0,2196600.0,0,0,0,0,0,0,0,0,0,0,0,0,0,0,0,0,0,95,2026-02-04 02:25:09.671752
ATMN,23.7,23.65,23.7,2639100.0,2532400.0,0,0,0,0,0,0,0,0,0,0,0,0,0,0,0,0,0,95,2026-02-04 02:25:09.671752
WNTR,24.76,24.71,24.76,2241800.0,2157700.0,0,0,0,0,0,0,0,0,0,0,0,0,0,0,0,0,0,95,2026-02-04 02:25:09.671752
SPNG,24.47,24.3,24.41,2293800.0,2257400.0,0,0,0,0,0,0,0,0,0,0,0,0,0,0,0,0,0,96,2026-02-04 02:25:10.713408
SMMR,24.52,24.34,24.52,2232100.0,2150700.0,0,0,0,0,0,0,0,0,0,0,0,0,0,0,0,0,0,96,2026-02-04 02:25:10.713408
ATMN,23.65,23.49,23.61,2609700.0,2531300.0,0,0,0,0,0,0,0,0,0,0,0,0,0,0,0,0,0,96,2026-02-04 02:25:10.713408
WNTR,24.78,24.9,25.0,2217800.0,2149900.0,0,0,0,0,0,0,0,0,0,0,0,0,0,0,0,0,0,96,2026-02-04 02:25:10.713408
SPNG,24.65,24.38,24.65,2265000.0,2239600.0,0,0,0,0,0,0,0,0,0,0,0,0,0,0,0,0,0,97,2026-02-04 02:25:11.754612
SMMR,24.29,24.29,24.53,2260100.0,2205700.0,0,0,0,0,0,0,0,0,0,0,0,0,0,0,0,0,0,97,2026-02-04 02:25:11.754612
ATMN,23.42,23.42,23.61,2609500.0,2531300.0,0,0,0,0,0,0,0,0,0,0,0,0,0,0,0,0,0,97,2026-02-04 02:25:11.754612
WNTR,24.71,24.62,24.69,2258700.0,2175900.0,0,0,0,0,0,0,0,0,0,0,0,0,0,0,0,0,0,97,2026-02-04 02:25:11.754612
SPNG,24.28,24.28,24.65,2293900.0,2239600.0,0,0,0,0,0,0,0,0,0,0,0,0,0,0,0,0,0,98,2026-02-04 02:25:12.789063
SMMR,24.29,24.27,24.29,2248300.0,2156200.0,0,0,0,0,0,0,0,0,0,0,0,0,0,0,0,0,0,98,2026-02-04 02:25:12.789063
ATMN,23.42,23.52,23.61,2678900.0,2531300.0,0,0,0,0,0,0,0,0,0,0,0,0,0,0,0,0,0,98,2026-02-04 02:25:12.789063
WNTR,24.62,24.81,24.85,2241700.0,2168900.0,0,0,0,0,0,0,0,0,0,0,0,0,0,0,0,0,0,98,2026-02-04 02:25:12.789063
SPNG,24.77,24.34,24.54,2282500.0,2238000.0,0,0,0,0,0,0,0,0,0,0,0,0,0,0,0,0,0,99,2026-02-04 02:25:13.821788
SMMR,24.29,24.32,24.53,2204900.0,2168100.0,0,0,0,0,0,0,0,0,0,0,0,0,0,0,0,0,0,99,2026-02-04 02:25:13.821788
ATMN,23.52,23.52,23.61,2693400.0,2531300.0,0,0,0,0,0,0,0,0,0,0,0,0,0,0,0,0,0,99,2026-02-04 02:25:13.821788
WNTR,24.81,24.81,24.85,2241700.0,2166500.0,0,0,0,0,0,0,0,0,0,0,0,0,0,0,0,0,0,99,2026-02-04 02:25:13.821788
SPNG,24.42,24.34,24.42,2282500.0,2267100.0,0,0,0,0,0,0,0,0,0,0,0,0,0,0,0,0,0,100,2026-02-04 02:25:14.854407
SMMR,24.38,24.38,24.53,2203900.0,2168100.0,0,0,0,0,0,0,0,0,0,0,0,0,0,0,0,0,0,100,2026-02-04 02:25:14.854407
ATMN,23.61,23.65,23.7,2664300.0,2537400.0,0,0,0,0,0,0,0,0,0,0,0,0,0,0,0,0,0,100,2026-02-04 02:25:14.854407
WNTR,24.84,24.62,24.8,2258700.0,2158600.0,0,0,0,0,0,0,0,0,0,0,0,0,0,0,0,0,0,100,2026-02-04 02:25:14.854407
SPNG,24.51,24.34,24.51,2276100.0,2257200.0,0,0,0,0,0,0,0,0,0,0,0,0,0,0,0,0,0,101,2026-02-04 02:25:15.893555
SMMR,24.53,24.38,24.53,2203700.0,2208100.0,0,0,0,0,0,0,0,0,0,0,0,0,0,0,0,0,0,101,2026-02-04 02:25:15.893555
ATMN,23.65,23.52,23.62,2668900.0,2526700.0,0,0,0,0,0,0,0,0,0,0,0,0,0,0,0,0,0,101,2026-02-04 02:25:15.893555
WNTR,24.61,24.61,24.67,2254700.0,2167400.0,0,0,0,0,0,0,0,0,0,0,0,0,0,0,0,0,0,101,2026-02-04 02:25:15.893555
SPNG,24.23,24.44,24.51,2299100.0,2257200.0,0,0,0,0,0,0,0,0,0,0,0,0,0,0,0,0,0,102,2026-02-04 02:25:16.932696
SMMR,24.54,24.38,24.54,2203700.0,2261900.0,0,0,0,0,0,0,0,0,0,0,0,0,0,0,0,0,0,102,2026-02-04 02:25:16.932696
ATMN,23.65,23.52,23.62,2616000.0,2559000.0,0,0,0,0,0,0,0,0,0,0,0,0,0,0,0,0,0,102,2026-02-04 02:25:16.932696
WNTR,24.67,24.55,24.67,2293500.0,2167400.0,0,0,0,0,0,0,0,0,0,0,0,0,0,0,0,0,0,102,2026-02-04 02:25:16.932696
SPNG,24.2,24.2,24.51,2314600.0,2264700.0,0,0,0,0,0,0,0,0,0,0,0,0,0,0,0,0,0,103,2026-02-04 02:25:17.972913
SMMR,24.32,24.32,24.42,2163300.0,2282400.0,0,0,0,0,0,0,0,0,0,0,0,0,0,0,0,0,0,103,2026-02-04 02:25:17.972913
ATMN,23.7,23.52,23.59,2616000.0,2554400.0,0,0,0,0,0,0,0,0,0,0,0,0,0,0,0,0,0,103,2026-02-04 02:25:17.972913
WNTR,24.8,24.53,24.54,2283500.0,2177900.0,0,0,0,0,0,0,0,0,0,0,0,0,0,0,0,0,0,103,2026-02-04 02:25:17.972913
SPNG,24.77,24.2,24.67,2314600.0,2253900.0,0,0,0,0,0,0,0,0,0,0,0,0,0,0,0,0,0,104,2026-02-04 02:25:19.002276
SMMR,24.32,24.32,24.42,2204200.0,2284500.0,0,0,0,0,0,0,0,0,0,0,0,0,0,0,0,0,0,104,2026-02-04 02:25:19.002276
ATMN,23.7,23.52,23.59,2616000.0,2529600.0,0,0,0,0,0,0,0,0,0,0,0,0,0,0,0,0,0,104,2026-02-04 02:25:19.002276
WNTR,24.74,24.53,24.74,2283500.0,2212200.0,0,0,0,0,0,0,0,0,0,0,0,0,0,0,0,0,0,104,2026-02-04 02:25:19.002276
SPNG,24.52,24.2,24.23,2314600.0,2277900.0,0,0,0,0,0,0,0,0,0,0,0,0,0,0,0,0,0,105,2026-02-04 02:25:20.036804
SMMR,24.3,24.3,24.42,2238400.0,2288900.0,0,0,0,0,0,0,0,0,0,0,0,0,0,0,0,0,0,105,2026-02-04 02:25:20.036804
ATMN,23.59,23.52,23.59,2616000.0,2540900.0,0,0,0,0,0,0,0,0,0,0,0,0,0,0,0,0,0,105,2026-02-04 02:25:20.036804
WNTR,24.53,24.53,24.54,2283500.0,2231800.0,0,0,0,0,0,0,0,0,0,0,0,0,0,0,0,0,0,105,2026-02-04 02:25:20.036804
SPNG,24.23,24.59,24.6,2344300.0,2266300.0,0,0,0,0,0,0,0,0,0,0,0,0,0,0,0,0,0,106,2026-02-04 02:25:20.564289
SMMR,24.47,24.3,24.47,2238400.0,2288300.0,0,0,0,0,0,0,0,0,0,0,0,0,0,0,0,0,0,106,2026-02-04 02:25:20.564289
ATMN,23.59,23.52,23.59,2616000.0,2512400.0,0,0,0,0,0,0,0,0,0,0,0,0,0,0,0,0,0,106,2026-02-04 02:25:20.564289
WNTR,24.74,24.53,24.71,2283500.0,2251000.0,0,0,0,0,0,0,0,0,0,0,0,0,0,0,0,0,0,106,2026-02-04 02:25:20.564289
SPNG,24.59,24.59,24.6,2344300.0,2243400.0,0,0,0,0,0,0,0,0,0,0,0,0,0,0,0,0,0,107,2026-02-04 02:25:21.609020
SMMR,24.44,24.3,24.44,2238400.0,2277500.0,0,0,0,0,0,0,0,0,0,0,0,0,0,0,0,0,0,107,2026-02-04 02:25:21.609020
ATMN,23.61,23.52,23.61,2616000.0,2473200.0,0,0,0,0,0,0,0,0,0,0,0,0,0,0,0,0,0,107,2026-02-04 02:25:21.609020
WNTR,24.71,24.55,24.71,2289900.0,2254200.0,0,0,0,0,0,0,0,0,0,0,0,0,0,0,0,0,0,107,2026-02-04 02:25:21.609020
SPNG,24.19,24.46,24.6,2354200.0,2209700.0,0,0,0,0,0,0,0,0,0,0,0,0,0,0,0,0,0,108,2026-02-04 02:25:22.657045
SMMR,24.27,24.27,24.33,2225200.0,2291600.0,0,0,0,0,0,0,0,0,0,0,0,0,0,0,0,0,0,108,2026-02-04 02:25:22.657045
ATMN,23.74,23.42,23.74,2614600.0,2432800.0,0,0,0,0,0,0,0,0,0,0,0,0,0,0,0,0,0,108,2026-02-04 02:25:22.657045
WNTR,24.52,24.52,24.57,2286200.0,2226000.0,0,0,0,0,0,0,0,0,0,0,0,0,0,0,0,0,0,108,2026-02-04 02:25:22.657045
SPNG,24.19,24.19,24.35,2330600.0,2230700.0,0,0,0,0,0,0,0,0,0,0,0,0,0,0,0,0,0,109,2026-02-04 02:25:23.698776
SMMR,24.33,24.3,24.33,2242500.0,2291600.0,0,0,0,0,0,0,0,0,0,0,0,0,0,0,0,0,0,109,2026-02-04 02:25:23.698776
ATMN,23.41,23.56,23.62,2618100.0,2403200.0,0,0,0,0,0,0,0,0,0,0,0,0,0,0,0,0,0,109,2026-02-04 02:25:23.698776
WNTR,24.56,24.52,24.56,2293800.0,2247900.0,0,0,0,0,0,0,0,0,0,0,0,0,0,0,0,0,0,109,2026-02-04 02:25:23.698776
SPNG,24.35,24.19,24.35,2330600.0,2230700.0,0,0,0,0,0,0,0,0,0,0,0,0,0,0,0,0,0,110,2026-02-04 02:25:24.748750
SMMR,24.33,24.36,24.44,2236200.0,2290000.0,0,0,0,0,0,0,0,0,0,0,0,0,0,0,0,0,0,110,2026-02-04 02:25:24.748750
ATMN,23.73,23.56,23.73,2609500.0,2409500.0,0,0,0,0,0,0,0,0,0,0,0,0,0,0,0,0,0,110,2026-02-04 02:25:24.748750
WNTR,24.5,24.5,24.56,2306500.0,2247900.0,0,0,0,0,0,0,0,0,0,0,0,0,0,0,0,0,0,110,2026-02-04 02:25:24.748750
SPNG,24.35,24.59,24.6,2331600.0,2224000.0,0,0,0,0,0,0,0,0,0,0,0,0,0,0,0,0,0,111,2026-02-04 02:25:25.795133
SMMR,24.36,24.36,24.43,2236200.0,2264500.0,0,0,0,0,0,0,0,0,0,0,0,0,0,0,0,0,0,111,2026-02-04 02:25:25.795133
ATMN,23.63,23.42,23.63,2591600.0,2420800.0,0,0,0,0,0,0,0,0,0,0,0,0,0,0,0,0,0,111,2026-02-04 02:25:25.795133
WNTR,24.57,24.5,24.57,2254100.0,2226000.0,0,0,0,0,0,0,0,0,0,0,0,0,0,0,0,0,0,111,2026-02-04 02:25:25.795133
SPNG,24.34,24.34,24.6,2349900.0,2210700.0,0,0,0,0,0,0,0,0,0,0,0,0,0,0,0,0,0,112,2026-02-04 02:25:26.850765
SMMR,24.29,24.29,24.43,2245300.0,2234900.0,0,0,0,0,0,0,0,0,0,0,0,0,0,0,0,0,0,112,2026-02-04 02:25:26.850765
ATMN,23.73,23.49,23.73,2562500.0,2421000.0,0,0,0,0,0,0,0,0,0,0,0,0,0,0,0,0,0,112,2026-02-04 02:25:26.850765
WNTR,24.57,24.62,24.69,2245100.0,2231700.0,0,0,0,0,0,0,0,0,0,0,0,0,0,0,0,0,0,112,2026-02-04 02:25:26.850765
SPNG,24.34,24.29,24.32,2346200.0,2246800.0,0,0,0,0,0,0,0,0,0,0,0,0,0,0,0,0,0,113,2026-02-04 02:25:27.906003
SMMR,24.29,24.29,24.43,2245300.0,2234900.0,0,0,0,0,0,0,0,0,0,0,0,0,0,0,0,0,0,113,2026-02-04 02:25:27.906003
ATMN,23.74,23.74,23.78,2552200.0,2419900.0,0,0,0,0,0,0,0,0,0,0,0,0,0,0,0,0,0,113,2026-02-04 02:25:27.906003
WNTR,24.57,24.62,24.69,2271000.0,2229400.0,0,0,0,0,0,0,0,0,0,0,0,0,0,0,0,0,0,113,2026-02-04 02:25:27.906003
SPNG,24.36,24.31,24.36,2314900.0,2202700.0,0,0,0,0,0,0,0,0,0,0,0,0,0,0,0,0,0,114,2026-02-04 02:25:28.945016
SMMR,24.26,24.26,24.36,2238400.0,2237200.0,0,0,0,0,0,0,0,0,0,0,0,0,0,0,0,0,0,114,2026-02-04 02:25:28.945016
ATMN,23.72,23.72,23.78,2605500.0,2419900.0,0,0,0,0,0,0,0,0,0,0,0,0,0,0,0,0,0,114,2026-02-04 02:25:28.945016
WNTR,24.67,24.59,24.67,2279400.0,2204100.0,0,0,0,0,0,0,0,0,0,0,0,0,0,0,0,0,0,114,2026-02-04 02:25:28.945016
SPNG,24.45,24.51,24.6,2316100.0,2210700.0,0,0,0,0,0,0,0,0,0,0,0,0,0,0,0,0,0,115,2026-02-04 02:25:29.974991
SMMR,24.43,24.29,24.37,2270300.0,2217500.0,0,0,0,0,0,0,0,0,0,0,0,0,0,0,0,0,0,115,2026-02-04 02:25:29.974991
ATMN,23.78,23.59,23.78,2606300.0,2419900.0,0,0,0,0,0,0,0,0,0,0,0,0,0,0,0,0,0,115,2026-02-04 02:25:29.974991
WNTR,24.71,24.59,24.71,2301100.0,2197500.0,0,0,0,0,0,0,0,0,0,0,0,0,0,0,0,0,0,115,2026-02-04 02:25:29.974991
SPNG,24.51,24.31,24.5,2314900.0,2216200.0,0,0,0,0,0,0,0,0,0,0,0,0,0,0,0,0,0,116,2026-02-04 02:25:31.002902
SMMR,24.29,24.29,24.37,2263900.0,2206200.0,0,0,0,0,0,0,0,0,0,0,0,0,0,0,0,0,0,116,2026-02-04 02:25:31.002902
ATMN,23.78,23.59,23.61,2586300.0,2417600.0,0,0,0,0,0,0,0,0,0,0,0,0,0,0,0,0,0,116,2026-02-04 02:25:31.002902
WNTR,24.59,24.59,24.76,2301100.0,2170800.0,0,0,0,0,0,0,0,0,0,0,0,0,0,0,0,0,0,116,2026-02-04 02:25:31.002902
SPNG,24.29,24.29,24.5,2320400.0,2238500.0,0,0,0,0,0,0,0,0,0,0,0,0,0,0,0,0,0,117,2026-02-04 02:25:32.039452
SMMR,24.29,24.29,24.37,2255600.0,2206200.0,0,0,0,0,0,0,0,0,0,0,0,0,0,0,0,0,0,117,2026-02-04 02:25:32.039452
ATMN,23.74,23.76,23.78,2585400.0,2419900.0,0,0,0,0,0,0,0,0,0,0,0,0,0,0,0,0,0,117,2026-02-04 02:25:32.039452
WNTR,24.59,24.59,24.76,2301300.0,2170800.0,0,0,0,0,0,0,0,0,0,0,0,0,0,0,0,0,0,117,2026-02-04 02:25:32.039452
SPNG,24.17,24.17,24.28,2323200.0,2225000.0,0,0,0,0,0,0,0,0,0,0,0,0,0,0,0,0,0,118,2026-02-04 02:25:33.075634
SMMR,24.29,24.29,24.33,2255600.0,2230600.0,0,0,0,0,0,0,0,0,0,0,0,0,0,0,0,0,0,118,2026-02-04 02:25:33.075634
ATMN,23.82,23.72,23.82,2523900.0,2416200.0,0,0,0,0,0,0,0,0,0,0,0,0,0,0,0,0,0,118,2026-02-04 02:25:33.075634
WNTR,24.59,24.59,24.64,2313300.0,2156000.0,0,0,0,0,0,0,0,0,0,0,0,0,0,0,0,0,0,118,2026-02-04 02:25:33.075634
SPNG,24.5,24.52,24.55,2349600.0,2233700.0,0,0,0,0,0,0,0,0,0,0,0,0,0,0,0,0,0,119,2026-02-04 02:25:34.106662
SMMR,24.26,24.26,24.33,2225800.0,2230600.0,0,0,0,0,0,0,0,0,0,0,0,0,0,0,0,0,0,119,2026-02-04 02:25:34.106662
ATMN,23.82,23.5,23.69,2558600.0,2406400.0,0,0,0,0,0,0,0,0,0,0,0,0,0,0,0,0,0,119,2026-02-04 02:25:34.106662
WNTR,24.64,24.56,24.64,2319600.0,2136000.0,0,0,0,0,0,0,0,0,0,0,0,0,0,0,0,0,0,119,2026-02-04 02:25:34.106662
SPNG,24.5,22.98,0.0,200000.0,0,0,0,0,0,0,0,0,0,0,0,0,0,0,0,0,0,0,120,2026-02-04 02:25:34.646616
SMMR,24.26,25.38,0.0,200000.0,0,0,0,0,0,0,0,0,0,0,0,0,0,0,0,0,0,0,120,2026-02-04 02:25:34.646616
ATMN,23.82,25.35,0.0,200000.0,0,0,0,0,0,0,0,0,0,0,0,0,0,0,0,0,0,0,120,2026-02-04 02:25:34.646616
WNTR,24.67,23.04,0.0,200000.0,0,0,0,0,0,0,0,0,0,0,0,0,0,0,0,0,0,0,120,2026-02-04 02:25:34.646616
SPNG,22.98,22.98,23.59,1154600.0,851200.0,0,0,0,0,0,0,0,0,0,0,0,0,0,0,0,0,0,121,2026-02-04 02:25:35.764011
SMMR,25.38,24.82,25.25,1037400.0,832400.0,0,0,0,0,0,0,0,0,0,0,0,0,0,0,0,0,0,121,2026-02-04 02:25:35.764011
ATMN,25.35,24.76,24.89,1110900.0,889200.0,0,0,0,0,0,0,0,0,0,0,0,0,0,0,0,0,0,121,2026-02-04 02:25:35.764011
WNTR,23.41,23.04,23.4,916800.0,1197600.0,0,0,0,0,0,0,0,0,0,0,0,0,0,0,0,0,0,121,2026-02-04 02:25:35.764011
SPNG,22.54,22.54,22.82,1179300.0,1171700.0,0,0,0,0,0,0,0,0,0,0,0,0,0,0,0,0,0,122,2026-02-04 02:25:36.805571
SMMR,25.51,25.45,25.51,1382700.0,813100.0,0,0,0,0,0,0,0,0,0,0,0,0,0,0,0,0,0,122,2026-02-04 02:25:36.805571
ATMN,24.97,24.97,24.98,1342500.0,877300.0,0,0,0,0,0,0,0,0,0,0,0,0,0,0,0,0,0,122,2026-02-04 02:25:36.805571
WNTR,23.04,23.04,23.16,951600.0,1459000.0,0,0,0,0,0,0,0,0,0,0,0,0,0,0,0,0,0,122,2026-02-04 02:25:36.805571
SPNG,22.54,20.98,22.51,1211800.0,1408000.0,0,0,0,0,0,0,0,0,0,0,0,0,0,0,0,0,0,123,2026-02-04 02:25:37.842657
SMMR,25.45,25.45,25.5,1382700.0,1109400.0,0,0,0,0,0,0,0,0,0,0,0,0,0,0,0,0,0,123,2026-02-04 02:25:37.842657
ATMN,24.76,24.76,25.42,1227600.0,983300.0,0,0,0,0,0,0,0,0,0,0,0,0,0,0,0,0,0,123,2026-02-04 02:25:37.842657
WNTR,22.77,22.77,23.16,972300.0,1556400.0,0,0,0,0,0,0,0,0,0,0,0,0,0,0,0,0,0,123,2026-02-04 02:25:37.842657
SPNG,22.54,22.3,22.51,1571300.0,1408000.0,0,0,0,0,0,0,0,0,0,0,0,0,0,0,0,0,0,124,2026-02-04 02:25:38.888687
SMMR,25.51,25.48,25.51,1498300.0,1206400.0,0,0,0,0,0,0,0,0,0,0,0,0,0,0,0,0,0,124,2026-02-04 02:25:38.888687
ATMN,25.77,25.37,25.58,1356700.0,972800.0,0,0,0,0,0,0,0,0,0,0,0,0,0,0,0,0,0,124,2026-02-04 02:25:38.888687
WNTR,22.77,22.98,23.16,1469100.0,1556400.0,0,0,0,0,0,0,0,0,0,0,0,0,0,0,0,0,0,124,2026-02-04 02:25:38.888687
SPNG,22.51,22.82,23.55,2149000.0,1303400.0,0,0,0,0,0,0,0,0,0,0,0,0,0,0,0,0,0,125,2026-02-04 02:25:39.944349
SMMR,25.48,25.48,25.51,1498300.0,1441700.0,0,0,0,0,0,0,0,0,0,0,0,0,0,0,0,0,0,125,2026-02-04 02:25:39.944349
ATMN,25.37,25.48,25.58,1487000.0,1096700.0,0,0,0,0,0,0,0,0,0,0,0,0,0,0,0,0,0,125,2026-02-04 02:25:39.944349
WNTR,23.16,23.17,23.23,1597500.0,1414700.0,0,0,0,0,0,0,0,0,0,0,0,0,0,0,0,0,0,125,2026-02-04 02:25:39.944349
SPNG,22.86,22.82,22.86,2265400.0,1414500.0,0,0,0,0,0,0,0,0,0,0,0,0,0,0,0,0,0,126,2026-02-04 02:25:40.978162
SMMR,25.42,25.0,25.35,1384000.0,1564000.0,0,0,0,0,0,0,0,0,0,0,0,0,0,0,0,0,0,126,2026-02-04 02:25:40.978162
ATMN,25.37,25.48,25.58,1487000.0,1569600.0,0,0,0,0,0,0,0,0,0,0,0,0,0,0,0,0,0,126,2026-02-04 02:25:40.978162
WNTR,22.89,22.89,23.08,1338700.0,1782600.0,0,0,0,0,0,0,0,0,0,0,0,0,0,0,0,0,0,126,2026-02-04 02:25:40.978162
SPNG,23.04,23.08,23.55,2382600.0,1303400.0,0,0,0,0,0,0,0,0,0,0,0,0,0,0,0,0,0,127,2026-02-04 02:25:42.012462
SMMR,25.42,25.26,25.35,1815400.0,1564000.0,0,0,0,0,0,0,0,0,0,0,0,0,0,0,0,0,0,127,2026-02-04 02:25:42.012462
ATMN,25.48,25.48,25.58,1487000.0,1812400.0,0,0,0,0,0,0,0,0,0,0,0,0,0,0,0,0,0,127,2026-02-04 02:25:42.012462
WNTR,23.08,23.15,23.23,1480700.0,1642800.0,0,0,0,0,0,0,0,0,0,0,0,0,0,0,0,0,0,127,2026-02-04 02:25:42.012462
SPNG,22.9,23.29,23.46,2392800.0,1428700.0,0,0,0,0,0,0,0,0,0,0,0,0,0,0,0,0,0,128,2026-02-04 02:25:43.045621
SMMR,25.55,25.24,25.29,1695200.0,1431500.0,0,0,0,0,0,0,0,0,0,0,0,0,0,0,0,0,0,128,2026-02-04 02:25:43.045621
ATMN,25.37,24.91,25.08,1357400.0,2022500.0,0,0,0,0,0,0,0,0,0,0,0,0,0,0,0,0,0,128,2026-02-04 02:25:43.045621
WNTR,23.15,22.96,23.1,1626900.0,1898000.0,0,0,0,0,0,0,0,0,0,0,0,0,0,0,0,0,0,128,2026-02-04 02:25:43.045621
SPNG,22.75,22.31,22.34,2228400.0,1566100.0,0,0,0,0,0,0,0,0,0,0,0,0,0,0,0,0,0,129,2026-02-04 02:25:44.077802
SMMR,25.29,25.39,25.47,1882500.0,1586700.0,0,0,0,0,0,0,0,0,0,0,0,0,0,0,0,0,0,129,2026-02-04 02:25:44.077802
ATMN,24.91,24.91,25.51,1596900.0,1916900.0,0,0,0,0,0,0,0,0,0,0,0,0,0,0,0,0,0,129,2026-02-04 02:25:44.077802
WNTR,23.15,23.03,23.15,1740600.0,2001900.0,0,0,0,0,0,0,0,0,0,0,0,0,0,0,0,0,0,129,2026-02-04 02:25:44.077802
SPNG,22.34,23.07,23.22,2598200.0,1547200.0,0,0,0,0,0,0,0,0,0,0,0,0,0,0,0,0,0,130,2026-02-04 02:25:45.120092
SMMR,25.47,25.24,25.47,1789500.0,1680400.0,0,0,0,0,0,0,0,0,0,0,0,0,0,0,0,0,0,130,2026-02-04 02:25:45.120092
ATMN,25.51,24.91,25.51,1596900.0,1916900.0,0,0,0,0,0,0,0,0,0,0,0,0,0,0,0,0,0,130,2026-02-04 02:25:45.120092
WNTR,23.15,23.05,23.15,1957100.0,2098700.0,0,0,0,0,0,0,0,0,0,0,0,0,0,0,0,0,0,130,2026-02-04 02:25:45.120092
SPNG,22.67,22.95,23.22,2599300.0,1645800.0,0,0,0,0,0,0,0,0,0,0,0,0,0,0,0,0,0,131,2026-02-04 02:25:46.180942
SMMR,25.47,25.44,25.47,1996300.0,1784600.0,0,0,0,0,0,0,0,0,0,0,0,0,0,0,0,0,0,131,2026-02-04 02:25:46.180942
ATMN,25.51,25.53,25.58,1700400.0,2052700.0,0,0,0,0,0,0,0,0,0,0,0,0,0,0,0,0,0,131,2026-02-04 02:25:46.180942
WNTR,23.08,23.08,23.15,1862100.0,2098700.0,0,0,0,0,0,0,0,0,0,0,0,0,0,0,0,0,0,131,2026-02-04 02:25:46.180942
SPNG,22.67,22.95,23.08,2599300.0,1863300.0,0,0,0,0,0,0,0,0,0,0,0,0,0,0,0,0,0,132,2026-02-04 02:25:46.711199
SMMR,25.47,25.44,25.47,1996300.0,1994400.0,0,0,0,0,0,0,0,0,0,0,0,0,0,0,0,0,0,132,2026-02-04 02:25:46.711199
ATMN,25.53,24.91,25.43,1596900.0,2239100.0,0,0,0,0,0,0,0,0,0,0,0,0,0,0,0,0,0,132,2026-02-04 02:25:46.711199
WNTR,23.08,23.08,23.09,1862100.0,2328700.0,0,0,0,0,0,0,0,0,0,0,0,0,0,0,0,0,0,132,2026-02-04 02:25:46.711199
SPNG,22.65,22.95,23.08,2597500.0,2082600.0,0,0,0,0,0,0,0,0,0,0,0,0,0,0,0,0,0,133,2026-02-04 02:25:47.749449
SMMR,25.44,25.26,25.35,1983900.0,2093100.0,0,0,0,0,0,0,0,0,0,0,0,0,0,0,0,0,0,133,2026-02-04 02:25:47.749449
ATMN,25.53,24.99,25.43,1930800.0,2239100.0,0,0,0,0,0,0,0,0,0,0,0,0,0,0,0,0,0,133,2026-02-04 02:25:47.749449
WNTR,22.95,22.95,22.97,1732200.0,2329300.0,0,0,0,0,0,0,0,0,0,0,0,0,0,0,0,0,0,133,2026-02-04 02:25:47.749449
SPNG,22.65,22.92,23.08,2606900.0,2082600.0,0,0,0,0,0,0,0,0,0,0,0,0,0,0,0,0,0,134,2026-02-04 02:25:48.792329
SMMR,25.35,25.24,25.35,1891700.0,2093100.0,0,0,0,0,0,0,0,0,0,0,0,0,0,0,0,0,0,134,2026-02-04 02:25:48.792329
ATMN,25.53,25.31,25.43,2280700.0,2239100.0,0,0,0,0,0,0,0,0,0,0,0,0,0,0,0,0,0,134,2026-02-04 02:25:48.792329
WNTR,22.95,22.95,22.97,1974700.0,2301300.0,0,0,0,0,0,0,0,0,0,0,0,0,0,0,0,0,0,134,2026-02-04 02:25:48.792329
SPNG,22.65,22.65,23.08,2700600.0,2082600.0,0,0,0,0,0,0,0,0,0,0,0,0,0,0,0,0,0,135,2026-02-04 02:25:49.827123
SMMR,25.26,25.31,25.35,2095600.0,2093100.0,0,0,0,0,0,0,0,0,0,0,0,0,0,0,0,0,0,135,2026-02-04 02:25:49.827123
ATMN,25.27,25.32,25.37,2411300.0,2257100.0,0,0,0,0,0,0,0,0,0,0,0,0,0,0,0,0,0,135,2026-02-04 02:25:49.827123
WNTR,23.09,22.95,23.09,1974700.0,2347500.0,0,0,0,0,0,0,0,0,0,0,0,0,0,0,0,0,0,135,2026-02-04 02:25:49.827123
SPNG,22.71,23.09,23.22,2687600.0,1975500.0,0,0,0,0,0,0,0,0,0,0,0,0,0,0,0,0,0,136,2026-02-04 02:25:50.863608
SMMR,25.43,25.31,25.43,2200600.0,2106000.0,0,0,0,0,0,0,0,0,0,0,0,0,0,0,0,0,0,136,2026-02-04 02:25:50.863608
ATMN,25.26,25.26,25.28,2403800.0,2283400.0,0,0,0,0,0,0,0,0,0,0,0,0,0,0,0,0,0,136,2026-02-04 02:25:50.863608
WNTR,23.11,23.01,23.11,2227300.0,2336900.0,0,0,0,0,0,0,0,0,0,0,0,0,0,0,0,0,0,136,2026-02-04 02:25:50.863608
SPNG,22.64,22.64,23.22,2661100.0,1975500.0,0,0,0,0,0,0,0,0,0,0,0,0,0,0,0,0,0,137,2026-02-04 02:25:51.897181
SMMR,25.43,25.31,25.37,2200600.0,2135000.0,0,0,0,0,0,0,0,0,0,0,0,0,0,0,0,0,0,137,2026-02-04 02:25:51.897181
ATMN,25.08,25.08,25.37,2273200.0,2290600.0,0,0,0,0,0,0,0,0,0,0,0,0,0,0,0,0,0,137,2026-02-04 02:25:51.897181
WNTR,23.03,23.05,23.11,2348100.0,2339700.0,0,0,0,0,0,0,0,0,0,0,0,0,0,0,0,0,0,137,2026-02-04 02:25:51.897181
SPNG,23.23,23.27,23.29,2601100.0,1757900.0,0,0,0,0,0,0,0,0,0,0,0,0,0,0,0,0,0,138,2026-02-04 02:25:52.933077
SMMR,25.37,25.31,25.34,2196000.0,2155800.0,0,0,0,0,0,0,0,0,0,0,0,0,0,0,0,0,0,138,2026-02-04 02:25:52.933077
ATMN,25.43,25.22,25.43,2384600.0,2252900.0,0,0,0,0,0,0,0,0,0,0,0,0,0,0,0,0,0,138,2026-02-04 02:25:52.933077
WNTR,22.95,22.95,23.11,2119200.0,2339700.0,0,0,0,0,0,0,0,0,0,0,0,0,0,0,0,0,0,138,2026-02-04 02:25:52.933077
SPNG,23.29,23.21,23.29,2475500.0,1757900.0,0,0,0,0,0,0,0,0,0,0,0,0,0,0,0,0,0,139,2026-02-04 02:25:53.970646
SMMR,25.35,25.31,25.35,2196000.0,2145800.0,0,0,0,0,0,0,0,0,0,0,0,0,0,0,0,0,0,139,2026-02-04 02:25:53.970646
ATMN,25.22,25.15,25.21,2382800.0,2288700.0,0,0,0,0,0,0,0,0,0,0,0,0,0,0,0,0,0,139,2026-02-04 02:25:53.970646
WNTR,23.11,22.91,23.11,1866300.0,2339700.0,0,0,0,0,0,0,0,0,0,0,0,0,0,0,0,0,0,139,2026-02-04 02:25:53.970646
SPNG,22.64,22.79,23.09,2643800.0,1896500.0,0,0,0,0,0,0,0,0,0,0,0,0,0,0,0,0,0,140,2026-02-04 02:25:55.008906
SMMR,25.45,25.34,25.45,2176700.0,2125100.0,0,0,0,0,0,0,0,0,0,0,0,0,0,0,0,0,0,140,2026-02-04 02:25:55.008906
ATMN,25.15,25.15,25.43,2382800.0,2252900.0,0,0,0,0,0,0,0,0,0,0,0,0,0,0,0,0,0,140,2026-02-04 02:25:55.008906
WNTR,22.91,22.91,23.06,2005700.0,2348100.0,0,0,0,0,0,0,0,0,0,0,0,0,0,0,0,0,0,140,2026-02-04 02:25:55.008906
SPNG,23.14,23.25,23.29,2481500.0,1757900.0,0,0,0,0,0,0,0,0,0,0,0,0,0,0,0,0,0,141,2026-02-04 02:25:56.047660
SMMR,25.31,25.31,25.36,2185100.0,2132100.0,0,0,0,0,0,0,0,0,0,0,0,0,0,0,0,0,0,141,2026-02-04 02:25:56.047660
ATMN,25.15,25.29,25.43,2357500.0,2252900.0,0,0,0,0,0,0,0,0,0,0,0,0,0,0,0,0,0,141,2026-02-04 02:25:56.047660
WNTR,22.9,22.9,23.06,1872500.0,2348100.0,0,0,0,0,0,0,0,0,0,0,0,0,0,0,0,0,0,141,2026-02-04 02:25:56.047660
SPNG,23.14,23.25,23.29,2481500.0,2116400.0,0,0,0,0,0,0,0,0,0,0,0,0,0,0,0,0,0,142,2026-02-04 02:25:57.089083
SMMR,25.24,25.29,25.35,2217400.0,2107700.0,0,0,0,0,0,0,0,0,0,0,0,0,0,0,0,0,0,142,2026-02-04 02:25:57.089083
ATMN,25.15,25.31,25.43,2355200.0,2252900.0,0,0,0,0,0,0,0,0,0,0,0,0,0,0,0,0,0,142,2026-02-04 02:25:57.089083
WNTR,22.9,22.9,22.95,2115200.0,2370800.0,0,0,0,0,0,0,0,0,0,0,0,0,0,0,0,0,0,142,2026-02-04 02:25:57.089083
SPNG,23.06,22.79,22.9,2585900.0,2145700.0,0,0,0,0,0,0,0,0,0,0,0,0,0,0,0,0,0,143,2026-02-04 02:25:58.116381
SMMR,25.29,25.29,25.35,2163300.0,2107700.0,0,0,0,0,0,0,0,0,0,0,0,0,0,0,0,0,0,143,2026-02-04 02:25:58.116381
ATMN,25.18,25.23,25.43,2343100.0,2282000.0,0,0,0,0,0,0,0,0,0,0,0,0,0,0,0,0,0,143,2026-02-04 02:25:58.116381
WNTR,22.95,22.94,22.95,2355500.0,2370800.0,0,0,0,0,0,0,0,0,0,0,0,0,0,0,0,0,0,143,2026-02-04 02:25:58.116381
SPNG,23.33,22.79,22.82,2585900.0,2150900.0,0,0,0,0,0,0,0,0,0,0,0,0,0,0,0,0,0,144,2026-02-04 02:25:59.156638
SMMR,25.18,25.18,25.23,2209100.0,2141900.0,0,0,0,0,0,0,0,0,0,0,0,0,0,0,0,0,0,144,2026-02-04 02:25:59.156638
ATMN,25.15,25.15,25.27,2353400.0,2265300.0,0,0,0,0,0,0,0,0,0,0,0,0,0,0,0,0,0,144,2026-02-04 02:25:59.156638
WNTR,23.13,22.94,23.02,2492500.0,2327100.0,0,0,0,0,0,0,0,0,0,0,0,0,0,0,0,0,0,144,2026-02-04 02:25:59.156638
SPNG,22.82,22.79,22.82,2523200.0,2150900.0,0,0,0,0,0,0,0,0,0,0,0,0,0,0,0,0,0,145,2026-02-04 02:26:00.195164
SMMR,25.18,25.18,25.45,1883100.0,2141900.0,0,0,0,0,0,0,0,0,0,0,0,0,0,0,0,0,0,145,2026-02-04 02:26:00.195164
ATMN,25.27,25.42,25.43,2303800.0,2282000.0,0,0,0,0,0,0,0,0,0,0,0,0,0,0,0,0,0,145,2026-02-04 02:26:00.195164
WNTR,22.83,22.83,23.02,2256400.0,2302900.0,0,0,0,0,0,0,0,0,0,0,0,0,0,0,0,0,0,145,2026-02-04 02:26:00.195164
SPNG,22.64,22.64,23.4,2520700.0,2095100.0,0,0,0,0,0,0,0,0,0,0,0,0,0,0,0,0,0,146,2026-02-04 02:26:01.229959
SMMR,25.3,25.18,25.25,1883100.0,2109600.0,0,0,0,0,0,0,0,0,0,0,0,0,0,0,0,0,0,146,2026-02-04 02:26:01.229959
ATMN,25.59,25.42,25.59,2303800.0,2315500.0,0,0,0,0,0,0,0,0,0,0,0,0,0,0,0,0,0,146,2026-02-04 02:26:01.229959
WNTR,22.83,22.98,23.02,2538900.0,2309900.0,0,0,0,0,0,0,0,0,0,0,0,0,0,0,0,0,0,146,2026-02-04 02:26:01.229959
SPNG,22.7,22.7,23.4,2507600.0,2095100.0,0,0,0,0,0,0,0,0,0,0,0,0,0,0,0,0,0,147,2026-02-04 02:26:02.273292
SMMR,25.14,25.0,25.01,1822400.0,2107700.0,0,0,0,0,0,0,0,0,0,0,0,0,0,0,0,0,0,147,2026-02-04 02:26:02.273292
ATMN,25.36,25.26,25.34,2318500.0,2306400.0,0,0,0,0,0,0,0,0,0,0,0,0,0,0,0,0,0,147,2026-02-04 02:26:02.273292
WNTR,23.13,22.83,23.11,2508800.0,2326300.0,0,0,0,0,0,0,0,0,0,0,0,0,0,0,0,0,0,147,2026-02-04 02:26:02.273292
SPNG,22.7,22.98,23.09,2517300.0,2138900.0,0,0,0,0,0,0,0,0,0,0,0,0,0,0,0,0,0,148,2026-02-04 02:26:02.805541
SMMR,25.0,25.0,25.25,1923600.0,2109600.0,0,0,0,0,0,0,0,0,0,0,0,0,0,0,0,0,0,148,2026-02-04 02:26:02.805541
ATMN,25.59,25.31,25.59,2314700.0,2315500.0,0,0,0,0,0,0,0,0,0,0,0,0,0,0,0,0,0,148,2026-02-04 02:26:02.805541
WNTR,23.13,23.03,23.07,2460900.0,2348300.0,0,0,0,0,0,0,0,0,0,0,0,0,0,0,0,0,0,148,2026-02-04 02:26:02.805541
SPNG,22.98,22.98,23.09,2517300.0,2140700.0,0,0,0,0,0,0,0,0,0,0,0,0,0,0,0,0,0,149,2026-02-04 02:26:03.852361
SMMR,25.25,25.33,25.45,2222200.0,2130300.0,0,0,0,0,0,0,0,0,0,0,0,0,0,0,0,0,0,149,2026-02-04 02:26:03.852361
ATMN,25.59,25.26,25.59,2317900.0,2315500.0,0,0,0,0,0,0,0,0,0,0,0,0,0,0,0,0,0,149,2026-02-04 02:26:03.852361
WNTR,23.07,23.03,23.07,2420000.0,2348300.0,0,0,0,0,0,0,0,0,0,0,0,0,0,0,0,0,0,149,2026-02-04 02:26:03.852361
SPNG,23.46,22.98,23.22,2535400.0,2146200.0,0,0,0,0,0,0,0,0,0,0,0,0,0,0,0,0,0,150,2026-02-04 02:26:04.893383
SMMR,25.25,25.33,25.45,2222200.0,2144200.0,0,0,0,0,0,0,0,0,0,0,0,0,0,0,0,0,0,150,2026-02-04 02:26:04.893383
ATMN,25.59,25.29,25.51,2298300.0,2298700.0,0,0,0,0,0,0,0,0,0,0,0,0,0,0,0,0,0,150,2026-02-04 02:26:04.893383
WNTR,22.82,22.82,23.07,2511600.0,2322400.0,0,0,0,0,0,0,0,0,0,0,0,0,0,0,0,0,0,150,2026-02-04 02:26:04.893383
SPNG,22.98,22.7,22.89,2502500.0,2147100.0,0,0,0,0,0,0,0,0,0,0,0,0,0,0,0,0,0,151,2026-02-04 02:26:05.939499
SMMR,25.21,25.21,25.32,2125300.0,2120800.0,0,0,0,0,0,0,0,0,0,0,0,0,0,0,0,0,0,151,2026-02-04 02:26:05.939499
ATMN,25.51,25.47,25.51,2312700.0,2286300.0,0,0,0,0,0,0,0,0,0,0,0,0,0,0,0,0,0,151,2026-02-04 02:26:05.939499
WNTR,22.82,22.87,23.03,2496000.0,2225100.0,0,0,0,0,0,0,0,0,0,0,0,0,0,0,0,0,0,151,2026-02-04 02:26:05.939499
SPNG,22.98,22.86,22.89,2453000.0,2147100.0,0,0,0,0,0,0,0,0,0,0,0,0,0,0,0,0,0,152,2026-02-04 02:26:06.980493
SMMR,25.33,25.21,25.33,2243600.0,2135000.0,0,0,0,0,0,0,0,0,0,0,0,0,0,0,0,0,0,152,2026-02-04 02:26:06.980493
ATMN,25.47,25.47,25.51,2312700.0,2348000.0,0,0,0,0,0,0,0,0,0,0,0,0,0,0,0,0,0,152,2026-02-04 02:26:06.980493
WNTR,22.82,22.82,22.93,2511600.0,2223600.0,0,0,0,0,0,0,0,0,0,0,0,0,0,0,0,0,0,152,2026-02-04 02:26:06.980493
SPNG,22.98,22.86,22.89,2457500.0,2147100.0,0,0,0,0,0,0,0,0,0,0,0,0,0,0,0,0,0,153,2026-02-04 02:26:08.028226
SMMR,25.37,25.28,25.33,2233500.0,2141800.0,0,0,0,0,0,0,0,0,0,0,0,0,0,0,0,0,0,153,2026-02-04 02:26:08.028226
ATMN,25.53,25.32,25.53,2338000.0,2322300.0,0,0,0,0,0,0,0,0,0,0,0,0,0,0,0,0,0,153,2026-02-04 02:26:08.028226
WNTR,22.99,23.0,23.03,2455700.0,2225100.0,0,0,0,0,0,0,0,0,0,0,0,0,0,0,0,0,0,153,2026-02-04 02:26:08.028226
SPNG,22.79,22.79,23.18,2478400.0,2184600.0,0,0,0,0,0,0,0,0,0,0,0,0,0,0,0,0,0,154,2026-02-04 02:26:09.066409
SMMR,25.37,25.28,25.3,2233500.0,2169200.0,0,0,0,0,0,0,0,0,0,0,0,0,0,0,0,0,0,154,2026-02-04 02:26:09.066409
ATMN,25.32,25.32,25.53,2355800.0,2317500.0,0,0,0,0,0,0,0,0,0,0,0,0,0,0,0,0,0,154,2026-02-04 02:26:09.066409
WNTR,22.82,22.82,23.07,2459800.0,2235700.0,0,0,0,0,0,0,0,0,0,0,0,0,0,0,0,0,0,154,2026-02-04 02:26:09.066409
SPNG,23.18,23.01,23.18,2455800.0,2227200.0,0,0,0,0,0,0,0,0,0,0,0,0,0,0,0,0,0,155,2026-02-04 02:26:10.110625
SMMR,25.35,25.28,25.35,2220700.0,2144200.0,0,0,0,0,0,0,0,0,0,0,0,0,0,0,0,0,0,155,2026-02-04 02:26:10.110625
ATMN,25.62,25.29,25.62,2322600.0,2252700.0,0,0,0,0,0,0,0,0,0,0,0,0,0,0,0,0,0,155,2026-02-04 02:26:10.110625
WNTR,23.08,22.82,22.99,2433600.0,2283300.0,0,0,0,0,0,0,0,0,0,0,0,0,0,0,0,0,0,155,2026-02-04 02:26:10.110625
SPNG,23.08,23.08,23.46,2486100.0,2140900.0,0,0,0,0,0,0,0,0,0,0,0,0,0,0,0,0,0,156,2026-02-04 02:26:11.143152
SMMR,25.28,25.34,25.35,2205200.0,2154800.0,0,0,0,0,0,0,0,0,0,0,0,0,0,0,0,0,0,156,2026-02-04 02:26:11.143152
ATMN,25.61,25.29,25.61,2322600.0,2269500.0,0,0,0,0,0,0,0,0,0,0,0,0,0,0,0,0,0,156,2026-02-04 02:26:11.143152
WNTR,23.11,22.82,23.04,2433600.0,2293400.0,0,0,0,0,0,0,0,0,0,0,0,0,0,0,0,0,0,156,2026-02-04 02:26:11.143152
SPNG,23.01,22.79,22.95,2464400.0,2207300.0,0,0,0,0,0,0,0,0,0,0,0,0,0,0,0,0,0,157,2026-02-04 02:26:12.182738
SMMR,25.37,25.39,25.42,2216900.0,2135000.0,0,0,0,0,0,0,0,0,0,0,0,0,0,0,0,0,0,157,2026-02-04 02:26:12.182738
ATMN,25.61,25.54,25.61,2351300.0,2267600.0,0,0,0,0,0,0,0,0,0,0,0,0,0,0,0,0,0,157,2026-02-04 02:26:12.182738
WNTR,23.13,22.88,23.13,2400300.0,2298700.0,0,0,0,0,0,0,0,0,0,0,0,0,0,0,0,0,0,157,2026-02-04 02:26:12.182738
SPNG,23.46,22.95,23.46,2464300.0,2192100.0,0,0,0,0,0,0,0,0,0,0,0,0,0,0,0,0,0,158,2026-02-04 02:26:13.218867
SMMR,25.37,25.4,25.42,2235400.0,2116700.0,0,0,0,0,0,0,0,0,0,0,0,0,0,0,0,0,0,158,2026-02-04 02:26:13.218867
ATMN,25.26,25.26,25.61,2346600.0,2272500.0,0,0,0,0,0,0,0,0,0,0,0,0,0,0,0,0,0,158,2026-02-04 02:26:13.218867
WNTR,22.89,23.1,23.13,2407200.0,2295500.0,0,0,0,0,0,0,0,0,0,0,0,0,0,0,0,0,0,158,2026-02-04 02:26:13.218867
SPNG,22.95,22.95,23.46,2464300.0,2234600.0,0,0,0,0,0,0,0,0,0,0,0,0,0,0,0,0,0,159,2026-02-04 02:26:14.249895
SMMR,25.34,25.34,25.42,2204100.0,2118000.0,0,0,0,0,0,0,0,0,0,0,0,0,0,0,0,0,0,159,2026-02-04 02:26:14.249895
ATMN,25.38,25.47,25.61,2354000.0,2269900.0,0,0,0,0,0,0,0,0,0,0,0,0,0,0,0,0,0,159,2026-02-04 02:26:14.249895
WNTR,22.89,23.1,23.11,2405800.0,2284700.0,0,0,0,0,0,0,0,0,0,0,0,0,0,0,0,0,0,159,2026-02-04 02:26:14.249895
SPNG,22.79,22.79,23.01,2459100.0,2231100.0,0,0,0,0,0,0,0,0,0,0,0,0,0,0,0,0,0,160,2026-02-04 02:26:15.287782
SMMR,25.34,25.36,25.37,2214000.0,2096900.0,0,0,0,0,0,0,0,0,0,0,0,0,0,0,0,0,0,160,2026-02-04 02:26:15.287782
ATMN,25.34,25.23,25.34,2353400.0,2285000.0,0,0,0,0,0,0,0,0,0,0,0,0,0,0,0,0,0,160,2026-02-04 02:26:15.287782
WNTR,23.14,22.89,23.14,2397000.0,2283800.0,0,0,0,0,0,0,0,0,0,0,0,0,0,0,0,0,0,160,2026-02-04 02:26:15.287782
SPNG,23.01,22.8,23.01,2451800.0,2231100.0,0,0,0,0,0,0,0,0,0,0,0,0,0,0,0,0,0,161,2026-02-04 02:26:16.330009
SMMR,25.34,25.34,25.37,2209800.0,2096900.0,0,0,0,0,0,0,0,0,0,0,0,0,0,0,0,0,0,161,2026-02-04 02:26:16.330009
ATMN,25.23,25.32,25.62,2353300.0,2256900.0,0,0,0,0,0,0,0,0,0,0,0,0,0,0,0,0,0,161,2026-02-04 02:26:16.330009
WNTR,22.88,22.88,23.11,2372900.0,2303200.0,0,0,0,0,0,0,0,0,0,0,0,0,0,0,0,0,0,161,2026-02-04 02:26:16.330009
SPNG,23.01,23.0,23.01,2422400.0,2231100.0,0,0,0,0,0,0,0,0,0,0,0,0,0,0,0,0,0,162,2026-02-04 02:26:17.361816
SMMR,25.28,25.28,25.37,2202800.0,2104100.0,0,0,0,0,0,0,0,0,0,0,0,0,0,0,0,0,0,162,2026-02-04 02:26:17.361816
ATMN,25.22,25.25,25.51,2335100.0,2249100.0,0,0,0,0,0,0,0,0,0,0,0,0,0,0,0,0,0,162,2026-02-04 02:26:17.361816
WNTR,22.98,22.91,22.98,2376500.0,2360600.0,0,0,0,0,0,0,0,0,0,0,0,0,0,0,0,0,0,162,2026-02-04 02:26:17.361816
SPNG,22.87,22.8,22.81,2414500.0,2246400.0,0,0,0,0,0,0,0,0,0,0,0,0,0,0,0,0,0,163,2026-02-04 02:26:18.390405
SMMR,25.28,25.27,25.28,2184800.0,2143400.0,0,0,0,0,0,0,0,0,0,0,0,0,0,0,0,0,0,163,2026-02-04 02:26:18.390405
ATMN,25.62,25.25,25.62,2353900.0,2256900.0,0,0,0,0,0,0,0,0,0,0,0,0,0,0,0,0,0,163,2026-02-04 02:26:18.390405
WNTR,22.98,22.96,22.98,2421400.0,2360600.0,0,0,0,0,0,0,0,0,0,0,0,0,0,0,0,0,0,163,2026-02-04 02:26:18.390405
SPNG,22.87,22.8,22.81,2435800.0,2246400.0,0,0,0,0,0,0,0,0,0,0,0,0,0,0,0,0,0,164,2026-02-04 02:26:18.920866
SMMR,25.28,25.27,25.28,2158700.0,2149700.0,0,0,0,0,0,0,0,0,0,0,0,0,0,0,0,0,0,164,2026-02-04 02:26:18.920866
ATMN,25.62,25.25,25.6,2353900.0,2257100.0,0,0,0,0,0,0,0,0,0,0,0,0,0,0,0,0,0,164,2026-02-04 02:26:18.920866
WNTR,22.96,22.96,22.98,2413200.0,2360600.0,0,0,0,0,0,0,0,0,0,0,0,0,0,0,0,0,0,164,2026-02-04 02:26:18.920866
SPNG,23.55,22.8,23.55,2435800.0,2233600.0,0,0,0,0,0,0,0,0,0,0,0,0,0,0,0,0,0,165,2026-02-04 02:26:19.952812
SMMR,25.3,25.27,25.3,2160600.0,2139900.0,0,0,0,0,0,0,0,0,0,0,0,0,0,0,0,0,0,165,2026-02-04 02:26:19.952812
ATMN,25.62,25.35,25.58,2360300.0,2299400.0,0,0,0,0,0,0,0,0,0,0,0,0,0,0,0,0,0,165,2026-02-04 02:26:19.952812
WNTR,22.86,22.91,22.97,2390100.0,2366400.0,0,0,0,0,0,0,0,0,0,0,0,0,0,0,0,0,0,165,2026-02-04 02:26:19.952812
SPNG,23.55,22.9,23.18,2400900.0,2310900.0,0,0,0,0,0,0,0,0,0,0,0,0,0,0,0,0,0,166,2026-02-04 02:26:20.983245
SMMR,25.27,25.27,25.46,2160600.0,2153000.0,0,0,0,0,0,0,0,0,0,0,0,0,0,0,0,0,0,166,2026-02-04 02:26:20.983245
ATMN,25.62,25.35,25.4,2360300.0,2257000.0,0,0,0,0,0,0,0,0,0,0,0,0,0,0,0,0,0,166,2026-02-04 02:26:20.983245
WNTR,22.86,22.94,22.97,2384600.0,2345000.0,0,0,0,0,0,0,0,0,0,0,0,0,0,0,0,0,0,166,2026-02-04 02:26:20.983245
SPNG,23.18,22.94,23.18,2377600.0,2329100.0,0,0,0,0,0,0,0,0,0,0,0,0,0,0,0,0,0,167,2026-02-04 02:26:22.027341
SMMR,25.47,25.27,25.47,2157400.0,2184900.0,0,0,0,0,0,0,0,0,0,0,0,0,0,0,0,0,0,167,2026-02-04 02:26:22.027341
ATMN,25.57,25.54,25.57,2344700.0,2292800.0,0,0,0,0,0,0,0,0,0,0,0,0,0,0,0,0,0,167,2026-02-04 02:26:22.027341
WNTR,22.94,22.94,22.97,2405300.0,2345000.0,0,0,0,0,0,0,0,0,0,0,0,0,0,0,0,0,0,167,2026-02-04 02:26:22.027341
SPNG,23.18,23.16,23.18,2344200.0,2337800.0,0,0,0,0,0,0,0,0,0,0,0,0,0,0,0,0,0,168,2026-02-04 02:26:23.083639
SMMR,25.27,25.26,25.27,2139100.0,2144000.0,0,0,0,0,0,0,0,0,0,0,0,0,0,0,0,0,0,168,2026-02-04 02:26:23.083639
ATMN,25.46,25.36,25.44,2361900.0,2302400.0,0,0,0,0,0,0,0,0,0,0,0,0,0,0,0,0,0,168,2026-02-04 02:26:23.083639
WNTR,22.94,22.94,22.97,2422600.0,2345000.0,0,0,0,0,0,0,0,0,0,0,0,0,0,0,0,0,0,168,2026-02-04 02:26:23.083639
SPNG,23.25,22.94,23.25,2366500.0,2339800.0,0,0,0,0,0,0,0,0,0,0,0,0,0,0,0,0,0,169,2026-02-04 02:26:24.145247
SMMR,25.26,25.26,25.4,2139100.0,2157900.0,0,0,0,0,0,0,0,0,0,0,0,0,0,0,0,0,0,169,2026-02-04 02:26:24.145247
ATMN,25.35,25.35,25.44,2325200.0,2302400.0,0,0,0,0,0,0,0,0,0,0,0,0,0,0,0,0,0,169,2026-02-04 02:26:24.145247
WNTR,23.03,22.93,23.03,2399000.0,2311900.0,0,0,0,0,0,0,0,0,0,0,0,0,0,0,0,0,0,169,2026-02-04 02:26:24.145247
SPNG,23.25,23.31,23.48,2355800.0,2302200.0,0,0,0,0,0,0,0,0,0,0,0,0,0,0,0,0,0,170,2026-02-04 02:26:25.194523
SMMR,25.25,25.25,25.4,2159000.0,2169600.0,0,0,0,0,0,0,0,0,0,0,0,0,0,0,0,0,0,170,2026-02-04 02:26:25.194523
ATMN,25.25,25.25,25.33,2337100.0,2289600.0,0,0,0,0,0,0,0,0,0,0,0,0,0,0,0,0,0,170,2026-02-04 02:26:25.194523
WNTR,22.91,22.91,23.03,2428200.0,2319700.0,0,0,0,0,0,0,0,0,0,0,0,0,0,0,0,0,0,170,2026-02-04 02:26:25.194523
SPNG,22.89,23.11,23.48,2393700.0,2330300.0,0,0,0,0,0,0,0,0,0,0,0,0,0,0,0,0,0,171,2026-02-04 02:26:26.254268
SMMR,25.25,25.27,25.33,2192600.0,2162600.0,0,0,0,0,0,0,0,0,0,0,0,0,0,0,0,0,0,171,2026-02-04 02:26:26.254268
ATMN,25.25,25.25,25.32,2329400.0,2285800.0,0,0,0,0,0,0,0,0,0,0,0,0,0,0,0,0,0,171,2026-02-04 02:26:26.254268
WNTR,23.19,22.83,23.19,2427500.0,2349000.0,0,0,0,0,0,0,0,0,0,0,0,0,0,0,0,0,0,171,2026-02-04 02:26:26.254268
SPNG,23.11,22.89,23.11,2414100.0,2296600.0,0,0,0,0,0,0,0,0,0,0,0,0,0,0,0,0,0,172,2026-02-04 02:26:27.299391
SMMR,25.23,25.23,25.33,2210800.0,2162600.0,0,0,0,0,0,0,0,0,0,0,0,0,0,0,0,0,0,172,2026-02-04 02:26:27.299391
ATMN,25.25,25.25,25.32,2297000.0,2263100.0,0,0,0,0,0,0,0,0,0,0,0,0,0,0,0,0,0,172,2026-02-04 02:26:27.299391
WNTR,23.19,22.84,22.95,2452600.0,2342000.0,0,0,0,0,0,0,0,0,0,0,0,0,0,0,0,0,0,172,2026-02-04 02:26:27.299391
SPNG,23.51,22.89,23.51,2379600.0,2310600.0,0,0,0,0,0,0,0,0,0,0,0,0,0,0,0,0,0,173,2026-02-04 02:26:28.334997
SMMR,25.36,25.28,25.32,2197200.0,2177900.0,0,0,0,0,0,0,0,0,0,0,0,0,0,0,0,0,0,173,2026-02-04 02:26:28.334997
ATMN,25.33,25.22,25.33,2326200.0,2239000.0,0,0,0,0,0,0,0,0,0,0,0,0,0,0,0,0,0,173,2026-02-04 02:26:28.334997
WNTR,23.12,22.84,23.05,2452600.0,2310700.0,0,0,0,0,0,0,0,0,0,0,0,0,0,0,0,0,0,173,2026-02-04 02:26:28.334997
SPNG,23.48,22.89,23.21,2379600.0,2328400.0,0,0,0,0,0,0,0,0,0,0,0,0,0,0,0,0,0,174,2026-02-04 02:26:29.369924
SMMR,25.38,25.28,25.38,2197200.0,2164600.0,0,0,0,0,0,0,0,0,0,0,0,0,0,0,0,0,0,174,2026-02-04 02:26:29.369924
ATMN,25.17,25.25,25.33,2330600.0,2224400.0,0,0,0,0,0,0,0,0,0,0,0,0,0,0,0,0,0,174,2026-02-04 02:26:29.369924
WNTR,23.06,23.06,23.1,2431000.0,2301200.0,0,0,0,0,0,0,0,0,0,0,0,0,0,0,0,0,0,174,2026-02-04 02:26:29.369924
SPNG,22.89,22.89,23.21,2379600.0,2328400.0,0,0,0,0,0,0,0,0,0,0,0,0,0,0,0,0,0,175,2026-02-04 02:26:30.405402
SMMR,25.23,25.32,25.38,2240300.0,2164600.0,0,0,0,0,0,0,0,0,0,0,0,0,0,0,0,0,0,175,2026-02-04 02:26:30.405402
ATMN,25.41,25.25,25.27,2341700.0,2222800.0,0,0,0,0,0,0,0,0,0,0,0,0,0,0,0,0,0,175,2026-02-04 02:26:30.405402
WNTR,23.1,22.84,23.02,2452600.0,2267300.0,0,0,0,0,0,0,0,0,0,0,0,0,0,0,0,0,0,175,2026-02-04 02:26:30.405402
SPNG,22.89,22.89,23.21,2412300.0,2341800.0,0,0,0,0,0,0,0,0,0,0,0,0,0,0,0,0,0,176,2026-02-04 02:26:31.452436
SMMR,25.44,25.38,25.44,2220000.0,2173100.0,0,0,0,0,0,0,0,0,0,0,0,0,0,0,0,0,0,176,2026-02-04 02:26:31.452436
ATMN,25.45,25.25,25.45,2366900.0,2277700.0,0,0,0,0,0,0,0,0,0,0,0,0,0,0,0,0,0,176,2026-02-04 02:26:31.452436
WNTR,23.1,22.84,22.86,2441500.0,2288700.0,0,0,0,0,0,0,0,0,0,0,0,0,0,0,0,0,0,176,2026-02-04 02:26:31.452436
SPNG,23.21,22.89,23.21,2412300.0,2341800.0,0,0,0,0,0,0,0,0,0,0,0,0,0,0,0,0,0,177,2026-02-04 02:26:31.994430
SMMR,25.44,25.38,25.44,2220000.0,2172100.0,0,0,0,0,0,0,0,0,0,0,0,0,0,0,0,0,0,177,2026-02-04 02:26:31.994430
ATMN,25.6,25.25,25.38,2366900.0,2271300.0,0,0,0,0,0,0,0,0,0,0,0,0,0,0,0,0,0,177,2026-02-04 02:26:31.994430
WNTR,22.86,23.0,23.01,2451700.0,2274600.0,0,0,0,0,0,0,0,0,0,0,0,0,0,0,0,0,0,177,2026-02-04 02:26:31.994430
SPNG,23.56,22.89,23.56,2412300.0,2292600.0,0,0,0,0,0,0,0,0,0,0,0,0,0,0,0,0,0,178,2026-02-04 02:26:33.032396
SMMR,25.44,25.45,25.49,2231800.0,2168700.0,0,0,0,0,0,0,0,0,0,0,0,0,0,0,0,0,0,178,2026-02-04 02:26:33.032396
ATMN,25.38,25.57,25.6,2367500.0,2280800.0,0,0,0,0,0,0,0,0,0,0,0,0,0,0,0,0,0,178,2026-02-04 02:26:33.032396
WNTR,23.02,23.0,23.02,2451700.0,2232300.0,0,0,0,0,0,0,0,0,0,0,0,0,0,0,0,0,0,178,2026-02-04 02:26:33.032396
SPNG,23.2,23.41,23.56,2381200.0,2292600.0,0,0,0,0,0,0,0,0,0,0,0,0,0,0,0,0,0,179,2026-02-04 02:26:34.111421
SMMR,25.45,25.38,25.43,2206100.0,2152100.0,0,0,0,0,0,0,0,0,0,0,0,0,0,0,0,0,0,179,2026-02-04 02:26:34.111421
ATMN,25.57,25.34,25.36,2369500.0,2274400.0,0,0,0,0,0,0,0,0,0,0,0,0,0,0,0,0,0,179,2026-02-04 02:26:34.111421
WNTR,23.0,22.84,22.89,2441500.0,2254700.0,0,0,0,0,0,0,0,0,0,0,0,0,0,0,0,0,0,179,2026-02-04 02:26:34.111421
SPNG,22.8,23.98,0.0,200000.0,,0,0,0,0,0,0,0,0,0,0,0,0,0,0,0,0,0,180,2026-02-04 02:26:35.153219
SMMR,25.37,25.38,0.0,200000.0,,0,0,0,0,0,0,0,0,0,0,0,0,0,0,0,0,0,180,2026-02-04 02:26:35.153219
ATMN,25.34,24.25,24.98,987900.0,892400.0,0,0,0,0,0,0,0,0,0,0,0,0,0,0,0,0,0,180,2026-02-04 02:26:35.153219
WNTR,23.1,24.03,0.0,200000.0,,0,0,0,0,0,0,0,0,0,0,0,0,0,0,0,0,0,180,2026-02-04 02:26:35.153219
SPNG,23.94,23.94,24.16,1093600.0,824100.0,0,0,0,0,0,0,0,0,0,0,0,0,0,0,0,0,0,181,2026-02-04 02:26:36.181340
SMMR,25.38,25.31,25.38,1108000.0,844200.0,0,0,0,0,0,0,0,0,0,0,0,0,0,0,0,0,0,181,2026-02-04 02:26:36.181340
ATMN,23.86,23.86,24.65,1000400.0,1125100.0,0,0,0,0,0,0,0,0,0,0,0,0,0,0,0,0,0,181,2026-02-04 02:26:36.181340
WNTR,24.03,24.0,24.01,985100.0,964600.0,0,0,0,0,0,0,0,0,0,0,0,0,0,0,0,0,0,181,2026-02-04 02:26:36.181340
SPNG,24.16,23.84,24.16,1084300.0,824100.0,0,0,0,0,0,0,0,0,0,0,0,0,0,0,0,0,0,182,2026-02-04 02:26:37.217172
SMMR,25.4,25.31,25.4,1108000.0,961500.0,0,0,0,0,0,0,0,0,0,0,0,0,0,0,0,0,0,182,2026-02-04 02:26:37.217172
ATMN,23.86,23.86,23.91,1000400.0,1475200.0,0,0,0,0,0,0,0,0,0,0,0,0,0,0,0,0,0,182,2026-02-04 02:26:37.217172
WNTR,24.0,24.0,24.01,985100.0,1201700.0,0,0,0,0,0,0,0,0,0,0,0,0,0,0,0,0,0,182,2026-02-04 02:26:37.217172
SPNG,24.16,24.47,24.79,1322100.0,800100.0,0,0,0,0,0,0,0,0,0,0,0,0,0,0,0,0,0,183,2026-02-04 02:26:38.260851
SMMR,25.4,25.39,25.4,1229800.0,1288900.0,0,0,0,0,0,0,0,0,0,0,0,0,0,0,0,0,0,183,2026-02-04 02:26:38.260851
ATMN,23.91,23.95,24.19,1175500.0,1498500.0,0,0,0,0,0,0,0,0,0,0,0,0,0,0,0,0,0,183,2026-02-04 02:26:38.260851
WNTR,23.93,23.62,23.93,962000.0,1067400.0,0,0,0,0,0,0,0,0,0,0,0,0,0,0,0,0,0,183,2026-02-04 02:26:38.260851
SPNG,23.87,24.12,24.79,1592000.0,800100.0,0,0,0,0,0,0,0,0,0,0,0,0,0,0,0,0,0,184,2026-02-04 02:26:39.298686
SMMR,25.53,25.35,25.53,1206400.0,1178400.0,0,0,0,0,0,0,0,0,0,0,0,0,0,0,0,0,0,184,2026-02-04 02:26:39.298686
ATMN,24.32,23.95,24.06,1175500.0,1607900.0,0,0,0,0,0,0,0,0,0,0,0,0,0,0,0,0,0,184,2026-02-04 02:26:39.298686
WNTR,23.93,23.99,24.02,1318700.0,954800.0,0,0,0,0,0,0,0,0,0,0,0,0,0,0,0,0,0,184,2026-02-04 02:26:39.298686
SPNG,23.92,24.42,24.56,1571300.0,892600.0,0,0,0,0,0,0,0,0,0,0,0,0,0,0,0,0,0,185,2026-02-04 02:26:40.340432
SMMR,25.53,25.35,25.38,1206400.0,1367500.0,0,0,0,0,0,0,0,0,0,0,0,0,0,0,0,0,0,185,2026-02-04 02:26:40.340432
ATMN,22.81,23.72,24.34,1197000.0,1594300.0,0,0,0,0,0,0,0,0,0,0,0,0,0,0,0,0,0,185,2026-02-04 02:26:40.340432
WNTR,23.93,24.01,24.02,1441600.0,1190500.0,0,0,0,0,0,0,0,0,0,0,0,0,0,0,0,0,0,185,2026-02-04 02:26:40.340432
SPNG,23.91,24.21,24.56,1677600.0,971900.0,0,0,0,0,0,0,0,0,0,0,0,0,0,0,0,0,0,186,2026-02-04 02:26:41.382744
SMMR,25.38,25.39,25.45,1418400.0,1606800.0,0,0,0,0,0,0,0,0,0,0,0,0,0,0,0,0,0,186,2026-02-04 02:26:41.382744
ATMN,23.87,24.11,24.34,1597600.0,1594300.0,0,0,0,0,0,0,0,0,0,0,0,0,0,0,0,0,0,186,2026-02-04 02:26:41.382744
WNTR,23.99,23.75,23.95,1207000.0,1294100.0,0,0,0,0,0,0,0,0,0,0,0,0,0,0,0,0,0,186,2026-02-04 02:26:41.382744
SPNG,24.21,23.93,23.97,1838300.0,1199200.0,0,0,0,0,0,0,0,0,0,0,0,0,0,0,0,0,0,187,2026-02-04 02:26:42.423353
SMMR,25.35,25.35,25.45,1527500.0,1606800.0,0,0,0,0,0,0,0,0,0,0,0,0,0,0,0,0,0,187,2026-02-04 02:26:42.423353
ATMN,23.58,23.58,24.22,1341300.0,1707700.0,0,0,0,0,0,0,0,0,0,0,0,0,0,0,0,0,0,187,2026-02-04 02:26:42.423353
WNTR,23.83,23.75,23.77,1433000.0,1416200.0,0,0,0,0,0,0,0,0,0,0,0,0,0,0,0,0,0,187,2026-02-04 02:26:42.423353
SPNG,23.85,23.85,23.97,1811200.0,1199200.0,0,0,0,0,0,0,0,0,0,0,0,0,0,0,0,0,0,188,2026-02-04 02:26:43.463170
SMMR,25.35,25.35,25.36,1526300.0,1717600.0,0,0,0,0,0,0,0,0,0,0,0,0,0,0,0,0,0,188,2026-02-04 02:26:43.463170
ATMN,24.57,23.58,24.57,1487100.0,1488600.0,0,0,0,0,0,0,0,0,0,0,0,0,0,0,0,0,0,188,2026-02-04 02:26:43.463170
WNTR,23.85,23.9,23.95,1785400.0,1294100.0,0,0,0,0,0,0,0,0,0,0,0,0,0,0,0,0,0,188,2026-02-04 02:26:43.463170
SPNG,24.09,23.85,24.0,1811200.0,1411700.0,0,0,0,0,0,0,0,0,0,0,0,0,0,0,0,0,0,189,2026-02-04 02:26:44.536871
SMMR,25.36,25.35,25.36,1825200.0,1717600.0,0,0,0,0,0,0,0,0,0,0,0,0,0,0,0,0,0,189,2026-02-04 02:26:44.536871
ATMN,23.95,23.77,23.95,1613600.0,1732600.0,0,0,0,0,0,0,0,0,0,0,0,0,0,0,0,0,0,189,2026-02-04 02:26:44.536871
WNTR,23.9,23.86,23.87,1791600.0,1506800.0,0,0,0,0,0,0,0,0,0,0,0,0,0,0,0,0,0,189,2026-02-04 02:26:44.536871
SPNG,24.09,23.86,24.0,2042900.0,1411700.0,0,0,0,0,0,0,0,0,0,0,0,0,0,0,0,0,0,190,2026-02-04 02:26:45.064614
SMMR,25.45,25.35,25.45,1825200.0,1706700.0,0,0,0,0,0,0,0,0,0,0,0,0,0,0,0,0,0,190,2026-02-04 02:26:45.064614
ATMN,23.95,24.16,24.35,1729600.0,1592500.0,0,0,0,0,0,0,0,0,0,0,0,0,0,0,0,0,0,190,2026-02-04 02:26:45.064614
WNTR,23.83,23.83,23.87,1659200.0,1506800.0,0,0,0,0,0,0,0,0,0,0,0,0,0,0,0,0,0,190,2026-02-04 02:26:45.064614
SPNG,24.48,23.86,24.48,2142100.0,1418200.0,0,0,0,0,0,0,0,0,0,0,0,0,0,0,0,0,0,191,2026-02-04 02:26:46.108527
SMMR,25.35,25.35,25.45,1952100.0,1826900.0,0,0,0,0,0,0,0,0,0,0,0,0,0,0,0,0,0,191,2026-02-04 02:26:46.108527
ATMN,24.16,23.92,24.04,1743100.0,1830000.0,0,0,0,0,0,0,0,0,0,0,0,0,0,0,0,0,0,191,2026-02-04 02:26:46.108527
WNTR,23.88,23.9,23.95,1893700.0,1396400.0,0,0,0,0,0,0,0,0,0,0,0,0,0,0,0,0,0,191,2026-02-04 02:26:46.108527
SPNG,24.48,23.86,23.97,2142100.0,1829000.0,0,0,0,0,0,0,0,0,0,0,0,0,0,0,0,0,0,192,2026-02-04 02:26:47.145083
SMMR,25.5,25.35,25.5,1952100.0,1914600.0,0,0,0,0,0,0,0,0,0,0,0,0,0,0,0,0,0,192,2026-02-04 02:26:47.145083
ATMN,24.19,23.92,24.19,1870300.0,1816500.0,0,0,0,0,0,0,0,0,0,0,0,0,0,0,0,0,0,192,2026-02-04 02:26:47.145083
WNTR,24.03,23.83,24.03,1906200.0,1281400.0,0,0,0,0,0,0,0,0,0,0,0,0,0,0,0,0,0,192,2026-02-04 02:26:47.145083
SPNG,24.31,23.86,24.31,2272800.0,1647600.0,0,0,0,0,0,0,0,0,0,0,0,0,0,0,0,0,0,193,2026-02-04 02:26:48.188167
SMMR,25.34,25.33,25.34,1755600.0,2074100.0,0,0,0,0,0,0,0,0,0,0,0,0,0,0,0,0,0,193,2026-02-04 02:26:48.188167
ATMN,24.19,24.16,24.19,2091500.0,1943700.0,0,0,0,0,0,0,0,0,0,0,0,0,0,0,0,0,0,193,2026-02-04 02:26:48.188167
WNTR,23.87,23.98,24.03,2032700.0,1375800.0,0,0,0,0,0,0,0,0,0,0,0,0,0,0,0,0,0,193,2026-02-04 02:26:48.188167
SPNG,24.31,23.86,24.31,2383200.0,1850700.0,0,0,0,0,0,0,0,0,0,0,0,0,0,0,0,0,0,194,2026-02-04 02:26:49.224853
SMMR,25.34,25.34,25.39,2100400.0,2071900.0,0,0,0,0,0,0,0,0,0,0,0,0,0,0,0,0,0,194,2026-02-04 02:26:49.224853
ATMN,23.92,23.92,24.0,1870300.0,2184700.0,0,0,0,0,0,0,0,0,0,0,0,0,0,0,0,0,0,194,2026-02-04 02:26:49.224853
WNTR,23.74,23.74,23.97,1766300.0,1478100.0,0,0,0,0,0,0,0,0,0,0,0,0,0,0,0,0,0,194,2026-02-04 02:26:49.224853
SPNG,23.72,23.72,24.31,2040600.0,2055800.0,0,0,0,0,0,0,0,0,0,0,0,0,0,0,0,0,0,195,2026-02-04 02:26:50.267809
SMMR,25.41,25.34,25.41,2223100.0,2015100.0,0,0,0,0,0,0,0,0,0,0,0,0,0,0,0,0,0,195,2026-02-04 02:26:50.267809
ATMN,24.12,24.06,24.12,1981800.0,2217000.0,0,0,0,0,0,0,0,0,0,0,0,0,0,0,0,0,0,195,2026-02-04 02:26:50.267809
WNTR,23.97,23.74,23.97,1766300.0,1479400.0,0,0,0,0,0,0,0,0,0,0,0,0,0,0,0,0,0,195,2026-02-04 02:26:50.267809
SPNG,23.81,23.72,23.81,2040600.0,2068700.0,0,0,0,0,0,0,0,0,0,0,0,0,0,0,0,0,0,196,2026-02-04 02:26:51.295296
SMMR,25.5,25.5,25.51,2167500.0,2001900.0,0,0,0,0,0,0,0,0,0,0,0,0,0,0,0,0,0,196,2026-02-04 02:26:51.295296
ATMN,24.19,23.92,24.1,1870300.0,2204500.0,0,0,0,0,0,0,0,0,0,0,0,0,0,0,0,0,0,196,2026-02-04 02:26:51.295296
WNTR,23.66,23.66,23.68,1512300.0,1714800.0,0,0,0,0,0,0,0,0,0,0,0,0,0,0,0,0,0,196,2026-02-04 02:26:51.295296
SPNG,24.36,23.89,24.36,2151400.0,1916400.0,0,0,0,0,0,0,0,0,0,0,0,0,0,0,0,0,0,197,2026-02-04 02:26:52.328060
SMMR,25.5,25.34,25.48,2203100.0,2061900.0,0,0,0,0,0,0,0,0,0,0,0,0,0,0,0,0,0,197,2026-02-04 02:26:52.328060
ATMN,24.1,24.11,24.22,2187500.0,2204900.0,0,0,0,0,0,0,0,0,0,0,0,0,0,0,0,0,0,197,2026-02-04 02:26:52.328060
WNTR,23.83,23.66,23.83,1639300.0,1686700.0,0,0,0,0,0,0,0,0,0,0,0,0,0,0,0,0,0,197,2026-02-04 02:26:52.328060
SPNG,23.94,23.89,23.94,2383100.0,2049600.0,0,0,0,0,0,0,0,0,0,0,0,0,0,0,0,0,0,198,2026-02-04 02:26:53.363291
SMMR,25.41,25.33,25.41,2220500.0,2074700.0,0,0,0,0,0,0,0,0,0,0,0,0,0,0,0,0,0,198,2026-02-04 02:26:53.363291
ATMN,23.92,23.92,24.05,2051200.0,2335700.0,0,0,0,0,0,0,0,0,0,0,0,0,0,0,0,0,0,198,2026-02-04 02:26:53.363291
WNTR,23.83,23.86,23.97,1831000.0,1692400.0,0,0,0,0,0,0,0,0,0,0,0,0,0,0,0,0,0,198,2026-02-04 02:26:53.363291
SPNG,24.48,23.89,23.91,2484400.0,1932500.0,0,0,0,0,0,0,0,0,0,0,0,0,0,0,0,0,0,199,2026-02-04 02:26:54.397814
SMMR,25.5,25.33,25.48,2220500.0,2070900.0,0,0,0,0,0,0,0,0,0,0,0,0,0,0,0,0,0,199,2026-02-04 02:26:54.397814
ATMN,24.22,23.77,24.22,1921700.0,2312600.0,0,0,0,0,0,0,0,0,0,0,0,0,0,0,0,0,0,199,2026-02-04 02:26:54.397814
WNTR,23.86,23.76,23.79,1734000.0,2024700.0,0,0,0,0,0,0,0,0,0,0,0,0,0,0,0,0,0,199,2026-02-04 02:26:54.397814
SPNG,23.86,23.86,24.48,2373600.0,1812000.0,0,0,0,0,0,0,0,0,0,0,0,0,0,0,0,0,0,200,2026-02-04 02:26:55.427517
SMMR,25.39,25.33,25.34,2220500.0,2069600.0,0,0,0,0,0,0,0,0,0,0,0,0,0,0,0,0,0,200,2026-02-04 02:26:55.427517
ATMN,23.86,23.86,24.11,2209500.0,2341200.0,0,0,0,0,0,0,0,0,0,0,0,0,0,0,0,0,0,200,2026-02-04 02:26:55.427517
WNTR,23.79,23.81,23.95,1971400.0,2166700.0,0,0,0,0,0,0,0,0,0,0,0,0,0,0,0,0,0,200,2026-02-04 02:26:55.427517
SPNG,23.86,23.86,24.06,2373600.0,2097000.0,0,0,0,0,0,0,0,0,0,0,0,0,0,0,0,0,0,201,2026-02-04 02:26:56.458242
SMMR,25.48,25.45,25.48,2201500.0,2073600.0,0,0,0,0,0,0,0,0,0,0,0,0,0,0,0,0,0,201,2026-02-04 02:26:56.458242
ATMN,24.11,23.86,24.11,2440200.0,2341200.0,0,0,0,0,0,0,0,0,0,0,0,0,0,0,0,0,0,201,2026-02-04 02:26:56.458242
WNTR,23.67,23.67,23.78,1769600.0,2209400.0,0,0,0,0,0,0,0,0,0,0,0,0,0,0,0,0,0,201,2026-02-04 02:26:56.458242
SPNG,23.97,24.04,24.06,2498500.0,2092700.0,0,0,0,0,0,0,0,0,0,0,0,0,0,0,0,0,0,202,2026-02-04 02:26:57.487358
SMMR,25.51,25.33,25.51,2220500.0,2010200.0,0,0,0,0,0,0,0,0,0,0,0,0,0,0,0,0,0,202,2026-02-04 02:26:57.487358
ATMN,24.11,23.9,24.11,2666100.0,2341200.0,0,0,0,0,0,0,0,0,0,0,0,0,0,0,0,0,0,202,2026-02-04 02:26:57.487358
WNTR,23.92,23.72,23.92,1982700.0,2168500.0,0,0,0,0,0,0,0,0,0,0,0,0,0,0,0,0,0,202,2026-02-04 02:26:57.487358
SPNG,23.84,23.8,23.84,2270100.0,2134200.0,0,0,0,0,0,0,0,0,0,0,0,0,0,0,0,0,0,203,2026-02-04 02:26:58.523174
SMMR,25.51,25.35,25.51,2206700.0,1981300.0,0,0,0,0,0,0,0,0,0,0,0,0,0,0,0,0,0,203,2026-02-04 02:26:58.523174
ATMN,24.11,24.04,24.11,2563100.0,2341200.0,0,0,0,0,0,0,0,0,0,0,0,0,0,0,0,0,0,203,2026-02-04 02:26:58.523174
WNTR,23.92,23.72,23.92,2107300.0,2171300.0,0,0,0,0,0,0,0,0,0,0,0,0,0,0,0,0,0,203,2026-02-04 02:26:58.523174
SPNG,23.86,23.8,23.84,2365700.0,2116000.0,0,0,0,0,0,0,0,0,0,0,0,0,0,0,0,0,0,204,2026-02-04 02:26:59.564024
SMMR,25.33,25.49,25.51,2188800.0,1995100.0,0,0,0,0,0,0,0,0,0,0,0,0,0,0,0,0,0,204,2026-02-04 02:26:59.564024
ATMN,24.25,24.04,24.25,2563100.0,2313900.0,0,0,0,0,0,0,0,0,0,0,0,0,0,0,0,0,0,204,2026-02-04 02:26:59.564024
WNTR,23.72,23.72,23.92,2327300.0,2179500.0,0,0,0,0,0,0,0,0,0,0,0,0,0,0,0,0,0,204,2026-02-04 02:26:59.564024
SPNG,24.06,23.89,24.06,2345800.0,2107400.0,0,0,0,0,0,0,0,0,0,0,0,0,0,0,0,0,0,205,2026-02-04 02:27:00.606077
SMMR,25.33,25.33,25.51,2220500.0,2014800.0,0,0,0,0,0,0,0,0,0,0,0,0,0,0,0,0,0,205,2026-02-04 02:27:00.606077
ATMN,24.04,24.04,24.15,2563100.0,2331100.0,0,0,0,0,0,0,0,0,0,0,0,0,0,0,0,0,0,205,2026-02-04 02:27:00.606077
WNTR,23.93,23.72,23.74,2270000.0,2244700.0,0,0,0,0,0,0,0,0,0,0,0,0,0,0,0,0,0,205,2026-02-04 02:27:00.606077
SPNG,24.06,24.11,24.14,2257600.0,2070500.0,0,0,0,0,0,0,0,0,0,0,0,0,0,0,0,0,0,206,2026-02-04 02:27:01.642258
SMMR,25.33,25.33,25.37,2220500.0,2056600.0,0,0,0,0,0,0,0,0,0,0,0,0,0,0,0,0,0,206,2026-02-04 02:27:01.642258
ATMN,24.04,24.02,24.03,2580200.0,2377600.0,0,0,0,0,0,0,0,0,0,0,0,0,0,0,0,0,0,206,2026-02-04 02:27:01.642258
WNTR,23.74,23.77,23.81,2257800.0,2244000.0,0,0,0,0,0,0,0,0,0,0,0,0,0,0,0,0,0,206,2026-02-04 02:27:01.642258
SPNG,23.8,23.8,24.14,2346100.0,2070500.0,0,0,0,0,0,0,0,0,0,0,0,0,0,0,0,0,0,207,2026-02-04 02:27:02.176625
SMMR,25.33,25.33,25.37,2155100.0,2056600.0,0,0,0,0,0,0,0,0,0,0,0,0,0,0,0,0,0,207,2026-02-04 02:27:02.176625
ATMN,24.04,24.02,24.03,2590100.0,2377600.0,0,0,0,0,0,0,0,0,0,0,0,0,0,0,0,0,0,207,2026-02-04 02:27:02.176625
WNTR,23.77,23.72,23.75,2261400.0,2229700.0,0,0,0,0,0,0,0,0,0,0,0,0,0,0,0,0,0,207,2026-02-04 02:27:02.176625
SPNG,24.07,23.8,23.97,2346100.0,2055100.0,0,0,0,0,0,0,0,0,0,0,0,0,0,0,0,0,0,208,2026-02-04 02:27:03.216039
SMMR,25.33,25.33,25.37,2184000.0,2056600.0,0,0,0,0,0,0,0,0,0,0,0,0,0,0,0,0,0,208,2026-02-04 02:27:03.216039
ATMN,24.03,24.07,24.14,2579100.0,2324200.0,0,0,0,0,0,0,0,0,0,0,0,0,0,0,0,0,0,208,2026-02-04 02:27:03.216039
WNTR,23.81,23.77,23.81,2257000.0,2244000.0,0,0,0,0,0,0,0,0,0,0,0,0,0,0,0,0,0,208,2026-02-04 02:27:03.216039
SPNG,24.14,23.87,24.14,2298400.0,2070500.0,0,0,0,0,0,0,0,0,0,0,0,0,0,0,0,0,0,209,2026-02-04 02:27:04.257127
SMMR,25.32,25.32,25.34,2196800.0,2077200.0,0,0,0,0,0,0,0,0,0,0,0,0,0,0,0,0,0,209,2026-02-04 02:27:04.257127
ATMN,24.15,24.1,24.15,2555600.0,2331100.0,0,0,0,0,0,0,0,0,0,0,0,0,0,0,0,0,0,209,2026-02-04 02:27:04.257127
WNTR,23.96,23.77,23.92,2257000.0,2199300.0,0,0,0,0,0,0,0,0,0,0,0,0,0,0,0,0,0,209,2026-02-04 02:27:04.257127
SPNG,24.0,24.0,24.24,2284700.0,2080200.0,0,0,0,0,0,0,0,0,0,0,0,0,0,0,0,0,0,210,2026-02-04 02:27:05.306512
SMMR,25.31,25.31,25.34,2194300.0,2062500.0,0,0,0,0,0,0,0,0,0,0,0,0,0,0,0,0,0,210,2026-02-04 02:27:05.306512
ATMN,24.1,24.1,24.2,2555600.0,2357300.0,0,0,0,0,0,0,0,0,0,0,0,0,0,0,0,0,0,210,2026-02-04 02:27:05.306512
WNTR,23.96,23.85,23.96,2273000.0,2189700.0,0,0,0,0,0,0,0,0,0,0,0,0,0,0,0,0,0,210,2026-02-04 02:27:05.306512
SPNG,24.37,23.87,24.37,2280400.0,2078000.0,0,0,0,0,0,0,0,0,0,0,0,0,0,0,0,0,0,211,2026-02-04 02:27:06.357026
SMMR,25.31,25.31,25.34,2162700.0,2053000.0,0,0,0,0,0,0,0,0,0,0,0,0,0,0,0,0,0,211,2026-02-04 02:27:06.357026
ATMN,24.07,24.07,24.2,2569400.0,2329500.0,0,0,0,0,0,0,0,0,0,0,0,0,0,0,0,0,0,211,2026-02-04 02:27:06.357026
WNTR,23.96,23.85,23.96,2268400.0,2160600.0,0,0,0,0,0,0,0,0,0,0,0,0,0,0,0,0,0,211,2026-02-04 02:27:06.357026
SPNG,23.69,23.69,24.37,2340600.0,2078000.0,0,0,0,0,0,0,0,0,0,0,0,0,0,0,0,0,0,212,2026-02-04 02:27:07.408330
SMMR,25.44,25.31,25.44,2198800.0,2050200.0,0,0,0,0,0,0,0,0,0,0,0,0,0,0,0,0,0,212,2026-02-04 02:27:07.408330
ATMN,24.07,24.07,24.2,2568000.0,2424000.0,0,0,0,0,0,0,0,0,0,0,0,0,0,0,0,0,0,212,2026-02-04 02:27:07.408330
WNTR,23.96,23.85,23.96,2285100.0,2178900.0,0,0,0,0,0,0,0,0,0,0,0,0,0,0,0,0,0,212,2026-02-04 02:27:07.408330
SPNG,24.37,23.69,24.37,2285500.0,2082800.0,0,0,0,0,0,0,0,0,0,0,0,0,0,0,0,0,0,213,2026-02-04 02:27:08.454330
SMMR,25.45,25.31,25.45,2198800.0,2021700.0,0,0,0,0,0,0,0,0,0,0,0,0,0,0,0,0,0,213,2026-02-04 02:27:08.454330
ATMN,24.05,24.05,24.2,2572600.0,2395300.0,0,0,0,0,0,0,0,0,0,0,0,0,0,0,0,0,0,213,2026-02-04 02:27:08.454330
WNTR,23.85,23.77,23.8,2280600.0,2173400.0,0,0,0,0,0,0,0,0,0,0,0,0,0,0,0,0,0,213,2026-02-04 02:27:08.454330
SPNG,24.41,24.41,24.48,2282400.0,2063000.0,0,0,0,0,0,0,0,0,0,0,0,0,0,0,0,0,0,214,2026-02-04 02:27:09.546574
SMMR,25.28,25.28,25.44,2221700.0,2081200.0,0,0,0,0,0,0,0,0,0,0,0,0,0,0,0,0,0,214,2026-02-04 02:27:09.546574
ATMN,24.02,24.02,24.19,2595500.0,2441900.0,0,0,0,0,0,0,0,0,0,0,0,0,0,0,0,0,0,214,2026-02-04 02:27:09.546574
WNTR,23.77,23.77,23.96,2280100.0,2178900.0,0,0,0,0,0,0,0,0,0,0,0,0,0,0,0,0,0,214,2026-02-04 02:27:09.546574
SPNG,24.35,23.69,23.72,2283800.0,2088100.0,0,0,0,0,0,0,0,0,0,0,0,0,0,0,0,0,0,215,2026-02-04 02:27:10.582615
SMMR,25.28,25.34,25.44,2186800.0,2081200.0,0,0,0,0,0,0,0,0,0,0,0,0,0,0,0,0,0,215,2026-02-04 02:27:10.582615
ATMN,24.0,24.0,24.15,2613400.0,2445700.0,0,0,0,0,0,0,0,0,0,0,0,0,0,0,0,0,0,215,2026-02-04 02:27:10.582615
WNTR,23.84,23.94,23.96,2302300.0,2178900.0,0,0,0,0,0,0,0,0,0,0,0,0,0,0,0,0,0,215,2026-02-04 02:27:10.582615
SPNG,24.24,23.69,23.71,2286400.0,2125200.0,0,0,0,0,0,0,0,0,0,0,0,0,0,0,0,0,0,216,2026-02-04 02:27:11.617535
SMMR,25.44,25.33,25.44,2214000.0,2081200.0,0,0,0,0,0,0,0,0,0,0,0,0,0,0,0,0,0,216,2026-02-04 02:27:11.617535
ATMN,24.0,24.0,24.15,2565000.0,2444800.0,0,0,0,0,0,0,0,0,0,0,0,0,0,0,0,0,0,216,2026-02-04 02:27:11.617535
WNTR,23.77,23.94,23.96,2276200.0,2166600.0,0,0,0,0,0,0,0,0,0,0,0,0,0,0,0,0,0,216,2026-02-04 02:27:11.617535
SPNG,23.63,23.63,24.35,2314800.0,2088100.0,0,0,0,0,0,0,0,0,0,0,0,0,0,0,0,0,0,217,2026-02-04 02:27:12.648590
SMMR,25.28,25.28,25.35,2195600.0,2074900.0,0,0,0,0,0,0,0,0,0,0,0,0,0,0,0,0,0,217,2026-02-04 02:27:12.648590
ATMN,24.0,24.0,24.15,2575600.0,2433900.0,0,0,0,0,0,0,0,0,0,0,0,0,0,0,0,0,0,217,2026-02-04 02:27:12.648590
WNTR,23.77,23.94,23.96,2276200.0,2163000.0,0,0,0,0,0,0,0,0,0,0,0,0,0,0,0,0,0,217,2026-02-04 02:27:12.648590
SPNG,23.63,23.75,24.35,2298900.0,2088100.0,0,0,0,0,0,0,0,0,0,0,0,0,0,0,0,0,0,218,2026-02-04 02:27:13.684080
SMMR,25.44,25.35,25.44,2230200.0,2078000.0,0,0,0,0,0,0,0,0,0,0,0,0,0,0,0,0,0,218,2026-02-04 02:27:13.684080
ATMN,23.98,23.98,24.1,2557300.0,2451200.0,0,0,0,0,0,0,0,0,0,0,0,0,0,0,0,0,0,218,2026-02-04 02:27:13.684080
WNTR,23.75,23.75,23.76,2298000.0,2175000.0,0,0,0,0,0,0,0,0,0,0,0,0,0,0,0,0,0,218,2026-02-04 02:27:13.684080
SPNG,24.49,23.75,24.49,2289100.0,2045900.0,0,0,0,0,0,0,0,0,0,0,0,0,0,0,0,0,0,219,2026-02-04 02:27:14.718041
SMMR,25.23,25.23,25.29,2239500.0,2089700.0,0,0,0,0,0,0,0,0,0,0,0,0,0,0,0,0,0,219,2026-02-04 02:27:14.718041
ATMN,24.15,23.98,24.15,2539900.0,2464100.0,0,0,0,0,0,0,0,0,0,0,0,0,0,0,0,0,0,219,2026-02-04 02:27:14.718041
WNTR,23.96,23.92,23.96,2275600.0,2168100.0,0,0,0,0,0,0,0,0,0,0,0,0,0,0,0,0,0,219,2026-02-04 02:27:14.718041
SPNG,24.52,24.31,24.39,2299500.0,2050300.0,0,0,0,0,0,0,0,0,0,0,0,0,0,0,0,0,0,220,2026-02-04 02:27:15.751121
SMMR,25.27,25.27,25.29,2214700.0,2089700.0,0,0,0,0,0,0,0,0,0,0,0,0,0,0,0,0,0,220,2026-02-04 02:27:15.751121
ATMN,23.96,23.96,24.15,2543000.0,2461100.0,0,0,0,0,0,0,0,0,0,0,0,0,0,0,0,0,0,220,2026-02-04 02:27:15.751121
WNTR,23.92,23.9,23.91,2286500.0,2179000.0,0,0,0,0,0,0,0,0,0,0,0,0,0,0,0,0,0,220,2026-02-04 02:27:15.751121
SPNG,24.31,23.75,24.0,2289100.0,2069500.0,0,0,0,0,0,0,0,0,0,0,0,0,0,0,0,0,0,221,2026-02-04 02:27:16.286229
SMMR,25.41,25.41,25.45,2232800.0,2069300.0,0,0,0,0,0,0,0,0,0,0,0,0,0,0,0,0,0,221,2026-02-04 02:27:16.286229
ATMN,24.17,23.96,24.17,2543000.0,2469500.0,0,0,0,0,0,0,0,0,0,0,0,0,0,0,0,0,0,221,2026-02-04 02:27:16.286229
WNTR,23.96,23.9,23.96,2286500.0,2183500.0,0,0,0,0,0,0,0,0,0,0,0,0,0,0,0,0,0,221,2026-02-04 02:27:16.286229
SPNG,24.27,24.06,24.27,2315400.0,2072800.0,0,0,0,0,0,0,0,0,0,0,0,0,0,0,0,0,0,222,2026-02-04 02:27:17.319466
SMMR,25.29,25.38,25.45,2218300.0,2061200.0,0,0,0,0,0,0,0,0,0,0,0,0,0,0,0,0,0,222,2026-02-04 02:27:17.319466
ATMN,24.11,24.11,24.17,2536500.0,2452400.0,0,0,0,0,0,0,0,0,0,0,0,0,0,0,0,0,0,222,2026-02-04 02:27:17.319466
WNTR,23.72,23.73,23.88,2321200.0,2195500.0,0,0,0,0,0,0,0,0,0,0,0,0,0,0,0,0,0,222,2026-02-04 02:27:17.319466
SPNG,24.39,23.89,24.39,2308200.0,2050300.0,0,0,0,0,0,0,0,0,0,0,0,0,0,0,0,0,0,223,2026-02-04 02:27:18.359625
SMMR,25.37,25.37,25.45,2221600.0,2061200.0,0,0,0,0,0,0,0,0,0,0,0,0,0,0,0,0,0,223,2026-02-04 02:27:18.359625
ATMN,24.11,23.96,24.1,2517600.0,2425200.0,0,0,0,0,0,0,0,0,0,0,0,0,0,0,0,0,0,223,2026-02-04 02:27:18.359625
WNTR,23.72,23.82,23.84,2316800.0,2211600.0,0,0,0,0,0,0,0,0,0,0,0,0,0,0,0,0,0,223,2026-02-04 02:27:18.359625
SPNG,24.39,23.98,24.13,2311500.0,2047800.0,0,0,0,0,0,0,0,0,0,0,0,0,0,0,0,0,0,224,2026-02-04 02:27:19.400256
SMMR,25.22,25.32,25.47,2217800.0,2084300.0,0,0,0,0,0,0,0,0,0,0,0,0,0,0,0,0,0,224,2026-02-04 02:27:19.400256
ATMN,23.95,23.99,24.1,2513000.0,2425200.0,0,0,0,0,0,0,0,0,0,0,0,0,0,0,0,0,0,224,2026-02-04 02:27:19.400256
WNTR,23.84,23.84,23.88,2314400.0,2195500.0,0,0,0,0,0,0,0,0,0,0,0,0,0,0,0,0,0,224,2026-02-04 02:27:19.400256
SPNG,24.39,24.12,24.13,2287200.0,2060400.0,0,0,0,0,0,0,0,0,0,0,0,0,0,0,0,0,0,225,2026-02-04 02:27:20.440183
SMMR,25.39,25.39,25.41,2216600.0,2108100.0,0,0,0,0,0,0,0,0,0,0,0,0,0,0,0,0,0,225,2026-02-04 02:27:20.440183
ATMN,24.17,24.16,24.17,2528900.0,2452400.0,0,0,0,0,0,0,0,0,0,0,0,0,0,0,0,0,0,225,2026-02-04 02:27:20.440183
WNTR,23.96,23.84,23.96,2312100.0,2195600.0,0,0,0,0,0,0,0,0,0,0,0,0,0,0,0,0,0,225,2026-02-04 02:27:20.440183
SPNG,24.13,23.98,24.13,2311500.0,2060400.0,0,0,0,0,0,0,0,0,0,0,0,0,0,0,0,0,0,226,2026-02-04 02:27:21.474026
SMMR,25.42,25.39,25.42,2216600.0,2107200.0,0,0,0,0,0,0,0,0,0,0,0,0,0,0,0,0,0,226,2026-02-04 02:27:21.474026
ATMN,24.21,24.16,24.21,2528900.0,2460500.0,0,0,0,0,0,0,0,0,0,0,0,0,0,0,0,0,0,226,2026-02-04 02:27:21.474026
WNTR,23.83,23.83,23.96,2323400.0,2206800.0,0,0,0,0,0,0,0,0,0,0,0,0,0,0,0,0,0,226,2026-02-04 02:27:21.474026
SPNG,23.98,23.98,24.13,2303900.0,2099500.0,0,0,0,0,0,0,0,0,0,0,0,0,0,0,0,0,0,227,2026-02-04 02:27:22.507359
SMMR,25.39,25.32,25.38,2191800.0,2080700.0,0,0,0,0,0,0,0,0,0,0,0,0,0,0,0,0,0,227,2026-02-04 02:27:22.507359
ATMN,24.16,24.16,24.21,2528900.0,2425100.0,0,0,0,0,0,0,0,0,0,0,0,0,0,0,0,0,0,227,2026-02-04 02:27:22.507359
WNTR,23.85,23.83,23.85,2331800.0,2202700.0,0,0,0,0,0,0,0,0,0,0,0,0,0,0,0,0,0,227,2026-02-04 02:27:22.507359
SPNG,24.29,24.26,24.29,2288300.0,2115300.0,0,0,0,0,0,0,0,0,0,0,0,0,0,0,0,0,0,228,2026-02-04 02:27:23.534142
SMMR,25.32,25.32,25.38,2191100.0,2080700.0,0,0,0,0,0,0,0,0,0,0,0,0,0,0,0,0,0,228,2026-02-04 02:27:23.534142
ATMN,24.23,24.16,24.23,2542700.0,2422300.0,0,0,0,0,0,0,0,0,0,0,0,0,0,0,0,0,0,228,2026-02-04 02:27:23.534142
WNTR,23.97,23.92,23.97,2313300.0,2163600.0,0,0,0,0,0,0,0,0,0,0,0,0,0,0,0,0,0,228,2026-02-04 02:27:23.534142
SPNG,24.29,23.89,24.29,2291500.0,2094700.0,0,0,0,0,0,0,0,0,0,0,0,0,0,0,0,0,0,229,2026-02-04 02:27:24.566535
SMMR,25.42,25.32,25.41,2211000.0,2069600.0,0,0,0,0,0,0,0,0,0,0,0,0,0,0,0,0,0,229,2026-02-04 02:27:24.566535
ATMN,24.23,24.16,24.23,2550500.0,2418500.0,0,0,0,0,0,0,0,0,0,0,0,0,0,0,0,0,0,229,2026-02-04 02:27:24.566535
WNTR,23.83,23.83,23.97,2296100.0,2169400.0,0,0,0,0,0,0,0,0,0,0,0,0,0,0,0,0,0,229,2026-02-04 02:27:24.566535
SPNG,23.75,23.75,24.04,2315100.0,2121300.0,0,0,0,0,0,0,0,0,0,0,0,0,0,0,0,0,0,230,2026-02-04 02:27:25.597116
SMMR,25.43,25.32,25.43,2185500.0,2049200.0,0,0,0,0,0,0,0,0,0,0,0,0,0,0,0,0,0,230,2026-02-04 02:27:25.597116
ATMN,24.24,23.99,24.02,2526400.0,2388900.0,0,0,0,0,0,0,0,0,0,0,0,0,0,0,0,0,0,230,2026-02-04 02:27:25.597116
WNTR,23.82,23.82,23.99,2320200.0,2154100.0,0,0,0,0,0,0,0,0,0,0,0,0,0,0,0,0,0,230,2026-02-04 02:27:25.597116
SPNG,23.75,23.96,24.04,2312300.0,2121300.0,0,0,0,0,0,0,0,0,0,0,0,0,0,0,0,0,0,231,2026-02-04 02:27:26.627928
SMMR,25.32,25.32,25.43,2194700.0,2044800.0,0,0,0,0,0,0,0,0,0,0,0,0,0,0,0,0,0,231,2026-02-04 02:27:26.627928
ATMN,24.24,23.99,24.24,2526500.0,2414900.0,0,0,0,0,0,0,0,0,0,0,0,0,0,0,0,0,0,231,2026-02-04 02:27:26.627928
WNTR,23.82,23.82,23.87,2326200.0,2186600.0,0,0,0,0,0,0,0,0,0,0,0,0,0,0,0,0,0,231,2026-02-04 02:27:26.627928
SPNG,23.75,23.99,24.04,2273900.0,2125300.0,0,0,0,0,0,0,0,0,0,0,0,0,0,0,0,0,0,232,2026-02-04 02:27:27.658371
SMMR,25.32,25.32,25.4,2171800.0,2091100.0,0,0,0,0,0,0,0,0,0,0,0,0,0,0,0,0,0,232,2026-02-04 02:27:27.658371
ATMN,23.98,23.98,24.24,2482900.0,2414900.0,0,0,0,0,0,0,0,0,0,0,0,0,0,0,0,0,0,232,2026-02-04 02:27:27.658371
WNTR,24.0,23.82,24.0,2326200.0,2122400.0,0,0,0,0,0,0,0,0,0,0,0,0,0,0,0,0,0,232,2026-02-04 02:27:27.658371
