ticker,last_price,bid_price,ask_price,BUY_ANON,BUY_CALG-1,SELL_ANON,SELL_CALG-1,BUY_WRSW-1,BUY_BRCH-1,BUY_LAVL-1,SELL_GIOT-3,SELL_LAVL-1,BUY_GIOT-3,SELL_WRSW-1,BUY_WRSW-3,SELL_WRSW-3,SELL_COLA-1,BUY_COLA-1,SELL_BRCH-1,SELL_LUIS-1,BUY_LUIS-1,tick,timestamp,news_news_id,news_period,news_tick,news_ticker,news_headline,news_body
SPNG,25.22,25.21,25.22,2017200.0,5000.0,2260000.0,2500.0,0,0,0,0,0,0,0,0,0,0,0,0,0,0,1,2026-02-04 19:57:16.710999,2.0,1.0,1.0,,Aggregate Position Limit,Your CRO has set the aggregate position limit to 14000 shares for this week.
SMMR,0.0,24.99,25.0,2213400.0,,2246900.0,,0,0,0,0,0,0,0,0,0,0,0,0,0,0,1,2026-02-04 19:57:16.710999,1.0,1.0,1.0,,Welcome to the RITC 2026 Alogithmic Market Making Case - practice server,
ATMN,24.87,24.87,25.01,2035300.0,,2354500.0,,0,0,0,0,0,0,0,0,0,0,0,0,0,0,1,2026-02-04 19:57:16.710999,,,,,,
WNTR,25.03,25.0,25.03,2206600.0,,2159900.0,,0,0,0,0,0,0,0,0,0,0,0,0,0,0,1,2026-02-04 19:57:16.710999,,,,,,
SPNG,25.16,24.77,25.12,1922600.0,2100100.0,5000.0,0,0,0,0,0,0,0,0,0,0,0,0,0,0,0,2,2026-02-04 19:57:17.260566
SMMR,25.02,24.99,25.02,2327100.0,2252600.0,,0,0,0,0,0,0,0,0,0,0,0,0,0,0,0,2,2026-02-04 19:57:17.260566
ATMN,25.01,24.87,25.01,2167100.0,2354500.0,,0,0,0,0,0,0,0,0,0,0,0,0,0,0,0,2,2026-02-04 19:57:17.260566
WNTR,25.03,25.02,25.03,2211000.0,2245200.0,,0,0,0,0,0,0,0,0,0,0,0,0,0,0,0,2,2026-02-04 19:57:17.260566
SPNG,25.04,25.04,25.12,2043600.0,2091600.0,5000.0,,0,0,0,0,0,0,0,0,0,0,0,0,0,0,3,2026-02-04 19:57:18.311173
SMMR,25.03,25.03,25.04,2072500.0,2122200.0,2500.0,5000.0,0,0,0,0,0,0,0,0,0,0,0,0,0,0,3,2026-02-04 19:57:18.311173
ATMN,25.07,25.07,25.12,2268800.0,2405400.0,,,0,0,0,0,0,0,0,0,0,0,0,0,0,0,3,2026-02-04 19:57:18.311173
WNTR,25.02,25.02,25.03,2211000.0,2226500.0,,,0,0,0,0,0,0,0,0,0,0,0,0,0,0,3,2026-02-04 19:57:18.311173
SPNG,24.64,24.67,25.12,1952300.0,2130500.0,5000.0,,0,0,0,0,0,0,0,0,0,0,0,0,0,0,4,2026-02-04 19:57:19.385944
SMMR,25.08,25.04,25.08,2078200.0,2236200.0,,5000.0,0,0,0,0,0,0,0,0,0,0,0,0,0,0,4,2026-02-04 19:57:19.385944
ATMN,25.12,24.94,25.12,2093100.0,2377200.0,,5000.0,0,0,0,0,0,0,0,0,0,0,0,0,0,0,4,2026-02-04 19:57:19.385944
WNTR,25.05,25.05,25.08,1980600.0,2090200.0,2500.0,5000.0,0,0,0,0,0,0,0,0,0,0,0,0,0,0,4,2026-02-04 19:57:19.385944
SPNG,25.22,24.67,24.71,2072800.0,5000.0,1870900.0,10000.0,0,0,0,0,0,0,0,0,0,0,0,0,0,0,5,2026-02-04 19:57:20.463844
SMMR,25.08,25.08,25.1,2114900.0,5000.0,2227900.0,,0,0,0,0,0,0,0,0,0,0,0,0,0,0,5,2026-02-04 19:57:20.463844
ATMN,24.98,24.94,24.98,2093100.0,5000.0,2381800.0,,0,0,0,0,0,0,0,0,0,0,0,0,0,0,5,2026-02-04 19:57:20.463844
WNTR,25.05,25.0,25.04,1948400.0,5000.0,2110100.0,2500.0,0,0,0,0,0,0,0,0,0,0,0,0,0,0,5,2026-02-04 19:57:20.463844
SPNG,24.71,24.71,25.22,2117700.0,5000.0,10000.0,1904400.0,0,0,0,0,0,0,0,0,0,0,0,0,0,0,6,2026-02-04 19:57:21.036170
SMMR,25.08,25.04,25.06,1862300.0,10000.0,5000.0,2010200.0,0,0,0,0,0,0,0,0,0,0,0,0,0,0,6,2026-02-04 19:57:21.036170
ATMN,24.98,24.97,24.98,2114900.0,5000.0,,2381800.0,0,0,0,0,0,0,0,0,0,0,0,0,0,0,6,2026-02-04 19:57:21.036170
WNTR,24.98,24.98,25.04,2104000.0,2500.0,2500.0,2078500.0,0,0,0,0,0,0,0,0,0,0,0,0,0,0,6,2026-02-04 19:57:21.036170
SPNG,24.71,25.07,25.2,2095500.0,5000.0,1849700.0,10000.0,0,0,0,0,0,0,0,0,0,0,0,0,0,0,7,2026-02-04 19:57:22.080450
SMMR,25.04,25.04,25.06,1869000.0,10000.0,2018600.0,5000.0,0,0,0,0,0,0,0,0,0,0,0,0,0,0,7,2026-02-04 19:57:22.080450
ATMN,24.97,24.97,25.12,1863800.0,10000.0,2140000.0,5000.0,0,0,0,0,0,0,0,0,0,0,0,0,0,0,7,2026-02-04 19:57:22.080450
WNTR,24.92,25.0,25.11,2087200.0,2500.0,2179300.0,,0,0,0,0,0,0,0,0,0,0,0,0,0,0,7,2026-02-04 19:57:22.080450
SPNG,25.2,25.21,25.22,1860800.0,10000.0,12500.0,1772600.0,0,0,0,0,0,0,0,0,0,0,0,0,0,0,8,2026-02-04 19:57:23.118972
SMMR,25.06,24.99,25.06,2003900.0,7500.0,5000.0,2018600.0,0,0,0,0,0,0,0,0,0,0,0,0,0,0,8,2026-02-04 19:57:23.118972
ATMN,25.14,24.97,25.14,1863800.0,10000.0,2500.0,2240200.0,0,0,0,0,0,0,0,0,0,0,0,0,0,0,8,2026-02-04 19:57:23.118972
WNTR,24.9,24.9,25.08,2257300.0,,5000.0,1954400.0,0,0,0,0,0,0,0,0,0,0,0,0,0,0,8,2026-02-04 19:57:23.118972
SPNG,24.68,24.7,25.2,2097800.0,5000.0,27100.0,1660900.0,0,0,0,0,0,0,0,0,0,0,0,0,0,0,9,2026-02-04 19:57:24.152559
SMMR,25.1,24.99,25.1,2003900.0,7500.0,2500.0,2107000.0,0,0,0,0,0,0,0,0,0,0,0,0,0,0,9,2026-02-04 19:57:24.152559
ATMN,25.14,24.98,25.14,1895000.0,10000.0,2500.0,2246000.0,0,0,0,0,0,0,0,0,0,0,0,0,0,0,9,2026-02-04 19:57:24.152559
WNTR,24.9,24.9,24.94,2226900.0,,5000.0,1933800.0,0,0,0,0,0,0,0,0,0,0,0,0,0,0,9,2026-02-04 19:57:24.152559
SPNG,24.67,24.67,25.16,2087500.0,5000.0,1669000.0,27100.0,0,0,0,0,0,0,0,0,0,0,0,0,0,0,10,2026-02-04 19:57:25.213604
SMMR,25.05,25.05,25.07,2038500.0,7500.0,2107000.0,2500.0,0,0,0,0,0,0,0,0,0,0,0,0,0,0,10,2026-02-04 19:57:25.213604
ATMN,25.04,25.11,25.14,1886100.0,10000.0,2278300.0,2500.0,0,0,0,0,0,0,0,0,0,0,0,0,0,0,10,2026-02-04 19:57:25.213604
WNTR,24.9,24.9,24.94,2228100.0,,1891700.0,5000.0,0,0,0,0,0,0,0,0,0,0,0,0,0,0,10,2026-02-04 19:57:25.213604
SPNG,25.22,24.67,25.22,2086800.0,5000.0,2233000.0,2500.0,0,0,0,0,0,0,0,0,0,0,0,0,0,0,11,2026-02-04 19:57:26.249456
SMMR,25.1,24.98,25.0,2231400.0,2500.0,2195100.0,,0,0,0,0,0,0,0,0,0,0,0,0,0,0,11,2026-02-04 19:57:26.249456
ATMN,25.04,25.04,25.14,2110800.0,5000.0,2236900.0,2500.0,0,0,0,0,0,0,0,0,0,0,0,0,0,0,11,2026-02-04 19:57:26.249456
WNTR,24.9,24.86,24.9,2192400.0,,1915000.0,5000.0,0,0,0,0,0,0,0,0,0,0,0,0,0,0,11,2026-02-04 19:57:26.249456
SPNG,25.26,24.67,25.26,2086800.0,5000.0,2323300.0,,0,0,0,0,0,0,0,0,0,0,0,0,0,0,12,2026-02-04 19:57:27.300206
SMMR,25.05,25.05,25.1,2251100.0,2500.0,2194700.0,,0,0,0,0,0,0,0,0,0,0,0,0,0,0,12,2026-02-04 19:57:27.300206
ATMN,25.04,25.04,25.14,1843800.0,12500.0,2343600.0,,0,0,0,0,0,0,0,0,0,0,0,0,0,0,12,2026-02-04 19:57:27.300206
WNTR,24.9,24.9,24.94,1929300.0,5000.0,1906300.0,5000.0,0,0,0,0,0,0,0,0,0,0,0,0,0,0,12,2026-02-04 19:57:27.300206
SPNG,25.29,24.57,25.29,2039000.0,5000.0,2200500.0,2500.0,0,0,0,0,0,0,0,0,0,0,0,0,0,0,13,2026-02-04 19:57:28.329631
SMMR,25.05,25.08,25.1,2259100.0,2500.0,2221300.0,,0,0,0,0,0,0,0,0,0,0,0,0,0,0,13,2026-02-04 19:57:28.329631
ATMN,25.04,25.04,25.14,1843800.0,12500.0,2343600.0,,0,0,0,0,0,0,0,0,0,0,0,0,0,0,13,2026-02-04 19:57:28.329631
WNTR,25.0,24.86,25.0,2060500.0,2500.0,1815800.0,10000.0,0,0,0,0,0,0,0,0,0,0,0,0,0,0,13,2026-02-04 19:57:28.329631
SPNG,25.29,24.88,25.26,2060800.0,5000.0,5000.0,2071300.0,0,0,0,0,0,0,0,0,0,0,0,0,0,0,14,2026-02-04 19:57:29.363429
SMMR,25.05,25.08,25.1,2037200.0,7500.0,5000.0,1998300.0,0,0,0,0,0,0,0,0,0,0,0,0,0,0,14,2026-02-04 19:57:29.363429
ATMN,25.19,25.12,25.19,1832900.0,12500.0,,2346300.0,0,0,0,0,0,0,0,0,0,0,0,0,0,0,14,2026-02-04 19:57:29.363429
WNTR,24.81,24.81,25.0,2175500.0,,10000.0,1789500.0,0,0,0,0,0,0,0,0,0,0,0,0,0,0,14,2026-02-04 19:57:29.363429
SPNG,24.88,24.88,25.26,2060800.0,5000.0,5000.0,2065800.0,0,0,0,0,0,0,0,0,0,0,0,0,0,0,15,2026-02-04 19:57:30.403463
SMMR,25.13,25.11,25.13,2046200.0,7500.0,2500.0,2160600.0,0,0,0,0,0,0,0,0,0,0,0,0,0,0,15,2026-02-04 19:57:30.403463
ATMN,25.19,25.12,25.19,1606000.0,17500.0,2500.0,2213700.0,0,0,0,0,0,0,0,0,0,0,0,0,0,0,15,2026-02-04 19:57:30.403463
WNTR,24.81,24.8,24.81,2172000.0,,10000.0,1778700.0,0,0,0,0,0,0,0,0,0,0,0,0,0,0,15,2026-02-04 19:57:30.403463
SPNG,25.29,24.88,25.29,1818300.0,10000.0,2061500.0,5000.0,0,0,0,0,0,0,0,0,0,0,0,0,0,0,16,2026-02-04 19:57:31.511732
SMMR,25.03,25.03,25.13,2234300.0,2500.0,2175300.0,2500.0,0,0,0,0,0,0,0,0,0,0,0,0,0,0,16,2026-02-04 19:57:31.511732
ATMN,25.02,25.02,25.19,1685500.0,15000.0,2223100.0,2500.0,0,0,0,0,0,0,0,0,0,0,0,0,0,0,16,2026-02-04 19:57:31.511732
WNTR,24.81,24.96,25.0,2165300.0,,1563800.0,15000.0,0,0,0,0,0,0,0,0,0,0,0,0,0,0,16,2026-02-04 19:57:31.511732
SPNG,24.65,24.96,25.29,2255400.0,1644000.0,22500.0,,0,0,0,0,0,0,0,0,0,0,0,0,0,0,17,2026-02-04 19:57:32.093880
SMMR,24.98,25.05,25.13,2239400.0,2175300.0,2500.0,2500.0,0,0,0,0,0,0,0,0,0,0,0,0,0,0,17,2026-02-04 19:57:32.093880
ATMN,25.0,25.0,25.19,1701900.0,2223100.0,2500.0,15000.0,0,0,0,0,0,0,0,0,0,0,0,0,0,0,17,2026-02-04 19:57:32.093880
WNTR,24.8,24.8,25.04,2172000.0,1654000.0,12500.0,,0,0,0,0,0,0,0,0,0,0,0,0,0,0,17,2026-02-04 19:57:32.093880
SPNG,24.89,25.07,25.29,2262700.0,1644000.0,22500.0,,0,0,0,0,0,0,0,0,0,0,0,0,0,0,18,2026-02-04 19:57:33.133566
SMMR,25.01,24.98,25.01,2351600.0,2095700.0,5000.0,,0,0,0,0,0,0,0,0,0,0,0,0,0,0,18,2026-02-04 19:57:33.133566
ATMN,25.01,25.01,25.22,1721700.0,2365200.0,,15000.0,0,0,0,0,0,0,0,0,0,0,0,0,0,0,18,2026-02-04 19:57:33.133566
WNTR,24.79,24.79,24.95,2205300.0,1667400.0,12500.0,,0,0,0,0,0,0,0,0,0,0,0,0,0,0,18,2026-02-04 19:57:33.133566
SPNG,25.07,24.57,25.01,2301200.0,1641300.0,22500.0,,0,0,0,0,0,0,0,0,0,0,0,0,0,0,19,2026-02-04 19:57:34.164906
SMMR,25.13,24.98,25.13,2351600.0,2083200.0,5000.0,,0,0,0,0,0,0,0,0,0,0,0,0,0,0,19,2026-02-04 19:57:34.164906
ATMN,24.98,24.98,25.19,2131700.0,2114000.0,5000.0,5000.0,0,0,0,0,0,0,0,0,0,0,0,0,0,0,19,2026-02-04 19:57:34.164906
WNTR,24.84,24.83,24.84,2176000.0,1697000.0,12500.0,,0,0,0,0,0,0,0,0,0,0,0,0,0,0,19,2026-02-04 19:57:34.164906
SPNG,25.01,25.28,25.29,2299200.0,1651700.0,22500.0,0,0,0,0,0,0,0,0,0,0,0,0,0,0,0,20,2026-02-04 19:57:35.204653
SMMR,25.13,24.98,25.04,2351600.0,2077200.0,5000.0,0,0,0,0,0,0,0,0,0,0,0,0,0,0,0,20,2026-02-04 19:57:35.204653
ATMN,25.06,24.98,25.06,2358700.0,2081200.0,5000.0,0,0,0,0,0,0,0,0,0,0,0,0,0,0,0,20,2026-02-04 19:57:35.204653
WNTR,24.84,24.87,24.95,2160700.0,1667400.0,12500.0,0,0,0,0,0,0,0,0,0,0,0,0,0,0,0,20,2026-02-04 19:57:35.204653
SPNG,25.28,25.28,25.29,2299200.0,1618200.0,22500.0,0,0,0,0,0,0,0,0,0,0,0,0,0,0,0,21,2026-02-04 19:57:36.242176
SMMR,25.04,24.98,25.04,2351600.0,2074700.0,5000.0,0,0,0,0,0,0,0,0,0,0,0,0,0,0,0,21,2026-02-04 19:57:36.242176
ATMN,25.22,24.98,25.22,2358700.0,2228200.0,2500.0,0,0,0,0,0,0,0,0,0,0,0,0,0,0,0,21,2026-02-04 19:57:36.242176
WNTR,24.87,24.87,25.0,2135600.0,1576800.0,20000.0,0,0,0,0,0,0,0,0,0,0,0,0,0,0,0,21,2026-02-04 19:57:36.242176
SPNG,25.23,24.84,24.91,2279800.0,1393900.0,27500.0,,0,0,0,0,0,0,0,0,0,0,0,0,0,0,22,2026-02-04 19:57:37.298948
SMMR,24.99,24.98,24.99,2259600.0,2092900.0,5000.0,2500.0,0,0,0,0,0,0,0,0,0,0,0,0,0,0,22,2026-02-04 19:57:37.298948
ATMN,25.23,25.02,25.23,2376500.0,2230000.0,2500.0,,0,0,0,0,0,0,0,0,0,0,0,0,0,0,22,2026-02-04 19:57:37.298948
WNTR,24.83,24.83,25.0,2173200.0,1576800.0,20000.0,,0,0,0,0,0,0,0,0,0,0,0,0,0,0,22,2026-02-04 19:57:37.298948
SPNG,24.84,24.84,25.29,2279800.0,7500.0,1946500.0,,0,0,0,0,0,0,0,0,0,0,0,0,0,0,23,2026-02-04 19:57:38.334766
SMMR,25.04,25.06,25.09,2275600.0,7500.0,1969300.0,2500.0,0,0,0,0,0,0,0,0,0,0,0,0,0,0,23,2026-02-04 19:57:38.334766
ATMN,25.02,25.02,25.19,2120200.0,7500.0,1990600.0,5000.0,0,0,0,0,0,0,0,0,0,0,0,0,0,0,23,2026-02-04 19:57:38.334766
WNTR,25.0,24.83,25.0,2173200.0,12500.0,1789900.0,,0,0,0,0,0,0,0,0,0,0,0,0,0,0,23,2026-02-04 19:57:38.334766
SPNG,24.66,24.96,25.29,2278800.0,7500.0,1946500.0,,0,0,0,0,0,0,0,0,0,0,0,0,0,0,24,2026-02-04 19:57:39.369902
SMMR,25.06,25.06,25.13,2310000.0,5000.0,2083700.0,2500.0,0,0,0,0,0,0,0,0,0,0,0,0,0,0,24,2026-02-04 19:57:39.369902
ATMN,25.02,24.98,25.02,2245000.0,7500.0,1986500.0,2500.0,0,0,0,0,0,0,0,0,0,0,0,0,0,0,24,2026-02-04 19:57:39.369902
WNTR,24.83,24.83,25.0,2054100.0,17500.0,1590400.0,2500.0,0,0,0,0,0,0,0,0,0,0,0,0,0,0,24,2026-02-04 19:57:39.369902
SPNG,25.14,24.96,25.14,2276600.0,1942500.0,7500.0,,0,0,0,0,0,0,0,0,0,0,0,0,0,0,25,2026-02-04 19:57:40.408596
SMMR,25.05,24.97,25.05,2252000.0,2091800.0,5000.0,2500.0,0,0,0,0,0,0,0,0,0,0,0,0,0,0,25,2026-02-04 19:57:40.408596
ATMN,25.09,24.98,25.09,2245000.0,1978000.0,7500.0,2500.0,0,0,0,0,0,0,0,0,0,0,0,0,0,0,25,2026-02-04 19:57:40.408596
WNTR,24.92,24.99,25.0,2058000.0,1590400.0,17500.0,2500.0,0,0,0,0,0,0,0,0,0,0,0,0,0,0,25,2026-02-04 19:57:40.408596
SPNG,25.14,24.96,25.02,2276600.0,1950500.0,7500.0,,0,0,0,0,0,0,0,0,0,0,0,0,0,0,26,2026-02-04 19:57:41.434584
SMMR,25.13,24.97,25.0,2252000.0,2071700.0,5000.0,2500.0,0,0,0,0,0,0,0,0,0,0,0,0,0,0,26,2026-02-04 19:57:41.434584
ATMN,24.97,24.97,25.09,2258000.0,2000700.0,7500.0,2500.0,0,0,0,0,0,0,0,0,0,0,0,0,0,0,26,2026-02-04 19:57:41.434584
WNTR,24.92,24.92,25.0,2054700.0,1570500.0,17500.0,2500.0,0,0,0,0,0,0,0,0,0,0,0,0,0,0,26,2026-02-04 19:57:41.434584
SPNG,25.14,24.96,25.02,2290700.0,1989200.0,7500.0,,0,0,0,0,0,0,0,0,0,0,0,0,0,0,27,2026-02-04 19:57:42.490960
SMMR,25.0,25.06,25.13,2261600.0,2083700.0,5000.0,2500.0,0,0,0,0,0,0,0,0,0,0,0,0,0,0,27,2026-02-04 19:57:42.490960
ATMN,24.84,24.84,25.09,2346700.0,2000700.0,7500.0,,0,0,0,0,0,0,0,0,0,0,0,0,0,0,27,2026-02-04 19:57:42.490960
WNTR,24.8,24.8,24.88,2176800.0,1902300.0,5000.0,,0,0,0,0,0,0,0,0,0,0,0,0,0,0,27,2026-02-04 19:57:42.490960
SPNG,24.96,24.82,24.88,2284200.0,2006700.0,7500.0,0,0,0,0,0,0,0,0,0,0,0,0,0,0,0,28,2026-02-04 19:57:43.570373
SMMR,24.97,25.09,25.13,2343200.0,2077600.0,5000.0,0,0,0,0,0,0,0,0,0,0,0,0,0,0,0,28,2026-02-04 19:57:43.570373
ATMN,25.09,25.17,25.19,2343800.0,1993400.0,7500.0,0,0,0,0,0,0,0,0,0,0,0,0,0,0,0,28,2026-02-04 19:57:43.570373
WNTR,25.04,24.8,24.85,2165000.0,1902900.0,5000.0,0,0,0,0,0,0,0,0,0,0,0,0,0,0,0,28,2026-02-04 19:57:43.570373
SPNG,24.96,24.84,24.88,2322000.0,2006700.0,7500.0,0,0,0,0,0,0,0,0,0,0,0,0,0,0,0,29,2026-02-04 19:57:44.128948
SMMR,25.09,25.09,25.13,2368400.0,2077600.0,5000.0,0,0,0,0,0,0,0,0,0,0,0,0,0,0,0,29,2026-02-04 19:57:44.128948
ATMN,24.96,24.96,25.01,2369600.0,1963100.0,7500.0,0,0,0,0,0,0,0,0,0,0,0,0,0,0,0,29,2026-02-04 19:57:44.128948
WNTR,24.85,24.92,25.04,2166600.0,1890000.0,5000.0,0,0,0,0,0,0,0,0,0,0,0,0,0,0,0,29,2026-02-04 19:57:44.128948
SPNG,24.96,24.84,24.88,2316500.0,2006700.0,7500.0,0,0,0,0,0,0,0,0,0,0,0,0,0,0,0,30,2026-02-04 19:57:45.194066
SMMR,24.99,24.99,25.09,2331700.0,2079800.0,5000.0,0,0,0,0,0,0,0,0,0,0,0,0,0,0,0,30,2026-02-04 19:57:45.194066
ATMN,24.79,24.79,25.26,2361300.0,2207200.0,2500.0,0,0,0,0,0,0,0,0,0,0,0,0,0,0,0,30,2026-02-04 19:57:45.194066
WNTR,24.85,24.92,25.04,2179900.0,1903900.0,5000.0,0,0,0,0,0,0,0,0,0,0,0,0,0,0,0,30,2026-02-04 19:57:45.194066
SPNG,25.02,24.84,25.02,2297400.0,1989200.0,7500.0,0,0,0,0,0,0,0,0,0,0,0,0,0,0,0,31,2026-02-04 19:57:46.283861
SMMR,25.14,25.07,25.14,2345400.0,2197600.0,2500.0,0,0,0,0,0,0,0,0,0,0,0,0,0,0,0,31,2026-02-04 19:57:46.283861
ATMN,24.92,25.06,25.26,2365600.0,2207200.0,2500.0,0,0,0,0,0,0,0,0,0,0,0,0,0,0,0,31,2026-02-04 19:57:46.283861
WNTR,24.8,24.8,25.04,2162000.0,1903900.0,5000.0,0,0,0,0,0,0,0,0,0,0,0,0,0,0,0,31,2026-02-04 19:57:46.283861
SPNG,25.02,24.84,25.02,2357900.0,1989200.0,7500.0,0,0,0,0,0,0,0,0,0,0,0,0,0,0,0,32,2026-02-04 19:57:47.342633
SMMR,25.14,25.07,25.14,2323100.0,2186700.0,2500.0,0,0,0,0,0,0,0,0,0,0,0,0,0,0,0,32,2026-02-04 19:57:47.342633
ATMN,24.84,24.84,25.11,2369900.0,2307600.0,,0,0,0,0,0,0,0,0,0,0,0,0,0,0,0,32,2026-02-04 19:57:47.342633
WNTR,25.08,24.8,25.08,2162000.0,2155200.0,,0,0,0,0,0,0,0,0,0,0,0,0,0,0,0,32,2026-02-04 19:57:47.342633
SPNG,24.82,24.82,25.09,2336300.0,1995200.0,7500.0,0,0,0,0,0,0,0,0,0,0,0,0,0,0,0,33,2026-02-04 19:57:48.374926
SMMR,25.01,25.02,25.14,2327500.0,2186700.0,2500.0,0,0,0,0,0,0,0,0,0,0,0,0,0,0,0,33,2026-02-04 19:57:48.374926
ATMN,25.11,25.26,25.27,2366100.0,2311700.0,,0,0,0,0,0,0,0,0,0,0,0,0,0,0,0,33,2026-02-04 19:57:48.374926
WNTR,25.08,24.96,25.08,2146300.0,2170900.0,,0,0,0,0,0,0,0,0,0,0,0,0,0,0,0,33,2026-02-04 19:57:48.374926
SPNG,24.82,24.82,24.96,2305700.0,1987600.0,7500.0,0,0,0,0,0,0,0,0,0,0,0,0,0,0,0,34,2026-02-04 19:57:49.404843
SMMR,25.04,25.08,25.14,2298800.0,2186700.0,2500.0,0,0,0,0,0,0,0,0,0,0,0,0,0,0,0,34,2026-02-04 19:57:49.404843
ATMN,25.27,24.84,25.27,2369900.0,2286800.0,,0,0,0,0,0,0,0,0,0,0,0,0,0,0,0,34,2026-02-04 19:57:49.404843
WNTR,25.09,24.96,25.09,2146300.0,2190800.0,,0,0,0,0,0,0,0,0,0,0,0,0,0,0,0,34,2026-02-04 19:57:49.404843
SPNG,24.6,24.6,25.14,2285900.0,1970400.0,7500.0,0,0,0,0,0,0,0,0,0,0,0,0,0,0,0,35,2026-02-04 19:57:50.464800
SMMR,25.08,25.03,25.04,2300300.0,2158300.0,2500.0,0,0,0,0,0,0,0,0,0,0,0,0,0,0,0,35,2026-02-04 19:57:50.464800
ATMN,24.84,24.84,24.95,2369900.0,2320300.0,,0,0,0,0,0,0,0,0,0,0,0,0,0,0,0,35,2026-02-04 19:57:50.464800
WNTR,24.96,24.96,25.11,2146300.0,2185800.0,,0,0,0,0,0,0,0,0,0,0,0,0,0,0,0,35,2026-02-04 19:57:50.464800
SPNG,24.88,24.6,24.88,2285900.0,1988300.0,7500.0,0,0,0,0,0,0,0,0,0,0,0,0,0,0,0,36,2026-02-04 19:57:51.496289
SMMR,25.15,25.03,25.15,2300300.0,2209700.0,2500.0,0,0,0,0,0,0,0,0,0,0,0,0,0,0,0,36,2026-02-04 19:57:51.496289
ATMN,25.28,24.79,25.28,2340200.0,2296600.0,,0,0,0,0,0,0,0,0,0,0,0,0,0,0,0,36,2026-02-04 19:57:51.496289
WNTR,24.81,24.87,25.11,2157100.0,2208000.0,,0,0,0,0,0,0,0,0,0,0,0,0,0,0,0,36,2026-02-04 19:57:51.496289
SPNG,25.32,24.6,25.32,2262100.0,2089200.0,5000.0,0,0,0,0,0,0,0,0,0,0,0,0,0,0,0,37,2026-02-04 19:57:52.548158
SMMR,25.17,25.03,25.17,2300300.0,2211500.0,2500.0,0,0,0,0,0,0,0,0,0,0,0,0,0,0,0,37,2026-02-04 19:57:52.548158
ATMN,24.99,24.76,24.99,2344400.0,2290100.0,,0,0,0,0,0,0,0,0,0,0,0,0,0,0,0,37,2026-02-04 19:57:52.548158
WNTR,24.81,24.96,25.11,2162700.0,2208000.0,,0,0,0,0,0,0,0,0,0,0,0,0,0,0,0,37,2026-02-04 19:57:52.548158
SPNG,25.32,24.6,25.32,2262100.0,2086300.0,5000.0,0,0,0,0,0,0,0,0,0,0,0,0,0,0,0,38,2026-02-04 19:57:53.188290
SMMR,25.17,25.03,25.17,2269300.0,2223100.0,2500.0,0,0,0,0,0,0,0,0,0,0,0,0,0,0,0,38,2026-02-04 19:57:53.188290
ATMN,24.71,24.71,24.98,2345300.0,2300300.0,,0,0,0,0,0,0,0,0,0,0,0,0,0,0,0,38,2026-02-04 19:57:53.188290
WNTR,25.11,25.04,25.11,2185000.0,2208000.0,,0,0,0,0,0,0,0,0,0,0,0,0,0,0,0,38,2026-02-04 19:57:53.188290
SPNG,24.6,24.9,25.32,2252000.0,2058700.0,5000.0,0,0,0,0,0,0,0,0,0,0,0,0,0,0,0,39,2026-02-04 19:57:54.226017
SMMR,25.18,25.03,25.16,2269300.0,2283900.0,,0,0,0,0,0,0,0,0,0,0,0,0,0,0,0,39,2026-02-04 19:57:54.226017
ATMN,24.93,24.68,24.89,2349500.0,2274000.0,,0,0,0,0,0,0,0,0,0,0,0,0,0,0,0,39,2026-02-04 19:57:54.226017
WNTR,24.96,24.96,25.11,2173500.0,2175900.0,,0,0,0,0,0,0,0,0,0,0,0,0,0,0,0,39,2026-02-04 19:57:54.226017
SPNG,24.6,24.9,25.32,2252000.0,2103900.0,5000.0,0,0,0,0,0,0,0,0,0,0,0,0,0,0,0,40,2026-02-04 19:57:55.253805
SMMR,25.16,25.16,25.18,2325600.0,2284600.0,,0,0,0,0,0,0,0,0,0,0,0,0,0,0,0,40,2026-02-04 19:57:55.253805
ATMN,25.06,24.68,25.06,2362500.0,2269400.0,,0,0,0,0,0,0,0,0,0,0,0,0,0,0,0,40,2026-02-04 19:57:55.253805
WNTR,24.96,24.98,25.11,2190800.0,2147500.0,,0,0,0,0,0,0,0,0,0,0,0,0,0,0,0,40,2026-02-04 19:57:55.253805
SPNG,25.32,24.8,25.32,2254800.0,2087500.0,5000.0,0,0,0,0,0,0,0,0,0,0,0,0,0,0,0,41,2026-02-04 19:57:56.287126
SMMR,25.02,25.05,25.18,2309500.0,2291800.0,,0,0,0,0,0,0,0,0,0,0,0,0,0,0,0,41,2026-02-04 19:57:56.287126
ATMN,25.06,24.68,24.83,2376200.0,2305000.0,,0,0,0,0,0,0,0,0,0,0,0,0,0,0,0,41,2026-02-04 19:57:56.287126
WNTR,25.11,24.87,25.11,2142600.0,2160300.0,,0,0,0,0,0,0,0,0,0,0,0,0,0,0,0,41,2026-02-04 19:57:56.287126
SPNG,25.32,24.8,25.02,2257200.0,2105200.0,5000.0,0,0,0,0,0,0,0,0,0,0,0,0,0,0,0,42,2026-02-04 19:57:57.319560
SMMR,25.19,25.16,25.19,2328000.0,2284900.0,,0,0,0,0,0,0,0,0,0,0,0,0,0,0,0,42,2026-02-04 19:57:57.319560
ATMN,24.83,24.68,24.83,2365400.0,2305000.0,,0,0,0,0,0,0,0,0,0,0,0,0,0,0,0,42,2026-02-04 19:57:57.319560
WNTR,25.11,25.1,25.11,2154300.0,2138800.0,,0,0,0,0,0,0,0,0,0,0,0,0,0,0,0,42,2026-02-04 19:57:57.319560
SPNG,25.02,24.8,25.02,2270600.0,2105200.0,5000.0,0,0,0,0,0,0,0,0,0,0,0,0,0,0,0,43,2026-02-04 19:57:58.347085
SMMR,25.2,25.16,25.2,2290600.0,2286800.0,,0,0,0,0,0,0,0,0,0,0,0,0,0,0,0,43,2026-02-04 19:57:58.347085
ATMN,24.83,24.92,25.06,2363500.0,2285600.0,,0,0,0,0,0,0,0,0,0,0,0,0,0,0,0,43,2026-02-04 19:57:58.347085
WNTR,25.1,25.1,25.11,2146000.0,2121400.0,,0,0,0,0,0,0,0,0,0,0,0,0,0,0,0,43,2026-02-04 19:57:58.347085
SPNG,25.01,24.8,24.83,2270600.0,2101000.0,5000.0,0,0,0,0,0,0,0,0,0,0,0,0,0,0,0,44,2026-02-04 19:57:59.376898
SMMR,25.2,25.16,25.2,2324000.0,2261800.0,,0,0,0,0,0,0,0,0,0,0,0,0,0,0,0,44,2026-02-04 19:57:59.376898
ATMN,24.8,24.86,25.06,2335500.0,2299600.0,,0,0,0,0,0,0,0,0,0,0,0,0,0,0,0,44,2026-02-04 19:57:59.376898
WNTR,25.1,25.1,25.11,2154500.0,2117700.0,,0,0,0,0,0,0,0,0,0,0,0,0,0,0,0,44,2026-02-04 19:57:59.376898
SPNG,24.83,24.8,24.83,2263800.0,2101000.0,5000.0,0,0,0,0,0,0,0,0,0,0,0,0,0,0,0,45,2026-02-04 19:58:00.407879
SMMR,25.16,25.16,25.17,2310800.0,2273700.0,,0,0,0,0,0,0,0,0,0,0,0,0,0,0,0,45,2026-02-04 19:58:00.407879
ATMN,24.8,24.92,25.06,2339700.0,2284400.0,,0,0,0,0,0,0,0,0,0,0,0,0,0,0,0,45,2026-02-04 19:58:00.407879
WNTR,25.11,25.05,25.11,2168400.0,2096200.0,,0,0,0,0,0,0,0,0,0,0,0,0,0,0,0,45,2026-02-04 19:58:00.407879
SPNG,24.8,24.8,25.19,2259800.0,2094000.0,5000.0,0,0,0,0,0,0,0,0,0,0,0,0,0,0,0,46,2026-02-04 19:58:01.436659
SMMR,25.2,25.16,25.2,2293200.0,2294700.0,,0,0,0,0,0,0,0,0,0,0,0,0,0,0,0,46,2026-02-04 19:58:01.436659
ATMN,24.86,24.86,24.97,2335500.0,2280800.0,,0,0,0,0,0,0,0,0,0,0,0,0,0,0,0,46,2026-02-04 19:58:01.436659
WNTR,25.11,25.05,25.07,2161200.0,2107500.0,,0,0,0,0,0,0,0,0,0,0,0,0,0,0,0,46,2026-02-04 19:58:01.436659
SPNG,24.73,24.73,25.08,2250100.0,2080900.0,5000.0,0,0,0,0,0,0,0,0,0,0,0,0,0,0,0,47,2026-02-04 19:58:02.467633
SMMR,25.15,25.15,25.2,2289400.0,2294700.0,,0,0,0,0,0,0,0,0,0,0,0,0,0,0,0,47,2026-02-04 19:58:02.467633
ATMN,24.8,24.8,24.97,2340600.0,2273500.0,,0,0,0,0,0,0,0,0,0,0,0,0,0,0,0,47,2026-02-04 19:58:02.467633
WNTR,25.12,25.05,25.12,2191100.0,2083400.0,,0,0,0,0,0,0,0,0,0,0,0,0,0,0,0,47,2026-02-04 19:58:02.467633
SPNG,25.08,24.73,25.08,2281300.0,2080900.0,5000.0,0,0,0,0,0,0,0,0,0,0,0,0,0,0,0,48,2026-02-04 19:58:03.504570
SMMR,25.15,25.15,25.2,2290000.0,2285100.0,,0,0,0,0,0,0,0,0,0,0,0,0,0,0,0,48,2026-02-04 19:58:03.504570
ATMN,24.71,24.88,24.97,2356700.0,2273500.0,,0,0,0,0,0,0,0,0,0,0,0,0,0,0,0,48,2026-02-04 19:58:03.504570
WNTR,25.12,25.05,25.12,2176400.0,2083400.0,,0,0,0,0,0,0,0,0,0,0,0,0,0,0,0,48,2026-02-04 19:58:03.504570
SPNG,24.57,25.05,25.08,2294800.0,2080900.0,5000.0,0,0,0,0,0,0,0,0,0,0,0,0,0,0,0,49,2026-02-04 19:58:04.535777
SMMR,25.2,25.2,25.21,2312200.0,2266700.0,,0,0,0,0,0,0,0,0,0,0,0,0,0,0,0,49,2026-02-04 19:58:04.535777
ATMN,24.94,24.88,24.94,2356700.0,2270900.0,,0,0,0,0,0,0,0,0,0,0,0,0,0,0,0,49,2026-02-04 19:58:04.535777
WNTR,25.12,25.12,25.14,2147900.0,2098200.0,,0,0,0,0,0,0,0,0,0,0,0,0,0,0,0,49,2026-02-04 19:58:04.535777
SPNG,25.05,25.05,25.08,2294800.0,2080900.0,5000.0,0,0,0,0,0,0,0,0,0,0,0,0,0,0,0,50,2026-02-04 19:58:05.573250
SMMR,25.21,25.19,25.21,2324200.0,2266700.0,,0,0,0,0,0,0,0,0,0,0,0,0,0,0,0,50,2026-02-04 19:58:05.573250
ATMN,24.94,24.94,24.97,2363200.0,2273500.0,,0,0,0,0,0,0,0,0,0,0,0,0,0,0,0,50,2026-02-04 19:58:05.573250
WNTR,25.14,25.1,25.14,2119300.0,2087600.0,,0,0,0,0,0,0,0,0,0,0,0,0,0,0,0,50,2026-02-04 19:58:05.573250
SPNG,24.55,24.59,25.08,2288300.0,2080900.0,5000.0,0,0,0,0,0,0,0,0,0,0,0,0,0,0,0,51,2026-02-04 19:58:06.613866
SMMR,25.21,25.19,25.21,2333600.0,2258600.0,,0,0,0,0,0,0,0,0,0,0,0,0,0,0,0,51,2026-02-04 19:58:06.613866
ATMN,24.94,24.75,24.78,2374900.0,2314500.0,,0,0,0,0,0,0,0,0,0,0,0,0,0,0,0,51,2026-02-04 19:58:06.613866
WNTR,25.15,25.1,25.15,2139100.0,2087100.0,,0,0,0,0,0,0,0,0,0,0,0,0,0,0,0,51,2026-02-04 19:58:06.613866
SPNG,24.59,24.59,24.9,2303900.0,2041900.0,5000.0,0,0,0,0,0,0,0,0,0,0,0,0,0,0,0,52,2026-02-04 19:58:07.691304
SMMR,25.21,25.17,25.21,2334500.0,2214000.0,,0,0,0,0,0,0,0,0,0,0,0,0,0,0,0,52,2026-02-04 19:58:07.691304
ATMN,24.97,24.75,24.97,2373000.0,2291500.0,,0,0,0,0,0,0,0,0,0,0,0,0,0,0,0,52,2026-02-04 19:58:07.691304
WNTR,25.09,25.09,25.15,2139100.0,2120500.0,,0,0,0,0,0,0,0,0,0,0,0,0,0,0,0,52,2026-02-04 19:58:07.691304
SPNG,24.59,24.59,24.9,2327400.0,2041900.0,5000.0,0,0,0,0,0,0,0,0,0,0,0,0,0,0,0,53,2026-02-04 19:58:08.277409
SMMR,25.21,25.18,25.21,2317500.0,2216100.0,,0,0,0,0,0,0,0,0,0,0,0,0,0,0,0,53,2026-02-04 19:58:08.277409
ATMN,24.71,24.71,24.97,2351100.0,2269000.0,,0,0,0,0,0,0,0,0,0,0,0,0,0,0,0,53,2026-02-04 19:58:08.277409
WNTR,25.08,25.04,25.08,2143900.0,2114300.0,,0,0,0,0,0,0,0,0,0,0,0,0,0,0,0,53,2026-02-04 19:58:08.277409
SPNG,24.9,24.59,24.9,2329000.0,2041900.0,5000.0,0,0,0,0,0,0,0,0,0,0,0,0,0,0,0,54,2026-02-04 19:58:09.398245
SMMR,25.18,25.18,25.22,2324200.0,2206000.0,,0,0,0,0,0,0,0,0,0,0,0,0,0,0,0,54,2026-02-04 19:58:09.398245
ATMN,24.71,24.72,24.97,2373700.0,2269000.0,,0,0,0,0,0,0,0,0,0,0,0,0,0,0,0,54,2026-02-04 19:58:09.398245
WNTR,25.18,25.11,25.18,2115700.0,2183300.0,,0,0,0,0,0,0,0,0,0,0,0,0,0,0,0,54,2026-02-04 19:58:09.398245
SPNG,24.68,24.78,24.9,2361900.0,2041900.0,5000.0,0,0,0,0,0,0,0,0,0,0,0,0,0,0,0,55,2026-02-04 19:58:10.447295
SMMR,25.15,25.15,25.22,2334100.0,2249900.0,,0,0,0,0,0,0,0,0,0,0,0,0,0,0,0,55,2026-02-04 19:58:10.447295
ATMN,24.74,24.81,24.97,2387200.0,2269000.0,,0,0,0,0,0,0,0,0,0,0,0,0,0,0,0,55,2026-02-04 19:58:10.447295
WNTR,25.18,25.11,25.18,2127600.0,2169000.0,,0,0,0,0,0,0,0,0,0,0,0,0,0,0,0,55,2026-02-04 19:58:10.447295
SPNG,24.68,24.68,24.98,2326200.0,2015400.0,5000.0,0,0,0,0,0,0,0,0,0,0,0,0,0,0,0,56,2026-02-04 19:58:11.489718
SMMR,25.15,25.15,25.22,2352600.0,2249900.0,,0,0,0,0,0,0,0,0,0,0,0,0,0,0,0,56,2026-02-04 19:58:11.489718
ATMN,24.74,24.81,24.97,2387200.0,2299200.0,,0,0,0,0,0,0,0,0,0,0,0,0,0,0,0,56,2026-02-04 19:58:11.489718
WNTR,25.18,25.11,25.16,2127600.0,2139100.0,,0,0,0,0,0,0,0,0,0,0,0,0,0,0,0,56,2026-02-04 19:58:11.489718
SPNG,24.55,24.55,24.7,2339300.0,2014000.0,5000.0,0,0,0,0,0,0,0,0,0,0,0,0,0,0,0,57,2026-02-04 19:58:12.585699
SMMR,25.15,25.13,25.14,2332300.0,2263600.0,,0,0,0,0,0,0,0,0,0,0,0,0,0,0,0,57,2026-02-04 19:58:12.585699
ATMN,24.72,24.91,24.92,2408400.0,2291300.0,,0,0,0,0,0,0,0,0,0,0,0,0,0,0,0,57,2026-02-04 19:58:12.585699
WNTR,25.11,25.04,25.08,2162500.0,2140100.0,,0,0,0,0,0,0,0,0,0,0,0,0,0,0,0,57,2026-02-04 19:58:12.585699
SPNG,25.21,24.86,25.21,2364700.0,2053400.0,5000.0,0,0,0,0,0,0,0,0,0,0,0,0,0,0,0,58,2026-02-04 19:58:13.633588
SMMR,25.13,25.13,25.22,2332300.0,2280600.0,,0,0,0,0,0,0,0,0,0,0,0,0,0,0,0,58,2026-02-04 19:58:13.633588
ATMN,24.91,24.72,24.83,2382000.0,2315200.0,,0,0,0,0,0,0,0,0,0,0,0,0,0,0,0,58,2026-02-04 19:58:13.633588
WNTR,25.04,25.04,25.08,2161600.0,2140100.0,,0,0,0,0,0,0,0,0,0,0,0,0,0,0,0,58,2026-02-04 19:58:13.633588
SPNG,24.86,24.86,25.21,2364700.0,2053400.0,5000.0,0,0,0,0,0,0,0,0,0,0,0,0,0,0,0,59,2026-02-04 19:58:14.667640
SMMR,25.13,25.13,25.22,2348800.0,2280200.0,,0,0,0,0,0,0,0,0,0,0,0,0,0,0,0,59,2026-02-04 19:58:14.667640
ATMN,24.72,24.72,24.83,2374900.0,2315200.0,,0,0,0,0,0,0,0,0,0,0,0,0,0,0,0,59,2026-02-04 19:58:14.667640
WNTR,25.04,25.07,25.08,2159400.0,2131100.0,,0,0,0,0,0,0,0,0,0,0,0,0,0,0,0,59,2026-02-04 19:58:14.667640
SPNG,25.34,25.63,0.0,200000.0,,0,0,0,0,0,0,0,0,0,0,0,0,0,0,0,0,60,2026-02-04 19:58:15.712129
SMMR,25.12,24.86,25.57,928800.0,906400.0,0,0,0,0,0,0,0,0,0,0,0,0,0,0,0,0,60,2026-02-04 19:58:15.712129
ATMN,26.01,25.44,25.71,739900.0,644700.0,0,0,0,0,0,0,0,0,0,0,0,0,0,0,0,0,60,2026-02-04 19:58:15.712129
WNTR,25.84,25.84,26.15,849100.0,706400.0,0,0,0,0,0,0,0,0,0,0,0,0,0,0,0,0,60,2026-02-04 19:58:15.712129
SPNG,25.34,25.63,26.26,992400.0,1056500.0,0,0,0,0,0,0,0,0,0,0,0,0,0,0,0,0,61,2026-02-04 19:58:16.763977
SMMR,24.67,24.67,24.75,1068200.0,1016900.0,0,0,0,0,0,0,0,0,0,0,0,0,0,0,0,0,61,2026-02-04 19:58:16.763977
ATMN,26.07,25.71,26.07,1111300.0,851800.0,0,0,0,0,0,0,0,0,0,0,0,0,0,0,0,0,61,2026-02-04 19:58:16.763977
WNTR,25.84,25.84,26.08,849100.0,1028400.0,0,0,0,0,0,0,0,0,0,0,0,0,0,0,0,0,61,2026-02-04 19:58:16.763977
SPNG,25.34,25.63,25.82,992400.0,1413300.0,0,0,0,0,0,0,0,0,0,0,0,0,0,0,0,0,62,2026-02-04 19:58:17.833475
SMMR,24.65,24.65,24.75,956500.0,1234700.0,0,0,0,0,0,0,0,0,0,0,0,0,0,0,0,0,62,2026-02-04 19:58:17.833475
ATMN,26.13,25.71,25.92,1111300.0,1087800.0,0,0,0,0,0,0,0,0,0,0,0,0,0,0,0,0,62,2026-02-04 19:58:17.833475
WNTR,25.85,25.85,25.92,977200.0,1118200.0,0,0,0,0,0,0,0,0,0,0,0,0,0,0,0,0,62,2026-02-04 19:58:17.833475
SPNG,25.34,25.63,25.82,992400.0,1727700.0,0,0,0,0,0,0,0,0,0,0,0,0,0,0,0,0,63,2026-02-04 19:58:18.405447
SMMR,24.65,24.42,24.6,974000.0,1456100.0,0,0,0,0,0,0,0,0,0,0,0,0,0,0,0,0,63,2026-02-04 19:58:18.405447
ATMN,26.13,25.9,25.92,1336700.0,1087800.0,0,0,0,0,0,0,0,0,0,0,0,0,0,0,0,0,63,2026-02-04 19:58:18.405447
WNTR,25.92,26.07,26.08,1174900.0,1132800.0,0,0,0,0,0,0,0,0,0,0,0,0,0,0,0,0,63,2026-02-04 19:58:18.405447
SPNG,25.63,25.63,25.82,1149400.0,1835600.0,0,0,0,0,0,0,0,0,0,0,0,0,0,0,0,0,64,2026-02-04 19:58:19.462470
SMMR,24.42,24.42,24.73,1094100.0,1328500.0,0,0,0,0,0,0,0,0,0,0,0,0,0,0,0,0,64,2026-02-04 19:58:19.462470
ATMN,26.29,25.9,25.98,1459600.0,1225400.0,0,0,0,0,0,0,0,0,0,0,0,0,0,0,0,0,64,2026-02-04 19:58:19.462470
WNTR,25.85,25.85,25.94,977200.0,1466500.0,0,0,0,0,0,0,0,0,0,0,0,0,0,0,0,0,64,2026-02-04 19:58:19.462470
SPNG,25.63,25.63,25.74,1292800.0,1935900.0,0,0,0,0,0,0,0,0,0,0,0,0,0,0,0,0,65,2026-02-04 19:58:20.500333
SMMR,24.75,24.42,24.75,1207700.0,1327500.0,0,0,0,0,0,0,0,0,0,0,0,0,0,0,0,0,65,2026-02-04 19:58:20.500333
ATMN,25.98,25.9,25.98,1459600.0,1485100.0,0,0,0,0,0,0,0,0,0,0,0,0,0,0,0,0,65,2026-02-04 19:58:20.500333
WNTR,25.84,25.58,25.81,1086700.0,1586100.0,0,0,0,0,0,0,0,0,0,0,0,0,0,0,0,0,65,2026-02-04 19:58:20.500333
SPNG,25.74,25.79,25.82,1282400.0,1938900.0,0,0,0,0,0,0,0,0,0,0,0,0,0,0,0,0,66,2026-02-04 19:58:21.561268
SMMR,24.75,24.42,24.48,1338400.0,1570900.0,0,0,0,0,0,0,0,0,0,0,0,0,0,0,0,0,66,2026-02-04 19:58:21.561268
ATMN,26.0,26.0,26.02,1565600.0,1359500.0,0,0,0,0,0,0,0,0,0,0,0,0,0,0,0,0,66,2026-02-04 19:58:21.561268
WNTR,25.71,25.73,25.81,1305200.0,1586100.0,0,0,0,0,0,0,0,0,0,0,0,0,0,0,0,0,66,2026-02-04 19:58:21.561268
SPNG,25.79,25.15,25.76,1407000.0,2064300.0,0,0,0,0,0,0,0,0,0,0,0,0,0,0,0,0,67,2026-02-04 19:58:22.602275
SMMR,24.75,24.42,24.48,1667700.0,1570900.0,0,0,0,0,0,0,0,0,0,0,0,0,0,0,0,0,67,2026-02-04 19:58:22.602275
ATMN,25.9,25.9,26.02,1459600.0,1460000.0,0,0,0,0,0,0,0,0,0,0,0,0,0,0,0,0,67,2026-02-04 19:58:22.602275
WNTR,25.71,25.73,25.74,1542300.0,1815600.0,0,0,0,0,0,0,0,0,0,0,0,0,0,0,0,0,67,2026-02-04 19:58:22.602275
SPNG,25.82,25.82,25.94,1650500.0,1908200.0,0,0,0,0,0,0,0,0,0,0,0,0,0,0,0,0,68,2026-02-04 19:58:23.638366
SMMR,24.62,24.42,24.59,1667700.0,1440100.0,0,0,0,0,0,0,0,0,0,0,0,0,0,0,0,0,68,2026-02-04 19:58:23.638366
ATMN,25.9,26.0,26.02,1702500.0,1565200.0,0,0,0,0,0,0,0,0,0,0,0,0,0,0,0,0,68,2026-02-04 19:58:23.638366
WNTR,25.74,25.73,25.74,1649900.0,1913800.0,0,0,0,0,0,0,0,0,0,0,0,0,0,0,0,0,68,2026-02-04 19:58:23.638366
SPNG,25.15,25.15,25.94,1774000.0,1993000.0,0,0,0,0,0,0,0,0,0,0,0,0,0,0,0,0,69,2026-02-04 19:58:24.672612
SMMR,24.62,24.42,24.55,1889300.0,1566800.0,0,0,0,0,0,0,0,0,0,0,0,0,0,0,0,0,69,2026-02-04 19:58:24.672612
ATMN,26.0,26.0,26.02,2025500.0,1565200.0,0,0,0,0,0,0,0,0,0,0,0,0,0,0,0,0,69,2026-02-04 19:58:24.672612
WNTR,25.81,25.73,25.81,1649900.0,1782700.0,0,0,0,0,0,0,0,0,0,0,0,0,0,0,0,0,69,2026-02-04 19:58:24.672612
SPNG,25.8,25.8,25.94,1887300.0,2115400.0,0,0,0,0,0,0,0,0,0,0,0,0,0,0,0,0,70,2026-02-04 19:58:25.712865
SMMR,24.62,24.45,24.48,2102600.0,1680000.0,0,0,0,0,0,0,0,0,0,0,0,0,0,0,0,0,70,2026-02-04 19:58:25.712865
ATMN,26.02,26.04,26.13,2157200.0,1430900.0,0,0,0,0,0,0,0,0,0,0,0,0,0,0,0,0,70,2026-02-04 19:58:25.712865
WNTR,25.71,25.6,25.7,1431400.0,1792800.0,0,0,0,0,0,0,0,0,0,0,0,0,0,0,0,0,70,2026-02-04 19:58:25.712865
SPNG,25.8,25.8,25.82,1887300.0,2163400.0,0,0,0,0,0,0,0,0,0,0,0,0,0,0,0,0,71,2026-02-04 19:58:26.747392
SMMR,24.6,24.45,24.58,2102600.0,1442500.0,0,0,0,0,0,0,0,0,0,0,0,0,0,0,0,0,71,2026-02-04 19:58:26.747392
ATMN,26.0,26.0,26.13,2142300.0,1430900.0,0,0,0,0,0,0,0,0,0,0,0,0,0,0,0,0,71,2026-02-04 19:58:26.747392
WNTR,25.92,25.6,25.92,1431400.0,1670900.0,0,0,0,0,0,0,0,0,0,0,0,0,0,0,0,0,71,2026-02-04 19:58:26.747392
SPNG,25.79,25.15,25.79,1899900.0,2173300.0,0,0,0,0,0,0,0,0,0,0,0,0,0,0,0,0,72,2026-02-04 19:58:27.782364
SMMR,24.6,24.51,24.58,2354900.0,1442500.0,0,0,0,0,0,0,0,0,0,0,0,0,0,0,0,0,72,2026-02-04 19:58:27.782364
ATMN,25.94,25.94,26.03,2036300.0,1526000.0,0,0,0,0,0,0,0,0,0,0,0,0,0,0,0,0,72,2026-02-04 19:58:27.782364
WNTR,25.6,25.69,25.74,1538200.0,1790100.0,0,0,0,0,0,0,0,0,0,0,0,0,0,0,0,0,72,2026-02-04 19:58:27.782364
SPNG,25.79,25.57,25.79,1992300.0,2194400.0,0,0,0,0,0,0,0,0,0,0,0,0,0,0,0,0,73,2026-02-04 19:58:28.824589
SMMR,24.75,24.51,24.75,2350500.0,1327500.0,0,0,0,0,0,0,0,0,0,0,0,0,0,0,0,0,73,2026-02-04 19:58:28.824589
ATMN,25.94,26.0,26.03,2380800.0,1526000.0,0,0,0,0,0,0,0,0,0,0,0,0,0,0,0,0,73,2026-02-04 19:58:28.824589
WNTR,25.58,25.58,25.92,1307400.0,1670900.0,0,0,0,0,0,0,0,0,0,0,0,0,0,0,0,0,73,2026-02-04 19:58:28.824589
SPNG,25.06,25.39,25.79,1891600.0,2194400.0,0,0,0,0,0,0,0,0,0,0,0,0,0,0,0,0,74,2026-02-04 19:58:29.440117
SMMR,24.75,24.51,24.57,2342400.0,1541700.0,0,0,0,0,0,0,0,0,0,0,0,0,0,0,0,0,74,2026-02-04 19:58:29.440117
ATMN,26.03,26.0,26.03,2326000.0,1526000.0,0,0,0,0,0,0,0,0,0,0,0,0,0,0,0,0,74,2026-02-04 19:58:29.440117
WNTR,25.58,25.72,25.83,1427100.0,1877500.0,0,0,0,0,0,0,0,0,0,0,0,0,0,0,0,0,74,2026-02-04 19:58:29.440117
SPNG,25.56,25.71,25.79,2128100.0,2194400.0,0,0,0,0,0,0,0,0,0,0,0,0,0,0,0,0,75,2026-02-04 19:58:30.483091
SMMR,24.64,24.51,24.64,2365000.0,1440700.0,0,0,0,0,0,0,0,0,0,0,0,0,0,0,0,0,75,2026-02-04 19:58:30.483091
ATMN,26.13,26.0,26.13,2256000.0,1430900.0,0,0,0,0,0,0,0,0,0,0,0,0,0,0,0,0,75,2026-02-04 19:58:30.483091
WNTR,25.58,25.72,25.83,1734700.0,1877500.0,0,0,0,0,0,0,0,0,0,0,0,0,0,0,0,0,75,2026-02-04 19:58:30.483091
SPNG,25.39,25.39,25.79,1891600.0,2194400.0,0,0,0,0,0,0,0,0,0,0,0,0,0,0,0,0,76,2026-02-04 19:58:31.527875
SMMR,24.64,24.51,24.61,2365600.0,1563000.0,0,0,0,0,0,0,0,0,0,0,0,0,0,0,0,0,76,2026-02-04 19:58:31.527875
ATMN,26.14,26.0,26.14,2256000.0,1263700.0,0,0,0,0,0,0,0,0,0,0,0,0,0,0,0,0,76,2026-02-04 19:58:31.527875
WNTR,25.84,25.63,25.84,1615000.0,1902200.0,0,0,0,0,0,0,0,0,0,0,0,0,0,0,0,0,76,2026-02-04 19:58:31.527875
SPNG,25.39,25.39,25.79,2266300.0,2194400.0,0,0,0,0,0,0,0,0,0,0,0,0,0,0,0,0,77,2026-02-04 19:58:32.562777
SMMR,24.61,24.62,24.64,2386200.0,1557700.0,0,0,0,0,0,0,0,0,0,0,0,0,0,0,0,0,77,2026-02-04 19:58:32.562777
ATMN,26.14,26.0,26.14,2255000.0,1263700.0,0,0,0,0,0,0,0,0,0,0,0,0,0,0,0,0,77,2026-02-04 19:58:32.562777
WNTR,25.61,25.61,25.68,1430500.0,2126900.0,0,0,0,0,0,0,0,0,0,0,0,0,0,0,0,0,77,2026-02-04 19:58:32.562777
SPNG,25.06,25.06,25.94,2108300.0,2171300.0,0,0,0,0,0,0,0,0,0,0,0,0,0,0,0,0,78,2026-02-04 19:58:33.608874
SMMR,24.64,24.62,24.64,2413500.0,1799300.0,0,0,0,0,0,0,0,0,0,0,0,0,0,0,0,0,78,2026-02-04 19:58:33.608874
ATMN,26.16,26.0,26.12,2255000.0,1409500.0,0,0,0,0,0,0,0,0,0,0,0,0,0,0,0,0,78,2026-02-04 19:58:33.608874
WNTR,25.61,25.62,25.84,1535300.0,2007200.0,0,0,0,0,0,0,0,0,0,0,0,0,0,0,0,0,78,2026-02-04 19:58:33.608874
SPNG,25.9,25.9,25.94,2204500.0,2171300.0,0,0,0,0,0,0,0,0,0,0,0,0,0,0,0,0,79,2026-02-04 19:58:34.652033
SMMR,24.72,24.62,24.72,2419900.0,1806100.0,0,0,0,0,0,0,0,0,0,0,0,0,0,0,0,0,79,2026-02-04 19:58:34.652033
ATMN,26.16,26.04,26.12,2277700.0,1610200.0,0,0,0,0,0,0,0,0,0,0,0,0,0,0,0,0,79,2026-02-04 19:58:34.652033
WNTR,25.61,25.61,25.86,1430500.0,2012700.0,0,0,0,0,0,0,0,0,0,0,0,0,0,0,0,0,79,2026-02-04 19:58:34.652033
SPNG,25.28,25.07,25.28,2233000.0,2187800.0,0,0,0,0,0,0,0,0,0,0,0,0,0,0,0,0,80,2026-02-04 19:58:35.692543
SMMR,24.76,24.62,24.74,2414200.0,1779300.0,0,0,0,0,0,0,0,0,0,0,0,0,0,0,0,0,80,2026-02-04 19:58:35.692543
ATMN,26.21,26.04,26.21,2270900.0,1388300.0,0,0,0,0,0,0,0,0,0,0,0,0,0,0,0,0,80,2026-02-04 19:58:35.692543
WNTR,25.86,25.61,25.86,1534700.0,2125900.0,0,0,0,0,0,0,0,0,0,0,0,0,0,0,0,0,80,2026-02-04 19:58:35.692543
SPNG,25.28,25.24,25.28,2518300.0,2187800.0,0,0,0,0,0,0,0,0,0,0,0,0,0,0,0,0,81,2026-02-04 19:58:36.732268
SMMR,24.76,24.62,24.74,2405600.0,1907000.0,0,0,0,0,0,0,0,0,0,0,0,0,0,0,0,0,81,2026-02-04 19:58:36.732268
ATMN,26.21,26.28,26.29,2259900.0,1485100.0,0,0,0,0,0,0,0,0,0,0,0,0,0,0,0,0,81,2026-02-04 19:58:36.732268
WNTR,25.73,25.73,25.84,1657400.0,2177700.0,0,0,0,0,0,0,0,0,0,0,0,0,0,0,0,0,81,2026-02-04 19:58:36.732268
SPNG,25.98,25.24,25.98,2518300.0,2182600.0,0,0,0,0,0,0,0,0,0,0,0,0,0,0,0,0,82,2026-02-04 19:58:37.771362
SMMR,24.76,24.62,24.69,2405600.0,2259000.0,0,0,0,0,0,0,0,0,0,0,0,0,0,0,0,0,82,2026-02-04 19:58:37.771362
ATMN,26.04,26.04,26.29,2257200.0,1599900.0,0,0,0,0,0,0,0,0,0,0,0,0,0,0,0,0,82,2026-02-04 19:58:37.771362
WNTR,25.58,25.81,25.84,1502900.0,2190300.0,0,0,0,0,0,0,0,0,0,0,0,0,0,0,0,0,82,2026-02-04 19:58:37.771362
SPNG,25.98,25.24,25.34,2432800.0,2163500.0,0,0,0,0,0,0,0,0,0,0,0,0,0,0,0,0,83,2026-02-04 19:58:38.801516
SMMR,24.69,24.55,24.69,2382200.0,2259000.0,0,0,0,0,0,0,0,0,0,0,0,0,0,0,0,0,83,2026-02-04 19:58:38.801516
ATMN,26.3,26.04,26.25,2257200.0,1759900.0,0,0,0,0,0,0,0,0,0,0,0,0,0,0,0,0,83,2026-02-04 19:58:38.801516
WNTR,25.81,25.58,25.65,1538900.0,2227700.0,0,0,0,0,0,0,0,0,0,0,0,0,0,0,0,0,83,2026-02-04 19:58:38.801516
SPNG,25.34,25.79,25.98,2355900.0,2179800.0,0,0,0,0,0,0,0,0,0,0,0,0,0,0,0,0,84,2026-02-04 19:58:39.857034
SMMR,24.69,24.73,24.74,2376700.0,2228500.0,0,0,0,0,0,0,0,0,0,0,0,0,0,0,0,0,84,2026-02-04 19:58:39.857034
ATMN,26.0,26.0,26.15,2257400.0,1993600.0,0,0,0,0,0,0,0,0,0,0,0,0,0,0,0,0,84,2026-02-04 19:58:39.857034
WNTR,25.65,25.73,25.84,1750100.0,2216700.0,0,0,0,0,0,0,0,0,0,0,0,0,0,0,0,0,84,2026-02-04 19:58:39.857034
SPNG,25.79,25.24,25.78,2432800.0,2185100.0,0,0,0,0,0,0,0,0,0,0,0,0,0,0,0,0,85,2026-02-04 19:58:40.548958
SMMR,24.73,24.61,24.66,2357800.0,2245300.0,0,0,0,0,0,0,0,0,0,0,0,0,0,0,0,0,85,2026-02-04 19:58:40.548958
ATMN,26.15,26.0,26.02,2257400.0,2097400.0,0,0,0,0,0,0,0,0,0,0,0,0,0,0,0,0,85,2026-02-04 19:58:40.548958
WNTR,25.63,25.71,25.84,1962500.0,2223000.0,0,0,0,0,0,0,0,0,0,0,0,0,0,0,0,0,85,2026-02-04 19:58:40.548958
SPNG,26.07,25.19,26.07,2560900.0,2181800.0,0,0,0,0,0,0,0,0,0,0,0,0,0,0,0,0,86,2026-02-04 19:58:41.604839
SMMR,24.74,24.61,24.74,2357800.0,2248800.0,0,0,0,0,0,0,0,0,0,0,0,0,0,0,0,0,86,2026-02-04 19:58:41.604839
ATMN,26.0,26.0,26.15,2249200.0,1993600.0,0,0,0,0,0,0,0,0,0,0,0,0,0,0,0,0,86,2026-02-04 19:58:41.604839
WNTR,25.84,25.71,25.84,2178500.0,2223000.0,0,0,0,0,0,0,0,0,0,0,0,0,0,0,0,0,86,2026-02-04 19:58:41.604839
SPNG,26.07,25.35,25.47,2373700.0,2174700.0,0,0,0,0,0,0,0,0,0,0,0,0,0,0,0,0,87,2026-02-04 19:58:42.643092
SMMR,24.74,24.64,24.73,2349700.0,2259500.0,0,0,0,0,0,0,0,0,0,0,0,0,0,0,0,0,87,2026-02-04 19:58:42.643092
ATMN,26.02,26.02,26.15,2266000.0,2101500.0,0,0,0,0,0,0,0,0,0,0,0,0,0,0,0,0,87,2026-02-04 19:58:42.643092
WNTR,25.84,25.71,25.84,2178500.0,2259600.0,0,0,0,0,0,0,0,0,0,0,0,0,0,0,0,0,87,2026-02-04 19:58:42.643092
SPNG,25.47,25.76,25.91,2300000.0,2174400.0,0,0,0,0,0,0,0,0,0,0,0,0,0,0,0,0,88,2026-02-04 19:58:43.678879
SMMR,24.74,24.72,24.73,2340900.0,2297900.0,0,0,0,0,0,0,0,0,0,0,0,0,0,0,0,0,88,2026-02-04 19:58:43.678879
ATMN,26.2,25.96,26.2,2265600.0,2090800.0,0,0,0,0,0,0,0,0,0,0,0,0,0,0,0,0,88,2026-02-04 19:58:43.678879
WNTR,25.84,25.85,25.86,2182700.0,2259500.0,0,0,0,0,0,0,0,0,0,0,0,0,0,0,0,0,88,2026-02-04 19:58:43.678879
SPNG,25.76,25.35,25.74,2339000.0,2171000.0,0,0,0,0,0,0,0,0,0,0,0,0,0,0,0,0,89,2026-02-04 19:58:44.716110
SMMR,24.7,24.7,24.73,2343100.0,2292000.0,0,0,0,0,0,0,0,0,0,0,0,0,0,0,0,0,89,2026-02-04 19:58:44.716110
ATMN,26.2,25.96,25.98,2260100.0,2110400.0,0,0,0,0,0,0,0,0,0,0,0,0,0,0,0,0,89,2026-02-04 19:58:44.716110
WNTR,25.67,25.58,25.62,2089000.0,2234300.0,0,0,0,0,0,0,0,0,0,0,0,0,0,0,0,0,89,2026-02-04 19:58:44.716110
SPNG,25.69,25.69,25.74,2336300.0,2171000.0,0,0,0,0,0,0,0,0,0,0,0,0,0,0,0,0,90,2026-02-04 19:58:45.765361
SMMR,24.61,24.61,24.72,2357800.0,2279000.0,0,0,0,0,0,0,0,0,0,0,0,0,0,0,0,0,90,2026-02-04 19:58:45.765361
ATMN,26.18,25.96,26.04,2260100.0,2121700.0,0,0,0,0,0,0,0,0,0,0,0,0,0,0,0,0,90,2026-02-04 19:58:45.765361
WNTR,25.86,25.75,25.86,2191400.0,2239500.0,0,0,0,0,0,0,0,0,0,0,0,0,0,0,0,0,90,2026-02-04 19:58:45.765361
SPNG,25.5,25.35,25.39,2298900.0,2193300.0,0,0,0,0,0,0,0,0,0,0,0,0,0,0,0,0,91,2026-02-04 19:58:46.835301
SMMR,24.55,24.55,24.72,2357500.0,2279000.0,0,0,0,0,0,0,0,0,0,0,0,0,0,0,0,0,91,2026-02-04 19:58:46.835301
ATMN,26.18,25.96,26.04,2241400.0,2121700.0,0,0,0,0,0,0,0,0,0,0,0,0,0,0,0,0,91,2026-02-04 19:58:46.835301
WNTR,25.86,25.75,25.86,2191400.0,2191400.0,0,0,0,0,0,0,0,0,0,0,0,0,0,0,0,0,91,2026-02-04 19:58:46.835301
SPNG,25.39,25.44,25.48,2293200.0,2188100.0,0,0,0,0,0,0,0,0,0,0,0,0,0,0,0,0,92,2026-02-04 19:58:47.872435
SMMR,24.55,24.55,24.67,2367800.0,2233400.0,0,0,0,0,0,0,0,0,0,0,0,0,0,0,0,0,92,2026-02-04 19:58:47.872435
ATMN,26.04,25.96,26.04,2261100.0,2121700.0,0,0,0,0,0,0,0,0,0,0,0,0,0,0,0,0,92,2026-02-04 19:58:47.872435
WNTR,25.58,25.58,25.86,2190600.0,2200600.0,0,0,0,0,0,0,0,0,0,0,0,0,0,0,0,0,92,2026-02-04 19:58:47.872435
SPNG,25.42,25.42,25.74,2312500.0,2177600.0,0,0,0,0,0,0,0,0,0,0,0,0,0,0,0,0,93,2026-02-04 19:58:48.917296
SMMR,24.55,24.55,24.58,2367800.0,2241500.0,0,0,0,0,0,0,0,0,0,0,0,0,0,0,0,0,93,2026-02-04 19:58:48.917296
ATMN,26.04,26.16,26.2,2236200.0,2105700.0,0,0,0,0,0,0,0,0,0,0,0,0,0,0,0,0,93,2026-02-04 19:58:48.917296
WNTR,25.87,25.58,25.64,2190600.0,2193400.0,0,0,0,0,0,0,0,0,0,0,0,0,0,0,0,0,93,2026-02-04 19:58:48.917296
SPNG,25.42,25.42,25.74,2274500.0,2223300.0,0,0,0,0,0,0,0,0,0,0,0,0,0,0,0,0,94,2026-02-04 19:58:49.995149
SMMR,24.54,24.54,24.58,2368900.0,2241500.0,0,0,0,0,0,0,0,0,0,0,0,0,0,0,0,0,94,2026-02-04 19:58:49.995149
ATMN,26.17,25.94,26.17,2244600.0,2113200.0,0,0,0,0,0,0,0,0,0,0,0,0,0,0,0,0,94,2026-02-04 19:58:49.995149
WNTR,25.58,25.58,25.64,2199700.0,2193400.0,0,0,0,0,0,0,0,0,0,0,0,0,0,0,0,0,94,2026-02-04 19:58:49.995149
SPNG,25.75,25.42,25.75,2269400.0,2226900.0,0,0,0,0,0,0,0,0,0,0,0,0,0,0,0,0,95,2026-02-04 19:58:50.589629
SMMR,24.53,24.53,24.58,2388400.0,2241500.0,0,0,0,0,0,0,0,0,0,0,0,0,0,0,0,0,95,2026-02-04 19:58:50.589629
ATMN,26.2,25.94,26.2,2244600.0,2113500.0,0,0,0,0,0,0,0,0,0,0,0,0,0,0,0,0,95,2026-02-04 19:58:50.589629
WNTR,25.72,25.58,25.72,2199700.0,2187500.0,0,0,0,0,0,0,0,0,0,0,0,0,0,0,0,0,95,2026-02-04 19:58:50.589629
SPNG,25.79,25.42,25.75,2269400.0,2213300.0,0,0,0,0,0,0,0,0,0,0,0,0,0,0,0,0,96,2026-02-04 19:58:51.643325
SMMR,24.49,24.49,24.67,2383000.0,2246500.0,0,0,0,0,0,0,0,0,0,0,0,0,0,0,0,0,96,2026-02-04 19:58:51.643325
ATMN,26.07,25.94,26.07,2244600.0,2165600.0,0,0,0,0,0,0,0,0,0,0,0,0,0,0,0,0,96,2026-02-04 19:58:51.643325
WNTR,25.59,25.58,25.59,2191900.0,2183000.0,0,0,0,0,0,0,0,0,0,0,0,0,0,0,0,0,96,2026-02-04 19:58:51.643325
SPNG,25.35,25.35,25.87,2254200.0,2196700.0,0,0,0,0,0,0,0,0,0,0,0,0,0,0,0,0,97,2026-02-04 19:58:52.688125
SMMR,24.68,24.49,24.68,2400800.0,2232500.0,0,0,0,0,0,0,0,0,0,0,0,0,0,0,0,0,97,2026-02-04 19:58:52.688125
ATMN,26.24,25.97,26.24,2253400.0,2139900.0,0,0,0,0,0,0,0,0,0,0,0,0,0,0,0,0,97,2026-02-04 19:58:52.688125
WNTR,25.59,25.68,25.72,2216700.0,2187500.0,0,0,0,0,0,0,0,0,0,0,0,0,0,0,0,0,97,2026-02-04 19:58:52.688125
SPNG,25.19,25.19,25.87,2264000.0,2201300.0,0,0,0,0,0,0,0,0,0,0,0,0,0,0,0,0,98,2026-02-04 19:58:53.746417
SMMR,24.68,24.5,24.61,2380600.0,2226000.0,0,0,0,0,0,0,0,0,0,0,0,0,0,0,0,0,98,2026-02-04 19:58:53.746417
ATMN,25.97,25.97,26.25,2253400.0,2102900.0,0,0,0,0,0,0,0,0,0,0,0,0,0,0,0,0,98,2026-02-04 19:58:53.746417
WNTR,25.59,25.68,25.72,2228300.0,2173700.0,0,0,0,0,0,0,0,0,0,0,0,0,0,0,0,0,98,2026-02-04 19:58:53.746417
SPNG,25.87,25.19,25.87,2259100.0,2201300.0,0,0,0,0,0,0,0,0,0,0,0,0,0,0,0,0,99,2026-02-04 19:58:54.788525
SMMR,24.68,24.71,24.72,2370100.0,2259600.0,0,0,0,0,0,0,0,0,0,0,0,0,0,0,0,0,99,2026-02-04 19:58:54.788525
ATMN,25.94,25.94,26.25,2238300.0,2122800.0,0,0,0,0,0,0,0,0,0,0,0,0,0,0,0,0,99,2026-02-04 19:58:54.788525
WNTR,25.66,25.66,25.72,2214500.0,2173700.0,0,0,0,0,0,0,0,0,0,0,0,0,0,0,0,0,99,2026-02-04 19:58:54.788525
SPNG,25.44,25.19,25.44,2271500.0,2214700.0,0,0,0,0,0,0,0,0,0,0,0,0,0,0,0,0,100,2026-02-04 19:58:55.819091
SMMR,24.73,24.71,24.73,2370100.0,2238000.0,0,0,0,0,0,0,0,0,0,0,0,0,0,0,0,0,100,2026-02-04 19:58:55.819091
ATMN,25.94,25.94,26.12,2230000.0,2150100.0,0,0,0,0,0,0,0,0,0,0,0,0,0,0,0,0,100,2026-02-04 19:58:55.819091
WNTR,25.64,25.64,25.72,2211000.0,2163400.0,0,0,0,0,0,0,0,0,0,0,0,0,0,0,0,0,100,2026-02-04 19:58:55.819091
SPNG,25.42,25.19,25.26,2271500.0,2224600.0,0,0,0,0,0,0,0,0,0,0,0,0,0,0,0,0,101,2026-02-04 19:58:56.849661
SMMR,24.71,24.51,24.58,2358100.0,2232300.0,0,0,0,0,0,0,0,0,0,0,0,0,0,0,0,0,101,2026-02-04 19:58:56.849661
ATMN,25.94,25.94,26.12,2265900.0,2183400.0,0,0,0,0,0,0,0,0,0,0,0,0,0,0,0,0,101,2026-02-04 19:58:56.849661
WNTR,25.64,25.67,25.72,2226700.0,2163400.0,0,0,0,0,0,0,0,0,0,0,0,0,0,0,0,0,101,2026-02-04 19:58:56.849661
SPNG,25.42,25.19,25.26,2228300.0,2224600.0,0,0,0,0,0,0,0,0,0,0,0,0,0,0,0,0,102,2026-02-04 19:58:57.883123
SMMR,24.71,24.51,24.58,2429600.0,2232300.0,0,0,0,0,0,0,0,0,0,0,0,0,0,0,0,0,102,2026-02-04 19:58:57.883123
ATMN,26.12,25.94,26.12,2257800.0,2183400.0,0,0,0,0,0,0,0,0,0,0,0,0,0,0,0,0,102,2026-02-04 19:58:57.883123
WNTR,25.64,25.64,25.72,2229600.0,2161100.0,0,0,0,0,0,0,0,0,0,0,0,0,0,0,0,0,102,2026-02-04 19:58:57.883123
SPNG,25.19,25.19,25.92,2228300.0,2173300.0,0,0,0,0,0,0,0,0,0,0,0,0,0,0,0,0,103,2026-02-04 19:58:58.923672
SMMR,24.58,24.57,24.58,2443100.0,2232300.0,0,0,0,0,0,0,0,0,0,0,0,0,0,0,0,0,103,2026-02-04 19:58:58.923672
ATMN,25.94,26.04,26.12,2231500.0,2183400.0,0,0,0,0,0,0,0,0,0,0,0,0,0,0,0,0,103,2026-02-04 19:58:58.923672
WNTR,25.8,25.64,25.8,2251600.0,2137000.0,0,0,0,0,0,0,0,0,0,0,0,0,0,0,0,0,103,2026-02-04 19:58:58.923672
SPNG,25.21,25.66,25.92,2257100.0,2173300.0,0,0,0,0,0,0,0,0,0,0,0,0,0,0,0,0,104,2026-02-04 19:58:59.975301
SMMR,24.74,24.57,24.74,2434500.0,2239800.0,0,0,0,0,0,0,0,0,0,0,0,0,0,0,0,0,104,2026-02-04 19:58:59.975301
ATMN,26.04,25.94,26.02,2250900.0,2207800.0,0,0,0,0,0,0,0,0,0,0,0,0,0,0,0,0,104,2026-02-04 19:58:59.975301
WNTR,25.8,25.7,25.8,2249700.0,2120200.0,0,0,0,0,0,0,0,0,0,0,0,0,0,0,0,0,104,2026-02-04 19:58:59.975301
SPNG,25.66,25.19,25.43,2228300.0,2211800.0,0,0,0,0,0,0,0,0,0,0,0,0,0,0,0,0,105,2026-02-04 19:59:01.033240
SMMR,24.74,24.57,24.71,2434500.0,2268500.0,0,0,0,0,0,0,0,0,0,0,0,0,0,0,0,0,105,2026-02-04 19:59:01.033240
ATMN,26.27,25.94,26.27,2252000.0,2161900.0,0,0,0,0,0,0,0,0,0,0,0,0,0,0,0,0,105,2026-02-04 19:59:01.033240
WNTR,25.87,25.74,25.87,2277900.0,2151900.0,0,0,0,0,0,0,0,0,0,0,0,0,0,0,0,0,105,2026-02-04 19:59:01.033240
SPNG,25.92,25.75,25.92,2214100.0,2186800.0,0,0,0,0,0,0,0,0,0,0,0,0,0,0,0,0,106,2026-02-04 19:59:02.101903
SMMR,24.74,24.57,24.66,2434500.0,2285600.0,0,0,0,0,0,0,0,0,0,0,0,0,0,0,0,0,106,2026-02-04 19:59:02.101903
ATMN,26.29,25.94,26.01,2252000.0,2182000.0,0,0,0,0,0,0,0,0,0,0,0,0,0,0,0,0,106,2026-02-04 19:59:02.101903
WNTR,25.74,25.75,25.76,2249000.0,2164500.0,0,0,0,0,0,0,0,0,0,0,0,0,0,0,0,0,106,2026-02-04 19:59:02.101903
SPNG,25.75,25.75,25.92,2214100.0,2226900.0,0,0,0,0,0,0,0,0,0,0,0,0,0,0,0,0,107,2026-02-04 19:59:02.666235
SMMR,24.7,24.57,24.7,2434500.0,2330100.0,0,0,0,0,0,0,0,0,0,0,0,0,0,0,0,0,107,2026-02-04 19:59:02.666235
ATMN,26.29,26.29,26.3,2242700.0,2129300.0,0,0,0,0,0,0,0,0,0,0,0,0,0,0,0,0,107,2026-02-04 19:59:02.666235
WNTR,25.87,25.75,25.87,2249000.0,2128400.0,0,0,0,0,0,0,0,0,0,0,0,0,0,0,0,0,107,2026-02-04 19:59:02.666235
SPNG,25.75,25.75,25.77,2214100.0,2232300.0,0,0,0,0,0,0,0,0,0,0,0,0,0,0,0,0,108,2026-02-04 19:59:03.730355
SMMR,24.7,24.57,24.7,2434500.0,2330100.0,0,0,0,0,0,0,0,0,0,0,0,0,0,0,0,0,108,2026-02-04 19:59:03.730355
ATMN,25.93,25.93,26.3,2249700.0,2150900.0,0,0,0,0,0,0,0,0,0,0,0,0,0,0,0,0,108,2026-02-04 19:59:03.730355
WNTR,25.88,25.83,25.88,2239200.0,2118500.0,0,0,0,0,0,0,0,0,0,0,0,0,0,0,0,0,108,2026-02-04 19:59:03.730355
SPNG,25.66,25.66,25.72,2231100.0,2209800.0,0,0,0,0,0,0,0,0,0,0,0,0,0,0,0,0,109,2026-02-04 19:59:04.784018
SMMR,24.72,24.51,24.72,2420100.0,2330600.0,0,0,0,0,0,0,0,0,0,0,0,0,0,0,0,0,109,2026-02-04 19:59:04.784018
ATMN,26.02,26.03,26.3,2213200.0,2150900.0,0,0,0,0,0,0,0,0,0,0,0,0,0,0,0,0,109,2026-02-04 19:59:04.784018
WNTR,25.7,25.7,25.88,2249700.0,2118500.0,0,0,0,0,0,0,0,0,0,0,0,0,0,0,0,0,109,2026-02-04 19:59:04.784018
SPNG,25.66,25.41,25.54,2234900.0,2182700.0,0,0,0,0,0,0,0,0,0,0,0,0,0,0,0,0,110,2026-02-04 19:59:05.826834
SMMR,24.5,24.5,24.72,2396400.0,2343400.0,0,0,0,0,0,0,0,0,0,0,0,0,0,0,0,0,110,2026-02-04 19:59:05.826834
ATMN,26.02,26.03,26.06,2218800.0,2201500.0,0,0,0,0,0,0,0,0,0,0,0,0,0,0,0,0,110,2026-02-04 19:59:05.826834
WNTR,25.88,25.62,25.88,2267200.0,2114400.0,0,0,0,0,0,0,0,0,0,0,0,0,0,0,0,0,110,2026-02-04 19:59:05.826834
SPNG,25.44,25.44,25.72,2229300.0,2209800.0,0,0,0,0,0,0,0,0,0,0,0,0,0,0,0,0,111,2026-02-04 19:59:06.870129
SMMR,24.72,24.5,24.72,2396400.0,2343400.0,0,0,0,0,0,0,0,0,0,0,0,0,0,0,0,0,111,2026-02-04 19:59:06.870129
ATMN,26.06,26.29,26.3,2224500.0,2169700.0,0,0,0,0,0,0,0,0,0,0,0,0,0,0,0,0,111,2026-02-04 19:59:06.870129
WNTR,25.88,25.66,25.69,2233100.0,2115800.0,0,0,0,0,0,0,0,0,0,0,0,0,0,0,0,0,111,2026-02-04 19:59:06.870129
SPNG,25.41,25.41,25.77,2234900.0,2228000.0,0,0,0,0,0,0,0,0,0,0,0,0,0,0,0,0,112,2026-02-04 19:59:07.912285
SMMR,24.54,24.51,24.54,2400000.0,2368500.0,0,0,0,0,0,0,0,0,0,0,0,0,0,0,0,0,112,2026-02-04 19:59:07.912285
ATMN,26.03,26.03,26.3,2208600.0,2182200.0,0,0,0,0,0,0,0,0,0,0,0,0,0,0,0,0,112,2026-02-04 19:59:07.912285
WNTR,25.67,25.67,25.78,2238800.0,2138700.0,0,0,0,0,0,0,0,0,0,0,0,0,0,0,0,0,112,2026-02-04 19:59:07.912285
SPNG,25.17,25.17,25.43,2216700.0,2233100.0,0,0,0,0,0,0,0,0,0,0,0,0,0,0,0,0,113,2026-02-04 19:59:08.986269
SMMR,24.54,24.54,24.59,2358000.0,2314600.0,0,0,0,0,0,0,0,0,0,0,0,0,0,0,0,0,113,2026-02-04 19:59:08.986269
ATMN,26.03,26.03,26.3,2208600.0,2182200.0,0,0,0,0,0,0,0,0,0,0,0,0,0,0,0,0,113,2026-02-04 19:59:08.986269
WNTR,25.7,25.62,25.7,2249100.0,2124200.0,0,0,0,0,0,0,0,0,0,0,0,0,0,0,0,0,113,2026-02-04 19:59:08.986269
SPNG,25.43,25.17,25.43,2248500.0,2233100.0,0,0,0,0,0,0,0,0,0,0,0,0,0,0,0,0,114,2026-02-04 19:59:10.107118
SMMR,24.51,24.51,24.57,2385400.0,2307200.0,0,0,0,0,0,0,0,0,0,0,0,0,0,0,0,0,114,2026-02-04 19:59:10.107118
ATMN,25.99,25.99,26.12,2213900.0,2193200.0,0,0,0,0,0,0,0,0,0,0,0,0,0,0,0,0,114,2026-02-04 19:59:10.107118
WNTR,25.78,25.62,25.78,2228600.0,2127300.0,0,0,0,0,0,0,0,0,0,0,0,0,0,0,0,0,114,2026-02-04 19:59:10.107118
SPNG,25.81,25.17,25.81,2251100.0,2242900.0,0,0,0,0,0,0,0,0,0,0,0,0,0,0,0,0,115,2026-02-04 19:59:10.727780
SMMR,24.73,24.63,24.73,2353400.0,2334600.0,0,0,0,0,0,0,0,0,0,0,0,0,0,0,0,0,115,2026-02-04 19:59:10.727780
ATMN,25.99,25.99,26.12,2213900.0,2193200.0,0,0,0,0,0,0,0,0,0,0,0,0,0,0,0,0,115,2026-02-04 19:59:10.727780
WNTR,25.78,25.68,25.78,2202000.0,2137300.0,0,0,0,0,0,0,0,0,0,0,0,0,0,0,0,0,115,2026-02-04 19:59:10.727780
SPNG,25.17,25.17,25.8,2268500.0,2269800.0,0,0,0,0,0,0,0,0,0,0,0,0,0,0,0,0,116,2026-02-04 19:59:11.787824
SMMR,24.63,24.51,24.62,2384400.0,2355300.0,0,0,0,0,0,0,0,0,0,0,0,0,0,0,0,0,116,2026-02-04 19:59:11.787824
ATMN,26.06,26.06,26.11,2236900.0,2177400.0,0,0,0,0,0,0,0,0,0,0,0,0,0,0,0,0,116,2026-02-04 19:59:11.787824
WNTR,25.72,25.73,25.78,2237600.0,2137300.0,0,0,0,0,0,0,0,0,0,0,0,0,0,0,0,0,116,2026-02-04 19:59:11.787824
SPNG,25.17,25.18,25.68,2234400.0,2261500.0,0,0,0,0,0,0,0,0,0,0,0,0,0,0,0,0,117,2026-02-04 19:59:12.847522
SMMR,24.63,24.51,24.62,2397700.0,2363600.0,0,0,0,0,0,0,0,0,0,0,0,0,0,0,0,0,117,2026-02-04 19:59:12.847522
ATMN,25.99,25.99,26.11,2213900.0,2177400.0,0,0,0,0,0,0,0,0,0,0,0,0,0,0,0,0,117,2026-02-04 19:59:12.847522
WNTR,25.78,25.8,25.82,2219700.0,2135600.0,0,0,0,0,0,0,0,0,0,0,0,0,0,0,0,0,117,2026-02-04 19:59:12.847522
SPNG,25.17,25.17,25.83,2268500.0,2269400.0,0,0,0,0,0,0,0,0,0,0,0,0,0,0,0,0,118,2026-02-04 19:59:13.888333
SMMR,24.65,24.69,24.73,2430200.0,2334600.0,0,0,0,0,0,0,0,0,0,0,0,0,0,0,0,0,118,2026-02-04 19:59:13.888333
ATMN,26.12,26.03,26.12,2223800.0,2193200.0,0,0,0,0,0,0,0,0,0,0,0,0,0,0,0,0,118,2026-02-04 19:59:13.888333
WNTR,25.8,25.73,25.74,2238300.0,2183600.0,0,0,0,0,0,0,0,0,0,0,0,0,0,0,0,0,118,2026-02-04 19:59:13.888333
SPNG,25.17,25.17,25.83,2266300.0,2269400.0,0,0,0,0,0,0,0,0,0,0,0,0,0,0,0,0,119,2026-02-04 19:59:14.931041
SMMR,24.74,24.69,24.74,2420300.0,2301500.0,0,0,0,0,0,0,0,0,0,0,0,0,0,0,0,0,119,2026-02-04 19:59:14.931041
ATMN,26.03,26.03,26.12,2230500.0,2169400.0,0,0,0,0,0,0,0,0,0,0,0,0,0,0,0,0,119,2026-02-04 19:59:14.931041
WNTR,25.82,25.68,25.82,2225400.0,2172900.0,0,0,0,0,0,0,0,0,0,0,0,0,0,0,0,0,119,2026-02-04 19:59:14.931041
SPNG,25.17,25.13,25.15,956900.0,823600.0,0,0,0,0,0,0,0,0,0,0,0,0,0,0,0,0,120,2026-02-04 19:59:15.981036
SMMR,24.69,23.85,24.19,874800.0,901700.0,0,0,0,0,0,0,0,0,0,0,0,0,0,0,0,0,120,2026-02-04 19:59:15.981036
ATMN,25.93,23.04,23.78,985000.0,909700.0,0,0,0,0,0,0,0,0,0,0,0,0,0,0,0,0,120,2026-02-04 19:59:15.981036
WNTR,25.82,23.33,0.0,200000.0,,0,0,0,0,0,0,0,0,0,0,0,0,0,0,0,0,120,2026-02-04 19:59:15.981036
SPNG,25.15,25.3,26.85,1206800.0,805100.0,0,0,0,0,0,0,0,0,0,0,0,0,0,0,0,0,121,2026-02-04 19:59:17.061152
SMMR,24.69,23.85,24.0,874800.0,1243200.0,0,0,0,0,0,0,0,0,0,0,0,0,0,0,0,0,121,2026-02-04 19:59:17.061152
ATMN,23.04,23.04,23.27,1002900.0,1180800.0,0,0,0,0,0,0,0,0,0,0,0,0,0,0,0,0,121,2026-02-04 19:59:17.061152
WNTR,23.58,23.58,24.06,994000.0,1028900.0,0,0,0,0,0,0,0,0,0,0,0,0,0,0,0,0,121,2026-02-04 19:59:17.061152
SPNG,25.3,25.3,26.0,1206800.0,1011000.0,0,0,0,0,0,0,0,0,0,0,0,0,0,0,0,0,122,2026-02-04 19:59:18.152761
SMMR,23.64,23.64,23.79,961400.0,1480200.0,0,0,0,0,0,0,0,0,0,0,0,0,0,0,0,0,122,2026-02-04 19:59:18.152761
ATMN,22.96,22.96,23.27,1036000.0,1437000.0,0,0,0,0,0,0,0,0,0,0,0,0,0,0,0,0,122,2026-02-04 19:59:18.152761
WNTR,23.58,23.58,23.66,994000.0,1366700.0,0,0,0,0,0,0,0,0,0,0,0,0,0,0,0,0,122,2026-02-04 19:59:18.152761
SPNG,25.3,25.3,25.34,1206800.0,1244500.0,0,0,0,0,0,0,0,0,0,0,0,0,0,0,0,0,123,2026-02-04 19:59:18.762179
SMMR,23.64,23.64,23.72,961400.0,1746400.0,0,0,0,0,0,0,0,0,0,0,0,0,0,0,0,0,123,2026-02-04 19:59:18.762179
ATMN,23.27,22.41,23.27,1038300.0,1437000.0,0,0,0,0,0,0,0,0,0,0,0,0,0,0,0,0,123,2026-02-04 19:59:18.762179
WNTR,23.53,23.53,23.66,969100.0,1606500.0,0,0,0,0,0,0,0,0,0,0,0,0,0,0,0,0,123,2026-02-04 19:59:18.762179
SPNG,25.13,24.8,24.91,1019500.0,1457300.0,0,0,0,0,0,0,0,0,0,0,0,0,0,0,0,0,124,2026-02-04 19:59:19.838663
SMMR,23.22,23.48,23.72,1189800.0,1746400.0,0,0,0,0,0,0,0,0,0,0,0,0,0,0,0,0,124,2026-02-04 19:59:19.838663
ATMN,23.27,22.8,23.27,1163100.0,1668000.0,0,0,0,0,0,0,0,0,0,0,0,0,0,0,0,0,124,2026-02-04 19:59:19.838663
WNTR,23.33,23.33,23.41,996000.0,1735300.0,0,0,0,0,0,0,0,0,0,0,0,0,0,0,0,0,124,2026-02-04 19:59:19.838663
SPNG,25.32,24.8,25.28,1019500.0,1571100.0,0,0,0,0,0,0,0,0,0,0,0,0,0,0,0,0,125,2026-02-04 19:59:20.877535
SMMR,23.78,23.64,23.75,1301400.0,1716700.0,0,0,0,0,0,0,0,0,0,0,0,0,0,0,0,0,125,2026-02-04 19:59:20.877535
ATMN,23.27,22.81,23.19,1284100.0,1900900.0,0,0,0,0,0,0,0,0,0,0,0,0,0,0,0,0,125,2026-02-04 19:59:20.877535
WNTR,23.2,23.23,23.41,1097000.0,1865700.0,0,0,0,0,0,0,0,0,0,0,0,0,0,0,0,0,125,2026-02-04 19:59:20.877535
SPNG,25.32,25.15,25.28,1140800.0,1772800.0,0,0,0,0,0,0,0,0,0,0,0,0,0,0,0,0,126,2026-02-04 19:59:21.917387
SMMR,23.76,23.64,23.65,1301400.0,1980700.0,0,0,0,0,0,0,0,0,0,0,0,0,0,0,0,0,126,2026-02-04 19:59:21.917387
ATMN,23.19,22.81,23.19,1389000.0,2042500.0,0,0,0,0,0,0,0,0,0,0,0,0,0,0,0,0,126,2026-02-04 19:59:21.917387
WNTR,23.54,23.39,23.54,1215800.0,1873200.0,0,0,0,0,0,0,0,0,0,0,0,0,0,0,0,0,126,2026-02-04 19:59:21.917387
SPNG,25.34,24.8,25.34,1019500.0,1763100.0,0,0,0,0,0,0,0,0,0,0,0,0,0,0,0,0,127,2026-02-04 19:59:22.956254
SMMR,23.64,23.64,23.65,1301400.0,2226100.0,0,0,0,0,0,0,0,0,0,0,0,0,0,0,0,0,127,2026-02-04 19:59:22.956254
ATMN,23.28,22.81,23.28,1389000.0,1510500.0,0,0,0,0,0,0,0,0,0,0,0,0,0,0,0,0,127,2026-02-04 19:59:22.956254
WNTR,23.39,23.39,23.43,1313900.0,1983100.0,0,0,0,0,0,0,0,0,0,0,0,0,0,0,0,0,127,2026-02-04 19:59:22.956254
SPNG,25.57,24.87,25.36,1149000.0,1867500.0,0,0,0,0,0,0,0,0,0,0,0,0,0,0,0,0,128,2026-02-04 19:59:23.996666
SMMR,23.22,23.58,23.65,1258900.0,2226100.0,0,0,0,0,0,0,0,0,0,0,0,0,0,0,0,0,128,2026-02-04 19:59:23.996666
ATMN,23.11,22.81,23.08,1389000.0,1628600.0,0,0,0,0,0,0,0,0,0,0,0,0,0,0,0,0,128,2026-02-04 19:59:23.996666
WNTR,23.05,23.05,23.33,1261600.0,2094900.0,0,0,0,0,0,0,0,0,0,0,0,0,0,0,0,0,128,2026-02-04 19:59:23.996666
SPNG,24.8,24.8,25.36,1275400.0,1867500.0,0,0,0,0,0,0,0,0,0,0,0,0,0,0,0,0,129,2026-02-04 19:59:25.031570
SMMR,23.22,23.58,23.63,1370200.0,2384800.0,0,0,0,0,0,0,0,0,0,0,0,0,0,0,0,0,129,2026-02-04 19:59:25.031570
ATMN,23.12,22.81,22.95,1389000.0,1789100.0,0,0,0,0,0,0,0,0,0,0,0,0,0,0,0,0,129,2026-02-04 19:59:25.031570
WNTR,23.05,23.13,23.33,1612900.0,2094900.0,0,0,0,0,0,0,0,0,0,0,0,0,0,0,0,0,129,2026-02-04 19:59:25.031570
SPNG,24.8,24.8,25.36,1275400.0,1968200.0,0,0,0,0,0,0,0,0,0,0,0,0,0,0,0,0,130,2026-02-04 19:59:26.068155
SMMR,23.63,23.58,23.63,1704600.0,2384800.0,0,0,0,0,0,0,0,0,0,0,0,0,0,0,0,0,130,2026-02-04 19:59:26.068155
ATMN,22.81,23.08,23.28,1521000.0,1641600.0,0,0,0,0,0,0,0,0,0,0,0,0,0,0,0,0,130,2026-02-04 19:59:26.068155
WNTR,23.43,23.28,23.43,1750700.0,1983100.0,0,0,0,0,0,0,0,0,0,0,0,0,0,0,0,0,130,2026-02-04 19:59:26.068155
SPNG,24.8,25.03,25.36,1406600.0,1968200.0,0,0,0,0,0,0,0,0,0,0,0,0,0,0,0,0,131,2026-02-04 19:59:27.109914
SMMR,23.63,23.58,23.63,2051900.0,2384800.0,0,0,0,0,0,0,0,0,0,0,0,0,0,0,0,0,131,2026-02-04 19:59:27.109914
ATMN,23.08,23.08,23.28,1521000.0,1922700.0,0,0,0,0,0,0,0,0,0,0,0,0,0,0,0,0,131,2026-02-04 19:59:27.109914
WNTR,23.28,23.28,23.31,1896100.0,2084500.0,0,0,0,0,0,0,0,0,0,0,0,0,0,0,0,0,131,2026-02-04 19:59:27.109914
SPNG,25.03,25.03,25.17,1406600.0,2074800.0,0,0,0,0,0,0,0,0,0,0,0,0,0,0,0,0,132,2026-02-04 19:59:28.163071
SMMR,23.63,23.64,23.65,2292400.0,2356900.0,0,0,0,0,0,0,0,0,0,0,0,0,0,0,0,0,132,2026-02-04 19:59:28.163071
ATMN,22.81,23.03,23.17,1501600.0,2030500.0,0,0,0,0,0,0,0,0,0,0,0,0,0,0,0,0,132,2026-02-04 19:59:28.163071
WNTR,23.31,23.23,23.31,2019900.0,2084500.0,0,0,0,0,0,0,0,0,0,0,0,0,0,0,0,0,132,2026-02-04 19:59:28.163071
SPNG,25.17,24.42,25.17,1269700.0,2074800.0,0,0,0,0,0,0,0,0,0,0,0,0,0,0,0,0,133,2026-02-04 19:59:29.226773
SMMR,23.58,23.58,23.65,2065700.0,2356900.0,0,0,0,0,0,0,0,0,0,0,0,0,0,0,0,0,133,2026-02-04 19:59:29.226773
ATMN,22.81,23.03,23.17,1501600.0,2398900.0,0,0,0,0,0,0,0,0,0,0,0,0,0,0,0,0,133,2026-02-04 19:59:29.226773
WNTR,23.31,23.37,23.43,2278300.0,2117400.0,0,0,0,0,0,0,0,0,0,0,0,0,0,0,0,0,133,2026-02-04 19:59:29.226773
SPNG,25.45,24.98,25.16,1487900.0,2087600.0,0,0,0,0,0,0,0,0,0,0,0,0,0,0,0,0,134,2026-02-04 19:59:30.275452
SMMR,23.54,23.54,23.78,2202600.0,2230300.0,0,0,0,0,0,0,0,0,0,0,0,0,0,0,0,0,134,2026-02-04 19:59:30.275452
ATMN,22.85,22.9,23.11,1531000.0,2431700.0,0,0,0,0,0,0,0,0,0,0,0,0,0,0,0,0,134,2026-02-04 19:59:30.275452
WNTR,23.31,23.37,23.43,2491400.0,2353900.0,0,0,0,0,0,0,0,0,0,0,0,0,0,0,0,0,134,2026-02-04 19:59:30.275452
SPNG,24.98,24.42,24.82,1388400.0,2137500.0,0,0,0,0,0,0,0,0,0,0,0,0,0,0,0,0,135,2026-02-04 19:59:30.833141
SMMR,23.54,23.54,23.73,2202600.0,2338600.0,0,0,0,0,0,0,0,0,0,0,0,0,0,0,0,0,135,2026-02-04 19:59:30.833141
ATMN,22.85,22.9,23.02,1651400.0,2479500.0,0,0,0,0,0,0,0,0,0,0,0,0,0,0,0,0,135,2026-02-04 19:59:30.833141
WNTR,23.44,23.37,23.44,2491400.0,2347400.0,0,0,0,0,0,0,0,0,0,0,0,0,0,0,0,0,135,2026-02-04 19:59:30.833141
SPNG,24.33,24.33,25.16,1453600.0,2104100.0,0,0,0,0,0,0,0,0,0,0,0,0,0,0,0,0,136,2026-02-04 19:59:31.867667
SMMR,23.54,23.54,23.61,2433400.0,2351200.0,0,0,0,0,0,0,0,0,0,0,0,0,0,0,0,0,136,2026-02-04 19:59:31.867667
ATMN,22.85,22.9,22.96,1651400.0,2524200.0,0,0,0,0,0,0,0,0,0,0,0,0,0,0,0,0,136,2026-02-04 19:59:31.867667
WNTR,23.37,23.37,23.49,2491400.0,2211000.0,0,0,0,0,0,0,0,0,0,0,0,0,0,0,0,0,136,2026-02-04 19:59:31.867667
SPNG,25.11,24.33,24.9,1563600.0,2131800.0,0,0,0,0,0,0,0,0,0,0,0,0,0,0,0,0,137,2026-02-04 19:59:32.899814
SMMR,23.61,23.64,23.73,2433300.0,2338600.0,0,0,0,0,0,0,0,0,0,0,0,0,0,0,0,0,137,2026-02-04 19:59:32.899814
ATMN,22.88,22.88,22.96,1743900.0,2524200.0,0,0,0,0,0,0,0,0,0,0,0,0,0,0,0,0,137,2026-02-04 19:59:32.899814
WNTR,23.37,23.37,23.49,2453500.0,2365800.0,0,0,0,0,0,0,0,0,0,0,0,0,0,0,0,0,137,2026-02-04 19:59:32.899814
SPNG,25.11,24.35,24.9,1977100.0,2131800.0,0,0,0,0,0,0,0,0,0,0,0,0,0,0,0,0,138,2026-02-04 19:59:33.939675
SMMR,23.78,23.64,23.78,2422500.0,2230300.0,0,0,0,0,0,0,0,0,0,0,0,0,0,0,0,0,138,2026-02-04 19:59:33.939675
ATMN,22.8,22.8,22.96,1644000.0,2505600.0,0,0,0,0,0,0,0,0,0,0,0,0,0,0,0,0,138,2026-02-04 19:59:33.939675
WNTR,23.37,23.37,23.49,2457000.0,2369000.0,0,0,0,0,0,0,0,0,0,0,0,0,0,0,0,0,138,2026-02-04 19:59:33.939675
SPNG,24.35,24.35,25.16,2128100.0,2104100.0,0,0,0,0,0,0,0,0,0,0,0,0,0,0,0,0,139,2026-02-04 19:59:34.978596
SMMR,23.64,23.64,23.71,2392500.0,2340100.0,0,0,0,0,0,0,0,0,0,0,0,0,0,0,0,0,139,2026-02-04 19:59:34.978596
ATMN,22.68,22.68,23.02,1308600.0,2497600.0,0,0,0,0,0,0,0,0,0,0,0,0,0,0,0,0,139,2026-02-04 19:59:34.978596
WNTR,23.37,23.37,23.49,2457000.0,2367800.0,0,0,0,0,0,0,0,0,0,0,0,0,0,0,0,0,139,2026-02-04 19:59:34.978596
SPNG,25.16,25.03,25.16,2357700.0,2104100.0,0,0,0,0,0,0,0,0,0,0,0,0,0,0,0,0,140,2026-02-04 19:59:36.019685
SMMR,23.79,23.82,23.84,2373700.0,2077000.0,0,0,0,0,0,0,0,0,0,0,0,0,0,0,0,0,140,2026-02-04 19:59:36.019685
ATMN,23.11,22.93,23.11,1428000.0,2477600.0,0,0,0,0,0,0,0,0,0,0,0,0,0,0,0,0,140,2026-02-04 19:59:36.019685
WNTR,23.49,23.29,23.49,2475400.0,2346700.0,0,0,0,0,0,0,0,0,0,0,0,0,0,0,0,0,140,2026-02-04 19:59:36.019685
SPNG,25.16,25.03,25.16,2357700.0,2166000.0,0,0,0,0,0,0,0,0,0,0,0,0,0,0,0,0,141,2026-02-04 19:59:37.063575
SMMR,23.84,23.63,23.67,2372600.0,2194000.0,0,0,0,0,0,0,0,0,0,0,0,0,0,0,0,0,141,2026-02-04 19:59:37.063575
ATMN,23.11,23.08,23.11,1574100.0,2479600.0,0,0,0,0,0,0,0,0,0,0,0,0,0,0,0,0,141,2026-02-04 19:59:37.063575
WNTR,23.47,23.23,23.47,2517600.0,2366300.0,0,0,0,0,0,0,0,0,0,0,0,0,0,0,0,0,141,2026-02-04 19:59:37.063575
SPNG,25.37,24.35,25.37,2448100.0,2160300.0,0,0,0,0,0,0,0,0,0,0,0,0,0,0,0,0,142,2026-02-04 19:59:38.100963
SMMR,23.67,23.63,23.67,2338300.0,2194000.0,0,0,0,0,0,0,0,0,0,0,0,0,0,0,0,0,142,2026-02-04 19:59:38.100963
ATMN,23.08,23.08,23.1,1574100.0,2498300.0,0,0,0,0,0,0,0,0,0,0,0,0,0,0,0,0,142,2026-02-04 19:59:38.100963
WNTR,23.23,23.16,23.2,2490700.0,2381400.0,0,0,0,0,0,0,0,0,0,0,0,0,0,0,0,0,142,2026-02-04 19:59:38.100963
SPNG,25.37,25.24,25.37,2701600.0,2144400.0,0,0,0,0,0,0,0,0,0,0,0,0,0,0,0,0,143,2026-02-04 19:59:39.137248
SMMR,23.63,23.6,23.61,2371000.0,2355800.0,0,0,0,0,0,0,0,0,0,0,0,0,0,0,0,0,143,2026-02-04 19:59:39.137248
ATMN,23.16,22.68,23.16,1308600.0,2494100.0,0,0,0,0,0,0,0,0,0,0,0,0,0,0,0,0,143,2026-02-04 19:59:39.137248
WNTR,23.2,23.26,23.47,2470900.0,2366300.0,0,0,0,0,0,0,0,0,0,0,0,0,0,0,0,0,143,2026-02-04 19:59:39.137248
SPNG,24.81,25.08,25.37,2705800.0,2182300.0,0,0,0,0,0,0,0,0,0,0,0,0,0,0,0,0,144,2026-02-04 19:59:40.199211
SMMR,23.75,23.6,23.75,2354000.0,2206200.0,0,0,0,0,0,0,0,0,0,0,0,0,0,0,0,0,144,2026-02-04 19:59:40.199211
ATMN,22.84,22.84,23.16,1721300.0,2494100.0,0,0,0,0,0,0,0,0,0,0,0,0,0,0,0,0,144,2026-02-04 19:59:40.199211
WNTR,23.26,23.16,23.26,2445400.0,2359500.0,0,0,0,0,0,0,0,0,0,0,0,0,0,0,0,0,144,2026-02-04 19:59:40.199211
SPNG,24.81,25.08,25.11,2705800.0,2180500.0,0,0,0,0,0,0,0,0,0,0,0,0,0,0,0,0,145,2026-02-04 19:59:41.254457
SMMR,23.7,23.6,23.7,2354000.0,2327200.0,0,0,0,0,0,0,0,0,0,0,0,0,0,0,0,0,145,2026-02-04 19:59:41.254457
ATMN,22.84,22.68,22.84,1573200.0,2510600.0,0,0,0,0,0,0,0,0,0,0,0,0,0,0,0,0,145,2026-02-04 19:59:41.254457
WNTR,23.26,23.16,23.26,2415000.0,2359500.0,0,0,0,0,0,0,0,0,0,0,0,0,0,0,0,0,145,2026-02-04 19:59:41.254457
SPNG,24.81,25.08,25.11,2705800.0,2169300.0,0,0,0,0,0,0,0,0,0,0,0,0,0,0,0,0,146,2026-02-04 19:59:42.308774
SMMR,23.7,23.7,23.75,2358400.0,2343500.0,0,0,0,0,0,0,0,0,0,0,0,0,0,0,0,0,146,2026-02-04 19:59:42.308774
ATMN,22.84,23.06,23.16,1826400.0,2494100.0,0,0,0,0,0,0,0,0,0,0,0,0,0,0,0,0,146,2026-02-04 19:59:42.308774
WNTR,23.32,23.22,23.23,2438200.0,2374400.0,0,0,0,0,0,0,0,0,0,0,0,0,0,0,0,0,146,2026-02-04 19:59:42.308774
SPNG,25.08,24.71,24.72,2698500.0,2242000.0,0,0,0,0,0,0,0,0,0,0,0,0,0,0,0,0,147,2026-02-04 19:59:43.353782
SMMR,23.59,23.56,23.59,2429100.0,2420000.0,0,0,0,0,0,0,0,0,0,0,0,0,0,0,0,0,147,2026-02-04 19:59:43.353782
ATMN,23.01,22.81,23.01,1696400.0,2461000.0,0,0,0,0,0,0,0,0,0,0,0,0,0,0,0,0,147,2026-02-04 19:59:43.353782
WNTR,23.32,23.22,23.23,2402900.0,2374400.0,0,0,0,0,0,0,0,0,0,0,0,0,0,0,0,0,147,2026-02-04 19:59:43.353782
SPNG,25.08,24.71,24.72,2536100.0,2242000.0,0,0,0,0,0,0,0,0,0,0,0,0,0,0,0,0,148,2026-02-04 19:59:43.913369
SMMR,23.56,23.56,23.59,2426600.0,2420000.0,0,0,0,0,0,0,0,0,0,0,0,0,0,0,0,0,148,2026-02-04 19:59:43.913369
ATMN,23.01,22.88,23.01,1813300.0,2475000.0,0,0,0,0,0,0,0,0,0,0,0,0,0,0,0,0,148,2026-02-04 19:59:43.913369
WNTR,23.22,23.22,23.23,2377400.0,2374400.0,0,0,0,0,0,0,0,0,0,0,0,0,0,0,0,0,148,2026-02-04 19:59:43.913369
SPNG,24.72,25.09,25.11,2453600.0,2230100.0,0,0,0,0,0,0,0,0,0,0,0,0,0,0,0,0,149,2026-02-04 19:59:44.978880
SMMR,23.63,23.56,23.63,2398100.0,2409200.0,0,0,0,0,0,0,0,0,0,0,0,0,0,0,0,0,149,2026-02-04 19:59:44.978880
ATMN,22.81,22.99,23.01,1951900.0,2489100.0,0,0,0,0,0,0,0,0,0,0,0,0,0,0,0,0,149,2026-02-04 19:59:44.978880
WNTR,23.32,23.22,23.32,2377300.0,2332100.0,0,0,0,0,0,0,0,0,0,0,0,0,0,0,0,0,149,2026-02-04 19:59:44.978880
SPNG,24.71,24.71,25.11,2495900.0,2256100.0,0,0,0,0,0,0,0,0,0,0,0,0,0,0,0,0,150,2026-02-04 19:59:46.081277
SMMR,23.56,23.56,23.64,2409200.0,2406300.0,0,0,0,0,0,0,0,0,0,0,0,0,0,0,0,0,150,2026-02-04 19:59:46.081277
ATMN,22.81,22.99,23.01,1951900.0,2501500.0,0,0,0,0,0,0,0,0,0,0,0,0,0,0,0,0,150,2026-02-04 19:59:46.081277
WNTR,23.39,23.4,23.47,2359500.0,2366300.0,0,0,0,0,0,0,0,0,0,0,0,0,0,0,0,0,150,2026-02-04 19:59:46.081277
SPNG,25.09,24.71,25.03,2495900.0,2245200.0,0,0,0,0,0,0,0,0,0,0,0,0,0,0,0,0,151,2026-02-04 19:59:47.132323
SMMR,23.64,23.65,23.72,2438100.0,2379800.0,0,0,0,0,0,0,0,0,0,0,0,0,0,0,0,0,151,2026-02-04 19:59:47.132323
ATMN,23.02,22.99,23.02,2102500.0,2480100.0,0,0,0,0,0,0,0,0,0,0,0,0,0,0,0,0,151,2026-02-04 19:59:47.132323
WNTR,23.51,23.4,23.48,2359500.0,2408300.0,0,0,0,0,0,0,0,0,0,0,0,0,0,0,0,0,151,2026-02-04 19:59:47.132323
SPNG,25.09,24.71,25.03,2426000.0,2245200.0,0,0,0,0,0,0,0,0,0,0,0,0,0,0,0,0,152,2026-02-04 19:59:48.175992
SMMR,23.65,23.56,23.57,2409200.0,2399800.0,0,0,0,0,0,0,0,0,0,0,0,0,0,0,0,0,152,2026-02-04 19:59:48.175992
ATMN,23.07,22.86,23.07,1989700.0,2494700.0,0,0,0,0,0,0,0,0,0,0,0,0,0,0,0,0,152,2026-02-04 19:59:48.175992
WNTR,23.34,23.34,23.46,2319600.0,2415900.0,0,0,0,0,0,0,0,0,0,0,0,0,0,0,0,0,152,2026-02-04 19:59:48.175992
SPNG,25.11,24.71,25.11,2421300.0,2229500.0,0,0,0,0,0,0,0,0,0,0,0,0,0,0,0,0,153,2026-02-04 19:59:49.293080
SMMR,23.72,23.63,23.72,2367400.0,2379800.0,0,0,0,0,0,0,0,0,0,0,0,0,0,0,0,0,153,2026-02-04 19:59:49.293080
ATMN,22.86,22.81,22.84,2119800.0,2501000.0,0,0,0,0,0,0,0,0,0,0,0,0,0,0,0,0,153,2026-02-04 19:59:49.293080
WNTR,23.48,23.45,23.48,2314100.0,2409900.0,0,0,0,0,0,0,0,0,0,0,0,0,0,0,0,0,153,2026-02-04 19:59:49.293080
SPNG,25.06,24.71,24.83,2421300.0,2259200.0,0,0,0,0,0,0,0,0,0,0,0,0,0,0,0,0,154,2026-02-04 19:59:50.407560
SMMR,23.75,23.54,23.75,2369600.0,2340400.0,0,0,0,0,0,0,0,0,0,0,0,0,0,0,0,0,154,2026-02-04 19:59:50.407560
ATMN,22.81,22.78,22.81,2103900.0,2499200.0,0,0,0,0,0,0,0,0,0,0,0,0,0,0,0,0,154,2026-02-04 19:59:50.407560
WNTR,23.5,23.45,23.5,2314100.0,2374400.0,0,0,0,0,0,0,0,0,0,0,0,0,0,0,0,0,154,2026-02-04 19:59:50.407560
SPNG,25.11,24.71,25.11,2437400.0,2229500.0,0,0,0,0,0,0,0,0,0,0,0,0,0,0,0,0,155,2026-02-04 19:59:50.964023
SMMR,23.54,23.63,23.75,2361400.0,2340400.0,0,0,0,0,0,0,0,0,0,0,0,0,0,0,0,0,155,2026-02-04 19:59:50.964023
ATMN,22.86,22.78,22.86,2103900.0,2517200.0,0,0,0,0,0,0,0,0,0,0,0,0,0,0,0,0,155,2026-02-04 19:59:50.964023
WNTR,23.5,23.45,23.5,2320300.0,2374400.0,0,0,0,0,0,0,0,0,0,0,0,0,0,0,0,0,155,2026-02-04 19:59:50.964023
SPNG,24.66,24.82,25.11,2411100.0,2229500.0,0,0,0,0,0,0,0,0,0,0,0,0,0,0,0,0,156,2026-02-04 19:59:52.077269
SMMR,23.54,23.54,23.75,2369600.0,2328900.0,0,0,0,0,0,0,0,0,0,0,0,0,0,0,0,0,156,2026-02-04 19:59:52.077269
ATMN,22.78,22.78,22.86,2368100.0,2534500.0,0,0,0,0,0,0,0,0,0,0,0,0,0,0,0,0,156,2026-02-04 19:59:52.077269
WNTR,23.5,23.45,23.5,2295800.0,2435200.0,0,0,0,0,0,0,0,0,0,0,0,0,0,0,0,0,156,2026-02-04 19:59:52.077269
SPNG,24.68,24.92,25.11,2409400.0,2229500.0,0,0,0,0,0,0,0,0,0,0,0,0,0,0,0,0,157,2026-02-04 19:59:53.122854
SMMR,23.54,23.54,23.68,2387000.0,2353500.0,0,0,0,0,0,0,0,0,0,0,0,0,0,0,0,0,157,2026-02-04 19:59:53.122854
ATMN,22.78,22.78,22.85,2505300.0,2535500.0,0,0,0,0,0,0,0,0,0,0,0,0,0,0,0,0,157,2026-02-04 19:59:53.122854
WNTR,23.45,23.4,23.43,2309600.0,2466500.0,0,0,0,0,0,0,0,0,0,0,0,0,0,0,0,0,157,2026-02-04 19:59:53.122854
SPNG,25.12,24.64,25.12,2432700.0,2228400.0,0,0,0,0,0,0,0,0,0,0,0,0,0,0,0,0,158,2026-02-04 19:59:54.207374
SMMR,23.54,23.64,23.68,2381700.0,2370200.0,0,0,0,0,0,0,0,0,0,0,0,0,0,0,0,0,158,2026-02-04 19:59:54.207374
ATMN,22.78,22.78,22.85,2648800.0,2535500.0,0,0,0,0,0,0,0,0,0,0,0,0,0,0,0,0,158,2026-02-04 19:59:54.207374
WNTR,23.34,23.34,23.43,2319600.0,2458400.0,0,0,0,0,0,0,0,0,0,0,0,0,0,0,0,0,158,2026-02-04 19:59:54.207374
SPNG,25.12,24.97,25.12,2405700.0,2218200.0,0,0,0,0,0,0,0,0,0,0,0,0,0,0,0,0,159,2026-02-04 19:59:55.299281
SMMR,23.68,23.64,23.68,2381700.0,2356700.0,0,0,0,0,0,0,0,0,0,0,0,0,0,0,0,0,159,2026-02-04 19:59:55.299281
ATMN,22.78,22.78,22.85,2633900.0,2509800.0,0,0,0,0,0,0,0,0,0,0,0,0,0,0,0,0,159,2026-02-04 19:59:55.299281
WNTR,23.28,23.28,23.43,2307500.0,2450900.0,0,0,0,0,0,0,0,0,0,0,0,0,0,0,0,0,159,2026-02-04 19:59:55.299281
SPNG,25.12,24.97,25.12,2405700.0,2203500.0,0,0,0,0,0,0,0,0,0,0,0,0,0,0,0,0,160,2026-02-04 19:59:56.378472
SMMR,23.64,23.64,23.69,2381700.0,2333400.0,0,0,0,0,0,0,0,0,0,0,0,0,0,0,0,0,160,2026-02-04 19:59:56.378472
ATMN,22.78,22.78,22.85,2633900.0,2478900.0,0,0,0,0,0,0,0,0,0,0,0,0,0,0,0,0,160,2026-02-04 19:59:56.378472
WNTR,23.43,23.28,23.36,2329400.0,2446500.0,0,0,0,0,0,0,0,0,0,0,0,0,0,0,0,0,160,2026-02-04 19:59:56.378472
SPNG,24.97,24.97,25.12,2405700.0,2203500.0,0,0,0,0,0,0,0,0,0,0,0,0,0,0,0,0,161,2026-02-04 19:59:57.441291
SMMR,23.53,23.53,23.69,2379300.0,2332200.0,0,0,0,0,0,0,0,0,0,0,0,0,0,0,0,0,161,2026-02-04 19:59:57.441291
ATMN,22.7,22.7,22.72,2593100.0,2449300.0,0,0,0,0,0,0,0,0,0,0,0,0,0,0,0,0,161,2026-02-04 19:59:57.441291
WNTR,23.36,23.38,23.43,2278400.0,2450900.0,0,0,0,0,0,0,0,0,0,0,0,0,0,0,0,0,161,2026-02-04 19:59:57.441291
SPNG,25.12,24.97,25.12,2405700.0,2167400.0,0,0,0,0,0,0,0,0,0,0,0,0,0,0,0,0,162,2026-02-04 19:59:57.981223
SMMR,23.69,23.69,23.75,2374200.0,2349700.0,0,0,0,0,0,0,0,0,0,0,0,0,0,0,0,0,162,2026-02-04 19:59:57.981223
ATMN,22.66,22.66,22.72,2657100.0,2449300.0,0,0,0,0,0,0,0,0,0,0,0,0,0,0,0,0,162,2026-02-04 19:59:57.981223
WNTR,23.36,23.38,23.43,2278400.0,2420600.0,0,0,0,0,0,0,0,0,0,0,0,0,0,0,0,0,162,2026-02-04 19:59:57.981223
SPNG,24.97,24.64,24.69,2432700.0,2234500.0,0,0,0,0,0,0,0,0,0,0,0,0,0,0,0,0,163,2026-02-04 19:59:59.016111
SMMR,23.77,23.53,23.77,2371400.0,2377600.0,0,0,0,0,0,0,0,0,0,0,0,0,0,0,0,0,163,2026-02-04 19:59:59.016111
ATMN,22.85,22.66,22.85,2657100.0,2478900.0,0,0,0,0,0,0,0,0,0,0,0,0,0,0,0,0,163,2026-02-04 19:59:59.016111
WNTR,23.36,23.42,23.43,2281400.0,2441800.0,0,0,0,0,0,0,0,0,0,0,0,0,0,0,0,0,163,2026-02-04 19:59:59.016111
SPNG,24.97,24.64,24.69,2434900.0,2234500.0,0,0,0,0,0,0,0,0,0,0,0,0,0,0,0,0,164,2026-02-04 20:00:00.048609
SMMR,23.78,23.52,23.78,2341700.0,2368400.0,0,0,0,0,0,0,0,0,0,0,0,0,0,0,0,0,164,2026-02-04 20:00:00.048609
ATMN,22.93,22.66,22.93,2658600.0,2522000.0,0,0,0,0,0,0,0,0,0,0,0,0,0,0,0,0,164,2026-02-04 20:00:00.048609
WNTR,23.44,23.42,23.44,2281400.0,2431300.0,0,0,0,0,0,0,0,0,0,0,0,0,0,0,0,0,164,2026-02-04 20:00:00.048609
SPNG,25.12,24.64,25.12,2414500.0,2194400.0,0,0,0,0,0,0,0,0,0,0,0,0,0,0,0,0,165,2026-02-04 20:00:01.079998
SMMR,23.78,23.52,23.59,2341700.0,2367100.0,0,0,0,0,0,0,0,0,0,0,0,0,0,0,0,0,165,2026-02-04 20:00:01.079998
ATMN,22.63,22.63,22.67,2656000.0,2525200.0,0,0,0,0,0,0,0,0,0,0,0,0,0,0,0,0,165,2026-02-04 20:00:01.079998
WNTR,23.35,23.35,23.44,2312400.0,2429700.0,0,0,0,0,0,0,0,0,0,0,0,0,0,0,0,0,165,2026-02-04 20:00:01.079998
SPNG,25.19,24.72,25.19,2425600.0,2179700.0,0,0,0,0,0,0,0,0,0,0,0,0,0,0,0,0,166,2026-02-04 20:00:02.107362
SMMR,23.59,23.63,23.78,2372300.0,2368200.0,0,0,0,0,0,0,0,0,0,0,0,0,0,0,0,0,166,2026-02-04 20:00:02.107362
ATMN,22.93,22.65,22.93,2637300.0,2522000.0,0,0,0,0,0,0,0,0,0,0,0,0,0,0,0,0,166,2026-02-04 20:00:02.107362
WNTR,23.3,23.3,23.44,2269300.0,2429700.0,0,0,0,0,0,0,0,0,0,0,0,0,0,0,0,0,166,2026-02-04 20:00:02.107362
SPNG,24.72,24.72,25.17,2425600.0,2190800.0,0,0,0,0,0,0,0,0,0,0,0,0,0,0,0,0,167,2026-02-04 20:00:03.134763
SMMR,23.63,23.63,23.67,2345500.0,2341800.0,0,0,0,0,0,0,0,0,0,0,0,0,0,0,0,0,167,2026-02-04 20:00:03.134763
ATMN,22.65,22.65,22.93,2637300.0,2483100.0,0,0,0,0,0,0,0,0,0,0,0,0,0,0,0,0,167,2026-02-04 20:00:03.134763
WNTR,23.35,23.3,23.35,2266100.0,2451900.0,0,0,0,0,0,0,0,0,0,0,0,0,0,0,0,0,167,2026-02-04 20:00:03.134763
SPNG,24.72,24.92,25.17,2416400.0,2190800.0,0,0,0,0,0,0,0,0,0,0,0,0,0,0,0,0,168,2026-02-04 20:00:04.173448
SMMR,23.57,23.57,23.67,2358700.0,2341500.0,0,0,0,0,0,0,0,0,0,0,0,0,0,0,0,0,168,2026-02-04 20:00:04.173448
ATMN,22.99,22.65,22.99,2637300.0,2521300.0,0,0,0,0,0,0,0,0,0,0,0,0,0,0,0,0,168,2026-02-04 20:00:04.173448
WNTR,23.35,23.37,23.44,2299200.0,2423300.0,0,0,0,0,0,0,0,0,0,0,0,0,0,0,0,0,168,2026-02-04 20:00:04.173448
SPNG,24.99,24.72,24.83,2425600.0,2219700.0,0,0,0,0,0,0,0,0,0,0,0,0,0,0,0,0,169,2026-02-04 20:00:05.207107
SMMR,23.67,23.6,23.67,2333400.0,2341500.0,0,0,0,0,0,0,0,0,0,0,0,0,0,0,0,0,169,2026-02-04 20:00:05.207107
ATMN,22.61,22.61,22.87,2504700.0,2489100.0,0,0,0,0,0,0,0,0,0,0,0,0,0,0,0,0,169,2026-02-04 20:00:05.207107
WNTR,23.25,23.25,23.29,2312800.0,2418600.0,0,0,0,0,0,0,0,0,0,0,0,0,0,0,0,0,169,2026-02-04 20:00:05.207107
SPNG,24.83,25.06,25.17,2429800.0,2221000.0,0,0,0,0,0,0,0,0,0,0,0,0,0,0,0,0,170,2026-02-04 20:00:06.254665
SMMR,23.67,23.63,23.67,2338700.0,2341500.0,0,0,0,0,0,0,0,0,0,0,0,0,0,0,0,0,170,2026-02-04 20:00:06.254665
ATMN,22.54,22.54,22.87,2266600.0,2529100.0,0,0,0,0,0,0,0,0,0,0,0,0,0,0,0,0,170,2026-02-04 20:00:06.254665
WNTR,23.29,23.22,23.29,2315700.0,2442100.0,0,0,0,0,0,0,0,0,0,0,0,0,0,0,0,0,170,2026-02-04 20:00:06.254665
SPNG,25.06,25.06,25.17,2429800.0,2245500.0,0,0,0,0,0,0,0,0,0,0,0,0,0,0,0,0,171,2026-02-04 20:00:07.330639
SMMR,23.67,23.67,23.73,2372300.0,2357200.0,0,0,0,0,0,0,0,0,0,0,0,0,0,0,0,0,171,2026-02-04 20:00:07.330639
ATMN,22.54,22.85,22.87,2368200.0,2563100.0,0,0,0,0,0,0,0,0,0,0,0,0,0,0,0,0,171,2026-02-04 20:00:07.330639
WNTR,23.19,23.19,23.29,2293800.0,2411200.0,0,0,0,0,0,0,0,0,0,0,0,0,0,0,0,0,171,2026-02-04 20:00:07.330639
SPNG,25.17,24.79,25.17,2438500.0,2245500.0,0,0,0,0,0,0,0,0,0,0,0,0,0,0,0,0,172,2026-02-04 20:00:08.417671
SMMR,23.67,23.67,23.72,2372300.0,2401900.0,0,0,0,0,0,0,0,0,0,0,0,0,0,0,0,0,172,2026-02-04 20:00:08.417671
ATMN,22.87,22.74,22.87,2239800.0,2574500.0,0,0,0,0,0,0,0,0,0,0,0,0,0,0,0,0,172,2026-02-04 20:00:08.417671
WNTR,23.19,23.23,23.26,2293400.0,2403500.0,0,0,0,0,0,0,0,0,0,0,0,0,0,0,0,0,172,2026-02-04 20:00:08.417671
SPNG,25.19,24.79,25.19,2438500.0,2218700.0,0,0,0,0,0,0,0,0,0,0,0,0,0,0,0,0,173,2026-02-04 20:00:09.458711
SMMR,23.67,23.6,23.66,2347400.0,2393200.0,0,0,0,0,0,0,0,0,0,0,0,0,0,0,0,0,173,2026-02-04 20:00:09.458711
ATMN,22.74,22.74,22.87,2239800.0,2559300.0,0,0,0,0,0,0,0,0,0,0,0,0,0,0,0,0,173,2026-02-04 20:00:09.458711
WNTR,23.29,23.3,23.35,2311900.0,2440200.0,0,0,0,0,0,0,0,0,0,0,0,0,0,0,0,0,173,2026-02-04 20:00:09.458711
SPNG,25.19,24.64,25.19,2434400.0,2198500.0,0,0,0,0,0,0,0,0,0,0,0,0,0,0,0,0,174,2026-02-04 20:00:10.505900
SMMR,23.72,23.6,23.72,2347400.0,2377500.0,0,0,0,0,0,0,0,0,0,0,0,0,0,0,0,0,174,2026-02-04 20:00:10.505900
ATMN,22.74,22.74,22.87,2239800.0,2636800.0,0,0,0,0,0,0,0,0,0,0,0,0,0,0,0,0,174,2026-02-04 20:00:10.505900
WNTR,23.29,23.3,23.34,2303000.0,2429300.0,0,0,0,0,0,0,0,0,0,0,0,0,0,0,0,0,174,2026-02-04 20:00:10.505900
SPNG,25.19,25.04,25.19,2445900.0,2198500.0,0,0,0,0,0,0,0,0,0,0,0,0,0,0,0,0,175,2026-02-04 20:00:11.052097
SMMR,23.72,23.63,23.72,2372000.0,2354600.0,0,0,0,0,0,0,0,0,0,0,0,0,0,0,0,0,175,2026-02-04 20:00:11.052097
ATMN,22.74,22.48,22.64,2228700.0,2625500.0,0,0,0,0,0,0,0,0,0,0,0,0,0,0,0,0,175,2026-02-04 20:00:11.052097
WNTR,23.34,23.3,23.34,2303000.0,2429300.0,0,0,0,0,0,0,0,0,0,0,0,0,0,0,0,0,175,2026-02-04 20:00:11.052097
SPNG,25.2,24.59,25.2,2436400.0,2176000.0,0,0,0,0,0,0,0,0,0,0,0,0,0,0,0,0,176,2026-02-04 20:00:12.092171
SMMR,23.67,23.67,23.72,2388200.0,2354600.0,0,0,0,0,0,0,0,0,0,0,0,0,0,0,0,0,176,2026-02-04 20:00:12.092171
ATMN,22.93,22.69,22.93,2374200.0,2598700.0,0,0,0,0,0,0,0,0,0,0,0,0,0,0,0,0,176,2026-02-04 20:00:12.092171
WNTR,23.35,23.3,23.35,2282200.0,2429700.0,0,0,0,0,0,0,0,0,0,0,0,0,0,0,0,0,176,2026-02-04 20:00:12.092171
SPNG,25.2,24.81,25.2,2445500.0,2176000.0,0,0,0,0,0,0,0,0,0,0,0,0,0,0,0,0,177,2026-02-04 20:00:13.149090
SMMR,23.73,23.67,23.73,2383800.0,2341200.0,0,0,0,0,0,0,0,0,0,0,0,0,0,0,0,0,177,2026-02-04 20:00:13.149090
ATMN,22.69,22.69,22.93,2374200.0,2622400.0,0,0,0,0,0,0,0,0,0,0,0,0,0,0,0,0,177,2026-02-04 20:00:13.149090
WNTR,23.35,23.3,23.35,2299300.0,2432000.0,0,0,0,0,0,0,0,0,0,0,0,0,0,0,0,0,177,2026-02-04 20:00:13.149090
SPNG,24.59,25.03,25.2,2412400.0,2176000.0,0,0,0,0,0,0,0,0,0,0,0,0,0,0,0,0,178,2026-02-04 20:00:14.193398
SMMR,23.81,23.67,23.81,2383800.0,2323200.0,0,0,0,0,0,0,0,0,0,0,0,0,0,0,0,0,178,2026-02-04 20:00:14.193398
ATMN,22.68,22.48,22.68,2363500.0,2651500.0,0,0,0,0,0,0,0,0,0,0,0,0,0,0,0,0,178,2026-02-04 20:00:14.193398
WNTR,23.46,23.3,23.39,2299300.0,2411900.0,0,0,0,0,0,0,0,0,0,0,0,0,0,0,0,0,178,2026-02-04 20:00:14.193398
SPNG,24.59,25.03,25.2,2412400.0,2197600.0,0,0,0,0,0,0,0,0,0,0,0,0,0,0,0,0,179,2026-02-04 20:00:15.238787
SMMR,23.67,23.63,23.65,2371600.0,2343100.0,0,0,0,0,0,0,0,0,0,0,0,0,0,0,0,0,179,2026-02-04 20:00:15.238787
ATMN,22.68,22.91,22.93,2588900.0,2622400.0,0,0,0,0,0,0,0,0,0,0,0,0,0,0,0,0,179,2026-02-04 20:00:15.238787
WNTR,23.39,23.3,23.39,2279700.0,2411900.0,0,0,0,0,0,0,0,0,0,0,0,0,0,0,0,0,179,2026-02-04 20:00:15.238787
SPNG,24.88,24.88,24.95,994700.0,862400.0,0,0,0,0,0,0,0,0,0,0,0,0,0,0,0,0,180,2026-02-04 20:00:16.331106
SMMR,25.05,24.23,24.47,814400.0,1010900.0,0,0,0,0,0,0,0,0,0,0,0,0,0,0,0,0,180,2026-02-04 20:00:16.331106
ATMN,24.03,23.23,23.92,749800.0,772600.0,0,0,0,0,0,0,0,0,0,0,0,0,0,0,0,0,180,2026-02-04 20:00:16.331106
WNTR,25.34,24.34,24.5,694000.0,757100.0,0,0,0,0,0,0,0,0,0,0,0,0,0,0,0,0,180,2026-02-04 20:00:16.331106
SPNG,24.72,24.72,24.95,998200.0,937700.0,0,0,0,0,0,0,0,0,0,0,0,0,0,0,0,0,181,2026-02-04 20:00:17.462803
SMMR,24.23,24.23,24.28,943300.0,1223200.0,0,0,0,0,0,0,0,0,0,0,0,0,0,0,0,0,181,2026-02-04 20:00:17.462803
ATMN,24.6,23.67,24.25,1153000.0,911800.0,0,0,0,0,0,0,0,0,0,0,0,0,0,0,0,0,181,2026-02-04 20:00:17.462803
WNTR,24.5,24.5,24.66,1283100.0,809200.0,0,0,0,0,0,0,0,0,0,0,0,0,0,0,0,0,181,2026-02-04 20:00:17.462803
SPNG,24.72,24.72,24.95,1458800.0,937700.0,0,0,0,0,0,0,0,0,0,0,0,0,0,0,0,0,182,2026-02-04 20:00:18.538612
SMMR,24.28,24.28,24.35,1078100.0,1254600.0,0,0,0,0,0,0,0,0,0,0,0,0,0,0,0,0,182,2026-02-04 20:00:18.538612
ATMN,24.6,23.67,24.18,1153000.0,1022900.0,0,0,0,0,0,0,0,0,0,0,0,0,0,0,0,0,182,2026-02-04 20:00:18.538612
WNTR,24.68,24.58,24.68,1518600.0,806600.0,0,0,0,0,0,0,0,0,0,0,0,0,0,0,0,0,182,2026-02-04 20:00:18.538612
SPNG,24.72,24.72,24.95,1576300.0,937700.0,0,0,0,0,0,0,0,0,0,0,0,0,0,0,0,0,183,2026-02-04 20:00:19.588214
SMMR,24.14,24.01,24.13,1253700.0,1367600.0,0,0,0,0,0,0,0,0,0,0,0,0,0,0,0,0,183,2026-02-04 20:00:19.588214
ATMN,23.8,23.67,23.78,1278900.0,1022900.0,0,0,0,0,0,0,0,0,0,0,0,0,0,0,0,0,183,2026-02-04 20:00:19.588214
WNTR,24.88,25.28,25.38,1883100.0,918100.0,0,0,0,0,0,0,0,0,0,0,0,0,0,0,0,0,183,2026-02-04 20:00:19.588214
SPNG,24.72,24.78,24.95,1764300.0,937700.0,0,0,0,0,0,0,0,0,0,0,0,0,0,0,0,0,184,2026-02-04 20:00:20.160194
SMMR,24.0,24.0,24.13,1141700.0,1475700.0,0,0,0,0,0,0,0,0,0,0,0,0,0,0,0,0,184,2026-02-04 20:00:20.160194
ATMN,25.53,23.67,24.73,1278900.0,930000.0,0,0,0,0,0,0,0,0,0,0,0,0,0,0,0,0,184,2026-02-04 20:00:20.160194
WNTR,25.38,25.28,25.38,1883100.0,1025100.0,0,0,0,0,0,0,0,0,0,0,0,0,0,0,0,0,184,2026-02-04 20:00:20.160194
SPNG,24.72,24.72,24.95,1886200.0,937700.0,0,0,0,0,0,0,0,0,0,0,0,0,0,0,0,0,185,2026-02-04 20:00:21.208234
SMMR,24.0,24.12,24.13,1509000.0,1475700.0,0,0,0,0,0,0,0,0,0,0,0,0,0,0,0,0,185,2026-02-04 20:00:21.208234
ATMN,23.84,23.92,24.13,1407900.0,1182700.0,0,0,0,0,0,0,0,0,0,0,0,0,0,0,0,0,185,2026-02-04 20:00:21.208234
WNTR,25.43,25.28,25.43,2066400.0,900500.0,0,0,0,0,0,0,0,0,0,0,0,0,0,0,0,0,185,2026-02-04 20:00:21.208234
SPNG,24.95,24.72,24.95,2154400.0,937700.0,0,0,0,0,0,0,0,0,0,0,0,0,0,0,0,0,186,2026-02-04 20:00:22.247909
SMMR,24.12,24.0,24.05,1407000.0,1597300.0,0,0,0,0,0,0,0,0,0,0,0,0,0,0,0,0,186,2026-02-04 20:00:22.247909
ATMN,24.13,23.92,24.13,1533800.0,1311100.0,0,0,0,0,0,0,0,0,0,0,0,0,0,0,0,0,186,2026-02-04 20:00:22.247909
WNTR,25.43,25.35,25.41,2273300.0,996000.0,0,0,0,0,0,0,0,0,0,0,0,0,0,0,0,0,186,2026-02-04 20:00:22.247909
SPNG,24.95,24.72,24.95,2154400.0,1235400.0,0,0,0,0,0,0,0,0,0,0,0,0,0,0,0,0,187,2026-02-04 20:00:23.289897
SMMR,24.1,24.22,24.3,1677500.0,1362700.0,0,0,0,0,0,0,0,0,0,0,0,0,0,0,0,0,187,2026-02-04 20:00:23.289897
ATMN,24.17,23.92,24.17,1533800.0,1182700.0,0,0,0,0,0,0,0,0,0,0,0,0,0,0,0,0,187,2026-02-04 20:00:23.289897
WNTR,25.28,25.28,25.41,2262700.0,996000.0,0,0,0,0,0,0,0,0,0,0,0,0,0,0,0,0,187,2026-02-04 20:00:23.289897
SPNG,24.56,24.68,24.95,2250800.0,1235400.0,0,0,0,0,0,0,0,0,0,0,0,0,0,0,0,0,188,2026-02-04 20:00:24.372383
SMMR,24.22,24.22,24.26,1785200.0,1590200.0,0,0,0,0,0,0,0,0,0,0,0,0,0,0,0,0,188,2026-02-04 20:00:24.372383
ATMN,24.17,24.17,24.18,1765900.0,1180600.0,0,0,0,0,0,0,0,0,0,0,0,0,0,0,0,0,188,2026-02-04 20:00:24.372383
WNTR,25.28,25.28,25.41,2245400.0,996000.0,0,0,0,0,0,0,0,0,0,0,0,0,0,0,0,0,188,2026-02-04 20:00:24.372383
SPNG,24.95,25.1,25.12,2318800.0,1217800.0,0,0,0,0,0,0,0,0,0,0,0,0,0,0,0,0,189,2026-02-04 20:00:25.432161
SMMR,24.0,24.0,24.25,1647000.0,1698200.0,0,0,0,0,0,0,0,0,0,0,0,0,0,0,0,0,189,2026-02-04 20:00:25.432161
ATMN,24.17,24.02,24.09,1880400.0,1278000.0,0,0,0,0,0,0,0,0,0,0,0,0,0,0,0,0,189,2026-02-04 20:00:25.432161
WNTR,25.27,25.29,25.39,2282900.0,1117800.0,0,0,0,0,0,0,0,0,0,0,0,0,0,0,0,0,189,2026-02-04 20:00:25.432161
SPNG,24.95,25.1,25.12,2318800.0,1562800.0,0,0,0,0,0,0,0,0,0,0,0,0,0,0,0,0,190,2026-02-04 20:00:26.483764
SMMR,24.0,24.03,24.22,1858200.0,1821700.0,0,0,0,0,0,0,0,0,0,0,0,0,0,0,0,0,190,2026-02-04 20:00:26.483764
ATMN,24.18,24.02,24.18,2171700.0,1180600.0,0,0,0,0,0,0,0,0,0,0,0,0,0,0,0,0,190,2026-02-04 20:00:26.483764
WNTR,25.27,25.29,25.39,2277400.0,1117800.0,0,0,0,0,0,0,0,0,0,0,0,0,0,0,0,0,190,2026-02-04 20:00:26.483764
SPNG,25.12,24.68,25.12,2383800.0,1675400.0,0,0,0,0,0,0,0,0,0,0,0,0,0,0,0,0,191,2026-02-04 20:00:27.527739
SMMR,24.26,24.2,24.26,1962800.0,1590200.0,0,0,0,0,0,0,0,0,0,0,0,0,0,0,0,0,191,2026-02-04 20:00:27.527739
ATMN,24.17,24.17,24.73,2311300.0,1054300.0,0,0,0,0,0,0,0,0,0,0,0,0,0,0,0,0,191,2026-02-04 20:00:27.527739
WNTR,25.43,25.48,25.54,2295600.0,890900.0,0,0,0,0,0,0,0,0,0,0,0,0,0,0,0,0,191,2026-02-04 20:00:27.527739
SPNG,24.59,25.07,25.12,2383900.0,1770600.0,0,0,0,0,0,0,0,0,0,0,0,0,0,0,0,0,192,2026-02-04 20:00:28.565474
SMMR,24.03,24.03,24.07,1984100.0,1724300.0,0,0,0,0,0,0,0,0,0,0,0,0,0,0,0,0,192,2026-02-04 20:00:28.565474
ATMN,24.17,24.17,24.32,2432600.0,1260000.0,0,0,0,0,0,0,0,0,0,0,0,0,0,0,0,0,192,2026-02-04 20:00:28.565474
WNTR,25.43,25.43,25.54,2289200.0,1020000.0,0,0,0,0,0,0,0,0,0,0,0,0,0,0,0,0,192,2026-02-04 20:00:28.565474
SPNG,25.07,24.69,24.99,2332000.0,1872700.0,0,0,0,0,0,0,0,0,0,0,0,0,0,0,0,0,193,2026-02-04 20:00:29.595986
SMMR,24.07,24.03,24.07,2245100.0,1724300.0,0,0,0,0,0,0,0,0,0,0,0,0,0,0,0,0,193,2026-02-04 20:00:29.595986
ATMN,24.02,24.02,24.32,2415300.0,1395300.0,0,0,0,0,0,0,0,0,0,0,0,0,0,0,0,0,193,2026-02-04 20:00:29.595986
WNTR,25.52,25.43,25.52,2289200.0,1239700.0,0,0,0,0,0,0,0,0,0,0,0,0,0,0,0,0,193,2026-02-04 20:00:29.595986
SPNG,25.16,24.61,25.16,2402800.0,1783300.0,0,0,0,0,0,0,0,0,0,0,0,0,0,0,0,0,194,2026-02-04 20:00:30.634600
SMMR,24.3,24.32,24.35,2517400.0,1368400.0,0,0,0,0,0,0,0,0,0,0,0,0,0,0,0,0,194,2026-02-04 20:00:30.634600
ATMN,24.32,24.17,24.32,2513800.0,1498500.0,0,0,0,0,0,0,0,0,0,0,0,0,0,0,0,0,194,2026-02-04 20:00:30.634600
WNTR,25.52,25.43,25.44,2289200.0,1526100.0,0,0,0,0,0,0,0,0,0,0,0,0,0,0,0,0,194,2026-02-04 20:00:30.634600
SPNG,25.16,24.61,24.73,2402800.0,2004600.0,0,0,0,0,0,0,0,0,0,0,0,0,0,0,0,0,195,2026-02-04 20:00:31.165100
SMMR,24.3,24.32,24.35,2517400.0,1606900.0,0,0,0,0,0,0,0,0,0,0,0,0,0,0,0,0,195,2026-02-04 20:00:31.165100
ATMN,24.29,24.17,24.19,2466000.0,1611100.0,0,0,0,0,0,0,0,0,0,0,0,0,0,0,0,0,195,2026-02-04 20:00:31.165100
WNTR,25.43,25.4,25.41,2298100.0,1559800.0,0,0,0,0,0,0,0,0,0,0,0,0,0,0,0,0,195,2026-02-04 20:00:31.165100
SPNG,24.94,24.61,24.94,2336100.0,1888100.0,0,0,0,0,0,0,0,0,0,0,0,0,0,0,0,0,196,2026-02-04 20:00:32.221624
SMMR,24.12,24.2,24.29,2524700.0,1738000.0,0,0,0,0,0,0,0,0,0,0,0,0,0,0,0,0,196,2026-02-04 20:00:32.221624
ATMN,24.29,24.17,24.19,2437000.0,1611100.0,0,0,0,0,0,0,0,0,0,0,0,0,0,0,0,0,196,2026-02-04 20:00:32.221624
WNTR,25.41,25.41,25.51,2314000.0,1436800.0,0,0,0,0,0,0,0,0,0,0,0,0,0,0,0,0,196,2026-02-04 20:00:32.221624
SPNG,25.2,24.61,25.2,2336100.0,1555900.0,0,0,0,0,0,0,0,0,0,0,0,0,0,0,0,0,197,2026-02-04 20:00:33.262363
SMMR,24.12,24.2,24.22,2505100.0,1964900.0,0,0,0,0,0,0,0,0,0,0,0,0,0,0,0,0,197,2026-02-04 20:00:33.262363
ATMN,24.32,24.33,24.38,2466900.0,1385300.0,0,0,0,0,0,0,0,0,0,0,0,0,0,0,0,0,197,2026-02-04 20:00:33.262363
WNTR,25.54,25.42,25.54,2300700.0,1215200.0,0,0,0,0,0,0,0,0,0,0,0,0,0,0,0,0,197,2026-02-04 20:00:33.262363
SPNG,24.61,24.61,25.2,2312700.0,1555900.0,0,0,0,0,0,0,0,0,0,0,0,0,0,0,0,0,198,2026-02-04 20:00:34.307701
SMMR,24.26,24.2,24.26,2505100.0,2205800.0,0,0,0,0,0,0,0,0,0,0,0,0,0,0,0,0,198,2026-02-04 20:00:34.307701
ATMN,24.45,24.26,24.45,2464000.0,1359900.0,0,0,0,0,0,0,0,0,0,0,0,0,0,0,0,0,198,2026-02-04 20:00:34.307701
WNTR,25.54,25.49,25.54,2262800.0,1215200.0,0,0,0,0,0,0,0,0,0,0,0,0,0,0,0,0,198,2026-02-04 20:00:34.307701
SPNG,24.61,24.61,25.2,2320100.0,1770800.0,0,0,0,0,0,0,0,0,0,0,0,0,0,0,0,0,199,2026-02-04 20:00:35.359769
SMMR,24.1,24.1,24.27,2516300.0,2084700.0,0,0,0,0,0,0,0,0,0,0,0,0,0,0,0,0,199,2026-02-04 20:00:35.359769
ATMN,24.6,24.26,24.38,2464000.0,1495200.0,0,0,0,0,0,0,0,0,0,0,0,0,0,0,0,0,199,2026-02-04 20:00:35.359769
WNTR,25.56,25.49,25.56,2262800.0,1338400.0,0,0,0,0,0,0,0,0,0,0,0,0,0,0,0,0,199,2026-02-04 20:00:35.359769
SPNG,24.61,24.61,24.83,2345100.0,1897200.0,0,0,0,0,0,0,0,0,0,0,0,0,0,0,0,0,200,2026-02-04 20:00:36.454977
SMMR,24.1,24.21,24.27,2539700.0,2333000.0,0,0,0,0,0,0,0,0,0,0,0,0,0,0,0,0,200,2026-02-04 20:00:36.454977
ATMN,24.26,24.17,24.22,2438400.0,1635500.0,0,0,0,0,0,0,0,0,0,0,0,0,0,0,0,0,200,2026-02-04 20:00:36.454977
WNTR,25.58,25.46,25.52,2298800.0,1427100.0,0,0,0,0,0,0,0,0,0,0,0,0,0,0,0,0,200,2026-02-04 20:00:36.454977
SPNG,24.83,25.11,25.2,2364200.0,1770800.0,0,0,0,0,0,0,0,0,0,0,0,0,0,0,0,0,201,2026-02-04 20:00:37.537238
SMMR,24.12,24.12,24.27,2535200.0,2466000.0,0,0,0,0,0,0,0,0,0,0,0,0,0,0,0,0,201,2026-02-04 20:00:37.537238
ATMN,24.73,24.17,24.73,2468200.0,1250000.0,0,0,0,0,0,0,0,0,0,0,0,0,0,0,0,0,201,2026-02-04 20:00:37.537238
WNTR,25.58,25.48,25.54,2283300.0,1440300.0,0,0,0,0,0,0,0,0,0,0,0,0,0,0,0,0,201,2026-02-04 20:00:37.537238
SPNG,24.93,25.09,25.2,2349300.0,1878500.0,0,0,0,0,0,0,0,0,0,0,0,0,0,0,0,0,202,2026-02-04 20:00:38.578427
SMMR,24.24,24.24,24.27,2510400.0,2453500.0,0,0,0,0,0,0,0,0,0,0,0,0,0,0,0,0,202,2026-02-04 20:00:38.578427
ATMN,24.1,24.1,24.14,2483800.0,1493000.0,0,0,0,0,0,0,0,0,0,0,0,0,0,0,0,0,202,2026-02-04 20:00:38.578427
WNTR,25.54,25.48,25.54,2272700.0,1440300.0,0,0,0,0,0,0,0,0,0,0,0,0,0,0,0,0,202,2026-02-04 20:00:38.578427
SPNG,24.93,25.09,25.2,2349300.0,2094600.0,0,0,0,0,0,0,0,0,0,0,0,0,0,0,0,0,203,2026-02-04 20:00:39.627747
SMMR,24.1,24.17,24.27,2509500.0,2460800.0,0,0,0,0,0,0,0,0,0,0,0,0,0,0,0,0,203,2026-02-04 20:00:39.627747
ATMN,24.14,24.1,24.14,2488500.0,1627300.0,0,0,0,0,0,0,0,0,0,0,0,0,0,0,0,0,203,2026-02-04 20:00:39.627747
WNTR,25.54,25.48,25.54,2255600.0,1547800.0,0,0,0,0,0,0,0,0,0,0,0,0,0,0,0,0,203,2026-02-04 20:00:39.627747
SPNG,24.98,24.61,24.98,2345100.0,2132900.0,0,0,0,0,0,0,0,0,0,0,0,0,0,0,0,0,204,2026-02-04 20:00:40.700744
SMMR,24.1,24.21,24.27,2460900.0,2467200.0,0,0,0,0,0,0,0,0,0,0,0,0,0,0,0,0,204,2026-02-04 20:00:40.700744
ATMN,24.03,24.03,24.41,2496000.0,1503600.0,0,0,0,0,0,0,0,0,0,0,0,0,0,0,0,0,204,2026-02-04 20:00:40.700744
WNTR,25.62,25.53,25.62,2222600.0,1221800.0,0,0,0,0,0,0,0,0,0,0,0,0,0,0,0,0,204,2026-02-04 20:00:40.700744
SPNG,24.98,24.61,24.95,2345100.0,2144400.0,0,0,0,0,0,0,0,0,0,0,0,0,0,0,0,0,205,2026-02-04 20:00:41.259328
SMMR,24.17,24.17,24.27,2434900.0,2467200.0,0,0,0,0,0,0,0,0,0,0,0,0,0,0,0,0,205,2026-02-04 20:00:41.259328
ATMN,24.03,24.2,24.41,2483600.0,1618500.0,0,0,0,0,0,0,0,0,0,0,0,0,0,0,0,0,205,2026-02-04 20:00:41.259328
WNTR,25.67,25.53,25.67,2222600.0,1008400.0,0,0,0,0,0,0,0,0,0,0,0,0,0,0,0,0,205,2026-02-04 20:00:41.259328
SPNG,24.98,24.74,24.81,2343900.0,2172600.0,0,0,0,0,0,0,0,0,0,0,0,0,0,0,0,0,206,2026-02-04 20:00:42.301192
SMMR,24.27,24.27,24.28,2446700.0,2480200.0,0,0,0,0,0,0,0,0,0,0,0,0,0,0,0,0,206,2026-02-04 20:00:42.301192
ATMN,24.41,24.42,24.45,2524700.0,1484200.0,0,0,0,0,0,0,0,0,0,0,0,0,0,0,0,0,206,2026-02-04 20:00:42.301192
WNTR,25.67,25.66,25.67,2216400.0,1102800.0,0,0,0,0,0,0,0,0,0,0,0,0,0,0,0,0,206,2026-02-04 20:00:42.301192
SPNG,25.2,24.74,25.2,2343900.0,2118900.0,0,0,0,0,0,0,0,0,0,0,0,0,0,0,0,0,207,2026-02-04 20:00:43.340689
SMMR,24.28,24.1,24.28,2414700.0,2480200.0,0,0,0,0,0,0,0,0,0,0,0,0,0,0,0,0,207,2026-02-04 20:00:43.340689
ATMN,24.02,24.02,24.45,2503300.0,1592600.0,0,0,0,0,0,0,0,0,0,0,0,0,0,0,0,0,207,2026-02-04 20:00:43.340689
WNTR,25.66,25.66,25.67,2216400.0,1448200.0,0,0,0,0,0,0,0,0,0,0,0,0,0,0,0,0,207,2026-02-04 20:00:43.340689
SPNG,25.02,24.74,24.9,2345400.0,2113200.0,0,0,0,0,0,0,0,0,0,0,0,0,0,0,0,0,208,2026-02-04 20:00:44.383072
SMMR,24.29,24.18,24.29,2346800.0,2448400.0,0,0,0,0,0,0,0,0,0,0,0,0,0,0,0,0,208,2026-02-04 20:00:44.383072
ATMN,24.45,24.22,24.45,2492200.0,1697100.0,0,0,0,0,0,0,0,0,0,0,0,0,0,0,0,0,208,2026-02-04 20:00:44.383072
WNTR,25.69,25.57,25.69,2219400.0,1333500.0,0,0,0,0,0,0,0,0,0,0,0,0,0,0,0,0,208,2026-02-04 20:00:44.383072
SPNG,25.3,24.74,25.02,2345400.0,2127800.0,0,0,0,0,0,0,0,0,0,0,0,0,0,0,0,0,209,2026-02-04 20:00:45.452729
SMMR,24.29,24.1,24.29,2392800.0,2437400.0,0,0,0,0,0,0,0,0,0,0,0,0,0,0,0,0,209,2026-02-04 20:00:45.452729
ATMN,24.22,24.22,24.45,2492200.0,1915300.0,0,0,0,0,0,0,0,0,0,0,0,0,0,0,0,0,209,2026-02-04 20:00:45.452729
WNTR,25.53,25.66,25.69,2252800.0,1333500.0,0,0,0,0,0,0,0,0,0,0,0,0,0,0,0,0,209,2026-02-04 20:00:45.452729
SPNG,25.02,24.74,25.02,2345400.0,2134600.0,0,0,0,0,0,0,0,0,0,0,0,0,0,0,0,0,210,2026-02-04 20:00:46.604259
SMMR,24.29,24.2,24.29,2368500.0,2458000.0,0,0,0,0,0,0,0,0,0,0,0,0,0,0,0,0,210,2026-02-04 20:00:46.604259
ATMN,23.99,23.99,24.4,2508100.0,2036300.0,0,0,0,0,0,0,0,0,0,0,0,0,0,0,0,0,210,2026-02-04 20:00:46.604259
WNTR,25.58,25.53,25.58,2232600.0,1569900.0,0,0,0,0,0,0,0,0,0,0,0,0,0,0,0,0,210,2026-02-04 20:00:46.604259
SPNG,25.17,24.74,25.17,2341300.0,2108000.0,0,0,0,0,0,0,0,0,0,0,0,0,0,0,0,0,211,2026-02-04 20:00:47.694708
SMMR,24.32,24.2,24.32,2368500.0,2467000.0,0,0,0,0,0,0,0,0,0,0,0,0,0,0,0,0,211,2026-02-04 20:00:47.694708
ATMN,23.99,24.26,24.4,2516100.0,2251400.0,0,0,0,0,0,0,0,0,0,0,0,0,0,0,0,0,211,2026-02-04 20:00:47.694708
WNTR,25.69,25.54,25.69,2224800.0,1448600.0,0,0,0,0,0,0,0,0,0,0,0,0,0,0,0,0,211,2026-02-04 20:00:47.694708
SPNG,24.61,24.61,25.17,2339200.0,2108000.0,0,0,0,0,0,0,0,0,0,0,0,0,0,0,0,0,212,2026-02-04 20:00:48.741903
SMMR,24.12,24.12,24.32,2387000.0,2467000.0,0,0,0,0,0,0,0,0,0,0,0,0,0,0,0,0,212,2026-02-04 20:00:48.741903
ATMN,24.26,24.26,24.29,2516100.0,2283400.0,0,0,0,0,0,0,0,0,0,0,0,0,0,0,0,0,212,2026-02-04 20:00:48.741903
WNTR,25.55,25.54,25.55,2224800.0,1554600.0,0,0,0,0,0,0,0,0,0,0,0,0,0,0,0,0,212,2026-02-04 20:00:48.741903
SPNG,24.53,24.53,25.17,2309600.0,2108000.0,0,0,0,0,0,0,0,0,0,0,0,0,0,0,0,0,213,2026-02-04 20:00:49.280239
SMMR,24.12,24.28,24.32,2358800.0,2476200.0,0,0,0,0,0,0,0,0,0,0,0,0,0,0,0,0,213,2026-02-04 20:00:49.280239
ATMN,24.26,24.26,24.29,2502800.0,2283400.0,0,0,0,0,0,0,0,0,0,0,0,0,0,0,0,0,213,2026-02-04 20:00:49.280239
WNTR,25.55,25.56,25.63,2222000.0,1571500.0,0,0,0,0,0,0,0,0,0,0,0,0,0,0,0,0,213,2026-02-04 20:00:49.280239
SPNG,25.17,25.18,25.3,2276400.0,2092600.0,0,0,0,0,0,0,0,0,0,0,0,0,0,0,0,0,214,2026-02-04 20:00:50.334071
SMMR,24.28,24.28,24.32,2358800.0,2478400.0,0,0,0,0,0,0,0,0,0,0,0,0,0,0,0,0,214,2026-02-04 20:00:50.334071
ATMN,24.09,24.26,24.29,2493000.0,2283400.0,0,0,0,0,0,0,0,0,0,0,0,0,0,0,0,0,214,2026-02-04 20:00:50.334071
WNTR,25.63,25.56,25.63,2209200.0,1571500.0,0,0,0,0,0,0,0,0,0,0,0,0,0,0,0,0,214,2026-02-04 20:00:50.334071
SPNG,25.17,25.18,25.3,2276400.0,2193300.0,0,0,0,0,0,0,0,0,0,0,0,0,0,0,0,0,215,2026-02-04 20:00:51.386127
SMMR,24.04,24.04,24.32,2478900.0,2448300.0,0,0,0,0,0,0,0,0,0,0,0,0,0,0,0,0,215,2026-02-04 20:00:51.386127
ATMN,24.03,24.11,24.29,2504800.0,2288400.0,0,0,0,0,0,0,0,0,0,0,0,0,0,0,0,0,215,2026-02-04 20:00:51.386127
WNTR,25.63,25.54,25.63,2214600.0,1571500.0,0,0,0,0,0,0,0,0,0,0,0,0,0,0,0,0,215,2026-02-04 20:00:51.386127
SPNG,24.98,25.01,25.3,2311000.0,2193300.0,0,0,0,0,0,0,0,0,0,0,0,0,0,0,0,0,216,2026-02-04 20:00:52.439783
SMMR,24.04,24.21,24.32,2450700.0,2438000.0,0,0,0,0,0,0,0,0,0,0,0,0,0,0,0,0,216,2026-02-04 20:00:52.439783
ATMN,24.03,24.11,24.13,2520700.0,2276400.0,0,0,0,0,0,0,0,0,0,0,0,0,0,0,0,0,216,2026-02-04 20:00:52.439783
WNTR,25.63,25.54,25.63,2192700.0,1669900.0,0,0,0,0,0,0,0,0,0,0,0,0,0,0,0,0,216,2026-02-04 20:00:52.439783
SPNG,25.01,24.59,24.69,2288600.0,2198700.0,0,0,0,0,0,0,0,0,0,0,0,0,0,0,0,0,217,2026-02-04 20:00:53.555466
SMMR,24.26,24.26,24.32,2444900.0,2435900.0,0,0,0,0,0,0,0,0,0,0,0,0,0,0,0,0,217,2026-02-04 20:00:53.555466
ATMN,24.28,24.11,24.27,2520700.0,2244200.0,0,0,0,0,0,0,0,0,0,0,0,0,0,0,0,0,217,2026-02-04 20:00:53.555466
WNTR,25.63,25.54,25.57,2209300.0,2020200.0,0,0,0,0,0,0,0,0,0,0,0,0,0,0,0,0,217,2026-02-04 20:00:53.555466
SPNG,25.01,24.59,24.69,2313300.0,2198700.0,0,0,0,0,0,0,0,0,0,0,0,0,0,0,0,0,218,2026-02-04 20:00:54.708331
SMMR,24.32,24.04,24.14,2478900.0,2398800.0,0,0,0,0,0,0,0,0,0,0,0,0,0,0,0,0,218,2026-02-04 20:00:54.708331
ATMN,24.27,24.03,24.27,2505200.0,2244200.0,0,0,0,0,0,0,0,0,0,0,0,0,0,0,0,0,218,2026-02-04 20:00:54.708331
WNTR,25.53,25.53,25.57,2226600.0,2020200.0,0,0,0,0,0,0,0,0,0,0,0,0,0,0,0,0,218,2026-02-04 20:00:54.708331
SPNG,25.38,24.59,25.38,2313300.0,2205300.0,0,0,0,0,0,0,0,0,0,0,0,0,0,0,0,0,219,2026-02-04 20:00:55.333328
SMMR,24.14,24.04,24.14,2431200.0,2398800.0,0,0,0,0,0,0,0,0,0,0,0,0,0,0,0,0,219,2026-02-04 20:00:55.333328
ATMN,23.98,23.98,24.29,2519300.0,2273100.0,0,0,0,0,0,0,0,0,0,0,0,0,0,0,0,0,219,2026-02-04 20:00:55.333328
WNTR,25.64,25.55,25.64,2218600.0,1779300.0,0,0,0,0,0,0,0,0,0,0,0,0,0,0,0,0,219,2026-02-04 20:00:55.333328
SPNG,25.38,24.93,25.38,2294800.0,2212600.0,0,0,0,0,0,0,0,0,0,0,0,0,0,0,0,0,220,2026-02-04 20:00:56.404176
SMMR,24.03,24.03,24.34,2468200.0,2406700.0,0,0,0,0,0,0,0,0,0,0,0,0,0,0,0,0,220,2026-02-04 20:00:56.404176
ATMN,23.98,24.24,24.29,2476700.0,2273100.0,0,0,0,0,0,0,0,0,0,0,0,0,0,0,0,0,220,2026-02-04 20:00:56.404176
WNTR,25.57,25.6,25.64,2159100.0,1779300.0,0,0,0,0,0,0,0,0,0,0,0,0,0,0,0,0,220,2026-02-04 20:00:56.404176
SPNG,25.38,24.93,24.96,2294800.0,2195900.0,0,0,0,0,0,0,0,0,0,0,0,0,0,0,0,0,221,2026-02-04 20:00:57.478041
SMMR,24.12,24.17,24.34,2455100.0,2406700.0,0,0,0,0,0,0,0,0,0,0,0,0,0,0,0,0,221,2026-02-04 20:00:57.478041
ATMN,23.98,24.24,24.29,2476700.0,2322000.0,0,0,0,0,0,0,0,0,0,0,0,0,0,0,0,0,221,2026-02-04 20:00:57.478041
WNTR,25.52,25.52,25.57,2217900.0,1880100.0,0,0,0,0,0,0,0,0,0,0,0,0,0,0,0,0,221,2026-02-04 20:00:57.478041
SPNG,25.38,24.59,25.38,2313300.0,2207000.0,0,0,0,0,0,0,0,0,0,0,0,0,0,0,0,0,222,2026-02-04 20:00:58.520434
SMMR,24.03,24.33,24.34,2489100.0,2406700.0,0,0,0,0,0,0,0,0,0,0,0,0,0,0,0,0,222,2026-02-04 20:00:58.520434
ATMN,23.98,24.25,24.29,2454900.0,2325600.0,0,0,0,0,0,0,0,0,0,0,0,0,0,0,0,0,222,2026-02-04 20:00:58.520434
WNTR,25.64,25.67,25.69,2186200.0,1765400.0,0,0,0,0,0,0,0,0,0,0,0,0,0,0,0,0,222,2026-02-04 20:00:58.520434
SPNG,24.47,24.47,25.26,2300100.0,2190800.0,0,0,0,0,0,0,0,0,0,0,0,0,0,0,0,0,223,2026-02-04 20:00:59.575429
SMMR,24.03,24.33,24.34,2489100.0,2392800.0,0,0,0,0,0,0,0,0,0,0,0,0,0,0,0,0,223,2026-02-04 20:00:59.575429
ATMN,24.25,24.25,24.29,2442500.0,2325600.0,0,0,0,0,0,0,0,0,0,0,0,0,0,0,0,0,223,2026-02-04 20:00:59.575429
WNTR,25.48,25.48,25.67,2209800.0,2088000.0,0,0,0,0,0,0,0,0,0,0,0,0,0,0,0,0,223,2026-02-04 20:00:59.575429
SPNG,25.07,24.53,25.07,2321700.0,2229000.0,0,0,0,0,0,0,0,0,0,0,0,0,0,0,0,0,224,2026-02-04 20:01:00.660414
SMMR,24.33,24.03,24.08,2519100.0,2372400.0,0,0,0,0,0,0,0,0,0,0,0,0,0,0,0,0,224,2026-02-04 20:01:00.660414
ATMN,24.29,24.24,24.29,2433000.0,2301300.0,0,0,0,0,0,0,0,0,0,0,0,0,0,0,0,0,224,2026-02-04 20:01:00.660414
WNTR,25.63,25.63,25.67,2201400.0,2075900.0,0,0,0,0,0,0,0,0,0,0,0,0,0,0,0,0,224,2026-02-04 20:01:00.660414
SPNG,24.93,24.98,25.38,2328900.0,2207000.0,0,0,0,0,0,0,0,0,0,0,0,0,0,0,0,0,225,2026-02-04 20:01:01.731609
SMMR,24.02,24.02,24.08,2516500.0,2390900.0,0,0,0,0,0,0,0,0,0,0,0,0,0,0,0,0,225,2026-02-04 20:01:01.731609
ATMN,24.29,24.24,24.29,2439800.0,2298500.0,0,0,0,0,0,0,0,0,0,0,0,0,0,0,0,0,225,2026-02-04 20:01:01.731609
WNTR,25.63,25.64,25.67,2216700.0,2102300.0,0,0,0,0,0,0,0,0,0,0,0,0,0,0,0,0,225,2026-02-04 20:01:01.731609
SPNG,24.93,24.98,25.07,2328900.0,2202900.0,0,0,0,0,0,0,0,0,0,0,0,0,0,0,0,0,226,2026-02-04 20:01:02.791044
SMMR,24.2,24.17,24.2,2516500.0,2383800.0,0,0,0,0,0,0,0,0,0,0,0,0,0,0,0,0,226,2026-02-04 20:01:02.791044
ATMN,24.26,24.26,24.29,2447000.0,2336200.0,0,0,0,0,0,0,0,0,0,0,0,0,0,0,0,0,226,2026-02-04 20:01:02.791044
WNTR,25.67,25.66,25.67,2199600.0,2104800.0,0,0,0,0,0,0,0,0,0,0,0,0,0,0,0,0,226,2026-02-04 20:01:02.791044
SPNG,24.47,24.61,25.25,2309800.0,2208600.0,0,0,0,0,0,0,0,0,0,0,0,0,0,0,0,0,227,2026-02-04 20:01:03.845887
SMMR,24.2,24.02,24.2,2491600.0,2375900.0,0,0,0,0,0,0,0,0,0,0,0,0,0,0,0,0,227,2026-02-04 20:01:03.845887
ATMN,24.16,24.24,24.29,2444100.0,2342500.0,0,0,0,0,0,0,0,0,0,0,0,0,0,0,0,0,227,2026-02-04 20:01:03.845887
WNTR,25.64,25.64,25.65,2193000.0,2103300.0,0,0,0,0,0,0,0,0,0,0,0,0,0,0,0,0,227,2026-02-04 20:01:03.845887
SPNG,24.61,24.61,25.25,2326000.0,2208600.0,0,0,0,0,0,0,0,0,0,0,0,0,0,0,0,0,228,2026-02-04 20:01:04.442419
SMMR,24.01,24.01,24.2,2532200.0,2375900.0,0,0,0,0,0,0,0,0,0,0,0,0,0,0,0,0,228,2026-02-04 20:01:04.442419
ATMN,24.15,24.03,24.12,2456500.0,2371700.0,0,0,0,0,0,0,0,0,0,0,0,0,0,0,0,0,228,2026-02-04 20:01:04.442419
WNTR,25.65,25.53,25.65,2187500.0,2103300.0,0,0,0,0,0,0,0,0,0,0,0,0,0,0,0,0,228,2026-02-04 20:01:04.442419
SPNG,25.25,24.77,24.78,2352300.0,2226700.0,0,0,0,0,0,0,0,0,0,0,0,0,0,0,0,0,229,2026-02-04 20:01:05.511914
SMMR,24.01,24.04,24.2,2510300.0,2366700.0,0,0,0,0,0,0,0,0,0,0,0,0,0,0,0,0,229,2026-02-04 20:01:05.511914
ATMN,24.15,24.11,24.12,2439200.0,2371700.0,0,0,0,0,0,0,0,0,0,0,0,0,0,0,0,0,229,2026-02-04 20:01:05.511914
WNTR,25.7,25.53,25.7,2187500.0,2054100.0,0,0,0,0,0,0,0,0,0,0,0,0,0,0,0,0,229,2026-02-04 20:01:05.511914
SPNG,24.78,25.21,25.25,2309100.0,2208600.0,0,0,0,0,0,0,0,0,0,0,0,0,0,0,0,0,230,2026-02-04 20:01:06.636873
SMMR,24.04,24.08,24.22,2496800.0,2365300.0,0,0,0,0,0,0,0,0,0,0,0,0,0,0,0,0,230,2026-02-04 20:01:06.636873
ATMN,24.03,24.03,24.26,2464000.0,2339400.0,0,0,0,0,0,0,0,0,0,0,0,0,0,0,0,0,230,2026-02-04 20:01:06.636873
WNTR,25.48,25.48,25.64,2209800.0,2079000.0,0,0,0,0,0,0,0,0,0,0,0,0,0,0,0,0,230,2026-02-04 20:01:06.636873
SPNG,24.78,25.21,25.25,2309100.0,2287800.0,0,0,0,0,0,0,0,0,0,0,0,0,0,0,0,0,231,2026-02-04 20:01:07.799231
SMMR,24.22,24.08,24.22,2489000.0,2365300.0,0,0,0,0,0,0,0,0,0,0,0,0,0,0,0,0,231,2026-02-04 20:01:07.799231
ATMN,24.32,24.28,24.29,2457600.0,2314900.0,0,0,0,0,0,0,0,0,0,0,0,0,0,0,0,0,231,2026-02-04 20:01:07.799231
WNTR,25.48,25.59,25.64,2172000.0,2082900.0,0,0,0,0,0,0,0,0,0,0,0,0,0,0,0,0,231,2026-02-04 20:01:07.799231
SPNG,25.41,24.77,24.79,2328500.0,2270200.0,0,0,0,0,0,0,0,0,0,0,0,0,0,0,0,0,232,2026-02-04 20:01:08.845496
SMMR,24.31,24.11,24.24,2475300.0,2379500.0,0,0,0,0,0,0,0,0,0,0,0,0,0,0,0,0,232,2026-02-04 20:01:08.845496
ATMN,24.29,24.03,24.29,2450500.0,2314900.0,0,0,0,0,0,0,0,0,0,0,0,0,0,0,0,0,232,2026-02-04 20:01:08.845496
WNTR,25.48,25.59,25.63,2181100.0,2088400.0,0,0,0,0,0,0,0,0,0,0,0,0,0,0,0,0,232,2026-02-04 20:01:08.845496
SPNG,24.79,24.77,24.79,2362200.0,2270200.0,0,0,0,0,0,0,0,0,0,0,0,0,0,0,0,0,233,2026-02-04 20:01:09.884308
SMMR,24.31,24.11,24.18,2475300.0,2396900.0,0,0,0,0,0,0,0,0,0,0,0,0,0,0,0,0,233,2026-02-04 20:01:09.884308
ATMN,24.29,24.03,24.21,2442100.0,2353000.0,0,0,0,0,0,0,0,0,0,0,0,0,0,0,0,0,233,2026-02-04 20:01:09.884308
WNTR,25.48,25.59,25.6,2169500.0,2088300.0,0,0,0,0,0,0,0,0,0,0,0,0,0,0,0,0,233,2026-02-04 20:01:09.884308
SPNG,24.79,25.22,25.41,2379400.0,2224800.0,0,0,0,0,0,0,0,0,0,0,0,0,0,0,0,0,234,2026-02-04 20:01:10.442488
SMMR,24.11,24.11,24.18,2475300.0,2408200.0,0,0,0,0,0,0,0,0,0,0,0,0,0,0,0,0,234,2026-02-04 20:01:10.442488
ATMN,24.29,24.03,24.21,2443800.0,2353000.0,0,0,0,0,0,0,0,0,0,0,0,0,0,0,0,0,234,2026-02-04 20:01:10.442488
WNTR,25.48,25.59,25.6,2169500.0,2135400.0,0,0,0,0,0,0,0,0,0,0,0,0,0,0,0,0,234,2026-02-04 20:01:10.442488
SPNG,24.77,24.94,25.26,2376500.0,2248900.0,0,0,0,0,0,0,0,0,0,0,0,0,0,0,0,0,235,2026-02-04 20:01:11.499211
