ticker,last_price,bid_price,ask_price,BUY_ANON,SELL_ANON,BUY_GIOT-3,BUY_UEBR-1,SELL_GIOT-4,SELL_UEBR-1,BUY_GIOT-4,SELL_GIOT-3,tick,timestamp
SPNG,0.0,0.0,0.0,2325400.0,2137700.0,0,0,0,0,0,0,0,2026-02-03 02:32:28.551991
SMMR,0.0,0.0,0.0,2248600.0,2276500.0,0,0,0,0,0,0,0,2026-02-03 02:32:28.551991
ATMN,0.0,0.0,0.0,2097000.0,2052800.0,0,0,0,0,0,0,0,2026-02-03 02:32:28.551991
WNTR,0.0,0.0,0.0,2156700.0,2232000.0,0,0,0,0,0,0,0,2026-02-03 02:32:28.551991
SPNG,24.78,24.78,25.12,2346600.0,2137700.0,0,0,0,0,0,0,1,2026-02-03 02:32:29.580565,2.0,1.0,1.0,,Aggregate Position Limit,Your CRO has set the aggregate position limit to 9000 shares for this week.
SMMR,24.97,24.98,25.02,2244000.0,2390100.0,0,0,0,0,0,0,1,2026-02-03 02:32:29.580565,1.0,1.0,1.0,,Welcome to the RITC 2026 Alogithmic Market Making Case - practice server,
ATMN,24.94,24.94,25.1,2171100.0,2069300.0,0,0,0,0,0,0,1,2026-02-03 02:32:29.580565,,,,,,
WNTR,25.05,25.03,25.05,2159000.0,2232000.0,0,0,0,0,0,0,1,2026-02-03 02:32:29.580565,,,,,,
SPNG,24.72,24.72,25.2,2243800.0,2131100.0,0,0,0,0,0,0,2,2026-02-03 02:32:30.617964
SMMR,24.93,24.93,25.02,2238900.0,2390100.0,0,0,0,0,0,0,2,2026-02-03 02:32:30.617964
ATMN,24.92,24.92,25.1,2142500.0,2033000.0,0,0,0,0,0,0,2,2026-02-03 02:32:30.617964
WNTR,25.05,25.03,25.04,2277000.0,2236500.0,0,0,0,0,0,0,2,2026-02-03 02:32:30.617964
SPNG,24.68,24.68,25.2,2281400.0,2131100.0,0,0,0,0,0,0,3,2026-02-03 02:32:31.657745
SMMR,24.91,24.91,24.94,2260400.0,2352500.0,0,0,0,0,0,0,3,2026-02-03 02:32:31.657745
ATMN,24.57,24.74,25.1,2163900.0,2033000.0,0,0,0,0,0,0,3,2026-02-03 02:32:31.657745
WNTR,25.03,24.89,24.94,2276000.0,2201800.0,0,0,0,0,0,0,3,2026-02-03 02:32:31.657745
SPNG,24.68,24.68,25.18,2281400.0,2250700.0,0,0,0,0,0,0,4,2026-02-03 02:32:32.194800
SMMR,24.86,24.86,24.94,2249500.0,2352500.0,0,0,0,0,0,0,4,2026-02-03 02:32:32.194800
ATMN,24.57,24.74,25.1,2199300.0,2033000.0,0,0,0,0,0,0,4,2026-02-03 02:32:32.194800
WNTR,24.94,25.0,25.04,2248500.0,2236500.0,0,0,0,0,0,0,4,2026-02-03 02:32:32.194800
SPNG,24.47,24.47,25.18,2134900.0,2250700.0,0,0,0,0,0,0,5,2026-02-03 02:32:33.226894
SMMR,25.06,24.86,25.06,2235100.0,2276500.0,0,0,0,0,0,0,5,2026-02-03 02:32:33.226894
ATMN,24.57,24.74,24.91,2199300.0,2081300.0,0,0,0,0,0,0,5,2026-02-03 02:32:33.226894
WNTR,25.04,24.88,25.04,2148200.0,2202800.0,0,0,0,0,0,0,5,2026-02-03 02:32:33.226894
SPNG,25.18,24.65,25.18,2393600.0,2250700.0,0,0,0,0,0,0,6,2026-02-03 02:32:34.261629
SMMR,24.87,25.03,25.06,2242800.0,2276500.0,0,0,0,0,0,0,6,2026-02-03 02:32:34.261629
ATMN,24.91,24.74,24.91,2140000.0,2081300.0,0,0,0,0,0,0,6,2026-02-03 02:32:34.261629
WNTR,25.04,24.88,24.89,2278000.0,2180700.0,0,0,0,0,0,0,6,2026-02-03 02:32:34.261629
SPNG,25.09,24.65,25.04,2382600.0,2259800.0,0,0,0,0,0,0,7,2026-02-03 02:32:35.289401
SMMR,25.03,24.97,24.99,2238400.0,2422400.0,0,0,0,0,0,0,7,2026-02-03 02:32:35.289401
ATMN,25.19,24.89,25.19,2123400.0,2026600.0,0,0,0,0,0,0,7,2026-02-03 02:32:35.289401
WNTR,25.04,24.88,24.89,2233800.0,2201000.0,0,0,0,0,0,0,7,2026-02-03 02:32:35.289401
SPNG,25.2,24.97,25.2,2372200.0,2203100.0,0,0,0,0,0,0,8,2026-02-03 02:32:36.320390
SMMR,24.98,24.97,24.98,2238400.0,2416500.0,0,0,0,0,0,0,8,2026-02-03 02:32:36.320390
ATMN,25.19,24.89,25.14,2123400.0,2086400.0,0,0,0,0,0,0,8,2026-02-03 02:32:36.320390
WNTR,25.04,24.88,24.89,2231300.0,2201000.0,0,0,0,0,0,0,8,2026-02-03 02:32:36.320390
SPNG,25.2,25.4,25.49,2356700.0,2091100.0,0,0,0,0,0,0,9,2026-02-03 02:32:37.374283
SMMR,24.98,24.97,24.98,2225600.0,2413200.0,0,0,0,0,0,0,9,2026-02-03 02:32:37.374283
ATMN,24.89,24.74,24.75,2140000.0,2067000.0,0,0,0,0,0,0,9,2026-02-03 02:32:37.374283
WNTR,24.92,24.88,24.92,2252900.0,2175400.0,0,0,0,0,0,0,9,2026-02-03 02:32:37.374283
SPNG,25.2,25.4,25.49,2378300.0,2260300.0,0,0,0,0,0,0,10,2026-02-03 02:32:38.481046
SMMR,25.08,25.0,25.08,2231100.0,2387300.0,0,0,0,0,0,0,10,2026-02-03 02:32:38.481046
ATMN,25.14,24.94,25.14,2111600.0,2079100.0,0,0,0,0,0,0,10,2026-02-03 02:32:38.481046
WNTR,25.04,24.88,25.04,2261500.0,2162600.0,0,0,0,0,0,0,10,2026-02-03 02:32:38.481046
SPNG,25.09,24.65,25.09,2339600.0,2260300.0,0,0,0,0,0,0,11,2026-02-03 02:32:39.578779
SMMR,24.93,24.93,25.03,2200600.0,2397700.0,0,0,0,0,0,0,11,2026-02-03 02:32:39.578779
ATMN,25.14,24.94,25.09,2129800.0,2088600.0,0,0,0,0,0,0,11,2026-02-03 02:32:39.578779
WNTR,24.93,25.02,25.04,2253900.0,2155400.0,0,0,0,0,0,0,11,2026-02-03 02:32:39.578779
SPNG,24.65,24.65,25.09,2364600.0,2260300.0,0,0,0,0,0,0,12,2026-02-03 02:32:40.607806
SMMR,24.95,24.95,24.97,2218100.0,2425500.0,0,0,0,0,0,0,12,2026-02-03 02:32:40.607806
ATMN,24.79,24.97,25.09,2109400.0,2106600.0,0,0,0,0,0,0,12,2026-02-03 02:32:40.607806
WNTR,24.84,24.84,24.94,2271500.0,2195500.0,0,0,0,0,0,0,12,2026-02-03 02:32:40.607806
SPNG,25.49,24.65,24.94,2353300.0,2272200.0,0,0,0,0,0,0,13,2026-02-03 02:32:41.637492
SMMR,24.97,24.98,25.03,2208200.0,2414300.0,0,0,0,0,0,0,13,2026-02-03 02:32:41.637492
ATMN,24.97,24.97,25.09,2109400.0,2091700.0,0,0,0,0,0,0,13,2026-02-03 02:32:41.637492
WNTR,24.84,24.85,24.94,2271600.0,2195500.0,0,0,0,0,0,0,13,2026-02-03 02:32:41.637492
SPNG,25.49,25.49,25.57,2319200.0,2196800.0,0,0,0,0,0,0,14,2026-02-03 02:32:42.663423
SMMR,24.93,24.87,24.93,2191600.0,2426000.0,0,0,0,0,0,0,14,2026-02-03 02:32:42.663423
ATMN,24.97,24.97,25.09,2109400.0,2116300.0,0,0,0,0,0,0,14,2026-02-03 02:32:42.663423
WNTR,24.84,24.85,24.94,2246500.0,2177800.0,0,0,0,0,0,0,14,2026-02-03 02:32:42.663423
SPNG,24.59,25.17,25.57,2344100.0,2196800.0,0,0,0,0,0,0,15,2026-02-03 02:32:43.694078
SMMR,24.93,24.87,24.93,2223800.0,2393300.0,0,0,0,0,0,0,15,2026-02-03 02:32:43.694078
ATMN,24.97,25.04,25.09,2137900.0,2116300.0,0,0,0,0,0,0,15,2026-02-03 02:32:43.694078
WNTR,24.84,24.85,24.94,2246500.0,2186700.0,0,0,0,0,0,0,15,2026-02-03 02:32:43.694078
SPNG,24.59,25.17,25.57,2344100.0,2249700.0,0,0,0,0,0,0,16,2026-02-03 02:32:44.722984
SMMR,24.94,24.87,24.94,2214100.0,2365600.0,0,0,0,0,0,0,16,2026-02-03 02:32:44.722984
ATMN,25.09,24.97,25.09,2109400.0,2116300.0,0,0,0,0,0,0,16,2026-02-03 02:32:44.722984
WNTR,24.99,24.85,24.92,2256500.0,2177500.0,0,0,0,0,0,0,16,2026-02-03 02:32:44.722984
SPNG,24.59,25.17,25.25,2344100.0,2252500.0,0,0,0,0,0,0,17,2026-02-03 02:32:45.247205
SMMR,24.88,24.88,24.94,2189000.0,2365600.0,0,0,0,0,0,0,17,2026-02-03 02:32:45.247205
ATMN,24.97,24.79,24.8,2130500.0,2101000.0,0,0,0,0,0,0,17,2026-02-03 02:32:45.247205
WNTR,24.92,24.85,24.92,2256500.0,2180500.0,0,0,0,0,0,0,17,2026-02-03 02:32:45.247205
SPNG,24.59,25.17,25.18,2344100.0,2277100.0,0,0,0,0,0,0,18,2026-02-03 02:32:46.310977
SMMR,25.06,24.88,25.06,2198900.0,2400000.0,0,0,0,0,0,0,18,2026-02-03 02:32:46.310977
ATMN,25.14,24.79,25.14,2122300.0,2117800.0,0,0,0,0,0,0,18,2026-02-03 02:32:46.310977
WNTR,25.03,24.85,25.03,2239800.0,2132600.0,0,0,0,0,0,0,18,2026-02-03 02:32:46.310977
SPNG,24.47,24.7,25.18,2322400.0,2290600.0,0,0,0,0,0,0,19,2026-02-03 02:32:47.351480
SMMR,24.88,24.88,25.06,2198900.0,2400000.0,0,0,0,0,0,0,19,2026-02-03 02:32:47.351480
ATMN,25.2,24.79,25.2,2138600.0,2100700.0,0,0,0,0,0,0,19,2026-02-03 02:32:47.351480
WNTR,25.03,24.9,25.03,2228300.0,2155200.0,0,0,0,0,0,0,19,2026-02-03 02:32:47.351480
SPNG,24.47,24.7,25.18,2304700.0,2286900.0,0,0,0,0,0,0,20,2026-02-03 02:32:48.381787
SMMR,24.87,24.88,24.99,2200900.0,2412700.0,0,0,0,0,0,0,20,2026-02-03 02:32:48.381787
ATMN,25.23,25.02,25.23,2153700.0,2117500.0,0,0,0,0,0,0,20,2026-02-03 02:32:48.381787
WNTR,25.03,25.01,25.03,2251000.0,2169900.0,0,0,0,0,0,0,20,2026-02-03 02:32:48.381787
SPNG,24.66,24.66,25.18,2309000.0,2318500.0,0,0,0,0,0,0,21,2026-02-03 02:32:49.429635
SMMR,24.88,24.98,24.99,2166500.0,2412700.0,0,0,0,0,0,0,21,2026-02-03 02:32:49.429635
ATMN,25.24,25.08,25.24,2157200.0,2109300.0,0,0,0,0,0,0,21,2026-02-03 02:32:49.429635
WNTR,25.01,24.9,24.99,2228300.0,2169300.0,0,0,0,0,0,0,21,2026-02-03 02:32:49.429635
SPNG,24.66,24.47,24.55,2294700.0,2326500.0,0,0,0,0,0,0,22,2026-02-03 02:32:50.468532
SMMR,24.98,24.98,24.99,2166500.0,2394500.0,0,0,0,0,0,0,22,2026-02-03 02:32:50.468532
ATMN,25.24,25.15,25.24,2164800.0,2120900.0,0,0,0,0,0,0,22,2026-02-03 02:32:50.468532
WNTR,24.99,25.01,25.03,2267600.0,2209200.0,0,0,0,0,0,0,22,2026-02-03 02:32:50.468532
SPNG,24.55,25.03,25.18,2286700.0,2285000.0,0,0,0,0,0,0,23,2026-02-03 02:32:51.506731
SMMR,24.84,24.84,24.99,2222500.0,2413600.0,0,0,0,0,0,0,23,2026-02-03 02:32:51.506731
ATMN,25.19,25.19,25.24,2164100.0,2120900.0,0,0,0,0,0,0,23,2026-02-03 02:32:51.506731
WNTR,25.04,24.9,25.04,2259000.0,2179000.0,0,0,0,0,0,0,23,2026-02-03 02:32:51.506731
SPNG,25.18,25.04,25.18,2294600.0,2285000.0,0,0,0,0,0,0,24,2026-02-03 02:32:52.538778
SMMR,24.81,24.81,24.85,2245900.0,2372400.0,0,0,0,0,0,0,24,2026-02-03 02:32:52.538778
ATMN,25.24,25.19,25.24,2164100.0,2116100.0,0,0,0,0,0,0,24,2026-02-03 02:32:52.538778
WNTR,25.04,24.9,24.95,2259000.0,2209100.0,0,0,0,0,0,0,24,2026-02-03 02:32:52.538778
SPNG,25.04,25.04,25.13,2294600.0,2333600.0,0,0,0,0,0,0,25,2026-02-03 02:32:53.578307
SMMR,24.85,24.87,24.99,2259800.0,2398800.0,0,0,0,0,0,0,25,2026-02-03 02:32:53.578307
ATMN,25.23,25.19,25.23,2164100.0,2095300.0,0,0,0,0,0,0,25,2026-02-03 02:32:53.578307
WNTR,24.88,24.94,24.95,2256700.0,2209100.0,0,0,0,0,0,0,25,2026-02-03 02:32:53.578307
SPNG,25.04,24.49,24.74,2294900.0,2328400.0,0,0,0,0,0,0,26,2026-02-03 02:32:54.616170
SMMR,24.8,24.8,24.99,2249500.0,2398800.0,0,0,0,0,0,0,26,2026-02-03 02:32:54.616170
ATMN,25.23,25.08,25.23,2157200.0,2095300.0,0,0,0,0,0,0,26,2026-02-03 02:32:54.616170
WNTR,24.95,24.95,25.03,2238100.0,2180300.0,0,0,0,0,0,0,26,2026-02-03 02:32:54.616170
SPNG,25.13,24.49,25.13,2284300.0,2329800.0,0,0,0,0,0,0,27,2026-02-03 02:32:55.647876
SMMR,25.08,24.97,25.08,2258200.0,2378200.0,0,0,0,0,0,0,27,2026-02-03 02:32:55.647876
ATMN,25.24,25.18,25.24,2158300.0,2096200.0,0,0,0,0,0,0,27,2026-02-03 02:32:55.647876
WNTR,25.05,24.95,25.05,2238100.0,2172800.0,0,0,0,0,0,0,27,2026-02-03 02:32:55.647876
SPNG,24.8,24.49,24.73,2292800.0,2326700.0,0,0,0,0,0,0,28,2026-02-03 02:32:56.680829
SMMR,24.8,24.82,25.02,2231400.0,2404900.0,0,0,0,0,0,0,28,2026-02-03 02:32:56.680829
ATMN,25.18,25.18,25.24,2158300.0,2096200.0,0,0,0,0,0,0,28,2026-02-03 02:32:56.680829
WNTR,25.1,24.95,25.06,2238100.0,2232100.0,0,0,0,0,0,0,28,2026-02-03 02:32:56.680829
SPNG,25.25,24.49,25.25,2295100.0,2288400.0,0,0,0,0,0,0,29,2026-02-03 02:32:57.706437
SMMR,25.02,24.86,25.02,2227300.0,2375900.0,0,0,0,0,0,0,29,2026-02-03 02:32:57.706437
ATMN,25.18,25.18,25.24,2158300.0,2085600.0,0,0,0,0,0,0,29,2026-02-03 02:32:57.706437
WNTR,24.9,25.05,25.06,2223900.0,2226800.0,0,0,0,0,0,0,29,2026-02-03 02:32:57.706437
SPNG,24.47,25.03,25.24,2296800.0,2280000.0,0,0,0,0,0,0,30,2026-02-03 02:32:58.734225
SMMR,24.9,24.99,25.02,2251800.0,2344500.0,0,0,0,0,0,0,30,2026-02-03 02:32:58.734225
ATMN,25.0,25.06,25.25,2164200.0,2099900.0,0,0,0,0,0,0,30,2026-02-03 02:32:58.734225
WNTR,24.88,24.88,24.96,2235700.0,2212000.0,0,0,0,0,0,0,30,2026-02-03 02:32:58.734225
SPNG,24.47,25.03,25.24,2296800.0,2271500.0,0,0,0,0,0,0,31,2026-02-03 02:32:59.765169
SMMR,25.02,24.99,25.02,2251800.0,2325500.0,0,0,0,0,0,0,31,2026-02-03 02:32:59.765169
ATMN,25.06,25.06,25.22,2164200.0,2094700.0,0,0,0,0,0,0,31,2026-02-03 02:32:59.765169
WNTR,24.83,24.83,24.96,2234300.0,2212000.0,0,0,0,0,0,0,31,2026-02-03 02:32:59.765169
SPNG,24.47,25.03,25.16,2296800.0,2305300.0,0,0,0,0,0,0,32,2026-02-03 02:33:00.797730
SMMR,24.86,24.86,25.08,2227300.0,2351100.0,0,0,0,0,0,0,32,2026-02-03 02:33:00.797730
ATMN,24.74,24.94,25.22,2135700.0,2094700.0,0,0,0,0,0,0,32,2026-02-03 02:33:00.797730
WNTR,24.83,24.86,24.96,2279200.0,2211400.0,0,0,0,0,0,0,32,2026-02-03 02:33:00.797730
SPNG,24.87,24.88,25.16,2284600.0,2305300.0,0,0,0,0,0,0,33,2026-02-03 02:33:01.359998
SMMR,24.8,24.8,25.08,2249500.0,2351100.0,0,0,0,0,0,0,33,2026-02-03 02:33:01.359998
ATMN,24.74,24.74,25.22,2101500.0,2094700.0,0,0,0,0,0,0,33,2026-02-03 02:33:01.359998
WNTR,24.83,24.86,24.96,2279200.0,2211400.0,0,0,0,0,0,0,33,2026-02-03 02:33:01.359998
SPNG,24.47,24.47,24.73,2296700.0,2294600.0,0,0,0,0,0,0,34,2026-02-03 02:33:02.406626
SMMR,25.1,25.1,25.12,2231400.0,2396100.0,0,0,0,0,0,0,34,2026-02-03 02:33:02.406626
ATMN,24.74,24.88,25.22,2118300.0,2094700.0,0,0,0,0,0,0,34,2026-02-03 02:33:02.406626
WNTR,24.86,24.89,24.96,2279300.0,2191500.0,0,0,0,0,0,0,34,2026-02-03 02:33:02.406626
SPNG,25.19,24.62,25.19,2306800.0,2295700.0,0,0,0,0,0,0,35,2026-02-03 02:33:03.436514
SMMR,25.12,25.14,25.16,2225400.0,2407700.0,0,0,0,0,0,0,35,2026-02-03 02:33:03.436514
ATMN,24.74,25.1,25.14,2117200.0,2079900.0,0,0,0,0,0,0,35,2026-02-03 02:33:03.436514
WNTR,24.99,24.83,24.99,2256400.0,2198500.0,0,0,0,0,0,0,35,2026-02-03 02:33:03.436514
SPNG,25.19,24.7,25.19,2315200.0,2313800.0,0,0,0,0,0,0,36,2026-02-03 02:33:04.467154
SMMR,24.92,25.15,25.16,2238100.0,2407700.0,0,0,0,0,0,0,36,2026-02-03 02:33:04.467154
ATMN,25.1,24.74,24.77,2101500.0,2060500.0,0,0,0,0,0,0,36,2026-02-03 02:33:04.467154
WNTR,24.99,24.87,24.99,2231200.0,2198500.0,0,0,0,0,0,0,36,2026-02-03 02:33:04.467154
SPNG,24.7,24.7,25.19,2315200.0,2313800.0,0,0,0,0,0,0,37,2026-02-03 02:33:05.498056
SMMR,24.92,25.05,25.16,2232400.0,2407700.0,0,0,0,0,0,0,37,2026-02-03 02:33:05.498056
ATMN,25.14,24.74,25.14,2125300.0,2074100.0,0,0,0,0,0,0,37,2026-02-03 02:33:05.498056
WNTR,24.87,24.87,24.99,2262600.0,2198500.0,0,0,0,0,0,0,37,2026-02-03 02:33:05.498056
SPNG,24.81,24.7,24.81,2337800.0,2303500.0,0,0,0,0,0,0,38,2026-02-03 02:33:06.529758
SMMR,25.05,24.92,24.99,2254000.0,2416300.0,0,0,0,0,0,0,38,2026-02-03 02:33:06.529758
ATMN,25.14,25.03,25.14,2162400.0,2074100.0,0,0,0,0,0,0,38,2026-02-03 02:33:06.529758
WNTR,24.99,24.87,24.99,2239300.0,2197100.0,0,0,0,0,0,0,38,2026-02-03 02:33:06.529758
SPNG,24.7,24.7,25.01,2337800.0,2288500.0,0,0,0,0,0,0,39,2026-02-03 02:33:07.562255
SMMR,24.84,24.88,24.99,2237600.0,2416300.0,0,0,0,0,0,0,39,2026-02-03 02:33:07.562255
ATMN,24.98,24.74,24.98,2144400.0,2075600.0,0,0,0,0,0,0,39,2026-02-03 02:33:07.562255
WNTR,24.99,24.87,24.99,2239300.0,2181200.0,0,0,0,0,0,0,39,2026-02-03 02:33:07.562255
SPNG,24.75,24.7,24.75,2332500.0,2329100.0,0,0,0,0,0,0,40,2026-02-03 02:33:08.602785
SMMR,24.84,24.88,24.99,2239300.0,2416300.0,0,0,0,0,0,0,40,2026-02-03 02:33:08.602785
ATMN,24.98,24.9,24.98,2126300.0,2075600.0,0,0,0,0,0,0,40,2026-02-03 02:33:08.602785
WNTR,24.99,25.03,25.06,2239300.0,2182600.0,0,0,0,0,0,0,40,2026-02-03 02:33:08.602785
SPNG,25.01,24.7,25.01,2332500.0,2287900.0,0,0,0,0,0,0,41,2026-02-03 02:33:09.629419
SMMR,24.99,25.01,25.02,2264900.0,2403000.0,0,0,0,0,0,0,41,2026-02-03 02:33:09.629419
ATMN,24.9,24.74,24.75,2160400.0,2060800.0,0,0,0,0,0,0,41,2026-02-03 02:33:09.629419
WNTR,24.98,24.98,25.06,2237700.0,2205600.0,0,0,0,0,0,0,41,2026-02-03 02:33:09.629419
SPNG,24.7,24.63,24.7,2322100.0,2280000.0,0,0,0,0,0,0,42,2026-02-03 02:33:10.657089
SMMR,25.09,25.01,25.02,2264900.0,2424700.0,0,0,0,0,0,0,42,2026-02-03 02:33:10.657089
ATMN,24.63,24.63,25.22,2148600.0,2061400.0,0,0,0,0,0,0,42,2026-02-03 02:33:10.657089
WNTR,24.94,24.87,24.91,2239300.0,2200300.0,0,0,0,0,0,0,42,2026-02-03 02:33:10.657089
SPNG,25.25,24.63,25.25,2322100.0,2276000.0,0,0,0,0,0,0,43,2026-02-03 02:33:11.693489
SMMR,25.09,25.01,25.02,2301700.0,2424700.0,0,0,0,0,0,0,43,2026-02-03 02:33:11.693489
ATMN,24.62,24.8,25.14,2137100.0,2082400.0,0,0,0,0,0,0,43,2026-02-03 02:33:11.693489
WNTR,24.87,24.83,24.87,2245800.0,2201800.0,0,0,0,0,0,0,43,2026-02-03 02:33:11.693489
SPNG,25.25,24.63,25.25,2322100.0,2276000.0,0,0,0,0,0,0,44,2026-02-03 02:33:12.729482
SMMR,24.97,24.97,25.02,2293300.0,2424700.0,0,0,0,0,0,0,44,2026-02-03 02:33:12.729482
ATMN,25.14,24.8,25.14,2137100.0,2064300.0,0,0,0,0,0,0,44,2026-02-03 02:33:12.729482
WNTR,25.03,25.04,25.06,2233300.0,2205600.0,0,0,0,0,0,0,44,2026-02-03 02:33:12.729482
SPNG,25.11,24.9,25.11,2329400.0,2315700.0,0,0,0,0,0,0,45,2026-02-03 02:33:13.765353
SMMR,24.97,25.0,25.02,2297300.0,2389400.0,0,0,0,0,0,0,45,2026-02-03 02:33:13.765353
ATMN,25.14,24.81,25.07,2117700.0,2035900.0,0,0,0,0,0,0,45,2026-02-03 02:33:13.765353
WNTR,24.83,24.86,24.97,2269400.0,2173100.0,0,0,0,0,0,0,45,2026-02-03 02:33:13.765353
SPNG,24.63,24.63,25.11,2322100.0,2315700.0,0,0,0,0,0,0,46,2026-02-03 02:33:14.797888
SMMR,25.0,25.0,25.02,2297300.0,2382800.0,0,0,0,0,0,0,46,2026-02-03 02:33:14.797888
ATMN,25.14,24.97,25.14,2119500.0,2046000.0,0,0,0,0,0,0,46,2026-02-03 02:33:14.797888
WNTR,25.06,24.86,25.03,2269400.0,2171500.0,0,0,0,0,0,0,46,2026-02-03 02:33:14.797888
SPNG,24.62,24.78,25.11,2293200.0,2315700.0,0,0,0,0,0,0,47,2026-02-03 02:33:15.826554
SMMR,25.0,24.97,24.98,2297700.0,2360500.0,0,0,0,0,0,0,47,2026-02-03 02:33:15.826554
ATMN,25.23,24.97,25.23,2119500.0,2037100.0,0,0,0,0,0,0,47,2026-02-03 02:33:15.826554
WNTR,25.06,24.86,25.06,2221000.0,2205600.0,0,0,0,0,0,0,47,2026-02-03 02:33:15.826554
SPNG,25.06,24.62,24.87,2306800.0,2316500.0,0,0,0,0,0,0,48,2026-02-03 02:33:16.859404
SMMR,25.06,24.88,25.06,2296300.0,2393300.0,0,0,0,0,0,0,48,2026-02-03 02:33:16.859404
ATMN,25.24,25.12,25.24,2071800.0,2048200.0,0,0,0,0,0,0,48,2026-02-03 02:33:16.859404
WNTR,24.86,24.86,24.94,2221000.0,2207100.0,0,0,0,0,0,0,48,2026-02-03 02:33:16.859404
SPNG,24.65,24.65,25.11,2301200.0,2315700.0,0,0,0,0,0,0,49,2026-02-03 02:33:17.888123
SMMR,25.06,24.88,25.06,2255800.0,2393300.0,0,0,0,0,0,0,49,2026-02-03 02:33:17.888123
ATMN,24.97,24.97,25.09,2092900.0,2068500.0,0,0,0,0,0,0,49,2026-02-03 02:33:17.888123
WNTR,24.8,24.83,24.94,2219600.0,2207100.0,0,0,0,0,0,0,49,2026-02-03 02:33:17.888123
SPNG,25.25,25.25,25.26,2310100.0,2285900.0,0,0,0,0,0,0,50,2026-02-03 02:33:18.922733
SMMR,24.84,24.84,25.06,2259900.0,2393300.0,0,0,0,0,0,0,50,2026-02-03 02:33:18.922733
ATMN,24.97,24.99,25.09,2068700.0,2085700.0,0,0,0,0,0,0,50,2026-02-03 02:33:18.922733
WNTR,24.8,24.87,24.94,2291800.0,2207100.0,0,0,0,0,0,0,50,2026-02-03 02:33:18.922733
SPNG,25.26,24.65,25.26,2308900.0,2285900.0,0,0,0,0,0,0,51,2026-02-03 02:33:19.456208
SMMR,24.8,24.8,25.04,2234600.0,2366800.0,0,0,0,0,0,0,51,2026-02-03 02:33:19.456208
ATMN,25.09,24.99,25.09,2068700.0,2067100.0,0,0,0,0,0,0,51,2026-02-03 02:33:19.456208
WNTR,24.94,24.87,24.94,2291800.0,2207100.0,0,0,0,0,0,0,51,2026-02-03 02:33:19.456208
SPNG,25.31,25.03,25.31,2297900.0,2291600.0,0,0,0,0,0,0,52,2026-02-03 02:33:20.492688
SMMR,25.11,24.8,25.11,2255300.0,2421100.0,0,0,0,0,0,0,52,2026-02-03 02:33:20.492688
ATMN,25.21,24.99,25.1,2069900.0,2047700.0,0,0,0,0,0,0,52,2026-02-03 02:33:20.492688
WNTR,25.02,24.87,25.02,2291800.0,2213300.0,0,0,0,0,0,0,52,2026-02-03 02:33:20.492688
SPNG,25.03,25.03,25.05,2297900.0,2273800.0,0,0,0,0,0,0,53,2026-02-03 02:33:21.526938
SMMR,25.11,24.93,24.98,2238100.0,2368100.0,0,0,0,0,0,0,53,2026-02-03 02:33:21.526938
ATMN,24.99,24.99,25.24,2069900.0,2048200.0,0,0,0,0,0,0,53,2026-02-03 02:33:21.526938
WNTR,25.02,24.96,25.02,2271100.0,2213300.0,0,0,0,0,0,0,53,2026-02-03 02:33:21.526938
SPNG,25.05,24.62,25.05,2307200.0,2312900.0,0,0,0,0,0,0,54,2026-02-03 02:33:22.558500
SMMR,25.11,24.93,24.94,2231700.0,2334900.0,0,0,0,0,0,0,54,2026-02-03 02:33:22.558500
ATMN,24.9,24.9,25.02,2106200.0,2034400.0,0,0,0,0,0,0,54,2026-02-03 02:33:22.558500
WNTR,24.84,24.84,24.89,2263300.0,2239300.0,0,0,0,0,0,0,54,2026-02-03 02:33:22.558500
SPNG,25.31,24.94,25.31,2329600.0,2308700.0,0,0,0,0,0,0,55,2026-02-03 02:33:23.599477
SMMR,25.01,24.93,25.01,2218400.0,2393400.0,0,0,0,0,0,0,55,2026-02-03 02:33:23.599477
ATMN,25.02,25.02,25.24,2072500.0,2048200.0,0,0,0,0,0,0,55,2026-02-03 02:33:23.599477
WNTR,24.84,24.84,24.89,2263300.0,2209800.0,0,0,0,0,0,0,55,2026-02-03 02:33:23.599477
SPNG,24.47,24.47,25.31,2324300.0,2345000.0,0,0,0,0,0,0,56,2026-02-03 02:33:24.636078
SMMR,25.01,24.98,25.01,2227600.0,2327700.0,0,0,0,0,0,0,56,2026-02-03 02:33:24.636078
ATMN,25.02,25.21,25.24,2088200.0,2033600.0,0,0,0,0,0,0,56,2026-02-03 02:33:24.636078
WNTR,24.89,24.84,24.89,2263300.0,2224200.0,0,0,0,0,0,0,56,2026-02-03 02:33:24.636078
SPNG,25.32,24.47,25.32,2324300.0,2318400.0,0,0,0,0,0,0,57,2026-02-03 02:33:25.669489
SMMR,25.11,25.1,25.11,2240800.0,2319600.0,0,0,0,0,0,0,57,2026-02-03 02:33:25.669489
ATMN,24.97,24.97,25.24,2092600.0,2029400.0,0,0,0,0,0,0,57,2026-02-03 02:33:25.669489
WNTR,24.94,24.89,24.94,2228200.0,2206200.0,0,0,0,0,0,0,57,2026-02-03 02:33:25.669489
SPNG,25.12,25.12,25.32,2339400.0,2318400.0,0,0,0,0,0,0,58,2026-02-03 02:33:26.706214
SMMR,24.93,24.93,25.03,2214800.0,2316200.0,0,0,0,0,0,0,58,2026-02-03 02:33:26.706214
ATMN,24.97,24.97,25.24,2092600.0,2029400.0,0,0,0,0,0,0,58,2026-02-03 02:33:26.706214
WNTR,24.98,24.95,24.98,2252600.0,2196600.0,0,0,0,0,0,0,58,2026-02-03 02:33:26.706214
SPNG,24.58,24.63,25.32,2321400.0,2318400.0,0,0,0,0,0,0,59,2026-02-03 02:33:27.740747
SMMR,24.93,24.93,25.03,2236100.0,2316200.0,0,0,0,0,0,0,59,2026-02-03 02:33:27.740747
ATMN,25.25,25.18,25.25,2117000.0,2025000.0,0,0,0,0,0,0,59,2026-02-03 02:33:27.740747
WNTR,24.98,24.95,24.98,2254900.0,2226300.0,0,0,0,0,0,0,59,2026-02-03 02:33:27.740747
SPNG,24.58,24.91,26.89,1081900.0,781000.0,0,0,0,0,0,0,60,2026-02-03 02:33:28.779303
SMMR,25.01,25.25,0.0,200000.0,,0,0,0,0,0,0,60,2026-02-03 02:33:28.779303
ATMN,25.04,24.54,0.0,200000.0,,0,0,0,0,0,0,60,2026-02-03 02:33:28.779303
WNTR,25.02,25.44,0.0,200000.0,,0,0,0,0,0,0,60,2026-02-03 02:33:28.779303
SPNG,24.91,24.91,26.17,1140500.0,973300.0,0,0,0,0,0,0,61,2026-02-03 02:33:29.807656
SMMR,25.24,25.07,25.16,899100.0,1018300.0,0,0,0,0,0,0,61,2026-02-03 02:33:29.807656
ATMN,24.54,24.54,24.66,887300.0,966500.0,0,0,0,0,0,0,61,2026-02-03 02:33:29.807656
WNTR,25.47,25.44,25.47,953100.0,889600.0,0,0,0,0,0,0,61,2026-02-03 02:33:29.807656
SPNG,24.95,25.05,26.17,1261600.0,1065600.0,0,0,0,0,0,0,62,2026-02-03 02:33:30.836053
SMMR,25.16,25.31,25.32,1007600.0,896700.0,0,0,0,0,0,0,62,2026-02-03 02:33:30.836053
ATMN,24.54,24.54,24.59,1071200.0,1059500.0,0,0,0,0,0,0,62,2026-02-03 02:33:30.836053
WNTR,25.55,25.44,25.51,1049700.0,994900.0,0,0,0,0,0,0,62,2026-02-03 02:33:30.836053
SPNG,25.4,25.51,26.17,1309600.0,1065600.0,0,0,0,0,0,0,63,2026-02-03 02:33:31.860033
SMMR,25.06,25.06,25.26,936800.0,1156100.0,0,0,0,0,0,0,63,2026-02-03 02:33:31.860033
ATMN,24.54,24.54,24.59,971200.0,1369500.0,0,0,0,0,0,0,63,2026-02-03 02:33:31.860033
WNTR,25.4,25.4,25.46,949700.0,1020600.0,0,0,0,0,0,0,63,2026-02-03 02:33:31.860033
SPNG,20.85,21.27,25.53,1219000.0,1445800.0,0,0,0,0,0,0,64,2026-02-03 02:33:32.892089
SMMR,25.06,25.23,25.26,1267900.0,1156100.0,0,0,0,0,0,0,64,2026-02-03 02:33:32.892089
ATMN,24.66,24.54,24.59,971200.0,1519400.0,0,0,0,0,0,0,64,2026-02-03 02:33:32.892089
WNTR,25.4,25.41,25.46,1313300.0,1020600.0,0,0,0,0,0,0,64,2026-02-03 02:33:32.892089
SPNG,25.33,23.06,23.54,1321800.0,1556000.0,0,0,0,0,0,0,65,2026-02-03 02:33:33.915414
SMMR,25.32,25.23,25.32,1491200.0,896700.0,0,0,0,0,0,0,65,2026-02-03 02:33:33.915414
ATMN,24.22,24.22,24.59,908500.0,1634900.0,0,0,0,0,0,0,65,2026-02-03 02:33:33.915414
WNTR,25.46,25.41,25.46,1531200.0,1020600.0,0,0,0,0,0,0,65,2026-02-03 02:33:33.915414
SPNG,25.53,24.79,25.53,1547900.0,1445800.0,0,0,0,0,0,0,66,2026-02-03 02:33:34.950230
SMMR,25.33,25.25,25.33,1606400.0,1031600.0,0,0,0,0,0,0,66,2026-02-03 02:33:34.950230
ATMN,24.22,24.29,24.59,1132900.0,1719000.0,0,0,0,0,0,0,66,2026-02-03 02:33:34.950230
WNTR,25.46,25.46,25.55,1736300.0,1002300.0,0,0,0,0,0,0,66,2026-02-03 02:33:34.950230
SPNG,24.79,24.17,24.64,1528100.0,1694600.0,0,0,0,0,0,0,67,2026-02-03 02:33:35.980705
SMMR,25.43,25.25,25.43,1830600.0,1015800.0,0,0,0,0,0,0,67,2026-02-03 02:33:35.980705
ATMN,24.22,24.22,24.59,1251000.0,1719000.0,0,0,0,0,0,0,67,2026-02-03 02:33:35.980705
WNTR,25.41,25.41,25.55,1852000.0,1116500.0,0,0,0,0,0,0,67,2026-02-03 02:33:35.980705
SPNG,25.67,24.17,25.67,1528100.0,1428400.0,0,0,0,0,0,0,68,2026-02-03 02:33:37.009577
SMMR,25.43,25.25,25.27,2051700.0,1140400.0,0,0,0,0,0,0,68,2026-02-03 02:33:37.009577
ATMN,24.14,24.14,24.59,1290700.0,1719000.0,0,0,0,0,0,0,68,2026-02-03 02:33:37.009577
WNTR,25.55,25.57,25.61,2096400.0,1115900.0,0,0,0,0,0,0,68,2026-02-03 02:33:37.009577
SPNG,25.73,24.17,25.67,1528100.0,1444800.0,0,0,0,0,0,0,69,2026-02-03 02:33:37.562658
SMMR,25.25,25.25,25.27,2159000.0,1140400.0,0,0,0,0,0,0,69,2026-02-03 02:33:37.562658
ATMN,24.14,24.15,24.59,1522000.0,1719000.0,0,0,0,0,0,0,69,2026-02-03 02:33:37.562658
WNTR,25.55,25.57,25.61,2096400.0,1343200.0,0,0,0,0,0,0,69,2026-02-03 02:33:37.562658
SPNG,25.73,24.93,25.14,1748200.0,1545700.0,0,0,0,0,0,0,70,2026-02-03 02:33:38.602167
SMMR,25.23,25.23,25.27,2166500.0,1392000.0,0,0,0,0,0,0,70,2026-02-03 02:33:38.602167
ATMN,24.14,24.15,24.59,1737600.0,1835800.0,0,0,0,0,0,0,70,2026-02-03 02:33:38.602167
WNTR,25.55,25.57,25.61,2096400.0,1673300.0,0,0,0,0,0,0,70,2026-02-03 02:33:38.602167
SPNG,24.43,24.95,25.14,1745900.0,1545700.0,0,0,0,0,0,0,71,2026-02-03 02:33:39.632026
SMMR,25.23,25.23,25.25,2159100.0,1502700.0,0,0,0,0,0,0,71,2026-02-03 02:33:39.632026
ATMN,24.14,24.44,24.59,1934700.0,1932100.0,0,0,0,0,0,0,71,2026-02-03 02:33:39.632026
WNTR,25.4,25.4,25.57,1981100.0,1785900.0,0,0,0,0,0,0,71,2026-02-03 02:33:39.632026
SPNG,24.95,24.45,24.84,1875900.0,1669400.0,0,0,0,0,0,0,72,2026-02-03 02:33:40.662201
SMMR,25.23,25.24,25.25,2254700.0,1739700.0,0,0,0,0,0,0,72,2026-02-03 02:33:40.662201
ATMN,24.14,24.44,24.59,2057100.0,2151200.0,0,0,0,0,0,0,72,2026-02-03 02:33:40.662201
WNTR,25.57,25.57,25.61,2329500.0,1673300.0,0,0,0,0,0,0,72,2026-02-03 02:33:40.662201
SPNG,24.84,25.06,25.14,2381600.0,1545700.0,0,0,0,0,0,0,73,2026-02-03 02:33:41.692018
SMMR,25.25,25.24,25.25,2259500.0,1837400.0,0,0,0,0,0,0,73,2026-02-03 02:33:41.692018
ATMN,24.6,24.44,24.6,2057100.0,2120900.0,0,0,0,0,0,0,73,2026-02-03 02:33:41.692018
WNTR,25.57,25.57,25.61,2329500.0,1992900.0,0,0,0,0,0,0,73,2026-02-03 02:33:41.692018
SPNG,25.14,24.77,25.14,2380600.0,1444800.0,0,0,0,0,0,0,74,2026-02-03 02:33:42.718427
SMMR,25.23,25.23,25.27,2287300.0,1602100.0,0,0,0,0,0,0,74,2026-02-03 02:33:42.718427
ATMN,24.56,24.44,24.56,2194400.0,2149200.0,0,0,0,0,0,0,74,2026-02-03 02:33:42.718427
WNTR,25.57,25.57,25.61,2300800.0,2189700.0,0,0,0,0,0,0,74,2026-02-03 02:33:42.718427
SPNG,24.77,24.45,24.56,2127200.0,1558800.0,0,0,0,0,0,0,75,2026-02-03 02:33:43.753135
SMMR,25.34,25.23,25.28,2287300.0,1952100.0,0,0,0,0,0,0,75,2026-02-03 02:33:43.753135
ATMN,24.6,24.5,24.6,2306300.0,2122800.0,0,0,0,0,0,0,75,2026-02-03 02:33:43.753135
WNTR,25.61,25.57,25.61,2300800.0,2184400.0,0,0,0,0,0,0,75,2026-02-03 02:33:43.753135
SPNG,25.45,24.45,25.07,2254100.0,1578000.0,0,0,0,0,0,0,76,2026-02-03 02:33:44.781854
SMMR,25.28,25.23,25.28,2287300.0,2075600.0,0,0,0,0,0,0,76,2026-02-03 02:33:44.781854
ATMN,24.5,24.5,24.56,2306300.0,2150000.0,0,0,0,0,0,0,76,2026-02-03 02:33:44.781854
WNTR,25.55,25.55,25.61,2265900.0,2184400.0,0,0,0,0,0,0,76,2026-02-03 02:33:44.781854
SPNG,25.45,24.95,25.07,2572900.0,1578000.0,0,0,0,0,0,0,77,2026-02-03 02:33:45.808705
SMMR,25.23,25.21,25.23,2306900.0,2284100.0,0,0,0,0,0,0,77,2026-02-03 02:33:45.808705
ATMN,24.44,24.44,24.56,2194400.0,2158000.0,0,0,0,0,0,0,77,2026-02-03 02:33:45.808705
WNTR,25.67,25.55,25.67,2265900.0,1996900.0,0,0,0,0,0,0,77,2026-02-03 02:33:45.808705
SPNG,24.45,24.45,25.07,2594600.0,1703200.0,0,0,0,0,0,0,78,2026-02-03 02:33:46.840477
SMMR,25.23,25.23,25.27,2336500.0,2279800.0,0,0,0,0,0,0,78,2026-02-03 02:33:46.840477
ATMN,24.44,24.21,24.29,2201800.0,2178400.0,0,0,0,0,0,0,78,2026-02-03 02:33:46.840477
WNTR,25.55,25.43,25.55,2236600.0,2216700.0,0,0,0,0,0,0,78,2026-02-03 02:33:46.840477
SPNG,24.45,24.68,25.07,2450000.0,1794500.0,0,0,0,0,0,0,79,2026-02-03 02:33:47.869069
SMMR,25.2,25.2,25.27,2330400.0,2279800.0,0,0,0,0,0,0,79,2026-02-03 02:33:47.869069
ATMN,24.44,24.25,24.29,2294600.0,2178400.0,0,0,0,0,0,0,79,2026-02-03 02:33:47.869069
WNTR,25.55,25.43,25.52,2221400.0,2229300.0,0,0,0,0,0,0,79,2026-02-03 02:33:47.869069
SPNG,24.99,24.68,24.99,2450000.0,2049200.0,0,0,0,0,0,0,80,2026-02-03 02:33:48.899788
SMMR,25.19,25.21,25.27,2332900.0,2279800.0,0,0,0,0,0,0,80,2026-02-03 02:33:48.899788
ATMN,24.29,24.25,24.29,2241900.0,2178400.0,0,0,0,0,0,0,80,2026-02-03 02:33:48.899788
WNTR,25.63,25.55,25.63,2266600.0,2088000.0,0,0,0,0,0,0,80,2026-02-03 02:33:48.899788
SPNG,25.07,24.68,25.07,2378100.0,1925100.0,0,0,0,0,0,0,81,2026-02-03 02:33:49.925415
SMMR,25.3,25.23,25.3,2342900.0,2150500.0,0,0,0,0,0,0,81,2026-02-03 02:33:49.925415
ATMN,24.49,24.29,24.49,2223700.0,2171800.0,0,0,0,0,0,0,81,2026-02-03 02:33:49.925415
WNTR,25.67,25.67,25.69,2236300.0,1871400.0,0,0,0,0,0,0,81,2026-02-03 02:33:49.925415
SPNG,25.07,24.99,25.07,2317000.0,1925100.0,0,0,0,0,0,0,82,2026-02-03 02:33:50.951797
SMMR,25.21,25.23,25.25,2335300.0,2277600.0,0,0,0,0,0,0,82,2026-02-03 02:33:50.951797
ATMN,24.62,24.29,24.62,2223700.0,2153800.0,0,0,0,0,0,0,82,2026-02-03 02:33:50.951797
WNTR,25.67,25.55,25.58,2260900.0,2229800.0,0,0,0,0,0,0,82,2026-02-03 02:33:50.951797
SPNG,24.82,24.82,25.07,2365700.0,2036000.0,0,0,0,0,0,0,83,2026-02-03 02:33:51.980059
SMMR,25.29,25.23,25.29,2335700.0,2257700.0,0,0,0,0,0,0,83,2026-02-03 02:33:51.980059
ATMN,24.29,24.29,24.66,2223700.0,2134100.0,0,0,0,0,0,0,83,2026-02-03 02:33:51.980059
WNTR,25.58,25.43,25.58,2228600.0,2229800.0,0,0,0,0,0,0,83,2026-02-03 02:33:51.980059
SPNG,25.07,24.82,25.07,2365700.0,2128300.0,0,0,0,0,0,0,84,2026-02-03 02:33:53.006094
SMMR,25.23,25.23,25.29,2327400.0,2257700.0,0,0,0,0,0,0,84,2026-02-03 02:33:53.006094
ATMN,24.29,24.59,24.66,2208800.0,2134100.0,0,0,0,0,0,0,84,2026-02-03 02:33:53.006094
WNTR,25.58,25.5,25.55,2227900.0,2213400.0,0,0,0,0,0,0,84,2026-02-03 02:33:53.006094
SPNG,25.07,24.82,25.02,2304300.0,2178200.0,0,0,0,0,0,0,85,2026-02-03 02:33:54.035003
SMMR,25.29,25.29,25.3,2364900.0,2264800.0,0,0,0,0,0,0,85,2026-02-03 02:33:54.035003
ATMN,24.59,24.59,24.66,2208800.0,2118400.0,0,0,0,0,0,0,85,2026-02-03 02:33:54.035003
WNTR,25.5,25.5,25.69,2256100.0,2113500.0,0,0,0,0,0,0,85,2026-02-03 02:33:54.035003
SPNG,24.67,24.67,25.02,2380700.0,2178200.0,0,0,0,0,0,0,86,2026-02-03 02:33:55.063248
SMMR,25.24,25.25,25.3,2359500.0,2264800.0,0,0,0,0,0,0,86,2026-02-03 02:33:55.063248
ATMN,24.66,24.44,24.66,2194500.0,2092300.0,0,0,0,0,0,0,86,2026-02-03 02:33:55.063248
WNTR,25.48,25.48,25.71,2230400.0,1999300.0,0,0,0,0,0,0,86,2026-02-03 02:33:55.063248
SPNG,24.67,24.67,25.02,2380700.0,2207700.0,0,0,0,0,0,0,87,2026-02-03 02:33:56.094609
SMMR,25.24,25.28,25.3,2319800.0,2264800.0,0,0,0,0,0,0,87,2026-02-03 02:33:56.094609
ATMN,24.7,24.58,24.7,2208400.0,2100900.0,0,0,0,0,0,0,87,2026-02-03 02:33:56.094609
WNTR,25.72,25.65,25.72,2240100.0,1888600.0,0,0,0,0,0,0,87,2026-02-03 02:33:56.094609
SPNG,24.8,24.8,25.02,2316800.0,2200100.0,0,0,0,0,0,0,88,2026-02-03 02:33:57.121385
SMMR,25.36,25.26,25.36,2350000.0,2258700.0,0,0,0,0,0,0,88,2026-02-03 02:33:57.121385
ATMN,24.58,24.29,24.42,2195200.0,2099400.0,0,0,0,0,0,0,88,2026-02-03 02:33:57.121385
WNTR,25.65,25.49,25.64,2234400.0,2018400.0,0,0,0,0,0,0,88,2026-02-03 02:33:57.121385
SPNG,24.67,24.67,25.02,2380700.0,2200100.0,0,0,0,0,0,0,89,2026-02-03 02:33:57.648872
SMMR,25.36,25.27,25.36,2354700.0,2254700.0,0,0,0,0,0,0,89,2026-02-03 02:33:57.648872
ATMN,24.7,24.29,24.62,2195200.0,2080400.0,0,0,0,0,0,0,89,2026-02-03 02:33:57.648872
WNTR,25.73,25.49,25.62,2234400.0,1894300.0,0,0,0,0,0,0,89,2026-02-03 02:33:57.648872
SPNG,25.04,24.67,25.04,2356100.0,2210100.0,0,0,0,0,0,0,90,2026-02-03 02:33:58.687029
SMMR,25.26,25.26,25.36,2348900.0,2254700.0,0,0,0,0,0,0,90,2026-02-03 02:33:58.687029
ATMN,24.29,24.58,24.62,2209200.0,2080400.0,0,0,0,0,0,0,90,2026-02-03 02:33:58.687029
WNTR,25.73,25.55,25.62,2202800.0,1894300.0,0,0,0,0,0,0,90,2026-02-03 02:33:58.687029
SPNG,24.95,24.95,25.04,2354600.0,2217800.0,0,0,0,0,0,0,91,2026-02-03 02:33:59.721571
SMMR,25.26,25.31,25.33,2345000.0,2248300.0,0,0,0,0,0,0,91,2026-02-03 02:33:59.721571
ATMN,24.7,24.58,24.7,2209200.0,2079300.0,0,0,0,0,0,0,91,2026-02-03 02:33:59.721571
WNTR,25.73,25.58,25.62,2184000.0,1987900.0,0,0,0,0,0,0,91,2026-02-03 02:33:59.721571
SPNG,24.65,24.65,25.04,2389500.0,2278100.0,0,0,0,0,0,0,92,2026-02-03 02:34:00.763462
SMMR,25.37,25.34,25.37,2326700.0,2236600.0,0,0,0,0,0,0,92,2026-02-03 02:34:00.763462
ATMN,24.7,24.29,24.7,2203100.0,2116200.0,0,0,0,0,0,0,92,2026-02-03 02:34:00.763462
WNTR,25.62,25.58,25.62,2164600.0,1987900.0,0,0,0,0,0,0,92,2026-02-03 02:34:00.763462
SPNG,25.04,25.05,25.07,2386700.0,2297500.0,0,0,0,0,0,0,93,2026-02-03 02:34:01.788932
SMMR,25.37,25.34,25.36,2335000.0,2282300.0,0,0,0,0,0,0,93,2026-02-03 02:34:01.788932
ATMN,24.7,24.33,24.37,2177800.0,2077400.0,0,0,0,0,0,0,93,2026-02-03 02:34:01.788932
WNTR,25.73,25.58,25.73,2182800.0,1867000.0,0,0,0,0,0,0,93,2026-02-03 02:34:01.788932
SPNG,25.05,24.65,24.79,2348300.0,2306900.0,0,0,0,0,0,0,94,2026-02-03 02:34:02.823007
SMMR,25.25,25.25,25.36,2349800.0,2256200.0,0,0,0,0,0,0,94,2026-02-03 02:34:02.823007
ATMN,24.37,24.57,24.7,2137800.0,2075300.0,0,0,0,0,0,0,94,2026-02-03 02:34:02.823007
WNTR,25.58,25.58,25.62,2182800.0,2061700.0,0,0,0,0,0,0,94,2026-02-03 02:34:02.823007
SPNG,25.31,24.65,25.31,2348300.0,2264600.0,0,0,0,0,0,0,95,2026-02-03 02:34:03.851049
SMMR,25.37,25.25,25.37,2349800.0,2217800.0,0,0,0,0,0,0,95,2026-02-03 02:34:03.851049
ATMN,24.29,24.29,24.7,2198800.0,2075300.0,0,0,0,0,0,0,95,2026-02-03 02:34:03.851049
WNTR,25.58,25.55,25.57,2183800.0,1984200.0,0,0,0,0,0,0,95,2026-02-03 02:34:03.851049
SPNG,25.1,24.62,25.1,2372900.0,2300800.0,0,0,0,0,0,0,96,2026-02-03 02:34:04.910358
SMMR,25.4,25.28,25.4,2361500.0,2235500.0,0,0,0,0,0,0,96,2026-02-03 02:34:04.910358
ATMN,24.35,24.35,24.38,2190900.0,2113300.0,0,0,0,0,0,0,96,2026-02-03 02:34:04.910358
WNTR,25.74,25.49,25.74,2179300.0,1780900.0,0,0,0,0,0,0,96,2026-02-03 02:34:04.910358
SPNG,25.1,24.62,24.94,2320000.0,2283700.0,0,0,0,0,0,0,97,2026-02-03 02:34:05.944499
SMMR,25.42,25.28,25.41,2361500.0,2214500.0,0,0,0,0,0,0,97,2026-02-03 02:34:05.944499
ATMN,24.38,24.25,24.38,2193000.0,2113300.0,0,0,0,0,0,0,97,2026-02-03 02:34:05.944499
WNTR,25.74,25.49,25.55,2179300.0,1995000.0,0,0,0,0,0,0,97,2026-02-03 02:34:05.944499
SPNG,24.58,24.58,25.1,2346100.0,2300800.0,0,0,0,0,0,0,98,2026-02-03 02:34:06.973821
SMMR,25.25,25.29,25.38,2342900.0,2229400.0,0,0,0,0,0,0,98,2026-02-03 02:34:06.973821
ATMN,24.38,24.57,24.7,2195500.0,2098200.0,0,0,0,0,0,0,98,2026-02-03 02:34:06.973821
WNTR,25.74,25.49,25.74,2190200.0,1780900.0,0,0,0,0,0,0,98,2026-02-03 02:34:06.973821
SPNG,24.92,24.52,24.9,2352800.0,2279900.0,0,0,0,0,0,0,99,2026-02-03 02:34:07.996978
SMMR,25.25,25.35,25.38,2329300.0,2221900.0,0,0,0,0,0,0,99,2026-02-03 02:34:07.996978
ATMN,24.25,24.25,24.7,2168700.0,2066000.0,0,0,0,0,0,0,99,2026-02-03 02:34:07.996978
WNTR,25.68,25.68,25.74,2182800.0,1908700.0,0,0,0,0,0,0,99,2026-02-03 02:34:07.996978
SPNG,24.9,25.03,25.1,2372400.0,2300800.0,0,0,0,0,0,0,100,2026-02-03 02:34:09.021324
SMMR,25.24,25.24,25.36,2351400.0,2188700.0,0,0,0,0,0,0,100,2026-02-03 02:34:09.021324
ATMN,24.25,24.5,24.7,2156500.0,2035800.0,0,0,0,0,0,0,100,2026-02-03 02:34:09.021324
WNTR,25.48,25.48,25.57,2162400.0,2227400.0,0,0,0,0,0,0,100,2026-02-03 02:34:09.021324
SPNG,25.03,24.53,24.63,2396900.0,2270800.0,0,0,0,0,0,0,101,2026-02-03 02:34:10.051209
SMMR,25.36,25.23,25.36,2366800.0,2159700.0,0,0,0,0,0,0,101,2026-02-03 02:34:10.051209
ATMN,24.25,24.5,24.7,2156500.0,2077100.0,0,0,0,0,0,0,101,2026-02-03 02:34:10.051209
WNTR,25.57,25.48,25.57,2195500.0,2260900.0,0,0,0,0,0,0,101,2026-02-03 02:34:10.051209
SPNG,25.07,24.7,25.07,2407200.0,2290200.0,0,0,0,0,0,0,102,2026-02-03 02:34:11.076432
SMMR,25.21,25.24,25.36,2370200.0,2165100.0,0,0,0,0,0,0,102,2026-02-03 02:34:11.076432
ATMN,24.27,24.25,24.27,2184900.0,2101700.0,0,0,0,0,0,0,102,2026-02-03 02:34:11.076432
WNTR,25.66,25.64,25.66,2202900.0,2248600.0,0,0,0,0,0,0,102,2026-02-03 02:34:11.076432
SPNG,25.07,24.7,25.07,2328200.0,2308300.0,0,0,0,0,0,0,103,2026-02-03 02:34:12.099065
SMMR,25.38,25.29,25.38,2348600.0,2181300.0,0,0,0,0,0,0,103,2026-02-03 02:34:12.099065
ATMN,24.27,24.26,24.27,2182800.0,2101700.0,0,0,0,0,0,0,103,2026-02-03 02:34:12.099065
WNTR,25.64,25.64,25.66,2202900.0,2247200.0,0,0,0,0,0,0,103,2026-02-03 02:34:12.099065
SPNG,25.21,24.7,25.21,2328200.0,2311400.0,0,0,0,0,0,0,104,2026-02-03 02:34:13.123477
SMMR,25.41,25.29,25.39,2348600.0,2202700.0,0,0,0,0,0,0,104,2026-02-03 02:34:13.123477
ATMN,24.27,24.54,24.7,2162400.0,2085400.0,0,0,0,0,0,0,104,2026-02-03 02:34:13.123477
WNTR,25.61,25.61,25.64,2191100.0,2225800.0,0,0,0,0,0,0,104,2026-02-03 02:34:13.123477
SPNG,25.16,24.53,24.58,2345600.0,2281000.0,0,0,0,0,0,0,105,2026-02-03 02:34:14.148088
SMMR,25.24,25.24,25.39,2370200.0,2234500.0,0,0,0,0,0,0,105,2026-02-03 02:34:14.148088
ATMN,24.27,24.54,24.7,2162400.0,2062600.0,0,0,0,0,0,0,105,2026-02-03 02:34:14.148088
WNTR,25.66,25.61,25.66,2177800.0,2247200.0,0,0,0,0,0,0,105,2026-02-03 02:34:14.148088
SPNG,24.58,24.62,25.21,2334200.0,2272600.0,0,0,0,0,0,0,106,2026-02-03 02:34:15.175855
SMMR,25.19,25.19,25.39,2365600.0,2234500.0,0,0,0,0,0,0,106,2026-02-03 02:34:15.175855
ATMN,24.26,24.26,24.55,2182800.0,2065300.0,0,0,0,0,0,0,106,2026-02-03 02:34:15.175855
WNTR,25.55,25.55,25.56,2185100.0,2249700.0,0,0,0,0,0,0,106,2026-02-03 02:34:15.175855
SPNG,24.58,24.62,24.94,2334200.0,2205900.0,0,0,0,0,0,0,107,2026-02-03 02:34:16.203892
SMMR,25.25,25.31,25.32,2363200.0,2238700.0,0,0,0,0,0,0,107,2026-02-03 02:34:16.203892
ATMN,24.26,24.26,24.3,2158900.0,2060200.0,0,0,0,0,0,0,107,2026-02-03 02:34:16.203892
WNTR,25.66,25.55,25.66,2157700.0,2265500.0,0,0,0,0,0,0,107,2026-02-03 02:34:16.203892
SPNG,24.94,24.53,24.94,2345600.0,2205900.0,0,0,0,0,0,0,108,2026-02-03 02:34:17.231665
SMMR,25.39,25.31,25.36,2363200.0,2231400.0,0,0,0,0,0,0,108,2026-02-03 02:34:17.231665
ATMN,24.26,24.26,24.3,2137000.0,2060200.0,0,0,0,0,0,0,108,2026-02-03 02:34:17.231665
WNTR,25.71,25.53,25.71,2201000.0,2245700.0,0,0,0,0,0,0,108,2026-02-03 02:34:17.231665
SPNG,24.53,24.53,24.99,2345600.0,2231600.0,0,0,0,0,0,0,109,2026-02-03 02:34:18.262496
SMMR,25.39,25.31,25.35,2363400.0,2224900.0,0,0,0,0,0,0,109,2026-02-03 02:34:18.262496
ATMN,24.3,24.26,24.3,2137000.0,2060200.0,0,0,0,0,0,0,109,2026-02-03 02:34:18.262496
WNTR,25.53,25.48,25.5,2195500.0,2266500.0,0,0,0,0,0,0,109,2026-02-03 02:34:18.262496
SPNG,24.99,24.53,24.99,2314600.0,2231600.0,0,0,0,0,0,0,110,2026-02-03 02:34:19.296796
SMMR,25.31,25.19,25.28,2378300.0,2200400.0,0,0,0,0,0,0,110,2026-02-03 02:34:19.296796
ATMN,24.7,24.24,24.7,2137200.0,2062600.0,0,0,0,0,0,0,110,2026-02-03 02:34:19.296796
WNTR,25.48,25.48,25.71,2161200.0,2245700.0,0,0,0,0,0,0,110,2026-02-03 02:34:19.296796
SPNG,24.99,24.98,24.99,2298800.0,2222700.0,0,0,0,0,0,0,111,2026-02-03 02:34:19.827214
SMMR,25.28,25.29,25.35,2370000.0,2224900.0,0,0,0,0,0,0,111,2026-02-03 02:34:19.827214
ATMN,24.7,24.35,24.48,2153400.0,2082800.0,0,0,0,0,0,0,111,2026-02-03 02:34:19.827214
WNTR,25.48,25.48,25.57,2174200.0,2243600.0,0,0,0,0,0,0,111,2026-02-03 02:34:19.827214
SPNG,25.09,24.47,25.09,2326500.0,2250400.0,0,0,0,0,0,0,112,2026-02-03 02:34:20.875756
SMMR,25.29,25.19,25.26,2364000.0,2202400.0,0,0,0,0,0,0,112,2026-02-03 02:34:20.875756
ATMN,24.35,24.35,24.48,2153400.0,2079500.0,0,0,0,0,0,0,112,2026-02-03 02:34:20.875756
WNTR,25.66,25.48,25.54,2174200.0,2250300.0,0,0,0,0,0,0,112,2026-02-03 02:34:20.875756
SPNG,24.47,24.99,25.09,2292700.0,2250400.0,0,0,0,0,0,0,113,2026-02-03 02:34:21.902231
SMMR,25.35,25.19,25.35,2364000.0,2224900.0,0,0,0,0,0,0,113,2026-02-03 02:34:21.902231
ATMN,24.35,24.35,24.48,2142800.0,2079500.0,0,0,0,0,0,0,113,2026-02-03 02:34:21.902231
WNTR,25.63,25.46,25.47,2151400.0,2271400.0,0,0,0,0,0,0,113,2026-02-03 02:34:21.902231
SPNG,24.47,24.99,25.09,2292700.0,2237800.0,0,0,0,0,0,0,114,2026-02-03 02:34:22.936930
SMMR,25.35,25.19,25.35,2350600.0,2224900.0,0,0,0,0,0,0,114,2026-02-03 02:34:22.936930
ATMN,24.49,24.51,24.7,2115100.0,2071300.0,0,0,0,0,0,0,114,2026-02-03 02:34:22.936930
WNTR,25.47,25.57,25.61,2144400.0,2237700.0,0,0,0,0,0,0,114,2026-02-03 02:34:22.936930
SPNG,24.47,24.81,25.09,2305600.0,2266800.0,0,0,0,0,0,0,115,2026-02-03 02:34:23.969340
SMMR,25.19,25.29,25.35,2341400.0,2224900.0,0,0,0,0,0,0,115,2026-02-03 02:34:23.969340
ATMN,24.49,24.51,24.6,2148900.0,2076700.0,0,0,0,0,0,0,115,2026-02-03 02:34:23.969340
WNTR,25.61,25.46,25.54,2151400.0,2238700.0,0,0,0,0,0,0,115,2026-02-03 02:34:23.969340
SPNG,24.81,24.47,24.76,2292700.0,2274500.0,0,0,0,0,0,0,116,2026-02-03 02:34:24.998155
SMMR,25.19,25.26,25.31,2358900.0,2206200.0,0,0,0,0,0,0,116,2026-02-03 02:34:24.998155
ATMN,24.52,24.52,24.6,2174000.0,2076700.0,0,0,0,0,0,0,116,2026-02-03 02:34:24.998155
WNTR,25.4,25.4,25.54,2160000.0,2238700.0,0,0,0,0,0,0,116,2026-02-03 02:34:24.998155
SPNG,25.04,24.47,25.04,2267200.0,2285500.0,0,0,0,0,0,0,117,2026-02-03 02:34:26.030037
SMMR,25.19,25.19,25.28,2380300.0,2203800.0,0,0,0,0,0,0,117,2026-02-03 02:34:26.030037
ATMN,24.24,24.24,24.6,2125300.0,2076700.0,0,0,0,0,0,0,117,2026-02-03 02:34:26.030037
WNTR,25.4,25.4,25.5,2143700.0,2239800.0,0,0,0,0,0,0,117,2026-02-03 02:34:26.030037
SPNG,25.11,24.47,25.11,2267100.0,2236300.0,0,0,0,0,0,0,118,2026-02-03 02:34:27.061808
SMMR,25.28,25.19,25.28,2390200.0,2203800.0,0,0,0,0,0,0,118,2026-02-03 02:34:27.061808
ATMN,24.5,24.41,24.5,2116000.0,2104100.0,0,0,0,0,0,0,118,2026-02-03 02:34:27.061808
WNTR,25.4,25.4,25.61,2164800.0,2237700.0,0,0,0,0,0,0,118,2026-02-03 02:34:27.061808
SPNG,24.47,24.47,25.11,2267100.0,2236300.0,0,0,0,0,0,0,119,2026-02-03 02:34:28.088400
SMMR,25.19,25.19,25.28,2398200.0,2208600.0,0,0,0,0,0,0,119,2026-02-03 02:34:28.088400
ATMN,24.41,24.24,24.38,2125300.0,2107700.0,0,0,0,0,0,0,119,2026-02-03 02:34:28.088400
WNTR,25.68,25.4,25.56,2157100.0,2260700.0,0,0,0,0,0,0,119,2026-02-03 02:34:28.088400
SPNG,25.13,26.4,0.0,200000.0,0,0,0,0,0,0,0,120,2026-02-03 02:34:29.116434
SMMR,25.31,26.25,0.0,200000.0,0,0,0,0,0,0,0,120,2026-02-03 02:34:29.116434
ATMN,24.41,26.29,0.0,200000.0,0,0,0,0,0,0,0,120,2026-02-03 02:34:29.116434
WNTR,25.56,26.19,0.0,200000.0,0,0,0,0,0,0,0,120,2026-02-03 02:34:29.116434
SPNG,26.8,26.4,26.57,875600.0,896100.0,0,0,0,0,0,0,121,2026-02-03 02:34:30.140734
SMMR,26.25,25.84,25.98,1134500.0,856800.0,0,0,0,0,0,0,121,2026-02-03 02:34:30.140734
ATMN,25.37,26.06,26.13,1015000.0,734400.0,0,0,0,0,0,0,121,2026-02-03 02:34:30.140734
WNTR,27.01,26.19,26.47,914800.0,865900.0,0,0,0,0,0,0,121,2026-02-03 02:34:30.140734
SPNG,26.09,26.09,26.57,1052900.0,896100.0,0,0,0,0,0,0,122,2026-02-03 02:34:31.164700
SMMR,26.25,25.96,25.98,1471000.0,856800.0,0,0,0,0,0,0,122,2026-02-03 02:34:31.164700
ATMN,26.22,26.06,26.22,1334600.0,734600.0,0,0,0,0,0,0,122,2026-02-03 02:34:31.164700
WNTR,26.21,26.19,26.21,914800.0,1116200.0,0,0,0,0,0,0,122,2026-02-03 02:34:31.164700
SPNG,26.57,27.06,27.47,1175200.0,945500.0,0,0,0,0,0,0,123,2026-02-03 02:34:32.193511
SMMR,26.21,26.39,26.44,1695100.0,966600.0,0,0,0,0,0,0,123,2026-02-03 02:34:32.193511
ATMN,26.2,26.2,26.22,1511400.0,734600.0,0,0,0,0,0,0,123,2026-02-03 02:34:32.193511
WNTR,26.21,26.37,26.41,1118100.0,1098300.0,0,0,0,0,0,0,123,2026-02-03 02:34:32.193511
SPNG,27.06,26.09,26.92,1052900.0,1347100.0,0,0,0,0,0,0,124,2026-02-03 02:34:33.216971
SMMR,26.39,26.17,26.25,1772800.0,1092600.0,0,0,0,0,0,0,124,2026-02-03 02:34:33.216971
ATMN,26.74,26.2,26.71,1511400.0,936700.0,0,0,0,0,0,0,124,2026-02-03 02:34:33.216971
WNTR,26.41,25.91,26.41,930000.0,1223000.0,0,0,0,0,0,0,124,2026-02-03 02:34:33.216971
SPNG,27.06,26.24,26.92,1167800.0,1569700.0,0,0,0,0,0,0,125,2026-02-03 02:34:34.252649
SMMR,26.34,26.17,26.24,1772800.0,1184100.0,0,0,0,0,0,0,125,2026-02-03 02:34:34.252649
ATMN,25.86,25.86,25.95,1249700.0,1135200.0,0,0,0,0,0,0,125,2026-02-03 02:34:34.252649
WNTR,26.47,26.16,26.47,1172900.0,1096800.0,0,0,0,0,0,0,125,2026-02-03 02:34:34.252649
SPNG,26.47,26.6,26.72,1263800.0,1688500.0,0,0,0,0,0,0,126,2026-02-03 02:34:35.278162
SMMR,26.24,26.34,26.44,1889500.0,1258900.0,0,0,0,0,0,0,126,2026-02-03 02:34:35.278162
ATMN,25.95,26.25,26.46,1467700.0,1032000.0,0,0,0,0,0,0,126,2026-02-03 02:34:35.278162
WNTR,26.16,26.05,26.12,1305000.0,1224200.0,0,0,0,0,0,0,126,2026-02-03 02:34:35.278162
SPNG,26.6,26.24,26.49,1167800.0,1963000.0,0,0,0,0,0,0,127,2026-02-03 02:34:36.310028
SMMR,26.3,26.32,26.33,1890500.0,1359600.0,0,0,0,0,0,0,127,2026-02-03 02:34:36.310028
ATMN,25.95,26.25,26.41,1467700.0,1306000.0,0,0,0,0,0,0,127,2026-02-03 02:34:36.310028
WNTR,26.05,25.91,26.03,1404400.0,1348200.0,0,0,0,0,0,0,127,2026-02-03 02:34:36.310028
SPNG,26.09,26.09,26.49,1265500.0,1963000.0,0,0,0,0,0,0,128,2026-02-03 02:34:37.336299
SMMR,26.44,26.32,26.44,1890500.0,1361200.0,0,0,0,0,0,0,128,2026-02-03 02:34:37.336299
ATMN,26.25,26.25,26.41,1467700.0,1505600.0,0,0,0,0,0,0,128,2026-02-03 02:34:37.336299
WNTR,26.05,26.01,26.03,1872300.0,1348200.0,0,0,0,0,0,0,128,2026-02-03 02:34:37.336299
SPNG,26.09,26.18,26.29,1364800.0,2021400.0,0,0,0,0,0,0,129,2026-02-03 02:34:38.363841
SMMR,26.37,26.37,26.44,2004600.0,1472600.0,0,0,0,0,0,0,129,2026-02-03 02:34:38.363841
ATMN,26.25,25.9,26.06,1554000.0,1610600.0,0,0,0,0,0,0,129,2026-02-03 02:34:38.363841
WNTR,26.25,26.25,26.34,1994800.0,1199500.0,0,0,0,0,0,0,129,2026-02-03 02:34:38.363841
SPNG,26.09,26.18,26.29,1580100.0,2062800.0,0,0,0,0,0,0,130,2026-02-03 02:34:39.386096
SMMR,26.22,26.17,26.22,1772800.0,1695200.0,0,0,0,0,0,0,130,2026-02-03 02:34:39.386096
ATMN,26.25,25.98,26.06,1873500.0,1610600.0,0,0,0,0,0,0,130,2026-02-03 02:34:39.386096
WNTR,26.25,26.01,26.22,1872300.0,1510500.0,0,0,0,0,0,0,130,2026-02-03 02:34:39.386096
SPNG,26.29,26.18,26.29,1580100.0,2062800.0,0,0,0,0,0,0,131,2026-02-03 02:34:40.416820
SMMR,26.22,26.17,26.22,2102900.0,1695200.0,0,0,0,0,0,0,131,2026-02-03 02:34:40.416820
ATMN,25.98,25.99,26.06,2058800.0,1610600.0,0,0,0,0,0,0,131,2026-02-03 02:34:40.416820
WNTR,26.34,26.2,26.34,1989000.0,1516700.0,0,0,0,0,0,0,131,2026-02-03 02:34:40.416820
SPNG,26.29,26.18,26.29,1826100.0,2062800.0,0,0,0,0,0,0,132,2026-02-03 02:34:40.949536
SMMR,26.27,26.27,26.43,2223900.0,1584600.0,0,0,0,0,0,0,132,2026-02-03 02:34:40.949536
ATMN,26.42,25.99,26.06,2058800.0,1526700.0,0,0,0,0,0,0,132,2026-02-03 02:34:40.949536
WNTR,26.2,26.2,26.24,1989000.0,1642000.0,0,0,0,0,0,0,132,2026-02-03 02:34:40.949536
SPNG,26.29,26.18,26.29,2043700.0,2070900.0,0,0,0,0,0,0,133,2026-02-03 02:34:41.983725
SMMR,26.43,26.27,26.43,2208100.0,1584600.0,0,0,0,0,0,0,133,2026-02-03 02:34:41.983725
ATMN,25.9,25.9,26.06,2082100.0,1526700.0,0,0,0,0,0,0,133,2026-02-03 02:34:41.983725
WNTR,26.01,26.01,26.06,2005400.0,1766000.0,0,0,0,0,0,0,133,2026-02-03 02:34:41.983725
SPNG,26.13,26.13,26.54,2043600.0,2030000.0,0,0,0,0,0,0,134,2026-02-03 02:34:43.020005
SMMR,26.43,26.42,26.43,2186200.0,1783800.0,0,0,0,0,0,0,134,2026-02-03 02:34:43.020005
ATMN,26.06,26.02,26.06,2124200.0,1526700.0,0,0,0,0,0,0,134,2026-02-03 02:34:43.020005
WNTR,26.24,26.01,26.24,2096700.0,1642000.0,0,0,0,0,0,0,134,2026-02-03 02:34:43.020005
SPNG,26.09,26.03,26.06,1828900.0,2101500.0,0,0,0,0,0,0,135,2026-02-03 02:34:44.046131
SMMR,26.44,26.42,26.44,2186200.0,1880700.0,0,0,0,0,0,0,135,2026-02-03 02:34:44.046131
ATMN,25.9,25.9,26.06,2115300.0,1723600.0,0,0,0,0,0,0,135,2026-02-03 02:34:44.046131
WNTR,26.07,26.16,26.21,2192300.0,1764600.0,0,0,0,0,0,0,135,2026-02-03 02:34:44.046131
SPNG,26.09,26.03,26.06,2149200.0,2101500.0,0,0,0,0,0,0,136,2026-02-03 02:34:45.075993
SMMR,26.42,26.27,26.38,2208100.0,2102800.0,0,0,0,0,0,0,136,2026-02-03 02:34:45.075993
ATMN,25.89,25.89,26.06,2069900.0,1723600.0,0,0,0,0,0,0,136,2026-02-03 02:34:45.075993
WNTR,26.07,26.16,26.17,2192300.0,2113000.0,0,0,0,0,0,0,136,2026-02-03 02:34:45.075993
SPNG,26.06,26.53,26.54,2177400.0,2072400.0,0,0,0,0,0,0,137,2026-02-03 02:34:46.107391
SMMR,26.44,26.18,26.44,2173900.0,2000100.0,0,0,0,0,0,0,137,2026-02-03 02:34:46.107391
ATMN,26.21,25.98,26.21,2073100.0,1603200.0,0,0,0,0,0,0,137,2026-02-03 02:34:46.107391
WNTR,26.07,26.16,26.17,2192300.0,2117300.0,0,0,0,0,0,0,137,2026-02-03 02:34:46.107391
SPNG,25.88,25.88,26.48,2141400.0,2069600.0,0,0,0,0,0,0,138,2026-02-03 02:34:47.144488
SMMR,26.32,26.18,26.32,2173900.0,1995600.0,0,0,0,0,0,0,138,2026-02-03 02:34:47.144488
ATMN,25.88,26.15,26.21,2104000.0,1603200.0,0,0,0,0,0,0,138,2026-02-03 02:34:47.144488
WNTR,26.17,26.01,26.06,2096700.0,2127700.0,0,0,0,0,0,0,138,2026-02-03 02:34:47.144488
SPNG,26.54,26.56,26.58,2251700.0,2072700.0,0,0,0,0,0,0,139,2026-02-03 02:34:48.172541
SMMR,26.32,26.38,26.41,2178800.0,1974700.0,0,0,0,0,0,0,139,2026-02-03 02:34:48.172541
ATMN,26.15,26.15,26.33,2104000.0,1576800.0,0,0,0,0,0,0,139,2026-02-03 02:34:48.172541
WNTR,26.17,26.01,26.06,2276400.0,2154900.0,0,0,0,0,0,0,139,2026-02-03 02:34:48.172541
SPNG,26.36,26.52,26.58,2171100.0,2072700.0,0,0,0,0,0,0,140,2026-02-03 02:34:49.200307
SMMR,26.38,26.18,26.29,2157800.0,2090100.0,0,0,0,0,0,0,140,2026-02-03 02:34:49.200307
ATMN,26.08,26.23,26.33,2099900.0,1576800.0,0,0,0,0,0,0,140,2026-02-03 02:34:49.200307
WNTR,26.03,26.03,26.06,2283400.0,2184500.0,0,0,0,0,0,0,140,2026-02-03 02:34:49.200307
SPNG,25.88,25.88,26.58,2148500.0,2109700.0,0,0,0,0,0,0,141,2026-02-03 02:34:50.224824
SMMR,26.42,26.18,26.35,2157800.0,2012500.0,0,0,0,0,0,0,141,2026-02-03 02:34:50.224824
ATMN,25.86,25.86,26.33,2067200.0,1665700.0,0,0,0,0,0,0,141,2026-02-03 02:34:50.224824
WNTR,26.03,26.03,26.06,2254000.0,2171900.0,0,0,0,0,0,0,141,2026-02-03 02:34:50.224824
SPNG,25.88,25.88,26.22,2060500.0,2118700.0,0,0,0,0,0,0,142,2026-02-03 02:34:51.255060
SMMR,26.35,26.25,26.35,2171700.0,2012500.0,0,0,0,0,0,0,142,2026-02-03 02:34:51.255060
ATMN,25.82,25.82,26.21,2088600.0,1764000.0,0,0,0,0,0,0,142,2026-02-03 02:34:51.255060
WNTR,26.06,26.03,26.06,2242400.0,2201600.0,0,0,0,0,0,0,142,2026-02-03 02:34:51.255060
SPNG,25.88,25.88,26.22,2190600.0,2118700.0,0,0,0,0,0,0,143,2026-02-03 02:34:52.279877
SMMR,26.25,26.18,26.2,2163600.0,2126700.0,0,0,0,0,0,0,143,2026-02-03 02:34:52.279877
ATMN,25.82,26.02,26.21,2051000.0,1764000.0,0,0,0,0,0,0,143,2026-02-03 02:34:52.279877
WNTR,26.03,26.03,26.06,2248500.0,2182500.0,0,0,0,0,0,0,143,2026-02-03 02:34:52.279877
SPNG,26.22,26.27,26.58,2154400.0,2128100.0,0,0,0,0,0,0,144,2026-02-03 02:34:53.308648
SMMR,26.45,26.42,26.45,2087200.0,1888700.0,0,0,0,0,0,0,144,2026-02-03 02:34:53.308648
ATMN,26.02,26.06,26.21,2066500.0,1764000.0,0,0,0,0,0,0,144,2026-02-03 02:34:53.308648
WNTR,26.03,26.05,26.06,2259800.0,2182500.0,0,0,0,0,0,0,144,2026-02-03 02:34:53.308648
SPNG,26.58,25.88,26.58,2191500.0,2128100.0,0,0,0,0,0,0,145,2026-02-03 02:34:54.331729
SMMR,26.42,26.18,26.27,2117700.0,2003900.0,0,0,0,0,0,0,145,2026-02-03 02:34:54.331729
ATMN,26.3,26.06,26.21,2066500.0,1866800.0,0,0,0,0,0,0,145,2026-02-03 02:34:54.331729
WNTR,25.98,25.98,26.06,2236700.0,2182500.0,0,0,0,0,0,0,145,2026-02-03 02:34:54.331729
SPNG,26.58,26.57,26.58,2155100.0,2151600.0,0,0,0,0,0,0,146,2026-02-03 02:34:55.357801
SMMR,26.27,26.16,26.27,2172600.0,2003900.0,0,0,0,0,0,0,146,2026-02-03 02:34:55.357801
ATMN,26.3,26.06,26.21,2056600.0,1896600.0,0,0,0,0,0,0,146,2026-02-03 02:34:55.357801
WNTR,26.06,25.97,26.06,2242500.0,2185400.0,0,0,0,0,0,0,146,2026-02-03 02:34:55.357801
SPNG,26.57,25.88,26.25,2148400.0,2139000.0,0,0,0,0,0,0,147,2026-02-03 02:34:56.380107
SMMR,26.27,26.25,26.27,2182800.0,2003900.0,0,0,0,0,0,0,147,2026-02-03 02:34:56.380107
ATMN,26.24,26.06,26.23,2056600.0,1916600.0,0,0,0,0,0,0,147,2026-02-03 02:34:56.380107
WNTR,26.09,25.97,26.09,2221200.0,2187200.0,0,0,0,0,0,0,147,2026-02-03 02:34:56.380107
SPNG,26.57,26.15,26.25,2135900.0,2143800.0,0,0,0,0,0,0,148,2026-02-03 02:34:57.408968
SMMR,26.27,26.25,26.27,2183300.0,2129100.0,0,0,0,0,0,0,148,2026-02-03 02:34:57.408968
ATMN,26.06,26.06,26.23,2056600.0,1910500.0,0,0,0,0,0,0,148,2026-02-03 02:34:57.408968
WNTR,26.09,25.97,26.09,2252100.0,2187200.0,0,0,0,0,0,0,148,2026-02-03 02:34:57.408968
SPNG,26.01,26.02,26.58,2125900.0,2168800.0,0,0,0,0,0,0,149,2026-02-03 02:34:58.432309
SMMR,26.36,26.3,26.36,2165000.0,2013900.0,0,0,0,0,0,0,149,2026-02-03 02:34:58.432309
ATMN,26.06,26.06,26.17,2063100.0,1929900.0,0,0,0,0,0,0,149,2026-02-03 02:34:58.432309
WNTR,26.1,26.09,26.1,2238900.0,2153900.0,0,0,0,0,0,0,149,2026-02-03 02:34:58.432309
SPNG,26.01,26.11,26.24,2137700.0,2180200.0,0,0,0,0,0,0,150,2026-02-03 02:34:59.463247
SMMR,26.22,26.22,26.45,2177700.0,1767400.0,0,0,0,0,0,0,150,2026-02-03 02:34:59.463247
ATMN,26.06,26.06,26.17,2047900.0,1976200.0,0,0,0,0,0,0,150,2026-02-03 02:34:59.463247
WNTR,26.09,26.09,26.1,2238900.0,2162900.0,0,0,0,0,0,0,150,2026-02-03 02:34:59.463247
SPNG,26.58,26.11,26.44,2137700.0,2153500.0,0,0,0,0,0,0,151,2026-02-03 02:35:00.491719
SMMR,26.25,26.22,26.24,2136800.0,1891100.0,0,0,0,0,0,0,151,2026-02-03 02:35:00.491719
ATMN,25.84,25.84,26.17,2016400.0,1943700.0,0,0,0,0,0,0,151,2026-02-03 02:35:00.491719
WNTR,25.96,25.96,26.1,2227300.0,2162900.0,0,0,0,0,0,0,151,2026-02-03 02:35:00.491719
SPNG,26.44,26.51,26.58,2134900.0,2168800.0,0,0,0,0,0,0,152,2026-02-03 02:35:01.521834
SMMR,26.25,26.22,26.24,2167000.0,1891100.0,0,0,0,0,0,0,152,2026-02-03 02:35:01.521834
ATMN,25.8,25.8,26.17,2017600.0,1943700.0,0,0,0,0,0,0,152,2026-02-03 02:35:01.521834
WNTR,25.96,25.96,26.1,2227300.0,2167100.0,0,0,0,0,0,0,152,2026-02-03 02:35:01.521834
SPNG,26.22,26.35,26.45,2130500.0,2177500.0,0,0,0,0,0,0,153,2026-02-03 02:35:02.554627
SMMR,26.45,26.22,26.45,2193800.0,1767400.0,0,0,0,0,0,0,153,2026-02-03 02:35:02.554627
ATMN,26.23,26.03,26.23,2009100.0,1950900.0,0,0,0,0,0,0,153,2026-02-03 02:35:02.554627
WNTR,26.1,25.96,26.1,2219900.0,2169800.0,0,0,0,0,0,0,153,2026-02-03 02:35:02.554627
SPNG,26.22,26.35,26.45,2130500.0,2153900.0,0,0,0,0,0,0,154,2026-02-03 02:35:03.097656
SMMR,26.22,26.22,26.45,2170700.0,1767400.0,0,0,0,0,0,0,154,2026-02-03 02:35:03.097656
ATMN,26.03,26.03,26.23,2009100.0,1950900.0,0,0,0,0,0,0,154,2026-02-03 02:35:03.097656
WNTR,26.1,26.02,26.1,2182400.0,2169800.0,0,0,0,0,0,0,154,2026-02-03 02:35:03.097656
SPNG,26.02,26.43,26.45,2103500.0,2180200.0,0,0,0,0,0,0,155,2026-02-03 02:35:04.126375
SMMR,26.22,26.33,26.45,2197900.0,1894600.0,0,0,0,0,0,0,155,2026-02-03 02:35:04.126375
ATMN,26.03,26.03,26.23,2012800.0,1950900.0,0,0,0,0,0,0,155,2026-02-03 02:35:04.126375
WNTR,25.96,25.96,26.09,2204600.0,2187500.0,0,0,0,0,0,0,155,2026-02-03 02:35:04.126375
SPNG,26.43,26.43,26.45,2103500.0,2169300.0,0,0,0,0,0,0,156,2026-02-03 02:35:05.161577
SMMR,26.33,26.33,26.45,2197900.0,2104200.0,0,0,0,0,0,0,156,2026-02-03 02:35:05.161577
ATMN,26.03,25.99,26.02,2011200.0,1941500.0,0,0,0,0,0,0,156,2026-02-03 02:35:05.161577
WNTR,25.91,25.91,25.97,2251600.0,2185300.0,0,0,0,0,0,0,156,2026-02-03 02:35:05.161577
SPNG,26.45,26.02,26.45,2118500.0,2171000.0,0,0,0,0,0,0,157,2026-02-03 02:35:06.189770
SMMR,26.3,26.22,26.29,2180100.0,2105800.0,0,0,0,0,0,0,157,2026-02-03 02:35:06.189770
ATMN,25.99,25.99,26.23,2003800.0,1950900.0,0,0,0,0,0,0,157,2026-02-03 02:35:06.189770
WNTR,25.97,26.07,26.09,2239700.0,2197600.0,0,0,0,0,0,0,157,2026-02-03 02:35:06.189770
SPNG,26.53,26.02,26.53,2118500.0,2158000.0,0,0,0,0,0,0,158,2026-02-03 02:35:07.221691
SMMR,26.3,26.25,26.29,2137500.0,2104700.0,0,0,0,0,0,0,158,2026-02-03 02:35:07.221691
ATMN,26.24,26.03,26.24,1984900.0,1982600.0,0,0,0,0,0,0,158,2026-02-03 02:35:07.221691
WNTR,25.97,26.07,26.09,2239700.0,2191400.0,0,0,0,0,0,0,158,2026-02-03 02:35:07.221691
SPNG,25.93,26.03,26.53,2145000.0,2158000.0,0,0,0,0,0,0,159,2026-02-03 02:35:08.243620
SMMR,26.29,26.25,26.29,2140300.0,2104700.0,0,0,0,0,0,0,159,2026-02-03 02:35:08.243620
ATMN,26.26,26.07,26.26,1964600.0,1967700.0,0,0,0,0,0,0,159,2026-02-03 02:35:08.243620
WNTR,25.9,25.9,26.02,2232200.0,2183800.0,0,0,0,0,0,0,159,2026-02-03 02:35:08.243620
SPNG,26.58,26.41,26.58,2129700.0,2153600.0,0,0,0,0,0,0,160,2026-02-03 02:35:09.272656
SMMR,26.45,26.25,26.28,2140300.0,2127300.0,0,0,0,0,0,0,160,2026-02-03 02:35:09.272656
ATMN,26.26,26.07,26.26,1959500.0,1967700.0,0,0,0,0,0,0,160,2026-02-03 02:35:09.272656
WNTR,25.9,25.96,25.98,2204000.0,2170500.0,0,0,0,0,0,0,160,2026-02-03 02:35:09.272656
SPNG,26.16,26.39,26.58,2126400.0,2153600.0,0,0,0,0,0,0,161,2026-02-03 02:35:10.298884
SMMR,26.21,26.31,26.45,2140100.0,2126400.0,0,0,0,0,0,0,161,2026-02-03 02:35:10.298884
ATMN,26.03,26.03,26.26,1944100.0,1967700.0,0,0,0,0,0,0,161,2026-02-03 02:35:10.298884
WNTR,25.95,25.97,25.98,2220100.0,2170500.0,0,0,0,0,0,0,161,2026-02-03 02:35:10.298884
SPNG,26.59,26.39,26.59,2126400.0,2089800.0,0,0,0,0,0,0,162,2026-02-03 02:35:11.329601
SMMR,26.31,26.21,26.22,2175200.0,2147500.0,0,0,0,0,0,0,162,2026-02-03 02:35:11.329601
ATMN,26.33,26.03,26.22,1969100.0,1969300.0,0,0,0,0,0,0,162,2026-02-03 02:35:11.329601
WNTR,26.1,25.97,26.1,2220100.0,2166200.0,0,0,0,0,0,0,162,2026-02-03 02:35:11.329601
SPNG,26.59,26.39,26.48,2126400.0,2069200.0,0,0,0,0,0,0,163,2026-02-03 02:35:12.357344
SMMR,26.21,26.21,26.45,2175200.0,2024100.0,0,0,0,0,0,0,163,2026-02-03 02:35:12.357344
ATMN,26.4,26.04,26.4,1986500.0,1941900.0,0,0,0,0,0,0,163,2026-02-03 02:35:12.357344
WNTR,26.11,25.97,26.06,2202600.0,2133900.0,0,0,0,0,0,0,163,2026-02-03 02:35:12.357344
SPNG,26.39,26.39,26.48,2105600.0,2069200.0,0,0,0,0,0,0,164,2026-02-03 02:35:13.385111
SMMR,26.19,26.19,26.45,2227100.0,2024100.0,0,0,0,0,0,0,164,2026-02-03 02:35:13.385111
ATMN,26.4,26.11,26.16,1988100.0,1962300.0,0,0,0,0,0,0,164,2026-02-03 02:35:13.385111
WNTR,25.9,25.93,26.06,2160700.0,2133900.0,0,0,0,0,0,0,164,2026-02-03 02:35:13.385111
SPNG,26.6,26.39,26.6,2071300.0,2042300.0,0,0,0,0,0,0,165,2026-02-03 02:35:14.412964
SMMR,26.36,26.19,26.35,2227100.0,2134300.0,0,0,0,0,0,0,165,2026-02-03 02:35:14.412964
ATMN,26.16,26.11,26.13,1988100.0,1963800.0,0,0,0,0,0,0,165,2026-02-03 02:35:14.412964
WNTR,26.11,25.93,26.11,2155100.0,2140500.0,0,0,0,0,0,0,165,2026-02-03 02:35:14.412964
SPNG,26.6,26.4,26.6,2068900.0,2018500.0,0,0,0,0,0,0,166,2026-02-03 02:35:15.439122
SMMR,26.36,26.29,26.35,2203400.0,2134300.0,0,0,0,0,0,0,166,2026-02-03 02:35:15.439122
ATMN,26.4,26.11,26.4,1988100.0,1962800.0,0,0,0,0,0,0,166,2026-02-03 02:35:15.439122
WNTR,26.11,25.96,26.11,2107700.0,2164900.0,0,0,0,0,0,0,166,2026-02-03 02:35:15.439122
SPNG,26.61,26.44,26.61,2092400.0,2021500.0,0,0,0,0,0,0,167,2026-02-03 02:35:16.465016
SMMR,26.36,26.29,26.35,2171500.0,2138800.0,0,0,0,0,0,0,167,2026-02-03 02:35:16.465016
ATMN,26.4,26.11,26.14,1998300.0,2008000.0,0,0,0,0,0,0,167,2026-02-03 02:35:16.465016
WNTR,26.11,26.02,26.11,2091300.0,2147900.0,0,0,0,0,0,0,167,2026-02-03 02:35:16.465016
SPNG,26.44,26.44,26.61,2092400.0,2026600.0,0,0,0,0,0,0,168,2026-02-03 02:35:17.490098
SMMR,26.35,26.35,26.42,2170900.0,2153300.0,0,0,0,0,0,0,168,2026-02-03 02:35:17.490098
ATMN,26.27,26.11,26.24,2008300.0,1991900.0,0,0,0,0,0,0,168,2026-02-03 02:35:17.490098
WNTR,26.12,26.02,26.11,2067700.0,2176400.0,0,0,0,0,0,0,168,2026-02-03 02:35:17.490098
SPNG,26.44,26.44,26.49,2092400.0,2005300.0,0,0,0,0,0,0,169,2026-02-03 02:35:18.516447
SMMR,26.47,26.29,26.47,2171500.0,2143300.0,0,0,0,0,0,0,169,2026-02-03 02:35:18.516447
ATMN,26.11,26.08,26.09,2021400.0,1972900.0,0,0,0,0,0,0,169,2026-02-03 02:35:18.516447
WNTR,26.0,26.0,26.05,2082000.0,2175800.0,0,0,0,0,0,0,169,2026-02-03 02:35:18.516447
SPNG,26.49,26.21,26.49,2088800.0,2005300.0,0,0,0,0,0,0,170,2026-02-03 02:35:19.538283
SMMR,26.47,26.4,26.47,2170900.0,2120900.0,0,0,0,0,0,0,170,2026-02-03 02:35:19.538283
ATMN,26.11,26.08,26.09,2021400.0,1972900.0,0,0,0,0,0,0,170,2026-02-03 02:35:19.538283
WNTR,26.12,25.99,26.12,2105600.0,2184300.0,0,0,0,0,0,0,170,2026-02-03 02:35:19.538283
SPNG,26.41,26.41,26.49,2069700.0,2018900.0,0,0,0,0,0,0,171,2026-02-03 02:35:20.567916
SMMR,26.47,26.4,26.42,2157300.0,2089700.0,0,0,0,0,0,0,171,2026-02-03 02:35:20.567916
ATMN,26.35,26.08,26.23,2038200.0,1953900.0,0,0,0,0,0,0,171,2026-02-03 02:35:20.567916
WNTR,26.12,25.96,26.12,2107700.0,2152700.0,0,0,0,0,0,0,171,2026-02-03 02:35:20.567916
SPNG,26.21,26.21,26.33,2088800.0,2019600.0,0,0,0,0,0,0,172,2026-02-03 02:35:21.599172
SMMR,26.39,26.39,26.42,2141600.0,2108600.0,0,0,0,0,0,0,172,2026-02-03 02:35:21.599172
ATMN,26.09,26.09,26.4,2025400.0,1978800.0,0,0,0,0,0,0,172,2026-02-03 02:35:21.599172
WNTR,26.12,26.07,26.12,2077500.0,2152700.0,0,0,0,0,0,0,172,2026-02-03 02:35:21.599172
SPNG,26.49,26.55,26.61,2086000.0,2004700.0,0,0,0,0,0,0,173,2026-02-03 02:35:22.624983
SMMR,26.37,26.37,26.42,2175900.0,2116800.0,0,0,0,0,0,0,173,2026-02-03 02:35:22.624983
ATMN,26.04,26.04,26.4,2057000.0,1942900.0,0,0,0,0,0,0,173,2026-02-03 02:35:22.624983
WNTR,26.09,26.04,26.09,2078400.0,2159900.0,0,0,0,0,0,0,173,2026-02-03 02:35:22.624983
SPNG,26.16,26.05,26.06,2113500.0,1994900.0,0,0,0,0,0,0,174,2026-02-03 02:35:23.659589
SMMR,26.39,26.39,26.42,2187500.0,2115800.0,0,0,0,0,0,0,174,2026-02-03 02:35:23.659589
ATMN,26.4,26.04,26.09,2057000.0,1926000.0,0,0,0,0,0,0,174,2026-02-03 02:35:23.659589
WNTR,26.13,26.04,26.13,2099900.0,2153700.0,0,0,0,0,0,0,174,2026-02-03 02:35:23.659589
SPNG,26.05,26.05,26.15,2113500.0,2022000.0,0,0,0,0,0,0,175,2026-02-03 02:35:24.182633
SMMR,26.29,26.29,26.42,2180000.0,2101800.0,0,0,0,0,0,0,175,2026-02-03 02:35:24.182633
ATMN,26.31,26.04,26.31,2061100.0,1932200.0,0,0,0,0,0,0,175,2026-02-03 02:35:24.182633
WNTR,26.04,26.04,26.13,2079500.0,2153700.0,0,0,0,0,0,0,175,2026-02-03 02:35:24.182633
SPNG,26.64,26.05,26.64,2113500.0,2019600.0,0,0,0,0,0,0,176,2026-02-03 02:35:25.216523
SMMR,26.42,26.3,26.41,2165100.0,2132700.0,0,0,0,0,0,0,176,2026-02-03 02:35:25.216523
ATMN,26.31,26.21,26.31,2025500.0,1933700.0,0,0,0,0,0,0,176,2026-02-03 02:35:25.216523
WNTR,26.15,26.02,26.15,2076800.0,2162000.0,0,0,0,0,0,0,176,2026-02-03 02:35:25.216523
SPNG,26.68,26.05,26.68,2120800.0,2033600.0,0,0,0,0,0,0,177,2026-02-03 02:35:26.252162
SMMR,26.41,26.31,26.41,2154200.0,2156700.0,0,0,0,0,0,0,177,2026-02-03 02:35:26.252162
ATMN,26.4,26.21,26.4,2025500.0,1928500.0,0,0,0,0,0,0,177,2026-02-03 02:35:26.252162
WNTR,26.16,26.02,26.16,2076800.0,2183300.0,0,0,0,0,0,0,177,2026-02-03 02:35:26.252162
SPNG,25.87,25.87,26.66,2124900.0,2039000.0,0,0,0,0,0,0,178,2026-02-03 02:35:27.278481
SMMR,26.41,26.31,26.32,2154200.0,2155900.0,0,0,0,0,0,0,178,2026-02-03 02:35:27.278481
ATMN,26.22,26.21,26.22,2025500.0,1961900.0,0,0,0,0,0,0,178,2026-02-03 02:35:27.278481
WNTR,25.97,25.97,26.16,2087100.0,2174900.0,0,0,0,0,0,0,178,2026-02-03 02:35:27.278481
SPNG,26.15,26.15,26.36,2125100.0,2022800.0,0,0,0,0,0,0,179,2026-02-03 02:35:28.312504
SMMR,26.32,26.34,26.36,2171600.0,2137900.0,0,0,0,0,0,0,179,2026-02-03 02:35:28.312504
ATMN,26.07,26.18,26.22,2034200.0,1961900.0,0,0,0,0,0,0,179,2026-02-03 02:35:28.312504
WNTR,25.97,25.97,26.02,2115000.0,2132400.0,0,0,0,0,0,0,179,2026-02-03 02:35:28.312504
SPNG,26.66,24.41,0.0,200000.0,0,0,0,0,0,0,0,180,2026-02-03 02:35:29.342332
SMMR,26.41,25.75,0.0,200000.0,0,0,0,0,0,0,0,180,2026-02-03 02:35:29.342332
ATMN,26.1,25.04,0.0,200000.0,0,0,0,0,0,0,0,180,2026-02-03 02:35:29.342332
WNTR,26.02,24.44,0.0,200000.0,0,0,0,0,0,0,0,180,2026-02-03 02:35:29.342332
SPNG,24.41,24.41,24.47,981100.0,935500.0,0,0,0,0,0,0,181,2026-02-03 02:35:30.372735
SMMR,25.97,25.97,26.15,901000.0,937300.0,0,0,0,0,0,0,181,2026-02-03 02:35:30.372735
ATMN,26.1,25.04,25.17,841600.0,1004000.0,0,0,0,0,0,0,181,2026-02-03 02:35:30.372735
WNTR,26.02,24.57,24.94,896600.0,1140100.0,0,0,0,0,0,0,181,2026-02-03 02:35:30.372735
SPNG,24.41,24.41,24.47,1226000.0,1063400.0,0,0,0,0,0,0,182,2026-02-03 02:35:31.405680
SMMR,25.97,25.97,25.99,901000.0,1222900.0,0,0,0,0,0,0,182,2026-02-03 02:35:31.405680
ATMN,25.04,25.04,25.17,880800.0,1225200.0,0,0,0,0,0,0,182,2026-02-03 02:35:31.405680
WNTR,26.02,24.57,24.72,896600.0,1371300.0,0,0,0,0,0,0,182,2026-02-03 02:35:31.405680
SPNG,24.41,24.41,24.47,1441200.0,1193800.0,0,0,0,0,0,0,183,2026-02-03 02:35:32.435547
SMMR,25.97,25.75,25.97,936400.0,1351400.0,0,0,0,0,0,0,183,2026-02-03 02:35:32.435547
ATMN,25.0,25.0,25.17,878700.0,1337100.0,0,0,0,0,0,0,183,2026-02-03 02:35:32.435547
WNTR,24.44,24.44,24.51,1031100.0,1585700.0,0,0,0,0,0,0,183,2026-02-03 02:35:32.435547
SPNG,24.47,24.41,24.45,1537700.0,1311500.0,0,0,0,0,0,0,184,2026-02-03 02:35:33.466980
SMMR,25.75,25.75,25.87,971100.0,1464300.0,0,0,0,0,0,0,184,2026-02-03 02:35:33.466980
ATMN,24.91,24.91,24.94,872900.0,1517200.0,0,0,0,0,0,0,184,2026-02-03 02:35:33.466980
WNTR,24.37,24.43,24.51,1033500.0,1585700.0,0,0,0,0,0,0,184,2026-02-03 02:35:33.466980
SPNG,24.45,24.41,24.45,1537700.0,1552600.0,0,0,0,0,0,0,185,2026-02-03 02:35:34.489354
SMMR,25.75,25.75,25.82,1080500.0,1774900.0,0,0,0,0,0,0,185,2026-02-03 02:35:34.489354
ATMN,24.91,23.96,24.59,1025200.0,1524300.0,0,0,0,0,0,0,185,2026-02-03 02:35:34.489354
WNTR,24.26,24.27,24.51,1065100.0,1585700.0,0,0,0,0,0,0,185,2026-02-03 02:35:34.489354
SPNG,24.21,24.21,24.63,1578900.0,1416200.0,0,0,0,0,0,0,186,2026-02-03 02:35:35.513417
SMMR,25.75,25.75,25.82,1315900.0,1873000.0,0,0,0,0,0,0,186,2026-02-03 02:35:35.513417
ATMN,24.59,24.42,24.59,1353100.0,1524300.0,0,0,0,0,0,0,186,2026-02-03 02:35:35.513417
WNTR,24.26,24.39,24.51,1289800.0,1689600.0,0,0,0,0,0,0,186,2026-02-03 02:35:35.513417
SPNG,24.18,24.18,24.63,1594200.0,1516200.0,0,0,0,0,0,0,187,2026-02-03 02:35:36.541294
SMMR,25.82,25.75,25.81,1416700.0,1894100.0,0,0,0,0,0,0,187,2026-02-03 02:35:36.541294
ATMN,24.89,24.42,24.79,1459400.0,1534500.0,0,0,0,0,0,0,187,2026-02-03 02:35:36.541294
WNTR,24.51,24.52,24.72,1502800.0,1652100.0,0,0,0,0,0,0,187,2026-02-03 02:35:36.541294
SPNG,24.44,24.18,24.44,1703900.0,1636100.0,0,0,0,0,0,0,188,2026-02-03 02:35:37.568907
SMMR,25.82,25.75,25.81,1542700.0,2092400.0,0,0,0,0,0,0,188,2026-02-03 02:35:37.568907
ATMN,25.17,24.89,25.17,1695700.0,1430300.0,0,0,0,0,0,0,188,2026-02-03 02:35:37.568907
WNTR,24.27,24.27,24.72,1293100.0,1652100.0,0,0,0,0,0,0,188,2026-02-03 02:35:37.568907
SPNG,23.98,23.98,24.65,1369200.0,1385800.0,0,0,0,0,0,0,189,2026-02-03 02:35:38.592682
SMMR,25.81,25.75,25.81,1783600.0,2092400.0,0,0,0,0,0,0,189,2026-02-03 02:35:38.592682
ATMN,25.17,24.89,25.01,1816000.0,1640600.0,0,0,0,0,0,0,189,2026-02-03 02:35:38.592682
WNTR,24.25,24.25,24.45,1409100.0,1784900.0,0,0,0,0,0,0,189,2026-02-03 02:35:38.592682
SPNG,23.98,23.98,24.19,1511200.0,1612000.0,0,0,0,0,0,0,190,2026-02-03 02:35:39.619193
SMMR,25.73,25.73,25.82,1683600.0,1893600.0,0,0,0,0,0,0,190,2026-02-03 02:35:39.619193
ATMN,24.42,24.87,25.01,1698400.0,1640600.0,0,0,0,0,0,0,190,2026-02-03 02:35:39.619193
WNTR,24.45,24.39,24.45,1409100.0,1784900.0,0,0,0,0,0,0,190,2026-02-03 02:35:39.619193
SPNG,24.46,24.03,24.24,1610400.0,1735600.0,0,0,0,0,0,0,191,2026-02-03 02:35:40.641472
SMMR,25.73,25.73,25.82,1687400.0,2001500.0,0,0,0,0,0,0,191,2026-02-03 02:35:40.641472
ATMN,24.42,25.0,25.01,1793300.0,1919000.0,0,0,0,0,0,0,191,2026-02-03 02:35:40.641472
WNTR,24.83,24.39,24.65,1506800.0,1731300.0,0,0,0,0,0,0,191,2026-02-03 02:35:40.641472
SPNG,24.46,24.03,24.24,1930500.0,1735600.0,0,0,0,0,0,0,192,2026-02-03 02:35:41.667969
SMMR,25.81,25.81,25.82,1803700.0,2117900.0,0,0,0,0,0,0,192,2026-02-03 02:35:41.667969
ATMN,25.13,25.1,25.13,1889600.0,1832400.0,0,0,0,0,0,0,192,2026-02-03 02:35:41.667969
WNTR,24.51,24.39,24.51,1506800.0,1997300.0,0,0,0,0,0,0,192,2026-02-03 02:35:41.667969
SPNG,24.24,24.03,24.24,2037800.0,1602200.0,0,0,0,0,0,0,193,2026-02-03 02:35:42.693646
SMMR,25.65,25.65,25.82,1700100.0,2117900.0,0,0,0,0,0,0,193,2026-02-03 02:35:42.693646
ATMN,25.1,25.0,25.01,1698400.0,2063700.0,0,0,0,0,0,0,193,2026-02-03 02:35:42.693646
WNTR,24.58,24.51,24.58,1602400.0,2101900.0,0,0,0,0,0,0,193,2026-02-03 02:35:42.693646
SPNG,24.54,24.03,24.54,2155200.0,1707800.0,0,0,0,0,0,0,194,2026-02-03 02:35:43.719529
SMMR,25.86,25.75,25.86,1934900.0,2006700.0,0,0,0,0,0,0,194,2026-02-03 02:35:43.719529
ATMN,24.87,24.42,24.76,1677300.0,2066500.0,0,0,0,0,0,0,194,2026-02-03 02:35:43.719529
WNTR,24.58,24.56,24.57,1728800.0,2117400.0,0,0,0,0,0,0,194,2026-02-03 02:35:43.719529
SPNG,24.71,24.03,24.71,2155200.0,1468700.0,0,0,0,0,0,0,195,2026-02-03 02:35:44.749999
SMMR,25.87,25.81,25.87,2024000.0,2017600.0,0,0,0,0,0,0,195,2026-02-03 02:35:44.749999
ATMN,24.87,24.53,24.76,1976700.0,2066500.0,0,0,0,0,0,0,195,2026-02-03 02:35:44.749999
WNTR,24.25,24.32,24.58,1479500.0,2101900.0,0,0,0,0,0,0,195,2026-02-03 02:35:44.749999
SPNG,23.87,24.06,24.71,2069400.0,1468700.0,0,0,0,0,0,0,196,2026-02-03 02:35:45.775721
SMMR,25.75,25.75,25.82,1934900.0,2130200.0,0,0,0,0,0,0,196,2026-02-03 02:35:45.775721
ATMN,24.87,24.72,24.76,2156400.0,2066500.0,0,0,0,0,0,0,196,2026-02-03 02:35:45.775721
WNTR,24.65,24.55,24.65,1584800.0,2072000.0,0,0,0,0,0,0,196,2026-02-03 02:35:45.775721
SPNG,24.06,24.06,24.62,2069400.0,1661200.0,0,0,0,0,0,0,197,2026-02-03 02:35:46.295730
SMMR,25.75,25.75,25.82,1934900.0,2130200.0,0,0,0,0,0,0,197,2026-02-03 02:35:46.295730
ATMN,25.01,24.72,25.01,2156400.0,2063700.0,0,0,0,0,0,0,197,2026-02-03 02:35:46.295730
WNTR,24.65,24.55,24.59,1584800.0,2102000.0,0,0,0,0,0,0,197,2026-02-03 02:35:46.295730
SPNG,24.06,24.15,24.26,2198900.0,1913500.0,0,0,0,0,0,0,198,2026-02-03 02:35:47.320139
SMMR,25.64,25.64,25.75,1594800.0,2118900.0,0,0,0,0,0,0,198,2026-02-03 02:35:47.320139
ATMN,25.01,24.72,25.01,2151700.0,2063700.0,0,0,0,0,0,0,198,2026-02-03 02:35:47.320139
WNTR,24.59,24.55,24.59,1584800.0,2168100.0,0,0,0,0,0,0,198,2026-02-03 02:35:47.320139
SPNG,24.26,24.28,24.32,2332500.0,2032400.0,0,0,0,0,0,0,199,2026-02-03 02:35:48.343848
SMMR,25.75,25.64,25.75,1834400.0,2118900.0,0,0,0,0,0,0,199,2026-02-03 02:35:48.343848
ATMN,24.94,24.94,25.01,2151700.0,2060200.0,0,0,0,0,0,0,199,2026-02-03 02:35:48.343848
WNTR,24.47,24.47,24.59,1734800.0,2168100.0,0,0,0,0,0,0,199,2026-02-03 02:35:48.343848
SPNG,24.4,24.28,24.4,2332500.0,2015100.0,0,0,0,0,0,0,200,2026-02-03 02:35:49.371974
SMMR,25.82,25.83,25.87,2169000.0,2137700.0,0,0,0,0,0,0,200,2026-02-03 02:35:49.371974
ATMN,24.94,24.98,25.01,2144600.0,2068400.0,0,0,0,0,0,0,200,2026-02-03 02:35:49.371974
WNTR,24.6,24.53,24.6,1733500.0,2159500.0,0,0,0,0,0,0,200,2026-02-03 02:35:49.371974
SPNG,24.61,24.28,24.54,2332500.0,2142500.0,0,0,0,0,0,0,201,2026-02-03 02:35:50.396537
SMMR,25.83,25.68,25.69,2168800.0,2153100.0,0,0,0,0,0,0,201,2026-02-03 02:35:50.396537
ATMN,24.94,24.98,25.01,2148400.0,2084300.0,0,0,0,0,0,0,201,2026-02-03 02:35:50.396537
WNTR,24.32,24.32,24.6,1727100.0,2159500.0,0,0,0,0,0,0,201,2026-02-03 02:35:50.396537
SPNG,24.15,24.15,24.54,2198900.0,2179500.0,0,0,0,0,0,0,202,2026-02-03 02:35:51.432880
SMMR,25.69,25.68,25.69,2395300.0,2152700.0,0,0,0,0,0,0,202,2026-02-03 02:35:51.432880
ATMN,24.94,24.98,25.01,2138100.0,2081400.0,0,0,0,0,0,0,202,2026-02-03 02:35:51.432880
WNTR,24.63,24.55,24.63,1955600.0,2114900.0,0,0,0,0,0,0,202,2026-02-03 02:35:51.432880
SPNG,23.86,23.86,24.54,1834300.0,2191500.0,0,0,0,0,0,0,203,2026-02-03 02:35:52.465825
SMMR,25.84,25.72,25.84,2356300.0,2138300.0,0,0,0,0,0,0,203,2026-02-03 02:35:52.465825
ATMN,24.94,24.98,25.01,2138100.0,2108000.0,0,0,0,0,0,0,203,2026-02-03 02:35:52.465825
WNTR,24.55,24.4,24.53,1928900.0,2137500.0,0,0,0,0,0,0,203,2026-02-03 02:35:52.465825
SPNG,23.85,23.85,24.57,1710700.0,2176200.0,0,0,0,0,0,0,204,2026-02-03 02:35:53.493678
SMMR,25.84,25.83,25.84,2316100.0,2165200.0,0,0,0,0,0,0,204,2026-02-03 02:35:53.493678
ATMN,24.94,24.9,24.91,2097700.0,2113500.0,0,0,0,0,0,0,204,2026-02-03 02:35:53.493678
WNTR,24.65,24.4,24.65,2144000.0,2136200.0,0,0,0,0,0,0,204,2026-02-03 02:35:53.493678
SPNG,24.61,23.85,24.61,1710700.0,2144900.0,0,0,0,0,0,0,205,2026-02-03 02:35:54.532804
SMMR,25.84,25.83,25.84,2316100.0,2183000.0,0,0,0,0,0,0,205,2026-02-03 02:35:54.532804
ATMN,25.04,24.9,25.04,2092500.0,2120700.0,0,0,0,0,0,0,205,2026-02-03 02:35:54.532804
WNTR,24.37,24.32,24.35,2052800.0,2176600.0,0,0,0,0,0,0,205,2026-02-03 02:35:54.532804
SPNG,23.85,23.85,24.62,1823800.0,2135400.0,0,0,0,0,0,0,206,2026-02-03 02:35:55.570566
SMMR,25.85,25.72,25.85,2337700.0,2156900.0,0,0,0,0,0,0,206,2026-02-03 02:35:55.570566
ATMN,24.9,24.9,25.12,2102600.0,2111400.0,0,0,0,0,0,0,206,2026-02-03 02:35:55.570566
WNTR,24.35,24.47,24.65,2258000.0,2178500.0,0,0,0,0,0,0,206,2026-02-03 02:35:55.570566
SPNG,23.85,23.85,23.98,2035900.0,2141400.0,0,0,0,0,0,0,207,2026-02-03 02:35:56.604508
SMMR,25.69,25.73,25.85,2306300.0,2156900.0,0,0,0,0,0,0,207,2026-02-03 02:35:56.604508
ATMN,24.9,24.9,24.99,2107000.0,2107600.0,0,0,0,0,0,0,207,2026-02-03 02:35:56.604508
WNTR,24.66,24.47,24.66,2258000.0,2200200.0,0,0,0,0,0,0,207,2026-02-03 02:35:56.604508
SPNG,23.85,23.85,24.27,1893900.0,2154300.0,0,0,0,0,0,0,208,2026-02-03 02:35:57.631153
SMMR,25.88,25.73,25.88,2293200.0,2153200.0,0,0,0,0,0,0,208,2026-02-03 02:35:57.631153
ATMN,24.99,25.05,25.12,2103000.0,2111400.0,0,0,0,0,0,0,208,2026-02-03 02:35:57.631153
WNTR,24.47,24.32,24.41,2239400.0,2211700.0,0,0,0,0,0,0,208,2026-02-03 02:35:57.631153
SPNG,24.62,24.62,24.65,2287500.0,2158100.0,0,0,0,0,0,0,209,2026-02-03 02:35:58.660319
SMMR,25.72,25.72,25.88,2303600.0,2153200.0,0,0,0,0,0,0,209,2026-02-03 02:35:58.660319
ATMN,24.99,25.05,25.12,2095600.0,2093500.0,0,0,0,0,0,0,209,2026-02-03 02:35:58.660319
WNTR,24.72,24.42,24.72,2216900.0,2195300.0,0,0,0,0,0,0,209,2026-02-03 02:35:58.660319
SPNG,24.62,23.96,24.35,2149900.0,2170300.0,0,0,0,0,0,0,210,2026-02-03 02:35:59.690275
SMMR,25.89,25.79,25.89,2274200.0,2150400.0,0,0,0,0,0,0,210,2026-02-03 02:35:59.690275
ATMN,24.99,25.06,25.12,2101900.0,2078100.0,0,0,0,0,0,0,210,2026-02-03 02:35:59.690275
WNTR,24.72,24.42,24.66,2222400.0,2191100.0,0,0,0,0,0,0,210,2026-02-03 02:35:59.690275
SPNG,24.62,24.33,24.35,2412400.0,2179000.0,0,0,0,0,0,0,211,2026-02-03 02:36:00.715007
SMMR,25.89,25.79,25.89,2251200.0,2148900.0,0,0,0,0,0,0,211,2026-02-03 02:36:00.715007
ATMN,24.99,25.11,25.12,2119700.0,2078100.0,0,0,0,0,0,0,211,2026-02-03 02:36:00.715007
WNTR,24.4,24.4,24.66,2249400.0,2191100.0,0,0,0,0,0,0,211,2026-02-03 02:36:00.715007
SPNG,24.14,24.14,24.35,2554800.0,2179000.0,0,0,0,0,0,0,212,2026-02-03 02:36:01.740994
SMMR,25.89,25.79,25.88,2211400.0,2142400.0,0,0,0,0,0,0,212,2026-02-03 02:36:01.740994
ATMN,25.15,25.11,25.15,2132100.0,2096000.0,0,0,0,0,0,0,212,2026-02-03 02:36:01.740994
WNTR,24.4,24.4,24.45,2249400.0,2181500.0,0,0,0,0,0,0,212,2026-02-03 02:36:01.740994
SPNG,24.14,24.14,24.63,2554800.0,2176100.0,0,0,0,0,0,0,213,2026-02-03 02:36:02.765316
SMMR,25.9,25.79,25.9,2211400.0,2149100.0,0,0,0,0,0,0,213,2026-02-03 02:36:02.765316
ATMN,25.15,25.11,25.15,2136200.0,2096000.0,0,0,0,0,0,0,213,2026-02-03 02:36:02.765316
WNTR,24.66,24.72,24.74,2297900.0,2195100.0,0,0,0,0,0,0,213,2026-02-03 02:36:02.765316
SPNG,24.04,24.19,24.36,2522400.0,2179700.0,0,0,0,0,0,0,214,2026-02-03 02:36:03.795557
SMMR,25.93,25.81,25.93,2221600.0,2141000.0,0,0,0,0,0,0,214,2026-02-03 02:36:03.795557
ATMN,25.15,25.11,25.15,2139600.0,2096000.0,0,0,0,0,0,0,214,2026-02-03 02:36:03.795557
WNTR,24.66,24.72,24.73,2297900.0,2217900.0,0,0,0,0,0,0,214,2026-02-03 02:36:03.795557
SPNG,24.65,24.19,24.65,2522400.0,2191900.0,0,0,0,0,0,0,215,2026-02-03 02:36:04.822559
SMMR,25.79,25.82,25.87,2251800.0,2135900.0,0,0,0,0,0,0,215,2026-02-03 02:36:04.822559
ATMN,25.16,25.11,25.14,2141100.0,2113500.0,0,0,0,0,0,0,215,2026-02-03 02:36:04.822559
WNTR,24.35,24.46,24.73,2263500.0,2217900.0,0,0,0,0,0,0,215,2026-02-03 02:36:04.822559
SPNG,24.71,24.19,24.71,2522400.0,2197800.0,0,0,0,0,0,0,216,2026-02-03 02:36:05.852193
SMMR,25.77,25.77,25.87,2234700.0,2155300.0,0,0,0,0,0,0,216,2026-02-03 02:36:05.852193
ATMN,25.16,25.11,25.14,2154400.0,2113500.0,0,0,0,0,0,0,216,2026-02-03 02:36:05.852193
WNTR,24.74,24.46,24.62,2263500.0,2232700.0,0,0,0,0,0,0,216,2026-02-03 02:36:05.852193
SPNG,24.19,24.19,24.2,2522400.0,2217000.0,0,0,0,0,0,0,217,2026-02-03 02:36:06.878707
SMMR,25.93,25.77,25.93,2234700.0,2132000.0,0,0,0,0,0,0,217,2026-02-03 02:36:06.878707
ATMN,25.14,25.11,25.14,2181300.0,2113500.0,0,0,0,0,0,0,217,2026-02-03 02:36:06.878707
WNTR,24.74,24.51,24.62,2314500.0,2232700.0,0,0,0,0,0,0,217,2026-02-03 02:36:06.878707
SPNG,24.2,24.19,24.2,2402200.0,2217000.0,0,0,0,0,0,0,218,2026-02-03 02:36:07.902032
SMMR,25.93,25.77,25.93,2234700.0,2164000.0,0,0,0,0,0,0,218,2026-02-03 02:36:07.902032
ATMN,25.17,25.12,25.17,2165000.0,2051200.0,0,0,0,0,0,0,218,2026-02-03 02:36:07.902032
WNTR,24.62,24.51,24.62,2314500.0,2233700.0,0,0,0,0,0,0,218,2026-02-03 02:36:07.902032
SPNG,24.72,24.19,24.72,2359700.0,2174200.0,0,0,0,0,0,0,219,2026-02-03 02:36:08.934329
SMMR,25.72,25.72,25.93,2236300.0,2168200.0,0,0,0,0,0,0,219,2026-02-03 02:36:08.934329
ATMN,25.17,25.12,25.17,2131000.0,2058100.0,0,0,0,0,0,0,219,2026-02-03 02:36:08.934329
WNTR,24.74,24.51,24.68,2314500.0,2283800.0,0,0,0,0,0,0,219,2026-02-03 02:36:08.934329
SPNG,24.19,24.19,24.46,2391700.0,2153900.0,0,0,0,0,0,0,220,2026-02-03 02:36:09.461438
SMMR,25.72,25.77,25.93,2218000.0,2168200.0,0,0,0,0,0,0,220,2026-02-03 02:36:09.461438
ATMN,25.11,25.11,25.17,2150400.0,2044300.0,0,0,0,0,0,0,220,2026-02-03 02:36:09.461438
WNTR,24.48,24.52,24.68,2297000.0,2283800.0,0,0,0,0,0,0,220,2026-02-03 02:36:09.461438
SPNG,24.46,24.65,24.72,2383400.0,2199300.0,0,0,0,0,0,0,221,2026-02-03 02:36:10.489588
SMMR,25.72,25.77,25.79,2218000.0,2205500.0,0,0,0,0,0,0,221,2026-02-03 02:36:10.489588
ATMN,25.19,25.1,25.19,2121400.0,2057600.0,0,0,0,0,0,0,221,2026-02-03 02:36:10.489588
WNTR,24.52,24.52,24.62,2297000.0,2255800.0,0,0,0,0,0,0,221,2026-02-03 02:36:10.489588
SPNG,24.46,24.65,24.72,2383400.0,2257700.0,0,0,0,0,0,0,222,2026-02-03 02:36:11.514775
SMMR,25.83,25.81,25.83,2207800.0,2188100.0,0,0,0,0,0,0,222,2026-02-03 02:36:11.514775
ATMN,25.06,25.06,25.19,2153100.0,2045000.0,0,0,0,0,0,0,222,2026-02-03 02:36:11.514775
WNTR,24.46,24.46,24.59,2283500.0,2247100.0,0,0,0,0,0,0,222,2026-02-03 02:36:11.514775
SPNG,24.65,24.19,24.52,2391700.0,2300200.0,0,0,0,0,0,0,223,2026-02-03 02:36:12.544530
SMMR,25.84,25.81,25.84,2220100.0,2178300.0,0,0,0,0,0,0,223,2026-02-03 02:36:12.544530
ATMN,25.06,25.11,25.19,2130700.0,2045000.0,0,0,0,0,0,0,223,2026-02-03 02:36:12.544530
WNTR,24.35,24.35,24.59,2266400.0,2247100.0,0,0,0,0,0,0,223,2026-02-03 02:36:12.544530
SPNG,24.65,24.2,24.52,2364800.0,2300200.0,0,0,0,0,0,0,224,2026-02-03 02:36:13.570067
SMMR,25.92,25.77,25.92,2204600.0,2179500.0,0,0,0,0,0,0,224,2026-02-03 02:36:13.570067
ATMN,25.25,25.1,25.25,2157500.0,2032800.0,0,0,0,0,0,0,224,2026-02-03 02:36:13.570067
WNTR,24.41,24.35,24.41,2266400.0,2275700.0,0,0,0,0,0,0,224,2026-02-03 02:36:13.570067
SPNG,24.72,24.2,24.72,2364800.0,2260300.0,0,0,0,0,0,0,225,2026-02-03 02:36:14.599907
SMMR,25.81,25.84,25.92,2203300.0,2179500.0,0,0,0,0,0,0,225,2026-02-03 02:36:14.599907
ATMN,25.2,25.2,25.21,2141800.0,2042600.0,0,0,0,0,0,0,225,2026-02-03 02:36:14.599907
WNTR,24.45,24.32,24.45,2269500.0,2261600.0,0,0,0,0,0,0,225,2026-02-03 02:36:14.599907
SPNG,24.72,24.2,24.31,2363100.0,2307500.0,0,0,0,0,0,0,226,2026-02-03 02:36:15.637065
SMMR,25.82,25.82,25.92,2265400.0,2179500.0,0,0,0,0,0,0,226,2026-02-03 02:36:15.637065
ATMN,25.21,25.06,25.21,2137200.0,2042600.0,0,0,0,0,0,0,226,2026-02-03 02:36:15.637065
WNTR,24.48,24.32,24.48,2289500.0,2267500.0,0,0,0,0,0,0,226,2026-02-03 02:36:15.637065
SPNG,24.72,24.2,24.61,2363100.0,2264400.0,0,0,0,0,0,0,227,2026-02-03 02:36:16.664590
SMMR,25.82,25.82,25.92,2234400.0,2202000.0,0,0,0,0,0,0,227,2026-02-03 02:36:16.664590
ATMN,25.21,25.06,25.1,2154600.0,2059200.0,0,0,0,0,0,0,227,2026-02-03 02:36:16.664590
WNTR,24.32,24.32,24.48,2279000.0,2267500.0,0,0,0,0,0,0,227,2026-02-03 02:36:16.664590
SPNG,24.61,24.12,24.61,2376000.0,2264400.0,0,0,0,0,0,0,228,2026-02-03 02:36:17.692071
SMMR,25.93,25.81,25.93,2223000.0,2188100.0,0,0,0,0,0,0,228,2026-02-03 02:36:17.692071
ATMN,25.21,25.06,25.1,2130300.0,2107600.0,0,0,0,0,0,0,228,2026-02-03 02:36:17.692071
WNTR,24.32,24.32,24.33,2277800.0,2258900.0,0,0,0,0,0,0,228,2026-02-03 02:36:17.692071
SPNG,24.0,24.0,24.23,2418100.0,2297600.0,0,0,0,0,0,0,229,2026-02-03 02:36:18.720788
SMMR,25.93,25.92,25.93,2180000.0,2177800.0,0,0,0,0,0,0,229,2026-02-03 02:36:18.720788
ATMN,25.05,25.05,25.1,2121700.0,2107600.0,0,0,0,0,0,0,229,2026-02-03 02:36:18.720788
WNTR,24.6,24.32,24.6,2298600.0,2253400.0,0,0,0,0,0,0,229,2026-02-03 02:36:18.720788
SPNG,24.0,24.0,24.23,2398400.0,2297600.0,0,0,0,0,0,0,230,2026-02-03 02:36:19.763165
SMMR,25.77,25.77,25.78,2233700.0,2241100.0,0,0,0,0,0,0,230,2026-02-03 02:36:19.763165
ATMN,25.02,25.06,25.1,2155700.0,2122400.0,0,0,0,0,0,0,230,2026-02-03 02:36:19.763165
WNTR,24.62,24.35,24.43,2289400.0,2263400.0,0,0,0,0,0,0,230,2026-02-03 02:36:19.763165
SPNG,24.0,24.18,24.23,2389600.0,2297600.0,0,0,0,0,0,0,231,2026-02-03 02:36:20.792708
SMMR,25.78,25.81,25.86,2243500.0,2211200.0,0,0,0,0,0,0,231,2026-02-03 02:36:20.792708
ATMN,25.1,25.06,25.1,2123900.0,2122400.0,0,0,0,0,0,0,231,2026-02-03 02:36:20.792708
WNTR,24.43,24.35,24.43,2264300.0,2263400.0,0,0,0,0,0,0,231,2026-02-03 02:36:20.792708
SPNG,24.23,24.45,24.61,2355400.0,2264400.0,0,0,0,0,0,0,232,2026-02-03 02:36:21.824602
SMMR,25.78,25.85,25.86,2220900.0,2196300.0,0,0,0,0,0,0,232,2026-02-03 02:36:21.824602
ATMN,25.05,25.05,25.13,2108800.0,2103400.0,0,0,0,0,0,0,232,2026-02-03 02:36:21.824602
WNTR,24.56,24.35,24.52,2264300.0,2251900.0,0,0,0,0,0,0,232,2026-02-03 02:36:21.824602
SPNG,24.73,24.18,24.73,2383300.0,2251400.0,0,0,0,0,0,0,233,2026-02-03 02:36:22.864171
SMMR,25.94,25.9,25.94,2236500.0,2180500.0,0,0,0,0,0,0,233,2026-02-03 02:36:22.864171
ATMN,25.02,25.02,25.06,2090800.0,2093400.0,0,0,0,0,0,0,233,2026-02-03 02:36:22.864171
WNTR,24.32,24.46,24.62,2261800.0,2269500.0,0,0,0,0,0,0,233,2026-02-03 02:36:22.864171
SPNG,24.13,24.47,24.73,2388500.0,2273600.0,0,0,0,0,0,0,234,2026-02-03 02:36:23.894864
SMMR,25.82,25.82,25.87,2231200.0,2199600.0,0,0,0,0,0,0,234,2026-02-03 02:36:23.894864
ATMN,25.25,25.02,25.25,2090800.0,2073900.0,0,0,0,0,0,0,234,2026-02-03 02:36:23.894864
WNTR,24.32,24.61,24.62,2271900.0,2282000.0,0,0,0,0,0,0,234,2026-02-03 02:36:23.894864
SPNG,24.0,24.0,24.62,2386100.0,2281100.0,0,0,0,0,0,0,235,2026-02-03 02:36:25.019185
SMMR,25.77,25.77,25.87,2218300.0,2199600.0,0,0,0,0,0,0,235,2026-02-03 02:36:25.019185
ATMN,24.99,24.99,25.09,2109200.0,2117500.0,0,0,0,0,0,0,235,2026-02-03 02:36:25.019185
WNTR,24.32,24.61,24.62,2271900.0,2277500.0,0,0,0,0,0,0,235,2026-02-03 02:36:25.019185
SPNG,24.73,24.0,24.73,2356800.0,2273600.0,0,0,0,0,0,0,236,2026-02-03 02:36:25.544102
SMMR,25.87,25.77,25.87,2218300.0,2166700.0,0,0,0,0,0,0,236,2026-02-03 02:36:25.544102
ATMN,24.99,25.05,25.09,2118100.0,2115500.0,0,0,0,0,0,0,236,2026-02-03 02:36:25.544102
WNTR,24.46,24.46,24.62,2261800.0,2277500.0,0,0,0,0,0,0,236,2026-02-03 02:36:25.544102
SPNG,24.73,24.0,24.13,2345900.0,2275100.0,0,0,0,0,0,0,237,2026-02-03 02:36:26.593768
SMMR,25.72,25.72,25.87,2219800.0,2166700.0,0,0,0,0,0,0,237,2026-02-03 02:36:26.593768
ATMN,24.99,25.05,25.09,2150100.0,2118500.0,0,0,0,0,0,0,237,2026-02-03 02:36:26.593768
WNTR,24.46,24.37,24.45,2233800.0,2288800.0,0,0,0,0,0,0,237,2026-02-03 02:36:26.593768
SPNG,24.13,24.33,24.76,2339100.0,2272000.0,0,0,0,0,0,0,238,2026-02-03 02:36:27.629282
SMMR,25.82,25.82,25.87,2239600.0,2166700.0,0,0,0,0,0,0,238,2026-02-03 02:36:27.629282
ATMN,24.99,24.99,25.09,2133600.0,2121300.0,0,0,0,0,0,0,238,2026-02-03 02:36:27.629282
WNTR,24.32,24.32,24.63,2259400.0,2296100.0,0,0,0,0,0,0,238,2026-02-03 02:36:27.629282
SPNG,24.13,24.33,24.43,2359400.0,2279100.0,0,0,0,0,0,0,239,2026-02-03 02:36:28.664753
SMMR,25.7,25.73,25.79,2237900.0,2166700.0,0,0,0,0,0,0,239,2026-02-03 02:36:28.664753
ATMN,25.09,24.98,25.09,2137100.0,2121300.0,0,0,0,0,0,0,239,2026-02-03 02:36:28.664753
WNTR,24.63,24.32,24.63,2265700.0,2306400.0,0,0,0,0,0,0,239,2026-02-03 02:36:28.664753
SPNG,24.76,26.19,29.21,984800.0,675500.0,0,0,0,0,0,0,240,2026-02-03 02:36:29.752180
SMMR,25.87,24.75,25.2,932400.0,863000.0,0,0,0,0,0,0,240,2026-02-03 02:36:29.752180
ATMN,24.95,24.29,0.0,200000.0,,0,0,0,0,0,0,240,2026-02-03 02:36:29.752180
WNTR,24.63,25.94,0.0,200000.0,,0,0,0,0,0,0,240,2026-02-03 02:36:29.752180
SPNG,25.94,27.49,28.43,970700.0,849700.0,0,0,0,0,0,0,241,2026-02-03 02:36:30.781725
SMMR,24.72,24.72,25.2,988800.0,995600.0,0,0,0,0,0,0,241,2026-02-03 02:36:30.781725
ATMN,24.95,24.29,24.49,900700.0,994600.0,0,0,0,0,0,0,241,2026-02-03 02:36:30.781725
WNTR,25.94,25.53,25.93,1068500.0,855300.0,0,0,0,0,0,0,241,2026-02-03 02:36:30.781725
SPNG,25.94,25.94,27.43,976600.0,1053800.0,0,0,0,0,0,0,242,2026-02-03 02:36:31.810857
SMMR,24.62,24.62,24.78,982600.0,1220900.0,0,0,0,0,0,0,242,2026-02-03 02:36:31.810857
ATMN,24.29,24.29,24.49,900700.0,1210700.0,0,0,0,0,0,0,242,2026-02-03 02:36:31.810857
WNTR,25.94,25.87,25.93,1408300.0,855300.0,0,0,0,0,0,0,242,2026-02-03 02:36:31.810857
SPNG,25.72,25.72,25.92,1006200.0,1263500.0,0,0,0,0,0,0,243,2026-02-03 02:36:32.843513
SMMR,24.66,24.62,24.66,1091400.0,1341700.0,0,0,0,0,0,0,243,2026-02-03 02:36:32.843513
ATMN,23.74,23.74,24.43,951700.0,1412500.0,0,0,0,0,0,0,243,2026-02-03 02:36:32.843513
WNTR,25.96,25.98,26.07,1654000.0,994500.0,0,0,0,0,0,0,243,2026-02-03 02:36:32.843513
SPNG,24.66,24.66,25.92,1090800.0,1263500.0,0,0,0,0,0,0,244,2026-02-03 02:36:33.872309
SMMR,24.66,24.75,24.78,1570700.0,1220900.0,0,0,0,0,0,0,244,2026-02-03 02:36:33.872309
ATMN,23.74,24.34,24.43,1294800.0,1412500.0,0,0,0,0,0,0,244,2026-02-03 02:36:33.872309
WNTR,25.53,25.86,26.07,1428700.0,994500.0,0,0,0,0,0,0,244,2026-02-03 02:36:33.872309
SPNG,24.66,24.66,24.72,1090800.0,1717900.0,0,0,0,0,0,0,245,2026-02-03 02:36:34.902275
SMMR,24.7,24.7,24.78,1677600.0,1220900.0,0,0,0,0,0,0,245,2026-02-03 02:36:34.902275
ATMN,24.46,24.06,24.46,1460200.0,1322600.0,0,0,0,0,0,0,245,2026-02-03 02:36:34.902275
WNTR,26.07,25.86,26.0,1428700.0,976900.0,0,0,0,0,0,0,245,2026-02-03 02:36:34.902275
SPNG,24.4,24.4,24.72,1315400.0,1717900.0,0,0,0,0,0,0,246,2026-02-03 02:36:35.924998
SMMR,24.7,24.76,24.78,1795700.0,1423900.0,0,0,0,0,0,0,246,2026-02-03 02:36:35.924998
ATMN,24.49,24.23,24.35,1581500.0,1309600.0,0,0,0,0,0,0,246,2026-02-03 02:36:35.924998
WNTR,26.0,26.08,26.1,1615500.0,1004400.0,0,0,0,0,0,0,246,2026-02-03 02:36:35.924998
SPNG,24.4,24.52,24.72,1719000.0,1717900.0,0,0,0,0,0,0,247,2026-02-03 02:36:36.947867
SMMR,24.81,24.76,24.81,1795700.0,1528200.0,0,0,0,0,0,0,247,2026-02-03 02:36:36.947867
ATMN,24.35,24.23,24.35,1687200.0,1435800.0,0,0,0,0,0,0,247,2026-02-03 02:36:36.947867
WNTR,26.0,26.08,26.1,1615500.0,1217000.0,0,0,0,0,0,0,247,2026-02-03 02:36:36.947867
SPNG,24.52,24.52,24.72,1833500.0,1833700.0,0,0,0,0,0,0,248,2026-02-03 02:36:37.975560
SMMR,24.83,24.84,24.86,1921000.0,1511300.0,0,0,0,0,0,0,248,2026-02-03 02:36:37.975560
ATMN,24.49,24.27,24.49,1792900.0,1336900.0,0,0,0,0,0,0,248,2026-02-03 02:36:37.975560
WNTR,25.6,25.61,26.1,1542500.0,1338100.0,0,0,0,0,0,0,248,2026-02-03 02:36:37.975560
SPNG,25.35,24.57,24.95,1936000.0,1809200.0,0,0,0,0,0,0,249,2026-02-03 02:36:39.005850
SMMR,24.85,24.85,24.86,2045700.0,1629500.0,0,0,0,0,0,0,249,2026-02-03 02:36:39.005850
ATMN,24.43,24.23,24.36,1687200.0,1464200.0,0,0,0,0,0,0,249,2026-02-03 02:36:39.005850
WNTR,25.6,25.89,25.91,1651200.0,1553600.0,0,0,0,0,0,0,249,2026-02-03 02:36:39.005850
SPNG,24.4,24.4,24.95,1716800.0,1917700.0,0,0,0,0,0,0,250,2026-02-03 02:36:40.035049
SMMR,24.66,24.66,24.82,1558300.0,1873600.0,0,0,0,0,0,0,250,2026-02-03 02:36:40.035049
ATMN,24.36,24.41,24.49,2026300.0,1445900.0,0,0,0,0,0,0,250,2026-02-03 02:36:40.035049
WNTR,25.91,25.98,26.05,1970000.0,1452000.0,0,0,0,0,0,0,250,2026-02-03 02:36:40.035049
SPNG,24.4,24.48,24.95,2230000.0,1917700.0,0,0,0,0,0,0,251,2026-02-03 02:36:41.066306
SMMR,24.66,24.66,24.74,1690400.0,2107300.0,0,0,0,0,0,0,251,2026-02-03 02:36:41.066306
ATMN,24.23,24.23,24.49,1783900.0,1540700.0,0,0,0,0,0,0,251,2026-02-03 02:36:41.066306
WNTR,25.91,26.02,26.05,2165200.0,1543700.0,0,0,0,0,0,0,251,2026-02-03 02:36:41.066306
SPNG,24.95,24.48,24.95,2230000.0,1987900.0,0,0,0,0,0,0,252,2026-02-03 02:36:42.097586
SMMR,24.66,24.62,24.65,1595400.0,2204000.0,0,0,0,0,0,0,252,2026-02-03 02:36:42.097586
ATMN,24.5,24.23,24.5,1783900.0,1650900.0,0,0,0,0,0,0,252,2026-02-03 02:36:42.097586
WNTR,26.1,26.08,26.1,2131500.0,1429800.0,0,0,0,0,0,0,252,2026-02-03 02:36:42.097586
SPNG,24.96,24.48,24.96,2230000.0,1997100.0,0,0,0,0,0,0,253,2026-02-03 02:36:42.629483
SMMR,24.74,24.79,24.82,1709300.0,2126100.0,0,0,0,0,0,0,253,2026-02-03 02:36:42.629483
ATMN,24.5,24.36,24.5,2021800.0,1650900.0,0,0,0,0,0,0,253,2026-02-03 02:36:42.629483
WNTR,26.02,26.02,26.1,2154500.0,1429800.0,0,0,0,0,0,0,253,2026-02-03 02:36:42.629483
SPNG,25.08,24.48,25.08,2230000.0,1972200.0,0,0,0,0,0,0,254,2026-02-03 02:36:43.654454
SMMR,24.79,24.79,24.82,1709300.0,2260900.0,0,0,0,0,0,0,254,2026-02-03 02:36:43.654454
ATMN,24.36,24.36,24.5,2021800.0,1655000.0,0,0,0,0,0,0,254,2026-02-03 02:36:43.654454
WNTR,26.1,26.12,26.18,2154000.0,1185600.0,0,0,0,0,0,0,254,2026-02-03 02:36:43.654454
SPNG,24.48,24.48,25.08,2230000.0,2027800.0,0,0,0,0,0,0,255,2026-02-03 02:36:44.682525
SMMR,24.62,24.62,24.81,1589700.0,2267300.0,0,0,0,0,0,0,255,2026-02-03 02:36:44.682525
ATMN,24.48,24.48,24.5,2316600.0,1655000.0,0,0,0,0,0,0,255,2026-02-03 02:36:44.682525
WNTR,26.12,26.02,26.1,2154500.0,1508700.0,0,0,0,0,0,0,255,2026-02-03 02:36:44.682525
SPNG,24.48,24.48,24.6,2348900.0,2090100.0,0,0,0,0,0,0,256,2026-02-03 02:36:45.714693
SMMR,24.61,24.78,24.81,1698600.0,2276600.0,0,0,0,0,0,0,256,2026-02-03 02:36:45.714693
ATMN,24.22,24.22,24.5,1878200.0,1758100.0,0,0,0,0,0,0,256,2026-02-03 02:36:45.714693
WNTR,26.1,26.02,26.07,2120900.0,1630800.0,0,0,0,0,0,0,256,2026-02-03 02:36:45.714693
SPNG,24.6,24.48,24.6,2582300.0,2020500.0,0,0,0,0,0,0,257,2026-02-03 02:36:46.742170
SMMR,24.81,24.78,24.81,1698600.0,2308200.0,0,0,0,0,0,0,257,2026-02-03 02:36:46.742170
ATMN,24.62,24.26,24.62,1985000.0,1550700.0,0,0,0,0,0,0,257,2026-02-03 02:36:46.742170
WNTR,26.02,26.02,26.07,2124100.0,1630800.0,0,0,0,0,0,0,257,2026-02-03 02:36:46.742170
SPNG,24.42,24.42,25.35,2212600.0,2074000.0,0,0,0,0,0,0,258,2026-02-03 02:36:47.766202
SMMR,24.74,24.8,24.81,1844000.0,2303900.0,0,0,0,0,0,0,258,2026-02-03 02:36:47.766202
ATMN,24.66,24.28,24.66,2235600.0,1465200.0,0,0,0,0,0,0,258,2026-02-03 02:36:47.766202
WNTR,25.93,25.93,26.07,2193500.0,1730900.0,0,0,0,0,0,0,258,2026-02-03 02:36:47.766202
SPNG,24.42,24.42,25.11,2212600.0,2145000.0,0,0,0,0,0,0,259,2026-02-03 02:36:48.795586
SMMR,24.74,24.8,24.81,1844000.0,2333000.0,0,0,0,0,0,0,259,2026-02-03 02:36:48.795586
ATMN,24.44,24.28,24.31,2235600.0,1677000.0,0,0,0,0,0,0,259,2026-02-03 02:36:48.795586
WNTR,25.93,25.93,26.18,2193500.0,1515600.0,0,0,0,0,0,0,259,2026-02-03 02:36:48.795586
SPNG,24.42,24.42,24.59,2315100.0,2222500.0,0,0,0,0,0,0,260,2026-02-03 02:36:49.824328
SMMR,24.8,24.74,24.78,1712800.0,2321000.0,0,0,0,0,0,0,260,2026-02-03 02:36:49.824328
ATMN,24.28,24.28,24.6,2235600.0,1785100.0,0,0,0,0,0,0,260,2026-02-03 02:36:49.824328
WNTR,26.0,25.93,26.0,2193500.0,1550800.0,0,0,0,0,0,0,260,2026-02-03 02:36:49.824328
SPNG,24.68,24.42,24.68,2315100.0,2215200.0,0,0,0,0,0,0,261,2026-02-03 02:36:50.861179
SMMR,24.57,24.57,24.73,1337100.0,2331300.0,0,0,0,0,0,0,261,2026-02-03 02:36:50.861179
ATMN,24.28,24.58,24.6,2355300.0,1991100.0,0,0,0,0,0,0,261,2026-02-03 02:36:50.861179
WNTR,25.99,25.99,26.21,2202600.0,1426600.0,0,0,0,0,0,0,261,2026-02-03 02:36:50.861179
SPNG,24.68,24.54,24.68,2495400.0,2215200.0,0,0,0,0,0,0,262,2026-02-03 02:36:51.884643
SMMR,24.73,24.78,24.82,1472000.0,2349400.0,0,0,0,0,0,0,262,2026-02-03 02:36:51.884643
ATMN,24.26,24.53,24.6,2235800.0,2114600.0,0,0,0,0,0,0,262,2026-02-03 02:36:51.884643
WNTR,25.89,25.89,26.21,2191100.0,1513500.0,0,0,0,0,0,0,262,2026-02-03 02:36:51.884643
SPNG,24.68,24.54,24.68,2456200.0,2261200.0,0,0,0,0,0,0,263,2026-02-03 02:36:52.912837
SMMR,24.73,24.78,24.81,1472000.0,2408200.0,0,0,0,0,0,0,263,2026-02-03 02:36:52.912837
ATMN,24.53,24.53,24.58,2235800.0,2167700.0,0,0,0,0,0,0,263,2026-02-03 02:36:52.912837
WNTR,26.21,26.08,26.21,2164100.0,1513500.0,0,0,0,0,0,0,263,2026-02-03 02:36:52.912837
SPNG,24.54,24.54,24.71,2456200.0,2262400.0,0,0,0,0,0,0,264,2026-02-03 02:36:53.937929
SMMR,24.6,24.6,24.81,1571800.0,2408200.0,0,0,0,0,0,0,264,2026-02-03 02:36:53.937929
ATMN,24.26,24.22,24.25,2216700.0,2163800.0,0,0,0,0,0,0,264,2026-02-03 02:36:53.937929
WNTR,25.85,25.85,25.95,2181500.0,1638900.0,0,0,0,0,0,0,264,2026-02-03 02:36:53.937929
SPNG,24.54,24.42,24.51,2455900.0,2252000.0,0,0,0,0,0,0,265,2026-02-03 02:36:54.969132
SMMR,24.6,24.7,24.81,1773700.0,2380700.0,0,0,0,0,0,0,265,2026-02-03 02:36:54.969132
ATMN,24.26,24.22,24.25,2297200.0,2163800.0,0,0,0,0,0,0,265,2026-02-03 02:36:54.969132
WNTR,25.95,26.02,26.21,2217900.0,1513500.0,0,0,0,0,0,0,265,2026-02-03 02:36:54.969132
SPNG,24.54,24.42,24.51,2447600.0,2252000.0,0,0,0,0,0,0,266,2026-02-03 02:36:55.997467
SMMR,24.78,24.78,24.81,1692300.0,2380700.0,0,0,0,0,0,0,266,2026-02-03 02:36:55.997467
ATMN,24.39,24.39,24.58,2264800.0,2167700.0,0,0,0,0,0,0,266,2026-02-03 02:36:55.997467
WNTR,25.95,26.02,26.13,2217900.0,1858000.0,0,0,0,0,0,0,266,2026-02-03 02:36:55.997467
SPNG,24.71,24.79,24.91,2429000.0,2255300.0,0,0,0,0,0,0,267,2026-02-03 02:36:57.025392
SMMR,24.78,24.6,24.67,1824000.0,2392000.0,0,0,0,0,0,0,267,2026-02-03 02:36:57.025392
ATMN,24.58,24.39,24.58,2209100.0,2186200.0,0,0,0,0,0,0,267,2026-02-03 02:36:57.025392
WNTR,26.02,26.02,26.13,2187200.0,1976700.0,0,0,0,0,0,0,267,2026-02-03 02:36:57.025392
SPNG,24.71,24.79,24.91,2429000.0,2285200.0,0,0,0,0,0,0,268,2026-02-03 02:36:58.057060
SMMR,24.58,24.58,24.81,1803700.0,2380700.0,0,0,0,0,0,0,268,2026-02-03 02:36:58.057060
ATMN,24.6,24.39,24.6,2165700.0,2154900.0,0,0,0,0,0,0,268,2026-02-03 02:36:58.057060
WNTR,26.13,26.04,26.13,2143100.0,2069000.0,0,0,0,0,0,0,268,2026-02-03 02:36:58.057060
SPNG,24.36,24.36,24.91,2398500.0,2275900.0,0,0,0,0,0,0,269,2026-02-03 02:36:59.085749
SMMR,24.58,24.66,24.81,2040100.0,2386100.0,0,0,0,0,0,0,269,2026-02-03 02:36:59.085749
ATMN,24.6,24.39,24.6,2165700.0,2198600.0,0,0,0,0,0,0,269,2026-02-03 02:36:59.085749
WNTR,26.02,25.95,25.97,2192100.0,2192100.0,0,0,0,0,0,0,269,2026-02-03 02:36:59.085749
SPNG,24.36,24.57,24.91,2435300.0,2256000.0,0,0,0,0,0,0,270,2026-02-03 02:37:00.119887
SMMR,24.58,24.74,24.81,2016300.0,2386100.0,0,0,0,0,0,0,270,2026-02-03 02:37:00.119887
ATMN,24.43,24.39,24.43,2153000.0,2208200.0,0,0,0,0,0,0,270,2026-02-03 02:37:00.119887
WNTR,25.97,25.97,25.99,2189900.0,2197700.0,0,0,0,0,0,0,270,2026-02-03 02:37:00.119887
SPNG,24.35,24.35,24.7,2373800.0,2248500.0,0,0,0,0,0,0,271,2026-02-03 02:37:01.151103
SMMR,24.72,24.57,24.7,2050400.0,2398100.0,0,0,0,0,0,0,271,2026-02-03 02:37:01.151103
ATMN,24.37,24.37,24.61,2144500.0,2184100.0,0,0,0,0,0,0,271,2026-02-03 02:37:01.151103
WNTR,25.99,25.97,25.99,2219900.0,2197700.0,0,0,0,0,0,0,271,2026-02-03 02:37:01.151103
SPNG,24.35,24.35,24.7,2356700.0,2248500.0,0,0,0,0,0,0,272,2026-02-03 02:37:02.185906
SMMR,24.72,24.67,24.7,2392000.0,2398100.0,0,0,0,0,0,0,272,2026-02-03 02:37:02.185906
ATMN,24.48,24.37,24.48,2144500.0,2203000.0,0,0,0,0,0,0,272,2026-02-03 02:37:02.185906
WNTR,25.97,25.97,26.13,2218800.0,2173500.0,0,0,0,0,0,0,272,2026-02-03 02:37:02.185906
SPNG,24.34,24.53,24.7,2341500.0,2248500.0,0,0,0,0,0,0,273,2026-02-03 02:37:02.720246
SMMR,24.72,24.67,24.7,2337900.0,2391800.0,0,0,0,0,0,0,273,2026-02-03 02:37:02.720246
ATMN,24.66,24.37,24.66,2144500.0,2149500.0,0,0,0,0,0,0,273,2026-02-03 02:37:02.720246
WNTR,25.97,26.12,26.13,2216000.0,2173500.0,0,0,0,0,0,0,273,2026-02-03 02:37:02.720246
SPNG,24.7,24.34,24.7,2349300.0,2248500.0,0,0,0,0,0,0,274,2026-02-03 02:37:03.754044
SMMR,24.7,24.79,24.81,2314900.0,2386400.0,0,0,0,0,0,0,274,2026-02-03 02:37:03.754044
ATMN,24.66,24.43,24.66,2153900.0,2125100.0,0,0,0,0,0,0,274,2026-02-03 02:37:03.754044
WNTR,25.97,25.95,25.97,2222800.0,2168100.0,0,0,0,0,0,0,274,2026-02-03 02:37:03.754044
SPNG,24.7,24.39,24.7,2303900.0,2248500.0,0,0,0,0,0,0,275,2026-02-03 02:37:04.802942
SMMR,24.79,24.71,24.72,2280300.0,2392100.0,0,0,0,0,0,0,275,2026-02-03 02:37:04.802942
ATMN,24.43,24.43,24.45,2153900.0,2140200.0,0,0,0,0,0,0,275,2026-02-03 02:37:04.802942
WNTR,25.97,26.06,26.13,2242800.0,2164100.0,0,0,0,0,0,0,275,2026-02-03 02:37:04.802942
SPNG,24.7,24.72,24.79,2325000.0,2239400.0,0,0,0,0,0,0,276,2026-02-03 02:37:05.839602
SMMR,24.82,24.77,24.82,2304200.0,2389900.0,0,0,0,0,0,0,276,2026-02-03 02:37:05.839602
ATMN,24.33,24.33,24.66,2157200.0,2122900.0,0,0,0,0,0,0,276,2026-02-03 02:37:05.839602
WNTR,25.95,25.95,26.13,2249000.0,2178100.0,0,0,0,0,0,0,276,2026-02-03 02:37:05.839602
SPNG,24.72,24.36,24.58,2329800.0,2270300.0,0,0,0,0,0,0,277,2026-02-03 02:37:06.873223
SMMR,24.82,24.77,24.82,2292700.0,2391600.0,0,0,0,0,0,0,277,2026-02-03 02:37:06.873223
ATMN,24.33,24.22,24.23,2204600.0,2130900.0,0,0,0,0,0,0,277,2026-02-03 02:37:06.873223
WNTR,25.95,25.95,26.11,2224500.0,2225400.0,0,0,0,0,0,0,277,2026-02-03 02:37:06.873223
SPNG,24.6,24.45,24.6,2290500.0,2280300.0,0,0,0,0,0,0,278,2026-02-03 02:37:07.917455
SMMR,24.79,24.77,24.79,2292700.0,2382400.0,0,0,0,0,0,0,278,2026-02-03 02:37:07.917455
ATMN,24.73,24.49,24.73,2153400.0,2112100.0,0,0,0,0,0,0,278,2026-02-03 02:37:07.917455
WNTR,25.98,25.95,25.98,2224500.0,2199000.0,0,0,0,0,0,0,278,2026-02-03 02:37:07.917455
SPNG,24.6,24.73,24.79,2299400.0,2268100.0,0,0,0,0,0,0,279,2026-02-03 02:37:08.958431
SMMR,24.79,24.78,24.79,2291000.0,2393700.0,0,0,0,0,0,0,279,2026-02-03 02:37:08.958431
ATMN,24.49,24.49,24.64,2153400.0,2126700.0,0,0,0,0,0,0,279,2026-02-03 02:37:08.958431
WNTR,25.95,25.92,25.93,2225500.0,2210300.0,0,0,0,0,0,0,279,2026-02-03 02:37:08.958431
SPNG,24.36,24.36,24.79,2298000.0,2263200.0,0,0,0,0,0,0,280,2026-02-03 02:37:09.987487
SMMR,24.77,24.77,24.82,2300100.0,2396400.0,0,0,0,0,0,0,280,2026-02-03 02:37:09.987487
ATMN,24.14,24.14,24.64,2225300.0,2126700.0,0,0,0,0,0,0,280,2026-02-03 02:37:09.987487
WNTR,25.87,25.87,25.89,2219000.0,2185800.0,0,0,0,0,0,0,280,2026-02-03 02:37:09.987487
SPNG,24.88,24.36,24.88,2298000.0,2256900.0,0,0,0,0,0,0,281,2026-02-03 02:37:11.020057
SMMR,24.77,24.67,24.77,2278500.0,2406400.0,0,0,0,0,0,0,281,2026-02-03 02:37:11.020057
ATMN,24.44,24.51,24.64,2229900.0,2148000.0,0,0,0,0,0,0,281,2026-02-03 02:37:11.020057
WNTR,25.88,25.85,25.88,2201600.0,2195100.0,0,0,0,0,0,0,281,2026-02-03 02:37:11.020057
SPNG,24.88,24.36,24.88,2298000.0,2289400.0,0,0,0,0,0,0,282,2026-02-03 02:37:12.055304
SMMR,24.67,24.67,24.77,2292600.0,2361800.0,0,0,0,0,0,0,282,2026-02-03 02:37:12.055304
ATMN,24.51,24.47,24.48,2226300.0,2155100.0,0,0,0,0,0,0,282,2026-02-03 02:37:12.055304
WNTR,25.88,25.85,25.88,2223700.0,2217200.0,0,0,0,0,0,0,282,2026-02-03 02:37:12.055304
SPNG,24.88,24.36,24.42,2286300.0,2273200.0,0,0,0,0,0,0,283,2026-02-03 02:37:13.085428
SMMR,24.74,24.67,24.74,2292600.0,2401500.0,0,0,0,0,0,0,283,2026-02-03 02:37:13.085428
ATMN,24.48,24.47,24.48,2226300.0,2149500.0,0,0,0,0,0,0,283,2026-02-03 02:37:13.085428
WNTR,25.88,25.85,25.88,2179900.0,2217200.0,0,0,0,0,0,0,283,2026-02-03 02:37:13.085428
SPNG,24.42,24.36,24.42,2270900.0,2273200.0,0,0,0,0,0,0,284,2026-02-03 02:37:14.124608
SMMR,24.81,24.67,24.81,2300000.0,2359100.0,0,0,0,0,0,0,284,2026-02-03 02:37:14.124608
ATMN,24.48,24.52,24.64,2223800.0,2165700.0,0,0,0,0,0,0,284,2026-02-03 02:37:14.124608
WNTR,25.89,25.85,25.89,2175400.0,2190100.0,0,0,0,0,0,0,284,2026-02-03 02:37:14.124608
SPNG,24.91,24.34,24.91,2264200.0,2278300.0,0,0,0,0,0,0,285,2026-02-03 02:37:15.152877
SMMR,24.83,24.67,24.83,2222100.0,2377400.0,0,0,0,0,0,0,285,2026-02-03 02:37:15.152877
ATMN,24.49,24.57,24.64,2229000.0,2148300.0,0,0,0,0,0,0,285,2026-02-03 02:37:15.152877
WNTR,25.85,25.85,25.89,2188200.0,2190500.0,0,0,0,0,0,0,285,2026-02-03 02:37:15.152877
SPNG,24.91,24.34,24.54,2264200.0,2282600.0,0,0,0,0,0,0,286,2026-02-03 02:37:16.184496
SMMR,24.84,24.67,24.74,2227200.0,2352600.0,0,0,0,0,0,0,286,2026-02-03 02:37:16.184496
ATMN,24.57,24.14,24.49,2237000.0,2125400.0,0,0,0,0,0,0,286,2026-02-03 02:37:16.184496
WNTR,25.85,25.85,25.89,2175900.0,2200400.0,0,0,0,0,0,0,286,2026-02-03 02:37:16.184496
SPNG,24.88,24.34,24.88,2264200.0,2279900.0,0,0,0,0,0,0,287,2026-02-03 02:37:17.211337
SMMR,24.84,24.7,24.74,2221400.0,2353800.0,0,0,0,0,0,0,287,2026-02-03 02:37:17.211337
ATMN,24.49,24.54,24.63,2179700.0,2124300.0,0,0,0,0,0,0,287,2026-02-03 02:37:17.211337
WNTR,25.82,25.82,25.89,2173100.0,2200600.0,0,0,0,0,0,0,287,2026-02-03 02:37:17.211337
SPNG,24.3,24.3,24.59,2287800.0,2298500.0,0,0,0,0,0,0,288,2026-02-03 02:37:18.236230
SMMR,24.7,24.7,24.74,2221400.0,2371000.0,0,0,0,0,0,0,288,2026-02-03 02:37:18.236230
ATMN,24.43,24.43,24.44,2192400.0,2119900.0,0,0,0,0,0,0,288,2026-02-03 02:37:18.236230
WNTR,25.82,25.82,25.88,2179400.0,2212900.0,0,0,0,0,0,0,288,2026-02-03 02:37:18.236230
SPNG,24.59,24.3,24.59,2291600.0,2291700.0,0,0,0,0,0,0,289,2026-02-03 02:37:19.259440
SMMR,24.8,24.7,24.8,2230900.0,2375200.0,0,0,0,0,0,0,289,2026-02-03 02:37:19.259440
ATMN,24.55,24.27,24.55,2192700.0,2135200.0,0,0,0,0,0,0,289,2026-02-03 02:37:19.259440
WNTR,25.81,25.81,25.88,2155200.0,2212900.0,0,0,0,0,0,0,289,2026-02-03 02:37:19.259440
SPNG,24.91,24.41,24.91,2287100.0,2240500.0,0,0,0,0,0,0,290,2026-02-03 02:37:20.290072
SMMR,24.82,24.7,24.82,2225800.0,2371600.0,0,0,0,0,0,0,290,2026-02-03 02:37:20.290072
ATMN,24.12,24.22,24.55,2225400.0,2135200.0,0,0,0,0,0,0,290,2026-02-03 02:37:20.290072
WNTR,25.9,25.87,25.9,2155600.0,2224800.0,0,0,0,0,0,0,290,2026-02-03 02:37:20.290072
SPNG,24.91,24.51,24.59,2279900.0,2211500.0,0,0,0,0,0,0,291,2026-02-03 02:37:21.317093
SMMR,24.81,24.7,24.81,2225800.0,2400400.0,0,0,0,0,0,0,291,2026-02-03 02:37:21.317093
ATMN,24.5,24.4,24.5,2193500.0,2146600.0,0,0,0,0,0,0,291,2026-02-03 02:37:21.317093
WNTR,25.93,25.87,25.93,2155600.0,2245800.0,0,0,0,0,0,0,291,2026-02-03 02:37:21.317093
SPNG,24.51,24.51,24.59,2279900.0,2222500.0,0,0,0,0,0,0,292,2026-02-03 02:37:21.847453
SMMR,24.81,24.78,24.81,2208100.0,2400400.0,0,0,0,0,0,0,292,2026-02-03 02:37:21.847453
