ticker,last_price,bid_price,ask_price,BUY_ANON,SELL_ANON,BUY_GIOT-3,SELL_WRSW-3,SELL_WRSW-1,BUY_WRSW-3,BUY_UEBR-1,SELL_GIOT-4,SELL_UEBR-1,BUY_WRSW-1,BUY_WRSW-2,BUY_GIOT-4,SELL_GIOT-3,SELL_WRSW-2,tick,timestamp,news_news_id,news_period,news_tick,news_ticker,news_headline,news_body
SPNG,24.98,24.98,25.04,2074700.0,1938700.0,0,0,0,0,0,0,0,0,0,0,0,0,1,2026-02-03 08:13:54.135688,2.0,1.0,1.0,,Aggregate Position Limit,Your CRO has set the aggregate position limit to 15000 shares for this week.
SMMR,0.0,24.98,25.03,2090000.0,2395300.0,0,0,0,0,0,0,0,0,0,0,0,0,1,2026-02-03 08:13:54.135688,1.0,1.0,1.0,,Welcome to the RITC 2026 Alogithmic Market Making Case - practice server,
ATMN,24.99,24.99,25.08,2020900.0,1848900.0,0,0,0,0,0,0,0,0,0,0,0,0,1,2026-02-03 08:13:54.135688,,,,,,
WNTR,25.05,24.97,25.05,2058700.0,2222900.0,0,0,0,0,0,0,0,0,0,0,0,0,1,2026-02-03 08:13:54.135688,,,,,,
SPNG,24.75,24.75,25.04,2095100.0,1938700.0,0,0,0,0,0,0,0,0,0,0,0,0,2,2026-02-03 08:13:55.168847
SMMR,24.96,24.97,25.03,2090800.0,2395300.0,0,0,0,0,0,0,0,0,0,0,0,0,2,2026-02-03 08:13:55.168847
ATMN,24.97,24.97,25.08,2020200.0,1940700.0,0,0,0,0,0,0,0,0,0,0,0,0,2,2026-02-03 08:13:55.168847
WNTR,24.9,24.9,25.05,1970900.0,2222900.0,0,0,0,0,0,0,0,0,0,0,0,0,2,2026-02-03 08:13:55.168847
SPNG,24.75,24.75,25.03,2095100.0,3500.0,1818700.0,,0,0,0,0,0,0,0,0,0,0,3,2026-02-03 08:13:56.201168
SMMR,24.96,24.98,25.02,2220000.0,7000.0,2291800.0,7000.0,0,0,0,0,0,0,0,0,0,0,3,2026-02-03 08:13:56.201168
ATMN,24.92,24.97,25.08,1995300.0,,1940700.0,,0,0,0,0,0,0,0,0,0,0,3,2026-02-03 08:13:56.201168
WNTR,25.11,24.91,25.07,1970900.0,,2231900.0,8750.0,0,0,0,0,0,0,0,0,0,0,3,2026-02-03 08:13:56.201168
SPNG,24.65,24.65,25.43,1918400.0,1700200.0,0,0,0,0,0,0,0,0,0,0,0,0,4,2026-02-03 08:13:57.224519
SMMR,24.94,24.94,25.05,1992600.0,2402800.0,0,0,0,0,0,0,0,0,0,0,0,0,4,2026-02-03 08:13:57.224519
ATMN,24.92,25.0,25.08,1948900.0,1977600.0,0,0,0,0,0,0,0,0,0,0,0,0,4,2026-02-03 08:13:57.224519
WNTR,24.9,24.85,24.86,1980300.0,2259400.0,0,0,0,0,0,0,0,0,0,0,0,0,4,2026-02-03 08:13:57.224519
SPNG,25.02,25.22,25.42,2121600.0,3500.0,1700200.0,,0,0,0,0,0,0,0,0,0,0,5,2026-02-03 08:13:58.250866
SMMR,24.95,24.94,24.95,2235200.0,7000.0,2297500.0,,0,0,0,0,0,0,0,0,0,0,5,2026-02-03 08:13:58.250866
ATMN,24.92,25.01,25.08,1859600.0,,1969800.0,5250.0,0,0,0,0,0,0,0,0,0,0,5,2026-02-03 08:13:58.250866
WNTR,24.89,24.89,24.97,2088000.0,,2257200.0,8750.0,0,0,0,0,0,0,0,0,0,0,5,2026-02-03 08:13:58.250866
SPNG,25.43,24.65,25.43,1918400.0,1700200.0,0,0,0,0,0,0,0,0,0,0,0,0,6,2026-02-03 08:13:59.279467
SMMR,24.95,24.94,24.95,2334300.0,2399400.0,0,0,0,0,0,0,0,0,0,0,0,0,6,2026-02-03 08:13:59.279467
ATMN,25.08,24.97,25.08,1973800.0,1969800.0,0,0,0,0,0,0,0,0,0,0,0,0,6,2026-02-03 08:13:59.279467
WNTR,24.97,24.89,24.97,2216700.0,2239800.0,0,0,0,0,0,0,0,0,0,0,0,0,6,2026-02-03 08:13:59.279467
SPNG,24.92,24.8,24.92,2034200.0,3500.0,1799200.0,3500.0,0,0,0,0,0,0,0,0,0,0,7,2026-02-03 08:14:00.304705
SMMR,24.95,25.04,25.05,2349900.0,,2396100.0,,0,0,0,0,0,0,0,0,0,0,7,2026-02-03 08:14:00.304705
ATMN,24.97,25.02,25.07,1881900.0,5250.0,1861100.0,5250.0,0,0,0,0,0,0,0,0,0,0,7,2026-02-03 08:14:00.304705
WNTR,25.01,24.9,25.01,2128600.0,8750.0,2202000.0,,0,0,0,0,0,0,0,0,0,0,7,2026-02-03 08:14:00.304705
SPNG,25.28,24.8,25.24,2118400.0,1886100.0,0,0,0,0,0,0,0,0,0,0,0,0,8,2026-02-03 08:14:01.328408
SMMR,25.06,24.94,25.06,2341500.0,2362200.0,0,0,0,0,0,0,0,0,0,0,0,0,8,2026-02-03 08:14:01.328408
ATMN,25.12,25.02,25.12,1971200.0,1992000.0,0,0,0,0,0,0,0,0,0,0,0,0,8,2026-02-03 08:14:01.328408
WNTR,25.07,25.08,25.1,2271000.0,2224700.0,0,0,0,0,0,0,0,0,0,0,0,0,8,2026-02-03 08:14:01.328408
SPNG,25.13,25.13,25.14,2007200.0,3500.0,1881300.0,3500.0,0,0,0,0,0,0,0,0,0,0,9,2026-02-03 08:14:02.364770
SMMR,24.92,25.02,25.04,2228200.0,7000.0,2263900.0,7000.0,0,0,0,0,0,0,0,0,0,0,9,2026-02-03 08:14:02.364770
ATMN,25.18,25.03,25.11,1899400.0,5250.0,1895800.0,5250.0,0,0,0,0,0,0,0,0,0,0,9,2026-02-03 08:14:02.364770
WNTR,25.08,25.06,25.07,2248400.0,,2191200.0,,0,0,0,0,0,0,0,0,0,0,9,2026-02-03 08:14:02.364770
SPNG,25.24,24.8,25.24,2123000.0,1886100.0,0,0,0,0,0,0,0,0,0,0,0,0,10,2026-02-03 08:14:03.390250
SMMR,25.08,25.02,25.08,2342900.0,2326400.0,0,0,0,0,0,0,0,0,0,0,0,0,10,2026-02-03 08:14:03.390250
ATMN,25.02,25.02,25.04,1990500.0,2008100.0,0,0,0,0,0,0,0,0,0,0,0,0,10,2026-02-03 08:14:03.390250
WNTR,25.06,24.94,24.96,2270400.0,2190600.0,0,0,0,0,0,0,0,0,0,0,0,0,10,2026-02-03 08:14:03.390250
SPNG,24.8,24.81,25.15,3500.0,2011800.0,3500.0,1865400.0,0,0,0,0,0,0,0,0,0,0,11,2026-02-03 08:14:04.415477
SMMR,25.14,25.03,25.14,7000.0,2224800.0,,2361300.0,0,0,0,0,0,0,0,0,0,0,11,2026-02-03 08:14:04.415477
ATMN,25.2,25.03,25.2,5250.0,1888300.0,,1983300.0,0,0,0,0,0,0,0,0,0,0,11,2026-02-03 08:14:04.415477
WNTR,25.1,24.94,25.1,,2244400.0,,2190100.0,0,0,0,0,0,0,0,0,0,0,11,2026-02-03 08:14:04.415477
SPNG,24.8,24.8,25.03,2129500.0,1979300.0,,0,0,0,0,0,0,0,0,0,0,0,12,2026-02-03 08:14:05.444154
SMMR,25.14,25.02,25.14,2342900.0,2403300.0,,0,0,0,0,0,0,0,0,0,0,0,12,2026-02-03 08:14:05.444154
ATMN,25.02,25.1,25.2,1988900.0,1983300.0,,0,0,0,0,0,0,0,0,0,0,0,12,2026-02-03 08:14:05.444154
WNTR,25.12,24.94,25.11,2228400.0,2066500.0,8750.0,0,0,0,0,0,0,0,0,0,0,0,12,2026-02-03 08:14:05.444154
SPNG,25.4,25.4,25.43,2116300.0,2000500.0,0,0,0,0,0,0,0,0,0,0,0,0,13,2026-02-03 08:14:06.477659
SMMR,25.15,25.14,25.15,2347400.0,2400500.0,0,0,0,0,0,0,0,0,0,0,0,0,13,2026-02-03 08:14:06.477659
ATMN,25.02,25.1,25.2,1993400.0,2008800.0,0,0,0,0,0,0,0,0,0,0,0,0,13,2026-02-03 08:14:06.477659
WNTR,25.12,24.94,25.12,2228400.0,2164900.0,0,0,0,0,0,0,0,0,0,0,0,0,13,2026-02-03 08:14:06.477659
SPNG,25.4,25.4,25.43,2116300.0,2058600.0,,0,0,0,0,0,0,0,0,0,0,0,14,2026-02-03 08:14:07.506994
SMMR,25.14,25.14,25.15,2218400.0,2377800.0,7000.0,0,0,0,0,0,0,0,0,0,0,0,14,2026-02-03 08:14:07.506994
ATMN,25.1,25.1,25.2,2020200.0,1987800.0,,0,0,0,0,0,0,0,0,0,0,0,14,2026-02-03 08:14:07.506994
WNTR,24.97,24.97,25.13,2245900.0,2193600.0,,0,0,0,0,0,0,0,0,0,0,0,14,2026-02-03 08:14:07.506994
SPNG,25.58,24.65,25.4,2138400.0,2070000.0,,0,0,0,0,0,0,0,0,0,0,0,15,2026-02-03 08:14:08.535238
SMMR,24.96,24.93,24.96,2243500.0,2413900.0,7000.0,0,0,0,0,0,0,0,0,0,0,0,15,2026-02-03 08:14:08.535238
ATMN,25.01,25.23,25.25,2002900.0,1951800.0,,0,0,0,0,0,0,0,0,0,0,0,15,2026-02-03 08:14:08.535238
WNTR,24.97,24.97,25.06,2221500.0,2230000.0,,0,0,0,0,0,0,0,0,0,0,0,15,2026-02-03 08:14:08.535238
SPNG,25.07,25.1,25.21,2158700.0,2044500.0,,0,0,0,0,0,0,0,0,0,0,0,16,2026-02-03 08:14:09.566239
SMMR,25.19,24.84,25.19,2355300.0,2332800.0,,0,0,0,0,0,0,0,0,0,0,0,16,2026-02-03 08:14:09.566239
ATMN,25.25,25.02,25.25,1817200.0,1951800.0,10500.0,0,0,0,0,0,0,0,0,0,0,0,16,2026-02-03 08:14:09.566239
WNTR,24.99,24.98,24.99,2015600.0,2264600.0,17500.0,0,0,0,0,0,0,0,0,0,0,0,16,2026-02-03 08:14:09.566239
SPNG,24.65,24.65,25.21,2133600.0,2023900.0,,0,0,0,0,0,0,0,0,0,0,0,17,2026-02-03 08:14:10.592674
SMMR,25.19,24.94,25.19,2358600.0,2362800.0,,0,0,0,0,0,0,0,0,0,0,0,17,2026-02-03 08:14:10.592674
ATMN,25.01,25.01,25.25,2015700.0,1943000.0,,0,0,0,0,0,0,0,0,0,0,0,17,2026-02-03 08:14:10.592674
WNTR,25.06,25.05,25.06,2103600.0,2230000.0,10000.0,0,0,0,0,0,0,0,0,0,0,0,17,2026-02-03 08:14:10.592674
SPNG,24.62,24.62,25.02,2112400.0,2020300.0,0,0,0,0,0,0,0,0,0,0,0,0,18,2026-02-03 08:14:11.619366
SMMR,25.19,24.96,24.97,2327000.0,2395100.0,0,0,0,0,0,0,0,0,0,0,0,0,18,2026-02-03 08:14:11.619366
ATMN,25.27,25.01,25.03,2025600.0,1949100.0,0,0,0,0,0,0,0,0,0,0,0,0,18,2026-02-03 08:14:11.619366
WNTR,25.13,25.05,25.08,2221600.0,2211400.0,0,0,0,0,0,0,0,0,0,0,0,0,18,2026-02-03 08:14:11.619366
SPNG,24.92,24.62,24.76,2087900.0,2017400.0,0,0,0,0,0,0,0,0,0,0,0,0,19,2026-02-03 08:14:12.647349
SMMR,24.97,24.99,25.19,2332400.0,2362800.0,0,0,0,0,0,0,0,0,0,0,0,0,19,2026-02-03 08:14:12.647349
ATMN,25.27,25.01,25.03,2046700.0,1949100.0,0,0,0,0,0,0,0,0,0,0,0,0,19,2026-02-03 08:14:12.647349
WNTR,25.13,25.05,25.13,2221600.0,2254300.0,0,0,0,0,0,0,0,0,0,0,0,0,19,2026-02-03 08:14:12.647349
SPNG,25.06,24.62,24.73,2087900.0,2026000.0,,0,0,0,0,0,0,0,0,0,0,0,20,2026-02-03 08:14:13.176571
SMMR,24.97,24.99,25.14,2332400.0,2406900.0,,0,0,0,0,0,0,0,0,0,0,0,20,2026-02-03 08:14:13.176571
ATMN,25.03,25.02,25.03,1936900.0,1949100.0,5250.0,0,0,0,0,0,0,0,0,0,0,0,20,2026-02-03 08:14:13.176571
WNTR,25.14,25.05,25.14,2221600.0,2245700.0,,0,0,0,0,0,0,0,0,0,0,0,20,2026-02-03 08:14:13.176571
SPNG,24.73,25.01,25.21,2100600.0,2023900.0,,0,0,0,0,0,0,0,0,0,0,0,21,2026-02-03 08:14:14.210688
SMMR,25.14,24.99,25.14,2332400.0,2439800.0,,0,0,0,0,0,0,0,0,0,0,0,21,2026-02-03 08:14:14.210688
ATMN,25.41,25.09,25.41,2024600.0,1727800.0,,0,0,0,0,0,0,0,0,0,0,0,21,2026-02-03 08:14:14.210688
WNTR,25.15,25.06,25.15,2082400.0,2248500.0,7500.0,0,0,0,0,0,0,0,0,0,0,0,21,2026-02-03 08:14:14.210688
SPNG,25.21,25.02,25.21,3500.0,1979000.0,2020200.0,0,0,0,0,0,0,0,0,0,0,0,22,2026-02-03 08:14:15.241336
SMMR,25.2,25.1,25.2,7000.0,2250600.0,2369500.0,0,0,0,0,0,0,0,0,0,0,0,22,2026-02-03 08:14:15.241336
ATMN,25.41,25.11,25.27,5250.0,1942700.0,1815200.0,0,0,0,0,0,0,0,0,0,0,0,22,2026-02-03 08:14:15.241336
WNTR,25.17,25.07,25.17,2700.0,2102000.0,2241900.0,0,0,0,0,0,0,0,0,0,0,0,22,2026-02-03 08:14:15.241336
SPNG,24.76,25.2,25.21,2094500.0,2020200.0,,0,0,0,0,0,0,0,0,0,0,0,23,2026-02-03 08:14:16.273187
SMMR,25.1,25.11,25.2,2291200.0,2369500.0,7000.0,0,0,0,0,0,0,0,0,0,0,0,23,2026-02-03 08:14:16.273187
ATMN,25.27,25.15,25.27,2061900.0,1815200.0,,0,0,0,0,0,0,0,0,0,0,0,23,2026-02-03 08:14:16.273187
WNTR,25.02,25.02,25.17,2209800.0,2232800.0,,0,0,0,0,0,0,0,0,0,0,0,23,2026-02-03 08:14:16.273187
SPNG,24.76,25.2,25.21,2001800.0,3500.0,2002400.0,0,0,0,0,0,0,0,0,0,0,0,24,2026-02-03 08:14:17.305459
SMMR,25.03,25.03,25.11,2381300.0,,2384200.0,0,0,0,0,0,0,0,0,0,0,0,24,2026-02-03 08:14:17.305459
ATMN,25.16,25.16,25.41,1961100.0,5250.0,1727800.0,0,0,0,0,0,0,0,0,0,0,0,24,2026-02-03 08:14:17.305459
WNTR,25.16,25.17,25.19,2228400.0,,2242500.0,0,0,0,0,0,0,0,0,0,0,0,24,2026-02-03 08:14:17.305459
SPNG,24.58,24.49,24.54,2090500.0,1997600.0,0,0,0,0,0,0,0,0,0,0,0,0,25,2026-02-03 08:14:18.334756
SMMR,25.1,25.07,25.11,2399600.0,2384200.0,0,0,0,0,0,0,0,0,0,0,0,0,25,2026-02-03 08:14:18.334756
ATMN,25.38,25.38,25.39,2064300.0,1828500.0,0,0,0,0,0,0,0,0,0,0,0,0,25,2026-02-03 08:14:18.334756
WNTR,25.17,24.97,25.06,2213900.0,2221600.0,0,0,0,0,0,0,0,0,0,0,0,0,25,2026-02-03 08:14:18.334756
SPNG,24.89,24.62,24.89,2111400.0,1994500.0,,,0,0,0,0,0,0,0,0,0,0,26,2026-02-03 08:14:19.388909
SMMR,25.1,25.08,25.1,2423500.0,2319600.0,6100.0,,0,0,0,0,0,0,0,0,0,0,26,2026-02-03 08:14:19.388909
ATMN,25.12,25.12,25.39,2096800.0,1828500.0,,,0,0,0,0,0,0,0,0,0,0,26,2026-02-03 08:14:19.388909
WNTR,25.17,25.0,25.02,2144800.0,2245300.0,,8750.0,0,0,0,0,0,0,0,0,0,0,26,2026-02-03 08:14:19.388909
SPNG,24.89,24.99,25.21,2038000.0,3500.0,1984400.0,,0,0,0,0,0,0,0,0,0,0,27,2026-02-03 08:14:20.438161
SMMR,25.11,25.08,25.11,2423500.0,,2461600.0,,0,0,0,0,0,0,0,0,0,0,27,2026-02-03 08:14:20.438161
ATMN,25.11,25.11,25.38,2097400.0,,1828500.0,5250.0,0,0,0,0,0,0,0,0,0,0,27,2026-02-03 08:14:20.438161
WNTR,25.22,25.0,25.22,2241500.0,,2216000.0,,0,0,0,0,0,0,0,0,0,0,27,2026-02-03 08:14:20.438161
SPNG,25.21,24.75,25.21,2113500.0,2008100.0,0,0,0,0,0,0,0,0,0,0,0,0,28,2026-02-03 08:14:21.473204
SMMR,25.07,25.07,25.14,2388800.0,2442200.0,0,0,0,0,0,0,0,0,0,0,0,0,28,2026-02-03 08:14:21.473204
ATMN,25.11,25.11,25.44,2097400.0,1640700.0,0,0,0,0,0,0,0,0,0,0,0,0,28,2026-02-03 08:14:21.473204
WNTR,25.01,25.0,25.01,2268500.0,2181700.0,0,0,0,0,0,0,0,0,0,0,0,0,28,2026-02-03 08:14:21.473204
SPNG,24.64,24.64,25.21,2134800.0,2023800.0,0,0,0,0,0,0,0,0,0,0,0,0,29,2026-02-03 08:14:22.504953
SMMR,25.07,25.07,25.14,2388800.0,2488000.0,0,0,0,0,0,0,0,0,0,0,0,0,29,2026-02-03 08:14:22.504953
ATMN,25.11,25.11,25.44,2113700.0,1640700.0,0,0,0,0,0,0,0,0,0,0,0,0,29,2026-02-03 08:14:22.504953
WNTR,25.24,25.21,25.24,2277100.0,2198500.0,0,0,0,0,0,0,0,0,0,0,0,0,29,2026-02-03 08:14:22.504953
SPNG,24.98,24.81,24.98,2031900.0,3500.0,1935600.0,3500.0,0,0,0,0,0,0,0,0,0,0,30,2026-02-03 08:14:23.533835
SMMR,25.17,25.07,25.17,2388800.0,,2461000.0,,0,0,0,0,0,0,0,0,0,0,30,2026-02-03 08:14:23.533835
ATMN,25.44,25.2,25.43,2006700.0,5250.0,1730400.0,5250.0,0,0,0,0,0,0,0,0,0,0,30,2026-02-03 08:14:23.533835
WNTR,25.16,25.22,25.24,2172100.0,8750.0,2198500.0,,0,0,0,0,0,0,0,0,0,0,30,2026-02-03 08:14:23.533835
SPNG,24.83,24.81,24.83,2126800.0,2051700.0,0,0,0,0,0,0,0,0,0,0,0,0,31,2026-02-03 08:14:24.561919
SMMR,25.0,24.99,25.0,2328700.0,2490400.0,0,0,0,0,0,0,0,0,0,0,0,0,31,2026-02-03 08:14:24.561919
ATMN,25.11,25.12,25.24,2124200.0,1831200.0,0,0,0,0,0,0,0,0,0,0,0,0,31,2026-02-03 08:14:24.561919
WNTR,25.12,25.11,25.12,2267100.0,2218500.0,0,0,0,0,0,0,0,0,0,0,0,0,31,2026-02-03 08:14:24.561919
SPNG,24.81,24.64,24.78,2140200.0,2033200.0,,,0,0,0,0,0,0,0,0,0,0,32,2026-02-03 08:14:25.595245
SMMR,24.99,24.99,25.17,2230900.0,2461000.0,7000.0,,0,0,0,0,0,0,0,0,0,0,32,2026-02-03 08:14:25.595245
ATMN,25.24,25.12,25.24,2125300.0,1831200.0,,5250.0,0,0,0,0,0,0,0,0,0,0,32,2026-02-03 08:14:25.595245
WNTR,25.0,25.0,25.12,2291700.0,2096100.0,,8750.0,0,0,0,0,0,0,0,0,0,0,32,2026-02-03 08:14:25.595245
SPNG,24.78,25.17,25.29,2140300.0,2020600.0,0,0,0,0,0,0,0,0,0,0,0,0,33,2026-02-03 08:14:26.638169
SMMR,24.99,25.0,25.05,2339100.0,2491900.0,0,0,0,0,0,0,0,0,0,0,0,0,33,2026-02-03 08:14:26.638169
ATMN,25.12,25.12,25.44,2125300.0,1909700.0,0,0,0,0,0,0,0,0,0,0,0,0,33,2026-02-03 08:14:26.638169
WNTR,25.0,25.09,25.12,2298200.0,2218500.0,0,0,0,0,0,0,0,0,0,0,0,0,33,2026-02-03 08:14:26.638169
SPNG,24.92,24.69,24.92,2140200.0,1899900.0,3500.0,,0,0,0,0,0,0,0,0,0,0,34,2026-02-03 08:14:27.674634
SMMR,25.05,25.01,25.05,2193600.0,2491900.0,,7000.0,0,0,0,0,0,0,0,0,0,0,34,2026-02-03 08:14:27.674634
ATMN,25.09,25.09,25.44,2104000.0,1909700.0,,,0,0,0,0,0,0,0,0,0,0,34,2026-02-03 08:14:27.674634
WNTR,25.24,25.0,25.05,2299200.0,2219700.0,,,0,0,0,0,0,0,0,0,0,0,34,2026-02-03 08:14:27.674634
SPNG,24.87,24.69,24.87,2145000.0,2040100.0,0,0,0,0,0,0,0,0,0,0,0,0,35,2026-02-03 08:14:28.704107
SMMR,25.12,24.98,25.12,2318900.0,2493400.0,0,0,0,0,0,0,0,0,0,0,0,0,35,2026-02-03 08:14:28.704107
ATMN,25.08,25.08,25.44,2124200.0,1929800.0,0,0,0,0,0,0,0,0,0,0,0,0,35,2026-02-03 08:14:28.704107
WNTR,25.05,25.15,25.24,2320100.0,2198500.0,0,0,0,0,0,0,0,0,0,0,0,0,35,2026-02-03 08:14:28.704107
SPNG,24.87,24.85,24.86,2022400.0,3500.0,3500.0,1951600.0,0,0,0,0,0,0,0,0,0,0,36,2026-02-03 08:14:29.732032
SMMR,25.02,25.02,25.12,2239700.0,7000.0,,2493400.0,0,0,0,0,0,0,0,0,0,0,36,2026-02-03 08:14:29.732032
ATMN,25.06,25.26,25.35,1988100.0,5250.0,5250.0,1840200.0,0,0,0,0,0,0,0,0,0,0,36,2026-02-03 08:14:29.732032
WNTR,25.27,25.18,25.27,2176900.0,8750.0,,2188900.0,0,0,0,0,0,0,0,0,0,0,36,2026-02-03 08:14:29.732032
SPNG,25.12,25.12,25.36,2141900.0,2024200.0,0,0,0,0,0,0,0,0,0,0,0,0,37,2026-02-03 08:14:30.763810
SMMR,25.23,25.02,25.23,2354400.0,2474800.0,0,0,0,0,0,0,0,0,0,0,0,0,37,2026-02-03 08:14:30.763810
ATMN,25.39,25.26,25.39,2096700.0,1957200.0,0,0,0,0,0,0,0,0,0,0,0,0,37,2026-02-03 08:14:30.763810
WNTR,25.27,25.19,25.23,2307900.0,2181300.0,0,0,0,0,0,0,0,0,0,0,0,0,37,2026-02-03 08:14:30.763810
SPNG,24.85,24.85,25.13,2113100.0,1923700.0,3500.0,,0,0,0,0,0,0,0,0,0,0,38,2026-02-03 08:14:31.788476
SMMR,25.23,25.02,25.16,2354400.0,2468000.0,,,0,0,0,0,0,0,0,0,0,0,38,2026-02-03 08:14:31.788476
ATMN,25.06,25.23,25.38,2112100.0,1875500.0,5250.0,,0,0,0,0,0,0,0,0,0,0,38,2026-02-03 08:14:31.788476
WNTR,25.27,25.2,25.23,2197100.0,2172600.0,,8750.0,0,0,0,0,0,0,0,0,0,0,38,2026-02-03 08:14:31.788476
SPNG,25.13,24.85,25.13,2143200.0,2043600.0,0,0,0,0,0,0,0,0,0,0,0,0,39,2026-02-03 08:14:32.314571
SMMR,24.96,24.96,25.15,2344300.0,2474000.0,0,0,0,0,0,0,0,0,0,0,0,0,39,2026-02-03 08:14:32.314571
ATMN,25.06,25.24,25.39,2104400.0,1963500.0,0,0,0,0,0,0,0,0,0,0,0,0,39,2026-02-03 08:14:32.314571
WNTR,25.25,25.19,25.25,2310700.0,2181000.0,0,0,0,0,0,0,0,0,0,0,0,0,39,2026-02-03 08:14:32.314571
SPNG,24.74,24.74,25.36,2143300.0,2024200.0,,,0,0,0,0,0,0,0,0,0,0,40,2026-02-03 08:14:33.342060
SMMR,24.95,24.97,25.14,2231300.0,2334200.0,7000.0,7000.0,0,0,0,0,0,0,0,0,0,0,40,2026-02-03 08:14:33.342060
ATMN,25.24,25.24,25.38,2104400.0,1868400.0,,5250.0,0,0,0,0,0,0,0,0,0,0,40,2026-02-03 08:14:33.342060
WNTR,25.28,25.2,25.28,2198400.0,2257900.0,8750.0,,0,0,0,0,0,0,0,0,0,0,40,2026-02-03 08:14:33.342060
SPNG,25.3,25.35,25.36,2144200.0,2024200.0,0,0,0,0,0,0,0,0,0,0,0,0,41,2026-02-03 08:14:34.373403
SMMR,24.95,25.02,25.04,2347000.0,2458500.0,0,0,0,0,0,0,0,0,0,0,0,0,41,2026-02-03 08:14:34.373403
ATMN,25.02,25.02,25.09,2087600.0,1972400.0,0,0,0,0,0,0,0,0,0,0,0,0,41,2026-02-03 08:14:34.373403
WNTR,25.25,25.19,25.2,2310700.0,2257100.0,0,0,0,0,0,0,0,0,0,0,0,0,41,2026-02-03 08:14:34.373403
SPNG,25.36,24.82,25.36,2169400.0,1922200.0,3500.0,,0,0,0,0,0,0,0,0,0,0,42,2026-02-03 08:14:35.402099
SMMR,25.03,25.02,25.04,2365700.0,2452300.0,,,0,0,0,0,0,0,0,0,0,0,42,2026-02-03 08:14:35.402099
ATMN,25.02,25.02,25.04,2101200.0,1895900.0,5250.0,,0,0,0,0,0,0,0,0,0,0,42,2026-02-03 08:14:35.402099
WNTR,25.2,25.26,25.28,2157600.0,2259100.0,,8750.0,0,0,0,0,0,0,0,0,0,0,42,2026-02-03 08:14:35.402099
SPNG,25.36,24.98,25.35,2132000.0,3500.0,1943500.0,,0,0,0,0,0,0,0,0,0,0,43,2026-02-03 08:14:36.451567
SMMR,25.04,25.02,25.04,2387400.0,,2452300.0,,0,0,0,0,0,0,0,0,0,0,43,2026-02-03 08:14:36.451567
ATMN,25.02,25.02,25.03,2103300.0,5250.0,1895900.0,,0,0,0,0,0,0,0,0,0,0,43,2026-02-03 08:14:36.451567
WNTR,25.19,25.27,25.28,2198400.0,,2259100.0,8750.0,0,0,0,0,0,0,0,0,0,0,43,2026-02-03 08:14:36.451567
SPNG,25.39,24.82,24.94,2169400.0,1928200.0,3500.0,0,0,0,0,0,0,0,0,0,0,0,44,2026-02-03 08:14:37.482739
SMMR,25.02,25.02,25.04,2406900.0,2455800.0,,0,0,0,0,0,0,0,0,0,0,0,44,2026-02-03 08:14:37.482739
ATMN,25.04,25.02,25.03,2101900.0,1895900.0,5250.0,0,0,0,0,0,0,0,0,0,0,0,44,2026-02-03 08:14:37.482739
WNTR,25.31,25.19,25.31,2331200.0,2133400.0,,0,0,0,0,0,0,0,0,0,0,0,44,2026-02-03 08:14:37.482739
SPNG,24.94,24.82,24.93,2150300.0,3500.0,1928200.0,,0,0,0,0,0,0,0,0,0,0,45,2026-02-03 08:14:38.512911
SMMR,24.96,24.96,25.03,2415300.0,7000.0,2299700.0,,0,0,0,0,0,0,0,0,0,0,45,2026-02-03 08:14:38.512911
ATMN,25.09,25.01,25.09,2064500.0,,1972400.0,,0,0,0,0,0,0,0,0,0,0,45,2026-02-03 08:14:38.512911
WNTR,25.34,25.2,25.34,2181400.0,,1872400.0,8750.0,0,0,0,0,0,0,0,0,0,0,45,2026-02-03 08:14:38.512911
SPNG,25.09,24.82,25.05,2150300.0,2052900.0,,0,0,0,0,0,0,0,0,0,0,0,46,2026-02-03 08:14:39.539288
SMMR,24.95,24.97,25.04,2288700.0,2445200.0,7000.0,0,0,0,0,0,0,0,0,0,0,0,46,2026-02-03 08:14:39.539288
ATMN,25.39,25.01,25.39,2069900.0,1953200.0,,0,0,0,0,0,0,0,0,0,0,0,46,2026-02-03 08:14:39.539288
WNTR,25.34,25.38,25.39,2221700.0,1768600.0,8750.0,0,0,0,0,0,0,0,0,0,0,0,46,2026-02-03 08:14:39.539288
SPNG,24.89,24.82,24.89,2150300.0,2083500.0,0,0,0,0,0,0,0,0,0,0,0,0,47,2026-02-03 08:14:40.571658
SMMR,24.94,24.94,25.04,2413300.0,2422000.0,0,0,0,0,0,0,0,0,0,0,0,0,47,2026-02-03 08:14:40.571658
ATMN,25.3,25.3,25.32,2066300.0,1989700.0,0,0,0,0,0,0,0,0,0,0,0,0,47,2026-02-03 08:14:40.571658
WNTR,25.38,25.19,25.28,2347700.0,1899800.0,0,0,0,0,0,0,0,0,0,0,0,0,47,2026-02-03 08:14:40.571658
SPNG,24.82,24.83,24.88,3500.0,2034300.0,3500.0,1949700.0,0,0,0,0,0,0,0,0,0,0,48,2026-02-03 08:14:41.599758
SMMR,25.06,24.95,25.06,7000.0,2298600.0,,2386000.0,0,0,0,0,0,0,0,0,0,0,48,2026-02-03 08:14:41.599758
ATMN,24.97,25.01,25.21,,2070400.0,5250.0,1908800.0,0,0,0,0,0,0,0,0,0,0,48,2026-02-03 08:14:41.599758
WNTR,25.38,25.22,25.28,8750.0,2179000.0,,1899800.0,0,0,0,0,0,0,0,0,0,0,48,2026-02-03 08:14:41.599758
SPNG,24.88,25.17,25.27,2141000.0,2035400.0,0,0,0,0,0,0,0,0,0,0,0,0,49,2026-02-03 08:14:42.641044
SMMR,24.91,24.91,25.06,2370300.0,2386000.0,0,0,0,0,0,0,0,0,0,0,0,0,49,2026-02-03 08:14:42.641044
ATMN,24.97,24.97,25.21,2048500.0,1993600.0,0,0,0,0,0,0,0,0,0,0,0,0,49,2026-02-03 08:14:42.641044
WNTR,25.38,25.27,25.28,2287700.0,1899800.0,0,0,0,0,0,0,0,0,0,0,0,0,49,2026-02-03 08:14:42.641044
SPNG,25.14,25.01,25.14,2132700.0,2033200.0,,,0,0,0,0,0,0,0,0,0,0,50,2026-02-03 08:14:43.674965
SMMR,24.91,24.92,25.0,2244700.0,2354100.0,7000.0,,0,0,0,0,0,0,0,0,0,0,50,2026-02-03 08:14:43.674965
ATMN,24.95,24.95,25.2,2042900.0,1883500.0,,5250.0,0,0,0,0,0,0,0,0,0,0,50,2026-02-03 08:14:43.674965
WNTR,25.39,25.32,25.39,2165600.0,1658600.0,8750.0,,0,0,0,0,0,0,0,0,0,0,50,2026-02-03 08:14:43.674965
SPNG,25.27,24.78,25.27,2133600.0,2035400.0,0,0,0,0,0,0,0,0,0,0,0,0,51,2026-02-03 08:14:44.701218
SMMR,25.06,25.05,25.06,2377200.0,2364600.0,0,0,0,0,0,0,0,0,0,0,0,0,51,2026-02-03 08:14:44.701218
ATMN,24.93,24.93,25.21,2041600.0,1970300.0,0,0,0,0,0,0,0,0,0,0,0,0,51,2026-02-03 08:14:44.701218
WNTR,25.32,25.32,25.42,2293400.0,1550200.0,0,0,0,0,0,0,0,0,0,0,0,0,51,2026-02-03 08:14:44.701218
SPNG,24.69,24.69,25.27,2135100.0,2035400.0,,0,0,0,0,0,0,0,0,0,0,0,52,2026-02-03 08:14:45.725148
SMMR,25.08,25.05,25.08,2279400.0,2338900.0,7000.0,0,0,0,0,0,0,0,0,0,0,0,52,2026-02-03 08:14:45.725148
ATMN,25.21,24.93,25.21,2040200.0,1970300.0,,0,0,0,0,0,0,0,0,0,0,0,52,2026-02-03 08:14:45.725148
WNTR,25.32,25.41,25.42,2164900.0,1761300.0,8750.0,0,0,0,0,0,0,0,0,0,0,0,52,2026-02-03 08:14:45.725148
SPNG,24.68,24.68,25.25,2149300.0,3500.0,1943500.0,,0,0,0,0,0,0,0,0,0,0,53,2026-02-03 08:14:46.749684
SMMR,25.05,25.05,25.08,2390900.0,,2355600.0,,0,0,0,0,0,0,0,0,0,0,53,2026-02-03 08:14:46.749684
ATMN,25.29,24.94,25.29,1936300.0,,1946700.0,5250.0,0,0,0,0,0,0,0,0,0,0,53,2026-02-03 08:14:46.749684
WNTR,25.41,25.32,25.4,2287600.0,,1879700.0,,0,0,0,0,0,0,0,0,0,0,53,2026-02-03 08:14:46.749684
SPNG,25.39,25.31,25.36,2116400.0,2090400.0,0,0,0,0,0,0,0,0,0,0,0,0,54,2026-02-03 08:14:47.777928
SMMR,25.09,24.91,24.94,2356200.0,2337400.0,0,0,0,0,0,0,0,0,0,0,0,0,54,2026-02-03 08:14:47.777928
ATMN,25.32,24.92,25.32,2045000.0,1931400.0,0,0,0,0,0,0,0,0,0,0,0,0,54,2026-02-03 08:14:47.777928
WNTR,25.42,25.4,25.42,2298200.0,1986600.0,0,0,0,0,0,0,0,0,0,0,0,0,54,2026-02-03 08:14:47.777928
SPNG,25.36,24.93,25.36,2149400.0,2090400.0,0,0,0,0,0,0,0,0,0,0,0,0,55,2026-02-03 08:14:48.806672
SMMR,25.09,25.05,25.09,2392600.0,2355000.0,0,0,0,0,0,0,0,0,0,0,0,0,55,2026-02-03 08:14:48.806672
ATMN,24.88,24.88,24.98,2079600.0,1947400.0,0,0,0,0,0,0,0,0,0,0,0,0,55,2026-02-03 08:14:48.806672
WNTR,25.56,25.47,25.56,2287500.0,1673700.0,0,0,0,0,0,0,0,0,0,0,0,0,55,2026-02-03 08:14:48.806672
SPNG,25.36,24.93,25.35,2149400.0,3500.0,1973600.0,0,0,0,0,0,0,0,0,0,0,0,56,2026-02-03 08:14:49.835814
SMMR,25.05,25.05,25.09,2400500.0,,2355000.0,0,0,0,0,0,0,0,0,0,0,0,56,2026-02-03 08:14:49.835814
ATMN,24.98,24.96,24.98,2045800.0,,1947400.0,0,0,0,0,0,0,0,0,0,0,0,56,2026-02-03 08:14:49.835814
WNTR,25.31,25.31,25.42,2279400.0,,1788400.0,0,0,0,0,0,0,0,0,0,0,0,56,2026-02-03 08:14:49.835814
SPNG,25.03,24.93,25.03,2139500.0,2066300.0,0,0,0,0,0,0,0,0,0,0,0,0,57,2026-02-03 08:14:50.864251
SMMR,25.05,24.91,25.05,2380400.0,2341400.0,0,0,0,0,0,0,0,0,0,0,0,0,57,2026-02-03 08:14:50.864251
ATMN,24.98,25.07,25.32,2024300.0,1931400.0,0,0,0,0,0,0,0,0,0,0,0,0,57,2026-02-03 08:14:50.864251
WNTR,25.56,25.56,25.58,2248500.0,1701800.0,0,0,0,0,0,0,0,0,0,0,0,0,57,2026-02-03 08:14:50.864251
SPNG,25.04,25.04,25.36,2140700.0,2071400.0,,0,0,0,0,0,0,0,0,0,0,0,58,2026-02-03 08:14:51.393434
SMMR,25.08,24.91,25.03,2380400.0,2352800.0,,0,0,0,0,0,0,0,0,0,0,0,58,2026-02-03 08:14:51.393434
ATMN,25.39,24.97,25.39,1936200.0,1911800.0,5250.0,0,0,0,0,0,0,0,0,0,0,0,58,2026-02-03 08:14:51.393434
WNTR,25.56,25.56,25.58,2150900.0,1812000.0,8750.0,0,0,0,0,0,0,0,0,0,0,0,58,2026-02-03 08:14:51.393434
SPNG,25.04,25.04,25.22,2140700.0,2038300.0,,0,0,0,0,0,0,0,0,0,0,0,59,2026-02-03 08:14:52.443893
SMMR,24.91,24.93,25.01,2388800.0,2310500.0,,0,0,0,0,0,0,0,0,0,0,0,59,2026-02-03 08:14:52.443893
ATMN,25.39,24.97,25.02,1936200.0,1906100.0,5250.0,0,0,0,0,0,0,0,0,0,0,0,59,2026-02-03 08:14:52.443893
WNTR,25.56,25.39,25.44,2270700.0,2016900.0,,0,0,0,0,0,0,0,0,0,0,0,59,2026-02-03 08:14:52.443893
SPNG,25.22,25.3,0.0,200000.0,0,0,0,0,0,0,0,0,0,0,0,0,0,60,2026-02-03 08:14:53.474908
SMMR,25.01,25.05,0.0,200000.0,0,0,0,0,0,0,0,0,0,0,0,0,0,60,2026-02-03 08:14:53.474908
ATMN,25.41,25.62,0.0,200000.0,0,0,0,0,0,0,0,0,0,0,0,0,0,60,2026-02-03 08:14:53.474908
WNTR,25.54,26.48,0.0,200000.0,0,0,0,0,0,0,0,0,0,0,0,0,0,60,2026-02-03 08:14:53.474908
SPNG,25.3,25.3,25.4,1086300.0,929000.0,0,0,0,0,0,0,0,0,0,0,0,0,61,2026-02-03 08:14:54.512431
SMMR,25.01,25.05,25.25,999700.0,1114100.0,0,0,0,0,0,0,0,0,0,0,0,0,61,2026-02-03 08:14:54.512431
ATMN,25.7,25.7,26.01,950300.0,878900.0,0,0,0,0,0,0,0,0,0,0,0,0,61,2026-02-03 08:14:54.512431
WNTR,26.48,26.48,26.6,1055400.0,898700.0,0,0,0,0,0,0,0,0,0,0,0,0,61,2026-02-03 08:14:54.512431
SPNG,25.3,25.3,25.4,1227400.0,1103200.0,,0,0,0,0,0,0,0,0,0,0,0,62,2026-02-03 08:14:55.572176
SMMR,25.07,25.05,25.07,999700.0,1476900.0,,0,0,0,0,0,0,0,0,0,0,0,62,2026-02-03 08:14:55.572176
ATMN,25.62,25.71,25.75,837700.0,1159000.0,5250.0,0,0,0,0,0,0,0,0,0,0,0,62,2026-02-03 08:14:55.572176
WNTR,26.6,26.26,26.6,1105900.0,898700.0,,0,0,0,0,0,0,0,0,0,0,0,62,2026-02-03 08:14:55.572176
SPNG,25.3,23.98,25.28,1349400.0,1095200.0,,0,0,0,0,0,0,0,0,0,0,0,63,2026-02-03 08:14:56.657481
SMMR,25.07,25.05,25.07,1257500.0,1588000.0,,0,0,0,0,0,0,0,0,0,0,0,63,2026-02-03 08:14:56.657481
ATMN,25.62,25.63,25.75,837700.0,1368500.0,10500.0,0,0,0,0,0,0,0,0,0,0,0,63,2026-02-03 08:14:56.657481
WNTR,26.26,26.26,26.6,1304200.0,898700.0,,0,0,0,0,0,0,0,0,0,0,0,63,2026-02-03 08:14:56.657481
SPNG,25.28,25.56,25.63,1736200.0,1013000.0,0,0,0,0,0,0,0,0,0,0,0,0,64,2026-02-03 08:14:57.692038
SMMR,25.02,25.02,25.07,1057500.0,1588000.0,0,0,0,0,0,0,0,0,0,0,0,0,64,2026-02-03 08:14:57.692038
ATMN,25.4,25.4,25.61,960800.0,1593200.0,0,0,0,0,0,0,0,0,0,0,0,0,64,2026-02-03 08:14:57.692038
WNTR,26.22,26.4,26.6,1319500.0,898700.0,0,0,0,0,0,0,0,0,0,0,0,0,64,2026-02-03 08:14:57.692038
SPNG,25.56,24.77,25.35,1758600.0,1210300.0,0,0,0,0,0,0,0,0,0,0,0,0,65,2026-02-03 08:14:58.725676
SMMR,25.03,25.02,25.03,1057500.0,1593700.0,0,0,0,0,0,0,0,0,0,0,0,0,65,2026-02-03 08:14:58.725676
ATMN,25.61,25.4,25.61,1099200.0,1695400.0,0,0,0,0,0,0,0,0,0,0,0,0,65,2026-02-03 08:14:58.725676
WNTR,26.6,26.62,26.73,1410400.0,1095900.0,0,0,0,0,0,0,0,0,0,0,0,0,65,2026-02-03 08:14:58.725676
SPNG,25.66,24.82,25.66,2043700.0,1026600.0,,0,0,0,0,0,0,0,0,0,0,0,66,2026-02-03 08:14:59.759762
SMMR,24.94,24.95,25.03,1333400.0,1593700.0,,0,0,0,0,0,0,0,0,0,0,0,66,2026-02-03 08:14:59.759762
ATMN,25.38,25.49,25.6,1087100.0,1787900.0,10500.0,0,0,0,0,0,0,0,0,0,0,0,66,2026-02-03 08:14:59.759762
WNTR,26.73,26.4,26.54,1319500.0,1215000.0,,0,0,0,0,0,0,0,0,0,0,0,66,2026-02-03 08:14:59.759762
SPNG,25.17,24.83,24.84,3500.0,2043700.0,1140100.0,3500.0,0,0,0,0,0,0,0,0,0,0,67,2026-02-03 08:15:00.790729
SMMR,25.13,25.01,25.02,7000.0,1540400.0,1455300.0,7000.0,0,0,0,0,0,0,0,0,0,0,67,2026-02-03 08:15:00.790729
ATMN,25.49,25.38,25.44,,1105500.0,1919600.0,5250.0,0,0,0,0,0,0,0,0,0,0,67,2026-02-03 08:15:00.790729
WNTR,26.4,26.4,26.54,,1319500.0,1303700.0,8750.0,0,0,0,0,0,0,0,0,0,0,67,2026-02-03 08:15:00.790729
SPNG,24.84,24.82,24.84,2351900.0,1140100.0,,0,0,0,0,0,0,0,0,0,0,0,68,2026-02-03 08:15:01.817713
SMMR,25.04,25.1,25.13,1664100.0,1455300.0,,0,0,0,0,0,0,0,0,0,0,0,68,2026-02-03 08:15:01.817713
ATMN,25.38,25.38,25.43,1224700.0,1898900.0,5250.0,0,0,0,0,0,0,0,0,0,0,0,68,2026-02-03 08:15:01.817713
WNTR,26.54,26.54,26.6,1560500.0,1393400.0,,0,0,0,0,0,0,0,0,0,0,0,68,2026-02-03 08:15:01.817713
SPNG,24.84,25.35,25.66,2183900.0,1115300.0,0,0,0,0,0,0,0,0,0,0,0,0,69,2026-02-03 08:15:02.848743
SMMR,25.02,25.1,25.13,1674400.0,1455300.0,0,0,0,0,0,0,0,0,0,0,0,0,69,2026-02-03 08:15:02.848743
ATMN,25.38,25.46,25.61,1438600.0,1992600.0,0,0,0,0,0,0,0,0,0,0,0,0,69,2026-02-03 08:15:02.848743
WNTR,26.4,26.33,26.37,1440400.0,1587700.0,0,0,0,0,0,0,0,0,0,0,0,0,69,2026-02-03 08:15:02.848743
SPNG,25.88,25.82,25.88,2151300.0,1007500.0,0,0,0,0,0,0,0,0,0,0,0,0,70,2026-02-03 08:15:03.875941
SMMR,25.13,25.01,25.13,1540400.0,1586000.0,0,0,0,0,0,0,0,0,0,0,0,0,70,2026-02-03 08:15:03.875941
ATMN,25.51,25.46,25.51,1536900.0,1991500.0,0,0,0,0,0,0,0,0,0,0,0,0,70,2026-02-03 08:15:03.875941
WNTR,26.37,26.37,26.41,1679400.0,1606800.0,0,0,0,0,0,0,0,0,0,0,0,0,70,2026-02-03 08:15:03.875941
SPNG,25.82,24.88,24.96,1985000.0,2700.0,1204700.0,,0,0,0,0,0,0,0,0,0,0,71,2026-02-03 08:15:04.938460
SMMR,25.15,25.15,25.2,1681500.0,7000.0,1351100.0,,0,0,0,0,0,0,0,0,0,0,71,2026-02-03 08:15:04.938460
ATMN,25.66,25.46,25.66,1654200.0,,1974900.0,,0,0,0,0,0,0,0,0,0,0,71,2026-02-03 08:15:04.938460
WNTR,26.42,26.37,26.4,1999000.0,,1492400.0,8750.0,0,0,0,0,0,0,0,0,0,0,71,2026-02-03 08:15:04.938460
SPNG,24.96,24.88,24.96,2111200.0,1204700.0,,0,0,0,0,0,0,0,0,0,0,0,72,2026-02-03 08:15:05.965163
SMMR,25.01,25.01,25.11,1540400.0,1566600.0,,0,0,0,0,0,0,0,0,0,0,0,72,2026-02-03 08:15:05.965163
ATMN,25.46,25.42,25.43,1742300.0,1869200.0,5250.0,0,0,0,0,0,0,0,0,0,0,0,72,2026-02-03 08:15:05.965163
WNTR,26.4,26.41,26.42,2105300.0,1612800.0,,0,0,0,0,0,0,0,0,0,0,0,72,2026-02-03 08:15:05.965163
SPNG,24.96,24.96,25.33,2061900.0,1178400.0,,,0,0,0,0,0,0,0,0,0,0,73,2026-02-03 08:15:06.488214
SMMR,25.01,25.01,25.06,1647300.0,1691200.0,,,0,0,0,0,0,0,0,0,0,0,73,2026-02-03 08:15:06.488214
ATMN,25.46,25.42,25.43,1823300.0,1865500.0,5250.0,5250.0,0,0,0,0,0,0,0,0,0,0,73,2026-02-03 08:15:06.488214
WNTR,26.37,26.37,26.42,2328500.0,1612800.0,,,0,0,0,0,0,0,0,0,0,0,73,2026-02-03 08:15:06.488214
SPNG,25.88,24.96,25.88,2027200.0,1007500.0,,,0,0,0,0,0,0,0,0,0,0,74,2026-02-03 08:15:07.525797
SMMR,25.11,25.02,25.05,1647300.0,1670400.0,7000.0,7000.0,0,0,0,0,0,0,0,0,0,0,74,2026-02-03 08:15:07.525797
ATMN,25.54,25.42,25.54,2055200.0,1964600.0,,,0,0,0,0,0,0,0,0,0,0,74,2026-02-03 08:15:07.525797
WNTR,26.6,26.34,26.6,2199700.0,1393400.0,8750.0,,0,0,0,0,0,0,0,0,0,0,74,2026-02-03 08:15:07.525797
SPNG,25.88,25.89,26.1,1916900.0,2700.0,908100.0,0,0,0,0,0,0,0,0,0,0,0,75,2026-02-03 08:15:08.559488
SMMR,25.18,25.01,25.09,1647300.0,,1799800.0,0,0,0,0,0,0,0,0,0,0,0,75,2026-02-03 08:15:08.559488
ATMN,25.48,25.42,25.48,2055200.0,,1982800.0,0,0,0,0,0,0,0,0,0,0,0,75,2026-02-03 08:15:08.559488
WNTR,26.6,26.59,26.6,2326600.0,,1604600.0,0,0,0,0,0,0,0,0,0,0,0,75,2026-02-03 08:15:08.559488
SPNG,26.08,24.96,25.35,2029000.0,1122500.0,0,0,0,0,0,0,0,0,0,0,0,0,76,2026-02-03 08:15:09.609322
SMMR,25.13,25.1,25.13,1743000.0,1819000.0,0,0,0,0,0,0,0,0,0,0,0,0,76,2026-02-03 08:15:09.609322
ATMN,25.48,25.42,25.45,2055200.0,2003000.0,0,0,0,0,0,0,0,0,0,0,0,0,76,2026-02-03 08:15:09.609322
WNTR,26.59,26.33,26.43,2199700.0,1808900.0,0,0,0,0,0,0,0,0,0,0,0,0,76,2026-02-03 08:15:09.609322
SPNG,25.35,25.52,26.1,2048900.0,1011000.0,0,0,0,0,0,0,0,0,0,0,0,0,77,2026-02-03 08:15:10.649029
SMMR,25.13,25.1,25.13,1846900.0,2080200.0,0,0,0,0,0,0,0,0,0,0,0,0,77,2026-02-03 08:15:10.649029
ATMN,25.45,25.42,25.45,2150700.0,2003200.0,0,0,0,0,0,0,0,0,0,0,0,0,77,2026-02-03 08:15:10.649029
WNTR,26.41,26.33,26.4,2199700.0,1798100.0,0,0,0,0,0,0,0,0,0,0,0,0,77,2026-02-03 08:15:10.649029
SPNG,25.35,25.52,25.57,1949200.0,2700.0,1343400.0,0,0,0,0,0,0,0,0,0,0,0,78,2026-02-03 08:15:11.692233
SMMR,25.13,25.15,25.16,1893400.0,,1955900.0,0,0,0,0,0,0,0,0,0,0,0,78,2026-02-03 08:15:11.692233
ATMN,25.35,25.39,25.45,1927900.0,,2003200.0,0,0,0,0,0,0,0,0,0,0,0,78,2026-02-03 08:15:11.692233
WNTR,26.6,26.65,26.67,2223700.0,8750.0,1604800.0,0,0,0,0,0,0,0,0,0,0,0,78,2026-02-03 08:15:11.692233
SPNG,25.08,25.08,25.28,2024500.0,1533900.0,0,0,0,0,0,0,0,0,0,0,0,0,79,2026-02-03 08:15:12.726418
SMMR,25.13,25.15,25.16,1893400.0,2270500.0,0,0,0,0,0,0,0,0,0,0,0,0,79,2026-02-03 08:15:12.726418
ATMN,25.57,25.39,25.57,2015200.0,2013000.0,0,0,0,0,0,0,0,0,0,0,0,0,79,2026-02-03 08:15:12.726418
WNTR,26.65,26.33,26.59,2112400.0,1924000.0,0,0,0,0,0,0,0,0,0,0,0,0,79,2026-02-03 08:15:12.726418
SPNG,24.96,24.96,25.5,1998200.0,1539000.0,0,0,0,0,0,0,0,0,0,0,0,0,80,2026-02-03 08:15:13.762709
SMMR,25.15,25.07,25.13,1751200.0,2212500.0,0,0,0,0,0,0,0,0,0,0,0,0,80,2026-02-03 08:15:13.762709
ATMN,25.35,25.35,25.57,1925000.0,2004800.0,0,0,0,0,0,0,0,0,0,0,0,0,80,2026-02-03 08:15:13.762709
WNTR,26.53,26.57,26.59,2288700.0,1924000.0,0,0,0,0,0,0,0,0,0,0,0,0,80,2026-02-03 08:15:13.762709
SPNG,25.5,24.96,25.5,2003500.0,1539000.0,,0,0,0,0,0,0,0,0,0,0,0,81,2026-02-03 08:15:14.803177
SMMR,25.09,25.01,25.09,1538700.0,2119800.0,7000.0,0,0,0,0,0,0,0,0,0,0,0,81,2026-02-03 08:15:14.803177
ATMN,25.32,25.32,25.56,1806200.0,1970000.0,,0,0,0,0,0,0,0,0,0,0,0,81,2026-02-03 08:15:14.803177
WNTR,26.53,26.57,26.59,2288700.0,2075500.0,,0,0,0,0,0,0,0,0,0,0,0,81,2026-02-03 08:15:14.803177
SPNG,25.45,25.1,25.16,2001700.0,1649600.0,3500.0,,0,0,0,0,0,0,0,0,0,0,82,2026-02-03 08:15:15.829375
SMMR,25.13,25.03,25.13,1559100.0,2247200.0,,,0,0,0,0,0,0,0,0,0,0,82,2026-02-03 08:15:15.829375
ATMN,25.32,25.32,25.58,1806200.0,1983800.0,,,0,0,0,0,0,0,0,0,0,0,82,2026-02-03 08:15:15.829375
WNTR,26.67,26.58,26.6,2166600.0,2090000.0,,8750.0,0,0,0,0,0,0,0,0,0,0,82,2026-02-03 08:15:15.829375
SPNG,25.57,25.52,25.57,2012700.0,1427700.0,0,0,0,0,0,0,0,0,0,0,0,0,83,2026-02-03 08:15:16.857660
SMMR,25.03,25.03,25.05,1554500.0,2269600.0,0,0,0,0,0,0,0,0,0,0,0,0,83,2026-02-03 08:15:16.857660
ATMN,25.3,25.3,25.37,1693100.0,1972400.0,0,0,0,0,0,0,0,0,0,0,0,0,83,2026-02-03 08:15:16.857660
WNTR,26.47,26.33,26.37,2255800.0,2080800.0,0,0,0,0,0,0,0,0,0,0,0,0,83,2026-02-03 08:15:16.857660
SPNG,25.1,25.1,25.54,2001700.0,1760900.0,,0,0,0,0,0,0,0,0,0,0,0,84,2026-02-03 08:15:17.881903
SMMR,24.95,24.95,25.04,1556500.0,2154200.0,7000.0,0,0,0,0,0,0,0,0,0,0,0,84,2026-02-03 08:15:17.881903
ATMN,25.37,25.6,25.64,1795100.0,2001600.0,,0,0,0,0,0,0,0,0,0,0,0,84,2026-02-03 08:15:17.881903
WNTR,26.37,26.56,26.6,2180600.0,2067400.0,,0,0,0,0,0,0,0,0,0,0,0,84,2026-02-03 08:15:17.881903
SPNG,25.1,25.53,25.54,3500.0,1902000.0,1963500.0,0,0,0,0,0,0,0,0,0,0,0,85,2026-02-03 08:15:18.909555
SMMR,24.95,24.95,25.15,,1437900.0,2243000.0,0,0,0,0,0,0,0,0,0,0,0,85,2026-02-03 08:15:18.909555
ATMN,25.6,25.3,25.56,,1693100.0,1993300.0,0,0,0,0,0,0,0,0,0,0,0,85,2026-02-03 08:15:18.909555
WNTR,26.57,26.37,26.57,,2228800.0,2055100.0,0,0,0,0,0,0,0,0,0,0,0,85,2026-02-03 08:15:18.909555
SPNG,25.53,25.32,25.45,2037600.0,2016100.0,,,0,0,0,0,0,0,0,0,0,0,86,2026-02-03 08:15:19.935149
SMMR,24.95,25.1,25.14,1710500.0,2142800.0,7000.0,7000.0,0,0,0,0,0,0,0,0,0,0,86,2026-02-03 08:15:19.935149
ATMN,25.39,25.3,25.39,1811600.0,2018900.0,,,0,0,0,0,0,0,0,0,0,0,86,2026-02-03 08:15:19.935149
WNTR,26.37,26.37,26.41,2228800.0,2077700.0,,,0,0,0,0,0,0,0,0,0,0,86,2026-02-03 08:15:19.935149
SPNG,25.33,25.32,25.33,2037600.0,2037600.0,0,0,0,0,0,0,0,0,0,0,0,0,87,2026-02-03 08:15:20.964036
SMMR,25.1,25.1,25.14,1710500.0,2256500.0,0,0,0,0,0,0,0,0,0,0,0,0,87,2026-02-03 08:15:20.964036
ATMN,25.66,25.3,25.66,1920600.0,1968000.0,0,0,0,0,0,0,0,0,0,0,0,0,87,2026-02-03 08:15:20.964036
WNTR,26.41,26.42,26.6,2217100.0,2122000.0,0,0,0,0,0,0,0,0,0,0,0,0,87,2026-02-03 08:15:20.964036
SPNG,25.28,25.28,25.33,2005500.0,3500.0,1919700.0,,0,0,0,0,0,0,0,0,0,0,88,2026-02-03 08:15:21.993021
SMMR,24.94,25.0,25.14,1426300.0,7000.0,2148500.0,,0,0,0,0,0,0,0,0,0,0,88,2026-02-03 08:15:21.993021
ATMN,25.3,25.3,25.45,1993000.0,,1992700.0,,0,0,0,0,0,0,0,0,0,0,88,2026-02-03 08:15:21.993021
WNTR,26.41,26.43,26.46,2062500.0,8750.0,2009500.0,8750.0,0,0,0,0,0,0,0,0,0,0,88,2026-02-03 08:15:21.993021
SPNG,24.96,25.31,25.33,2037600.0,3500.0,1911300.0,0,0,0,0,0,0,0,0,0,0,0,89,2026-02-03 08:15:23.016983
SMMR,24.94,25.0,25.14,1426300.0,,2273600.0,0,0,0,0,0,0,0,0,0,0,0,89,2026-02-03 08:15:23.016983
ATMN,25.45,25.45,25.66,2038100.0,,1968000.0,0,0,0,0,0,0,0,0,0,0,0,89,2026-02-03 08:15:23.016983
WNTR,26.48,26.4,26.48,2177700.0,,2118600.0,0,0,0,0,0,0,0,0,0,0,0,89,2026-02-03 08:15:23.016983
SPNG,25.6,25.31,25.54,2037600.0,1963200.0,0,0,0,0,0,0,0,0,0,0,0,0,90,2026-02-03 08:15:24.044323
SMMR,25.15,25.0,25.05,1426300.0,2229700.0,0,0,0,0,0,0,0,0,0,0,0,0,90,2026-02-03 08:15:24.044323
ATMN,25.46,25.46,25.66,2016300.0,1984600.0,0,0,0,0,0,0,0,0,0,0,0,0,90,2026-02-03 08:15:24.044323
WNTR,26.48,26.56,26.6,2138300.0,2105700.0,0,0,0,0,0,0,0,0,0,0,0,0,90,2026-02-03 08:15:24.044323
SPNG,25.31,24.96,25.18,2006700.0,1998500.0,,0,0,0,0,0,0,0,0,0,0,0,91,2026-02-03 08:15:25.076982
SMMR,25.06,25.0,25.06,1426300.0,2263700.0,,0,0,0,0,0,0,0,0,0,0,0,91,2026-02-03 08:15:25.076982
ATMN,25.53,25.47,25.53,1799500.0,1953400.0,10500.0,0,0,0,0,0,0,0,0,0,0,0,91,2026-02-03 08:15:25.076982
WNTR,26.4,26.4,26.6,2145000.0,2105700.0,,0,0,0,0,0,0,0,0,0,0,0,91,2026-02-03 08:15:25.076982
SPNG,25.31,24.98,25.18,2017600.0,1998500.0,,,0,0,0,0,0,0,0,0,0,0,92,2026-02-03 08:15:25.612751
SMMR,25.06,25.01,25.06,1530900.0,2243700.0,7000.0,,0,0,0,0,0,0,0,0,0,0,92,2026-02-03 08:15:25.612751
ATMN,25.3,25.3,25.53,2012800.0,1953400.0,,,0,0,0,0,0,0,0,0,0,0,92,2026-02-03 08:15:25.612751
WNTR,26.54,26.55,26.59,2152500.0,2015100.0,,8750.0,0,0,0,0,0,0,0,0,0,0,92,2026-02-03 08:15:25.612751
SPNG,25.5,25.5,25.54,2046400.0,1963100.0,0,0,0,0,0,0,0,0,0,0,0,0,93,2026-02-03 08:15:26.648866
SMMR,25.06,25.04,25.06,1739600.0,2287200.0,0,0,0,0,0,0,0,0,0,0,0,0,93,2026-02-03 08:15:26.648866
ATMN,25.67,25.46,25.67,1990700.0,1949300.0,0,0,0,0,0,0,0,0,0,0,0,0,93,2026-02-03 08:15:26.648866
WNTR,26.47,26.4,26.47,2178500.0,2120900.0,0,0,0,0,0,0,0,0,0,0,0,0,93,2026-02-03 08:15:26.648866
SPNG,25.19,25.33,25.54,2040400.0,1963100.0,,,0,0,0,0,0,0,0,0,0,0,94,2026-02-03 08:15:27.693495
SMMR,25.05,24.93,25.06,1534600.0,2267000.0,,,0,0,0,0,0,0,0,0,0,0,94,2026-02-03 08:15:27.693495
ATMN,25.46,25.46,25.7,1990700.0,1953000.0,,,0,0,0,0,0,0,0,0,0,0,94,2026-02-03 08:15:27.693495
WNTR,26.47,26.48,26.54,2050600.0,2003200.0,8750.0,8750.0,0,0,0,0,0,0,0,0,0,0,94,2026-02-03 08:15:27.693495
SPNG,25.54,25.33,25.54,2040400.0,1963100.0,0,0,0,0,0,0,0,0,0,0,0,0,95,2026-02-03 08:15:28.721908
SMMR,24.98,24.93,24.98,1635600.0,2307600.0,0,0,0,0,0,0,0,0,0,0,0,0,95,2026-02-03 08:15:28.721908
ATMN,25.42,25.42,25.7,1972700.0,1929500.0,0,0,0,0,0,0,0,0,0,0,0,0,95,2026-02-03 08:15:28.721908
WNTR,26.47,26.47,26.5,2174800.0,2126800.0,0,0,0,0,0,0,0,0,0,0,0,0,95,2026-02-03 08:15:28.721908
SPNG,25.54,25.12,25.54,2031100.0,1963100.0,,0,0,0,0,0,0,0,0,0,0,0,96,2026-02-03 08:15:29.755473
SMMR,25.03,24.94,25.03,1635600.0,2239800.0,7000.0,0,0,0,0,0,0,0,0,0,0,0,96,2026-02-03 08:15:29.755473
ATMN,25.56,25.42,25.5,1972700.0,1923500.0,,0,0,0,0,0,0,0,0,0,0,0,96,2026-02-03 08:15:29.755473
WNTR,26.5,26.5,26.54,2152300.0,2119400.0,,0,0,0,0,0,0,0,0,0,0,0,96,2026-02-03 08:15:29.755473
SPNG,25.6,25.12,25.6,2050200.0,1951800.0,0,0,0,0,0,0,0,0,0,0,0,0,97,2026-02-03 08:15:30.795651
SMMR,25.03,24.94,25.03,1887500.0,2241200.0,0,0,0,0,0,0,0,0,0,0,0,0,97,2026-02-03 08:15:30.795651
ATMN,25.71,25.42,25.71,1950900.0,1920800.0,0,0,0,0,0,0,0,0,0,0,0,0,97,2026-02-03 08:15:30.795651
WNTR,26.5,26.5,26.54,2172900.0,2119400.0,0,0,0,0,0,0,0,0,0,0,0,0,97,2026-02-03 08:15:30.795651
SPNG,25.12,25.12,25.33,2071900.0,1947700.0,0,0,0,0,0,0,0,0,0,0,0,0,98,2026-02-03 08:15:31.835036
SMMR,25.03,24.94,25.03,2030000.0,2240800.0,0,0,0,0,0,0,0,0,0,0,0,0,98,2026-02-03 08:15:31.835036
ATMN,25.71,25.42,25.71,1925600.0,1920800.0,0,0,0,0,0,0,0,0,0,0,0,0,98,2026-02-03 08:15:31.835036
WNTR,26.54,26.4,26.54,2207500.0,2131100.0,0,0,0,0,0,0,0,0,0,0,0,0,98,2026-02-03 08:15:31.835036
SPNG,25.62,25.13,25.14,3500.0,1936700.0,1887800.0,,0,0,0,0,0,0,0,0,0,0,99,2026-02-03 08:15:32.961572
SMMR,25.03,25.03,25.04,7000.0,2269600.0,2227700.0,,0,0,0,0,0,0,0,0,0,0,99,2026-02-03 08:15:32.961572
ATMN,25.71,25.43,25.7,,1928700.0,1837700.0,5250.0,0,0,0,0,0,0,0,0,0,0,99,2026-02-03 08:15:32.961572
WNTR,26.33,26.41,26.53,8750.0,2065000.0,2028800.0,8750.0,0,0,0,0,0,0,0,0,0,0,99,2026-02-03 08:15:32.961572
SPNG,25.62,25.17,25.62,2045600.0,1885700.0,0,0,0,0,0,0,0,0,0,0,0,0,100,2026-02-03 08:15:33.985873
SMMR,25.01,24.94,24.97,2030000.0,2277800.0,0,0,0,0,0,0,0,0,0,0,0,0,100,2026-02-03 08:15:33.985873
ATMN,25.72,25.6,25.72,1946500.0,1900100.0,0,0,0,0,0,0,0,0,0,0,0,0,100,2026-02-03 08:15:33.985873
WNTR,26.55,26.53,26.55,2185400.0,2139700.0,0,0,0,0,0,0,0,0,0,0,0,0,100,2026-02-03 08:15:33.985873
SPNG,25.62,25.21,25.62,1956800.0,3500.0,1907200.0,,0,0,0,0,0,0,0,0,0,0,101,2026-02-03 08:15:35.011836
SMMR,25.01,24.95,24.97,2155000.0,7000.0,2304700.0,,0,0,0,0,0,0,0,0,0,0,101,2026-02-03 08:15:35.011836
ATMN,25.73,25.61,25.73,1827400.0,5250.0,1890600.0,,0,0,0,0,0,0,0,0,0,0,101,2026-02-03 08:15:35.011836
WNTR,26.53,26.35,26.52,2207000.0,,2075700.0,8750.0,0,0,0,0,0,0,0,0,0,0,101,2026-02-03 08:15:35.011836
SPNG,25.62,25.21,25.33,2041300.0,1960500.0,0,0,0,0,0,0,0,0,0,0,0,0,102,2026-02-03 08:15:36.039779
SMMR,25.01,24.95,24.97,2522800.0,2304700.0,0,0,0,0,0,0,0,0,0,0,0,0,102,2026-02-03 08:15:36.039779
ATMN,25.74,25.45,25.74,1932800.0,1878900.0,0,0,0,0,0,0,0,0,0,0,0,0,102,2026-02-03 08:15:36.039779
WNTR,26.52,26.52,26.55,2180400.0,2144600.0,0,0,0,0,0,0,0,0,0,0,0,0,102,2026-02-03 08:15:36.039779
SPNG,25.64,25.21,25.64,2041300.0,1909900.0,,0,0,0,0,0,0,0,0,0,0,0,103,2026-02-03 08:15:37.068081
SMMR,24.97,24.96,24.97,2371400.0,2287400.0,7000.0,0,0,0,0,0,0,0,0,0,0,0,103,2026-02-03 08:15:37.068081
ATMN,25.75,25.45,25.75,1937200.0,1905000.0,,0,0,0,0,0,0,0,0,0,0,0,103,2026-02-03 08:15:37.068081
WNTR,26.52,26.52,26.55,2176900.0,2154000.0,,0,0,0,0,0,0,0,0,0,0,0,103,2026-02-03 08:15:37.068081
SPNG,25.64,25.21,25.56,2041300.0,1988500.0,,0,0,0,0,0,0,0,0,0,0,0,104,2026-02-03 08:15:38.094855
SMMR,24.97,24.96,24.97,2309300.0,2275400.0,7000.0,0,0,0,0,0,0,0,0,0,0,0,104,2026-02-03 08:15:38.094855
ATMN,25.75,25.55,25.61,1961000.0,1913800.0,,0,0,0,0,0,0,0,0,0,0,0,104,2026-02-03 08:15:38.094855
WNTR,26.55,26.52,26.55,2174700.0,2154000.0,,0,0,0,0,0,0,0,0,0,0,0,104,2026-02-03 08:15:38.094855
SPNG,25.17,25.17,25.25,2031700.0,2025400.0,0,0,0,0,0,0,0,0,0,0,0,0,105,2026-02-03 08:15:39.120481
SMMR,24.94,24.94,24.97,2479000.0,2273000.0,0,0,0,0,0,0,0,0,0,0,0,0,105,2026-02-03 08:15:39.120481
ATMN,25.61,25.68,25.75,1925900.0,1905000.0,0,0,0,0,0,0,0,0,0,0,0,0,105,2026-02-03 08:15:39.120481
WNTR,26.59,26.52,26.59,2182400.0,2131800.0,0,0,0,0,0,0,0,0,0,0,0,0,105,2026-02-03 08:15:39.120481
SPNG,25.12,25.04,25.12,2038200.0,2026900.0,,0,0,0,0,0,0,0,0,0,0,0,106,2026-02-03 08:15:40.153736
SMMR,24.97,24.97,25.02,2352400.0,2281000.0,7000.0,0,0,0,0,0,0,0,0,0,0,0,106,2026-02-03 08:15:40.153736
ATMN,25.52,25.63,25.75,1958900.0,1874900.0,,0,0,0,0,0,0,0,0,0,0,0,106,2026-02-03 08:15:40.153736
WNTR,26.62,26.53,26.62,2072200.0,2108700.0,8750.0,0,0,0,0,0,0,0,0,0,0,0,106,2026-02-03 08:15:40.153736
SPNG,25.56,25.04,25.56,2018400.0,2022400.0,0,0,0,0,0,0,0,0,0,0,0,0,107,2026-02-03 08:15:41.181504
SMMR,25.03,24.97,25.03,2461600.0,2293800.0,0,0,0,0,0,0,0,0,0,0,0,0,107,2026-02-03 08:15:41.181504
ATMN,25.52,25.63,25.75,1925800.0,1852500.0,0,0,0,0,0,0,0,0,0,0,0,0,107,2026-02-03 08:15:41.181504
WNTR,26.5,26.5,26.62,2187000.0,2129700.0,0,0,0,0,0,0,0,0,0,0,0,0,107,2026-02-03 08:15:41.181504
SPNG,25.36,25.49,25.55,1948500.0,3500.0,3500.0,1910000.0,0,0,0,0,0,0,0,0,0,0,108,2026-02-03 08:15:41.709679
SMMR,25.04,24.98,25.04,2314800.0,7000.0,,2268200.0,0,0,0,0,0,0,0,0,0,0,108,2026-02-03 08:15:41.709679
ATMN,25.63,25.63,25.71,1925800.0,,5250.0,1759200.0,0,0,0,0,0,0,0,0,0,0,108,2026-02-03 08:15:41.709679
WNTR,26.54,26.53,26.54,2076800.0,8750.0,,2170200.0,0,0,0,0,0,0,0,0,0,0,108,2026-02-03 08:15:41.709679
SPNG,25.36,25.36,25.56,2031500.0,2017200.0,0,0,0,0,0,0,0,0,0,0,0,0,109,2026-02-03 08:15:42.743068
SMMR,24.97,24.97,25.06,2460500.0,2247400.0,0,0,0,0,0,0,0,0,0,0,0,0,109,2026-02-03 08:15:42.743068
ATMN,25.74,25.63,25.75,1935300.0,1874300.0,0,0,0,0,0,0,0,0,0,0,0,0,109,2026-02-03 08:15:42.743068
WNTR,26.63,26.5,26.53,2187000.0,2159500.0,0,0,0,0,0,0,0,0,0,0,0,0,109,2026-02-03 08:15:42.743068
SPNG,25.37,24.98,25.24,2044200.0,2000200.0,,0,0,0,0,0,0,0,0,0,0,0,110,2026-02-03 08:15:43.784446
SMMR,25.12,25.02,25.12,2448000.0,2277600.0,,0,0,0,0,0,0,0,0,0,0,0,110,2026-02-03 08:15:43.784446
ATMN,25.74,25.64,25.68,1854300.0,1876500.0,2400.0,0,0,0,0,0,0,0,0,0,0,0,110,2026-02-03 08:15:43.784446
WNTR,26.63,26.5,26.53,2189300.0,2159500.0,,0,0,0,0,0,0,0,0,0,0,0,110,2026-02-03 08:15:43.784446
SPNG,25.56,25.14,25.56,2035200.0,2006300.0,0,0,0,0,0,0,0,0,0,0,0,0,111,2026-02-03 08:15:44.818357
SMMR,24.97,24.97,25.12,2448300.0,2277600.0,0,0,0,0,0,0,0,0,0,0,0,0,111,2026-02-03 08:15:44.818357
ATMN,25.56,25.59,25.61,1937400.0,1880900.0,0,0,0,0,0,0,0,0,0,0,0,0,111,2026-02-03 08:15:44.818357
WNTR,26.42,26.42,26.53,2159800.0,2159500.0,0,0,0,0,0,0,0,0,0,0,0,0,111,2026-02-03 08:15:44.818357
SPNG,25.56,25.15,25.56,3500.0,1953500.0,1986500.0,0,0,0,0,0,0,0,0,0,0,0,112,2026-02-03 08:15:45.849377
SMMR,24.97,24.98,25.09,7000.0,2301700.0,2350600.0,0,0,0,0,0,0,0,0,0,0,0,112,2026-02-03 08:15:45.849377
ATMN,25.6,25.53,25.61,,1923200.0,1880900.0,0,0,0,0,0,0,0,0,0,0,0,112,2026-02-03 08:15:45.849377
WNTR,26.53,26.6,26.63,8750.0,2066800.0,2142400.0,0,0,0,0,0,0,0,0,0,0,0,112,2026-02-03 08:15:45.849377
SPNG,25.56,25.14,25.56,2055900.0,1989500.0,0,0,0,0,0,0,0,0,0,0,0,0,113,2026-02-03 08:15:46.885624
SMMR,25.09,24.97,25.06,2448300.0,2336400.0,0,0,0,0,0,0,0,0,0,0,0,0,113,2026-02-03 08:15:46.885624
ATMN,25.52,25.57,25.61,1921800.0,1880900.0,0,0,0,0,0,0,0,0,0,0,0,0,113,2026-02-03 08:15:46.885624
WNTR,26.47,26.42,26.44,2150100.0,2172100.0,0,0,0,0,0,0,0,0,0,0,0,0,113,2026-02-03 08:15:46.885624
SPNG,25.64,25.28,25.64,1985300.0,3500.0,2002000.0,,0,0,0,0,0,0,0,0,0,0,114,2026-02-03 08:15:47.917717
SMMR,25.09,24.98,25.06,2265000.0,7000.0,2334400.0,,0,0,0,0,0,0,0,0,0,0,114,2026-02-03 08:15:47.917717
ATMN,25.61,25.58,25.6,1826300.0,5250.0,1829700.0,5250.0,0,0,0,0,0,0,0,0,0,0,114,2026-02-03 08:15:47.917717
WNTR,26.64,26.56,26.64,2038800.0,1800.0,2149700.0,,0,0,0,0,0,0,0,0,0,0,114,2026-02-03 08:15:47.917717
SPNG,25.14,25.14,25.38,2055900.0,2010300.0,0,0,0,0,0,0,0,0,0,0,0,0,115,2026-02-03 08:15:48.946484
SMMR,25.09,24.97,25.06,2380600.0,2343700.0,0,0,0,0,0,0,0,0,0,0,0,0,115,2026-02-03 08:15:48.946484
ATMN,25.57,25.57,25.68,1921800.0,1884200.0,0,0,0,0,0,0,0,0,0,0,0,0,115,2026-02-03 08:15:48.946484
WNTR,26.48,26.48,26.64,2168000.0,2149700.0,0,0,0,0,0,0,0,0,0,0,0,0,115,2026-02-03 08:15:48.946484
SPNG,25.46,25.31,25.46,2065900.0,2006700.0,,0,0,0,0,0,0,0,0,0,0,0,116,2026-02-03 08:15:49.975547
SMMR,25.06,24.98,25.06,2270800.0,2343700.0,7000.0,0,0,0,0,0,0,0,0,0,0,0,116,2026-02-03 08:15:49.975547
ATMN,25.52,25.52,25.68,1897200.0,1884200.0,,0,0,0,0,0,0,0,0,0,0,0,116,2026-02-03 08:15:49.975547
WNTR,26.42,26.42,26.64,2171700.0,2151400.0,,0,0,0,0,0,0,0,0,0,0,0,116,2026-02-03 08:15:49.975547
SPNG,25.65,25.32,25.65,3500.0,1981400.0,2017400.0,,0,0,0,0,0,0,0,0,0,0,117,2026-02-03 08:15:51.000169
SMMR,24.94,24.94,25.06,,2427500.0,2315600.0,,0,0,0,0,0,0,0,0,0,0,117,2026-02-03 08:15:51.000169
ATMN,25.58,25.58,25.69,,1933700.0,1851700.0,,0,0,0,0,0,0,0,0,0,0,117,2026-02-03 08:15:51.000169
WNTR,26.61,26.61,26.63,,2205800.0,2103600.0,8750.0,0,0,0,0,0,0,0,0,0,0,117,2026-02-03 08:15:51.000169
SPNG,24.88,24.88,25.65,2051900.0,2017400.0,,0,0,0,0,0,0,0,0,0,0,0,118,2026-02-03 08:15:52.026025
SMMR,24.94,25.05,25.06,2162100.0,2290200.0,14000.0,0,0,0,0,0,0,0,0,0,0,0,118,2026-02-03 08:15:52.026025
ATMN,25.58,25.58,25.69,1933700.0,1851700.0,,0,0,0,0,0,0,0,0,0,0,0,118,2026-02-03 08:15:52.026025
WNTR,26.61,26.61,26.64,2187800.0,2213800.0,,0,0,0,0,0,0,0,0,0,0,0,118,2026-02-03 08:15:52.026025
SPNG,25.4,25.4,25.65,2043700.0,1988500.0,,0,0,0,0,0,0,0,0,0,0,0,119,2026-02-03 08:15:53.054417
SMMR,25.05,24.94,25.03,2427500.0,2283900.0,,0,0,0,0,0,0,0,0,0,0,0,119,2026-02-03 08:15:53.054417
ATMN,25.58,25.67,25.68,1938200.0,1799100.0,5250.0,0,0,0,0,0,0,0,0,0,0,0,119,2026-02-03 08:15:53.054417
WNTR,26.6,26.6,26.64,2193200.0,2222500.0,,0,0,0,0,0,0,0,0,0,0,0,119,2026-02-03 08:15:53.054417
SPNG,25.65,25.05,0.0,200000.0,,0,0,0,0,0,0,0,0,0,0,0,0,120,2026-02-03 08:15:54.083516
SMMR,26.55,25.78,25.85,699700.0,843100.0,0,0,0,0,0,0,0,0,0,0,0,0,120,2026-02-03 08:15:54.083516
ATMN,25.72,26.63,26.72,837600.0,762800.0,0,0,0,0,0,0,0,0,0,0,0,0,120,2026-02-03 08:15:54.083516
WNTR,26.6,27.24,0.0,200000.0,,0,0,0,0,0,0,0,0,0,0,0,0,120,2026-02-03 08:15:54.083516
SPNG,25.65,25.05,25.18,973000.0,972000.0,0,0,0,0,0,0,0,0,0,0,0,0,121,2026-02-03 08:15:55.112266
SMMR,26.01,26.02,26.11,1035700.0,895700.0,0,0,0,0,0,0,0,0,0,0,0,0,121,2026-02-03 08:15:55.112266
ATMN,27.1,26.63,27.08,827100.0,746900.0,0,0,0,0,0,0,0,0,0,0,0,0,121,2026-02-03 08:15:55.112266
WNTR,27.37,27.24,27.37,898600.0,994100.0,0,0,0,0,0,0,0,0,0,0,0,0,121,2026-02-03 08:15:55.112266
SPNG,25.05,24.67,24.68,1087800.0,1272300.0,0,0,0,0,0,0,0,0,0,0,0,0,122,2026-02-03 08:15:56.136794
SMMR,26.11,26.28,26.38,1364300.0,870600.0,0,0,0,0,0,0,0,0,0,0,0,0,122,2026-02-03 08:15:56.136794
ATMN,26.67,26.33,26.67,815300.0,841200.0,0,0,0,0,0,0,0,0,0,0,0,0,122,2026-02-03 08:15:56.136794
WNTR,27.25,27.24,27.25,898600.0,1334700.0,0,0,0,0,0,0,0,0,0,0,0,0,122,2026-02-03 08:15:56.136794
SPNG,25.06,24.71,25.06,1290000.0,1184900.0,0,0,0,0,0,0,0,0,0,0,0,0,123,2026-02-03 08:15:57.163579
SMMR,26.4,26.35,26.4,1592000.0,862800.0,0,0,0,0,0,0,0,0,0,0,0,0,123,2026-02-03 08:15:57.163579
ATMN,26.67,26.86,27.08,998400.0,828000.0,0,0,0,0,0,0,0,0,0,0,0,0,123,2026-02-03 08:15:57.163579
WNTR,27.41,27.24,27.41,1020100.0,1219600.0,0,0,0,0,0,0,0,0,0,0,0,0,123,2026-02-03 08:15:57.163579
SPNG,24.67,24.67,25.18,1283200.0,1072500.0,0,0,0,0,0,0,0,0,0,0,0,0,124,2026-02-03 08:15:58.194013
SMMR,26.4,26.38,26.4,1912300.0,862800.0,0,0,0,0,0,0,0,0,0,0,0,0,124,2026-02-03 08:15:58.194013
ATMN,26.36,26.43,27.08,1010000.0,828000.0,0,0,0,0,0,0,0,0,0,0,0,0,124,2026-02-03 08:15:58.194013
WNTR,27.41,27.24,27.31,1208900.0,1328500.0,0,0,0,0,0,0,0,0,0,0,0,0,124,2026-02-03 08:15:58.194013
SPNG,24.67,24.67,25.1,1624000.0,1192600.0,0,0,0,0,0,0,0,0,0,0,0,0,125,2026-02-03 08:15:59.222686
SMMR,26.56,26.39,26.56,2017100.0,823000.0,0,0,0,0,0,0,0,0,0,0,0,0,125,2026-02-03 08:15:59.222686
ATMN,26.36,26.72,26.97,1098100.0,1016400.0,0,0,0,0,0,0,0,0,0,0,0,0,125,2026-02-03 08:15:59.222686
WNTR,27.24,27.24,27.41,1208900.0,1219600.0,0,0,0,0,0,0,0,0,0,0,0,0,125,2026-02-03 08:15:59.222686
SPNG,25.01,24.89,25.01,1859100.0,1299600.0,0,0,0,0,0,0,0,0,0,0,0,0,126,2026-02-03 08:16:00.249401
SMMR,26.62,26.39,26.52,2159500.0,933700.0,0,0,0,0,0,0,0,0,0,0,0,0,126,2026-02-03 08:16:00.249401
ATMN,26.86,26.43,26.86,1010000.0,1123500.0,0,0,0,0,0,0,0,0,0,0,0,0,126,2026-02-03 08:16:00.249401
WNTR,27.24,27.24,27.34,1108900.0,1186300.0,0,0,0,0,0,0,0,0,0,0,0,0,126,2026-02-03 08:16:00.249401
SPNG,25.01,24.9,25.0,3500.0,2096900.0,3500.0,1382100.0,0,0,0,0,0,0,0,0,0,0,127,2026-02-03 08:16:01.277242
SMMR,26.52,26.51,26.52,7000.0,2136800.0,,1066200.0,0,0,0,0,0,0,0,0,0,0,127,2026-02-03 08:16:01.277242
ATMN,26.9,26.44,26.87,5250.0,1010000.0,,1234300.0,0,0,0,0,0,0,0,0,0,0,127,2026-02-03 08:16:01.277242
WNTR,27.25,27.24,27.25,,1108900.0,8750.0,1519600.0,0,0,0,0,0,0,0,0,0,0,127,2026-02-03 08:16:01.277242
SPNG,25.1,25.06,25.1,2202200.0,1391600.0,0,0,0,0,0,0,0,0,0,0,0,0,128,2026-02-03 08:16:01.806041
SMMR,26.55,26.51,26.55,2235800.0,947300.0,0,0,0,0,0,0,0,0,0,0,0,0,128,2026-02-03 08:16:01.806041
ATMN,26.71,26.43,26.71,1104200.0,1343000.0,0,0,0,0,0,0,0,0,0,0,0,0,128,2026-02-03 08:16:01.806041
WNTR,27.25,27.24,27.25,1199100.0,1714100.0,0,0,0,0,0,0,0,0,0,0,0,0,128,2026-02-03 08:16:01.806041
SPNG,24.67,24.67,25.09,2097000.0,3500.0,1391600.0,,0,0,0,0,0,0,0,0,0,0,129,2026-02-03 08:16:02.837738
SMMR,26.52,26.51,26.52,2195000.0,,1049300.0,,0,0,0,0,0,0,0,0,0,0,129,2026-02-03 08:16:02.837738
ATMN,26.87,26.73,26.87,1207700.0,,1319700.0,5250.0,0,0,0,0,0,0,0,0,0,0,129,2026-02-03 08:16:02.837738
WNTR,27.25,27.24,27.25,1284400.0,8750.0,1818900.0,,0,0,0,0,0,0,0,0,0,0,129,2026-02-03 08:16:02.837738
SPNG,24.92,24.92,25.18,2181300.0,1381000.0,,0,0,0,0,0,0,0,0,0,0,0,130,2026-02-03 08:16:03.864780
SMMR,26.5,26.5,26.62,2197700.0,854200.0,,0,0,0,0,0,0,0,0,0,0,0,130,2026-02-03 08:16:03.864780
ATMN,26.87,26.81,26.85,1207700.0,1521700.0,5250.0,0,0,0,0,0,0,0,0,0,0,0,130,2026-02-03 08:16:03.864780
WNTR,27.26,27.24,27.26,1284400.0,1936800.0,,0,0,0,0,0,0,0,0,0,0,0,130,2026-02-03 08:16:03.864780
SPNG,24.92,24.67,24.82,2097000.0,1381000.0,,0,0,0,0,0,0,0,0,0,0,0,131,2026-02-03 08:16:04.895645
SMMR,26.62,26.62,26.64,2194700.0,819900.0,,0,0,0,0,0,0,0,0,0,0,0,131,2026-02-03 08:16:04.895645
ATMN,26.73,26.73,26.85,1325600.0,1610300.0,,0,0,0,0,0,0,0,0,0,0,0,131,2026-02-03 08:16:04.895645
WNTR,27.26,27.25,27.26,1496100.0,2028100.0,8750.0,0,0,0,0,0,0,0,0,0,0,0,131,2026-02-03 08:16:04.895645
SPNG,25.05,25.05,25.18,2212900.0,1501500.0,0,0,0,0,0,0,0,0,0,0,0,0,132,2026-02-03 08:16:05.928297
SMMR,26.5,26.5,26.56,2209600.0,954600.0,0,0,0,0,0,0,0,0,0,0,0,0,132,2026-02-03 08:16:05.928297
ATMN,26.73,26.73,26.85,1434500.0,1785800.0,0,0,0,0,0,0,0,0,0,0,0,0,132,2026-02-03 08:16:05.928297
WNTR,27.31,27.26,27.31,1612800.0,1809800.0,0,0,0,0,0,0,0,0,0,0,0,0,132,2026-02-03 08:16:05.928297
SPNG,24.67,24.67,25.17,1974400.0,3500.0,1805600.0,0,0,0,0,0,0,0,0,0,0,0,133,2026-02-03 08:16:06.961753
SMMR,26.56,26.5,26.56,2209600.0,,954600.0,0,0,0,0,0,0,0,0,0,0,0,133,2026-02-03 08:16:06.961753
ATMN,26.73,26.55,26.67,1512100.0,5250.0,1798600.0,0,0,0,0,0,0,0,0,0,0,0,133,2026-02-03 08:16:06.961753
WNTR,27.26,27.26,27.3,1896200.0,8750.0,1809800.0,0,0,0,0,0,0,0,0,0,0,0,133,2026-02-03 08:16:06.961753
SPNG,25.21,24.67,25.21,2205000.0,1807900.0,0,0,0,0,0,0,0,0,0,0,0,0,134,2026-02-03 08:16:08.004892
SMMR,26.56,26.5,26.56,2219100.0,1072700.0,0,0,0,0,0,0,0,0,0,0,0,0,134,2026-02-03 08:16:08.004892
ATMN,26.48,26.82,26.85,1599400.0,1785800.0,0,0,0,0,0,0,0,0,0,0,0,0,134,2026-02-03 08:16:08.004892
WNTR,27.32,27.26,27.32,1997700.0,1784500.0,0,0,0,0,0,0,0,0,0,0,0,0,134,2026-02-03 08:16:08.004892
SPNG,25.21,24.83,25.21,2320900.0,3500.0,1776600.0,,0,0,0,0,0,0,0,0,0,0,135,2026-02-03 08:16:09.053846
SMMR,26.49,26.51,26.55,2151400.0,7000.0,1072700.0,7000.0,0,0,0,0,0,0,0,0,0,0,135,2026-02-03 08:16:09.053846
ATMN,26.49,26.8,26.85,1601600.0,5250.0,1873800.0,,0,0,0,0,0,0,0,0,0,0,135,2026-02-03 08:16:09.053846
WNTR,27.26,27.25,27.26,1970800.0,,2001500.0,8750.0,0,0,0,0,0,0,0,0,0,0,135,2026-02-03 08:16:09.053846
SPNG,25.24,25.03,25.14,2339000.0,1751000.0,0,0,0,0,0,0,0,0,0,0,0,0,136,2026-02-03 08:16:10.088191
SMMR,26.64,26.57,26.64,2285800.0,911100.0,0,0,0,0,0,0,0,0,0,0,0,0,136,2026-02-03 08:16:10.088191
ATMN,26.8,26.8,26.82,1601600.0,1860300.0,0,0,0,0,0,0,0,0,0,0,0,0,136,2026-02-03 08:16:10.088191
WNTR,27.2,27.2,27.26,1882300.0,2114700.0,0,0,0,0,0,0,0,0,0,0,0,0,136,2026-02-03 08:16:10.088191
SPNG,25.03,25.03,25.05,2133900.0,3500.0,1847700.0,0,0,0,0,0,0,0,0,0,0,0,137,2026-02-03 08:16:11.115795
SMMR,26.58,26.57,26.58,2285800.0,,1282100.0,0,0,0,0,0,0,0,0,0,0,0,137,2026-02-03 08:16:11.115795
ATMN,26.48,26.48,26.62,1591600.0,,1830500.0,0,0,0,0,0,0,0,0,0,0,0,137,2026-02-03 08:16:11.115795
WNTR,27.26,27.2,27.26,2082500.0,,2114700.0,0,0,0,0,0,0,0,0,0,0,0,137,2026-02-03 08:16:11.115795
SPNG,25.14,25.18,25.24,2089000.0,3500.0,1772400.0,0,0,0,0,0,0,0,0,0,0,0,138,2026-02-03 08:16:12.153595
SMMR,26.66,26.57,26.66,2188700.0,7000.0,1041600.0,0,0,0,0,0,0,0,0,0,0,0,138,2026-02-03 08:16:12.153595
ATMN,26.61,26.64,26.82,1859300.0,,1845300.0,0,0,0,0,0,0,0,0,0,0,0,138,2026-02-03 08:16:12.153595
WNTR,27.18,27.16,27.18,1826800.0,,2085000.0,0,0,0,0,0,0,0,0,0,0,0,138,2026-02-03 08:16:12.153595
SPNG,25.14,25.18,25.24,2221500.0,1887700.0,0,0,0,0,0,0,0,0,0,0,0,0,139,2026-02-03 08:16:13.181356
SMMR,26.55,26.59,26.66,2278500.0,1041600.0,0,0,0,0,0,0,0,0,0,0,0,0,139,2026-02-03 08:16:13.181356
ATMN,26.69,26.69,26.82,1942300.0,1834100.0,0,0,0,0,0,0,0,0,0,0,0,0,139,2026-02-03 08:16:13.181356
WNTR,27.16,27.16,27.32,1940100.0,2087700.0,0,0,0,0,0,0,0,0,0,0,0,0,139,2026-02-03 08:16:13.181356
SPNG,24.94,24.86,24.94,2318200.0,1904800.0,,,0,0,0,0,0,0,0,0,0,0,140,2026-02-03 08:16:14.213085
SMMR,26.66,26.56,26.66,2148400.0,949500.0,7000.0,,0,0,0,0,0,0,0,0,0,0,140,2026-02-03 08:16:14.213085
ATMN,26.64,26.64,26.78,1859300.0,1765300.0,,5250.0,0,0,0,0,0,0,0,0,0,0,140,2026-02-03 08:16:14.213085
WNTR,27.16,27.16,27.29,1848700.0,1995100.0,,8750.0,0,0,0,0,0,0,0,0,0,0,140,2026-02-03 08:16:14.213085
SPNG,24.94,25.12,25.24,2175500.0,1885900.0,0,0,0,0,0,0,0,0,0,0,0,0,141,2026-02-03 08:16:15.243999
SMMR,26.66,26.63,26.66,2281300.0,817000.0,0,0,0,0,0,0,0,0,0,0,0,0,141,2026-02-03 08:16:15.243999
ATMN,26.52,26.73,26.78,1878300.0,1846400.0,0,0,0,0,0,0,0,0,0,0,0,0,141,2026-02-03 08:16:15.243999
WNTR,27.16,27.16,27.29,2046500.0,2079100.0,0,0,0,0,0,0,0,0,0,0,0,0,141,2026-02-03 08:16:15.243999
SPNG,24.95,25.13,25.24,2062700.0,3500.0,1893800.0,,0,0,0,0,0,0,0,0,0,0,142,2026-02-03 08:16:16.279542
SMMR,26.63,26.63,26.7,2281300.0,,827300.0,,0,0,0,0,0,0,0,0,0,0,142,2026-02-03 08:16:16.279542
ATMN,26.73,26.49,26.53,1864300.0,,1866300.0,,0,0,0,0,0,0,0,0,0,0,142,2026-02-03 08:16:16.279542
WNTR,27.16,27.16,27.26,2046500.0,,1981200.0,8750.0,0,0,0,0,0,0,0,0,0,0,142,2026-02-03 08:16:16.279542
SPNG,24.95,25.13,25.24,2168200.0,1923500.0,0,0,0,0,0,0,0,0,0,0,0,0,143,2026-02-03 08:16:17.306415
SMMR,26.63,26.55,26.6,2253600.0,937400.0,0,0,0,0,0,0,0,0,0,0,0,0,143,2026-02-03 08:16:17.306415
ATMN,26.53,26.43,26.53,1745800.0,1893100.0,0,0,0,0,0,0,0,0,0,0,0,0,143,2026-02-03 08:16:17.306415
WNTR,27.26,27.28,27.29,2136800.0,2083000.0,0,0,0,0,0,0,0,0,0,0,0,0,143,2026-02-03 08:16:17.306415
SPNG,24.94,24.94,25.24,2197000.0,1990000.0,,,0,0,0,0,0,0,0,0,0,0,144,2026-02-03 08:16:18.337361
SMMR,26.7,26.56,26.7,2148400.0,827300.0,7000.0,,0,0,0,0,0,0,0,0,0,0,144,2026-02-03 08:16:18.337361
ATMN,26.43,26.39,26.43,1725800.0,1820300.0,,5250.0,0,0,0,0,0,0,0,0,0,0,144,2026-02-03 08:16:18.337361
WNTR,27.29,27.16,27.29,2046500.0,1967200.0,,8750.0,0,0,0,0,0,0,0,0,0,0,144,2026-02-03 08:16:18.337361
SPNG,24.83,24.83,25.23,2214700.0,3500.0,1851100.0,0,0,0,0,0,0,0,0,0,0,0,145,2026-02-03 08:16:19.361540
SMMR,26.7,26.74,26.81,2241600.0,,837100.0,0,0,0,0,0,0,0,0,0,0,0,145,2026-02-03 08:16:19.361540
ATMN,26.46,26.46,26.51,1831700.0,,1895700.0,0,0,0,0,0,0,0,0,0,0,0,145,2026-02-03 08:16:19.361540
WNTR,27.32,27.15,27.32,1937700.0,,2035200.0,0,0,0,0,0,0,0,0,0,0,0,145,2026-02-03 08:16:19.361540
SPNG,24.67,24.67,25.31,2239600.0,1936200.0,0,0,0,0,0,0,0,0,0,0,0,0,146,2026-02-03 08:16:20.388090
SMMR,26.7,26.7,26.81,2272400.0,956300.0,0,0,0,0,0,0,0,0,0,0,0,0,146,2026-02-03 08:16:20.388090
ATMN,26.39,26.39,26.51,1831100.0,1895700.0,0,0,0,0,0,0,0,0,0,0,0,0,146,2026-02-03 08:16:20.388090
WNTR,27.11,27.11,27.22,1761700.0,2033000.0,0,0,0,0,0,0,0,0,0,0,0,0,146,2026-02-03 08:16:20.388090
SPNG,24.67,24.94,25.18,2185700.0,1947900.0,0,0,0,0,0,0,0,0,0,0,0,0,147,2026-02-03 08:16:21.415654
SMMR,26.76,26.7,26.76,2272400.0,1082100.0,0,0,0,0,0,0,0,0,0,0,0,0,147,2026-02-03 08:16:21.415654
ATMN,26.51,26.39,26.51,1831100.0,1895700.0,0,0,0,0,0,0,0,0,0,0,0,0,147,2026-02-03 08:16:21.415654
WNTR,27.11,27.11,27.32,1761700.0,2031000.0,0,0,0,0,0,0,0,0,0,0,0,0,147,2026-02-03 08:16:21.415654
SPNG,25.31,24.94,25.05,2185700.0,1911600.0,3500.0,0,0,0,0,0,0,0,0,0,0,0,148,2026-02-03 08:16:22.440337
SMMR,26.55,26.55,26.76,2258900.0,1082100.0,,0,0,0,0,0,0,0,0,0,0,0,148,2026-02-03 08:16:22.440337
ATMN,26.34,26.34,26.46,1656200.0,1896300.0,,0,0,0,0,0,0,0,0,0,0,0,148,2026-02-03 08:16:22.440337
WNTR,27.34,27.16,27.34,1877900.0,2052300.0,,0,0,0,0,0,0,0,0,0,0,0,148,2026-02-03 08:16:22.440337
SPNG,25.31,24.95,25.31,3500.0,2036400.0,1993400.0,,0,0,0,0,0,0,0,0,0,0,149,2026-02-03 08:16:23.465831
SMMR,26.81,26.71,26.81,7000.0,2170200.0,1057800.0,,0,0,0,0,0,0,0,0,0,0,149,2026-02-03 08:16:23.465831
ATMN,26.34,26.36,26.38,5250.0,1871400.0,1812600.0,5250.0,0,0,0,0,0,0,0,0,0,0,149,2026-02-03 08:16:23.465831
WNTR,27.16,27.22,27.27,,2088000.0,1930400.0,8750.0,0,0,0,0,0,0,0,0,0,0,149,2026-02-03 08:16:23.465831
SPNG,24.94,24.94,25.01,2141900.0,2026500.0,0,0,0,0,0,0,0,0,0,0,0,0,150,2026-02-03 08:16:23.992205
SMMR,26.81,26.55,26.81,2270600.0,1057800.0,0,0,0,0,0,0,0,0,0,0,0,0,150,2026-02-03 08:16:23.992205
ATMN,26.34,26.34,26.38,1854000.0,1901200.0,0,0,0,0,0,0,0,0,0,0,0,0,150,2026-02-03 08:16:23.992205
WNTR,27.16,27.22,27.27,2156500.0,2041700.0,0,0,0,0,0,0,0,0,0,0,0,0,150,2026-02-03 08:16:23.992205
SPNG,25.01,24.95,25.01,3500.0,2008900.0,2030100.0,,0,0,0,0,0,0,0,0,0,0,151,2026-02-03 08:16:25.024589
SMMR,26.82,26.65,26.82,7000.0,2178000.0,1074300.0,,0,0,0,0,0,0,0,0,0,0,151,2026-02-03 08:16:25.024589
ATMN,26.38,26.38,26.46,5250.0,1849100.0,1896300.0,,0,0,0,0,0,0,0,0,0,0,151,2026-02-03 08:16:25.024589
WNTR,27.27,27.22,27.26,,2156500.0,1920100.0,8750.0,0,0,0,0,0,0,0,0,0,0,151,2026-02-03 08:16:25.024589
SPNG,24.89,24.89,25.18,2087000.0,2027500.0,,0,0,0,0,0,0,0,0,0,0,0,152,2026-02-03 08:16:26.054658
SMMR,26.65,26.65,26.66,2271900.0,1300700.0,,0,0,0,0,0,0,0,0,0,0,0,152,2026-02-03 08:16:26.054658
ATMN,26.51,26.58,26.78,1824000.0,1876700.0,5250.0,0,0,0,0,0,0,0,0,0,0,0,152,2026-02-03 08:16:26.054658
WNTR,27.25,27.25,27.27,2149300.0,2022900.0,,0,0,0,0,0,0,0,0,0,0,0,152,2026-02-03 08:16:26.054658
SPNG,24.89,24.95,25.14,2068000.0,2001000.0,,0,0,0,0,0,0,0,0,0,0,0,153,2026-02-03 08:16:27.097639
SMMR,26.87,26.65,26.87,2271900.0,967700.0,,0,0,0,0,0,0,0,0,0,0,0,153,2026-02-03 08:16:27.097639
ATMN,26.32,26.32,26.78,1775000.0,1873000.0,,0,0,0,0,0,0,0,0,0,0,0,153,2026-02-03 08:16:27.097639
WNTR,27.22,27.26,27.34,2005600.0,2036600.0,8750.0,0,0,0,0,0,0,0,0,0,0,0,153,2026-02-03 08:16:27.097639
SPNG,25.07,24.95,25.0,2059700.0,1940500.0,3500.0,,0,0,0,0,0,0,0,0,0,0,154,2026-02-03 08:16:28.189780
SMMR,26.85,26.65,26.76,2178000.0,1190500.0,,7000.0,0,0,0,0,0,0,0,0,0,0,154,2026-02-03 08:16:28.189780
ATMN,26.44,26.4,26.44,1986200.0,1852300.0,,,0,0,0,0,0,0,0,0,0,0,154,2026-02-03 08:16:28.189780
WNTR,27.35,27.22,27.35,2133400.0,2059000.0,,,0,0,0,0,0,0,0,0,0,0,154,2026-02-03 08:16:28.189780
SPNG,24.97,24.99,25.0,2051800.0,2035000.0,0,0,0,0,0,0,0,0,0,0,0,0,155,2026-02-03 08:16:29.219436
SMMR,26.76,26.65,26.76,2271000.0,1314600.0,0,0,0,0,0,0,0,0,0,0,0,0,155,2026-02-03 08:16:29.219436
ATMN,26.32,26.32,26.44,1881200.0,1855100.0,0,0,0,0,0,0,0,0,0,0,0,0,155,2026-02-03 08:16:29.219436
WNTR,27.35,27.33,27.35,2131000.0,2048700.0,0,0,0,0,0,0,0,0,0,0,0,0,155,2026-02-03 08:16:29.219436
SPNG,24.95,24.97,25.0,2075900.0,1939200.0,3500.0,,0,0,0,0,0,0,0,0,0,0,156,2026-02-03 08:16:30.247805
SMMR,26.66,26.66,26.83,2279900.0,1190900.0,,,0,0,0,0,0,0,0,0,0,0,156,2026-02-03 08:16:30.247805
ATMN,26.62,26.47,26.51,1986200.0,1855500.0,,,0,0,0,0,0,0,0,0,0,0,156,2026-02-03 08:16:30.247805
WNTR,27.33,27.34,27.37,2013800.0,2047900.0,,8750.0,0,0,0,0,0,0,0,0,0,0,156,2026-02-03 08:16:30.247805
SPNG,25.33,24.97,25.33,2075900.0,1952600.0,0,0,0,0,0,0,0,0,0,0,0,0,157,2026-02-03 08:16:31.284274
SMMR,26.82,26.82,26.83,2296900.0,1304800.0,0,0,0,0,0,0,0,0,0,0,0,0,157,2026-02-03 08:16:31.284274
ATMN,26.47,26.47,26.51,1977900.0,1873900.0,0,0,0,0,0,0,0,0,0,0,0,0,157,2026-02-03 08:16:31.284274
WNTR,27.37,27.33,27.37,2103000.0,2049600.0,0,0,0,0,0,0,0,0,0,0,0,0,157,2026-02-03 08:16:31.284274
SPNG,24.82,24.82,25.09,2079900.0,1895100.0,3500.0,,0,0,0,0,0,0,0,0,0,0,158,2026-02-03 08:16:32.315430
SMMR,26.9,26.79,26.9,2293700.0,962400.0,,,0,0,0,0,0,0,0,0,0,0,158,2026-02-03 08:16:32.315430
ATMN,26.39,26.48,26.51,1860500.0,1931300.0,,5250.0,0,0,0,0,0,0,0,0,0,0,158,2026-02-03 08:16:32.315430
WNTR,27.38,27.34,27.36,1996400.0,1930000.0,8750.0,8750.0,0,0,0,0,0,0,0,0,0,0,158,2026-02-03 08:16:32.315430
SPNG,25.36,24.82,25.36,2079900.0,1919400.0,0,0,0,0,0,0,0,0,0,0,0,0,159,2026-02-03 08:16:33.341698
SMMR,26.9,26.79,26.89,2287000.0,1157800.0,0,0,0,0,0,0,0,0,0,0,0,0,159,2026-02-03 08:16:33.341698
ATMN,26.39,26.45,26.51,1945200.0,1945800.0,0,0,0,0,0,0,0,0,0,0,0,0,159,2026-02-03 08:16:33.341698
WNTR,27.38,27.33,27.38,2080600.0,2051900.0,0,0,0,0,0,0,0,0,0,0,0,0,159,2026-02-03 08:16:33.341698
SPNG,24.67,24.67,25.33,2145200.0,3500.0,1868200.0,0,0,0,0,0,0,0,0,0,0,0,160,2026-02-03 08:16:34.379980
SMMR,26.89,26.79,26.89,2287000.0,,1349300.0,0,0,0,0,0,0,0,0,0,0,0,160,2026-02-03 08:16:34.379980
ATMN,26.53,26.45,26.53,1979000.0,,1957100.0,0,0,0,0,0,0,0,0,0,0,0,160,2026-02-03 08:16:34.379980
WNTR,27.38,27.33,27.37,2080600.0,8750.0,1906000.0,0,0,0,0,0,0,0,0,0,0,0,160,2026-02-03 08:16:34.379980
SPNG,24.66,24.82,24.99,2100200.0,1958500.0,0,0,0,0,0,0,0,0,0,0,0,0,161,2026-02-03 08:16:35.408351
SMMR,26.89,26.73,26.89,2274300.0,1349300.0,0,0,0,0,0,0,0,0,0,0,0,0,161,2026-02-03 08:16:35.408351
ATMN,26.39,26.48,26.61,1991100.0,1941100.0,0,0,0,0,0,0,0,0,0,0,0,0,161,2026-02-03 08:16:35.408351
WNTR,27.42,27.33,27.42,2080600.0,2043800.0,0,0,0,0,0,0,0,0,0,0,0,0,161,2026-02-03 08:16:35.408351
SPNG,25.39,24.82,25.22,2085400.0,1970200.0,0,0,0,0,0,0,0,0,0,0,0,0,162,2026-02-03 08:16:36.435609
SMMR,26.9,26.73,26.85,2274300.0,1338200.0,0,0,0,0,0,0,0,0,0,0,0,0,162,2026-02-03 08:16:36.435609
ATMN,26.3,26.3,26.61,1967500.0,1918900.0,0,0,0,0,0,0,0,0,0,0,0,0,162,2026-02-03 08:16:36.435609
WNTR,27.31,27.4,27.42,2068300.0,2043800.0,0,0,0,0,0,0,0,0,0,0,0,0,162,2026-02-03 08:16:36.435609
SPNG,25.22,24.83,25.22,3500.0,1955600.0,1970200.0,,0,0,0,0,0,0,0,0,0,0,163,2026-02-03 08:16:37.467648
SMMR,26.73,26.73,26.85,,2285900.0,1433500.0,7000.0,0,0,0,0,0,0,0,0,0,0,163,2026-02-03 08:16:37.467648
ATMN,26.57,26.32,26.48,,1959500.0,1929800.0,,0,0,0,0,0,0,0,0,0,0,163,2026-02-03 08:16:37.467648
WNTR,27.45,27.4,27.45,,2063400.0,2020700.0,,0,0,0,0,0,0,0,0,0,0,163,2026-02-03 08:16:37.467648
SPNG,25.27,24.69,25.27,2090800.0,1957900.0,0,0,0,0,0,0,0,0,0,0,0,0,164,2026-02-03 08:16:38.494140
SMMR,26.79,26.73,26.79,2285900.0,1416300.0,0,0,0,0,0,0,0,0,0,0,0,0,164,2026-02-03 08:16:38.494140
ATMN,26.66,26.32,26.39,1986100.0,1928600.0,0,0,0,0,0,0,0,0,0,0,0,0,164,2026-02-03 08:16:38.494140
WNTR,27.45,27.4,27.45,2091000.0,2028100.0,0,0,0,0,0,0,0,0,0,0,0,0,164,2026-02-03 08:16:38.494140
SPNG,25.39,24.69,24.92,2099400.0,1976500.0,,,0,0,0,0,0,0,0,0,0,0,165,2026-02-03 08:16:39.522377
SMMR,26.92,26.75,26.78,2273300.0,1344700.0,7000.0,,0,0,0,0,0,0,0,0,0,0,165,2026-02-03 08:16:39.522377
ATMN,26.39,26.32,26.38,1923600.0,1835800.0,5250.0,,0,0,0,0,0,0,0,0,0,0,165,2026-02-03 08:16:39.522377
WNTR,27.45,27.41,27.45,2014100.0,2028100.0,,8750.0,0,0,0,0,0,0,0,0,0,0,165,2026-02-03 08:16:39.522377
SPNG,24.92,24.7,24.92,3500.0,1998700.0,1891400.0,3500.0,0,0,0,0,0,0,0,0,0,0,166,2026-02-03 08:16:40.045990
SMMR,26.92,26.75,26.78,,2263800.0,1344700.0,7000.0,0,0,0,0,0,0,0,0,0,0,166,2026-02-03 08:16:40.045990
ATMN,26.69,26.33,26.69,5250.0,1796200.0,1928100.0,,0,0,0,0,0,0,0,0,0,0,166,2026-02-03 08:16:40.045990
WNTR,27.47,27.41,27.47,8750.0,1990200.0,2046500.0,,0,0,0,0,0,0,0,0,0,0,166,2026-02-03 08:16:40.045990
SPNG,24.92,24.71,24.91,3500.0,1987300.0,3500.0,1891400.0,0,0,0,0,0,0,0,0,0,0,167,2026-02-03 08:16:41.076428
SMMR,26.92,26.75,26.76,,2293000.0,7000.0,1439700.0,0,0,0,0,0,0,0,0,0,0,167,2026-02-03 08:16:41.076428
ATMN,26.31,26.36,26.5,,1930000.0,,1932600.0,0,0,0,0,0,0,0,0,0,0,167,2026-02-03 08:16:41.076428
WNTR,27.38,27.38,27.48,,2085000.0,,2055300.0,0,0,0,0,0,0,0,0,0,0,167,2026-02-03 08:16:41.076428
SPNG,25.4,24.91,25.4,2090000.0,1918100.0,0,0,0,0,0,0,0,0,0,0,0,0,168,2026-02-03 08:16:42.109316
SMMR,26.77,26.78,26.86,2315500.0,1344700.0,0,0,0,0,0,0,0,0,0,0,0,0,168,2026-02-03 08:16:42.109316
ATMN,26.5,26.36,26.5,1923300.0,1932600.0,0,0,0,0,0,0,0,0,0,0,0,0,168,2026-02-03 08:16:42.109316
WNTR,27.48,27.38,27.48,2085000.0,2059900.0,0,0,0,0,0,0,0,0,0,0,0,0,168,2026-02-03 08:16:42.109316
SPNG,24.71,24.71,25.06,2085100.0,1924100.0,,0,0,0,0,0,0,0,0,0,0,0,169,2026-02-03 08:16:43.144035
SMMR,26.86,26.79,26.86,2211900.0,1573800.0,7000.0,0,0,0,0,0,0,0,0,0,0,0,169,2026-02-03 08:16:43.144035
ATMN,26.65,26.36,26.38,1925400.0,1923500.0,,0,0,0,0,0,0,0,0,0,0,0,169,2026-02-03 08:16:43.144035
WNTR,27.5,27.38,27.5,2073100.0,2035800.0,,0,0,0,0,0,0,0,0,0,0,0,169,2026-02-03 08:16:43.144035
SPNG,24.71,24.71,25.06,2105100.0,1924100.0,,0,0,0,0,0,0,0,0,0,0,0,170,2026-02-03 08:16:44.180645
SMMR,26.76,26.76,26.85,2323400.0,1667300.0,7000.0,0,0,0,0,0,0,0,0,0,0,0,170,2026-02-03 08:16:44.180645
ATMN,26.49,26.63,26.69,1910200.0,1920700.0,,0,0,0,0,0,0,0,0,0,0,0,170,2026-02-03 08:16:44.180645
WNTR,27.38,27.4,27.47,2091600.0,1941400.0,8750.0,0,0,0,0,0,0,0,0,0,0,0,170,2026-02-03 08:16:44.180645
SPNG,24.79,24.79,25.05,1983400.0,3500.0,3500.0,1839000.0,0,0,0,0,0,0,0,0,0,0,171,2026-02-03 08:16:45.212714
SMMR,26.76,26.76,26.77,2323400.0,,7000.0,1989000.0,0,0,0,0,0,0,0,0,0,0,171,2026-02-03 08:16:45.212714
ATMN,26.35,26.35,26.38,1898200.0,,5250.0,1826200.0,0,0,0,0,0,0,0,0,0,0,171,2026-02-03 08:16:45.212714
WNTR,27.46,27.49,27.51,2085000.0,,,2054600.0,0,0,0,0,0,0,0,0,0,0,171,2026-02-03 08:16:45.212714
SPNG,25.44,25.02,25.44,2131000.0,1902100.0,,0,0,0,0,0,0,0,0,0,0,0,172,2026-02-03 08:16:46.241171
SMMR,26.79,26.73,26.79,2350700.0,1879100.0,,0,0,0,0,0,0,0,0,0,0,0,172,2026-02-03 08:16:46.241171
ATMN,26.38,26.64,26.68,1804800.0,1933900.0,5250.0,0,0,0,0,0,0,0,0,0,0,0,172,2026-02-03 08:16:46.241171
WNTR,27.52,27.49,27.52,2085000.0,2040900.0,,0,0,0,0,0,0,0,0,0,0,0,172,2026-02-03 08:16:46.241171
SPNG,25.44,25.02,25.44,2131000.0,1920500.0,0,0,0,0,0,0,0,0,0,0,0,0,173,2026-02-03 08:16:47.275956
SMMR,26.71,26.71,26.79,2336200.0,1991300.0,0,0,0,0,0,0,0,0,0,0,0,0,173,2026-02-03 08:16:47.275956
ATMN,26.31,26.31,26.36,1873500.0,1920500.0,0,0,0,0,0,0,0,0,0,0,0,0,173,2026-02-03 08:16:47.275956
WNTR,27.53,27.52,27.53,2088500.0,2076000.0,0,0,0,0,0,0,0,0,0,0,0,0,173,2026-02-03 08:16:47.275956
SPNG,25.02,24.69,24.79,2125600.0,1869900.0,3500.0,0,0,0,0,0,0,0,0,0,0,0,174,2026-02-03 08:16:48.307627
SMMR,26.68,26.68,26.78,2348600.0,1745700.0,7000.0,0,0,0,0,0,0,0,0,0,0,0,174,2026-02-03 08:16:48.307627
ATMN,26.36,26.45,26.46,1872100.0,1935500.0,,0,0,0,0,0,0,0,0,0,0,0,174,2026-02-03 08:16:48.307627
WNTR,27.43,27.43,27.53,2080400.0,2076000.0,,0,0,0,0,0,0,0,0,0,0,0,174,2026-02-03 08:16:48.307627
SPNG,25.23,24.69,24.78,2131400.0,3500.0,1835400.0,,0,0,0,0,0,0,0,0,0,0,175,2026-02-03 08:16:49.338190
SMMR,26.86,26.86,26.88,2297500.0,,1876000.0,,0,0,0,0,0,0,0,0,0,0,175,2026-02-03 08:16:49.338190
ATMN,26.31,26.45,26.46,1780700.0,5250.0,1829200.0,5250.0,0,0,0,0,0,0,0,0,0,0,175,2026-02-03 08:16:49.338190
WNTR,27.35,27.47,27.49,2098000.0,,2049600.0,,0,0,0,0,0,0,0,0,0,0,175,2026-02-03 08:16:49.338190
SPNG,25.11,24.69,24.86,2131400.0,1948400.0,,0,0,0,0,0,0,0,0,0,0,0,176,2026-02-03 08:16:50.365371
SMMR,26.87,26.86,26.93,2297500.0,2002600.0,,0,0,0,0,0,0,0,0,0,0,0,176,2026-02-03 08:16:50.365371
ATMN,26.57,26.31,26.57,1873500.0,1875900.0,,0,0,0,0,0,0,0,0,0,0,0,176,2026-02-03 08:16:50.365371
WNTR,27.5,27.5,27.53,1989800.0,2076000.0,8750.0,0,0,0,0,0,0,0,0,0,0,0,176,2026-02-03 08:16:50.365371
SPNG,25.15,24.76,25.15,2111400.0,1935200.0,0,0,0,0,0,0,0,0,0,0,0,0,177,2026-02-03 08:16:51.394668
SMMR,26.85,26.68,26.81,2368200.0,2103600.0,0,0,0,0,0,0,0,0,0,0,0,0,177,2026-02-03 08:16:51.394668
ATMN,26.57,26.31,26.57,1888000.0,1875900.0,0,0,0,0,0,0,0,0,0,0,0,0,177,2026-02-03 08:16:51.394668
WNTR,27.47,27.47,27.53,2091000.0,2074000.0,0,0,0,0,0,0,0,0,0,0,0,0,177,2026-02-03 08:16:51.394668
SPNG,25.15,25.1,25.15,2119400.0,1969600.0,0,0,0,0,0,0,0,0,0,0,0,0,178,2026-02-03 08:16:52.424115
SMMR,26.85,26.68,26.77,2330700.0,2093600.0,0,0,0,0,0,0,0,0,0,0,0,0,178,2026-02-03 08:16:52.424115
ATMN,26.59,26.31,26.59,1888000.0,1897200.0,0,0,0,0,0,0,0,0,0,0,0,0,178,2026-02-03 08:16:52.424115
WNTR,27.54,27.52,27.54,2080200.0,2057500.0,0,0,0,0,0,0,0,0,0,0,0,0,178,2026-02-03 08:16:52.424115
SPNG,25.36,25.1,25.36,2119400.0,1976400.0,,0,0,0,0,0,0,0,0,0,0,0,179,2026-02-03 08:16:53.450500
SMMR,26.81,26.68,26.81,2290600.0,2123500.0,,0,0,0,0,0,0,0,0,0,0,0,179,2026-02-03 08:16:53.450500
ATMN,26.66,26.31,26.66,1882700.0,1934100.0,,0,0,0,0,0,0,0,0,0,0,0,179,2026-02-03 08:16:53.450500
WNTR,27.52,27.53,27.54,1966200.0,2052200.0,8750.0,0,0,0,0,0,0,0,0,0,0,0,179,2026-02-03 08:16:53.450500
SPNG,24.69,24.55,0.0,200000.0,,0,0,0,0,0,0,0,0,0,0,0,0,180,2026-02-03 08:16:54.475213
SMMR,26.93,25.57,25.77,886100.0,854300.0,0,0,0,0,0,0,0,0,0,0,0,0,180,2026-02-03 08:16:54.475213
ATMN,26.31,24.62,0.0,200000.0,,0,0,0,0,0,0,0,0,0,0,0,0,180,2026-02-03 08:16:54.475213
WNTR,27.57,25.33,25.91,878600.0,870400.0,0,0,0,0,0,0,0,0,0,0,0,0,180,2026-02-03 08:16:54.475213
SPNG,24.69,24.55,24.66,913000.0,1061400.0,0,0,0,0,0,0,0,0,0,0,0,0,181,2026-02-03 08:16:55.499133
SMMR,25.55,25.55,25.75,897100.0,974600.0,0,0,0,0,0,0,0,0,0,0,0,0,181,2026-02-03 08:16:55.499133
ATMN,26.31,24.62,25.04,837100.0,942300.0,0,0,0,0,0,0,0,0,0,0,0,0,181,2026-02-03 08:16:55.499133
WNTR,25.33,25.33,25.34,878600.0,1077100.0,0,0,0,0,0,0,0,0,0,0,0,0,181,2026-02-03 08:16:55.499133
SPNG,24.55,24.55,24.66,1053100.0,1173500.0,0,0,0,0,0,0,0,0,0,0,0,0,182,2026-02-03 08:16:56.528992
SMMR,25.55,25.55,25.62,907800.0,1203900.0,0,0,0,0,0,0,0,0,0,0,0,0,182,2026-02-03 08:16:56.528992
ATMN,24.62,24.62,24.73,899300.0,1193000.0,0,0,0,0,0,0,0,0,0,0,0,0,182,2026-02-03 08:16:56.528992
WNTR,25.33,25.24,25.27,888200.0,1397900.0,0,0,0,0,0,0,0,0,0,0,0,0,182,2026-02-03 08:16:56.528992
SPNG,24.34,24.34,24.66,953100.0,1275100.0,0,0,0,0,0,0,0,0,0,0,0,0,183,2026-02-03 08:16:57.553707
SMMR,25.55,25.55,25.62,907800.0,1579900.0,0,0,0,0,0,0,0,0,0,0,0,0,183,2026-02-03 08:16:57.553707
ATMN,24.73,24.8,24.93,1048100.0,1220100.0,0,0,0,0,0,0,0,0,0,0,0,0,183,2026-02-03 08:16:57.553707
WNTR,25.33,25.24,25.27,888200.0,1709500.0,0,0,0,0,0,0,0,0,0,0,0,0,183,2026-02-03 08:16:57.553707
SPNG,22.64,23.78,24.85,1116100.0,1170900.0,0,0,0,0,0,0,0,0,0,0,0,0,184,2026-02-03 08:16:58.582401
SMMR,25.49,25.49,25.57,1062700.0,1692900.0,0,0,0,0,0,0,0,0,0,0,0,0,184,2026-02-03 08:16:58.582401
ATMN,24.66,24.38,24.66,1061000.0,1321100.0,0,0,0,0,0,0,0,0,0,0,0,0,184,2026-02-03 08:16:58.582401
WNTR,25.24,25.24,25.26,888200.0,1911500.0,0,0,0,0,0,0,0,0,0,0,0,0,184,2026-02-03 08:16:58.582401
SPNG,24.43,24.37,24.41,1341700.0,1281000.0,0,0,0,0,0,0,0,0,0,0,0,0,185,2026-02-03 08:16:59.607566
SMMR,25.49,25.49,25.57,1178400.0,1914400.0,0,0,0,0,0,0,0,0,0,0,0,0,185,2026-02-03 08:16:59.607566
ATMN,24.66,24.38,24.59,1185700.0,1548300.0,0,0,0,0,0,0,0,0,0,0,0,0,185,2026-02-03 08:16:59.607566
WNTR,24.86,24.7,24.83,889600.0,2117100.0,0,0,0,0,0,0,0,0,0,0,0,0,185,2026-02-03 08:16:59.607566
SPNG,24.37,24.37,24.4,1491600.0,3500.0,3500.0,1170900.0,0,0,0,0,0,0,0,0,0,0,186,2026-02-03 08:17:00.637185
SMMR,25.37,25.37,25.56,947200.0,,7000.0,1801400.0,0,0,0,0,0,0,0,0,0,0,186,2026-02-03 08:17:00.637185
ATMN,24.66,24.39,24.5,1389200.0,5250.0,,1667500.0,0,0,0,0,0,0,0,0,0,0,186,2026-02-03 08:17:00.637185
WNTR,24.7,24.7,24.83,922900.0,,,2117100.0,0,0,0,0,0,0,0,0,0,0,186,2026-02-03 08:17:00.637185
SPNG,24.85,24.78,24.85,1705400.0,1052800.0,,0,0,0,0,0,0,0,0,0,0,0,187,2026-02-03 08:17:01.162039
SMMR,25.37,25.37,25.49,1056300.0,1928600.0,,0,0,0,0,0,0,0,0,0,0,0,187,2026-02-03 08:17:01.162039
ATMN,24.59,24.38,24.59,1483400.0,1548300.0,,0,0,0,0,0,0,0,0,0,0,0,187,2026-02-03 08:17:01.162039
WNTR,24.38,24.17,24.38,1097800.0,2052600.0,8750.0,0,0,0,0,0,0,0,0,0,0,0,187,2026-02-03 08:17:01.162039
SPNG,24.78,24.37,24.75,1583900.0,1244300.0,,,0,0,0,0,0,0,0,0,0,0,188,2026-02-03 08:17:02.192355
SMMR,25.33,25.36,25.46,1134200.0,2038800.0,7000.0,,0,0,0,0,0,0,0,0,0,0,188,2026-02-03 08:17:02.192355
ATMN,24.59,24.39,24.46,1591300.0,1752500.0,,5250.0,0,0,0,0,0,0,0,0,0,0,188,2026-02-03 08:17:02.192355
WNTR,24.38,24.33,24.37,1463200.0,2052600.0,8750.0,,0,0,0,0,0,0,0,0,0,0,188,2026-02-03 08:17:02.192355
SPNG,24.75,24.37,24.75,1689600.0,1350700.0,0,0,0,0,0,0,0,0,0,0,0,0,189,2026-02-03 08:17:03.250211
SMMR,25.46,25.37,25.46,1376700.0,2038800.0,0,0,0,0,0,0,0,0,0,0,0,0,189,2026-02-03 08:17:03.250211
ATMN,24.92,24.38,24.92,1784200.0,1422700.0,0,0,0,0,0,0,0,0,0,0,0,0,189,2026-02-03 08:17:03.250211
WNTR,24.8,24.8,24.83,1697400.0,2184100.0,0,0,0,0,0,0,0,0,0,0,0,0,189,2026-02-03 08:17:03.250211
SPNG,24.75,24.38,24.74,3500.0,1912700.0,3500.0,1473700.0,0,0,0,0,0,0,0,0,0,0,190,2026-02-03 08:17:04.296810
SMMR,25.46,25.37,25.46,,1724400.0,,2038800.0,0,0,0,0,0,0,0,0,0,0,190,2026-02-03 08:17:04.296810
ATMN,24.32,24.32,24.41,,1905200.0,5250.0,1522300.0,0,0,0,0,0,0,0,0,0,0,190,2026-02-03 08:17:04.296810
WNTR,24.9,24.31,24.9,,1354000.0,,2180200.0,0,0,0,0,0,0,0,0,0,0,190,2026-02-03 08:17:04.296810
SPNG,24.82,24.51,24.82,2159600.0,1377900.0,,0,0,0,0,0,0,0,0,0,0,0,191,2026-02-03 08:17:05.328311
SMMR,25.46,25.39,25.45,1849600.0,2138500.0,7000.0,0,0,0,0,0,0,0,0,0,0,0,191,2026-02-03 08:17:05.328311
ATMN,24.32,24.38,24.41,2107600.0,1643300.0,,0,0,0,0,0,0,0,0,0,0,0,191,2026-02-03 08:17:05.328311
WNTR,24.9,24.76,24.9,1576800.0,2165800.0,,0,0,0,0,0,0,0,0,0,0,0,191,2026-02-03 08:17:05.328311
SPNG,24.82,24.52,24.81,3500.0,2276700.0,3500.0,1560100.0,0,0,0,0,0,0,0,0,0,0,192,2026-02-03 08:17:06.359147
SMMR,25.46,25.41,25.44,,2085800.0,,2261500.0,0,0,0,0,0,0,0,0,0,0,192,2026-02-03 08:17:06.359147
ATMN,24.43,24.38,24.43,,2170200.0,,1543700.0,0,0,0,0,0,0,0,0,0,0,192,2026-02-03 08:17:06.359147
WNTR,24.76,24.76,24.89,,1576800.0,8750.0,2036400.0,0,0,0,0,0,0,0,0,0,0,192,2026-02-03 08:17:06.359147
SPNG,24.42,24.37,24.42,2249700.0,1744800.0,0,0,0,0,0,0,0,0,0,0,0,0,193,2026-02-03 08:17:07.390854
SMMR,25.46,25.46,25.49,2351100.0,2028300.0,0,0,0,0,0,0,0,0,0,0,0,0,193,2026-02-03 08:17:07.390854
ATMN,24.43,24.38,24.43,2121800.0,1543700.0,0,0,0,0,0,0,0,0,0,0,0,0,193,2026-02-03 08:17:07.390854
WNTR,24.28,24.53,24.9,1366100.0,2142000.0,0,0,0,0,0,0,0,0,0,0,0,0,193,2026-02-03 08:17:07.390854
SPNG,24.79,24.37,24.79,2346500.0,1644300.0,,0,0,0,0,0,0,0,0,0,0,0,194,2026-02-03 08:17:08.417028
SMMR,25.49,25.46,25.49,2373700.0,2028300.0,,0,0,0,0,0,0,0,0,0,0,0,194,2026-02-03 08:17:08.417028
ATMN,24.43,24.45,24.76,2037300.0,1619400.0,5250.0,0,0,0,0,0,0,0,0,0,0,0,194,2026-02-03 08:17:08.417028
WNTR,24.53,24.53,24.86,1366100.0,2165600.0,,0,0,0,0,0,0,0,0,0,0,0,194,2026-02-03 08:17:08.417028
SPNG,24.15,24.15,24.79,2323800.0,1748700.0,0,0,0,0,0,0,0,0,0,0,0,0,195,2026-02-03 08:17:09.451323
SMMR,25.5,25.5,25.53,2391900.0,2027900.0,0,0,0,0,0,0,0,0,0,0,0,0,195,2026-02-03 08:17:09.451323
ATMN,24.27,24.27,24.49,2134400.0,1715300.0,0,0,0,0,0,0,0,0,0,0,0,0,195,2026-02-03 08:17:09.451323
WNTR,24.53,24.77,24.81,1488200.0,2215700.0,0,0,0,0,0,0,0,0,0,0,0,0,195,2026-02-03 08:17:09.451323
SPNG,24.85,24.22,24.85,2296400.0,1655900.0,0,0,0,0,0,0,0,0,0,0,0,0,196,2026-02-03 08:17:10.476541
SMMR,25.49,25.46,25.49,2373700.0,2222600.0,0,0,0,0,0,0,0,0,0,0,0,0,196,2026-02-03 08:17:10.476541
ATMN,24.27,24.28,24.49,2261000.0,1715300.0,0,0,0,0,0,0,0,0,0,0,0,0,196,2026-02-03 08:17:10.476541
WNTR,24.82,24.77,24.82,1488200.0,2202900.0,0,0,0,0,0,0,0,0,0,0,0,0,196,2026-02-03 08:17:10.476541
SPNG,24.05,24.5,24.85,2324900.0,1655900.0,,0,0,0,0,0,0,0,0,0,0,0,197,2026-02-03 08:17:11.511304
SMMR,25.6,25.46,25.54,2397200.0,2150500.0,,0,0,0,0,0,0,0,0,0,0,0,197,2026-02-03 08:17:11.511304
ATMN,24.28,24.28,24.66,2042700.0,1726000.0,5250.0,0,0,0,0,0,0,0,0,0,0,0,197,2026-02-03 08:17:11.511304
WNTR,24.77,24.66,24.71,1603100.0,2193700.0,,0,0,0,0,0,0,0,0,0,0,0,197,2026-02-03 08:17:11.511304
SPNG,24.9,24.5,24.52,2324900.0,1761200.0,0,0,0,0,0,0,0,0,0,0,0,0,198,2026-02-03 08:17:12.542065
SMMR,25.6,25.52,25.54,2379800.0,2274300.0,0,0,0,0,0,0,0,0,0,0,0,0,198,2026-02-03 08:17:12.542065
ATMN,24.25,24.25,24.66,2128000.0,1726000.0,0,0,0,0,0,0,0,0,0,0,0,0,198,2026-02-03 08:17:12.542065
WNTR,24.71,24.7,24.71,1711400.0,2193700.0,0,0,0,0,0,0,0,0,0,0,0,0,198,2026-02-03 08:17:12.542065
SPNG,24.52,24.64,24.89,2291900.0,3500.0,1783100.0,,0,0,0,0,0,0,0,0,0,0,199,2026-02-03 08:17:13.571705
SMMR,25.62,25.52,25.62,2379800.0,,2279500.0,,0,0,0,0,0,0,0,0,0,0,199,2026-02-03 08:17:13.571705
ATMN,24.39,24.39,24.76,2084900.0,,1619400.0,5250.0,0,0,0,0,0,0,0,0,0,0,199,2026-02-03 08:17:13.571705
WNTR,24.71,24.74,24.78,1707500.0,,2212300.0,,0,0,0,0,0,0,0,0,0,0,199,2026-02-03 08:17:13.571705
SPNG,24.5,24.5,24.52,2292300.0,1877900.0,0,0,0,0,0,0,0,0,0,0,0,0,200,2026-02-03 08:17:14.600724
SMMR,25.62,25.52,25.62,2379800.0,2319500.0,0,0,0,0,0,0,0,0,0,0,0,0,200,2026-02-03 08:17:14.600724
ATMN,24.39,24.39,24.71,2247100.0,1837300.0,0,0,0,0,0,0,0,0,0,0,0,0,200,2026-02-03 08:17:14.600724
WNTR,24.78,24.73,24.78,1723900.0,2212300.0,0,0,0,0,0,0,0,0,0,0,0,0,200,2026-02-03 08:17:14.600724
SPNG,24.74,24.74,24.9,2258100.0,1979300.0,,0,0,0,0,0,0,0,0,0,0,0,201,2026-02-03 08:17:15.636033
SMMR,25.62,25.52,25.62,2379800.0,2286300.0,,0,0,0,0,0,0,0,0,0,0,0,201,2026-02-03 08:17:15.636033
ATMN,24.39,24.25,24.28,2173000.0,1987900.0,,0,0,0,0,0,0,0,0,0,0,0,201,2026-02-03 08:17:15.636033
WNTR,24.78,24.73,24.77,2064100.0,2096300.0,8750.0,0,0,0,0,0,0,0,0,0,0,0,201,2026-02-03 08:17:15.636033
SPNG,24.39,24.39,24.9,2322700.0,1995600.0,,,0,0,0,0,0,0,0,0,0,0,202,2026-02-03 08:17:16.663375
SMMR,25.53,25.48,25.51,2366700.0,2271900.0,7000.0,,0,0,0,0,0,0,0,0,0,0,202,2026-02-03 08:17:16.663375
ATMN,24.52,24.25,24.52,2136000.0,1941700.0,,,0,0,0,0,0,0,0,0,0,0,202,2026-02-03 08:17:16.663375
WNTR,24.78,24.74,24.77,2064100.0,2097100.0,8750.0,8750.0,0,0,0,0,0,0,0,0,0,0,202,2026-02-03 08:17:16.663375
SPNG,24.39,24.39,24.54,2284000.0,1992300.0,0,0,0,0,0,0,0,0,0,0,0,0,203,2026-02-03 08:17:17.688169
SMMR,25.53,25.48,25.49,2361400.0,2390500.0,0,0,0,0,0,0,0,0,0,0,0,0,203,2026-02-03 08:17:17.688169
ATMN,24.67,24.25,24.42,2124200.0,1939200.0,0,0,0,0,0,0,0,0,0,0,0,0,203,2026-02-03 08:17:17.688169
WNTR,24.83,24.7,24.83,2054400.0,2184700.0,0,0,0,0,0,0,0,0,0,0,0,0,203,2026-02-03 08:17:17.688169
SPNG,24.54,24.4,24.54,3500.0,2161500.0,1992300.0,,0,0,0,0,0,0,0,0,0,0,204,2026-02-03 08:17:18.715271
SMMR,25.41,25.41,25.49,,2362200.0,2268400.0,7000.0,0,0,0,0,0,0,0,0,0,0,204,2026-02-03 08:17:18.715271
ATMN,24.42,24.68,24.7,5250.0,2016200.0,1873500.0,5250.0,0,0,0,0,0,0,0,0,0,0,204,2026-02-03 08:17:18.715271
WNTR,24.66,24.75,24.81,,2210300.0,2068700.0,8750.0,0,0,0,0,0,0,0,0,0,0,204,2026-02-03 08:17:18.715271
SPNG,24.59,24.48,24.59,2245300.0,2017100.0,0,0,0,0,0,0,0,0,0,0,0,0,205,2026-02-03 08:17:19.741320
SMMR,25.57,25.42,25.57,2359600.0,2389000.0,0,0,0,0,0,0,0,0,0,0,0,0,205,2026-02-03 08:17:19.741320
ATMN,24.66,24.25,24.66,2151400.0,1996200.0,0,0,0,0,0,0,0,0,0,0,0,0,205,2026-02-03 08:17:19.741320
WNTR,24.66,24.75,24.78,2427300.0,2218000.0,0,0,0,0,0,0,0,0,0,0,0,0,205,2026-02-03 08:17:19.741320
SPNG,24.39,24.39,24.59,2251300.0,2039400.0,,0,0,0,0,0,0,0,0,0,0,0,206,2026-02-03 08:17:20.765326
SMMR,25.57,25.42,25.5,2369600.0,2292000.0,7000.0,0,0,0,0,0,0,0,0,0,0,0,206,2026-02-03 08:17:20.765326
ATMN,24.25,24.23,24.24,2160100.0,1956300.0,5250.0,0,0,0,0,0,0,0,0,0,0,0,206,2026-02-03 08:17:20.765326
WNTR,24.78,24.75,24.78,2427300.0,2204800.0,,0,0,0,0,0,0,0,0,0,0,0,206,2026-02-03 08:17:20.765326
SPNG,24.39,24.39,24.43,2258600.0,2065400.0,,0,0,0,0,0,0,0,0,0,0,0,207,2026-02-03 08:17:21.291329
SMMR,25.57,25.42,25.56,2356700.0,2292000.0,7000.0,0,0,0,0,0,0,0,0,0,0,0,207,2026-02-03 08:17:21.291329
ATMN,24.25,24.23,24.24,2168900.0,2056700.0,,0,0,0,0,0,0,0,0,0,0,0,207,2026-02-03 08:17:21.291329
WNTR,24.78,24.75,24.78,2413000.0,2201100.0,,0,0,0,0,0,0,0,0,0,0,0,207,2026-02-03 08:17:21.291329
SPNG,24.9,24.4,24.42,3500.0,2164500.0,3500.0,1902900.0,0,0,0,0,0,0,0,0,0,0,208,2026-02-03 08:17:22.319085
SMMR,25.57,25.42,25.57,,2353300.0,,2420400.0,0,0,0,0,0,0,0,0,0,0,208,2026-02-03 08:17:22.319085
ATMN,24.2,24.2,24.61,,2210100.0,,2047700.0,0,0,0,0,0,0,0,0,0,0,208,2026-02-03 08:17:22.319085
WNTR,24.7,24.76,24.77,8750.0,2299500.0,8750.0,2103000.0,0,0,0,0,0,0,0,0,0,0,208,2026-02-03 08:17:22.319085
SPNG,24.42,24.42,24.67,2141600.0,3500.0,2018100.0,0,0,0,0,0,0,0,0,0,0,0,209,2026-02-03 08:17:23.345852
SMMR,25.42,25.42,25.48,2353300.0,,2387500.0,0,0,0,0,0,0,0,0,0,0,0,209,2026-02-03 08:17:23.345852
ATMN,24.2,24.2,24.61,2210100.0,,2030300.0,0,0,0,0,0,0,0,0,0,0,0,209,2026-02-03 08:17:23.345852
WNTR,24.82,24.76,24.82,2300200.0,8750.0,2176100.0,0,0,0,0,0,0,0,0,0,0,0,209,2026-02-03 08:17:23.345852
SPNG,24.42,24.42,24.67,2249700.0,2018100.0,,0,0,0,0,0,0,0,0,0,0,0,210,2026-02-03 08:17:24.370974
SMMR,25.48,25.53,25.57,2307500.0,2420400.0,,0,0,0,0,0,0,0,0,0,0,0,210,2026-02-03 08:17:24.370974
ATMN,24.15,24.15,24.4,2297500.0,1884000.0,5250.0,0,0,0,0,0,0,0,0,0,0,0,210,2026-02-03 08:17:24.370974
WNTR,24.83,24.74,24.81,2408600.0,2187200.0,,0,0,0,0,0,0,0,0,0,0,0,210,2026-02-03 08:17:24.370974
SPNG,24.67,24.43,24.67,2233900.0,2018100.0,,0,0,0,0,0,0,0,0,0,0,0,211,2026-02-03 08:17:25.397967
SMMR,25.53,25.47,25.52,2304000.0,2393400.0,,0,0,0,0,0,0,0,0,0,0,0,211,2026-02-03 08:17:25.397967
ATMN,24.15,24.16,24.4,2219600.0,1990400.0,,0,0,0,0,0,0,0,0,0,0,0,211,2026-02-03 08:17:25.397967
WNTR,24.84,24.75,24.84,2300200.0,2133600.0,8750.0,0,0,0,0,0,0,0,0,0,0,0,211,2026-02-03 08:17:25.397967
SPNG,24.35,24.35,24.9,2226000.0,1988000.0,,,0,0,0,0,0,0,0,0,0,0,212,2026-02-03 08:17:26.426953
SMMR,25.53,25.47,25.52,2304000.0,2425000.0,,,0,0,0,0,0,0,0,0,0,0,212,2026-02-03 08:17:26.426953
ATMN,24.15,24.23,24.39,2209300.0,1923600.0,5250.0,,0,0,0,0,0,0,0,0,0,0,212,2026-02-03 08:17:26.426953
WNTR,24.85,24.76,24.85,2261500.0,2113700.0,,8750.0,0,0,0,0,0,0,0,0,0,0,212,2026-02-03 08:17:26.426953
SPNG,24.28,24.89,24.9,2224700.0,2019100.0,0,0,0,0,0,0,0,0,0,0,0,0,213,2026-02-03 08:17:27.455378
SMMR,25.57,25.47,25.57,2302900.0,2416900.0,0,0,0,0,0,0,0,0,0,0,0,0,213,2026-02-03 08:17:27.455378
ATMN,24.52,24.23,24.45,2209300.0,2004000.0,0,0,0,0,0,0,0,0,0,0,0,0,213,2026-02-03 08:17:27.455378
WNTR,24.74,24.73,24.85,2428500.0,2109800.0,0,0,0,0,0,0,0,0,0,0,0,0,213,2026-02-03 08:17:27.455378
SPNG,24.89,24.64,24.72,2222800.0,2036200.0,,0,0,0,0,0,0,0,0,0,0,0,214,2026-02-03 08:17:28.508957
SMMR,25.53,25.47,25.48,2310900.0,2303100.0,7000.0,0,0,0,0,0,0,0,0,0,0,0,214,2026-02-03 08:17:28.508957
ATMN,24.23,24.23,24.38,2223200.0,1928100.0,5250.0,0,0,0,0,0,0,0,0,0,0,0,214,2026-02-03 08:17:28.508957
WNTR,24.86,24.73,24.86,2428500.0,2121800.0,,0,0,0,0,0,0,0,0,0,0,0,214,2026-02-03 08:17:28.508957
SPNG,24.72,24.28,24.72,2221400.0,2036200.0,0,0,0,0,0,0,0,0,0,0,0,0,215,2026-02-03 08:17:29.540816
SMMR,25.45,25.45,25.48,2307200.0,2411500.0,0,0,0,0,0,0,0,0,0,0,0,0,215,2026-02-03 08:17:29.540816
ATMN,24.38,24.34,24.38,2233800.0,2015300.0,0,0,0,0,0,0,0,0,0,0,0,0,215,2026-02-03 08:17:29.540816
WNTR,24.88,24.71,24.88,2427800.0,2122400.0,0,0,0,0,0,0,0,0,0,0,0,0,215,2026-02-03 08:17:29.540816
SPNG,24.96,24.28,24.68,2236300.0,2042000.0,0,0,0,0,0,0,0,0,0,0,0,0,216,2026-02-03 08:17:30.579272
SMMR,25.45,25.46,25.48,2315900.0,2424700.0,0,0,0,0,0,0,0,0,0,0,0,0,216,2026-02-03 08:17:30.579272
ATMN,24.17,24.34,24.38,2228500.0,2034600.0,0,0,0,0,0,0,0,0,0,0,0,0,216,2026-02-03 08:17:30.579272
WNTR,24.9,24.84,24.9,2392700.0,2126500.0,0,0,0,0,0,0,0,0,0,0,0,0,216,2026-02-03 08:17:30.579272
SPNG,24.28,24.28,24.32,2243400.0,3500.0,1932900.0,,0,0,0,0,0,0,0,0,0,0,217,2026-02-03 08:17:31.604787
SMMR,25.57,25.46,25.47,2315900.0,7000.0,2323100.0,,0,0,0,0,0,0,0,0,0,0,217,2026-02-03 08:17:31.604787
ATMN,24.34,24.34,24.47,2209000.0,,2024700.0,,0,0,0,0,0,0,0,0,0,0,217,2026-02-03 08:17:31.604787
WNTR,24.9,24.84,24.9,2270800.0,,2109600.0,8750.0,0,0,0,0,0,0,0,0,0,0,217,2026-02-03 08:17:31.604787
SPNG,24.32,24.38,24.68,2234300.0,2042000.0,0,0,0,0,0,0,0,0,0,0,0,0,218,2026-02-03 08:17:32.640299
SMMR,25.49,25.46,25.49,2315900.0,2430900.0,0,0,0,0,0,0,0,0,0,0,0,0,218,2026-02-03 08:17:32.640299
ATMN,24.3,24.3,24.47,2201200.0,2024700.0,0,0,0,0,0,0,0,0,0,0,0,0,218,2026-02-03 08:17:32.640299
WNTR,24.84,24.84,24.9,2417200.0,2130100.0,0,0,0,0,0,0,0,0,0,0,0,0,218,2026-02-03 08:17:32.640299
SPNG,24.38,24.39,24.67,3500.0,2117200.0,3500.0,1951900.0,0,0,0,0,0,0,0,0,0,0,219,2026-02-03 08:17:33.672174
SMMR,25.45,25.46,25.49,,2353200.0,,2430900.0,0,0,0,0,0,0,0,0,0,0,219,2026-02-03 08:17:33.672174
ATMN,24.57,24.35,24.46,5250.0,2095100.0,5250.0,1918200.0,0,0,0,0,0,0,0,0,0,0,219,2026-02-03 08:17:33.672174
WNTR,24.78,24.85,24.9,8750.0,2238800.0,,2130100.0,0,0,0,0,0,0,0,0,0,0,219,2026-02-03 08:17:33.672174
SPNG,24.54,24.32,24.33,2204900.0,2051600.0,0,0,0,0,0,0,0,0,0,0,0,0,220,2026-02-03 08:17:34.711939
SMMR,25.46,25.46,25.49,2361800.0,2430900.0,0,0,0,0,0,0,0,0,0,0,0,0,220,2026-02-03 08:17:34.711939
ATMN,24.16,24.28,24.57,2166100.0,2021000.0,0,0,0,0,0,0,0,0,0,0,0,0,220,2026-02-03 08:17:34.711939
WNTR,24.92,24.86,24.92,2346500.0,2132500.0,0,0,0,0,0,0,0,0,0,0,0,0,220,2026-02-03 08:17:34.711939
SPNG,24.21,24.55,24.91,3500.0,2077600.0,3500.0,1951900.0,0,0,0,0,0,0,0,0,0,0,221,2026-02-03 08:17:35.745196
SMMR,25.46,25.46,25.49,,2368900.0,,2458400.0,0,0,0,0,0,0,0,0,0,0,221,2026-02-03 08:17:35.745196
ATMN,24.57,24.17,24.57,5250.0,2115300.0,,2028400.0,0,0,0,0,0,0,0,0,0,0,221,2026-02-03 08:17:35.745196
WNTR,24.92,24.94,25.01,,2351500.0,,2118600.0,0,0,0,0,0,0,0,0,0,0,221,2026-02-03 08:17:35.745196
SPNG,24.39,24.79,24.92,2189000.0,2061000.0,0,0,0,0,0,0,0,0,0,0,0,0,222,2026-02-03 08:17:36.779890
SMMR,25.46,25.46,25.49,2354500.0,2481500.0,0,0,0,0,0,0,0,0,0,0,0,0,222,2026-02-03 08:17:36.779890
ATMN,24.13,24.13,24.61,2202800.0,2041000.0,0,0,0,0,0,0,0,0,0,0,0,0,222,2026-02-03 08:17:36.779890
WNTR,24.94,24.75,24.94,2361900.0,2095500.0,0,0,0,0,0,0,0,0,0,0,0,0,222,2026-02-03 08:17:36.779890
SPNG,24.21,24.19,24.2,2192600.0,2039700.0,,,0,0,0,0,0,0,0,0,0,0,223,2026-02-03 08:17:37.810437
SMMR,25.5,25.46,25.48,2350200.0,2356900.0,7000.0,,0,0,0,0,0,0,0,0,0,0,223,2026-02-03 08:17:37.810437
ATMN,24.13,24.13,24.61,2202800.0,2041000.0,,,0,0,0,0,0,0,0,0,0,0,223,2026-02-03 08:17:37.810437
WNTR,24.89,24.76,24.86,2270100.0,2077500.0,,8750.0,0,0,0,0,0,0,0,0,0,0,223,2026-02-03 08:17:37.810437
SPNG,24.21,24.19,24.2,2162600.0,2039700.0,,0,0,0,0,0,0,0,0,0,0,0,224,2026-02-03 08:17:38.843417
SMMR,25.45,25.47,25.5,2234000.0,2472400.0,7000.0,0,0,0,0,0,0,0,0,0,0,0,224,2026-02-03 08:17:38.843417
ATMN,24.64,24.48,24.64,2196500.0,2028300.0,,0,0,0,0,0,0,0,0,0,0,0,224,2026-02-03 08:17:38.843417
WNTR,25.08,24.92,25.08,2264100.0,2095700.0,8750.0,0,0,0,0,0,0,0,0,0,0,0,224,2026-02-03 08:17:38.843417
SPNG,24.19,24.19,24.92,2054500.0,3500.0,2036800.0,0,0,0,0,0,0,0,0,0,0,0,225,2026-02-03 08:17:39.873412
SMMR,25.42,25.42,25.5,2322600.0,,2501300.0,0,0,0,0,0,0,0,0,0,0,0,225,2026-02-03 08:17:39.873412
ATMN,24.48,24.48,24.65,2196500.0,,2036300.0,0,0,0,0,0,0,0,0,0,0,0,225,2026-02-03 08:17:39.873412
WNTR,25.08,24.94,24.98,2399500.0,,2136300.0,0,0,0,0,0,0,0,0,0,0,0,225,2026-02-03 08:17:39.873412
SPNG,24.49,24.19,24.49,2157500.0,2050000.0,0,0,0,0,0,0,0,0,0,0,0,0,226,2026-02-03 08:17:40.904664
SMMR,25.42,25.48,25.5,2381900.0,2501300.0,0,0,0,0,0,0,0,0,0,0,0,0,226,2026-02-03 08:17:40.904664
ATMN,24.34,24.41,24.48,2162100.0,2076600.0,0,0,0,0,0,0,0,0,0,0,0,0,226,2026-02-03 08:17:40.904664
WNTR,24.94,24.94,25.08,2399500.0,2120500.0,0,0,0,0,0,0,0,0,0,0,0,0,226,2026-02-03 08:17:40.904664
SPNG,24.6,24.2,24.41,2168700.0,2038000.0,0,0,0,0,0,0,0,0,0,0,0,0,227,2026-02-03 08:17:41.444716
SMMR,25.5,25.52,25.56,2381900.0,2473800.0,0,0,0,0,0,0,0,0,0,0,0,0,227,2026-02-03 08:17:41.444716
ATMN,24.65,24.41,24.65,2143800.0,2036300.0,0,0,0,0,0,0,0,0,0,0,0,0,227,2026-02-03 08:17:41.444716
WNTR,24.94,24.94,25.0,2399500.0,2147100.0,0,0,0,0,0,0,0,0,0,0,0,0,227,2026-02-03 08:17:41.444716
SPNG,24.64,24.64,24.88,2163800.0,2054500.0,0,0,0,0,0,0,0,0,0,0,0,0,228,2026-02-03 08:17:42.477975
SMMR,25.56,25.48,25.56,2381900.0,2481400.0,0,0,0,0,0,0,0,0,0,0,0,0,228,2026-02-03 08:17:42.477975
ATMN,24.31,24.31,24.65,2179700.0,2058400.0,0,0,0,0,0,0,0,0,0,0,0,0,228,2026-02-03 08:17:42.477975
WNTR,24.72,24.72,24.97,2373300.0,2135800.0,0,0,0,0,0,0,0,0,0,0,0,0,228,2026-02-03 08:17:42.477975
SPNG,24.64,24.65,24.83,3500.0,2053600.0,2075200.0,,0,0,0,0,0,0,0,0,0,0,229,2026-02-03 08:17:43.513797
SMMR,25.57,25.49,25.54,7000.0,2260900.0,2354600.0,7000.0,0,0,0,0,0,0,0,0,0,0,229,2026-02-03 08:17:43.513797
ATMN,24.31,24.58,24.64,,2176600.0,1966700.0,5250.0,0,0,0,0,0,0,0,0,0,0,229,2026-02-03 08:17:43.513797
WNTR,24.96,24.72,24.96,,2372400.0,2015700.0,8750.0,0,0,0,0,0,0,0,0,0,0,229,2026-02-03 08:17:43.513797
SPNG,24.2,24.2,24.79,2168700.0,2090500.0,0,0,0,0,0,0,0,0,0,0,0,0,230,2026-02-03 08:17:44.555528
SMMR,25.55,25.55,25.57,2342000.0,2466600.0,0,0,0,0,0,0,0,0,0,0,0,0,230,2026-02-03 08:17:44.555528
ATMN,24.43,24.31,24.42,2179700.0,2070400.0,0,0,0,0,0,0,0,0,0,0,0,0,230,2026-02-03 08:17:44.555528
WNTR,25.0,24.72,24.92,2372400.0,2139000.0,0,0,0,0,0,0,0,0,0,0,0,0,230,2026-02-03 08:17:44.555528
SPNG,24.65,24.2,24.38,2168700.0,2116400.0,,,0,0,0,0,0,0,0,0,0,0,231,2026-02-03 08:17:45.590507
SMMR,25.55,25.55,25.57,2246100.0,2496000.0,7000.0,,0,0,0,0,0,0,0,0,0,0,231,2026-02-03 08:17:45.590507
ATMN,24.42,24.48,24.63,2162200.0,1966700.0,,5250.0,0,0,0,0,0,0,0,0,0,0,231,2026-02-03 08:17:45.590507
WNTR,24.92,24.74,24.92,2394500.0,2018900.0,,4850.0,0,0,0,0,0,0,0,0,0,0,231,2026-02-03 08:17:45.590507
SPNG,24.54,24.2,24.48,2168700.0,2123100.0,,0,0,0,0,0,0,0,0,0,0,0,232,2026-02-03 08:17:46.625527
SMMR,25.42,25.42,25.51,2337900.0,2516200.0,,0,0,0,0,0,0,0,0,0,0,0,232,2026-02-03 08:17:46.625527
ATMN,24.31,24.56,24.65,2157500.0,2085500.0,,0,0,0,0,0,0,0,0,0,0,0,232,2026-02-03 08:17:46.625527
WNTR,24.74,24.74,24.91,2369700.0,2018900.0,8750.0,0,0,0,0,0,0,0,0,0,0,0,232,2026-02-03 08:17:46.625527
SPNG,24.54,24.45,24.48,2153500.0,2095500.0,0,0,0,0,0,0,0,0,0,0,0,0,233,2026-02-03 08:17:47.663821
SMMR,25.57,25.45,25.57,2298600.0,2496000.0,0,0,0,0,0,0,0,0,0,0,0,0,233,2026-02-03 08:17:47.663821
ATMN,24.66,24.31,24.66,2163100.0,2044700.0,0,0,0,0,0,0,0,0,0,0,0,0,233,2026-02-03 08:17:47.663821
WNTR,24.74,24.89,24.92,2330800.0,2132000.0,0,0,0,0,0,0,0,0,0,0,0,0,233,2026-02-03 08:17:47.663821
SPNG,24.74,24.46,24.74,3500.0,2049300.0,2098000.0,,0,0,0,0,0,0,0,0,0,0,234,2026-02-03 08:17:48.706324
SMMR,25.57,25.45,25.57,,2371700.0,2492000.0,,0,0,0,0,0,0,0,0,0,0,234,2026-02-03 08:17:48.706324
ATMN,24.66,24.37,24.65,,2171200.0,1953400.0,5250.0,0,0,0,0,0,0,0,0,0,0,234,2026-02-03 08:17:48.706324
WNTR,24.93,24.93,25.0,,2349700.0,2139800.0,,0,0,0,0,0,0,0,0,0,0,234,2026-02-03 08:17:48.706324
SPNG,24.33,24.2,24.33,2168700.0,2089600.0,0,0,0,0,0,0,0,0,0,0,0,0,235,2026-02-03 08:17:49.733974
SMMR,25.57,25.51,25.57,2400300.0,2492000.0,0,0,0,0,0,0,0,0,0,0,0,0,235,2026-02-03 08:17:49.733974
ATMN,24.66,24.45,24.66,2134800.0,2048700.0,0,0,0,0,0,0,0,0,0,0,0,0,235,2026-02-03 08:17:49.733974
WNTR,24.85,24.85,24.98,2346100.0,2127900.0,0,0,0,0,0,0,0,0,0,0,0,0,235,2026-02-03 08:17:49.733974
SPNG,24.74,24.74,24.79,2035200.0,3500.0,2089200.0,,0,0,0,0,0,0,0,0,0,0,236,2026-02-03 08:17:50.764331
SMMR,25.51,25.52,25.57,2293300.0,7000.0,2484000.0,,0,0,0,0,0,0,0,0,0,0,236,2026-02-03 08:17:50.764331
ATMN,24.66,24.66,24.68,2129600.0,,2068800.0,,0,0,0,0,0,0,0,0,0,0,236,2026-02-03 08:17:50.764331
WNTR,24.85,24.76,24.78,2360500.0,,2011100.0,8750.0,0,0,0,0,0,0,0,0,0,0,236,2026-02-03 08:17:50.764331
SPNG,24.62,24.38,24.62,2151000.0,2108000.0,,0,0,0,0,0,0,0,0,0,0,0,237,2026-02-03 08:17:51.796285
SMMR,25.51,25.46,25.5,2403900.0,2440300.0,,0,0,0,0,0,0,0,0,0,0,0,237,2026-02-03 08:17:51.796285
ATMN,24.59,24.52,24.59,2156300.0,2032200.0,,0,0,0,0,0,0,0,0,0,0,0,237,2026-02-03 08:17:51.796285
WNTR,24.74,24.76,24.77,2358700.0,2011100.0,8750.0,0,0,0,0,0,0,0,0,0,0,0,237,2026-02-03 08:17:51.796285
SPNG,24.62,24.38,24.6,2151000.0,2080100.0,0,0,0,0,0,0,0,0,0,0,0,0,238,2026-02-03 08:17:52.825038
SMMR,25.46,25.46,25.5,2389100.0,2440300.0,0,0,0,0,0,0,0,0,0,0,0,0,238,2026-02-03 08:17:52.825038
ATMN,24.71,24.52,24.71,2131500.0,2086100.0,0,0,0,0,0,0,0,0,0,0,0,0,238,2026-02-03 08:17:52.825038
WNTR,24.78,24.78,24.98,2360400.0,2112000.0,0,0,0,0,0,0,0,0,0,0,0,0,238,2026-02-03 08:17:52.825038
SPNG,24.38,24.59,24.6,2133600.0,2086200.0,0,0,0,0,0,0,0,0,0,0,0,0,239,2026-02-03 08:17:53.852196
SMMR,25.57,25.45,25.57,2386200.0,2474600.0,0,0,0,0,0,0,0,0,0,0,0,0,239,2026-02-03 08:17:53.852196
ATMN,24.72,24.52,24.64,2110200.0,2066500.0,0,0,0,0,0,0,0,0,0,0,0,0,239,2026-02-03 08:17:53.852196
WNTR,24.78,24.78,24.93,2360400.0,2149500.0,0,0,0,0,0,0,0,0,0,0,0,0,239,2026-02-03 08:17:53.852196
SPNG,24.38,26.3,26.34,862900.0,726900.0,0,0,0,0,0,0,0,0,0,0,0,0,240,2026-02-03 08:17:54.879382
SMMR,25.42,24.55,25.0,938000.0,926000.0,0,0,0,0,0,0,0,0,0,0,0,0,240,2026-02-03 08:17:54.879382
ATMN,24.72,24.12,24.14,996900.0,814500.0,0,0,0,0,0,0,0,0,0,0,0,0,240,2026-02-03 08:17:54.879382
WNTR,26.73,26.15,26.37,897100.0,856400.0,0,0,0,0,0,0,0,0,0,0,0,0,240,2026-02-03 08:17:54.879382
SPNG,24.38,26.3,26.34,945500.0,944000.0,0,0,0,0,0,0,0,0,0,0,0,0,241,2026-02-03 08:17:55.909269
SMMR,24.55,24.55,25.0,980200.0,926000.0,0,0,0,0,0,0,0,0,0,0,0,0,241,2026-02-03 08:17:55.909269
ATMN,24.12,24.12,24.14,896900.0,814500.0,0,0,0,0,0,0,0,0,0,0,0,0,241,2026-02-03 08:17:55.909269
WNTR,26.37,26.44,26.52,1110500.0,840000.0,0,0,0,0,0,0,0,0,0,0,0,0,241,2026-02-03 08:17:55.909269
SPNG,26.3,26.12,26.23,942400.0,1048900.0,0,0,0,0,0,0,0,0,0,0,0,0,242,2026-02-03 08:17:56.940932
SMMR,24.53,24.44,24.48,1039600.0,1300800.0,0,0,0,0,0,0,0,0,0,0,0,0,242,2026-02-03 08:17:56.940932
ATMN,24.14,24.12,24.14,1006800.0,1010700.0,0,0,0,0,0,0,0,0,0,0,0,0,242,2026-02-03 08:17:56.940932
WNTR,26.88,26.75,26.79,1222300.0,1049100.0,0,0,0,0,0,0,0,0,0,0,0,0,242,2026-02-03 08:17:56.940932
SPNG,25.94,25.94,26.23,1032800.0,1048900.0,0,0,0,0,0,0,0,0,0,0,0,0,243,2026-02-03 08:17:57.972613
SMMR,24.53,24.45,24.48,1454900.0,1300800.0,0,0,0,0,0,0,0,0,0,0,0,0,243,2026-02-03 08:17:57.972613
ATMN,24.19,23.36,24.19,1157300.0,889300.0,0,0,0,0,0,0,0,0,0,0,0,0,243,2026-02-03 08:17:57.972613
WNTR,26.8,26.75,26.8,1110500.0,1165400.0,0,0,0,0,0,0,0,0,0,0,0,0,243,2026-02-03 08:17:57.972613
SPNG,26.65,26.05,26.65,1133800.0,913400.0,0,0,0,0,0,0,0,0,0,0,0,0,244,2026-02-03 08:17:59.009384
SMMR,24.48,24.57,24.62,1813600.0,1295900.0,0,0,0,0,0,0,0,0,0,0,0,0,244,2026-02-03 08:17:59.009384
ATMN,24.19,23.99,24.17,1245800.0,1078200.0,0,0,0,0,0,0,0,0,0,0,0,0,244,2026-02-03 08:17:59.009384
WNTR,26.75,26.59,26.68,1445200.0,1165400.0,0,0,0,0,0,0,0,0,0,0,0,0,244,2026-02-03 08:17:59.009384
SPNG,26.65,26.05,26.31,1133800.0,1004300.0,0,0,0,0,0,0,0,0,0,0,0,0,245,2026-02-03 08:17:59.539539
SMMR,24.48,24.57,24.62,1813600.0,1419200.0,0,0,0,0,0,0,0,0,0,0,0,0,245,2026-02-03 08:17:59.539539
ATMN,23.83,23.83,24.19,1146100.0,992700.0,0,0,0,0,0,0,0,0,0,0,0,0,245,2026-02-03 08:17:59.539539
WNTR,26.75,26.63,26.68,1632500.0,1165400.0,0,0,0,0,0,0,0,0,0,0,0,0,245,2026-02-03 08:17:59.539539
SPNG,26.65,26.2,26.3,1357000.0,3500.0,1009700.0,,0,0,0,0,0,0,0,0,0,0,246,2026-02-03 08:18:00.572969
SMMR,24.48,24.57,24.61,1945100.0,7000.0,1681200.0,,0,0,0,0,0,0,0,0,0,0,246,2026-02-03 08:18:00.572969
ATMN,23.83,23.95,24.18,1349300.0,5250.0,1083600.0,5250.0,0,0,0,0,0,0,0,0,0,0,246,2026-02-03 08:18:00.572969
WNTR,26.68,26.7,26.8,1849200.0,,1172200.0,,0,0,0,0,0,0,0,0,0,0,246,2026-02-03 08:18:00.572969
SPNG,26.2,26.2,26.36,1454200.0,1115400.0,,0,0,0,0,0,0,0,0,0,0,0,247,2026-02-03 08:18:01.606481
SMMR,24.55,24.55,24.57,1945700.0,1800500.0,,0,0,0,0,0,0,0,0,0,0,0,247,2026-02-03 08:18:01.606481
ATMN,23.87,23.87,24.02,1249200.0,1196500.0,,0,0,0,0,0,0,0,0,0,0,0,247,2026-02-03 08:18:01.606481
WNTR,26.83,26.85,26.88,1934100.0,1156600.0,8750.0,0,0,0,0,0,0,0,0,0,0,0,247,2026-02-03 08:18:01.606481
SPNG,26.2,26.21,26.35,3500.0,1570000.0,3500.0,1407700.0,0,0,0,0,0,0,0,0,0,0,248,2026-02-03 08:18:02.641891
SMMR,24.53,24.53,24.56,,1710900.0,7000.0,2055000.0,0,0,0,0,0,0,0,0,0,0,248,2026-02-03 08:18:02.641891
ATMN,23.83,23.89,24.02,,1238700.0,,1196500.0,0,0,0,0,0,0,0,0,0,0,248,2026-02-03 08:18:02.641891
WNTR,26.89,26.86,26.87,8750.0,1934100.0,,1239700.0,0,0,0,0,0,0,0,0,0,0,248,2026-02-03 08:18:02.641891
SPNG,26.36,26.11,26.36,1578500.0,1407700.0,0,0,0,0,0,0,0,0,0,0,0,0,249,2026-02-03 08:18:03.708857
SMMR,24.5,24.5,24.57,1733700.0,2198100.0,0,0,0,0,0,0,0,0,0,0,0,0,249,2026-02-03 08:18:03.708857
ATMN,24.22,23.89,24.22,1545700.0,980000.0,0,0,0,0,0,0,0,0,0,0,0,0,249,2026-02-03 08:18:03.708857
WNTR,26.63,26.63,26.8,1727400.0,1461700.0,0,0,0,0,0,0,0,0,0,0,0,0,249,2026-02-03 08:18:03.708857
SPNG,26.42,26.52,26.55,1684100.0,1294000.0,,,0,0,0,0,0,0,0,0,0,0,250,2026-02-03 08:18:04.747503
SMMR,24.45,24.53,24.56,1720000.0,2309600.0,7000.0,,0,0,0,0,0,0,0,0,0,0,250,2026-02-03 08:18:04.747503
ATMN,24.22,24.22,24.23,1668500.0,1105700.0,,5250.0,0,0,0,0,0,0,0,0,0,0,250,2026-02-03 08:18:04.747503
WNTR,26.79,26.64,26.79,1727400.0,1672900.0,,8750.0,0,0,0,0,0,0,0,0,0,0,250,2026-02-03 08:18:04.747503
SPNG,25.94,25.94,26.55,1399100.0,1369700.0,0,0,0,0,0,0,0,0,0,0,0,0,251,2026-02-03 08:18:05.779209
SMMR,24.61,24.56,24.61,1826000.0,2298900.0,0,0,0,0,0,0,0,0,0,0,0,0,251,2026-02-03 08:18:05.779209
ATMN,23.89,23.89,24.23,1545700.0,1205400.0,0,0,0,0,0,0,0,0,0,0,0,0,251,2026-02-03 08:18:05.779209
WNTR,26.6,26.6,26.66,1642200.0,1890800.0,0,0,0,0,0,0,0,0,0,0,0,0,251,2026-02-03 08:18:05.779209
SPNG,25.84,26.17,26.55,1374100.0,1369700.0,,0,0,0,0,0,0,0,0,0,0,0,252,2026-02-03 08:18:06.809610
SMMR,24.53,24.53,24.6,1720000.0,2350800.0,7000.0,0,0,0,0,0,0,0,0,0,0,0,252,2026-02-03 08:18:06.809610
ATMN,23.87,23.87,24.22,1572300.0,1294700.0,5250.0,0,0,0,0,0,0,0,0,0,0,0,252,2026-02-03 08:18:06.809610
WNTR,26.59,26.59,26.65,1680200.0,1890800.0,8750.0,0,0,0,0,0,0,0,0,0,0,0,252,2026-02-03 08:18:06.809610
SPNG,26.55,25.7,26.55,1084700.0,1369700.0,0,0,0,0,0,0,0,0,0,0,0,0,253,2026-02-03 08:18:07.836689
SMMR,24.53,24.54,24.55,1968500.0,2483100.0,0,0,0,0,0,0,0,0,0,0,0,0,253,2026-02-03 08:18:07.836689
ATMN,23.81,23.82,24.23,1390800.0,1294700.0,0,0,0,0,0,0,0,0,0,0,0,0,253,2026-02-03 08:18:07.836689
WNTR,26.59,26.59,26.66,1985800.0,1890800.0,0,0,0,0,0,0,0,0,0,0,0,0,253,2026-02-03 08:18:07.836689
