ticker,last_price,bid_price,ask_price,BUY_ANON,SELL_ANON,BUY_GIOT-3,BUY_ZUAI-2,SELL_UEBR-1,SELL_GIOT-4,BUY_WRSW-1,BUY_WRSW-2,BUY_GIOT-4,BUY_UEBR-1,SELL_GIOT-3,SELL_WRSW-2,SELL_WRSW-3,SELL_WRSW-1,BUY_WRSW-3,tick,timestamp,news_news_id,news_period,news_tick,news_ticker,news_headline,news_body
SPNG,0.0,24.91,25.05,2176700.0,2147800.0,0,0,0,0,0,0,0,0,0,0,0,0,0,1,2026-02-03 08:50:23.953352,2.0,1.0,1.0,,Aggregate Position Limit,Your CRO has set the aggregate position limit to 15000 shares for this week.
SMMR,0.0,24.85,24.95,2410600.0,2350300.0,0,0,0,0,0,0,0,0,0,0,0,0,0,1,2026-02-03 08:50:23.953352,1.0,1.0,1.0,,Welcome to the RITC 2026 Alogithmic Market Making Case - practice server,
ATMN,25.09,24.85,25.09,1631500.0,2328200.0,0,0,0,0,0,0,0,0,0,0,0,0,0,1,2026-02-03 08:50:23.953352,,,,,,
WNTR,25.01,24.99,25.01,1790500.0,2123200.0,0,0,0,0,0,0,0,0,0,0,0,0,0,1,2026-02-03 08:50:23.953352,,,,,,
SPNG,25.05,24.91,25.05,2170200.0,2147800.0,0,0,0,0,0,0,0,0,0,0,0,0,0,2,2026-02-03 08:50:24.988456
SMMR,24.93,24.93,25.05,2403900.0,2364300.0,0,0,0,0,0,0,0,0,0,0,0,0,0,2,2026-02-03 08:50:24.988456
ATMN,25.18,24.87,25.18,1746900.0,2328800.0,0,0,0,0,0,0,0,0,0,0,0,0,0,2,2026-02-03 08:50:24.988456
WNTR,25.08,24.99,25.08,1790500.0,2088100.0,0,0,0,0,0,0,0,0,0,0,0,0,0,2,2026-02-03 08:50:24.988456
SPNG,24.82,24.92,25.05,4285.0,2043200.0,2147800.0,,0,0,0,0,0,0,0,0,0,0,0,3,2026-02-03 08:50:26.028379
SMMR,24.93,24.85,24.87,,2371400.0,2254600.0,8570.0,0,0,0,0,0,0,0,0,0,0,0,3,2026-02-03 08:50:26.028379
ATMN,24.85,24.85,25.17,,1631500.0,2203200.0,6428.0,0,0,0,0,0,0,0,0,0,0,0,3,2026-02-03 08:50:26.028379
WNTR,24.97,24.98,25.07,,1808900.0,1922500.0,10712.0,0,0,0,0,0,0,0,0,0,0,0,3,2026-02-03 08:50:26.028379
SPNG,25.55,24.92,25.04,4285.0,2043200.0,4285.0,2074100.0,0,0,0,0,0,0,0,0,0,0,0,4,2026-02-03 08:50:27.056856
SMMR,24.87,24.9,25.04,,2358200.0,8570.0,2242500.0,0,0,0,0,0,0,0,0,0,0,0,4,2026-02-03 08:50:27.056856
ATMN,24.85,24.85,25.33,,1517400.0,,2338700.0,0,0,0,0,0,0,0,0,0,0,0,4,2026-02-03 08:50:27.056856
WNTR,25.08,25.09,25.1,10712.0,1939200.0,,2111000.0,0,0,0,0,0,0,0,0,0,0,0,4,2026-02-03 08:50:27.056856
SPNG,24.52,24.75,24.8,2157200.0,2052900.0,4285.0,,0,0,0,0,0,0,0,0,0,0,0,5,2026-02-03 08:50:28.098126
SMMR,24.83,24.83,25.03,2385600.0,2242500.0,8570.0,,0,0,0,0,0,0,0,0,0,0,0,5,2026-02-03 08:50:28.098126
ATMN,25.43,24.86,25.24,1517400.0,2302300.0,,6428.0,0,0,0,0,0,0,0,0,0,0,0,5,2026-02-03 08:50:28.098126
WNTR,25.0,25.0,25.09,2044300.0,2143100.0,,,0,0,0,0,0,0,0,0,0,0,0,5,2026-02-03 08:50:28.098126
SPNG,25.55,24.75,25.49,2162400.0,2187800.0,0,0,0,0,0,0,0,0,0,0,0,0,0,6,2026-02-03 08:50:29.129226
SMMR,25.06,24.83,24.94,2409900.0,2380100.0,0,0,0,0,0,0,0,0,0,0,0,0,0,6,2026-02-03 08:50:29.129226
ATMN,24.74,24.77,25.19,1557000.0,2295200.0,0,0,0,0,0,0,0,0,0,0,0,0,0,6,2026-02-03 08:50:29.129226
WNTR,24.97,24.97,25.06,1899700.0,2163000.0,0,0,0,0,0,0,0,0,0,0,0,0,0,6,2026-02-03 08:50:29.129226
SPNG,25.55,24.76,24.9,4285.0,2047000.0,2126300.0,,0,0,0,0,0,0,0,0,0,0,0,7,2026-02-03 08:50:30.164854
SMMR,24.93,24.84,24.87,8570.0,2268400.0,2404300.0,,0,0,0,0,0,0,0,0,0,0,0,7,2026-02-03 08:50:30.164854
ATMN,24.77,24.7,24.72,6428.0,1666800.0,2201800.0,6428.0,0,0,0,0,0,0,0,0,0,0,0,7,2026-02-03 08:50:30.164854
WNTR,24.97,24.9,24.92,,1931800.0,1965200.0,10712.0,0,0,0,0,0,0,0,0,0,0,0,7,2026-02-03 08:50:30.164854
SPNG,25.41,24.75,25.15,2133600.0,2128500.0,,0,0,0,0,0,0,0,0,0,0,0,0,8,2026-02-03 08:50:31.194520
SMMR,24.94,24.83,24.88,2390900.0,2274000.0,8570.0,0,0,0,0,0,0,0,0,0,0,0,0,8,2026-02-03 08:50:31.194520
ATMN,25.19,25.19,25.24,1912200.0,2298400.0,,0,0,0,0,0,0,0,0,0,0,0,0,8,2026-02-03 08:50:31.194520
WNTR,24.9,24.9,25.09,2149000.0,2143100.0,,0,0,0,0,0,0,0,0,0,0,0,0,8,2026-02-03 08:50:31.194520
SPNG,25.29,24.76,25.29,4285.0,2017100.0,2132300.0,,0,0,0,0,0,0,0,0,0,0,0,9,2026-02-03 08:50:32.228975
SMMR,24.94,24.84,24.94,8570.0,2290800.0,2380100.0,,0,0,0,0,0,0,0,0,0,0,0,9,2026-02-03 08:50:32.228975
ATMN,25.19,25.19,25.24,6428.0,1912200.0,2293000.0,,0,0,0,0,0,0,0,0,0,0,0,9,2026-02-03 08:50:32.228975
WNTR,25.1,25.01,25.08,10000.0,2042000.0,1905900.0,10712.0,0,0,0,0,0,0,0,0,0,0,0,9,2026-02-03 08:50:32.228975
SPNG,25.48,24.76,25.48,4285.0,2007500.0,2134300.0,0,0,0,0,0,0,0,0,0,0,0,0,10,2026-02-03 08:50:33.275774
SMMR,24.94,24.96,25.05,,2429300.0,2367700.0,0,0,0,0,0,0,0,0,0,0,0,0,10,2026-02-03 08:50:33.275774
ATMN,25.11,24.69,25.11,,1777100.0,2299400.0,0,0,0,0,0,0,0,0,0,0,0,0,10,2026-02-03 08:50:33.275774
WNTR,25.01,25.01,25.04,,2156400.0,2108600.0,0,0,0,0,0,0,0,0,0,0,0,0,10,2026-02-03 08:50:33.275774
SPNG,24.75,24.75,25.48,2129800.0,2134300.0,0,0,0,0,0,0,0,0,0,0,0,0,0,11,2026-02-03 08:50:34.328813
SMMR,24.94,24.96,25.05,2429300.0,2384100.0,0,0,0,0,0,0,0,0,0,0,0,0,0,11,2026-02-03 08:50:34.328813
ATMN,25.42,24.74,25.14,1900200.0,2299000.0,0,0,0,0,0,0,0,0,0,0,0,0,0,11,2026-02-03 08:50:34.328813
WNTR,24.88,24.88,25.04,2036800.0,2134600.0,0,0,0,0,0,0,0,0,0,0,0,0,0,11,2026-02-03 08:50:34.328813
SPNG,24.75,24.75,25.48,2129800.0,2131700.0,0,0,0,0,0,0,0,0,0,0,0,0,0,12,2026-02-03 08:50:34.922400
SMMR,24.94,24.96,24.99,2446500.0,2389300.0,0,0,0,0,0,0,0,0,0,0,0,0,0,12,2026-02-03 08:50:34.922400
ATMN,25.14,25.18,25.42,2018900.0,2289400.0,0,0,0,0,0,0,0,0,0,0,0,0,0,12,2026-02-03 08:50:34.922400
WNTR,25.08,24.88,25.08,2036800.0,2145200.0,0,0,0,0,0,0,0,0,0,0,0,0,0,12,2026-02-03 08:50:34.922400
SPNG,25.33,24.76,25.07,4285.0,2007500.0,2029800.0,4285.0,0,0,0,0,0,0,0,0,0,0,0,13,2026-02-03 08:50:35.954176
SMMR,25.05,24.97,25.05,8570.0,2322500.0,2384100.0,,0,0,0,0,0,0,0,0,0,0,0,13,2026-02-03 08:50:35.954176
ATMN,25.18,24.74,25.11,,1900200.0,2308000.0,,0,0,0,0,0,0,0,0,0,0,0,13,2026-02-03 08:50:35.954176
WNTR,25.08,24.88,25.03,,2154200.0,1909600.0,10712.0,0,0,0,0,0,0,0,0,0,0,0,13,2026-02-03 08:50:35.954176
SPNG,25.33,24.97,25.07,1975400.0,4285.0,2126000.0,,0,0,0,0,0,0,0,0,0,0,0,14,2026-02-03 08:50:36.991575
SMMR,25.07,24.97,25.07,2379600.0,,2384600.0,,0,0,0,0,0,0,0,0,0,0,0,14,2026-02-03 08:50:36.991575
ATMN,25.43,24.86,25.22,2037700.0,6428.0,2301900.0,,0,0,0,0,0,0,0,0,0,0,0,14,2026-02-03 08:50:36.991575
WNTR,25.03,24.88,24.93,2114900.0,,2001900.0,712.0,0,0,0,0,0,0,0,0,0,0,0,14,2026-02-03 08:50:36.991575
SPNG,24.75,24.75,25.06,2102700.0,4285.0,2029800.0,0,0,0,0,0,0,0,0,0,0,0,0,15,2026-02-03 08:50:38.021472
SMMR,25.07,24.97,25.07,2385900.0,,2384600.0,0,0,0,0,0,0,0,0,0,0,0,0,15,2026-02-03 08:50:38.021472
ATMN,25.43,24.86,25.22,2297100.0,,2301900.0,0,0,0,0,0,0,0,0,0,0,0,0,15,2026-02-03 08:50:38.021472
WNTR,25.03,24.88,24.93,2099200.0,,2111300.0,0,0,0,0,0,0,0,0,0,0,0,0,15,2026-02-03 08:50:38.021472
SPNG,25.49,24.71,25.49,2109700.0,2140800.0,,,0,0,0,0,0,0,0,0,0,0,0,16,2026-02-03 08:50:39.054568
SMMR,25.07,24.98,25.0,2304700.0,2268500.0,8570.0,8570.0,0,0,0,0,0,0,0,0,0,0,0,16,2026-02-03 08:50:39.054568
ATMN,25.43,25.01,25.2,2194700.0,2218900.0,6428.0,6428.0,0,0,0,0,0,0,0,0,0,0,0,16,2026-02-03 08:50:39.054568
WNTR,24.94,24.98,25.03,2087900.0,2145500.0,,,0,0,0,0,0,0,0,0,0,0,0,16,2026-02-03 08:50:39.054568
SPNG,25.49,25.29,25.34,2095500.0,2124000.0,0,0,0,0,0,0,0,0,0,0,0,0,0,17,2026-02-03 08:50:40.101362
SMMR,24.94,24.94,24.97,2419300.0,2400200.0,0,0,0,0,0,0,0,0,0,0,0,0,0,17,2026-02-03 08:50:40.101362
ATMN,25.43,25.15,25.2,2311700.0,2358900.0,0,0,0,0,0,0,0,0,0,0,0,0,0,17,2026-02-03 08:50:40.101362
WNTR,24.93,24.93,25.03,2077100.0,2145500.0,0,0,0,0,0,0,0,0,0,0,0,0,0,17,2026-02-03 08:50:40.101362
SPNG,25.34,24.71,25.34,2116900.0,2124000.0,,0,0,0,0,0,0,0,0,0,0,0,0,18,2026-02-03 08:50:41.132867
SMMR,24.97,24.94,24.97,2452700.0,2400200.0,,0,0,0,0,0,0,0,0,0,0,0,0,18,2026-02-03 08:50:41.132867
ATMN,25.01,25.16,25.2,2194700.0,2341900.0,6428.0,0,0,0,0,0,0,0,0,0,0,0,0,18,2026-02-03 08:50:41.132867
WNTR,25.05,24.99,25.0,1991100.0,2138700.0,10000.0,0,0,0,0,0,0,0,0,0,0,0,0,18,2026-02-03 08:50:41.132867
SPNG,24.61,24.61,25.33,2162700.0,4285.0,2027800.0,,0,0,0,0,0,0,0,0,0,0,0,19,2026-02-03 08:50:42.168888
SMMR,25.18,24.94,25.13,2465100.0,8570.0,2236100.0,,0,0,0,0,0,0,0,0,0,0,0,19,2026-02-03 08:50:42.168888
ATMN,24.86,24.74,24.8,2262900.0,6428.0,2217100.0,,0,0,0,0,0,0,0,0,0,0,0,19,2026-02-03 08:50:42.168888
WNTR,25.1,25.03,25.1,1899900.0,,2128700.0,10712.0,0,0,0,0,0,0,0,0,0,0,0,19,2026-02-03 08:50:42.168888
SPNG,25.63,24.28,25.63,2170200.0,2106700.0,0,0,0,0,0,0,0,0,0,0,0,0,0,20,2026-02-03 08:50:43.214351
SMMR,25.13,25.13,25.18,2451700.0,2347800.0,0,0,0,0,0,0,0,0,0,0,0,0,0,20,2026-02-03 08:50:43.214351
ATMN,24.8,24.88,25.2,2270600.0,2324200.0,0,0,0,0,0,0,0,0,0,0,0,0,0,20,2026-02-03 08:50:43.214351
WNTR,25.1,25.06,25.1,2150000.0,2140300.0,0,0,0,0,0,0,0,0,0,0,0,0,0,20,2026-02-03 08:50:43.214351
SPNG,24.55,25.44,25.62,2031700.0,4285.0,4285.0,1984900.0,0,0,0,0,0,0,0,0,0,0,0,21,2026-02-03 08:50:44.250200
SMMR,24.94,24.94,25.16,2465100.0,,,2380600.0,0,0,0,0,0,0,0,0,0,0,0,21,2026-02-03 08:50:44.250200
ATMN,24.8,25.08,25.19,2244000.0,,6428.0,2212300.0,0,0,0,0,0,0,0,0,0,0,0,21,2026-02-03 08:50:44.250200
WNTR,25.1,25.09,25.1,1962900.0,10712.0,,2122700.0,0,0,0,0,0,0,0,0,0,0,0,21,2026-02-03 08:50:44.250200
SPNG,25.44,24.73,25.23,2135600.0,2089700.0,0,0,0,0,0,0,0,0,0,0,0,0,0,22,2026-02-03 08:50:45.287330
SMMR,24.94,24.94,25.03,2431300.0,2345000.0,0,0,0,0,0,0,0,0,0,0,0,0,0,22,2026-02-03 08:50:45.287330
ATMN,24.83,24.83,24.88,2264300.0,2347200.0,0,0,0,0,0,0,0,0,0,0,0,0,0,22,2026-02-03 08:50:45.287330
WNTR,25.14,25.09,25.14,2150800.0,2121700.0,0,0,0,0,0,0,0,0,0,0,0,0,0,22,2026-02-03 08:50:45.287330
SPNG,25.74,24.74,25.22,4285.0,2039100.0,4285.0,1987000.0,0,0,0,0,0,0,0,0,0,0,0,23,2026-02-03 08:50:46.323736
SMMR,24.94,24.97,25.02,8570.0,2267700.0,,2379700.0,0,0,0,0,0,0,0,0,0,0,0,23,2026-02-03 08:50:46.323736
ATMN,25.1,25.1,25.2,,2259900.0,,2342900.0,0,0,0,0,0,0,0,0,0,0,0,23,2026-02-03 08:50:46.323736
WNTR,25.06,25.13,25.14,10712.0,1927000.0,,2096000.0,0,0,0,0,0,0,0,0,0,0,0,23,2026-02-03 08:50:46.323736
SPNG,25.74,24.73,25.46,2130200.0,2044800.0,0,0,0,0,0,0,0,0,0,0,0,0,0,24,2026-02-03 08:50:46.961490
SMMR,25.03,24.97,24.99,2403100.0,2398200.0,0,0,0,0,0,0,0,0,0,0,0,0,0,24,2026-02-03 08:50:46.961490
ATMN,25.04,25.15,25.2,2234800.0,2324200.0,0,0,0,0,0,0,0,0,0,0,0,0,0,24,2026-02-03 08:50:46.961490
WNTR,25.16,25.13,25.16,2167700.0,2096000.0,0,0,0,0,0,0,0,0,0,0,0,0,0,24,2026-02-03 08:50:46.961490
SPNG,25.74,24.74,25.25,4285.0,2039100.0,1984400.0,4285.0,0,0,0,0,0,0,0,0,0,0,0,25,2026-02-03 08:50:48.009304
SMMR,24.97,24.97,24.99,,2369800.0,2398200.0,,0,0,0,0,0,0,0,0,0,0,0,25,2026-02-03 08:50:48.009304
ATMN,24.79,24.79,25.2,,2275700.0,2324200.0,,0,0,0,0,0,0,0,0,0,0,0,25,2026-02-03 08:50:48.009304
WNTR,25.13,25.14,25.16,10712.0,1930500.0,2122100.0,,0,0,0,0,0,0,0,0,0,0,0,25,2026-02-03 08:50:48.009304
SPNG,24.73,24.73,25.25,2125500.0,2094400.0,0,0,0,0,0,0,0,0,0,0,0,0,0,26,2026-02-03 08:50:49.037101
SMMR,25.05,25.05,25.16,2384100.0,2384500.0,0,0,0,0,0,0,0,0,0,0,0,0,0,26,2026-02-03 08:50:49.037101
ATMN,24.79,24.81,25.2,2250600.0,2324200.0,0,0,0,0,0,0,0,0,0,0,0,0,0,26,2026-02-03 08:50:49.037101
WNTR,25.03,25.15,25.16,2110500.0,2122100.0,0,0,0,0,0,0,0,0,0,0,0,0,0,26,2026-02-03 08:50:49.037101
SPNG,24.73,25.11,25.24,2137200.0,4285.0,1992000.0,,0,0,0,0,0,0,0,0,0,0,0,27,2026-02-03 08:50:50.080225
SMMR,25.05,25.06,25.07,2263400.0,,2435600.0,8570.0,0,0,0,0,0,0,0,0,0,0,0,27,2026-02-03 08:50:50.080225
ATMN,25.09,24.81,24.87,2281600.0,6428.0,2227000.0,,0,0,0,0,0,0,0,0,0,0,0,27,2026-02-03 08:50:50.080225
WNTR,25.18,25.15,25.18,1903000.0,,2115300.0,10712.0,0,0,0,0,0,0,0,0,0,0,0,27,2026-02-03 08:50:50.080225
SPNG,25.11,24.73,25.03,2133700.0,2120800.0,0,0,0,0,0,0,0,0,0,0,0,0,0,28,2026-02-03 08:50:51.113068
SMMR,25.04,25.04,25.07,2378300.0,2437900.0,0,0,0,0,0,0,0,0,0,0,0,0,0,28,2026-02-03 08:50:51.113068
ATMN,25.22,24.84,25.22,2299900.0,2310600.0,0,0,0,0,0,0,0,0,0,0,0,0,0,28,2026-02-03 08:50:51.113068
WNTR,25.23,25.15,25.23,2110500.0,2125300.0,0,0,0,0,0,0,0,0,0,0,0,0,0,28,2026-02-03 08:50:51.113068
SPNG,24.42,24.42,25.25,2125200.0,2097300.0,0,0,0,0,0,0,0,0,0,0,0,0,0,29,2026-02-03 08:50:52.145465
SMMR,24.93,24.93,25.07,2432200.0,2435700.0,0,0,0,0,0,0,0,0,0,0,0,0,0,29,2026-02-03 08:50:52.145465
ATMN,25.22,24.87,25.22,2293800.0,2310600.0,0,0,0,0,0,0,0,0,0,0,0,0,0,29,2026-02-03 08:50:52.145465
WNTR,25.15,25.03,25.14,2083000.0,2124900.0,0,0,0,0,0,0,0,0,0,0,0,0,0,29,2026-02-03 08:50:52.145465
SPNG,25.38,24.42,25.38,2125200.0,2091500.0,,,0,0,0,0,0,0,0,0,0,0,0,30,2026-02-03 08:50:53.178380
SMMR,24.93,25.05,25.06,2279500.0,2283900.0,8570.0,8570.0,0,0,0,0,0,0,0,0,0,0,0,30,2026-02-03 08:50:53.178380
ATMN,25.25,24.97,25.25,2330700.0,2329000.0,,,0,0,0,0,0,0,0,0,0,0,0,30,2026-02-03 08:50:53.178380
WNTR,25.23,25.03,25.23,2097200.0,2125300.0,,,0,0,0,0,0,0,0,0,0,0,0,30,2026-02-03 08:50:53.178380
SPNG,24.56,24.65,25.37,2021300.0,4285.0,4285.0,1967000.0,0,0,0,0,0,0,0,0,0,0,0,31,2026-02-03 08:50:54.210764
SMMR,25.05,24.97,25.02,2402000.0,,8570.0,2268400.0,0,0,0,0,0,0,0,0,0,0,0,31,2026-02-03 08:50:54.210764
ATMN,24.97,24.98,25.25,2236800.0,6428.0,,2329000.0,0,0,0,0,0,0,0,0,0,0,0,31,2026-02-03 08:50:54.210764
WNTR,25.04,25.0,25.01,2079300.0,,10000.0,1978100.0,0,0,0,0,0,0,0,0,0,0,0,31,2026-02-03 08:50:54.210764
SPNG,24.56,24.76,24.84,1991800.0,4285.0,1962100.0,4285.0,0,0,0,0,0,0,0,0,0,0,0,32,2026-02-03 08:50:55.247616
SMMR,25.05,24.99,25.02,2422700.0,,2286700.0,8570.0,0,0,0,0,0,0,0,0,0,0,0,32,2026-02-03 08:50:55.247616
ATMN,25.12,24.98,25.12,2243800.0,6428.0,2168700.0,6428.0,0,0,0,0,0,0,0,0,0,0,0,32,2026-02-03 08:50:55.247616
WNTR,25.15,25.0,25.15,2113400.0,,2015000.0,712.0,0,0,0,0,0,0,0,0,0,0,0,32,2026-02-03 08:50:55.247616
SPNG,25.45,24.76,25.45,2107800.0,2071800.0,0,0,0,0,0,0,0,0,0,0,0,0,0,33,2026-02-03 08:50:56.279668
SMMR,24.97,24.97,25.07,2402000.0,2407800.0,0,0,0,0,0,0,0,0,0,0,0,0,0,33,2026-02-03 08:50:56.279668
ATMN,24.87,24.87,25.31,2348100.0,2314100.0,0,0,0,0,0,0,0,0,0,0,0,0,0,33,2026-02-03 08:50:56.279668
WNTR,25.23,25.03,25.23,2149700.0,2130200.0,0,0,0,0,0,0,0,0,0,0,0,0,0,33,2026-02-03 08:50:56.279668
SPNG,24.88,24.77,24.88,4285.0,1996700.0,2068700.0,,0,0,0,0,0,0,0,0,0,0,0,34,2026-02-03 08:50:57.309268
SMMR,24.97,24.97,25.04,,2400900.0,2285100.0,6300.0,0,0,0,0,0,0,0,0,0,0,0,34,2026-02-03 08:50:57.309268
ATMN,25.31,25.35,25.37,6428.0,2252700.0,2307100.0,,0,0,0,0,0,0,0,0,0,0,0,34,2026-02-03 08:50:57.309268
WNTR,25.23,25.03,25.07,,2152800.0,2124500.0,,0,0,0,0,0,0,0,0,0,0,0,34,2026-02-03 08:50:57.309268
SPNG,25.46,24.77,24.86,4285.0,1996700.0,1948800.0,4285.0,0,0,0,0,0,0,0,0,0,0,0,35,2026-02-03 08:50:58.339305
SMMR,25.04,24.96,25.04,,2394900.0,2285100.0,6300.0,0,0,0,0,0,0,0,0,0,0,0,35,2026-02-03 08:50:58.339305
ATMN,25.35,24.94,25.11,6428.0,2247800.0,2245800.0,,0,0,0,0,0,0,0,0,0,0,0,35,2026-02-03 08:50:58.339305
WNTR,25.16,25.03,25.16,,2152800.0,2014200.0,700.0,0,0,0,0,0,0,0,0,0,0,0,35,2026-02-03 08:50:58.339305
SPNG,24.86,24.95,25.46,2000100.0,4285.0,2082700.0,,0,0,0,0,0,0,0,0,0,0,0,36,2026-02-03 08:50:59.383704
SMMR,24.96,24.96,24.98,2381300.0,,2273200.0,6300.0,0,0,0,0,0,0,0,0,0,0,0,36,2026-02-03 08:50:59.383704
ATMN,25.34,24.99,25.11,2394700.0,,2265300.0,,0,0,0,0,0,0,0,0,0,0,0,36,2026-02-03 08:50:59.383704
WNTR,25.03,25.03,25.13,2152800.0,,2109000.0,,0,0,0,0,0,0,0,0,0,0,0,36,2026-02-03 08:50:59.383704
SPNG,24.95,24.95,25.25,2000100.0,4285.0,2075800.0,,0,0,0,0,0,0,0,0,0,0,0,37,2026-02-03 08:51:00.122734
SMMR,24.93,24.93,24.98,2377300.0,,2273200.0,6300.0,0,0,0,0,0,0,0,0,0,0,0,37,2026-02-03 08:51:00.122734
ATMN,25.11,24.99,25.11,2401000.0,,2265300.0,,0,0,0,0,0,0,0,0,0,0,0,37,2026-02-03 08:51:00.122734
WNTR,25.03,25.03,25.12,2166000.0,,2109000.0,,0,0,0,0,0,0,0,0,0,0,0,37,2026-02-03 08:51:00.122734
SPNG,25.25,25.11,25.25,2108700.0,2075800.0,0,0,0,0,0,0,0,0,0,0,0,0,0,38,2026-02-03 08:51:01.217402
SMMR,24.93,24.93,24.98,2375500.0,2405400.0,0,0,0,0,0,0,0,0,0,0,0,0,0,38,2026-02-03 08:51:01.217402
ATMN,25.37,24.99,25.11,2401000.0,2261500.0,0,0,0,0,0,0,0,0,0,0,0,0,0,38,2026-02-03 08:51:01.217402
WNTR,25.03,25.03,25.13,2166000.0,2102700.0,0,0,0,0,0,0,0,0,0,0,0,0,0,38,2026-02-03 08:51:01.217402
SPNG,25.25,25.11,25.24,1995200.0,4285.0,4285.0,1974300.0,0,0,0,0,0,0,0,0,0,0,0,39,2026-02-03 08:51:02.304933
SMMR,24.93,24.93,24.96,2375500.0,,6300.0,2353600.0,0,0,0,0,0,0,0,0,0,0,0,39,2026-02-03 08:51:02.304933
ATMN,25.37,25.01,25.09,2280700.0,6428.0,6428.0,2127200.0,0,0,0,0,0,0,0,0,0,0,0,39,2026-02-03 08:51:02.304933
WNTR,25.13,25.03,25.08,2166000.0,,700.0,2011100.0,0,0,0,0,0,0,0,0,0,0,0,39,2026-02-03 08:51:02.304933
SPNG,25.11,24.76,25.1,2105200.0,2097400.0,0,0,0,0,0,0,0,0,0,0,0,0,0,40,2026-02-03 08:51:03.335753
SMMR,25.0,24.93,25.0,2375500.0,2456900.0,0,0,0,0,0,0,0,0,0,0,0,0,0,40,2026-02-03 08:51:03.335753
ATMN,25.1,24.99,25.1,2402800.0,2241500.0,0,0,0,0,0,0,0,0,0,0,0,0,0,40,2026-02-03 08:51:03.335753
WNTR,25.16,25.03,25.16,2153000.0,2122400.0,0,0,0,0,0,0,0,0,0,0,0,0,0,40,2026-02-03 08:51:03.335753
SPNG,25.11,24.83,25.09,1977900.0,4285.0,4285.0,1999000.0,0,0,0,0,0,0,0,0,0,0,0,41,2026-02-03 08:51:04.365007
SMMR,25.0,24.93,25.0,2387900.0,,,2429000.0,0,0,0,0,0,0,0,0,0,0,0,41,2026-02-03 08:51:04.365007
ATMN,25.03,25.03,25.11,2444900.0,,,2277200.0,0,0,0,0,0,0,0,0,0,0,0,41,2026-02-03 08:51:04.365007
WNTR,25.16,25.03,25.16,2165400.0,,,2122400.0,0,0,0,0,0,0,0,0,0,0,0,41,2026-02-03 08:51:04.365007
SPNG,24.83,24.83,25.1,2086700.0,2098900.0,,0,0,0,0,0,0,0,0,0,0,0,0,42,2026-02-03 08:51:05.396836
SMMR,24.92,24.92,24.99,2418700.0,2309600.0,6300.0,0,0,0,0,0,0,0,0,0,0,0,0,42,2026-02-03 08:51:05.396836
ATMN,25.2,24.99,25.2,2430600.0,2269300.0,,0,0,0,0,0,0,0,0,0,0,0,0,42,2026-02-03 08:51:05.396836
WNTR,25.03,25.03,25.16,2149300.0,2122400.0,,0,0,0,0,0,0,0,0,0,0,0,0,42,2026-02-03 08:51:05.396836
SPNG,24.83,24.83,25.09,2086700.0,4285.0,2008200.0,0,0,0,0,0,0,0,0,0,0,0,0,43,2026-02-03 08:51:06.447699
SMMR,24.92,24.93,24.98,2427900.0,6300.0,2284300.0,0,0,0,0,0,0,0,0,0,0,0,0,43,2026-02-03 08:51:06.447699
ATMN,25.03,25.03,25.2,2425700.0,,2260200.0,0,0,0,0,0,0,0,0,0,0,0,0,43,2026-02-03 08:51:06.447699
WNTR,25.03,25.13,25.16,2169400.0,,2108100.0,0,0,0,0,0,0,0,0,0,0,0,0,43,2026-02-03 08:51:06.447699
SPNG,25.1,24.83,25.1,2086700.0,2092800.0,0,0,0,0,0,0,0,0,0,0,0,0,0,44,2026-02-03 08:51:07.011757
SMMR,24.92,24.92,24.99,2422800.0,2415200.0,0,0,0,0,0,0,0,0,0,0,0,0,0,44,2026-02-03 08:51:07.011757
ATMN,25.03,24.99,25.02,2430600.0,2258900.0,0,0,0,0,0,0,0,0,0,0,0,0,0,44,2026-02-03 08:51:07.011757
WNTR,25.24,25.13,25.24,2169400.0,2106400.0,0,0,0,0,0,0,0,0,0,0,0,0,0,44,2026-02-03 08:51:07.011757
SPNG,25.13,24.84,25.08,4285.0,1977900.0,2135000.0,,0,0,0,0,0,0,0,0,0,0,0,45,2026-02-03 08:51:08.056505
SMMR,24.99,24.92,24.95,,2426700.0,2315900.0,6300.0,0,0,0,0,0,0,0,0,0,0,0,45,2026-02-03 08:51:08.056505
ATMN,24.99,24.99,25.02,,2430000.0,2258900.0,,0,0,0,0,0,0,0,0,0,0,0,45,2026-02-03 08:51:08.056505
WNTR,25.08,25.06,25.08,,2160600.0,1907000.0,10712.0,0,0,0,0,0,0,0,0,0,0,0,45,2026-02-03 08:51:08.056505
SPNG,25.08,24.83,25.08,2086800.0,2135000.0,0,0,0,0,0,0,0,0,0,0,0,0,0,46,2026-02-03 08:51:09.091135
SMMR,24.95,24.92,24.95,2426700.0,2424600.0,0,0,0,0,0,0,0,0,0,0,0,0,0,46,2026-02-03 08:51:09.091135
ATMN,25.07,25.08,25.27,2439000.0,2255900.0,0,0,0,0,0,0,0,0,0,0,0,0,0,46,2026-02-03 08:51:09.091135
WNTR,25.08,25.1,25.24,2165000.0,2106400.0,0,0,0,0,0,0,0,0,0,0,0,0,0,46,2026-02-03 08:51:09.091135
SPNG,25.2,24.73,25.2,2067700.0,2088600.0,0,0,0,0,0,0,0,0,0,0,0,0,0,47,2026-02-03 08:51:10.122568
SMMR,24.9,24.9,25.01,2431600.0,2383000.0,0,0,0,0,0,0,0,0,0,0,0,0,0,47,2026-02-03 08:51:10.122568
ATMN,25.35,24.94,25.34,2411200.0,2225800.0,0,0,0,0,0,0,0,0,0,0,0,0,0,47,2026-02-03 08:51:10.122568
WNTR,25.06,25.06,25.11,2155700.0,2096600.0,0,0,0,0,0,0,0,0,0,0,0,0,0,47,2026-02-03 08:51:10.122568
SPNG,25.21,25.05,25.21,2054800.0,2063500.0,,,0,0,0,0,0,0,0,0,0,0,0,48,2026-02-03 08:51:11.161755
SMMR,24.87,24.87,24.94,2450700.0,2278500.0,6300.0,,0,0,0,0,0,0,0,0,0,0,0,48,2026-02-03 08:51:11.161755
ATMN,25.35,25.1,25.35,2329000.0,2261300.0,,6428.0,0,0,0,0,0,0,0,0,0,0,0,48,2026-02-03 08:51:11.161755
WNTR,25.18,25.18,25.23,2107100.0,1893700.0,10712.0,,0,0,0,0,0,0,0,0,0,0,0,48,2026-02-03 08:51:11.161755
SPNG,24.73,24.73,25.1,2067700.0,1976300.0,4285.0,0,0,0,0,0,0,0,0,0,0,0,0,49,2026-02-03 08:51:12.192046
SMMR,25.01,24.87,25.01,2450700.0,2392300.0,,0,0,0,0,0,0,0,0,0,0,0,0,49,2026-02-03 08:51:12.192046
ATMN,25.35,25.1,25.27,2432900.0,2223000.0,,0,0,0,0,0,0,0,0,0,0,0,0,49,2026-02-03 08:51:12.192046
WNTR,25.26,25.05,25.26,2133200.0,2108100.0,,0,0,0,0,0,0,0,0,0,0,0,0,49,2026-02-03 08:51:12.192046
SPNG,24.73,24.73,25.04,2078500.0,2068700.0,0,0,0,0,0,0,0,0,0,0,0,0,0,50,2026-02-03 08:51:13.227213
SMMR,24.85,24.85,24.9,2474400.0,2396100.0,0,0,0,0,0,0,0,0,0,0,0,0,0,50,2026-02-03 08:51:13.227213
ATMN,25.19,25.24,25.31,2457000.0,2227500.0,0,0,0,0,0,0,0,0,0,0,0,0,0,50,2026-02-03 08:51:13.227213
WNTR,25.08,25.05,25.08,2128200.0,2109800.0,0,0,0,0,0,0,0,0,0,0,0,0,0,50,2026-02-03 08:51:13.227213
SPNG,24.67,24.88,25.03,2123100.0,4285.0,1989100.0,,0,0,0,0,0,0,0,0,0,0,0,51,2026-02-03 08:51:14.263772
SMMR,24.84,24.84,25.02,2460800.0,8570.0,2276200.0,,0,0,0,0,0,0,0,0,0,0,0,51,2026-02-03 08:51:14.263772
ATMN,25.19,25.25,25.31,2333100.0,,2241200.0,6428.0,0,0,0,0,0,0,0,0,0,0,0,51,2026-02-03 08:51:14.263772
WNTR,25.08,25.06,25.08,1916900.0,,2098700.0,10712.0,0,0,0,0,0,0,0,0,0,0,0,51,2026-02-03 08:51:14.263772
SPNG,24.88,24.88,25.04,2096800.0,2075300.0,0,0,0,0,0,0,0,0,0,0,0,0,0,52,2026-02-03 08:51:15.306167
SMMR,24.83,24.83,25.03,2391500.0,2386900.0,0,0,0,0,0,0,0,0,0,0,0,0,0,52,2026-02-03 08:51:15.306167
ATMN,25.25,25.24,25.25,2457000.0,2222200.0,0,0,0,0,0,0,0,0,0,0,0,0,0,52,2026-02-03 08:51:15.306167
WNTR,25.09,25.2,25.26,2109100.0,2123700.0,0,0,0,0,0,0,0,0,0,0,0,0,0,52,2026-02-03 08:51:15.306167
SPNG,25.04,24.88,25.04,2113100.0,2075300.0,,0,0,0,0,0,0,0,0,0,0,0,0,53,2026-02-03 08:51:16.345572
SMMR,24.83,24.83,25.02,2391500.0,2265800.0,8570.0,0,0,0,0,0,0,0,0,0,0,0,0,53,2026-02-03 08:51:16.345572
ATMN,25.08,25.05,25.08,2414300.0,2142100.0,6428.0,0,0,0,0,0,0,0,0,0,0,0,0,53,2026-02-03 08:51:16.345572
WNTR,25.2,25.13,25.19,2107600.0,2135800.0,,0,0,0,0,0,0,0,0,0,0,0,0,53,2026-02-03 08:51:16.345572
SPNG,25.04,24.88,25.04,2081200.0,2075300.0,0,0,0,0,0,0,0,0,0,0,0,0,0,54,2026-02-03 08:51:17.381457
SMMR,24.81,24.87,25.03,2402400.0,2396700.0,0,0,0,0,0,0,0,0,0,0,0,0,0,54,2026-02-03 08:51:17.381457
ATMN,25.25,25.05,25.25,2463300.0,2222200.0,0,0,0,0,0,0,0,0,0,0,0,0,0,54,2026-02-03 08:51:17.381457
WNTR,25.05,25.05,25.19,2128200.0,2112100.0,0,0,0,0,0,0,0,0,0,0,0,0,0,54,2026-02-03 08:51:17.381457
SPNG,24.84,24.89,25.03,4285.0,1970900.0,4285.0,1975600.0,0,0,0,0,0,0,0,0,0,0,0,55,2026-02-03 08:51:18.416654
SMMR,24.87,24.87,24.91,,2402400.0,8570.0,2303800.0,0,0,0,0,0,0,0,0,0,0,0,55,2026-02-03 08:51:18.416654
ATMN,25.23,25.23,25.31,,2439300.0,,2241200.0,0,0,0,0,0,0,0,0,0,0,0,55,2026-02-03 08:51:18.416654
WNTR,25.09,25.09,25.18,10712.0,1940400.0,10712.0,1881600.0,0,0,0,0,0,0,0,0,0,0,0,55,2026-02-03 08:51:18.416654
SPNG,25.1,24.84,25.1,2091700.0,2054900.0,0,0,0,0,0,0,0,0,0,0,0,0,0,56,2026-02-03 08:51:19.447437
SMMR,24.91,24.81,24.91,2364900.0,2409300.0,0,0,0,0,0,0,0,0,0,0,0,0,0,56,2026-02-03 08:51:19.447437
ATMN,25.05,25.05,25.31,2463300.0,2219400.0,0,0,0,0,0,0,0,0,0,0,0,0,0,56,2026-02-03 08:51:19.447437
WNTR,25.09,25.1,25.19,2136100.0,2118300.0,0,0,0,0,0,0,0,0,0,0,0,0,0,56,2026-02-03 08:51:19.447437
SPNG,25.23,24.67,25.23,2090500.0,2061900.0,0,0,0,0,0,0,0,0,0,0,0,0,0,57,2026-02-03 08:51:20.510542
SMMR,24.81,24.81,24.91,2348400.0,2409300.0,0,0,0,0,0,0,0,0,0,0,0,0,0,57,2026-02-03 08:51:20.510542
ATMN,24.97,25.06,25.31,2486100.0,2219400.0,0,0,0,0,0,0,0,0,0,0,0,0,0,57,2026-02-03 08:51:20.510542
WNTR,25.21,25.02,25.21,2117800.0,2156400.0,0,0,0,0,0,0,0,0,0,0,0,0,0,57,2026-02-03 08:51:20.510542
SPNG,25.23,25.09,25.23,2059000.0,2061900.0,0,0,0,0,0,0,0,0,0,0,0,0,0,58,2026-02-03 08:51:21.068531
SMMR,25.04,24.8,25.04,2350400.0,2424400.0,0,0,0,0,0,0,0,0,0,0,0,0,0,58,2026-02-03 08:51:21.068531
ATMN,24.97,25.06,25.23,2486100.0,2196200.0,0,0,0,0,0,0,0,0,0,0,0,0,0,58,2026-02-03 08:51:21.068531
WNTR,25.21,25.03,25.2,2095000.0,2139300.0,0,0,0,0,0,0,0,0,0,0,0,0,0,58,2026-02-03 08:51:21.068531
SPNG,25.09,25.09,25.23,2059000.0,2034500.0,0,0,0,0,0,0,0,0,0,0,0,0,0,59,2026-02-03 08:51:22.132716
SMMR,24.8,24.8,24.83,2360200.0,2426200.0,0,0,0,0,0,0,0,0,0,0,0,0,0,59,2026-02-03 08:51:22.132716
ATMN,24.97,25.06,25.13,2500900.0,2183400.0,0,0,0,0,0,0,0,0,0,0,0,0,0,59,2026-02-03 08:51:22.132716
WNTR,25.21,25.03,25.04,2095000.0,2157800.0,0,0,0,0,0,0,0,0,0,0,0,0,0,59,2026-02-03 08:51:22.132716
SPNG,25.25,24.48,0.0,200000.0,0,0,0,0,0,0,0,0,0,0,0,0,0,0,60,2026-02-03 08:51:23.167105
SMMR,24.83,24.39,0.0,200000.0,0,0,0,0,0,0,0,0,0,0,0,0,0,0,60,2026-02-03 08:51:23.167105
ATMN,25.23,25.61,0.0,200000.0,0,0,0,0,0,0,0,0,0,0,0,0,0,0,60,2026-02-03 08:51:23.167105
WNTR,25.07,25.1,0.0,200000.0,0,0,0,0,0,0,0,0,0,0,0,0,0,0,60,2026-02-03 08:51:23.167105
SPNG,23.38,23.38,24.9,1197400.0,759300.0,0,0,0,0,0,0,0,0,0,0,0,0,0,61,2026-02-03 08:51:24.199324
SMMR,24.39,24.39,24.64,1010100.0,1186200.0,0,0,0,0,0,0,0,0,0,0,0,0,0,61,2026-02-03 08:51:24.199324
ATMN,26.27,26.27,26.68,942700.0,1092000.0,0,0,0,0,0,0,0,0,0,0,0,0,0,61,2026-02-03 08:51:24.199324
WNTR,25.07,25.86,26.12,824300.0,1004300.0,0,0,0,0,0,0,0,0,0,0,0,0,0,61,2026-02-03 08:51:24.199324
SPNG,24.9,24.52,24.9,1437000.0,856100.0,0,0,0,0,0,0,0,0,0,0,0,0,0,62,2026-02-03 08:51:25.228370
SMMR,24.28,24.45,24.64,1280600.0,1186200.0,0,0,0,0,0,0,0,0,0,0,0,0,0,62,2026-02-03 08:51:25.228370
ATMN,26.27,26.01,26.23,979800.0,1433900.0,0,0,0,0,0,0,0,0,0,0,0,0,0,62,2026-02-03 08:51:25.228370
WNTR,25.07,25.86,25.92,824300.0,1393700.0,0,0,0,0,0,0,0,0,0,0,0,0,0,62,2026-02-03 08:51:25.228370
SPNG,24.52,23.4,23.54,1450000.0,1087300.0,0,0,0,0,0,0,0,0,0,0,0,0,0,63,2026-02-03 08:51:26.261971
SMMR,24.3,24.3,24.34,1138700.0,1398600.0,0,0,0,0,0,0,0,0,0,0,0,0,0,63,2026-02-03 08:51:26.261971
ATMN,26.27,26.01,26.06,979800.0,1926800.0,0,0,0,0,0,0,0,0,0,0,0,0,0,63,2026-02-03 08:51:26.261971
WNTR,25.86,25.86,25.92,824300.0,1626300.0,0,0,0,0,0,0,0,0,0,0,0,0,0,63,2026-02-03 08:51:26.261971
SPNG,24.77,24.22,24.56,1562000.0,1069200.0,0,0,0,0,0,0,0,0,0,0,0,0,0,64,2026-02-03 08:51:27.293513
SMMR,24.3,24.3,24.34,1384800.0,1524600.0,0,0,0,0,0,0,0,0,0,0,0,0,0,64,2026-02-03 08:51:27.293513
ATMN,26.01,26.01,26.02,979800.0,2108100.0,0,0,0,0,0,0,0,0,0,0,0,0,0,64,2026-02-03 08:51:27.293513
WNTR,25.5,25.5,25.72,826900.0,1835700.0,0,0,0,0,0,0,0,0,0,0,0,0,0,64,2026-02-03 08:51:27.293513
SPNG,24.77,24.47,24.56,1912500.0,1069200.0,0,0,0,0,0,0,0,0,0,0,0,0,0,65,2026-02-03 08:51:28.324966
SMMR,24.3,24.3,24.34,1647400.0,1657500.0,0,0,0,0,0,0,0,0,0,0,0,0,0,65,2026-02-03 08:51:28.324966
ATMN,25.61,25.61,25.92,992800.0,2255400.0,0,0,0,0,0,0,0,0,0,0,0,0,0,65,2026-02-03 08:51:28.324966
WNTR,25.24,25.29,25.51,895500.0,2006600.0,0,0,0,0,0,0,0,0,0,0,0,0,0,65,2026-02-03 08:51:28.324966
SPNG,24.47,24.47,24.56,2170100.0,1069200.0,0,0,0,0,0,0,0,0,0,0,0,0,0,66,2026-02-03 08:51:29.362258
SMMR,24.2,24.2,24.36,1434500.0,1420300.0,0,0,0,0,0,0,0,0,0,0,0,0,0,66,2026-02-03 08:51:29.362258
ATMN,25.46,25.46,25.86,1004700.0,2321100.0,0,0,0,0,0,0,0,0,0,0,0,0,0,66,2026-02-03 08:51:29.362258
WNTR,25.24,25.29,25.44,895500.0,2000300.0,0,0,0,0,0,0,0,0,0,0,0,0,0,66,2026-02-03 08:51:29.362258
SPNG,24.47,24.48,24.55,4285.0,2415600.0,4285.0,1256700.0,0,0,0,0,0,0,0,0,0,0,0,67,2026-02-03 08:51:30.391608
SMMR,24.36,24.41,24.45,8570.0,1669100.0,,1411200.0,0,0,0,0,0,0,0,0,0,0,0,67,2026-02-03 08:51:30.391608
ATMN,25.46,25.46,25.86,,1004700.0,,2294100.0,0,0,0,0,0,0,0,0,0,0,0,67,2026-02-03 08:51:30.391608
WNTR,25.24,25.3,25.31,10712.0,895500.0,10712.0,1758200.0,0,0,0,0,0,0,0,0,0,0,0,67,2026-02-03 08:51:30.391608
SPNG,24.35,24.46,24.56,2404500.0,1356500.0,0,0,0,0,0,0,0,0,0,0,0,0,0,68,2026-02-03 08:51:31.417036
SMMR,24.41,24.41,24.44,1669100.0,1807500.0,0,0,0,0,0,0,0,0,0,0,0,0,0,68,2026-02-03 08:51:31.417036
ATMN,25.55,25.55,25.86,1141700.0,2274100.0,0,0,0,0,0,0,0,0,0,0,0,0,0,68,2026-02-03 08:51:31.417036
WNTR,25.1,25.1,25.31,903900.0,1978700.0,0,0,0,0,0,0,0,0,0,0,0,0,0,68,2026-02-03 08:51:31.417036
SPNG,24.42,24.51,24.55,2291800.0,4285.0,1356500.0,,0,0,0,0,0,0,0,0,0,0,0,69,2026-02-03 08:51:32.455956
SMMR,24.44,24.42,24.44,1923300.0,,1807500.0,8570.0,0,0,0,0,0,0,0,0,0,0,0,69,2026-02-03 08:51:32.455956
ATMN,25.55,25.46,25.55,1240300.0,,2257100.0,,0,0,0,0,0,0,0,0,0,0,0,69,2026-02-03 08:51:32.455956
WNTR,25.1,25.1,25.25,901400.0,,1978300.0,,0,0,0,0,0,0,0,0,0,0,0,69,2026-02-03 08:51:32.455956
SPNG,24.56,24.73,24.79,2302700.0,1259900.0,0,0,0,0,0,0,0,0,0,0,0,0,0,70,2026-02-03 08:51:33.484706
SMMR,24.42,24.42,24.43,1923300.0,1946900.0,0,0,0,0,0,0,0,0,0,0,0,0,0,70,2026-02-03 08:51:33.484706
ATMN,25.55,25.61,25.64,1506300.0,2239600.0,0,0,0,0,0,0,0,0,0,0,0,0,0,70,2026-02-03 08:51:33.484706
WNTR,25.13,25.13,25.25,1015300.0,1928300.0,0,0,0,0,0,0,0,0,0,0,0,0,0,70,2026-02-03 08:51:33.484706
SPNG,24.71,24.07,24.38,2185100.0,1436900.0,,0,0,0,0,0,0,0,0,0,0,0,0,71,2026-02-03 08:51:34.520623
SMMR,24.41,24.42,24.43,1808200.0,2080100.0,8570.0,0,0,0,0,0,0,0,0,0,0,0,0,71,2026-02-03 08:51:34.520623
ATMN,25.7,25.61,25.7,1506300.0,2259300.0,,0,0,0,0,0,0,0,0,0,0,0,0,71,2026-02-03 08:51:34.520623
WNTR,25.13,25.13,25.25,1114200.0,1969500.0,,0,0,0,0,0,0,0,0,0,0,0,0,71,2026-02-03 08:51:34.520623
SPNG,24.06,24.06,24.26,2079200.0,1430800.0,4285.0,,0,0,0,0,0,0,0,0,0,0,0,72,2026-02-03 08:51:35.580667
SMMR,24.41,24.42,24.43,1928800.0,2302700.0,,8570.0,0,0,0,0,0,0,0,0,0,0,0,72,2026-02-03 08:51:35.580667
ATMN,25.46,25.46,25.63,1372400.0,2150900.0,6428.0,,0,0,0,0,0,0,0,0,0,0,0,72,2026-02-03 08:51:35.580667
WNTR,24.97,25.17,25.24,983800.0,1750500.0,10712.0,,0,0,0,0,0,0,0,0,0,0,0,72,2026-02-03 08:51:35.580667
SPNG,24.26,24.37,24.79,2197700.0,1322600.0,,0,0,0,0,0,0,0,0,0,0,0,0,73,2026-02-03 08:51:36.139637
SMMR,24.44,24.42,24.44,1928800.0,2132000.0,8570.0,0,0,0,0,0,0,0,0,0,0,0,0,73,2026-02-03 08:51:36.139637
ATMN,25.45,25.45,25.56,1260700.0,2252300.0,,0,0,0,0,0,0,0,0,0,0,0,0,73,2026-02-03 08:51:36.139637
WNTR,25.17,24.97,25.09,900300.0,1963000.0,,0,0,0,0,0,0,0,0,0,0,0,0,73,2026-02-03 08:51:36.139637
SPNG,24.53,24.37,24.53,2197700.0,1669900.0,0,0,0,0,0,0,0,0,0,0,0,0,0,74,2026-02-03 08:51:37.179234
SMMR,24.37,24.38,24.42,1959200.0,2277000.0,0,0,0,0,0,0,0,0,0,0,0,0,0,74,2026-02-03 08:51:37.179234
ATMN,25.56,25.57,25.7,1736100.0,2263600.0,0,0,0,0,0,0,0,0,0,0,0,0,0,74,2026-02-03 08:51:37.179234
WNTR,24.97,24.81,24.86,1002400.0,1975500.0,0,0,0,0,0,0,0,0,0,0,0,0,0,74,2026-02-03 08:51:37.179234
SPNG,24.53,24.37,24.53,2197700.0,1981500.0,0,0,0,0,0,0,0,0,0,0,0,0,0,75,2026-02-03 08:51:38.213699
SMMR,24.44,24.44,24.45,2215200.0,2155900.0,0,0,0,0,0,0,0,0,0,0,0,0,0,75,2026-02-03 08:51:38.213699
ATMN,25.86,25.45,25.86,1530000.0,2280800.0,0,0,0,0,0,0,0,0,0,0,0,0,0,75,2026-02-03 08:51:38.213699
WNTR,24.86,24.92,25.09,1392400.0,1963000.0,0,0,0,0,0,0,0,0,0,0,0,0,0,75,2026-02-03 08:51:38.213699
SPNG,24.37,24.06,24.28,2166700.0,2043000.0,,,0,0,0,0,0,0,0,0,0,0,0,76,2026-02-03 08:51:39.243096
SMMR,24.44,24.44,24.45,2464600.0,2155900.0,8570.0,,0,0,0,0,0,0,0,0,0,0,0,76,2026-02-03 08:51:39.243096
ATMN,25.86,25.56,25.66,1648100.0,2168100.0,,6428.0,0,0,0,0,0,0,0,0,0,0,0,76,2026-02-03 08:51:39.243096
WNTR,25.09,24.92,25.09,1392400.0,1963000.0,,,0,0,0,0,0,0,0,0,0,0,0,76,2026-02-03 08:51:39.243096
SPNG,24.28,24.06,24.28,2385100.0,1972500.0,4285.0,,0,0,0,0,0,0,0,0,0,0,0,77,2026-02-03 08:51:40.278890
SMMR,24.41,24.41,24.45,2065300.0,2295400.0,,,0,0,0,0,0,0,0,0,0,0,0,77,2026-02-03 08:51:40.278890
ATMN,25.49,25.54,25.66,1654900.0,2168100.0,6428.0,6428.0,0,0,0,0,0,0,0,0,0,0,0,77,2026-02-03 08:51:40.278890
WNTR,25.13,25.14,25.24,1700000.0,1970900.0,,,0,0,0,0,0,0,0,0,0,0,0,77,2026-02-03 08:51:40.278890
SPNG,24.53,24.27,24.53,2599600.0,1972800.0,0,0,0,0,0,0,0,0,0,0,0,0,0,78,2026-02-03 08:51:41.322039
SMMR,24.38,24.38,24.44,1959200.0,2445900.0,0,0,0,0,0,0,0,0,0,0,0,0,0,78,2026-02-03 08:51:41.322039
ATMN,25.3,25.3,25.62,1394500.0,2251300.0,0,0,0,0,0,0,0,0,0,0,0,0,0,78,2026-02-03 08:51:41.322039
WNTR,25.24,25.14,25.24,1825300.0,1970900.0,0,0,0,0,0,0,0,0,0,0,0,0,0,78,2026-02-03 08:51:41.322039
SPNG,24.35,24.31,24.35,2472300.0,2028300.0,,,0,0,0,0,0,0,0,0,0,0,0,79,2026-02-03 08:51:42.352311
SMMR,24.37,24.43,24.44,1818200.0,2515200.0,8570.0,,0,0,0,0,0,0,0,0,0,0,0,79,2026-02-03 08:51:42.352311
ATMN,25.3,25.3,25.61,1394500.0,2158800.0,,6428.0,0,0,0,0,0,0,0,0,0,0,0,79,2026-02-03 08:51:42.352311
WNTR,25.06,24.99,25.06,1940900.0,1969500.0,,,0,0,0,0,0,0,0,0,0,0,0,79,2026-02-03 08:51:42.352311
SPNG,24.61,24.27,24.61,2599600.0,1865500.0,0,0,0,0,0,0,0,0,0,0,0,0,0,80,2026-02-03 08:51:43.388239
SMMR,24.31,24.37,24.44,1928800.0,2515200.0,0,0,0,0,0,0,0,0,0,0,0,0,0,80,2026-02-03 08:51:43.388239
ATMN,25.84,25.26,25.84,1290200.0,2285800.0,0,0,0,0,0,0,0,0,0,0,0,0,0,80,2026-02-03 08:51:43.388239
WNTR,25.25,24.99,25.25,2047900.0,1960000.0,0,0,0,0,0,0,0,0,0,0,0,0,0,80,2026-02-03 08:51:43.388239
SPNG,24.79,24.06,24.79,2589700.0,1653700.0,,,0,0,0,0,0,0,0,0,0,0,0,81,2026-02-03 08:51:44.431921
SMMR,24.45,24.37,24.45,1928800.0,2528400.0,,,0,0,0,0,0,0,0,0,0,0,0,81,2026-02-03 08:51:44.431921
ATMN,25.84,25.62,25.65,1398300.0,2294000.0,6428.0,,0,0,0,0,0,0,0,0,0,0,0,81,2026-02-03 08:51:44.431921
WNTR,25.25,25.09,25.22,2141100.0,1750600.0,,10712.0,0,0,0,0,0,0,0,0,0,0,0,81,2026-02-03 08:51:44.431921
SPNG,24.79,24.06,24.79,2589700.0,1755100.0,0,0,0,0,0,0,0,0,0,0,0,0,0,82,2026-02-03 08:51:45.461065
SMMR,24.31,24.43,24.45,1965500.0,2503100.0,0,0,0,0,0,0,0,0,0,0,0,0,0,82,2026-02-03 08:51:45.461065
ATMN,25.62,25.62,25.65,1398300.0,2285600.0,0,0,0,0,0,0,0,0,0,0,0,0,0,82,2026-02-03 08:51:45.461065
WNTR,25.14,25.09,25.14,2131400.0,1955500.0,0,0,0,0,0,0,0,0,0,0,0,0,0,82,2026-02-03 08:51:45.461065
SPNG,23.97,23.97,24.84,2466800.0,1628800.0,,0,0,0,0,0,0,0,0,0,0,0,0,83,2026-02-03 08:51:46.508242
SMMR,24.31,24.43,24.44,1965500.0,2541100.0,,0,0,0,0,0,0,0,0,0,0,0,0,83,2026-02-03 08:51:46.508242
ATMN,25.48,25.26,25.48,1290200.0,2283300.0,,0,0,0,0,0,0,0,0,0,0,0,0,83,2026-02-03 08:51:46.508242
WNTR,25.19,25.09,25.13,2131400.0,1844500.0,712.0,0,0,0,0,0,0,0,0,0,0,0,0,83,2026-02-03 08:51:46.508242
SPNG,23.97,23.97,24.3,2430200.0,1842300.0,,0,0,0,0,0,0,0,0,0,0,0,0,84,2026-02-03 08:51:47.548739
SMMR,24.43,24.43,24.44,2071300.0,2398100.0,8570.0,0,0,0,0,0,0,0,0,0,0,0,0,84,2026-02-03 08:51:47.548739
ATMN,25.65,25.4,25.65,1546500.0,2305300.0,,0,0,0,0,0,0,0,0,0,0,0,0,84,2026-02-03 08:51:47.548739
WNTR,25.21,25.09,25.21,2140600.0,1917300.0,,0,0,0,0,0,0,0,0,0,0,0,0,84,2026-02-03 08:51:47.548739
SPNG,24.3,24.17,24.3,2319300.0,1842300.0,0,0,0,0,0,0,0,0,0,0,0,0,0,85,2026-02-03 08:51:48.627912
SMMR,24.45,24.43,24.45,2083600.0,2536000.0,0,0,0,0,0,0,0,0,0,0,0,0,0,85,2026-02-03 08:51:48.627912
ATMN,25.65,25.4,25.46,1658100.0,2269100.0,0,0,0,0,0,0,0,0,0,0,0,0,0,85,2026-02-03 08:51:48.627912
WNTR,25.25,25.09,25.25,2139400.0,1947000.0,0,0,0,0,0,0,0,0,0,0,0,0,0,85,2026-02-03 08:51:48.627912
SPNG,24.99,24.17,24.99,2319300.0,1503300.0,0,0,0,0,0,0,0,0,0,0,0,0,0,86,2026-02-03 08:51:49.690466
SMMR,24.43,24.39,24.41,2183100.0,2531200.0,0,0,0,0,0,0,0,0,0,0,0,0,0,86,2026-02-03 08:51:49.690466
ATMN,25.52,25.42,25.52,1760300.0,2286200.0,0,0,0,0,0,0,0,0,0,0,0,0,0,86,2026-02-03 08:51:49.690466
WNTR,25.16,25.16,25.24,2136100.0,1946800.0,0,0,0,0,0,0,0,0,0,0,0,0,0,86,2026-02-03 08:51:49.690466
SPNG,23.92,24.19,24.43,4285.0,2226700.0,1621500.0,0,0,0,0,0,0,0,0,0,0,0,0,87,2026-02-03 08:51:50.245424
SMMR,24.32,24.32,24.41,,2081200.0,2531200.0,0,0,0,0,0,0,0,0,0,0,0,0,87,2026-02-03 08:51:50.245424
ATMN,25.4,25.43,25.52,6428.0,1658100.0,2302000.0,0,0,0,0,0,0,0,0,0,0,0,0,87,2026-02-03 08:51:50.245424
WNTR,25.08,25.08,25.19,,2135900.0,1917800.0,0,0,0,0,0,0,0,0,0,0,0,0,87,2026-02-03 08:51:50.245424
SPNG,24.43,24.08,24.43,2322600.0,1621500.0,0,0,0,0,0,0,0,0,0,0,0,0,0,88,2026-02-03 08:51:51.280105
SMMR,24.44,24.32,24.41,2081200.0,2539600.0,0,0,0,0,0,0,0,0,0,0,0,0,0,88,2026-02-03 08:51:51.280105
ATMN,25.52,25.56,25.65,1786100.0,2300100.0,0,0,0,0,0,0,0,0,0,0,0,0,0,88,2026-02-03 08:51:51.280105
WNTR,25.08,25.08,25.19,2149000.0,1912800.0,0,0,0,0,0,0,0,0,0,0,0,0,0,88,2026-02-03 08:51:51.280105
SPNG,25.05,24.09,25.05,4285.0,2192100.0,1386800.0,,0,0,0,0,0,0,0,0,0,0,0,89,2026-02-03 08:51:52.319087
SMMR,24.31,24.33,24.4,8570.0,2098500.0,2396400.0,8570.0,0,0,0,0,0,0,0,0,0,0,0,89,2026-02-03 08:51:52.319087
ATMN,25.57,25.38,25.47,,1535200.0,2285700.0,,0,0,0,0,0,0,0,0,0,0,0,89,2026-02-03 08:51:52.319087
WNTR,25.08,25.08,25.09,,2150400.0,1844100.0,712.0,0,0,0,0,0,0,0,0,0,0,0,89,2026-02-03 08:51:52.319087
SPNG,24.35,24.1,24.35,4285.0,2223000.0,1512600.0,,0,0,0,0,0,0,0,0,0,0,0,90,2026-02-03 08:51:53.354655
SMMR,24.45,24.32,24.45,,2202400.0,2534100.0,,0,0,0,0,0,0,0,0,0,0,0,90,2026-02-03 08:51:53.354655
ATMN,25.57,25.39,25.46,6428.0,1938500.0,2158300.0,6428.0,0,0,0,0,0,0,0,0,0,0,0,90,2026-02-03 08:51:53.354655
WNTR,25.08,25.08,25.09,,2126400.0,1849000.0,712.0,0,0,0,0,0,0,0,0,0,0,0,90,2026-02-03 08:51:53.354655
SPNG,24.7,23.92,24.36,2338600.0,1489600.0,0,0,0,0,0,0,0,0,0,0,0,0,0,91,2026-02-03 08:51:54.384861
SMMR,24.31,24.31,24.43,2098500.0,2525100.0,0,0,0,0,0,0,0,0,0,0,0,0,0,91,2026-02-03 08:51:54.384861
ATMN,25.53,25.38,25.46,2058000.0,2299800.0,0,0,0,0,0,0,0,0,0,0,0,0,0,91,2026-02-03 08:51:54.384861
WNTR,25.01,25.01,25.1,2117200.0,1934100.0,0,0,0,0,0,0,0,0,0,0,0,0,0,91,2026-02-03 08:51:54.384861
SPNG,24.37,23.93,24.29,4285.0,2218500.0,1732000.0,,0,0,0,0,0,0,0,0,0,0,0,92,2026-02-03 08:51:55.422859
SMMR,24.31,24.27,24.28,,1952800.0,2530100.0,,0,0,0,0,0,0,0,0,0,0,0,92,2026-02-03 08:51:55.422859
ATMN,25.53,25.39,25.44,6428.0,2292000.0,2313800.0,,0,0,0,0,0,0,0,0,0,0,0,92,2026-02-03 08:51:55.422859
WNTR,25.01,25.01,25.09,,2142300.0,1871800.0,712.0,0,0,0,0,0,0,0,0,0,0,0,92,2026-02-03 08:51:55.422859
SPNG,24.49,24.17,24.49,2189800.0,4285.0,1603000.0,0,0,0,0,0,0,0,0,0,0,0,0,93,2026-02-03 08:51:56.460226
SMMR,24.31,24.31,24.39,2225700.0,8570.0,2484300.0,0,0,0,0,0,0,0,0,0,0,0,0,93,2026-02-03 08:51:56.460226
ATMN,25.46,25.4,25.46,2400100.0,6428.0,2299800.0,0,0,0,0,0,0,0,0,0,0,0,0,93,2026-02-03 08:51:56.460226
WNTR,25.1,25.12,25.15,2130500.0,,1988900.0,0,0,0,0,0,0,0,0,0,0,0,0,93,2026-02-03 08:51:56.460226
SPNG,24.49,24.17,24.49,2300200.0,1603000.0,,,0,0,0,0,0,0,0,0,0,0,0,94,2026-02-03 08:51:57.495122
SMMR,24.31,24.33,24.39,2440400.0,2494200.0,8570.0,,0,0,0,0,0,0,0,0,0,0,0,94,2026-02-03 08:51:57.495122
ATMN,25.44,25.41,25.44,2414600.0,2307400.0,6428.0,,0,0,0,0,0,0,0,0,0,0,0,94,2026-02-03 08:51:57.495122
WNTR,25.01,25.01,25.14,2137900.0,1796300.0,,10712.0,0,0,0,0,0,0,0,0,0,0,0,94,2026-02-03 08:51:57.495122
SPNG,24.49,24.17,24.36,2224600.0,1690200.0,0,0,0,0,0,0,0,0,0,0,0,0,0,95,2026-02-03 08:51:58.530304
SMMR,24.33,24.33,24.45,2545600.0,2518300.0,0,0,0,0,0,0,0,0,0,0,0,0,0,95,2026-02-03 08:51:58.530304
ATMN,25.5,25.38,25.46,2414600.0,2277700.0,0,0,0,0,0,0,0,0,0,0,0,0,0,95,2026-02-03 08:51:58.530304
WNTR,25.16,25.11,25.16,2131100.0,1963700.0,0,0,0,0,0,0,0,0,0,0,0,0,0,95,2026-02-03 08:51:58.530304
SPNG,24.49,24.68,25.05,2220600.0,1503000.0,0,0,0,0,0,0,0,0,0,0,0,0,0,96,2026-02-03 08:51:59.564311
SMMR,24.33,24.33,24.45,2570900.0,2526700.0,0,0,0,0,0,0,0,0,0,0,0,0,0,96,2026-02-03 08:51:59.564311
ATMN,25.38,25.38,25.66,2292000.0,2291600.0,0,0,0,0,0,0,0,0,0,0,0,0,0,96,2026-02-03 08:51:59.564311
WNTR,25.19,25.11,25.19,2133100.0,1927400.0,0,0,0,0,0,0,0,0,0,0,0,0,0,96,2026-02-03 08:51:59.564311
SPNG,23.92,23.92,24.48,2275900.0,4285.0,1503000.0,,0,0,0,0,0,0,0,0,0,0,0,97,2026-02-03 08:52:00.599765
SMMR,24.33,24.33,24.37,2570900.0,,2518500.0,,0,0,0,0,0,0,0,0,0,0,0,97,2026-02-03 08:52:00.599765
ATMN,25.38,25.39,25.4,2387700.0,6428.0,2200100.0,6428.0,0,0,0,0,0,0,0,0,0,0,0,97,2026-02-03 08:52:00.599765
WNTR,25.21,25.12,25.21,1959700.0,,1944400.0,10712.0,0,0,0,0,0,0,0,0,0,0,0,97,2026-02-03 08:52:00.599765
SPNG,23.92,23.92,24.98,2275900.0,1687400.0,0,0,0,0,0,0,0,0,0,0,0,0,0,98,2026-02-03 08:52:01.632221
SMMR,24.37,24.27,24.37,2599100.0,2518500.0,0,0,0,0,0,0,0,0,0,0,0,0,0,98,2026-02-03 08:52:01.632221
ATMN,25.26,25.26,25.4,2021200.0,2304300.0,0,0,0,0,0,0,0,0,0,0,0,0,0,98,2026-02-03 08:52:01.632221
WNTR,25.21,25.21,25.22,2138100.0,1922400.0,0,0,0,0,0,0,0,0,0,0,0,0,0,98,2026-02-03 08:52:01.632221
SPNG,23.92,24.89,24.97,2231900.0,4285.0,1843500.0,0,0,0,0,0,0,0,0,0,0,0,0,99,2026-02-03 08:52:02.667100
SMMR,24.38,24.27,24.29,2599100.0,,2525800.0,0,0,0,0,0,0,0,0,0,0,0,0,99,2026-02-03 08:52:02.667100
ATMN,25.63,25.38,25.63,2141900.0,,2296800.0,0,0,0,0,0,0,0,0,0,0,0,0,99,2026-02-03 08:52:02.667100
WNTR,25.11,25.11,25.17,2145900.0,,1946800.0,0,0,0,0,0,0,0,0,0,0,0,0,99,2026-02-03 08:52:02.667100
SPNG,24.89,23.92,24.07,2275900.0,1974000.0,,,0,0,0,0,0,0,0,0,0,0,0,100,2026-02-03 08:52:03.697490
SMMR,24.27,24.27,24.29,2630900.0,2564600.0,,,0,0,0,0,0,0,0,0,0,0,0,100,2026-02-03 08:52:03.697490
ATMN,25.66,25.38,25.58,2141900.0,2293600.0,,,0,0,0,0,0,0,0,0,0,0,0,100,2026-02-03 08:52:03.697490
WNTR,25.24,25.12,25.16,1939800.0,1733700.0,10712.0,10712.0,0,0,0,0,0,0,0,0,0,0,0,100,2026-02-03 08:52:03.697490
SPNG,23.91,23.91,24.51,2290800.0,1971100.0,0,0,0,0,0,0,0,0,0,0,0,0,0,101,2026-02-03 08:52:04.733316
SMMR,24.34,24.27,24.34,2630900.0,2582700.0,0,0,0,0,0,0,0,0,0,0,0,0,0,101,2026-02-03 08:52:04.733316
ATMN,25.58,25.26,25.58,2021200.0,2293600.0,0,0,0,0,0,0,0,0,0,0,0,0,0,101,2026-02-03 08:52:04.733316
WNTR,25.11,25.11,25.24,2136200.0,1913700.0,0,0,0,0,0,0,0,0,0,0,0,0,0,101,2026-02-03 08:52:04.733316
SPNG,24.51,24.56,24.6,2237300.0,1881500.0,4285.0,,0,0,0,0,0,0,0,0,0,0,0,102,2026-02-03 08:52:05.765924
SMMR,24.37,24.28,24.37,2443100.0,2543900.0,,8570.0,0,0,0,0,0,0,0,0,0,0,0,102,2026-02-03 08:52:05.765924
ATMN,25.45,25.27,25.45,1889900.0,2210100.0,6428.0,6428.0,0,0,0,0,0,0,0,0,0,0,0,102,2026-02-03 08:52:05.765924
WNTR,25.17,25.17,25.24,2044100.0,1913700.0,,10000.0,0,0,0,0,0,0,0,0,0,0,0,102,2026-02-03 08:52:05.765924
SPNG,24.6,23.91,24.6,2222500.0,1955100.0,0,0,0,0,0,0,0,0,0,0,0,0,0,103,2026-02-03 08:52:06.845381
SMMR,24.37,24.37,24.38,2586700.0,2566400.0,0,0,0,0,0,0,0,0,0,0,0,0,0,103,2026-02-03 08:52:06.845381
ATMN,25.45,25.22,25.3,2113900.0,2332500.0,0,0,0,0,0,0,0,0,0,0,0,0,0,103,2026-02-03 08:52:06.845381
WNTR,25.26,25.16,25.26,2178000.0,1888000.0,0,0,0,0,0,0,0,0,0,0,0,0,0,103,2026-02-03 08:52:06.845381
SPNG,24.6,24.37,24.6,2226300.0,1955100.0,0,0,0,0,0,0,0,0,0,0,0,0,0,104,2026-02-03 08:52:07.401516
SMMR,24.26,24.2,24.25,2505700.0,2568200.0,0,0,0,0,0,0,0,0,0,0,0,0,0,104,2026-02-03 08:52:07.401516
ATMN,25.45,25.47,25.49,2242700.0,2296500.0,0,0,0,0,0,0,0,0,0,0,0,0,0,104,2026-02-03 08:52:07.401516
WNTR,25.26,25.24,25.26,2173300.0,1910900.0,0,0,0,0,0,0,0,0,0,0,0,0,0,104,2026-02-03 08:52:07.401516
SPNG,24.37,23.91,24.24,2216700.0,1874200.0,4285.0,,0,0,0,0,0,0,0,0,0,0,0,105,2026-02-03 08:52:08.447641
SMMR,24.32,24.21,24.29,2504400.0,2541400.0,,8570.0,0,0,0,0,0,0,0,0,0,0,0,105,2026-02-03 08:52:08.447641
ATMN,25.22,25.22,25.46,1981800.0,2310200.0,,,0,0,0,0,0,0,0,0,0,0,0,105,2026-02-03 08:52:08.447641
WNTR,25.26,25.25,25.26,1990900.0,1926200.0,,10712.0,0,0,0,0,0,0,0,0,0,0,0,105,2026-02-03 08:52:08.447641
SPNG,24.24,24.35,24.6,2093800.0,1750.0,1914800.0,1750.0,0,0,0,0,0,0,0,0,0,0,0,106,2026-02-03 08:52:09.482517
SMMR,24.32,24.22,24.29,2497100.0,1750.0,2440400.0,1750.0,0,0,0,0,0,0,0,0,0,0,0,106,2026-02-03 08:52:09.482517
ATMN,25.46,25.19,25.46,1852400.0,1750.0,2185000.0,1750.0,0,0,0,0,0,0,0,0,0,0,0,106,2026-02-03 08:52:09.482517
WNTR,25.24,25.24,25.26,2100600.0,1750.0,1901600.0,,0,0,0,0,0,0,0,0,0,0,0,106,2026-02-03 08:52:09.482517
SPNG,24.24,24.43,24.59,2082000.0,1750.0,4285.0,1804800.0,1750.0,,0,0,0,0,0,0,0,0,0,107,2026-02-03 08:52:10.521795
SMMR,24.32,24.25,24.29,2341500.0,1750.0,,2440400.0,1750.0,8570.0,0,0,0,0,0,0,0,0,0,107,2026-02-03 08:52:10.521795
ATMN,25.46,25.19,25.28,2075200.0,1750.0,6428.0,2056300.0,1750.0,,0,0,0,0,0,0,0,0,0,107,2026-02-03 08:52:10.521795
WNTR,25.27,25.24,25.27,2100600.0,1750.0,,1955000.0,,,0,0,0,0,0,0,0,0,0,107,2026-02-03 08:52:10.521795
SPNG,24.14,24.07,24.09,1750.0,2103100.0,1880700.0,4285.0,1750.0,,0,0,0,0,0,0,0,0,0,108,2026-02-03 08:52:11.552667
SMMR,24.38,24.27,24.38,1750.0,2311000.0,2566400.0,,,8570.0,0,0,0,0,0,0,0,0,0,108,2026-02-03 08:52:11.552667
ATMN,25.28,25.17,25.27,,2269300.0,2056300.0,6428.0,1750.0,,0,0,0,0,0,0,0,0,0,108,2026-02-03 08:52:11.552667
WNTR,25.31,25.25,25.31,1750.0,1936000.0,1963400.0,,,10712.0,0,0,0,0,0,0,0,0,0,108,2026-02-03 08:52:11.552667
SPNG,24.09,24.5,24.6,2072700.0,1750.0,1950600.0,1750.0,0,0,0,0,0,0,0,0,0,0,0,109,2026-02-03 08:52:12.590563
SMMR,24.25,24.33,24.38,2483600.0,1750.0,2566400.0,,0,0,0,0,0,0,0,0,0,0,0,109,2026-02-03 08:52:12.590563
ATMN,25.46,25.33,25.46,2355900.0,,2185000.0,1750.0,0,0,0,0,0,0,0,0,0,0,0,109,2026-02-03 08:52:12.590563
WNTR,25.15,25.15,25.3,2172700.0,,1954800.0,,0,0,0,0,0,0,0,0,0,0,0,109,2026-02-03 08:52:12.590563
SPNG,24.23,24.07,24.23,1750.0,2073000.0,1908400.0,4285.0,1750.0,,0,0,0,0,0,0,0,0,0,110,2026-02-03 08:52:13.630211
SMMR,24.33,24.33,24.38,1750.0,2496700.0,2537800.0,,,,0,0,0,0,0,0,0,0,0,110,2026-02-03 08:52:13.630211
ATMN,25.49,25.23,25.49,,2269300.0,2176400.0,,1750.0,6428.0,0,0,0,0,0,0,0,0,0,110,2026-02-03 08:52:13.630211
WNTR,25.15,25.2,25.3,,1989400.0,1942600.0,,,10712.0,0,0,0,0,0,0,0,0,0,110,2026-02-03 08:52:13.630211
SPNG,24.46,24.07,24.46,1750.0,2081100.0,1984100.0,1750.0,0,0,0,0,0,0,0,0,0,0,0,111,2026-02-03 08:52:14.663842
SMMR,24.43,24.33,24.39,1750.0,2496300.0,2531800.0,,0,0,0,0,0,0,0,0,0,0,0,111,2026-02-03 08:52:14.663842
ATMN,25.37,25.33,25.37,,2390600.0,2174500.0,1750.0,0,0,0,0,0,0,0,0,0,0,0,111,2026-02-03 08:52:14.663842
WNTR,25.31,25.2,25.31,,2197700.0,1962900.0,,0,0,0,0,0,0,0,0,0,0,0,111,2026-02-03 08:52:14.663842
SPNG,24.46,24.07,24.28,1750.0,2055600.0,1927400.0,4285.0,1750.0,0,0,0,0,0,0,0,0,0,0,112,2026-02-03 08:52:15.694508
SMMR,24.34,24.25,24.33,1750.0,2479100.0,2576300.0,,,0,0,0,0,0,0,0,0,0,0,112,2026-02-03 08:52:15.694508
ATMN,25.33,25.33,25.37,,2390600.0,2159400.0,,1750.0,0,0,0,0,0,0,0,0,0,0,112,2026-02-03 08:52:15.694508
WNTR,25.31,25.27,25.31,,2214400.0,1962900.0,,,0,0,0,0,0,0,0,0,0,0,112,2026-02-03 08:52:15.694508
SPNG,24.46,24.01,24.28,2092600.0,1312.0,2013300.0,1312.0,0,0,0,0,0,0,0,0,0,0,0,113,2026-02-03 08:52:16.722181
SMMR,24.33,24.26,24.33,2479100.0,1312.0,2437000.0,1312.0,0,0,0,0,0,0,0,0,0,0,0,113,2026-02-03 08:52:16.722181
ATMN,25.49,25.5,25.57,2238200.0,1312.0,2247700.0,,0,0,0,0,0,0,0,0,0,0,0,113,2026-02-03 08:52:16.722181
WNTR,25.31,25.28,25.31,2252500.0,,1984300.0,,0,0,0,0,0,0,0,0,0,0,0,113,2026-02-03 08:52:16.722181
SPNG,24.28,24.04,24.28,2090900.0,1312.0,2013300.0,2362.0,0,0,0,0,0,0,0,0,0,0,0,114,2026-02-03 08:52:17.763690
SMMR,24.33,24.29,24.33,2473500.0,1312.0,2451000.0,2362.0,0,0,0,0,0,0,0,0,0,0,0,114,2026-02-03 08:52:17.763690
ATMN,25.15,25.15,25.53,2003700.0,2362.0,2009400.0,4112.0,0,0,0,0,0,0,0,0,0,0,0,114,2026-02-03 08:52:17.763690
WNTR,25.32,25.29,25.32,1964400.0,4112.0,1883800.0,1750.0,0,0,0,0,0,0,0,0,0,0,0,114,2026-02-03 08:52:17.763690
SPNG,24.6,24.13,24.37,1940200.0,1062.0,4285.0,1062.0,1980000.0,,0,0,0,0,0,0,0,0,0,115,2026-02-03 08:52:18.798810
SMMR,24.23,24.23,24.27,2627200.0,,,,2578500.0,,0,0,0,0,0,0,0,0,0,115,2026-02-03 08:52:18.798810
ATMN,25.25,25.15,25.25,2135700.0,,,,2131500.0,6428.0,0,0,0,0,0,0,0,0,0,115,2026-02-03 08:52:18.798810
WNTR,25.37,25.3,25.31,1956600.0,,10712.0,,1881300.0,712.0,0,0,0,0,0,0,0,0,0,115,2026-02-03 08:52:18.798810
SPNG,24.61,24.15,24.17,2032300.0,1062.0,2007300.0,885.0,0,0,0,0,0,0,0,0,0,0,0,116,2026-02-03 08:52:19.829913
SMMR,24.35,24.36,24.39,2478300.0,885.0,2536500.0,,0,0,0,0,0,0,0,0,0,0,0,116,2026-02-03 08:52:19.829913
ATMN,25.25,25.26,25.57,2354700.0,,2223700.0,,0,0,0,0,0,0,0,0,0,0,0,116,2026-02-03 08:52:19.829913
WNTR,25.4,25.3,25.4,1959000.0,2124.0,1882000.0,1062.0,0,0,0,0,0,0,0,0,0,0,0,116,2026-02-03 08:52:19.829913
SPNG,24.15,24.15,24.46,2043000.0,1062.0,1180.0,1979600.0,,0,0,0,0,0,0,0,0,0,0,117,2026-02-03 08:52:20.892429
SMMR,24.36,24.23,24.35,2484000.0,1180.0,1180.0,2366700.0,,0,0,0,0,0,0,0,0,0,0,117,2026-02-03 08:52:20.892429
ATMN,25.24,25.35,25.57,2216000.0,1180.0,1062.0,2130500.0,,0,0,0,0,0,0,0,0,0,0,117,2026-02-03 08:52:20.892429
WNTR,25.28,25.31,25.43,2117600.0,,1062.0,1894200.0,712.0,0,0,0,0,0,0,0,0,0,0,117,2026-02-03 08:52:20.892429
SPNG,24.46,24.5,24.61,2017700.0,1062.0,2066100.0,,0,0,0,0,0,0,0,0,0,0,0,118,2026-02-03 08:52:21.449532
SMMR,24.39,24.23,24.39,2484000.0,1180.0,2397200.0,1180.0,0,0,0,0,0,0,0,0,0,0,0,118,2026-02-03 08:52:21.449532
ATMN,25.35,25.35,25.44,2216000.0,1180.0,2136100.0,1062.0,0,0,0,0,0,0,0,0,0,0,0,118,2026-02-03 08:52:21.449532
WNTR,25.26,25.29,25.43,2221800.0,,1773800.0,2242.0,0,0,0,0,0,0,0,0,0,0,0,118,2026-02-03 08:52:21.449532
SPNG,24.42,24.15,24.42,2043000.0,1551.0,2030500.0,1551.0,0,0,0,0,0,0,0,0,0,0,0,119,2026-02-03 08:52:22.496157
SMMR,24.39,24.35,24.39,2490100.0,1180.0,2393000.0,1551.0,0,0,0,0,0,0,0,0,0,0,0,119,2026-02-03 08:52:22.496157
ATMN,25.44,25.16,25.44,2281200.0,,2133400.0,1163.0,0,0,0,0,0,0,0,0,0,0,0,119,2026-02-03 08:52:22.496157
WNTR,25.34,25.34,25.44,2246500.0,,1894200.0,1163.0,0,0,0,0,0,0,0,0,0,0,0,119,2026-02-03 08:52:22.496157
SPNG,24.65,24.83,25.21,949300.0,747000.0,,0,0,0,0,0,0,0,0,0,0,0,0,120,2026-02-03 08:52:23.530701
SMMR,24.23,24.23,0.0,200000.0,,1180.0,0,0,0,0,0,0,0,0,0,0,0,0,120,2026-02-03 08:52:23.530701
ATMN,25.08,24.61,24.96,933800.0,861700.0,,0,0,0,0,0,0,0,0,0,0,0,0,120,2026-02-03 08:52:23.530701
WNTR,26.36,26.36,0.0,200000.0,,,0,0,0,0,0,0,0,0,0,0,0,0,120,2026-02-03 08:52:23.530701
SPNG,24.48,24.48,25.08,968500.0,830500.0,1096.0,,0,0,0,0,0,0,0,0,0,0,0,121,2026-02-03 08:52:24.566154
SMMR,24.23,23.67,23.73,959100.0,1134900.0,224.0,224.0,0,0,0,0,0,0,0,0,0,0,0,121,2026-02-03 08:52:24.566154
ATMN,25.08,24.61,24.65,1197000.0,977900.0,1096.0,1096.0,0,0,0,0,0,0,0,0,0,0,0,121,2026-02-03 08:52:24.566154
WNTR,26.38,26.37,26.38,965100.0,894400.0,,224.0,0,0,0,0,0,0,0,0,0,0,0,121,2026-02-03 08:52:24.566154
SPNG,24.48,24.48,24.9,989400.0,481.0,1135200.0,527.0,0,0,0,0,0,0,0,0,0,0,0,122,2026-02-03 08:52:25.603727
SMMR,23.67,23.4,23.63,986700.0,527.0,1334200.0,,0,0,0,0,0,0,0,0,0,0,0,122,2026-02-03 08:52:25.603727
ATMN,24.65,24.91,24.96,1371000.0,,861700.0,,0,0,0,0,0,0,0,0,0,0,0,122,2026-02-03 08:52:25.603727
WNTR,26.56,26.56,26.57,1140600.0,,891400.0,,0,0,0,0,0,0,0,0,0,0,0,122,2026-02-03 08:52:25.603727
SPNG,24.38,24.38,24.73,1072300.0,719.0,1337700.0,,0,0,0,0,0,0,0,0,0,0,0,123,2026-02-03 08:52:26.641187
SMMR,23.67,23.4,23.62,986700.0,527.0,1702800.0,,0,0,0,0,0,0,0,0,0,0,0,123,2026-02-03 08:52:26.641187
ATMN,24.59,24.59,24.9,1000200.0,719.0,1060100.0,,0,0,0,0,0,0,0,0,0,0,0,123,2026-02-03 08:52:26.641187
WNTR,26.56,26.37,26.52,1054500.0,,1177200.0,719.0,0,0,0,0,0,0,0,0,0,0,0,123,2026-02-03 08:52:26.641187
SPNG,24.38,24.38,24.73,1072300.0,719.0,1595200.0,824.0,0,0,0,0,0,0,0,0,0,0,0,124,2026-02-03 08:52:27.677431
SMMR,23.67,23.4,23.44,986700.0,527.0,2068100.0,1648.0,0,0,0,0,0,0,0,0,0,0,0,124,2026-02-03 08:52:27.677431
ATMN,24.59,24.59,24.9,1000200.0,824.0,1272900.0,687.0,0,0,0,0,0,0,0,0,0,0,0,124,2026-02-03 08:52:27.677431
WNTR,26.45,26.37,26.42,1054500.0,,1480900.0,824.0,0,0,0,0,0,0,0,0,0,0,0,124,2026-02-03 08:52:27.677431
SPNG,24.9,24.05,24.73,1072500.0,1298.0,1596500.0,1298.0,0,0,0,0,0,0,0,0,0,0,0,125,2026-02-03 08:52:28.711748
SMMR,23.67,23.4,23.44,1094400.0,527.0,2218800.0,989.0,0,0,0,0,0,0,0,0,0,0,0,125,2026-02-03 08:52:28.711748
ATMN,24.55,24.55,24.68,1111300.0,,1368300.0,1298.0,0,0,0,0,0,0,0,0,0,0,0,125,2026-02-03 08:52:28.711748
WNTR,26.37,26.37,26.48,1054500.0,,1464600.0,1298.0,0,0,0,0,0,0,0,0,0,0,0,125,2026-02-03 08:52:28.711748
SPNG,24.9,24.1,24.9,1177200.0,1494200.0,,,0,0,0,0,0,0,0,0,0,0,0,126,2026-02-03 08:52:29.742083
SMMR,23.4,23.4,23.44,1098200.0,2390200.0,527.0,,0,0,0,0,0,0,0,0,0,0,0,126,2026-02-03 08:52:29.742083
ATMN,24.9,24.91,24.92,1372200.0,1275900.0,,,0,0,0,0,0,0,0,0,0,0,0,126,2026-02-03 08:52:29.742083
WNTR,26.37,26.47,26.48,1159700.0,1741800.0,1298.0,1670.0,0,0,0,0,0,0,0,0,0,0,0,126,2026-02-03 08:52:29.742083
SPNG,24.18,24.11,24.18,4285.0,1366600.0,1113.0,1592200.0,1265.0,4285.0,0,0,0,0,0,0,0,0,0,127,2026-02-03 08:52:30.776310
SMMR,23.46,23.33,23.46,,1142800.0,1265.0,2380600.0,,,0,0,0,0,0,0,0,0,0,127,2026-02-03 08:52:30.776310
ATMN,24.9,24.91,24.92,,1372200.0,1113.0,1634100.0,1670.0,,0,0,0,0,0,0,0,0,0,127,2026-02-03 08:52:30.776310
WNTR,26.36,26.47,26.48,10712.0,1067400.0,,1823300.0,1670.0,,0,0,0,0,0,0,0,0,0,127,2026-02-03 08:52:30.776310
SPNG,24.44,24.44,24.57,1577000.0,1599600.0,,,,0,0,0,0,0,0,0,0,0,0,128,2026-02-03 08:52:31.808623
SMMR,23.27,23.27,23.46,998200.0,2317400.0,1481.0,,,0,0,0,0,0,0,0,0,0,0,128,2026-02-03 08:52:31.808623
ATMN,24.55,24.55,24.92,1104000.0,1848000.0,1481.0,6428.0,,0,0,0,0,0,0,0,0,0,0,128,2026-02-03 08:52:31.808623
WNTR,26.36,26.36,26.4,967400.0,1844200.0,1481.0,,1481.0,0,0,0,0,0,0,0,0,0,0,128,2026-02-03 08:52:31.808623
SPNG,24.25,24.25,24.28,1590100.0,1337.0,1697100.0,4285.0,1337.0,0,0,0,0,0,0,0,0,0,0,129,2026-02-03 08:52:32.842768
SMMR,23.46,23.45,23.46,1232900.0,1337.0,2296300.0,,1481.0,0,0,0,0,0,0,0,0,0,0,129,2026-02-03 08:52:32.842768
ATMN,24.9,24.55,24.9,1104000.0,1337.0,1992200.0,6428.0,1337.0,0,0,0,0,0,0,0,0,0,0,129,2026-02-03 08:52:32.842768
WNTR,26.47,26.33,26.39,867400.0,,1842100.0,712.0,,0,0,0,0,0,0,0,0,0,0,129,2026-02-03 08:52:32.842768
SPNG,24.49,24.53,24.57,1922600.0,813.0,1599600.0,,0,0,0,0,0,0,0,0,0,0,0,130,2026-02-03 08:52:33.884219
SMMR,23.46,23.45,23.46,1232900.0,,2291000.0,1481.0,0,0,0,0,0,0,0,0,0,0,0,130,2026-02-03 08:52:33.884219
ATMN,24.9,24.66,24.68,1224800.0,,2193700.0,,0,0,0,0,0,0,0,0,0,0,0,130,2026-02-03 08:52:33.884219
WNTR,26.5,26.18,26.25,845300.0,1422.0,1799000.0,1422.0,0,0,0,0,0,0,0,0,0,0,0,130,2026-02-03 08:52:33.884219
SPNG,24.57,24.53,24.56,2146000.0,813.0,4285.0,1715500.0,1138.0,0,0,0,0,0,0,0,0,0,0,131,2026-02-03 08:52:34.975185
SMMR,23.25,23.25,23.44,1006000.0,2276.0,,2323300.0,1481.0,0,0,0,0,0,0,0,0,0,0,131,2026-02-03 08:52:34.975185
ATMN,24.55,24.49,24.5,962600.0,1138.0,,2095400.0,813.0,0,0,0,0,0,0,0,0,0,0,131,2026-02-03 08:52:34.975185
WNTR,26.24,26.35,26.5,1263800.0,1138.0,,1895200.0,,0,0,0,0,0,0,0,0,0,0,131,2026-02-03 08:52:34.975185
SPNG,24.5,24.25,24.32,2044400.0,1896400.0,0,0,0,0,0,0,0,0,0,0,0,0,0,132,2026-02-03 08:52:35.537340
SMMR,23.25,23.25,23.4,1126800.0,2440300.0,0,0,0,0,0,0,0,0,0,0,0,0,0,132,2026-02-03 08:52:35.537340
ATMN,24.7,24.62,24.7,1087600.0,2209200.0,0,0,0,0,0,0,0,0,0,0,0,0,0,132,2026-02-03 08:52:35.537340
WNTR,26.35,26.35,26.5,1263800.0,1935100.0,0,0,0,0,0,0,0,0,0,0,0,0,0,132,2026-02-03 08:52:35.537340
SPNG,24.98,24.25,24.56,2140300.0,1148.0,4285.0,1461600.0,,0,0,0,0,0,0,0,0,0,0,133,2026-02-03 08:52:36.573894
SMMR,23.4,23.4,23.44,1278000.0,1148.0,,2458200.0,,0,0,0,0,0,0,0,0,0,0,133,2026-02-03 08:52:36.573894
ATMN,24.7,24.62,24.7,1433200.0,2286.0,,2096300.0,1148.0,0,0,0,0,0,0,0,0,0,0,133,2026-02-03 08:52:36.573894
WNTR,26.35,26.35,26.43,1370800.0,2286.0,,1802500.0,2286.0,0,0,0,0,0,0,0,0,0,0,133,2026-02-03 08:52:36.573894
SPNG,25.08,24.25,25.08,2140300.0,1148.0,1360100.0,,,0,0,0,0,0,0,0,0,0,0,134,2026-02-03 08:52:37.606825
SMMR,23.44,23.4,23.44,1429500.0,1086.0,2457800.0,,,0,0,0,0,0,0,0,0,0,0,134,2026-02-03 08:52:37.606825
ATMN,24.7,24.67,24.69,1552500.0,,1883800.0,12856.0,1148.0,0,0,0,0,0,0,0,0,0,0,134,2026-02-03 08:52:37.606825
WNTR,26.5,26.43,26.5,1477400.0,,1914900.0,,,0,0,0,0,0,0,0,0,0,0,134,2026-02-03 08:52:37.606825
SPNG,25.08,24.26,24.38,4285.0,2095100.0,1148.0,1575000.0,915.0,4285.0,0,0,0,0,0,0,0,0,0,135,2026-02-03 08:52:38.650254
SMMR,23.44,23.41,23.42,8570.0,1824500.0,1086.0,2331700.0,915.0,,0,0,0,0,0,0,0,0,0,135,2026-02-03 08:52:38.650254
ATMN,24.84,24.73,24.84,,1805400.0,915.0,2085800.0,915.0,,0,0,0,0,0,0,0,0,0,135,2026-02-03 08:52:38.650254
WNTR,26.31,26.35,26.46,,1264200.0,1086.0,1683700.0,1086.0,10712.0,0,0,0,0,0,0,0,0,0,135,2026-02-03 08:52:38.650254
SPNG,25.04,24.27,24.37,4285.0,1962300.0,1148.0,4285.0,1455700.0,462.0,0,0,0,0,0,0,0,0,0,136,2026-02-03 08:52:39.690172
SMMR,23.33,23.41,23.42,8570.0,1545700.0,462.0,,2331700.0,462.0,0,0,0,0,0,0,0,0,0,136,2026-02-03 08:52:39.690172
ATMN,24.73,24.73,24.9,,1805400.0,915.0,,2221200.0,,0,0,0,0,0,0,0,0,0,136,2026-02-03 08:52:39.690172
WNTR,26.5,26.35,26.45,,1264200.0,1086.0,10000.0,1881400.0,,0,0,0,0,0,0,0,0,0,136,2026-02-03 08:52:39.690172
SPNG,24.88,24.43,24.7,2082100.0,385.0,1562700.0,,,0,0,0,0,0,0,0,0,0,0,137,2026-02-03 08:52:40.733038
SMMR,23.41,23.41,23.42,1681400.0,,2369400.0,462.0,,0,0,0,0,0,0,0,0,0,0,137,2026-02-03 08:52:40.733038
ATMN,24.78,24.78,24.9,1934800.0,462.0,2225400.0,,6428.0,0,0,0,0,0,0,0,0,0,0,137,2026-02-03 08:52:40.733038
WNTR,26.43,26.43,26.52,1370400.0,,1878200.0,462.0,,0,0,0,0,0,0,0,0,0,0,137,2026-02-03 08:52:40.733038
SPNG,25.08,25.11,25.21,1969200.0,4285.0,385.0,1372200.0,,0,0,0,0,0,0,0,0,0,0,138,2026-02-03 08:52:41.773040
SMMR,23.43,23.2,23.43,1399400.0,,451.0,2488900.0,,0,0,0,0,0,0,0,0,0,0,138,2026-02-03 08:52:41.773040
ATMN,24.67,24.67,24.9,1795200.0,,,2225400.0,,0,0,0,0,0,0,0,0,0,0,138,2026-02-03 08:52:41.773040
WNTR,26.31,26.31,26.52,1355000.0,,,1878200.0,386.0,0,0,0,0,0,0,0,0,0,0,138,2026-02-03 08:52:41.773040
SPNG,24.17,24.43,24.85,435.0,2162000.0,1559900.0,435.0,,0,0,0,0,0,0,0,0,0,0,139,2026-02-03 08:52:42.807868
SMMR,23.43,23.27,23.42,435.0,1790400.0,2365500.0,435.0,,0,0,0,0,0,0,0,0,0,0,139,2026-02-03 08:52:42.807868
ATMN,24.93,24.69,24.93,435.0,2028400.0,2099300.0,339.0,12856.0,0,0,0,0,0,0,0,0,0,0,139,2026-02-03 08:52:42.807868
WNTR,26.46,26.35,26.42,339.0,1449700.0,1910200.0,339.0,,0,0,0,0,0,0,0,0,0,0,139,2026-02-03 08:52:42.807868
SPNG,24.78,24.18,24.36,728.0,2162000.0,1647300.0,728.0,0,0,0,0,0,0,0,0,0,0,0,140,2026-02-03 08:52:43.839851
SMMR,23.41,23.41,23.46,1384.0,1927700.0,2212900.0,1384.0,0,0,0,0,0,0,0,0,0,0,0,140,2026-02-03 08:52:43.839851
ATMN,24.67,24.9,24.93,435.0,2158100.0,1986100.0,1384.0,0,0,0,0,0,0,0,0,0,0,0,140,2026-02-03 08:52:43.839851
WNTR,26.42,26.36,26.42,1356.0,1779500.0,1910200.0,656.0,0,0,0,0,0,0,0,0,0,0,0,140,2026-02-03 08:52:43.839851
SPNG,24.79,24.18,24.54,728.0,2081200.0,1679900.0,701.0,0,0,0,0,0,0,0,0,0,0,0,141,2026-02-03 08:52:44.874785
SMMR,23.42,23.41,23.42,,1927700.0,2328000.0,535.0,0,0,0,0,0,0,0,0,0,0,0,141,2026-02-03 08:52:44.874785
ATMN,24.74,24.67,24.74,,2125700.0,2232700.0,,0,0,0,0,0,0,0,0,0,0,0,141,2026-02-03 08:52:44.874785
WNTR,26.42,26.36,26.42,535.0,1781700.0,1915100.0,535.0,0,0,0,0,0,0,0,0,0,0,0,141,2026-02-03 08:52:44.874785
SPNG,24.17,24.17,24.54,2172100.0,1774300.0,,,0,0,0,0,0,0,0,0,0,0,0,142,2026-02-03 08:52:45.902832
SMMR,23.39,23.27,23.39,1790400.0,2460200.0,,,0,0,0,0,0,0,0,0,0,0,0,142,2026-02-03 08:52:45.902832
ATMN,24.79,24.79,24.83,2097800.0,2186500.0,12856.0,,0,0,0,0,0,0,0,0,0,0,0,142,2026-02-03 08:52:45.902832
WNTR,26.43,26.41,26.42,1973100.0,1900800.0,,701.0,0,0,0,0,0,0,0,0,0,0,0,142,2026-02-03 08:52:45.902832
SPNG,24.54,24.43,24.54,828.0,2022900.0,1774300.0,1242.0,0,0,0,0,0,0,0,0,0,0,0,143,2026-02-03 08:52:46.940463
SMMR,23.45,23.27,23.45,,1790400.0,2445900.0,,0,0,0,0,0,0,0,0,0,0,0,143,2026-02-03 08:52:46.940463
ATMN,24.67,24.67,24.83,828.0,2295600.0,2091900.0,828.0,0,0,0,0,0,0,0,0,0,0,0,143,2026-02-03 08:52:46.940463
WNTR,26.43,26.41,26.43,424.0,1982600.0,1900800.0,828.0,0,0,0,0,0,0,0,0,0,0,0,143,2026-02-03 08:52:46.940463
SPNG,24.1,24.42,24.52,2054800.0,869.0,4285.0,1664700.0,1921.0,0,0,0,0,0,0,0,0,0,0,144,2026-02-03 08:52:47.968671
SMMR,23.46,23.43,23.46,1936300.0,,,2214500.0,1921.0,0,0,0,0,0,0,0,0,0,0,144,2026-02-03 08:52:47.968671
ATMN,24.67,24.67,24.83,2280200.0,828.0,,2090800.0,1052.0,0,0,0,0,0,0,0,0,0,0,144,2026-02-03 08:52:47.968671
WNTR,26.42,26.41,26.42,2083400.0,,10712.0,1717800.0,1052.0,0,0,0,0,0,0,0,0,0,0,144,2026-02-03 08:52:47.968671
SPNG,24.1,24.08,24.1,2088600.0,683.0,1837000.0,4285.0,,0,0,0,0,0,0,0,0,0,0,145,2026-02-03 08:52:49.002152
SMMR,23.27,23.27,23.46,1790400.0,,2446000.0,,,0,0,0,0,0,0,0,0,0,0,145,2026-02-03 08:52:49.002152
ATMN,24.62,24.62,24.7,2453500.0,,2115800.0,,683.0,0,0,0,0,0,0,0,0,0,0,145,2026-02-03 08:52:49.002152
WNTR,26.52,26.38,26.52,2008100.0,683.0,1994300.0,,,0,0,0,0,0,0,0,0,0,0,145,2026-02-03 08:52:49.002152
SPNG,24.54,24.78,24.85,2037400.0,733.0,1790900.0,733.0,,,0,0,0,0,0,0,0,0,0,146,2026-02-03 08:52:49.545527
SMMR,23.23,23.23,23.43,1668000.0,733.0,2212100.0,911.0,8570.0,,0,0,0,0,0,0,0,0,0,146,2026-02-03 08:52:49.545527
ATMN,24.7,24.63,24.7,2156900.0,733.0,2115800.0,733.0,,6428.0,0,0,0,0,0,0,0,0,0,146,2026-02-03 08:52:49.545527
WNTR,26.52,26.38,26.42,1997100.0,733.0,1815700.0,1644.0,,,0,0,0,0,0,0,0,0,0,146,2026-02-03 08:52:49.545527
SPNG,24.78,24.78,24.79,1938800.0,520.0,4285.0,1851300.0,728.0,,0,0,0,0,0,0,0,0,0,147,2026-02-03 08:52:50.580688
SMMR,23.43,23.28,23.43,1779000.0,728.0,8570.0,2212100.0,520.0,8570.0,0,0,0,0,0,0,0,0,0,147,2026-02-03 08:52:50.580688
ATMN,24.73,24.73,24.93,2276100.0,,6428.0,2134300.0,520.0,,0,0,0,0,0,0,0,0,0,147,2026-02-03 08:52:50.580688
WNTR,26.5,26.5,26.51,1763700.0,520.0,10712.0,1686800.0,733.0,10712.0,0,0,0,0,0,0,0,0,0,147,2026-02-03 08:52:50.580688
SPNG,24.78,24.32,24.38,2023200.0,988.0,1894400.0,820.0,,,0,0,0,0,0,0,0,0,0,148,2026-02-03 08:52:51.608920
SMMR,23.43,23.23,23.24,1668000.0,820.0,2324700.0,820.0,,,0,0,0,0,0,0,0,0,0,148,2026-02-03 08:52:51.608920
ATMN,24.61,24.73,24.93,2292700.0,820.0,2074500.0,1808.0,,,0,0,0,0,0,0,0,0,0,148,2026-02-03 08:52:51.608920
WNTR,26.33,26.5,26.51,1873800.0,820.0,1686800.0,988.0,10000.0,10712.0,0,0,0,0,0,0,0,0,0,148,2026-02-03 08:52:51.608920
SPNG,24.79,24.32,24.78,1992200.0,988.0,937.0,1851300.0,0,0,0,0,0,0,0,0,0,0,0,149,2026-02-03 08:52:52.647444
SMMR,23.33,23.33,23.42,1947300.0,1896.0,1896.0,2212100.0,0,0,0,0,0,0,0,0,0,0,0,149,2026-02-03 08:52:52.647444
ATMN,24.94,24.61,24.94,2172200.0,1896.0,,2257900.0,0,0,0,0,0,0,0,0,0,0,0,149,2026-02-03 08:52:52.647444
WNTR,26.5,26.5,26.51,1967700.0,959.0,,1992000.0,0,0,0,0,0,0,0,0,0,0,0,149,2026-02-03 08:52:52.647444
SPNG,24.49,24.32,24.49,1992200.0,988.0,1873300.0,797.0,,0,0,0,0,0,0,0,0,0,0,150,2026-02-03 08:52:53.676740
SMMR,23.33,23.23,23.28,1905400.0,797.0,2224100.0,797.0,8570.0,0,0,0,0,0,0,0,0,0,0,150,2026-02-03 08:52:53.676740
ATMN,24.94,24.63,24.93,2290800.0,797.0,2176400.0,797.0,,0,0,0,0,0,0,0,0,0,0,150,2026-02-03 08:52:53.676740
WNTR,26.31,26.31,26.42,1970900.0,797.0,1756700.0,1460.0,,0,0,0,0,0,0,0,0,0,0,150,2026-02-03 08:52:53.676740
SPNG,24.32,24.32,24.79,2102800.0,1851300.0,729.0,,,,0,0,0,0,0,0,0,0,0,151,2026-02-03 08:52:54.706777
SMMR,23.29,23.38,23.43,2125500.0,2458300.0,,8570.0,729.0,,0,0,0,0,0,0,0,0,0,151,2026-02-03 08:52:54.706777
ATMN,24.94,24.63,24.64,2200700.0,2201100.0,729.0,6428.0,729.0,,0,0,0,0,0,0,0,0,0,151,2026-02-03 08:52:54.706777
WNTR,26.46,26.31,26.41,1953700.0,1580400.0,1865.0,,729.0,20000.0,0,0,0,0,0,0,0,0,0,151,2026-02-03 08:52:54.706777
SPNG,24.32,24.32,24.71,1992200.0,820.0,1951100.0,1148.0,0,0,0,0,0,0,0,0,0,0,0,152,2026-02-03 08:52:55.739804
SMMR,23.38,23.28,23.32,2243500.0,,2248200.0,2296.0,0,0,0,0,0,0,0,0,0,0,0,152,2026-02-03 08:52:55.739804
ATMN,24.94,24.63,24.64,2192000.0,2296.0,2201100.0,729.0,0,0,0,0,0,0,0,0,0,0,0,152,2026-02-03 08:52:55.739804
WNTR,26.46,26.31,26.42,1844700.0,2296.0,1882900.0,1148.0,0,0,0,0,0,0,0,0,0,0,0,152,2026-02-03 08:52:55.739804
SPNG,24.71,24.75,24.79,2009100.0,629.0,1936800.0,629.0,,,0,0,0,0,0,0,0,0,0,153,2026-02-03 08:52:56.775096
SMMR,23.38,23.29,23.32,2272700.0,629.0,2366500.0,629.0,8570.0,,0,0,0,0,0,0,0,0,0,153,2026-02-03 08:52:56.775096
ATMN,24.93,24.63,24.75,2014700.0,1406.0,2317800.0,,6428.0,,0,0,0,0,0,0,0,0,0,153,2026-02-03 08:52:56.775096
WNTR,26.46,26.31,26.35,1951000.0,777.0,1582700.0,777.0,,21424.0,0,0,0,0,0,0,0,0,0,153,2026-02-03 08:52:56.775096
SPNG,24.06,24.64,24.79,2013400.0,1330.0,1934100.0,1330.0,0,0,0,0,0,0,0,0,0,0,0,154,2026-02-03 08:52:57.802128
SMMR,23.29,23.28,23.29,2397800.0,839.0,2403000.0,839.0,0,0,0,0,0,0,0,0,0,0,0,154,2026-02-03 08:52:57.802128
ATMN,24.93,24.63,24.72,2414900.0,,2311900.0,,0,0,0,0,0,0,0,0,0,0,0,154,2026-02-03 08:52:57.802128
WNTR,26.28,26.31,26.35,1909100.0,839.0,1912500.0,839.0,0,0,0,0,0,0,0,0,0,0,0,154,2026-02-03 08:52:57.802128
SPNG,24.82,24.07,24.82,4285.0,1105.0,1898900.0,1826600.0,2387.0,,0,0,0,0,0,0,0,0,0,155,2026-02-03 08:52:58.827840
SMMR,23.28,23.34,23.44,8570.0,1105.0,2272800.0,2346300.0,1282.0,,0,0,0,0,0,0,0,0,0,155,2026-02-03 08:52:58.827840
ATMN,24.72,24.69,24.72,,1282.0,2270200.0,2174500.0,1282.0,,0,0,0,0,0,0,0,0,0,155,2026-02-03 08:52:58.827840
WNTR,26.28,26.31,26.34,,839.0,1911400.0,1610700.0,1282.0,21424.0,0,0,0,0,0,0,0,0,0,155,2026-02-03 08:52:58.827840
SPNG,25.0,24.46,25.0,2017300.0,1105.0,1811600.0,2440.0,0,0,0,0,0,0,0,0,0,0,0,156,2026-02-03 08:52:59.857567
SMMR,23.45,23.28,23.33,2291400.0,2440.0,2346300.0,1331.0,0,0,0,0,0,0,0,0,0,0,0,156,2026-02-03 08:52:59.857567
ATMN,24.84,24.69,24.84,2270200.0,1109.0,2203600.0,1109.0,0,0,0,0,0,0,0,0,0,0,0,156,2026-02-03 08:52:59.857567
WNTR,26.36,26.31,26.36,1917700.0,839.0,1791100.0,3044.0,0,0,0,0,0,0,0,0,0,0,0,156,2026-02-03 08:52:59.857567
SPNG,24.05,24.78,25.0,2008900.0,750.0,1907000.0,750.0,,,0,0,0,0,0,0,0,0,0,157,2026-02-03 08:53:00.891696
SMMR,23.45,23.29,23.35,2247100.0,750.0,2365800.0,750.0,8570.0,,0,0,0,0,0,0,0,0,0,157,2026-02-03 08:53:00.891696
ATMN,24.84,24.76,24.84,2144900.0,750.0,2048700.0,2081.0,6428.0,,0,0,0,0,0,0,0,0,0,157,2026-02-03 08:53:00.891696
WNTR,26.37,26.31,26.34,2019500.0,,1901400.0,,,10000.0,0,0,0,0,0,0,0,0,0,157,2026-02-03 08:53:00.891696
SPNG,24.05,24.78,25.0,2008900.0,1125.0,1996000.0,,0,0,0,0,0,0,0,0,0,0,0,158,2026-02-03 08:53:01.918150
SMMR,23.28,23.28,23.35,2525600.0,,2486800.0,,0,0,0,0,0,0,0,0,0,0,0,158,2026-02-03 08:53:01.918150
ATMN,24.69,24.82,24.84,2413600.0,,2285200.0,,0,0,0,0,0,0,0,0,0,0,0,158,2026-02-03 08:53:01.918150
WNTR,26.42,26.31,26.42,1917700.0,1125.0,1901100.0,1125.0,0,0,0,0,0,0,0,0,0,0,0,158,2026-02-03 08:53:01.918150
SPNG,24.78,24.05,24.76,2118000.0,1808200.0,4285.0,1071.0,,0,0,0,0,0,0,0,0,0,0,159,2026-02-03 08:53:02.955904
SMMR,23.28,23.23,23.28,2516800.0,2383100.0,,1071.0,,0,0,0,0,0,0,0,0,0,0,159,2026-02-03 08:53:02.955904
ATMN,24.82,24.82,24.83,2295600.0,2083800.0,6428.0,1071.0,1071.0,0,0,0,0,0,0,0,0,0,0,159,2026-02-03 08:53:02.955904
WNTR,26.28,26.31,26.41,1920900.0,1687600.0,10000.0,2196.0,1071.0,0,0,0,0,0,0,0,0,0,0,159,2026-02-03 08:53:02.955904
SPNG,24.7,24.05,24.6,2019400.0,1526.0,1894500.0,1526.0,,0,0,0,0,0,0,0,0,0,0,160,2026-02-03 08:53:03.984063
SMMR,23.26,23.26,23.28,2363600.0,1526.0,2383100.0,1526.0,,0,0,0,0,0,0,0,0,0,0,160,2026-02-03 08:53:03.984063
ATMN,24.59,24.59,24.66,2442200.0,,2122200.0,1526.0,6428.0,0,0,0,0,0,0,0,0,0,0,160,2026-02-03 08:53:03.984063
WNTR,26.25,26.32,26.35,1807800.0,3251.0,1576800.0,3251.0,11424.0,0,0,0,0,0,0,0,0,0,0,160,2026-02-03 08:53:03.984063
SPNG,24.74,24.05,24.57,2016200.0,1581.0,1979800.0,,0,0,0,0,0,0,0,0,0,0,0,161,2026-02-03 08:53:05.021009
SMMR,23.34,23.26,23.27,2363600.0,1581.0,2334000.0,1581.0,0,0,0,0,0,0,0,0,0,0,0,161,2026-02-03 08:53:05.021009
ATMN,24.85,24.58,24.85,2344100.0,1581.0,2317900.0,,0,0,0,0,0,0,0,0,0,0,0,161,2026-02-03 08:53:05.021009
WNTR,26.44,26.32,26.44,2028100.0,,1986300.0,,0,0,0,0,0,0,0,0,0,0,0,161,2026-02-03 08:53:05.021009
SPNG,24.57,24.19,24.57,2023400.0,864.0,1879300.0,864.0,,0,0,0,0,0,0,0,0,0,0,162,2026-02-03 08:53:06.056726
SMMR,23.21,23.21,23.27,2375900.0,864.0,2220800.0,864.0,8570.0,0,0,0,0,0,0,0,0,0,0,162,2026-02-03 08:53:06.056726
ATMN,24.85,24.58,24.76,2444100.0,,2334600.0,,,0,0,0,0,0,0,0,0,0,0,162,2026-02-03 08:53:06.056726
WNTR,26.23,26.23,26.43,2046000.0,,1784300.0,1581.0,10000.0,0,0,0,0,0,0,0,0,0,0,162,2026-02-03 08:53:06.056726
SPNG,24.57,24.41,24.57,2135700.0,1979700.0,,,0,0,0,0,0,0,0,0,0,0,0,163,2026-02-03 08:53:07.099948
SMMR,23.21,23.21,23.22,2399400.0,2359400.0,1213.0,1415.0,0,0,0,0,0,0,0,0,0,0,0,163,2026-02-03 08:53:07.099948
ATMN,24.76,24.58,24.76,2310500.0,2235700.0,1415.0,1415.0,0,0,0,0,0,0,0,0,0,0,0,163,2026-02-03 08:53:07.099948
WNTR,26.47,26.4,26.47,1863300.0,1886600.0,1415.0,1415.0,0,0,0,0,0,0,0,0,0,0,0,163,2026-02-03 08:53:07.099948
SPNG,24.57,24.41,24.57,2038600.0,1415.0,1894100.0,1399.0,0,0,0,0,0,0,0,0,0,0,0,164,2026-02-03 08:53:07.682095
SMMR,23.27,23.21,23.27,2395500.0,1213.0,2457400.0,,0,0,0,0,0,0,0,0,0,0,0,164,2026-02-03 08:53:07.682095
ATMN,24.76,24.58,24.65,2442500.0,,2334700.0,,0,0,0,0,0,0,0,0,0,0,0,164,2026-02-03 08:53:07.682095
WNTR,26.47,26.4,26.47,1978400.0,,1870900.0,1415.0,0,0,0,0,0,0,0,0,0,0,0,164,2026-02-03 08:53:07.682095
SPNG,24.41,24.41,24.56,2075700.0,1415.0,4285.0,1894100.0,,,0,0,0,0,0,0,0,0,0,165,2026-02-03 08:53:08.732849
SMMR,23.27,23.21,23.22,2357700.0,1213.0,8570.0,2334000.0,,,0,0,0,0,0,0,0,0,0,165,2026-02-03 08:53:08.732849
ATMN,24.67,24.59,24.67,2177400.0,1679.0,6428.0,2120700.0,6428.0,1679.0,0,0,0,0,0,0,0,0,0,165,2026-02-03 08:53:08.732849
WNTR,26.4,26.31,26.35,2004200.0,,10000.0,1760300.0,,1679.0,0,0,0,0,0,0,0,0,0,165,2026-02-03 08:53:08.732849
SPNG,24.41,24.45,24.55,2104900.0,1225.0,4285.0,1780300.0,1225.0,0,0,0,0,0,0,0,0,0,0,166,2026-02-03 08:53:09.772830
SMMR,23.35,23.21,23.35,2360400.0,1213.0,,2486800.0,,0,0,0,0,0,0,0,0,0,0,166,2026-02-03 08:53:09.772830
ATMN,24.52,24.52,24.76,2471600.0,,,2237200.0,1225.0,0,0,0,0,0,0,0,0,0,0,166,2026-02-03 08:53:09.772830
WNTR,26.23,26.23,26.34,1924900.0,1225.0,10000.0,1868600.0,,0,0,0,0,0,0,0,0,0,0,166,2026-02-03 08:53:09.772830
SPNG,24.75,24.5,24.54,2113800.0,1225.0,4285.0,1805900.0,694.0,,0,0,0,0,0,0,0,0,0,167,2026-02-03 08:53:10.804023
SMMR,23.35,23.26,23.34,2243400.0,1213.0,8570.0,2291000.0,694.0,8570.0,0,0,0,0,0,0,0,0,0,167,2026-02-03 08:53:10.804023
ATMN,24.52,24.52,24.62,2327600.0,578.0,,2263700.0,694.0,,0,0,0,0,0,0,0,0,0,167,2026-02-03 08:53:10.804023
WNTR,26.23,26.24,26.31,1825400.0,1272.0,10000.0,1647800.0,1272.0,,0,0,0,0,0,0,0,0,0,167,2026-02-03 08:53:10.804023
SPNG,24.75,24.5,24.53,2113800.0,495.0,4285.0,1805900.0,578.0,,0,0,0,0,0,0,0,0,0,168,2026-02-03 08:53:11.839164
SMMR,23.46,23.21,23.46,2512000.0,,,2364200.0,578.0,,0,0,0,0,0,0,0,0,0,168,2026-02-03 08:53:11.839164
ATMN,24.73,24.53,24.61,2327600.0,,6428.0,2032500.0,1073.0,6428.0,0,0,0,0,0,0,0,0,0,168,2026-02-03 08:53:11.839164
WNTR,26.5,26.24,26.47,1821100.0,1073.0,,1858900.0,578.0,,0,0,0,0,0,0,0,0,0,168,2026-02-03 08:53:11.839164
SPNG,24.75,24.64,24.75,2080700.0,495.0,1912300.0,977.0,0,0,0,0,0,0,0,0,0,0,0,169,2026-02-03 08:53:12.868572
SMMR,23.33,23.27,23.33,2375300.0,757.0,2293900.0,1734.0,0,0,0,0,0,0,0,0,0,0,0,169,2026-02-03 08:53:12.868572
ATMN,24.52,24.7,24.76,2327600.0,977.0,2141800.0,1734.0,0,0,0,0,0,0,0,0,0,0,0,169,2026-02-03 08:53:12.868572
WNTR,26.51,26.5,26.51,1860900.0,1734.0,1980200.0,,0,0,0,0,0,0,0,0,0,0,0,169,2026-02-03 08:53:12.868572
SPNG,24.75,24.64,24.72,2083400.0,1103.0,1810800.0,4285.0,1416.0,,0,0,0,0,0,0,0,0,0,170,2026-02-03 08:53:13.899923
SMMR,23.33,23.28,23.3,2284600.0,757.0,2276300.0,,3071.0,8570.0,0,0,0,0,0,0,0,0,0,170,2026-02-03 08:53:13.899923
ATMN,24.7,24.59,24.61,2331000.0,,2138800.0,,3071.0,6428.0,0,0,0,0,0,0,0,0,0,170,2026-02-03 08:53:13.899923
WNTR,26.5,26.5,26.52,1673500.0,3071.0,1844300.0,,1416.0,10712.0,0,0,0,0,0,0,0,0,0,170,2026-02-03 08:53:13.899923
SPNG,24.75,24.5,24.75,2183300.0,2020900.0,,,0,0,0,0,0,0,0,0,0,0,0,171,2026-02-03 08:53:14.934160
SMMR,23.34,23.34,23.38,2550900.0,2496300.0,,,0,0,0,0,0,0,0,0,0,0,0,171,2026-02-03 08:53:14.934160
ATMN,24.85,24.59,24.85,2467100.0,2357000.0,,,0,0,0,0,0,0,0,0,0,0,0,171,2026-02-03 08:53:14.934160
WNTR,26.52,26.5,26.52,1970500.0,1836700.0,1492.0,1492.0,0,0,0,0,0,0,0,0,0,0,0,171,2026-02-03 08:53:14.934160
SPNG,24.45,24.5,24.71,2047900.0,478.0,4285.0,1719900.0,1147.0,,0,0,0,0,0,0,0,0,0,172,2026-02-03 08:53:15.967197
SMMR,23.34,23.35,23.38,2276600.0,651.0,,2258000.0,1147.0,8570.0,0,0,0,0,0,0,0,0,0,172,2026-02-03 08:53:15.967197
ATMN,24.88,24.6,24.88,2085600.0,1147.0,,2110100.0,1147.0,6428.0,0,0,0,0,0,0,0,0,0,172,2026-02-03 08:53:15.967197
WNTR,26.45,26.45,26.52,2046400.0,,,1918800.0,,,0,0,0,0,0,0,0,0,0,172,2026-02-03 08:53:15.967197
SPNG,24.45,24.68,24.75,2026200.0,666.0,1943600.0,759.0,0,0,0,0,0,0,0,0,0,0,0,173,2026-02-03 08:53:16.999657
SMMR,23.24,23.36,23.38,2558800.0,,2492300.0,,0,0,0,0,0,0,0,0,0,0,0,173,2026-02-03 08:53:16.999657
ATMN,24.9,24.6,24.9,2331000.0,666.0,2226000.0,666.0,0,0,0,0,0,0,0,0,0,0,0,173,2026-02-03 08:53:16.999657
WNTR,26.53,26.45,26.53,2046400.0,,1944200.0,,0,0,0,0,0,0,0,0,0,0,0,173,2026-02-03 08:53:16.999657
SPNG,24.81,24.68,24.81,2026200.0,666.0,2045400.0,,,,0,0,0,0,0,0,0,0,0,174,2026-02-03 08:53:18.074954
SMMR,23.21,23.21,23.37,2518800.0,,2368900.0,8570.0,,,0,0,0,0,0,0,0,0,0,174,2026-02-03 08:53:18.074954
ATMN,24.76,24.61,24.71,2350600.0,,2344900.0,,6428.0,,0,0,0,0,0,0,0,0,0,174,2026-02-03 08:53:18.074954
WNTR,26.5,26.24,26.37,2034000.0,,1763200.0,10000.0,,759.0,0,0,0,0,0,0,0,0,0,174,2026-02-03 08:53:18.074954
SPNG,24.81,24.68,24.81,2058500.0,666.0,1937800.0,1241.0,,0,0,0,0,0,0,0,0,0,0,175,2026-02-03 08:53:19.109197
SMMR,23.37,23.21,23.38,2434800.0,1098.0,2492300.0,,,0,0,0,0,0,0,0,0,0,0,175,2026-02-03 08:53:19.109197
ATMN,24.75,24.52,24.74,2350600.0,,2325900.0,,6428.0,0,0,0,0,0,0,0,0,0,0,175,2026-02-03 08:53:19.109197
WNTR,26.37,26.34,26.37,2070900.0,,1920200.0,,,0,0,0,0,0,0,0,0,0,0,175,2026-02-03 08:53:19.109197
SPNG,24.56,24.56,24.81,2075500.0,1124.0,1909900.0,1124.0,,0,0,0,0,0,0,0,0,0,0,176,2026-02-03 08:53:20.147733
SMMR,23.2,23.2,23.38,2541300.0,,2492300.0,,,0,0,0,0,0,0,0,0,0,0,176,2026-02-03 08:53:20.147733
ATMN,24.9,24.86,24.9,2195800.0,1224.0,2322400.0,,6428.0,0,0,0,0,0,0,0,0,0,0,176,2026-02-03 08:53:20.147733
WNTR,26.53,26.4,26.53,2073100.0,,1822100.0,1224.0,,0,0,0,0,0,0,0,0,0,0,176,2026-02-03 08:53:20.147733
SPNG,25.05,24.56,25.05,2075500.0,1124.0,2050600.0,,0,0,0,0,0,0,0,0,0,0,0,177,2026-02-03 08:53:21.187220
SMMR,23.19,23.19,23.38,2566800.0,,2476300.0,,0,0,0,0,0,0,0,0,0,0,0,177,2026-02-03 08:53:21.187220
ATMN,24.74,24.52,24.71,2488600.0,,2267000.0,1311.0,0,0,0,0,0,0,0,0,0,0,0,177,2026-02-03 08:53:21.187220
WNTR,26.42,26.4,26.41,1991400.0,1311.0,1835200.0,1311.0,0,0,0,0,0,0,0,0,0,0,0,177,2026-02-03 08:53:21.187220
SPNG,24.56,24.5,24.54,2050700.0,1468.0,2067200.0,,0,0,0,0,0,0,0,0,0,0,0,178,2026-02-03 08:53:21.747286
SMMR,23.19,23.19,23.38,2530700.0,,2510500.0,,0,0,0,0,0,0,0,0,0,0,0,178,2026-02-03 08:53:21.747286
ATMN,24.74,24.52,24.71,2457800.0,,2267000.0,1574.0,0,0,0,0,0,0,0,0,0,0,0,178,2026-02-03 08:53:21.747286
WNTR,26.41,26.4,26.41,1980700.0,1311.0,1844800.0,1574.0,0,0,0,0,0,0,0,0,0,0,0,178,2026-02-03 08:53:21.747286
SPNG,25.05,24.5,25.05,2045700.0,1468.0,1946000.0,1962.0,0,0,0,0,0,0,0,0,0,0,0,179,2026-02-03 08:53:22.798884
SMMR,23.19,23.18,23.19,2426900.0,1962.0,2528900.0,,0,0,0,0,0,0,0,0,0,0,0,179,2026-02-03 08:53:22.798884
ATMN,24.91,24.73,24.91,2314100.0,1975.0,2321900.0,,0,0,0,0,0,0,0,0,0,0,0,179,2026-02-03 08:53:22.798884
WNTR,26.43,26.4,26.41,1980700.0,1311.0,1845300.0,1975.0,0,0,0,0,0,0,0,0,0,0,0,179,2026-02-03 08:53:22.798884
SPNG,25.05,24.98,25.14,200000.0,1633.0,1306.0,0,0,0,0,0,0,0,0,0,0,0,0,180,2026-02-03 08:53:23.832895
SMMR,23.19,24.14,0.0,200000.0,1306.0,,0,0,0,0,0,0,0,0,0,0,0,0,180,2026-02-03 08:53:23.832895
ATMN,25.0,25.36,0.0,200000.0,,,0,0,0,0,0,0,0,0,0,0,0,0,180,2026-02-03 08:53:23.832895
WNTR,26.43,24.35,26.5,200000.0,,1633.0,0,0,0,0,0,0,0,0,0,0,0,0,180,2026-02-03 08:53:23.832895
SPNG,26.06,26.06,26.52,843100.0,2604.0,780600.0,828.0,0,0,0,0,0,0,0,0,0,0,0,181,2026-02-03 08:53:24.864406
SMMR,24.14,23.64,23.96,1085600.0,,1101300.0,828.0,0,0,0,0,0,0,0,0,0,0,0,181,2026-02-03 08:53:24.864406
ATMN,25.36,25.36,25.43,1068700.0,828.0,921600.0,828.0,0,0,0,0,0,0,0,0,0,0,0,181,2026-02-03 08:53:24.864406
WNTR,26.43,26.12,26.22,835800.0,1776.0,964400.0,2604.0,0,0,0,0,0,0,0,0,0,0,0,181,2026-02-03 08:53:24.864406
SPNG,26.06,25.59,25.72,878500.0,1084300.0,1026.0,,0,0,0,0,0,0,0,0,0,0,0,182,2026-02-03 08:53:25.897809
SMMR,24.14,23.77,23.96,1481700.0,1101300.0,1026.0,1026.0,0,0,0,0,0,0,0,0,0,0,0,182,2026-02-03 08:53:25.897809
ATMN,25.36,25.38,25.43,1068700.0,1054700.0,1026.0,1026.0,0,0,0,0,0,0,0,0,0,0,0,182,2026-02-03 08:53:25.897809
WNTR,26.43,26.12,26.15,835800.0,1250900.0,1795.0,769.0,0,0,0,0,0,0,0,0,0,0,0,182,2026-02-03 08:53:25.897809
SPNG,24.98,24.98,25.04,898300.0,1196500.0,2539.0,,0,0,0,0,0,0,0,0,0,0,0,183,2026-02-03 08:53:26.930394
SMMR,24.17,23.83,24.17,1694600.0,981900.0,,1154.0,0,0,0,0,0,0,0,0,0,0,0,183,2026-02-03 08:53:26.930394
ATMN,25.43,25.23,25.43,1196600.0,1054700.0,1385.0,,0,0,0,0,0,0,0,0,0,0,0,183,2026-02-03 08:53:26.930394
WNTR,26.07,26.07,26.08,841500.0,1471300.0,1385.0,,0,0,0,0,0,0,0,0,0,0,0,183,2026-02-03 08:53:26.930394
SPNG,25.08,24.6,25.08,956400.0,1208000.0,1429.0,,0,0,0,0,0,0,0,0,0,0,0,184,2026-02-03 08:53:27.963482
SMMR,24.17,24.12,24.17,2099500.0,981900.0,1429.0,1429.0,0,0,0,0,0,0,0,0,0,0,0,184,2026-02-03 08:53:27.963482
ATMN,25.59,25.36,25.59,1442800.0,941500.0,2858.0,1429.0,0,0,0,0,0,0,0,0,0,0,0,184,2026-02-03 08:53:27.963482
WNTR,25.99,25.99,26.04,813200.0,1670200.0,1429.0,,0,0,0,0,0,0,0,0,0,0,0,184,2026-02-03 08:53:27.963482
SPNG,24.6,24.6,25.38,956400.0,1317.0,1205000.0,1317.0,0,0,0,0,0,0,0,0,0,0,0,185,2026-02-03 08:53:28.999111
SMMR,24.2,24.16,24.2,2223300.0,,1096800.0,1317.0,0,0,0,0,0,0,0,0,0,0,0,185,2026-02-03 08:53:28.999111
ATMN,25.33,25.33,25.51,1551400.0,1317.0,1045200.0,1317.0,0,0,0,0,0,0,0,0,0,0,0,185,2026-02-03 08:53:28.999111
WNTR,25.99,25.99,26.04,813200.0,,1873400.0,1195.0,0,0,0,0,0,0,0,0,0,0,0,185,2026-02-03 08:53:28.999111
SPNG,24.55,24.76,25.38,1392000.0,1205000.0,,0,0,0,0,0,0,0,0,0,0,0,0,186,2026-02-03 08:53:30.029066
SMMR,24.13,24.13,24.15,2209500.0,1223900.0,,0,0,0,0,0,0,0,0,0,0,0,0,186,2026-02-03 08:53:30.029066
ATMN,25.14,25.14,25.42,1223500.0,1176800.0,,0,0,0,0,0,0,0,0,0,0,0,0,186,2026-02-03 08:53:30.029066
WNTR,25.85,25.85,26.04,798800.0,1903200.0,1397.0,0,0,0,0,0,0,0,0,0,0,0,0,186,2026-02-03 08:53:30.029066
SPNG,24.76,24.02,24.51,1277000.0,1475200.0,1138.0,,0,0,0,0,0,0,0,0,0,0,0,187,2026-02-03 08:53:31.059069
SMMR,24.12,24.04,24.1,1985400.0,1626300.0,1226.0,,0,0,0,0,0,0,0,0,0,0,0,187,2026-02-03 08:53:31.059069
ATMN,25.42,25.28,25.42,1437100.0,1176800.0,,,0,0,0,0,0,0,0,0,0,0,0,187,2026-02-03 08:53:31.059069
WNTR,25.91,25.89,25.91,798800.0,1962000.0,1226.0,1226.0,0,0,0,0,0,0,0,0,0,0,0,187,2026-02-03 08:53:31.059069
SPNG,24.73,24.73,25.38,1523300.0,1072.0,1477700.0,,0,0,0,0,0,0,0,0,0,0,0,188,2026-02-03 08:53:32.097183
SMMR,24.24,24.04,24.12,1985400.0,1072.0,1460600.0,1072.0,0,0,0,0,0,0,0,0,0,0,0,188,2026-02-03 08:53:32.097183
ATMN,25.51,25.57,25.59,1792900.0,1072.0,941500.0,,0,0,0,0,0,0,0,0,0,0,0,188,2026-02-03 08:53:32.097183
WNTR,25.8,25.57,25.59,818900.0,2210.0,1902900.0,2210.0,0,0,0,0,0,0,0,0,0,0,0,188,2026-02-03 08:53:32.097183
SPNG,24.73,24.9,25.08,1620100.0,1392.0,4285.0,1688300.0,1392.0,4285.0,0,0,0,0,0,0,0,0,0,189,2026-02-03 08:53:33.128723
SMMR,24.12,24.05,24.11,1985400.0,1392.0,8570.0,1866200.0,1044.0,8570.0,0,0,0,0,0,0,0,0,0,189,2026-02-03 08:53:33.128723
ATMN,25.46,25.57,25.59,1825900.0,1044.0,,941500.0,1392.0,,0,0,0,0,0,0,0,0,0,189,2026-02-03 08:53:33.128723
WNTR,25.34,25.34,25.41,834300.0,,,1811700.0,1044.0,10712.0,0,0,0,0,0,0,0,0,0,189,2026-02-03 08:53:33.128723
SPNG,24.74,24.73,24.89,1701500.0,797.0,1783200.0,797.0,0,0,0,0,0,0,0,0,0,0,0,190,2026-02-03 08:53:34.162993
SMMR,24.04,24.04,24.12,2099200.0,797.0,2099900.0,1044.0,0,0,0,0,0,0,0,0,0,0,0,190,2026-02-03 08:53:34.162993
ATMN,25.55,25.55,25.59,1825900.0,797.0,1307500.0,656.0,0,0,0,0,0,0,0,0,0,0,0,190,2026-02-03 08:53:34.162993
WNTR,25.28,25.28,25.31,876100.0,1904.0,1982700.0,656.0,0,0,0,0,0,0,0,0,0,0,0,190,2026-02-03 08:53:34.162993
SPNG,24.89,25.03,25.08,2028500.0,697.0,1688300.0,,,0,0,0,0,0,0,0,0,0,0,191,2026-02-03 08:53:35.193879
SMMR,24.04,24.04,24.11,2342700.0,697.0,2221800.0,8570.0,1044.0,0,0,0,0,0,0,0,0,0,0,191,2026-02-03 08:53:35.193879
ATMN,25.39,25.28,25.39,1572700.0,,1566600.0,6428.0,697.0,0,0,0,0,0,0,0,0,0,0,191,2026-02-03 08:53:35.193879
WNTR,25.21,24.9,24.99,891200.0,697.0,1606600.0,10712.0,1494.0,0,0,0,0,0,0,0,0,0,0,191,2026-02-03 08:53:35.193879
SPNG,25.08,24.73,24.81,2090700.0,519.0,519.0,1688300.0,0,0,0,0,0,0,0,0,0,0,0,192,2026-02-03 08:53:36.229349
SMMR,24.14,24.14,24.15,2460300.0,519.0,519.0,2074600.0,0,0,0,0,0,0,0,0,0,0,0,192,2026-02-03 08:53:36.229349
ATMN,25.14,25.14,25.39,1596300.0,519.0,519.0,1688000.0,0,0,0,0,0,0,0,0,0,0,0,192,2026-02-03 08:53:36.229349
WNTR,24.9,24.9,24.91,891200.0,1216.0,1216.0,1800700.0,0,0,0,0,0,0,0,0,0,0,0,192,2026-02-03 08:53:36.229349
SPNG,24.73,24.73,25.08,2179000.0,658.0,1688300.0,,0,0,0,0,0,0,0,0,0,0,0,193,2026-02-03 08:53:37.268033
SMMR,24.15,24.07,24.15,2460200.0,658.0,2074600.0,658.0,0,0,0,0,0,0,0,0,0,0,0,193,2026-02-03 08:53:37.268033
ATMN,25.14,25.28,25.38,1936100.0,658.0,1688000.0,658.0,0,0,0,0,0,0,0,0,0,0,0,193,2026-02-03 08:53:37.268033
WNTR,24.8,24.78,24.8,898400.0,,1816000.0,1351.0,0,0,0,0,0,0,0,0,0,0,0,193,2026-02-03 08:53:37.268033
SPNG,25.38,24.73,25.38,2305300.0,684.0,1575600.0,,0,0,0,0,0,0,0,0,0,0,0,194,2026-02-03 08:53:37.824961
SMMR,24.15,24.07,24.15,2586700.0,,2074600.0,658.0,0,0,0,0,0,0,0,0,0,0,0,194,2026-02-03 08:53:37.824961
ATMN,25.56,25.28,25.56,2050800.0,,1557600.0,,0,0,0,0,0,0,0,0,0,0,0,194,2026-02-03 08:53:37.824961
WNTR,24.56,24.66,24.8,919000.0,684.0,2022500.0,,0,0,0,0,0,0,0,0,0,0,0,194,2026-02-03 08:53:37.824961
SPNG,25.38,24.74,24.75,4285.0,2127000.0,684.0,1782400.0,502.0,4285.0,0,0,0,0,0,0,0,0,0,195,2026-02-03 08:53:38.871964
SMMR,24.07,24.07,24.14,,2313900.0,1118.0,2217700.0,658.0,8570.0,0,0,0,0,0,0,0,0,0,195,2026-02-03 08:53:38.871964
ATMN,25.28,25.28,25.55,,2050800.0,1118.0,1557600.0,616.0,6428.0,0,0,0,0,0,0,0,0,0,195,2026-02-03 08:53:38.871964
WNTR,24.54,24.54,24.61,,908500.0,616.0,1842500.0,616.0,10000.0,0,0,0,0,0,0,0,0,0,195,2026-02-03 08:53:38.871964
SPNG,25.02,24.73,24.95,2224200.0,684.0,754.0,1817000.0,0,0,0,0,0,0,0,0,0,0,0,196,2026-02-03 08:53:39.906222
SMMR,24.06,24.06,24.14,2464000.0,754.0,658.0,2346900.0,0,0,0,0,0,0,0,0,0,0,0,196,2026-02-03 08:53:39.906222
ATMN,25.28,25.43,25.54,2187100.0,502.0,,1806000.0,0,0,0,0,0,0,0,0,0,0,0,196,2026-02-03 08:53:39.906222
WNTR,24.54,24.5,24.54,912600.0,754.0,,2051300.0,0,0,0,0,0,0,0,0,0,0,0,196,2026-02-03 08:53:39.906222
SPNG,25.02,24.91,25.02,2170200.0,377.0,1911900.0,,,0,0,0,0,0,0,0,0,0,0,197,2026-02-03 08:53:40.952290
SMMR,24.09,24.06,24.09,2464000.0,754.0,2359700.0,377.0,,0,0,0,0,0,0,0,0,0,0,197,2026-02-03 08:53:40.952290
ATMN,25.43,25.43,25.54,2187100.0,452.0,2058300.0,377.0,,0,0,0,0,0,0,0,0,0,0,197,2026-02-03 08:53:40.952290
WNTR,24.45,24.45,24.53,888800.0,377.0,1753300.0,377.0,10712.0,0,0,0,0,0,0,0,0,0,0,197,2026-02-03 08:53:40.952290
SPNG,24.73,24.73,25.44,2212400.0,295.0,1549800.0,,0,0,0,0,0,0,0,0,0,0,0,198,2026-02-03 08:53:41.988496
SMMR,24.14,24.05,24.14,2457200.0,754.0,2466900.0,,0,0,0,0,0,0,0,0,0,0,0,198,2026-02-03 08:53:41.988496
ATMN,25.28,25.28,25.54,1940800.0,,2160600.0,,0,0,0,0,0,0,0,0,0,0,0,198,2026-02-03 08:53:41.988496
WNTR,24.45,24.45,24.48,888800.0,,1938100.0,565.0,0,0,0,0,0,0,0,0,0,0,0,198,2026-02-03 08:53:41.988496
SPNG,24.6,24.6,25.11,2390600.0,1644600.0,292.0,,,0,0,0,0,0,0,0,0,0,0,199,2026-02-03 08:53:43.022932
SMMR,24.19,24.09,24.18,2457200.0,2326800.0,292.0,292.0,,0,0,0,0,0,0,0,0,0,0,199,2026-02-03 08:53:43.022932
ATMN,25.14,25.14,25.44,1815600.0,2085400.0,584.0,,,0,0,0,0,0,0,0,0,0,0,199,2026-02-03 08:53:43.022932
WNTR,24.35,24.38,24.47,893700.0,1938100.0,,584.0,10000.0,0,0,0,0,0,0,0,0,0,0,199,2026-02-03 08:53:43.022932
SPNG,25.63,24.74,25.45,129.0,2216700.0,129.0,1556400.0,,0,0,0,0,0,0,0,0,0,0,200,2026-02-03 08:53:44.055657
SMMR,24.19,24.09,24.13,292.0,2457600.0,129.0,2270400.0,8570.0,0,0,0,0,0,0,0,0,0,0,200,2026-02-03 08:53:44.055657
ATMN,25.44,25.14,25.44,,1815600.0,,2287900.0,,0,0,0,0,0,0,0,0,0,0,200,2026-02-03 08:53:44.055657
WNTR,24.29,24.11,24.26,,894300.0,486.0,1885200.0,,0,0,0,0,0,0,0,0,0,0,200,2026-02-03 08:53:44.055657
SPNG,24.84,25.3,25.63,2215800.0,129.0,1556400.0,0,0,0,0,0,0,0,0,0,0,0,0,201,2026-02-03 08:53:45.092426
SMMR,24.06,24.06,24.16,2592100.0,,2495800.0,0,0,0,0,0,0,0,0,0,0,0,0,201,2026-02-03 08:53:45.092426
ATMN,25.33,25.14,25.33,1949900.0,,2279100.0,0,0,0,0,0,0,0,0,0,0,0,0,201,2026-02-03 08:53:45.092426
WNTR,24.11,24.05,24.09,1011600.0,,2078900.0,0,0,0,0,0,0,0,0,0,0,0,0,201,2026-02-03 08:53:45.092426
SPNG,25.3,25.3,25.52,2215800.0,4285.0,1758100.0,,0,0,0,0,0,0,0,0,0,0,0,202,2026-02-03 08:53:46.120528
SMMR,24.05,24.05,24.12,2474700.0,,2360200.0,8570.0,0,0,0,0,0,0,0,0,0,0,0,202,2026-02-03 08:53:46.120528
ATMN,25.45,25.15,25.25,1949900.0,6428.0,2289800.0,,0,0,0,0,0,0,0,0,0,0,0,202,2026-02-03 08:53:46.120528
WNTR,24.26,24.4,24.47,1370700.0,,2062900.0,,0,0,0,0,0,0,0,0,0,0,0,202,2026-02-03 08:53:46.120528
SPNG,25.01,24.6,24.7,2390600.0,1906100.0,0,0,0,0,0,0,0,0,0,0,0,0,0,203,2026-02-03 08:53:47.158496
SMMR,24.19,24.05,24.19,2595700.0,2508800.0,0,0,0,0,0,0,0,0,0,0,0,0,0,203,2026-02-03 08:53:47.158496
ATMN,25.25,25.36,25.54,2204100.0,2307800.0,0,0,0,0,0,0,0,0,0,0,0,0,0,203,2026-02-03 08:53:47.158496
WNTR,24.24,24.06,24.24,1247100.0,2076600.0,0,0,0,0,0,0,0,0,0,0,0,0,0,203,2026-02-03 08:53:47.158496
SPNG,24.7,24.93,25.13,2317100.0,1886000.0,,0,0,0,0,0,0,0,0,0,0,0,0,204,2026-02-03 08:53:48.191186
SMMR,23.97,24.08,24.19,2367000.0,2508800.0,,0,0,0,0,0,0,0,0,0,0,0,0,204,2026-02-03 08:53:48.191186
ATMN,25.14,25.14,25.32,1949900.0,2358700.0,,0,0,0,0,0,0,0,0,0,0,0,0,204,2026-02-03 08:53:48.191186
WNTR,24.24,24.24,24.46,1338400.0,1960900.0,10712.0,0,0,0,0,0,0,0,0,0,0,0,0,204,2026-02-03 08:53:48.191186
SPNG,25.15,24.89,25.15,2306000.0,1873100.0,,0,0,0,0,0,0,0,0,0,0,0,0,205,2026-02-03 08:53:49.223527
SMMR,23.97,24.08,24.11,2367000.0,2363200.0,8570.0,0,0,0,0,0,0,0,0,0,0,0,0,205,2026-02-03 08:53:49.223527
ATMN,25.52,25.12,25.52,1814200.0,2367400.0,,0,0,0,0,0,0,0,0,0,0,0,0,205,2026-02-03 08:53:49.223527
WNTR,24.06,24.23,24.36,1363800.0,2182700.0,,0,0,0,0,0,0,0,0,0,0,0,0,205,2026-02-03 08:53:49.223527
SPNG,24.6,24.6,25.14,2337900.0,4285.0,1779900.0,,0,0,0,0,0,0,0,0,0,0,0,206,2026-02-03 08:53:50.264731
SMMR,23.97,24.08,24.1,2581900.0,8570.0,2373800.0,,0,0,0,0,0,0,0,0,0,0,0,206,2026-02-03 08:53:50.264731
ATMN,25.11,25.13,25.38,1709600.0,6428.0,2273500.0,6428.0,0,0,0,0,0,0,0,0,0,0,0,206,2026-02-03 08:53:50.264731
WNTR,24.28,24.3,24.34,1376400.0,10712.0,2014100.0,,0,0,0,0,0,0,0,0,0,0,0,206,2026-02-03 08:53:50.264731
SPNG,25.22,24.6,25.19,2336800.0,1892000.0,0,0,0,0,0,0,0,0,0,0,0,0,0,207,2026-02-03 08:53:51.299438
SMMR,24.05,24.05,24.12,2601300.0,2511400.0,0,0,0,0,0,0,0,0,0,0,0,0,0,207,2026-02-03 08:53:51.299438
ATMN,25.11,25.29,25.38,1802400.0,2354700.0,0,0,0,0,0,0,0,0,0,0,0,0,0,207,2026-02-03 08:53:51.299438
WNTR,24.27,24.06,24.27,1247100.0,2227700.0,0,0,0,0,0,0,0,0,0,0,0,0,0,207,2026-02-03 08:53:51.299438
SPNG,25.52,24.6,25.52,2298200.0,1843500.0,,0,0,0,0,0,0,0,0,0,0,0,0,208,2026-02-03 08:53:52.341042
SMMR,24.08,24.08,24.12,2573500.0,2511400.0,,0,0,0,0,0,0,0,0,0,0,0,0,208,2026-02-03 08:53:52.341042
ATMN,25.31,25.34,25.38,1912600.0,2357600.0,6428.0,0,0,0,0,0,0,0,0,0,0,0,0,208,2026-02-03 08:53:52.341042
WNTR,24.31,24.31,24.34,1376100.0,2193300.0,,0,0,0,0,0,0,0,0,0,0,0,0,208,2026-02-03 08:53:52.341042
SPNG,25.08,25.12,25.52,2325700.0,1843500.0,0,0,0,0,0,0,0,0,0,0,0,0,0,209,2026-02-03 08:53:53.372276
SMMR,24.03,24.03,24.12,2491400.0,2511400.0,0,0,0,0,0,0,0,0,0,0,0,0,0,209,2026-02-03 08:53:53.372276
ATMN,25.54,25.34,25.45,1912600.0,2376200.0,0,0,0,0,0,0,0,0,0,0,0,0,0,209,2026-02-03 08:53:53.372276
WNTR,24.26,24.06,24.15,1247100.0,2206900.0,0,0,0,0,0,0,0,0,0,0,0,0,0,209,2026-02-03 08:53:53.372276
SPNG,25.04,25.23,25.52,2276800.0,1843500.0,0,0,0,0,0,0,0,0,0,0,0,0,0,210,2026-02-03 08:53:54.420011
SMMR,24.13,23.96,24.13,2101200.0,2468400.0,0,0,0,0,0,0,0,0,0,0,0,0,0,210,2026-02-03 08:53:54.420011
ATMN,25.11,25.11,25.45,1743100.0,2393100.0,0,0,0,0,0,0,0,0,0,0,0,0,0,210,2026-02-03 08:53:54.420011
WNTR,24.15,24.23,24.34,1598400.0,2228500.0,0,0,0,0,0,0,0,0,0,0,0,0,0,210,2026-02-03 08:53:54.420011
SPNG,25.23,24.61,24.85,2134100.0,4285.0,1905100.0,,0,0,0,0,0,0,0,0,0,0,0,211,2026-02-03 08:53:54.975601
SMMR,24.09,24.12,24.13,2227600.0,,2468400.0,,0,0,0,0,0,0,0,0,0,0,0,211,2026-02-03 08:53:54.975601
ATMN,25.45,25.15,25.44,1862800.0,,2264900.0,6428.0,0,0,0,0,0,0,0,0,0,0,0,211,2026-02-03 08:53:54.975601
WNTR,24.23,24.23,24.34,1695500.0,,2228500.0,,0,0,0,0,0,0,0,0,0,0,0,211,2026-02-03 08:53:54.975601
SPNG,25.23,24.61,24.85,2236200.0,1905100.0,0,0,0,0,0,0,0,0,0,0,0,0,0,212,2026-02-03 08:53:56.006747
SMMR,23.9,23.9,24.1,1980200.0,2479300.0,0,0,0,0,0,0,0,0,0,0,0,0,0,212,2026-02-03 08:53:56.006747
ATMN,25.45,25.43,25.45,2096700.0,2364400.0,0,0,0,0,0,0,0,0,0,0,0,0,0,212,2026-02-03 08:53:56.006747
WNTR,24.21,24.33,24.34,1665000.0,2200500.0,0,0,0,0,0,0,0,0,0,0,0,0,0,212,2026-02-03 08:53:56.006747
SPNG,24.85,25.33,25.52,2046500.0,4285.0,1843500.0,,0,0,0,0,0,0,0,0,0,0,0,213,2026-02-03 08:53:57.044405
SMMR,24.13,23.9,24.13,1980200.0,,2480800.0,,0,0,0,0,0,0,0,0,0,0,0,213,2026-02-03 08:53:57.044405
ATMN,25.44,25.15,25.25,1977800.0,,2234800.0,6428.0,0,0,0,0,0,0,0,0,0,0,0,213,2026-02-03 08:53:57.044405
WNTR,24.34,24.33,24.34,1574300.0,10000.0,2198200.0,,0,0,0,0,0,0,0,0,0,0,0,213,2026-02-03 08:53:57.044405
SPNG,25.42,24.71,25.39,2213500.0,1884400.0,,0,0,0,0,0,0,0,0,0,0,0,0,214,2026-02-03 08:53:58.075410
SMMR,23.95,24.09,24.13,2098700.0,2480800.0,,0,0,0,0,0,0,0,0,0,0,0,0,214,2026-02-03 08:53:58.075410
ATMN,25.15,25.15,25.25,2309600.0,2341900.0,,0,0,0,0,0,0,0,0,0,0,0,0,214,2026-02-03 08:53:58.075410
WNTR,24.34,24.06,24.34,1678800.0,2079000.0,712.0,0,0,0,0,0,0,0,0,0,0,0,0,214,2026-02-03 08:53:58.075410
SPNG,24.71,24.71,25.39,2213500.0,1928700.0,,0,0,0,0,0,0,0,0,0,0,0,0,215,2026-02-03 08:53:59.107195
SMMR,24.06,23.9,24.06,2101700.0,2523200.0,,0,0,0,0,0,0,0,0,0,0,0,0,215,2026-02-03 08:53:59.107195
ATMN,25.15,25.2,25.25,2549500.0,2368900.0,,0,0,0,0,0,0,0,0,0,0,0,0,215,2026-02-03 08:53:59.107195
WNTR,24.34,24.26,24.33,1909200.0,1983000.0,10712.0,0,0,0,0,0,0,0,0,0,0,0,0,215,2026-02-03 08:53:59.107195
SPNG,25.44,24.71,25.33,2213500.0,1929400.0,0,0,0,0,0,0,0,0,0,0,0,0,0,216,2026-02-03 08:54:00.139194
SMMR,23.9,23.9,24.06,2101700.0,2501800.0,0,0,0,0,0,0,0,0,0,0,0,0,0,216,2026-02-03 08:54:00.139194
ATMN,25.09,25.09,25.25,2334500.0,2368900.0,0,0,0,0,0,0,0,0,0,0,0,0,0,216,2026-02-03 08:54:00.139194
WNTR,24.18,24.18,24.34,1788000.0,2183300.0,0,0,0,0,0,0,0,0,0,0,0,0,0,216,2026-02-03 08:54:00.139194
SPNG,25.44,24.71,24.91,2176400.0,1867000.0,4285.0,0,0,0,0,0,0,0,0,0,0,0,0,217,2026-02-03 08:54:01.167788
SMMR,24.06,24.1,24.13,2224000.0,2503700.0,,0,0,0,0,0,0,0,0,0,0,0,0,217,2026-02-03 08:54:01.167788
ATMN,25.25,25.18,25.25,2490300.0,2368900.0,,0,0,0,0,0,0,0,0,0,0,0,0,217,2026-02-03 08:54:01.167788
WNTR,24.36,24.18,24.36,1884600.0,2186100.0,,0,0,0,0,0,0,0,0,0,0,0,0,217,2026-02-03 08:54:01.167788
SPNG,25.22,24.71,25.22,2145100.0,1939100.0,,0,0,0,0,0,0,0,0,0,0,0,0,218,2026-02-03 08:54:02.206348
SMMR,24.1,23.91,24.1,2101700.0,2465300.0,8570.0,0,0,0,0,0,0,0,0,0,0,0,0,218,2026-02-03 08:54:02.206348
ATMN,25.25,25.19,25.25,2442600.0,2368900.0,,0,0,0,0,0,0,0,0,0,0,0,0,218,2026-02-03 08:54:02.206348
WNTR,24.36,24.26,24.27,2114800.0,2177300.0,,0,0,0,0,0,0,0,0,0,0,0,0,218,2026-02-03 08:54:02.206348
SPNG,25.22,25.06,25.07,2175300.0,1853000.0,4285.0,,0,0,0,0,0,0,0,0,0,0,0,219,2026-02-03 08:54:03.241377
SMMR,23.83,23.92,24.14,1953400.0,2504200.0,,8570.0,0,0,0,0,0,0,0,0,0,0,0,219,2026-02-03 08:54:03.241377
ATMN,25.19,25.19,25.43,2442600.0,2350900.0,,,0,0,0,0,0,0,0,0,0,0,0,219,2026-02-03 08:54:03.241377
WNTR,24.27,24.24,24.27,2102700.0,1958600.0,10712.0,,0,0,0,0,0,0,0,0,0,0,0,219,2026-02-03 08:54:03.241377
SPNG,25.06,25.06,25.07,2175300.0,1938300.0,0,0,0,0,0,0,0,0,0,0,0,0,0,220,2026-02-03 08:54:04.280022
SMMR,23.77,23.97,24.07,1950200.0,2512000.0,0,0,0,0,0,0,0,0,0,0,0,0,0,220,2026-02-03 08:54:04.280022
ATMN,25.36,25.36,25.43,2446700.0,2356200.0,0,0,0,0,0,0,0,0,0,0,0,0,0,220,2026-02-03 08:54:04.280022
WNTR,24.18,24.15,24.16,1875000.0,2198200.0,0,0,0,0,0,0,0,0,0,0,0,0,0,220,2026-02-03 08:54:04.280022
SPNG,24.64,25.06,25.07,4285.0,2014000.0,1864400.0,4285.0,0,0,0,0,0,0,0,0,0,0,0,221,2026-02-03 08:54:05.315655
SMMR,23.77,23.97,24.06,,2209300.0,2362800.0,8570.0,0,0,0,0,0,0,0,0,0,0,0,221,2026-02-03 08:54:05.315655
ATMN,25.36,25.37,25.43,6428.0,2331700.0,2409700.0,,0,0,0,0,0,0,0,0,0,0,0,221,2026-02-03 08:54:05.315655
WNTR,24.15,24.15,24.16,,1875000.0,2038000.0,4012.0,0,0,0,0,0,0,0,0,0,0,0,221,2026-02-03 08:54:05.315655
SPNG,25.06,24.64,24.91,2116100.0,1865300.0,4285.0,0,0,0,0,0,0,0,0,0,0,0,0,222,2026-02-03 08:54:06.348290
SMMR,23.77,23.97,24.07,2353700.0,2471000.0,,0,0,0,0,0,0,0,0,0,0,0,0,222,2026-02-03 08:54:06.348290
ATMN,25.18,25.18,25.25,2461300.0,2430100.0,,0,0,0,0,0,0,0,0,0,0,0,0,222,2026-02-03 08:54:06.348290
WNTR,24.06,24.06,24.27,2014100.0,2161600.0,,0,0,0,0,0,0,0,0,0,0,0,0,222,2026-02-03 08:54:06.348290
SPNG,25.07,24.64,25.07,2120300.0,1963500.0,,0,0,0,0,0,0,0,0,0,0,0,0,223,2026-02-03 08:54:07.381480
SMMR,23.93,23.93,24.02,2375900.0,2367900.0,8570.0,0,0,0,0,0,0,0,0,0,0,0,0,223,2026-02-03 08:54:07.381480
ATMN,25.36,25.36,25.43,2441600.0,2412000.0,,0,0,0,0,0,0,0,0,0,0,0,0,223,2026-02-03 08:54:07.381480
WNTR,24.19,24.19,24.27,2260900.0,2161600.0,,0,0,0,0,0,0,0,0,0,0,0,0,223,2026-02-03 08:54:07.381480
SPNG,25.01,24.64,25.01,2120300.0,1936100.0,0,0,0,0,0,0,0,0,0,0,0,0,0,224,2026-02-03 08:54:08.416416
SMMR,24.02,23.91,24.02,2252700.0,2489800.0,0,0,0,0,0,0,0,0,0,0,0,0,0,224,2026-02-03 08:54:08.416416
ATMN,25.25,25.18,25.25,2456000.0,2411000.0,0,0,0,0,0,0,0,0,0,0,0,0,0,224,2026-02-03 08:54:08.416416
WNTR,24.27,24.06,24.27,2239300.0,2131800.0,0,0,0,0,0,0,0,0,0,0,0,0,0,224,2026-02-03 08:54:08.416416
SPNG,24.61,24.61,24.98,2110400.0,1856000.0,4285.0,,0,0,0,0,0,0,0,0,0,0,0,225,2026-02-03 08:54:09.496343
SMMR,23.99,23.91,23.99,2252700.0,2513200.0,,,0,0,0,0,0,0,0,0,0,0,0,225,2026-02-03 08:54:09.496343
ATMN,25.43,25.18,25.43,2482600.0,2405100.0,,,0,0,0,0,0,0,0,0,0,0,0,225,2026-02-03 08:54:09.496343
WNTR,24.27,24.14,24.19,1915800.0,1986500.0,10712.0,10712.0,0,0,0,0,0,0,0,0,0,0,0,225,2026-02-03 08:54:09.496343
SPNG,25.01,24.61,25.01,2105100.0,1936100.0,,,0,0,0,0,0,0,0,0,0,0,0,226,2026-02-03 08:54:10.065447
SMMR,23.84,23.84,23.99,2216700.0,2513200.0,,,0,0,0,0,0,0,0,0,0,0,0,226,2026-02-03 08:54:10.065447
ATMN,25.43,25.28,25.42,2354600.0,2286800.0,6428.0,6428.0,0,0,0,0,0,0,0,0,0,0,0,226,2026-02-03 08:54:10.065447
WNTR,24.12,24.12,24.19,2174000.0,2169700.0,,,0,0,0,0,0,0,0,0,0,0,0,226,2026-02-03 08:54:10.065447
SPNG,25.07,24.83,25.07,2112100.0,1957100.0,,0,0,0,0,0,0,0,0,0,0,0,0,227,2026-02-03 08:54:11.097837
SMMR,23.84,23.84,23.98,2441100.0,2411700.0,8570.0,0,0,0,0,0,0,0,0,0,0,0,0,227,2026-02-03 08:54:11.097837
ATMN,25.43,25.18,25.41,2491000.0,2412700.0,,0,0,0,0,0,0,0,0,0,0,0,0,227,2026-02-03 08:54:11.097837
WNTR,24.27,24.29,24.36,2148100.0,2153000.0,,0,0,0,0,0,0,0,0,0,0,0,0,227,2026-02-03 08:54:11.097837
SPNG,25.07,25.15,25.22,2065100.0,1986900.0,,,0,0,0,0,0,0,0,0,0,0,0,228,2026-02-03 08:54:12.137337
SMMR,24.01,23.85,24.01,2446200.0,2489000.0,8570.0,,0,0,0,0,0,0,0,0,0,0,0,228,2026-02-03 08:54:12.137337
ATMN,25.18,25.21,25.37,2501100.0,2298100.0,,6428.0,0,0,0,0,0,0,0,0,0,0,0,228,2026-02-03 08:54:12.137337
WNTR,24.2,24.2,24.36,1931500.0,2153000.0,10712.0,,0,0,0,0,0,0,0,0,0,0,0,228,2026-02-03 08:54:12.137337
SPNG,25.22,24.84,24.94,4285.0,1980100.0,4285.0,1880000.0,0,0,0,0,0,0,0,0,0,0,0,229,2026-02-03 08:54:13.171369
SMMR,24.02,23.86,23.87,8570.0,2445000.0,,2476600.0,0,0,0,0,0,0,0,0,0,0,0,229,2026-02-03 08:54:13.171369
ATMN,25.18,25.18,25.37,,2484800.0,,2397200.0,0,0,0,0,0,0,0,0,0,0,0,229,2026-02-03 08:54:13.171369
WNTR,24.2,24.26,24.36,,2129600.0,,2153000.0,0,0,0,0,0,0,0,0,0,0,0,229,2026-02-03 08:54:13.171369
SPNG,25.23,24.83,25.23,2096200.0,1981300.0,,0,0,0,0,0,0,0,0,0,0,0,0,230,2026-02-03 08:54:14.213674
SMMR,24.06,24.0,24.06,2421300.0,2472400.0,8570.0,0,0,0,0,0,0,0,0,0,0,0,0,230,2026-02-03 08:54:14.213674
ATMN,25.14,25.28,25.37,2473000.0,2389300.0,,0,0,0,0,0,0,0,0,0,0,0,0,230,2026-02-03 08:54:14.213674
WNTR,24.12,24.3,24.36,2148300.0,2153000.0,,0,0,0,0,0,0,0,0,0,0,0,0,230,2026-02-03 08:54:14.213674
SPNG,24.63,24.84,25.04,4285.0,2000600.0,1958100.0,0,0,0,0,0,0,0,0,0,0,0,0,231,2026-02-03 08:54:15.246684
SMMR,23.85,23.85,24.06,,2592200.0,2475200.0,0,0,0,0,0,0,0,0,0,0,0,0,231,2026-02-03 08:54:15.246684
ATMN,25.28,25.14,25.23,,2482200.0,2410200.0,0,0,0,0,0,0,0,0,0,0,0,0,231,2026-02-03 08:54:15.246684
WNTR,24.28,24.28,24.36,,2170600.0,2184700.0,0,0,0,0,0,0,0,0,0,0,0,0,231,2026-02-03 08:54:15.246684
SPNG,25.23,24.72,25.23,2135700.0,1981300.0,,0,0,0,0,0,0,0,0,0,0,0,0,232,2026-02-03 08:54:16.285894
SMMR,23.85,23.93,23.99,2435200.0,2510300.0,8570.0,0,0,0,0,0,0,0,0,0,0,0,0,232,2026-02-03 08:54:16.285894
ATMN,25.14,25.17,25.41,2469400.0,2405700.0,,0,0,0,0,0,0,0,0,0,0,0,0,232,2026-02-03 08:54:16.285894
WNTR,24.32,24.28,24.32,2170600.0,2162200.0,,0,0,0,0,0,0,0,0,0,0,0,0,232,2026-02-03 08:54:16.285894
SPNG,24.72,24.72,25.2,2135700.0,2012900.0,,0,0,0,0,0,0,0,0,0,0,0,0,233,2026-02-03 08:54:17.321605
SMMR,24.06,23.93,24.06,2371500.0,2502000.0,8570.0,0,0,0,0,0,0,0,0,0,0,0,0,233,2026-02-03 08:54:17.321605
ATMN,25.1,25.1,25.43,2483500.0,2401000.0,,0,0,0,0,0,0,0,0,0,0,0,0,233,2026-02-03 08:54:17.321605
WNTR,24.32,24.28,24.32,2128500.0,2157600.0,,0,0,0,0,0,0,0,0,0,0,0,0,233,2026-02-03 08:54:17.321605
SPNG,24.72,24.95,25.2,2108500.0,2015500.0,,0,0,0,0,0,0,0,0,0,0,0,0,234,2026-02-03 08:54:18.357036
SMMR,23.99,23.87,23.92,2539200.0,2544200.0,,0,0,0,0,0,0,0,0,0,0,0,0,234,2026-02-03 08:54:18.357036
ATMN,25.22,25.1,25.22,2441000.0,2400900.0,,0,0,0,0,0,0,0,0,0,0,0,0,234,2026-02-03 08:54:18.357036
WNTR,24.26,24.31,24.32,2058300.0,2157600.0,712.0,0,0,0,0,0,0,0,0,0,0,0,0,234,2026-02-03 08:54:18.357036
SPNG,24.63,24.63,25.2,2127500.0,2001600.0,0,0,0,0,0,0,0,0,0,0,0,0,0,235,2026-02-03 08:54:19.388045
SMMR,24.06,24.06,24.07,2512800.0,2492000.0,0,0,0,0,0,0,0,0,0,0,0,0,0,235,2026-02-03 08:54:19.388045
ATMN,25.37,25.1,25.23,2441000.0,2417800.0,0,0,0,0,0,0,0,0,0,0,0,0,0,235,2026-02-03 08:54:19.388045
WNTR,24.26,24.26,24.32,2195800.0,2157600.0,0,0,0,0,0,0,0,0,0,0,0,0,0,235,2026-02-03 08:54:19.388045
SPNG,25.23,24.63,25.23,2127500.0,2016800.0,,0,0,0,0,0,0,0,0,0,0,0,0,236,2026-02-03 08:54:20.427989
SMMR,24.06,23.94,24.04,2532200.0,2391900.0,8570.0,0,0,0,0,0,0,0,0,0,0,0,0,236,2026-02-03 08:54:20.427989
ATMN,25.13,25.32,25.47,2459400.0,2374100.0,,0,0,0,0,0,0,0,0,0,0,0,0,236,2026-02-03 08:54:20.427989
WNTR,24.34,24.11,24.34,2205200.0,2123500.0,,0,0,0,0,0,0,0,0,0,0,0,0,236,2026-02-03 08:54:20.427989
SPNG,25.28,24.63,25.28,2119500.0,2040900.0,0,0,0,0,0,0,0,0,0,0,0,0,0,237,2026-02-03 08:54:21.487962
SMMR,24.08,23.94,24.08,2522300.0,2465500.0,0,0,0,0,0,0,0,0,0,0,0,0,0,237,2026-02-03 08:54:21.487962
ATMN,25.32,25.1,25.22,2441000.0,2350900.0,0,0,0,0,0,0,0,0,0,0,0,0,0,237,2026-02-03 08:54:21.487962
WNTR,24.37,24.11,24.37,2181900.0,2142000.0,0,0,0,0,0,0,0,0,0,0,0,0,0,237,2026-02-03 08:54:21.487962
SPNG,24.87,24.88,25.28,2122600.0,2040900.0,,0,0,0,0,0,0,0,0,0,0,0,0,238,2026-02-03 08:54:22.565250
SMMR,24.09,23.94,24.09,2498500.0,2424700.0,,0,0,0,0,0,0,0,0,0,0,0,0,238,2026-02-03 08:54:22.565250
ATMN,25.34,25.11,25.34,2328400.0,2354300.0,6428.0,0,0,0,0,0,0,0,0,0,0,0,0,238,2026-02-03 08:54:22.565250
WNTR,24.37,24.31,24.37,2195600.0,2126900.0,,0,0,0,0,0,0,0,0,0,0,0,0,238,2026-02-03 08:54:22.565250
SPNG,24.83,24.83,25.28,2101200.0,2020400.0,0,0,0,0,0,0,0,0,0,0,0,0,0,239,2026-02-03 08:54:23.137009
SMMR,24.09,24.02,24.09,2498700.0,2424700.0,0,0,0,0,0,0,0,0,0,0,0,0,0,239,2026-02-03 08:54:23.137009
ATMN,25.34,25.32,25.34,2477800.0,2354300.0,0,0,0,0,0,0,0,0,0,0,0,0,0,239,2026-02-03 08:54:23.137009
WNTR,24.31,24.11,24.3,2181900.0,2197300.0,0,0,0,0,0,0,0,0,0,0,0,0,0,239,2026-02-03 08:54:23.137009
SPNG,24.85,24.23,0.0,200000.0,0,0,0,0,0,0,0,0,0,0,0,0,0,0,240,2026-02-03 08:54:24.214732
SMMR,24.09,23.65,0.0,200000.0,0,0,0,0,0,0,0,0,0,0,0,0,0,0,240,2026-02-03 08:54:24.214732
ATMN,25.32,23.35,0.0,200000.0,0,0,0,0,0,0,0,0,0,0,0,0,0,0,240,2026-02-03 08:54:24.214732
WNTR,24.31,26.36,0.0,200000.0,0,0,0,0,0,0,0,0,0,0,0,0,0,0,240,2026-02-03 08:54:24.214732
SPNG,24.23,24.23,24.58,999900.0,123.0,1037700.0,271.0,0,0,0,0,0,0,0,0,0,0,0,241,2026-02-03 08:54:25.246439
SMMR,23.8,23.65,23.69,1001400.0,123.0,1089400.0,271.0,0,0,0,0,0,0,0,0,0,0,0,241,2026-02-03 08:54:25.246439
ATMN,23.35,23.35,23.84,1032400.0,123.0,986200.0,,0,0,0,0,0,0,0,0,0,0,0,241,2026-02-03 08:54:25.246439
WNTR,26.36,25.75,25.89,1110900.0,123.0,774600.0,246.0,0,0,0,0,0,0,0,0,0,0,0,241,2026-02-03 08:54:25.246439
SPNG,23.61,23.04,23.61,1231300.0,1158100.0,,,0,0,0,0,0,0,0,0,0,0,0,242,2026-02-03 08:54:26.280698
SMMR,23.69,23.69,23.86,1292100.0,985400.0,123.0,,0,0,0,0,0,0,0,0,0,0,0,242,2026-02-03 08:54:26.280698
ATMN,23.35,23.14,23.18,1174000.0,1232100.0,,,0,0,0,0,0,0,0,0,0,0,0,242,2026-02-03 08:54:26.280698
WNTR,25.91,25.75,25.89,1344400.0,792600.0,,264.0,0,0,0,0,0,0,0,0,0,0,0,242,2026-02-03 08:54:26.280698
SPNG,23.61,23.46,23.61,1696800.0,296.0,1158100.0,296.0,0,0,0,0,0,0,0,0,0,0,0,243,2026-02-03 08:54:27.311892
SMMR,23.65,23.65,23.76,1278700.0,,1114000.0,,0,0,0,0,0,0,0,0,0,0,0,243,2026-02-03 08:54:27.311892
