ticker,last_price,bid_price,ask_price,BUY_ANON,SELL_ANON,BUY_WRSW-1,BUY_BRCH-1,BUY_LAVL-1,SELL_CALG-1,SELL_GIOT-3,SELL_LAVL-1,BUY_GIOT-3,SELL_WRSW-1,BUY_WRSW-3,SELL_WRSW-3,SELL_COLA-1,BUY_CALG-1,BUY_COLA-1,SELL_BRCH-1,SELL_LUIS-1,BUY_LUIS-1,tick,timestamp,news_news_id,news_period,news_tick,news_ticker,news_headline,news_body
SPNG,25.11,24.95,24.97,2035400.0,1851000.0,0,0,0,0,0,0,0,0,0,0,0,0,0,0,0,0,1,2026-02-04 23:17:27.461210,2.0,1.0,1.0,,Aggregate Position Limit,Your CRO has set the aggregate position limit to 10000 shares for this week.
SMMR,24.95,24.95,25.03,2068300.0,1974100.0,0,0,0,0,0,0,0,0,0,0,0,0,0,0,0,0,1,2026-02-04 23:17:27.461210,1.0,1.0,1.0,,Welcome to the RITC 2026 Alogithmic Market Making Case - practice server,
ATMN,24.8,24.8,25.08,2321500.0,2280600.0,0,0,0,0,0,0,0,0,0,0,0,0,0,0,0,0,1,2026-02-04 23:17:27.461210,,,,,,
WNTR,24.92,24.92,25.01,1977400.0,2394900.0,0,0,0,0,0,0,0,0,0,0,0,0,0,0,0,0,1,2026-02-04 23:17:27.461210,,,,,,
SPNG,25.11,24.95,25.11,2035400.0,1735700.0,0,0,0,0,0,0,0,0,0,0,0,0,0,0,0,0,2,2026-02-04 23:17:28.015554
SMMR,24.95,24.95,25.03,2068300.0,1974100.0,0,0,0,0,0,0,0,0,0,0,0,0,0,0,0,0,2,2026-02-04 23:17:28.015554
ATMN,24.8,24.75,24.79,2310600.0,2287100.0,0,0,0,0,0,0,0,0,0,0,0,0,0,0,0,0,2,2026-02-04 23:17:28.015554
WNTR,24.92,24.92,25.01,2103500.0,2394900.0,0,0,0,0,0,0,0,0,0,0,0,0,0,0,0,0,2,2026-02-04 23:17:28.015554
SPNG,25.5,24.92,25.15,5000.0,1919600.0,5000.0,1474600.0,0,0,0,0,0,0,0,0,0,0,0,0,0,0,3,2026-02-04 23:17:29.104924
SMMR,25.05,24.96,25.05,,2088000.0,,1782600.0,0,0,0,0,0,0,0,0,0,0,0,0,0,0,3,2026-02-04 23:17:29.104924
ATMN,24.75,24.75,25.09,,2327500.0,,2152500.0,0,0,0,0,0,0,0,0,0,0,0,0,0,0,3,2026-02-04 23:17:29.104924
WNTR,24.92,24.92,25.01,,2326100.0,,2394900.0,0,0,0,0,0,0,0,0,0,0,0,0,0,0,3,2026-02-04 23:17:29.104924
SPNG,24.86,24.88,25.15,5000.0,1931400.0,5000.0,1556700.0,0,0,0,0,0,0,0,0,0,0,0,0,0,0,4,2026-02-04 23:17:29.772386
SMMR,25.06,24.96,25.06,,2088000.0,,1671900.0,0,0,0,0,0,0,0,0,0,0,0,0,0,0,4,2026-02-04 23:17:29.772386
ATMN,24.75,24.94,25.09,,2332400.0,,2152500.0,0,0,0,0,0,0,0,0,0,0,0,0,0,0,4,2026-02-04 23:17:29.772386
WNTR,25.01,24.92,25.01,,2326100.0,,2394900.0,0,0,0,0,0,0,0,0,0,0,0,0,0,0,4,2026-02-04 23:17:29.772386
SPNG,24.86,24.56,24.58,1929200.0,5000.0,1656000.0,5000.0,0,0,0,0,0,0,0,0,0,0,0,0,0,0,5,2026-02-04 23:17:30.812984
SMMR,24.94,24.95,25.06,2080200.0,,1671900.0,,0,0,0,0,0,0,0,0,0,0,0,0,0,0,5,2026-02-04 23:17:30.812984
ATMN,24.94,24.75,24.79,2341400.0,,2181000.0,,0,0,0,0,0,0,0,0,0,0,0,0,0,0,5,2026-02-04 23:17:30.812984
WNTR,25.08,24.92,25.08,2301400.0,,2402400.0,,0,0,0,0,0,0,0,0,0,0,0,0,0,0,5,2026-02-04 23:17:30.812984
SPNG,24.86,24.56,24.58,1958500.0,5000.0,1656000.0,5000.0,0,0,0,0,0,0,0,0,0,0,0,0,0,0,6,2026-02-04 23:17:31.890702
SMMR,25.06,24.98,25.06,2055800.0,,1771300.0,,0,0,0,0,0,0,0,0,0,0,0,0,0,0,6,2026-02-04 23:17:31.890702
ATMN,24.79,24.75,24.79,2374300.0,,2181000.0,,0,0,0,0,0,0,0,0,0,0,0,0,0,0,6,2026-02-04 23:17:31.890702
WNTR,24.92,24.88,24.91,2307100.0,,2410300.0,,0,0,0,0,0,0,0,0,0,0,0,0,0,0,6,2026-02-04 23:17:31.890702
SPNG,24.86,24.56,24.58,1916700.0,5000.0,1656000.0,5000.0,0,0,0,0,0,0,0,0,0,0,0,0,0,0,7,2026-02-04 23:17:32.931855
SMMR,24.95,24.95,25.06,2080200.0,,1892700.0,,0,0,0,0,0,0,0,0,0,0,0,0,0,0,7,2026-02-04 23:17:32.931855
ATMN,25.2,24.75,25.2,2393000.0,,2053800.0,,0,0,0,0,0,0,0,0,0,0,0,0,0,0,7,2026-02-04 23:17:32.931855
WNTR,25.05,24.88,24.9,2300800.0,,2404800.0,,0,0,0,0,0,0,0,0,0,0,0,0,0,0,7,2026-02-04 23:17:32.931855
SPNG,24.58,24.97,25.15,1897100.0,5000.0,5000.0,1556700.0,0,0,0,0,0,0,0,0,0,0,0,0,0,0,8,2026-02-04 23:17:33.981184
SMMR,24.94,24.94,25.06,2088800.0,,,1988500.0,0,0,0,0,0,0,0,0,0,0,0,0,0,0,8,2026-02-04 23:17:33.981184
ATMN,24.82,24.75,24.82,2393000.0,,,2307900.0,0,0,0,0,0,0,0,0,0,0,0,0,0,0,8,2026-02-04 23:17:33.981184
WNTR,24.96,24.87,24.92,2286900.0,,,2410800.0,0,0,0,0,0,0,0,0,0,0,0,0,0,0,8,2026-02-04 23:17:33.981184
SPNG,24.97,24.56,24.97,1912000.0,5000.0,1646100.0,5000.0,0,0,0,0,0,0,0,0,0,0,0,0,0,0,9,2026-02-04 23:17:35.065153
SMMR,24.88,24.88,24.95,2084600.0,,2036900.0,,0,0,0,0,0,0,0,0,0,0,0,0,0,0,9,2026-02-04 23:17:35.065153
ATMN,25.28,25.23,25.28,2419100.0,,2037700.0,,0,0,0,0,0,0,0,0,0,0,0,0,0,0,9,2026-02-04 23:17:35.065153
WNTR,25.1,24.96,25.1,2316400.0,,2419200.0,,0,0,0,0,0,0,0,0,0,0,0,0,0,0,9,2026-02-04 23:17:35.065153
SPNG,25.54,24.56,25.54,1912000.0,5000.0,5000.0,1571200.0,0,0,0,0,0,0,0,0,0,0,0,0,0,0,10,2026-02-04 23:17:36.180737
SMMR,25.01,24.97,25.01,2071100.0,,,1871900.0,0,0,0,0,0,0,0,0,0,0,0,0,0,0,10,2026-02-04 23:17:36.180737
ATMN,24.86,24.86,25.28,2405900.0,,,2354100.0,0,0,0,0,0,0,0,0,0,0,0,0,0,0,10,2026-02-04 23:17:36.180737
WNTR,25.1,25.05,25.1,2261900.0,,,2431000.0,0,0,0,0,0,0,0,0,0,0,0,0,0,0,10,2026-02-04 23:17:36.180737
SPNG,25.54,25.07,25.08,1922200.0,5000.0,1685600.0,5000.0,0,0,0,0,0,0,0,0,0,0,0,0,0,0,11,2026-02-04 23:17:36.899308
SMMR,25.07,24.97,25.07,2091500.0,,1965400.0,,0,0,0,0,0,0,0,0,0,0,0,0,0,0,11,2026-02-04 23:17:36.899308
ATMN,24.93,24.86,24.93,2405900.0,,2338000.0,,0,0,0,0,0,0,0,0,0,0,0,0,0,0,11,2026-02-04 23:17:36.899308
WNTR,25.1,25.05,25.1,2285200.0,,2426000.0,,0,0,0,0,0,0,0,0,0,0,0,0,0,0,11,2026-02-04 23:17:36.899308
SPNG,25.07,24.56,25.06,1912000.0,5000.0,1865000.0,5000.0,0,0,0,0,0,0,0,0,0,0,0,0,0,0,12,2026-02-04 23:17:37.938338
SMMR,25.07,25.06,25.07,2019000.0,,1965400.0,,0,0,0,0,0,0,0,0,0,0,0,0,0,0,12,2026-02-04 23:17:37.938338
ATMN,24.75,24.75,25.05,2393000.0,,2355600.0,,0,0,0,0,0,0,0,0,0,0,0,0,0,0,12,2026-02-04 23:17:37.938338
WNTR,24.99,24.99,25.09,2304300.0,,2425900.0,,0,0,0,0,0,0,0,0,0,0,0,0,0,0,12,2026-02-04 23:17:37.938338
SPNG,25.08,25.14,25.16,1927600.0,5000.0,1750700.0,5000.0,0,0,0,0,0,0,0,0,0,0,0,0,0,0,13,2026-02-04 23:17:38.973561
SMMR,25.06,25.06,25.07,2033300.0,,1965400.0,,0,0,0,0,0,0,0,0,0,0,0,0,0,0,13,2026-02-04 23:17:38.973561
ATMN,25.05,25.15,25.28,2428500.0,,2343500.0,,0,0,0,0,0,0,0,0,0,0,0,0,0,0,13,2026-02-04 23:17:38.973561
WNTR,24.99,24.99,25.09,2321000.0,,2409900.0,,0,0,0,0,0,0,0,0,0,0,0,0,0,0,13,2026-02-04 23:17:38.973561
SPNG,25.24,24.54,25.24,1901100.0,5000.0,1867800.0,5000.0,0,0,0,0,0,0,0,0,0,0,0,0,0,0,14,2026-02-04 23:17:40.006223
SMMR,24.97,24.97,25.07,2029400.0,,1965400.0,,0,0,0,0,0,0,0,0,0,0,0,0,0,0,14,2026-02-04 23:17:40.006223
ATMN,25.31,24.68,25.31,2370700.0,,2301600.0,,0,0,0,0,0,0,0,0,0,0,0,0,0,0,14,2026-02-04 23:17:40.006223
WNTR,24.99,24.96,24.97,2334300.0,,2411300.0,,0,0,0,0,0,0,0,0,0,0,0,0,0,0,14,2026-02-04 23:17:40.006223
SPNG,24.75,24.75,25.24,1918500.0,5000.0,1867800.0,5000.0,0,0,0,0,0,0,0,0,0,0,0,0,0,0,15,2026-02-04 23:17:41.055576
SMMR,25.07,24.97,25.05,2029400.0,,1996200.0,,0,0,0,0,0,0,0,0,0,0,0,0,0,0,15,2026-02-04 23:17:41.055576
ATMN,24.96,24.82,24.96,2407000.0,,2301600.0,,0,0,0,0,0,0,0,0,0,0,0,0,0,0,15,2026-02-04 23:17:41.055576
WNTR,25.22,24.96,25.22,2325700.0,,2399900.0,,0,0,0,0,0,0,0,0,0,0,0,0,0,0,15,2026-02-04 23:17:41.055576
SPNG,24.75,24.82,25.09,1909200.0,5000.0,1870600.0,5000.0,0,0,0,0,0,0,0,0,0,0,0,0,0,0,16,2026-02-04 23:17:42.112706
SMMR,25.1,25.04,25.1,2006000.0,,1774400.0,,0,0,0,0,0,0,0,0,0,0,0,0,0,0,16,2026-02-04 23:17:42.112706
ATMN,24.82,24.68,24.78,2360800.0,,2342500.0,,0,0,0,0,0,0,0,0,0,0,0,0,0,0,16,2026-02-04 23:17:42.112706
WNTR,24.93,24.93,25.07,2289500.0,,2409800.0,,0,0,0,0,0,0,0,0,0,0,0,0,0,0,16,2026-02-04 23:17:42.112706
SPNG,24.75,24.82,25.09,1939800.0,5000.0,1831300.0,5000.0,0,0,0,0,0,0,0,0,0,0,0,0,0,0,17,2026-02-04 23:17:43.145905
SMMR,25.1,25.08,25.1,2023100.0,,1874400.0,,0,0,0,0,0,0,0,0,0,0,0,0,0,0,17,2026-02-04 23:17:43.145905
ATMN,25.36,24.8,25.28,2399300.0,,2318900.0,,0,0,0,0,0,0,0,0,0,0,0,0,0,0,17,2026-02-04 23:17:43.145905
WNTR,24.93,24.93,24.99,2294100.0,,2414500.0,,0,0,0,0,0,0,0,0,0,0,0,0,0,0,17,2026-02-04 23:17:43.145905
SPNG,25.09,24.95,25.09,1952800.0,5000.0,1831300.0,5000.0,0,0,0,0,0,0,0,0,0,0,0,0,0,0,18,2026-02-04 23:17:44.201560
SMMR,25.08,25.08,25.15,2023100.0,,1985800.0,,0,0,0,0,0,0,0,0,0,0,0,0,0,0,18,2026-02-04 23:17:44.201560
ATMN,25.26,24.8,25.2,2399300.0,,2303200.0,,0,0,0,0,0,0,0,0,0,0,0,0,0,0,18,2026-02-04 23:17:44.201560
WNTR,24.93,24.93,24.99,2295600.0,,2374200.0,,0,0,0,0,0,0,0,0,0,0,0,0,0,0,18,2026-02-04 23:17:44.201560
SPNG,24.82,24.82,25.09,1935600.0,5000.0,1831300.0,5000.0,0,0,0,0,0,0,0,0,0,0,0,0,0,0,19,2026-02-04 23:17:44.818388
SMMR,25.08,25.08,25.15,2023100.0,,1976800.0,,0,0,0,0,0,0,0,0,0,0,0,0,0,0,19,2026-02-04 23:17:44.818388
ATMN,24.68,24.68,25.2,2383700.0,,2303200.0,,0,0,0,0,0,0,0,0,0,0,0,0,0,0,19,2026-02-04 23:17:44.818388
WNTR,24.93,24.96,24.99,2321900.0,,2374200.0,,0,0,0,0,0,0,0,0,0,0,0,0,0,0,19,2026-02-04 23:17:44.818388
SPNG,25.09,25.03,25.09,1924000.0,5000.0,1831300.0,5000.0,0,0,0,0,0,0,0,0,0,0,0,0,0,0,20,2026-02-04 23:17:45.866742
SMMR,24.97,24.97,25.02,2042000.0,,1986300.0,,0,0,0,0,0,0,0,0,0,0,0,0,0,0,20,2026-02-04 23:17:45.866742
ATMN,24.67,24.67,25.2,2348500.0,,2303200.0,,0,0,0,0,0,0,0,0,0,0,0,0,0,0,20,2026-02-04 23:17:45.866742
WNTR,25.07,25.08,25.22,2319300.0,,2380000.0,,0,0,0,0,0,0,0,0,0,0,0,0,0,0,20,2026-02-04 23:17:45.866742
SPNG,25.13,25.13,25.24,1959500.0,5000.0,1820800.0,5000.0,0,0,0,0,0,0,0,0,0,0,0,0,0,0,21,2026-02-04 23:17:46.908769
SMMR,25.15,25.01,25.15,2052500.0,,1986100.0,,0,0,0,0,0,0,0,0,0,0,0,0,0,0,21,2026-02-04 23:17:46.908769
ATMN,24.67,24.67,25.2,2352900.0,,2313100.0,,0,0,0,0,0,0,0,0,0,0,0,0,0,0,21,2026-02-04 23:17:46.908769
WNTR,24.96,24.96,25.02,2296900.0,,2398000.0,,0,0,0,0,0,0,0,0,0,0,0,0,0,0,21,2026-02-04 23:17:46.908769
SPNG,25.13,25.03,25.09,1954000.0,5000.0,1833100.0,5000.0,0,0,0,0,0,0,0,0,0,0,0,0,0,0,22,2026-02-04 23:17:47.950949
SMMR,25.15,25.07,25.1,2032700.0,,1975700.0,,0,0,0,0,0,0,0,0,0,0,0,0,0,0,22,2026-02-04 23:17:47.950949
ATMN,24.67,24.84,25.03,2362500.0,,2331000.0,,0,0,0,0,0,0,0,0,0,0,0,0,0,0,22,2026-02-04 23:17:47.950949
WNTR,24.93,24.93,25.02,2284400.0,,2364200.0,,0,0,0,0,0,0,0,0,0,0,0,0,0,0,22,2026-02-04 23:17:47.950949
SPNG,24.82,24.82,25.09,1944000.0,5000.0,1833100.0,5000.0,0,0,0,0,0,0,0,0,0,0,0,0,0,0,23,2026-02-04 23:17:48.993155
SMMR,25.01,25.01,25.1,2050200.0,,1998000.0,,0,0,0,0,0,0,0,0,0,0,0,0,0,0,23,2026-02-04 23:17:48.993155
ATMN,25.03,25.0,25.03,2397800.0,,2345500.0,,0,0,0,0,0,0,0,0,0,0,0,0,0,0,23,2026-02-04 23:17:48.993155
WNTR,25.02,24.95,25.02,2307100.0,,2364200.0,,0,0,0,0,0,0,0,0,0,0,0,0,0,0,23,2026-02-04 23:17:48.993155
SPNG,25.1,24.93,25.1,1946900.0,5000.0,1801200.0,5000.0,0,0,0,0,0,0,0,0,0,0,0,0,0,0,24,2026-02-04 23:17:50.059815
SMMR,25.01,25.01,25.04,2018100.0,,1997000.0,,0,0,0,0,0,0,0,0,0,0,0,0,0,0,24,2026-02-04 23:17:50.059815
ATMN,25.0,25.0,25.12,2397800.0,,2315000.0,,0,0,0,0,0,0,0,0,0,0,0,0,0,0,24,2026-02-04 23:17:50.059815
WNTR,25.13,24.95,25.13,2341400.0,,2352400.0,,0,0,0,0,0,0,0,0,0,0,0,0,0,0,24,2026-02-04 23:17:50.059815
SPNG,25.24,25.26,25.28,1915500.0,5000.0,1825700.0,5000.0,0,0,0,0,0,0,0,0,0,0,0,0,0,0,25,2026-02-04 23:17:51.098352
SMMR,25.01,24.97,24.99,2013200.0,,1976700.0,,0,0,0,0,0,0,0,0,0,0,0,0,0,0,25,2026-02-04 23:17:51.098352
ATMN,25.0,25.02,25.12,2425600.0,,2303100.0,,0,0,0,0,0,0,0,0,0,0,0,0,0,0,25,2026-02-04 23:17:51.098352
WNTR,24.95,24.95,25.13,2346700.0,,2352400.0,,0,0,0,0,0,0,0,0,0,0,0,0,0,0,25,2026-02-04 23:17:51.098352
SPNG,24.9,25.0,25.28,1973200.0,5000.0,1847300.0,5000.0,0,0,0,0,0,0,0,0,0,0,0,0,0,0,26,2026-02-04 23:17:52.171087
SMMR,24.97,24.97,25.04,2028000.0,,1997000.0,,0,0,0,0,0,0,0,0,0,0,0,0,0,0,26,2026-02-04 23:17:52.171087
ATMN,25.08,25.08,25.12,2418200.0,,2303100.0,,0,0,0,0,0,0,0,0,0,0,0,0,0,0,26,2026-02-04 23:17:52.171087
WNTR,24.93,24.99,25.13,2324100.0,,2352400.0,,0,0,0,0,0,0,0,0,0,0,0,0,0,0,26,2026-02-04 23:17:52.171087
SPNG,25.28,25.0,25.28,1973200.0,5000.0,1856400.0,5000.0,0,0,0,0,0,0,0,0,0,0,0,0,0,0,27,2026-02-04 23:17:53.213698
SMMR,24.97,24.97,25.07,2002200.0,,2001500.0,,0,0,0,0,0,0,0,0,0,0,0,0,0,0,27,2026-02-04 23:17:53.213698
ATMN,25.08,25.02,25.05,2388200.0,,2292100.0,,0,0,0,0,0,0,0,0,0,0,0,0,0,0,27,2026-02-04 23:17:53.213698
WNTR,24.93,25.09,25.15,2324900.0,,2378300.0,,0,0,0,0,0,0,0,0,0,0,0,0,0,0,27,2026-02-04 23:17:53.213698
SPNG,25.0,25.0,25.18,1973200.0,5000.0,1906500.0,5000.0,0,0,0,0,0,0,0,0,0,0,0,0,0,0,28,2026-02-04 23:17:54.260371
SMMR,24.96,25.05,25.1,2007000.0,,2024100.0,,0,0,0,0,0,0,0,0,0,0,0,0,0,0,28,2026-02-04 23:17:54.260371
ATMN,25.14,25.02,25.14,2388200.0,,2311700.0,,0,0,0,0,0,0,0,0,0,0,0,0,0,0,28,2026-02-04 23:17:54.260371
WNTR,24.93,24.93,24.97,2298300.0,,2338100.0,,0,0,0,0,0,0,0,0,0,0,0,0,0,0,28,2026-02-04 23:17:54.260371
SPNG,25.0,24.82,24.94,2002700.0,5000.0,1907400.0,5000.0,0,0,0,0,0,0,0,0,0,0,0,0,0,0,29,2026-02-04 23:17:55.339461
SMMR,25.08,25.08,25.1,2054800.0,,2024100.0,,0,0,0,0,0,0,0,0,0,0,0,0,0,0,29,2026-02-04 23:17:55.339461
ATMN,25.02,25.02,25.2,2388200.0,,2305700.0,,0,0,0,0,0,0,0,0,0,0,0,0,0,0,29,2026-02-04 23:17:55.339461
WNTR,24.97,25.03,25.07,2321600.0,,2357600.0,,0,0,0,0,0,0,0,0,0,0,0,0,0,0,29,2026-02-04 23:17:55.339461
SPNG,24.94,24.82,24.94,2002700.0,5000.0,1907400.0,5000.0,0,0,0,0,0,0,0,0,0,0,0,0,0,0,30,2026-02-04 23:17:55.892370
SMMR,25.12,25.08,25.12,2054800.0,,2024100.0,,0,0,0,0,0,0,0,0,0,0,0,0,0,0,30,2026-02-04 23:17:55.892370
ATMN,25.0,25.0,25.2,2365300.0,,2270400.0,,0,0,0,0,0,0,0,0,0,0,0,0,0,0,30,2026-02-04 23:17:55.892370
WNTR,25.07,25.09,25.15,2315700.0,,2378300.0,,0,0,0,0,0,0,0,0,0,0,0,0,0,0,30,2026-02-04 23:17:55.892370
SPNG,25.18,24.82,25.18,2017600.0,5000.0,1906500.0,5000.0,0,0,0,0,0,0,0,0,0,0,0,0,0,0,31,2026-02-04 23:17:56.942915
SMMR,25.18,25.08,25.18,2054800.0,,2022100.0,,0,0,0,0,0,0,0,0,0,0,0,0,0,0,31,2026-02-04 23:17:56.942915
ATMN,25.0,25.0,25.2,2369200.0,,2270400.0,,0,0,0,0,0,0,0,0,0,0,0,0,0,0,31,2026-02-04 23:17:56.942915
WNTR,25.07,25.09,25.14,2315700.0,,2400100.0,,0,0,0,0,0,0,0,0,0,0,0,0,0,0,31,2026-02-04 23:17:56.942915
SPNG,25.18,24.82,25.18,2017600.0,5000.0,1904500.0,5000.0,0,0,0,0,0,0,0,0,0,0,0,0,0,0,32,2026-02-04 23:17:57.979790
SMMR,25.19,25.16,25.19,2085700.0,,2024400.0,,0,0,0,0,0,0,0,0,0,0,0,0,0,0,32,2026-02-04 23:17:57.979790
ATMN,25.0,25.0,25.11,2369200.0,,2269300.0,,0,0,0,0,0,0,0,0,0,0,0,0,0,0,32,2026-02-04 23:17:57.979790
WNTR,24.93,24.94,25.14,2271600.0,,2391700.0,,0,0,0,0,0,0,0,0,0,0,0,0,0,0,32,2026-02-04 23:17:57.979790
SPNG,24.87,24.87,25.0,2031100.0,5000.0,1911600.0,5000.0,0,0,0,0,0,0,0,0,0,0,0,0,0,0,33,2026-02-04 23:17:59.030954
SMMR,25.16,25.16,25.17,2085700.0,,2081200.0,,0,0,0,0,0,0,0,0,0,0,0,0,0,0,33,2026-02-04 23:17:59.030954
ATMN,25.19,25.0,25.19,2369200.0,,2264200.0,,0,0,0,0,0,0,0,0,0,0,0,0,0,0,33,2026-02-04 23:17:59.030954
WNTR,25.04,25.05,25.14,2291600.0,,2391700.0,,0,0,0,0,0,0,0,0,0,0,0,0,0,0,33,2026-02-04 23:17:59.030954
SPNG,25.18,25.2,25.28,2162800.0,1897600.0,5000.0,0,0,0,0,0,0,0,0,0,0,0,0,0,0,0,34,2026-02-04 23:18:00.082201
SMMR,25.17,25.16,25.17,2085700.0,2042300.0,,0,0,0,0,0,0,0,0,0,0,0,0,0,0,0,34,2026-02-04 23:18:00.082201
ATMN,25.19,25.0,25.15,2369200.0,2205800.0,,0,0,0,0,0,0,0,0,0,0,0,0,0,0,0,34,2026-02-04 23:18:00.082201
WNTR,25.05,25.05,25.14,2300500.0,2335200.0,,0,0,0,0,0,0,0,0,0,0,0,0,0,0,0,34,2026-02-04 23:18:00.082201
SPNG,24.82,24.82,25.11,2029200.0,5000.0,1886500.0,5000.0,0,0,0,0,0,0,0,0,0,0,0,0,0,0,35,2026-02-04 23:18:01.120286
SMMR,25.07,25.16,25.19,2057900.0,,2034500.0,,0,0,0,0,0,0,0,0,0,0,0,0,0,0,35,2026-02-04 23:18:01.120286
ATMN,25.15,25.0,25.15,2369200.0,,2205800.0,,0,0,0,0,0,0,0,0,0,0,0,0,0,0,35,2026-02-04 23:18:01.120286
WNTR,25.14,24.94,24.99,2271600.0,,2365800.0,,0,0,0,0,0,0,0,0,0,0,0,0,0,0,35,2026-02-04 23:18:01.120286
SPNG,25.3,24.82,24.88,2126900.0,1904200.0,5000.0,0,0,0,0,0,0,0,0,0,0,0,0,0,0,0,36,2026-02-04 23:18:02.165944
SMMR,25.16,25.07,25.08,2053100.0,2018500.0,,0,0,0,0,0,0,0,0,0,0,0,0,0,0,0,36,2026-02-04 23:18:02.165944
ATMN,25.2,24.84,25.15,2352600.0,2221700.0,,0,0,0,0,0,0,0,0,0,0,0,0,0,0,0,36,2026-02-04 23:18:02.165944
WNTR,24.93,24.93,24.99,2284700.0,2365800.0,,0,0,0,0,0,0,0,0,0,0,0,0,0,0,0,36,2026-02-04 23:18:02.165944
SPNG,24.88,25.21,25.38,2123600.0,1878600.0,5000.0,0,0,0,0,0,0,0,0,0,0,0,0,0,0,0,37,2026-02-04 23:18:03.213709
SMMR,25.05,25.05,25.08,2052800.0,2005300.0,,0,0,0,0,0,0,0,0,0,0,0,0,0,0,0,37,2026-02-04 23:18:03.213709
ATMN,25.2,25.0,25.15,2301900.0,2221700.0,,0,0,0,0,0,0,0,0,0,0,0,0,0,0,0,37,2026-02-04 23:18:03.213709
WNTR,24.99,25.07,25.14,2335200.0,2335200.0,,0,0,0,0,0,0,0,0,0,0,0,0,0,0,0,37,2026-02-04 23:18:03.213709
SPNG,25.0,25.26,25.32,2146900.0,1889200.0,5000.0,0,0,0,0,0,0,0,0,0,0,0,0,0,0,0,38,2026-02-04 23:18:04.277559
SMMR,25.05,25.05,25.08,2090500.0,2008900.0,,0,0,0,0,0,0,0,0,0,0,0,0,0,0,0,38,2026-02-04 23:18:04.277559
ATMN,25.2,25.0,25.15,2329000.0,2221700.0,,0,0,0,0,0,0,0,0,0,0,0,0,0,0,0,38,2026-02-04 23:18:04.277559
WNTR,25.07,25.07,25.14,2335200.0,2336900.0,,0,0,0,0,0,0,0,0,0,0,0,0,0,0,0,38,2026-02-04 23:18:04.277559
SPNG,25.05,24.82,25.05,2126900.0,1873800.0,5000.0,0,0,0,0,0,0,0,0,0,0,0,0,0,0,0,39,2026-02-04 23:18:05.399454
SMMR,25.02,25.13,25.19,2097000.0,2026800.0,,0,0,0,0,0,0,0,0,0,0,0,0,0,0,0,39,2026-02-04 23:18:05.399454
ATMN,25.15,24.98,25.07,2317000.0,2224700.0,,0,0,0,0,0,0,0,0,0,0,0,0,0,0,0,39,2026-02-04 23:18:05.399454
WNTR,25.18,25.07,25.18,2309500.0,2269800.0,,0,0,0,0,0,0,0,0,0,0,0,0,0,0,0,39,2026-02-04 23:18:05.399454
SPNG,25.12,24.82,24.91,2126900.0,1898300.0,5000.0,0,0,0,0,0,0,0,0,0,0,0,0,0,0,0,40,2026-02-04 23:18:05.966205
SMMR,25.13,25.02,25.11,2064900.0,2033900.0,,0,0,0,0,0,0,0,0,0,0,0,0,0,0,0,40,2026-02-04 23:18:05.966205
ATMN,25.07,24.98,25.07,2317000.0,2224700.0,,0,0,0,0,0,0,0,0,0,0,0,0,0,0,0,40,2026-02-04 23:18:05.966205
WNTR,25.18,25.07,25.15,2309500.0,2279500.0,,0,0,0,0,0,0,0,0,0,0,0,0,0,0,0,40,2026-02-04 23:18:05.966205
SPNG,24.91,25.18,25.28,2115500.0,1892100.0,5000.0,0,0,0,0,0,0,0,0,0,0,0,0,0,0,0,41,2026-02-04 23:18:07.018455
SMMR,25.13,25.02,25.07,2076400.0,2045700.0,,0,0,0,0,0,0,0,0,0,0,0,0,0,0,0,41,2026-02-04 23:18:07.018455
ATMN,24.98,24.98,25.2,2310800.0,2201000.0,,0,0,0,0,0,0,0,0,0,0,0,0,0,0,0,41,2026-02-04 23:18:07.018455
WNTR,25.04,25.04,25.15,2312100.0,2279500.0,,0,0,0,0,0,0,0,0,0,0,0,0,0,0,0,41,2026-02-04 23:18:07.018455
SPNG,25.16,24.82,25.16,2126900.0,1890200.0,5000.0,0,0,0,0,0,0,0,0,0,0,0,0,0,0,0,42,2026-02-04 23:18:08.062389
SMMR,25.07,25.02,25.07,2076400.0,2043600.0,,0,0,0,0,0,0,0,0,0,0,0,0,0,0,0,42,2026-02-04 23:18:08.062389
ATMN,25.09,24.98,25.09,2310800.0,2190800.0,,0,0,0,0,0,0,0,0,0,0,0,0,0,0,0,42,2026-02-04 23:18:08.062389
WNTR,25.15,25.01,25.15,2341000.0,2291100.0,,0,0,0,0,0,0,0,0,0,0,0,0,0,0,0,42,2026-02-04 23:18:08.062389
SPNG,25.28,24.82,25.28,2138400.0,1892100.0,5000.0,0,0,0,0,0,0,0,0,0,0,0,0,0,0,0,43,2026-02-04 23:18:09.105390
SMMR,25.0,25.0,25.07,2060700.0,2043600.0,,0,0,0,0,0,0,0,0,0,0,0,0,0,0,0,43,2026-02-04 23:18:09.105390
ATMN,24.85,24.85,25.24,2324400.0,2214300.0,,0,0,0,0,0,0,0,0,0,0,0,0,0,0,0,43,2026-02-04 23:18:09.105390
WNTR,24.94,24.94,25.15,2296800.0,2289600.0,,0,0,0,0,0,0,0,0,0,0,0,0,0,0,0,43,2026-02-04 23:18:09.105390
SPNG,25.32,25.24,25.32,2131000.0,1904000.0,5000.0,0,0,0,0,0,0,0,0,0,0,0,0,0,0,0,44,2026-02-04 23:18:10.150637
SMMR,24.98,24.98,25.11,2066900.0,2020900.0,,0,0,0,0,0,0,0,0,0,0,0,0,0,0,0,44,2026-02-04 23:18:10.150637
ATMN,24.85,24.85,25.24,2324400.0,2214300.0,,0,0,0,0,0,0,0,0,0,0,0,0,0,0,0,44,2026-02-04 23:18:10.150637
WNTR,25.18,25.15,25.18,2323400.0,2269800.0,,0,0,0,0,0,0,0,0,0,0,0,0,0,0,0,44,2026-02-04 23:18:10.150637
SPNG,25.32,25.24,25.32,2131000.0,1912600.0,5000.0,0,0,0,0,0,0,0,0,0,0,0,0,0,0,0,45,2026-02-04 23:18:11.202813
SMMR,25.18,25.18,25.2,2071000.0,2002500.0,,0,0,0,0,0,0,0,0,0,0,0,0,0,0,0,45,2026-02-04 23:18:11.202813
ATMN,24.85,24.85,25.24,2330000.0,2214300.0,,0,0,0,0,0,0,0,0,0,0,0,0,0,0,0,45,2026-02-04 23:18:11.202813
WNTR,25.15,25.05,25.14,2301500.0,2325000.0,,0,0,0,0,0,0,0,0,0,0,0,0,0,0,0,45,2026-02-04 23:18:11.202813
SPNG,24.8,24.8,25.32,2136000.0,2022300.0,0,0,0,0,0,0,0,0,0,0,0,0,0,0,0,0,46,2026-02-04 23:18:12.296124
SMMR,25.13,24.98,25.06,2066900.0,1995200.0,0,0,0,0,0,0,0,0,0,0,0,0,0,0,0,0,46,2026-02-04 23:18:12.296124
ATMN,25.28,24.82,25.28,2308300.0,2246700.0,0,0,0,0,0,0,0,0,0,0,0,0,0,0,0,0,46,2026-02-04 23:18:12.296124
WNTR,25.05,25.05,25.14,2301500.0,2349300.0,0,0,0,0,0,0,0,0,0,0,0,0,0,0,0,0,46,2026-02-04 23:18:12.296124
SPNG,24.76,24.76,25.34,2129900.0,2021800.0,0,0,0,0,0,0,0,0,0,0,0,0,0,0,0,0,47,2026-02-04 23:18:13.402486
SMMR,25.06,25.13,25.2,2040300.0,1996500.0,0,0,0,0,0,0,0,0,0,0,0,0,0,0,0,0,47,2026-02-04 23:18:13.402486
ATMN,24.82,24.82,25.33,2338600.0,2276600.0,0,0,0,0,0,0,0,0,0,0,0,0,0,0,0,0,47,2026-02-04 23:18:13.402486
WNTR,25.05,25.1,25.22,2276000.0,2306800.0,0,0,0,0,0,0,0,0,0,0,0,0,0,0,0,0,47,2026-02-04 23:18:13.402486
SPNG,25.38,25.24,25.38,2154500.0,2021100.0,0,0,0,0,0,0,0,0,0,0,0,0,0,0,0,0,48,2026-02-04 23:18:13.968927
SMMR,25.06,25.13,25.2,2043100.0,1996500.0,0,0,0,0,0,0,0,0,0,0,0,0,0,0,0,0,48,2026-02-04 23:18:13.968927
ATMN,24.82,24.82,24.88,2338600.0,2266700.0,0,0,0,0,0,0,0,0,0,0,0,0,0,0,0,0,48,2026-02-04 23:18:13.968927
WNTR,25.09,25.09,25.22,2292400.0,2306800.0,0,0,0,0,0,0,0,0,0,0,0,0,0,0,0,0,48,2026-02-04 23:18:13.968927
SPNG,25.24,24.76,25.17,2129900.0,2031400.0,0,0,0,0,0,0,0,0,0,0,0,0,0,0,0,0,49,2026-02-04 23:18:15.035812
SMMR,25.06,25.06,25.2,2072000.0,1996500.0,0,0,0,0,0,0,0,0,0,0,0,0,0,0,0,0,49,2026-02-04 23:18:15.035812
ATMN,24.88,24.82,24.88,2320500.0,2266700.0,0,0,0,0,0,0,0,0,0,0,0,0,0,0,0,0,49,2026-02-04 23:18:15.035812
WNTR,25.09,25.17,25.22,2279200.0,2316500.0,0,0,0,0,0,0,0,0,0,0,0,0,0,0,0,0,49,2026-02-04 23:18:15.035812
SPNG,25.26,25.26,25.27,2153000.0,2034400.0,0,0,0,0,0,0,0,0,0,0,0,0,0,0,0,0,50,2026-02-04 23:18:16.080904
SMMR,25.06,25.13,25.2,2030000.0,1996500.0,0,0,0,0,0,0,0,0,0,0,0,0,0,0,0,0,50,2026-02-04 23:18:16.080904
ATMN,24.88,24.82,24.88,2323900.0,2266700.0,0,0,0,0,0,0,0,0,0,0,0,0,0,0,0,0,50,2026-02-04 23:18:16.080904
WNTR,25.22,24.92,25.22,2278400.0,2301700.0,0,0,0,0,0,0,0,0,0,0,0,0,0,0,0,0,50,2026-02-04 23:18:16.080904
SPNG,25.26,24.76,24.86,2129900.0,2047100.0,0,0,0,0,0,0,0,0,0,0,0,0,0,0,0,0,51,2026-02-04 23:18:17.123706
SMMR,25.01,25.01,25.2,2080800.0,1996500.0,0,0,0,0,0,0,0,0,0,0,0,0,0,0,0,0,51,2026-02-04 23:18:17.123706
ATMN,24.88,25.14,25.3,2328400.0,2191400.0,0,0,0,0,0,0,0,0,0,0,0,0,0,0,0,0,51,2026-02-04 23:18:17.123706
WNTR,25.24,25.16,25.24,2285200.0,2292400.0,0,0,0,0,0,0,0,0,0,0,0,0,0,0,0,0,51,2026-02-04 23:18:17.123706
SPNG,24.86,24.96,25.05,2152300.0,2017400.0,0,0,0,0,0,0,0,0,0,0,0,0,0,0,0,0,52,2026-02-04 23:18:18.188371
SMMR,25.0,25.0,25.08,2081300.0,2019300.0,0,0,0,0,0,0,0,0,0,0,0,0,0,0,0,0,52,2026-02-04 23:18:18.188371
ATMN,25.3,24.82,25.3,2353800.0,2191400.0,0,0,0,0,0,0,0,0,0,0,0,0,0,0,0,0,52,2026-02-04 23:18:18.188371
WNTR,24.92,24.92,25.15,2278400.0,2280800.0,0,0,0,0,0,0,0,0,0,0,0,0,0,0,0,0,52,2026-02-04 23:18:18.188371
SPNG,25.22,24.96,25.22,2162500.0,2011400.0,0,0,0,0,0,0,0,0,0,0,0,0,0,0,0,0,53,2026-02-04 23:18:19.231258
SMMR,25.08,25.1,25.2,2072100.0,1996500.0,0,0,0,0,0,0,0,0,0,0,0,0,0,0,0,0,53,2026-02-04 23:18:19.231258
ATMN,25.21,24.86,25.21,2337800.0,2161400.0,0,0,0,0,0,0,0,0,0,0,0,0,0,0,0,0,53,2026-02-04 23:18:19.231258
WNTR,25.04,25.04,25.15,2308300.0,2280800.0,0,0,0,0,0,0,0,0,0,0,0,0,0,0,0,0,53,2026-02-04 23:18:19.231258
SPNG,24.75,24.75,25.27,2089000.0,2008200.0,0,0,0,0,0,0,0,0,0,0,0,0,0,0,0,0,54,2026-02-04 23:18:20.266572
SMMR,25.2,25.0,25.2,2061900.0,1996500.0,0,0,0,0,0,0,0,0,0,0,0,0,0,0,0,0,54,2026-02-04 23:18:20.266572
ATMN,24.82,24.82,25.33,2354500.0,2222100.0,0,0,0,0,0,0,0,0,0,0,0,0,0,0,0,0,54,2026-02-04 23:18:20.266572
WNTR,25.15,25.21,25.24,2295300.0,2298900.0,0,0,0,0,0,0,0,0,0,0,0,0,0,0,0,0,54,2026-02-04 23:18:20.266572
SPNG,24.75,25.06,25.27,2108400.0,1988300.0,0,0,0,0,0,0,0,0,0,0,0,0,0,0,0,0,55,2026-02-04 23:18:21.295178
SMMR,24.98,24.98,25.04,2051500.0,2006600.0,0,0,0,0,0,0,0,0,0,0,0,0,0,0,0,0,55,2026-02-04 23:18:21.295178
ATMN,25.33,24.82,25.33,2354500.0,2221100.0,0,0,0,0,0,0,0,0,0,0,0,0,0,0,0,0,55,2026-02-04 23:18:21.295178
WNTR,25.15,25.21,25.22,2295300.0,2305200.0,0,0,0,0,0,0,0,0,0,0,0,0,0,0,0,0,55,2026-02-04 23:18:21.295178
SPNG,25.27,25.06,25.27,2108400.0,2015300.0,0,0,0,0,0,0,0,0,0,0,0,0,0,0,0,0,56,2026-02-04 23:18:22.326413
SMMR,24.98,24.98,25.03,2040700.0,1994200.0,0,0,0,0,0,0,0,0,0,0,0,0,0,0,0,0,56,2026-02-04 23:18:22.326413
ATMN,24.8,24.8,25.21,2358500.0,2233500.0,0,0,0,0,0,0,0,0,0,0,0,0,0,0,0,0,56,2026-02-04 23:18:22.326413
WNTR,25.12,25.19,25.22,2330800.0,2305200.0,0,0,0,0,0,0,0,0,0,0,0,0,0,0,0,0,56,2026-02-04 23:18:22.326413
SPNG,24.95,24.95,25.22,2097400.0,1998300.0,0,0,0,0,0,0,0,0,0,0,0,0,0,0,0,0,57,2026-02-04 23:18:23.376544
SMMR,24.98,24.98,25.22,2014200.0,1997700.0,0,0,0,0,0,0,0,0,0,0,0,0,0,0,0,0,57,2026-02-04 23:18:23.376544
ATMN,24.76,24.76,25.21,2389900.0,2233500.0,0,0,0,0,0,0,0,0,0,0,0,0,0,0,0,0,57,2026-02-04 23:18:23.376544
WNTR,25.22,25.09,25.14,2329700.0,2304600.0,0,0,0,0,0,0,0,0,0,0,0,0,0,0,0,0,57,2026-02-04 23:18:23.376544
SPNG,25.22,24.95,24.97,2097400.0,2000700.0,0,0,0,0,0,0,0,0,0,0,0,0,0,0,0,0,58,2026-02-04 23:18:24.426671
SMMR,25.03,25.11,25.22,2004300.0,1991500.0,0,0,0,0,0,0,0,0,0,0,0,0,0,0,0,0,58,2026-02-04 23:18:24.426671
ATMN,24.76,24.71,24.75,2376100.0,2231500.0,0,0,0,0,0,0,0,0,0,0,0,0,0,0,0,0,58,2026-02-04 23:18:24.426671
WNTR,25.22,25.09,25.1,2293900.0,2317500.0,0,0,0,0,0,0,0,0,0,0,0,0,0,0,0,0,58,2026-02-04 23:18:24.426671
SPNG,24.67,24.67,24.97,2095100.0,2000700.0,0,0,0,0,0,0,0,0,0,0,0,0,0,0,0,0,59,2026-02-04 23:18:25.016646
SMMR,24.97,24.97,25.16,2029400.0,1988000.0,0,0,0,0,0,0,0,0,0,0,0,0,0,0,0,0,59,2026-02-04 23:18:25.016646
ATMN,24.75,24.94,25.15,2345500.0,2255200.0,0,0,0,0,0,0,0,0,0,0,0,0,0,0,0,0,59,2026-02-04 23:18:25.016646
WNTR,25.1,25.09,25.1,2310300.0,2317500.0,0,0,0,0,0,0,0,0,0,0,0,0,0,0,0,0,59,2026-02-04 23:18:25.016646
SPNG,24.67,26.31,0.0,200000.0,0,0,0,0,0,0,0,0,0,0,0,0,0,0,0,0,0,60,2026-02-04 23:18:26.177236
SMMR,25.22,24.31,0.0,200000.0,0,0,0,0,0,0,0,0,0,0,0,0,0,0,0,0,0,60,2026-02-04 23:18:26.177236
ATMN,24.75,24.53,0.0,200000.0,0,0,0,0,0,0,0,0,0,0,0,0,0,0,0,0,0,60,2026-02-04 23:18:26.177236
WNTR,25.09,25.94,0.0,200000.0,0,0,0,0,0,0,0,0,0,0,0,0,0,0,0,0,0,60,2026-02-04 23:18:26.177236
SPNG,26.31,26.31,26.85,835000.0,746100.0,0,0,0,0,0,0,0,0,0,0,0,0,0,0,0,0,61,2026-02-04 23:18:27.218080
SMMR,25.22,24.31,24.43,814900.0,1053900.0,0,0,0,0,0,0,0,0,0,0,0,0,0,0,0,0,61,2026-02-04 23:18:27.218080
ATMN,24.53,24.53,24.81,990700.0,1187400.0,0,0,0,0,0,0,0,0,0,0,0,0,0,0,0,0,61,2026-02-04 23:18:27.218080
WNTR,25.94,25.47,25.7,1109100.0,874300.0,0,0,0,0,0,0,0,0,0,0,0,0,0,0,0,0,61,2026-02-04 23:18:27.218080
SPNG,26.31,26.31,26.39,931800.0,1045800.0,0,0,0,0,0,0,0,0,0,0,0,0,0,0,0,0,62,2026-02-04 23:18:28.256606
SMMR,24.43,24.34,24.43,918300.0,1053900.0,0,0,0,0,0,0,0,0,0,0,0,0,0,0,0,0,62,2026-02-04 23:18:28.256606
ATMN,24.56,24.53,24.56,990700.0,1414400.0,0,0,0,0,0,0,0,0,0,0,0,0,0,0,0,0,62,2026-02-04 23:18:28.256606
WNTR,25.84,25.8,25.84,1318100.0,847300.0,0,0,0,0,0,0,0,0,0,0,0,0,0,0,0,0,62,2026-02-04 23:18:28.256606
SPNG,26.31,26.11,26.28,949700.0,1277000.0,0,0,0,0,0,0,0,0,0,0,0,0,0,0,0,0,63,2026-02-04 23:18:29.294563
SMMR,24.34,24.34,24.43,918300.0,1053900.0,0,0,0,0,0,0,0,0,0,0,0,0,0,0,0,0,63,2026-02-04 23:18:29.294563
ATMN,24.53,24.39,24.42,1273100.0,1516400.0,0,0,0,0,0,0,0,0,0,0,0,0,0,0,0,0,63,2026-02-04 23:18:29.294563
WNTR,25.84,25.81,25.84,1557600.0,847300.0,0,0,0,0,0,0,0,0,0,0,0,0,0,0,0,0,63,2026-02-04 23:18:29.294563
SPNG,26.28,25.88,26.28,916600.0,5000.0,1277000.0,5000.0,0,0,0,0,0,0,0,0,0,0,0,0,0,0,64,2026-02-04 23:18:30.326957
SMMR,24.43,24.54,24.62,929800.0,,1049300.0,,0,0,0,0,0,0,0,0,0,0,0,0,0,0,64,2026-02-04 23:18:30.326957
ATMN,24.39,24.39,24.56,1372300.0,,1414400.0,,0,0,0,0,0,0,0,0,0,0,0,0,0,0,64,2026-02-04 23:18:30.326957
WNTR,25.87,25.82,25.87,1778100.0,,826300.0,,0,0,0,0,0,0,0,0,0,0,0,0,0,0,64,2026-02-04 23:18:30.326957
SPNG,25.76,26.25,26.52,933300.0,5000.0,5000.0,1072600.0,0,0,0,0,0,0,0,0,0,0,0,0,0,0,65,2026-02-04 23:18:31.364140
SMMR,24.43,24.54,24.62,929800.0,,,1470000.0,0,0,0,0,0,0,0,0,0,0,0,0,0,0,65,2026-02-04 23:18:31.364140
ATMN,24.39,24.39,24.56,1726900.0,,,1414400.0,0,0,0,0,0,0,0,0,0,0,0,0,0,0,65,2026-02-04 23:18:31.364140
WNTR,25.81,25.81,25.87,1811300.0,,,925000.0,0,0,0,0,0,0,0,0,0,0,0,0,0,0,65,2026-02-04 23:18:31.364140
SPNG,26.53,26.02,26.53,1117600.0,5000.0,5000.0,1072600.0,0,0,0,0,0,0,0,0,0,0,0,0,0,0,66,2026-02-04 23:18:32.418422
SMMR,24.54,24.31,24.39,842700.0,,,1892500.0,0,0,0,0,0,0,0,0,0,0,0,0,0,0,66,2026-02-04 23:18:32.418422
ATMN,24.81,24.39,24.81,1864700.0,,,1398700.0,0,0,0,0,0,0,0,0,0,0,0,0,0,0,66,2026-02-04 23:18:32.418422
WNTR,25.91,25.81,25.91,2097600.0,,,823800.0,0,0,0,0,0,0,0,0,0,0,0,0,0,0,66,2026-02-04 23:18:32.418422
SPNG,26.53,26.04,26.06,1310900.0,5000.0,1188900.0,5000.0,0,0,0,0,0,0,0,0,0,0,0,0,0,0,67,2026-02-04 23:18:33.536165
SMMR,24.31,24.12,24.14,1174100.0,,1892500.0,,0,0,0,0,0,0,0,0,0,0,0,0,0,0,67,2026-02-04 23:18:33.536165
ATMN,24.81,24.63,24.81,2210100.0,,1510000.0,,0,0,0,0,0,0,0,0,0,0,0,0,0,0,67,2026-02-04 23:18:33.536165
WNTR,25.91,25.94,26.08,2199500.0,,1097100.0,,0,0,0,0,0,0,0,0,0,0,0,0,0,0,67,2026-02-04 23:18:33.536165
SPNG,26.06,26.04,26.06,1430600.0,5000.0,1188900.0,5000.0,0,0,0,0,0,0,0,0,0,0,0,0,0,0,68,2026-02-04 23:18:34.106750
SMMR,24.39,24.12,24.39,1299200.0,,1771000.0,,0,0,0,0,0,0,0,0,0,0,0,0,0,0,68,2026-02-04 23:18:34.106750
ATMN,24.63,24.54,24.62,2242700.0,,1617100.0,,0,0,0,0,0,0,0,0,0,0,0,0,0,0,68,2026-02-04 23:18:34.106750
WNTR,25.82,25.82,26.08,2097600.0,,1225900.0,,0,0,0,0,0,0,0,0,0,0,0,0,0,0,68,2026-02-04 23:18:34.106750
SPNG,26.06,26.15,26.52,1732300.0,5000.0,5000.0,1167000.0,0,0,0,0,0,0,0,0,0,0,0,0,0,0,69,2026-02-04 23:18:35.195718
SMMR,24.16,24.12,24.13,1299200.0,,,1859300.0,0,0,0,0,0,0,0,0,0,0,0,0,0,0,69,2026-02-04 23:18:35.195718
ATMN,24.62,24.62,24.73,2370800.0,,,1628100.0,0,0,0,0,0,0,0,0,0,0,0,0,0,0,69,2026-02-04 23:18:35.195718
WNTR,25.83,25.89,26.08,2345700.0,,,1225900.0,0,0,0,0,0,0,0,0,0,0,0,0,0,0,69,2026-02-04 23:18:35.195718
SPNG,26.06,26.15,26.52,1916100.0,5000.0,5000.0,1249200.0,0,0,0,0,0,0,0,0,0,0,0,0,0,0,70,2026-02-04 23:18:36.248438
SMMR,24.12,24.12,24.39,1504600.0,,,1771000.0,0,0,0,0,0,0,0,0,0,0,0,0,0,0,70,2026-02-04 23:18:36.248438
ATMN,24.54,24.54,24.73,2242700.0,,,1980200.0,0,0,0,0,0,0,0,0,0,0,0,0,0,0,70,2026-02-04 23:18:36.248438
WNTR,25.86,25.82,25.86,2312500.0,,,1358800.0,0,0,0,0,0,0,0,0,0,0,0,0,0,0,70,2026-02-04 23:18:36.248438
SPNG,26.79,26.15,26.78,1916700.0,5000.0,5000.0,1257600.0,0,0,0,0,0,0,0,0,0,0,0,0,0,0,71,2026-02-04 23:18:37.323872
SMMR,24.24,24.31,24.39,1513100.0,,,1895800.0,0,0,0,0,0,0,0,0,0,0,0,0,0,0,71,2026-02-04 23:18:37.323872
ATMN,24.54,24.39,24.44,2290700.0,,,2079300.0,0,0,0,0,0,0,0,0,0,0,0,0,0,0,71,2026-02-04 23:18:37.323872
WNTR,25.86,26.0,26.08,2258000.0,,,1225900.0,0,0,0,0,0,0,0,0,0,0,0,0,0,0,71,2026-02-04 23:18:37.323872
SPNG,26.15,26.15,26.67,1948700.0,5000.0,1436500.0,5000.0,0,0,0,0,0,0,0,0,0,0,0,0,0,0,72,2026-02-04 23:18:38.357015
SMMR,24.31,24.12,24.3,1407500.0,,2118500.0,,0,0,0,0,0,0,0,0,0,0,0,0,0,0,72,2026-02-04 23:18:38.357015
ATMN,24.39,24.39,24.44,2497600.0,,2079300.0,,0,0,0,0,0,0,0,0,0,0,0,0,0,0,72,2026-02-04 23:18:38.357015
WNTR,25.98,25.82,25.9,2293300.0,,1425900.0,,0,0,0,0,0,0,0,0,0,0,0,0,0,0,72,2026-02-04 23:18:38.357015
SPNG,26.15,26.15,26.36,1948700.0,5000.0,1742400.0,5000.0,0,0,0,0,0,0,0,0,0,0,0,0,0,0,73,2026-02-04 23:18:39.390187
SMMR,24.31,24.17,24.21,1634000.0,,2128600.0,,0,0,0,0,0,0,0,0,0,0,0,0,0,0,73,2026-02-04 23:18:39.390187
ATMN,24.44,24.58,24.63,2479300.0,,2231900.0,,0,0,0,0,0,0,0,0,0,0,0,0,0,0,73,2026-02-04 23:18:39.390187
WNTR,26.08,25.82,25.92,2293300.0,,1334900.0,,0,0,0,0,0,0,0,0,0,0,0,0,0,0,73,2026-02-04 23:18:39.390187
SPNG,26.15,26.15,26.36,1929400.0,5000.0,1743300.0,5000.0,0,0,0,0,0,0,0,0,0,0,0,0,0,0,74,2026-02-04 23:18:40.431576
SMMR,24.31,24.17,24.21,1732100.0,,2096500.0,,0,0,0,0,0,0,0,0,0,0,0,0,0,0,74,2026-02-04 23:18:40.431576
ATMN,24.58,24.39,24.47,2489500.0,,2270600.0,,0,0,0,0,0,0,0,0,0,0,0,0,0,0,74,2026-02-04 23:18:40.431576
WNTR,26.16,26.02,26.16,2254200.0,,1082200.0,,0,0,0,0,0,0,0,0,0,0,0,0,0,0,74,2026-02-04 23:18:40.431576
SPNG,26.36,26.04,26.36,1915600.0,5000.0,1743300.0,5000.0,0,0,0,0,0,0,0,0,0,0,0,0,0,0,75,2026-02-04 23:18:41.480510
SMMR,24.24,24.17,24.24,1937000.0,,2102300.0,,0,0,0,0,0,0,0,0,0,0,0,0,0,0,75,2026-02-04 23:18:41.480510
ATMN,24.25,24.52,24.63,2458100.0,,2231900.0,,0,0,0,0,0,0,0,0,0,0,0,0,0,0,75,2026-02-04 23:18:41.480510
WNTR,25.95,25.82,25.89,2293300.0,,1324700.0,,0,0,0,0,0,0,0,0,0,0,0,0,0,0,75,2026-02-04 23:18:41.480510
SPNG,26.67,26.11,26.55,1920200.0,5000.0,1754100.0,5000.0,0,0,0,0,0,0,0,0,0,0,0,0,0,0,76,2026-02-04 23:18:42.543304
SMMR,24.24,24.17,24.24,2166800.0,,2084700.0,,0,0,0,0,0,0,0,0,0,0,0,0,0,0,76,2026-02-04 23:18:42.543304
ATMN,24.24,24.24,24.63,2517600.0,,2232900.0,,0,0,0,0,0,0,0,0,0,0,0,0,0,0,76,2026-02-04 23:18:42.543304
WNTR,25.81,25.81,25.86,2331600.0,,1081200.0,,0,0,0,0,0,0,0,0,0,0,0,0,0,0,76,2026-02-04 23:18:42.543304
SPNG,26.55,26.11,26.55,1910600.0,5000.0,1754100.0,5000.0,0,0,0,0,0,0,0,0,0,0,0,0,0,0,77,2026-02-04 23:18:43.137984
SMMR,24.17,24.17,24.24,2192300.0,,2066600.0,,0,0,0,0,0,0,0,0,0,0,0,0,0,0,77,2026-02-04 23:18:43.137984
ATMN,24.24,24.24,24.63,2508200.0,,2255400.0,,0,0,0,0,0,0,0,0,0,0,0,0,0,0,77,2026-02-04 23:18:43.137984
WNTR,25.81,25.83,25.86,2300800.0,,1081200.0,,0,0,0,0,0,0,0,0,0,0,0,0,0,0,77,2026-02-04 23:18:43.137984
SPNG,26.04,26.34,26.55,1908900.0,5000.0,1801700.0,5000.0,0,0,0,0,0,0,0,0,0,0,0,0,0,0,78,2026-02-04 23:18:44.215853
SMMR,24.3,24.36,24.39,2168200.0,,2100600.0,,0,0,0,0,0,0,0,0,0,0,0,0,0,0,78,2026-02-04 23:18:44.215853
ATMN,24.22,24.22,24.63,2517600.0,,2279200.0,,0,0,0,0,0,0,0,0,0,0,0,0,0,0,78,2026-02-04 23:18:44.215853
WNTR,25.81,25.81,25.86,2315600.0,,1081200.0,,0,0,0,0,0,0,0,0,0,0,0,0,0,0,78,2026-02-04 23:18:44.215853
SPNG,26.04,26.34,26.35,1907100.0,5000.0,1829300.0,5000.0,0,0,0,0,0,0,0,0,0,0,0,0,0,0,79,2026-02-04 23:18:45.281337
SMMR,24.3,24.36,24.39,2118000.0,,2079900.0,,0,0,0,0,0,0,0,0,0,0,0,0,0,0,79,2026-02-04 23:18:45.281337
ATMN,24.22,24.22,24.43,2455500.0,,2313000.0,,0,0,0,0,0,0,0,0,0,0,0,0,0,0,79,2026-02-04 23:18:45.281337
WNTR,26.1,25.81,26.05,2331000.0,,1066300.0,,0,0,0,0,0,0,0,0,0,0,0,0,0,0,79,2026-02-04 23:18:45.281337
SPNG,26.55,26.65,26.67,1876400.0,5000.0,1789200.0,5000.0,0,0,0,0,0,0,0,0,0,0,0,0,0,0,80,2026-02-04 23:18:46.325541
SMMR,24.39,24.25,24.39,2139000.0,,2106800.0,,0,0,0,0,0,0,0,0,0,0,0,0,0,0,80,2026-02-04 23:18:46.325541
ATMN,24.63,24.22,24.63,2419500.0,,2279200.0,,0,0,0,0,0,0,0,0,0,0,0,0,0,0,80,2026-02-04 23:18:46.325541
WNTR,26.1,25.81,25.88,2262900.0,,1166200.0,,0,0,0,0,0,0,0,0,0,0,0,0,0,0,80,2026-02-04 23:18:46.325541
SPNG,26.65,26.34,26.44,1903100.0,5000.0,1808400.0,5000.0,0,0,0,0,0,0,0,0,0,0,0,0,0,0,81,2026-02-04 23:18:47.378605
SMMR,24.19,24.19,24.35,2167400.0,,2128000.0,,0,0,0,0,0,0,0,0,0,0,0,0,0,0,81,2026-02-04 23:18:47.378605
ATMN,24.63,24.59,24.63,2427800.0,,2279200.0,,0,0,0,0,0,0,0,0,0,0,0,0,0,0,81,2026-02-04 23:18:47.378605
WNTR,26.05,26.11,26.22,2272300.0,,1151000.0,,0,0,0,0,0,0,0,0,0,0,0,0,0,0,81,2026-02-04 23:18:47.378605
SPNG,26.34,26.34,26.42,1915600.0,5000.0,1827900.0,5000.0,0,0,0,0,0,0,0,0,0,0,0,0,0,0,82,2026-02-04 23:18:48.426198
SMMR,24.35,24.19,24.35,2142500.0,,2128000.0,,0,0,0,0,0,0,0,0,0,0,0,0,0,0,82,2026-02-04 23:18:48.426198
ATMN,24.59,24.59,24.63,2427800.0,,2327400.0,,0,0,0,0,0,0,0,0,0,0,0,0,0,0,82,2026-02-04 23:18:48.426198
WNTR,26.11,25.81,25.99,2290100.0,,1396300.0,,0,0,0,0,0,0,0,0,0,0,0,0,0,0,82,2026-02-04 23:18:48.426198
SPNG,26.42,26.34,26.42,1899200.0,5000.0,1827900.0,5000.0,0,0,0,0,0,0,0,0,0,0,0,0,0,0,83,2026-02-04 23:18:49.473139
SMMR,24.23,24.19,24.21,2161500.0,,2148000.0,,0,0,0,0,0,0,0,0,0,0,0,0,0,0,83,2026-02-04 23:18:49.473139
ATMN,24.58,24.58,24.63,2443800.0,,2360200.0,,0,0,0,0,0,0,0,0,0,0,0,0,0,0,83,2026-02-04 23:18:49.473139
WNTR,25.98,25.98,25.99,2301400.0,,1490400.0,,0,0,0,0,0,0,0,0,0,0,0,0,0,0,83,2026-02-04 23:18:49.473139
SPNG,26.55,26.15,26.16,1904600.0,5000.0,1820700.0,5000.0,0,0,0,0,0,0,0,0,0,0,0,0,0,0,84,2026-02-04 23:18:50.517613
SMMR,24.35,24.35,24.39,2139100.0,,2112700.0,,0,0,0,0,0,0,0,0,0,0,0,0,0,0,84,2026-02-04 23:18:50.517613
ATMN,24.63,24.22,24.63,2404100.0,,2360200.0,,0,0,0,0,0,0,0,0,0,0,0,0,0,0,84,2026-02-04 23:18:50.517613
WNTR,25.8,25.8,25.99,2277300.0,,1591500.0,,0,0,0,0,0,0,0,0,0,0,0,0,0,0,84,2026-02-04 23:18:50.517613
SPNG,26.15,26.15,26.3,1904600.0,5000.0,1829400.0,5000.0,0,0,0,0,0,0,0,0,0,0,0,0,0,0,85,2026-02-04 23:18:51.612091
SMMR,24.39,24.19,24.39,2159800.0,,2112700.0,,0,0,0,0,0,0,0,0,0,0,0,0,0,0,85,2026-02-04 23:18:51.612091
ATMN,24.48,24.22,24.39,2404100.0,,2337600.0,,0,0,0,0,0,0,0,0,0,0,0,0,0,0,85,2026-02-04 23:18:51.612091
WNTR,25.8,25.8,25.89,2301500.0,,1708500.0,,0,0,0,0,0,0,0,0,0,0,0,0,0,0,85,2026-02-04 23:18:51.612091
SPNG,26.3,26.15,26.3,1896800.0,5000.0,1829400.0,5000.0,0,0,0,0,0,0,0,0,0,0,0,0,0,0,86,2026-02-04 23:18:52.207313
SMMR,24.39,24.31,24.33,2150400.0,,2155200.0,,0,0,0,0,0,0,0,0,0,0,0,0,0,0,86,2026-02-04 23:18:52.207313
ATMN,24.48,24.22,24.39,2389700.0,,2337600.0,,0,0,0,0,0,0,0,0,0,0,0,0,0,0,86,2026-02-04 23:18:52.207313
WNTR,25.89,25.8,25.89,2304200.0,,1708500.0,,0,0,0,0,0,0,0,0,0,0,0,0,0,0,86,2026-02-04 23:18:52.207313
SPNG,26.3,26.15,26.3,1881000.0,5000.0,1829400.0,5000.0,0,0,0,0,0,0,0,0,0,0,0,0,0,0,87,2026-02-04 23:18:53.271174
SMMR,24.39,24.31,24.33,2150400.0,,2169700.0,,0,0,0,0,0,0,0,0,0,0,0,0,0,0,87,2026-02-04 23:18:53.271174
ATMN,24.72,24.22,24.72,2414300.0,,2302700.0,,0,0,0,0,0,0,0,0,0,0,0,0,0,0,87,2026-02-04 23:18:53.271174
WNTR,25.8,25.8,25.96,2326300.0,,1693000.0,,0,0,0,0,0,0,0,0,0,0,0,0,0,0,87,2026-02-04 23:18:53.271174
SPNG,26.15,26.12,26.14,1876400.0,5000.0,1825000.0,5000.0,0,0,0,0,0,0,0,0,0,0,0,0,0,0,88,2026-02-04 23:18:54.308071
SMMR,24.31,24.31,24.33,2187100.0,,2169700.0,,0,0,0,0,0,0,0,0,0,0,0,0,0,0,88,2026-02-04 23:18:54.308071
ATMN,24.77,24.22,24.42,2414300.0,,2276200.0,,0,0,0,0,0,0,0,0,0,0,0,0,0,0,88,2026-02-04 23:18:54.308071
WNTR,25.8,25.8,25.88,2329600.0,,1815200.0,,0,0,0,0,0,0,0,0,0,0,0,0,0,0,88,2026-02-04 23:18:54.308071
SPNG,26.07,26.07,26.68,1868600.0,5000.0,1829700.0,5000.0,0,0,0,0,0,0,0,0,0,0,0,0,0,0,89,2026-02-04 23:18:55.373417
SMMR,24.31,24.31,24.33,2204600.0,,2164400.0,,0,0,0,0,0,0,0,0,0,0,0,0,0,0,89,2026-02-04 23:18:55.373417
ATMN,24.22,24.22,24.39,2421100.0,,2263300.0,,0,0,0,0,0,0,0,0,0,0,0,0,0,0,89,2026-02-04 23:18:55.373417
WNTR,25.88,25.8,25.88,2318300.0,,2063100.0,,0,0,0,0,0,0,0,0,0,0,0,0,0,0,89,2026-02-04 23:18:55.373417
SPNG,26.26,26.67,26.68,1862200.0,5000.0,1829700.0,5000.0,0,0,0,0,0,0,0,0,0,0,0,0,0,0,90,2026-02-04 23:18:56.431572
SMMR,24.26,24.26,24.33,2177800.0,,2164400.0,,0,0,0,0,0,0,0,0,0,0,0,0,0,0,90,2026-02-04 23:18:56.431572
ATMN,24.32,24.32,24.81,2439200.0,,2257000.0,,0,0,0,0,0,0,0,0,0,0,0,0,0,0,90,2026-02-04 23:18:56.431572
WNTR,25.94,25.94,25.96,2358600.0,,1824200.0,,0,0,0,0,0,0,0,0,0,0,0,0,0,0,90,2026-02-04 23:18:56.431572
SPNG,26.67,26.44,26.47,1881500.0,5000.0,1790700.0,5000.0,0,0,0,0,0,0,0,0,0,0,0,0,0,0,91,2026-02-04 23:18:57.512407
SMMR,24.35,24.3,24.35,2141000.0,,2166100.0,,0,0,0,0,0,0,0,0,0,0,0,0,0,0,91,2026-02-04 23:18:57.512407
ATMN,24.22,24.22,24.55,2421100.0,,2286600.0,,0,0,0,0,0,0,0,0,0,0,0,0,0,0,91,2026-02-04 23:18:57.512407
WNTR,25.94,25.94,25.96,2362300.0,,1941600.0,,0,0,0,0,0,0,0,0,0,0,0,0,0,0,91,2026-02-04 23:18:57.512407
SPNG,26.42,26.42,26.47,1882500.0,5000.0,1790700.0,5000.0,0,0,0,0,0,0,0,0,0,0,0,0,0,0,92,2026-02-04 23:18:58.609192
SMMR,24.39,24.3,24.34,2141000.0,,2142100.0,,0,0,0,0,0,0,0,0,0,0,0,0,0,0,92,2026-02-04 23:18:58.609192
ATMN,24.55,24.51,24.55,2403200.0,,2294600.0,,0,0,0,0,0,0,0,0,0,0,0,0,0,0,92,2026-02-04 23:18:58.609192
WNTR,25.94,25.94,25.96,2375000.0,,2170700.0,,0,0,0,0,0,0,0,0,0,0,0,0,0,0,92,2026-02-04 23:18:58.609192
SPNG,26.47,26.05,26.47,1859200.0,5000.0,1790700.0,5000.0,0,0,0,0,0,0,0,0,0,0,0,0,0,0,93,2026-02-04 23:18:59.298815
SMMR,24.26,24.19,24.23,2160700.0,,2148700.0,,0,0,0,0,0,0,0,0,0,0,0,0,0,0,93,2026-02-04 23:18:59.298815
ATMN,24.81,24.22,24.81,2421100.0,,2239300.0,,0,0,0,0,0,0,0,0,0,0,0,0,0,0,93,2026-02-04 23:18:59.298815
WNTR,25.96,25.76,25.96,2375000.0,,2129000.0,,0,0,0,0,0,0,0,0,0,0,0,0,0,0,93,2026-02-04 23:18:59.298815
SPNG,26.69,26.05,26.35,1870500.0,5000.0,1816900.0,5000.0,0,0,0,0,0,0,0,0,0,0,0,0,0,0,94,2026-02-04 23:19:00.379862
SMMR,24.15,24.24,24.34,2131500.0,,2142100.0,,0,0,0,0,0,0,0,0,0,0,0,0,0,0,94,2026-02-04 23:19:00.379862
ATMN,24.21,24.21,24.81,2402500.0,,2235800.0,,0,0,0,0,0,0,0,0,0,0,0,0,0,0,94,2026-02-04 23:19:00.379862
WNTR,25.96,25.83,25.86,2355000.0,,2121900.0,,0,0,0,0,0,0,0,0,0,0,0,0,0,0,94,2026-02-04 23:19:00.379862
SPNG,26.69,26.3,26.35,1861500.0,5000.0,1815300.0,5000.0,0,0,0,0,0,0,0,0,0,0,0,0,0,0,95,2026-02-04 23:19:01.429988
SMMR,24.15,24.24,24.34,2131500.0,,2141900.0,,0,0,0,0,0,0,0,0,0,0,0,0,0,0,95,2026-02-04 23:19:01.429988
ATMN,24.21,24.21,24.65,2402500.0,,2291600.0,,0,0,0,0,0,0,0,0,0,0,0,0,0,0,95,2026-02-04 23:19:01.429988
WNTR,25.83,25.83,25.96,2355000.0,,2118900.0,,0,0,0,0,0,0,0,0,0,0,0,0,0,0,95,2026-02-04 23:19:01.429988
SPNG,26.69,26.3,26.35,1832100.0,5000.0,1809600.0,5000.0,0,0,0,0,0,0,0,0,0,0,0,0,0,0,96,2026-02-04 23:19:02.468694
SMMR,24.15,24.15,24.19,2129800.0,,2176500.0,,0,0,0,0,0,0,0,0,0,0,0,0,0,0,96,2026-02-04 23:19:02.468694
ATMN,24.65,24.18,24.65,2467200.0,,2291600.0,,0,0,0,0,0,0,0,0,0,0,0,0,0,0,96,2026-02-04 23:19:02.468694
WNTR,25.76,25.76,25.78,2375000.0,,2136000.0,,0,0,0,0,0,0,0,0,0,0,0,0,0,0,96,2026-02-04 23:19:02.468694
SPNG,26.69,26.3,26.35,1835000.0,5000.0,1843300.0,5000.0,0,0,0,0,0,0,0,0,0,0,0,0,0,0,97,2026-02-04 23:19:03.513125
SMMR,24.35,24.26,24.35,2119900.0,,2125400.0,,0,0,0,0,0,0,0,0,0,0,0,0,0,0,97,2026-02-04 23:19:03.513125
ATMN,24.65,24.18,24.45,2467200.0,,2345300.0,,0,0,0,0,0,0,0,0,0,0,0,0,0,0,97,2026-02-04 23:19:03.513125
WNTR,25.99,25.76,25.99,2375000.0,,2125100.0,,0,0,0,0,0,0,0,0,0,0,0,0,0,0,97,2026-02-04 23:19:03.513125
SPNG,26.49,26.3,26.49,1835000.0,5000.0,1815900.0,5000.0,0,0,0,0,0,0,0,0,0,0,0,0,0,0,98,2026-02-04 23:19:04.550671
SMMR,24.35,24.26,24.29,2119900.0,,2167600.0,,0,0,0,0,0,0,0,0,0,0,0,0,0,0,98,2026-02-04 23:19:04.550671
ATMN,24.62,24.36,24.62,2472500.0,,2317200.0,,0,0,0,0,0,0,0,0,0,0,0,0,0,0,98,2026-02-04 23:19:04.550671
WNTR,25.76,25.76,25.83,2349800.0,,2131000.0,,0,0,0,0,0,0,0,0,0,0,0,0,0,0,98,2026-02-04 23:19:04.550671
SPNG,26.3,26.3,26.49,1839100.0,5000.0,1815900.0,5000.0,0,0,0,0,0,0,0,0,0,0,0,0,0,0,99,2026-02-04 23:19:05.601329
SMMR,24.32,24.15,24.32,2129800.0,,2160000.0,,0,0,0,0,0,0,0,0,0,0,0,0,0,0,99,2026-02-04 23:19:05.601329
ATMN,24.62,24.56,24.62,2486700.0,,2363500.0,,0,0,0,0,0,0,0,0,0,0,0,0,0,0,99,2026-02-04 23:19:05.601329
WNTR,25.88,25.76,25.88,2341500.0,,2176700.0,,0,0,0,0,0,0,0,0,0,0,0,0,0,0,99,2026-02-04 23:19:05.601329
SPNG,26.19,26.31,26.38,1818900.0,5000.0,1837600.0,5000.0,0,0,0,0,0,0,0,0,0,0,0,0,0,0,100,2026-02-04 23:19:06.791830
SMMR,24.23,24.24,24.32,2129900.0,,2158300.0,,0,0,0,0,0,0,0,0,0,0,0,0,0,0,100,2026-02-04 23:19:06.791830
ATMN,24.56,24.56,24.62,2486700.0,,2427200.0,,0,0,0,0,0,0,0,0,0,0,0,0,0,0,100,2026-02-04 23:19:06.791830
WNTR,25.88,25.76,25.88,2319000.0,,2144000.0,,0,0,0,0,0,0,0,0,0,0,0,0,0,0,100,2026-02-04 23:19:06.791830
SPNG,26.06,26.06,26.38,1811300.0,5000.0,1837600.0,5000.0,0,0,0,0,0,0,0,0,0,0,0,0,0,0,101,2026-02-04 23:19:07.345074
SMMR,24.14,24.14,24.32,2129700.0,,2151700.0,,0,0,0,0,0,0,0,0,0,0,0,0,0,0,101,2026-02-04 23:19:07.345074
ATMN,24.36,24.36,24.62,2472500.0,,2427200.0,,0,0,0,0,0,0,0,0,0,0,0,0,0,0,101,2026-02-04 23:19:07.345074
WNTR,25.88,25.76,25.88,2319000.0,,2169600.0,,0,0,0,0,0,0,0,0,0,0,0,0,0,0,101,2026-02-04 23:19:07.345074
SPNG,26.49,26.06,26.49,1811300.0,5000.0,1843500.0,5000.0,0,0,0,0,0,0,0,0,0,0,0,0,0,0,102,2026-02-04 23:19:08.428964
SMMR,24.28,24.14,24.23,2129700.0,,2167400.0,,0,0,0,0,0,0,0,0,0,0,0,0,0,0,102,2026-02-04 23:19:08.428964
ATMN,24.17,24.17,24.5,2434700.0,,2453300.0,,0,0,0,0,0,0,0,0,0,0,0,0,0,0,102,2026-02-04 23:19:08.428964
WNTR,25.91,25.87,25.91,2279700.0,,2140600.0,,0,0,0,0,0,0,0,0,0,0,0,0,0,0,102,2026-02-04 23:19:08.428964
SPNG,26.49,26.43,26.44,1812900.0,5000.0,1854700.0,5000.0,0,0,0,0,0,0,0,0,0,0,0,0,0,0,103,2026-02-04 23:19:09.471834
SMMR,24.32,24.34,24.35,2164700.0,,2158000.0,,0,0,0,0,0,0,0,0,0,0,0,0,0,0,103,2026-02-04 23:19:09.471834
ATMN,24.17,24.17,24.5,2439400.0,,2453300.0,,0,0,0,0,0,0,0,0,0,0,0,0,0,0,103,2026-02-04 23:19:09.471834
WNTR,25.88,25.76,25.88,2321200.0,,2161100.0,,0,0,0,0,0,0,0,0,0,0,0,0,0,0,103,2026-02-04 23:19:09.471834
SPNG,26.06,26.3,26.44,1811300.0,5000.0,1853700.0,5000.0,0,0,0,0,0,0,0,0,0,0,0,0,0,0,104,2026-02-04 23:19:10.513406
SMMR,24.34,24.34,24.35,2164700.0,,2156900.0,,0,0,0,0,0,0,0,0,0,0,0,0,0,0,104,2026-02-04 23:19:10.513406
ATMN,24.29,24.17,24.22,2439400.0,,2418300.0,,0,0,0,0,0,0,0,0,0,0,0,0,0,0,104,2026-02-04 23:19:10.513406
WNTR,25.88,25.82,25.85,2330400.0,,2172800.0,,0,0,0,0,0,0,0,0,0,0,0,0,0,0,104,2026-02-04 23:19:10.513406
SPNG,26.06,26.3,26.44,1895800.0,1958400.0,0,0,0,0,0,0,0,0,0,0,0,0,0,0,0,0,105,2026-02-04 23:19:11.597131
SMMR,24.38,24.32,24.38,2140300.0,2163600.0,0,0,0,0,0,0,0,0,0,0,0,0,0,0,0,0,105,2026-02-04 23:19:11.597131
ATMN,24.28,24.28,24.66,2456600.0,2397000.0,0,0,0,0,0,0,0,0,0,0,0,0,0,0,0,0,105,2026-02-04 23:19:11.597131
WNTR,25.75,25.75,25.78,2321400.0,2207300.0,0,0,0,0,0,0,0,0,0,0,0,0,0,0,0,0,105,2026-02-04 23:19:11.597131
SPNG,26.06,26.35,26.44,1922600.0,1971100.0,0,0,0,0,0,0,0,0,0,0,0,0,0,0,0,0,106,2026-02-04 23:19:12.649477
SMMR,24.38,24.32,24.38,2113400.0,2144000.0,0,0,0,0,0,0,0,0,0,0,0,0,0,0,0,0,106,2026-02-04 23:19:12.649477
ATMN,24.17,24.17,24.77,2453700.0,2331900.0,0,0,0,0,0,0,0,0,0,0,0,0,0,0,0,0,106,2026-02-04 23:19:12.649477
WNTR,25.84,25.84,25.85,2327400.0,2172800.0,0,0,0,0,0,0,0,0,0,0,0,0,0,0,0,0,106,2026-02-04 23:19:12.649477
SPNG,26.3,26.21,26.22,1922200.0,1956100.0,0,0,0,0,0,0,0,0,0,0,0,0,0,0,0,0,107,2026-02-04 23:19:13.692099
SMMR,24.21,24.21,24.38,2117500.0,2157000.0,0,0,0,0,0,0,0,0,0,0,0,0,0,0,0,0,107,2026-02-04 23:19:13.692099
ATMN,24.17,24.17,24.77,2418600.0,2362200.0,0,0,0,0,0,0,0,0,0,0,0,0,0,0,0,0,107,2026-02-04 23:19:13.692099
WNTR,25.86,25.75,25.84,2321400.0,2163600.0,0,0,0,0,0,0,0,0,0,0,0,0,0,0,0,0,107,2026-02-04 23:19:13.692099
SPNG,26.44,26.21,26.44,1915600.0,1971100.0,0,0,0,0,0,0,0,0,0,0,0,0,0,0,0,0,108,2026-02-04 23:19:14.830006
SMMR,24.2,24.2,24.24,2111400.0,2135400.0,0,0,0,0,0,0,0,0,0,0,0,0,0,0,0,0,108,2026-02-04 23:19:14.830006
ATMN,24.17,24.17,24.3,2422500.0,2391400.0,0,0,0,0,0,0,0,0,0,0,0,0,0,0,0,0,108,2026-02-04 23:19:14.830006
WNTR,25.74,25.74,25.79,2363600.0,2160000.0,0,0,0,0,0,0,0,0,0,0,0,0,0,0,0,0,108,2026-02-04 23:19:14.830006
SPNG,26.48,26.21,26.48,1915600.0,1984800.0,0,0,0,0,0,0,0,0,0,0,0,0,0,0,0,0,109,2026-02-04 23:19:15.393859
SMMR,24.2,24.14,24.2,2137300.0,2131300.0,0,0,0,0,0,0,0,0,0,0,0,0,0,0,0,0,109,2026-02-04 23:19:15.393859
ATMN,24.17,24.17,24.3,2409500.0,2391400.0,0,0,0,0,0,0,0,0,0,0,0,0,0,0,0,0,109,2026-02-04 23:19:15.393859
WNTR,25.89,25.74,25.78,2363600.0,2147100.0,0,0,0,0,0,0,0,0,0,0,0,0,0,0,0,0,109,2026-02-04 23:19:15.393859
SPNG,26.51,26.35,26.51,1918500.0,1953300.0,0,0,0,0,0,0,0,0,0,0,0,0,0,0,0,0,110,2026-02-04 23:19:16.446162
SMMR,24.2,24.21,24.24,2188800.0,2135400.0,0,0,0,0,0,0,0,0,0,0,0,0,0,0,0,0,110,2026-02-04 23:19:16.446162
ATMN,24.3,24.17,24.3,2372900.0,2391400.0,0,0,0,0,0,0,0,0,0,0,0,0,0,0,0,0,110,2026-02-04 23:19:16.446162
WNTR,25.72,25.69,25.71,2385500.0,2162900.0,0,0,0,0,0,0,0,0,0,0,0,0,0,0,0,0,110,2026-02-04 23:19:16.446162
SPNG,26.64,26.21,26.64,1909100.0,1983700.0,0,0,0,0,0,0,0,0,0,0,0,0,0,0,0,0,111,2026-02-04 23:19:17.483387
SMMR,24.38,24.21,24.38,2193300.0,2157000.0,0,0,0,0,0,0,0,0,0,0,0,0,0,0,0,0,111,2026-02-04 23:19:17.483387
ATMN,24.51,24.72,24.77,2394600.0,2362200.0,0,0,0,0,0,0,0,0,0,0,0,0,0,0,0,0,111,2026-02-04 23:19:17.483387
WNTR,25.99,25.69,25.99,2385200.0,2110100.0,0,0,0,0,0,0,0,0,0,0,0,0,0,0,0,0,111,2026-02-04 23:19:17.483387
SPNG,26.21,26.21,26.25,1930800.0,1993000.0,0,0,0,0,0,0,0,0,0,0,0,0,0,0,0,0,112,2026-02-04 23:19:18.521551
SMMR,24.17,24.17,24.28,2204800.0,2114900.0,0,0,0,0,0,0,0,0,0,0,0,0,0,0,0,0,112,2026-02-04 23:19:18.521551
ATMN,24.72,24.28,24.49,2385300.0,2365400.0,0,0,0,0,0,0,0,0,0,0,0,0,0,0,0,0,112,2026-02-04 23:19:18.521551
WNTR,25.75,25.69,25.75,2385200.0,2134200.0,0,0,0,0,0,0,0,0,0,0,0,0,0,0,0,0,112,2026-02-04 23:19:18.521551
SPNG,26.21,26.21,26.25,1959200.0,1993000.0,0,0,0,0,0,0,0,0,0,0,0,0,0,0,0,0,113,2026-02-04 23:19:19.574041
SMMR,24.15,24.24,24.28,2208600.0,2114900.0,0,0,0,0,0,0,0,0,0,0,0,0,0,0,0,0,113,2026-02-04 23:19:19.574041
ATMN,24.77,24.28,24.73,2385300.0,2373300.0,0,0,0,0,0,0,0,0,0,0,0,0,0,0,0,0,113,2026-02-04 23:19:19.574041
WNTR,25.85,25.69,25.73,2385200.0,2171300.0,0,0,0,0,0,0,0,0,0,0,0,0,0,0,0,0,113,2026-02-04 23:19:19.574041
SPNG,26.25,26.39,26.64,1961700.0,1970000.0,0,0,0,0,0,0,0,0,0,0,0,0,0,0,0,0,114,2026-02-04 23:19:20.610111
SMMR,24.28,24.24,24.28,2208600.0,2113100.0,0,0,0,0,0,0,0,0,0,0,0,0,0,0,0,0,114,2026-02-04 23:19:20.610111
ATMN,24.39,24.31,24.39,2413400.0,2388300.0,0,0,0,0,0,0,0,0,0,0,0,0,0,0,0,0,114,2026-02-04 23:19:20.610111
WNTR,25.69,25.69,25.73,2370700.0,2171300.0,0,0,0,0,0,0,0,0,0,0,0,0,0,0,0,0,114,2026-02-04 23:19:20.610111
SPNG,26.15,26.15,26.16,1951900.0,1991900.0,0,0,0,0,0,0,0,0,0,0,0,0,0,0,0,0,115,2026-02-04 23:19:21.664712
SMMR,24.28,24.3,24.38,2192200.0,2131700.0,0,0,0,0,0,0,0,0,0,0,0,0,0,0,0,0,115,2026-02-04 23:19:21.664712
ATMN,24.31,24.31,24.73,2413400.0,2373300.0,0,0,0,0,0,0,0,0,0,0,0,0,0,0,0,0,115,2026-02-04 23:19:21.664712
WNTR,26.0,25.87,26.0,2346400.0,2162200.0,0,0,0,0,0,0,0,0,0,0,0,0,0,0,0,0,115,2026-02-04 23:19:21.664712
SPNG,26.62,26.15,26.62,1969700.0,2001000.0,0,0,0,0,0,0,0,0,0,0,0,0,0,0,0,0,116,2026-02-04 23:19:22.704446
SMMR,24.36,24.3,24.31,2192200.0,2154500.0,0,0,0,0,0,0,0,0,0,0,0,0,0,0,0,0,116,2026-02-04 23:19:22.704446
ATMN,24.31,24.31,24.36,2413400.0,2411900.0,0,0,0,0,0,0,0,0,0,0,0,0,0,0,0,0,116,2026-02-04 23:19:22.704446
WNTR,25.87,25.87,25.89,2346400.0,2163800.0,0,0,0,0,0,0,0,0,0,0,0,0,0,0,0,0,116,2026-02-04 23:19:22.704446
SPNG,26.62,26.22,26.62,1962000.0,2009900.0,0,0,0,0,0,0,0,0,0,0,0,0,0,0,0,0,117,2026-02-04 23:19:23.392213
SMMR,24.39,24.34,24.39,2200300.0,2126800.0,0,0,0,0,0,0,0,0,0,0,0,0,0,0,0,0,117,2026-02-04 23:19:23.392213
ATMN,24.31,24.31,24.36,2421400.0,2411900.0,0,0,0,0,0,0,0,0,0,0,0,0,0,0,0,0,117,2026-02-04 23:19:23.392213
WNTR,25.84,25.69,25.84,2370700.0,2168000.0,0,0,0,0,0,0,0,0,0,0,0,0,0,0,0,0,117,2026-02-04 23:19:23.392213
SPNG,26.06,26.06,26.62,1954000.0,2009900.0,0,0,0,0,0,0,0,0,0,0,0,0,0,0,0,0,118,2026-02-04 23:19:24.439794
SMMR,24.3,24.3,24.39,2192200.0,2126800.0,0,0,0,0,0,0,0,0,0,0,0,0,0,0,0,0,118,2026-02-04 23:19:24.439794
ATMN,24.77,24.4,24.77,2414400.0,2361600.0,0,0,0,0,0,0,0,0,0,0,0,0,0,0,0,0,118,2026-02-04 23:19:24.439794
WNTR,25.84,25.71,25.84,2358100.0,2174100.0,0,0,0,0,0,0,0,0,0,0,0,0,0,0,0,0,118,2026-02-04 23:19:24.439794
SPNG,26.05,26.32,26.57,1967500.0,1980500.0,0,0,0,0,0,0,0,0,0,0,0,0,0,0,0,0,119,2026-02-04 23:19:25.515694
SMMR,24.3,24.3,24.39,2199400.0,2151100.0,0,0,0,0,0,0,0,0,0,0,0,0,0,0,0,0,119,2026-02-04 23:19:25.515694
ATMN,24.77,24.4,24.48,2399100.0,2428500.0,0,0,0,0,0,0,0,0,0,0,0,0,0,0,0,0,119,2026-02-04 23:19:25.515694
WNTR,25.69,25.69,25.72,2374400.0,2186300.0,0,0,0,0,0,0,0,0,0,0,0,0,0,0,0,0,119,2026-02-04 23:19:25.515694
SPNG,26.38,25.06,0.0,200000.0,0,0,0,0,0,0,0,0,0,0,0,0,0,0,0,0,0,120,2026-02-04 23:19:26.576998
SMMR,24.28,26.81,0.0,200000.0,0,0,0,0,0,0,0,0,0,0,0,0,0,0,0,0,0,120,2026-02-04 23:19:26.576998
ATMN,24.4,25.03,0.0,200000.0,0,0,0,0,0,0,0,0,0,0,0,0,0,0,0,0,0,120,2026-02-04 23:19:26.576998
WNTR,25.69,26.19,0.0,200000.0,0,0,0,0,0,0,0,0,0,0,0,0,0,0,0,0,0,120,2026-02-04 23:19:26.576998
SPNG,25.06,25.06,25.07,886600.0,822300.0,0,0,0,0,0,0,0,0,0,0,0,0,0,0,0,0,121,2026-02-04 23:19:27.620937
SMMR,25.78,25.47,25.78,920100.0,772800.0,0,0,0,0,0,0,0,0,0,0,0,0,0,0,0,0,121,2026-02-04 23:19:27.620937
ATMN,25.03,25.03,25.46,1000900.0,836900.0,0,0,0,0,0,0,0,0,0,0,0,0,0,0,0,0,121,2026-02-04 23:19:27.620937
WNTR,26.21,26.39,26.82,1051700.0,825000.0,0,0,0,0,0,0,0,0,0,0,0,0,0,0,0,0,121,2026-02-04 23:19:27.620937
SPNG,25.06,23.52,24.37,918900.0,860100.0,0,0,0,0,0,0,0,0,0,0,0,0,0,0,0,0,122,2026-02-04 23:19:28.668719
SMMR,25.78,25.73,25.78,1245100.0,772800.0,0,0,0,0,0,0,0,0,0,0,0,0,0,0,0,0,122,2026-02-04 23:19:28.668719
ATMN,25.03,24.62,24.97,1050000.0,1275400.0,0,0,0,0,0,0,0,0,0,0,0,0,0,0,0,0,122,2026-02-04 23:19:28.668719
WNTR,26.21,26.39,26.58,1051700.0,1177300.0,0,0,0,0,0,0,0,0,0,0,0,0,0,0,0,0,122,2026-02-04 23:19:28.668719
SPNG,24.37,24.74,25.29,1286300.0,5000.0,852100.0,5000.0,0,0,0,0,0,0,0,0,0,0,0,0,0,0,123,2026-02-04 23:19:29.718435
SMMR,25.78,25.88,25.95,1627100.0,,787600.0,,0,0,0,0,0,0,0,0,0,0,0,0,0,0,123,2026-02-04 23:19:29.718435
ATMN,25.46,24.62,25.16,1212700.0,,1190000.0,,0,0,0,0,0,0,0,0,0,0,0,0,0,0,123,2026-02-04 23:19:29.718435
WNTR,26.39,26.12,26.24,1044700.0,,1500500.0,,0,0,0,0,0,0,0,0,0,0,0,0,0,0,123,2026-02-04 23:19:29.718435
SPNG,25.29,24.74,25.28,1411100.0,5000.0,5000.0,735900.0,0,0,0,0,0,0,0,0,0,0,0,0,0,0,124,2026-02-04 23:19:30.805493
SMMR,25.78,25.89,25.95,1880400.0,,,787600.0,0,0,0,0,0,0,0,0,0,0,0,0,0,0,124,2026-02-04 23:19:30.805493
ATMN,24.86,24.62,24.86,1309100.0,,,1314400.0,0,0,0,0,0,0,0,0,0,0,0,0,0,0,124,2026-02-04 23:19:30.805493
WNTR,26.28,26.35,26.45,1282000.0,,,1277600.0,0,0,0,0,0,0,0,0,0,0,0,0,0,0,124,2026-02-04 23:19:30.805493
SPNG,24.74,24.42,24.73,5000.0,1476200.0,859700.0,5000.0,0,0,0,0,0,0,0,0,0,0,0,0,0,0,125,2026-02-04 23:19:31.875027
SMMR,26.28,26.07,26.28,,1995200.0,802700.0,,0,0,0,0,0,0,0,0,0,0,0,0,0,0,125,2026-02-04 23:19:31.875027
ATMN,25.16,24.91,25.16,,1723500.0,1190000.0,,0,0,0,0,0,0,0,0,0,0,0,0,0,0,125,2026-02-04 23:19:31.875027
WNTR,26.35,26.12,26.18,,1150700.0,1509000.0,,0,0,0,0,0,0,0,0,0,0,0,0,0,0,125,2026-02-04 23:19:31.875027
SPNG,24.73,25.15,25.28,1715600.0,5000.0,5000.0,735900.0,0,0,0,0,0,0,0,0,0,0,0,0,0,0,126,2026-02-04 23:19:32.452925
SMMR,26.28,26.17,26.28,1967600.0,,,802700.0,0,0,0,0,0,0,0,0,0,0,0,0,0,0,126,2026-02-04 23:19:32.452925
ATMN,25.16,24.91,25.16,1723500.0,,,1306300.0,0,0,0,0,0,0,0,0,0,0,0,0,0,0,126,2026-02-04 23:19:32.452925
WNTR,26.18,26.23,26.32,1266900.0,,,1523800.0,0,0,0,0,0,0,0,0,0,0,0,0,0,0,126,2026-02-04 23:19:32.452925
SPNG,24.91,24.42,24.86,5000.0,1476200.0,953200.0,5000.0,0,0,0,0,0,0,0,0,0,0,0,0,0,0,127,2026-02-04 23:19:33.502994
SMMR,26.35,26.4,26.41,,1973100.0,805600.0,,0,0,0,0,0,0,0,0,0,0,0,0,0,0,127,2026-02-04 23:19:33.502994
ATMN,25.16,25.08,25.16,,1980000.0,1407500.0,,0,0,0,0,0,0,0,0,0,0,0,0,0,0,127,2026-02-04 23:19:33.502994
WNTR,26.32,26.23,26.32,,1388600.0,1645100.0,,0,0,0,0,0,0,0,0,0,0,0,0,0,0,127,2026-02-04 23:19:33.502994
SPNG,24.95,24.95,25.1,1597100.0,5000.0,954100.0,5000.0,0,0,0,0,0,0,0,0,0,0,0,0,0,0,128,2026-02-04 23:19:34.537546
SMMR,26.67,26.58,26.67,1964600.0,,795300.0,,0,0,0,0,0,0,0,0,0,0,0,0,0,0,128,2026-02-04 23:19:34.537546
ATMN,25.16,25.08,25.15,2081500.0,,1631100.0,,0,0,0,0,0,0,0,0,0,0,0,0,0,0,128,2026-02-04 23:19:34.537546
WNTR,26.18,26.18,26.32,1290300.0,,1645100.0,,0,0,0,0,0,0,0,0,0,0,0,0,0,0,128,2026-02-04 23:19:34.537546
SPNG,25.1,24.95,25.1,1830400.0,5000.0,954100.0,5000.0,0,0,0,0,0,0,0,0,0,0,0,0,0,0,129,2026-02-04 23:19:35.599385
SMMR,26.82,26.58,26.82,1974700.0,,743700.0,,0,0,0,0,0,0,0,0,0,0,0,0,0,0,129,2026-02-04 23:19:35.599385
ATMN,25.08,24.91,25.03,2069100.0,,1859900.0,,0,0,0,0,0,0,0,0,0,0,0,0,0,0,129,2026-02-04 23:19:35.599385
WNTR,26.18,26.03,26.09,1167000.0,,1878000.0,,0,0,0,0,0,0,0,0,0,0,0,0,0,0,129,2026-02-04 23:19:35.599385
SPNG,24.89,24.89,25.21,1813200.0,5000.0,843800.0,5000.0,0,0,0,0,0,0,0,0,0,0,0,0,0,0,130,2026-02-04 23:19:36.673623
SMMR,26.43,26.43,26.82,1969200.0,,743700.0,,0,0,0,0,0,0,0,0,0,0,0,0,0,0,130,2026-02-04 23:19:36.673623
ATMN,25.03,25.05,25.15,2410100.0,,1760100.0,,0,0,0,0,0,0,0,0,0,0,0,0,0,0,130,2026-02-04 23:19:36.673623
WNTR,26.09,26.06,26.09,1426300.0,,1878000.0,,0,0,0,0,0,0,0,0,0,0,0,0,0,0,130,2026-02-04 23:19:36.673623
SPNG,25.29,25.45,25.96,1893900.0,5000.0,909300.0,5000.0,0,0,0,0,0,0,0,0,0,0,0,0,0,0,131,2026-02-04 23:19:37.720980
SMMR,26.43,26.71,26.76,1997300.0,,840900.0,,0,0,0,0,0,0,0,0,0,0,0,0,0,0,131,2026-02-04 23:19:37.720980
ATMN,25.15,25.05,25.08,2410100.0,,1999800.0,,0,0,0,0,0,0,0,0,0,0,0,0,0,0,131,2026-02-04 23:19:37.720980
WNTR,26.06,26.06,26.3,1426300.0,,1763800.0,,0,0,0,0,0,0,0,0,0,0,0,0,0,0,131,2026-02-04 23:19:37.720980
SPNG,25.09,24.34,25.09,5000.0,1601700.0,1025600.0,5000.0,0,0,0,0,0,0,0,0,0,0,0,0,0,0,132,2026-02-04 23:19:38.784541
SMMR,26.71,26.71,27.22,,1997300.0,862000.0,,0,0,0,0,0,0,0,0,0,0,0,0,0,0,132,2026-02-04 23:19:38.784541
ATMN,24.99,24.99,25.08,,2496300.0,1999800.0,,0,0,0,0,0,0,0,0,0,0,0,0,0,0,132,2026-02-04 23:19:38.784541
WNTR,26.3,26.06,26.3,,1525700.0,1885500.0,,0,0,0,0,0,0,0,0,0,0,0,0,0,0,132,2026-02-04 23:19:38.784541
SPNG,25.09,24.71,25.09,1876700.0,5000.0,1025600.0,5000.0,0,0,0,0,0,0,0,0,0,0,0,0,0,0,133,2026-02-04 23:19:39.848004
SMMR,26.64,26.64,26.92,1996900.0,,953600.0,,0,0,0,0,0,0,0,0,0,0,0,0,0,0,133,2026-02-04 23:19:39.848004
ATMN,24.99,24.99,25.08,2437400.0,,1999800.0,,0,0,0,0,0,0,0,0,0,0,0,0,0,0,133,2026-02-04 23:19:39.848004
WNTR,26.04,26.04,26.31,1538100.0,,1883800.0,,0,0,0,0,0,0,0,0,0,0,0,0,0,0,133,2026-02-04 23:19:39.848004
SPNG,25.15,24.91,25.04,2058700.0,5000.0,1004100.0,5000.0,0,0,0,0,0,0,0,0,0,0,0,0,0,0,134,2026-02-04 23:19:40.917782
SMMR,26.68,26.75,26.84,1992100.0,,1050400.0,,0,0,0,0,0,0,0,0,0,0,0,0,0,0,134,2026-02-04 23:19:40.917782
ATMN,25.22,25.02,25.22,2438100.0,,1731000.0,,0,0,0,0,0,0,0,0,0,0,0,0,0,0,134,2026-02-04 23:19:40.917782
WNTR,26.04,26.04,26.13,1645900.0,,2115200.0,,0,0,0,0,0,0,0,0,0,0,0,0,0,0,134,2026-02-04 23:19:40.917782
SPNG,25.15,24.93,25.04,2058700.0,5000.0,1103400.0,5000.0,0,0,0,0,0,0,0,0,0,0,0,0,0,0,135,2026-02-04 23:19:41.504881
SMMR,26.75,26.66,26.68,1999000.0,,1152400.0,,0,0,0,0,0,0,0,0,0,0,0,0,0,0,135,2026-02-04 23:19:41.504881
ATMN,24.99,24.91,25.22,2465400.0,,1731000.0,,0,0,0,0,0,0,0,0,0,0,0,0,0,0,135,2026-02-04 23:19:41.504881
WNTR,26.04,26.04,26.13,1900200.0,,2115200.0,,0,0,0,0,0,0,0,0,0,0,0,0,0,0,135,2026-02-04 23:19:41.504881
SPNG,25.04,25.17,25.7,2029900.0,5000.0,1124400.0,5000.0,0,0,0,0,0,0,0,0,0,0,0,0,0,0,136,2026-02-04 23:19:42.545430
SMMR,26.84,26.77,26.84,2022000.0,,1050400.0,,0,0,0,0,0,0,0,0,0,0,0,0,0,0,136,2026-02-04 23:19:42.545430
ATMN,25.27,24.91,25.16,2465400.0,,1838700.0,,0,0,0,0,0,0,0,0,0,0,0,0,0,0,136,2026-02-04 23:19:42.545430
WNTR,26.2,26.29,26.31,2120000.0,,1883800.0,,0,0,0,0,0,0,0,0,0,0,0,0,0,0,136,2026-02-04 23:19:42.545430
SPNG,25.04,25.17,25.68,2029900.0,5000.0,1456300.0,5000.0,0,0,0,0,0,0,0,0,0,0,0,0,0,0,137,2026-02-04 23:19:43.590786
SMMR,26.84,26.77,26.84,2004900.0,,1050400.0,,0,0,0,0,0,0,0,0,0,0,0,0,0,0,137,2026-02-04 23:19:43.590786
ATMN,25.27,25.12,25.16,2415600.0,,1838700.0,,0,0,0,0,0,0,0,0,0,0,0,0,0,0,137,2026-02-04 23:19:43.590786
WNTR,26.2,26.29,26.31,2219200.0,,1974900.0,,0,0,0,0,0,0,0,0,0,0,0,0,0,0,137,2026-02-04 23:19:43.590786
SPNG,25.04,25.17,25.37,2029900.0,5000.0,1854100.0,5000.0,0,0,0,0,0,0,0,0,0,0,0,0,0,0,138,2026-02-04 23:19:44.633593
SMMR,26.77,26.77,26.84,2004900.0,,1132800.0,,0,0,0,0,0,0,0,0,0,0,0,0,0,0,138,2026-02-04 23:19:44.633593
ATMN,25.01,25.01,25.16,2425700.0,,1964700.0,,0,0,0,0,0,0,0,0,0,0,0,0,0,0,138,2026-02-04 23:19:44.633593
WNTR,26.07,26.04,26.06,1999400.0,,2196200.0,,0,0,0,0,0,0,0,0,0,0,0,0,0,0,138,2026-02-04 23:19:44.633593
SPNG,24.93,24.93,25.37,2045000.0,5000.0,1878100.0,5000.0,0,0,0,0,0,0,0,0,0,0,0,0,0,0,139,2026-02-04 23:19:45.673071
SMMR,26.9,26.69,26.9,1976900.0,,1115100.0,,0,0,0,0,0,0,0,0,0,0,0,0,0,0,139,2026-02-04 23:19:45.673071
ATMN,25.15,25.01,25.15,2425700.0,,2205700.0,,0,0,0,0,0,0,0,0,0,0,0,0,0,0,139,2026-02-04 23:19:45.673071
WNTR,26.2,26.2,26.33,2204100.0,,2052300.0,,0,0,0,0,0,0,0,0,0,0,0,0,0,0,139,2026-02-04 23:19:45.673071
SPNG,25.07,25.14,25.37,2017700.0,5000.0,1905800.0,5000.0,0,0,0,0,0,0,0,0,0,0,0,0,0,0,140,2026-02-04 23:19:46.707190
SMMR,26.66,26.66,26.9,1990600.0,,1115100.0,,0,0,0,0,0,0,0,0,0,0,0,0,0,0,140,2026-02-04 23:19:46.707190
ATMN,25.16,24.89,25.16,2427000.0,,2087700.0,,0,0,0,0,0,0,0,0,0,0,0,0,0,0,140,2026-02-04 23:19:46.707190
WNTR,26.38,26.2,26.29,2204100.0,,2133200.0,,0,0,0,0,0,0,0,0,0,0,0,0,0,0,140,2026-02-04 23:19:46.707190
SPNG,24.93,25.35,25.37,2045700.0,5000.0,1901600.0,5000.0,0,0,0,0,0,0,0,0,0,0,0,0,0,0,141,2026-02-04 23:19:47.740121
SMMR,26.64,26.64,26.9,1992400.0,,1337200.0,,0,0,0,0,0,0,0,0,0,0,0,0,0,0,141,2026-02-04 23:19:47.740121
ATMN,25.24,24.89,25.24,2427000.0,,2215600.0,,0,0,0,0,0,0,0,0,0,0,0,0,0,0,141,2026-02-04 23:19:47.740121
WNTR,26.2,26.04,26.1,2107800.0,,2196600.0,,0,0,0,0,0,0,0,0,0,0,0,0,0,0,141,2026-02-04 23:19:47.740121
SPNG,24.91,24.91,25.26,1976000.0,5000.0,1910400.0,5000.0,0,0,0,0,0,0,0,0,0,0,0,0,0,0,142,2026-02-04 23:19:48.782031
SMMR,26.58,26.58,26.9,1987700.0,,1426700.0,,0,0,0,0,0,0,0,0,0,0,0,0,0,0,142,2026-02-04 23:19:48.782031
ATMN,24.89,24.89,25.24,2488200.0,,2215600.0,,0,0,0,0,0,0,0,0,0,0,0,0,0,0,142,2026-02-04 23:19:48.782031
WNTR,26.1,26.15,26.21,2312000.0,,2174300.0,,0,0,0,0,0,0,0,0,0,0,0,0,0,0,142,2026-02-04 23:19:48.782031
SPNG,25.4,24.71,25.4,1876700.0,5000.0,1887500.0,5000.0,0,0,0,0,0,0,0,0,0,0,0,0,0,0,143,2026-02-04 23:19:49.822966
SMMR,26.88,26.58,26.8,1987700.0,,1534100.0,,0,0,0,0,0,0,0,0,0,0,0,0,0,0,143,2026-02-04 23:19:49.822966
ATMN,24.89,24.89,25.24,2439300.0,,2215600.0,,0,0,0,0,0,0,0,0,0,0,0,0,0,0,143,2026-02-04 23:19:49.822966
WNTR,26.15,26.15,26.21,2312000.0,,2191100.0,,0,0,0,0,0,0,0,0,0,0,0,0,0,0,143,2026-02-04 23:19:49.822966
SPNG,25.51,24.71,25.11,1971900.0,5000.0,1889000.0,5000.0,0,0,0,0,0,0,0,0,0,0,0,0,0,0,144,2026-02-04 23:19:50.946474
SMMR,26.8,26.72,26.8,2002500.0,,1534100.0,,0,0,0,0,0,0,0,0,0,0,0,0,0,0,144,2026-02-04 23:19:50.946474
ATMN,25.27,25.3,25.33,2414600.0,,1999700.0,,0,0,0,0,0,0,0,0,0,0,0,0,0,0,144,2026-02-04 23:19:50.946474
WNTR,26.15,26.04,26.13,2308800.0,,2185900.0,,0,0,0,0,0,0,0,0,0,0,0,0,0,0,144,2026-02-04 23:19:50.946474
SPNG,25.51,24.72,25.11,2050200.0,5000.0,1889000.0,5000.0,0,0,0,0,0,0,0,0,0,0,0,0,0,0,145,2026-02-04 23:19:52.006546
SMMR,26.81,26.72,26.81,2002500.0,,1602200.0,,0,0,0,0,0,0,0,0,0,0,0,0,0,0,145,2026-02-04 23:19:52.006546
ATMN,25.08,24.89,25.08,2415300.0,,2131100.0,,0,0,0,0,0,0,0,0,0,0,0,0,0,0,145,2026-02-04 23:19:52.006546
WNTR,26.13,26.13,26.14,2291500.0,,2190400.0,,0,0,0,0,0,0,0,0,0,0,0,0,0,0,145,2026-02-04 23:19:52.006546
SPNG,25.51,24.72,25.1,2024300.0,5000.0,1901200.0,5000.0,0,0,0,0,0,0,0,0,0,0,0,0,0,0,146,2026-02-04 23:19:52.552134
SMMR,26.81,26.83,26.88,1969000.0,,1604400.0,,0,0,0,0,0,0,0,0,0,0,0,0,0,0,146,2026-02-04 23:19:52.552134
ATMN,24.88,24.88,25.08,2389000.0,,2131100.0,,0,0,0,0,0,0,0,0,0,0,0,0,0,0,146,2026-02-04 23:19:52.552134
WNTR,26.04,26.04,26.14,2310700.0,,2190400.0,,0,0,0,0,0,0,0,0,0,0,0,0,0,0,146,2026-02-04 23:19:52.552134
SPNG,25.51,24.99,25.1,1964800.0,5000.0,1901200.0,5000.0,0,0,0,0,0,0,0,0,0,0,0,0,0,0,147,2026-02-04 23:19:53.610134
SMMR,26.83,26.72,26.75,2002500.0,,1766300.0,,0,0,0,0,0,0,0,0,0,0,0,0,0,0,147,2026-02-04 23:19:53.610134
ATMN,25.33,24.88,25.07,2389000.0,,2103200.0,,0,0,0,0,0,0,0,0,0,0,0,0,0,0,147,2026-02-04 23:19:53.610134
WNTR,26.04,26.06,26.14,2329500.0,,2190400.0,,0,0,0,0,0,0,0,0,0,0,0,0,0,0,147,2026-02-04 23:19:53.610134
SPNG,25.51,25.05,25.1,1968300.0,5000.0,1912800.0,5000.0,0,0,0,0,0,0,0,0,0,0,0,0,0,0,148,2026-02-04 23:19:54.650272
SMMR,26.83,26.72,26.75,1997700.0,,1843700.0,,0,0,0,0,0,0,0,0,0,0,0,0,0,0,148,2026-02-04 23:19:54.650272
ATMN,24.87,24.87,25.23,2392900.0,,2099100.0,,0,0,0,0,0,0,0,0,0,0,0,0,0,0,148,2026-02-04 23:19:54.650272
WNTR,26.06,26.12,26.14,2321100.0,,2190400.0,,0,0,0,0,0,0,0,0,0,0,0,0,0,0,148,2026-02-04 23:19:54.650272
SPNG,24.99,24.99,25.1,1964800.0,5000.0,1912800.0,5000.0,0,0,0,0,0,0,0,0,0,0,0,0,0,0,149,2026-02-04 23:19:55.716370
SMMR,26.79,26.72,26.79,1997700.0,,1848800.0,,0,0,0,0,0,0,0,0,0,0,0,0,0,0,149,2026-02-04 23:19:55.716370
ATMN,25.3,24.87,25.07,2409500.0,,2120100.0,,0,0,0,0,0,0,0,0,0,0,0,0,0,0,149,2026-02-04 23:19:55.716370
WNTR,26.14,26.03,26.14,2343500.0,,2204500.0,,0,0,0,0,0,0,0,0,0,0,0,0,0,0,149,2026-02-04 23:19:55.716370
SPNG,25.09,25.09,25.1,1988400.0,5000.0,1912800.0,5000.0,0,0,0,0,0,0,0,0,0,0,0,0,0,0,150,2026-02-04 23:19:56.762507
SMMR,26.79,26.75,26.79,2019700.0,,1848800.0,,0,0,0,0,0,0,0,0,0,0,0,0,0,0,150,2026-02-04 23:19:56.762507
ATMN,25.33,25.36,25.37,2401700.0,,2088600.0,,0,0,0,0,0,0,0,0,0,0,0,0,0,0,150,2026-02-04 23:19:56.762507
WNTR,26.02,26.02,26.11,2118900.0,,2208100.0,,0,0,0,0,0,0,0,0,0,0,0,0,0,0,150,2026-02-04 23:19:56.762507
SPNG,25.11,24.81,25.11,1971600.0,5000.0,1900600.0,5000.0,0,0,0,0,0,0,0,0,0,0,0,0,0,0,151,2026-02-04 23:19:57.797593
SMMR,26.8,26.75,26.8,2026400.0,,1862700.0,,0,0,0,0,0,0,0,0,0,0,0,0,0,0,151,2026-02-04 23:19:57.797593
ATMN,25.36,24.87,24.91,2409400.0,,2198700.0,,0,0,0,0,0,0,0,0,0,0,0,0,0,0,151,2026-02-04 23:19:57.797593
WNTR,26.0,26.0,26.08,1985100.0,,2250800.0,,0,0,0,0,0,0,0,0,0,0,0,0,0,0,151,2026-02-04 23:19:57.797593
SPNG,24.81,24.72,24.76,1958400.0,5000.0,1892500.0,5000.0,0,0,0,0,0,0,0,0,0,0,0,0,0,0,152,2026-02-04 23:19:58.831738
SMMR,26.75,26.75,26.8,2026400.0,,1866200.0,,0,0,0,0,0,0,0,0,0,0,0,0,0,0,152,2026-02-04 23:19:58.831738
ATMN,25.3,24.87,25.01,2409400.0,,2213900.0,,0,0,0,0,0,0,0,0,0,0,0,0,0,0,152,2026-02-04 23:19:58.831738
WNTR,26.0,26.05,26.08,2088600.0,,2250800.0,,0,0,0,0,0,0,0,0,0,0,0,0,0,0,152,2026-02-04 23:19:58.831738
SPNG,24.95,24.95,25.14,1954500.0,5000.0,1890500.0,5000.0,0,0,0,0,0,0,0,0,0,0,0,0,0,0,153,2026-02-04 23:19:59.869556
SMMR,26.72,26.72,26.8,1995000.0,,1866200.0,,0,0,0,0,0,0,0,0,0,0,0,0,0,0,153,2026-02-04 23:19:59.869556
ATMN,24.87,24.87,25.37,2409400.0,,2193500.0,,0,0,0,0,0,0,0,0,0,0,0,0,0,0,153,2026-02-04 23:19:59.869556
WNTR,26.08,26.05,26.08,2231200.0,,2250800.0,,0,0,0,0,0,0,0,0,0,0,0,0,0,0,153,2026-02-04 23:19:59.869556
SPNG,24.95,24.8,24.92,1937100.0,5000.0,1888200.0,5000.0,0,0,0,0,0,0,0,0,0,0,0,0,0,0,154,2026-02-04 23:20:00.922061
SMMR,26.8,26.72,26.8,2002200.0,,1844900.0,,0,0,0,0,0,0,0,0,0,0,0,0,0,0,154,2026-02-04 23:20:00.922061
ATMN,25.37,24.87,25.37,2404900.0,,2193500.0,,0,0,0,0,0,0,0,0,0,0,0,0,0,0,154,2026-02-04 23:20:00.922061
WNTR,26.05,26.0,26.05,2131600.0,,2197500.0,,0,0,0,0,0,0,0,0,0,0,0,0,0,0,154,2026-02-04 23:20:00.922061
SPNG,24.92,25.26,25.34,1888500.0,5000.0,1857700.0,5000.0,0,0,0,0,0,0,0,0,0,0,0,0,0,0,155,2026-02-04 23:20:02.004849
SMMR,26.72,26.72,26.88,2003300.0,,1871100.0,,0,0,0,0,0,0,0,0,0,0,0,0,0,0,155,2026-02-04 23:20:02.004849
ATMN,25.37,25.22,25.37,2384900.0,,2218500.0,,0,0,0,0,0,0,0,0,0,0,0,0,0,0,155,2026-02-04 23:20:02.004849
WNTR,26.23,26.08,26.23,2263500.0,,2221800.0,,0,0,0,0,0,0,0,0,0,0,0,0,0,0,155,2026-02-04 23:20:02.004849
SPNG,24.72,24.72,25.34,1928800.0,5000.0,1864500.0,5000.0,0,0,0,0,0,0,0,0,0,0,0,0,0,0,156,2026-02-04 23:20:02.669357
SMMR,26.69,26.69,26.86,2016500.0,,1904800.0,,0,0,0,0,0,0,0,0,0,0,0,0,0,0,156,2026-02-04 23:20:02.669357
ATMN,25.37,25.22,25.37,2390700.0,,2228200.0,,0,0,0,0,0,0,0,0,0,0,0,0,0,0,156,2026-02-04 23:20:02.669357
WNTR,26.0,26.21,26.23,2317300.0,,2221800.0,,0,0,0,0,0,0,0,0,0,0,0,0,0,0,156,2026-02-04 23:20:02.669357
SPNG,24.72,25.09,25.34,1894700.0,5000.0,1871600.0,5000.0,0,0,0,0,0,0,0,0,0,0,0,0,0,0,157,2026-02-04 23:20:03.737761
SMMR,26.86,26.69,26.86,2016500.0,,1901400.0,,0,0,0,0,0,0,0,0,0,0,0,0,0,0,157,2026-02-04 23:20:03.737761
ATMN,24.87,24.85,24.87,2411900.0,,2269100.0,,0,0,0,0,0,0,0,0,0,0,0,0,0,0,157,2026-02-04 23:20:03.737761
WNTR,26.0,26.0,26.13,2224800.0,,2208700.0,,0,0,0,0,0,0,0,0,0,0,0,0,0,0,157,2026-02-04 23:20:03.737761
SPNG,24.72,25.09,25.23,1893900.0,5000.0,1882600.0,5000.0,0,0,0,0,0,0,0,0,0,0,0,0,0,0,158,2026-02-04 23:20:04.780976
SMMR,26.86,26.76,26.82,1970900.0,,1909700.0,,0,0,0,0,0,0,0,0,0,0,0,0,0,0,158,2026-02-04 23:20:04.780976
ATMN,24.87,24.87,25.37,2384200.0,,2228200.0,,0,0,0,0,0,0,0,0,0,0,0,0,0,0,158,2026-02-04 23:20:04.780976
WNTR,25.99,25.97,25.98,2120600.0,,2207000.0,,0,0,0,0,0,0,0,0,0,0,0,0,0,0,158,2026-02-04 23:20:04.780976
SPNG,24.72,24.72,25.46,1950100.0,5000.0,1892700.0,5000.0,0,0,0,0,0,0,0,0,0,0,0,0,0,0,159,2026-02-04 23:20:05.811145
SMMR,26.82,26.69,26.8,2016500.0,,1940500.0,,0,0,0,0,0,0,0,0,0,0,0,0,0,0,159,2026-02-04 23:20:05.811145
ATMN,24.87,25.23,25.37,2326000.0,,2278700.0,,0,0,0,0,0,0,0,0,0,0,0,0,0,0,159,2026-02-04 23:20:05.811145
WNTR,26.13,25.97,26.13,2120600.0,,2234400.0,,0,0,0,0,0,0,0,0,0,0,0,0,0,0,159,2026-02-04 23:20:05.811145
SPNG,24.72,24.85,25.12,1937200.0,5000.0,1902900.0,5000.0,0,0,0,0,0,0,0,0,0,0,0,0,0,0,160,2026-02-04 23:20:06.842432
SMMR,26.82,26.69,26.8,2005800.0,,1945000.0,,0,0,0,0,0,0,0,0,0,0,0,0,0,0,160,2026-02-04 23:20:06.842432
ATMN,24.87,25.31,25.37,2378100.0,,2278700.0,,0,0,0,0,0,0,0,0,0,0,0,0,0,0,160,2026-02-04 23:20:06.842432
WNTR,25.97,25.97,26.13,2004200.0,,2209600.0,,0,0,0,0,0,0,0,0,0,0,0,0,0,0,160,2026-02-04 23:20:06.842432
SPNG,25.12,25.01,25.12,1921700.0,5000.0,1902900.0,5000.0,0,0,0,0,0,0,0,0,0,0,0,0,0,0,161,2026-02-04 23:20:07.898163
SMMR,26.77,26.77,26.8,2015800.0,,1946000.0,,0,0,0,0,0,0,0,0,0,0,0,0,0,0,161,2026-02-04 23:20:07.898163
ATMN,25.05,25.14,25.37,2360800.0,,2288700.0,,0,0,0,0,0,0,0,0,0,0,0,0,0,0,161,2026-02-04 23:20:07.898163
WNTR,26.24,25.97,26.18,2004200.0,,2233300.0,,0,0,0,0,0,0,0,0,0,0,0,0,0,0,161,2026-02-04 23:20:07.898163
SPNG,25.0,25.0,25.12,1876300.0,5000.0,1902900.0,5000.0,0,0,0,0,0,0,0,0,0,0,0,0,0,0,162,2026-02-04 23:20:08.943633
SMMR,26.8,26.68,26.8,2012900.0,,1946000.0,,0,0,0,0,0,0,0,0,0,0,0,0,0,0,162,2026-02-04 23:20:08.943633
ATMN,25.05,25.14,25.37,2360800.0,,2322600.0,,0,0,0,0,0,0,0,0,0,0,0,0,0,0,162,2026-02-04 23:20:08.943633
WNTR,26.05,25.98,26.05,2220500.0,,2235200.0,,0,0,0,0,0,0,0,0,0,0,0,0,0,0,162,2026-02-04 23:20:08.943633
SPNG,25.12,25.25,25.35,1877300.0,5000.0,1998000.0,0,0,0,0,0,0,0,0,0,0,0,0,0,0,0,163,2026-02-04 23:20:09.995790
SMMR,26.89,26.68,26.89,2012900.0,,1931000.0,0,0,0,0,0,0,0,0,0,0,0,0,0,0,0,163,2026-02-04 23:20:09.995790
ATMN,25.14,24.91,24.97,2379700.0,,2329400.0,0,0,0,0,0,0,0,0,0,0,0,0,0,0,0,163,2026-02-04 23:20:09.995790
WNTR,26.29,26.04,26.29,2308600.0,,2209100.0,0,0,0,0,0,0,0,0,0,0,0,0,0,0,0,163,2026-02-04 23:20:09.995790
SPNG,25.0,25.28,25.35,1872900.0,5000.0,2022100.0,0,0,0,0,0,0,0,0,0,0,0,0,0,0,0,164,2026-02-04 23:20:11.066146
SMMR,26.68,26.68,26.89,2012900.0,,1948500.0,0,0,0,0,0,0,0,0,0,0,0,0,0,0,0,164,2026-02-04 23:20:11.066146
ATMN,25.14,24.91,24.97,2364900.0,,2329400.0,0,0,0,0,0,0,0,0,0,0,0,0,0,0,0,164,2026-02-04 23:20:11.066146
WNTR,25.98,25.98,26.1,2351000.0,,2225300.0,0,0,0,0,0,0,0,0,0,0,0,0,0,0,0,164,2026-02-04 23:20:11.066146
SPNG,25.28,25.0,25.15,1876300.0,5000.0,2031900.0,0,0,0,0,0,0,0,0,0,0,0,0,0,0,0,165,2026-02-04 23:20:11.668680
SMMR,26.68,26.68,26.81,1997600.0,,1942700.0,0,0,0,0,0,0,0,0,0,0,0,0,0,0,0,165,2026-02-04 23:20:11.668680
ATMN,25.37,24.91,25.37,2362700.0,,2342200.0,0,0,0,0,0,0,0,0,0,0,0,0,0,0,0,165,2026-02-04 23:20:11.668680
WNTR,25.98,26.04,26.1,2343100.0,,2234600.0,0,0,0,0,0,0,0,0,0,0,0,0,0,0,0,165,2026-02-04 23:20:11.668680
SPNG,24.98,24.98,25.35,2024000.0,2025100.0,0,0,0,0,0,0,0,0,0,0,0,0,0,0,0,0,166,2026-02-04 23:20:12.723225
SMMR,26.76,26.68,26.76,1997600.0,1935800.0,0,0,0,0,0,0,0,0,0,0,0,0,0,0,0,0,166,2026-02-04 23:20:12.723225
ATMN,25.12,25.1,25.12,2350200.0,2343100.0,0,0,0,0,0,0,0,0,0,0,0,0,0,0,0,0,166,2026-02-04 23:20:12.723225
WNTR,26.1,26.04,26.07,2343100.0,2236000.0,0,0,0,0,0,0,0,0,0,0,0,0,0,0,0,0,166,2026-02-04 23:20:12.723225
SPNG,25.35,24.98,25.35,2003400.0,2025100.0,0,0,0,0,0,0,0,0,0,0,0,0,0,0,0,0,167,2026-02-04 23:20:13.771590
SMMR,26.88,26.72,26.88,1997600.0,1939900.0,0,0,0,0,0,0,0,0,0,0,0,0,0,0,0,0,167,2026-02-04 23:20:13.771590
ATMN,25.38,25.17,25.38,2384100.0,2355100.0,0,0,0,0,0,0,0,0,0,0,0,0,0,0,0,0,167,2026-02-04 23:20:13.771590
WNTR,26.04,26.04,26.07,2347400.0,2236000.0,0,0,0,0,0,0,0,0,0,0,0,0,0,0,0,0,167,2026-02-04 23:20:13.771590
SPNG,25.5,24.98,25.42,2003400.0,2031800.0,0,0,0,0,0,0,0,0,0,0,0,0,0,0,0,0,168,2026-02-04 23:20:14.809427
SMMR,26.88,26.85,26.88,2011700.0,1942500.0,0,0,0,0,0,0,0,0,0,0,0,0,0,0,0,0,168,2026-02-04 23:20:14.809427
ATMN,25.4,25.17,25.4,2384100.0,2328900.0,0,0,0,0,0,0,0,0,0,0,0,0,0,0,0,0,168,2026-02-04 23:20:14.809427
WNTR,26.1,26.04,26.1,2347400.0,2210300.0,0,0,0,0,0,0,0,0,0,0,0,0,0,0,0,0,168,2026-02-04 23:20:14.809427
SPNG,24.93,25.33,25.42,1988100.0,2024900.0,0,0,0,0,0,0,0,0,0,0,0,0,0,0,0,0,169,2026-02-04 23:20:15.857445
SMMR,26.85,26.85,26.88,2011700.0,1950200.0,0,0,0,0,0,0,0,0,0,0,0,0,0,0,0,0,169,2026-02-04 23:20:15.857445
ATMN,25.29,25.17,25.29,2384100.0,2358000.0,0,0,0,0,0,0,0,0,0,0,0,0,0,0,0,0,169,2026-02-04 23:20:15.857445
WNTR,26.1,26.04,26.1,2360100.0,2229300.0,0,0,0,0,0,0,0,0,0,0,0,0,0,0,0,0,169,2026-02-04 23:20:15.857445
SPNG,25.13,25.27,25.42,1988300.0,2021400.0,0,0,0,0,0,0,0,0,0,0,0,0,0,0,0,0,170,2026-02-04 23:20:16.894546
SMMR,26.85,26.72,26.73,1997600.0,1924600.0,0,0,0,0,0,0,0,0,0,0,0,0,0,0,0,0,170,2026-02-04 23:20:16.894546
ATMN,25.23,25.23,25.29,2404000.0,2358000.0,0,0,0,0,0,0,0,0,0,0,0,0,0,0,0,0,170,2026-02-04 23:20:16.894546
WNTR,25.98,25.98,26.1,2340800.0,2234700.0,0,0,0,0,0,0,0,0,0,0,0,0,0,0,0,0,170,2026-02-04 23:20:16.894546
SPNG,24.76,24.76,25.42,1984400.0,2021400.0,0,0,0,0,0,0,0,0,0,0,0,0,0,0,0,0,171,2026-02-04 23:20:17.944301
SMMR,26.66,26.66,26.68,2030200.0,1929500.0,0,0,0,0,0,0,0,0,0,0,0,0,0,0,0,0,171,2026-02-04 23:20:17.944301
ATMN,25.1,24.93,25.08,2381400.0,2359800.0,0,0,0,0,0,0,0,0,0,0,0,0,0,0,0,0,171,2026-02-04 23:20:17.944301
WNTR,25.98,25.97,25.98,2338400.0,2259800.0,0,0,0,0,0,0,0,0,0,0,0,0,0,0,0,0,171,2026-02-04 23:20:17.944301
SPNG,25.04,24.76,25.0,1984400.0,1993400.0,0,0,0,0,0,0,0,0,0,0,0,0,0,0,0,0,172,2026-02-04 23:20:19.020333
SMMR,26.65,26.65,26.73,2030600.0,1924600.0,0,0,0,0,0,0,0,0,0,0,0,0,0,0,0,0,172,2026-02-04 23:20:19.020333
ATMN,25.43,25.05,25.43,2367600.0,2303300.0,0,0,0,0,0,0,0,0,0,0,0,0,0,0,0,0,172,2026-02-04 23:20:19.020333
WNTR,25.98,26.03,26.13,2314400.0,2230000.0,0,0,0,0,0,0,0,0,0,0,0,0,0,0,0,0,172,2026-02-04 23:20:19.020333
SPNG,25.04,24.76,25.0,1964400.0,1993400.0,0,0,0,0,0,0,0,0,0,0,0,0,0,0,0,0,173,2026-02-04 23:20:19.673731
SMMR,26.65,26.61,26.63,2042400.0,1941600.0,0,0,0,0,0,0,0,0,0,0,0,0,0,0,0,0,173,2026-02-04 23:20:19.673731
ATMN,25.43,25.05,25.06,2360500.0,2303300.0,0,0,0,0,0,0,0,0,0,0,0,0,0,0,0,0,173,2026-02-04 23:20:19.673731
WNTR,25.95,25.95,26.11,2252700.0,2201900.0,0,0,0,0,0,0,0,0,0,0,0,0,0,0,0,0,173,2026-02-04 23:20:19.673731
SPNG,24.72,24.72,25.42,1971900.0,2021400.0,0,0,0,0,0,0,0,0,0,0,0,0,0,0,0,0,174,2026-02-04 23:20:20.807389
SMMR,26.75,26.63,26.75,2028000.0,1910900.0,0,0,0,0,0,0,0,0,0,0,0,0,0,0,0,0,174,2026-02-04 23:20:20.807389
ATMN,25.07,25.05,25.07,2369100.0,2353400.0,0,0,0,0,0,0,0,0,0,0,0,0,0,0,0,0,174,2026-02-04 23:20:20.807389
WNTR,25.93,25.93,26.11,2121900.0,2263100.0,0,0,0,0,0,0,0,0,0,0,0,0,0,0,0,0,174,2026-02-04 23:20:20.807389
SPNG,24.7,24.7,25.5,2012100.0,2032700.0,0,0,0,0,0,0,0,0,0,0,0,0,0,0,0,0,175,2026-02-04 23:20:21.853422
SMMR,26.61,26.61,26.67,2037900.0,1915300.0,0,0,0,0,0,0,0,0,0,0,0,0,0,0,0,0,175,2026-02-04 23:20:21.853422
ATMN,25.43,25.05,25.13,2352700.0,2347800.0,0,0,0,0,0,0,0,0,0,0,0,0,0,0,0,0,175,2026-02-04 23:20:21.853422
WNTR,25.91,25.91,25.96,1901200.0,2269000.0,0,0,0,0,0,0,0,0,0,0,0,0,0,0,0,0,175,2026-02-04 23:20:21.853422
SPNG,24.7,24.7,25.35,2010700.0,2061000.0,0,0,0,0,0,0,0,0,0,0,0,0,0,0,0,0,176,2026-02-04 23:20:22.889402
SMMR,26.61,26.61,26.67,2020400.0,1915300.0,0,0,0,0,0,0,0,0,0,0,0,0,0,0,0,0,176,2026-02-04 23:20:22.889402
ATMN,25.45,25.05,25.45,2352700.0,2274000.0,0,0,0,0,0,0,0,0,0,0,0,0,0,0,0,0,176,2026-02-04 23:20:22.889402
WNTR,25.85,25.85,25.96,1644300.0,2245600.0,0,0,0,0,0,0,0,0,0,0,0,0,0,0,0,0,176,2026-02-04 23:20:22.889402
SPNG,25.35,24.95,25.35,2021800.0,2061000.0,0,0,0,0,0,0,0,0,0,0,0,0,0,0,0,0,177,2026-02-04 23:20:23.919743
SMMR,26.59,26.59,26.85,2020500.0,1911500.0,0,0,0,0,0,0,0,0,0,0,0,0,0,0,0,0,177,2026-02-04 23:20:23.919743
ATMN,25.44,25.12,25.4,2388100.0,2324000.0,0,0,0,0,0,0,0,0,0,0,0,0,0,0,0,0,177,2026-02-04 23:20:23.919743
WNTR,25.96,25.83,25.91,1552100.0,2248500.0,0,0,0,0,0,0,0,0,0,0,0,0,0,0,0,0,177,2026-02-04 23:20:23.919743
SPNG,25.35,25.19,25.2,2033700.0,2067300.0,0,0,0,0,0,0,0,0,0,0,0,0,0,0,0,0,178,2026-02-04 23:20:24.946865
SMMR,26.85,26.59,26.85,2017200.0,1921200.0,0,0,0,0,0,0,0,0,0,0,0,0,0,0,0,0,178,2026-02-04 23:20:24.946865
ATMN,25.12,25.12,25.4,2393000.0,2324000.0,0,0,0,0,0,0,0,0,0,0,0,0,0,0,0,0,178,2026-02-04 23:20:24.946865
WNTR,25.91,25.83,25.91,1552100.0,2253200.0,0,0,0,0,0,0,0,0,0,0,0,0,0,0,0,0,178,2026-02-04 23:20:24.946865
SPNG,24.78,24.78,25.35,2008300.0,2061000.0,0,0,0,0,0,0,0,0,0,0,0,0,0,0,0,0,179,2026-02-04 23:20:25.975461
SMMR,26.59,26.59,26.75,2017200.0,1923500.0,0,0,0,0,0,0,0,0,0,0,0,0,0,0,0,0,179,2026-02-04 23:20:25.975461
ATMN,25.12,25.12,25.46,2368200.0,2234400.0,0,0,0,0,0,0,0,0,0,0,0,0,0,0,0,0,179,2026-02-04 23:20:25.975461
WNTR,25.83,25.83,25.91,1552100.0,2253200.0,0,0,0,0,0,0,0,0,0,0,0,0,0,0,0,0,179,2026-02-04 23:20:25.975461
SPNG,26.06,26.06,26.53,802600.0,585200.0,0,0,0,0,0,0,0,0,0,0,0,0,0,0,0,0,180,2026-02-04 23:20:27.005172
SMMR,26.59,24.7,24.98,884600.0,809300.0,0,0,0,0,0,0,0,0,0,0,0,0,0,0,0,0,180,2026-02-04 23:20:27.005172
ATMN,24.78,24.78,24.96,1130600.0,896800.0,0,0,0,0,0,0,0,0,0,0,0,0,0,0,0,0,180,2026-02-04 23:20:27.005172
WNTR,26.03,26.22,26.46,908500.0,821600.0,0,0,0,0,0,0,0,0,0,0,0,0,0,0,0,0,180,2026-02-04 23:20:27.005172
SPNG,26.06,26.06,26.22,997700.0,782400.0,0,0,0,0,0,0,0,0,0,0,0,0,0,0,0,0,181,2026-02-04 23:20:28.047185
SMMR,24.7,24.7,24.98,884600.0,921900.0,0,0,0,0,0,0,0,0,0,0,0,0,0,0,0,0,181,2026-02-04 23:20:28.047185
ATMN,24.78,24.06,24.32,1308200.0,1144300.0,0,0,0,0,0,0,0,0,0,0,0,0,0,0,0,0,181,2026-02-04 23:20:28.047185
WNTR,26.22,26.22,26.46,908500.0,1002700.0,0,0,0,0,0,0,0,0,0,0,0,0,0,0,0,0,181,2026-02-04 23:20:28.047185
SPNG,26.06,26.06,26.22,997700.0,970400.0,0,0,0,0,0,0,0,0,0,0,0,0,0,0,0,0,182,2026-02-04 23:20:29.090605
SMMR,24.56,24.56,24.71,880100.0,1125600.0,0,0,0,0,0,0,0,0,0,0,0,0,0,0,0,0,182,2026-02-04 23:20:29.090605
ATMN,24.87,24.66,24.69,1563900.0,1153400.0,0,0,0,0,0,0,0,0,0,0,0,0,0,0,0,0,182,2026-02-04 23:20:29.090605
WNTR,26.22,26.22,26.32,908500.0,1335900.0,0,0,0,0,0,0,0,0,0,0,0,0,0,0,0,0,182,2026-02-04 23:20:29.090605
SPNG,26.22,26.15,26.22,5000.0,1192100.0,970400.0,0,0,0,0,0,0,0,0,0,0,0,0,0,0,0,183,2026-02-04 23:20:30.138607
SMMR,24.56,24.57,24.61,,998900.0,1443100.0,0,0,0,0,0,0,0,0,0,0,0,0,0,0,0,183,2026-02-04 23:20:30.138607
ATMN,24.69,24.79,24.83,,1678600.0,1168200.0,0,0,0,0,0,0,0,0,0,0,0,0,0,0,0,183,2026-02-04 23:20:30.138607
WNTR,25.94,25.94,26.13,,921500.0,1435400.0,0,0,0,0,0,0,0,0,0,0,0,0,0,0,0,183,2026-02-04 23:20:30.138607
SPNG,26.09,26.11,26.21,5000.0,1181200.0,5000.0,1082000.0,0,0,0,0,0,0,0,0,0,0,0,0,0,0,184,2026-02-04 23:20:31.178137
SMMR,24.61,24.57,24.61,,1105000.0,,1558800.0,0,0,0,0,0,0,0,0,0,0,0,0,0,0,184,2026-02-04 23:20:31.178137
ATMN,24.79,24.66,24.75,,1563900.0,,1403100.0,0,0,0,0,0,0,0,0,0,0,0,0,0,0,184,2026-02-04 23:20:31.178137
WNTR,25.94,25.94,26.07,,1041000.0,,1628000.0,0,0,0,0,0,0,0,0,0,0,0,0,0,0,184,2026-02-04 23:20:31.178137
SPNG,26.09,26.11,26.21,5000.0,1181200.0,5000.0,1368800.0,0,0,0,0,0,0,0,0,0,0,0,0,0,0,185,2026-02-04 23:20:32.219362
SMMR,24.57,24.57,24.61,,1105000.0,,1768600.0,0,0,0,0,0,0,0,0,0,0,0,0,0,0,185,2026-02-04 23:20:32.219362
ATMN,24.96,25.1,25.46,,1793600.0,,880500.0,0,0,0,0,0,0,0,0,0,0,0,0,0,0,185,2026-02-04 23:20:32.219362
WNTR,25.94,25.94,26.07,,941000.0,,1879100.0,0,0,0,0,0,0,0,0,0,0,0,0,0,0,185,2026-02-04 23:20:32.219362
SPNG,26.09,26.11,26.21,5000.0,1289600.0,5000.0,1653300.0,0,0,0,0,0,0,0,0,0,0,0,0,0,0,186,2026-02-04 23:20:33.260118
SMMR,24.61,24.63,24.71,,1192100.0,,1654900.0,0,0,0,0,0,0,0,0,0,0,0,0,0,0,186,2026-02-04 23:20:33.260118
ATMN,24.96,25.1,25.46,,1793600.0,,1195600.0,0,0,0,0,0,0,0,0,0,0,0,0,0,0,186,2026-02-04 23:20:33.260118
WNTR,25.8,25.8,25.97,,946600.0,,1984400.0,0,0,0,0,0,0,0,0,0,0,0,0,0,0,186,2026-02-04 23:20:33.260118
SPNG,26.09,26.11,26.21,5000.0,1633500.0,5000.0,1653300.0,0,0,0,0,0,0,0,0,0,0,0,0,0,0,187,2026-02-04 23:20:34.298194
SMMR,24.56,24.56,24.59,,986200.0,,1861700.0,0,0,0,0,0,0,0,0,0,0,0,0,0,0,187,2026-02-04 23:20:34.298194
ATMN,25.1,24.78,24.93,,1885700.0,,1427200.0,0,0,0,0,0,0,0,0,0,0,0,0,0,0,187,2026-02-04 23:20:34.298194
WNTR,25.97,25.79,25.97,,959800.0,,2114500.0,0,0,0,0,0,0,0,0,0,0,0,0,0,0,187,2026-02-04 23:20:34.298194
SPNG,26.06,26.06,26.21,1654100.0,5000.0,1653300.0,0,0,0,0,0,0,0,0,0,0,0,0,0,0,0,188,2026-02-04 23:20:34.839914
SMMR,24.67,24.69,24.71,1088500.0,,1755800.0,0,0,0,0,0,0,0,0,0,0,0,0,0,0,0,188,2026-02-04 23:20:34.839914
ATMN,25.1,24.78,24.93,2020400.0,,1520000.0,0,0,0,0,0,0,0,0,0,0,0,0,0,0,0,188,2026-02-04 23:20:34.839914
WNTR,25.97,26.03,26.07,1098900.0,,2005600.0,0,0,0,0,0,0,0,0,0,0,0,0,0,0,0,188,2026-02-04 23:20:34.839914
SPNG,26.03,26.03,26.07,5000.0,1449200.0,1769700.0,5000.0,0,0,0,0,0,0,0,0,0,0,0,0,0,0,189,2026-02-04 23:20:35.898140
SMMR,24.69,24.56,24.61,,986200.0,2105000.0,,0,0,0,0,0,0,0,0,0,0,0,0,0,0,189,2026-02-04 23:20:35.898140
ATMN,24.69,24.69,24.93,,1928300.0,1520000.0,,0,0,0,0,0,0,0,0,0,0,0,0,0,0,189,2026-02-04 23:20:35.898140
WNTR,25.97,26.03,26.07,,1098900.0,2113100.0,,0,0,0,0,0,0,0,0,0,0,0,0,0,0,189,2026-02-04 23:20:35.898140
SPNG,25.9,25.9,26.07,1551600.0,1769700.0,5000.0,0,0,0,0,0,0,0,0,0,0,0,0,0,0,0,190,2026-02-04 23:20:36.928727
SMMR,24.63,24.56,24.63,986200.0,2097500.0,,0,0,0,0,0,0,0,0,0,0,0,0,0,0,0,190,2026-02-04 23:20:36.928727
ATMN,24.68,24.68,24.92,1957800.0,1639700.0,,0,0,0,0,0,0,0,0,0,0,0,0,0,0,0,190,2026-02-04 23:20:36.928727
WNTR,26.03,25.74,25.93,1103600.0,2139000.0,,0,0,0,0,0,0,0,0,0,0,0,0,0,0,0,190,2026-02-04 23:20:36.928727
SPNG,25.9,25.97,26.07,1848400.0,5000.0,1769700.0,5000.0,0,0,0,0,0,0,0,0,0,0,0,0,0,0,191,2026-02-04 23:20:37.968783
SMMR,24.63,24.6,24.63,1083200.0,,2088600.0,,0,0,0,0,0,0,0,0,0,0,0,0,0,0,191,2026-02-04 23:20:37.968783
ATMN,24.93,24.68,24.93,2189200.0,,1520000.0,,0,0,0,0,0,0,0,0,0,0,0,0,0,0,191,2026-02-04 23:20:37.968783
WNTR,25.92,25.92,25.93,1341300.0,,2139000.0,,0,0,0,0,0,0,0,0,0,0,0,0,0,0,191,2026-02-04 23:20:37.968783
SPNG,26.24,25.81,26.24,1788600.0,1558100.0,0,0,0,0,0,0,0,0,0,0,0,0,0,0,0,0,192,2026-02-04 23:20:39.009442
SMMR,24.6,24.6,24.63,1186300.0,2068800.0,0,0,0,0,0,0,0,0,0,0,0,0,0,0,0,0,192,2026-02-04 23:20:39.009442
ATMN,24.93,24.68,24.86,2442500.0,1656500.0,0,0,0,0,0,0,0,0,0,0,0,0,0,0,0,0,192,2026-02-04 23:20:39.009442
WNTR,25.81,25.81,25.93,1229600.0,2155900.0,0,0,0,0,0,0,0,0,0,0,0,0,0,0,0,0,192,2026-02-04 23:20:39.009442
SPNG,26.27,25.95,26.23,1984300.0,5000.0,5000.0,1451200.0,0,0,0,0,0,0,0,0,0,0,0,0,0,0,193,2026-02-04 23:20:40.046214
SMMR,24.63,24.6,24.63,1186300.0,,,2087600.0,0,0,0,0,0,0,0,0,0,0,0,0,0,0,193,2026-02-04 23:20:40.046214
ATMN,24.61,24.61,24.86,2312900.0,,,1788100.0,0,0,0,0,0,0,0,0,0,0,0,0,0,0,193,2026-02-04 23:20:40.046214
WNTR,25.68,25.85,25.93,1101300.0,,,2150900.0,0,0,0,0,0,0,0,0,0,0,0,0,0,0,193,2026-02-04 23:20:40.046214
SPNG,26.29,26.03,26.28,2074100.0,5000.0,5000.0,1452800.0,0,0,0,0,0,0,0,0,0,0,0,0,0,0,194,2026-02-04 23:20:41.079528
SMMR,24.58,24.58,24.6,1089300.0,,,2063800.0,0,0,0,0,0,0,0,0,0,0,0,0,0,0,194,2026-02-04 23:20:41.079528
ATMN,24.86,24.65,24.86,2532500.0,,,1788100.0,0,0,0,0,0,0,0,0,0,0,0,0,0,0,194,2026-02-04 23:20:41.079528
WNTR,25.98,25.85,25.88,1101300.0,,,2110500.0,0,0,0,0,0,0,0,0,0,0,0,0,0,0,194,2026-02-04 23:20:41.079528
SPNG,26.45,26.03,26.38,2074100.0,5000.0,1628100.0,5000.0,0,0,0,0,0,0,0,0,0,0,0,0,0,0,195,2026-02-04 23:20:42.124296
SMMR,24.63,24.55,24.63,886200.0,,2079500.0,,0,0,0,0,0,0,0,0,0,0,0,0,0,0,195,2026-02-04 23:20:42.124296
ATMN,24.72,24.72,25.25,2671000.0,,1645800.0,,0,0,0,0,0,0,0,0,0,0,0,0,0,0,195,2026-02-04 23:20:42.124296
WNTR,25.99,25.9,25.99,1225700.0,,2140700.0,,0,0,0,0,0,0,0,0,0,0,0,0,0,0,195,2026-02-04 23:20:42.124296
SPNG,25.95,25.95,26.38,1984300.0,5000.0,1722200.0,5000.0,0,0,0,0,0,0,0,0,0,0,0,0,0,0,196,2026-02-04 23:20:43.155362
SMMR,24.63,24.55,24.63,1129600.0,,2056000.0,,0,0,0,0,0,0,0,0,0,0,0,0,0,0,196,2026-02-04 23:20:43.155362
ATMN,24.8,24.97,25.22,2612000.0,,1743900.0,,0,0,0,0,0,0,0,0,0,0,0,0,0,0,196,2026-02-04 23:20:43.155362
WNTR,25.67,25.71,25.99,1114400.0,,2140700.0,,0,0,0,0,0,0,0,0,0,0,0,0,0,0,196,2026-02-04 23:20:43.155362
SPNG,25.95,26.09,26.38,2091600.0,5000.0,1745100.0,5000.0,0,0,0,0,0,0,0,0,0,0,0,0,0,0,197,2026-02-04 23:20:44.200857
SMMR,24.62,24.55,24.62,1129600.0,,2075300.0,,0,0,0,0,0,0,0,0,0,0,0,0,0,0,197,2026-02-04 23:20:44.200857
ATMN,24.72,24.65,24.68,2532500.0,,2112700.0,,0,0,0,0,0,0,0,0,0,0,0,0,0,0,197,2026-02-04 23:20:44.200857
WNTR,25.71,25.63,25.69,1230000.0,,2134400.0,,0,0,0,0,0,0,0,0,0,0,0,0,0,0,197,2026-02-04 23:20:44.200857
SPNG,25.95,25.81,25.85,1898300.0,5000.0,1785500.0,5000.0,0,0,0,0,0,0,0,0,0,0,0,0,0,0,198,2026-02-04 23:20:45.238751
SMMR,24.62,24.55,24.62,1222400.0,,2079300.0,,0,0,0,0,0,0,0,0,0,0,0,0,0,0,198,2026-02-04 23:20:45.238751
ATMN,24.76,24.65,24.74,2666000.0,,2103700.0,,0,0,0,0,0,0,0,0,0,0,0,0,0,0,198,2026-02-04 23:20:45.238751
WNTR,25.71,25.68,25.69,1583100.0,,2134400.0,,0,0,0,0,0,0,0,0,0,0,0,0,0,0,198,2026-02-04 23:20:45.238751
SPNG,25.85,26.14,26.31,2040600.0,5000.0,1762900.0,5000.0,0,0,0,0,0,0,0,0,0,0,0,0,0,0,199,2026-02-04 23:20:46.275077
SMMR,24.53,24.54,24.62,1213200.0,,2090600.0,,0,0,0,0,0,0,0,0,0,0,0,0,0,0,199,2026-02-04 23:20:46.275077
ATMN,24.76,24.65,24.74,2557600.0,,2236100.0,,0,0,0,0,0,0,0,0,0,0,0,0,0,0,199,2026-02-04 23:20:46.275077
WNTR,25.69,25.9,25.99,1961400.0,,2140700.0,,0,0,0,0,0,0,0,0,0,0,0,0,0,0,199,2026-02-04 23:20:46.275077
SPNG,26.11,25.81,26.08,2009300.0,5000.0,1753600.0,5000.0,0,0,0,0,0,0,0,0,0,0,0,0,0,0,200,2026-02-04 23:20:47.312185
SMMR,24.63,24.54,24.63,1318100.0,,2066300.0,,0,0,0,0,0,0,0,0,0,0,0,0,0,0,200,2026-02-04 23:20:47.312185
ATMN,24.85,24.65,24.85,2532100.0,,2115400.0,,0,0,0,0,0,0,0,0,0,0,0,0,0,0,200,2026-02-04 23:20:47.312185
WNTR,25.69,25.9,25.99,1961400.0,,2129700.0,,0,0,0,0,0,0,0,0,0,0,0,0,0,0,200,2026-02-04 23:20:47.312185
SPNG,26.11,26.05,26.08,2025000.0,5000.0,1753600.0,5000.0,0,0,0,0,0,0,0,0,0,0,0,0,0,0,201,2026-02-04 23:20:48.349236
SMMR,24.52,24.52,24.58,1243800.0,,2063900.0,,0,0,0,0,0,0,0,0,0,0,0,0,0,0,201,2026-02-04 23:20:48.349236
ATMN,24.88,24.65,24.88,2554600.0,,2239800.0,,0,0,0,0,0,0,0,0,0,0,0,0,0,0,201,2026-02-04 23:20:48.349236
WNTR,26.05,25.91,26.05,2092800.0,,2126900.0,,0,0,0,0,0,0,0,0,0,0,0,0,0,0,201,2026-02-04 23:20:48.349236
SPNG,26.38,25.96,26.38,2049100.0,5000.0,1745100.0,5000.0,0,0,0,0,0,0,0,0,0,0,0,0,0,0,202,2026-02-04 23:20:48.904931
SMMR,24.65,24.52,24.65,1328800.0,,2070500.0,,0,0,0,0,0,0,0,0,0,0,0,0,0,0,202,2026-02-04 23:20:48.904931
ATMN,24.88,24.65,24.88,2521800.0,,2254100.0,,0,0,0,0,0,0,0,0,0,0,0,0,0,0,202,2026-02-04 23:20:48.904931
WNTR,26.05,25.91,26.05,2212600.0,,2153800.0,,0,0,0,0,0,0,0,0,0,0,0,0,0,0,202,2026-02-04 23:20:48.904931
SPNG,26.38,25.96,26.02,2011300.0,5000.0,1747600.0,5000.0,0,0,0,0,0,0,0,0,0,0,0,0,0,0,203,2026-02-04 23:20:49.962498
SMMR,24.5,24.5,24.61,1331300.0,,2044400.0,,0,0,0,0,0,0,0,0,0,0,0,0,0,0,203,2026-02-04 23:20:49.962498
ATMN,24.88,24.65,24.88,2521800.0,,2229300.0,,0,0,0,0,0,0,0,0,0,0,0,0,0,0,203,2026-02-04 23:20:49.962498
WNTR,26.05,25.91,25.99,2212600.0,,2214800.0,,0,0,0,0,0,0,0,0,0,0,0,0,0,0,203,2026-02-04 23:20:49.962498
SPNG,26.38,26.05,26.1,1990800.0,5000.0,1784900.0,5000.0,0,0,0,0,0,0,0,0,0,0,0,0,0,0,204,2026-02-04 23:20:50.993456
SMMR,24.65,24.5,24.65,1331300.0,,2084000.0,,0,0,0,0,0,0,0,0,0,0,0,0,0,0,204,2026-02-04 23:20:50.993456
ATMN,24.6,24.6,24.64,2577300.0,,2243200.0,,0,0,0,0,0,0,0,0,0,0,0,0,0,0,204,2026-02-04 23:20:50.993456
WNTR,25.91,25.91,25.99,2347000.0,,2206700.0,,0,0,0,0,0,0,0,0,0,0,0,0,0,0,204,2026-02-04 23:20:50.993456
SPNG,26.05,26.05,26.44,1990800.0,5000.0,5000.0,1733700.0,0,0,0,0,0,0,0,0,0,0,0,0,0,0,205,2026-02-04 23:20:52.025433
SMMR,24.47,24.47,24.65,1306400.0,,,2084000.0,0,0,0,0,0,0,0,0,0,0,0,0,0,0,205,2026-02-04 23:20:52.025433
ATMN,24.54,24.54,24.94,2592900.0,,,2105000.0,0,0,0,0,0,0,0,0,0,0,0,0,0,0,205,2026-02-04 23:20:52.025433
WNTR,25.88,25.88,25.91,2187600.0,,,2249300.0,0,0,0,0,0,0,0,0,0,0,0,0,0,0,205,2026-02-04 23:20:52.025433
SPNG,26.05,26.05,26.2,1990800.0,5000.0,1771600.0,5000.0,0,0,0,0,0,0,0,0,0,0,0,0,0,0,206,2026-02-04 23:20:53.056461
SMMR,24.47,24.51,24.62,1395700.0,,2058500.0,,0,0,0,0,0,0,0,0,0,0,0,0,0,0,206,2026-02-04 23:20:53.056461
ATMN,25.09,25.09,25.22,2586300.0,,2243400.0,,0,0,0,0,0,0,0,0,0,0,0,0,0,0,206,2026-02-04 23:20:53.056461
WNTR,25.86,25.73,25.84,2082000.0,,2231500.0,,0,0,0,0,0,0,0,0,0,0,0,0,0,0,206,2026-02-04 23:20:53.056461
SPNG,26.24,25.86,26.24,2006200.0,5000.0,1749600.0,5000.0,0,0,0,0,0,0,0,0,0,0,0,0,0,0,207,2026-02-04 23:20:54.090151
SMMR,24.67,24.51,24.67,1395700.0,,2083100.0,,0,0,0,0,0,0,0,0,0,0,0,0,0,0,207,2026-02-04 23:20:54.090151
ATMN,24.54,24.54,24.69,2592900.0,,2279500.0,,0,0,0,0,0,0,0,0,0,0,0,0,0,0,207,2026-02-04 23:20:54.090151
WNTR,25.68,25.7,25.83,2173400.0,,2215100.0,,0,0,0,0,0,0,0,0,0,0,0,0,0,0,207,2026-02-04 23:20:54.090151
SPNG,26.24,25.86,26.24,1954900.0,5000.0,1784200.0,5000.0,0,0,0,0,0,0,0,0,0,0,0,0,0,0,208,2026-02-04 23:20:55.118821
SMMR,24.47,24.55,24.67,1410100.0,,2060300.0,,0,0,0,0,0,0,0,0,0,0,0,0,0,0,208,2026-02-04 23:20:55.118821
ATMN,24.69,24.74,25.22,2547400.0,,2236800.0,,0,0,0,0,0,0,0,0,0,0,0,0,0,0,208,2026-02-04 23:20:55.118821
WNTR,25.68,25.81,25.83,2307900.0,,2221400.0,,0,0,0,0,0,0,0,0,0,0,0,0,0,0,208,2026-02-04 23:20:55.118821
SPNG,26.27,26.11,26.27,1934500.0,5000.0,1762000.0,5000.0,0,0,0,0,0,0,0,0,0,0,0,0,0,0,209,2026-02-04 23:20:56.148734
SMMR,24.47,24.55,24.61,1493700.0,,2088100.0,,0,0,0,0,0,0,0,0,0,0,0,0,0,0,209,2026-02-04 23:20:56.148734
ATMN,24.74,24.54,24.72,2555500.0,,2283400.0,,0,0,0,0,0,0,0,0,0,0,0,0,0,0,209,2026-02-04 23:20:56.148734
WNTR,25.84,25.7,25.84,2173400.0,,2230700.0,,0,0,0,0,0,0,0,0,0,0,0,0,0,0,209,2026-02-04 23:20:56.148734
SPNG,26.49,26.11,26.48,1934500.0,5000.0,5000.0,1750700.0,0,0,0,0,0,0,0,0,0,0,0,0,0,0,210,2026-02-04 23:20:57.175096
SMMR,24.61,24.6,24.61,1614800.0,,,2088100.0,0,0,0,0,0,0,0,0,0,0,0,0,0,0,210,2026-02-04 23:20:57.175096
ATMN,25.0,24.45,25.0,2593200.0,,,2265900.0,0,0,0,0,0,0,0,0,0,0,0,0,0,0,210,2026-02-04 23:20:57.175096
WNTR,25.84,25.75,25.84,2380100.0,,,2230700.0,0,0,0,0,0,0,0,0,0,0,0,0,0,0,210,2026-02-04 23:20:57.175096
SPNG,26.48,26.11,26.14,1934500.0,5000.0,1783200.0,5000.0,0,0,0,0,0,0,0,0,0,0,0,0,0,0,211,2026-02-04 23:20:58.207242
SMMR,24.6,24.6,24.61,1730000.0,,2075800.0,,0,0,0,0,0,0,0,0,0,0,0,0,0,0,211,2026-02-04 23:20:58.207242
ATMN,25.0,24.45,24.46,2563500.0,,2301400.0,,0,0,0,0,0,0,0,0,0,0,0,0,0,0,211,2026-02-04 23:20:58.207242
WNTR,25.85,25.83,25.85,2352400.0,,2239500.0,,0,0,0,0,0,0,0,0,0,0,0,0,0,0,211,2026-02-04 23:20:58.207242
SPNG,26.11,26.11,26.14,1951100.0,5000.0,1783200.0,5000.0,0,0,0,0,0,0,0,0,0,0,0,0,0,0,212,2026-02-04 23:20:59.236705
SMMR,24.65,24.55,24.65,1505200.0,,2052100.0,,0,0,0,0,0,0,0,0,0,0,0,0,0,0,212,2026-02-04 23:20:59.236705
ATMN,25.0,24.45,24.46,2497700.0,,2301400.0,,0,0,0,0,0,0,0,0,0,0,0,0,0,0,212,2026-02-04 23:20:59.236705
WNTR,25.85,25.83,25.85,2347700.0,,2247100.0,,0,0,0,0,0,0,0,0,0,0,0,0,0,0,212,2026-02-04 23:20:59.236705
SPNG,26.11,26.11,26.14,1945000.0,5000.0,1810000.0,5000.0,0,0,0,0,0,0,0,0,0,0,0,0,0,0,213,2026-02-04 23:21:00.279136
SMMR,24.68,24.55,24.68,1505200.0,,2043600.0,,0,0,0,0,0,0,0,0,0,0,0,0,0,0,213,2026-02-04 23:21:00.279136
ATMN,25.0,25.06,25.22,2455600.0,,2236800.0,,0,0,0,0,0,0,0,0,0,0,0,0,0,0,213,2026-02-04 23:21:00.279136
WNTR,25.86,25.83,25.86,2347700.0,,2235500.0,,0,0,0,0,0,0,0,0,0,0,0,0,0,0,213,2026-02-04 23:21:00.279136
SPNG,26.14,26.07,26.14,1942500.0,5000.0,1801900.0,5000.0,0,0,0,0,0,0,0,0,0,0,0,0,0,0,214,2026-02-04 23:21:01.323617
SMMR,24.68,24.55,24.63,1681900.0,,2046900.0,,0,0,0,0,0,0,0,0,0,0,0,0,0,0,214,2026-02-04 23:21:01.323617
ATMN,25.0,25.06,25.2,2455600.0,,2256500.0,,0,0,0,0,0,0,0,0,0,0,0,0,0,0,214,2026-02-04 23:21:01.323617
WNTR,25.86,25.83,25.86,2351700.0,,2262900.0,,0,0,0,0,0,0,0,0,0,0,0,0,0,0,214,2026-02-04 23:21:01.323617
SPNG,26.33,26.04,26.33,1952100.0,5000.0,1778300.0,5000.0,0,0,0,0,0,0,0,0,0,0,0,0,0,0,215,2026-02-04 23:21:02.366148
SMMR,24.67,24.67,24.68,1792900.0,,2043600.0,,0,0,0,0,0,0,0,0,0,0,0,0,0,0,215,2026-02-04 23:21:02.366148
ATMN,25.06,24.45,24.71,2478100.0,,2274800.0,,0,0,0,0,0,0,0,0,0,0,0,0,0,0,215,2026-02-04 23:21:02.366148
WNTR,25.91,25.75,25.91,2382200.0,,2239800.0,,0,0,0,0,0,0,0,0,0,0,0,0,0,0,215,2026-02-04 23:21:02.366148
SPNG,26.19,26.19,26.33,1930600.0,5000.0,1776300.0,5000.0,0,0,0,0,0,0,0,0,0,0,0,0,0,0,216,2026-02-04 23:21:03.393427
SMMR,24.5,24.5,24.6,1598300.0,,2051100.0,,0,0,0,0,0,0,0,0,0,0,0,0,0,0,216,2026-02-04 23:21:03.393427
ATMN,25.2,24.45,24.82,2478100.0,,2308100.0,,0,0,0,0,0,0,0,0,0,0,0,0,0,0,216,2026-02-04 23:21:03.393427
WNTR,25.93,25.88,25.93,2387000.0,,2222400.0,,0,0,0,0,0,0,0,0,0,0,0,0,0,0,216,2026-02-04 23:21:03.393427
SPNG,26.19,26.04,26.06,1927300.0,5000.0,1770000.0,5000.0,0,0,0,0,0,0,0,0,0,0,0,0,0,0,217,2026-02-04 23:21:04.457141
SMMR,24.68,24.47,24.68,1613700.0,,2047400.0,,0,0,0,0,0,0,0,0,0,0,0,0,0,0,217,2026-02-04 23:21:04.457141
ATMN,25.14,24.51,25.14,2419900.0,,2271100.0,,0,0,0,0,0,0,0,0,0,0,0,0,0,0,217,2026-02-04 23:21:04.457141
WNTR,25.88,25.88,25.93,2387000.0,,2222500.0,,0,0,0,0,0,0,0,0,0,0,0,0,0,0,217,2026-02-04 23:21:04.457141
SPNG,26.06,26.32,26.33,1892700.0,5000.0,1760600.0,5000.0,0,0,0,0,0,0,0,0,0,0,0,0,0,0,218,2026-02-04 23:21:05.087088
SMMR,24.68,24.47,24.68,1613700.0,,2038300.0,,0,0,0,0,0,0,0,0,0,0,0,0,0,0,218,2026-02-04 23:21:05.087088
ATMN,25.14,24.51,24.66,2392600.0,,2278800.0,,0,0,0,0,0,0,0,0,0,0,0,0,0,0,218,2026-02-04 23:21:05.087088
WNTR,25.99,25.88,25.97,2387000.0,,2211100.0,,0,0,0,0,0,0,0,0,0,0,0,0,0,0,218,2026-02-04 23:21:05.087088
SPNG,26.33,26.01,26.33,1913200.0,5000.0,1770400.0,5000.0,0,0,0,0,0,0,0,0,0,0,0,0,0,0,219,2026-02-04 23:21:06.180261
SMMR,24.51,24.57,24.68,1616400.0,,2038300.0,,0,0,0,0,0,0,0,0,0,0,0,0,0,0,219,2026-02-04 23:21:06.180261
ATMN,24.53,24.53,24.66,2339400.0,,2278800.0,,0,0,0,0,0,0,0,0,0,0,0,0,0,0,219,2026-02-04 23:21:06.180261
WNTR,25.88,25.75,25.79,2377200.0,,2226700.0,,0,0,0,0,0,0,0,0,0,0,0,0,0,0,219,2026-02-04 23:21:06.180261
SPNG,25.89,25.89,26.01,1905800.0,5000.0,1774000.0,5000.0,0,0,0,0,0,0,0,0,0,0,0,0,0,0,220,2026-02-04 23:21:07.238704
SMMR,24.68,24.57,24.68,1738700.0,,2038300.0,,0,0,0,0,0,0,0,0,0,0,0,0,0,0,220,2026-02-04 23:21:07.238704
ATMN,24.66,24.88,24.93,2354100.0,,2306600.0,,0,0,0,0,0,0,0,0,0,0,0,0,0,0,220,2026-02-04 23:21:07.238704
WNTR,25.79,25.88,25.96,2346500.0,,2200500.0,,0,0,0,0,0,0,0,0,0,0,0,0,0,0,220,2026-02-04 23:21:07.238704
SPNG,26.21,25.89,26.2,1905800.0,5000.0,1776800.0,5000.0,0,0,0,0,0,0,0,0,0,0,0,0,0,0,221,2026-02-04 23:21:08.271659
SMMR,24.7,24.52,24.7,1716500.0,,2058100.0,,0,0,0,0,0,0,0,0,0,0,0,0,0,0,221,2026-02-04 23:21:08.271659
ATMN,24.51,24.51,24.87,2392600.0,,2249900.0,,0,0,0,0,0,0,0,0,0,0,0,0,0,0,221,2026-02-04 23:21:08.271659
WNTR,25.79,25.88,25.9,2346500.0,,2170800.0,,0,0,0,0,0,0,0,0,0,0,0,0,0,0,221,2026-02-04 23:21:08.271659
SPNG,26.49,25.89,26.09,1905800.0,5000.0,1784200.0,5000.0,0,0,0,0,0,0,0,0,0,0,0,0,0,0,222,2026-02-04 23:21:09.323251
SMMR,24.7,24.65,24.7,1801100.0,,2053100.0,,0,0,0,0,0,0,0,0,0,0,0,0,0,0,222,2026-02-04 23:21:09.323251
ATMN,24.73,24.51,24.73,2388200.0,,2256800.0,,0,0,0,0,0,0,0,0,0,0,0,0,0,0,222,2026-02-04 23:21:09.323251
WNTR,25.95,25.75,25.95,2359600.0,,2200600.0,,0,0,0,0,0,0,0,0,0,0,0,0,0,0,222,2026-02-04 23:21:09.323251
SPNG,26.09,26.42,26.49,1901500.0,5000.0,1775100.0,5000.0,0,0,0,0,0,0,0,0,0,0,0,0,0,0,223,2026-02-04 23:21:10.376072
SMMR,24.65,24.52,24.57,1716500.0,,2032800.0,,0,0,0,0,0,0,0,0,0,0,0,0,0,0,223,2026-02-04 23:21:10.376072
ATMN,25.03,24.51,25.03,2376000.0,,2304300.0,,0,0,0,0,0,0,0,0,0,0,0,0,0,0,223,2026-02-04 23:21:10.376072
WNTR,25.75,25.75,25.83,2359600.0,,2199700.0,,0,0,0,0,0,0,0,0,0,0,0,0,0,0,223,2026-02-04 23:21:10.376072
SPNG,26.42,26.42,26.49,1901500.0,5000.0,1785600.0,5000.0,0,0,0,0,0,0,0,0,0,0,0,0,0,0,224,2026-02-04 23:21:11.414588
SMMR,24.61,24.52,24.61,1806400.0,,2058400.0,,0,0,0,0,0,0,0,0,0,0,0,0,0,0,224,2026-02-04 23:21:11.414588
ATMN,25.03,24.66,24.74,2340100.0,,2267900.0,,0,0,0,0,0,0,0,0,0,0,0,0,0,0,224,2026-02-04 23:21:11.414588
WNTR,25.75,25.78,25.83,2339900.0,,2199700.0,,0,0,0,0,0,0,0,0,0,0,0,0,0,0,224,2026-02-04 23:21:11.414588
SPNG,26.49,25.86,26.17,1990900.0,1911600.0,0,0,0,0,0,0,0,0,0,0,0,0,0,0,0,0,225,2026-02-04 23:21:12.445485
SMMR,24.56,24.56,24.61,1922900.0,2025600.0,0,0,0,0,0,0,0,0,0,0,0,0,0,0,0,0,225,2026-02-04 23:21:12.445485
ATMN,25.03,24.72,24.74,2299200.0,2260500.0,0,0,0,0,0,0,0,0,0,0,0,0,0,0,0,0,225,2026-02-04 23:21:12.445485
WNTR,25.75,25.78,25.83,2344000.0,2199700.0,0,0,0,0,0,0,0,0,0,0,0,0,0,0,0,0,225,2026-02-04 23:21:12.445485
SPNG,26.17,25.86,26.17,1990900.0,1904700.0,0,0,0,0,0,0,0,0,0,0,0,0,0,0,0,0,226,2026-02-04 23:21:13.489617
SMMR,24.56,24.56,24.61,1922900.0,2018500.0,0,0,0,0,0,0,0,0,0,0,0,0,0,0,0,0,226,2026-02-04 23:21:13.489617
ATMN,24.66,24.66,24.74,2340100.0,2309800.0,0,0,0,0,0,0,0,0,0,0,0,0,0,0,0,0,226,2026-02-04 23:21:13.489617
WNTR,25.96,25.78,25.96,2344000.0,2227700.0,0,0,0,0,0,0,0,0,0,0,0,0,0,0,0,0,226,2026-02-04 23:21:13.489617
SPNG,26.17,26.09,26.16,1965500.0,1908500.0,0,0,0,0,0,0,0,0,0,0,0,0,0,0,0,0,227,2026-02-04 23:21:14.525483
SMMR,24.71,24.56,24.71,1922900.0,2018800.0,0,0,0,0,0,0,0,0,0,0,0,0,0,0,0,0,227,2026-02-04 23:21:14.525483
ATMN,24.74,24.66,24.74,2340100.0,2358900.0,0,0,0,0,0,0,0,0,0,0,0,0,0,0,0,0,227,2026-02-04 23:21:14.525483
WNTR,25.96,25.78,25.96,2344000.0,2196800.0,0,0,0,0,0,0,0,0,0,0,0,0,0,0,0,0,227,2026-02-04 23:21:14.525483
SPNG,25.86,25.86,26.16,1971700.0,1908500.0,0,0,0,0,0,0,0,0,0,0,0,0,0,0,0,0,228,2026-02-04 23:21:15.070228
SMMR,24.71,24.58,24.66,2016600.0,2013600.0,0,0,0,0,0,0,0,0,0,0,0,0,0,0,0,0,228,2026-02-04 23:21:15.070228
ATMN,24.54,24.68,24.74,2342100.0,2358900.0,0,0,0,0,0,0,0,0,0,0,0,0,0,0,0,0,228,2026-02-04 23:21:15.070228
WNTR,25.72,25.72,25.96,2365200.0,2196800.0,0,0,0,0,0,0,0,0,0,0,0,0,0,0,0,0,228,2026-02-04 23:21:15.070228
SPNG,25.84,25.84,26.14,2000600.0,1934400.0,0,0,0,0,0,0,0,0,0,0,0,0,0,0,0,0,229,2026-02-04 23:21:16.121081
SMMR,24.69,24.58,24.69,2138900.0,2018800.0,0,0,0,0,0,0,0,0,0,0,0,0,0,0,0,0,229,2026-02-04 23:21:16.121081
ATMN,24.74,24.51,24.74,2361500.0,2350900.0,0,0,0,0,0,0,0,0,0,0,0,0,0,0,0,0,229,2026-02-04 23:21:16.121081
WNTR,25.96,25.9,25.96,2374300.0,2195700.0,0,0,0,0,0,0,0,0,0,0,0,0,0,0,0,0,229,2026-02-04 23:21:16.121081
SPNG,26.14,26.08,26.14,1995600.0,1934400.0,0,0,0,0,0,0,0,0,0,0,0,0,0,0,0,0,230,2026-02-04 23:21:17.156673
SMMR,24.58,24.58,24.69,2138900.0,2018800.0,0,0,0,0,0,0,0,0,0,0,0,0,0,0,0,0,230,2026-02-04 23:21:17.156673
ATMN,24.86,24.65,24.86,2307400.0,2321500.0,0,0,0,0,0,0,0,0,0,0,0,0,0,0,0,0,230,2026-02-04 23:21:17.156673
WNTR,25.9,25.9,25.97,2374300.0,2188300.0,0,0,0,0,0,0,0,0,0,0,0,0,0,0,0,0,230,2026-02-04 23:21:17.156673
SPNG,26.16,26.08,26.13,1995600.0,1944500.0,0,0,0,0,0,0,0,0,0,0,0,0,0,0,0,0,231,2026-02-04 23:21:18.207373
SMMR,24.56,24.6,24.69,2134600.0,1997000.0,0,0,0,0,0,0,0,0,0,0,0,0,0,0,0,0,231,2026-02-04 23:21:18.207373
ATMN,24.45,24.45,24.84,2381100.0,2333500.0,0,0,0,0,0,0,0,0,0,0,0,0,0,0,0,0,231,2026-02-04 23:21:18.207373
WNTR,25.98,25.9,25.98,2374300.0,2221100.0,0,0,0,0,0,0,0,0,0,0,0,0,0,0,0,0,231,2026-02-04 23:21:18.207373
SPNG,26.08,25.94,25.97,1963800.0,1932400.0,0,0,0,0,0,0,0,0,0,0,0,0,0,0,0,0,232,2026-02-04 23:21:19.245144
SMMR,24.56,24.6,24.68,2134600.0,2008900.0,0,0,0,0,0,0,0,0,0,0,0,0,0,0,0,0,232,2026-02-04 23:21:19.245144
ATMN,24.45,24.65,24.84,2356400.0,2333700.0,0,0,0,0,0,0,0,0,0,0,0,0,0,0,0,0,232,2026-02-04 23:21:19.245144
WNTR,25.98,25.9,25.98,2374300.0,2208200.0,0,0,0,0,0,0,0,0,0,0,0,0,0,0,0,0,232,2026-02-04 23:21:19.245144
SPNG,26.08,25.95,25.97,1951100.0,1932400.0,0,0,0,0,0,0,0,0,0,0,0,0,0,0,0,0,233,2026-02-04 23:21:20.284315
SMMR,24.46,24.46,24.67,1806400.0,2005800.0,0,0,0,0,0,0,0,0,0,0,0,0,0,0,0,0,233,2026-02-04 23:21:20.284315
ATMN,24.45,24.65,24.7,2341400.0,2331700.0,0,0,0,0,0,0,0,0,0,0,0,0,0,0,0,0,233,2026-02-04 23:21:20.284315
WNTR,25.82,25.72,25.82,2365200.0,2247600.0,0,0,0,0,0,0,0,0,0,0,0,0,0,0,0,0,233,2026-02-04 23:21:20.284315
SPNG,26.17,26.22,26.36,1960600.0,1919100.0,0,0,0,0,0,0,0,0,0,0,0,0,0,0,0,0,234,2026-02-04 23:21:21.320390
SMMR,24.63,24.63,24.67,2028800.0,2005800.0,0,0,0,0,0,0,0,0,0,0,0,0,0,0,0,0,234,2026-02-04 23:21:21.320390
ATMN,24.45,24.65,24.7,2323300.0,2331700.0,0,0,0,0,0,0,0,0,0,0,0,0,0,0,0,0,234,2026-02-04 23:21:21.320390
WNTR,25.82,25.96,25.98,2371700.0,2224500.0,0,0,0,0,0,0,0,0,0,0,0,0,0,0,0,0,234,2026-02-04 23:21:21.320390
SPNG,26.12,25.95,26.01,1951100.0,1932400.0,0,0,0,0,0,0,0,0,0,0,0,0,0,0,0,0,235,2026-02-04 23:21:22.354923
SMMR,24.57,24.57,24.63,2041800.0,2012500.0,0,0,0,0,0,0,0,0,0,0,0,0,0,0,0,0,235,2026-02-04 23:21:22.354923
ATMN,24.45,24.65,24.7,2289800.0,2331700.0,0,0,0,0,0,0,0,0,0,0,0,0,0,0,0,0,235,2026-02-04 23:21:22.354923
WNTR,25.89,25.72,25.81,2365200.0,2208700.0,0,0,0,0,0,0,0,0,0,0,0,0,0,0,0,0,235,2026-02-04 23:21:22.354923
