ticker,last_price,bid_price,ask_price,BUY_ANON,SELL_ANON,BUY_GIOT-3,SELL_WRSW-3,BUY_LUIS-1,SELL_UOTB-2,SELL_BRCH-3,BUY_LAVL-1,BUY_BRCH-3,BUY_UEBR-1,BUY_UOTB-1,BUY_UOTB-2,SELL_LUIS-1,SELL_COLA-3,BUY_COLA-1,SELL_UOTB-3,SELL_NAIT-1,BUY_WRSW-2,SELL_WRSW-1,SELL_COLB-2,SELL_COLA-1,BUY_NAIT-1,BUY_WRSW-1,SELL_BRCH-1,BUY_BRCH-2,SELL_UOTB-1,BUY_COLA-3,SELL_LAVL-1,BUY_WRSW-3,BUY_BRCH-1,SELL_UEBR-1,SELL_GIOT-3,BUY_UOTB-3,BUY_COLB-2,SELL_WRSW-2,SELL_BRCH-2,tick,timestamp
SPNG,0.0,0.0,0.0,2271000.0,2187700.0,0,0,0,0,0,0,0,0,0,0,0,0,0,0,0,0,0,0,0,0,0,0,0,0,0,0,0,0,0,0,0,0,0,0,0,2026-02-05 12:11:08.019909
SMMR,0.0,0.0,0.0,2315100.0,1544200.0,0,0,0,0,0,0,0,0,0,0,0,0,0,0,0,0,0,0,0,0,0,0,0,0,0,0,0,0,0,0,0,0,0,0,0,2026-02-05 12:11:08.019909
ATMN,0.0,0.0,0.0,1892700.0,2084200.0,0,0,0,0,0,0,0,0,0,0,0,0,0,0,0,0,0,0,0,0,0,0,0,0,0,0,0,0,0,0,0,0,0,0,0,2026-02-05 12:11:08.019909
WNTR,0.0,0.0,0.0,2216400.0,2356300.0,0,0,0,0,0,0,0,0,0,0,0,0,0,0,0,0,0,0,0,0,0,0,0,0,0,0,0,0,0,0,0,0,0,0,0,2026-02-05 12:11:08.019909
SPNG,0.0,24.99,25.07,2154400.0,2188100.0,0,0,0,0,0,0,0,0,0,0,0,0,0,0,0,0,0,0,0,0,0,0,0,0,0,0,0,0,0,0,0,0,0,0,1,2026-02-05 12:11:08.640330,2.0,1.0,1.0,,Aggregate Position Limit,Your CRO has set the aggregate position limit to 11000 shares for this week.
SMMR,0.0,24.98,25.09,2303000.0,1544200.0,0,0,0,0,0,0,0,0,0,0,0,0,0,0,0,0,0,0,0,0,0,0,0,0,0,0,0,0,0,0,0,0,0,0,1,2026-02-05 12:11:08.640330,1.0,1.0,1.0,,Welcome to the RITC 2026 Alogithmic Market Making Case - practice server,
ATMN,24.78,24.78,25.01,2133900.0,2084200.0,0,0,0,0,0,0,0,0,0,0,0,0,0,0,0,0,0,0,0,0,0,0,0,0,0,0,0,0,0,0,0,0,0,0,1,2026-02-05 12:11:08.640330,,,,,,
WNTR,25.02,24.91,25.02,2343800.0,2356300.0,0,0,0,0,0,0,0,0,0,0,0,0,0,0,0,0,0,0,0,0,0,0,0,0,0,0,0,0,0,0,0,0,0,0,1,2026-02-05 12:11:08.640330,,,,,,
SPNG,24.99,24.78,24.82,5600.0,2215600.0,5600.0,2058700.0,0,0,0,0,0,0,0,0,0,0,0,0,0,0,0,0,0,0,0,0,0,0,0,0,0,0,0,0,0,0,0,0,2,2026-02-05 12:11:09.722744
SMMR,24.97,24.97,25.07,,2306700.0,9333.0,1714300.0,0,0,0,0,0,0,0,0,0,0,0,0,0,0,0,0,0,0,0,0,0,0,0,0,0,0,0,0,0,0,0,0,2,2026-02-05 12:11:09.722744
ATMN,24.96,24.96,25.01,,2126800.0,,2084200.0,0,0,0,0,0,0,0,0,0,0,0,0,0,0,0,0,0,0,0,0,0,0,0,0,0,0,0,0,0,0,0,0,2,2026-02-05 12:11:09.722744
WNTR,25.02,25.0,25.01,13000.0,2106500.0,13000.0,2108500.0,0,0,0,0,0,0,0,0,0,0,0,0,0,0,0,0,0,0,0,0,0,0,0,0,0,0,0,0,0,0,0,0,2,2026-02-05 12:11:09.722744
SPNG,25.07,24.78,25.07,5600.0,2214200.0,2168400.0,,0,0,0,0,0,0,0,0,0,0,0,0,0,0,0,0,0,0,0,0,0,0,0,0,0,0,0,0,0,0,0,0,3,2026-02-05 12:11:10.772058
SMMR,24.91,24.92,25.01,1834.0,2190700.0,1821700.0,19727.0,0,0,0,0,0,0,0,0,0,0,0,0,0,0,0,0,0,0,0,0,0,0,0,0,0,0,0,0,0,0,0,0,3,2026-02-05 12:11:10.772058
ATMN,25.15,25.01,25.07,3366.0,1941700.0,2103300.0,,0,0,0,0,0,0,0,0,0,0,0,0,0,0,0,0,0,0,0,0,0,0,0,0,0,0,0,0,0,0,0,0,3,2026-02-05 12:11:10.772058
WNTR,25.02,25.0,25.01,13000.0,2110600.0,2118600.0,13000.0,0,0,0,0,0,0,0,0,0,0,0,0,0,0,0,0,0,0,0,0,0,0,0,0,0,0,0,0,0,0,0,0,3,2026-02-05 12:11:10.772058
SPNG,25.27,24.89,25.27,5000.0,2083500.0,2182000.0,,,,0,0,0,0,0,0,0,0,0,0,0,0,0,0,0,0,0,0,0,0,0,0,0,0,0,0,0,0,0,0,4,2026-02-05 12:11:11.818029
SMMR,24.87,24.87,25.0,,2279400.0,1821700.0,1568.0,2500.0,,0,0,0,0,0,0,0,0,0,0,0,0,0,0,0,0,0,0,0,0,0,0,0,0,0,0,0,0,0,0,4,2026-02-05 12:11:11.818029
ATMN,25.07,25.02,25.07,,2044500.0,2078200.0,,,100.0,0,0,0,0,0,0,0,0,0,0,0,0,0,0,0,0,0,0,0,0,0,0,0,0,0,0,0,0,0,0,4,2026-02-05 12:11:11.818029
WNTR,24.99,24.99,25.02,,2323400.0,2337400.0,,,,0,0,0,0,0,0,0,0,0,0,0,0,0,0,0,0,0,0,0,0,0,0,0,0,0,0,0,0,0,0,4,2026-02-05 12:11:11.818029
SPNG,25.03,25.03,25.27,1943000.0,100.0,5000.0,2182000.0,,0,0,0,0,0,0,0,0,0,0,0,0,0,0,0,0,0,0,0,0,0,0,0,0,0,0,0,0,0,0,0,5,2026-02-05 12:11:12.853057
SMMR,24.89,24.87,24.89,2279400.0,,,1954000.0,5060.0,0,0,0,0,0,0,0,0,0,0,0,0,0,0,0,0,0,0,0,0,0,0,0,0,0,0,0,0,0,0,0,5,2026-02-05 12:11:12.853057
ATMN,25.15,25.03,25.15,1743100.0,3993.0,5000.0,2076700.0,,0,0,0,0,0,0,0,0,0,0,0,0,0,0,0,0,0,0,0,0,0,0,0,0,0,0,0,0,0,0,0,5,2026-02-05 12:11:12.853057
WNTR,25.02,25.01,25.02,2115600.0,,5000.0,2199300.0,5060.0,0,0,0,0,0,0,0,0,0,0,0,0,0,0,0,0,0,0,0,0,0,0,0,0,0,0,0,0,0,0,0,5,2026-02-05 12:11:12.853057
SPNG,24.87,25.15,25.18,1574.0,2184300.0,3148.0,1906600.0,,,0,0,0,0,0,0,0,0,0,0,0,0,0,0,0,0,0,0,0,0,0,0,0,0,0,0,0,0,0,0,6,2026-02-05 12:11:13.892272
SMMR,25.15,25.15,25.18,,2180900.0,,1685200.0,3638.0,,0,0,0,0,0,0,0,0,0,0,0,0,0,0,0,0,0,0,0,0,0,0,0,0,0,0,0,0,0,0,6,2026-02-05 12:11:13.892272
ATMN,25.15,25.03,25.05,5000.0,1736300.0,,1908000.0,3993.0,3893.0,0,0,0,0,0,0,0,0,0,0,0,0,0,0,0,0,0,0,0,0,0,0,0,0,0,0,0,0,0,0,6,2026-02-05 12:11:13.892272
WNTR,25.02,25.01,25.02,5000.0,2081100.0,5000.0,1810000.0,,11029.0,0,0,0,0,0,0,0,0,0,0,0,0,0,0,0,0,0,0,0,0,0,0,0,0,0,0,0,0,0,0,6,2026-02-05 12:11:13.892272
SPNG,25.15,24.87,24.88,2296600.0,1937800.0,3148.0,,,,0,0,0,0,0,0,0,0,0,0,0,0,0,0,0,0,0,0,0,0,0,0,0,0,0,0,0,0,0,0,7,2026-02-05 12:11:14.965009
SMMR,25.15,25.15,25.18,2057000.0,1943400.0,,5000.0,,,0,0,0,0,0,0,0,0,0,0,0,0,0,0,0,0,0,0,0,0,0,0,0,0,0,0,0,0,0,0,7,2026-02-05 12:11:14.965009
ATMN,25.14,25.04,25.14,2085400.0,1995900.0,,1574.0,,,0,0,0,0,0,0,0,0,0,0,0,0,0,0,0,0,0,0,0,0,0,0,0,0,0,0,0,0,0,0,7,2026-02-05 12:11:14.965009
WNTR,25.07,25.02,25.06,1939500.0,2199500.0,,5000.0,6641.0,6641.0,0,0,0,0,0,0,0,0,0,0,0,0,0,0,0,0,0,0,0,0,0,0,0,0,0,0,0,0,0,0,7,2026-02-05 12:11:14.965009
SPNG,25.18,25.25,25.27,2179500.0,100.0,2132900.0,,,,0,0,0,0,0,0,0,0,0,0,0,0,0,0,0,0,0,0,0,0,0,0,0,0,0,0,0,0,0,0,8,2026-02-05 12:11:16.047664
SMMR,25.15,24.99,25.0,1926700.0,2611.0,2203100.0,5000.0,6641.0,,0,0,0,0,0,0,0,0,0,0,0,0,0,0,0,0,0,0,0,0,0,0,0,0,0,0,0,0,0,0,8,2026-02-05 12:11:16.047664
ATMN,24.96,24.96,25.0,2070200.0,4615.0,1683400.0,,8491.0,3148.0,0,0,0,0,0,0,0,0,0,0,0,0,0,0,0,0,0,0,0,0,0,0,0,0,0,0,0,0,0,0,8,2026-02-05 12:11:16.047664
WNTR,25.01,25.03,25.05,1939500.0,2611.0,1794200.0,5000.0,11285.0,5000.0,0,0,0,0,0,0,0,0,0,0,0,0,0,0,0,0,0,0,0,0,0,0,0,0,0,0,0,0,0,0,8,2026-02-05 12:11:16.047664
SPNG,25.18,25.26,25.27,4274.0,200.0,1846700.0,1782700.0,3573.0,4274.0,0,0,0,0,0,0,0,0,0,0,0,0,0,0,0,0,0,0,0,0,0,0,0,0,0,0,0,0,0,0,9,2026-02-05 12:11:16.581128
SMMR,25.09,24.99,25.09,5000.0,2611.0,1926700.0,2175700.0,6641.0,,0,0,0,0,0,0,0,0,0,0,0,0,0,0,0,0,0,0,0,0,0,0,0,0,0,0,0,0,0,0,9,2026-02-05 12:11:16.581128
ATMN,25.21,24.96,25.21,,6189.0,1947000.0,2014700.0,,,0,0,0,0,0,0,0,0,0,0,0,0,0,0,0,0,0,0,0,0,0,0,0,0,0,0,0,0,0,0,9,2026-02-05 12:11:16.581128
WNTR,24.98,24.98,25.05,,,2285400.0,1794200.0,11285.0,5000.0,0,0,0,0,0,0,0,0,0,0,0,0,0,0,0,0,0,0,0,0,0,0,0,0,0,0,0,0,0,0,9,2026-02-05 12:11:16.581128
SPNG,24.73,24.73,25.27,2307600.0,1690900.0,3673.0,4274.0,,,0,0,0,0,0,0,0,0,0,0,0,0,0,0,0,0,0,0,0,0,0,0,0,0,0,0,0,0,0,0,10,2026-02-05 12:11:17.616912
SMMR,25.09,25.0,25.01,1718100.0,1922400.0,11886.0,3148.0,7856.0,5648.0,0,0,0,0,0,0,0,0,0,0,0,0,0,0,0,0,0,0,0,0,0,0,0,0,0,0,0,0,0,0,10,2026-02-05 12:11:17.616912
ATMN,25.21,25.03,25.04,1590800.0,1842800.0,2622.0,1991.0,11434.0,3982.0,0,0,0,0,0,0,0,0,0,0,0,0,0,0,0,0,0,0,0,0,0,0,0,0,0,0,0,0,0,0,10,2026-02-05 12:11:17.616912
WNTR,25.07,24.98,25.07,2157500.0,2284900.0,,,1777.0,,0,0,0,0,0,0,0,0,0,0,0,0,0,0,0,0,0,0,0,0,0,0,0,0,0,0,0,0,0,0,10,2026-02-05 12:11:17.616912
SPNG,24.73,25.15,25.47,2137.0,2176900.0,2155000.0,,,,0,0,0,0,0,0,0,0,0,0,0,0,0,0,0,0,0,0,0,0,0,0,0,0,0,0,0,0,0,0,11,2026-02-05 12:11:18.688150
SMMR,25.18,25.18,25.19,5648.0,1822600.0,2147400.0,1176.0,,,0,0,0,0,0,0,0,0,0,0,0,0,0,0,0,0,0,0,0,0,0,0,0,0,0,0,0,0,0,0,11,2026-02-05 12:11:18.688150
ATMN,24.74,24.74,25.04,,2164300.0,1842800.0,,1991.0,100.0,0,0,0,0,0,0,0,0,0,0,0,0,0,0,0,0,0,0,0,0,0,0,0,0,0,0,0,0,0,0,11,2026-02-05 12:11:18.688150
WNTR,24.95,24.95,24.97,,2271600.0,1890000.0,,4274.0,3060.0,0,0,0,0,0,0,0,0,0,0,0,0,0,0,0,0,0,0,0,0,0,0,0,0,0,0,0,0,0,0,11,2026-02-05 12:11:18.688150
SPNG,24.71,24.71,25.47,2317000.0,2155000.0,,,,0,0,0,0,0,0,0,0,0,0,0,0,0,0,0,0,0,0,0,0,0,0,0,0,0,0,0,0,0,0,0,12,2026-02-05 12:11:19.726045
SMMR,25.13,24.84,25.13,2293100.0,2157500.0,9333.0,1574.0,,0,0,0,0,0,0,0,0,0,0,0,0,0,0,0,0,0,0,0,0,0,0,0,0,0,0,0,0,0,0,0,12,2026-02-05 12:11:19.726045
ATMN,24.74,24.89,24.96,2041900.0,1729900.0,8266.0,1991.0,2041.0,0,0,0,0,0,0,0,0,0,0,0,0,0,0,0,0,0,0,0,0,0,0,0,0,0,0,0,0,0,0,0,12,2026-02-05 12:11:19.726045
WNTR,25.07,24.91,25.07,2272100.0,2049400.0,,4274.0,,0,0,0,0,0,0,0,0,0,0,0,0,0,0,0,0,0,0,0,0,0,0,0,0,0,0,0,0,0,0,0,12,2026-02-05 12:11:19.726045
SPNG,24.71,24.71,25.36,2317000.0,2155700.0,,,0,0,0,0,0,0,0,0,0,0,0,0,0,0,0,0,0,0,0,0,0,0,0,0,0,0,0,0,0,0,0,0,13,2026-02-05 12:11:20.773303
SMMR,24.85,25.0,25.13,2282600.0,2134000.0,3148.0,,0,0,0,0,0,0,0,0,0,0,0,0,0,0,0,0,0,0,0,0,0,0,0,0,0,0,0,0,0,0,0,0,13,2026-02-05 12:11:20.773303
ATMN,24.96,24.96,25.09,1953900.0,2011000.0,,4504.0,0,0,0,0,0,0,0,0,0,0,0,0,0,0,0,0,0,0,0,0,0,0,0,0,0,0,0,0,0,0,0,0,13,2026-02-05 12:11:20.773303
WNTR,25.08,24.99,25.08,2164700.0,2300500.0,,2300.0,0,0,0,0,0,0,0,0,0,0,0,0,0,0,0,0,0,0,0,0,0,0,0,0,0,0,0,0,0,0,0,0,13,2026-02-05 12:11:20.773303
SPNG,25.13,25.05,25.13,3160.0,2189100.0,2056500.0,100.0,,,0,0,0,0,0,0,0,0,0,0,0,0,0,0,0,0,0,0,0,0,0,0,0,0,0,0,0,0,0,0,14,2026-02-05 12:11:21.823025
SMMR,24.85,25.01,25.04,,2266100.0,2012700.0,100.0,3148.0,,0,0,0,0,0,0,0,0,0,0,0,0,0,0,0,0,0,0,0,0,0,0,0,0,0,0,0,0,0,0,14,2026-02-05 12:11:21.823025
ATMN,25.12,25.0,25.12,3160.0,1853000.0,2022300.0,,,4504.0,0,0,0,0,0,0,0,0,0,0,0,0,0,0,0,0,0,0,0,0,0,0,0,0,0,0,0,0,0,0,14,2026-02-05 12:11:21.823025
WNTR,25.09,25.02,25.09,7835.0,1795200.0,2313500.0,,,4600.0,0,0,0,0,0,0,0,0,0,0,0,0,0,0,0,0,0,0,0,0,0,0,0,0,0,0,0,0,0,0,14,2026-02-05 12:11:21.823025
SPNG,24.71,25.07,25.13,3108.0,2186200.0,1729900.0,2163.0,4274.0,,0,0,0,0,0,0,0,0,0,0,0,0,0,0,0,0,0,0,0,0,0,0,0,0,0,0,0,0,0,0,15,2026-02-05 12:11:22.863760
SMMR,24.85,25.01,25.03,,2033200.0,1765400.0,3985.0,6574.0,5000.0,0,0,0,0,0,0,0,0,0,0,0,0,0,0,0,0,0,0,0,0,0,0,0,0,0,0,0,0,0,0,15,2026-02-05 12:11:22.863760
ATMN,24.96,24.96,25.25,,1973000.0,2032400.0,,,4504.0,0,0,0,0,0,0,0,0,0,0,0,0,0,0,0,0,0,0,0,0,0,0,0,0,0,0,0,0,0,0,15,2026-02-05 12:11:22.863760
WNTR,24.86,24.91,25.02,4743.0,2179900.0,2063500.0,7560.0,,,0,0,0,0,0,0,0,0,0,0,0,0,0,0,0,0,0,0,0,0,0,0,0,0,0,0,0,0,0,0,15,2026-02-05 12:11:22.863760
SPNG,24.6,24.6,25.13,2289100.0,1953500.0,4274.0,,,0,0,0,0,0,0,0,0,0,0,0,0,0,0,0,0,0,0,0,0,0,0,0,0,0,0,0,0,0,0,0,16,2026-02-05 12:11:23.902679
SMMR,25.01,25.01,25.03,2033200.0,1995900.0,6574.0,5000.0,,0,0,0,0,0,0,0,0,0,0,0,0,0,0,0,0,0,0,0,0,0,0,0,0,0,0,0,0,0,0,0,16,2026-02-05 12:11:23.902679
ATMN,25.25,25.14,25.25,1855500.0,2051300.0,,5624.0,,0,0,0,0,0,0,0,0,0,0,0,0,0,0,0,0,0,0,0,0,0,0,0,0,0,0,0,0,0,0,0,16,2026-02-05 12:11:23.902679
WNTR,24.86,25.02,25.07,1952400.0,2316200.0,,4274.0,6164.0,0,0,0,0,0,0,0,0,0,0,0,0,0,0,0,0,0,0,0,0,0,0,0,0,0,0,0,0,0,0,0,16,2026-02-05 12:11:23.902679
SPNG,24.6,25.1,25.11,1232.0,4600.0,1934300.0,4437.0,100.0,1846200.0,0,0,0,0,0,0,0,0,0,0,0,0,0,0,0,0,0,0,0,0,0,0,0,0,0,0,0,0,0,0,17,2026-02-05 12:11:24.948984
SMMR,24.93,24.84,24.93,,,2271200.0,6574.0,8013.0,1880400.0,0,0,0,0,0,0,0,0,0,0,0,0,0,0,0,0,0,0,0,0,0,0,0,0,0,0,0,0,0,0,17,2026-02-05 12:11:24.948984
ATMN,24.89,24.97,25.24,,,2181300.0,,100.0,1901400.0,0,0,0,0,0,0,0,0,0,0,0,0,0,0,0,0,0,0,0,0,0,0,0,0,0,0,0,0,0,0,17,2026-02-05 12:11:24.948984
WNTR,24.95,24.87,24.95,5453.0,,2194600.0,4274.0,6164.0,1933800.0,0,0,0,0,0,0,0,0,0,0,0,0,0,0,0,0,0,0,0,0,0,0,0,0,0,0,0,0,0,0,17,2026-02-05 12:11:24.948984
SPNG,24.65,24.84,25.11,2129100.0,1304.0,6737.0,5327.0,1632100.0,,0,0,0,0,0,0,0,0,0,0,0,0,0,0,0,0,0,0,0,0,0,0,0,0,0,0,0,0,0,0,18,2026-02-05 12:11:26.076933
SMMR,24.97,24.86,24.88,2008800.0,,4074.0,14373.0,1863100.0,5000.0,0,0,0,0,0,0,0,0,0,0,0,0,0,0,0,0,0,0,0,0,0,0,0,0,0,0,0,0,0,0,18,2026-02-05 12:11:26.076933
ATMN,24.97,25.19,25.21,1737400.0,5319.0,,100.0,1880600.0,2700.0,0,0,0,0,0,0,0,0,0,0,0,0,0,0,0,0,0,0,0,0,0,0,0,0,0,0,0,0,0,0,18,2026-02-05 12:11:26.076933
WNTR,24.95,24.92,24.94,2101100.0,11977.0,4274.0,12012.0,1810900.0,,0,0,0,0,0,0,0,0,0,0,0,0,0,0,0,0,0,0,0,0,0,0,0,0,0,0,0,0,0,0,18,2026-02-05 12:11:26.076933
SPNG,24.84,24.64,24.65,2139500.0,1304.0,1610000.0,6737.0,5327.0,,0,0,0,0,0,0,0,0,0,0,0,0,0,0,0,0,0,0,0,0,0,0,0,0,0,0,0,0,0,0,19,2026-02-05 12:11:26.648484
SMMR,25.02,24.86,25.02,2008800.0,,2022500.0,4074.0,8013.0,5000.0,0,0,0,0,0,0,0,0,0,0,0,0,0,0,0,0,0,0,0,0,0,0,0,0,0,0,0,0,0,0,19,2026-02-05 12:11:26.648484
ATMN,25.09,25.11,25.21,1954300.0,5319.0,1880600.0,,100.0,,0,0,0,0,0,0,0,0,0,0,0,0,0,0,0,0,0,0,0,0,0,0,0,0,0,0,0,0,0,0,19,2026-02-05 12:11:26.648484
WNTR,24.95,24.93,24.94,1808500.0,11977.0,1810900.0,4274.0,12012.0,4274.0,0,0,0,0,0,0,0,0,0,0,0,0,0,0,0,0,0,0,0,0,0,0,0,0,0,0,0,0,0,0,19,2026-02-05 12:11:26.648484
SPNG,25.18,24.64,25.18,1911000.0,2800.0,2700.0,2097200.0,2137.0,0,0,0,0,0,0,0,0,0,0,0,0,0,0,0,0,0,0,0,0,0,0,0,0,0,0,0,0,0,0,0,20,2026-02-05 12:11:27.695379
SMMR,25.02,24.94,25.03,1934600.0,10000.0,5000.0,2131200.0,4074.0,0,0,0,0,0,0,0,0,0,0,0,0,0,0,0,0,0,0,0,0,0,0,0,0,0,0,0,0,0,0,0,20,2026-02-05 12:11:27.695379
ATMN,25.21,25.21,25.26,2064300.0,6319.0,,1991900.0,,0,0,0,0,0,0,0,0,0,0,0,0,0,0,0,0,0,0,0,0,0,0,0,0,0,0,0,0,0,0,0,20,2026-02-05 12:11:27.695379
WNTR,24.92,24.92,24.94,2369700.0,,,1924500.0,6411.0,0,0,0,0,0,0,0,0,0,0,0,0,0,0,0,0,0,0,0,0,0,0,0,0,0,0,0,0,0,0,0,20,2026-02-05 12:11:27.695379
SPNG,25.03,25.29,25.36,1743800.0,2900.0,2700.0,2206100.0,,,0,0,0,0,0,0,0,0,0,0,0,0,0,0,0,0,0,0,0,0,0,0,0,0,0,0,0,0,0,0,21,2026-02-05 12:11:28.747010
SMMR,24.97,24.95,24.97,1825400.0,10000.0,7500.0,1843600.0,7500.0,5500.0,0,0,0,0,0,0,0,0,0,0,0,0,0,0,0,0,0,0,0,0,0,0,0,0,0,0,0,0,0,0,21,2026-02-05 12:11:28.747010
ATMN,25.11,24.97,25.03,2139600.0,,,1881600.0,,6312.0,0,0,0,0,0,0,0,0,0,0,0,0,0,0,0,0,0,0,0,0,0,0,0,0,0,0,0,0,0,0,21,2026-02-05 12:11:28.747010
WNTR,24.89,24.89,24.94,2365800.0,,,1810900.0,6411.0,7890.0,0,0,0,0,0,0,0,0,0,0,0,0,0,0,0,0,0,0,0,0,0,0,0,0,0,0,0,0,0,0,21,2026-02-05 12:11:28.747010
SPNG,25.03,25.29,25.34,1743800.0,2900.0,2700.0,1400.0,2139500.0,,0,0,0,0,0,0,0,0,0,0,0,0,0,0,0,0,0,0,0,0,0,0,0,0,0,0,0,0,0,0,22,2026-02-05 12:11:29.800068
SMMR,25.03,24.96,24.99,1708900.0,10100.0,7500.0,,2222100.0,1574.0,0,0,0,0,0,0,0,0,0,0,0,0,0,0,0,0,0,0,0,0,0,0,0,0,0,0,0,0,0,0,22,2026-02-05 12:11:29.800068
ATMN,25.11,24.97,25.02,2166800.0,,,11211.0,1578400.0,5000.0,0,0,0,0,0,0,0,0,0,0,0,0,0,0,0,0,0,0,0,0,0,0,0,0,0,0,0,0,0,0,22,2026-02-05 12:11:29.800068
WNTR,24.97,24.97,24.98,1976900.0,2043.0,4600.0,,2055500.0,4274.0,0,0,0,0,0,0,0,0,0,0,0,0,0,0,0,0,0,0,0,0,0,0,0,0,0,0,0,0,0,0,22,2026-02-05 12:11:29.800068
SPNG,25.2,25.35,25.36,2016900.0,3360.0,2012000.0,4020.0,,0,0,0,0,0,0,0,0,0,0,0,0,0,0,0,0,0,0,0,0,0,0,0,0,0,0,0,0,0,0,0,23,2026-02-05 12:11:30.849419
SMMR,25.03,25.02,25.03,1815400.0,6350.0,2248100.0,1574.0,8335.0,0,0,0,0,0,0,0,0,0,0,0,0,0,0,0,0,0,0,0,0,0,0,0,0,0,0,0,0,0,0,0,23,2026-02-05 12:11:30.849419
ATMN,25.28,24.89,25.28,2140600.0,,1983700.0,,,0,0,0,0,0,0,0,0,0,0,0,0,0,0,0,0,0,0,0,0,0,0,0,0,0,0,0,0,0,0,0,23,2026-02-05 12:11:30.849419
WNTR,25.02,24.97,24.98,1981400.0,4600.0,2154400.0,2137.0,8335.0,0,0,0,0,0,0,0,0,0,0,0,0,0,0,0,0,0,0,0,0,0,0,0,0,0,0,0,0,0,0,0,23,2026-02-05 12:11:30.849419
SPNG,24.64,24.64,25.37,2122900.0,1350.0,2009800.0,4020.0,,,0,0,0,0,0,0,0,0,0,0,0,0,0,0,0,0,0,0,0,0,0,0,0,0,0,0,0,0,0,0,24,2026-02-05 12:11:31.889869
SMMR,24.99,24.96,24.99,2084200.0,5000.0,2104400.0,1574.0,1262.0,,0,0,0,0,0,0,0,0,0,0,0,0,0,0,0,0,0,0,0,0,0,0,0,0,0,0,0,0,0,0,24,2026-02-05 12:11:31.889869
ATMN,25.2,25.2,25.35,1815400.0,2948.0,2034700.0,,,3078.0,0,0,0,0,0,0,0,0,0,0,0,0,0,0,0,0,0,0,0,0,0,0,0,0,0,0,0,0,0,0,24,2026-02-05 12:11:31.889869
WNTR,25.03,24.91,24.99,2123400.0,2300.0,1905200.0,2137.0,11378.0,8640.0,0,0,0,0,0,0,0,0,0,0,0,0,0,0,0,0,0,0,0,0,0,0,0,0,0,0,0,0,0,0,24,2026-02-05 12:11:31.889869
SPNG,24.64,24.91,25.12,6318.0,1890100.0,2034200.0,4020.0,,0,0,0,0,0,0,0,0,0,0,0,0,0,0,0,0,0,0,0,0,0,0,0,0,0,0,0,0,0,0,0,25,2026-02-05 12:11:32.928966
SMMR,24.94,24.94,24.99,2500.0,2165700.0,2237600.0,1574.0,,0,0,0,0,0,0,0,0,0,0,0,0,0,0,0,0,0,0,0,0,0,0,0,0,0,0,0,0,0,0,0,25,2026-02-05 12:11:32.928966
ATMN,25.2,25.01,25.07,2948.0,1937700.0,2030400.0,,,0,0,0,0,0,0,0,0,0,0,0,0,0,0,0,0,0,0,0,0,0,0,0,0,0,0,0,0,0,0,0,25,2026-02-05 12:11:32.928966
WNTR,24.91,24.89,24.9,2300.0,2226700.0,1808300.0,6885.0,7745.0,0,0,0,0,0,0,0,0,0,0,0,0,0,0,0,0,0,0,0,0,0,0,0,0,0,0,0,0,0,0,0,25,2026-02-05 12:11:32.928966
SPNG,25.12,24.59,25.12,2115500.0,1350.0,2152500.0,2010.0,,0,0,0,0,0,0,0,0,0,0,0,0,0,0,0,0,0,0,0,0,0,0,0,0,0,0,0,0,0,0,0,26,2026-02-05 12:11:33.984476
SMMR,25.03,24.93,24.94,2163200.0,2500.0,1981400.0,5104.0,,0,0,0,0,0,0,0,0,0,0,0,0,0,0,0,0,0,0,0,0,0,0,0,0,0,0,0,0,0,0,0,26,2026-02-05 12:11:33.984476
ATMN,25.05,25.19,25.21,1804200.0,2948.0,2024500.0,,100.0,0,0,0,0,0,0,0,0,0,0,0,0,0,0,0,0,0,0,0,0,0,0,0,0,0,0,0,0,0,0,0,26,2026-02-05 12:11:33.984476
WNTR,24.91,24.89,24.91,2226700.0,2300.0,2286000.0,,,0,0,0,0,0,0,0,0,0,0,0,0,0,0,0,0,0,0,0,0,0,0,0,0,0,0,0,0,0,0,0,26,2026-02-05 12:11:33.984476
SPNG,25.12,24.82,24.97,1980000.0,100.0,1350.0,5600.0,2034200.0,2010.0,0,0,0,0,0,0,0,0,0,0,0,0,0,0,0,0,0,0,0,0,0,0,0,0,0,0,0,0,0,0,27,2026-02-05 12:11:35.027253
SMMR,24.83,24.84,24.94,2180700.0,100.0,,8946.0,1993300.0,3530.0,0,0,0,0,0,0,0,0,0,0,0,0,0,0,0,0,0,0,0,0,0,0,0,0,0,0,0,0,0,0,27,2026-02-05 12:11:35.027253
ATMN,25.25,25.2,25.25,1697700.0,100.0,5748.0,,1793500.0,4274.0,0,0,0,0,0,0,0,0,0,0,0,0,0,0,0,0,0,0,0,0,0,0,0,0,0,0,0,0,0,0,27,2026-02-05 12:11:35.027253
WNTR,24.91,24.89,24.9,2081800.0,,4211.0,15585.0,2073500.0,,0,0,0,0,0,0,0,0,0,0,0,0,0,0,0,0,0,0,0,0,0,0,0,0,0,0,0,0,0,0,27,2026-02-05 12:11:35.027253
SPNG,25.0,25.0,25.12,1886600.0,6318.0,2152500.0,2010.0,,0,0,0,0,0,0,0,0,0,0,0,0,0,0,0,0,0,0,0,0,0,0,0,0,0,0,0,0,0,0,0,28,2026-02-05 12:11:36.066284
SMMR,24.96,24.97,25.05,2296000.0,,2001100.0,5104.0,,0,0,0,0,0,0,0,0,0,0,0,0,0,0,0,0,0,0,0,0,0,0,0,0,0,0,0,0,0,0,0,28,2026-02-05 12:11:36.066284
ATMN,25.01,24.89,24.95,2140600.0,,2011700.0,,,0,0,0,0,0,0,0,0,0,0,0,0,0,0,0,0,0,0,0,0,0,0,0,0,0,0,0,0,0,0,0,28,2026-02-05 12:11:36.066284
WNTR,24.91,24.89,24.9,1875000.0,6122.0,2073500.0,3822.0,6639.0,0,0,0,0,0,0,0,0,0,0,0,0,0,0,0,0,0,0,0,0,0,0,0,0,0,0,0,0,0,0,0,28,2026-02-05 12:11:36.066284
SPNG,25.03,24.85,24.96,6318.0,1903400.0,5700.0,1972600.0,2010.0,,0,0,0,0,0,0,0,0,0,0,0,0,0,0,0,0,0,0,0,0,0,0,0,0,0,0,0,0,0,0,29,2026-02-05 12:11:37.134202
SMMR,24.97,24.95,24.96,3428.0,2056700.0,10043.0,1987200.0,1765.0,,0,0,0,0,0,0,0,0,0,0,0,0,0,0,0,0,0,0,0,0,0,0,0,0,0,0,0,0,0,0,29,2026-02-05 12:11:37.134202
ATMN,24.9,24.89,24.9,,2160200.0,8166.0,1904700.0,,,0,0,0,0,0,0,0,0,0,0,0,0,0,0,0,0,0,0,0,0,0,0,0,0,0,0,0,0,0,0,29,2026-02-05 12:11:37.134202
WNTR,24.94,24.89,24.94,4211.0,1975500.0,,2295400.0,,6639.0,0,0,0,0,0,0,0,0,0,0,0,0,0,0,0,0,0,0,0,0,0,0,0,0,0,0,0,0,0,0,29,2026-02-05 12:11:37.134202
SPNG,25.32,25.32,25.37,1800300.0,4030.0,6318.0,2152600.0,2010.0,,0,0,0,0,0,0,0,0,0,0,0,0,0,0,0,0,0,0,0,0,0,0,0,0,0,0,0,0,0,0,30,2026-02-05 12:11:38.175394
SMMR,25.0,25.0,25.02,2109900.0,,3428.0,1995500.0,1765.0,10043.0,0,0,0,0,0,0,0,0,0,0,0,0,0,0,0,0,0,0,0,0,0,0,0,0,0,0,0,0,0,0,30,2026-02-05 12:11:38.175394
ATMN,24.9,25.06,25.18,2027700.0,4030.0,,1783400.0,,11188.0,0,0,0,0,0,0,0,0,0,0,0,0,0,0,0,0,0,0,0,0,0,0,0,0,0,0,0,0,0,0,30,2026-02-05 12:11:38.175394
WNTR,25.01,24.91,24.96,1641200.0,13188.0,8339.0,1900200.0,4128.0,3670.0,0,0,0,0,0,0,0,0,0,0,0,0,0,0,0,0,0,0,0,0,0,0,0,0,0,0,0,0,0,0,30,2026-02-05 12:11:38.175394
SPNG,24.71,25.36,25.37,3147.0,2002300.0,2034300.0,3807.0,,,0,0,0,0,0,0,0,0,0,0,0,0,0,0,0,0,0,0,0,0,0,0,0,0,0,0,0,0,0,0,31,2026-02-05 12:11:38.713390
SMMR,25.0,25.0,25.02,3428.0,2111300.0,1995500.0,1765.0,10043.0,,0,0,0,0,0,0,0,0,0,0,0,0,0,0,0,0,0,0,0,0,0,0,0,0,0,0,0,0,0,0,31,2026-02-05 12:11:38.713390
ATMN,24.9,25.06,25.18,,2027700.0,1775500.0,,11188.0,4030.0,0,0,0,0,0,0,0,0,0,0,0,0,0,0,0,0,0,0,0,0,0,0,0,0,0,0,0,0,0,0,31,2026-02-05 12:11:38.713390
WNTR,25.07,24.91,24.96,8339.0,1641200.0,2267800.0,,,13188.0,0,0,0,0,0,0,0,0,0,0,0,0,0,0,0,0,0,0,0,0,0,0,0,0,0,0,0,0,0,0,31,2026-02-05 12:11:38.713390
SPNG,25.12,25.12,25.19,2133000.0,1350.0,1778000.0,5604.0,100.0,,0,0,0,0,0,0,0,0,0,0,0,0,0,0,0,0,0,0,0,0,0,0,0,0,0,0,0,0,0,0,32,2026-02-05 12:11:39.745309
SMMR,25.05,24.98,25.05,2080500.0,4972.0,2124900.0,3339.0,,,0,0,0,0,0,0,0,0,0,0,0,0,0,0,0,0,0,0,0,0,0,0,0,0,0,0,0,0,0,0,32,2026-02-05 12:11:39.745309
ATMN,24.9,25.08,25.15,1904500.0,2323.0,1825600.0,,1240.0,100.0,0,0,0,0,0,0,0,0,0,0,0,0,0,0,0,0,0,0,0,0,0,0,0,0,0,0,0,0,0,0,32,2026-02-05 12:11:39.745309
WNTR,25.07,24.92,25.07,1767200.0,8339.0,2264700.0,,,8729.0,0,0,0,0,0,0,0,0,0,0,0,0,0,0,0,0,0,0,0,0,0,0,0,0,0,0,0,0,0,0,32,2026-02-05 12:11:39.745309
SPNG,25.04,24.71,25.04,2107100.0,1350.0,1647400.0,4518.0,5604.0,0,0,0,0,0,0,0,0,0,0,0,0,0,0,0,0,0,0,0,0,0,0,0,0,0,0,0,0,0,0,0,33,2026-02-05 12:11:40.783818
SMMR,24.92,24.92,25.05,2306400.0,,2124900.0,,3339.0,0,0,0,0,0,0,0,0,0,0,0,0,0,0,0,0,0,0,0,0,0,0,0,0,0,0,0,0,0,0,0,33,2026-02-05 12:11:40.783818
ATMN,25.06,24.86,25.06,2133200.0,,1523200.0,5658.0,4646.0,0,0,0,0,0,0,0,0,0,0,0,0,0,0,0,0,0,0,0,0,0,0,0,0,0,0,0,0,0,0,0,33,2026-02-05 12:11:40.783818
WNTR,25.09,25.06,25.09,1983400.0,4611.0,2142400.0,,1350.0,0,0,0,0,0,0,0,0,0,0,0,0,0,0,0,0,0,0,0,0,0,0,0,0,0,0,0,0,0,0,0,33,2026-02-05 12:11:40.783818
SPNG,24.7,24.7,24.86,2080800.0,1350.0,7159.0,10118.0,1456500.0,,0,0,0,0,0,0,0,0,0,0,0,0,0,0,0,0,0,0,0,0,0,0,0,0,0,0,0,0,0,0,34,2026-02-05 12:11:41.816158
SMMR,25.08,24.94,25.08,2167100.0,,1574.0,,2222300.0,1794.0,0,0,0,0,0,0,0,0,0,0,0,0,0,0,0,0,0,0,0,0,0,0,0,0,0,0,0,0,0,0,34,2026-02-05 12:11:41.816158
ATMN,25.25,24.89,25.0,2040700.0,,,7777.0,1829300.0,100.0,0,0,0,0,0,0,0,0,0,0,0,0,0,0,0,0,0,0,0,0,0,0,0,0,0,0,0,0,0,0,34,2026-02-05 12:11:41.816158
WNTR,24.84,24.84,25.08,2161200.0,1911.0,2700.0,7479.0,1912000.0,,0,0,0,0,0,0,0,0,0,0,0,0,0,0,0,0,0,0,0,0,0,0,0,0,0,0,0,0,0,0,34,2026-02-05 12:11:41.816158
SPNG,24.88,24.88,25.04,2016800.0,1400.0,1350.0,2009500.0,3807.0,,0,0,0,0,0,0,0,0,0,0,0,0,0,0,0,0,0,0,0,0,0,0,0,0,0,0,0,0,0,0,35,2026-02-05 12:11:42.849908
SMMR,24.97,24.97,24.98,1953600.0,8039.0,4200.0,2113400.0,1574.0,8039.0,0,0,0,0,0,0,0,0,0,0,0,0,0,0,0,0,0,0,0,0,0,0,0,0,0,0,0,0,0,0,35,2026-02-05 12:11:42.849908
ATMN,24.91,24.86,24.87,2160700.0,,,1847600.0,1350.0,,0,0,0,0,0,0,0,0,0,0,0,0,0,0,0,0,0,0,0,0,0,0,0,0,0,0,0,0,0,0,35,2026-02-05 12:11:42.849908
WNTR,24.84,24.84,24.92,2150900.0,,1911.0,1905900.0,2700.0,10000.0,0,0,0,0,0,0,0,0,0,0,0,0,0,0,0,0,0,0,0,0,0,0,0,0,0,0,0,0,0,0,35,2026-02-05 12:11:42.849908
SPNG,24.6,24.6,25.0,2090500.0,1350.0,5300.0,1887200.0,3807.0,,0,0,0,0,0,0,0,0,0,0,0,0,0,0,0,0,0,0,0,0,0,0,0,0,0,0,0,0,0,0,36,2026-02-05 12:11:43.885732
SMMR,24.94,24.89,24.9,2312600.0,,14665.0,2068600.0,,,0,0,0,0,0,0,0,0,0,0,0,0,0,0,0,0,0,0,0,0,0,0,0,0,0,0,0,0,0,0,36,2026-02-05 12:11:43.885732
ATMN,25.35,24.86,25.35,2016700.0,,,1944200.0,,2650.0,0,0,0,0,0,0,0,0,0,0,0,0,0,0,0,0,0,0,0,0,0,0,0,0,0,0,0,0,0,0,36,2026-02-05 12:11:43.885732
WNTR,24.92,24.82,24.92,2286600.0,,10000.0,1792300.0,4792.0,,0,0,0,0,0,0,0,0,0,0,0,0,0,0,0,0,0,0,0,0,0,0,0,0,0,0,0,0,0,0,36,2026-02-05 12:11:43.885732
SPNG,24.82,24.82,25.19,1908600.0,4702.0,1999300.0,3807.0,0,0,0,0,0,0,0,0,0,0,0,0,0,0,0,0,0,0,0,0,0,0,0,0,0,0,0,0,0,0,0,0,37,2026-02-05 12:11:44.922109
SMMR,24.94,24.89,24.9,2093400.0,4994.0,2180700.0,2497.0,0,0,0,0,0,0,0,0,0,0,0,0,0,0,0,0,0,0,0,0,0,0,0,0,0,0,0,0,0,0,0,0,37,2026-02-05 12:11:44.922109
ATMN,25.38,24.86,25.38,2139900.0,,1945900.0,,0,0,0,0,0,0,0,0,0,0,0,0,0,0,0,0,0,0,0,0,0,0,0,0,0,0,0,0,0,0,0,0,37,2026-02-05 12:11:44.922109
WNTR,24.92,24.82,24.92,2235600.0,,1910300.0,4792.0,0,0,0,0,0,0,0,0,0,0,0,0,0,0,0,0,0,0,0,0,0,0,0,0,0,0,0,0,0,0,0,0,37,2026-02-05 12:11:44.922109
SPNG,24.74,24.6,24.68,2090500.0,1350.0,1884900.0,4041.0,3807.0,,0,0,0,0,0,0,0,0,0,0,0,0,0,0,0,0,0,0,0,0,0,0,0,0,0,0,0,0,0,0,38,2026-02-05 12:11:45.970705
SMMR,24.98,24.89,24.98,2093400.0,4994.0,2225500.0,,1574.0,,0,0,0,0,0,0,0,0,0,0,0,0,0,0,0,0,0,0,0,0,0,0,0,0,0,0,0,0,0,0,38,2026-02-05 12:11:45.970705
ATMN,25.38,25.06,25.1,1751300.0,3430.0,1668200.0,1109.0,3430.0,5253.0,0,0,0,0,0,0,0,0,0,0,0,0,0,0,0,0,0,0,0,0,0,0,0,0,0,0,0,0,0,0,38,2026-02-05 12:11:45.970705
WNTR,24.81,24.82,24.97,1992900.0,3732.0,2127300.0,,1350.0,,0,0,0,0,0,0,0,0,0,0,0,0,0,0,0,0,0,0,0,0,0,0,0,0,0,0,0,0,0,0,38,2026-02-05 12:11:45.970705
SPNG,24.74,24.74,25.03,1931400.0,4702.0,2028700.0,3807.0,0,0,0,0,0,0,0,0,0,0,0,0,0,0,0,0,0,0,0,0,0,0,0,0,0,0,0,0,0,0,0,0,39,2026-02-05 12:11:47.011899
SMMR,25.0,24.89,25.0,2085800.0,4994.0,2236900.0,1574.0,0,0,0,0,0,0,0,0,0,0,0,0,0,0,0,0,0,0,0,0,0,0,0,0,0,0,0,0,0,0,0,0,39,2026-02-05 12:11:47.011899
ATMN,25.01,24.86,25.29,2104700.0,,1966200.0,,0,0,0,0,0,0,0,0,0,0,0,0,0,0,0,0,0,0,0,0,0,0,0,0,0,0,0,0,0,0,0,0,39,2026-02-05 12:11:47.011899
WNTR,24.81,24.83,25.09,2237700.0,,2133600.0,1350.0,0,0,0,0,0,0,0,0,0,0,0,0,0,0,0,0,0,0,0,0,0,0,0,0,0,0,0,0,0,0,0,0,39,2026-02-05 12:11:47.011899
SPNG,24.78,24.78,25.03,1905200.0,4702.0,2028700.0,3807.0,0,0,0,0,0,0,0,0,0,0,0,0,0,0,0,0,0,0,0,0,0,0,0,0,0,0,0,0,0,0,0,0,40,2026-02-05 12:11:48.056094
SMMR,24.89,24.98,25.0,2085800.0,4275.0,2103100.0,3556.0,0,0,0,0,0,0,0,0,0,0,0,0,0,0,0,0,0,0,0,0,0,0,0,0,0,0,0,0,0,0,0,0,40,2026-02-05 12:11:48.056094
ATMN,24.86,25.12,25.15,1988800.0,2323.0,1975900.0,,0,0,0,0,0,0,0,0,0,0,0,0,0,0,0,0,0,0,0,0,0,0,0,0,0,0,0,0,0,0,0,0,40,2026-02-05 12:11:48.056094
WNTR,24.95,24.95,25.09,2231100.0,,2142300.0,1350.0,0,0,0,0,0,0,0,0,0,0,0,0,0,0,0,0,0,0,0,0,0,0,0,0,0,0,0,0,0,0,0,0,40,2026-02-05 12:11:48.056094
SPNG,25.19,24.78,25.19,1910200.0,4702.0,1974700.0,3807.0,0,0,0,0,0,0,0,0,0,0,0,0,0,0,0,0,0,0,0,0,0,0,0,0,0,0,0,0,0,0,0,0,41,2026-02-05 12:11:49.109941
SMMR,25.08,25.03,25.06,2107700.0,4275.0,2332500.0,,0,0,0,0,0,0,0,0,0,0,0,0,0,0,0,0,0,0,0,0,0,0,0,0,0,0,0,0,0,0,0,0,41,2026-02-05 12:11:49.109941
ATMN,24.86,25.12,25.15,1853200.0,4646.0,1762400.0,4646.0,0,0,0,0,0,0,0,0,0,0,0,0,0,0,0,0,0,0,0,0,0,0,0,0,0,0,0,0,0,0,0,0,41,2026-02-05 12:11:49.109941
WNTR,25.04,25.04,25.09,2007100.0,4678.0,2142300.0,1350.0,0,0,0,0,0,0,0,0,0,0,0,0,0,0,0,0,0,0,0,0,0,0,0,0,0,0,0,0,0,0,0,0,41,2026-02-05 12:11:49.109941
SPNG,24.96,24.78,24.87,2018700.0,3026.0,1804400.0,8667.0,0,0,0,0,0,0,0,0,0,0,0,0,0,0,0,0,0,0,0,0,0,0,0,0,0,0,0,0,0,0,0,0,42,2026-02-05 12:11:50.246088
SMMR,25.0,24.89,25.0,2220700.0,2497.0,2341700.0,,0,0,0,0,0,0,0,0,0,0,0,0,0,0,0,0,0,0,0,0,0,0,0,0,0,0,0,0,0,0,0,0,42,2026-02-05 12:11:50.246088
ATMN,24.86,25.12,25.15,1864700.0,4646.0,1773700.0,4646.0,0,0,0,0,0,0,0,0,0,0,0,0,0,0,0,0,0,0,0,0,0,0,0,0,0,0,0,0,0,0,0,0,42,2026-02-05 12:11:50.246088
WNTR,24.86,24.83,24.85,2253000.0,,2132000.0,1350.0,0,0,0,0,0,0,0,0,0,0,0,0,0,0,0,0,0,0,0,0,0,0,0,0,0,0,0,0,0,0,0,0,42,2026-02-05 12:11:50.246088
SPNG,24.74,24.62,24.71,2037800.0,3026.0,1815400.0,8667.0,0,0,0,0,0,0,0,0,0,0,0,0,0,0,0,0,0,0,0,0,0,0,0,0,0,0,0,0,0,0,0,0,43,2026-02-05 12:11:50.847943
SMMR,25.0,24.89,24.95,2220700.0,2497.0,2073000.0,2756.0,0,0,0,0,0,0,0,0,0,0,0,0,0,0,0,0,0,0,0,0,0,0,0,0,0,0,0,0,0,0,0,0,43,2026-02-05 12:11:50.847943
ATMN,25.08,25.09,25.15,1883500.0,4646.0,1785800.0,4646.0,0,0,0,0,0,0,0,0,0,0,0,0,0,0,0,0,0,0,0,0,0,0,0,0,0,0,0,0,0,0,0,0,43,2026-02-05 12:11:50.847943
WNTR,24.86,24.83,24.85,2235100.0,,2132000.0,1350.0,0,0,0,0,0,0,0,0,0,0,0,0,0,0,0,0,0,0,0,0,0,0,0,0,0,0,0,0,0,0,0,0,43,2026-02-05 12:11:50.847943
SPNG,25.27,24.62,25.27,2037800.0,3026.0,1997900.0,3807.0,0,0,0,0,0,0,0,0,0,0,0,0,0,0,0,0,0,0,0,0,0,0,0,0,0,0,0,0,0,0,0,0,44,2026-02-05 12:11:51.901885
SMMR,24.95,24.96,25.0,2222200.0,2497.0,2081500.0,2756.0,0,0,0,0,0,0,0,0,0,0,0,0,0,0,0,0,0,0,0,0,0,0,0,0,0,0,0,0,0,0,0,0,44,2026-02-05 12:11:51.901885
ATMN,25.42,25.09,25.42,1876400.0,4646.0,1972000.0,,0,0,0,0,0,0,0,0,0,0,0,0,0,0,0,0,0,0,0,0,0,0,0,0,0,0,0,0,0,0,0,0,44,2026-02-05 12:11:51.901885
WNTR,24.87,24.9,24.92,2018100.0,3412.0,2045000.0,3056.0,0,0,0,0,0,0,0,0,0,0,0,0,0,0,0,0,0,0,0,0,0,0,0,0,0,0,0,0,0,0,0,0,44,2026-02-05 12:11:51.901885
SPNG,24.6,24.6,24.92,2046100.0,3026.0,1819300.0,8667.0,0,0,0,0,0,0,0,0,0,0,0,0,0,0,0,0,0,0,0,0,0,0,0,0,0,0,0,0,0,0,0,0,45,2026-02-05 12:11:52.957328
SMMR,24.85,24.93,24.94,2100500.0,3996.0,2046700.0,2756.0,0,0,0,0,0,0,0,0,0,0,0,0,0,0,0,0,0,0,0,0,0,0,0,0,0,0,0,0,0,0,0,0,45,2026-02-05 12:11:52.957328
ATMN,25.42,25.2,25.42,1884500.0,4646.0,1982500.0,,0,0,0,0,0,0,0,0,0,0,0,0,0,0,0,0,0,0,0,0,0,0,0,0,0,0,0,0,0,0,0,0,45,2026-02-05 12:11:52.957328
WNTR,24.92,25.02,25.09,2027000.0,3412.0,2142300.0,1350.0,0,0,0,0,0,0,0,0,0,0,0,0,0,0,0,0,0,0,0,0,0,0,0,0,0,0,0,0,0,0,0,0,45,2026-02-05 12:11:52.957328
SPNG,24.59,24.59,24.92,2043300.0,3026.0,1819300.0,8667.0,0,0,0,0,0,0,0,0,0,0,0,0,0,0,0,0,0,0,0,0,0,0,0,0,0,0,0,0,0,0,0,0,46,2026-02-05 12:11:53.996307
SMMR,24.93,24.85,24.87,2326100.0,,2117000.0,2952.0,0,0,0,0,0,0,0,0,0,0,0,0,0,0,0,0,0,0,0,0,0,0,0,0,0,0,0,0,0,0,0,0,46,2026-02-05 12:11:53.996307
ATMN,25.47,25.2,25.47,1995600.0,2323.0,1973100.0,,0,0,0,0,0,0,0,0,0,0,0,0,0,0,0,0,0,0,0,0,0,0,0,0,0,0,0,0,0,0,0,0,46,2026-02-05 12:11:53.996307
WNTR,25.03,25.03,25.09,2245900.0,,2142300.0,1350.0,0,0,0,0,0,0,0,0,0,0,0,0,0,0,0,0,0,0,0,0,0,0,0,0,0,0,0,0,0,0,0,0,46,2026-02-05 12:11:53.996307
SPNG,24.59,24.73,24.92,4376.0,1916600.0,1819300.0,8667.0,0,0,0,0,0,0,0,0,0,0,0,0,0,0,0,0,0,0,0,0,0,0,0,0,0,0,0,0,0,0,0,0,47,2026-02-05 12:11:55.031854
SMMR,24.87,25.04,25.09,,2361800.0,2114800.0,2952.0,0,0,0,0,0,0,0,0,0,0,0,0,0,0,0,0,0,0,0,0,0,0,0,0,0,0,0,0,0,0,0,0,47,2026-02-05 12:11:55.031854
ATMN,25.09,25.08,25.09,,2094800.0,1982200.0,,0,0,0,0,0,0,0,0,0,0,0,0,0,0,0,0,0,0,0,0,0,0,0,0,0,0,0,0,0,0,0,0,47,2026-02-05 12:11:55.031854
WNTR,25.03,24.8,24.92,,2234600.0,1922100.0,6350.0,0,0,0,0,0,0,0,0,0,0,0,0,0,0,0,0,0,0,0,0,0,0,0,0,0,0,0,0,0,0,0,0,47,2026-02-05 12:11:55.031854
SPNG,24.91,24.73,24.8,4376.0,1916600.0,1946400.0,6237.0,0,0,0,0,0,0,0,0,0,0,0,0,0,0,0,0,0,0,0,0,0,0,0,0,0,0,0,0,0,0,0,0,48,2026-02-05 12:11:56.075073
SMMR,25.07,25.07,25.09,5000.0,2097900.0,1981600.0,6378.0,0,0,0,0,0,0,0,0,0,0,0,0,0,0,0,0,0,0,0,0,0,0,0,0,0,0,0,0,0,0,0,0,48,2026-02-05 12:11:56.075073
ATMN,25.08,25.08,25.47,,2094800.0,2004200.0,,0,0,0,0,0,0,0,0,0,0,0,0,0,0,0,0,0,0,0,0,0,0,0,0,0,0,0,0,0,0,0,0,48,2026-02-05 12:11:56.075073
WNTR,24.79,24.79,25.05,,2242500.0,1908600.0,6350.0,0,0,0,0,0,0,0,0,0,0,0,0,0,0,0,0,0,0,0,0,0,0,0,0,0,0,0,0,0,0,0,0,48,2026-02-05 12:11:56.075073
SPNG,24.73,24.59,24.67,2010200.0,3026.0,2009500.0,3807.0,0,0,0,0,0,0,0,0,0,0,0,0,0,0,0,0,0,0,0,0,0,0,0,0,0,0,0,0,0,0,0,0,49,2026-02-05 12:11:57.118093
SMMR,25.03,25.03,25.09,2353600.0,,1981600.0,6378.0,0,0,0,0,0,0,0,0,0,0,0,0,0,0,0,0,0,0,0,0,0,0,0,0,0,0,0,0,0,0,0,0,49,2026-02-05 12:11:57.118093
ATMN,25.07,25.07,25.39,2084900.0,,1790700.0,4062.0,0,0,0,0,0,0,0,0,0,0,0,0,0,0,0,0,0,0,0,0,0,0,0,0,0,0,0,0,0,0,0,0,49,2026-02-05 12:11:57.118093
WNTR,24.95,24.95,25.05,2239700.0,,2036400.0,3850.0,0,0,0,0,0,0,0,0,0,0,0,0,0,0,0,0,0,0,0,0,0,0,0,0,0,0,0,0,0,0,0,0,49,2026-02-05 12:11:57.118093
SPNG,24.59,24.59,25.27,2020200.0,3026.0,1997900.0,3807.0,0,0,0,0,0,0,0,0,0,0,0,0,0,0,0,0,0,0,0,0,0,0,0,0,0,0,0,0,0,0,0,0,50,2026-02-05 12:11:58.161582
SMMR,25.09,24.85,24.88,2342600.0,,2103200.0,3878.0,0,0,0,0,0,0,0,0,0,0,0,0,0,0,0,0,0,0,0,0,0,0,0,0,0,0,0,0,0,0,0,0,50,2026-02-05 12:11:58.161582
ATMN,24.94,25.17,25.39,2062200.0,,1890500.0,2031.0,0,0,0,0,0,0,0,0,0,0,0,0,0,0,0,0,0,0,0,0,0,0,0,0,0,0,0,0,0,0,0,0,50,2026-02-05 12:11:58.161582
WNTR,25.09,24.95,25.09,2239700.0,,2127800.0,1350.0,0,0,0,0,0,0,0,0,0,0,0,0,0,0,0,0,0,0,0,0,0,0,0,0,0,0,0,0,0,0,0,0,50,2026-02-05 12:11:58.161582
SPNG,24.55,24.68,25.27,2100400.0,1350.0,1997900.0,3807.0,0,0,0,0,0,0,0,0,0,0,0,0,0,0,0,0,0,0,0,0,0,0,0,0,0,0,0,0,0,0,0,0,51,2026-02-05 12:11:59.204281
SMMR,24.88,24.85,24.88,2308000.0,,2103200.0,3878.0,0,0,0,0,0,0,0,0,0,0,0,0,0,0,0,0,0,0,0,0,0,0,0,0,0,0,0,0,0,0,0,0,51,2026-02-05 12:11:59.204281
ATMN,24.94,25.17,25.37,2044100.0,,1871700.0,2031.0,0,0,0,0,0,0,0,0,0,0,0,0,0,0,0,0,0,0,0,0,0,0,0,0,0,0,0,0,0,0,0,0,51,2026-02-05 12:11:59.204281
WNTR,24.95,24.79,24.92,2236400.0,,2161900.0,1350.0,0,0,0,0,0,0,0,0,0,0,0,0,0,0,0,0,0,0,0,0,0,0,0,0,0,0,0,0,0,0,0,0,51,2026-02-05 12:11:59.204281
SPNG,24.55,24.83,25.03,2216800.0,2246600.0,0,0,0,0,0,0,0,0,0,0,0,0,0,0,0,0,0,0,0,0,0,0,0,0,0,0,0,0,0,0,0,0,0,0,52,2026-02-05 12:12:00.259371
SMMR,24.88,24.93,25.09,2313700.0,2323800.0,0,0,0,0,0,0,0,0,0,0,0,0,0,0,0,0,0,0,0,0,0,0,0,0,0,0,0,0,0,0,0,0,0,0,52,2026-02-05 12:12:00.259371
ATMN,25.48,25.02,25.48,2069700.0,1980700.0,0,0,0,0,0,0,0,0,0,0,0,0,0,0,0,0,0,0,0,0,0,0,0,0,0,0,0,0,0,0,0,0,0,0,52,2026-02-05 12:12:00.259371
WNTR,24.92,24.79,24.92,2202700.0,2289100.0,0,0,0,0,0,0,0,0,0,0,0,0,0,0,0,0,0,0,0,0,0,0,0,0,0,0,0,0,0,0,0,0,0,0,52,2026-02-05 12:12:00.259371
SPNG,24.83,24.55,24.63,2214100.0,2241100.0,,0,0,0,0,0,0,0,0,0,0,0,0,0,0,0,0,0,0,0,0,0,0,0,0,0,0,0,0,0,0,0,0,0,53,2026-02-05 12:12:01.310987
SMMR,24.93,24.93,25.09,2316700.0,2326300.0,,0,0,0,0,0,0,0,0,0,0,0,0,0,0,0,0,0,0,0,0,0,0,0,0,0,0,0,0,0,0,0,0,0,53,2026-02-05 12:12:01.310987
ATMN,24.94,25.15,25.18,2099300.0,1768800.0,6000.0,0,0,0,0,0,0,0,0,0,0,0,0,0,0,0,0,0,0,0,0,0,0,0,0,0,0,0,0,0,0,0,0,0,53,2026-02-05 12:12:01.310987
WNTR,24.89,24.89,24.92,2197300.0,2274700.0,,0,0,0,0,0,0,0,0,0,0,0,0,0,0,0,0,0,0,0,0,0,0,0,0,0,0,0,0,0,0,0,0,0,53,2026-02-05 12:12:01.310987
SPNG,25.27,25.02,25.27,695.0,2118200.0,2248600.0,,0,0,0,0,0,0,0,0,0,0,0,0,0,0,0,0,0,0,0,0,0,0,0,0,0,0,0,0,0,0,0,0,54,2026-02-05 12:12:02.352149
SMMR,25.11,24.93,25.11,3240.0,2079600.0,2354200.0,,0,0,0,0,0,0,0,0,0,0,0,0,0,0,0,0,0,0,0,0,0,0,0,0,0,0,0,0,0,0,0,0,54,2026-02-05 12:12:02.352149
ATMN,24.94,25.15,25.18,,2088000.0,1767000.0,2764.0,0,0,0,0,0,0,0,0,0,0,0,0,0,0,0,0,0,0,0,0,0,0,0,0,0,0,0,0,0,0,0,0,54,2026-02-05 12:12:02.352149
WNTR,24.9,24.9,24.92,,2225400.0,2254000.0,,0,0,0,0,0,0,0,0,0,0,0,0,0,0,0,0,0,0,0,0,0,0,0,0,0,0,0,0,0,0,0,0,54,2026-02-05 12:12:02.352149
SPNG,24.55,24.55,25.12,2216100.0,2252700.0,,0,0,0,0,0,0,0,0,0,0,0,0,0,0,0,0,0,0,0,0,0,0,0,0,0,0,0,0,0,0,0,0,0,55,2026-02-05 12:12:02.891443
SMMR,24.91,24.91,25.11,2333000.0,2365200.0,,0,0,0,0,0,0,0,0,0,0,0,0,0,0,0,0,0,0,0,0,0,0,0,0,0,0,0,0,0,0,0,0,0,55,2026-02-05 12:12:02.891443
ATMN,25.15,25.15,25.36,2104900.0,1998100.0,,0,0,0,0,0,0,0,0,0,0,0,0,0,0,0,0,0,0,0,0,0,0,0,0,0,0,0,0,0,0,0,0,0,55,2026-02-05 12:12:02.891443
WNTR,24.9,24.91,24.92,2110600.0,2257000.0,2763.0,0,0,0,0,0,0,0,0,0,0,0,0,0,0,0,0,0,0,0,0,0,0,0,0,0,0,0,0,0,0,0,0,0,55,2026-02-05 12:12:02.891443
SPNG,25.12,25.02,25.12,695.0,2139500.0,2252700.0,,0,0,0,0,0,0,0,0,0,0,0,0,0,0,0,0,0,0,0,0,0,0,0,0,0,0,0,0,0,0,0,0,56,2026-02-05 12:12:03.937853
SMMR,24.9,25.02,25.11,3240.0,2057800.0,2365200.0,,0,0,0,0,0,0,0,0,0,0,0,0,0,0,0,0,0,0,0,0,0,0,0,0,0,0,0,0,0,0,0,0,56,2026-02-05 12:12:03.937853
ATMN,25.14,25.14,25.18,,2095800.0,1767600.0,2764.0,0,0,0,0,0,0,0,0,0,0,0,0,0,0,0,0,0,0,0,0,0,0,0,0,0,0,0,0,0,0,0,0,56,2026-02-05 12:12:03.937853
WNTR,24.81,24.81,24.92,,2208500.0,2263900.0,,0,0,0,0,0,0,0,0,0,0,0,0,0,0,0,0,0,0,0,0,0,0,0,0,0,0,0,0,0,0,0,0,56,2026-02-05 12:12:03.937853
SPNG,24.61,24.61,25.12,2235400.0,2252700.0,,0,0,0,0,0,0,0,0,0,0,0,0,0,0,0,0,0,0,0,0,0,0,0,0,0,0,0,0,0,0,0,0,0,57,2026-02-05 12:12:04.984115
SMMR,25.01,25.01,25.08,2063500.0,2349900.0,3240.0,0,0,0,0,0,0,0,0,0,0,0,0,0,0,0,0,0,0,0,0,0,0,0,0,0,0,0,0,0,0,0,0,0,57,2026-02-05 12:12:04.984115
ATMN,25.14,25.14,25.24,2095800.0,1956100.0,,0,0,0,0,0,0,0,0,0,0,0,0,0,0,0,0,0,0,0,0,0,0,0,0,0,0,0,0,0,0,0,0,0,57,2026-02-05 12:12:04.984115
WNTR,24.74,24.74,24.92,2224000.0,2229100.0,,0,0,0,0,0,0,0,0,0,0,0,0,0,0,0,0,0,0,0,0,0,0,0,0,0,0,0,0,0,0,0,0,0,57,2026-02-05 12:12:04.984115
SPNG,24.61,24.61,25.06,2253000.0,2253600.0,0,0,0,0,0,0,0,0,0,0,0,0,0,0,0,0,0,0,0,0,0,0,0,0,0,0,0,0,0,0,0,0,0,0,58,2026-02-05 12:12:06.024387
SMMR,25.12,25.04,25.12,2330500.0,2378000.0,0,0,0,0,0,0,0,0,0,0,0,0,0,0,0,0,0,0,0,0,0,0,0,0,0,0,0,0,0,0,0,0,0,0,58,2026-02-05 12:12:06.024387
ATMN,24.93,24.96,25.24,2075200.0,1956100.0,0,0,0,0,0,0,0,0,0,0,0,0,0,0,0,0,0,0,0,0,0,0,0,0,0,0,0,0,0,0,0,0,0,0,58,2026-02-05 12:12:06.024387
WNTR,24.92,24.74,24.92,2224000.0,2229100.0,0,0,0,0,0,0,0,0,0,0,0,0,0,0,0,0,0,0,0,0,0,0,0,0,0,0,0,0,0,0,0,0,0,0,58,2026-02-05 12:12:06.024387
SPNG,24.8,24.61,24.8,2222700.0,2276000.0,0,0,0,0,0,0,0,0,0,0,0,0,0,0,0,0,0,0,0,0,0,0,0,0,0,0,0,0,0,0,0,0,0,0,59,2026-02-05 12:12:07.062474
SMMR,25.11,24.85,25.06,2308000.0,2380100.0,0,0,0,0,0,0,0,0,0,0,0,0,0,0,0,0,0,0,0,0,0,0,0,0,0,0,0,0,0,0,0,0,0,0,59,2026-02-05 12:12:07.062474
ATMN,24.93,24.93,25.17,2094300.0,1984400.0,0,0,0,0,0,0,0,0,0,0,0,0,0,0,0,0,0,0,0,0,0,0,0,0,0,0,0,0,0,0,0,0,0,0,59,2026-02-05 12:12:07.062474
WNTR,24.87,24.87,24.92,2253300.0,2229100.0,0,0,0,0,0,0,0,0,0,0,0,0,0,0,0,0,0,0,0,0,0,0,0,0,0,0,0,0,0,0,0,0,0,0,59,2026-02-05 12:12:07.062474
SPNG,24.61,23.59,0.0,200000.0,,0,0,0,0,0,0,0,0,0,0,0,0,0,0,0,0,0,0,0,0,0,0,0,0,0,0,0,0,0,0,0,0,0,0,60,2026-02-05 12:12:08.103964
SMMR,24.85,25.26,0.0,200000.0,,0,0,0,0,0,0,0,0,0,0,0,0,0,0,0,0,0,0,0,0,0,0,0,0,0,0,0,0,0,0,0,0,0,0,60,2026-02-05 12:12:08.103964
ATMN,25.17,24.36,24.84,920100.0,744000.0,0,0,0,0,0,0,0,0,0,0,0,0,0,0,0,0,0,0,0,0,0,0,0,0,0,0,0,0,0,0,0,0,0,0,60,2026-02-05 12:12:08.103964
WNTR,25.75,25.75,25.81,834000.0,781200.0,0,0,0,0,0,0,0,0,0,0,0,0,0,0,0,0,0,0,0,0,0,0,0,0,0,0,0,0,0,0,0,0,0,0,60,2026-02-05 12:12:08.103964
SPNG,23.59,22.57,23.39,955500.0,1087700.0,,0,0,0,0,0,0,0,0,0,0,0,0,0,0,0,0,0,0,0,0,0,0,0,0,0,0,0,0,0,0,0,0,0,61,2026-02-05 12:12:09.141643
SMMR,25.73,25.26,25.5,888700.0,1151800.0,,0,0,0,0,0,0,0,0,0,0,0,0,0,0,0,0,0,0,0,0,0,0,0,0,0,0,0,0,0,0,0,0,0,61,2026-02-05 12:12:09.141643
ATMN,24.3,24.25,24.3,950100.0,870600.0,,0,0,0,0,0,0,0,0,0,0,0,0,0,0,0,0,0,0,0,0,0,0,0,0,0,0,0,0,0,0,0,0,0,61,2026-02-05 12:12:09.141643
WNTR,25.81,25.86,25.94,950200.0,1108800.0,8160.0,0,0,0,0,0,0,0,0,0,0,0,0,0,0,0,0,0,0,0,0,0,0,0,0,0,0,0,0,0,0,0,0,0,61,2026-02-05 12:12:09.141643
SPNG,23.94,22.57,23.94,1249200.0,973700.0,,,0,0,0,0,0,0,0,0,0,0,0,0,0,0,0,0,0,0,0,0,0,0,0,0,0,0,0,0,0,0,0,0,62,2026-02-05 12:12:10.172004
SMMR,25.35,25.26,25.35,888700.0,1276200.0,7466.0,,0,0,0,0,0,0,0,0,0,0,0,0,0,0,0,0,0,0,0,0,0,0,0,0,0,0,0,0,0,0,0,0,62,2026-02-05 12:12:10.172004
ATMN,24.3,24.26,24.3,1070000.0,954400.0,,4899.0,0,0,0,0,0,0,0,0,0,0,0,0,0,0,0,0,0,0,0,0,0,0,0,0,0,0,0,0,0,0,0,0,62,2026-02-05 12:12:10.172004
WNTR,25.85,25.75,25.76,1029600.0,1220100.0,8160.0,1358.0,0,0,0,0,0,0,0,0,0,0,0,0,0,0,0,0,0,0,0,0,0,0,0,0,0,0,0,0,0,0,0,0,62,2026-02-05 12:12:10.172004
SPNG,23.77,23.77,23.94,1506900.0,2644.0,973700.0,,0,0,0,0,0,0,0,0,0,0,0,0,0,0,0,0,0,0,0,0,0,0,0,0,0,0,0,0,0,0,0,0,63,2026-02-05 12:12:11.205890
SMMR,25.27,25.34,25.35,996700.0,,1387300.0,7466.0,0,0,0,0,0,0,0,0,0,0,0,0,0,0,0,0,0,0,0,0,0,0,0,0,0,0,0,0,0,0,0,0,63,2026-02-05 12:12:11.205890
ATMN,24.3,24.27,24.3,1284800.0,8336.0,1060900.0,2480.0,0,0,0,0,0,0,0,0,0,0,0,0,0,0,0,0,0,0,0,0,0,0,0,0,0,0,0,0,0,0,0,0,63,2026-02-05 12:12:11.205890
WNTR,25.85,25.69,25.8,929600.0,1669.0,1233400.0,11450.0,0,0,0,0,0,0,0,0,0,0,0,0,0,0,0,0,0,0,0,0,0,0,0,0,0,0,0,0,0,0,0,0,63,2026-02-05 12:12:11.205890
SPNG,23.8,23.14,23.67,1411200.0,1106600.0,4774.0,,,0,0,0,0,0,0,0,0,0,0,0,0,0,0,0,0,0,0,0,0,0,0,0,0,0,0,0,0,0,0,0,64,2026-02-05 12:12:12.237462
SMMR,25.3,25.3,25.35,1015000.0,1387300.0,,4670.0,,0,0,0,0,0,0,0,0,0,0,0,0,0,0,0,0,0,0,0,0,0,0,0,0,0,0,0,0,0,0,0,64,2026-02-05 12:12:12.237462
ATMN,24.3,24.35,24.45,1620900.0,934300.0,,,,0,0,0,0,0,0,0,0,0,0,0,0,0,0,0,0,0,0,0,0,0,0,0,0,0,0,0,0,0,0,0,64,2026-02-05 12:12:12.237462
WNTR,25.75,25.68,25.75,1020900.0,1469200.0,,,1863.0,0,0,0,0,0,0,0,0,0,0,0,0,0,0,0,0,0,0,0,0,0,0,0,0,0,0,0,0,0,0,0,64,2026-02-05 12:12:12.237462
SPNG,24.53,23.29,24.37,100.0,1538400.0,930300.0,,,,0,0,0,0,0,0,0,0,0,0,0,0,0,0,0,0,0,0,0,0,0,0,0,0,0,0,0,0,0,0,65,2026-02-05 12:12:13.271525
SMMR,25.25,24.55,24.7,1550.0,1053500.0,1508600.0,6955.0,,,0,0,0,0,0,0,0,0,0,0,0,0,0,0,0,0,0,0,0,0,0,0,0,0,0,0,0,0,0,0,65,2026-02-05 12:12:13.271525
ATMN,24.25,24.18,24.23,,1606400.0,1053300.0,,4778.0,,0,0,0,0,0,0,0,0,0,0,0,0,0,0,0,0,0,0,0,0,0,0,0,0,0,0,0,0,0,0,65,2026-02-05 12:12:13.271525
WNTR,25.56,25.65,25.7,,957400.0,1469200.0,5601.0,,2078.0,0,0,0,0,0,0,0,0,0,0,0,0,0,0,0,0,0,0,0,0,0,0,0,0,0,0,0,0,0,0,65,2026-02-05 12:12:13.271525
SPNG,23.62,23.29,23.62,100.0,1709700.0,1143100.0,4774.0,5600.0,0,0,0,0,0,0,0,0,0,0,0,0,0,0,0,0,0,0,0,0,0,0,0,0,0,0,0,0,0,0,0,66,2026-02-05 12:12:14.306229
SMMR,24.65,24.68,24.7,7639.0,1374400.0,1508600.0,,6955.0,0,0,0,0,0,0,0,0,0,0,0,0,0,0,0,0,0,0,0,0,0,0,0,0,0,0,0,0,0,0,0,66,2026-02-05 12:12:14.306229
ATMN,24.45,24.53,24.84,5601.0,1700100.0,904000.0,,,0,0,0,0,0,0,0,0,0,0,0,0,0,0,0,0,0,0,0,0,0,0,0,0,0,0,0,0,0,0,0,66,2026-02-05 12:12:14.306229
WNTR,25.65,25.56,25.62,3023.0,1056400.0,1685200.0,4156.0,13516.0,0,0,0,0,0,0,0,0,0,0,0,0,0,0,0,0,0,0,0,0,0,0,0,0,0,0,0,0,0,0,0,66,2026-02-05 12:12:14.306229
SPNG,23.9,23.38,23.9,1952000.0,2387.0,1028600.0,,,,0,0,0,0,0,0,0,0,0,0,0,0,0,0,0,0,0,0,0,0,0,0,0,0,0,0,0,0,0,0,67,2026-02-05 12:12:15.338060
SMMR,25.5,25.21,25.5,1629800.0,,1262900.0,4670.0,,,0,0,0,0,0,0,0,0,0,0,0,0,0,0,0,0,0,0,0,0,0,0,0,0,0,0,0,0,0,0,67,2026-02-05 12:12:15.338060
ATMN,24.45,24.64,24.67,1700100.0,2389.0,1185500.0,4778.0,,,0,0,0,0,0,0,0,0,0,0,0,0,0,0,0,0,0,0,0,0,0,0,0,0,0,0,0,0,0,0,67,2026-02-05 12:12:15.338060
WNTR,25.69,25.59,25.65,1056400.0,4156.0,1820800.0,,7915.0,100.0,0,0,0,0,0,0,0,0,0,0,0,0,0,0,0,0,0,0,0,0,0,0,0,0,0,0,0,0,0,0,67,2026-02-05 12:12:15.338060
SPNG,23.76,23.76,23.78,2085300.0,100.0,100.0,2387.0,1128600.0,,0,0,0,0,0,0,0,0,0,0,0,0,0,0,0,0,0,0,0,0,0,0,0,0,0,0,0,0,0,0,68,2026-02-05 12:12:16.376602
SMMR,25.31,25.35,25.45,1726100.0,14210.0,4025.0,,1459000.0,4670.0,0,0,0,0,0,0,0,0,0,0,0,0,0,0,0,0,0,0,0,0,0,0,0,0,0,0,0,0,0,0,68,2026-02-05 12:12:16.376602
ATMN,24.18,24.32,24.67,1732400.0,6532.0,100.0,4778.0,1394900.0,,0,0,0,0,0,0,0,0,0,0,0,0,0,0,0,0,0,0,0,0,0,0,0,0,0,0,0,0,0,0,68,2026-02-05 12:12:16.376602
WNTR,25.82,25.59,25.6,1056400.0,11038.0,6731.0,3220.0,1701200.0,3220.0,0,0,0,0,0,0,0,0,0,0,0,0,0,0,0,0,0,0,0,0,0,0,0,0,0,0,0,0,0,0,68,2026-02-05 12:12:16.376602
SPNG,23.5,23.38,23.5,1952000.0,1457700.0,3828.0,200.0,,,0,0,0,0,0,0,0,0,0,0,0,0,0,0,0,0,0,0,0,0,0,0,0,0,0,0,0,0,0,0,69,2026-02-05 12:12:17.410846
SMMR,25.27,25.25,25.27,1897800.0,1682700.0,,9792.0,11227.0,2335.0,0,0,0,0,0,0,0,0,0,0,0,0,0,0,0,0,0,0,0,0,0,0,0,0,0,0,0,0,0,0,69,2026-02-05 12:12:17.410846
ATMN,24.84,24.32,24.84,1732400.0,1389800.0,,,6532.0,,0,0,0,0,0,0,0,0,0,0,0,0,0,0,0,0,0,0,0,0,0,0,0,0,0,0,0,0,0,0,69,2026-02-05 12:12:17.410846
WNTR,25.7,25.62,25.64,1056400.0,1908000.0,,5767.0,16805.0,3220.0,0,0,0,0,0,0,0,0,0,0,0,0,0,0,0,0,0,0,0,0,0,0,0,0,0,0,0,0,0,0,69,2026-02-05 12:12:17.410846
SPNG,23.64,23.45,23.64,2265700.0,1360800.0,3828.0,,,,0,0,0,0,0,0,0,0,0,0,0,0,0,0,0,0,0,0,0,0,0,0,0,0,0,0,0,0,0,0,70,2026-02-05 12:12:18.442716
SMMR,25.21,25.26,25.27,2033200.0,1820500.0,4026.0,3508.0,2335.0,2983.0,0,0,0,0,0,0,0,0,0,0,0,0,0,0,0,0,0,0,0,0,0,0,0,0,0,0,0,0,0,0,70,2026-02-05 12:12:18.442716
ATMN,24.84,24.47,24.51,1732400.0,1701000.0,2700.0,,2700.0,,0,0,0,0,0,0,0,0,0,0,0,0,0,0,0,0,0,0,0,0,0,0,0,0,0,0,0,0,0,0,70,2026-02-05 12:12:18.442716
WNTR,25.64,25.58,25.64,1055800.0,2035300.0,,964.0,,,0,0,0,0,0,0,0,0,0,0,0,0,0,0,0,0,0,0,0,0,0,0,0,0,0,0,0,0,0,0,70,2026-02-05 12:12:18.442716
SPNG,23.64,23.45,23.46,2323100.0,100.0,3508.0,1360800.0,3828.0,,0,0,0,0,0,0,0,0,0,0,0,0,0,0,0,0,0,0,0,0,0,0,0,0,0,0,0,0,0,0,71,2026-02-05 12:12:18.978195
SMMR,25.34,25.26,25.34,2033200.0,3508.0,,1805900.0,,2335.0,0,0,0,0,0,0,0,0,0,0,0,0,0,0,0,0,0,0,0,0,0,0,0,0,0,0,0,0,0,0,71,2026-02-05 12:12:18.978195
ATMN,24.2,24.2,24.51,1732400.0,,,1701000.0,2700.0,,0,0,0,0,0,0,0,0,0,0,0,0,0,0,0,0,0,0,0,0,0,0,0,0,0,0,0,0,0,0,71,2026-02-05 12:12:18.978195
WNTR,25.58,25.58,25.64,1273200.0,964.0,,2035300.0,,4156.0,0,0,0,0,0,0,0,0,0,0,0,0,0,0,0,0,0,0,0,0,0,0,0,0,0,0,0,0,0,0,71,2026-02-05 12:12:18.978195
SPNG,23.77,23.77,24.3,2233800.0,4172.0,1220900.0,,,0,0,0,0,0,0,0,0,0,0,0,0,0,0,0,0,0,0,0,0,0,0,0,0,0,0,0,0,0,0,0,72,2026-02-05 12:12:20.033543
SMMR,25.34,25.33,25.34,1850500.0,8801.0,1925700.0,6361.0,3511.0,0,0,0,0,0,0,0,0,0,0,0,0,0,0,0,0,0,0,0,0,0,0,0,0,0,0,0,0,0,0,0,72,2026-02-05 12:12:20.033543
ATMN,24.61,24.29,24.61,1732400.0,5293.0,1701000.0,,,0,0,0,0,0,0,0,0,0,0,0,0,0,0,0,0,0,0,0,0,0,0,0,0,0,0,0,0,0,0,0,72,2026-02-05 12:12:20.033543
WNTR,25.58,25.58,25.7,1273200.0,5854.0,1925300.0,4156.0,,0,0,0,0,0,0,0,0,0,0,0,0,0,0,0,0,0,0,0,0,0,0,0,0,0,0,0,0,0,0,0,72,2026-02-05 12:12:20.033543
SPNG,23.51,23.46,23.51,2207500.0,4172.0,1327700.0,100.0,,,0,0,0,0,0,0,0,0,0,0,0,0,0,0,0,0,0,0,0,0,0,0,0,0,0,0,0,0,0,0,73,2026-02-05 12:12:21.074702
SMMR,25.26,25.21,25.22,2287000.0,,1845100.0,4638.0,2335.0,4026.0,0,0,0,0,0,0,0,0,0,0,0,0,0,0,0,0,0,0,0,0,0,0,0,0,0,0,0,0,0,0,73,2026-02-05 12:12:21.074702
ATMN,24.12,24.12,24.39,1492400.0,,1613400.0,,,1804.0,0,0,0,0,0,0,0,0,0,0,0,0,0,0,0,0,0,0,0,0,0,0,0,0,0,0,0,0,0,0,73,2026-02-05 12:12:21.074702
WNTR,25.58,25.61,25.64,1508300.0,12508.0,2025800.0,1663.0,4464.0,,0,0,0,0,0,0,0,0,0,0,0,0,0,0,0,0,0,0,0,0,0,0,0,0,0,0,0,0,0,0,73,2026-02-05 12:12:21.074702
SPNG,24.17,24.17,24.3,2191100.0,4182.0,1352300.0,,,,0,0,0,0,0,0,0,0,0,0,0,0,0,0,0,0,0,0,0,0,0,0,0,0,0,0,0,0,0,0,74,2026-02-05 12:12:22.125834
SMMR,25.09,25.13,25.34,2302600.0,2335.0,2057400.0,4026.0,,,0,0,0,0,0,0,0,0,0,0,0,0,0,0,0,0,0,0,0,0,0,0,0,0,0,0,0,0,0,0,74,2026-02-05 12:12:22.125834
ATMN,24.84,24.18,24.38,1606000.0,,1736800.0,,100.0,,0,0,0,0,0,0,0,0,0,0,0,0,0,0,0,0,0,0,0,0,0,0,0,0,0,0,0,0,0,0,74,2026-02-05 12:12:22.125834
WNTR,25.53,25.55,25.62,1202000.0,,1788700.0,4772.0,9502.0,13492.0,0,0,0,0,0,0,0,0,0,0,0,0,0,0,0,0,0,0,0,0,0,0,0,0,0,0,0,0,0,0,74,2026-02-05 12:12:22.125834
SPNG,24.17,24.21,24.28,5600.0,2044500.0,4182.0,100.0,1592900.0,,0,0,0,0,0,0,0,0,0,0,0,0,0,0,0,0,0,0,0,0,0,0,0,0,0,0,0,0,0,0,75,2026-02-05 12:12:23.164985
SMMR,25.25,25.23,25.25,7466.0,1971000.0,7295.0,7466.0,1870800.0,6973.0,0,0,0,0,0,0,0,0,0,0,0,0,0,0,0,0,0,0,0,0,0,0,0,0,0,0,0,0,0,0,75,2026-02-05 12:12:23.164985
ATMN,24.84,24.24,24.35,8591.0,1809000.0,3966.0,100.0,1736800.0,,0,0,0,0,0,0,0,0,0,0,0,0,0,0,0,0,0,0,0,0,0,0,0,0,0,0,0,0,0,0,75,2026-02-05 12:12:23.164985
WNTR,25.53,25.6,25.65,8750.0,1323100.0,,8750.0,1925300.0,4772.0,0,0,0,0,0,0,0,0,0,0,0,0,0,0,0,0,0,0,0,0,0,0,0,0,0,0,0,0,0,0,75,2026-02-05 12:12:23.164985
SPNG,23.41,23.41,24.14,2411300.0,1715300.0,,,,0,0,0,0,0,0,0,0,0,0,0,0,0,0,0,0,0,0,0,0,0,0,0,0,0,0,0,0,0,0,0,76,2026-02-05 12:12:24.208500
SMMR,25.36,25.35,25.36,2101500.0,1919600.0,7295.0,2013.0,,0,0,0,0,0,0,0,0,0,0,0,0,0,0,0,0,0,0,0,0,0,0,0,0,0,0,0,0,0,0,0,76,2026-02-05 12:12:24.208500
ATMN,24.27,24.21,24.38,2006400.0,1736800.0,3966.0,,,0,0,0,0,0,0,0,0,0,0,0,0,0,0,0,0,0,0,0,0,0,0,0,0,0,0,0,0,0,0,0,76,2026-02-05 12:12:24.208500
WNTR,25.61,25.61,25.66,1423800.0,2128500.0,3878.0,2386.0,7748.0,0,0,0,0,0,0,0,0,0,0,0,0,0,0,0,0,0,0,0,0,0,0,0,0,0,0,0,0,0,0,0,76,2026-02-05 12:12:24.208500
SPNG,23.68,23.57,23.68,100.0,2321500.0,1841200.0,4182.0,100.0,,0,0,0,0,0,0,0,0,0,0,0,0,0,0,0,0,0,0,0,0,0,0,0,0,0,0,0,0,0,0,77,2026-02-05 12:12:25.254702
SMMR,25.35,25.35,25.36,100.0,1970100.0,2015600.0,2013.0,6472.0,6618.0,0,0,0,0,0,0,0,0,0,0,0,0,0,0,0,0,0,0,0,0,0,0,0,0,0,0,0,0,0,0,77,2026-02-05 12:12:25.254702
ATMN,24.99,24.29,24.99,100.0,1909600.0,1594700.0,,,3966.0,0,0,0,0,0,0,0,0,0,0,0,0,0,0,0,0,0,0,0,0,0,0,0,0,0,0,0,0,0,0,77,2026-02-05 12:12:25.254702
WNTR,25.61,25.62,25.64,16498.0,1423800.0,1876100.0,2386.0,9538.0,3878.0,0,0,0,0,0,0,0,0,0,0,0,0,0,0,0,0,0,0,0,0,0,0,0,0,0,0,0,0,0,0,77,2026-02-05 12:12:25.254702
SPNG,23.68,23.59,23.62,5700.0,2221500.0,1787500.0,200.0,4182.0,,0,0,0,0,0,0,0,0,0,0,0,0,0,0,0,0,0,0,0,0,0,0,0,0,0,0,0,0,0,0,78,2026-02-05 12:12:26.291827
SMMR,25.3,25.3,25.36,,2214800.0,1822500.0,6472.0,5619.0,4815.0,0,0,0,0,0,0,0,0,0,0,0,0,0,0,0,0,0,0,0,0,0,0,0,0,0,0,0,0,0,0,78,2026-02-05 12:12:26.291827
ATMN,24.59,24.52,24.59,6632.0,1668900.0,1716700.0,4899.0,,6219.0,0,0,0,0,0,0,0,0,0,0,0,0,0,0,0,0,0,0,0,0,0,0,0,0,0,0,0,0,0,0,78,2026-02-05 12:12:26.291827
WNTR,25.58,25.58,25.62,7150.0,1423800.0,1780500.0,17696.0,2386.0,3878.0,0,0,0,0,0,0,0,0,0,0,0,0,0,0,0,0,0,0,0,0,0,0,0,0,0,0,0,0,0,0,78,2026-02-05 12:12:26.291827
SPNG,23.94,23.96,24.04,2345100.0,2091.0,1945800.0,,,,0,0,0,0,0,0,0,0,0,0,0,0,0,0,0,0,0,0,0,0,0,0,0,0,0,0,0,0,0,0,79,2026-02-05 12:12:27.334552
SMMR,25.23,25.18,25.23,2309800.0,2335.0,1967900.0,5619.0,,,0,0,0,0,0,0,0,0,0,0,0,0,0,0,0,0,0,0,0,0,0,0,0,0,0,0,0,0,0,0,79,2026-02-05 12:12:27.334552
ATMN,24.84,24.94,24.99,1856100.0,6219.0,1779800.0,,,,0,0,0,0,0,0,0,0,0,0,0,0,0,0,0,0,0,0,0,0,0,0,0,0,0,0,0,0,0,0,79,2026-02-05 12:12:27.334552
WNTR,25.68,25.59,25.61,1549000.0,6703.0,1880400.0,4764.0,7072.0,100.0,0,0,0,0,0,0,0,0,0,0,0,0,0,0,0,0,0,0,0,0,0,0,0,0,0,0,0,0,0,0,79,2026-02-05 12:12:27.334552
SPNG,23.58,23.47,23.58,2495400.0,1890300.0,4182.0,100.0,,,0,0,0,0,0,0,0,0,0,0,0,0,0,0,0,0,0,0,0,0,0,0,0,0,0,0,0,0,0,0,80,2026-02-05 12:12:28.383049
SMMR,25.25,25.25,25.33,1956600.0,1922600.0,3816.0,485.0,2356.0,7335.0,0,0,0,0,0,0,0,0,0,0,0,0,0,0,0,0,0,0,0,0,0,0,0,0,0,0,0,0,0,0,80,2026-02-05 12:12:28.383049
ATMN,24.94,24.52,24.75,1900500.0,1897700.0,,,,6219.0,0,0,0,0,0,0,0,0,0,0,0,0,0,0,0,0,0,0,0,0,0,0,0,0,0,0,0,0,0,0,80,2026-02-05 12:12:28.383049
WNTR,25.53,25.54,25.59,1327200.0,1804300.0,4764.0,7848.0,7748.0,,0,0,0,0,0,0,0,0,0,0,0,0,0,0,0,0,0,0,0,0,0,0,0,0,0,0,0,0,0,0,80,2026-02-05 12:12:28.383049
SPNG,23.47,23.47,23.97,2461000.0,4182.0,1871600.0,100.0,,,0,0,0,0,0,0,0,0,0,0,0,0,0,0,0,0,0,0,0,0,0,0,0,0,0,0,0,0,0,0,81,2026-02-05 12:12:29.426054
SMMR,25.31,25.31,25.33,1894900.0,3816.0,1922600.0,485.0,2356.0,7335.0,0,0,0,0,0,0,0,0,0,0,0,0,0,0,0,0,0,0,0,0,0,0,0,0,0,0,0,0,0,0,81,2026-02-05 12:12:29.426054
ATMN,24.58,24.52,24.58,2012700.0,,1810500.0,6198.0,,4101.0,0,0,0,0,0,0,0,0,0,0,0,0,0,0,0,0,0,0,0,0,0,0,0,0,0,0,0,0,0,0,81,2026-02-05 12:12:29.426054
WNTR,25.51,25.51,25.59,1216000.0,2382.0,1804300.0,15401.0,,,0,0,0,0,0,0,0,0,0,0,0,0,0,0,0,0,0,0,0,0,0,0,0,0,0,0,0,0,0,0,81,2026-02-05 12:12:29.426054
SPNG,24.09,23.69,23.72,4182.0,2186600.0,4182.0,1895900.0,,,0,0,0,0,0,0,0,0,0,0,0,0,0,0,0,0,0,0,0,0,0,0,0,0,0,0,0,0,0,0,82,2026-02-05 12:12:30.471994
SMMR,25.31,25.34,25.39,7335.0,1894900.0,1803.0,2069200.0,7031.0,4575.0,0,0,0,0,0,0,0,0,0,0,0,0,0,0,0,0,0,0,0,0,0,0,0,0,0,0,0,0,0,0,82,2026-02-05 12:12:30.471994
ATMN,24.16,24.38,24.61,,2220600.0,,1898800.0,,,0,0,0,0,0,0,0,0,0,0,0,0,0,0,0,0,0,0,0,0,0,0,0,0,0,0,0,0,0,0,82,2026-02-05 12:12:30.471994
WNTR,25.51,25.43,25.46,,1315700.0,7382.0,1819900.0,,7031.0,0,0,0,0,0,0,0,0,0,0,0,0,0,0,0,0,0,0,0,0,0,0,0,0,0,0,0,0,0,0,82,2026-02-05 12:12:30.471994
SPNG,23.41,23.67,24.01,2449900.0,100.0,1998700.0,,,,0,0,0,0,0,0,0,0,0,0,0,0,0,0,0,0,0,0,0,0,0,0,0,0,0,0,0,0,0,0,83,2026-02-05 12:12:31.508210
SMMR,25.37,25.35,25.37,1907900.0,5605.0,1724800.0,13155.0,4835.0,4993.0,0,0,0,0,0,0,0,0,0,0,0,0,0,0,0,0,0,0,0,0,0,0,0,0,0,0,0,0,0,0,83,2026-02-05 12:12:31.508210
ATMN,24.15,24.15,24.51,2306200.0,1081.0,1828800.0,,,,0,0,0,0,0,0,0,0,0,0,0,0,0,0,0,0,0,0,0,0,0,0,0,0,0,0,0,0,0,0,83,2026-02-05 12:12:31.508210
WNTR,25.47,25.57,25.61,1550400.0,,1908600.0,,,7382.0,0,0,0,0,0,0,0,0,0,0,0,0,0,0,0,0,0,0,0,0,0,0,0,0,0,0,0,0,0,0,83,2026-02-05 12:12:31.508210
SPNG,23.41,23.76,23.88,2091.0,2175500.0,100.0,3868.0,1950500.0,,0,0,0,0,0,0,0,0,0,0,0,0,0,0,0,0,0,0,0,0,0,0,0,0,0,0,0,0,0,0,84,2026-02-05 12:12:32.048575
SMMR,25.27,25.27,25.37,4835.0,2185000.0,,5605.0,1728200.0,4993.0,0,0,0,0,0,0,0,0,0,0,0,0,0,0,0,0,0,0,0,0,0,0,0,0,0,0,0,0,0,0,84,2026-02-05 12:12:32.048575
ATMN,24.51,24.39,24.51,,2099300.0,2836.0,1081.0,1636600.0,3546.0,0,0,0,0,0,0,0,0,0,0,0,0,0,0,0,0,0,0,0,0,0,0,0,0,0,0,0,0,0,0,84,2026-02-05 12:12:32.048575
WNTR,25.47,25.57,25.61,,1667200.0,,,2004200.0,4882.0,0,0,0,0,0,0,0,0,0,0,0,0,0,0,0,0,0,0,0,0,0,0,0,0,0,0,0,0,0,0,84,2026-02-05 12:12:32.048575
SPNG,24.14,23.67,24.14,2282500.0,100.0,2105300.0,,,,0,0,0,0,0,0,0,0,0,0,0,0,0,0,0,0,0,0,0,0,0,0,0,0,0,0,0,0,0,0,85,2026-02-05 12:12:33.091281
SMMR,25.18,25.18,25.34,2339100.0,,1627600.0,2335.0,14938.0,5710.0,0,0,0,0,0,0,0,0,0,0,0,0,0,0,0,0,0,0,0,0,0,0,0,0,0,0,0,0,0,0,85,2026-02-05 12:12:33.091281
ATMN,24.22,24.41,24.48,2268600.0,,1571700.0,,7613.0,3546.0,0,0,0,0,0,0,0,0,0,0,0,0,0,0,0,0,0,0,0,0,0,0,0,0,0,0,0,0,0,0,85,2026-02-05 12:12:33.091281
WNTR,25.61,25.64,25.68,1752100.0,,2191100.0,,,,0,0,0,0,0,0,0,0,0,0,0,0,0,0,0,0,0,0,0,0,0,0,0,0,0,0,0,0,0,0,85,2026-02-05 12:12:33.091281
SPNG,23.39,23.8,24.05,2091.0,2366700.0,1203.0,2056200.0,,,0,0,0,0,0,0,0,0,0,0,0,0,0,0,0,0,0,0,0,0,0,0,0,0,0,0,0,0,0,0,86,2026-02-05 12:12:34.139695
SMMR,25.13,25.13,25.3,2335.0,2349400.0,7888.0,1757000.0,8022.0,,0,0,0,0,0,0,0,0,0,0,0,0,0,0,0,0,0,0,0,0,0,0,0,0,0,0,0,0,0,0,86,2026-02-05 12:12:34.139695
ATMN,24.51,24.41,24.42,3812.0,1908400.0,,1727200.0,3679.0,4680.0,0,0,0,0,0,0,0,0,0,0,0,0,0,0,0,0,0,0,0,0,0,0,0,0,0,0,0,0,0,0,86,2026-02-05 12:12:34.139695
WNTR,25.64,25.54,25.58,,1653700.0,6068.0,2118600.0,,,0,0,0,0,0,0,0,0,0,0,0,0,0,0,0,0,0,0,0,0,0,0,0,0,0,0,0,0,0,0,86,2026-02-05 12:12:34.139695
SPNG,23.54,23.39,23.41,2446100.0,1767000.0,4182.0,6803.0,,,0,0,0,0,0,0,0,0,0,0,0,0,0,0,0,0,0,0,0,0,0,0,0,0,0,0,0,0,0,0,87,2026-02-05 12:12:35.179840
SMMR,25.13,25.13,25.14,2103200.0,1649800.0,7194.0,17488.0,5303.0,,0,0,0,0,0,0,0,0,0,0,0,0,0,0,0,0,0,0,0,0,0,0,0,0,0,0,0,0,0,0,87,2026-02-05 12:12:35.179840
ATMN,24.42,24.43,24.51,2073300.0,1837100.0,1773.0,,,100.0,0,0,0,0,0,0,0,0,0,0,0,0,0,0,0,0,0,0,0,0,0,0,0,0,0,0,0,0,0,0,87,2026-02-05 12:12:35.179840
WNTR,25.71,25.59,25.71,1653700.0,2223500.0,,,,15793.0,0,0,0,0,0,0,0,0,0,0,0,0,0,0,0,0,0,0,0,0,0,0,0,0,0,0,0,0,0,0,87,2026-02-05 12:12:35.179840
SPNG,23.41,23.73,23.77,2428400.0,1993800.0,4182.0,,0,0,0,0,0,0,0,0,0,0,0,0,0,0,0,0,0,0,0,0,0,0,0,0,0,0,0,0,0,0,0,0,88,2026-02-05 12:12:36.210522
SMMR,25.13,25.13,25.27,2105900.0,1955400.0,5710.0,5303.0,0,0,0,0,0,0,0,0,0,0,0,0,0,0,0,0,0,0,0,0,0,0,0,0,0,0,0,0,0,0,0,0,88,2026-02-05 12:12:36.210522
ATMN,24.65,24.43,24.46,2073300.0,1721300.0,4670.0,4670.0,0,0,0,0,0,0,0,0,0,0,0,0,0,0,0,0,0,0,0,0,0,0,0,0,0,0,0,0,0,0,0,0,88,2026-02-05 12:12:36.210522
WNTR,25.52,25.45,25.48,1536900.0,2111900.0,1350.0,,0,0,0,0,0,0,0,0,0,0,0,0,0,0,0,0,0,0,0,0,0,0,0,0,0,0,0,0,0,0,0,0,88,2026-02-05 12:12:36.210522
SPNG,23.74,23.73,23.74,2453700.0,2700.0,1977900.0,,,,0,0,0,0,0,0,0,0,0,0,0,0,0,0,0,0,0,0,0,0,0,0,0,0,0,0,0,0,0,0,89,2026-02-05 12:12:37.242707
SMMR,25.37,25.19,25.24,1831000.0,3398.0,1982900.0,11728.0,5971.0,6384.0,0,0,0,0,0,0,0,0,0,0,0,0,0,0,0,0,0,0,0,0,0,0,0,0,0,0,0,0,0,0,89,2026-02-05 12:12:37.242707
ATMN,24.43,24.26,24.38,2214800.0,4670.0,1652800.0,,,100.0,0,0,0,0,0,0,0,0,0,0,0,0,0,0,0,0,0,0,0,0,0,0,0,0,0,0,0,0,0,0,89,2026-02-05 12:12:37.242707
WNTR,25.43,25.43,25.47,1559600.0,2700.0,1817900.0,,,20000.0,0,0,0,0,0,0,0,0,0,0,0,0,0,0,0,0,0,0,0,0,0,0,0,0,0,0,0,0,0,0,89,2026-02-05 12:12:37.242707
SPNG,23.73,23.51,23.54,2457800.0,1892200.0,2700.0,100.0,,,0,0,0,0,0,0,0,0,0,0,0,0,0,0,0,0,0,0,0,0,0,0,0,0,0,0,0,0,0,0,90,2026-02-05 12:12:38.274223
SMMR,25.24,25.34,25.37,1672600.0,2078600.0,3398.0,,21533.0,5788.0,0,0,0,0,0,0,0,0,0,0,0,0,0,0,0,0,0,0,0,0,0,0,0,0,0,0,0,0,0,0,90,2026-02-05 12:12:38.274223
ATMN,24.32,24.61,24.81,1906700.0,1866900.0,,,4899.0,4610.0,0,0,0,0,0,0,0,0,0,0,0,0,0,0,0,0,0,0,0,0,0,0,0,0,0,0,0,0,0,0,90,2026-02-05 12:12:38.274223
WNTR,25.48,25.46,25.47,1684300.0,1819600.0,2700.0,16000.0,7543.0,,0,0,0,0,0,0,0,0,0,0,0,0,0,0,0,0,0,0,0,0,0,0,0,0,0,0,0,0,0,0,90,2026-02-05 12:12:38.274223
SPNG,23.54,23.51,23.54,2233900.0,3286.0,2113100.0,1350.0,,0,0,0,0,0,0,0,0,0,0,0,0,0,0,0,0,0,0,0,0,0,0,0,0,0,0,0,0,0,0,0,91,2026-02-05 12:12:39.307203
SMMR,25.37,25.33,25.37,2076800.0,5788.0,2106200.0,3398.0,,0,0,0,0,0,0,0,0,0,0,0,0,0,0,0,0,0,0,0,0,0,0,0,0,0,0,0,0,0,0,0,91,2026-02-05 12:12:39.307203
ATMN,24.29,24.29,24.62,2041500.0,4610.0,1891400.0,,,0,0,0,0,0,0,0,0,0,0,0,0,0,0,0,0,0,0,0,0,0,0,0,0,0,0,0,0,0,0,0,91,2026-02-05 12:12:39.307203
WNTR,25.71,25.46,25.47,1789600.0,,2029300.0,2700.0,7536.0,0,0,0,0,0,0,0,0,0,0,0,0,0,0,0,0,0,0,0,0,0,0,0,0,0,0,0,0,0,0,0,91,2026-02-05 12:12:39.307203
SPNG,23.54,23.52,23.53,100.0,2112200.0,3286.0,4636.0,1795500.0,3477.0,0,0,0,0,0,0,0,0,0,0,0,0,0,0,0,0,0,0,0,0,0,0,0,0,0,0,0,0,0,0,92,2026-02-05 12:12:40.338435
SMMR,25.32,25.36,25.37,8073.0,1979500.0,5395.0,6916.0,1679900.0,8771.0,0,0,0,0,0,0,0,0,0,0,0,0,0,0,0,0,0,0,0,0,0,0,0,0,0,0,0,0,0,0,92,2026-02-05 12:12:40.338435
ATMN,24.62,24.46,24.53,3477.0,1916600.0,4610.0,,1902700.0,,0,0,0,0,0,0,0,0,0,0,0,0,0,0,0,0,0,0,0,0,0,0,0,0,0,0,0,0,0,0,92,2026-02-05 12:12:40.338435
WNTR,25.46,25.46,25.47,17536.0,1910500.0,,2700.0,2024100.0,,0,0,0,0,0,0,0,0,0,0,0,0,0,0,0,0,0,0,0,0,0,0,0,0,0,0,0,0,0,0,92,2026-02-05 12:12:40.338435
SPNG,23.95,24.13,24.14,2034500.0,5700.0,3286.0,2170000.0,,,0,0,0,0,0,0,0,0,0,0,0,0,0,0,0,0,0,0,0,0,0,0,0,0,0,0,0,0,0,0,93,2026-02-05 12:12:41.370639
SMMR,25.37,25.21,25.31,1958200.0,100.0,5971.0,1580900.0,16071.0,6916.0,0,0,0,0,0,0,0,0,0,0,0,0,0,0,0,0,0,0,0,0,0,0,0,0,0,0,0,0,0,0,93,2026-02-05 12:12:41.370639
ATMN,24.51,24.51,24.53,1665800.0,9935.0,6419.0,1704300.0,,4114.0,0,0,0,0,0,0,0,0,0,0,0,0,0,0,0,0,0,0,0,0,0,0,0,0,0,0,0,0,0,0,93,2026-02-05 12:12:41.370639
WNTR,25.47,25.63,25.71,1746900.0,26000.0,2700.0,2238500.0,,,0,0,0,0,0,0,0,0,0,0,0,0,0,0,0,0,0,0,0,0,0,0,0,0,0,0,0,0,0,0,93,2026-02-05 12:12:41.370639
SPNG,23.95,23.95,24.14,2322600.0,1643.0,2170000.0,,,,0,0,0,0,0,0,0,0,0,0,0,0,0,0,0,0,0,0,0,0,0,0,0,0,0,0,0,0,0,0,94,2026-02-05 12:12:42.401241
SMMR,25.39,25.33,25.39,2055800.0,3636.0,1843000.0,7263.0,6916.0,,0,0,0,0,0,0,0,0,0,0,0,0,0,0,0,0,0,0,0,0,0,0,0,0,0,0,0,0,0,0,94,2026-02-05 12:12:42.401241
ATMN,24.98,24.51,24.98,1913100.0,6419.0,1847400.0,,,,0,0,0,0,0,0,0,0,0,0,0,0,0,0,0,0,0,0,0,0,0,0,0,0,0,0,0,0,0,0,94,2026-02-05 12:12:42.401241
WNTR,25.42,25.59,25.6,1764100.0,,2024200.0,,1350.0,7263.0,0,0,0,0,0,0,0,0,0,0,0,0,0,0,0,0,0,0,0,0,0,0,0,0,0,0,0,0,0,0,94,2026-02-05 12:12:42.401241
SPNG,24.22,23.54,24.22,4469.0,2213900.0,1643.0,2171400.0,,,0,0,0,0,0,0,0,0,0,0,0,0,0,0,0,0,0,0,0,0,0,0,0,0,0,0,0,0,0,0,95,2026-02-05 12:12:43.432688
SMMR,25.3,25.32,25.36,6280.0,2055800.0,3636.0,1521900.0,7053.0,10157.0,0,0,0,0,0,0,0,0,0,0,0,0,0,0,0,0,0,0,0,0,0,0,0,0,0,0,0,0,0,0,95,2026-02-05 12:12:43.432688
ATMN,25.09,24.67,24.94,7219.0,1785700.0,4362.0,1876700.0,,,0,0,0,0,0,0,0,0,0,0,0,0,0,0,0,0,0,0,0,0,0,0,0,0,0,0,0,0,0,0,95,2026-02-05 12:12:43.432688
WNTR,25.42,25.42,25.6,,1662800.0,,1868300.0,15427.0,1350.0,0,0,0,0,0,0,0,0,0,0,0,0,0,0,0,0,0,0,0,0,0,0,0,0,0,0,0,0,0,0,95,2026-02-05 12:12:43.432688
SPNG,23.77,23.39,23.77,2436100.0,2063600.0,2512.0,,,,0,0,0,0,0,0,0,0,0,0,0,0,0,0,0,0,0,0,0,0,0,0,0,0,0,0,0,0,0,0,96,2026-02-05 12:12:44.472072
SMMR,25.42,25.36,25.42,1956300.0,1831600.0,983.0,10615.0,3636.0,5157.0,0,0,0,0,0,0,0,0,0,0,0,0,0,0,0,0,0,0,0,0,0,0,0,0,0,0,0,0,0,0,96,2026-02-05 12:12:44.472072
ATMN,24.67,24.51,24.66,1913100.0,1624000.0,5024.0,2195.0,4362.0,4548.0,0,0,0,0,0,0,0,0,0,0,0,0,0,0,0,0,0,0,0,0,0,0,0,0,0,0,0,0,0,0,96,2026-02-05 12:12:44.472072
WNTR,25.55,25.39,25.47,1540200.0,1901000.0,19762.0,,,,0,0,0,0,0,0,0,0,0,0,0,0,0,0,0,0,0,0,0,0,0,0,0,0,0,0,0,0,0,0,96,2026-02-05 12:12:44.472072
SPNG,23.67,23.67,23.77,2163400.0,4588.0,2180800.0,,,,0,0,0,0,0,0,0,0,0,0,0,0,0,0,0,0,0,0,0,0,0,0,0,0,0,0,0,0,0,0,97,2026-02-05 12:12:45.508851
SMMR,25.36,25.38,25.42,2088500.0,3636.0,1920800.0,5496.0,5157.0,,0,0,0,0,0,0,0,0,0,0,0,0,0,0,0,0,0,0,0,0,0,0,0,0,0,0,0,0,0,0,97,2026-02-05 12:12:45.508851
ATMN,24.66,24.54,24.62,1892200.0,4362.0,1616000.0,100.0,4548.0,1691.0,0,0,0,0,0,0,0,0,0,0,0,0,0,0,0,0,0,0,0,0,0,0,0,0,0,0,0,0,0,0,97,2026-02-05 12:12:45.508851
WNTR,25.46,25.46,25.47,1785300.0,,2017900.0,,4516.0,,0,0,0,0,0,0,0,0,0,0,0,0,0,0,0,0,0,0,0,0,0,0,0,0,0,0,0,0,0,0,97,2026-02-05 12:12:45.508851
SPNG,23.77,23.87,24.04,2448300.0,2170800.0,,,,0,0,0,0,0,0,0,0,0,0,0,0,0,0,0,0,0,0,0,0,0,0,0,0,0,0,0,0,0,0,0,98,2026-02-05 12:12:46.543638
SMMR,25.39,25.35,25.36,2188000.0,1660000.0,3636.0,10157.0,,0,0,0,0,0,0,0,0,0,0,0,0,0,0,0,0,0,0,0,0,0,0,0,0,0,0,0,0,0,0,0,98,2026-02-05 12:12:46.543638
ATMN,24.56,24.51,24.56,2002200.0,1721100.0,4362.0,2274.0,1691.0,0,0,0,0,0,0,0,0,0,0,0,0,0,0,0,0,0,0,0,0,0,0,0,0,0,0,0,0,0,0,0,98,2026-02-05 12:12:46.543638
WNTR,25.47,25.46,25.47,1893600.0,2017900.0,,4516.0,,0,0,0,0,0,0,0,0,0,0,0,0,0,0,0,0,0,0,0,0,0,0,0,0,0,0,0,0,0,0,0,98,2026-02-05 12:12:46.543638
SPNG,24.04,23.47,23.55,2294.0,2315000.0,2171500.0,,0,0,0,0,0,0,0,0,0,0,0,0,0,0,0,0,0,0,0,0,0,0,0,0,0,0,0,0,0,0,0,0,99,2026-02-05 12:12:47.575673
SMMR,25.36,25.3,25.36,5971.0,2055800.0,1660000.0,10157.0,0,0,0,0,0,0,0,0,0,0,0,0,0,0,0,0,0,0,0,0,0,0,0,0,0,0,0,0,0,0,0,0,99,2026-02-05 12:12:47.575673
ATMN,24.86,24.69,24.86,4362.0,1986600.0,1870300.0,,0,0,0,0,0,0,0,0,0,0,0,0,0,0,0,0,0,0,0,0,0,0,0,0,0,0,0,0,0,0,0,0,99,2026-02-05 12:12:47.575673
WNTR,25.39,25.39,25.47,,1798900.0,1893300.0,4958.0,0,0,0,0,0,0,0,0,0,0,0,0,0,0,0,0,0,0,0,0,0,0,0,0,0,0,0,0,0,0,0,0,99,2026-02-05 12:12:47.575673
SPNG,23.55,23.47,23.55,4588.0,2182200.0,2171500.0,,0,0,0,0,0,0,0,0,0,0,0,0,0,0,0,0,0,0,0,0,0,0,0,0,0,0,0,0,0,0,0,0,100,2026-02-05 12:12:48.105563
SMMR,25.29,25.29,25.36,7084.0,1982100.0,1660000.0,10157.0,0,0,0,0,0,0,0,0,0,0,0,0,0,0,0,0,0,0,0,0,0,0,0,0,0,0,0,0,0,0,0,0,100,2026-02-05 12:12:48.105563
ATMN,24.86,24.69,24.86,4362.0,1986600.0,1883700.0,,0,0,0,0,0,0,0,0,0,0,0,0,0,0,0,0,0,0,0,0,0,0,0,0,0,0,0,0,0,0,0,0,100,2026-02-05 12:12:48.105563
WNTR,25.39,25.36,25.38,,1786200.0,1880100.0,4958.0,0,0,0,0,0,0,0,0,0,0,0,0,0,0,0,0,0,0,0,0,0,0,0,0,0,0,0,0,0,0,0,0,100,2026-02-05 12:12:48.105563
SPNG,23.55,23.47,23.55,4588.0,2227900.0,2171500.0,,0,0,0,0,0,0,0,0,0,0,0,0,0,0,0,0,0,0,0,0,0,0,0,0,0,0,0,0,0,0,0,0,101,2026-02-05 12:12:49.137038
SMMR,25.45,25.29,25.45,7084.0,1941500.0,2122300.0,1595.0,0,0,0,0,0,0,0,0,0,0,0,0,0,0,0,0,0,0,0,0,0,0,0,0,0,0,0,0,0,0,0,0,101,2026-02-05 12:12:49.137038
ATMN,24.69,24.72,24.73,8082.0,1787900.0,1765800.0,3720.0,0,0,0,0,0,0,0,0,0,0,0,0,0,0,0,0,0,0,0,0,0,0,0,0,0,0,0,0,0,0,0,0,101,2026-02-05 12:12:49.137038
WNTR,25.47,25.36,25.47,,1998700.0,1893300.0,4958.0,0,0,0,0,0,0,0,0,0,0,0,0,0,0,0,0,0,0,0,0,0,0,0,0,0,0,0,0,0,0,0,0,101,2026-02-05 12:12:49.137038
SPNG,23.55,23.52,23.55,6440.0,2081700.0,2171500.0,,0,0,0,0,0,0,0,0,0,0,0,0,0,0,0,0,0,0,0,0,0,0,0,0,0,0,0,0,0,0,0,0,102,2026-02-05 12:12:50.183373
SMMR,25.45,25.29,25.38,7084.0,1915000.0,2139200.0,1595.0,0,0,0,0,0,0,0,0,0,0,0,0,0,0,0,0,0,0,0,0,0,0,0,0,0,0,0,0,0,0,0,0,102,2026-02-05 12:12:50.183373
ATMN,24.47,24.47,24.73,2305.0,2128300.0,1763500.0,3720.0,0,0,0,0,0,0,0,0,0,0,0,0,0,0,0,0,0,0,0,0,0,0,0,0,0,0,0,0,0,0,0,0,102,2026-02-05 12:12:50.183373
WNTR,25.45,25.45,25.47,,2128800.0,1988200.0,3608.0,0,0,0,0,0,0,0,0,0,0,0,0,0,0,0,0,0,0,0,0,0,0,0,0,0,0,0,0,0,0,0,0,102,2026-02-05 12:12:50.183373
SPNG,23.46,23.46,24.04,2424300.0,2162600.0,,,0,0,0,0,0,0,0,0,0,0,0,0,0,0,0,0,0,0,0,0,0,0,0,0,0,0,0,0,0,0,0,0,103,2026-02-05 12:12:51.225371
SMMR,25.25,25.25,25.36,2196400.0,1899900.0,3636.0,4667.0,0,0,0,0,0,0,0,0,0,0,0,0,0,0,0,0,0,0,0,0,0,0,0,0,0,0,0,0,0,0,0,0,103,2026-02-05 12:12:51.225371
ATMN,24.46,24.46,24.73,2097100.0,1735500.0,2305.0,3720.0,0,0,0,0,0,0,0,0,0,0,0,0,0,0,0,0,0,0,0,0,0,0,0,0,0,0,0,0,0,0,0,0,103,2026-02-05 12:12:51.225371
WNTR,25.67,25.66,25.67,2239600.0,2215800.0,,,0,0,0,0,0,0,0,0,0,0,0,0,0,0,0,0,0,0,0,0,0,0,0,0,0,0,0,0,0,0,0,0,103,2026-02-05 12:12:51.225371
SPNG,23.46,23.92,24.04,2453700.0,2190700.0,,,0,0,0,0,0,0,0,0,0,0,0,0,0,0,0,0,0,0,0,0,0,0,0,0,0,0,0,0,0,0,0,0,104,2026-02-05 12:12:52.268319
SMMR,25.27,25.25,25.27,2196400.0,1900900.0,3636.0,4667.0,0,0,0,0,0,0,0,0,0,0,0,0,0,0,0,0,0,0,0,0,0,0,0,0,0,0,0,0,0,0,0,0,104,2026-02-05 12:12:52.268319
ATMN,24.51,24.51,24.73,2097700.0,1647500.0,2305.0,5580.0,0,0,0,0,0,0,0,0,0,0,0,0,0,0,0,0,0,0,0,0,0,0,0,0,0,0,0,0,0,0,0,0,104,2026-02-05 12:12:52.268319
WNTR,25.36,25.36,25.42,2219000.0,1980500.0,,2700.0,0,0,0,0,0,0,0,0,0,0,0,0,0,0,0,0,0,0,0,0,0,0,0,0,0,0,0,0,0,0,0,0,104,2026-02-05 12:12:52.268319
SPNG,23.92,23.92,24.0,2453700.0,5000.0,1902200.0,,0,0,0,0,0,0,0,0,0,0,0,0,0,0,0,0,0,0,0,0,0,0,0,0,0,0,0,0,0,0,0,0,105,2026-02-05 12:12:53.312223
SMMR,25.27,25.32,25.36,2194800.0,3131.0,1992100.0,3636.0,0,0,0,0,0,0,0,0,0,0,0,0,0,0,0,0,0,0,0,0,0,0,0,0,0,0,0,0,0,0,0,0,105,2026-02-05 12:12:53.312223
ATMN,24.51,24.51,24.52,2104000.0,5580.0,1678900.0,2305.0,0,0,0,0,0,0,0,0,0,0,0,0,0,0,0,0,0,0,0,0,0,0,0,0,0,0,0,0,0,0,0,0,105,2026-02-05 12:12:53.312223
WNTR,25.36,25.4,25.42,2281200.0,2700.0,1980500.0,,0,0,0,0,0,0,0,0,0,0,0,0,0,0,0,0,0,0,0,0,0,0,0,0,0,0,0,0,0,0,0,0,105,2026-02-05 12:12:53.312223
SPNG,24.04,23.51,24.04,2438400.0,2175000.0,,,0,0,0,0,0,0,0,0,0,0,0,0,0,0,0,0,0,0,0,0,0,0,0,0,0,0,0,0,0,0,0,0,106,2026-02-05 12:12:54.347704
SMMR,25.32,25.22,25.29,2186400.0,1997100.0,3636.0,3131.0,0,0,0,0,0,0,0,0,0,0,0,0,0,0,0,0,0,0,0,0,0,0,0,0,0,0,0,0,0,0,0,0,106,2026-02-05 12:12:54.347704
ATMN,24.52,24.64,24.72,1887400.0,1755400.0,5109.0,3720.0,0,0,0,0,0,0,0,0,0,0,0,0,0,0,0,0,0,0,0,0,0,0,0,0,0,0,0,0,0,0,0,0,106,2026-02-05 12:12:54.347704
WNTR,25.52,25.59,25.67,2168800.0,2205800.0,2053.0,,0,0,0,0,0,0,0,0,0,0,0,0,0,0,0,0,0,0,0,0,0,0,0,0,0,0,0,0,0,0,0,0,106,2026-02-05 12:12:54.347704
SPNG,23.38,23.72,23.74,5000.0,2213000.0,2500.0,2052100.0,0,0,0,0,0,0,0,0,0,0,0,0,0,0,0,0,0,0,0,0,0,0,0,0,0,0,0,0,0,0,0,0,107,2026-02-05 12:12:55.391333
SMMR,25.32,25.22,25.29,3636.0,2167700.0,3131.0,1997100.0,0,0,0,0,0,0,0,0,0,0,0,0,0,0,0,0,0,0,0,0,0,0,0,0,0,0,0,0,0,0,0,0,107,2026-02-05 12:12:55.391333
ATMN,24.46,24.46,24.5,5109.0,1868200.0,3720.0,1790000.0,0,0,0,0,0,0,0,0,0,0,0,0,0,0,0,0,0,0,0,0,0,0,0,0,0,0,0,0,0,0,0,0,107,2026-02-05 12:12:55.391333
WNTR,25.52,25.59,25.6,4106.0,2063000.0,4106.0,1970100.0,0,0,0,0,0,0,0,0,0,0,0,0,0,0,0,0,0,0,0,0,0,0,0,0,0,0,0,0,0,0,0,0,107,2026-02-05 12:12:55.391333
SPNG,23.74,23.83,23.91,2448900.0,2170300.0,,,0,0,0,0,0,0,0,0,0,0,0,0,0,0,0,0,0,0,0,0,0,0,0,0,0,0,0,0,0,0,0,0,108,2026-02-05 12:12:56.437775
SMMR,25.32,25.25,25.28,1901100.0,1783000.0,8636.0,8131.0,0,0,0,0,0,0,0,0,0,0,0,0,0,0,0,0,0,0,0,0,0,0,0,0,0,0,0,0,0,0,0,0,108,2026-02-05 12:12:56.437775
ATMN,24.72,24.46,24.72,1774900.0,1755400.0,7773.0,3720.0,0,0,0,0,0,0,0,0,0,0,0,0,0,0,0,0,0,0,0,0,0,0,0,0,0,0,0,0,0,0,0,0,108,2026-02-05 12:12:56.437775
WNTR,25.58,25.5,25.58,2283200.0,2190900.0,,,0,0,0,0,0,0,0,0,0,0,0,0,0,0,0,0,0,0,0,0,0,0,0,0,0,0,0,0,0,0,0,0,108,2026-02-05 12:12:56.437775
SPNG,23.83,23.38,23.65,2465700.0,2176300.0,,,0,0,0,0,0,0,0,0,0,0,0,0,0,0,0,0,0,0,0,0,0,0,0,0,0,0,0,0,0,0,0,0,109,2026-02-05 12:12:57.478615
SMMR,25.41,25.25,25.41,1880300.0,2111000.0,8636.0,1595.0,0,0,0,0,0,0,0,0,0,0,0,0,0,0,0,0,0,0,0,0,0,0,0,0,0,0,0,0,0,0,0,0,109,2026-02-05 12:12:57.478615
ATMN,24.47,24.63,24.64,1782600.0,1785900.0,7773.0,3720.0,0,0,0,0,0,0,0,0,0,0,0,0,0,0,0,0,0,0,0,0,0,0,0,0,0,0,0,0,0,0,0,0,109,2026-02-05 12:12:57.478615
WNTR,25.4,25.4,25.55,2292500.0,1939000.0,,5000.0,0,0,0,0,0,0,0,0,0,0,0,0,0,0,0,0,0,0,0,0,0,0,0,0,0,0,0,0,0,0,0,0,109,2026-02-05 12:12:57.478615
SPNG,23.91,23.49,23.91,2455500.0,2170300.0,,,0,0,0,0,0,0,0,0,0,0,0,0,0,0,0,0,0,0,0,0,0,0,0,0,0,0,0,0,0,0,0,0,110,2026-02-05 12:12:58.521729
SMMR,25.24,25.24,25.32,2145500.0,2136300.0,3636.0,1595.0,0,0,0,0,0,0,0,0,0,0,0,0,0,0,0,0,0,0,0,0,0,0,0,0,0,0,0,0,0,0,0,0,110,2026-02-05 12:12:58.521729
ATMN,24.46,24.46,24.64,1868200.0,1816800.0,5740.0,3720.0,0,0,0,0,0,0,0,0,0,0,0,0,0,0,0,0,0,0,0,0,0,0,0,0,0,0,0,0,0,0,0,0,110,2026-02-05 12:12:58.521729
WNTR,25.69,25.4,25.69,2292500.0,2248900.0,,,0,0,0,0,0,0,0,0,0,0,0,0,0,0,0,0,0,0,0,0,0,0,0,0,0,0,0,0,0,0,0,0,110,2026-02-05 12:12:58.521729
SPNG,23.49,23.49,23.75,2460300.0,2181900.0,,,0,0,0,0,0,0,0,0,0,0,0,0,0,0,0,0,0,0,0,0,0,0,0,0,0,0,0,0,0,0,0,0,111,2026-02-05 12:12:59.560864
SMMR,25.26,25.24,25.26,2145500.0,2131500.0,3636.0,1595.0,0,0,0,0,0,0,0,0,0,0,0,0,0,0,0,0,0,0,0,0,0,0,0,0,0,0,0,0,0,0,0,0,111,2026-02-05 12:12:59.560864
ATMN,24.38,24.38,24.64,2094300.0,1837300.0,2305.0,3720.0,0,0,0,0,0,0,0,0,0,0,0,0,0,0,0,0,0,0,0,0,0,0,0,0,0,0,0,0,0,0,0,0,111,2026-02-05 12:12:59.560864
WNTR,25.69,25.4,25.62,2309500.0,2242900.0,,,0,0,0,0,0,0,0,0,0,0,0,0,0,0,0,0,0,0,0,0,0,0,0,0,0,0,0,0,0,0,0,0,111,2026-02-05 12:12:59.560864
SPNG,23.49,23.49,23.61,2460300.0,2182400.0,0,0,0,0,0,0,0,0,0,0,0,0,0,0,0,0,0,0,0,0,0,0,0,0,0,0,0,0,0,0,0,0,0,0,112,2026-02-05 12:13:00.601066
SMMR,25.26,25.27,25.41,2339800.0,2228000.0,0,0,0,0,0,0,0,0,0,0,0,0,0,0,0,0,0,0,0,0,0,0,0,0,0,0,0,0,0,0,0,0,0,0,112,2026-02-05 12:13:00.601066
ATMN,24.31,24.63,24.64,2236600.0,2024400.0,0,0,0,0,0,0,0,0,0,0,0,0,0,0,0,0,0,0,0,0,0,0,0,0,0,0,0,0,0,0,0,0,0,0,112,2026-02-05 12:13:00.601066
WNTR,25.69,25.61,25.62,2324600.0,2242900.0,0,0,0,0,0,0,0,0,0,0,0,0,0,0,0,0,0,0,0,0,0,0,0,0,0,0,0,0,0,0,0,0,0,0,112,2026-02-05 12:13:00.601066
SPNG,23.61,23.62,23.75,2215600.0,984.0,2181900.0,0,0,0,0,0,0,0,0,0,0,0,0,0,0,0,0,0,0,0,0,0,0,0,0,0,0,0,0,0,0,0,0,0,113,2026-02-05 12:13:01.639188
SMMR,25.24,25.25,25.34,2214900.0,3000.0,2225500.0,0,0,0,0,0,0,0,0,0,0,0,0,0,0,0,0,0,0,0,0,0,0,0,0,0,0,0,0,0,0,0,0,0,113,2026-02-05 12:13:01.639188
ATMN,24.63,24.31,24.58,2237600.0,,2039900.0,0,0,0,0,0,0,0,0,0,0,0,0,0,0,0,0,0,0,0,0,0,0,0,0,0,0,0,0,0,0,0,0,0,113,2026-02-05 12:13:01.639188
WNTR,25.67,25.67,25.71,2343000.0,,2229700.0,0,0,0,0,0,0,0,0,0,0,0,0,0,0,0,0,0,0,0,0,0,0,0,0,0,0,0,0,0,0,0,0,0,113,2026-02-05 12:13:01.639188
SPNG,23.38,23.38,23.91,2427700.0,2170300.0,0,0,0,0,0,0,0,0,0,0,0,0,0,0,0,0,0,0,0,0,0,0,0,0,0,0,0,0,0,0,0,0,0,0,114,2026-02-05 12:13:02.174177
SMMR,25.24,25.24,25.34,2350300.0,2232800.0,0,0,0,0,0,0,0,0,0,0,0,0,0,0,0,0,0,0,0,0,0,0,0,0,0,0,0,0,0,0,0,0,0,0,114,2026-02-05 12:13:02.174177
ATMN,24.48,24.31,24.48,2248100.0,2039500.0,0,0,0,0,0,0,0,0,0,0,0,0,0,0,0,0,0,0,0,0,0,0,0,0,0,0,0,0,0,0,0,0,0,0,114,2026-02-05 12:13:02.174177
WNTR,25.61,25.61,25.68,2324600.0,2201600.0,0,0,0,0,0,0,0,0,0,0,0,0,0,0,0,0,0,0,0,0,0,0,0,0,0,0,0,0,0,0,0,0,0,0,114,2026-02-05 12:13:02.174177
SPNG,23.38,23.57,23.71,2442400.0,2196700.0,0,0,0,0,0,0,0,0,0,0,0,0,0,0,0,0,0,0,0,0,0,0,0,0,0,0,0,0,0,0,0,0,0,0,115,2026-02-05 12:13:03.214453
SMMR,25.37,25.24,25.37,2350300.0,2226700.0,0,0,0,0,0,0,0,0,0,0,0,0,0,0,0,0,0,0,0,0,0,0,0,0,0,0,0,0,0,0,0,0,0,0,115,2026-02-05 12:13:03.214453
ATMN,24.45,24.45,24.48,2255500.0,2039500.0,0,0,0,0,0,0,0,0,0,0,0,0,0,0,0,0,0,0,0,0,0,0,0,0,0,0,0,0,0,0,0,0,0,0,115,2026-02-05 12:13:03.214453
WNTR,25.61,25.4,25.45,2309500.0,2177600.0,0,0,0,0,0,0,0,0,0,0,0,0,0,0,0,0,0,0,0,0,0,0,0,0,0,0,0,0,0,0,0,0,0,0,115,2026-02-05 12:13:03.214453
SPNG,23.38,23.6,23.71,984.0,2200000.0,2225000.0,0,0,0,0,0,0,0,0,0,0,0,0,0,0,0,0,0,0,0,0,0,0,0,0,0,0,0,0,0,0,0,0,0,116,2026-02-05 12:13:04.253168
SMMR,25.22,25.22,25.37,,2395600.0,2243500.0,0,0,0,0,0,0,0,0,0,0,0,0,0,0,0,0,0,0,0,0,0,0,0,0,0,0,0,0,0,0,0,0,0,116,2026-02-05 12:13:04.253168
ATMN,24.26,24.26,24.64,,2250800.0,2027500.0,0,0,0,0,0,0,0,0,0,0,0,0,0,0,0,0,0,0,0,0,0,0,0,0,0,0,0,0,0,0,0,0,0,116,2026-02-05 12:13:04.253168
WNTR,25.68,25.61,25.68,344.0,2073600.0,2179600.0,0,0,0,0,0,0,0,0,0,0,0,0,0,0,0,0,0,0,0,0,0,0,0,0,0,0,0,0,0,0,0,0,0,116,2026-02-05 12:13:04.253168
SPNG,23.71,23.61,23.71,984.0,2200000.0,2213600.0,,0,0,0,0,0,0,0,0,0,0,0,0,0,0,0,0,0,0,0,0,0,0,0,0,0,0,0,0,0,0,0,0,117,2026-02-05 12:13:05.292355
SMMR,25.18,25.18,25.24,,2433400.0,2034500.0,2826.0,0,0,0,0,0,0,0,0,0,0,0,0,0,0,0,0,0,0,0,0,0,0,0,0,0,0,0,0,0,0,0,0,117,2026-02-05 12:13:05.292355
ATMN,24.64,24.59,24.64,,2221800.0,2034000.0,,0,0,0,0,0,0,0,0,0,0,0,0,0,0,0,0,0,0,0,0,0,0,0,0,0,0,0,0,0,0,0,0,117,2026-02-05 12:13:05.292355
WNTR,25.66,25.66,25.68,172.0,2174300.0,2179600.0,,0,0,0,0,0,0,0,0,0,0,0,0,0,0,0,0,0,0,0,0,0,0,0,0,0,0,0,0,0,0,0,0,117,2026-02-05 12:13:05.292355
SPNG,23.91,23.38,23.91,2427700.0,2217300.0,0,0,0,0,0,0,0,0,0,0,0,0,0,0,0,0,0,0,0,0,0,0,0,0,0,0,0,0,0,0,0,0,0,0,118,2026-02-05 12:13:06.329848
SMMR,25.17,25.17,25.35,2458100.0,2237100.0,0,0,0,0,0,0,0,0,0,0,0,0,0,0,0,0,0,0,0,0,0,0,0,0,0,0,0,0,0,0,0,0,0,0,118,2026-02-05 12:13:06.329848
ATMN,24.11,24.11,24.49,2228500.0,2028700.0,0,0,0,0,0,0,0,0,0,0,0,0,0,0,0,0,0,0,0,0,0,0,0,0,0,0,0,0,0,0,0,0,0,0,118,2026-02-05 12:13:06.329848
WNTR,25.64,25.64,25.68,2318900.0,2179600.0,0,0,0,0,0,0,0,0,0,0,0,0,0,0,0,0,0,0,0,0,0,0,0,0,0,0,0,0,0,0,0,0,0,0,118,2026-02-05 12:13:06.329848
SPNG,23.62,23.38,23.62,2427700.0,2238500.0,0,0,0,0,0,0,0,0,0,0,0,0,0,0,0,0,0,0,0,0,0,0,0,0,0,0,0,0,0,0,0,0,0,0,119,2026-02-05 12:13:07.367474
SMMR,25.35,25.15,25.35,2448800.0,2237100.0,0,0,0,0,0,0,0,0,0,0,0,0,0,0,0,0,0,0,0,0,0,0,0,0,0,0,0,0,0,0,0,0,0,0,119,2026-02-05 12:13:07.367474
ATMN,24.49,24.11,24.49,2190600.0,2028700.0,0,0,0,0,0,0,0,0,0,0,0,0,0,0,0,0,0,0,0,0,0,0,0,0,0,0,0,0,0,0,0,0,0,0,119,2026-02-05 12:13:07.367474
WNTR,25.71,25.66,25.71,2312800.0,2208300.0,0,0,0,0,0,0,0,0,0,0,0,0,0,0,0,0,0,0,0,0,0,0,0,0,0,0,0,0,0,0,0,0,0,0,119,2026-02-05 12:13:07.367474
SPNG,23.38,23.59,23.71,1099700.0,905100.0,0,0,0,0,0,0,0,0,0,0,0,0,0,0,0,0,0,0,0,0,0,0,0,0,0,0,0,0,0,0,0,0,0,0,120,2026-02-05 12:13:08.405877
SMMR,26.51,25.98,26.16,771100.0,830000.0,0,0,0,0,0,0,0,0,0,0,0,0,0,0,0,0,0,0,0,0,0,0,0,0,0,0,0,0,0,0,0,0,0,0,120,2026-02-05 12:13:08.405877
ATMN,26.11,25.46,25.58,646600.0,701300.0,0,0,0,0,0,0,0,0,0,0,0,0,0,0,0,0,0,0,0,0,0,0,0,0,0,0,0,0,0,0,0,0,0,0,120,2026-02-05 12:13:08.405877
WNTR,24.26,24.26,0.0,200000.0,,0,0,0,0,0,0,0,0,0,0,0,0,0,0,0,0,0,0,0,0,0,0,0,0,0,0,0,0,0,0,0,0,0,0,120,2026-02-05 12:13:08.405877
SPNG,23.6,23.6,23.71,1227600.0,905100.0,,,0,0,0,0,0,0,0,0,0,0,0,0,0,0,0,0,0,0,0,0,0,0,0,0,0,0,0,0,0,0,0,0,121,2026-02-05 12:13:09.439081
SMMR,26.16,26.02,26.16,1108900.0,924800.0,7466.0,,0,0,0,0,0,0,0,0,0,0,0,0,0,0,0,0,0,0,0,0,0,0,0,0,0,0,0,0,0,0,0,0,121,2026-02-05 12:13:09.439081
ATMN,25.66,25.87,26.22,862400.0,926100.0,,,0,0,0,0,0,0,0,0,0,0,0,0,0,0,0,0,0,0,0,0,0,0,0,0,0,0,0,0,0,0,0,0,121,2026-02-05 12:13:09.439081
WNTR,24.26,24.26,24.29,1218300.0,831700.0,6496.0,10000.0,0,0,0,0,0,0,0,0,0,0,0,0,0,0,0,0,0,0,0,0,0,0,0,0,0,0,0,0,0,0,0,0,121,2026-02-05 12:13:09.439081
SPNG,23.59,23.59,24.0,1099700.0,879900.0,,,0,0,0,0,0,0,0,0,0,0,0,0,0,0,0,0,0,0,0,0,0,0,0,0,0,0,0,0,0,0,0,0,122,2026-02-05 12:13:10.473790
SMMR,26.12,26.15,26.16,1294300.0,924800.0,14148.0,,0,0,0,0,0,0,0,0,0,0,0,0,0,0,0,0,0,0,0,0,0,0,0,0,0,0,0,0,0,0,0,0,122,2026-02-05 12:13:10.473790
ATMN,25.87,25.87,26.14,862400.0,1034000.0,,6532.0,0,0,0,0,0,0,0,0,0,0,0,0,0,0,0,0,0,0,0,0,0,0,0,0,0,0,0,0,0,0,0,0,122,2026-02-05 12:13:10.473790
WNTR,24.24,24.27,24.29,1370600.0,831700.0,5140.0,5140.0,0,0,0,0,0,0,0,0,0,0,0,0,0,0,0,0,0,0,0,0,0,0,0,0,0,0,0,0,0,0,0,0,122,2026-02-05 12:13:10.473790
SPNG,23.59,23.59,23.86,1147600.0,1055000.0,2570.0,,0,0,0,0,0,0,0,0,0,0,0,0,0,0,0,0,0,0,0,0,0,0,0,0,0,0,0,0,0,0,0,0,123,2026-02-05 12:13:11.507701
SMMR,26.36,26.29,26.36,1627800.0,904700.0,,18987.0,0,0,0,0,0,0,0,0,0,0,0,0,0,0,0,0,0,0,0,0,0,0,0,0,0,0,0,0,0,0,0,0,123,2026-02-05 12:13:11.507701
ATMN,25.87,25.92,26.06,1154400.0,1034000.0,13214.0,4822.0,0,0,0,0,0,0,0,0,0,0,0,0,0,0,0,0,0,0,0,0,0,0,0,0,0,0,0,0,0,0,0,0,123,2026-02-05 12:13:11.507701
WNTR,24.51,24.34,24.46,1503100.0,842000.0,4964.0,10104.0,0,0,0,0,0,0,0,0,0,0,0,0,0,0,0,0,0,0,0,0,0,0,0,0,0,0,0,0,0,0,0,0,123,2026-02-05 12:13:11.507701
SPNG,23.39,23.76,23.8,1360100.0,5000.0,1188100.0,,,,0,0,0,0,0,0,0,0,0,0,0,0,0,0,0,0,0,0,0,0,0,0,0,0,0,0,0,0,0,0,124,2026-02-05 12:13:12.563714
SMMR,26.57,26.29,26.57,1761400.0,,859700.0,4764.0,,,0,0,0,0,0,0,0,0,0,0,0,0,0,0,0,0,0,0,0,0,0,0,0,0,0,0,0,0,0,0,124,2026-02-05 12:13:12.563714
ATMN,25.88,25.88,26.22,1353400.0,,1034000.0,,,,0,0,0,0,0,0,0,0,0,0,0,0,0,0,0,0,0,0,0,0,0,0,0,0,0,0,0,0,0,0,124,2026-02-05 12:13:12.563714
WNTR,24.46,24.47,24.49,1493100.0,,1047700.0,,5349.0,5349.0,0,0,0,0,0,0,0,0,0,0,0,0,0,0,0,0,0,0,0,0,0,0,0,0,0,0,0,0,0,0,124,2026-02-05 12:13:12.563714
SPNG,23.76,23.05,23.38,1352200.0,100.0,1451800.0,5000.0,,,0,0,0,0,0,0,0,0,0,0,0,0,0,0,0,0,0,0,0,0,0,0,0,0,0,0,0,0,0,0,125,2026-02-05 12:13:13.631779
SMMR,27.01,26.46,26.7,1894600.0,14668.0,917000.0,,4764.0,4538.0,0,0,0,0,0,0,0,0,0,0,0,0,0,0,0,0,0,0,0,0,0,0,0,0,0,0,0,0,0,0,125,2026-02-05 12:13:13.631779
ATMN,26.08,26.0,26.03,1544000.0,,1113600.0,2175.0,4350.0,3159.0,0,0,0,0,0,0,0,0,0,0,0,0,0,0,0,0,0,0,0,0,0,0,0,0,0,0,0,0,0,0,125,2026-02-05 12:13:13.631779
WNTR,24.24,24.39,24.42,1388700.0,4477.0,1143200.0,,2500.0,13064.0,0,0,0,0,0,0,0,0,0,0,0,0,0,0,0,0,0,0,0,0,0,0,0,0,0,0,0,0,0,0,125,2026-02-05 12:13:13.631779
SPNG,23.76,23.1,23.13,3370.0,1722900.0,5700.0,4185.0,4200.0,1451800.0,0,0,0,0,0,0,0,0,0,0,0,0,0,0,0,0,0,0,0,0,0,0,0,0,0,0,0,0,0,0,126,2026-02-05 12:13:14.675475
SMMR,27.01,26.58,26.64,4764.0,1756400.0,20584.0,,4764.0,1161700.0,0,0,0,0,0,0,0,0,0,0,0,0,0,0,0,0,0,0,0,0,0,0,0,0,0,0,0,0,0,0,126,2026-02-05 12:13:14.675475
ATMN,26.22,26.13,26.22,4350.0,1544000.0,10372.0,,,1117200.0,0,0,0,0,0,0,0,0,0,0,0,0,0,0,0,0,0,0,0,0,0,0,0,0,0,0,0,0,0,0,126,2026-02-05 12:13:14.675475
WNTR,24.39,24.28,24.32,,1721900.0,4651.0,5000.0,14543.0,1242600.0,0,0,0,0,0,0,0,0,0,0,0,0,0,0,0,0,0,0,0,0,0,0,0,0,0,0,0,0,0,0,126,2026-02-05 12:13:14.675475
SPNG,23.86,23.43,23.86,1980300.0,3370.0,5700.0,1314600.0,,,0,0,0,0,0,0,0,0,0,0,0,0,0,0,0,0,0,0,0,0,0,0,0,0,0,0,0,0,0,0,127,2026-02-05 12:13:15.214410
SMMR,26.44,26.33,26.44,1894600.0,2382.0,6953.0,1260600.0,4764.0,1946.0,0,0,0,0,0,0,0,0,0,0,0,0,0,0,0,0,0,0,0,0,0,0,0,0,0,0,0,0,0,0,127,2026-02-05 12:13:15.214410
ATMN,26.0,25.91,25.97,1544000.0,,,1324100.0,100.0,,0,0,0,0,0,0,0,0,0,0,0,0,0,0,0,0,0,0,0,0,0,0,0,0,0,0,0,0,0,0,127,2026-02-05 12:13:15.214410
WNTR,24.23,24.26,24.32,1679900.0,,,1242600.0,14543.0,5000.0,0,0,0,0,0,0,0,0,0,0,0,0,0,0,0,0,0,0,0,0,0,0,0,0,0,0,0,0,0,0,127,2026-02-05 12:13:15.214410
SPNG,23.84,23.84,23.86,2102800.0,100.0,3370.0,1476200.0,,,0,0,0,0,0,0,0,0,0,0,0,0,0,0,0,0,0,0,0,0,0,0,0,0,0,0,0,0,0,0,128,2026-02-05 12:13:16.245414
SMMR,26.44,26.34,26.41,2109000.0,4062.0,2382.0,1260600.0,5792.0,3892.0,0,0,0,0,0,0,0,0,0,0,0,0,0,0,0,0,0,0,0,0,0,0,0,0,0,0,0,0,0,0,128,2026-02-05 12:13:16.245414
ATMN,25.96,25.96,25.97,1664400.0,100.0,4492.0,1324100.0,,4492.0,0,0,0,0,0,0,0,0,0,0,0,0,0,0,0,0,0,0,0,0,0,0,0,0,0,0,0,0,0,0,128,2026-02-05 12:13:16.245414
WNTR,24.26,24.18,24.22,1686800.0,,1613.0,1442600.0,7529.0,5000.0,0,0,0,0,0,0,0,0,0,0,0,0,0,0,0,0,0,0,0,0,0,0,0,0,0,0,0,0,0,0,128,2026-02-05 12:13:16.245414
SPNG,23.43,23.6,23.86,4078.0,2091200.0,1586900.0,3188.0,,,0,0,0,0,0,0,0,0,0,0,0,0,0,0,0,0,0,0,0,0,0,0,0,0,0,0,0,0,0,0,129,2026-02-05 12:13:17.276456
SMMR,26.44,26.43,26.44,2382.0,1916000.0,1372200.0,,7605.0,3892.0,0,0,0,0,0,0,0,0,0,0,0,0,0,0,0,0,0,0,0,0,0,0,0,0,0,0,0,0,0,0,129,2026-02-05 12:13:17.276456
ATMN,25.95,26.11,26.33,,1764600.0,1138300.0,,100.0,,0,0,0,0,0,0,0,0,0,0,0,0,0,0,0,0,0,0,0,0,0,0,0,0,0,0,0,0,0,0,129,2026-02-05 12:13:17.276456
WNTR,24.34,24.23,24.34,3226.0,1900400.0,1346300.0,,,2500.0,0,0,0,0,0,0,0,0,0,0,0,0,0,0,0,0,0,0,0,0,0,0,0,0,0,0,0,0,0,0,129,2026-02-05 12:13:17.276456
SPNG,23.55,23.8,23.81,2342600.0,1685.0,3288.0,1586900.0,,,0,0,0,0,0,0,0,0,0,0,0,0,0,0,0,0,0,0,0,0,0,0,0,0,0,0,0,0,0,0,130,2026-02-05 12:13:18.315503
SMMR,26.53,26.53,26.59,1564900.0,7382.0,,1273300.0,15071.0,1946.0,0,0,0,0,0,0,0,0,0,0,0,0,0,0,0,0,0,0,0,0,0,0,0,0,0,0,0,0,0,0,130,2026-02-05 12:13:18.315503
ATMN,26.11,26.11,26.29,1764600.0,,100.0,1305300.0,100.0,,0,0,0,0,0,0,0,0,0,0,0,0,0,0,0,0,0,0,0,0,0,0,0,0,0,0,0,0,0,0,130,2026-02-05 12:13:18.315503
WNTR,24.41,24.41,24.49,2004000.0,3226.0,,1246900.0,7503.0,,0,0,0,0,0,0,0,0,0,0,0,0,0,0,0,0,0,0,0,0,0,0,0,0,0,0,0,0,0,0,130,2026-02-05 12:13:18.315503
SPNG,23.45,23.62,23.81,2475400.0,1685.0,100.0,1586900.0,,,0,0,0,0,0,0,0,0,0,0,0,0,0,0,0,0,0,0,0,0,0,0,0,0,0,0,0,0,0,0,131,2026-02-05 12:13:19.352363
SMMR,26.43,26.43,26.59,1915900.0,7382.0,1366.0,1384800.0,1946.0,,0,0,0,0,0,0,0,0,0,0,0,0,0,0,0,0,0,0,0,0,0,0,0,0,0,0,0,0,0,0,131,2026-02-05 12:13:19.352363
ATMN,26.11,26.15,26.18,1764600.0,4350.0,3996.0,1595800.0,4350.0,5328.0,0,0,0,0,0,0,0,0,0,0,0,0,0,0,0,0,0,0,0,0,0,0,0,0,0,0,0,0,0,0,131,2026-02-05 12:13:19.352363
WNTR,24.41,24.25,24.34,1856000.0,4839.0,5954.0,1452300.0,,9669.0,0,0,0,0,0,0,0,0,0,0,0,0,0,0,0,0,0,0,0,0,0,0,0,0,0,0,0,0,0,0,131,2026-02-05 12:13:19.352363
SPNG,23.44,23.44,23.76,2338400.0,1685.0,200.0,4786.0,1738300.0,,0,0,0,0,0,0,0,0,0,0,0,0,0,0,0,0,0,0,0,0,0,0,0,0,0,0,0,0,0,0,132,2026-02-05 12:13:20.397152
SMMR,26.36,26.36,26.52,2204900.0,2382.0,1366.0,1946.0,1485800.0,,0,0,0,0,0,0,0,0,0,0,0,0,0,0,0,0,0,0,0,0,0,0,0,0,0,0,0,0,0,0,132,2026-02-05 12:13:20.397152
ATMN,25.88,25.88,26.17,1582200.0,,7262.0,4350.0,1551100.0,,0,0,0,0,0,0,0,0,0,0,0,0,0,0,0,0,0,0,0,0,0,0,0,0,0,0,0,0,0,0,132,2026-02-05 12:13:20.397152
WNTR,24.37,24.41,24.49,1847500.0,4839.0,5954.0,,1246900.0,9669.0,0,0,0,0,0,0,0,0,0,0,0,0,0,0,0,0,0,0,0,0,0,0,0,0,0,0,0,0,0,0,132,2026-02-05 12:13:20.397152
SPNG,23.57,23.57,23.81,2474000.0,1685.0,100.0,1819800.0,,,0,0,0,0,0,0,0,0,0,0,0,0,0,0,0,0,0,0,0,0,0,0,0,0,0,0,0,0,0,0,133,2026-02-05 12:13:21.440648
SMMR,26.39,26.48,26.52,2197700.0,2382.0,7180.0,1615600.0,5338.0,,0,0,0,0,0,0,0,0,0,0,0,0,0,0,0,0,0,0,0,0,0,0,0,0,0,0,0,0,0,0,133,2026-02-05 12:13:21.440648
ATMN,26.23,26.02,26.23,1377600.0,4350.0,3996.0,1777400.0,,393.0,0,0,0,0,0,0,0,0,0,0,0,0,0,0,0,0,0,0,0,0,0,0,0,0,0,0,0,0,0,0,133,2026-02-05 12:13:21.440648
WNTR,24.23,24.23,24.49,2010200.0,4839.0,5954.0,1246900.0,,,0,0,0,0,0,0,0,0,0,0,0,0,0,0,0,0,0,0,0,0,0,0,0,0,0,0,0,0,0,0,133,2026-02-05 12:13:21.440648
SPNG,23.57,23.67,23.76,2385800.0,100.0,1685.0,100.0,1937800.0,,0,0,0,0,0,0,0,0,0,0,0,0,0,0,0,0,0,0,0,0,0,0,0,0,0,0,0,0,0,0,134,2026-02-05 12:13:22.482496
SMMR,26.52,26.49,26.52,2050400.0,7466.0,2382.0,,1615600.0,5338.0,0,0,0,0,0,0,0,0,0,0,0,0,0,0,0,0,0,0,0,0,0,0,0,0,0,0,0,0,0,0,134,2026-02-05 12:13:22.482496
ATMN,26.25,25.92,26.25,1476900.0,,,,1666100.0,,0,0,0,0,0,0,0,0,0,0,0,0,0,0,0,0,0,0,0,0,0,0,0,0,0,0,0,0,0,0,134,2026-02-05 12:13:22.482496
WNTR,24.18,24.31,24.34,1876300.0,8771.0,6607.0,10000.0,1371200.0,,0,0,0,0,0,0,0,0,0,0,0,0,0,0,0,0,0,0,0,0,0,0,0,0,0,0,0,0,0,0,134,2026-02-05 12:13:22.482496
SPNG,23.67,23.37,23.67,2188100.0,1685.0,1921200.0,1850.0,2393.0,,0,0,0,0,0,0,0,0,0,0,0,0,0,0,0,0,0,0,0,0,0,0,0,0,0,0,0,0,0,0,135,2026-02-05 12:13:23.519057
SMMR,26.46,26.46,26.52,2176400.0,2382.0,1514600.0,6364.0,5338.0,,0,0,0,0,0,0,0,0,0,0,0,0,0,0,0,0,0,0,0,0,0,0,0,0,0,0,0,0,0,0,135,2026-02-05 12:13:23.519057
ATMN,25.98,25.71,25.8,1561400.0,,1768300.0,8273.0,,,0,0,0,0,0,0,0,0,0,0,0,0,0,0,0,0,0,0,0,0,0,0,0,0,0,0,0,0,0,0,135,2026-02-05 12:13:23.519057
WNTR,24.34,24.32,24.34,1738400.0,6607.0,1568700.0,10000.0,,16000.0,0,0,0,0,0,0,0,0,0,0,0,0,0,0,0,0,0,0,0,0,0,0,0,0,0,0,0,0,0,0,135,2026-02-05 12:13:23.519057
SPNG,23.6,23.71,23.81,2310000.0,100.0,1685.0,2149600.0,,,0,0,0,0,0,0,0,0,0,0,0,0,0,0,0,0,0,0,0,0,0,0,0,0,0,0,0,0,0,0,136,2026-02-05 12:13:24.558203
SMMR,26.51,26.51,26.52,1800900.0,100.0,6012.0,1514600.0,6364.0,3642.0,0,0,0,0,0,0,0,0,0,0,0,0,0,0,0,0,0,0,0,0,0,0,0,0,0,0,0,0,0,0,136,2026-02-05 12:13:24.558203
ATMN,25.8,25.71,25.8,1784000.0,100.0,,1768300.0,8273.0,,0,0,0,0,0,0,0,0,0,0,0,0,0,0,0,0,0,0,0,0,0,0,0,0,0,0,0,0,0,0,136,2026-02-05 12:13:24.558203
WNTR,24.26,24.26,24.43,2259200.0,,1613.0,1696300.0,,,0,0,0,0,0,0,0,0,0,0,0,0,0,0,0,0,0,0,0,0,0,0,0,0,0,0,0,0,0,0,136,2026-02-05 12:13:24.558203
SPNG,23.37,23.37,23.93,2188100.0,1685.0,2159100.0,,,,0,0,0,0,0,0,0,0,0,0,0,0,0,0,0,0,0,0,0,0,0,0,0,0,0,0,0,0,0,0,137,2026-02-05 12:13:25.624865
SMMR,26.65,26.61,26.65,1697800.0,6012.0,1273200.0,15759.0,8099.0,1946.0,0,0,0,0,0,0,0,0,0,0,0,0,0,0,0,0,0,0,0,0,0,0,0,0,0,0,0,0,0,0,137,2026-02-05 12:13:25.624865
ATMN,25.87,25.96,26.16,1622700.0,4350.0,1666100.0,6632.0,100.0,,0,0,0,0,0,0,0,0,0,0,0,0,0,0,0,0,0,0,0,0,0,0,0,0,0,0,0,0,0,0,137,2026-02-05 12:13:25.624865
WNTR,24.38,24.34,24.35,1847900.0,6607.0,1779200.0,10000.0,6000.0,,0,0,0,0,0,0,0,0,0,0,0,0,0,0,0,0,0,0,0,0,0,0,0,0,0,0,0,0,0,0,137,2026-02-05 12:13:25.624865
SPNG,23.94,23.61,23.77,100.0,2310600.0,1685.0,2175700.0,,,0,0,0,0,0,0,0,0,0,0,0,0,0,0,0,0,0,0,0,0,0,0,0,0,0,0,0,0,0,0,138,2026-02-05 12:13:26.699155
SMMR,26.48,26.48,26.63,,2057800.0,4197.0,1476400.0,14525.0,1946.0,0,0,0,0,0,0,0,0,0,0,0,0,0,0,0,0,0,0,0,0,0,0,0,0,0,0,0,0,0,0,138,2026-02-05 12:13:26.699155
ATMN,25.81,26.02,26.21,6632.0,1643000.0,4350.0,1550400.0,6532.0,,0,0,0,0,0,0,0,0,0,0,0,0,0,0,0,0,0,0,0,0,0,0,0,0,0,0,0,0,0,0,138,2026-02-05 12:13:26.699155
WNTR,24.26,24.21,24.22,,2215800.0,1613.0,1916200.0,16000.0,,0,0,0,0,0,0,0,0,0,0,0,0,0,0,0,0,0,0,0,0,0,0,0,0,0,0,0,0,0,0,138,2026-02-05 12:13:26.699155
SPNG,23.6,23.37,23.47,2188100.0,1685.0,2211200.0,,,,0,0,0,0,0,0,0,0,0,0,0,0,0,0,0,0,0,0,0,0,0,0,0,0,0,0,0,0,0,0,139,2026-02-05 12:13:27.279154
SMMR,26.63,26.48,26.63,2018700.0,4197.0,1595600.0,14525.0,6718.0,,0,0,0,0,0,0,0,0,0,0,0,0,0,0,0,0,0,0,0,0,0,0,0,0,0,0,0,0,0,0,139,2026-02-05 12:13:27.279154
ATMN,26.05,26.02,26.05,1763400.0,2175.0,1633900.0,6532.0,,6632.0,0,0,0,0,0,0,0,0,0,0,0,0,0,0,0,0,0,0,0,0,0,0,0,0,0,0,0,0,0,0,139,2026-02-05 12:13:27.279154
WNTR,24.26,24.21,24.22,2215800.0,1613.0,1916600.0,16000.0,,,0,0,0,0,0,0,0,0,0,0,0,0,0,0,0,0,0,0,0,0,0,0,0,0,0,0,0,0,0,0,139,2026-02-05 12:13:27.279154
SPNG,23.77,23.4,23.46,100.0,2401300.0,1685.0,100.0,2094200.0,,0,0,0,0,0,0,0,0,0,0,0,0,0,0,0,0,0,0,0,0,0,0,0,0,0,0,0,0,0,0,140,2026-02-05 12:13:28.319168
SMMR,26.53,26.44,26.53,,2008000.0,4197.0,3845.0,1718200.0,6718.0,0,0,0,0,0,0,0,0,0,0,0,0,0,0,0,0,0,0,0,0,0,0,0,0,0,0,0,0,0,0,140,2026-02-05 12:13:28.319168
ATMN,26.03,25.81,25.93,,1973100.0,2175.0,,1645100.0,2246.0,0,0,0,0,0,0,0,0,0,0,0,0,0,0,0,0,0,0,0,0,0,0,0,0,0,0,0,0,0,0,140,2026-02-05 12:13:28.319168
WNTR,24.22,24.21,24.22,,2224800.0,1613.0,7690.0,1921000.0,1374.0,0,0,0,0,0,0,0,0,0,0,0,0,0,0,0,0,0,0,0,0,0,0,0,0,0,0,0,0,0,0,140,2026-02-05 12:13:28.319168
SPNG,23.37,23.39,23.46,2419400.0,1685.0,5600.0,4786.0,1867700.0,,0,0,0,0,0,0,0,0,0,0,0,0,0,0,0,0,0,0,0,0,0,0,0,0,0,0,0,0,0,0,141,2026-02-05 12:13:29.364697
SMMR,26.44,26.66,26.74,1782900.0,6136.0,,,1475500.0,694.0,0,0,0,0,0,0,0,0,0,0,0,0,0,0,0,0,0,0,0,0,0,0,0,0,0,0,0,0,0,0,141,2026-02-05 12:13:29.364697
ATMN,25.93,25.94,26.16,1843900.0,2175.0,,2246.0,1629500.0,5796.0,0,0,0,0,0,0,0,0,0,0,0,0,0,0,0,0,0,0,0,0,0,0,0,0,0,0,0,0,0,0,141,2026-02-05 12:13:29.364697
WNTR,24.21,24.18,24.2,2269500.0,1613.0,,2748.0,1922100.0,,0,0,0,0,0,0,0,0,0,0,0,0,0,0,0,0,0,0,0,0,0,0,0,0,0,0,0,0,0,0,141,2026-02-05 12:13:29.364697
SPNG,23.39,23.41,23.44,5600.0,2372600.0,1685.0,100.0,2041100.0,,0,0,0,0,0,0,0,0,0,0,0,0,0,0,0,0,0,0,0,0,0,0,0,0,0,0,0,0,0,0,142,2026-02-05 12:13:30.405309
SMMR,26.56,26.56,26.6,694.0,1893500.0,4197.0,6999.0,1581900.0,3878.0,0,0,0,0,0,0,0,0,0,0,0,0,0,0,0,0,0,0,0,0,0,0,0,0,0,0,0,0,0,0,142,2026-02-05 12:13:30.405309
ATMN,26.06,26.06,26.12,12328.0,1488900.0,7175.0,100.0,1694300.0,,0,0,0,0,0,0,0,0,0,0,0,0,0,0,0,0,0,0,0,0,0,0,0,0,0,0,0,0,0,0,142,2026-02-05 12:13:30.405309
WNTR,24.16,24.16,24.2,,2238700.0,1613.0,8310.0,1816000.0,2748.0,0,0,0,0,0,0,0,0,0,0,0,0,0,0,0,0,0,0,0,0,0,0,0,0,0,0,0,0,0,0,142,2026-02-05 12:13:30.405309
SPNG,23.61,23.61,23.94,2314800.0,100.0,1685.0,2157100.0,,,0,0,0,0,0,0,0,0,0,0,0,0,0,0,0,0,0,0,0,0,0,0,0,0,0,0,0,0,0,0,143,2026-02-05 12:13:31.448770
SMMR,26.5,26.51,26.59,2018100.0,,4197.0,1681300.0,9063.0,3878.0,0,0,0,0,0,0,0,0,0,0,0,0,0,0,0,0,0,0,0,0,0,0,0,0,0,0,0,0,0,0,143,2026-02-05 12:13:31.448770
ATMN,25.94,25.94,26.11,1918900.0,,2175.0,1734400.0,2788.0,,0,0,0,0,0,0,0,0,0,0,0,0,0,0,0,0,0,0,0,0,0,0,0,0,0,0,0,0,0,0,143,2026-02-05 12:13:31.448770
WNTR,24.33,24.33,24.38,1841000.0,5229.0,6179.0,1903400.0,,1374.0,0,0,0,0,0,0,0,0,0,0,0,0,0,0,0,0,0,0,0,0,0,0,0,0,0,0,0,0,0,0,143,2026-02-05 12:13:31.448770
SPNG,23.57,23.42,23.57,100.0,2295000.0,1685.0,1938600.0,4786.0,100.0,0,0,0,0,0,0,0,0,0,0,0,0,0,0,0,0,0,0,0,0,0,0,0,0,0,0,0,0,0,0,144,2026-02-05 12:13:32.500120
SMMR,26.49,26.43,26.49,,2146800.0,2382.0,1691000.0,3878.0,,0,0,0,0,0,0,0,0,0,0,0,0,0,0,0,0,0,0,0,0,0,0,0,0,0,0,0,0,0,0,144,2026-02-05 12:13:32.500120
ATMN,26.19,26.31,26.32,6267.0,1822900.0,2175.0,1694300.0,,,0,0,0,0,0,0,0,0,0,0,0,0,0,0,0,0,0,0,0,0,0,0,0,0,0,0,0,0,0,0,144,2026-02-05 12:13:32.500120
WNTR,24.21,24.16,24.17,5229.0,1825400.0,6179.0,1932100.0,1374.0,7834.0,0,0,0,0,0,0,0,0,0,0,0,0,0,0,0,0,0,0,0,0,0,0,0,0,0,0,0,0,0,0,144,2026-02-05 12:13:32.500120
SPNG,23.54,23.66,23.8,2073400.0,4300.0,1685.0,2089500.0,100.0,,0,0,0,0,0,0,0,0,0,0,0,0,0,0,0,0,0,0,0,0,0,0,0,0,0,0,0,0,0,0,145,2026-02-05 12:13:33.540380
SMMR,26.51,26.6,26.7,2029700.0,8585.0,2382.0,1574900.0,,6939.0,0,0,0,0,0,0,0,0,0,0,0,0,0,0,0,0,0,0,0,0,0,0,0,0,0,0,0,0,0,0,145,2026-02-05 12:13:33.540380
ATMN,26.31,26.31,26.32,1507100.0,12799.0,5427.0,1579700.0,100.0,3252.0,0,0,0,0,0,0,0,0,0,0,0,0,0,0,0,0,0,0,0,0,0,0,0,0,0,0,0,0,0,0,145,2026-02-05 12:13:33.540380
WNTR,24.17,24.19,24.31,1723100.0,6828.0,6179.0,1928000.0,7834.0,1374.0,0,0,0,0,0,0,0,0,0,0,0,0,0,0,0,0,0,0,0,0,0,0,0,0,0,0,0,0,0,0,145,2026-02-05 12:13:33.540380
SPNG,23.39,23.61,23.63,6471.0,2090000.0,2393.0,2098300.0,,,0,0,0,0,0,0,0,0,0,0,0,0,0,0,0,0,0,0,0,0,0,0,0,0,0,0,0,0,0,0,146,2026-02-05 12:13:34.637637
SMMR,26.42,26.45,26.5,2382.0,2050800.0,6939.0,1713700.0,9333.0,9333.0,0,0,0,0,0,0,0,0,0,0,0,0,0,0,0,0,0,0,0,0,0,0,0,0,0,0,0,0,0,0,146,2026-02-05 12:13:34.637637
ATMN,25.9,25.9,25.93,2175.0,1922800.0,3252.0,1704100.0,,,0,0,0,0,0,0,0,0,0,0,0,0,0,0,0,0,0,0,0,0,0,0,0,0,0,0,0,0,0,0,146,2026-02-05 12:13:34.637637
WNTR,24.31,24.28,24.31,8896.0,1595700.0,1374.0,2027600.0,16828.0,,0,0,0,0,0,0,0,0,0,0,0,0,0,0,0,0,0,0,0,0,0,0,0,0,0,0,0,0,0,0,146,2026-02-05 12:13:34.637637
SPNG,23.61,23.39,23.6,2357100.0,1685.0,2094700.0,100.0,,,0,0,0,0,0,0,0,0,0,0,0,0,0,0,0,0,0,0,0,0,0,0,0,0,0,0,0,0,0,0,147,2026-02-05 12:13:35.683316
SMMR,26.52,26.45,26.46,1956800.0,2382.0,1822600.0,,17433.0,5789.0,0,0,0,0,0,0,0,0,0,0,0,0,0,0,0,0,0,0,0,0,0,0,0,0,0,0,0,0,0,0,147,2026-02-05 12:13:35.683316
ATMN,26.33,25.9,26.33,1703800.0,7175.0,1760800.0,,,1626.0,0,0,0,0,0,0,0,0,0,0,0,0,0,0,0,0,0,0,0,0,0,0,0,0,0,0,0,0,0,0,147,2026-02-05 12:13:35.683316
WNTR,24.16,24.16,24.26,2037800.0,3896.0,1952600.0,6231.0,,1374.0,0,0,0,0,0,0,0,0,0,0,0,0,0,0,0,0,0,0,0,0,0,0,0,0,0,0,0,0,0,0,147,2026-02-05 12:13:35.683316
SPNG,23.8,23.8,23.94,2277400.0,1685.0,2182100.0,,,,0,0,0,0,0,0,0,0,0,0,0,0,0,0,0,0,0,0,0,0,0,0,0,0,0,0,0,0,0,0,148,2026-02-05 12:13:36.782233
SMMR,26.52,26.47,26.52,2170600.0,2382.0,1871900.0,4439.0,,,0,0,0,0,0,0,0,0,0,0,0,0,0,0,0,0,0,0,0,0,0,0,0,0,0,0,0,0,0,0,148,2026-02-05 12:13:36.782233
ATMN,25.93,26.32,26.33,1909800.0,2175.0,1795500.0,1626.0,,,0,0,0,0,0,0,0,0,0,0,0,0,0,0,0,0,0,0,0,0,0,0,0,0,0,0,0,0,0,0,148,2026-02-05 12:13:36.782233
WNTR,24.16,24.24,24.25,1744200.0,8072.0,1781300.0,5550.0,2941.0,8973.0,0,0,0,0,0,0,0,0,0,0,0,0,0,0,0,0,0,0,0,0,0,0,0,0,0,0,0,0,0,0,148,2026-02-05 12:13:36.782233
SPNG,23.94,23.44,23.9,100.0,2182200.0,1685.0,4786.0,1992500.0,,0,0,0,0,0,0,0,0,0,0,0,0,0,0,0,0,0,0,0,0,0,0,0,0,0,0,0,0,0,0,149,2026-02-05 12:13:37.319427
SMMR,26.52,26.45,26.52,3451.0,2050800.0,2382.0,4439.0,1870400.0,,0,0,0,0,0,0,0,0,0,0,0,0,0,0,0,0,0,0,0,0,0,0,0,0,0,0,0,0,0,0,149,2026-02-05 12:13:37.319427
ATMN,25.93,26.32,26.33,100.0,1821000.0,2175.0,1626.0,1709900.0,5522.0,0,0,0,0,0,0,0,0,0,0,0,0,0,0,0,0,0,0,0,0,0,0,0,0,0,0,0,0,0,0,149,2026-02-05 12:13:37.319427
WNTR,24.16,24.15,24.16,,2068800.0,3896.0,5550.0,1801900.0,8973.0,0,0,0,0,0,0,0,0,0,0,0,0,0,0,0,0,0,0,0,0,0,0,0,0,0,0,0,0,0,0,149,2026-02-05 12:13:37.319427
SPNG,23.44,23.39,23.4,2320500.0,1685.0,1992500.0,1400.0,4786.0,,0,0,0,0,0,0,0,0,0,0,0,0,0,0,0,0,0,0,0,0,0,0,0,0,0,0,0,0,0,0,150,2026-02-05 12:13:38.348417
SMMR,26.52,26.53,26.57,1718800.0,5686.0,1888800.0,,4439.0,11489.0,0,0,0,0,0,0,0,0,0,0,0,0,0,0,0,0,0,0,0,0,0,0,0,0,0,0,0,0,0,0,150,2026-02-05 12:13:38.348417
ATMN,26.13,25.93,26.13,1680000.0,6007.0,1633600.0,13561.0,1626.0,,0,0,0,0,0,0,0,0,0,0,0,0,0,0,0,0,0,0,0,0,0,0,0,0,0,0,0,0,0,0,150,2026-02-05 12:13:38.348417
WNTR,24.26,24.26,24.32,2171700.0,1613.0,2077500.0,,1374.0,,0,0,0,0,0,0,0,0,0,0,0,0,0,0,0,0,0,0,0,0,0,0,0,0,0,0,0,0,0,0,150,2026-02-05 12:13:38.348417
SPNG,23.71,23.71,23.8,2185200.0,4200.0,1685.0,1400.0,2015100.0,4786.0,0,0,0,0,0,0,0,0,0,0,0,0,0,0,0,0,0,0,0,0,0,0,0,0,0,0,0,0,0,0,151,2026-02-05 12:13:39.384492
SMMR,26.58,26.47,26.53,1727200.0,11489.0,5686.0,1449.0,1820200.0,4439.0,0,0,0,0,0,0,0,0,0,0,0,0,0,0,0,0,0,0,0,0,0,0,0,0,0,0,0,0,0,0,151,2026-02-05 12:13:39.384492
ATMN,26.25,25.96,26.07,1557000.0,5655.0,6007.0,13661.0,1511200.0,1626.0,0,0,0,0,0,0,0,0,0,0,0,0,0,0,0,0,0,0,0,0,0,0,0,0,0,0,0,0,0,0,151,2026-02-05 12:13:39.384492
WNTR,24.28,24.28,24.34,1856200.0,7207.0,5789.0,,2035400.0,1374.0,0,0,0,0,0,0,0,0,0,0,0,0,0,0,0,0,0,0,0,0,0,0,0,0,0,0,0,0,0,0,151,2026-02-05 12:13:39.384492
SPNG,23.52,23.39,23.51,2320500.0,1685.0,1940600.0,6251.0,100.0,,0,0,0,0,0,0,0,0,0,0,0,0,0,0,0,0,0,0,0,0,0,0,0,0,0,0,0,0,0,0,152,2026-02-05 12:13:40.422654
SMMR,26.45,26.42,26.45,2014900.0,4778.0,1847200.0,4439.0,7779.0,,0,0,0,0,0,0,0,0,0,0,0,0,0,0,0,0,0,0,0,0,0,0,0,0,0,0,0,0,0,0,152,2026-02-05 12:13:40.422654
ATMN,26.12,25.97,26.04,1557000.0,6007.0,1722100.0,1626.0,1374.0,100.0,0,0,0,0,0,0,0,0,0,0,0,0,0,0,0,0,0,0,0,0,0,0,0,0,0,0,0,0,0,0,152,2026-02-05 12:13:40.422654
WNTR,24.49,24.3,24.49,1856200.0,5789.0,1994500.0,,,7500.0,0,0,0,0,0,0,0,0,0,0,0,0,0,0,0,0,0,0,0,0,0,0,0,0,0,0,0,0,0,0,152,2026-02-05 12:13:40.422654
SPNG,23.52,23.42,23.48,2684.0,2248100.0,1685.0,2262500.0,2393.0,,0,0,0,0,0,0,0,0,0,0,0,0,0,0,0,0,0,0,0,0,0,0,0,0,0,0,0,0,0,0,153,2026-02-05 12:13:41.461057
SMMR,26.42,26.36,26.41,,2111900.0,2382.0,1551900.0,9231.0,14489.0,0,0,0,0,0,0,0,0,0,0,0,0,0,0,0,0,0,0,0,0,0,0,0,0,0,0,0,0,0,0,153,2026-02-05 12:13:41.461057
ATMN,26.36,25.97,26.18,6682.0,1364200.0,9091.0,1618900.0,6626.0,,0,0,0,0,0,0,0,0,0,0,0,0,0,0,0,0,0,0,0,0,0,0,0,0,0,0,0,0,0,0,153,2026-02-05 12:13:41.461057
WNTR,24.24,24.14,24.19,8033.0,2105700.0,1613.0,2119700.0,,,0,0,0,0,0,0,0,0,0,0,0,0,0,0,0,0,0,0,0,0,0,0,0,0,0,0,0,0,0,0,153,2026-02-05 12:13:41.461057
SPNG,23.47,23.6,23.87,2354600.0,1685.0,2254400.0,2393.0,,0,0,0,0,0,0,0,0,0,0,0,0,0,0,0,0,0,0,0,0,0,0,0,0,0,0,0,0,0,0,0,154,2026-02-05 12:13:42.493804
SMMR,26.4,26.4,26.41,2157900.0,2382.0,1735300.0,9231.0,,0,0,0,0,0,0,0,0,0,0,0,0,0,0,0,0,0,0,0,0,0,0,0,0,0,0,0,0,0,0,0,154,2026-02-05 12:13:42.493804
ATMN,25.96,25.93,25.96,1774400.0,4091.0,1807300.0,1626.0,,0,0,0,0,0,0,0,0,0,0,0,0,0,0,0,0,0,0,0,0,0,0,0,0,0,0,0,0,0,0,0,154,2026-02-05 12:13:42.493804
WNTR,24.29,24.2,24.24,1879100.0,4937.0,2008100.0,1662.0,8290.0,0,0,0,0,0,0,0,0,0,0,0,0,0,0,0,0,0,0,0,0,0,0,0,0,0,0,0,0,0,0,0,154,2026-02-05 12:13:42.493804
SPNG,23.87,23.62,23.64,3614.0,2235000.0,4322.0,2171800.0,,,0,0,0,0,0,0,0,0,0,0,0,0,0,0,0,0,0,0,0,0,0,0,0,0,0,0,0,0,0,0,155,2026-02-05 12:13:43.526064
SMMR,26.4,26.4,26.41,2382.0,2080600.0,6835.0,1849700.0,1509.0,,0,0,0,0,0,0,0,0,0,0,0,0,0,0,0,0,0,0,0,0,0,0,0,0,0,0,0,0,0,0,155,2026-02-05 12:13:43.526064
ATMN,26.18,25.93,25.96,9091.0,1458600.0,4126.0,1727600.0,100.0,,0,0,0,0,0,0,0,0,0,0,0,0,0,0,0,0,0,0,0,0,0,0,0,0,0,0,0,0,0,0,155,2026-02-05 12:13:43.526064
WNTR,24.29,24.42,24.43,4937.0,1770400.0,,2031200.0,18290.0,2048.0,0,0,0,0,0,0,0,0,0,0,0,0,0,0,0,0,0,0,0,0,0,0,0,0,0,0,0,0,0,0,155,2026-02-05 12:13:43.526064
SPNG,23.87,23.62,23.64,3614.0,1400.0,2092800.0,4322.0,4200.0,2083100.0,0,0,0,0,0,0,0,0,0,0,0,0,0,0,0,0,0,0,0,0,0,0,0,0,0,0,0,0,0,0,156,2026-02-05 12:13:44.557406
SMMR,26.45,26.41,26.45,2382.0,12104.0,1869400.0,4439.0,3903.0,1850800.0,0,0,0,0,0,0,0,0,0,0,0,0,0,0,0,0,0,0,0,0,0,0,0,0,0,0,0,0,0,0,156,2026-02-05 12:13:44.557406
ATMN,25.93,25.81,25.92,2175.0,,1845900.0,1626.0,8166.0,1687300.0,0,0,0,0,0,0,0,0,0,0,0,0,0,0,0,0,0,0,0,0,0,0,0,0,0,0,0,0,0,0,156,2026-02-05 12:13:44.557406
WNTR,24.2,24.2,24.43,3275.0,8290.0,1994700.0,3838.0,2048.0,1885600.0,0,0,0,0,0,0,0,0,0,0,0,0,0,0,0,0,0,0,0,0,0,0,0,0,0,0,0,0,0,0,156,2026-02-05 12:13:44.557406
SPNG,23.44,23.39,23.44,2372100.0,1685.0,2094100.0,6251.0,,0,0,0,0,0,0,0,0,0,0,0,0,0,0,0,0,0,0,0,0,0,0,0,0,0,0,0,0,0,0,0,157,2026-02-05 12:13:45.590443
SMMR,26.45,26.4,26.45,2222000.0,2382.0,1981300.0,4439.0,,0,0,0,0,0,0,0,0,0,0,0,0,0,0,0,0,0,0,0,0,0,0,0,0,0,0,0,0,0,0,0,157,2026-02-05 12:13:45.590443
ATMN,25.71,25.71,25.92,1892100.0,2175.0,1779200.0,1626.0,,0,0,0,0,0,0,0,0,0,0,0,0,0,0,0,0,0,0,0,0,0,0,0,0,0,0,0,0,0,0,0,157,2026-02-05 12:13:45.590443
WNTR,24.2,24.18,24.24,2120800.0,3275.0,1885200.0,3838.0,6557.0,0,0,0,0,0,0,0,0,0,0,0,0,0,0,0,0,0,0,0,0,0,0,0,0,0,0,0,0,0,0,0,157,2026-02-05 12:13:45.590443
SPNG,23.85,23.45,23.85,2326700.0,1685.0,2324600.0,2393.0,,0,0,0,0,0,0,0,0,0,0,0,0,0,0,0,0,0,0,0,0,0,0,0,0,0,0,0,0,0,0,0,158,2026-02-05 12:13:46.623036
SMMR,26.37,26.36,26.37,2198100.0,2382.0,1809500.0,5789.0,1935.0,0,0,0,0,0,0,0,0,0,0,0,0,0,0,0,0,0,0,0,0,0,0,0,0,0,0,0,0,0,0,0,158,2026-02-05 12:13:46.623036
ATMN,25.93,25.89,25.92,1790500.0,3671.0,1605000.0,4618.0,,0,0,0,0,0,0,0,0,0,0,0,0,0,0,0,0,0,0,0,0,0,0,0,0,0,0,0,0,0,0,0,158,2026-02-05 12:13:46.623036
WNTR,24.2,24.23,24.24,2007900.0,4820.0,1893900.0,3838.0,6557.0,0,0,0,0,0,0,0,0,0,0,0,0,0,0,0,0,0,0,0,0,0,0,0,0,0,0,0,0,0,0,0,158,2026-02-05 12:13:46.623036
SPNG,23.38,23.61,23.85,4048.0,2243900.0,2299500.0,2393.0,0,0,0,0,0,0,0,0,0,0,0,0,0,0,0,0,0,0,0,0,0,0,0,0,0,0,0,0,0,0,0,0,159,2026-02-05 12:13:47.655754
SMMR,26.53,26.42,26.53,2382.0,2181800.0,1951500.0,4439.0,0,0,0,0,0,0,0,0,0,0,0,0,0,0,0,0,0,0,0,0,0,0,0,0,0,0,0,0,0,0,0,0,159,2026-02-05 12:13:47.655754
ATMN,25.63,25.63,25.82,,1992600.0,1640700.0,4618.0,0,0,0,0,0,0,0,0,0,0,0,0,0,0,0,0,0,0,0,0,0,0,0,0,0,0,0,0,0,0,0,0,159,2026-02-05 12:13:47.655754
WNTR,24.2,24.25,24.26,6365.0,1849500.0,1921600.0,5009.0,0,0,0,0,0,0,0,0,0,0,0,0,0,0,0,0,0,0,0,0,0,0,0,0,0,0,0,0,0,0,0,0,159,2026-02-05 12:13:47.655754
SPNG,23.61,23.38,23.57,2356100.0,1685.0,2131300.0,4756.0,0,0,0,0,0,0,0,0,0,0,0,0,0,0,0,0,0,0,0,0,0,0,0,0,0,0,0,0,0,0,0,0,160,2026-02-05 12:13:48.689466
SMMR,26.58,26.42,26.43,1950600.0,5824.0,1699400.0,7881.0,0,0,0,0,0,0,0,0,0,0,0,0,0,0,0,0,0,0,0,0,0,0,0,0,0,0,0,0,0,0,0,0,160,2026-02-05 12:13:48.689466
ATMN,25.63,25.75,25.82,1866600.0,1674.0,1653000.0,4618.0,0,0,0,0,0,0,0,0,0,0,0,0,0,0,0,0,0,0,0,0,0,0,0,0,0,0,0,0,0,0,0,0,160,2026-02-05 12:13:48.689466
WNTR,24.3,24.25,24.3,1849500.0,6365.0,1894400.0,5009.0,0,0,0,0,0,0,0,0,0,0,0,0,0,0,0,0,0,0,0,0,0,0,0,0,0,0,0,0,0,0,0,0,160,2026-02-05 12:13:48.689466
SPNG,23.89,23.38,23.85,2356100.0,1685.0,2294300.0,2393.0,0,0,0,0,0,0,0,0,0,0,0,0,0,0,0,0,0,0,0,0,0,0,0,0,0,0,0,0,0,0,0,0,161,2026-02-05 12:13:49.729872
SMMR,26.61,26.42,26.53,1950600.0,5824.0,1890600.0,4439.0,0,0,0,0,0,0,0,0,0,0,0,0,0,0,0,0,0,0,0,0,0,0,0,0,0,0,0,0,0,0,0,0,161,2026-02-05 12:13:49.729872
ATMN,25.63,25.63,25.76,1992600.0,,1542800.0,6470.0,0,0,0,0,0,0,0,0,0,0,0,0,0,0,0,0,0,0,0,0,0,0,0,0,0,0,0,0,0,0,0,0,161,2026-02-05 12:13:49.729872
WNTR,24.37,24.29,24.37,1755200.0,9638.0,2141600.0,1919.0,0,0,0,0,0,0,0,0,0,0,0,0,0,0,0,0,0,0,0,0,0,0,0,0,0,0,0,0,0,0,0,0,161,2026-02-05 12:13:49.729872
SPNG,23.46,23.34,23.46,2328700.0,1685.0,2185000.0,4756.0,0,0,0,0,0,0,0,0,0,0,0,0,0,0,0,0,0,0,0,0,0,0,0,0,0,0,0,0,0,0,0,0,162,2026-02-05 12:13:50.783253
SMMR,26.42,26.42,26.53,1978500.0,5824.0,1890600.0,4439.0,0,0,0,0,0,0,0,0,0,0,0,0,0,0,0,0,0,0,0,0,0,0,0,0,0,0,0,0,0,0,0,0,162,2026-02-05 12:13:50.783253
ATMN,25.69,25.69,25.76,1973700.0,,1542800.0,6470.0,0,0,0,0,0,0,0,0,0,0,0,0,0,0,0,0,0,0,0,0,0,0,0,0,0,0,0,0,0,0,0,0,162,2026-02-05 12:13:50.783253
WNTR,24.18,24.19,24.3,2116700.0,3275.0,1912400.0,6737.0,0,0,0,0,0,0,0,0,0,0,0,0,0,0,0,0,0,0,0,0,0,0,0,0,0,0,0,0,0,0,0,0,162,2026-02-05 12:13:50.783253
SPNG,23.34,23.33,23.34,2323700.0,1685.0,2286000.0,2393.0,0,0,0,0,0,0,0,0,0,0,0,0,0,0,0,0,0,0,0,0,0,0,0,0,0,0,0,0,0,0,0,0,163,2026-02-05 12:13:51.850462
SMMR,26.56,26.56,26.59,1818100.0,9093.0,1920400.0,4439.0,0,0,0,0,0,0,0,0,0,0,0,0,0,0,0,0,0,0,0,0,0,0,0,0,0,0,0,0,0,0,0,0,163,2026-02-05 12:13:51.850462
ATMN,25.82,25.69,25.82,1973700.0,,1745800.0,3122.0,0,0,0,0,0,0,0,0,0,0,0,0,0,0,0,0,0,0,0,0,0,0,0,0,0,0,0,0,0,0,0,0,163,2026-02-05 12:13:51.850462
WNTR,24.23,24.19,24.23,2116700.0,3275.0,1928200.0,6737.0,0,0,0,0,0,0,0,0,0,0,0,0,0,0,0,0,0,0,0,0,0,0,0,0,0,0,0,0,0,0,0,0,163,2026-02-05 12:13:51.850462
SPNG,23.89,23.33,23.89,2323700.0,1685.0,2258400.0,2393.0,0,0,0,0,0,0,0,0,0,0,0,0,0,0,0,0,0,0,0,0,0,0,0,0,0,0,0,0,0,0,0,0,164,2026-02-05 12:13:52.402290
SMMR,26.56,26.43,26.46,1859600.0,9093.0,1974100.0,4439.0,0,0,0,0,0,0,0,0,0,0,0,0,0,0,0,0,0,0,0,0,0,0,0,0,0,0,0,0,0,0,0,0,164,2026-02-05 12:13:52.402290
ATMN,25.52,25.52,25.82,2036700.0,,1745800.0,3122.0,0,0,0,0,0,0,0,0,0,0,0,0,0,0,0,0,0,0,0,0,0,0,0,0,0,0,0,0,0,0,0,0,164,2026-02-05 12:13:52.402290
WNTR,24.18,24.18,24.2,1885300.0,7783.0,1928200.0,6582.0,0,0,0,0,0,0,0,0,0,0,0,0,0,0,0,0,0,0,0,0,0,0,0,0,0,0,0,0,0,0,0,0,164,2026-02-05 12:13:52.402290
SPNG,23.89,23.7,23.72,6411.0,2073100.0,7119.0,2040500.0,0,0,0,0,0,0,0,0,0,0,0,0,0,0,0,0,0,0,0,0,0,0,0,0,0,0,0,0,0,0,0,0,165,2026-02-05 12:13:53.439865
SMMR,26.36,26.37,26.46,2382.0,2219600.0,4439.0,1974100.0,0,0,0,0,0,0,0,0,0,0,0,0,0,0,0,0,0,0,0,0,0,0,0,0,0,0,0,0,0,0,0,0,165,2026-02-05 12:13:53.439865
ATMN,25.52,25.68,25.82,,2025600.0,3122.0,1773600.0,0,0,0,0,0,0,0,0,0,0,0,0,0,0,0,0,0,0,0,0,0,0,0,0,0,0,0,0,0,0,0,0,165,2026-02-05 12:13:53.439865
WNTR,24.37,24.18,24.37,7783.0,1885300.0,1919.0,2141600.0,0,0,0,0,0,0,0,0,0,0,0,0,0,0,0,0,0,0,0,0,0,0,0,0,0,0,0,0,0,0,0,0,165,2026-02-05 12:13:53.439865
SPNG,23.5,23.5,23.72,2358700.0,1685.0,7119.0,2060300.0,0,0,0,0,0,0,0,0,0,0,0,0,0,0,0,0,0,0,0,0,0,0,0,0,0,0,0,0,0,0,0,0,166,2026-02-05 12:13:54.481132
SMMR,26.37,26.37,26.59,2219600.0,2382.0,4439.0,1999300.0,0,0,0,0,0,0,0,0,0,0,0,0,0,0,0,0,0,0,0,0,0,0,0,0,0,0,0,0,0,0,0,0,166,2026-02-05 12:13:54.481132
