ticker,last_price,bid_price,ask_price,BUY_ANON,SELL_ANON,BUY_UEBR-1,BUY_BRCH-1,BUY_LAVL-1,SELL_CALG-1,SELL_CHUL-2,SELL_GIOT-3,SELL_CHUL-4,BUY_CHUL-4,SELL_CHUL-3,BUY_CALG-1,SELL_ZUAI-3,BUY_WRSW-4,SELL_LUIS-1,SELL_WRSW-4,SELL_NAIT-4,BUY_CHUL-2,SELL_CHUL-1,BUY_WRSW-1,BUY_CHUL-1,SELL_LAVL-1,BUY_GIOT-3,SELL_UEBR-1,SELL_WRSW-1,BUY_WRSW-3,SELL_WRSW-3,BUY_NAIT-4,SELL_CALG-6,SELL_COLA-1,BUY_CALG-6,BUY_COLA-1,SELL_BRCH-1,BUY_ZUAI-3,BUY_CHUL-3,BUY_LUIS-1,tick,timestamp,news_news_id,news_period,news_tick,news_ticker,news_headline,news_body
SPNG,25.19,24.85,25.19,2017600.0,1731100.0,0,0,0,0,0,0,0,0,0,0,0,0,0,0,0,0,0,0,0,0,0,0,0,0,0,0,0,0,0,0,0,0,0,0,1,2026-02-07 02:40:38.833376,2.0,1.0,1.0,,Aggregate Position Limit,Your CRO has set the aggregate position limit to 10000 shares for this week.
SMMR,24.98,24.98,25.07,2200500.0,2228300.0,0,0,0,0,0,0,0,0,0,0,0,0,0,0,0,0,0,0,0,0,0,0,0,0,0,0,0,0,0,0,0,0,0,0,1,2026-02-07 02:40:38.833376,1.0,1.0,1.0,,Welcome to the RITC 2026 Alogithmic Market Making Case - practice server,
ATMN,0.0,0.0,25.13,1091500.0,2163900.0,0,0,0,0,0,0,0,0,0,0,0,0,0,0,0,0,0,0,0,0,0,0,0,0,0,0,0,0,0,0,0,0,0,0,1,2026-02-07 02:40:38.833376,,,,,,
WNTR,24.94,0.0,24.94,2108800.0,1978200.0,0,0,0,0,0,0,0,0,0,0,0,0,0,0,0,0,0,0,0,0,0,0,0,0,0,0,0,0,0,0,0,0,0,0,1,2026-02-07 02:40:38.833376,,,,,,
SPNG,24.92,25.12,25.16,1942900.0,5133.0,5133.0,1731100.0,0,0,0,0,0,0,0,0,0,0,0,0,0,0,0,0,0,0,0,0,0,0,0,0,0,0,0,0,0,0,0,0,2,2026-02-07 02:40:39.901763
SMMR,25.09,24.99,25.07,2234600.0,4570.0,,2238200.0,0,0,0,0,0,0,0,0,0,0,0,0,0,0,0,0,0,0,0,0,0,0,0,0,0,0,0,0,0,0,0,0,2,2026-02-07 02:40:39.901763
ATMN,25.19,24.86,25.19,1330600.0,,,2187100.0,0,0,0,0,0,0,0,0,0,0,0,0,0,0,0,0,0,0,0,0,0,0,0,0,0,0,0,0,0,0,0,0,2,2026-02-07 02:40:39.901763
WNTR,25.06,24.93,25.06,2106600.0,,,1863500.0,0,0,0,0,0,0,0,0,0,0,0,0,0,0,0,0,0,0,0,0,0,0,0,0,0,0,0,0,0,0,0,0,2,2026-02-07 02:40:39.901763
SPNG,25.12,24.85,24.95,2017600.0,2030500.0,,,0,0,0,0,0,0,0,0,0,0,0,0,0,0,0,0,0,0,0,0,0,0,0,0,0,0,0,0,0,0,0,0,3,2026-02-07 02:40:40.983793
SMMR,24.98,24.98,24.99,2337300.0,2149400.0,6524.0,,0,0,0,0,0,0,0,0,0,0,0,0,0,0,0,0,0,0,0,0,0,0,0,0,0,0,0,0,0,0,0,0,3,2026-02-07 02:40:40.983793
ATMN,25.19,25.14,25.19,1441900.0,2199100.0,,,0,0,0,0,0,0,0,0,0,0,0,0,0,0,0,0,0,0,0,0,0,0,0,0,0,0,0,0,0,0,0,0,3,2026-02-07 02:40:40.983793
WNTR,25.09,24.94,25.07,2020200.0,1773400.0,3262.0,3262.0,0,0,0,0,0,0,0,0,0,0,0,0,0,0,0,0,0,0,0,0,0,0,0,0,0,0,0,0,0,0,0,0,3,2026-02-07 02:40:40.983793
SPNG,24.58,24.58,25.31,2028700.0,1833400.0,,,0,0,0,0,0,0,0,0,0,0,0,0,0,0,0,0,0,0,0,0,0,0,0,0,0,0,0,0,0,0,0,0,4,2026-02-07 02:40:42.075295
SMMR,25.09,25.11,25.12,2083000.0,2126600.0,10070.0,3404.0,0,0,0,0,0,0,0,0,0,0,0,0,0,0,0,0,0,0,0,0,0,0,0,0,0,0,0,0,0,0,0,0,4,2026-02-07 02:40:42.075295
ATMN,25.08,24.94,25.08,1330600.0,2109400.0,6524.0,3262.0,0,0,0,0,0,0,0,0,0,0,0,0,0,0,0,0,0,0,0,0,0,0,0,0,0,0,0,0,0,0,0,0,4,2026-02-07 02:40:42.075295
WNTR,25.09,24.96,25.05,1934400.0,1773400.0,6666.0,6666.0,0,0,0,0,0,0,0,0,0,0,0,0,0,0,0,0,0,0,0,0,0,0,0,0,0,0,0,0,0,0,0,0,4,2026-02-07 02:40:42.075295
SPNG,25.29,24.74,24.88,2068500.0,2023700.0,0,0,0,0,0,0,0,0,0,0,0,0,0,0,0,0,0,0,0,0,0,0,0,0,0,0,0,0,0,0,0,0,0,0,5,2026-02-07 02:40:43.127683
SMMR,25.01,24.98,25.01,2350900.0,2244300.0,0,0,0,0,0,0,0,0,0,0,0,0,0,0,0,0,0,0,0,0,0,0,0,0,0,0,0,0,0,0,0,0,0,0,5,2026-02-07 02:40:43.127683
ATMN,25.08,24.86,24.96,1451400.0,2202000.0,0,0,0,0,0,0,0,0,0,0,0,0,0,0,0,0,0,0,0,0,0,0,0,0,0,0,0,0,0,0,0,0,0,0,5,2026-02-07 02:40:43.127683
WNTR,25.09,24.93,25.09,2171900.0,1665800.0,0,0,0,0,0,0,0,0,0,0,0,0,0,0,0,0,0,0,0,0,0,0,0,0,0,0,0,0,0,0,0,0,0,0,5,2026-02-07 02:40:43.127683
SPNG,24.88,24.74,24.88,2108200.0,2023700.0,,,0,0,0,0,0,0,0,0,0,0,0,0,0,0,0,0,0,0,0,0,0,0,0,0,0,0,0,0,0,0,0,0,6,2026-02-07 02:40:44.158741
SMMR,25.01,25.05,25.13,2186300.0,2223400.0,1662.0,,0,0,0,0,0,0,0,0,0,0,0,0,0,0,0,0,0,0,0,0,0,0,0,0,0,0,0,0,0,0,0,0,6,2026-02-07 02:40:44.158741
ATMN,24.96,24.98,25.02,1809800.0,2098900.0,7644.0,7644.0,0,0,0,0,0,0,0,0,0,0,0,0,0,0,0,0,0,0,0,0,0,0,0,0,0,0,0,0,0,0,0,0,6,2026-02-07 02:40:44.158741
WNTR,25.09,24.94,25.08,2052200.0,1852700.0,6800.0,6800.0,0,0,0,0,0,0,0,0,0,0,0,0,0,0,0,0,0,0,0,0,0,0,0,0,0,0,0,0,0,0,0,0,6,2026-02-07 02:40:44.158741
SPNG,24.88,24.75,24.87,100.0,2032400.0,6346.0,1920900.0,0,0,0,0,0,0,0,0,0,0,0,0,0,0,0,0,0,0,0,0,0,0,0,0,0,0,0,0,0,0,0,0,7,2026-02-07 02:40:44.709022
SMMR,25.01,25.05,25.09,1662.0,2186300.0,6648.0,2104900.0,0,0,0,0,0,0,0,0,0,0,0,0,0,0,0,0,0,0,0,0,0,0,0,0,0,0,0,0,0,0,0,0,7,2026-02-07 02:40:44.709022
ATMN,25.04,24.98,25.04,7644.0,2036100.0,,2210200.0,0,0,0,0,0,0,0,0,0,0,0,0,0,0,0,0,0,0,0,0,0,0,0,0,0,0,0,0,0,0,0,0,7,2026-02-07 02:40:44.709022
WNTR,25.11,24.94,25.11,6800.0,2054400.0,,1740600.0,0,0,0,0,0,0,0,0,0,0,0,0,0,0,0,0,0,0,0,0,0,0,0,0,0,0,0,0,0,0,0,0,7,2026-02-07 02:40:44.709022
SPNG,25.27,24.76,25.22,200.0,1913600.0,2024700.0,,0,0,0,0,0,0,0,0,0,0,0,0,0,0,0,0,0,0,0,0,0,0,0,0,0,0,0,0,0,0,0,0,8,2026-02-07 02:40:45.781430
SMMR,25.13,25.05,25.13,100.0,2212500.0,2202800.0,,0,0,0,0,0,0,0,0,0,0,0,0,0,0,0,0,0,0,0,0,0,0,0,0,0,0,0,0,0,0,0,0,8,2026-02-07 02:40:45.781430
ATMN,25.16,24.86,25.16,,1911700.0,2225000.0,,0,0,0,0,0,0,0,0,0,0,0,0,0,0,0,0,0,0,0,0,0,0,0,0,0,0,0,0,0,0,0,0,8,2026-02-07 02:40:45.781430
WNTR,24.93,24.94,25.1,,2150400.0,1740600.0,6200.0,0,0,0,0,0,0,0,0,0,0,0,0,0,0,0,0,0,0,0,0,0,0,0,0,0,0,0,0,0,0,0,0,8,2026-02-07 02:40:45.781430
SPNG,24.74,24.74,25.22,2120400.0,1908800.0,7139.0,,0,0,0,0,0,0,0,0,0,0,0,0,0,0,0,0,0,0,0,0,0,0,0,0,0,0,0,0,0,0,0,0,9,2026-02-07 02:40:46.885539
SMMR,24.95,24.95,25.13,2318900.0,2224200.0,,,0,0,0,0,0,0,0,0,0,0,0,0,0,0,0,0,0,0,0,0,0,0,0,0,0,0,0,0,0,0,0,0,9,2026-02-07 02:40:46.885539
ATMN,25.16,24.99,25.14,2121400.0,2123800.0,8599.0,8121.0,0,0,0,0,0,0,0,0,0,0,0,0,0,0,0,0,0,0,0,0,0,0,0,0,0,0,0,0,0,0,0,0,9,2026-02-07 02:40:46.885539
WNTR,24.93,24.99,25.01,1995600.0,1840500.0,13894.0,5775.0,0,0,0,0,0,0,0,0,0,0,0,0,0,0,0,0,0,0,0,0,0,0,0,0,0,0,0,0,0,0,0,0,9,2026-02-07 02:40:46.885539
SPNG,25.29,24.58,25.29,2114200.0,2017600.0,,0,0,0,0,0,0,0,0,0,0,0,0,0,0,0,0,0,0,0,0,0,0,0,0,0,0,0,0,0,0,0,0,0,10,2026-02-07 02:40:48.004723
SMMR,25.15,24.95,25.15,2318900.0,2231000.0,,0,0,0,0,0,0,0,0,0,0,0,0,0,0,0,0,0,0,0,0,0,0,0,0,0,0,0,0,0,0,0,0,0,10,2026-02-07 02:40:48.004723
ATMN,24.82,24.82,25.17,1934900.0,2240000.0,,0,0,0,0,0,0,0,0,0,0,0,0,0,0,0,0,0,0,0,0,0,0,0,0,0,0,0,0,0,0,0,0,0,10,2026-02-07 02:40:48.004723
WNTR,25.02,24.99,25.02,2150400.0,1948500.0,4749.0,0,0,0,0,0,0,0,0,0,0,0,0,0,0,0,0,0,0,0,0,0,0,0,0,0,0,0,0,0,0,0,0,0,10,2026-02-07 02:40:48.004723
SPNG,25.29,24.86,24.94,200.0,1885900.0,1906700.0,1250.0,0,0,0,0,0,0,0,0,0,0,0,0,0,0,0,0,0,0,0,0,0,0,0,0,0,0,0,0,0,0,0,0,11,2026-02-07 02:40:49.138290
SMMR,24.94,24.98,25.02,8306.0,2083300.0,2002000.0,9761.0,0,0,0,0,0,0,0,0,0,0,0,0,0,0,0,0,0,0,0,0,0,0,0,0,0,0,0,0,0,0,0,0,11,2026-02-07 02:40:49.138290
ATMN,25.21,25.03,25.04,16974.0,2027900.0,2125800.0,1120.0,0,0,0,0,0,0,0,0,0,0,0,0,0,0,0,0,0,0,0,0,0,0,0,0,0,0,0,0,0,0,0,0,11,2026-02-07 02:40:49.138290
WNTR,24.94,25.04,25.08,9882.0,2017700.0,1832200.0,9882.0,0,0,0,0,0,0,0,0,0,0,0,0,0,0,0,0,0,0,0,0,0,0,0,0,0,0,0,0,0,0,0,0,11,2026-02-07 02:40:49.138290
SPNG,25.29,24.87,24.92,300.0,1742500.0,3309.0,1717800.0,0,0,0,0,0,0,0,0,0,0,0,0,0,0,0,0,0,0,0,0,0,0,0,0,0,0,0,0,0,0,0,0,12,2026-02-07 02:40:50.203373
SMMR,25.02,25.02,25.03,7218.0,2138100.0,7318.0,2002000.0,0,0,0,0,0,0,0,0,0,0,0,0,0,0,0,0,0,0,0,0,0,0,0,0,0,0,0,0,0,0,0,0,12,2026-02-07 02:40:50.203373
ATMN,25.21,25.06,25.21,17074.0,1941600.0,1120.0,2098700.0,0,0,0,0,0,0,0,0,0,0,0,0,0,0,0,0,0,0,0,0,0,0,0,0,0,0,0,0,0,0,0,0,12,2026-02-07 02:40:50.203373
WNTR,24.94,24.95,25.0,642.0,2032400.0,19882.0,1827500.0,0,0,0,0,0,0,0,0,0,0,0,0,0,0,0,0,0,0,0,0,0,0,0,0,0,0,0,0,0,0,0,0,12,2026-02-07 02:40:50.203373
SPNG,24.94,24.87,24.94,300.0,1775200.0,1906700.0,1250.0,0,0,0,0,0,0,0,0,0,0,0,0,0,0,0,0,0,0,0,0,0,0,0,0,0,0,0,0,0,0,0,0,13,2026-02-07 02:40:50.746355
SMMR,25.0,25.0,25.03,,2299900.0,2002000.0,7318.0,0,0,0,0,0,0,0,0,0,0,0,0,0,0,0,0,0,0,0,0,0,0,0,0,0,0,0,0,0,0,0,0,13,2026-02-07 02:40:50.746355
ATMN,24.98,24.98,25.21,9474.0,2156900.0,2098700.0,1120.0,0,0,0,0,0,0,0,0,0,0,0,0,0,0,0,0,0,0,0,0,0,0,0,0,0,0,0,0,0,0,0,0,13,2026-02-07 02:40:50.746355
WNTR,24.94,24.95,25.0,642.0,2032400.0,1827500.0,19882.0,0,0,0,0,0,0,0,0,0,0,0,0,0,0,0,0,0,0,0,0,0,0,0,0,0,0,0,0,0,0,0,0,13,2026-02-07 02:40:50.746355
SPNG,25.05,25.05,25.17,1650800.0,400.0,1250.0,1899400.0,0,0,0,0,0,0,0,0,0,0,0,0,0,0,0,0,0,0,0,0,0,0,0,0,0,0,0,0,0,0,0,0,14,2026-02-07 02:40:51.803860
SMMR,25.15,25.01,25.15,2135700.0,2443.0,,2219600.0,0,0,0,0,0,0,0,0,0,0,0,0,0,0,0,0,0,0,0,0,0,0,0,0,0,0,0,0,0,0,0,0,14,2026-02-07 02:40:51.803860
ATMN,25.23,25.0,25.06,2078300.0,9574.0,,2190600.0,0,0,0,0,0,0,0,0,0,0,0,0,0,0,0,0,0,0,0,0,0,0,0,0,0,0,0,0,0,0,0,0,14,2026-02-07 02:40:51.803860
WNTR,25.01,25.01,25.04,2023600.0,642.0,19882.0,1836000.0,0,0,0,0,0,0,0,0,0,0,0,0,0,0,0,0,0,0,0,0,0,0,0,0,0,0,0,0,0,0,0,0,14,2026-02-07 02:40:51.803860
SPNG,25.05,25.06,25.16,500.0,1523600.0,1350.0,1826600.0,0,0,0,0,0,0,0,0,0,0,0,0,0,0,0,0,0,0,0,0,0,0,0,0,0,0,0,0,0,0,0,0,15,2026-02-07 02:40:52.897828
SMMR,25.03,25.03,25.12,12146.0,2026200.0,100.0,2122000.0,0,0,0,0,0,0,0,0,0,0,0,0,0,0,0,0,0,0,0,0,0,0,0,0,0,0,0,0,0,0,0,0,15,2026-02-07 02:40:52.897828
ATMN,25.23,25.17,25.23,18500.0,1963000.0,,2186200.0,0,0,0,0,0,0,0,0,0,0,0,0,0,0,0,0,0,0,0,0,0,0,0,0,0,0,0,0,0,0,0,0,15,2026-02-07 02:40:52.897828
WNTR,24.91,24.97,25.04,,2147500.0,19882.0,1828000.0,0,0,0,0,0,0,0,0,0,0,0,0,0,0,0,0,0,0,0,0,0,0,0,0,0,0,0,0,0,0,0,0,15,2026-02-07 02:40:52.897828
SPNG,24.85,25.07,25.15,100.0,1977500.0,100.0,1921800.0,0,0,0,0,0,0,0,0,0,0,0,0,0,0,0,0,0,0,0,0,0,0,0,0,0,0,0,0,0,0,0,0,16,2026-02-07 02:40:53.949544
SMMR,25.03,25.05,25.1,100.0,2133400.0,4749.0,2105100.0,0,0,0,0,0,0,0,0,0,0,0,0,0,0,0,0,0,0,0,0,0,0,0,0,0,0,0,0,0,0,0,0,16,2026-02-07 02:40:53.949544
ATMN,25.12,24.98,25.12,9249.0,2195100.0,100.0,2100500.0,0,0,0,0,0,0,0,0,0,0,0,0,0,0,0,0,0,0,0,0,0,0,0,0,0,0,0,0,0,0,0,0,16,2026-02-07 02:40:53.949544
WNTR,24.91,24.97,25.01,,2117500.0,,2017700.0,0,0,0,0,0,0,0,0,0,0,0,0,0,0,0,0,0,0,0,0,0,0,0,0,0,0,0,0,0,0,0,0,16,2026-02-07 02:40:53.949544
SPNG,25.09,24.58,24.8,2079700.0,1846100.0,200.0,,0,0,0,0,0,0,0,0,0,0,0,0,0,0,0,0,0,0,0,0,0,0,0,0,0,0,0,0,0,0,0,0,17,2026-02-07 02:40:55.037376
SMMR,25.12,25.0,25.05,2138700.0,2105100.0,7163.0,4610.0,0,0,0,0,0,0,0,0,0,0,0,0,0,0,0,0,0,0,0,0,0,0,0,0,0,0,0,0,0,0,0,0,17,2026-02-07 02:40:55.037376
ATMN,25.23,25.2,25.23,2179500.0,2186200.0,,9249.0,0,0,0,0,0,0,0,0,0,0,0,0,0,0,0,0,0,0,0,0,0,0,0,0,0,0,0,0,0,0,0,0,17,2026-02-07 02:40:55.037376
WNTR,25.06,25.07,25.1,2009700.0,1928600.0,9616.0,9616.0,0,0,0,0,0,0,0,0,0,0,0,0,0,0,0,0,0,0,0,0,0,0,0,0,0,0,0,0,0,0,0,0,17,2026-02-07 02:40:55.037376
SPNG,25.18,24.98,25.18,2083600.0,2035200.0,,,0,0,0,0,0,0,0,0,0,0,0,0,0,0,0,0,0,0,0,0,0,0,0,0,0,0,0,0,0,0,0,0,18,2026-02-07 02:40:56.105835
SMMR,25.12,25.03,25.04,2023300.0,1997400.0,11621.0,9551.0,0,0,0,0,0,0,0,0,0,0,0,0,0,0,0,0,0,0,0,0,0,0,0,0,0,0,0,0,0,0,0,0,18,2026-02-07 02:40:56.105835
ATMN,25.29,25.02,25.29,2203000.0,2205900.0,9249.0,,0,0,0,0,0,0,0,0,0,0,0,0,0,0,0,0,0,0,0,0,0,0,0,0,0,0,0,0,0,0,0,0,18,2026-02-07 02:40:56.105835
WNTR,25.02,25.02,25.03,2016200.0,1808200.0,6502.0,19178.0,0,0,0,0,0,0,0,0,0,0,0,0,0,0,0,0,0,0,0,0,0,0,0,0,0,0,0,0,0,0,0,0,18,2026-02-07 02:40:56.105835
SPNG,25.18,24.98,25.12,2083600.0,200.0,1820900.0,,0,0,0,0,0,0,0,0,0,0,0,0,0,0,0,0,0,0,0,0,0,0,0,0,0,0,0,0,0,0,0,0,19,2026-02-07 02:40:57.153381
SMMR,25.03,25.03,25.04,2023300.0,9551.0,2003900.0,11621.0,0,0,0,0,0,0,0,0,0,0,0,0,0,0,0,0,0,0,0,0,0,0,0,0,0,0,0,0,0,0,0,0,19,2026-02-07 02:40:57.153381
ATMN,25.29,25.04,25.24,2068600.0,2043.0,1937000.0,9349.0,0,0,0,0,0,0,0,0,0,0,0,0,0,0,0,0,0,0,0,0,0,0,0,0,0,0,0,0,0,0,0,0,19,2026-02-07 02:40:57.153381
WNTR,25.03,25.02,25.03,2019900.0,19498.0,1708600.0,6502.0,0,0,0,0,0,0,0,0,0,0,0,0,0,0,0,0,0,0,0,0,0,0,0,0,0,0,0,0,0,0,0,0,19,2026-02-07 02:40:57.153381
SPNG,24.98,24.58,24.85,2053100.0,2056400.0,,,0,0,0,0,0,0,0,0,0,0,0,0,0,0,0,0,0,0,0,0,0,0,0,0,0,0,0,0,0,0,0,0,20,2026-02-07 02:40:58.202988
SMMR,25.06,25.05,25.06,2142900.0,2227300.0,10000.0,,0,0,0,0,0,0,0,0,0,0,0,0,0,0,0,0,0,0,0,0,0,0,0,0,0,0,0,0,0,0,0,0,20,2026-02-07 02:40:58.202988
ATMN,25.09,25.02,25.05,2300400.0,2244300.0,,,0,0,0,0,0,0,0,0,0,0,0,0,0,0,0,0,0,0,0,0,0,0,0,0,0,0,0,0,0,0,0,0,20,2026-02-07 02:40:58.202988
WNTR,25.11,24.97,25.08,2127700.0,1922900.0,,4550.0,0,0,0,0,0,0,0,0,0,0,0,0,0,0,0,0,0,0,0,0,0,0,0,0,0,0,0,0,0,0,0,0,20,2026-02-07 02:40:58.202988
SPNG,25.22,24.86,25.22,1917100.0,8449.0,2037500.0,,0,0,0,0,0,0,0,0,0,0,0,0,0,0,0,0,0,0,0,0,0,0,0,0,0,0,0,0,0,0,0,0,21,2026-02-07 02:40:59.246220
SMMR,25.06,25.05,25.06,2146000.0,10000.0,2227300.0,,0,0,0,0,0,0,0,0,0,0,0,0,0,0,0,0,0,0,0,0,0,0,0,0,0,0,0,0,0,0,0,0,21,2026-02-07 02:40:59.246220
ATMN,25.05,25.15,25.23,2188300.0,2242.0,1963300.0,9229.0,0,0,0,0,0,0,0,0,0,0,0,0,0,0,0,0,0,0,0,0,0,0,0,0,0,0,0,0,0,0,0,0,21,2026-02-07 02:40:59.246220
WNTR,25.08,24.97,25.08,2025000.0,9388.0,2008200.0,,0,0,0,0,0,0,0,0,0,0,0,0,0,0,0,0,0,0,0,0,0,0,0,0,0,0,0,0,0,0,0,0,21,2026-02-07 02:40:59.246220
SPNG,24.86,24.86,25.25,1812900.0,8549.0,2040000.0,,0,0,0,0,0,0,0,0,0,0,0,0,0,0,0,0,0,0,0,0,0,0,0,0,0,0,0,0,0,0,0,0,22,2026-02-07 02:41:00.287694
SMMR,25.04,25.04,25.06,2245100.0,,2111700.0,5901.0,0,0,0,0,0,0,0,0,0,0,0,0,0,0,0,0,0,0,0,0,0,0,0,0,0,0,0,0,0,0,0,0,22,2026-02-07 02:41:00.287694
ATMN,25.29,25.18,25.2,2094200.0,2342.0,1900900.0,14996.0,0,0,0,0,0,0,0,0,0,0,0,0,0,0,0,0,0,0,0,0,0,0,0,0,0,0,0,0,0,0,0,0,22,2026-02-07 02:41:00.287694
WNTR,25.11,25.14,25.17,1891600.0,19388.0,2029100.0,,0,0,0,0,0,0,0,0,0,0,0,0,0,0,0,0,0,0,0,0,0,0,0,0,0,0,0,0,0,0,0,0,22,2026-02-07 02:41:00.287694
SPNG,24.86,24.65,24.75,8549.0,1817500.0,2021600.0,,0,0,0,0,0,0,0,0,0,0,0,0,0,0,0,0,0,0,0,0,0,0,0,0,0,0,0,0,0,0,0,0,23,2026-02-07 02:41:00.840602
SMMR,25.08,25.04,25.08,,2235100.0,2214900.0,,0,0,0,0,0,0,0,0,0,0,0,0,0,0,0,0,0,0,0,0,0,0,0,0,0,0,0,0,0,0,0,0,23,2026-02-07 02:41:00.840602
ATMN,25.18,25.18,25.2,2342.0,2094200.0,1887500.0,14996.0,0,0,0,0,0,0,0,0,0,0,0,0,0,0,0,0,0,0,0,0,0,0,0,0,0,0,0,0,0,0,0,0,23,2026-02-07 02:41:00.840602
WNTR,24.94,24.92,24.93,,2164200.0,2022100.0,,0,0,0,0,0,0,0,0,0,0,0,0,0,0,0,0,0,0,0,0,0,0,0,0,0,0,0,0,0,0,0,0,23,2026-02-07 02:41:00.840602
SPNG,24.75,24.65,24.75,8549.0,1840200.0,2021600.0,,0,0,0,0,0,0,0,0,0,0,0,0,0,0,0,0,0,0,0,0,0,0,0,0,0,0,0,0,0,0,0,0,24,2026-02-07 02:41:01.939289
SMMR,25.03,25.03,25.18,,2238000.0,2224800.0,,0,0,0,0,0,0,0,0,0,0,0,0,0,0,0,0,0,0,0,0,0,0,0,0,0,0,0,0,0,0,0,0,24,2026-02-07 02:41:01.939289
ATMN,24.95,24.95,25.07,,2292500.0,1784200.0,15732.0,0,0,0,0,0,0,0,0,0,0,0,0,0,0,0,0,0,0,0,0,0,0,0,0,0,0,0,0,0,0,0,0,24,2026-02-07 02:41:01.939289
WNTR,25.1,24.94,25.01,9296.0,1927500.0,2042900.0,,0,0,0,0,0,0,0,0,0,0,0,0,0,0,0,0,0,0,0,0,0,0,0,0,0,0,0,0,0,0,0,0,24,2026-02-07 02:41:01.939289
SPNG,24.75,24.88,25.25,2049900.0,2044800.0,,0,0,0,0,0,0,0,0,0,0,0,0,0,0,0,0,0,0,0,0,0,0,0,0,0,0,0,0,0,0,0,0,0,25,2026-02-07 02:41:03.028271
SMMR,25.18,25.1,25.18,2115900.0,2198500.0,100.0,0,0,0,0,0,0,0,0,0,0,0,0,0,0,0,0,0,0,0,0,0,0,0,0,0,0,0,0,0,0,0,0,0,25,2026-02-07 02:41:03.028271
ATMN,25.0,25.0,25.05,2300500.0,2213000.0,,0,0,0,0,0,0,0,0,0,0,0,0,0,0,0,0,0,0,0,0,0,0,0,0,0,0,0,0,0,0,0,0,0,25,2026-02-07 02:41:03.028271
WNTR,24.98,24.98,25.01,2162900.0,2042900.0,,0,0,0,0,0,0,0,0,0,0,0,0,0,0,0,0,0,0,0,0,0,0,0,0,0,0,0,0,0,0,0,0,0,25,2026-02-07 02:41:03.028271
SPNG,24.88,24.7,24.86,2027700.0,1933600.0,100.0,,0,0,0,0,0,0,0,0,0,0,0,0,0,0,0,0,0,0,0,0,0,0,0,0,0,0,0,0,0,0,0,0,26,2026-02-07 02:41:04.146239
SMMR,25.14,25.14,25.16,2137500.0,2099600.0,4462.0,8856.0,0,0,0,0,0,0,0,0,0,0,0,0,0,0,0,0,0,0,0,0,0,0,0,0,0,0,0,0,0,0,0,0,26,2026-02-07 02:41:04.146239
ATMN,24.91,24.98,25.04,2282200.0,2107700.0,610.0,,0,0,0,0,0,0,0,0,0,0,0,0,0,0,0,0,0,0,0,0,0,0,0,0,0,0,0,0,0,0,0,0,26,2026-02-07 02:41:04.146239
WNTR,25.0,25.0,25.01,1933700.0,1929200.0,9058.0,9158.0,0,0,0,0,0,0,0,0,0,0,0,0,0,0,0,0,0,0,0,0,0,0,0,0,0,0,0,0,0,0,0,0,26,2026-02-07 02:41:04.146239
SPNG,25.31,24.71,25.31,8454.0,1931600.0,2041300.0,,0,0,0,0,0,0,0,0,0,0,0,0,0,0,0,0,0,0,0,0,0,0,0,0,0,0,0,0,0,0,0,0,27,2026-02-07 02:41:05.203428
SMMR,25.14,25.14,25.16,10906.0,2057400.0,1889400.0,15094.0,0,0,0,0,0,0,0,0,0,0,0,0,0,0,0,0,0,0,0,0,0,0,0,0,0,0,0,0,0,0,0,0,27,2026-02-07 02:41:05.203428
ATMN,25.03,24.98,25.03,8655.0,2167600.0,2154000.0,610.0,0,0,0,0,0,0,0,0,0,0,0,0,0,0,0,0,0,0,0,0,0,0,0,0,0,0,0,0,0,0,0,0,27,2026-02-07 02:41:05.203428
WNTR,24.92,24.91,24.92,6740.0,2041800.0,2011900.0,,0,0,0,0,0,0,0,0,0,0,0,0,0,0,0,0,0,0,0,0,0,0,0,0,0,0,0,0,0,0,0,0,27,2026-02-07 02:41:05.203428
SPNG,24.7,24.7,25.21,2027700.0,100.0,1933000.0,,0,0,0,0,0,0,0,0,0,0,0,0,0,0,0,0,0,0,0,0,0,0,0,0,0,0,0,0,0,0,0,0,28,2026-02-07 02:41:06.249127
SMMR,25.21,25.17,25.21,1945200.0,,2196800.0,20906.0,0,0,0,0,0,0,0,0,0,0,0,0,0,0,0,0,0,0,0,0,0,0,0,0,0,0,0,0,0,0,0,0,28,2026-02-07 02:41:06.249127
ATMN,25.2,24.99,25.16,2050400.0,,2221700.0,9972.0,0,0,0,0,0,0,0,0,0,0,0,0,0,0,0,0,0,0,0,0,0,0,0,0,0,0,0,0,0,0,0,0,28,2026-02-07 02:41:06.249127
WNTR,24.96,24.91,24.96,2045700.0,2679.0,1914700.0,6740.0,0,0,0,0,0,0,0,0,0,0,0,0,0,0,0,0,0,0,0,0,0,0,0,0,0,0,0,0,0,0,0,0,28,2026-02-07 02:41:06.249127
SPNG,24.58,24.86,25.17,1943200.0,100.0,7356.0,1700500.0,0,0,0,0,0,0,0,0,0,0,0,0,0,0,0,0,0,0,0,0,0,0,0,0,0,0,0,0,0,0,0,0,29,2026-02-07 02:41:07.295213
SMMR,25.21,25.03,25.18,2249400.0,,9102.0,2091300.0,0,0,0,0,0,0,0,0,0,0,0,0,0,0,0,0,0,0,0,0,0,0,0,0,0,0,0,0,0,0,0,0,29,2026-02-07 02:41:07.295213
ATMN,25.21,25.16,25.21,1926600.0,12304.0,6980.0,2131800.0,0,0,0,0,0,0,0,0,0,0,0,0,0,0,0,0,0,0,0,0,0,0,0,0,0,0,0,0,0,0,0,0,29,2026-02-07 02:41:07.295213
WNTR,24.96,25.02,25.09,1900700.0,6840.0,11518.0,1857500.0,0,0,0,0,0,0,0,0,0,0,0,0,0,0,0,0,0,0,0,0,0,0,0,0,0,0,0,0,0,0,0,0,29,2026-02-07 02:41:07.295213
SPNG,24.83,24.83,25.14,2034500.0,7356.0,1700500.0,,0,0,0,0,0,0,0,0,0,0,0,0,0,0,0,0,0,0,0,0,0,0,0,0,0,0,0,0,0,0,0,0,30,2026-02-07 02:41:07.863705
SMMR,25.22,25.1,25.22,2223800.0,,2208500.0,,0,0,0,0,0,0,0,0,0,0,0,0,0,0,0,0,0,0,0,0,0,0,0,0,0,0,0,0,0,0,0,0,30,2026-02-07 02:41:07.863705
ATMN,25.16,25.01,25.15,1931500.0,6980.0,2134800.0,12304.0,0,0,0,0,0,0,0,0,0,0,0,0,0,0,0,0,0,0,0,0,0,0,0,0,0,0,0,0,0,0,0,0,30,2026-02-07 02:41:07.863705
WNTR,24.96,25.02,25.03,1872600.0,11518.0,1857500.0,6840.0,0,0,0,0,0,0,0,0,0,0,0,0,0,0,0,0,0,0,0,0,0,0,0,0,0,0,0,0,0,0,0,0,30,2026-02-07 02:41:07.863705
SPNG,24.63,24.68,25.12,2051000.0,100.0,1933000.0,,0,0,0,0,0,0,0,0,0,0,0,0,0,0,0,0,0,0,0,0,0,0,0,0,0,0,0,0,0,0,0,0,31,2026-02-07 02:41:08.903427
SMMR,25.1,25.1,25.17,2229200.0,4283.0,2074400.0,,0,0,0,0,0,0,0,0,0,0,0,0,0,0,0,0,0,0,0,0,0,0,0,0,0,0,0,0,0,0,0,0,31,2026-02-07 02:41:08.903427
ATMN,25.16,25.06,25.13,2156800.0,100.0,2134800.0,100.0,0,0,0,0,0,0,0,0,0,0,0,0,0,0,0,0,0,0,0,0,0,0,0,0,0,0,0,0,0,0,0,0,31,2026-02-07 02:41:08.903427
WNTR,24.95,24.95,25.03,2109700.0,290.0,1941700.0,,0,0,0,0,0,0,0,0,0,0,0,0,0,0,0,0,0,0,0,0,0,0,0,0,0,0,0,0,0,0,0,0,31,2026-02-07 02:41:08.903427
SPNG,24.58,24.58,24.66,2031800.0,1818700.0,8205.0,,0,0,0,0,0,0,0,0,0,0,0,0,0,0,0,0,0,0,0,0,0,0,0,0,0,0,0,0,0,0,0,0,32,2026-02-07 02:41:09.954671
SMMR,25.1,25.11,25.14,2119200.0,1963600.0,14120.0,1809.0,0,0,0,0,0,0,0,0,0,0,0,0,0,0,0,0,0,0,0,0,0,0,0,0,0,0,0,0,0,0,0,0,32,2026-02-07 02:41:09.954671
ATMN,25.16,25.19,25.21,2057300.0,2223300.0,,8536.0,0,0,0,0,0,0,0,0,0,0,0,0,0,0,0,0,0,0,0,0,0,0,0,0,0,0,0,0,0,0,0,0,32,2026-02-07 02:41:09.954671
WNTR,24.91,24.95,25.01,2082700.0,1857500.0,8974.0,,0,0,0,0,0,0,0,0,0,0,0,0,0,0,0,0,0,0,0,0,0,0,0,0,0,0,0,0,0,0,0,0,32,2026-02-07 02:41:09.954671
SPNG,25.29,24.59,25.2,100.0,1944000.0,2050300.0,,0,0,0,0,0,0,0,0,0,0,0,0,0,0,0,0,0,0,0,0,0,0,0,0,0,0,0,0,0,0,0,0,33,2026-02-07 02:41:11.003503
SMMR,25.2,25.11,25.13,1809.0,2119200.0,2113300.0,4283.0,0,0,0,0,0,0,0,0,0,0,0,0,0,0,0,0,0,0,0,0,0,0,0,0,0,0,0,0,0,0,0,0,33,2026-02-07 02:41:11.003503
ATMN,25.21,25.19,25.21,8536.0,2057300.0,2223200.0,,0,0,0,0,0,0,0,0,0,0,0,0,0,0,0,0,0,0,0,0,0,0,0,0,0,0,0,0,0,0,0,0,33,2026-02-07 02:41:11.003503
WNTR,24.93,24.93,24.99,,2081600.0,1741700.0,17931.0,0,0,0,0,0,0,0,0,0,0,0,0,0,0,0,0,0,0,0,0,0,0,0,0,0,0,0,0,0,0,0,0,33,2026-02-07 02:41:11.003503
SPNG,25.31,24.89,25.31,2019200.0,2003600.0,,,0,0,0,0,0,0,0,0,0,0,0,0,0,0,0,0,0,0,0,0,0,0,0,0,0,0,0,0,0,0,0,0,34,2026-02-07 02:41:12.048359
SMMR,25.1,25.0,25.08,2244700.0,2033200.0,4383.0,,0,0,0,0,0,0,0,0,0,0,0,0,0,0,0,0,0,0,0,0,0,0,0,0,0,0,0,0,0,0,0,0,34,2026-02-07 02:41:12.048359
ATMN,25.21,25.19,25.21,2057300.0,2159900.0,1250.0,8536.0,0,0,0,0,0,0,0,0,0,0,0,0,0,0,0,0,0,0,0,0,0,0,0,0,0,0,0,0,0,0,0,0,34,2026-02-07 02:41:12.048359
WNTR,25.03,24.93,24.95,2058900.0,1942000.0,290.0,,0,0,0,0,0,0,0,0,0,0,0,0,0,0,0,0,0,0,0,0,0,0,0,0,0,0,0,0,0,0,0,0,34,2026-02-07 02:41:12.048359
SPNG,24.56,24.62,24.66,5907.0,1957900.0,1915700.0,1969.0,0,0,0,0,0,0,0,0,0,0,0,0,0,0,0,0,0,0,0,0,0,0,0,0,0,0,0,0,0,0,0,0,35,2026-02-07 02:41:13.118093
SMMR,25.13,25.02,25.13,2467.0,2106400.0,2014500.0,4383.0,0,0,0,0,0,0,0,0,0,0,0,0,0,0,0,0,0,0,0,0,0,0,0,0,0,0,0,0,0,0,0,0,35,2026-02-07 02:41:13.118093
ATMN,25.0,25.0,25.13,,2268900.0,2038900.0,9315.0,0,0,0,0,0,0,0,0,0,0,0,0,0,0,0,0,0,0,0,0,0,0,0,0,0,0,0,0,0,0,0,0,35,2026-02-07 02:41:13.118093
WNTR,24.92,24.92,24.95,,2078700.0,1832300.0,2308.0,0,0,0,0,0,0,0,0,0,0,0,0,0,0,0,0,0,0,0,0,0,0,0,0,0,0,0,0,0,0,0,0,35,2026-02-07 02:41:13.118093
SPNG,24.94,24.75,24.94,1983300.0,100.0,2025800.0,0,0,0,0,0,0,0,0,0,0,0,0,0,0,0,0,0,0,0,0,0,0,0,0,0,0,0,0,0,0,0,0,0,36,2026-02-07 02:41:14.173017
SMMR,25.23,25.12,25.23,1982100.0,16459.0,2224500.0,0,0,0,0,0,0,0,0,0,0,0,0,0,0,0,0,0,0,0,0,0,0,0,0,0,0,0,0,0,0,0,0,0,36,2026-02-07 02:41:14.173017
ATMN,24.98,24.98,25.13,2242900.0,,2253200.0,0,0,0,0,0,0,0,0,0,0,0,0,0,0,0,0,0,0,0,0,0,0,0,0,0,0,0,0,0,0,0,0,0,36,2026-02-07 02:41:14.173017
WNTR,25.09,25.04,25.09,1966900.0,2089.0,2005000.0,0,0,0,0,0,0,0,0,0,0,0,0,0,0,0,0,0,0,0,0,0,0,0,0,0,0,0,0,0,0,0,0,0,36,2026-02-07 02:41:14.173017
SPNG,25.32,24.76,24.84,4920.0,1937600.0,1903100.0,100.0,0,0,0,0,0,0,0,0,0,0,0,0,0,0,0,0,0,0,0,0,0,0,0,0,0,0,0,0,0,0,0,0,37,2026-02-07 02:41:15.258633
SMMR,25.02,25.0,25.02,,2222800.0,2127400.0,5976.0,0,0,0,0,0,0,0,0,0,0,0,0,0,0,0,0,0,0,0,0,0,0,0,0,0,0,0,0,0,0,0,0,37,2026-02-07 02:41:15.258633
ATMN,24.92,25.04,25.06,1573.0,2154400.0,1973800.0,17279.0,0,0,0,0,0,0,0,0,0,0,0,0,0,0,0,0,0,0,0,0,0,0,0,0,0,0,0,0,0,0,0,0,37,2026-02-07 02:41:15.258633
WNTR,25.05,24.93,25.0,2089.0,1965100.0,1844600.0,9863.0,0,0,0,0,0,0,0,0,0,0,0,0,0,0,0,0,0,0,0,0,0,0,0,0,0,0,0,0,0,0,0,0,37,2026-02-07 02:41:15.258633
SPNG,24.69,24.53,24.69,2064800.0,1998700.0,,,0,0,0,0,0,0,0,0,0,0,0,0,0,0,0,0,0,0,0,0,0,0,0,0,0,0,0,0,0,0,0,0,38,2026-02-07 02:41:16.335677
SMMR,25.02,25.12,25.2,2105400.0,2133900.0,3465.0,5976.0,0,0,0,0,0,0,0,0,0,0,0,0,0,0,0,0,0,0,0,0,0,0,0,0,0,0,0,0,0,0,0,0,38,2026-02-07 02:41:16.335677
ATMN,24.91,24.91,25.1,2278900.0,2004200.0,,11213.0,0,0,0,0,0,0,0,0,0,0,0,0,0,0,0,0,0,0,0,0,0,0,0,0,0,0,0,0,0,0,0,0,38,2026-02-07 02:41:16.335677
WNTR,24.98,24.98,25.0,1784800.0,1846000.0,10183.0,9863.0,0,0,0,0,0,0,0,0,0,0,0,0,0,0,0,0,0,0,0,0,0,0,0,0,0,0,0,0,0,0,0,0,38,2026-02-07 02:41:16.335677
SPNG,24.69,24.53,24.69,2007200.0,1998700.0,,,0,0,0,0,0,0,0,0,0,0,0,0,0,0,0,0,0,0,0,0,0,0,0,0,0,0,0,0,0,0,0,0,39,2026-02-07 02:41:16.886436
SMMR,25.02,25.12,25.2,2105900.0,2107000.0,3465.0,5976.0,0,0,0,0,0,0,0,0,0,0,0,0,0,0,0,0,0,0,0,0,0,0,0,0,0,0,0,0,0,0,0,0,39,2026-02-07 02:41:16.886436
ATMN,24.91,24.91,24.94,2278900.0,1987000.0,,11213.0,0,0,0,0,0,0,0,0,0,0,0,0,0,0,0,0,0,0,0,0,0,0,0,0,0,0,0,0,0,0,0,0,39,2026-02-07 02:41:16.886436
WNTR,24.98,24.98,25.0,1815300.0,1846000.0,10183.0,9863.0,0,0,0,0,0,0,0,0,0,0,0,0,0,0,0,0,0,0,0,0,0,0,0,0,0,0,0,0,0,0,0,0,39,2026-02-07 02:41:16.886436
SPNG,24.53,24.53,25.12,2007200.0,2024300.0,,,0,0,0,0,0,0,0,0,0,0,0,0,0,0,0,0,0,0,0,0,0,0,0,0,0,0,0,0,0,0,0,0,40,2026-02-07 02:41:17.938723
SMMR,25.0,25.0,25.18,2105500.0,2031200.0,3465.0,13786.0,0,0,0,0,0,0,0,0,0,0,0,0,0,0,0,0,0,0,0,0,0,0,0,0,0,0,0,0,0,0,0,0,40,2026-02-07 02:41:17.938723
ATMN,25.21,25.0,25.21,2182900.0,2280200.0,1912.0,,0,0,0,0,0,0,0,0,0,0,0,0,0,0,0,0,0,0,0,0,0,0,0,0,0,0,0,0,0,0,0,0,40,2026-02-07 02:41:17.938723
WNTR,24.93,24.93,25.0,2051100.0,1870900.0,,9863.0,0,0,0,0,0,0,0,0,0,0,0,0,0,0,0,0,0,0,0,0,0,0,0,0,0,0,0,0,0,0,0,0,40,2026-02-07 02:41:17.938723
SPNG,24.53,24.53,25.12,2007200.0,2029800.0,,,0,0,0,0,0,0,0,0,0,0,0,0,0,0,0,0,0,0,0,0,0,0,0,0,0,0,0,0,0,0,0,0,41,2026-02-07 02:41:18.992334
SMMR,25.14,25.0,25.14,2246900.0,2140500.0,7826.0,,0,0,0,0,0,0,0,0,0,0,0,0,0,0,0,0,0,0,0,0,0,0,0,0,0,0,0,0,0,0,0,0,41,2026-02-07 02:41:18.992334
ATMN,25.24,25.02,25.04,2182900.0,2269000.0,,4463.0,0,0,0,0,0,0,0,0,0,0,0,0,0,0,0,0,0,0,0,0,0,0,0,0,0,0,0,0,0,0,0,0,41,2026-02-07 02:41:18.992334
WNTR,24.93,24.93,24.97,2018000.0,1964900.0,10000.0,,0,0,0,0,0,0,0,0,0,0,0,0,0,0,0,0,0,0,0,0,0,0,0,0,0,0,0,0,0,0,0,0,41,2026-02-07 02:41:18.992334
SPNG,24.53,24.53,25.08,2007200.0,6204.0,1914400.0,,0,0,0,0,0,0,0,0,0,0,0,0,0,0,0,0,0,0,0,0,0,0,0,0,0,0,0,0,0,0,0,0,42,2026-02-07 02:41:20.050198
SMMR,25.14,25.16,25.22,2154400.0,,2237300.0,7646.0,0,0,0,0,0,0,0,0,0,0,0,0,0,0,0,0,0,0,0,0,0,0,0,0,0,0,0,0,0,0,0,0,42,2026-02-07 02:41:20.050198
ATMN,25.24,24.91,25.24,2309800.0,,2270800.0,,0,0,0,0,0,0,0,0,0,0,0,0,0,0,0,0,0,0,0,0,0,0,0,0,0,0,0,0,0,0,0,0,42,2026-02-07 02:41:20.050198
WNTR,24.92,24.92,24.95,2025400.0,19152.0,1861700.0,,0,0,0,0,0,0,0,0,0,0,0,0,0,0,0,0,0,0,0,0,0,0,0,0,0,0,0,0,0,0,0,0,42,2026-02-07 02:41:20.050198
SPNG,24.53,24.96,25.04,1942100.0,100.0,6304.0,1848400.0,0,0,0,0,0,0,0,0,0,0,0,0,0,0,0,0,0,0,0,0,0,0,0,0,0,0,0,0,0,0,0,0,43,2026-02-07 02:41:21.107554
SMMR,25.14,25.17,25.18,1998200.0,15200.0,7063.0,2129600.0,0,0,0,0,0,0,0,0,0,0,0,0,0,0,0,0,0,0,0,0,0,0,0,0,0,0,0,0,0,0,0,0,43,2026-02-07 02:41:21.107554
ATMN,24.9,24.9,25.22,2317700.0,,1845.0,2193700.0,0,0,0,0,0,0,0,0,0,0,0,0,0,0,0,0,0,0,0,0,0,0,0,0,0,0,0,0,0,0,0,0,43,2026-02-07 02:41:21.107554
WNTR,24.92,24.92,24.93,2027700.0,,26000.0,1752600.0,0,0,0,0,0,0,0,0,0,0,0,0,0,0,0,0,0,0,0,0,0,0,0,0,0,0,0,0,0,0,0,0,43,2026-02-07 02:41:21.107554
SPNG,24.96,24.96,25.1,1942100.0,100.0,2051900.0,,0,0,0,0,0,0,0,0,0,0,0,0,0,0,0,0,0,0,0,0,0,0,0,0,0,0,0,0,0,0,0,0,44,2026-02-07 02:41:22.173871
SMMR,25.16,25.16,25.17,1998200.0,11383.0,1986800.0,14429.0,0,0,0,0,0,0,0,0,0,0,0,0,0,0,0,0,0,0,0,0,0,0,0,0,0,0,0,0,0,0,0,0,44,2026-02-07 02:41:22.173871
ATMN,24.84,24.84,24.87,2192700.0,7199.0,1947300.0,3767.0,0,0,0,0,0,0,0,0,0,0,0,0,0,0,0,0,0,0,0,0,0,0,0,0,0,0,0,0,0,0,0,0,44,2026-02-07 02:41:22.173871
WNTR,25.02,24.95,25.02,1891700.0,8817.0,2074800.0,,0,0,0,0,0,0,0,0,0,0,0,0,0,0,0,0,0,0,0,0,0,0,0,0,0,0,0,0,0,0,0,0,44,2026-02-07 02:41:22.173871
SPNG,24.62,24.86,25.1,2054800.0,2051900.0,,,0,0,0,0,0,0,0,0,0,0,0,0,0,0,0,0,0,0,0,0,0,0,0,0,0,0,0,0,0,0,0,0,45,2026-02-07 02:41:23.303572
SMMR,25.16,25.16,25.17,2230800.0,2101300.0,188.0,,0,0,0,0,0,0,0,0,0,0,0,0,0,0,0,0,0,0,0,0,0,0,0,0,0,0,0,0,0,0,0,0,45,2026-02-07 02:41:23.303572
ATMN,24.96,24.85,24.96,2193000.0,2291100.0,,764.0,0,0,0,0,0,0,0,0,0,0,0,0,0,0,0,0,0,0,0,0,0,0,0,0,0,0,0,0,0,0,0,0,45,2026-02-07 02:41:23.303572
WNTR,24.91,24.91,24.93,2013700.0,1946700.0,7436.0,,0,0,0,0,0,0,0,0,0,0,0,0,0,0,0,0,0,0,0,0,0,0,0,0,0,0,0,0,0,0,0,0,45,2026-02-07 02:41:23.303572
SPNG,24.52,24.66,25.1,2029600.0,2057400.0,,,0,0,0,0,0,0,0,0,0,0,0,0,0,0,0,0,0,0,0,0,0,0,0,0,0,0,0,0,0,0,0,0,46,2026-02-07 02:41:24.362412
SMMR,25.13,25.15,25.16,2137400.0,1982600.0,7173.0,7361.0,0,0,0,0,0,0,0,0,0,0,0,0,0,0,0,0,0,0,0,0,0,0,0,0,0,0,0,0,0,0,0,0,46,2026-02-07 02:41:24.362412
ATMN,24.96,24.89,24.95,2072700.0,2164900.0,4269.0,7105.0,0,0,0,0,0,0,0,0,0,0,0,0,0,0,0,0,0,0,0,0,0,0,0,0,0,0,0,0,0,0,0,0,46,2026-02-07 02:41:24.362412
WNTR,24.92,24.92,24.93,1904600.0,1946700.0,7337.0,7436.0,0,0,0,0,0,0,0,0,0,0,0,0,0,0,0,0,0,0,0,0,0,0,0,0,0,0,0,0,0,0,0,0,46,2026-02-07 02:41:24.362412
SPNG,24.66,24.66,25.1,1941300.0,100.0,2087900.0,,0,0,0,0,0,0,0,0,0,0,0,0,0,0,0,0,0,0,0,0,0,0,0,0,0,0,0,0,0,0,0,0,47,2026-02-07 02:41:24.944108
SMMR,25.0,25.0,25.16,2227300.0,,1995500.0,7361.0,0,0,0,0,0,0,0,0,0,0,0,0,0,0,0,0,0,0,0,0,0,0,0,0,0,0,0,0,0,0,0,0,47,2026-02-07 02:41:24.944108
ATMN,24.88,24.88,25.24,2176000.0,764.0,2286400.0,,0,0,0,0,0,0,0,0,0,0,0,0,0,0,0,0,0,0,0,0,0,0,0,0,0,0,0,0,0,0,0,0,47,2026-02-07 02:41:24.944108
WNTR,24.91,24.91,24.93,1994700.0,,1946700.0,7436.0,0,0,0,0,0,0,0,0,0,0,0,0,0,0,0,0,0,0,0,0,0,0,0,0,0,0,0,0,0,0,0,0,47,2026-02-07 02:41:24.944108
SPNG,25.19,24.69,25.19,5841.0,1845200.0,2065000.0,,0,0,0,0,0,0,0,0,0,0,0,0,0,0,0,0,0,0,0,0,0,0,0,0,0,0,0,0,0,0,0,0,48,2026-02-07 02:41:25.998515
SMMR,25.17,25.12,25.17,4210.0,2098100.0,2127100.0,188.0,0,0,0,0,0,0,0,0,0,0,0,0,0,0,0,0,0,0,0,0,0,0,0,0,0,0,0,0,0,0,0,0,48,2026-02-07 02:41:25.998515
ATMN,25.25,24.82,25.25,,2273000.0,2271600.0,,0,0,0,0,0,0,0,0,0,0,0,0,0,0,0,0,0,0,0,0,0,0,0,0,0,0,0,0,0,0,0,0,48,2026-02-07 02:41:25.998515
WNTR,24.91,24.91,24.99,,2003500.0,2072800.0,,0,0,0,0,0,0,0,0,0,0,0,0,0,0,0,0,0,0,0,0,0,0,0,0,0,0,0,0,0,0,0,0,48,2026-02-07 02:41:25.998515
SPNG,25.19,24.76,25.15,1769400.0,11501.0,100.0,1974500.0,0,0,0,0,0,0,0,0,0,0,0,0,0,0,0,0,0,0,0,0,0,0,0,0,0,0,0,0,0,0,0,0,49,2026-02-07 02:41:27.044445
SMMR,25.18,25.13,25.18,1962000.0,11186.0,,2249000.0,0,0,0,0,0,0,0,0,0,0,0,0,0,0,0,0,0,0,0,0,0,0,0,0,0,0,0,0,0,0,0,0,49,2026-02-07 02:41:27.044445
ATMN,24.82,24.82,25.22,2273000.0,,1704.0,2167300.0,0,0,0,0,0,0,0,0,0,0,0,0,0,0,0,0,0,0,0,0,0,0,0,0,0,0,0,0,0,0,0,0,49,2026-02-07 02:41:27.044445
WNTR,25.02,24.93,24.94,1796500.0,14167.0,7135.0,1945200.0,0,0,0,0,0,0,0,0,0,0,0,0,0,0,0,0,0,0,0,0,0,0,0,0,0,0,0,0,0,0,0,0,49,2026-02-07 02:41:27.044445
SPNG,25.19,24.76,24.9,2098800.0,2071900.0,0,0,0,0,0,0,0,0,0,0,0,0,0,0,0,0,0,0,0,0,0,0,0,0,0,0,0,0,0,0,0,0,0,0,50,2026-02-07 02:41:28.119904
SMMR,25.0,25.0,25.18,2241200.0,2240900.0,0,0,0,0,0,0,0,0,0,0,0,0,0,0,0,0,0,0,0,0,0,0,0,0,0,0,0,0,0,0,0,0,0,0,50,2026-02-07 02:41:28.119904
ATMN,25.1,25.1,25.25,2280800.0,2271600.0,0,0,0,0,0,0,0,0,0,0,0,0,0,0,0,0,0,0,0,0,0,0,0,0,0,0,0,0,0,0,0,0,0,0,50,2026-02-07 02:41:28.119904
WNTR,25.02,24.91,24.94,1991600.0,2050700.0,0,0,0,0,0,0,0,0,0,0,0,0,0,0,0,0,0,0,0,0,0,0,0,0,0,0,0,0,0,0,0,0,0,0,50,2026-02-07 02:41:28.119904
SPNG,25.19,24.76,25.19,2098800.0,2046000.0,,,0,0,0,0,0,0,0,0,0,0,0,0,0,0,0,0,0,0,0,0,0,0,0,0,0,0,0,0,0,0,0,0,51,2026-02-07 02:41:29.213016
SMMR,24.99,25.02,25.15,2104500.0,2129300.0,6670.0,6773.0,0,0,0,0,0,0,0,0,0,0,0,0,0,0,0,0,0,0,0,0,0,0,0,0,0,0,0,0,0,0,0,0,51,2026-02-07 02:41:29.213016
ATMN,25.1,24.83,25.01,2266900.0,2189800.0,,6619.0,0,0,0,0,0,0,0,0,0,0,0,0,0,0,0,0,0,0,0,0,0,0,0,0,0,0,0,0,0,0,0,0,51,2026-02-07 02:41:29.213016
WNTR,24.94,24.94,24.95,2007500.0,2071600.0,,,0,0,0,0,0,0,0,0,0,0,0,0,0,0,0,0,0,0,0,0,0,0,0,0,0,0,0,0,0,0,0,0,51,2026-02-07 02:41:29.213016
SPNG,25.19,24.79,24.87,6367.0,2008800.0,1955100.0,100.0,0,0,0,0,0,0,0,0,0,0,0,0,0,0,0,0,0,0,0,0,0,0,0,0,0,0,0,0,0,0,0,0,52,2026-02-07 02:41:30.275915
SMMR,25.19,25.02,25.16,6566.0,2087300.0,2142500.0,6566.0,0,0,0,0,0,0,0,0,0,0,0,0,0,0,0,0,0,0,0,0,0,0,0,0,0,0,0,0,0,0,0,0,52,2026-02-07 02:41:30.275915
ATMN,24.83,24.83,25.11,6519.0,2149700.0,2204800.0,6619.0,0,0,0,0,0,0,0,0,0,0,0,0,0,0,0,0,0,0,0,0,0,0,0,0,0,0,0,0,0,0,0,0,52,2026-02-07 02:41:30.275915
WNTR,24.91,24.91,24.95,,2001800.0,1983800.0,6822.0,0,0,0,0,0,0,0,0,0,0,0,0,0,0,0,0,0,0,0,0,0,0,0,0,0,0,0,0,0,0,0,0,52,2026-02-07 02:41:30.275915
SPNG,25.19,24.8,24.86,6467.0,1842900.0,200.0,1852300.0,0,0,0,0,0,0,0,0,0,0,0,0,0,0,0,0,0,0,0,0,0,0,0,0,0,0,0,0,0,0,0,0,53,2026-02-07 02:41:31.330719
SMMR,24.99,24.98,24.99,,2201600.0,13027.0,2042200.0,0,0,0,0,0,0,0,0,0,0,0,0,0,0,0,0,0,0,0,0,0,0,0,0,0,0,0,0,0,0,0,0,53,2026-02-07 02:41:31.330719
ATMN,25.18,25.18,25.25,11054.0,2054000.0,,2263200.0,0,0,0,0,0,0,0,0,0,0,0,0,0,0,0,0,0,0,0,0,0,0,0,0,0,0,0,0,0,0,0,0,53,2026-02-07 02:41:31.330719
WNTR,24.93,24.93,24.94,7972.0,1812000.0,13538.0,1900400.0,0,0,0,0,0,0,0,0,0,0,0,0,0,0,0,0,0,0,0,0,0,0,0,0,0,0,0,0,0,0,0,0,53,2026-02-07 02:41:31.330719
SPNG,24.87,24.8,24.87,6467.0,1849100.0,1942800.0,100.0,0,0,0,0,0,0,0,0,0,0,0,0,0,0,0,0,0,0,0,0,0,0,0,0,0,0,0,0,0,0,0,0,54,2026-02-07 02:41:32.378299
SMMR,25.19,25.06,25.19,,2219400.0,2235700.0,,0,0,0,0,0,0,0,0,0,0,0,0,0,0,0,0,0,0,0,0,0,0,0,0,0,0,0,0,0,0,0,0,54,2026-02-07 02:41:32.378299
ATMN,24.92,24.92,25.2,11054.0,2053800.0,2285000.0,,0,0,0,0,0,0,0,0,0,0,0,0,0,0,0,0,0,0,0,0,0,0,0,0,0,0,0,0,0,0,0,0,54,2026-02-07 02:41:32.378299
WNTR,24.95,24.93,24.95,7972.0,1812000.0,1994200.0,6822.0,0,0,0,0,0,0,0,0,0,0,0,0,0,0,0,0,0,0,0,0,0,0,0,0,0,0,0,0,0,0,0,0,54,2026-02-07 02:41:32.378299
SPNG,24.94,24.76,24.94,2061400.0,2035600.0,0,0,0,0,0,0,0,0,0,0,0,0,0,0,0,0,0,0,0,0,0,0,0,0,0,0,0,0,0,0,0,0,0,0,55,2026-02-07 02:41:33.449509
SMMR,25.21,25.06,25.21,2219400.0,2247000.0,0,0,0,0,0,0,0,0,0,0,0,0,0,0,0,0,0,0,0,0,0,0,0,0,0,0,0,0,0,0,0,0,0,0,55,2026-02-07 02:41:33.449509
ATMN,24.81,24.81,24.96,2252600.0,2320600.0,0,0,0,0,0,0,0,0,0,0,0,0,0,0,0,0,0,0,0,0,0,0,0,0,0,0,0,0,0,0,0,0,0,0,55,2026-02-07 02:41:33.449509
WNTR,25.03,24.98,25.03,2026600.0,2046000.0,0,0,0,0,0,0,0,0,0,0,0,0,0,0,0,0,0,0,0,0,0,0,0,0,0,0,0,0,0,0,0,0,0,0,55,2026-02-07 02:41:33.449509
SPNG,24.74,24.74,24.94,2065000.0,2035600.0,0,0,0,0,0,0,0,0,0,0,0,0,0,0,0,0,0,0,0,0,0,0,0,0,0,0,0,0,0,0,0,0,0,0,56,2026-02-07 02:41:34.015927
SMMR,25.22,25.06,25.22,2211900.0,2238400.0,0,0,0,0,0,0,0,0,0,0,0,0,0,0,0,0,0,0,0,0,0,0,0,0,0,0,0,0,0,0,0,0,0,0,56,2026-02-07 02:41:34.015927
ATMN,24.81,24.91,24.96,2268800.0,2320600.0,0,0,0,0,0,0,0,0,0,0,0,0,0,0,0,0,0,0,0,0,0,0,0,0,0,0,0,0,0,0,0,0,0,0,56,2026-02-07 02:41:34.015927
WNTR,25.03,24.98,25.03,2026600.0,2048700.0,0,0,0,0,0,0,0,0,0,0,0,0,0,0,0,0,0,0,0,0,0,0,0,0,0,0,0,0,0,0,0,0,0,0,56,2026-02-07 02:41:34.015927
SPNG,24.94,24.82,24.94,424.0,1936400.0,2035600.0,,0,0,0,0,0,0,0,0,0,0,0,0,0,0,0,0,0,0,0,0,0,0,0,0,0,0,0,0,0,0,0,0,57,2026-02-07 02:41:35.077555
SMMR,25.06,25.06,25.22,,2211900.0,2229600.0,,0,0,0,0,0,0,0,0,0,0,0,0,0,0,0,0,0,0,0,0,0,0,0,0,0,0,0,0,0,0,0,0,57,2026-02-07 02:41:35.077555
ATMN,24.91,24.91,24.93,,2268800.0,2200000.0,454.0,0,0,0,0,0,0,0,0,0,0,0,0,0,0,0,0,0,0,0,0,0,0,0,0,0,0,0,0,0,0,0,0,57,2026-02-07 02:41:35.077555
WNTR,24.9,24.9,24.99,,2019800.0,2065000.0,,0,0,0,0,0,0,0,0,0,0,0,0,0,0,0,0,0,0,0,0,0,0,0,0,0,0,0,0,0,0,0,0,57,2026-02-07 02:41:35.077555
SPNG,24.94,25.09,25.19,2026200.0,2067400.0,,0,0,0,0,0,0,0,0,0,0,0,0,0,0,0,0,0,0,0,0,0,0,0,0,0,0,0,0,0,0,0,0,0,58,2026-02-07 02:41:36.145487
SMMR,24.98,25.15,25.22,2225700.0,2229600.0,,0,0,0,0,0,0,0,0,0,0,0,0,0,0,0,0,0,0,0,0,0,0,0,0,0,0,0,0,0,0,0,0,0,58,2026-02-07 02:41:36.145487
ATMN,24.79,24.79,24.84,2258200.0,2195300.0,606.0,0,0,0,0,0,0,0,0,0,0,0,0,0,0,0,0,0,0,0,0,0,0,0,0,0,0,0,0,0,0,0,0,0,58,2026-02-07 02:41:36.145487
WNTR,24.96,24.9,24.96,2019800.0,2057300.0,,0,0,0,0,0,0,0,0,0,0,0,0,0,0,0,0,0,0,0,0,0,0,0,0,0,0,0,0,0,0,0,0,0,58,2026-02-07 02:41:36.145487
SPNG,24.66,24.66,25.19,2093000.0,2082100.0,0,0,0,0,0,0,0,0,0,0,0,0,0,0,0,0,0,0,0,0,0,0,0,0,0,0,0,0,0,0,0,0,0,0,59,2026-02-07 02:41:37.216782
SMMR,25.23,25.15,25.23,2199700.0,2246800.0,0,0,0,0,0,0,0,0,0,0,0,0,0,0,0,0,0,0,0,0,0,0,0,0,0,0,0,0,0,0,0,0,0,0,59,2026-02-07 02:41:37.216782
ATMN,24.79,24.79,24.84,2254800.0,2305100.0,0,0,0,0,0,0,0,0,0,0,0,0,0,0,0,0,0,0,0,0,0,0,0,0,0,0,0,0,0,0,0,0,0,0,59,2026-02-07 02:41:37.216782
WNTR,24.9,24.89,24.9,2047100.0,2087000.0,0,0,0,0,0,0,0,0,0,0,0,0,0,0,0,0,0,0,0,0,0,0,0,0,0,0,0,0,0,0,0,0,0,0,59,2026-02-07 02:41:37.216782
SPNG,24.62,25.65,29.5,902700.0,615700.0,0,0,0,0,0,0,0,0,0,0,0,0,0,0,0,0,0,0,0,0,0,0,0,0,0,0,0,0,0,0,0,0,0,0,60,2026-02-07 02:41:38.363967
SMMR,25.24,24.86,24.94,939100.0,872200.0,0,0,0,0,0,0,0,0,0,0,0,0,0,0,0,0,0,0,0,0,0,0,0,0,0,0,0,0,0,0,0,0,0,0,60,2026-02-07 02:41:38.363967
ATMN,24.79,24.99,25.25,937600.0,871600.0,0,0,0,0,0,0,0,0,0,0,0,0,0,0,0,0,0,0,0,0,0,0,0,0,0,0,0,0,0,0,0,0,0,0,60,2026-02-07 02:41:38.363967
WNTR,24.94,25.63,0.0,200000.0,,0,0,0,0,0,0,0,0,0,0,0,0,0,0,0,0,0,0,0,0,0,0,0,0,0,0,0,0,0,0,0,0,0,0,60,2026-02-07 02:41:38.363967
SPNG,24.62,25.72,26.51,5133.0,902700.0,1049800.0,5133.0,0,0,0,0,0,0,0,0,0,0,0,0,0,0,0,0,0,0,0,0,0,0,0,0,0,0,0,0,0,0,0,0,61,2026-02-07 02:41:39.435364
SMMR,24.86,24.72,24.76,,993900.0,1119700.0,,0,0,0,0,0,0,0,0,0,0,0,0,0,0,0,0,0,0,0,0,0,0,0,0,0,0,0,0,0,0,0,0,61,2026-02-07 02:41:39.435364
ATMN,24.96,24.96,25.13,,972800.0,960400.0,,0,0,0,0,0,0,0,0,0,0,0,0,0,0,0,0,0,0,0,0,0,0,0,0,0,0,0,0,0,0,0,0,61,2026-02-07 02:41:39.435364
WNTR,25.63,25.31,25.38,5500.0,897500.0,785200.0,5500.0,0,0,0,0,0,0,0,0,0,0,0,0,0,0,0,0,0,0,0,0,0,0,0,0,0,0,0,0,0,0,0,0,61,2026-02-07 02:41:39.435364
SPNG,25.65,25.65,26.51,902700.0,1253600.0,,,0,0,0,0,0,0,0,0,0,0,0,0,0,0,0,0,0,0,0,0,0,0,0,0,0,0,0,0,0,0,0,0,62,2026-02-07 02:41:40.479500
SMMR,24.76,24.72,24.76,1344700.0,1119700.0,5377.0,,0,0,0,0,0,0,0,0,0,0,0,0,0,0,0,0,0,0,0,0,0,0,0,0,0,0,0,0,0,0,0,0,62,2026-02-07 02:41:40.479500
ATMN,24.75,24.89,25.11,1095100.0,960400.0,5255.0,,0,0,0,0,0,0,0,0,0,0,0,0,0,0,0,0,0,0,0,0,0,0,0,0,0,0,0,0,0,0,0,0,62,2026-02-07 02:41:40.479500
WNTR,25.4,25.36,25.4,1112100.0,785200.0,,5500.0,0,0,0,0,0,0,0,0,0,0,0,0,0,0,0,0,0,0,0,0,0,0,0,0,0,0,0,0,0,0,0,0,62,2026-02-07 02:41:40.479500
SPNG,25.65,25.65,25.85,902700.0,1532800.0,,,0,0,0,0,0,0,0,0,0,0,0,0,0,0,0,0,0,0,0,0,0,0,0,0,0,0,0,0,0,0,0,0,63,2026-02-07 02:41:41.036435
SMMR,24.71,24.71,24.77,1220500.0,1025600.0,,,0,0,0,0,0,0,0,0,0,0,0,0,0,0,0,0,0,0,0,0,0,0,0,0,0,0,0,0,0,0,0,0,63,2026-02-07 02:41:41.036435
ATMN,24.95,24.89,24.95,1095100.0,1082100.0,5255.0,,0,0,0,0,0,0,0,0,0,0,0,0,0,0,0,0,0,0,0,0,0,0,0,0,0,0,0,0,0,0,0,0,63,2026-02-07 02:41:41.036435
WNTR,25.4,25.36,25.4,1313900.0,785200.0,,5500.0,0,0,0,0,0,0,0,0,0,0,0,0,0,0,0,0,0,0,0,0,0,0,0,0,0,0,0,0,0,0,0,0,63,2026-02-07 02:41:41.036435
SPNG,25.62,25.67,25.83,1392.0,944700.0,1392.0,1802800.0,0,0,0,0,0,0,0,0,0,0,0,0,0,0,0,0,0,0,0,0,0,0,0,0,0,0,0,0,0,0,0,0,64,2026-02-07 02:41:42.156389
SMMR,24.77,24.72,24.76,1392.0,1486600.0,1392.0,1025600.0,0,0,0,0,0,0,0,0,0,0,0,0,0,0,0,0,0,0,0,0,0,0,0,0,0,0,0,0,0,0,0,0,64,2026-02-07 02:41:42.156389
ATMN,24.95,24.91,24.93,1392.0,1404400.0,5977.0,1082100.0,0,0,0,0,0,0,0,0,0,0,0,0,0,0,0,0,0,0,0,0,0,0,0,0,0,0,0,0,0,0,0,0,64,2026-02-07 02:41:42.156389
WNTR,25.45,25.51,26.07,5593.0,1408100.0,,952100.0,0,0,0,0,0,0,0,0,0,0,0,0,0,0,0,0,0,0,0,0,0,0,0,0,0,0,0,0,0,0,0,0,64,2026-02-07 02:41:42.156389
SPNG,25.62,25.62,25.85,944700.0,1956300.0,,0,0,0,0,0,0,0,0,0,0,0,0,0,0,0,0,0,0,0,0,0,0,0,0,0,0,0,0,0,0,0,0,0,65,2026-02-07 02:41:43.244813
SMMR,24.76,24.82,24.94,1717300.0,954000.0,,0,0,0,0,0,0,0,0,0,0,0,0,0,0,0,0,0,0,0,0,0,0,0,0,0,0,0,0,0,0,0,0,0,65,2026-02-07 02:41:43.244813
ATMN,25.13,24.92,25.13,1730800.0,960400.0,,0,0,0,0,0,0,0,0,0,0,0,0,0,0,0,0,0,0,0,0,0,0,0,0,0,0,0,0,0,0,0,0,0,65,2026-02-07 02:41:43.244813
WNTR,25.45,25.56,25.6,1495200.0,952100.0,2336.0,0,0,0,0,0,0,0,0,0,0,0,0,0,0,0,0,0,0,0,0,0,0,0,0,0,0,0,0,0,0,0,0,0,65,2026-02-07 02:41:43.244813
SPNG,23.66,22.75,23.49,988900.0,1963200.0,2336.0,,0,0,0,0,0,0,0,0,0,0,0,0,0,0,0,0,0,0,0,0,0,0,0,0,0,0,0,0,0,0,0,0,66,2026-02-07 02:41:44.310404
SMMR,24.98,24.82,24.88,1822000.0,956800.0,,4672.0,0,0,0,0,0,0,0,0,0,0,0,0,0,0,0,0,0,0,0,0,0,0,0,0,0,0,0,0,0,0,0,0,66,2026-02-07 02:41:44.310404
ATMN,25.25,25.06,25.25,1951500.0,871600.0,4931.0,16679.0,0,0,0,0,0,0,0,0,0,0,0,0,0,0,0,0,0,0,0,0,0,0,0,0,0,0,0,0,0,0,0,0,66,2026-02-07 02:41:44.310404
WNTR,25.39,25.41,25.61,1414400.0,951900.0,2336.0,8000.0,0,0,0,0,0,0,0,0,0,0,0,0,0,0,0,0,0,0,0,0,0,0,0,0,0,0,0,0,0,0,0,0,66,2026-02-07 02:41:44.310404
SPNG,23.49,23.5,25.11,1364600.0,2436.0,1831200.0,,0,0,0,0,0,0,0,0,0,0,0,0,0,0,0,0,0,0,0,0,0,0,0,0,0,0,0,0,0,0,0,0,67,2026-02-07 02:41:45.355097
SMMR,24.87,24.87,24.88,1848400.0,,956800.0,1783.0,0,0,0,0,0,0,0,0,0,0,0,0,0,0,0,0,0,0,0,0,0,0,0,0,0,0,0,0,0,0,0,0,67,2026-02-07 02:41:45.355097
ATMN,25.06,25.02,25.03,2059300.0,,1087700.0,8305.0,0,0,0,0,0,0,0,0,0,0,0,0,0,0,0,0,0,0,0,0,0,0,0,0,0,0,0,0,0,0,0,0,67,2026-02-07 02:41:45.355097
WNTR,25.39,25.42,25.48,1414400.0,14492.0,1248000.0,11508.0,0,0,0,0,0,0,0,0,0,0,0,0,0,0,0,0,0,0,0,0,0,0,0,0,0,0,0,0,0,0,0,0,67,2026-02-07 02:41:45.355097
SPNG,23.27,23.27,24.13,1236300.0,1752500.0,4121.0,,0,0,0,0,0,0,0,0,0,0,0,0,0,0,0,0,0,0,0,0,0,0,0,0,0,0,0,0,0,0,0,0,68,2026-02-07 02:41:46.393547
SMMR,24.88,24.87,24.88,1810800.0,956800.0,17109.0,3120.0,0,0,0,0,0,0,0,0,0,0,0,0,0,0,0,0,0,0,0,0,0,0,0,0,0,0,0,0,0,0,0,0,68,2026-02-07 02:41:46.393547
ATMN,25.03,25.02,25.03,2020700.0,1087700.0,,8305.0,0,0,0,0,0,0,0,0,0,0,0,0,0,0,0,0,0,0,0,0,0,0,0,0,0,0,0,0,0,0,0,0,68,2026-02-07 02:41:46.393547
WNTR,25.49,25.45,25.49,1626900.0,1248000.0,10336.0,15664.0,0,0,0,0,0,0,0,0,0,0,0,0,0,0,0,0,0,0,0,0,0,0,0,0,0,0,0,0,0,0,0,0,68,2026-02-07 02:41:46.393547
SPNG,23.91,23.27,23.5,1346600.0,1687200.0,4221.0,,0,0,0,0,0,0,0,0,0,0,0,0,0,0,0,0,0,0,0,0,0,0,0,0,0,0,0,0,0,0,0,0,69,2026-02-07 02:41:47.436881
SMMR,24.9,24.9,24.98,2063400.0,943200.0,1007.0,3120.0,0,0,0,0,0,0,0,0,0,0,0,0,0,0,0,0,0,0,0,0,0,0,0,0,0,0,0,0,0,0,0,0,69,2026-02-07 02:41:47.436881
ATMN,25.24,25.24,25.3,1869400.0,976200.0,,8405.0,0,0,0,0,0,0,0,0,0,0,0,0,0,0,0,0,0,0,0,0,0,0,0,0,0,0,0,0,0,0,0,0,69,2026-02-07 02:41:47.436881
WNTR,25.61,25.49,25.61,1638000.0,1063900.0,,25664.0,0,0,0,0,0,0,0,0,0,0,0,0,0,0,0,0,0,0,0,0,0,0,0,0,0,0,0,0,0,0,0,0,69,2026-02-07 02:41:47.436881
SPNG,23.74,23.54,23.62,1444000.0,2079100.0,,0,0,0,0,0,0,0,0,0,0,0,0,0,0,0,0,0,0,0,0,0,0,0,0,0,0,0,0,0,0,0,0,0,70,2026-02-07 02:41:48.476136
SMMR,24.88,24.86,24.88,1934200.0,1273100.0,9694.0,0,0,0,0,0,0,0,0,0,0,0,0,0,0,0,0,0,0,0,0,0,0,0,0,0,0,0,0,0,0,0,0,0,70,2026-02-07 02:41:48.476136
ATMN,25.26,25.02,25.26,2243900.0,1088600.0,,0,0,0,0,0,0,0,0,0,0,0,0,0,0,0,0,0,0,0,0,0,0,0,0,0,0,0,0,0,0,0,0,0,70,2026-02-07 02:41:48.476136
WNTR,25.5,25.52,25.61,1957100.0,1063900.0,,0,0,0,0,0,0,0,0,0,0,0,0,0,0,0,0,0,0,0,0,0,0,0,0,0,0,0,0,0,0,0,0,0,70,2026-02-07 02:41:48.476136
SPNG,23.54,23.54,24.13,1643900.0,2030200.0,,,0,0,0,0,0,0,0,0,0,0,0,0,0,0,0,0,0,0,0,0,0,0,0,0,0,0,0,0,0,0,0,0,71,2026-02-07 02:41:49.523905
SMMR,24.86,24.86,24.88,2042300.0,1408700.0,9661.0,12114.0,0,0,0,0,0,0,0,0,0,0,0,0,0,0,0,0,0,0,0,0,0,0,0,0,0,0,0,0,0,0,0,0,71,2026-02-07 02:41:49.523905
ATMN,25.25,24.92,25.25,2312100.0,1190000.0,,,0,0,0,0,0,0,0,0,0,0,0,0,0,0,0,0,0,0,0,0,0,0,0,0,0,0,0,0,0,0,0,0,71,2026-02-07 02:41:49.523905
WNTR,25.79,25.57,25.77,1957100.0,1112500.0,336.0,,0,0,0,0,0,0,0,0,0,0,0,0,0,0,0,0,0,0,0,0,0,0,0,0,0,0,0,0,0,0,0,0,71,2026-02-07 02:41:49.523905
SPNG,24.13,23.43,23.9,311.0,1664800.0,1961300.0,2500.0,0,0,0,0,0,0,0,0,0,0,0,0,0,0,0,0,0,0,0,0,0,0,0,0,0,0,0,0,0,0,0,0,72,2026-02-07 02:41:50.566874
SMMR,24.75,24.75,24.87,,1803600.0,1509400.0,9694.0,0,0,0,0,0,0,0,0,0,0,0,0,0,0,0,0,0,0,0,0,0,0,0,0,0,0,0,0,0,0,0,0,72,2026-02-07 02:41:50.566874
ATMN,25.25,24.99,25.09,9542.0,2040100.0,1190000.0,6730.0,0,0,0,0,0,0,0,0,0,0,0,0,0,0,0,0,0,0,0,0,0,0,0,0,0,0,0,0,0,0,0,0,72,2026-02-07 02:41:50.566874
WNTR,25.67,25.45,25.48,2461.0,1926100.0,1203100.0,,0,0,0,0,0,0,0,0,0,0,0,0,0,0,0,0,0,0,0,0,0,0,0,0,0,0,0,0,0,0,0,0,72,2026-02-07 02:41:50.566874
SPNG,23.27,23.55,23.9,1549500.0,1961300.0,2500.0,,0,0,0,0,0,0,0,0,0,0,0,0,0,0,0,0,0,0,0,0,0,0,0,0,0,0,0,0,0,0,0,0,73,2026-02-07 02:41:51.201355
SMMR,24.72,24.72,24.87,1695500.0,1509400.0,9694.0,,0,0,0,0,0,0,0,0,0,0,0,0,0,0,0,0,0,0,0,0,0,0,0,0,0,0,0,0,0,0,0,0,73,2026-02-07 02:41:51.201355
ATMN,25.32,24.99,25.32,2040100.0,869100.0,,9542.0,0,0,0,0,0,0,0,0,0,0,0,0,0,0,0,0,0,0,0,0,0,0,0,0,0,0,0,0,0,0,0,0,73,2026-02-07 02:41:51.201355
WNTR,25.67,25.45,25.48,1926800.0,1203100.0,,2461.0,0,0,0,0,0,0,0,0,0,0,0,0,0,0,0,0,0,0,0,0,0,0,0,0,0,0,0,0,0,0,0,0,73,2026-02-07 02:41:51.201355
SPNG,23.24,23.24,24.16,1317100.0,2015400.0,,,0,0,0,0,0,0,0,0,0,0,0,0,0,0,0,0,0,0,0,0,0,0,0,0,0,0,0,0,0,0,0,0,74,2026-02-07 02:41:52.299837
SMMR,24.96,24.72,24.96,1922100.0,1518100.0,,,0,0,0,0,0,0,0,0,0,0,0,0,0,0,0,0,0,0,0,0,0,0,0,0,0,0,0,0,0,0,0,0,74,2026-02-07 02:41:52.299837
ATMN,25.32,25.04,25.05,1890700.0,984400.0,10286.0,305.0,0,0,0,0,0,0,0,0,0,0,0,0,0,0,0,0,0,0,0,0,0,0,0,0,0,0,0,0,0,0,0,0,74,2026-02-07 02:41:52.299837
WNTR,25.77,25.52,25.59,1920100.0,1226300.0,2461.0,,0,0,0,0,0,0,0,0,0,0,0,0,0,0,0,0,0,0,0,0,0,0,0,0,0,0,0,0,0,0,0,0,74,2026-02-07 02:41:52.299837
SPNG,24.16,23.28,24.16,1936.0,1317100.0,2015400.0,,0,0,0,0,0,0,0,0,0,0,0,0,0,0,0,0,0,0,0,0,0,0,0,0,0,0,0,0,0,0,0,0,75,2026-02-07 02:41:53.360316
SMMR,24.72,24.72,24.94,,1899400.0,1618700.0,9544.0,0,0,0,0,0,0,0,0,0,0,0,0,0,0,0,0,0,0,0,0,0,0,0,0,0,0,0,0,0,0,0,0,75,2026-02-07 02:41:53.360316
ATMN,25.6,25.33,25.6,10286.0,1897100.0,842000.0,,0,0,0,0,0,0,0,0,0,0,0,0,0,0,0,0,0,0,0,0,0,0,0,0,0,0,0,0,0,0,0,0,75,2026-02-07 02:41:53.360316
WNTR,25.59,25.56,25.59,12461.0,1826900.0,1434900.0,871.0,0,0,0,0,0,0,0,0,0,0,0,0,0,0,0,0,0,0,0,0,0,0,0,0,0,0,0,0,0,0,0,0,75,2026-02-07 02:41:53.360316
SPNG,23.08,23.77,24.09,5751.0,1217700.0,100.0,1919500.0,0,0,0,0,0,0,0,0,0,0,0,0,0,0,0,0,0,0,0,0,0,0,0,0,0,0,0,0,0,0,0,0,76,2026-02-07 02:41:54.452861
SMMR,24.63,24.63,24.67,,1796300.0,20000.0,1734300.0,0,0,0,0,0,0,0,0,0,0,0,0,0,0,0,0,0,0,0,0,0,0,0,0,0,0,0,0,0,0,0,0,76,2026-02-07 02:41:54.452861
ATMN,25.6,25.25,25.54,9236.0,2082700.0,100.0,842000.0,0,0,0,0,0,0,0,0,0,0,0,0,0,0,0,0,0,0,0,0,0,0,0,0,0,0,0,0,0,0,0,0,76,2026-02-07 02:41:54.452861
WNTR,25.59,25.52,25.54,9697.0,1920100.0,5871.0,1644200.0,0,0,0,0,0,0,0,0,0,0,0,0,0,0,0,0,0,0,0,0,0,0,0,0,0,0,0,0,0,0,0,0,76,2026-02-07 02:41:54.452861
SPNG,22.75,23.79,24.04,100.0,1107400.0,1291.0,1773500.0,0,0,0,0,0,0,0,0,0,0,0,0,0,0,0,0,0,0,0,0,0,0,0,0,0,0,0,0,0,0,0,0,77,2026-02-07 02:41:55.525429
SMMR,24.67,24.7,24.71,10000.0,2186500.0,10100.0,1734300.0,0,0,0,0,0,0,0,0,0,0,0,0,0,0,0,0,0,0,0,0,0,0,0,0,0,0,0,0,0,0,0,0,77,2026-02-07 02:41:55.525429
ATMN,25.6,25.29,25.36,11736.0,1982300.0,100.0,1097400.0,0,0,0,0,0,0,0,0,0,0,0,0,0,0,0,0,0,0,0,0,0,0,0,0,0,0,0,0,0,0,0,0,77,2026-02-07 02:41:55.525429
WNTR,25.54,25.58,25.59,19697.0,1833400.0,,1809500.0,0,0,0,0,0,0,0,0,0,0,0,0,0,0,0,0,0,0,0,0,0,0,0,0,0,0,0,0,0,0,0,0,77,2026-02-07 02:41:55.525429
SPNG,22.75,23.79,23.91,200.0,1107400.0,1643600.0,1391.0,0,0,0,0,0,0,0,0,0,0,0,0,0,0,0,0,0,0,0,0,0,0,0,0,0,0,0,0,0,0,0,0,78,2026-02-07 02:41:56.569299
SMMR,24.98,24.77,24.98,10100.0,2169100.0,1488400.0,,0,0,0,0,0,0,0,0,0,0,0,0,0,0,0,0,0,0,0,0,0,0,0,0,0,0,0,0,0,0,0,0,78,2026-02-07 02:41:56.569299
ATMN,25.25,25.25,25.36,9236.0,2098300.0,1097400.0,100.0,0,0,0,0,0,0,0,0,0,0,0,0,0,0,0,0,0,0,0,0,0,0,0,0,0,0,0,0,0,0,0,0,78,2026-02-07 02:41:56.569299
WNTR,25.59,25.54,25.59,9697.0,1927000.0,1947500.0,,0,0,0,0,0,0,0,0,0,0,0,0,0,0,0,0,0,0,0,0,0,0,0,0,0,0,0,0,0,0,0,0,78,2026-02-07 02:41:56.569299
SPNG,23.78,22.75,23.42,1107400.0,1627400.0,1391.0,,0,0,0,0,0,0,0,0,0,0,0,0,0,0,0,0,0,0,0,0,0,0,0,0,0,0,0,0,0,0,0,0,79,2026-02-07 02:41:57.122288
SMMR,24.98,24.77,24.94,2169100.0,1705400.0,,10100.0,0,0,0,0,0,0,0,0,0,0,0,0,0,0,0,0,0,0,0,0,0,0,0,0,0,0,0,0,0,0,0,0,79,2026-02-07 02:41:57.122288
ATMN,25.25,25.07,25.11,2107100.0,1332700.0,100.0,9236.0,0,0,0,0,0,0,0,0,0,0,0,0,0,0,0,0,0,0,0,0,0,0,0,0,0,0,0,0,0,0,0,0,79,2026-02-07 02:41:57.122288
WNTR,25.59,25.54,25.59,1931800.0,1947200.0,,9697.0,0,0,0,0,0,0,0,0,0,0,0,0,0,0,0,0,0,0,0,0,0,0,0,0,0,0,0,0,0,0,0,0,79,2026-02-07 02:41:57.122288
SPNG,23.78,23.08,23.42,1463200.0,2064800.0,,0,0,0,0,0,0,0,0,0,0,0,0,0,0,0,0,0,0,0,0,0,0,0,0,0,0,0,0,0,0,0,0,0,80,2026-02-07 02:41:58.292981
SMMR,24.93,24.93,24.94,2398800.0,1807100.0,,0,0,0,0,0,0,0,0,0,0,0,0,0,0,0,0,0,0,0,0,0,0,0,0,0,0,0,0,0,0,0,0,0,80,2026-02-07 02:41:58.292981
ATMN,25.36,25.03,25.36,2216400.0,1215200.0,,0,0,0,0,0,0,0,0,0,0,0,0,0,0,0,0,0,0,0,0,0,0,0,0,0,0,0,0,0,0,0,0,0,80,2026-02-07 02:41:58.292981
WNTR,25.53,25.53,25.57,2055000.0,1859000.0,5097.0,0,0,0,0,0,0,0,0,0,0,0,0,0,0,0,0,0,0,0,0,0,0,0,0,0,0,0,0,0,0,0,0,0,80,2026-02-07 02:41:58.292981
SPNG,23.42,23.3,23.42,1804200.0,100.0,2064800.0,,0,0,0,0,0,0,0,0,0,0,0,0,0,0,0,0,0,0,0,0,0,0,0,0,0,0,0,0,0,0,0,0,81,2026-02-07 02:41:59.407755
SMMR,24.79,24.75,24.79,2434300.0,,1816200.0,,0,0,0,0,0,0,0,0,0,0,0,0,0,0,0,0,0,0,0,0,0,0,0,0,0,0,0,0,0,0,0,0,81,2026-02-07 02:41:59.407755
ATMN,25.61,25.0,25.61,2235100.0,,1026700.0,,0,0,0,0,0,0,0,0,0,0,0,0,0,0,0,0,0,0,0,0,0,0,0,0,0,0,0,0,0,0,0,0,81,2026-02-07 02:41:59.407755
WNTR,25.53,25.54,25.56,1952000.0,9388.0,1756200.0,14485.0,0,0,0,0,0,0,0,0,0,0,0,0,0,0,0,0,0,0,0,0,0,0,0,0,0,0,0,0,0,0,0,0,81,2026-02-07 02:41:59.407755
SPNG,23.42,23.3,23.38,2148000.0,716.0,2319.0,1957600.0,0,0,0,0,0,0,0,0,0,0,0,0,0,0,0,0,0,0,0,0,0,0,0,0,0,0,0,0,0,0,0,0,82,2026-02-07 02:42:00.479633
SMMR,24.95,24.77,24.95,2274000.0,9118.0,4937.0,1826000.0,0,0,0,0,0,0,0,0,0,0,0,0,0,0,0,0,0,0,0,0,0,0,0,0,0,0,0,0,0,0,0,0,82,2026-02-07 02:42:00.479633
ATMN,24.99,25.02,25.59,2224900.0,,200.0,1026700.0,0,0,0,0,0,0,0,0,0,0,0,0,0,0,0,0,0,0,0,0,0,0,0,0,0,0,0,0,0,0,0,0,82,2026-02-07 02:42:00.479633
WNTR,25.61,25.57,25.6,1809600.0,19388.0,1818.0,1858200.0,0,0,0,0,0,0,0,0,0,0,0,0,0,0,0,0,0,0,0,0,0,0,0,0,0,0,0,0,0,0,0,0,82,2026-02-07 02:42:00.479633
SPNG,23.83,23.83,23.84,1985500.0,1178.0,2086200.0,,0,0,0,0,0,0,0,0,0,0,0,0,0,0,0,0,0,0,0,0,0,0,0,0,0,0,0,0,0,0,0,0,83,2026-02-07 02:42:01.522371
SMMR,24.8,24.91,24.93,2152300.0,10233.0,1946600.0,14055.0,0,0,0,0,0,0,0,0,0,0,0,0,0,0,0,0,0,0,0,0,0,0,0,0,0,0,0,0,0,0,0,0,83,2026-02-07 02:42:01.522371
ATMN,25.2,25.06,25.2,2124500.0,1893.0,1274200.0,7773.0,0,0,0,0,0,0,0,0,0,0,0,0,0,0,0,0,0,0,0,0,0,0,0,0,0,0,0,0,0,0,0,0,83,2026-02-07 02:42:01.522371
WNTR,25.53,25.55,25.59,1933600.0,3306.0,1853100.0,9262.0,0,0,0,0,0,0,0,0,0,0,0,0,0,0,0,0,0,0,0,0,0,0,0,0,0,0,0,0,0,0,0,0,83,2026-02-07 02:42:01.522371
SPNG,23.83,23.83,23.84,1985500.0,1178.0,1976500.0,8394.0,0,0,0,0,0,0,0,0,0,0,0,0,0,0,0,0,0,0,0,0,0,0,0,0,0,0,0,0,0,0,0,0,84,2026-02-07 02:42:02.567359
SMMR,24.94,24.91,24.94,2152300.0,10233.0,2051800.0,,0,0,0,0,0,0,0,0,0,0,0,0,0,0,0,0,0,0,0,0,0,0,0,0,0,0,0,0,0,0,0,0,84,2026-02-07 02:42:02.567359
ATMN,25.02,25.02,25.07,2224900.0,,1280500.0,7773.0,0,0,0,0,0,0,0,0,0,0,0,0,0,0,0,0,0,0,0,0,0,0,0,0,0,0,0,0,0,0,0,0,84,2026-02-07 02:42:02.567359
WNTR,25.62,25.57,25.6,1842100.0,12502.0,1646800.0,2299.0,0,0,0,0,0,0,0,0,0,0,0,0,0,0,0,0,0,0,0,0,0,0,0,0,0,0,0,0,0,0,0,0,84,2026-02-07 02:42:02.567359
SPNG,23.8,23.3,23.51,2248700.0,100.0,2067300.0,,0,0,0,0,0,0,0,0,0,0,0,0,0,0,0,0,0,0,0,0,0,0,0,0,0,0,0,0,0,0,0,0,85,2026-02-07 02:42:03.617903
SMMR,24.94,24.96,24.98,2268900.0,100.0,2101800.0,2231.0,0,0,0,0,0,0,0,0,0,0,0,0,0,0,0,0,0,0,0,0,0,0,0,0,0,0,0,0,0,0,0,0,85,2026-02-07 02:42:03.617903
ATMN,25.45,25.05,25.45,2124500.0,100.0,1244600.0,,0,0,0,0,0,0,0,0,0,0,0,0,0,0,0,0,0,0,0,0,0,0,0,0,0,0,0,0,0,0,0,0,85,2026-02-07 02:42:03.617903
WNTR,25.62,25.57,25.62,1933600.0,100.0,1872600.0,,0,0,0,0,0,0,0,0,0,0,0,0,0,0,0,0,0,0,0,0,0,0,0,0,0,0,0,0,0,0,0,0,85,2026-02-07 02:42:03.617903
SPNG,23.8,23.3,23.51,2203900.0,100.0,2067300.0,,0,0,0,0,0,0,0,0,0,0,0,0,0,0,0,0,0,0,0,0,0,0,0,0,0,0,0,0,0,0,0,0,86,2026-02-07 02:42:04.192988
SMMR,24.74,24.74,24.98,2429400.0,,2101800.0,2231.0,0,0,0,0,0,0,0,0,0,0,0,0,0,0,0,0,0,0,0,0,0,0,0,0,0,0,0,0,0,0,0,0,86,2026-02-07 02:42:04.192988
ATMN,25.02,25.02,25.43,2224900.0,,1334000.0,,0,0,0,0,0,0,0,0,0,0,0,0,0,0,0,0,0,0,0,0,0,0,0,0,0,0,0,0,0,0,0,0,86,2026-02-07 02:42:04.192988
WNTR,25.62,25.57,25.62,1933600.0,100.0,1987300.0,,0,0,0,0,0,0,0,0,0,0,0,0,0,0,0,0,0,0,0,0,0,0,0,0,0,0,0,0,0,0,0,0,86,2026-02-07 02:42:04.192988
SPNG,23.86,23.3,23.86,2071900.0,4162.0,2035900.0,,0,0,0,0,0,0,0,0,0,0,0,0,0,0,0,0,0,0,0,0,0,0,0,0,0,0,0,0,0,0,0,0,87,2026-02-07 02:42:05.286337
SMMR,24.98,24.76,24.78,2239000.0,8856.0,2121700.0,2231.0,0,0,0,0,0,0,0,0,0,0,0,0,0,0,0,0,0,0,0,0,0,0,0,0,0,0,0,0,0,0,0,0,87,2026-02-07 02:42:05.286337
ATMN,24.94,25.18,25.36,2230200.0,,1423400.0,6491.0,0,0,0,0,0,0,0,0,0,0,0,0,0,0,0,0,0,0,0,0,0,0,0,0,0,0,0,0,0,0,0,0,87,2026-02-07 02:42:05.286337
WNTR,25.61,25.59,25.61,1842100.0,10100.0,1902100.0,2299.0,0,0,0,0,0,0,0,0,0,0,0,0,0,0,0,0,0,0,0,0,0,0,0,0,0,0,0,0,0,0,0,0,87,2026-02-07 02:42:05.286337
SPNG,23.91,23.37,23.91,1940600.0,4262.0,2025000.0,,0,0,0,0,0,0,0,0,0,0,0,0,0,0,0,0,0,0,0,0,0,0,0,0,0,0,0,0,0,0,0,0,88,2026-02-07 02:42:06.383147
SMMR,24.74,24.74,25.0,2366600.0,,2051000.0,,0,0,0,0,0,0,0,0,0,0,0,0,0,0,0,0,0,0,0,0,0,0,0,0,0,0,0,0,0,0,0,0,88,2026-02-07 02:42:06.383147
ATMN,25.18,25.18,25.32,2230200.0,,1522500.0,6491.0,0,0,0,0,0,0,0,0,0,0,0,0,0,0,0,0,0,0,0,0,0,0,0,0,0,0,0,0,0,0,0,0,88,2026-02-07 02:42:06.383147
WNTR,25.57,25.54,25.55,2031300.0,,1893500.0,2299.0,0,0,0,0,0,0,0,0,0,0,0,0,0,0,0,0,0,0,0,0,0,0,0,0,0,0,0,0,0,0,0,0,88,2026-02-07 02:42:06.383147
SPNG,24.01,23.48,24.01,1867800.0,4362.0,2044200.0,,0,0,0,0,0,0,0,0,0,0,0,0,0,0,0,0,0,0,0,0,0,0,0,0,0,0,0,0,0,0,0,0,89,2026-02-07 02:42:07.444903
SMMR,24.73,24.83,24.87,2272300.0,6536.0,2080200.0,8715.0,0,0,0,0,0,0,0,0,0,0,0,0,0,0,0,0,0,0,0,0,0,0,0,0,0,0,0,0,0,0,0,0,89,2026-02-07 02:42:07.444903
ATMN,25.16,24.94,25.16,2209200.0,,1620800.0,11653.0,0,0,0,0,0,0,0,0,0,0,0,0,0,0,0,0,0,0,0,0,0,0,0,0,0,0,0,0,0,0,0,0,89,2026-02-07 02:42:07.444903
WNTR,25.53,25.53,25.55,1931200.0,8839.0,1893500.0,2299.0,0,0,0,0,0,0,0,0,0,0,0,0,0,0,0,0,0,0,0,0,0,0,0,0,0,0,0,0,0,0,0,0,89,2026-02-07 02:42:07.444903
SPNG,23.37,23.52,24.01,2280200.0,2044200.0,,,0,0,0,0,0,0,0,0,0,0,0,0,0,0,0,0,0,0,0,0,0,0,0,0,0,0,0,0,0,0,0,0,90,2026-02-07 02:42:08.540838
SMMR,24.7,24.79,24.82,2408700.0,2104800.0,10000.0,,0,0,0,0,0,0,0,0,0,0,0,0,0,0,0,0,0,0,0,0,0,0,0,0,0,0,0,0,0,0,0,0,90,2026-02-07 02:42:08.540838
ATMN,25.4,25.17,25.43,2133900.0,1334000.0,,4541.0,0,0,0,0,0,0,0,0,0,0,0,0,0,0,0,0,0,0,0,0,0,0,0,0,0,0,0,0,0,0,0,0,90,2026-02-07 02:42:08.540838
WNTR,25.52,25.53,25.54,1923500.0,1911700.0,8762.0,7289.0,0,0,0,0,0,0,0,0,0,0,0,0,0,0,0,0,0,0,0,0,0,0,0,0,0,0,0,0,0,0,0,0,90,2026-02-07 02:42:08.540838
SPNG,23.9,23.9,23.94,2325800.0,2044.0,1925800.0,,0,0,0,0,0,0,0,0,0,0,0,0,0,0,0,0,0,0,0,0,0,0,0,0,0,0,0,0,0,0,0,0,91,2026-02-07 02:42:09.584365
SMMR,24.79,24.79,24.81,2361100.0,10000.0,2140000.0,,0,0,0,0,0,0,0,0,0,0,0,0,0,0,0,0,0,0,0,0,0,0,0,0,0,0,0,0,0,0,0,0,91,2026-02-07 02:42:09.584365
ATMN,25.12,25.13,25.27,2122800.0,,1432500.0,8297.0,0,0,0,0,0,0,0,0,0,0,0,0,0,0,0,0,0,0,0,0,0,0,0,0,0,0,0,0,0,0,0,0,91,2026-02-07 02:42:09.584365
WNTR,25.61,25.55,25.59,1808000.0,8684.0,1925900.0,15973.0,0,0,0,0,0,0,0,0,0,0,0,0,0,0,0,0,0,0,0,0,0,0,0,0,0,0,0,0,0,0,0,0,91,2026-02-07 02:42:09.584365
SPNG,23.16,23.79,23.94,2343600.0,2144.0,1839800.0,,0,0,0,0,0,0,0,0,0,0,0,0,0,0,0,0,0,0,0,0,0,0,0,0,0,0,0,0,0,0,0,0,92,2026-02-07 02:42:10.618149
SMMR,24.77,24.78,24.8,2244700.0,16000.0,2041500.0,4799.0,0,0,0,0,0,0,0,0,0,0,0,0,0,0,0,0,0,0,0,0,0,0,0,0,0,0,0,0,0,0,0,0,92,2026-02-07 02:42:10.618149
ATMN,25.08,25.09,25.26,2114000.0,2074.0,1532100.0,4690.0,0,0,0,0,0,0,0,0,0,0,0,0,0,0,0,0,0,0,0,0,0,0,0,0,0,0,0,0,0,0,0,0,92,2026-02-07 02:42:10.618149
WNTR,25.46,25.46,25.56,2039700.0,18684.0,1835200.0,,0,0,0,0,0,0,0,0,0,0,0,0,0,0,0,0,0,0,0,0,0,0,0,0,0,0,0,0,0,0,0,0,92,2026-02-07 02:42:10.618149
SPNG,23.44,23.44,23.84,2341000.0,1752200.0,2244.0,,0,0,0,0,0,0,0,0,0,0,0,0,0,0,0,0,0,0,0,0,0,0,0,0,0,0,0,0,0,0,0,0,93,2026-02-07 02:42:11.655639
SMMR,24.8,24.8,24.81,2149500.0,2136200.0,10000.0,10000.0,0,0,0,0,0,0,0,0,0,0,0,0,0,0,0,0,0,0,0,0,0,0,0,0,0,0,0,0,0,0,0,0,93,2026-02-07 02:42:11.655639
ATMN,25.27,25.33,25.43,2000900.0,1527100.0,,8762.0,0,0,0,0,0,0,0,0,0,0,0,0,0,0,0,0,0,0,0,0,0,0,0,0,0,0,0,0,0,0,0,0,93,2026-02-07 02:42:11.655639
WNTR,25.54,25.46,25.54,2011300.0,1863600.0,18684.0,,0,0,0,0,0,0,0,0,0,0,0,0,0,0,0,0,0,0,0,0,0,0,0,0,0,0,0,0,0,0,0,0,93,2026-02-07 02:42:11.655639
SPNG,23.44,23.16,23.36,2339100.0,1712300.0,2344.0,,0,0,0,0,0,0,0,0,0,0,0,0,0,0,0,0,0,0,0,0,0,0,0,0,0,0,0,0,0,0,0,0,94,2026-02-07 02:42:12.690117
SMMR,24.81,24.78,24.8,2253500.0,2031300.0,18453.0,6000.0,0,0,0,0,0,0,0,0,0,0,0,0,0,0,0,0,0,0,0,0,0,0,0,0,0,0,0,0,0,0,0,0,94,2026-02-07 02:42:12.690117
ATMN,24.94,25.02,25.24,2254600.0,1643800.0,,,0,0,0,0,0,0,0,0,0,0,0,0,0,0,0,0,0,0,0,0,0,0,0,0,0,0,0,0,0,0,0,0,94,2026-02-07 02:42:12.690117
WNTR,25.56,25.47,25.48,1899300.0,1847700.0,15822.0,8440.0,0,0,0,0,0,0,0,0,0,0,0,0,0,0,0,0,0,0,0,0,0,0,0,0,0,0,0,0,0,0,0,0,94,2026-02-07 02:42:12.690117
SPNG,23.36,23.55,23.84,2315100.0,1580500.0,2444.0,,0,0,0,0,0,0,0,0,0,0,0,0,0,0,0,0,0,0,0,0,0,0,0,0,0,0,0,0,0,0,0,0,95,2026-02-07 02:42:13.225518
SMMR,24.81,24.78,24.8,2268300.0,2031300.0,18453.0,6000.0,0,0,0,0,0,0,0,0,0,0,0,0,0,0,0,0,0,0,0,0,0,0,0,0,0,0,0,0,0,0,0,0,95,2026-02-07 02:42:13.225518
ATMN,25.39,25.39,25.43,2169600.0,1650000.0,,2016.0,0,0,0,0,0,0,0,0,0,0,0,0,0,0,0,0,0,0,0,0,0,0,0,0,0,0,0,0,0,0,0,0,95,2026-02-07 02:42:13.225518
WNTR,25.48,25.47,25.48,1914200.0,1847700.0,15822.0,8440.0,0,0,0,0,0,0,0,0,0,0,0,0,0,0,0,0,0,0,0,0,0,0,0,0,0,0,0,0,0,0,0,0,95,2026-02-07 02:42:13.225518
SPNG,23.36,23.57,23.84,100.0,2196600.0,2074400.0,,0,0,0,0,0,0,0,0,0,0,0,0,0,0,0,0,0,0,0,0,0,0,0,0,0,0,0,0,0,0,0,0,96,2026-02-07 02:42:14.282533
SMMR,24.71,24.71,24.8,,2357800.0,2139100.0,386.0,0,0,0,0,0,0,0,0,0,0,0,0,0,0,0,0,0,0,0,0,0,0,0,0,0,0,0,0,0,0,0,0,96,2026-02-07 02:42:14.282533
ATMN,25.32,25.14,25.23,,2255000.0,1995500.0,100.0,0,0,0,0,0,0,0,0,0,0,0,0,0,0,0,0,0,0,0,0,0,0,0,0,0,0,0,0,0,0,0,0,96,2026-02-07 02:42:14.282533
WNTR,25.62,25.45,25.62,,2069800.0,2020900.0,,0,0,0,0,0,0,0,0,0,0,0,0,0,0,0,0,0,0,0,0,0,0,0,0,0,0,0,0,0,0,0,0,96,2026-02-07 02:42:14.282533
SPNG,23.84,23.91,24.01,2119300.0,200.0,2056900.0,,0,0,0,0,0,0,0,0,0,0,0,0,0,0,0,0,0,0,0,0,0,0,0,0,0,0,0,0,0,0,0,0,97,2026-02-07 02:42:15.355013
SMMR,24.93,24.73,24.93,2260800.0,6000.0,2195200.0,,0,0,0,0,0,0,0,0,0,0,0,0,0,0,0,0,0,0,0,0,0,0,0,0,0,0,0,0,0,0,0,0,97,2026-02-07 02:42:15.355013
ATMN,25.23,24.92,25.23,2250300.0,,2016100.0,100.0,0,0,0,0,0,0,0,0,0,0,0,0,0,0,0,0,0,0,0,0,0,0,0,0,0,0,0,0,0,0,0,0,97,2026-02-07 02:42:15.355013
WNTR,25.62,25.44,25.62,1976500.0,8183.0,1900900.0,8183.0,0,0,0,0,0,0,0,0,0,0,0,0,0,0,0,0,0,0,0,0,0,0,0,0,0,0,0,0,0,0,0,0,97,2026-02-07 02:42:15.355013
SPNG,23.73,23.95,23.99,7331.0,2021300.0,2028600.0,1093.0,0,0,0,0,0,0,0,0,0,0,0,0,0,0,0,0,0,0,0,0,0,0,0,0,0,0,0,0,0,0,0,0,98,2026-02-07 02:42:16.482460
SMMR,24.8,24.82,24.85,668.0,2283400.0,2120200.0,8000.0,0,0,0,0,0,0,0,0,0,0,0,0,0,0,0,0,0,0,0,0,0,0,0,0,0,0,0,0,0,0,0,0,98,2026-02-07 02:42:16.482460
ATMN,25.32,24.89,25.32,,2263400.0,1988100.0,100.0,0,0,0,0,0,0,0,0,0,0,0,0,0,0,0,0,0,0,0,0,0,0,0,0,0,0,0,0,0,0,0,0,98,2026-02-07 02:42:16.482460
WNTR,25.44,25.49,25.57,6057.0,1950900.0,1793600.0,16277.0,0,0,0,0,0,0,0,0,0,0,0,0,0,0,0,0,0,0,0,0,0,0,0,0,0,0,0,0,0,0,0,0,98,2026-02-07 02:42:16.482460
SPNG,23.39,23.16,23.39,2330200.0,1960800.0,1193.0,,0,0,0,0,0,0,0,0,0,0,0,0,0,0,0,0,0,0,0,0,0,0,0,0,0,0,0,0,0,0,0,0,99,2026-02-07 02:42:17.541743
SMMR,24.8,24.83,24.84,2151700.0,2004300.0,15826.0,8494.0,0,0,0,0,0,0,0,0,0,0,0,0,0,0,0,0,0,0,0,0,0,0,0,0,0,0,0,0,0,0,0,0,99,2026-02-07 02:42:17.541743
ATMN,25.32,25.28,25.29,2158500.0,1973800.0,3967.0,1933.0,0,0,0,0,0,0,0,0,0,0,0,0,0,0,0,0,0,0,0,0,0,0,0,0,0,0,0,0,0,0,0,0,99,2026-02-07 02:42:17.541743
WNTR,25.49,25.44,25.46,2054600.0,1734400.0,24281.0,,0,0,0,0,0,0,0,0,0,0,0,0,0,0,0,0,0,0,0,0,0,0,0,0,0,0,0,0,0,0,0,0,99,2026-02-07 02:42:17.541743
SPNG,23.69,23.16,23.67,2330200.0,2113300.0,,,0,0,0,0,0,0,0,0,0,0,0,0,0,0,0,0,0,0,0,0,0,0,0,0,0,0,0,0,0,0,0,0,100,2026-02-07 02:42:18.606196
SMMR,24.85,24.72,24.83,2265300.0,2125600.0,4482.0,7873.0,0,0,0,0,0,0,0,0,0,0,0,0,0,0,0,0,0,0,0,0,0,0,0,0,0,0,0,0,0,0,0,0,100,2026-02-07 02:42:18.606196
ATMN,25.28,24.89,25.26,2260200.0,2184400.0,,,0,0,0,0,0,0,0,0,0,0,0,0,0,0,0,0,0,0,0,0,0,0,0,0,0,0,0,0,0,0,0,0,100,2026-02-07 02:42:18.606196
WNTR,25.44,25.44,25.46,2034700.0,2023500.0,,,0,0,0,0,0,0,0,0,0,0,0,0,0,0,0,0,0,0,0,0,0,0,0,0,0,0,0,0,0,0,0,0,100,2026-02-07 02:42:18.606196
SPNG,23.67,23.68,23.99,2255600.0,100.0,2126200.0,,0,0,0,0,0,0,0,0,0,0,0,0,0,0,0,0,0,0,0,0,0,0,0,0,0,0,0,0,0,0,0,0,101,2026-02-07 02:42:19.668586
SMMR,24.83,24.72,24.74,2177500.0,12128.0,2123900.0,7646.0,0,0,0,0,0,0,0,0,0,0,0,0,0,0,0,0,0,0,0,0,0,0,0,0,0,0,0,0,0,0,0,0,101,2026-02-07 02:42:19.668586
ATMN,24.89,24.97,25.26,2154700.0,1727.0,2207700.0,,0,0,0,0,0,0,0,0,0,0,0,0,0,0,0,0,0,0,0,0,0,0,0,0,0,0,0,0,0,0,0,0,101,2026-02-07 02:42:19.668586
WNTR,25.46,25.44,25.46,1931000.0,7519.0,1960300.0,7820.0,0,0,0,0,0,0,0,0,0,0,0,0,0,0,0,0,0,0,0,0,0,0,0,0,0,0,0,0,0,0,0,0,101,2026-02-07 02:42:19.668586
SPNG,23.68,23.68,23.99,2158300.0,200.0,2172300.0,,0,0,0,0,0,0,0,0,0,0,0,0,0,0,0,0,0,0,0,0,0,0,0,0,0,0,0,0,0,0,0,0,102,2026-02-07 02:42:20.264071
SMMR,24.74,24.71,24.74,2400700.0,,2210700.0,,0,0,0,0,0,0,0,0,0,0,0,0,0,0,0,0,0,0,0,0,0,0,0,0,0,0,0,0,0,0,0,0,102,2026-02-07 02:42:20.264071
ATMN,25.08,25.09,25.24,2123400.0,1727.0,2089900.0,7472.0,0,0,0,0,0,0,0,0,0,0,0,0,0,0,0,0,0,0,0,0,0,0,0,0,0,0,0,0,0,0,0,0,102,2026-02-07 02:42:20.264071
WNTR,25.44,25.44,25.46,1946800.0,7519.0,1931500.0,7820.0,0,0,0,0,0,0,0,0,0,0,0,0,0,0,0,0,0,0,0,0,0,0,0,0,0,0,0,0,0,0,0,0,102,2026-02-07 02:42:20.264071
SPNG,23.37,23.4,23.98,2255300.0,100.0,2082600.0,100.0,0,0,0,0,0,0,0,0,0,0,0,0,0,0,0,0,0,0,0,0,0,0,0,0,0,0,0,0,0,0,0,0,103,2026-02-07 02:42:21.396409
SMMR,24.94,24.72,24.94,2281700.0,5872.0,2211600.0,,0,0,0,0,0,0,0,0,0,0,0,0,0,0,0,0,0,0,0,0,0,0,0,0,0,0,0,0,0,0,0,0,103,2026-02-07 02:42:21.396409
ATMN,24.88,24.88,25.11,2279300.0,,1959900.0,11248.0,0,0,0,0,0,0,0,0,0,0,0,0,0,0,0,0,0,0,0,0,0,0,0,0,0,0,0,0,0,0,0,0,103,2026-02-07 02:42:21.396409
WNTR,25.39,25.39,25.46,2065100.0,,1842800.0,15546.0,0,0,0,0,0,0,0,0,0,0,0,0,0,0,0,0,0,0,0,0,0,0,0,0,0,0,0,0,0,0,0,0,103,2026-02-07 02:42:21.396409
SPNG,23.32,23.76,23.97,2142800.0,3992.0,200.0,1956100.0,0,0,0,0,0,0,0,0,0,0,0,0,0,0,0,0,0,0,0,0,0,0,0,0,0,0,0,0,0,0,0,0,104,2026-02-07 02:42:22.506093
SMMR,24.66,24.78,24.94,2387100.0,,1178.0,2109800.0,0,0,0,0,0,0,0,0,0,0,0,0,0,0,0,0,0,0,0,0,0,0,0,0,0,0,0,0,0,0,0,0,104,2026-02-07 02:42:22.506093
ATMN,24.88,24.88,25.06,2135600.0,2592.0,11348.0,1857400.0,0,0,0,0,0,0,0,0,0,0,0,0,0,0,0,0,0,0,0,0,0,0,0,0,0,0,0,0,0,0,0,0,104,2026-02-07 02:42:22.506093
WNTR,25.38,25.38,25.42,2075400.0,,24477.0,1751600.0,0,0,0,0,0,0,0,0,0,0,0,0,0,0,0,0,0,0,0,0,0,0,0,0,0,0,0,0,0,0,0,0,104,2026-02-07 02:42:22.506093
SPNG,23.4,23.94,23.98,2248800.0,6940.0,2193600.0,,0,0,0,0,0,0,0,0,0,0,0,0,0,0,0,0,0,0,0,0,0,0,0,0,0,0,0,0,0,0,0,0,105,2026-02-07 02:42:23.631842
SMMR,24.78,24.82,24.86,2272700.0,6593.0,2133200.0,3654.0,0,0,0,0,0,0,0,0,0,0,0,0,0,0,0,0,0,0,0,0,0,0,0,0,0,0,0,0,0,0,0,0,105,2026-02-07 02:42:23.631842
ATMN,24.97,24.97,25.26,2290800.0,,2188300.0,,0,0,0,0,0,0,0,0,0,0,0,0,0,0,0,0,0,0,0,0,0,0,0,0,0,0,0,0,0,0,0,0,105,2026-02-07 02:42:23.631842
WNTR,25.36,25.4,25.53,1987100.0,8702.0,2010000.0,,0,0,0,0,0,0,0,0,0,0,0,0,0,0,0,0,0,0,0,0,0,0,0,0,0,0,0,0,0,0,0,0,105,2026-02-07 02:42:23.631842
SPNG,23.98,23.29,23.84,100.0,2224300.0,6848.0,2067100.0,0,0,0,0,0,0,0,0,0,0,0,0,0,0,0,0,0,0,0,0,0,0,0,0,0,0,0,0,0,0,0,0,106,2026-02-07 02:42:24.673841
SMMR,24.86,24.82,24.86,6593.0,2236900.0,3654.0,2107600.0,0,0,0,0,0,0,0,0,0,0,0,0,0,0,0,0,0,0,0,0,0,0,0,0,0,0,0,0,0,0,0,0,106,2026-02-07 02:42:24.673841
ATMN,24.97,24.97,25.13,,2290800.0,8254.0,2094200.0,0,0,0,0,0,0,0,0,0,0,0,0,0,0,0,0,0,0,0,0,0,0,0,0,0,0,0,0,0,0,0,0,106,2026-02-07 02:42:24.673841
WNTR,25.36,25.43,25.51,15142.0,1865400.0,,2014800.0,0,0,0,0,0,0,0,0,0,0,0,0,0,0,0,0,0,0,0,0,0,0,0,0,0,0,0,0,0,0,0,0,106,2026-02-07 02:42:24.673841
SPNG,23.24,23.24,23.94,2325300.0,100.0,2063000.0,,0,0,0,0,0,0,0,0,0,0,0,0,0,0,0,0,0,0,0,0,0,0,0,0,0,0,0,0,0,0,0,0,107,2026-02-07 02:42:25.718239
SMMR,24.8,24.8,24.83,2376900.0,10729.0,1987500.0,,0,0,0,0,0,0,0,0,0,0,0,0,0,0,0,0,0,0,0,0,0,0,0,0,0,0,0,0,0,0,0,0,107,2026-02-07 02:42:25.718239
ATMN,24.97,25.04,25.08,2196200.0,12337.0,1991700.0,100.0,0,0,0,0,0,0,0,0,0,0,0,0,0,0,0,0,0,0,0,0,0,0,0,0,0,0,0,0,0,0,0,0,107,2026-02-07 02:42:25.718239
WNTR,25.51,25.5,25.51,1899700.0,,2037800.0,15142.0,0,0,0,0,0,0,0,0,0,0,0,0,0,0,0,0,0,0,0,0,0,0,0,0,0,0,0,0,0,0,0,0,107,2026-02-07 02:42:25.718239
SPNG,23.99,23.99,24.01,2372700.0,2128100.0,,,0,0,0,0,0,0,0,0,0,0,0,0,0,0,0,0,0,0,0,0,0,0,0,0,0,0,0,0,0,0,0,0,108,2026-02-07 02:42:26.769980
SMMR,24.69,24.69,24.83,2399900.0,1985600.0,10729.0,,0,0,0,0,0,0,0,0,0,0,0,0,0,0,0,0,0,0,0,0,0,0,0,0,0,0,0,0,0,0,0,0,108,2026-02-07 02:42:26.769980
ATMN,25.21,24.99,25.11,2205800.0,2082500.0,5292.0,100.0,0,0,0,0,0,0,0,0,0,0,0,0,0,0,0,0,0,0,0,0,0,0,0,0,0,0,0,0,0,0,0,0,108,2026-02-07 02:42:26.769980
WNTR,25.51,25.5,25.51,1796000.0,1967400.0,7135.0,17532.0,0,0,0,0,0,0,0,0,0,0,0,0,0,0,0,0,0,0,0,0,0,0,0,0,0,0,0,0,0,0,0,0,108,2026-02-07 02:42:26.769980
SPNG,23.09,23.09,24.01,2320400.0,2128100.0,,,0,0,0,0,0,0,0,0,0,0,0,0,0,0,0,0,0,0,0,0,0,0,0,0,0,0,0,0,0,0,0,0,109,2026-02-07 02:42:27.333250
SMMR,24.94,24.79,24.94,2405900.0,2207400.0,,,0,0,0,0,0,0,0,0,0,0,0,0,0,0,0,0,0,0,0,0,0,0,0,0,0,0,0,0,0,0,0,0,109,2026-02-07 02:42:27.333250
ATMN,24.97,24.97,25.26,2313600.0,2205600.0,,,0,0,0,0,0,0,0,0,0,0,0,0,0,0,0,0,0,0,0,0,0,0,0,0,0,0,0,0,0,0,0,0,109,2026-02-07 02:42:27.333250
WNTR,25.51,25.5,25.51,1817800.0,1986500.0,17532.0,7135.0,0,0,0,0,0,0,0,0,0,0,0,0,0,0,0,0,0,0,0,0,0,0,0,0,0,0,0,0,0,0,0,0,109,2026-02-07 02:42:27.333250
SPNG,24.01,23.89,24.01,2189100.0,8332.0,2142300.0,,0,0,0,0,0,0,0,0,0,0,0,0,0,0,0,0,0,0,0,0,0,0,0,0,0,0,0,0,0,0,0,0,110,2026-02-07 02:42:28.416879
SMMR,24.79,24.79,24.84,2400200.0,,2084700.0,908.0,0,0,0,0,0,0,0,0,0,0,0,0,0,0,0,0,0,0,0,0,0,0,0,0,0,0,0,0,0,0,0,0,110,2026-02-07 02:42:28.416879
ATMN,25.38,25.02,25.1,2189800.0,9017.0,2181800.0,,0,0,0,0,0,0,0,0,0,0,0,0,0,0,0,0,0,0,0,0,0,0,0,0,0,0,0,0,0,0,0,0,110,2026-02-07 02:42:28.416879
WNTR,25.51,25.5,25.51,1817800.0,17532.0,1861400.0,8468.0,0,0,0,0,0,0,0,0,0,0,0,0,0,0,0,0,0,0,0,0,0,0,0,0,0,0,0,0,0,0,0,0,110,2026-02-07 02:42:28.416879
SPNG,23.73,23.08,23.73,2313300.0,2064300.0,100.0,,0,0,0,0,0,0,0,0,0,0,0,0,0,0,0,0,0,0,0,0,0,0,0,0,0,0,0,0,0,0,0,0,111,2026-02-07 02:42:29.532398
SMMR,24.84,24.69,24.84,2275200.0,2201200.0,,4983.0,0,0,0,0,0,0,0,0,0,0,0,0,0,0,0,0,0,0,0,0,0,0,0,0,0,0,0,0,0,0,0,0,111,2026-02-07 02:42:29.532398
ATMN,25.23,25.06,25.23,2189800.0,2160400.0,,100.0,0,0,0,0,0,0,0,0,0,0,0,0,0,0,0,0,0,0,0,0,0,0,0,0,0,0,0,0,0,0,0,0,111,2026-02-07 02:42:29.532398
WNTR,25.5,25.4,25.5,2093600.0,1971800.0,6822.0,,0,0,0,0,0,0,0,0,0,0,0,0,0,0,0,0,0,0,0,0,0,0,0,0,0,0,0,0,0,0,0,0,111,2026-02-07 02:42:29.532398
SPNG,23.51,23.51,24.03,2188800.0,3810.0,2136400.0,,0,0,0,0,0,0,0,0,0,0,0,0,0,0,0,0,0,0,0,0,0,0,0,0,0,0,0,0,0,0,0,0,112,2026-02-07 02:42:30.641196
SMMR,24.73,24.7,24.72,2137200.0,11549.0,1999900.0,13615.0,0,0,0,0,0,0,0,0,0,0,0,0,0,0,0,0,0,0,0,0,0,0,0,0,0,0,0,0,0,0,0,0,112,2026-02-07 02:42:30.641196
ATMN,24.97,24.96,24.97,2317700.0,,2071300.0,4582.0,0,0,0,0,0,0,0,0,0,0,0,0,0,0,0,0,0,0,0,0,0,0,0,0,0,0,0,0,0,0,0,0,112,2026-02-07 02:42:30.641196
WNTR,25.53,25.43,25.5,1978700.0,6716.0,1950200.0,6716.0,0,0,0,0,0,0,0,0,0,0,0,0,0,0,0,0,0,0,0,0,0,0,0,0,0,0,0,0,0,0,0,0,112,2026-02-07 02:42:30.641196
SPNG,23.45,23.1,23.45,3810.0,2176800.0,2033500.0,100.0,0,0,0,0,0,0,0,0,0,0,0,0,0,0,0,0,0,0,0,0,0,0,0,0,0,0,0,0,0,0,0,0,113,2026-02-07 02:42:31.741824
SMMR,24.73,24.7,24.72,11756.0,2027700.0,1874400.0,14244.0,0,0,0,0,0,0,0,0,0,0,0,0,0,0,0,0,0,0,0,0,0,0,0,0,0,0,0,0,0,0,0,0,113,2026-02-07 02:42:31.741824
ATMN,25.4,24.96,25.4,6417.0,2219700.0,2176900.0,,0,0,0,0,0,0,0,0,0,0,0,0,0,0,0,0,0,0,0,0,0,0,0,0,0,0,0,0,0,0,0,0,113,2026-02-07 02:42:31.741824
WNTR,25.4,25.42,25.48,3304.0,1985000.0,1856000.0,13324.0,0,0,0,0,0,0,0,0,0,0,0,0,0,0,0,0,0,0,0,0,0,0,0,0,0,0,0,0,0,0,0,0,113,2026-02-07 02:42:31.741824
SPNG,24.07,23.75,24.07,2105000.0,4588.0,2117900.0,,0,0,0,0,0,0,0,0,0,0,0,0,0,0,0,0,0,0,0,0,0,0,0,0,0,0,0,0,0,0,0,0,114,2026-02-07 02:42:32.783270
SMMR,24.73,24.7,24.72,2067600.0,11756.0,1874400.0,14244.0,0,0,0,0,0,0,0,0,0,0,0,0,0,0,0,0,0,0,0,0,0,0,0,0,0,0,0,0,0,0,0,0,114,2026-02-07 02:42:32.783270
ATMN,25.14,24.99,25.06,2079900.0,6517.0,2045400.0,4320.0,0,0,0,0,0,0,0,0,0,0,0,0,0,0,0,0,0,0,0,0,0,0,0,0,0,0,0,0,0,0,0,0,114,2026-02-07 02:42:32.783270
WNTR,25.4,25.42,25.45,1985000.0,3304.0,1834000.0,13324.0,0,0,0,0,0,0,0,0,0,0,0,0,0,0,0,0,0,0,0,0,0,0,0,0,0,0,0,0,0,0,0,0,114,2026-02-07 02:42:32.783270
SPNG,23.75,23.75,23.81,2105000.0,4588.0,2133600.0,,0,0,0,0,0,0,0,0,0,0,0,0,0,0,0,0,0,0,0,0,0,0,0,0,0,0,0,0,0,0,0,0,115,2026-02-07 02:42:33.364207
SMMR,24.89,24.86,24.89,2101500.0,11756.0,2205400.0,,0,0,0,0,0,0,0,0,0,0,0,0,0,0,0,0,0,0,0,0,0,0,0,0,0,0,0,0,0,0,0,0,115,2026-02-07 02:42:33.364207
ATMN,25.14,25.04,25.06,2072300.0,6517.0,2045400.0,4320.0,0,0,0,0,0,0,0,0,0,0,0,0,0,0,0,0,0,0,0,0,0,0,0,0,0,0,0,0,0,0,0,0,115,2026-02-07 02:42:33.364207
WNTR,25.5,25.42,25.5,1985000.0,3304.0,1912800.0,6716.0,0,0,0,0,0,0,0,0,0,0,0,0,0,0,0,0,0,0,0,0,0,0,0,0,0,0,0,0,0,0,0,0,115,2026-02-07 02:42:33.364207
SPNG,23.32,23.38,23.81,2291400.0,2133600.0,0,0,0,0,0,0,0,0,0,0,0,0,0,0,0,0,0,0,0,0,0,0,0,0,0,0,0,0,0,0,0,0,0,0,116,2026-02-07 02:42:34.414915
SMMR,24.86,24.69,24.84,2404000.0,2201100.0,0,0,0,0,0,0,0,0,0,0,0,0,0,0,0,0,0,0,0,0,0,0,0,0,0,0,0,0,0,0,0,0,0,0,116,2026-02-07 02:42:34.414915
ATMN,25.4,25.09,25.4,2293700.0,2176900.0,0,0,0,0,0,0,0,0,0,0,0,0,0,0,0,0,0,0,0,0,0,0,0,0,0,0,0,0,0,0,0,0,0,0,116,2026-02-07 02:42:34.414915
WNTR,25.5,25.4,25.5,2079500.0,1989800.0,0,0,0,0,0,0,0,0,0,0,0,0,0,0,0,0,0,0,0,0,0,0,0,0,0,0,0,0,0,0,0,0,0,0,116,2026-02-07 02:42:34.414915
SPNG,23.38,23.5,23.81,2293300.0,2126600.0,0,0,0,0,0,0,0,0,0,0,0,0,0,0,0,0,0,0,0,0,0,0,0,0,0,0,0,0,0,0,0,0,0,0,117,2026-02-07 02:42:35.481489
SMMR,24.66,24.66,24.87,2360100.0,2213700.0,0,0,0,0,0,0,0,0,0,0,0,0,0,0,0,0,0,0,0,0,0,0,0,0,0,0,0,0,0,0,0,0,0,0,117,2026-02-07 02:42:35.481489
ATMN,25.4,25.09,25.4,2314600.0,2153100.0,0,0,0,0,0,0,0,0,0,0,0,0,0,0,0,0,0,0,0,0,0,0,0,0,0,0,0,0,0,0,0,0,0,0,117,2026-02-07 02:42:35.481489
WNTR,25.5,25.45,25.5,2080100.0,1989800.0,0,0,0,0,0,0,0,0,0,0,0,0,0,0,0,0,0,0,0,0,0,0,0,0,0,0,0,0,0,0,0,0,0,0,117,2026-02-07 02:42:35.481489
SPNG,23.38,23.53,23.81,2295900.0,2126600.0,0,0,0,0,0,0,0,0,0,0,0,0,0,0,0,0,0,0,0,0,0,0,0,0,0,0,0,0,0,0,0,0,0,0,118,2026-02-07 02:42:36.534904
SMMR,24.87,24.65,24.87,2380600.0,2213700.0,0,0,0,0,0,0,0,0,0,0,0,0,0,0,0,0,0,0,0,0,0,0,0,0,0,0,0,0,0,0,0,0,0,0,118,2026-02-07 02:42:36.534904
ATMN,25.09,25.09,25.4,2315800.0,2167200.0,0,0,0,0,0,0,0,0,0,0,0,0,0,0,0,0,0,0,0,0,0,0,0,0,0,0,0,0,0,0,0,0,0,0,118,2026-02-07 02:42:36.534904
WNTR,25.45,25.45,25.5,2080100.0,1994300.0,0,0,0,0,0,0,0,0,0,0,0,0,0,0,0,0,0,0,0,0,0,0,0,0,0,0,0,0,0,0,0,0,0,0,118,2026-02-07 02:42:36.534904
SPNG,23.53,23.53,23.77,2323100.0,2132300.0,0,0,0,0,0,0,0,0,0,0,0,0,0,0,0,0,0,0,0,0,0,0,0,0,0,0,0,0,0,0,0,0,0,0,119,2026-02-07 02:42:37.625146
SMMR,24.63,24.63,24.87,2360100.0,2213700.0,0,0,0,0,0,0,0,0,0,0,0,0,0,0,0,0,0,0,0,0,0,0,0,0,0,0,0,0,0,0,0,0,0,0,119,2026-02-07 02:42:37.625146
ATMN,25.51,25.26,25.51,2335800.0,2174100.0,0,0,0,0,0,0,0,0,0,0,0,0,0,0,0,0,0,0,0,0,0,0,0,0,0,0,0,0,0,0,0,0,0,0,119,2026-02-07 02:42:37.625146
WNTR,25.43,25.43,25.51,2065600.0,1982900.0,0,0,0,0,0,0,0,0,0,0,0,0,0,0,0,0,0,0,0,0,0,0,0,0,0,0,0,0,0,0,0,0,0,0,119,2026-02-07 02:42:37.625146
SPNG,23.53,23.41,23.46,1090000.0,748000.0,0,0,0,0,0,0,0,0,0,0,0,0,0,0,0,0,0,0,0,0,0,0,0,0,0,0,0,0,0,0,0,0,0,0,120,2026-02-07 02:42:38.693592
SMMR,23.6,23.6,24.06,1105200.0,938800.0,0,0,0,0,0,0,0,0,0,0,0,0,0,0,0,0,0,0,0,0,0,0,0,0,0,0,0,0,0,0,0,0,0,0,120,2026-02-07 02:42:38.693592
ATMN,25.99,25.46,25.61,824300.0,802200.0,0,0,0,0,0,0,0,0,0,0,0,0,0,0,0,0,0,0,0,0,0,0,0,0,0,0,0,0,0,0,0,0,0,0,120,2026-02-07 02:42:38.693592
WNTR,25.63,25.63,25.64,757600.0,686000.0,0,0,0,0,0,0,0,0,0,0,0,0,0,0,0,0,0,0,0,0,0,0,0,0,0,0,0,0,0,0,0,0,0,0,120,2026-02-07 02:42:38.693592
SPNG,22.41,22.78,23.46,1288800.0,748000.0,,,0,0,0,0,0,0,0,0,0,0,0,0,0,0,0,0,0,0,0,0,0,0,0,0,0,0,0,0,0,0,0,0,121,2026-02-07 02:42:39.747527
SMMR,22.6,23.17,23.56,1358200.0,1072400.0,4570.0,4570.0,0,0,0,0,0,0,0,0,0,0,0,0,0,0,0,0,0,0,0,0,0,0,0,0,0,0,0,0,0,0,0,0,121,2026-02-07 02:42:39.747527
ATMN,25.46,25.12,25.45,1147900.0,896700.0,5255.0,,0,0,0,0,0,0,0,0,0,0,0,0,0,0,0,0,0,0,0,0,0,0,0,0,0,0,0,0,0,0,0,0,121,2026-02-07 02:42:39.747527
WNTR,25.81,25.71,25.72,844400.0,861600.0,5500.0,5500.0,0,0,0,0,0,0,0,0,0,0,0,0,0,0,0,0,0,0,0,0,0,0,0,0,0,0,0,0,0,0,0,0,121,2026-02-07 02:42:39.747527
SPNG,23.46,23.12,23.46,1540000.0,4363.0,884800.0,,0,0,0,0,0,0,0,0,0,0,0,0,0,0,0,0,0,0,0,0,0,0,0,0,0,0,0,0,0,0,0,0,122,2026-02-07 02:42:40.784787
SMMR,23.59,23.62,23.64,1470600.0,4828.0,1072400.0,129.0,0,0,0,0,0,0,0,0,0,0,0,0,0,0,0,0,0,0,0,0,0,0,0,0,0,0,0,0,0,0,0,0,122,2026-02-07 02:42:40.784787
ATMN,25.68,25.12,25.41,1147900.0,5255.0,969900.0,,0,0,0,0,0,0,0,0,0,0,0,0,0,0,0,0,0,0,0,0,0,0,0,0,0,0,0,0,0,0,0,0,122,2026-02-07 02:42:40.784787
WNTR,25.81,25.71,25.72,844400.0,129.0,1183400.0,129.0,0,0,0,0,0,0,0,0,0,0,0,0,0,0,0,0,0,0,0,0,0,0,0,0,0,0,0,0,0,0,0,0,122,2026-02-07 02:42:40.784787
SPNG,23.46,23.23,23.46,1661200.0,976400.0,,0,0,0,0,0,0,0,0,0,0,0,0,0,0,0,0,0,0,0,0,0,0,0,0,0,0,0,0,0,0,0,0,0,123,2026-02-07 02:42:41.833851
SMMR,23.59,23.3,23.57,1572900.0,1175500.0,1366.0,0,0,0,0,0,0,0,0,0,0,0,0,0,0,0,0,0,0,0,0,0,0,0,0,0,0,0,0,0,0,0,0,0,123,2026-02-07 02:42:41.833851
ATMN,24.87,24.87,25.66,1139700.0,965200.0,1366.0,0,0,0,0,0,0,0,0,0,0,0,0,0,0,0,0,0,0,0,0,0,0,0,0,0,0,0,0,0,0,0,0,0,123,2026-02-07 02:42:41.833851
WNTR,25.63,25.41,25.62,759700.0,1403700.0,1366.0,0,0,0,0,0,0,0,0,0,0,0,0,0,0,0,0,0,0,0,0,0,0,0,0,0,0,0,0,0,0,0,0,0,123,2026-02-07 02:42:41.833851
SPNG,22.78,22.78,23.46,1416000.0,1094300.0,1366.0,0,0,0,0,0,0,0,0,0,0,0,0,0,0,0,0,0,0,0,0,0,0,0,0,0,0,0,0,0,0,0,0,0,124,2026-02-07 02:42:42.376018
SMMR,23.59,23.45,23.46,1671300.0,1312700.0,1366.0,0,0,0,0,0,0,0,0,0,0,0,0,0,0,0,0,0,0,0,0,0,0,0,0,0,0,0,0,0,0,0,0,0,124,2026-02-07 02:42:42.376018
ATMN,24.87,25.22,25.66,1380400.0,965200.0,1366.0,0,0,0,0,0,0,0,0,0,0,0,0,0,0,0,0,0,0,0,0,0,0,0,0,0,0,0,0,0,0,0,0,0,124,2026-02-07 02:42:42.376018
WNTR,25.64,25.64,25.71,868200.0,1299100.0,1366.0,0,0,0,0,0,0,0,0,0,0,0,0,0,0,0,0,0,0,0,0,0,0,0,0,0,0,0,0,0,0,0,0,0,124,2026-02-07 02:42:42.376018
SPNG,23.34,23.34,23.35,1529900.0,3507.0,1357900.0,1366.0,0,0,0,0,0,0,0,0,0,0,0,0,0,0,0,0,0,0,0,0,0,0,0,0,0,0,0,0,0,0,0,0,125,2026-02-07 02:42:43.426176
SMMR,23.57,23.45,23.57,1671300.0,,1274900.0,1366.0,0,0,0,0,0,0,0,0,0,0,0,0,0,0,0,0,0,0,0,0,0,0,0,0,0,0,0,0,0,0,0,0,125,2026-02-07 02:42:43.426176
ATMN,24.87,25.51,25.6,1627300.0,3507.0,1069900.0,4873.0,0,0,0,0,0,0,0,0,0,0,0,0,0,0,0,0,0,0,0,0,0,0,0,0,0,0,0,0,0,0,0,0,125,2026-02-07 02:42:43.426176
WNTR,25.53,25.41,25.53,759700.0,,1502400.0,8380.0,0,0,0,0,0,0,0,0,0,0,0,0,0,0,0,0,0,0,0,0,0,0,0,0,0,0,0,0,0,0,0,0,125,2026-02-07 02:42:43.426176
SPNG,23.35,23.34,23.35,1529900.0,4282.0,1608300.0,692.0,0,0,0,0,0,0,0,0,0,0,0,0,0,0,0,0,0,0,0,0,0,0,0,0,0,0,0,0,0,0,0,0,126,2026-02-07 02:42:44.461418
SMMR,23.57,23.48,23.53,2035900.0,692.0,1274900.0,1384.0,0,0,0,0,0,0,0,0,0,0,0,0,0,0,0,0,0,0,0,0,0,0,0,0,0,0,0,0,0,0,0,0,126,2026-02-07 02:42:44.461418
ATMN,25.7,25.51,25.7,1738100.0,,1069900.0,,0,0,0,0,0,0,0,0,0,0,0,0,0,0,0,0,0,0,0,0,0,0,0,0,0,0,0,0,0,0,0,0,126,2026-02-07 02:42:44.461418
WNTR,25.55,25.41,25.45,865500.0,692.0,1483300.0,,0,0,0,0,0,0,0,0,0,0,0,0,0,0,0,0,0,0,0,0,0,0,0,0,0,0,0,0,0,0,0,0,126,2026-02-07 02:42:44.461418
SPNG,23.33,23.21,23.33,1511700.0,1936900.0,7018.0,,0,0,0,0,0,0,0,0,0,0,0,0,0,0,0,0,0,0,0,0,0,0,0,0,0,0,0,0,0,0,0,0,127,2026-02-07 02:42:45.517099
SMMR,23.64,23.48,23.64,2035900.0,1152100.0,,7340.0,0,0,0,0,0,0,0,0,0,0,0,0,0,0,0,0,0,0,0,0,0,0,0,0,0,0,0,0,0,0,0,0,127,2026-02-07 02:42:45.517099
ATMN,25.7,25.52,25.69,1971000.0,1180300.0,6496.0,6496.0,0,0,0,0,0,0,0,0,0,0,0,0,0,0,0,0,0,0,0,0,0,0,0,0,0,0,0,0,0,0,0,0,127,2026-02-07 02:42:45.517099
WNTR,25.45,25.48,25.72,1181000.0,1394500.0,,8692.0,0,0,0,0,0,0,0,0,0,0,0,0,0,0,0,0,0,0,0,0,0,0,0,0,0,0,0,0,0,0,0,0,127,2026-02-07 02:42:45.517099
SPNG,23.33,23.23,23.32,1862000.0,100.0,7118.0,1869700.0,0,0,0,0,0,0,0,0,0,0,0,0,0,0,0,0,0,0,0,0,0,0,0,0,0,0,0,0,0,0,0,0,128,2026-02-07 02:42:46.600204
SMMR,23.62,23.62,23.65,1960800.0,19484.0,100.0,1052700.0,0,0,0,0,0,0,0,0,0,0,0,0,0,0,0,0,0,0,0,0,0,0,0,0,0,0,0,0,0,0,0,0,128,2026-02-07 02:42:46.600204
ATMN,25.5,25.5,25.82,1852300.0,,,1185300.0,0,0,0,0,0,0,0,0,0,0,0,0,0,0,0,0,0,0,0,0,0,0,0,0,0,0,0,0,0,0,0,0,128,2026-02-07 02:42:46.600204
WNTR,25.64,25.52,25.62,1262800.0,17397.0,6475.0,1478600.0,0,0,0,0,0,0,0,0,0,0,0,0,0,0,0,0,0,0,0,0,0,0,0,0,0,0,0,0,0,0,0,0,128,2026-02-07 02:42:46.600204
SPNG,23.38,23.33,23.38,2089000.0,200.0,1810100.0,692.0,0,0,0,0,0,0,0,0,0,0,0,0,0,0,0,0,0,0,0,0,0,0,0,0,0,0,0,0,0,0,0,0,129,2026-02-07 02:42:47.665780
SMMR,23.65,23.45,23.6,2163300.0,692.0,1052700.0,9529.0,0,0,0,0,0,0,0,0,0,0,0,0,0,0,0,0,0,0,0,0,0,0,0,0,0,0,0,0,0,0,0,0,129,2026-02-07 02:42:47.665780
ATMN,25.25,25.25,25.7,1719600.0,,1309900.0,100.0,0,0,0,0,0,0,0,0,0,0,0,0,0,0,0,0,0,0,0,0,0,0,0,0,0,0,0,0,0,0,0,0,129,2026-02-07 02:42:47.665780
WNTR,25.64,25.52,25.64,1262800.0,17397.0,1492800.0,2128.0,0,0,0,0,0,0,0,0,0,0,0,0,0,0,0,0,0,0,0,0,0,0,0,0,0,0,0,0,0,0,0,0,129,2026-02-07 02:42:47.665780
SPNG,23.42,23.33,23.42,2332900.0,1779000.0,,,0,0,0,0,0,0,0,0,0,0,0,0,0,0,0,0,0,0,0,0,0,0,0,0,0,0,0,0,0,0,0,0,130,2026-02-07 02:42:48.724184
SMMR,23.65,23.54,23.57,2556200.0,1148100.0,100.0,,0,0,0,0,0,0,0,0,0,0,0,0,0,0,0,0,0,0,0,0,0,0,0,0,0,0,0,0,0,0,0,0,130,2026-02-07 02:42:48.724184
ATMN,25.7,25.32,25.7,1935300.0,1309900.0,,100.0,0,0,0,0,0,0,0,0,0,0,0,0,0,0,0,0,0,0,0,0,0,0,0,0,0,0,0,0,0,0,0,0,130,2026-02-07 02:42:48.724184
WNTR,25.64,25.54,25.56,1469200.0,1579000.0,6475.0,,0,0,0,0,0,0,0,0,0,0,0,0,0,0,0,0,0,0,0,0,0,0,0,0,0,0,0,0,0,0,0,0,130,2026-02-07 02:42:48.724184
SPNG,23.33,23.33,23.38,2453500.0,100.0,223.0,1979400.0,0,0,0,0,0,0,0,0,0,0,0,0,0,0,0,0,0,0,0,0,0,0,0,0,0,0,0,0,0,0,0,0,131,2026-02-07 02:42:49.772037
SMMR,23.57,23.57,23.65,2332900.0,692.0,,1148100.0,0,0,0,0,0,0,0,0,0,0,0,0,0,0,0,0,0,0,0,0,0,0,0,0,0,0,0,0,0,0,0,0,131,2026-02-07 02:42:49.772037
ATMN,25.7,25.48,25.6,2168400.0,8125.0,100.0,1516200.0,0,0,0,0,0,0,0,0,0,0,0,0,0,0,0,0,0,0,0,0,0,0,0,0,0,0,0,0,0,0,0,0,131,2026-02-07 02:42:49.772037
WNTR,25.5,25.54,25.63,1360700.0,10000.0,2128.0,1581400.0,0,0,0,0,0,0,0,0,0,0,0,0,0,0,0,0,0,0,0,0,0,0,0,0,0,0,0,0,0,0,0,0,131,2026-02-07 02:42:49.772037
SPNG,23.38,23.38,23.42,2325400.0,1979400.0,,,0,0,0,0,0,0,0,0,0,0,0,0,0,0,0,0,0,0,0,0,0,0,0,0,0,0,0,0,0,0,0,0,132,2026-02-07 02:42:50.830251
SMMR,23.54,23.54,23.63,2289300.0,1148100.0,692.0,9625.0,0,0,0,0,0,0,0,0,0,0,0,0,0,0,0,0,0,0,0,0,0,0,0,0,0,0,0,0,0,0,0,0,132,2026-02-07 02:42:50.830251
ATMN,25.29,25.29,25.32,2269600.0,1623300.0,100.0,8125.0,0,0,0,0,0,0,0,0,0,0,0,0,0,0,0,0,0,0,0,0,0,0,0,0,0,0,0,0,0,0,0,0,132,2026-02-07 02:42:50.830251
WNTR,25.75,25.59,25.71,1360700.0,1500900.0,15000.0,,0,0,0,0,0,0,0,0,0,0,0,0,0,0,0,0,0,0,0,0,0,0,0,0,0,0,0,0,0,0,0,0,132,2026-02-07 02:42:50.830251
SPNG,23.19,23.19,23.42,2249000.0,1979400.0,,,0,0,0,0,0,0,0,0,0,0,0,0,0,0,0,0,0,0,0,0,0,0,0,0,0,0,0,0,0,0,0,0,133,2026-02-07 02:42:51.390460
SMMR,23.54,23.62,23.63,2295200.0,1249600.0,692.0,9625.0,0,0,0,0,0,0,0,0,0,0,0,0,0,0,0,0,0,0,0,0,0,0,0,0,0,0,0,0,0,0,0,0,133,2026-02-07 02:42:51.390460
ATMN,25.6,25.29,25.52,2217400.0,1639700.0,100.0,100.0,0,0,0,0,0,0,0,0,0,0,0,0,0,0,0,0,0,0,0,0,0,0,0,0,0,0,0,0,0,0,0,0,133,2026-02-07 02:42:51.390460
WNTR,25.75,25.59,25.6,1568400.0,1609900.0,15000.0,,0,0,0,0,0,0,0,0,0,0,0,0,0,0,0,0,0,0,0,0,0,0,0,0,0,0,0,0,0,0,0,0,133,2026-02-07 02:42:51.390460
SPNG,23.19,23.27,23.33,2522800.0,2287.0,2009200.0,100.0,0,0,0,0,0,0,0,0,0,0,0,0,0,0,0,0,0,0,0,0,0,0,0,0,0,0,0,0,0,0,0,0,134,2026-02-07 02:42:52.467340
SMMR,23.68,23.62,23.68,2166400.0,1167.0,1349300.0,,0,0,0,0,0,0,0,0,0,0,0,0,0,0,0,0,0,0,0,0,0,0,0,0,0,0,0,0,0,0,0,0,134,2026-02-07 02:42:52.467340
ATMN,25.52,25.31,25.49,2073600.0,9468.0,1732900.0,200.0,0,0,0,0,0,0,0,0,0,0,0,0,0,0,0,0,0,0,0,0,0,0,0,0,0,0,0,0,0,0,0,0,134,2026-02-07 02:42:52.467340
WNTR,25.6,25.59,25.6,1777800.0,15000.0,1609900.0,,0,0,0,0,0,0,0,0,0,0,0,0,0,0,0,0,0,0,0,0,0,0,0,0,0,0,0,0,0,0,0,0,134,2026-02-07 02:42:52.467340
SPNG,23.33,23.36,23.42,2548000.0,2095300.0,0,0,0,0,0,0,0,0,0,0,0,0,0,0,0,0,0,0,0,0,0,0,0,0,0,0,0,0,0,0,0,0,0,0,135,2026-02-07 02:42:53.528964
SMMR,23.61,23.57,23.6,2410600.0,1631300.0,0,0,0,0,0,0,0,0,0,0,0,0,0,0,0,0,0,0,0,0,0,0,0,0,0,0,0,0,0,0,0,0,0,0,135,2026-02-07 02:42:53.528964
ATMN,25.42,25.25,25.38,2356300.0,1954500.0,0,0,0,0,0,0,0,0,0,0,0,0,0,0,0,0,0,0,0,0,0,0,0,0,0,0,0,0,0,0,0,0,0,0,135,2026-02-07 02:42:53.528964
WNTR,25.55,25.55,25.6,1793800.0,1805100.0,0,0,0,0,0,0,0,0,0,0,0,0,0,0,0,0,0,0,0,0,0,0,0,0,0,0,0,0,0,0,0,0,0,0,135,2026-02-07 02:42:53.528964
SPNG,23.27,23.3,23.44,10000.0,2362200.0,2074100.0,,0,0,0,0,0,0,0,0,0,0,0,0,0,0,0,0,0,0,0,0,0,0,0,0,0,0,0,0,0,0,0,0,136,2026-02-07 02:42:54.613477
SMMR,23.68,23.66,23.68,4749.0,2251100.0,1388100.0,,0,0,0,0,0,0,0,0,0,0,0,0,0,0,0,0,0,0,0,0,0,0,0,0,0,0,0,0,0,0,0,0,136,2026-02-07 02:42:54.613477
ATMN,25.38,25.47,25.49,100.0,2134500.0,1825900.0,,0,0,0,0,0,0,0,0,0,0,0,0,0,0,0,0,0,0,0,0,0,0,0,0,0,0,0,0,0,0,0,0,136,2026-02-07 02:42:54.613477
WNTR,25.55,25.56,25.58,,1985800.0,1897800.0,9715.0,0,0,0,0,0,0,0,0,0,0,0,0,0,0,0,0,0,0,0,0,0,0,0,0,0,0,0,0,0,0,0,0,136,2026-02-07 02:42:54.613477
SPNG,23.19,23.19,23.43,2641200.0,4430.0,2019400.0,,0,0,0,0,0,0,0,0,0,0,0,0,0,0,0,0,0,0,0,0,0,0,0,0,0,0,0,0,0,0,0,0,137,2026-02-07 02:42:55.731464
SMMR,23.68,23.57,23.59,2138000.0,9501.0,1524300.0,4849.0,0,0,0,0,0,0,0,0,0,0,0,0,0,0,0,0,0,0,0,0,0,0,0,0,0,0,0,0,0,0,0,0,137,2026-02-07 02:42:55.731464
ATMN,25.47,25.37,25.44,2028400.0,,1723800.0,9336.0,0,0,0,0,0,0,0,0,0,0,0,0,0,0,0,0,0,0,0,0,0,0,0,0,0,0,0,0,0,0,0,0,137,2026-02-07 02:42:55.731464
WNTR,25.51,25.51,25.57,1780500.0,9815.0,1841800.0,,0,0,0,0,0,0,0,0,0,0,0,0,0,0,0,0,0,0,0,0,0,0,0,0,0,0,0,0,0,0,0,0,137,2026-02-07 02:42:55.731464
SPNG,23.54,23.26,23.47,3806.0,2270100.0,2049300.0,,0,0,0,0,0,0,0,0,0,0,0,0,0,0,0,0,0,0,0,0,0,0,0,0,0,0,0,0,0,0,0,0,138,2026-02-07 02:42:56.832703
SMMR,23.54,23.54,23.57,4981.0,2273900.0,1624700.0,19501.0,0,0,0,0,0,0,0,0,0,0,0,0,0,0,0,0,0,0,0,0,0,0,0,0,0,0,0,0,0,0,0,0,138,2026-02-07 02:42:56.832703
ATMN,25.6,25.38,25.55,4683.0,2032600.0,1727400.0,100.0,0,0,0,0,0,0,0,0,0,0,0,0,0,0,0,0,0,0,0,0,0,0,0,0,0,0,0,0,0,0,0,0,138,2026-02-07 02:42:56.832703
WNTR,25.47,25.47,25.5,,1582700.0,1625000.0,25667.0,0,0,0,0,0,0,0,0,0,0,0,0,0,0,0,0,0,0,0,0,0,0,0,0,0,0,0,0,0,0,0,0,138,2026-02-07 02:42:56.832703
SPNG,23.54,23.26,23.44,3806.0,2270100.0,2086900.0,,0,0,0,0,0,0,0,0,0,0,0,0,0,0,0,0,0,0,0,0,0,0,0,0,0,0,0,0,0,0,0,0,139,2026-02-07 02:42:57.400630
SMMR,23.59,23.54,23.59,4981.0,2255500.0,1624700.0,9501.0,0,0,0,0,0,0,0,0,0,0,0,0,0,0,0,0,0,0,0,0,0,0,0,0,0,0,0,0,0,0,0,0,139,2026-02-07 02:42:57.400630
ATMN,25.55,25.58,25.6,4683.0,1970400.0,1727400.0,,0,0,0,0,0,0,0,0,0,0,0,0,0,0,0,0,0,0,0,0,0,0,0,0,0,0,0,0,0,0,0,0,139,2026-02-07 02:42:57.400630
WNTR,25.58,25.47,25.58,,1582700.0,1939800.0,9715.0,0,0,0,0,0,0,0,0,0,0,0,0,0,0,0,0,0,0,0,0,0,0,0,0,0,0,0,0,0,0,0,0,139,2026-02-07 02:42:57.400630
SPNG,23.54,23.31,23.33,8806.0,1993100.0,2120000.0,,0,0,0,0,0,0,0,0,0,0,0,0,0,0,0,0,0,0,0,0,0,0,0,0,0,0,0,0,0,0,0,0,140,2026-02-07 02:42:58.489868
SMMR,23.55,23.56,23.57,4981.0,2197000.0,1763500.0,9501.0,0,0,0,0,0,0,0,0,0,0,0,0,0,0,0,0,0,0,0,0,0,0,0,0,0,0,0,0,0,0,0,0,140,2026-02-07 02:42:58.489868
ATMN,25.58,25.58,25.7,5661.0,1842100.0,1633000.0,,0,0,0,0,0,0,0,0,0,0,0,0,0,0,0,0,0,0,0,0,0,0,0,0,0,0,0,0,0,0,0,0,140,2026-02-07 02:42:58.489868
WNTR,25.64,25.49,25.64,9506.0,1694600.0,1911900.0,,0,0,0,0,0,0,0,0,0,0,0,0,0,0,0,0,0,0,0,0,0,0,0,0,0,0,0,0,0,0,0,0,140,2026-02-07 02:42:58.489868
SPNG,23.33,23.19,23.33,2393700.0,2126300.0,,,0,0,0,0,0,0,0,0,0,0,0,0,0,0,0,0,0,0,0,0,0,0,0,0,0,0,0,0,0,0,0,0,141,2026-02-07 02:42:59.540126
SMMR,23.57,23.56,23.57,2233200.0,1763500.0,266.0,7085.0,0,0,0,0,0,0,0,0,0,0,0,0,0,0,0,0,0,0,0,0,0,0,0,0,0,0,0,0,0,0,0,0,141,2026-02-07 02:42:59.540126
ATMN,25.49,25.49,25.66,2250200.0,1721700.0,,100.0,0,0,0,0,0,0,0,0,0,0,0,0,0,0,0,0,0,0,0,0,0,0,0,0,0,0,0,0,0,0,0,0,141,2026-02-07 02:42:59.540126
WNTR,25.44,25.44,25.64,1468500.0,2007400.0,,,0,0,0,0,0,0,0,0,0,0,0,0,0,0,0,0,0,0,0,0,0,0,0,0,0,0,0,0,0,0,0,0,141,2026-02-07 02:42:59.540126
SPNG,23.44,23.18,23.44,2350800.0,2159700.0,,,0,0,0,0,0,0,0,0,0,0,0,0,0,0,0,0,0,0,0,0,0,0,0,0,0,0,0,0,0,0,0,0,142,2026-02-07 02:43:00.623013
SMMR,23.58,23.57,23.58,2145200.0,1619200.0,6048.0,3298.0,0,0,0,0,0,0,0,0,0,0,0,0,0,0,0,0,0,0,0,0,0,0,0,0,0,0,0,0,0,0,0,0,142,2026-02-07 02:43:00.623013
ATMN,25.51,25.66,25.7,2064700.0,1597100.0,4490.0,,0,0,0,0,0,0,0,0,0,0,0,0,0,0,0,0,0,0,0,0,0,0,0,0,0,0,0,0,0,0,0,0,142,2026-02-07 02:43:00.623013
WNTR,25.64,25.52,25.63,1468500.0,1939700.0,19388.0,612.0,0,0,0,0,0,0,0,0,0,0,0,0,0,0,0,0,0,0,0,0,0,0,0,0,0,0,0,0,0,0,0,0,142,2026-02-07 02:43:00.623013
SPNG,23.54,23.2,23.54,2734.0,2201500.0,2100200.0,,0,0,0,0,0,0,0,0,0,0,0,0,0,0,0,0,0,0,0,0,0,0,0,0,0,0,0,0,0,0,0,0,143,2026-02-07 02:43:01.726931
SMMR,23.57,23.61,23.65,12839.0,2025300.0,1488500.0,9055.0,0,0,0,0,0,0,0,0,0,0,0,0,0,0,0,0,0,0,0,0,0,0,0,0,0,0,0,0,0,0,0,0,143,2026-02-07 02:43:01.726931
ATMN,25.32,25.32,25.65,,2256200.0,1684600.0,4910.0,0,0,0,0,0,0,0,0,0,0,0,0,0,0,0,0,0,0,0,0,0,0,0,0,0,0,0,0,0,0,0,0,143,2026-02-07 02:43:01.726931
WNTR,25.54,25.52,25.54,19388.0,1581000.0,1920500.0,612.0,0,0,0,0,0,0,0,0,0,0,0,0,0,0,0,0,0,0,0,0,0,0,0,0,0,0,0,0,0,0,0,0,143,2026-02-07 02:43:01.726931
SPNG,23.18,23.18,23.45,2350800.0,100.0,2023700.0,,0,0,0,0,0,0,0,0,0,0,0,0,0,0,0,0,0,0,0,0,0,0,0,0,0,0,0,0,0,0,0,0,144,2026-02-07 02:43:02.784500
SMMR,23.68,23.67,23.68,2063500.0,1126.0,1612600.0,12839.0,0,0,0,0,0,0,0,0,0,0,0,0,0,0,0,0,0,0,0,0,0,0,0,0,0,0,0,0,0,0,0,0,144,2026-02-07 02:43:02.784500
ATMN,25.6,25.6,25.65,2247600.0,4910.0,1684600.0,,0,0,0,0,0,0,0,0,0,0,0,0,0,0,0,0,0,0,0,0,0,0,0,0,0,0,0,0,0,0,0,0,144,2026-02-07 02:43:02.784500
WNTR,25.54,25.54,25.55,1581000.0,712.0,1852300.0,25288.0,0,0,0,0,0,0,0,0,0,0,0,0,0,0,0,0,0,0,0,0,0,0,0,0,0,0,0,0,0,0,0,0,144,2026-02-07 02:43:02.784500
SPNG,23.15,23.5,23.54,2329500.0,2100200.0,,,0,0,0,0,0,0,0,0,0,0,0,0,0,0,0,0,0,0,0,0,0,0,0,0,0,0,0,0,0,0,0,0,145,2026-02-07 02:43:03.839344
SMMR,23.72,23.68,23.71,2280000.0,1736400.0,3161.0,8924.0,0,0,0,0,0,0,0,0,0,0,0,0,0,0,0,0,0,0,0,0,0,0,0,0,0,0,0,0,0,0,0,0,145,2026-02-07 02:43:03.839344
ATMN,25.56,25.58,25.71,2093400.0,1591800.0,2180.0,,0,0,0,0,0,0,0,0,0,0,0,0,0,0,0,0,0,0,0,0,0,0,0,0,0,0,0,0,0,0,0,0,145,2026-02-07 02:43:03.839344
WNTR,25.43,25.43,25.53,1583400.0,1947100.0,,5900.0,0,0,0,0,0,0,0,0,0,0,0,0,0,0,0,0,0,0,0,0,0,0,0,0,0,0,0,0,0,0,0,0,145,2026-02-07 02:43:03.839344
SPNG,23.38,23.38,23.54,2322600.0,2100200.0,,,0,0,0,0,0,0,0,0,0,0,0,0,0,0,0,0,0,0,0,0,0,0,0,0,0,0,0,0,0,0,0,0,146,2026-02-07 02:43:04.894912
SMMR,23.68,23.67,23.68,2387000.0,1940900.0,13161.0,,0,0,0,0,0,0,0,0,0,0,0,0,0,0,0,0,0,0,0,0,0,0,0,0,0,0,0,0,0,0,0,0,146,2026-02-07 02:43:04.894912
ATMN,25.47,25.51,25.69,2122800.0,1591800.0,4361.0,5579.0,0,0,0,0,0,0,0,0,0,0,0,0,0,0,0,0,0,0,0,0,0,0,0,0,0,0,0,0,0,0,0,0,146,2026-02-07 02:43:04.894912
WNTR,25.42,25.42,25.43,1614900.0,1956800.0,5900.0,,0,0,0,0,0,0,0,0,0,0,0,0,0,0,0,0,0,0,0,0,0,0,0,0,0,0,0,0,0,0,0,0,146,2026-02-07 02:43:04.894912
SPNG,23.38,23.4,23.54,2176000.0,2724.0,2129900.0,,0,0,0,0,0,0,0,0,0,0,0,0,0,0,0,0,0,0,0,0,0,0,0,0,0,0,0,0,0,0,0,0,147,2026-02-07 02:43:05.459851
SMMR,23.57,23.57,23.68,2368400.0,,2075600.0,13161.0,0,0,0,0,0,0,0,0,0,0,0,0,0,0,0,0,0,0,0,0,0,0,0,0,0,0,0,0,0,0,0,0,147,2026-02-07 02:43:05.459851
ATMN,25.41,25.49,25.69,2106800.0,5579.0,1692800.0,4361.0,0,0,0,0,0,0,0,0,0,0,0,0,0,0,0,0,0,0,0,0,0,0,0,0,0,0,0,0,0,0,0,0,147,2026-02-07 02:43:05.459851
WNTR,25.42,25.42,25.43,1614900.0,,1974300.0,5900.0,0,0,0,0,0,0,0,0,0,0,0,0,0,0,0,0,0,0,0,0,0,0,0,0,0,0,0,0,0,0,0,0,147,2026-02-07 02:43:05.459851
SPNG,23.38,23.21,23.34,2352300.0,2052500.0,100.0,,0,0,0,0,0,0,0,0,0,0,0,0,0,0,0,0,0,0,0,0,0,0,0,0,0,0,0,0,0,0,0,0,148,2026-02-07 02:43:06.532987
SMMR,23.57,23.65,23.66,2280100.0,1962300.0,18870.0,7130.0,0,0,0,0,0,0,0,0,0,0,0,0,0,0,0,0,0,0,0,0,0,0,0,0,0,0,0,0,0,0,0,0,148,2026-02-07 02:43:06.532987
ATMN,25.27,25.27,25.67,2278200.0,1767200.0,6507.0,,0,0,0,0,0,0,0,0,0,0,0,0,0,0,0,0,0,0,0,0,0,0,0,0,0,0,0,0,0,0,0,0,148,2026-02-07 02:43:06.532987
WNTR,25.42,25.42,25.43,1701200.0,1847700.0,14887.0,2246.0,0,0,0,0,0,0,0,0,0,0,0,0,0,0,0,0,0,0,0,0,0,0,0,0,0,0,0,0,0,0,0,0,148,2026-02-07 02:43:06.532987
SPNG,23.54,23.54,23.57,2320300.0,2102900.0,,,0,0,0,0,0,0,0,0,0,0,0,0,0,0,0,0,0,0,0,0,0,0,0,0,0,0,0,0,0,0,0,0,149,2026-02-07 02:43:07.585122
SMMR,23.71,23.65,23.71,2273600.0,2182700.0,7130.0,,0,0,0,0,0,0,0,0,0,0,0,0,0,0,0,0,0,0,0,0,0,0,0,0,0,0,0,0,0,0,0,0,149,2026-02-07 02:43:07.585122
ATMN,25.27,25.44,25.62,2265700.0,1738900.0,,14007.0,0,0,0,0,0,0,0,0,0,0,0,0,0,0,0,0,0,0,0,0,0,0,0,0,0,0,0,0,0,0,0,0,149,2026-02-07 02:43:07.585122
WNTR,25.41,25.41,25.43,1615100.0,1757400.0,,16000.0,0,0,0,0,0,0,0,0,0,0,0,0,0,0,0,0,0,0,0,0,0,0,0,0,0,0,0,0,0,0,0,0,149,2026-02-07 02:43:07.585122
SPNG,23.13,23.13,23.57,2372500.0,2145100.0,0,0,0,0,0,0,0,0,0,0,0,0,0,0,0,0,0,0,0,0,0,0,0,0,0,0,0,0,0,0,0,0,0,0,150,2026-02-07 02:43:08.642629
SMMR,23.63,23.6,23.63,2348600.0,2326800.0,0,0,0,0,0,0,0,0,0,0,0,0,0,0,0,0,0,0,0,0,0,0,0,0,0,0,0,0,0,0,0,0,0,0,150,2026-02-07 02:43:08.642629
ATMN,25.23,25.23,25.46,2320100.0,2020300.0,0,0,0,0,0,0,0,0,0,0,0,0,0,0,0,0,0,0,0,0,0,0,0,0,0,0,0,0,0,0,0,0,0,0,150,2026-02-07 02:43:08.642629
WNTR,25.43,25.39,25.43,1531900.0,2078300.0,0,0,0,0,0,0,0,0,0,0,0,0,0,0,0,0,0,0,0,0,0,0,0,0,0,0,0,0,0,0,0,0,0,0,150,2026-02-07 02:43:08.642629
SPNG,23.13,23.07,23.09,2452400.0,2077500.0,100.0,,0,0,0,0,0,0,0,0,0,0,0,0,0,0,0,0,0,0,0,0,0,0,0,0,0,0,0,0,0,0,0,0,151,2026-02-07 02:43:09.699610
SMMR,23.6,23.6,23.63,2348600.0,2326800.0,,,0,0,0,0,0,0,0,0,0,0,0,0,0,0,0,0,0,0,0,0,0,0,0,0,0,0,0,0,0,0,0,0,151,2026-02-07 02:43:09.699610
ATMN,25.22,25.22,25.42,2212500.0,1945900.0,9828.0,2500.0,0,0,0,0,0,0,0,0,0,0,0,0,0,0,0,0,0,0,0,0,0,0,0,0,0,0,0,0,0,0,0,0,151,2026-02-07 02:43:09.699610
WNTR,25.37,25.37,25.41,1633900.0,1962600.0,7754.0,,0,0,0,0,0,0,0,0,0,0,0,0,0,0,0,0,0,0,0,0,0,0,0,0,0,0,0,0,0,0,0,0,151,2026-02-07 02:43:09.699610
SPNG,23.51,23.07,23.51,2375400.0,2053500.0,100.0,,0,0,0,0,0,0,0,0,0,0,0,0,0,0,0,0,0,0,0,0,0,0,0,0,0,0,0,0,0,0,0,0,152,2026-02-07 02:43:10.749116
SMMR,23.54,23.56,23.61,2228300.0,2070600.0,8512.0,8412.0,0,0,0,0,0,0,0,0,0,0,0,0,0,0,0,0,0,0,0,0,0,0,0,0,0,0,0,0,0,0,0,0,152,2026-02-07 02:43:10.749116
ATMN,25.33,25.22,25.27,2201600.0,2027300.0,,2500.0,0,0,0,0,0,0,0,0,0,0,0,0,0,0,0,0,0,0,0,0,0,0,0,0,0,0,0,0,0,0,0,0,152,2026-02-07 02:43:10.749116
WNTR,25.37,25.37,25.38,1633900.0,1773300.0,26000.0,,0,0,0,0,0,0,0,0,0,0,0,0,0,0,0,0,0,0,0,0,0,0,0,0,0,0,0,0,0,0,0,0,152,2026-02-07 02:43:10.749116
SPNG,23.51,23.1,23.51,100.0,2247000.0,2057400.0,100.0,0,0,0,0,0,0,0,0,0,0,0,0,0,0,0,0,0,0,0,0,0,0,0,0,0,0,0,0,0,0,0,0,153,2026-02-07 02:43:11.802395
SMMR,23.71,23.56,23.66,8333.0,2207000.0,2184400.0,8333.0,0,0,0,0,0,0,0,0,0,0,0,0,0,0,0,0,0,0,0,0,0,0,0,0,0,0,0,0,0,0,0,0,153,2026-02-07 02:43:11.802395
ATMN,25.27,25.27,25.31,2500.0,2182300.0,1941400.0,4110.0,0,0,0,0,0,0,0,0,0,0,0,0,0,0,0,0,0,0,0,0,0,0,0,0,0,0,0,0,0,0,0,0,153,2026-02-07 02:43:11.802395
WNTR,25.35,25.35,25.4,,1438700.0,1985100.0,7754.0,0,0,0,0,0,0,0,0,0,0,0,0,0,0,0,0,0,0,0,0,0,0,0,0,0,0,0,0,0,0,0,0,153,2026-02-07 02:43:11.802395
SPNG,23.57,23.07,23.47,2351600.0,2165700.0,,,0,0,0,0,0,0,0,0,0,0,0,0,0,0,0,0,0,0,0,0,0,0,0,0,0,0,0,0,0,0,0,0,154,2026-02-07 02:43:12.896941
SMMR,23.71,23.6,23.7,2105000.0,2196300.0,15532.0,1667.0,0,0,0,0,0,0,0,0,0,0,0,0,0,0,0,0,0,0,0,0,0,0,0,0,0,0,0,0,0,0,0,0,154,2026-02-07 02:43:12.896941
ATMN,25.31,25.27,25.31,2051800.0,1985400.0,4107.0,4110.0,0,0,0,0,0,0,0,0,0,0,0,0,0,0,0,0,0,0,0,0,0,0,0,0,0,0,0,0,0,0,0,0,154,2026-02-07 02:43:12.896941
WNTR,25.35,25.38,25.4,1632200.0,2003700.0,16963.0,7754.0,0,0,0,0,0,0,0,0,0,0,0,0,0,0,0,0,0,0,0,0,0,0,0,0,0,0,0,0,0,0,0,0,154,2026-02-07 02:43:12.896941
SPNG,23.32,23.4,23.47,2194400.0,100.0,2165700.0,,0,0,0,0,0,0,0,0,0,0,0,0,0,0,0,0,0,0,0,0,0,0,0,0,0,0,0,0,0,0,0,0,155,2026-02-07 02:43:13.946675
SMMR,23.52,23.52,23.73,2313900.0,,2178900.0,,0,0,0,0,0,0,0,0,0,0,0,0,0,0,0,0,0,0,0,0,0,0,0,0,0,0,0,0,0,0,0,0,155,2026-02-07 02:43:13.946675
ATMN,25.31,25.42,25.44,2167700.0,100.0,1956100.0,1214.0,0,0,0,0,0,0,0,0,0,0,0,0,0,0,0,0,0,0,0,0,0,0,0,0,0,0,0,0,0,0,0,0,155,2026-02-07 02:43:13.946675
WNTR,25.35,25.35,25.4,1632200.0,,2067500.0,,0,0,0,0,0,0,0,0,0,0,0,0,0,0,0,0,0,0,0,0,0,0,0,0,0,0,0,0,0,0,0,0,155,2026-02-07 02:43:13.946675
SPNG,23.24,23.24,23.47,2227700.0,100.0,2164800.0,0,0,0,0,0,0,0,0,0,0,0,0,0,0,0,0,0,0,0,0,0,0,0,0,0,0,0,0,0,0,0,0,0,156,2026-02-07 02:43:14.525438
SMMR,23.76,23.52,23.76,2313900.0,,2077200.0,0,0,0,0,0,0,0,0,0,0,0,0,0,0,0,0,0,0,0,0,0,0,0,0,0,0,0,0,0,0,0,0,0,156,2026-02-07 02:43:14.525438
ATMN,25.45,25.42,25.45,2169200.0,100.0,2030500.0,0,0,0,0,0,0,0,0,0,0,0,0,0,0,0,0,0,0,0,0,0,0,0,0,0,0,0,0,0,0,0,0,0,156,2026-02-07 02:43:14.525438
WNTR,25.35,25.35,25.36,1632200.0,,2061200.0,0,0,0,0,0,0,0,0,0,0,0,0,0,0,0,0,0,0,0,0,0,0,0,0,0,0,0,0,0,0,0,0,0,156,2026-02-07 02:43:14.525438
SPNG,23.42,23.45,23.47,2074400.0,6448.0,2166000.0,,0,0,0,0,0,0,0,0,0,0,0,0,0,0,0,0,0,0,0,0,0,0,0,0,0,0,0,0,0,0,0,0,157,2026-02-07 02:43:15.578870
SMMR,23.78,23.55,23.74,2205600.0,8542.0,1997800.0,5000.0,0,0,0,0,0,0,0,0,0,0,0,0,0,0,0,0,0,0,0,0,0,0,0,0,0,0,0,0,0,0,0,0,157,2026-02-07 02:43:15.578870
ATMN,25.45,25.53,25.7,2142600.0,7902.0,2020400.0,,0,0,0,0,0,0,0,0,0,0,0,0,0,0,0,0,0,0,0,0,0,0,0,0,0,0,0,0,0,0,0,0,157,2026-02-07 02:43:15.578870
WNTR,25.34,25.34,25.36,1514100.0,,1971900.0,8270.0,0,0,0,0,0,0,0,0,0,0,0,0,0,0,0,0,0,0,0,0,0,0,0,0,0,0,0,0,0,0,0,0,157,2026-02-07 02:43:15.578870
SPNG,23.45,23.45,23.47,1951500.0,7277.0,2229400.0,,0,0,0,0,0,0,0,0,0,0,0,0,0,0,0,0,0,0,0,0,0,0,0,0,0,0,0,0,0,0,0,0,158,2026-02-07 02:43:16.653413
SMMR,23.71,23.71,23.74,2143900.0,12767.0,2102700.0,5000.0,0,0,0,0,0,0,0,0,0,0,0,0,0,0,0,0,0,0,0,0,0,0,0,0,0,0,0,0,0,0,0,0,158,2026-02-07 02:43:16.653413
ATMN,25.45,25.27,25.43,2282900.0,,1982600.0,994.0,0,0,0,0,0,0,0,0,0,0,0,0,0,0,0,0,0,0,0,0,0,0,0,0,0,0,0,0,0,0,0,0,158,2026-02-07 02:43:16.653413
WNTR,25.41,25.33,25.41,1408300.0,,2050800.0,,0,0,0,0,0,0,0,0,0,0,0,0,0,0,0,0,0,0,0,0,0,0,0,0,0,0,0,0,0,0,0,0,158,2026-02-07 02:43:16.653413
SPNG,23.45,23.45,23.47,1851800.0,7377.0,2244300.0,,0,0,0,0,0,0,0,0,0,0,0,0,0,0,0,0,0,0,0,0,0,0,0,0,0,0,0,0,0,0,0,0,159,2026-02-07 02:43:17.702614
SMMR,23.76,23.77,23.78,2336900.0,,2079800.0,,0,0,0,0,0,0,0,0,0,0,0,0,0,0,0,0,0,0,0,0,0,0,0,0,0,0,0,0,0,0,0,0,159,2026-02-07 02:43:17.702614
ATMN,25.42,25.46,25.7,2129500.0,100.0,1946000.0,994.0,0,0,0,0,0,0,0,0,0,0,0,0,0,0,0,0,0,0,0,0,0,0,0,0,0,0,0,0,0,0,0,0,159,2026-02-07 02:43:17.702614
WNTR,25.29,25.29,25.31,1119300.0,,1948500.0,8094.0,0,0,0,0,0,0,0,0,0,0,0,0,0,0,0,0,0,0,0,0,0,0,0,0,0,0,0,0,0,0,0,0,159,2026-02-07 02:43:17.702614
SPNG,23.35,23.35,23.47,2065900.0,6448.0,2103500.0,7739.0,0,0,0,0,0,0,0,0,0,0,0,0,0,0,0,0,0,0,0,0,0,0,0,0,0,0,0,0,0,0,0,0,160,2026-02-07 02:43:18.756046
SMMR,23.5,23.6,23.65,2342700.0,,2216800.0,,0,0,0,0,0,0,0,0,0,0,0,0,0,0,0,0,0,0,0,0,0,0,0,0,0,0,0,0,0,0,0,0,160,2026-02-07 02:43:18.756046
ATMN,25.4,25.51,25.63,2026100.0,200.0,1923900.0,2620.0,0,0,0,0,0,0,0,0,0,0,0,0,0,0,0,0,0,0,0,0,0,0,0,0,0,0,0,0,0,0,0,0,160,2026-02-07 02:43:18.756046
WNTR,25.39,25.39,25.4,1236600.0,,2058100.0,,0,0,0,0,0,0,0,0,0,0,0,0,0,0,0,0,0,0,0,0,0,0,0,0,0,0,0,0,0,0,0,0,160,2026-02-07 02:43:18.756046
SPNG,23.24,23.24,23.43,2342700.0,100.0,2103500.0,,0,0,0,0,0,0,0,0,0,0,0,0,0,0,0,0,0,0,0,0,0,0,0,0,0,0,0,0,0,0,0,0,161,2026-02-07 02:43:19.815630
SMMR,23.6,23.6,23.78,2342700.0,,2205500.0,,0,0,0,0,0,0,0,0,0,0,0,0,0,0,0,0,0,0,0,0,0,0,0,0,0,0,0,0,0,0,0,0,161,2026-02-07 02:43:19.815630
ATMN,25.63,25.55,25.63,2141300.0,813.0,2034400.0,8473.0,0,0,0,0,0,0,0,0,0,0,0,0,0,0,0,0,0,0,0,0,0,0,0,0,0,0,0,0,0,0,0,0,161,2026-02-07 02:43:19.815630
WNTR,25.28,25.28,25.34,1118100.0,15733.0,1901500.0,5865.0,0,0,0,0,0,0,0,0,0,0,0,0,0,0,0,0,0,0,0,0,0,0,0,0,0,0,0,0,0,0,0,0,161,2026-02-07 02:43:19.815630
SPNG,23.57,23.25,23.31,1325.0,2202800.0,2198900.0,,0,0,0,0,0,0,0,0,0,0,0,0,0,0,0,0,0,0,0,0,0,0,0,0,0,0,0,0,0,0,0,0,162,2026-02-07 02:43:20.920216
SMMR,23.55,23.57,23.64,621.0,2279100.0,2114700.0,16686.0,0,0,0,0,0,0,0,0,0,0,0,0,0,0,0,0,0,0,0,0,0,0,0,0,0,0,0,0,0,0,0,0,162,2026-02-07 02:43:20.920216
ATMN,25.27,25.35,25.6,7382.0,2165000.0,1827600.0,9782.0,0,0,0,0,0,0,0,0,0,0,0,0,0,0,0,0,0,0,0,0,0,0,0,0,0,0,0,0,0,0,0,0,162,2026-02-07 02:43:20.920216
WNTR,25.34,25.36,25.38,7726.0,1154200.0,1880300.0,14995.0,0,0,0,0,0,0,0,0,0,0,0,0,0,0,0,0,0,0,0,0,0,0,0,0,0,0,0,0,0,0,0,0,162,2026-02-07 02:43:20.920216
SPNG,23.24,23.1,23.19,2341800.0,2194400.0,,,0,0,0,0,0,0,0,0,0,0,0,0,0,0,0,0,0,0,0,0,0,0,0,0,0,0,0,0,0,0,0,0,163,2026-02-07 02:43:21.967142
SMMR,23.69,23.69,23.76,2188800.0,2205500.0,8082.0,7646.0,0,0,0,0,0,0,0,0,0,0,0,0,0,0,0,0,0,0,0,0,0,0,0,0,0,0,0,0,0,0,0,0,163,2026-02-07 02:43:21.967142
ATMN,25.35,25.35,25.49,2165000.0,2029200.0,7382.0,759.0,0,0,0,0,0,0,0,0,0,0,0,0,0,0,0,0,0,0,0,0,0,0,0,0,0,0,0,0,0,0,0,0,163,2026-02-07 02:43:21.967142
WNTR,25.27,25.27,25.36,1034200.0,1784800.0,,16926.0,0,0,0,0,0,0,0,0,0,0,0,0,0,0,0,0,0,0,0,0,0,0,0,0,0,0,0,0,0,0,0,0,163,2026-02-07 02:43:21.967142
SPNG,23.25,23.1,23.24,2201900.0,1780.0,2100700.0,100.0,0,0,0,0,0,0,0,0,0,0,0,0,0,0,0,0,0,0,0,0,0,0,0,0,0,0,0,0,0,0,0,0,164,2026-02-07 02:43:23.014379
SMMR,23.78,23.63,23.7,2069900.0,16753.0,2203900.0,1232.0,0,0,0,0,0,0,0,0,0,0,0,0,0,0,0,0,0,0,0,0,0,0,0,0,0,0,0,0,0,0,0,0,164,2026-02-07 02:43:23.014379
ATMN,25.29,25.3,25.48,2124400.0,5399.0,1927500.0,6158.0,0,0,0,0,0,0,0,0,0,0,0,0,0,0,0,0,0,0,0,0,0,0,0,0,0,0,0,0,0,0,0,0,164,2026-02-07 02:43:23.014379
WNTR,25.27,25.3,25.34,1123100.0,,1672600.0,25743.0,0,0,0,0,0,0,0,0,0,0,0,0,0,0,0,0,0,0,0,0,0,0,0,0,0,0,0,0,0,0,0,0,164,2026-02-07 02:43:23.014379
SPNG,23.26,23.1,23.26,2201900.0,1780.0,2100200.0,100.0,0,0,0,0,0,0,0,0,0,0,0,0,0,0,0,0,0,0,0,0,0,0,0,0,0,0,0,0,0,0,0,0,165,2026-02-07 02:43:23.566732
SMMR,23.57,23.57,23.7,2285000.0,621.0,2203900.0,1232.0,0,0,0,0,0,0,0,0,0,0,0,0,0,0,0,0,0,0,0,0,0,0,0,0,0,0,0,0,0,0,0,0,165,2026-02-07 02:43:23.566732
ATMN,25.68,25.27,25.68,2260600.0,,2027400.0,759.0,0,0,0,0,0,0,0,0,0,0,0,0,0,0,0,0,0,0,0,0,0,0,0,0,0,0,0,0,0,0,0,0,165,2026-02-07 02:43:23.566732
WNTR,25.3,25.27,25.3,1154800.0,,1662600.0,25743.0,0,0,0,0,0,0,0,0,0,0,0,0,0,0,0,0,0,0,0,0,0,0,0,0,0,0,0,0,0,0,0,0,165,2026-02-07 02:43:23.566732
SPNG,23.57,23.1,23.25,2347100.0,4443.0,2100100.0,,0,0,0,0,0,0,0,0,0,0,0,0,0,0,0,0,0,0,0,0,0,0,0,0,0,0,0,0,0,0,0,0,166,2026-02-07 02:43:24.609680
SMMR,23.57,23.64,23.68,2361000.0,9310.0,2198000.0,3699.0,0,0,0,0,0,0,0,0,0,0,0,0,0,0,0,0,0,0,0,0,0,0,0,0,0,0,0,0,0,0,0,0,166,2026-02-07 02:43:24.609680
ATMN,25.22,25.22,25.65,2320100.0,9098.0,2022200.0,,0,0,0,0,0,0,0,0,0,0,0,0,0,0,0,0,0,0,0,0,0,0,0,0,0,0,0,0,0,0,0,0,166,2026-02-07 02:43:24.609680
WNTR,25.25,25.25,25.26,1160400.0,257.0,1968900.0,,0,0,0,0,0,0,0,0,0,0,0,0,0,0,0,0,0,0,0,0,0,0,0,0,0,0,0,0,0,0,0,0,166,2026-02-07 02:43:24.609680
SPNG,23.07,23.07,23.57,2334700.0,2185300.0,,,0,0,0,0,0,0,0,0,0,0,0,0,0,0,0,0,0,0,0,0,0,0,0,0,0,0,0,0,0,0,0,0,167,2026-02-07 02:43:25.659978
SMMR,23.64,23.64,23.66,2361000.0,2230300.0,3699.0,8054.0,0,0,0,0,0,0,0,0,0,0,0,0,0,0,0,0,0,0,0,0,0,0,0,0,0,0,0,0,0,0,0,0,167,2026-02-07 02:43:25.659978
ATMN,25.19,25.19,25.62,2344500.0,1885400.0,,18679.0,0,0,0,0,0,0,0,0,0,0,0,0,0,0,0,0,0,0,0,0,0,0,0,0,0,0,0,0,0,0,0,0,167,2026-02-07 02:43:25.659978
WNTR,25.25,25.25,25.4,1160400.0,1960600.0,7236.0,1809.0,0,0,0,0,0,0,0,0,0,0,0,0,0,0,0,0,0,0,0,0,0,0,0,0,0,0,0,0,0,0,0,0,167,2026-02-07 02:43:25.659978
SPNG,23.58,23.03,23.46,2350000.0,2167400.0,,,0,0,0,0,0,0,0,0,0,0,0,0,0,0,0,0,0,0,0,0,0,0,0,0,0,0,0,0,0,0,0,0,168,2026-02-07 02:43:26.754206
SMMR,23.64,23.64,23.66,2108800.0,2098700.0,10874.0,9252.0,0,0,0,0,0,0,0,0,0,0,0,0,0,0,0,0,0,0,0,0,0,0,0,0,0,0,0,0,0,0,0,0,168,2026-02-07 02:43:26.754206
ATMN,25.4,25.22,25.34,2230200.0,1798100.0,5937.0,18779.0,0,0,0,0,0,0,0,0,0,0,0,0,0,0,0,0,0,0,0,0,0,0,0,0,0,0,0,0,0,0,0,0,168,2026-02-07 02:43:26.754206
WNTR,25.23,25.25,25.26,1161300.0,1848200.0,100.0,9545.0,0,0,0,0,0,0,0,0,0,0,0,0,0,0,0,0,0,0,0,0,0,0,0,0,0,0,0,0,0,0,0,0,168,2026-02-07 02:43:26.754206
SPNG,23.01,23.01,23.43,2361900.0,1764.0,1944100.0,,0,0,0,0,0,0,0,0,0,0,0,0,0,0,0,0,0,0,0,0,0,0,0,0,0,0,0,0,0,0,0,0,169,2026-02-07 02:43:27.831151
SMMR,23.64,23.64,23.66,2066000.0,10451.0,1974100.0,10874.0,0,0,0,0,0,0,0,0,0,0,0,0,0,0,0,0,0,0,0,0,0,0,0,0,0,0,0,0,0,0,0,0,169,2026-02-07 02:43:27.831151
ATMN,25.31,25.56,25.59,2085000.0,18779.0,1780700.0,6078.0,0,0,0,0,0,0,0,0,0,0,0,0,0,0,0,0,0,0,0,0,0,0,0,0,0,0,0,0,0,0,0,0,169,2026-02-07 02:43:27.831151
WNTR,25.27,25.23,25.25,1075000.0,1909.0,1841600.0,730.0,0,0,0,0,0,0,0,0,0,0,0,0,0,0,0,0,0,0,0,0,0,0,0,0,0,0,0,0,0,0,0,0,169,2026-02-07 02:43:27.831151
SPNG,23.63,22.94,23.63,2377100.0,2223200.0,,0,0,0,0,0,0,0,0,0,0,0,0,0,0,0,0,0,0,0,0,0,0,0,0,0,0,0,0,0,0,0,0,0,170,2026-02-07 02:43:28.893225
SMMR,23.72,23.72,23.78,2413600.0,2310400.0,,0,0,0,0,0,0,0,0,0,0,0,0,0,0,0,0,0,0,0,0,0,0,0,0,0,0,0,0,0,0,0,0,0,170,2026-02-07 02:43:28.893225
ATMN,25.56,25.19,25.43,2334800.0,2118000.0,,0,0,0,0,0,0,0,0,0,0,0,0,0,0,0,0,0,0,0,0,0,0,0,0,0,0,0,0,0,0,0,0,0,170,2026-02-07 02:43:28.893225
WNTR,25.41,25.34,25.41,1165000.0,2067300.0,6928.0,0,0,0,0,0,0,0,0,0,0,0,0,0,0,0,0,0,0,0,0,0,0,0,0,0,0,0,0,0,0,0,0,0,170,2026-02-07 02:43:28.893225
