ticker,last_price,bid_price,ask_price,BUY_ANON,BUY_LAVL-1,BUY_COLA-1,SELL_ANON,SELL_COLA-1,SELL_WRSW-3,BUY_WRSW-3,SELL_LAVL-1,BUY_GIOT-3,BUY_LUIS-1,SELL_UOTB-2,SELL_BRCH-3,BUY_BRCH-3,BUY_UEBR-1,SELL_BABS-4,SELL_LETH-1,BUY_UOTB-1,BUY_UOTB-2,SELL_LUIS-1,SELL_COLA-3,SELL_CNCD-1,BUY_CNCD-1,SELL_UOTB-3,SELL_NAIT-1,BUY_LETH-1,BUY_WRSW-2,SELL_WRSW-1,BUY_CNCD-5,SELL_COLB-2,BUY_NAIT-1,BUY_WRSW-1,SELL_BRCH-1,BUY_BRCH-2,SELL_UOTB-1,BUY_COLA-3,BUY_BRCH-1,SELL_UEBR-1,SELL_GIOT-3,BUY_UOTB-3,BUY_BABS-4,BUY_CAMN-1,SELL_CNCD-5,BUY_COLB-2,SELL_WRSW-2,SELL_CAMN-1,SELL_BRCH-2,tick,timestamp,news_news_id,news_period,news_tick,news_ticker,news_headline,news_body
SPNG,24.87,24.87,24.99,1399400.0,100.0,4523.0,1436800.0,5000.0,6000.0,,,0,0,0,0,0,0,0,0,0,0,0,0,0,0,0,0,0,0,0,0,0,0,0,0,0,0,0,0,0,0,0,0,0,0,0,0,0,0,1,2026-02-06 00:42:08.733930,2.0,1.0,1.0,,Aggregate Position Limit,Your CRO has set the aggregate position limit to 10000 shares for this week.
SMMR,25.04,25.04,25.14,2065200.0,,814.0,1622100.0,5000.0,,6000.0,9777.0,0,0,0,0,0,0,0,0,0,0,0,0,0,0,0,0,0,0,0,0,0,0,0,0,0,0,0,0,0,0,0,0,0,0,0,0,0,0,1,2026-02-06 00:42:08.733930,1.0,1.0,1.0,,Welcome to the RITC 2026 Alogithmic Market Making Case - practice server,
ATMN,25.02,25.02,25.03,2073900.0,,1671.0,2003200.0,2000.0,,,8121.0,0,0,0,0,0,0,0,0,0,0,0,0,0,0,0,0,0,0,0,0,0,0,0,0,0,0,0,0,0,0,0,0,0,0,0,0,0,0,1,2026-02-06 00:42:08.733930,,,,,,
WNTR,24.97,24.9,24.97,2152700.0,,,2141900.0,,6000.0,,10000.0,0,0,0,0,0,0,0,0,0,0,0,0,0,0,0,0,0,0,0,0,0,0,0,0,0,0,0,0,0,0,0,0,0,0,0,0,0,0,1,2026-02-06 00:42:08.733930,,,,,,
SPNG,24.87,24.89,24.99,1405800.0,100.0,4523.0,1529300.0,5000.0,,0,0,0,0,0,0,0,0,0,0,0,0,0,0,0,0,0,0,0,0,0,0,0,0,0,0,0,0,0,0,0,0,0,0,0,0,0,0,0,0,2,2026-02-06 00:42:09.351244
SMMR,24.94,24.99,25.14,2364300.0,,,1622100.0,5000.0,9777.0,0,0,0,0,0,0,0,0,0,0,0,0,0,0,0,0,0,0,0,0,0,0,0,0,0,0,0,0,0,0,0,0,0,0,0,0,0,0,0,0,2,2026-02-06 00:42:09.351244
ATMN,25.07,25.14,25.16,2168200.0,,814.0,2364400.0,,,0,0,0,0,0,0,0,0,0,0,0,0,0,0,0,0,0,0,0,0,0,0,0,0,0,0,0,0,0,0,0,0,0,0,0,0,0,0,0,0,2,2026-02-06 00:42:09.351244
WNTR,24.87,24.88,24.97,1644300.0,,4523.0,1727900.0,5000.0,10000.0,0,0,0,0,0,0,0,0,0,0,0,0,0,0,0,0,0,0,0,0,0,0,0,0,0,0,0,0,0,0,0,0,0,0,0,0,0,0,0,0,2,2026-02-06 00:42:09.351244
SPNG,24.87,24.89,24.99,1451600.0,4523.0,100.0,1529300.0,5000.0,,0,0,0,0,0,0,0,0,0,0,0,0,0,0,0,0,0,0,0,0,0,0,0,0,0,0,0,0,0,0,0,0,0,0,0,0,0,0,0,0,3,2026-02-06 00:42:09.911329
SMMR,24.99,24.99,25.14,2210200.0,773.0,,1622100.0,5000.0,9777.0,0,0,0,0,0,0,0,0,0,0,0,0,0,0,0,0,0,0,0,0,0,0,0,0,0,0,0,0,0,0,0,0,0,0,0,0,0,0,0,0,3,2026-02-06 00:42:09.911329
ATMN,25.07,25.14,25.16,2168200.0,814.0,,2341600.0,,,0,0,0,0,0,0,0,0,0,0,0,0,0,0,0,0,0,0,0,0,0,0,0,0,0,0,0,0,0,0,0,0,0,0,0,0,0,0,0,0,3,2026-02-06 00:42:09.911329
WNTR,25.09,25.1,25.13,1623000.0,4523.0,,2354000.0,,,0,0,0,0,0,0,0,0,0,0,0,0,0,0,0,0,0,0,0,0,0,0,0,0,0,0,0,0,0,0,0,0,0,0,0,0,0,0,0,0,3,2026-02-06 00:42:09.911329
SPNG,25.39,24.9,25.02,100.0,1488800.0,4337.0,2060200.0,,,0,0,0,0,0,0,0,0,0,0,0,0,0,0,0,0,0,0,0,0,0,0,0,0,0,0,0,0,0,0,0,0,0,0,0,0,0,0,0,0,4,2026-02-06 00:42:10.959925
SMMR,24.94,24.94,25.16,,2080400.0,1301.0,1738000.0,5000.0,,0,0,0,0,0,0,0,0,0,0,0,0,0,0,0,0,0,0,0,0,0,0,0,0,0,0,0,0,0,0,0,0,0,0,0,0,0,0,0,0,4,2026-02-06 00:42:10.959925
ATMN,24.88,24.88,24.96,,1829900.0,,1734200.0,3972.0,8121.0,0,0,0,0,0,0,0,0,0,0,0,0,0,0,0,0,0,0,0,0,0,0,0,0,0,0,0,0,0,0,0,0,0,0,0,0,0,0,0,0,4,2026-02-06 00:42:10.959925
WNTR,24.88,25.01,25.12,,1628300.0,4337.0,2251900.0,,10000.0,0,0,0,0,0,0,0,0,0,0,0,0,0,0,0,0,0,0,0,0,0,0,0,0,0,0,0,0,0,0,0,0,0,0,0,0,0,0,0,0,4,2026-02-06 00:42:10.959925
SPNG,25.02,25.05,25.19,5000.0,1396800.0,200.0,2078100.0,,,0,0,0,0,0,0,0,0,0,0,0,0,0,0,0,0,0,0,0,0,0,0,0,0,0,0,0,0,0,0,0,0,0,0,0,0,0,0,0,0,5,2026-02-06 00:42:12.047690
SMMR,25.16,24.94,25.09,1301.0,2080400.0,,1802000.0,4000.0,,0,0,0,0,0,0,0,0,0,0,0,0,0,0,0,0,0,0,0,0,0,0,0,0,0,0,0,0,0,0,0,0,0,0,0,0,0,0,0,0,5,2026-02-06 00:42:12.047690
ATMN,24.6,24.6,25.02,,1575100.0,,1516200.0,5972.0,8121.0,0,0,0,0,0,0,0,0,0,0,0,0,0,0,0,0,0,0,0,0,0,0,0,0,0,0,0,0,0,0,0,0,0,0,0,0,0,0,0,0,5,2026-02-06 00:42:12.047690
WNTR,24.84,24.84,24.93,814.0,2050900.0,,1595500.0,4523.0,20000.0,0,0,0,0,0,0,0,0,0,0,0,0,0,0,0,0,0,0,0,0,0,0,0,0,0,0,0,0,0,0,0,0,0,0,0,0,0,0,0,0,5,2026-02-06 00:42:12.047690
SPNG,24.79,24.79,24.89,2073300.0,6000.0,1453300.0,4388.0,,,,,0,0,0,0,0,0,0,0,0,0,0,0,0,0,0,0,0,0,0,0,0,0,0,0,0,0,0,0,0,0,0,0,0,0,0,0,0,0,6,2026-02-06 00:42:13.121543
SMMR,25.04,25.0,25.09,1575600.0,6000.0,1701000.0,4000.0,500.0,4303.0,2397.0,,0,0,0,0,0,0,0,0,0,0,0,0,0,0,0,0,0,0,0,0,0,0,0,0,0,0,0,0,0,0,0,0,0,0,0,0,0,0,6,2026-02-06 00:42:13.121543
ATMN,24.91,24.91,25.02,1571800.0,,1754500.0,4972.0,,,,,0,0,0,0,0,0,0,0,0,0,0,0,0,0,0,0,0,0,0,0,0,0,0,0,0,0,0,0,0,0,0,0,0,0,0,0,0,0,6,2026-02-06 00:42:13.121543
WNTR,24.84,24.88,24.93,1644200.0,,1474100.0,6656.0,6000.0,230.0,1671.0,10000.0,0,0,0,0,0,0,0,0,0,0,0,0,0,0,0,0,0,0,0,0,0,0,0,0,0,0,0,0,0,0,0,0,0,0,0,0,0,0,6,2026-02-06 00:42:13.121543
SPNG,24.89,24.89,24.99,1368100.0,6000.0,100.0,3128.0,2075500.0,,,,0,0,0,0,0,0,0,0,0,0,0,0,0,0,0,0,0,0,0,0,0,0,0,0,0,0,0,0,0,0,0,0,0,0,0,0,0,0,7,2026-02-06 00:42:14.224231
SMMR,24.88,24.88,25.1,2215300.0,,,,1804200.0,2000.0,9697.0,6000.0,0,0,0,0,0,0,0,0,0,0,0,0,0,0,0,0,0,0,0,0,0,0,0,0,0,0,0,0,0,0,0,0,0,0,0,0,0,0,7,2026-02-06 00:42:14.224231
ATMN,25.1,25.1,25.16,1705700.0,6000.0,4027.0,,1645800.0,4972.0,8054.0,,0,0,0,0,0,0,0,0,0,0,0,0,0,0,0,0,0,0,0,0,0,0,0,0,0,0,0,0,0,0,0,0,0,0,0,0,0,0,7,2026-02-06 00:42:14.224231
WNTR,24.93,24.84,24.93,1644200.0,6000.0,230.0,1671.0,1719800.0,5656.0,,,0,0,0,0,0,0,0,0,0,0,0,0,0,0,0,0,0,0,0,0,0,0,0,0,0,0,0,0,0,0,0,0,0,0,0,0,0,0,7,2026-02-06 00:42:14.224231
SPNG,24.74,24.9,24.98,100.0,2000.0,1756000.0,7042.0,1878600.0,,,,0,0,0,0,0,0,0,0,0,0,0,0,0,0,0,0,0,0,0,0,0,0,0,0,0,0,0,0,0,0,0,0,0,0,0,0,0,0,8,2026-02-06 00:42:15.334051
SMMR,25.09,25.04,25.08,,,2222000.0,12197.0,1696100.0,500.0,2000.0,6000.0,0,0,0,0,0,0,0,0,0,0,0,0,0,0,0,0,0,0,0,0,0,0,0,0,0,0,0,0,0,0,0,0,0,0,0,0,0,0,8,2026-02-06 00:42:15.334051
ATMN,25.1,25.1,25.16,12055.0,2606.0,1384400.0,10280.0,2079500.0,6000.0,,,0,0,0,0,0,0,0,0,0,0,0,0,0,0,0,0,0,0,0,0,0,0,0,0,0,0,0,0,0,0,0,0,0,0,0,0,0,0,8,2026-02-06 00:42:15.334051
WNTR,24.91,24.91,24.92,10115.0,,1865800.0,,1822400.0,6000.0,4951.0,,0,0,0,0,0,0,0,0,0,0,0,0,0,0,0,0,0,0,0,0,0,0,0,0,0,0,0,0,0,0,0,0,0,0,0,0,0,0,8,2026-02-06 00:42:15.334051
SPNG,24.69,24.69,24.98,2060300.0,7042.0,1349300.0,4356.0,,,,,0,0,0,0,0,0,0,0,0,0,0,0,0,0,0,0,0,0,0,0,0,0,0,0,0,0,0,0,0,0,0,0,0,0,0,0,0,0,9,2026-02-06 00:42:15.896524
SMMR,25.02,24.87,25.02,2222000.0,12197.0,1331000.0,5000.0,6000.0,,,,0,0,0,0,0,0,0,0,0,0,0,0,0,0,0,0,0,0,0,0,0,0,0,0,0,0,0,0,0,0,0,0,0,0,0,0,0,0,9,2026-02-06 00:42:15.896524
ATMN,25.1,25.1,25.16,1484700.0,10280.0,2055400.0,,,12055.0,2137.0,6000.0,0,0,0,0,0,0,0,0,0,0,0,0,0,0,0,0,0,0,0,0,0,0,0,0,0,0,0,0,0,0,0,0,0,0,0,0,0,0,9,2026-02-06 00:42:15.896524
WNTR,24.92,24.84,24.92,1977900.0,,1822400.0,4951.0,,230.0,,6000.0,0,0,0,0,0,0,0,0,0,0,0,0,0,0,0,0,0,0,0,0,0,0,0,0,0,0,0,0,0,0,0,0,0,0,0,0,0,0,9,2026-02-06 00:42:15.896524
SPNG,25.29,24.77,24.95,6000.0,1448200.0,1282.0,1000.0,1947100.0,,,,0,0,0,0,0,0,0,0,0,0,0,0,0,0,0,0,0,0,0,0,0,0,0,0,0,0,0,0,0,0,0,0,0,0,0,0,0,0,10,2026-02-06 00:42:17.025181
SMMR,24.78,24.87,25.02,,2144200.0,,5000.0,1599400.0,100.0,6000.0,,0,0,0,0,0,0,0,0,0,0,0,0,0,0,0,0,0,0,0,0,0,0,0,0,0,0,0,0,0,0,0,0,0,0,0,0,0,0,10,2026-02-06 00:42:17.025181
ATMN,25.16,24.68,25.16,6000.0,1571800.0,,4000.0,1706200.0,,,100.0,0,0,0,0,0,0,0,0,0,0,0,0,0,0,0,0,0,0,0,0,0,0,0,0,0,0,0,0,0,0,0,0,0,0,0,0,0,0,10,2026-02-06 00:42:17.025181
WNTR,24.91,24.86,24.88,6000.0,1427100.0,3940.0,,2367300.0,7387.0,,,0,0,0,0,0,0,0,0,0,0,0,0,0,0,0,0,0,0,0,0,0,0,0,0,0,0,0,0,0,0,0,0,0,0,0,0,0,0,10,2026-02-06 00:42:17.025181
SPNG,25.0,24.89,24.92,6000.0,1448200.0,1282.0,1992300.0,9156.0,,,,0,0,0,0,0,0,0,0,0,0,0,0,0,0,0,0,0,0,0,0,0,0,0,0,0,0,0,0,0,0,0,0,0,0,0,0,0,0,11,2026-02-06 00:42:18.117158
SMMR,25.02,25.02,25.03,,1636300.0,2123.0,1946500.0,,100.0,2000.0,6000.0,0,0,0,0,0,0,0,0,0,0,0,0,0,0,0,0,0,0,0,0,0,0,0,0,0,0,0,0,0,0,0,0,0,0,0,0,0,0,11,2026-02-06 00:42:18.117158
ATMN,25.16,24.82,25.16,6000.0,1557900.0,2161.0,2161000.0,100.0,7967.0,,,0,0,0,0,0,0,0,0,0,0,0,0,0,0,0,0,0,0,0,0,0,0,0,0,0,0,0,0,0,0,0,0,0,0,0,0,0,0,11,2026-02-06 00:42:18.117158
WNTR,24.88,24.96,24.98,6000.0,1328200.0,3940.0,2374800.0,,15965.0,,,0,0,0,0,0,0,0,0,0,0,0,0,0,0,0,0,0,0,0,0,0,0,0,0,0,0,0,0,0,0,0,0,0,0,0,0,0,0,11,2026-02-06 00:42:18.117158
SPNG,24.92,24.9,24.92,5000.0,6000.0,1428800.0,1598400.0,4563.0,,,0,0,0,0,0,0,0,0,0,0,0,0,0,0,0,0,0,0,0,0,0,0,0,0,0,0,0,0,0,0,0,0,0,0,0,0,0,0,0,12,2026-02-06 00:42:19.178416
SMMR,25.02,24.87,25.02,2123.0,,1726100.0,1977100.0,2000.0,6000.0,,0,0,0,0,0,0,0,0,0,0,0,0,0,0,0,0,0,0,0,0,0,0,0,0,0,0,0,0,0,0,0,0,0,0,0,0,0,0,0,12,2026-02-06 00:42:19.178416
ATMN,24.37,24.52,25.03,,,1708200.0,1697800.0,5000.0,,,0,0,0,0,0,0,0,0,0,0,0,0,0,0,0,0,0,0,0,0,0,0,0,0,0,0,0,0,0,0,0,0,0,0,0,0,0,0,0,12,2026-02-06 00:42:19.178416
WNTR,24.95,24.99,25.03,5151.0,6000.0,1218300.0,2360500.0,,,9769.0,0,0,0,0,0,0,0,0,0,0,0,0,0,0,0,0,0,0,0,0,0,0,0,0,0,0,0,0,0,0,0,0,0,0,0,0,0,0,0,12,2026-02-06 00:42:19.178416
SPNG,24.9,24.78,24.83,1914800.0,6000.0,1476600.0,1583.0,4563.0,,,,0,0,0,0,0,0,0,0,0,0,0,0,0,0,0,0,0,0,0,0,0,0,0,0,0,0,0,0,0,0,0,0,0,0,0,0,0,0,13,2026-02-06 00:42:20.237762
SMMR,24.97,24.96,24.97,2068000.0,,1518300.0,10000.0,5000.0,541.0,449.0,6000.0,0,0,0,0,0,0,0,0,0,0,0,0,0,0,0,0,0,0,0,0,0,0,0,0,0,0,0,0,0,0,0,0,0,0,0,0,0,0,13,2026-02-06 00:42:20.237762
ATMN,24.85,24.7,24.74,1708200.0,6000.0,1463500.0,5922.0,5000.0,,100.0,6000.0,0,0,0,0,0,0,0,0,0,0,0,0,0,0,0,0,0,0,0,0,0,0,0,0,0,0,0,0,0,0,0,0,0,0,0,0,0,0,13,2026-02-06 00:42:20.237762
WNTR,24.84,24.97,25.0,1567700.0,6000.0,2162000.0,12943.0,,4000.0,9677.0,,0,0,0,0,0,0,0,0,0,0,0,0,0,0,0,0,0,0,0,0,0,0,0,0,0,0,0,0,0,0,0,0,0,0,0,0,0,0,13,2026-02-06 00:42:20.237762
SPNG,24.89,24.89,25.37,6000.0,1405300.0,1761.0,2052700.0,,,,,0,0,0,0,0,0,0,0,0,0,0,0,0,0,0,0,0,0,0,0,0,0,0,0,0,0,0,0,0,0,0,0,0,0,0,0,0,0,14,2026-02-06 00:42:21.295658
SMMR,24.87,24.88,24.91,,1528200.0,2252.0,1768700.0,854.0,26010.0,1000.0,6000.0,0,0,0,0,0,0,0,0,0,0,0,0,0,0,0,0,0,0,0,0,0,0,0,0,0,0,0,0,0,0,0,0,0,0,0,0,0,0,14,2026-02-06 00:42:21.295658
ATMN,24.82,24.73,24.82,,1819800.0,,1363700.0,100.0,9444.0,5000.0,6000.0,0,0,0,0,0,0,0,0,0,0,0,0,0,0,0,0,0,0,0,0,0,0,0,0,0,0,0,0,0,0,0,0,0,0,0,0,0,0,14,2026-02-06 00:42:21.295658
WNTR,25.11,24.84,25.11,6000.0,2141000.0,,2362000.0,,,,,0,0,0,0,0,0,0,0,0,0,0,0,0,0,0,0,0,0,0,0,0,0,0,0,0,0,0,0,0,0,0,0,0,0,0,0,0,0,14,2026-02-06 00:42:21.295658
SPNG,24.69,24.72,24.89,1839600.0,4468.0,1000.0,100.0,100.0,1841100.0,,,0,0,0,0,0,0,0,0,0,0,0,0,0,0,0,0,0,0,0,0,0,0,0,0,0,0,0,0,0,0,0,0,0,0,0,0,0,0,15,2026-02-06 00:42:22.344694
SMMR,24.88,24.87,24.88,1728300.0,136.0,1754.0,1002.0,6000.0,1547500.0,5000.0,,0,0,0,0,0,0,0,0,0,0,0,0,0,0,0,0,0,0,0,0,0,0,0,0,0,0,0,0,0,0,0,0,0,0,0,0,0,0,15,2026-02-06 00:42:22.344694
ATMN,24.82,24.76,24.82,1623300.0,7776.0,1937.0,100.0,6000.0,2029500.0,,,0,0,0,0,0,0,0,0,0,0,0,0,0,0,0,0,0,0,0,0,0,0,0,0,0,0,0,0,0,0,0,0,0,0,0,0,0,0,15,2026-02-06 00:42:22.344694
WNTR,25.11,24.89,24.94,1445800.0,10000.0,3963.0,537.0,6000.0,2083500.0,777.0,6000.0,0,0,0,0,0,0,0,0,0,0,0,0,0,0,0,0,0,0,0,0,0,0,0,0,0,0,0,0,0,0,0,0,0,0,0,0,0,0,15,2026-02-06 00:42:22.344694
SPNG,24.89,24.72,24.74,1427300.0,4468.0,4531.0,1400900.0,6000.0,4857.0,,,0,0,0,0,0,0,0,0,0,0,0,0,0,0,0,0,0,0,0,0,0,0,0,0,0,0,0,0,0,0,0,0,0,0,0,0,0,0,16,2026-02-06 00:42:22.891097
SMMR,25.0,24.87,25.0,1596700.0,136.0,2141.0,2217800.0,6000.0,,,,0,0,0,0,0,0,0,0,0,0,0,0,0,0,0,0,0,0,0,0,0,0,0,0,0,0,0,0,0,0,0,0,0,0,0,0,0,0,16,2026-02-06 00:42:22.891097
ATMN,24.82,24.76,24.79,1860200.0,7776.0,1221.0,2051400.0,6000.0,,100.0,,0,0,0,0,0,0,0,0,0,0,0,0,0,0,0,0,0,0,0,0,0,0,0,0,0,0,0,0,0,0,0,0,0,0,0,0,0,0,16,2026-02-06 00:42:22.891097
WNTR,25.11,24.89,24.94,1468100.0,10000.0,3963.0,2083500.0,6000.0,777.0,537.0,6000.0,0,0,0,0,0,0,0,0,0,0,0,0,0,0,0,0,0,0,0,0,0,0,0,0,0,0,0,0,0,0,0,0,0,0,0,0,0,0,16,2026-02-06 00:42:22.891097
SPNG,24.74,24.72,24.74,1419600.0,4468.0,4531.0,1605400.0,8886.0,6000.0,2000.0,,0,0,0,0,0,0,0,0,0,0,0,0,0,0,0,0,0,0,0,0,0,0,0,0,0,0,0,0,0,0,0,0,0,0,0,0,0,0,17,2026-02-06 00:42:23.954178
SMMR,25.12,24.87,24.95,1465700.0,1528.0,2141.0,2306300.0,,,,,0,0,0,0,0,0,0,0,0,0,0,0,0,0,0,0,0,0,0,0,0,0,0,0,0,0,0,0,0,0,0,0,0,0,0,0,0,0,17,2026-02-06 00:42:23.954178
ATMN,24.79,24.76,24.79,1545600.0,8133.0,2944.0,1368100.0,9197.0,6000.0,5000.0,,0,0,0,0,0,0,0,0,0,0,0,0,0,0,0,0,0,0,0,0,0,0,0,0,0,0,0,0,0,0,0,0,0,0,0,0,0,0,17,2026-02-06 00:42:23.954178
WNTR,25.05,24.95,24.96,1062200.0,12500.0,6963.0,1837000.0,,,4249.0,6000.0,0,0,0,0,0,0,0,0,0,0,0,0,0,0,0,0,0,0,0,0,0,0,0,0,0,0,0,0,0,0,0,0,0,0,0,0,0,0,17,2026-02-06 00:42:23.954178
SPNG,25.31,24.89,24.92,6000.0,1203800.0,4568.0,4730.0,6000.0,1947100.0,,,0,0,0,0,0,0,0,0,0,0,0,0,0,0,0,0,0,0,0,0,0,0,0,0,0,0,0,0,0,0,0,0,0,0,0,0,0,0,18,2026-02-06 00:42:24.992236
SMMR,24.87,24.87,24.93,,1450700.0,1528.0,3344.0,6000.0,1482200.0,2313.0,5000.0,0,0,0,0,0,0,0,0,0,0,0,0,0,0,0,0,0,0,0,0,0,0,0,0,0,0,0,0,0,0,0,0,0,0,0,0,0,0,18,2026-02-06 00:42:24.992236
ATMN,24.76,24.76,24.77,,1430700.0,8401.0,2944.0,6000.0,1264200.0,11096.0,5000.0,0,0,0,0,0,0,0,0,0,0,0,0,0,0,0,0,0,0,0,0,0,0,0,0,0,0,0,0,0,0,0,0,0,0,0,0,0,0,18,2026-02-06 00:42:24.992236
WNTR,24.97,24.97,24.98,6000.0,1154800.0,22500.0,4963.0,,2058100.0,,2418.0,0,0,0,0,0,0,0,0,0,0,0,0,0,0,0,0,0,0,0,0,0,0,0,0,0,0,0,0,0,0,0,0,0,0,0,0,0,0,18,2026-02-06 00:42:24.992236
SPNG,24.92,24.91,24.94,100.0,3000.0,1608300.0,2616.0,100.0,1616400.0,,,0,0,0,0,0,0,0,0,0,0,0,0,0,0,0,0,0,0,0,0,0,0,0,0,0,0,0,0,0,0,0,0,0,0,0,0,0,0,19,2026-02-06 00:42:26.051879
SMMR,25.14,25.05,25.11,4598.0,3344.0,1465100.0,2000.0,,1951500.0,6000.0,6000.0,0,0,0,0,0,0,0,0,0,0,0,0,0,0,0,0,0,0,0,0,0,0,0,0,0,0,0,0,0,0,0,0,0,0,0,0,0,0,19,2026-02-06 00:42:26.051879
ATMN,24.61,24.61,24.77,,,2317500.0,5000.0,100.0,1587800.0,,,0,0,0,0,0,0,0,0,0,0,0,0,0,0,0,0,0,0,0,0,0,0,0,0,0,0,0,0,0,0,0,0,0,0,0,0,0,0,19,2026-02-06 00:42:26.051879
WNTR,25.01,24.97,25.01,,5000.0,1728300.0,1505.0,1831.0,2056300.0,,,0,0,0,0,0,0,0,0,0,0,0,0,0,0,0,0,0,0,0,0,0,0,0,0,0,0,0,0,0,0,0,0,0,0,0,0,0,0,19,2026-02-06 00:42:26.051879
SPNG,24.93,24.93,24.96,10100.0,3000.0,6000.0,1415000.0,2361.0,200.0,1527200.0,,0,0,0,0,0,0,0,0,0,0,0,0,0,0,0,0,0,0,0,0,0,0,0,0,0,0,0,0,0,0,0,0,0,0,0,0,0,0,20,2026-02-06 00:42:27.131620
SMMR,25.09,25.09,25.1,11992.0,3344.0,,1488000.0,5000.0,9138.0,1605200.0,,0,0,0,0,0,0,0,0,0,0,0,0,0,0,0,0,0,0,0,0,0,0,0,0,0,0,0,0,0,0,0,0,0,0,0,0,0,0,20,2026-02-06 00:42:27.131620
ATMN,24.61,24.72,24.76,8401.0,,,2164000.0,5000.0,4565.0,1386200.0,6000.0,0,0,0,0,0,0,0,0,0,0,0,0,0,0,0,0,0,0,0,0,0,0,0,0,0,0,0,0,0,0,0,0,0,0,0,0,0,0,20,2026-02-06 00:42:27.131620
WNTR,25.05,24.99,25.05,9473.0,3000.0,6000.0,1703600.0,1973.0,,2075200.0,,0,0,0,0,0,0,0,0,0,0,0,0,0,0,0,0,0,0,0,0,0,0,0,0,0,0,0,0,0,0,0,0,0,0,0,0,0,0,20,2026-02-06 00:42:27.131620
SPNG,25.03,24.87,25.03,1945600.0,6000.0,2028700.0,,,,,,0,0,0,0,0,0,0,0,0,0,0,0,0,0,0,0,0,0,0,0,0,0,0,0,0,0,0,0,0,0,0,0,0,0,0,0,0,0,21,2026-02-06 00:42:28.198385
SMMR,24.89,24.89,24.91,2166800.0,6000.0,1615400.0,5000.0,6000.0,,,,0,0,0,0,0,0,0,0,0,0,0,0,0,0,0,0,0,0,0,0,0,0,0,0,0,0,0,0,0,0,0,0,0,0,0,0,0,0,21,2026-02-06 00:42:28.198385
ATMN,24.78,24.71,24.77,1634500.0,,1944600.0,2000.0,6000.0,100.0,2402.0,,0,0,0,0,0,0,0,0,0,0,0,0,0,0,0,0,0,0,0,0,0,0,0,0,0,0,0,0,0,0,0,0,0,0,0,0,0,0,21,2026-02-06 00:42:28.198385
WNTR,24.88,25.03,25.04,1439800.0,6000.0,1296600.0,5014.0,,4610.0,5000.0,9220.0,0,0,0,0,0,0,0,0,0,0,0,0,0,0,0,0,0,0,0,0,0,0,0,0,0,0,0,0,0,0,0,0,0,0,0,0,0,0,21,2026-02-06 00:42:28.198385
SPNG,24.86,24.86,24.9,2985.0,1757400.0,6000.0,1348600.0,2151.0,4747.0,,,0,0,0,0,0,0,0,0,0,0,0,0,0,0,0,0,0,0,0,0,0,0,0,0,0,0,0,0,0,0,0,0,0,0,0,0,0,0,22,2026-02-06 00:42:29.247369
SMMR,24.92,24.92,25.02,3161.0,1616800.0,6000.0,2047700.0,8950.0,,6000.0,,0,0,0,0,0,0,0,0,0,0,0,0,0,0,0,0,0,0,0,0,0,0,0,0,0,0,0,0,0,0,0,0,0,0,0,0,0,0,22,2026-02-06 00:42:29.247369
ATMN,24.7,24.69,24.7,1871.0,1886300.0,6000.0,1892800.0,,2000.0,,,0,0,0,0,0,0,0,0,0,0,0,0,0,0,0,0,0,0,0,0,0,0,0,0,0,0,0,0,0,0,0,0,0,0,0,0,0,0,22,2026-02-06 00:42:29.247369
WNTR,24.98,24.89,24.9,,2075400.0,,1168500.0,18374.0,5014.0,6000.0,6917.0,0,0,0,0,0,0,0,0,0,0,0,0,0,0,0,0,0,0,0,0,0,0,0,0,0,0,0,0,0,0,0,0,0,0,0,0,0,0,22,2026-02-06 00:42:29.247369
SPNG,25.04,24.9,25.04,500.0,1759.0,1757400.0,2034500.0,,,,,0,0,0,0,0,0,0,0,0,0,0,0,0,0,0,0,0,0,0,0,0,0,0,0,0,0,0,0,0,0,0,0,0,0,0,0,0,0,23,2026-02-06 00:42:30.323255
SMMR,24.89,24.92,25.0,6000.0,3992.0,1493100.0,1734900.0,3042.0,8950.0,3000.0,6000.0,0,0,0,0,0,0,0,0,0,0,0,0,0,0,0,0,0,0,0,0,0,0,0,0,0,0,0,0,0,0,0,0,0,0,0,0,0,0,23,2026-02-06 00:42:30.323255
ATMN,24.7,24.69,24.7,,1871.0,1882000.0,1683400.0,,833.0,3000.0,6000.0,0,0,0,0,0,0,0,0,0,0,0,0,0,0,0,0,0,0,0,0,0,0,0,0,0,0,0,0,0,0,0,0,0,0,0,0,0,0,23,2026-02-06 00:42:30.323255
WNTR,24.91,24.91,25.04,6000.0,,2073300.0,1666200.0,6917.0,9220.0,3041.0,,0,0,0,0,0,0,0,0,0,0,0,0,0,0,0,0,0,0,0,0,0,0,0,0,0,0,0,0,0,0,0,0,0,0,0,0,0,0,23,2026-02-06 00:42:30.323255
SPNG,24.84,24.83,24.84,1759.0,1853100.0,1819500.0,100.0,6000.0,,,,0,0,0,0,0,0,0,0,0,0,0,0,0,0,0,0,0,0,0,0,0,0,0,0,0,0,0,0,0,0,0,0,0,0,0,0,0,0,24,2026-02-06 00:42:30.926048
SMMR,25.0,24.92,25.0,3992.0,1486800.0,1529800.0,8950.0,6000.0,6000.0,3042.0,5000.0,0,0,0,0,0,0,0,0,0,0,0,0,0,0,0,0,0,0,0,0,0,0,0,0,0,0,0,0,0,0,0,0,0,0,0,0,0,0,24,2026-02-06 00:42:30.926048
ATMN,24.8,24.8,24.81,3414.0,1642600.0,2136600.0,,6000.0,,6511.0,,0,0,0,0,0,0,0,0,0,0,0,0,0,0,0,0,0,0,0,0,0,0,0,0,0,0,0,0,0,0,0,0,0,0,0,0,0,0,24,2026-02-06 00:42:30.926048
WNTR,25.07,24.91,25.04,,1950100.0,1787600.0,,,6000.0,7017.0,3041.0,0,0,0,0,0,0,0,0,0,0,0,0,0,0,0,0,0,0,0,0,0,0,0,0,0,0,0,0,0,0,0,0,0,0,0,0,0,0,24,2026-02-06 00:42:30.926048
SPNG,24.71,24.72,24.84,4844.0,1530700.0,1317600.0,100.0,4939.0,6000.0,,,0,0,0,0,0,0,0,0,0,0,0,0,0,0,0,0,0,0,0,0,0,0,0,0,0,0,0,0,0,0,0,0,0,0,0,0,0,0,25,2026-02-06 00:42:32.019247
SMMR,25.05,24.95,25.04,1514.0,1941400.0,2048200.0,,1000.0,6000.0,10000.0,,0,0,0,0,0,0,0,0,0,0,0,0,0,0,0,0,0,0,0,0,0,0,0,0,0,0,0,0,0,0,0,0,0,0,0,0,0,0,25,2026-02-06 00:42:32.019247
ATMN,24.8,24.8,24.82,3414.0,1621400.0,2187100.0,2129.0,,,,6000.0,0,0,0,0,0,0,0,0,0,0,0,0,0,0,0,0,0,0,0,0,0,0,0,0,0,0,0,0,0,0,0,0,0,0,0,0,0,0,25,2026-02-06 00:42:32.019247
WNTR,24.95,24.91,24.93,4977.0,1530300.0,2387100.0,,,,8947.0,6000.0,0,0,0,0,0,0,0,0,0,0,0,0,0,0,0,0,0,0,0,0,0,0,0,0,0,0,0,0,0,0,0,0,0,0,0,0,0,0,25,2026-02-06 00:42:32.019247
SPNG,24.67,24.81,24.83,1945900.0,100.0,2187.0,1218600.0,4939.0,6000.0,,,0,0,0,0,0,0,0,0,0,0,0,0,0,0,0,0,0,0,0,0,0,0,0,0,0,0,0,0,0,0,0,0,0,0,0,0,0,0,26,2026-02-06 00:42:33.109885
SMMR,24.99,24.99,25.02,1397900.0,10100.0,8747.0,1945700.0,1000.0,6000.0,3724.0,3669.0,0,0,0,0,0,0,0,0,0,0,0,0,0,0,0,0,0,0,0,0,0,0,0,0,0,0,0,0,0,0,0,0,0,0,0,0,0,0,26,2026-02-06 00:42:33.109885
ATMN,24.79,24.78,24.79,1875300.0,,10677.0,1558000.0,4981.0,,2722.0,6000.0,0,0,0,0,0,0,0,0,0,0,0,0,0,0,0,0,0,0,0,0,0,0,0,0,0,0,0,0,0,0,0,0,0,0,0,0,0,0,26,2026-02-06 00:42:33.109885
WNTR,24.93,24.9,24.93,2050300.0,4437.0,8947.0,2169200.0,1000.0,,977.0,,0,0,0,0,0,0,0,0,0,0,0,0,0,0,0,0,0,0,0,0,0,0,0,0,0,0,0,0,0,0,0,0,0,0,0,0,0,0,26,2026-02-06 00:42:33.109885
SPNG,25.04,24.81,24.82,1531700.0,3867.0,1915000.0,6000.0,,,,0,0,0,0,0,0,0,0,0,0,0,0,0,0,0,0,0,0,0,0,0,0,0,0,0,0,0,0,0,0,0,0,0,0,0,0,0,0,0,27,2026-02-06 00:42:34.177992
SMMR,24.95,24.95,25.02,2081800.0,1551.0,1704300.0,,4971.0,,,0,0,0,0,0,0,0,0,0,0,0,0,0,0,0,0,0,0,0,0,0,0,0,0,0,0,0,0,0,0,0,0,0,0,0,0,0,0,0,27,2026-02-06 00:42:34.177992
ATMN,24.78,24.77,24.79,1878400.0,3363.0,1822300.0,,5000.0,,,0,0,0,0,0,0,0,0,0,0,0,0,0,0,0,0,0,0,0,0,0,0,0,0,0,0,0,0,0,0,0,0,0,0,0,0,0,0,0,27,2026-02-06 00:42:34.177992
WNTR,25.01,24.94,24.96,1634200.0,3977.0,1880200.0,,3886.0,10000.0,500.0,0,0,0,0,0,0,0,0,0,0,0,0,0,0,0,0,0,0,0,0,0,0,0,0,0,0,0,0,0,0,0,0,0,0,0,0,0,0,0,27,2026-02-06 00:42:34.177992
SPNG,25.18,24.78,25.18,2200.0,1755900.0,2006300.0,,,,,,0,0,0,0,0,0,0,0,0,0,0,0,0,0,0,0,0,0,0,0,0,0,0,0,0,0,0,0,0,0,0,0,0,0,0,0,0,0,28,2026-02-06 00:42:35.251988
SMMR,24.95,25.09,25.11,4968.0,1636600.0,1704300.0,3669.0,4793.0,,,,0,0,0,0,0,0,0,0,0,0,0,0,0,0,0,0,0,0,0,0,0,0,0,0,0,0,0,0,0,0,0,0,0,0,0,0,0,0,28,2026-02-06 00:42:35.251988
ATMN,24.78,24.76,24.79,3972.0,1504100.0,1805000.0,6000.0,5000.0,1545.0,,,0,0,0,0,0,0,0,0,0,0,0,0,0,0,0,0,0,0,0,0,0,0,0,0,0,0,0,0,0,0,0,0,0,0,0,0,0,0,28,2026-02-06 00:42:35.251988
WNTR,24.93,24.93,24.95,4895.0,1520200.0,1044800.0,5500.0,7791.0,8724.0,9287.0,6000.0,0,0,0,0,0,0,0,0,0,0,0,0,0,0,0,0,0,0,0,0,0,0,0,0,0,0,0,0,0,0,0,0,0,0,0,0,0,0,28,2026-02-06 00:42:35.251988
SPNG,25.12,24.78,24.9,4771.0,1543800.0,2071500.0,,,,,0,0,0,0,0,0,0,0,0,0,0,0,0,0,0,0,0,0,0,0,0,0,0,0,0,0,0,0,0,0,0,0,0,0,0,0,0,0,0,29,2026-02-06 00:42:36.323739
SMMR,24.98,25.06,25.09,,2118800.0,1819100.0,2483.0,3669.0,18529.0,2000.0,0,0,0,0,0,0,0,0,0,0,0,0,0,0,0,0,0,0,0,0,0,0,0,0,0,0,0,0,0,0,0,0,0,0,0,0,0,0,0,29,2026-02-06 00:42:36.323739
ATMN,24.79,24.79,24.82,,2205900.0,1923100.0,,6000.0,,4000.0,0,0,0,0,0,0,0,0,0,0,0,0,0,0,0,0,0,0,0,0,0,0,0,0,0,0,0,0,0,0,0,0,0,0,0,0,0,0,0,29,2026-02-06 00:42:36.323739
WNTR,25.09,24.95,24.99,5000.0,1522700.0,2143900.0,8724.0,5500.0,,1817.0,0,0,0,0,0,0,0,0,0,0,0,0,0,0,0,0,0,0,0,0,0,0,0,0,0,0,0,0,0,0,0,0,0,0,0,0,0,0,0,29,2026-02-06 00:42:36.323739
SPNG,24.67,24.68,24.93,5000.0,1543800.0,1988200.0,500.0,,,,,0,0,0,0,0,0,0,0,0,0,0,0,0,0,0,0,0,0,0,0,0,0,0,0,0,0,0,0,0,0,0,0,0,0,0,0,0,0,30,2026-02-06 00:42:37.390786
SMMR,24.99,24.99,25.0,4078.0,1543900.0,1857500.0,2831.0,6000.0,3000.0,,,0,0,0,0,0,0,0,0,0,0,0,0,0,0,0,0,0,0,0,0,0,0,0,0,0,0,0,0,0,0,0,0,0,0,0,0,0,0,30,2026-02-06 00:42:37.390786
ATMN,24.83,24.69,24.76,,2087100.0,2139900.0,,6000.0,2000.0,522.0,,0,0,0,0,0,0,0,0,0,0,0,0,0,0,0,0,0,0,0,0,0,0,0,0,0,0,0,0,0,0,0,0,0,0,0,0,0,0,30,2026-02-06 00:42:37.390786
WNTR,25.07,24.96,25.07,5000.0,1532100.0,1613400.0,,6000.0,3362.0,1278.0,9644.0,0,0,0,0,0,0,0,0,0,0,0,0,0,0,0,0,0,0,0,0,0,0,0,0,0,0,0,0,0,0,0,0,0,0,0,0,0,0,30,2026-02-06 00:42:37.390786
SPNG,25.33,24.84,24.92,6000.0,1350500.0,3960.0,4065.0,5940.0,664.0,1850600.0,0,0,0,0,0,0,0,0,0,0,0,0,0,0,0,0,0,0,0,0,0,0,0,0,0,0,0,0,0,0,0,0,0,0,0,0,0,0,0,31,2026-02-06 00:42:38.456441
SMMR,25.07,25.07,25.08,6000.0,1408300.0,3611.0,4667.0,,,2309900.0,0,0,0,0,0,0,0,0,0,0,0,0,0,0,0,0,0,0,0,0,0,0,0,0,0,0,0,0,0,0,0,0,0,0,0,0,0,0,0,31,2026-02-06 00:42:38.456441
ATMN,24.88,24.83,24.88,6000.0,1420400.0,8632.0,3262.0,,,2362700.0,0,0,0,0,0,0,0,0,0,0,0,0,0,0,0,0,0,0,0,0,0,0,0,0,0,0,0,0,0,0,0,0,0,0,0,0,0,0,0,31,2026-02-06 00:42:38.456441
WNTR,25.04,25.04,25.05,6000.0,1417900.0,9766.0,5000.0,9644.0,4114.0,1463900.0,0,0,0,0,0,0,0,0,0,0,0,0,0,0,0,0,0,0,0,0,0,0,0,0,0,0,0,0,0,0,0,0,0,0,0,0,0,0,0,31,2026-02-06 00:42:38.456441
SPNG,24.92,24.92,24.97,6000.0,1350500.0,3960.0,4065.0,1867200.0,664.0,6000.0,,0,0,0,0,0,0,0,0,0,0,0,0,0,0,0,0,0,0,0,0,0,0,0,0,0,0,0,0,0,0,0,0,0,0,0,0,0,0,32,2026-02-06 00:42:39.019425
SMMR,24.94,24.94,25.08,6000.0,2086800.0,,869.0,1947200.0,2269.0,,,0,0,0,0,0,0,0,0,0,0,0,0,0,0,0,0,0,0,0,0,0,0,0,0,0,0,0,0,0,0,0,0,0,0,0,0,0,0,32,2026-02-06 00:42:39.019425
ATMN,24.88,24.83,24.85,6000.0,1420400.0,8632.0,3713.0,2234500.0,1000.0,,,0,0,0,0,0,0,0,0,0,0,0,0,0,0,0,0,0,0,0,0,0,0,0,0,0,0,0,0,0,0,0,0,0,0,0,0,0,0,32,2026-02-06 00:42:39.019425
WNTR,24.88,24.88,25.05,,2290600.0,,,1463900.0,4114.0,,9644.0,0,0,0,0,0,0,0,0,0,0,0,0,0,0,0,0,0,0,0,0,0,0,0,0,0,0,0,0,0,0,0,0,0,0,0,0,0,0,32,2026-02-06 00:42:39.019425
SPNG,24.78,24.96,24.97,2000.0,1774200.0,3960.0,1782200.0,664.0,6000.0,732.0,,0,0,0,0,0,0,0,0,0,0,0,0,0,0,0,0,0,0,0,0,0,0,0,0,0,0,0,0,0,0,0,0,0,0,0,0,0,0,33,2026-02-06 00:42:40.104487
SMMR,24.94,25.02,25.05,869.0,2003300.0,8218.0,1846700.0,2269.0,,4109.0,6000.0,0,0,0,0,0,0,0,0,0,0,0,0,0,0,0,0,0,0,0,0,0,0,0,0,0,0,0,0,0,0,0,0,0,0,0,0,0,0,33,2026-02-06 00:42:40.104487
ATMN,24.98,24.84,24.98,3713.0,1283800.0,15691.0,2318000.0,,,,6000.0,0,0,0,0,0,0,0,0,0,0,0,0,0,0,0,0,0,0,0,0,0,0,0,0,0,0,0,0,0,0,0,0,0,0,0,0,0,0,33,2026-02-06 00:42:40.104487
WNTR,25.0,24.86,25.0,,2290000.0,,1373200.0,4347.0,,18050.0,,0,0,0,0,0,0,0,0,0,0,0,0,0,0,0,0,0,0,0,0,0,0,0,0,0,0,0,0,0,0,0,0,0,0,0,0,0,0,33,2026-02-06 00:42:40.104487
SPNG,24.56,24.79,24.87,5000.0,1950000.0,6000.0,1372500.0,4065.0,469.0,,,0,0,0,0,0,0,0,0,0,0,0,0,0,0,0,0,0,0,0,0,0,0,0,0,0,0,0,0,0,0,0,0,0,0,0,0,0,0,34,2026-02-06 00:42:41.217936
SMMR,25.06,25.03,25.06,6000.0,1549700.0,,1734800.0,4057.0,,100.0,4926.0,0,0,0,0,0,0,0,0,0,0,0,0,0,0,0,0,0,0,0,0,0,0,0,0,0,0,0,0,0,0,0,0,0,0,0,0,0,0,34,2026-02-06 00:42:41.217936
ATMN,24.82,24.73,24.76,6000.0,2080600.0,,1573700.0,4555.0,7972.0,7872.0,,0,0,0,0,0,0,0,0,0,0,0,0,0,0,0,0,0,0,0,0,0,0,0,0,0,0,0,0,0,0,0,0,0,0,0,0,0,0,34,2026-02-06 00:42:41.217936
WNTR,25.05,24.91,25.03,6000.0,1401000.0,,1946600.0,2146.0,,5962.0,4687.0,0,0,0,0,0,0,0,0,0,0,0,0,0,0,0,0,0,0,0,0,0,0,0,0,0,0,0,0,0,0,0,0,0,0,0,0,0,0,34,2026-02-06 00:42:41.217936
SPNG,25.08,24.82,24.91,10000.0,5000.0,6000.0,1219900.0,500.0,428.0,1393200.0,4601.0,0,0,0,0,0,0,0,0,0,0,0,0,0,0,0,0,0,0,0,0,0,0,0,0,0,0,0,0,0,0,0,0,0,0,0,0,0,0,35,2026-02-06 00:42:42.318577
SMMR,25.02,25.01,25.02,,3843.0,6000.0,1770800.0,,4036.0,1662900.0,4057.0,0,0,0,0,0,0,0,0,0,0,0,0,0,0,0,0,0,0,0,0,0,0,0,0,0,0,0,0,0,0,0,0,0,0,0,0,0,0,35,2026-02-06 00:42:42.318577
ATMN,24.62,24.81,24.84,10000.0,1396.0,,1978100.0,,100.0,2217300.0,,0,0,0,0,0,0,0,0,0,0,0,0,0,0,0,0,0,0,0,0,0,0,0,0,0,0,0,0,0,0,0,0,0,0,0,0,0,0,35,2026-02-06 00:42:42.318577
WNTR,25.03,24.94,24.97,14619.0,4687.0,6000.0,1265100.0,,4128.0,1265300.0,6808.0,0,0,0,0,0,0,0,0,0,0,0,0,0,0,0,0,0,0,0,0,0,0,0,0,0,0,0,0,0,0,0,0,0,0,0,0,0,0,35,2026-02-06 00:42:42.318577
SPNG,24.91,24.95,25.08,1709300.0,6000.0,2000.0,2106500.0,,,,0,0,0,0,0,0,0,0,0,0,0,0,0,0,0,0,0,0,0,0,0,0,0,0,0,0,0,0,0,0,0,0,0,0,0,0,0,0,0,36,2026-02-06 00:42:43.469170
SMMR,24.94,24.95,24.96,2125300.0,6000.0,,1665900.0,100.0,7885.0,4057.0,0,0,0,0,0,0,0,0,0,0,0,0,0,0,0,0,0,0,0,0,0,0,0,0,0,0,0,0,0,0,0,0,0,0,0,0,0,0,0,36,2026-02-06 00:42:43.469170
ATMN,24.73,24.7,24.73,2097600.0,,1396.0,2233200.0,,7706.0,,0,0,0,0,0,0,0,0,0,0,0,0,0,0,0,0,0,0,0,0,0,0,0,0,0,0,0,0,0,0,0,0,0,0,0,0,0,0,0,36,2026-02-06 00:42:43.469170
WNTR,24.91,24.91,24.94,1784100.0,,4499.0,1154800.0,,10000.0,8662.0,0,0,0,0,0,0,0,0,0,0,0,0,0,0,0,0,0,0,0,0,0,0,0,0,0,0,0,0,0,0,0,0,0,0,0,0,0,0,0,36,2026-02-06 00:42:43.469170
SPNG,24.9,24.88,24.9,5000.0,1510800.0,1479200.0,4601.0,473.0,,,0,0,0,0,0,0,0,0,0,0,0,0,0,0,0,0,0,0,0,0,0,0,0,0,0,0,0,0,0,0,0,0,0,0,0,0,0,0,0,37,2026-02-06 00:42:44.030071
SMMR,24.94,24.95,24.96,3953.0,1671700.0,2113500.0,1000.0,7885.0,100.0,,0,0,0,0,0,0,0,0,0,0,0,0,0,0,0,0,0,0,0,0,0,0,0,0,0,0,0,0,0,0,0,0,0,0,0,0,0,0,0,37,2026-02-06 00:42:44.030071
ATMN,24.79,24.89,24.94,1396.0,2090500.0,2205000.0,,7706.0,,,0,0,0,0,0,0,0,0,0,0,0,0,0,0,0,0,0,0,0,0,0,0,0,0,0,0,0,0,0,0,0,0,0,0,0,0,0,0,0,37,2026-02-06 00:42:44.030071
WNTR,24.91,24.91,24.99,4499.0,1757100.0,1154800.0,8662.0,,,1581.0,0,0,0,0,0,0,0,0,0,0,0,0,0,0,0,0,0,0,0,0,0,0,0,0,0,0,0,0,0,0,0,0,0,0,0,0,0,0,0,37,2026-02-06 00:42:44.030071
SPNG,25.02,24.88,25.02,5000.0,1510800.0,2102800.0,,,,,,0,0,0,0,0,0,0,0,0,0,0,0,0,0,0,0,0,0,0,0,0,0,0,0,0,0,0,0,0,0,0,0,0,0,0,0,0,0,38,2026-02-06 00:42:45.101556
SMMR,25.02,24.94,25.02,3720.0,1537800.0,2303500.0,7711.0,6000.0,,,,0,0,0,0,0,0,0,0,0,0,0,0,0,0,0,0,0,0,0,0,0,0,0,0,0,0,0,0,0,0,0,0,0,0,0,0,0,0,38,2026-02-06 00:42:45.101556
ATMN,24.78,24.72,24.76,,2324700.0,2191300.0,,,6000.0,,,0,0,0,0,0,0,0,0,0,0,0,0,0,0,0,0,0,0,0,0,0,0,0,0,0,0,0,0,0,0,0,0,0,0,0,0,0,0,38,2026-02-06 00:42:45.101556
WNTR,24.91,24.93,24.97,4499.0,1524700.0,1515600.0,7977.0,6000.0,1581.0,5982.0,4852.0,0,0,0,0,0,0,0,0,0,0,0,0,0,0,0,0,0,0,0,0,0,0,0,0,0,0,0,0,0,0,0,0,0,0,0,0,0,0,38,2026-02-06 00:42:45.101556
SPNG,24.72,24.72,24.88,2050300.0,1453200.0,3460.0,3680.0,,,,,0,0,0,0,0,0,0,0,0,0,0,0,0,0,0,0,0,0,0,0,0,0,0,0,0,0,0,0,0,0,0,0,0,0,0,0,0,0,39,2026-02-06 00:42:46.169838
SMMR,24.91,24.91,25.0,2099900.0,2188700.0,,7711.0,1461.0,,,,0,0,0,0,0,0,0,0,0,0,0,0,0,0,0,0,0,0,0,0,0,0,0,0,0,0,0,0,0,0,0,0,0,0,0,0,0,0,39,2026-02-06 00:42:46.169838
ATMN,24.72,24.71,24.72,1726300.0,2299500.0,,,3383.0,,,,0,0,0,0,0,0,0,0,0,0,0,0,0,0,0,0,0,0,0,0,0,0,0,0,0,0,0,0,0,0,0,0,0,0,0,0,0,0,39,2026-02-06 00:42:46.169838
WNTR,24.91,24.94,24.95,1363500.0,1260700.0,4852.0,11872.0,4588.0,14128.0,6000.0,6000.0,0,0,0,0,0,0,0,0,0,0,0,0,0,0,0,0,0,0,0,0,0,0,0,0,0,0,0,0,0,0,0,0,0,0,0,0,0,0,39,2026-02-06 00:42:46.169838
SPNG,24.88,24.73,24.88,100.0,1938000.0,1563700.0,3460.0,,,,0,0,0,0,0,0,0,0,0,0,0,0,0,0,0,0,0,0,0,0,0,0,0,0,0,0,0,0,0,0,0,0,0,0,0,0,0,0,0,40,2026-02-06 00:42:47.268650
SMMR,24.91,24.95,24.97,1065.0,1796500.0,1662900.0,4048.0,3461.0,10000.0,,0,0,0,0,0,0,0,0,0,0,0,0,0,0,0,0,0,0,0,0,0,0,0,0,0,0,0,0,0,0,0,0,0,0,0,0,0,0,0,40,2026-02-06 00:42:47.268650
ATMN,24.82,24.71,24.79,5586.0,2215900.0,1641700.0,4025.0,,,6000.0,0,0,0,0,0,0,0,0,0,0,0,0,0,0,0,0,0,0,0,0,0,0,0,0,0,0,0,0,0,0,0,0,0,0,0,0,0,0,0,40,2026-02-06 00:42:47.268650
WNTR,24.85,24.83,24.85,,2262100.0,1598700.0,4852.0,,,6000.0,0,0,0,0,0,0,0,0,0,0,0,0,0,0,0,0,0,0,0,0,0,0,0,0,0,0,0,0,0,0,0,0,0,0,0,0,0,0,0,40,2026-02-06 00:42:47.268650
SPNG,24.91,24.83,24.87,6000.0,5000.0,1897.0,1214300.0,100.0,4171.0,1379600.0,6000.0,0,0,0,0,0,0,0,0,0,0,0,0,0,0,0,0,0,0,0,0,0,0,0,0,0,0,0,0,0,0,0,0,0,0,0,0,0,0,41,2026-02-06 00:42:48.353041
SMMR,25.02,25.05,25.11,,4451.0,12027.0,1446900.0,,,2290300.0,,0,0,0,0,0,0,0,0,0,0,0,0,0,0,0,0,0,0,0,0,0,0,0,0,0,0,0,0,0,0,0,0,0,0,0,0,0,0,41,2026-02-06 00:42:48.353041
ATMN,24.91,24.91,25.01,,4514.0,13711.0,1493900.0,,,2297800.0,,0,0,0,0,0,0,0,0,0,0,0,0,0,0,0,0,0,0,0,0,0,0,0,0,0,0,0,0,0,0,0,0,0,0,0,0,0,0,41,2026-02-06 00:42:48.353041
WNTR,24.95,24.83,24.95,,,,2270300.0,,3852.0,1757700.0,6000.0,0,0,0,0,0,0,0,0,0,0,0,0,0,0,0,0,0,0,0,0,0,0,0,0,0,0,0,0,0,0,0,0,0,0,0,0,0,0,41,2026-02-06 00:42:48.353041
SPNG,24.91,24.93,25.13,5000.0,1517000.0,1769700.0,2373.0,,,0,0,0,0,0,0,0,0,0,0,0,0,0,0,0,0,0,0,0,0,0,0,0,0,0,0,0,0,0,0,0,0,0,0,0,0,0,0,0,0,42,2026-02-06 00:42:49.431673
SMMR,24.91,25.1,25.11,1461.0,2021800.0,2187800.0,,7347.0,7347.0,0,0,0,0,0,0,0,0,0,0,0,0,0,0,0,0,0,0,0,0,0,0,0,0,0,0,0,0,0,0,0,0,0,0,0,0,0,0,0,0,42,2026-02-06 00:42:49.431673
ATMN,24.92,24.91,24.92,4514.0,1693700.0,2299200.0,,,,0,0,0,0,0,0,0,0,0,0,0,0,0,0,0,0,0,0,0,0,0,0,0,0,0,0,0,0,0,0,0,0,0,0,0,0,0,0,0,0,42,2026-02-06 00:42:49.431673
WNTR,24.97,24.83,24.84,3310.0,1624700.0,2057100.0,1000.0,1878.0,7514.0,0,0,0,0,0,0,0,0,0,0,0,0,0,0,0,0,0,0,0,0,0,0,0,0,0,0,0,0,0,0,0,0,0,0,0,0,0,0,0,0,42,2026-02-06 00:42:49.431673
SPNG,24.88,24.72,24.79,2024600.0,1394200.0,3638.0,7013.0,3764.0,,,,0,0,0,0,0,0,0,0,0,0,0,0,0,0,0,0,0,0,0,0,0,0,0,0,0,0,0,0,0,0,0,0,0,0,0,0,0,0,43,2026-02-06 00:42:50.184434
SMMR,24.94,24.91,24.94,2363600.0,1492500.0,6000.0,7347.0,4111.0,,,,0,0,0,0,0,0,0,0,0,0,0,0,0,0,0,0,0,0,0,0,0,0,0,0,0,0,0,0,0,0,0,0,0,0,0,0,0,0,43,2026-02-06 00:42:50.184434
ATMN,24.87,24.87,24.92,2175800.0,2202800.0,,736.0,,6000.0,,,0,0,0,0,0,0,0,0,0,0,0,0,0,0,0,0,0,0,0,0,0,0,0,0,0,0,0,0,0,0,0,0,0,0,0,0,0,0,43,2026-02-06 00:42:50.184434
WNTR,24.84,24.94,24.96,1481400.0,1953300.0,6000.0,7418.0,1000.0,,9296.0,3310.0,0,0,0,0,0,0,0,0,0,0,0,0,0,0,0,0,0,0,0,0,0,0,0,0,0,0,0,0,0,0,0,0,0,0,0,0,0,0,43,2026-02-06 00:42:50.184434
SPNG,24.79,24.85,24.91,1517500.0,4967.0,538.0,7113.0,1788300.0,,,,0,0,0,0,0,0,0,0,0,0,0,0,0,0,0,0,0,0,0,0,0,0,0,0,0,0,0,0,0,0,0,0,0,0,0,0,0,0,44,2026-02-06 00:42:51.298659
SMMR,24.85,24.85,24.94,2304500.0,,6000.0,7347.0,1507600.0,4111.0,,,0,0,0,0,0,0,0,0,0,0,0,0,0,0,0,0,0,0,0,0,0,0,0,0,0,0,0,0,0,0,0,0,0,0,0,0,0,0,44,2026-02-06 00:42:51.298659
ATMN,24.93,24.9,24.93,2040400.0,,,1471.0,1516300.0,4305.0,10000.0,6000.0,0,0,0,0,0,0,0,0,0,0,0,0,0,0,0,0,0,0,0,0,0,0,0,0,0,0,0,0,0,0,0,0,0,0,0,0,0,0,44,2026-02-06 00:42:51.298659
WNTR,25.01,24.84,25.01,1519200.0,3174.0,,,2251200.0,,8393.0,,0,0,0,0,0,0,0,0,0,0,0,0,0,0,0,0,0,0,0,0,0,0,0,0,0,0,0,0,0,0,0,0,0,0,0,0,0,0,44,2026-02-06 00:42:51.298659
SPNG,25.02,25.02,25.04,1425000.0,5962.0,4967.0,2101300.0,,,,,0,0,0,0,0,0,0,0,0,0,0,0,0,0,0,0,0,0,0,0,0,0,0,0,0,0,0,0,0,0,0,0,0,0,0,0,0,0,45,2026-02-06 00:42:52.383754
SMMR,25.11,24.93,24.94,1644000.0,,4676.0,1724600.0,7061.0,4992.0,,,0,0,0,0,0,0,0,0,0,0,0,0,0,0,0,0,0,0,0,0,0,0,0,0,0,0,0,0,0,0,0,0,0,0,0,0,0,0,45,2026-02-06 00:42:52.383754
ATMN,24.98,24.98,25.02,2176000.0,6000.0,,1745000.0,,4305.0,,,0,0,0,0,0,0,0,0,0,0,0,0,0,0,0,0,0,0,0,0,0,0,0,0,0,0,0,0,0,0,0,0,0,0,0,0,0,0,45,2026-02-06 00:42:52.383754
WNTR,24.88,24.83,24.88,1733500.0,,3174.0,2042200.0,,,934.0,6000.0,0,0,0,0,0,0,0,0,0,0,0,0,0,0,0,0,0,0,0,0,0,0,0,0,0,0,0,0,0,0,0,0,0,0,0,0,0,0,45,2026-02-06 00:42:52.383754
SPNG,24.72,24.72,25.13,1919500.0,967.0,2083800.0,,,,,,0,0,0,0,0,0,0,0,0,0,0,0,0,0,0,0,0,0,0,0,0,0,0,0,0,0,0,0,0,0,0,0,0,0,0,0,0,0,46,2026-02-06 00:42:53.466125
SMMR,25.14,24.96,25.12,1384200.0,4676.0,2170900.0,9986.0,6000.0,6963.0,,,0,0,0,0,0,0,0,0,0,0,0,0,0,0,0,0,0,0,0,0,0,0,0,0,0,0,0,0,0,0,0,0,0,0,0,0,0,0,46,2026-02-06 00:42:53.466125
ATMN,24.94,24.94,24.95,2325100.0,,2091600.0,,,,1987.0,,0,0,0,0,0,0,0,0,0,0,0,0,0,0,0,0,0,0,0,0,0,0,0,0,0,0,0,0,0,0,0,0,0,0,0,0,0,0,46,2026-02-06 00:42:53.466125
WNTR,24.88,24.83,24.85,1619700.0,3897.0,1352500.0,4401.0,,8781.0,5000.0,6000.0,0,0,0,0,0,0,0,0,0,0,0,0,0,0,0,0,0,0,0,0,0,0,0,0,0,0,0,0,0,0,0,0,0,0,0,0,0,0,46,2026-02-06 00:42:53.466125
SPNG,24.54,24.84,24.9,1888500.0,100.0,1551300.0,4037.0,,,,,0,0,0,0,0,0,0,0,0,0,0,0,0,0,0,0,0,0,0,0,0,0,0,0,0,0,0,0,0,0,0,0,0,0,0,0,0,0,47,2026-02-06 00:42:54.530093
SMMR,25.14,24.99,25.02,1514000.0,3308.0,1472300.0,4338.0,4932.0,6000.0,7911.0,4500.0,0,0,0,0,0,0,0,0,0,0,0,0,0,0,0,0,0,0,0,0,0,0,0,0,0,0,0,0,0,0,0,0,0,0,0,0,0,0,47,2026-02-06 00:42:54.530093
ATMN,25.05,24.81,25.05,1719700.0,,1995900.0,2000.0,4108.0,,288.0,,0,0,0,0,0,0,0,0,0,0,0,0,0,0,0,0,0,0,0,0,0,0,0,0,0,0,0,0,0,0,0,0,0,0,0,0,0,0,47,2026-02-06 00:42:54.530093
WNTR,24.96,24.96,24.97,1621600.0,11422.0,1705700.0,4000.0,3225.0,,,6000.0,0,0,0,0,0,0,0,0,0,0,0,0,0,0,0,0,0,0,0,0,0,0,0,0,0,0,0,0,0,0,0,0,0,0,0,0,0,0,47,2026-02-06 00:42:54.530093
SPNG,24.83,24.83,24.92,3372.0,1499300.0,100.0,1543600.0,4545.0,,,,0,0,0,0,0,0,0,0,0,0,0,0,0,0,0,0,0,0,0,0,0,0,0,0,0,0,0,0,0,0,0,0,0,0,0,0,0,0,48,2026-02-06 00:42:55.095814
SMMR,24.98,24.98,25.02,4932.0,1514000.0,3308.0,1592700.0,3557.0,6000.0,7911.0,5000.0,0,0,0,0,0,0,0,0,0,0,0,0,0,0,0,0,0,0,0,0,0,0,0,0,0,0,0,0,0,0,0,0,0,0,0,0,0,0,48,2026-02-06 00:42:55.095814
ATMN,24.71,24.88,24.93,4108.0,1629000.0,,1882400.0,2000.0,6000.0,288.0,3605.0,0,0,0,0,0,0,0,0,0,0,0,0,0,0,0,0,0,0,0,0,0,0,0,0,0,0,0,0,0,0,0,0,0,0,0,0,0,0,48,2026-02-06 00:42:55.095814
WNTR,24.88,24.88,24.97,3225.0,1582200.0,11422.0,1705700.0,4000.0,,,6000.0,0,0,0,0,0,0,0,0,0,0,0,0,0,0,0,0,0,0,0,0,0,0,0,0,0,0,0,0,0,0,0,0,0,0,0,0,0,0,48,2026-02-06 00:42:55.095814
SPNG,24.83,24.87,24.88,7500.0,3372.0,3538.0,1401200.0,6000.0,1364600.0,229.0,4545.0,0,0,0,0,0,0,0,0,0,0,0,0,0,0,0,0,0,0,0,0,0,0,0,0,0,0,0,0,0,0,0,0,0,0,0,0,0,0,49,2026-02-06 00:42:56.167194
SMMR,25.14,25.05,25.14,1516.0,5000.0,6000.0,1521900.0,,2264700.0,,,0,0,0,0,0,0,0,0,0,0,0,0,0,0,0,0,0,0,0,0,0,0,0,0,0,0,0,0,0,0,0,0,0,0,0,0,0,0,49,2026-02-06 00:42:56.167194
ATMN,24.71,24.88,24.9,2254.0,4089.0,2895.0,1527300.0,6000.0,1436800.0,6057.0,4974.0,0,0,0,0,0,0,0,0,0,0,0,0,0,0,0,0,0,0,0,0,0,0,0,0,0,0,0,0,0,0,0,0,0,0,0,0,0,0,49,2026-02-06 00:42:56.167194
WNTR,24.94,24.82,24.94,,,,2288600.0,6000.0,1683700.0,5351.0,3000.0,0,0,0,0,0,0,0,0,0,0,0,0,0,0,0,0,0,0,0,0,0,0,0,0,0,0,0,0,0,0,0,0,0,0,0,0,0,0,49,2026-02-06 00:42:56.167194
SPNG,24.89,24.89,24.9,12500.0,4148.0,6000.0,1213300.0,2000.0,2962.0,1571400.0,421.0,0,0,0,0,0,0,0,0,0,0,0,0,0,0,0,0,0,0,0,0,0,0,0,0,0,0,0,0,0,0,0,0,0,0,0,0,0,0,50,2026-02-06 00:42:57.249807
SMMR,25.05,25.08,25.1,1516.0,5000.0,6000.0,1521900.0,,,2155900.0,6664.0,0,0,0,0,0,0,0,0,0,0,0,0,0,0,0,0,0,0,0,0,0,0,0,0,0,0,0,0,0,0,0,0,0,0,0,0,0,0,50,2026-02-06 00:42:57.249807
ATMN,24.9,24.83,24.89,4294.0,4089.0,,1527300.0,4974.0,6000.0,1592500.0,,0,0,0,0,0,0,0,0,0,0,0,0,0,0,0,0,0,0,0,0,0,0,0,0,0,0,0,0,0,0,0,0,0,0,0,0,0,0,50,2026-02-06 00:42:57.249807
WNTR,24.82,24.82,24.92,,,,2288600.0,4876.0,6000.0,1299300.0,12167.0,0,0,0,0,0,0,0,0,0,0,0,0,0,0,0,0,0,0,0,0,0,0,0,0,0,0,0,0,0,0,0,0,0,0,0,0,0,0,50,2026-02-06 00:42:57.249807
SPNG,24.84,24.84,25.19,6000.0,3372.0,1514500.0,2085500.0,,,,,0,0,0,0,0,0,0,0,0,0,0,0,0,0,0,0,0,0,0,0,0,0,0,0,0,0,0,0,0,0,0,0,0,0,0,0,0,0,51,2026-02-06 00:42:58.308190
SMMR,24.96,24.98,25.09,6000.0,,2098200.0,1497100.0,1516.0,13821.0,3356.0,,0,0,0,0,0,0,0,0,0,0,0,0,0,0,0,0,0,0,0,0,0,0,0,0,0,0,0,0,0,0,0,0,0,0,0,0,0,0,51,2026-02-06 00:42:58.308190
ATMN,24.88,24.88,24.89,,4690.0,1531600.0,1592500.0,5246.0,,5000.0,6000.0,0,0,0,0,0,0,0,0,0,0,0,0,0,0,0,0,0,0,0,0,0,0,0,0,0,0,0,0,0,0,0,0,0,0,0,0,0,0,51,2026-02-06 00:42:58.308190
WNTR,24.86,24.83,24.84,,4000.0,1696600.0,1179200.0,1780.0,20669.0,4876.0,6000.0,0,0,0,0,0,0,0,0,0,0,0,0,0,0,0,0,0,0,0,0,0,0,0,0,0,0,0,0,0,0,0,0,0,0,0,0,0,0,51,2026-02-06 00:42:58.308190
SPNG,24.82,24.54,24.55,2029300.0,1871800.0,5739.0,100.0,,0,0,0,0,0,0,0,0,0,0,0,0,0,0,0,0,0,0,0,0,0,0,0,0,0,0,0,0,0,0,0,0,0,0,0,0,0,0,0,0,0,52,2026-02-06 00:42:59.364680
SMMR,24.91,24.91,25.1,2299100.0,2249800.0,,,,0,0,0,0,0,0,0,0,0,0,0,0,0,0,0,0,0,0,0,0,0,0,0,0,0,0,0,0,0,0,0,0,0,0,0,0,0,0,0,0,0,52,2026-02-06 00:42:59.364680
ATMN,24.72,24.83,24.85,2315800.0,2157300.0,6000.0,5994.0,,0,0,0,0,0,0,0,0,0,0,0,0,0,0,0,0,0,0,0,0,0,0,0,0,0,0,0,0,0,0,0,0,0,0,0,0,0,0,0,0,0,52,2026-02-06 00:42:59.364680
WNTR,24.83,24.82,24.84,2179400.0,2136200.0,6000.0,,846.0,0,0,0,0,0,0,0,0,0,0,0,0,0,0,0,0,0,0,0,0,0,0,0,0,0,0,0,0,0,0,0,0,0,0,0,0,0,0,0,0,0,52,2026-02-06 00:42:59.364680
SPNG,24.95,24.54,24.95,2029300.0,2077400.0,,0,0,0,0,0,0,0,0,0,0,0,0,0,0,0,0,0,0,0,0,0,0,0,0,0,0,0,0,0,0,0,0,0,0,0,0,0,0,0,0,0,0,0,53,2026-02-06 00:43:00.502017
SMMR,24.94,24.91,24.93,2299100.0,2297600.0,,0,0,0,0,0,0,0,0,0,0,0,0,0,0,0,0,0,0,0,0,0,0,0,0,0,0,0,0,0,0,0,0,0,0,0,0,0,0,0,0,0,0,0,53,2026-02-06 00:43:00.502017
ATMN,24.85,24.83,24.85,2325900.0,2284500.0,6000.0,0,0,0,0,0,0,0,0,0,0,0,0,0,0,0,0,0,0,0,0,0,0,0,0,0,0,0,0,0,0,0,0,0,0,0,0,0,0,0,0,0,0,0,53,2026-02-06 00:43:00.502017
WNTR,24.81,24.81,24.89,2273800.0,2134400.0,6000.0,0,0,0,0,0,0,0,0,0,0,0,0,0,0,0,0,0,0,0,0,0,0,0,0,0,0,0,0,0,0,0,0,0,0,0,0,0,0,0,0,0,0,0,53,2026-02-06 00:43:00.502017
SPNG,24.82,24.82,24.86,6000.0,1914700.0,6000.0,2002900.0,0,0,0,0,0,0,0,0,0,0,0,0,0,0,0,0,0,0,0,0,0,0,0,0,0,0,0,0,0,0,0,0,0,0,0,0,0,0,0,0,0,0,54,2026-02-06 00:43:01.562897
SMMR,24.92,24.92,24.93,,2296100.0,6000.0,2167300.0,0,0,0,0,0,0,0,0,0,0,0,0,0,0,0,0,0,0,0,0,0,0,0,0,0,0,0,0,0,0,0,0,0,0,0,0,0,0,0,0,0,0,54,2026-02-06 00:43:01.562897
ATMN,24.71,24.71,24.78,,2287100.0,6000.0,2300500.0,0,0,0,0,0,0,0,0,0,0,0,0,0,0,0,0,0,0,0,0,0,0,0,0,0,0,0,0,0,0,0,0,0,0,0,0,0,0,0,0,0,0,54,2026-02-06 00:43:01.562897
WNTR,24.8,24.8,24.89,,2273900.0,6000.0,2103500.0,0,0,0,0,0,0,0,0,0,0,0,0,0,0,0,0,0,0,0,0,0,0,0,0,0,0,0,0,0,0,0,0,0,0,0,0,0,0,0,0,0,0,54,2026-02-06 00:43:01.562897
SPNG,25.24,25.24,25.3,1911900.0,2594.0,2113800.0,,0,0,0,0,0,0,0,0,0,0,0,0,0,0,0,0,0,0,0,0,0,0,0,0,0,0,0,0,0,0,0,0,0,0,0,0,0,0,0,0,0,0,55,2026-02-06 00:43:02.162053
SMMR,24.85,24.85,25.08,2290100.0,,2291900.0,,0,0,0,0,0,0,0,0,0,0,0,0,0,0,0,0,0,0,0,0,0,0,0,0,0,0,0,0,0,0,0,0,0,0,0,0,0,0,0,0,0,0,55,2026-02-06 00:43:02.162053
ATMN,24.89,24.71,24.89,2306000.0,,2260300.0,6000.0,0,0,0,0,0,0,0,0,0,0,0,0,0,0,0,0,0,0,0,0,0,0,0,0,0,0,0,0,0,0,0,0,0,0,0,0,0,0,0,0,0,0,55,2026-02-06 00:43:02.162053
WNTR,24.9,24.91,24.93,2282000.0,,2217800.0,,0,0,0,0,0,0,0,0,0,0,0,0,0,0,0,0,0,0,0,0,0,0,0,0,0,0,0,0,0,0,0,0,0,0,0,0,0,0,0,0,0,0,55,2026-02-06 00:43:02.162053
SPNG,25.3,25.06,25.3,2039100.0,2113800.0,0,0,0,0,0,0,0,0,0,0,0,0,0,0,0,0,0,0,0,0,0,0,0,0,0,0,0,0,0,0,0,0,0,0,0,0,0,0,0,0,0,0,0,0,56,2026-02-06 00:43:03.324547
SMMR,24.97,24.97,25.08,2290100.0,2292700.0,0,0,0,0,0,0,0,0,0,0,0,0,0,0,0,0,0,0,0,0,0,0,0,0,0,0,0,0,0,0,0,0,0,0,0,0,0,0,0,0,0,0,0,0,56,2026-02-06 00:43:03.324547
ATMN,24.96,24.71,24.96,2306000.0,2367600.0,0,0,0,0,0,0,0,0,0,0,0,0,0,0,0,0,0,0,0,0,0,0,0,0,0,0,0,0,0,0,0,0,0,0,0,0,0,0,0,0,0,0,0,0,56,2026-02-06 00:43:03.324547
WNTR,24.93,24.89,24.93,2262200.0,2237500.0,0,0,0,0,0,0,0,0,0,0,0,0,0,0,0,0,0,0,0,0,0,0,0,0,0,0,0,0,0,0,0,0,0,0,0,0,0,0,0,0,0,0,0,0,56,2026-02-06 00:43:03.324547
SPNG,25.06,24.54,25.01,2043300.0,2154100.0,0,0,0,0,0,0,0,0,0,0,0,0,0,0,0,0,0,0,0,0,0,0,0,0,0,0,0,0,0,0,0,0,0,0,0,0,0,0,0,0,0,0,0,0,57,2026-02-06 00:43:04.414715
SMMR,24.95,24.91,24.95,2302900.0,2287500.0,0,0,0,0,0,0,0,0,0,0,0,0,0,0,0,0,0,0,0,0,0,0,0,0,0,0,0,0,0,0,0,0,0,0,0,0,0,0,0,0,0,0,0,0,57,2026-02-06 00:43:04.414715
ATMN,24.96,24.74,24.85,2323700.0,2373700.0,0,0,0,0,0,0,0,0,0,0,0,0,0,0,0,0,0,0,0,0,0,0,0,0,0,0,0,0,0,0,0,0,0,0,0,0,0,0,0,0,0,0,0,0,57,2026-02-06 00:43:04.414715
WNTR,24.95,24.89,24.95,2262200.0,2277200.0,0,0,0,0,0,0,0,0,0,0,0,0,0,0,0,0,0,0,0,0,0,0,0,0,0,0,0,0,0,0,0,0,0,0,0,0,0,0,0,0,0,0,0,0,57,2026-02-06 00:43:04.414715
SPNG,24.52,24.52,25.01,2092400.0,2154000.0,0,0,0,0,0,0,0,0,0,0,0,0,0,0,0,0,0,0,0,0,0,0,0,0,0,0,0,0,0,0,0,0,0,0,0,0,0,0,0,0,0,0,0,0,58,2026-02-06 00:43:05.489282
SMMR,25.13,25.03,25.13,2325200.0,2308900.0,0,0,0,0,0,0,0,0,0,0,0,0,0,0,0,0,0,0,0,0,0,0,0,0,0,0,0,0,0,0,0,0,0,0,0,0,0,0,0,0,0,0,0,0,58,2026-02-06 00:43:05.489282
ATMN,25.07,24.78,25.07,2320700.0,2340100.0,0,0,0,0,0,0,0,0,0,0,0,0,0,0,0,0,0,0,0,0,0,0,0,0,0,0,0,0,0,0,0,0,0,0,0,0,0,0,0,0,0,0,0,0,58,2026-02-06 00:43:05.489282
WNTR,24.89,24.89,24.95,2262200.0,2271900.0,0,0,0,0,0,0,0,0,0,0,0,0,0,0,0,0,0,0,0,0,0,0,0,0,0,0,0,0,0,0,0,0,0,0,0,0,0,0,0,0,0,0,0,0,58,2026-02-06 00:43:05.489282
SPNG,25.15,24.75,24.86,2062700.0,2133000.0,0,0,0,0,0,0,0,0,0,0,0,0,0,0,0,0,0,0,0,0,0,0,0,0,0,0,0,0,0,0,0,0,0,0,0,0,0,0,0,0,0,0,0,0,59,2026-02-06 00:43:06.556325
SMMR,25.03,24.91,24.93,2338600.0,2293200.0,0,0,0,0,0,0,0,0,0,0,0,0,0,0,0,0,0,0,0,0,0,0,0,0,0,0,0,0,0,0,0,0,0,0,0,0,0,0,0,0,0,0,0,0,59,2026-02-06 00:43:06.556325
ATMN,25.08,24.78,25.08,2320700.0,2339400.0,0,0,0,0,0,0,0,0,0,0,0,0,0,0,0,0,0,0,0,0,0,0,0,0,0,0,0,0,0,0,0,0,0,0,0,0,0,0,0,0,0,0,0,0,59,2026-02-06 00:43:06.556325
WNTR,24.95,24.82,24.83,2290400.0,2259400.0,0,0,0,0,0,0,0,0,0,0,0,0,0,0,0,0,0,0,0,0,0,0,0,0,0,0,0,0,0,0,0,0,0,0,0,0,0,0,0,0,0,0,0,0,59,2026-02-06 00:43:06.556325
SPNG,24.86,25.4,25.67,995500.0,662500.0,,,0,0,0,0,0,0,0,0,0,0,0,0,0,0,0,0,0,0,0,0,0,0,0,0,0,0,0,0,0,0,0,0,0,0,0,0,0,0,0,0,0,0,60,2026-02-06 00:43:07.626244
SMMR,26.27,25.55,25.76,924500.0,839300.0,5000.0,992.0,0,0,0,0,0,0,0,0,0,0,0,0,0,0,0,0,0,0,0,0,0,0,0,0,0,0,0,0,0,0,0,0,0,0,0,0,0,0,0,0,0,0,60,2026-02-06 00:43:07.626244
ATMN,25.11,24.75,24.89,841500.0,987500.0,,,0,0,0,0,0,0,0,0,0,0,0,0,0,0,0,0,0,0,0,0,0,0,0,0,0,0,0,0,0,0,0,0,0,0,0,0,0,0,0,0,0,0,60,2026-02-06 00:43:07.626244
WNTR,25.69,25.3,25.45,692400.0,747400.0,,,0,0,0,0,0,0,0,0,0,0,0,0,0,0,0,0,0,0,0,0,0,0,0,0,0,0,0,0,0,0,0,0,0,0,0,0,0,0,0,0,0,0,60,2026-02-06 00:43:07.626244
SPNG,25.4,25.4,25.67,1002500.0,751400.0,,,,,0,0,0,0,0,0,0,0,0,0,0,0,0,0,0,0,0,0,0,0,0,0,0,0,0,0,0,0,0,0,0,0,0,0,0,0,0,0,0,0,61,2026-02-06 00:43:08.188461
SMMR,26.27,25.71,25.76,1149100.0,839300.0,5000.0,4487.0,,,0,0,0,0,0,0,0,0,0,0,0,0,0,0,0,0,0,0,0,0,0,0,0,0,0,0,0,0,0,0,0,0,0,0,0,0,0,0,0,0,61,2026-02-06 00:43:08.188461
ATMN,24.63,24.63,24.79,881700.0,1080000.0,,5000.0,,,0,0,0,0,0,0,0,0,0,0,0,0,0,0,0,0,0,0,0,0,0,0,0,0,0,0,0,0,0,0,0,0,0,0,0,0,0,0,0,0,61,2026-02-06 00:43:08.188461
WNTR,25.57,25.38,25.57,1056500.0,869700.0,,,10000.0,10000.0,0,0,0,0,0,0,0,0,0,0,0,0,0,0,0,0,0,0,0,0,0,0,0,0,0,0,0,0,0,0,0,0,0,0,0,0,0,0,0,0,61,2026-02-06 00:43:08.188461
SPNG,25.67,24.74,25.67,1073200.0,852900.0,4953.0,,,0,0,0,0,0,0,0,0,0,0,0,0,0,0,0,0,0,0,0,0,0,0,0,0,0,0,0,0,0,0,0,0,0,0,0,0,0,0,0,0,0,62,2026-02-06 00:43:09.358033
SMMR,25.76,25.71,25.76,1422000.0,839300.0,4487.0,5000.0,,0,0,0,0,0,0,0,0,0,0,0,0,0,0,0,0,0,0,0,0,0,0,0,0,0,0,0,0,0,0,0,0,0,0,0,0,0,0,0,0,0,62,2026-02-06 00:43:09.358033
ATMN,24.79,24.81,24.82,1113300.0,1177200.0,3000.0,,9555.0,0,0,0,0,0,0,0,0,0,0,0,0,0,0,0,0,0,0,0,0,0,0,0,0,0,0,0,0,0,0,0,0,0,0,0,0,0,0,0,0,0,62,2026-02-06 00:43:09.358033
WNTR,25.64,25.6,25.64,1365500.0,883100.0,,,10000.0,0,0,0,0,0,0,0,0,0,0,0,0,0,0,0,0,0,0,0,0,0,0,0,0,0,0,0,0,0,0,0,0,0,0,0,0,0,0,0,0,0,62,2026-02-06 00:43:09.358033
SPNG,24.74,25.51,25.67,1159300.0,2414.0,852900.0,4953.0,,0,0,0,0,0,0,0,0,0,0,0,0,0,0,0,0,0,0,0,0,0,0,0,0,0,0,0,0,0,0,0,0,0,0,0,0,0,0,0,0,0,63,2026-02-06 00:43:10.434823
SMMR,26.56,26.28,26.33,1550600.0,5000.0,920400.0,,,0,0,0,0,0,0,0,0,0,0,0,0,0,0,0,0,0,0,0,0,0,0,0,0,0,0,0,0,0,0,0,0,0,0,0,0,0,0,0,0,0,63,2026-02-06 00:43:10.434823
ATMN,24.63,24.63,24.82,981900.0,2896.0,1373000.0,,,0,0,0,0,0,0,0,0,0,0,0,0,0,0,0,0,0,0,0,0,0,0,0,0,0,0,0,0,0,0,0,0,0,0,0,0,0,0,0,0,0,63,2026-02-06 00:43:10.434823
WNTR,25.6,25.53,25.61,1257100.0,4484.0,1117300.0,1000.0,10000.0,0,0,0,0,0,0,0,0,0,0,0,0,0,0,0,0,0,0,0,0,0,0,0,0,0,0,0,0,0,0,0,0,0,0,0,0,0,0,0,0,0,63,2026-02-06 00:43:10.434823
SPNG,25.51,25.51,25.6,1159300.0,100.0,3829.0,100.0,1183100.0,4953.0,0,0,0,0,0,0,0,0,0,0,0,0,0,0,0,0,0,0,0,0,0,0,0,0,0,0,0,0,0,0,0,0,0,0,0,0,0,0,0,0,64,2026-02-06 00:43:11.499126
SMMR,26.74,26.3,26.74,1550600.0,8310.0,5000.0,643.0,800000.0,,0,0,0,0,0,0,0,0,0,0,0,0,0,0,0,0,0,0,0,0,0,0,0,0,0,0,0,0,0,0,0,0,0,0,0,0,0,0,0,0,64,2026-02-06 00:43:11.499126
ATMN,24.89,24.57,24.89,890600.0,,,,1376800.0,,0,0,0,0,0,0,0,0,0,0,0,0,0,0,0,0,0,0,0,0,0,0,0,0,0,0,0,0,0,0,0,0,0,0,0,0,0,0,0,0,64,2026-02-06 00:43:11.499126
WNTR,25.64,25.62,25.64,1605000.0,10000.0,3677.0,3000.0,985300.0,,0,0,0,0,0,0,0,0,0,0,0,0,0,0,0,0,0,0,0,0,0,0,0,0,0,0,0,0,0,0,0,0,0,0,0,0,0,0,0,0,64,2026-02-06 00:43:11.499126
SPNG,25.48,24.81,25.48,100.0,1073200.0,1439900.0,100.0,,,0,0,0,0,0,0,0,0,0,0,0,0,0,0,0,0,0,0,0,0,0,0,0,0,0,0,0,0,0,0,0,0,0,0,0,0,0,0,0,0,65,2026-02-06 00:43:12.574509
SMMR,26.28,26.28,26.44,8310.0,1550600.0,1137700.0,8929.0,3000.0,,0,0,0,0,0,0,0,0,0,0,0,0,0,0,0,0,0,0,0,0,0,0,0,0,0,0,0,0,0,0,0,0,0,0,0,0,0,0,0,0,65,2026-02-06 00:43:12.574509
ATMN,24.38,24.59,24.86,,1035000.0,1478900.0,,,,0,0,0,0,0,0,0,0,0,0,0,0,0,0,0,0,0,0,0,0,0,0,0,0,0,0,0,0,0,0,0,0,0,0,0,0,0,0,0,0,65,2026-02-06 00:43:12.574509
WNTR,25.64,25.62,25.63,10100.0,1467800.0,985300.0,12971.0,4991.0,2732.0,0,0,0,0,0,0,0,0,0,0,0,0,0,0,0,0,0,0,0,0,0,0,0,0,0,0,0,0,0,0,0,0,0,0,0,0,0,0,0,0,65,2026-02-06 00:43:12.574509
SPNG,25.46,25.14,25.46,1278200.0,100.0,1245300.0,5000.0,8010.0,,,0,0,0,0,0,0,0,0,0,0,0,0,0,0,0,0,0,0,0,0,0,0,0,0,0,0,0,0,0,0,0,0,0,0,0,0,0,0,0,66,2026-02-06 00:43:13.189539
SMMR,26.28,26.28,26.34,1550600.0,8310.0,1338500.0,2687.0,8929.0,2000.0,,0,0,0,0,0,0,0,0,0,0,0,0,0,0,0,0,0,0,0,0,0,0,0,0,0,0,0,0,0,0,0,0,0,0,0,0,0,0,0,66,2026-02-06 00:43:13.189539
ATMN,24.59,24.38,24.4,1177600.0,100.0,1478900.0,1000.0,,4013.0,,0,0,0,0,0,0,0,0,0,0,0,0,0,0,0,0,0,0,0,0,0,0,0,0,0,0,0,0,0,0,0,0,0,0,0,0,0,0,0,66,2026-02-06 00:43:13.189539
WNTR,25.63,25.62,25.63,1491800.0,10100.0,985300.0,2732.0,12971.0,4991.0,6000.0,0,0,0,0,0,0,0,0,0,0,0,0,0,0,0,0,0,0,0,0,0,0,0,0,0,0,0,0,0,0,0,0,0,0,0,0,0,0,0,66,2026-02-06 00:43:13.189539
SPNG,25.48,25.16,25.42,100.0,1278200.0,2901.0,2000.0,1544600.0,,,0,0,0,0,0,0,0,0,0,0,0,0,0,0,0,0,0,0,0,0,0,0,0,0,0,0,0,0,0,0,0,0,0,0,0,0,0,0,0,67,2026-02-06 00:43:14.266847
SMMR,26.22,25.72,26.22,,1514200.0,,2687.0,1469700.0,250.0,,0,0,0,0,0,0,0,0,0,0,0,0,0,0,0,0,0,0,0,0,0,0,0,0,0,0,0,0,0,0,0,0,0,0,0,0,0,0,0,67,2026-02-06 00:43:14.266847
ATMN,24.78,24.78,24.86,2376.0,1407100.0,4013.0,,1586800.0,,5250.0,0,0,0,0,0,0,0,0,0,0,0,0,0,0,0,0,0,0,0,0,0,0,0,0,0,0,0,0,0,0,0,0,0,0,0,0,0,0,0,67,2026-02-06 00:43:14.266847
WNTR,26.06,26.06,26.28,8900.0,1590100.0,5000.0,,1189500.0,,,0,0,0,0,0,0,0,0,0,0,0,0,0,0,0,0,0,0,0,0,0,0,0,0,0,0,0,0,0,0,0,0,0,0,0,0,0,0,0,67,2026-02-06 00:43:14.266847
SPNG,25.46,25.18,25.46,2067.0,1486200.0,2901.0,1000.0,6000.0,1634400.0,,,0,0,0,0,0,0,0,0,0,0,0,0,0,0,0,0,0,0,0,0,0,0,0,0,0,0,0,0,0,0,0,0,0,0,0,0,0,0,68,2026-02-06 00:43:15.383317
SMMR,26.22,26.25,26.32,8242.0,1968000.0,,3262.0,6000.0,1340700.0,250.0,,0,0,0,0,0,0,0,0,0,0,0,0,0,0,0,0,0,0,0,0,0,0,0,0,0,0,0,0,0,0,0,0,0,0,0,0,0,0,68,2026-02-06 00:43:15.383317
ATMN,24.61,24.57,24.61,2376.0,1402800.0,,,6000.0,1713600.0,6000.0,9477.0,0,0,0,0,0,0,0,0,0,0,0,0,0,0,0,0,0,0,0,0,0,0,0,0,0,0,0,0,0,0,0,0,0,0,0,0,0,0,68,2026-02-06 00:43:15.383317
WNTR,26.06,25.66,25.89,8900.0,1491800.0,5000.0,,,1578000.0,6000.0,,0,0,0,0,0,0,0,0,0,0,0,0,0,0,0,0,0,0,0,0,0,0,0,0,0,0,0,0,0,0,0,0,0,0,0,0,0,0,68,2026-02-06 00:43:15.383317
SPNG,25.0,25.0,25.46,1482700.0,2667.0,1000.0,6000.0,1634400.0,,,,0,0,0,0,0,0,0,0,0,0,0,0,0,0,0,0,0,0,0,0,0,0,0,0,0,0,0,0,0,0,0,0,0,0,0,0,0,0,69,2026-02-06 00:43:16.494049
SMMR,26.32,26.36,26.41,1989600.0,,3262.0,,1449600.0,8242.0,,,0,0,0,0,0,0,0,0,0,0,0,0,0,0,0,0,0,0,0,0,0,0,0,0,0,0,0,0,0,0,0,0,0,0,0,0,0,0,69,2026-02-06 00:43:16.494049
ATMN,24.57,24.4,24.56,1511200.0,,3985.0,,1473300.0,2376.0,9577.0,,0,0,0,0,0,0,0,0,0,0,0,0,0,0,0,0,0,0,0,0,0,0,0,0,0,0,0,0,0,0,0,0,0,0,0,0,0,0,69,2026-02-06 00:43:16.494049
WNTR,25.81,25.71,25.78,1923700.0,,3529.0,,1490500.0,,9885.0,6000.0,0,0,0,0,0,0,0,0,0,0,0,0,0,0,0,0,0,0,0,0,0,0,0,0,0,0,0,0,0,0,0,0,0,0,0,0,0,0,69,2026-02-06 00:43:16.494049
SPNG,25.5,25.2,25.47,200.0,1376000.0,3253.0,6000.0,100.0,1527900.0,,,0,0,0,0,0,0,0,0,0,0,0,0,0,0,0,0,0,0,0,0,0,0,0,0,0,0,0,0,0,0,0,0,0,0,0,0,0,0,70,2026-02-06 00:43:17.562510
SMMR,26.27,26.27,26.29,9592.0,1503200.0,4955.0,5777.0,10515.0,1555600.0,6000.0,1837.0,0,0,0,0,0,0,0,0,0,0,0,0,0,0,0,0,0,0,0,0,0,0,0,0,0,0,0,0,0,0,0,0,0,0,0,0,0,0,70,2026-02-06 00:43:17.562510
ATMN,24.55,24.54,24.55,8555.0,1866700.0,1583.0,6000.0,9374.0,1473300.0,,5000.0,0,0,0,0,0,0,0,0,0,0,0,0,0,0,0,0,0,0,0,0,0,0,0,0,0,0,0,0,0,0,0,0,0,0,0,0,0,0,70,2026-02-06 00:43:17.562510
WNTR,25.78,25.69,25.78,,1947700.0,,6000.0,,1605000.0,,2860.0,0,0,0,0,0,0,0,0,0,0,0,0,0,0,0,0,0,0,0,0,0,0,0,0,0,0,0,0,0,0,0,0,0,0,0,0,0,0,70,2026-02-06 00:43:17.562510
SPNG,25.36,25.36,25.48,1492800.0,4376.0,100.0,100.0,6000.0,1527900.0,,0,0,0,0,0,0,0,0,0,0,0,0,0,0,0,0,0,0,0,0,0,0,0,0,0,0,0,0,0,0,0,0,0,0,0,0,0,0,0,71,2026-02-06 00:43:18.632095
SMMR,26.06,26.06,26.09,1873500.0,,,7699.0,,1650800.0,1837.0,0,0,0,0,0,0,0,0,0,0,0,0,0,0,0,0,0,0,0,0,0,0,0,0,0,0,0,0,0,0,0,0,0,0,0,0,0,0,0,71,2026-02-06 00:43:18.632095
ATMN,24.74,24.78,24.86,1727800.0,1583.0,18555.0,100.0,,1939900.0,,0,0,0,0,0,0,0,0,0,0,0,0,0,0,0,0,0,0,0,0,0,0,0,0,0,0,0,0,0,0,0,0,0,0,0,0,0,0,0,71,2026-02-06 00:43:18.632095
WNTR,25.71,25.71,25.79,1941400.0,3000.0,,6000.0,6000.0,1288300.0,5116.0,0,0,0,0,0,0,0,0,0,0,0,0,0,0,0,0,0,0,0,0,0,0,0,0,0,0,0,0,0,0,0,0,0,0,0,0,0,0,0,71,2026-02-06 00:43:18.632095
SPNG,25.09,25.27,25.48,1488000.0,4376.0,100.0,100.0,6000.0,1527900.0,,,0,0,0,0,0,0,0,0,0,0,0,0,0,0,0,0,0,0,0,0,0,0,0,0,0,0,0,0,0,0,0,0,0,0,0,0,0,0,72,2026-02-06 00:43:19.212059
SMMR,26.09,26.28,26.31,1716800.0,4730.0,,7699.0,723.0,1261700.0,4815.0,,0,0,0,0,0,0,0,0,0,0,0,0,0,0,0,0,0,0,0,0,0,0,0,0,0,0,0,0,0,0,0,0,0,0,0,0,0,0,72,2026-02-06 00:43:19.212059
ATMN,24.78,24.78,24.86,1264300.0,4744.0,18555.0,100.0,,2061900.0,,6000.0,0,0,0,0,0,0,0,0,0,0,0,0,0,0,0,0,0,0,0,0,0,0,0,0,0,0,0,0,0,0,0,0,0,0,0,0,0,0,72,2026-02-06 00:43:19.212059
WNTR,25.84,25.71,25.84,1941400.0,3000.0,,,6000.0,1700300.0,2291.0,,0,0,0,0,0,0,0,0,0,0,0,0,0,0,0,0,0,0,0,0,0,0,0,0,0,0,0,0,0,0,0,0,0,0,0,0,0,0,72,2026-02-06 00:43:19.212059
SPNG,24.97,25.17,25.47,1911000.0,6000.0,4643.0,1321800.0,,,,0,0,0,0,0,0,0,0,0,0,0,0,0,0,0,0,0,0,0,0,0,0,0,0,0,0,0,0,0,0,0,0,0,0,0,0,0,0,0,73,2026-02-06 00:43:20.312379
SMMR,26.21,26.19,26.21,2232000.0,6000.0,1837.0,1639000.0,5777.0,100.0,,0,0,0,0,0,0,0,0,0,0,0,0,0,0,0,0,0,0,0,0,0,0,0,0,0,0,0,0,0,0,0,0,0,0,0,0,0,0,0,73,2026-02-06 00:43:20.312379
ATMN,24.73,24.73,24.76,1726500.0,,4974.0,1549400.0,6000.0,387.0,3744.0,0,0,0,0,0,0,0,0,0,0,0,0,0,0,0,0,0,0,0,0,0,0,0,0,0,0,0,0,0,0,0,0,0,0,0,0,0,0,0,73,2026-02-06 00:43:20.312379
WNTR,25.76,25.51,25.71,1911700.0,6000.0,2463.0,1706200.0,,,,0,0,0,0,0,0,0,0,0,0,0,0,0,0,0,0,0,0,0,0,0,0,0,0,0,0,0,0,0,0,0,0,0,0,0,0,0,0,0,73,2026-02-06 00:43:20.312379
SPNG,25.17,25.43,25.48,6000.0,1776700.0,2567.0,6000.0,1000.0,1438100.0,,,0,0,0,0,0,0,0,0,0,0,0,0,0,0,0,0,0,0,0,0,0,0,0,0,0,0,0,0,0,0,0,0,0,0,0,0,0,0,74,2026-02-06 00:43:21.404267
SMMR,26.14,26.14,26.18,,2214900.0,,6000.0,,1639000.0,3761.0,17061.0,0,0,0,0,0,0,0,0,0,0,0,0,0,0,0,0,0,0,0,0,0,0,0,0,0,0,0,0,0,0,0,0,0,0,0,0,0,0,74,2026-02-06 00:43:21.404267
ATMN,24.73,24.73,24.76,6000.0,1515400.0,4612.0,,4929.0,1479400.0,9246.0,4166.0,0,0,0,0,0,0,0,0,0,0,0,0,0,0,0,0,0,0,0,0,0,0,0,0,0,0,0,0,0,0,0,0,0,0,0,0,0,0,74,2026-02-06 00:43:21.404267
WNTR,25.56,25.53,25.56,,1719600.0,,6000.0,5306.0,1135200.0,9677.0,10000.0,0,0,0,0,0,0,0,0,0,0,0,0,0,0,0,0,0,0,0,0,0,0,0,0,0,0,0,0,0,0,0,0,0,0,0,0,0,0,74,2026-02-06 00:43:21.404267
SPNG,25.17,25.29,25.47,6000.0,1776700.0,2567.0,6000.0,1000.0,1723500.0,,,0,0,0,0,0,0,0,0,0,0,0,0,0,0,0,0,0,0,0,0,0,0,0,0,0,0,0,0,0,0,0,0,0,0,0,0,0,0,75,2026-02-06 00:43:22.522218
SMMR,26.41,26.39,26.41,,1823100.0,2113.0,,,1449600.0,10000.0,5178.0,0,0,0,0,0,0,0,0,0,0,0,0,0,0,0,0,0,0,0,0,0,0,0,0,0,0,0,0,0,0,0,0,0,0,0,0,0,0,75,2026-02-06 00:43:22.522218
ATMN,24.76,24.73,24.76,6000.0,1646900.0,4437.0,,5000.0,1718200.0,,,0,0,0,0,0,0,0,0,0,0,0,0,0,0,0,0,0,0,0,0,0,0,0,0,0,0,0,0,0,0,0,0,0,0,0,0,0,0,75,2026-02-06 00:43:22.522218
WNTR,25.63,25.63,25.71,,1713000.0,4523.0,6000.0,2843.0,1684000.0,,,0,0,0,0,0,0,0,0,0,0,0,0,0,0,0,0,0,0,0,0,0,0,0,0,0,0,0,0,0,0,0,0,0,0,0,0,0,0,75,2026-02-06 00:43:22.522218
SPNG,25.47,25.29,25.47,4801.0,1399900.0,705.0,6000.0,1503600.0,4957.0,,,0,0,0,0,0,0,0,0,0,0,0,0,0,0,0,0,0,0,0,0,0,0,0,0,0,0,0,0,0,0,0,0,0,0,0,0,0,0,76,2026-02-06 00:43:23.581531
SMMR,26.38,26.2,26.38,,2076300.0,9309.0,6000.0,1540300.0,2000.0,5178.0,,0,0,0,0,0,0,0,0,0,0,0,0,0,0,0,0,0,0,0,0,0,0,0,0,0,0,0,0,0,0,0,0,0,0,0,0,0,0,76,2026-02-06 00:43:23.581531
ATMN,24.63,24.63,24.75,,2235000.0,,6000.0,1604700.0,5000.0,2126.0,,0,0,0,0,0,0,0,0,0,0,0,0,0,0,0,0,0,0,0,0,0,0,0,0,0,0,0,0,0,0,0,0,0,0,0,0,0,0,76,2026-02-06 00:43:23.581531
WNTR,25.74,25.74,25.77,4523.0,1512000.0,17263.0,,1561000.0,2843.0,4727.0,6000.0,0,0,0,0,0,0,0,0,0,0,0,0,0,0,0,0,0,0,0,0,0,0,0,0,0,0,0,0,0,0,0,0,0,0,0,0,0,0,76,2026-02-06 00:43:23.581531
SPNG,25.66,25.29,25.31,1308100.0,4801.0,1385.0,6000.0,500.0,2765.0,1532000.0,,0,0,0,0,0,0,0,0,0,0,0,0,0,0,0,0,0,0,0,0,0,0,0,0,0,0,0,0,0,0,0,0,0,0,0,0,0,0,77,2026-02-06 00:43:24.638080
SMMR,26.38,26.23,26.29,1948400.0,,16451.0,6000.0,,5000.0,1472000.0,5178.0,0,0,0,0,0,0,0,0,0,0,0,0,0,0,0,0,0,0,0,0,0,0,0,0,0,0,0,0,0,0,0,0,0,0,0,0,0,0,77,2026-02-06 00:43:24.638080
ATMN,24.6,24.65,24.85,2124700.0,,10000.0,6000.0,,,2143400.0,4401.0,0,0,0,0,0,0,0,0,0,0,0,0,0,0,0,0,0,0,0,0,0,0,0,0,0,0,0,0,0,0,0,0,0,0,0,0,0,0,77,2026-02-06 00:43:24.638080
WNTR,25.67,25.63,25.67,1713000.0,4082.0,,,6000.0,1000.0,1799700.0,4727.0,0,0,0,0,0,0,0,0,0,0,0,0,0,0,0,0,0,0,0,0,0,0,0,0,0,0,0,0,0,0,0,0,0,0,0,0,0,0,77,2026-02-06 00:43:24.638080
SPNG,25.67,25.44,25.48,6000.0,1550200.0,4801.0,3596.0,1734900.0,,,0,0,0,0,0,0,0,0,0,0,0,0,0,0,0,0,0,0,0,0,0,0,0,0,0,0,0,0,0,0,0,0,0,0,0,0,0,0,0,78,2026-02-06 00:43:25.687577
SMMR,26.18,26.17,26.18,,1948400.0,1973.0,,1511600.0,10000.0,5000.0,0,0,0,0,0,0,0,0,0,0,0,0,0,0,0,0,0,0,0,0,0,0,0,0,0,0,0,0,0,0,0,0,0,0,0,0,0,0,0,78,2026-02-06 00:43:25.687577
ATMN,24.72,24.6,24.72,6000.0,1663900.0,4823.0,,1597600.0,147.0,4950.0,0,0,0,0,0,0,0,0,0,0,0,0,0,0,0,0,0,0,0,0,0,0,0,0,0,0,0,0,0,0,0,0,0,0,0,0,0,0,0,78,2026-02-06 00:43:25.687577
WNTR,25.67,25.68,25.71,,1727100.0,4082.0,6000.0,1809900.0,10000.0,1000.0,0,0,0,0,0,0,0,0,0,0,0,0,0,0,0,0,0,0,0,0,0,0,0,0,0,0,0,0,0,0,0,0,0,0,0,0,0,0,0,78,2026-02-06 00:43:25.687577
SPNG,25.22,25.22,25.59,2331200.0,10000.0,1759900.0,,,,,0,0,0,0,0,0,0,0,0,0,0,0,0,0,0,0,0,0,0,0,0,0,0,0,0,0,0,0,0,0,0,0,0,0,0,0,0,0,0,79,2026-02-06 00:43:26.238808
SMMR,26.18,26.2,26.28,1814400.0,,1511600.0,6000.0,1973.0,5000.0,3674.0,0,0,0,0,0,0,0,0,0,0,0,0,0,0,0,0,0,0,0,0,0,0,0,0,0,0,0,0,0,0,0,0,0,0,0,0,0,0,0,79,2026-02-06 00:43:26.238808
ATMN,24.62,24.56,24.62,2276600.0,147.0,1620900.0,,893.0,4950.0,,0,0,0,0,0,0,0,0,0,0,0,0,0,0,0,0,0,0,0,0,0,0,0,0,0,0,0,0,0,0,0,0,0,0,0,0,0,0,0,79,2026-02-06 00:43:26.238808
WNTR,25.71,25.68,25.71,1968900.0,10000.0,1270400.0,,,5283.0,6000.0,0,0,0,0,0,0,0,0,0,0,0,0,0,0,0,0,0,0,0,0,0,0,0,0,0,0,0,0,0,0,0,0,0,0,0,0,0,0,0,79,2026-02-06 00:43:26.238808
SPNG,25.44,25.44,25.5,2098000.0,666.0,10100.0,3394.0,1286200.0,,0,0,0,0,0,0,0,0,0,0,0,0,0,0,0,0,0,0,0,0,0,0,0,0,0,0,0,0,0,0,0,0,0,0,0,0,0,0,0,0,80,2026-02-06 00:43:27.307135
SMMR,26.18,26.22,26.26,1582000.0,6853.0,4569.0,5000.0,1520600.0,3129.0,0,0,0,0,0,0,0,0,0,0,0,0,0,0,0,0,0,0,0,0,0,0,0,0,0,0,0,0,0,0,0,0,0,0,0,0,0,0,0,0,80,2026-02-06 00:43:27.307135
ATMN,24.4,24.52,24.59,2145100.0,,,5000.0,1732200.0,1494.0,0,0,0,0,0,0,0,0,0,0,0,0,0,0,0,0,0,0,0,0,0,0,0,0,0,0,0,0,0,0,0,0,0,0,0,0,0,0,0,0,80,2026-02-06 00:43:27.307135
WNTR,25.48,25.38,25.39,1719600.0,,19346.0,3700.0,1470200.0,,0,0,0,0,0,0,0,0,0,0,0,0,0,0,0,0,0,0,0,0,0,0,0,0,0,0,0,0,0,0,0,0,0,0,0,0,0,0,0,0,80,2026-02-06 00:43:27.307135
SPNG,25.62,25.22,25.4,1545300.0,3934.0,6000.0,4499.0,1446400.0,,0,0,0,0,0,0,0,0,0,0,0,0,0,0,0,0,0,0,0,0,0,0,0,0,0,0,0,0,0,0,0,0,0,0,0,0,0,0,0,0,81,2026-02-06 00:43:28.353339
SMMR,26.18,26.18,26.22,1610700.0,3129.0,6000.0,4000.0,1520600.0,4429.0,0,0,0,0,0,0,0,0,0,0,0,0,0,0,0,0,0,0,0,0,0,0,0,0,0,0,0,0,0,0,0,0,0,0,0,0,0,0,0,0,81,2026-02-06 00:43:28.353339
ATMN,24.77,24.52,24.69,2134000.0,1494.0,,,2267500.0,,0,0,0,0,0,0,0,0,0,0,0,0,0,0,0,0,0,0,0,0,0,0,0,0,0,0,0,0,0,0,0,0,0,0,0,0,0,0,0,0,81,2026-02-06 00:43:28.353339
WNTR,25.39,25.38,25.39,2074200.0,,,4936.0,1470200.0,6000.0,0,0,0,0,0,0,0,0,0,0,0,0,0,0,0,0,0,0,0,0,0,0,0,0,0,0,0,0,0,0,0,0,0,0,0,0,0,0,0,0,81,2026-02-06 00:43:28.353339
SPNG,25.19,25.28,25.65,6000.0,1991500.0,612.0,1630100.0,,,,,0,0,0,0,0,0,0,0,0,0,0,0,0,0,0,0,0,0,0,0,0,0,0,0,0,0,0,0,0,0,0,0,0,0,0,0,0,0,82,2026-02-06 00:43:29.402527
SMMR,26.28,26.19,26.28,6000.0,1388100.0,3000.0,1916400.0,10913.0,4429.0,,,0,0,0,0,0,0,0,0,0,0,0,0,0,0,0,0,0,0,0,0,0,0,0,0,0,0,0,0,0,0,0,0,0,0,0,0,0,0,82,2026-02-06 00:43:29.402527
ATMN,24.58,24.6,24.67,6000.0,2134000.0,624.0,2060900.0,,6000.0,100.0,,0,0,0,0,0,0,0,0,0,0,0,0,0,0,0,0,0,0,0,0,0,0,0,0,0,0,0,0,0,0,0,0,0,0,0,0,0,0,82,2026-02-06 00:43:29.402527
WNTR,25.38,25.38,25.39,,1750300.0,3890.0,1374300.0,,6000.0,,5989.0,0,0,0,0,0,0,0,0,0,0,0,0,0,0,0,0,0,0,0,0,0,0,0,0,0,0,0,0,0,0,0,0,0,0,0,0,0,0,82,2026-02-06 00:43:29.402527
SPNG,25.68,25.19,25.68,2305800.0,1579100.0,2829.0,,,,,,0,0,0,0,0,0,0,0,0,0,0,0,0,0,0,0,0,0,0,0,0,0,0,0,0,0,0,0,0,0,0,0,0,0,0,0,0,0,83,2026-02-06 00:43:30.467732
SMMR,26.21,26.26,26.28,1322500.0,1438100.0,5000.0,10913.0,6000.0,3711.0,4429.0,,0,0,0,0,0,0,0,0,0,0,0,0,0,0,0,0,0,0,0,0,0,0,0,0,0,0,0,0,0,0,0,0,0,0,0,0,0,0,83,2026-02-06 00:43:30.467732
ATMN,24.45,24.4,24.45,2373800.0,1929200.0,,,,,6000.0,8847.0,0,0,0,0,0,0,0,0,0,0,0,0,0,0,0,0,0,0,0,0,0,0,0,0,0,0,0,0,0,0,0,0,0,0,0,0,0,0,83,2026-02-06 00:43:30.467732
WNTR,25.5,25.38,25.41,1638500.0,1658400.0,2989.0,1654.0,,3890.0,6000.0,,0,0,0,0,0,0,0,0,0,0,0,0,0,0,0,0,0,0,0,0,0,0,0,0,0,0,0,0,0,0,0,0,0,0,0,0,0,0,83,2026-02-06 00:43:30.467732
SPNG,25.25,25.25,25.47,6000.0,1522800.0,4552.0,6000.0,1559300.0,,0,0,0,0,0,0,0,0,0,0,0,0,0,0,0,0,0,0,0,0,0,0,0,0,0,0,0,0,0,0,0,0,0,0,0,0,0,0,0,0,84,2026-02-06 00:43:31.545073
SMMR,26.29,26.2,26.29,2521.0,1568200.0,3711.0,6000.0,1534800.0,4000.0,0,0,0,0,0,0,0,0,0,0,0,0,0,0,0,0,0,0,0,0,0,0,0,0,0,0,0,0,0,0,0,0,0,0,0,0,0,0,0,0,84,2026-02-06 00:43:31.545073
ATMN,24.45,24.4,24.45,,2369300.0,,6000.0,1604600.0,5000.0,0,0,0,0,0,0,0,0,0,0,0,0,0,0,0,0,0,0,0,0,0,0,0,0,0,0,0,0,0,0,0,0,0,0,0,0,0,0,0,0,84,2026-02-06 00:43:31.545073
WNTR,25.38,25.38,25.41,,1726900.0,3771.0,6000.0,1750500.0,2000.0,0,0,0,0,0,0,0,0,0,0,0,0,0,0,0,0,0,0,0,0,0,0,0,0,0,0,0,0,0,0,0,0,0,0,0,0,0,0,0,0,84,2026-02-06 00:43:31.545073
SPNG,25.22,25.18,25.22,1616000.0,4552.0,1668400.0,2500.0,100.0,,,0,0,0,0,0,0,0,0,0,0,0,0,0,0,0,0,0,0,0,0,0,0,0,0,0,0,0,0,0,0,0,0,0,0,0,0,0,0,0,85,2026-02-06 00:43:32.616408
SMMR,26.14,26.17,26.24,2205300.0,,1276200.0,6000.0,14624.0,8747.0,5000.0,0,0,0,0,0,0,0,0,0,0,0,0,0,0,0,0,0,0,0,0,0,0,0,0,0,0,0,0,0,0,0,0,0,0,0,0,0,0,0,85,2026-02-06 00:43:32.616408
ATMN,24.4,24.4,24.69,1760800.0,3410.0,2133900.0,6000.0,,,,0,0,0,0,0,0,0,0,0,0,0,0,0,0,0,0,0,0,0,0,0,0,0,0,0,0,0,0,0,0,0,0,0,0,0,0,0,0,0,85,2026-02-06 00:43:32.616408
WNTR,25.62,25.57,25.62,1729600.0,3071.0,1943200.0,6000.0,,913.0,,0,0,0,0,0,0,0,0,0,0,0,0,0,0,0,0,0,0,0,0,0,0,0,0,0,0,0,0,0,0,0,0,0,0,0,0,0,0,0,85,2026-02-06 00:43:32.616408
SPNG,25.25,25.35,25.55,6682.0,6000.0,1879900.0,500.0,1359900.0,4487.0,,,0,0,0,0,0,0,0,0,0,0,0,0,0,0,0,0,0,0,0,0,0,0,0,0,0,0,0,0,0,0,0,0,0,0,0,0,0,0,86,2026-02-06 00:43:33.709613
SMMR,26.37,26.37,26.39,18747.0,,1439000.0,,2099400.0,,3524.0,,0,0,0,0,0,0,0,0,0,0,0,0,0,0,0,0,0,0,0,0,0,0,0,0,0,0,0,0,0,0,0,0,0,0,0,0,0,0,86,2026-02-06 00:43:33.709613
ATMN,24.74,24.39,24.55,3014.0,,1630200.0,,2154400.0,,3410.0,5000.0,0,0,0,0,0,0,0,0,0,0,0,0,0,0,0,0,0,0,0,0,0,0,0,0,0,0,0,0,0,0,0,0,0,0,0,0,0,0,86,2026-02-06 00:43:33.709613
WNTR,25.57,25.57,25.6,913.0,,1485500.0,6000.0,1766800.0,,5071.0,17821.0,0,0,0,0,0,0,0,0,0,0,0,0,0,0,0,0,0,0,0,0,0,0,0,0,0,0,0,0,0,0,0,0,0,0,0,0,0,0,86,2026-02-06 00:43:33.709613
SPNG,24.97,25.23,25.31,6000.0,2168600.0,901.0,1272600.0,4487.0,100.0,,,0,0,0,0,0,0,0,0,0,0,0,0,0,0,0,0,0,0,0,0,0,0,0,0,0,0,0,0,0,0,0,0,0,0,0,0,0,0,87,2026-02-06 00:43:34.312741
SMMR,26.35,26.35,26.39,6000.0,1439000.0,,2155400.0,,,8747.0,3524.0,0,0,0,0,0,0,0,0,0,0,0,0,0,0,0,0,0,0,0,0,0,0,0,0,0,0,0,0,0,0,0,0,0,0,0,0,0,0,87,2026-02-06 00:43:34.312741
ATMN,24.59,24.56,24.59,,2091000.0,6000.0,1597200.0,5000.0,,3014.0,820.0,0,0,0,0,0,0,0,0,0,0,0,0,0,0,0,0,0,0,0,0,0,0,0,0,0,0,0,0,0,0,0,0,0,0,0,0,0,0,87,2026-02-06 00:43:34.312741
WNTR,25.38,25.38,25.56,,1726900.0,6000.0,1803100.0,,17821.0,913.0,3071.0,0,0,0,0,0,0,0,0,0,0,0,0,0,0,0,0,0,0,0,0,0,0,0,0,0,0,0,0,0,0,0,0,0,0,0,0,0,0,87,2026-02-06 00:43:34.312741
SPNG,25.36,25.37,25.6,5000.0,1458100.0,6000.0,100.0,6000.0,1304000.0,4588.0,,0,0,0,0,0,0,0,0,0,0,0,0,0,0,0,0,0,0,0,0,0,0,0,0,0,0,0,0,0,0,0,0,0,0,0,0,0,0,88,2026-02-06 00:43:35.418516
SMMR,26.4,26.36,26.37,3524.0,1439000.0,6000.0,3626.0,,2151700.0,,,0,0,0,0,0,0,0,0,0,0,0,0,0,0,0,0,0,0,0,0,0,0,0,0,0,0,0,0,0,0,0,0,0,0,0,0,0,0,88,2026-02-06 00:43:35.418516
ATMN,24.59,24.56,24.59,820.0,2098000.0,,1617.0,6000.0,1516500.0,5000.0,6306.0,0,0,0,0,0,0,0,0,0,0,0,0,0,0,0,0,0,0,0,0,0,0,0,0,0,0,0,0,0,0,0,0,0,0,0,0,0,0,88,2026-02-06 00:43:35.418516
WNTR,25.48,25.48,25.56,,2312800.0,,,6000.0,1457100.0,3590.0,,0,0,0,0,0,0,0,0,0,0,0,0,0,0,0,0,0,0,0,0,0,0,0,0,0,0,0,0,0,0,0,0,0,0,0,0,0,0,88,2026-02-06 00:43:35.418516
SPNG,25.6,25.84,25.93,1321700.0,1830.0,5000.0,6000.0,1390800.0,4588.0,,,0,0,0,0,0,0,0,0,0,0,0,0,0,0,0,0,0,0,0,0,0,0,0,0,0,0,0,0,0,0,0,0,0,0,0,0,0,0,89,2026-02-06 00:43:36.474292
SMMR,26.21,26.18,26.21,2146100.0,,,6000.0,1500700.0,4600.0,1817.0,,0,0,0,0,0,0,0,0,0,0,0,0,0,0,0,0,0,0,0,0,0,0,0,0,0,0,0,0,0,0,0,0,0,0,0,0,0,0,89,2026-02-06 00:43:36.474292
ATMN,24.39,24.38,24.39,2360600.0,,,,1619000.0,3000.0,14642.0,6000.0,0,0,0,0,0,0,0,0,0,0,0,0,0,0,0,0,0,0,0,0,0,0,0,0,0,0,0,0,0,0,0,0,0,0,0,0,0,0,89,2026-02-06 00:43:36.474292
WNTR,25.5,25.48,25.49,2312800.0,,,,1352300.0,3590.0,8724.0,6000.0,0,0,0,0,0,0,0,0,0,0,0,0,0,0,0,0,0,0,0,0,0,0,0,0,0,0,0,0,0,0,0,0,0,0,0,0,0,0,89,2026-02-06 00:43:36.474292
SPNG,25.36,25.36,25.61,1578700.0,4982.0,6000.0,1472100.0,4588.0,,,0,0,0,0,0,0,0,0,0,0,0,0,0,0,0,0,0,0,0,0,0,0,0,0,0,0,0,0,0,0,0,0,0,0,0,0,0,0,0,90,2026-02-06 00:43:37.528908
SMMR,26.37,26.3,26.37,1465200.0,4428.0,6000.0,1660500.0,4600.0,8377.0,,0,0,0,0,0,0,0,0,0,0,0,0,0,0,0,0,0,0,0,0,0,0,0,0,0,0,0,0,0,0,0,0,0,0,0,0,0,0,0,90,2026-02-06 00:43:37.528908
ATMN,24.53,24.52,24.53,1902300.0,2237.0,,1578100.0,5000.0,,6000.0,0,0,0,0,0,0,0,0,0,0,0,0,0,0,0,0,0,0,0,0,0,0,0,0,0,0,0,0,0,0,0,0,0,0,0,0,0,0,0,90,2026-02-06 00:43:37.528908
WNTR,25.39,25.38,25.39,2288100.0,,,1476500.0,4924.0,,6000.0,0,0,0,0,0,0,0,0,0,0,0,0,0,0,0,0,0,0,0,0,0,0,0,0,0,0,0,0,0,0,0,0,0,0,0,0,0,0,0,90,2026-02-06 00:43:37.528908
SPNG,25.34,25.4,25.61,1847000.0,2809.0,1472100.0,4767.0,,,,,0,0,0,0,0,0,0,0,0,0,0,0,0,0,0,0,0,0,0,0,0,0,0,0,0,0,0,0,0,0,0,0,0,0,0,0,0,0,91,2026-02-06 00:43:38.591576
SMMR,26.28,26.28,26.31,1554300.0,4428.0,1448500.0,4600.0,6000.0,12486.0,,,0,0,0,0,0,0,0,0,0,0,0,0,0,0,0,0,0,0,0,0,0,0,0,0,0,0,0,0,0,0,0,0,0,0,0,0,0,0,91,2026-02-06 00:43:38.591576
ATMN,24.53,24.52,24.53,1751000.0,2122.0,2042900.0,1000.0,,,2046.0,6000.0,0,0,0,0,0,0,0,0,0,0,0,0,0,0,0,0,0,0,0,0,0,0,0,0,0,0,0,0,0,0,0,0,0,0,0,0,0,0,91,2026-02-06 00:43:38.591576
WNTR,25.49,25.4,25.47,2056400.0,,1351000.0,4924.0,,8488.0,10000.0,6000.0,0,0,0,0,0,0,0,0,0,0,0,0,0,0,0,0,0,0,0,0,0,0,0,0,0,0,0,0,0,0,0,0,0,0,0,0,0,0,91,2026-02-06 00:43:38.591576
SPNG,25.61,25.31,25.61,1847200.0,1552.0,6000.0,1868800.0,,,,,0,0,0,0,0,0,0,0,0,0,0,0,0,0,0,0,0,0,0,0,0,0,0,0,0,0,0,0,0,0,0,0,0,0,0,0,0,0,92,2026-02-06 00:43:39.669679
SMMR,26.14,26.23,26.26,2064200.0,,6000.0,1241300.0,1678.0,22486.0,6000.0,4600.0,0,0,0,0,0,0,0,0,0,0,0,0,0,0,0,0,0,0,0,0,0,0,0,0,0,0,0,0,0,0,0,0,0,0,0,0,0,0,92,2026-02-06 00:43:39.669679
ATMN,24.59,24.54,24.59,2306200.0,,,2167800.0,,,6000.0,,0,0,0,0,0,0,0,0,0,0,0,0,0,0,0,0,0,0,0,0,0,0,0,0,0,0,0,0,0,0,0,0,0,0,0,0,0,0,92,2026-02-06 00:43:39.669679
WNTR,25.51,25.52,25.54,1339100.0,3900.0,,2009400.0,18406.0,,6000.0,,0,0,0,0,0,0,0,0,0,0,0,0,0,0,0,0,0,0,0,0,0,0,0,0,0,0,0,0,0,0,0,0,0,0,0,0,0,0,92,2026-02-06 00:43:39.669679
SPNG,25.27,25.04,25.27,2249800.0,1472400.0,5000.0,,,,0,0,0,0,0,0,0,0,0,0,0,0,0,0,0,0,0,0,0,0,0,0,0,0,0,0,0,0,0,0,0,0,0,0,0,0,0,0,0,0,93,2026-02-06 00:43:40.744646
SMMR,26.14,26.14,26.3,1916400.0,1656800.0,5000.0,1950.0,,,0,0,0,0,0,0,0,0,0,0,0,0,0,0,0,0,0,0,0,0,0,0,0,0,0,0,0,0,0,0,0,0,0,0,0,0,0,0,0,0,93,2026-02-06 00:43:40.744646
ATMN,24.59,24.54,24.59,1882400.0,2273600.0,,2493.0,,,0,0,0,0,0,0,0,0,0,0,0,0,0,0,0,0,0,0,0,0,0,0,0,0,0,0,0,0,0,0,0,0,0,0,0,0,0,0,0,0,93,2026-02-06 00:43:40.744646
WNTR,25.51,25.45,25.46,1567600.0,1997400.0,,3900.0,1960.0,8323.0,0,0,0,0,0,0,0,0,0,0,0,0,0,0,0,0,0,0,0,0,0,0,0,0,0,0,0,0,0,0,0,0,0,0,0,0,0,0,0,0,93,2026-02-06 00:43:40.744646
SPNG,25.61,25.06,25.25,100.0,2074300.0,100.0,1384800.0,5000.0,,,,0,0,0,0,0,0,0,0,0,0,0,0,0,0,0,0,0,0,0,0,0,0,0,0,0,0,0,0,0,0,0,0,0,0,0,0,0,0,94,2026-02-06 00:43:41.309187
SMMR,26.4,26.19,26.23,8137.0,1724100.0,,2145000.0,,6000.0,1950.0,,0,0,0,0,0,0,0,0,0,0,0,0,0,0,0,0,0,0,0,0,0,0,0,0,0,0,0,0,0,0,0,0,0,0,0,0,0,0,94,2026-02-06 00:43:41.309187
ATMN,24.59,24.59,24.6,,2300400.0,,2144400.0,1000.0,,,,0,0,0,0,0,0,0,0,0,0,0,0,0,0,0,0,0,0,0,0,0,0,0,0,0,0,0,0,0,0,0,0,0,0,0,0,0,0,94,2026-02-06 00:43:41.309187
WNTR,25.56,25.51,25.54,1960.0,1567600.0,,1409000.0,5000.0,,4613.0,6000.0,0,0,0,0,0,0,0,0,0,0,0,0,0,0,0,0,0,0,0,0,0,0,0,0,0,0,0,0,0,0,0,0,0,0,0,0,0,0,94,2026-02-06 00:43:41.309187
SPNG,25.26,25.07,25.26,7789.0,3444.0,1430000.0,1782100.0,6000.0,,,,0,0,0,0,0,0,0,0,0,0,0,0,0,0,0,0,0,0,0,0,0,0,0,0,0,0,0,0,0,0,0,0,0,0,0,0,0,0,95,2026-02-06 00:43:42.415846
SMMR,26.17,26.14,26.17,,1301.0,2025600.0,1422400.0,6000.0,8055.0,5000.0,,0,0,0,0,0,0,0,0,0,0,0,0,0,0,0,0,0,0,0,0,0,0,0,0,0,0,0,0,0,0,0,0,0,0,0,0,0,0,95,2026-02-06 00:43:42.415846
ATMN,24.59,24.59,24.6,7872.0,1404.0,1885800.0,2063100.0,,100.0,1000.0,6000.0,0,0,0,0,0,0,0,0,0,0,0,0,0,0,0,0,0,0,0,0,0,0,0,0,0,0,0,0,0,0,0,0,0,0,0,0,0,0,95,2026-02-06 00:43:42.415846
WNTR,25.56,25.54,25.56,,,2314400.0,1657600.0,6000.0,,3000.0,,0,0,0,0,0,0,0,0,0,0,0,0,0,0,0,0,0,0,0,0,0,0,0,0,0,0,0,0,0,0,0,0,0,0,0,0,0,0,95,2026-02-06 00:43:42.415846
SPNG,25.26,25.08,25.26,7889.0,3683.0,1288000.0,1364400.0,5000.0,6000.0,,,0,0,0,0,0,0,0,0,0,0,0,0,0,0,0,0,0,0,0,0,0,0,0,0,0,0,0,0,0,0,0,0,0,0,0,0,0,0,96,2026-02-06 00:43:43.589314
SMMR,26.22,26.22,26.23,,3367.0,1570900.0,2063800.0,,6000.0,500.0,,0,0,0,0,0,0,0,0,0,0,0,0,0,0,0,0,0,0,0,0,0,0,0,0,0,0,0,0,0,0,0,0,0,0,0,0,0,0,96,2026-02-06 00:43:43.589314
ATMN,24.59,24.59,24.61,7872.0,3257.0,1603600.0,1793500.0,3000.0,,6000.0,5711.0,0,0,0,0,0,0,0,0,0,0,0,0,0,0,0,0,0,0,0,0,0,0,0,0,0,0,0,0,0,0,0,0,0,0,0,0,0,0,96,2026-02-06 00:43:43.589314
WNTR,25.62,25.54,25.62,8152.0,835.0,2100500.0,2050600.0,,,,,0,0,0,0,0,0,0,0,0,0,0,0,0,0,0,0,0,0,0,0,0,0,0,0,0,0,0,0,0,0,0,0,0,0,0,0,0,0,96,2026-02-06 00:43:43.589314
SPNG,25.26,25.09,25.26,100.0,1497400.0,4024.0,1451700.0,5000.0,,,,0,0,0,0,0,0,0,0,0,0,0,0,0,0,0,0,0,0,0,0,0,0,0,0,0,0,0,0,0,0,0,0,0,0,0,0,0,0,97,2026-02-06 00:43:44.659259
SMMR,26.16,26.15,26.16,7799.0,1575000.0,4365.0,2063800.0,,7885.0,,,0,0,0,0,0,0,0,0,0,0,0,0,0,0,0,0,0,0,0,0,0,0,0,0,0,0,0,0,0,0,0,0,0,0,0,0,0,0,97,2026-02-06 00:43:44.659259
ATMN,24.54,24.51,24.53,475.0,2260100.0,,2059100.0,1000.0,,6000.0,,0,0,0,0,0,0,0,0,0,0,0,0,0,0,0,0,0,0,0,0,0,0,0,0,0,0,0,0,0,0,0,0,0,0,0,0,0,0,97,2026-02-06 00:43:44.659259
WNTR,25.65,25.6,25.65,18139.0,1310500.0,5098.0,1982300.0,,6617.0,,5500.0,0,0,0,0,0,0,0,0,0,0,0,0,0,0,0,0,0,0,0,0,0,0,0,0,0,0,0,0,0,0,0,0,0,0,0,0,0,0,97,2026-02-06 00:43:44.659259
SPNG,25.46,25.09,25.46,2185800.0,6000.0,1355300.0,4468.0,,,,,0,0,0,0,0,0,0,0,0,0,0,0,0,0,0,0,0,0,0,0,0,0,0,0,0,0,0,0,0,0,0,0,0,0,0,0,0,0,98,2026-02-06 00:43:45.736797
SMMR,26.2,26.15,26.2,1785900.0,6000.0,1963300.0,,7799.0,2953.0,146.0,,0,0,0,0,0,0,0,0,0,0,0,0,0,0,0,0,0,0,0,0,0,0,0,0,0,0,0,0,0,0,0,0,0,0,0,0,0,0,98,2026-02-06 00:43:45.736797
ATMN,24.67,24.53,24.67,2126100.0,,2281900.0,,8011.0,,,,0,0,0,0,0,0,0,0,0,0,0,0,0,0,0,0,0,0,0,0,0,0,0,0,0,0,0,0,0,0,0,0,0,0,0,0,0,0,98,2026-02-06 00:43:45.736797
WNTR,25.61,25.61,25.62,973100.0,,1502500.0,4946.0,25383.0,7102.0,6617.0,6000.0,0,0,0,0,0,0,0,0,0,0,0,0,0,0,0,0,0,0,0,0,0,0,0,0,0,0,0,0,0,0,0,0,0,0,0,0,0,0,98,2026-02-06 00:43:45.736797
SPNG,25.93,25.44,25.93,2026500.0,5000.0,1712600.0,,,,,,0,0,0,0,0,0,0,0,0,0,0,0,0,0,0,0,0,0,0,0,0,0,0,0,0,0,0,0,0,0,0,0,0,0,0,0,0,0,99,2026-02-06 00:43:46.801571
SMMR,26.15,26.16,26.19,1706700.0,,1409200.0,100.0,3953.0,7622.0,4286.0,6000.0,0,0,0,0,0,0,0,0,0,0,0,0,0,0,0,0,0,0,0,0,0,0,0,0,0,0,0,0,0,0,0,0,0,0,0,0,0,0,99,2026-02-06 00:43:46.801571
ATMN,24.51,24.51,24.52,1725200.0,,1595100.0,100.0,3795.0,,5000.0,6000.0,0,0,0,0,0,0,0,0,0,0,0,0,0,0,0,0,0,0,0,0,0,0,0,0,0,0,0,0,0,0,0,0,0,0,0,0,0,0,99,2026-02-06 00:43:46.801571
WNTR,25.54,25.61,25.62,1987000.0,6000.0,1512900.0,,2000.0,6000.0,4946.0,,0,0,0,0,0,0,0,0,0,0,0,0,0,0,0,0,0,0,0,0,0,0,0,0,0,0,0,0,0,0,0,0,0,0,0,0,0,0,99,2026-02-06 00:43:46.801571
SPNG,25.94,25.34,25.94,2177500.0,1432500.0,4577.0,,,,0,0,0,0,0,0,0,0,0,0,0,0,0,0,0,0,0,0,0,0,0,0,0,0,0,0,0,0,0,0,0,0,0,0,0,0,0,0,0,0,100,2026-02-06 00:43:47.870574
SMMR,26.2,26.17,26.2,1465100.0,1627600.0,4691.0,4953.0,7631.0,,0,0,0,0,0,0,0,0,0,0,0,0,0,0,0,0,0,0,0,0,0,0,0,0,0,0,0,0,0,0,0,0,0,0,0,0,0,0,0,0,100,2026-02-06 00:43:47.870574
ATMN,24.42,24.53,24.55,2180700.0,2052200.0,1000.0,724.0,7360.0,5520.0,0,0,0,0,0,0,0,0,0,0,0,0,0,0,0,0,0,0,0,0,0,0,0,0,0,0,0,0,0,0,0,0,0,0,0,0,0,0,0,0,100,2026-02-06 00:43:47.870574
WNTR,25.54,25.48,25.51,2330400.0,1630200.0,3714.0,,,7703.0,0,0,0,0,0,0,0,0,0,0,0,0,0,0,0,0,0,0,0,0,0,0,0,0,0,0,0,0,0,0,0,0,0,0,0,0,0,0,0,0,100,2026-02-06 00:43:47.870574
SPNG,25.47,25.8,25.94,1583900.0,6111.0,3654.0,1832200.0,,,0,0,0,0,0,0,0,0,0,0,0,0,0,0,0,0,0,0,0,0,0,0,0,0,0,0,0,0,0,0,0,0,0,0,0,0,0,0,0,0,101,2026-02-06 00:43:48.430930
SMMR,26.2,26.17,26.2,1465100.0,7631.0,4953.0,1627600.0,4691.0,,0,0,0,0,0,0,0,0,0,0,0,0,0,0,0,0,0,0,0,0,0,0,0,0,0,0,0,0,0,0,0,0,0,0,0,0,0,0,0,0,101,2026-02-06 00:43:48.430930
ATMN,24.73,24.73,24.74,2180300.0,7360.0,724.0,2260800.0,,,0,0,0,0,0,0,0,0,0,0,0,0,0,0,0,0,0,0,0,0,0,0,0,0,0,0,0,0,0,0,0,0,0,0,0,0,0,0,0,0,101,2026-02-06 00:43:48.430930
WNTR,25.51,25.57,25.64,2310600.0,,,1396400.0,5572.0,7703.0,0,0,0,0,0,0,0,0,0,0,0,0,0,0,0,0,0,0,0,0,0,0,0,0,0,0,0,0,0,0,0,0,0,0,0,0,0,0,0,0,101,2026-02-06 00:43:48.430930
SPNG,25.4,25.4,25.94,2067900.0,6000.0,1832200.0,,,0,0,0,0,0,0,0,0,0,0,0,0,0,0,0,0,0,0,0,0,0,0,0,0,0,0,0,0,0,0,0,0,0,0,0,0,0,0,0,0,0,102,2026-02-06 00:43:49.492758
SMMR,26.32,26.14,26.32,1949900.0,,2205400.0,2953.0,,0,0,0,0,0,0,0,0,0,0,0,0,0,0,0,0,0,0,0,0,0,0,0,0,0,0,0,0,0,0,0,0,0,0,0,0,0,0,0,0,0,102,2026-02-06 00:43:49.492758
ATMN,24.42,24.42,24.74,2386100.0,,1696300.0,,5000.0,0,0,0,0,0,0,0,0,0,0,0,0,0,0,0,0,0,0,0,0,0,0,0,0,0,0,0,0,0,0,0,0,0,0,0,0,0,0,0,0,0,102,2026-02-06 00:43:49.492758
WNTR,25.65,25.57,25.65,1874500.0,6000.0,2151200.0,2700.0,,0,0,0,0,0,0,0,0,0,0,0,0,0,0,0,0,0,0,0,0,0,0,0,0,0,0,0,0,0,0,0,0,0,0,0,0,0,0,0,0,0,102,2026-02-06 00:43:49.492758
SPNG,25.47,25.47,25.82,1517600.0,4569.0,2153.0,7312.0,1819300.0,,,0,0,0,0,0,0,0,0,0,0,0,0,0,0,0,0,0,0,0,0,0,0,0,0,0,0,0,0,0,0,0,0,0,0,0,0,0,0,0,103,2026-02-06 00:43:50.585840
SMMR,26.19,26.18,26.19,1837100.0,4000.0,,7347.0,1441300.0,3760.0,6000.0,0,0,0,0,0,0,0,0,0,0,0,0,0,0,0,0,0,0,0,0,0,0,0,0,0,0,0,0,0,0,0,0,0,0,0,0,0,0,0,103,2026-02-06 00:43:50.585840
ATMN,24.37,24.37,24.78,2345200.0,,,,2160800.0,1000.0,,0,0,0,0,0,0,0,0,0,0,0,0,0,0,0,0,0,0,0,0,0,0,0,0,0,0,0,0,0,0,0,0,0,0,0,0,0,0,0,103,2026-02-06 00:43:50.585840
WNTR,25.6,25.63,25.65,1619100.0,3336.0,17406.0,2020.0,2045300.0,,,0,0,0,0,0,0,0,0,0,0,0,0,0,0,0,0,0,0,0,0,0,0,0,0,0,0,0,0,0,0,0,0,0,0,0,0,0,0,0,103,2026-02-06 00:43:50.585840
SPNG,25.47,25.48,25.7,1000.0,1716600.0,6000.0,2253.0,1850300.0,7312.0,,,0,0,0,0,0,0,0,0,0,0,0,0,0,0,0,0,0,0,0,0,0,0,0,0,0,0,0,0,0,0,0,0,0,0,0,0,0,0,104,2026-02-06 00:43:51.673732
SMMR,26.19,26.17,26.19,3000.0,1803800.0,,293.0,1472000.0,7347.0,6000.0,3760.0,0,0,0,0,0,0,0,0,0,0,0,0,0,0,0,0,0,0,0,0,0,0,0,0,0,0,0,0,0,0,0,0,0,0,0,0,0,0,104,2026-02-06 00:43:51.673732
ATMN,24.79,24.6,24.79,3949.0,1584700.0,6000.0,1772.0,2134300.0,,,1000.0,0,0,0,0,0,0,0,0,0,0,0,0,0,0,0,0,0,0,0,0,0,0,0,0,0,0,0,0,0,0,0,0,0,0,0,0,0,0,104,2026-02-06 00:43:51.673732
WNTR,25.63,25.64,25.65,4948.0,1281800.0,6000.0,22008.0,1366700.0,6992.0,,4844.0,0,0,0,0,0,0,0,0,0,0,0,0,0,0,0,0,0,0,0,0,0,0,0,0,0,0,0,0,0,0,0,0,0,0,0,0,0,0,104,2026-02-06 00:43:51.673732
SPNG,25.43,25.09,25.11,2170200.0,1541500.0,4277.0,,,,,0,0,0,0,0,0,0,0,0,0,0,0,0,0,0,0,0,0,0,0,0,0,0,0,0,0,0,0,0,0,0,0,0,0,0,0,0,0,0,105,2026-02-06 00:43:52.739581
SMMR,26.25,26.18,26.21,1672100.0,1559600.0,4211.0,5000.0,6000.0,,,0,0,0,0,0,0,0,0,0,0,0,0,0,0,0,0,0,0,0,0,0,0,0,0,0,0,0,0,0,0,0,0,0,0,0,0,0,0,0,105,2026-02-06 00:43:52.739581
ATMN,24.79,24.68,24.79,2200600.0,2158400.0,1000.0,771.0,,6000.0,,0,0,0,0,0,0,0,0,0,0,0,0,0,0,0,0,0,0,0,0,0,0,0,0,0,0,0,0,0,0,0,0,0,0,0,0,0,0,0,105,2026-02-06 00:43:52.739581
WNTR,25.62,25.63,25.65,1476000.0,1583300.0,4844.0,4948.0,,6000.0,4602.0,0,0,0,0,0,0,0,0,0,0,0,0,0,0,0,0,0,0,0,0,0,0,0,0,0,0,0,0,0,0,0,0,0,0,0,0,0,0,0,105,2026-02-06 00:43:52.739581
SPNG,25.11,25.09,25.11,1507700.0,4507.0,285.0,4000.0,1606700.0,,,,0,0,0,0,0,0,0,0,0,0,0,0,0,0,0,0,0,0,0,0,0,0,0,0,0,0,0,0,0,0,0,0,0,0,0,0,0,0,106,2026-02-06 00:43:53.809109
SMMR,26.19,26.18,26.19,1556200.0,5000.0,6963.0,,2098800.0,6000.0,,,0,0,0,0,0,0,0,0,0,0,0,0,0,0,0,0,0,0,0,0,0,0,0,0,0,0,0,0,0,0,0,0,0,0,0,0,0,0,106,2026-02-06 00:43:53.809109
ATMN,24.69,24.65,24.69,1699500.0,4091.0,,5000.0,1579400.0,,6000.0,984.0,0,0,0,0,0,0,0,0,0,0,0,0,0,0,0,0,0,0,0,0,0,0,0,0,0,0,0,0,0,0,0,0,0,0,0,0,0,0,106,2026-02-06 00:43:53.809109
WNTR,25.62,25.64,25.65,1573900.0,3999.0,7122.0,4625.0,1476900.0,,6000.0,7122.0,0,0,0,0,0,0,0,0,0,0,0,0,0,0,0,0,0,0,0,0,0,0,0,0,0,0,0,0,0,0,0,0,0,0,0,0,0,0,106,2026-02-06 00:43:53.809109
SPNG,25.16,25.16,25.18,1309500.0,769.0,4507.0,9422.0,6000.0,1692900.0,,,0,0,0,0,0,0,0,0,0,0,0,0,0,0,0,0,0,0,0,0,0,0,0,0,0,0,0,0,0,0,0,0,0,0,0,0,0,0,107,2026-02-06 00:43:54.875906
SMMR,26.14,26.14,26.19,2280800.0,,,8489.0,6000.0,1335800.0,3686.0,,0,0,0,0,0,0,0,0,0,0,0,0,0,0,0,0,0,0,0,0,0,0,0,0,0,0,0,0,0,0,0,0,0,0,0,0,0,0,107,2026-02-06 00:43:54.875906
ATMN,24.81,24.7,24.81,1607500.0,9777.0,3930.0,984.0,,2163100.0,,6000.0,0,0,0,0,0,0,0,0,0,0,0,0,0,0,0,0,0,0,0,0,0,0,0,0,0,0,0,0,0,0,0,0,0,0,0,0,0,0,107,2026-02-06 00:43:54.875906
WNTR,25.66,25.65,25.66,1486700.0,15441.0,3999.0,2897.0,,1353800.0,5524.0,6000.0,0,0,0,0,0,0,0,0,0,0,0,0,0,0,0,0,0,0,0,0,0,0,0,0,0,0,0,0,0,0,0,0,0,0,0,0,0,0,107,2026-02-06 00:43:54.875906
SPNG,25.57,25.57,25.7,1805600.0,769.0,1937100.0,,,,,,0,0,0,0,0,0,0,0,0,0,0,0,0,0,0,0,0,0,0,0,0,0,0,0,0,0,0,0,0,0,0,0,0,0,0,0,0,0,108,2026-02-06 00:43:55.427174
SMMR,26.3,26.14,26.3,2280800.0,,2114100.0,6000.0,,,,,0,0,0,0,0,0,0,0,0,0,0,0,0,0,0,0,0,0,0,0,0,0,0,0,0,0,0,0,0,0,0,0,0,0,0,0,0,0,108,2026-02-06 00:43:55.427174
ATMN,24.82,24.7,24.82,1479500.0,9677.0,2179200.0,,6000.0,5523.0,984.0,,0,0,0,0,0,0,0,0,0,0,0,0,0,0,0,0,0,0,0,0,0,0,0,0,0,0,0,0,0,0,0,0,0,0,0,0,0,0,108,2026-02-06 00:43:55.427174
WNTR,25.66,25.65,25.66,1357200.0,15441.0,1354500.0,,6000.0,4999.0,2897.0,5193.0,0,0,0,0,0,0,0,0,0,0,0,0,0,0,0,0,0,0,0,0,0,0,0,0,0,0,0,0,0,0,0,0,0,0,0,0,0,0,108,2026-02-06 00:43:55.427174
SPNG,25.44,25.58,25.69,1627600.0,5000.0,3447.0,1855500.0,,,,,0,0,0,0,0,0,0,0,0,0,0,0,0,0,0,0,0,0,0,0,0,0,0,0,0,0,0,0,0,0,0,0,0,0,0,0,0,0,109,2026-02-06 00:43:56.502778
SMMR,26.3,26.17,26.27,1602000.0,5000.0,4249.0,1447500.0,8202.0,6000.0,2113.0,,0,0,0,0,0,0,0,0,0,0,0,0,0,0,0,0,0,0,0,0,0,0,0,0,0,0,0,0,0,0,0,0,0,0,0,0,0,0,109,2026-02-06 00:43:56.502778
ATMN,24.71,24.72,24.74,1853000.0,4000.0,187.0,1938800.0,,6000.0,,4600.0,0,0,0,0,0,0,0,0,0,0,0,0,0,0,0,0,0,0,0,0,0,0,0,0,0,0,0,0,0,0,0,0,0,0,0,0,0,0,109,2026-02-06 00:43:56.502778
WNTR,25.66,25.62,25.66,1723300.0,3999.0,1661.0,1341000.0,,,5193.0,6000.0,0,0,0,0,0,0,0,0,0,0,0,0,0,0,0,0,0,0,0,0,0,0,0,0,0,0,0,0,0,0,0,0,0,0,0,0,0,0,109,2026-02-06 00:43:56.502778
SPNG,25.43,25.37,25.43,6000.0,2022700.0,6000.0,8854.0,1736000.0,,,,0,0,0,0,0,0,0,0,0,0,0,0,0,0,0,0,0,0,0,0,0,0,0,0,0,0,0,0,0,0,0,0,0,0,0,0,0,0,110,2026-02-06 00:43:57.552293
SMMR,26.26,26.19,26.26,,1466800.0,6000.0,4249.0,1421300.0,11473.0,5000.0,2113.0,0,0,0,0,0,0,0,0,0,0,0,0,0,0,0,0,0,0,0,0,0,0,0,0,0,0,0,0,0,0,0,0,0,0,0,0,0,0,110,2026-02-06 00:43:57.552293
ATMN,24.72,24.72,24.74,6000.0,1855600.0,1900.0,187.0,2031200.0,,4000.0,,0,0,0,0,0,0,0,0,0,0,0,0,0,0,0,0,0,0,0,0,0,0,0,0,0,0,0,0,0,0,0,0,0,0,0,0,0,0,110,2026-02-06 00:43:57.552293
WNTR,25.61,25.63,25.67,6000.0,1852100.0,,,1593400.0,,1807.0,3393.0,0,0,0,0,0,0,0,0,0,0,0,0,0,0,0,0,0,0,0,0,0,0,0,0,0,0,0,0,0,0,0,0,0,0,0,0,0,0,110,2026-02-06 00:43:57.552293
SPNG,25.71,25.37,25.71,6000.0,4698.0,1937200.0,823.0,1654100.0,,,,0,0,0,0,0,0,0,0,0,0,0,0,0,0,0,0,0,0,0,0,0,0,0,0,0,0,0,0,0,0,0,0,0,0,0,0,0,0,111,2026-02-06 00:43:58.636356
SMMR,26.17,26.17,26.25,,,1982200.0,2140.0,1303500.0,2000.0,7863.0,6000.0,0,0,0,0,0,0,0,0,0,0,0,0,0,0,0,0,0,0,0,0,0,0,0,0,0,0,0,0,0,0,0,0,0,0,0,0,0,0,111,2026-02-06 00:43:58.636356
ATMN,24.67,24.65,24.67,,,2406100.0,1501.0,1586200.0,,287.0,1261.0,0,0,0,0,0,0,0,0,0,0,0,0,0,0,0,0,0,0,0,0,0,0,0,0,0,0,0,0,0,0,0,0,0,0,0,0,0,0,111,2026-02-06 00:43:58.636356
WNTR,25.67,25.62,25.67,6000.0,,1971700.0,2724.0,1718700.0,1234.0,,,0,0,0,0,0,0,0,0,0,0,0,0,0,0,0,0,0,0,0,0,0,0,0,0,0,0,0,0,0,0,0,0,0,0,0,0,0,0,111,2026-02-06 00:43:58.636356
SPNG,25.24,25.24,25.61,2124900.0,1943400.0,100.0,,,,0,0,0,0,0,0,0,0,0,0,0,0,0,0,0,0,0,0,0,0,0,0,0,0,0,0,0,0,0,0,0,0,0,0,0,0,0,0,0,0,112,2026-02-06 00:43:59.703564
SMMR,26.26,26.17,26.26,2085700.0,2063800.0,,1000.0,6000.0,,0,0,0,0,0,0,0,0,0,0,0,0,0,0,0,0,0,0,0,0,0,0,0,0,0,0,0,0,0,0,0,0,0,0,0,0,0,0,0,0,112,2026-02-06 00:43:59.703564
ATMN,24.86,24.65,24.86,2291900.0,2218500.0,,1116.0,,,0,0,0,0,0,0,0,0,0,0,0,0,0,0,0,0,0,0,0,0,0,0,0,0,0,0,0,0,0,0,0,0,0,0,0,0,0,0,0,0,112,2026-02-06 00:43:59.703564
WNTR,25.67,25.63,25.66,2175800.0,2073200.0,6606.0,,,6000.0,0,0,0,0,0,0,0,0,0,0,0,0,0,0,0,0,0,0,0,0,0,0,0,0,0,0,0,0,0,0,0,0,0,0,0,0,0,0,0,0,112,2026-02-06 00:43:59.703564
SPNG,25.43,25.16,25.21,2144700.0,2046200.0,,,,0,0,0,0,0,0,0,0,0,0,0,0,0,0,0,0,0,0,0,0,0,0,0,0,0,0,0,0,0,0,0,0,0,0,0,0,0,0,0,0,0,113,2026-02-06 00:44:00.786337
SMMR,26.17,26.17,26.21,2148900.0,2050200.0,6000.0,6000.0,,0,0,0,0,0,0,0,0,0,0,0,0,0,0,0,0,0,0,0,0,0,0,0,0,0,0,0,0,0,0,0,0,0,0,0,0,0,0,0,0,0,113,2026-02-06 00:44:00.786337
ATMN,24.51,24.51,24.66,2401000.0,1999200.0,,6000.0,3087.0,0,0,0,0,0,0,0,0,0,0,0,0,0,0,0,0,0,0,0,0,0,0,0,0,0,0,0,0,0,0,0,0,0,0,0,0,0,0,0,0,0,113,2026-02-06 00:44:00.786337
WNTR,25.62,25.62,25.63,2175800.0,2203400.0,6000.0,,,0,0,0,0,0,0,0,0,0,0,0,0,0,0,0,0,0,0,0,0,0,0,0,0,0,0,0,0,0,0,0,0,0,0,0,0,0,0,0,0,0,113,2026-02-06 00:44:00.786337
SPNG,25.27,25.16,25.27,2144700.0,1976700.0,6000.0,,0,0,0,0,0,0,0,0,0,0,0,0,0,0,0,0,0,0,0,0,0,0,0,0,0,0,0,0,0,0,0,0,0,0,0,0,0,0,0,0,0,0,114,2026-02-06 00:44:01.861627
SMMR,26.35,26.17,26.23,2148900.0,2226100.0,,3000.0,0,0,0,0,0,0,0,0,0,0,0,0,0,0,0,0,0,0,0,0,0,0,0,0,0,0,0,0,0,0,0,0,0,0,0,0,0,0,0,0,0,0,114,2026-02-06 00:44:01.861627
ATMN,24.37,24.37,24.76,2378300.0,2126000.0,6000.0,,0,0,0,0,0,0,0,0,0,0,0,0,0,0,0,0,0,0,0,0,0,0,0,0,0,0,0,0,0,0,0,0,0,0,0,0,0,0,0,0,0,0,114,2026-02-06 00:44:01.861627
WNTR,25.61,25.58,25.61,2266400.0,2209100.0,,,0,0,0,0,0,0,0,0,0,0,0,0,0,0,0,0,0,0,0,0,0,0,0,0,0,0,0,0,0,0,0,0,0,0,0,0,0,0,0,0,0,0,114,2026-02-06 00:44:01.861627
SPNG,25.57,25.57,25.77,2112100.0,2026600.0,,,0,0,0,0,0,0,0,0,0,0,0,0,0,0,0,0,0,0,0,0,0,0,0,0,0,0,0,0,0,0,0,0,0,0,0,0,0,0,0,0,0,0,115,2026-02-06 00:44:02.940637
SMMR,26.35,26.17,26.2,2148900.0,2213800.0,3000.0,,0,0,0,0,0,0,0,0,0,0,0,0,0,0,0,0,0,0,0,0,0,0,0,0,0,0,0,0,0,0,0,0,0,0,0,0,0,0,0,0,0,0,115,2026-02-06 00:44:02.940637
ATMN,24.36,24.36,24.77,2347100.0,2146500.0,,6000.0,0,0,0,0,0,0,0,0,0,0,0,0,0,0,0,0,0,0,0,0,0,0,0,0,0,0,0,0,0,0,0,0,0,0,0,0,0,0,0,0,0,0,115,2026-02-06 00:44:02.940637
WNTR,25.63,25.61,25.63,2146700.0,2203400.0,500.0,,0,0,0,0,0,0,0,0,0,0,0,0,0,0,0,0,0,0,0,0,0,0,0,0,0,0,0,0,0,0,0,0,0,0,0,0,0,0,0,0,0,0,115,2026-02-06 00:44:02.940637
SPNG,25.04,25.04,25.77,2160400.0,2058100.0,0,0,0,0,0,0,0,0,0,0,0,0,0,0,0,0,0,0,0,0,0,0,0,0,0,0,0,0,0,0,0,0,0,0,0,0,0,0,0,0,0,0,0,0,116,2026-02-06 00:44:03.508418
SMMR,26.18,26.13,26.18,2278400.0,2201800.0,0,0,0,0,0,0,0,0,0,0,0,0,0,0,0,0,0,0,0,0,0,0,0,0,0,0,0,0,0,0,0,0,0,0,0,0,0,0,0,0,0,0,0,0,116,2026-02-06 00:44:03.508418
ATMN,24.35,24.35,24.8,2340700.0,2251500.0,0,0,0,0,0,0,0,0,0,0,0,0,0,0,0,0,0,0,0,0,0,0,0,0,0,0,0,0,0,0,0,0,0,0,0,0,0,0,0,0,0,0,0,0,116,2026-02-06 00:44:03.508418
WNTR,25.58,25.58,25.63,2266400.0,2188200.0,0,0,0,0,0,0,0,0,0,0,0,0,0,0,0,0,0,0,0,0,0,0,0,0,0,0,0,0,0,0,0,0,0,0,0,0,0,0,0,0,0,0,0,0,116,2026-02-06 00:44:03.508418
SPNG,25.16,25.63,25.77,2194600.0,2058100.0,0,0,0,0,0,0,0,0,0,0,0,0,0,0,0,0,0,0,0,0,0,0,0,0,0,0,0,0,0,0,0,0,0,0,0,0,0,0,0,0,0,0,0,0,117,2026-02-06 00:44:04.621789
SMMR,26.23,26.25,26.35,2252100.0,2201200.0,0,0,0,0,0,0,0,0,0,0,0,0,0,0,0,0,0,0,0,0,0,0,0,0,0,0,0,0,0,0,0,0,0,0,0,0,0,0,0,0,0,0,0,0,117,2026-02-06 00:44:04.621789
ATMN,24.35,24.35,24.46,2351400.0,2258100.0,0,0,0,0,0,0,0,0,0,0,0,0,0,0,0,0,0,0,0,0,0,0,0,0,0,0,0,0,0,0,0,0,0,0,0,0,0,0,0,0,0,0,0,0,117,2026-02-06 00:44:04.621789
WNTR,25.64,25.58,25.64,2243500.0,2195700.0,0,0,0,0,0,0,0,0,0,0,0,0,0,0,0,0,0,0,0,0,0,0,0,0,0,0,0,0,0,0,0,0,0,0,0,0,0,0,0,0,0,0,0,0,117,2026-02-06 00:44:04.621789
SPNG,25.16,25.63,25.67,2194600.0,2015200.0,0,0,0,0,0,0,0,0,0,0,0,0,0,0,0,0,0,0,0,0,0,0,0,0,0,0,0,0,0,0,0,0,0,0,0,0,0,0,0,0,0,0,0,0,118,2026-02-06 00:44:05.702641
SMMR,26.38,26.25,26.38,2252100.0,2205800.0,0,0,0,0,0,0,0,0,0,0,0,0,0,0,0,0,0,0,0,0,0,0,0,0,0,0,0,0,0,0,0,0,0,0,0,0,0,0,0,0,0,0,0,0,118,2026-02-06 00:44:05.702641
ATMN,24.46,24.77,24.8,2344500.0,2267300.0,0,0,0,0,0,0,0,0,0,0,0,0,0,0,0,0,0,0,0,0,0,0,0,0,0,0,0,0,0,0,0,0,0,0,0,0,0,0,0,0,0,0,0,0,118,2026-02-06 00:44:05.702641
WNTR,25.69,25.58,25.69,2246600.0,2174300.0,0,0,0,0,0,0,0,0,0,0,0,0,0,0,0,0,0,0,0,0,0,0,0,0,0,0,0,0,0,0,0,0,0,0,0,0,0,0,0,0,0,0,0,0,118,2026-02-06 00:44:05.702641
SPNG,25.63,25.02,25.09,2208200.0,2028500.0,0,0,0,0,0,0,0,0,0,0,0,0,0,0,0,0,0,0,0,0,0,0,0,0,0,0,0,0,0,0,0,0,0,0,0,0,0,0,0,0,0,0,0,0,119,2026-02-06 00:44:06.780552
SMMR,26.39,26.25,26.36,2252100.0,2179300.0,0,0,0,0,0,0,0,0,0,0,0,0,0,0,0,0,0,0,0,0,0,0,0,0,0,0,0,0,0,0,0,0,0,0,0,0,0,0,0,0,0,0,0,0,119,2026-02-06 00:44:06.780552
ATMN,24.46,24.77,24.8,2344500.0,2284200.0,0,0,0,0,0,0,0,0,0,0,0,0,0,0,0,0,0,0,0,0,0,0,0,0,0,0,0,0,0,0,0,0,0,0,0,0,0,0,0,0,0,0,0,0,119,2026-02-06 00:44:06.780552
WNTR,25.69,25.58,25.69,2265300.0,2156600.0,0,0,0,0,0,0,0,0,0,0,0,0,0,0,0,0,0,0,0,0,0,0,0,0,0,0,0,0,0,0,0,0,0,0,0,0,0,0,0,0,0,0,0,0,119,2026-02-06 00:44:06.780552
SPNG,25.02,24.86,26.77,4933.0,1022100.0,790500.0,1000.0,0,0,0,0,0,0,0,0,0,0,0,0,0,0,0,0,0,0,0,0,0,0,0,0,0,0,0,0,0,0,0,0,0,0,0,0,0,0,0,0,0,0,120,2026-02-06 00:44:07.921483
SMMR,26.19,24.27,24.59,,895100.0,931600.0,,0,0,0,0,0,0,0,0,0,0,0,0,0,0,0,0,0,0,0,0,0,0,0,0,0,0,0,0,0,0,0,0,0,0,0,0,0,0,0,0,0,0,120,2026-02-06 00:44:07.921483
ATMN,24.77,24.64,24.71,,869100.0,867300.0,,0,0,0,0,0,0,0,0,0,0,0,0,0,0,0,0,0,0,0,0,0,0,0,0,0,0,0,0,0,0,0,0,0,0,0,0,0,0,0,0,0,0,120,2026-02-06 00:44:07.921483
WNTR,25.69,25.19,25.49,,854100.0,875700.0,,0,0,0,0,0,0,0,0,0,0,0,0,0,0,0,0,0,0,0,0,0,0,0,0,0,0,0,0,0,0,0,0,0,0,0,0,0,0,0,0,0,0,120,2026-02-06 00:44:07.921483
SPNG,24.85,24.98,25.35,5956.0,1022100.0,4875.0,959500.0,4861.0,,0,0,0,0,0,0,0,0,0,0,0,0,0,0,0,0,0,0,0,0,0,0,0,0,0,0,0,0,0,0,0,0,0,0,0,0,0,0,0,0,121,2026-02-06 00:44:08.978929
SMMR,24.27,24.28,24.34,5956.0,895100.0,,1284600.0,,5956.0,0,0,0,0,0,0,0,0,0,0,0,0,0,0,0,0,0,0,0,0,0,0,0,0,0,0,0,0,0,0,0,0,0,0,0,0,0,0,0,0,121,2026-02-06 00:44:08.978929
ATMN,24.77,24.65,24.77,5956.0,870300.0,2975.0,890400.0,,,0,0,0,0,0,0,0,0,0,0,0,0,0,0,0,0,0,0,0,0,0,0,0,0,0,0,0,0,0,0,0,0,0,0,0,0,0,0,0,0,121,2026-02-06 00:44:08.978929
WNTR,25.32,25.21,25.32,5956.0,866800.0,,1085400.0,,5956.0,0,0,0,0,0,0,0,0,0,0,0,0,0,0,0,0,0,0,0,0,0,0,0,0,0,0,0,0,0,0,0,0,0,0,0,0,0,0,0,0,121,2026-02-06 00:44:08.978929
SPNG,24.85,24.98,25.02,5956.0,1022100.0,4875.0,1140800.0,5956.0,4861.0,0,0,0,0,0,0,0,0,0,0,0,0,0,0,0,0,0,0,0,0,0,0,0,0,0,0,0,0,0,0,0,0,0,0,0,0,0,0,0,0,122,2026-02-06 00:44:09.536718
SMMR,24.26,24.26,24.29,,890100.0,2962.0,1414400.0,5956.0,4810.0,0,0,0,0,0,0,0,0,0,0,0,0,0,0,0,0,0,0,0,0,0,0,0,0,0,0,0,0,0,0,0,0,0,0,0,0,0,0,0,0,122,2026-02-06 00:44:09.536718
ATMN,24.77,24.65,24.76,5956.0,870300.0,2975.0,1097200.0,,1803.0,0,0,0,0,0,0,0,0,0,0,0,0,0,0,0,0,0,0,0,0,0,0,0,0,0,0,0,0,0,0,0,0,0,0,0,0,0,0,0,0,122,2026-02-06 00:44:09.536718
WNTR,25.32,25.21,25.32,5956.0,866800.0,2864.0,1176900.0,5956.0,,0,0,0,0,0,0,0,0,0,0,0,0,0,0,0,0,0,0,0,0,0,0,0,0,0,0,0,0,0,0,0,0,0,0,0,0,0,0,0,0,122,2026-02-06 00:44:09.536718
SPNG,24.36,24.16,24.36,1175400.0,1262900.0,5000.0,5956.0,,,0,0,0,0,0,0,0,0,0,0,0,0,0,0,0,0,0,0,0,0,0,0,0,0,0,0,0,0,0,0,0,0,0,0,0,0,0,0,0,0,123,2026-02-06 00:44:10.592689
SMMR,24.1,23.77,23.87,899000.0,1649200.0,2000.0,11642.0,,,0,0,0,0,0,0,0,0,0,0,0,0,0,0,0,0,0,0,0,0,0,0,0,0,0,0,0,0,0,0,0,0,0,0,0,0,0,0,0,0,123,2026-02-06 00:44:10.592689
ATMN,24.77,24.68,24.76,870300.0,1448700.0,1803.0,1065.0,12899.0,2975.0,0,0,0,0,0,0,0,0,0,0,0,0,0,0,0,0,0,0,0,0,0,0,0,0,0,0,0,0,0,0,0,0,0,0,0,0,0,0,0,0,123,2026-02-06 00:44:10.592689
WNTR,25.21,25.21,25.32,866800.0,1364400.0,5000.0,5956.0,5956.0,4547.0,0,0,0,0,0,0,0,0,0,0,0,0,0,0,0,0,0,0,0,0,0,0,0,0,0,0,0,0,0,0,0,0,0,0,0,0,0,0,0,0,123,2026-02-06 00:44:10.592689
SPNG,24.36,24.29,24.36,1411900.0,100.0,1262900.0,5000.0,,,0,0,0,0,0,0,0,0,0,0,0,0,0,0,0,0,0,0,0,0,0,0,0,0,0,0,0,0,0,0,0,0,0,0,0,0,0,0,0,0,124,2026-02-06 00:44:11.666757
SMMR,23.87,23.78,23.86,1031500.0,100.0,1632300.0,4974.0,4155.0,,0,0,0,0,0,0,0,0,0,0,0,0,0,0,0,0,0,0,0,0,0,0,0,0,0,0,0,0,0,0,0,0,0,0,0,0,0,0,0,0,124,2026-02-06 00:44:11.666757
ATMN,24.55,24.7,24.76,1001400.0,,1574100.0,4211.0,100.0,5000.0,0,0,0,0,0,0,0,0,0,0,0,0,0,0,0,0,0,0,0,0,0,0,0,0,0,0,0,0,0,0,0,0,0,0,0,0,0,0,0,0,124,2026-02-06 00:44:11.666757
WNTR,25.21,25.23,25.26,1000400.0,3522.0,1357000.0,6000.0,7444.0,4547.0,0,0,0,0,0,0,0,0,0,0,0,0,0,0,0,0,0,0,0,0,0,0,0,0,0,0,0,0,0,0,0,0,0,0,0,0,0,0,0,0,124,2026-02-06 00:44:11.666757
SPNG,24.59,24.59,24.65,1506800.0,2967.0,1836.0,1486900.0,,,0,0,0,0,0,0,0,0,0,0,0,0,0,0,0,0,0,0,0,0,0,0,0,0,0,0,0,0,0,0,0,0,0,0,0,0,0,0,0,0,125,2026-02-06 00:44:12.751312
SMMR,23.77,23.77,23.79,931500.0,3733.0,,1488100.0,12456.0,5000.0,0,0,0,0,0,0,0,0,0,0,0,0,0,0,0,0,0,0,0,0,0,0,0,0,0,0,0,0,0,0,0,0,0,0,0,0,0,0,0,0,125,2026-02-06 00:44:12.751312
ATMN,24.65,24.55,24.65,1230700.0,,1965.0,1451100.0,6087.0,3295.0,0,0,0,0,0,0,0,0,0,0,0,0,0,0,0,0,0,0,0,0,0,0,0,0,0,0,0,0,0,0,0,0,0,0,0,0,0,0,0,0,125,2026-02-06 00:44:12.751312
WNTR,25.17,25.17,25.25,1025000.0,1683.0,,1223600.0,7444.0,7000.0,0,0,0,0,0,0,0,0,0,0,0,0,0,0,0,0,0,0,0,0,0,0,0,0,0,0,0,0,0,0,0,0,0,0,0,0,0,0,0,0,125,2026-02-06 00:44:12.751312
SPNG,24.68,24.68,24.83,1716000.0,6000.0,4098.0,1509500.0,,,,0,0,0,0,0,0,0,0,0,0,0,0,0,0,0,0,0,0,0,0,0,0,0,0,0,0,0,0,0,0,0,0,0,0,0,0,0,0,0,126,2026-02-06 00:44:13.823818
SMMR,23.9,23.74,23.9,928800.0,,1379.0,1889800.0,,,,0,0,0,0,0,0,0,0,0,0,0,0,0,0,0,0,0,0,0,0,0,0,0,0,0,0,0,0,0,0,0,0,0,0,0,0,0,0,0,126,2026-02-06 00:44:13.823818
ATMN,24.77,24.77,24.78,1230700.0,6000.0,,1739000.0,3295.0,,,0,0,0,0,0,0,0,0,0,0,0,0,0,0,0,0,0,0,0,0,0,0,0,0,0,0,0,0,0,0,0,0,0,0,0,0,0,0,0,126,2026-02-06 00:44:13.823818
WNTR,25.26,24.99,25.25,1027100.0,,,1235400.0,6000.0,100.0,6000.0,0,0,0,0,0,0,0,0,0,0,0,0,0,0,0,0,0,0,0,0,0,0,0,0,0,0,0,0,0,0,0,0,0,0,0,0,0,0,0,126,2026-02-06 00:44:13.823818
SPNG,24.56,24.29,24.39,1522500.0,1840500.0,100.0,,,,,0,0,0,0,0,0,0,0,0,0,0,0,0,0,0,0,0,0,0,0,0,0,0,0,0,0,0,0,0,0,0,0,0,0,0,0,0,0,0,127,2026-02-06 00:44:14.910747
SMMR,23.69,23.63,23.69,970600.0,1770100.0,8242.0,6000.0,3000.0,,,0,0,0,0,0,0,0,0,0,0,0,0,0,0,0,0,0,0,0,0,0,0,0,0,0,0,0,0,0,0,0,0,0,0,0,0,0,0,0,127,2026-02-06 00:44:14.910747
ATMN,24.48,24.7,24.78,1160500.0,1570800.0,,250.0,4533.0,,,0,0,0,0,0,0,0,0,0,0,0,0,0,0,0,0,0,0,0,0,0,0,0,0,0,0,0,0,0,0,0,0,0,0,0,0,0,0,0,127,2026-02-06 00:44:14.910747
WNTR,25.26,25.18,25.21,1142300.0,1023100.0,9918.0,,9000.0,9918.0,3905.0,0,0,0,0,0,0,0,0,0,0,0,0,0,0,0,0,0,0,0,0,0,0,0,0,0,0,0,0,0,0,0,0,0,0,0,0,0,0,0,127,2026-02-06 00:44:14.910747
SPNG,24.83,24.29,24.83,1843300.0,3376.0,1735100.0,,,,,,0,0,0,0,0,0,0,0,0,0,0,0,0,0,0,0,0,0,0,0,0,0,0,0,0,0,0,0,0,0,0,0,0,0,0,0,0,0,128,2026-02-06 00:44:16.006208
SMMR,23.72,23.82,23.83,1087800.0,3743.0,2252500.0,8215.0,6000.0,,,,0,0,0,0,0,0,0,0,0,0,0,0,0,0,0,0,0,0,0,0,0,0,0,0,0,0,0,0,0,0,0,0,0,0,0,0,0,0,128,2026-02-06 00:44:16.006208
ATMN,24.84,24.75,24.78,1277200.0,2219.0,1853100.0,2494.0,250.0,6000.0,3305.0,,0,0,0,0,0,0,0,0,0,0,0,0,0,0,0,0,0,0,0,0,0,0,0,0,0,0,0,0,0,0,0,0,0,0,0,0,0,0,128,2026-02-06 00:44:16.006208
WNTR,25.26,25.19,25.21,1385400.0,3905.0,933900.0,16056.0,6000.0,,9918.0,9000.0,0,0,0,0,0,0,0,0,0,0,0,0,0,0,0,0,0,0,0,0,0,0,0,0,0,0,0,0,0,0,0,0,0,0,0,0,0,0,128,2026-02-06 00:44:16.006208
SPNG,24.89,24.59,24.64,6000.0,5000.0,1566700.0,6000.0,1609400.0,,,,0,0,0,0,0,0,0,0,0,0,0,0,0,0,0,0,0,0,0,0,0,0,0,0,0,0,0,0,0,0,0,0,0,0,0,0,0,0,129,2026-02-06 00:44:17.072723
SMMR,23.83,23.82,23.83,,3743.0,1087800.0,6000.0,2099000.0,2614.0,,,0,0,0,0,0,0,0,0,0,0,0,0,0,0,0,0,0,0,0,0,0,0,0,0,0,0,0,0,0,0,0,0,0,0,0,0,0,0,129,2026-02-06 00:44:17.072723
ATMN,24.64,24.68,24.77,6000.0,,1293000.0,6000.0,1959900.0,,7058.0,1000.0,0,0,0,0,0,0,0,0,0,0,0,0,0,0,0,0,0,0,0,0,0,0,0,0,0,0,0,0,0,0,0,0,0,0,0,0,0,0,129,2026-02-06 00:44:17.072723
WNTR,25.26,25.15,25.18,,3667.0,1385400.0,6000.0,1437700.0,,,5000.0,0,0,0,0,0,0,0,0,0,0,0,0,0,0,0,0,0,0,0,0,0,0,0,0,0,0,0,0,0,0,0,0,0,0,0,0,0,0,129,2026-02-06 00:44:17.072723
SPNG,24.59,24.62,24.63,6000.0,1549600.0,5000.0,100.0,6000.0,1707600.0,,0,0,0,0,0,0,0,0,0,0,0,0,0,0,0,0,0,0,0,0,0,0,0,0,0,0,0,0,0,0,0,0,0,0,0,0,0,0,0,130,2026-02-06 00:44:17.615598
SMMR,23.88,23.82,23.83,,1087800.0,4849.0,,6000.0,1602300.0,4936.0,0,0,0,0,0,0,0,0,0,0,0,0,0,0,0,0,0,0,0,0,0,0,0,0,0,0,0,0,0,0,0,0,0,0,0,0,0,0,0,130,2026-02-06 00:44:17.615598
ATMN,24.84,24.64,24.84,,1420200.0,1615.0,,,1959900.0,,0,0,0,0,0,0,0,0,0,0,0,0,0,0,0,0,0,0,0,0,0,0,0,0,0,0,0,0,0,0,0,0,0,0,0,0,0,0,0,130,2026-02-06 00:44:17.615598
WNTR,25.26,25.15,25.18,,1385400.0,3667.0,,6000.0,1474800.0,5000.0,0,0,0,0,0,0,0,0,0,0,0,0,0,0,0,0,0,0,0,0,0,0,0,0,0,0,0,0,0,0,0,0,0,0,0,0,0,0,0,130,2026-02-06 00:44:17.615598
SPNG,24.63,24.64,24.65,5000.0,100.0,1397.0,1390400.0,3016.0,6000.0,1503700.0,,0,0,0,0,0,0,0,0,0,0,0,0,0,0,0,0,0,0,0,0,0,0,0,0,0,0,0,0,0,0,0,0,0,0,0,0,0,0,131,2026-02-06 00:44:18.673355
SMMR,23.63,23.63,23.83,,,,1110100.0,4936.0,6000.0,1506400.0,9592.0,0,0,0,0,0,0,0,0,0,0,0,0,0,0,0,0,0,0,0,0,0,0,0,0,0,0,0,0,0,0,0,0,0,0,0,0,0,0,131,2026-02-06 00:44:18.673355
ATMN,24.61,24.64,24.77,2133.0,,6000.0,1303500.0,,6000.0,1995800.0,9374.0,0,0,0,0,0,0,0,0,0,0,0,0,0,0,0,0,0,0,0,0,0,0,0,0,0,0,0,0,0,0,0,0,0,0,0,0,0,0,131,2026-02-06 00:44:18.673355
WNTR,24.99,24.99,25.17,,,,1527900.0,6000.0,6000.0,1282800.0,9811.0,0,0,0,0,0,0,0,0,0,0,0,0,0,0,0,0,0,0,0,0,0,0,0,0,0,0,0,0,0,0,0,0,0,0,0,0,0,0,131,2026-02-06 00:44:18.673355
SPNG,24.86,24.32,24.86,2318700.0,1904100.0,,,,,0,0,0,0,0,0,0,0,0,0,0,0,0,0,0,0,0,0,0,0,0,0,0,0,0,0,0,0,0,0,0,0,0,0,0,0,0,0,0,0,132,2026-02-06 00:44:19.759704
SMMR,23.58,23.29,23.56,993500.0,1433300.0,19592.0,4936.0,6000.0,,0,0,0,0,0,0,0,0,0,0,0,0,0,0,0,0,0,0,0,0,0,0,0,0,0,0,0,0,0,0,0,0,0,0,0,0,0,0,0,0,132,2026-02-06 00:44:19.759704
ATMN,24.88,24.64,24.88,1512700.0,1963000.0,,960.0,,6000.0,0,0,0,0,0,0,0,0,0,0,0,0,0,0,0,0,0,0,0,0,0,0,0,0,0,0,0,0,0,0,0,0,0,0,0,0,0,0,0,0,132,2026-02-06 00:44:19.759704
WNTR,24.97,24.92,24.97,1503100.0,1057600.0,19755.0,7000.0,6000.0,,0,0,0,0,0,0,0,0,0,0,0,0,0,0,0,0,0,0,0,0,0,0,0,0,0,0,0,0,0,0,0,0,0,0,0,0,0,0,0,0,132,2026-02-06 00:44:19.759704
SPNG,24.59,24.34,24.89,5000.0,1661300.0,1642900.0,2994.0,,,0,0,0,0,0,0,0,0,0,0,0,0,0,0,0,0,0,0,0,0,0,0,0,0,0,0,0,0,0,0,0,0,0,0,0,0,0,0,0,0,133,2026-02-06 00:44:20.813461
SMMR,23.55,23.29,23.54,2998.0,993500.0,1602300.0,5000.0,3302.0,6000.0,0,0,0,0,0,0,0,0,0,0,0,0,0,0,0,0,0,0,0,0,0,0,0,0,0,0,0,0,0,0,0,0,0,0,0,0,0,0,0,0,133,2026-02-06 00:44:20.813461
ATMN,24.61,24.64,24.8,958.0,1512700.0,2100900.0,960.0,,,0,0,0,0,0,0,0,0,0,0,0,0,0,0,0,0,0,0,0,0,0,0,0,0,0,0,0,0,0,0,0,0,0,0,0,0,0,0,0,0,133,2026-02-06 00:44:20.813461
WNTR,25.11,25.11,25.16,,1711900.0,1379600.0,7000.0,824.0,,0,0,0,0,0,0,0,0,0,0,0,0,0,0,0,0,0,0,0,0,0,0,0,0,0,0,0,0,0,0,0,0,0,0,0,0,0,0,0,0,133,2026-02-06 00:44:20.813461
SPNG,24.31,24.32,24.87,1907400.0,3000.0,9031.0,1539400.0,2994.0,,,0,0,0,0,0,0,0,0,0,0,0,0,0,0,0,0,0,0,0,0,0,0,0,0,0,0,0,0,0,0,0,0,0,0,0,0,0,0,0,134,2026-02-06 00:44:21.890479
SMMR,23.5,23.52,23.54,1377000.0,2998.0,,1710500.0,5000.0,4078.0,,0,0,0,0,0,0,0,0,0,0,0,0,0,0,0,0,0,0,0,0,0,0,0,0,0,0,0,0,0,0,0,0,0,0,0,0,0,0,0,134,2026-02-06 00:44:21.890479
ATMN,24.85,24.86,24.88,1633000.0,4334.0,,1666500.0,4960.0,,6000.0,0,0,0,0,0,0,0,0,0,0,0,0,0,0,0,0,0,0,0,0,0,0,0,0,0,0,0,0,0,0,0,0,0,0,0,0,0,0,0,134,2026-02-06 00:44:21.890479
WNTR,25.18,24.97,24.99,1503100.0,2496.0,,1994400.0,1000.0,,6000.0,0,0,0,0,0,0,0,0,0,0,0,0,0,0,0,0,0,0,0,0,0,0,0,0,0,0,0,0,0,0,0,0,0,0,0,0,0,0,0,134,2026-02-06 00:44:21.890479
SPNG,24.32,24.59,24.78,6000.0,1505100.0,5000.0,6000.0,1882100.0,,,,0,0,0,0,0,0,0,0,0,0,0,0,0,0,0,0,0,0,0,0,0,0,0,0,0,0,0,0,0,0,0,0,0,0,0,0,0,0,135,2026-02-06 00:44:23.051860
SMMR,23.85,23.52,23.85,,1377000.0,4278.0,6000.0,2063000.0,2509.0,,,0,0,0,0,0,0,0,0,0,0,0,0,0,0,0,0,0,0,0,0,0,0,0,0,0,0,0,0,0,0,0,0,0,0,0,0,0,0,135,2026-02-06 00:44:23.051860
ATMN,24.52,24.5,24.52,,1637400.0,,6000.0,1478400.0,2287.0,5000.0,,0,0,0,0,0,0,0,0,0,0,0,0,0,0,0,0,0,0,0,0,0,0,0,0,0,0,0,0,0,0,0,0,0,0,0,0,0,0,135,2026-02-06 00:44:23.051860
WNTR,25.16,25.16,25.18,3500.0,1614900.0,2788.0,,2115600.0,,,373.0,0,0,0,0,0,0,0,0,0,0,0,0,0,0,0,0,0,0,0,0,0,0,0,0,0,0,0,0,0,0,0,0,0,0,0,0,0,0,135,2026-02-06 00:44:23.051860
SPNG,24.31,24.64,24.72,2024600.0,10000.0,1000.0,6000.0,1965.0,3639.0,1238000.0,,0,0,0,0,0,0,0,0,0,0,0,0,0,0,0,0,0,0,0,0,0,0,0,0,0,0,0,0,0,0,0,0,0,0,0,0,0,0,136,2026-02-06 00:44:24.109274
SMMR,23.87,23.87,23.88,1375100.0,9309.0,4332.0,,2509.0,2682.0,1819200.0,,0,0,0,0,0,0,0,0,0,0,0,0,0,0,0,0,0,0,0,0,0,0,0,0,0,0,0,0,0,0,0,0,0,0,0,0,0,0,136,2026-02-06 00:44:24.109274
ATMN,24.5,24.61,24.68,1771400.0,,,6000.0,4787.0,5000.0,1341300.0,500.0,0,0,0,0,0,0,0,0,0,0,0,0,0,0,0,0,0,0,0,0,0,0,0,0,0,0,0,0,0,0,0,0,0,0,0,0,0,0,136,2026-02-06 00:44:24.109274
WNTR,25.2,25.2,25.21,1523100.0,9894.0,2788.0,,6000.0,,2003900.0,6000.0,0,0,0,0,0,0,0,0,0,0,0,0,0,0,0,0,0,0,0,0,0,0,0,0,0,0,0,0,0,0,0,0,0,0,0,0,0,0,136,2026-02-06 00:44:24.109274
SPNG,24.64,24.64,24.77,2024600.0,10000.0,1000.0,1965.0,3639.0,1324300.0,,,0,0,0,0,0,0,0,0,0,0,0,0,0,0,0,0,0,0,0,0,0,0,0,0,0,0,0,0,0,0,0,0,0,0,0,0,0,0,137,2026-02-06 00:44:24.655518
SMMR,23.87,23.62,23.85,1264000.0,9309.0,4332.0,2509.0,2682.0,1835600.0,6000.0,,0,0,0,0,0,0,0,0,0,0,0,0,0,0,0,0,0,0,0,0,0,0,0,0,0,0,0,0,0,0,0,0,0,0,0,0,0,0,137,2026-02-06 00:44:24.655518
ATMN,24.5,24.5,24.51,1771400.0,,2736.0,,4000.0,1646000.0,,6000.0,0,0,0,0,0,0,0,0,0,0,0,0,0,0,0,0,0,0,0,0,0,0,0,0,0,0,0,0,0,0,0,0,0,0,0,0,0,0,137,2026-02-06 00:44:24.655518
WNTR,25.16,25.05,25.15,1728100.0,373.0,2144.0,6000.0,,2034100.0,6000.0,,0,0,0,0,0,0,0,0,0,0,0,0,0,0,0,0,0,0,0,0,0,0,0,0,0,0,0,0,0,0,0,0,0,0,0,0,0,0,137,2026-02-06 00:44:24.655518
SPNG,24.28,24.39,24.6,1000.0,2142200.0,3621.0,1512200.0,1477.0,,,0,0,0,0,0,0,0,0,0,0,0,0,0,0,0,0,0,0,0,0,0,0,0,0,0,0,0,0,0,0,0,0,0,0,0,0,0,0,0,138,2026-02-06 00:44:25.713075
SMMR,23.87,23.71,23.73,4332.0,1390000.0,2682.0,1752100.0,3200.0,16809.0,,0,0,0,0,0,0,0,0,0,0,0,0,0,0,0,0,0,0,0,0,0,0,0,0,0,0,0,0,0,0,0,0,0,0,0,0,0,0,0,138,2026-02-06 00:44:25.713075
ATMN,24.73,24.61,24.73,2736.0,1513500.0,,2179400.0,,1176.0,6000.0,0,0,0,0,0,0,0,0,0,0,0,0,0,0,0,0,0,0,0,0,0,0,0,0,0,0,0,0,0,0,0,0,0,0,0,0,0,0,0,138,2026-02-06 00:44:25.713075
WNTR,25.21,25.18,25.21,1292.0,1847300.0,1000.0,1907100.0,6000.0,9838.0,,0,0,0,0,0,0,0,0,0,0,0,0,0,0,0,0,0,0,0,0,0,0,0,0,0,0,0,0,0,0,0,0,0,0,0,0,0,0,0,138,2026-02-06 00:44:25.713075
SPNG,24.59,24.52,24.59,1888400.0,100.0,1000.0,6000.0,6000.0,4416.0,1433800.0,0,0,0,0,0,0,0,0,0,0,0,0,0,0,0,0,0,0,0,0,0,0,0,0,0,0,0,0,0,0,0,0,0,0,0,0,0,0,0,139,2026-02-06 00:44:26.772025
SMMR,23.71,23.71,23.76,1390000.0,,3000.0,6000.0,500.0,4254.0,1617100.0,0,0,0,0,0,0,0,0,0,0,0,0,0,0,0,0,0,0,0,0,0,0,0,0,0,0,0,0,0,0,0,0,0,0,0,0,0,0,0,139,2026-02-06 00:44:26.772025
ATMN,24.73,24.61,24.65,1513500.0,927.0,3867.0,1900.0,,4000.0,1745300.0,0,0,0,0,0,0,0,0,0,0,0,0,0,0,0,0,0,0,0,0,0,0,0,0,0,0,0,0,0,0,0,0,0,0,0,0,0,0,0,139,2026-02-06 00:44:26.772025
WNTR,25.21,25.19,25.21,1733000.0,9407.0,2155.0,6000.0,,1000.0,2064400.0,0,0,0,0,0,0,0,0,0,0,0,0,0,0,0,0,0,0,0,0,0,0,0,0,0,0,0,0,0,0,0,0,0,0,0,0,0,0,0,139,2026-02-06 00:44:26.772025
SPNG,24.7,24.7,24.78,1290100.0,4977.0,9365.0,5900.0,2007900.0,,,,0,0,0,0,0,0,0,0,0,0,0,0,0,0,0,0,0,0,0,0,0,0,0,0,0,0,0,0,0,0,0,0,0,0,0,0,0,0,140,2026-02-06 00:44:27.827158
SMMR,23.58,23.53,23.58,1606100.0,4000.0,,,2105200.0,2349.0,500.0,,0,0,0,0,0,0,0,0,0,0,0,0,0,0,0,0,0,0,0,0,0,0,0,0,0,0,0,0,0,0,0,0,0,0,0,0,0,0,140,2026-02-06 00:44:27.827158
ATMN,24.85,24.61,24.78,1394600.0,3867.0,927.0,6000.0,2216100.0,,,,0,0,0,0,0,0,0,0,0,0,0,0,0,0,0,0,0,0,0,0,0,0,0,0,0,0,0,0,0,0,0,0,0,0,0,0,0,0,140,2026-02-06 00:44:27.827158
WNTR,25.08,25.07,25.08,1937100.0,703.0,,6000.0,1766000.0,5260.0,,3000.0,0,0,0,0,0,0,0,0,0,0,0,0,0,0,0,0,0,0,0,0,0,0,0,0,0,0,0,0,0,0,0,0,0,0,0,0,0,0,140,2026-02-06 00:44:27.827158
SPNG,24.78,24.6,24.78,2193700.0,1807400.0,1767.0,,,,,0,0,0,0,0,0,0,0,0,0,0,0,0,0,0,0,0,0,0,0,0,0,0,0,0,0,0,0,0,0,0,0,0,0,0,0,0,0,0,141,2026-02-06 00:44:28.887139
SMMR,23.69,23.58,23.69,1730400.0,2192300.0,,5000.0,6000.0,,,0,0,0,0,0,0,0,0,0,0,0,0,0,0,0,0,0,0,0,0,0,0,0,0,0,0,0,0,0,0,0,0,0,0,0,0,0,0,0,141,2026-02-06 00:44:28.887139
ATMN,24.5,24.61,24.68,2121200.0,1987200.0,2000.0,,,6000.0,,0,0,0,0,0,0,0,0,0,0,0,0,0,0,0,0,0,0,0,0,0,0,0,0,0,0,0,0,0,0,0,0,0,0,0,0,0,0,0,141,2026-02-06 00:44:28.887139
WNTR,25.08,25.07,25.08,1941200.0,1566200.0,6000.0,703.0,,6000.0,2894.0,0,0,0,0,0,0,0,0,0,0,0,0,0,0,0,0,0,0,0,0,0,0,0,0,0,0,0,0,0,0,0,0,0,0,0,0,0,0,0,141,2026-02-06 00:44:28.887139
SPNG,24.73,24.91,25.1,1948800.0,813.0,6000.0,1945500.0,,,,0,0,0,0,0,0,0,0,0,0,0,0,0,0,0,0,0,0,0,0,0,0,0,0,0,0,0,0,0,0,0,0,0,0,0,0,0,0,0,142,2026-02-06 00:44:29.940289
SMMR,23.76,23.67,23.69,1603500.0,17500.0,,2207500.0,5000.0,2349.0,,0,0,0,0,0,0,0,0,0,0,0,0,0,0,0,0,0,0,0,0,0,0,0,0,0,0,0,0,0,0,0,0,0,0,0,0,0,0,0,142,2026-02-06 00:44:29.940289
ATMN,24.78,24.63,24.78,2020700.0,100.0,,2180200.0,2000.0,,,0,0,0,0,0,0,0,0,0,0,0,0,0,0,0,0,0,0,0,0,0,0,0,0,0,0,0,0,0,0,0,0,0,0,0,0,0,0,0,142,2026-02-06 00:44:29.940289
WNTR,25.02,25.04,25.06,1696800.0,9154.0,,1677000.0,2398.0,9154.0,4000.0,0,0,0,0,0,0,0,0,0,0,0,0,0,0,0,0,0,0,0,0,0,0,0,0,0,0,0,0,0,0,0,0,0,0,0,0,0,0,0,142,2026-02-06 00:44:29.940289
SPNG,24.58,24.63,25.05,6000.0,1934100.0,813.0,2149.0,1374700.0,4305.0,,0,0,0,0,0,0,0,0,0,0,0,0,0,0,0,0,0,0,0,0,0,0,0,0,0,0,0,0,0,0,0,0,0,0,0,0,0,0,0,143,2026-02-06 00:44:30.994552
SMMR,23.57,23.57,23.59,,1940700.0,4206.0,2349.0,1596100.0,2746.0,6000.0,0,0,0,0,0,0,0,0,0,0,0,0,0,0,0,0,0,0,0,0,0,0,0,0,0,0,0,0,0,0,0,0,0,0,0,0,0,0,0,143,2026-02-06 00:44:30.994552
ATMN,24.64,24.72,24.78,,2248800.0,3480.0,,2180200.0,,,0,0,0,0,0,0,0,0,0,0,0,0,0,0,0,0,0,0,0,0,0,0,0,0,0,0,0,0,0,0,0,0,0,0,0,0,0,0,0,143,2026-02-06 00:44:30.994552
WNTR,25.03,25.03,25.06,6000.0,2002300.0,1049.0,9154.0,1329300.0,6000.0,6000.0,0,0,0,0,0,0,0,0,0,0,0,0,0,0,0,0,0,0,0,0,0,0,0,0,0,0,0,0,0,0,0,0,0,0,0,0,0,0,0,143,2026-02-06 00:44:30.994552
