ticker,last_price,bid_price,ask_price,BUY_ANON,SELL_ANON,BUY_WRSW-1,BUY_BRCH-1,BUY_LAVL-1,SELL_CALG-1,SELL_GIOT-3,SELL_LAVL-1,BUY_GIOT-3,SELL_WRSW-1,BUY_WRSW-3,SELL_WRSW-3,SELL_COLA-1,BUY_CALG-1,BUY_COLA-1,SELL_BRCH-1,SELL_LUIS-1,BUY_LUIS-1,tick,timestamp
SPNG,0.0,0.0,0.0,2082800.0,1735600.0,0,0,0,0,0,0,0,0,0,0,0,0,0,0,0,0,0,2026-02-04 18:14:06.552153
SMMR,25.02,0.0,25.02,1715800.0,2309300.0,0,0,0,0,0,0,0,0,0,0,0,0,0,0,0,0,0,2026-02-04 18:14:06.552153
ATMN,0.0,0.0,0.0,1438200.0,2004100.0,0,0,0,0,0,0,0,0,0,0,0,0,0,0,0,0,0,2026-02-04 18:14:06.552153
WNTR,0.0,0.0,0.0,1954000.0,2064900.0,0,0,0,0,0,0,0,0,0,0,0,0,0,0,0,0,0,2026-02-04 18:14:06.552153
SPNG,25.27,25.25,25.27,2079200.0,1824400.0,0,0,0,0,0,0,0,0,0,0,0,0,0,0,0,0,1,2026-02-04 18:14:07.120796,2.0,1.0,1.0,,Aggregate Position Limit,Your CRO has set the aggregate position limit to 15000 shares for this week.
SMMR,25.02,24.95,25.02,1715800.0,2341400.0,0,0,0,0,0,0,0,0,0,0,0,0,0,0,0,0,1,2026-02-04 18:14:07.120796,1.0,1.0,1.0,,Welcome to the RITC 2026 Alogithmic Market Making Case - practice server,
ATMN,25.07,24.88,25.07,1627200.0,2004100.0,0,0,0,0,0,0,0,0,0,0,0,0,0,0,0,0,1,2026-02-04 18:14:07.120796,,,,,,
WNTR,24.85,24.9,24.97,1955700.0,2055200.0,0,0,0,0,0,0,0,0,0,0,0,0,0,0,0,0,1,2026-02-04 18:14:07.120796,,,,,,
SPNG,25.25,25.25,25.27,2079200.0,2036900.0,0,0,0,0,0,0,0,0,0,0,0,0,0,0,0,0,2,2026-02-04 18:14:08.312016
SMMR,25.02,24.95,25.02,1715800.0,2334000.0,0,0,0,0,0,0,0,0,0,0,0,0,0,0,0,0,2,2026-02-04 18:14:08.312016
ATMN,25.08,24.88,25.08,1627200.0,1988300.0,0,0,0,0,0,0,0,0,0,0,0,0,0,0,0,0,2,2026-02-04 18:14:08.312016
WNTR,25.13,24.9,25.1,1955700.0,2075000.0,0,0,0,0,0,0,0,0,0,0,0,0,0,0,0,0,2,2026-02-04 18:14:08.312016
SPNG,25.27,24.77,25.09,2082800.0,2042100.0,0,0,0,0,0,0,0,0,0,0,0,0,0,0,0,0,3,2026-02-04 18:14:09.363890
SMMR,25.03,24.95,25.03,1832100.0,2347100.0,0,0,0,0,0,0,0,0,0,0,0,0,0,0,0,0,3,2026-02-04 18:14:09.363890
ATMN,25.08,24.88,25.08,1844100.0,1975300.0,0,0,0,0,0,0,0,0,0,0,0,0,0,0,0,0,3,2026-02-04 18:14:09.363890
WNTR,24.85,24.9,25.1,2064600.0,2075000.0,0,0,0,0,0,0,0,0,0,0,0,0,0,0,0,0,3,2026-02-04 18:14:09.363890
SPNG,24.73,24.73,25.09,2132100.0,2042100.0,0,0,0,0,0,0,0,0,0,0,0,0,0,0,0,0,4,2026-02-04 18:14:10.423325
SMMR,24.99,24.99,25.03,1952600.0,2347100.0,0,0,0,0,0,0,0,0,0,0,0,0,0,0,0,0,4,2026-02-04 18:14:10.423325
ATMN,25.08,24.95,25.08,1934200.0,1946400.0,0,0,0,0,0,0,0,0,0,0,0,0,0,0,0,0,4,2026-02-04 18:14:10.423325
WNTR,24.85,25.01,25.04,2062700.0,2026400.0,0,0,0,0,0,0,0,0,0,0,0,0,0,0,0,0,4,2026-02-04 18:14:10.423325
SPNG,25.27,24.73,25.27,2157700.0,2036900.0,0,0,0,0,0,0,0,0,0,0,0,0,0,0,0,0,5,2026-02-04 18:14:11.473601
SMMR,25.04,24.94,25.04,1731700.0,2341100.0,0,0,0,0,0,0,0,0,0,0,0,0,0,0,0,0,5,2026-02-04 18:14:11.473601
ATMN,25.08,25.11,25.14,1843000.0,1947600.0,0,0,0,0,0,0,0,0,0,0,0,0,0,0,0,0,5,2026-02-04 18:14:11.473601
WNTR,25.1,25.01,25.1,2075300.0,2056100.0,0,0,0,0,0,0,0,0,0,0,0,0,0,0,0,0,5,2026-02-04 18:14:11.473601
SPNG,24.63,24.63,25.27,2171200.0,2036900.0,0,0,0,0,0,0,0,0,0,0,0,0,0,0,0,0,6,2026-02-04 18:14:12.520128
SMMR,24.96,24.96,25.04,1959500.0,2308200.0,0,0,0,0,0,0,0,0,0,0,0,0,0,0,0,0,6,2026-02-04 18:14:12.520128
ATMN,24.84,24.84,25.14,1841000.0,1942700.0,0,0,0,0,0,0,0,0,0,0,0,0,0,0,0,0,6,2026-02-04 18:14:12.520128
WNTR,24.94,24.96,25.1,2055900.0,2080700.0,0,0,0,0,0,0,0,0,0,0,0,0,0,0,0,0,6,2026-02-04 18:14:12.520128
SPNG,25.02,24.63,24.67,2171200.0,2021800.0,0,0,0,0,0,0,0,0,0,0,0,0,0,0,0,0,7,2026-02-04 18:14:13.557955
SMMR,24.94,24.94,25.02,1838600.0,2320400.0,0,0,0,0,0,0,0,0,0,0,0,0,0,0,0,0,7,2026-02-04 18:14:13.557955
ATMN,25.2,24.84,25.2,1950400.0,1947700.0,0,0,0,0,0,0,0,0,0,0,0,0,0,0,0,0,7,2026-02-04 18:14:13.557955
WNTR,24.96,25.09,25.1,2054600.0,2080700.0,0,0,0,0,0,0,0,0,0,0,0,0,0,0,0,0,7,2026-02-04 18:14:13.557955
SPNG,25.02,24.63,24.67,2159800.0,2021800.0,0,0,0,0,0,0,0,0,0,0,0,0,0,0,0,0,8,2026-02-04 18:14:14.094370
SMMR,25.02,24.92,25.02,1702400.0,2310200.0,0,0,0,0,0,0,0,0,0,0,0,0,0,0,0,0,8,2026-02-04 18:14:14.094370
ATMN,24.79,24.92,25.2,1928100.0,1947700.0,0,0,0,0,0,0,0,0,0,0,0,0,0,0,0,0,8,2026-02-04 18:14:14.094370
WNTR,25.16,25.09,25.16,2054600.0,2080100.0,0,0,0,0,0,0,0,0,0,0,0,0,0,0,0,0,8,2026-02-04 18:14:14.094370
SPNG,25.02,24.63,24.67,2127800.0,2021800.0,0,0,0,0,0,0,0,0,0,0,0,0,0,0,0,0,9,2026-02-04 18:14:15.128673
SMMR,25.02,25.02,25.03,1709900.0,2333300.0,0,0,0,0,0,0,0,0,0,0,0,0,0,0,0,0,9,2026-02-04 18:14:15.128673
ATMN,24.86,25.1,25.18,1942500.0,1939400.0,0,0,0,0,0,0,0,0,0,0,0,0,0,0,0,0,9,2026-02-04 18:14:15.128673
WNTR,25.01,25.01,25.16,2076600.0,2080400.0,0,0,0,0,0,0,0,0,0,0,0,0,0,0,0,0,9,2026-02-04 18:14:15.128673
SPNG,24.61,24.61,25.27,2134900.0,2021200.0,0,0,0,0,0,0,0,0,0,0,0,0,0,0,0,0,10,2026-02-04 18:14:16.180687
SMMR,25.01,25.01,25.03,1693000.0,2301300.0,0,0,0,0,0,0,0,0,0,0,0,0,0,0,0,0,10,2026-02-04 18:14:16.180687
ATMN,24.79,24.79,25.18,1901000.0,1953700.0,0,0,0,0,0,0,0,0,0,0,0,0,0,0,0,0,10,2026-02-04 18:14:16.180687
WNTR,24.94,25.12,25.16,2054100.0,2109200.0,0,0,0,0,0,0,0,0,0,0,0,0,0,0,0,0,10,2026-02-04 18:14:16.180687
SPNG,24.6,24.6,25.4,2146400.0,1936800.0,0,0,0,0,0,0,0,0,0,0,0,0,0,0,0,0,11,2026-02-04 18:14:17.290144
SMMR,24.78,24.78,24.93,1459000.0,2334100.0,0,0,0,0,0,0,0,0,0,0,0,0,0,0,0,0,11,2026-02-04 18:14:17.290144
ATMN,24.95,24.79,24.95,2013400.0,1968200.0,0,0,0,0,0,0,0,0,0,0,0,0,0,0,0,0,11,2026-02-04 18:14:17.290144
WNTR,25.19,24.94,25.19,2060800.0,2114500.0,0,0,0,0,0,0,0,0,0,0,0,0,0,0,0,0,11,2026-02-04 18:14:17.290144
SPNG,24.6,24.6,25.24,2146400.0,2030600.0,0,0,0,0,0,0,0,0,0,0,0,0,0,0,0,0,12,2026-02-04 18:14:18.352063
SMMR,24.78,24.65,24.69,1448300.0,2349500.0,0,0,0,0,0,0,0,0,0,0,0,0,0,0,0,0,12,2026-02-04 18:14:18.352063
ATMN,24.79,24.79,25.18,2013400.0,1969000.0,0,0,0,0,0,0,0,0,0,0,0,0,0,0,0,0,12,2026-02-04 18:14:18.352063
WNTR,25.19,24.94,25.09,2085200.0,2131100.0,0,0,0,0,0,0,0,0,0,0,0,0,0,0,0,0,12,2026-02-04 18:14:18.352063
SPNG,24.9,24.9,25.24,2147600.0,2030600.0,0,0,0,0,0,0,0,0,0,0,0,0,0,0,0,0,13,2026-02-04 18:14:19.419704
SMMR,24.93,24.79,24.93,1790600.0,2322000.0,0,0,0,0,0,0,0,0,0,0,0,0,0,0,0,0,13,2026-02-04 18:14:19.419704
ATMN,25.2,24.79,25.2,1954300.0,1986700.0,0,0,0,0,0,0,0,0,0,0,0,0,0,0,0,0,13,2026-02-04 18:14:19.419704
WNTR,25.09,25.0,25.09,2065600.0,2148000.0,0,0,0,0,0,0,0,0,0,0,0,0,0,0,0,0,13,2026-02-04 18:14:19.419704
SPNG,24.9,24.54,24.79,2153300.0,2011500.0,0,0,0,0,0,0,0,0,0,0,0,0,0,0,0,0,14,2026-02-04 18:14:20.462278
SMMR,24.65,24.8,24.82,1793100.0,2327300.0,0,0,0,0,0,0,0,0,0,0,0,0,0,0,0,0,14,2026-02-04 18:14:20.462278
ATMN,25.01,25.01,25.2,1991400.0,1986700.0,0,0,0,0,0,0,0,0,0,0,0,0,0,0,0,0,14,2026-02-04 18:14:20.462278
WNTR,25.21,25.0,25.21,2070700.0,2114200.0,0,0,0,0,0,0,0,0,0,0,0,0,0,0,0,0,14,2026-02-04 18:14:20.462278
SPNG,24.9,24.7,24.79,2152200.0,2011500.0,0,0,0,0,0,0,0,0,0,0,0,0,0,0,0,0,15,2026-02-04 18:14:21.497610
SMMR,24.82,24.85,24.88,2013000.0,2329100.0,0,0,0,0,0,0,0,0,0,0,0,0,0,0,0,0,15,2026-02-04 18:14:21.497610
ATMN,24.81,24.78,24.81,2019700.0,2014900.0,0,0,0,0,0,0,0,0,0,0,0,0,0,0,0,0,15,2026-02-04 18:14:21.497610
WNTR,25.25,25.0,25.07,2064500.0,2127300.0,0,0,0,0,0,0,0,0,0,0,0,0,0,0,0,0,15,2026-02-04 18:14:21.497610
SPNG,24.79,24.99,25.24,2158700.0,1985800.0,0,0,0,0,0,0,0,0,0,0,0,0,0,0,0,0,16,2026-02-04 18:14:22.532487
SMMR,24.93,24.97,25.0,2274800.0,2298200.0,0,0,0,0,0,0,0,0,0,0,0,0,0,0,0,0,16,2026-02-04 18:14:22.532487
ATMN,24.81,24.9,25.2,1944100.0,2014900.0,0,0,0,0,0,0,0,0,0,0,0,0,0,0,0,0,16,2026-02-04 18:14:22.532487
WNTR,25.07,25.22,25.25,2079600.0,2134300.0,0,0,0,0,0,0,0,0,0,0,0,0,0,0,0,0,16,2026-02-04 18:14:22.532487
SPNG,24.65,24.65,25.24,2161600.0,1998300.0,0,0,0,0,0,0,0,0,0,0,0,0,0,0,0,0,17,2026-02-04 18:14:23.573548
SMMR,24.9,24.9,25.0,2254800.0,2316600.0,0,0,0,0,0,0,0,0,0,0,0,0,0,0,0,0,17,2026-02-04 18:14:23.573548
ATMN,24.95,24.9,24.95,1944100.0,2032400.0,0,0,0,0,0,0,0,0,0,0,0,0,0,0,0,0,17,2026-02-04 18:14:23.573548
WNTR,24.9,24.9,25.04,2059300.0,2121100.0,0,0,0,0,0,0,0,0,0,0,0,0,0,0,0,0,17,2026-02-04 18:14:23.573548
SPNG,24.81,24.65,24.81,2161600.0,2014800.0,0,0,0,0,0,0,0,0,0,0,0,0,0,0,0,0,18,2026-02-04 18:14:24.615537
SMMR,24.9,24.87,24.89,2228600.0,2381500.0,0,0,0,0,0,0,0,0,0,0,0,0,0,0,0,0,18,2026-02-04 18:14:24.615537
ATMN,24.9,24.9,25.21,1944100.0,2030200.0,0,0,0,0,0,0,0,0,0,0,0,0,0,0,0,0,18,2026-02-04 18:14:24.615537
WNTR,24.96,24.9,24.96,2060500.0,2117700.0,0,0,0,0,0,0,0,0,0,0,0,0,0,0,0,0,18,2026-02-04 18:14:24.615537
SPNG,24.54,24.54,25.24,2161700.0,2016700.0,0,0,0,0,0,0,0,0,0,0,0,0,0,0,0,0,19,2026-02-04 18:14:25.162219
SMMR,24.85,24.85,24.89,2122500.0,2381500.0,0,0,0,0,0,0,0,0,0,0,0,0,0,0,0,0,19,2026-02-04 18:14:25.162219
ATMN,24.75,24.95,25.21,1964400.0,2030200.0,0,0,0,0,0,0,0,0,0,0,0,0,0,0,0,0,19,2026-02-04 18:14:25.162219
WNTR,25.04,25.07,25.25,2074700.0,2134300.0,0,0,0,0,0,0,0,0,0,0,0,0,0,0,0,0,19,2026-02-04 18:14:25.162219
SPNG,24.54,24.54,25.18,2172000.0,2043500.0,0,0,0,0,0,0,0,0,0,0,0,0,0,0,0,0,20,2026-02-04 18:14:26.224447
SMMR,24.8,24.8,24.89,2112300.0,2384700.0,0,0,0,0,0,0,0,0,0,0,0,0,0,0,0,0,20,2026-02-04 18:14:26.224447
ATMN,24.75,24.95,25.05,1964400.0,2012700.0,0,0,0,0,0,0,0,0,0,0,0,0,0,0,0,0,20,2026-02-04 18:14:26.224447
WNTR,25.07,25.07,25.25,2074700.0,2112900.0,0,0,0,0,0,0,0,0,0,0,0,0,0,0,0,0,20,2026-02-04 18:14:26.224447
SPNG,25.26,24.5,25.26,2153500.0,2030800.0,0,0,0,0,0,0,0,0,0,0,0,0,0,0,0,0,21,2026-02-04 18:14:27.372092
SMMR,24.92,24.8,24.92,2246500.0,2359600.0,0,0,0,0,0,0,0,0,0,0,0,0,0,0,0,0,21,2026-02-04 18:14:27.372092
ATMN,24.95,24.75,24.84,1939400.0,2016600.0,0,0,0,0,0,0,0,0,0,0,0,0,0,0,0,0,21,2026-02-04 18:14:27.372092
WNTR,24.9,25.12,25.25,2065900.0,2102100.0,0,0,0,0,0,0,0,0,0,0,0,0,0,0,0,0,21,2026-02-04 18:14:27.372092
SPNG,25.37,25.15,25.37,2158400.0,2028200.0,0,0,0,0,0,0,0,0,0,0,0,0,0,0,0,0,22,2026-02-04 18:14:28.450680
SMMR,24.92,24.91,24.92,2266000.0,2339200.0,0,0,0,0,0,0,0,0,0,0,0,0,0,0,0,0,22,2026-02-04 18:14:28.450680
ATMN,24.75,24.75,24.81,1976000.0,2026100.0,0,0,0,0,0,0,0,0,0,0,0,0,0,0,0,0,22,2026-02-04 18:14:28.450680
WNTR,25.12,25.12,25.14,2065900.0,2128900.0,0,0,0,0,0,0,0,0,0,0,0,0,0,0,0,0,22,2026-02-04 18:14:28.450680
SPNG,25.15,24.5,24.7,2153500.0,2059700.0,0,0,0,0,0,0,0,0,0,0,0,0,0,0,0,0,23,2026-02-04 18:14:29.489486
SMMR,24.91,24.8,24.86,2254300.0,2305600.0,0,0,0,0,0,0,0,0,0,0,0,0,0,0,0,0,23,2026-02-04 18:14:29.489486
ATMN,25.08,24.75,25.06,1976000.0,2026200.0,0,0,0,0,0,0,0,0,0,0,0,0,0,0,0,0,23,2026-02-04 18:14:29.489486
WNTR,24.9,24.9,25.17,2079400.0,2158800.0,0,0,0,0,0,0,0,0,0,0,0,0,0,0,0,0,23,2026-02-04 18:14:29.489486
SPNG,25.37,24.5,25.37,2137400.0,2037300.0,0,0,0,0,0,0,0,0,0,0,0,0,0,0,0,0,24,2026-02-04 18:14:30.533868
SMMR,24.8,24.8,24.92,2146700.0,2302100.0,0,0,0,0,0,0,0,0,0,0,0,0,0,0,0,0,24,2026-02-04 18:14:30.533868
ATMN,25.08,25.02,25.06,1922000.0,2044600.0,0,0,0,0,0,0,0,0,0,0,0,0,0,0,0,0,24,2026-02-04 18:14:30.533868
WNTR,24.9,25.01,25.17,2046800.0,2145000.0,0,0,0,0,0,0,0,0,0,0,0,0,0,0,0,0,24,2026-02-04 18:14:30.533868
SPNG,25.37,24.81,24.94,2126000.0,2062100.0,0,0,0,0,0,0,0,0,0,0,0,0,0,0,0,0,25,2026-02-04 18:14:31.654482
SMMR,24.73,24.73,24.88,2032000.0,2313100.0,0,0,0,0,0,0,0,0,0,0,0,0,0,0,0,0,25,2026-02-04 18:14:31.654482
ATMN,24.58,24.71,24.83,2042600.0,2042300.0,0,0,0,0,0,0,0,0,0,0,0,0,0,0,0,0,25,2026-02-04 18:14:31.654482
WNTR,25.17,24.9,25.17,2080100.0,2145000.0,0,0,0,0,0,0,0,0,0,0,0,0,0,0,0,0,25,2026-02-04 18:14:31.654482
SPNG,25.37,24.81,24.94,2135000.0,2062100.0,0,0,0,0,0,0,0,0,0,0,0,0,0,0,0,0,26,2026-02-04 18:14:32.220807
SMMR,24.73,24.73,24.88,2155300.0,2313100.0,0,0,0,0,0,0,0,0,0,0,0,0,0,0,0,0,26,2026-02-04 18:14:32.220807
ATMN,25.06,24.71,25.06,2042600.0,2044600.0,0,0,0,0,0,0,0,0,0,0,0,0,0,0,0,0,26,2026-02-04 18:14:32.220807
WNTR,25.17,24.9,25.17,2100500.0,2145000.0,0,0,0,0,0,0,0,0,0,0,0,0,0,0,0,0,26,2026-02-04 18:14:32.220807
SPNG,24.77,24.93,24.94,2142700.0,2062100.0,0,0,0,0,0,0,0,0,0,0,0,0,0,0,0,0,27,2026-02-04 18:14:33.257235
SMMR,24.88,24.78,24.83,2177700.0,2311800.0,0,0,0,0,0,0,0,0,0,0,0,0,0,0,0,0,27,2026-02-04 18:14:33.257235
ATMN,25.06,24.71,25.06,2042600.0,2038000.0,0,0,0,0,0,0,0,0,0,0,0,0,0,0,0,0,27,2026-02-04 18:14:33.257235
WNTR,25.23,25.06,25.23,2101000.0,2142800.0,0,0,0,0,0,0,0,0,0,0,0,0,0,0,0,0,27,2026-02-04 18:14:33.257235
SPNG,24.94,25.31,25.37,2158500.0,2037300.0,0,0,0,0,0,0,0,0,0,0,0,0,0,0,0,0,28,2026-02-04 18:14:34.406077
SMMR,24.83,24.78,24.83,2295600.0,2311800.0,0,0,0,0,0,0,0,0,0,0,0,0,0,0,0,0,28,2026-02-04 18:14:34.406077
ATMN,24.74,24.58,24.74,1944500.0,2045400.0,0,0,0,0,0,0,0,0,0,0,0,0,0,0,0,0,28,2026-02-04 18:14:34.406077
WNTR,24.9,24.9,25.16,2100500.0,2127800.0,0,0,0,0,0,0,0,0,0,0,0,0,0,0,0,0,28,2026-02-04 18:14:34.406077
SPNG,24.94,25.31,25.37,2158500.0,2038100.0,0,0,0,0,0,0,0,0,0,0,0,0,0,0,0,0,29,2026-02-04 18:14:35.512853
SMMR,24.88,24.89,24.9,2293100.0,2333700.0,0,0,0,0,0,0,0,0,0,0,0,0,0,0,0,0,29,2026-02-04 18:14:35.512853
ATMN,24.58,24.58,25.08,1944500.0,2051000.0,0,0,0,0,0,0,0,0,0,0,0,0,0,0,0,0,29,2026-02-04 18:14:35.512853
WNTR,25.16,25.06,25.16,2085700.0,2127800.0,0,0,0,0,0,0,0,0,0,0,0,0,0,0,0,0,29,2026-02-04 18:14:35.512853
SPNG,24.94,25.31,25.37,2158500.0,2087100.0,0,0,0,0,0,0,0,0,0,0,0,0,0,0,0,0,30,2026-02-04 18:14:36.593878
SMMR,24.89,24.78,24.8,2297400.0,2335400.0,0,0,0,0,0,0,0,0,0,0,0,0,0,0,0,0,30,2026-02-04 18:14:36.593878
ATMN,24.97,24.58,24.97,1944500.0,2066500.0,0,0,0,0,0,0,0,0,0,0,0,0,0,0,0,0,30,2026-02-04 18:14:36.593878
WNTR,25.04,25.04,25.16,2082900.0,2104500.0,0,0,0,0,0,0,0,0,0,0,0,0,0,0,0,0,30,2026-02-04 18:14:36.593878
SPNG,24.75,24.75,24.76,2134700.0,2094500.0,0,0,0,0,0,0,0,0,0,0,0,0,0,0,0,0,31,2026-02-04 18:14:37.659619
SMMR,24.8,24.78,24.8,2330700.0,2339000.0,0,0,0,0,0,0,0,0,0,0,0,0,0,0,0,0,31,2026-02-04 18:14:37.659619
ATMN,25.21,24.86,25.21,1995000.0,2026800.0,0,0,0,0,0,0,0,0,0,0,0,0,0,0,0,0,31,2026-02-04 18:14:37.659619
WNTR,25.27,25.04,25.27,2082900.0,2126500.0,0,0,0,0,0,0,0,0,0,0,0,0,0,0,0,0,31,2026-02-04 18:14:37.659619
SPNG,24.76,24.75,24.76,2150300.0,2094500.0,0,0,0,0,0,0,0,0,0,0,0,0,0,0,0,0,32,2026-02-04 18:14:38.701747
SMMR,24.78,24.78,24.87,2307500.0,2305600.0,0,0,0,0,0,0,0,0,0,0,0,0,0,0,0,0,32,2026-02-04 18:14:38.701747
ATMN,25.21,25.0,25.21,1984500.0,2022900.0,0,0,0,0,0,0,0,0,0,0,0,0,0,0,0,0,32,2026-02-04 18:14:38.701747
WNTR,25.12,25.12,25.29,2090700.0,2115200.0,0,0,0,0,0,0,0,0,0,0,0,0,0,0,0,0,32,2026-02-04 18:14:38.701747
SPNG,24.76,25.13,25.37,2140500.0,2074800.0,0,0,0,0,0,0,0,0,0,0,0,0,0,0,0,0,33,2026-02-04 18:14:39.245914
SMMR,24.78,24.78,24.9,2307500.0,2298800.0,0,0,0,0,0,0,0,0,0,0,0,0,0,0,0,0,33,2026-02-04 18:14:39.245914
ATMN,25.21,25.0,25.21,1984500.0,2049100.0,0,0,0,0,0,0,0,0,0,0,0,0,0,0,0,0,33,2026-02-04 18:14:39.245914
WNTR,25.12,25.12,25.26,2090700.0,2122100.0,0,0,0,0,0,0,0,0,0,0,0,0,0,0,0,0,33,2026-02-04 18:14:39.245914
SPNG,25.39,24.75,25.39,2138000.0,2079600.0,0,0,0,0,0,0,0,0,0,0,0,0,0,0,0,0,34,2026-02-04 18:14:40.284904
SMMR,24.77,24.77,24.9,2341000.0,2299900.0,0,0,0,0,0,0,0,0,0,0,0,0,0,0,0,0,34,2026-02-04 18:14:40.284904
ATMN,24.58,24.58,25.15,2050300.0,2071500.0,0,0,0,0,0,0,0,0,0,0,0,0,0,0,0,0,34,2026-02-04 18:14:40.284904
WNTR,25.16,25.04,25.16,2082900.0,2140300.0,0,0,0,0,0,0,0,0,0,0,0,0,0,0,0,0,34,2026-02-04 18:14:40.284904
SPNG,24.5,24.5,25.35,2131500.0,2085600.0,0,0,0,0,0,0,0,0,0,0,0,0,0,0,0,0,35,2026-02-04 18:14:41.402255
SMMR,24.79,24.79,24.92,2342000.0,2301400.0,0,0,0,0,0,0,0,0,0,0,0,0,0,0,0,0,35,2026-02-04 18:14:41.402255
ATMN,25.21,24.59,25.21,1983300.0,2061200.0,0,0,0,0,0,0,0,0,0,0,0,0,0,0,0,0,35,2026-02-04 18:14:41.402255
WNTR,25.09,25.04,25.09,2082900.0,2136700.0,0,0,0,0,0,0,0,0,0,0,0,0,0,0,0,0,35,2026-02-04 18:14:41.402255
SPNG,24.5,24.5,24.85,2167800.0,2078500.0,0,0,0,0,0,0,0,0,0,0,0,0,0,0,0,0,36,2026-02-04 18:14:42.512420
SMMR,24.93,24.9,24.93,2330500.0,2322300.0,0,0,0,0,0,0,0,0,0,0,0,0,0,0,0,0,36,2026-02-04 18:14:42.512420
ATMN,25.21,24.59,24.8,1962700.0,2059600.0,0,0,0,0,0,0,0,0,0,0,0,0,0,0,0,0,36,2026-02-04 18:14:42.512420
WNTR,25.25,25.04,25.09,2068300.0,2134000.0,0,0,0,0,0,0,0,0,0,0,0,0,0,0,0,0,36,2026-02-04 18:14:42.512420
SPNG,24.85,24.76,24.85,2128100.0,2078500.0,0,0,0,0,0,0,0,0,0,0,0,0,0,0,0,0,37,2026-02-04 18:14:43.574500
SMMR,24.93,24.93,24.95,2295900.0,2342500.0,0,0,0,0,0,0,0,0,0,0,0,0,0,0,0,0,37,2026-02-04 18:14:43.574500
ATMN,25.21,24.59,24.8,1944200.0,2059600.0,0,0,0,0,0,0,0,0,0,0,0,0,0,0,0,0,37,2026-02-04 18:14:43.574500
WNTR,25.26,25.08,25.25,2064700.0,2124700.0,0,0,0,0,0,0,0,0,0,0,0,0,0,0,0,0,37,2026-02-04 18:14:43.574500
SPNG,24.85,25.03,25.35,2133000.0,2085600.0,0,0,0,0,0,0,0,0,0,0,0,0,0,0,0,0,38,2026-02-04 18:14:44.620989
SMMR,24.95,24.9,24.95,2330500.0,2354500.0,0,0,0,0,0,0,0,0,0,0,0,0,0,0,0,0,38,2026-02-04 18:14:44.620989
ATMN,25.21,24.62,24.8,1975400.0,2059600.0,0,0,0,0,0,0,0,0,0,0,0,0,0,0,0,0,38,2026-02-04 18:14:44.620989
WNTR,25.16,25.16,25.25,2063900.0,2101200.0,0,0,0,0,0,0,0,0,0,0,0,0,0,0,0,0,38,2026-02-04 18:14:44.620989
SPNG,24.87,25.07,25.35,2149700.0,2085600.0,0,0,0,0,0,0,0,0,0,0,0,0,0,0,0,0,39,2026-02-04 18:14:45.689332
SMMR,24.78,24.86,24.95,2339400.0,2338900.0,0,0,0,0,0,0,0,0,0,0,0,0,0,0,0,0,39,2026-02-04 18:14:45.689332
ATMN,24.8,24.64,24.8,2023400.0,2059600.0,0,0,0,0,0,0,0,0,0,0,0,0,0,0,0,0,39,2026-02-04 18:14:45.689332
WNTR,25.26,25.16,25.26,2042300.0,2092800.0,0,0,0,0,0,0,0,0,0,0,0,0,0,0,0,0,39,2026-02-04 18:14:45.689332
SPNG,24.76,24.76,25.19,2146000.0,2067100.0,0,0,0,0,0,0,0,0,0,0,0,0,0,0,0,0,40,2026-02-04 18:14:46.242349
SMMR,24.87,24.87,24.95,2351400.0,2338900.0,0,0,0,0,0,0,0,0,0,0,0,0,0,0,0,0,40,2026-02-04 18:14:46.242349
ATMN,24.8,24.8,25.21,2023600.0,2043800.0,0,0,0,0,0,0,0,0,0,0,0,0,0,0,0,0,40,2026-02-04 18:14:46.242349
WNTR,25.26,25.19,25.2,2046600.0,2088000.0,0,0,0,0,0,0,0,0,0,0,0,0,0,0,0,0,40,2026-02-04 18:14:46.242349
SPNG,24.91,24.76,24.91,2146000.0,2047800.0,0,0,0,0,0,0,0,0,0,0,0,0,0,0,0,0,41,2026-02-04 18:14:47.315185
SMMR,24.85,24.85,24.95,2335500.0,2318800.0,0,0,0,0,0,0,0,0,0,0,0,0,0,0,0,0,41,2026-02-04 18:14:47.315185
ATMN,24.8,24.8,25.04,2023600.0,2060200.0,0,0,0,0,0,0,0,0,0,0,0,0,0,0,0,0,41,2026-02-04 18:14:47.315185
WNTR,25.19,25.19,25.2,2046600.0,2111300.0,0,0,0,0,0,0,0,0,0,0,0,0,0,0,0,0,41,2026-02-04 18:14:47.315185
SPNG,24.91,24.76,24.91,2111500.0,2047800.0,0,0,0,0,0,0,0,0,0,0,0,0,0,0,0,0,42,2026-02-04 18:14:48.379790
SMMR,24.85,24.93,24.95,2334600.0,2318800.0,0,0,0,0,0,0,0,0,0,0,0,0,0,0,0,0,42,2026-02-04 18:14:48.379790
ATMN,25.04,24.64,25.04,2023400.0,2060200.0,0,0,0,0,0,0,0,0,0,0,0,0,0,0,0,0,42,2026-02-04 18:14:48.379790
WNTR,25.08,25.08,25.16,2040700.0,2109200.0,0,0,0,0,0,0,0,0,0,0,0,0,0,0,0,0,42,2026-02-04 18:14:48.379790
SPNG,24.73,24.73,24.91,2117100.0,2047800.0,0,0,0,0,0,0,0,0,0,0,0,0,0,0,0,0,43,2026-02-04 18:14:49.432997
SMMR,24.97,24.93,24.97,2334600.0,2319300.0,0,0,0,0,0,0,0,0,0,0,0,0,0,0,0,0,43,2026-02-04 18:14:49.432997
ATMN,24.64,24.64,25.04,2023400.0,2060200.0,0,0,0,0,0,0,0,0,0,0,0,0,0,0,0,0,43,2026-02-04 18:14:49.432997
WNTR,25.08,25.08,25.16,2037000.0,2106300.0,0,0,0,0,0,0,0,0,0,0,0,0,0,0,0,0,43,2026-02-04 18:14:49.432997
SPNG,24.55,24.55,25.19,2126300.0,2048700.0,0,0,0,0,0,0,0,0,0,0,0,0,0,0,0,0,44,2026-02-04 18:14:50.492469
SMMR,25.0,24.93,25.0,2334600.0,2351600.0,0,0,0,0,0,0,0,0,0,0,0,0,0,0,0,0,44,2026-02-04 18:14:50.492469
ATMN,24.64,24.64,24.83,2023400.0,2061000.0,0,0,0,0,0,0,0,0,0,0,0,0,0,0,0,0,44,2026-02-04 18:14:50.492469
WNTR,25.03,24.9,24.92,2045500.0,2075900.0,0,0,0,0,0,0,0,0,0,0,0,0,0,0,0,0,44,2026-02-04 18:14:50.492469
SPNG,24.52,24.52,25.15,2140700.0,2075600.0,0,0,0,0,0,0,0,0,0,0,0,0,0,0,0,0,45,2026-02-04 18:14:51.533839
SMMR,24.93,24.93,25.0,2368800.0,2351600.0,0,0,0,0,0,0,0,0,0,0,0,0,0,0,0,0,45,2026-02-04 18:14:51.533839
ATMN,24.64,24.64,24.83,2023400.0,2061000.0,0,0,0,0,0,0,0,0,0,0,0,0,0,0,0,0,45,2026-02-04 18:14:51.533839
WNTR,25.16,24.9,25.16,2030600.0,2085200.0,0,0,0,0,0,0,0,0,0,0,0,0,0,0,0,0,45,2026-02-04 18:14:51.533839
SPNG,25.15,24.52,24.72,2140700.0,2045000.0,0,0,0,0,0,0,0,0,0,0,0,0,0,0,0,0,46,2026-02-04 18:14:52.582749
SMMR,24.91,24.91,25.0,2344800.0,2351600.0,0,0,0,0,0,0,0,0,0,0,0,0,0,0,0,0,46,2026-02-04 18:14:52.582749
ATMN,24.64,24.64,24.83,2010000.0,2061000.0,0,0,0,0,0,0,0,0,0,0,0,0,0,0,0,0,46,2026-02-04 18:14:52.582749
WNTR,25.18,24.9,25.18,2045300.0,2080100.0,0,0,0,0,0,0,0,0,0,0,0,0,0,0,0,0,46,2026-02-04 18:14:52.582749
SPNG,24.68,24.52,24.68,2140700.0,2088100.0,0,0,0,0,0,0,0,0,0,0,0,0,0,0,0,0,47,2026-02-04 18:14:53.646514
SMMR,24.78,24.78,24.96,2352700.0,2338100.0,0,0,0,0,0,0,0,0,0,0,0,0,0,0,0,0,47,2026-02-04 18:14:53.646514
ATMN,24.83,24.62,24.83,2002700.0,2079500.0,0,0,0,0,0,0,0,0,0,0,0,0,0,0,0,0,47,2026-02-04 18:14:53.646514
WNTR,25.2,24.98,25.04,2023600.0,2116800.0,0,0,0,0,0,0,0,0,0,0,0,0,0,0,0,0,47,2026-02-04 18:14:53.646514
SPNG,24.68,24.78,25.14,2125400.0,2084100.0,0,0,0,0,0,0,0,0,0,0,0,0,0,0,0,0,48,2026-02-04 18:14:54.702904
SMMR,24.77,24.85,24.96,2365000.0,2338100.0,0,0,0,0,0,0,0,0,0,0,0,0,0,0,0,0,48,2026-02-04 18:14:54.702904
ATMN,24.62,24.83,24.92,2000100.0,2055400.0,0,0,0,0,0,0,0,0,0,0,0,0,0,0,0,0,48,2026-02-04 18:14:54.702904
WNTR,24.98,24.89,24.93,2036200.0,2110400.0,0,0,0,0,0,0,0,0,0,0,0,0,0,0,0,0,48,2026-02-04 18:14:54.702904
SPNG,24.52,24.52,24.64,2140700.0,2069500.0,0,0,0,0,0,0,0,0,0,0,0,0,0,0,0,0,49,2026-02-04 18:14:55.750935
SMMR,24.92,24.92,24.96,2339000.0,2338100.0,0,0,0,0,0,0,0,0,0,0,0,0,0,0,0,0,49,2026-02-04 18:14:55.750935
ATMN,24.83,24.83,24.92,2000100.0,2104000.0,0,0,0,0,0,0,0,0,0,0,0,0,0,0,0,0,49,2026-02-04 18:14:55.750935
WNTR,24.88,24.88,24.93,2077400.0,2110400.0,0,0,0,0,0,0,0,0,0,0,0,0,0,0,0,0,49,2026-02-04 18:14:55.750935
SPNG,24.47,24.47,25.08,2120000.0,2067900.0,0,0,0,0,0,0,0,0,0,0,0,0,0,0,0,0,50,2026-02-04 18:14:56.292388
SMMR,24.92,24.92,24.96,2339000.0,2401700.0,0,0,0,0,0,0,0,0,0,0,0,0,0,0,0,0,50,2026-02-04 18:14:56.292388
ATMN,24.83,24.62,24.8,2002700.0,2144900.0,0,0,0,0,0,0,0,0,0,0,0,0,0,0,0,0,50,2026-02-04 18:14:56.292388
WNTR,24.88,24.88,24.91,2077400.0,2083600.0,0,0,0,0,0,0,0,0,0,0,0,0,0,0,0,0,50,2026-02-04 18:14:56.292388
SPNG,25.08,24.89,25.08,2134300.0,2067900.0,0,0,0,0,0,0,0,0,0,0,0,0,0,0,0,0,51,2026-02-04 18:14:57.381848
SMMR,24.97,24.97,25.0,2396300.0,2356200.0,0,0,0,0,0,0,0,0,0,0,0,0,0,0,0,0,51,2026-02-04 18:14:57.381848
ATMN,24.92,24.62,24.92,1999000.0,2125700.0,0,0,0,0,0,0,0,0,0,0,0,0,0,0,0,0,51,2026-02-04 18:14:57.381848
WNTR,24.88,24.88,24.91,2058900.0,2094000.0,0,0,0,0,0,0,0,0,0,0,0,0,0,0,0,0,51,2026-02-04 18:14:57.381848
SPNG,25.08,24.89,25.02,2134300.0,2030800.0,0,0,0,0,0,0,0,0,0,0,0,0,0,0,0,0,52,2026-02-04 18:14:58.442505
SMMR,24.86,24.86,24.9,2385700.0,2365400.0,0,0,0,0,0,0,0,0,0,0,0,0,0,0,0,0,52,2026-02-04 18:14:58.442505
ATMN,24.61,24.61,24.92,1990900.0,2132900.0,0,0,0,0,0,0,0,0,0,0,0,0,0,0,0,0,52,2026-02-04 18:14:58.442505
WNTR,25.01,24.88,25.01,2065900.0,2100400.0,0,0,0,0,0,0,0,0,0,0,0,0,0,0,0,0,52,2026-02-04 18:14:58.442505
SPNG,24.89,24.89,25.02,2134300.0,2048000.0,0,0,0,0,0,0,0,0,0,0,0,0,0,0,0,0,53,2026-02-04 18:14:59.503255
SMMR,24.77,24.77,24.9,2376600.0,2351500.0,0,0,0,0,0,0,0,0,0,0,0,0,0,0,0,0,53,2026-02-04 18:14:59.503255
ATMN,25.06,24.65,24.9,1995100.0,2098000.0,0,0,0,0,0,0,0,0,0,0,0,0,0,0,0,0,53,2026-02-04 18:14:59.503255
WNTR,25.01,24.89,24.96,2093000.0,2107100.0,0,0,0,0,0,0,0,0,0,0,0,0,0,0,0,0,53,2026-02-04 18:14:59.503255
SPNG,24.46,24.46,25.02,2120300.0,2048000.0,0,0,0,0,0,0,0,0,0,0,0,0,0,0,0,0,54,2026-02-04 18:15:00.598284
SMMR,24.75,24.75,25.0,2318800.0,2356200.0,0,0,0,0,0,0,0,0,0,0,0,0,0,0,0,0,54,2026-02-04 18:15:00.598284
ATMN,24.65,24.61,24.63,1990900.0,2124700.0,0,0,0,0,0,0,0,0,0,0,0,0,0,0,0,0,54,2026-02-04 18:15:00.598284
WNTR,24.89,24.89,24.96,2093000.0,2077200.0,0,0,0,0,0,0,0,0,0,0,0,0,0,0,0,0,54,2026-02-04 18:15:00.598284
SPNG,24.46,24.46,25.02,2100100.0,2039600.0,0,0,0,0,0,0,0,0,0,0,0,0,0,0,0,0,55,2026-02-04 18:15:01.644788
SMMR,25.0,24.88,25.0,2380400.0,2373700.0,0,0,0,0,0,0,0,0,0,0,0,0,0,0,0,0,55,2026-02-04 18:15:01.644788
ATMN,25.06,24.61,25.06,1990900.0,2123900.0,0,0,0,0,0,0,0,0,0,0,0,0,0,0,0,0,55,2026-02-04 18:15:01.644788
WNTR,24.89,24.9,24.96,2085700.0,2082800.0,0,0,0,0,0,0,0,0,0,0,0,0,0,0,0,0,55,2026-02-04 18:15:01.644788
SPNG,24.46,24.65,25.02,2070400.0,2053800.0,0,0,0,0,0,0,0,0,0,0,0,0,0,0,0,0,56,2026-02-04 18:15:02.684157
SMMR,25.0,24.89,25.0,2386700.0,2373700.0,0,0,0,0,0,0,0,0,0,0,0,0,0,0,0,0,56,2026-02-04 18:15:02.684157
ATMN,24.61,24.61,25.06,1990900.0,2123900.0,0,0,0,0,0,0,0,0,0,0,0,0,0,0,0,0,56,2026-02-04 18:15:02.684157
WNTR,24.89,24.89,24.96,2093000.0,2081400.0,0,0,0,0,0,0,0,0,0,0,0,0,0,0,0,0,56,2026-02-04 18:15:02.684157
SPNG,24.68,24.65,24.68,2067700.0,2069500.0,0,0,0,0,0,0,0,0,0,0,0,0,0,0,0,0,57,2026-02-04 18:15:03.725712
SMMR,24.9,24.89,24.9,2386700.0,2369300.0,0,0,0,0,0,0,0,0,0,0,0,0,0,0,0,0,57,2026-02-04 18:15:03.725712
ATMN,24.61,24.61,24.62,1990900.0,2138800.0,0,0,0,0,0,0,0,0,0,0,0,0,0,0,0,0,57,2026-02-04 18:15:03.725712
WNTR,24.93,24.93,24.96,2077200.0,2081400.0,0,0,0,0,0,0,0,0,0,0,0,0,0,0,0,0,57,2026-02-04 18:15:03.725712
SPNG,24.68,24.65,24.68,2047700.0,2069500.0,0,0,0,0,0,0,0,0,0,0,0,0,0,0,0,0,58,2026-02-04 18:15:04.765405
SMMR,24.88,24.88,25.01,2380400.0,2356700.0,0,0,0,0,0,0,0,0,0,0,0,0,0,0,0,0,58,2026-02-04 18:15:04.765405
ATMN,24.62,24.82,24.88,1992700.0,2125200.0,0,0,0,0,0,0,0,0,0,0,0,0,0,0,0,0,58,2026-02-04 18:15:04.765405
WNTR,24.93,24.93,24.94,2074000.0,2055100.0,0,0,0,0,0,0,0,0,0,0,0,0,0,0,0,0,58,2026-02-04 18:15:04.765405
SPNG,24.68,24.65,24.68,2047700.0,2069500.0,0,0,0,0,0,0,0,0,0,0,0,0,0,0,0,0,59,2026-02-04 18:15:05.808852
SMMR,24.87,24.87,24.97,2351500.0,2313700.0,0,0,0,0,0,0,0,0,0,0,0,0,0,0,0,0,59,2026-02-04 18:15:05.808852
ATMN,24.88,24.75,24.88,1992500.0,2133000.0,0,0,0,0,0,0,0,0,0,0,0,0,0,0,0,0,59,2026-02-04 18:15:05.808852
WNTR,24.96,24.93,24.96,2074000.0,2063200.0,0,0,0,0,0,0,0,0,0,0,0,0,0,0,0,0,59,2026-02-04 18:15:05.808852
SPNG,24.65,25.55,25.9,869200.0,759800.0,0,0,0,0,0,0,0,0,0,0,0,0,0,0,0,0,60,2026-02-04 18:15:06.850405
SMMR,24.87,24.36,24.42,1117700.0,975900.0,0,0,0,0,0,0,0,0,0,0,0,0,0,0,0,0,60,2026-02-04 18:15:06.850405
ATMN,26.92,24.8,26.09,734800.0,674100.0,0,0,0,0,0,0,0,0,0,0,0,0,0,0,0,0,60,2026-02-04 18:15:06.850405
WNTR,24.96,24.23,24.37,911500.0,779700.0,0,0,0,0,0,0,0,0,0,0,0,0,0,0,0,0,60,2026-02-04 18:15:06.850405
SPNG,25.55,25.55,25.73,884600.0,861700.0,0,0,0,0,0,0,0,0,0,0,0,0,0,0,0,0,61,2026-02-04 18:15:07.405827
SMMR,24.87,24.36,24.42,1117700.0,1252800.0,0,0,0,0,0,0,0,0,0,0,0,0,0,0,0,0,61,2026-02-04 18:15:07.405827
ATMN,24.8,25.22,25.82,827000.0,779700.0,0,0,0,0,0,0,0,0,0,0,0,0,0,0,0,0,61,2026-02-04 18:15:07.405827
WNTR,24.37,24.23,24.37,1006900.0,779700.0,0,0,0,0,0,0,0,0,0,0,0,0,0,0,0,0,61,2026-02-04 18:15:07.405827
SPNG,25.47,25.09,25.24,904000.0,1055900.0,0,0,0,0,0,0,0,0,0,0,0,0,0,0,0,0,62,2026-02-04 18:15:08.557577
SMMR,24.42,24.42,24.44,1467300.0,1293100.0,0,0,0,0,0,0,0,0,0,0,0,0,0,0,0,0,62,2026-02-04 18:15:08.557577
ATMN,24.8,24.8,24.85,835800.0,975900.0,0,0,0,0,0,0,0,0,0,0,0,0,0,0,0,0,62,2026-02-04 18:15:08.557577
WNTR,24.37,24.23,24.32,1232400.0,890200.0,0,0,0,0,0,0,0,0,0,0,0,0,0,0,0,0,62,2026-02-04 18:15:08.557577
SPNG,25.24,25.49,25.67,1232300.0,944600.0,0,0,0,0,0,0,0,0,0,0,0,0,0,0,0,0,63,2026-02-04 18:15:09.610108
SMMR,24.42,24.4,24.41,1325700.0,1677000.0,0,0,0,0,0,0,0,0,0,0,0,0,0,0,0,0,63,2026-02-04 18:15:09.610108
ATMN,24.85,25.23,25.65,932500.0,998200.0,0,0,0,0,0,0,0,0,0,0,0,0,0,0,0,0,63,2026-02-04 18:15:09.610108
WNTR,24.37,24.38,24.65,1450900.0,892700.0,0,0,0,0,0,0,0,0,0,0,0,0,0,0,0,0,63,2026-02-04 18:15:09.610108
SPNG,25.55,25.42,25.55,1135400.0,1045600.0,0,0,0,0,0,0,0,0,0,0,0,0,0,0,0,0,64,2026-02-04 18:15:10.660134
SMMR,24.44,24.4,24.44,1444900.0,1758800.0,0,0,0,0,0,0,0,0,0,0,0,0,0,0,0,0,64,2026-02-04 18:15:10.660134
ATMN,25.23,25.06,25.12,919500.0,1222700.0,0,0,0,0,0,0,0,0,0,0,0,0,0,0,0,0,64,2026-02-04 18:15:10.660134
WNTR,24.12,24.12,24.65,1134200.0,1005200.0,0,0,0,0,0,0,0,0,0,0,0,0,0,0,0,0,64,2026-02-04 18:15:10.660134
SPNG,25.55,25.54,25.55,1440100.0,1045600.0,0,0,0,0,0,0,0,0,0,0,0,0,0,0,0,0,65,2026-02-04 18:15:11.698413
SMMR,24.4,24.4,24.43,1566100.0,1730800.0,0,0,0,0,0,0,0,0,0,0,0,0,0,0,0,0,65,2026-02-04 18:15:11.698413
ATMN,25.06,24.88,24.89,920700.0,1419400.0,0,0,0,0,0,0,0,0,0,0,0,0,0,0,0,0,65,2026-02-04 18:15:11.698413
WNTR,24.12,24.33,24.57,1241000.0,1230300.0,0,0,0,0,0,0,0,0,0,0,0,0,0,0,0,0,65,2026-02-04 18:15:11.698413
SPNG,25.73,25.54,25.73,1532200.0,1069100.0,0,0,0,0,0,0,0,0,0,0,0,0,0,0,0,0,66,2026-02-04 18:15:12.764824
SMMR,24.36,24.22,24.29,1261300.0,2062900.0,0,0,0,0,0,0,0,0,0,0,0,0,0,0,0,0,66,2026-02-04 18:15:12.764824
ATMN,25.12,24.94,25.12,955500.0,1311600.0,0,0,0,0,0,0,0,0,0,0,0,0,0,0,0,0,66,2026-02-04 18:15:12.764824
WNTR,24.4,24.19,24.4,1247800.0,1342000.0,0,0,0,0,0,0,0,0,0,0,0,0,0,0,0,0,66,2026-02-04 18:15:12.764824
SPNG,25.54,25.54,25.73,1532200.0,1238600.0,0,0,0,0,0,0,0,0,0,0,0,0,0,0,0,0,67,2026-02-04 18:15:13.829591
SMMR,24.46,24.43,24.46,1500500.0,1851000.0,0,0,0,0,0,0,0,0,0,0,0,0,0,0,0,0,67,2026-02-04 18:15:13.829591
ATMN,24.84,25.08,25.12,931600.0,1424000.0,0,0,0,0,0,0,0,0,0,0,0,0,0,0,0,0,67,2026-02-04 18:15:13.829591
WNTR,24.1,24.1,24.57,1024500.0,1230300.0,0,0,0,0,0,0,0,0,0,0,0,0,0,0,0,0,67,2026-02-04 18:15:13.829591
SPNG,25.9,25.42,25.9,1432900.0,1136700.0,0,0,0,0,0,0,0,0,0,0,0,0,0,0,0,0,68,2026-02-04 18:15:14.876937
SMMR,24.46,24.43,24.46,1742900.0,1974100.0,0,0,0,0,0,0,0,0,0,0,0,0,0,0,0,0,68,2026-02-04 18:15:14.876937
ATMN,24.24,24.62,25.12,1041300.0,1424000.0,0,0,0,0,0,0,0,0,0,0,0,0,0,0,0,0,68,2026-02-04 18:15:14.876937
WNTR,24.1,24.11,24.36,1208800.0,1341500.0,0,0,0,0,0,0,0,0,0,0,0,0,0,0,0,0,68,2026-02-04 18:15:14.876937
SPNG,25.9,25.42,25.9,1432900.0,1220600.0,0,0,0,0,0,0,0,0,0,0,0,0,0,0,0,0,69,2026-02-04 18:15:15.429157
SMMR,24.46,24.27,24.46,1606500.0,1974100.0,0,0,0,0,0,0,0,0,0,0,0,0,0,0,0,0,69,2026-02-04 18:15:15.429157
ATMN,24.24,24.97,25.12,1246700.0,1424000.0,0,0,0,0,0,0,0,0,0,0,0,0,0,0,0,0,69,2026-02-04 18:15:15.429157
WNTR,24.1,24.11,24.23,1208800.0,1434700.0,0,0,0,0,0,0,0,0,0,0,0,0,0,0,0,0,69,2026-02-04 18:15:15.429157
SPNG,25.81,25.33,25.44,1403700.0,1341500.0,0,0,0,0,0,0,0,0,0,0,0,0,0,0,0,0,70,2026-02-04 18:15:16.540895
SMMR,24.27,24.42,24.46,1726200.0,2206700.0,0,0,0,0,0,0,0,0,0,0,0,0,0,0,0,0,70,2026-02-04 18:15:16.540895
ATMN,24.78,24.78,25.12,1270300.0,1424000.0,0,0,0,0,0,0,0,0,0,0,0,0,0,0,0,0,70,2026-02-04 18:15:16.540895
WNTR,24.36,24.11,24.36,1208800.0,1341500.0,0,0,0,0,0,0,0,0,0,0,0,0,0,0,0,0,70,2026-02-04 18:15:16.540895
SPNG,25.44,25.78,25.9,1836800.0,1220600.0,0,0,0,0,0,0,0,0,0,0,0,0,0,0,0,0,71,2026-02-04 18:15:17.625706
SMMR,24.42,24.42,24.5,1726200.0,2343000.0,0,0,0,0,0,0,0,0,0,0,0,0,0,0,0,0,71,2026-02-04 18:15:17.625706
ATMN,25.3,24.94,25.3,1372200.0,1414600.0,0,0,0,0,0,0,0,0,0,0,0,0,0,0,0,0,71,2026-02-04 18:15:17.625706
WNTR,24.36,24.37,24.38,1295800.0,1435200.0,0,0,0,0,0,0,0,0,0,0,0,0,0,0,0,0,71,2026-02-04 18:15:17.625706
SPNG,25.44,25.78,25.9,1836800.0,1500300.0,0,0,0,0,0,0,0,0,0,0,0,0,0,0,0,0,72,2026-02-04 18:15:18.699824
SMMR,24.5,24.42,24.5,1855700.0,2450000.0,0,0,0,0,0,0,0,0,0,0,0,0,0,0,0,0,72,2026-02-04 18:15:18.699824
ATMN,24.78,24.78,25.3,1354500.0,1528300.0,0,0,0,0,0,0,0,0,0,0,0,0,0,0,0,0,72,2026-02-04 18:15:18.699824
WNTR,24.37,24.11,24.14,1334600.0,1650700.0,0,0,0,0,0,0,0,0,0,0,0,0,0,0,0,0,72,2026-02-04 18:15:18.699824
SPNG,25.39,25.39,25.43,1730400.0,1708900.0,0,0,0,0,0,0,0,0,0,0,0,0,0,0,0,0,73,2026-02-04 18:15:19.742827
SMMR,24.5,24.42,24.5,1962300.0,2415500.0,0,0,0,0,0,0,0,0,0,0,0,0,0,0,0,0,73,2026-02-04 18:15:19.742827
ATMN,24.87,25.28,25.3,1463800.0,1528300.0,0,0,0,0,0,0,0,0,0,0,0,0,0,0,0,0,73,2026-02-04 18:15:19.742827
WNTR,24.38,24.32,24.38,1430100.0,1435200.0,0,0,0,0,0,0,0,0,0,0,0,0,0,0,0,0,73,2026-02-04 18:15:19.742827
SPNG,25.43,25.39,25.43,2047000.0,1708900.0,0,0,0,0,0,0,0,0,0,0,0,0,0,0,0,0,74,2026-02-04 18:15:20.799354
SMMR,24.5,24.42,24.47,1962300.0,2373000.0,0,0,0,0,0,0,0,0,0,0,0,0,0,0,0,0,74,2026-02-04 18:15:20.799354
ATMN,24.62,24.91,25.3,1345400.0,1610500.0,0,0,0,0,0,0,0,0,0,0,0,0,0,0,0,0,74,2026-02-04 18:15:20.799354
WNTR,24.32,24.11,24.17,1334600.0,1555200.0,0,0,0,0,0,0,0,0,0,0,0,0,0,0,0,0,74,2026-02-04 18:15:20.799354
SPNG,25.43,25.61,25.7,2106300.0,1598400.0,0,0,0,0,0,0,0,0,0,0,0,0,0,0,0,0,75,2026-02-04 18:15:21.842832
SMMR,24.47,24.46,24.47,2069800.0,2373000.0,0,0,0,0,0,0,0,0,0,0,0,0,0,0,0,0,75,2026-02-04 18:15:21.842832
ATMN,24.91,24.91,24.98,1345400.0,1729300.0,0,0,0,0,0,0,0,0,0,0,0,0,0,0,0,0,75,2026-02-04 18:15:21.842832
WNTR,24.17,24.1,24.17,1239400.0,1555700.0,0,0,0,0,0,0,0,0,0,0,0,0,0,0,0,0,75,2026-02-04 18:15:21.842832
SPNG,25.39,25.43,25.6,2141300.0,1694200.0,0,0,0,0,0,0,0,0,0,0,0,0,0,0,0,0,76,2026-02-04 18:15:22.884539
SMMR,24.47,24.46,24.47,2198100.0,2359900.0,0,0,0,0,0,0,0,0,0,0,0,0,0,0,0,0,76,2026-02-04 18:15:22.884539
ATMN,25.04,24.59,24.96,1252200.0,1710600.0,0,0,0,0,0,0,0,0,0,0,0,0,0,0,0,0,76,2026-02-04 18:15:22.884539
WNTR,24.38,24.1,24.38,1364900.0,1530700.0,0,0,0,0,0,0,0,0,0,0,0,0,0,0,0,0,76,2026-02-04 18:15:22.884539
SPNG,25.39,25.43,25.47,2096100.0,1781300.0,0,0,0,0,0,0,0,0,0,0,0,0,0,0,0,0,77,2026-02-04 18:15:23.424214
SMMR,24.42,24.42,24.47,2090600.0,2345200.0,0,0,0,0,0,0,0,0,0,0,0,0,0,0,0,0,77,2026-02-04 18:15:23.424214
ATMN,25.3,24.76,25.3,1369000.0,1610500.0,0,0,0,0,0,0,0,0,0,0,0,0,0,0,0,0,77,2026-02-04 18:15:23.424214
WNTR,24.08,24.08,24.41,1269500.0,1414300.0,0,0,0,0,0,0,0,0,0,0,0,0,0,0,0,0,77,2026-02-04 18:15:23.424214
SPNG,25.7,25.43,25.7,2064500.0,1598400.0,0,0,0,0,0,0,0,0,0,0,0,0,0,0,0,0,78,2026-02-04 18:15:24.479640
SMMR,24.38,24.38,24.47,1970900.0,2345200.0,0,0,0,0,0,0,0,0,0,0,0,0,0,0,0,0,78,2026-02-04 18:15:24.479640
ATMN,24.76,25.03,25.3,1485800.0,1711100.0,0,0,0,0,0,0,0,0,0,0,0,0,0,0,0,0,78,2026-02-04 18:15:24.479640
WNTR,24.08,24.08,24.11,1167700.0,1710400.0,0,0,0,0,0,0,0,0,0,0,0,0,0,0,0,0,78,2026-02-04 18:15:24.479640
SPNG,25.7,25.43,25.57,2030200.0,1792400.0,0,0,0,0,0,0,0,0,0,0,0,0,0,0,0,0,79,2026-02-04 18:15:25.528450
SMMR,24.5,24.28,24.5,2004000.0,2341200.0,0,0,0,0,0,0,0,0,0,0,0,0,0,0,0,0,79,2026-02-04 18:15:25.528450
ATMN,25.03,24.76,25.02,1369000.0,1888000.0,0,0,0,0,0,0,0,0,0,0,0,0,0,0,0,0,79,2026-02-04 18:15:25.528450
WNTR,24.11,24.26,24.36,1379200.0,1714900.0,0,0,0,0,0,0,0,0,0,0,0,0,0,0,0,0,79,2026-02-04 18:15:25.528450
SPNG,25.37,25.37,25.79,2101700.0,1601200.0,0,0,0,0,0,0,0,0,0,0,0,0,0,0,0,0,80,2026-02-04 18:15:26.660232
SMMR,24.27,24.22,24.23,1745200.0,2320900.0,0,0,0,0,0,0,0,0,0,0,0,0,0,0,0,0,80,2026-02-04 18:15:26.660232
ATMN,25.12,24.97,25.12,1478300.0,1905900.0,0,0,0,0,0,0,0,0,0,0,0,0,0,0,0,0,80,2026-02-04 18:15:26.660232
WNTR,24.07,24.07,24.17,1283400.0,1814000.0,0,0,0,0,0,0,0,0,0,0,0,0,0,0,0,0,80,2026-02-04 18:15:26.660232
SPNG,25.37,25.37,25.79,2074000.0,1601200.0,0,0,0,0,0,0,0,0,0,0,0,0,0,0,0,0,81,2026-02-04 18:15:27.773383
SMMR,24.5,24.43,24.5,1989500.0,2301200.0,0,0,0,0,0,0,0,0,0,0,0,0,0,0,0,0,81,2026-02-04 18:15:27.773383
ATMN,25.24,24.76,25.24,1489100.0,1811900.0,0,0,0,0,0,0,0,0,0,0,0,0,0,0,0,0,81,2026-02-04 18:15:27.773383
WNTR,24.36,24.32,24.36,1399200.0,1832400.0,0,0,0,0,0,0,0,0,0,0,0,0,0,0,0,0,81,2026-02-04 18:15:27.773383
SPNG,25.9,25.37,25.41,2025600.0,1603300.0,0,0,0,0,0,0,0,0,0,0,0,0,0,0,0,0,82,2026-02-04 18:15:28.904452
SMMR,24.51,24.36,24.51,2002300.0,2274100.0,0,0,0,0,0,0,0,0,0,0,0,0,0,0,0,0,82,2026-02-04 18:15:28.904452
ATMN,25.1,24.76,24.96,1608100.0,2039700.0,0,0,0,0,0,0,0,0,0,0,0,0,0,0,0,0,82,2026-02-04 18:15:28.904452
WNTR,24.32,24.07,24.15,1500500.0,1948000.0,0,0,0,0,0,0,0,0,0,0,0,0,0,0,0,0,82,2026-02-04 18:15:28.904452
SPNG,25.9,25.37,25.41,2018300.0,1603300.0,0,0,0,0,0,0,0,0,0,0,0,0,0,0,0,0,83,2026-02-04 18:15:29.936646
SMMR,24.4,24.4,24.51,2009400.0,2274100.0,0,0,0,0,0,0,0,0,0,0,0,0,0,0,0,0,83,2026-02-04 18:15:29.936646
ATMN,25.1,24.93,24.96,1794600.0,2067400.0,0,0,0,0,0,0,0,0,0,0,0,0,0,0,0,0,83,2026-02-04 18:15:29.936646
WNTR,24.36,24.2,24.36,1725600.0,1832400.0,0,0,0,0,0,0,0,0,0,0,0,0,0,0,0,0,83,2026-02-04 18:15:29.936646
SPNG,25.96,25.37,25.39,2018300.0,1509600.0,0,0,0,0,0,0,0,0,0,0,0,0,0,0,0,0,84,2026-02-04 18:15:30.472446
SMMR,24.51,24.4,24.48,2009400.0,2274400.0,0,0,0,0,0,0,0,0,0,0,0,0,0,0,0,0,84,2026-02-04 18:15:30.472446
ATMN,24.98,24.93,24.98,1794600.0,2046700.0,0,0,0,0,0,0,0,0,0,0,0,0,0,0,0,0,84,2026-02-04 18:15:30.472446
WNTR,24.41,24.2,24.41,1725600.0,1741500.0,0,0,0,0,0,0,0,0,0,0,0,0,0,0,0,0,84,2026-02-04 18:15:30.472446
SPNG,25.39,25.37,25.39,2008200.0,1509600.0,0,0,0,0,0,0,0,0,0,0,0,0,0,0,0,0,85,2026-02-04 18:15:31.515303
SMMR,24.27,24.34,24.45,2027500.0,2303800.0,0,0,0,0,0,0,0,0,0,0,0,0,0,0,0,0,85,2026-02-04 18:15:31.515303
ATMN,24.91,24.91,24.98,1911400.0,2046700.0,0,0,0,0,0,0,0,0,0,0,0,0,0,0,0,0,85,2026-02-04 18:15:31.515303
WNTR,24.41,24.43,24.45,1835000.0,1735400.0,0,0,0,0,0,0,0,0,0,0,0,0,0,0,0,0,85,2026-02-04 18:15:31.515303
SPNG,25.96,25.37,25.96,2033800.0,1323800.0,0,0,0,0,0,0,0,0,0,0,0,0,0,0,0,0,86,2026-02-04 18:15:32.562796
SMMR,24.52,24.34,24.48,2168000.0,2302500.0,0,0,0,0,0,0,0,0,0,0,0,0,0,0,0,0,86,2026-02-04 18:15:32.562796
ATMN,24.99,24.69,24.99,1883200.0,2019000.0,0,0,0,0,0,0,0,0,0,0,0,0,0,0,0,0,86,2026-02-04 18:15:32.562796
WNTR,24.43,24.2,24.42,1822000.0,1967300.0,0,0,0,0,0,0,0,0,0,0,0,0,0,0,0,0,86,2026-02-04 18:15:32.562796
SPNG,25.37,25.37,25.72,2033800.0,1517000.0,0,0,0,0,0,0,0,0,0,0,0,0,0,0,0,0,87,2026-02-04 18:15:33.613868
SMMR,24.52,24.34,24.41,2168000.0,2365400.0,0,0,0,0,0,0,0,0,0,0,0,0,0,0,0,0,87,2026-02-04 18:15:33.613868
ATMN,25.24,25.03,25.21,1965900.0,2022500.0,0,0,0,0,0,0,0,0,0,0,0,0,0,0,0,0,87,2026-02-04 18:15:33.613868
WNTR,24.2,24.07,24.16,1798300.0,1955200.0,0,0,0,0,0,0,0,0,0,0,0,0,0,0,0,0,87,2026-02-04 18:15:33.613868
SPNG,25.34,25.53,25.72,2005600.0,1589900.0,0,0,0,0,0,0,0,0,0,0,0,0,0,0,0,0,88,2026-02-04 18:15:34.743591
SMMR,24.3,24.3,24.41,2302600.0,2390200.0,0,0,0,0,0,0,0,0,0,0,0,0,0,0,0,0,88,2026-02-04 18:15:34.743591
ATMN,24.69,25.07,25.21,2096800.0,2022500.0,0,0,0,0,0,0,0,0,0,0,0,0,0,0,0,0,88,2026-02-04 18:15:34.743591
WNTR,24.18,24.18,24.45,1902600.0,1849100.0,0,0,0,0,0,0,0,0,0,0,0,0,0,0,0,0,88,2026-02-04 18:15:34.743591
SPNG,25.53,25.53,25.61,2005600.0,1876400.0,0,0,0,0,0,0,0,0,0,0,0,0,0,0,0,0,89,2026-02-04 18:15:35.884157
SMMR,24.3,24.32,24.41,2552000.0,2397000.0,0,0,0,0,0,0,0,0,0,0,0,0,0,0,0,0,89,2026-02-04 18:15:35.884157
ATMN,25.07,24.69,24.72,2211400.0,2053500.0,0,0,0,0,0,0,0,0,0,0,0,0,0,0,0,0,89,2026-02-04 18:15:35.884157
WNTR,24.18,24.28,24.45,1996600.0,2058000.0,0,0,0,0,0,0,0,0,0,0,0,0,0,0,0,0,89,2026-02-04 18:15:35.884157
SPNG,25.39,25.54,25.61,2049200.0,1876400.0,0,0,0,0,0,0,0,0,0,0,0,0,0,0,0,0,90,2026-02-04 18:15:36.964927
SMMR,24.3,24.32,24.33,2580500.0,2381500.0,0,0,0,0,0,0,0,0,0,0,0,0,0,0,0,0,90,2026-02-04 18:15:36.964927
ATMN,25.29,24.69,25.29,2211400.0,1825100.0,0,0,0,0,0,0,0,0,0,0,0,0,0,0,0,0,90,2026-02-04 18:15:36.964927
WNTR,24.18,24.18,24.45,1902600.0,2087100.0,0,0,0,0,0,0,0,0,0,0,0,0,0,0,0,0,90,2026-02-04 18:15:36.964927
SPNG,25.61,25.34,25.61,2022400.0,1876400.0,0,0,0,0,0,0,0,0,0,0,0,0,0,0,0,0,91,2026-02-04 18:15:38.029797
SMMR,24.3,24.3,24.33,2580600.0,2358600.0,0,0,0,0,0,0,0,0,0,0,0,0,0,0,0,0,91,2026-02-04 18:15:38.029797
ATMN,25.31,24.69,25.31,2143900.0,1597600.0,0,0,0,0,0,0,0,0,0,0,0,0,0,0,0,0,91,2026-02-04 18:15:38.029797
WNTR,24.29,24.42,24.45,1902600.0,2080700.0,0,0,0,0,0,0,0,0,0,0,0,0,0,0,0,0,91,2026-02-04 18:15:38.029797
SPNG,25.33,25.33,25.61,2025000.0,1872900.0,0,0,0,0,0,0,0,0,0,0,0,0,0,0,0,0,92,2026-02-04 18:15:38.615779
SMMR,24.28,24.28,24.33,2590800.0,2358600.0,0,0,0,0,0,0,0,0,0,0,0,0,0,0,0,0,92,2026-02-04 18:15:38.615779
ATMN,25.31,24.94,25.31,2125100.0,1597600.0,0,0,0,0,0,0,0,0,0,0,0,0,0,0,0,0,92,2026-02-04 18:15:38.615779
WNTR,24.42,24.3,24.33,1996100.0,2080700.0,0,0,0,0,0,0,0,0,0,0,0,0,0,0,0,0,92,2026-02-04 18:15:38.615779
SPNG,25.33,25.44,25.61,2012200.0,1872900.0,0,0,0,0,0,0,0,0,0,0,0,0,0,0,0,0,93,2026-02-04 18:15:39.664286
SMMR,24.23,24.23,24.38,2604000.0,2393500.0,0,0,0,0,0,0,0,0,0,0,0,0,0,0,0,0,93,2026-02-04 18:15:39.664286
ATMN,24.69,24.69,25.31,2137200.0,1709700.0,0,0,0,0,0,0,0,0,0,0,0,0,0,0,0,0,93,2026-02-04 18:15:39.664286
WNTR,24.47,24.3,24.47,1996100.0,2092800.0,0,0,0,0,0,0,0,0,0,0,0,0,0,0,0,0,93,2026-02-04 18:15:39.664286
SPNG,25.54,25.44,25.54,2012200.0,1892400.0,0,0,0,0,0,0,0,0,0,0,0,0,0,0,0,0,94,2026-02-04 18:15:40.726505
SMMR,24.38,24.39,24.41,2605600.0,2410200.0,0,0,0,0,0,0,0,0,0,0,0,0,0,0,0,0,94,2026-02-04 18:15:40.726505
ATMN,24.69,24.91,25.31,2093000.0,1709700.0,0,0,0,0,0,0,0,0,0,0,0,0,0,0,0,0,94,2026-02-04 18:15:40.726505
WNTR,24.18,24.26,24.47,2019600.0,2106100.0,0,0,0,0,0,0,0,0,0,0,0,0,0,0,0,0,94,2026-02-04 18:15:40.726505
SPNG,25.54,25.5,25.54,2019600.0,1918300.0,0,0,0,0,0,0,0,0,0,0,0,0,0,0,0,0,95,2026-02-04 18:15:41.798678
SMMR,24.41,24.23,24.41,2616000.0,2385800.0,0,0,0,0,0,0,0,0,0,0,0,0,0,0,0,0,95,2026-02-04 18:15:41.798678
ATMN,24.69,24.69,25.37,2118900.0,1695800.0,0,0,0,0,0,0,0,0,0,0,0,0,0,0,0,0,95,2026-02-04 18:15:41.798678
WNTR,24.26,24.26,24.47,2119800.0,2106100.0,0,0,0,0,0,0,0,0,0,0,0,0,0,0,0,0,95,2026-02-04 18:15:41.798678
SPNG,25.33,25.33,25.7,2027900.0,1889900.0,0,0,0,0,0,0,0,0,0,0,0,0,0,0,0,0,96,2026-02-04 18:15:42.888549
SMMR,24.23,24.22,24.23,2627500.0,2377600.0,0,0,0,0,0,0,0,0,0,0,0,0,0,0,0,0,96,2026-02-04 18:15:42.888549
ATMN,25.02,25.36,25.37,2137900.0,1695800.0,0,0,0,0,0,0,0,0,0,0,0,0,0,0,0,0,96,2026-02-04 18:15:42.888549
WNTR,24.27,24.26,24.27,2119800.0,2119800.0,0,0,0,0,0,0,0,0,0,0,0,0,0,0,0,0,96,2026-02-04 18:15:42.888549
SPNG,25.27,25.27,25.84,2022500.0,1773900.0,0,0,0,0,0,0,0,0,0,0,0,0,0,0,0,0,97,2026-02-04 18:15:43.944855
SMMR,24.44,24.36,24.44,2560400.0,2375200.0,0,0,0,0,0,0,0,0,0,0,0,0,0,0,0,0,97,2026-02-04 18:15:43.944855
ATMN,25.36,25.36,25.37,2137900.0,2011100.0,0,0,0,0,0,0,0,0,0,0,0,0,0,0,0,0,97,2026-02-04 18:15:43.944855
WNTR,24.18,24.18,24.27,2022300.0,2088900.0,0,0,0,0,0,0,0,0,0,0,0,0,0,0,0,0,97,2026-02-04 18:15:43.944855
SPNG,25.46,25.26,25.46,2029300.0,1910600.0,0,0,0,0,0,0,0,0,0,0,0,0,0,0,0,0,98,2026-02-04 18:15:45.014424
SMMR,24.28,24.39,24.44,2570100.0,2375200.0,0,0,0,0,0,0,0,0,0,0,0,0,0,0,0,0,98,2026-02-04 18:15:45.014424
ATMN,25.36,24.69,24.88,2137800.0,2049000.0,0,0,0,0,0,0,0,0,0,0,0,0,0,0,0,0,98,2026-02-04 18:15:45.014424
WNTR,24.27,24.37,24.42,2138200.0,2110400.0,0,0,0,0,0,0,0,0,0,0,0,0,0,0,0,0,98,2026-02-04 18:15:45.014424
SPNG,25.46,25.3,25.46,2033300.0,1910600.0,0,0,0,0,0,0,0,0,0,0,0,0,0,0,0,0,99,2026-02-04 18:15:45.556294
SMMR,24.28,24.39,24.44,2570100.0,2386300.0,0,0,0,0,0,0,0,0,0,0,0,0,0,0,0,0,99,2026-02-04 18:15:45.556294
ATMN,24.88,24.69,24.88,2137800.0,2049000.0,0,0,0,0,0,0,0,0,0,0,0,0,0,0,0,0,99,2026-02-04 18:15:45.556294
WNTR,24.37,24.37,24.42,2138200.0,2110400.0,0,0,0,0,0,0,0,0,0,0,0,0,0,0,0,0,99,2026-02-04 18:15:45.556294
SPNG,25.46,25.65,25.79,2021500.0,1884700.0,0,0,0,0,0,0,0,0,0,0,0,0,0,0,0,0,100,2026-02-04 18:15:46.590821
SMMR,24.44,24.39,24.44,2571400.0,2392100.0,0,0,0,0,0,0,0,0,0,0,0,0,0,0,0,0,100,2026-02-04 18:15:46.590821
ATMN,24.88,25.13,25.37,2153400.0,2027600.0,0,0,0,0,0,0,0,0,0,0,0,0,0,0,0,0,100,2026-02-04 18:15:46.590821
WNTR,24.37,24.17,24.33,2015900.0,2100900.0,0,0,0,0,0,0,0,0,0,0,0,0,0,0,0,0,100,2026-02-04 18:15:46.590821
SPNG,25.3,25.32,25.69,2009400.0,1877500.0,0,0,0,0,0,0,0,0,0,0,0,0,0,0,0,0,101,2026-02-04 18:15:47.616025
SMMR,24.45,24.39,24.45,2571400.0,2416800.0,0,0,0,0,0,0,0,0,0,0,0,0,0,0,0,0,101,2026-02-04 18:15:47.616025
ATMN,25.27,25.34,25.38,2128100.0,2039900.0,0,0,0,0,0,0,0,0,0,0,0,0,0,0,0,0,101,2026-02-04 18:15:47.616025
WNTR,24.37,24.17,24.18,2223000.0,2106400.0,0,0,0,0,0,0,0,0,0,0,0,0,0,0,0,0,101,2026-02-04 18:15:47.616025
SPNG,25.67,25.32,25.58,2009400.0,1927500.0,0,0,0,0,0,0,0,0,0,0,0,0,0,0,0,0,102,2026-02-04 18:15:48.663048
SMMR,24.45,24.39,24.45,2571400.0,2449900.0,0,0,0,0,0,0,0,0,0,0,0,0,0,0,0,0,102,2026-02-04 18:15:48.663048
ATMN,24.69,24.69,25.38,2159000.0,2051100.0,0,0,0,0,0,0,0,0,0,0,0,0,0,0,0,0,102,2026-02-04 18:15:48.663048
WNTR,24.46,24.33,24.46,2199100.0,2127400.0,0,0,0,0,0,0,0,0,0,0,0,0,0,0,0,0,102,2026-02-04 18:15:48.663048
SPNG,25.79,25.32,25.79,1993100.0,1890100.0,0,0,0,0,0,0,0,0,0,0,0,0,0,0,0,0,103,2026-02-04 18:15:49.728765
SMMR,24.45,24.28,24.34,2550000.0,2450500.0,0,0,0,0,0,0,0,0,0,0,0,0,0,0,0,0,103,2026-02-04 18:15:49.728765
ATMN,24.69,25.3,25.38,2101400.0,2051100.0,0,0,0,0,0,0,0,0,0,0,0,0,0,0,0,0,103,2026-02-04 18:15:49.728765
WNTR,24.33,24.18,24.28,2206300.0,2141800.0,0,0,0,0,0,0,0,0,0,0,0,0,0,0,0,0,103,2026-02-04 18:15:49.728765
SPNG,25.76,25.76,25.82,2009300.0,1907000.0,0,0,0,0,0,0,0,0,0,0,0,0,0,0,0,0,104,2026-02-04 18:15:50.810651
SMMR,24.37,24.43,24.46,2571000.0,2425700.0,0,0,0,0,0,0,0,0,0,0,0,0,0,0,0,0,104,2026-02-04 18:15:50.810651
ATMN,24.69,25.3,25.38,2101400.0,2052700.0,0,0,0,0,0,0,0,0,0,0,0,0,0,0,0,0,104,2026-02-04 18:15:50.810651
WNTR,24.05,24.05,24.28,2088800.0,2141800.0,0,0,0,0,0,0,0,0,0,0,0,0,0,0,0,0,104,2026-02-04 18:15:50.810651
SPNG,25.32,25.32,25.82,2021100.0,1916900.0,0,0,0,0,0,0,0,0,0,0,0,0,0,0,0,0,105,2026-02-04 18:15:51.861223
SMMR,24.43,24.38,24.43,2583100.0,2442900.0,0,0,0,0,0,0,0,0,0,0,0,0,0,0,0,0,105,2026-02-04 18:15:51.861223
ATMN,24.69,25.3,25.34,2101400.0,2083200.0,0,0,0,0,0,0,0,0,0,0,0,0,0,0,0,0,105,2026-02-04 18:15:51.861223
WNTR,24.28,24.05,24.28,2202400.0,2141800.0,0,0,0,0,0,0,0,0,0,0,0,0,0,0,0,0,105,2026-02-04 18:15:51.861223
SPNG,25.82,25.32,25.82,2033300.0,1897300.0,0,0,0,0,0,0,0,0,0,0,0,0,0,0,0,0,106,2026-02-04 18:15:52.915309
SMMR,24.36,24.36,24.43,2550000.0,2418000.0,0,0,0,0,0,0,0,0,0,0,0,0,0,0,0,0,106,2026-02-04 18:15:52.915309
ATMN,24.69,25.3,25.34,2101400.0,2085000.0,0,0,0,0,0,0,0,0,0,0,0,0,0,0,0,0,106,2026-02-04 18:15:52.915309
WNTR,24.46,24.02,24.46,2207500.0,2136800.0,0,0,0,0,0,0,0,0,0,0,0,0,0,0,0,0,106,2026-02-04 18:15:52.915309
SPNG,25.24,25.24,25.73,2035300.0,1911200.0,0,0,0,0,0,0,0,0,0,0,0,0,0,0,0,0,107,2026-02-04 18:15:53.993311
SMMR,24.26,24.29,24.34,2595400.0,2418000.0,0,0,0,0,0,0,0,0,0,0,0,0,0,0,0,0,107,2026-02-04 18:15:53.993311
ATMN,24.69,25.17,25.36,2096200.0,2085000.0,0,0,0,0,0,0,0,0,0,0,0,0,0,0,0,0,107,2026-02-04 18:15:53.993311
WNTR,24.16,24.16,24.27,2224900.0,2159400.0,0,0,0,0,0,0,0,0,0,0,0,0,0,0,0,0,107,2026-02-04 18:15:53.993311
SPNG,25.73,25.51,25.73,2068600.0,1911200.0,0,0,0,0,0,0,0,0,0,0,0,0,0,0,0,0,108,2026-02-04 18:15:55.039795
SMMR,24.43,24.29,24.43,2568700.0,2410500.0,0,0,0,0,0,0,0,0,0,0,0,0,0,0,0,0,108,2026-02-04 18:15:55.039795
ATMN,25.17,24.69,24.73,2124400.0,2087900.0,0,0,0,0,0,0,0,0,0,0,0,0,0,0,0,0,108,2026-02-04 18:15:55.039795
WNTR,24.27,24.16,24.27,2218400.0,2159400.0,0,0,0,0,0,0,0,0,0,0,0,0,0,0,0,0,108,2026-02-04 18:15:55.039795
SPNG,25.51,25.51,25.89,2068600.0,1900500.0,0,0,0,0,0,0,0,0,0,0,0,0,0,0,0,0,109,2026-02-04 18:15:55.604699
SMMR,24.46,24.29,24.46,2566800.0,2397000.0,0,0,0,0,0,0,0,0,0,0,0,0,0,0,0,0,109,2026-02-04 18:15:55.604699
ATMN,25.36,24.85,25.36,2130500.0,2085000.0,0,0,0,0,0,0,0,0,0,0,0,0,0,0,0,0,109,2026-02-04 18:15:55.604699
WNTR,24.27,24.28,24.46,2209500.0,2154400.0,0,0,0,0,0,0,0,0,0,0,0,0,0,0,0,0,109,2026-02-04 18:15:55.604699
SPNG,25.19,25.19,25.25,2048100.0,1890000.0,0,0,0,0,0,0,0,0,0,0,0,0,0,0,0,0,110,2026-02-04 18:15:56.640608
SMMR,24.46,24.44,24.46,2501900.0,2397000.0,0,0,0,0,0,0,0,0,0,0,0,0,0,0,0,0,110,2026-02-04 18:15:56.640608
ATMN,25.36,25.36,25.38,2161300.0,2061000.0,0,0,0,0,0,0,0,0,0,0,0,0,0,0,0,0,110,2026-02-04 18:15:56.640608
WNTR,24.16,24.02,24.07,2205300.0,2183300.0,0,0,0,0,0,0,0,0,0,0,0,0,0,0,0,0,110,2026-02-04 18:15:56.640608
SPNG,25.58,25.36,25.5,2057100.0,1907500.0,0,0,0,0,0,0,0,0,0,0,0,0,0,0,0,0,111,2026-02-04 18:15:57.682358
SMMR,24.32,24.32,24.37,2560600.0,2401700.0,0,0,0,0,0,0,0,0,0,0,0,0,0,0,0,0,111,2026-02-04 18:15:57.682358
ATMN,25.36,25.36,25.38,2161300.0,2052800.0,0,0,0,0,0,0,0,0,0,0,0,0,0,0,0,0,111,2026-02-04 18:15:57.682358
WNTR,24.16,24.02,24.07,2204300.0,2183300.0,0,0,0,0,0,0,0,0,0,0,0,0,0,0,0,0,111,2026-02-04 18:15:57.682358
SPNG,25.58,25.36,25.5,2081500.0,1907500.0,0,0,0,0,0,0,0,0,0,0,0,0,0,0,0,0,112,2026-02-04 18:15:58.795242
SMMR,24.32,24.32,24.37,2528000.0,2407800.0,0,0,0,0,0,0,0,0,0,0,0,0,0,0,0,0,112,2026-02-04 18:15:58.795242
ATMN,25.39,25.36,25.39,2111600.0,2028600.0,0,0,0,0,0,0,0,0,0,0,0,0,0,0,0,0,112,2026-02-04 18:15:58.795242
WNTR,24.07,24.23,24.43,2188800.0,2162700.0,0,0,0,0,0,0,0,0,0,0,0,0,0,0,0,0,112,2026-02-04 18:15:58.795242
SPNG,25.92,25.43,25.76,2081500.0,1917600.0,0,0,0,0,0,0,0,0,0,0,0,0,0,0,0,0,113,2026-02-04 18:15:59.923922
SMMR,24.39,24.38,24.39,2491900.0,2409900.0,0,0,0,0,0,0,0,0,0,0,0,0,0,0,0,0,113,2026-02-04 18:15:59.923922
ATMN,25.41,25.23,25.41,2109500.0,1992900.0,0,0,0,0,0,0,0,0,0,0,0,0,0,0,0,0,113,2026-02-04 18:15:59.923922
WNTR,24.3,24.3,24.37,2188800.0,2171900.0,0,0,0,0,0,0,0,0,0,0,0,0,0,0,0,0,113,2026-02-04 18:15:59.923922
SPNG,25.76,25.43,25.76,2055400.0,1917600.0,0,0,0,0,0,0,0,0,0,0,0,0,0,0,0,0,114,2026-02-04 18:16:00.974469
SMMR,24.48,24.38,24.48,2491900.0,2426400.0,0,0,0,0,0,0,0,0,0,0,0,0,0,0,0,0,114,2026-02-04 18:16:00.974469
ATMN,25.41,25.23,25.39,2116800.0,1987000.0,0,0,0,0,0,0,0,0,0,0,0,0,0,0,0,0,114,2026-02-04 18:16:00.974469
WNTR,24.37,24.41,24.43,2180700.0,2177700.0,0,0,0,0,0,0,0,0,0,0,0,0,0,0,0,0,114,2026-02-04 18:16:00.974469
SPNG,25.26,25.26,25.76,2046000.0,1917600.0,0,0,0,0,0,0,0,0,0,0,0,0,0,0,0,0,115,2026-02-04 18:16:02.021711
SMMR,24.48,24.39,24.41,2494600.0,2447300.0,0,0,0,0,0,0,0,0,0,0,0,0,0,0,0,0,115,2026-02-04 18:16:02.021711
ATMN,25.37,24.79,25.31,2118300.0,2003100.0,0,0,0,0,0,0,0,0,0,0,0,0,0,0,0,0,115,2026-02-04 18:16:02.021711
WNTR,24.31,24.23,24.31,2154200.0,2198700.0,0,0,0,0,0,0,0,0,0,0,0,0,0,0,0,0,115,2026-02-04 18:16:02.021711
SPNG,25.26,25.6,25.76,2039900.0,1912400.0,0,0,0,0,0,0,0,0,0,0,0,0,0,0,0,0,116,2026-02-04 18:16:03.072029
SMMR,24.39,24.39,24.41,2540800.0,2447300.0,0,0,0,0,0,0,0,0,0,0,0,0,0,0,0,0,116,2026-02-04 18:16:03.072029
ATMN,25.37,24.88,25.31,2085900.0,2003100.0,0,0,0,0,0,0,0,0,0,0,0,0,0,0,0,0,116,2026-02-04 18:16:03.072029
WNTR,24.13,24.23,24.31,2147700.0,2198700.0,0,0,0,0,0,0,0,0,0,0,0,0,0,0,0,0,116,2026-02-04 18:16:03.072029
SPNG,25.6,25.26,25.54,2043200.0,1889100.0,0,0,0,0,0,0,0,0,0,0,0,0,0,0,0,0,117,2026-02-04 18:16:03.623309
SMMR,24.41,24.39,24.41,2540800.0,2443500.0,0,0,0,0,0,0,0,0,0,0,0,0,0,0,0,0,117,2026-02-04 18:16:03.623309
ATMN,25.42,24.88,25.42,2085900.0,1994600.0,0,0,0,0,0,0,0,0,0,0,0,0,0,0,0,0,117,2026-02-04 18:16:03.623309
WNTR,24.13,24.23,24.27,2147700.0,2175600.0,0,0,0,0,0,0,0,0,0,0,0,0,0,0,0,0,117,2026-02-04 18:16:03.623309
SPNG,25.26,25.26,25.76,2030000.0,1906900.0,0,0,0,0,0,0,0,0,0,0,0,0,0,0,0,0,118,2026-02-04 18:16:04.716332
SMMR,24.42,24.39,24.42,2540800.0,2440100.0,0,0,0,0,0,0,0,0,0,0,0,0,0,0,0,0,118,2026-02-04 18:16:04.716332
ATMN,25.42,24.88,25.42,2077700.0,1978100.0,0,0,0,0,0,0,0,0,0,0,0,0,0,0,0,0,118,2026-02-04 18:16:04.716332
WNTR,24.23,24.15,24.23,2123300.0,2186600.0,0,0,0,0,0,0,0,0,0,0,0,0,0,0,0,0,118,2026-02-04 18:16:04.716332
SPNG,25.26,25.52,25.76,2047600.0,1906900.0,0,0,0,0,0,0,0,0,0,0,0,0,0,0,0,0,119,2026-02-04 18:16:05.756053
SMMR,24.42,24.4,24.42,2494000.0,2440100.0,0,0,0,0,0,0,0,0,0,0,0,0,0,0,0,0,119,2026-02-04 18:16:05.756053
ATMN,25.01,25.13,25.42,2054100.0,1978100.0,0,0,0,0,0,0,0,0,0,0,0,0,0,0,0,0,119,2026-02-04 18:16:05.756053
WNTR,24.23,24.15,24.23,2106000.0,2189100.0,0,0,0,0,0,0,0,0,0,0,0,0,0,0,0,0,119,2026-02-04 18:16:05.756053
SPNG,25.59,24.81,0.0,200000.0,,0,0,0,0,0,0,0,0,0,0,0,0,0,0,0,0,120,2026-02-04 18:16:06.856616
SMMR,25.36,25.36,25.46,874100.0,704700.0,0,0,0,0,0,0,0,0,0,0,0,0,0,0,0,0,120,2026-02-04 18:16:06.856616
ATMN,25.07,25.79,0.0,200000.0,,0,0,0,0,0,0,0,0,0,0,0,0,0,0,0,0,120,2026-02-04 18:16:06.856616
WNTR,24.23,23.28,23.39,929000.0,874900.0,0,0,0,0,0,0,0,0,0,0,0,0,0,0,0,0,120,2026-02-04 18:16:06.856616
SPNG,24.81,24.82,24.91,1052400.0,778600.0,0,0,0,0,0,0,0,0,0,0,0,0,0,0,0,0,121,2026-02-04 18:16:07.930626
SMMR,25.53,25.04,25.53,1177800.0,802300.0,0,0,0,0,0,0,0,0,0,0,0,0,0,0,0,0,121,2026-02-04 18:16:07.930626
ATMN,26.26,25.79,25.89,893900.0,899500.0,0,0,0,0,0,0,0,0,0,0,0,0,0,0,0,0,121,2026-02-04 18:16:07.930626
WNTR,24.23,23.28,23.34,929000.0,1183500.0,0,0,0,0,0,0,0,0,0,0,0,0,0,0,0,0,121,2026-02-04 18:16:07.930626
SPNG,24.81,24.81,25.3,965900.0,790000.0,0,0,0,0,0,0,0,0,0,0,0,0,0,0,0,0,122,2026-02-04 18:16:08.977649
SMMR,25.53,25.56,25.68,1177800.0,1018000.0,0,0,0,0,0,0,0,0,0,0,0,0,0,0,0,0,122,2026-02-04 18:16:08.977649
ATMN,25.79,25.79,25.89,982500.0,976800.0,0,0,0,0,0,0,0,0,0,0,0,0,0,0,0,0,122,2026-02-04 18:16:08.977649
WNTR,24.23,23.28,23.31,929000.0,1483400.0,0,0,0,0,0,0,0,0,0,0,0,0,0,0,0,0,122,2026-02-04 18:16:08.977649
SPNG,23.9,24.14,25.3,1151400.0,868600.0,0,0,0,0,0,0,0,0,0,0,0,0,0,0,0,0,123,2026-02-04 18:16:10.020060
SMMR,25.68,25.42,25.68,1291200.0,1018000.0,0,0,0,0,0,0,0,0,0,0,0,0,0,0,0,0,123,2026-02-04 18:16:10.020060
ATMN,26.84,25.79,26.22,982500.0,879900.0,0,0,0,0,0,0,0,0,0,0,0,0,0,0,0,0,123,2026-02-04 18:16:10.020060
WNTR,23.31,23.24,23.31,925500.0,1383400.0,0,0,0,0,0,0,0,0,0,0,0,0,0,0,0,0,123,2026-02-04 18:16:10.020060
SPNG,25.3,24.93,25.3,1368500.0,976500.0,0,0,0,0,0,0,0,0,0,0,0,0,0,0,0,0,124,2026-02-04 18:16:11.080598
SMMR,25.44,25.42,25.44,1291200.0,1357700.0,0,0,0,0,0,0,0,0,0,0,0,0,0,0,0,0,124,2026-02-04 18:16:11.080598
ATMN,25.79,25.66,25.74,903400.0,1163700.0,0,0,0,0,0,0,0,0,0,0,0,0,0,0,0,0,124,2026-02-04 18:16:11.080598
WNTR,23.23,23.23,23.24,941000.0,1705000.0,0,0,0,0,0,0,0,0,0,0,0,0,0,0,0,0,124,2026-02-04 18:16:11.080598
SPNG,25.3,24.93,25.13,1368500.0,1153700.0,0,0,0,0,0,0,0,0,0,0,0,0,0,0,0,0,125,2026-02-04 18:16:11.644806
SMMR,25.42,25.42,25.44,1291200.0,1578000.0,0,0,0,0,0,0,0,0,0,0,0,0,0,0,0,0,125,2026-02-04 18:16:11.644806
ATMN,26.22,25.66,26.22,903400.0,1051900.0,0,0,0,0,0,0,0,0,0,0,0,0,0,0,0,0,125,2026-02-04 18:16:11.644806
WNTR,23.23,23.21,23.22,942600.0,1927400.0,0,0,0,0,0,0,0,0,0,0,0,0,0,0,0,0,125,2026-02-04 18:16:11.644806
SPNG,24.74,24.9,25.13,1355700.0,1263000.0,0,0,0,0,0,0,0,0,0,0,0,0,0,0,0,0,126,2026-02-04 18:16:12.715269
SMMR,25.42,25.16,25.26,1276500.0,1821800.0,0,0,0,0,0,0,0,0,0,0,0,0,0,0,0,0,126,2026-02-04 18:16:12.715269
ATMN,26.08,25.66,26.08,903400.0,1165300.0,0,0,0,0,0,0,0,0,0,0,0,0,0,0,0,0,126,2026-02-04 18:16:12.715269
WNTR,23.24,23.21,23.24,942600.0,2021600.0,0,0,0,0,0,0,0,0,0,0,0,0,0,0,0,0,126,2026-02-04 18:16:12.715269
SPNG,24.9,24.55,24.67,1495200.0,1374700.0,0,0,0,0,0,0,0,0,0,0,0,0,0,0,0,0,127,2026-02-04 18:16:13.758247
SMMR,25.45,25.24,25.45,1482400.0,1575500.0,0,0,0,0,0,0,0,0,0,0,0,0,0,0,0,0,127,2026-02-04 18:16:13.758247
ATMN,26.08,26.06,26.08,987300.0,1349200.0,0,0,0,0,0,0,0,0,0,0,0,0,0,0,0,0,127,2026-02-04 18:16:13.758247
WNTR,23.24,23.21,23.24,942600.0,2134300.0,0,0,0,0,0,0,0,0,0,0,0,0,0,0,0,0,127,2026-02-04 18:16:13.758247
SPNG,24.55,24.8,25.13,1717100.0,1263000.0,0,0,0,0,0,0,0,0,0,0,0,0,0,0,0,0,128,2026-02-04 18:16:14.786989
SMMR,25.54,25.26,25.35,1580600.0,1592100.0,0,0,0,0,0,0,0,0,0,0,0,0,0,0,0,0,128,2026-02-04 18:16:14.786989
ATMN,25.34,25.34,26.08,935000.0,1349200.0,0,0,0,0,0,0,0,0,0,0,0,0,0,0,0,0,128,2026-02-04 18:16:14.786989
WNTR,23.21,23.21,23.24,1031800.0,2119400.0,0,0,0,0,0,0,0,0,0,0,0,0,0,0,0,0,128,2026-02-04 18:16:14.786989
SPNG,24.66,24.66,25.13,1610500.0,1263000.0,0,0,0,0,0,0,0,0,0,0,0,0,0,0,0,0,129,2026-02-04 18:16:15.812610
SMMR,25.55,25.31,25.55,1798800.0,1354700.0,0,0,0,0,0,0,0,0,0,0,0,0,0,0,0,0,129,2026-02-04 18:16:15.812610
ATMN,25.34,26.01,26.08,1034100.0,1349200.0,0,0,0,0,0,0,0,0,0,0,0,0,0,0,0,0,129,2026-02-04 18:16:15.812610
WNTR,23.24,23.28,23.31,1157200.0,2111100.0,0,0,0,0,0,0,0,0,0,0,0,0,0,0,0,0,129,2026-02-04 18:16:15.812610
SPNG,24.66,24.66,24.68,1730100.0,1444600.0,0,0,0,0,0,0,0,0,0,0,0,0,0,0,0,0,130,2026-02-04 18:16:16.851239
SMMR,25.68,25.33,25.35,1795300.0,1360200.0,0,0,0,0,0,0,0,0,0,0,0,0,0,0,0,0,130,2026-02-04 18:16:16.851239
ATMN,26.01,26.01,26.08,1152600.0,1539000.0,0,0,0,0,0,0,0,0,0,0,0,0,0,0,0,0,130,2026-02-04 18:16:16.851239
WNTR,23.32,23.21,23.31,1031800.0,2139100.0,0,0,0,0,0,0,0,0,0,0,0,0,0,0,0,0,130,2026-02-04 18:16:16.851239
SPNG,24.68,24.7,24.85,2032500.0,1441600.0,0,0,0,0,0,0,0,0,0,0,0,0,0,0,0,0,131,2026-02-04 18:16:17.904073
SMMR,25.43,25.33,25.43,1912900.0,1349200.0,0,0,0,0,0,0,0,0,0,0,0,0,0,0,0,0,131,2026-02-04 18:16:17.904073
ATMN,25.65,25.87,26.08,1267100.0,1539000.0,0,0,0,0,0,0,0,0,0,0,0,0,0,0,0,0,131,2026-02-04 18:16:17.904073
WNTR,23.17,22.85,23.17,1047500.0,2150400.0,0,0,0,0,0,0,0,0,0,0,0,0,0,0,0,0,131,2026-02-04 18:16:17.904073
SPNG,24.85,24.7,24.85,2236500.0,1441600.0,0,0,0,0,0,0,0,0,0,0,0,0,0,0,0,0,132,2026-02-04 18:16:18.964330
SMMR,25.33,25.33,25.43,1815200.0,1560100.0,0,0,0,0,0,0,0,0,0,0,0,0,0,0,0,0,132,2026-02-04 18:16:18.964330
ATMN,25.87,25.87,26.17,1357200.0,1425600.0,0,0,0,0,0,0,0,0,0,0,0,0,0,0,0,0,132,2026-02-04 18:16:18.964330
WNTR,23.17,22.86,22.95,1178500.0,2141200.0,0,0,0,0,0,0,0,0,0,0,0,0,0,0,0,0,132,2026-02-04 18:16:18.964330
SPNG,25.32,24.7,24.87,2236500.0,1385000.0,0,0,0,0,0,0,0,0,0,0,0,0,0,0,0,0,133,2026-02-04 18:16:20.013030
SMMR,25.46,25.33,25.43,1815200.0,1554500.0,0,0,0,0,0,0,0,0,0,0,0,0,0,0,0,0,133,2026-02-04 18:16:20.013030
ATMN,26.17,25.87,26.17,1357200.0,1517500.0,0,0,0,0,0,0,0,0,0,0,0,0,0,0,0,0,133,2026-02-04 18:16:20.013030
WNTR,23.17,22.88,22.95,1598300.0,2141200.0,0,0,0,0,0,0,0,0,0,0,0,0,0,0,0,0,133,2026-02-04 18:16:20.013030
SPNG,24.66,24.66,25.41,2125700.0,1376100.0,0,0,0,0,0,0,0,0,0,0,0,0,0,0,0,0,134,2026-02-04 18:16:21.073752
SMMR,25.34,25.34,25.42,2043000.0,1771500.0,0,0,0,0,0,0,0,0,0,0,0,0,0,0,0,0,134,2026-02-04 18:16:21.073752
ATMN,26.17,25.87,26.17,1583500.0,1685600.0,0,0,0,0,0,0,0,0,0,0,0,0,0,0,0,0,134,2026-02-04 18:16:21.073752
WNTR,22.95,23.06,23.17,1805300.0,2166200.0,0,0,0,0,0,0,0,0,0,0,0,0,0,0,0,0,134,2026-02-04 18:16:21.073752
SPNG,25.41,24.55,25.41,1993800.0,1376100.0,0,0,0,0,0,0,0,0,0,0,0,0,0,0,0,0,135,2026-02-04 18:16:22.147869
SMMR,25.42,25.28,25.42,1816600.0,1990400.0,0,0,0,0,0,0,0,0,0,0,0,0,0,0,0,0,135,2026-02-04 18:16:22.147869
ATMN,25.98,25.98,26.17,1803600.0,1685600.0,0,0,0,0,0,0,0,0,0,0,0,0,0,0,0,0,135,2026-02-04 18:16:22.147869
WNTR,23.2,23.24,23.31,2023900.0,2164800.0,0,0,0,0,0,0,0,0,0,0,0,0,0,0,0,0,135,2026-02-04 18:16:22.147869
SPNG,25.41,24.55,25.04,2095400.0,1465300.0,0,0,0,0,0,0,0,0,0,0,0,0,0,0,0,0,136,2026-02-04 18:16:22.710426
SMMR,25.43,25.28,25.41,1816600.0,1866300.0,0,0,0,0,0,0,0,0,0,0,0,0,0,0,0,0,136,2026-02-04 18:16:22.710426
ATMN,25.93,25.93,26.17,1696100.0,1751800.0,0,0,0,0,0,0,0,0,0,0,0,0,0,0,0,0,136,2026-02-04 18:16:22.710426
WNTR,23.24,23.09,23.13,2029800.0,2169500.0,0,0,0,0,0,0,0,0,0,0,0,0,0,0,0,0,136,2026-02-04 18:16:22.710426
SPNG,24.86,24.55,24.57,2218300.0,1566600.0,0,0,0,0,0,0,0,0,0,0,0,0,0,0,0,0,137,2026-02-04 18:16:23.783978
SMMR,25.43,25.33,25.38,2147400.0,1987700.0,0,0,0,0,0,0,0,0,0,0,0,0,0,0,0,0,137,2026-02-04 18:16:23.783978
ATMN,25.93,25.93,26.17,1897000.0,1781500.0,0,0,0,0,0,0,0,0,0,0,0,0,0,0,0,0,137,2026-02-04 18:16:23.783978
WNTR,23.24,23.09,23.13,2247400.0,2169500.0,0,0,0,0,0,0,0,0,0,0,0,0,0,0,0,0,137,2026-02-04 18:16:23.783978
SPNG,25.04,25.16,25.41,2307400.0,1573500.0,0,0,0,0,0,0,0,0,0,0,0,0,0,0,0,0,138,2026-02-04 18:16:24.822404
SMMR,25.49,25.33,25.49,2283300.0,1870200.0,0,0,0,0,0,0,0,0,0,0,0,0,0,0,0,0,138,2026-02-04 18:16:24.822404
ATMN,25.93,25.93,26.05,1897000.0,1803300.0,0,0,0,0,0,0,0,0,0,0,0,0,0,0,0,0,138,2026-02-04 18:16:24.822404
WNTR,23.09,23.09,23.13,2210000.0,2177100.0,0,0,0,0,0,0,0,0,0,0,0,0,0,0,0,0,138,2026-02-04 18:16:24.822404
SPNG,24.56,24.45,24.56,2269000.0,1685800.0,0,0,0,0,0,0,0,0,0,0,0,0,0,0,0,0,139,2026-02-04 18:16:25.866022
SMMR,25.33,25.33,25.55,2283300.0,1879100.0,0,0,0,0,0,0,0,0,0,0,0,0,0,0,0,0,139,2026-02-04 18:16:25.866022
ATMN,25.8,25.92,25.99,1783000.0,1824700.0,0,0,0,0,0,0,0,0,0,0,0,0,0,0,0,0,139,2026-02-04 18:16:25.866022
WNTR,23.09,23.09,23.13,2171400.0,2168900.0,0,0,0,0,0,0,0,0,0,0,0,0,0,0,0,0,139,2026-02-04 18:16:25.866022
SPNG,24.56,24.62,25.41,2229900.0,1573500.0,0,0,0,0,0,0,0,0,0,0,0,0,0,0,0,0,140,2026-02-04 18:16:26.951178
SMMR,25.55,25.36,25.55,2391700.0,1879100.0,0,0,0,0,0,0,0,0,0,0,0,0,0,0,0,0,140,2026-02-04 18:16:26.951178
ATMN,26.09,26.01,26.09,1900600.0,1857500.0,0,0,0,0,0,0,0,0,0,0,0,0,0,0,0,0,140,2026-02-04 18:16:26.951178
WNTR,23.07,23.07,23.1,2193800.0,2146900.0,0,0,0,0,0,0,0,0,0,0,0,0,0,0,0,0,140,2026-02-04 18:16:26.951178
SPNG,24.56,24.62,25.36,2229900.0,1837400.0,0,0,0,0,0,0,0,0,0,0,0,0,0,0,0,0,141,2026-02-04 18:16:28.016362
SMMR,25.36,25.36,25.5,2391700.0,2095500.0,0,0,0,0,0,0,0,0,0,0,0,0,0,0,0,0,141,2026-02-04 18:16:28.016362
ATMN,25.92,25.92,26.09,1783000.0,1872500.0,0,0,0,0,0,0,0,0,0,0,0,0,0,0,0,0,141,2026-02-04 18:16:28.016362
WNTR,23.13,23.07,23.13,2203500.0,2142600.0,0,0,0,0,0,0,0,0,0,0,0,0,0,0,0,0,141,2026-02-04 18:16:28.016362
SPNG,24.56,24.62,24.93,2130300.0,1887300.0,0,0,0,0,0,0,0,0,0,0,0,0,0,0,0,0,142,2026-02-04 18:16:29.078272
SMMR,25.28,25.28,25.5,2148700.0,2095500.0,0,0,0,0,0,0,0,0,0,0,0,0,0,0,0,0,142,2026-02-04 18:16:29.078272
ATMN,25.68,25.68,26.09,1453200.0,1931700.0,0,0,0,0,0,0,0,0,0,0,0,0,0,0,0,0,142,2026-02-04 18:16:29.078272
WNTR,23.13,23.07,23.13,2182300.0,2146400.0,0,0,0,0,0,0,0,0,0,0,0,0,0,0,0,0,142,2026-02-04 18:16:29.078272
SPNG,25.41,24.62,25.41,2115300.0,1834900.0,0,0,0,0,0,0,0,0,0,0,0,0,0,0,0,0,143,2026-02-04 18:16:30.185943
SMMR,25.5,25.5,25.55,2279000.0,2121400.0,0,0,0,0,0,0,0,0,0,0,0,0,0,0,0,0,143,2026-02-04 18:16:30.185943
ATMN,25.68,26.05,26.06,1561500.0,1939800.0,0,0,0,0,0,0,0,0,0,0,0,0,0,0,0,0,143,2026-02-04 18:16:30.185943
WNTR,23.13,23.07,23.13,2173600.0,2146400.0,0,0,0,0,0,0,0,0,0,0,0,0,0,0,0,0,143,2026-02-04 18:16:30.185943
SPNG,24.61,25.18,25.41,2140000.0,1901400.0,0,0,0,0,0,0,0,0,0,0,0,0,0,0,0,0,144,2026-02-04 18:16:31.239523
SMMR,25.54,25.28,25.49,2031700.0,2120600.0,0,0,0,0,0,0,0,0,0,0,0,0,0,0,0,0,144,2026-02-04 18:16:31.239523
ATMN,25.68,25.92,26.02,1562100.0,1926800.0,0,0,0,0,0,0,0,0,0,0,0,0,0,0,0,0,144,2026-02-04 18:16:31.239523
WNTR,23.13,23.07,23.13,2178400.0,2139700.0,0,0,0,0,0,0,0,0,0,0,0,0,0,0,0,0,144,2026-02-04 18:16:31.239523
SPNG,24.61,25.18,25.41,2140000.0,1930500.0,0,0,0,0,0,0,0,0,0,0,0,0,0,0,0,0,145,2026-02-04 18:16:31.828807
SMMR,25.27,25.44,25.49,2064100.0,2120600.0,0,0,0,0,0,0,0,0,0,0,0,0,0,0,0,0,145,2026-02-04 18:16:31.828807
ATMN,25.68,25.92,26.02,1562100.0,1926000.0,0,0,0,0,0,0,0,0,0,0,0,0,0,0,0,0,145,2026-02-04 18:16:31.828807
WNTR,23.07,23.07,23.1,2196400.0,2139700.0,0,0,0,0,0,0,0,0,0,0,0,0,0,0,0,0,145,2026-02-04 18:16:31.828807
SPNG,25.18,24.61,24.94,2160100.0,1981600.0,0,0,0,0,0,0,0,0,0,0,0,0,0,0,0,0,146,2026-02-04 18:16:32.865960
SMMR,25.44,25.32,25.39,2030000.0,2188700.0,0,0,0,0,0,0,0,0,0,0,0,0,0,0,0,0,146,2026-02-04 18:16:32.865960
ATMN,25.68,25.92,25.98,1562100.0,1923400.0,0,0,0,0,0,0,0,0,0,0,0,0,0,0,0,0,146,2026-02-04 18:16:32.865960
WNTR,23.1,23.07,23.1,2196400.0,2119500.0,0,0,0,0,0,0,0,0,0,0,0,0,0,0,0,0,146,2026-02-04 18:16:32.865960
SPNG,24.94,25.16,25.23,2116200.0,1966000.0,0,0,0,0,0,0,0,0,0,0,0,0,0,0,0,0,147,2026-02-04 18:16:33.910539
SMMR,25.55,25.44,25.55,2160900.0,2180800.0,0,0,0,0,0,0,0,0,0,0,0,0,0,0,0,0,147,2026-02-04 18:16:33.910539
ATMN,25.9,25.68,25.76,1453200.0,1990300.0,0,0,0,0,0,0,0,0,0,0,0,0,0,0,0,0,147,2026-02-04 18:16:33.910539
WNTR,23.1,23.07,23.1,2196400.0,2138200.0,0,0,0,0,0,0,0,0,0,0,0,0,0,0,0,0,147,2026-02-04 18:16:33.910539
SPNG,25.16,24.75,24.86,2107900.0,2015400.0,0,0,0,0,0,0,0,0,0,0,0,0,0,0,0,0,148,2026-02-04 18:16:34.957709
SMMR,25.44,25.44,25.55,2160900.0,2164500.0,0,0,0,0,0,0,0,0,0,0,0,0,0,0,0,0,148,2026-02-04 18:16:34.957709
ATMN,25.9,25.69,25.76,1777700.0,1990300.0,0,0,0,0,0,0,0,0,0,0,0,0,0,0,0,0,148,2026-02-04 18:16:34.957709
WNTR,23.15,23.07,23.15,2225500.0,2145700.0,0,0,0,0,0,0,0,0,0,0,0,0,0,0,0,0,148,2026-02-04 18:16:34.957709
SPNG,24.86,24.84,24.86,2112600.0,2015400.0,0,0,0,0,0,0,0,0,0,0,0,0,0,0,0,0,149,2026-02-04 18:16:35.997987
SMMR,25.32,25.27,25.32,1932800.0,2172600.0,0,0,0,0,0,0,0,0,0,0,0,0,0,0,0,0,149,2026-02-04 18:16:35.997987
ATMN,25.98,25.69,25.98,1886300.0,1923400.0,0,0,0,0,0,0,0,0,0,0,0,0,0,0,0,0,149,2026-02-04 18:16:35.997987
WNTR,23.0,23.0,23.1,2190100.0,2147000.0,0,0,0,0,0,0,0,0,0,0,0,0,0,0,0,0,149,2026-02-04 18:16:35.997987
SPNG,24.84,24.84,25.3,2112600.0,2028700.0,0,0,0,0,0,0,0,0,0,0,0,0,0,0,0,0,150,2026-02-04 18:16:37.034165
SMMR,25.32,25.27,25.32,2310600.0,2172600.0,0,0,0,0,0,0,0,0,0,0,0,0,0,0,0,0,150,2026-02-04 18:16:37.034165
ATMN,26.06,25.69,26.06,1988800.0,1925100.0,0,0,0,0,0,0,0,0,0,0,0,0,0,0,0,0,150,2026-02-04 18:16:37.034165
WNTR,23.15,23.16,23.17,2203800.0,2119700.0,0,0,0,0,0,0,0,0,0,0,0,0,0,0,0,0,150,2026-02-04 18:16:37.034165
SPNG,24.84,24.84,25.25,2113200.0,2022600.0,0,0,0,0,0,0,0,0,0,0,0,0,0,0,0,0,151,2026-02-04 18:16:38.107637
SMMR,25.36,25.36,25.43,2440400.0,2154500.0,0,0,0,0,0,0,0,0,0,0,0,0,0,0,0,0,151,2026-02-04 18:16:38.107637
ATMN,26.21,25.79,26.21,2069800.0,1937500.0,0,0,0,0,0,0,0,0,0,0,0,0,0,0,0,0,151,2026-02-04 18:16:38.107637
WNTR,23.0,23.0,23.07,2205400.0,2159500.0,0,0,0,0,0,0,0,0,0,0,0,0,0,0,0,0,151,2026-02-04 18:16:38.107637
SPNG,25.3,24.84,25.3,2138200.0,2015900.0,0,0,0,0,0,0,0,0,0,0,0,0,0,0,0,0,152,2026-02-04 18:16:39.190526
SMMR,25.36,25.36,25.39,2440400.0,2213700.0,0,0,0,0,0,0,0,0,0,0,0,0,0,0,0,0,152,2026-02-04 18:16:39.190526
ATMN,26.21,25.79,26.21,2069800.0,1928600.0,0,0,0,0,0,0,0,0,0,0,0,0,0,0,0,0,152,2026-02-04 18:16:39.190526
WNTR,23.0,23.01,23.07,2209300.0,2157600.0,0,0,0,0,0,0,0,0,0,0,0,0,0,0,0,0,152,2026-02-04 18:16:39.190526
SPNG,24.87,24.84,24.87,2132100.0,1977700.0,0,0,0,0,0,0,0,0,0,0,0,0,0,0,0,0,153,2026-02-04 18:16:40.268271
SMMR,25.24,25.24,25.39,2123500.0,2219300.0,0,0,0,0,0,0,0,0,0,0,0,0,0,0,0,0,153,2026-02-04 18:16:40.268271
ATMN,25.79,25.69,25.79,1988800.0,1936100.0,0,0,0,0,0,0,0,0,0,0,0,0,0,0,0,0,153,2026-02-04 18:16:40.268271
WNTR,23.04,23.04,23.07,2210100.0,2178300.0,0,0,0,0,0,0,0,0,0,0,0,0,0,0,0,0,153,2026-02-04 18:16:40.268271
SPNG,25.42,24.84,25.42,2104400.0,1976200.0,0,0,0,0,0,0,0,0,0,0,0,0,0,0,0,0,154,2026-02-04 18:16:40.837130
SMMR,25.39,25.37,25.39,2259400.0,2219300.0,0,0,0,0,0,0,0,0,0,0,0,0,0,0,0,0,154,2026-02-04 18:16:40.837130
ATMN,25.79,26.14,26.21,2086000.0,1928600.0,0,0,0,0,0,0,0,0,0,0,0,0,0,0,0,0,154,2026-02-04 18:16:40.837130
WNTR,23.16,23.04,23.16,2210100.0,2147100.0,0,0,0,0,0,0,0,0,0,0,0,0,0,0,0,0,154,2026-02-04 18:16:40.837130
SPNG,24.75,24.75,25.14,2103300.0,2009700.0,0,0,0,0,0,0,0,0,0,0,0,0,0,0,0,0,155,2026-02-04 18:16:41.895835
SMMR,25.39,25.37,25.39,2373200.0,2221900.0,0,0,0,0,0,0,0,0,0,0,0,0,0,0,0,0,155,2026-02-04 18:16:41.895835
ATMN,25.68,26.19,26.21,1982400.0,1927200.0,0,0,0,0,0,0,0,0,0,0,0,0,0,0,0,0,155,2026-02-04 18:16:41.895835
WNTR,23.16,23.04,23.16,2240600.0,2152800.0,0,0,0,0,0,0,0,0,0,0,0,0,0,0,0,0,155,2026-02-04 18:16:41.895835
SPNG,24.75,24.75,24.89,2126500.0,1999100.0,0,0,0,0,0,0,0,0,0,0,0,0,0,0,0,0,156,2026-02-04 18:16:42.939734
SMMR,25.41,25.37,25.41,2373200.0,2175200.0,0,0,0,0,0,0,0,0,0,0,0,0,0,0,0,0,156,2026-02-04 18:16:42.939734
ATMN,26.21,25.94,26.21,2020100.0,1936200.0,0,0,0,0,0,0,0,0,0,0,0,0,0,0,0,0,156,2026-02-04 18:16:42.939734
WNTR,23.16,23.12,23.16,2230400.0,2152800.0,0,0,0,0,0,0,0,0,0,0,0,0,0,0,0,0,156,2026-02-04 18:16:42.939734
SPNG,24.89,24.75,24.89,2112700.0,1999100.0,0,0,0,0,0,0,0,0,0,0,0,0,0,0,0,0,157,2026-02-04 18:16:43.982015
SMMR,25.37,25.37,25.41,2508400.0,2175200.0,0,0,0,0,0,0,0,0,0,0,0,0,0,0,0,0,157,2026-02-04 18:16:43.982015
ATMN,26.06,25.94,26.06,2020100.0,1939400.0,0,0,0,0,0,0,0,0,0,0,0,0,0,0,0,0,157,2026-02-04 18:16:43.982015
WNTR,23.12,23.12,23.17,2230400.0,2155800.0,0,0,0,0,0,0,0,0,0,0,0,0,0,0,0,0,157,2026-02-04 18:16:43.982015
SPNG,25.14,24.85,25.14,2120400.0,2009700.0,0,0,0,0,0,0,0,0,0,0,0,0,0,0,0,0,158,2026-02-04 18:16:45.019436
SMMR,25.26,25.26,25.37,2258700.0,2221800.0,0,0,0,0,0,0,0,0,0,0,0,0,0,0,0,0,158,2026-02-04 18:16:45.019436
ATMN,25.94,25.68,25.74,1901900.0,1913600.0,0,0,0,0,0,0,0,0,0,0,0,0,0,0,0,0,158,2026-02-04 18:16:45.019436
WNTR,23.12,23.12,23.17,2230400.0,2175300.0,0,0,0,0,0,0,0,0,0,0,0,0,0,0,0,0,158,2026-02-04 18:16:45.019436
SPNG,25.14,25.0,25.14,2090300.0,2007200.0,0,0,0,0,0,0,0,0,0,0,0,0,0,0,0,0,159,2026-02-04 18:16:46.053129
SMMR,25.26,25.33,25.37,2495300.0,2197900.0,0,0,0,0,0,0,0,0,0,0,0,0,0,0,0,0,159,2026-02-04 18:16:46.053129
ATMN,25.94,25.68,25.74,2191400.0,1913600.0,0,0,0,0,0,0,0,0,0,0,0,0,0,0,0,0,159,2026-02-04 18:16:46.053129
WNTR,23.19,23.12,23.19,2230400.0,2133900.0,0,0,0,0,0,0,0,0,0,0,0,0,0,0,0,0,159,2026-02-04 18:16:46.053129
SPNG,25.2,24.85,25.2,2110700.0,1998600.0,0,0,0,0,0,0,0,0,0,0,0,0,0,0,0,0,160,2026-02-04 18:16:47.139143
SMMR,25.32,25.26,25.3,2473600.0,2197500.0,0,0,0,0,0,0,0,0,0,0,0,0,0,0,0,0,160,2026-02-04 18:16:47.139143
ATMN,26.01,25.92,26.01,2086900.0,1919300.0,0,0,0,0,0,0,0,0,0,0,0,0,0,0,0,0,160,2026-02-04 18:16:47.139143
WNTR,23.11,23.08,23.11,2255400.0,2143400.0,0,0,0,0,0,0,0,0,0,0,0,0,0,0,0,0,160,2026-02-04 18:16:47.139143
SPNG,24.81,24.81,25.2,2104000.0,1998600.0,0,0,0,0,0,0,0,0,0,0,0,0,0,0,0,0,161,2026-02-04 18:16:48.222201
SMMR,25.32,25.3,25.32,2435500.0,2205400.0,0,0,0,0,0,0,0,0,0,0,0,0,0,0,0,0,161,2026-02-04 18:16:48.222201
ATMN,26.24,25.92,26.24,2086900.0,1916600.0,0,0,0,0,0,0,0,0,0,0,0,0,0,0,0,0,161,2026-02-04 18:16:48.222201
WNTR,23.08,23.08,23.11,2264200.0,2143400.0,0,0,0,0,0,0,0,0,0,0,0,0,0,0,0,0,161,2026-02-04 18:16:48.222201
SPNG,24.81,24.81,25.2,2089200.0,1998600.0,0,0,0,0,0,0,0,0,0,0,0,0,0,0,0,0,162,2026-02-04 18:16:49.260831
SMMR,25.41,25.3,25.41,2435500.0,2205000.0,0,0,0,0,0,0,0,0,0,0,0,0,0,0,0,0,162,2026-02-04 18:16:49.260831
ATMN,25.92,25.68,25.78,2086300.0,1915000.0,0,0,0,0,0,0,0,0,0,0,0,0,0,0,0,0,162,2026-02-04 18:16:49.260831
WNTR,23.21,23.08,23.21,2253400.0,2124000.0,0,0,0,0,0,0,0,0,0,0,0,0,0,0,0,0,162,2026-02-04 18:16:49.260831
SPNG,24.81,24.81,25.2,2089200.0,1994000.0,0,0,0,0,0,0,0,0,0,0,0,0,0,0,0,0,163,2026-02-04 18:16:50.301559
SMMR,25.3,25.24,25.28,2363300.0,2204000.0,0,0,0,0,0,0,0,0,0,0,0,0,0,0,0,0,163,2026-02-04 18:16:50.301559
ATMN,26.24,25.73,26.24,2059000.0,1916600.0,0,0,0,0,0,0,0,0,0,0,0,0,0,0,0,0,163,2026-02-04 18:16:50.301559
WNTR,23.21,23.08,23.11,2253400.0,2126700.0,0,0,0,0,0,0,0,0,0,0,0,0,0,0,0,0,163,2026-02-04 18:16:50.301559
SPNG,24.75,24.75,25.2,2093200.0,1994000.0,0,0,0,0,0,0,0,0,0,0,0,0,0,0,0,0,164,2026-02-04 18:16:51.356108
SMMR,25.3,25.24,25.28,2474400.0,2204600.0,0,0,0,0,0,0,0,0,0,0,0,0,0,0,0,0,164,2026-02-04 18:16:51.356108
ATMN,26.24,25.89,26.23,2074400.0,1915000.0,0,0,0,0,0,0,0,0,0,0,0,0,0,0,0,0,164,2026-02-04 18:16:51.356108
WNTR,23.21,23.08,23.11,2240700.0,2153100.0,0,0,0,0,0,0,0,0,0,0,0,0,0,0,0,0,164,2026-02-04 18:16:51.356108
SPNG,25.21,24.75,24.81,2093200.0,2009400.0,0,0,0,0,0,0,0,0,0,0,0,0,0,0,0,0,165,2026-02-04 18:16:51.902476
SMMR,25.41,25.24,25.41,2458200.0,2216000.0,0,0,0,0,0,0,0,0,0,0,0,0,0,0,0,0,165,2026-02-04 18:16:51.902476
ATMN,26.24,25.89,26.14,2074400.0,1956000.0,0,0,0,0,0,0,0,0,0,0,0,0,0,0,0,0,165,2026-02-04 18:16:51.902476
WNTR,23.21,23.08,23.11,2229600.0,2153100.0,0,0,0,0,0,0,0,0,0,0,0,0,0,0,0,0,165,2026-02-04 18:16:51.902476
SPNG,25.21,24.77,24.81,2111700.0,2009400.0,0,0,0,0,0,0,0,0,0,0,0,0,0,0,0,0,166,2026-02-04 18:16:52.974131
SMMR,25.35,25.24,25.35,2458200.0,2201500.0,0,0,0,0,0,0,0,0,0,0,0,0,0,0,0,0,166,2026-02-04 18:16:52.974131
ATMN,26.14,25.89,26.14,2074400.0,1933300.0,0,0,0,0,0,0,0,0,0,0,0,0,0,0,0,0,166,2026-02-04 18:16:52.974131
WNTR,23.14,23.08,23.14,2229600.0,2138600.0,0,0,0,0,0,0,0,0,0,0,0,0,0,0,0,0,166,2026-02-04 18:16:52.974131
SPNG,24.81,24.94,25.42,2077900.0,2017300.0,0,0,0,0,0,0,0,0,0,0,0,0,0,0,0,0,167,2026-02-04 18:16:54.065875
SMMR,25.35,25.24,25.35,2460700.0,2192100.0,0,0,0,0,0,0,0,0,0,0,0,0,0,0,0,0,167,2026-02-04 18:16:54.065875
ATMN,26.14,26.16,26.17,2055700.0,1909500.0,0,0,0,0,0,0,0,0,0,0,0,0,0,0,0,0,167,2026-02-04 18:16:54.065875
WNTR,23.08,23.08,23.24,2211800.0,2135700.0,0,0,0,0,0,0,0,0,0,0,0,0,0,0,0,0,167,2026-02-04 18:16:54.065875
SPNG,24.75,24.75,25.12,2080200.0,2019300.0,0,0,0,0,0,0,0,0,0,0,0,0,0,0,0,0,168,2026-02-04 18:16:55.110815
SMMR,25.24,25.24,25.35,2477400.0,2194100.0,0,0,0,0,0,0,0,0,0,0,0,0,0,0,0,0,168,2026-02-04 18:16:55.110815
ATMN,26.02,26.12,26.17,2052000.0,1939200.0,0,0,0,0,0,0,0,0,0,0,0,0,0,0,0,0,168,2026-02-04 18:16:55.110815
WNTR,23.24,23.08,23.24,2202800.0,2119600.0,0,0,0,0,0,0,0,0,0,0,0,0,0,0,0,0,168,2026-02-04 18:16:55.110815
SPNG,24.9,24.98,25.42,2093500.0,2017300.0,0,0,0,0,0,0,0,0,0,0,0,0,0,0,0,0,169,2026-02-04 18:16:56.199526
SMMR,25.21,25.21,25.35,2445000.0,2180300.0,0,0,0,0,0,0,0,0,0,0,0,0,0,0,0,0,169,2026-02-04 18:16:56.199526
ATMN,25.73,25.73,26.17,2071300.0,1939200.0,0,0,0,0,0,0,0,0,0,0,0,0,0,0,0,0,169,2026-02-04 18:16:56.199526
WNTR,23.08,23.04,23.05,2202300.0,2128300.0,0,0,0,0,0,0,0,0,0,0,0,0,0,0,0,0,169,2026-02-04 18:16:56.199526
SPNG,25.11,25.41,25.42,2088300.0,2025000.0,0,0,0,0,0,0,0,0,0,0,0,0,0,0,0,0,170,2026-02-04 18:16:57.317993
SMMR,25.21,25.21,25.35,2449400.0,2204800.0,0,0,0,0,0,0,0,0,0,0,0,0,0,0,0,0,170,2026-02-04 18:16:57.317993
ATMN,25.66,25.83,26.23,2091900.0,1942900.0,0,0,0,0,0,0,0,0,0,0,0,0,0,0,0,0,170,2026-02-04 18:16:57.317993
WNTR,23.04,23.01,23.03,2199200.0,2135200.0,0,0,0,0,0,0,0,0,0,0,0,0,0,0,0,0,170,2026-02-04 18:16:57.317993
SPNG,25.11,25.41,25.42,2088300.0,2016600.0,0,0,0,0,0,0,0,0,0,0,0,0,0,0,0,0,171,2026-02-04 18:16:57.957206
SMMR,25.21,25.21,25.32,2409200.0,2198100.0,0,0,0,0,0,0,0,0,0,0,0,0,0,0,0,0,171,2026-02-04 18:16:57.957206
ATMN,25.66,25.66,26.01,2102800.0,1944600.0,0,0,0,0,0,0,0,0,0,0,0,0,0,0,0,0,171,2026-02-04 18:16:57.957206
WNTR,23.04,23.01,23.03,2216100.0,2135200.0,0,0,0,0,0,0,0,0,0,0,0,0,0,0,0,0,171,2026-02-04 18:16:57.957206
SPNG,25.14,24.98,25.12,2079600.0,2022000.0,0,0,0,0,0,0,0,0,0,0,0,0,0,0,0,0,172,2026-02-04 18:16:59.005113
SMMR,25.19,25.28,25.32,2445000.0,2192800.0,0,0,0,0,0,0,0,0,0,0,0,0,0,0,0,0,172,2026-02-04 18:16:59.005113
ATMN,25.66,25.85,26.01,2080600.0,1944600.0,0,0,0,0,0,0,0,0,0,0,0,0,0,0,0,0,172,2026-02-04 18:16:59.005113
WNTR,23.01,23.01,23.21,2216100.0,2095500.0,0,0,0,0,0,0,0,0,0,0,0,0,0,0,0,0,172,2026-02-04 18:16:59.005113
SPNG,25.45,24.98,25.42,2053100.0,2021800.0,0,0,0,0,0,0,0,0,0,0,0,0,0,0,0,0,173,2026-02-04 18:17:00.055931
SMMR,25.28,25.28,25.32,2406700.0,2207500.0,0,0,0,0,0,0,0,0,0,0,0,0,0,0,0,0,173,2026-02-04 18:17:00.055931
ATMN,26.23,25.85,26.23,2080600.0,1951900.0,0,0,0,0,0,0,0,0,0,0,0,0,0,0,0,0,173,2026-02-04 18:17:00.055931
WNTR,23.27,23.01,23.27,2216100.0,2156300.0,0,0,0,0,0,0,0,0,0,0,0,0,0,0,0,0,173,2026-02-04 18:17:00.055931
SPNG,25.42,24.98,25.42,2042800.0,2021800.0,0,0,0,0,0,0,0,0,0,0,0,0,0,0,0,0,174,2026-02-04 18:17:01.091653
SMMR,25.39,25.28,25.39,2406700.0,2212900.0,0,0,0,0,0,0,0,0,0,0,0,0,0,0,0,0,174,2026-02-04 18:17:01.091653
ATMN,26.24,25.85,26.05,2080600.0,1914500.0,0,0,0,0,0,0,0,0,0,0,0,0,0,0,0,0,174,2026-02-04 18:17:01.091653
WNTR,23.07,23.01,23.07,2198100.0,2142600.0,0,0,0,0,0,0,0,0,0,0,0,0,0,0,0,0,174,2026-02-04 18:17:01.091653
SPNG,24.93,24.93,25.42,2030000.0,2021800.0,0,0,0,0,0,0,0,0,0,0,0,0,0,0,0,0,175,2026-02-04 18:17:02.139699
SMMR,25.3,25.33,25.39,2391500.0,2221800.0,0,0,0,0,0,0,0,0,0,0,0,0,0,0,0,0,175,2026-02-04 18:17:02.139699
ATMN,25.84,25.84,26.05,2072800.0,1940200.0,0,0,0,0,0,0,0,0,0,0,0,0,0,0,0,0,175,2026-02-04 18:17:02.139699
WNTR,23.14,23.01,23.06,2198100.0,2156600.0,0,0,0,0,0,0,0,0,0,0,0,0,0,0,0,0,175,2026-02-04 18:17:02.139699
SPNG,24.93,25.0,25.14,2029800.0,2041000.0,0,0,0,0,0,0,0,0,0,0,0,0,0,0,0,0,176,2026-02-04 18:17:03.192401
SMMR,25.2,25.2,25.39,2380300.0,2226300.0,0,0,0,0,0,0,0,0,0,0,0,0,0,0,0,0,176,2026-02-04 18:17:03.192401
ATMN,25.81,25.81,26.05,2080000.0,1940200.0,0,0,0,0,0,0,0,0,0,0,0,0,0,0,0,0,176,2026-02-04 18:17:03.192401
WNTR,23.14,23.01,23.04,2198100.0,2094400.0,0,0,0,0,0,0,0,0,0,0,0,0,0,0,0,0,176,2026-02-04 18:17:03.192401
SPNG,25.14,25.0,25.14,2029800.0,2077300.0,0,0,0,0,0,0,0,0,0,0,0,0,0,0,0,0,177,2026-02-04 18:17:04.338745
SMMR,25.24,25.36,25.39,2398800.0,2254300.0,0,0,0,0,0,0,0,0,0,0,0,0,0,0,0,0,177,2026-02-04 18:17:04.338745
ATMN,26.01,26.01,26.05,2076300.0,1940200.0,0,0,0,0,0,0,0,0,0,0,0,0,0,0,0,0,177,2026-02-04 18:17:04.338745
WNTR,23.01,23.01,23.04,2190500.0,2065000.0,0,0,0,0,0,0,0,0,0,0,0,0,0,0,0,0,177,2026-02-04 18:17:04.338745
SPNG,25.15,25.0,25.15,2050900.0,2072400.0,0,0,0,0,0,0,0,0,0,0,0,0,0,0,0,0,178,2026-02-04 18:17:05.411078
SMMR,25.27,25.33,25.37,2332600.0,2235100.0,0,0,0,0,0,0,0,0,0,0,0,0,0,0,0,0,178,2026-02-04 18:17:05.411078
ATMN,25.61,25.61,25.68,2137400.0,1974500.0,0,0,0,0,0,0,0,0,0,0,0,0,0,0,0,0,178,2026-02-04 18:17:05.411078
WNTR,23.04,23.01,23.04,2190500.0,2065000.0,0,0,0,0,0,0,0,0,0,0,0,0,0,0,0,0,178,2026-02-04 18:17:05.411078
SPNG,25.24,25.0,25.24,2060300.0,2036100.0,0,0,0,0,0,0,0,0,0,0,0,0,0,0,0,0,179,2026-02-04 18:17:06.477936
SMMR,25.17,25.17,25.37,2403400.0,2218800.0,0,0,0,0,0,0,0,0,0,0,0,0,0,0,0,0,179,2026-02-04 18:17:06.477936
ATMN,26.05,25.83,26.05,2102300.0,1970500.0,0,0,0,0,0,0,0,0,0,0,0,0,0,0,0,0,179,2026-02-04 18:17:06.477936
WNTR,23.06,23.01,23.06,2201000.0,2097000.0,0,0,0,0,0,0,0,0,0,0,0,0,0,0,0,0,179,2026-02-04 18:17:06.477936
SPNG,25.24,24.31,0.0,200000.0,0,0,0,0,0,0,0,0,0,0,0,0,0,0,0,0,0,180,2026-02-04 18:17:07.033024
SMMR,25.37,25.36,0.0,200000.0,0,0,0,0,0,0,0,0,0,0,0,0,0,0,0,0,0,180,2026-02-04 18:17:07.033024
ATMN,25.61,24.55,0.0,200000.0,0,0,0,0,0,0,0,0,0,0,0,0,0,0,0,0,0,180,2026-02-04 18:17:07.033024
WNTR,23.07,25.48,0.0,200000.0,0,0,0,0,0,0,0,0,0,0,0,0,0,0,0,0,0,180,2026-02-04 18:17:07.033024
SPNG,25.24,24.31,24.43,1085200.0,1086200.0,0,0,0,0,0,0,0,0,0,0,0,0,0,0,0,0,181,2026-02-04 18:17:08.121120
SMMR,25.36,25.36,25.86,917000.0,1055200.0,0,0,0,0,0,0,0,0,0,0,0,0,0,0,0,0,181,2026-02-04 18:17:08.121120
ATMN,24.55,24.55,24.57,905900.0,880200.0,0,0,0,0,0,0,0,0,0,0,0,0,0,0,0,0,181,2026-02-04 18:17:08.121120
WNTR,24.71,24.42,24.71,999600.0,749300.0,0,0,0,0,0,0,0,0,0,0,0,0,0,0,0,0,181,2026-02-04 18:17:08.121120
SPNG,25.24,24.31,24.43,1304800.0,1178400.0,0,0,0,0,0,0,0,0,0,0,0,0,0,0,0,0,182,2026-02-04 18:17:09.188650
SMMR,25.36,25.33,25.36,1152400.0,1191700.0,0,0,0,0,0,0,0,0,0,0,0,0,0,0,0,0,182,2026-02-04 18:17:09.188650
ATMN,24.52,24.34,24.42,1078600.0,1005000.0,0,0,0,0,0,0,0,0,0,0,0,0,0,0,0,0,182,2026-02-04 18:17:09.188650
WNTR,25.16,25.09,25.16,1306600.0,742300.0,0,0,0,0,0,0,0,0,0,0,0,0,0,0,0,0,182,2026-02-04 18:17:09.188650
SPNG,24.32,24.31,24.32,1304800.0,1364400.0,0,0,0,0,0,0,0,0,0,0,0,0,0,0,0,0,183,2026-02-04 18:17:10.298718
SMMR,25.44,25.8,25.86,1481900.0,1055200.0,0,0,0,0,0,0,0,0,0,0,0,0,0,0,0,0,183,2026-02-04 18:17:10.298718
ATMN,24.57,24.61,24.88,1291600.0,791300.0,0,0,0,0,0,0,0,0,0,0,0,0,0,0,0,0,183,2026-02-04 18:17:10.298718
WNTR,25.41,25.09,25.3,1423200.0,717500.0,0,0,0,0,0,0,0,0,0,0,0,0,0,0,0,0,183,2026-02-04 18:17:10.298718
SPNG,24.31,24.31,24.32,1204800.0,1544500.0,0,0,0,0,0,0,0,0,0,0,0,0,0,0,0,0,184,2026-02-04 18:17:11.368643
SMMR,25.8,25.42,25.67,1376500.0,1491500.0,0,0,0,0,0,0,0,0,0,0,0,0,0,0,0,0,184,2026-02-04 18:17:11.368643
ATMN,24.49,24.84,24.88,1345500.0,890500.0,0,0,0,0,0,0,0,0,0,0,0,0,0,0,0,0,184,2026-02-04 18:17:11.368643
WNTR,25.3,25.09,25.3,1636800.0,717500.0,0,0,0,0,0,0,0,0,0,0,0,0,0,0,0,0,184,2026-02-04 18:17:11.368643
SPNG,24.43,24.31,24.36,1309800.0,1614000.0,0,0,0,0,0,0,0,0,0,0,0,0,0,0,0,0,185,2026-02-04 18:17:12.410699
SMMR,25.8,25.42,25.67,1376500.0,1858700.0,0,0,0,0,0,0,0,0,0,0,0,0,0,0,0,0,185,2026-02-04 18:17:12.410699
ATMN,24.6,24.72,24.88,1347700.0,991000.0,0,0,0,0,0,0,0,0,0,0,0,0,0,0,0,0,185,2026-02-04 18:17:12.410699
WNTR,25.5,25.24,25.39,1755200.0,792600.0,0,0,0,0,0,0,0,0,0,0,0,0,0,0,0,0,185,2026-02-04 18:17:12.410699
SPNG,24.48,24.31,24.48,1309800.0,1729200.0,0,0,0,0,0,0,0,0,0,0,0,0,0,0,0,0,186,2026-02-04 18:17:13.494218
SMMR,25.3,25.3,25.45,1140800.0,2179400.0,0,0,0,0,0,0,0,0,0,0,0,0,0,0,0,0,186,2026-02-04 18:17:13.494218
ATMN,24.6,24.72,24.81,1347700.0,1395100.0,0,0,0,0,0,0,0,0,0,0,0,0,0,0,0,0,186,2026-02-04 18:17:13.494218
WNTR,25.39,25.43,25.5,2054700.0,691500.0,0,0,0,0,0,0,0,0,0,0,0,0,0,0,0,0,186,2026-02-04 18:17:13.494218
SPNG,24.17,24.13,24.16,1104800.0,1825300.0,0,0,0,0,0,0,0,0,0,0,0,0,0,0,0,0,187,2026-02-04 18:17:14.037370
SMMR,25.3,25.32,25.45,1355000.0,2179400.0,0,0,0,0,0,0,0,0,0,0,0,0,0,0,0,0,187,2026-02-04 18:17:14.037370
ATMN,24.85,24.72,24.85,1461700.0,1274800.0,0,0,0,0,0,0,0,0,0,0,0,0,0,0,0,0,187,2026-02-04 18:17:14.037370
WNTR,25.7,25.43,25.7,2054700.0,655000.0,0,0,0,0,0,0,0,0,0,0,0,0,0,0,0,0,187,2026-02-04 18:17:14.037370
SPNG,24.17,24.13,24.16,1343700.0,1936400.0,0,0,0,0,0,0,0,0,0,0,0,0,0,0,0,0,188,2026-02-04 18:17:15.075168
SMMR,25.3,25.32,25.39,1487300.0,2146500.0,0,0,0,0,0,0,0,0,0,0,0,0,0,0,0,0,188,2026-02-04 18:17:15.075168
ATMN,24.43,24.43,24.88,1255000.0,1178400.0,0,0,0,0,0,0,0,0,0,0,0,0,0,0,0,0,188,2026-02-04 18:17:15.075168
WNTR,25.7,25.43,25.49,2139100.0,841000.0,0,0,0,0,0,0,0,0,0,0,0,0,0,0,0,0,188,2026-02-04 18:17:15.075168
SPNG,24.17,24.13,24.16,1579300.0,1973500.0,0,0,0,0,0,0,0,0,0,0,0,0,0,0,0,0,189,2026-02-04 18:17:16.105047
SMMR,25.28,25.28,25.39,1389300.0,2146500.0,0,0,0,0,0,0,0,0,0,0,0,0,0,0,0,0,189,2026-02-04 18:17:16.105047
ATMN,24.32,24.74,24.88,1165500.0,1293700.0,0,0,0,0,0,0,0,0,0,0,0,0,0,0,0,0,189,2026-02-04 18:17:16.105047
WNTR,25.55,25.48,25.53,2129400.0,859200.0,0,0,0,0,0,0,0,0,0,0,0,0,0,0,0,0,189,2026-02-04 18:17:16.105047
SPNG,24.15,24.15,24.29,1682200.0,1984000.0,0,0,0,0,0,0,0,0,0,0,0,0,0,0,0,0,190,2026-02-04 18:17:17.144792
SMMR,25.39,25.28,25.33,1389300.0,2176900.0,0,0,0,0,0,0,0,0,0,0,0,0,0,0,0,0,190,2026-02-04 18:17:17.144792
ATMN,24.74,24.32,24.59,1061200.0,1606200.0,0,0,0,0,0,0,0,0,0,0,0,0,0,0,0,0,190,2026-02-04 18:17:17.144792
WNTR,25.55,25.48,25.55,2129400.0,840400.0,0,0,0,0,0,0,0,0,0,0,0,0,0,0,0,0,190,2026-02-04 18:17:17.144792
SPNG,24.15,24.15,24.29,1783800.0,1972800.0,0,0,0,0,0,0,0,0,0,0,0,0,0,0,0,0,191,2026-02-04 18:17:18.188399
SMMR,25.39,25.28,25.39,1488400.0,2157600.0,0,0,0,0,0,0,0,0,0,0,0,0,0,0,0,0,191,2026-02-04 18:17:18.188399
ATMN,24.32,24.32,24.82,1061200.0,1501000.0,0,0,0,0,0,0,0,0,0,0,0,0,0,0,0,0,191,2026-02-04 18:17:18.188399
WNTR,25.43,25.43,25.52,2139100.0,1034800.0,0,0,0,0,0,0,0,0,0,0,0,0,0,0,0,0,191,2026-02-04 18:17:18.188399
SPNG,24.13,24.13,24.29,1797500.0,1972800.0,0,0,0,0,0,0,0,0,0,0,0,0,0,0,0,0,192,2026-02-04 18:17:19.245609
SMMR,25.39,25.28,25.34,1838100.0,2153600.0,0,0,0,0,0,0,0,0,0,0,0,0,0,0,0,0,192,2026-02-04 18:17:19.245609
ATMN,24.32,24.66,24.82,1247400.0,1701600.0,0,0,0,0,0,0,0,0,0,0,0,0,0,0,0,0,192,2026-02-04 18:17:19.245609
WNTR,25.29,25.29,25.52,2118600.0,1135300.0,0,0,0,0,0,0,0,0,0,0,0,0,0,0,0,0,192,2026-02-04 18:17:19.245609
SPNG,24.34,24.13,24.34,2002100.0,1971700.0,0,0,0,0,0,0,0,0,0,0,0,0,0,0,0,0,193,2026-02-04 18:17:20.333481
SMMR,25.39,25.28,25.34,2167900.0,2186100.0,0,0,0,0,0,0,0,0,0,0,0,0,0,0,0,0,193,2026-02-04 18:17:20.333481
ATMN,24.46,24.46,24.82,1255900.0,1819100.0,0,0,0,0,0,0,0,0,0,0,0,0,0,0,0,0,193,2026-02-04 18:17:20.333481
WNTR,25.29,25.47,25.52,2109500.0,1222300.0,0,0,0,0,0,0,0,0,0,0,0,0,0,0,0,0,193,2026-02-04 18:17:20.333481
SPNG,24.48,24.16,24.48,2109900.0,1925500.0,0,0,0,0,0,0,0,0,0,0,0,0,0,0,0,0,194,2026-02-04 18:17:21.391914
SMMR,25.34,25.3,25.34,2265800.0,2198600.0,0,0,0,0,0,0,0,0,0,0,0,0,0,0,0,0,194,2026-02-04 18:17:21.391914
ATMN,24.82,24.34,24.45,1151400.0,1816400.0,0,0,0,0,0,0,0,0,0,0,0,0,0,0,0,0,194,2026-02-04 18:17:21.391914
WNTR,25.47,25.47,25.57,2109500.0,1141400.0,0,0,0,0,0,0,0,0,0,0,0,0,0,0,0,0,194,2026-02-04 18:17:21.391914
SPNG,24.1,24.1,24.48,1779600.0,1925500.0,0,0,0,0,0,0,0,0,0,0,0,0,0,0,0,0,195,2026-02-04 18:17:22.458967
SMMR,25.45,25.28,25.37,2279800.0,2222200.0,0,0,0,0,0,0,0,0,0,0,0,0,0,0,0,0,195,2026-02-04 18:17:22.458967
ATMN,24.82,24.34,24.45,1492800.0,1816400.0,0,0,0,0,0,0,0,0,0,0,0,0,0,0,0,0,195,2026-02-04 18:17:22.458967
WNTR,25.47,25.38,25.44,2128800.0,1355500.0,0,0,0,0,0,0,0,0,0,0,0,0,0,0,0,0,195,2026-02-04 18:17:22.458967
SPNG,24.1,24.1,24.44,1904200.0,1994000.0,0,0,0,0,0,0,0,0,0,0,0,0,0,0,0,0,196,2026-02-04 18:17:23.529030
SMMR,25.37,25.28,25.29,2297400.0,2249800.0,0,0,0,0,0,0,0,0,0,0,0,0,0,0,0,0,196,2026-02-04 18:17:23.529030
ATMN,24.84,24.59,24.84,1707000.0,1602900.0,0,0,0,0,0,0,0,0,0,0,0,0,0,0,0,0,196,2026-02-04 18:17:23.529030
WNTR,25.57,25.38,25.41,2100200.0,1455900.0,0,0,0,0,0,0,0,0,0,0,0,0,0,0,0,0,196,2026-02-04 18:17:23.529030
SPNG,23.91,24.1,24.44,1826700.0,2007700.0,0,0,0,0,0,0,0,0,0,0,0,0,0,0,0,0,197,2026-02-04 18:17:24.575194
SMMR,25.29,25.28,25.29,2290400.0,2249800.0,0,0,0,0,0,0,0,0,0,0,0,0,0,0,0,0,197,2026-02-04 18:17:24.575194
ATMN,24.59,24.34,24.55,1708200.0,1706100.0,0,0,0,0,0,0,0,0,0,0,0,0,0,0,0,0,197,2026-02-04 18:17:24.575194
WNTR,25.38,25.38,25.41,2084500.0,1560400.0,0,0,0,0,0,0,0,0,0,0,0,0,0,0,0,0,197,2026-02-04 18:17:24.575194
SPNG,24.48,24.1,24.48,1948300.0,1983100.0,0,0,0,0,0,0,0,0,0,0,0,0,0,0,0,0,198,2026-02-04 18:17:25.140322
SMMR,25.28,25.37,25.48,2303100.0,2211700.0,0,0,0,0,0,0,0,0,0,0,0,0,0,0,0,0,198,2026-02-04 18:17:25.140322
ATMN,24.59,24.34,24.55,1917400.0,1706100.0,0,0,0,0,0,0,0,0,0,0,0,0,0,0,0,0,198,2026-02-04 18:17:25.140322
WNTR,25.38,25.38,25.41,2084900.0,1560400.0,0,0,0,0,0,0,0,0,0,0,0,0,0,0,0,0,198,2026-02-04 18:17:25.140322
SPNG,24.59,23.96,24.59,1821200.0,1939500.0,0,0,0,0,0,0,0,0,0,0,0,0,0,0,0,0,199,2026-02-04 18:17:26.190291
SMMR,25.28,25.28,25.48,2290400.0,2201300.0,0,0,0,0,0,0,0,0,0,0,0,0,0,0,0,0,199,2026-02-04 18:17:26.190291
ATMN,24.32,24.32,24.88,1931500.0,1517700.0,0,0,0,0,0,0,0,0,0,0,0,0,0,0,0,0,199,2026-02-04 18:17:26.190291
WNTR,25.45,25.48,25.57,2065200.0,1451900.0,0,0,0,0,0,0,0,0,0,0,0,0,0,0,0,0,199,2026-02-04 18:17:26.190291
SPNG,24.59,23.96,24.59,2098900.0,1939500.0,0,0,0,0,0,0,0,0,0,0,0,0,0,0,0,0,200,2026-02-04 18:17:27.234075
SMMR,25.48,25.26,25.48,2344900.0,2197700.0,0,0,0,0,0,0,0,0,0,0,0,0,0,0,0,0,200,2026-02-04 18:17:27.234075
ATMN,24.32,24.6,24.88,2144800.0,1614300.0,0,0,0,0,0,0,0,0,0,0,0,0,0,0,0,0,200,2026-02-04 18:17:27.234075
WNTR,25.48,25.38,25.44,2045000.0,1467700.0,0,0,0,0,0,0,0,0,0,0,0,0,0,0,0,0,200,2026-02-04 18:17:27.234075
SPNG,24.59,24.33,24.59,2285800.0,1987900.0,0,0,0,0,0,0,0,0,0,0,0,0,0,0,0,0,201,2026-02-04 18:17:28.292637
SMMR,25.48,25.25,25.48,2330600.0,2197700.0,0,0,0,0,0,0,0,0,0,0,0,0,0,0,0,0,201,2026-02-04 18:17:28.292637
ATMN,24.66,24.76,24.88,2243400.0,1703200.0,0,0,0,0,0,0,0,0,0,0,0,0,0,0,0,0,201,2026-02-04 18:17:28.292637
WNTR,25.67,25.39,25.67,2061700.0,1245900.0,0,0,0,0,0,0,0,0,0,0,0,0,0,0,0,0,201,2026-02-04 18:17:28.292637
SPNG,24.59,23.96,24.59,2314200.0,1987900.0,0,0,0,0,0,0,0,0,0,0,0,0,0,0,0,0,202,2026-02-04 18:17:29.360543
SMMR,25.28,25.25,25.28,2342600.0,2218200.0,0,0,0,0,0,0,0,0,0,0,0,0,0,0,0,0,202,2026-02-04 18:17:29.360543
ATMN,24.92,24.76,24.92,2183300.0,1619900.0,0,0,0,0,0,0,0,0,0,0,0,0,0,0,0,0,202,2026-02-04 18:17:29.360543
WNTR,25.46,25.39,25.46,2061700.0,1344600.0,0,0,0,0,0,0,0,0,0,0,0,0,0,0,0,0,202,2026-02-04 18:17:29.360543
SPNG,23.91,23.91,24.59,2239000.0,1999700.0,0,0,0,0,0,0,0,0,0,0,0,0,0,0,0,0,203,2026-02-04 18:17:30.460324
SMMR,25.47,25.47,25.48,2316400.0,2197700.0,0,0,0,0,0,0,0,0,0,0,0,0,0,0,0,0,203,2026-02-04 18:17:30.460324
ATMN,24.95,24.76,24.95,2183300.0,1599300.0,0,0,0,0,0,0,0,0,0,0,0,0,0,0,0,0,203,2026-02-04 18:17:30.460324
WNTR,25.7,25.37,25.7,2025400.0,1143400.0,0,0,0,0,0,0,0,0,0,0,0,0,0,0,0,0,203,2026-02-04 18:17:30.460324
SPNG,24.62,23.91,24.62,2366400.0,1984500.0,0,0,0,0,0,0,0,0,0,0,0,0,0,0,0,0,204,2026-02-04 18:17:31.525523
SMMR,25.47,25.25,25.35,2343800.0,2192500.0,0,0,0,0,0,0,0,0,0,0,0,0,0,0,0,0,204,2026-02-04 18:17:31.525523
ATMN,24.95,24.76,24.95,2103000.0,1820200.0,0,0,0,0,0,0,0,0,0,0,0,0,0,0,0,0,204,2026-02-04 18:17:31.525523
WNTR,25.36,25.36,25.45,2009200.0,1314800.0,0,0,0,0,0,0,0,0,0,0,0,0,0,0,0,0,204,2026-02-04 18:17:31.525523
SPNG,24.65,23.91,24.65,2497600.0,2004300.0,0,0,0,0,0,0,0,0,0,0,0,0,0,0,0,0,205,2026-02-04 18:17:32.588963
SMMR,25.47,25.35,25.41,2335000.0,2207700.0,0,0,0,0,0,0,0,0,0,0,0,0,0,0,0,0,205,2026-02-04 18:17:32.588963
ATMN,24.6,24.6,24.95,2157600.0,1915200.0,0,0,0,0,0,0,0,0,0,0,0,0,0,0,0,0,205,2026-02-04 18:17:32.588963
WNTR,25.45,25.59,25.7,2017700.0,1344900.0,0,0,0,0,0,0,0,0,0,0,0,0,0,0,0,0,205,2026-02-04 18:17:32.588963
SPNG,24.65,23.91,24.25,2326900.0,2011300.0,0,0,0,0,0,0,0,0,0,0,0,0,0,0,0,0,206,2026-02-04 18:17:33.629640
SMMR,25.26,25.36,25.41,2304500.0,2207700.0,0,0,0,0,0,0,0,0,0,0,0,0,0,0,0,0,206,2026-02-04 18:17:33.629640
ATMN,25.02,24.6,25.02,2157600.0,1986200.0,0,0,0,0,0,0,0,0,0,0,0,0,0,0,0,0,206,2026-02-04 18:17:33.629640
WNTR,25.59,25.36,25.52,2005700.0,1657200.0,0,0,0,0,0,0,0,0,0,0,0,0,0,0,0,0,206,2026-02-04 18:17:33.629640
SPNG,24.65,23.91,24.25,2324900.0,2011300.0,0,0,0,0,0,0,0,0,0,0,0,0,0,0,0,0,207,2026-02-04 18:17:34.173915
SMMR,25.24,25.24,25.41,2338400.0,2249300.0,0,0,0,0,0,0,0,0,0,0,0,0,0,0,0,0,207,2026-02-04 18:17:34.173915
ATMN,25.02,24.6,25.02,2121400.0,1963300.0,0,0,0,0,0,0,0,0,0,0,0,0,0,0,0,0,207,2026-02-04 18:17:34.173915
WNTR,25.59,25.36,25.52,2017200.0,1657200.0,0,0,0,0,0,0,0,0,0,0,0,0,0,0,0,0,207,2026-02-04 18:17:34.173915
SPNG,23.9,23.9,24.43,2354700.0,2028700.0,0,0,0,0,0,0,0,0,0,0,0,0,0,0,0,0,208,2026-02-04 18:17:35.232897
SMMR,25.47,25.42,25.47,2297000.0,2189500.0,0,0,0,0,0,0,0,0,0,0,0,0,0,0,0,0,208,2026-02-04 18:17:35.232897
ATMN,24.51,24.51,24.79,2166100.0,1989500.0,0,0,0,0,0,0,0,0,0,0,0,0,0,0,0,0,208,2026-02-04 18:17:35.232897
WNTR,25.52,25.36,25.37,2008200.0,1769600.0,0,0,0,0,0,0,0,0,0,0,0,0,0,0,0,0,208,2026-02-04 18:17:35.232897
SPNG,23.9,24.19,24.24,2346600.0,2045100.0,0,0,0,0,0,0,0,0,0,0,0,0,0,0,0,0,209,2026-02-04 18:17:36.272173
SMMR,25.24,25.25,25.47,2324900.0,2172500.0,0,0,0,0,0,0,0,0,0,0,0,0,0,0,0,0,209,2026-02-04 18:17:36.272173
ATMN,24.48,24.48,24.79,2204800.0,1976500.0,0,0,0,0,0,0,0,0,0,0,0,0,0,0,0,0,209,2026-02-04 18:17:36.272173
WNTR,25.52,25.36,25.37,2000700.0,1871900.0,0,0,0,0,0,0,0,0,0,0,0,0,0,0,0,0,209,2026-02-04 18:17:36.272173
SPNG,24.34,24.34,24.43,2336100.0,2028700.0,0,0,0,0,0,0,0,0,0,0,0,0,0,0,0,0,210,2026-02-04 18:17:37.318562
SMMR,25.47,25.25,25.46,2324900.0,2175700.0,0,0,0,0,0,0,0,0,0,0,0,0,0,0,0,0,210,2026-02-04 18:17:37.318562
ATMN,24.48,24.32,24.48,2182300.0,1998900.0,0,0,0,0,0,0,0,0,0,0,0,0,0,0,0,0,210,2026-02-04 18:17:37.318562
WNTR,25.52,25.36,25.37,1995200.0,1911800.0,0,0,0,0,0,0,0,0,0,0,0,0,0,0,0,0,210,2026-02-04 18:17:37.318562
SPNG,24.43,24.33,24.43,2300700.0,2031000.0,0,0,0,0,0,0,0,0,0,0,0,0,0,0,0,0,211,2026-02-04 18:17:38.404361
SMMR,25.33,25.25,25.26,2319400.0,2182000.0,0,0,0,0,0,0,0,0,0,0,0,0,0,0,0,0,211,2026-02-04 18:17:38.404361
ATMN,24.98,24.32,24.56,2158400.0,1983300.0,0,0,0,0,0,0,0,0,0,0,0,0,0,0,0,0,211,2026-02-04 18:17:38.404361
WNTR,25.35,25.35,25.37,1959000.0,1890900.0,0,0,0,0,0,0,0,0,0,0,0,0,0,0,0,0,211,2026-02-04 18:17:38.404361
SPNG,24.19,24.19,24.43,2346600.0,2047200.0,0,0,0,0,0,0,0,0,0,0,0,0,0,0,0,0,212,2026-02-04 18:17:39.512096
SMMR,25.26,25.25,25.26,2341500.0,2182000.0,0,0,0,0,0,0,0,0,0,0,0,0,0,0,0,0,212,2026-02-04 18:17:39.512096
ATMN,24.8,24.8,25.02,2122100.0,1985800.0,0,0,0,0,0,0,0,0,0,0,0,0,0,0,0,0,212,2026-02-04 18:17:39.512096
WNTR,25.38,25.35,25.38,1954500.0,1879000.0,0,0,0,0,0,0,0,0,0,0,0,0,0,0,0,0,212,2026-02-04 18:17:39.512096
SPNG,24.45,24.19,24.45,2346600.0,2043100.0,0,0,0,0,0,0,0,0,0,0,0,0,0,0,0,0,213,2026-02-04 18:17:40.558620
SMMR,25.37,25.25,25.34,2341500.0,2193700.0,0,0,0,0,0,0,0,0,0,0,0,0,0,0,0,0,213,2026-02-04 18:17:40.558620
ATMN,24.8,24.48,24.58,2105000.0,1984800.0,0,0,0,0,0,0,0,0,0,0,0,0,0,0,0,0,213,2026-02-04 18:17:40.558620
WNTR,25.4,25.35,25.4,1959700.0,1866100.0,0,0,0,0,0,0,0,0,0,0,0,0,0,0,0,0,213,2026-02-04 18:17:40.558620
SPNG,24.25,24.29,24.45,2310700.0,2043100.0,0,0,0,0,0,0,0,0,0,0,0,0,0,0,0,0,214,2026-02-04 18:17:41.603514
SMMR,25.42,25.46,25.49,2389200.0,2187200.0,0,0,0,0,0,0,0,0,0,0,0,0,0,0,0,0,214,2026-02-04 18:17:41.603514
ATMN,24.8,24.48,24.58,2124300.0,1994400.0,0,0,0,0,0,0,0,0,0,0,0,0,0,0,0,0,214,2026-02-04 18:17:41.603514
WNTR,25.4,25.35,25.4,1976500.0,1866100.0,0,0,0,0,0,0,0,0,0,0,0,0,0,0,0,0,214,2026-02-04 18:17:41.603514
SPNG,24.51,24.29,24.51,2310700.0,2072200.0,0,0,0,0,0,0,0,0,0,0,0,0,0,0,0,0,215,2026-02-04 18:17:42.660378
SMMR,25.25,25.25,25.47,2341500.0,2176400.0,0,0,0,0,0,0,0,0,0,0,0,0,0,0,0,0,215,2026-02-04 18:17:42.660378
ATMN,24.58,24.83,25.02,2143000.0,1998200.0,0,0,0,0,0,0,0,0,0,0,0,0,0,0,0,0,215,2026-02-04 18:17:42.660378
WNTR,25.47,25.37,25.47,1936700.0,1844700.0,0,0,0,0,0,0,0,0,0,0,0,0,0,0,0,0,215,2026-02-04 18:17:42.660378
SPNG,24.19,24.19,24.45,2346600.0,2129100.0,0,0,0,0,0,0,0,0,0,0,0,0,0,0,0,0,216,2026-02-04 18:17:43.218803
SMMR,25.25,25.25,25.33,2369500.0,2176900.0,0,0,0,0,0,0,0,0,0,0,0,0,0,0,0,0,216,2026-02-04 18:17:43.218803
ATMN,24.4,24.4,25.02,2153200.0,1993500.0,0,0,0,0,0,0,0,0,0,0,0,0,0,0,0,0,216,2026-02-04 18:17:43.218803
WNTR,25.47,25.37,25.47,1936700.0,1868200.0,0,0,0,0,0,0,0,0,0,0,0,0,0,0,0,0,216,2026-02-04 18:17:43.218803
SPNG,23.89,23.89,24.45,2350100.0,2129100.0,0,0,0,0,0,0,0,0,0,0,0,0,0,0,0,0,217,2026-02-04 18:17:44.332074
SMMR,25.21,25.44,25.47,2355100.0,2176400.0,0,0,0,0,0,0,0,0,0,0,0,0,0,0,0,0,217,2026-02-04 18:17:44.332074
ATMN,24.8,24.8,24.81,2153200.0,2006600.0,0,0,0,0,0,0,0,0,0,0,0,0,0,0,0,0,217,2026-02-04 18:17:44.332074
WNTR,25.46,25.31,25.46,1966800.0,1878800.0,0,0,0,0,0,0,0,0,0,0,0,0,0,0,0,0,217,2026-02-04 18:17:44.332074
SPNG,23.89,24.31,24.45,2330000.0,2125400.0,0,0,0,0,0,0,0,0,0,0,0,0,0,0,0,0,218,2026-02-04 18:17:45.408429
SMMR,25.47,25.48,25.49,2372200.0,2195800.0,0,0,0,0,0,0,0,0,0,0,0,0,0,0,0,0,218,2026-02-04 18:17:45.408429
ATMN,24.8,24.4,24.67,2149700.0,2024100.0,0,0,0,0,0,0,0,0,0,0,0,0,0,0,0,0,218,2026-02-04 18:17:45.408429
WNTR,25.3,25.34,25.46,1975400.0,1876200.0,0,0,0,0,0,0,0,0,0,0,0,0,0,0,0,0,218,2026-02-04 18:17:45.408429
SPNG,24.31,24.31,24.36,2330000.0,2145700.0,0,0,0,0,0,0,0,0,0,0,0,0,0,0,0,0,219,2026-02-04 18:17:46.509146
SMMR,25.49,25.41,25.49,2332500.0,2228800.0,0,0,0,0,0,0,0,0,0,0,0,0,0,0,0,0,219,2026-02-04 18:17:46.509146
ATMN,24.81,24.4,24.81,2149700.0,2023100.0,0,0,0,0,0,0,0,0,0,0,0,0,0,0,0,0,219,2026-02-04 18:17:46.509146
WNTR,25.28,25.28,25.46,2024900.0,1867000.0,0,0,0,0,0,0,0,0,0,0,0,0,0,0,0,0,219,2026-02-04 18:17:46.509146
SPNG,24.31,24.31,24.36,2328600.0,2141100.0,0,0,0,0,0,0,0,0,0,0,0,0,0,0,0,0,220,2026-02-04 18:17:47.562555
SMMR,25.41,25.31,25.4,2323300.0,2216600.0,0,0,0,0,0,0,0,0,0,0,0,0,0,0,0,0,220,2026-02-04 18:17:47.562555
ATMN,24.29,24.77,24.81,2132000.0,2023100.0,0,0,0,0,0,0,0,0,0,0,0,0,0,0,0,0,220,2026-02-04 18:17:47.562555
WNTR,25.46,25.28,25.46,2050500.0,1868300.0,0,0,0,0,0,0,0,0,0,0,0,0,0,0,0,0,220,2026-02-04 18:17:47.562555
SPNG,24.36,24.11,24.36,2316100.0,2141100.0,0,0,0,0,0,0,0,0,0,0,0,0,0,0,0,0,221,2026-02-04 18:17:48.610642
SMMR,25.32,25.32,25.45,2326700.0,2267100.0,0,0,0,0,0,0,0,0,0,0,0,0,0,0,0,0,221,2026-02-04 18:17:48.610642
ATMN,24.29,24.77,24.79,2149800.0,2036300.0,0,0,0,0,0,0,0,0,0,0,0,0,0,0,0,0,221,2026-02-04 18:17:48.610642
WNTR,25.28,25.28,25.46,2066800.0,1876500.0,0,0,0,0,0,0,0,0,0,0,0,0,0,0,0,0,221,2026-02-04 18:17:48.610642
SPNG,24.51,24.11,24.51,2282300.0,2128800.0,0,0,0,0,0,0,0,0,0,0,0,0,0,0,0,0,222,2026-02-04 18:17:49.664609
SMMR,25.49,25.32,25.35,2326700.0,2215900.0,0,0,0,0,0,0,0,0,0,0,0,0,0,0,0,0,222,2026-02-04 18:17:49.664609
ATMN,24.81,24.29,24.81,2138800.0,2067000.0,0,0,0,0,0,0,0,0,0,0,0,0,0,0,0,0,222,2026-02-04 18:17:49.664609
WNTR,25.28,25.28,25.47,2047600.0,1876500.0,0,0,0,0,0,0,0,0,0,0,0,0,0,0,0,0,222,2026-02-04 18:17:49.664609
SPNG,24.34,24.11,24.34,2253100.0,2130800.0,0,0,0,0,0,0,0,0,0,0,0,0,0,0,0,0,223,2026-02-04 18:17:50.723953
SMMR,25.31,25.31,25.35,2364700.0,2215900.0,0,0,0,0,0,0,0,0,0,0,0,0,0,0,0,0,223,2026-02-04 18:17:50.723953
ATMN,24.81,24.3,24.81,2148300.0,2067000.0,0,0,0,0,0,0,0,0,0,0,0,0,0,0,0,0,223,2026-02-04 18:17:50.723953
WNTR,25.28,25.28,25.39,2047600.0,1918200.0,0,0,0,0,0,0,0,0,0,0,0,0,0,0,0,0,223,2026-02-04 18:17:50.723953
SPNG,24.51,24.11,24.51,2250900.0,2128800.0,0,0,0,0,0,0,0,0,0,0,0,0,0,0,0,0,224,2026-02-04 18:17:51.753184
SMMR,25.35,25.42,25.49,2357000.0,2228800.0,0,0,0,0,0,0,0,0,0,0,0,0,0,0,0,0,224,2026-02-04 18:17:51.753184
ATMN,24.63,24.3,24.39,2148300.0,2092700.0,0,0,0,0,0,0,0,0,0,0,0,0,0,0,0,0,224,2026-02-04 18:17:51.753184
WNTR,25.39,25.28,25.39,2047600.0,1956600.0,0,0,0,0,0,0,0,0,0,0,0,0,0,0,0,0,224,2026-02-04 18:17:51.753184
SPNG,24.51,24.33,24.51,2245300.0,2097900.0,0,0,0,0,0,0,0,0,0,0,0,0,0,0,0,0,225,2026-02-04 18:17:52.296999
SMMR,25.35,25.42,25.49,2351600.0,2228800.0,0,0,0,0,0,0,0,0,0,0,0,0,0,0,0,0,225,2026-02-04 18:17:52.296999
ATMN,24.63,24.37,24.39,2162800.0,2092700.0,0,0,0,0,0,0,0,0,0,0,0,0,0,0,0,0,225,2026-02-04 18:17:52.296999
WNTR,25.39,25.28,25.39,2035500.0,1956600.0,0,0,0,0,0,0,0,0,0,0,0,0,0,0,0,0,225,2026-02-04 18:17:52.296999
SPNG,24.11,24.11,24.51,2250900.0,2097900.0,0,0,0,0,0,0,0,0,0,0,0,0,0,0,0,0,226,2026-02-04 18:17:53.342395
SMMR,25.4,25.4,25.41,2345900.0,2208000.0,0,0,0,0,0,0,0,0,0,0,0,0,0,0,0,0,226,2026-02-04 18:17:53.342395
ATMN,24.39,24.63,24.8,2154900.0,2061000.0,0,0,0,0,0,0,0,0,0,0,0,0,0,0,0,0,226,2026-02-04 18:17:53.342395
WNTR,25.39,25.28,25.39,2035500.0,1978200.0,0,0,0,0,0,0,0,0,0,0,0,0,0,0,0,0,226,2026-02-04 18:17:53.342395
SPNG,24.09,24.09,24.51,2251900.0,2097900.0,0,0,0,0,0,0,0,0,0,0,0,0,0,0,0,0,227,2026-02-04 18:17:54.376471
SMMR,25.31,25.31,25.41,2353000.0,2229000.0,0,0,0,0,0,0,0,0,0,0,0,0,0,0,0,0,227,2026-02-04 18:17:54.376471
ATMN,24.39,24.63,24.8,2154900.0,2062300.0,0,0,0,0,0,0,0,0,0,0,0,0,0,0,0,0,227,2026-02-04 18:17:54.376471
WNTR,25.39,25.28,25.29,2047100.0,1974100.0,0,0,0,0,0,0,0,0,0,0,0,0,0,0,0,0,227,2026-02-04 18:17:54.376471
SPNG,24.37,24.37,24.51,2242000.0,2097900.0,0,0,0,0,0,0,0,0,0,0,0,0,0,0,0,0,228,2026-02-04 18:17:55.510430
SMMR,25.31,25.31,25.41,2379600.0,2247400.0,0,0,0,0,0,0,0,0,0,0,0,0,0,0,0,0,228,2026-02-04 18:17:55.510430
ATMN,24.37,24.69,24.8,2159700.0,2036600.0,0,0,0,0,0,0,0,0,0,0,0,0,0,0,0,0,228,2026-02-04 18:17:55.510430
WNTR,25.3,25.28,25.3,2047100.0,1966600.0,0,0,0,0,0,0,0,0,0,0,0,0,0,0,0,0,228,2026-02-04 18:17:55.510430
SPNG,24.37,24.09,24.15,2222800.0,2100600.0,0,0,0,0,0,0,0,0,0,0,0,0,0,0,0,0,229,2026-02-04 18:17:56.671173
SMMR,25.37,25.37,25.45,2351700.0,2260200.0,0,0,0,0,0,0,0,0,0,0,0,0,0,0,0,0,229,2026-02-04 18:17:56.671173
ATMN,24.3,24.3,24.71,2131800.0,2007600.0,0,0,0,0,0,0,0,0,0,0,0,0,0,0,0,0,229,2026-02-04 18:17:56.671173
WNTR,25.24,25.24,25.3,2063600.0,1938700.0,0,0,0,0,0,0,0,0,0,0,0,0,0,0,0,0,229,2026-02-04 18:17:56.671173
SPNG,24.06,24.06,24.55,2235800.0,2098200.0,0,0,0,0,0,0,0,0,0,0,0,0,0,0,0,0,230,2026-02-04 18:17:57.758290
SMMR,25.37,25.42,25.45,2340800.0,2290500.0,0,0,0,0,0,0,0,0,0,0,0,0,0,0,0,0,230,2026-02-04 18:17:57.758290
ATMN,24.8,24.77,24.8,2158700.0,2024500.0,0,0,0,0,0,0,0,0,0,0,0,0,0,0,0,0,230,2026-02-04 18:17:57.758290
WNTR,25.34,25.35,25.39,2056700.0,1973700.0,0,0,0,0,0,0,0,0,0,0,0,0,0,0,0,0,230,2026-02-04 18:17:57.758290
SPNG,24.73,24.2,24.73,2210000.0,2060700.0,0,0,0,0,0,0,0,0,0,0,0,0,0,0,0,0,231,2026-02-04 18:17:58.297797
SMMR,25.45,25.45,25.49,2351600.0,2285100.0,0,0,0,0,0,0,0,0,0,0,0,0,0,0,0,0,231,2026-02-04 18:17:58.297797
ATMN,24.77,24.3,24.46,2131800.0,2035300.0,0,0,0,0,0,0,0,0,0,0,0,0,0,0,0,0,231,2026-02-04 18:17:58.297797
WNTR,25.32,25.32,25.39,2062600.0,1973700.0,0,0,0,0,0,0,0,0,0,0,0,0,0,0,0,0,231,2026-02-04 18:17:58.297797
SPNG,24.73,24.46,24.56,2194100.0,2072600.0,0,0,0,0,0,0,0,0,0,0,0,0,0,0,0,0,232,2026-02-04 18:17:59.367217
SMMR,25.42,25.42,25.5,2339500.0,2301400.0,0,0,0,0,0,0,0,0,0,0,0,0,0,0,0,0,232,2026-02-04 18:17:59.367217
ATMN,24.8,24.3,24.8,2131800.0,2024500.0,0,0,0,0,0,0,0,0,0,0,0,0,0,0,0,0,232,2026-02-04 18:17:59.367217
WNTR,25.22,25.22,25.39,2063400.0,1971000.0,0,0,0,0,0,0,0,0,0,0,0,0,0,0,0,0,232,2026-02-04 18:17:59.367217
SPNG,24.46,24.2,24.27,2204700.0,2068800.0,0,0,0,0,0,0,0,0,0,0,0,0,0,0,0,0,233,2026-02-04 18:18:00.421739
SMMR,25.42,25.48,25.53,2330600.0,2309400.0,0,0,0,0,0,0,0,0,0,0,0,0,0,0,0,0,233,2026-02-04 18:18:00.421739
ATMN,24.81,24.3,24.81,2141000.0,2031500.0,0,0,0,0,0,0,0,0,0,0,0,0,0,0,0,0,233,2026-02-04 18:18:00.421739
WNTR,25.35,25.22,25.34,2063400.0,1974500.0,0,0,0,0,0,0,0,0,0,0,0,0,0,0,0,0,233,2026-02-04 18:18:00.421739
SPNG,24.68,24.2,24.68,2183000.0,2103900.0,0,0,0,0,0,0,0,0,0,0,0,0,0,0,0,0,234,2026-02-04 18:18:01.527164
SMMR,25.37,25.37,25.53,2343200.0,2309400.0,0,0,0,0,0,0,0,0,0,0,0,0,0,0,0,0,234,2026-02-04 18:18:01.527164
ATMN,24.25,24.47,24.81,2106500.0,2002900.0,0,0,0,0,0,0,0,0,0,0,0,0,0,0,0,0,234,2026-02-04 18:18:01.527164
WNTR,25.39,25.22,25.39,2009000.0,1971000.0,0,0,0,0,0,0,0,0,0,0,0,0,0,0,0,0,234,2026-02-04 18:18:01.527164
SPNG,24.06,24.06,24.68,2211900.0,2103900.0,0,0,0,0,0,0,0,0,0,0,0,0,0,0,0,0,235,2026-02-04 18:18:02.663118
SMMR,25.43,25.37,25.43,2313100.0,2336900.0,0,0,0,0,0,0,0,0,0,0,0,0,0,0,0,0,235,2026-02-04 18:18:02.663118
ATMN,24.25,24.57,24.61,2093400.0,2019100.0,0,0,0,0,0,0,0,0,0,0,0,0,0,0,0,0,235,2026-02-04 18:18:02.663118
WNTR,25.22,25.22,25.39,2005300.0,1977300.0,0,0,0,0,0,0,0,0,0,0,0,0,0,0,0,0,235,2026-02-04 18:18:02.663118
SPNG,24.73,24.06,24.31,2211900.0,2108600.0,0,0,0,0,0,0,0,0,0,0,0,0,0,0,0,0,236,2026-02-04 18:18:03.708433
SMMR,25.43,25.37,25.53,2294300.0,2309400.0,0,0,0,0,0,0,0,0,0,0,0,0,0,0,0,0,236,2026-02-04 18:18:03.708433
ATMN,24.61,24.22,24.61,2112800.0,2019100.0,0,0,0,0,0,0,0,0,0,0,0,0,0,0,0,0,236,2026-02-04 18:18:03.708433
