ticker,last_price,bid_price,ask_price,BUY_COLA-1,BUY_ANON,SELL_ANON,BUY_WRSW-1,SELL_CALG-1,SELL_GIOT-3,SELL_WRSW-3,SELL_LUIS-1,BUY_GIOT-3,BUY_LUIS-1,SELL_WRSW-1,BUY_WRSW-3,SELL_COLA-1,BUY_CALG-1,tick,timestamp,news_news_id,news_period,news_tick,news_ticker,news_headline,news_body
SPNG,25.02,25.07,25.11,5000.0,2148600.0,2260800.0,0,0,0,0,0,0,0,0,0,0,0,2,2026-02-04 12:51:47.268353,2.0,1.0,1.0,,Aggregate Position Limit,Your CRO has set the aggregate position limit to 12000 shares for this week.
SMMR,25.13,24.9,24.98,,2143000.0,1998400.0,0,0,0,0,0,0,0,0,0,0,0,2,2026-02-04 12:51:47.268353,1.0,1.0,1.0,,Welcome to the RITC 2026 Alogithmic Market Making Case - practice server,
ATMN,25.03,25.25,25.26,,2204900.0,2188200.0,0,0,0,0,0,0,0,0,0,0,0,2,2026-02-04 12:51:47.268353,,,,,,
WNTR,25.02,25.1,25.14,,2258100.0,2232800.0,0,0,0,0,0,0,0,0,0,0,0,2,2026-02-04 12:51:47.268353,,,,,,
SPNG,25.1,24.9,25.01,2241700.0,2275100.0,,,0,0,0,0,0,0,0,0,0,0,3,2026-02-04 12:51:48.324493
SMMR,25.18,24.93,25.18,1983600.0,1817100.0,5000.0,,0,0,0,0,0,0,0,0,0,0,3,2026-02-04 12:51:48.324493
ATMN,25.25,24.99,25.19,2197600.0,2119500.0,,5000.0,0,0,0,0,0,0,0,0,0,0,3,2026-02-04 12:51:48.324493
WNTR,24.86,24.92,24.97,2176100.0,2370500.0,5000.0,,0,0,0,0,0,0,0,0,0,0,3,2026-02-04 12:51:48.324493
SPNG,25.11,24.78,25.11,2264600.0,2275500.0,,,0,0,0,0,0,0,0,0,0,0,4,2026-02-04 12:51:49.356803
SMMR,24.96,24.9,25.02,2111300.0,1941800.0,,,0,0,0,0,0,0,0,0,0,0,4,2026-02-04 12:51:49.356803
ATMN,24.97,24.77,24.86,1961200.0,2094500.0,5000.0,,0,0,0,0,0,0,0,0,0,0,4,2026-02-04 12:51:49.356803
WNTR,24.86,24.89,24.97,2130600.0,2485900.0,,5000.0,0,0,0,0,0,0,0,0,0,0,4,2026-02-04 12:51:49.356803
SPNG,24.78,24.78,25.11,2264600.0,2277700.0,,,0,0,0,0,0,0,0,0,0,0,5,2026-02-04 12:51:50.400753
SMMR,25.18,25.02,25.04,1960800.0,1923900.0,5000.0,,0,0,0,0,0,0,0,0,0,0,5,2026-02-04 12:51:50.400753
ATMN,24.86,24.94,24.95,2184600.0,2097100.0,,5000.0,0,0,0,0,0,0,0,0,0,0,5,2026-02-04 12:51:50.400753
WNTR,24.95,24.96,24.97,2297600.0,2485900.0,,,0,0,0,0,0,0,0,0,0,0,5,2026-02-04 12:51:50.400753
SPNG,24.78,24.79,24.84,5000.0,2167500.0,2134400.0,5000.0,0,0,0,0,0,0,0,0,0,0,6,2026-02-04 12:51:51.434221
SMMR,25.03,24.9,25.02,,2111300.0,1927800.0,,0,0,0,0,0,0,0,0,0,0,6,2026-02-04 12:51:51.434221
ATMN,24.76,24.77,24.94,5000.0,1990200.0,2063100.0,5000.0,0,0,0,0,0,0,0,0,0,0,6,2026-02-04 12:51:51.434221
WNTR,25.14,24.97,25.06,5000.0,2177700.0,2362000.0,5000.0,0,0,0,0,0,0,0,0,0,0,6,2026-02-04 12:51:51.434221
SPNG,24.78,24.8,24.83,5000.0,2212000.0,5000.0,2153700.0,0,0,0,0,0,0,0,0,0,0,7,2026-02-04 12:51:52.471318
SMMR,25.02,24.9,25.02,,2111300.0,,1927800.0,0,0,0,0,0,0,0,0,0,0,7,2026-02-04 12:51:52.471318
ATMN,24.75,24.77,24.78,5000.0,1886700.0,5000.0,2033500.0,0,0,0,0,0,0,0,0,0,0,7,2026-02-04 12:51:52.471318
WNTR,24.96,24.96,25.06,,2309100.0,,2458900.0,0,0,0,0,0,0,0,0,0,0,7,2026-02-04 12:51:52.471318
SPNG,24.84,24.8,24.84,2314400.0,2265600.0,,0,0,0,0,0,0,0,0,0,0,0,8,2026-02-04 12:51:53.507150
SMMR,25.02,24.9,25.0,2099700.0,2050500.0,5000.0,0,0,0,0,0,0,0,0,0,0,0,8,2026-02-04 12:51:53.507150
ATMN,24.96,24.75,24.96,1886700.0,2152500.0,,0,0,0,0,0,0,0,0,0,0,0,8,2026-02-04 12:51:53.507150
WNTR,24.89,24.89,24.99,2264300.0,2329600.0,5000.0,0,0,0,0,0,0,0,0,0,0,0,8,2026-02-04 12:51:53.507150
SPNG,24.78,24.78,25.09,2282500.0,2268400.0,,,0,0,0,0,0,0,0,0,0,0,9,2026-02-04 12:51:54.539177
SMMR,25.02,24.94,25.0,2082500.0,2050500.0,5000.0,,0,0,0,0,0,0,0,0,0,0,9,2026-02-04 12:51:54.539177
ATMN,24.96,24.79,24.82,1886700.0,2174400.0,,5000.0,0,0,0,0,0,0,0,0,0,0,9,2026-02-04 12:51:54.539177
WNTR,24.95,24.95,25.06,2295200.0,2458900.0,,,0,0,0,0,0,0,0,0,0,0,9,2026-02-04 12:51:54.539177
SPNG,25.11,24.88,25.11,2137900.0,5000.0,2260600.0,0,0,0,0,0,0,0,0,0,0,0,10,2026-02-04 12:51:55.597436
SMMR,25.14,24.95,25.1,1966800.0,5000.0,1913900.0,0,0,0,0,0,0,0,0,0,0,0,10,2026-02-04 12:51:55.597436
ATMN,24.95,24.71,24.95,1870200.0,,2149200.0,0,0,0,0,0,0,0,0,0,0,0,10,2026-02-04 12:51:55.597436
WNTR,24.98,24.98,25.06,2189400.0,5000.0,2458900.0,0,0,0,0,0,0,0,0,0,0,0,10,2026-02-04 12:51:55.597436
SPNG,24.75,24.75,25.11,2248400.0,2265200.0,,0,0,0,0,0,0,0,0,0,0,0,11,2026-02-04 12:51:56.149329
SMMR,25.14,24.95,24.96,1949200.0,2019200.0,5000.0,0,0,0,0,0,0,0,0,0,0,0,11,2026-02-04 12:51:56.149329
ATMN,24.66,24.66,24.95,1868700.0,2149200.0,,0,0,0,0,0,0,0,0,0,0,0,11,2026-02-04 12:51:56.149329
WNTR,24.9,24.89,24.9,2268200.0,2440600.0,,0,0,0,0,0,0,0,0,0,0,0,11,2026-02-04 12:51:56.149329
SPNG,24.75,24.81,25.11,2231600.0,2261300.0,0,0,0,0,0,0,0,0,0,0,0,0,12,2026-02-04 12:51:57.261614
SMMR,24.94,24.94,25.18,2054900.0,1817100.0,0,0,0,0,0,0,0,0,0,0,0,0,12,2026-02-04 12:51:57.261614
ATMN,24.95,24.66,24.95,1868700.0,2155900.0,0,0,0,0,0,0,0,0,0,0,0,0,12,2026-02-04 12:51:57.261614
WNTR,25.2,24.91,25.2,2289500.0,2230500.0,0,0,0,0,0,0,0,0,0,0,0,0,12,2026-02-04 12:51:57.261614
SPNG,24.77,24.77,25.11,2248600.0,2262100.0,,,0,0,0,0,0,0,0,0,0,0,13,2026-02-04 12:51:58.313144
SMMR,24.93,24.97,25.04,1957200.0,2051700.0,5000.0,5000.0,0,0,0,0,0,0,0,0,0,0,13,2026-02-04 12:51:58.313144
ATMN,24.96,24.9,24.96,1982100.0,2120300.0,5000.0,,0,0,0,0,0,0,0,0,0,0,13,2026-02-04 12:51:58.313144
WNTR,24.88,25.13,25.19,2268100.0,2230500.0,,5000.0,0,0,0,0,0,0,0,0,0,0,13,2026-02-04 12:51:58.313144
SPNG,24.77,24.77,25.11,2230400.0,2275200.0,,,0,0,0,0,0,0,0,0,0,0,14,2026-02-04 12:51:59.351421
SMMR,24.93,25.0,25.04,1978900.0,2156100.0,5000.0,,0,0,0,0,0,0,0,0,0,0,14,2026-02-04 12:51:59.351421
ATMN,24.66,24.63,24.64,1758500.0,2155300.0,,,0,0,0,0,0,0,0,0,0,0,14,2026-02-04 12:51:59.351421
WNTR,24.88,25.13,25.16,2268100.0,2361500.0,,5000.0,0,0,0,0,0,0,0,0,0,0,14,2026-02-04 12:51:59.351421
SPNG,24.75,24.75,25.2,2258600.0,5000.0,2159500.0,,0,0,0,0,0,0,0,0,0,0,15,2026-02-04 12:52:00.397453
SMMR,24.91,24.94,25.0,1971400.0,,2144500.0,5000.0,0,0,0,0,0,0,0,0,0,0,15,2026-02-04 12:52:00.397453
ATMN,24.6,24.6,24.96,1743700.0,,2149400.0,,0,0,0,0,0,0,0,0,0,0,15,2026-02-04 12:52:00.397453
WNTR,24.91,24.95,25.16,2297100.0,5000.0,2352200.0,,0,0,0,0,0,0,0,0,0,0,15,2026-02-04 12:52:00.397453
SPNG,24.75,24.96,25.19,2125600.0,5000.0,5000.0,2163400.0,0,0,0,0,0,0,0,0,0,0,16,2026-02-04 12:52:01.503265
SMMR,24.9,24.95,24.98,1949400.0,5000.0,5000.0,2045500.0,0,0,0,0,0,0,0,0,0,0,16,2026-02-04 12:52:01.503265
ATMN,24.6,24.73,24.95,1840700.0,5000.0,5000.0,2043000.0,0,0,0,0,0,0,0,0,0,0,16,2026-02-04 12:52:01.503265
WNTR,24.91,25.06,25.07,2212500.0,5000.0,5000.0,2354500.0,0,0,0,0,0,0,0,0,0,0,16,2026-02-04 12:52:01.503265
SPNG,24.64,24.64,25.24,2264600.0,2254800.0,,0,0,0,0,0,0,0,0,0,0,0,17,2026-02-04 12:52:02.537729
SMMR,24.9,24.9,24.96,2087800.0,2036800.0,5000.0,0,0,0,0,0,0,0,0,0,0,0,17,2026-02-04 12:52:02.537729
ATMN,24.95,24.6,24.95,1951900.0,2160800.0,,0,0,0,0,0,0,0,0,0,0,0,17,2026-02-04 12:52:02.537729
WNTR,25.07,25.06,25.07,2322600.0,2366400.0,5000.0,0,0,0,0,0,0,0,0,0,0,0,17,2026-02-04 12:52:02.537729
SPNG,24.91,24.91,25.24,2178800.0,5000.0,2254800.0,0,0,0,0,0,0,0,0,0,0,0,18,2026-02-04 12:52:03.565913
SMMR,24.99,24.9,24.99,2083900.0,,2133600.0,0,0,0,0,0,0,0,0,0,0,0,18,2026-02-04 12:52:03.565913
ATMN,24.57,24.57,24.83,1927600.0,,2158900.0,0,0,0,0,0,0,0,0,0,0,0,18,2026-02-04 12:52:03.565913
WNTR,24.95,24.95,25.2,2297100.0,,2471500.0,0,0,0,0,0,0,0,0,0,0,0,18,2026-02-04 12:52:03.565913
SPNG,24.91,24.95,25.02,5000.0,2178800.0,2217000.0,,0,0,0,0,0,0,0,0,0,0,19,2026-02-04 12:52:04.589758
SMMR,24.99,24.91,24.99,,2062700.0,2015100.0,5000.0,0,0,0,0,0,0,0,0,0,0,19,2026-02-04 12:52:04.589758
ATMN,24.57,24.57,24.95,,1927600.0,2157300.0,,0,0,0,0,0,0,0,0,0,0,19,2026-02-04 12:52:04.589758
WNTR,24.95,24.96,24.98,,2281900.0,2441200.0,,0,0,0,0,0,0,0,0,0,0,19,2026-02-04 12:52:04.589758
SPNG,24.96,24.65,24.96,2295500.0,2090300.0,5000.0,,0,0,0,0,0,0,0,0,0,0,20,2026-02-04 12:52:05.642
SMMR,25.0,24.92,24.98,1995000.0,2039400.0,5000.0,5000.0,0,0,0,0,0,0,0,0,0,0,20,2026-02-04 12:52:05.642
ATMN,24.56,24.57,24.94,1899000.0,2032400.0,5000.0,5000.0,0,0,0,0,0,0,0,0,0,0,20,2026-02-04 12:52:05.642
WNTR,24.99,24.98,24.99,2189500.0,2340200.0,5000.0,5000.0,0,0,0,0,0,0,0,0,0,0,20,2026-02-04 12:52:05.642
SPNG,25.04,24.76,25.04,2156600.0,5000.0,2217300.0,,0,0,0,0,0,0,0,0,0,0,21,2026-02-04 12:52:06.678442
SMMR,24.95,24.93,24.95,1995000.0,5000.0,2044200.0,5000.0,0,0,0,0,0,0,0,0,0,0,21,2026-02-04 12:52:06.678442
ATMN,24.87,24.58,24.86,1899000.0,5000.0,2008700.0,5000.0,0,0,0,0,0,0,0,0,0,0,21,2026-02-04 12:52:06.678442
WNTR,24.95,24.94,24.95,2278300.0,,2348400.0,5000.0,0,0,0,0,0,0,0,0,0,0,21,2026-02-04 12:52:06.678442
SPNG,25.04,24.82,25.04,5000.0,2169700.0,2217300.0,,0,0,0,0,0,0,0,0,0,0,22,2026-02-04 12:52:07.213400
SMMR,25.05,24.91,25.05,,2084600.0,2142100.0,,0,0,0,0,0,0,0,0,0,0,22,2026-02-04 12:52:07.213400
ATMN,24.87,24.58,24.86,5000.0,1899000.0,2008700.0,5000.0,0,0,0,0,0,0,0,0,0,0,22,2026-02-04 12:52:07.213400
WNTR,24.95,24.99,25.08,,2284100.0,2353200.0,5000.0,0,0,0,0,0,0,0,0,0,0,22,2026-02-04 12:52:07.213400
SPNG,24.8,24.84,25.04,5000.0,2185200.0,2217300.0,0,0,0,0,0,0,0,0,0,0,0,23,2026-02-04 12:52:08.246992
SMMR,25.05,25.02,25.05,5000.0,1961400.0,2110400.0,0,0,0,0,0,0,0,0,0,0,0,23,2026-02-04 12:52:08.246992
ATMN,24.87,24.61,24.71,5000.0,2009500.0,2115400.0,0,0,0,0,0,0,0,0,0,0,0,23,2026-02-04 12:52:08.246992
WNTR,25.06,24.99,25.06,,2284100.0,2464200.0,0,0,0,0,0,0,0,0,0,0,0,23,2026-02-04 12:52:08.246992
SPNG,24.76,24.83,25.03,5000.0,2176500.0,5000.0,2119000.0,0,0,0,0,0,0,0,0,0,0,24,2026-02-04 12:52:09.273801
SMMR,24.99,24.91,24.96,,2052000.0,5000.0,1971000.0,0,0,0,0,0,0,0,0,0,0,24,2026-02-04 12:52:09.273801
ATMN,24.55,24.56,24.7,5000.0,2046300.0,5000.0,1998000.0,0,0,0,0,0,0,0,0,0,0,24,2026-02-04 12:52:09.273801
WNTR,24.94,24.94,24.98,,2278300.0,,2459600.0,0,0,0,0,0,0,0,0,0,0,24,2026-02-04 12:52:09.273801
SPNG,25.04,25.2,25.24,2290800.0,2224400.0,,0,0,0,0,0,0,0,0,0,0,0,25,2026-02-04 12:52:10.301997
SMMR,24.91,24.91,25.0,2018600.0,1999800.0,5000.0,0,0,0,0,0,0,0,0,0,0,0,25,2026-02-04 12:52:10.301997
ATMN,24.55,24.57,24.71,2160400.0,2083800.0,,0,0,0,0,0,0,0,0,0,0,0,25,2026-02-04 12:52:10.301997
WNTR,25.02,24.94,25.02,2278300.0,2449400.0,,0,0,0,0,0,0,0,0,0,0,0,25,2026-02-04 12:52:10.301997
SPNG,25.2,24.91,25.12,2273300.0,2210700.0,0,0,0,0,0,0,0,0,0,0,0,0,26,2026-02-04 12:52:11.327391
SMMR,25.07,25.05,25.07,2024900.0,2084400.0,0,0,0,0,0,0,0,0,0,0,0,0,26,2026-02-04 12:52:11.327391
ATMN,24.66,24.66,24.71,2172700.0,2083800.0,0,0,0,0,0,0,0,0,0,0,0,0,26,2026-02-04 12:52:11.327391
WNTR,24.88,24.88,25.02,2279000.0,2449400.0,0,0,0,0,0,0,0,0,0,0,0,0,26,2026-02-04 12:52:11.327391
SPNG,25.23,24.68,25.23,5000.0,2164600.0,2232700.0,,0,0,0,0,0,0,0,0,0,0,27,2026-02-04 12:52:12.360138
SMMR,25.05,25.05,25.07,,1999600.0,1992400.0,5000.0,0,0,0,0,0,0,0,0,0,0,27,2026-02-04 12:52:12.360138
ATMN,24.55,24.55,24.66,,2176400.0,1970400.0,5000.0,0,0,0,0,0,0,0,0,0,0,27,2026-02-04 12:52:12.360138
WNTR,24.87,24.91,25.08,,2283600.0,2490000.0,,0,0,0,0,0,0,0,0,0,0,27,2026-02-04 12:52:12.360138
SPNG,25.23,24.71,25.23,5000.0,2159400.0,2243100.0,,0,0,0,0,0,0,0,0,0,0,28,2026-02-04 12:52:13.387020
SMMR,25.05,25.05,25.06,,1999600.0,2024100.0,5000.0,0,0,0,0,0,0,0,0,0,0,28,2026-02-04 12:52:13.387020
ATMN,24.65,24.65,24.67,,2204300.0,2079900.0,,0,0,0,0,0,0,0,0,0,0,28,2026-02-04 12:52:13.387020
WNTR,24.87,24.91,25.04,,2295200.0,2349700.0,5000.0,0,0,0,0,0,0,0,0,0,0,28,2026-02-04 12:52:13.387020
SPNG,24.71,24.99,25.23,2291600.0,2243100.0,,0,0,0,0,0,0,0,0,0,0,0,29,2026-02-04 12:52:14.433161
SMMR,24.91,24.96,25.04,2045100.0,2024100.0,5000.0,0,0,0,0,0,0,0,0,0,0,0,29,2026-02-04 12:52:14.433161
ATMN,24.62,24.62,24.87,2208000.0,2096800.0,,0,0,0,0,0,0,0,0,0,0,0,29,2026-02-04 12:52:14.433161
WNTR,24.99,24.87,24.99,2294500.0,2466000.0,,0,0,0,0,0,0,0,0,0,0,0,29,2026-02-04 12:52:14.433161
SPNG,24.71,24.99,25.23,2291600.0,2225100.0,,0,0,0,0,0,0,0,0,0,0,0,30,2026-02-04 12:52:15.474758
SMMR,25.06,24.99,25.06,1985500.0,2112100.0,5000.0,0,0,0,0,0,0,0,0,0,0,0,30,2026-02-04 12:52:15.474758
ATMN,24.62,24.51,24.6,2190300.0,2070300.0,,0,0,0,0,0,0,0,0,0,0,0,30,2026-02-04 12:52:15.474758
WNTR,24.99,24.99,25.08,2290000.0,2470200.0,,0,0,0,0,0,0,0,0,0,0,0,30,2026-02-04 12:52:15.474758
SPNG,24.63,24.63,24.97,2257000.0,2207400.0,,0,0,0,0,0,0,0,0,0,0,0,31,2026-02-04 12:52:16.536187
SMMR,25.0,25.0,25.06,2102300.0,2143100.0,,0,0,0,0,0,0,0,0,0,0,0,31,2026-02-04 12:52:16.536187
ATMN,24.46,24.46,24.66,2180800.0,2093400.0,,0,0,0,0,0,0,0,0,0,0,0,31,2026-02-04 12:52:16.536187
WNTR,25.08,25.14,25.15,2191100.0,2411800.0,5000.0,0,0,0,0,0,0,0,0,0,0,0,31,2026-02-04 12:52:16.536187
SPNG,25.16,24.71,24.82,5000.0,2144700.0,2101100.0,5000.0,0,0,0,0,0,0,0,0,0,0,32,2026-02-04 12:52:17.561558
SMMR,24.97,24.99,25.07,5000.0,1985500.0,2064600.0,5000.0,0,0,0,0,0,0,0,0,0,0,32,2026-02-04 12:52:17.561558
ATMN,24.66,24.8,24.89,,2192600.0,2099900.0,,0,0,0,0,0,0,0,0,0,0,32,2026-02-04 12:52:17.561558
WNTR,24.99,24.99,25.15,,2290000.0,2477500.0,,0,0,0,0,0,0,0,0,0,0,32,2026-02-04 12:52:17.561558
SPNG,25.07,25.07,25.09,2269500.0,2204800.0,,,0,0,0,0,0,0,0,0,0,0,33,2026-02-04 12:52:18.593228
SMMR,24.91,25.01,25.07,1940800.0,2157400.0,5000.0,,0,0,0,0,0,0,0,0,0,0,33,2026-02-04 12:52:18.593228
ATMN,24.81,24.46,24.67,2180800.0,2101500.0,,,0,0,0,0,0,0,0,0,0,0,33,2026-02-04 12:52:18.593228
WNTR,24.88,24.84,24.88,2306600.0,2375000.0,,5000.0,0,0,0,0,0,0,0,0,0,0,33,2026-02-04 12:52:18.593228
SPNG,25.07,25.07,25.09,2269500.0,2211100.0,,,0,0,0,0,0,0,0,0,0,0,34,2026-02-04 12:52:19.626144
SMMR,24.91,25.01,25.07,1950200.0,2136100.0,5000.0,,0,0,0,0,0,0,0,0,0,0,34,2026-02-04 12:52:19.626144
ATMN,24.38,24.41,24.64,2138100.0,1975100.0,,5000.0,0,0,0,0,0,0,0,0,0,0,34,2026-02-04 12:52:19.626144
WNTR,25.15,24.93,25.15,2295900.0,2477500.0,,,0,0,0,0,0,0,0,0,0,0,34,2026-02-04 12:52:19.626144
SPNG,24.61,24.64,25.09,2242000.0,2211100.0,,0,0,0,0,0,0,0,0,0,0,0,35,2026-02-04 12:52:20.658033
SMMR,24.91,25.01,25.07,1948500.0,2131200.0,5000.0,0,0,0,0,0,0,0,0,0,0,0,35,2026-02-04 12:52:20.658033
ATMN,24.67,24.46,24.48,2183300.0,2084100.0,,0,0,0,0,0,0,0,0,0,0,0,35,2026-02-04 12:52:20.658033
WNTR,24.83,24.8,24.83,2339500.0,2510900.0,,0,0,0,0,0,0,0,0,0,0,0,35,2026-02-04 12:52:20.658033
SPNG,24.61,24.64,24.93,2263100.0,2246900.0,0,0,0,0,0,0,0,0,0,0,0,0,36,2026-02-04 12:52:21.690869
SMMR,25.07,25.0,25.07,2064300.0,2100400.0,0,0,0,0,0,0,0,0,0,0,0,0,36,2026-02-04 12:52:21.690869
ATMN,24.48,24.51,24.58,2153700.0,2065400.0,0,0,0,0,0,0,0,0,0,0,0,0,36,2026-02-04 12:52:21.690869
WNTR,24.96,24.8,24.96,2344700.0,2500700.0,0,0,0,0,0,0,0,0,0,0,0,0,36,2026-02-04 12:52:21.690869
SPNG,24.92,24.65,24.93,5000.0,2110400.0,2246900.0,0,0,0,0,0,0,0,0,0,0,0,37,2026-02-04 12:52:22.722777
SMMR,25.06,25.0,25.06,5000.0,1953800.0,2128300.0,0,0,0,0,0,0,0,0,0,0,0,37,2026-02-04 12:52:22.722777
ATMN,24.58,24.47,24.58,5000.0,2049200.0,2065400.0,0,0,0,0,0,0,0,0,0,0,0,37,2026-02-04 12:52:22.722777
WNTR,24.96,24.97,25.07,5000.0,2237400.0,2489600.0,0,0,0,0,0,0,0,0,0,0,0,37,2026-02-04 12:52:22.722777
SPNG,24.64,24.92,24.93,5000.0,2113600.0,2239200.0,0,0,0,0,0,0,0,0,0,0,0,38,2026-02-04 12:52:23.797742
SMMR,25.07,25.0,25.07,5000.0,1953800.0,2116600.0,0,0,0,0,0,0,0,0,0,0,0,38,2026-02-04 12:52:23.797742
ATMN,24.58,24.61,24.62,5000.0,2016100.0,2051300.0,0,0,0,0,0,0,0,0,0,0,0,38,2026-02-04 12:52:23.797742
WNTR,24.96,25.04,25.07,5000.0,2278800.0,2447700.0,0,0,0,0,0,0,0,0,0,0,0,38,2026-02-04 12:52:23.797742
SPNG,24.61,24.61,24.67,2219300.0,2205600.0,,0,0,0,0,0,0,0,0,0,0,0,39,2026-02-04 12:52:24.353336
SMMR,25.07,25.0,25.07,1953800.0,2103000.0,5000.0,0,0,0,0,0,0,0,0,0,0,0,39,2026-02-04 12:52:24.353336
ATMN,24.6,24.6,24.62,2132400.0,2051300.0,,0,0,0,0,0,0,0,0,0,0,0,39,2026-02-04 12:52:24.353336
WNTR,25.04,25.04,25.07,2278800.0,2447700.0,5000.0,0,0,0,0,0,0,0,0,0,0,0,39,2026-02-04 12:52:24.353336
SPNG,24.67,24.68,24.93,2231000.0,2239200.0,,0,0,0,0,0,0,0,0,0,0,0,40,2026-02-04 12:52:25.384415
SMMR,24.96,24.91,24.94,2039600.0,2005900.0,5000.0,0,0,0,0,0,0,0,0,0,0,0,40,2026-02-04 12:52:25.384415
ATMN,24.44,24.44,24.62,2147000.0,2054600.0,,0,0,0,0,0,0,0,0,0,0,0,40,2026-02-04 12:52:25.384415
WNTR,24.84,24.8,24.83,2365800.0,2441400.0,,0,0,0,0,0,0,0,0,0,0,0,40,2026-02-04 12:52:25.384415
SPNG,24.93,24.91,24.93,2128200.0,5000.0,2239200.0,,0,0,0,0,0,0,0,0,0,0,41,2026-02-04 12:52:26.432327
SMMR,24.9,24.92,25.0,1937800.0,5000.0,1981600.0,5000.0,0,0,0,0,0,0,0,0,0,0,41,2026-02-04 12:52:26.432327
ATMN,24.62,24.45,24.62,2046400.0,5000.0,2054600.0,,0,0,0,0,0,0,0,0,0,0,41,2026-02-04 12:52:26.432327
WNTR,24.81,25.05,25.07,2360400.0,,2440700.0,,0,0,0,0,0,0,0,0,0,0,41,2026-02-04 12:52:26.432327
SPNG,24.96,24.92,24.96,5000.0,2128200.0,2215800.0,,0,0,0,0,0,0,0,0,0,0,42,2026-02-04 12:52:27.494709
SMMR,24.9,24.9,25.0,,2063900.0,1981600.0,5000.0,0,0,0,0,0,0,0,0,0,0,42,2026-02-04 12:52:27.494709
ATMN,24.66,24.41,24.66,,2187000.0,2060600.0,,0,0,0,0,0,0,0,0,0,0,42,2026-02-04 12:52:27.494709
WNTR,24.98,24.98,25.07,,2379900.0,2426100.0,,0,0,0,0,0,0,0,0,0,0,42,2026-02-04 12:52:27.494709
SPNG,24.57,24.57,24.96,2231100.0,2107800.0,5000.0,,0,0,0,0,0,0,0,0,0,0,43,2026-02-04 12:52:28.532095
SMMR,25.06,25.06,25.08,1986600.0,2094800.0,,5000.0,0,0,0,0,0,0,0,0,0,0,43,2026-02-04 12:52:28.532095
ATMN,24.35,24.35,24.66,2256000.0,1926400.0,5000.0,,0,0,0,0,0,0,0,0,0,0,43,2026-02-04 12:52:28.532095
WNTR,24.98,24.99,25.04,2269800.0,2308100.0,5000.0,5000.0,0,0,0,0,0,0,0,0,0,0,43,2026-02-04 12:52:28.532095
SPNG,24.96,24.57,24.96,2264000.0,2221300.0,,0,0,0,0,0,0,0,0,0,0,0,44,2026-02-04 12:52:29.559387
SMMR,25.09,24.9,25.09,2067000.0,2096100.0,,0,0,0,0,0,0,0,0,0,0,0,44,2026-02-04 12:52:29.559387
ATMN,24.81,24.35,24.81,2256000.0,1931100.0,5000.0,0,0,0,0,0,0,0,0,0,0,0,44,2026-02-04 12:52:29.559387
WNTR,24.98,24.98,25.05,2379900.0,2408300.0,,0,0,0,0,0,0,0,0,0,0,0,44,2026-02-04 12:52:29.559387
SPNG,24.94,24.95,24.96,5000.0,2166000.0,2221300.0,0,0,0,0,0,0,0,0,0,0,0,45,2026-02-04 12:52:30.598491
SMMR,24.92,24.9,24.92,,2055300.0,2090800.0,0,0,0,0,0,0,0,0,0,0,0,45,2026-02-04 12:52:30.598491
ATMN,24.81,24.35,24.58,,2251900.0,2053200.0,0,0,0,0,0,0,0,0,0,0,0,45,2026-02-04 12:52:30.598491
WNTR,25.02,25.04,25.05,,2382100.0,2408300.0,0,0,0,0,0,0,0,0,0,0,0,45,2026-02-04 12:52:30.598491
SPNG,24.94,24.72,24.82,2287300.0,2086300.0,5000.0,,0,0,0,0,0,0,0,0,0,0,46,2026-02-04 12:52:31.624079
SMMR,24.92,25.0,25.08,1950000.0,2007700.0,5000.0,5000.0,0,0,0,0,0,0,0,0,0,0,46,2026-02-04 12:52:31.624079
ATMN,24.58,24.31,24.57,2153600.0,1944900.0,5000.0,5000.0,0,0,0,0,0,0,0,0,0,0,46,2026-02-04 12:52:31.624079
WNTR,24.98,24.94,24.96,2383900.0,2274900.0,5000.0,,0,0,0,0,0,0,0,0,0,0,46,2026-02-04 12:52:31.624079
SPNG,24.72,24.85,25.16,2277900.0,2282600.0,,,0,0,0,0,0,0,0,0,0,0,47,2026-02-04 12:52:32.657469
SMMR,25.06,25.06,25.08,1977900.0,2107400.0,5000.0,,0,0,0,0,0,0,0,0,0,0,47,2026-02-04 12:52:32.657469
ATMN,24.89,24.41,24.56,2128300.0,2073500.0,5000.0,,0,0,0,0,0,0,0,0,0,0,47,2026-02-04 12:52:32.657469
WNTR,24.82,24.82,24.93,2352400.0,2274900.0,,5000.0,0,0,0,0,0,0,0,0,0,0,47,2026-02-04 12:52:32.657469
SPNG,24.85,24.74,24.8,5000.0,2134600.0,2265600.0,,0,0,0,0,0,0,0,0,0,0,48,2026-02-04 12:52:33.691419
SMMR,24.9,24.9,25.06,,2068000.0,1991700.0,5000.0,0,0,0,0,0,0,0,0,0,0,48,2026-02-04 12:52:33.691419
ATMN,24.86,24.45,24.84,5000.0,2093500.0,2043900.0,,0,0,0,0,0,0,0,0,0,0,48,2026-02-04 12:52:33.691419
WNTR,24.82,24.84,24.89,,2389600.0,2255300.0,5000.0,0,0,0,0,0,0,0,0,0,0,48,2026-02-04 12:52:33.691419
SPNG,25.17,24.87,25.17,5000.0,2150000.0,2278600.0,,0,0,0,0,0,0,0,0,0,0,49,2026-02-04 12:52:34.725685
SMMR,24.9,24.9,25.05,,2068000.0,2010300.0,5000.0,0,0,0,0,0,0,0,0,0,0,49,2026-02-04 12:52:34.725685
ATMN,24.3,24.3,24.49,,2244100.0,2076100.0,,0,0,0,0,0,0,0,0,0,0,49,2026-02-04 12:52:34.725685
WNTR,25.01,24.84,25.01,,2395100.0,2369400.0,,0,0,0,0,0,0,0,0,0,0,49,2026-02-04 12:52:34.725685
SPNG,24.58,24.58,25.05,2254700.0,5000.0,2168000.0,,0,0,0,0,0,0,0,0,0,0,50,2026-02-04 12:52:35.763997
SMMR,24.91,24.96,25.05,1955500.0,,2108200.0,5000.0,0,0,0,0,0,0,0,0,0,0,50,2026-02-04 12:52:35.763997
ATMN,24.49,24.52,24.61,2100000.0,,2058200.0,5000.0,0,0,0,0,0,0,0,0,0,0,50,2026-02-04 12:52:35.763997
WNTR,25.01,24.85,25.0,2268000.0,5000.0,2240800.0,5000.0,0,0,0,0,0,0,0,0,0,0,50,2026-02-04 12:52:35.763997
SPNG,25.17,24.95,25.04,2152600.0,5000.0,2321700.0,,0,0,0,0,0,0,0,0,0,0,51,2026-02-04 12:52:36.809022
SMMR,24.91,24.91,24.99,2084000.0,,2010300.0,5000.0,0,0,0,0,0,0,0,0,0,0,51,2026-02-04 12:52:36.809022
ATMN,24.49,24.55,24.58,2077800.0,5000.0,2084400.0,,0,0,0,0,0,0,0,0,0,0,51,2026-02-04 12:52:36.809022
WNTR,24.82,24.82,24.9,2402200.0,,2378900.0,,0,0,0,0,0,0,0,0,0,0,51,2026-02-04 12:52:36.809022
SPNG,24.57,24.59,25.04,5000.0,2127400.0,2321700.0,0,0,0,0,0,0,0,0,0,0,0,52,2026-02-04 12:52:37.860186
SMMR,24.91,24.91,25.05,,2084000.0,2130700.0,0,0,0,0,0,0,0,0,0,0,0,52,2026-02-04 12:52:37.860186
ATMN,24.61,24.52,24.61,,2194100.0,2107000.0,0,0,0,0,0,0,0,0,0,0,0,52,2026-02-04 12:52:37.860186
WNTR,24.8,24.81,24.9,,2394000.0,2360700.0,0,0,0,0,0,0,0,0,0,0,0,52,2026-02-04 12:52:37.860186
SPNG,25.04,24.59,25.04,5000.0,2127400.0,2321700.0,0,0,0,0,0,0,0,0,0,0,0,53,2026-02-04 12:52:38.416755
SMMR,25.03,25.04,25.05,,2081800.0,2130700.0,0,0,0,0,0,0,0,0,0,0,0,53,2026-02-04 12:52:38.416755
ATMN,24.61,24.53,24.61,5000.0,2057200.0,2102000.0,0,0,0,0,0,0,0,0,0,0,0,53,2026-02-04 12:52:38.416755
WNTR,24.81,24.81,25.04,,2378300.0,2368100.0,0,0,0,0,0,0,0,0,0,0,0,53,2026-02-04 12:52:38.416755
SPNG,24.51,24.51,25.23,2257800.0,2298100.0,0,0,0,0,0,0,0,0,0,0,0,0,54,2026-02-04 12:52:39.468730
SMMR,25.04,24.91,25.04,2084000.0,2101200.0,0,0,0,0,0,0,0,0,0,0,0,0,54,2026-02-04 12:52:39.468730
ATMN,24.47,24.47,24.5,2184000.0,2114400.0,0,0,0,0,0,0,0,0,0,0,0,0,54,2026-02-04 12:52:39.468730
WNTR,25.05,24.94,25.05,2411300.0,2376200.0,0,0,0,0,0,0,0,0,0,0,0,0,54,2026-02-04 12:52:39.468730
SPNG,24.8,24.66,24.8,2260100.0,2224900.0,5000.0,,0,0,0,0,0,0,0,0,0,0,55,2026-02-04 12:52:40.500176
SMMR,25.04,24.93,25.04,2008200.0,2101200.0,,5000.0,0,0,0,0,0,0,0,0,0,0,55,2026-02-04 12:52:40.500176
ATMN,24.47,24.47,24.49,2174000.0,2072500.0,5000.0,,0,0,0,0,0,0,0,0,0,0,55,2026-02-04 12:52:40.500176
WNTR,25.05,24.94,25.02,2411300.0,2241900.0,5000.0,,0,0,0,0,0,0,0,0,0,0,55,2026-02-04 12:52:40.500176
SPNG,24.93,24.66,24.93,2263000.0,2311800.0,,0,0,0,0,0,0,0,0,0,0,0,56,2026-02-04 12:52:41.539718
SMMR,24.9,24.9,25.01,2052900.0,2135800.0,,0,0,0,0,0,0,0,0,0,0,0,56,2026-02-04 12:52:41.539718
ATMN,24.43,24.43,24.49,2178400.0,2072500.0,5000.0,0,0,0,0,0,0,0,0,0,0,0,56,2026-02-04 12:52:41.539718
WNTR,24.85,25.01,25.05,2399000.0,2357000.0,,0,0,0,0,0,0,0,0,0,0,0,56,2026-02-04 12:52:41.539718
SPNG,25.08,24.92,25.08,2265800.0,2306600.0,0,0,0,0,0,0,0,0,0,0,0,0,57,2026-02-04 12:52:42.575120
SMMR,24.9,24.9,25.01,2044400.0,2135800.0,0,0,0,0,0,0,0,0,0,0,0,0,57,2026-02-04 12:52:42.575120
ATMN,24.43,24.3,24.41,2140000.0,2204900.0,0,0,0,0,0,0,0,0,0,0,0,0,57,2026-02-04 12:52:42.575120
WNTR,24.85,25.01,25.05,2399000.0,2348400.0,0,0,0,0,0,0,0,0,0,0,0,0,57,2026-02-04 12:52:42.575120
SPNG,25.08,24.92,25.02,2255100.0,5000.0,2215800.0,,0,0,0,0,0,0,0,0,0,0,58,2026-02-04 12:52:43.616456
SMMR,24.93,24.9,24.93,2081800.0,5000.0,2049200.0,,0,0,0,0,0,0,0,0,0,0,58,2026-02-04 12:52:43.616456
ATMN,24.57,24.36,24.57,2041700.0,,2169300.0,5000.0,0,0,0,0,0,0,0,0,0,0,58,2026-02-04 12:52:43.616456
WNTR,24.85,25.03,25.05,2260900.0,,2340800.0,5000.0,0,0,0,0,0,0,0,0,0,0,58,2026-02-04 12:52:43.616456
SPNG,24.92,24.92,25.08,2264300.0,2307900.0,0,0,0,0,0,0,0,0,0,0,0,0,59,2026-02-04 12:52:44.651614
SMMR,24.91,24.97,25.01,2073800.0,2135800.0,0,0,0,0,0,0,0,0,0,0,0,0,59,2026-02-04 12:52:44.651614
ATMN,24.72,24.52,24.72,2164900.0,2109200.0,0,0,0,0,0,0,0,0,0,0,0,0,59,2026-02-04 12:52:44.651614
WNTR,25.01,24.81,24.97,2420300.0,2375000.0,0,0,0,0,0,0,0,0,0,0,0,0,59,2026-02-04 12:52:44.651614
SPNG,25.03,25.39,25.61,1035900.0,800100.0,0,0,0,0,0,0,0,0,0,0,0,0,60,2026-02-04 12:52:45.688725
SMMR,24.89,25.24,0.0,200000.0,,0,0,0,0,0,0,0,0,0,0,0,0,60,2026-02-04 12:52:45.688725
ATMN,24.48,24.31,24.91,906400.0,744300.0,0,0,0,0,0,0,0,0,0,0,0,0,60,2026-02-04 12:52:45.688725
WNTR,25.0,24.41,0.0,200000.0,,0,0,0,0,0,0,0,0,0,0,0,0,60,2026-02-04 12:52:45.688725
SPNG,25.39,25.39,25.58,1068800.0,5000.0,998900.0,,0,0,0,0,0,0,0,0,0,0,61,2026-02-04 12:52:46.721656
SMMR,25.29,25.31,25.35,1022800.0,,786900.0,5000.0,0,0,0,0,0,0,0,0,0,0,61,2026-02-04 12:52:46.721656
ATMN,24.31,24.34,24.75,933200.0,,959800.0,5000.0,0,0,0,0,0,0,0,0,0,0,61,2026-02-04 12:52:46.721656
WNTR,25.0,24.41,24.45,857800.0,5000.0,1324800.0,,0,0,0,0,0,0,0,0,0,0,61,2026-02-04 12:52:46.721656
SPNG,25.24,25.24,25.55,1099400.0,5000.0,1216200.0,0,0,0,0,0,0,0,0,0,0,0,62,2026-02-04 12:52:47.753826
SMMR,25.24,25.24,25.34,921300.0,,895400.0,0,0,0,0,0,0,0,0,0,0,0,62,2026-02-04 12:52:47.753826
ATMN,24.26,24.48,24.75,1172700.0,,1080400.0,0,0,0,0,0,0,0,0,0,0,0,62,2026-02-04 12:52:47.753826
WNTR,24.5,24.41,24.5,997500.0,,1192300.0,0,0,0,0,0,0,0,0,0,0,0,62,2026-02-04 12:52:47.753826
SPNG,25.24,24.78,24.82,5000.0,1115400.0,1436800.0,,0,0,0,0,0,0,0,0,0,0,63,2026-02-04 12:52:48.798045
SMMR,25.24,25.24,25.27,,925500.0,1107000.0,,0,0,0,0,0,0,0,0,0,0,63,2026-02-04 12:52:48.798045
ATMN,23.91,24.48,24.71,,1172800.0,1200300.0,5000.0,0,0,0,0,0,0,0,0,0,0,63,2026-02-04 12:52:48.798045
WNTR,24.35,24.32,24.35,,1020800.0,1320900.0,5000.0,0,0,0,0,0,0,0,0,0,0,63,2026-02-04 12:52:48.798045
SPNG,25.61,25.36,25.61,5000.0,1210500.0,1403000.0,,0,0,0,0,0,0,0,0,0,0,64,2026-02-04 12:52:49.835120
SMMR,25.16,24.76,24.96,,973600.0,1298800.0,5000.0,0,0,0,0,0,0,0,0,0,0,64,2026-02-04 12:52:49.835120
ATMN,24.48,23.91,24.06,,1070000.0,1514500.0,5000.0,0,0,0,0,0,0,0,0,0,0,64,2026-02-04 12:52:49.835120
WNTR,24.35,24.38,24.5,,1286100.0,1321000.0,,0,0,0,0,0,0,0,0,0,0,64,2026-02-04 12:52:49.835120
SPNG,25.48,25.36,25.48,5000.0,1350400.0,1533300.0,,0,0,0,0,0,0,0,0,0,0,65,2026-02-04 12:52:50.878319
SMMR,25.16,24.91,24.92,,1305400.0,1298800.0,5000.0,0,0,0,0,0,0,0,0,0,0,65,2026-02-04 12:52:50.878319
ATMN,23.91,24.06,24.49,,1167000.0,1504200.0,5000.0,0,0,0,0,0,0,0,0,0,0,65,2026-02-04 12:52:50.878319
WNTR,24.26,24.42,24.47,,1161900.0,1321000.0,5000.0,0,0,0,0,0,0,0,0,0,0,65,2026-02-04 12:52:50.878319
SPNG,25.34,25.6,25.61,5000.0,1350400.0,1630200.0,,0,0,0,0,0,0,0,0,0,0,66,2026-02-04 12:52:51.909869
SMMR,25.27,25.07,25.27,,1519000.0,1211500.0,,0,0,0,0,0,0,0,0,0,0,66,2026-02-04 12:52:51.909869
ATMN,24.57,24.23,24.45,,1298800.0,1626400.0,5000.0,0,0,0,0,0,0,0,0,0,0,66,2026-02-04 12:52:51.909869
WNTR,24.64,24.44,24.54,5000.0,1161900.0,1058800.0,,0,0,0,0,0,0,0,0,0,0,66,2026-02-04 12:52:51.909869
SPNG,25.63,24.04,25.56,1122400.0,5000.0,1591800.0,0,0,0,0,0,0,0,0,0,0,0,67,2026-02-04 12:52:52.947092
SMMR,25.27,25.07,25.13,1733600.0,5000.0,1306700.0,0,0,0,0,0,0,0,0,0,0,0,67,2026-02-04 12:52:52.947092
ATMN,24.75,23.91,24.71,1070000.0,5000.0,1530300.0,0,0,0,0,0,0,0,0,0,0,0,67,2026-02-04 12:52:52.947092
WNTR,24.42,24.42,24.54,1161900.0,,1182000.0,0,0,0,0,0,0,0,0,0,0,0,67,2026-02-04 12:52:52.947092
SPNG,25.63,25.01,25.51,1478800.0,5000.0,1591800.0,,0,0,0,0,0,0,0,0,0,0,68,2026-02-04 12:52:53.488872
SMMR,25.27,25.07,25.13,2069800.0,5000.0,1306700.0,,0,0,0,0,0,0,0,0,0,0,68,2026-02-04 12:52:53.488872
ATMN,24.38,24.38,24.48,1188500.0,5000.0,1641900.0,,0,0,0,0,0,0,0,0,0,0,68,2026-02-04 12:52:53.488872
WNTR,24.63,24.46,24.54,1161900.0,,1269000.0,5000.0,0,0,0,0,0,0,0,0,0,0,68,2026-02-04 12:52:53.488872
SPNG,25.55,25.14,25.33,1571800.0,1796700.0,5000.0,0,0,0,0,0,0,0,0,0,0,0,69,2026-02-04 12:52:54.578162
SMMR,25.27,25.11,25.25,2299900.0,1211500.0,5000.0,0,0,0,0,0,0,0,0,0,0,0,69,2026-02-04 12:52:54.578162
ATMN,24.43,24.4,24.43,1427400.0,1760800.0,5000.0,0,0,0,0,0,0,0,0,0,0,0,69,2026-02-04 12:52:54.578162
WNTR,24.42,24.26,24.33,1053100.0,1021500.0,,0,0,0,0,0,0,0,0,0,0,0,69,2026-02-04 12:52:54.578162
SPNG,25.33,25.36,25.54,1681800.0,5000.0,1894300.0,,0,0,0,0,0,0,0,0,0,0,70,2026-02-04 12:52:55.630915
SMMR,25.35,25.16,25.33,2168100.0,,1179700.0,5000.0,0,0,0,0,0,0,0,0,0,0,70,2026-02-04 12:52:55.630915
ATMN,24.48,24.4,24.48,1539500.0,,1641900.0,,0,0,0,0,0,0,0,0,0,0,70,2026-02-04 12:52:55.630915
WNTR,24.33,24.41,24.67,1460700.0,,907000.0,5000.0,0,0,0,0,0,0,0,0,0,0,70,2026-02-04 12:52:55.630915
SPNG,25.51,25.56,25.63,5000.0,1662500.0,2046800.0,0,0,0,0,0,0,0,0,0,0,0,71,2026-02-04 12:52:56.666439
SMMR,25.07,25.07,25.33,,1957600.0,1179700.0,0,0,0,0,0,0,0,0,0,0,0,71,2026-02-04 12:52:56.666439
ATMN,24.56,24.4,24.42,,1539500.0,1866900.0,0,0,0,0,0,0,0,0,0,0,0,71,2026-02-04 12:52:56.666439
WNTR,24.67,24.69,24.72,5000.0,1703100.0,1049000.0,0,0,0,0,0,0,0,0,0,0,0,71,2026-02-04 12:52:56.666439
SPNG,25.51,25.56,25.63,5000.0,1662500.0,2063700.0,,0,0,0,0,0,0,0,0,0,0,72,2026-02-04 12:52:57.726679
SMMR,25.27,25.27,25.31,,2069700.0,1279500.0,5000.0,0,0,0,0,0,0,0,0,0,0,72,2026-02-04 12:52:57.726679
ATMN,23.91,23.91,24.38,,1070000.0,1986100.0,5000.0,0,0,0,0,0,0,0,0,0,0,72,2026-02-04 12:52:57.726679
WNTR,24.72,24.45,24.72,5000.0,1597700.0,1049000.0,,0,0,0,0,0,0,0,0,0,0,72,2026-02-04 12:52:57.726679
SPNG,25.51,25.56,25.63,5000.0,1662500.0,2134300.0,,0,0,0,0,0,0,0,0,0,0,73,2026-02-04 12:52:58.762691
SMMR,25.03,25.03,25.14,,1839200.0,1465200.0,5000.0,0,0,0,0,0,0,0,0,0,0,73,2026-02-04 12:52:58.762691
ATMN,24.35,24.4,24.42,,1503500.0,1986100.0,,0,0,0,0,0,0,0,0,0,0,73,2026-02-04 12:52:58.762691
WNTR,24.72,24.45,24.65,5000.0,1597700.0,1569500.0,,0,0,0,0,0,0,0,0,0,0,73,2026-02-04 12:52:58.762691
SPNG,25.54,25.14,25.41,1571800.0,5000.0,2022700.0,,0,0,0,0,0,0,0,0,0,0,74,2026-02-04 12:52:59.795437
SMMR,25.14,25.24,25.29,1946700.0,,1476400.0,5000.0,0,0,0,0,0,0,0,0,0,0,74,2026-02-04 12:52:59.795437
ATMN,24.49,24.4,24.49,1503500.0,,2129800.0,,0,0,0,0,0,0,0,0,0,0,74,2026-02-04 12:52:59.795437
WNTR,24.65,24.56,24.65,1717600.0,,1569500.0,5000.0,0,0,0,0,0,0,0,0,0,0,74,2026-02-04 12:52:59.795437
SPNG,25.54,25.37,25.38,1686200.0,5000.0,2019600.0,,0,0,0,0,0,0,0,0,0,0,75,2026-02-04 12:53:00.824009
SMMR,25.31,25.27,25.31,2167700.0,,1372800.0,5000.0,0,0,0,0,0,0,0,0,0,0,75,2026-02-04 12:53:00.824009
ATMN,24.05,24.46,24.49,1289400.0,,2174100.0,5000.0,0,0,0,0,0,0,0,0,0,0,75,2026-02-04 12:53:00.824009
WNTR,24.61,24.41,24.6,1460700.0,,1786900.0,5000.0,0,0,0,0,0,0,0,0,0,0,75,2026-02-04 12:53:00.824009
SPNG,25.37,25.37,25.38,1816300.0,5000.0,2051800.0,,0,0,0,0,0,0,0,0,0,0,76,2026-02-04 12:53:01.861519
SMMR,25.25,25.25,25.29,2167700.0,5000.0,1601400.0,,0,0,0,0,0,0,0,0,0,0,76,2026-02-04 12:53:01.861519
ATMN,24.05,24.46,24.49,1390900.0,,2220700.0,5000.0,0,0,0,0,0,0,0,0,0,0,76,2026-02-04 12:53:01.861519
WNTR,24.61,24.48,24.57,1714200.0,,1914900.0,5000.0,0,0,0,0,0,0,0,0,0,0,76,2026-02-04 12:53:01.861519
SPNG,25.41,24.5,25.41,1617700.0,5000.0,2148700.0,0,0,0,0,0,0,0,0,0,0,0,77,2026-02-04 12:53:02.899248
SMMR,25.33,25.24,25.33,2136000.0,,1508100.0,0,0,0,0,0,0,0,0,0,0,0,77,2026-02-04 12:53:02.899248
ATMN,24.46,24.05,24.07,1489900.0,,2193500.0,0,0,0,0,0,0,0,0,0,0,0,77,2026-02-04 12:53:02.899248
WNTR,24.55,24.55,24.6,1828100.0,5000.0,1786900.0,0,0,0,0,0,0,0,0,0,0,0,77,2026-02-04 12:53:02.899248
SPNG,24.31,24.31,25.41,1371400.0,2148700.0,,,0,0,0,0,0,0,0,0,0,0,78,2026-02-04 12:53:03.930347
SMMR,25.33,25.14,25.33,2028500.0,1629100.0,5000.0,,0,0,0,0,0,0,0,0,0,0,78,2026-02-04 12:53:03.930347
ATMN,24.07,24.36,24.46,1608600.0,2131500.0,,5000.0,0,0,0,0,0,0,0,0,0,0,78,2026-02-04 12:53:03.930347
WNTR,24.6,24.55,24.6,1947100.0,2023000.0,5000.0,,0,0,0,0,0,0,0,0,0,0,78,2026-02-04 12:53:03.930347
SPNG,25.61,25.22,25.61,5000.0,1491000.0,2159100.0,,0,0,0,0,0,0,0,0,0,0,79,2026-02-04 12:53:04.968459
SMMR,25.12,25.09,25.12,5000.0,2142000.0,1724100.0,,0,0,0,0,0,0,0,0,0,0,79,2026-02-04 12:53:04.968459
ATMN,24.36,24.36,24.46,,1608600.0,2137500.0,5000.0,0,0,0,0,0,0,0,0,0,0,79,2026-02-04 12:53:04.968459
WNTR,24.48,24.48,24.66,5000.0,1714200.0,1784000.0,,0,0,0,0,0,0,0,0,0,0,79,2026-02-04 12:53:04.968459
SPNG,25.61,25.22,25.49,5000.0,1491000.0,2188400.0,0,0,0,0,0,0,0,0,0,0,0,80,2026-02-04 12:53:06.007539
SMMR,25.34,25.19,25.23,5000.0,2079100.0,1621000.0,0,0,0,0,0,0,0,0,0,0,0,80,2026-02-04 12:53:06.007539
ATMN,24.42,24.36,24.42,,1608600.0,2240500.0,0,0,0,0,0,0,0,0,0,0,0,80,2026-02-04 12:53:06.007539
WNTR,24.42,24.42,24.44,5000.0,1598600.0,2014200.0,0,0,0,0,0,0,0,0,0,0,0,80,2026-02-04 12:53:06.007539
SPNG,25.49,25.42,25.49,1600800.0,5000.0,2185100.0,0,0,0,0,0,0,0,0,0,0,0,81,2026-02-04 12:53:07.048458
SMMR,25.36,25.09,25.36,2102100.0,5000.0,1545000.0,0,0,0,0,0,0,0,0,0,0,0,81,2026-02-04 12:53:07.048458
ATMN,24.49,24.41,24.49,1739500.0,5000.0,2257800.0,0,0,0,0,0,0,0,0,0,0,0,81,2026-02-04 12:53:07.048458
WNTR,24.46,24.48,24.66,1712400.0,5000.0,1923800.0,0,0,0,0,0,0,0,0,0,0,0,81,2026-02-04 12:53:07.048458
SPNG,25.49,25.44,25.49,5000.0,1600800.0,2228100.0,0,0,0,0,0,0,0,0,0,0,0,82,2026-02-04 12:53:07.594327
SMMR,25.36,25.15,25.36,5000.0,2082400.0,1545000.0,0,0,0,0,0,0,0,0,0,0,0,82,2026-02-04 12:53:07.594327
ATMN,24.5,24.24,24.5,5000.0,1620800.0,2245200.0,0,0,0,0,0,0,0,0,0,0,0,82,2026-02-04 12:53:07.594327
WNTR,24.46,24.59,24.66,5000.0,1714300.0,1923800.0,0,0,0,0,0,0,0,0,0,0,0,82,2026-02-04 12:53:07.594327
SPNG,24.31,24.31,25.46,1647500.0,5000.0,2107300.0,,0,0,0,0,0,0,0,0,0,0,83,2026-02-04 12:53:08.646607
SMMR,25.15,25.15,25.31,2082400.0,,1664500.0,5000.0,0,0,0,0,0,0,0,0,0,0,83,2026-02-04 12:53:08.646607
ATMN,24.53,24.3,24.53,1720900.0,,2199900.0,5000.0,0,0,0,0,0,0,0,0,0,0,83,2026-02-04 12:53:08.646607
WNTR,24.46,24.59,24.62,1851600.0,,2157600.0,5000.0,0,0,0,0,0,0,0,0,0,0,83,2026-02-04 12:53:08.646607
SPNG,25.2,25.07,25.2,1867300.0,2228100.0,,0,0,0,0,0,0,0,0,0,0,0,84,2026-02-04 12:53:09.690134
SMMR,25.03,25.03,25.31,2237200.0,1664500.0,,0,0,0,0,0,0,0,0,0,0,0,84,2026-02-04 12:53:09.690134
ATMN,24.46,24.33,24.46,1720900.0,2199900.0,5000.0,0,0,0,0,0,0,0,0,0,0,0,84,2026-02-04 12:53:09.690134
WNTR,24.46,24.59,24.62,1842100.0,2392900.0,5000.0,0,0,0,0,0,0,0,0,0,0,0,84,2026-02-04 12:53:09.690134
SPNG,25.2,25.27,25.49,5000.0,1867300.0,2203600.0,0,0,0,0,0,0,0,0,0,0,0,85,2026-02-04 12:53:10.768723
SMMR,25.31,25.26,25.31,,2237200.0,1643200.0,0,0,0,0,0,0,0,0,0,0,0,85,2026-02-04 12:53:10.768723
ATMN,24.36,24.33,24.36,5000.0,1840800.0,2260700.0,0,0,0,0,0,0,0,0,0,0,0,85,2026-02-04 12:53:10.768723
WNTR,24.41,24.41,24.66,5000.0,1566900.0,2273000.0,0,0,0,0,0,0,0,0,0,0,0,85,2026-02-04 12:53:10.768723
SPNG,25.46,25.48,25.49,1878000.0,2219000.0,,0,0,0,0,0,0,0,0,0,0,0,86,2026-02-04 12:53:11.804188
SMMR,25.36,25.26,25.36,2237200.0,1584800.0,,0,0,0,0,0,0,0,0,0,0,0,86,2026-02-04 12:53:11.804188
ATMN,24.36,24.36,24.53,1932800.0,2284200.0,5000.0,0,0,0,0,0,0,0,0,0,0,0,86,2026-02-04 12:53:11.804188
WNTR,24.45,24.41,24.45,1838500.0,2410500.0,5000.0,0,0,0,0,0,0,0,0,0,0,0,86,2026-02-04 12:53:11.804188
SPNG,25.46,25.48,25.49,1878000.0,5000.0,2246700.0,,0,0,0,0,0,0,0,0,0,0,87,2026-02-04 12:53:12.842578
SMMR,25.34,25.34,25.38,2077900.0,5000.0,1473200.0,,0,0,0,0,0,0,0,0,0,0,87,2026-02-04 12:53:12.842578
ATMN,24.53,24.21,24.46,1840800.0,,2159800.0,5000.0,0,0,0,0,0,0,0,0,0,0,87,2026-02-04 12:53:12.842578
WNTR,24.66,24.42,24.66,1976600.0,5000.0,2245000.0,,0,0,0,0,0,0,0,0,0,0,87,2026-02-04 12:53:12.842578
SPNG,25.48,25.48,25.49,1878000.0,5000.0,2244900.0,,0,0,0,0,0,0,0,0,0,0,88,2026-02-04 12:53:13.882287
SMMR,25.38,25.03,25.17,2235700.0,,1473200.0,5000.0,0,0,0,0,0,0,0,0,0,0,88,2026-02-04 12:53:13.882287
ATMN,24.54,24.4,24.42,1861300.0,,2160100.0,5000.0,0,0,0,0,0,0,0,0,0,0,88,2026-02-04 12:53:13.882287
WNTR,24.67,24.42,24.45,2111700.0,5000.0,2273500.0,,0,0,0,0,0,0,0,0,0,0,88,2026-02-04 12:53:13.882287
SPNG,25.19,25.07,25.19,1896600.0,2223000.0,,,0,0,0,0,0,0,0,0,0,0,89,2026-02-04 12:53:14.913492
SMMR,25.38,25.16,25.17,2193300.0,1575100.0,5000.0,,0,0,0,0,0,0,0,0,0,0,89,2026-02-04 12:53:14.913492
ATMN,24.4,24.4,24.47,1953200.0,2152700.0,5000.0,,0,0,0,0,0,0,0,0,0,0,89,2026-02-04 12:53:14.913492
WNTR,24.45,24.42,24.45,2330500.0,2273500.0,,5000.0,0,0,0,0,0,0,0,0,0,0,89,2026-02-04 12:53:14.913492
SPNG,25.55,25.09,25.55,5000.0,1989300.0,2240400.0,,0,0,0,0,0,0,0,0,0,0,90,2026-02-04 12:53:15.937612
SMMR,25.15,25.15,25.36,,2211700.0,1575100.0,5000.0,0,0,0,0,0,0,0,0,0,0,90,2026-02-04 12:53:15.937612
ATMN,24.42,24.4,24.41,,2079000.0,2176600.0,5000.0,0,0,0,0,0,0,0,0,0,0,90,2026-02-04 12:53:15.937612
WNTR,24.45,24.5,24.67,5000.0,2343300.0,2251000.0,,0,0,0,0,0,0,0,0,0,0,90,2026-02-04 12:53:15.937612
SPNG,25.07,25.07,25.63,1989300.0,2227200.0,,0,0,0,0,0,0,0,0,0,0,0,91,2026-02-04 12:53:16.973713
SMMR,25.4,25.33,25.4,2150900.0,1470600.0,,0,0,0,0,0,0,0,0,0,0,0,91,2026-02-04 12:53:16.973713
ATMN,24.42,24.44,24.47,2280300.0,2251600.0,,0,0,0,0,0,0,0,0,0,0,0,91,2026-02-04 12:53:16.973713
WNTR,24.54,24.5,24.54,2343300.0,2388800.0,5000.0,0,0,0,0,0,0,0,0,0,0,0,91,2026-02-04 12:53:16.973713
SPNG,24.9,24.94,25.6,1996500.0,5000.0,2114900.0,,0,0,0,0,0,0,0,0,0,0,92,2026-02-04 12:53:18.006039
SMMR,25.03,25.03,25.38,2235700.0,5000.0,1470600.0,,0,0,0,0,0,0,0,0,0,0,92,2026-02-04 12:53:18.006039
ATMN,24.37,24.37,24.47,2298700.0,,2232900.0,,0,0,0,0,0,0,0,0,0,0,92,2026-02-04 12:53:18.006039
WNTR,24.45,24.45,24.54,2359800.0,,2388500.0,5000.0,0,0,0,0,0,0,0,0,0,0,92,2026-02-04 12:53:18.006039
SPNG,24.9,25.36,25.54,2110400.0,5000.0,2106500.0,,0,0,0,0,0,0,0,0,0,0,93,2026-02-04 12:53:19.035021
SMMR,25.34,25.03,25.22,2235700.0,5000.0,1589100.0,,0,0,0,0,0,0,0,0,0,0,93,2026-02-04 12:53:19.035021
ATMN,24.33,24.4,24.61,2205800.0,,2220800.0,5000.0,0,0,0,0,0,0,0,0,0,0,93,2026-02-04 12:53:19.035021
WNTR,24.39,24.39,24.53,2056900.0,,2416200.0,5000.0,0,0,0,0,0,0,0,0,0,0,93,2026-02-04 12:53:19.035021
SPNG,25.36,25.36,25.51,2110400.0,5000.0,2106500.0,,0,0,0,0,0,0,0,0,0,0,94,2026-02-04 12:53:20.066712
SMMR,25.05,25.03,25.05,2235700.0,,1597700.0,,0,0,0,0,0,0,0,0,0,0,94,2026-02-04 12:53:20.066712
ATMN,24.33,24.6,24.61,2171200.0,,2241300.0,5000.0,0,0,0,0,0,0,0,0,0,0,94,2026-02-04 12:53:20.066712
WNTR,24.39,24.52,24.53,2312000.0,,2435600.0,5000.0,0,0,0,0,0,0,0,0,0,0,94,2026-02-04 12:53:20.066712
SPNG,25.36,24.94,25.3,2228100.0,2253800.0,,0,0,0,0,0,0,0,0,0,0,0,95,2026-02-04 12:53:21.093923
SMMR,25.05,25.21,25.4,2159100.0,1470600.0,,0,0,0,0,0,0,0,0,0,0,0,95,2026-02-04 12:53:21.093923
ATMN,24.33,24.6,24.61,2171200.0,2274100.0,5000.0,0,0,0,0,0,0,0,0,0,0,0,95,2026-02-04 12:53:21.093923
WNTR,24.52,24.52,24.53,2321700.0,2435600.0,5000.0,0,0,0,0,0,0,0,0,0,0,0,95,2026-02-04 12:53:21.093923
SPNG,25.6,25.25,25.6,2351500.0,5000.0,2230900.0,0,0,0,0,0,0,0,0,0,0,0,96,2026-02-04 12:53:22.126640
SMMR,25.21,25.21,25.4,2159100.0,,1470600.0,0,0,0,0,0,0,0,0,0,0,0,96,2026-02-04 12:53:22.126640
ATMN,24.33,24.36,24.57,2205800.0,5000.0,2264700.0,0,0,0,0,0,0,0,0,0,0,0,96,2026-02-04 12:53:22.126640
WNTR,24.52,24.52,24.53,2321700.0,5000.0,2435600.0,0,0,0,0,0,0,0,0,0,0,0,96,2026-02-04 12:53:22.126640
SPNG,25.6,25.27,25.3,5000.0,2351500.0,2200700.0,,0,0,0,0,0,0,0,0,0,0,97,2026-02-04 12:53:22.665516
SMMR,25.21,25.21,25.38,,2159100.0,1663000.0,5000.0,0,0,0,0,0,0,0,0,0,0,97,2026-02-04 12:53:22.665516
ATMN,24.33,24.03,24.15,,2191400.0,2266700.0,,0,0,0,0,0,0,0,0,0,0,97,2026-02-04 12:53:22.665516
WNTR,24.51,24.51,24.53,5000.0,2305100.0,2435600.0,,0,0,0,0,0,0,0,0,0,0,97,2026-02-04 12:53:22.665516
SPNG,25.25,25.25,25.3,2601900.0,2200700.0,,,0,0,0,0,0,0,0,0,0,0,98,2026-02-04 12:53:23.706759
SMMR,25.21,25.18,25.2,2130200.0,1766100.0,5000.0,,0,0,0,0,0,0,0,0,0,0,98,2026-02-04 12:53:23.706759
ATMN,24.15,24.16,24.57,2288600.0,2264700.0,,,0,0,0,0,0,0,0,0,0,0,98,2026-02-04 12:53:23.706759
WNTR,24.47,24.47,24.54,2332600.0,2401000.0,,5000.0,0,0,0,0,0,0,0,0,0,0,98,2026-02-04 12:53:23.706759
SPNG,25.14,25.14,25.6,2579000.0,2230900.0,,0,0,0,0,0,0,0,0,0,0,0,99,2026-02-04 12:53:24.740860
SMMR,25.21,25.24,25.4,1981100.0,1768200.0,5000.0,0,0,0,0,0,0,0,0,0,0,0,99,2026-02-04 12:53:24.740860
ATMN,24.57,24.28,24.57,2282900.0,2264700.0,,0,0,0,0,0,0,0,0,0,0,0,99,2026-02-04 12:53:24.740860
WNTR,24.52,24.52,24.54,2316400.0,2426700.0,5000.0,0,0,0,0,0,0,0,0,0,0,0,99,2026-02-04 12:53:24.740860
SPNG,25.14,25.52,25.55,2498900.0,5000.0,2099800.0,,0,0,0,0,0,0,0,0,0,0,100,2026-02-04 12:53:25.772347
SMMR,25.4,25.21,25.38,2106000.0,5000.0,1774700.0,,0,0,0,0,0,0,0,0,0,0,100,2026-02-04 12:53:25.772347
ATMN,24.6,24.28,24.39,2282900.0,,2260400.0,,0,0,0,0,0,0,0,0,0,0,100,2026-02-04 12:53:25.772347
WNTR,24.57,24.52,24.57,2316400.0,,2421600.0,5000.0,0,0,0,0,0,0,0,0,0,0,100,2026-02-04 12:53:25.772347
SPNG,24.94,24.94,25.5,2610600.0,5000.0,2099800.0,,0,0,0,0,0,0,0,0,0,0,101,2026-02-04 12:53:26.809669
SMMR,25.19,25.19,25.2,2139500.0,,1895700.0,,0,0,0,0,0,0,0,0,0,0,101,2026-02-04 12:53:26.809669
ATMN,24.06,24.44,24.61,2317300.0,,2256900.0,,0,0,0,0,0,0,0,0,0,0,101,2026-02-04 12:53:26.809669
WNTR,24.62,24.52,24.62,2331500.0,,2379800.0,5000.0,0,0,0,0,0,0,0,0,0,0,101,2026-02-04 12:53:26.809669
SPNG,24.94,24.96,25.45,2571800.0,5000.0,2094700.0,,0,0,0,0,0,0,0,0,0,0,102,2026-02-04 12:53:27.837783
SMMR,25.2,25.19,25.2,2029000.0,,1895700.0,5000.0,0,0,0,0,0,0,0,0,0,0,102,2026-02-04 12:53:27.837783
ATMN,24.63,24.44,24.59,2274400.0,5000.0,2187900.0,,0,0,0,0,0,0,0,0,0,0,102,2026-02-04 12:53:27.837783
WNTR,24.52,24.52,24.64,2324400.0,,2390700.0,5000.0,0,0,0,0,0,0,0,0,0,0,102,2026-02-04 12:53:27.837783
SPNG,24.94,25.22,25.39,2515900.0,5000.0,2094700.0,,0,0,0,0,0,0,0,0,0,0,103,2026-02-04 12:53:28.899409
SMMR,25.34,25.34,25.46,2149500.0,,1740600.0,,0,0,0,0,0,0,0,0,0,0,103,2026-02-04 12:53:28.899409
ATMN,24.65,24.47,24.65,2155000.0,,2276600.0,5000.0,0,0,0,0,0,0,0,0,0,0,103,2026-02-04 12:53:28.899409
WNTR,24.52,24.63,24.64,2383300.0,,2427500.0,5000.0,0,0,0,0,0,0,0,0,0,0,103,2026-02-04 12:53:28.899409
SPNG,25.22,25.22,25.63,2515900.0,2246700.0,,,0,0,0,0,0,0,0,0,0,0,104,2026-02-04 12:53:29.934041
SMMR,25.08,25.35,25.44,2102100.0,1854300.0,5000.0,,0,0,0,0,0,0,0,0,0,0,104,2026-02-04 12:53:29.934041
ATMN,24.69,24.5,24.69,2155000.0,2290100.0,,5000.0,0,0,0,0,0,0,0,0,0,0,104,2026-02-04 12:53:29.934041
WNTR,24.63,24.63,24.64,2383300.0,2417900.0,,5000.0,0,0,0,0,0,0,0,0,0,0,104,2026-02-04 12:53:29.934041
SPNG,25.66,25.3,25.66,5000.0,2385300.0,2215400.0,0,0,0,0,0,0,0,0,0,0,0,105,2026-02-04 12:53:30.972227
SMMR,25.37,25.18,25.35,,2103200.0,1871000.0,0,0,0,0,0,0,0,0,0,0,0,105,2026-02-04 12:53:30.972227
ATMN,24.16,24.19,24.69,5000.0,2148800.0,2290100.0,0,0,0,0,0,0,0,0,0,0,0,105,2026-02-04 12:53:30.972227
WNTR,24.64,24.63,24.64,5000.0,2399600.0,2417900.0,0,0,0,0,0,0,0,0,0,0,0,105,2026-02-04 12:53:30.972227
SPNG,25.65,24.99,25.42,2554000.0,2081100.0,5000.0,,0,0,0,0,0,0,0,0,0,0,106,2026-02-04 12:53:32.004680
SMMR,25.37,25.28,25.33,2122800.0,2008700.0,5000.0,,0,0,0,0,0,0,0,0,0,0,106,2026-02-04 12:53:32.004680
ATMN,24.71,24.19,24.71,2148800.0,2246200.0,,5000.0,0,0,0,0,0,0,0,0,0,0,106,2026-02-04 12:53:32.004680
WNTR,24.66,24.65,24.66,2427500.0,2388000.0,,5000.0,0,0,0,0,0,0,0,0,0,0,106,2026-02-04 12:53:32.004680
SPNG,25.42,25.48,25.66,5000.0,2344600.0,2215400.0,,0,0,0,0,0,0,0,0,0,0,107,2026-02-04 12:53:33.036255
SMMR,25.37,25.28,25.33,,2108800.0,2030100.0,5000.0,0,0,0,0,0,0,0,0,0,0,107,2026-02-04 12:53:33.036255
ATMN,24.06,24.18,24.71,,2260600.0,2251900.0,,0,0,0,0,0,0,0,0,0,0,107,2026-02-04 12:53:33.036255
WNTR,24.63,24.63,24.67,5000.0,2401800.0,2332000.0,,0,0,0,0,0,0,0,0,0,0,107,2026-02-04 12:53:33.036255
SPNG,25.46,25.2,25.4,2492600.0,5000.0,2090800.0,0,0,0,0,0,0,0,0,0,0,0,108,2026-02-04 12:53:34.069805
SMMR,25.37,25.3,25.33,2074900.0,5000.0,2047100.0,0,0,0,0,0,0,0,0,0,0,0,108,2026-02-04 12:53:34.069805
ATMN,24.72,24.54,24.63,2227200.0,5000.0,2123100.0,0,0,0,0,0,0,0,0,0,0,0,108,2026-02-04 12:53:34.069805
WNTR,24.7,24.65,24.7,2523600.0,,2394600.0,0,0,0,0,0,0,0,0,0,0,0,108,2026-02-04 12:53:34.069805
SPNG,25.66,25.05,25.66,2490600.0,2215400.0,,0,0,0,0,0,0,0,0,0,0,0,109,2026-02-04 12:53:35.101122
SMMR,25.37,25.3,25.33,2069100.0,2050100.0,5000.0,0,0,0,0,0,0,0,0,0,0,0,109,2026-02-04 12:53:35.101122
ATMN,24.74,24.48,24.7,2240700.0,2115700.0,5000.0,0,0,0,0,0,0,0,0,0,0,0,109,2026-02-04 12:53:35.101122
WNTR,24.72,24.69,24.72,2531100.0,2372300.0,,0,0,0,0,0,0,0,0,0,0,0,109,2026-02-04 12:53:35.101122
SPNG,25.36,25.05,25.36,2461600.0,2196400.0,0,0,0,0,0,0,0,0,0,0,0,0,110,2026-02-04 12:53:36.130453
SMMR,25.33,25.33,25.35,2073500.0,2149900.0,0,0,0,0,0,0,0,0,0,0,0,0,110,2026-02-04 12:53:36.130453
ATMN,24.21,24.68,24.74,2244900.0,2238300.0,0,0,0,0,0,0,0,0,0,0,0,0,110,2026-02-04 12:53:36.130453
WNTR,24.65,24.65,24.72,2534100.0,2355500.0,0,0,0,0,0,0,0,0,0,0,0,0,110,2026-02-04 12:53:36.130453
SPNG,25.05,25.29,25.62,2317200.0,5000.0,2198400.0,0,0,0,0,0,0,0,0,0,0,0,111,2026-02-04 12:53:37.172431
SMMR,25.35,25.33,25.35,2073500.0,,2146200.0,0,0,0,0,0,0,0,0,0,0,0,111,2026-02-04 12:53:37.172431
ATMN,24.31,24.31,24.75,2236200.0,,2256600.0,0,0,0,0,0,0,0,0,0,0,0,111,2026-02-04 12:53:37.172431
WNTR,24.65,24.65,24.72,2481100.0,,2386700.0,0,0,0,0,0,0,0,0,0,0,0,111,2026-02-04 12:53:37.172431
SPNG,25.29,25.31,25.54,5000.0,2317200.0,2217200.0,,0,0,0,0,0,0,0,0,0,0,112,2026-02-04 12:53:38.208161
SMMR,25.33,25.3,25.31,,2073900.0,2078100.0,5000.0,0,0,0,0,0,0,0,0,0,0,112,2026-02-04 12:53:38.208161
ATMN,24.35,24.34,24.35,5000.0,2149700.0,2256500.0,,0,0,0,0,0,0,0,0,0,0,112,2026-02-04 12:53:38.208161
WNTR,24.62,24.62,24.63,,2566600.0,2300000.0,5000.0,0,0,0,0,0,0,0,0,0,0,112,2026-02-04 12:53:38.208161
SPNG,25.54,24.99,25.54,2498100.0,2206800.0,0,0,0,0,0,0,0,0,0,0,0,0,113,2026-02-04 12:53:39.238091
SMMR,25.3,25.28,25.29,2079600.0,2203200.0,0,0,0,0,0,0,0,0,0,0,0,0,113,2026-02-04 12:53:39.238091
ATMN,24.52,24.31,24.52,2259100.0,2266300.0,0,0,0,0,0,0,0,0,0,0,0,0,113,2026-02-04 12:53:39.238091
WNTR,24.62,24.6,24.61,2591600.0,2422900.0,0,0,0,0,0,0,0,0,0,0,0,0,113,2026-02-04 12:53:39.238091
SPNG,25.54,25.01,25.23,2459100.0,5000.0,2127400.0,,0,0,0,0,0,0,0,0,0,0,114,2026-02-04 12:53:39.795503
SMMR,25.32,25.28,25.3,2112500.0,5000.0,2078100.0,,0,0,0,0,0,0,0,0,0,0,114,2026-02-04 12:53:39.795503
ATMN,24.31,24.18,24.19,2174100.0,,2263300.0,5000.0,0,0,0,0,0,0,0,0,0,0,114,2026-02-04 12:53:39.795503
WNTR,24.6,24.6,24.61,2582200.0,,2448100.0,,0,0,0,0,0,0,0,0,0,0,114,2026-02-04 12:53:39.795503
SPNG,25.26,25.15,25.26,5000.0,2251700.0,2224300.0,,0,0,0,0,0,0,0,0,0,0,115,2026-02-04 12:53:40.831018
SMMR,25.42,25.3,25.42,5000.0,2007000.0,2152600.0,,0,0,0,0,0,0,0,0,0,0,115,2026-02-04 12:53:40.831018
ATMN,24.31,24.18,24.19,5000.0,2156300.0,2263300.0,,0,0,0,0,0,0,0,0,0,0,115,2026-02-04 12:53:40.831018
WNTR,24.58,24.58,24.61,,2602300.0,2313300.0,5000.0,0,0,0,0,0,0,0,0,0,0,115,2026-02-04 12:53:40.831018
SPNG,25.26,25.17,25.26,5000.0,2211200.0,2224300.0,0,0,0,0,0,0,0,0,0,0,0,116,2026-02-04 12:53:41.868395
SMMR,25.28,25.28,25.42,,2116200.0,2160000.0,0,0,0,0,0,0,0,0,0,0,0,116,2026-02-04 12:53:41.868395
ATMN,24.39,24.25,24.39,5000.0,2165000.0,2268600.0,0,0,0,0,0,0,0,0,0,0,0,116,2026-02-04 12:53:41.868395
WNTR,24.55,24.56,24.57,,2565100.0,2422800.0,0,0,0,0,0,0,0,0,0,0,0,116,2026-02-04 12:53:41.868395
SPNG,25.54,25.17,25.54,5000.0,2218900.0,2206800.0,,0,0,0,0,0,0,0,0,0,0,117,2026-02-04 12:53:42.907798
SMMR,25.24,25.24,25.4,,2066800.0,2062500.0,5000.0,0,0,0,0,0,0,0,0,0,0,117,2026-02-04 12:53:42.907798
ATMN,24.39,24.25,24.39,5000.0,2179200.0,2269900.0,,0,0,0,0,0,0,0,0,0,0,117,2026-02-04 12:53:42.907798
WNTR,24.61,24.55,24.61,5000.0,2426600.0,2463700.0,,0,0,0,0,0,0,0,0,0,0,117,2026-02-04 12:53:42.907798
SPNG,25.36,25.36,25.62,2204700.0,5000.0,2211100.0,,0,0,0,0,0,0,0,0,0,0,118,2026-02-04 12:53:43.941203
SMMR,25.24,25.24,25.3,2065200.0,,2079100.0,5000.0,0,0,0,0,0,0,0,0,0,0,118,2026-02-04 12:53:43.941203
ATMN,24.18,24.15,24.16,2281800.0,,2266000.0,,0,0,0,0,0,0,0,0,0,0,118,2026-02-04 12:53:43.941203
WNTR,24.53,24.53,24.59,2561200.0,,2331600.0,5000.0,0,0,0,0,0,0,0,0,0,0,118,2026-02-04 12:53:43.941203
SPNG,25.5,25.13,25.5,2334500.0,2189200.0,0,0,0,0,0,0,0,0,0,0,0,0,119,2026-02-04 12:53:44.976584
SMMR,25.24,25.29,25.32,2030600.0,2169000.0,0,0,0,0,0,0,0,0,0,0,0,0,119,2026-02-04 12:53:44.976584
ATMN,24.36,24.36,24.39,2293400.0,2269900.0,0,0,0,0,0,0,0,0,0,0,0,0,119,2026-02-04 12:53:44.976584
WNTR,24.64,24.6,24.64,2546300.0,2428700.0,0,0,0,0,0,0,0,0,0,0,0,0,119,2026-02-04 12:53:44.976584
SPNG,25.11,24.64,0.0,200000.0,,0,0,0,0,0,0,0,0,0,0,0,0,120,2026-02-04 12:53:46.008425
SMMR,25.42,25.99,0.0,200000.0,,0,0,0,0,0,0,0,0,0,0,0,0,120,2026-02-04 12:53:46.008425
ATMN,24.52,23.58,23.92,1038400.0,838700.0,0,0,0,0,0,0,0,0,0,0,0,0,120,2026-02-04 12:53:46.008425
WNTR,23.17,23.17,23.28,993300.0,997100.0,0,0,0,0,0,0,0,0,0,0,0,0,120,2026-02-04 12:53:46.008425
SPNG,24.54,24.56,25.29,5000.0,1070200.0,844100.0,,0,0,0,0,0,0,0,0,0,0,121,2026-02-04 12:53:47.062589
SMMR,25.99,25.68,25.87,,912000.0,931100.0,5000.0,0,0,0,0,0,0,0,0,0,0,121,2026-02-04 12:53:47.062589
ATMN,23.48,23.48,23.86,,1091100.0,939100.0,5000.0,0,0,0,0,0,0,0,0,0,0,121,2026-02-04 12:53:47.062589
WNTR,23.11,23.11,23.28,,1056000.0,997100.0,,0,0,0,0,0,0,0,0,0,0,121,2026-02-04 12:53:47.062589
SPNG,24.52,24.52,24.73,1226500.0,952500.0,,0,0,0,0,0,0,0,0,0,0,0,122,2026-02-04 12:53:48.095423
SMMR,25.99,25.82,25.85,1210700.0,931100.0,5000.0,0,0,0,0,0,0,0,0,0,0,0,122,2026-02-04 12:53:48.095423
ATMN,23.63,23.63,23.71,1225200.0,1160700.0,5000.0,0,0,0,0,0,0,0,0,0,0,0,122,2026-02-04 12:53:48.095423
WNTR,23.29,23.28,23.29,1162300.0,1240000.0,,0,0,0,0,0,0,0,0,0,0,0,122,2026-02-04 12:53:48.095423
SPNG,24.73,24.54,24.73,5000.0,1382800.0,1064800.0,,0,0,0,0,0,0,0,0,0,0,123,2026-02-04 12:53:49.131200
SMMR,26.12,25.9,26.12,5000.0,1407700.0,817200.0,,0,0,0,0,0,0,0,0,0,0,123,2026-02-04 12:53:49.131200
ATMN,23.68,23.68,23.71,,1360600.0,1261300.0,5000.0,0,0,0,0,0,0,0,0,0,0,123,2026-02-04 12:53:49.131200
WNTR,22.89,23.15,23.29,,1237100.0,1240000.0,,0,0,0,0,0,0,0,0,0,0,123,2026-02-04 12:53:49.131200
SPNG,24.73,24.54,24.7,5000.0,1617100.0,1170500.0,,0,0,0,0,0,0,0,0,0,0,124,2026-02-04 12:53:50.166475
SMMR,25.9,25.92,25.98,5000.0,1525100.0,1017600.0,,0,0,0,0,0,0,0,0,0,0,124,2026-02-04 12:53:50.166475
ATMN,23.74,23.4,23.74,,1191900.0,1261300.0,,0,0,0,0,0,0,0,0,0,0,124,2026-02-04 12:53:50.166475
WNTR,23.15,23.15,23.27,,1237100.0,1240000.0,5000.0,0,0,0,0,0,0,0,0,0,0,124,2026-02-04 12:53:50.166475
SPNG,24.22,24.65,24.7,1602500.0,1394900.0,,0,0,0,0,0,0,0,0,0,0,0,125,2026-02-04 12:53:51.198464
SMMR,25.98,25.95,25.98,1722400.0,1017600.0,5000.0,0,0,0,0,0,0,0,0,0,0,0,125,2026-02-04 12:53:51.198464
ATMN,23.36,23.42,23.61,1197500.0,1489800.0,5000.0,0,0,0,0,0,0,0,0,0,0,0,125,2026-02-04 12:53:51.198464
WNTR,23.06,23.11,23.29,1235300.0,1240000.0,,0,0,0,0,0,0,0,0,0,0,0,125,2026-02-04 12:53:51.198464
SPNG,24.65,24.65,24.67,1602500.0,5000.0,1625800.0,,0,0,0,0,0,0,0,0,0,0,126,2026-02-04 12:53:52.240129
SMMR,25.98,25.95,25.98,1722400.0,,1297700.0,5000.0,0,0,0,0,0,0,0,0,0,0,126,2026-02-04 12:53:52.240129
ATMN,23.39,23.46,23.74,1334900.0,,1385200.0,,0,0,0,0,0,0,0,0,0,0,126,2026-02-04 12:53:52.240129
WNTR,23.09,23.09,23.29,1232100.0,,1354600.0,,0,0,0,0,0,0,0,0,0,0,126,2026-02-04 12:53:52.240129
SPNG,24.21,24.63,24.64,1617100.0,5000.0,1741700.0,,0,0,0,0,0,0,0,0,0,0,127,2026-02-04 12:53:53.282172
SMMR,26.01,25.95,26.01,1845000.0,,1202700.0,5000.0,0,0,0,0,0,0,0,0,0,0,127,2026-02-04 12:53:53.282172
ATMN,23.8,23.46,23.73,1334900.0,5000.0,1527600.0,,0,0,0,0,0,0,0,0,0,0,127,2026-02-04 12:53:53.282172
WNTR,23.09,23.09,23.17,1232100.0,,1623400.0,,0,0,0,0,0,0,0,0,0,0,127,2026-02-04 12:53:53.282172
SPNG,24.63,24.63,24.64,1617100.0,5000.0,1956900.0,,0,0,0,0,0,0,0,0,0,0,128,2026-02-04 12:53:54.317326
SMMR,26.06,25.95,26.06,2080900.0,,1008000.0,5000.0,0,0,0,0,0,0,0,0,0,0,128,2026-02-04 12:53:54.317326
ATMN,23.36,23.36,23.83,1197500.0,,1547000.0,,0,0,0,0,0,0,0,0,0,0,128,2026-02-04 12:53:54.317326
WNTR,23.04,22.95,23.04,1262100.0,,1727800.0,,0,0,0,0,0,0,0,0,0,0,128,2026-02-04 12:53:54.317326
SPNG,24.63,24.21,24.63,1480100.0,1938800.0,,0,0,0,0,0,0,0,0,0,0,0,129,2026-02-04 12:53:54.846463
SMMR,26.12,26.17,26.27,2058700.0,921700.0,5000.0,0,0,0,0,0,0,0,0,0,0,0,129,2026-02-04 12:53:54.846463
ATMN,23.36,23.16,23.21,1201500.0,1648300.0,,0,0,0,0,0,0,0,0,0,0,0,129,2026-02-04 12:53:54.846463
WNTR,23.09,22.95,23.08,1407700.0,1742900.0,,0,0,0,0,0,0,0,0,0,0,0,129,2026-02-04 12:53:54.846463
SPNG,24.21,24.21,24.6,1480100.0,5000.0,1982300.0,0,0,0,0,0,0,0,0,0,0,0,130,2026-02-04 12:53:55.928809
SMMR,26.17,25.99,26.11,2193300.0,5000.0,1030300.0,0,0,0,0,0,0,0,0,0,0,0,130,2026-02-04 12:53:55.928809
ATMN,23.21,23.36,23.83,1544700.0,,1666200.0,0,0,0,0,0,0,0,0,0,0,0,130,2026-02-04 12:53:55.928809
WNTR,23.39,23.03,23.06,1667700.0,5000.0,1329300.0,0,0,0,0,0,0,0,0,0,0,0,130,2026-02-04 12:53:55.928809
SPNG,24.7,24.43,24.7,5000.0,1694700.0,1960100.0,0,0,0,0,0,0,0,0,0,0,0,131,2026-02-04 12:53:56.951550
SMMR,26.13,26.24,26.27,,2176800.0,921700.0,0,0,0,0,0,0,0,0,0,0,0,131,2026-02-04 12:53:56.951550
ATMN,23.21,23.38,23.83,5000.0,1544700.0,1977000.0,0,0,0,0,0,0,0,0,0,0,0,131,2026-02-04 12:53:56.951550
WNTR,23.05,23.05,23.39,,1808700.0,1329300.0,0,0,0,0,0,0,0,0,0,0,0,131,2026-02-04 12:53:56.951550
SPNG,24.49,24.51,24.7,1797800.0,5000.0,2059900.0,,0,0,0,0,0,0,0,0,0,0,132,2026-02-04 12:53:57.983514
SMMR,25.99,25.99,26.08,2193300.0,,1158300.0,5000.0,0,0,0,0,0,0,0,0,0,0,132,2026-02-04 12:53:57.983514
ATMN,23.45,23.45,23.69,1651800.0,,2110900.0,,0,0,0,0,0,0,0,0,0,0,132,2026-02-04 12:53:57.983514
WNTR,23.45,23.15,23.45,2068200.0,5000.0,1214700.0,,0,0,0,0,0,0,0,0,0,0,132,2026-02-04 12:53:57.983514
SPNG,24.83,24.53,24.83,5000.0,1797800.0,1854200.0,,0,0,0,0,0,0,0,0,0,0,133,2026-02-04 12:53:59.024082
SMMR,25.99,25.99,26.06,,2193300.0,1560000.0,5000.0,0,0,0,0,0,0,0,0,0,0,133,2026-02-04 12:53:59.024082
ATMN,23.47,23.15,23.23,,1447800.0,2294000.0,,0,0,0,0,0,0,0,0,0,0,133,2026-02-04 12:53:59.024082
WNTR,23.45,23.19,23.2,5000.0,2185400.0,1481300.0,,0,0,0,0,0,0,0,0,0,0,133,2026-02-04 12:53:59.024082
SPNG,24.83,24.53,24.54,5000.0,1918600.0,2070300.0,,0,0,0,0,0,0,0,0,0,0,134,2026-02-04 12:54:00.055467
SMMR,25.99,26.01,26.04,,2146500.0,1754700.0,5000.0,0,0,0,0,0,0,0,0,0,0,134,2026-02-04 12:54:00.055467
ATMN,23.15,23.15,23.69,,1583900.0,2259300.0,,0,0,0,0,0,0,0,0,0,0,134,2026-02-04 12:54:00.055467
WNTR,23.27,23.24,23.27,5000.0,2293600.0,1624500.0,,0,0,0,0,0,0,0,0,0,0,134,2026-02-04 12:54:00.055467
SPNG,24.54,24.53,24.54,5000.0,2035500.0,2090900.0,0,0,0,0,0,0,0,0,0,0,0,135,2026-02-04 12:54:01.092090
SMMR,25.99,25.99,26.03,,2193300.0,1960600.0,0,0,0,0,0,0,0,0,0,0,0,135,2026-02-04 12:54:01.092090
ATMN,23.42,23.59,23.69,5000.0,1703500.0,2259300.0,0,0,0,0,0,0,0,0,0,0,0,135,2026-02-04 12:54:01.092090
WNTR,23.26,23.14,23.24,,2293600.0,2002500.0,0,0,0,0,0,0,0,0,0,0,0,135,2026-02-04 12:54:01.092090
SPNG,24.54,24.74,24.83,2261000.0,5000.0,2096800.0,0,0,0,0,0,0,0,0,0,0,0,136,2026-02-04 12:54:02.129076
SMMR,26.03,25.87,26.03,1872700.0,,1960600.0,0,0,0,0,0,0,0,0,0,0,0,136,2026-02-04 12:54:02.129076
ATMN,23.04,23.27,23.67,1719100.0,5000.0,2263900.0,0,0,0,0,0,0,0,0,0,0,0,136,2026-02-04 12:54:02.129076
WNTR,23.27,23.22,23.27,2444100.0,5000.0,1880200.0,0,0,0,0,0,0,0,0,0,0,0,136,2026-02-04 12:54:02.129076
SPNG,24.41,24.31,24.41,1938900.0,2004000.0,5000.0,,0,0,0,0,0,0,0,0,0,0,137,2026-02-04 12:54:03.185200
SMMR,26.06,25.92,26.06,2104700.0,1860600.0,,5000.0,0,0,0,0,0,0,0,0,0,0,137,2026-02-04 12:54:03.185200
ATMN,23.27,23.34,23.67,1841700.0,2263900.0,,5000.0,0,0,0,0,0,0,0,0,0,0,137,2026-02-04 12:54:03.185200
WNTR,23.2,23.15,23.16,2405900.0,2165200.0,,5000.0,0,0,0,0,0,0,0,0,0,0,137,2026-02-04 12:54:03.185200
SPNG,24.83,24.33,24.83,5000.0,2042800.0,2128700.0,,0,0,0,0,0,0,0,0,0,0,138,2026-02-04 12:54:04.232449
SMMR,25.92,25.9,25.91,,2207400.0,1951600.0,5000.0,0,0,0,0,0,0,0,0,0,0,138,2026-02-04 12:54:04.232449
ATMN,23.33,23.59,23.67,,1847100.0,2232000.0,,0,0,0,0,0,0,0,0,0,0,138,2026-02-04 12:54:04.232449
WNTR,23.16,23.2,23.25,5000.0,2511000.0,2157100.0,,0,0,0,0,0,0,0,0,0,0,138,2026-02-04 12:54:04.232449
SPNG,24.85,24.9,24.97,2176900.0,5000.0,2014500.0,,0,0,0,0,0,0,0,0,0,0,139,2026-02-04 12:54:05.278966
SMMR,25.92,25.97,26.04,2127400.0,,1860600.0,5000.0,0,0,0,0,0,0,0,0,0,0,139,2026-02-04 12:54:05.278966
ATMN,23.07,23.11,23.37,1724800.0,5000.0,2262000.0,,0,0,0,0,0,0,0,0,0,0,139,2026-02-04 12:54:05.278966
WNTR,23.14,23.14,23.23,2522700.0,,2272400.0,5000.0,0,0,0,0,0,0,0,0,0,0,139,2026-02-04 12:54:05.278966
SPNG,24.9,24.31,24.63,2042800.0,2125300.0,,,0,0,0,0,0,0,0,0,0,0,140,2026-02-04 12:54:06.321335
SMMR,26.04,26.04,26.06,2100800.0,1860600.0,,,0,0,0,0,0,0,0,0,0,0,140,2026-02-04 12:54:06.321335
ATMN,23.37,23.11,23.37,1942700.0,2262000.0,5000.0,,0,0,0,0,0,0,0,0,0,0,140,2026-02-04 12:54:06.321335
WNTR,23.21,23.21,23.27,2641800.0,2264800.0,,5000.0,0,0,0,0,0,0,0,0,0,0,140,2026-02-04 12:54:06.321335
SPNG,24.53,24.31,24.53,2179500.0,2200600.0,0,0,0,0,0,0,0,0,0,0,0,0,141,2026-02-04 12:54:07.357386
SMMR,25.97,25.97,26.06,2097200.0,1951800.0,0,0,0,0,0,0,0,0,0,0,0,0,141,2026-02-04 12:54:07.357386
ATMN,23.51,23.41,23.48,2036400.0,2254000.0,0,0,0,0,0,0,0,0,0,0,0,0,141,2026-02-04 12:54:07.357386
WNTR,23.21,23.21,23.27,2643000.0,2264800.0,0,0,0,0,0,0,0,0,0,0,0,0,141,2026-02-04 12:54:07.357386
SPNG,24.37,24.37,24.53,2299700.0,2200600.0,0,0,0,0,0,0,0,0,0,0,0,0,142,2026-02-04 12:54:07.912132
SMMR,26.05,25.97,26.03,2097200.0,1952000.0,0,0,0,0,0,0,0,0,0,0,0,0,142,2026-02-04 12:54:07.912132
ATMN,23.69,23.11,23.69,1942700.0,2211300.0,0,0,0,0,0,0,0,0,0,0,0,0,142,2026-02-04 12:54:07.912132
WNTR,23.21,23.21,23.27,2643000.0,2504000.0,0,0,0,0,0,0,0,0,0,0,0,0,142,2026-02-04 12:54:07.912132
SPNG,24.63,24.71,24.79,2530600.0,2149700.0,0,0,0,0,0,0,0,0,0,0,0,0,143,2026-02-04 12:54:08.970992
SMMR,26.1,26.03,26.1,2084100.0,1651200.0,0,0,0,0,0,0,0,0,0,0,0,0,143,2026-02-04 12:54:08.970992
ATMN,23.69,23.29,23.68,2053800.0,2213000.0,0,0,0,0,0,0,0,0,0,0,0,0,143,2026-02-04 12:54:08.970992
WNTR,23.21,23.21,23.24,2667700.0,2533500.0,0,0,0,0,0,0,0,0,0,0,0,0,143,2026-02-04 12:54:08.970992
SPNG,24.46,24.46,24.68,2404100.0,2242200.0,0,0,0,0,0,0,0,0,0,0,0,0,144,2026-02-04 12:54:10.015345
SMMR,26.06,26.03,26.06,2095400.0,1759000.0,0,0,0,0,0,0,0,0,0,0,0,0,144,2026-02-04 12:54:10.015345
ATMN,23.0,23.0,23.68,1819800.0,2200900.0,0,0,0,0,0,0,0,0,0,0,0,0,144,2026-02-04 12:54:10.015345
WNTR,23.24,23.17,23.24,2668700.0,2537600.0,0,0,0,0,0,0,0,0,0,0,0,0,144,2026-02-04 12:54:10.015345
SPNG,24.31,24.31,24.68,2312300.0,2247500.0,0,0,0,0,0,0,0,0,0,0,0,0,145,2026-02-04 12:54:11.052748
SMMR,26.1,26.03,26.1,2102300.0,1533600.0,0,0,0,0,0,0,0,0,0,0,0,0,145,2026-02-04 12:54:11.052748
ATMN,23.33,23.33,23.68,1939100.0,2227500.0,0,0,0,0,0,0,0,0,0,0,0,0,145,2026-02-04 12:54:11.052748
WNTR,23.27,23.17,23.21,2668700.0,2498500.0,0,0,0,0,0,0,0,0,0,0,0,0,145,2026-02-04 12:54:11.052748
SPNG,24.43,24.43,24.68,2232500.0,2247500.0,0,0,0,0,0,0,0,0,0,0,0,0,146,2026-02-04 12:54:12.078404
SMMR,26.0,26.0,26.1,2130200.0,1717900.0,0,0,0,0,0,0,0,0,0,0,0,0,146,2026-02-04 12:54:12.078404
ATMN,23.33,23.0,23.12,1819800.0,2253500.0,0,0,0,0,0,0,0,0,0,0,0,0,146,2026-02-04 12:54:12.078404
WNTR,23.23,23.21,23.23,2652200.0,2515900.0,0,0,0,0,0,0,0,0,0,0,0,0,146,2026-02-04 12:54:12.078404
SPNG,24.81,24.26,24.81,2108800.0,2181200.0,0,0,0,0,0,0,0,0,0,0,0,0,147,2026-02-04 12:54:13.111479
SMMR,25.97,25.97,26.1,2130500.0,1717900.0,0,0,0,0,0,0,0,0,0,0,0,0,147,2026-02-04 12:54:13.111479
ATMN,23.12,23.0,23.12,2072900.0,2253500.0,0,0,0,0,0,0,0,0,0,0,0,0,147,2026-02-04 12:54:13.111479
WNTR,23.16,23.16,23.23,2660900.0,2515900.0,0,0,0,0,0,0,0,0,0,0,0,0,147,2026-02-04 12:54:13.111479
SPNG,24.28,24.26,24.28,2344000.0,2231500.0,0,0,0,0,0,0,0,0,0,0,0,0,148,2026-02-04 12:54:14.141483
SMMR,25.97,25.99,26.1,2122100.0,1920100.0,0,0,0,0,0,0,0,0,0,0,0,0,148,2026-02-04 12:54:14.141483
ATMN,23.47,23.18,23.47,2468700.0,2237900.0,0,0,0,0,0,0,0,0,0,0,0,0,148,2026-02-04 12:54:14.141483
WNTR,23.28,23.17,23.18,2625000.0,2487600.0,0,0,0,0,0,0,0,0,0,0,0,0,148,2026-02-04 12:54:14.141483
SPNG,24.81,24.26,24.64,2344000.0,2181700.0,0,0,0,0,0,0,0,0,0,0,0,0,149,2026-02-04 12:54:15.185465
SMMR,25.97,25.97,26.1,2128100.0,1920100.0,0,0,0,0,0,0,0,0,0,0,0,0,149,2026-02-04 12:54:15.185465
ATMN,23.47,23.29,23.47,2496600.0,2216800.0,0,0,0,0,0,0,0,0,0,0,0,0,149,2026-02-04 12:54:15.185465
WNTR,23.29,23.21,23.29,2601700.0,2345100.0,0,0,0,0,0,0,0,0,0,0,0,0,149,2026-02-04 12:54:15.185465
SPNG,24.21,24.21,24.64,2093200.0,2181700.0,0,0,0,0,0,0,0,0,0,0,0,0,150,2026-02-04 12:54:16.224479
SMMR,26.11,26.11,26.15,2100000.0,1830700.0,0,0,0,0,0,0,0,0,0,0,0,0,150,2026-02-04 12:54:16.224479
ATMN,23.18,23.39,23.47,2479100.0,2216800.0,0,0,0,0,0,0,0,0,0,0,0,0,150,2026-02-04 12:54:16.224479
WNTR,23.29,23.21,23.24,2571900.0,2493700.0,0,0,0,0,0,0,0,0,0,0,0,0,150,2026-02-04 12:54:16.224479
SPNG,24.21,24.47,24.48,2325300.0,2227000.0,0,0,0,0,0,0,0,0,0,0,0,0,151,2026-02-04 12:54:17.258187
SMMR,25.97,25.97,26.15,2121200.0,1933500.0,0,0,0,0,0,0,0,0,0,0,0,0,151,2026-02-04 12:54:17.258187
ATMN,23.09,23.09,23.47,2451400.0,2243900.0,0,0,0,0,0,0,0,0,0,0,0,0,151,2026-02-04 12:54:17.258187
WNTR,23.2,23.2,23.32,2604500.0,2350400.0,0,0,0,0,0,0,0,0,0,0,0,0,151,2026-02-04 12:54:17.258187
SPNG,24.48,24.52,24.59,2597800.0,2228500.0,0,0,0,0,0,0,0,0,0,0,0,0,152,2026-02-04 12:54:18.306987
SMMR,25.97,25.97,26.07,2119300.0,2023700.0,0,0,0,0,0,0,0,0,0,0,0,0,152,2026-02-04 12:54:18.306987
ATMN,23.53,23.21,23.53,2557700.0,2241500.0,0,0,0,0,0,0,0,0,0,0,0,0,152,2026-02-04 12:54:18.306987
WNTR,23.3,23.2,23.23,2604500.0,2459200.0,0,0,0,0,0,0,0,0,0,0,0,0,152,2026-02-04 12:54:18.306987
SPNG,24.47,24.47,24.52,2459200.0,2275500.0,0,0,0,0,0,0,0,0,0,0,0,0,153,2026-02-04 12:54:19.357578
SMMR,26.07,25.97,26.07,2119100.0,2033300.0,0,0,0,0,0,0,0,0,0,0,0,0,153,2026-02-04 12:54:19.357578
ATMN,23.6,23.21,23.55,2557700.0,2256000.0,0,0,0,0,0,0,0,0,0,0,0,0,153,2026-02-04 12:54:19.357578
WNTR,23.32,23.33,23.35,2632100.0,2320800.0,0,0,0,0,0,0,0,0,0,0,0,0,153,2026-02-04 12:54:19.357578
SPNG,24.64,24.47,24.64,2590600.0,2199200.0,0,0,0,0,0,0,0,0,0,0,0,0,154,2026-02-04 12:54:20.397445
SMMR,26.07,25.97,26.07,2090800.0,2033300.0,0,0,0,0,0,0,0,0,0,0,0,0,154,2026-02-04 12:54:20.397445
ATMN,23.6,23.21,23.37,2557700.0,2290300.0,0,0,0,0,0,0,0,0,0,0,0,0,154,2026-02-04 12:54:20.397445
WNTR,23.29,23.29,23.35,2594600.0,2465200.0,0,0,0,0,0,0,0,0,0,0,0,0,154,2026-02-04 12:54:20.397445
SPNG,24.18,24.18,24.61,2219100.0,5000.0,2094500.0,,0,0,0,0,0,0,0,0,0,0,155,2026-02-04 12:54:21.458415
SMMR,26.15,26.13,26.15,1932600.0,5000.0,1944300.0,5000.0,0,0,0,0,0,0,0,0,0,0,155,2026-02-04 12:54:21.458415
ATMN,23.37,23.31,23.35,2374900.0,5000.0,2189900.0,5000.0,0,0,0,0,0,0,0,0,0,0,155,2026-02-04 12:54:21.458415
WNTR,23.34,23.29,23.32,2449000.0,5000.0,2366700.0,5000.0,0,0,0,0,0,0,0,0,0,0,155,2026-02-04 12:54:21.458415
SPNG,24.62,24.18,24.5,2219100.0,2102900.0,5000.0,,0,0,0,0,0,0,0,0,0,0,156,2026-02-04 12:54:22.508027
SMMR,25.97,25.97,26.03,1972400.0,1941300.0,5000.0,5000.0,0,0,0,0,0,0,0,0,0,0,156,2026-02-04 12:54:22.508027
ATMN,23.31,23.31,23.33,2571200.0,2154500.0,5000.0,,0,0,0,0,0,0,0,0,0,0,156,2026-02-04 12:54:22.508027
WNTR,23.34,23.29,23.34,2595300.0,2460900.0,,,0,0,0,0,0,0,0,0,0,0,156,2026-02-04 12:54:22.508027
SPNG,24.62,24.43,24.5,2440500.0,2102900.0,5000.0,,0,0,0,0,0,0,0,0,0,0,157,2026-02-04 12:54:23.050155
SMMR,26.03,25.99,26.03,2069100.0,2027400.0,,,0,0,0,0,0,0,0,0,0,0,157,2026-02-04 12:54:23.050155
ATMN,23.1,23.18,23.49,2578700.0,2154500.0,5000.0,,0,0,0,0,0,0,0,0,0,0,157,2026-02-04 12:54:23.050155
WNTR,23.34,23.29,23.32,2458500.0,2383900.0,5000.0,5000.0,0,0,0,0,0,0,0,0,0,0,157,2026-02-04 12:54:23.050155
SPNG,24.54,24.45,24.55,5000.0,2427500.0,5000.0,2114300.0,0,0,0,0,0,0,0,0,0,0,158,2026-02-04 12:54:24.099011
SMMR,26.03,26.12,26.15,5000.0,1928300.0,,2017500.0,0,0,0,0,0,0,0,0,0,0,158,2026-02-04 12:54:24.099011
ATMN,23.49,23.49,23.56,,2493400.0,,2266100.0,0,0,0,0,0,0,0,0,0,0,158,2026-02-04 12:54:24.099011
WNTR,23.27,23.34,23.35,5000.0,2432500.0,,2474500.0,0,0,0,0,0,0,0,0,0,0,158,2026-02-04 12:54:24.099011
SPNG,24.84,24.45,24.84,5000.0,2429500.0,2215500.0,,0,0,0,0,0,0,0,0,0,0,159,2026-02-04 12:54:25.123360
SMMR,26.12,26.0,26.06,5000.0,1954900.0,1931500.0,5000.0,0,0,0,0,0,0,0,0,0,0,159,2026-02-04 12:54:25.123360
ATMN,23.32,23.2,23.32,5000.0,2333700.0,2290000.0,,0,0,0,0,0,0,0,0,0,0,159,2026-02-04 12:54:25.123360
WNTR,23.35,23.34,23.35,5000.0,2400900.0,2367600.0,5000.0,0,0,0,0,0,0,0,0,0,0,159,2026-02-04 12:54:25.123360
SPNG,24.43,24.53,24.84,5000.0,2429500.0,2252900.0,,0,0,0,0,0,0,0,0,0,0,160,2026-02-04 12:54:26.157153
SMMR,25.99,25.99,26.04,,2069100.0,1931500.0,5000.0,0,0,0,0,0,0,0,0,0,0,160,2026-02-04 12:54:26.157153
ATMN,23.2,23.2,23.28,,2493800.0,2194500.0,5000.0,0,0,0,0,0,0,0,0,0,0,160,2026-02-04 12:54:26.157153
WNTR,23.31,23.34,23.35,5000.0,2408100.0,2515500.0,,0,0,0,0,0,0,0,0,0,0,160,2026-02-04 12:54:26.157153
SPNG,24.53,24.43,24.44,2494600.0,2142000.0,5000.0,,0,0,0,0,0,0,0,0,0,0,161,2026-02-04 12:54:27.183055
SMMR,25.99,26.12,26.15,1946500.0,1990600.0,,5000.0,0,0,0,0,0,0,0,0,0,0,161,2026-02-04 12:54:27.183055
ATMN,23.18,23.29,23.49,2323200.0,2312200.0,,5000.0,0,0,0,0,0,0,0,0,0,0,161,2026-02-04 12:54:27.183055
WNTR,23.37,23.31,23.37,2542700.0,2563100.0,,,0,0,0,0,0,0,0,0,0,0,161,2026-02-04 12:54:27.183055
SPNG,24.84,24.43,24.84,2317200.0,5000.0,2229100.0,,0,0,0,0,0,0,0,0,0,0,162,2026-02-04 12:54:28.210019
SMMR,26.15,26.15,26.17,1974900.0,5000.0,1907100.0,5000.0,0,0,0,0,0,0,0,0,0,0,162,2026-02-04 12:54:28.210019
ATMN,23.0,22.98,23.0,2373900.0,,2213900.0,5000.0,0,0,0,0,0,0,0,0,0,0,162,2026-02-04 12:54:28.210019
WNTR,23.25,23.25,23.37,2600700.0,,2457600.0,5000.0,0,0,0,0,0,0,0,0,0,0,162,2026-02-04 12:54:28.210019
SPNG,24.18,24.18,24.73,2514100.0,2252000.0,,0,0,0,0,0,0,0,0,0,0,0,163,2026-02-04 12:54:29.240290
SMMR,26.07,26.07,26.16,2079000.0,1920200.0,5000.0,0,0,0,0,0,0,0,0,0,0,0,163,2026-02-04 12:54:29.240290
ATMN,23.0,23.14,23.49,2526800.0,2312200.0,,0,0,0,0,0,0,0,0,0,0,0,163,2026-02-04 12:54:29.240290
WNTR,23.25,23.17,23.19,2594400.0,2509300.0,5000.0,0,0,0,0,0,0,0,0,0,0,0,163,2026-02-04 12:54:29.240290
SPNG,24.73,24.2,24.73,5000.0,2393500.0,2252000.0,,0,0,0,0,0,0,0,0,0,0,164,2026-02-04 12:54:30.264179
SMMR,26.13,26.09,26.13,5000.0,1946300.0,2043300.0,,0,0,0,0,0,0,0,0,0,0,164,2026-02-04 12:54:30.264179
ATMN,22.99,23.27,23.33,5000.0,2411500.0,2333900.0,,0,0,0,0,0,0,0,0,0,0,164,2026-02-04 12:54:30.264179
WNTR,23.16,23.16,23.18,,2607900.0,2523000.0,5000.0,0,0,0,0,0,0,0,0,0,0,164,2026-02-04 12:54:30.264179
SPNG,24.21,24.2,24.21,5000.0,2356000.0,2185500.0,5000.0,0,0,0,0,0,0,0,0,0,0,165,2026-02-04 12:54:31.299584
SMMR,26.13,26.13,26.15,5000.0,1933900.0,1920200.0,5000.0,0,0,0,0,0,0,0,0,0,0,165,2026-02-04 12:54:31.299584
ATMN,22.98,22.98,23.33,,2604600.0,2238200.0,5000.0,0,0,0,0,0,0,0,0,0,0,165,2026-02-04 12:54:31.299584
WNTR,23.33,23.16,23.25,,2607900.0,2613900.0,,0,0,0,0,0,0,0,0,0,0,165,2026-02-04 12:54:31.299584
SPNG,24.23,24.51,24.73,2264600.0,5000.0,2252000.0,,0,0,0,0,0,0,0,0,0,0,166,2026-02-04 12:54:32.328771
SMMR,26.17,26.14,26.17,1933900.0,5000.0,1992900.0,5000.0,0,0,0,0,0,0,0,0,0,0,166,2026-02-04 12:54:32.328771
ATMN,23.61,23.48,23.53,2386900.0,5000.0,2181400.0,5000.0,0,0,0,0,0,0,0,0,0,0,166,2026-02-04 12:54:32.328771
WNTR,23.33,23.16,23.21,2434000.0,5000.0,2515500.0,5000.0,0,0,0,0,0,0,0,0,0,0,166,2026-02-04 12:54:32.328771
SPNG,24.16,24.58,24.73,2374900.0,5000.0,2252000.0,,0,0,0,0,0,0,0,0,0,0,167,2026-02-04 12:54:33.373535
SMMR,26.07,26.13,26.18,1911800.0,5000.0,2035000.0,,0,0,0,0,0,0,0,0,0,0,167,2026-02-04 12:54:33.373535
ATMN,23.5,23.48,23.49,2526400.0,,2193400.0,5000.0,0,0,0,0,0,0,0,0,0,0,167,2026-02-04 12:54:33.373535
WNTR,23.25,23.16,23.19,2579000.0,,2505600.0,5000.0,0,0,0,0,0,0,0,0,0,0,167,2026-02-04 12:54:33.373535
SPNG,24.11,24.11,24.7,2523600.0,5000.0,2165600.0,,0,0,0,0,0,0,0,0,0,0,168,2026-02-04 12:54:34.420432
SMMR,26.07,26.17,26.18,1891800.0,,2070900.0,5000.0,0,0,0,0,0,0,0,0,0,0,168,2026-02-04 12:54:34.420432
ATMN,23.48,23.25,23.4,2453500.0,5000.0,2211800.0,,0,0,0,0,0,0,0,0,0,0,168,2026-02-04 12:54:34.420432
WNTR,23.38,23.16,23.38,2580100.0,,2540900.0,,0,0,0,0,0,0,0,0,0,0,168,2026-02-04 12:54:34.420432
SPNG,24.11,24.28,24.61,2509400.0,5000.0,2176100.0,,0,0,0,0,0,0,0,0,0,0,169,2026-02-04 12:54:35.459513
SMMR,26.14,26.09,26.13,1885700.0,,2093700.0,5000.0,0,0,0,0,0,0,0,0,0,0,169,2026-02-04 12:54:35.459513
ATMN,23.49,23.52,23.53,2493900.0,5000.0,2171300.0,,0,0,0,0,0,0,0,0,0,0,169,2026-02-04 12:54:35.459513
WNTR,23.38,23.35,23.38,2487800.0,,2580600.0,5000.0,0,0,0,0,0,0,0,0,0,0,169,2026-02-04 12:54:35.459513
SPNG,24.73,24.53,24.73,2409800.0,2270900.0,,0,0,0,0,0,0,0,0,0,0,0,170,2026-02-04 12:54:36.488066
SMMR,26.14,26.08,26.09,1988700.0,1985900.0,5000.0,0,0,0,0,0,0,0,0,0,0,0,170,2026-02-04 12:54:36.488066
ATMN,23.25,23.25,23.53,2471300.0,2266600.0,,0,0,0,0,0,0,0,0,0,0,0,170,2026-02-04 12:54:36.488066
WNTR,23.15,23.15,23.37,2579900.0,2600300.0,,0,0,0,0,0,0,0,0,0,0,0,170,2026-02-04 12:54:36.488066
SPNG,24.28,24.28,24.43,2431300.0,2274300.0,0,0,0,0,0,0,0,0,0,0,0,0,171,2026-02-04 12:54:37.550172
SMMR,26.09,26.08,26.09,1988700.0,2095700.0,0,0,0,0,0,0,0,0,0,0,0,0,171,2026-02-04 12:54:37.550172
ATMN,23.25,23.39,23.53,2445500.0,2265700.0,0,0,0,0,0,0,0,0,0,0,0,0,171,2026-02-04 12:54:37.550172
WNTR,23.38,23.15,23.19,2596700.0,2631400.0,0,0,0,0,0,0,0,0,0,0,0,0,171,2026-02-04 12:54:37.550172
SPNG,24.43,24.28,24.43,2327500.0,5000.0,2274300.0,,0,0,0,0,0,0,0,0,0,0,172,2026-02-04 12:54:38.612753
SMMR,26.09,26.08,26.09,1897200.0,5000.0,2005300.0,5000.0,0,0,0,0,0,0,0,0,0,0,172,2026-02-04 12:54:38.612753
ATMN,23.39,23.39,23.57,2333400.0,5000.0,2174200.0,5000.0,0,0,0,0,0,0,0,0,0,0,172,2026-02-04 12:54:38.612753
WNTR,23.38,23.15,23.31,2445300.0,5000.0,2541700.0,5000.0,0,0,0,0,0,0,0,0,0,0,172,2026-02-04 12:54:38.612753
SPNG,24.43,24.3,24.43,5000.0,2300200.0,2176900.0,5000.0,0,0,0,0,0,0,0,0,0,0,173,2026-02-04 12:54:39.146687
SMMR,26.09,26.1,26.13,5000.0,1897000.0,2100700.0,,0,0,0,0,0,0,0,0,0,0,173,2026-02-04 12:54:39.146687
ATMN,23.61,23.39,23.59,5000.0,2333400.0,2139700.0,5000.0,0,0,0,0,0,0,0,0,0,0,173,2026-02-04 12:54:39.146687
WNTR,23.38,23.31,23.38,5000.0,2478200.0,2613000.0,,0,0,0,0,0,0,0,0,0,0,173,2026-02-04 12:54:39.146687
SPNG,24.67,24.28,24.67,2434100.0,2296200.0,0,0,0,0,0,0,0,0,0,0,0,0,174,2026-02-04 12:54:40.182115
SMMR,26.15,26.08,26.15,1973400.0,2101000.0,0,0,0,0,0,0,0,0,0,0,0,0,174,2026-02-04 12:54:40.182115
ATMN,23.61,23.39,23.4,2425300.0,2234600.0,0,0,0,0,0,0,0,0,0,0,0,0,174,2026-02-04 12:54:40.182115
WNTR,23.26,23.26,23.39,2592600.0,2573200.0,0,0,0,0,0,0,0,0,0,0,0,0,174,2026-02-04 12:54:40.182115
SPNG,24.36,24.3,24.36,5000.0,2259400.0,2209700.0,5000.0,0,0,0,0,0,0,0,0,0,0,175,2026-02-04 12:54:41.233697
SMMR,26.17,26.17,26.18,5000.0,1892100.0,2007900.0,5000.0,0,0,0,0,0,0,0,0,0,0,175,2026-02-04 12:54:41.233697
ATMN,23.39,23.32,23.33,,2416500.0,2240300.0,,0,0,0,0,0,0,0,0,0,0,175,2026-02-04 12:54:41.233697
WNTR,23.33,23.34,23.39,5000.0,2465100.0,2573200.0,,0,0,0,0,0,0,0,0,0,0,175,2026-02-04 12:54:41.233697
SPNG,24.84,24.47,24.84,2268500.0,5000.0,2238900.0,0,0,0,0,0,0,0,0,0,0,0,176,2026-02-04 12:54:42.265508
SMMR,26.08,26.08,26.12,1885900.0,5000.0,2073400.0,0,0,0,0,0,0,0,0,0,0,0,176,2026-02-04 12:54:42.265508
ATMN,23.31,23.31,23.33,2408500.0,,2240300.0,0,0,0,0,0,0,0,0,0,0,0,176,2026-02-04 12:54:42.265508
WNTR,23.39,23.29,23.39,2610900.0,,2652200.0,0,0,0,0,0,0,0,0,0,0,0,176,2026-02-04 12:54:42.265508
SPNG,24.47,24.5,24.71,5000.0,2268500.0,2173000.0,5000.0,0,0,0,0,0,0,0,0,0,0,177,2026-02-04 12:54:43.299047
SMMR,26.05,26.05,26.12,5000.0,1898600.0,2085000.0,,0,0,0,0,0,0,0,0,0,0,177,2026-02-04 12:54:43.299047
ATMN,23.4,23.48,23.61,,2380600.0,2235400.0,,0,0,0,0,0,0,0,0,0,0,177,2026-02-04 12:54:43.299047
WNTR,23.39,23.33,23.39,,2580000.0,2666300.0,,0,0,0,0,0,0,0,0,0,0,177,2026-02-04 12:54:43.299047
SPNG,24.71,24.53,24.71,5000.0,2268500.0,2187700.0,5000.0,0,0,0,0,0,0,0,0,0,0,178,2026-02-04 12:54:44.331375
SMMR,26.18,26.12,26.18,5000.0,1892500.0,2105400.0,,0,0,0,0,0,0,0,0,0,0,178,2026-02-04 12:54:44.331375
ATMN,23.27,23.46,23.57,5000.0,2285600.0,2153400.0,5000.0,0,0,0,0,0,0,0,0,0,0,178,2026-02-04 12:54:44.331375
WNTR,23.39,23.37,23.39,,2594000.0,2671000.0,,0,0,0,0,0,0,0,0,0,0,178,2026-02-04 12:54:44.331375
SPNG,24.79,24.47,24.79,2378000.0,2282300.0,0,0,0,0,0,0,0,0,0,0,0,0,179,2026-02-04 12:54:45.375997
SMMR,26.18,26.12,26.18,1977900.0,2107000.0,0,0,0,0,0,0,0,0,0,0,0,0,179,2026-02-04 12:54:45.375997
ATMN,23.56,23.56,23.61,2431400.0,2254400.0,0,0,0,0,0,0,0,0,0,0,0,0,179,2026-02-04 12:54:45.375997
WNTR,23.4,23.33,23.4,2573400.0,2672100.0,0,0,0,0,0,0,0,0,0,0,0,0,179,2026-02-04 12:54:45.375997
SPNG,24.64,24.64,24.86,932700.0,694100.0,0,0,0,0,0,0,0,0,0,0,0,0,180,2026-02-04 12:54:46.451366
SMMR,26.19,24.99,25.41,906400.0,868400.0,0,0,0,0,0,0,0,0,0,0,0,0,180,2026-02-04 12:54:46.451366
ATMN,23.56,24.04,24.14,996400.0,819800.0,0,0,0,0,0,0,0,0,0,0,0,0,180,2026-02-04 12:54:46.451366
WNTR,23.33,24.16,0.0,200000.0,,0,0,0,0,0,0,0,0,0,0,0,0,180,2026-02-04 12:54:46.451366
SPNG,24.64,24.78,24.86,5000.0,1042400.0,1077000.0,,0,0,0,0,0,0,0,0,0,0,181,2026-02-04 12:54:47.511394
SMMR,25.0,24.99,25.0,5000.0,1023800.0,1076400.0,,0,0,0,0,0,0,0,0,0,0,181,2026-02-04 12:54:47.511394
ATMN,23.82,23.82,24.07,,1029700.0,936700.0,5000.0,0,0,0,0,0,0,0,0,0,0,181,2026-02-04 12:54:47.511394
WNTR,23.96,23.96,24.13,,1022500.0,922100.0,,0,0,0,0,0,0,0,0,0,0,181,2026-02-04 12:54:47.511394
SPNG,24.15,24.18,24.86,5000.0,1218200.0,1077000.0,,0,0,0,0,0,0,0,0,0,0,182,2026-02-04 12:54:48.542229
SMMR,25.0,24.99,25.0,5000.0,1023800.0,1357600.0,,0,0,0,0,0,0,0,0,0,0,182,2026-02-04 12:54:48.542229
ATMN,23.99,23.82,23.99,,1029700.0,1061200.0,,0,0,0,0,0,0,0,0,0,0,182,2026-02-04 12:54:48.542229
WNTR,24.13,24.2,24.5,,1306600.0,1043900.0,5000.0,0,0,0,0,0,0,0,0,0,0,182,2026-02-04 12:54:48.542229
SPNG,25.31,24.24,25.31,5000.0,1218200.0,822600.0,,0,0,0,0,0,0,0,0,0,0,183,2026-02-04 12:54:49.580011
SMMR,25.0,24.99,25.0,5000.0,1233100.0,1480000.0,5000.0,0,0,0,0,0,0,0,0,0,0,183,2026-02-04 12:54:49.580011
ATMN,23.27,23.8,23.9,5000.0,1112300.0,1429600.0,,0,0,0,0,0,0,0,0,0,0,183,2026-02-04 12:54:49.580011
WNTR,23.96,23.98,24.28,5000.0,1166300.0,1402800.0,5000.0,0,0,0,0,0,0,0,0,0,0,183,2026-02-04 12:54:49.580011
SPNG,25.18,24.15,24.4,1218200.0,1078400.0,,,0,0,0,0,0,0,0,0,0,0,184,2026-02-04 12:54:50.625096
SMMR,25.0,24.96,25.0,1124700.0,1480000.0,,,0,0,0,0,0,0,0,0,0,0,184,2026-02-04 12:54:50.625096
ATMN,23.08,23.44,23.81,1394100.0,1538400.0,5000.0,,0,0,0,0,0,0,0,0,0,0,184,2026-02-04 12:54:50.625096
WNTR,24.3,24.35,24.42,1578400.0,1420300.0,,5000.0,0,0,0,0,0,0,0,0,0,0,184,2026-02-04 12:54:50.625096
SPNG,24.4,24.47,24.78,1468600.0,5000.0,956000.0,,0,0,0,0,0,0,0,0,0,0,185,2026-02-04 12:54:51.665710
SMMR,25.0,24.96,24.97,1213000.0,,1684300.0,5000.0,0,0,0,0,0,0,0,0,0,0,185,2026-02-04 12:54:51.665710
ATMN,23.75,23.77,23.78,1614500.0,,1634100.0,5000.0,0,0,0,0,0,0,0,0,0,0,185,2026-02-04 12:54:51.665710
WNTR,24.22,24.02,24.22,1433100.0,,1531700.0,,0,0,0,0,0,0,0,0,0,0,185,2026-02-04 12:54:51.665710
SPNG,24.84,24.54,24.84,5000.0,1468600.0,1062200.0,,0,0,0,0,0,0,0,0,0,0,186,2026-02-04 12:54:52.714538
SMMR,25.02,24.96,25.02,,1432800.0,1591300.0,,0,0,0,0,0,0,0,0,0,0,186,2026-02-04 12:54:52.714538
ATMN,23.86,23.8,23.86,,1734500.0,1741800.0,,0,0,0,0,0,0,0,0,0,0,186,2026-02-04 12:54:52.714538
WNTR,24.19,24.19,24.2,,1580800.0,1531700.0,5000.0,0,0,0,0,0,0,0,0,0,0,186,2026-02-04 12:54:52.714538
SPNG,24.95,24.45,24.95,1462000.0,5000.0,1078500.0,,0,0,0,0,0,0,0,0,0,0,187,2026-02-04 12:54:53.756125
SMMR,24.92,24.92,24.98,1340500.0,5000.0,1591300.0,5000.0,0,0,0,0,0,0,0,0,0,0,187,2026-02-04 12:54:53.756125
ATMN,23.99,23.84,23.99,1982000.0,5000.0,1380900.0,5000.0,0,0,0,0,0,0,0,0,0,0,187,2026-02-04 12:54:53.756125
WNTR,24.19,24.02,24.19,1433100.0,,1771900.0,,0,0,0,0,0,0,0,0,0,0,187,2026-02-04 12:54:53.756125
SPNG,24.52,24.45,24.47,1462000.0,1291500.0,,,0,0,0,0,0,0,0,0,0,0,188,2026-02-04 12:54:54.304029
SMMR,25.04,24.92,24.99,1340500.0,1587800.0,5000.0,,0,0,0,0,0,0,0,0,0,0,188,2026-02-04 12:54:54.304029
ATMN,23.99,23.86,23.99,1982000.0,1380900.0,,5000.0,0,0,0,0,0,0,0,0,0,0,188,2026-02-04 12:54:54.304029
WNTR,24.19,24.16,24.19,1694200.0,1771900.0,,,0,0,0,0,0,0,0,0,0,0,188,2026-02-04 12:54:54.304029
SPNG,24.71,24.55,24.67,5000.0,1594800.0,1374700.0,5000.0,0,0,0,0,0,0,0,0,0,0,189,2026-02-04 12:54:55.359625
SMMR,24.91,24.96,24.99,5000.0,1245300.0,1707500.0,5000.0,0,0,0,0,0,0,0,0,0,0,189,2026-02-04 12:54:55.359625
ATMN,24.14,23.84,24.14,5000.0,2200700.0,1389700.0,5000.0,0,0,0,0,0,0,0,0,0,0,189,2026-02-04 12:54:55.359625
WNTR,24.21,24.21,24.22,,1839100.0,1743200.0,,0,0,0,0,0,0,0,0,0,0,189,2026-02-04 12:54:55.359625
SPNG,24.45,24.64,24.66,1820000.0,5000.0,1374700.0,,0,0,0,0,0,0,0,0,0,0,190,2026-02-04 12:54:56.439293
SMMR,24.91,24.96,24.99,1245300.0,5000.0,1979500.0,5000.0,0,0,0,0,0,0,0,0,0,0,190,2026-02-04 12:54:56.439293
ATMN,24.14,23.86,24.14,2453200.0,5000.0,1509400.0,5000.0,0,0,0,0,0,0,0,0,0,0,190,2026-02-04 12:54:56.439293
WNTR,24.31,24.23,24.31,1839100.0,,1638200.0,5000.0,0,0,0,0,0,0,0,0,0,0,190,2026-02-04 12:54:56.439293
SPNG,24.74,24.64,24.67,1921500.0,1483400.0,,,0,0,0,0,0,0,0,0,0,0,191,2026-02-04 12:54:57.478698
SMMR,25.04,25.04,25.05,1349700.0,1743800.0,5000.0,,0,0,0,0,0,0,0,0,0,0,191,2026-02-04 12:54:57.478698
ATMN,23.94,23.84,23.93,2453200.0,1394600.0,,,0,0,0,0,0,0,0,0,0,0,191,2026-02-04 12:54:57.478698
WNTR,24.16,24.3,24.31,1689400.0,1868400.0,,5000.0,0,0,0,0,0,0,0,0,0,0,191,2026-02-04 12:54:57.478698
SPNG,24.64,24.52,24.53,1950200.0,5000.0,1727000.0,,0,0,0,0,0,0,0,0,0,0,192,2026-02-04 12:54:58.515100
SMMR,25.01,24.97,24.99,1237500.0,5000.0,1965200.0,,0,0,0,0,0,0,0,0,0,0,192,2026-02-04 12:54:58.515100
ATMN,23.93,24.01,24.15,2580300.0,,1404000.0,,0,0,0,0,0,0,0,0,0,0,192,2026-02-04 12:54:58.515100
WNTR,24.16,24.27,24.31,1807300.0,,2103100.0,5000.0,0,0,0,0,0,0,0,0,0,0,192,2026-02-04 12:54:58.515100
SPNG,24.67,24.59,24.67,5000.0,1950200.0,1826800.0,0,0,0,0,0,0,0,0,0,0,0,193,2026-02-04 12:54:59.557660
SMMR,25.05,24.97,25.05,,1349600.0,1941300.0,0,0,0,0,0,0,0,0,0,0,0,193,2026-02-04 12:54:59.557660
ATMN,24.16,23.8,24.0,,2456100.0,1384300.0,0,0,0,0,0,0,0,0,0,0,0,193,2026-02-04 12:54:59.557660
WNTR,24.27,24.25,24.27,,1807300.0,2339700.0,0,0,0,0,0,0,0,0,0,0,0,193,2026-02-04 12:54:59.557660
SPNG,24.68,24.67,24.68,5000.0,1950200.0,1710700.0,,0,0,0,0,0,0,0,0,0,0,194,2026-02-04 12:55:00.599121
SMMR,25.1,25.01,25.1,5000.0,1349600.0,1859000.0,,0,0,0,0,0,0,0,0,0,0,194,2026-02-04 12:55:00.599121
ATMN,23.8,23.8,23.95,,2550900.0,1384900.0,5000.0,0,0,0,0,0,0,0,0,0,0,194,2026-02-04 12:55:00.599121
WNTR,24.27,24.26,24.27,5000.0,2019400.0,2345300.0,,0,0,0,0,0,0,0,0,0,0,194,2026-02-04 12:55:00.599121
SPNG,24.68,24.67,24.68,5000.0,2170100.0,1809300.0,0,0,0,0,0,0,0,0,0,0,0,195,2026-02-04 12:55:01.630737
SMMR,24.97,24.85,24.89,,1350000.0,2045600.0,0,0,0,0,0,0,0,0,0,0,0,195,2026-02-04 12:55:01.630737
ATMN,23.75,23.75,24.27,,2316600.0,1290300.0,0,0,0,0,0,0,0,0,0,0,0,195,2026-02-04 12:55:01.630737
WNTR,24.25,24.26,24.27,5000.0,2019400.0,2369700.0,0,0,0,0,0,0,0,0,0,0,0,195,2026-02-04 12:55:01.630737
SPNG,24.66,24.66,24.68,2170100.0,2145400.0,,,0,0,0,0,0,0,0,0,0,0,196,2026-02-04 12:55:02.664653
SMMR,25.1,24.94,25.1,1450700.0,1953200.0,5000.0,,0,0,0,0,0,0,0,0,0,0,196,2026-02-04 12:55:02.664653
ATMN,23.86,23.89,24.08,2409500.0,1420700.0,,10000.0,0,0,0,0,0,0,0,0,0,0,196,2026-02-04 12:55:02.664653
WNTR,24.15,24.15,24.24,1675100.0,2273000.0,,5000.0,0,0,0,0,0,0,0,0,0,0,196,2026-02-04 12:55:02.664653
SPNG,24.66,24.52,24.57,2188900.0,5000.0,2095200.0,,0,0,0,0,0,0,0,0,0,0,197,2026-02-04 12:55:03.696088
SMMR,24.85,24.85,25.1,1350000.0,,2044800.0,,0,0,0,0,0,0,0,0,0,0,197,2026-02-04 12:55:03.696088
ATMN,23.86,23.96,23.97,2464300.0,5000.0,1538900.0,,0,0,0,0,0,0,0,0,0,0,197,2026-02-04 12:55:03.696088
WNTR,24.24,24.24,24.27,1811200.0,,2382600.0,5000.0,0,0,0,0,0,0,0,0,0,0,197,2026-02-04 12:55:03.696088
SPNG,24.68,24.55,24.68,5000.0,2476900.0,2161600.0,,0,0,0,0,0,0,0,0,0,0,198,2026-02-04 12:55:04.731278
SMMR,24.84,24.84,24.98,,1379100.0,1978100.0,5000.0,0,0,0,0,0,0,0,0,0,0,198,2026-02-04 12:55:04.731278
ATMN,23.97,23.96,23.97,,2464300.0,1859600.0,,0,0,0,0,0,0,0,0,0,0,198,2026-02-04 12:55:04.731278
WNTR,24.24,24.17,24.21,,2063500.0,2405800.0,,0,0,0,0,0,0,0,0,0,0,198,2026-02-04 12:55:04.731278
SPNG,24.29,24.29,24.86,2150100.0,2134000.0,,0,0,0,0,0,0,0,0,0,0,0,199,2026-02-04 12:55:05.768080
SMMR,24.82,24.82,24.98,1397700.0,1978100.0,5000.0,0,0,0,0,0,0,0,0,0,0,0,199,2026-02-04 12:55:05.768080
ATMN,24.01,23.96,23.99,2367600.0,1739200.0,5000.0,0,0,0,0,0,0,0,0,0,0,0,199,2026-02-04 12:55:05.768080
WNTR,24.2,24.2,24.21,2460900.0,2422600.0,,0,0,0,0,0,0,0,0,0,0,0,199,2026-02-04 12:55:05.768080
SPNG,24.29,24.29,24.58,2397800.0,5000.0,2091400.0,,0,0,0,0,0,0,0,0,0,0,200,2026-02-04 12:55:06.808875
SMMR,24.82,24.82,24.98,1776700.0,5000.0,1978100.0,,0,0,0,0,0,0,0,0,0,0,200,2026-02-04 12:55:06.808875
ATMN,23.95,24.1,24.15,2277400.0,,1864500.0,5000.0,0,0,0,0,0,0,0,0,0,0,200,2026-02-04 12:55:06.808875
WNTR,24.17,24.17,24.27,2448800.0,,2411900.0,,0,0,0,0,0,0,0,0,0,0,200,2026-02-04 12:55:06.808875
SPNG,24.86,24.29,24.86,2533200.0,2134000.0,,0,0,0,0,0,0,0,0,0,0,0,201,2026-02-04 12:55:07.841892
SMMR,25.0,24.96,25.0,2006600.0,2073800.0,,0,0,0,0,0,0,0,0,0,0,0,201,2026-02-04 12:55:07.841892
ATMN,23.89,23.89,24.15,2462500.0,2091600.0,,0,0,0,0,0,0,0,0,0,0,0,201,2026-02-04 12:55:07.841892
WNTR,24.17,24.17,24.21,2502300.0,2217300.0,10000.0,0,0,0,0,0,0,0,0,0,0,0,201,2026-02-04 12:55:07.841892
SPNG,24.86,24.29,24.86,2647700.0,2200100.0,,,0,0,0,0,0,0,0,0,0,0,202,2026-02-04 12:55:08.375046
SMMR,25.0,24.98,25.0,2236100.0,2073800.0,5000.0,,0,0,0,0,0,0,0,0,0,0,202,2026-02-04 12:55:08.375046
ATMN,23.89,24.11,24.15,2253700.0,2189000.0,5000.0,,0,0,0,0,0,0,0,0,0,0,202,2026-02-04 12:55:08.375046
WNTR,24.17,24.17,24.18,2436500.0,2326000.0,,5000.0,0,0,0,0,0,0,0,0,0,0,202,2026-02-04 12:55:08.375046
SPNG,24.89,24.41,24.6,5000.0,2490500.0,2087400.0,5000.0,0,0,0,0,0,0,0,0,0,0,203,2026-02-04 12:55:09.431353
SMMR,25.1,24.99,25.1,5000.0,2200200.0,2029400.0,,0,0,0,0,0,0,0,0,0,0,203,2026-02-04 12:55:09.431353
ATMN,24.11,24.03,24.06,5000.0,2269900.0,2140400.0,5000.0,0,0,0,0,0,0,0,0,0,0,203,2026-02-04 12:55:09.431353
WNTR,24.17,24.17,24.27,,2471600.0,2326000.0,5000.0,0,0,0,0,0,0,0,0,0,0,203,2026-02-04 12:55:09.431353
SPNG,24.52,24.52,24.89,2606000.0,2166600.0,,,0,0,0,0,0,0,0,0,0,0,204,2026-02-04 12:55:10.486298
SMMR,24.96,25.1,25.11,2236100.0,2030000.0,5000.0,,0,0,0,0,0,0,0,0,0,0,204,2026-02-04 12:55:10.486298
ATMN,23.89,23.88,23.89,2501100.0,2135100.0,,5000.0,0,0,0,0,0,0,0,0,0,0,204,2026-02-04 12:55:10.486298
WNTR,24.17,24.21,24.24,2471200.0,2326000.0,,5000.0,0,0,0,0,0,0,0,0,0,0,204,2026-02-04 12:55:10.486298
SPNG,24.52,24.72,24.87,2369700.0,5000.0,2209500.0,,0,0,0,0,0,0,0,0,0,0,205,2026-02-04 12:55:11.528862
SMMR,24.88,24.88,25.03,2138500.0,,1983100.0,5000.0,0,0,0,0,0,0,0,0,0,0,205,2026-02-04 12:55:11.528862
ATMN,24.09,23.88,23.99,2501100.0,,2249300.0,,0,0,0,0,0,0,0,0,0,0,205,2026-02-04 12:55:11.528862
WNTR,24.21,24.29,24.31,2215100.0,10000.0,2414300.0,,0,0,0,0,0,0,0,0,0,0,205,2026-02-04 12:55:11.528862
SPNG,24.45,24.45,24.85,2589700.0,5000.0,2123200.0,,0,0,0,0,0,0,0,0,0,0,206,2026-02-04 12:55:12.578714
SMMR,25.12,25.01,25.12,2265500.0,,2067800.0,5000.0,0,0,0,0,0,0,0,0,0,0,206,2026-02-04 12:55:12.578714
ATMN,23.89,23.89,23.99,2561500.0,,2249300.0,,0,0,0,0,0,0,0,0,0,0,206,2026-02-04 12:55:12.578714
WNTR,24.21,24.21,24.23,2447700.0,5000.0,2347700.0,,0,0,0,0,0,0,0,0,0,0,206,2026-02-04 12:55:12.578714
SPNG,24.29,24.51,24.87,5000.0,2490500.0,2246400.0,,0,0,0,0,0,0,0,0,0,0,207,2026-02-04 12:55:13.611829
SMMR,25.11,25.11,25.12,5000.0,2249400.0,2100800.0,,0,0,0,0,0,0,0,0,0,0,207,2026-02-04 12:55:13.611829
ATMN,23.96,23.89,23.96,,2561500.0,2272100.0,,0,0,0,0,0,0,0,0,0,0,207,2026-02-04 12:55:13.611829
WNTR,24.21,24.21,24.23,,2466300.0,2298600.0,5000.0,0,0,0,0,0,0,0,0,0,0,207,2026-02-04 12:55:13.611829
SPNG,24.9,24.36,24.9,5000.0,2490500.0,2273400.0,,0,0,0,0,0,0,0,0,0,0,208,2026-02-04 12:55:14.656229
SMMR,25.11,24.99,25.03,,2265500.0,2117200.0,,0,0,0,0,0,0,0,0,0,0,208,2026-02-04 12:55:14.656229
ATMN,23.69,23.76,23.88,,2348900.0,2128900.0,5000.0,0,0,0,0,0,0,0,0,0,0,208,2026-02-04 12:55:14.656229
WNTR,24.15,24.15,24.22,,2483500.0,2305300.0,5000.0,0,0,0,0,0,0,0,0,0,0,208,2026-02-04 12:55:14.656229
SPNG,24.21,24.21,24.88,2649800.0,5000.0,2151500.0,,0,0,0,0,0,0,0,0,0,0,209,2026-02-04 12:55:15.691052
SMMR,25.03,25.12,25.13,2233400.0,5000.0,1982500.0,5000.0,0,0,0,0,0,0,0,0,0,0,209,2026-02-04 12:55:15.691052
ATMN,24.09,23.78,24.09,2476800.0,,2243700.0,5000.0,0,0,0,0,0,0,0,0,0,0,209,2026-02-04 12:55:15.691052
WNTR,24.22,24.22,24.23,2435300.0,,2425300.0,,0,0,0,0,0,0,0,0,0,0,209,2026-02-04 12:55:15.691052
SPNG,24.97,24.62,24.9,2570700.0,5000.0,2149300.0,,0,0,0,0,0,0,0,0,0,0,210,2026-02-04 12:55:16.719447
SMMR,25.15,25.12,25.15,2233400.0,,2103900.0,5000.0,0,0,0,0,0,0,0,0,0,0,210,2026-02-04 12:55:16.719447
ATMN,24.18,24.08,24.18,2410400.0,,2201500.0,5000.0,0,0,0,0,0,0,0,0,0,0,210,2026-02-04 12:55:16.719447
WNTR,24.22,24.22,24.23,2321200.0,,2422200.0,5000.0,0,0,0,0,0,0,0,0,0,0,210,2026-02-04 12:55:16.719447
SPNG,24.18,24.28,24.76,2614700.0,5000.0,2190500.0,,0,0,0,0,0,0,0,0,0,0,211,2026-02-04 12:55:17.753878
SMMR,25.15,25.12,25.15,2233400.0,,2115500.0,5000.0,0,0,0,0,0,0,0,0,0,0,211,2026-02-04 12:55:17.753878
ATMN,23.69,23.69,24.09,2360400.0,,2232500.0,,0,0,0,0,0,0,0,0,0,0,211,2026-02-04 12:55:17.753878
WNTR,24.23,24.15,24.23,2448300.0,,2422200.0,,0,0,0,0,0,0,0,0,0,0,211,2026-02-04 12:55:17.753878
SPNG,24.18,24.36,24.76,2532100.0,5000.0,2190500.0,,0,0,0,0,0,0,0,0,0,0,212,2026-02-04 12:55:18.792435
SMMR,25.15,25.12,25.13,2224600.0,,2151500.0,5000.0,0,0,0,0,0,0,0,0,0,0,212,2026-02-04 12:55:18.792435
ATMN,24.04,24.04,24.07,2481300.0,5000.0,2110700.0,,0,0,0,0,0,0,0,0,0,0,212,2026-02-04 12:55:18.792435
WNTR,24.15,24.16,24.23,2332400.0,,2412300.0,5000.0,0,0,0,0,0,0,0,0,0,0,212,2026-02-04 12:55:18.792435
SPNG,24.77,24.89,24.97,2325700.0,5000.0,2283500.0,,0,0,0,0,0,0,0,0,0,0,213,2026-02-04 12:55:19.819853
SMMR,25.06,25.08,25.11,2242800.0,5000.0,2131900.0,,0,0,0,0,0,0,0,0,0,0,213,2026-02-04 12:55:19.819853
ATMN,23.99,23.78,23.92,2482700.0,,2135100.0,5000.0,0,0,0,0,0,0,0,0,0,0,213,2026-02-04 12:55:19.819853
WNTR,24.15,24.11,24.12,2422300.0,,2450200.0,,0,0,0,0,0,0,0,0,0,0,213,2026-02-04 12:55:19.819853
SPNG,24.44,24.83,24.96,2335400.0,5000.0,5000.0,2188300.0,0,0,0,0,0,0,0,0,0,0,214,2026-02-04 12:55:20.858417
SMMR,24.99,24.99,25.11,2265500.0,,5000.0,2004600.0,0,0,0,0,0,0,0,0,0,0,214,2026-02-04 12:55:20.858417
ATMN,23.69,23.77,23.88,2364500.0,5000.0,5000.0,2135100.0,0,0,0,0,0,0,0,0,0,0,214,2026-02-04 12:55:20.858417
WNTR,24.12,24.07,24.09,2315900.0,5000.0,5000.0,2330100.0,0,0,0,0,0,0,0,0,0,0,214,2026-02-04 12:55:20.858417
SPNG,24.48,24.44,24.48,2525700.0,2317200.0,,,0,0,0,0,0,0,0,0,0,0,215,2026-02-04 12:55:21.891517
SMMR,25.12,24.99,25.1,2226900.0,1991800.0,5000.0,5000.0,0,0,0,0,0,0,0,0,0,0,215,2026-02-04 12:55:21.891517
ATMN,23.89,23.84,23.86,2328500.0,2154500.0,5000.0,5000.0,0,0,0,0,0,0,0,0,0,0,215,2026-02-04 12:55:21.891517
WNTR,24.07,24.08,24.11,2368300.0,2330100.0,5000.0,5000.0,0,0,0,0,0,0,0,0,0,0,215,2026-02-04 12:55:21.891517
SPNG,24.7,24.44,24.64,2485900.0,2203400.0,5000.0,,0,0,0,0,0,0,0,0,0,0,216,2026-02-04 12:55:22.919030
SMMR,25.13,24.99,25.03,2352000.0,1997900.0,5000.0,,0,0,0,0,0,0,0,0,0,0,216,2026-02-04 12:55:22.919030
ATMN,23.77,23.83,24.09,2340200.0,2227100.0,,5000.0,0,0,0,0,0,0,0,0,0,0,216,2026-02-04 12:55:22.919030
WNTR,24.12,24.15,24.21,2345100.0,2439500.0,,5000.0,0,0,0,0,0,0,0,0,0,0,216,2026-02-04 12:55:22.919030
SPNG,24.7,24.44,24.59,2427300.0,5000.0,2203400.0,,0,0,0,0,0,0,0,0,0,0,217,2026-02-04 12:55:23.950280
SMMR,24.98,24.98,25.03,2289300.0,5000.0,1997900.0,,0,0,0,0,0,0,0,0,0,0,217,2026-02-04 12:55:23.950280
ATMN,24.18,23.93,24.18,2266000.0,,2221500.0,5000.0,0,0,0,0,0,0,0,0,0,0,217,2026-02-04 12:55:23.950280
WNTR,24.13,24.17,24.21,2321600.0,,2439500.0,5000.0,0,0,0,0,0,0,0,0,0,0,217,2026-02-04 12:55:23.950280
SPNG,24.64,24.69,24.76,2456700.0,2284700.0,,,0,0,0,0,0,0,0,0,0,0,218,2026-02-04 12:55:24.486452
SMMR,24.98,24.98,25.01,2255000.0,1997900.0,5000.0,,0,0,0,0,0,0,0,0,0,0,218,2026-02-04 12:55:24.486452
ATMN,24.18,23.95,24.18,2266000.0,2213500.0,,5000.0,0,0,0,0,0,0,0,0,0,0,218,2026-02-04 12:55:24.486452
WNTR,24.11,24.13,24.18,2446000.0,2303400.0,5000.0,,0,0,0,0,0,0,0,0,0,0,218,2026-02-04 12:55:24.486452
SPNG,24.69,24.44,24.69,2430400.0,2204100.0,5000.0,,0,0,0,0,0,0,0,0,0,0,219,2026-02-04 12:55:25.519730
SMMR,25.14,25.14,25.17,2214600.0,2133900.0,,,0,0,0,0,0,0,0,0,0,0,219,2026-02-04 12:55:25.519730
ATMN,24.18,23.97,24.18,2289100.0,2225700.0,,5000.0,0,0,0,0,0,0,0,0,0,0,219,2026-02-04 12:55:25.519730
WNTR,24.06,24.06,24.21,2462000.0,2297600.0,5000.0,,0,0,0,0,0,0,0,0,0,0,219,2026-02-04 12:55:25.519730
SPNG,24.68,24.68,24.69,2273200.0,5000.0,2334900.0,,0,0,0,0,0,0,0,0,0,0,220,2026-02-04 12:55:26.555113
SMMR,25.2,25.16,25.2,2082400.0,5000.0,2039500.0,5000.0,0,0,0,0,0,0,0,0,0,0,220,2026-02-04 12:55:26.555113
ATMN,23.96,23.96,24.2,2417300.0,,2105600.0,5000.0,0,0,0,0,0,0,0,0,0,0,220,2026-02-04 12:55:26.555113
WNTR,24.06,24.07,24.18,2305800.0,5000.0,2286800.0,5000.0,0,0,0,0,0,0,0,0,0,0,220,2026-02-04 12:55:26.555113
SPNG,24.76,24.68,24.76,2273200.0,5000.0,2305600.0,,0,0,0,0,0,0,0,0,0,0,221,2026-02-04 12:55:27.592603
SMMR,24.98,24.89,24.96,2248300.0,,2023600.0,5000.0,0,0,0,0,0,0,0,0,0,0,221,2026-02-04 12:55:27.592603
ATMN,24.08,24.14,24.21,2399700.0,,2222000.0,,0,0,0,0,0,0,0,0,0,0,221,2026-02-04 12:55:27.592603
WNTR,24.06,24.09,24.12,2447200.0,,2286800.0,5000.0,0,0,0,0,0,0,0,0,0,0,221,2026-02-04 12:55:27.592603
SPNG,24.59,24.59,24.73,2403600.0,2201200.0,5000.0,,0,0,0,0,0,0,0,0,0,0,222,2026-02-04 12:55:28.621004
SMMR,24.98,24.89,24.94,2146300.0,2023600.0,5000.0,5000.0,0,0,0,0,0,0,0,0,0,0,222,2026-02-04 12:55:28.621004
ATMN,24.16,23.98,24.12,2251700.0,2097900.0,5000.0,5000.0,0,0,0,0,0,0,0,0,0,0,222,2026-02-04 12:55:28.621004
WNTR,24.15,24.16,24.18,2345000.0,2401100.0,,5000.0,0,0,0,0,0,0,0,0,0,0,222,2026-02-04 12:55:28.621004
SPNG,24.73,24.49,24.73,5000.0,2311200.0,2332300.0,,0,0,0,0,0,0,0,0,0,0,223,2026-02-04 12:55:29.694629
SMMR,24.92,24.96,25.2,5000.0,2103700.0,2152300.0,,0,0,0,0,0,0,0,0,0,0,223,2026-02-04 12:55:29.694629
ATMN,23.95,23.95,24.04,,2371300.0,2135500.0,5000.0,0,0,0,0,0,0,0,0,0,0,223,2026-02-04 12:55:29.694629
WNTR,24.16,24.17,24.18,5000.0,2345000.0,2393900.0,,0,0,0,0,0,0,0,0,0,0,223,2026-02-04 12:55:29.694629
SPNG,24.28,24.28,24.72,2440600.0,5000.0,2205700.0,,0,0,0,0,0,0,0,0,0,0,224,2026-02-04 12:55:30.753792
SMMR,25.23,25.17,25.23,2105600.0,,2182400.0,5000.0,0,0,0,0,0,0,0,0,0,0,224,2026-02-04 12:55:30.753792
ATMN,24.08,24.14,24.24,2325800.0,,2230000.0,,0,0,0,0,0,0,0,0,0,0,224,2026-02-04 12:55:30.753792
WNTR,24.16,24.17,24.18,2389500.0,,2407100.0,5000.0,0,0,0,0,0,0,0,0,0,0,224,2026-02-04 12:55:30.753792
SPNG,24.92,24.28,24.92,2383100.0,2317800.0,,0,0,0,0,0,0,0,0,0,0,0,225,2026-02-04 12:55:31.790279
SMMR,25.23,25.22,25.23,2091600.0,2183700.0,5000.0,0,0,0,0,0,0,0,0,0,0,0,225,2026-02-04 12:55:31.790279
ATMN,24.13,24.13,24.24,2395100.0,2230400.0,,0,0,0,0,0,0,0,0,0,0,0,225,2026-02-04 12:55:31.790279
WNTR,24.19,24.19,24.21,2509300.0,2378000.0,,0,0,0,0,0,0,0,0,0,0,0,225,2026-02-04 12:55:31.790279
SPNG,24.51,24.34,24.41,5000.0,2274000.0,2227000.0,5000.0,0,0,0,0,0,0,0,0,0,0,226,2026-02-04 12:55:32.821480
SMMR,25.15,24.96,25.09,5000.0,2103700.0,2095400.0,5000.0,0,0,0,0,0,0,0,0,0,0,226,2026-02-04 12:55:32.821480
ATMN,24.11,24.04,24.11,5000.0,2257600.0,2242700.0,,0,0,0,0,0,0,0,0,0,0,226,2026-02-04 12:55:32.821480
WNTR,24.16,24.16,24.23,,2491800.0,2273200.0,5000.0,0,0,0,0,0,0,0,0,0,0,226,2026-02-04 12:55:32.821480
SPNG,24.95,24.37,24.95,5000.0,2254500.0,2342900.0,,0,0,0,0,0,0,0,0,0,0,227,2026-02-04 12:55:33.850307
SMMR,25.23,24.98,25.23,5000.0,2135400.0,2196300.0,,0,0,0,0,0,0,0,0,0,0,227,2026-02-04 12:55:33.850307
ATMN,23.84,23.77,23.82,,2391000.0,2235100.0,,0,0,0,0,0,0,0,0,0,0,227,2026-02-04 12:55:33.850307
WNTR,24.23,24.16,24.2,,2516600.0,2244100.0,5000.0,0,0,0,0,0,0,0,0,0,0,227,2026-02-04 12:55:33.850307
SPNG,24.97,24.58,24.97,2230600.0,5000.0,2343600.0,,0,0,0,0,0,0,0,0,0,0,228,2026-02-04 12:55:34.880234
SMMR,25.24,24.98,25.24,2135400.0,5000.0,2211400.0,,0,0,0,0,0,0,0,0,0,0,228,2026-02-04 12:55:34.880234
ATMN,24.11,23.77,24.04,2421100.0,,2143500.0,5000.0,0,0,0,0,0,0,0,0,0,0,228,2026-02-04 12:55:34.880234
WNTR,24.24,24.16,24.24,2372800.0,5000.0,2324100.0,,0,0,0,0,0,0,0,0,0,0,228,2026-02-04 12:55:34.880234
SPNG,24.76,24.64,24.76,5000.0,2230600.0,2237800.0,5000.0,0,0,0,0,0,0,0,0,0,0,229,2026-02-04 12:55:35.914843
SMMR,25.24,25.18,25.24,5000.0,2119200.0,2090800.0,5000.0,0,0,0,0,0,0,0,0,0,0,229,2026-02-04 12:55:35.914843
ATMN,23.77,23.93,24.11,,2441400.0,2242700.0,,0,0,0,0,0,0,0,0,0,0,229,2026-02-04 12:55:35.914843
WNTR,24.15,24.15,24.28,,2497900.0,2351600.0,,0,0,0,0,0,0,0,0,0,0,229,2026-02-04 12:55:35.914843
SPNG,24.25,24.7,24.75,2226800.0,5000.0,5000.0,2238600.0,0,0,0,0,0,0,0,0,0,0,230,2026-02-04 12:55:36.946645
SMMR,25.22,25.22,25.24,2120500.0,5000.0,,2186800.0,0,0,0,0,0,0,0,0,0,0,230,2026-02-04 12:55:36.946645
ATMN,24.11,24.16,24.21,2277100.0,5000.0,5000.0,2123600.0,0,0,0,0,0,0,0,0,0,0,230,2026-02-04 12:55:36.946645
WNTR,24.3,24.3,24.31,2344700.0,5000.0,5000.0,2235100.0,0,0,0,0,0,0,0,0,0,0,230,2026-02-04 12:55:36.946645
SPNG,24.97,24.28,24.97,5000.0,2237600.0,2329700.0,,0,0,0,0,0,0,0,0,0,0,231,2026-02-04 12:55:37.974347
SMMR,25.24,24.97,25.22,5000.0,2153600.0,2040700.0,5000.0,0,0,0,0,0,0,0,0,0,0,231,2026-02-04 12:55:37.974347
ATMN,24.24,24.16,24.2,5000.0,2277100.0,2253000.0,,0,0,0,0,0,0,0,0,0,0,231,2026-02-04 12:55:37.974347
WNTR,24.31,24.21,24.31,5000.0,2352500.0,2339200.0,,0,0,0,0,0,0,0,0,0,0,231,2026-02-04 12:55:37.974347
SPNG,24.46,24.25,24.46,2243400.0,5000.0,2248300.0,5000.0,0,0,0,0,0,0,0,0,0,0,232,2026-02-04 12:55:39.002478
SMMR,24.99,25.02,25.22,2253600.0,,2153500.0,,0,0,0,0,0,0,0,0,0,0,232,2026-02-04 12:55:39.002478
ATMN,24.24,24.16,24.2,2402800.0,,2231400.0,,0,0,0,0,0,0,0,0,0,0,232,2026-02-04 12:55:39.002478
WNTR,24.32,24.31,24.32,2454700.0,,2339800.0,,0,0,0,0,0,0,0,0,0,0,232,2026-02-04 12:55:39.002478
SPNG,24.74,24.28,24.74,5000.0,2243400.0,2244100.0,5000.0,0,0,0,0,0,0,0,0,0,0,233,2026-02-04 12:55:40.036484
SMMR,24.97,25.01,25.22,5000.0,2147200.0,2153500.0,,0,0,0,0,0,0,0,0,0,0,233,2026-02-04 12:55:40.036484
ATMN,24.24,24.18,24.2,5000.0,2277100.0,2136000.0,5000.0,0,0,0,0,0,0,0,0,0,0,233,2026-02-04 12:55:40.036484
WNTR,24.32,24.19,24.32,,2465100.0,2254000.0,5000.0,0,0,0,0,0,0,0,0,0,0,233,2026-02-04 12:55:40.036484
SPNG,25.01,24.25,25.01,2338400.0,2292800.0,,,0,0,0,0,0,0,0,0,0,0,234,2026-02-04 12:55:41.075667
SMMR,25.24,25.12,25.24,2115200.0,2062100.0,5000.0,5000.0,0,0,0,0,0,0,0,0,0,0,234,2026-02-04 12:55:41.075667
ATMN,24.16,23.99,24.04,2245400.0,2166500.0,5000.0,5000.0,0,0,0,0,0,0,0,0,0,0,234,2026-02-04 12:55:41.075667
WNTR,24.32,24.19,24.21,2352500.0,2284100.0,5000.0,5000.0,0,0,0,0,0,0,0,0,0,0,234,2026-02-04 12:55:41.075667
SPNG,25.02,24.57,24.99,2212200.0,5000.0,5000.0,2167400.0,0,0,0,0,0,0,0,0,0,0,235,2026-02-04 12:55:41.605405
SMMR,25.25,25.12,25.25,2115200.0,5000.0,5000.0,2037900.0,0,0,0,0,0,0,0,0,0,0,235,2026-02-04 12:55:41.605405
ATMN,24.04,24.06,24.13,2209300.0,5000.0,5000.0,2136000.0,0,0,0,0,0,0,0,0,0,0,235,2026-02-04 12:55:41.605405
WNTR,24.21,24.19,24.21,2352500.0,5000.0,5000.0,2284100.0,0,0,0,0,0,0,0,0,0,0,235,2026-02-04 12:55:41.605405
SPNG,24.57,24.57,24.97,2347600.0,2289200.0,,,0,0,0,0,0,0,0,0,0,0,236,2026-02-04 12:55:42.638585
SMMR,24.92,24.92,25.25,2255000.0,2034900.0,5000.0,,0,0,0,0,0,0,0,0,0,0,236,2026-02-04 12:55:42.638585
ATMN,23.96,23.96,24.2,2395300.0,2136000.0,5000.0,,0,0,0,0,0,0,0,0,0,0,236,2026-02-04 12:55:42.638585
WNTR,24.21,24.19,24.2,2380900.0,2284100.0,5000.0,5000.0,0,0,0,0,0,0,0,0,0,0,236,2026-02-04 12:55:42.638585
SPNG,24.65,24.57,24.65,2347600.0,2284200.0,0,0,0,0,0,0,0,0,0,0,0,0,237,2026-02-04 12:55:43.689889
SMMR,25.25,24.93,25.11,2262500.0,2137900.0,0,0,0,0,0,0,0,0,0,0,0,0,237,2026-02-04 12:55:43.689889
ATMN,23.95,23.95,24.2,2417900.0,2246600.0,0,0,0,0,0,0,0,0,0,0,0,0,237,2026-02-04 12:55:43.689889
WNTR,24.15,24.14,24.15,2517800.0,2373000.0,0,0,0,0,0,0,0,0,0,0,0,0,237,2026-02-04 12:55:43.689889
SPNG,24.57,24.39,24.53,2317700.0,2239200.0,5000.0,,0,0,0,0,0,0,0,0,0,0,238,2026-02-04 12:55:44.729393
SMMR,25.02,25.02,25.11,2141500.0,2006800.0,5000.0,5000.0,0,0,0,0,0,0,0,0,0,0,238,2026-02-04 12:55:44.729393
ATMN,23.95,23.95,24.2,2417900.0,2264200.0,,,0,0,0,0,0,0,0,0,0,0,238,2026-02-04 12:55:44.729393
WNTR,24.17,24.14,24.17,2407800.0,2246800.0,5000.0,5000.0,0,0,0,0,0,0,0,0,0,0,238,2026-02-04 12:55:44.729393
SPNG,24.97,25.0,25.02,2296800.0,2275200.0,0,0,0,0,0,0,0,0,0,0,0,0,239,2026-02-04 12:55:45.761578
SMMR,24.93,24.93,25.1,2262500.0,2124500.0,0,0,0,0,0,0,0,0,0,0,0,0,239,2026-02-04 12:55:45.761578
ATMN,23.9,23.9,24.22,2392100.0,2240300.0,0,0,0,0,0,0,0,0,0,0,0,0,239,2026-02-04 12:55:45.761578
WNTR,24.24,24.14,24.18,2518100.0,2385800.0,0,0,0,0,0,0,0,0,0,0,0,0,239,2026-02-04 12:55:45.761578
SPNG,24.25,24.89,0.0,200000.0,,0,0,0,0,0,0,0,0,0,0,0,0,240,2026-02-04 12:55:46.832645
SMMR,25.1,24.24,0.0,200000.0,,0,0,0,0,0,0,0,0,0,0,0,0,240,2026-02-04 12:55:46.832645
ATMN,23.9,24.07,24.35,893700.0,874300.0,0,0,0,0,0,0,0,0,0,0,0,0,240,2026-02-04 12:55:46.832645
WNTR,24.24,23.42,0.0,200000.0,,0,0,0,0,0,0,0,0,0,0,0,0,240,2026-02-04 12:55:46.832645
SPNG,24.79,25.07,25.08,1133000.0,798900.0,,,0,0,0,0,0,0,0,0,0,0,241,2026-02-04 12:55:47.880328
SMMR,24.31,24.38,24.6,991200.0,964900.0,5000.0,,0,0,0,0,0,0,0,0,0,0,241,2026-02-04 12:55:47.880328
ATMN,24.07,24.07,24.18,900700.0,1166300.0,5000.0,,0,0,0,0,0,0,0,0,0,0,241,2026-02-04 12:55:47.880328
WNTR,24.24,23.61,23.62,1036200.0,1315500.0,,5000.0,0,0,0,0,0,0,0,0,0,0,241,2026-02-04 12:55:47.880328
SPNG,24.79,25.07,25.08,1133000.0,1127500.0,5000.0,,0,0,0,0,0,0,0,0,0,0,242,2026-02-04 12:55:48.915237
SMMR,24.31,24.38,24.41,991200.0,1284700.0,,,0,0,0,0,0,0,0,0,0,0,242,2026-02-04 12:55:48.915237
ATMN,24.07,23.9,24.0,930800.0,1479000.0,5000.0,,0,0,0,0,0,0,0,0,0,0,242,2026-02-04 12:55:48.915237
WNTR,23.61,23.55,23.58,1036200.0,1634300.0,,5000.0,0,0,0,0,0,0,0,0,0,0,242,2026-02-04 12:55:48.915237
SPNG,25.07,24.84,24.9,1226700.0,1236900.0,5000.0,0,0,0,0,0,0,0,0,0,0,0,243,2026-02-04 12:55:49.945552
SMMR,24.24,24.24,24.33,890100.0,1505000.0,5000.0,0,0,0,0,0,0,0,0,0,0,0,243,2026-02-04 12:55:49.945552
ATMN,24.18,23.91,24.18,1317800.0,1352900.0,,0,0,0,0,0,0,0,0,0,0,0,243,2026-02-04 12:55:49.945552
WNTR,23.55,23.46,23.48,1036200.0,2115600.0,,0,0,0,0,0,0,0,0,0,0,0,243,2026-02-04 12:55:49.945552
SPNG,25.08,24.87,25.08,5000.0,1353900.0,1326800.0,5000.0,0,0,0,0,0,0,0,0,0,0,244,2026-02-04 12:55:50.976149
SMMR,24.33,24.24,24.33,5000.0,890100.0,1604100.0,,0,0,0,0,0,0,0,0,0,0,244,2026-02-04 12:55:50.976149
ATMN,23.9,23.95,24.18,5000.0,1183400.0,1464200.0,5000.0,0,0,0,0,0,0,0,0,0,0,244,2026-02-04 12:55:50.976149
WNTR,23.42,23.46,23.48,5000.0,1060700.0,2226800.0,5000.0,0,0,0,0,0,0,0,0,0,0,244,2026-02-04 12:55:50.976149
SPNG,24.83,24.7,24.72,1130800.0,1646100.0,,0,0,0,0,0,0,0,0,0,0,0,245,2026-02-04 12:55:52.007826
SMMR,24.33,24.3,24.33,890100.0,1919300.0,5000.0,0,0,0,0,0,0,0,0,0,0,0,245,2026-02-04 12:55:52.007826
ATMN,23.9,23.97,24.18,1522700.0,1464200.0,5000.0,0,0,0,0,0,0,0,0,0,0,0,245,2026-02-04 12:55:52.007826
WNTR,23.48,23.35,23.48,1241700.0,2226800.0,,0,0,0,0,0,0,0,0,0,0,0,245,2026-02-04 12:55:52.007826
SPNG,24.72,24.74,24.77,1500400.0,5000.0,1541000.0,,0,0,0,0,0,0,0,0,0,0,246,2026-02-04 12:55:53.040047
SMMR,24.32,24.32,24.33,1097600.0,,1919300.0,5000.0,0,0,0,0,0,0,0,0,0,0,246,2026-02-04 12:55:53.040047
ATMN,24.27,24.3,24.35,1616400.0,,1263100.0,,0,0,0,0,0,0,0,0,0,0,246,2026-02-04 12:55:53.040047
WNTR,23.4,23.35,23.4,1390700.0,,2128400.0,,0,0,0,0,0,0,0,0,0,0,246,2026-02-04 12:55:53.040047
SPNG,25.01,24.74,24.76,1721600.0,5000.0,5000.0,1541000.0,0,0,0,0,0,0,0,0,0,0,247,2026-02-04 12:55:54.064320
SMMR,24.32,24.24,24.32,1006400.0,,5000.0,2025700.0,0,0,0,0,0,0,0,0,0,0,247,2026-02-04 12:55:54.064320
ATMN,24.3,24.06,24.15,1654700.0,5000.0,5000.0,1488400.0,0,0,0,0,0,0,0,0,0,0,247,2026-02-04 12:55:54.064320
WNTR,23.39,23.35,23.38,1537400.0,,,2371000.0,0,0,0,0,0,0,0,0,0,0,247,2026-02-04 12:55:54.064320
SPNG,25.01,24.78,25.01,5000.0,1831100.0,1741500.0,,0,0,0,0,0,0,0,0,0,0,248,2026-02-04 12:55:55.091607
SMMR,24.32,24.24,24.26,,1006400.0,2074100.0,5000.0,0,0,0,0,0,0,0,0,0,0,248,2026-02-04 12:55:55.091607
ATMN,24.15,24.08,24.15,5000.0,1754300.0,1488400.0,,0,0,0,0,0,0,0,0,0,0,248,2026-02-04 12:55:55.091607
WNTR,23.38,23.32,23.38,,1536100.0,2375100.0,,0,0,0,0,0,0,0,0,0,0,248,2026-02-04 12:55:55.091607
SPNG,24.6,24.6,24.95,1713500.0,5000.0,1741500.0,0,0,0,0,0,0,0,0,0,0,0,249,2026-02-04 12:55:56.161449
SMMR,24.24,24.24,24.26,1039300.0,5000.0,2074300.0,0,0,0,0,0,0,0,0,0,0,0,249,2026-02-04 12:55:56.161449
ATMN,24.04,23.88,23.98,1497200.0,5000.0,1484500.0,0,0,0,0,0,0,0,0,0,0,0,249,2026-02-04 12:55:56.161449
WNTR,23.32,23.2,23.21,1650600.0,5000.0,2247900.0,0,0,0,0,0,0,0,0,0,0,0,249,2026-02-04 12:55:56.161449
SPNG,25.01,24.62,24.83,1982800.0,5000.0,1632000.0,0,0,0,0,0,0,0,0,0,0,0,250,2026-02-04 12:55:56.691998
SMMR,24.3,24.24,24.3,1158700.0,,2187100.0,0,0,0,0,0,0,0,0,0,0,0,250,2026-02-04 12:55:56.691998
ATMN,23.98,24.19,24.35,1736900.0,,1355600.0,0,0,0,0,0,0,0,0,0,0,0,250,2026-02-04 12:55:56.691998
