ticker,last_price,bid_price,ask_price,BUY_ANON,SELL_ANON,BUY_WRSW-1,BUY_UEBR-1,BUY_BRCH-1,BUY_LAVL-1,SELL_CALG-1,SELL_GIOT-3,SELL_CHUL-4,SELL_LAVL-1,BUY_GIOT-3,BUY_CHUL-4,SELL_UEBR-1,SELL_WRSW-1,BUY_WRSW-3,SELL_WRSW-3,SELL_COLA-1,BUY_CALG-1,BUY_COLA-1,SELL_BRCH-1,BUY_WRSW-4,SELL_LUIS-1,SELL_WRSW-4,BUY_LUIS-1,tick,timestamp
SPNG,0.0,0.0,0.0,2297400.0,2193500.0,0,0,0,0,0,0,0,0,0,0,0,0,0,0,0,0,0,0,0,0,0,0,0,2026-02-05 22:45:47.657604
SMMR,0.0,0.0,0.0,1759600.0,2059400.0,0,0,0,0,0,0,0,0,0,0,0,0,0,0,0,0,0,0,0,0,0,0,0,2026-02-05 22:45:47.657604
ATMN,0.0,0.0,0.0,2321200.0,2169500.0,0,0,0,0,0,0,0,0,0,0,0,0,0,0,0,0,0,0,0,0,0,0,0,2026-02-05 22:45:47.657604
WNTR,0.0,0.0,0.0,1982400.0,2272600.0,0,0,0,0,0,0,0,0,0,0,0,0,0,0,0,0,0,0,0,0,0,0,0,2026-02-05 22:45:47.657604
SPNG,24.69,25.0,25.29,2353800.0,2193500.0,0,0,0,0,0,0,0,0,0,0,0,0,0,0,0,0,0,0,0,0,0,0,1,2026-02-05 22:45:48.317956,2.0,1.0,1.0,,Aggregate Position Limit,Your CRO has set the aggregate position limit to 10000 shares for this week.
SMMR,25.04,24.87,25.04,1652300.0,2042600.0,0,0,0,0,0,0,0,0,0,0,0,0,0,0,0,0,0,0,0,0,0,0,1,2026-02-05 22:45:48.317956,1.0,1.0,1.0,,Welcome to the RITC 2026 Alogithmic Market Making Case - practice server,
ATMN,24.65,24.86,25.21,2318300.0,2169500.0,0,0,0,0,0,0,0,0,0,0,0,0,0,0,0,0,0,0,0,0,0,0,1,2026-02-05 22:45:48.317956,,,,,,
WNTR,0.0,25.03,25.1,2085000.0,2309000.0,0,0,0,0,0,0,0,0,0,0,0,0,0,0,0,0,0,0,0,0,0,0,1,2026-02-05 22:45:48.317956,,,,,,
SPNG,25.0,25.0,25.29,2353800.0,2328400.0,0,0,0,0,0,0,0,0,0,0,0,0,0,0,0,0,0,0,0,0,0,0,2,2026-02-05 22:45:49.418627
SMMR,25.12,25.07,25.12,1761500.0,2076100.0,0,0,0,0,0,0,0,0,0,0,0,0,0,0,0,0,0,0,0,0,0,0,2,2026-02-05 22:45:49.418627
ATMN,25.35,24.65,25.35,2350300.0,2034000.0,0,0,0,0,0,0,0,0,0,0,0,0,0,0,0,0,0,0,0,0,0,0,2,2026-02-05 22:45:49.418627
WNTR,25.03,24.85,25.03,2104100.0,2352000.0,0,0,0,0,0,0,0,0,0,0,0,0,0,0,0,0,0,0,0,0,0,0,2,2026-02-05 22:45:49.418627
SPNG,24.48,24.92,25.29,2317500.0,2350500.0,0,0,0,0,0,0,0,0,0,0,0,0,0,0,0,0,0,0,0,0,0,0,3,2026-02-05 22:45:50.500775
SMMR,24.87,25.06,25.12,1883300.0,2076100.0,0,0,0,0,0,0,0,0,0,0,0,0,0,0,0,0,0,0,0,0,0,0,3,2026-02-05 22:45:50.500775
ATMN,24.96,25.16,25.35,2359100.0,2034000.0,0,0,0,0,0,0,0,0,0,0,0,0,0,0,0,0,0,0,0,0,0,0,3,2026-02-05 22:45:50.500775
WNTR,24.92,24.92,25.03,2213100.0,2322800.0,0,0,0,0,0,0,0,0,0,0,0,0,0,0,0,0,0,0,0,0,0,0,3,2026-02-05 22:45:50.500775
SPNG,24.44,24.44,25.29,2344700.0,2350500.0,0,0,0,0,0,0,0,0,0,0,0,0,0,0,0,0,0,0,0,0,0,0,4,2026-02-05 22:45:51.552583
SMMR,25.06,25.06,25.12,1883300.0,2040600.0,0,0,0,0,0,0,0,0,0,0,0,0,0,0,0,0,0,0,0,0,0,0,4,2026-02-05 22:45:51.552583
ATMN,24.96,25.16,25.35,2359100.0,2391600.0,0,0,0,0,0,0,0,0,0,0,0,0,0,0,0,0,0,0,0,0,0,0,4,2026-02-05 22:45:51.552583
WNTR,24.88,24.91,24.95,2200400.0,2307600.0,0,0,0,0,0,0,0,0,0,0,0,0,0,0,0,0,0,0,0,0,0,0,4,2026-02-05 22:45:51.552583
SPNG,24.44,24.88,25.12,2378700.0,2336800.0,0,0,0,0,0,0,0,0,0,0,0,0,0,0,0,0,0,0,0,0,0,0,5,2026-02-05 22:45:52.626678
SMMR,24.9,24.9,24.97,1900700.0,2064900.0,0,0,0,0,0,0,0,0,0,0,0,0,0,0,0,0,0,0,0,0,0,0,5,2026-02-05 22:45:52.626678
ATMN,24.65,24.65,25.11,2347000.0,2418800.0,0,0,0,0,0,0,0,0,0,0,0,0,0,0,0,0,0,0,0,0,0,0,5,2026-02-05 22:45:52.626678
WNTR,24.91,24.85,24.9,2207800.0,2341400.0,0,0,0,0,0,0,0,0,0,0,0,0,0,0,0,0,0,0,0,0,0,0,5,2026-02-05 22:45:52.626678
SPNG,24.44,24.88,25.12,2434100.0,2336800.0,0,0,0,0,0,0,0,0,0,0,0,0,0,0,0,0,0,0,0,0,0,0,6,2026-02-05 22:45:53.707269
SMMR,25.12,24.9,25.05,1900700.0,2060400.0,0,0,0,0,0,0,0,0,0,0,0,0,0,0,0,0,0,0,0,0,0,0,6,2026-02-05 22:45:53.707269
ATMN,25.11,25.13,25.29,2297300.0,2400300.0,0,0,0,0,0,0,0,0,0,0,0,0,0,0,0,0,0,0,0,0,0,0,6,2026-02-05 22:45:53.707269
WNTR,24.84,24.84,25.1,2232000.0,2312700.0,0,0,0,0,0,0,0,0,0,0,0,0,0,0,0,0,0,0,0,0,0,0,6,2026-02-05 22:45:53.707269
SPNG,25.12,25.2,25.28,2425800.0,2337600.0,0,0,0,0,0,0,0,0,0,0,0,0,0,0,0,0,0,0,0,0,0,0,7,2026-02-05 22:45:54.293083
SMMR,25.12,24.9,25.05,2021100.0,2035500.0,0,0,0,0,0,0,0,0,0,0,0,0,0,0,0,0,0,0,0,0,0,0,7,2026-02-05 22:45:54.293083
ATMN,25.13,25.13,25.29,2297300.0,2412400.0,0,0,0,0,0,0,0,0,0,0,0,0,0,0,0,0,0,0,0,0,0,0,7,2026-02-05 22:45:54.293083
WNTR,24.84,24.79,24.83,2240500.0,2288000.0,0,0,0,0,0,0,0,0,0,0,0,0,0,0,0,0,0,0,0,0,0,0,7,2026-02-05 22:45:54.293083
SPNG,25.2,24.88,25.1,2434100.0,2355100.0,0,0,0,0,0,0,0,0,0,0,0,0,0,0,0,0,0,0,0,0,0,0,8,2026-02-05 22:45:55.397066
SMMR,25.15,24.9,25.15,2116300.0,2062300.0,0,0,0,0,0,0,0,0,0,0,0,0,0,0,0,0,0,0,0,0,0,0,8,2026-02-05 22:45:55.397066
ATMN,24.65,25.28,25.29,2307900.0,2442800.0,0,0,0,0,0,0,0,0,0,0,0,0,0,0,0,0,0,0,0,0,0,0,8,2026-02-05 22:45:55.397066
WNTR,24.93,24.93,25.1,2270700.0,2312700.0,0,0,0,0,0,0,0,0,0,0,0,0,0,0,0,0,0,0,0,0,0,0,8,2026-02-05 22:45:55.397066
SPNG,25.2,25.08,25.1,2435500.0,2342000.0,0,0,0,0,0,0,0,0,0,0,0,0,0,0,0,0,0,0,0,0,0,0,9,2026-02-05 22:45:56.457749
SMMR,25.15,24.9,25.14,2091900.0,2055800.0,0,0,0,0,0,0,0,0,0,0,0,0,0,0,0,0,0,0,0,0,0,0,9,2026-02-05 22:45:56.457749
ATMN,24.74,24.82,25.04,2319600.0,2429300.0,0,0,0,0,0,0,0,0,0,0,0,0,0,0,0,0,0,0,0,0,0,0,9,2026-02-05 22:45:56.457749
WNTR,24.76,24.9,25.05,2258900.0,2298400.0,0,0,0,0,0,0,0,0,0,0,0,0,0,0,0,0,0,0,0,0,0,0,9,2026-02-05 22:45:56.457749
SPNG,25.28,24.88,25.28,2453200.0,2363100.0,0,0,0,0,0,0,0,0,0,0,0,0,0,0,0,0,0,0,0,0,0,0,10,2026-02-05 22:45:57.515432
SMMR,24.87,24.83,24.86,2101200.0,2096300.0,0,0,0,0,0,0,0,0,0,0,0,0,0,0,0,0,0,0,0,0,0,0,10,2026-02-05 22:45:57.515432
ATMN,24.82,24.82,25.35,2319600.0,2429900.0,0,0,0,0,0,0,0,0,0,0,0,0,0,0,0,0,0,0,0,0,0,0,10,2026-02-05 22:45:57.515432
WNTR,25.1,24.98,25.1,2258900.0,2307000.0,0,0,0,0,0,0,0,0,0,0,0,0,0,0,0,0,0,0,0,0,0,0,10,2026-02-05 22:45:57.515432
SPNG,24.76,24.76,25.07,2445700.0,2332100.0,0,0,0,0,0,0,0,0,0,0,0,0,0,0,0,0,0,0,0,0,0,0,11,2026-02-05 22:45:58.771444
SMMR,25.14,24.83,25.14,2141700.0,2055800.0,0,0,0,0,0,0,0,0,0,0,0,0,0,0,0,0,0,0,0,0,0,0,11,2026-02-05 22:45:58.771444
ATMN,24.82,24.83,25.27,2364400.0,2449600.0,0,0,0,0,0,0,0,0,0,0,0,0,0,0,0,0,0,0,0,0,0,0,11,2026-02-05 22:45:58.771444
WNTR,24.76,24.76,25.06,2268000.0,2297000.0,0,0,0,0,0,0,0,0,0,0,0,0,0,0,0,0,0,0,0,0,0,0,11,2026-02-05 22:45:58.771444
SPNG,24.76,24.81,25.07,2482100.0,2332100.0,0,0,0,0,0,0,0,0,0,0,0,0,0,0,0,0,0,0,0,0,0,0,12,2026-02-05 22:45:59.315494
SMMR,25.14,24.83,25.14,2154600.0,2055800.0,0,0,0,0,0,0,0,0,0,0,0,0,0,0,0,0,0,0,0,0,0,0,12,2026-02-05 22:45:59.315494
ATMN,24.83,24.83,25.27,2364400.0,2415100.0,0,0,0,0,0,0,0,0,0,0,0,0,0,0,0,0,0,0,0,0,0,0,12,2026-02-05 22:45:59.315494
WNTR,25.06,24.76,25.06,2268000.0,2319800.0,0,0,0,0,0,0,0,0,0,0,0,0,0,0,0,0,0,0,0,0,0,0,12,2026-02-05 22:45:59.315494
SPNG,24.76,24.76,25.07,2490400.0,2355500.0,0,0,0,0,0,0,0,0,0,0,0,0,0,0,0,0,0,0,0,0,0,0,13,2026-02-05 22:46:00.379984
SMMR,25.14,24.83,25.14,2187500.0,2089600.0,0,0,0,0,0,0,0,0,0,0,0,0,0,0,0,0,0,0,0,0,0,0,13,2026-02-05 22:46:00.379984
ATMN,25.23,24.83,24.96,2364400.0,2399800.0,0,0,0,0,0,0,0,0,0,0,0,0,0,0,0,0,0,0,0,0,0,0,13,2026-02-05 22:46:00.379984
WNTR,25.1,24.83,25.1,2285300.0,2306700.0,0,0,0,0,0,0,0,0,0,0,0,0,0,0,0,0,0,0,0,0,0,0,13,2026-02-05 22:46:00.379984
SPNG,25.11,24.83,25.11,2473200.0,2364500.0,0,0,0,0,0,0,0,0,0,0,0,0,0,0,0,0,0,0,0,0,0,0,14,2026-02-05 22:46:01.461670
SMMR,25.14,24.83,25.08,2190300.0,2148000.0,0,0,0,0,0,0,0,0,0,0,0,0,0,0,0,0,0,0,0,0,0,0,14,2026-02-05 22:46:01.461670
ATMN,25.27,24.83,24.96,2364400.0,2407400.0,0,0,0,0,0,0,0,0,0,0,0,0,0,0,0,0,0,0,0,0,0,0,14,2026-02-05 22:46:01.461670
WNTR,24.83,24.88,25.1,2283000.0,2306700.0,0,0,0,0,0,0,0,0,0,0,0,0,0,0,0,0,0,0,0,0,0,0,14,2026-02-05 22:46:01.461670
SPNG,24.64,24.93,25.11,2441700.0,2364500.0,0,0,0,0,0,0,0,0,0,0,0,0,0,0,0,0,0,0,0,0,0,0,15,2026-02-05 22:46:02.514956
SMMR,25.1,24.83,24.95,2190300.0,2121900.0,0,0,0,0,0,0,0,0,0,0,0,0,0,0,0,0,0,0,0,0,0,0,15,2026-02-05 22:46:02.514956
ATMN,24.96,24.9,24.96,2371200.0,2407400.0,0,0,0,0,0,0,0,0,0,0,0,0,0,0,0,0,0,0,0,0,0,0,15,2026-02-05 22:46:02.514956
WNTR,24.83,24.91,25.1,2315000.0,2276600.0,0,0,0,0,0,0,0,0,0,0,0,0,0,0,0,0,0,0,0,0,0,0,15,2026-02-05 22:46:02.514956
SPNG,25.11,24.93,25.11,2405100.0,2375400.0,0,0,0,0,0,0,0,0,0,0,0,0,0,0,0,0,0,0,0,0,0,0,16,2026-02-05 22:46:03.547916
SMMR,24.83,24.84,24.95,2185100.0,2121900.0,0,0,0,0,0,0,0,0,0,0,0,0,0,0,0,0,0,0,0,0,0,0,16,2026-02-05 22:46:03.547916
ATMN,25.27,25.33,25.35,2379200.0,2426700.0,0,0,0,0,0,0,0,0,0,0,0,0,0,0,0,0,0,0,0,0,0,0,16,2026-02-05 22:46:03.547916
WNTR,24.83,24.91,25.09,2342400.0,2315100.0,0,0,0,0,0,0,0,0,0,0,0,0,0,0,0,0,0,0,0,0,0,0,16,2026-02-05 22:46:03.547916
SPNG,25.11,25.14,25.24,2401300.0,2364600.0,0,0,0,0,0,0,0,0,0,0,0,0,0,0,0,0,0,0,0,0,0,0,17,2026-02-05 22:46:04.583239
SMMR,24.95,24.98,25.14,2188500.0,2122800.0,0,0,0,0,0,0,0,0,0,0,0,0,0,0,0,0,0,0,0,0,0,0,17,2026-02-05 22:46:04.583239
ATMN,25.08,24.9,25.0,2379400.0,2418000.0,0,0,0,0,0,0,0,0,0,0,0,0,0,0,0,0,0,0,0,0,0,0,17,2026-02-05 22:46:04.583239
WNTR,25.1,24.98,25.1,2339100.0,2276600.0,0,0,0,0,0,0,0,0,0,0,0,0,0,0,0,0,0,0,0,0,0,0,17,2026-02-05 22:46:04.583239
SPNG,24.93,24.93,25.24,2405100.0,2329300.0,0,0,0,0,0,0,0,0,0,0,0,0,0,0,0,0,0,0,0,0,0,0,18,2026-02-05 22:46:05.653086
SMMR,25.12,24.98,25.12,2188500.0,2124400.0,0,0,0,0,0,0,0,0,0,0,0,0,0,0,0,0,0,0,0,0,0,0,18,2026-02-05 22:46:05.653086
ATMN,25.35,24.98,25.35,2432300.0,2426700.0,0,0,0,0,0,0,0,0,0,0,0,0,0,0,0,0,0,0,0,0,0,0,18,2026-02-05 22:46:05.653086
WNTR,24.91,24.91,24.95,2333200.0,2319300.0,0,0,0,0,0,0,0,0,0,0,0,0,0,0,0,0,0,0,0,0,0,0,18,2026-02-05 22:46:05.653086
SPNG,24.93,24.76,24.87,2434800.0,2350600.0,0,0,0,0,0,0,0,0,0,0,0,0,0,0,0,0,0,0,0,0,0,0,19,2026-02-05 22:46:06.711465
SMMR,25.12,24.98,24.99,2188500.0,2151900.0,0,0,0,0,0,0,0,0,0,0,0,0,0,0,0,0,0,0,0,0,0,0,19,2026-02-05 22:46:06.711465
ATMN,25.36,24.98,25.22,2457500.0,2408400.0,0,0,0,0,0,0,0,0,0,0,0,0,0,0,0,0,0,0,0,0,0,0,19,2026-02-05 22:46:06.711465
WNTR,24.95,24.91,24.95,2350300.0,2319300.0,0,0,0,0,0,0,0,0,0,0,0,0,0,0,0,0,0,0,0,0,0,0,19,2026-02-05 22:46:06.711465
SPNG,24.76,24.76,25.18,2434800.0,2333100.0,0,0,0,0,0,0,0,0,0,0,0,0,0,0,0,0,0,0,0,0,0,0,20,2026-02-05 22:46:07.742809
SMMR,24.98,24.84,24.97,2183800.0,2123200.0,0,0,0,0,0,0,0,0,0,0,0,0,0,0,0,0,0,0,0,0,0,0,20,2026-02-05 22:46:07.742809
ATMN,25.09,25.35,25.39,2474900.0,2424600.0,0,0,0,0,0,0,0,0,0,0,0,0,0,0,0,0,0,0,0,0,0,0,20,2026-02-05 22:46:07.742809
WNTR,24.95,24.91,24.95,2376800.0,2310800.0,0,0,0,0,0,0,0,0,0,0,0,0,0,0,0,0,0,0,0,0,0,0,20,2026-02-05 22:46:07.742809
SPNG,25.24,24.76,25.24,2434800.0,2326800.0,0,0,0,0,0,0,0,0,0,0,0,0,0,0,0,0,0,0,0,0,0,0,21,2026-02-05 22:46:08.799868
SMMR,24.84,24.84,24.97,2189800.0,2123200.0,0,0,0,0,0,0,0,0,0,0,0,0,0,0,0,0,0,0,0,0,0,0,21,2026-02-05 22:46:08.799868
ATMN,25.4,25.03,25.4,2462200.0,2403700.0,0,0,0,0,0,0,0,0,0,0,0,0,0,0,0,0,0,0,0,0,0,0,21,2026-02-05 22:46:08.799868
WNTR,24.95,24.91,24.95,2431300.0,2310800.0,0,0,0,0,0,0,0,0,0,0,0,0,0,0,0,0,0,0,0,0,0,0,21,2026-02-05 22:46:08.799868
SPNG,24.64,24.64,25.29,2434200.0,2313200.0,0,0,0,0,0,0,0,0,0,0,0,0,0,0,0,0,0,0,0,0,0,0,22,2026-02-05 22:46:09.385133
SMMR,24.84,24.84,24.97,2181100.0,2123200.0,0,0,0,0,0,0,0,0,0,0,0,0,0,0,0,0,0,0,0,0,0,0,22,2026-02-05 22:46:09.385133
ATMN,25.45,25.19,25.45,2453400.0,2385100.0,0,0,0,0,0,0,0,0,0,0,0,0,0,0,0,0,0,0,0,0,0,0,22,2026-02-05 22:46:09.385133
WNTR,24.91,24.88,24.91,2406200.0,2308100.0,0,0,0,0,0,0,0,0,0,0,0,0,0,0,0,0,0,0,0,0,0,0,22,2026-02-05 22:46:09.385133
SPNG,24.64,24.61,24.64,2464300.0,2292000.0,0,0,0,0,0,0,0,0,0,0,0,0,0,0,0,0,0,0,0,0,0,0,23,2026-02-05 22:46:10.438486
SMMR,24.99,24.97,24.99,2193400.0,2130100.0,0,0,0,0,0,0,0,0,0,0,0,0,0,0,0,0,0,0,0,0,0,0,23,2026-02-05 22:46:10.438486
ATMN,25.03,25.03,25.45,2462200.0,2368600.0,0,0,0,0,0,0,0,0,0,0,0,0,0,0,0,0,0,0,0,0,0,0,23,2026-02-05 22:46:10.438486
WNTR,24.99,24.9,24.99,2423600.0,2306400.0,0,0,0,0,0,0,0,0,0,0,0,0,0,0,0,0,0,0,0,0,0,0,23,2026-02-05 22:46:10.438486
SPNG,25.06,24.98,25.06,2453000.0,2313300.0,0,0,0,0,0,0,0,0,0,0,0,0,0,0,0,0,0,0,0,0,0,0,24,2026-02-05 22:46:11.483462
SMMR,24.97,24.97,24.99,2163300.0,2142100.0,0,0,0,0,0,0,0,0,0,0,0,0,0,0,0,0,0,0,0,0,0,0,24,2026-02-05 22:46:11.483462
ATMN,24.98,24.98,25.45,2471900.0,2373000.0,0,0,0,0,0,0,0,0,0,0,0,0,0,0,0,0,0,0,0,0,0,0,24,2026-02-05 22:46:11.483462
WNTR,24.99,24.9,24.91,2388800.0,2301000.0,0,0,0,0,0,0,0,0,0,0,0,0,0,0,0,0,0,0,0,0,0,0,24,2026-02-05 22:46:11.483462
SPNG,25.04,25.04,25.06,2457300.0,2313300.0,0,0,0,0,0,0,0,0,0,0,0,0,0,0,0,0,0,0,0,0,0,0,25,2026-02-05 22:46:12.539682
SMMR,24.95,24.95,24.99,2145700.0,2142100.0,0,0,0,0,0,0,0,0,0,0,0,0,0,0,0,0,0,0,0,0,0,0,25,2026-02-05 22:46:12.539682
ATMN,24.98,24.98,25.45,2468600.0,2373000.0,0,0,0,0,0,0,0,0,0,0,0,0,0,0,0,0,0,0,0,0,0,0,25,2026-02-05 22:46:12.539682
WNTR,25.1,24.9,24.98,2388800.0,2305700.0,0,0,0,0,0,0,0,0,0,0,0,0,0,0,0,0,0,0,0,0,0,0,25,2026-02-05 22:46:12.539682
SPNG,25.3,25.04,25.3,2476100.0,2322200.0,0,0,0,0,0,0,0,0,0,0,0,0,0,0,0,0,0,0,0,0,0,0,26,2026-02-05 22:46:13.630282
SMMR,25.04,25.04,25.07,2156700.0,2147600.0,0,0,0,0,0,0,0,0,0,0,0,0,0,0,0,0,0,0,0,0,0,0,26,2026-02-05 22:46:13.630282
ATMN,25.48,24.99,25.48,2469800.0,2363500.0,0,0,0,0,0,0,0,0,0,0,0,0,0,0,0,0,0,0,0,0,0,0,26,2026-02-05 22:46:13.630282
WNTR,25.16,24.9,24.96,2372800.0,2265900.0,0,0,0,0,0,0,0,0,0,0,0,0,0,0,0,0,0,0,0,0,0,0,26,2026-02-05 22:46:13.630282
SPNG,24.68,25.14,25.3,2460300.0,2331400.0,0,0,0,0,0,0,0,0,0,0,0,0,0,0,0,0,0,0,0,0,0,0,27,2026-02-05 22:46:14.878072
SMMR,24.85,24.84,24.85,2146200.0,2174300.0,0,0,0,0,0,0,0,0,0,0,0,0,0,0,0,0,0,0,0,0,0,0,27,2026-02-05 22:46:14.878072
ATMN,25.03,24.99,25.03,2460200.0,2353400.0,0,0,0,0,0,0,0,0,0,0,0,0,0,0,0,0,0,0,0,0,0,0,27,2026-02-05 22:46:14.878072
WNTR,24.88,24.88,24.96,2412200.0,2255600.0,0,0,0,0,0,0,0,0,0,0,0,0,0,0,0,0,0,0,0,0,0,0,27,2026-02-05 22:46:14.878072
SPNG,24.6,24.85,25.3,2446400.0,2331400.0,0,0,0,0,0,0,0,0,0,0,0,0,0,0,0,0,0,0,0,0,0,0,28,2026-02-05 22:46:15.431911
SMMR,24.85,24.85,25.07,2149700.0,2147600.0,0,0,0,0,0,0,0,0,0,0,0,0,0,0,0,0,0,0,0,0,0,0,28,2026-02-05 22:46:15.431911
ATMN,25.03,24.99,25.03,2463400.0,2353400.0,0,0,0,0,0,0,0,0,0,0,0,0,0,0,0,0,0,0,0,0,0,0,28,2026-02-05 22:46:15.431911
WNTR,24.96,24.88,24.96,2412200.0,2255600.0,0,0,0,0,0,0,0,0,0,0,0,0,0,0,0,0,0,0,0,0,0,0,28,2026-02-05 22:46:15.431911
SPNG,24.6,24.85,25.3,2446400.0,2320900.0,0,0,0,0,0,0,0,0,0,0,0,0,0,0,0,0,0,0,0,0,0,0,29,2026-02-05 22:46:16.477869
SMMR,24.84,24.85,25.07,2143400.0,2147600.0,0,0,0,0,0,0,0,0,0,0,0,0,0,0,0,0,0,0,0,0,0,0,29,2026-02-05 22:46:16.477869
ATMN,24.9,24.9,25.48,2484100.0,2339700.0,0,0,0,0,0,0,0,0,0,0,0,0,0,0,0,0,0,0,0,0,0,0,29,2026-02-05 22:46:16.477869
WNTR,24.88,24.88,25.09,2392900.0,2249200.0,0,0,0,0,0,0,0,0,0,0,0,0,0,0,0,0,0,0,0,0,0,0,29,2026-02-05 22:46:16.477869
SPNG,25.3,24.85,25.3,2468400.0,2321900.0,0,0,0,0,0,0,0,0,0,0,0,0,0,0,0,0,0,0,0,0,0,0,30,2026-02-05 22:46:17.559619
SMMR,24.85,24.85,25.0,2143400.0,2128400.0,0,0,0,0,0,0,0,0,0,0,0,0,0,0,0,0,0,0,0,0,0,0,30,2026-02-05 22:46:17.559619
ATMN,24.9,25.11,25.48,2417600.0,2365500.0,0,0,0,0,0,0,0,0,0,0,0,0,0,0,0,0,0,0,0,0,0,0,30,2026-02-05 22:46:17.559619
WNTR,25.16,24.88,25.14,2392900.0,2257600.0,0,0,0,0,0,0,0,0,0,0,0,0,0,0,0,0,0,0,0,0,0,0,30,2026-02-05 22:46:17.559619
SPNG,24.6,24.6,25.3,2462500.0,2325700.0,0,0,0,0,0,0,0,0,0,0,0,0,0,0,0,0,0,0,0,0,0,0,31,2026-02-05 22:46:18.608194
SMMR,24.85,24.9,25.0,2149100.0,2109200.0,0,0,0,0,0,0,0,0,0,0,0,0,0,0,0,0,0,0,0,0,0,0,31,2026-02-05 22:46:18.608194
ATMN,25.11,25.11,25.17,2417600.0,2342800.0,0,0,0,0,0,0,0,0,0,0,0,0,0,0,0,0,0,0,0,0,0,0,31,2026-02-05 22:46:18.608194
WNTR,25.14,24.88,25.14,2376800.0,2305600.0,0,0,0,0,0,0,0,0,0,0,0,0,0,0,0,0,0,0,0,0,0,0,31,2026-02-05 22:46:18.608194
SPNG,25.26,25.26,25.3,2475400.0,2330700.0,0,0,0,0,0,0,0,0,0,0,0,0,0,0,0,0,0,0,0,0,0,0,32,2026-02-05 22:46:19.680266
SMMR,24.89,24.91,25.07,2171200.0,2139000.0,0,0,0,0,0,0,0,0,0,0,0,0,0,0,0,0,0,0,0,0,0,0,32,2026-02-05 22:46:19.680266
ATMN,25.11,25.16,25.17,2419000.0,2342800.0,0,0,0,0,0,0,0,0,0,0,0,0,0,0,0,0,0,0,0,0,0,0,32,2026-02-05 22:46:19.680266
WNTR,24.97,24.97,25.14,2393300.0,2320400.0,0,0,0,0,0,0,0,0,0,0,0,0,0,0,0,0,0,0,0,0,0,0,32,2026-02-05 22:46:19.680266
SPNG,24.59,24.59,24.85,2465300.0,2336200.0,0,0,0,0,0,0,0,0,0,0,0,0,0,0,0,0,0,0,0,0,0,0,33,2026-02-05 22:46:20.781325
SMMR,24.92,24.91,24.92,2201100.0,2130700.0,0,0,0,0,0,0,0,0,0,0,0,0,0,0,0,0,0,0,0,0,0,0,33,2026-02-05 22:46:20.781325
ATMN,25.35,25.33,25.35,2399700.0,2357800.0,0,0,0,0,0,0,0,0,0,0,0,0,0,0,0,0,0,0,0,0,0,0,33,2026-02-05 22:46:20.781325
WNTR,25.08,24.88,24.91,2357500.0,2363200.0,0,0,0,0,0,0,0,0,0,0,0,0,0,0,0,0,0,0,0,0,0,0,33,2026-02-05 22:46:20.781325
SPNG,25.29,24.73,25.29,2432400.0,2315000.0,0,0,0,0,0,0,0,0,0,0,0,0,0,0,0,0,0,0,0,0,0,0,34,2026-02-05 22:46:21.838902
SMMR,24.91,24.91,24.92,2201100.0,2127800.0,0,0,0,0,0,0,0,0,0,0,0,0,0,0,0,0,0,0,0,0,0,0,34,2026-02-05 22:46:21.838902
ATMN,25.16,25.16,25.35,2415200.0,2345500.0,0,0,0,0,0,0,0,0,0,0,0,0,0,0,0,0,0,0,0,0,0,0,34,2026-02-05 22:46:21.838902
WNTR,25.08,24.88,24.91,2359500.0,2363200.0,0,0,0,0,0,0,0,0,0,0,0,0,0,0,0,0,0,0,0,0,0,0,34,2026-02-05 22:46:21.838902
SPNG,25.3,24.89,25.11,2435100.0,2340500.0,0,0,0,0,0,0,0,0,0,0,0,0,0,0,0,0,0,0,0,0,0,0,35,2026-02-05 22:46:22.879084
SMMR,24.84,24.84,24.97,2127200.0,2125600.0,0,0,0,0,0,0,0,0,0,0,0,0,0,0,0,0,0,0,0,0,0,0,35,2026-02-05 22:46:22.879084
ATMN,25.16,25.16,25.35,2415200.0,2366200.0,0,0,0,0,0,0,0,0,0,0,0,0,0,0,0,0,0,0,0,0,0,0,35,2026-02-05 22:46:22.879084
WNTR,24.91,24.99,25.1,2376100.0,2312400.0,0,0,0,0,0,0,0,0,0,0,0,0,0,0,0,0,0,0,0,0,0,0,35,2026-02-05 22:46:22.879084
SPNG,25.11,24.89,25.11,2428700.0,2340500.0,0,0,0,0,0,0,0,0,0,0,0,0,0,0,0,0,0,0,0,0,0,0,36,2026-02-05 22:46:23.929499
SMMR,24.84,24.88,24.94,2089500.0,2115300.0,0,0,0,0,0,0,0,0,0,0,0,0,0,0,0,0,0,0,0,0,0,0,36,2026-02-05 22:46:23.929499
ATMN,25.07,25.07,25.35,2416100.0,2366200.0,0,0,0,0,0,0,0,0,0,0,0,0,0,0,0,0,0,0,0,0,0,0,36,2026-02-05 22:46:23.929499
WNTR,24.91,24.99,25.08,2376100.0,2309200.0,0,0,0,0,0,0,0,0,0,0,0,0,0,0,0,0,0,0,0,0,0,0,36,2026-02-05 22:46:23.929499
SPNG,25.11,24.89,25.11,2428700.0,2327300.0,0,0,0,0,0,0,0,0,0,0,0,0,0,0,0,0,0,0,0,0,0,0,37,2026-02-05 22:46:24.514565
SMMR,24.94,24.88,24.94,2089500.0,2115300.0,0,0,0,0,0,0,0,0,0,0,0,0,0,0,0,0,0,0,0,0,0,0,37,2026-02-05 22:46:24.514565
ATMN,25.07,25.07,25.48,2431800.0,2340900.0,0,0,0,0,0,0,0,0,0,0,0,0,0,0,0,0,0,0,0,0,0,0,37,2026-02-05 22:46:24.514565
WNTR,24.99,24.88,24.97,2359500.0,2307600.0,0,0,0,0,0,0,0,0,0,0,0,0,0,0,0,0,0,0,0,0,0,0,37,2026-02-05 22:46:24.514565
SPNG,24.94,25.16,25.3,2406600.0,2309200.0,0,0,0,0,0,0,0,0,0,0,0,0,0,0,0,0,0,0,0,0,0,0,38,2026-02-05 22:46:25.634836
SMMR,24.94,24.84,24.94,2113200.0,2116600.0,0,0,0,0,0,0,0,0,0,0,0,0,0,0,0,0,0,0,0,0,0,0,38,2026-02-05 22:46:25.634836
ATMN,25.4,25.4,25.48,2408700.0,2340900.0,0,0,0,0,0,0,0,0,0,0,0,0,0,0,0,0,0,0,0,0,0,0,38,2026-02-05 22:46:25.634836
WNTR,24.87,24.87,25.02,2398200.0,2316700.0,0,0,0,0,0,0,0,0,0,0,0,0,0,0,0,0,0,0,0,0,0,0,38,2026-02-05 22:46:25.634836
SPNG,25.16,25.16,25.26,2406600.0,2286400.0,0,0,0,0,0,0,0,0,0,0,0,0,0,0,0,0,0,0,0,0,0,0,39,2026-02-05 22:46:26.933207
SMMR,25.1,24.91,25.1,2097800.0,2149500.0,0,0,0,0,0,0,0,0,0,0,0,0,0,0,0,0,0,0,0,0,0,0,39,2026-02-05 22:46:26.933207
ATMN,25.2,25.2,25.43,2385000.0,2351400.0,0,0,0,0,0,0,0,0,0,0,0,0,0,0,0,0,0,0,0,0,0,0,39,2026-02-05 22:46:26.933207
WNTR,25.02,24.98,25.02,2363500.0,2316700.0,0,0,0,0,0,0,0,0,0,0,0,0,0,0,0,0,0,0,0,0,0,0,39,2026-02-05 22:46:26.933207
SPNG,25.16,25.16,25.26,2406600.0,2286400.0,0,0,0,0,0,0,0,0,0,0,0,0,0,0,0,0,0,0,0,0,0,0,40,2026-02-05 22:46:27.490712
SMMR,25.1,24.91,24.95,2097800.0,2132500.0,0,0,0,0,0,0,0,0,0,0,0,0,0,0,0,0,0,0,0,0,0,0,40,2026-02-05 22:46:27.490712
ATMN,25.2,25.2,25.3,2385000.0,2378700.0,0,0,0,0,0,0,0,0,0,0,0,0,0,0,0,0,0,0,0,0,0,0,40,2026-02-05 22:46:27.490712
WNTR,25.02,25.02,25.08,2333800.0,2315400.0,0,0,0,0,0,0,0,0,0,0,0,0,0,0,0,0,0,0,0,0,0,0,40,2026-02-05 22:46:27.490712
SPNG,25.3,25.27,25.3,2436400.0,2308400.0,0,0,0,0,0,0,0,0,0,0,0,0,0,0,0,0,0,0,0,0,0,0,41,2026-02-05 22:46:28.560945
SMMR,24.84,24.84,25.1,2111800.0,2163200.0,0,0,0,0,0,0,0,0,0,0,0,0,0,0,0,0,0,0,0,0,0,0,41,2026-02-05 22:46:28.560945
ATMN,25.2,25.08,25.15,2415000.0,2370900.0,0,0,0,0,0,0,0,0,0,0,0,0,0,0,0,0,0,0,0,0,0,0,41,2026-02-05 22:46:28.560945
WNTR,24.87,24.87,24.94,2371300.0,2340900.0,0,0,0,0,0,0,0,0,0,0,0,0,0,0,0,0,0,0,0,0,0,0,41,2026-02-05 22:46:28.560945
SPNG,24.7,24.96,25.3,2435400.0,2308400.0,0,0,0,0,0,0,0,0,0,0,0,0,0,0,0,0,0,0,0,0,0,0,42,2026-02-05 22:46:29.610155
SMMR,25.1,24.84,25.1,2104500.0,2177400.0,0,0,0,0,0,0,0,0,0,0,0,0,0,0,0,0,0,0,0,0,0,0,42,2026-02-05 22:46:29.610155
ATMN,25.15,25.26,25.3,2412400.0,2385700.0,0,0,0,0,0,0,0,0,0,0,0,0,0,0,0,0,0,0,0,0,0,0,42,2026-02-05 22:46:29.610155
WNTR,24.94,24.99,25.07,2358500.0,2333200.0,0,0,0,0,0,0,0,0,0,0,0,0,0,0,0,0,0,0,0,0,0,0,42,2026-02-05 22:46:29.610155
SPNG,24.7,24.96,25.3,2424100.0,2290200.0,0,0,0,0,0,0,0,0,0,0,0,0,0,0,0,0,0,0,0,0,0,0,43,2026-02-05 22:46:30.682734
SMMR,24.84,25.02,25.03,2086400.0,2148600.0,0,0,0,0,0,0,0,0,0,0,0,0,0,0,0,0,0,0,0,0,0,0,43,2026-02-05 22:46:30.682734
ATMN,25.3,25.26,25.3,2373000.0,2385700.0,0,0,0,0,0,0,0,0,0,0,0,0,0,0,0,0,0,0,0,0,0,0,43,2026-02-05 22:46:30.682734
WNTR,24.99,24.87,24.95,2346100.0,2296400.0,0,0,0,0,0,0,0,0,0,0,0,0,0,0,0,0,0,0,0,0,0,0,43,2026-02-05 22:46:30.682734
SPNG,25.32,25.0,25.32,2392700.0,2268500.0,0,0,0,0,0,0,0,0,0,0,0,0,0,0,0,0,0,0,0,0,0,0,44,2026-02-05 22:46:31.773088
SMMR,24.82,24.86,24.99,2122200.0,2122300.0,0,0,0,0,0,0,0,0,0,0,0,0,0,0,0,0,0,0,0,0,0,0,44,2026-02-05 22:46:31.773088
ATMN,25.19,25.19,25.3,2387000.0,2363500.0,0,0,0,0,0,0,0,0,0,0,0,0,0,0,0,0,0,0,0,0,0,0,44,2026-02-05 22:46:31.773088
WNTR,24.95,25.06,25.07,2348600.0,2277300.0,0,0,0,0,0,0,0,0,0,0,0,0,0,0,0,0,0,0,0,0,0,0,44,2026-02-05 22:46:31.773088
SPNG,25.32,25.0,25.02,2436700.0,2248700.0,0,0,0,0,0,0,0,0,0,0,0,0,0,0,0,0,0,0,0,0,0,0,45,2026-02-05 22:46:32.836281
SMMR,24.96,24.96,24.99,2144800.0,2122300.0,0,0,0,0,0,0,0,0,0,0,0,0,0,0,0,0,0,0,0,0,0,0,45,2026-02-05 22:46:32.836281
ATMN,25.31,25.19,25.31,2377300.0,2335600.0,0,0,0,0,0,0,0,0,0,0,0,0,0,0,0,0,0,0,0,0,0,0,45,2026-02-05 22:46:32.836281
WNTR,25.07,25.06,25.07,2305600.0,2277300.0,0,0,0,0,0,0,0,0,0,0,0,0,0,0,0,0,0,0,0,0,0,0,45,2026-02-05 22:46:32.836281
SPNG,25.02,25.05,25.32,2507500.0,2259200.0,0,0,0,0,0,0,0,0,0,0,0,0,0,0,0,0,0,0,0,0,0,0,46,2026-02-05 22:46:33.886656
SMMR,24.86,24.86,24.94,2122200.0,2118700.0,0,0,0,0,0,0,0,0,0,0,0,0,0,0,0,0,0,0,0,0,0,0,46,2026-02-05 22:46:33.886656
ATMN,25.43,25.12,25.43,2350200.0,2357800.0,0,0,0,0,0,0,0,0,0,0,0,0,0,0,0,0,0,0,0,0,0,0,46,2026-02-05 22:46:33.886656
WNTR,25.06,25.06,25.07,2305600.0,2309800.0,0,0,0,0,0,0,0,0,0,0,0,0,0,0,0,0,0,0,0,0,0,0,46,2026-02-05 22:46:33.886656
SPNG,24.96,24.96,25.32,2464400.0,2259200.0,0,0,0,0,0,0,0,0,0,0,0,0,0,0,0,0,0,0,0,0,0,0,47,2026-02-05 22:46:34.927990
SMMR,24.99,24.9,24.99,2117400.0,2122300.0,0,0,0,0,0,0,0,0,0,0,0,0,0,0,0,0,0,0,0,0,0,0,47,2026-02-05 22:46:34.927990
ATMN,25.43,25.12,25.43,2350200.0,2330400.0,0,0,0,0,0,0,0,0,0,0,0,0,0,0,0,0,0,0,0,0,0,0,47,2026-02-05 22:46:34.927990
WNTR,25.08,25.06,25.08,2284000.0,2324100.0,0,0,0,0,0,0,0,0,0,0,0,0,0,0,0,0,0,0,0,0,0,0,47,2026-02-05 22:46:34.927990
SPNG,24.96,24.71,24.72,2436600.0,2287800.0,0,0,0,0,0,0,0,0,0,0,0,0,0,0,0,0,0,0,0,0,0,0,48,2026-02-05 22:46:35.981600
SMMR,25.03,25.03,25.05,2126900.0,2145500.0,0,0,0,0,0,0,0,0,0,0,0,0,0,0,0,0,0,0,0,0,0,0,48,2026-02-05 22:46:35.981600
ATMN,25.48,25.26,25.48,2345600.0,2329700.0,0,0,0,0,0,0,0,0,0,0,0,0,0,0,0,0,0,0,0,0,0,0,48,2026-02-05 22:46:35.981600
WNTR,25.06,25.0,25.04,2278200.0,2309800.0,0,0,0,0,0,0,0,0,0,0,0,0,0,0,0,0,0,0,0,0,0,0,48,2026-02-05 22:46:35.981600
SPNG,25.32,25.16,25.32,2478200.0,2268500.0,0,0,0,0,0,0,0,0,0,0,0,0,0,0,0,0,0,0,0,0,0,0,49,2026-02-05 22:46:36.555925
SMMR,25.03,24.9,24.96,2117400.0,2114000.0,0,0,0,0,0,0,0,0,0,0,0,0,0,0,0,0,0,0,0,0,0,0,49,2026-02-05 22:46:36.555925
ATMN,25.48,25.26,25.48,2345600.0,2314500.0,0,0,0,0,0,0,0,0,0,0,0,0,0,0,0,0,0,0,0,0,0,0,49,2026-02-05 22:46:36.555925
WNTR,25.06,25.0,25.04,2278200.0,2309800.0,0,0,0,0,0,0,0,0,0,0,0,0,0,0,0,0,0,0,0,0,0,0,49,2026-02-05 22:46:36.555925
SPNG,24.68,24.68,25.32,2450800.0,2273700.0,0,0,0,0,0,0,0,0,0,0,0,0,0,0,0,0,0,0,0,0,0,0,50,2026-02-05 22:46:37.649784
SMMR,24.9,24.9,24.96,2131600.0,2114000.0,0,0,0,0,0,0,0,0,0,0,0,0,0,0,0,0,0,0,0,0,0,0,50,2026-02-05 22:46:37.649784
ATMN,25.25,25.42,25.48,2335000.0,2333800.0,0,0,0,0,0,0,0,0,0,0,0,0,0,0,0,0,0,0,0,0,0,0,50,2026-02-05 22:46:37.649784
WNTR,24.99,24.99,25.04,2338000.0,2309800.0,0,0,0,0,0,0,0,0,0,0,0,0,0,0,0,0,0,0,0,0,0,0,50,2026-02-05 22:46:37.649784
SPNG,24.68,24.68,25.32,2436800.0,2240300.0,0,0,0,0,0,0,0,0,0,0,0,0,0,0,0,0,0,0,0,0,0,0,51,2026-02-05 22:46:38.692434
SMMR,25.01,24.82,25.01,2112300.0,2126200.0,0,0,0,0,0,0,0,0,0,0,0,0,0,0,0,0,0,0,0,0,0,0,51,2026-02-05 22:46:38.692434
ATMN,25.13,25.13,25.48,2365400.0,2333800.0,0,0,0,0,0,0,0,0,0,0,0,0,0,0,0,0,0,0,0,0,0,0,51,2026-02-05 22:46:38.692434
WNTR,24.96,24.96,25.09,2277200.0,2271600.0,0,0,0,0,0,0,0,0,0,0,0,0,0,0,0,0,0,0,0,0,0,0,51,2026-02-05 22:46:38.692434
SPNG,24.82,24.68,24.82,2442500.0,2250200.0,0,0,0,0,0,0,0,0,0,0,0,0,0,0,0,0,0,0,0,0,0,0,52,2026-02-05 22:46:39.775867
SMMR,25.05,25.04,25.05,2145700.0,2145500.0,0,0,0,0,0,0,0,0,0,0,0,0,0,0,0,0,0,0,0,0,0,0,52,2026-02-05 22:46:39.775867
ATMN,25.21,25.13,25.21,2365400.0,2340500.0,0,0,0,0,0,0,0,0,0,0,0,0,0,0,0,0,0,0,0,0,0,0,52,2026-02-05 22:46:39.775867
WNTR,25.09,25.02,25.09,2313600.0,2298800.0,0,0,0,0,0,0,0,0,0,0,0,0,0,0,0,0,0,0,0,0,0,0,52,2026-02-05 22:46:39.775867
SPNG,25.33,24.68,24.9,2442500.0,2292600.0,0,0,0,0,0,0,0,0,0,0,0,0,0,0,0,0,0,0,0,0,0,0,53,2026-02-05 22:46:40.823357
SMMR,24.8,24.8,25.05,2105200.0,2143400.0,0,0,0,0,0,0,0,0,0,0,0,0,0,0,0,0,0,0,0,0,0,0,53,2026-02-05 22:46:40.823357
ATMN,25.53,25.13,25.31,2365400.0,2288100.0,0,0,0,0,0,0,0,0,0,0,0,0,0,0,0,0,0,0,0,0,0,0,53,2026-02-05 22:46:40.823357
WNTR,25.12,25.02,25.12,2313600.0,2324600.0,0,0,0,0,0,0,0,0,0,0,0,0,0,0,0,0,0,0,0,0,0,0,53,2026-02-05 22:46:40.823357
SPNG,25.33,24.76,25.33,2452200.0,2275000.0,0,0,0,0,0,0,0,0,0,0,0,0,0,0,0,0,0,0,0,0,0,0,54,2026-02-05 22:46:41.870275
SMMR,24.79,24.79,25.1,2090900.0,2181200.0,0,0,0,0,0,0,0,0,0,0,0,0,0,0,0,0,0,0,0,0,0,0,54,2026-02-05 22:46:41.870275
ATMN,25.11,25.11,25.14,2372700.0,2292200.0,0,0,0,0,0,0,0,0,0,0,0,0,0,0,0,0,0,0,0,0,0,0,54,2026-02-05 22:46:41.870275
WNTR,24.96,24.96,25.14,2277200.0,2324700.0,0,0,0,0,0,0,0,0,0,0,0,0,0,0,0,0,0,0,0,0,0,0,54,2026-02-05 22:46:41.870275
SPNG,25.33,24.81,25.17,2485300.0,2252300.0,0,0,0,0,0,0,0,0,0,0,0,0,0,0,0,0,0,0,0,0,0,0,55,2026-02-05 22:46:42.912628
SMMR,25.04,24.79,25.04,2090900.0,2166400.0,0,0,0,0,0,0,0,0,0,0,0,0,0,0,0,0,0,0,0,0,0,0,55,2026-02-05 22:46:42.912628
ATMN,25.14,25.24,25.46,2385100.0,2279900.0,0,0,0,0,0,0,0,0,0,0,0,0,0,0,0,0,0,0,0,0,0,0,55,2026-02-05 22:46:42.912628
WNTR,24.95,24.93,24.95,2277900.0,2336500.0,0,0,0,0,0,0,0,0,0,0,0,0,0,0,0,0,0,0,0,0,0,0,55,2026-02-05 22:46:42.912628
SPNG,25.33,24.81,25.33,2480000.0,2263000.0,0,0,0,0,0,0,0,0,0,0,0,0,0,0,0,0,0,0,0,0,0,0,56,2026-02-05 22:46:43.960845
SMMR,25.1,24.78,25.1,2082500.0,2162100.0,0,0,0,0,0,0,0,0,0,0,0,0,0,0,0,0,0,0,0,0,0,0,56,2026-02-05 22:46:43.960845
ATMN,25.29,25.06,25.29,2385300.0,2304400.0,0,0,0,0,0,0,0,0,0,0,0,0,0,0,0,0,0,0,0,0,0,0,56,2026-02-05 22:46:43.960845
WNTR,25.15,24.93,25.15,2277900.0,2294600.0,0,0,0,0,0,0,0,0,0,0,0,0,0,0,0,0,0,0,0,0,0,0,56,2026-02-05 22:46:43.960845
SPNG,25.33,24.81,24.93,2458600.0,2258400.0,0,0,0,0,0,0,0,0,0,0,0,0,0,0,0,0,0,0,0,0,0,0,57,2026-02-05 22:46:45.007018
SMMR,25.11,24.78,25.11,2082500.0,2200400.0,0,0,0,0,0,0,0,0,0,0,0,0,0,0,0,0,0,0,0,0,0,0,57,2026-02-05 22:46:45.007018
ATMN,25.53,25.05,25.29,2413100.0,2304700.0,0,0,0,0,0,0,0,0,0,0,0,0,0,0,0,0,0,0,0,0,0,0,57,2026-02-05 22:46:45.007018
WNTR,25.16,24.98,25.16,2294600.0,2296000.0,0,0,0,0,0,0,0,0,0,0,0,0,0,0,0,0,0,0,0,0,0,0,57,2026-02-05 22:46:45.007018
SPNG,24.93,24.81,24.93,2497400.0,2258400.0,0,0,0,0,0,0,0,0,0,0,0,0,0,0,0,0,0,0,0,0,0,0,58,2026-02-05 22:46:45.570823
SMMR,24.82,24.82,25.11,2109600.0,2200400.0,0,0,0,0,0,0,0,0,0,0,0,0,0,0,0,0,0,0,0,0,0,0,58,2026-02-05 22:46:45.570823
ATMN,25.29,25.05,25.29,2384300.0,2304700.0,0,0,0,0,0,0,0,0,0,0,0,0,0,0,0,0,0,0,0,0,0,0,58,2026-02-05 22:46:45.570823
WNTR,24.93,24.93,25.07,2277900.0,2326100.0,0,0,0,0,0,0,0,0,0,0,0,0,0,0,0,0,0,0,0,0,0,0,58,2026-02-05 22:46:45.570823
SPNG,25.33,24.81,25.33,2491500.0,2246700.0,0,0,0,0,0,0,0,0,0,0,0,0,0,0,0,0,0,0,0,0,0,0,59,2026-02-05 22:46:46.742404
SMMR,25.11,24.9,25.11,2086600.0,2200400.0,0,0,0,0,0,0,0,0,0,0,0,0,0,0,0,0,0,0,0,0,0,0,59,2026-02-05 22:46:46.742404
ATMN,25.12,25.05,25.08,2361800.0,2343600.0,0,0,0,0,0,0,0,0,0,0,0,0,0,0,0,0,0,0,0,0,0,0,59,2026-02-05 22:46:46.742404
WNTR,25.07,25.05,25.07,2297500.0,2326100.0,0,0,0,0,0,0,0,0,0,0,0,0,0,0,0,0,0,0,0,0,0,0,59,2026-02-05 22:46:46.742404
SPNG,25.8,25.8,27.68,867400.0,713200.0,0,0,0,0,0,0,0,0,0,0,0,0,0,0,0,0,0,0,0,0,0,0,60,2026-02-05 22:46:47.910419
SMMR,26.23,25.48,26.15,688500.0,770900.0,0,0,0,0,0,0,0,0,0,0,0,0,0,0,0,0,0,0,0,0,0,0,60,2026-02-05 22:46:47.910419
ATMN,25.55,24.28,24.84,1112900.0,869800.0,0,0,0,0,0,0,0,0,0,0,0,0,0,0,0,0,0,0,0,0,0,0,60,2026-02-05 22:46:47.910419
WNTR,26.03,26.03,26.25,916200.0,767900.0,0,0,0,0,0,0,0,0,0,0,0,0,0,0,0,0,0,0,0,0,0,0,60,2026-02-05 22:46:47.910419
SPNG,24.41,25.36,26.92,1174200.0,801700.0,0,0,0,0,0,0,0,0,0,0,0,0,0,0,0,0,0,0,0,0,0,0,61,2026-02-05 22:46:49.036611
SMMR,26.15,26.16,26.27,1026100.0,934100.0,0,0,0,0,0,0,0,0,0,0,0,0,0,0,0,0,0,0,0,0,0,0,61,2026-02-05 22:46:49.036611
ATMN,24.28,23.93,24.23,1123600.0,1332900.0,0,0,0,0,0,0,0,0,0,0,0,0,0,0,0,0,0,0,0,0,0,0,61,2026-02-05 22:46:49.036611
WNTR,26.06,26.06,26.19,1025900.0,872800.0,0,0,0,0,0,0,0,0,0,0,0,0,0,0,0,0,0,0,0,0,0,0,61,2026-02-05 22:46:49.036611
SPNG,24.41,25.36,26.25,1174200.0,1044700.0,0,0,0,0,0,0,0,0,0,0,0,0,0,0,0,0,0,0,0,0,0,0,62,2026-02-05 22:46:49.600116
SMMR,26.16,25.76,26.11,926900.0,1033200.0,0,0,0,0,0,0,0,0,0,0,0,0,0,0,0,0,0,0,0,0,0,0,62,2026-02-05 22:46:49.600116
ATMN,24.28,23.93,24.23,1249100.0,1558200.0,0,0,0,0,0,0,0,0,0,0,0,0,0,0,0,0,0,0,0,0,0,0,62,2026-02-05 22:46:49.600116
WNTR,26.06,26.16,26.19,1141100.0,1071500.0,0,0,0,0,0,0,0,0,0,0,0,0,0,0,0,0,0,0,0,0,0,0,62,2026-02-05 22:46:49.600116
SPNG,25.36,24.41,24.6,1065700.0,1180400.0,0,0,0,0,0,0,0,0,0,0,0,0,0,0,0,0,0,0,0,0,0,0,63,2026-02-05 22:46:50.650166
SMMR,26.11,26.17,26.27,1235300.0,934100.0,0,0,0,0,0,0,0,0,0,0,0,0,0,0,0,0,0,0,0,0,0,0,63,2026-02-05 22:46:50.650166
ATMN,24.28,23.93,24.15,1249100.0,1929800.0,0,0,0,0,0,0,0,0,0,0,0,0,0,0,0,0,0,0,0,0,0,0,63,2026-02-05 22:46:50.650166
WNTR,26.16,26.06,26.15,1025900.0,1272000.0,0,0,0,0,0,0,0,0,0,0,0,0,0,0,0,0,0,0,0,0,0,0,63,2026-02-05 22:46:50.650166
SPNG,25.45,25.45,26.25,1279000.0,1126000.0,0,0,0,0,0,0,0,0,0,0,0,0,0,0,0,0,0,0,0,0,0,0,64,2026-02-05 22:46:51.693338
SMMR,26.11,26.17,26.27,1235300.0,1338800.0,0,0,0,0,0,0,0,0,0,0,0,0,0,0,0,0,0,0,0,0,0,0,64,2026-02-05 22:46:51.693338
ATMN,23.67,23.8,24.05,1170300.0,2138300.0,0,0,0,0,0,0,0,0,0,0,0,0,0,0,0,0,0,0,0,0,0,0,64,2026-02-05 22:46:51.693338
WNTR,26.03,26.03,26.17,908700.0,1278000.0,0,0,0,0,0,0,0,0,0,0,0,0,0,0,0,0,0,0,0,0,0,0,64,2026-02-05 22:46:51.693338
SPNG,26.25,25.04,26.25,1273500.0,1126000.0,0,0,0,0,0,0,0,0,0,0,0,0,0,0,0,0,0,0,0,0,0,0,65,2026-02-05 22:46:52.757252
SMMR,26.17,26.0,26.05,1138800.0,1662900.0,0,0,0,0,0,0,0,0,0,0,0,0,0,0,0,0,0,0,0,0,0,0,65,2026-02-05 22:46:52.757252
ATMN,24.15,23.8,24.15,1286300.0,2149400.0,0,0,0,0,0,0,0,0,0,0,0,0,0,0,0,0,0,0,0,0,0,0,65,2026-02-05 22:46:52.757252
WNTR,26.19,25.63,26.19,1166200.0,1183500.0,0,0,0,0,0,0,0,0,0,0,0,0,0,0,0,0,0,0,0,0,0,0,65,2026-02-05 22:46:52.757252
SPNG,25.04,25.68,26.25,1495000.0,1126000.0,0,0,0,0,0,0,0,0,0,0,0,0,0,0,0,0,0,0,0,0,0,0,66,2026-02-05 22:46:53.809935
SMMR,26.23,26.0,26.23,1377100.0,1542200.0,0,0,0,0,0,0,0,0,0,0,0,0,0,0,0,0,0,0,0,0,0,0,66,2026-02-05 22:46:53.809935
ATMN,23.8,23.67,23.77,1165100.0,2349300.0,0,0,0,0,0,0,0,0,0,0,0,0,0,0,0,0,0,0,0,0,0,0,66,2026-02-05 22:46:53.809935
WNTR,26.19,25.95,26.0,1392700.0,1301100.0,0,0,0,0,0,0,0,0,0,0,0,0,0,0,0,0,0,0,0,0,0,0,66,2026-02-05 22:46:53.809935
SPNG,25.76,25.85,26.14,1629200.0,1224100.0,0,0,0,0,0,0,0,0,0,0,0,0,0,0,0,0,0,0,0,0,0,0,67,2026-02-05 22:46:54.873016
SMMR,26.28,26.25,26.28,1472400.0,1417700.0,0,0,0,0,0,0,0,0,0,0,0,0,0,0,0,0,0,0,0,0,0,0,67,2026-02-05 22:46:54.873016
ATMN,24.14,23.67,24.14,1432800.0,2278900.0,0,0,0,0,0,0,0,0,0,0,0,0,0,0,0,0,0,0,0,0,0,0,67,2026-02-05 22:46:54.873016
WNTR,26.0,25.91,25.97,1382400.0,1405600.0,0,0,0,0,0,0,0,0,0,0,0,0,0,0,0,0,0,0,0,0,0,0,67,2026-02-05 22:46:54.873016
SPNG,25.35,25.91,26.02,1501200.0,1318000.0,0,0,0,0,0,0,0,0,0,0,0,0,0,0,0,0,0,0,0,0,0,0,68,2026-02-05 22:46:55.943347
SMMR,26.3,26.28,26.3,1546700.0,1332100.0,0,0,0,0,0,0,0,0,0,0,0,0,0,0,0,0,0,0,0,0,0,0,68,2026-02-05 22:46:55.943347
ATMN,24.16,24.07,24.12,1537200.0,2279100.0,0,0,0,0,0,0,0,0,0,0,0,0,0,0,0,0,0,0,0,0,0,0,68,2026-02-05 22:46:55.943347
WNTR,25.97,25.91,25.93,1494400.0,1508100.0,0,0,0,0,0,0,0,0,0,0,0,0,0,0,0,0,0,0,0,0,0,0,68,2026-02-05 22:46:55.943347
SPNG,25.91,25.26,25.78,1601900.0,1417600.0,0,0,0,0,0,0,0,0,0,0,0,0,0,0,0,0,0,0,0,0,0,0,69,2026-02-05 22:46:57.004106
SMMR,26.0,26.0,26.3,1377100.0,1561800.0,0,0,0,0,0,0,0,0,0,0,0,0,0,0,0,0,0,0,0,0,0,0,69,2026-02-05 22:46:57.004106
ATMN,24.12,23.48,24.12,1445200.0,2279100.0,0,0,0,0,0,0,0,0,0,0,0,0,0,0,0,0,0,0,0,0,0,0,69,2026-02-05 22:46:57.004106
WNTR,26.0,26.02,26.19,1983100.0,1183500.0,0,0,0,0,0,0,0,0,0,0,0,0,0,0,0,0,0,0,0,0,0,0,69,2026-02-05 22:46:57.004106
SPNG,26.14,25.37,25.42,1713300.0,1354800.0,0,0,0,0,0,0,0,0,0,0,0,0,0,0,0,0,0,0,0,0,0,0,70,2026-02-05 22:46:58.054723
SMMR,26.0,26.12,26.14,1560700.0,1669200.0,0,0,0,0,0,0,0,0,0,0,0,0,0,0,0,0,0,0,0,0,0,0,70,2026-02-05 22:46:58.054723
ATMN,24.12,23.51,23.79,1688300.0,2295300.0,0,0,0,0,0,0,0,0,0,0,0,0,0,0,0,0,0,0,0,0,0,0,70,2026-02-05 22:46:58.054723
WNTR,25.91,25.91,26.1,1853500.0,1374300.0,0,0,0,0,0,0,0,0,0,0,0,0,0,0,0,0,0,0,0,0,0,0,70,2026-02-05 22:46:58.054723
SPNG,25.42,25.37,25.42,2077100.0,1354800.0,0,0,0,0,0,0,0,0,0,0,0,0,0,0,0,0,0,0,0,0,0,0,71,2026-02-05 22:46:59.170770
SMMR,26.0,26.12,26.14,1800500.0,1837300.0,0,0,0,0,0,0,0,0,0,0,0,0,0,0,0,0,0,0,0,0,0,0,71,2026-02-05 22:46:59.170770
ATMN,24.12,23.76,23.91,1958300.0,2321700.0,0,0,0,0,0,0,0,0,0,0,0,0,0,0,0,0,0,0,0,0,0,0,71,2026-02-05 22:46:59.170770
WNTR,25.89,25.89,25.99,1827600.0,1576600.0,0,0,0,0,0,0,0,0,0,0,0,0,0,0,0,0,0,0,0,0,0,0,71,2026-02-05 22:46:59.170770
SPNG,25.42,25.72,26.14,2171100.0,1224100.0,0,0,0,0,0,0,0,0,0,0,0,0,0,0,0,0,0,0,0,0,0,0,72,2026-02-05 22:46:59.712752
SMMR,26.16,26.12,26.16,1800500.0,1729900.0,0,0,0,0,0,0,0,0,0,0,0,0,0,0,0,0,0,0,0,0,0,0,72,2026-02-05 22:46:59.712752
ATMN,24.12,23.76,23.91,1958300.0,2312000.0,0,0,0,0,0,0,0,0,0,0,0,0,0,0,0,0,0,0,0,0,0,0,72,2026-02-05 22:46:59.712752
WNTR,25.89,25.89,25.99,1927200.0,1686300.0,0,0,0,0,0,0,0,0,0,0,0,0,0,0,0,0,0,0,0,0,0,0,72,2026-02-05 22:46:59.712752
SPNG,25.73,25.97,26.14,2287500.0,1329600.0,0,0,0,0,0,0,0,0,0,0,0,0,0,0,0,0,0,0,0,0,0,0,73,2026-02-05 22:47:00.782580
SMMR,26.12,26.12,26.26,1714000.0,1830700.0,0,0,0,0,0,0,0,0,0,0,0,0,0,0,0,0,0,0,0,0,0,0,73,2026-02-05 22:47:00.782580
ATMN,24.12,23.76,24.12,1958300.0,2258400.0,0,0,0,0,0,0,0,0,0,0,0,0,0,0,0,0,0,0,0,0,0,0,73,2026-02-05 22:47:00.782580
WNTR,25.8,25.89,25.99,1935500.0,1787100.0,0,0,0,0,0,0,0,0,0,0,0,0,0,0,0,0,0,0,0,0,0,0,73,2026-02-05 22:47:00.782580
SPNG,25.33,25.33,26.25,1965700.0,1231500.0,0,0,0,0,0,0,0,0,0,0,0,0,0,0,0,0,0,0,0,0,0,0,74,2026-02-05 22:47:01.846988
SMMR,26.3,26.12,26.16,1714000.0,1949800.0,0,0,0,0,0,0,0,0,0,0,0,0,0,0,0,0,0,0,0,0,0,0,74,2026-02-05 22:47:01.846988
ATMN,23.76,23.76,24.14,1958300.0,2274100.0,0,0,0,0,0,0,0,0,0,0,0,0,0,0,0,0,0,0,0,0,0,0,74,2026-02-05 22:47:01.846988
WNTR,25.99,25.89,25.99,2057100.0,1787100.0,0,0,0,0,0,0,0,0,0,0,0,0,0,0,0,0,0,0,0,0,0,0,74,2026-02-05 22:47:01.846988
SPNG,25.53,25.33,25.53,1965700.0,1441000.0,0,0,0,0,0,0,0,0,0,0,0,0,0,0,0,0,0,0,0,0,0,0,75,2026-02-05 22:47:02.919340
SMMR,26.16,26.21,26.3,1825900.0,2022100.0,0,0,0,0,0,0,0,0,0,0,0,0,0,0,0,0,0,0,0,0,0,0,75,2026-02-05 22:47:02.919340
ATMN,23.76,23.51,23.63,1821400.0,2352100.0,0,0,0,0,0,0,0,0,0,0,0,0,0,0,0,0,0,0,0,0,0,0,75,2026-02-05 22:47:02.919340
WNTR,25.97,25.88,25.97,1935400.0,1911400.0,0,0,0,0,0,0,0,0,0,0,0,0,0,0,0,0,0,0,0,0,0,0,75,2026-02-05 22:47:02.919340
SPNG,25.53,25.87,26.23,2303400.0,1452200.0,0,0,0,0,0,0,0,0,0,0,0,0,0,0,0,0,0,0,0,0,0,0,76,2026-02-05 22:47:03.965129
SMMR,26.3,26.21,26.3,1825900.0,2015400.0,0,0,0,0,0,0,0,0,0,0,0,0,0,0,0,0,0,0,0,0,0,0,76,2026-02-05 22:47:03.965129
ATMN,23.63,23.79,24.03,2437900.0,2289500.0,0,0,0,0,0,0,0,0,0,0,0,0,0,0,0,0,0,0,0,0,0,0,76,2026-02-05 22:47:03.965129
WNTR,26.04,26.04,26.08,2062500.0,1693500.0,0,0,0,0,0,0,0,0,0,0,0,0,0,0,0,0,0,0,0,0,0,0,76,2026-02-05 22:47:03.965129
SPNG,25.8,25.81,26.23,2322100.0,1558900.0,0,0,0,0,0,0,0,0,0,0,0,0,0,0,0,0,0,0,0,0,0,0,77,2026-02-05 22:47:05.036041
SMMR,26.3,26.12,26.27,1804300.0,2022800.0,0,0,0,0,0,0,0,0,0,0,0,0,0,0,0,0,0,0,0,0,0,0,77,2026-02-05 22:47:05.036041
ATMN,23.79,24.05,24.09,2451400.0,2340800.0,0,0,0,0,0,0,0,0,0,0,0,0,0,0,0,0,0,0,0,0,0,0,77,2026-02-05 22:47:05.036041
WNTR,26.04,26.04,26.08,2172600.0,1902500.0,0,0,0,0,0,0,0,0,0,0,0,0,0,0,0,0,0,0,0,0,0,0,77,2026-02-05 22:47:05.036041
SPNG,25.33,25.33,25.36,2304200.0,1785700.0,0,0,0,0,0,0,0,0,0,0,0,0,0,0,0,0,0,0,0,0,0,0,78,2026-02-05 22:47:06.068191
SMMR,26.08,26.08,26.16,1683000.0,2025800.0,0,0,0,0,0,0,0,0,0,0,0,0,0,0,0,0,0,0,0,0,0,0,78,2026-02-05 22:47:06.068191
ATMN,23.79,23.79,24.09,2336200.0,2335600.0,0,0,0,0,0,0,0,0,0,0,0,0,0,0,0,0,0,0,0,0,0,0,78,2026-02-05 22:47:06.068191
WNTR,26.1,26.0,26.1,2174100.0,1801700.0,0,0,0,0,0,0,0,0,0,0,0,0,0,0,0,0,0,0,0,0,0,0,78,2026-02-05 22:47:06.068191
SPNG,25.82,25.33,25.73,2304200.0,1797900.0,0,0,0,0,0,0,0,0,0,0,0,0,0,0,0,0,0,0,0,0,0,0,79,2026-02-05 22:47:07.100008
SMMR,26.16,26.26,26.27,2033400.0,2022800.0,0,0,0,0,0,0,0,0,0,0,0,0,0,0,0,0,0,0,0,0,0,0,79,2026-02-05 22:47:07.100008
ATMN,23.73,23.73,24.09,2432400.0,2322300.0,0,0,0,0,0,0,0,0,0,0,0,0,0,0,0,0,0,0,0,0,0,0,79,2026-02-05 22:47:07.100008
WNTR,25.88,25.88,25.97,2165600.0,1914200.0,0,0,0,0,0,0,0,0,0,0,0,0,0,0,0,0,0,0,0,0,0,0,79,2026-02-05 22:47:07.100008
SPNG,25.33,25.45,25.73,2435200.0,1797900.0,0,0,0,0,0,0,0,0,0,0,0,0,0,0,0,0,0,0,0,0,0,0,80,2026-02-05 22:47:08.133594
SMMR,26.24,26.08,26.13,1795800.0,2017600.0,0,0,0,0,0,0,0,0,0,0,0,0,0,0,0,0,0,0,0,0,0,0,80,2026-02-05 22:47:08.133594
ATMN,24.09,23.73,23.98,2670700.0,2335500.0,0,0,0,0,0,0,0,0,0,0,0,0,0,0,0,0,0,0,0,0,0,0,80,2026-02-05 22:47:08.133594
WNTR,25.97,26.01,26.1,2271500.0,1801700.0,0,0,0,0,0,0,0,0,0,0,0,0,0,0,0,0,0,0,0,0,0,0,80,2026-02-05 22:47:08.133594
SPNG,25.73,25.62,25.73,2422300.0,1908200.0,0,0,0,0,0,0,0,0,0,0,0,0,0,0,0,0,0,0,0,0,0,0,81,2026-02-05 22:47:09.160869
SMMR,26.05,26.05,26.2,1677300.0,2000600.0,0,0,0,0,0,0,0,0,0,0,0,0,0,0,0,0,0,0,0,0,0,0,81,2026-02-05 22:47:09.160869
ATMN,23.98,23.85,23.98,2631200.0,2347500.0,0,0,0,0,0,0,0,0,0,0,0,0,0,0,0,0,0,0,0,0,0,0,81,2026-02-05 22:47:09.160869
WNTR,26.1,26.1,26.11,2223200.0,1797400.0,0,0,0,0,0,0,0,0,0,0,0,0,0,0,0,0,0,0,0,0,0,0,81,2026-02-05 22:47:09.160869
SPNG,25.73,25.62,25.73,2422300.0,2138800.0,0,0,0,0,0,0,0,0,0,0,0,0,0,0,0,0,0,0,0,0,0,0,82,2026-02-05 22:47:09.696953
SMMR,26.05,26.05,26.2,1677300.0,1987600.0,0,0,0,0,0,0,0,0,0,0,0,0,0,0,0,0,0,0,0,0,0,0,82,2026-02-05 22:47:09.696953
ATMN,23.98,23.85,23.98,2631200.0,2313300.0,0,0,0,0,0,0,0,0,0,0,0,0,0,0,0,0,0,0,0,0,0,0,82,2026-02-05 22:47:09.696953
WNTR,26.1,26.1,26.16,2223200.0,1687700.0,0,0,0,0,0,0,0,0,0,0,0,0,0,0,0,0,0,0,0,0,0,0,82,2026-02-05 22:47:09.696953
SPNG,25.73,25.94,25.96,2373300.0,2157500.0,0,0,0,0,0,0,0,0,0,0,0,0,0,0,0,0,0,0,0,0,0,0,83,2026-02-05 22:47:10.748500
SMMR,26.1,26.1,26.2,2003300.0,1987600.0,0,0,0,0,0,0,0,0,0,0,0,0,0,0,0,0,0,0,0,0,0,0,83,2026-02-05 22:47:10.748500
ATMN,23.99,23.85,23.99,2570300.0,2320100.0,0,0,0,0,0,0,0,0,0,0,0,0,0,0,0,0,0,0,0,0,0,0,83,2026-02-05 22:47:10.748500
WNTR,26.1,26.01,26.05,2235700.0,1835200.0,0,0,0,0,0,0,0,0,0,0,0,0,0,0,0,0,0,0,0,0,0,0,83,2026-02-05 22:47:10.748500
SPNG,25.97,25.62,25.97,2422300.0,2178800.0,0,0,0,0,0,0,0,0,0,0,0,0,0,0,0,0,0,0,0,0,0,0,84,2026-02-05 22:47:11.791875
SMMR,26.32,26.1,26.32,2003300.0,1996100.0,0,0,0,0,0,0,0,0,0,0,0,0,0,0,0,0,0,0,0,0,0,0,84,2026-02-05 22:47:11.791875
ATMN,24.14,23.73,24.14,2642500.0,2307000.0,0,0,0,0,0,0,0,0,0,0,0,0,0,0,0,0,0,0,0,0,0,0,84,2026-02-05 22:47:11.791875
WNTR,26.13,26.01,26.08,2216600.0,1856300.0,0,0,0,0,0,0,0,0,0,0,0,0,0,0,0,0,0,0,0,0,0,0,84,2026-02-05 22:47:11.791875
SPNG,25.99,25.45,25.99,2435200.0,2175500.0,0,0,0,0,0,0,0,0,0,0,0,0,0,0,0,0,0,0,0,0,0,0,85,2026-02-05 22:47:12.887548
SMMR,26.33,26.1,26.19,2124500.0,1988600.0,0,0,0,0,0,0,0,0,0,0,0,0,0,0,0,0,0,0,0,0,0,0,85,2026-02-05 22:47:12.887548
ATMN,24.15,23.98,24.15,2642700.0,2298100.0,0,0,0,0,0,0,0,0,0,0,0,0,0,0,0,0,0,0,0,0,0,0,85,2026-02-05 22:47:12.887548
WNTR,26.08,26.14,26.19,2205500.0,1826900.0,0,0,0,0,0,0,0,0,0,0,0,0,0,0,0,0,0,0,0,0,0,0,85,2026-02-05 22:47:12.887548
SPNG,25.99,25.45,25.99,2435200.0,2251300.0,0,0,0,0,0,0,0,0,0,0,0,0,0,0,0,0,0,0,0,0,0,0,86,2026-02-05 22:47:13.942260
SMMR,26.33,26.14,26.17,2233200.0,1999100.0,0,0,0,0,0,0,0,0,0,0,0,0,0,0,0,0,0,0,0,0,0,0,86,2026-02-05 22:47:13.942260
ATMN,23.98,23.98,24.15,2642700.0,2315900.0,0,0,0,0,0,0,0,0,0,0,0,0,0,0,0,0,0,0,0,0,0,0,86,2026-02-05 22:47:13.942260
WNTR,26.14,26.14,26.19,2234800.0,1933500.0,0,0,0,0,0,0,0,0,0,0,0,0,0,0,0,0,0,0,0,0,0,0,86,2026-02-05 22:47:13.942260
SPNG,25.99,25.45,25.99,2414200.0,2247500.0,0,0,0,0,0,0,0,0,0,0,0,0,0,0,0,0,0,0,0,0,0,0,87,2026-02-05 22:47:15.028113
SMMR,26.33,26.14,26.17,2233200.0,2055700.0,0,0,0,0,0,0,0,0,0,0,0,0,0,0,0,0,0,0,0,0,0,0,87,2026-02-05 22:47:15.028113
ATMN,23.98,23.82,23.98,2549800.0,2334600.0,0,0,0,0,0,0,0,0,0,0,0,0,0,0,0,0,0,0,0,0,0,0,87,2026-02-05 22:47:15.028113
WNTR,26.19,26.14,26.19,2240300.0,2047400.0,0,0,0,0,0,0,0,0,0,0,0,0,0,0,0,0,0,0,0,0,0,0,87,2026-02-05 22:47:15.028113
SPNG,25.99,25.45,25.92,2402200.0,2236200.0,0,0,0,0,0,0,0,0,0,0,0,0,0,0,0,0,0,0,0,0,0,0,88,2026-02-05 22:47:16.075271
SMMR,26.1,26.1,26.17,2201500.0,2055700.0,0,0,0,0,0,0,0,0,0,0,0,0,0,0,0,0,0,0,0,0,0,0,88,2026-02-05 22:47:16.075271
ATMN,23.98,23.82,23.95,2488900.0,2335300.0,0,0,0,0,0,0,0,0,0,0,0,0,0,0,0,0,0,0,0,0,0,0,88,2026-02-05 22:47:16.075271
WNTR,26.19,26.01,26.19,2270700.0,1942500.0,0,0,0,0,0,0,0,0,0,0,0,0,0,0,0,0,0,0,0,0,0,0,88,2026-02-05 22:47:16.075271
SPNG,25.99,25.89,25.92,2348600.0,2279600.0,0,0,0,0,0,0,0,0,0,0,0,0,0,0,0,0,0,0,0,0,0,0,89,2026-02-05 22:47:17.114661
SMMR,26.17,26.1,26.17,2201500.0,2074000.0,0,0,0,0,0,0,0,0,0,0,0,0,0,0,0,0,0,0,0,0,0,0,89,2026-02-05 22:47:17.114661
ATMN,23.98,23.91,23.95,2491900.0,2352200.0,0,0,0,0,0,0,0,0,0,0,0,0,0,0,0,0,0,0,0,0,0,0,89,2026-02-05 22:47:17.114661
WNTR,26.23,26.01,26.23,2248000.0,1734900.0,0,0,0,0,0,0,0,0,0,0,0,0,0,0,0,0,0,0,0,0,0,0,89,2026-02-05 22:47:17.114661
SPNG,25.45,25.45,25.92,2378200.0,2279600.0,0,0,0,0,0,0,0,0,0,0,0,0,0,0,0,0,0,0,0,0,0,0,90,2026-02-05 22:47:18.160744
SMMR,26.08,26.05,26.06,2099300.0,2060300.0,0,0,0,0,0,0,0,0,0,0,0,0,0,0,0,0,0,0,0,0,0,0,90,2026-02-05 22:47:18.160744
ATMN,23.98,23.91,23.94,2500700.0,2339500.0,0,0,0,0,0,0,0,0,0,0,0,0,0,0,0,0,0,0,0,0,0,0,90,2026-02-05 22:47:18.160744
WNTR,25.99,25.99,26.23,2245900.0,1830500.0,0,0,0,0,0,0,0,0,0,0,0,0,0,0,0,0,0,0,0,0,0,0,90,2026-02-05 22:47:18.160744
SPNG,26.02,25.45,25.65,2369500.0,2267000.0,0,0,0,0,0,0,0,0,0,0,0,0,0,0,0,0,0,0,0,0,0,0,91,2026-02-05 22:47:19.205648
SMMR,26.17,26.13,26.17,2222100.0,2077400.0,0,0,0,0,0,0,0,0,0,0,0,0,0,0,0,0,0,0,0,0,0,0,91,2026-02-05 22:47:19.205648
ATMN,23.82,23.66,23.79,2508800.0,2355100.0,0,0,0,0,0,0,0,0,0,0,0,0,0,0,0,0,0,0,0,0,0,0,91,2026-02-05 22:47:19.205648
WNTR,26.23,25.99,26.23,2247500.0,1830500.0,0,0,0,0,0,0,0,0,0,0,0,0,0,0,0,0,0,0,0,0,0,0,91,2026-02-05 22:47:19.205648
SPNG,25.65,25.45,25.65,2369500.0,2267000.0,0,0,0,0,0,0,0,0,0,0,0,0,0,0,0,0,0,0,0,0,0,0,92,2026-02-05 22:47:19.770155
SMMR,26.05,26.05,26.17,2214300.0,2077400.0,0,0,0,0,0,0,0,0,0,0,0,0,0,0,0,0,0,0,0,0,0,0,92,2026-02-05 22:47:19.770155
ATMN,23.82,23.67,23.79,2492100.0,2355100.0,0,0,0,0,0,0,0,0,0,0,0,0,0,0,0,0,0,0,0,0,0,0,92,2026-02-05 22:47:19.770155
WNTR,25.99,25.99,26.23,2212100.0,1830500.0,0,0,0,0,0,0,0,0,0,0,0,0,0,0,0,0,0,0,0,0,0,0,92,2026-02-05 22:47:19.770155
SPNG,26.02,25.45,25.65,2362300.0,2231800.0,0,0,0,0,0,0,0,0,0,0,0,0,0,0,0,0,0,0,0,0,0,0,93,2026-02-05 22:47:20.829905
SMMR,26.05,26.1,26.16,2223500.0,2049500.0,0,0,0,0,0,0,0,0,0,0,0,0,0,0,0,0,0,0,0,0,0,0,93,2026-02-05 22:47:20.829905
ATMN,23.94,23.73,23.94,2481000.0,2314300.0,0,0,0,0,0,0,0,0,0,0,0,0,0,0,0,0,0,0,0,0,0,0,93,2026-02-05 22:47:20.829905
WNTR,25.99,26.15,26.23,2197200.0,1830500.0,0,0,0,0,0,0,0,0,0,0,0,0,0,0,0,0,0,0,0,0,0,0,93,2026-02-05 22:47:20.829905
SPNG,25.89,25.45,25.83,2354500.0,2260100.0,0,0,0,0,0,0,0,0,0,0,0,0,0,0,0,0,0,0,0,0,0,0,94,2026-02-05 22:47:21.872946
SMMR,26.1,26.1,26.16,2223500.0,2040100.0,0,0,0,0,0,0,0,0,0,0,0,0,0,0,0,0,0,0,0,0,0,0,94,2026-02-05 22:47:21.872946
ATMN,24.06,23.73,24.06,2481000.0,2323100.0,0,0,0,0,0,0,0,0,0,0,0,0,0,0,0,0,0,0,0,0,0,0,94,2026-02-05 22:47:21.872946
WNTR,26.15,26.15,26.26,2197200.0,1717000.0,0,0,0,0,0,0,0,0,0,0,0,0,0,0,0,0,0,0,0,0,0,0,94,2026-02-05 22:47:21.872946
SPNG,25.83,25.86,26.02,2379500.0,2261900.0,0,0,0,0,0,0,0,0,0,0,0,0,0,0,0,0,0,0,0,0,0,0,95,2026-02-05 22:47:22.961026
SMMR,26.1,26.14,26.16,2173300.0,2040100.0,0,0,0,0,0,0,0,0,0,0,0,0,0,0,0,0,0,0,0,0,0,0,95,2026-02-05 22:47:22.961026
ATMN,23.98,23.98,24.06,2491300.0,2314000.0,0,0,0,0,0,0,0,0,0,0,0,0,0,0,0,0,0,0,0,0,0,0,95,2026-02-05 22:47:22.961026
WNTR,26.26,26.27,26.3,2239900.0,1844000.0,0,0,0,0,0,0,0,0,0,0,0,0,0,0,0,0,0,0,0,0,0,0,95,2026-02-05 22:47:22.961026
SPNG,25.98,25.45,25.96,2356000.0,2279000.0,0,0,0,0,0,0,0,0,0,0,0,0,0,0,0,0,0,0,0,0,0,0,96,2026-02-05 22:47:24.009755
SMMR,26.16,26.13,26.16,2148900.0,2040100.0,0,0,0,0,0,0,0,0,0,0,0,0,0,0,0,0,0,0,0,0,0,0,96,2026-02-05 22:47:24.009755
ATMN,23.73,23.73,24.06,2481000.0,2314000.0,0,0,0,0,0,0,0,0,0,0,0,0,0,0,0,0,0,0,0,0,0,0,96,2026-02-05 22:47:24.009755
WNTR,26.05,26.28,26.3,2222800.0,1933000.0,0,0,0,0,0,0,0,0,0,0,0,0,0,0,0,0,0,0,0,0,0,0,96,2026-02-05 22:47:24.009755
SPNG,26.07,25.49,26.07,2382400.0,2246700.0,0,0,0,0,0,0,0,0,0,0,0,0,0,0,0,0,0,0,0,0,0,0,97,2026-02-05 22:47:25.059261
SMMR,26.1,26.1,26.24,2179300.0,2076100.0,0,0,0,0,0,0,0,0,0,0,0,0,0,0,0,0,0,0,0,0,0,0,97,2026-02-05 22:47:25.059261
ATMN,24.04,24.04,24.06,2491200.0,2341800.0,0,0,0,0,0,0,0,0,0,0,0,0,0,0,0,0,0,0,0,0,0,0,97,2026-02-05 22:47:25.059261
WNTR,26.28,26.06,26.11,2218400.0,2182300.0,0,0,0,0,0,0,0,0,0,0,0,0,0,0,0,0,0,0,0,0,0,0,97,2026-02-05 22:47:25.059261
SPNG,25.81,25.97,26.07,2361900.0,2246700.0,0,0,0,0,0,0,0,0,0,0,0,0,0,0,0,0,0,0,0,0,0,0,98,2026-02-05 22:47:26.112028
SMMR,26.24,26.1,26.24,2158800.0,2051500.0,0,0,0,0,0,0,0,0,0,0,0,0,0,0,0,0,0,0,0,0,0,0,98,2026-02-05 22:47:26.112028
ATMN,24.06,23.73,23.81,2481000.0,2320900.0,0,0,0,0,0,0,0,0,0,0,0,0,0,0,0,0,0,0,0,0,0,0,98,2026-02-05 22:47:26.112028
WNTR,26.3,26.06,26.3,2282800.0,1960700.0,0,0,0,0,0,0,0,0,0,0,0,0,0,0,0,0,0,0,0,0,0,0,98,2026-02-05 22:47:26.112028
SPNG,26.14,25.39,26.14,2358800.0,2242800.0,0,0,0,0,0,0,0,0,0,0,0,0,0,0,0,0,0,0,0,0,0,0,99,2026-02-05 22:47:27.154350
SMMR,26.33,26.08,26.33,2152400.0,2051400.0,0,0,0,0,0,0,0,0,0,0,0,0,0,0,0,0,0,0,0,0,0,0,99,2026-02-05 22:47:27.154350
ATMN,23.81,23.73,23.81,2485100.0,2320900.0,0,0,0,0,0,0,0,0,0,0,0,0,0,0,0,0,0,0,0,0,0,0,99,2026-02-05 22:47:27.154350
WNTR,26.31,26.05,26.31,2265500.0,1753000.0,0,0,0,0,0,0,0,0,0,0,0,0,0,0,0,0,0,0,0,0,0,0,99,2026-02-05 22:47:27.154350
SPNG,26.14,25.78,26.07,2366800.0,2217600.0,0,0,0,0,0,0,0,0,0,0,0,0,0,0,0,0,0,0,0,0,0,0,100,2026-02-05 22:47:28.204510
SMMR,26.06,26.14,26.27,2125200.0,2056000.0,0,0,0,0,0,0,0,0,0,0,0,0,0,0,0,0,0,0,0,0,0,0,100,2026-02-05 22:47:28.204510
ATMN,23.81,23.88,24.06,2458600.0,2341800.0,0,0,0,0,0,0,0,0,0,0,0,0,0,0,0,0,0,0,0,0,0,0,100,2026-02-05 22:47:28.204510
WNTR,26.32,26.14,26.32,2258900.0,1781600.0,0,0,0,0,0,0,0,0,0,0,0,0,0,0,0,0,0,0,0,0,0,0,100,2026-02-05 22:47:28.204510
SPNG,25.78,25.78,26.07,2366800.0,2187400.0,0,0,0,0,0,0,0,0,0,0,0,0,0,0,0,0,0,0,0,0,0,0,101,2026-02-05 22:47:29.250752
SMMR,26.14,26.14,26.27,2098000.0,2056000.0,0,0,0,0,0,0,0,0,0,0,0,0,0,0,0,0,0,0,0,0,0,0,101,2026-02-05 22:47:29.250752
ATMN,24.06,23.99,24.06,2460600.0,2351500.0,0,0,0,0,0,0,0,0,0,0,0,0,0,0,0,0,0,0,0,0,0,0,101,2026-02-05 22:47:29.250752
WNTR,26.32,26.29,26.32,2277600.0,1669600.0,0,0,0,0,0,0,0,0,0,0,0,0,0,0,0,0,0,0,0,0,0,0,101,2026-02-05 22:47:29.250752
SPNG,25.78,25.39,25.46,2329700.0,2269400.0,0,0,0,0,0,0,0,0,0,0,0,0,0,0,0,0,0,0,0,0,0,0,102,2026-02-05 22:47:30.298959
SMMR,26.27,26.32,26.33,2071600.0,2051400.0,0,0,0,0,0,0,0,0,0,0,0,0,0,0,0,0,0,0,0,0,0,0,102,2026-02-05 22:47:30.298959
ATMN,24.09,23.78,24.09,2489600.0,2350700.0,0,0,0,0,0,0,0,0,0,0,0,0,0,0,0,0,0,0,0,0,0,0,102,2026-02-05 22:47:30.298959
WNTR,26.32,26.32,26.33,2250500.0,1649200.0,0,0,0,0,0,0,0,0,0,0,0,0,0,0,0,0,0,0,0,0,0,0,102,2026-02-05 22:47:30.298959
SPNG,25.46,25.68,25.92,2340800.0,2232700.0,0,0,0,0,0,0,0,0,0,0,0,0,0,0,0,0,0,0,0,0,0,0,103,2026-02-05 22:47:30.859960
SMMR,26.27,26.32,26.33,2071600.0,2056000.0,0,0,0,0,0,0,0,0,0,0,0,0,0,0,0,0,0,0,0,0,0,0,103,2026-02-05 22:47:30.859960
ATMN,24.1,23.78,24.1,2501700.0,2348900.0,0,0,0,0,0,0,0,0,0,0,0,0,0,0,0,0,0,0,0,0,0,0,103,2026-02-05 22:47:30.859960
WNTR,26.29,26.2,26.29,2261300.0,1845500.0,0,0,0,0,0,0,0,0,0,0,0,0,0,0,0,0,0,0,0,0,0,0,103,2026-02-05 22:47:30.859960
SPNG,25.46,25.68,25.92,2340800.0,2241200.0,0,0,0,0,0,0,0,0,0,0,0,0,0,0,0,0,0,0,0,0,0,0,104,2026-02-05 22:47:31.934306
SMMR,26.27,26.27,26.33,2072400.0,2061500.0,0,0,0,0,0,0,0,0,0,0,0,0,0,0,0,0,0,0,0,0,0,0,104,2026-02-05 22:47:31.934306
ATMN,24.1,23.78,24.06,2501700.0,2349000.0,0,0,0,0,0,0,0,0,0,0,0,0,0,0,0,0,0,0,0,0,0,0,104,2026-02-05 22:47:31.934306
WNTR,26.33,26.14,26.33,2283800.0,1649200.0,0,0,0,0,0,0,0,0,0,0,0,0,0,0,0,0,0,0,0,0,0,0,104,2026-02-05 22:47:31.934306
SPNG,25.33,25.61,25.92,2314800.0,2241200.0,0,0,0,0,0,0,0,0,0,0,0,0,0,0,0,0,0,0,0,0,0,0,105,2026-02-05 22:47:33.015559
SMMR,26.27,26.14,26.27,2098000.0,2051200.0,0,0,0,0,0,0,0,0,0,0,0,0,0,0,0,0,0,0,0,0,0,0,105,2026-02-05 22:47:33.015559
ATMN,24.1,23.85,23.89,2485600.0,2358800.0,0,0,0,0,0,0,0,0,0,0,0,0,0,0,0,0,0,0,0,0,0,0,105,2026-02-05 22:47:33.015559
WNTR,26.05,26.05,26.33,2307800.0,1763200.0,0,0,0,0,0,0,0,0,0,0,0,0,0,0,0,0,0,0,0,0,0,0,105,2026-02-05 22:47:33.015559
SPNG,25.92,25.61,25.92,2314800.0,2204400.0,0,0,0,0,0,0,0,0,0,0,0,0,0,0,0,0,0,0,0,0,0,0,106,2026-02-05 22:47:34.066819
SMMR,26.14,26.14,26.25,2098000.0,2018300.0,0,0,0,0,0,0,0,0,0,0,0,0,0,0,0,0,0,0,0,0,0,0,106,2026-02-05 22:47:34.066819
ATMN,24.1,23.85,23.87,2498600.0,2365300.0,0,0,0,0,0,0,0,0,0,0,0,0,0,0,0,0,0,0,0,0,0,0,106,2026-02-05 22:47:34.066819
WNTR,26.33,26.2,26.33,2316200.0,1761500.0,0,0,0,0,0,0,0,0,0,0,0,0,0,0,0,0,0,0,0,0,0,0,106,2026-02-05 22:47:34.066819
SPNG,25.92,25.61,25.71,2312400.0,2197200.0,0,0,0,0,0,0,0,0,0,0,0,0,0,0,0,0,0,0,0,0,0,0,107,2026-02-05 22:47:35.126051
SMMR,26.14,26.14,26.18,2096500.0,2003900.0,0,0,0,0,0,0,0,0,0,0,0,0,0,0,0,0,0,0,0,0,0,0,107,2026-02-05 22:47:35.126051
ATMN,23.87,23.83,23.87,2509300.0,2365300.0,0,0,0,0,0,0,0,0,0,0,0,0,0,0,0,0,0,0,0,0,0,0,107,2026-02-05 22:47:35.126051
WNTR,26.33,26.2,26.31,2282300.0,1890900.0,0,0,0,0,0,0,0,0,0,0,0,0,0,0,0,0,0,0,0,0,0,0,107,2026-02-05 22:47:35.126051
SPNG,25.39,25.39,25.71,2331500.0,2197200.0,0,0,0,0,0,0,0,0,0,0,0,0,0,0,0,0,0,0,0,0,0,0,108,2026-02-05 22:47:36.176913
SMMR,26.14,26.14,26.18,2059200.0,2003900.0,0,0,0,0,0,0,0,0,0,0,0,0,0,0,0,0,0,0,0,0,0,0,108,2026-02-05 22:47:36.176913
ATMN,23.89,23.83,23.89,2520700.0,2358800.0,0,0,0,0,0,0,0,0,0,0,0,0,0,0,0,0,0,0,0,0,0,0,108,2026-02-05 22:47:36.176913
WNTR,26.2,26.2,26.31,2282300.0,1890900.0,0,0,0,0,0,0,0,0,0,0,0,0,0,0,0,0,0,0,0,0,0,0,108,2026-02-05 22:47:36.176913
SPNG,25.96,25.39,25.96,2319500.0,2201100.0,0,0,0,0,0,0,0,0,0,0,0,0,0,0,0,0,0,0,0,0,0,0,109,2026-02-05 22:47:37.212227
SMMR,26.25,26.28,26.35,2059200.0,2013700.0,0,0,0,0,0,0,0,0,0,0,0,0,0,0,0,0,0,0,0,0,0,0,109,2026-02-05 22:47:37.212227
ATMN,23.89,23.98,24.06,2541700.0,2349000.0,0,0,0,0,0,0,0,0,0,0,0,0,0,0,0,0,0,0,0,0,0,0,109,2026-02-05 22:47:37.212227
WNTR,26.37,26.2,26.37,2276600.0,1663100.0,0,0,0,0,0,0,0,0,0,0,0,0,0,0,0,0,0,0,0,0,0,0,109,2026-02-05 22:47:37.212227
SPNG,26.07,25.33,26.07,2308700.0,2202600.0,0,0,0,0,0,0,0,0,0,0,0,0,0,0,0,0,0,0,0,0,0,0,110,2026-02-05 22:47:38.276233
SMMR,26.06,26.06,26.31,2070800.0,2008700.0,0,0,0,0,0,0,0,0,0,0,0,0,0,0,0,0,0,0,0,0,0,0,110,2026-02-05 22:47:38.276233
ATMN,24.1,23.83,24.1,2541700.0,2370700.0,0,0,0,0,0,0,0,0,0,0,0,0,0,0,0,0,0,0,0,0,0,0,110,2026-02-05 22:47:38.276233
WNTR,26.32,26.34,26.37,2273200.0,1781500.0,0,0,0,0,0,0,0,0,0,0,0,0,0,0,0,0,0,0,0,0,0,0,110,2026-02-05 22:47:38.276233
SPNG,25.63,25.9,26.07,2323000.0,2202600.0,0,0,0,0,0,0,0,0,0,0,0,0,0,0,0,0,0,0,0,0,0,0,111,2026-02-05 22:47:39.323382
SMMR,26.31,26.06,26.19,2070800.0,2028200.0,0,0,0,0,0,0,0,0,0,0,0,0,0,0,0,0,0,0,0,0,0,0,111,2026-02-05 22:47:39.323382
ATMN,24.16,23.78,23.98,2532800.0,2334300.0,0,0,0,0,0,0,0,0,0,0,0,0,0,0,0,0,0,0,0,0,0,0,111,2026-02-05 22:47:39.323382
WNTR,26.2,26.2,26.37,2276600.0,1974700.0,0,0,0,0,0,0,0,0,0,0,0,0,0,0,0,0,0,0,0,0,0,0,111,2026-02-05 22:47:39.323382
SPNG,25.63,25.9,25.95,2323000.0,2202600.0,0,0,0,0,0,0,0,0,0,0,0,0,0,0,0,0,0,0,0,0,0,0,112,2026-02-05 22:47:39.873616
SMMR,26.31,26.06,26.19,2067500.0,2028200.0,0,0,0,0,0,0,0,0,0,0,0,0,0,0,0,0,0,0,0,0,0,0,112,2026-02-05 22:47:39.873616
ATMN,24.16,23.78,23.98,2561900.0,2334300.0,0,0,0,0,0,0,0,0,0,0,0,0,0,0,0,0,0,0,0,0,0,0,112,2026-02-05 22:47:39.873616
WNTR,26.2,26.2,26.36,2276600.0,2201100.0,0,0,0,0,0,0,0,0,0,0,0,0,0,0,0,0,0,0,0,0,0,0,112,2026-02-05 22:47:39.873616
SPNG,25.9,25.64,25.67,2313800.0,2213300.0,0,0,0,0,0,0,0,0,0,0,0,0,0,0,0,0,0,0,0,0,0,0,113,2026-02-05 22:47:40.923200
SMMR,26.12,26.06,26.12,2065200.0,2038600.0,0,0,0,0,0,0,0,0,0,0,0,0,0,0,0,0,0,0,0,0,0,0,113,2026-02-05 22:47:40.923200
ATMN,23.98,23.78,23.98,2559200.0,2334300.0,0,0,0,0,0,0,0,0,0,0,0,0,0,0,0,0,0,0,0,0,0,0,113,2026-02-05 22:47:40.923200
WNTR,26.17,26.17,26.36,2301700.0,2208400.0,0,0,0,0,0,0,0,0,0,0,0,0,0,0,0,0,0,0,0,0,0,0,113,2026-02-05 22:47:40.923200
SPNG,25.95,25.58,25.95,2325400.0,2202600.0,0,0,0,0,0,0,0,0,0,0,0,0,0,0,0,0,0,0,0,0,0,0,114,2026-02-05 22:47:41.973344
SMMR,26.12,26.3,26.31,2020000.0,2008500.0,0,0,0,0,0,0,0,0,0,0,0,0,0,0,0,0,0,0,0,0,0,0,114,2026-02-05 22:47:41.973344
ATMN,24.16,23.78,24.16,2549900.0,2358300.0,0,0,0,0,0,0,0,0,0,0,0,0,0,0,0,0,0,0,0,0,0,0,114,2026-02-05 22:47:41.973344
WNTR,26.31,26.31,26.36,2263400.0,2208400.0,0,0,0,0,0,0,0,0,0,0,0,0,0,0,0,0,0,0,0,0,0,0,114,2026-02-05 22:47:41.973344
SPNG,25.45,25.45,25.8,2337100.0,2221600.0,0,0,0,0,0,0,0,0,0,0,0,0,0,0,0,0,0,0,0,0,0,0,115,2026-02-05 22:47:43.047028
SMMR,26.3,26.06,26.19,2043800.0,1999500.0,0,0,0,0,0,0,0,0,0,0,0,0,0,0,0,0,0,0,0,0,0,0,115,2026-02-05 22:47:43.047028
ATMN,24.16,23.78,24.16,2558700.0,2358300.0,0,0,0,0,0,0,0,0,0,0,0,0,0,0,0,0,0,0,0,0,0,0,115,2026-02-05 22:47:43.047028
WNTR,26.24,26.34,26.36,2259400.0,2273100.0,0,0,0,0,0,0,0,0,0,0,0,0,0,0,0,0,0,0,0,0,0,0,115,2026-02-05 22:47:43.047028
SPNG,25.8,25.45,25.8,2340400.0,2221600.0,0,0,0,0,0,0,0,0,0,0,0,0,0,0,0,0,0,0,0,0,0,0,116,2026-02-05 22:47:44.165276
SMMR,26.19,26.26,26.31,2042300.0,2009700.0,0,0,0,0,0,0,0,0,0,0,0,0,0,0,0,0,0,0,0,0,0,0,116,2026-02-05 22:47:44.165276
ATMN,23.78,23.85,24.16,2543700.0,2318800.0,0,0,0,0,0,0,0,0,0,0,0,0,0,0,0,0,0,0,0,0,0,0,116,2026-02-05 22:47:44.165276
WNTR,26.34,26.17,26.25,2254400.0,2260700.0,0,0,0,0,0,0,0,0,0,0,0,0,0,0,0,0,0,0,0,0,0,0,116,2026-02-05 22:47:44.165276
SPNG,25.45,25.45,25.8,2340400.0,2275100.0,0,0,0,0,0,0,0,0,0,0,0,0,0,0,0,0,0,0,0,0,0,0,117,2026-02-05 22:47:45.235878
SMMR,26.3,26.26,26.3,2042300.0,2004200.0,0,0,0,0,0,0,0,0,0,0,0,0,0,0,0,0,0,0,0,0,0,0,117,2026-02-05 22:47:45.235878
ATMN,23.78,23.85,24.04,2538900.0,2284500.0,0,0,0,0,0,0,0,0,0,0,0,0,0,0,0,0,0,0,0,0,0,0,117,2026-02-05 22:47:45.235878
WNTR,26.2,26.2,26.25,2238400.0,2260700.0,0,0,0,0,0,0,0,0,0,0,0,0,0,0,0,0,0,0,0,0,0,0,117,2026-02-05 22:47:45.235878
SPNG,25.97,25.75,25.97,2365600.0,2238500.0,0,0,0,0,0,0,0,0,0,0,0,0,0,0,0,0,0,0,0,0,0,0,118,2026-02-05 22:47:46.319227
SMMR,26.11,26.25,26.31,2022600.0,1979000.0,0,0,0,0,0,0,0,0,0,0,0,0,0,0,0,0,0,0,0,0,0,0,118,2026-02-05 22:47:46.319227
ATMN,24.04,23.85,24.04,2538900.0,2284500.0,0,0,0,0,0,0,0,0,0,0,0,0,0,0,0,0,0,0,0,0,0,0,118,2026-02-05 22:47:46.319227
WNTR,26.17,26.17,26.25,2275700.0,2260700.0,0,0,0,0,0,0,0,0,0,0,0,0,0,0,0,0,0,0,0,0,0,0,118,2026-02-05 22:47:46.319227
SPNG,25.75,25.62,25.72,2361100.0,2258300.0,0,0,0,0,0,0,0,0,0,0,0,0,0,0,0,0,0,0,0,0,0,0,119,2026-02-05 22:47:47.364112
SMMR,26.25,26.06,26.25,2015500.0,2002500.0,0,0,0,0,0,0,0,0,0,0,0,0,0,0,0,0,0,0,0,0,0,0,119,2026-02-05 22:47:47.364112
ATMN,23.76,23.76,24.18,2587400.0,2343100.0,0,0,0,0,0,0,0,0,0,0,0,0,0,0,0,0,0,0,0,0,0,0,119,2026-02-05 22:47:47.364112
WNTR,26.2,26.2,26.25,2281300.0,2260700.0,0,0,0,0,0,0,0,0,0,0,0,0,0,0,0,0,0,0,0,0,0,0,119,2026-02-05 22:47:47.364112
SPNG,25.62,25.55,0.0,200000.0,0,0,0,0,0,0,0,0,0,0,0,0,0,0,0,0,0,0,0,0,0,0,0,120,2026-02-05 22:47:47.940473
SMMR,26.25,25.23,0.0,200000.0,0,0,0,0,0,0,0,0,0,0,0,0,0,0,0,0,0,0,0,0,0,0,0,120,2026-02-05 22:47:47.940473
ATMN,23.76,23.68,0.0,200000.0,0,0,0,0,0,0,0,0,0,0,0,0,0,0,0,0,0,0,0,0,0,0,0,120,2026-02-05 22:47:47.940473
WNTR,26.18,23.28,0.0,200000.0,0,0,0,0,0,0,0,0,0,0,0,0,0,0,0,0,0,0,0,0,0,0,0,120,2026-02-05 22:47:47.940473
SPNG,25.7,25.55,25.7,1001500.0,949500.0,0,0,0,0,0,0,0,0,0,0,0,0,0,0,0,0,0,0,0,0,0,0,121,2026-02-05 22:47:49.038405
SMMR,26.25,25.27,25.51,883000.0,1150000.0,0,0,0,0,0,0,0,0,0,0,0,0,0,0,0,0,0,0,0,0,0,0,121,2026-02-05 22:47:49.038405
ATMN,23.68,23.14,23.5,1112600.0,1168200.0,0,0,0,0,0,0,0,0,0,0,0,0,0,0,0,0,0,0,0,0,0,0,121,2026-02-05 22:47:49.038405
WNTR,26.18,23.28,23.29,916300.0,1348100.0,0,0,0,0,0,0,0,0,0,0,0,0,0,0,0,0,0,0,0,0,0,0,121,2026-02-05 22:47:49.038405
SPNG,25.55,25.55,25.74,1001500.0,942800.0,0,0,0,0,0,0,0,0,0,0,0,0,0,0,0,0,0,0,0,0,0,0,122,2026-02-05 22:47:50.209962
SMMR,25.23,25.23,25.4,900300.0,1334500.0,0,0,0,0,0,0,0,0,0,0,0,0,0,0,0,0,0,0,0,0,0,0,122,2026-02-05 22:47:50.209962
ATMN,23.84,24.04,24.54,1332600.0,1084700.0,0,0,0,0,0,0,0,0,0,0,0,0,0,0,0,0,0,0,0,0,0,0,122,2026-02-05 22:47:50.209962
WNTR,23.35,23.28,23.35,955500.0,1219400.0,0,0,0,0,0,0,0,0,0,0,0,0,0,0,0,0,0,0,0,0,0,0,122,2026-02-05 22:47:50.209962
SPNG,25.55,25.55,25.72,1003900.0,1088400.0,0,0,0,0,0,0,0,0,0,0,0,0,0,0,0,0,0,0,0,0,0,0,123,2026-02-05 22:47:51.288852
SMMR,25.4,25.23,25.4,900300.0,1334500.0,0,0,0,0,0,0,0,0,0,0,0,0,0,0,0,0,0,0,0,0,0,0,123,2026-02-05 22:47:51.288852
ATMN,23.84,24.04,24.33,1332600.0,1559400.0,0,0,0,0,0,0,0,0,0,0,0,0,0,0,0,0,0,0,0,0,0,0,123,2026-02-05 22:47:51.288852
WNTR,23.46,23.28,23.46,955500.0,1072200.0,0,0,0,0,0,0,0,0,0,0,0,0,0,0,0,0,0,0,0,0,0,0,123,2026-02-05 22:47:51.288852
SPNG,25.56,25.55,25.56,1003900.0,1336100.0,0,0,0,0,0,0,0,0,0,0,0,0,0,0,0,0,0,0,0,0,0,0,124,2026-02-05 22:47:52.338134
SMMR,25.23,25.23,25.32,1030000.0,1448300.0,0,0,0,0,0,0,0,0,0,0,0,0,0,0,0,0,0,0,0,0,0,0,124,2026-02-05 22:47:52.338134
ATMN,23.14,23.14,24.14,1112600.0,1927800.0,0,0,0,0,0,0,0,0,0,0,0,0,0,0,0,0,0,0,0,0,0,0,124,2026-02-05 22:47:52.338134
WNTR,23.25,22.86,23.15,950000.0,1330300.0,0,0,0,0,0,0,0,0,0,0,0,0,0,0,0,0,0,0,0,0,0,0,124,2026-02-05 22:47:52.338134
SPNG,25.38,25.43,25.56,1272200.0,1336100.0,0,0,0,0,0,0,0,0,0,0,0,0,0,0,0,0,0,0,0,0,0,0,125,2026-02-05 22:47:53.385086
SMMR,25.12,25.12,25.32,930000.0,1668000.0,0,0,0,0,0,0,0,0,0,0,0,0,0,0,0,0,0,0,0,0,0,0,125,2026-02-05 22:47:53.385086
ATMN,23.83,23.2,23.33,1251200.0,2049300.0,0,0,0,0,0,0,0,0,0,0,0,0,0,0,0,0,0,0,0,0,0,0,125,2026-02-05 22:47:53.385086
WNTR,23.15,23.35,23.43,1180500.0,1342300.0,0,0,0,0,0,0,0,0,0,0,0,0,0,0,0,0,0,0,0,0,0,0,125,2026-02-05 22:47:53.385086
SPNG,25.43,25.43,25.56,1272200.0,1453300.0,0,0,0,0,0,0,0,0,0,0,0,0,0,0,0,0,0,0,0,0,0,0,126,2026-02-05 22:47:54.422695
SMMR,25.12,25.12,25.32,1040300.0,1894500.0,0,0,0,0,0,0,0,0,0,0,0,0,0,0,0,0,0,0,0,0,0,0,126,2026-02-05 22:47:54.422695
ATMN,24.13,23.69,23.83,1507000.0,2036600.0,0,0,0,0,0,0,0,0,0,0,0,0,0,0,0,0,0,0,0,0,0,0,126,2026-02-05 22:47:54.422695
WNTR,23.43,23.4,23.43,1436800.0,1342300.0,0,0,0,0,0,0,0,0,0,0,0,0,0,0,0,0,0,0,0,0,0,0,126,2026-02-05 22:47:54.422695
SPNG,25.57,25.49,25.57,1380800.0,1403500.0,0,0,0,0,0,0,0,0,0,0,0,0,0,0,0,0,0,0,0,0,0,0,127,2026-02-05 22:47:54.960746
SMMR,25.12,25.12,25.32,1040100.0,1894500.0,0,0,0,0,0,0,0,0,0,0,0,0,0,0,0,0,0,0,0,0,0,0,127,2026-02-05 22:47:54.960746
ATMN,23.23,23.23,23.83,1378400.0,2123100.0,0,0,0,0,0,0,0,0,0,0,0,0,0,0,0,0,0,0,0,0,0,0,127,2026-02-05 22:47:54.960746
WNTR,23.4,23.4,23.43,1549500.0,1342300.0,0,0,0,0,0,0,0,0,0,0,0,0,0,0,0,0,0,0,0,0,0,0,127,2026-02-05 22:47:54.960746
SPNG,25.57,25.49,25.56,1478200.0,1662700.0,0,0,0,0,0,0,0,0,0,0,0,0,0,0,0,0,0,0,0,0,0,0,128,2026-02-05 22:47:56.019120
SMMR,25.12,25.12,25.32,1040100.0,1982700.0,0,0,0,0,0,0,0,0,0,0,0,0,0,0,0,0,0,0,0,0,0,0,128,2026-02-05 22:47:56.019120
ATMN,23.23,23.71,23.83,1768300.0,2123100.0,0,0,0,0,0,0,0,0,0,0,0,0,0,0,0,0,0,0,0,0,0,0,128,2026-02-05 22:47:56.019120
WNTR,23.64,23.37,23.48,1406400.0,1311200.0,0,0,0,0,0,0,0,0,0,0,0,0,0,0,0,0,0,0,0,0,0,0,128,2026-02-05 22:47:56.019120
SPNG,25.77,25.49,25.77,1478200.0,1431300.0,0,0,0,0,0,0,0,0,0,0,0,0,0,0,0,0,0,0,0,0,0,0,129,2026-02-05 22:47:57.080699
SMMR,25.24,25.12,25.24,1148000.0,2095900.0,0,0,0,0,0,0,0,0,0,0,0,0,0,0,0,0,0,0,0,0,0,0,129,2026-02-05 22:47:57.080699
ATMN,23.23,23.71,23.83,1768300.0,2280400.0,0,0,0,0,0,0,0,0,0,0,0,0,0,0,0,0,0,0,0,0,0,0,129,2026-02-05 22:47:57.080699
WNTR,23.43,23.43,23.48,1651500.0,1311200.0,0,0,0,0,0,0,0,0,0,0,0,0,0,0,0,0,0,0,0,0,0,0,129,2026-02-05 22:47:57.080699
SPNG,25.75,25.75,25.77,1603400.0,1654000.0,0,0,0,0,0,0,0,0,0,0,0,0,0,0,0,0,0,0,0,0,0,0,130,2026-02-05 22:47:58.168045
SMMR,25.24,25.12,25.24,1340800.0,2080700.0,0,0,0,0,0,0,0,0,0,0,0,0,0,0,0,0,0,0,0,0,0,0,130,2026-02-05 22:47:58.168045
ATMN,23.71,23.71,23.83,1768300.0,2303700.0,0,0,0,0,0,0,0,0,0,0,0,0,0,0,0,0,0,0,0,0,0,0,130,2026-02-05 22:47:58.168045
WNTR,23.39,23.37,23.39,1413900.0,1556300.0,0,0,0,0,0,0,0,0,0,0,0,0,0,0,0,0,0,0,0,0,0,0,130,2026-02-05 22:47:58.168045
SPNG,25.47,25.47,25.65,1369600.0,1876300.0,0,0,0,0,0,0,0,0,0,0,0,0,0,0,0,0,0,0,0,0,0,0,131,2026-02-05 22:47:59.236421
SMMR,25.32,25.15,25.32,1447900.0,2066000.0,0,0,0,0,0,0,0,0,0,0,0,0,0,0,0,0,0,0,0,0,0,0,131,2026-02-05 22:47:59.236421
ATMN,23.71,23.5,23.65,2018300.0,2313100.0,0,0,0,0,0,0,0,0,0,0,0,0,0,0,0,0,0,0,0,0,0,0,131,2026-02-05 22:47:59.236421
WNTR,23.35,23.38,23.39,1440600.0,1556300.0,0,0,0,0,0,0,0,0,0,0,0,0,0,0,0,0,0,0,0,0,0,0,131,2026-02-05 22:47:59.236421
SPNG,25.19,25.25,25.65,1563700.0,1876300.0,0,0,0,0,0,0,0,0,0,0,0,0,0,0,0,0,0,0,0,0,0,0,132,2026-02-05 22:48:00.284287
SMMR,25.25,25.15,25.25,1447900.0,2041600.0,0,0,0,0,0,0,0,0,0,0,0,0,0,0,0,0,0,0,0,0,0,0,132,2026-02-05 22:48:00.284287
ATMN,23.37,23.37,23.65,1874700.0,2333800.0,0,0,0,0,0,0,0,0,0,0,0,0,0,0,0,0,0,0,0,0,0,0,132,2026-02-05 22:48:00.284287
WNTR,23.35,23.38,23.39,1827900.0,1703700.0,0,0,0,0,0,0,0,0,0,0,0,0,0,0,0,0,0,0,0,0,0,0,132,2026-02-05 22:48:00.284287
SPNG,25.19,25.64,25.65,1893400.0,1876300.0,0,0,0,0,0,0,0,0,0,0,0,0,0,0,0,0,0,0,0,0,0,0,133,2026-02-05 22:48:01.329108
SMMR,25.25,25.15,25.25,1539100.0,2064600.0,0,0,0,0,0,0,0,0,0,0,0,0,0,0,0,0,0,0,0,0,0,0,133,2026-02-05 22:48:01.329108
ATMN,23.37,23.55,23.65,2083000.0,2382500.0,0,0,0,0,0,0,0,0,0,0,0,0,0,0,0,0,0,0,0,0,0,0,133,2026-02-05 22:48:01.329108
WNTR,23.35,23.38,23.39,2190200.0,1703700.0,0,0,0,0,0,0,0,0,0,0,0,0,0,0,0,0,0,0,0,0,0,0,133,2026-02-05 22:48:01.329108
SPNG,25.65,25.76,25.77,1773800.0,1763100.0,0,0,0,0,0,0,0,0,0,0,0,0,0,0,0,0,0,0,0,0,0,0,134,2026-02-05 22:48:02.369140
SMMR,25.25,25.21,25.25,1647600.0,2064200.0,0,0,0,0,0,0,0,0,0,0,0,0,0,0,0,0,0,0,0,0,0,0,134,2026-02-05 22:48:02.369140
ATMN,23.37,23.55,23.65,2347100.0,2407000.0,0,0,0,0,0,0,0,0,0,0,0,0,0,0,0,0,0,0,0,0,0,0,134,2026-02-05 22:48:02.369140
WNTR,23.4,23.38,23.4,2451200.0,1559800.0,0,0,0,0,0,0,0,0,0,0,0,0,0,0,0,0,0,0,0,0,0,0,134,2026-02-05 22:48:02.369140
SPNG,24.9,24.96,25.77,1689100.0,1763100.0,0,0,0,0,0,0,0,0,0,0,0,0,0,0,0,0,0,0,0,0,0,0,135,2026-02-05 22:48:03.400137
SMMR,25.35,25.24,25.35,1744500.0,2039000.0,0,0,0,0,0,0,0,0,0,0,0,0,0,0,0,0,0,0,0,0,0,0,135,2026-02-05 22:48:03.400137
ATMN,23.61,23.61,23.65,2457800.0,2471600.0,0,0,0,0,0,0,0,0,0,0,0,0,0,0,0,0,0,0,0,0,0,0,135,2026-02-05 22:48:03.400137
WNTR,23.53,23.49,23.53,2419600.0,1293900.0,0,0,0,0,0,0,0,0,0,0,0,0,0,0,0,0,0,0,0,0,0,0,135,2026-02-05 22:48:03.400137
SPNG,25.77,25.31,25.77,2038600.0,1763100.0,0,0,0,0,0,0,0,0,0,0,0,0,0,0,0,0,0,0,0,0,0,0,136,2026-02-05 22:48:04.438826
SMMR,25.24,25.24,25.28,1744500.0,2060000.0,0,0,0,0,0,0,0,0,0,0,0,0,0,0,0,0,0,0,0,0,0,0,136,2026-02-05 22:48:04.438826
ATMN,23.7,23.61,23.7,2457800.0,2437500.0,0,0,0,0,0,0,0,0,0,0,0,0,0,0,0,0,0,0,0,0,0,0,136,2026-02-05 22:48:04.438826
WNTR,23.49,23.38,23.48,2454900.0,1430200.0,0,0,0,0,0,0,0,0,0,0,0,0,0,0,0,0,0,0,0,0,0,0,136,2026-02-05 22:48:04.438826
SPNG,25.31,25.31,25.77,2076700.0,1763100.0,0,0,0,0,0,0,0,0,0,0,0,0,0,0,0,0,0,0,0,0,0,0,137,2026-02-05 22:48:05.494107
SMMR,25.21,25.21,25.28,1647600.0,2053000.0,0,0,0,0,0,0,0,0,0,0,0,0,0,0,0,0,0,0,0,0,0,0,137,2026-02-05 22:48:05.494107
ATMN,23.42,23.42,23.7,2243700.0,2412600.0,0,0,0,0,0,0,0,0,0,0,0,0,0,0,0,0,0,0,0,0,0,0,137,2026-02-05 22:48:05.494107
WNTR,23.53,23.48,23.53,2468900.0,1293900.0,0,0,0,0,0,0,0,0,0,0,0,0,0,0,0,0,0,0,0,0,0,0,137,2026-02-05 22:48:05.494107
SPNG,25.28,25.28,25.77,2045200.0,1763100.0,0,0,0,0,0,0,0,0,0,0,0,0,0,0,0,0,0,0,0,0,0,0,138,2026-02-05 22:48:06.041041
SMMR,25.21,25.23,25.28,1978300.0,2053000.0,0,0,0,0,0,0,0,0,0,0,0,0,0,0,0,0,0,0,0,0,0,0,138,2026-02-05 22:48:06.041041
ATMN,23.23,23.23,23.7,2109800.0,2412600.0,0,0,0,0,0,0,0,0,0,0,0,0,0,0,0,0,0,0,0,0,0,0,138,2026-02-05 22:48:06.041041
WNTR,23.65,23.48,23.65,2467800.0,1081800.0,0,0,0,0,0,0,0,0,0,0,0,0,0,0,0,0,0,0,0,0,0,0,138,2026-02-05 22:48:06.041041
SPNG,25.27,25.27,25.77,1916500.0,1994400.0,0,0,0,0,0,0,0,0,0,0,0,0,0,0,0,0,0,0,0,0,0,0,139,2026-02-05 22:48:07.155008
SMMR,25.28,25.27,25.28,2072500.0,2050600.0,0,0,0,0,0,0,0,0,0,0,0,0,0,0,0,0,0,0,0,0,0,0,139,2026-02-05 22:48:07.155008
ATMN,23.64,23.64,23.7,2240100.0,2412600.0,0,0,0,0,0,0,0,0,0,0,0,0,0,0,0,0,0,0,0,0,0,0,139,2026-02-05 22:48:07.155008
WNTR,23.59,23.59,23.61,2489800.0,1314500.0,0,0,0,0,0,0,0,0,0,0,0,0,0,0,0,0,0,0,0,0,0,0,139,2026-02-05 22:48:07.155008
SPNG,25.46,25.71,25.77,2137600.0,2071000.0,0,0,0,0,0,0,0,0,0,0,0,0,0,0,0,0,0,0,0,0,0,0,140,2026-02-05 22:48:08.197905
SMMR,25.23,25.23,25.28,1978300.0,2045400.0,0,0,0,0,0,0,0,0,0,0,0,0,0,0,0,0,0,0,0,0,0,0,140,2026-02-05 22:48:08.197905
ATMN,23.72,23.2,23.72,1982600.0,2399900.0,0,0,0,0,0,0,0,0,0,0,0,0,0,0,0,0,0,0,0,0,0,0,140,2026-02-05 22:48:08.197905
WNTR,23.59,23.48,23.56,2467800.0,1657600.0,0,0,0,0,0,0,0,0,0,0,0,0,0,0,0,0,0,0,0,0,0,0,140,2026-02-05 22:48:08.197905
SPNG,25.14,25.14,25.77,2041900.0,2202000.0,0,0,0,0,0,0,0,0,0,0,0,0,0,0,0,0,0,0,0,0,0,0,141,2026-02-05 22:48:09.228896
SMMR,25.23,25.23,25.26,2066200.0,2052400.0,0,0,0,0,0,0,0,0,0,0,0,0,0,0,0,0,0,0,0,0,0,0,141,2026-02-05 22:48:09.228896
ATMN,23.78,23.2,23.78,1982600.0,2386000.0,0,0,0,0,0,0,0,0,0,0,0,0,0,0,0,0,0,0,0,0,0,0,141,2026-02-05 22:48:09.228896
WNTR,23.48,23.48,23.56,2461600.0,1657600.0,0,0,0,0,0,0,0,0,0,0,0,0,0,0,0,0,0,0,0,0,0,0,141,2026-02-05 22:48:09.228896
SPNG,25.79,25.14,25.79,2275300.0,2078000.0,0,0,0,0,0,0,0,0,0,0,0,0,0,0,0,0,0,0,0,0,0,0,142,2026-02-05 22:48:10.258344
SMMR,25.25,25.22,25.25,1941500.0,2082700.0,0,0,0,0,0,0,0,0,0,0,0,0,0,0,0,0,0,0,0,0,0,0,142,2026-02-05 22:48:10.258344
ATMN,23.32,23.32,23.78,2230000.0,2386000.0,0,0,0,0,0,0,0,0,0,0,0,0,0,0,0,0,0,0,0,0,0,0,142,2026-02-05 22:48:10.258344
WNTR,23.57,23.43,23.57,2448000.0,1685000.0,0,0,0,0,0,0,0,0,0,0,0,0,0,0,0,0,0,0,0,0,0,0,142,2026-02-05 22:48:10.258344
SPNG,25.83,25.14,25.83,2519600.0,1835200.0,0,0,0,0,0,0,0,0,0,0,0,0,0,0,0,0,0,0,0,0,0,0,143,2026-02-05 22:48:11.294619
SMMR,25.28,25.29,25.33,2066900.0,2018600.0,0,0,0,0,0,0,0,0,0,0,0,0,0,0,0,0,0,0,0,0,0,0,143,2026-02-05 22:48:11.294619
ATMN,23.2,23.2,23.78,2087600.0,2386000.0,0,0,0,0,0,0,0,0,0,0,0,0,0,0,0,0,0,0,0,0,0,0,143,2026-02-05 22:48:11.294619
WNTR,23.51,23.43,23.47,2448000.0,1794400.0,0,0,0,0,0,0,0,0,0,0,0,0,0,0,0,0,0,0,0,0,0,0,143,2026-02-05 22:48:11.294619
SPNG,25.87,25.71,25.87,2473500.0,1804700.0,0,0,0,0,0,0,0,0,0,0,0,0,0,0,0,0,0,0,0,0,0,0,144,2026-02-05 22:48:12.362377
SMMR,25.21,25.15,25.18,1741200.0,2031300.0,0,0,0,0,0,0,0,0,0,0,0,0,0,0,0,0,0,0,0,0,0,0,144,2026-02-05 22:48:12.362377
ATMN,23.14,23.64,23.67,2066800.0,2367800.0,0,0,0,0,0,0,0,0,0,0,0,0,0,0,0,0,0,0,0,0,0,0,144,2026-02-05 22:48:12.362377
WNTR,23.53,23.43,23.44,2448000.0,1954000.0,0,0,0,0,0,0,0,0,0,0,0,0,0,0,0,0,0,0,0,0,0,0,144,2026-02-05 22:48:12.362377
SPNG,25.87,25.71,25.87,2473500.0,2044100.0,0,0,0,0,0,0,0,0,0,0,0,0,0,0,0,0,0,0,0,0,0,0,145,2026-02-05 22:48:13.394161
SMMR,25.12,25.12,25.18,1642600.0,2032100.0,0,0,0,0,0,0,0,0,0,0,0,0,0,0,0,0,0,0,0,0,0,0,145,2026-02-05 22:48:13.394161
ATMN,23.67,23.77,23.78,2194000.0,2386000.0,0,0,0,0,0,0,0,0,0,0,0,0,0,0,0,0,0,0,0,0,0,0,145,2026-02-05 22:48:13.394161
WNTR,23.53,23.43,23.5,2440700.0,2077900.0,0,0,0,0,0,0,0,0,0,0,0,0,0,0,0,0,0,0,0,0,0,0,145,2026-02-05 22:48:13.394161
SPNG,25.21,25.59,25.87,2411300.0,2044100.0,0,0,0,0,0,0,0,0,0,0,0,0,0,0,0,0,0,0,0,0,0,0,146,2026-02-05 22:48:14.422580
SMMR,25.12,25.12,25.18,1981000.0,2032100.0,0,0,0,0,0,0,0,0,0,0,0,0,0,0,0,0,0,0,0,0,0,0,146,2026-02-05 22:48:14.422580
ATMN,23.77,23.27,23.34,2067700.0,2370400.0,0,0,0,0,0,0,0,0,0,0,0,0,0,0,0,0,0,0,0,0,0,0,146,2026-02-05 22:48:14.422580
WNTR,23.61,23.46,23.54,2461900.0,1988000.0,0,0,0,0,0,0,0,0,0,0,0,0,0,0,0,0,0,0,0,0,0,0,146,2026-02-05 22:48:14.422580
SPNG,25.14,25.47,25.87,2440400.0,2118400.0,0,0,0,0,0,0,0,0,0,0,0,0,0,0,0,0,0,0,0,0,0,0,147,2026-02-05 22:48:15.455985
SMMR,25.12,25.12,25.18,1976700.0,2032100.0,0,0,0,0,0,0,0,0,0,0,0,0,0,0,0,0,0,0,0,0,0,0,147,2026-02-05 22:48:15.455985
ATMN,23.34,23.56,23.72,2314100.0,2378200.0,0,0,0,0,0,0,0,0,0,0,0,0,0,0,0,0,0,0,0,0,0,0,147,2026-02-05 22:48:15.455985
WNTR,23.54,23.46,23.53,2461900.0,2210000.0,0,0,0,0,0,0,0,0,0,0,0,0,0,0,0,0,0,0,0,0,0,0,147,2026-02-05 22:48:15.455985
SPNG,25.47,25.47,25.64,2417400.0,2194600.0,0,0,0,0,0,0,0,0,0,0,0,0,0,0,0,0,0,0,0,0,0,0,148,2026-02-05 22:48:16.484317
SMMR,25.2,25.1,25.2,1988900.0,2037400.0,0,0,0,0,0,0,0,0,0,0,0,0,0,0,0,0,0,0,0,0,0,0,148,2026-02-05 22:48:16.484317
ATMN,23.82,23.27,23.82,2067700.0,2347200.0,0,0,0,0,0,0,0,0,0,0,0,0,0,0,0,0,0,0,0,0,0,0,148,2026-02-05 22:48:16.484317
WNTR,23.43,23.43,23.52,2440700.0,2317100.0,0,0,0,0,0,0,0,0,0,0,0,0,0,0,0,0,0,0,0,0,0,0,148,2026-02-05 22:48:16.484317
SPNG,25.43,25.43,25.79,2447000.0,2205900.0,0,0,0,0,0,0,0,0,0,0,0,0,0,0,0,0,0,0,0,0,0,0,149,2026-02-05 22:48:17.514252
SMMR,25.1,25.1,25.27,1988900.0,2036900.0,0,0,0,0,0,0,0,0,0,0,0,0,0,0,0,0,0,0,0,0,0,0,149,2026-02-05 22:48:17.514252
ATMN,23.14,23.14,23.3,2077000.0,2353200.0,0,0,0,0,0,0,0,0,0,0,0,0,0,0,0,0,0,0,0,0,0,0,149,2026-02-05 22:48:17.514252
WNTR,23.52,23.47,23.52,2440800.0,2449300.0,0,0,0,0,0,0,0,0,0,0,0,0,0,0,0,0,0,0,0,0,0,0,149,2026-02-05 22:48:17.514252
SPNG,25.79,25.7,25.79,2378200.0,2205900.0,0,0,0,0,0,0,0,0,0,0,0,0,0,0,0,0,0,0,0,0,0,0,150,2026-02-05 22:48:18.552900
SMMR,25.34,25.1,25.3,1988900.0,2024100.0,0,0,0,0,0,0,0,0,0,0,0,0,0,0,0,0,0,0,0,0,0,0,150,2026-02-05 22:48:18.552900
ATMN,23.82,23.21,23.82,2339100.0,2347200.0,0,0,0,0,0,0,0,0,0,0,0,0,0,0,0,0,0,0,0,0,0,0,150,2026-02-05 22:48:18.552900
WNTR,23.59,23.47,23.59,2476000.0,2200000.0,0,0,0,0,0,0,0,0,0,0,0,0,0,0,0,0,0,0,0,0,0,0,150,2026-02-05 22:48:18.552900
SPNG,25.7,25.43,25.55,2348800.0,2235500.0,0,0,0,0,0,0,0,0,0,0,0,0,0,0,0,0,0,0,0,0,0,0,151,2026-02-05 22:48:19.579845
SMMR,25.07,25.07,25.29,1913200.0,2040700.0,0,0,0,0,0,0,0,0,0,0,0,0,0,0,0,0,0,0,0,0,0,0,151,2026-02-05 22:48:19.579845
ATMN,23.42,23.31,23.42,2459100.0,2379200.0,0,0,0,0,0,0,0,0,0,0,0,0,0,0,0,0,0,0,0,0,0,0,151,2026-02-05 22:48:19.579845
WNTR,23.44,23.44,23.61,2477100.0,2094600.0,0,0,0,0,0,0,0,0,0,0,0,0,0,0,0,0,0,0,0,0,0,0,151,2026-02-05 22:48:19.579845
SPNG,25.7,25.43,25.55,2324600.0,2235500.0,0,0,0,0,0,0,0,0,0,0,0,0,0,0,0,0,0,0,0,0,0,0,152,2026-02-05 22:48:20.134670
SMMR,25.29,25.09,25.29,1998200.0,2040700.0,0,0,0,0,0,0,0,0,0,0,0,0,0,0,0,0,0,0,0,0,0,0,152,2026-02-05 22:48:20.134670
ATMN,23.64,23.31,23.64,2459100.0,2379600.0,0,0,0,0,0,0,0,0,0,0,0,0,0,0,0,0,0,0,0,0,0,0,152,2026-02-05 22:48:20.134670
WNTR,23.62,23.57,23.62,2502100.0,1981400.0,0,0,0,0,0,0,0,0,0,0,0,0,0,0,0,0,0,0,0,0,0,0,152,2026-02-05 22:48:20.134670
SPNG,25.55,25.63,25.79,2305800.0,2206400.0,0,0,0,0,0,0,0,0,0,0,0,0,0,0,0,0,0,0,0,0,0,0,153,2026-02-05 22:48:21.200725
SMMR,25.3,25.14,25.3,2184500.0,2024100.0,0,0,0,0,0,0,0,0,0,0,0,0,0,0,0,0,0,0,0,0,0,0,153,2026-02-05 22:48:21.200725
ATMN,23.64,23.31,23.64,2564700.0,2379600.0,0,0,0,0,0,0,0,0,0,0,0,0,0,0,0,0,0,0,0,0,0,0,153,2026-02-05 22:48:21.200725
WNTR,23.57,23.57,23.62,2502100.0,2246000.0,0,0,0,0,0,0,0,0,0,0,0,0,0,0,0,0,0,0,0,0,0,0,153,2026-02-05 22:48:21.200725
SPNG,25.55,25.63,25.79,2278500.0,2230800.0,0,0,0,0,0,0,0,0,0,0,0,0,0,0,0,0,0,0,0,0,0,0,154,2026-02-05 22:48:22.261393
SMMR,25.3,25.18,25.3,2160300.0,2019300.0,0,0,0,0,0,0,0,0,0,0,0,0,0,0,0,0,0,0,0,0,0,0,154,2026-02-05 22:48:22.261393
ATMN,23.55,23.55,23.64,2609800.0,2379600.0,0,0,0,0,0,0,0,0,0,0,0,0,0,0,0,0,0,0,0,0,0,0,154,2026-02-05 22:48:22.261393
WNTR,23.58,23.57,23.58,2502100.0,2523500.0,0,0,0,0,0,0,0,0,0,0,0,0,0,0,0,0,0,0,0,0,0,0,154,2026-02-05 22:48:22.261393
SPNG,25.85,25.63,25.85,2278500.0,2272700.0,0,0,0,0,0,0,0,0,0,0,0,0,0,0,0,0,0,0,0,0,0,0,155,2026-02-05 22:48:23.328206
SMMR,25.3,25.18,25.27,2163600.0,1993100.0,0,0,0,0,0,0,0,0,0,0,0,0,0,0,0,0,0,0,0,0,0,0,155,2026-02-05 22:48:23.328206
ATMN,23.14,23.24,23.51,2615200.0,2393800.0,0,0,0,0,0,0,0,0,0,0,0,0,0,0,0,0,0,0,0,0,0,0,155,2026-02-05 22:48:23.328206
WNTR,23.38,23.38,23.58,2445600.0,2523500.0,0,0,0,0,0,0,0,0,0,0,0,0,0,0,0,0,0,0,0,0,0,0,155,2026-02-05 22:48:23.328206
SPNG,25.41,25.41,25.87,2308800.0,2224100.0,0,0,0,0,0,0,0,0,0,0,0,0,0,0,0,0,0,0,0,0,0,0,156,2026-02-05 22:48:24.427578
SMMR,25.18,25.14,25.17,2171700.0,2038900.0,0,0,0,0,0,0,0,0,0,0,0,0,0,0,0,0,0,0,0,0,0,0,156,2026-02-05 22:48:24.427578
ATMN,23.48,23.48,23.51,2616700.0,2393800.0,0,0,0,0,0,0,0,0,0,0,0,0,0,0,0,0,0,0,0,0,0,0,156,2026-02-05 22:48:24.427578
WNTR,23.38,23.39,23.58,2497400.0,2523500.0,0,0,0,0,0,0,0,0,0,0,0,0,0,0,0,0,0,0,0,0,0,0,156,2026-02-05 22:48:24.427578
SPNG,25.41,25.41,25.87,2308800.0,2222500.0,0,0,0,0,0,0,0,0,0,0,0,0,0,0,0,0,0,0,0,0,0,0,157,2026-02-05 22:48:25.470885
SMMR,25.25,25.31,25.32,2168000.0,2012400.0,0,0,0,0,0,0,0,0,0,0,0,0,0,0,0,0,0,0,0,0,0,0,157,2026-02-05 22:48:25.470885
ATMN,23.29,23.24,23.29,2623900.0,2383700.0,0,0,0,0,0,0,0,0,0,0,0,0,0,0,0,0,0,0,0,0,0,0,157,2026-02-05 22:48:25.470885
WNTR,23.38,23.47,23.52,2498600.0,2548000.0,0,0,0,0,0,0,0,0,0,0,0,0,0,0,0,0,0,0,0,0,0,0,157,2026-02-05 22:48:25.470885
SPNG,25.41,25.41,25.62,2311900.0,2206300.0,0,0,0,0,0,0,0,0,0,0,0,0,0,0,0,0,0,0,0,0,0,0,158,2026-02-05 22:48:26.518483
SMMR,25.14,25.25,25.32,2155700.0,2036200.0,0,0,0,0,0,0,0,0,0,0,0,0,0,0,0,0,0,0,0,0,0,0,158,2026-02-05 22:48:26.518483
ATMN,23.29,23.33,23.51,2563100.0,2385800.0,0,0,0,0,0,0,0,0,0,0,0,0,0,0,0,0,0,0,0,0,0,0,158,2026-02-05 22:48:26.518483
WNTR,23.52,23.42,23.52,2473800.0,2548000.0,0,0,0,0,0,0,0,0,0,0,0,0,0,0,0,0,0,0,0,0,0,0,158,2026-02-05 22:48:26.518483
SPNG,25.87,25.41,25.87,2311900.0,2214100.0,0,0,0,0,0,0,0,0,0,0,0,0,0,0,0,0,0,0,0,0,0,0,159,2026-02-05 22:48:27.556900
SMMR,25.13,25.13,25.35,2211600.0,2036100.0,0,0,0,0,0,0,0,0,0,0,0,0,0,0,0,0,0,0,0,0,0,0,159,2026-02-05 22:48:27.556900
ATMN,23.33,23.33,23.51,2505200.0,2390600.0,0,0,0,0,0,0,0,0,0,0,0,0,0,0,0,0,0,0,0,0,0,0,159,2026-02-05 22:48:27.556900
WNTR,23.39,23.39,23.52,2491900.0,2548000.0,0,0,0,0,0,0,0,0,0,0,0,0,0,0,0,0,0,0,0,0,0,0,159,2026-02-05 22:48:27.556900
SPNG,25.87,25.41,25.61,2282800.0,2198700.0,0,0,0,0,0,0,0,0,0,0,0,0,0,0,0,0,0,0,0,0,0,0,160,2026-02-05 22:48:28.614565
SMMR,25.35,25.19,25.35,2197300.0,2004600.0,0,0,0,0,0,0,0,0,0,0,0,0,0,0,0,0,0,0,0,0,0,0,160,2026-02-05 22:48:28.614565
ATMN,23.43,23.43,23.51,2492300.0,2404100.0,0,0,0,0,0,0,0,0,0,0,0,0,0,0,0,0,0,0,0,0,0,0,160,2026-02-05 22:48:28.614565
WNTR,23.42,23.42,23.51,2507500.0,2537700.0,0,0,0,0,0,0,0,0,0,0,0,0,0,0,0,0,0,0,0,0,0,0,160,2026-02-05 22:48:28.614565
SPNG,25.87,25.41,25.61,2248500.0,2198700.0,0,0,0,0,0,0,0,0,0,0,0,0,0,0,0,0,0,0,0,0,0,0,161,2026-02-05 22:48:29.166484
SMMR,25.13,25.13,25.35,2219600.0,2004600.0,0,0,0,0,0,0,0,0,0,0,0,0,0,0,0,0,0,0,0,0,0,0,161,2026-02-05 22:48:29.166484
ATMN,23.43,23.43,23.51,2484500.0,2404100.0,0,0,0,0,0,0,0,0,0,0,0,0,0,0,0,0,0,0,0,0,0,0,161,2026-02-05 22:48:29.166484
WNTR,23.42,23.42,23.51,2507500.0,2544800.0,0,0,0,0,0,0,0,0,0,0,0,0,0,0,0,0,0,0,0,0,0,0,161,2026-02-05 22:48:29.166484
SPNG,25.91,25.41,25.91,2244700.0,2177100.0,0,0,0,0,0,0,0,0,0,0,0,0,0,0,0,0,0,0,0,0,0,0,162,2026-02-05 22:48:30.241195
SMMR,25.09,25.09,25.35,2219300.0,2006600.0,0,0,0,0,0,0,0,0,0,0,0,0,0,0,0,0,0,0,0,0,0,0,162,2026-02-05 22:48:30.241195
ATMN,23.43,23.36,23.43,2464800.0,2387600.0,0,0,0,0,0,0,0,0,0,0,0,0,0,0,0,0,0,0,0,0,0,0,162,2026-02-05 22:48:30.241195
WNTR,23.42,23.39,23.4,2533200.0,2546900.0,0,0,0,0,0,0,0,0,0,0,0,0,0,0,0,0,0,0,0,0,0,0,162,2026-02-05 22:48:30.241195
SPNG,25.91,25.41,25.77,2209400.0,2167000.0,0,0,0,0,0,0,0,0,0,0,0,0,0,0,0,0,0,0,0,0,0,0,163,2026-02-05 22:48:31.286297
SMMR,25.09,25.09,25.16,2230700.0,2032000.0,0,0,0,0,0,0,0,0,0,0,0,0,0,0,0,0,0,0,0,0,0,0,163,2026-02-05 22:48:31.286297
ATMN,23.33,23.33,23.64,2490600.0,2362200.0,0,0,0,0,0,0,0,0,0,0,0,0,0,0,0,0,0,0,0,0,0,0,163,2026-02-05 22:48:31.286297
WNTR,23.4,23.39,23.4,2533200.0,2546900.0,0,0,0,0,0,0,0,0,0,0,0,0,0,0,0,0,0,0,0,0,0,0,163,2026-02-05 22:48:31.286297
SPNG,25.77,25.41,25.77,2215200.0,2167000.0,0,0,0,0,0,0,0,0,0,0,0,0,0,0,0,0,0,0,0,0,0,0,164,2026-02-05 22:48:32.344463
SMMR,25.08,25.12,25.16,2243300.0,2032000.0,0,0,0,0,0,0,0,0,0,0,0,0,0,0,0,0,0,0,0,0,0,0,164,2026-02-05 22:48:32.344463
ATMN,23.72,23.36,23.72,2506000.0,2334300.0,0,0,0,0,0,0,0,0,0,0,0,0,0,0,0,0,0,0,0,0,0,0,164,2026-02-05 22:48:32.344463
WNTR,23.4,23.39,23.4,2523300.0,2560600.0,0,0,0,0,0,0,0,0,0,0,0,0,0,0,0,0,0,0,0,0,0,0,164,2026-02-05 22:48:32.344463
SPNG,25.77,25.7,25.77,2220300.0,2167000.0,0,0,0,0,0,0,0,0,0,0,0,0,0,0,0,0,0,0,0,0,0,0,165,2026-02-05 22:48:33.389913
SMMR,25.16,25.28,25.35,2234500.0,2021300.0,0,0,0,0,0,0,0,0,0,0,0,0,0,0,0,0,0,0,0,0,0,0,165,2026-02-05 22:48:33.389913
ATMN,23.26,23.26,23.6,2510600.0,2329500.0,0,0,0,0,0,0,0,0,0,0,0,0,0,0,0,0,0,0,0,0,0,0,165,2026-02-05 22:48:33.389913
WNTR,23.55,23.39,23.55,2547400.0,2573500.0,0,0,0,0,0,0,0,0,0,0,0,0,0,0,0,0,0,0,0,0,0,0,165,2026-02-05 22:48:33.389913
SPNG,25.34,25.34,25.77,2280600.0,2167000.0,0,0,0,0,0,0,0,0,0,0,0,0,0,0,0,0,0,0,0,0,0,0,166,2026-02-05 22:48:34.468015
SMMR,25.28,25.28,25.35,2218200.0,1997200.0,0,0,0,0,0,0,0,0,0,0,0,0,0,0,0,0,0,0,0,0,0,0,166,2026-02-05 22:48:34.468015
ATMN,23.6,23.7,23.72,2503100.0,2327700.0,0,0,0,0,0,0,0,0,0,0,0,0,0,0,0,0,0,0,0,0,0,0,166,2026-02-05 22:48:34.468015
WNTR,23.36,23.36,23.55,2488400.0,2582200.0,0,0,0,0,0,0,0,0,0,0,0,0,0,0,0,0,0,0,0,0,0,0,166,2026-02-05 22:48:34.468015
SPNG,25.34,25.62,25.77,2271900.0,2174100.0,0,0,0,0,0,0,0,0,0,0,0,0,0,0,0,0,0,0,0,0,0,0,167,2026-02-05 22:48:35.526200
SMMR,25.16,25.16,25.24,2203200.0,1982900.0,0,0,0,0,0,0,0,0,0,0,0,0,0,0,0,0,0,0,0,0,0,0,167,2026-02-05 22:48:35.526200
ATMN,23.55,23.65,23.72,2552000.0,2327700.0,0,0,0,0,0,0,0,0,0,0,0,0,0,0,0,0,0,0,0,0,0,0,167,2026-02-05 22:48:35.526200
WNTR,23.58,23.36,23.58,2487300.0,2570400.0,0,0,0,0,0,0,0,0,0,0,0,0,0,0,0,0,0,0,0,0,0,0,167,2026-02-05 22:48:35.526200
SPNG,25.88,25.24,25.88,2314500.0,2167800.0,0,0,0,0,0,0,0,0,0,0,0,0,0,0,0,0,0,0,0,0,0,0,168,2026-02-05 22:48:36.571887
SMMR,25.35,25.18,25.35,2213800.0,2005300.0,0,0,0,0,0,0,0,0,0,0,0,0,0,0,0,0,0,0,0,0,0,0,168,2026-02-05 22:48:36.571887
ATMN,23.26,23.26,23.75,2540600.0,2317400.0,0,0,0,0,0,0,0,0,0,0,0,0,0,0,0,0,0,0,0,0,0,0,168,2026-02-05 22:48:36.571887
WNTR,23.48,23.36,23.44,2487300.0,2583000.0,0,0,0,0,0,0,0,0,0,0,0,0,0,0,0,0,0,0,0,0,0,0,168,2026-02-05 22:48:36.571887
SPNG,25.91,25.23,25.91,2325000.0,2168600.0,0,0,0,0,0,0,0,0,0,0,0,0,0,0,0,0,0,0,0,0,0,0,169,2026-02-05 22:48:37.603948
SMMR,25.33,25.07,25.33,2254900.0,1984500.0,0,0,0,0,0,0,0,0,0,0,0,0,0,0,0,0,0,0,0,0,0,0,169,2026-02-05 22:48:37.603948
ATMN,23.89,23.26,23.89,2540600.0,2348200.0,0,0,0,0,0,0,0,0,0,0,0,0,0,0,0,0,0,0,0,0,0,0,169,2026-02-05 22:48:37.603948
WNTR,23.48,23.36,23.43,2487300.0,2610500.0,0,0,0,0,0,0,0,0,0,0,0,0,0,0,0,0,0,0,0,0,0,0,169,2026-02-05 22:48:37.603948
SPNG,25.66,25.66,25.91,2295500.0,2167200.0,0,0,0,0,0,0,0,0,0,0,0,0,0,0,0,0,0,0,0,0,0,0,170,2026-02-05 22:48:38.636156
SMMR,25.33,25.23,25.33,2234600.0,1984500.0,0,0,0,0,0,0,0,0,0,0,0,0,0,0,0,0,0,0,0,0,0,0,170,2026-02-05 22:48:38.636156
ATMN,23.89,23.82,23.89,2542100.0,2366000.0,0,0,0,0,0,0,0,0,0,0,0,0,0,0,0,0,0,0,0,0,0,0,170,2026-02-05 22:48:38.636156
WNTR,23.43,23.44,23.58,2488400.0,2601000.0,0,0,0,0,0,0,0,0,0,0,0,0,0,0,0,0,0,0,0,0,0,0,170,2026-02-05 22:48:38.636156
SPNG,25.66,25.39,25.4,2301500.0,2182700.0,0,0,0,0,0,0,0,0,0,0,0,0,0,0,0,0,0,0,0,0,0,0,171,2026-02-05 22:48:39.670339
SMMR,25.33,25.28,25.3,2188900.0,1980600.0,0,0,0,0,0,0,0,0,0,0,0,0,0,0,0,0,0,0,0,0,0,0,171,2026-02-05 22:48:39.670339
ATMN,23.66,23.82,23.89,2520600.0,2357300.0,0,0,0,0,0,0,0,0,0,0,0,0,0,0,0,0,0,0,0,0,0,0,171,2026-02-05 22:48:39.670339
WNTR,23.62,23.35,23.46,2481100.0,2580900.0,0,0,0,0,0,0,0,0,0,0,0,0,0,0,0,0,0,0,0,0,0,0,171,2026-02-05 22:48:39.670339
SPNG,25.4,25.62,25.91,2270400.0,2183800.0,0,0,0,0,0,0,0,0,0,0,0,0,0,0,0,0,0,0,0,0,0,0,172,2026-02-05 22:48:40.700756
SMMR,25.07,25.07,25.27,2221800.0,1988800.0,0,0,0,0,0,0,0,0,0,0,0,0,0,0,0,0,0,0,0,0,0,0,172,2026-02-05 22:48:40.700756
ATMN,23.66,23.82,23.88,2520600.0,2383000.0,0,0,0,0,0,0,0,0,0,0,0,0,0,0,0,0,0,0,0,0,0,0,172,2026-02-05 22:48:40.700756
WNTR,23.46,23.47,23.5,2482600.0,2640600.0,0,0,0,0,0,0,0,0,0,0,0,0,0,0,0,0,0,0,0,0,0,0,172,2026-02-05 22:48:40.700756
SPNG,25.4,25.76,25.8,2239500.0,2186900.0,0,0,0,0,0,0,0,0,0,0,0,0,0,0,0,0,0,0,0,0,0,0,173,2026-02-05 22:48:41.733949
SMMR,25.07,25.26,25.27,2187500.0,1988800.0,0,0,0,0,0,0,0,0,0,0,0,0,0,0,0,0,0,0,0,0,0,0,173,2026-02-05 22:48:41.733949
ATMN,23.65,23.7,23.88,2489800.0,2383000.0,0,0,0,0,0,0,0,0,0,0,0,0,0,0,0,0,0,0,0,0,0,0,173,2026-02-05 22:48:41.733949
WNTR,23.54,23.55,23.62,2500100.0,2607000.0,0,0,0,0,0,0,0,0,0,0,0,0,0,0,0,0,0,0,0,0,0,0,173,2026-02-05 22:48:41.733949
SPNG,25.62,25.76,25.8,2239300.0,2186900.0,0,0,0,0,0,0,0,0,0,0,0,0,0,0,0,0,0,0,0,0,0,0,174,2026-02-05 22:48:42.764410
SMMR,25.26,25.18,25.24,2204000.0,1985500.0,0,0,0,0,0,0,0,0,0,0,0,0,0,0,0,0,0,0,0,0,0,0,174,2026-02-05 22:48:42.764410
ATMN,23.7,23.5,23.57,2516100.0,2423300.0,0,0,0,0,0,0,0,0,0,0,0,0,0,0,0,0,0,0,0,0,0,0,174,2026-02-05 22:48:42.764410
WNTR,23.55,23.4,23.43,2469600.0,2605400.0,0,0,0,0,0,0,0,0,0,0,0,0,0,0,0,0,0,0,0,0,0,0,174,2026-02-05 22:48:42.764410
SPNG,25.62,25.76,25.8,2229900.0,2193200.0,0,0,0,0,0,0,0,0,0,0,0,0,0,0,0,0,0,0,0,0,0,0,175,2026-02-05 22:48:43.298029
SMMR,25.27,25.18,25.27,2204000.0,1988800.0,0,0,0,0,0,0,0,0,0,0,0,0,0,0,0,0,0,0,0,0,0,0,175,2026-02-05 22:48:43.298029
ATMN,23.7,23.5,23.57,2478600.0,2439700.0,0,0,0,0,0,0,0,0,0,0,0,0,0,0,0,0,0,0,0,0,0,0,175,2026-02-05 22:48:43.298029
WNTR,23.55,23.4,23.43,2466000.0,2605400.0,0,0,0,0,0,0,0,0,0,0,0,0,0,0,0,0,0,0,0,0,0,0,175,2026-02-05 22:48:43.298029
SPNG,25.62,25.39,25.49,2253400.0,2234000.0,0,0,0,0,0,0,0,0,0,0,0,0,0,0,0,0,0,0,0,0,0,0,176,2026-02-05 22:48:44.346930
SMMR,25.3,25.09,25.27,2233900.0,1971800.0,0,0,0,0,0,0,0,0,0,0,0,0,0,0,0,0,0,0,0,0,0,0,176,2026-02-05 22:48:44.346930
ATMN,23.7,23.5,23.57,2480100.0,2439700.0,0,0,0,0,0,0,0,0,0,0,0,0,0,0,0,0,0,0,0,0,0,0,176,2026-02-05 22:48:44.346930
WNTR,23.35,23.35,23.5,2481000.0,2538800.0,0,0,0,0,0,0,0,0,0,0,0,0,0,0,0,0,0,0,0,0,0,0,176,2026-02-05 22:48:44.346930
SPNG,25.62,25.39,25.49,2255200.0,2234000.0,0,0,0,0,0,0,0,0,0,0,0,0,0,0,0,0,0,0,0,0,0,0,177,2026-02-05 22:48:45.401683
SMMR,25.3,25.09,25.12,2214000.0,1939200.0,0,0,0,0,0,0,0,0,0,0,0,0,0,0,0,0,0,0,0,0,0,0,177,2026-02-05 22:48:45.401683
ATMN,23.67,23.7,23.78,2493500.0,2428000.0,0,0,0,0,0,0,0,0,0,0,0,0,0,0,0,0,0,0,0,0,0,0,177,2026-02-05 22:48:45.401683
WNTR,23.5,23.51,23.62,2479900.0,2572300.0,0,0,0,0,0,0,0,0,0,0,0,0,0,0,0,0,0,0,0,0,0,0,177,2026-02-05 22:48:45.401683
SPNG,25.8,25.45,25.8,2246800.0,2193200.0,0,0,0,0,0,0,0,0,0,0,0,0,0,0,0,0,0,0,0,0,0,0,178,2026-02-05 22:48:46.437607
SMMR,25.27,25.09,25.27,2218600.0,1971800.0,0,0,0,0,0,0,0,0,0,0,0,0,0,0,0,0,0,0,0,0,0,0,178,2026-02-05 22:48:46.437607
ATMN,23.67,23.7,23.78,2493500.0,2470800.0,0,0,0,0,0,0,0,0,0,0,0,0,0,0,0,0,0,0,0,0,0,0,178,2026-02-05 22:48:46.437607
WNTR,23.51,23.43,23.45,2507700.0,2562400.0,0,0,0,0,0,0,0,0,0,0,0,0,0,0,0,0,0,0,0,0,0,0,178,2026-02-05 22:48:46.437607
SPNG,25.73,25.45,25.73,2246800.0,2193500.0,0,0,0,0,0,0,0,0,0,0,0,0,0,0,0,0,0,0,0,0,0,0,179,2026-02-05 22:48:47.476844
SMMR,25.13,25.13,25.26,2206400.0,1966100.0,0,0,0,0,0,0,0,0,0,0,0,0,0,0,0,0,0,0,0,0,0,0,179,2026-02-05 22:48:47.476844
ATMN,23.67,23.7,23.73,2512200.0,2497200.0,0,0,0,0,0,0,0,0,0,0,0,0,0,0,0,0,0,0,0,0,0,0,179,2026-02-05 22:48:47.476844
WNTR,23.45,23.43,23.45,2540900.0,2562400.0,0,0,0,0,0,0,0,0,0,0,0,0,0,0,0,0,0,0,0,0,0,0,179,2026-02-05 22:48:47.476844
SPNG,25.05,25.05,25.72,1062800.0,811800.0,0,0,0,0,0,0,0,0,0,0,0,0,0,0,0,0,0,0,0,0,0,0,180,2026-02-05 22:48:48.530689
SMMR,25.27,24.48,0.0,200000.0,,0,0,0,0,0,0,0,0,0,0,0,0,0,0,0,0,0,0,0,0,0,0,180,2026-02-05 22:48:48.530689
ATMN,23.73,24.69,0.0,200000.0,,0,0,0,0,0,0,0,0,0,0,0,0,0,0,0,0,0,0,0,0,0,0,180,2026-02-05 22:48:48.530689
WNTR,24.53,23.97,24.15,810000.0,813100.0,0,0,0,0,0,0,0,0,0,0,0,0,0,0,0,0,0,0,0,0,0,0,180,2026-02-05 22:48:48.530689
SPNG,24.92,25.7,25.72,1233500.0,811800.0,0,0,0,0,0,0,0,0,0,0,0,0,0,0,0,0,0,0,0,0,0,0,181,2026-02-05 22:48:49.569562
SMMR,25.27,24.75,24.8,851200.0,1019400.0,0,0,0,0,0,0,0,0,0,0,0,0,0,0,0,0,0,0,0,0,0,0,181,2026-02-05 22:48:49.569562
ATMN,24.69,24.69,25.21,955000.0,1068800.0,0,0,0,0,0,0,0,0,0,0,0,0,0,0,0,0,0,0,0,0,0,0,181,2026-02-05 22:48:49.569562
WNTR,24.3,24.1,24.3,1283400.0,951400.0,0,0,0,0,0,0,0,0,0,0,0,0,0,0,0,0,0,0,0,0,0,0,181,2026-02-05 22:48:49.569562
SPNG,25.7,25.06,25.1,1237100.0,1035400.0,0,0,0,0,0,0,0,0,0,0,0,0,0,0,0,0,0,0,0,0,0,0,182,2026-02-05 22:48:50.599839
SMMR,24.75,24.75,24.8,851200.0,1351100.0,0,0,0,0,0,0,0,0,0,0,0,0,0,0,0,0,0,0,0,0,0,0,182,2026-02-05 22:48:50.599839
ATMN,24.69,24.69,25.17,983400.0,1297300.0,0,0,0,0,0,0,0,0,0,0,0,0,0,0,0,0,0,0,0,0,0,0,182,2026-02-05 22:48:50.599839
WNTR,24.13,24.13,24.85,1401700.0,921000.0,0,0,0,0,0,0,0,0,0,0,0,0,0,0,0,0,0,0,0,0,0,0,182,2026-02-05 22:48:50.599839
SPNG,25.7,25.06,25.1,1455900.0,1265000.0,0,0,0,0,0,0,0,0,0,0,0,0,0,0,0,0,0,0,0,0,0,0,183,2026-02-05 22:48:51.632332
SMMR,24.75,24.48,24.73,850700.0,1657900.0,0,0,0,0,0,0,0,0,0,0,0,0,0,0,0,0,0,0,0,0,0,0,183,2026-02-05 22:48:51.632332
ATMN,24.69,24.01,24.13,997500.0,1757600.0,0,0,0,0,0,0,0,0,0,0,0,0,0,0,0,0,0,0,0,0,0,0,183,2026-02-05 22:48:51.632332
WNTR,24.13,24.41,24.66,1505900.0,1262100.0,0,0,0,0,0,0,0,0,0,0,0,0,0,0,0,0,0,0,0,0,0,0,183,2026-02-05 22:48:51.632332
SPNG,25.1,25.06,25.1,1575800.0,1394100.0,0,0,0,0,0,0,0,0,0,0,0,0,0,0,0,0,0,0,0,0,0,0,184,2026-02-05 22:48:52.681024
SMMR,24.68,24.69,24.73,967700.0,1657900.0,0,0,0,0,0,0,0,0,0,0,0,0,0,0,0,0,0,0,0,0,0,0,184,2026-02-05 22:48:52.681024
ATMN,24.49,24.32,24.33,1102600.0,1650300.0,0,0,0,0,0,0,0,0,0,0,0,0,0,0,0,0,0,0,0,0,0,0,184,2026-02-05 22:48:52.681024
WNTR,24.13,24.49,24.64,1609100.0,1493500.0,0,0,0,0,0,0,0,0,0,0,0,0,0,0,0,0,0,0,0,0,0,0,184,2026-02-05 22:48:52.681024
SPNG,25.06,25.06,25.31,1575800.0,1425700.0,0,0,0,0,0,0,0,0,0,0,0,0,0,0,0,0,0,0,0,0,0,0,185,2026-02-05 22:48:53.723059
SMMR,24.4,24.4,24.66,854400.0,1941900.0,0,0,0,0,0,0,0,0,0,0,0,0,0,0,0,0,0,0,0,0,0,0,185,2026-02-05 22:48:53.723059
ATMN,24.33,24.49,24.85,1321100.0,1688000.0,0,0,0,0,0,0,0,0,0,0,0,0,0,0,0,0,0,0,0,0,0,0,185,2026-02-05 22:48:53.723059
WNTR,24.49,24.49,24.64,1609100.0,1756100.0,0,0,0,0,0,0,0,0,0,0,0,0,0,0,0,0,0,0,0,0,0,0,185,2026-02-05 22:48:53.723059
SPNG,25.06,25.06,25.13,1807800.0,1528600.0,0,0,0,0,0,0,0,0,0,0,0,0,0,0,0,0,0,0,0,0,0,0,186,2026-02-05 22:48:54.768338
SMMR,24.4,24.4,24.48,949400.0,2060600.0,0,0,0,0,0,0,0,0,0,0,0,0,0,0,0,0,0,0,0,0,0,0,186,2026-02-05 22:48:54.768338
ATMN,24.64,24.49,24.64,1429100.0,1914600.0,0,0,0,0,0,0,0,0,0,0,0,0,0,0,0,0,0,0,0,0,0,0,186,2026-02-05 22:48:54.768338
WNTR,24.32,24.39,24.64,1601100.0,1865900.0,0,0,0,0,0,0,0,0,0,0,0,0,0,0,0,0,0,0,0,0,0,0,186,2026-02-05 22:48:54.768338
SPNG,25.13,25.02,25.13,1676400.0,1742600.0,0,0,0,0,0,0,0,0,0,0,0,0,0,0,0,0,0,0,0,0,0,0,187,2026-02-05 22:48:55.806284
SMMR,24.44,24.44,24.48,1169300.0,2060600.0,0,0,0,0,0,0,0,0,0,0,0,0,0,0,0,0,0,0,0,0,0,0,187,2026-02-05 22:48:55.806284
ATMN,24.64,24.63,24.64,1771500.0,1914600.0,0,0,0,0,0,0,0,0,0,0,0,0,0,0,0,0,0,0,0,0,0,0,187,2026-02-05 22:48:55.806284
WNTR,24.32,24.6,24.64,1729800.0,2218700.0,0,0,0,0,0,0,0,0,0,0,0,0,0,0,0,0,0,0,0,0,0,0,187,2026-02-05 22:48:55.806284
SPNG,25.31,25.02,25.26,1676400.0,1854700.0,0,0,0,0,0,0,0,0,0,0,0,0,0,0,0,0,0,0,0,0,0,0,188,2026-02-05 22:48:56.842627
SMMR,24.27,24.34,24.48,1136300.0,2060600.0,0,0,0,0,0,0,0,0,0,0,0,0,0,0,0,0,0,0,0,0,0,0,188,2026-02-05 22:48:56.842627
ATMN,24.79,24.63,24.79,2116400.0,1810300.0,0,0,0,0,0,0,0,0,0,0,0,0,0,0,0,0,0,0,0,0,0,0,188,2026-02-05 22:48:56.842627
WNTR,24.64,24.6,24.64,1729800.0,2348000.0,0,0,0,0,0,0,0,0,0,0,0,0,0,0,0,0,0,0,0,0,0,0,188,2026-02-05 22:48:56.842627
SPNG,24.92,24.92,25.26,1556400.0,1984900.0,0,0,0,0,0,0,0,0,0,0,0,0,0,0,0,0,0,0,0,0,0,0,189,2026-02-05 22:48:57.382900
SMMR,24.27,24.34,24.48,1374100.0,2060600.0,0,0,0,0,0,0,0,0,0,0,0,0,0,0,0,0,0,0,0,0,0,0,189,2026-02-05 22:48:57.382900
ATMN,24.57,24.57,24.85,2010200.0,1688000.0,0,0,0,0,0,0,0,0,0,0,0,0,0,0,0,0,0,0,0,0,0,0,189,2026-02-05 22:48:57.382900
WNTR,24.6,24.6,24.64,1729800.0,2340600.0,0,0,0,0,0,0,0,0,0,0,0,0,0,0,0,0,0,0,0,0,0,0,189,2026-02-05 22:48:57.382900
SPNG,25.34,24.92,25.08,1656400.0,1974800.0,0,0,0,0,0,0,0,0,0,0,0,0,0,0,0,0,0,0,0,0,0,0,190,2026-02-05 22:48:58.459056
SMMR,24.48,24.5,24.66,1595800.0,2038300.0,0,0,0,0,0,0,0,0,0,0,0,0,0,0,0,0,0,0,0,0,0,0,190,2026-02-05 22:48:58.459056
ATMN,24.85,24.88,24.93,2248600.0,1826100.0,0,0,0,0,0,0,0,0,0,0,0,0,0,0,0,0,0,0,0,0,0,0,190,2026-02-05 22:48:58.459056
WNTR,24.6,24.6,24.64,1829500.0,2332300.0,0,0,0,0,0,0,0,0,0,0,0,0,0,0,0,0,0,0,0,0,0,0,190,2026-02-05 22:48:58.459056
SPNG,25.34,24.92,25.34,1769900.0,1954100.0,0,0,0,0,0,0,0,0,0,0,0,0,0,0,0,0,0,0,0,0,0,0,191,2026-02-05 22:48:59.527096
SMMR,24.5,24.47,24.5,1593600.0,2073600.0,0,0,0,0,0,0,0,0,0,0,0,0,0,0,0,0,0,0,0,0,0,0,191,2026-02-05 22:48:59.527096
ATMN,24.59,24.59,24.81,2149000.0,1966500.0,0,0,0,0,0,0,0,0,0,0,0,0,0,0,0,0,0,0,0,0,0,0,191,2026-02-05 22:48:59.527096
WNTR,24.57,24.39,24.51,1702600.0,2353800.0,0,0,0,0,0,0,0,0,0,0,0,0,0,0,0,0,0,0,0,0,0,0,191,2026-02-05 22:48:59.527096
SPNG,25.34,25.21,25.31,1894500.0,2213500.0,0,0,0,0,0,0,0,0,0,0,0,0,0,0,0,0,0,0,0,0,0,0,192,2026-02-05 22:49:00.585688
SMMR,24.45,24.45,24.5,1567900.0,2075300.0,0,0,0,0,0,0,0,0,0,0,0,0,0,0,0,0,0,0,0,0,0,0,192,2026-02-05 22:49:00.585688
ATMN,24.93,24.83,24.93,2250300.0,2073100.0,0,0,0,0,0,0,0,0,0,0,0,0,0,0,0,0,0,0,0,0,0,0,192,2026-02-05 22:49:00.585688
WNTR,24.46,24.46,24.51,1841500.0,2328800.0,0,0,0,0,0,0,0,0,0,0,0,0,0,0,0,0,0,0,0,0,0,0,192,2026-02-05 22:49:00.585688
SPNG,24.89,24.89,25.31,1853100.0,2246100.0,0,0,0,0,0,0,0,0,0,0,0,0,0,0,0,0,0,0,0,0,0,0,193,2026-02-05 22:49:01.621815
SMMR,24.69,24.45,24.52,1567900.0,2064800.0,0,0,0,0,0,0,0,0,0,0,0,0,0,0,0,0,0,0,0,0,0,0,193,2026-02-05 22:49:01.621815
ATMN,24.57,24.57,24.93,2010200.0,2173200.0,0,0,0,0,0,0,0,0,0,0,0,0,0,0,0,0,0,0,0,0,0,0,193,2026-02-05 22:49:01.621815
WNTR,24.53,24.46,24.53,1841500.0,2329900.0,0,0,0,0,0,0,0,0,0,0,0,0,0,0,0,0,0,0,0,0,0,0,193,2026-02-05 22:49:01.621815
SPNG,25.31,24.89,25.31,1963000.0,2256000.0,0,0,0,0,0,0,0,0,0,0,0,0,0,0,0,0,0,0,0,0,0,0,194,2026-02-05 22:49:02.667844
SMMR,24.31,24.31,24.65,1380700.0,2061400.0,0,0,0,0,0,0,0,0,0,0,0,0,0,0,0,0,0,0,0,0,0,0,194,2026-02-05 22:49:02.667844
ATMN,24.57,24.83,24.93,2389400.0,2285100.0,0,0,0,0,0,0,0,0,0,0,0,0,0,0,0,0,0,0,0,0,0,0,194,2026-02-05 22:49:02.667844
WNTR,24.53,24.46,24.53,2070500.0,2329900.0,0,0,0,0,0,0,0,0,0,0,0,0,0,0,0,0,0,0,0,0,0,0,194,2026-02-05 22:49:02.667844
SPNG,24.74,24.69,24.74,1729600.0,2290300.0,0,0,0,0,0,0,0,0,0,0,0,0,0,0,0,0,0,0,0,0,0,0,195,2026-02-05 22:49:03.716651
SMMR,24.31,24.35,24.51,1611400.0,2113100.0,0,0,0,0,0,0,0,0,0,0,0,0,0,0,0,0,0,0,0,0,0,0,195,2026-02-05 22:49:03.716651
ATMN,24.72,24.72,24.93,2419000.0,2305500.0,0,0,0,0,0,0,0,0,0,0,0,0,0,0,0,0,0,0,0,0,0,0,195,2026-02-05 22:49:03.716651
WNTR,24.46,24.39,24.41,2056400.0,2312400.0,0,0,0,0,0,0,0,0,0,0,0,0,0,0,0,0,0,0,0,0,0,0,195,2026-02-05 22:49:03.716651
SPNG,24.69,24.69,25.31,1894100.0,2256000.0,0,0,0,0,0,0,0,0,0,0,0,0,0,0,0,0,0,0,0,0,0,0,196,2026-02-05 22:49:04.754678
SMMR,24.31,24.35,24.51,1834000.0,2143700.0,0,0,0,0,0,0,0,0,0,0,0,0,0,0,0,0,0,0,0,0,0,0,196,2026-02-05 22:49:04.754678
ATMN,24.72,24.72,24.93,2359800.0,2305200.0,0,0,0,0,0,0,0,0,0,0,0,0,0,0,0,0,0,0,0,0,0,0,196,2026-02-05 22:49:04.754678
WNTR,24.41,24.39,24.41,2304300.0,2312400.0,0,0,0,0,0,0,0,0,0,0,0,0,0,0,0,0,0,0,0,0,0,0,196,2026-02-05 22:49:04.754678
SPNG,24.62,24.62,25.34,1804700.0,2201400.0,0,0,0,0,0,0,0,0,0,0,0,0,0,0,0,0,0,0,0,0,0,0,197,2026-02-05 22:49:05.806442
SMMR,24.51,24.51,24.52,2046500.0,2136400.0,0,0,0,0,0,0,0,0,0,0,0,0,0,0,0,0,0,0,0,0,0,0,197,2026-02-05 22:49:05.806442
ATMN,24.57,24.57,24.93,2391200.0,2325500.0,0,0,0,0,0,0,0,0,0,0,0,0,0,0,0,0,0,0,0,0,0,0,197,2026-02-05 22:49:05.806442
WNTR,24.63,24.39,24.63,2377200.0,2350800.0,0,0,0,0,0,0,0,0,0,0,0,0,0,0,0,0,0,0,0,0,0,0,197,2026-02-05 22:49:05.806442
SPNG,25.39,24.7,24.86,1914500.0,2195300.0,0,0,0,0,0,0,0,0,0,0,0,0,0,0,0,0,0,0,0,0,0,0,198,2026-02-05 22:49:06.853013
SMMR,24.52,24.51,24.52,2132100.0,2136400.0,0,0,0,0,0,0,0,0,0,0,0,0,0,0,0,0,0,0,0,0,0,0,198,2026-02-05 22:49:06.853013
ATMN,24.57,24.57,24.93,2316400.0,2347700.0,0,0,0,0,0,0,0,0,0,0,0,0,0,0,0,0,0,0,0,0,0,0,198,2026-02-05 22:49:06.853013
WNTR,24.39,24.57,24.63,2384900.0,2323400.0,0,0,0,0,0,0,0,0,0,0,0,0,0,0,0,0,0,0,0,0,0,0,198,2026-02-05 22:49:06.853013
SPNG,25.39,25.07,25.39,2018800.0,2140500.0,0,0,0,0,0,0,0,0,0,0,0,0,0,0,0,0,0,0,0,0,0,0,199,2026-02-05 22:49:07.890069
SMMR,24.51,24.51,24.52,2142300.0,2155500.0,0,0,0,0,0,0,0,0,0,0,0,0,0,0,0,0,0,0,0,0,0,0,199,2026-02-05 22:49:07.890069
ATMN,24.93,24.97,24.98,2335300.0,2347900.0,0,0,0,0,0,0,0,0,0,0,0,0,0,0,0,0,0,0,0,0,0,0,199,2026-02-05 22:49:07.890069
WNTR,24.57,24.39,24.5,2406600.0,2324800.0,0,0,0,0,0,0,0,0,0,0,0,0,0,0,0,0,0,0,0,0,0,0,199,2026-02-05 22:49:07.890069
SPNG,25.39,25.07,25.39,2018800.0,2178100.0,0,0,0,0,0,0,0,0,0,0,0,0,0,0,0,0,0,0,0,0,0,0,200,2026-02-05 22:49:08.424236
SMMR,24.39,24.39,24.52,2031800.0,2177100.0,0,0,0,0,0,0,0,0,0,0,0,0,0,0,0,0,0,0,0,0,0,0,200,2026-02-05 22:49:08.424236
ATMN,24.55,24.55,24.98,2349100.0,2347900.0,0,0,0,0,0,0,0,0,0,0,0,0,0,0,0,0,0,0,0,0,0,0,200,2026-02-05 22:49:08.424236
WNTR,24.48,24.39,24.48,2424700.0,2329900.0,0,0,0,0,0,0,0,0,0,0,0,0,0,0,0,0,0,0,0,0,0,0,200,2026-02-05 22:49:08.424236
SPNG,23.29,23.29,25.52,1591000.0,2129400.0,0,0,0,0,0,0,0,0,0,0,0,0,0,0,0,0,0,0,0,0,0,0,201,2026-02-05 22:49:09.493160
SMMR,24.57,24.39,24.57,2031800.0,2127000.0,0,0,0,0,0,0,0,0,0,0,0,0,0,0,0,0,0,0,0,0,0,0,201,2026-02-05 22:49:09.493160
ATMN,24.87,24.87,24.96,2330600.0,2335300.0,0,0,0,0,0,0,0,0,0,0,0,0,0,0,0,0,0,0,0,0,0,0,201,2026-02-05 22:49:09.493160
WNTR,24.5,24.51,24.63,2371100.0,2342600.0,0,0,0,0,0,0,0,0,0,0,0,0,0,0,0,0,0,0,0,0,0,0,201,2026-02-05 22:49:09.493160
SPNG,23.29,25.29,25.52,1830500.0,2129400.0,0,0,0,0,0,0,0,0,0,0,0,0,0,0,0,0,0,0,0,0,0,0,202,2026-02-05 22:49:10.521623
SMMR,24.39,24.35,24.37,2126000.0,2130400.0,0,0,0,0,0,0,0,0,0,0,0,0,0,0,0,0,0,0,0,0,0,0,202,2026-02-05 22:49:10.521623
ATMN,24.96,24.55,24.96,2358100.0,2339200.0,0,0,0,0,0,0,0,0,0,0,0,0,0,0,0,0,0,0,0,0,0,0,202,2026-02-05 22:49:10.521623
WNTR,24.51,24.39,24.43,2384300.0,2335800.0,0,0,0,0,0,0,0,0,0,0,0,0,0,0,0,0,0,0,0,0,0,0,202,2026-02-05 22:49:10.521623
SPNG,25.29,24.59,25.22,1726100.0,2261700.0,0,0,0,0,0,0,0,0,0,0,0,0,0,0,0,0,0,0,0,0,0,0,203,2026-02-05 22:49:11.561247
SMMR,24.39,24.35,24.37,2077800.0,2130400.0,0,0,0,0,0,0,0,0,0,0,0,0,0,0,0,0,0,0,0,0,0,0,203,2026-02-05 22:49:11.561247
ATMN,24.49,24.78,24.96,2353500.0,2327000.0,0,0,0,0,0,0,0,0,0,0,0,0,0,0,0,0,0,0,0,0,0,0,203,2026-02-05 22:49:11.561247
WNTR,24.51,24.39,24.43,2335900.0,2335800.0,0,0,0,0,0,0,0,0,0,0,0,0,0,0,0,0,0,0,0,0,0,0,203,2026-02-05 22:49:11.561247
SPNG,25.58,24.59,25.13,1848300.0,2204200.0,0,0,0,0,0,0,0,0,0,0,0,0,0,0,0,0,0,0,0,0,0,0,204,2026-02-05 22:49:12.597990
SMMR,24.4,24.38,24.39,2046300.0,2128200.0,0,0,0,0,0,0,0,0,0,0,0,0,0,0,0,0,0,0,0,0,0,0,204,2026-02-05 22:49:12.597990
ATMN,24.81,24.49,24.54,2360000.0,2325400.0,0,0,0,0,0,0,0,0,0,0,0,0,0,0,0,0,0,0,0,0,0,0,204,2026-02-05 22:49:12.597990
WNTR,24.59,24.59,24.64,2351600.0,2319700.0,0,0,0,0,0,0,0,0,0,0,0,0,0,0,0,0,0,0,0,0,0,0,204,2026-02-05 22:49:12.597990
SPNG,25.58,25.06,25.58,2102900.0,2152200.0,0,0,0,0,0,0,0,0,0,0,0,0,0,0,0,0,0,0,0,0,0,0,205,2026-02-05 22:49:13.632182
SMMR,24.4,24.38,24.39,2082800.0,2156900.0,0,0,0,0,0,0,0,0,0,0,0,0,0,0,0,0,0,0,0,0,0,0,205,2026-02-05 22:49:13.632182
ATMN,24.98,24.49,24.98,2366900.0,2357200.0,0,0,0,0,0,0,0,0,0,0,0,0,0,0,0,0,0,0,0,0,0,0,205,2026-02-05 22:49:13.632182
WNTR,24.59,24.54,24.56,2319600.0,2325100.0,0,0,0,0,0,0,0,0,0,0,0,0,0,0,0,0,0,0,0,0,0,0,205,2026-02-05 22:49:13.632182
SPNG,25.58,25.06,25.25,2102900.0,2245000.0,0,0,0,0,0,0,0,0,0,0,0,0,0,0,0,0,0,0,0,0,0,0,206,2026-02-05 22:49:14.669450
SMMR,24.39,24.42,24.57,2102500.0,2183800.0,0,0,0,0,0,0,0,0,0,0,0,0,0,0,0,0,0,0,0,0,0,0,206,2026-02-05 22:49:14.669450
ATMN,24.98,24.49,24.98,2366900.0,2344800.0,0,0,0,0,0,0,0,0,0,0,0,0,0,0,0,0,0,0,0,0,0,0,206,2026-02-05 22:49:14.669450
WNTR,24.54,24.54,24.64,2346400.0,2329300.0,0,0,0,0,0,0,0,0,0,0,0,0,0,0,0,0,0,0,0,0,0,0,206,2026-02-05 22:49:14.669450
SPNG,25.06,24.59,24.86,1990600.0,2243900.0,0,0,0,0,0,0,0,0,0,0,0,0,0,0,0,0,0,0,0,0,0,0,207,2026-02-05 22:49:15.716384
SMMR,24.57,24.57,24.6,2110900.0,2152100.0,0,0,0,0,0,0,0,0,0,0,0,0,0,0,0,0,0,0,0,0,0,0,207,2026-02-05 22:49:15.716384
ATMN,24.91,24.49,24.63,2366900.0,2350500.0,0,0,0,0,0,0,0,0,0,0,0,0,0,0,0,0,0,0,0,0,0,0,207,2026-02-05 22:49:15.716384
WNTR,24.53,24.53,24.6,2311500.0,2351800.0,0,0,0,0,0,0,0,0,0,0,0,0,0,0,0,0,0,0,0,0,0,0,207,2026-02-05 22:49:15.716384
SPNG,25.58,24.59,25.58,2400700.0,2215300.0,0,0,0,0,0,0,0,0,0,0,0,0,0,0,0,0,0,0,0,0,0,0,208,2026-02-05 22:49:16.751294
SMMR,24.6,24.38,24.6,2115000.0,2187300.0,0,0,0,0,0,0,0,0,0,0,0,0,0,0,0,0,0,0,0,0,0,0,208,2026-02-05 22:49:16.751294
ATMN,24.91,24.61,24.63,2334600.0,2350500.0,0,0,0,0,0,0,0,0,0,0,0,0,0,0,0,0,0,0,0,0,0,0,208,2026-02-05 22:49:16.751294
WNTR,24.56,24.56,24.6,2350300.0,2394400.0,0,0,0,0,0,0,0,0,0,0,0,0,0,0,0,0,0,0,0,0,0,0,208,2026-02-05 22:49:16.751294
SPNG,24.99,25.32,25.58,2662200.0,2215300.0,0,0,0,0,0,0,0,0,0,0,0,0,0,0,0,0,0,0,0,0,0,0,209,2026-02-05 22:49:17.785831
SMMR,24.59,24.38,24.48,2115000.0,2165400.0,0,0,0,0,0,0,0,0,0,0,0,0,0,0,0,0,0,0,0,0,0,0,209,2026-02-05 22:49:17.785831
ATMN,24.63,24.87,25.0,2327100.0,2328400.0,0,0,0,0,0,0,0,0,0,0,0,0,0,0,0,0,0,0,0,0,0,0,209,2026-02-05 22:49:17.785831
WNTR,24.55,24.55,24.6,2338500.0,2378600.0,0,0,0,0,0,0,0,0,0,0,0,0,0,0,0,0,0,0,0,0,0,0,209,2026-02-05 22:49:17.785831
SPNG,24.47,24.76,25.14,2522600.0,2223200.0,0,0,0,0,0,0,0,0,0,0,0,0,0,0,0,0,0,0,0,0,0,0,210,2026-02-05 22:49:18.818619
SMMR,24.5,24.5,24.6,2102900.0,2176700.0,0,0,0,0,0,0,0,0,0,0,0,0,0,0,0,0,0,0,0,0,0,0,210,2026-02-05 22:49:18.818619
ATMN,24.61,24.61,24.95,2357600.0,2299600.0,0,0,0,0,0,0,0,0,0,0,0,0,0,0,0,0,0,0,0,0,0,0,210,2026-02-05 22:49:18.818619
WNTR,24.55,24.55,24.6,2338100.0,2365600.0,0,0,0,0,0,0,0,0,0,0,0,0,0,0,0,0,0,0,0,0,0,0,210,2026-02-05 22:49:18.818619
SPNG,25.14,25.14,25.58,2759400.0,2203000.0,0,0,0,0,0,0,0,0,0,0,0,0,0,0,0,0,0,0,0,0,0,0,211,2026-02-05 22:49:19.849389
SMMR,24.54,24.36,24.54,2076700.0,2161400.0,0,0,0,0,0,0,0,0,0,0,0,0,0,0,0,0,0,0,0,0,0,0,211,2026-02-05 22:49:19.849389
ATMN,24.49,24.49,25.02,2331800.0,2324300.0,0,0,0,0,0,0,0,0,0,0,0,0,0,0,0,0,0,0,0,0,0,0,211,2026-02-05 22:49:19.849389
WNTR,24.6,24.52,24.6,2301600.0,2365600.0,0,0,0,0,0,0,0,0,0,0,0,0,0,0,0,0,0,0,0,0,0,0,211,2026-02-05 22:49:19.849389
SPNG,24.76,24.76,25.58,2633800.0,2216100.0,0,0,0,0,0,0,0,0,0,0,0,0,0,0,0,0,0,0,0,0,0,0,212,2026-02-05 22:49:20.884891
SMMR,24.44,24.44,24.6,2072200.0,2176700.0,0,0,0,0,0,0,0,0,0,0,0,0,0,0,0,0,0,0,0,0,0,0,212,2026-02-05 22:49:20.884891
