ticker,last_price,bid_price,ask_price,BUY_HECM-3,BUY_UOTB-3,BUY_UOTB-2,BUY_ANON,SELL_HECM-3,SELL_UOTB-3,SELL_UOTB-2,SELL_ANON,BUY_UEBR-2,BUY_GIOT-3,SELL_WRSW-3,BUY_LUIS-1,SELL_DUBL-5,SELL_BRCH-3,BUY_LAVL-1,BUY_BRCH-3,BUY_UEBR-1,SELL_BABS-4,SELL_LETH-1,BUY_UOTB-1,SELL_LUIS-1,SELL_COLA-3,SELL_CNCD-1,BUY_CNCD-1,BUY_COLA-1,SELL_NAIT-1,BUY_LETH-1,BUY_WRSW-2,SELL_WRSW-1,BUY_CNCD-5,SELL_COLB-2,SELL_COLA-1,BUY_NAIT-1,BUY_WRSW-1,SELL_BRCH-1,BUY_BRCH-2,SELL_UOTB-1,BUY_COLA-3,SELL_LAVL-1,BUY_WRSW-3,BUY_BRCH-1,SELL_UEBR-1,SELL_GIOT-3,BUY_DUBL-5,BUY_BABS-4,BUY_CAMN-1,SELL_CNCD-5,BUY_COLB-2,SELL_WRSW-2,SELL_UEBR-2,SELL_CAMN-1,SELL_BRCH-2,tick,timestamp,news_news_id,news_period,news_tick,news_ticker,news_headline,news_body
SPNG,25.01,24.75,24.88,679.0,4500.0,5000.0,1899900.0,679.0,4500.0,5000.0,1899500.0,0,0,0,0,0,0,0,0,0,0,0,0,0,0,0,0,0,0,0,0,0,0,0,0,0,0,0,0,0,0,0,0,0,0,0,0,0,0,0,0,0,0,0,0,1,2026-02-06 10:19:49.216066,2.0,1.0,1.0,,Aggregate Position Limit,Your CRO has set the aggregate position limit to 8000 shares for this week.
SMMR,0.0,24.95,25.0,740.0,,,1615000.0,740.0,,,2105800.0,0,0,0,0,0,0,0,0,0,0,0,0,0,0,0,0,0,0,0,0,0,0,0,0,0,0,0,0,0,0,0,0,0,0,0,0,0,0,0,0,0,0,0,0,1,2026-02-06 10:19:49.216066,1.0,1.0,1.0,,Welcome to the RITC 2026 Alogithmic Market Making Case - practice server,
ATMN,25.17,25.17,25.24,710.0,,,2369000.0,,,,2103400.0,0,0,0,0,0,0,0,0,0,0,0,0,0,0,0,0,0,0,0,0,0,0,0,0,0,0,0,0,0,0,0,0,0,0,0,0,0,0,0,0,0,0,0,0,1,2026-02-06 10:19:49.216066,,,,,,
WNTR,24.9,24.9,24.94,770.0,,,2076500.0,,,,2202600.0,0,0,0,0,0,0,0,0,0,0,0,0,0,0,0,0,0,0,0,0,0,0,0,0,0,0,0,0,0,0,0,0,0,0,0,0,0,0,0,0,0,0,0,0,1,2026-02-06 10:19:49.216066,,,,,,
SPNG,25.11,24.78,25.11,4500.0,5000.0,1886100.0,679.0,1794100.0,,0,0,0,0,0,0,0,0,0,0,0,0,0,0,0,0,0,0,0,0,0,0,0,0,0,0,0,0,0,0,0,0,0,0,0,0,0,0,0,0,0,0,0,0,0,0,2,2026-02-06 10:19:49.801108
SMMR,24.95,24.95,25.0,,,1727800.0,740.0,2112000.0,740.0,0,0,0,0,0,0,0,0,0,0,0,0,0,0,0,0,0,0,0,0,0,0,0,0,0,0,0,0,0,0,0,0,0,0,0,0,0,0,0,0,0,0,0,0,0,0,2,2026-02-06 10:19:49.801108
ATMN,24.97,24.95,24.97,,,2346000.0,710.0,2240900.0,609.0,0,0,0,0,0,0,0,0,0,0,0,0,0,0,0,0,0,0,0,0,0,0,0,0,0,0,0,0,0,0,0,0,0,0,0,0,0,0,0,0,0,0,0,0,0,0,2,2026-02-06 10:19:49.801108
WNTR,24.94,24.9,24.94,,,2076500.0,770.0,2103100.0,770.0,0,0,0,0,0,0,0,0,0,0,0,0,0,0,0,0,0,0,0,0,0,0,0,0,0,0,0,0,0,0,0,0,0,0,0,0,0,0,0,0,0,0,0,0,0,0,2,2026-02-06 10:19:49.801108
SPNG,24.76,24.8,25.09,5000.0,679.0,2250.0,1773600.0,5000.0,4500.0,1794100.0,,0,0,0,0,0,0,0,0,0,0,0,0,0,0,0,0,0,0,0,0,0,0,0,0,0,0,0,0,0,0,0,0,0,0,0,0,0,0,0,0,0,0,0,0,3,2026-02-06 10:19:50.369873
SMMR,24.95,24.95,25.0,,740.0,,1973500.0,,,2112000.0,740.0,0,0,0,0,0,0,0,0,0,0,0,0,0,0,0,0,0,0,0,0,0,0,0,0,0,0,0,0,0,0,0,0,0,0,0,0,0,0,0,0,0,0,0,0,3,2026-02-06 10:19:50.369873
ATMN,25.07,25.12,25.24,,710.0,,2344700.0,,,2218700.0,,0,0,0,0,0,0,0,0,0,0,0,0,0,0,0,0,0,0,0,0,0,0,0,0,0,0,0,0,0,0,0,0,0,0,0,0,0,0,0,0,0,0,0,0,3,2026-02-06 10:19:50.369873
WNTR,24.94,24.99,25.0,,770.0,,2060300.0,,,2226300.0,,0,0,0,0,0,0,0,0,0,0,0,0,0,0,0,0,0,0,0,0,0,0,0,0,0,0,0,0,0,0,0,0,0,0,0,0,0,0,0,0,0,0,0,0,3,2026-02-06 10:19:50.369873
SPNG,25.09,24.92,25.08,1518600.0,5210.0,679.0,4500.0,5000.0,1794100.0,,0,0,0,0,0,0,0,0,0,0,0,0,0,0,0,0,0,0,0,0,0,0,0,0,0,0,0,0,0,0,0,0,0,0,0,0,0,0,0,0,0,0,0,0,0,4,2026-02-06 10:19:51.423241
SMMR,25.03,24.96,25.03,1973500.0,,740.0,4500.0,,2215700.0,,0,0,0,0,0,0,0,0,0,0,0,0,0,0,0,0,0,0,0,0,0,0,0,0,0,0,0,0,0,0,0,0,0,0,0,0,0,0,0,0,0,0,0,0,0,4,2026-02-06 10:19:51.423241
ATMN,24.97,25.2,25.22,2486300.0,,,,5000.0,2201400.0,4500.0,0,0,0,0,0,0,0,0,0,0,0,0,0,0,0,0,0,0,0,0,0,0,0,0,0,0,0,0,0,0,0,0,0,0,0,0,0,0,0,0,0,0,0,0,0,4,2026-02-06 10:19:51.423241
WNTR,25.02,25.0,25.02,2079800.0,,770.0,,,2241200.0,,0,0,0,0,0,0,0,0,0,0,0,0,0,0,0,0,0,0,0,0,0,0,0,0,0,0,0,0,0,0,0,0,0,0,0,0,0,0,0,0,0,0,0,0,0,4,2026-02-06 10:19:51.423241
SPNG,25.1,25.09,25.1,18.0,679.0,1980600.0,1792600.0,,,,0,0,0,0,0,0,0,0,0,0,0,0,0,0,0,0,0,0,0,0,0,0,0,0,0,0,0,0,0,0,0,0,0,0,0,0,0,0,0,0,0,0,0,0,0,5,2026-02-06 10:19:52.472151
SMMR,24.95,24.95,25.02,,,1964900.0,2005600.0,1800.0,5000.0,4500.0,0,0,0,0,0,0,0,0,0,0,0,0,0,0,0,0,0,0,0,0,0,0,0,0,0,0,0,0,0,0,0,0,0,0,0,0,0,0,0,0,0,0,0,0,0,5,2026-02-06 10:19:52.472151
ATMN,24.92,24.85,25.22,,,2476300.0,2061100.0,,,6300.0,0,0,0,0,0,0,0,0,0,0,0,0,0,0,0,0,0,0,0,0,0,0,0,0,0,0,0,0,0,0,0,0,0,0,0,0,0,0,0,0,0,0,0,0,0,5,2026-02-06 10:19:52.472151
WNTR,25.02,25.01,25.02,,770.0,2079800.0,2251900.0,,,,0,0,0,0,0,0,0,0,0,0,0,0,0,0,0,0,0,0,0,0,0,0,0,0,0,0,0,0,0,0,0,0,0,0,0,0,0,0,0,0,0,0,0,0,0,5,2026-02-06 10:19:52.472151
SPNG,25.05,24.71,24.82,2186700.0,2113000.0,587.0,,,,,0,0,0,0,0,0,0,0,0,0,0,0,0,0,0,0,0,0,0,0,0,0,0,0,0,0,0,0,0,0,0,0,0,0,0,0,0,0,0,0,0,0,0,0,0,6,2026-02-06 10:19:53.525711
SMMR,24.94,24.95,25.0,1985300.0,1870000.0,740.0,4500.0,5000.0,4500.0,5000.0,0,0,0,0,0,0,0,0,0,0,0,0,0,0,0,0,0,0,0,0,0,0,0,0,0,0,0,0,0,0,0,0,0,0,0,0,0,0,0,0,0,0,0,0,0,6,2026-02-06 10:19:53.525711
ATMN,25.3,25.12,25.19,2452300.0,1340200.0,710.0,,,9540.0,9333.0,0,0,0,0,0,0,0,0,0,0,0,0,0,0,0,0,0,0,0,0,0,0,0,0,0,0,0,0,0,0,0,0,0,0,0,0,0,0,0,0,0,0,0,0,0,6,2026-02-06 10:19:53.525711
WNTR,25.02,24.99,25.02,2192600.0,2167600.0,651.0,,,,,0,0,0,0,0,0,0,0,0,0,0,0,0,0,0,0,0,0,0,0,0,0,0,0,0,0,0,0,0,0,0,0,0,0,0,0,0,0,0,0,0,0,0,0,0,6,2026-02-06 10:19:53.525711
SPNG,24.71,24.71,25.53,2200500.0,1900800.0,679.0,,,,,,0,0,0,0,0,0,0,0,0,0,0,0,0,0,0,0,0,0,0,0,0,0,0,0,0,0,0,0,0,0,0,0,0,0,0,0,0,0,0,0,0,0,0,0,7,2026-02-06 10:19:54.571202
SMMR,25.03,25.0,25.02,1946300.0,1387600.0,740.0,740.0,5000.0,7450.0,2340.0,,0,0,0,0,0,0,0,0,0,0,0,0,0,0,0,0,0,0,0,0,0,0,0,0,0,0,0,0,0,0,0,0,0,0,0,0,0,0,0,0,0,0,0,0,7,2026-02-06 10:19:54.571202
ATMN,25.18,25.12,25.13,1636400.0,2061300.0,710.0,609.0,6164.0,5000.0,4500.0,1638.0,0,0,0,0,0,0,0,0,0,0,0,0,0,0,0,0,0,0,0,0,0,0,0,0,0,0,0,0,0,0,0,0,0,0,0,0,0,0,0,0,0,0,0,0,7,2026-02-06 10:19:54.571202
WNTR,24.99,24.99,25.02,2066500.0,2174800.0,770.0,770.0,,,,,0,0,0,0,0,0,0,0,0,0,0,0,0,0,0,0,0,0,0,0,0,0,0,0,0,0,0,0,0,0,0,0,0,0,0,0,0,0,0,0,0,0,0,0,7,2026-02-06 10:19:54.571202
SPNG,25.23,25.23,25.25,2005700.0,2000.0,587.0,458.0,5596.0,679.0,1541100.0,,,0,0,0,0,0,0,0,0,0,0,0,0,0,0,0,0,0,0,0,0,0,0,0,0,0,0,0,0,0,0,0,0,0,0,0,0,0,0,0,0,0,0,0,8,2026-02-06 10:19:55.633918
SMMR,24.94,24.92,24.94,1978900.0,,,7366.0,7450.0,740.0,1191300.0,,,0,0,0,0,0,0,0,0,0,0,0,0,0,0,0,0,0,0,0,0,0,0,0,0,0,0,0,0,0,0,0,0,0,0,0,0,0,0,0,0,0,0,0,8,2026-02-06 10:19:55.633918
ATMN,24.85,24.94,25.1,2204300.0,,609.0,5925.0,2883.0,710.0,1479100.0,4500.0,,0,0,0,0,0,0,0,0,0,0,0,0,0,0,0,0,0,0,0,0,0,0,0,0,0,0,0,0,0,0,0,0,0,0,0,0,0,0,0,0,0,0,0,8,2026-02-06 10:19:55.633918
WNTR,24.95,24.96,25.01,2064800.0,,,,5000.0,770.0,2046500.0,,5000.0,0,0,0,0,0,0,0,0,0,0,0,0,0,0,0,0,0,0,0,0,0,0,0,0,0,0,0,0,0,0,0,0,0,0,0,0,0,0,0,0,0,0,0,8,2026-02-06 10:19:55.633918
SPNG,25.35,25.35,25.38,2108200.0,679.0,1993300.0,5000.0,679.0,,,,,,0,0,0,0,0,0,0,0,0,0,0,0,0,0,0,0,0,0,0,0,0,0,0,0,0,0,0,0,0,0,0,0,0,0,0,0,0,0,0,0,0,0,9,2026-02-06 10:19:56.697605
SMMR,25.02,24.93,25.01,1826900.0,740.0,1584900.0,2450.0,740.0,4500.0,2000.0,4500.0,,,0,0,0,0,0,0,0,0,0,0,0,0,0,0,0,0,0,0,0,0,0,0,0,0,0,0,0,0,0,0,0,0,0,0,0,0,0,0,0,0,0,0,9,2026-02-06 10:19:56.697605
ATMN,24.95,24.95,25.09,2087900.0,536.0,1341300.0,7883.0,,,2000.0,9075.0,5000.0,2000.0,0,0,0,0,0,0,0,0,0,0,0,0,0,0,0,0,0,0,0,0,0,0,0,0,0,0,0,0,0,0,0,0,0,0,0,0,0,0,0,0,0,0,9,2026-02-06 10:19:56.697605
WNTR,25.02,24.96,25.02,1766500.0,,2321800.0,,,,,,8500.0,,0,0,0,0,0,0,0,0,0,0,0,0,0,0,0,0,0,0,0,0,0,0,0,0,0,0,0,0,0,0,0,0,0,0,0,0,0,0,0,0,0,0,9,2026-02-06 10:19:56.697605
SPNG,24.98,24.61,24.97,4500.0,2061200.0,4500.0,5000.0,1885600.0,2000.0,,,,0,0,0,0,0,0,0,0,0,0,0,0,0,0,0,0,0,0,0,0,0,0,0,0,0,0,0,0,0,0,0,0,0,0,0,0,0,0,0,0,0,0,0,10,2026-02-06 10:19:57.738517
SMMR,24.89,24.89,25.0,,1856200.0,2866.0,7450.0,1371100.0,,,,,0,0,0,0,0,0,0,0,0,0,0,0,0,0,0,0,0,0,0,0,0,0,0,0,0,0,0,0,0,0,0,0,0,0,0,0,0,0,0,0,0,0,0,10,2026-02-06 10:19:57.738517
ATMN,25.13,24.97,25.01,,2229300.0,3661.0,7883.0,1444400.0,,5000.0,2000.0,508.0,0,0,0,0,0,0,0,0,0,0,0,0,0,0,0,0,0,0,0,0,0,0,0,0,0,0,0,0,0,0,0,0,0,0,0,0,0,0,0,0,0,0,0,10,2026-02-06 10:19:57.738517
WNTR,25.0,25.0,25.01,,1885200.0,,,2201900.0,2000.0,1050.0,,,0,0,0,0,0,0,0,0,0,0,0,0,0,0,0,0,0,0,0,0,0,0,0,0,0,0,0,0,0,0,0,0,0,0,0,0,0,0,0,0,0,0,0,10,2026-02-06 10:19:57.738517
SPNG,24.94,24.6,24.71,2171400.0,1777900.0,2000.0,94.0,,,,,,,0,0,0,0,0,0,0,0,0,0,0,0,0,0,0,0,0,0,0,0,0,0,0,0,0,0,0,0,0,0,0,0,0,0,0,0,0,0,0,0,0,0,11,2026-02-06 10:19:58.788359
SMMR,24.99,24.99,25.0,2069100.0,1371100.0,2000.0,5950.0,740.0,6016.0,,,,,0,0,0,0,0,0,0,0,0,0,0,0,0,0,0,0,0,0,0,0,0,0,0,0,0,0,0,0,0,0,0,0,0,0,0,0,0,0,0,0,0,0,11,2026-02-06 10:19:58.788359
ATMN,25.34,24.99,25.04,1872700.0,1900500.0,2000.0,5000.0,710.0,4500.0,5000.0,4500.0,4000.0,710.0,0,0,0,0,0,0,0,0,0,0,0,0,0,0,0,0,0,0,0,0,0,0,0,0,0,0,0,0,0,0,0,0,0,0,0,0,0,0,0,0,0,0,11,2026-02-06 10:19:58.788359
WNTR,25.04,25.01,25.03,1675500.0,2068800.0,2000.0,,770.0,,1050.0,,2000.0,770.0,0,0,0,0,0,0,0,0,0,0,0,0,0,0,0,0,0,0,0,0,0,0,0,0,0,0,0,0,0,0,0,0,0,0,0,0,0,0,0,0,0,0,11,2026-02-06 10:19:58.788359
SPNG,24.96,24.96,25.07,5000.0,5395.0,1410400.0,679.0,2000.0,1539100.0,5094.0,4500.0,2000.0,,0,0,0,0,0,0,0,0,0,0,0,0,0,0,0,0,0,0,0,0,0,0,0,0,0,0,0,0,0,0,0,0,0,0,0,0,0,0,0,0,0,0,12,2026-02-06 10:19:59.333849
SMMR,24.99,24.99,25.0,,,2173300.0,,,1262700.0,5950.0,6016.0,2000.0,630.0,0,0,0,0,0,0,0,0,0,0,0,0,0,0,0,0,0,0,0,0,0,0,0,0,0,0,0,0,0,0,0,0,0,0,0,0,0,0,0,0,0,0,12,2026-02-06 10:19:59.333849
ATMN,25.34,24.99,25.04,7636.0,2051.0,1283200.0,710.0,4000.0,2303900.0,,,,710.0,0,0,0,0,0,0,0,0,0,0,0,0,0,0,0,0,0,0,0,0,0,0,0,0,0,0,0,0,0,0,0,0,0,0,0,0,0,0,0,0,0,0,12,2026-02-06 10:19:59.333849
WNTR,25.04,25.01,25.03,1050.0,,1704500.0,770.0,2000.0,2068800.0,,,2000.0,770.0,0,0,0,0,0,0,0,0,0,0,0,0,0,0,0,0,0,0,0,0,0,0,0,0,0,0,0,0,0,0,0,0,0,0,0,0,0,0,0,0,0,0,12,2026-02-06 10:19:59.333849
SPNG,24.61,24.73,25.07,1631400.0,5000.0,895.0,2000.0,4994.0,587.0,1654400.0,2000.0,,,0,0,0,0,0,0,0,0,0,0,0,0,0,0,0,0,0,0,0,0,0,0,0,0,0,0,0,0,0,0,0,0,0,0,0,0,0,0,0,0,0,0,13,2026-02-06 10:20:00.380718
SMMR,25.03,24.95,25.03,1935700.0,5000.0,,,2720.0,740.0,1727300.0,,740.0,1375.0,0,0,0,0,0,0,0,0,0,0,0,0,0,0,0,0,0,0,0,0,0,0,0,0,0,0,0,0,0,0,0,0,0,0,0,0,0,0,0,0,0,0,13,2026-02-06 10:20:00.380718
ATMN,25.29,25.0,25.06,1394200.0,5000.0,9701.0,6000.0,5000.0,609.0,1934200.0,2000.0,710.0,4500.0,0,0,0,0,0,0,0,0,0,0,0,0,0,0,0,0,0,0,0,0,0,0,0,0,0,0,0,0,0,0,0,0,0,0,0,0,0,0,0,0,0,0,13,2026-02-06 10:20:00.380718
WNTR,25.04,24.88,25.04,2116500.0,,,2000.0,,770.0,2156800.0,,,,0,0,0,0,0,0,0,0,0,0,0,0,0,0,0,0,0,0,0,0,0,0,0,0,0,0,0,0,0,0,0,0,0,0,0,0,0,0,0,0,0,0,13,2026-02-06 10:20:00.380718
SPNG,24.61,24.82,25.05,5028.0,679.0,5395.0,4000.0,935500.0,5000.0,4500.0,4000.0,679.0,1654400.0,0,0,0,0,0,0,0,0,0,0,0,0,0,0,0,0,0,0,0,0,0,0,0,0,0,0,0,0,0,0,0,0,0,0,0,0,0,0,0,0,0,0,14,2026-02-06 10:20:01.419154
SMMR,25.03,25.03,25.04,,740.0,4500.0,2000.0,1782700.0,2380.0,1445.0,,,1509500.0,0,0,0,0,0,0,0,0,0,0,0,0,0,0,0,0,0,0,0,0,0,0,0,0,0,0,0,0,0,0,0,0,0,0,0,0,0,0,0,0,0,0,14,2026-02-06 10:20:01.419154
ATMN,25.07,25.16,25.29,5000.0,710.0,4500.0,6000.0,1711400.0,,,,,2402400.0,0,0,0,0,0,0,0,0,0,0,0,0,0,0,0,0,0,0,0,0,0,0,0,0,0,0,0,0,0,0,0,0,0,0,0,0,0,0,0,0,0,0,14,2026-02-06 10:20:01.419154
WNTR,24.8,24.8,25.03,,,,,2221100.0,,,2000.0,770.0,2036900.0,0,0,0,0,0,0,0,0,0,0,0,0,0,0,0,0,0,0,0,0,0,0,0,0,0,0,0,0,0,0,0,0,0,0,0,0,0,0,0,0,0,0,14,2026-02-06 10:20:01.419154
SPNG,25.34,25.36,25.52,679.0,1041300.0,8545.0,3528.0,4000.0,2221900.0,,,,0,0,0,0,0,0,0,0,0,0,0,0,0,0,0,0,0,0,0,0,0,0,0,0,0,0,0,0,0,0,0,0,0,0,0,0,0,0,0,0,0,0,0,15,2026-02-06 10:20:02.486275
SMMR,25.05,25.03,25.05,,1913700.0,4500.0,,2000.0,1610500.0,2380.0,826.0,,0,0,0,0,0,0,0,0,0,0,0,0,0,0,0,0,0,0,0,0,0,0,0,0,0,0,0,0,0,0,0,0,0,0,0,0,0,0,0,0,0,0,0,15,2026-02-06 10:20:02.486275
ATMN,25.07,25.23,25.26,710.0,1188100.0,7312.0,8408.0,6000.0,2333600.0,,,2000.0,0,0,0,0,0,0,0,0,0,0,0,0,0,0,0,0,0,0,0,0,0,0,0,0,0,0,0,0,0,0,0,0,0,0,0,0,0,0,0,0,0,0,0,15,2026-02-06 10:20:02.486275
WNTR,25.09,24.91,25.09,,1900100.0,4500.0,5000.0,2000.0,1939400.0,707.0,,,0,0,0,0,0,0,0,0,0,0,0,0,0,0,0,0,0,0,0,0,0,0,0,0,0,0,0,0,0,0,0,0,0,0,0,0,0,0,0,0,0,0,0,15,2026-02-06 10:20:02.486275
SPNG,24.57,24.57,25.34,2131100.0,2000.0,679.0,1936.0,5000.0,1679300.0,,,,,0,0,0,0,0,0,0,0,0,0,0,0,0,0,0,0,0,0,0,0,0,0,0,0,0,0,0,0,0,0,0,0,0,0,0,0,0,0,0,0,0,0,16,2026-02-06 10:20:03.547728
SMMR,25.05,24.88,25.05,1933500.0,,,49.0,2380.0,1495400.0,740.0,,,,0,0,0,0,0,0,0,0,0,0,0,0,0,0,0,0,0,0,0,0,0,0,0,0,0,0,0,0,0,0,0,0,0,0,0,0,0,0,0,0,0,0,16,2026-02-06 10:20:03.547728
ATMN,25.25,25.16,25.25,1612400.0,2000.0,609.0,4500.0,5000.0,1983700.0,710.0,4500.0,11016.0,2000.0,0,0,0,0,0,0,0,0,0,0,0,0,0,0,0,0,0,0,0,0,0,0,0,0,0,0,0,0,0,0,0,0,0,0,0,0,0,0,0,0,0,0,16,2026-02-06 10:20:03.547728
WNTR,25.14,25.01,25.14,1506100.0,2000.0,651.0,,5000.0,2069300.0,770.0,4500.0,8289.0,,0,0,0,0,0,0,0,0,0,0,0,0,0,0,0,0,0,0,0,0,0,0,0,0,0,0,0,0,0,0,0,0,0,0,0,0,0,0,0,0,0,0,16,2026-02-06 10:20:03.547728
SPNG,24.84,24.85,25.31,5000.0,4500.0,1903200.0,2000.0,10610.0,4500.0,679.0,2000.0,1441000.0,,0,0,0,0,0,0,0,0,0,0,0,0,0,0,0,0,0,0,0,0,0,0,0,0,0,0,0,0,0,0,0,0,0,0,0,0,0,0,0,0,0,0,17,2026-02-06 10:20:04.616886
SMMR,25.01,25.0,25.01,2072.0,,1680500.0,,,49.0,,2000.0,1728400.0,740.0,0,0,0,0,0,0,0,0,0,0,0,0,0,0,0,0,0,0,0,0,0,0,0,0,0,0,0,0,0,0,0,0,0,0,0,0,0,0,0,0,0,0,17,2026-02-06 10:20:04.616886
ATMN,25.0,25.18,25.23,5000.0,,2054200.0,2000.0,5294.0,4500.0,,2000.0,1727500.0,710.0,0,0,0,0,0,0,0,0,0,0,0,0,0,0,0,0,0,0,0,0,0,0,0,0,0,0,0,0,0,0,0,0,0,0,0,0,0,0,0,0,0,0,17,2026-02-06 10:20:04.616886
WNTR,25.06,25.06,25.14,8289.0,,1625900.0,2000.0,,,,,2293100.0,770.0,0,0,0,0,0,0,0,0,0,0,0,0,0,0,0,0,0,0,0,0,0,0,0,0,0,0,0,0,0,0,0,0,0,0,0,0,0,0,0,0,0,0,17,2026-02-06 10:20:04.616886
SPNG,24.73,25.01,25.28,2030400.0,4500.0,2000.0,679.0,12613.0,12987.0,2000.0,1088700.0,,,0,0,0,0,0,0,0,0,0,0,0,0,0,0,0,0,0,0,0,0,0,0,0,0,0,0,0,0,0,0,0,0,0,0,0,0,0,0,0,0,0,0,18,2026-02-06 10:20:05.684636
SMMR,24.87,24.87,24.96,1477800.0,3101.0,,740.0,4500.0,5000.0,2000.0,1757900.0,622.0,,0,0,0,0,0,0,0,0,0,0,0,0,0,0,0,0,0,0,0,0,0,0,0,0,0,0,0,0,0,0,0,0,0,0,0,0,0,0,0,0,0,0,18,2026-02-06 10:20:05.684636
ATMN,24.95,24.95,25.22,2459100.0,,,710.0,4500.0,5294.0,4000.0,1463700.0,,,0,0,0,0,0,0,0,0,0,0,0,0,0,0,0,0,0,0,0,0,0,0,0,0,0,0,0,0,0,0,0,0,0,0,0,0,0,0,0,0,0,0,18,2026-02-06 10:20:05.684636
WNTR,25.09,25.1,25.13,1500700.0,,4000.0,,,,2000.0,2197500.0,8289.0,770.0,0,0,0,0,0,0,0,0,0,0,0,0,0,0,0,0,0,0,0,0,0,0,0,0,0,0,0,0,0,0,0,0,0,0,0,0,0,0,0,0,0,0,18,2026-02-06 10:20:05.684636
SPNG,25.03,25.03,25.26,4500.0,2030400.0,2000.0,679.0,10989.0,4000.0,9891.0,1062400.0,,0,0,0,0,0,0,0,0,0,0,0,0,0,0,0,0,0,0,0,0,0,0,0,0,0,0,0,0,0,0,0,0,0,0,0,0,0,0,0,0,0,0,0,19,2026-02-06 10:20:06.735469
SMMR,24.95,24.95,24.97,,2061500.0,2000.0,,49.0,2000.0,1644.0,1552700.0,,0,0,0,0,0,0,0,0,0,0,0,0,0,0,0,0,0,0,0,0,0,0,0,0,0,0,0,0,0,0,0,0,0,0,0,0,0,0,0,0,0,0,0,19,2026-02-06 10:20:06.735469
ATMN,25.01,24.95,25.01,,2429600.0,,710.0,6114.0,4000.0,8794.0,1078500.0,,0,0,0,0,0,0,0,0,0,0,0,0,0,0,0,0,0,0,0,0,0,0,0,0,0,0,0,0,0,0,0,0,0,0,0,0,0,0,0,0,0,0,0,19,2026-02-06 10:20:06.735469
WNTR,25.06,25.06,25.13,,1720700.0,2000.0,,,2000.0,,2169500.0,8289.0,0,0,0,0,0,0,0,0,0,0,0,0,0,0,0,0,0,0,0,0,0,0,0,0,0,0,0,0,0,0,0,0,0,0,0,0,0,0,0,0,0,0,0,19,2026-02-06 10:20:06.735469
SPNG,24.69,24.82,25.23,2225600.0,4500.0,5000.0,679.0,4000.0,1643200.0,,,,,0,0,0,0,0,0,0,0,0,0,0,0,0,0,0,0,0,0,0,0,0,0,0,0,0,0,0,0,0,0,0,0,0,0,0,0,0,0,0,0,0,0,20,2026-02-06 10:20:07.778278
SMMR,25.01,24.96,25.01,1930500.0,,,,2000.0,2027200.0,740.0,2000.0,,,0,0,0,0,0,0,0,0,0,0,0,0,0,0,0,0,0,0,0,0,0,0,0,0,0,0,0,0,0,0,0,0,0,0,0,0,0,0,0,0,0,0,20,2026-02-06 10:20:07.778278
ATMN,25.01,24.96,25.0,2307800.0,6114.0,8794.0,710.0,4000.0,1078500.0,,2000.0,,,0,0,0,0,0,0,0,0,0,0,0,0,0,0,0,0,0,0,0,0,0,0,0,0,0,0,0,0,0,0,0,0,0,0,0,0,0,0,0,0,0,0,20,2026-02-06 10:20:07.778278
WNTR,24.92,24.9,24.92,1690400.0,4500.0,,770.0,4000.0,1854600.0,,2000.0,4500.0,2037.0,0,0,0,0,0,0,0,0,0,0,0,0,0,0,0,0,0,0,0,0,0,0,0,0,0,0,0,0,0,0,0,0,0,0,0,0,0,0,0,0,0,0,20,2026-02-06 10:20:07.778278
SPNG,24.95,25.09,25.27,2121000.0,587.0,4000.0,1956200.0,,,,,0,0,0,0,0,0,0,0,0,0,0,0,0,0,0,0,0,0,0,0,0,0,0,0,0,0,0,0,0,0,0,0,0,0,0,0,0,0,0,0,0,0,0,0,21,2026-02-06 10:20:08.841046
SMMR,24.95,24.95,24.96,1930500.0,740.0,2000.0,1939000.0,2000.0,740.0,,,0,0,0,0,0,0,0,0,0,0,0,0,0,0,0,0,0,0,0,0,0,0,0,0,0,0,0,0,0,0,0,0,0,0,0,0,0,0,0,0,0,0,0,0,21,2026-02-06 10:20:08.841046
ATMN,25.05,24.96,25.05,2307800.0,,4000.0,1488500.0,2000.0,710.0,3403.0,4638.0,0,0,0,0,0,0,0,0,0,0,0,0,0,0,0,0,0,0,0,0,0,0,0,0,0,0,0,0,0,0,0,0,0,0,0,0,0,0,0,0,0,0,0,0,21,2026-02-06 10:20:08.841046
WNTR,24.77,24.77,24.84,2089000.0,651.0,4000.0,1967000.0,,,4500.0,,0,0,0,0,0,0,0,0,0,0,0,0,0,0,0,0,0,0,0,0,0,0,0,0,0,0,0,0,0,0,0,0,0,0,0,0,0,0,0,0,0,0,0,0,21,2026-02-06 10:20:08.841046
SPNG,24.84,25.11,25.12,679.0,462.0,1925400.0,4000.0,679.0,1839500.0,,,,,0,0,0,0,0,0,0,0,0,0,0,0,0,0,0,0,0,0,0,0,0,0,0,0,0,0,0,0,0,0,0,0,0,0,0,0,0,0,0,0,0,0,22,2026-02-06 10:20:09.382721
SMMR,24.95,24.95,24.96,740.0,,1930500.0,2000.0,740.0,1959400.0,2000.0,,,,0,0,0,0,0,0,0,0,0,0,0,0,0,0,0,0,0,0,0,0,0,0,0,0,0,0,0,0,0,0,0,0,0,0,0,0,0,0,0,0,0,0,22,2026-02-06 10:20:09.382721
ATMN,24.93,24.95,25.04,609.0,,2187000.0,4000.0,,1741700.0,,5000.0,5000.0,4764.0,0,0,0,0,0,0,0,0,0,0,0,0,0,0,0,0,0,0,0,0,0,0,0,0,0,0,0,0,0,0,0,0,0,0,0,0,0,0,0,0,0,0,22,2026-02-06 10:20:09.382721
WNTR,24.77,24.78,24.83,651.0,,1696000.0,4000.0,770.0,1493300.0,,5610.0,5000.0,3150.0,0,0,0,0,0,0,0,0,0,0,0,0,0,0,0,0,0,0,0,0,0,0,0,0,0,0,0,0,0,0,0,0,0,0,0,0,0,0,0,0,0,0,22,2026-02-06 10:20:09.382721
SPNG,24.84,24.89,25.11,5161.0,4500.0,679.0,1545000.0,5000.0,7457.0,4000.0,1201100.0,679.0,0,0,0,0,0,0,0,0,0,0,0,0,0,0,0,0,0,0,0,0,0,0,0,0,0,0,0,0,0,0,0,0,0,0,0,0,0,0,0,0,0,0,0,23,2026-02-06 10:20:10.443573
SMMR,24.83,24.84,24.89,,,,1842800.0,5000.0,,2000.0,1830600.0,740.0,0,0,0,0,0,0,0,0,0,0,0,0,0,0,0,0,0,0,0,0,0,0,0,0,0,0,0,0,0,0,0,0,0,0,0,0,0,0,0,0,0,0,0,23,2026-02-06 10:20:10.443573
ATMN,24.81,24.82,24.96,,,609.0,2254800.0,7276.0,1614.0,4000.0,886600.0,710.0,0,0,0,0,0,0,0,0,0,0,0,0,0,0,0,0,0,0,0,0,0,0,0,0,0,0,0,0,0,0,0,0,0,0,0,0,0,0,0,0,0,0,0,23,2026-02-06 10:20:10.443573
WNTR,24.77,24.8,24.83,5610.0,,651.0,1666300.0,5000.0,3150.0,2000.0,1593500.0,770.0,0,0,0,0,0,0,0,0,0,0,0,0,0,0,0,0,0,0,0,0,0,0,0,0,0,0,0,0,0,0,0,0,0,0,0,0,0,0,0,0,0,0,0,23,2026-02-06 10:20:10.443573
SPNG,25.32,24.9,24.94,6764.0,3661.0,1304800.0,2000.0,2000.0,1767900.0,4500.0,679.0,0,0,0,0,0,0,0,0,0,0,0,0,0,0,0,0,0,0,0,0,0,0,0,0,0,0,0,0,0,0,0,0,0,0,0,0,0,0,0,0,0,0,0,0,24,2026-02-06 10:20:11.532959
SMMR,24.79,24.8,24.81,4500.0,5000.0,1728100.0,2000.0,4000.0,1726600.0,4500.0,740.0,0,0,0,0,0,0,0,0,0,0,0,0,0,0,0,0,0,0,0,0,0,0,0,0,0,0,0,0,0,0,0,0,0,0,0,0,0,0,0,0,0,0,0,0,24,2026-02-06 10:20:11.532959
ATMN,25.26,24.96,25.26,4500.0,5000.0,2109400.0,,,2473900.0,,,0,0,0,0,0,0,0,0,0,0,0,0,0,0,0,0,0,0,0,0,0,0,0,0,0,0,0,0,0,0,0,0,0,0,0,0,0,0,0,0,0,0,0,0,24,2026-02-06 10:20:11.532959
WNTR,24.88,24.88,24.92,,5610.0,1781300.0,,2000.0,2195000.0,,,0,0,0,0,0,0,0,0,0,0,0,0,0,0,0,0,0,0,0,0,0,0,0,0,0,0,0,0,0,0,0,0,0,0,0,0,0,0,0,0,0,0,0,0,24,2026-02-06 10:20:11.532959
SPNG,24.93,25.05,25.18,1200400.0,679.0,6764.0,3661.0,2000.0,1874600.0,679.0,4500.0,,0,0,0,0,0,0,0,0,0,0,0,0,0,0,0,0,0,0,0,0,0,0,0,0,0,0,0,0,0,0,0,0,0,0,0,0,0,0,0,0,0,0,0,25,2026-02-06 10:20:12.678314
SMMR,24.9,24.79,24.8,1728100.0,740.0,,,2000.0,2189000.0,,,,0,0,0,0,0,0,0,0,0,0,0,0,0,0,0,0,0,0,0,0,0,0,0,0,0,0,0,0,0,0,0,0,0,0,0,0,0,0,0,0,0,0,0,25,2026-02-06 10:20:12.678314
ATMN,25.26,25.04,25.16,1079800.0,,7166.0,11070.0,,2053000.0,609.0,4500.0,2000.0,0,0,0,0,0,0,0,0,0,0,0,0,0,0,0,0,0,0,0,0,0,0,0,0,0,0,0,0,0,0,0,0,0,0,0,0,0,0,0,0,0,0,0,25,2026-02-06 10:20:12.678314
WNTR,24.89,24.89,24.94,1770500.0,,,4110.0,2000.0,2291300.0,,,,0,0,0,0,0,0,0,0,0,0,0,0,0,0,0,0,0,0,0,0,0,0,0,0,0,0,0,0,0,0,0,0,0,0,0,0,0,0,0,0,0,0,0,25,2026-02-06 10:20:12.678314
SPNG,25.4,24.69,25.17,2094100.0,2000.0,1071.0,1790000.0,,,,,,0,0,0,0,0,0,0,0,0,0,0,0,0,0,0,0,0,0,0,0,0,0,0,0,0,0,0,0,0,0,0,0,0,0,0,0,0,0,0,0,0,0,0,26,2026-02-06 10:20:13.728162
SMMR,25.05,24.93,25.05,1949100.0,2000.0,,2148100.0,740.0,,,,,0,0,0,0,0,0,0,0,0,0,0,0,0,0,0,0,0,0,0,0,0,0,0,0,0,0,0,0,0,0,0,0,0,0,0,0,0,0,0,0,0,0,0,26,2026-02-06 10:20:13.728162
ATMN,25.14,25.06,25.13,1632400.0,2000.0,4500.0,2082700.0,,5000.0,7166.0,5000.0,2000.0,0,0,0,0,0,0,0,0,0,0,0,0,0,0,0,0,0,0,0,0,0,0,0,0,0,0,0,0,0,0,0,0,0,0,0,0,0,0,0,0,0,0,0,26,2026-02-06 10:20:13.728162
WNTR,25.07,25.07,25.08,1676000.0,2000.0,,2296000.0,770.0,4110.0,,,,0,0,0,0,0,0,0,0,0,0,0,0,0,0,0,0,0,0,0,0,0,0,0,0,0,0,0,0,0,0,0,0,0,0,0,0,0,0,0,0,0,0,0,26,2026-02-06 10:20:13.728162
SPNG,25.46,24.71,25.46,5000.0,679.0,1834100.0,2000.0,2027300.0,2000.0,,,0,0,0,0,0,0,0,0,0,0,0,0,0,0,0,0,0,0,0,0,0,0,0,0,0,0,0,0,0,0,0,0,0,0,0,0,0,0,0,0,0,0,0,0,27,2026-02-06 10:20:14.791892
SMMR,25.0,25.0,25.05,,,1925300.0,2000.0,1715500.0,2000.0,4500.0,536.0,0,0,0,0,0,0,0,0,0,0,0,0,0,0,0,0,0,0,0,0,0,0,0,0,0,0,0,0,0,0,0,0,0,0,0,0,0,0,0,0,0,0,0,0,27,2026-02-06 10:20:14.791892
ATMN,24.96,25.08,25.26,,,2129700.0,2000.0,2277000.0,,4500.0,4500.0,0,0,0,0,0,0,0,0,0,0,0,0,0,0,0,0,0,0,0,0,0,0,0,0,0,0,0,0,0,0,0,0,0,0,0,0,0,0,0,0,0,0,0,0,27,2026-02-06 10:20:14.791892
WNTR,25.03,24.9,25.03,3249.0,770.0,1648800.0,2000.0,1957900.0,,,945.0,0,0,0,0,0,0,0,0,0,0,0,0,0,0,0,0,0,0,0,0,0,0,0,0,0,0,0,0,0,0,0,0,0,0,0,0,0,0,0,0,0,0,0,0,27,2026-02-06 10:20:14.791892
SPNG,24.68,24.73,24.75,679.0,4500.0,1715500.0,1716.0,1705500.0,5000.0,4541.0,2000.0,,,0,0,0,0,0,0,0,0,0,0,0,0,0,0,0,0,0,0,0,0,0,0,0,0,0,0,0,0,0,0,0,0,0,0,0,0,0,0,0,0,0,0,28,2026-02-06 10:20:15.877158
SMMR,24.92,24.79,24.83,,,2041700.0,,1630100.0,,536.0,2000.0,2000.0,740.0,0,0,0,0,0,0,0,0,0,0,0,0,0,0,0,0,0,0,0,0,0,0,0,0,0,0,0,0,0,0,0,0,0,0,0,0,0,0,0,0,0,0,28,2026-02-06 10:20:15.877158
ATMN,24.85,25.08,25.15,710.0,,2015500.0,5000.0,1779900.0,6813.0,,,2000.0,710.0,0,0,0,0,0,0,0,0,0,0,0,0,0,0,0,0,0,0,0,0,0,0,0,0,0,0,0,0,0,0,0,0,0,0,0,0,0,0,0,0,0,0,28,2026-02-06 10:20:15.877158
WNTR,25.09,24.97,25.02,,4500.0,1420400.0,6233.0,1603300.0,5000.0,5445.0,2000.0,4000.0,,0,0,0,0,0,0,0,0,0,0,0,0,0,0,0,0,0,0,0,0,0,0,0,0,0,0,0,0,0,0,0,0,0,0,0,0,0,0,0,0,0,0,28,2026-02-06 10:20:15.877158
SPNG,24.75,24.73,24.75,2000.0,4500.0,1715500.0,1716.0,1359700.0,4000.0,5000.0,4595.0,,,0,0,0,0,0,0,0,0,0,0,0,0,0,0,0,0,0,0,0,0,0,0,0,0,0,0,0,0,0,0,0,0,0,0,0,0,0,0,0,0,0,0,29,2026-02-06 10:20:16.432206
SMMR,24.79,24.79,24.83,,,1928300.0,,1595600.0,2000.0,,536.0,740.0,,0,0,0,0,0,0,0,0,0,0,0,0,0,0,0,0,0,0,0,0,0,0,0,0,0,0,0,0,0,0,0,0,0,0,0,0,0,0,0,0,0,0,29,2026-02-06 10:20:16.432206
ATMN,24.85,25.08,25.12,2000.0,,2015500.0,5000.0,1632000.0,,6813.0,2058.0,710.0,710.0,0,0,0,0,0,0,0,0,0,0,0,0,0,0,0,0,0,0,0,0,0,0,0,0,0,0,0,0,0,0,0,0,0,0,0,0,0,0,0,0,0,0,29,2026-02-06 10:20:16.432206
WNTR,25.09,24.97,25.0,4000.0,4500.0,1420400.0,1233.0,1732000.0,2000.0,,5445.0,,770.0,0,0,0,0,0,0,0,0,0,0,0,0,0,0,0,0,0,0,0,0,0,0,0,0,0,0,0,0,0,0,0,0,0,0,0,0,0,0,0,0,0,0,29,2026-02-06 10:20:16.432206
SPNG,25.52,24.98,24.99,1166300.0,7103.0,679.0,3055.0,2000.0,5000.0,1906400.0,2000.0,,,0,0,0,0,0,0,0,0,0,0,0,0,0,0,0,0,0,0,0,0,0,0,0,0,0,0,0,0,0,0,0,0,0,0,0,0,0,0,0,0,0,0,30,2026-02-06 10:20:17.491291
SMMR,25.05,24.91,24.92,1489200.0,3063.0,740.0,4500.0,2000.0,,1830000.0,2000.0,4500.0,740.0,0,0,0,0,0,0,0,0,0,0,0,0,0,0,0,0,0,0,0,0,0,0,0,0,0,0,0,0,0,0,0,0,0,0,0,0,0,0,0,0,0,0,30,2026-02-06 10:20:17.491291
ATMN,25.08,24.85,24.96,2240900.0,,710.0,,,1813.0,1754000.0,2000.0,,710.0,0,0,0,0,0,0,0,0,0,0,0,0,0,0,0,0,0,0,0,0,0,0,0,0,0,0,0,0,0,0,0,0,0,0,0,0,0,0,0,0,0,0,30,2026-02-06 10:20:17.491291
WNTR,24.95,24.99,25.0,1523000.0,704.0,770.0,4500.0,4000.0,,1728100.0,2000.0,5445.0,,0,0,0,0,0,0,0,0,0,0,0,0,0,0,0,0,0,0,0,0,0,0,0,0,0,0,0,0,0,0,0,0,0,0,0,0,0,0,0,0,0,0,30,2026-02-06 10:20:17.491291
SPNG,24.99,24.98,24.99,1192600.0,4000.0,7103.0,3055.0,5000.0,4000.0,1781500.0,,,0,0,0,0,0,0,0,0,0,0,0,0,0,0,0,0,0,0,0,0,0,0,0,0,0,0,0,0,0,0,0,0,0,0,0,0,0,0,0,0,0,0,0,31,2026-02-06 10:20:18.555170
SMMR,24.92,24.91,24.92,1289300.0,2000.0,3063.0,5714.0,,2000.0,2018700.0,,,0,0,0,0,0,0,0,0,0,0,0,0,0,0,0,0,0,0,0,0,0,0,0,0,0,0,0,0,0,0,0,0,0,0,0,0,0,0,0,0,0,0,0,31,2026-02-06 10:20:18.555170
ATMN,25.08,25.09,25.12,2134700.0,,5000.0,,5313.0,2000.0,1875700.0,710.0,,0,0,0,0,0,0,0,0,0,0,0,0,0,0,0,0,0,0,0,0,0,0,0,0,0,0,0,0,0,0,0,0,0,0,0,0,0,0,0,0,0,0,0,31,2026-02-06 10:20:18.555170
WNTR,25.0,24.98,25.0,1624000.0,4000.0,704.0,4500.0,,4000.0,1635000.0,,5445.0,0,0,0,0,0,0,0,0,0,0,0,0,0,0,0,0,0,0,0,0,0,0,0,0,0,0,0,0,0,0,0,0,0,0,0,0,0,0,0,0,0,0,0,31,2026-02-06 10:20:18.555170
SPNG,24.99,24.98,24.99,1099100.0,4000.0,679.0,7103.0,3055.0,5000.0,4000.0,1673800.0,679.0,,0,0,0,0,0,0,0,0,0,0,0,0,0,0,0,0,0,0,0,0,0,0,0,0,0,0,0,0,0,0,0,0,0,0,0,0,0,0,0,0,0,0,32,2026-02-06 10:20:19.606935
SMMR,24.91,24.91,24.92,1086500.0,4000.0,740.0,3063.0,5714.0,,4000.0,1780300.0,740.0,,0,0,0,0,0,0,0,0,0,0,0,0,0,0,0,0,0,0,0,0,0,0,0,0,0,0,0,0,0,0,0,0,0,0,0,0,0,0,0,0,0,0,32,2026-02-06 10:20:19.606935
ATMN,25.3,25.12,25.25,1611400.0,2000.0,710.0,9238.0,,,4000.0,1643600.0,,4980.0,0,0,0,0,0,0,0,0,0,0,0,0,0,0,0,0,0,0,0,0,0,0,0,0,0,0,0,0,0,0,0,0,0,0,0,0,0,0,0,0,0,0,32,2026-02-06 10:20:19.606935
WNTR,25.0,24.98,25.0,1502500.0,4000.0,770.0,704.0,4500.0,,4000.0,1504200.0,685.0,5445.0,0,0,0,0,0,0,0,0,0,0,0,0,0,0,0,0,0,0,0,0,0,0,0,0,0,0,0,0,0,0,0,0,0,0,0,0,0,0,0,0,0,0,32,2026-02-06 10:20:19.606935
SPNG,24.98,24.98,25.0,4000.0,1087500.0,679.0,7103.0,3055.0,2018900.0,679.0,,,0,0,0,0,0,0,0,0,0,0,0,0,0,0,0,0,0,0,0,0,0,0,0,0,0,0,0,0,0,0,0,0,0,0,0,0,0,0,0,0,0,0,0,33,2026-02-06 10:20:20.661765
SMMR,25.05,24.93,25.01,4000.0,1208500.0,740.0,8063.0,6370.0,2169400.0,,,,0,0,0,0,0,0,0,0,0,0,0,0,0,0,0,0,0,0,0,0,0,0,0,0,0,0,0,0,0,0,0,0,0,0,0,0,0,0,0,0,0,0,0,33,2026-02-06 10:20:20.661765
ATMN,25.08,24.89,25.01,,2349400.0,,,,2128700.0,,4000.0,,0,0,0,0,0,0,0,0,0,0,0,0,0,0,0,0,0,0,0,0,0,0,0,0,0,0,0,0,0,0,0,0,0,0,0,0,0,0,0,0,0,0,0,33,2026-02-06 10:20:20.661765
WNTR,25.03,24.99,25.03,6000.0,1375900.0,549.0,704.0,4500.0,1840700.0,,2000.0,945.0,0,0,0,0,0,0,0,0,0,0,0,0,0,0,0,0,0,0,0,0,0,0,0,0,0,0,0,0,0,0,0,0,0,0,0,0,0,0,0,0,0,0,0,33,2026-02-06 10:20:20.661765
SPNG,24.94,24.93,24.94,1194600.0,7103.0,3055.0,679.0,2000.0,1966500.0,679.0,,,,0,0,0,0,0,0,0,0,0,0,0,0,0,0,0,0,0,0,0,0,0,0,0,0,0,0,0,0,0,0,0,0,0,0,0,0,0,0,0,0,0,0,34,2026-02-06 10:20:21.727288
SMMR,24.85,24.85,24.94,2078300.0,,,,2000.0,2138400.0,,,,,0,0,0,0,0,0,0,0,0,0,0,0,0,0,0,0,0,0,0,0,0,0,0,0,0,0,0,0,0,0,0,0,0,0,0,0,0,0,0,0,0,0,34,2026-02-06 10:20:21.727288
ATMN,24.89,25.01,25.28,2242400.0,5000.0,,,,1778400.0,,10000.0,692.0,,0,0,0,0,0,0,0,0,0,0,0,0,0,0,0,0,0,0,0,0,0,0,0,0,0,0,0,0,0,0,0,0,0,0,0,0,0,0,0,0,0,0,34,2026-02-06 10:20:21.727288
WNTR,25.03,24.99,25.01,1502500.0,704.0,4500.0,549.0,4000.0,1839200.0,,,945.0,2000.0,0,0,0,0,0,0,0,0,0,0,0,0,0,0,0,0,0,0,0,0,0,0,0,0,0,0,0,0,0,0,0,0,0,0,0,0,0,0,0,0,0,0,34,2026-02-06 10:20:21.727288
SPNG,24.93,24.93,24.94,1194600.0,2000.0,7103.0,679.0,3055.0,1853000.0,2000.0,679.0,,,0,0,0,0,0,0,0,0,0,0,0,0,0,0,0,0,0,0,0,0,0,0,0,0,0,0,0,0,0,0,0,0,0,0,0,0,0,0,0,0,0,0,35,2026-02-06 10:20:22.774416
SMMR,25.01,24.89,24.93,1495700.0,2000.0,,740.0,5809.0,1704900.0,2000.0,,2580.0,,0,0,0,0,0,0,0,0,0,0,0,0,0,0,0,0,0,0,0,0,0,0,0,0,0,0,0,0,0,0,0,0,0,0,0,0,0,0,0,0,0,0,35,2026-02-06 10:20:22.774416
ATMN,25.33,24.96,25.28,2111100.0,,5000.0,,4500.0,1547600.0,,,6795.0,378.0,0,0,0,0,0,0,0,0,0,0,0,0,0,0,0,0,0,0,0,0,0,0,0,0,0,0,0,0,0,0,0,0,0,0,0,0,0,0,0,0,0,0,35,2026-02-06 10:20:22.774416
WNTR,25.03,24.98,25.01,1502200.0,4000.0,704.0,770.0,4500.0,1733000.0,2000.0,685.0,,945.0,0,0,0,0,0,0,0,0,0,0,0,0,0,0,0,0,0,0,0,0,0,0,0,0,0,0,0,0,0,0,0,0,0,0,0,0,0,0,0,0,0,0,35,2026-02-06 10:20:22.774416
SPNG,24.81,24.93,25.09,7103.0,679.0,3055.0,1300100.0,5000.0,1976900.0,,,,,0,0,0,0,0,0,0,0,0,0,0,0,0,0,0,0,0,0,0,0,0,0,0,0,0,0,0,0,0,0,0,0,0,0,0,0,0,0,0,0,0,0,36,2026-02-06 10:20:23.823562
SMMR,25.01,24.91,24.93,,740.0,5809.0,1507900.0,2580.0,1580400.0,2000.0,2000.0,630.0,,0,0,0,0,0,0,0,0,0,0,0,0,0,0,0,0,0,0,0,0,0,0,0,0,0,0,0,0,0,0,0,0,0,0,0,0,0,0,0,0,0,0,36,2026-02-06 10:20:23.823562
ATMN,25.19,25.19,25.24,7838.0,697.0,4892.0,1154200.0,,2146500.0,2000.0,2000.0,710.0,,0,0,0,0,0,0,0,0,0,0,0,0,0,0,0,0,0,0,0,0,0,0,0,0,0,0,0,0,0,0,0,0,0,0,0,0,0,0,0,0,0,0,36,2026-02-06 10:20:23.823562
WNTR,25.03,24.98,25.01,704.0,770.0,4500.0,1515000.0,,1613200.0,4000.0,4000.0,685.0,945.0,0,0,0,0,0,0,0,0,0,0,0,0,0,0,0,0,0,0,0,0,0,0,0,0,0,0,0,0,0,0,0,0,0,0,0,0,0,0,0,0,0,0,36,2026-02-06 10:20:23.823562
SPNG,24.73,24.73,25.08,2143800.0,679.0,1355400.0,4341.0,2187.0,,,,,,0,0,0,0,0,0,0,0,0,0,0,0,0,0,0,0,0,0,0,0,0,0,0,0,0,0,0,0,0,0,0,0,0,0,0,0,0,0,0,0,0,0,37,2026-02-06 10:20:24.887555
SMMR,25.05,24.94,25.02,1419500.0,740.0,1781400.0,5000.0,,5000.0,4000.0,740.0,4459.0,2000.0,0,0,0,0,0,0,0,0,0,0,0,0,0,0,0,0,0,0,0,0,0,0,0,0,0,0,0,0,0,0,0,0,0,0,0,0,0,0,0,0,0,0,37,2026-02-06 10:20:24.887555
ATMN,24.85,25.19,25.24,2240900.0,710.0,2146500.0,,,,,697.0,,2000.0,0,0,0,0,0,0,0,0,0,0,0,0,0,0,0,0,0,0,0,0,0,0,0,0,0,0,0,0,0,0,0,0,0,0,0,0,0,0,0,0,0,0,37,2026-02-06 10:20:24.887555
WNTR,25.07,24.99,25.07,1515000.0,685.0,2169200.0,,,704.0,4000.0,549.0,4500.0,,0,0,0,0,0,0,0,0,0,0,0,0,0,0,0,0,0,0,0,0,0,0,0,0,0,0,0,0,0,0,0,0,0,0,0,0,0,0,0,0,0,0,37,2026-02-06 10:20:24.887555
SPNG,24.8,24.83,25.06,1918100.0,4500.0,5000.0,6687.0,11973.0,679.0,1158300.0,,,,0,0,0,0,0,0,0,0,0,0,0,0,0,0,0,0,0,0,0,0,0,0,0,0,0,0,0,0,0,0,0,0,0,0,0,0,0,0,0,0,0,0,38,2026-02-06 10:20:25.940213
SMMR,24.94,24.93,24.94,1314100.0,2038.0,3618.0,4500.0,5000.0,740.0,1673800.0,4000.0,740.0,2000.0,0,0,0,0,0,0,0,0,0,0,0,0,0,0,0,0,0,0,0,0,0,0,0,0,0,0,0,0,0,0,0,0,0,0,0,0,0,0,0,0,0,0,38,2026-02-06 10:20:25.940213
ATMN,24.86,24.85,24.86,2350000.0,,,,,710.0,2039800.0,,,4000.0,0,0,0,0,0,0,0,0,0,0,0,0,0,0,0,0,0,0,0,0,0,0,0,0,0,0,0,0,0,0,0,0,0,0,0,0,0,0,0,0,0,0,38,2026-02-06 10:20:25.940213
WNTR,25.09,25.03,25.07,1067900.0,8028.0,4364.0,,,,2150600.0,4000.0,770.0,2000.0,0,0,0,0,0,0,0,0,0,0,0,0,0,0,0,0,0,0,0,0,0,0,0,0,0,0,0,0,0,0,0,0,0,0,0,0,0,0,0,0,0,0,38,2026-02-06 10:20:25.940213
SPNG,25.07,25.07,25.08,1976200.0,5000.0,4500.0,1594.0,1864400.0,2000.0,,,,,0,0,0,0,0,0,0,0,0,0,0,0,0,0,0,0,0,0,0,0,0,0,0,0,0,0,0,0,0,0,0,0,0,0,0,0,0,0,0,0,0,0,39,2026-02-06 10:20:26.983404
SMMR,25.02,25.03,25.04,1203600.0,3618.0,2038.0,5000.0,2040500.0,,6000.0,740.0,,,0,0,0,0,0,0,0,0,0,0,0,0,0,0,0,0,0,0,0,0,0,0,0,0,0,0,0,0,0,0,0,0,0,0,0,0,0,0,0,0,0,0,39,2026-02-06 10:20:26.983404
ATMN,24.9,24.95,25.18,2353800.0,,,7649.0,944500.0,6000.0,,,7534.0,710.0,0,0,0,0,0,0,0,0,0,0,0,0,0,0,0,0,0,0,0,0,0,0,0,0,0,0,0,0,0,0,0,0,0,0,0,0,0,0,0,0,0,0,39,2026-02-06 10:20:26.983404
WNTR,25.04,25.01,25.04,1160900.0,4364.0,8028.0,,2277700.0,,4000.0,,,,0,0,0,0,0,0,0,0,0,0,0,0,0,0,0,0,0,0,0,0,0,0,0,0,0,0,0,0,0,0,0,0,0,0,0,0,0,0,0,0,0,0,39,2026-02-06 10:20:26.983404
SPNG,25.08,25.07,25.08,1837900.0,679.0,5000.0,4500.0,625.0,1768200.0,2000.0,679.0,,,0,0,0,0,0,0,0,0,0,0,0,0,0,0,0,0,0,0,0,0,0,0,0,0,0,0,0,0,0,0,0,0,0,0,0,0,0,0,0,0,0,0,40,2026-02-06 10:20:27.522653
SMMR,25.04,25.03,25.04,1424200.0,,3618.0,2038.0,,2002200.0,,,4000.0,5000.0,0,0,0,0,0,0,0,0,0,0,0,0,0,0,0,0,0,0,0,0,0,0,0,0,0,0,0,0,0,0,0,0,0,0,0,0,0,0,0,0,0,0,40,2026-02-06 10:20:27.522653
ATMN,24.96,24.97,25.16,2132300.0,,5000.0,4500.0,4500.0,1650800.0,6000.0,710.0,,5000.0,0,0,0,0,0,0,0,0,0,0,0,0,0,0,0,0,0,0,0,0,0,0,0,0,0,0,0,0,0,0,0,0,0,0,0,0,0,0,0,0,0,0,40,2026-02-06 10:20:27.522653
WNTR,24.9,24.91,25.03,1919800.0,,,604.0,4500.0,2158200.0,,,,,0,0,0,0,0,0,0,0,0,0,0,0,0,0,0,0,0,0,0,0,0,0,0,0,0,0,0,0,0,0,0,0,0,0,0,0,0,0,0,0,0,0,40,2026-02-06 10:20:27.522653
SPNG,25.25,25.1,25.25,1861500.0,679.0,5000.0,4500.0,2000700.0,679.0,,,,0,0,0,0,0,0,0,0,0,0,0,0,0,0,0,0,0,0,0,0,0,0,0,0,0,0,0,0,0,0,0,0,0,0,0,0,0,0,0,0,0,0,0,41,2026-02-06 10:20:28.567143
SMMR,24.89,24.85,24.89,2175700.0,,,,1886800.0,740.0,5000.0,,,0,0,0,0,0,0,0,0,0,0,0,0,0,0,0,0,0,0,0,0,0,0,0,0,0,0,0,0,0,0,0,0,0,0,0,0,0,0,0,0,0,0,0,41,2026-02-06 10:20:28.567143
ATMN,25.14,25.14,25.16,2146400.0,499.0,5000.0,,1069400.0,710.0,10908.0,3958.0,6000.0,0,0,0,0,0,0,0,0,0,0,0,0,0,0,0,0,0,0,0,0,0,0,0,0,0,0,0,0,0,0,0,0,0,0,0,0,0,0,0,0,0,0,0,41,2026-02-06 10:20:28.567143
WNTR,25.02,24.93,25.01,1895500.0,770.0,5000.0,,2195600.0,,5000.0,,,0,0,0,0,0,0,0,0,0,0,0,0,0,0,0,0,0,0,0,0,0,0,0,0,0,0,0,0,0,0,0,0,0,0,0,0,0,0,0,0,0,0,0,41,2026-02-06 10:20:28.567143
SPNG,24.83,25.13,25.19,4500.0,5000.0,1965900.0,1632100.0,6870.0,679.0,,,0,0,0,0,0,0,0,0,0,0,0,0,0,0,0,0,0,0,0,0,0,0,0,0,0,0,0,0,0,0,0,0,0,0,0,0,0,0,0,0,0,0,0,0,42,2026-02-06 10:20:29.627415
SMMR,24.93,24.85,24.93,,,2130200.0,1988600.0,5000.0,,,,0,0,0,0,0,0,0,0,0,0,0,0,0,0,0,0,0,0,0,0,0,0,0,0,0,0,0,0,0,0,0,0,0,0,0,0,0,0,0,0,0,0,0,0,42,2026-02-06 10:20:29.627415
ATMN,25.14,25.14,25.16,,5000.0,2275200.0,1300700.0,10908.0,,3958.0,4000.0,0,0,0,0,0,0,0,0,0,0,0,0,0,0,0,0,0,0,0,0,0,0,0,0,0,0,0,0,0,0,0,0,0,0,0,0,0,0,0,0,0,0,0,0,42,2026-02-06 10:20:29.627415
WNTR,24.9,24.9,24.92,741.0,740.0,1582600.0,2164300.0,5000.0,,,,0,0,0,0,0,0,0,0,0,0,0,0,0,0,0,0,0,0,0,0,0,0,0,0,0,0,0,0,0,0,0,0,0,0,0,0,0,0,0,0,0,0,0,0,42,2026-02-06 10:20:29.627415
SPNG,24.73,24.75,25.14,5338.0,587.0,1749500.0,11118.0,4500.0,679.0,1440800.0,,,0,0,0,0,0,0,0,0,0,0,0,0,0,0,0,0,0,0,0,0,0,0,0,0,0,0,0,0,0,0,0,0,0,0,0,0,0,0,0,0,0,0,0,43,2026-02-06 10:20:30.683470
SMMR,24.88,24.85,24.88,,740.0,1992100.0,5000.0,,740.0,1871200.0,,,0,0,0,0,0,0,0,0,0,0,0,0,0,0,0,0,0,0,0,0,0,0,0,0,0,0,0,0,0,0,0,0,0,0,0,0,0,0,0,0,0,0,0,43,2026-02-06 10:20:30.683470
ATMN,25.14,25.14,25.15,,,2275200.0,10908.0,3958.0,710.0,1165000.0,5000.0,4000.0,0,0,0,0,0,0,0,0,0,0,0,0,0,0,0,0,0,0,0,0,0,0,0,0,0,0,0,0,0,0,0,0,0,0,0,0,0,0,0,0,0,0,0,43,2026-02-06 10:20:30.683470
WNTR,25.03,25.03,25.04,741.0,,1586800.0,5000.0,,,2162900.0,740.0,,0,0,0,0,0,0,0,0,0,0,0,0,0,0,0,0,0,0,0,0,0,0,0,0,0,0,0,0,0,0,0,0,0,0,0,0,0,0,0,0,0,0,0,43,2026-02-06 10:20:30.683470
SPNG,25.25,24.76,25.01,9116.0,2000.0,441.0,1314100.0,679.0,1929000.0,,,,,0,0,0,0,0,0,0,0,0,0,0,0,0,0,0,0,0,0,0,0,0,0,0,0,0,0,0,0,0,0,0,0,0,0,0,0,0,0,0,0,0,0,44,2026-02-06 10:20:31.737579
SMMR,24.85,24.86,24.88,,2000.0,,1888500.0,740.0,1871200.0,740.0,5000.0,,,0,0,0,0,0,0,0,0,0,0,0,0,0,0,0,0,0,0,0,0,0,0,0,0,0,0,0,0,0,0,0,0,0,0,0,0,0,0,0,0,0,0,44,2026-02-06 10:20:31.737579
ATMN,24.95,24.96,25.15,4500.0,,,2273800.0,710.0,1377800.0,,3526.0,8458.0,4000.0,0,0,0,0,0,0,0,0,0,0,0,0,0,0,0,0,0,0,0,0,0,0,0,0,0,0,0,0,0,0,0,0,0,0,0,0,0,0,0,0,0,0,44,2026-02-06 10:20:31.737579
WNTR,24.9,24.9,25.04,741.0,,740.0,1582600.0,770.0,2031200.0,,5000.0,,,0,0,0,0,0,0,0,0,0,0,0,0,0,0,0,0,0,0,0,0,0,0,0,0,0,0,0,0,0,0,0,0,0,0,0,0,0,0,0,0,0,0,44,2026-02-06 10:20:31.737579
SPNG,25.4,24.77,25.4,11342.0,5441.0,2000.0,1221400.0,2062500.0,,,,,,0,0,0,0,0,0,0,0,0,0,0,0,0,0,0,0,0,0,0,0,0,0,0,0,0,0,0,0,0,0,0,0,0,0,0,0,0,0,0,0,0,0,45,2026-02-06 10:20:32.791072
SMMR,24.84,24.84,24.87,,,,2056300.0,1774200.0,740.0,2000.0,740.0,5000.0,,0,0,0,0,0,0,0,0,0,0,0,0,0,0,0,0,0,0,0,0,0,0,0,0,0,0,0,0,0,0,0,0,0,0,0,0,0,0,0,0,0,0,45,2026-02-06 10:20:32.791072
ATMN,25.02,25.03,25.14,4500.0,,2000.0,2146400.0,1302800.0,,4000.0,710.0,5876.0,8458.0,0,0,0,0,0,0,0,0,0,0,0,0,0,0,0,0,0,0,0,0,0,0,0,0,0,0,0,0,0,0,0,0,0,0,0,0,0,0,0,0,0,0,45,2026-02-06 10:20:32.791072
WNTR,24.9,24.92,24.95,,,2000.0,2036900.0,1334700.0,,2000.0,770.0,1193.0,2409.0,0,0,0,0,0,0,0,0,0,0,0,0,0,0,0,0,0,0,0,0,0,0,0,0,0,0,0,0,0,0,0,0,0,0,0,0,0,0,0,0,0,0,45,2026-02-06 10:20:32.791072
SPNG,25.53,24.78,25.53,3941.0,10405.0,1535200.0,2098000.0,,,,,,,0,0,0,0,0,0,0,0,0,0,0,0,0,0,0,0,0,0,0,0,0,0,0,0,0,0,0,0,0,0,0,0,0,0,0,0,0,0,0,0,0,0,46,2026-02-06 10:20:33.825026
SMMR,25.07,24.86,25.03,5000.0,4500.0,1788900.0,1770600.0,2000.0,740.0,2000.0,5000.0,4500.0,,0,0,0,0,0,0,0,0,0,0,0,0,0,0,0,0,0,0,0,0,0,0,0,0,0,0,0,0,0,0,0,0,0,0,0,0,0,0,0,0,0,0,46,2026-02-06 10:20:33.825026
ATMN,24.89,24.89,25.05,,,2382400.0,1321000.0,,,4000.0,8226.0,3958.0,710.0,0,0,0,0,0,0,0,0,0,0,0,0,0,0,0,0,0,0,0,0,0,0,0,0,0,0,0,0,0,0,0,0,0,0,0,0,0,0,0,0,0,0,46,2026-02-06 10:20:33.825026
WNTR,24.92,24.92,24.93,,,2177400.0,1468200.0,,,2000.0,1193.0,2409.0,,0,0,0,0,0,0,0,0,0,0,0,0,0,0,0,0,0,0,0,0,0,0,0,0,0,0,0,0,0,0,0,0,0,0,0,0,0,0,0,0,0,0,46,2026-02-06 10:20:33.825026
SPNG,24.88,24.8,24.87,4500.0,5000.0,679.0,1825600.0,5000.0,4500.0,679.0,1746100.0,,,0,0,0,0,0,0,0,0,0,0,0,0,0,0,0,0,0,0,0,0,0,0,0,0,0,0,0,0,0,0,0,0,0,0,0,0,0,0,0,0,0,0,47,2026-02-06 10:20:34.872254
SMMR,24.92,24.87,24.92,1071.0,6085.0,740.0,1222100.0,5000.0,,,1911900.0,2000.0,2000.0,0,0,0,0,0,0,0,0,0,0,0,0,0,0,0,0,0,0,0,0,0,0,0,0,0,0,0,0,0,0,0,0,0,0,0,0,0,0,0,0,0,0,47,2026-02-06 10:20:34.872254
ATMN,24.94,24.94,25.04,762.0,5000.0,,1775900.0,4203.0,,,2039600.0,2000.0,,0,0,0,0,0,0,0,0,0,0,0,0,0,0,0,0,0,0,0,0,0,0,0,0,0,0,0,0,0,0,0,0,0,0,0,0,0,0,0,0,0,0,47,2026-02-06 10:20:34.872254
WNTR,24.93,24.92,24.93,,,770.0,1940100.0,1193.0,2409.0,770.0,1236000.0,2000.0,4000.0,0,0,0,0,0,0,0,0,0,0,0,0,0,0,0,0,0,0,0,0,0,0,0,0,0,0,0,0,0,0,0,0,0,0,0,0,0,0,0,0,0,0,47,2026-02-06 10:20:34.872254
SPNG,25.61,24.81,25.61,679.0,2000.0,3745.0,3535.0,1312800.0,2120400.0,,,,,0,0,0,0,0,0,0,0,0,0,0,0,0,0,0,0,0,0,0,0,0,0,0,0,0,0,0,0,0,0,0,0,0,0,0,0,0,0,0,0,0,0,48,2026-02-06 10:20:35.918093
SMMR,25.07,24.89,25.06,740.0,4000.0,6085.0,4500.0,1339900.0,2032000.0,4500.0,,,,0,0,0,0,0,0,0,0,0,0,0,0,0,0,0,0,0,0,0,0,0,0,0,0,0,0,0,0,0,0,0,0,0,0,0,0,0,0,0,0,0,0,48,2026-02-06 10:20:35.918093
ATMN,25.07,25.04,25.07,710.0,4000.0,,4683.0,1653700.0,2039600.0,,2683.0,702.0,,0,0,0,0,0,0,0,0,0,0,0,0,0,0,0,0,0,0,0,0,0,0,0,0,0,0,0,0,0,0,0,0,0,0,0,0,0,0,0,0,0,0,48,2026-02-06 10:20:35.918093
WNTR,24.95,24.92,24.95,770.0,2000.0,,,1940100.0,1319600.0,2409.0,1193.0,770.0,2000.0,0,0,0,0,0,0,0,0,0,0,0,0,0,0,0,0,0,0,0,0,0,0,0,0,0,0,0,0,0,0,0,0,0,0,0,0,0,0,0,0,0,0,48,2026-02-06 10:20:35.918093
SPNG,25.06,25.06,25.18,2000.0,1923400.0,5000.0,1442800.0,8570.0,4564.0,,,,,0,0,0,0,0,0,0,0,0,0,0,0,0,0,0,0,0,0,0,0,0,0,0,0,0,0,0,0,0,0,0,0,0,0,0,0,0,0,0,0,0,0,49,2026-02-06 10:20:36.989615
SMMR,25.05,24.99,25.04,4000.0,1372700.0,9585.0,1925200.0,5000.0,4500.0,4500.0,740.0,,,0,0,0,0,0,0,0,0,0,0,0,0,0,0,0,0,0,0,0,0,0,0,0,0,0,0,0,0,0,0,0,0,0,0,0,0,0,0,0,0,0,0,49,2026-02-06 10:20:36.989615
ATMN,25.24,25.04,25.24,4000.0,1635600.0,,2378700.0,,,4683.0,710.0,,,0,0,0,0,0,0,0,0,0,0,0,0,0,0,0,0,0,0,0,0,0,0,0,0,0,0,0,0,0,0,0,0,0,0,0,0,0,0,0,0,0,0,49,2026-02-06 10:20:36.989615
WNTR,24.94,24.94,24.99,4000.0,1831700.0,,1559300.0,1193.0,688.0,,770.0,770.0,2000.0,0,0,0,0,0,0,0,0,0,0,0,0,0,0,0,0,0,0,0,0,0,0,0,0,0,0,0,0,0,0,0,0,0,0,0,0,0,0,0,0,0,0,49,2026-02-06 10:20:36.989615
SPNG,24.88,24.93,25.0,666.0,2047400.0,2000.0,679.0,4500.0,1409100.0,3997.0,,,,0,0,0,0,0,0,0,0,0,0,0,0,0,0,0,0,0,0,0,0,0,0,0,0,0,0,0,0,0,0,0,0,0,0,0,0,0,0,0,0,0,0,50,2026-02-06 10:20:38.041950
SMMR,25.08,25.01,25.08,740.0,1162100.0,,,,2109000.0,,12168.0,1071.0,4000.0,0,0,0,0,0,0,0,0,0,0,0,0,0,0,0,0,0,0,0,0,0,0,0,0,0,0,0,0,0,0,0,0,0,0,0,0,0,0,0,0,0,0,50,2026-02-06 10:20:38.041950
ATMN,25.01,24.94,24.98,710.0,2116000.0,,,,2162000.0,644.0,,,2000.0,0,0,0,0,0,0,0,0,0,0,0,0,0,0,0,0,0,0,0,0,0,0,0,0,0,0,0,0,0,0,0,0,0,0,0,0,0,0,0,0,0,0,50,2026-02-06 10:20:38.041950
WNTR,24.87,24.87,24.88,,1851300.0,,770.0,4354.0,1667900.0,5000.0,2307.0,,,0,0,0,0,0,0,0,0,0,0,0,0,0,0,0,0,0,0,0,0,0,0,0,0,0,0,0,0,0,0,0,0,0,0,0,0,0,0,0,0,0,0,50,2026-02-06 10:20:38.041950
SPNG,24.88,24.96,25.0,1947900.0,5000.0,666.0,2000.0,3651.0,8997.0,679.0,1121900.0,,,0,0,0,0,0,0,0,0,0,0,0,0,0,0,0,0,0,0,0,0,0,0,0,0,0,0,0,0,0,0,0,0,0,0,0,0,0,0,0,0,0,0,51,2026-02-06 10:20:38.597049
SMMR,25.09,25.02,25.07,1552000.0,5717.0,,,4500.0,,,2003100.0,2000.0,4500.0,0,0,0,0,0,0,0,0,0,0,0,0,0,0,0,0,0,0,0,0,0,0,0,0,0,0,0,0,0,0,0,0,0,0,0,0,0,0,0,0,0,0,51,2026-02-06 10:20:38.597049
ATMN,24.98,24.94,24.98,2104200.0,,710.0,,,644.0,,2162000.0,2000.0,,0,0,0,0,0,0,0,0,0,0,0,0,0,0,0,0,0,0,0,0,0,0,0,0,0,0,0,0,0,0,0,0,0,0,0,0,0,0,0,0,0,0,51,2026-02-06 10:20:38.597049
WNTR,24.93,24.87,24.93,1851300.0,2307.0,,,1244.0,5000.0,,1989300.0,,,0,0,0,0,0,0,0,0,0,0,0,0,0,0,0,0,0,0,0,0,0,0,0,0,0,0,0,0,0,0,0,0,0,0,0,0,0,0,0,0,0,0,51,2026-02-06 10:20:38.597049
SPNG,25.18,24.98,25.17,587.0,2000.0,5000.0,1829500.0,2000.0,1624200.0,1096.0,,,,0,0,0,0,0,0,0,0,0,0,0,0,0,0,0,0,0,0,0,0,0,0,0,0,0,0,0,0,0,0,0,0,0,0,0,0,0,0,0,0,0,0,52,2026-02-06 10:20:39.641251
SMMR,25.01,25.0,25.01,630.0,,7410.0,1552000.0,,2144500.0,,1984.0,,,0,0,0,0,0,0,0,0,0,0,0,0,0,0,0,0,0,0,0,0,0,0,0,0,0,0,0,0,0,0,0,0,0,0,0,0,0,0,0,0,0,0,52,2026-02-06 10:20:39.641251
ATMN,24.93,24.93,24.98,710.0,,,2215300.0,,2162000.0,,,644.0,,0,0,0,0,0,0,0,0,0,0,0,0,0,0,0,0,0,0,0,0,0,0,0,0,0,0,0,0,0,0,0,0,0,0,0,0,0,0,0,0,0,0,52,2026-02-06 10:20:39.641251
WNTR,24.84,24.84,25.01,,,1318.0,1988800.0,,1550600.0,8087.0,,5000.0,770.0,0,0,0,0,0,0,0,0,0,0,0,0,0,0,0,0,0,0,0,0,0,0,0,0,0,0,0,0,0,0,0,0,0,0,0,0,0,0,0,0,0,0,52,2026-02-06 10:20:39.641251
SPNG,24.92,25.0,25.16,5000.0,2056500.0,5000.0,2000.0,679.0,1398100.0,1096.0,,,,0,0,0,0,0,0,0,0,0,0,0,0,0,0,0,0,0,0,0,0,0,0,0,0,0,0,0,0,0,0,0,0,0,0,0,0,0,0,0,0,0,0,53,2026-02-06 10:20:40.691180
SMMR,25.02,25.0,25.02,7410.0,1457400.0,,,646.0,2035200.0,,2000.0,1984.0,740.0,0,0,0,0,0,0,0,0,0,0,0,0,0,0,0,0,0,0,0,0,0,0,0,0,0,0,0,0,0,0,0,0,0,0,0,0,0,0,0,0,0,0,53,2026-02-06 10:20:40.691180
ATMN,25.26,24.93,25.26,,2118000.0,644.0,,,2160400.0,,2000.0,,710.0,0,0,0,0,0,0,0,0,0,0,0,0,0,0,0,0,0,0,0,0,0,0,0,0,0,0,0,0,0,0,0,0,0,0,0,0,0,0,0,0,0,0,53,2026-02-06 10:20:40.691180
WNTR,24.89,24.89,25.0,1614.0,1647400.0,,,770.0,1674100.0,11237.0,,4500.0,770.0,0,0,0,0,0,0,0,0,0,0,0,0,0,0,0,0,0,0,0,0,0,0,0,0,0,0,0,0,0,0,0,0,0,0,0,0,0,0,0,0,0,0,53,2026-02-06 10:20:40.691180
SPNG,25.0,25.01,25.18,4500.0,5000.0,1935000.0,4500.0,5000.0,1825600.0,,,,,0,0,0,0,0,0,0,0,0,0,0,0,0,0,0,0,0,0,0,0,0,0,0,0,0,0,0,0,0,0,0,0,0,0,0,0,0,0,0,0,0,0,54,2026-02-06 10:20:41.740080
SMMR,25.01,25.0,25.01,1984.0,7410.0,1584100.0,,,2035900.0,2000.0,2000.0,,,0,0,0,0,0,0,0,0,0,0,0,0,0,0,0,0,0,0,0,0,0,0,0,0,0,0,0,0,0,0,0,0,0,0,0,0,0,0,0,0,0,0,54,2026-02-06 10:20:41.740080
ATMN,25.26,25.08,25.1,4678.0,,1680500.0,4500.0,788.0,1956200.0,2000.0,,710.0,,0,0,0,0,0,0,0,0,0,0,0,0,0,0,0,0,0,0,0,0,0,0,0,0,0,0,0,0,0,0,0,0,0,0,0,0,0,0,0,0,0,0,54,2026-02-06 10:20:41.740080
WNTR,24.82,24.82,24.96,,,2223000.0,11237.0,5000.0,1448900.0,,2000.0,,770.0,0,0,0,0,0,0,0,0,0,0,0,0,0,0,0,0,0,0,0,0,0,0,0,0,0,0,0,0,0,0,0,0,0,0,0,0,0,0,0,0,0,0,54,2026-02-06 10:20:41.740080
SPNG,25.13,25.02,25.13,9680.0,4500.0,679.0,1512500.0,1955000.0,5000.0,,,,,0,0,0,0,0,0,0,0,0,0,0,0,0,0,0,0,0,0,0,0,0,0,0,0,0,0,0,0,0,0,0,0,0,0,0,0,0,0,0,0,0,0,55,2026-02-06 10:20:42.790170
SMMR,25.1,25.0,25.1,7410.0,1984.0,740.0,1466300.0,2169400.0,,2000.0,,,,0,0,0,0,0,0,0,0,0,0,0,0,0,0,0,0,0,0,0,0,0,0,0,0,0,0,0,0,0,0,0,0,0,0,0,0,0,0,0,0,0,0,55,2026-02-06 10:20:42.790170
ATMN,25.26,25.09,25.25,5000.0,4678.0,710.0,1572900.0,2029600.0,5102.0,2000.0,604.0,,,0,0,0,0,0,0,0,0,0,0,0,0,0,0,0,0,0,0,0,0,0,0,0,0,0,0,0,0,0,0,0,0,0,0,0,0,0,0,0,0,0,0,55,2026-02-06 10:20:42.790170
WNTR,24.77,24.83,24.89,,4500.0,651.0,2017800.0,1337400.0,8014.0,,770.0,4500.0,4000.0,0,0,0,0,0,0,0,0,0,0,0,0,0,0,0,0,0,0,0,0,0,0,0,0,0,0,0,0,0,0,0,0,0,0,0,0,0,0,0,0,0,0,55,2026-02-06 10:20:42.790170
SPNG,25.32,25.07,25.12,1083600.0,7419.0,679.0,2000.0,10145.0,4500.0,1966600.0,,,,0,0,0,0,0,0,0,0,0,0,0,0,0,0,0,0,0,0,0,0,0,0,0,0,0,0,0,0,0,0,0,0,0,0,0,0,0,0,0,0,0,0,56,2026-02-06 10:20:43.832911
SMMR,24.98,25.03,25.08,1576900.0,6929.0,740.0,,1602.0,4500.0,1931100.0,740.0,,,0,0,0,0,0,0,0,0,0,0,0,0,0,0,0,0,0,0,0,0,0,0,0,0,0,0,0,0,0,0,0,0,0,0,0,0,0,0,0,0,0,0,56,2026-02-06 10:20:43.832911
ATMN,25.08,25.21,25.29,1878300.0,4500.0,710.0,2000.0,5000.0,,2324200.0,,,,0,0,0,0,0,0,0,0,0,0,0,0,0,0,0,0,0,0,0,0,0,0,0,0,0,0,0,0,0,0,0,0,0,0,0,0,0,0,0,0,0,0,56,2026-02-06 10:20:43.832911
WNTR,24.76,24.76,24.89,2224800.0,,,,,7377.0,1094400.0,,8014.0,4000.0,0,0,0,0,0,0,0,0,0,0,0,0,0,0,0,0,0,0,0,0,0,0,0,0,0,0,0,0,0,0,0,0,0,0,0,0,0,0,0,0,0,0,56,2026-02-06 10:20:43.832911
SPNG,25.19,24.94,25.19,2146700.0,2085700.0,,,,,0,0,0,0,0,0,0,0,0,0,0,0,0,0,0,0,0,0,0,0,0,0,0,0,0,0,0,0,0,0,0,0,0,0,0,0,0,0,0,0,0,0,0,0,0,0,57,2026-02-06 10:20:44.881006
SMMR,25.08,25.03,25.08,2017300.0,2036600.0,2000.0,740.0,740.0,,0,0,0,0,0,0,0,0,0,0,0,0,0,0,0,0,0,0,0,0,0,0,0,0,0,0,0,0,0,0,0,0,0,0,0,0,0,0,0,0,0,0,0,0,0,0,57,2026-02-06 10:20:44.881006
ATMN,25.33,25.21,25.33,2018300.0,2296700.0,4000.0,710.0,,,0,0,0,0,0,0,0,0,0,0,0,0,0,0,0,0,0,0,0,0,0,0,0,0,0,0,0,0,0,0,0,0,0,0,0,0,0,0,0,0,0,0,0,0,0,0,57,2026-02-06 10:20:44.881006
WNTR,24.75,24.75,24.85,2221900.0,1880700.0,,,770.0,4000.0,0,0,0,0,0,0,0,0,0,0,0,0,0,0,0,0,0,0,0,0,0,0,0,0,0,0,0,0,0,0,0,0,0,0,0,0,0,0,0,0,0,0,0,0,0,0,57,2026-02-06 10:20:44.881006
SPNG,24.92,24.92,25.13,2162800.0,2000.0,1814800.0,679.0,,0,0,0,0,0,0,0,0,0,0,0,0,0,0,0,0,0,0,0,0,0,0,0,0,0,0,0,0,0,0,0,0,0,0,0,0,0,0,0,0,0,0,0,0,0,0,0,58,2026-02-06 10:20:45.938932
SMMR,24.96,24.96,25.0,2226600.0,,2188800.0,,,0,0,0,0,0,0,0,0,0,0,0,0,0,0,0,0,0,0,0,0,0,0,0,0,0,0,0,0,0,0,0,0,0,0,0,0,0,0,0,0,0,0,0,0,0,0,0,58,2026-02-06 10:20:45.938932
ATMN,25.34,25.11,25.34,2257700.0,,2318600.0,,2000.0,0,0,0,0,0,0,0,0,0,0,0,0,0,0,0,0,0,0,0,0,0,0,0,0,0,0,0,0,0,0,0,0,0,0,0,0,0,0,0,0,0,0,0,0,0,0,0,58,2026-02-06 10:20:45.938932
WNTR,24.85,24.85,24.89,2101200.0,4000.0,1998800.0,,2000.0,0,0,0,0,0,0,0,0,0,0,0,0,0,0,0,0,0,0,0,0,0,0,0,0,0,0,0,0,0,0,0,0,0,0,0,0,0,0,0,0,0,0,0,0,0,0,0,58,2026-02-06 10:20:45.938932
SPNG,24.89,25.08,25.11,2124600.0,679.0,2000.0,1814800.0,,,0,0,0,0,0,0,0,0,0,0,0,0,0,0,0,0,0,0,0,0,0,0,0,0,0,0,0,0,0,0,0,0,0,0,0,0,0,0,0,0,0,0,0,0,0,0,59,2026-02-06 10:20:47.009701
SMMR,25.03,24.97,25.03,2107000.0,,,2188200.0,2000.0,,0,0,0,0,0,0,0,0,0,0,0,0,0,0,0,0,0,0,0,0,0,0,0,0,0,0,0,0,0,0,0,0,0,0,0,0,0,0,0,0,0,0,0,0,0,0,59,2026-02-06 10:20:47.009701
ATMN,24.92,25.15,25.33,2369500.0,710.0,2000.0,2072800.0,,,0,0,0,0,0,0,0,0,0,0,0,0,0,0,0,0,0,0,0,0,0,0,0,0,0,0,0,0,0,0,0,0,0,0,0,0,0,0,0,0,0,0,0,0,0,0,59,2026-02-06 10:20:47.009701
WNTR,24.85,24.87,24.89,1874400.0,,4000.0,1994800.0,4000.0,770.0,0,0,0,0,0,0,0,0,0,0,0,0,0,0,0,0,0,0,0,0,0,0,0,0,0,0,0,0,0,0,0,0,0,0,0,0,0,0,0,0,0,0,0,0,0,0,59,2026-02-06 10:20:47.009701
SPNG,24.6,24.06,24.51,1028900.0,773400.0,,,,,0,0,0,0,0,0,0,0,0,0,0,0,0,0,0,0,0,0,0,0,0,0,0,0,0,0,0,0,0,0,0,0,0,0,0,0,0,0,0,0,0,0,0,0,0,0,60,2026-02-06 10:20:48.079728
SMMR,24.66,24.27,24.36,879600.0,994100.0,2000.0,,,,0,0,0,0,0,0,0,0,0,0,0,0,0,0,0,0,0,0,0,0,0,0,0,0,0,0,0,0,0,0,0,0,0,0,0,0,0,0,0,0,0,0,0,0,0,0,60,2026-02-06 10:20:48.079728
ATMN,24.92,24.48,24.51,1161200.0,997700.0,2000.0,,,,0,0,0,0,0,0,0,0,0,0,0,0,0,0,0,0,0,0,0,0,0,0,0,0,0,0,0,0,0,0,0,0,0,0,0,0,0,0,0,0,0,0,0,0,0,0,60,2026-02-06 10:20:48.079728
WNTR,24.8,24.8,24.83,915500.0,914300.0,4000.0,770.0,2000.0,770.0,0,0,0,0,0,0,0,0,0,0,0,0,0,0,0,0,0,0,0,0,0,0,0,0,0,0,0,0,0,0,0,0,0,0,0,0,0,0,0,0,0,0,0,0,0,0,60,2026-02-06 10:20:48.079728
SPNG,24.06,24.06,24.51,1028900.0,871700.0,,,,,0,0,0,0,0,0,0,0,0,0,0,0,0,0,0,0,0,0,0,0,0,0,0,0,0,0,0,0,0,0,0,0,0,0,0,0,0,0,0,0,0,0,0,0,0,0,61,2026-02-06 10:20:48.631015
SMMR,24.36,24.54,24.65,1011100.0,965400.0,493.0,493.0,2000.0,,0,0,0,0,0,0,0,0,0,0,0,0,0,0,0,0,0,0,0,0,0,0,0,0,0,0,0,0,0,0,0,0,0,0,0,0,0,0,0,0,0,0,0,0,0,0,61,2026-02-06 10:20:48.631015
ATMN,24.48,24.48,24.51,1161200.0,1103400.0,406.0,473.0,2000.0,2000.0,0,0,0,0,0,0,0,0,0,0,0,0,0,0,0,0,0,0,0,0,0,0,0,0,0,0,0,0,0,0,0,0,0,0,0,0,0,0,0,0,0,0,0,0,0,0,61,2026-02-06 10:20:48.631015
WNTR,24.66,24.37,24.52,915500.0,1160000.0,,770.0,4000.0,,0,0,0,0,0,0,0,0,0,0,0,0,0,0,0,0,0,0,0,0,0,0,0,0,0,0,0,0,0,0,0,0,0,0,0,0,0,0,0,0,0,0,0,0,0,0,61,2026-02-06 10:20:48.631015
SPNG,23.96,23.69,23.89,1171100.0,1235900.0,2000.0,452.0,,0,0,0,0,0,0,0,0,0,0,0,0,0,0,0,0,0,0,0,0,0,0,0,0,0,0,0,0,0,0,0,0,0,0,0,0,0,0,0,0,0,0,0,0,0,0,0,62,2026-02-06 10:20:49.739114
SMMR,24.26,24.26,24.32,894900.0,1166200.0,2000.0,592.0,,0,0,0,0,0,0,0,0,0,0,0,0,0,0,0,0,0,0,0,0,0,0,0,0,0,0,0,0,0,0,0,0,0,0,0,0,0,0,0,0,0,0,0,0,0,0,0,62,2026-02-06 10:20:49.739114
ATMN,24.47,24.47,24.51,1090000.0,1103400.0,2000.0,568.0,2000.0,0,0,0,0,0,0,0,0,0,0,0,0,0,0,0,0,0,0,0,0,0,0,0,0,0,0,0,0,0,0,0,0,0,0,0,0,0,0,0,0,0,0,0,0,0,0,0,62,2026-02-06 10:20:49.739114
WNTR,24.22,24.22,24.52,909200.0,1251400.0,4000.0,513.0,,0,0,0,0,0,0,0,0,0,0,0,0,0,0,0,0,0,0,0,0,0,0,0,0,0,0,0,0,0,0,0,0,0,0,0,0,0,0,0,0,0,0,0,0,0,0,0,62,2026-02-06 10:20:49.739114
SPNG,23.97,23.97,24.51,1237000.0,2000.0,7685.0,5616.0,532.0,1120100.0,,,,,0,0,0,0,0,0,0,0,0,0,0,0,0,0,0,0,0,0,0,0,0,0,0,0,0,0,0,0,0,0,0,0,0,0,0,0,0,0,0,0,0,0,63,2026-02-06 10:20:50.805288
SMMR,24.21,24.21,24.3,897600.0,,,,,1277000.0,592.0,2000.0,,,0,0,0,0,0,0,0,0,0,0,0,0,0,0,0,0,0,0,0,0,0,0,0,0,0,0,0,0,0,0,0,0,0,0,0,0,0,0,0,0,0,0,63,2026-02-06 10:20:50.805288
ATMN,24.77,24.77,24.8,1366200.0,2000.0,5028.0,5000.0,,961800.0,,2000.0,,,0,0,0,0,0,0,0,0,0,0,0,0,0,0,0,0,0,0,0,0,0,0,0,0,0,0,0,0,0,0,0,0,0,0,0,0,0,0,0,0,0,0,63,2026-02-06 10:20:50.805288
WNTR,24.13,24.13,24.16,917900.0,,4500.0,5000.0,,1029200.0,616.0,4000.0,5914.0,5473.0,0,0,0,0,0,0,0,0,0,0,0,0,0,0,0,0,0,0,0,0,0,0,0,0,0,0,0,0,0,0,0,0,0,0,0,0,0,0,0,0,0,0,63,2026-02-06 10:20:50.805288
SPNG,24.71,23.95,24.09,5000.0,3620.0,2000.0,1302600.0,1245500.0,5000.0,,,,,0,0,0,0,0,0,0,0,0,0,0,0,0,0,0,0,0,0,0,0,0,0,0,0,0,0,0,0,0,0,0,0,0,0,0,0,0,0,0,0,0,0,64,2026-02-06 10:20:51.861898
SMMR,24.35,24.22,24.29,5283.0,1040.0,,1002300.0,1426700.0,5000.0,740.0,740.0,2000.0,,0,0,0,0,0,0,0,0,0,0,0,0,0,0,0,0,0,0,0,0,0,0,0,0,0,0,0,0,0,0,0,0,0,0,0,0,0,0,0,0,0,0,64,2026-02-06 10:20:51.861898
ATMN,24.27,24.27,24.67,3335.0,528.0,2000.0,1155900.0,1204000.0,5000.0,,,2000.0,,0,0,0,0,0,0,0,0,0,0,0,0,0,0,0,0,0,0,0,0,0,0,0,0,0,0,0,0,0,0,0,0,0,0,0,0,0,0,0,0,0,0,64,2026-02-06 10:20:51.861898
WNTR,23.82,23.82,24.1,,,,950100.0,1494300.0,4414.0,,770.0,4000.0,1767.0,0,0,0,0,0,0,0,0,0,0,0,0,0,0,0,0,0,0,0,0,0,0,0,0,0,0,0,0,0,0,0,0,0,0,0,0,0,0,0,0,0,0,64,2026-02-06 10:20:51.861898
SPNG,24.71,23.97,24.07,5000.0,4500.0,4000.0,679.0,1405900.0,5000.0,1430000.0,679.0,2000.0,,0,0,0,0,0,0,0,0,0,0,0,0,0,0,0,0,0,0,0,0,0,0,0,0,0,0,0,0,0,0,0,0,0,0,0,0,0,0,0,0,0,0,65,2026-02-06 10:20:52.918378
SMMR,24.29,24.2,24.23,162.0,594.0,2000.0,740.0,900600.0,,1426700.0,740.0,2000.0,,0,0,0,0,0,0,0,0,0,0,0,0,0,0,0,0,0,0,0,0,0,0,0,0,0,0,0,0,0,0,0,0,0,0,0,0,0,0,0,0,0,0,65,2026-02-06 10:20:52.918378
ATMN,24.27,24.48,24.57,5000.0,5028.0,2000.0,710.0,1155900.0,5165.0,1413400.0,710.0,2000.0,4500.0,0,0,0,0,0,0,0,0,0,0,0,0,0,0,0,0,0,0,0,0,0,0,0,0,0,0,0,0,0,0,0,0,0,0,0,0,0,0,0,0,0,0,65,2026-02-06 10:20:52.918378
WNTR,23.83,23.83,23.89,5000.0,4500.0,,,969600.0,9442.0,1017500.0,770.0,4000.0,11773.0,0,0,0,0,0,0,0,0,0,0,0,0,0,0,0,0,0,0,0,0,0,0,0,0,0,0,0,0,0,0,0,0,0,0,0,0,0,0,0,0,0,0,65,2026-02-06 10:20:52.918378
SPNG,24.09,23.97,24.09,5784.0,4000.0,679.0,4116.0,828400.0,1520600.0,2000.0,,,,0,0,0,0,0,0,0,0,0,0,0,0,0,0,0,0,0,0,0,0,0,0,0,0,0,0,0,0,0,0,0,0,0,0,0,0,0,0,0,0,0,0,66,2026-02-06 10:20:53.970886
SMMR,24.18,24.1,24.18,,,740.0,,1055000.0,1533900.0,2000.0,740.0,,,0,0,0,0,0,0,0,0,0,0,0,0,0,0,0,0,0,0,0,0,0,0,0,0,0,0,0,0,0,0,0,0,0,0,0,0,0,0,0,0,0,0,66,2026-02-06 10:20:53.970886
ATMN,24.57,24.3,24.54,5028.0,,,,1155900.0,1413400.0,2000.0,710.0,,,0,0,0,0,0,0,0,0,0,0,0,0,0,0,0,0,0,0,0,0,0,0,0,0,0,0,0,0,0,0,0,0,0,0,0,0,0,0,0,0,0,0,66,2026-02-06 10:20:53.970886
WNTR,23.9,23.84,23.85,4500.0,2000.0,,5000.0,969600.0,1907300.0,4000.0,,4500.0,5000.0,0,0,0,0,0,0,0,0,0,0,0,0,0,0,0,0,0,0,0,0,0,0,0,0,0,0,0,0,0,0,0,0,0,0,0,0,0,0,0,0,0,0,66,2026-02-06 10:20:53.970886
SPNG,23.93,23.94,24.15,4500.0,648.0,1629600.0,2000.0,5000.0,4000.0,1405400.0,,,,0,0,0,0,0,0,0,0,0,0,0,0,0,0,0,0,0,0,0,0,0,0,0,0,0,0,0,0,0,0,0,0,0,0,0,0,0,0,0,0,0,0,67,2026-02-06 10:20:55.032461
SMMR,24.1,24.12,24.21,4812.0,5000.0,1186000.0,2000.0,5000.0,4000.0,1426700.0,740.0,4500.0,740.0,0,0,0,0,0,0,0,0,0,0,0,0,0,0,0,0,0,0,0,0,0,0,0,0,0,0,0,0,0,0,0,0,0,0,0,0,0,0,0,0,0,0,67,2026-02-06 10:20:55.032461
ATMN,24.41,24.42,24.52,4658.0,5000.0,1380000.0,,8550.0,2000.0,1413400.0,,4500.0,710.0,0,0,0,0,0,0,0,0,0,0,0,0,0,0,0,0,0,0,0,0,0,0,0,0,0,0,0,0,0,0,0,0,0,0,0,0,0,0,0,0,0,0,67,2026-02-06 10:20:55.032461
WNTR,23.79,23.79,23.85,,5000.0,1110700.0,,,4000.0,1640300.0,,9511.0,,0,0,0,0,0,0,0,0,0,0,0,0,0,0,0,0,0,0,0,0,0,0,0,0,0,0,0,0,0,0,0,0,0,0,0,0,0,0,0,0,0,0,67,2026-02-06 10:20:55.032461
SPNG,23.93,23.94,24.15,679.0,648.0,1330.0,1547600.0,679.0,4000.0,1616200.0,,,,0,0,0,0,0,0,0,0,0,0,0,0,0,0,0,0,0,0,0,0,0,0,0,0,0,0,0,0,0,0,0,0,0,0,0,0,0,0,0,0,0,0,68,2026-02-06 10:20:56.084091
SMMR,24.23,24.23,24.25,740.0,5000.0,312.0,1524400.0,,,1426700.0,2000.0,600.0,,0,0,0,0,0,0,0,0,0,0,0,0,0,0,0,0,0,0,0,0,0,0,0,0,0,0,0,0,0,0,0,0,0,0,0,0,0,0,0,0,0,0,68,2026-02-06 10:20:56.084091
ATMN,24.49,24.49,24.51,609.0,,4658.0,1607000.0,710.0,4000.0,1413400.0,2000.0,3550.0,4500.0,0,0,0,0,0,0,0,0,0,0,0,0,0,0,0,0,0,0,0,0,0,0,0,0,0,0,0,0,0,0,0,0,0,0,0,0,0,0,0,0,0,0,68,2026-02-06 10:20:56.084091
WNTR,23.58,23.61,23.81,,,,1009200.0,770.0,4000.0,1635500.0,,,7158.0,0,0,0,0,0,0,0,0,0,0,0,0,0,0,0,0,0,0,0,0,0,0,0,0,0,0,0,0,0,0,0,0,0,0,0,0,0,0,0,0,0,0,68,2026-02-06 10:20:56.084091
SPNG,24.37,23.97,24.36,9796.0,9360.0,679.0,2000.0,654100.0,5000.0,1616200.0,,,,0,0,0,0,0,0,0,0,0,0,0,0,0,0,0,0,0,0,0,0,0,0,0,0,0,0,0,0,0,0,0,0,0,0,0,0,0,0,0,0,0,0,69,2026-02-06 10:20:57.190226
SMMR,24.26,24.24,24.25,5000.0,312.0,740.0,2000.0,1609300.0,,1523800.0,2000.0,,,0,0,0,0,0,0,0,0,0,0,0,0,0,0,0,0,0,0,0,0,0,0,0,0,0,0,0,0,0,0,0,0,0,0,0,0,0,0,0,0,0,0,69,2026-02-06 10:20:57.190226
ATMN,24.49,24.49,24.5,,4658.0,,4000.0,1818500.0,3550.0,1413400.0,2000.0,710.0,4500.0,0,0,0,0,0,0,0,0,0,0,0,0,0,0,0,0,0,0,0,0,0,0,0,0,0,0,0,0,0,0,0,0,0,0,0,0,0,0,0,0,0,0,69,2026-02-06 10:20:57.190226
WNTR,23.84,23.84,23.85,5000.0,4500.0,,,1264400.0,305.0,2104700.0,2000.0,,,0,0,0,0,0,0,0,0,0,0,0,0,0,0,0,0,0,0,0,0,0,0,0,0,0,0,0,0,0,0,0,0,0,0,0,0,0,0,0,0,0,0,69,2026-02-06 10:20:57.190226
SPNG,24.54,24.0,24.33,4500.0,9148.0,679.0,2000.0,1494800.0,4500.0,5000.0,1613600.0,,0,0,0,0,0,0,0,0,0,0,0,0,0,0,0,0,0,0,0,0,0,0,0,0,0,0,0,0,0,0,0,0,0,0,0,0,0,0,0,0,0,0,0,70,2026-02-06 10:20:57.736048
SMMR,24.3,24.23,24.3,312.0,5000.0,,2000.0,1721000.0,,,1308300.0,2000.0,0,0,0,0,0,0,0,0,0,0,0,0,0,0,0,0,0,0,0,0,0,0,0,0,0,0,0,0,0,0,0,0,0,0,0,0,0,0,0,0,0,0,0,70,2026-02-06 10:20:57.736048
ATMN,24.29,24.29,24.5,,,,,1879100.0,4500.0,3550.0,1413400.0,4000.0,0,0,0,0,0,0,0,0,0,0,0,0,0,0,0,0,0,0,0,0,0,0,0,0,0,0,0,0,0,0,0,0,0,0,0,0,0,0,0,0,0,0,0,70,2026-02-06 10:20:57.736048
WNTR,23.85,23.85,23.88,6985.0,3181.0,,2000.0,1381900.0,,5000.0,2196200.0,,0,0,0,0,0,0,0,0,0,0,0,0,0,0,0,0,0,0,0,0,0,0,0,0,0,0,0,0,0,0,0,0,0,0,0,0,0,0,0,0,0,0,0,70,2026-02-06 10:20:57.736048
SPNG,23.85,23.85,24.2,2106000.0,1898000.0,4500.0,587.0,,,,,,0,0,0,0,0,0,0,0,0,0,0,0,0,0,0,0,0,0,0,0,0,0,0,0,0,0,0,0,0,0,0,0,0,0,0,0,0,0,0,0,0,0,0,71,2026-02-06 10:20:58.776215
SMMR,24.35,24.18,24.35,1699200.0,1308300.0,,,4500.0,5000.0,4000.0,740.0,,0,0,0,0,0,0,0,0,0,0,0,0,0,0,0,0,0,0,0,0,0,0,0,0,0,0,0,0,0,0,0,0,0,0,0,0,0,0,0,0,0,0,0,71,2026-02-06 10:20:58.776215
ATMN,24.53,24.53,24.54,1997200.0,1642500.0,886.0,,4500.0,,,710.0,,0,0,0,0,0,0,0,0,0,0,0,0,0,0,0,0,0,0,0,0,0,0,0,0,0,0,0,0,0,0,0,0,0,0,0,0,0,0,0,0,0,0,0,71,2026-02-06 10:20:58.776215
WNTR,23.85,23.85,23.88,1450300.0,2078900.0,,770.0,6985.0,3181.0,2000.0,,5000.0,0,0,0,0,0,0,0,0,0,0,0,0,0,0,0,0,0,0,0,0,0,0,0,0,0,0,0,0,0,0,0,0,0,0,0,0,0,0,0,0,0,0,0,71,2026-02-06 10:20:58.776215
SPNG,24.2,23.79,24.2,2020600.0,679.0,1984500.0,889.0,,,,,,,0,0,0,0,0,0,0,0,0,0,0,0,0,0,0,0,0,0,0,0,0,0,0,0,0,0,0,0,0,0,0,0,0,0,0,0,0,0,0,0,0,0,72,2026-02-06 10:20:59.820259
SMMR,24.34,24.28,24.33,1448900.0,740.0,1510300.0,4500.0,4000.0,11112.0,2000.0,94.0,630.0,,0,0,0,0,0,0,0,0,0,0,0,0,0,0,0,0,0,0,0,0,0,0,0,0,0,0,0,0,0,0,0,0,0,0,0,0,0,0,0,0,0,0,72,2026-02-06 10:20:59.820259
ATMN,24.53,24.53,24.54,1997200.0,710.0,1960500.0,886.0,,4500.0,,,609.0,,0,0,0,0,0,0,0,0,0,0,0,0,0,0,0,0,0,0,0,0,0,0,0,0,0,0,0,0,0,0,0,0,0,0,0,0,0,0,0,0,0,0,72,2026-02-06 10:20:59.820259
WNTR,23.85,23.85,23.91,1580400.0,770.0,1724500.0,4815.0,2000.0,,,,770.0,3972.0,0,0,0,0,0,0,0,0,0,0,0,0,0,0,0,0,0,0,0,0,0,0,0,0,0,0,0,0,0,0,0,0,0,0,0,0,0,0,0,0,0,0,72,2026-02-06 10:20:59.820259
SPNG,24.24,23.82,24.24,4500.0,679.0,230.0,1789900.0,1858300.0,593.0,,,,0,0,0,0,0,0,0,0,0,0,0,0,0,0,0,0,0,0,0,0,0,0,0,0,0,0,0,0,0,0,0,0,0,0,0,0,0,0,0,0,0,0,0,73,2026-02-06 10:21:00.865724
SMMR,24.34,24.29,24.33,11112.0,740.0,,1463000.0,1617200.0,4500.0,4000.0,2000.0,94.0,0,0,0,0,0,0,0,0,0,0,0,0,0,0,0,0,0,0,0,0,0,0,0,0,0,0,0,0,0,0,0,0,0,0,0,0,0,0,0,0,0,0,0,73,2026-02-06 10:21:00.865724
ATMN,24.29,24.3,24.5,,,5000.0,1746900.0,2036700.0,886.0,,2000.0,5000.0,0,0,0,0,0,0,0,0,0,0,0,0,0,0,0,0,0,0,0,0,0,0,0,0,0,0,0,0,0,0,0,0,0,0,0,0,0,0,0,0,0,0,0,73,2026-02-06 10:21:00.865724
WNTR,23.98,23.97,23.98,,770.0,5561.0,1664300.0,2223100.0,,4000.0,2000.0,,0,0,0,0,0,0,0,0,0,0,0,0,0,0,0,0,0,0,0,0,0,0,0,0,0,0,0,0,0,0,0,0,0,0,0,0,0,0,0,0,0,0,0,73,2026-02-06 10:21:00.865724
SPNG,23.87,23.82,23.87,2000.0,230.0,679.0,1075.0,1373000.0,1895800.0,587.0,2000.0,,,0,0,0,0,0,0,0,0,0,0,0,0,0,0,0,0,0,0,0,0,0,0,0,0,0,0,0,0,0,0,0,0,0,0,0,0,0,0,0,0,0,0,74,2026-02-06 10:21:02.064227
SMMR,24.4,24.25,24.4,2000.0,5000.0,740.0,4500.0,1804900.0,1713200.0,,,16.0,,0,0,0,0,0,0,0,0,0,0,0,0,0,0,0,0,0,0,0,0,0,0,0,0,0,0,0,0,0,0,0,0,0,0,0,0,0,0,0,0,0,0,74,2026-02-06 10:21:02.064227
ATMN,24.4,24.32,24.38,2000.0,,710.0,,1746900.0,2206200.0,710.0,,,,0,0,0,0,0,0,0,0,0,0,0,0,0,0,0,0,0,0,0,0,0,0,0,0,0,0,0,0,0,0,0,0,0,0,0,0,0,0,0,0,0,0,74,2026-02-06 10:21:02.064227
WNTR,23.84,23.85,23.96,2000.0,,651.0,4500.0,1481800.0,1289300.0,770.0,2000.0,721.0,4595.0,0,0,0,0,0,0,0,0,0,0,0,0,0,0,0,0,0,0,0,0,0,0,0,0,0,0,0,0,0,0,0,0,0,0,0,0,0,0,0,0,0,0,74,2026-02-06 10:21:02.064227
SPNG,23.92,23.83,23.92,679.0,2000.0,98.0,1075.0,1605300.0,1866500.0,,,,,0,0,0,0,0,0,0,0,0,0,0,0,0,0,0,0,0,0,0,0,0,0,0,0,0,0,0,0,0,0,0,0,0,0,0,0,0,0,0,0,0,0,75,2026-02-06 10:21:03.170572
SMMR,24.23,24.23,24.43,,,,4824.0,1943100.0,1713200.0,16.0,,,,0,0,0,0,0,0,0,0,0,0,0,0,0,0,0,0,0,0,0,0,0,0,0,0,0,0,0,0,0,0,0,0,0,0,0,0,0,0,0,0,0,0,75,2026-02-06 10:21:03.170572
ATMN,24.57,24.38,24.39,710.0,2000.0,5000.0,,2089100.0,1545700.0,5319.0,466.0,,,0,0,0,0,0,0,0,0,0,0,0,0,0,0,0,0,0,0,0,0,0,0,0,0,0,0,0,0,0,0,0,0,0,0,0,0,0,0,0,0,0,0,75,2026-02-06 10:21:03.170572
WNTR,23.84,23.87,23.93,,2000.0,,4500.0,1616700.0,1519900.0,721.0,41.0,770.0,4000.0,0,0,0,0,0,0,0,0,0,0,0,0,0,0,0,0,0,0,0,0,0,0,0,0,0,0,0,0,0,0,0,0,0,0,0,0,0,0,0,0,0,0,75,2026-02-06 10:21:03.170572
SPNG,23.92,23.84,23.91,6614.0,679.0,2000.0,230.0,1286800.0,4500.0,1866500.0,,,,0,0,0,0,0,0,0,0,0,0,0,0,0,0,0,0,0,0,0,0,0,0,0,0,0,0,0,0,0,0,0,0,0,0,0,0,0,0,0,0,0,0,76,2026-02-06 10:21:03.840505
SMMR,24.24,24.23,24.24,,,,,1943100.0,4500.0,1661000.0,5015.0,740.0,,0,0,0,0,0,0,0,0,0,0,0,0,0,0,0,0,0,0,0,0,0,0,0,0,0,0,0,0,0,0,0,0,0,0,0,0,0,0,0,0,0,0,76,2026-02-06 10:21:03.840505
ATMN,24.39,24.38,24.39,,,2000.0,5000.0,2197600.0,466.0,1545700.0,5319.0,,,0,0,0,0,0,0,0,0,0,0,0,0,0,0,0,0,0,0,0,0,0,0,0,0,0,0,0,0,0,0,0,0,0,0,0,0,0,0,0,0,0,0,76,2026-02-06 10:21:03.840505
WNTR,23.86,23.84,23.86,,,,,1616700.0,95.0,1302600.0,721.0,770.0,4000.0,0,0,0,0,0,0,0,0,0,0,0,0,0,0,0,0,0,0,0,0,0,0,0,0,0,0,0,0,0,0,0,0,0,0,0,0,0,0,0,0,0,0,76,2026-02-06 10:21:03.840505
SPNG,23.92,24.0,24.27,1295400.0,679.0,6614.0,230.0,2000.0,1742300.0,,,,,0,0,0,0,0,0,0,0,0,0,0,0,0,0,0,0,0,0,0,0,0,0,0,0,0,0,0,0,0,0,0,0,0,0,0,0,0,0,0,0,0,0,77,2026-02-06 10:21:04.910448
SMMR,24.22,24.2,24.21,1956400.0,,3376.0,,,1608100.0,2000.0,740.0,5021.0,,0,0,0,0,0,0,0,0,0,0,0,0,0,0,0,0,0,0,0,0,0,0,0,0,0,0,0,0,0,0,0,0,0,0,0,0,0,0,0,0,0,0,77,2026-02-06 10:21:04.910448
ATMN,24.38,24.33,24.36,2136600.0,710.0,,5000.0,2000.0,1306700.0,2000.0,710.0,5319.0,466.0,0,0,0,0,0,0,0,0,0,0,0,0,0,0,0,0,0,0,0,0,0,0,0,0,0,0,0,0,0,0,0,0,0,0,0,0,0,0,0,0,0,0,77,2026-02-06 10:21:04.910448
WNTR,23.95,23.87,23.92,1893200.0,770.0,4500.0,5000.0,,1075700.0,4000.0,770.0,5721.0,7716.0,0,0,0,0,0,0,0,0,0,0,0,0,0,0,0,0,0,0,0,0,0,0,0,0,0,0,0,0,0,0,0,0,0,0,0,0,0,0,0,0,0,0,77,2026-02-06 10:21:04.910448
SPNG,24.24,24.04,24.24,679.0,5916.0,4210.0,2000.0,1398100.0,5000.0,1975300.0,,,,0,0,0,0,0,0,0,0,0,0,0,0,0,0,0,0,0,0,0,0,0,0,0,0,0,0,0,0,0,0,0,0,0,0,0,0,0,0,0,0,0,0,78,2026-02-06 10:21:06.113334
SMMR,24.22,24.23,24.24,740.0,,3376.0,,1924900.0,5021.0,1672400.0,740.0,,,0,0,0,0,0,0,0,0,0,0,0,0,0,0,0,0,0,0,0,0,0,0,0,0,0,0,0,0,0,0,0,0,0,0,0,0,0,0,0,0,0,0,78,2026-02-06 10:21:06.113334
ATMN,24.29,24.29,24.36,,,,,2422900.0,5319.0,1306700.0,710.0,2000.0,466.0,0,0,0,0,0,0,0,0,0,0,0,0,0,0,0,0,0,0,0,0,0,0,0,0,0,0,0,0,0,0,0,0,0,0,0,0,0,0,0,0,0,0,78,2026-02-06 10:21:06.113334
WNTR,23.84,23.85,23.91,,,4500.0,,1901500.0,721.0,1648800.0,770.0,2000.0,4500.0,0,0,0,0,0,0,0,0,0,0,0,0,0,0,0,0,0,0,0,0,0,0,0,0,0,0,0,0,0,0,0,0,0,0,0,0,0,0,0,0,0,0,78,2026-02-06 10:21:06.113334
SPNG,24.2,24.06,24.2,8178.0,6816.0,679.0,2000.0,1163900.0,4500.0,1969400.0,5000.0,,,0,0,0,0,0,0,0,0,0,0,0,0,0,0,0,0,0,0,0,0,0,0,0,0,0,0,0,0,0,0,0,0,0,0,0,0,0,0,0,0,0,0,79,2026-02-06 10:21:07.181574
SMMR,24.26,24.23,24.26,,3376.0,740.0,,1924900.0,,1682100.0,5021.0,740.0,,0,0,0,0,0,0,0,0,0,0,0,0,0,0,0,0,0,0,0,0,0,0,0,0,0,0,0,0,0,0,0,0,0,0,0,0,0,0,0,0,0,0,79,2026-02-06 10:21:07.181574
ATMN,24.37,24.36,24.37,5000.0,,,,2325500.0,466.0,1539300.0,1922.0,,2000.0,0,0,0,0,0,0,0,0,0,0,0,0,0,0,0,0,0,0,0,0,0,0,0,0,0,0,0,0,0,0,0,0,0,0,0,0,0,0,0,0,0,0,79,2026-02-06 10:21:07.181574
WNTR,23.97,23.86,23.93,5000.0,4500.0,770.0,,2034600.0,1092.0,1959500.0,5000.0,,,0,0,0,0,0,0,0,0,0,0,0,0,0,0,0,0,0,0,0,0,0,0,0,0,0,0,0,0,0,0,0,0,0,0,0,0,0,0,0,0,0,0,79,2026-02-06 10:21:07.181574
SPNG,24.21,24.08,24.21,6092.0,5000.0,679.0,2000.0,1750900.0,2147700.0,,,,,0,0,0,0,0,0,0,0,0,0,0,0,0,0,0,0,0,0,0,0,0,0,0,0,0,0,0,0,0,0,0,0,0,0,0,0,0,0,0,0,0,0,80,2026-02-06 10:21:07.737871
SMMR,24.26,24.23,24.26,,,740.0,,2073300.0,1682100.0,740.0,5021.0,,,0,0,0,0,0,0,0,0,0,0,0,0,0,0,0,0,0,0,0,0,0,0,0,0,0,0,0,0,0,0,0,0,0,0,0,0,0,0,0,0,0,0,80,2026-02-06 10:21:07.737871
ATMN,24.37,24.36,24.37,,5000.0,710.0,,2107200.0,1412400.0,710.0,1922.0,2000.0,466.0,0,0,0,0,0,0,0,0,0,0,0,0,0,0,0,0,0,0,0,0,0,0,0,0,0,0,0,0,0,0,0,0,0,0,0,0,0,0,0,0,0,0,80,2026-02-06 10:21:07.737871
WNTR,23.82,23.76,23.81,,,,,1934700.0,1857900.0,,1904.0,,4500.0,0,0,0,0,0,0,0,0,0,0,0,0,0,0,0,0,0,0,0,0,0,0,0,0,0,0,0,0,0,0,0,0,0,0,0,0,0,0,0,0,0,0,80,2026-02-06 10:21:07.737871
SPNG,24.12,24.1,24.12,2000.0,6866.0,908.0,1726600.0,1942800.0,4500.0,2000.0,,,,0,0,0,0,0,0,0,0,0,0,0,0,0,0,0,0,0,0,0,0,0,0,0,0,0,0,0,0,0,0,0,0,0,0,0,0,0,0,0,0,0,0,81,2026-02-06 10:21:08.792568
SMMR,24.11,24.12,24.13,2000.0,,5000.0,2076300.0,1741000.0,,,8521.0,740.0,,0,0,0,0,0,0,0,0,0,0,0,0,0,0,0,0,0,0,0,0,0,0,0,0,0,0,0,0,0,0,0,0,0,0,0,0,0,0,0,0,0,0,81,2026-02-06 10:21:08.792568
ATMN,24.58,24.36,24.58,,,5000.0,2063300.0,2201800.0,,,,,710.0,0,0,0,0,0,0,0,0,0,0,0,0,0,0,0,0,0,0,0,0,0,0,0,0,0,0,0,0,0,0,0,0,0,0,0,0,0,0,0,0,0,0,81,2026-02-06 10:21:08.792568
WNTR,23.82,23.77,23.81,2000.0,,,2211400.0,1744200.0,4500.0,,1904.0,770.0,770.0,0,0,0,0,0,0,0,0,0,0,0,0,0,0,0,0,0,0,0,0,0,0,0,0,0,0,0,0,0,0,0,0,0,0,0,0,0,0,0,0,0,0,81,2026-02-06 10:21:08.792568
SPNG,24.12,24.06,24.12,3924.0,908.0,1948200.0,1942800.0,4500.0,2000.0,,,,,0,0,0,0,0,0,0,0,0,0,0,0,0,0,0,0,0,0,0,0,0,0,0,0,0,0,0,0,0,0,0,0,0,0,0,0,0,0,0,0,0,0,82,2026-02-06 10:21:09.830969
SMMR,24.1,24.1,24.12,,,1960200.0,1625500.0,,2000.0,740.0,8521.0,,,0,0,0,0,0,0,0,0,0,0,0,0,0,0,0,0,0,0,0,0,0,0,0,0,0,0,0,0,0,0,0,0,0,0,0,0,0,0,0,0,0,0,82,2026-02-06 10:21:09.830969
ATMN,24.31,24.37,24.53,,,2267800.0,1178100.0,7790.0,2000.0,710.0,5578.0,710.0,,0,0,0,0,0,0,0,0,0,0,0,0,0,0,0,0,0,0,0,0,0,0,0,0,0,0,0,0,0,0,0,0,0,0,0,0,0,0,0,0,0,0,82,2026-02-06 10:21:09.830969
WNTR,23.97,23.87,23.93,4500.0,5000.0,1928900.0,2081900.0,4500.0,2000.0,,,770.0,4000.0,0,0,0,0,0,0,0,0,0,0,0,0,0,0,0,0,0,0,0,0,0,0,0,0,0,0,0,0,0,0,0,0,0,0,0,0,0,0,0,0,0,0,82,2026-02-06 10:21:09.830969
SPNG,23.88,23.86,23.88,2169800.0,2000.0,1972800.0,5000.0,587.0,,,,,0,0,0,0,0,0,0,0,0,0,0,0,0,0,0,0,0,0,0,0,0,0,0,0,0,0,0,0,0,0,0,0,0,0,0,0,0,0,0,0,0,0,0,83,2026-02-06 10:21:10.886070
SMMR,24.14,24.1,24.14,2205700.0,2000.0,1853100.0,8521.0,,,,,,0,0,0,0,0,0,0,0,0,0,0,0,0,0,0,0,0,0,0,0,0,0,0,0,0,0,0,0,0,0,0,0,0,0,0,0,0,0,0,0,0,0,0,83,2026-02-06 10:21:10.886070
ATMN,24.59,24.38,24.52,2295300.0,,1872500.0,4953.0,,5000.0,4500.0,,,0,0,0,0,0,0,0,0,0,0,0,0,0,0,0,0,0,0,0,0,0,0,0,0,0,0,0,0,0,0,0,0,0,0,0,0,0,0,0,0,0,0,0,83,2026-02-06 10:21:10.886070
WNTR,23.93,23.93,23.96,1244300.0,4000.0,2083800.0,5000.0,,5818.0,4500.0,770.0,8193.0,0,0,0,0,0,0,0,0,0,0,0,0,0,0,0,0,0,0,0,0,0,0,0,0,0,0,0,0,0,0,0,0,0,0,0,0,0,0,0,0,0,0,0,83,2026-02-06 10:21:10.886070
SPNG,24.43,24.3,24.34,1873200.0,679.0,4500.0,5000.0,2000.0,4500.0,1710.0,679.0,1735200.0,,0,0,0,0,0,0,0,0,0,0,0,0,0,0,0,0,0,0,0,0,0,0,0,0,0,0,0,0,0,0,0,0,0,0,0,0,0,0,0,0,0,0,84,2026-02-06 10:21:11.965421
SMMR,24.08,24.1,24.14,2076000.0,740.0,,,2000.0,,8521.0,740.0,1727500.0,,0,0,0,0,0,0,0,0,0,0,0,0,0,0,0,0,0,0,0,0,0,0,0,0,0,0,0,0,0,0,0,0,0,0,0,0,0,0,0,0,0,0,84,2026-02-06 10:21:11.965421
ATMN,24.59,24.42,24.49,2161300.0,710.0,,,2000.0,3794.0,463.0,609.0,1412300.0,2000.0,0,0,0,0,0,0,0,0,0,0,0,0,0,0,0,0,0,0,0,0,0,0,0,0,0,0,0,0,0,0,0,0,0,0,0,0,0,0,0,0,0,0,84,2026-02-06 10:21:11.965421
WNTR,23.93,23.93,23.96,1130200.0,770.0,8193.0,5818.0,6000.0,4500.0,5000.0,,2103800.0,,0,0,0,0,0,0,0,0,0,0,0,0,0,0,0,0,0,0,0,0,0,0,0,0,0,0,0,0,0,0,0,0,0,0,0,0,0,0,0,0,0,0,84,2026-02-06 10:21:11.965421
SPNG,24.18,23.99,24.18,2180600.0,2000.0,1950000.0,5000.0,587.0,,,,,,0,0,0,0,0,0,0,0,0,0,0,0,0,0,0,0,0,0,0,0,0,0,0,0,0,0,0,0,0,0,0,0,0,0,0,0,0,0,0,0,0,0,85,2026-02-06 10:21:13.089345
SMMR,24.07,24.07,24.2,2190100.0,2000.0,1508200.0,7021.0,630.0,2558.0,,,,,0,0,0,0,0,0,0,0,0,0,0,0,0,0,0,0,0,0,0,0,0,0,0,0,0,0,0,0,0,0,0,0,0,0,0,0,0,0,0,0,0,0,85,2026-02-06 10:21:13.089345
ATMN,24.48,24.48,24.49,2249300.0,,1516100.0,463.0,,3794.0,710.0,2000.0,,,0,0,0,0,0,0,0,0,0,0,0,0,0,0,0,0,0,0,0,0,0,0,0,0,0,0,0,0,0,0,0,0,0,0,0,0,0,0,0,0,0,0,85,2026-02-06 10:21:13.089345
WNTR,23.97,23.93,23.97,1271000.0,4000.0,2308300.0,,,,770.0,,5818.0,8193.0,0,0,0,0,0,0,0,0,0,0,0,0,0,0,0,0,0,0,0,0,0,0,0,0,0,0,0,0,0,0,0,0,0,0,0,0,0,0,0,0,0,0,85,2026-02-06 10:21:13.089345
SPNG,24.18,24.31,24.42,4500.0,1880000.0,679.0,4000.0,4500.0,1738300.0,2801.0,,,,0,0,0,0,0,0,0,0,0,0,0,0,0,0,0,0,0,0,0,0,0,0,0,0,0,0,0,0,0,0,0,0,0,0,0,0,0,0,0,0,0,0,86,2026-02-06 10:21:14.177943
SMMR,24.25,24.23,24.25,,1920900.0,740.0,2000.0,,2118800.0,,5000.0,2000.0,,0,0,0,0,0,0,0,0,0,0,0,0,0,0,0,0,0,0,0,0,0,0,0,0,0,0,0,0,0,0,0,0,0,0,0,0,0,0,0,0,0,0,86,2026-02-06 10:21:14.177943
ATMN,24.29,24.29,24.49,,2262600.0,,2000.0,3794.0,1431800.0,463.0,,2000.0,609.0,0,0,0,0,0,0,0,0,0,0,0,0,0,0,0,0,0,0,0,0,0,0,0,0,0,0,0,0,0,0,0,0,0,0,0,0,0,0,0,0,0,0,86,2026-02-06 10:21:14.177943
WNTR,23.96,23.86,23.96,6843.0,2207000.0,,,4500.0,2082600.0,,,,651.0,0,0,0,0,0,0,0,0,0,0,0,0,0,0,0,0,0,0,0,0,0,0,0,0,0,0,0,0,0,0,0,0,0,0,0,0,0,0,0,0,0,0,86,2026-02-06 10:21:14.177943
SPNG,23.81,24.3,24.41,3858.0,1851200.0,2000.0,4500.0,2801.0,1622300.0,587.0,,,,0,0,0,0,0,0,0,0,0,0,0,0,0,0,0,0,0,0,0,0,0,0,0,0,0,0,0,0,0,0,0,0,0,0,0,0,0,0,0,0,0,0,87,2026-02-06 10:21:14.747263
SMMR,24.25,24.23,24.25,,1933300.0,2000.0,,,2026400.0,630.0,740.0,5000.0,2000.0,0,0,0,0,0,0,0,0,0,0,0,0,0,0,0,0,0,0,0,0,0,0,0,0,0,0,0,0,0,0,0,0,0,0,0,0,0,0,0,0,0,0,87,2026-02-06 10:21:14.747263
ATMN,24.29,24.29,24.46,,2135800.0,2000.0,8294.0,463.0,1173300.0,710.0,710.0,,4000.0,0,0,0,0,0,0,0,0,0,0,0,0,0,0,0,0,0,0,0,0,0,0,0,0,0,0,0,0,0,0,0,0,0,0,0,0,0,0,0,0,0,0,87,2026-02-06 10:21:14.747263
WNTR,23.86,23.86,23.96,6843.0,1795900.0,2000.0,4500.0,,1980500.0,770.0,770.0,1166.0,2000.0,0,0,0,0,0,0,0,0,0,0,0,0,0,0,0,0,0,0,0,0,0,0,0,0,0,0,0,0,0,0,0,0,0,0,0,0,0,0,0,0,0,0,87,2026-02-06 10:21:14.747263
SPNG,23.8,23.8,24.03,5000.0,2184600.0,10625.0,1243900.0,9642.0,679.0,,,,0,0,0,0,0,0,0,0,0,0,0,0,0,0,0,0,0,0,0,0,0,0,0,0,0,0,0,0,0,0,0,0,0,0,0,0,0,0,0,0,0,0,0,88,2026-02-06 10:21:15.797511
SMMR,24.26,24.22,24.26,5000.0,1949600.0,,1987700.0,,630.0,740.0,2000.0,2000.0,0,0,0,0,0,0,0,0,0,0,0,0,0,0,0,0,0,0,0,0,0,0,0,0,0,0,0,0,0,0,0,0,0,0,0,0,0,0,0,0,0,0,0,88,2026-02-06 10:21:15.797511
ATMN,24.29,24.3,24.33,,2107600.0,3963.0,1348100.0,6944.0,710.0,710.0,2000.0,4000.0,0,0,0,0,0,0,0,0,0,0,0,0,0,0,0,0,0,0,0,0,0,0,0,0,0,0,0,0,0,0,0,0,0,0,0,0,0,0,0,0,0,0,0,88,2026-02-06 10:21:15.797511
WNTR,23.8,23.86,23.95,2041.0,2143200.0,5000.0,1980500.0,,770.0,,,2000.0,0,0,0,0,0,0,0,0,0,0,0,0,0,0,0,0,0,0,0,0,0,0,0,0,0,0,0,0,0,0,0,0,0,0,0,0,0,0,0,0,0,0,0,88,2026-02-06 10:21:15.797511
SPNG,23.8,23.96,24.02,2174600.0,5000.0,679.0,10800.0,10625.0,1243900.0,,,,,0,0,0,0,0,0,0,0,0,0,0,0,0,0,0,0,0,0,0,0,0,0,0,0,0,0,0,0,0,0,0,0,0,0,0,0,0,0,0,0,0,0,89,2026-02-06 10:21:16.841886
SMMR,24.26,24.14,24.26,2066900.0,5000.0,,,,2066900.0,2000.0,2000.0,,,0,0,0,0,0,0,0,0,0,0,0,0,0,0,0,0,0,0,0,0,0,0,0,0,0,0,0,0,0,0,0,0,0,0,0,0,0,0,0,0,0,0,89,2026-02-06 10:21:16.841886
ATMN,24.22,24.22,24.23,1906700.0,5000.0,710.0,6944.0,12463.0,1332600.0,4000.0,2000.0,710.0,,0,0,0,0,0,0,0,0,0,0,0,0,0,0,0,0,0,0,0,0,0,0,0,0,0,0,0,0,0,0,0,0,0,0,0,0,0,0,0,0,0,0,89,2026-02-06 10:21:16.841886
WNTR,23.76,23.86,23.93,2076900.0,,770.0,4500.0,834.0,1856700.0,2000.0,,,3605.0,0,0,0,0,0,0,0,0,0,0,0,0,0,0,0,0,0,0,0,0,0,0,0,0,0,0,0,0,0,0,0,0,0,0,0,0,0,0,0,0,0,0,89,2026-02-06 10:21:16.841886
SPNG,24.54,23.96,24.54,1945700.0,679.0,2000.0,5000.0,1845400.0,3150.0,,,,,0,0,0,0,0,0,0,0,0,0,0,0,0,0,0,0,0,0,0,0,0,0,0,0,0,0,0,0,0,0,0,0,0,0,0,0,0,0,0,0,0,0,90,2026-02-06 10:21:17.887905
SMMR,24.26,24.16,24.17,1844300.0,630.0,4000.0,5000.0,1448600.0,5267.0,740.0,4000.0,,,0,0,0,0,0,0,0,0,0,0,0,0,0,0,0,0,0,0,0,0,0,0,0,0,0,0,0,0,0,0,0,0,0,0,0,0,0,0,0,0,0,0,90,2026-02-06 10:21:17.887905
ATMN,24.49,24.26,24.49,1895800.0,609.0,4000.0,5000.0,2386000.0,,,,,,0,0,0,0,0,0,0,0,0,0,0,0,0,0,0,0,0,0,0,0,0,0,0,0,0,0,0,0,0,0,0,0,0,0,0,0,0,0,0,0,0,0,90,2026-02-06 10:21:17.887905
WNTR,23.98,23.88,23.92,1382900.0,,2000.0,6050.0,1946300.0,4500.0,770.0,,6705.0,5000.0,0,0,0,0,0,0,0,0,0,0,0,0,0,0,0,0,0,0,0,0,0,0,0,0,0,0,0,0,0,0,0,0,0,0,0,0,0,0,0,0,0,0,90,2026-02-06 10:21:17.887905
SPNG,24.64,24.07,24.64,4000.0,4500.0,679.0,6800.0,1517700.0,2125900.0,,,,0,0,0,0,0,0,0,0,0,0,0,0,0,0,0,0,0,0,0,0,0,0,0,0,0,0,0,0,0,0,0,0,0,0,0,0,0,0,0,0,0,0,0,91,2026-02-06 10:21:18.946852
SMMR,24.27,24.21,24.27,4000.0,,740.0,5000.0,1831700.0,1735000.0,767.0,2000.0,,0,0,0,0,0,0,0,0,0,0,0,0,0,0,0,0,0,0,0,0,0,0,0,0,0,0,0,0,0,0,0,0,0,0,0,0,0,0,0,0,0,0,0,91,2026-02-06 10:21:18.946852
ATMN,24.31,24.28,24.31,6000.0,1068.0,710.0,6260.0,1058700.0,2151800.0,,2000.0,710.0,0,0,0,0,0,0,0,0,0,0,0,0,0,0,0,0,0,0,0,0,0,0,0,0,0,0,0,0,0,0,0,0,0,0,0,0,0,0,0,0,0,0,0,91,2026-02-06 10:21:18.946852
WNTR,23.87,23.87,23.96,4000.0,3060.0,,4550.0,1629700.0,2072900.0,,2000.0,651.0,0,0,0,0,0,0,0,0,0,0,0,0,0,0,0,0,0,0,0,0,0,0,0,0,0,0,0,0,0,0,0,0,0,0,0,0,0,0,0,0,0,0,0,91,2026-02-06 10:21:18.946852
SPNG,23.96,24.02,24.38,679.0,2070900.0,2000.0,2130900.0,,,,,,0,0,0,0,0,0,0,0,0,0,0,0,0,0,0,0,0,0,0,0,0,0,0,0,0,0,0,0,0,0,0,0,0,0,0,0,0,0,0,0,0,0,0,92,2026-02-06 10:21:20.067799
SMMR,24.43,24.23,24.43,740.0,1137700.0,4000.0,2194600.0,12854.0,2919.0,,,,0,0,0,0,0,0,0,0,0,0,0,0,0,0,0,0,0,0,0,0,0,0,0,0,0,0,0,0,0,0,0,0,0,0,0,0,0,0,0,0,0,0,0,92,2026-02-06 10:21:20.067799
ATMN,24.21,24.21,24.31,710.0,2126500.0,2000.0,2151800.0,,,710.0,2000.0,,0,0,0,0,0,0,0,0,0,0,0,0,0,0,0,0,0,0,0,0,0,0,0,0,0,0,0,0,0,0,0,0,0,0,0,0,0,0,0,0,0,0,0,92,2026-02-06 10:21:20.067799
WNTR,23.96,23.86,23.95,,2067000.0,2000.0,2072900.0,600.0,4500.0,770.0,,4500.0,0,0,0,0,0,0,0,0,0,0,0,0,0,0,0,0,0,0,0,0,0,0,0,0,0,0,0,0,0,0,0,0,0,0,0,0,0,0,0,0,0,0,0,92,2026-02-06 10:21:20.067799
SPNG,23.96,23.96,24.65,2189200.0,2000.0,2092700.0,,,,,,0,0,0,0,0,0,0,0,0,0,0,0,0,0,0,0,0,0,0,0,0,0,0,0,0,0,0,0,0,0,0,0,0,0,0,0,0,0,0,0,0,0,0,0,93,2026-02-06 10:21:21.146659
SMMR,24.43,24.25,24.28,1119200.0,4000.0,2100000.0,7419.0,740.0,7854.0,4500.0,,0,0,0,0,0,0,0,0,0,0,0,0,0,0,0,0,0,0,0,0,0,0,0,0,0,0,0,0,0,0,0,0,0,0,0,0,0,0,0,0,0,0,0,0,93,2026-02-06 10:21:21.146659
ATMN,24.52,24.23,24.31,1574700.0,2000.0,2139600.0,4819.0,710.0,5000.0,4500.0,2000.0,0,0,0,0,0,0,0,0,0,0,0,0,0,0,0,0,0,0,0,0,0,0,0,0,0,0,0,0,0,0,0,0,0,0,0,0,0,0,0,0,0,0,0,0,93,2026-02-06 10:21:21.146659
WNTR,23.86,23.86,23.87,2042400.0,4000.0,1973700.0,,,600.0,2668.0,,0,0,0,0,0,0,0,0,0,0,0,0,0,0,0,0,0,0,0,0,0,0,0,0,0,0,0,0,0,0,0,0,0,0,0,0,0,0,0,0,0,0,0,0,93,2026-02-06 10:21:21.146659
SPNG,24.04,23.96,24.04,1630500.0,4112.0,199.0,2076900.0,610.0,,,,,,0,0,0,0,0,0,0,0,0,0,0,0,0,0,0,0,0,0,0,0,0,0,0,0,0,0,0,0,0,0,0,0,0,0,0,0,0,0,0,0,0,0,94,2026-02-06 10:21:22.215680
SMMR,24.28,24.27,24.28,1115600.0,7854.0,7419.0,2024800.0,630.0,740.0,4000.0,4500.0,,,0,0,0,0,0,0,0,0,0,0,0,0,0,0,0,0,0,0,0,0,0,0,0,0,0,0,0,0,0,0,0,0,0,0,0,0,0,0,0,0,0,0,94,2026-02-06 10:21:22.215680
ATMN,24.31,24.47,24.52,1316200.0,5378.0,4819.0,2132400.0,710.0,710.0,,,2000.0,,0,0,0,0,0,0,0,0,0,0,0,0,0,0,0,0,0,0,0,0,0,0,0,0,0,0,0,0,0,0,0,0,0,0,0,0,0,0,0,0,0,0,94,2026-02-06 10:21:22.215680
WNTR,23.75,23.83,23.88,2320800.0,5000.0,4500.0,1973700.0,770.0,,,4500.0,,5000.0,0,0,0,0,0,0,0,0,0,0,0,0,0,0,0,0,0,0,0,0,0,0,0,0,0,0,0,0,0,0,0,0,0,0,0,0,0,0,0,0,0,0,94,2026-02-06 10:21:22.215680
SPNG,24.04,23.97,24.03,5000.0,4500.0,2085700.0,7267.0,1551800.0,679.0,2000.0,,,,0,0,0,0,0,0,0,0,0,0,0,0,0,0,0,0,0,0,0,0,0,0,0,0,0,0,0,0,0,0,0,0,0,0,0,0,0,0,0,0,0,0,95,2026-02-06 10:21:22.780704
SMMR,24.25,24.25,24.28,7854.0,7419.0,1158400.0,,2024800.0,,2000.0,740.0,4000.0,4500.0,0,0,0,0,0,0,0,0,0,0,0,0,0,0,0,0,0,0,0,0,0,0,0,0,0,0,0,0,0,0,0,0,0,0,0,0,0,0,0,0,0,0,95,2026-02-06 10:21:22.780704
ATMN,24.47,24.47,24.52,5378.0,4819.0,1316200.0,,2134700.0,710.0,2000.0,710.0,,,0,0,0,0,0,0,0,0,0,0,0,0,0,0,0,0,0,0,0,0,0,0,0,0,0,0,0,0,0,0,0,0,0,0,0,0,0,0,0,0,0,0,95,2026-02-06 10:21:22.780704
WNTR,23.75,23.65,23.69,,,2360900.0,2870.0,1479700.0,770.0,,,,5018.0,0,0,0,0,0,0,0,0,0,0,0,0,0,0,0,0,0,0,0,0,0,0,0,0,0,0,0,0,0,0,0,0,0,0,0,0,0,0,0,0,0,0,95,2026-02-06 10:21:22.780704
SPNG,24.08,24.29,24.34,2169200.0,5000.0,2000.0,2037100.0,,,,,,0,0,0,0,0,0,0,0,0,0,0,0,0,0,0,0,0,0,0,0,0,0,0,0,0,0,0,0,0,0,0,0,0,0,0,0,0,0,0,0,0,0,0,96,2026-02-06 10:21:23.840884
SMMR,24.28,24.31,24.33,1162600.0,7854.0,,2128600.0,740.0,4000.0,7419.0,4500.0,,0,0,0,0,0,0,0,0,0,0,0,0,0,0,0,0,0,0,0,0,0,0,0,0,0,0,0,0,0,0,0,0,0,0,0,0,0,0,0,0,0,0,0,96,2026-02-06 10:21:23.840884
ATMN,24.47,24.48,24.51,1207700.0,5378.0,2000.0,2117600.0,710.0,2000.0,4819.0,,710.0,0,0,0,0,0,0,0,0,0,0,0,0,0,0,0,0,0,0,0,0,0,0,0,0,0,0,0,0,0,0,0,0,0,0,0,0,0,0,0,0,0,0,0,96,2026-02-06 10:21:23.840884
WNTR,23.99,23.86,23.99,2312200.0,,,2285000.0,770.0,2000.0,,,,0,0,0,0,0,0,0,0,0,0,0,0,0,0,0,0,0,0,0,0,0,0,0,0,0,0,0,0,0,0,0,0,0,0,0,0,0,0,0,0,0,0,0,96,2026-02-06 10:21:23.840884
SPNG,24.24,23.94,24.14,2323600.0,1963000.0,388.0,,,,,,,0,0,0,0,0,0,0,0,0,0,0,0,0,0,0,0,0,0,0,0,0,0,0,0,0,0,0,0,0,0,0,0,0,0,0,0,0,0,0,0,0,0,0,97,2026-02-06 10:21:24.899278
SMMR,24.29,24.28,24.29,1288300.0,2003900.0,,4000.0,7419.0,7854.0,4500.0,2000.0,,0,0,0,0,0,0,0,0,0,0,0,0,0,0,0,0,0,0,0,0,0,0,0,0,0,0,0,0,0,0,0,0,0,0,0,0,0,0,0,0,0,0,0,97,2026-02-06 10:21:24.899278
ATMN,24.52,24.37,24.52,1322000.0,2362100.0,,2000.0,7066.0,378.0,,,710.0,0,0,0,0,0,0,0,0,0,0,0,0,0,0,0,0,0,0,0,0,0,0,0,0,0,0,0,0,0,0,0,0,0,0,0,0,0,0,0,0,0,0,0,97,2026-02-06 10:21:24.899278
WNTR,23.99,23.89,23.93,2154100.0,2183800.0,5000.0,2000.0,,5000.0,,,770.0,0,0,0,0,0,0,0,0,0,0,0,0,0,0,0,0,0,0,0,0,0,0,0,0,0,0,0,0,0,0,0,0,0,0,0,0,0,0,0,0,0,0,0,97,2026-02-06 10:21:24.899278
SPNG,24.24,23.97,24.14,679.0,668.0,1711600.0,2000.0,1850500.0,679.0,340.0,,,,0,0,0,0,0,0,0,0,0,0,0,0,0,0,0,0,0,0,0,0,0,0,0,0,0,0,0,0,0,0,0,0,0,0,0,0,0,0,0,0,0,0,98,2026-02-06 10:21:25.979564
SMMR,24.29,24.31,24.34,630.0,7419.0,1200200.0,4000.0,2162400.0,,,7854.0,2000.0,,0,0,0,0,0,0,0,0,0,0,0,0,0,0,0,0,0,0,0,0,0,0,0,0,0,0,0,0,0,0,0,0,0,0,0,0,0,0,0,0,0,0,98,2026-02-06 10:21:25.979564
ATMN,24.55,24.24,24.55,,7066.0,1922900.0,,2356200.0,,,,,,0,0,0,0,0,0,0,0,0,0,0,0,0,0,0,0,0,0,0,0,0,0,0,0,0,0,0,0,0,0,0,0,0,0,0,0,0,0,0,0,0,0,98,2026-02-06 10:21:25.979564
WNTR,23.68,23.65,23.68,,,2619300.0,,1266000.0,651.0,430.0,,2000.0,4952.0,0,0,0,0,0,0,0,0,0,0,0,0,0,0,0,0,0,0,0,0,0,0,0,0,0,0,0,0,0,0,0,0,0,0,0,0,0,0,0,0,0,0,98,2026-02-06 10:21:25.979564
SPNG,24.14,23.98,24.13,5000.0,679.0,668.0,1593300.0,2000.0,679.0,1652200.0,476.0,2000.0,0,0,0,0,0,0,0,0,0,0,0,0,0,0,0,0,0,0,0,0,0,0,0,0,0,0,0,0,0,0,0,0,0,0,0,0,0,0,0,0,0,0,0,99,2026-02-06 10:21:27.098973
SMMR,24.23,24.31,24.34,7854.0,740.0,,1891500.0,,740.0,1940100.0,,4000.0,0,0,0,0,0,0,0,0,0,0,0,0,0,0,0,0,0,0,0,0,0,0,0,0,0,0,0,0,0,0,0,0,0,0,0,0,0,0,0,0,0,0,0,99,2026-02-06 10:21:27.098973
ATMN,24.55,24.53,24.55,8615.0,710.0,10216.0,1361000.0,,609.0,2253000.0,,,0,0,0,0,0,0,0,0,0,0,0,0,0,0,0,0,0,0,0,0,0,0,0,0,0,0,0,0,0,0,0,0,0,0,0,0,0,0,0,0,0,0,0,99,2026-02-06 10:21:27.098973
WNTR,23.99,23.78,23.99,,770.0,,2444400.0,,,1981400.0,430.0,,0,0,0,0,0,0,0,0,0,0,0,0,0,0,0,0,0,0,0,0,0,0,0,0,0,0,0,0,0,0,0,0,0,0,0,0,0,0,0,0,0,0,0,99,2026-02-06 10:21:27.098973
SPNG,24.35,24.48,24.64,4000.0,5168.0,1455300.0,679.0,4500.0,1727900.0,587.0,102.0,,,0,0,0,0,0,0,0,0,0,0,0,0,0,0,0,0,0,0,0,0,0,0,0,0,0,0,0,0,0,0,0,0,0,0,0,0,0,0,0,0,0,0,100,2026-02-06 10:21:28.157313
SMMR,24.21,24.21,24.34,,,2113300.0,,,1940100.0,740.0,,4488.0,4000.0,0,0,0,0,0,0,0,0,0,0,0,0,0,0,0,0,0,0,0,0,0,0,0,0,0,0,0,0,0,0,0,0,0,0,0,0,0,0,0,0,0,0,100,2026-02-06 10:21:28.157313
ATMN,24.44,24.45,24.52,2000.0,9074.0,1194500.0,710.0,4500.0,2179400.0,710.0,,8615.0,,0,0,0,0,0,0,0,0,0,0,0,0,0,0,0,0,0,0,0,0,0,0,0,0,0,0,0,0,0,0,0,0,0,0,0,0,0,0,0,0,0,0,100,2026-02-06 10:21:28.157313
WNTR,23.65,23.72,23.89,2000.0,4500.0,2168300.0,770.0,4500.0,1631800.0,770.0,430.0,,2000.0,0,0,0,0,0,0,0,0,0,0,0,0,0,0,0,0,0,0,0,0,0,0,0,0,0,0,0,0,0,0,0,0,0,0,0,0,0,0,0,0,0,0,100,2026-02-06 10:21:28.157313
SPNG,24.42,23.95,24.12,5000.0,5168.0,1571100.0,2000.0,5082.0,4500.0,1515800.0,587.0,2000.0,,0,0,0,0,0,0,0,0,0,0,0,0,0,0,0,0,0,0,0,0,0,0,0,0,0,0,0,0,0,0,0,0,0,0,0,0,0,0,0,0,0,0,101,2026-02-06 10:21:29.207421
SMMR,24.22,24.21,24.22,5498.0,,1767600.0,2000.0,,,1840100.0,740.0,6000.0,630.0,0,0,0,0,0,0,0,0,0,0,0,0,0,0,0,0,0,0,0,0,0,0,0,0,0,0,0,0,0,0,0,0,0,0,0,0,0,0,0,0,0,0,101,2026-02-06 10:21:29.207421
ATMN,24.59,24.46,24.59,3615.0,9074.0,1203000.0,4000.0,,,2343700.0,,,710.0,0,0,0,0,0,0,0,0,0,0,0,0,0,0,0,0,0,0,0,0,0,0,0,0,0,0,0,0,0,0,0,0,0,0,0,0,0,0,0,0,0,0,101,2026-02-06 10:21:29.207421
WNTR,23.66,23.65,23.66,,,2301600.0,4000.0,3930.0,136.0,1392400.0,770.0,2000.0,,0,0,0,0,0,0,0,0,0,0,0,0,0,0,0,0,0,0,0,0,0,0,0,0,0,0,0,0,0,0,0,0,0,0,0,0,0,0,0,0,0,0,101,2026-02-06 10:21:29.207421
SPNG,24.42,23.97,24.06,5000.0,679.0,1831400.0,4000.0,4000.0,5000.0,679.0,1407200.0,2482.0,,0,0,0,0,0,0,0,0,0,0,0,0,0,0,0,0,0,0,0,0,0,0,0,0,0,0,0,0,0,0,0,0,0,0,0,0,0,0,0,0,0,0,102,2026-02-06 10:21:30.256078
SMMR,24.16,24.16,24.22,,,2199200.0,2000.0,6000.0,,,1967600.0,,,0,0,0,0,0,0,0,0,0,0,0,0,0,0,0,0,0,0,0,0,0,0,0,0,0,0,0,0,0,0,0,0,0,0,0,0,0,0,0,0,0,0,102,2026-02-06 10:21:30.256078
ATMN,24.42,24.47,24.58,,,2186600.0,2000.0,,,,2230800.0,4500.0,4500.0,0,0,0,0,0,0,0,0,0,0,0,0,0,0,0,0,0,0,0,0,0,0,0,0,0,0,0,0,0,0,0,0,0,0,0,0,0,0,0,0,0,0,102,2026-02-06 10:21:30.256078
WNTR,23.7,23.85,23.89,,,2305300.0,4000.0,2000.0,,,2191700.0,,,0,0,0,0,0,0,0,0,0,0,0,0,0,0,0,0,0,0,0,0,0,0,0,0,0,0,0,0,0,0,0,0,0,0,0,0,0,0,0,0,0,0,102,2026-02-06 10:21:30.256078
SPNG,24.6,23.99,24.05,679.0,4500.0,1825700.0,4000.0,6982.0,3643.0,1317400.0,2000.0,,,0,0,0,0,0,0,0,0,0,0,0,0,0,0,0,0,0,0,0,0,0,0,0,0,0,0,0,0,0,0,0,0,0,0,0,0,0,0,0,0,0,0,103,2026-02-06 10:21:31.301755
SMMR,24.4,24.4,24.41,740.0,875.0,1519900.0,4000.0,,,2260700.0,,5000.0,,0,0,0,0,0,0,0,0,0,0,0,0,0,0,0,0,0,0,0,0,0,0,0,0,0,0,0,0,0,0,0,0,0,0,0,0,0,0,0,0,0,0,103,2026-02-06 10:21:31.301755
ATMN,24.36,24.36,24.51,710.0,,2175200.0,2000.0,8721.0,,1628300.0,2000.0,,710.0,0,0,0,0,0,0,0,0,0,0,0,0,0,0,0,0,0,0,0,0,0,0,0,0,0,0,0,0,0,0,0,0,0,0,0,0,0,0,0,0,0,0,103,2026-02-06 10:21:31.301755
WNTR,23.67,23.67,23.87,,,2298000.0,4000.0,4500.0,,1992200.0,2000.0,,770.0,0,0,0,0,0,0,0,0,0,0,0,0,0,0,0,0,0,0,0,0,0,0,0,0,0,0,0,0,0,0,0,0,0,0,0,0,0,0,0,0,0,0,103,2026-02-06 10:21:31.301755
SPNG,23.96,23.96,24.6,2174700.0,2000.0,1747500.0,2482.0,2000.0,,,,0,0,0,0,0,0,0,0,0,0,0,0,0,0,0,0,0,0,0,0,0,0,0,0,0,0,0,0,0,0,0,0,0,0,0,0,0,0,0,0,0,0,0,0,104,2026-02-06 10:21:31.847898
SMMR,24.31,24.19,24.31,1759300.0,4000.0,2287000.0,,,875.0,,,0,0,0,0,0,0,0,0,0,0,0,0,0,0,0,0,0,0,0,0,0,0,0,0,0,0,0,0,0,0,0,0,0,0,0,0,0,0,0,0,0,0,0,0,104,2026-02-06 10:21:31.847898
ATMN,24.26,24.2,24.26,2100600.0,,2101100.0,4500.0,2000.0,,1084.0,,0,0,0,0,0,0,0,0,0,0,0,0,0,0,0,0,0,0,0,0,0,0,0,0,0,0,0,0,0,0,0,0,0,0,0,0,0,0,0,0,0,0,0,0,104,2026-02-06 10:21:31.847898
WNTR,23.67,23.67,23.86,2176200.0,6000.0,1641800.0,3189.0,4000.0,,,770.0,0,0,0,0,0,0,0,0,0,0,0,0,0,0,0,0,0,0,0,0,0,0,0,0,0,0,0,0,0,0,0,0,0,0,0,0,0,0,0,0,0,0,0,0,104,2026-02-06 10:21:31.847898
SPNG,24.5,24.48,24.5,1376.0,679.0,1825700.0,2000.0,1423300.0,6982.0,5000.0,679.0,2000.0,,0,0,0,0,0,0,0,0,0,0,0,0,0,0,0,0,0,0,0,0,0,0,0,0,0,0,0,0,0,0,0,0,0,0,0,0,0,0,0,0,0,0,105,2026-02-06 10:21:32.885696
SMMR,24.22,24.19,24.22,,740.0,1632100.0,4000.0,2206500.0,,,740.0,,875.0,0,0,0,0,0,0,0,0,0,0,0,0,0,0,0,0,0,0,0,0,0,0,0,0,0,0,0,0,0,0,0,0,0,0,0,0,0,0,0,0,0,0,105,2026-02-06 10:21:32.885696
ATMN,24.5,24.49,24.5,,,2457900.0,,1272100.0,8662.0,8816.0,710.0,,,0,0,0,0,0,0,0,0,0,0,0,0,0,0,0,0,0,0,0,0,0,0,0,0,0,0,0,0,0,0,0,0,0,0,0,0,0,0,0,0,0,0,105,2026-02-06 10:21:32.885696
WNTR,23.86,23.85,23.86,,651.0,2187900.0,4000.0,1392900.0,3189.0,4680.0,770.0,2000.0,,0,0,0,0,0,0,0,0,0,0,0,0,0,0,0,0,0,0,0,0,0,0,0,0,0,0,0,0,0,0,0,0,0,0,0,0,0,0,0,0,0,0,105,2026-02-06 10:21:32.885696
SPNG,24.23,23.94,24.23,2158100.0,2000.0,1880600.0,5632.0,,,,,,,0,0,0,0,0,0,0,0,0,0,0,0,0,0,0,0,0,0,0,0,0,0,0,0,0,0,0,0,0,0,0,0,0,0,0,0,0,0,0,0,0,0,106,2026-02-06 10:21:33.924397
SMMR,24.38,24.19,24.29,1432000.0,2000.0,2182100.0,4500.0,3664.0,4025.0,740.0,,,,0,0,0,0,0,0,0,0,0,0,0,0,0,0,0,0,0,0,0,0,0,0,0,0,0,0,0,0,0,0,0,0,0,0,0,0,0,0,0,0,0,0,106,2026-02-06 10:21:33.924397
ATMN,24.5,24.52,24.56,2498700.0,,1292000.0,8662.0,,,,710.0,8816.0,,0,0,0,0,0,0,0,0,0,0,0,0,0,0,0,0,0,0,0,0,0,0,0,0,0,0,0,0,0,0,0,0,0,0,0,0,0,0,0,0,0,0,106,2026-02-06 10:21:33.924397
WNTR,23.85,23.85,23.86,2294700.0,4000.0,1502500.0,3189.0,,,,,4680.0,2000.0,0,0,0,0,0,0,0,0,0,0,0,0,0,0,0,0,0,0,0,0,0,0,0,0,0,0,0,0,0,0,0,0,0,0,0,0,0,0,0,0,0,0,106,2026-02-06 10:21:33.924397
SPNG,24.29,23.96,24.13,4500.0,679.0,1916600.0,2000.0,2054600.0,587.0,,,,,0,0,0,0,0,0,0,0,0,0,0,0,0,0,0,0,0,0,0,0,0,0,0,0,0,0,0,0,0,0,0,0,0,0,0,0,0,0,0,0,0,0,107,2026-02-06 10:21:34.983098
SMMR,24.15,24.16,24.28,1150.0,,2002600.0,2000.0,1987000.0,630.0,5000.0,2000.0,4500.0,,0,0,0,0,0,0,0,0,0,0,0,0,0,0,0,0,0,0,0,0,0,0,0,0,0,0,0,0,0,0,0,0,0,0,0,0,0,0,0,0,0,0,107,2026-02-06 10:21:34.983098
ATMN,24.65,24.53,24.65,,609.0,2286800.0,2000.0,2250800.0,,,2000.0,,,0,0,0,0,0,0,0,0,0,0,0,0,0,0,0,0,0,0,0,0,0,0,0,0,0,0,0,0,0,0,0,0,0,0,0,0,0,0,0,0,0,0,107,2026-02-06 10:21:34.983098
WNTR,23.85,23.75,23.83,4500.0,770.0,2171400.0,2000.0,1264700.0,770.0,,2000.0,4539.0,4680.0,0,0,0,0,0,0,0,0,0,0,0,0,0,0,0,0,0,0,0,0,0,0,0,0,0,0,0,0,0,0,0,0,0,0,0,0,0,0,0,0,0,0,107,2026-02-06 10:21:34.983098
SPNG,24.49,24.29,24.49,2000.0,679.0,10950.0,1567600.0,5000.0,2000.0,1848000.0,599.0,,,0,0,0,0,0,0,0,0,0,0,0,0,0,0,0,0,0,0,0,0,0,0,0,0,0,0,0,0,0,0,0,0,0,0,0,0,0,0,0,0,0,0,108,2026-02-06 10:21:36.042196
SMMR,24.16,24.13,24.15,,,,2087500.0,950.0,2000.0,1992200.0,740.0,1150.0,,0,0,0,0,0,0,0,0,0,0,0,0,0,0,0,0,0,0,0,0,0,0,0,0,0,0,0,0,0,0,0,0,0,0,0,0,0,0,0,0,0,0,108,2026-02-06 10:21:36.042196
ATMN,24.65,24.55,24.61,2000.0,710.0,5000.0,2004600.0,8245.0,,1282800.0,710.0,4500.0,5749.0,0,0,0,0,0,0,0,0,0,0,0,0,0,0,0,0,0,0,0,0,0,0,0,0,0,0,0,0,0,0,0,0,0,0,0,0,0,0,0,0,0,0,108,2026-02-06 10:21:36.042196
WNTR,23.72,23.72,23.8,2000.0,,,2395200.0,4680.0,4000.0,1139500.0,770.0,,4539.0,0,0,0,0,0,0,0,0,0,0,0,0,0,0,0,0,0,0,0,0,0,0,0,0,0,0,0,0,0,0,0,0,0,0,0,0,0,0,0,0,0,0,108,2026-02-06 10:21:36.042196
SPNG,23.9,24.31,24.48,3422.0,1909500.0,5000.0,2000.0,1969800.0,,,,,0,0,0,0,0,0,0,0,0,0,0,0,0,0,0,0,0,0,0,0,0,0,0,0,0,0,0,0,0,0,0,0,0,0,0,0,0,0,0,0,0,0,0,109,2026-02-06 10:21:37.215634
SMMR,24.29,24.17,24.27,4500.0,2099900.0,665.0,,1367300.0,2000.0,6240.0,630.0,,0,0,0,0,0,0,0,0,0,0,0,0,0,0,0,0,0,0,0,0,0,0,0,0,0,0,0,0,0,0,0,0,0,0,0,0,0,0,0,0,0,0,0,109,2026-02-06 10:21:37.215634
ATMN,24.44,24.27,24.42,,2445100.0,7711.0,2000.0,1541600.0,,1249.0,710.0,,0,0,0,0,0,0,0,0,0,0,0,0,0,0,0,0,0,0,0,0,0,0,0,0,0,0,0,0,0,0,0,0,0,0,0,0,0,0,0,0,0,0,0,109,2026-02-06 10:21:37.215634
WNTR,23.81,23.81,23.82,4500.0,2276900.0,2140.0,,1608500.0,,3189.0,770.0,5000.0,0,0,0,0,0,0,0,0,0,0,0,0,0,0,0,0,0,0,0,0,0,0,0,0,0,0,0,0,0,0,0,0,0,0,0,0,0,0,0,0,0,0,0,109,2026-02-06 10:21:37.215634
SPNG,23.88,24.32,24.46,7922.0,1786600.0,4500.0,4000.0,6715.0,679.0,1336200.0,,,0,0,0,0,0,0,0,0,0,0,0,0,0,0,0,0,0,0,0,0,0,0,0,0,0,0,0,0,0,0,0,0,0,0,0,0,0,0,0,0,0,0,0,110,2026-02-06 10:21:37.871732
SMMR,24.29,24.18,24.25,4500.0,2003400.0,4500.0,,5000.0,630.0,1990000.0,5000.0,2000.0,0,0,0,0,0,0,0,0,0,0,0,0,0,0,0,0,0,0,0,0,0,0,0,0,0,0,0,0,0,0,0,0,0,0,0,0,0,0,0,0,0,0,0,110,2026-02-06 10:21:37.871732
ATMN,24.47,24.56,24.63,4500.0,2385600.0,,2000.0,,,2252100.0,,,0,0,0,0,0,0,0,0,0,0,0,0,0,0,0,0,0,0,0,0,0,0,0,0,0,0,0,0,0,0,0,0,0,0,0,0,0,0,0,0,0,0,0,110,2026-02-06 10:21:37.871732
WNTR,23.81,23.81,23.83,4500.0,2137100.0,3189.0,2000.0,2140.0,,1646500.0,5000.0,2000.0,0,0,0,0,0,0,0,0,0,0,0,0,0,0,0,0,0,0,0,0,0,0,0,0,0,0,0,0,0,0,0,0,0,0,0,0,0,0,0,0,0,0,0,110,2026-02-06 10:21:37.871732
SPNG,23.8,23.8,24.43,5000.0,2172000.0,6715.0,4519.0,1428300.0,,,,,0,0,0,0,0,0,0,0,0,0,0,0,0,0,0,0,0,0,0,0,0,0,0,0,0,0,0,0,0,0,0,0,0,0,0,0,0,0,0,0,0,0,0,111,2026-02-06 10:21:38.930860
SMMR,24.29,24.2,24.25,5294.0,1633600.0,5000.0,497.0,2100200.0,646.0,2000.0,,,0,0,0,0,0,0,0,0,0,0,0,0,0,0,0,0,0,0,0,0,0,0,0,0,0,0,0,0,0,0,0,0,0,0,0,0,0,0,0,0,0,0,0,111,2026-02-06 10:21:38.930860
ATMN,24.27,24.28,24.61,5000.0,2350300.0,5000.0,,2117800.0,,,710.0,,0,0,0,0,0,0,0,0,0,0,0,0,0,0,0,0,0,0,0,0,0,0,0,0,0,0,0,0,0,0,0,0,0,0,0,0,0,0,0,0,0,0,0,111,2026-02-06 10:21:38.930860
WNTR,23.81,23.81,23.83,5000.0,1995400.0,,1822.0,1995400.0,770.0,2000.0,770.0,4500.0,0,0,0,0,0,0,0,0,0,0,0,0,0,0,0,0,0,0,0,0,0,0,0,0,0,0,0,0,0,0,0,0,0,0,0,0,0,0,0,0,0,0,0,111,2026-02-06 10:21:38.930860
SPNG,23.8,24.12,24.29,5000.0,2000.0,1900300.0,599.0,7619.0,3616.0,679.0,1336800.0,,0,0,0,0,0,0,0,0,0,0,0,0,0,0,0,0,0,0,0,0,0,0,0,0,0,0,0,0,0,0,0,0,0,0,0,0,0,0,0,0,0,0,0,112,2026-02-06 10:21:39.971997
SMMR,24.25,24.26,24.29,5294.0,2000.0,1671500.0,740.0,,497.0,,2193400.0,,0,0,0,0,0,0,0,0,0,0,0,0,0,0,0,0,0,0,0,0,0,0,0,0,0,0,0,0,0,0,0,0,0,0,0,0,0,0,0,0,0,0,0,112,2026-02-06 10:21:39.971997
ATMN,24.64,24.28,24.29,861.0,,1964700.0,609.0,,,,2389500.0,,0,0,0,0,0,0,0,0,0,0,0,0,0,0,0,0,0,0,0,0,0,0,0,0,0,0,0,0,0,0,0,0,0,0,0,0,0,0,0,0,0,0,0,112,2026-02-06 10:21:39.971997
WNTR,23.83,23.81,23.83,5000.0,2000.0,1959300.0,770.0,,1822.0,770.0,1995400.0,4500.0,0,0,0,0,0,0,0,0,0,0,0,0,0,0,0,0,0,0,0,0,0,0,0,0,0,0,0,0,0,0,0,0,0,0,0,0,0,0,0,0,0,0,0,112,2026-02-06 10:21:39.971997
SPNG,24.52,24.52,24.53,2128200.0,610.0,2185100.0,,,,,,,0,0,0,0,0,0,0,0,0,0,0,0,0,0,0,0,0,0,0,0,0,0,0,0,0,0,0,0,0,0,0,0,0,0,0,0,0,0,0,0,0,0,0,113,2026-02-06 10:21:41.017577
SMMR,24.29,24.28,24.29,1766100.0,740.0,1941400.0,2000.0,6667.0,871.0,,,,0,0,0,0,0,0,0,0,0,0,0,0,0,0,0,0,0,0,0,0,0,0,0,0,0,0,0,0,0,0,0,0,0,0,0,0,0,0,0,0,0,0,0,113,2026-02-06 10:21:41.017577
ATMN,24.26,24.58,24.65,2110200.0,710.0,2117800.0,,5000.0,4500.0,4500.0,5000.0,,0,0,0,0,0,0,0,0,0,0,0,0,0,0,0,0,0,0,0,0,0,0,0,0,0,0,0,0,0,0,0,0,0,0,0,0,0,0,0,0,0,0,0,113,2026-02-06 10:21:41.017577
WNTR,23.85,23.81,23.85,2103300.0,770.0,1981900.0,,5000.0,1822.0,4500.0,,770.0,0,0,0,0,0,0,0,0,0,0,0,0,0,0,0,0,0,0,0,0,0,0,0,0,0,0,0,0,0,0,0,0,0,0,0,0,0,0,0,0,0,0,0,113,2026-02-06 10:21:41.017577
SPNG,24.52,24.08,24.11,2000.0,5000.0,679.0,5005.0,1536600.0,9287.0,1745600.0,,,,0,0,0,0,0,0,0,0,0,0,0,0,0,0,0,0,0,0,0,0,0,0,0,0,0,0,0,0,0,0,0,0,0,0,0,0,0,0,0,0,0,0,114,2026-02-06 10:21:42.092335
SMMR,24.33,24.28,24.32,2000.0,6667.0,,,1885000.0,,2161900.0,249.0,,,0,0,0,0,0,0,0,0,0,0,0,0,0,0,0,0,0,0,0,0,0,0,0,0,0,0,0,0,0,0,0,0,0,0,0,0,0,0,0,0,0,0,114,2026-02-06 10:21:42.092335
ATMN,24.66,24.46,24.65,,5181.0,,4500.0,1797700.0,,2143200.0,4500.0,609.0,,0,0,0,0,0,0,0,0,0,0,0,0,0,0,0,0,0,0,0,0,0,0,0,0,0,0,0,0,0,0,0,0,0,0,0,0,0,0,0,0,0,0,114,2026-02-06 10:21:42.092335
WNTR,23.82,23.76,23.81,,5000.0,,4500.0,2260400.0,,1891600.0,1822.0,770.0,2000.0,0,0,0,0,0,0,0,0,0,0,0,0,0,0,0,0,0,0,0,0,0,0,0,0,0,0,0,0,0,0,0,0,0,0,0,0,0,0,0,0,0,0,114,2026-02-06 10:21:42.092335
SPNG,24.52,24.52,24.64,1200200.0,8504.0,3073.0,2000.0,679.0,4500.0,1947300.0,2000.0,,,0,0,0,0,0,0,0,0,0,0,0,0,0,0,0,0,0,0,0,0,0,0,0,0,0,0,0,0,0,0,0,0,0,0,0,0,0,0,0,0,0,0,115,2026-02-06 10:21:43.193228
SMMR,24.26,24.18,24.2,2256100.0,4500.0,,,,4935.0,1540500.0,2000.0,740.0,,0,0,0,0,0,0,0,0,0,0,0,0,0,0,0,0,0,0,0,0,0,0,0,0,0,0,0,0,0,0,0,0,0,0,0,0,0,0,0,0,0,0,115,2026-02-06 10:21:43.193228
ATMN,24.24,24.24,24.28,2253000.0,,,2000.0,710.0,577.0,1744400.0,,710.0,5000.0,0,0,0,0,0,0,0,0,0,0,0,0,0,0,0,0,0,0,0,0,0,0,0,0,0,0,0,0,0,0,0,0,0,0,0,0,0,0,0,0,0,0,115,2026-02-06 10:21:43.193228
WNTR,23.82,23.76,23.81,2119600.0,4500.0,5000.0,,651.0,1822.0,1917400.0,2000.0,770.0,,0,0,0,0,0,0,0,0,0,0,0,0,0,0,0,0,0,0,0,0,0,0,0,0,0,0,0,0,0,0,0,0,0,0,0,0,0,0,0,0,0,0,115,2026-02-06 10:21:43.193228
SPNG,24.53,24.53,24.63,8504.0,8073.0,679.0,1087400.0,2000.0,4500.0,5000.0,1836100.0,2000.0,0,0,0,0,0,0,0,0,0,0,0,0,0,0,0,0,0,0,0,0,0,0,0,0,0,0,0,0,0,0,0,0,0,0,0,0,0,0,0,0,0,0,0,116,2026-02-06 10:21:44.261548
SMMR,24.21,24.22,24.23,,,,2375900.0,,4935.0,6670.0,1283900.0,2000.0,0,0,0,0,0,0,0,0,0,0,0,0,0,0,0,0,0,0,0,0,0,0,0,0,0,0,0,0,0,0,0,0,0,0,0,0,0,0,0,0,0,0,0,116,2026-02-06 10:21:44.261548
ATMN,24.66,24.21,24.66,,,,2374600.0,2000.0,,,2387700.0,,0,0,0,0,0,0,0,0,0,0,0,0,0,0,0,0,0,0,0,0,0,0,0,0,0,0,0,0,0,0,0,0,0,0,0,0,0,0,0,0,0,0,0,116,2026-02-06 10:21:44.261548
WNTR,23.83,23.73,23.79,4500.0,,,2280500.0,2000.0,4500.0,,2128000.0,2000.0,0,0,0,0,0,0,0,0,0,0,0,0,0,0,0,0,0,0,0,0,0,0,0,0,0,0,0,0,0,0,0,0,0,0,0,0,0,0,0,0,0,0,0,116,2026-02-06 10:21:44.261548
SPNG,24.03,24.42,24.65,679.0,1770800.0,3146.0,659.0,1618000.0,2579.0,2000.0,,,0,0,0,0,0,0,0,0,0,0,0,0,0,0,0,0,0,0,0,0,0,0,0,0,0,0,0,0,0,0,0,0,0,0,0,0,0,0,0,0,0,0,0,117,2026-02-06 10:21:45.341861
SMMR,24.24,24.27,24.31,740.0,2256100.0,,740.0,1409000.0,5000.0,2000.0,4935.0,,0,0,0,0,0,0,0,0,0,0,0,0,0,0,0,0,0,0,0,0,0,0,0,0,0,0,0,0,0,0,0,0,0,0,0,0,0,0,0,0,0,0,0,117,2026-02-06 10:21:45.341861
ATMN,24.34,24.39,24.65,,1853000.0,283.0,,2165300.0,5222.0,,,4000.0,0,0,0,0,0,0,0,0,0,0,0,0,0,0,0,0,0,0,0,0,0,0,0,0,0,0,0,0,0,0,0,0,0,0,0,0,0,0,0,0,0,0,0,117,2026-02-06 10:21:45.341861
WNTR,23.65,23.65,23.79,,2240900.0,4500.0,,2252300.0,,2000.0,,2000.0,0,0,0,0,0,0,0,0,0,0,0,0,0,0,0,0,0,0,0,0,0,0,0,0,0,0,0,0,0,0,0,0,0,0,0,0,0,0,0,0,0,0,0,117,2026-02-06 10:21:45.341861
SPNG,23.98,23.98,24.65,2269600.0,2045400.0,2000.0,,,0,0,0,0,0,0,0,0,0,0,0,0,0,0,0,0,0,0,0,0,0,0,0,0,0,0,0,0,0,0,0,0,0,0,0,0,0,0,0,0,0,0,0,0,0,0,0,118,2026-02-06 10:21:45.969089
SMMR,24.08,24.08,24.32,2309700.0,2031700.0,2000.0,740.0,,0,0,0,0,0,0,0,0,0,0,0,0,0,0,0,0,0,0,0,0,0,0,0,0,0,0,0,0,0,0,0,0,0,0,0,0,0,0,0,0,0,0,0,0,0,0,0,118,2026-02-06 10:21:45.969089
ATMN,24.66,24.21,24.66,2397000.0,2395800.0,,,2000.0,0,0,0,0,0,0,0,0,0,0,0,0,0,0,0,0,0,0,0,0,0,0,0,0,0,0,0,0,0,0,0,0,0,0,0,0,0,0,0,0,0,0,0,0,0,0,0,118,2026-02-06 10:21:45.969089
WNTR,23.83,23.65,23.83,2360700.0,2252300.0,2000.0,,2000.0,0,0,0,0,0,0,0,0,0,0,0,0,0,0,0,0,0,0,0,0,0,0,0,0,0,0,0,0,0,0,0,0,0,0,0,0,0,0,0,0,0,0,0,0,0,0,0,118,2026-02-06 10:21:45.969089
SPNG,24.2,24.2,24.65,2132800.0,603.0,2045400.0,2000.0,,,0,0,0,0,0,0,0,0,0,0,0,0,0,0,0,0,0,0,0,0,0,0,0,0,0,0,0,0,0,0,0,0,0,0,0,0,0,0,0,0,0,0,0,0,0,0,119,2026-02-06 10:21:47.048094
SMMR,24.33,24.22,24.33,2320600.0,,2158700.0,2000.0,,,0,0,0,0,0,0,0,0,0,0,0,0,0,0,0,0,0,0,0,0,0,0,0,0,0,0,0,0,0,0,0,0,0,0,0,0,0,0,0,0,0,0,0,0,0,0,119,2026-02-06 10:21:47.048094
ATMN,24.2,24.2,24.6,2433800.0,,2164700.0,2000.0,2000.0,623.0,0,0,0,0,0,0,0,0,0,0,0,0,0,0,0,0,0,0,0,0,0,0,0,0,0,0,0,0,0,0,0,0,0,0,0,0,0,0,0,0,0,0,0,0,0,0,119,2026-02-06 10:21:47.048094
WNTR,23.72,23.72,23.74,2235800.0,770.0,2230200.0,,2000.0,770.0,0,0,0,0,0,0,0,0,0,0,0,0,0,0,0,0,0,0,0,0,0,0,0,0,0,0,0,0,0,0,0,0,0,0,0,0,0,0,0,0,0,0,0,0,0,0,119,2026-02-06 10:21:47.048094
SPNG,23.81,23.81,24.12,1106300.0,2000.0,662.0,2000.0,747500.0,,0,0,0,0,0,0,0,0,0,0,0,0,0,0,0,0,0,0,0,0,0,0,0,0,0,0,0,0,0,0,0,0,0,0,0,0,0,0,0,0,0,0,0,0,0,0,120,2026-02-06 10:21:48.146894
SMMR,24.27,24.27,24.3,923200.0,2000.0,740.0,,871700.0,646.0,0,0,0,0,0,0,0,0,0,0,0,0,0,0,0,0,0,0,0,0,0,0,0,0,0,0,0,0,0,0,0,0,0,0,0,0,0,0,0,0,0,0,0,0,0,0,120,2026-02-06 10:21:48.146894
ATMN,25.74,25.74,25.82,976400.0,2000.0,,,736700.0,694.0,0,0,0,0,0,0,0,0,0,0,0,0,0,0,0,0,0,0,0,0,0,0,0,0,0,0,0,0,0,0,0,0,0,0,0,0,0,0,0,0,0,0,0,0,0,0,120,2026-02-06 10:21:48.146894
WNTR,26.3,24.61,25.43,565600.0,2000.0,,,615900.0,770.0,0,0,0,0,0,0,0,0,0,0,0,0,0,0,0,0,0,0,0,0,0,0,0,0,0,0,0,0,0,0,0,0,0,0,0,0,0,0,0,0,0,0,0,0,0,0,120,2026-02-06 10:21:48.146894
SPNG,23.81,23.81,23.83,1106300.0,2000.0,1161100.0,679.0,2000.0,,0,0,0,0,0,0,0,0,0,0,0,0,0,0,0,0,0,0,0,0,0,0,0,0,0,0,0,0,0,0,0,0,0,0,0,0,0,0,0,0,0,0,0,0,0,0,121,2026-02-06 10:21:49.263243
SMMR,24.27,24.27,24.44,1049100.0,2000.0,871700.0,,,740.0,0,0,0,0,0,0,0,0,0,0,0,0,0,0,0,0,0,0,0,0,0,0,0,0,0,0,0,0,0,0,0,0,0,0,0,0,0,0,0,0,0,0,0,0,0,0,121,2026-02-06 10:21:49.263243
ATMN,25.66,25.62,25.66,1212900.0,,849900.0,,2000.0,,0,0,0,0,0,0,0,0,0,0,0,0,0,0,0,0,0,0,0,0,0,0,0,0,0,0,0,0,0,0,0,0,0,0,0,0,0,0,0,0,0,0,0,0,0,0,121,2026-02-06 10:21:49.263243
WNTR,25.63,25.52,25.63,1012300.0,2000.0,796100.0,,,513.0,0,0,0,0,0,0,0,0,0,0,0,0,0,0,0,0,0,0,0,0,0,0,0,0,0,0,0,0,0,0,0,0,0,0,0,0,0,0,0,0,0,0,0,0,0,0,121,2026-02-06 10:21:49.263243
SPNG,23.82,23.61,23.73,1104700.0,1158400.0,4000.0,475.0,,,0,0,0,0,0,0,0,0,0,0,0,0,0,0,0,0,0,0,0,0,0,0,0,0,0,0,0,0,0,0,0,0,0,0,0,0,0,0,0,0,0,0,0,0,0,0,122,2026-02-06 10:21:50.346851
SMMR,24.16,24.39,24.41,1040900.0,996200.0,2000.0,630.0,4000.0,,0,0,0,0,0,0,0,0,0,0,0,0,0,0,0,0,0,0,0,0,0,0,0,0,0,0,0,0,0,0,0,0,0,0,0,0,0,0,0,0,0,0,0,0,0,0,122,2026-02-06 10:21:50.346851
ATMN,25.82,25.84,25.99,1595000.0,838000.0,,,,487.0,0,0,0,0,0,0,0,0,0,0,0,0,0,0,0,0,0,0,0,0,0,0,0,0,0,0,0,0,0,0,0,0,0,0,0,0,0,0,0,0,0,0,0,0,0,0,122,2026-02-06 10:21:50.346851
WNTR,26.31,26.09,26.31,1218300.0,801000.0,,,2000.0,616.0,0,0,0,0,0,0,0,0,0,0,0,0,0,0,0,0,0,0,0,0,0,0,0,0,0,0,0,0,0,0,0,0,0,0,0,0,0,0,0,0,0,0,0,0,0,0,122,2026-02-06 10:21:50.346851
SPNG,24.02,23.61,24.02,1217600.0,1046400.0,2000.0,,,,0,0,0,0,0,0,0,0,0,0,0,0,0,0,0,0,0,0,0,0,0,0,0,0,0,0,0,0,0,0,0,0,0,0,0,0,0,0,0,0,0,0,0,0,0,0,123,2026-02-06 10:21:50.925685
SMMR,24.16,24.39,24.41,1040900.0,1369700.0,2000.0,4000.0,630.0,,0,0,0,0,0,0,0,0,0,0,0,0,0,0,0,0,0,0,0,0,0,0,0,0,0,0,0,0,0,0,0,0,0,0,0,0,0,0,0,0,0,0,0,0,0,0,123,2026-02-06 10:21:50.925685
ATMN,25.84,25.77,25.78,1477200.0,1161400.0,2000.0,,,487.0,0,0,0,0,0,0,0,0,0,0,0,0,0,0,0,0,0,0,0,0,0,0,0,0,0,0,0,0,0,0,0,0,0,0,0,0,0,0,0,0,0,0,0,0,0,0,123,2026-02-06 10:21:50.925685
WNTR,26.31,26.28,26.31,1428400.0,801000.0,,4000.0,,616.0,0,0,0,0,0,0,0,0,0,0,0,0,0,0,0,0,0,0,0,0,0,0,0,0,0,0,0,0,0,0,0,0,0,0,0,0,0,0,0,0,0,0,0,0,0,0,123,2026-02-06 10:21:50.925685
SPNG,23.74,23.84,23.89,1435300.0,587.0,4000.0,1046400.0,,,,,,0,0,0,0,0,0,0,0,0,0,0,0,0,0,0,0,0,0,0,0,0,0,0,0,0,0,0,0,0,0,0,0,0,0,0,0,0,0,0,0,0,0,0,124,2026-02-06 10:21:52.002267
SMMR,24.41,24.2,24.37,948300.0,740.0,4000.0,1187600.0,6865.0,4000.0,740.0,5285.0,176.0,0,0,0,0,0,0,0,0,0,0,0,0,0,0,0,0,0,0,0,0,0,0,0,0,0,0,0,0,0,0,0,0,0,0,0,0,0,0,0,0,0,0,0,124,2026-02-06 10:21:52.002267
ATMN,25.77,25.62,25.68,1458800.0,,2000.0,1288800.0,,,,,,0,0,0,0,0,0,0,0,0,0,0,0,0,0,0,0,0,0,0,0,0,0,0,0,0,0,0,0,0,0,0,0,0,0,0,0,0,0,0,0,0,0,0,124,2026-02-06 10:21:52.002267
WNTR,26.22,26.2,26.22,1428800.0,,,894000.0,,4000.0,,4500.0,5481.0,0,0,0,0,0,0,0,0,0,0,0,0,0,0,0,0,0,0,0,0,0,0,0,0,0,0,0,0,0,0,0,0,0,0,0,0,0,0,0,0,0,0,0,124,2026-02-06 10:21:52.002267
SPNG,24.05,23.84,23.85,1435300.0,1105100.0,12354.0,7814.0,679.0,,,,,,0,0,0,0,0,0,0,0,0,0,0,0,0,0,0,0,0,0,0,0,0,0,0,0,0,0,0,0,0,0,0,0,0,0,0,0,0,0,0,0,0,0,125,2026-02-06 10:21:53.058461
SMMR,24.41,24.4,24.41,1206700.0,1362700.0,5000.0,4500.0,630.0,740.0,5000.0,5515.0,4000.0,2000.0,0,0,0,0,0,0,0,0,0,0,0,0,0,0,0,0,0,0,0,0,0,0,0,0,0,0,0,0,0,0,0,0,0,0,0,0,0,0,0,0,0,0,125,2026-02-06 10:21:53.058461
ATMN,25.62,25.63,25.67,1458800.0,1067200.0,,,710.0,710.0,,,,,0,0,0,0,0,0,0,0,0,0,0,0,0,0,0,0,0,0,0,0,0,0,0,0,0,0,0,0,0,0,0,0,0,0,0,0,0,0,0,0,0,0,125,2026-02-06 10:21:53.058461
WNTR,26.19,26.19,26.26,1547300.0,781500.0,5321.0,4500.0,770.0,770.0,,,2000.0,,0,0,0,0,0,0,0,0,0,0,0,0,0,0,0,0,0,0,0,0,0,0,0,0,0,0,0,0,0,0,0,0,0,0,0,0,0,0,0,0,0,0,125,2026-02-06 10:21:53.058461
SPNG,24.39,23.91,24.34,679.0,6295.0,1435300.0,679.0,994.0,5000.0,1362000.0,,,,0,0,0,0,0,0,0,0,0,0,0,0,0,0,0,0,0,0,0,0,0,0,0,0,0,0,0,0,0,0,0,0,0,0,0,0,0,0,0,0,0,0,126,2026-02-06 10:21:54.117166
SMMR,24.4,24.4,24.42,740.0,6824.0,1206700.0,630.0,,,1464000.0,5515.0,2000.0,2000.0,0,0,0,0,0,0,0,0,0,0,0,0,0,0,0,0,0,0,0,0,0,0,0,0,0,0,0,0,0,0,0,0,0,0,0,0,0,0,0,0,0,0,126,2026-02-06 10:21:54.117166
ATMN,25.39,25.33,25.39,,,1456300.0,609.0,,,1081600.0,,,,0,0,0,0,0,0,0,0,0,0,0,0,0,0,0,0,0,0,0,0,0,0,0,0,0,0,0,0,0,0,0,0,0,0,0,0,0,0,0,0,0,0,126,2026-02-06 10:21:54.117166
WNTR,26.19,26.24,26.26,770.0,,1881100.0,770.0,2954.0,4061.0,781500.0,,2000.0,,0,0,0,0,0,0,0,0,0,0,0,0,0,0,0,0,0,0,0,0,0,0,0,0,0,0,0,0,0,0,0,0,0,0,0,0,0,0,0,0,0,0,126,2026-02-06 10:21:54.117166
SPNG,23.59,23.59,24.07,1239900.0,8644.0,679.0,1358500.0,2000.0,,,,,0,0,0,0,0,0,0,0,0,0,0,0,0,0,0,0,0,0,0,0,0,0,0,0,0,0,0,0,0,0,0,0,0,0,0,0,0,0,0,0,0,0,0,127,2026-02-06 10:21:55.205845
SMMR,24.46,24.46,24.47,1206700.0,,630.0,1571100.0,,4000.0,740.0,8911.0,5459.0,0,0,0,0,0,0,0,0,0,0,0,0,0,0,0,0,0,0,0,0,0,0,0,0,0,0,0,0,0,0,0,0,0,0,0,0,0,0,0,0,0,0,0,127,2026-02-06 10:21:55.205845
ATMN,25.57,25.58,25.95,1573300.0,,,1188000.0,,,710.0,633.0,182.0,0,0,0,0,0,0,0,0,0,0,0,0,0,0,0,0,0,0,0,0,0,0,0,0,0,0,0,0,0,0,0,0,0,0,0,0,0,0,0,0,0,0,0,127,2026-02-06 10:21:55.205845
WNTR,26.42,26.53,26.58,1953100.0,,770.0,875300.0,,2000.0,770.0,,,0,0,0,0,0,0,0,0,0,0,0,0,0,0,0,0,0,0,0,0,0,0,0,0,0,0,0,0,0,0,0,0,0,0,0,0,0,0,0,0,0,0,0,127,2026-02-06 10:21:55.205845
SPNG,24.1,24.22,24.28,6872.0,4965.0,1469500.0,679.0,4000.0,5000.0,6034.0,1278500.0,666.0,,0,0,0,0,0,0,0,0,0,0,0,0,0,0,0,0,0,0,0,0,0,0,0,0,0,0,0,0,0,0,0,0,0,0,0,0,0,0,0,0,0,0,128,2026-02-06 10:21:56.311266
SMMR,24.39,24.4,24.45,1560.0,2016.0,1187300.0,,2000.0,,4500.0,1695800.0,740.0,2000.0,0,0,0,0,0,0,0,0,0,0,0,0,0,0,0,0,0,0,0,0,0,0,0,0,0,0,0,0,0,0,0,0,0,0,0,0,0,0,0,0,0,0,128,2026-02-06 10:21:56.311266
ATMN,25.82,25.82,25.84,182.0,633.0,1563900.0,,2000.0,,,1525200.0,,2000.0,0,0,0,0,0,0,0,0,0,0,0,0,0,0,0,0,0,0,0,0,0,0,0,0,0,0,0,0,0,0,0,0,0,0,0,0,0,0,0,0,0,0,128,2026-02-06 10:21:56.311266
WNTR,26.31,26.53,26.58,,,1973000.0,,2000.0,,,1200700.0,770.0,2000.0,0,0,0,0,0,0,0,0,0,0,0,0,0,0,0,0,0,0,0,0,0,0,0,0,0,0,0,0,0,0,0,0,0,0,0,0,0,0,0,0,0,0,128,2026-02-06 10:21:56.311266
SPNG,23.53,23.53,24.28,1255800.0,4000.0,666.0,1411100.0,6034.0,,,,0,0,0,0,0,0,0,0,0,0,0,0,0,0,0,0,0,0,0,0,0,0,0,0,0,0,0,0,0,0,0,0,0,0,0,0,0,0,0,0,0,0,0,0,129,2026-02-06 10:21:57.379590
SMMR,24.16,24.04,24.1,1274700.0,4000.0,493.0,1801600.0,4500.0,4500.0,546.0,,0,0,0,0,0,0,0,0,0,0,0,0,0,0,0,0,0,0,0,0,0,0,0,0,0,0,0,0,0,0,0,0,0,0,0,0,0,0,0,0,0,0,0,0,129,2026-02-06 10:21:57.379590
ATMN,25.82,25.48,25.82,1567200.0,4000.0,,1662200.0,,189.0,5056.0,5000.0,0,0,0,0,0,0,0,0,0,0,0,0,0,0,0,0,0,0,0,0,0,0,0,0,0,0,0,0,0,0,0,0,0,0,0,0,0,0,0,0,0,0,0,0,129,2026-02-06 10:21:57.379590
WNTR,26.21,26.19,26.21,1679700.0,4000.0,770.0,1288300.0,,,,,0,0,0,0,0,0,0,0,0,0,0,0,0,0,0,0,0,0,0,0,0,0,0,0,0,0,0,0,0,0,0,0,0,0,0,0,0,0,0,0,0,0,0,0,129,2026-02-06 10:21:57.379590
SPNG,23.53,23.53,24.0,1255800.0,599.0,1425900.0,6000.0,3011.0,,,,,0,0,0,0,0,0,0,0,0,0,0,0,0,0,0,0,0,0,0,0,0,0,0,0,0,0,0,0,0,0,0,0,0,0,0,0,0,0,0,0,0,0,0,130,2026-02-06 10:21:58.485566
SMMR,24.48,24.07,24.35,1372100.0,562.0,1515600.0,4000.0,5127.0,4500.0,390.0,592.0,,0,0,0,0,0,0,0,0,0,0,0,0,0,0,0,0,0,0,0,0,0,0,0,0,0,0,0,0,0,0,0,0,0,0,0,0,0,0,0,0,0,0,0,130,2026-02-06 10:21:58.485566
ATMN,25.69,25.34,25.39,1565000.0,,1694400.0,4000.0,4500.0,4500.0,,710.0,5000.0,0,0,0,0,0,0,0,0,0,0,0,0,0,0,0,0,0,0,0,0,0,0,0,0,0,0,0,0,0,0,0,0,0,0,0,0,0,0,0,0,0,0,0,130,2026-02-06 10:21:58.485566
WNTR,26.54,26.54,26.57,1769000.0,770.0,1388600.0,2000.0,,,,770.0,,0,0,0,0,0,0,0,0,0,0,0,0,0,0,0,0,0,0,0,0,0,0,0,0,0,0,0,0,0,0,0,0,0,0,0,0,0,0,0,0,0,0,0,130,2026-02-06 10:21:58.485566
SPNG,23.53,23.82,23.93,1509500.0,8668.0,2000.0,599.0,8000.0,5000.0,1238800.0,3011.0,,,0,0,0,0,0,0,0,0,0,0,0,0,0,0,0,0,0,0,0,0,0,0,0,0,0,0,0,0,0,0,0,0,0,0,0,0,0,0,0,0,0,0,131,2026-02-06 10:21:59.065853
SMMR,24.31,24.08,24.48,1372100.0,5000.0,,562.0,2000.0,,1698500.0,,4500.0,,0,0,0,0,0,0,0,0,0,0,0,0,0,0,0,0,0,0,0,0,0,0,0,0,0,0,0,0,0,0,0,0,0,0,0,0,0,0,0,0,0,0,131,2026-02-06 10:21:59.065853
ATMN,25.43,25.43,25.69,1698400.0,,,,4000.0,5000.0,1800900.0,,,710.0,0,0,0,0,0,0,0,0,0,0,0,0,0,0,0,0,0,0,0,0,0,0,0,0,0,0,0,0,0,0,0,0,0,0,0,0,0,0,0,0,0,0,131,2026-02-06 10:21:59.065853
