ticker,last_price,bid_price,ask_price,BUY_ANON,SELL_ANON,BUY_WRSW-1,BUY_UEBR-1,BUY_CHUL-1,BUY_BRCH-1,BUY_LAVL-1,SELL_CALG-1,SELL_GIOT-3,SELL_CHUL-4,SELL_LAVL-1,BUY_GIOT-3,BUY_CHUL-4,SELL_UEBR-1,SELL_WRSW-1,BUY_WRSW-3,SELL_WRSW-3,SELL_COLA-1,BUY_CALG-1,BUY_COLA-1,SELL_BRCH-1,SELL_ZUAI-3,BUY_WRSW-4,SELL_LUIS-1,SELL_WRSW-4,BUY_ZUAI-3,SELL_CHUL-1,BUY_LUIS-1,tick,timestamp
SPNG,0.0,0.0,0.0,2121700.0,1846400.0,0,0,0,0,0,0,0,0,0,0,0,0,0,0,0,0,0,0,0,0,0,0,0,0,0,0,0,2026-02-06 10:58:39.945640
SMMR,0.0,0.0,0.0,2396800.0,1976900.0,0,0,0,0,0,0,0,0,0,0,0,0,0,0,0,0,0,0,0,0,0,0,0,0,0,0,0,2026-02-06 10:58:39.945640
ATMN,0.0,0.0,0.0,1832600.0,2243900.0,0,0,0,0,0,0,0,0,0,0,0,0,0,0,0,0,0,0,0,0,0,0,0,0,0,0,0,2026-02-06 10:58:39.945640
WNTR,0.0,0.0,0.0,2033100.0,2235700.0,0,0,0,0,0,0,0,0,0,0,0,0,0,0,0,0,0,0,0,0,0,0,0,0,0,0,0,2026-02-06 10:58:39.945640
SPNG,24.9,24.9,25.13,2121000.0,1846400.0,0,0,0,0,0,0,0,0,0,0,0,0,0,0,0,0,0,0,0,0,0,0,0,0,0,0,1,2026-02-06 10:58:41.024522,2.0,1.0,1.0,,Aggregate Position Limit,Your CRO has set the aggregate position limit to 10000 shares for this week.
SMMR,25.14,24.98,25.14,2396800.0,2222300.0,0,0,0,0,0,0,0,0,0,0,0,0,0,0,0,0,0,0,0,0,0,0,0,0,0,0,1,2026-02-06 10:58:41.024522,1.0,1.0,1.0,,Welcome to the RITC 2026 Alogithmic Market Making Case - practice server,
ATMN,24.82,24.82,25.11,1832600.0,2234700.0,0,0,0,0,0,0,0,0,0,0,0,0,0,0,0,0,0,0,0,0,0,0,0,0,0,0,1,2026-02-06 10:58:41.024522,,,,,,
WNTR,0.0,25.0,25.04,2147900.0,2232300.0,0,0,0,0,0,0,0,0,0,0,0,0,0,0,0,0,0,0,0,0,0,0,0,0,0,0,1,2026-02-06 10:58:41.024522,,,,,,
SPNG,24.59,24.59,24.99,2107200.0,2062800.0,0,0,0,0,0,0,0,0,0,0,0,0,0,0,0,0,0,0,0,0,0,0,0,0,0,0,2,2026-02-06 10:58:41.597313
SMMR,25.14,24.98,25.12,2427000.0,2352000.0,0,0,0,0,0,0,0,0,0,0,0,0,0,0,0,0,0,0,0,0,0,0,0,0,0,0,2,2026-02-06 10:58:41.597313
ATMN,25.23,24.82,25.23,1832600.0,2210700.0,0,0,0,0,0,0,0,0,0,0,0,0,0,0,0,0,0,0,0,0,0,0,0,0,0,0,2,2026-02-06 10:58:41.597313
WNTR,25.0,25.0,25.04,2238300.0,2208500.0,0,0,0,0,0,0,0,0,0,0,0,0,0,0,0,0,0,0,0,0,0,0,0,0,0,0,2,2026-02-06 10:58:41.597313
SPNG,24.99,24.59,24.99,2107200.0,2062800.0,0,0,0,0,0,0,0,0,0,0,0,0,0,0,0,0,0,0,0,0,0,0,0,0,0,0,3,2026-02-06 10:58:42.685642
SMMR,24.98,24.98,25.12,2402700.0,2346700.0,0,0,0,0,0,0,0,0,0,0,0,0,0,0,0,0,0,0,0,0,0,0,0,0,0,0,3,2026-02-06 10:58:42.685642
ATMN,25.23,24.98,25.23,1925000.0,2216000.0,0,0,0,0,0,0,0,0,0,0,0,0,0,0,0,0,0,0,0,0,0,0,0,0,0,0,3,2026-02-06 10:58:42.685642
WNTR,25.0,25.0,25.04,2231600.0,2201300.0,0,0,0,0,0,0,0,0,0,0,0,0,0,0,0,0,0,0,0,0,0,0,0,0,0,0,3,2026-02-06 10:58:42.685642
SPNG,24.99,24.86,24.99,2135000.0,2062800.0,0,0,0,0,0,0,0,0,0,0,0,0,0,0,0,0,0,0,0,0,0,0,0,0,0,0,4,2026-02-06 10:58:43.731486
SMMR,25.04,24.98,25.04,2416600.0,2354600.0,0,0,0,0,0,0,0,0,0,0,0,0,0,0,0,0,0,0,0,0,0,0,0,0,0,0,4,2026-02-06 10:58:43.731486
ATMN,25.24,24.75,25.24,1698300.0,2203200.0,0,0,0,0,0,0,0,0,0,0,0,0,0,0,0,0,0,0,0,0,0,0,0,0,0,0,4,2026-02-06 10:58:43.731486
WNTR,24.97,24.97,25.04,2247900.0,2183500.0,0,0,0,0,0,0,0,0,0,0,0,0,0,0,0,0,0,0,0,0,0,0,0,0,0,0,4,2026-02-06 10:58:43.731486
SPNG,24.86,24.86,25.13,2130500.0,1965700.0,0,0,0,0,0,0,0,0,0,0,0,0,0,0,0,0,0,0,0,0,0,0,0,0,0,0,5,2026-02-06 10:58:44.793808
SMMR,24.96,24.96,25.12,2383100.0,2346700.0,0,0,0,0,0,0,0,0,0,0,0,0,0,0,0,0,0,0,0,0,0,0,0,0,0,0,5,2026-02-06 10:58:44.793808
ATMN,24.51,25.06,25.24,1578400.0,2203200.0,0,0,0,0,0,0,0,0,0,0,0,0,0,0,0,0,0,0,0,0,0,0,0,0,0,0,5,2026-02-06 10:58:44.793808
WNTR,24.94,24.94,25.06,2138100.0,2209100.0,0,0,0,0,0,0,0,0,0,0,0,0,0,0,0,0,0,0,0,0,0,0,0,0,0,0,5,2026-02-06 10:58:44.793808
SPNG,25.22,24.94,24.98,2136400.0,1978200.0,0,0,0,0,0,0,0,0,0,0,0,0,0,0,0,0,0,0,0,0,0,0,0,0,0,0,6,2026-02-06 10:58:45.835840
SMMR,24.96,25.02,25.05,2435700.0,2374700.0,0,0,0,0,0,0,0,0,0,0,0,0,0,0,0,0,0,0,0,0,0,0,0,0,0,0,6,2026-02-06 10:58:45.835840
ATMN,24.51,24.86,25.2,1593500.0,2242700.0,0,0,0,0,0,0,0,0,0,0,0,0,0,0,0,0,0,0,0,0,0,0,0,0,0,0,6,2026-02-06 10:58:45.835840
WNTR,24.89,24.89,24.97,1939900.0,2174500.0,0,0,0,0,0,0,0,0,0,0,0,0,0,0,0,0,0,0,0,0,0,0,0,0,0,0,6,2026-02-06 10:58:45.835840
SPNG,25.42,24.94,24.99,2165000.0,1819500.0,0,0,0,0,0,0,0,0,0,0,0,0,0,0,0,0,0,0,0,0,0,0,0,0,0,0,7,2026-02-06 10:58:46.879914
SMMR,25.05,25.02,25.05,2435700.0,2374700.0,0,0,0,0,0,0,0,0,0,0,0,0,0,0,0,0,0,0,0,0,0,0,0,0,0,0,7,2026-02-06 10:58:46.879914
ATMN,25.09,24.86,25.03,1593500.0,2258000.0,0,0,0,0,0,0,0,0,0,0,0,0,0,0,0,0,0,0,0,0,0,0,0,0,0,0,7,2026-02-06 10:58:46.879914
WNTR,25.06,24.96,25.06,2029800.0,2209100.0,0,0,0,0,0,0,0,0,0,0,0,0,0,0,0,0,0,0,0,0,0,0,0,0,0,0,7,2026-02-06 10:58:46.879914
SPNG,24.94,24.94,25.42,2165000.0,1917700.0,0,0,0,0,0,0,0,0,0,0,0,0,0,0,0,0,0,0,0,0,0,0,0,0,0,0,8,2026-02-06 10:58:47.927823
SMMR,25.12,24.96,25.12,2418100.0,2356400.0,0,0,0,0,0,0,0,0,0,0,0,0,0,0,0,0,0,0,0,0,0,0,0,0,0,0,8,2026-02-06 10:58:47.927823
ATMN,25.03,24.97,25.03,1710300.0,2240100.0,0,0,0,0,0,0,0,0,0,0,0,0,0,0,0,0,0,0,0,0,0,0,0,0,0,0,8,2026-02-06 10:58:47.927823
WNTR,24.96,24.89,24.95,2036800.0,2209400.0,0,0,0,0,0,0,0,0,0,0,0,0,0,0,0,0,0,0,0,0,0,0,0,0,0,0,8,2026-02-06 10:58:47.927823
SPNG,25.47,24.92,25.47,2182700.0,1800000.0,0,0,0,0,0,0,0,0,0,0,0,0,0,0,0,0,0,0,0,0,0,0,0,0,0,0,9,2026-02-06 10:58:48.989450
SMMR,24.96,24.96,25.13,2390500.0,2327300.0,0,0,0,0,0,0,0,0,0,0,0,0,0,0,0,0,0,0,0,0,0,0,0,0,0,0,9,2026-02-06 10:58:48.989450
ATMN,24.97,24.97,25.03,1818300.0,2257100.0,0,0,0,0,0,0,0,0,0,0,0,0,0,0,0,0,0,0,0,0,0,0,0,0,0,0,9,2026-02-06 10:58:48.989450
WNTR,25.08,24.89,24.9,2274200.0,2196200.0,0,0,0,0,0,0,0,0,0,0,0,0,0,0,0,0,0,0,0,0,0,0,0,0,0,0,9,2026-02-06 10:58:48.989450
SPNG,25.47,25.2,25.44,2212600.0,1996100.0,0,0,0,0,0,0,0,0,0,0,0,0,0,0,0,0,0,0,0,0,0,0,0,0,0,0,10,2026-02-06 10:58:50.100348
SMMR,24.96,24.96,25.0,2389700.0,2347200.0,0,0,0,0,0,0,0,0,0,0,0,0,0,0,0,0,0,0,0,0,0,0,0,0,0,0,10,2026-02-06 10:58:50.100348
ATMN,24.97,25.02,25.03,1917000.0,2295900.0,0,0,0,0,0,0,0,0,0,0,0,0,0,0,0,0,0,0,0,0,0,0,0,0,0,0,10,2026-02-06 10:58:50.100348
WNTR,24.9,24.9,25.08,2240800.0,2183300.0,0,0,0,0,0,0,0,0,0,0,0,0,0,0,0,0,0,0,0,0,0,0,0,0,0,0,10,2026-02-06 10:58:50.100348
SPNG,25.47,25.2,25.44,2212600.0,2091200.0,0,0,0,0,0,0,0,0,0,0,0,0,0,0,0,0,0,0,0,0,0,0,0,0,0,0,11,2026-02-06 10:58:50.674963
SMMR,24.94,24.93,24.94,2371300.0,2356600.0,0,0,0,0,0,0,0,0,0,0,0,0,0,0,0,0,0,0,0,0,0,0,0,0,0,0,11,2026-02-06 10:58:50.674963
ATMN,25.02,25.02,25.03,1917000.0,2311100.0,0,0,0,0,0,0,0,0,0,0,0,0,0,0,0,0,0,0,0,0,0,0,0,0,0,0,11,2026-02-06 10:58:50.674963
WNTR,25.1,24.9,25.1,2240800.0,2221500.0,0,0,0,0,0,0,0,0,0,0,0,0,0,0,0,0,0,0,0,0,0,0,0,0,0,0,11,2026-02-06 10:58:50.674963
SPNG,24.92,25.09,25.41,2189200.0,2120500.0,0,0,0,0,0,0,0,0,0,0,0,0,0,0,0,0,0,0,0,0,0,0,0,0,0,0,12,2026-02-06 10:58:51.752671
SMMR,24.93,24.93,24.94,2443600.0,2356600.0,0,0,0,0,0,0,0,0,0,0,0,0,0,0,0,0,0,0,0,0,0,0,0,0,0,0,12,2026-02-06 10:58:51.752671
ATMN,24.91,24.86,24.91,1701500.0,2314400.0,0,0,0,0,0,0,0,0,0,0,0,0,0,0,0,0,0,0,0,0,0,0,0,0,0,0,12,2026-02-06 10:58:51.752671
WNTR,25.1,25.0,25.05,2230400.0,2210300.0,0,0,0,0,0,0,0,0,0,0,0,0,0,0,0,0,0,0,0,0,0,0,0,0,0,0,12,2026-02-06 10:58:51.752671
SPNG,25.13,25.13,25.4,2206600.0,2161800.0,0,0,0,0,0,0,0,0,0,0,0,0,0,0,0,0,0,0,0,0,0,0,0,0,0,0,13,2026-02-06 10:58:52.846129
SMMR,25.06,24.91,25.06,2409300.0,2324500.0,0,0,0,0,0,0,0,0,0,0,0,0,0,0,0,0,0,0,0,0,0,0,0,0,0,0,13,2026-02-06 10:58:52.846129
ATMN,24.86,24.86,25.03,1701500.0,2285800.0,0,0,0,0,0,0,0,0,0,0,0,0,0,0,0,0,0,0,0,0,0,0,0,0,0,0,13,2026-02-06 10:58:52.846129
WNTR,25.1,25.01,25.05,2256400.0,2216100.0,0,0,0,0,0,0,0,0,0,0,0,0,0,0,0,0,0,0,0,0,0,0,0,0,0,0,13,2026-02-06 10:58:52.846129
SPNG,25.13,25.13,25.35,2190800.0,2171700.0,0,0,0,0,0,0,0,0,0,0,0,0,0,0,0,0,0,0,0,0,0,0,0,0,0,0,14,2026-02-06 10:58:53.977391
SMMR,25.02,24.91,25.02,2409300.0,2315200.0,0,0,0,0,0,0,0,0,0,0,0,0,0,0,0,0,0,0,0,0,0,0,0,0,0,0,14,2026-02-06 10:58:53.977391
ATMN,24.86,24.52,24.67,1949700.0,2249100.0,0,0,0,0,0,0,0,0,0,0,0,0,0,0,0,0,0,0,0,0,0,0,0,0,0,0,14,2026-02-06 10:58:53.977391
WNTR,25.1,25.01,25.04,2264200.0,2217100.0,0,0,0,0,0,0,0,0,0,0,0,0,0,0,0,0,0,0,0,0,0,0,0,0,0,0,14,2026-02-06 10:58:53.977391
SPNG,25.35,24.92,25.35,2182700.0,2183300.0,0,0,0,0,0,0,0,0,0,0,0,0,0,0,0,0,0,0,0,0,0,0,0,0,0,0,15,2026-02-06 10:58:55.031625
SMMR,24.88,24.88,25.03,2415600.0,2324000.0,0,0,0,0,0,0,0,0,0,0,0,0,0,0,0,0,0,0,0,0,0,0,0,0,0,0,15,2026-02-06 10:58:55.031625
ATMN,24.67,24.81,24.92,2174500.0,2263900.0,0,0,0,0,0,0,0,0,0,0,0,0,0,0,0,0,0,0,0,0,0,0,0,0,0,0,15,2026-02-06 10:58:55.031625
WNTR,25.05,25.01,25.05,2269300.0,2207500.0,0,0,0,0,0,0,0,0,0,0,0,0,0,0,0,0,0,0,0,0,0,0,0,0,0,0,15,2026-02-06 10:58:55.031625
SPNG,25.4,24.92,25.4,2182700.0,2160200.0,0,0,0,0,0,0,0,0,0,0,0,0,0,0,0,0,0,0,0,0,0,0,0,0,0,0,16,2026-02-06 10:58:56.077079
SMMR,24.88,24.9,24.94,2448000.0,2329600.0,0,0,0,0,0,0,0,0,0,0,0,0,0,0,0,0,0,0,0,0,0,0,0,0,0,0,16,2026-02-06 10:58:56.077079
ATMN,24.79,24.79,24.92,2196000.0,2263900.0,0,0,0,0,0,0,0,0,0,0,0,0,0,0,0,0,0,0,0,0,0,0,0,0,0,0,16,2026-02-06 10:58:56.077079
WNTR,25.01,25.0,25.01,2271600.0,2210600.0,0,0,0,0,0,0,0,0,0,0,0,0,0,0,0,0,0,0,0,0,0,0,0,0,0,0,16,2026-02-06 10:58:56.077079
SPNG,25.4,24.92,25.4,2182700.0,2160200.0,0,0,0,0,0,0,0,0,0,0,0,0,0,0,0,0,0,0,0,0,0,0,0,0,0,0,17,2026-02-06 10:58:57.133590
SMMR,24.94,25.02,25.03,2442700.0,2319100.0,0,0,0,0,0,0,0,0,0,0,0,0,0,0,0,0,0,0,0,0,0,0,0,0,0,0,17,2026-02-06 10:58:57.133590
ATMN,25.08,24.79,25.08,2196000.0,2278700.0,0,0,0,0,0,0,0,0,0,0,0,0,0,0,0,0,0,0,0,0,0,0,0,0,0,0,17,2026-02-06 10:58:57.133590
WNTR,24.94,24.94,25.01,2318100.0,2210600.0,0,0,0,0,0,0,0,0,0,0,0,0,0,0,0,0,0,0,0,0,0,0,0,0,0,0,17,2026-02-06 10:58:57.133590
SPNG,25.4,24.92,25.16,2182700.0,2147100.0,0,0,0,0,0,0,0,0,0,0,0,0,0,0,0,0,0,0,0,0,0,0,0,0,0,0,18,2026-02-06 10:58:57.729371
SMMR,25.03,25.02,25.03,2442700.0,2314500.0,0,0,0,0,0,0,0,0,0,0,0,0,0,0,0,0,0,0,0,0,0,0,0,0,0,0,18,2026-02-06 10:58:57.729371
ATMN,24.52,24.52,25.08,2085200.0,2278700.0,0,0,0,0,0,0,0,0,0,0,0,0,0,0,0,0,0,0,0,0,0,0,0,0,0,0,18,2026-02-06 10:58:57.729371
WNTR,24.94,24.94,25.01,2327300.0,2210600.0,0,0,0,0,0,0,0,0,0,0,0,0,0,0,0,0,0,0,0,0,0,0,0,0,0,0,18,2026-02-06 10:58:57.729371
SPNG,24.86,24.86,25.07,2172900.0,2166400.0,0,0,0,0,0,0,0,0,0,0,0,0,0,0,0,0,0,0,0,0,0,0,0,0,0,0,19,2026-02-06 10:58:58.783980
SMMR,25.03,25.02,25.03,2442700.0,2343000.0,0,0,0,0,0,0,0,0,0,0,0,0,0,0,0,0,0,0,0,0,0,0,0,0,0,0,19,2026-02-06 10:58:58.783980
ATMN,25.11,24.8,25.11,2197500.0,2294700.0,0,0,0,0,0,0,0,0,0,0,0,0,0,0,0,0,0,0,0,0,0,0,0,0,0,0,19,2026-02-06 10:58:58.783980
WNTR,25.09,25.09,25.1,2315100.0,2198800.0,0,0,0,0,0,0,0,0,0,0,0,0,0,0,0,0,0,0,0,0,0,0,0,0,0,0,19,2026-02-06 10:58:58.783980
SPNG,25.18,24.86,25.09,2172900.0,2162900.0,0,0,0,0,0,0,0,0,0,0,0,0,0,0,0,0,0,0,0,0,0,0,0,0,0,0,20,2026-02-06 10:58:59.882088
SMMR,24.9,24.9,25.03,2448000.0,2343000.0,0,0,0,0,0,0,0,0,0,0,0,0,0,0,0,0,0,0,0,0,0,0,0,0,0,0,20,2026-02-06 10:58:59.882088
ATMN,24.76,24.52,24.76,2181200.0,2274900.0,0,0,0,0,0,0,0,0,0,0,0,0,0,0,0,0,0,0,0,0,0,0,0,0,0,0,20,2026-02-06 10:58:59.882088
WNTR,25.06,24.94,24.95,2306800.0,2168400.0,0,0,0,0,0,0,0,0,0,0,0,0,0,0,0,0,0,0,0,0,0,0,0,0,0,0,20,2026-02-06 10:58:59.882088
SPNG,24.86,24.75,24.84,2136400.0,2168800.0,0,0,0,0,0,0,0,0,0,0,0,0,0,0,0,0,0,0,0,0,0,0,0,0,0,0,21,2026-02-06 10:59:00.937432
SMMR,24.9,24.98,25.03,2443900.0,2343000.0,0,0,0,0,0,0,0,0,0,0,0,0,0,0,0,0,0,0,0,0,0,0,0,0,0,0,21,2026-02-06 10:59:00.937432
ATMN,24.93,24.7,24.91,2307600.0,2291400.0,0,0,0,0,0,0,0,0,0,0,0,0,0,0,0,0,0,0,0,0,0,0,0,0,0,0,21,2026-02-06 10:59:00.937432
WNTR,25.1,24.94,25.1,2280200.0,2200900.0,0,0,0,0,0,0,0,0,0,0,0,0,0,0,0,0,0,0,0,0,0,0,0,0,0,0,21,2026-02-06 10:59:00.937432
SPNG,25.09,24.83,25.09,2173500.0,2162900.0,0,0,0,0,0,0,0,0,0,0,0,0,0,0,0,0,0,0,0,0,0,0,0,0,0,0,22,2026-02-06 10:59:01.983672
SMMR,24.98,24.98,25.11,2443900.0,2294500.0,0,0,0,0,0,0,0,0,0,0,0,0,0,0,0,0,0,0,0,0,0,0,0,0,0,0,22,2026-02-06 10:59:01.983672
ATMN,24.93,24.7,24.91,2294000.0,2291400.0,0,0,0,0,0,0,0,0,0,0,0,0,0,0,0,0,0,0,0,0,0,0,0,0,0,0,22,2026-02-06 10:59:01.983672
WNTR,25.1,24.94,25.07,2267300.0,2199500.0,0,0,0,0,0,0,0,0,0,0,0,0,0,0,0,0,0,0,0,0,0,0,0,0,0,0,22,2026-02-06 10:59:01.983672
SPNG,25.09,25.18,25.4,2197000.0,2174200.0,0,0,0,0,0,0,0,0,0,0,0,0,0,0,0,0,0,0,0,0,0,0,0,0,0,0,23,2026-02-06 10:59:03.044038
SMMR,24.98,24.9,24.92,2444000.0,2284500.0,0,0,0,0,0,0,0,0,0,0,0,0,0,0,0,0,0,0,0,0,0,0,0,0,0,0,23,2026-02-06 10:59:03.044038
ATMN,24.87,24.7,24.77,2294000.0,2326100.0,0,0,0,0,0,0,0,0,0,0,0,0,0,0,0,0,0,0,0,0,0,0,0,0,0,0,23,2026-02-06 10:59:03.044038
WNTR,25.1,24.94,25.06,2270200.0,2194700.0,0,0,0,0,0,0,0,0,0,0,0,0,0,0,0,0,0,0,0,0,0,0,0,0,0,0,23,2026-02-06 10:59:03.044038
SPNG,24.88,24.88,25.4,2212700.0,2160800.0,0,0,0,0,0,0,0,0,0,0,0,0,0,0,0,0,0,0,0,0,0,0,0,0,0,0,24,2026-02-06 10:59:04.124364
SMMR,24.98,24.9,24.92,2434900.0,2293500.0,0,0,0,0,0,0,0,0,0,0,0,0,0,0,0,0,0,0,0,0,0,0,0,0,0,0,24,2026-02-06 10:59:04.124364
ATMN,24.7,24.7,24.75,2282300.0,2302500.0,0,0,0,0,0,0,0,0,0,0,0,0,0,0,0,0,0,0,0,0,0,0,0,0,0,0,24,2026-02-06 10:59:04.124364
WNTR,25.11,24.95,25.11,2281900.0,2230300.0,0,0,0,0,0,0,0,0,0,0,0,0,0,0,0,0,0,0,0,0,0,0,0,0,0,0,24,2026-02-06 10:59:04.124364
SPNG,25.16,24.88,25.16,2212700.0,2183300.0,0,0,0,0,0,0,0,0,0,0,0,0,0,0,0,0,0,0,0,0,0,0,0,0,0,0,25,2026-02-06 10:59:05.193346
SMMR,24.88,24.87,24.88,2409300.0,2272800.0,0,0,0,0,0,0,0,0,0,0,0,0,0,0,0,0,0,0,0,0,0,0,0,0,0,0,25,2026-02-06 10:59:05.193346
ATMN,24.7,24.7,24.71,2282300.0,2285000.0,0,0,0,0,0,0,0,0,0,0,0,0,0,0,0,0,0,0,0,0,0,0,0,0,0,0,25,2026-02-06 10:59:05.193346
WNTR,25.11,25.04,25.11,2278900.0,2206900.0,0,0,0,0,0,0,0,0,0,0,0,0,0,0,0,0,0,0,0,0,0,0,0,0,0,0,25,2026-02-06 10:59:05.193346
SPNG,25.31,24.88,25.07,2212700.0,2164400.0,0,0,0,0,0,0,0,0,0,0,0,0,0,0,0,0,0,0,0,0,0,0,0,0,0,0,26,2026-02-06 10:59:05.804229
SMMR,24.92,24.87,24.92,2409300.0,2267900.0,0,0,0,0,0,0,0,0,0,0,0,0,0,0,0,0,0,0,0,0,0,0,0,0,0,0,26,2026-02-06 10:59:05.804229
ATMN,24.51,24.51,24.71,2273500.0,2285000.0,0,0,0,0,0,0,0,0,0,0,0,0,0,0,0,0,0,0,0,0,0,0,0,0,0,0,26,2026-02-06 10:59:05.804229
WNTR,25.13,25.04,25.13,2273800.0,2231800.0,0,0,0,0,0,0,0,0,0,0,0,0,0,0,0,0,0,0,0,0,0,0,0,0,0,0,26,2026-02-06 10:59:05.804229
SPNG,24.83,24.83,25.28,2214200.0,2164900.0,0,0,0,0,0,0,0,0,0,0,0,0,0,0,0,0,0,0,0,0,0,0,0,0,0,0,27,2026-02-06 10:59:06.958465
SMMR,24.87,24.87,25.06,2406700.0,2271500.0,0,0,0,0,0,0,0,0,0,0,0,0,0,0,0,0,0,0,0,0,0,0,0,0,0,0,27,2026-02-06 10:59:06.958465
ATMN,24.71,24.51,24.71,2279200.0,2285000.0,0,0,0,0,0,0,0,0,0,0,0,0,0,0,0,0,0,0,0,0,0,0,0,0,0,0,27,2026-02-06 10:59:06.958465
WNTR,25.14,24.98,25.12,2325400.0,2251600.0,0,0,0,0,0,0,0,0,0,0,0,0,0,0,0,0,0,0,0,0,0,0,0,0,0,0,27,2026-02-06 10:59:06.958465
SPNG,24.83,24.83,25.28,2201500.0,2181400.0,0,0,0,0,0,0,0,0,0,0,0,0,0,0,0,0,0,0,0,0,0,0,0,0,0,0,28,2026-02-06 10:59:08.047876
SMMR,25.06,24.93,25.06,2431500.0,2271500.0,0,0,0,0,0,0,0,0,0,0,0,0,0,0,0,0,0,0,0,0,0,0,0,0,0,0,28,2026-02-06 10:59:08.047876
ATMN,24.71,24.64,24.71,2285500.0,2285000.0,0,0,0,0,0,0,0,0,0,0,0,0,0,0,0,0,0,0,0,0,0,0,0,0,0,0,28,2026-02-06 10:59:08.047876
WNTR,25.14,25.03,25.12,2295700.0,2251600.0,0,0,0,0,0,0,0,0,0,0,0,0,0,0,0,0,0,0,0,0,0,0,0,0,0,0,28,2026-02-06 10:59:08.047876
SPNG,25.43,24.83,25.43,2201500.0,2174100.0,0,0,0,0,0,0,0,0,0,0,0,0,0,0,0,0,0,0,0,0,0,0,0,0,0,0,29,2026-02-06 10:59:09.098591
SMMR,25.05,25.05,25.06,2432800.0,2271500.0,0,0,0,0,0,0,0,0,0,0,0,0,0,0,0,0,0,0,0,0,0,0,0,0,0,0,29,2026-02-06 10:59:09.098591
ATMN,24.64,24.64,24.71,2285500.0,2265900.0,0,0,0,0,0,0,0,0,0,0,0,0,0,0,0,0,0,0,0,0,0,0,0,0,0,0,29,2026-02-06 10:59:09.098591
WNTR,25.14,25.03,25.12,2320700.0,2225500.0,0,0,0,0,0,0,0,0,0,0,0,0,0,0,0,0,0,0,0,0,0,0,0,0,0,0,29,2026-02-06 10:59:09.098591
SPNG,24.83,25.18,25.43,2183300.0,2174100.0,0,0,0,0,0,0,0,0,0,0,0,0,0,0,0,0,0,0,0,0,0,0,0,0,0,0,30,2026-02-06 10:59:10.159807
SMMR,24.93,24.93,24.97,2431500.0,2260500.0,0,0,0,0,0,0,0,0,0,0,0,0,0,0,0,0,0,0,0,0,0,0,0,0,0,0,30,2026-02-06 10:59:10.159807
ATMN,24.75,24.64,24.75,2293500.0,2270500.0,0,0,0,0,0,0,0,0,0,0,0,0,0,0,0,0,0,0,0,0,0,0,0,0,0,0,30,2026-02-06 10:59:10.159807
WNTR,25.1,25.03,25.1,2338300.0,2239300.0,0,0,0,0,0,0,0,0,0,0,0,0,0,0,0,0,0,0,0,0,0,0,0,0,0,0,30,2026-02-06 10:59:10.159807
SPNG,25.18,24.83,25.06,2186100.0,2200300.0,0,0,0,0,0,0,0,0,0,0,0,0,0,0,0,0,0,0,0,0,0,0,0,0,0,0,31,2026-02-06 10:59:11.273673
SMMR,24.98,24.93,24.98,2432600.0,2255500.0,0,0,0,0,0,0,0,0,0,0,0,0,0,0,0,0,0,0,0,0,0,0,0,0,0,0,31,2026-02-06 10:59:11.273673
ATMN,24.76,24.64,24.76,2293500.0,2262400.0,0,0,0,0,0,0,0,0,0,0,0,0,0,0,0,0,0,0,0,0,0,0,0,0,0,0,31,2026-02-06 10:59:11.273673
WNTR,25.1,25.03,25.1,2371600.0,2252200.0,0,0,0,0,0,0,0,0,0,0,0,0,0,0,0,0,0,0,0,0,0,0,0,0,0,0,31,2026-02-06 10:59:11.273673
SPNG,25.39,25.39,25.43,2197300.0,2174100.0,0,0,0,0,0,0,0,0,0,0,0,0,0,0,0,0,0,0,0,0,0,0,0,0,0,0,32,2026-02-06 10:59:11.917998
SMMR,24.98,24.93,24.94,2432600.0,2252700.0,0,0,0,0,0,0,0,0,0,0,0,0,0,0,0,0,0,0,0,0,0,0,0,0,0,0,32,2026-02-06 10:59:11.917998
ATMN,24.64,24.51,24.56,2297700.0,2229100.0,0,0,0,0,0,0,0,0,0,0,0,0,0,0,0,0,0,0,0,0,0,0,0,0,0,0,32,2026-02-06 10:59:11.917998
WNTR,25.1,25.03,25.1,2371600.0,2258100.0,0,0,0,0,0,0,0,0,0,0,0,0,0,0,0,0,0,0,0,0,0,0,0,0,0,0,32,2026-02-06 10:59:11.917998
SPNG,25.39,25.39,25.43,2197300.0,2209300.0,0,0,0,0,0,0,0,0,0,0,0,0,0,0,0,0,0,0,0,0,0,0,0,0,0,0,33,2026-02-06 10:59:13.039151
SMMR,24.91,24.91,24.96,2424700.0,2245200.0,0,0,0,0,0,0,0,0,0,0,0,0,0,0,0,0,0,0,0,0,0,0,0,0,0,0,33,2026-02-06 10:59:13.039151
ATMN,24.56,24.64,24.76,2320200.0,2226100.0,0,0,0,0,0,0,0,0,0,0,0,0,0,0,0,0,0,0,0,0,0,0,0,0,0,0,33,2026-02-06 10:59:13.039151
WNTR,25.01,25.01,25.14,2381700.0,2224900.0,0,0,0,0,0,0,0,0,0,0,0,0,0,0,0,0,0,0,0,0,0,0,0,0,0,0,33,2026-02-06 10:59:13.039151
SPNG,25.39,25.39,25.41,2197300.0,2187300.0,0,0,0,0,0,0,0,0,0,0,0,0,0,0,0,0,0,0,0,0,0,0,0,0,0,0,34,2026-02-06 10:59:14.098570
SMMR,24.96,24.95,24.96,2421800.0,2229500.0,0,0,0,0,0,0,0,0,0,0,0,0,0,0,0,0,0,0,0,0,0,0,0,0,0,0,34,2026-02-06 10:59:14.098570
ATMN,24.49,24.49,24.75,2268000.0,2239600.0,0,0,0,0,0,0,0,0,0,0,0,0,0,0,0,0,0,0,0,0,0,0,0,0,0,0,34,2026-02-06 10:59:14.098570
WNTR,25.01,25.01,25.02,2410200.0,2234400.0,0,0,0,0,0,0,0,0,0,0,0,0,0,0,0,0,0,0,0,0,0,0,0,0,0,0,34,2026-02-06 10:59:14.098570
SPNG,25.44,24.81,25.44,2179400.0,2196700.0,0,0,0,0,0,0,0,0,0,0,0,0,0,0,0,0,0,0,0,0,0,0,0,0,0,0,35,2026-02-06 10:59:15.168587
SMMR,24.95,24.95,24.98,2421800.0,2240100.0,0,0,0,0,0,0,0,0,0,0,0,0,0,0,0,0,0,0,0,0,0,0,0,0,0,0,35,2026-02-06 10:59:15.168587
ATMN,24.48,24.55,24.64,2301800.0,2287700.0,0,0,0,0,0,0,0,0,0,0,0,0,0,0,0,0,0,0,0,0,0,0,0,0,0,0,35,2026-02-06 10:59:15.168587
WNTR,25.01,25.01,25.02,2431900.0,2234400.0,0,0,0,0,0,0,0,0,0,0,0,0,0,0,0,0,0,0,0,0,0,0,0,0,0,0,35,2026-02-06 10:59:15.168587
SPNG,25.44,25.37,25.42,2190500.0,2159400.0,0,0,0,0,0,0,0,0,0,0,0,0,0,0,0,0,0,0,0,0,0,0,0,0,0,0,36,2026-02-06 10:59:16.222925
SMMR,24.86,24.96,24.98,2417400.0,2230100.0,0,0,0,0,0,0,0,0,0,0,0,0,0,0,0,0,0,0,0,0,0,0,0,0,0,0,36,2026-02-06 10:59:16.222925
ATMN,24.47,24.47,24.64,2274500.0,2272900.0,0,0,0,0,0,0,0,0,0,0,0,0,0,0,0,0,0,0,0,0,0,0,0,0,0,0,36,2026-02-06 10:59:16.222925
WNTR,25.15,25.15,25.16,2449700.0,2225800.0,0,0,0,0,0,0,0,0,0,0,0,0,0,0,0,0,0,0,0,0,0,0,0,0,0,0,36,2026-02-06 10:59:16.222925
SPNG,25.37,25.37,25.42,2190500.0,2186000.0,0,0,0,0,0,0,0,0,0,0,0,0,0,0,0,0,0,0,0,0,0,0,0,0,0,0,37,2026-02-06 10:59:16.843980
SMMR,24.86,24.86,24.95,2421400.0,2251800.0,0,0,0,0,0,0,0,0,0,0,0,0,0,0,0,0,0,0,0,0,0,0,0,0,0,0,37,2026-02-06 10:59:16.843980
ATMN,24.47,24.47,24.59,2275200.0,2299800.0,0,0,0,0,0,0,0,0,0,0,0,0,0,0,0,0,0,0,0,0,0,0,0,0,0,0,37,2026-02-06 10:59:16.843980
WNTR,24.98,24.98,25.16,2437400.0,2211900.0,0,0,0,0,0,0,0,0,0,0,0,0,0,0,0,0,0,0,0,0,0,0,0,0,0,0,37,2026-02-06 10:59:16.843980
SPNG,25.08,24.81,25.08,2209500.0,2210600.0,0,0,0,0,0,0,0,0,0,0,0,0,0,0,0,0,0,0,0,0,0,0,0,0,0,0,38,2026-02-06 10:59:17.981050
SMMR,24.95,24.86,24.95,2399100.0,2251800.0,0,0,0,0,0,0,0,0,0,0,0,0,0,0,0,0,0,0,0,0,0,0,0,0,0,0,38,2026-02-06 10:59:17.981050
ATMN,24.47,24.47,24.53,2275200.0,2323100.0,0,0,0,0,0,0,0,0,0,0,0,0,0,0,0,0,0,0,0,0,0,0,0,0,0,0,38,2026-02-06 10:59:17.981050
WNTR,25.16,24.97,25.04,2425100.0,2224700.0,0,0,0,0,0,0,0,0,0,0,0,0,0,0,0,0,0,0,0,0,0,0,0,0,0,0,38,2026-02-06 10:59:17.981050
SPNG,25.08,24.81,25.08,2253600.0,2210600.0,0,0,0,0,0,0,0,0,0,0,0,0,0,0,0,0,0,0,0,0,0,0,0,0,0,0,39,2026-02-06 10:59:19.064015
SMMR,24.86,24.86,24.95,2399100.0,2251800.0,0,0,0,0,0,0,0,0,0,0,0,0,0,0,0,0,0,0,0,0,0,0,0,0,0,0,39,2026-02-06 10:59:19.064015
ATMN,24.41,24.42,24.53,2252600.0,2323100.0,0,0,0,0,0,0,0,0,0,0,0,0,0,0,0,0,0,0,0,0,0,0,0,0,0,0,39,2026-02-06 10:59:19.064015
WNTR,25.04,25.13,25.16,2426900.0,2211900.0,0,0,0,0,0,0,0,0,0,0,0,0,0,0,0,0,0,0,0,0,0,0,0,0,0,0,39,2026-02-06 10:59:19.064015
SPNG,25.42,24.81,25.42,2253600.0,2186000.0,0,0,0,0,0,0,0,0,0,0,0,0,0,0,0,0,0,0,0,0,0,0,0,0,0,0,40,2026-02-06 10:59:20.163623
SMMR,24.86,24.86,24.91,2399100.0,2265900.0,0,0,0,0,0,0,0,0,0,0,0,0,0,0,0,0,0,0,0,0,0,0,0,0,0,0,40,2026-02-06 10:59:20.163623
ATMN,24.41,24.43,24.5,2266400.0,2307200.0,0,0,0,0,0,0,0,0,0,0,0,0,0,0,0,0,0,0,0,0,0,0,0,0,0,0,40,2026-02-06 10:59:20.163623
WNTR,24.97,25.09,25.16,2429900.0,2211900.0,0,0,0,0,0,0,0,0,0,0,0,0,0,0,0,0,0,0,0,0,0,0,0,0,0,0,40,2026-02-06 10:59:20.163623
SPNG,25.44,25.21,25.44,2286400.0,2190100.0,0,0,0,0,0,0,0,0,0,0,0,0,0,0,0,0,0,0,0,0,0,0,0,0,0,0,41,2026-02-06 10:59:21.232036
SMMR,24.83,24.83,24.87,2397800.0,2263400.0,0,0,0,0,0,0,0,0,0,0,0,0,0,0,0,0,0,0,0,0,0,0,0,0,0,0,41,2026-02-06 10:59:21.232036
ATMN,24.53,24.43,24.53,2300200.0,2308400.0,0,0,0,0,0,0,0,0,0,0,0,0,0,0,0,0,0,0,0,0,0,0,0,0,0,0,41,2026-02-06 10:59:21.232036
WNTR,25.09,25.09,25.16,2429900.0,2202400.0,0,0,0,0,0,0,0,0,0,0,0,0,0,0,0,0,0,0,0,0,0,0,0,0,0,0,41,2026-02-06 10:59:21.232036
SPNG,25.44,25.21,25.29,2286400.0,2192500.0,0,0,0,0,0,0,0,0,0,0,0,0,0,0,0,0,0,0,0,0,0,0,0,0,0,0,42,2026-02-06 10:59:22.303905
SMMR,24.98,25.02,25.06,2418600.0,2245900.0,0,0,0,0,0,0,0,0,0,0,0,0,0,0,0,0,0,0,0,0,0,0,0,0,0,0,42,2026-02-06 10:59:22.303905
ATMN,24.57,24.52,24.57,2317800.0,2326700.0,0,0,0,0,0,0,0,0,0,0,0,0,0,0,0,0,0,0,0,0,0,0,0,0,0,0,42,2026-02-06 10:59:22.303905
WNTR,24.96,25.07,25.16,2380200.0,2202400.0,0,0,0,0,0,0,0,0,0,0,0,0,0,0,0,0,0,0,0,0,0,0,0,0,0,0,42,2026-02-06 10:59:22.303905
SPNG,25.44,25.21,25.29,2286400.0,2192500.0,0,0,0,0,0,0,0,0,0,0,0,0,0,0,0,0,0,0,0,0,0,0,0,0,0,0,43,2026-02-06 10:59:22.942724
SMMR,25.02,24.83,24.86,2387200.0,2251700.0,0,0,0,0,0,0,0,0,0,0,0,0,0,0,0,0,0,0,0,0,0,0,0,0,0,0,43,2026-02-06 10:59:22.942724
ATMN,24.57,24.52,24.57,2317800.0,2319800.0,0,0,0,0,0,0,0,0,0,0,0,0,0,0,0,0,0,0,0,0,0,0,0,0,0,0,43,2026-02-06 10:59:22.942724
WNTR,24.96,25.07,25.16,2380200.0,2215200.0,0,0,0,0,0,0,0,0,0,0,0,0,0,0,0,0,0,0,0,0,0,0,0,0,0,0,43,2026-02-06 10:59:22.942724
SPNG,25.21,24.81,25.09,2295400.0,2156200.0,0,0,0,0,0,0,0,0,0,0,0,0,0,0,0,0,0,0,0,0,0,0,0,0,0,0,44,2026-02-06 10:59:24.039100
SMMR,24.81,24.81,24.86,2417600.0,2251700.0,0,0,0,0,0,0,0,0,0,0,0,0,0,0,0,0,0,0,0,0,0,0,0,0,0,0,44,2026-02-06 10:59:24.039100
ATMN,24.59,24.43,24.56,2313300.0,2295000.0,0,0,0,0,0,0,0,0,0,0,0,0,0,0,0,0,0,0,0,0,0,0,0,0,0,0,44,2026-02-06 10:59:24.039100
WNTR,24.96,25.0,25.16,2371600.0,2209500.0,0,0,0,0,0,0,0,0,0,0,0,0,0,0,0,0,0,0,0,0,0,0,0,0,0,0,44,2026-02-06 10:59:24.039100
SPNG,25.09,25.18,25.19,2299200.0,2151200.0,0,0,0,0,0,0,0,0,0,0,0,0,0,0,0,0,0,0,0,0,0,0,0,0,0,0,45,2026-02-06 10:59:25.088573
SMMR,25.07,24.81,24.91,2428100.0,2222900.0,0,0,0,0,0,0,0,0,0,0,0,0,0,0,0,0,0,0,0,0,0,0,0,0,0,0,45,2026-02-06 10:59:25.088573
ATMN,24.59,24.41,24.59,2268600.0,2287000.0,0,0,0,0,0,0,0,0,0,0,0,0,0,0,0,0,0,0,0,0,0,0,0,0,0,0,45,2026-02-06 10:59:25.088573
WNTR,25.0,25.0,25.16,2358100.0,2209500.0,0,0,0,0,0,0,0,0,0,0,0,0,0,0,0,0,0,0,0,0,0,0,0,0,0,0,45,2026-02-06 10:59:25.088573
SPNG,25.21,25.02,25.13,2289800.0,2141000.0,0,0,0,0,0,0,0,0,0,0,0,0,0,0,0,0,0,0,0,0,0,0,0,0,0,0,46,2026-02-06 10:59:26.207362
SMMR,24.99,24.81,24.99,2398400.0,2236200.0,0,0,0,0,0,0,0,0,0,0,0,0,0,0,0,0,0,0,0,0,0,0,0,0,0,0,46,2026-02-06 10:59:26.207362
ATMN,24.41,24.41,24.51,2268600.0,2310900.0,0,0,0,0,0,0,0,0,0,0,0,0,0,0,0,0,0,0,0,0,0,0,0,0,0,0,46,2026-02-06 10:59:26.207362
WNTR,25.16,25.0,25.13,2386200.0,2191400.0,0,0,0,0,0,0,0,0,0,0,0,0,0,0,0,0,0,0,0,0,0,0,0,0,0,0,46,2026-02-06 10:59:26.207362
SPNG,25.13,25.16,25.29,2289700.0,2136700.0,0,0,0,0,0,0,0,0,0,0,0,0,0,0,0,0,0,0,0,0,0,0,0,0,0,0,47,2026-02-06 10:59:27.253096
SMMR,24.79,24.79,24.99,2432700.0,2236200.0,0,0,0,0,0,0,0,0,0,0,0,0,0,0,0,0,0,0,0,0,0,0,0,0,0,0,47,2026-02-06 10:59:27.253096
ATMN,24.4,24.4,24.51,2279200.0,2325800.0,0,0,0,0,0,0,0,0,0,0,0,0,0,0,0,0,0,0,0,0,0,0,0,0,0,0,47,2026-02-06 10:59:27.253096
WNTR,25.03,25.03,25.13,2381300.0,2182900.0,0,0,0,0,0,0,0,0,0,0,0,0,0,0,0,0,0,0,0,0,0,0,0,0,0,0,47,2026-02-06 10:59:27.253096
SPNG,25.31,24.75,25.23,2293400.0,2145100.0,0,0,0,0,0,0,0,0,0,0,0,0,0,0,0,0,0,0,0,0,0,0,0,0,0,0,48,2026-02-06 10:59:28.299220
SMMR,24.77,24.75,24.77,2445000.0,2231400.0,0,0,0,0,0,0,0,0,0,0,0,0,0,0,0,0,0,0,0,0,0,0,0,0,0,0,48,2026-02-06 10:59:28.299220
ATMN,24.59,24.4,24.52,2309000.0,2306200.0,0,0,0,0,0,0,0,0,0,0,0,0,0,0,0,0,0,0,0,0,0,0,0,0,0,0,48,2026-02-06 10:59:28.299220
WNTR,25.03,25.03,25.06,2381300.0,2164300.0,0,0,0,0,0,0,0,0,0,0,0,0,0,0,0,0,0,0,0,0,0,0,0,0,0,0,48,2026-02-06 10:59:28.299220
SPNG,24.82,24.75,24.82,2309400.0,2155600.0,0,0,0,0,0,0,0,0,0,0,0,0,0,0,0,0,0,0,0,0,0,0,0,0,0,0,49,2026-02-06 10:59:29.406572
SMMR,24.77,24.81,24.82,2469900.0,2231900.0,0,0,0,0,0,0,0,0,0,0,0,0,0,0,0,0,0,0,0,0,0,0,0,0,0,0,49,2026-02-06 10:59:29.406572
ATMN,24.52,24.39,24.52,2269500.0,2306200.0,0,0,0,0,0,0,0,0,0,0,0,0,0,0,0,0,0,0,0,0,0,0,0,0,0,0,49,2026-02-06 10:59:29.406572
WNTR,25.03,25.03,25.04,2385100.0,2202000.0,0,0,0,0,0,0,0,0,0,0,0,0,0,0,0,0,0,0,0,0,0,0,0,0,0,0,49,2026-02-06 10:59:29.406572
SPNG,25.23,24.75,25.23,2309400.0,2145100.0,0,0,0,0,0,0,0,0,0,0,0,0,0,0,0,0,0,0,0,0,0,0,0,0,0,0,50,2026-02-06 10:59:30.013110
SMMR,24.77,24.81,24.82,2468000.0,2231900.0,0,0,0,0,0,0,0,0,0,0,0,0,0,0,0,0,0,0,0,0,0,0,0,0,0,0,50,2026-02-06 10:59:30.013110
ATMN,24.52,24.54,24.59,2298300.0,2315700.0,0,0,0,0,0,0,0,0,0,0,0,0,0,0,0,0,0,0,0,0,0,0,0,0,0,0,50,2026-02-06 10:59:30.013110
WNTR,25.0,25.0,25.04,2357000.0,2202000.0,0,0,0,0,0,0,0,0,0,0,0,0,0,0,0,0,0,0,0,0,0,0,0,0,0,0,50,2026-02-06 10:59:30.013110
SPNG,25.23,25.26,25.31,2303700.0,2140500.0,0,0,0,0,0,0,0,0,0,0,0,0,0,0,0,0,0,0,0,0,0,0,0,0,0,0,51,2026-02-06 10:59:31.058376
SMMR,24.75,24.75,24.82,2451400.0,2231900.0,0,0,0,0,0,0,0,0,0,0,0,0,0,0,0,0,0,0,0,0,0,0,0,0,0,0,51,2026-02-06 10:59:31.058376
ATMN,24.54,24.54,24.59,2308700.0,2323600.0,0,0,0,0,0,0,0,0,0,0,0,0,0,0,0,0,0,0,0,0,0,0,0,0,0,0,51,2026-02-06 10:59:31.058376
WNTR,25.06,25.0,25.06,2357000.0,2211700.0,0,0,0,0,0,0,0,0,0,0,0,0,0,0,0,0,0,0,0,0,0,0,0,0,0,0,51,2026-02-06 10:59:31.058376
SPNG,24.83,25.11,25.31,2292200.0,2140500.0,0,0,0,0,0,0,0,0,0,0,0,0,0,0,0,0,0,0,0,0,0,0,0,0,0,0,52,2026-02-06 10:59:32.135908
SMMR,24.82,24.96,25.07,2474300.0,2241100.0,0,0,0,0,0,0,0,0,0,0,0,0,0,0,0,0,0,0,0,0,0,0,0,0,0,0,52,2026-02-06 10:59:32.135908
ATMN,24.64,24.54,24.64,2314000.0,2335600.0,0,0,0,0,0,0,0,0,0,0,0,0,0,0,0,0,0,0,0,0,0,0,0,0,0,0,52,2026-02-06 10:59:32.135908
WNTR,24.95,24.95,25.06,2357300.0,2211700.0,0,0,0,0,0,0,0,0,0,0,0,0,0,0,0,0,0,0,0,0,0,0,0,0,0,0,52,2026-02-06 10:59:32.135908
SPNG,25.11,24.75,24.9,2309400.0,2147500.0,0,0,0,0,0,0,0,0,0,0,0,0,0,0,0,0,0,0,0,0,0,0,0,0,0,0,53,2026-02-06 10:59:33.211648
SMMR,24.91,24.94,24.99,2475300.0,2265800.0,0,0,0,0,0,0,0,0,0,0,0,0,0,0,0,0,0,0,0,0,0,0,0,0,0,0,53,2026-02-06 10:59:33.211648
ATMN,24.47,24.47,24.64,2305100.0,2335600.0,0,0,0,0,0,0,0,0,0,0,0,0,0,0,0,0,0,0,0,0,0,0,0,0,0,0,53,2026-02-06 10:59:33.211648
WNTR,24.95,24.95,24.96,2357300.0,2184700.0,0,0,0,0,0,0,0,0,0,0,0,0,0,0,0,0,0,0,0,0,0,0,0,0,0,0,53,2026-02-06 10:59:33.211648
SPNG,24.9,25.23,25.31,2297600.0,2135800.0,0,0,0,0,0,0,0,0,0,0,0,0,0,0,0,0,0,0,0,0,0,0,0,0,0,0,54,2026-02-06 10:59:34.261416
SMMR,24.91,24.94,24.99,2474300.0,2280200.0,0,0,0,0,0,0,0,0,0,0,0,0,0,0,0,0,0,0,0,0,0,0,0,0,0,0,54,2026-02-06 10:59:34.261416
ATMN,24.42,24.42,24.64,2331300.0,2335600.0,0,0,0,0,0,0,0,0,0,0,0,0,0,0,0,0,0,0,0,0,0,0,0,0,0,0,54,2026-02-06 10:59:34.261416
WNTR,24.95,24.95,24.99,2374200.0,2178700.0,0,0,0,0,0,0,0,0,0,0,0,0,0,0,0,0,0,0,0,0,0,0,0,0,0,0,54,2026-02-06 10:59:34.261416
SPNG,24.9,25.23,25.24,2297600.0,2125700.0,0,0,0,0,0,0,0,0,0,0,0,0,0,0,0,0,0,0,0,0,0,0,0,0,0,0,55,2026-02-06 10:59:35.314896
SMMR,24.94,24.78,24.87,2435500.0,2283900.0,0,0,0,0,0,0,0,0,0,0,0,0,0,0,0,0,0,0,0,0,0,0,0,0,0,0,55,2026-02-06 10:59:35.314896
ATMN,24.64,24.66,24.69,2333700.0,2318800.0,0,0,0,0,0,0,0,0,0,0,0,0,0,0,0,0,0,0,0,0,0,0,0,0,0,0,55,2026-02-06 10:59:35.314896
WNTR,24.93,24.93,24.99,2346500.0,2178700.0,0,0,0,0,0,0,0,0,0,0,0,0,0,0,0,0,0,0,0,0,0,0,0,0,0,0,55,2026-02-06 10:59:35.314896
SPNG,25.23,24.86,24.89,2272600.0,2130100.0,0,0,0,0,0,0,0,0,0,0,0,0,0,0,0,0,0,0,0,0,0,0,0,0,0,0,56,2026-02-06 10:59:36.354498
SMMR,24.83,24.78,24.83,2435500.0,2296400.0,0,0,0,0,0,0,0,0,0,0,0,0,0,0,0,0,0,0,0,0,0,0,0,0,0,0,56,2026-02-06 10:59:36.354498
ATMN,24.66,24.42,24.48,2316800.0,2351800.0,0,0,0,0,0,0,0,0,0,0,0,0,0,0,0,0,0,0,0,0,0,0,0,0,0,0,56,2026-02-06 10:59:36.354498
WNTR,24.93,24.93,24.99,2336300.0,2178700.0,0,0,0,0,0,0,0,0,0,0,0,0,0,0,0,0,0,0,0,0,0,0,0,0,0,0,56,2026-02-06 10:59:36.354498
SPNG,24.77,25.04,25.24,2295900.0,2125700.0,0,0,0,0,0,0,0,0,0,0,0,0,0,0,0,0,0,0,0,0,0,0,0,0,0,0,57,2026-02-06 10:59:37.457917
SMMR,24.92,24.71,24.92,2482600.0,2306500.0,0,0,0,0,0,0,0,0,0,0,0,0,0,0,0,0,0,0,0,0,0,0,0,0,0,0,57,2026-02-06 10:59:37.457917
ATMN,24.48,24.62,24.7,2355100.0,2330300.0,0,0,0,0,0,0,0,0,0,0,0,0,0,0,0,0,0,0,0,0,0,0,0,0,0,0,57,2026-02-06 10:59:37.457917
WNTR,24.98,24.93,24.98,2336300.0,2200400.0,0,0,0,0,0,0,0,0,0,0,0,0,0,0,0,0,0,0,0,0,0,0,0,0,0,0,57,2026-02-06 10:59:37.457917
SPNG,24.77,25.04,25.24,2295900.0,2129900.0,0,0,0,0,0,0,0,0,0,0,0,0,0,0,0,0,0,0,0,0,0,0,0,0,0,0,58,2026-02-06 10:59:38.074874
SMMR,24.71,24.71,24.77,2497700.0,2281000.0,0,0,0,0,0,0,0,0,0,0,0,0,0,0,0,0,0,0,0,0,0,0,0,0,0,0,58,2026-02-06 10:59:38.074874
ATMN,24.48,24.62,24.7,2355100.0,2330400.0,0,0,0,0,0,0,0,0,0,0,0,0,0,0,0,0,0,0,0,0,0,0,0,0,0,0,58,2026-02-06 10:59:38.074874
WNTR,24.98,24.93,24.98,2318800.0,2220100.0,0,0,0,0,0,0,0,0,0,0,0,0,0,0,0,0,0,0,0,0,0,0,0,0,0,0,58,2026-02-06 10:59:38.074874
SPNG,24.92,24.94,25.24,2297600.0,2129900.0,0,0,0,0,0,0,0,0,0,0,0,0,0,0,0,0,0,0,0,0,0,0,0,0,0,0,59,2026-02-06 10:59:39.117673
SMMR,24.77,24.79,24.92,2490000.0,2306500.0,0,0,0,0,0,0,0,0,0,0,0,0,0,0,0,0,0,0,0,0,0,0,0,0,0,0,59,2026-02-06 10:59:39.117673
ATMN,24.39,24.39,24.58,2321100.0,2340800.0,0,0,0,0,0,0,0,0,0,0,0,0,0,0,0,0,0,0,0,0,0,0,0,0,0,0,59,2026-02-06 10:59:39.117673
WNTR,24.92,24.92,24.98,2318100.0,2196600.0,0,0,0,0,0,0,0,0,0,0,0,0,0,0,0,0,0,0,0,0,0,0,0,0,0,0,59,2026-02-06 10:59:39.117673
SPNG,25.31,24.82,0.0,200000.0,0,0,0,0,0,0,0,0,0,0,0,0,0,0,0,0,0,0,0,0,0,0,0,0,0,0,0,60,2026-02-06 10:59:40.175956
SMMR,24.7,23.87,0.0,200000.0,0,0,0,0,0,0,0,0,0,0,0,0,0,0,0,0,0,0,0,0,0,0,0,0,0,0,0,60,2026-02-06 10:59:40.175956
ATMN,24.61,25.02,0.0,200000.0,0,0,0,0,0,0,0,0,0,0,0,0,0,0,0,0,0,0,0,0,0,0,0,0,0,0,0,60,2026-02-06 10:59:40.175956
WNTR,24.92,24.4,0.0,200000.0,0,0,0,0,0,0,0,0,0,0,0,0,0,0,0,0,0,0,0,0,0,0,0,0,0,0,0,60,2026-02-06 10:59:40.175956
SPNG,24.79,24.79,24.84,1110000.0,975200.0,0,0,0,0,0,0,0,0,0,0,0,0,0,0,0,0,0,0,0,0,0,0,0,0,0,0,61,2026-02-06 10:59:41.255551
SMMR,23.89,23.89,24.01,997800.0,1331600.0,0,0,0,0,0,0,0,0,0,0,0,0,0,0,0,0,0,0,0,0,0,0,0,0,0,0,61,2026-02-06 10:59:41.255551
ATMN,24.61,25.02,25.05,960600.0,1217100.0,0,0,0,0,0,0,0,0,0,0,0,0,0,0,0,0,0,0,0,0,0,0,0,0,0,0,61,2026-02-06 10:59:41.255551
WNTR,24.62,24.4,24.61,921800.0,1083900.0,0,0,0,0,0,0,0,0,0,0,0,0,0,0,0,0,0,0,0,0,0,0,0,0,0,0,61,2026-02-06 10:59:41.255551
SPNG,24.36,24.36,24.84,1335800.0,975200.0,0,0,0,0,0,0,0,0,0,0,0,0,0,0,0,0,0,0,0,0,0,0,0,0,0,0,62,2026-02-06 10:59:42.334787
SMMR,23.89,23.89,24.01,1130300.0,1331600.0,0,0,0,0,0,0,0,0,0,0,0,0,0,0,0,0,0,0,0,0,0,0,0,0,0,0,62,2026-02-06 10:59:42.334787
ATMN,25.05,25.02,25.05,1327200.0,1217100.0,0,0,0,0,0,0,0,0,0,0,0,0,0,0,0,0,0,0,0,0,0,0,0,0,0,0,62,2026-02-06 10:59:42.334787
WNTR,24.4,24.4,24.61,945200.0,1299300.0,0,0,0,0,0,0,0,0,0,0,0,0,0,0,0,0,0,0,0,0,0,0,0,0,0,0,62,2026-02-06 10:59:42.334787
SPNG,24.84,25.01,25.37,1452400.0,886100.0,0,0,0,0,0,0,0,0,0,0,0,0,0,0,0,0,0,0,0,0,0,0,0,0,0,0,63,2026-02-06 10:59:43.396479
SMMR,23.89,23.87,23.89,1029900.0,1743500.0,0,0,0,0,0,0,0,0,0,0,0,0,0,0,0,0,0,0,0,0,0,0,0,0,0,0,63,2026-02-06 10:59:43.396479
ATMN,25.08,25.02,25.08,1428200.0,1231300.0,0,0,0,0,0,0,0,0,0,0,0,0,0,0,0,0,0,0,0,0,0,0,0,0,0,0,63,2026-02-06 10:59:43.396479
WNTR,24.4,24.4,24.57,945200.0,1765500.0,0,0,0,0,0,0,0,0,0,0,0,0,0,0,0,0,0,0,0,0,0,0,0,0,0,0,63,2026-02-06 10:59:43.396479
SPNG,24.84,25.01,25.37,1452400.0,1109400.0,0,0,0,0,0,0,0,0,0,0,0,0,0,0,0,0,0,0,0,0,0,0,0,0,0,0,64,2026-02-06 10:59:44.006759
SMMR,23.95,23.87,23.95,1134800.0,1601800.0,0,0,0,0,0,0,0,0,0,0,0,0,0,0,0,0,0,0,0,0,0,0,0,0,0,0,64,2026-02-06 10:59:44.006759
ATMN,25.46,25.02,25.46,1547100.0,1101400.0,0,0,0,0,0,0,0,0,0,0,0,0,0,0,0,0,0,0,0,0,0,0,0,0,0,0,64,2026-02-06 10:59:44.006759
WNTR,24.4,24.4,24.47,945200.0,2001800.0,0,0,0,0,0,0,0,0,0,0,0,0,0,0,0,0,0,0,0,0,0,0,0,0,0,0,64,2026-02-06 10:59:44.006759
SPNG,24.88,25.01,25.11,1444300.0,1324300.0,0,0,0,0,0,0,0,0,0,0,0,0,0,0,0,0,0,0,0,0,0,0,0,0,0,0,65,2026-02-06 10:59:45.094451
SMMR,23.87,23.87,23.95,1167300.0,1719700.0,0,0,0,0,0,0,0,0,0,0,0,0,0,0,0,0,0,0,0,0,0,0,0,0,0,0,65,2026-02-06 10:59:45.094451
ATMN,25.46,25.02,25.39,1547100.0,1435300.0,0,0,0,0,0,0,0,0,0,0,0,0,0,0,0,0,0,0,0,0,0,0,0,0,0,0,65,2026-02-06 10:59:45.094451
WNTR,24.4,24.36,24.37,981600.0,2226200.0,0,0,0,0,0,0,0,0,0,0,0,0,0,0,0,0,0,0,0,0,0,0,0,0,0,0,65,2026-02-06 10:59:45.094451
SPNG,24.43,24.78,25.11,1567800.0,1324300.0,0,0,0,0,0,0,0,0,0,0,0,0,0,0,0,0,0,0,0,0,0,0,0,0,0,0,66,2026-02-06 10:59:46.137102
SMMR,23.87,23.87,23.95,1067300.0,1717000.0,0,0,0,0,0,0,0,0,0,0,0,0,0,0,0,0,0,0,0,0,0,0,0,0,0,0,66,2026-02-06 10:59:46.137102
ATMN,25.02,25.02,25.16,1581300.0,1558300.0,0,0,0,0,0,0,0,0,0,0,0,0,0,0,0,0,0,0,0,0,0,0,0,0,0,0,66,2026-02-06 10:59:46.137102
WNTR,24.4,24.36,24.4,981600.0,2224600.0,0,0,0,0,0,0,0,0,0,0,0,0,0,0,0,0,0,0,0,0,0,0,0,0,0,0,66,2026-02-06 10:59:46.137102
SPNG,24.3,24.6,24.67,1555800.0,1441500.0,0,0,0,0,0,0,0,0,0,0,0,0,0,0,0,0,0,0,0,0,0,0,0,0,0,0,67,2026-02-06 10:59:47.197023
SMMR,24.01,23.87,24.01,1067300.0,1592100.0,0,0,0,0,0,0,0,0,0,0,0,0,0,0,0,0,0,0,0,0,0,0,0,0,0,0,67,2026-02-06 10:59:47.197023
ATMN,25.16,25.02,25.16,1704200.0,1666300.0,0,0,0,0,0,0,0,0,0,0,0,0,0,0,0,0,0,0,0,0,0,0,0,0,0,0,67,2026-02-06 10:59:47.197023
WNTR,24.36,24.23,24.31,1013600.0,2266600.0,0,0,0,0,0,0,0,0,0,0,0,0,0,0,0,0,0,0,0,0,0,0,0,0,0,0,67,2026-02-06 10:59:47.197023
SPNG,24.6,24.6,25.11,1555800.0,1418300.0,0,0,0,0,0,0,0,0,0,0,0,0,0,0,0,0,0,0,0,0,0,0,0,0,0,0,68,2026-02-06 10:59:48.246661
SMMR,23.84,23.71,23.84,1070800.0,1713800.0,0,0,0,0,0,0,0,0,0,0,0,0,0,0,0,0,0,0,0,0,0,0,0,0,0,0,68,2026-02-06 10:59:48.246661
ATMN,25.39,25.09,25.39,1819500.0,1674900.0,0,0,0,0,0,0,0,0,0,0,0,0,0,0,0,0,0,0,0,0,0,0,0,0,0,0,68,2026-02-06 10:59:48.246661
WNTR,24.46,24.23,24.37,1013600.0,2213800.0,0,0,0,0,0,0,0,0,0,0,0,0,0,0,0,0,0,0,0,0,0,0,0,0,0,0,68,2026-02-06 10:59:48.246661
SPNG,24.24,24.75,25.11,1557000.0,1418300.0,0,0,0,0,0,0,0,0,0,0,0,0,0,0,0,0,0,0,0,0,0,0,0,0,0,0,69,2026-02-06 10:59:49.289650
SMMR,23.95,23.95,24.01,1343200.0,1592100.0,0,0,0,0,0,0,0,0,0,0,0,0,0,0,0,0,0,0,0,0,0,0,0,0,0,0,69,2026-02-06 10:59:49.289650
ATMN,25.0,25.0,25.39,1725000.0,1772000.0,0,0,0,0,0,0,0,0,0,0,0,0,0,0,0,0,0,0,0,0,0,0,0,0,0,0,69,2026-02-06 10:59:49.289650
WNTR,24.51,24.32,24.51,1144400.0,2211500.0,0,0,0,0,0,0,0,0,0,0,0,0,0,0,0,0,0,0,0,0,0,0,0,0,0,0,69,2026-02-06 10:59:49.289650
SPNG,24.24,24.3,25.11,1447300.0,1513400.0,0,0,0,0,0,0,0,0,0,0,0,0,0,0,0,0,0,0,0,0,0,0,0,0,0,0,70,2026-02-06 10:59:50.336065
SMMR,23.71,23.71,24.01,1197200.0,1592100.0,0,0,0,0,0,0,0,0,0,0,0,0,0,0,0,0,0,0,0,0,0,0,0,0,0,0,70,2026-02-06 10:59:50.336065
ATMN,25.0,25.0,25.07,1853300.0,1887300.0,0,0,0,0,0,0,0,0,0,0,0,0,0,0,0,0,0,0,0,0,0,0,0,0,0,0,70,2026-02-06 10:59:50.336065
WNTR,24.23,24.23,24.51,1013600.0,2186800.0,0,0,0,0,0,0,0,0,0,0,0,0,0,0,0,0,0,0,0,0,0,0,0,0,0,0,70,2026-02-06 10:59:50.336065
SPNG,25.15,24.46,24.71,1575200.0,1511600.0,0,0,0,0,0,0,0,0,0,0,0,0,0,0,0,0,0,0,0,0,0,0,0,0,0,0,71,2026-02-06 10:59:51.411684
SMMR,23.78,24.0,24.01,1488200.0,1736900.0,0,0,0,0,0,0,0,0,0,0,0,0,0,0,0,0,0,0,0,0,0,0,0,0,0,0,71,2026-02-06 10:59:51.411684
ATMN,25.07,25.22,25.39,2104800.0,1772000.0,0,0,0,0,0,0,0,0,0,0,0,0,0,0,0,0,0,0,0,0,0,0,0,0,0,0,71,2026-02-06 10:59:51.411684
WNTR,24.51,24.27,24.51,1259700.0,2191600.0,0,0,0,0,0,0,0,0,0,0,0,0,0,0,0,0,0,0,0,0,0,0,0,0,0,0,71,2026-02-06 10:59:51.411684
SPNG,24.71,24.46,24.71,1915200.0,1511600.0,0,0,0,0,0,0,0,0,0,0,0,0,0,0,0,0,0,0,0,0,0,0,0,0,0,0,72,2026-02-06 10:59:52.462739
SMMR,24.01,23.93,24.01,1479100.0,1867500.0,0,0,0,0,0,0,0,0,0,0,0,0,0,0,0,0,0,0,0,0,0,0,0,0,0,0,72,2026-02-06 10:59:52.462739
ATMN,25.4,25.22,25.27,2228400.0,1892000.0,0,0,0,0,0,0,0,0,0,0,0,0,0,0,0,0,0,0,0,0,0,0,0,0,0,0,72,2026-02-06 10:59:52.462739
WNTR,24.51,24.27,24.31,1259700.0,2187100.0,0,0,0,0,0,0,0,0,0,0,0,0,0,0,0,0,0,0,0,0,0,0,0,0,0,0,72,2026-02-06 10:59:52.462739
SPNG,25.29,24.54,25.29,2023700.0,1322100.0,0,0,0,0,0,0,0,0,0,0,0,0,0,0,0,0,0,0,0,0,0,0,0,0,0,0,73,2026-02-06 10:59:53.068840
SMMR,24.04,23.93,24.04,1479100.0,1742800.0,0,0,0,0,0,0,0,0,0,0,0,0,0,0,0,0,0,0,0,0,0,0,0,0,0,0,73,2026-02-06 10:59:53.068840
ATMN,25.4,25.22,25.27,2346100.0,1892000.0,0,0,0,0,0,0,0,0,0,0,0,0,0,0,0,0,0,0,0,0,0,0,0,0,0,0,73,2026-02-06 10:59:53.068840
WNTR,24.51,24.27,24.31,1259700.0,2185100.0,0,0,0,0,0,0,0,0,0,0,0,0,0,0,0,0,0,0,0,0,0,0,0,0,0,0,73,2026-02-06 10:59:53.068840
SPNG,24.46,24.46,24.7,2019800.0,1510500.0,0,0,0,0,0,0,0,0,0,0,0,0,0,0,0,0,0,0,0,0,0,0,0,0,0,0,74,2026-02-06 10:59:54.130239
SMMR,23.93,23.93,23.95,1616200.0,1992100.0,0,0,0,0,0,0,0,0,0,0,0,0,0,0,0,0,0,0,0,0,0,0,0,0,0,0,74,2026-02-06 10:59:54.130239
ATMN,25.22,25.22,25.29,2346100.0,1870800.0,0,0,0,0,0,0,0,0,0,0,0,0,0,0,0,0,0,0,0,0,0,0,0,0,0,0,74,2026-02-06 10:59:54.130239
WNTR,24.31,24.27,24.31,1259700.0,2164900.0,0,0,0,0,0,0,0,0,0,0,0,0,0,0,0,0,0,0,0,0,0,0,0,0,0,0,74,2026-02-06 10:59:54.130239
SPNG,24.7,25.03,25.29,2091400.0,1419100.0,0,0,0,0,0,0,0,0,0,0,0,0,0,0,0,0,0,0,0,0,0,0,0,0,0,0,75,2026-02-06 10:59:55.188646
SMMR,23.93,23.71,23.9,1631900.0,2094600.0,0,0,0,0,0,0,0,0,0,0,0,0,0,0,0,0,0,0,0,0,0,0,0,0,0,0,75,2026-02-06 10:59:55.188646
ATMN,25.17,25.17,25.37,2316300.0,1742200.0,0,0,0,0,0,0,0,0,0,0,0,0,0,0,0,0,0,0,0,0,0,0,0,0,0,0,75,2026-02-06 10:59:55.188646
WNTR,24.31,24.31,24.33,1258400.0,2153200.0,0,0,0,0,0,0,0,0,0,0,0,0,0,0,0,0,0,0,0,0,0,0,0,0,0,0,75,2026-02-06 10:59:55.188646
SPNG,25.03,24.44,24.81,2245300.0,1633200.0,0,0,0,0,0,0,0,0,0,0,0,0,0,0,0,0,0,0,0,0,0,0,0,0,0,0,76,2026-02-06 10:59:56.239003
SMMR,23.7,23.7,23.9,1551400.0,2094600.0,0,0,0,0,0,0,0,0,0,0,0,0,0,0,0,0,0,0,0,0,0,0,0,0,0,0,76,2026-02-06 10:59:56.239003
ATMN,25.16,25.16,25.32,2214500.0,1951400.0,0,0,0,0,0,0,0,0,0,0,0,0,0,0,0,0,0,0,0,0,0,0,0,0,0,0,76,2026-02-06 10:59:56.239003
WNTR,24.31,24.22,24.31,1265300.0,2160600.0,0,0,0,0,0,0,0,0,0,0,0,0,0,0,0,0,0,0,0,0,0,0,0,0,0,0,76,2026-02-06 10:59:56.239003
SPNG,24.7,24.44,24.7,2327600.0,1758200.0,0,0,0,0,0,0,0,0,0,0,0,0,0,0,0,0,0,0,0,0,0,0,0,0,0,0,77,2026-02-06 10:59:57.284174
SMMR,23.95,23.9,23.95,1932600.0,1992100.0,0,0,0,0,0,0,0,0,0,0,0,0,0,0,0,0,0,0,0,0,0,0,0,0,0,0,77,2026-02-06 10:59:57.284174
ATMN,25.32,25.0,25.32,1971000.0,2073800.0,0,0,0,0,0,0,0,0,0,0,0,0,0,0,0,0,0,0,0,0,0,0,0,0,0,0,77,2026-02-06 10:59:57.284174
WNTR,24.22,24.18,24.2,1411100.0,2171200.0,0,0,0,0,0,0,0,0,0,0,0,0,0,0,0,0,0,0,0,0,0,0,0,0,0,0,77,2026-02-06 10:59:57.284174
SPNG,24.7,24.79,24.81,2275900.0,1633200.0,0,0,0,0,0,0,0,0,0,0,0,0,0,0,0,0,0,0,0,0,0,0,0,0,0,0,78,2026-02-06 10:59:58.325409
SMMR,24.05,23.9,23.93,1932600.0,1993300.0,0,0,0,0,0,0,0,0,0,0,0,0,0,0,0,0,0,0,0,0,0,0,0,0,0,0,78,2026-02-06 10:59:58.325409
ATMN,25.32,25.31,25.32,2264200.0,2073800.0,0,0,0,0,0,0,0,0,0,0,0,0,0,0,0,0,0,0,0,0,0,0,0,0,0,0,78,2026-02-06 10:59:58.325409
WNTR,24.33,24.3,24.33,1606200.0,2153200.0,0,0,0,0,0,0,0,0,0,0,0,0,0,0,0,0,0,0,0,0,0,0,0,0,0,0,78,2026-02-06 10:59:58.325409
SPNG,24.85,24.85,25.02,2293700.0,1516300.0,0,0,0,0,0,0,0,0,0,0,0,0,0,0,0,0,0,0,0,0,0,0,0,0,0,0,79,2026-02-06 10:59:59.398776
SMMR,23.93,23.76,23.93,1950900.0,2095900.0,0,0,0,0,0,0,0,0,0,0,0,0,0,0,0,0,0,0,0,0,0,0,0,0,0,0,79,2026-02-06 10:59:59.398776
ATMN,25.41,25.08,25.25,2163100.0,1885900.0,0,0,0,0,0,0,0,0,0,0,0,0,0,0,0,0,0,0,0,0,0,0,0,0,0,0,79,2026-02-06 10:59:59.398776
WNTR,24.41,24.37,24.41,1635500.0,2155200.0,0,0,0,0,0,0,0,0,0,0,0,0,0,0,0,0,0,0,0,0,0,0,0,0,0,0,79,2026-02-06 10:59:59.398776
SPNG,24.42,24.77,24.99,2295600.0,1725200.0,0,0,0,0,0,0,0,0,0,0,0,0,0,0,0,0,0,0,0,0,0,0,0,0,0,0,80,2026-02-06 11:00:00.499036
SMMR,24.05,24.01,24.05,2066700.0,1965600.0,0,0,0,0,0,0,0,0,0,0,0,0,0,0,0,0,0,0,0,0,0,0,0,0,0,0,80,2026-02-06 11:00:00.499036
ATMN,25.25,25.33,25.46,2383500.0,1755600.0,0,0,0,0,0,0,0,0,0,0,0,0,0,0,0,0,0,0,0,0,0,0,0,0,0,0,80,2026-02-06 11:00:00.499036
WNTR,24.41,24.37,24.41,1635500.0,2179400.0,0,0,0,0,0,0,0,0,0,0,0,0,0,0,0,0,0,0,0,0,0,0,0,0,0,0,80,2026-02-06 11:00:00.499036
SPNG,24.41,24.41,24.55,2314400.0,1815900.0,0,0,0,0,0,0,0,0,0,0,0,0,0,0,0,0,0,0,0,0,0,0,0,0,0,0,81,2026-02-06 11:00:01.149888
SMMR,24.01,23.76,23.85,2100400.0,2096700.0,0,0,0,0,0,0,0,0,0,0,0,0,0,0,0,0,0,0,0,0,0,0,0,0,0,0,81,2026-02-06 11:00:01.149888
ATMN,25.48,25.33,25.48,2383500.0,1756300.0,0,0,0,0,0,0,0,0,0,0,0,0,0,0,0,0,0,0,0,0,0,0,0,0,0,0,81,2026-02-06 11:00:01.149888
WNTR,24.41,24.37,24.41,1635500.0,2224400.0,0,0,0,0,0,0,0,0,0,0,0,0,0,0,0,0,0,0,0,0,0,0,0,0,0,0,81,2026-02-06 11:00:01.149888
SPNG,24.83,24.41,24.56,2314400.0,2088700.0,0,0,0,0,0,0,0,0,0,0,0,0,0,0,0,0,0,0,0,0,0,0,0,0,0,0,82,2026-02-06 11:00:02.233569
SMMR,23.85,23.91,24.05,2437200.0,1965600.0,0,0,0,0,0,0,0,0,0,0,0,0,0,0,0,0,0,0,0,0,0,0,0,0,0,0,82,2026-02-06 11:00:02.233569
ATMN,25.48,25.33,25.48,2337900.0,2014200.0,0,0,0,0,0,0,0,0,0,0,0,0,0,0,0,0,0,0,0,0,0,0,0,0,0,0,82,2026-02-06 11:00:02.233569
WNTR,24.18,24.18,24.21,1505400.0,2244700.0,0,0,0,0,0,0,0,0,0,0,0,0,0,0,0,0,0,0,0,0,0,0,0,0,0,0,82,2026-02-06 11:00:02.233569
SPNG,24.96,24.73,24.96,2277500.0,2078200.0,0,0,0,0,0,0,0,0,0,0,0,0,0,0,0,0,0,0,0,0,0,0,0,0,0,0,83,2026-02-06 11:00:03.316181
SMMR,24.05,23.78,24.05,2474500.0,1941900.0,0,0,0,0,0,0,0,0,0,0,0,0,0,0,0,0,0,0,0,0,0,0,0,0,0,0,83,2026-02-06 11:00:03.316181
ATMN,25.33,25.23,25.32,2383500.0,2247700.0,0,0,0,0,0,0,0,0,0,0,0,0,0,0,0,0,0,0,0,0,0,0,0,0,0,0,83,2026-02-06 11:00:03.316181
WNTR,24.21,24.33,24.48,1701400.0,2226200.0,0,0,0,0,0,0,0,0,0,0,0,0,0,0,0,0,0,0,0,0,0,0,0,0,0,0,83,2026-02-06 11:00:03.316181
SPNG,24.93,24.41,24.93,2314400.0,2082300.0,0,0,0,0,0,0,0,0,0,0,0,0,0,0,0,0,0,0,0,0,0,0,0,0,0,0,84,2026-02-06 11:00:04.355963
SMMR,24.0,23.92,24.0,2613700.0,2075000.0,0,0,0,0,0,0,0,0,0,0,0,0,0,0,0,0,0,0,0,0,0,0,0,0,0,0,84,2026-02-06 11:00:04.355963
ATMN,25.48,25.31,25.34,2327700.0,2247300.0,0,0,0,0,0,0,0,0,0,0,0,0,0,0,0,0,0,0,0,0,0,0,0,0,0,0,84,2026-02-06 11:00:04.355963
WNTR,24.29,24.18,24.21,1599400.0,2254800.0,0,0,0,0,0,0,0,0,0,0,0,0,0,0,0,0,0,0,0,0,0,0,0,0,0,0,84,2026-02-06 11:00:04.355963
SPNG,24.93,24.63,24.81,2284300.0,2154500.0,0,0,0,0,0,0,0,0,0,0,0,0,0,0,0,0,0,0,0,0,0,0,0,0,0,0,85,2026-02-06 11:00:05.406669
SMMR,23.92,23.83,23.89,2586600.0,2220000.0,0,0,0,0,0,0,0,0,0,0,0,0,0,0,0,0,0,0,0,0,0,0,0,0,0,0,85,2026-02-06 11:00:05.406669
ATMN,25.3,25.23,25.3,2396200.0,2268600.0,0,0,0,0,0,0,0,0,0,0,0,0,0,0,0,0,0,0,0,0,0,0,0,0,0,0,85,2026-02-06 11:00:05.406669
WNTR,24.21,24.38,24.48,1706000.0,2214500.0,0,0,0,0,0,0,0,0,0,0,0,0,0,0,0,0,0,0,0,0,0,0,0,0,0,0,85,2026-02-06 11:00:05.406669
SPNG,24.99,24.63,24.84,2284300.0,2110400.0,0,0,0,0,0,0,0,0,0,0,0,0,0,0,0,0,0,0,0,0,0,0,0,0,0,0,86,2026-02-06 11:00:06.471353
SMMR,23.89,23.85,23.89,2677700.0,2220000.0,0,0,0,0,0,0,0,0,0,0,0,0,0,0,0,0,0,0,0,0,0,0,0,0,0,0,86,2026-02-06 11:00:06.471353
ATMN,25.3,25.27,25.3,2334400.0,2295200.0,0,0,0,0,0,0,0,0,0,0,0,0,0,0,0,0,0,0,0,0,0,0,0,0,0,0,86,2026-02-06 11:00:06.471353
WNTR,24.38,24.18,24.31,1714300.0,2243300.0,0,0,0,0,0,0,0,0,0,0,0,0,0,0,0,0,0,0,0,0,0,0,0,0,0,0,86,2026-02-06 11:00:06.471353
SPNG,24.7,24.7,24.84,2254100.0,2141100.0,0,0,0,0,0,0,0,0,0,0,0,0,0,0,0,0,0,0,0,0,0,0,0,0,0,0,87,2026-02-06 11:00:07.568456
SMMR,23.85,23.85,23.88,2684800.0,2361800.0,0,0,0,0,0,0,0,0,0,0,0,0,0,0,0,0,0,0,0,0,0,0,0,0,0,0,87,2026-02-06 11:00:07.568456
ATMN,25.54,25.27,25.54,2324500.0,2199300.0,0,0,0,0,0,0,0,0,0,0,0,0,0,0,0,0,0,0,0,0,0,0,0,0,0,0,87,2026-02-06 11:00:07.568456
WNTR,24.31,24.2,24.31,1819500.0,2243300.0,0,0,0,0,0,0,0,0,0,0,0,0,0,0,0,0,0,0,0,0,0,0,0,0,0,0,87,2026-02-06 11:00:07.568456
SPNG,24.63,24.41,24.58,2302700.0,2189400.0,0,0,0,0,0,0,0,0,0,0,0,0,0,0,0,0,0,0,0,0,0,0,0,0,0,0,88,2026-02-06 11:00:08.185998
SMMR,23.85,23.85,23.88,2672100.0,2361800.0,0,0,0,0,0,0,0,0,0,0,0,0,0,0,0,0,0,0,0,0,0,0,0,0,0,0,88,2026-02-06 11:00:08.185998
ATMN,25.54,25.27,25.54,2324500.0,2233800.0,0,0,0,0,0,0,0,0,0,0,0,0,0,0,0,0,0,0,0,0,0,0,0,0,0,0,88,2026-02-06 11:00:08.185998
WNTR,24.31,24.33,24.48,2038800.0,2237100.0,0,0,0,0,0,0,0,0,0,0,0,0,0,0,0,0,0,0,0,0,0,0,0,0,0,0,88,2026-02-06 11:00:08.185998
SPNG,24.84,24.41,24.84,2281500.0,2158000.0,0,0,0,0,0,0,0,0,0,0,0,0,0,0,0,0,0,0,0,0,0,0,0,0,0,0,89,2026-02-06 11:00:09.235623
SMMR,23.88,23.85,23.89,2631900.0,2220000.0,0,0,0,0,0,0,0,0,0,0,0,0,0,0,0,0,0,0,0,0,0,0,0,0,0,0,89,2026-02-06 11:00:09.235623
ATMN,25.27,25.27,25.54,2324500.0,2273300.0,0,0,0,0,0,0,0,0,0,0,0,0,0,0,0,0,0,0,0,0,0,0,0,0,0,0,89,2026-02-06 11:00:09.235623
WNTR,24.16,24.16,24.35,1609700.0,2232900.0,0,0,0,0,0,0,0,0,0,0,0,0,0,0,0,0,0,0,0,0,0,0,0,0,0,0,89,2026-02-06 11:00:09.235623
SPNG,24.84,24.92,24.99,2306600.0,2119200.0,0,0,0,0,0,0,0,0,0,0,0,0,0,0,0,0,0,0,0,0,0,0,0,0,0,0,90,2026-02-06 11:00:10.269403
SMMR,24.05,24.05,24.06,2579400.0,1912400.0,0,0,0,0,0,0,0,0,0,0,0,0,0,0,0,0,0,0,0,0,0,0,0,0,0,0,90,2026-02-06 11:00:10.269403
ATMN,25.17,25.17,25.32,2355200.0,2295000.0,0,0,0,0,0,0,0,0,0,0,0,0,0,0,0,0,0,0,0,0,0,0,0,0,0,0,90,2026-02-06 11:00:10.269403
WNTR,24.28,24.16,24.23,1840300.0,2267300.0,0,0,0,0,0,0,0,0,0,0,0,0,0,0,0,0,0,0,0,0,0,0,0,0,0,0,90,2026-02-06 11:00:10.269403
SPNG,24.92,24.41,24.85,2334800.0,2119200.0,0,0,0,0,0,0,0,0,0,0,0,0,0,0,0,0,0,0,0,0,0,0,0,0,0,0,91,2026-02-06 11:00:11.461332
SMMR,24.05,24.05,24.06,2579400.0,2443600.0,0,0,0,0,0,0,0,0,0,0,0,0,0,0,0,0,0,0,0,0,0,0,0,0,0,0,91,2026-02-06 11:00:11.461332
ATMN,25.17,25.08,25.1,2280800.0,2304400.0,0,0,0,0,0,0,0,0,0,0,0,0,0,0,0,0,0,0,0,0,0,0,0,0,0,0,91,2026-02-06 11:00:11.461332
WNTR,24.2,24.18,24.2,2147900.0,2291000.0,0,0,0,0,0,0,0,0,0,0,0,0,0,0,0,0,0,0,0,0,0,0,0,0,0,0,91,2026-02-06 11:00:11.461332
SPNG,24.85,24.91,24.99,2334800.0,2152100.0,0,0,0,0,0,0,0,0,0,0,0,0,0,0,0,0,0,0,0,0,0,0,0,0,0,0,92,2026-02-06 11:00:12.411908
SMMR,24.05,24.05,24.06,2579400.0,2441200.0,0,0,0,0,0,0,0,0,0,0,0,0,0,0,0,0,0,0,0,0,0,0,0,0,0,0,92,2026-02-06 11:00:12.411908
ATMN,25.17,25.08,25.1,2289600.0,2304400.0,0,0,0,0,0,0,0,0,0,0,0,0,0,0,0,0,0,0,0,0,0,0,0,0,0,0,92,2026-02-06 11:00:12.411908
WNTR,24.2,24.19,24.2,2263300.0,2281100.0,0,0,0,0,0,0,0,0,0,0,0,0,0,0,0,0,0,0,0,0,0,0,0,0,0,0,92,2026-02-06 11:00:12.411908
SPNG,24.4,24.58,24.99,2330900.0,2152100.0,0,0,0,0,0,0,0,0,0,0,0,0,0,0,0,0,0,0,0,0,0,0,0,0,0,0,93,2026-02-06 11:00:13.462704
SMMR,24.06,23.85,24.06,2587600.0,2459100.0,0,0,0,0,0,0,0,0,0,0,0,0,0,0,0,0,0,0,0,0,0,0,0,0,0,0,93,2026-02-06 11:00:13.462704
ATMN,25.32,25.08,25.32,2289600.0,2295000.0,0,0,0,0,0,0,0,0,0,0,0,0,0,0,0,0,0,0,0,0,0,0,0,0,0,0,93,2026-02-06 11:00:13.462704
WNTR,24.18,24.18,24.2,2280700.0,2318000.0,0,0,0,0,0,0,0,0,0,0,0,0,0,0,0,0,0,0,0,0,0,0,0,0,0,0,93,2026-02-06 11:00:13.462704
SPNG,24.58,24.58,24.99,2330900.0,2161600.0,0,0,0,0,0,0,0,0,0,0,0,0,0,0,0,0,0,0,0,0,0,0,0,0,0,0,94,2026-02-06 11:00:14.552015
SMMR,24.04,23.99,24.04,2582900.0,2492300.0,0,0,0,0,0,0,0,0,0,0,0,0,0,0,0,0,0,0,0,0,0,0,0,0,0,0,94,2026-02-06 11:00:14.552015
ATMN,25.32,25.08,25.09,2289600.0,2251500.0,0,0,0,0,0,0,0,0,0,0,0,0,0,0,0,0,0,0,0,0,0,0,0,0,0,0,94,2026-02-06 11:00:14.552015
WNTR,24.23,24.23,24.29,2354000.0,2263700.0,0,0,0,0,0,0,0,0,0,0,0,0,0,0,0,0,0,0,0,0,0,0,0,0,0,0,94,2026-02-06 11:00:14.552015
SPNG,24.4,24.87,24.99,2337000.0,2161600.0,0,0,0,0,0,0,0,0,0,0,0,0,0,0,0,0,0,0,0,0,0,0,0,0,0,0,95,2026-02-06 11:00:15.604604
SMMR,24.1,23.99,24.1,2582900.0,2445200.0,0,0,0,0,0,0,0,0,0,0,0,0,0,0,0,0,0,0,0,0,0,0,0,0,0,0,95,2026-02-06 11:00:15.604604
ATMN,25.08,25.08,25.09,2324800.0,2238200.0,0,0,0,0,0,0,0,0,0,0,0,0,0,0,0,0,0,0,0,0,0,0,0,0,0,0,95,2026-02-06 11:00:15.604604
WNTR,24.23,24.24,24.29,2317400.0,2263700.0,0,0,0,0,0,0,0,0,0,0,0,0,0,0,0,0,0,0,0,0,0,0,0,0,0,0,95,2026-02-06 11:00:15.604604
SPNG,24.4,24.4,24.99,2341800.0,2161600.0,0,0,0,0,0,0,0,0,0,0,0,0,0,0,0,0,0,0,0,0,0,0,0,0,0,0,96,2026-02-06 11:00:16.690771
SMMR,24.1,23.85,24.04,2587600.0,2444600.0,0,0,0,0,0,0,0,0,0,0,0,0,0,0,0,0,0,0,0,0,0,0,0,0,0,0,96,2026-02-06 11:00:16.690771
ATMN,25.03,25.03,25.04,2334700.0,2194600.0,0,0,0,0,0,0,0,0,0,0,0,0,0,0,0,0,0,0,0,0,0,0,0,0,0,0,96,2026-02-06 11:00:16.690771
WNTR,24.35,24.24,24.35,2340500.0,2253600.0,0,0,0,0,0,0,0,0,0,0,0,0,0,0,0,0,0,0,0,0,0,0,0,0,0,0,96,2026-02-06 11:00:16.690771
SPNG,24.4,24.45,24.99,2305300.0,2161600.0,0,0,0,0,0,0,0,0,0,0,0,0,0,0,0,0,0,0,0,0,0,0,0,0,0,0,97,2026-02-06 11:00:17.242910
SMMR,24.1,23.91,24.04,2579400.0,2444600.0,0,0,0,0,0,0,0,0,0,0,0,0,0,0,0,0,0,0,0,0,0,0,0,0,0,0,97,2026-02-06 11:00:17.242910
ATMN,24.98,24.98,25.04,2457400.0,2194600.0,0,0,0,0,0,0,0,0,0,0,0,0,0,0,0,0,0,0,0,0,0,0,0,0,0,0,97,2026-02-06 11:00:17.242910
WNTR,24.35,24.31,24.35,2345200.0,2253600.0,0,0,0,0,0,0,0,0,0,0,0,0,0,0,0,0,0,0,0,0,0,0,0,0,0,0,97,2026-02-06 11:00:17.242910
SPNG,25.02,25.02,25.05,2283400.0,2121000.0,0,0,0,0,0,0,0,0,0,0,0,0,0,0,0,0,0,0,0,0,0,0,0,0,0,0,98,2026-02-06 11:00:18.292748
SMMR,23.97,23.93,23.97,2555900.0,2466200.0,0,0,0,0,0,0,0,0,0,0,0,0,0,0,0,0,0,0,0,0,0,0,0,0,0,0,98,2026-02-06 11:00:18.292748
ATMN,25.03,24.98,25.03,2457400.0,2221400.0,0,0,0,0,0,0,0,0,0,0,0,0,0,0,0,0,0,0,0,0,0,0,0,0,0,0,98,2026-02-06 11:00:18.292748
WNTR,24.36,24.31,24.36,2336200.0,2246600.0,0,0,0,0,0,0,0,0,0,0,0,0,0,0,0,0,0,0,0,0,0,0,0,0,0,0,98,2026-02-06 11:00:18.292748
SPNG,24.45,24.93,25.05,2287800.0,2130900.0,0,0,0,0,0,0,0,0,0,0,0,0,0,0,0,0,0,0,0,0,0,0,0,0,0,0,99,2026-02-06 11:00:19.351537
SMMR,23.97,24.02,24.04,2541400.0,2447100.0,0,0,0,0,0,0,0,0,0,0,0,0,0,0,0,0,0,0,0,0,0,0,0,0,0,0,99,2026-02-06 11:00:19.351537
ATMN,25.04,24.98,25.04,2398600.0,2194900.0,0,0,0,0,0,0,0,0,0,0,0,0,0,0,0,0,0,0,0,0,0,0,0,0,0,0,99,2026-02-06 11:00:19.351537
WNTR,24.36,24.31,24.36,2325600.0,2272000.0,0,0,0,0,0,0,0,0,0,0,0,0,0,0,0,0,0,0,0,0,0,0,0,0,0,0,99,2026-02-06 11:00:19.351537
SPNG,25.05,24.56,25.05,2283300.0,2157300.0,0,0,0,0,0,0,0,0,0,0,0,0,0,0,0,0,0,0,0,0,0,0,0,0,0,0,100,2026-02-06 11:00:20.392155
SMMR,23.99,23.99,24.04,2577700.0,2447100.0,0,0,0,0,0,0,0,0,0,0,0,0,0,0,0,0,0,0,0,0,0,0,0,0,0,0,100,2026-02-06 11:00:20.392155
ATMN,24.97,24.97,25.09,2400600.0,2212000.0,0,0,0,0,0,0,0,0,0,0,0,0,0,0,0,0,0,0,0,0,0,0,0,0,0,0,100,2026-02-06 11:00:20.392155
WNTR,24.37,24.31,24.37,2359400.0,2267000.0,0,0,0,0,0,0,0,0,0,0,0,0,0,0,0,0,0,0,0,0,0,0,0,0,0,0,100,2026-02-06 11:00:20.392155
SPNG,24.45,24.45,25.03,2289100.0,2173000.0,0,0,0,0,0,0,0,0,0,0,0,0,0,0,0,0,0,0,0,0,0,0,0,0,0,0,101,2026-02-06 11:00:21.434267
SMMR,23.99,23.99,24.04,2598200.0,2421700.0,0,0,0,0,0,0,0,0,0,0,0,0,0,0,0,0,0,0,0,0,0,0,0,0,0,0,101,2026-02-06 11:00:21.434267
ATMN,24.97,24.97,25.09,2447800.0,2208000.0,0,0,0,0,0,0,0,0,0,0,0,0,0,0,0,0,0,0,0,0,0,0,0,0,0,0,101,2026-02-06 11:00:21.434267
WNTR,24.45,24.33,24.45,2343400.0,2236400.0,0,0,0,0,0,0,0,0,0,0,0,0,0,0,0,0,0,0,0,0,0,0,0,0,0,0,101,2026-02-06 11:00:21.434267
SPNG,24.37,24.37,24.4,2326500.0,2157300.0,0,0,0,0,0,0,0,0,0,0,0,0,0,0,0,0,0,0,0,0,0,0,0,0,0,0,102,2026-02-06 11:00:22.478797
SMMR,23.93,23.93,24.01,2566300.0,2416800.0,0,0,0,0,0,0,0,0,0,0,0,0,0,0,0,0,0,0,0,0,0,0,0,0,0,0,102,2026-02-06 11:00:22.478797
ATMN,24.96,24.96,25.09,2491000.0,2208000.0,0,0,0,0,0,0,0,0,0,0,0,0,0,0,0,0,0,0,0,0,0,0,0,0,0,0,102,2026-02-06 11:00:22.478797
WNTR,24.48,24.44,24.48,2318400.0,2233900.0,0,0,0,0,0,0,0,0,0,0,0,0,0,0,0,0,0,0,0,0,0,0,0,0,0,0,102,2026-02-06 11:00:22.478797
SPNG,25.06,24.41,25.06,2330500.0,2142200.0,0,0,0,0,0,0,0,0,0,0,0,0,0,0,0,0,0,0,0,0,0,0,0,0,0,0,103,2026-02-06 11:00:23.516338
SMMR,24.04,24.04,24.08,2581700.0,2430900.0,0,0,0,0,0,0,0,0,0,0,0,0,0,0,0,0,0,0,0,0,0,0,0,0,0,0,103,2026-02-06 11:00:23.516338
ATMN,25.1,24.96,25.1,2491000.0,2169700.0,0,0,0,0,0,0,0,0,0,0,0,0,0,0,0,0,0,0,0,0,0,0,0,0,0,0,103,2026-02-06 11:00:23.516338
WNTR,24.48,24.45,24.48,2289900.0,2228600.0,0,0,0,0,0,0,0,0,0,0,0,0,0,0,0,0,0,0,0,0,0,0,0,0,0,0,103,2026-02-06 11:00:23.516338
SPNG,25.06,25.09,25.1,2300300.0,2165300.0,0,0,0,0,0,0,0,0,0,0,0,0,0,0,0,0,0,0,0,0,0,0,0,0,0,0,104,2026-02-06 11:00:24.563314
SMMR,24.11,24.11,24.13,2557000.0,2455700.0,0,0,0,0,0,0,0,0,0,0,0,0,0,0,0,0,0,0,0,0,0,0,0,0,0,0,104,2026-02-06 11:00:24.563314
ATMN,25.1,24.96,25.1,2491000.0,2102000.0,0,0,0,0,0,0,0,0,0,0,0,0,0,0,0,0,0,0,0,0,0,0,0,0,0,0,104,2026-02-06 11:00:24.563314
WNTR,24.44,24.44,24.48,2293900.0,2228600.0,0,0,0,0,0,0,0,0,0,0,0,0,0,0,0,0,0,0,0,0,0,0,0,0,0,0,104,2026-02-06 11:00:24.563314
SPNG,24.41,24.59,25.04,2311900.0,2160100.0,0,0,0,0,0,0,0,0,0,0,0,0,0,0,0,0,0,0,0,0,0,0,0,0,0,0,105,2026-02-06 11:00:25.621137
SMMR,24.13,23.93,24.13,2571800.0,2468800.0,0,0,0,0,0,0,0,0,0,0,0,0,0,0,0,0,0,0,0,0,0,0,0,0,0,0,105,2026-02-06 11:00:25.621137
ATMN,25.06,25.06,25.1,2456400.0,2134700.0,0,0,0,0,0,0,0,0,0,0,0,0,0,0,0,0,0,0,0,0,0,0,0,0,0,0,105,2026-02-06 11:00:25.621137
WNTR,24.42,24.4,24.42,2328900.0,2241900.0,0,0,0,0,0,0,0,0,0,0,0,0,0,0,0,0,0,0,0,0,0,0,0,0,0,0,105,2026-02-06 11:00:25.621137
SPNG,24.41,24.59,24.66,2311900.0,2173900.0,0,0,0,0,0,0,0,0,0,0,0,0,0,0,0,0,0,0,0,0,0,0,0,0,0,0,106,2026-02-06 11:00:26.668372
SMMR,23.93,23.93,24.13,2598100.0,2496700.0,0,0,0,0,0,0,0,0,0,0,0,0,0,0,0,0,0,0,0,0,0,0,0,0,0,0,106,2026-02-06 11:00:26.668372
ATMN,25.11,24.96,24.97,2386800.0,2140200.0,0,0,0,0,0,0,0,0,0,0,0,0,0,0,0,0,0,0,0,0,0,0,0,0,0,0,106,2026-02-06 11:00:26.668372
WNTR,24.39,24.39,24.42,2290900.0,2241900.0,0,0,0,0,0,0,0,0,0,0,0,0,0,0,0,0,0,0,0,0,0,0,0,0,0,0,106,2026-02-06 11:00:26.668372
SPNG,24.66,24.59,24.61,2311900.0,2147800.0,0,0,0,0,0,0,0,0,0,0,0,0,0,0,0,0,0,0,0,0,0,0,0,0,0,0,107,2026-02-06 11:00:27.710972
SMMR,23.98,23.98,24.14,2614500.0,2482400.0,0,0,0,0,0,0,0,0,0,0,0,0,0,0,0,0,0,0,0,0,0,0,0,0,0,0,107,2026-02-06 11:00:27.710972
ATMN,24.84,24.84,24.97,2259600.0,2140200.0,0,0,0,0,0,0,0,0,0,0,0,0,0,0,0,0,0,0,0,0,0,0,0,0,0,0,107,2026-02-06 11:00:27.710972
WNTR,24.42,24.42,24.48,2280600.0,2228600.0,0,0,0,0,0,0,0,0,0,0,0,0,0,0,0,0,0,0,0,0,0,0,0,0,0,0,107,2026-02-06 11:00:27.710972
SPNG,24.66,24.59,24.66,2290400.0,2173900.0,0,0,0,0,0,0,0,0,0,0,0,0,0,0,0,0,0,0,0,0,0,0,0,0,0,0,108,2026-02-06 11:00:28.751185
SMMR,23.98,23.98,24.09,2636400.0,2529000.0,0,0,0,0,0,0,0,0,0,0,0,0,0,0,0,0,0,0,0,0,0,0,0,0,0,0,108,2026-02-06 11:00:28.751185
ATMN,24.97,24.82,24.97,2140700.0,2140200.0,0,0,0,0,0,0,0,0,0,0,0,0,0,0,0,0,0,0,0,0,0,0,0,0,0,0,108,2026-02-06 11:00:28.751185
WNTR,24.48,24.44,24.48,2293600.0,2240000.0,0,0,0,0,0,0,0,0,0,0,0,0,0,0,0,0,0,0,0,0,0,0,0,0,0,0,108,2026-02-06 11:00:28.751185
SPNG,24.59,24.59,24.66,2289000.0,2173900.0,0,0,0,0,0,0,0,0,0,0,0,0,0,0,0,0,0,0,0,0,0,0,0,0,0,0,109,2026-02-06 11:00:29.313429
SMMR,23.91,23.91,24.09,2625100.0,2529000.0,0,0,0,0,0,0,0,0,0,0,0,0,0,0,0,0,0,0,0,0,0,0,0,0,0,0,109,2026-02-06 11:00:29.313429
ATMN,25.13,24.86,25.13,2262900.0,2147100.0,0,0,0,0,0,0,0,0,0,0,0,0,0,0,0,0,0,0,0,0,0,0,0,0,0,0,109,2026-02-06 11:00:29.313429
WNTR,24.48,24.44,24.48,2291100.0,2240000.0,0,0,0,0,0,0,0,0,0,0,0,0,0,0,0,0,0,0,0,0,0,0,0,0,0,0,109,2026-02-06 11:00:29.313429
SPNG,24.59,24.43,24.56,2301100.0,2158500.0,0,0,0,0,0,0,0,0,0,0,0,0,0,0,0,0,0,0,0,0,0,0,0,0,0,0,110,2026-02-06 11:00:30.403158
SMMR,24.09,23.91,24.09,2604300.0,2538700.0,0,0,0,0,0,0,0,0,0,0,0,0,0,0,0,0,0,0,0,0,0,0,0,0,0,0,110,2026-02-06 11:00:30.403158
ATMN,24.86,24.86,25.13,2262900.0,2140000.0,0,0,0,0,0,0,0,0,0,0,0,0,0,0,0,0,0,0,0,0,0,0,0,0,0,0,110,2026-02-06 11:00:30.403158
WNTR,24.48,24.44,24.48,2315600.0,2240000.0,0,0,0,0,0,0,0,0,0,0,0,0,0,0,0,0,0,0,0,0,0,0,0,0,0,0,110,2026-02-06 11:00:30.403158
SPNG,25.1,24.43,25.1,2290600.0,2147300.0,0,0,0,0,0,0,0,0,0,0,0,0,0,0,0,0,0,0,0,0,0,0,0,0,0,0,111,2026-02-06 11:00:31.453732
SMMR,23.86,23.86,24.09,2581800.0,2545000.0,0,0,0,0,0,0,0,0,0,0,0,0,0,0,0,0,0,0,0,0,0,0,0,0,0,0,111,2026-02-06 11:00:31.453732
ATMN,25.15,24.86,25.15,2262900.0,2142900.0,0,0,0,0,0,0,0,0,0,0,0,0,0,0,0,0,0,0,0,0,0,0,0,0,0,0,111,2026-02-06 11:00:31.453732
WNTR,24.48,24.44,24.48,2315600.0,2210900.0,0,0,0,0,0,0,0,0,0,0,0,0,0,0,0,0,0,0,0,0,0,0,0,0,0,0,111,2026-02-06 11:00:31.453732
SPNG,25.1,24.47,25.1,2289500.0,2147300.0,0,0,0,0,0,0,0,0,0,0,0,0,0,0,0,0,0,0,0,0,0,0,0,0,0,0,112,2026-02-06 11:00:32.498956
SMMR,23.86,23.86,24.08,2581800.0,2520000.0,0,0,0,0,0,0,0,0,0,0,0,0,0,0,0,0,0,0,0,0,0,0,0,0,0,0,112,2026-02-06 11:00:32.498956
ATMN,25.15,24.86,25.15,2399600.0,2162900.0,0,0,0,0,0,0,0,0,0,0,0,0,0,0,0,0,0,0,0,0,0,0,0,0,0,0,112,2026-02-06 11:00:32.498956
WNTR,24.44,24.44,24.48,2315600.0,2210900.0,0,0,0,0,0,0,0,0,0,0,0,0,0,0,0,0,0,0,0,0,0,0,0,0,0,0,112,2026-02-06 11:00:32.498956
SPNG,24.43,24.43,25.1,2290600.0,2160700.0,0,0,0,0,0,0,0,0,0,0,0,0,0,0,0,0,0,0,0,0,0,0,0,0,0,0,113,2026-02-06 11:00:33.545831
SMMR,24.08,23.86,24.08,2567600.0,2514200.0,0,0,0,0,0,0,0,0,0,0,0,0,0,0,0,0,0,0,0,0,0,0,0,0,0,0,113,2026-02-06 11:00:33.545831
ATMN,25.16,25.12,25.16,2489100.0,2167300.0,0,0,0,0,0,0,0,0,0,0,0,0,0,0,0,0,0,0,0,0,0,0,0,0,0,0,113,2026-02-06 11:00:33.545831
WNTR,24.48,24.44,24.48,2315600.0,2207300.0,0,0,0,0,0,0,0,0,0,0,0,0,0,0,0,0,0,0,0,0,0,0,0,0,0,0,113,2026-02-06 11:00:33.545831
SPNG,24.43,24.43,25.1,2308000.0,2160700.0,0,0,0,0,0,0,0,0,0,0,0,0,0,0,0,0,0,0,0,0,0,0,0,0,0,0,114,2026-02-06 11:00:34.611690
SMMR,24.08,23.86,24.08,2563800.0,2514200.0,0,0,0,0,0,0,0,0,0,0,0,0,0,0,0,0,0,0,0,0,0,0,0,0,0,0,114,2026-02-06 11:00:34.611690
ATMN,25.16,25.12,25.16,2489100.0,2136500.0,0,0,0,0,0,0,0,0,0,0,0,0,0,0,0,0,0,0,0,0,0,0,0,0,0,0,114,2026-02-06 11:00:34.611690
WNTR,24.48,24.44,24.48,2315600.0,2180300.0,0,0,0,0,0,0,0,0,0,0,0,0,0,0,0,0,0,0,0,0,0,0,0,0,0,0,114,2026-02-06 11:00:34.611690
SPNG,25.17,24.74,25.17,2306400.0,2152200.0,0,0,0,0,0,0,0,0,0,0,0,0,0,0,0,0,0,0,0,0,0,0,0,0,0,0,115,2026-02-06 11:00:35.657944
SMMR,23.86,23.92,24.03,2596400.0,2504600.0,0,0,0,0,0,0,0,0,0,0,0,0,0,0,0,0,0,0,0,0,0,0,0,0,0,0,115,2026-02-06 11:00:35.657944
ATMN,25.12,25.12,25.16,2489100.0,2156500.0,0,0,0,0,0,0,0,0,0,0,0,0,0,0,0,0,0,0,0,0,0,0,0,0,0,0,115,2026-02-06 11:00:35.657944
WNTR,24.5,24.44,24.5,2319400.0,2185600.0,0,0,0,0,0,0,0,0,0,0,0,0,0,0,0,0,0,0,0,0,0,0,0,0,0,0,115,2026-02-06 11:00:35.657944
SPNG,24.74,24.44,24.6,2279100.0,2193100.0,0,0,0,0,0,0,0,0,0,0,0,0,0,0,0,0,0,0,0,0,0,0,0,0,0,0,116,2026-02-06 11:00:36.715803
SMMR,24.08,23.92,24.08,2596400.0,2490100.0,0,0,0,0,0,0,0,0,0,0,0,0,0,0,0,0,0,0,0,0,0,0,0,0,0,0,116,2026-02-06 11:00:36.715803
ATMN,25.16,25.15,25.16,2420400.0,2183900.0,0,0,0,0,0,0,0,0,0,0,0,0,0,0,0,0,0,0,0,0,0,0,0,0,0,0,116,2026-02-06 11:00:36.715803
WNTR,24.52,24.44,24.45,2319400.0,2180800.0,0,0,0,0,0,0,0,0,0,0,0,0,0,0,0,0,0,0,0,0,0,0,0,0,0,0,116,2026-02-06 11:00:36.715803
SPNG,25.17,24.98,25.17,2255600.0,2178600.0,0,0,0,0,0,0,0,0,0,0,0,0,0,0,0,0,0,0,0,0,0,0,0,0,0,0,117,2026-02-06 11:00:37.315490
SMMR,23.92,23.92,24.08,2596400.0,2493900.0,0,0,0,0,0,0,0,0,0,0,0,0,0,0,0,0,0,0,0,0,0,0,0,0,0,0,117,2026-02-06 11:00:37.315490
ATMN,25.16,25.15,25.16,2420400.0,2210500.0,0,0,0,0,0,0,0,0,0,0,0,0,0,0,0,0,0,0,0,0,0,0,0,0,0,0,117,2026-02-06 11:00:37.315490
WNTR,24.45,24.47,24.52,2313100.0,2189100.0,0,0,0,0,0,0,0,0,0,0,0,0,0,0,0,0,0,0,0,0,0,0,0,0,0,0,117,2026-02-06 11:00:37.315490
SPNG,24.86,24.44,24.86,2279100.0,2180400.0,0,0,0,0,0,0,0,0,0,0,0,0,0,0,0,0,0,0,0,0,0,0,0,0,0,0,118,2026-02-06 11:00:38.392921
SMMR,23.89,23.92,24.08,2608700.0,2493900.0,0,0,0,0,0,0,0,0,0,0,0,0,0,0,0,0,0,0,0,0,0,0,0,0,0,0,118,2026-02-06 11:00:38.392921
ATMN,25.19,25.15,25.19,2370700.0,2205900.0,0,0,0,0,0,0,0,0,0,0,0,0,0,0,0,0,0,0,0,0,0,0,0,0,0,0,118,2026-02-06 11:00:38.392921
WNTR,24.45,24.47,24.52,2306700.0,2189100.0,0,0,0,0,0,0,0,0,0,0,0,0,0,0,0,0,0,0,0,0,0,0,0,0,0,0,118,2026-02-06 11:00:38.392921
SPNG,25.19,24.89,25.19,2282200.0,2167900.0,0,0,0,0,0,0,0,0,0,0,0,0,0,0,0,0,0,0,0,0,0,0,0,0,0,0,119,2026-02-06 11:00:39.453593
SMMR,23.84,23.84,23.97,2602700.0,2502300.0,0,0,0,0,0,0,0,0,0,0,0,0,0,0,0,0,0,0,0,0,0,0,0,0,0,0,119,2026-02-06 11:00:39.453593
ATMN,25.1,25.1,25.19,2422700.0,2185300.0,0,0,0,0,0,0,0,0,0,0,0,0,0,0,0,0,0,0,0,0,0,0,0,0,0,0,119,2026-02-06 11:00:39.453593
WNTR,24.54,24.47,24.54,2337700.0,2169700.0,0,0,0,0,0,0,0,0,0,0,0,0,0,0,0,0,0,0,0,0,0,0,0,0,0,0,119,2026-02-06 11:00:39.453593
SPNG,24.9,25.82,0.0,200000.0,,0,0,0,0,0,0,0,0,0,0,0,0,0,0,0,0,0,0,0,0,0,0,0,0,0,0,120,2026-02-06 11:00:40.505121
SMMR,24.08,23.12,23.56,888200.0,1018000.0,0,0,0,0,0,0,0,0,0,0,0,0,0,0,0,0,0,0,0,0,0,0,0,0,0,0,120,2026-02-06 11:00:40.505121
ATMN,25.21,26.49,0.0,200000.0,,0,0,0,0,0,0,0,0,0,0,0,0,0,0,0,0,0,0,0,0,0,0,0,0,0,0,120,2026-02-06 11:00:40.505121
WNTR,24.55,25.15,0.0,200000.0,,0,0,0,0,0,0,0,0,0,0,0,0,0,0,0,0,0,0,0,0,0,0,0,0,0,0,120,2026-02-06 11:00:40.505121
SPNG,25.82,25.82,25.83,928400.0,910500.0,0,0,0,0,0,0,0,0,0,0,0,0,0,0,0,0,0,0,0,0,0,0,0,0,0,0,121,2026-02-06 11:00:41.671016
SMMR,23.12,23.12,23.3,903100.0,1264800.0,0,0,0,0,0,0,0,0,0,0,0,0,0,0,0,0,0,0,0,0,0,0,0,0,0,0,121,2026-02-06 11:00:41.671016
ATMN,26.82,26.22,26.68,933400.0,908700.0,0,0,0,0,0,0,0,0,0,0,0,0,0,0,0,0,0,0,0,0,0,0,0,0,0,0,121,2026-02-06 11:00:41.671016
WNTR,25.15,25.15,25.24,900700.0,1097600.0,0,0,0,0,0,0,0,0,0,0,0,0,0,0,0,0,0,0,0,0,0,0,0,0,0,0,121,2026-02-06 11:00:41.671016
SPNG,25.83,25.27,25.83,1087600.0,910500.0,0,0,0,0,0,0,0,0,0,0,0,0,0,0,0,0,0,0,0,0,0,0,0,0,0,0,122,2026-02-06 11:00:42.715868
SMMR,23.3,23.34,23.36,1187300.0,1257600.0,0,0,0,0,0,0,0,0,0,0,0,0,0,0,0,0,0,0,0,0,0,0,0,0,0,0,122,2026-02-06 11:00:42.715868
ATMN,26.82,26.22,26.52,1041700.0,1138600.0,0,0,0,0,0,0,0,0,0,0,0,0,0,0,0,0,0,0,0,0,0,0,0,0,0,0,122,2026-02-06 11:00:42.715868
WNTR,25.06,25.1,25.24,1117700.0,1097600.0,0,0,0,0,0,0,0,0,0,0,0,0,0,0,0,0,0,0,0,0,0,0,0,0,0,0,122,2026-02-06 11:00:42.715868
SPNG,25.83,25.76,25.83,1424500.0,910500.0,0,0,0,0,0,0,0,0,0,0,0,0,0,0,0,0,0,0,0,0,0,0,0,0,0,0,123,2026-02-06 11:00:43.757458
SMMR,23.12,23.12,23.3,956500.0,1495900.0,0,0,0,0,0,0,0,0,0,0,0,0,0,0,0,0,0,0,0,0,0,0,0,0,0,0,123,2026-02-06 11:00:43.757458
ATMN,26.52,26.49,26.52,1346500.0,1138600.0,0,0,0,0,0,0,0,0,0,0,0,0,0,0,0,0,0,0,0,0,0,0,0,0,0,0,123,2026-02-06 11:00:43.757458
WNTR,25.1,24.92,25.03,1123100.0,1337200.0,0,0,0,0,0,0,0,0,0,0,0,0,0,0,0,0,0,0,0,0,0,0,0,0,0,0,123,2026-02-06 11:00:43.757458
SPNG,26.06,25.76,26.06,1637600.0,899400.0,0,0,0,0,0,0,0,0,0,0,0,0,0,0,0,0,0,0,0,0,0,0,0,0,0,0,124,2026-02-06 11:00:44.796650
SMMR,23.36,23.12,23.36,956500.0,1383200.0,0,0,0,0,0,0,0,0,0,0,0,0,0,0,0,0,0,0,0,0,0,0,0,0,0,0,124,2026-02-06 11:00:44.796650
ATMN,26.49,26.49,26.52,1346500.0,1334400.0,0,0,0,0,0,0,0,0,0,0,0,0,0,0,0,0,0,0,0,0,0,0,0,0,0,0,124,2026-02-06 11:00:44.796650
WNTR,25.03,25.13,25.24,1434800.0,1304000.0,0,0,0,0,0,0,0,0,0,0,0,0,0,0,0,0,0,0,0,0,0,0,0,0,0,0,124,2026-02-06 11:00:44.796650
SPNG,26.06,25.76,26.06,1779900.0,1120700.0,0,0,0,0,0,0,0,0,0,0,0,0,0,0,0,0,0,0,0,0,0,0,0,0,0,0,125,2026-02-06 11:00:45.845324
SMMR,23.12,22.8,22.95,1207400.0,1520000.0,0,0,0,0,0,0,0,0,0,0,0,0,0,0,0,0,0,0,0,0,0,0,0,0,0,0,125,2026-02-06 11:00:45.845324
ATMN,26.63,26.49,26.63,1346500.0,1448200.0,0,0,0,0,0,0,0,0,0,0,0,0,0,0,0,0,0,0,0,0,0,0,0,0,0,0,125,2026-02-06 11:00:45.845324
WNTR,25.24,25.21,25.24,1524700.0,1401900.0,0,0,0,0,0,0,0,0,0,0,0,0,0,0,0,0,0,0,0,0,0,0,0,0,0,0,125,2026-02-06 11:00:45.845324
SPNG,25.73,25.73,25.84,1662400.0,1346800.0,0,0,0,0,0,0,0,0,0,0,0,0,0,0,0,0,0,0,0,0,0,0,0,0,0,0,126,2026-02-06 11:00:46.423534
SMMR,22.95,23.21,23.36,1452200.0,1383200.0,0,0,0,0,0,0,0,0,0,0,0,0,0,0,0,0,0,0,0,0,0,0,0,0,0,0,126,2026-02-06 11:00:46.423534
ATMN,26.22,26.35,26.63,1245900.0,1448200.0,0,0,0,0,0,0,0,0,0,0,0,0,0,0,0,0,0,0,0,0,0,0,0,0,0,0,126,2026-02-06 11:00:46.423534
WNTR,25.13,25.13,25.24,1544700.0,1401900.0,0,0,0,0,0,0,0,0,0,0,0,0,0,0,0,0,0,0,0,0,0,0,0,0,0,0,126,2026-02-06 11:00:46.423534
SPNG,25.84,25.66,25.84,1572400.0,1346800.0,0,0,0,0,0,0,0,0,0,0,0,0,0,0,0,0,0,0,0,0,0,0,0,0,0,0,127,2026-02-06 11:00:47.500798
SMMR,23.21,22.96,23.1,1603300.0,1526700.0,0,0,0,0,0,0,0,0,0,0,0,0,0,0,0,0,0,0,0,0,0,0,0,0,0,0,127,2026-02-06 11:00:47.500798
ATMN,26.35,26.35,26.4,1245900.0,1693900.0,0,0,0,0,0,0,0,0,0,0,0,0,0,0,0,0,0,0,0,0,0,0,0,0,0,0,127,2026-02-06 11:00:47.500798
WNTR,25.12,25.12,25.18,1442100.0,1727500.0,0,0,0,0,0,0,0,0,0,0,0,0,0,0,0,0,0,0,0,0,0,0,0,0,0,0,127,2026-02-06 11:00:47.500798
SPNG,25.84,25.66,25.84,1881400.0,1346800.0,0,0,0,0,0,0,0,0,0,0,0,0,0,0,0,0,0,0,0,0,0,0,0,0,0,0,128,2026-02-06 11:00:48.573086
SMMR,23.1,23.11,23.14,1872100.0,1653100.0,0,0,0,0,0,0,0,0,0,0,0,0,0,0,0,0,0,0,0,0,0,0,0,0,0,0,128,2026-02-06 11:00:48.573086
ATMN,26.4,26.35,26.4,1365200.0,1693900.0,0,0,0,0,0,0,0,0,0,0,0,0,0,0,0,0,0,0,0,0,0,0,0,0,0,0,128,2026-02-06 11:00:48.573086
WNTR,25.18,25.18,25.21,1561900.0,1881000.0,0,0,0,0,0,0,0,0,0,0,0,0,0,0,0,0,0,0,0,0,0,0,0,0,0,0,128,2026-02-06 11:00:48.573086
SPNG,26.06,26.08,26.1,2199700.0,1025300.0,0,0,0,0,0,0,0,0,0,0,0,0,0,0,0,0,0,0,0,0,0,0,0,0,0,0,129,2026-02-06 11:00:49.602638
SMMR,23.14,23.11,23.14,1872100.0,1923300.0,0,0,0,0,0,0,0,0,0,0,0,0,0,0,0,0,0,0,0,0,0,0,0,0,0,0,129,2026-02-06 11:00:49.602638
ATMN,26.33,26.33,26.4,1457600.0,1803400.0,0,0,0,0,0,0,0,0,0,0,0,0,0,0,0,0,0,0,0,0,0,0,0,0,0,0,129,2026-02-06 11:00:49.602638
WNTR,25.12,25.0,25.08,1332200.0,2196600.0,0,0,0,0,0,0,0,0,0,0,0,0,0,0,0,0,0,0,0,0,0,0,0,0,0,0,129,2026-02-06 11:00:49.602638
SPNG,25.78,25.85,26.1,2168900.0,1120000.0,0,0,0,0,0,0,0,0,0,0,0,0,0,0,0,0,0,0,0,0,0,0,0,0,0,0,130,2026-02-06 11:00:50.631076
SMMR,23.14,23.11,23.14,1986500.0,2188100.0,0,0,0,0,0,0,0,0,0,0,0,0,0,0,0,0,0,0,0,0,0,0,0,0,0,0,130,2026-02-06 11:00:50.631076
ATMN,26.33,26.33,26.4,1578300.0,2003000.0,0,0,0,0,0,0,0,0,0,0,0,0,0,0,0,0,0,0,0,0,0,0,0,0,0,0,130,2026-02-06 11:00:50.631076
WNTR,25.08,25.12,25.21,1790000.0,2095900.0,0,0,0,0,0,0,0,0,0,0,0,0,0,0,0,0,0,0,0,0,0,0,0,0,0,0,130,2026-02-06 11:00:50.631076
SPNG,25.78,25.78,26.01,2186900.0,1205400.0,0,0,0,0,0,0,0,0,0,0,0,0,0,0,0,0,0,0,0,0,0,0,0,0,0,0,131,2026-02-06 11:00:51.667175
SMMR,23.08,23.08,23.14,1852600.0,2318400.0,0,0,0,0,0,0,0,0,0,0,0,0,0,0,0,0,0,0,0,0,0,0,0,0,0,0,131,2026-02-06 11:00:51.667175
ATMN,26.44,26.33,26.44,1578300.0,1996300.0,0,0,0,0,0,0,0,0,0,0,0,0,0,0,0,0,0,0,0,0,0,0,0,0,0,0,131,2026-02-06 11:00:51.667175
WNTR,25.1,25.1,25.12,1685000.0,2208900.0,0,0,0,0,0,0,0,0,0,0,0,0,0,0,0,0,0,0,0,0,0,0,0,0,0,0,131,2026-02-06 11:00:51.667175
SPNG,25.9,25.78,25.81,2312800.0,1401500.0,0,0,0,0,0,0,0,0,0,0,0,0,0,0,0,0,0,0,0,0,0,0,0,0,0,0,132,2026-02-06 11:00:52.708221
SMMR,23.2,23.09,23.19,2001000.0,2320400.0,0,0,0,0,0,0,0,0,0,0,0,0,0,0,0,0,0,0,0,0,0,0,0,0,0,0,132,2026-02-06 11:00:52.708221
ATMN,26.17,26.17,26.28,1330200.0,2092100.0,0,0,0,0,0,0,0,0,0,0,0,0,0,0,0,0,0,0,0,0,0,0,0,0,0,0,132,2026-02-06 11:00:52.708221
WNTR,25.12,25.16,25.21,2013000.0,2227500.0,0,0,0,0,0,0,0,0,0,0,0,0,0,0,0,0,0,0,0,0,0,0,0,0,0,0,132,2026-02-06 11:00:52.708221
SPNG,25.72,25.66,25.72,2325200.0,1522300.0,0,0,0,0,0,0,0,0,0,0,0,0,0,0,0,0,0,0,0,0,0,0,0,0,0,0,133,2026-02-06 11:00:53.746531
SMMR,23.11,23.09,23.11,2001000.0,2578100.0,0,0,0,0,0,0,0,0,0,0,0,0,0,0,0,0,0,0,0,0,0,0,0,0,0,0,133,2026-02-06 11:00:53.746531
ATMN,26.44,26.17,26.44,1451700.0,1996300.0,0,0,0,0,0,0,0,0,0,0,0,0,0,0,0,0,0,0,0,0,0,0,0,0,0,0,133,2026-02-06 11:00:53.746531
WNTR,25.12,25.16,25.17,2114900.0,2238100.0,0,0,0,0,0,0,0,0,0,0,0,0,0,0,0,0,0,0,0,0,0,0,0,0,0,0,133,2026-02-06 11:00:53.746531
SPNG,25.64,25.64,26.01,2261200.0,1296900.0,0,0,0,0,0,0,0,0,0,0,0,0,0,0,0,0,0,0,0,0,0,0,0,0,0,0,134,2026-02-06 11:00:54.783435
SMMR,23.19,23.09,23.19,2001000.0,2588100.0,0,0,0,0,0,0,0,0,0,0,0,0,0,0,0,0,0,0,0,0,0,0,0,0,0,0,134,2026-02-06 11:00:54.783435
ATMN,26.17,26.15,26.16,1362100.0,2166500.0,0,0,0,0,0,0,0,0,0,0,0,0,0,0,0,0,0,0,0,0,0,0,0,0,0,0,134,2026-02-06 11:00:54.783435
WNTR,25.09,25.09,25.12,1985500.0,2256300.0,0,0,0,0,0,0,0,0,0,0,0,0,0,0,0,0,0,0,0,0,0,0,0,0,0,0,134,2026-02-06 11:00:54.783435
SPNG,25.64,25.64,26.1,2259700.0,1211500.0,0,0,0,0,0,0,0,0,0,0,0,0,0,0,0,0,0,0,0,0,0,0,0,0,0,0,135,2026-02-06 11:00:55.836256
SMMR,23.1,23.09,23.1,2001000.0,2562300.0,0,0,0,0,0,0,0,0,0,0,0,0,0,0,0,0,0,0,0,0,0,0,0,0,0,0,135,2026-02-06 11:00:55.836256
ATMN,26.15,26.15,26.44,1271600.0,2156200.0,0,0,0,0,0,0,0,0,0,0,0,0,0,0,0,0,0,0,0,0,0,0,0,0,0,0,135,2026-02-06 11:00:55.836256
WNTR,25.07,25.07,25.12,2062100.0,2256300.0,0,0,0,0,0,0,0,0,0,0,0,0,0,0,0,0,0,0,0,0,0,0,0,0,0,0,135,2026-02-06 11:00:55.836256
SPNG,26.13,25.67,25.69,2237100.0,1193700.0,0,0,0,0,0,0,0,0,0,0,0,0,0,0,0,0,0,0,0,0,0,0,0,0,0,0,136,2026-02-06 11:00:56.877815
SMMR,23.01,23.01,23.23,1854200.0,2289600.0,0,0,0,0,0,0,0,0,0,0,0,0,0,0,0,0,0,0,0,0,0,0,0,0,0,0,136,2026-02-06 11:00:56.877815
ATMN,26.15,26.15,26.44,1271600.0,2162900.0,0,0,0,0,0,0,0,0,0,0,0,0,0,0,0,0,0,0,0,0,0,0,0,0,0,0,136,2026-02-06 11:00:56.877815
WNTR,25.07,25.07,25.12,2184600.0,2249900.0,0,0,0,0,0,0,0,0,0,0,0,0,0,0,0,0,0,0,0,0,0,0,0,0,0,0,136,2026-02-06 11:00:56.877815
SPNG,25.69,25.9,26.07,2224300.0,1212100.0,0,0,0,0,0,0,0,0,0,0,0,0,0,0,0,0,0,0,0,0,0,0,0,0,0,0,137,2026-02-06 11:00:57.442537
SMMR,23.01,23.06,23.14,1976300.0,2529000.0,0,0,0,0,0,0,0,0,0,0,0,0,0,0,0,0,0,0,0,0,0,0,0,0,0,0,137,2026-02-06 11:00:57.442537
ATMN,26.15,26.15,26.44,1271600.0,2144100.0,0,0,0,0,0,0,0,0,0,0,0,0,0,0,0,0,0,0,0,0,0,0,0,0,0,0,137,2026-02-06 11:00:57.442537
WNTR,25.07,25.07,25.09,2178900.0,2282900.0,0,0,0,0,0,0,0,0,0,0,0,0,0,0,0,0,0,0,0,0,0,0,0,0,0,0,137,2026-02-06 11:00:57.442537
SPNG,26.07,25.9,26.07,2224300.0,1427900.0,0,0,0,0,0,0,0,0,0,0,0,0,0,0,0,0,0,0,0,0,0,0,0,0,0,0,138,2026-02-06 11:00:58.513047
SMMR,23.07,23.07,23.08,2102300.0,2567600.0,0,0,0,0,0,0,0,0,0,0,0,0,0,0,0,0,0,0,0,0,0,0,0,0,0,0,138,2026-02-06 11:00:58.513047
ATMN,26.15,26.15,26.18,1577800.0,2121400.0,0,0,0,0,0,0,0,0,0,0,0,0,0,0,0,0,0,0,0,0,0,0,0,0,0,0,138,2026-02-06 11:00:58.513047
WNTR,25.01,25.01,25.09,2078700.0,2249700.0,0,0,0,0,0,0,0,0,0,0,0,0,0,0,0,0,0,0,0,0,0,0,0,0,0,0,138,2026-02-06 11:00:58.513047
SPNG,25.67,25.67,26.07,2222100.0,1427900.0,0,0,0,0,0,0,0,0,0,0,0,0,0,0,0,0,0,0,0,0,0,0,0,0,0,0,139,2026-02-06 11:00:59.639908
SMMR,23.08,23.08,23.14,2331900.0,2529000.0,0,0,0,0,0,0,0,0,0,0,0,0,0,0,0,0,0,0,0,0,0,0,0,0,0,0,139,2026-02-06 11:00:59.639908
ATMN,26.15,26.15,26.18,1776800.0,2145700.0,0,0,0,0,0,0,0,0,0,0,0,0,0,0,0,0,0,0,0,0,0,0,0,0,0,0,139,2026-02-06 11:00:59.639908
WNTR,25.01,25.06,25.09,2184400.0,2249700.0,0,0,0,0,0,0,0,0,0,0,0,0,0,0,0,0,0,0,0,0,0,0,0,0,0,0,139,2026-02-06 11:00:59.639908
SPNG,26.02,25.67,25.96,2198700.0,1602700.0,0,0,0,0,0,0,0,0,0,0,0,0,0,0,0,0,0,0,0,0,0,0,0,0,0,0,140,2026-02-06 11:01:00.690074
SMMR,23.08,23.08,23.14,2486600.0,2565800.0,0,0,0,0,0,0,0,0,0,0,0,0,0,0,0,0,0,0,0,0,0,0,0,0,0,0,140,2026-02-06 11:01:00.690074
ATMN,26.2,26.15,26.2,1655300.0,2185500.0,0,0,0,0,0,0,0,0,0,0,0,0,0,0,0,0,0,0,0,0,0,0,0,0,0,0,140,2026-02-06 11:01:00.690074
WNTR,25.01,25.01,25.09,2197400.0,2225300.0,0,0,0,0,0,0,0,0,0,0,0,0,0,0,0,0,0,0,0,0,0,0,0,0,0,0,140,2026-02-06 11:01:00.690074
SPNG,26.02,25.86,25.96,2193700.0,1799000.0,0,0,0,0,0,0,0,0,0,0,0,0,0,0,0,0,0,0,0,0,0,0,0,0,0,0,141,2026-02-06 11:01:01.767798
SMMR,23.06,23.06,23.14,2483800.0,2565800.0,0,0,0,0,0,0,0,0,0,0,0,0,0,0,0,0,0,0,0,0,0,0,0,0,0,0,141,2026-02-06 11:01:01.767798
ATMN,26.12,26.12,26.2,1555500.0,2196300.0,0,0,0,0,0,0,0,0,0,0,0,0,0,0,0,0,0,0,0,0,0,0,0,0,0,0,141,2026-02-06 11:01:01.767798
WNTR,25.16,25.16,25.17,2217800.0,2252400.0,0,0,0,0,0,0,0,0,0,0,0,0,0,0,0,0,0,0,0,0,0,0,0,0,0,0,141,2026-02-06 11:01:01.767798
SPNG,25.86,25.86,25.96,2175600.0,1880600.0,0,0,0,0,0,0,0,0,0,0,0,0,0,0,0,0,0,0,0,0,0,0,0,0,0,0,142,2026-02-06 11:01:02.817761
SMMR,23.09,23.06,23.09,2512400.0,2571600.0,0,0,0,0,0,0,0,0,0,0,0,0,0,0,0,0,0,0,0,0,0,0,0,0,0,0,142,2026-02-06 11:01:02.817761
ATMN,26.05,26.0,26.03,1457000.0,2220800.0,0,0,0,0,0,0,0,0,0,0,0,0,0,0,0,0,0,0,0,0,0,0,0,0,0,0,142,2026-02-06 11:01:02.817761
WNTR,25.07,25.09,25.17,2242000.0,2252400.0,0,0,0,0,0,0,0,0,0,0,0,0,0,0,0,0,0,0,0,0,0,0,0,0,0,0,142,2026-02-06 11:01:02.817761
SPNG,25.86,25.86,25.89,2168500.0,1923400.0,0,0,0,0,0,0,0,0,0,0,0,0,0,0,0,0,0,0,0,0,0,0,0,0,0,0,143,2026-02-06 11:01:03.907254
SMMR,23.06,23.06,23.09,2518000.0,2586300.0,0,0,0,0,0,0,0,0,0,0,0,0,0,0,0,0,0,0,0,0,0,0,0,0,0,0,143,2026-02-06 11:01:03.907254
ATMN,26.07,26.0,26.05,1679300.0,2191700.0,0,0,0,0,0,0,0,0,0,0,0,0,0,0,0,0,0,0,0,0,0,0,0,0,0,0,143,2026-02-06 11:01:03.907254
WNTR,25.13,25.1,25.13,2212000.0,2245600.0,0,0,0,0,0,0,0,0,0,0,0,0,0,0,0,0,0,0,0,0,0,0,0,0,0,0,143,2026-02-06 11:01:03.907254
SPNG,25.86,25.86,25.89,2147600.0,1961800.0,0,0,0,0,0,0,0,0,0,0,0,0,0,0,0,0,0,0,0,0,0,0,0,0,0,0,144,2026-02-06 11:01:04.954641
SMMR,23.14,23.06,23.14,2562600.0,2585200.0,0,0,0,0,0,0,0,0,0,0,0,0,0,0,0,0,0,0,0,0,0,0,0,0,0,0,144,2026-02-06 11:01:04.954641
ATMN,26.07,26.0,26.05,1958200.0,2212500.0,0,0,0,0,0,0,0,0,0,0,0,0,0,0,0,0,0,0,0,0,0,0,0,0,0,0,144,2026-02-06 11:01:04.954641
WNTR,25.1,25.01,25.05,2211200.0,2246300.0,0,0,0,0,0,0,0,0,0,0,0,0,0,0,0,0,0,0,0,0,0,0,0,0,0,0,144,2026-02-06 11:01:04.954641
SPNG,25.84,25.84,25.89,2136500.0,1961800.0,0,0,0,0,0,0,0,0,0,0,0,0,0,0,0,0,0,0,0,0,0,0,0,0,0,0,145,2026-02-06 11:01:05.511193
SMMR,23.05,23.05,23.1,2531100.0,2606600.0,0,0,0,0,0,0,0,0,0,0,0,0,0,0,0,0,0,0,0,0,0,0,0,0,0,0,145,2026-02-06 11:01:05.511193
ATMN,26.07,26.0,26.05,2083100.0,2212500.0,0,0,0,0,0,0,0,0,0,0,0,0,0,0,0,0,0,0,0,0,0,0,0,0,0,0,145,2026-02-06 11:01:05.511193
WNTR,25.13,25.01,25.12,2211200.0,2237300.0,0,0,0,0,0,0,0,0,0,0,0,0,0,0,0,0,0,0,0,0,0,0,0,0,0,0,145,2026-02-06 11:01:05.511193
SPNG,25.89,25.84,25.89,2126500.0,1971700.0,0,0,0,0,0,0,0,0,0,0,0,0,0,0,0,0,0,0,0,0,0,0,0,0,0,0,146,2026-02-06 11:01:06.561784
SMMR,23.0,23.02,23.1,2510200.0,2606600.0,0,0,0,0,0,0,0,0,0,0,0,0,0,0,0,0,0,0,0,0,0,0,0,0,0,0,146,2026-02-06 11:01:06.561784
ATMN,26.07,26.0,26.05,2275000.0,2185900.0,0,0,0,0,0,0,0,0,0,0,0,0,0,0,0,0,0,0,0,0,0,0,0,0,0,0,146,2026-02-06 11:01:06.561784
WNTR,25.0,25.09,25.12,2231500.0,2245900.0,0,0,0,0,0,0,0,0,0,0,0,0,0,0,0,0,0,0,0,0,0,0,0,0,0,0,146,2026-02-06 11:01:06.561784
SPNG,25.89,25.91,25.96,2100500.0,1973700.0,0,0,0,0,0,0,0,0,0,0,0,0,0,0,0,0,0,0,0,0,0,0,0,0,0,0,147,2026-02-06 11:01:07.609823
SMMR,23.0,23.0,23.04,2502200.0,2610800.0,0,0,0,0,0,0,0,0,0,0,0,0,0,0,0,0,0,0,0,0,0,0,0,0,0,0,147,2026-02-06 11:01:07.609823
ATMN,25.98,26.03,26.08,2155400.0,2209900.0,0,0,0,0,0,0,0,0,0,0,0,0,0,0,0,0,0,0,0,0,0,0,0,0,0,0,147,2026-02-06 11:01:07.609823
WNTR,25.15,25.09,25.15,2227000.0,2222000.0,0,0,0,0,0,0,0,0,0,0,0,0,0,0,0,0,0,0,0,0,0,0,0,0,0,0,147,2026-02-06 11:01:07.609823
SPNG,25.68,25.68,25.96,2105800.0,1973700.0,0,0,0,0,0,0,0,0,0,0,0,0,0,0,0,0,0,0,0,0,0,0,0,0,0,0,148,2026-02-06 11:01:08.680284
SMMR,23.04,23.09,23.1,2539500.0,2606600.0,0,0,0,0,0,0,0,0,0,0,0,0,0,0,0,0,0,0,0,0,0,0,0,0,0,0,148,2026-02-06 11:01:08.680284
ATMN,26.2,26.03,26.2,2258700.0,2183300.0,0,0,0,0,0,0,0,0,0,0,0,0,0,0,0,0,0,0,0,0,0,0,0,0,0,0,148,2026-02-06 11:01:08.680284
WNTR,25.0,25.0,25.14,2194800.0,2231800.0,0,0,0,0,0,0,0,0,0,0,0,0,0,0,0,0,0,0,0,0,0,0,0,0,0,0,148,2026-02-06 11:01:08.680284
SPNG,25.68,25.94,25.96,2112300.0,1973700.0,0,0,0,0,0,0,0,0,0,0,0,0,0,0,0,0,0,0,0,0,0,0,0,0,0,0,149,2026-02-06 11:01:09.768145
SMMR,23.09,23.09,23.1,2529700.0,2616700.0,0,0,0,0,0,0,0,0,0,0,0,0,0,0,0,0,0,0,0,0,0,0,0,0,0,0,149,2026-02-06 11:01:09.768145
ATMN,26.2,26.03,26.11,2186400.0,2150600.0,0,0,0,0,0,0,0,0,0,0,0,0,0,0,0,0,0,0,0,0,0,0,0,0,0,0,149,2026-02-06 11:01:09.768145
WNTR,24.96,24.96,25.17,2195500.0,2235400.0,0,0,0,0,0,0,0,0,0,0,0,0,0,0,0,0,0,0,0,0,0,0,0,0,0,0,149,2026-02-06 11:01:09.768145
SPNG,25.68,25.68,25.96,2119000.0,1996900.0,0,0,0,0,0,0,0,0,0,0,0,0,0,0,0,0,0,0,0,0,0,0,0,0,0,0,150,2026-02-06 11:01:10.836374
SMMR,22.97,22.97,23.09,2500400.0,2585000.0,0,0,0,0,0,0,0,0,0,0,0,0,0,0,0,0,0,0,0,0,0,0,0,0,0,0,150,2026-02-06 11:01:10.836374
ATMN,26.2,26.03,26.2,2186400.0,2183300.0,0,0,0,0,0,0,0,0,0,0,0,0,0,0,0,0,0,0,0,0,0,0,0,0,0,0,150,2026-02-06 11:01:10.836374
WNTR,25.17,25.17,25.2,2213100.0,2223700.0,0,0,0,0,0,0,0,0,0,0,0,0,0,0,0,0,0,0,0,0,0,0,0,0,0,0,150,2026-02-06 11:01:10.836374
SPNG,25.64,25.64,25.85,2127700.0,2016500.0,0,0,0,0,0,0,0,0,0,0,0,0,0,0,0,0,0,0,0,0,0,0,0,0,0,0,151,2026-02-06 11:01:11.923485
SMMR,22.97,22.97,23.06,2517100.0,2622000.0,0,0,0,0,0,0,0,0,0,0,0,0,0,0,0,0,0,0,0,0,0,0,0,0,0,0,151,2026-02-06 11:01:11.923485
ATMN,26.03,26.01,26.02,2197200.0,2182100.0,0,0,0,0,0,0,0,0,0,0,0,0,0,0,0,0,0,0,0,0,0,0,0,0,0,0,151,2026-02-06 11:01:11.923485
WNTR,25.21,25.17,25.21,2195300.0,2206000.0,0,0,0,0,0,0,0,0,0,0,0,0,0,0,0,0,0,0,0,0,0,0,0,0,0,0,151,2026-02-06 11:01:11.923485
SPNG,25.97,25.64,25.97,2138700.0,2000200.0,0,0,0,0,0,0,0,0,0,0,0,0,0,0,0,0,0,0,0,0,0,0,0,0,0,0,152,2026-02-06 11:01:12.994081
SMMR,23.14,22.97,23.05,2517100.0,2584000.0,0,0,0,0,0,0,0,0,0,0,0,0,0,0,0,0,0,0,0,0,0,0,0,0,0,0,152,2026-02-06 11:01:12.994081
ATMN,26.03,26.01,26.02,2174100.0,2182100.0,0,0,0,0,0,0,0,0,0,0,0,0,0,0,0,0,0,0,0,0,0,0,0,0,0,0,152,2026-02-06 11:01:12.994081
WNTR,25.21,25.17,25.2,2195300.0,2180100.0,0,0,0,0,0,0,0,0,0,0,0,0,0,0,0,0,0,0,0,0,0,0,0,0,0,0,152,2026-02-06 11:01:12.994081
SPNG,25.97,25.64,25.97,2138700.0,2016400.0,0,0,0,0,0,0,0,0,0,0,0,0,0,0,0,0,0,0,0,0,0,0,0,0,0,0,153,2026-02-06 11:01:13.589361
SMMR,23.05,22.97,23.05,2522900.0,2584000.0,0,0,0,0,0,0,0,0,0,0,0,0,0,0,0,0,0,0,0,0,0,0,0,0,0,0,153,2026-02-06 11:01:13.589361
ATMN,26.21,26.01,26.21,2175100.0,2179200.0,0,0,0,0,0,0,0,0,0,0,0,0,0,0,0,0,0,0,0,0,0,0,0,0,0,0,153,2026-02-06 11:01:13.589361
WNTR,25.21,25.17,25.2,2178300.0,2180100.0,0,0,0,0,0,0,0,0,0,0,0,0,0,0,0,0,0,0,0,0,0,0,0,0,0,0,153,2026-02-06 11:01:13.589361
SPNG,25.97,25.64,25.97,2162900.0,2043900.0,0,0,0,0,0,0,0,0,0,0,0,0,0,0,0,0,0,0,0,0,0,0,0,0,0,0,154,2026-02-06 11:01:14.669021
SMMR,23.05,23.02,23.05,2534000.0,2584000.0,0,0,0,0,0,0,0,0,0,0,0,0,0,0,0,0,0,0,0,0,0,0,0,0,0,0,154,2026-02-06 11:01:14.669021
ATMN,26.21,26.01,26.21,2175100.0,2179200.0,0,0,0,0,0,0,0,0,0,0,0,0,0,0,0,0,0,0,0,0,0,0,0,0,0,0,154,2026-02-06 11:01:14.669021
WNTR,25.15,25.15,25.2,2230700.0,2188900.0,0,0,0,0,0,0,0,0,0,0,0,0,0,0,0,0,0,0,0,0,0,0,0,0,0,0,154,2026-02-06 11:01:14.669021
SPNG,25.97,25.64,25.75,2162900.0,2061000.0,0,0,0,0,0,0,0,0,0,0,0,0,0,0,0,0,0,0,0,0,0,0,0,0,0,0,155,2026-02-06 11:01:15.728837
SMMR,23.16,22.97,22.99,2533600.0,2592000.0,0,0,0,0,0,0,0,0,0,0,0,0,0,0,0,0,0,0,0,0,0,0,0,0,0,0,155,2026-02-06 11:01:15.728837
ATMN,26.21,26.01,26.21,2165100.0,2177500.0,0,0,0,0,0,0,0,0,0,0,0,0,0,0,0,0,0,0,0,0,0,0,0,0,0,0,155,2026-02-06 11:01:15.728837
WNTR,25.09,25.09,25.16,2226600.0,2169200.0,0,0,0,0,0,0,0,0,0,0,0,0,0,0,0,0,0,0,0,0,0,0,0,0,0,0,155,2026-02-06 11:01:15.728837
SPNG,26.0,25.8,26.0,2139800.0,2025300.0,0,0,0,0,0,0,0,0,0,0,0,0,0,0,0,0,0,0,0,0,0,0,0,0,0,0,156,2026-02-06 11:01:16.782458
SMMR,22.96,22.96,23.16,2536500.0,2609500.0,0,0,0,0,0,0,0,0,0,0,0,0,0,0,0,0,0,0,0,0,0,0,0,0,0,0,156,2026-02-06 11:01:16.782458
ATMN,26.24,26.15,26.24,2157400.0,2179600.0,0,0,0,0,0,0,0,0,0,0,0,0,0,0,0,0,0,0,0,0,0,0,0,0,0,0,156,2026-02-06 11:01:16.782458
WNTR,24.96,24.96,25.16,2235900.0,2169200.0,0,0,0,0,0,0,0,0,0,0,0,0,0,0,0,0,0,0,0,0,0,0,0,0,0,0,156,2026-02-06 11:01:16.782458
SPNG,26.0,25.81,26.0,2133700.0,2025300.0,0,0,0,0,0,0,0,0,0,0,0,0,0,0,0,0,0,0,0,0,0,0,0,0,0,0,157,2026-02-06 11:01:17.848264
SMMR,22.96,22.96,23.05,2566700.0,2636200.0,0,0,0,0,0,0,0,0,0,0,0,0,0,0,0,0,0,0,0,0,0,0,0,0,0,0,157,2026-02-06 11:01:17.848264
ATMN,26.15,26.15,26.24,2157400.0,2181100.0,0,0,0,0,0,0,0,0,0,0,0,0,0,0,0,0,0,0,0,0,0,0,0,0,0,0,157,2026-02-06 11:01:17.848264
WNTR,24.96,25.03,25.16,2189900.0,2183000.0,0,0,0,0,0,0,0,0,0,0,0,0,0,0,0,0,0,0,0,0,0,0,0,0,0,0,157,2026-02-06 11:01:17.848264
SPNG,26.0,25.81,25.84,2133700.0,2075200.0,0,0,0,0,0,0,0,0,0,0,0,0,0,0,0,0,0,0,0,0,0,0,0,0,0,0,158,2026-02-06 11:01:18.927050
SMMR,23.2,22.96,23.2,2564600.0,2575100.0,0,0,0,0,0,0,0,0,0,0,0,0,0,0,0,0,0,0,0,0,0,0,0,0,0,0,158,2026-02-06 11:01:18.927050
ATMN,25.98,25.98,26.38,2156900.0,2201800.0,0,0,0,0,0,0,0,0,0,0,0,0,0,0,0,0,0,0,0,0,0,0,0,0,0,0,158,2026-02-06 11:01:18.927050
WNTR,25.18,24.96,25.18,2202700.0,2168600.0,0,0,0,0,0,0,0,0,0,0,0,0,0,0,0,0,0,0,0,0,0,0,0,0,0,0,158,2026-02-06 11:01:18.927050
SPNG,25.8,25.64,25.8,2150200.0,2080100.0,0,0,0,0,0,0,0,0,0,0,0,0,0,0,0,0,0,0,0,0,0,0,0,0,0,0,159,2026-02-06 11:01:19.982161
SMMR,22.95,22.95,23.23,2522700.0,2528100.0,0,0,0,0,0,0,0,0,0,0,0,0,0,0,0,0,0,0,0,0,0,0,0,0,0,0,159,2026-02-06 11:01:19.982161
ATMN,25.98,25.98,26.38,2141200.0,2201800.0,0,0,0,0,0,0,0,0,0,0,0,0,0,0,0,0,0,0,0,0,0,0,0,0,0,0,159,2026-02-06 11:01:19.982161
WNTR,25.18,24.97,25.18,2141900.0,2168600.0,0,0,0,0,0,0,0,0,0,0,0,0,0,0,0,0,0,0,0,0,0,0,0,0,0,0,159,2026-02-06 11:01:19.982161
SPNG,26.01,25.83,26.01,2153700.0,2033700.0,0,0,0,0,0,0,0,0,0,0,0,0,0,0,0,0,0,0,0,0,0,0,0,0,0,0,160,2026-02-06 11:01:21.053920
SMMR,23.25,23.12,23.25,2548700.0,2494000.0,0,0,0,0,0,0,0,0,0,0,0,0,0,0,0,0,0,0,0,0,0,0,0,0,0,0,160,2026-02-06 11:01:21.053920
ATMN,25.98,26.27,26.38,2104500.0,2189500.0,0,0,0,0,0,0,0,0,0,0,0,0,0,0,0,0,0,0,0,0,0,0,0,0,0,0,160,2026-02-06 11:01:21.053920
WNTR,25.03,25.01,25.03,2151900.0,2207400.0,0,0,0,0,0,0,0,0,0,0,0,0,0,0,0,0,0,0,0,0,0,0,0,0,0,0,160,2026-02-06 11:01:21.053920
SPNG,26.02,25.83,26.02,2153700.0,2013300.0,0,0,0,0,0,0,0,0,0,0,0,0,0,0,0,0,0,0,0,0,0,0,0,0,0,0,161,2026-02-06 11:01:21.624530
SMMR,23.12,23.12,23.25,2548700.0,2494000.0,0,0,0,0,0,0,0,0,0,0,0,0,0,0,0,0,0,0,0,0,0,0,0,0,0,0,161,2026-02-06 11:01:21.624530
ATMN,26.43,26.27,26.35,2104500.0,2166800.0,0,0,0,0,0,0,0,0,0,0,0,0,0,0,0,0,0,0,0,0,0,0,0,0,0,0,161,2026-02-06 11:01:21.624530
WNTR,25.03,25.08,25.18,2154800.0,2168600.0,0,0,0,0,0,0,0,0,0,0,0,0,0,0,0,0,0,0,0,0,0,0,0,0,0,0,161,2026-02-06 11:01:21.624530
SPNG,25.58,25.6,26.02,2146500.0,2013300.0,0,0,0,0,0,0,0,0,0,0,0,0,0,0,0,0,0,0,0,0,0,0,0,0,0,0,162,2026-02-06 11:01:22.752335
SMMR,22.94,23.0,23.13,2498500.0,2529500.0,0,0,0,0,0,0,0,0,0,0,0,0,0,0,0,0,0,0,0,0,0,0,0,0,0,0,162,2026-02-06 11:01:22.752335
ATMN,26.27,26.01,26.04,2091600.0,2139800.0,0,0,0,0,0,0,0,0,0,0,0,0,0,0,0,0,0,0,0,0,0,0,0,0,0,0,162,2026-02-06 11:01:22.752335
WNTR,25.18,25.18,25.2,2192700.0,2136900.0,0,0,0,0,0,0,0,0,0,0,0,0,0,0,0,0,0,0,0,0,0,0,0,0,0,0,162,2026-02-06 11:01:22.752335
SPNG,26.07,25.58,26.07,2124800.0,1947500.0,0,0,0,0,0,0,0,0,0,0,0,0,0,0,0,0,0,0,0,0,0,0,0,0,0,0,163,2026-02-06 11:01:23.873942
SMMR,23.25,23.12,23.14,2513400.0,2522800.0,0,0,0,0,0,0,0,0,0,0,0,0,0,0,0,0,0,0,0,0,0,0,0,0,0,0,163,2026-02-06 11:01:23.873942
ATMN,26.44,26.01,26.44,2091600.0,2184500.0,0,0,0,0,0,0,0,0,0,0,0,0,0,0,0,0,0,0,0,0,0,0,0,0,0,0,163,2026-02-06 11:01:23.873942
WNTR,25.18,25.18,25.2,2210100.0,2136900.0,0,0,0,0,0,0,0,0,0,0,0,0,0,0,0,0,0,0,0,0,0,0,0,0,0,0,163,2026-02-06 11:01:23.873942
SPNG,25.55,25.55,26.07,2116700.0,1947500.0,0,0,0,0,0,0,0,0,0,0,0,0,0,0,0,0,0,0,0,0,0,0,0,0,0,0,164,2026-02-06 11:01:24.939451
SMMR,22.94,22.94,23.14,2485800.0,2522800.0,0,0,0,0,0,0,0,0,0,0,0,0,0,0,0,0,0,0,0,0,0,0,0,0,0,0,164,2026-02-06 11:01:24.939451
ATMN,26.25,26.01,26.25,2091600.0,2172400.0,0,0,0,0,0,0,0,0,0,0,0,0,0,0,0,0,0,0,0,0,0,0,0,0,0,0,164,2026-02-06 11:01:24.939451
WNTR,25.17,25.17,25.2,2180200.0,2136900.0,0,0,0,0,0,0,0,0,0,0,0,0,0,0,0,0,0,0,0,0,0,0,0,0,0,0,164,2026-02-06 11:01:24.939451
SPNG,25.55,25.8,25.92,2125200.0,2029600.0,0,0,0,0,0,0,0,0,0,0,0,0,0,0,0,0,0,0,0,0,0,0,0,0,0,0,165,2026-02-06 11:01:25.999203
SMMR,23.03,22.98,23.03,2506700.0,2541200.0,0,0,0,0,0,0,0,0,0,0,0,0,0,0,0,0,0,0,0,0,0,0,0,0,0,0,165,2026-02-06 11:01:25.999203
ATMN,26.11,26.11,26.19,2092500.0,2170400.0,0,0,0,0,0,0,0,0,0,0,0,0,0,0,0,0,0,0,0,0,0,0,0,0,0,0,165,2026-02-06 11:01:25.999203
WNTR,25.0,25.0,25.2,2151300.0,2159800.0,0,0,0,0,0,0,0,0,0,0,0,0,0,0,0,0,0,0,0,0,0,0,0,0,0,0,165,2026-02-06 11:01:25.999203
SPNG,25.8,25.8,25.92,2125200.0,2039800.0,0,0,0,0,0,0,0,0,0,0,0,0,0,0,0,0,0,0,0,0,0,0,0,0,0,0,166,2026-02-06 11:01:27.052041
SMMR,23.09,23.09,23.14,2525500.0,2522800.0,0,0,0,0,0,0,0,0,0,0,0,0,0,0,0,0,0,0,0,0,0,0,0,0,0,0,166,2026-02-06 11:01:27.052041
ATMN,26.19,25.97,26.19,2114300.0,2181000.0,0,0,0,0,0,0,0,0,0,0,0,0,0,0,0,0,0,0,0,0,0,0,0,0,0,0,166,2026-02-06 11:01:27.052041
WNTR,24.97,25.11,25.2,2084000.0,2159800.0,0,0,0,0,0,0,0,0,0,0,0,0,0,0,0,0,0,0,0,0,0,0,0,0,0,0,166,2026-02-06 11:01:27.052041
SPNG,25.8,25.61,25.68,2122900.0,2078900.0,0,0,0,0,0,0,0,0,0,0,0,0,0,0,0,0,0,0,0,0,0,0,0,0,0,0,167,2026-02-06 11:01:27.699070
SMMR,23.14,23.21,23.25,2544700.0,2569900.0,0,0,0,0,0,0,0,0,0,0,0,0,0,0,0,0,0,0,0,0,0,0,0,0,0,0,167,2026-02-06 11:01:27.699070
ATMN,25.97,26.01,26.19,2119600.0,2181000.0,0,0,0,0,0,0,0,0,0,0,0,0,0,0,0,0,0,0,0,0,0,0,0,0,0,0,167,2026-02-06 11:01:27.699070
WNTR,25.21,25.11,25.21,2084000.0,2172600.0,0,0,0,0,0,0,0,0,0,0,0,0,0,0,0,0,0,0,0,0,0,0,0,0,0,0,167,2026-02-06 11:01:27.699070
SPNG,25.61,25.61,25.92,2122900.0,2081000.0,0,0,0,0,0,0,0,0,0,0,0,0,0,0,0,0,0,0,0,0,0,0,0,0,0,0,168,2026-02-06 11:01:28.770761
SMMR,23.09,23.1,23.25,2558800.0,2567200.0,0,0,0,0,0,0,0,0,0,0,0,0,0,0,0,0,0,0,0,0,0,0,0,0,0,0,168,2026-02-06 11:01:28.770761
ATMN,25.97,26.21,26.25,2127500.0,2181400.0,0,0,0,0,0,0,0,0,0,0,0,0,0,0,0,0,0,0,0,0,0,0,0,0,0,0,168,2026-02-06 11:01:28.770761
WNTR,25.21,25.11,25.21,2100500.0,2142800.0,0,0,0,0,0,0,0,0,0,0,0,0,0,0,0,0,0,0,0,0,0,0,0,0,0,0,168,2026-02-06 11:01:28.770761
SPNG,25.58,25.58,25.92,2111500.0,2095600.0,0,0,0,0,0,0,0,0,0,0,0,0,0,0,0,0,0,0,0,0,0,0,0,0,0,0,169,2026-02-06 11:01:29.805818
SMMR,23.1,23.1,23.17,2558800.0,2540200.0,0,0,0,0,0,0,0,0,0,0,0,0,0,0,0,0,0,0,0,0,0,0,0,0,0,0,169,2026-02-06 11:01:29.805818
ATMN,25.95,25.95,26.25,2137100.0,2180400.0,0,0,0,0,0,0,0,0,0,0,0,0,0,0,0,0,0,0,0,0,0,0,0,0,0,0,169,2026-02-06 11:01:29.805818
WNTR,25.21,25.11,25.13,2135600.0,2189800.0,0,0,0,0,0,0,0,0,0,0,0,0,0,0,0,0,0,0,0,0,0,0,0,0,0,0,169,2026-02-06 11:01:29.805818
SPNG,25.55,25.55,26.07,2116700.0,2075900.0,0,0,0,0,0,0,0,0,0,0,0,0,0,0,0,0,0,0,0,0,0,0,0,0,0,0,170,2026-02-06 11:01:30.836319
SMMR,23.1,23.1,23.12,2547900.0,2526400.0,0,0,0,0,0,0,0,0,0,0,0,0,0,0,0,0,0,0,0,0,0,0,0,0,0,0,170,2026-02-06 11:01:30.836319
ATMN,25.95,25.96,26.19,2145100.0,2193700.0,0,0,0,0,0,0,0,0,0,0,0,0,0,0,0,0,0,0,0,0,0,0,0,0,0,0,170,2026-02-06 11:01:30.836319
WNTR,25.01,25.01,25.13,2159300.0,2189800.0,0,0,0,0,0,0,0,0,0,0,0,0,0,0,0,0,0,0,0,0,0,0,0,0,0,0,170,2026-02-06 11:01:30.836319
SPNG,26.1,25.61,25.86,2088500.0,2074200.0,0,0,0,0,0,0,0,0,0,0,0,0,0,0,0,0,0,0,0,0,0,0,0,0,0,0,171,2026-02-06 11:01:31.874768
SMMR,23.05,23.05,23.12,2519200.0,2509500.0,0,0,0,0,0,0,0,0,0,0,0,0,0,0,0,0,0,0,0,0,0,0,0,0,0,0,171,2026-02-06 11:01:31.874768
ATMN,26.19,25.96,26.19,2146700.0,2193700.0,0,0,0,0,0,0,0,0,0,0,0,0,0,0,0,0,0,0,0,0,0,0,0,0,0,0,171,2026-02-06 11:01:31.874768
WNTR,25.13,25.09,25.13,2142600.0,2188000.0,0,0,0,0,0,0,0,0,0,0,0,0,0,0,0,0,0,0,0,0,0,0,0,0,0,0,171,2026-02-06 11:01:31.874768
SPNG,26.13,25.51,26.13,2135400.0,2061800.0,0,0,0,0,0,0,0,0,0,0,0,0,0,0,0,0,0,0,0,0,0,0,0,0,0,0,172,2026-02-06 11:01:32.913477
SMMR,23.12,22.98,23.12,2567800.0,2509500.0,0,0,0,0,0,0,0,0,0,0,0,0,0,0,0,0,0,0,0,0,0,0,0,0,0,0,172,2026-02-06 11:01:32.913477
ATMN,26.08,26.09,26.19,2139100.0,2193700.0,0,0,0,0,0,0,0,0,0,0,0,0,0,0,0,0,0,0,0,0,0,0,0,0,0,0,172,2026-02-06 11:01:32.913477
WNTR,25.13,25.16,25.21,2189100.0,2178600.0,0,0,0,0,0,0,0,0,0,0,0,0,0,0,0,0,0,0,0,0,0,0,0,0,0,0,172,2026-02-06 11:01:32.913477
SPNG,25.53,25.61,26.13,2137300.0,2080000.0,0,0,0,0,0,0,0,0,0,0,0,0,0,0,0,0,0,0,0,0,0,0,0,0,0,0,173,2026-02-06 11:01:33.965919
SMMR,23.17,22.98,23.04,2567800.0,2495900.0,0,0,0,0,0,0,0,0,0,0,0,0,0,0,0,0,0,0,0,0,0,0,0,0,0,0,173,2026-02-06 11:01:33.965919
ATMN,26.37,26.38,26.39,2135900.0,2132000.0,0,0,0,0,0,0,0,0,0,0,0,0,0,0,0,0,0,0,0,0,0,0,0,0,0,0,173,2026-02-06 11:01:33.965919
WNTR,25.21,25.16,25.21,2189100.0,2192700.0,0,0,0,0,0,0,0,0,0,0,0,0,0,0,0,0,0,0,0,0,0,0,0,0,0,0,173,2026-02-06 11:01:33.965919
SPNG,25.51,25.51,26.13,2135400.0,2080200.0,0,0,0,0,0,0,0,0,0,0,0,0,0,0,0,0,0,0,0,0,0,0,0,0,0,0,174,2026-02-06 11:01:35.041647
SMMR,23.01,23.0,23.01,2576300.0,2496500.0,0,0,0,0,0,0,0,0,0,0,0,0,0,0,0,0,0,0,0,0,0,0,0,0,0,0,174,2026-02-06 11:01:35.041647
ATMN,26.37,26.38,26.39,2135900.0,2109200.0,0,0,0,0,0,0,0,0,0,0,0,0,0,0,0,0,0,0,0,0,0,0,0,0,0,0,174,2026-02-06 11:01:35.041647
WNTR,25.11,25.11,25.16,2172200.0,2211000.0,0,0,0,0,0,0,0,0,0,0,0,0,0,0,0,0,0,0,0,0,0,0,0,0,0,0,174,2026-02-06 11:01:35.041647
SPNG,25.51,25.75,26.19,2129700.0,2047900.0,0,0,0,0,0,0,0,0,0,0,0,0,0,0,0,0,0,0,0,0,0,0,0,0,0,0,175,2026-02-06 11:01:36.097221
SMMR,23.2,23.0,23.2,2576300.0,2531500.0,0,0,0,0,0,0,0,0,0,0,0,0,0,0,0,0,0,0,0,0,0,0,0,0,0,0,175,2026-02-06 11:01:36.097221
ATMN,25.96,25.99,26.2,2134200.0,2137200.0,0,0,0,0,0,0,0,0,0,0,0,0,0,0,0,0,0,0,0,0,0,0,0,0,0,0,175,2026-02-06 11:01:36.097221
WNTR,25.17,25.11,25.17,2189300.0,2223900.0,0,0,0,0,0,0,0,0,0,0,0,0,0,0,0,0,0,0,0,0,0,0,0,0,0,0,175,2026-02-06 11:01:36.097221
SPNG,25.47,25.47,25.8,2129300.0,2053400.0,0,0,0,0,0,0,0,0,0,0,0,0,0,0,0,0,0,0,0,0,0,0,0,0,0,0,176,2026-02-06 11:01:37.149042
SMMR,23.2,23.0,23.07,2601800.0,2495600.0,0,0,0,0,0,0,0,0,0,0,0,0,0,0,0,0,0,0,0,0,0,0,0,0,0,0,176,2026-02-06 11:01:37.149042
ATMN,26.2,25.99,26.2,2173100.0,2137200.0,0,0,0,0,0,0,0,0,0,0,0,0,0,0,0,0,0,0,0,0,0,0,0,0,0,0,176,2026-02-06 11:01:37.149042
WNTR,25.17,25.11,25.17,2212300.0,2223900.0,0,0,0,0,0,0,0,0,0,0,0,0,0,0,0,0,0,0,0,0,0,0,0,0,0,0,176,2026-02-06 11:01:37.149042
SPNG,25.8,26.17,26.19,2129100.0,2047900.0,0,0,0,0,0,0,0,0,0,0,0,0,0,0,0,0,0,0,0,0,0,0,0,0,0,0,177,2026-02-06 11:01:37.715404
SMMR,23.2,23.0,23.07,2601800.0,2490000.0,0,0,0,0,0,0,0,0,0,0,0,0,0,0,0,0,0,0,0,0,0,0,0,0,0,0,177,2026-02-06 11:01:37.715404
ATMN,25.99,25.99,26.2,2173100.0,2137200.0,0,0,0,0,0,0,0,0,0,0,0,0,0,0,0,0,0,0,0,0,0,0,0,0,0,0,177,2026-02-06 11:01:37.715404
WNTR,25.17,25.11,25.17,2172300.0,2223900.0,0,0,0,0,0,0,0,0,0,0,0,0,0,0,0,0,0,0,0,0,0,0,0,0,0,0,177,2026-02-06 11:01:37.715404
SPNG,25.91,26.03,26.19,2151100.0,2074000.0,0,0,0,0,0,0,0,0,0,0,0,0,0,0,0,0,0,0,0,0,0,0,0,0,0,0,178,2026-02-06 11:01:38.797747
SMMR,23.0,23.0,23.12,2613700.0,2475000.0,0,0,0,0,0,0,0,0,0,0,0,0,0,0,0,0,0,0,0,0,0,0,0,0,0,0,178,2026-02-06 11:01:38.797747
ATMN,25.95,25.95,26.12,2163900.0,2188300.0,0,0,0,0,0,0,0,0,0,0,0,0,0,0,0,0,0,0,0,0,0,0,0,0,0,0,178,2026-02-06 11:01:38.797747
WNTR,25.17,25.12,25.17,2174600.0,2223900.0,0,0,0,0,0,0,0,0,0,0,0,0,0,0,0,0,0,0,0,0,0,0,0,0,0,0,178,2026-02-06 11:01:38.797747
SPNG,25.46,25.46,25.94,2155100.0,2076700.0,0,0,0,0,0,0,0,0,0,0,0,0,0,0,0,0,0,0,0,0,0,0,0,0,0,0,179,2026-02-06 11:01:39.845700
SMMR,23.12,23.16,23.2,2624000.0,2502700.0,0,0,0,0,0,0,0,0,0,0,0,0,0,0,0,0,0,0,0,0,0,0,0,0,0,0,179,2026-02-06 11:01:39.845700
ATMN,25.95,25.95,26.12,2150100.0,2188300.0,0,0,0,0,0,0,0,0,0,0,0,0,0,0,0,0,0,0,0,0,0,0,0,0,0,0,179,2026-02-06 11:01:39.845700
WNTR,25.21,25.12,25.21,2174600.0,2190900.0,0,0,0,0,0,0,0,0,0,0,0,0,0,0,0,0,0,0,0,0,0,0,0,0,0,0,179,2026-02-06 11:01:39.845700
SPNG,25.94,25.07,0.0,200000.0,,0,0,0,0,0,0,0,0,0,0,0,0,0,0,0,0,0,0,0,0,0,0,0,0,0,0,180,2026-02-06 11:01:40.893192
SMMR,23.16,25.85,0.0,633900.0,861100.0,0,0,0,0,0,0,0,0,0,0,0,0,0,0,0,0,0,0,0,0,0,0,0,0,0,0,180,2026-02-06 11:01:40.893192
ATMN,26.12,25.02,0.0,944300.0,812000.0,0,0,0,0,0,0,0,0,0,0,0,0,0,0,0,0,0,0,0,0,0,0,0,0,0,0,180,2026-02-06 11:01:40.893192
WNTR,25.23,24.15,0.0,965300.0,844500.0,0,0,0,0,0,0,0,0,0,0,0,0,0,0,0,0,0,0,0,0,0,0,0,0,0,0,180,2026-02-06 11:01:40.893192
SPNG,24.93,25.09,25.39,1101500.0,811400.0,0,0,0,0,0,0,0,0,0,0,0,0,0,0,0,0,0,0,0,0,0,0,0,0,0,0,181,2026-02-06 11:01:41.971442
SMMR,24.57,24.4,24.57,1126500.0,965500.0,0,0,0,0,0,0,0,0,0,0,0,0,0,0,0,0,0,0,0,0,0,0,0,0,0,0,181,2026-02-06 11:01:41.971442
ATMN,25.02,25.02,25.16,947200.0,908400.0,0,0,0,0,0,0,0,0,0,0,0,0,0,0,0,0,0,0,0,0,0,0,0,0,0,0,181,2026-02-06 11:01:41.971442
WNTR,25.23,24.35,24.6,965300.0,1207100.0,0,0,0,0,0,0,0,0,0,0,0,0,0,0,0,0,0,0,0,0,0,0,0,0,0,0,181,2026-02-06 11:01:41.971442
SPNG,25.39,25.12,25.39,1100300.0,811400.0,0,0,0,0,0,0,0,0,0,0,0,0,0,0,0,0,0,0,0,0,0,0,0,0,0,0,182,2026-02-06 11:01:43.026161
SMMR,24.57,24.42,24.57,1468100.0,965500.0,0,0,0,0,0,0,0,0,0,0,0,0,0,0,0,0,0,0,0,0,0,0,0,0,0,0,182,2026-02-06 11:01:43.026161
ATMN,25.16,25.16,25.45,1065200.0,911200.0,0,0,0,0,0,0,0,0,0,0,0,0,0,0,0,0,0,0,0,0,0,0,0,0,0,0,182,2026-02-06 11:01:43.026161
WNTR,25.23,24.35,24.49,965300.0,1579500.0,0,0,0,0,0,0,0,0,0,0,0,0,0,0,0,0,0,0,0,0,0,0,0,0,0,0,182,2026-02-06 11:01:43.026161
SPNG,24.69,25.33,25.39,1238700.0,889700.0,0,0,0,0,0,0,0,0,0,0,0,0,0,0,0,0,0,0,0,0,0,0,0,0,0,0,183,2026-02-06 11:01:44.075068
SMMR,24.57,24.73,24.83,1821400.0,942400.0,0,0,0,0,0,0,0,0,0,0,0,0,0,0,0,0,0,0,0,0,0,0,0,0,0,0,183,2026-02-06 11:01:44.075068
ATMN,25.16,25.16,25.19,1065200.0,1241300.0,0,0,0,0,0,0,0,0,0,0,0,0,0,0,0,0,0,0,0,0,0,0,0,0,0,0,183,2026-02-06 11:01:44.075068
WNTR,24.15,24.15,24.23,1003400.0,1806900.0,0,0,0,0,0,0,0,0,0,0,0,0,0,0,0,0,0,0,0,0,0,0,0,0,0,0,183,2026-02-06 11:01:44.075068
SPNG,25.33,25.05,25.29,1218300.0,1105300.0,0,0,0,0,0,0,0,0,0,0,0,0,0,0,0,0,0,0,0,0,0,0,0,0,0,0,184,2026-02-06 11:01:45.120870
SMMR,24.91,24.87,24.91,2030500.0,918600.0,0,0,0,0,0,0,0,0,0,0,0,0,0,0,0,0,0,0,0,0,0,0,0,0,0,0,184,2026-02-06 11:01:45.120870
ATMN,25.02,24.71,24.8,1186100.0,1347800.0,0,0,0,0,0,0,0,0,0,0,0,0,0,0,0,0,0,0,0,0,0,0,0,0,0,0,184,2026-02-06 11:01:45.120870
WNTR,23.55,23.61,24.23,1226800.0,1806900.0,0,0,0,0,0,0,0,0,0,0,0,0,0,0,0,0,0,0,0,0,0,0,0,0,0,0,184,2026-02-06 11:01:45.120870
SPNG,24.83,25.2,25.28,1331400.0,1200300.0,0,0,0,0,0,0,0,0,0,0,0,0,0,0,0,0,0,0,0,0,0,0,0,0,0,0,185,2026-02-06 11:01:46.173301
SMMR,24.96,25.26,25.31,2432400.0,943900.0,0,0,0,0,0,0,0,0,0,0,0,0,0,0,0,0,0,0,0,0,0,0,0,0,0,0,185,2026-02-06 11:01:46.173301
ATMN,24.71,24.71,25.19,1303900.0,1241300.0,0,0,0,0,0,0,0,0,0,0,0,0,0,0,0,0,0,0,0,0,0,0,0,0,0,0,185,2026-02-06 11:01:46.173301
WNTR,23.55,24.03,24.23,1729100.0,1806900.0,0,0,0,0,0,0,0,0,0,0,0,0,0,0,0,0,0,0,0,0,0,0,0,0,0,0,185,2026-02-06 11:01:46.173301
SPNG,25.2,24.6,25.06,1344700.0,1421000.0,0,0,0,0,0,0,0,0,0,0,0,0,0,0,0,0,0,0,0,0,0,0,0,0,0,0,186,2026-02-06 11:01:46.784409
SMMR,26.09,25.26,26.09,2432400.0,908700.0,0,0,0,0,0,0,0,0,0,0,0,0,0,0,0,0,0,0,0,0,0,0,0,0,0,0,186,2026-02-06 11:01:46.784409
ATMN,24.71,25.05,25.11,1408400.0,1376000.0,0,0,0,0,0,0,0,0,0,0,0,0,0,0,0,0,0,0,0,0,0,0,0,0,0,0,186,2026-02-06 11:01:46.784409
WNTR,23.55,24.2,24.23,1836100.0,1944800.0,0,0,0,0,0,0,0,0,0,0,0,0,0,0,0,0,0,0,0,0,0,0,0,0,0,0,186,2026-02-06 11:01:46.784409
SPNG,25.28,24.6,25.28,1557900.0,1310000.0,0,0,0,0,0,0,0,0,0,0,0,0,0,0,0,0,0,0,0,0,0,0,0,0,0,0,187,2026-02-06 11:01:47.892156
SMMR,25.75,25.5,25.75,2405100.0,1020400.0,0,0,0,0,0,0,0,0,0,0,0,0,0,0,0,0,0,0,0,0,0,0,0,0,0,0,187,2026-02-06 11:01:47.892156
ATMN,25.05,24.71,24.9,1517700.0,1501500.0,0,0,0,0,0,0,0,0,0,0,0,0,0,0,0,0,0,0,0,0,0,0,0,0,0,0,187,2026-02-06 11:01:47.892156
WNTR,23.55,24.21,24.23,2076200.0,2209200.0,0,0,0,0,0,0,0,0,0,0,0,0,0,0,0,0,0,0,0,0,0,0,0,0,0,0,187,2026-02-06 11:01:47.892156
SPNG,24.6,24.93,25.39,1676900.0,1089600.0,0,0,0,0,0,0,0,0,0,0,0,0,0,0,0,0,0,0,0,0,0,0,0,0,0,0,188,2026-02-06 11:01:48.937461
SMMR,25.75,25.75,25.87,2336500.0,1042500.0,0,0,0,0,0,0,0,0,0,0,0,0,0,0,0,0,0,0,0,0,0,0,0,0,0,0,188,2026-02-06 11:01:48.937461
ATMN,24.85,24.73,24.85,1627200.0,1704900.0,0,0,0,0,0,0,0,0,0,0,0,0,0,0,0,0,0,0,0,0,0,0,0,0,0,0,188,2026-02-06 11:01:48.937461
WNTR,23.55,24.21,24.23,2076200.0,2329900.0,0,0,0,0,0,0,0,0,0,0,0,0,0,0,0,0,0,0,0,0,0,0,0,0,0,0,188,2026-02-06 11:01:48.937461
SPNG,25.07,24.6,24.88,1557900.0,1296200.0,0,0,0,0,0,0,0,0,0,0,0,0,0,0,0,0,0,0,0,0,0,0,0,0,0,0,189,2026-02-06 11:01:49.986562
SMMR,25.87,25.79,25.87,2356200.0,1042500.0,0,0,0,0,0,0,0,0,0,0,0,0,0,0,0,0,0,0,0,0,0,0,0,0,0,0,189,2026-02-06 11:01:49.986562
ATMN,24.71,24.82,24.93,1649800.0,1471500.0,0,0,0,0,0,0,0,0,0,0,0,0,0,0,0,0,0,0,0,0,0,0,0,0,0,0,189,2026-02-06 11:01:49.986562
WNTR,24.29,24.21,24.29,2076200.0,2324600.0,0,0,0,0,0,0,0,0,0,0,0,0,0,0,0,0,0,0,0,0,0,0,0,0,0,0,189,2026-02-06 11:01:49.986562
SPNG,24.56,24.56,25.39,1461200.0,1087200.0,0,0,0,0,0,0,0,0,0,0,0,0,0,0,0,0,0,0,0,0,0,0,0,0,0,0,190,2026-02-06 11:01:51.034002
SMMR,25.79,25.75,25.79,2334300.0,1172800.0,0,0,0,0,0,0,0,0,0,0,0,0,0,0,0,0,0,0,0,0,0,0,0,0,0,0,190,2026-02-06 11:01:51.034002
ATMN,24.82,24.82,24.93,1649800.0,1691900.0,0,0,0,0,0,0,0,0,0,0,0,0,0,0,0,0,0,0,0,0,0,0,0,0,0,0,190,2026-02-06 11:01:51.034002
WNTR,24.16,24.16,24.29,1949100.0,2324600.0,0,0,0,0,0,0,0,0,0,0,0,0,0,0,0,0,0,0,0,0,0,0,0,0,0,0,190,2026-02-06 11:01:51.034002
SPNG,25.58,24.73,25.58,1706000.0,991700.0,0,0,0,0,0,0,0,0,0,0,0,0,0,0,0,0,0,0,0,0,0,0,0,0,0,0,191,2026-02-06 11:01:52.081705
SMMR,25.79,25.84,25.87,2273700.0,1157500.0,0,0,0,0,0,0,0,0,0,0,0,0,0,0,0,0,0,0,0,0,0,0,0,0,0,0,191,2026-02-06 11:01:52.081705
ATMN,24.65,24.65,24.93,1296900.0,1799500.0,0,0,0,0,0,0,0,0,0,0,0,0,0,0,0,0,0,0,0,0,0,0,0,0,0,0,191,2026-02-06 11:01:52.081705
WNTR,24.31,24.03,24.31,1845800.0,2277100.0,0,0,0,0,0,0,0,0,0,0,0,0,0,0,0,0,0,0,0,0,0,0,0,0,0,0,191,2026-02-06 11:01:52.081705
SPNG,25.58,24.73,24.8,1706000.0,1100000.0,0,0,0,0,0,0,0,0,0,0,0,0,0,0,0,0,0,0,0,0,0,0,0,0,0,0,192,2026-02-06 11:01:53.132807
SMMR,25.75,25.75,25.87,2334100.0,1157500.0,0,0,0,0,0,0,0,0,0,0,0,0,0,0,0,0,0,0,0,0,0,0,0,0,0,0,192,2026-02-06 11:01:53.132807
ATMN,24.99,24.95,24.99,1418200.0,1822800.0,0,0,0,0,0,0,0,0,0,0,0,0,0,0,0,0,0,0,0,0,0,0,0,0,0,0,192,2026-02-06 11:01:53.132807
WNTR,24.35,24.18,24.24,1959300.0,2255800.0,0,0,0,0,0,0,0,0,0,0,0,0,0,0,0,0,0,0,0,0,0,0,0,0,0,0,192,2026-02-06 11:01:53.132807
SPNG,24.8,24.83,24.96,1835600.0,1227600.0,0,0,0,0,0,0,0,0,0,0,0,0,0,0,0,0,0,0,0,0,0,0,0,0,0,0,193,2026-02-06 11:01:54.178239
SMMR,26.16,25.85,26.16,2343800.0,902500.0,0,0,0,0,0,0,0,0,0,0,0,0,0,0,0,0,0,0,0,0,0,0,0,0,0,0,193,2026-02-06 11:01:54.178239
ATMN,25.03,24.65,25.03,1296900.0,1694400.0,0,0,0,0,0,0,0,0,0,0,0,0,0,0,0,0,0,0,0,0,0,0,0,0,0,0,193,2026-02-06 11:01:54.178239
WNTR,24.35,24.2,24.24,2190100.0,2278300.0,0,0,0,0,0,0,0,0,0,0,0,0,0,0,0,0,0,0,0,0,0,0,0,0,0,0,193,2026-02-06 11:01:54.178239
SPNG,25.58,24.83,25.42,1835600.0,1416500.0,0,0,0,0,0,0,0,0,0,0,0,0,0,0,0,0,0,0,0,0,0,0,0,0,0,0,194,2026-02-06 11:01:55.274869
SMMR,25.85,25.85,26.01,2343800.0,1214800.0,0,0,0,0,0,0,0,0,0,0,0,0,0,0,0,0,0,0,0,0,0,0,0,0,0,0,194,2026-02-06 11:01:55.274869
ATMN,24.81,24.65,24.81,1296900.0,1806900.0,0,0,0,0,0,0,0,0,0,0,0,0,0,0,0,0,0,0,0,0,0,0,0,0,0,0,194,2026-02-06 11:01:55.274869
WNTR,24.35,24.45,24.47,2318900.0,2287500.0,0,0,0,0,0,0,0,0,0,0,0,0,0,0,0,0,0,0,0,0,0,0,0,0,0,0,194,2026-02-06 11:01:55.274869
SPNG,25.58,24.83,25.19,1835600.0,1503700.0,0,0,0,0,0,0,0,0,0,0,0,0,0,0,0,0,0,0,0,0,0,0,0,0,0,0,195,2026-02-06 11:01:55.854875
SMMR,25.85,25.85,25.86,2338800.0,1339900.0,0,0,0,0,0,0,0,0,0,0,0,0,0,0,0,0,0,0,0,0,0,0,0,0,0,0,195,2026-02-06 11:01:55.854875
ATMN,24.81,24.65,24.81,1412200.0,1806900.0,0,0,0,0,0,0,0,0,0,0,0,0,0,0,0,0,0,0,0,0,0,0,0,0,0,0,195,2026-02-06 11:01:55.854875
WNTR,24.35,24.45,24.47,2318900.0,2285800.0,0,0,0,0,0,0,0,0,0,0,0,0,0,0,0,0,0,0,0,0,0,0,0,0,0,0,195,2026-02-06 11:01:55.854875
SPNG,24.56,24.56,25.19,1589700.0,1503700.0,0,0,0,0,0,0,0,0,0,0,0,0,0,0,0,0,0,0,0,0,0,0,0,0,0,0,196,2026-02-06 11:01:56.907713
SMMR,25.8,25.8,25.86,2332900.0,1339900.0,0,0,0,0,0,0,0,0,0,0,0,0,0,0,0,0,0,0,0,0,0,0,0,0,0,0,196,2026-02-06 11:01:56.907713
ATMN,24.81,24.99,25.03,1424500.0,1824900.0,0,0,0,0,0,0,0,0,0,0,0,0,0,0,0,0,0,0,0,0,0,0,0,0,0,0,196,2026-02-06 11:01:56.907713
WNTR,24.29,24.18,24.27,2287900.0,2338800.0,0,0,0,0,0,0,0,0,0,0,0,0,0,0,0,0,0,0,0,0,0,0,0,0,0,0,196,2026-02-06 11:01:56.907713
SPNG,25.05,24.57,24.77,1828500.0,1628100.0,0,0,0,0,0,0,0,0,0,0,0,0,0,0,0,0,0,0,0,0,0,0,0,0,0,0,197,2026-02-06 11:01:57.937993
SMMR,25.8,25.75,25.8,2316700.0,1582400.0,0,0,0,0,0,0,0,0,0,0,0,0,0,0,0,0,0,0,0,0,0,0,0,0,0,0,197,2026-02-06 11:01:57.937993
ATMN,25.01,24.61,25.01,1294400.0,1942600.0,0,0,0,0,0,0,0,0,0,0,0,0,0,0,0,0,0,0,0,0,0,0,0,0,0,0,197,2026-02-06 11:01:57.937993
WNTR,24.29,24.18,24.23,2396500.0,2344300.0,0,0,0,0,0,0,0,0,0,0,0,0,0,0,0,0,0,0,0,0,0,0,0,0,0,0,197,2026-02-06 11:01:57.937993
SPNG,24.77,25.11,25.19,2175900.0,1503700.0,0,0,0,0,0,0,0,0,0,0,0,0,0,0,0,0,0,0,0,0,0,0,0,0,0,0,198,2026-02-06 11:01:58.972787
SMMR,25.86,25.8,25.86,2293200.0,1473400.0,0,0,0,0,0,0,0,0,0,0,0,0,0,0,0,0,0,0,0,0,0,0,0,0,0,0,198,2026-02-06 11:01:58.972787
ATMN,25.01,24.61,24.63,1412400.0,2136100.0,0,0,0,0,0,0,0,0,0,0,0,0,0,0,0,0,0,0,0,0,0,0,0,0,0,0,198,2026-02-06 11:01:58.972787
WNTR,24.29,24.21,24.23,2403600.0,2344300.0,0,0,0,0,0,0,0,0,0,0,0,0,0,0,0,0,0,0,0,0,0,0,0,0,0,0,198,2026-02-06 11:01:58.972787
