ticker,last_price,bid_price,ask_price,BUY_ANON,SELL_ANON,BUY_WRSW-1,BUY_BRCH-1,BUY_LAVL-1,SELL_CALG-1,SELL_GIOT-3,SELL_LAVL-1,BUY_GIOT-3,SELL_WRSW-1,BUY_WRSW-3,SELL_WRSW-3,SELL_COLA-1,BUY_CALG-1,BUY_COLA-1,SELL_BRCH-1,SELL_LUIS-1,BUY_LUIS-1,tick,timestamp
SPNG,24.91,24.91,0.0,1802900.0,2038900.0,0,0,0,0,0,0,0,0,0,0,0,0,0,0,0,0,0,2026-02-04 19:45:06.968831
SMMR,0.0,0.0,0.0,2414600.0,1758400.0,0,0,0,0,0,0,0,0,0,0,0,0,0,0,0,0,0,2026-02-04 19:45:06.968831
ATMN,0.0,0.0,0.0,2212600.0,2072000.0,0,0,0,0,0,0,0,0,0,0,0,0,0,0,0,0,0,2026-02-04 19:45:06.968831
WNTR,0.0,0.0,0.0,2323200.0,1920300.0,0,0,0,0,0,0,0,0,0,0,0,0,0,0,0,0,0,2026-02-04 19:45:06.968831
SPNG,25.12,24.91,25.12,1802900.0,2026800.0,0,0,0,0,0,0,0,0,0,0,0,0,0,0,0,0,1,2026-02-04 19:45:07.593793,2.0,1.0,1.0,,Aggregate Position Limit,Your CRO has set the aggregate position limit to 8000 shares for this week.
SMMR,25.04,24.99,25.04,2414600.0,1662400.0,0,0,0,0,0,0,0,0,0,0,0,0,0,0,0,0,1,2026-02-04 19:45:07.593793,1.0,1.0,1.0,,Welcome to the RITC 2026 Alogithmic Market Making Case - practice server,
ATMN,24.9,24.9,25.06,2196600.0,2072000.0,0,0,0,0,0,0,0,0,0,0,0,0,0,0,0,0,1,2026-02-04 19:45:07.593793,,,,,,
WNTR,24.99,24.99,25.0,2353900.0,1920300.0,0,0,0,0,0,0,0,0,0,0,0,0,0,0,0,0,1,2026-02-04 19:45:07.593793,,,,,,
SPNG,25.24,24.91,25.03,1802900.0,2027400.0,0,0,0,0,0,0,0,0,0,0,0,0,0,0,0,0,2,2026-02-04 19:45:08.636358
SMMR,25.08,24.99,25.08,2414600.0,1672200.0,0,0,0,0,0,0,0,0,0,0,0,0,0,0,0,0,2,2026-02-04 19:45:08.636358
ATMN,24.9,24.9,25.06,2196600.0,2171200.0,0,0,0,0,0,0,0,0,0,0,0,0,0,0,0,0,2,2026-02-04 19:45:08.636358
WNTR,25.0,24.93,25.0,2329700.0,2040300.0,0,0,0,0,0,0,0,0,0,0,0,0,0,0,0,0,2,2026-02-04 19:45:08.636358
SPNG,24.85,24.85,25.24,1692100.0,2040300.0,0,0,0,0,0,0,0,0,0,0,0,0,0,0,0,0,3,2026-02-04 19:45:09.692131
SMMR,24.94,24.94,25.2,2400200.0,1577900.0,0,0,0,0,0,0,0,0,0,0,0,0,0,0,0,0,3,2026-02-04 19:45:09.692131
ATMN,24.81,24.81,25.19,2205700.0,2071800.0,0,0,0,0,0,0,0,0,0,0,0,0,0,0,0,0,3,2026-02-04 19:45:09.692131
WNTR,25.01,24.93,25.01,2347900.0,2076300.0,0,0,0,0,0,0,0,0,0,0,0,0,0,0,0,0,3,2026-02-04 19:45:09.692131
SPNG,24.75,24.75,25.36,1491800.0,2052400.0,0,0,0,0,0,0,0,0,0,0,0,0,0,0,0,0,4,2026-02-04 19:45:10.746848
SMMR,24.94,25.05,25.06,2427700.0,1843700.0,0,0,0,0,0,0,0,0,0,0,0,0,0,0,0,0,4,2026-02-04 19:45:10.746848
ATMN,24.81,24.81,25.14,2186200.0,2276600.0,0,0,0,0,0,0,0,0,0,0,0,0,0,0,0,0,4,2026-02-04 19:45:10.746848
WNTR,24.88,24.88,25.01,2335500.0,2175200.0,0,0,0,0,0,0,0,0,0,0,0,0,0,0,0,0,4,2026-02-04 19:45:10.746848
SPNG,25.37,24.75,25.37,1601300.0,2090600.0,0,0,0,0,0,0,0,0,0,0,0,0,0,0,0,0,5,2026-02-04 19:45:11.794588
SMMR,24.94,24.94,25.06,2384900.0,1972700.0,0,0,0,0,0,0,0,0,0,0,0,0,0,0,0,0,5,2026-02-04 19:45:11.794588
ATMN,24.81,24.98,25.14,2190000.0,2244200.0,0,0,0,0,0,0,0,0,0,0,0,0,0,0,0,0,5,2026-02-04 19:45:11.794588
WNTR,25.02,24.88,25.02,2351600.0,2055200.0,0,0,0,0,0,0,0,0,0,0,0,0,0,0,0,0,5,2026-02-04 19:45:11.794588
SPNG,25.37,25.13,25.37,1717000.0,2042300.0,0,0,0,0,0,0,0,0,0,0,0,0,0,0,0,0,6,2026-02-04 19:45:12.856995
SMMR,25.03,24.94,24.95,2389200.0,2233400.0,0,0,0,0,0,0,0,0,0,0,0,0,0,0,0,0,6,2026-02-04 19:45:12.856995
ATMN,24.76,24.76,25.14,2158800.0,2244200.0,0,0,0,0,0,0,0,0,0,0,0,0,0,0,0,0,6,2026-02-04 19:45:12.856995
WNTR,25.03,24.88,25.03,2351600.0,2138400.0,0,0,0,0,0,0,0,0,0,0,0,0,0,0,0,0,6,2026-02-04 19:45:12.856995
SPNG,24.75,25.07,25.37,1694000.0,2023800.0,0,0,0,0,0,0,0,0,0,0,0,0,0,0,0,0,7,2026-02-04 19:45:13.934893
SMMR,24.95,24.94,24.95,2401700.0,2343100.0,0,0,0,0,0,0,0,0,0,0,0,0,0,0,0,0,7,2026-02-04 19:45:13.934893
ATMN,24.76,25.06,25.07,2140200.0,2298900.0,0,0,0,0,0,0,0,0,0,0,0,0,0,0,0,0,7,2026-02-04 19:45:13.934893
WNTR,25.07,24.88,25.07,2358300.0,1910800.0,0,0,0,0,0,0,0,0,0,0,0,0,0,0,0,0,7,2026-02-04 19:45:13.934893
SPNG,24.75,24.88,25.02,1808100.0,1994300.0,0,0,0,0,0,0,0,0,0,0,0,0,0,0,0,0,8,2026-02-04 19:45:15.000280
SMMR,24.95,25.02,25.03,2391800.0,2326300.0,0,0,0,0,0,0,0,0,0,0,0,0,0,0,0,0,8,2026-02-04 19:45:15.000280
ATMN,25.06,24.84,25.0,2148000.0,2305400.0,0,0,0,0,0,0,0,0,0,0,0,0,0,0,0,0,8,2026-02-04 19:45:15.000280
WNTR,24.88,24.88,25.07,2358300.0,2137900.0,0,0,0,0,0,0,0,0,0,0,0,0,0,0,0,0,8,2026-02-04 19:45:15.000280
SPNG,24.75,24.88,25.02,1904800.0,1994300.0,0,0,0,0,0,0,0,0,0,0,0,0,0,0,0,0,9,2026-02-04 19:45:15.554167
SMMR,25.03,25.02,25.03,2391800.0,2190200.0,0,0,0,0,0,0,0,0,0,0,0,0,0,0,0,0,9,2026-02-04 19:45:15.554167
ATMN,24.84,24.84,25.07,2148000.0,2298900.0,0,0,0,0,0,0,0,0,0,0,0,0,0,0,0,0,9,2026-02-04 19:45:15.554167
WNTR,24.88,24.88,25.01,2346100.0,2259400.0,0,0,0,0,0,0,0,0,0,0,0,0,0,0,0,0,9,2026-02-04 19:45:15.554167
SPNG,25.02,25.17,25.37,1996100.0,2023800.0,0,0,0,0,0,0,0,0,0,0,0,0,0,0,0,0,10,2026-02-04 19:45:16.596478
SMMR,25.13,25.02,25.13,2391800.0,2074800.0,0,0,0,0,0,0,0,0,0,0,0,0,0,0,0,0,10,2026-02-04 19:45:16.596478
ATMN,24.76,24.94,25.07,2150800.0,2286200.0,0,0,0,0,0,0,0,0,0,0,0,0,0,0,0,0,10,2026-02-04 19:45:16.596478
WNTR,24.88,24.97,25.01,2327300.0,2259400.0,0,0,0,0,0,0,0,0,0,0,0,0,0,0,0,0,10,2026-02-04 19:45:16.596478
SPNG,24.88,24.88,25.12,2018100.0,1989000.0,0,0,0,0,0,0,0,0,0,0,0,0,0,0,0,0,11,2026-02-04 19:45:17.662448
SMMR,25.02,25.02,25.13,2391800.0,2201800.0,0,0,0,0,0,0,0,0,0,0,0,0,0,0,0,0,11,2026-02-04 19:45:17.662448
ATMN,25.13,25.03,25.13,2191700.0,2278500.0,0,0,0,0,0,0,0,0,0,0,0,0,0,0,0,0,11,2026-02-04 19:45:17.662448
WNTR,25.01,24.88,25.01,2336000.0,2229100.0,0,0,0,0,0,0,0,0,0,0,0,0,0,0,0,0,11,2026-02-04 19:45:17.662448
SPNG,25.37,25.46,25.5,2002200.0,2033500.0,0,0,0,0,0,0,0,0,0,0,0,0,0,0,0,0,12,2026-02-04 19:45:18.737481
SMMR,25.2,24.92,25.2,2389300.0,2040000.0,0,0,0,0,0,0,0,0,0,0,0,0,0,0,0,0,12,2026-02-04 19:45:18.737481
ATMN,25.09,24.96,25.02,2186700.0,2253600.0,0,0,0,0,0,0,0,0,0,0,0,0,0,0,0,0,12,2026-02-04 19:45:18.737481
WNTR,24.89,24.98,25.01,2357800.0,2229100.0,0,0,0,0,0,0,0,0,0,0,0,0,0,0,0,0,12,2026-02-04 19:45:18.737481
SPNG,24.88,24.88,25.07,2018100.0,2014600.0,0,0,0,0,0,0,0,0,0,0,0,0,0,0,0,0,13,2026-02-04 19:45:19.782096
SMMR,25.12,25.01,25.04,2366500.0,2157900.0,0,0,0,0,0,0,0,0,0,0,0,0,0,0,0,0,13,2026-02-04 19:45:19.782096
ATMN,25.13,24.96,25.13,2163600.0,2266900.0,0,0,0,0,0,0,0,0,0,0,0,0,0,0,0,0,13,2026-02-04 19:45:19.782096
WNTR,25.09,24.98,25.09,2357800.0,2104000.0,0,0,0,0,0,0,0,0,0,0,0,0,0,0,0,0,13,2026-02-04 19:45:19.782096
SPNG,25.07,25.15,25.5,2011400.0,2014100.0,0,0,0,0,0,0,0,0,0,0,0,0,0,0,0,0,14,2026-02-04 19:45:20.832936
SMMR,25.08,25.01,25.06,2377600.0,2178400.0,0,0,0,0,0,0,0,0,0,0,0,0,0,0,0,0,14,2026-02-04 19:45:20.832936
ATMN,24.94,25.01,25.13,2202200.0,2266900.0,0,0,0,0,0,0,0,0,0,0,0,0,0,0,0,0,14,2026-02-04 19:45:20.832936
WNTR,24.94,24.94,25.1,2348500.0,1975300.0,0,0,0,0,0,0,0,0,0,0,0,0,0,0,0,0,14,2026-02-04 19:45:20.832936
SPNG,25.5,24.88,25.5,2018100.0,2014100.0,0,0,0,0,0,0,0,0,0,0,0,0,0,0,0,0,15,2026-02-04 19:45:21.874731
SMMR,25.2,25.01,25.1,2377600.0,2277100.0,0,0,0,0,0,0,0,0,0,0,0,0,0,0,0,0,15,2026-02-04 19:45:21.874731
ATMN,24.94,25.01,25.13,2193400.0,2251700.0,0,0,0,0,0,0,0,0,0,0,0,0,0,0,0,0,15,2026-02-04 19:45:21.874731
WNTR,24.88,24.88,24.93,2307300.0,2069000.0,0,0,0,0,0,0,0,0,0,0,0,0,0,0,0,0,15,2026-02-04 19:45:21.874731
SPNG,24.75,24.75,25.21,1905600.0,2028200.0,0,0,0,0,0,0,0,0,0,0,0,0,0,0,0,0,16,2026-02-04 19:45:22.913538
SMMR,25.1,25.01,25.09,2393400.0,2405600.0,0,0,0,0,0,0,0,0,0,0,0,0,0,0,0,0,16,2026-02-04 19:45:22.913538
ATMN,24.94,25.01,25.11,2170000.0,2218200.0,0,0,0,0,0,0,0,0,0,0,0,0,0,0,0,0,16,2026-02-04 19:45:22.913538
WNTR,24.84,24.87,24.93,2364000.0,2069000.0,0,0,0,0,0,0,0,0,0,0,0,0,0,0,0,0,16,2026-02-04 19:45:22.913538
SPNG,25.03,25.03,25.21,2004200.0,2028200.0,0,0,0,0,0,0,0,0,0,0,0,0,0,0,0,0,17,2026-02-04 19:45:23.953008
SMMR,25.1,25.07,25.09,2425600.0,2400400.0,0,0,0,0,0,0,0,0,0,0,0,0,0,0,0,0,17,2026-02-04 19:45:23.953008
ATMN,25.01,25.01,25.11,2173800.0,2225100.0,0,0,0,0,0,0,0,0,0,0,0,0,0,0,0,0,17,2026-02-04 19:45:23.953008
WNTR,25.1,24.84,25.1,2374800.0,1975300.0,0,0,0,0,0,0,0,0,0,0,0,0,0,0,0,0,17,2026-02-04 19:45:23.953008
SPNG,25.03,25.03,25.21,2004200.0,2015300.0,0,0,0,0,0,0,0,0,0,0,0,0,0,0,0,0,18,2026-02-04 19:45:24.993672
SMMR,25.01,25.01,25.09,2440200.0,2400400.0,0,0,0,0,0,0,0,0,0,0,0,0,0,0,0,0,18,2026-02-04 19:45:24.993672
ATMN,25.01,25.01,25.11,2173800.0,2171600.0,0,0,0,0,0,0,0,0,0,0,0,0,0,0,0,0,18,2026-02-04 19:45:24.993672
WNTR,25.1,24.93,25.1,2351500.0,2073100.0,0,0,0,0,0,0,0,0,0,0,0,0,0,0,0,0,18,2026-02-04 19:45:24.993672
SPNG,25.03,24.75,24.98,1992200.0,2004000.0,0,0,0,0,0,0,0,0,0,0,0,0,0,0,0,0,19,2026-02-04 19:45:25.563836
SMMR,25.1,25.01,25.1,2442700.0,2390400.0,0,0,0,0,0,0,0,0,0,0,0,0,0,0,0,0,19,2026-02-04 19:45:25.563836
ATMN,24.94,24.94,25.11,2175500.0,2159100.0,0,0,0,0,0,0,0,0,0,0,0,0,0,0,0,0,19,2026-02-04 19:45:25.563836
WNTR,24.94,24.93,24.94,2351500.0,2205900.0,0,0,0,0,0,0,0,0,0,0,0,0,0,0,0,0,19,2026-02-04 19:45:25.563836
SPNG,24.8,24.85,25.21,1989000.0,2000900.0,0,0,0,0,0,0,0,0,0,0,0,0,0,0,0,0,20,2026-02-04 19:45:26.615931
SMMR,25.04,25.04,25.1,2463100.0,2390400.0,0,0,0,0,0,0,0,0,0,0,0,0,0,0,0,0,20,2026-02-04 19:45:26.615931
ATMN,24.94,24.94,25.11,2175500.0,2164500.0,0,0,0,0,0,0,0,0,0,0,0,0,0,0,0,0,20,2026-02-04 19:45:26.615931
WNTR,24.93,25.01,25.1,2316500.0,2073100.0,0,0,0,0,0,0,0,0,0,0,0,0,0,0,0,0,20,2026-02-04 19:45:26.615931
SPNG,24.8,24.85,25.03,1989000.0,2045600.0,0,0,0,0,0,0,0,0,0,0,0,0,0,0,0,0,21,2026-02-04 19:45:27.680223
SMMR,25.21,25.04,25.21,2458500.0,2127600.0,0,0,0,0,0,0,0,0,0,0,0,0,0,0,0,0,21,2026-02-04 19:45:27.680223
ATMN,24.85,24.85,25.11,2165200.0,2164500.0,0,0,0,0,0,0,0,0,0,0,0,0,0,0,0,0,21,2026-02-04 19:45:27.680223
WNTR,24.93,24.93,25.03,2351500.0,2178000.0,0,0,0,0,0,0,0,0,0,0,0,0,0,0,0,0,21,2026-02-04 19:45:27.680223
SPNG,25.03,25.18,25.21,2021200.0,2034400.0,0,0,0,0,0,0,0,0,0,0,0,0,0,0,0,0,22,2026-02-04 19:45:28.728166
SMMR,25.04,25.04,25.16,2458500.0,2261600.0,0,0,0,0,0,0,0,0,0,0,0,0,0,0,0,0,22,2026-02-04 19:45:28.728166
ATMN,24.83,24.94,24.95,2163400.0,2199400.0,0,0,0,0,0,0,0,0,0,0,0,0,0,0,0,0,22,2026-02-04 19:45:28.728166
WNTR,24.93,24.84,24.91,2349400.0,2208000.0,0,0,0,0,0,0,0,0,0,0,0,0,0,0,0,0,22,2026-02-04 19:45:28.728166
SPNG,25.03,25.18,25.21,2021200.0,2025300.0,0,0,0,0,0,0,0,0,0,0,0,0,0,0,0,0,23,2026-02-04 19:45:29.771035
SMMR,24.96,24.96,25.05,2444200.0,2370400.0,0,0,0,0,0,0,0,0,0,0,0,0,0,0,0,0,23,2026-02-04 19:45:29.771035
ATMN,24.94,24.83,24.9,2168500.0,2222800.0,0,0,0,0,0,0,0,0,0,0,0,0,0,0,0,0,23,2026-02-04 19:45:29.771035
WNTR,25.11,24.84,25.11,2349400.0,2244600.0,0,0,0,0,0,0,0,0,0,0,0,0,0,0,0,0,23,2026-02-04 19:45:29.771035
SPNG,24.87,24.87,25.21,1999400.0,2036200.0,0,0,0,0,0,0,0,0,0,0,0,0,0,0,0,0,24,2026-02-04 19:45:30.808786
SMMR,25.16,25.14,25.16,2416300.0,2261600.0,0,0,0,0,0,0,0,0,0,0,0,0,0,0,0,0,24,2026-02-04 19:45:30.808786
ATMN,24.94,24.89,24.9,2188000.0,2222800.0,0,0,0,0,0,0,0,0,0,0,0,0,0,0,0,0,24,2026-02-04 19:45:30.808786
WNTR,24.83,24.83,25.11,2351500.0,2146800.0,0,0,0,0,0,0,0,0,0,0,0,0,0,0,0,0,24,2026-02-04 19:45:30.808786
SPNG,25.27,24.8,25.27,1997500.0,2032800.0,0,0,0,0,0,0,0,0,0,0,0,0,0,0,0,0,25,2026-02-04 19:45:31.842247
SMMR,25.12,25.12,25.16,2410300.0,2261600.0,0,0,0,0,0,0,0,0,0,0,0,0,0,0,0,0,25,2026-02-04 19:45:31.842247
ATMN,24.81,24.81,25.11,2208900.0,2213500.0,0,0,0,0,0,0,0,0,0,0,0,0,0,0,0,0,25,2026-02-04 19:45:31.842247
WNTR,24.83,24.83,24.94,2323300.0,2265500.0,0,0,0,0,0,0,0,0,0,0,0,0,0,0,0,0,25,2026-02-04 19:45:31.842247
SPNG,24.75,24.75,25.27,1992200.0,2032800.0,0,0,0,0,0,0,0,0,0,0,0,0,0,0,0,0,26,2026-02-04 19:45:32.875758
SMMR,25.12,25.12,25.13,2410300.0,2357400.0,0,0,0,0,0,0,0,0,0,0,0,0,0,0,0,0,26,2026-02-04 19:45:32.875758
ATMN,24.8,24.8,24.88,2201400.0,2251500.0,0,0,0,0,0,0,0,0,0,0,0,0,0,0,0,0,26,2026-02-04 19:45:32.875758
WNTR,24.94,24.91,24.94,2322000.0,2265500.0,0,0,0,0,0,0,0,0,0,0,0,0,0,0,0,0,26,2026-02-04 19:45:32.875758
SPNG,25.21,24.75,25.08,1992200.0,2028200.0,0,0,0,0,0,0,0,0,0,0,0,0,0,0,0,0,27,2026-02-04 19:45:33.908436
SMMR,25.12,25.12,25.13,2410300.0,2301900.0,0,0,0,0,0,0,0,0,0,0,0,0,0,0,0,0,27,2026-02-04 19:45:33.908436
ATMN,24.88,24.79,24.88,2211600.0,2249800.0,0,0,0,0,0,0,0,0,0,0,0,0,0,0,0,0,27,2026-02-04 19:45:33.908436
WNTR,25.15,24.91,25.15,2341500.0,1895700.0,0,0,0,0,0,0,0,0,0,0,0,0,0,0,0,0,27,2026-02-04 19:45:33.908436
SPNG,25.08,25.26,25.27,2005300.0,2016300.0,0,0,0,0,0,0,0,0,0,0,0,0,0,0,0,0,28,2026-02-04 19:45:34.941087
SMMR,25.12,25.12,25.13,2402700.0,2268000.0,0,0,0,0,0,0,0,0,0,0,0,0,0,0,0,0,28,2026-02-04 19:45:34.941087
ATMN,24.88,24.92,25.11,2218300.0,2280700.0,0,0,0,0,0,0,0,0,0,0,0,0,0,0,0,0,28,2026-02-04 19:45:34.941087
WNTR,24.91,24.91,25.15,2341500.0,2115100.0,0,0,0,0,0,0,0,0,0,0,0,0,0,0,0,0,28,2026-02-04 19:45:34.941087
SPNG,25.26,24.75,24.94,1973600.0,2018400.0,0,0,0,0,0,0,0,0,0,0,0,0,0,0,0,0,29,2026-02-04 19:45:35.979839
SMMR,25.12,25.12,25.13,2371200.0,2241200.0,0,0,0,0,0,0,0,0,0,0,0,0,0,0,0,0,29,2026-02-04 19:45:35.979839
ATMN,24.84,24.84,24.87,2220600.0,2267200.0,0,0,0,0,0,0,0,0,0,0,0,0,0,0,0,0,29,2026-02-04 19:45:35.979839
WNTR,24.91,24.91,25.14,2341500.0,2245300.0,0,0,0,0,0,0,0,0,0,0,0,0,0,0,0,0,29,2026-02-04 19:45:35.979839
SPNG,25.31,24.75,25.31,1999000.0,2022800.0,0,0,0,0,0,0,0,0,0,0,0,0,0,0,0,0,30,2026-02-04 19:45:37.025148
SMMR,25.07,25.07,25.13,2407500.0,2243100.0,0,0,0,0,0,0,0,0,0,0,0,0,0,0,0,0,30,2026-02-04 19:45:37.025148
ATMN,24.99,24.84,24.99,2226800.0,2264400.0,0,0,0,0,0,0,0,0,0,0,0,0,0,0,0,0,30,2026-02-04 19:45:37.025148
WNTR,25.14,24.9,25.14,2358000.0,2245300.0,0,0,0,0,0,0,0,0,0,0,0,0,0,0,0,0,30,2026-02-04 19:45:37.025148
SPNG,25.31,25.2,25.31,2016800.0,2014500.0,0,0,0,0,0,0,0,0,0,0,0,0,0,0,0,0,31,2026-02-04 19:45:38.100550
SMMR,25.07,25.07,25.13,2401600.0,2243100.0,0,0,0,0,0,0,0,0,0,0,0,0,0,0,0,0,31,2026-02-04 19:45:38.100550
ATMN,24.84,24.84,24.99,2202300.0,2276000.0,0,0,0,0,0,0,0,0,0,0,0,0,0,0,0,0,31,2026-02-04 19:45:38.100550
WNTR,24.9,25.03,25.14,2372600.0,2267900.0,0,0,0,0,0,0,0,0,0,0,0,0,0,0,0,0,31,2026-02-04 19:45:38.100550
SPNG,25.33,24.75,25.33,1999000.0,1980400.0,0,0,0,0,0,0,0,0,0,0,0,0,0,0,0,0,32,2026-02-04 19:45:38.793212
SMMR,25.13,25.07,25.13,2401600.0,2259000.0,0,0,0,0,0,0,0,0,0,0,0,0,0,0,0,0,32,2026-02-04 19:45:38.793212
ATMN,24.99,25.04,25.11,2193100.0,2256600.0,0,0,0,0,0,0,0,0,0,0,0,0,0,0,0,0,32,2026-02-04 19:45:38.793212
WNTR,24.83,24.86,25.14,2316700.0,2267900.0,0,0,0,0,0,0,0,0,0,0,0,0,0,0,0,0,32,2026-02-04 19:45:38.793212
SPNG,25.25,25.25,25.33,2017100.0,1980400.0,0,0,0,0,0,0,0,0,0,0,0,0,0,0,0,0,33,2026-02-04 19:45:39.839188
SMMR,25.13,25.07,25.13,2366300.0,2259000.0,0,0,0,0,0,0,0,0,0,0,0,0,0,0,0,0,33,2026-02-04 19:45:39.839188
ATMN,24.77,24.77,24.86,2191500.0,2267800.0,0,0,0,0,0,0,0,0,0,0,0,0,0,0,0,0,33,2026-02-04 19:45:39.839188
WNTR,25.16,24.86,24.96,2320100.0,2284300.0,0,0,0,0,0,0,0,0,0,0,0,0,0,0,0,0,33,2026-02-04 19:45:39.839188
SPNG,24.91,25.15,25.22,2005700.0,1969500.0,0,0,0,0,0,0,0,0,0,0,0,0,0,0,0,0,34,2026-02-04 19:45:40.866985
SMMR,25.13,25.1,25.13,2375400.0,2251000.0,0,0,0,0,0,0,0,0,0,0,0,0,0,0,0,0,34,2026-02-04 19:45:40.866985
ATMN,24.76,24.76,24.98,2199700.0,2263200.0,0,0,0,0,0,0,0,0,0,0,0,0,0,0,0,0,34,2026-02-04 19:45:40.866985
WNTR,25.16,24.91,24.96,2330100.0,2284300.0,0,0,0,0,0,0,0,0,0,0,0,0,0,0,0,0,34,2026-02-04 19:45:40.866985
SPNG,24.69,24.69,25.09,2020700.0,1939200.0,0,0,0,0,0,0,0,0,0,0,0,0,0,0,0,0,35,2026-02-04 19:45:41.905437
SMMR,25.07,25.07,25.13,2366300.0,2251000.0,0,0,0,0,0,0,0,0,0,0,0,0,0,0,0,0,35,2026-02-04 19:45:41.905437
ATMN,24.74,24.8,24.98,2229600.0,2272900.0,0,0,0,0,0,0,0,0,0,0,0,0,0,0,0,0,35,2026-02-04 19:45:41.905437
WNTR,24.89,24.89,24.96,2375700.0,2284300.0,0,0,0,0,0,0,0,0,0,0,0,0,0,0,0,0,35,2026-02-04 19:45:41.905437
SPNG,24.69,25.05,25.09,1997400.0,1939200.0,0,0,0,0,0,0,0,0,0,0,0,0,0,0,0,0,36,2026-02-04 19:45:42.938020
SMMR,25.07,25.07,25.13,2397800.0,2261700.0,0,0,0,0,0,0,0,0,0,0,0,0,0,0,0,0,36,2026-02-04 19:45:42.938020
ATMN,24.8,24.8,24.83,2229600.0,2272600.0,0,0,0,0,0,0,0,0,0,0,0,0,0,0,0,0,36,2026-02-04 19:45:42.938020
WNTR,25.16,25.16,25.18,2353300.0,2257200.0,0,0,0,0,0,0,0,0,0,0,0,0,0,0,0,0,36,2026-02-04 19:45:42.938020
SPNG,25.22,24.69,25.22,1996300.0,1969500.0,0,0,0,0,0,0,0,0,0,0,0,0,0,0,0,0,37,2026-02-04 19:45:43.972432
SMMR,25.03,25.03,25.11,2411300.0,2281700.0,0,0,0,0,0,0,0,0,0,0,0,0,0,0,0,0,37,2026-02-04 19:45:43.972432
ATMN,24.83,24.8,24.83,2215700.0,2294700.0,0,0,0,0,0,0,0,0,0,0,0,0,0,0,0,0,37,2026-02-04 19:45:43.972432
WNTR,25.16,25.01,25.08,2372000.0,2284400.0,0,0,0,0,0,0,0,0,0,0,0,0,0,0,0,0,37,2026-02-04 19:45:43.972432
SPNG,24.92,24.99,25.06,2006600.0,1967600.0,0,0,0,0,0,0,0,0,0,0,0,0,0,0,0,0,38,2026-02-04 19:45:45.012335
SMMR,24.96,24.96,25.13,2445000.0,2296800.0,0,0,0,0,0,0,0,0,0,0,0,0,0,0,0,0,38,2026-02-04 19:45:45.012335
ATMN,24.71,24.71,24.88,2212100.0,2283700.0,0,0,0,0,0,0,0,0,0,0,0,0,0,0,0,0,38,2026-02-04 19:45:45.012335
WNTR,25.01,24.91,24.94,2366300.0,2298000.0,0,0,0,0,0,0,0,0,0,0,0,0,0,0,0,0,38,2026-02-04 19:45:45.012335
SPNG,25.06,24.99,25.06,2006600.0,1937000.0,0,0,0,0,0,0,0,0,0,0,0,0,0,0,0,0,39,2026-02-04 19:45:46.048952
SMMR,25.17,24.97,25.08,2422200.0,2285100.0,0,0,0,0,0,0,0,0,0,0,0,0,0,0,0,0,39,2026-02-04 19:45:46.048952
ATMN,24.69,24.69,24.88,2254100.0,2283700.0,0,0,0,0,0,0,0,0,0,0,0,0,0,0,0,0,39,2026-02-04 19:45:46.048952
WNTR,25.01,24.91,24.94,2346500.0,2298000.0,0,0,0,0,0,0,0,0,0,0,0,0,0,0,0,0,39,2026-02-04 19:45:46.048952
SPNG,25.06,24.99,25.04,2006600.0,1989200.0,0,0,0,0,0,0,0,0,0,0,0,0,0,0,0,0,40,2026-02-04 19:45:47.086823
SMMR,25.08,24.97,25.08,2386100.0,2285100.0,0,0,0,0,0,0,0,0,0,0,0,0,0,0,0,0,40,2026-02-04 19:45:47.086823
ATMN,24.69,24.71,24.72,2253900.0,2311900.0,0,0,0,0,0,0,0,0,0,0,0,0,0,0,0,0,40,2026-02-04 19:45:47.086823
WNTR,24.94,24.96,25.18,2357500.0,2274800.0,0,0,0,0,0,0,0,0,0,0,0,0,0,0,0,0,40,2026-02-04 19:45:47.086823
SPNG,25.06,24.99,25.04,2012700.0,1989200.0,0,0,0,0,0,0,0,0,0,0,0,0,0,0,0,0,41,2026-02-04 19:45:48.158575
SMMR,25.09,24.97,25.02,2386100.0,2266400.0,0,0,0,0,0,0,0,0,0,0,0,0,0,0,0,0,41,2026-02-04 19:45:48.158575
ATMN,24.69,24.71,24.72,2244800.0,2311900.0,0,0,0,0,0,0,0,0,0,0,0,0,0,0,0,0,41,2026-02-04 19:45:48.158575
WNTR,25.04,25.1,25.18,2359600.0,2296900.0,0,0,0,0,0,0,0,0,0,0,0,0,0,0,0,0,41,2026-02-04 19:45:48.158575
SPNG,24.69,24.69,25.04,2008900.0,1989200.0,0,0,0,0,0,0,0,0,0,0,0,0,0,0,0,0,42,2026-02-04 19:45:48.713700
SMMR,25.09,24.97,25.02,2391000.0,2266400.0,0,0,0,0,0,0,0,0,0,0,0,0,0,0,0,0,42,2026-02-04 19:45:48.713700
ATMN,24.72,24.71,24.72,2244800.0,2311900.0,0,0,0,0,0,0,0,0,0,0,0,0,0,0,0,0,42,2026-02-04 19:45:48.713700
WNTR,25.03,24.96,25.03,2357500.0,2320500.0,0,0,0,0,0,0,0,0,0,0,0,0,0,0,0,0,42,2026-02-04 19:45:48.713700
SPNG,24.86,24.78,24.86,2024700.0,2034200.0,0,0,0,0,0,0,0,0,0,0,0,0,0,0,0,0,43,2026-02-04 19:45:49.754425
SMMR,25.18,25.03,25.15,2391100.0,2271300.0,0,0,0,0,0,0,0,0,0,0,0,0,0,0,0,0,43,2026-02-04 19:45:49.754425
ATMN,24.8,24.71,24.8,2246900.0,2278700.0,0,0,0,0,0,0,0,0,0,0,0,0,0,0,0,0,43,2026-02-04 19:45:49.754425
WNTR,24.86,24.86,25.03,2338600.0,2320500.0,0,0,0,0,0,0,0,0,0,0,0,0,0,0,0,0,43,2026-02-04 19:45:49.754425
SPNG,24.78,24.78,24.85,2024700.0,2025300.0,0,0,0,0,0,0,0,0,0,0,0,0,0,0,0,0,44,2026-02-04 19:45:50.804084
SMMR,25.15,25.03,25.15,2391100.0,2271300.0,0,0,0,0,0,0,0,0,0,0,0,0,0,0,0,0,44,2026-02-04 19:45:50.804084
ATMN,24.98,24.66,24.98,2237600.0,2263600.0,0,0,0,0,0,0,0,0,0,0,0,0,0,0,0,0,44,2026-02-04 19:45:50.804084
WNTR,24.84,24.84,25.03,2340200.0,2315600.0,0,0,0,0,0,0,0,0,0,0,0,0,0,0,0,0,44,2026-02-04 19:45:50.804084
SPNG,24.85,24.97,24.99,1992200.0,1996200.0,0,0,0,0,0,0,0,0,0,0,0,0,0,0,0,0,45,2026-02-04 19:45:51.854669
SMMR,25.03,24.97,24.98,2403300.0,2282100.0,0,0,0,0,0,0,0,0,0,0,0,0,0,0,0,0,45,2026-02-04 19:45:51.854669
ATMN,24.57,24.57,24.93,2258800.0,2256700.0,0,0,0,0,0,0,0,0,0,0,0,0,0,0,0,0,45,2026-02-04 19:45:51.854669
WNTR,24.83,24.83,25.19,2331800.0,2314700.0,0,0,0,0,0,0,0,0,0,0,0,0,0,0,0,0,45,2026-02-04 19:45:51.854669
SPNG,24.91,24.91,24.99,2009100.0,1996200.0,0,0,0,0,0,0,0,0,0,0,0,0,0,0,0,0,46,2026-02-04 19:45:52.897081
SMMR,24.98,24.99,25.03,2425600.0,2309900.0,0,0,0,0,0,0,0,0,0,0,0,0,0,0,0,0,46,2026-02-04 19:45:52.897081
ATMN,24.93,24.76,24.93,2266800.0,2260500.0,0,0,0,0,0,0,0,0,0,0,0,0,0,0,0,0,46,2026-02-04 19:45:52.897081
WNTR,24.83,24.99,25.1,2314600.0,2332900.0,0,0,0,0,0,0,0,0,0,0,0,0,0,0,0,0,46,2026-02-04 19:45:52.897081
SPNG,25.13,24.91,24.99,2009100.0,1952400.0,0,0,0,0,0,0,0,0,0,0,0,0,0,0,0,0,47,2026-02-04 19:45:53.932703
SMMR,24.99,24.99,25.03,2425600.0,2309000.0,0,0,0,0,0,0,0,0,0,0,0,0,0,0,0,0,47,2026-02-04 19:45:53.932703
ATMN,24.76,24.76,24.91,2266800.0,2270100.0,0,0,0,0,0,0,0,0,0,0,0,0,0,0,0,0,47,2026-02-04 19:45:53.932703
WNTR,24.99,24.99,25.05,2314100.0,2348700.0,0,0,0,0,0,0,0,0,0,0,0,0,0,0,0,0,47,2026-02-04 19:45:53.932703
SPNG,24.91,24.91,24.99,2005100.0,1969600.0,0,0,0,0,0,0,0,0,0,0,0,0,0,0,0,0,48,2026-02-04 19:45:54.982291
SMMR,24.96,24.98,25.03,2446200.0,2302600.0,0,0,0,0,0,0,0,0,0,0,0,0,0,0,0,0,48,2026-02-04 19:45:54.982291
ATMN,24.53,24.53,24.89,2259800.0,2286100.0,0,0,0,0,0,0,0,0,0,0,0,0,0,0,0,0,48,2026-02-04 19:45:54.982291
WNTR,24.99,24.99,25.05,2320900.0,2376500.0,0,0,0,0,0,0,0,0,0,0,0,0,0,0,0,0,48,2026-02-04 19:45:54.982291
SPNG,24.54,24.69,24.99,1997700.0,1969600.0,0,0,0,0,0,0,0,0,0,0,0,0,0,0,0,0,49,2026-02-04 19:45:56.034648
SMMR,24.96,24.98,25.03,2446200.0,2273100.0,0,0,0,0,0,0,0,0,0,0,0,0,0,0,0,0,49,2026-02-04 19:45:56.034648
ATMN,24.79,24.79,24.91,2241900.0,2298300.0,0,0,0,0,0,0,0,0,0,0,0,0,0,0,0,0,49,2026-02-04 19:45:56.034648
WNTR,24.99,24.92,24.98,2350900.0,2371800.0,0,0,0,0,0,0,0,0,0,0,0,0,0,0,0,0,49,2026-02-04 19:45:56.034648
SPNG,24.54,24.69,24.99,2030900.0,1969600.0,0,0,0,0,0,0,0,0,0,0,0,0,0,0,0,0,50,2026-02-04 19:45:57.074617
SMMR,24.98,24.96,24.98,2433100.0,2263000.0,0,0,0,0,0,0,0,0,0,0,0,0,0,0,0,0,50,2026-02-04 19:45:57.074617
ATMN,24.79,24.79,24.84,2241900.0,2249300.0,0,0,0,0,0,0,0,0,0,0,0,0,0,0,0,0,50,2026-02-04 19:45:57.074617
WNTR,24.98,24.96,24.98,2366800.0,2371800.0,0,0,0,0,0,0,0,0,0,0,0,0,0,0,0,0,50,2026-02-04 19:45:57.074617
SPNG,25.04,24.69,25.04,2024500.0,1987100.0,0,0,0,0,0,0,0,0,0,0,0,0,0,0,0,0,51,2026-02-04 19:45:58.112479
SMMR,25.05,24.96,25.05,2417400.0,2272100.0,0,0,0,0,0,0,0,0,0,0,0,0,0,0,0,0,51,2026-02-04 19:45:58.112479
ATMN,24.91,24.51,24.91,2254600.0,2284600.0,0,0,0,0,0,0,0,0,0,0,0,0,0,0,0,0,51,2026-02-04 19:45:58.112479
WNTR,24.98,24.96,24.98,2401100.0,2374300.0,0,0,0,0,0,0,0,0,0,0,0,0,0,0,0,0,51,2026-02-04 19:45:58.112479
SPNG,25.13,24.69,25.13,2029500.0,2008400.0,0,0,0,0,0,0,0,0,0,0,0,0,0,0,0,0,52,2026-02-04 19:45:59.211560
SMMR,24.96,24.96,25.11,2417400.0,2277400.0,0,0,0,0,0,0,0,0,0,0,0,0,0,0,0,0,52,2026-02-04 19:45:59.211560
ATMN,24.49,24.53,24.91,2273600.0,2284600.0,0,0,0,0,0,0,0,0,0,0,0,0,0,0,0,0,52,2026-02-04 19:45:59.211560
WNTR,25.05,25.02,25.05,2431500.0,2369500.0,0,0,0,0,0,0,0,0,0,0,0,0,0,0,0,0,52,2026-02-04 19:45:59.211560
SPNG,25.16,24.69,25.16,2029500.0,2001900.0,0,0,0,0,0,0,0,0,0,0,0,0,0,0,0,0,53,2026-02-04 19:45:59.772719
SMMR,24.96,24.97,24.98,2401500.0,2301300.0,0,0,0,0,0,0,0,0,0,0,0,0,0,0,0,0,53,2026-02-04 19:45:59.772719
ATMN,24.49,24.57,24.85,2283400.0,2270800.0,0,0,0,0,0,0,0,0,0,0,0,0,0,0,0,0,53,2026-02-04 19:45:59.772719
WNTR,25.06,25.02,25.06,2431500.0,2361000.0,0,0,0,0,0,0,0,0,0,0,0,0,0,0,0,0,53,2026-02-04 19:45:59.772719
SPNG,25.18,24.57,25.18,2016400.0,1959700.0,0,0,0,0,0,0,0,0,0,0,0,0,0,0,0,0,54,2026-02-04 19:46:00.820590
SMMR,25.15,24.97,25.15,2381900.0,2271300.0,0,0,0,0,0,0,0,0,0,0,0,0,0,0,0,0,54,2026-02-04 19:46:00.820590
ATMN,24.53,24.53,24.85,2277400.0,2270800.0,0,0,0,0,0,0,0,0,0,0,0,0,0,0,0,0,54,2026-02-04 19:46:00.820590
WNTR,25.09,25.02,25.08,2431500.0,2389600.0,0,0,0,0,0,0,0,0,0,0,0,0,0,0,0,0,54,2026-02-04 19:46:00.820590
SPNG,25.18,24.69,24.7,2017700.0,1971100.0,0,0,0,0,0,0,0,0,0,0,0,0,0,0,0,0,55,2026-02-04 19:46:01.858481
SMMR,24.95,25.0,25.15,2398200.0,2299600.0,0,0,0,0,0,0,0,0,0,0,0,0,0,0,0,0,55,2026-02-04 19:46:01.858481
ATMN,24.69,24.49,24.69,2258200.0,2289100.0,0,0,0,0,0,0,0,0,0,0,0,0,0,0,0,0,55,2026-02-04 19:46:01.858481
WNTR,25.02,25.02,25.08,2431500.0,2424900.0,0,0,0,0,0,0,0,0,0,0,0,0,0,0,0,0,55,2026-02-04 19:46:01.858481
SPNG,24.7,24.69,24.7,2009100.0,1971100.0,0,0,0,0,0,0,0,0,0,0,0,0,0,0,0,0,56,2026-02-04 19:46:02.899718
SMMR,25.21,25.0,25.21,2394800.0,2277500.0,0,0,0,0,0,0,0,0,0,0,0,0,0,0,0,0,56,2026-02-04 19:46:02.899718
ATMN,24.69,24.58,24.61,2233700.0,2292600.0,0,0,0,0,0,0,0,0,0,0,0,0,0,0,0,0,56,2026-02-04 19:46:02.899718
WNTR,25.14,25.02,25.14,2448500.0,2396400.0,0,0,0,0,0,0,0,0,0,0,0,0,0,0,0,0,56,2026-02-04 19:46:02.899718
SPNG,25.11,24.69,25.11,2009100.0,1959600.0,0,0,0,0,0,0,0,0,0,0,0,0,0,0,0,0,57,2026-02-04 19:46:03.942213
SMMR,25.21,25.0,25.21,2394800.0,2246900.0,0,0,0,0,0,0,0,0,0,0,0,0,0,0,0,0,57,2026-02-04 19:46:03.942213
ATMN,24.85,24.58,24.59,2210900.0,2272500.0,0,0,0,0,0,0,0,0,0,0,0,0,0,0,0,0,57,2026-02-04 19:46:03.942213
WNTR,25.02,24.97,24.98,2398300.0,2396400.0,0,0,0,0,0,0,0,0,0,0,0,0,0,0,0,0,57,2026-02-04 19:46:03.942213
SPNG,25.22,24.69,25.22,2009100.0,1961300.0,0,0,0,0,0,0,0,0,0,0,0,0,0,0,0,0,58,2026-02-04 19:46:04.998499
SMMR,24.98,24.98,25.0,2415900.0,2269900.0,0,0,0,0,0,0,0,0,0,0,0,0,0,0,0,0,58,2026-02-04 19:46:04.998499
ATMN,24.58,24.49,24.58,2240600.0,2306600.0,0,0,0,0,0,0,0,0,0,0,0,0,0,0,0,0,58,2026-02-04 19:46:04.998499
WNTR,25.17,25.01,25.17,2364600.0,2371500.0,0,0,0,0,0,0,0,0,0,0,0,0,0,0,0,0,58,2026-02-04 19:46:04.998499
SPNG,25.22,24.83,25.22,2027700.0,1961300.0,0,0,0,0,0,0,0,0,0,0,0,0,0,0,0,0,59,2026-02-04 19:46:06.027129
SMMR,24.95,24.95,25.21,2397200.0,2255600.0,0,0,0,0,0,0,0,0,0,0,0,0,0,0,0,0,59,2026-02-04 19:46:06.027129
ATMN,24.58,24.81,24.91,2230300.0,2272100.0,0,0,0,0,0,0,0,0,0,0,0,0,0,0,0,0,59,2026-02-04 19:46:06.027129
WNTR,25.19,25.01,25.19,2346100.0,2362700.0,0,0,0,0,0,0,0,0,0,0,0,0,0,0,0,0,59,2026-02-04 19:46:06.027129
SPNG,25.22,23.96,0.0,200000.0,,0,0,0,0,0,0,0,0,0,0,0,0,0,0,0,0,60,2026-02-04 19:46:07.058959
SMMR,26.32,25.41,25.74,738300.0,774800.0,0,0,0,0,0,0,0,0,0,0,0,0,0,0,0,0,60,2026-02-04 19:46:07.058959
ATMN,24.19,24.19,24.68,1013400.0,855800.0,0,0,0,0,0,0,0,0,0,0,0,0,0,0,0,0,60,2026-02-04 19:46:07.058959
WNTR,25.19,25.45,0.0,200000.0,,0,0,0,0,0,0,0,0,0,0,0,0,0,0,0,0,60,2026-02-04 19:46:07.058959
SPNG,25.22,23.96,24.21,989300.0,960100.0,0,0,0,0,0,0,0,0,0,0,0,0,0,0,0,0,61,2026-02-04 19:46:08.094104
SMMR,25.74,25.53,25.74,1101700.0,867600.0,0,0,0,0,0,0,0,0,0,0,0,0,0,0,0,0,61,2026-02-04 19:46:08.094104
ATMN,24.01,24.01,24.16,1030500.0,1114900.0,0,0,0,0,0,0,0,0,0,0,0,0,0,0,0,0,61,2026-02-04 19:46:08.094104
WNTR,25.45,25.49,25.76,947100.0,1100500.0,0,0,0,0,0,0,0,0,0,0,0,0,0,0,0,0,61,2026-02-04 19:46:08.094104
SPNG,23.96,23.96,24.21,1024700.0,1250500.0,0,0,0,0,0,0,0,0,0,0,0,0,0,0,0,0,62,2026-02-04 19:46:09.135709
SMMR,25.75,25.7,25.75,1207800.0,880700.0,0,0,0,0,0,0,0,0,0,0,0,0,0,0,0,0,62,2026-02-04 19:46:09.135709
ATMN,24.13,24.01,24.02,1140100.0,1221100.0,0,0,0,0,0,0,0,0,0,0,0,0,0,0,0,0,62,2026-02-04 19:46:09.135709
WNTR,25.62,25.49,25.62,947100.0,1319900.0,0,0,0,0,0,0,0,0,0,0,0,0,0,0,0,0,62,2026-02-04 19:46:09.135709
SPNG,23.96,23.96,24.18,1024700.0,1548900.0,0,0,0,0,0,0,0,0,0,0,0,0,0,0,0,0,63,2026-02-04 19:46:10.181597
SMMR,26.17,26.06,26.17,1414500.0,933800.0,0,0,0,0,0,0,0,0,0,0,0,0,0,0,0,0,63,2026-02-04 19:46:10.181597
ATMN,24.16,24.31,24.41,1241200.0,1270400.0,0,0,0,0,0,0,0,0,0,0,0,0,0,0,0,0,63,2026-02-04 19:46:10.181597
WNTR,25.62,25.49,25.5,947100.0,1648800.0,0,0,0,0,0,0,0,0,0,0,0,0,0,0,0,0,63,2026-02-04 19:46:10.181597
SPNG,22.32,23.7,24.18,1292200.0,1548900.0,0,0,0,0,0,0,0,0,0,0,0,0,0,0,0,0,64,2026-02-04 19:46:11.216850
SMMR,26.17,26.06,26.17,1665100.0,933800.0,0,0,0,0,0,0,0,0,0,0,0,0,0,0,0,0,64,2026-02-04 19:46:11.216850
ATMN,24.16,24.31,24.33,1241200.0,1608400.0,0,0,0,0,0,0,0,0,0,0,0,0,0,0,0,0,64,2026-02-04 19:46:11.216850
WNTR,25.5,25.49,25.5,947100.0,1872300.0,0,0,0,0,0,0,0,0,0,0,0,0,0,0,0,0,64,2026-02-04 19:46:11.216850
SPNG,22.32,24.08,24.15,1389500.0,1792400.0,0,0,0,0,0,0,0,0,0,0,0,0,0,0,0,0,65,2026-02-04 19:46:12.279447
SMMR,26.17,26.26,26.43,1903200.0,900000.0,0,0,0,0,0,0,0,0,0,0,0,0,0,0,0,0,65,2026-02-04 19:46:12.279447
ATMN,24.01,23.74,23.82,1151100.0,1821100.0,0,0,0,0,0,0,0,0,0,0,0,0,0,0,0,0,65,2026-02-04 19:46:12.279447
WNTR,25.5,25.49,25.5,1042500.0,1881800.0,0,0,0,0,0,0,0,0,0,0,0,0,0,0,0,0,65,2026-02-04 19:46:12.279447
SPNG,23.74,24.04,24.15,1392800.0,1792400.0,0,0,0,0,0,0,0,0,0,0,0,0,0,0,0,0,66,2026-02-04 19:46:12.867329
SMMR,26.43,26.26,26.34,1903200.0,905400.0,0,0,0,0,0,0,0,0,0,0,0,0,0,0,0,0,66,2026-02-04 19:46:12.867329
ATMN,23.82,24.28,24.33,1378800.0,1706700.0,0,0,0,0,0,0,0,0,0,0,0,0,0,0,0,0,66,2026-02-04 19:46:12.867329
WNTR,25.5,25.49,25.5,1262500.0,1881800.0,0,0,0,0,0,0,0,0,0,0,0,0,0,0,0,0,66,2026-02-04 19:46:12.867329
SPNG,23.7,23.88,24.15,1404800.0,1792400.0,0,0,0,0,0,0,0,0,0,0,0,0,0,0,0,0,67,2026-02-04 19:46:13.915101
SMMR,26.26,26.26,26.49,1903200.0,794700.0,0,0,0,0,0,0,0,0,0,0,0,0,0,0,0,0,67,2026-02-04 19:46:13.915101
ATMN,23.74,24.09,24.33,1404600.0,1706700.0,0,0,0,0,0,0,0,0,0,0,0,0,0,0,0,0,67,2026-02-04 19:46:13.915101
WNTR,25.59,25.49,25.52,1262500.0,1995300.0,0,0,0,0,0,0,0,0,0,0,0,0,0,0,0,0,67,2026-02-04 19:46:13.915101
SPNG,23.88,23.88,24.15,1404800.0,2029500.0,0,0,0,0,0,0,0,0,0,0,0,0,0,0,0,0,68,2026-02-04 19:46:14.949085
SMMR,26.26,26.06,26.11,1792700.0,1009100.0,0,0,0,0,0,0,0,0,0,0,0,0,0,0,0,0,68,2026-02-04 19:46:14.949085
ATMN,24.09,23.83,24.0,1370400.0,1966200.0,0,0,0,0,0,0,0,0,0,0,0,0,0,0,0,0,68,2026-02-04 19:46:14.949085
WNTR,25.48,25.5,25.52,1437900.0,1995300.0,0,0,0,0,0,0,0,0,0,0,0,0,0,0,0,0,68,2026-02-04 19:46:14.949085
SPNG,24.15,23.65,24.07,1313200.0,2040000.0,0,0,0,0,0,0,0,0,0,0,0,0,0,0,0,0,69,2026-02-04 19:46:16.013622
SMMR,26.26,26.06,26.11,2103500.0,1009100.0,0,0,0,0,0,0,0,0,0,0,0,0,0,0,0,0,69,2026-02-04 19:46:16.013622
ATMN,24.24,24.24,24.29,1608400.0,1938700.0,0,0,0,0,0,0,0,0,0,0,0,0,0,0,0,0,69,2026-02-04 19:46:16.013622
WNTR,25.52,25.53,25.59,1473000.0,1871800.0,0,0,0,0,0,0,0,0,0,0,0,0,0,0,0,0,69,2026-02-04 19:46:16.013622
SPNG,24.07,24.0,24.07,1407500.0,2041200.0,0,0,0,0,0,0,0,0,0,0,0,0,0,0,0,0,70,2026-02-04 19:46:17.055462
SMMR,26.49,26.24,26.28,2217900.0,899800.0,0,0,0,0,0,0,0,0,0,0,0,0,0,0,0,0,70,2026-02-04 19:46:17.055462
ATMN,24.16,23.83,24.06,1370400.0,2072500.0,0,0,0,0,0,0,0,0,0,0,0,0,0,0,0,0,70,2026-02-04 19:46:17.055462
WNTR,25.47,25.49,25.59,1466200.0,1985700.0,0,0,0,0,0,0,0,0,0,0,0,0,0,0,0,0,70,2026-02-04 19:46:17.055462
SPNG,24.0,23.65,23.9,1313200.0,2088500.0,0,0,0,0,0,0,0,0,0,0,0,0,0,0,0,0,71,2026-02-04 19:46:18.083415
SMMR,26.49,26.24,26.28,2318300.0,1004900.0,0,0,0,0,0,0,0,0,0,0,0,0,0,0,0,0,71,2026-02-04 19:46:18.083415
ATMN,24.19,23.83,23.86,1370400.0,2147900.0,0,0,0,0,0,0,0,0,0,0,0,0,0,0,0,0,71,2026-02-04 19:46:18.083415
WNTR,25.43,25.43,25.58,1347600.0,2175000.0,0,0,0,0,0,0,0,0,0,0,0,0,0,0,0,0,71,2026-02-04 19:46:18.083415
SPNG,23.9,24.01,24.07,1660000.0,2062800.0,0,0,0,0,0,0,0,0,0,0,0,0,0,0,0,0,72,2026-02-04 19:46:19.126431
SMMR,26.24,26.24,26.49,2318300.0,794700.0,0,0,0,0,0,0,0,0,0,0,0,0,0,0,0,0,72,2026-02-04 19:46:19.126431
ATMN,24.33,23.83,24.33,1476800.0,1910300.0,0,0,0,0,0,0,0,0,0,0,0,0,0,0,0,0,72,2026-02-04 19:46:19.126431
WNTR,25.38,25.38,25.5,1102900.0,2170500.0,0,0,0,0,0,0,0,0,0,0,0,0,0,0,0,0,72,2026-02-04 19:46:19.126431
SPNG,23.9,24.01,24.07,1660000.0,2106700.0,0,0,0,0,0,0,0,0,0,0,0,0,0,0,0,0,73,2026-02-04 19:46:20.182379
SMMR,26.24,26.24,26.33,2318500.0,983100.0,0,0,0,0,0,0,0,0,0,0,0,0,0,0,0,0,73,2026-02-04 19:46:20.182379
ATMN,23.83,24.29,24.33,1576700.0,2141300.0,0,0,0,0,0,0,0,0,0,0,0,0,0,0,0,0,73,2026-02-04 19:46:20.182379
WNTR,25.58,25.38,25.58,1347600.0,2175000.0,0,0,0,0,0,0,0,0,0,0,0,0,0,0,0,0,73,2026-02-04 19:46:20.182379
SPNG,24.12,23.65,23.85,1679900.0,2108800.0,0,0,0,0,0,0,0,0,0,0,0,0,0,0,0,0,74,2026-02-04 19:46:21.213620
SMMR,26.23,26.25,26.33,2309900.0,983100.0,0,0,0,0,0,0,0,0,0,0,0,0,0,0,0,0,74,2026-02-04 19:46:21.213620
ATMN,24.14,24.31,24.33,1575400.0,2142000.0,0,0,0,0,0,0,0,0,0,0,0,0,0,0,0,0,74,2026-02-04 19:46:21.213620
WNTR,25.42,25.38,25.42,1562200.0,2196700.0,0,0,0,0,0,0,0,0,0,0,0,0,0,0,0,0,74,2026-02-04 19:46:21.213620
SPNG,24.12,23.65,24.12,1920700.0,2110000.0,0,0,0,0,0,0,0,0,0,0,0,0,0,0,0,0,75,2026-02-04 19:46:22.254840
SMMR,26.35,26.43,26.49,2298200.0,894200.0,0,0,0,0,0,0,0,0,0,0,0,0,0,0,0,0,75,2026-02-04 19:46:22.254840
ATMN,24.31,23.83,24.0,1575500.0,2203800.0,0,0,0,0,0,0,0,0,0,0,0,0,0,0,0,0,75,2026-02-04 19:46:22.254840
WNTR,25.59,25.38,25.59,1662700.0,2077700.0,0,0,0,0,0,0,0,0,0,0,0,0,0,0,0,0,75,2026-02-04 19:46:22.254840
SPNG,24.12,24.08,24.12,2118100.0,2144500.0,0,0,0,0,0,0,0,0,0,0,0,0,0,0,0,0,76,2026-02-04 19:46:23.292218
SMMR,26.37,26.32,26.37,2298500.0,1001200.0,0,0,0,0,0,0,0,0,0,0,0,0,0,0,0,0,76,2026-02-04 19:46:23.292218
ATMN,24.31,23.87,24.0,2092100.0,2203800.0,0,0,0,0,0,0,0,0,0,0,0,0,0,0,0,0,76,2026-02-04 19:46:23.292218
WNTR,25.59,25.4,25.53,1766600.0,2212900.0,0,0,0,0,0,0,0,0,0,0,0,0,0,0,0,0,76,2026-02-04 19:46:23.292218
SPNG,24.12,24.13,24.15,2138800.0,2120200.0,0,0,0,0,0,0,0,0,0,0,0,0,0,0,0,0,77,2026-02-04 19:46:23.840568
SMMR,26.49,26.52,26.54,2271100.0,791300.0,0,0,0,0,0,0,0,0,0,0,0,0,0,0,0,0,77,2026-02-04 19:46:23.840568
ATMN,24.33,23.87,24.33,2215300.0,2164300.0,0,0,0,0,0,0,0,0,0,0,0,0,0,0,0,0,77,2026-02-04 19:46:23.840568
WNTR,25.53,25.54,25.59,1967400.0,2189800.0,0,0,0,0,0,0,0,0,0,0,0,0,0,0,0,0,77,2026-02-04 19:46:23.840568
SPNG,23.72,23.72,24.15,2126600.0,2128500.0,0,0,0,0,0,0,0,0,0,0,0,0,0,0,0,0,78,2026-02-04 19:46:24.892662
SMMR,26.52,26.32,26.44,2272800.0,1040100.0,0,0,0,0,0,0,0,0,0,0,0,0,0,0,0,0,78,2026-02-04 19:46:24.892662
ATMN,24.34,24.22,24.34,2350700.0,2224600.0,0,0,0,0,0,0,0,0,0,0,0,0,0,0,0,0,78,2026-02-04 19:46:24.892662
WNTR,25.62,25.4,25.62,1866600.0,1954600.0,0,0,0,0,0,0,0,0,0,0,0,0,0,0,0,0,78,2026-02-04 19:46:24.892662
SPNG,23.78,23.72,23.78,2126600.0,2183400.0,0,0,0,0,0,0,0,0,0,0,0,0,0,0,0,0,79,2026-02-04 19:46:25.951477
SMMR,26.32,26.32,26.54,2272800.0,791300.0,0,0,0,0,0,0,0,0,0,0,0,0,0,0,0,0,79,2026-02-04 19:46:25.951477
ATMN,24.34,24.26,24.32,2449500.0,2235000.0,0,0,0,0,0,0,0,0,0,0,0,0,0,0,0,0,79,2026-02-04 19:46:25.951477
WNTR,25.62,25.4,25.41,2091400.0,2154800.0,0,0,0,0,0,0,0,0,0,0,0,0,0,0,0,0,79,2026-02-04 19:46:25.951477
SPNG,23.78,23.9,24.15,2248000.0,2184100.0,0,0,0,0,0,0,0,0,0,0,0,0,0,0,0,0,80,2026-02-04 19:46:26.993853
SMMR,26.29,26.29,26.42,2276800.0,1025500.0,0,0,0,0,0,0,0,0,0,0,0,0,0,0,0,0,80,2026-02-04 19:46:26.993853
ATMN,24.32,24.22,24.32,2350700.0,2237900.0,0,0,0,0,0,0,0,0,0,0,0,0,0,0,0,0,80,2026-02-04 19:46:26.993853
WNTR,25.41,25.5,25.62,2203100.0,2168500.0,0,0,0,0,0,0,0,0,0,0,0,0,0,0,0,0,80,2026-02-04 19:46:26.993853
SPNG,23.65,23.45,23.62,1899300.0,2200000.0,0,0,0,0,0,0,0,0,0,0,0,0,0,0,0,0,81,2026-02-04 19:46:28.032509
SMMR,26.49,26.29,26.49,2243300.0,906300.0,0,0,0,0,0,0,0,0,0,0,0,0,0,0,0,0,81,2026-02-04 19:46:28.032509
ATMN,24.22,24.22,24.34,2469200.0,2249300.0,0,0,0,0,0,0,0,0,0,0,0,0,0,0,0,0,81,2026-02-04 19:46:28.032509
WNTR,25.63,25.39,25.63,2141700.0,2059100.0,0,0,0,0,0,0,0,0,0,0,0,0,0,0,0,0,81,2026-02-04 19:46:28.032509
SPNG,23.65,23.54,23.62,2254900.0,2200000.0,0,0,0,0,0,0,0,0,0,0,0,0,0,0,0,0,82,2026-02-04 19:46:29.077374
SMMR,26.29,26.29,26.49,2238900.0,906300.0,0,0,0,0,0,0,0,0,0,0,0,0,0,0,0,0,82,2026-02-04 19:46:29.077374
ATMN,24.37,24.22,24.37,2469200.0,2276400.0,0,0,0,0,0,0,0,0,0,0,0,0,0,0,0,0,82,2026-02-04 19:46:29.077374
WNTR,25.38,25.38,25.57,2157500.0,2186800.0,0,0,0,0,0,0,0,0,0,0,0,0,0,0,0,0,82,2026-02-04 19:46:29.077374
SPNG,23.65,23.54,23.62,2545600.0,2200000.0,0,0,0,0,0,0,0,0,0,0,0,0,0,0,0,0,83,2026-02-04 19:46:30.110956
SMMR,26.54,26.39,26.54,2187800.0,791300.0,0,0,0,0,0,0,0,0,0,0,0,0,0,0,0,0,83,2026-02-04 19:46:30.110956
ATMN,24.03,24.03,24.37,2374400.0,2276400.0,0,0,0,0,0,0,0,0,0,0,0,0,0,0,0,0,83,2026-02-04 19:46:30.110956
WNTR,25.57,25.38,25.57,2038600.0,2176300.0,0,0,0,0,0,0,0,0,0,0,0,0,0,0,0,0,83,2026-02-04 19:46:30.110956
SPNG,23.65,23.54,23.62,2435100.0,2200000.0,0,0,0,0,0,0,0,0,0,0,0,0,0,0,0,0,84,2026-02-04 19:46:31.146481
SMMR,26.29,26.45,26.54,2207800.0,887900.0,0,0,0,0,0,0,0,0,0,0,0,0,0,0,0,0,84,2026-02-04 19:46:31.146481
ATMN,24.41,24.03,24.41,2370400.0,2244700.0,0,0,0,0,0,0,0,0,0,0,0,0,0,0,0,0,84,2026-02-04 19:46:31.146481
WNTR,25.57,25.38,25.48,2280900.0,2210800.0,0,0,0,0,0,0,0,0,0,0,0,0,0,0,0,0,84,2026-02-04 19:46:31.146481
SPNG,23.65,23.54,23.62,2394700.0,2200000.0,0,0,0,0,0,0,0,0,0,0,0,0,0,0,0,0,85,2026-02-04 19:46:32.177520
SMMR,26.45,26.45,26.5,2237700.0,994000.0,0,0,0,0,0,0,0,0,0,0,0,0,0,0,0,0,85,2026-02-04 19:46:32.177520
ATMN,24.39,24.39,24.43,2327100.0,2264300.0,0,0,0,0,0,0,0,0,0,0,0,0,0,0,0,0,85,2026-02-04 19:46:32.177520
WNTR,25.36,25.36,25.48,1952500.0,2198400.0,0,0,0,0,0,0,0,0,0,0,0,0,0,0,0,0,85,2026-02-04 19:46:32.177520
SPNG,23.62,23.76,24.15,2377000.0,2184600.0,0,0,0,0,0,0,0,0,0,0,0,0,0,0,0,0,86,2026-02-04 19:46:33.214490
SMMR,26.56,26.45,26.56,2237700.0,913700.0,0,0,0,0,0,0,0,0,0,0,0,0,0,0,0,0,86,2026-02-04 19:46:33.214490
ATMN,24.43,24.39,24.43,2327100.0,2326500.0,0,0,0,0,0,0,0,0,0,0,0,0,0,0,0,0,86,2026-02-04 19:46:33.214490
WNTR,25.35,25.43,25.48,2047100.0,2223800.0,0,0,0,0,0,0,0,0,0,0,0,0,0,0,0,0,86,2026-02-04 19:46:33.214490
SPNG,23.95,24.02,24.15,2378300.0,2184600.0,0,0,0,0,0,0,0,0,0,0,0,0,0,0,0,0,87,2026-02-04 19:46:34.255416
SMMR,26.56,26.45,26.53,2197400.0,1149600.0,0,0,0,0,0,0,0,0,0,0,0,0,0,0,0,0,87,2026-02-04 19:46:34.255416
ATMN,24.03,24.03,24.43,2370400.0,2326500.0,0,0,0,0,0,0,0,0,0,0,0,0,0,0,0,0,87,2026-02-04 19:46:34.255416
WNTR,25.48,25.48,25.55,2045300.0,2198200.0,0,0,0,0,0,0,0,0,0,0,0,0,0,0,0,0,87,2026-02-04 19:46:34.255416
SPNG,23.95,24.02,24.06,2378300.0,2221100.0,0,0,0,0,0,0,0,0,0,0,0,0,0,0,0,0,88,2026-02-04 19:46:35.283594
SMMR,26.53,26.45,26.53,2184400.0,1149600.0,0,0,0,0,0,0,0,0,0,0,0,0,0,0,0,0,88,2026-02-04 19:46:35.283594
ATMN,24.2,24.2,24.43,2343100.0,2321600.0,0,0,0,0,0,0,0,0,0,0,0,0,0,0,0,0,88,2026-02-04 19:46:35.283594
WNTR,25.48,25.48,25.55,2045300.0,2217200.0,0,0,0,0,0,0,0,0,0,0,0,0,0,0,0,0,88,2026-02-04 19:46:35.283594
SPNG,24.18,23.45,24.18,2382100.0,2175000.0,0,0,0,0,0,0,0,0,0,0,0,0,0,0,0,0,89,2026-02-04 19:46:36.312062
SMMR,26.48,26.4,26.43,2219500.0,1352100.0,0,0,0,0,0,0,0,0,0,0,0,0,0,0,0,0,89,2026-02-04 19:46:36.312062
ATMN,24.03,24.03,24.34,2370400.0,2343400.0,0,0,0,0,0,0,0,0,0,0,0,0,0,0,0,0,89,2026-02-04 19:46:36.312062
WNTR,25.32,25.32,25.55,1741100.0,2232800.0,0,0,0,0,0,0,0,0,0,0,0,0,0,0,0,0,89,2026-02-04 19:46:36.312062
SPNG,23.82,23.82,24.2,2408100.0,2162100.0,0,0,0,0,0,0,0,0,0,0,0,0,0,0,0,0,90,2026-02-04 19:46:37.339916
SMMR,26.32,26.32,26.41,2256500.0,1454500.0,0,0,0,0,0,0,0,0,0,0,0,0,0,0,0,0,90,2026-02-04 19:46:37.339916
ATMN,24.34,24.37,24.43,2342700.0,2304400.0,0,0,0,0,0,0,0,0,0,0,0,0,0,0,0,0,90,2026-02-04 19:46:37.339916
WNTR,25.29,25.29,25.55,1643200.0,2262100.0,0,0,0,0,0,0,0,0,0,0,0,0,0,0,0,0,90,2026-02-04 19:46:37.339916
SPNG,23.45,24.16,24.2,2331700.0,2162100.0,0,0,0,0,0,0,0,0,0,0,0,0,0,0,0,0,91,2026-02-04 19:46:38.368219
SMMR,26.37,26.32,26.33,2256500.0,1476100.0,0,0,0,0,0,0,0,0,0,0,0,0,0,0,0,0,91,2026-02-04 19:46:38.368219
ATMN,24.04,24.02,24.04,2346200.0,2316300.0,0,0,0,0,0,0,0,0,0,0,0,0,0,0,0,0,91,2026-02-04 19:46:38.368219
WNTR,25.27,25.27,25.55,1543200.0,2262100.0,0,0,0,0,0,0,0,0,0,0,0,0,0,0,0,0,91,2026-02-04 19:46:38.368219
SPNG,24.2,23.6,24.2,2349800.0,2145000.0,0,0,0,0,0,0,0,0,0,0,0,0,0,0,0,0,92,2026-02-04 19:46:39.431321
SMMR,26.57,26.32,26.51,2256500.0,1220500.0,0,0,0,0,0,0,0,0,0,0,0,0,0,0,0,0,92,2026-02-04 19:46:39.431321
ATMN,24.04,24.18,24.24,2328500.0,2314900.0,0,0,0,0,0,0,0,0,0,0,0,0,0,0,0,0,92,2026-02-04 19:46:39.431321
WNTR,25.22,25.22,25.55,1454700.0,2262100.0,0,0,0,0,0,0,0,0,0,0,0,0,0,0,0,0,92,2026-02-04 19:46:39.431321
SPNG,24.2,23.6,24.2,2349800.0,2145000.0,0,0,0,0,0,0,0,0,0,0,0,0,0,0,0,0,93,2026-02-04 19:46:40.051993
SMMR,26.34,26.34,26.51,2231900.0,1220500.0,0,0,0,0,0,0,0,0,0,0,0,0,0,0,0,0,93,2026-02-04 19:46:40.051993
ATMN,24.04,24.18,24.24,2301400.0,2314900.0,0,0,0,0,0,0,0,0,0,0,0,0,0,0,0,0,93,2026-02-04 19:46:40.051993
WNTR,25.22,25.22,25.26,1586200.0,2289900.0,0,0,0,0,0,0,0,0,0,0,0,0,0,0,0,0,93,2026-02-04 19:46:40.051993
SPNG,24.2,24.05,24.16,2341600.0,2185700.0,0,0,0,0,0,0,0,0,0,0,0,0,0,0,0,0,94,2026-02-04 19:46:41.096718
SMMR,26.34,26.46,26.51,2197400.0,1315800.0,0,0,0,0,0,0,0,0,0,0,0,0,0,0,0,0,94,2026-02-04 19:46:41.096718
ATMN,24.02,24.02,24.24,2334700.0,2314900.0,0,0,0,0,0,0,0,0,0,0,0,0,0,0,0,0,94,2026-02-04 19:46:41.096718
WNTR,25.55,25.22,25.55,1693300.0,2262100.0,0,0,0,0,0,0,0,0,0,0,0,0,0,0,0,0,94,2026-02-04 19:46:41.096718
SPNG,24.05,24.05,24.15,2341600.0,2214200.0,0,0,0,0,0,0,0,0,0,0,0,0,0,0,0,0,95,2026-02-04 19:46:42.138285
SMMR,26.46,26.46,26.47,2197400.0,1438400.0,0,0,0,0,0,0,0,0,0,0,0,0,0,0,0,0,95,2026-02-04 19:46:42.138285
ATMN,24.33,24.02,24.26,2334700.0,2296800.0,0,0,0,0,0,0,0,0,0,0,0,0,0,0,0,0,95,2026-02-04 19:46:42.138285
WNTR,25.4,25.4,25.55,1956400.0,2276900.0,0,0,0,0,0,0,0,0,0,0,0,0,0,0,0,0,95,2026-02-04 19:46:42.138285
SPNG,24.13,23.6,24.13,2349800.0,2205800.0,0,0,0,0,0,0,0,0,0,0,0,0,0,0,0,0,96,2026-02-04 19:46:43.173236
SMMR,26.46,26.34,26.38,2227000.0,1649800.0,0,0,0,0,0,0,0,0,0,0,0,0,0,0,0,0,96,2026-02-04 19:46:43.173236
ATMN,24.02,23.96,23.99,2359900.0,2301100.0,0,0,0,0,0,0,0,0,0,0,0,0,0,0,0,0,96,2026-02-04 19:46:43.173236
WNTR,25.36,25.22,25.24,1811400.0,2295500.0,0,0,0,0,0,0,0,0,0,0,0,0,0,0,0,0,96,2026-02-04 19:46:43.173236
SPNG,23.6,23.6,24.15,2349800.0,2214200.0,0,0,0,0,0,0,0,0,0,0,0,0,0,0,0,0,97,2026-02-04 19:46:44.225601
SMMR,26.47,26.36,26.4,2220100.0,1633400.0,0,0,0,0,0,0,0,0,0,0,0,0,0,0,0,0,97,2026-02-04 19:46:44.225601
ATMN,24.07,23.96,24.07,2368400.0,2277300.0,0,0,0,0,0,0,0,0,0,0,0,0,0,0,0,0,97,2026-02-04 19:46:44.225601
WNTR,25.24,25.25,25.4,1932600.0,2258600.0,0,0,0,0,0,0,0,0,0,0,0,0,0,0,0,0,97,2026-02-04 19:46:44.225601
SPNG,23.6,23.67,23.87,2309400.0,2205900.0,0,0,0,0,0,0,0,0,0,0,0,0,0,0,0,0,98,2026-02-04 19:46:45.267298
SMMR,26.4,26.38,26.4,2159500.0,1633400.0,0,0,0,0,0,0,0,0,0,0,0,0,0,0,0,0,98,2026-02-04 19:46:45.267298
ATMN,23.96,24.06,24.26,2357500.0,2275200.0,0,0,0,0,0,0,0,0,0,0,0,0,0,0,0,0,98,2026-02-04 19:46:45.267298
WNTR,25.4,25.44,25.45,2039600.0,2251800.0,0,0,0,0,0,0,0,0,0,0,0,0,0,0,0,0,98,2026-02-04 19:46:45.267298
SPNG,23.85,23.85,23.87,2320200.0,2205900.0,0,0,0,0,0,0,0,0,0,0,0,0,0,0,0,0,99,2026-02-04 19:46:46.298475
SMMR,26.59,26.38,26.59,2159500.0,1399700.0,0,0,0,0,0,0,0,0,0,0,0,0,0,0,0,0,99,2026-02-04 19:46:46.298475
ATMN,24.19,24.19,24.26,2365500.0,2275200.0,0,0,0,0,0,0,0,0,0,0,0,0,0,0,0,0,99,2026-02-04 19:46:46.298475
WNTR,25.55,25.44,25.55,2133000.0,2270700.0,0,0,0,0,0,0,0,0,0,0,0,0,0,0,0,0,99,2026-02-04 19:46:46.298475
SPNG,23.97,23.89,23.96,2312000.0,2228800.0,0,0,0,0,0,0,0,0,0,0,0,0,0,0,0,0,100,2026-02-04 19:46:47.364787
SMMR,26.38,26.36,26.37,2196900.0,1631300.0,0,0,0,0,0,0,0,0,0,0,0,0,0,0,0,0,100,2026-02-04 19:46:47.364787
ATMN,23.95,23.95,24.28,2359000.0,2274900.0,0,0,0,0,0,0,0,0,0,0,0,0,0,0,0,0,100,2026-02-04 19:46:47.364787
WNTR,25.56,25.42,25.56,2043800.0,2229300.0,0,0,0,0,0,0,0,0,0,0,0,0,0,0,0,0,100,2026-02-04 19:46:47.364787
SPNG,23.89,23.89,23.96,2317800.0,2228800.0,0,0,0,0,0,0,0,0,0,0,0,0,0,0,0,0,101,2026-02-04 19:46:48.434048
SMMR,26.55,26.36,26.55,2196900.0,1627200.0,0,0,0,0,0,0,0,0,0,0,0,0,0,0,0,0,101,2026-02-04 19:46:48.434048
ATMN,23.95,23.95,24.28,2337700.0,2274900.0,0,0,0,0,0,0,0,0,0,0,0,0,0,0,0,0,101,2026-02-04 19:46:48.434048
WNTR,25.56,25.42,25.56,2159600.0,2212900.0,0,0,0,0,0,0,0,0,0,0,0,0,0,0,0,0,101,2026-02-04 19:46:48.434048
SPNG,23.74,23.74,23.96,2276100.0,2228800.0,0,0,0,0,0,0,0,0,0,0,0,0,0,0,0,0,102,2026-02-04 19:46:48.985336
SMMR,26.55,26.36,26.55,2196900.0,1717900.0,0,0,0,0,0,0,0,0,0,0,0,0,0,0,0,0,102,2026-02-04 19:46:48.985336
ATMN,24.28,24.03,24.28,2326800.0,2274900.0,0,0,0,0,0,0,0,0,0,0,0,0,0,0,0,0,102,2026-02-04 19:46:48.985336
WNTR,25.42,25.28,25.36,2191500.0,2215900.0,0,0,0,0,0,0,0,0,0,0,0,0,0,0,0,0,102,2026-02-04 19:46:48.985336
SPNG,24.15,23.74,24.15,2276100.0,2233400.0,0,0,0,0,0,0,0,0,0,0,0,0,0,0,0,0,103,2026-02-04 19:46:50.027682
SMMR,26.36,26.36,26.41,2195400.0,1814400.0,0,0,0,0,0,0,0,0,0,0,0,0,0,0,0,0,103,2026-02-04 19:46:50.027682
ATMN,24.34,24.03,24.08,2326800.0,2294300.0,0,0,0,0,0,0,0,0,0,0,0,0,0,0,0,0,103,2026-02-04 19:46:50.027682
WNTR,25.56,25.28,25.56,2313600.0,2176200.0,0,0,0,0,0,0,0,0,0,0,0,0,0,0,0,0,103,2026-02-04 19:46:50.027682
SPNG,24.15,24.05,24.15,2286800.0,2224200.0,0,0,0,0,0,0,0,0,0,0,0,0,0,0,0,0,104,2026-02-04 19:46:51.063936
SMMR,26.55,26.4,26.45,2171500.0,1839100.0,0,0,0,0,0,0,0,0,0,0,0,0,0,0,0,0,104,2026-02-04 19:46:51.063936
ATMN,24.44,24.22,24.44,2352600.0,2318200.0,0,0,0,0,0,0,0,0,0,0,0,0,0,0,0,0,104,2026-02-04 19:46:51.063936
WNTR,25.58,25.29,25.58,2425600.0,2155000.0,0,0,0,0,0,0,0,0,0,0,0,0,0,0,0,0,104,2026-02-04 19:46:51.063936
SPNG,24.05,23.82,24.04,2303100.0,2238800.0,0,0,0,0,0,0,0,0,0,0,0,0,0,0,0,0,105,2026-02-04 19:46:52.115252
SMMR,26.45,26.41,26.45,2167000.0,1839100.0,0,0,0,0,0,0,0,0,0,0,0,0,0,0,0,0,105,2026-02-04 19:46:52.115252
ATMN,24.03,24.03,24.32,2326800.0,2299900.0,0,0,0,0,0,0,0,0,0,0,0,0,0,0,0,0,105,2026-02-04 19:46:52.115252
WNTR,25.29,25.28,25.29,2313600.0,2188400.0,0,0,0,0,0,0,0,0,0,0,0,0,0,0,0,0,105,2026-02-04 19:46:52.115252
SPNG,23.74,23.74,24.04,2276100.0,2238800.0,0,0,0,0,0,0,0,0,0,0,0,0,0,0,0,0,106,2026-02-04 19:46:53.159814
SMMR,26.41,26.41,26.55,2167000.0,1837000.0,0,0,0,0,0,0,0,0,0,0,0,0,0,0,0,0,106,2026-02-04 19:46:53.159814
ATMN,24.32,24.03,24.32,2313500.0,2299900.0,0,0,0,0,0,0,0,0,0,0,0,0,0,0,0,0,106,2026-02-04 19:46:53.159814
WNTR,25.56,25.28,25.38,2313600.0,2172200.0,0,0,0,0,0,0,0,0,0,0,0,0,0,0,0,0,106,2026-02-04 19:46:53.159814
SPNG,23.72,23.72,24.04,2288600.0,2238800.0,0,0,0,0,0,0,0,0,0,0,0,0,0,0,0,0,107,2026-02-04 19:46:54.227253
SMMR,26.47,26.47,26.55,2162300.0,1837000.0,0,0,0,0,0,0,0,0,0,0,0,0,0,0,0,0,107,2026-02-04 19:46:54.227253
ATMN,24.21,24.21,24.32,2304200.0,2301000.0,0,0,0,0,0,0,0,0,0,0,0,0,0,0,0,0,107,2026-02-04 19:46:54.227253
WNTR,25.38,25.56,25.58,2404800.0,2166200.0,0,0,0,0,0,0,0,0,0,0,0,0,0,0,0,0,107,2026-02-04 19:46:54.227253
SPNG,23.68,23.68,23.85,2321600.0,2241600.0,0,0,0,0,0,0,0,0,0,0,0,0,0,0,0,0,108,2026-02-04 19:46:55.322347
SMMR,26.55,26.56,26.59,2183200.0,1824800.0,0,0,0,0,0,0,0,0,0,0,0,0,0,0,0,0,108,2026-02-04 19:46:55.322347
ATMN,23.95,23.95,24.28,2289200.0,2311200.0,0,0,0,0,0,0,0,0,0,0,0,0,0,0,0,0,108,2026-02-04 19:46:55.322347
WNTR,25.49,25.28,25.48,2383500.0,2163400.0,0,0,0,0,0,0,0,0,0,0,0,0,0,0,0,0,108,2026-02-04 19:46:55.322347
SPNG,23.68,23.75,23.85,2305300.0,2241600.0,0,0,0,0,0,0,0,0,0,0,0,0,0,0,0,0,109,2026-02-04 19:46:56.365934
SMMR,26.49,26.49,26.59,2167600.0,1824800.0,0,0,0,0,0,0,0,0,0,0,0,0,0,0,0,0,109,2026-02-04 19:46:56.365934
ATMN,24.46,23.95,24.01,2293800.0,2296600.0,0,0,0,0,0,0,0,0,0,0,0,0,0,0,0,0,109,2026-02-04 19:46:56.365934
WNTR,25.49,25.42,25.48,2279900.0,2163500.0,0,0,0,0,0,0,0,0,0,0,0,0,0,0,0,0,109,2026-02-04 19:46:56.365934
SPNG,23.85,23.75,23.85,2305300.0,2241600.0,0,0,0,0,0,0,0,0,0,0,0,0,0,0,0,0,110,2026-02-04 19:46:57.435395
SMMR,26.45,26.45,26.59,2190100.0,1824800.0,0,0,0,0,0,0,0,0,0,0,0,0,0,0,0,0,110,2026-02-04 19:46:57.435395
ATMN,24.01,24.27,24.3,2299800.0,2313200.0,0,0,0,0,0,0,0,0,0,0,0,0,0,0,0,0,110,2026-02-04 19:46:57.435395
WNTR,25.53,25.42,25.53,2238000.0,2174300.0,0,0,0,0,0,0,0,0,0,0,0,0,0,0,0,0,110,2026-02-04 19:46:57.435395
SPNG,23.71,23.71,24.12,2309400.0,2236300.0,0,0,0,0,0,0,0,0,0,0,0,0,0,0,0,0,111,2026-02-04 19:46:58.511679
SMMR,26.45,26.46,26.59,2195300.0,1824800.0,0,0,0,0,0,0,0,0,0,0,0,0,0,0,0,0,111,2026-02-04 19:46:58.511679
ATMN,24.3,23.95,24.3,2293800.0,2313200.0,0,0,0,0,0,0,0,0,0,0,0,0,0,0,0,0,111,2026-02-04 19:46:58.511679
WNTR,25.53,25.51,25.53,2219400.0,2182500.0,0,0,0,0,0,0,0,0,0,0,0,0,0,0,0,0,111,2026-02-04 19:46:58.511679
SPNG,23.71,24.06,24.12,2311500.0,2238000.0,0,0,0,0,0,0,0,0,0,0,0,0,0,0,0,0,112,2026-02-04 19:46:59.085702
SMMR,26.59,26.46,26.59,2195300.0,1856100.0,0,0,0,0,0,0,0,0,0,0,0,0,0,0,0,0,112,2026-02-04 19:46:59.085702
ATMN,23.94,23.94,24.3,2304600.0,2313200.0,0,0,0,0,0,0,0,0,0,0,0,0,0,0,0,0,112,2026-02-04 19:46:59.085702
WNTR,25.53,25.51,25.53,2219400.0,2224700.0,0,0,0,0,0,0,0,0,0,0,0,0,0,0,0,0,112,2026-02-04 19:46:59.085702
SPNG,24.06,23.71,24.04,2309400.0,2237400.0,0,0,0,0,0,0,0,0,0,0,0,0,0,0,0,0,113,2026-02-04 19:47:00.161974
SMMR,26.61,26.57,26.61,2197600.0,1661600.0,0,0,0,0,0,0,0,0,0,0,0,0,0,0,0,0,113,2026-02-04 19:47:00.161974
ATMN,24.44,24.07,24.2,2316500.0,2302800.0,0,0,0,0,0,0,0,0,0,0,0,0,0,0,0,0,113,2026-02-04 19:47:00.161974
WNTR,25.47,25.47,25.56,2219500.0,2230000.0,0,0,0,0,0,0,0,0,0,0,0,0,0,0,0,0,113,2026-02-04 19:47:00.161974
SPNG,23.97,23.71,23.97,2309400.0,2257400.0,0,0,0,0,0,0,0,0,0,0,0,0,0,0,0,0,114,2026-02-04 19:47:01.215773
SMMR,26.68,26.45,26.68,2202300.0,1797900.0,0,0,0,0,0,0,0,0,0,0,0,0,0,0,0,0,114,2026-02-04 19:47:01.215773
ATMN,24.34,24.07,24.09,2316500.0,2306400.0,0,0,0,0,0,0,0,0,0,0,0,0,0,0,0,0,114,2026-02-04 19:47:01.215773
WNTR,25.56,25.44,25.56,2224700.0,2230000.0,0,0,0,0,0,0,0,0,0,0,0,0,0,0,0,0,114,2026-02-04 19:47:01.215773
SPNG,23.97,24.08,24.13,2290000.0,2253400.0,0,0,0,0,0,0,0,0,0,0,0,0,0,0,0,0,115,2026-02-04 19:47:02.257647
SMMR,26.69,26.45,26.53,2196800.0,1765800.0,0,0,0,0,0,0,0,0,0,0,0,0,0,0,0,0,115,2026-02-04 19:47:02.257647
ATMN,24.09,23.94,24.09,2306700.0,2306400.0,0,0,0,0,0,0,0,0,0,0,0,0,0,0,0,0,115,2026-02-04 19:47:02.257647
WNTR,25.43,25.43,25.56,2219500.0,2246200.0,0,0,0,0,0,0,0,0,0,0,0,0,0,0,0,0,115,2026-02-04 19:47:02.257647
SPNG,24.15,23.71,24.15,2309400.0,2226600.0,0,0,0,0,0,0,0,0,0,0,0,0,0,0,0,0,116,2026-02-04 19:47:03.316426
SMMR,26.69,26.52,26.53,2183300.0,1996800.0,0,0,0,0,0,0,0,0,0,0,0,0,0,0,0,0,116,2026-02-04 19:47:03.316426
ATMN,24.09,24.03,24.09,2290700.0,2306400.0,0,0,0,0,0,0,0,0,0,0,0,0,0,0,0,0,116,2026-02-04 19:47:03.316426
WNTR,25.42,25.42,25.58,2229800.0,2232900.0,0,0,0,0,0,0,0,0,0,0,0,0,0,0,0,0,116,2026-02-04 19:47:03.316426
SPNG,23.87,23.75,23.87,2273900.0,2236400.0,0,0,0,0,0,0,0,0,0,0,0,0,0,0,0,0,117,2026-02-04 19:47:04.358879
SMMR,26.53,26.52,26.53,2183300.0,2089800.0,0,0,0,0,0,0,0,0,0,0,0,0,0,0,0,0,117,2026-02-04 19:47:04.358879
ATMN,24.35,24.08,24.35,2261000.0,2315700.0,0,0,0,0,0,0,0,0,0,0,0,0,0,0,0,0,117,2026-02-04 19:47:04.358879
WNTR,25.42,25.44,25.58,2239900.0,2244200.0,0,0,0,0,0,0,0,0,0,0,0,0,0,0,0,0,117,2026-02-04 19:47:04.358879
SPNG,23.87,23.78,23.87,2250500.0,2210100.0,0,0,0,0,0,0,0,0,0,0,0,0,0,0,0,0,118,2026-02-04 19:47:05.414092
SMMR,26.53,26.52,26.53,2185300.0,2089800.0,0,0,0,0,0,0,0,0,0,0,0,0,0,0,0,0,118,2026-02-04 19:47:05.414092
ATMN,24.08,24.08,24.35,2261000.0,2315700.0,0,0,0,0,0,0,0,0,0,0,0,0,0,0,0,0,118,2026-02-04 19:47:05.414092
WNTR,25.58,25.44,25.58,2243700.0,2259700.0,0,0,0,0,0,0,0,0,0,0,0,0,0,0,0,0,118,2026-02-04 19:47:05.414092
SPNG,23.75,23.75,24.12,2258000.0,2224400.0,0,0,0,0,0,0,0,0,0,0,0,0,0,0,0,0,119,2026-02-04 19:47:06.473940
SMMR,26.52,26.45,26.48,2194100.0,2107500.0,0,0,0,0,0,0,0,0,0,0,0,0,0,0,0,0,119,2026-02-04 19:47:06.473940
ATMN,24.03,24.03,24.26,2275300.0,2328600.0,0,0,0,0,0,0,0,0,0,0,0,0,0,0,0,0,119,2026-02-04 19:47:06.473940
WNTR,25.58,25.46,25.58,2320200.0,2269600.0,0,0,0,0,0,0,0,0,0,0,0,0,0,0,0,0,119,2026-02-04 19:47:06.473940
SPNG,23.75,24.21,26.97,890300.0,717000.0,0,0,0,0,0,0,0,0,0,0,0,0,0,0,0,0,120,2026-02-04 19:47:07.510650
SMMR,26.6,24.02,25.11,912400.0,898800.0,0,0,0,0,0,0,0,0,0,0,0,0,0,0,0,0,120,2026-02-04 19:47:07.510650
ATMN,25.54,25.54,26.65,682200.0,623700.0,0,0,0,0,0,0,0,0,0,0,0,0,0,0,0,0,120,2026-02-04 19:47:07.510650
WNTR,26.21,26.0,26.07,683700.0,750900.0,0,0,0,0,0,0,0,0,0,0,0,0,0,0,0,0,120,2026-02-04 19:47:07.510650
SPNG,23.75,24.21,25.15,890300.0,1011600.0,0,0,0,0,0,0,0,0,0,0,0,0,0,0,0,0,121,2026-02-04 19:47:08.558137
SMMR,23.97,23.97,23.99,938400.0,1218300.0,0,0,0,0,0,0,0,0,0,0,0,0,0,0,0,0,121,2026-02-04 19:47:08.558137
ATMN,26.6,26.49,26.6,1094900.0,800900.0,0,0,0,0,0,0,0,0,0,0,0,0,0,0,0,0,121,2026-02-04 19:47:08.558137
WNTR,26.11,26.0,26.06,1056100.0,1067300.0,0,0,0,0,0,0,0,0,0,0,0,0,0,0,0,0,121,2026-02-04 19:47:08.558137
SPNG,24.21,24.21,25.15,914900.0,1071800.0,0,0,0,0,0,0,0,0,0,0,0,0,0,0,0,0,122,2026-02-04 19:47:09.153971
SMMR,23.97,23.97,23.99,938400.0,1345300.0,0,0,0,0,0,0,0,0,0,0,0,0,0,0,0,0,122,2026-02-04 19:47:09.153971
ATMN,27.27,26.49,27.27,1094900.0,752900.0,0,0,0,0,0,0,0,0,0,0,0,0,0,0,0,0,122,2026-02-04 19:47:09.153971
WNTR,26.11,26.0,26.06,1166800.0,1067300.0,0,0,0,0,0,0,0,0,0,0,0,0,0,0,0,0,122,2026-02-04 19:47:09.153971
SPNG,24.21,24.21,24.44,914900.0,1353500.0,0,0,0,0,0,0,0,0,0,0,0,0,0,0,0,0,123,2026-02-04 19:47:10.201887
SMMR,23.92,23.92,23.99,944200.0,1470200.0,0,0,0,0,0,0,0,0,0,0,0,0,0,0,0,0,123,2026-02-04 19:47:10.201887
ATMN,27.27,26.49,26.62,1189400.0,1095700.0,0,0,0,0,0,0,0,0,0,0,0,0,0,0,0,0,123,2026-02-04 19:47:10.201887
WNTR,26.06,26.11,26.18,1378900.0,1072400.0,0,0,0,0,0,0,0,0,0,0,0,0,0,0,0,0,123,2026-02-04 19:47:10.201887
SPNG,23.81,23.81,24.44,958300.0,1541400.0,0,0,0,0,0,0,0,0,0,0,0,0,0,0,0,0,124,2026-02-04 19:47:11.245267
SMMR,23.92,23.92,23.99,944200.0,1752200.0,0,0,0,0,0,0,0,0,0,0,0,0,0,0,0,0,124,2026-02-04 19:47:11.245267
ATMN,27.27,26.55,26.57,1480600.0,1189200.0,0,0,0,0,0,0,0,0,0,0,0,0,0,0,0,0,124,2026-02-04 19:47:11.245267
WNTR,26.18,26.16,26.18,1477200.0,1190700.0,0,0,0,0,0,0,0,0,0,0,0,0,0,0,0,0,124,2026-02-04 19:47:11.245267
SPNG,23.81,23.44,23.72,1233900.0,1644400.0,0,0,0,0,0,0,0,0,0,0,0,0,0,0,0,0,125,2026-02-04 19:47:12.302104
SMMR,23.57,23.57,23.99,990300.0,1857500.0,0,0,0,0,0,0,0,0,0,0,0,0,0,0,0,0,125,2026-02-04 19:47:12.302104
ATMN,26.62,26.55,26.62,1608100.0,1095700.0,0,0,0,0,0,0,0,0,0,0,0,0,0,0,0,0,125,2026-02-04 19:47:12.302104
WNTR,26.18,26.16,26.18,1592500.0,1176100.0,0,0,0,0,0,0,0,0,0,0,0,0,0,0,0,0,125,2026-02-04 19:47:12.302104
SPNG,23.78,23.78,24.44,1335200.0,1541400.0,0,0,0,0,0,0,0,0,0,0,0,0,0,0,0,0,126,2026-02-04 19:47:13.365804
SMMR,23.57,23.57,23.7,1011800.0,2088300.0,0,0,0,0,0,0,0,0,0,0,0,0,0,0,0,0,126,2026-02-04 19:47:13.365804
ATMN,26.62,26.58,26.62,1822300.0,1313800.0,0,0,0,0,0,0,0,0,0,0,0,0,0,0,0,0,126,2026-02-04 19:47:13.365804
WNTR,26.16,26.16,26.18,1603200.0,1278100.0,0,0,0,0,0,0,0,0,0,0,0,0,0,0,0,0,126,2026-02-04 19:47:13.365804
SPNG,24.44,23.93,24.44,1462000.0,1624400.0,0,0,0,0,0,0,0,0,0,0,0,0,0,0,0,0,127,2026-02-04 19:47:14.408092
SMMR,23.7,23.86,23.99,1159800.0,1963200.0,0,0,0,0,0,0,0,0,0,0,0,0,0,0,0,0,127,2026-02-04 19:47:14.408092
ATMN,26.82,26.58,26.82,1822300.0,1420100.0,0,0,0,0,0,0,0,0,0,0,0,0,0,0,0,0,127,2026-02-04 19:47:14.408092
WNTR,26.22,26.15,26.22,1593000.0,1272700.0,0,0,0,0,0,0,0,0,0,0,0,0,0,0,0,0,127,2026-02-04 19:47:14.408092
SPNG,24.01,24.32,24.44,1561000.0,1785700.0,0,0,0,0,0,0,0,0,0,0,0,0,0,0,0,0,128,2026-02-04 19:47:15.453870
SMMR,23.86,23.43,23.79,1028400.0,2361300.0,0,0,0,0,0,0,0,0,0,0,0,0,0,0,0,0,128,2026-02-04 19:47:15.453870
ATMN,26.58,26.58,26.6,1950600.0,1725200.0,0,0,0,0,0,0,0,0,0,0,0,0,0,0,0,0,128,2026-02-04 19:47:15.453870
WNTR,26.24,26.11,26.24,1486000.0,1180100.0,0,0,0,0,0,0,0,0,0,0,0,0,0,0,0,0,128,2026-02-04 19:47:15.453870
SPNG,24.32,23.93,24.06,1592900.0,1855500.0,0,0,0,0,0,0,0,0,0,0,0,0,0,0,0,0,129,2026-02-04 19:47:16.569988
SMMR,23.86,23.51,23.61,1140400.0,2373600.0,0,0,0,0,0,0,0,0,0,0,0,0,0,0,0,0,129,2026-02-04 19:47:16.569988
ATMN,26.58,26.58,26.6,2157900.0,1725200.0,0,0,0,0,0,0,0,0,0,0,0,0,0,0,0,0,129,2026-02-04 19:47:16.569988
WNTR,26.11,26.0,26.05,1616700.0,1294500.0,0,0,0,0,0,0,0,0,0,0,0,0,0,0,0,0,129,2026-02-04 19:47:16.569988
SPNG,24.32,23.97,24.06,1817200.0,1855500.0,0,0,0,0,0,0,0,0,0,0,0,0,0,0,0,0,130,2026-02-04 19:47:17.151247
SMMR,23.67,23.57,23.59,1242900.0,2353900.0,0,0,0,0,0,0,0,0,0,0,0,0,0,0,0,0,130,2026-02-04 19:47:17.151247
ATMN,26.58,26.59,26.6,2144300.0,1725200.0,0,0,0,0,0,0,0,0,0,0,0,0,0,0,0,0,130,2026-02-04 19:47:17.151247
WNTR,26.27,26.0,26.27,1724600.0,1081500.0,0,0,0,0,0,0,0,0,0,0,0,0,0,0,0,0,130,2026-02-04 19:47:17.151247
SPNG,24.43,23.97,24.43,2030300.0,1823500.0,0,0,0,0,0,0,0,0,0,0,0,0,0,0,0,0,131,2026-02-04 19:47:18.212464
SMMR,23.57,23.57,23.59,1140400.0,2353900.0,0,0,0,0,0,0,0,0,0,0,0,0,0,0,0,0,131,2026-02-04 19:47:18.212464
ATMN,26.6,26.59,26.6,2124700.0,1492100.0,0,0,0,0,0,0,0,0,0,0,0,0,0,0,0,0,131,2026-02-04 19:47:18.212464
WNTR,26.27,26.0,26.27,2194500.0,1081500.0,0,0,0,0,0,0,0,0,0,0,0,0,0,0,0,0,131,2026-02-04 19:47:18.212464
SPNG,24.08,24.3,24.43,2150800.0,1839700.0,0,0,0,0,0,0,0,0,0,0,0,0,0,0,0,0,132,2026-02-04 19:47:19.355684
SMMR,23.51,23.53,23.59,1507500.0,2353900.0,0,0,0,0,0,0,0,0,0,0,0,0,0,0,0,0,132,2026-02-04 19:47:19.355684
ATMN,26.59,26.59,27.03,2140300.0,1668700.0,0,0,0,0,0,0,0,0,0,0,0,0,0,0,0,0,132,2026-02-04 19:47:19.355684
WNTR,26.14,26.14,26.27,2194500.0,1306600.0,0,0,0,0,0,0,0,0,0,0,0,0,0,0,0,0,132,2026-02-04 19:47:19.355684
SPNG,24.3,23.97,24.09,2030300.0,1913400.0,0,0,0,0,0,0,0,0,0,0,0,0,0,0,0,0,133,2026-02-04 19:47:20.409520
SMMR,23.79,23.53,23.79,1656600.0,2363000.0,0,0,0,0,0,0,0,0,0,0,0,0,0,0,0,0,133,2026-02-04 19:47:20.409520
ATMN,26.59,26.59,26.61,2119000.0,1771200.0,0,0,0,0,0,0,0,0,0,0,0,0,0,0,0,0,133,2026-02-04 19:47:20.409520
WNTR,26.14,26.07,26.1,2194500.0,1512400.0,0,0,0,0,0,0,0,0,0,0,0,0,0,0,0,0,133,2026-02-04 19:47:20.409520
SPNG,24.43,23.97,24.43,2157900.0,1896500.0,0,0,0,0,0,0,0,0,0,0,0,0,0,0,0,0,134,2026-02-04 19:47:21.444549
SMMR,23.54,23.62,23.65,1775800.0,2363600.0,0,0,0,0,0,0,0,0,0,0,0,0,0,0,0,0,134,2026-02-04 19:47:21.444549
ATMN,26.61,26.56,26.61,2168900.0,1771200.0,0,0,0,0,0,0,0,0,0,0,0,0,0,0,0,0,134,2026-02-04 19:47:21.444549
WNTR,26.1,26.11,26.24,2224200.0,1514000.0,0,0,0,0,0,0,0,0,0,0,0,0,0,0,0,0,134,2026-02-04 19:47:21.444549
SPNG,24.46,23.97,24.46,2269500.0,1891100.0,0,0,0,0,0,0,0,0,0,0,0,0,0,0,0,0,135,2026-02-04 19:47:22.478675
SMMR,23.65,23.74,23.79,1918500.0,2393200.0,0,0,0,0,0,0,0,0,0,0,0,0,0,0,0,0,135,2026-02-04 19:47:22.478675
ATMN,26.55,26.78,27.03,2146000.0,1759700.0,0,0,0,0,0,0,0,0,0,0,0,0,0,0,0,0,135,2026-02-04 19:47:22.478675
WNTR,26.11,26.07,26.09,2231400.0,1731400.0,0,0,0,0,0,0,0,0,0,0,0,0,0,0,0,0,135,2026-02-04 19:47:22.478675
SPNG,24.44,23.97,24.44,2379100.0,1919500.0,0,0,0,0,0,0,0,0,0,0,0,0,0,0,0,0,136,2026-02-04 19:47:23.526185
SMMR,23.65,23.74,23.79,1918500.0,2422300.0,0,0,0,0,0,0,0,0,0,0,0,0,0,0,0,0,136,2026-02-04 19:47:23.526185
ATMN,26.55,26.78,27.03,2146000.0,1993000.0,0,0,0,0,0,0,0,0,0,0,0,0,0,0,0,0,136,2026-02-04 19:47:23.526185
WNTR,26.09,26.14,26.24,2227300.0,1628500.0,0,0,0,0,0,0,0,0,0,0,0,0,0,0,0,0,136,2026-02-04 19:47:23.526185
SPNG,24.44,24.03,24.18,2277500.0,1918600.0,0,0,0,0,0,0,0,0,0,0,0,0,0,0,0,0,137,2026-02-04 19:47:24.568662
SMMR,23.62,23.6,23.62,1900700.0,2424800.0,0,0,0,0,0,0,0,0,0,0,0,0,0,0,0,0,137,2026-02-04 19:47:24.568662
ATMN,26.78,26.78,26.84,2146000.0,2051200.0,0,0,0,0,0,0,0,0,0,0,0,0,0,0,0,0,137,2026-02-04 19:47:24.568662
WNTR,26.12,26.12,26.19,2217500.0,1631700.0,0,0,0,0,0,0,0,0,0,0,0,0,0,0,0,0,137,2026-02-04 19:47:24.568662
SPNG,24.18,24.03,24.18,2251000.0,1918600.0,0,0,0,0,0,0,0,0,0,0,0,0,0,0,0,0,138,2026-02-04 19:47:25.607042
SMMR,23.6,23.6,23.79,1900700.0,2394000.0,0,0,0,0,0,0,0,0,0,0,0,0,0,0,0,0,138,2026-02-04 19:47:25.607042
ATMN,26.51,26.51,26.84,2167500.0,2077000.0,0,0,0,0,0,0,0,0,0,0,0,0,0,0,0,0,138,2026-02-04 19:47:25.607042
WNTR,26.15,26.12,26.15,2228000.0,1759300.0,0,0,0,0,0,0,0,0,0,0,0,0,0,0,0,0,138,2026-02-04 19:47:25.607042
SPNG,24.16,24.16,24.18,2204000.0,1918600.0,0,0,0,0,0,0,0,0,0,0,0,0,0,0,0,0,139,2026-02-04 19:47:26.659010
SMMR,23.53,23.53,23.71,1756200.0,2430700.0,0,0,0,0,0,0,0,0,0,0,0,0,0,0,0,0,139,2026-02-04 19:47:26.659010
ATMN,26.49,26.83,26.84,2194300.0,2077000.0,0,0,0,0,0,0,0,0,0,0,0,0,0,0,0,0,139,2026-02-04 19:47:26.659010
WNTR,26.19,26.17,26.19,2234100.0,1631700.0,0,0,0,0,0,0,0,0,0,0,0,0,0,0,0,0,139,2026-02-04 19:47:26.659010
SPNG,24.16,24.16,24.18,2213900.0,1934100.0,0,0,0,0,0,0,0,0,0,0,0,0,0,0,0,0,140,2026-02-04 19:47:27.325307
SMMR,23.56,23.53,23.56,1756200.0,2468100.0,0,0,0,0,0,0,0,0,0,0,0,0,0,0,0,0,140,2026-02-04 19:47:27.325307
ATMN,26.83,26.49,26.7,2228600.0,2124600.0,0,0,0,0,0,0,0,0,0,0,0,0,0,0,0,0,140,2026-02-04 19:47:27.325307
WNTR,26.17,26.17,26.18,2234100.0,1600400.0,0,0,0,0,0,0,0,0,0,0,0,0,0,0,0,0,140,2026-02-04 19:47:27.325307
SPNG,24.46,24.47,24.48,2238800.0,1920700.0,0,0,0,0,0,0,0,0,0,0,0,0,0,0,0,0,141,2026-02-04 19:47:28.365492
SMMR,23.66,23.48,23.58,1518300.0,2502200.0,0,0,0,0,0,0,0,0,0,0,0,0,0,0,0,0,141,2026-02-04 19:47:28.365492
ATMN,26.83,26.64,26.7,2192600.0,2124600.0,0,0,0,0,0,0,0,0,0,0,0,0,0,0,0,0,141,2026-02-04 19:47:28.365492
WNTR,26.07,26.07,26.18,2218600.0,1824500.0,0,0,0,0,0,0,0,0,0,0,0,0,0,0,0,0,141,2026-02-04 19:47:28.365492
SPNG,24.07,24.07,24.48,2187500.0,1927300.0,0,0,0,0,0,0,0,0,0,0,0,0,0,0,0,0,142,2026-02-04 19:47:29.410956
SMMR,23.44,23.44,23.58,1391900.0,2502200.0,0,0,0,0,0,0,0,0,0,0,0,0,0,0,0,0,142,2026-02-04 19:47:29.410956
ATMN,26.53,26.53,26.8,2212800.0,2106800.0,0,0,0,0,0,0,0,0,0,0,0,0,0,0,0,0,142,2026-02-04 19:47:29.410956
WNTR,26.27,26.07,26.27,2221500.0,1822700.0,0,0,0,0,0,0,0,0,0,0,0,0,0,0,0,0,142,2026-02-04 19:47:29.410956
SPNG,23.97,23.97,24.48,2280300.0,1927300.0,0,0,0,0,0,0,0,0,0,0,0,0,0,0,0,0,143,2026-02-04 19:47:30.441217
SMMR,23.58,23.68,23.71,1751400.0,2465700.0,0,0,0,0,0,0,0,0,0,0,0,0,0,0,0,0,143,2026-02-04 19:47:30.441217
ATMN,26.8,26.66,26.8,2178000.0,2111100.0,0,0,0,0,0,0,0,0,0,0,0,0,0,0,0,0,143,2026-02-04 19:47:30.441217
WNTR,26.27,26.2,26.27,2234600.0,2147000.0,0,0,0,0,0,0,0,0,0,0,0,0,0,0,0,0,143,2026-02-04 19:47:30.441217
SPNG,24.33,23.97,24.03,2250300.0,1962000.0,0,0,0,0,0,0,0,0,0,0,0,0,0,0,0,0,144,2026-02-04 19:47:31.475327
SMMR,23.68,23.6,23.67,1762100.0,2520800.0,0,0,0,0,0,0,0,0,0,0,0,0,0,0,0,0,144,2026-02-04 19:47:31.475327
ATMN,26.8,26.66,26.68,2178000.0,2145400.0,0,0,0,0,0,0,0,0,0,0,0,0,0,0,0,0,144,2026-02-04 19:47:31.475327
WNTR,26.2,26.2,26.21,2234600.0,2162000.0,0,0,0,0,0,0,0,0,0,0,0,0,0,0,0,0,144,2026-02-04 19:47:31.475327
SPNG,24.48,23.97,24.48,2253400.0,1927300.0,0,0,0,0,0,0,0,0,0,0,0,0,0,0,0,0,145,2026-02-04 19:47:32.517361
SMMR,23.6,23.6,23.67,1770200.0,2555000.0,0,0,0,0,0,0,0,0,0,0,0,0,0,0,0,0,145,2026-02-04 19:47:32.517361
ATMN,26.53,26.53,26.68,2208100.0,2174000.0,0,0,0,0,0,0,0,0,0,0,0,0,0,0,0,0,145,2026-02-04 19:47:32.517361
WNTR,26.21,26.2,26.21,2212900.0,2162000.0,0,0,0,0,0,0,0,0,0,0,0,0,0,0,0,0,145,2026-02-04 19:47:32.517361
SPNG,23.97,23.97,24.38,2253400.0,1977300.0,0,0,0,0,0,0,0,0,0,0,0,0,0,0,0,0,146,2026-02-04 19:47:33.559965
SMMR,23.6,23.6,23.67,2051500.0,2555000.0,0,0,0,0,0,0,0,0,0,0,0,0,0,0,0,0,146,2026-02-04 19:47:33.559965
ATMN,26.79,26.53,26.79,2173600.0,2179500.0,0,0,0,0,0,0,0,0,0,0,0,0,0,0,0,0,146,2026-02-04 19:47:33.559965
WNTR,26.21,26.24,26.27,2204400.0,2204600.0,0,0,0,0,0,0,0,0,0,0,0,0,0,0,0,0,146,2026-02-04 19:47:33.559965
SPNG,24.38,23.97,24.38,2253400.0,1977300.0,0,0,0,0,0,0,0,0,0,0,0,0,0,0,0,0,147,2026-02-04 19:47:34.597778
SMMR,23.71,23.6,23.71,2154400.0,2495700.0,0,0,0,0,0,0,0,0,0,0,0,0,0,0,0,0,147,2026-02-04 19:47:34.597778
ATMN,26.52,26.52,26.59,2236500.0,2167900.0,0,0,0,0,0,0,0,0,0,0,0,0,0,0,0,0,147,2026-02-04 19:47:34.597778
WNTR,26.21,26.24,26.27,2204400.0,2187500.0,0,0,0,0,0,0,0,0,0,0,0,0,0,0,0,0,147,2026-02-04 19:47:34.597778
SPNG,24.38,24.28,24.38,2277900.0,1963300.0,0,0,0,0,0,0,0,0,0,0,0,0,0,0,0,0,148,2026-02-04 19:47:35.639279
SMMR,23.71,23.6,23.71,2154400.0,2538000.0,0,0,0,0,0,0,0,0,0,0,0,0,0,0,0,0,148,2026-02-04 19:47:35.639279
ATMN,26.52,26.52,26.75,2216300.0,2175200.0,0,0,0,0,0,0,0,0,0,0,0,0,0,0,0,0,148,2026-02-04 19:47:35.639279
WNTR,26.24,26.05,26.12,2226400.0,2174600.0,0,0,0,0,0,0,0,0,0,0,0,0,0,0,0,0,148,2026-02-04 19:47:35.639279
SPNG,24.28,23.97,24.04,2266600.0,1974900.0,0,0,0,0,0,0,0,0,0,0,0,0,0,0,0,0,149,2026-02-04 19:47:36.674580
SMMR,23.71,23.6,23.71,2276900.0,2518700.0,0,0,0,0,0,0,0,0,0,0,0,0,0,0,0,0,149,2026-02-04 19:47:36.674580
ATMN,26.52,26.52,26.53,2216300.0,2202700.0,0,0,0,0,0,0,0,0,0,0,0,0,0,0,0,0,149,2026-02-04 19:47:36.674580
WNTR,26.24,26.05,26.08,2226400.0,2197500.0,0,0,0,0,0,0,0,0,0,0,0,0,0,0,0,0,149,2026-02-04 19:47:36.674580
SPNG,24.56,24.25,24.56,2273500.0,1973700.0,0,0,0,0,0,0,0,0,0,0,0,0,0,0,0,0,150,2026-02-04 19:47:37.731319
SMMR,23.56,23.56,23.71,2283200.0,2526300.0,0,0,0,0,0,0,0,0,0,0,0,0,0,0,0,0,150,2026-02-04 19:47:37.731319
ATMN,26.79,26.52,26.79,2216300.0,2188900.0,0,0,0,0,0,0,0,0,0,0,0,0,0,0,0,0,150,2026-02-04 19:47:37.731319
WNTR,26.03,26.0,26.03,2229500.0,2228200.0,0,0,0,0,0,0,0,0,0,0,0,0,0,0,0,0,150,2026-02-04 19:47:37.731319
SPNG,24.56,24.25,24.56,2273500.0,1977300.0,0,0,0,0,0,0,0,0,0,0,0,0,0,0,0,0,151,2026-02-04 19:47:38.762735
SMMR,23.75,23.7,23.75,2410800.0,2531500.0,0,0,0,0,0,0,0,0,0,0,0,0,0,0,0,0,151,2026-02-04 19:47:38.762735
ATMN,26.48,26.48,26.55,2232400.0,2190400.0,0,0,0,0,0,0,0,0,0,0,0,0,0,0,0,0,151,2026-02-04 19:47:38.762735
WNTR,26.08,26.0,26.08,2243600.0,2163200.0,0,0,0,0,0,0,0,0,0,0,0,0,0,0,0,0,151,2026-02-04 19:47:38.762735
SPNG,24.56,24.25,24.53,2273500.0,1957200.0,0,0,0,0,0,0,0,0,0,0,0,0,0,0,0,0,152,2026-02-04 19:47:39.301915
SMMR,23.7,23.7,23.75,2410800.0,2512200.0,0,0,0,0,0,0,0,0,0,0,0,0,0,0,0,0,152,2026-02-04 19:47:39.301915
ATMN,26.48,26.48,26.55,2214400.0,2190400.0,0,0,0,0,0,0,0,0,0,0,0,0,0,0,0,0,152,2026-02-04 19:47:39.301915
WNTR,25.99,25.99,26.08,2236100.0,2163200.0,0,0,0,0,0,0,0,0,0,0,0,0,0,0,0,0,152,2026-02-04 19:47:39.301915
SPNG,24.56,24.25,24.53,2283000.0,1950600.0,0,0,0,0,0,0,0,0,0,0,0,0,0,0,0,0,153,2026-02-04 19:47:40.341337
SMMR,23.7,23.67,23.68,2551000.0,2497900.0,0,0,0,0,0,0,0,0,0,0,0,0,0,0,0,0,153,2026-02-04 19:47:40.341337
ATMN,26.48,26.48,26.55,2184300.0,2159600.0,0,0,0,0,0,0,0,0,0,0,0,0,0,0,0,0,153,2026-02-04 19:47:40.341337
WNTR,25.99,26.06,26.08,2279500.0,2195900.0,0,0,0,0,0,0,0,0,0,0,0,0,0,0,0,0,153,2026-02-04 19:47:40.341337
SPNG,24.04,24.04,24.48,2259500.0,1956200.0,0,0,0,0,0,0,0,0,0,0,0,0,0,0,0,0,154,2026-02-04 19:47:41.403793
SMMR,23.56,23.56,23.75,2430300.0,2512200.0,0,0,0,0,0,0,0,0,0,0,0,0,0,0,0,0,154,2026-02-04 19:47:41.403793
ATMN,26.46,26.46,26.55,2216200.0,2160500.0,0,0,0,0,0,0,0,0,0,0,0,0,0,0,0,0,154,2026-02-04 19:47:41.403793
WNTR,26.08,26.08,26.11,2251900.0,2219700.0,0,0,0,0,0,0,0,0,0,0,0,0,0,0,0,0,154,2026-02-04 19:47:41.403793
SPNG,23.97,23.97,24.48,2266600.0,1977600.0,0,0,0,0,0,0,0,0,0,0,0,0,0,0,0,0,155,2026-02-04 19:47:42.447719
SMMR,23.55,23.55,23.75,2340700.0,2512200.0,0,0,0,0,0,0,0,0,0,0,0,0,0,0,0,0,155,2026-02-04 19:47:42.447719
ATMN,26.71,26.46,26.71,2216200.0,2174800.0,0,0,0,0,0,0,0,0,0,0,0,0,0,0,0,0,155,2026-02-04 19:47:42.447719
WNTR,26.06,26.06,26.11,2261800.0,2213600.0,0,0,0,0,0,0,0,0,0,0,0,0,0,0,0,0,155,2026-02-04 19:47:42.447719
SPNG,23.97,24.29,24.48,2277100.0,1977600.0,0,0,0,0,0,0,0,0,0,0,0,0,0,0,0,0,156,2026-02-04 19:47:43.490366
SMMR,23.54,23.54,23.63,2193600.0,2525500.0,0,0,0,0,0,0,0,0,0,0,0,0,0,0,0,0,156,2026-02-04 19:47:43.490366
ATMN,26.71,26.46,26.53,2216200.0,2195500.0,0,0,0,0,0,0,0,0,0,0,0,0,0,0,0,0,156,2026-02-04 19:47:43.490366
WNTR,26.06,26.06,26.11,2236800.0,2178800.0,0,0,0,0,0,0,0,0,0,0,0,0,0,0,0,0,156,2026-02-04 19:47:43.490366
SPNG,24.29,24.29,24.3,2277100.0,2006100.0,0,0,0,0,0,0,0,0,0,0,0,0,0,0,0,0,157,2026-02-04 19:47:44.548073
SMMR,23.47,23.62,23.63,2291200.0,2525500.0,0,0,0,0,0,0,0,0,0,0,0,0,0,0,0,0,157,2026-02-04 19:47:44.548073
ATMN,26.46,26.4,26.42,2235300.0,2189900.0,0,0,0,0,0,0,0,0,0,0,0,0,0,0,0,0,157,2026-02-04 19:47:44.548073
WNTR,26.05,26.05,26.16,2244400.0,2205000.0,0,0,0,0,0,0,0,0,0,0,0,0,0,0,0,0,157,2026-02-04 19:47:44.548073
SPNG,24.3,24.39,24.48,2284400.0,2010600.0,0,0,0,0,0,0,0,0,0,0,0,0,0,0,0,0,158,2026-02-04 19:47:45.609795
SMMR,23.47,23.62,23.63,2572800.0,2538700.0,0,0,0,0,0,0,0,0,0,0,0,0,0,0,0,0,158,2026-02-04 19:47:45.609795
ATMN,26.53,26.4,26.53,2219400.0,2199800.0,0,0,0,0,0,0,0,0,0,0,0,0,0,0,0,0,158,2026-02-04 19:47:45.609795
WNTR,26.08,26.08,26.18,2232600.0,2212800.0,0,0,0,0,0,0,0,0,0,0,0,0,0,0,0,0,158,2026-02-04 19:47:45.609795
SPNG,23.95,23.93,23.94,2270800.0,2048000.0,0,0,0,0,0,0,0,0,0,0,0,0,0,0,0,0,159,2026-02-04 19:47:46.673577
SMMR,23.63,23.6,23.63,2460200.0,2538700.0,0,0,0,0,0,0,0,0,0,0,0,0,0,0,0,0,159,2026-02-04 19:47:46.673577
ATMN,26.56,26.4,26.48,2190600.0,2175800.0,0,0,0,0,0,0,0,0,0,0,0,0,0,0,0,0,159,2026-02-04 19:47:46.673577
WNTR,26.07,26.07,26.18,2226700.0,2186900.0,0,0,0,0,0,0,0,0,0,0,0,0,0,0,0,0,159,2026-02-04 19:47:46.673577
SPNG,24.53,23.93,24.53,2273600.0,2034900.0,0,0,0,0,0,0,0,0,0,0,0,0,0,0,0,0,160,2026-02-04 19:47:47.738961
SMMR,23.59,23.59,23.62,2335200.0,2561300.0,0,0,0,0,0,0,0,0,0,0,0,0,0,0,0,0,160,2026-02-04 19:47:47.738961
ATMN,26.39,26.39,26.48,2170700.0,2175800.0,0,0,0,0,0,0,0,0,0,0,0,0,0,0,0,0,160,2026-02-04 19:47:47.738961
WNTR,26.07,26.07,26.18,2249000.0,2164100.0,0,0,0,0,0,0,0,0,0,0,0,0,0,0,0,0,160,2026-02-04 19:47:47.738961
SPNG,24.56,24.28,24.56,2277100.0,2026800.0,0,0,0,0,0,0,0,0,0,0,0,0,0,0,0,0,161,2026-02-04 19:47:48.775249
SMMR,23.53,23.53,23.62,2193000.0,2550000.0,0,0,0,0,0,0,0,0,0,0,0,0,0,0,0,0,161,2026-02-04 19:47:48.775249
ATMN,26.39,26.39,26.48,2199900.0,2175800.0,0,0,0,0,0,0,0,0,0,0,0,0,0,0,0,0,161,2026-02-04 19:47:48.775249
WNTR,26.04,26.04,26.15,2250100.0,2207600.0,0,0,0,0,0,0,0,0,0,0,0,0,0,0,0,0,161,2026-02-04 19:47:48.775249
SPNG,24.28,24.28,24.56,2305600.0,2026800.0,0,0,0,0,0,0,0,0,0,0,0,0,0,0,0,0,162,2026-02-04 19:47:49.812955
SMMR,23.62,23.53,23.62,2314100.0,2550000.0,0,0,0,0,0,0,0,0,0,0,0,0,0,0,0,0,162,2026-02-04 19:47:49.812955
ATMN,26.63,26.43,26.63,2206100.0,2190400.0,0,0,0,0,0,0,0,0,0,0,0,0,0,0,0,0,162,2026-02-04 19:47:49.812955
WNTR,26.15,26.04,26.15,2250100.0,2207600.0,0,0,0,0,0,0,0,0,0,0,0,0,0,0,0,0,162,2026-02-04 19:47:49.812955
SPNG,24.28,24.28,24.29,2314100.0,2093600.0,0,0,0,0,0,0,0,0,0,0,0,0,0,0,0,0,163,2026-02-04 19:47:50.854730
SMMR,23.62,23.53,23.55,2594800.0,2560200.0,0,0,0,0,0,0,0,0,0,0,0,0,0,0,0,0,163,2026-02-04 19:47:50.854730
ATMN,26.43,26.43,26.46,2206100.0,2223700.0,0,0,0,0,0,0,0,0,0,0,0,0,0,0,0,0,163,2026-02-04 19:47:50.854730
WNTR,26.16,26.02,26.16,2267800.0,2209900.0,0,0,0,0,0,0,0,0,0,0,0,0,0,0,0,0,163,2026-02-04 19:47:50.854730
SPNG,24.29,24.28,24.29,2336300.0,2093600.0,0,0,0,0,0,0,0,0,0,0,0,0,0,0,0,0,164,2026-02-04 19:47:51.390915
SMMR,23.55,23.55,23.62,2587500.0,2550000.0,0,0,0,0,0,0,0,0,0,0,0,0,0,0,0,0,164,2026-02-04 19:47:51.390915
ATMN,26.46,26.5,26.71,2203700.0,2217300.0,0,0,0,0,0,0,0,0,0,0,0,0,0,0,0,0,164,2026-02-04 19:47:51.390915
WNTR,26.14,26.14,26.16,2280500.0,2209900.0,0,0,0,0,0,0,0,0,0,0,0,0,0,0,0,0,164,2026-02-04 19:47:51.390915
SPNG,24.55,24.28,24.55,2320700.0,2093000.0,0,0,0,0,0,0,0,0,0,0,0,0,0,0,0,0,165,2026-02-04 19:47:52.438059
SMMR,23.47,23.61,23.62,2297600.0,2554500.0,0,0,0,0,0,0,0,0,0,0,0,0,0,0,0,0,165,2026-02-04 19:47:52.438059
ATMN,26.46,26.5,26.52,2203700.0,2246800.0,0,0,0,0,0,0,0,0,0,0,0,0,0,0,0,0,165,2026-02-04 19:47:52.438059
WNTR,26.02,26.02,26.18,2267800.0,2177200.0,0,0,0,0,0,0,0,0,0,0,0,0,0,0,0,0,165,2026-02-04 19:47:52.438059
SPNG,24.28,24.28,24.55,2320700.0,2093000.0,0,0,0,0,0,0,0,0,0,0,0,0,0,0,0,0,166,2026-02-04 19:47:53.481259
SMMR,23.47,23.47,23.62,2177400.0,2521700.0,0,0,0,0,0,0,0,0,0,0,0,0,0,0,0,0,166,2026-02-04 19:47:53.481259
ATMN,26.46,26.5,26.52,2196900.0,2248600.0,0,0,0,0,0,0,0,0,0,0,0,0,0,0,0,0,166,2026-02-04 19:47:53.481259
WNTR,26.07,26.09,26.18,2297400.0,2159100.0,0,0,0,0,0,0,0,0,0,0,0,0,0,0,0,0,166,2026-02-04 19:47:53.481259
SPNG,24.11,24.11,24.25,2331500.0,2052000.0,0,0,0,0,0,0,0,0,0,0,0,0,0,0,0,0,167,2026-02-04 19:47:54.529234
SMMR,23.47,23.47,23.62,2054900.0,2518700.0,0,0,0,0,0,0,0,0,0,0,0,0,0,0,0,0,167,2026-02-04 19:47:54.529234
ATMN,26.43,26.43,26.52,2199900.0,2248600.0,0,0,0,0,0,0,0,0,0,0,0,0,0,0,0,0,167,2026-02-04 19:47:54.529234
WNTR,26.27,26.09,26.27,2297400.0,2157500.0,0,0,0,0,0,0,0,0,0,0,0,0,0,0,0,0,167,2026-02-04 19:47:54.529234
SPNG,23.98,23.98,24.55,2315200.0,2068400.0,0,0,0,0,0,0,0,0,0,0,0,0,0,0,0,0,168,2026-02-04 19:47:55.576801
SMMR,23.7,23.5,23.6,2187000.0,2521300.0,0,0,0,0,0,0,0,0,0,0,0,0,0,0,0,0,168,2026-02-04 19:47:55.576801
ATMN,26.24,26.24,26.52,2200900.0,2248600.0,0,0,0,0,0,0,0,0,0,0,0,0,0,0,0,0,168,2026-02-04 19:47:55.576801
WNTR,26.27,26.14,26.27,2292200.0,2149800.0,0,0,0,0,0,0,0,0,0,0,0,0,0,0,0,0,168,2026-02-04 19:47:55.576801
SPNG,23.98,24.38,24.55,2293500.0,2051700.0,0,0,0,0,0,0,0,0,0,0,0,0,0,0,0,0,169,2026-02-04 19:47:56.623092
SMMR,23.5,23.5,23.6,2337900.0,2530200.0,0,0,0,0,0,0,0,0,0,0,0,0,0,0,0,0,169,2026-02-04 19:47:56.623092
ATMN,26.63,26.24,26.59,2200900.0,2230600.0,0,0,0,0,0,0,0,0,0,0,0,0,0,0,0,0,169,2026-02-04 19:47:56.623092
WNTR,26.14,26.1,26.11,2286000.0,2175700.0,0,0,0,0,0,0,0,0,0,0,0,0,0,0,0,0,169,2026-02-04 19:47:56.623092
SPNG,24.38,23.98,24.31,2278800.0,2025200.0,0,0,0,0,0,0,0,0,0,0,0,0,0,0,0,0,170,2026-02-04 19:47:57.702146
SMMR,23.44,23.44,23.62,2360700.0,2542200.0,0,0,0,0,0,0,0,0,0,0,0,0,0,0,0,0,170,2026-02-04 19:47:57.702146
ATMN,26.22,26.27,26.59,2202800.0,2203400.0,0,0,0,0,0,0,0,0,0,0,0,0,0,0,0,0,170,2026-02-04 19:47:57.702146
WNTR,26.11,26.17,26.21,2280400.0,2151600.0,0,0,0,0,0,0,0,0,0,0,0,0,0,0,0,0,170,2026-02-04 19:47:57.702146
SPNG,24.5,24.49,24.5,2253900.0,2016800.0,0,0,0,0,0,0,0,0,0,0,0,0,0,0,0,0,171,2026-02-04 19:47:58.792133
SMMR,23.42,23.53,23.71,2258900.0,2524500.0,0,0,0,0,0,0,0,0,0,0,0,0,0,0,0,0,171,2026-02-04 19:47:58.792133
ATMN,26.22,26.22,26.64,2214400.0,2233300.0,0,0,0,0,0,0,0,0,0,0,0,0,0,0,0,0,171,2026-02-04 19:47:58.792133
WNTR,26.21,26.22,26.27,2273100.0,2163300.0,0,0,0,0,0,0,0,0,0,0,0,0,0,0,0,0,171,2026-02-04 19:47:58.792133
SPNG,23.98,24.26,24.5,2247500.0,2016800.0,0,0,0,0,0,0,0,0,0,0,0,0,0,0,0,0,172,2026-02-04 19:47:59.834631
SMMR,23.75,23.54,23.55,2400600.0,2534000.0,0,0,0,0,0,0,0,0,0,0,0,0,0,0,0,0,172,2026-02-04 19:47:59.834631
ATMN,26.24,26.58,26.64,2177900.0,2233300.0,0,0,0,0,0,0,0,0,0,0,0,0,0,0,0,0,172,2026-02-04 19:47:59.834631
WNTR,26.21,26.22,26.27,2242700.0,2163300.0,0,0,0,0,0,0,0,0,0,0,0,0,0,0,0,0,172,2026-02-04 19:47:59.834631
SPNG,23.98,24.26,24.29,2221800.0,2044100.0,0,0,0,0,0,0,0,0,0,0,0,0,0,0,0,0,173,2026-02-04 19:48:00.901353
SMMR,23.75,23.7,23.74,2515000.0,2539400.0,0,0,0,0,0,0,0,0,0,0,0,0,0,0,0,0,173,2026-02-04 19:48:00.901353
ATMN,26.64,26.22,26.64,2214400.0,2233300.0,0,0,0,0,0,0,0,0,0,0,0,0,0,0,0,0,173,2026-02-04 19:48:00.901353
WNTR,26.22,26.17,26.19,2263200.0,2150900.0,0,0,0,0,0,0,0,0,0,0,0,0,0,0,0,0,173,2026-02-04 19:48:00.901353
SPNG,23.98,24.26,24.29,2221800.0,2086800.0,0,0,0,0,0,0,0,0,0,0,0,0,0,0,0,0,174,2026-02-04 19:48:01.454586
SMMR,23.7,23.58,23.65,2543900.0,2552900.0,0,0,0,0,0,0,0,0,0,0,0,0,0,0,0,0,174,2026-02-04 19:48:01.454586
ATMN,26.21,26.25,26.64,2236300.0,2233300.0,0,0,0,0,0,0,0,0,0,0,0,0,0,0,0,0,174,2026-02-04 19:48:01.454586
WNTR,26.11,26.11,26.27,2273900.0,2163300.0,0,0,0,0,0,0,0,0,0,0,0,0,0,0,0,0,174,2026-02-04 19:48:01.454586
SPNG,24.5,24.26,24.5,2200900.0,2066000.0,0,0,0,0,0,0,0,0,0,0,0,0,0,0,0,0,175,2026-02-04 19:48:02.495122
SMMR,23.65,23.71,23.74,2673100.0,2539400.0,0,0,0,0,0,0,0,0,0,0,0,0,0,0,0,0,175,2026-02-04 19:48:02.495122
ATMN,26.33,26.53,26.64,2205400.0,2233300.0,0,0,0,0,0,0,0,0,0,0,0,0,0,0,0,0,175,2026-02-04 19:48:02.495122
WNTR,26.28,26.2,26.28,2270000.0,2135200.0,0,0,0,0,0,0,0,0,0,0,0,0,0,0,0,0,175,2026-02-04 19:48:02.495122
SPNG,24.14,24.14,24.4,2228800.0,2107300.0,0,0,0,0,0,0,0,0,0,0,0,0,0,0,0,0,176,2026-02-04 19:48:03.541212
SMMR,23.71,23.71,23.74,2673100.0,2539400.0,0,0,0,0,0,0,0,0,0,0,0,0,0,0,0,0,176,2026-02-04 19:48:03.541212
ATMN,26.6,26.53,26.6,2205400.0,2233200.0,0,0,0,0,0,0,0,0,0,0,0,0,0,0,0,0,176,2026-02-04 19:48:03.541212
WNTR,26.28,26.2,26.23,2270000.0,2150800.0,0,0,0,0,0,0,0,0,0,0,0,0,0,0,0,0,176,2026-02-04 19:48:03.541212
SPNG,24.52,24.12,24.52,2253500.0,2071700.0,0,0,0,0,0,0,0,0,0,0,0,0,0,0,0,0,177,2026-02-04 19:48:04.580456
SMMR,23.71,23.58,23.63,2647000.0,2567000.0,0,0,0,0,0,0,0,0,0,0,0,0,0,0,0,0,177,2026-02-04 19:48:04.580456
ATMN,26.34,26.29,26.34,2238800.0,2237800.0,0,0,0,0,0,0,0,0,0,0,0,0,0,0,0,0,177,2026-02-04 19:48:04.580456
WNTR,26.28,26.2,26.28,2244400.0,2134800.0,0,0,0,0,0,0,0,0,0,0,0,0,0,0,0,0,177,2026-02-04 19:48:04.580456
SPNG,24.11,24.11,24.55,2279200.0,2041000.0,0,0,0,0,0,0,0,0,0,0,0,0,0,0,0,0,178,2026-02-04 19:48:05.666556
SMMR,23.71,23.58,23.63,2653700.0,2554400.0,0,0,0,0,0,0,0,0,0,0,0,0,0,0,0,0,178,2026-02-04 19:48:05.666556
ATMN,26.49,26.29,26.44,2238800.0,2264000.0,0,0,0,0,0,0,0,0,0,0,0,0,0,0,0,0,178,2026-02-04 19:48:05.666556
WNTR,26.2,26.11,26.18,2261500.0,2137000.0,0,0,0,0,0,0,0,0,0,0,0,0,0,0,0,0,178,2026-02-04 19:48:05.666556
SPNG,23.98,23.98,24.55,2230200.0,2041000.0,0,0,0,0,0,0,0,0,0,0,0,0,0,0,0,0,179,2026-02-04 19:48:06.701507
SMMR,23.54,23.54,23.57,2638600.0,2515900.0,0,0,0,0,0,0,0,0,0,0,0,0,0,0,0,0,179,2026-02-04 19:48:06.701507
ATMN,26.35,26.35,26.44,2265800.0,2264000.0,0,0,0,0,0,0,0,0,0,0,0,0,0,0,0,0,179,2026-02-04 19:48:06.701507
WNTR,26.2,26.17,26.18,2190500.0,2137000.0,0,0,0,0,0,0,0,0,0,0,0,0,0,0,0,0,179,2026-02-04 19:48:06.701507
SPNG,26.69,25.11,26.64,718600.0,749300.0,0,0,0,0,0,0,0,0,0,0,0,0,0,0,0,0,180,2026-02-04 19:48:07.737756
SMMR,25.32,25.32,25.38,861100.0,665200.0,0,0,0,0,0,0,0,0,0,0,0,0,0,0,0,0,180,2026-02-04 19:48:07.737756
ATMN,26.29,25.67,26.02,948600.0,865800.0,0,0,0,0,0,0,0,0,0,0,0,0,0,0,0,0,180,2026-02-04 19:48:07.737756
WNTR,26.1,24.54,24.8,1059500.0,907800.0,0,0,0,0,0,0,0,0,0,0,0,0,0,0,0,0,180,2026-02-04 19:48:07.737756
SPNG,26.69,25.11,25.36,827600.0,1075300.0,0,0,0,0,0,0,0,0,0,0,0,0,0,0,0,0,181,2026-02-04 19:48:08.770115
SMMR,25.32,24.42,24.69,1135000.0,897200.0,0,0,0,0,0,0,0,0,0,0,0,0,0,0,0,0,181,2026-02-04 19:48:08.770115
ATMN,25.67,25.67,25.7,1061700.0,983000.0,0,0,0,0,0,0,0,0,0,0,0,0,0,0,0,0,181,2026-02-04 19:48:08.770115
WNTR,24.44,24.44,24.55,1061400.0,1263800.0,0,0,0,0,0,0,0,0,0,0,0,0,0,0,0,0,181,2026-02-04 19:48:08.770115
SPNG,24.71,24.71,24.87,852200.0,1379100.0,0,0,0,0,0,0,0,0,0,0,0,0,0,0,0,0,182,2026-02-04 19:48:09.803956
SMMR,24.69,24.73,25.0,1471800.0,884500.0,0,0,0,0,0,0,0,0,0,0,0,0,0,0,0,0,182,2026-02-04 19:48:09.803956
ATMN,25.7,25.67,25.7,1167900.0,1228200.0,0,0,0,0,0,0,0,0,0,0,0,0,0,0,0,0,182,2026-02-04 19:48:09.803956
WNTR,24.44,24.44,24.49,1169900.0,1524900.0,0,0,0,0,0,0,0,0,0,0,0,0,0,0,0,0,182,2026-02-04 19:48:09.803956
SPNG,24.71,24.71,24.87,877700.0,1466800.0,0,0,0,0,0,0,0,0,0,0,0,0,0,0,0,0,183,2026-02-04 19:48:10.842856
SMMR,25.14,25.18,25.32,1721000.0,880200.0,0,0,0,0,0,0,0,0,0,0,0,0,0,0,0,0,183,2026-02-04 19:48:10.842856
ATMN,25.76,25.67,25.76,1526100.0,1111000.0,0,0,0,0,0,0,0,0,0,0,0,0,0,0,0,0,183,2026-02-04 19:48:10.842856
WNTR,24.44,24.44,24.48,1284200.0,1743500.0,0,0,0,0,0,0,0,0,0,0,0,0,0,0,0,0,183,2026-02-04 19:48:10.842856
SPNG,24.1,24.36,24.6,997800.0,1560700.0,0,0,0,0,0,0,0,0,0,0,0,0,0,0,0,0,184,2026-02-04 19:48:11.877552
SMMR,25.14,25.24,25.32,2059900.0,880200.0,0,0,0,0,0,0,0,0,0,0,0,0,0,0,0,0,184,2026-02-04 19:48:11.877552
ATMN,25.88,25.88,26.02,1652200.0,1215900.0,0,0,0,0,0,0,0,0,0,0,0,0,0,0,0,0,184,2026-02-04 19:48:11.877552
WNTR,24.44,24.44,24.48,1389500.0,1868500.0,0,0,0,0,0,0,0,0,0,0,0,0,0,0,0,0,184,2026-02-04 19:48:11.877552
SPNG,24.87,24.39,24.87,1204800.0,1466800.0,0,0,0,0,0,0,0,0,0,0,0,0,0,0,0,0,185,2026-02-04 19:48:12.911501
SMMR,25.32,25.34,25.35,2281600.0,973900.0,0,0,0,0,0,0,0,0,0,0,0,0,0,0,0,0,185,2026-02-04 19:48:12.911501
ATMN,25.53,25.53,26.02,1231900.0,1215900.0,0,0,0,0,0,0,0,0,0,0,0,0,0,0,0,0,185,2026-02-04 19:48:12.911501
WNTR,24.41,24.41,24.48,1310200.0,1868500.0,0,0,0,0,0,0,0,0,0,0,0,0,0,0,0,0,185,2026-02-04 19:48:12.911501
SPNG,24.36,24.36,24.87,1090100.0,1556300.0,0,0,0,0,0,0,0,0,0,0,0,0,0,0,0,0,186,2026-02-04 19:48:13.453591
SMMR,25.38,25.34,25.38,2281600.0,871200.0,0,0,0,0,0,0,0,0,0,0,0,0,0,0,0,0,186,2026-02-04 19:48:13.453591
ATMN,25.53,25.83,25.85,1357200.0,1430900.0,0,0,0,0,0,0,0,0,0,0,0,0,0,0,0,0,186,2026-02-04 19:48:13.453591
WNTR,24.48,24.41,24.42,1310200.0,1874700.0,0,0,0,0,0,0,0,0,0,0,0,0,0,0,0,0,186,2026-02-04 19:48:13.453591
SPNG,24.36,24.36,24.87,1090100.0,1644200.0,0,0,0,0,0,0,0,0,0,0,0,0,0,0,0,0,187,2026-02-04 19:48:14.490082
SMMR,25.38,25.34,25.38,2379500.0,1090000.0,0,0,0,0,0,0,0,0,0,0,0,0,0,0,0,0,187,2026-02-04 19:48:14.490082
ATMN,25.83,25.53,25.57,1231900.0,1660000.0,0,0,0,0,0,0,0,0,0,0,0,0,0,0,0,0,187,2026-02-04 19:48:14.490082
WNTR,24.42,24.17,24.42,1086400.0,1874700.0,0,0,0,0,0,0,0,0,0,0,0,0,0,0,0,0,187,2026-02-04 19:48:14.490082
SPNG,24.72,24.36,24.69,1090100.0,1761700.0,0,0,0,0,0,0,0,0,0,0,0,0,0,0,0,0,188,2026-02-04 19:48:15.529143
SMMR,25.24,25.24,25.38,2145700.0,1090000.0,0,0,0,0,0,0,0,0,0,0,0,0,0,0,0,0,188,2026-02-04 19:48:15.529143
ATMN,25.57,25.53,25.57,1457900.0,1763100.0,0,0,0,0,0,0,0,0,0,0,0,0,0,0,0,0,188,2026-02-04 19:48:15.529143
WNTR,24.17,24.17,24.49,1086400.0,1757400.0,0,0,0,0,0,0,0,0,0,0,0,0,0,0,0,0,188,2026-02-04 19:48:15.529143
SPNG,24.72,24.36,24.69,1425200.0,1761700.0,0,0,0,0,0,0,0,0,0,0,0,0,0,0,0,0,189,2026-02-04 19:48:16.563061
SMMR,25.28,25.24,25.28,2145700.0,1187600.0,0,0,0,0,0,0,0,0,0,0,0,0,0,0,0,0,189,2026-02-04 19:48:16.563061
ATMN,25.57,25.73,25.85,1755700.0,1643600.0,0,0,0,0,0,0,0,0,0,0,0,0,0,0,0,0,189,2026-02-04 19:48:16.563061
WNTR,24.05,24.12,24.34,1219100.0,1883300.0,0,0,0,0,0,0,0,0,0,0,0,0,0,0,0,0,189,2026-02-04 19:48:16.563061
SPNG,24.69,24.37,24.69,1408000.0,1761700.0,0,0,0,0,0,0,0,0,0,0,0,0,0,0,0,0,190,2026-02-04 19:48:17.618736
SMMR,25.28,25.35,25.38,2344200.0,1090000.0,0,0,0,0,0,0,0,0,0,0,0,0,0,0,0,0,190,2026-02-04 19:48:17.618736
ATMN,25.86,25.53,25.86,1668200.0,1738900.0,0,0,0,0,0,0,0,0,0,0,0,0,0,0,0,0,190,2026-02-04 19:48:17.618736
WNTR,24.34,24.38,24.49,1583000.0,1757400.0,0,0,0,0,0,0,0,0,0,0,0,0,0,0,0,0,190,2026-02-04 19:48:17.618736
SPNG,24.19,24.19,24.87,1228800.0,1734600.0,0,0,0,0,0,0,0,0,0,0,0,0,0,0,0,0,191,2026-02-04 19:48:18.660556
SMMR,25.26,25.26,25.38,2415900.0,1221100.0,0,0,0,0,0,0,0,0,0,0,0,0,0,0,0,0,191,2026-02-04 19:48:18.660556
ATMN,25.86,25.53,25.57,1929000.0,1848400.0,0,0,0,0,0,0,0,0,0,0,0,0,0,0,0,0,191,2026-02-04 19:48:18.660556
WNTR,24.38,24.3,24.38,1554200.0,1981100.0,0,0,0,0,0,0,0,0,0,0,0,0,0,0,0,0,191,2026-02-04 19:48:18.660556
SPNG,24.9,24.65,24.9,1315600.0,1616900.0,0,0,0,0,0,0,0,0,0,0,0,0,0,0,0,0,192,2026-02-04 19:48:19.700312
SMMR,25.26,25.26,25.34,2415900.0,1478300.0,0,0,0,0,0,0,0,0,0,0,0,0,0,0,0,0,192,2026-02-04 19:48:19.700312
ATMN,25.57,25.53,25.57,2405100.0,1848400.0,0,0,0,0,0,0,0,0,0,0,0,0,0,0,0,0,192,2026-02-04 19:48:19.700312
WNTR,24.46,24.3,24.41,1695900.0,2093600.0,0,0,0,0,0,0,0,0,0,0,0,0,0,0,0,0,192,2026-02-04 19:48:19.700312
SPNG,24.65,24.3,24.37,1555900.0,1713500.0,0,0,0,0,0,0,0,0,0,0,0,0,0,0,0,0,193,2026-02-04 19:48:20.760656
SMMR,25.24,25.24,25.35,2413500.0,1355100.0,0,0,0,0,0,0,0,0,0,0,0,0,0,0,0,0,193,2026-02-04 19:48:20.760656
ATMN,25.93,25.76,25.87,2375100.0,1766700.0,0,0,0,0,0,0,0,0,0,0,0,0,0,0,0,0,193,2026-02-04 19:48:20.760656
WNTR,24.46,24.3,24.41,1952800.0,2224600.0,0,0,0,0,0,0,0,0,0,0,0,0,0,0,0,0,193,2026-02-04 19:48:20.760656
SPNG,24.65,24.3,24.37,1867900.0,1713500.0,0,0,0,0,0,0,0,0,0,0,0,0,0,0,0,0,194,2026-02-04 19:48:21.815307
SMMR,25.23,25.23,25.35,2402400.0,1355100.0,0,0,0,0,0,0,0,0,0,0,0,0,0,0,0,0,194,2026-02-04 19:48:21.815307
ATMN,25.76,25.53,25.64,2405100.0,2098400.0,0,0,0,0,0,0,0,0,0,0,0,0,0,0,0,0,194,2026-02-04 19:48:21.815307
WNTR,24.46,24.3,24.37,2298400.0,2329300.0,0,0,0,0,0,0,0,0,0,0,0,0,0,0,0,0,194,2026-02-04 19:48:21.815307
SPNG,25.02,24.3,25.02,1867900.0,1712600.0,0,0,0,0,0,0,0,0,0,0,0,0,0,0,0,0,195,2026-02-04 19:48:22.859278
SMMR,25.23,25.23,25.35,2447400.0,1471900.0,0,0,0,0,0,0,0,0,0,0,0,0,0,0,0,0,195,2026-02-04 19:48:22.859278
ATMN,25.76,25.53,25.64,2308400.0,2098400.0,0,0,0,0,0,0,0,0,0,0,0,0,0,0,0,0,195,2026-02-04 19:48:22.859278
WNTR,24.37,24.4,24.41,2535600.0,2326200.0,0,0,0,0,0,0,0,0,0,0,0,0,0,0,0,0,195,2026-02-04 19:48:22.859278
SPNG,25.02,24.3,24.44,1992300.0,1909800.0,0,0,0,0,0,0,0,0,0,0,0,0,0,0,0,0,196,2026-02-04 19:48:23.894773
SMMR,25.29,25.23,25.29,2447400.0,1331500.0,0,0,0,0,0,0,0,0,0,0,0,0,0,0,0,0,196,2026-02-04 19:48:23.894773
ATMN,25.76,25.53,25.76,2308400.0,2186200.0,0,0,0,0,0,0,0,0,0,0,0,0,0,0,0,0,196,2026-02-04 19:48:23.894773
WNTR,24.42,24.3,24.33,2553900.0,2301900.0,0,0,0,0,0,0,0,0,0,0,0,0,0,0,0,0,196,2026-02-04 19:48:23.894773
SPNG,24.44,24.45,24.67,2200700.0,1940100.0,0,0,0,0,0,0,0,0,0,0,0,0,0,0,0,0,197,2026-02-04 19:48:24.926460
SMMR,25.2,25.28,25.29,2455900.0,1331500.0,0,0,0,0,0,0,0,0,0,0,0,0,0,0,0,0,197,2026-02-04 19:48:24.926460
ATMN,25.51,25.51,25.76,2284000.0,2187300.0,0,0,0,0,0,0,0,0,0,0,0,0,0,0,0,0,197,2026-02-04 19:48:24.926460
WNTR,24.42,24.3,24.42,2526900.0,2295200.0,0,0,0,0,0,0,0,0,0,0,0,0,0,0,0,0,197,2026-02-04 19:48:24.926460
SPNG,24.44,24.6,24.67,2136300.0,1960500.0,0,0,0,0,0,0,0,0,0,0,0,0,0,0,0,0,198,2026-02-04 19:48:25.956958
SMMR,25.49,25.28,25.49,2455900.0,1183500.0,0,0,0,0,0,0,0,0,0,0,0,0,0,0,0,0,198,2026-02-04 19:48:25.956958
ATMN,25.87,25.5,25.87,2257800.0,1969200.0,0,0,0,0,0,0,0,0,0,0,0,0,0,0,0,0,198,2026-02-04 19:48:25.956958
WNTR,24.46,24.3,24.41,2533700.0,2303600.0,0,0,0,0,0,0,0,0,0,0,0,0,0,0,0,0,198,2026-02-04 19:48:25.956958
SPNG,24.45,24.45,24.67,2200700.0,1960500.0,0,0,0,0,0,0,0,0,0,0,0,0,0,0,0,0,199,2026-02-04 19:48:26.992659
SMMR,25.49,25.28,25.29,2389700.0,1295300.0,0,0,0,0,0,0,0,0,0,0,0,0,0,0,0,0,199,2026-02-04 19:48:26.992659
ATMN,25.44,25.45,25.87,2294800.0,1969200.0,0,0,0,0,0,0,0,0,0,0,0,0,0,0,0,0,199,2026-02-04 19:48:26.992659
WNTR,24.46,24.3,24.41,2443200.0,2303600.0,0,0,0,0,0,0,0,0,0,0,0,0,0,0,0,0,199,2026-02-04 19:48:26.992659
SPNG,24.45,24.35,24.42,2214600.0,1982900.0,0,0,0,0,0,0,0,0,0,0,0,0,0,0,0,0,200,2026-02-04 19:48:28.030500
SMMR,25.49,25.28,25.49,2410000.0,1183500.0,0,0,0,0,0,0,0,0,0,0,0,0,0,0,0,0,200,2026-02-04 19:48:28.030500
ATMN,25.44,25.76,25.82,2212800.0,2169800.0,0,0,0,0,0,0,0,0,0,0,0,0,0,0,0,0,200,2026-02-04 19:48:28.030500
WNTR,24.46,24.4,24.41,2434900.0,2340500.0,0,0,0,0,0,0,0,0,0,0,0,0,0,0,0,0,200,2026-02-04 19:48:28.030500
SPNG,24.67,24.35,24.67,2214600.0,1933100.0,0,0,0,0,0,0,0,0,0,0,0,0,0,0,0,0,201,2026-02-04 19:48:28.577036
SMMR,25.49,25.28,25.49,2410000.0,1402600.0,0,0,0,0,0,0,0,0,0,0,0,0,0,0,0,0,201,2026-02-04 19:48:28.577036
ATMN,25.44,25.76,25.82,2212800.0,2147700.0,0,0,0,0,0,0,0,0,0,0,0,0,0,0,0,0,201,2026-02-04 19:48:28.577036
WNTR,24.42,24.4,24.42,2399700.0,2319200.0,0,0,0,0,0,0,0,0,0,0,0,0,0,0,0,0,201,2026-02-04 19:48:28.577036
SPNG,24.95,24.35,24.95,2209300.0,1930800.0,0,0,0,0,0,0,0,0,0,0,0,0,0,0,0,0,202,2026-02-04 19:48:29.614311
SMMR,25.49,25.32,25.49,2392400.0,1530500.0,0,0,0,0,0,0,0,0,0,0,0,0,0,0,0,0,202,2026-02-04 19:48:29.614311
ATMN,25.76,25.45,25.49,2263900.0,2190400.0,0,0,0,0,0,0,0,0,0,0,0,0,0,0,0,0,202,2026-02-04 19:48:29.614311
WNTR,24.48,24.4,24.48,2416500.0,2313800.0,0,0,0,0,0,0,0,0,0,0,0,0,0,0,0,0,202,2026-02-04 19:48:29.614311
SPNG,24.3,24.3,24.82,2243400.0,1954800.0,0,0,0,0,0,0,0,0,0,0,0,0,0,0,0,0,203,2026-02-04 19:48:30.652993
SMMR,25.36,25.36,25.49,2333200.0,1530500.0,0,0,0,0,0,0,0,0,0,0,0,0,0,0,0,0,203,2026-02-04 19:48:30.652993
ATMN,25.82,25.45,25.55,2263900.0,2187400.0,0,0,0,0,0,0,0,0,0,0,0,0,0,0,0,0,203,2026-02-04 19:48:30.652993
WNTR,24.3,24.3,24.48,2419200.0,2313800.0,0,0,0,0,0,0,0,0,0,0,0,0,0,0,0,0,203,2026-02-04 19:48:30.652993
SPNG,24.3,24.3,24.82,2243400.0,1954800.0,0,0,0,0,0,0,0,0,0,0,0,0,0,0,0,0,204,2026-02-04 19:48:31.693023
SMMR,25.52,25.36,25.52,2311100.0,1504700.0,0,0,0,0,0,0,0,0,0,0,0,0,0,0,0,0,204,2026-02-04 19:48:31.693023
ATMN,25.55,25.8,25.82,2201400.0,2174700.0,0,0,0,0,0,0,0,0,0,0,0,0,0,0,0,0,204,2026-02-04 19:48:31.693023
WNTR,24.49,24.3,24.33,2383300.0,2293700.0,0,0,0,0,0,0,0,0,0,0,0,0,0,0,0,0,204,2026-02-04 19:48:31.693023
SPNG,24.93,24.3,24.44,2243400.0,1999400.0,0,0,0,0,0,0,0,0,0,0,0,0,0,0,0,0,205,2026-02-04 19:48:32.734123
SMMR,25.28,25.28,25.34,2366000.0,1613200.0,0,0,0,0,0,0,0,0,0,0,0,0,0,0,0,0,205,2026-02-04 19:48:32.734123
ATMN,25.55,25.8,25.82,2201400.0,2208900.0,0,0,0,0,0,0,0,0,0,0,0,0,0,0,0,0,205,2026-02-04 19:48:32.734123
WNTR,24.33,24.48,24.49,2370100.0,2297100.0,0,0,0,0,0,0,0,0,0,0,0,0,0,0,0,0,205,2026-02-04 19:48:32.734123
SPNG,24.44,24.32,24.44,2213100.0,1999400.0,0,0,0,0,0,0,0,0,0,0,0,0,0,0,0,0,206,2026-02-04 19:48:33.798703
SMMR,25.34,25.5,25.52,2345200.0,1699100.0,0,0,0,0,0,0,0,0,0,0,0,0,0,0,0,0,206,2026-02-04 19:48:33.798703
ATMN,25.82,25.45,25.82,2206500.0,2205900.0,0,0,0,0,0,0,0,0,0,0,0,0,0,0,0,0,206,2026-02-04 19:48:33.798703
WNTR,24.48,24.48,24.49,2399800.0,2333100.0,0,0,0,0,0,0,0,0,0,0,0,0,0,0,0,0,206,2026-02-04 19:48:33.798703
SPNG,24.95,24.32,24.65,2213100.0,1985300.0,0,0,0,0,0,0,0,0,0,0,0,0,0,0,0,0,207,2026-02-04 19:48:34.842430
SMMR,25.28,25.37,25.52,2332400.0,1699100.0,0,0,0,0,0,0,0,0,0,0,0,0,0,0,0,0,207,2026-02-04 19:48:34.842430
ATMN,25.82,25.45,25.66,2206500.0,2240700.0,0,0,0,0,0,0,0,0,0,0,0,0,0,0,0,0,207,2026-02-04 19:48:34.842430
WNTR,24.48,24.48,24.49,2399800.0,2359200.0,0,0,0,0,0,0,0,0,0,0,0,0,0,0,0,0,207,2026-02-04 19:48:34.842430
SPNG,24.23,24.23,24.82,2235900.0,1967900.0,0,0,0,0,0,0,0,0,0,0,0,0,0,0,0,0,208,2026-02-04 19:48:35.895710
SMMR,25.37,25.42,25.52,2311300.0,1699100.0,0,0,0,0,0,0,0,0,0,0,0,0,0,0,0,0,208,2026-02-04 19:48:35.895710
ATMN,25.64,25.64,25.66,2190400.0,2240700.0,0,0,0,0,0,0,0,0,0,0,0,0,0,0,0,0,208,2026-02-04 19:48:35.895710
WNTR,24.49,24.42,24.49,2370500.0,2322700.0,0,0,0,0,0,0,0,0,0,0,0,0,0,0,0,0,208,2026-02-04 19:48:35.895710
SPNG,24.82,24.23,24.82,2203500.0,1966500.0,0,0,0,0,0,0,0,0,0,0,0,0,0,0,0,0,209,2026-02-04 19:48:36.935645
SMMR,25.42,25.37,25.4,2319500.0,1865500.0,0,0,0,0,0,0,0,0,0,0,0,0,0,0,0,0,209,2026-02-04 19:48:36.935645
ATMN,25.64,25.64,25.66,2174000.0,2255700.0,0,0,0,0,0,0,0,0,0,0,0,0,0,0,0,0,209,2026-02-04 19:48:36.935645
WNTR,24.52,24.42,24.52,2391400.0,2168900.0,0,0,0,0,0,0,0,0,0,0,0,0,0,0,0,0,209,2026-02-04 19:48:36.935645
SPNG,24.48,24.62,24.82,2202900.0,2011000.0,0,0,0,0,0,0,0,0,0,0,0,0,0,0,0,0,210,2026-02-04 19:48:37.980973
SMMR,25.43,25.43,25.49,2330000.0,1842600.0,0,0,0,0,0,0,0,0,0,0,0,0,0,0,0,0,210,2026-02-04 19:48:37.980973
ATMN,25.57,25.45,25.46,2154200.0,2252200.0,0,0,0,0,0,0,0,0,0,0,0,0,0,0,0,0,210,2026-02-04 19:48:37.980973
WNTR,24.52,24.46,24.47,2342800.0,2297900.0,0,0,0,0,0,0,0,0,0,0,0,0,0,0,0,0,210,2026-02-04 19:48:37.980973
SPNG,24.62,24.27,24.33,2195900.0,2018000.0,0,0,0,0,0,0,0,0,0,0,0,0,0,0,0,0,211,2026-02-04 19:48:39.022186
SMMR,25.49,25.36,25.49,2322300.0,1959500.0,0,0,0,0,0,0,0,0,0,0,0,0,0,0,0,0,211,2026-02-04 19:48:39.022186
ATMN,25.45,25.45,25.66,2132800.0,2255700.0,0,0,0,0,0,0,0,0,0,0,0,0,0,0,0,0,211,2026-02-04 19:48:39.022186
WNTR,24.55,24.46,24.55,2342800.0,1959400.0,0,0,0,0,0,0,0,0,0,0,0,0,0,0,0,0,211,2026-02-04 19:48:39.022186
SPNG,25.08,24.27,25.08,2195900.0,1990000.0,0,0,0,0,0,0,0,0,0,0,0,0,0,0,0,0,212,2026-02-04 19:48:40.081178
SMMR,25.49,25.36,25.49,2320600.0,2166800.0,0,0,0,0,0,0,0,0,0,0,0,0,0,0,0,0,212,2026-02-04 19:48:40.081178
ATMN,25.45,25.45,25.71,2172400.0,2272400.0,0,0,0,0,0,0,0,0,0,0,0,0,0,0,0,0,212,2026-02-04 19:48:40.081178
WNTR,24.55,24.51,24.55,2363100.0,1834400.0,0,0,0,0,0,0,0,0,0,0,0,0,0,0,0,0,212,2026-02-04 19:48:40.081178
SPNG,25.08,24.27,24.54,2196500.0,2002800.0,0,0,0,0,0,0,0,0,0,0,0,0,0,0,0,0,213,2026-02-04 19:48:40.631250
SMMR,25.57,25.36,25.57,2320600.0,1909900.0,0,0,0,0,0,0,0,0,0,0,0,0,0,0,0,0,213,2026-02-04 19:48:40.631250
ATMN,25.44,25.44,25.71,2187900.0,2271600.0,0,0,0,0,0,0,0,0,0,0,0,0,0,0,0,0,213,2026-02-04 19:48:40.631250
WNTR,24.59,24.51,24.59,2351900.0,1732800.0,0,0,0,0,0,0,0,0,0,0,0,0,0,0,0,0,213,2026-02-04 19:48:40.631250
SPNG,24.49,24.49,24.54,2173000.0,2001300.0,0,0,0,0,0,0,0,0,0,0,0,0,0,0,0,0,214,2026-02-04 19:48:41.690073
SMMR,25.6,25.47,25.6,2328400.0,1801200.0,0,0,0,0,0,0,0,0,0,0,0,0,0,0,0,0,214,2026-02-04 19:48:41.690073
ATMN,25.42,25.41,25.42,2206800.0,2246700.0,0,0,0,0,0,0,0,0,0,0,0,0,0,0,0,0,214,2026-02-04 19:48:41.690073
WNTR,24.62,24.57,24.62,2372400.0,1482100.0,0,0,0,0,0,0,0,0,0,0,0,0,0,0,0,0,214,2026-02-04 19:48:41.690073
SPNG,24.49,24.49,24.54,2164700.0,2001300.0,0,0,0,0,0,0,0,0,0,0,0,0,0,0,0,0,215,2026-02-04 19:48:42.730922
SMMR,25.47,25.36,25.38,2335400.0,2040900.0,0,0,0,0,0,0,0,0,0,0,0,0,0,0,0,0,215,2026-02-04 19:48:42.730922
ATMN,25.41,25.4,25.41,2207800.0,2253000.0,0,0,0,0,0,0,0,0,0,0,0,0,0,0,0,0,215,2026-02-04 19:48:42.730922
WNTR,24.51,24.51,24.62,2351900.0,1355400.0,0,0,0,0,0,0,0,0,0,0,0,0,0,0,0,0,215,2026-02-04 19:48:42.730922
SPNG,24.39,24.39,24.64,2182900.0,2017400.0,0,0,0,0,0,0,0,0,0,0,0,0,0,0,0,0,216,2026-02-04 19:48:43.772277
SMMR,25.6,25.35,25.36,2307100.0,2033300.0,0,0,0,0,0,0,0,0,0,0,0,0,0,0,0,0,216,2026-02-04 19:48:43.772277
ATMN,25.41,25.52,25.64,2154500.0,2229100.0,0,0,0,0,0,0,0,0,0,0,0,0,0,0,0,0,216,2026-02-04 19:48:43.772277
WNTR,24.75,24.51,24.69,2341200.0,1380700.0,0,0,0,0,0,0,0,0,0,0,0,0,0,0,0,0,216,2026-02-04 19:48:43.772277
SPNG,24.64,24.48,24.64,2111500.0,2017400.0,0,0,0,0,0,0,0,0,0,0,0,0,0,0,0,0,217,2026-02-04 19:48:44.821098
SMMR,25.36,25.56,25.6,2328200.0,1904800.0,0,0,0,0,0,0,0,0,0,0,0,0,0,0,0,0,217,2026-02-04 19:48:44.821098
ATMN,25.71,25.52,25.71,2161200.0,2234500.0,0,0,0,0,0,0,0,0,0,0,0,0,0,0,0,0,217,2026-02-04 19:48:44.821098
WNTR,24.8,24.51,24.8,2341200.0,1355600.0,0,0,0,0,0,0,0,0,0,0,0,0,0,0,0,0,217,2026-02-04 19:48:44.821098
SPNG,24.64,24.79,25.08,2133400.0,1990000.0,0,0,0,0,0,0,0,0,0,0,0,0,0,0,0,0,218,2026-02-04 19:48:45.861594
SMMR,25.45,25.45,25.59,2335000.0,2116700.0,0,0,0,0,0,0,0,0,0,0,0,0,0,0,0,0,218,2026-02-04 19:48:45.861594
ATMN,25.71,25.52,25.71,2173400.0,2252600.0,0,0,0,0,0,0,0,0,0,0,0,0,0,0,0,0,218,2026-02-04 19:48:45.861594
WNTR,24.51,24.51,24.8,2341200.0,1602400.0,0,0,0,0,0,0,0,0,0,0,0,0,0,0,0,0,218,2026-02-04 19:48:45.861594
SPNG,24.48,24.48,25.08,2119300.0,1989200.0,0,0,0,0,0,0,0,0,0,0,0,0,0,0,0,0,219,2026-02-04 19:48:46.896128
SMMR,25.32,25.32,25.51,2339300.0,2165900.0,0,0,0,0,0,0,0,0,0,0,0,0,0,0,0,0,219,2026-02-04 19:48:46.896128
ATMN,25.55,25.55,25.71,2180400.0,2252600.0,0,0,0,0,0,0,0,0,0,0,0,0,0,0,0,0,219,2026-02-04 19:48:46.896128
WNTR,24.51,24.53,24.8,2350400.0,1697600.0,0,0,0,0,0,0,0,0,0,0,0,0,0,0,0,0,219,2026-02-04 19:48:46.896128
SPNG,25.08,24.48,25.01,2119300.0,2003400.0,0,0,0,0,0,0,0,0,0,0,0,0,0,0,0,0,220,2026-02-04 19:48:47.949739
SMMR,25.32,25.32,25.37,2339300.0,2176400.0,0,0,0,0,0,0,0,0,0,0,0,0,0,0,0,0,220,2026-02-04 19:48:47.949739
ATMN,25.51,25.51,25.64,2158700.0,2238300.0,0,0,0,0,0,0,0,0,0,0,0,0,0,0,0,0,220,2026-02-04 19:48:47.949739
WNTR,24.51,24.51,24.64,2341200.0,1941000.0,0,0,0,0,0,0,0,0,0,0,0,0,0,0,0,0,220,2026-02-04 19:48:47.949739
SPNG,24.42,24.39,24.41,2119200.0,2013700.0,0,0,0,0,0,0,0,0,0,0,0,0,0,0,0,0,221,2026-02-04 19:48:49.003982
SMMR,25.26,25.26,25.38,2411500.0,2183100.0,0,0,0,0,0,0,0,0,0,0,0,0,0,0,0,0,221,2026-02-04 19:48:49.003982
ATMN,25.71,25.38,25.71,2175900.0,2252600.0,0,0,0,0,0,0,0,0,0,0,0,0,0,0,0,0,221,2026-02-04 19:48:49.003982
WNTR,24.64,24.52,24.64,2326200.0,2069300.0,0,0,0,0,0,0,0,0,0,0,0,0,0,0,0,0,221,2026-02-04 19:48:49.003982
SPNG,24.42,24.39,24.41,2132900.0,2013700.0,0,0,0,0,0,0,0,0,0,0,0,0,0,0,0,0,222,2026-02-04 19:48:50.094245
SMMR,25.38,25.26,25.38,2383500.0,2179400.0,0,0,0,0,0,0,0,0,0,0,0,0,0,0,0,0,222,2026-02-04 19:48:50.094245
ATMN,25.61,25.38,25.61,2175900.0,2252600.0,0,0,0,0,0,0,0,0,0,0,0,0,0,0,0,0,222,2026-02-04 19:48:50.094245
WNTR,24.64,24.66,24.8,2331300.0,1943400.0,0,0,0,0,0,0,0,0,0,0,0,0,0,0,0,0,222,2026-02-04 19:48:50.094245
SPNG,24.42,24.39,24.41,2172700.0,2013700.0,0,0,0,0,0,0,0,0,0,0,0,0,0,0,0,0,223,2026-02-04 19:48:50.642363
SMMR,25.51,25.26,25.39,2365900.0,2198200.0,0,0,0,0,0,0,0,0,0,0,0,0,0,0,0,0,223,2026-02-04 19:48:50.642363
ATMN,25.61,25.38,25.48,2207600.0,2279100.0,0,0,0,0,0,0,0,0,0,0,0,0,0,0,0,0,223,2026-02-04 19:48:50.642363
WNTR,24.64,24.66,24.8,2341500.0,2281600.0,0,0,0,0,0,0,0,0,0,0,0,0,0,0,0,0,223,2026-02-04 19:48:50.642363
SPNG,24.42,24.39,24.41,2167000.0,2013700.0,0,0,0,0,0,0,0,0,0,0,0,0,0,0,0,0,224,2026-02-04 19:48:51.752156
SMMR,25.39,25.17,25.39,2402700.0,2198200.0,0,0,0,0,0,0,0,0,0,0,0,0,0,0,0,0,224,2026-02-04 19:48:51.752156
ATMN,25.34,25.42,25.48,2218200.0,2279100.0,0,0,0,0,0,0,0,0,0,0,0,0,0,0,0,0,224,2026-02-04 19:48:51.752156
WNTR,24.51,24.62,24.8,2369500.0,2160700.0,0,0,0,0,0,0,0,0,0,0,0,0,0,0,0,0,224,2026-02-04 19:48:51.752156
SPNG,24.38,24.38,25.01,2150100.0,2003400.0,0,0,0,0,0,0,0,0,0,0,0,0,0,0,0,0,225,2026-02-04 19:48:52.795637
SMMR,25.39,25.35,25.39,2309600.0,2198200.0,0,0,0,0,0,0,0,0,0,0,0,0,0,0,0,0,225,2026-02-04 19:48:52.795637
ATMN,25.61,25.42,25.61,2200700.0,2252600.0,0,0,0,0,0,0,0,0,0,0,0,0,0,0,0,0,225,2026-02-04 19:48:52.795637
WNTR,24.74,24.74,24.79,2399600.0,2275700.0,0,0,0,0,0,0,0,0,0,0,0,0,0,0,0,0,225,2026-02-04 19:48:52.795637
SPNG,24.38,24.38,24.43,2145000.0,2021400.0,0,0,0,0,0,0,0,0,0,0,0,0,0,0,0,0,226,2026-02-04 19:48:53.839168
SMMR,25.39,25.35,25.39,2280700.0,2213700.0,0,0,0,0,0,0,0,0,0,0,0,0,0,0,0,0,226,2026-02-04 19:48:53.839168
ATMN,25.8,25.43,25.45,2193900.0,2229000.0,0,0,0,0,0,0,0,0,0,0,0,0,0,0,0,0,226,2026-02-04 19:48:53.839168
WNTR,24.74,24.62,24.67,2408800.0,2311000.0,0,0,0,0,0,0,0,0,0,0,0,0,0,0,0,0,226,2026-02-04 19:48:53.839168
SPNG,24.43,24.38,24.43,2160000.0,2021400.0,0,0,0,0,0,0,0,0,0,0,0,0,0,0,0,0,227,2026-02-04 19:48:54.880885
SMMR,25.35,25.35,25.4,2295400.0,2184200.0,0,0,0,0,0,0,0,0,0,0,0,0,0,0,0,0,227,2026-02-04 19:48:54.880885
ATMN,25.81,25.54,25.81,2213500.0,2247000.0,0,0,0,0,0,0,0,0,0,0,0,0,0,0,0,0,227,2026-02-04 19:48:54.880885
WNTR,24.62,24.62,24.67,2439100.0,2307200.0,0,0,0,0,0,0,0,0,0,0,0,0,0,0,0,0,227,2026-02-04 19:48:54.880885
SPNG,25.1,24.38,24.58,2160000.0,1971800.0,0,0,0,0,0,0,0,0,0,0,0,0,0,0,0,0,228,2026-02-04 19:48:55.929598
SMMR,25.51,25.32,25.51,2270000.0,2185500.0,0,0,0,0,0,0,0,0,0,0,0,0,0,0,0,0,228,2026-02-04 19:48:55.929598
ATMN,25.53,25.6,25.81,2215400.0,2247000.0,0,0,0,0,0,0,0,0,0,0,0,0,0,0,0,0,228,2026-02-04 19:48:55.929598
WNTR,24.62,24.62,24.64,2439100.0,2328400.0,0,0,0,0,0,0,0,0,0,0,0,0,0,0,0,0,228,2026-02-04 19:48:55.929598
SPNG,24.38,24.36,24.37,2177400.0,2016900.0,0,0,0,0,0,0,0,0,0,0,0,0,0,0,0,0,229,2026-02-04 19:48:56.978564
SMMR,25.39,25.39,25.43,2281900.0,2183100.0,0,0,0,0,0,0,0,0,0,0,0,0,0,0,0,0,229,2026-02-04 19:48:56.978564
ATMN,25.42,25.42,25.81,2212700.0,2227200.0,0,0,0,0,0,0,0,0,0,0,0,0,0,0,0,0,229,2026-02-04 19:48:56.978564
WNTR,24.67,24.5,24.67,2396200.0,2317100.0,0,0,0,0,0,0,0,0,0,0,0,0,0,0,0,0,229,2026-02-04 19:48:56.978564
SPNG,24.58,24.36,24.58,2156300.0,1971800.0,0,0,0,0,0,0,0,0,0,0,0,0,0,0,0,0,230,2026-02-04 19:48:58.035853
SMMR,25.53,25.55,25.59,2313200.0,2154600.0,0,0,0,0,0,0,0,0,0,0,0,0,0,0,0,0,230,2026-02-04 19:48:58.035853
ATMN,25.34,25.34,25.52,2201000.0,2240500.0,0,0,0,0,0,0,0,0,0,0,0,0,0,0,0,0,230,2026-02-04 19:48:58.035853
WNTR,24.72,24.66,24.7,2409100.0,2275500.0,0,0,0,0,0,0,0,0,0,0,0,0,0,0,0,0,230,2026-02-04 19:48:58.035853
SPNG,24.36,24.36,24.96,2156300.0,1974800.0,0,0,0,0,0,0,0,0,0,0,0,0,0,0,0,0,231,2026-02-04 19:48:59.079136
SMMR,25.53,25.55,25.58,2313200.0,2136600.0,0,0,0,0,0,0,0,0,0,0,0,0,0,0,0,0,231,2026-02-04 19:48:59.079136
ATMN,25.79,25.49,25.79,2206100.0,2210600.0,0,0,0,0,0,0,0,0,0,0,0,0,0,0,0,0,231,2026-02-04 19:48:59.079136
WNTR,24.79,24.71,24.79,2362400.0,2280300.0,0,0,0,0,0,0,0,0,0,0,0,0,0,0,0,0,231,2026-02-04 19:48:59.079136
SPNG,24.96,24.36,24.57,2156300.0,2001200.0,0,0,0,0,0,0,0,0,0,0,0,0,0,0,0,0,232,2026-02-04 19:49:00.124313
SMMR,25.39,25.32,25.33,2270000.0,2145500.0,0,0,0,0,0,0,0,0,0,0,0,0,0,0,0,0,232,2026-02-04 19:49:00.124313
ATMN,25.56,25.56,25.79,2203200.0,2210600.0,0,0,0,0,0,0,0,0,0,0,0,0,0,0,0,0,232,2026-02-04 19:49:00.124313
WNTR,24.66,24.5,24.54,2376100.0,2272000.0,0,0,0,0,0,0,0,0,0,0,0,0,0,0,0,0,232,2026-02-04 19:49:00.124313
SPNG,24.96,24.36,24.57,2186500.0,2001200.0,0,0,0,0,0,0,0,0,0,0,0,0,0,0,0,0,233,2026-02-04 19:49:00.734826
SMMR,25.27,25.23,25.26,2295600.0,2145800.0,0,0,0,0,0,0,0,0,0,0,0,0,0,0,0,0,233,2026-02-04 19:49:00.734826
ATMN,25.56,25.56,25.79,2183700.0,2210600.0,0,0,0,0,0,0,0,0,0,0,0,0,0,0,0,0,233,2026-02-04 19:49:00.734826
WNTR,24.54,24.68,24.8,2332400.0,2271800.0,0,0,0,0,0,0,0,0,0,0,0,0,0,0,0,0,233,2026-02-04 19:49:00.734826
SPNG,24.96,24.51,24.57,2157500.0,2001200.0,0,0,0,0,0,0,0,0,0,0,0,0,0,0,0,0,234,2026-02-04 19:49:01.837274
SMMR,25.58,25.35,25.58,2301700.0,2107700.0,0,0,0,0,0,0,0,0,0,0,0,0,0,0,0,0,234,2026-02-04 19:49:01.837274
ATMN,25.49,25.34,25.45,2152800.0,2228500.0,0,0,0,0,0,0,0,0,0,0,0,0,0,0,0,0,234,2026-02-04 19:49:01.837274
WNTR,24.66,24.75,24.8,2358400.0,2271800.0,0,0,0,0,0,0,0,0,0,0,0,0,0,0,0,0,234,2026-02-04 19:49:01.837274
SPNG,24.57,24.36,24.57,2191100.0,2001200.0,0,0,0,0,0,0,0,0,0,0,0,0,0,0,0,0,235,2026-02-04 19:49:02.945962
SMMR,25.23,25.23,25.47,2295600.0,2089700.0,0,0,0,0,0,0,0,0,0,0,0,0,0,0,0,0,235,2026-02-04 19:49:02.945962
ATMN,25.81,25.34,25.54,2160900.0,2229100.0,0,0,0,0,0,0,0,0,0,0,0,0,0,0,0,0,235,2026-02-04 19:49:02.945962
WNTR,24.8,24.75,24.8,2358400.0,2283800.0,0,0,0,0,0,0,0,0,0,0,0,0,0,0,0,0,235,2026-02-04 19:49:02.945962
SPNG,24.57,24.64,24.96,2105400.0,1996900.0,0,0,0,0,0,0,0,0,0,0,0,0,0,0,0,0,236,2026-02-04 19:49:04.053379
SMMR,25.48,25.23,25.48,2292500.0,2085400.0,0,0,0,0,0,0,0,0,0,0,0,0,0,0,0,0,236,2026-02-04 19:49:04.053379
