ticker,last_price,bid_price,ask_price,BUY_ANON,SELL_ANON,BUY_WRSW-1,BUY_UEBR-1,BUY_CHUL-1,BUY_BRCH-1,BUY_LAVL-1,SELL_CALG-1,SELL_CHUL-2,SELL_GIOT-3,SELL_CHUL-4,SELL_LAVL-1,BUY_GIOT-3,BUY_CHUL-4,SELL_UEBR-1,SELL_WRSW-1,BUY_WRSW-3,SELL_CHUL-3,SELL_WRSW-3,BUY_NAIT-4,SELL_COLA-1,BUY_CALG-1,BUY_COLA-1,SELL_BRCH-1,SELL_ZUAI-3,BUY_WRSW-4,SELL_LUIS-1,SELL_WRSW-4,SELL_NAIT-4,BUY_ZUAI-3,BUY_CHUL-3,BUY_CHUL-2,SELL_CHUL-1,BUY_LUIS-1,tick,timestamp,news_news_id,news_period,news_tick,news_ticker,news_headline,news_body
SPNG,0.0,24.87,25.05,1996700.0,1937900.0,0,0,0,0,0,0,0,0,0,0,0,0,0,0,0,0,0,0,0,0,0,0,0,0,0,0,0,0,0,0,0,0,1,2026-02-06 20:29:23.224171,2.0,1.0,1.0,,Aggregate Position Limit,Your CRO has set the aggregate position limit to 11000 shares for this week.
SMMR,25.0,24.94,25.0,1909200.0,2089500.0,0,0,0,0,0,0,0,0,0,0,0,0,0,0,0,0,0,0,0,0,0,0,0,0,0,0,0,0,0,0,0,0,1,2026-02-06 20:29:23.224171,1.0,1.0,1.0,,Welcome to the RITC 2026 Alogithmic Market Making Case - practice server,
ATMN,25.14,24.81,25.14,2155700.0,2234400.0,0,0,0,0,0,0,0,0,0,0,0,0,0,0,0,0,0,0,0,0,0,0,0,0,0,0,0,0,0,0,0,0,1,2026-02-06 20:29:23.224171,,,,,,
WNTR,24.94,24.94,25.02,2068000.0,2052400.0,0,0,0,0,0,0,0,0,0,0,0,0,0,0,0,0,0,0,0,0,0,0,0,0,0,0,0,0,0,0,0,0,1,2026-02-06 20:29:23.224171,,,,,,
SPNG,25.14,24.88,25.14,5133.0,1908400.0,1800600.0,0,0,0,0,0,0,0,0,0,0,0,0,0,0,0,0,0,0,0,0,0,0,0,0,0,0,0,0,0,0,0,2,2026-02-06 20:29:24.305838
SMMR,24.94,24.94,25.05,4570.0,1909200.0,2085700.0,0,0,0,0,0,0,0,0,0,0,0,0,0,0,0,0,0,0,0,0,0,0,0,0,0,0,0,0,0,0,0,2,2026-02-06 20:29:24.305838
ATMN,25.2,24.78,25.2,,2038600.0,2111900.0,0,0,0,0,0,0,0,0,0,0,0,0,0,0,0,0,0,0,0,0,0,0,0,0,0,0,0,0,0,0,0,2,2026-02-06 20:29:24.305838
WNTR,24.94,24.94,25.17,,1982800.0,2106600.0,0,0,0,0,0,0,0,0,0,0,0,0,0,0,0,0,0,0,0,0,0,0,0,0,0,0,0,0,0,0,0,2,2026-02-06 20:29:24.305838
SPNG,24.69,24.69,24.99,2018800.0,1896600.0,1049.0,,0,0,0,0,0,0,0,0,0,0,0,0,0,0,0,0,0,0,0,0,0,0,0,0,0,0,0,0,0,0,3,2026-02-06 20:29:25.342839
SMMR,24.94,24.97,24.99,2043700.0,1977400.0,1049.0,6668.0,0,0,0,0,0,0,0,0,0,0,0,0,0,0,0,0,0,0,0,0,0,0,0,0,0,0,0,0,0,0,3,2026-02-06 20:29:25.342839
ATMN,24.78,24.78,25.38,2038600.0,1910000.0,,,0,0,0,0,0,0,0,0,0,0,0,0,0,0,0,0,0,0,0,0,0,0,0,0,0,0,0,0,0,0,3,2026-02-06 20:29:25.342839
WNTR,24.94,24.95,24.98,2099500.0,1953700.0,1049.0,1049.0,0,0,0,0,0,0,0,0,0,0,0,0,0,0,0,0,0,0,0,0,0,0,0,0,0,0,0,0,0,0,3,2026-02-06 20:29:25.342839
SPNG,24.99,24.69,24.99,1919300.0,2059.0,1896600.0,,0,0,0,0,0,0,0,0,0,0,0,0,0,0,0,0,0,0,0,0,0,0,0,0,0,0,0,0,0,0,4,2026-02-06 20:29:26.382788
SMMR,25.05,24.96,25.05,2230400.0,,2015500.0,2059.0,0,0,0,0,0,0,0,0,0,0,0,0,0,0,0,0,0,0,0,0,0,0,0,0,0,0,0,0,0,0,4,2026-02-06 20:29:26.382788
ATMN,24.86,24.78,24.83,2038600.0,,2006600.0,,0,0,0,0,0,0,0,0,0,0,0,0,0,0,0,0,0,0,0,0,0,0,0,0,0,0,0,0,0,0,4,2026-02-06 20:29:26.382788
WNTR,24.98,24.97,24.98,2111500.0,2059.0,1953700.0,2059.0,0,0,0,0,0,0,0,0,0,0,0,0,0,0,0,0,0,0,0,0,0,0,0,0,0,0,0,0,0,0,4,2026-02-06 20:29:26.382788
SPNG,25.18,24.71,25.11,7612.0,1808400.0,1700400.0,0,0,0,0,0,0,0,0,0,0,0,0,0,0,0,0,0,0,0,0,0,0,0,0,0,0,0,0,0,0,0,5,2026-02-06 20:29:27.428375
SMMR,24.94,24.94,25.04,,2153900.0,2136900.0,0,0,0,0,0,0,0,0,0,0,0,0,0,0,0,0,0,0,0,0,0,0,0,0,0,0,0,0,0,0,0,5,2026-02-06 20:29:27.428375
ATMN,24.83,24.78,24.83,,2268400.0,2006600.0,0,0,0,0,0,0,0,0,0,0,0,0,0,0,0,0,0,0,0,0,0,0,0,0,0,0,0,0,0,0,0,5,2026-02-06 20:29:27.428375
WNTR,24.94,24.94,24.98,,2233900.0,2059700.0,0,0,0,0,0,0,0,0,0,0,0,0,0,0,0,0,0,0,0,0,0,0,0,0,0,0,0,0,0,0,0,5,2026-02-06 20:29:27.428375
SPNG,25.18,24.69,25.11,1983800.0,1700400.0,,,0,0,0,0,0,0,0,0,0,0,0,0,0,0,0,0,0,0,0,0,0,0,0,0,0,0,0,0,0,0,6,2026-02-06 20:29:28.494183
SMMR,24.94,24.94,25.0,2138600.0,2012400.0,6648.0,6648.0,0,0,0,0,0,0,0,0,0,0,0,0,0,0,0,0,0,0,0,0,0,0,0,0,0,0,0,0,0,0,6,2026-02-06 20:29:28.494183
ATMN,24.83,24.78,24.83,2130400.0,2006600.0,6496.0,,0,0,0,0,0,0,0,0,0,0,0,0,0,0,0,0,0,0,0,0,0,0,0,0,0,0,0,0,0,0,6,2026-02-06 20:29:28.494183
WNTR,25.02,24.97,25.01,2071400.0,1941800.0,3941.0,8277.0,0,0,0,0,0,0,0,0,0,0,0,0,0,0,0,0,0,0,0,0,0,0,0,0,0,0,0,0,0,0,6,2026-02-06 20:29:28.494183
SPNG,25.18,25.03,25.11,1875000.0,3315.0,1798100.0,5304.0,0,0,0,0,0,0,0,0,0,0,0,0,0,0,0,0,0,0,0,0,0,0,0,0,0,0,0,0,0,0,7,2026-02-06 20:29:29.542125
SMMR,25.0,24.97,25.0,2011100.0,12535.0,1916600.0,11945.0,0,0,0,0,0,0,0,0,0,0,0,0,0,0,0,0,0,0,0,0,0,0,0,0,0,0,0,0,0,0,7,2026-02-06 20:29:29.542125
ATMN,24.83,24.95,25.34,2041000.0,11756.0,2014500.0,100.0,0,0,0,0,0,0,0,0,0,0,0,0,0,0,0,0,0,0,0,0,0,0,0,0,0,0,0,0,0,0,7,2026-02-06 20:29:29.542125
WNTR,25.02,25.03,25.04,2181600.0,,2050400.0,,0,0,0,0,0,0,0,0,0,0,0,0,0,0,0,0,0,0,0,0,0,0,0,0,0,0,0,0,0,0,7,2026-02-06 20:29:29.542125
SPNG,24.73,25.07,25.11,1993500.0,1804500.0,5404.0,,0,0,0,0,0,0,0,0,0,0,0,0,0,0,0,0,0,0,0,0,0,0,0,0,0,0,0,0,0,0,8,2026-02-06 20:29:30.596671
SMMR,24.89,24.89,24.9,2306500.0,1854000.0,18557.0,,0,0,0,0,0,0,0,0,0,0,0,0,0,0,0,0,0,0,0,0,0,0,0,0,0,0,0,0,0,0,8,2026-02-06 20:29:30.596671
ATMN,25.02,24.96,25.01,1910600.0,2044100.0,200.0,19183.0,0,0,0,0,0,0,0,0,0,0,0,0,0,0,0,0,0,0,0,0,0,0,0,0,0,0,0,0,0,0,8,2026-02-06 20:29:30.596671
WNTR,24.89,24.88,24.89,2221900.0,1919800.0,8062.0,,0,0,0,0,0,0,0,0,0,0,0,0,0,0,0,0,0,0,0,0,0,0,0,0,0,0,0,0,0,0,8,2026-02-06 20:29:30.596671
SPNG,24.73,25.04,25.05,2005200.0,6681.0,1580300.0,,0,0,0,0,0,0,0,0,0,0,0,0,0,0,0,0,0,0,0,0,0,0,0,0,0,0,0,0,0,0,9,2026-02-06 20:29:31.672660
SMMR,25.0,25.02,25.05,2154600.0,100.0,2045100.0,5920.0,0,0,0,0,0,0,0,0,0,0,0,0,0,0,0,0,0,0,0,0,0,0,0,0,0,0,0,0,0,0,9,2026-02-06 20:29:31.672660
ATMN,24.91,24.91,25.01,2139000.0,1776.0,1947800.0,6496.0,0,0,0,0,0,0,0,0,0,0,0,0,0,0,0,0,0,0,0,0,0,0,0,0,0,0,0,0,0,0,9,2026-02-06 20:29:31.672660
WNTR,24.87,24.87,24.89,2081100.0,17062.0,1795600.0,8938.0,0,0,0,0,0,0,0,0,0,0,0,0,0,0,0,0,0,0,0,0,0,0,0,0,0,0,0,0,0,0,9,2026-02-06 20:29:31.672660
SPNG,24.73,25.04,25.05,2005200.0,6681.0,1554900.0,,0,0,0,0,0,0,0,0,0,0,0,0,0,0,0,0,0,0,0,0,0,0,0,0,0,0,0,0,0,0,10,2026-02-06 20:29:32.275905
SMMR,25.05,24.9,25.05,2301100.0,100.0,2045100.0,,0,0,0,0,0,0,0,0,0,0,0,0,0,0,0,0,0,0,0,0,0,0,0,0,0,0,0,0,0,0,10,2026-02-06 20:29:32.275905
ATMN,24.91,24.91,24.92,2110900.0,1776.0,1929500.0,6496.0,0,0,0,0,0,0,0,0,0,0,0,0,0,0,0,0,0,0,0,0,0,0,0,0,0,0,0,0,0,0,10,2026-02-06 20:29:32.275905
WNTR,24.89,24.87,24.89,2055200.0,8062.0,1909400.0,8938.0,0,0,0,0,0,0,0,0,0,0,0,0,0,0,0,0,0,0,0,0,0,0,0,0,0,0,0,0,0,0,10,2026-02-06 20:29:32.275905
SPNG,25.04,24.73,25.03,1988800.0,1857200.0,1304.0,,0,0,0,0,0,0,0,0,0,0,0,0,0,0,0,0,0,0,0,0,0,0,0,0,0,0,0,0,0,0,11,2026-02-06 20:29:33.345391
SMMR,24.9,24.9,25.02,2274100.0,2045100.0,9694.0,,0,0,0,0,0,0,0,0,0,0,0,0,0,0,0,0,0,0,0,0,0,0,0,0,0,0,0,0,0,0,11,2026-02-06 20:29:33.345391
ATMN,24.78,24.78,24.81,2228400.0,2158400.0,7149.0,,0,0,0,0,0,0,0,0,0,0,0,0,0,0,0,0,0,0,0,0,0,0,0,0,0,0,0,0,0,0,11,2026-02-06 20:29:33.345391
WNTR,24.95,24.94,24.95,2065100.0,2035700.0,,100.0,0,0,0,0,0,0,0,0,0,0,0,0,0,0,0,0,0,0,0,0,0,0,0,0,0,0,0,0,0,0,11,2026-02-06 20:29:33.345391
SPNG,25.03,24.73,25.03,1988800.0,1857200.0,1304.0,,0,0,0,0,0,0,0,0,0,0,0,0,0,0,0,0,0,0,0,0,0,0,0,0,0,0,0,0,0,0,12,2026-02-06 20:29:34.385005
SMMR,25.07,24.9,25.0,2301700.0,2165900.0,,,0,0,0,0,0,0,0,0,0,0,0,0,0,0,0,0,0,0,0,0,0,0,0,0,0,0,0,0,0,0,12,2026-02-06 20:29:34.385005
ATMN,24.7,24.7,24.81,2282000.0,2047800.0,14347.0,,0,0,0,0,0,0,0,0,0,0,0,0,0,0,0,0,0,0,0,0,0,0,0,0,0,0,0,0,0,0,12,2026-02-06 20:29:34.385005
WNTR,25.04,24.95,25.04,1949500.0,2053400.0,,9982.0,0,0,0,0,0,0,0,0,0,0,0,0,0,0,0,0,0,0,0,0,0,0,0,0,0,0,0,0,0,0,12,2026-02-06 20:29:34.385005
SPNG,25.13,25.13,25.17,1897500.0,6891.0,1938500.0,,0,0,0,0,0,0,0,0,0,0,0,0,0,0,0,0,0,0,0,0,0,0,0,0,0,0,0,0,0,0,13,2026-02-06 20:29:35.428571
SMMR,24.95,24.95,25.0,2177700.0,9625.0,2165900.0,,0,0,0,0,0,0,0,0,0,0,0,0,0,0,0,0,0,0,0,0,0,0,0,0,0,0,0,0,0,0,13,2026-02-06 20:29:35.428571
ATMN,24.7,24.7,24.77,2166900.0,1624.0,1932700.0,14447.0,0,0,0,0,0,0,0,0,0,0,0,0,0,0,0,0,0,0,0,0,0,0,0,0,0,0,0,0,0,0,13,2026-02-06 20:29:35.428571
WNTR,24.94,24.96,25.04,1804900.0,16000.0,2053400.0,,0,0,0,0,0,0,0,0,0,0,0,0,0,0,0,0,0,0,0,0,0,0,0,0,0,0,0,0,0,0,13,2026-02-06 20:29:35.428571
SPNG,25.13,25.14,25.17,6991.0,1781300.0,1947900.0,,0,0,0,0,0,0,0,0,0,0,0,0,0,0,0,0,0,0,0,0,0,0,0,0,0,0,0,0,0,0,14,2026-02-06 20:29:36.468394
SMMR,25.07,24.92,25.07,9625.0,2174700.0,2182500.0,,0,0,0,0,0,0,0,0,0,0,0,0,0,0,0,0,0,0,0,0,0,0,0,0,0,0,0,0,0,0,14,2026-02-06 20:29:36.468394
ATMN,24.7,24.7,24.74,1624.0,2123300.0,1817800.0,14547.0,0,0,0,0,0,0,0,0,0,0,0,0,0,0,0,0,0,0,0,0,0,0,0,0,0,0,0,0,0,0,14,2026-02-06 20:29:36.468394
WNTR,25.1,24.87,25.1,9761.0,2043200.0,2035500.0,,0,0,0,0,0,0,0,0,0,0,0,0,0,0,0,0,0,0,0,0,0,0,0,0,0,0,0,0,0,0,14,2026-02-06 20:29:36.468394
SPNG,25.13,24.79,24.9,1991900.0,1977100.0,0,0,0,0,0,0,0,0,0,0,0,0,0,0,0,0,0,0,0,0,0,0,0,0,0,0,0,0,0,0,0,0,15,2026-02-06 20:29:37.529398
SMMR,25.07,25.01,25.07,2256100.0,2192900.0,0,0,0,0,0,0,0,0,0,0,0,0,0,0,0,0,0,0,0,0,0,0,0,0,0,0,0,0,0,0,0,0,15,2026-02-06 20:29:37.529398
ATMN,24.92,24.7,24.92,2195600.0,2244000.0,0,0,0,0,0,0,0,0,0,0,0,0,0,0,0,0,0,0,0,0,0,0,0,0,0,0,0,0,0,0,0,0,15,2026-02-06 20:29:37.529398
WNTR,25.1,24.86,25.08,2173700.0,2044200.0,0,0,0,0,0,0,0,0,0,0,0,0,0,0,0,0,0,0,0,0,0,0,0,0,0,0,0,0,0,0,0,0,15,2026-02-06 20:29:37.529398
SPNG,25.17,24.8,24.89,100.0,1864100.0,100.0,1887900.0,0,0,0,0,0,0,0,0,0,0,0,0,0,0,0,0,0,0,0,0,0,0,0,0,0,0,0,0,0,0,16,2026-02-06 20:29:38.587816
SMMR,25.07,25.04,25.07,7500.0,2144600.0,,2200000.0,0,0,0,0,0,0,0,0,0,0,0,0,0,0,0,0,0,0,0,0,0,0,0,0,0,0,0,0,0,0,16,2026-02-06 20:29:38.587816
ATMN,25.02,24.7,24.94,100.0,2103300.0,,2249100.0,0,0,0,0,0,0,0,0,0,0,0,0,0,0,0,0,0,0,0,0,0,0,0,0,0,0,0,0,0,0,16,2026-02-06 20:29:38.587816
WNTR,24.82,24.82,24.96,,2179200.0,100.0,1957100.0,0,0,0,0,0,0,0,0,0,0,0,0,0,0,0,0,0,0,0,0,0,0,0,0,0,0,0,0,0,0,16,2026-02-06 20:29:38.587816
SPNG,24.84,24.81,24.84,200.0,1773600.0,1989600.0,,0,0,0,0,0,0,0,0,0,0,0,0,0,0,0,0,0,0,0,0,0,0,0,0,0,0,0,0,0,0,17,2026-02-06 20:29:39.698810
SMMR,25.09,24.98,25.07,8500.0,2180900.0,2072800.0,9401.0,0,0,0,0,0,0,0,0,0,0,0,0,0,0,0,0,0,0,0,0,0,0,0,0,0,0,0,0,0,0,17,2026-02-06 20:29:39.698810
ATMN,24.79,24.73,24.79,100.0,2096600.0,2183100.0,9236.0,0,0,0,0,0,0,0,0,0,0,0,0,0,0,0,0,0,0,0,0,0,0,0,0,0,0,0,0,0,0,17,2026-02-06 20:29:39.698810
WNTR,24.84,24.82,24.84,7212.0,2062500.0,1924100.0,9616.0,0,0,0,0,0,0,0,0,0,0,0,0,0,0,0,0,0,0,0,0,0,0,0,0,0,0,0,0,0,0,17,2026-02-06 20:29:39.698810
SPNG,25.28,24.81,24.83,300.0,1701900.0,100.0,1866400.0,0,0,0,0,0,0,0,0,0,0,0,0,0,0,0,0,0,0,0,0,0,0,0,0,0,0,0,0,0,0,18,2026-02-06 20:29:40.862929
SMMR,24.96,24.96,24.99,,2288200.0,19401.0,1991900.0,0,0,0,0,0,0,0,0,0,0,0,0,0,0,0,0,0,0,0,0,0,0,0,0,0,0,0,0,0,0,18,2026-02-06 20:29:40.862929
ATMN,24.74,24.74,24.78,100.0,2152000.0,9336.0,2072700.0,0,0,0,0,0,0,0,0,0,0,0,0,0,0,0,0,0,0,0,0,0,0,0,0,0,0,0,0,0,0,18,2026-02-06 20:29:40.862929
WNTR,24.8,24.8,24.84,,2166700.0,14475.0,1829700.0,0,0,0,0,0,0,0,0,0,0,0,0,0,0,0,0,0,0,0,0,0,0,0,0,0,0,0,0,0,0,18,2026-02-06 20:29:40.862929
SPNG,25.28,24.81,24.83,300.0,1712200.0,100.0,1866400.0,0,0,0,0,0,0,0,0,0,0,0,0,0,0,0,0,0,0,0,0,0,0,0,0,0,0,0,0,0,0,19,2026-02-06 20:29:41.541540
SMMR,25.02,24.97,25.01,5150.0,2180900.0,16000.0,1991900.0,0,0,0,0,0,0,0,0,0,0,0,0,0,0,0,0,0,0,0,0,0,0,0,0,0,0,0,0,0,0,19,2026-02-06 20:29:41.541540
ATMN,24.74,24.74,24.78,100.0,2152000.0,9336.0,2072700.0,0,0,0,0,0,0,0,0,0,0,0,0,0,0,0,0,0,0,0,0,0,0,0,0,0,0,0,0,0,0,19,2026-02-06 20:29:41.541540
WNTR,24.8,24.83,24.84,,2159300.0,14475.0,1829700.0,0,0,0,0,0,0,0,0,0,0,0,0,0,0,0,0,0,0,0,0,0,0,0,0,0,0,0,0,0,0,19,2026-02-06 20:29:41.541540
SPNG,24.89,24.89,25.21,2012200.0,1954500.0,,0,0,0,0,0,0,0,0,0,0,0,0,0,0,0,0,0,0,0,0,0,0,0,0,0,0,0,0,0,0,0,20,2026-02-06 20:29:42.593154
SMMR,24.9,24.92,24.99,2174700.0,2213300.0,4850.0,0,0,0,0,0,0,0,0,0,0,0,0,0,0,0,0,0,0,0,0,0,0,0,0,0,0,0,0,0,0,0,20,2026-02-06 20:29:42.593154
ATMN,24.94,24.64,24.94,2240400.0,2275300.0,,0,0,0,0,0,0,0,0,0,0,0,0,0,0,0,0,0,0,0,0,0,0,0,0,0,0,0,0,0,0,0,20,2026-02-06 20:29:42.593154
WNTR,24.94,24.99,25.03,2180900.0,2043700.0,,0,0,0,0,0,0,0,0,0,0,0,0,0,0,0,0,0,0,0,0,0,0,0,0,0,0,0,0,0,0,0,20,2026-02-06 20:29:42.593154
SPNG,25.28,25.03,25.28,1999200.0,1962500.0,,,0,0,0,0,0,0,0,0,0,0,0,0,0,0,0,0,0,0,0,0,0,0,0,0,0,0,0,0,0,0,21,2026-02-06 20:29:43.635845
SMMR,24.96,24.96,24.97,2191500.0,2009600.0,4850.0,14672.0,0,0,0,0,0,0,0,0,0,0,0,0,0,0,0,0,0,0,0,0,0,0,0,0,0,0,0,0,0,0,21,2026-02-06 20:29:43.635845
ATMN,24.76,24.76,24.77,2149300.0,2177800.0,1398.0,100.0,0,0,0,0,0,0,0,0,0,0,0,0,0,0,0,0,0,0,0,0,0,0,0,0,0,0,0,0,0,0,21,2026-02-06 20:29:43.635845
WNTR,25.03,24.99,25.03,2064600.0,1935200.0,9754.0,3019.0,0,0,0,0,0,0,0,0,0,0,0,0,0,0,0,0,0,0,0,0,0,0,0,0,0,0,0,0,0,0,21,2026-02-06 20:29:43.635845
SPNG,24.69,25.23,25.24,2007000.0,8762.0,1879200.0,,0,0,0,0,0,0,0,0,0,0,0,0,0,0,0,0,0,0,0,0,0,0,0,0,0,0,0,0,0,0,22,2026-02-06 20:29:44.670705
SMMR,24.99,24.97,24.98,2063300.0,6478.0,2125500.0,13968.0,0,0,0,0,0,0,0,0,0,0,0,0,0,0,0,0,0,0,0,0,0,0,0,0,0,0,0,0,0,0,22,2026-02-06 20:29:44.670705
ATMN,24.63,24.63,24.94,2217400.0,,2276400.0,,0,0,0,0,0,0,0,0,0,0,0,0,0,0,0,0,0,0,0,0,0,0,0,0,0,0,0,0,0,0,22,2026-02-06 20:29:44.670705
WNTR,24.82,24.84,24.89,2052600.0,12345.0,1847000.0,8259.0,0,0,0,0,0,0,0,0,0,0,0,0,0,0,0,0,0,0,0,0,0,0,0,0,0,0,0,0,0,0,22,2026-02-06 20:29:44.670705
SPNG,24.69,25.17,25.23,2013300.0,1798000.0,8862.0,,0,0,0,0,0,0,0,0,0,0,0,0,0,0,0,0,0,0,0,0,0,0,0,0,0,0,0,0,0,0,23,2026-02-06 20:29:45.725704
SMMR,24.9,24.89,24.9,2149800.0,2007000.0,15686.0,5554.0,0,0,0,0,0,0,0,0,0,0,0,0,0,0,0,0,0,0,0,0,0,0,0,0,0,0,0,0,0,0,23,2026-02-06 20:29:45.725704
ATMN,25.02,24.63,24.67,2217400.0,2255000.0,,,0,0,0,0,0,0,0,0,0,0,0,0,0,0,0,0,0,0,0,0,0,0,0,0,0,0,0,0,0,0,23,2026-02-06 20:29:45.725704
WNTR,24.82,24.87,24.9,2052600.0,1873500.0,8415.0,4631.0,0,0,0,0,0,0,0,0,0,0,0,0,0,0,0,0,0,0,0,0,0,0,0,0,0,0,0,0,0,0,23,2026-02-06 20:29:45.725704
SPNG,25.17,25.17,25.19,1915200.0,100.0,8962.0,1732600.0,0,0,0,0,0,0,0,0,0,0,0,0,0,0,0,0,0,0,0,0,0,0,0,0,0,0,0,0,0,0,24,2026-02-06 20:29:46.791087
SMMR,25.01,24.97,25.0,2046600.0,14905.0,4760.0,2141300.0,0,0,0,0,0,0,0,0,0,0,0,0,0,0,0,0,0,0,0,0,0,0,0,0,0,0,0,0,0,0,24,2026-02-06 20:29:46.791087
ATMN,24.63,24.63,25.02,2123100.0,8787.0,100.0,2173100.0,0,0,0,0,0,0,0,0,0,0,0,0,0,0,0,0,0,0,0,0,0,0,0,0,0,0,0,0,0,0,24,2026-02-06 20:29:46.791087
WNTR,24.88,24.87,24.88,1911300.0,9326.0,10479.0,1766600.0,0,0,0,0,0,0,0,0,0,0,0,0,0,0,0,0,0,0,0,0,0,0,0,0,0,0,0,0,0,0,24,2026-02-06 20:29:46.791087
SPNG,25.23,24.73,25.23,100.0,1892300.0,1817700.0,8862.0,0,0,0,0,0,0,0,0,0,0,0,0,0,0,0,0,0,0,0,0,0,0,0,0,0,0,0,0,0,0,25,2026-02-06 20:29:47.417701
SMMR,24.95,24.95,25.0,5554.0,2179100.0,2141300.0,4760.0,0,0,0,0,0,0,0,0,0,0,0,0,0,0,0,0,0,0,0,0,0,0,0,0,0,0,0,0,0,0,25,2026-02-06 20:29:47.417701
ATMN,24.96,24.96,25.01,8787.0,2154200.0,2173100.0,100.0,0,0,0,0,0,0,0,0,0,0,0,0,0,0,0,0,0,0,0,0,0,0,0,0,0,0,0,0,0,0,25,2026-02-06 20:29:47.417701
WNTR,24.92,24.87,24.92,9326.0,1913500.0,1941700.0,3019.0,0,0,0,0,0,0,0,0,0,0,0,0,0,0,0,0,0,0,0,0,0,0,0,0,0,0,0,0,0,0,25,2026-02-06 20:29:47.417701
SPNG,24.72,25.0,25.19,1995900.0,100.0,1916000.0,,0,0,0,0,0,0,0,0,0,0,0,0,0,0,0,0,0,0,0,0,0,0,0,0,0,0,0,0,0,0,26,2026-02-06 20:29:48.457559
SMMR,25.01,24.96,25.01,2183100.0,,2244500.0,6335.0,0,0,0,0,0,0,0,0,0,0,0,0,0,0,0,0,0,0,0,0,0,0,0,0,0,0,0,0,0,0,26,2026-02-06 20:29:48.457559
ATMN,24.96,24.63,24.65,2217400.0,100.0,2185600.0,,0,0,0,0,0,0,0,0,0,0,0,0,0,0,0,0,0,0,0,0,0,0,0,0,0,0,0,0,0,0,26,2026-02-06 20:29:48.457559
WNTR,24.78,24.78,24.91,2123200.0,1548.0,1941700.0,,0,0,0,0,0,0,0,0,0,0,0,0,0,0,0,0,0,0,0,0,0,0,0,0,0,0,0,0,0,0,26,2026-02-06 20:29:48.457559
SPNG,24.68,25.01,25.04,5389.0,1881900.0,1822500.0,200.0,0,0,0,0,0,0,0,0,0,0,0,0,0,0,0,0,0,0,0,0,0,0,0,0,0,0,0,0,0,0,27,2026-02-06 20:29:49.496445
SMMR,25.01,25.01,25.02,15435.0,2008100.0,2223300.0,,0,0,0,0,0,0,0,0,0,0,0,0,0,0,0,0,0,0,0,0,0,0,0,0,0,0,0,0,0,0,27,2026-02-06 20:29:49.496445
ATMN,25.04,24.84,25.04,8655.0,2124000.0,2292800.0,,0,0,0,0,0,0,0,0,0,0,0,0,0,0,0,0,0,0,0,0,0,0,0,0,0,0,0,0,0,0,27,2026-02-06 20:29:49.496445
WNTR,24.78,24.78,24.84,,2123200.0,1854700.0,10606.0,0,0,0,0,0,0,0,0,0,0,0,0,0,0,0,0,0,0,0,0,0,0,0,0,0,0,0,0,0,0,27,2026-02-06 20:29:49.496445
SPNG,24.59,24.59,25.04,2006900.0,1738800.0,300.0,,0,0,0,0,0,0,0,0,0,0,0,0,0,0,0,0,0,0,0,0,0,0,0,0,0,0,0,0,0,0,28,2026-02-06 20:29:50.536681
SMMR,25.04,25.02,25.04,1958800.0,2188500.0,,17935.0,0,0,0,0,0,0,0,0,0,0,0,0,0,0,0,0,0,0,0,0,0,0,0,0,0,0,0,0,0,0,28,2026-02-06 20:29:50.536681
ATMN,24.95,24.95,25.02,2042700.0,2201900.0,100.0,8755.0,0,0,0,0,0,0,0,0,0,0,0,0,0,0,0,0,0,0,0,0,0,0,0,0,0,0,0,0,0,0,28,2026-02-06 20:29:50.536681
WNTR,24.78,24.78,24.83,2118500.0,1752000.0,19593.0,,0,0,0,0,0,0,0,0,0,0,0,0,0,0,0,0,0,0,0,0,0,0,0,0,0,0,0,0,0,0,28,2026-02-06 20:29:50.536681
SPNG,25.04,24.85,24.98,2051300.0,400.0,1629800.0,,0,0,0,0,0,0,0,0,0,0,0,0,0,0,0,0,0,0,0,0,0,0,0,0,0,0,0,0,0,0,29,2026-02-06 20:29:51.570130
SMMR,25.09,25.03,25.09,1846700.0,,2187100.0,18035.0,0,0,0,0,0,0,0,0,0,0,0,0,0,0,0,0,0,0,0,0,0,0,0,0,0,0,0,0,0,0,29,2026-02-06 20:29:51.570130
ATMN,24.78,24.7,24.78,2159700.0,5425.0,2105200.0,8655.0,0,0,0,0,0,0,0,0,0,0,0,0,0,0,0,0,0,0,0,0,0,0,0,0,0,0,0,0,0,0,29,2026-02-06 20:29:51.570130
WNTR,24.77,24.82,24.84,2139000.0,10606.0,1843400.0,,0,0,0,0,0,0,0,0,0,0,0,0,0,0,0,0,0,0,0,0,0,0,0,0,0,0,0,0,0,0,29,2026-02-06 20:29:51.570130
SPNG,25.04,24.85,24.94,1967100.0,100.0,500.0,1494000.0,0,0,0,0,0,0,0,0,0,0,0,0,0,0,0,0,0,0,0,0,0,0,0,0,0,0,0,0,0,0,30,2026-02-06 20:29:52.692516
SMMR,24.96,24.96,25.1,2305100.0,,,2169200.0,0,0,0,0,0,0,0,0,0,0,0,0,0,0,0,0,0,0,0,0,0,0,0,0,0,0,0,0,0,0,30,2026-02-06 20:29:52.692516
ATMN,24.94,24.71,24.91,2253600.0,,988.0,2201900.0,0,0,0,0,0,0,0,0,0,0,0,0,0,0,0,0,0,0,0,0,0,0,0,0,0,0,0,0,0,0,30,2026-02-06 20:29:52.692516
WNTR,24.82,24.82,24.84,2131900.0,,8600.0,1985400.0,0,0,0,0,0,0,0,0,0,0,0,0,0,0,0,0,0,0,0,0,0,0,0,0,0,0,0,0,0,0,30,2026-02-06 20:29:52.692516
SPNG,24.9,25.01,25.04,2051300.0,2000900.0,,,0,0,0,0,0,0,0,0,0,0,0,0,0,0,0,0,0,0,0,0,0,0,0,0,0,0,0,0,0,0,31,2026-02-06 20:29:53.751321
SMMR,25.1,24.99,25.04,2106100.0,1965900.0,2417.0,19409.0,0,0,0,0,0,0,0,0,0,0,0,0,0,0,0,0,0,0,0,0,0,0,0,0,0,0,0,0,0,0,31,2026-02-06 20:29:53.751321
ATMN,25.17,24.71,24.88,2124100.0,2194800.0,8457.0,100.0,0,0,0,0,0,0,0,0,0,0,0,0,0,0,0,0,0,0,0,0,0,0,0,0,0,0,0,0,0,0,31,2026-02-06 20:29:53.751321
WNTR,24.76,24.79,24.82,2004000.0,1922500.0,6794.0,17284.0,0,0,0,0,0,0,0,0,0,0,0,0,0,0,0,0,0,0,0,0,0,0,0,0,0,0,0,0,0,0,31,2026-02-06 20:29:53.751321
SPNG,25.05,25.01,25.05,1836100.0,2126.0,2022500.0,,0,0,0,0,0,0,0,0,0,0,0,0,0,0,0,0,0,0,0,0,0,0,0,0,0,0,0,0,0,0,32,2026-02-06 20:29:54.833769
SMMR,25.02,24.95,25.02,2310000.0,,1984100.0,19409.0,0,0,0,0,0,0,0,0,0,0,0,0,0,0,0,0,0,0,0,0,0,0,0,0,0,0,0,0,0,0,32,2026-02-06 20:29:54.833769
ATMN,25.17,24.75,24.87,2034100.0,17134.0,2289300.0,,0,0,0,0,0,0,0,0,0,0,0,0,0,0,0,0,0,0,0,0,0,0,0,0,0,0,0,0,0,0,32,2026-02-06 20:29:54.833769
WNTR,24.74,24.74,24.84,2122500.0,,1997700.0,961.0,0,0,0,0,0,0,0,0,0,0,0,0,0,0,0,0,0,0,0,0,0,0,0,0,0,0,0,0,0,0,32,2026-02-06 20:29:54.833769
SPNG,25.05,25.01,25.05,1836100.0,2126.0,2035800.0,,0,0,0,0,0,0,0,0,0,0,0,0,0,0,0,0,0,0,0,0,0,0,0,0,0,0,0,0,0,0,33,2026-02-06 20:29:55.420545
SMMR,25.02,24.95,25.02,2310000.0,,1999600.0,19409.0,0,0,0,0,0,0,0,0,0,0,0,0,0,0,0,0,0,0,0,0,0,0,0,0,0,0,0,0,0,0,33,2026-02-06 20:29:55.420545
ATMN,25.17,24.75,24.87,2042600.0,17134.0,2289300.0,,0,0,0,0,0,0,0,0,0,0,0,0,0,0,0,0,0,0,0,0,0,0,0,0,0,0,0,0,0,0,33,2026-02-06 20:29:55.420545
WNTR,24.74,24.74,24.86,2110600.0,,2109700.0,,0,0,0,0,0,0,0,0,0,0,0,0,0,0,0,0,0,0,0,0,0,0,0,0,0,0,0,0,0,0,33,2026-02-06 20:29:55.420545
SPNG,25.08,25.02,25.08,2226.0,1740800.0,2035700.0,,0,0,0,0,0,0,0,0,0,0,0,0,0,0,0,0,0,0,0,0,0,0,0,0,0,0,0,0,0,0,34,2026-02-06 20:29:56.474243
SMMR,25.02,25.02,25.04,,2325900.0,1967400.0,19409.0,0,0,0,0,0,0,0,0,0,0,0,0,0,0,0,0,0,0,0,0,0,0,0,0,0,0,0,0,0,0,34,2026-02-06 20:29:56.474243
ATMN,25.17,24.79,24.87,17234.0,1894300.0,2178900.0,2662.0,0,0,0,0,0,0,0,0,0,0,0,0,0,0,0,0,0,0,0,0,0,0,0,0,0,0,0,0,0,0,34,2026-02-06 20:29:56.474243
WNTR,24.86,24.91,24.92,2130.0,2012500.0,2076900.0,,0,0,0,0,0,0,0,0,0,0,0,0,0,0,0,0,0,0,0,0,0,0,0,0,0,0,0,0,0,0,34,2026-02-06 20:29:56.474243
SPNG,24.85,25.0,25.07,2070900.0,100.0,1938800.0,,0,0,0,0,0,0,0,0,0,0,0,0,0,0,0,0,0,0,0,0,0,0,0,0,0,0,0,0,0,0,35,2026-02-06 20:29:57.530132
SMMR,25.02,25.02,25.04,2215300.0,19409.0,2021400.0,6591.0,0,0,0,0,0,0,0,0,0,0,0,0,0,0,0,0,0,0,0,0,0,0,0,0,0,0,0,0,0,0,35,2026-02-06 20:29:57.530132
ATMN,25.17,24.83,24.87,1759700.0,2762.0,2064000.0,17334.0,0,0,0,0,0,0,0,0,0,0,0,0,0,0,0,0,0,0,0,0,0,0,0,0,0,0,0,0,0,0,35,2026-02-06 20:29:57.530132
WNTR,24.74,24.74,24.8,2024400.0,8356.0,1973100.0,100.0,0,0,0,0,0,0,0,0,0,0,0,0,0,0,0,0,0,0,0,0,0,0,0,0,0,0,0,0,0,0,35,2026-02-06 20:29:57.530132
SPNG,25.2,25.0,25.2,2057600.0,2043300.0,,,0,0,0,0,0,0,0,0,0,0,0,0,0,0,0,0,0,0,0,0,0,0,0,0,0,0,0,0,0,0,36,2026-02-06 20:29:58.587945
SMMR,24.94,24.95,24.99,2183100.0,2112000.0,6591.0,8086.0,0,0,0,0,0,0,0,0,0,0,0,0,0,0,0,0,0,0,0,0,0,0,0,0,0,0,0,0,0,0,36,2026-02-06 20:29:58.587945
ATMN,24.87,24.85,24.87,2194300.0,2178900.0,,2563.0,0,0,0,0,0,0,0,0,0,0,0,0,0,0,0,0,0,0,0,0,0,0,0,0,0,0,0,0,0,0,36,2026-02-06 20:29:58.587945
WNTR,24.74,24.74,24.78,2139900.0,1994400.0,,8356.0,0,0,0,0,0,0,0,0,0,0,0,0,0,0,0,0,0,0,0,0,0,0,0,0,0,0,0,0,0,0,36,2026-02-06 20:29:58.587945
SPNG,25.0,25.0,25.19,2057600.0,1929.0,1934300.0,,0,0,0,0,0,0,0,0,0,0,0,0,0,0,0,0,0,0,0,0,0,0,0,0,0,0,0,0,0,0,37,2026-02-06 20:29:59.634841
SMMR,24.92,24.92,24.96,2311500.0,18086.0,1982000.0,,0,0,0,0,0,0,0,0,0,0,0,0,0,0,0,0,0,0,0,0,0,0,0,0,0,0,0,0,0,0,37,2026-02-06 20:29:59.634841
ATMN,25.03,24.78,25.01,2094900.0,8314.0,2187300.0,4652.0,0,0,0,0,0,0,0,0,0,0,0,0,0,0,0,0,0,0,0,0,0,0,0,0,0,0,0,0,0,0,37,2026-02-06 20:29:59.634841
WNTR,24.74,24.76,24.77,2001400.0,16626.0,1933800.0,6747.0,0,0,0,0,0,0,0,0,0,0,0,0,0,0,0,0,0,0,0,0,0,0,0,0,0,0,0,0,0,0,37,2026-02-06 20:29:59.634841
SPNG,25.0,25.01,25.18,1135.0,1968100.0,2029.0,1787000.0,0,0,0,0,0,0,0,0,0,0,0,0,0,0,0,0,0,0,0,0,0,0,0,0,0,0,0,0,0,0,38,2026-02-06 20:30:00.678615
SMMR,25.04,25.0,25.04,7914.0,2232200.0,,2242400.0,0,0,0,0,0,0,0,0,0,0,0,0,0,0,0,0,0,0,0,0,0,0,0,0,0,0,0,0,0,0,38,2026-02-06 20:30:00.678615
ATMN,24.88,24.78,24.88,4652.0,2094900.0,8314.0,2182100.0,0,0,0,0,0,0,0,0,0,0,0,0,0,0,0,0,0,0,0,0,0,0,0,0,0,0,0,0,0,0,38,2026-02-06 20:30:00.678615
WNTR,24.74,24.76,24.77,6747.0,1963700.0,18596.0,1829500.0,0,0,0,0,0,0,0,0,0,0,0,0,0,0,0,0,0,0,0,0,0,0,0,0,0,0,0,0,0,0,38,2026-02-06 20:30:00.678615
SPNG,24.78,24.78,25.18,2041200.0,2029.0,1790800.0,,0,0,0,0,0,0,0,0,0,0,0,0,0,0,0,0,0,0,0,0,0,0,0,0,0,0,0,0,0,0,39,2026-02-06 20:30:01.729155
SMMR,24.99,24.92,24.98,2315500.0,7826.0,2146700.0,,0,0,0,0,0,0,0,0,0,0,0,0,0,0,0,0,0,0,0,0,0,0,0,0,0,0,0,0,0,0,39,2026-02-06 20:30:01.729155
ATMN,25.26,24.8,25.26,1990700.0,,2274000.0,12386.0,0,0,0,0,0,0,0,0,0,0,0,0,0,0,0,0,0,0,0,0,0,0,0,0,0,0,0,0,0,0,39,2026-02-06 20:30:01.729155
WNTR,24.77,24.77,24.78,1857000.0,8356.0,2094900.0,14751.0,0,0,0,0,0,0,0,0,0,0,0,0,0,0,0,0,0,0,0,0,0,0,0,0,0,0,0,0,0,0,39,2026-02-06 20:30:01.729155
SPNG,24.78,25.14,25.2,2042100.0,1968500.0,,,0,0,0,0,0,0,0,0,0,0,0,0,0,0,0,0,0,0,0,0,0,0,0,0,0,0,0,0,0,0,40,2026-02-06 20:30:02.776648
SMMR,25.11,24.95,25.08,2221400.0,2094900.0,7736.0,7736.0,0,0,0,0,0,0,0,0,0,0,0,0,0,0,0,0,0,0,0,0,0,0,0,0,0,0,0,0,0,0,40,2026-02-06 20:30:02.776648
ATMN,25.26,24.76,25.03,2202900.0,2288300.0,,,0,0,0,0,0,0,0,0,0,0,0,0,0,0,0,0,0,0,0,0,0,0,0,0,0,0,0,0,0,0,40,2026-02-06 20:30:02.776648
WNTR,24.77,24.76,24.77,2089200.0,2206300.0,,,0,0,0,0,0,0,0,0,0,0,0,0,0,0,0,0,0,0,0,0,0,0,0,0,0,0,0,0,0,0,40,2026-02-06 20:30:02.776648
SPNG,24.81,24.78,24.8,1950000.0,1619.0,1889900.0,100.0,0,0,0,0,0,0,0,0,0,0,0,0,0,0,0,0,0,0,0,0,0,0,0,0,0,0,0,0,0,0,41,2026-02-06 20:30:03.873630
SMMR,25.11,24.96,24.99,2095900.0,10272.0,2076900.0,7736.0,0,0,0,0,0,0,0,0,0,0,0,0,0,0,0,0,0,0,0,0,0,0,0,0,0,0,0,0,0,0,41,2026-02-06 20:30:03.873630
ATMN,24.83,24.76,24.83,2108500.0,9187.0,2184300.0,100.0,0,0,0,0,0,0,0,0,0,0,0,0,0,0,0,0,0,0,0,0,0,0,0,0,0,0,0,0,0,0,41,2026-02-06 20:30:03.873630
WNTR,24.76,24.74,24.75,2144000.0,,1995900.0,15733.0,0,0,0,0,0,0,0,0,0,0,0,0,0,0,0,0,0,0,0,0,0,0,0,0,0,0,0,0,0,0,41,2026-02-06 20:30:03.873630
SPNG,24.8,25.18,25.2,1940600.0,1619.0,1965600.0,,0,0,0,0,0,0,0,0,0,0,0,0,0,0,0,0,0,0,0,0,0,0,0,0,0,0,0,0,0,0,42,2026-02-06 20:30:04.564235
SMMR,25.11,24.96,25.11,2095900.0,10272.0,2169700.0,,0,0,0,0,0,0,0,0,0,0,0,0,0,0,0,0,0,0,0,0,0,0,0,0,0,0,0,0,0,0,42,2026-02-06 20:30:04.564235
ATMN,24.83,24.8,24.81,2108500.0,9187.0,2184300.0,100.0,0,0,0,0,0,0,0,0,0,0,0,0,0,0,0,0,0,0,0,0,0,0,0,0,0,0,0,0,0,0,42,2026-02-06 20:30:04.564235
WNTR,24.72,24.68,24.7,2163100.0,,2006500.0,15733.0,0,0,0,0,0,0,0,0,0,0,0,0,0,0,0,0,0,0,0,0,0,0,0,0,0,0,0,0,0,0,42,2026-02-06 20:30:04.564235
SPNG,25.01,24.78,25.01,1950000.0,1619.0,1872100.0,100.0,0,0,0,0,0,0,0,0,0,0,0,0,0,0,0,0,0,0,0,0,0,0,0,0,0,0,0,0,0,0,43,2026-02-06 20:30:05.654549
SMMR,24.92,24.95,25.03,2221200.0,5595.0,1997300.0,9719.0,0,0,0,0,0,0,0,0,0,0,0,0,0,0,0,0,0,0,0,0,0,0,0,0,0,0,0,0,0,0,43,2026-02-06 20:30:05.654549
ATMN,24.76,24.76,24.81,2242000.0,,2184300.0,100.0,0,0,0,0,0,0,0,0,0,0,0,0,0,0,0,0,0,0,0,0,0,0,0,0,0,0,0,0,0,0,43,2026-02-06 20:30:05.654549
WNTR,24.69,24.68,24.69,2050000.0,679.0,1902200.0,19773.0,0,0,0,0,0,0,0,0,0,0,0,0,0,0,0,0,0,0,0,0,0,0,0,0,0,0,0,0,0,0,43,2026-02-06 20:30:05.654549
SPNG,25.01,24.78,24.96,1839200.0,1719.0,5811.0,1757100.0,0,0,0,0,0,0,0,0,0,0,0,0,0,0,0,0,0,0,0,0,0,0,0,0,0,0,0,0,0,0,44,2026-02-06 20:30:06.753446
SMMR,25.04,25.04,25.06,2131700.0,7952.0,2258.0,2098100.0,0,0,0,0,0,0,0,0,0,0,0,0,0,0,0,0,0,0,0,0,0,0,0,0,0,0,0,0,0,0,44,2026-02-06 20:30:06.753446
ATMN,24.76,24.76,25.03,2245300.0,,,2288300.0,0,0,0,0,0,0,0,0,0,0,0,0,0,0,0,0,0,0,0,0,0,0,0,0,0,0,0,0,0,0,44,2026-02-06 20:30:06.753446
WNTR,24.7,24.73,24.74,2030300.0,4707.0,16512.0,1915500.0,0,0,0,0,0,0,0,0,0,0,0,0,0,0,0,0,0,0,0,0,0,0,0,0,0,0,0,0,0,0,44,2026-02-06 20:30:06.753446
SPNG,25.12,24.78,25.12,2012300.0,1987300.0,,,0,0,0,0,0,0,0,0,0,0,0,0,0,0,0,0,0,0,0,0,0,0,0,0,0,0,0,0,0,0,45,2026-02-06 20:30:07.796333
SMMR,24.94,24.96,25.04,2221200.0,2110000.0,7270.0,6663.0,0,0,0,0,0,0,0,0,0,0,0,0,0,0,0,0,0,0,0,0,0,0,0,0,0,0,0,0,0,0,45,2026-02-06 20:30:07.796333
ATMN,24.82,24.78,24.79,2218400.0,2270500.0,,,0,0,0,0,0,0,0,0,0,0,0,0,0,0,0,0,0,0,0,0,0,0,0,0,0,0,0,0,0,0,45,2026-02-06 20:30:07.796333
WNTR,24.62,24.68,24.75,2045700.0,2257800.0,4781.0,,0,0,0,0,0,0,0,0,0,0,0,0,0,0,0,0,0,0,0,0,0,0,0,0,0,0,0,0,0,0,45,2026-02-06 20:30:07.796333
SPNG,24.61,24.91,25.09,2028800.0,100.0,1900800.0,,0,0,0,0,0,0,0,0,0,0,0,0,0,0,0,0,0,0,0,0,0,0,0,0,0,0,0,0,0,0,46,2026-02-06 20:30:08.987217
SMMR,24.92,24.96,25.02,2199000.0,15621.0,2013500.0,4049.0,0,0,0,0,0,0,0,0,0,0,0,0,0,0,0,0,0,0,0,0,0,0,0,0,0,0,0,0,0,0,46,2026-02-06 20:30:08.987217
ATMN,25.3,24.78,24.85,2087900.0,8754.0,2176800.0,7105.0,0,0,0,0,0,0,0,0,0,0,0,0,0,0,0,0,0,0,0,0,0,0,0,0,0,0,0,0,0,0,46,2026-02-06 20:30:08.987217
WNTR,24.62,24.62,24.66,2138000.0,14707.0,2019300.0,,0,0,0,0,0,0,0,0,0,0,0,0,0,0,0,0,0,0,0,0,0,0,0,0,0,0,0,0,0,0,46,2026-02-06 20:30:08.987217
SPNG,25.22,24.91,25.1,2028800.0,1966400.0,,,0,0,0,0,0,0,0,0,0,0,0,0,0,0,0,0,0,0,0,0,0,0,0,0,0,0,0,0,0,0,47,2026-02-06 20:30:09.581614
SMMR,24.96,24.92,24.96,2328900.0,1986500.0,15621.0,,0,0,0,0,0,0,0,0,0,0,0,0,0,0,0,0,0,0,0,0,0,0,0,0,0,0,0,0,0,0,47,2026-02-06 20:30:09.581614
ATMN,25.3,24.78,25.3,2087900.0,2273700.0,,7105.0,0,0,0,0,0,0,0,0,0,0,0,0,0,0,0,0,0,0,0,0,0,0,0,0,0,0,0,0,0,0,47,2026-02-06 20:30:09.581614
WNTR,24.62,24.62,24.66,2138000.0,2025200.0,14707.0,,0,0,0,0,0,0,0,0,0,0,0,0,0,0,0,0,0,0,0,0,0,0,0,0,0,0,0,0,0,0,47,2026-02-06 20:30:09.581614
SPNG,25.23,24.92,25.16,3377.0,1939300.0,1974700.0,,0,0,0,0,0,0,0,0,0,0,0,0,0,0,0,0,0,0,0,0,0,0,0,0,0,0,0,0,0,0,48,2026-02-06 20:30:10.631642
SMMR,25.06,24.93,24.98,5760.0,2201200.0,2244300.0,,0,0,0,0,0,0,0,0,0,0,0,0,0,0,0,0,0,0,0,0,0,0,0,0,0,0,0,0,0,0,48,2026-02-06 20:30:10.631642
ATMN,24.78,24.78,24.97,7105.0,2087900.0,2189800.0,100.0,0,0,0,0,0,0,0,0,0,0,0,0,0,0,0,0,0,0,0,0,0,0,0,0,0,0,0,0,0,0,48,2026-02-06 20:30:10.631642
WNTR,24.68,24.61,24.68,,2151900.0,2102800.0,4707.0,0,0,0,0,0,0,0,0,0,0,0,0,0,0,0,0,0,0,0,0,0,0,0,0,0,0,0,0,0,0,48,2026-02-06 20:30:10.631642
SPNG,25.16,24.86,25.16,2015400.0,1974700.0,,,0,0,0,0,0,0,0,0,0,0,0,0,0,0,0,0,0,0,0,0,0,0,0,0,0,0,0,0,0,0,49,2026-02-06 20:30:11.672195
SMMR,24.98,24.96,24.98,2080000.0,2219300.0,15760.0,,0,0,0,0,0,0,0,0,0,0,0,0,0,0,0,0,0,0,0,0,0,0,0,0,0,0,0,0,0,0,49,2026-02-06 20:30:11.672195
ATMN,24.73,24.73,24.85,2237900.0,2082000.0,,3184.0,0,0,0,0,0,0,0,0,0,0,0,0,0,0,0,0,0,0,0,0,0,0,0,0,0,0,0,0,0,0,49,2026-02-06 20:30:11.672195
WNTR,24.68,24.63,24.64,2047200.0,1994200.0,8752.0,9011.0,0,0,0,0,0,0,0,0,0,0,0,0,0,0,0,0,0,0,0,0,0,0,0,0,0,0,0,0,0,0,49,2026-02-06 20:30:11.672195
SPNG,24.86,25.02,25.23,2031500.0,1958800.0,,,0,0,0,0,0,0,0,0,0,0,0,0,0,0,0,0,0,0,0,0,0,0,0,0,0,0,0,0,0,0,50,2026-02-06 20:30:12.765521
SMMR,24.98,24.93,24.98,2180500.0,2215700.0,4145.0,,0,0,0,0,0,0,0,0,0,0,0,0,0,0,0,0,0,0,0,0,0,0,0,0,0,0,0,0,0,0,50,2026-02-06 20:30:12.765521
ATMN,24.84,24.84,24.85,2124300.0,2307300.0,4051.0,,0,0,0,0,0,0,0,0,0,0,0,0,0,0,0,0,0,0,0,0,0,0,0,0,0,0,0,0,0,0,50,2026-02-06 20:30:12.765521
WNTR,24.58,24.53,24.54,2151300.0,2100400.0,,9619.0,0,0,0,0,0,0,0,0,0,0,0,0,0,0,0,0,0,0,0,0,0,0,0,0,0,0,0,0,0,0,50,2026-02-06 20:30:12.765521
SPNG,24.57,24.62,25.17,3183.0,1917400.0,1899000.0,100.0,0,0,0,0,0,0,0,0,0,0,0,0,0,0,0,0,0,0,0,0,0,0,0,0,0,0,0,0,0,0,51,2026-02-06 20:30:13.823290
SMMR,24.98,24.96,24.97,10815.0,2069900.0,2099800.0,6670.0,0,0,0,0,0,0,0,0,0,0,0,0,0,0,0,0,0,0,0,0,0,0,0,0,0,0,0,0,0,0,51,2026-02-06 20:30:13.823290
ATMN,24.75,24.73,24.75,6519.0,2123500.0,2184000.0,6519.0,0,0,0,0,0,0,0,0,0,0,0,0,0,0,0,0,0,0,0,0,0,0,0,0,0,0,0,0,0,0,51,2026-02-06 20:30:13.823290
WNTR,24.53,24.53,24.59,,2170200.0,1976800.0,17373.0,0,0,0,0,0,0,0,0,0,0,0,0,0,0,0,0,0,0,0,0,0,0,0,0,0,0,0,0,0,0,51,2026-02-06 20:30:13.823290
SPNG,24.82,25.01,25.17,1822900.0,12156.0,1899000.0,100.0,0,0,0,0,0,0,0,0,0,0,0,0,0,0,0,0,0,0,0,0,0,0,0,0,0,0,0,0,0,0,52,2026-02-06 20:30:14.983264
SMMR,25.06,25.03,25.06,1974700.0,20815.0,2213500.0,,0,0,0,0,0,0,0,0,0,0,0,0,0,0,0,0,0,0,0,0,0,0,0,0,0,0,0,0,0,0,52,2026-02-06 20:30:14.983264
ATMN,24.9,24.99,25.04,1981600.0,15422.0,2275600.0,,0,0,0,0,0,0,0,0,0,0,0,0,0,0,0,0,0,0,0,0,0,0,0,0,0,0,0,0,0,0,52,2026-02-06 20:30:14.983264
WNTR,24.56,24.56,24.62,2048400.0,9282.0,2097100.0,1112.0,0,0,0,0,0,0,0,0,0,0,0,0,0,0,0,0,0,0,0,0,0,0,0,0,0,0,0,0,0,0,52,2026-02-06 20:30:14.983264
SPNG,24.62,24.62,25.17,3183.0,1889200.0,1899000.0,100.0,0,0,0,0,0,0,0,0,0,0,0,0,0,0,0,0,0,0,0,0,0,0,0,0,0,0,0,0,0,0,53,2026-02-06 20:30:15.635244
SMMR,24.99,25.01,25.06,20915.0,1871900.0,2213500.0,,0,0,0,0,0,0,0,0,0,0,0,0,0,0,0,0,0,0,0,0,0,0,0,0,0,0,0,0,0,0,53,2026-02-06 20:30:15.635244
ATMN,24.99,24.74,24.86,15422.0,1997500.0,2246000.0,,0,0,0,0,0,0,0,0,0,0,0,0,0,0,0,0,0,0,0,0,0,0,0,0,0,0,0,0,0,0,53,2026-02-06 20:30:15.635244
WNTR,24.52,24.52,24.62,,2146100.0,2097100.0,1112.0,0,0,0,0,0,0,0,0,0,0,0,0,0,0,0,0,0,0,0,0,0,0,0,0,0,0,0,0,0,0,53,2026-02-06 20:30:15.635244
SPNG,25.17,24.86,25.17,1823700.0,3283.0,1899000.0,100.0,0,0,0,0,0,0,0,0,0,0,0,0,0,0,0,0,0,0,0,0,0,0,0,0,0,0,0,0,0,0,54,2026-02-06 20:30:16.670052
SMMR,24.96,24.95,24.96,2182100.0,4145.0,2193800.0,,0,0,0,0,0,0,0,0,0,0,0,0,0,0,0,0,0,0,0,0,0,0,0,0,0,0,0,0,0,0,54,2026-02-06 20:30:16.670052
ATMN,24.86,24.94,25.04,1871400.0,15522.0,2275600.0,,0,0,0,0,0,0,0,0,0,0,0,0,0,0,0,0,0,0,0,0,0,0,0,0,0,0,0,0,0,0,54,2026-02-06 20:30:16.670052
WNTR,24.49,24.49,24.73,2165700.0,,2244700.0,,0,0,0,0,0,0,0,0,0,0,0,0,0,0,0,0,0,0,0,0,0,0,0,0,0,0,0,0,0,0,54,2026-02-06 20:30:16.670052
SPNG,25.23,24.86,25.09,2017700.0,1951000.0,0,0,0,0,0,0,0,0,0,0,0,0,0,0,0,0,0,0,0,0,0,0,0,0,0,0,0,0,0,0,0,0,55,2026-02-06 20:30:17.711713
SMMR,24.93,24.92,24.93,2295600.0,2194600.0,0,0,0,0,0,0,0,0,0,0,0,0,0,0,0,0,0,0,0,0,0,0,0,0,0,0,0,0,0,0,0,0,55,2026-02-06 20:30:17.711713
ATMN,24.74,24.73,24.94,2225200.0,2271900.0,0,0,0,0,0,0,0,0,0,0,0,0,0,0,0,0,0,0,0,0,0,0,0,0,0,0,0,0,0,0,0,0,55,2026-02-06 20:30:17.711713
WNTR,24.62,24.62,24.73,2192600.0,2244700.0,0,0,0,0,0,0,0,0,0,0,0,0,0,0,0,0,0,0,0,0,0,0,0,0,0,0,0,0,0,0,0,0,55,2026-02-06 20:30:17.711713
SPNG,25.23,24.95,25.23,114.0,1918300.0,1962900.0,0,0,0,0,0,0,0,0,0,0,0,0,0,0,0,0,0,0,0,0,0,0,0,0,0,0,0,0,0,0,0,56,2026-02-06 20:30:18.756482
SMMR,24.92,24.92,24.93,,2286800.0,2194600.0,0,0,0,0,0,0,0,0,0,0,0,0,0,0,0,0,0,0,0,0,0,0,0,0,0,0,0,0,0,0,0,56,2026-02-06 20:30:18.756482
ATMN,24.94,24.73,24.94,,2223900.0,2255200.0,0,0,0,0,0,0,0,0,0,0,0,0,0,0,0,0,0,0,0,0,0,0,0,0,0,0,0,0,0,0,0,56,2026-02-06 20:30:18.756482
WNTR,24.75,24.62,24.75,,2192600.0,2221800.0,0,0,0,0,0,0,0,0,0,0,0,0,0,0,0,0,0,0,0,0,0,0,0,0,0,0,0,0,0,0,0,56,2026-02-06 20:30:18.756482
SPNG,25.23,24.86,25.23,2028500.0,1962900.0,0,0,0,0,0,0,0,0,0,0,0,0,0,0,0,0,0,0,0,0,0,0,0,0,0,0,0,0,0,0,0,0,57,2026-02-06 20:30:19.805599
SMMR,25.08,24.95,25.08,2289800.0,2190700.0,0,0,0,0,0,0,0,0,0,0,0,0,0,0,0,0,0,0,0,0,0,0,0,0,0,0,0,0,0,0,0,0,57,2026-02-06 20:30:19.805599
ATMN,25.04,25.11,25.14,2205700.0,2242700.0,0,0,0,0,0,0,0,0,0,0,0,0,0,0,0,0,0,0,0,0,0,0,0,0,0,0,0,0,0,0,0,0,57,2026-02-06 20:30:19.805599
WNTR,24.76,24.62,24.76,2170400.0,2208000.0,0,0,0,0,0,0,0,0,0,0,0,0,0,0,0,0,0,0,0,0,0,0,0,0,0,0,0,0,0,0,0,0,57,2026-02-06 20:30:19.805599
SPNG,25.23,24.86,25.17,1988700.0,1987200.0,0,0,0,0,0,0,0,0,0,0,0,0,0,0,0,0,0,0,0,0,0,0,0,0,0,0,0,0,0,0,0,0,58,2026-02-06 20:30:20.875508
SMMR,24.95,24.95,25.03,2289800.0,2223900.0,0,0,0,0,0,0,0,0,0,0,0,0,0,0,0,0,0,0,0,0,0,0,0,0,0,0,0,0,0,0,0,0,58,2026-02-06 20:30:20.875508
ATMN,25.14,24.74,25.14,2205400.0,2253400.0,0,0,0,0,0,0,0,0,0,0,0,0,0,0,0,0,0,0,0,0,0,0,0,0,0,0,0,0,0,0,0,0,58,2026-02-06 20:30:20.875508
WNTR,24.6,24.6,24.76,2165200.0,2187300.0,0,0,0,0,0,0,0,0,0,0,0,0,0,0,0,0,0,0,0,0,0,0,0,0,0,0,0,0,0,0,0,0,58,2026-02-06 20:30:20.875508
SPNG,24.86,24.86,25.17,1988700.0,1987200.0,0,0,0,0,0,0,0,0,0,0,0,0,0,0,0,0,0,0,0,0,0,0,0,0,0,0,0,0,0,0,0,0,59,2026-02-06 20:30:21.936902
SMMR,24.92,24.92,25.03,2227200.0,2223900.0,0,0,0,0,0,0,0,0,0,0,0,0,0,0,0,0,0,0,0,0,0,0,0,0,0,0,0,0,0,0,0,0,59,2026-02-06 20:30:21.936902
ATMN,24.74,25.02,25.14,2172900.0,2253400.0,0,0,0,0,0,0,0,0,0,0,0,0,0,0,0,0,0,0,0,0,0,0,0,0,0,0,0,0,0,0,0,0,59,2026-02-06 20:30:21.936902
WNTR,24.77,24.75,24.77,2150500.0,2171200.0,0,0,0,0,0,0,0,0,0,0,0,0,0,0,0,0,0,0,0,0,0,0,0,0,0,0,0,0,0,0,0,0,59,2026-02-06 20:30:21.936902
SPNG,24.86,24.06,24.55,933000.0,868500.0,0,0,0,0,0,0,0,0,0,0,0,0,0,0,0,0,0,0,0,0,0,0,0,0,0,0,0,0,0,0,0,0,60,2026-02-06 20:30:23.043193
SMMR,24.94,25.75,25.81,875400.0,820200.0,0,0,0,0,0,0,0,0,0,0,0,0,0,0,0,0,0,0,0,0,0,0,0,0,0,0,0,0,0,0,0,0,60,2026-02-06 20:30:23.043193
ATMN,25.91,25.91,27.99,690300.0,573300.0,0,0,0,0,0,0,0,0,0,0,0,0,0,0,0,0,0,0,0,0,0,0,0,0,0,0,0,0,0,0,0,0,60,2026-02-06 20:30:23.043193
WNTR,24.75,24.43,24.58,906900.0,807100.0,0,0,0,0,0,0,0,0,0,0,0,0,0,0,0,0,0,0,0,0,0,0,0,0,0,0,0,0,0,0,0,0,60,2026-02-06 20:30:23.043193
SPNG,24.86,24.06,24.55,933000.0,973000.0,0,0,0,0,0,0,0,0,0,0,0,0,0,0,0,0,0,0,0,0,0,0,0,0,0,0,0,0,0,0,0,0,61,2026-02-06 20:30:23.612740
SMMR,24.94,25.75,25.81,995800.0,944700.0,0,0,0,0,0,0,0,0,0,0,0,0,0,0,0,0,0,0,0,0,0,0,0,0,0,0,0,0,0,0,0,0,61,2026-02-06 20:30:23.612740
ATMN,25.91,25.91,26.88,888400.0,840400.0,0,0,0,0,0,0,0,0,0,0,0,0,0,0,0,0,0,0,0,0,0,0,0,0,0,0,0,0,0,0,0,0,61,2026-02-06 20:30:23.612740
WNTR,24.43,24.43,24.52,899400.0,927900.0,0,0,0,0,0,0,0,0,0,0,0,0,0,0,0,0,0,0,0,0,0,0,0,0,0,0,0,0,0,0,0,0,61,2026-02-06 20:30:23.612740
SPNG,24.06,24.1,24.27,5133.0,964100.0,1216000.0,5133.0,0,0,0,0,0,0,0,0,0,0,0,0,0,0,0,0,0,0,0,0,0,0,0,0,0,0,0,0,0,0,62,2026-02-06 20:30:24.699162
SMMR,25.75,25.75,25.8,,1006300.0,1056700.0,5377.0,0,0,0,0,0,0,0,0,0,0,0,0,0,0,0,0,0,0,0,0,0,0,0,0,0,0,0,0,0,0,62,2026-02-06 20:30:24.699162
ATMN,25.91,25.98,26.25,4466.0,888400.0,1217000.0,4466.0,0,0,0,0,0,0,0,0,0,0,0,0,0,0,0,0,0,0,0,0,0,0,0,0,0,0,0,0,0,0,62,2026-02-06 20:30:24.699162
WNTR,24.52,24.47,24.52,5500.0,1120300.0,1020800.0,,0,0,0,0,0,0,0,0,0,0,0,0,0,0,0,0,0,0,0,0,0,0,0,0,0,0,0,0,0,0,62,2026-02-06 20:30:24.699162
SPNG,23.1,24.06,24.27,1093200.0,1337000.0,5133.0,,0,0,0,0,0,0,0,0,0,0,0,0,0,0,0,0,0,0,0,0,0,0,0,0,0,0,0,0,0,0,63,2026-02-06 20:30:25.741145
SMMR,25.69,25.62,25.69,996800.0,1254200.0,9805.0,,0,0,0,0,0,0,0,0,0,0,0,0,0,0,0,0,0,0,0,0,0,0,0,0,0,0,0,0,0,0,63,2026-02-06 20:30:25.741145
ATMN,26.25,26.09,26.24,1071800.0,1217000.0,4886.0,4886.0,0,0,0,0,0,0,0,0,0,0,0,0,0,0,0,0,0,0,0,0,0,0,0,0,0,0,0,0,0,0,63,2026-02-06 20:30:25.741145
WNTR,24.43,24.43,24.52,1280900.0,1134700.0,841.0,,0,0,0,0,0,0,0,0,0,0,0,0,0,0,0,0,0,0,0,0,0,0,0,0,0,0,0,0,0,0,63,2026-02-06 20:30:25.741145
SPNG,24.03,23.1,23.7,978600.0,1770800.0,5110.0,,0,0,0,0,0,0,0,0,0,0,0,0,0,0,0,0,0,0,0,0,0,0,0,0,0,0,0,0,0,0,64,2026-02-06 20:30:26.772589
SMMR,25.81,25.62,25.81,1201900.0,1159000.0,,998.0,0,0,0,0,0,0,0,0,0,0,0,0,0,0,0,0,0,0,0,0,0,0,0,0,0,0,0,0,0,0,64,2026-02-06 20:30:26.772589
ATMN,26.25,26.2,26.25,1487400.0,1217000.0,,,0,0,0,0,0,0,0,0,0,0,0,0,0,0,0,0,0,0,0,0,0,0,0,0,0,0,0,0,0,0,64,2026-02-06 20:30:26.772589
WNTR,24.58,24.43,24.44,1406600.0,1114000.0,,998.0,0,0,0,0,0,0,0,0,0,0,0,0,0,0,0,0,0,0,0,0,0,0,0,0,0,0,0,0,0,0,64,2026-02-06 20:30:26.772589
SPNG,24.1,23.38,24.1,1185300.0,2975.0,1654200.0,5110.0,0,0,0,0,0,0,0,0,0,0,0,0,0,0,0,0,0,0,0,0,0,0,0,0,0,0,0,0,0,0,65,2026-02-06 20:30:27.822013
SMMR,25.59,25.61,25.77,1185900.0,998.0,1055200.0,5950.0,0,0,0,0,0,0,0,0,0,0,0,0,0,0,0,0,0,0,0,0,0,0,0,0,0,0,0,0,0,0,65,2026-02-06 20:30:27.822013
ATMN,26.09,26.09,26.24,1630500.0,,1217000.0,2975.0,0,0,0,0,0,0,0,0,0,0,0,0,0,0,0,0,0,0,0,0,0,0,0,0,0,0,0,0,0,0,65,2026-02-06 20:30:27.822013
WNTR,24.58,24.43,24.58,1508300.0,2975.0,1013900.0,,0,0,0,0,0,0,0,0,0,0,0,0,0,0,0,0,0,0,0,0,0,0,0,0,0,0,0,0,0,0,65,2026-02-06 20:30:27.822013
SPNG,24.3,24.51,24.53,1279600.0,4088.0,1293100.0,,0,0,0,0,0,0,0,0,0,0,0,0,0,0,0,0,0,0,0,0,0,0,0,0,0,0,0,0,0,0,66,2026-02-06 20:30:28.879120
SMMR,25.59,25.6,25.71,1330200.0,8870.0,1055200.0,9919.0,0,0,0,0,0,0,0,0,0,0,0,0,0,0,0,0,0,0,0,0,0,0,0,0,0,0,0,0,0,0,66,2026-02-06 20:30:28.879120
ATMN,26.25,26.4,26.74,1944800.0,1049.0,1199400.0,,0,0,0,0,0,0,0,0,0,0,0,0,0,0,0,0,0,0,0,0,0,0,0,0,0,0,0,0,0,0,66,2026-02-06 20:30:28.879120
WNTR,24.36,24.36,24.57,1395400.0,,891100.0,8000.0,0,0,0,0,0,0,0,0,0,0,0,0,0,0,0,0,0,0,0,0,0,0,0,0,0,0,0,0,0,0,66,2026-02-06 20:30:28.879120
SPNG,24.51,24.12,24.44,1303400.0,5674.0,1479000.0,,0,0,0,0,0,0,0,0,0,0,0,0,0,0,0,0,0,0,0,0,0,0,0,0,0,0,0,0,0,0,67,2026-02-06 20:30:29.920013
SMMR,25.55,25.55,25.87,1330500.0,511.0,952900.0,,0,0,0,0,0,0,0,0,0,0,0,0,0,0,0,0,0,0,0,0,0,0,0,0,0,0,0,0,0,0,67,2026-02-06 20:30:29.920013
ATMN,26.19,26.19,26.46,1857100.0,7545.0,1380700.0,,0,0,0,0,0,0,0,0,0,0,0,0,0,0,0,0,0,0,0,0,0,0,0,0,0,0,0,0,0,0,67,2026-02-06 20:30:29.920013
WNTR,24.35,24.37,24.55,1363500.0,6253.0,987600.0,16500.0,0,0,0,0,0,0,0,0,0,0,0,0,0,0,0,0,0,0,0,0,0,0,0,0,0,0,0,0,0,0,67,2026-02-06 20:30:29.920013
SPNG,24.12,24.12,24.22,1303400.0,5674.0,1708900.0,100.0,0,0,0,0,0,0,0,0,0,0,0,0,0,0,0,0,0,0,0,0,0,0,0,0,0,0,0,0,0,0,68,2026-02-06 20:30:30.987766
SMMR,25.55,25.59,25.74,1431700.0,9370.0,1142900.0,100.0,0,0,0,0,0,0,0,0,0,0,0,0,0,0,0,0,0,0,0,0,0,0,0,0,0,0,0,0,0,0,68,2026-02-06 20:30:30.987766
ATMN,26.4,26.4,26.46,1868400.0,14853.0,1496000.0,200.0,0,0,0,0,0,0,0,0,0,0,0,0,0,0,0,0,0,0,0,0,0,0,0,0,0,0,0,0,0,0,68,2026-02-06 20:30:30.987766
WNTR,24.39,24.28,24.34,1235100.0,,1103900.0,26000.0,0,0,0,0,0,0,0,0,0,0,0,0,0,0,0,0,0,0,0,0,0,0,0,0,0,0,0,0,0,0,68,2026-02-06 20:30:30.987766
SPNG,24.22,24.32,24.41,1423900.0,5774.0,100.0,1586700.0,0,0,0,0,0,0,0,0,0,0,0,0,0,0,0,0,0,0,0,0,0,0,0,0,0,0,0,0,0,0,69,2026-02-06 20:30:32.111514
SMMR,25.74,25.59,25.6,1650800.0,9470.0,5899.0,1142900.0,0,0,0,0,0,0,0,0,0,0,0,0,0,0,0,0,0,0,0,0,0,0,0,0,0,0,0,0,0,0,69,2026-02-06 20:30:32.111514
ATMN,26.4,26.24,26.29,1867700.0,7874.0,2128.0,1609300.0,0,0,0,0,0,0,0,0,0,0,0,0,0,0,0,0,0,0,0,0,0,0,0,0,0,0,0,0,0,0,69,2026-02-06 20:30:32.111514
WNTR,24.39,24.53,24.55,1454400.0,9500.0,16500.0,1074900.0,0,0,0,0,0,0,0,0,0,0,0,0,0,0,0,0,0,0,0,0,0,0,0,0,0,0,0,0,0,0,69,2026-02-06 20:30:32.111514
SPNG,24.12,23.65,23.83,5674.0,1185300.0,1812600.0,100.0,0,0,0,0,0,0,0,0,0,0,0,0,0,0,0,0,0,0,0,0,0,0,0,0,0,0,0,0,0,0,70,2026-02-06 20:30:32.690182
SMMR,25.74,25.78,25.85,9470.0,1856800.0,1044200.0,100.0,0,0,0,0,0,0,0,0,0,0,0,0,0,0,0,0,0,0,0,0,0,0,0,0,0,0,0,0,0,0,70,2026-02-06 20:30:32.690182
ATMN,26.46,26.24,26.46,,2076400.0,1666700.0,,0,0,0,0,0,0,0,0,0,0,0,0,0,0,0,0,0,0,0,0,0,0,0,0,0,0,0,0,0,0,70,2026-02-06 20:30:32.690182
WNTR,24.52,24.52,24.6,,1454400.0,1081900.0,,0,0,0,0,0,0,0,0,0,0,0,0,0,0,0,0,0,0,0,0,0,0,0,0,0,0,0,0,0,0,70,2026-02-06 20:30:32.690182
SPNG,24.44,23.89,24.44,1420500.0,9825.0,1691700.0,,0,0,0,0,0,0,0,0,0,0,0,0,0,0,0,0,0,0,0,0,0,0,0,0,0,0,0,0,0,0,71,2026-02-06 20:30:33.758375
SMMR,25.87,25.82,25.85,1856800.0,10000.0,1347300.0,,0,0,0,0,0,0,0,0,0,0,0,0,0,0,0,0,0,0,0,0,0,0,0,0,0,0,0,0,0,0,71,2026-02-06 20:30:33.758375
ATMN,26.61,26.26,26.32,2076400.0,1928.0,1784900.0,,0,0,0,0,0,0,0,0,0,0,0,0,0,0,0,0,0,0,0,0,0,0,0,0,0,0,0,0,0,0,71,2026-02-06 20:30:33.758375
WNTR,24.35,24.35,24.58,1352900.0,,1277800.0,5653.0,0,0,0,0,0,0,0,0,0,0,0,0,0,0,0,0,0,0,0,0,0,0,0,0,0,0,0,0,0,0,71,2026-02-06 20:30:33.758375
SPNG,24.44,24.25,24.32,1646400.0,18220.0,1784900.0,100.0,0,0,0,0,0,0,0,0,0,0,0,0,0,0,0,0,0,0,0,0,0,0,0,0,0,0,0,0,0,0,72,2026-02-06 20:30:34.815929
SMMR,25.85,25.83,25.85,1856800.0,15900.0,1665400.0,100.0,0,0,0,0,0,0,0,0,0,0,0,0,0,0,0,0,0,0,0,0,0,0,0,0,0,0,0,0,0,0,72,2026-02-06 20:30:34.815929
ATMN,26.18,26.18,26.45,1853300.0,,1804800.0,,0,0,0,0,0,0,0,0,0,0,0,0,0,0,0,0,0,0,0,0,0,0,0,0,0,0,0,0,0,0,72,2026-02-06 20:30:34.815929
WNTR,24.35,24.5,24.58,1556100.0,,1498300.0,5653.0,0,0,0,0,0,0,0,0,0,0,0,0,0,0,0,0,0,0,0,0,0,0,0,0,0,0,0,0,0,0,72,2026-02-06 20:30:34.815929
SPNG,24.25,24.25,24.31,1769800.0,18220.0,200.0,1798200.0,0,0,0,0,0,0,0,0,0,0,0,0,0,0,0,0,0,0,0,0,0,0,0,0,0,0,0,0,0,0,73,2026-02-06 20:30:35.863859
SMMR,25.78,25.78,25.79,1856800.0,,9725.0,1874900.0,0,0,0,0,0,0,0,0,0,0,0,0,0,0,0,0,0,0,0,0,0,0,0,0,0,0,0,0,0,0,73,2026-02-06 20:30:35.863859
ATMN,26.45,26.15,26.45,1742600.0,,,1889500.0,0,0,0,0,0,0,0,0,0,0,0,0,0,0,0,0,0,0,0,0,0,0,0,0,0,0,0,0,0,0,73,2026-02-06 20:30:35.863859
WNTR,24.35,24.48,24.56,1470600.0,100.0,7526.0,1498300.0,0,0,0,0,0,0,0,0,0,0,0,0,0,0,0,0,0,0,0,0,0,0,0,0,0,0,0,0,0,0,73,2026-02-06 20:30:35.863859
SPNG,24.39,24.39,24.4,1869900.0,18220.0,100.0,1890500.0,0,0,0,0,0,0,0,0,0,0,0,0,0,0,0,0,0,0,0,0,0,0,0,0,0,0,0,0,0,0,74,2026-02-06 20:30:36.921781
SMMR,25.85,25.78,25.79,1984500.0,10000.0,200.0,1785800.0,0,0,0,0,0,0,0,0,0,0,0,0,0,0,0,0,0,0,0,0,0,0,0,0,0,0,0,0,0,0,74,2026-02-06 20:30:36.921781
ATMN,26.15,26.15,26.27,1742600.0,,,1868700.0,0,0,0,0,0,0,0,0,0,0,0,0,0,0,0,0,0,0,0,0,0,0,0,0,0,0,0,0,0,0,74,2026-02-06 20:30:36.921781
WNTR,24.58,24.53,24.58,1568200.0,10100.0,,1701100.0,0,0,0,0,0,0,0,0,0,0,0,0,0,0,0,0,0,0,0,0,0,0,0,0,0,0,0,0,0,0,74,2026-02-06 20:30:36.921781
SPNG,24.25,23.89,24.04,1623900.0,2016200.0,,,0,0,0,0,0,0,0,0,0,0,0,0,0,0,0,0,0,0,0,0,0,0,0,0,0,0,0,0,0,0,75,2026-02-06 20:30:37.965578
SMMR,25.68,25.71,25.74,1881900.0,1897700.0,9725.0,5606.0,0,0,0,0,0,0,0,0,0,0,0,0,0,0,0,0,0,0,0,0,0,0,0,0,0,0,0,0,0,0,75,2026-02-06 20:30:37.965578
ATMN,26.16,26.15,26.16,1918900.0,1862600.0,,,0,0,0,0,0,0,0,0,0,0,0,0,0,0,0,0,0,0,0,0,0,0,0,0,0,0,0,0,0,0,75,2026-02-06 20:30:37.965578
WNTR,24.46,24.46,24.58,1568200.0,2060400.0,,,0,0,0,0,0,0,0,0,0,0,0,0,0,0,0,0,0,0,0,0,0,0,0,0,0,0,0,0,0,0,75,2026-02-06 20:30:37.965578
SPNG,24.25,23.91,24.03,1973400.0,100.0,1920000.0,,0,0,0,0,0,0,0,0,0,0,0,0,0,0,0,0,0,0,0,0,0,0,0,0,0,0,0,0,0,0,76,2026-02-06 20:30:39.040445
SMMR,25.66,25.66,25.73,1981400.0,15057.0,1897700.0,,0,0,0,0,0,0,0,0,0,0,0,0,0,0,0,0,0,0,0,0,0,0,0,0,0,0,0,0,0,0,76,2026-02-06 20:30:39.040445
ATMN,26.13,26.2,26.25,1927100.0,5479.0,1761600.0,6673.0,0,0,0,0,0,0,0,0,0,0,0,0,0,0,0,0,0,0,0,0,0,0,0,0,0,0,0,0,0,0,76,2026-02-06 20:30:39.040445
WNTR,24.59,24.57,24.59,1568200.0,,2078800.0,100.0,0,0,0,0,0,0,0,0,0,0,0,0,0,0,0,0,0,0,0,0,0,0,0,0,0,0,0,0,0,0,76,2026-02-06 20:30:39.040445
SPNG,23.91,23.91,24.36,1973400.0,1988300.0,,0,0,0,0,0,0,0,0,0,0,0,0,0,0,0,0,0,0,0,0,0,0,0,0,0,0,0,0,0,0,0,77,2026-02-06 20:30:39.703892
SMMR,25.57,25.57,25.73,1994000.0,1897700.0,15057.0,0,0,0,0,0,0,0,0,0,0,0,0,0,0,0,0,0,0,0,0,0,0,0,0,0,0,0,0,0,0,0,77,2026-02-06 20:30:39.703892
ATMN,26.55,26.09,26.55,1806800.0,1874200.0,,0,0,0,0,0,0,0,0,0,0,0,0,0,0,0,0,0,0,0,0,0,0,0,0,0,0,0,0,0,0,0,77,2026-02-06 20:30:39.703892
WNTR,24.51,24.46,24.51,1568200.0,2134100.0,,0,0,0,0,0,0,0,0,0,0,0,0,0,0,0,0,0,0,0,0,0,0,0,0,0,0,0,0,0,0,0,77,2026-02-06 20:30:39.703892
SPNG,23.91,23.93,24.05,2073900.0,2006300.0,,,0,0,0,0,0,0,0,0,0,0,0,0,0,0,0,0,0,0,0,0,0,0,0,0,0,0,0,0,0,0,78,2026-02-06 20:30:40.753824
SMMR,25.57,25.57,25.67,2106900.0,1787800.0,25057.0,,0,0,0,0,0,0,0,0,0,0,0,0,0,0,0,0,0,0,0,0,0,0,0,0,0,0,0,0,0,0,78,2026-02-06 20:30:40.753824
ATMN,26.55,26.29,26.43,2003300.0,1745000.0,10000.0,3854.0,0,0,0,0,0,0,0,0,0,0,0,0,0,0,0,0,0,0,0,0,0,0,0,0,0,0,0,0,0,0,78,2026-02-06 20:30:40.753824
WNTR,24.59,24.47,24.59,1694900.0,2111500.0,,4870.0,0,0,0,0,0,0,0,0,0,0,0,0,0,0,0,0,0,0,0,0,0,0,0,0,0,0,0,0,0,0,78,2026-02-06 20:30:40.753824
SPNG,23.91,23.93,24.04,2221300.0,2860.0,1901300.0,,0,0,0,0,0,0,0,0,0,0,0,0,0,0,0,0,0,0,0,0,0,0,0,0,0,0,0,0,0,0,79,2026-02-06 20:30:41.799111
SMMR,25.67,25.59,25.63,2169000.0,26000.0,1696500.0,,0,0,0,0,0,0,0,0,0,0,0,0,0,0,0,0,0,0,0,0,0,0,0,0,0,0,0,0,0,0,79,2026-02-06 20:30:41.799111
ATMN,26.29,26.17,26.26,1908500.0,20000.0,1709600.0,3854.0,0,0,0,0,0,0,0,0,0,0,0,0,0,0,0,0,0,0,0,0,0,0,0,0,0,0,0,0,0,0,79,2026-02-06 20:30:41.799111
WNTR,24.28,24.28,24.35,1434000.0,,2120200.0,,0,0,0,0,0,0,0,0,0,0,0,0,0,0,0,0,0,0,0,0,0,0,0,0,0,0,0,0,0,0,79,2026-02-06 20:30:41.799111
SPNG,24.05,24.33,24.36,2164600.0,1997200.0,,,0,0,0,0,0,0,0,0,0,0,0,0,0,0,0,0,0,0,0,0,0,0,0,0,0,0,0,0,0,0,80,2026-02-06 20:30:42.849175
SMMR,25.68,25.64,25.68,2130000.0,1782600.0,25057.0,,0,0,0,0,0,0,0,0,0,0,0,0,0,0,0,0,0,0,0,0,0,0,0,0,0,0,0,0,0,0,80,2026-02-06 20:30:42.849175
ATMN,26.26,26.17,26.26,2047100.0,1748300.0,20000.0,3854.0,0,0,0,0,0,0,0,0,0,0,0,0,0,0,0,0,0,0,0,0,0,0,0,0,0,0,0,0,0,0,80,2026-02-06 20:30:42.849175
WNTR,24.6,24.35,24.6,1549800.0,2045500.0,,,0,0,0,0,0,0,0,0,0,0,0,0,0,0,0,0,0,0,0,0,0,0,0,0,0,0,0,0,0,0,80,2026-02-06 20:30:42.849175
SPNG,23.93,23.93,24.36,2211900.0,1999200.0,,0,0,0,0,0,0,0,0,0,0,0,0,0,0,0,0,0,0,0,0,0,0,0,0,0,0,0,0,0,0,0,81,2026-02-06 20:30:43.887228
SMMR,25.68,25.7,25.72,1999000.0,2104100.0,943.0,0,0,0,0,0,0,0,0,0,0,0,0,0,0,0,0,0,0,0,0,0,0,0,0,0,0,0,0,0,0,0,81,2026-02-06 20:30:43.887228
ATMN,26.55,26.29,26.55,2067000.0,1880900.0,2146.0,0,0,0,0,0,0,0,0,0,0,0,0,0,0,0,0,0,0,0,0,0,0,0,0,0,0,0,0,0,0,0,81,2026-02-06 20:30:43.887228
WNTR,24.61,24.37,24.42,1650300.0,2060200.0,6076.0,0,0,0,0,0,0,0,0,0,0,0,0,0,0,0,0,0,0,0,0,0,0,0,0,0,0,0,0,0,0,0,81,2026-02-06 20:30:43.887228
SPNG,24.48,23.96,24.48,4024.0,2080800.0,2030900.0,,0,0,0,0,0,0,0,0,0,0,0,0,0,0,0,0,0,0,0,0,0,0,0,0,0,0,0,0,0,0,82,2026-02-06 20:30:44.920779
SMMR,25.7,25.64,25.66,943.0,2001600.0,2066400.0,,0,0,0,0,0,0,0,0,0,0,0,0,0,0,0,0,0,0,0,0,0,0,0,0,0,0,0,0,0,0,82,2026-02-06 20:30:44.920779
ATMN,26.24,26.42,26.43,2146.0,2060300.0,1783300.0,10000.0,0,0,0,0,0,0,0,0,0,0,0,0,0,0,0,0,0,0,0,0,0,0,0,0,0,0,0,0,0,0,82,2026-02-06 20:30:44.920779
WNTR,24.42,24.38,24.42,6176.0,1857700.0,2055100.0,,0,0,0,0,0,0,0,0,0,0,0,0,0,0,0,0,0,0,0,0,0,0,0,0,0,0,0,0,0,0,82,2026-02-06 20:30:44.920779
SPNG,23.91,23.91,24.13,2225900.0,1938800.0,100.0,,0,0,0,0,0,0,0,0,0,0,0,0,0,0,0,0,0,0,0,0,0,0,0,0,0,0,0,0,0,0,83,2026-02-06 20:30:45.973575
SMMR,25.74,25.71,25.74,1764800.0,1985300.0,5939.0,19167.0,0,0,0,0,0,0,0,0,0,0,0,0,0,0,0,0,0,0,0,0,0,0,0,0,0,0,0,0,0,0,83,2026-02-06 20:30:45.973575
ATMN,26.42,26.18,26.24,1942600.0,1805100.0,10000.0,2246.0,0,0,0,0,0,0,0,0,0,0,0,0,0,0,0,0,0,0,0,0,0,0,0,0,0,0,0,0,0,0,83,2026-02-06 20:30:45.973575
WNTR,24.42,24.38,24.42,1895900.0,2034000.0,,13122.0,0,0,0,0,0,0,0,0,0,0,0,0,0,0,0,0,0,0,0,0,0,0,0,0,0,0,0,0,0,0,83,2026-02-06 20:30:45.973575
SPNG,24.13,24.16,24.44,2092700.0,100.0,100.0,1921700.0,0,0,0,0,0,0,0,0,0,0,0,0,0,0,0,0,0,0,0,0,0,0,0,0,0,0,0,0,0,0,84,2026-02-06 20:30:47.080954
SMMR,25.76,25.71,25.76,1680800.0,20061.0,,2092500.0,0,0,0,0,0,0,0,0,0,0,0,0,0,0,0,0,0,0,0,0,0,0,0,0,0,0,0,0,0,0,84,2026-02-06 20:30:47.080954
ATMN,26.55,26.29,26.55,1800900.0,2346.0,,1892600.0,0,0,0,0,0,0,0,0,0,0,0,0,0,0,0,0,0,0,0,0,0,0,0,0,0,0,0,0,0,0,84,2026-02-06 20:30:47.080954
WNTR,24.39,24.41,24.49,1853800.0,13073.0,6946.0,1937100.0,0,0,0,0,0,0,0,0,0,0,0,0,0,0,0,0,0,0,0,0,0,0,0,0,0,0,0,0,0,0,84,2026-02-06 20:30:47.080954
SPNG,24.16,23.93,24.02,2161900.0,2006800.0,,,0,0,0,0,0,0,0,0,0,0,0,0,0,0,0,0,0,0,0,0,0,0,0,0,0,0,0,0,0,0,85,2026-02-06 20:30:48.189719
SMMR,25.59,25.62,25.73,1956500.0,1990400.0,5939.0,8975.0,0,0,0,0,0,0,0,0,0,0,0,0,0,0,0,0,0,0,0,0,0,0,0,0,0,0,0,0,0,0,85,2026-02-06 20:30:48.189719
ATMN,26.28,26.33,26.55,2053100.0,1892600.0,7379.0,,0,0,0,0,0,0,0,0,0,0,0,0,0,0,0,0,0,0,0,0,0,0,0,0,0,0,0,0,0,0,85,2026-02-06 20:30:48.189719
WNTR,24.39,24.54,24.59,2055300.0,1942200.0,9128.0,6897.0,0,0,0,0,0,0,0,0,0,0,0,0,0,0,0,0,0,0,0,0,0,0,0,0,0,0,0,0,0,0,85,2026-02-06 20:30:48.189719
SPNG,24.02,24.04,24.48,2029300.0,100.0,2019400.0,,0,0,0,0,0,0,0,0,0,0,0,0,0,0,0,0,0,0,0,0,0,0,0,0,0,0,0,0,0,0,86,2026-02-06 20:30:48.784051
SMMR,25.59,25.59,25.73,2054400.0,,1990400.0,8975.0,0,0,0,0,0,0,0,0,0,0,0,0,0,0,0,0,0,0,0,0,0,0,0,0,0,0,0,0,0,0,86,2026-02-06 20:30:48.784051
ATMN,26.43,26.33,26.43,2053100.0,7379.0,1795400.0,3145.0,0,0,0,0,0,0,0,0,0,0,0,0,0,0,0,0,0,0,0,0,0,0,0,0,0,0,0,0,0,0,86,2026-02-06 20:30:48.784051
WNTR,24.52,24.39,24.43,2189900.0,,1988200.0,6897.0,0,0,0,0,0,0,0,0,0,0,0,0,0,0,0,0,0,0,0,0,0,0,0,0,0,0,0,0,0,0,86,2026-02-06 20:30:48.784051
SPNG,23.93,23.93,24.4,2046300.0,100.0,1921000.0,100.0,0,0,0,0,0,0,0,0,0,0,0,0,0,0,0,0,0,0,0,0,0,0,0,0,0,0,0,0,0,0,87,2026-02-06 20:30:49.832290
SMMR,25.7,25.6,25.63,1959200.0,8786.0,2003100.0,8975.0,0,0,0,0,0,0,0,0,0,0,0,0,0,0,0,0,0,0,0,0,0,0,0,0,0,0,0,0,0,0,87,2026-02-06 20:30:49.832290
ATMN,26.17,26.17,26.43,2164200.0,,1813200.0,3145.0,0,0,0,0,0,0,0,0,0,0,0,0,0,0,0,0,0,0,0,0,0,0,0,0,0,0,0,0,0,0,87,2026-02-06 20:30:49.832290
WNTR,24.48,24.5,24.53,2039100.0,9058.0,1943500.0,6897.0,0,0,0,0,0,0,0,0,0,0,0,0,0,0,0,0,0,0,0,0,0,0,0,0,0,0,0,0,0,0,87,2026-02-06 20:30:49.832290
SPNG,24.4,23.99,24.1,1940200.0,200.0,1950000.0,100.0,0,0,0,0,0,0,0,0,0,0,0,0,0,0,0,0,0,0,0,0,0,0,0,0,0,0,0,0,0,0,88,2026-02-06 20:30:50.872087
SMMR,25.63,25.69,25.7,1893200.0,17025.0,2040600.0,8975.0,0,0,0,0,0,0,0,0,0,0,0,0,0,0,0,0,0,0,0,0,0,0,0,0,0,0,0,0,0,0,88,2026-02-06 20:30:50.872087
ATMN,26.17,26.17,26.41,2166200.0,,1745000.0,7438.0,0,0,0,0,0,0,0,0,0,0,0,0,0,0,0,0,0,0,0,0,0,0,0,0,0,0,0,0,0,0,88,2026-02-06 20:30:50.872087
WNTR,24.53,24.51,24.53,1793900.0,17953.0,1946700.0,6897.0,0,0,0,0,0,0,0,0,0,0,0,0,0,0,0,0,0,0,0,0,0,0,0,0,0,0,0,0,0,0,88,2026-02-06 20:30:50.872087
SPNG,24.1,24.22,24.37,1929900.0,200.0,200.0,1842400.0,0,0,0,0,0,0,0,0,0,0,0,0,0,0,0,0,0,0,0,0,0,0,0,0,0,0,0,0,0,0,89,2026-02-06 20:30:51.934757
SMMR,25.71,25.69,25.71,1921800.0,17025.0,8975.0,2014000.0,0,0,0,0,0,0,0,0,0,0,0,0,0,0,0,0,0,0,0,0,0,0,0,0,0,0,0,0,0,0,89,2026-02-06 20:30:51.934757
ATMN,26.52,26.09,26.52,2168700.0,,3145.0,1822700.0,0,0,0,0,0,0,0,0,0,0,0,0,0,0,0,0,0,0,0,0,0,0,0,0,0,0,0,0,0,0,89,2026-02-06 20:30:51.934757
WNTR,24.58,24.58,24.59,1929100.0,10208.0,6897.0,1942200.0,0,0,0,0,0,0,0,0,0,0,0,0,0,0,0,0,0,0,0,0,0,0,0,0,0,0,0,0,0,0,89,2026-02-06 20:30:51.934757
SPNG,24.22,24.07,24.08,2111400.0,2017900.0,,0,0,0,0,0,0,0,0,0,0,0,0,0,0,0,0,0,0,0,0,0,0,0,0,0,0,0,0,0,0,0,90,2026-02-06 20:30:52.976697
SMMR,25.58,25.61,25.76,2001300.0,2128400.0,8567.0,0,0,0,0,0,0,0,0,0,0,0,0,0,0,0,0,0,0,0,0,0,0,0,0,0,0,0,0,0,0,0,90,2026-02-06 20:30:52.976697
ATMN,26.05,26.05,26.46,2057100.0,1936300.0,,0,0,0,0,0,0,0,0,0,0,0,0,0,0,0,0,0,0,0,0,0,0,0,0,0,0,0,0,0,0,0,90,2026-02-06 20:30:52.976697
WNTR,24.62,24.58,24.62,2154700.0,2035000.0,,0,0,0,0,0,0,0,0,0,0,0,0,0,0,0,0,0,0,0,0,0,0,0,0,0,0,0,0,0,0,0,90,2026-02-06 20:30:52.976697
SPNG,24.48,24.07,24.48,2022300.0,100.0,2028700.0,,0,0,0,0,0,0,0,0,0,0,0,0,0,0,0,0,0,0,0,0,0,0,0,0,0,0,0,0,0,0,91,2026-02-06 20:30:54.010230
SMMR,25.77,25.79,25.81,1924200.0,17057.0,2151400.0,,0,0,0,0,0,0,0,0,0,0,0,0,0,0,0,0,0,0,0,0,0,0,0,0,0,0,0,0,0,0,91,2026-02-06 20:30:54.010230
ATMN,26.05,26.05,26.37,2038600.0,,1890600.0,8372.0,0,0,0,0,0,0,0,0,0,0,0,0,0,0,0,0,0,0,0,0,0,0,0,0,0,0,0,0,0,0,91,2026-02-06 20:30:54.010230
WNTR,24.58,24.6,24.62,2029300.0,8684.0,1910500.0,8684.0,0,0,0,0,0,0,0,0,0,0,0,0,0,0,0,0,0,0,0,0,0,0,0,0,0,0,0,0,0,0,91,2026-02-06 20:30:54.010230
SPNG,24.11,24.07,24.11,2022300.0,100.0,1972300.0,100.0,0,0,0,0,0,0,0,0,0,0,0,0,0,0,0,0,0,0,0,0,0,0,0,0,0,0,0,0,0,0,92,2026-02-06 20:30:55.060765
SMMR,25.58,25.82,25.85,1991200.0,8943.0,2146900.0,,0,0,0,0,0,0,0,0,0,0,0,0,0,0,0,0,0,0,0,0,0,0,0,0,0,0,0,0,0,0,92,2026-02-06 20:30:55.060765
ATMN,26.45,26.21,26.45,2043600.0,3956.0,1977100.0,,0,0,0,0,0,0,0,0,0,0,0,0,0,0,0,0,0,0,0,0,0,0,0,0,0,0,0,0,0,0,92,2026-02-06 20:30:55.060765
WNTR,24.61,24.61,24.62,1923800.0,15997.0,1910500.0,8684.0,0,0,0,0,0,0,0,0,0,0,0,0,0,0,0,0,0,0,0,0,0,0,0,0,0,0,0,0,0,0,92,2026-02-06 20:30:55.060765
SPNG,24.53,24.07,24.53,1903000.0,200.0,2033800.0,,0,0,0,0,0,0,0,0,0,0,0,0,0,0,0,0,0,0,0,0,0,0,0,0,0,0,0,0,0,0,93,2026-02-06 20:30:56.133950
SMMR,25.73,25.8,25.81,2114400.0,,2032400.0,9822.0,0,0,0,0,0,0,0,0,0,0,0,0,0,0,0,0,0,0,0,0,0,0,0,0,0,0,0,0,0,0,93,2026-02-06 20:30:56.133950
ATMN,26.46,26.05,26.07,1934100.0,5970.0,1956200.0,,0,0,0,0,0,0,0,0,0,0,0,0,0,0,0,0,0,0,0,0,0,0,0,0,0,0,0,0,0,0,93,2026-02-06 20:30:56.133950
WNTR,24.59,24.6,24.63,2024300.0,8523.0,1938600.0,8523.0,0,0,0,0,0,0,0,0,0,0,0,0,0,0,0,0,0,0,0,0,0,0,0,0,0,0,0,0,0,0,93,2026-02-06 20:30:56.133950
SPNG,24.5,24.16,24.48,6744.0,1690800.0,1903500.0,8054.0,0,0,0,0,0,0,0,0,0,0,0,0,0,0,0,0,0,0,0,0,0,0,0,0,0,0,0,0,0,0,94,2026-02-06 20:30:57.248122
SMMR,25.85,25.8,25.81,8252.0,2000000.0,2066700.0,8252.0,0,0,0,0,0,0,0,0,0,0,0,0,0,0,0,0,0,0,0,0,0,0,0,0,0,0,0,0,0,0,94,2026-02-06 20:30:57.248122
ATMN,26.04,25.99,26.03,8065.0,2056600.0,1883700.0,100.0,0,0,0,0,0,0,0,0,0,0,0,0,0,0,0,0,0,0,0,0,0,0,0,0,0,0,0,0,0,0,94,2026-02-06 20:30:57.248122
WNTR,24.6,24.59,24.6,,2132000.0,1978100.0,7474.0,0,0,0,0,0,0,0,0,0,0,0,0,0,0,0,0,0,0,0,0,0,0,0,0,0,0,0,0,0,0,94,2026-02-06 20:30:57.248122
SPNG,24.02,24.02,24.48,2084400.0,1903500.0,8054.0,,0,0,0,0,0,0,0,0,0,0,0,0,0,0,0,0,0,0,0,0,0,0,0,0,0,0,0,0,0,0,95,2026-02-06 20:30:57.826871
SMMR,25.81,25.79,25.81,2090400.0,2066700.0,8252.0,,0,0,0,0,0,0,0,0,0,0,0,0,0,0,0,0,0,0,0,0,0,0,0,0,0,0,0,0,0,0,95,2026-02-06 20:30:57.826871
ATMN,26.04,26.06,26.46,2015100.0,1936300.0,,8065.0,0,0,0,0,0,0,0,0,0,0,0,0,0,0,0,0,0,0,0,0,0,0,0,0,0,0,0,0,0,0,95,2026-02-06 20:30:57.826871
WNTR,24.59,24.59,24.6,2132000.0,1988700.0,7474.0,,0,0,0,0,0,0,0,0,0,0,0,0,0,0,0,0,0,0,0,0,0,0,0,0,0,0,0,0,0,0,95,2026-02-06 20:30:57.826871
SPNG,23.89,23.89,24.48,2114100.0,2114400.0,,0,0,0,0,0,0,0,0,0,0,0,0,0,0,0,0,0,0,0,0,0,0,0,0,0,0,0,0,0,0,0,96,2026-02-06 20:30:58.861548
SMMR,25.77,25.7,25.75,2118400.0,2120000.0,10000.0,0,0,0,0,0,0,0,0,0,0,0,0,0,0,0,0,0,0,0,0,0,0,0,0,0,0,0,0,0,0,0,96,2026-02-06 20:30:58.861548
ATMN,25.95,25.95,26.17,2164100.0,1939900.0,,0,0,0,0,0,0,0,0,0,0,0,0,0,0,0,0,0,0,0,0,0,0,0,0,0,0,0,0,0,0,0,96,2026-02-06 20:30:58.861548
WNTR,24.35,24.35,24.59,2222400.0,1984200.0,10000.0,0,0,0,0,0,0,0,0,0,0,0,0,0,0,0,0,0,0,0,0,0,0,0,0,0,0,0,0,0,0,0,96,2026-02-06 20:30:58.861548
SPNG,23.89,24.0,24.47,2009300.0,6912.0,1427.0,2008000.0,0,0,0,0,0,0,0,0,0,0,0,0,0,0,0,0,0,0,0,0,0,0,0,0,0,0,0,0,0,0,97,2026-02-06 20:30:59.913668
SMMR,25.71,25.62,25.63,2106900.0,,10000.0,2146800.0,0,0,0,0,0,0,0,0,0,0,0,0,0,0,0,0,0,0,0,0,0,0,0,0,0,0,0,0,0,0,97,2026-02-06 20:30:59.913668
ATMN,26.47,25.91,26.11,2073400.0,,,1938600.0,0,0,0,0,0,0,0,0,0,0,0,0,0,0,0,0,0,0,0,0,0,0,0,0,0,0,0,0,0,0,97,2026-02-06 20:30:59.913668
WNTR,24.35,24.48,24.55,2077100.0,2857.0,18788.0,1910000.0,0,0,0,0,0,0,0,0,0,0,0,0,0,0,0,0,0,0,0,0,0,0,0,0,0,0,0,0,0,0,97,2026-02-06 20:30:59.913668
SPNG,24.43,24.07,24.35,7012.0,1886500.0,1940000.0,2854.0,0,0,0,0,0,0,0,0,0,0,0,0,0,0,0,0,0,0,0,0,0,0,0,0,0,0,0,0,0,0,98,2026-02-06 20:31:00.980054
SMMR,25.62,25.62,25.75,8000.0,2002800.0,2120000.0,10000.0,0,0,0,0,0,0,0,0,0,0,0,0,0,0,0,0,0,0,0,0,0,0,0,0,0,0,0,0,0,0,98,2026-02-06 20:31:00.980054
ATMN,26.3,26.3,26.39,3909.0,2089000.0,1914900.0,,0,0,0,0,0,0,0,0,0,0,0,0,0,0,0,0,0,0,0,0,0,0,0,0,0,0,0,0,0,0,98,2026-02-06 20:31:00.980054
WNTR,24.6,24.48,24.6,2857.0,2079700.0,2077100.0,,0,0,0,0,0,0,0,0,0,0,0,0,0,0,0,0,0,0,0,0,0,0,0,0,0,0,0,0,0,0,98,2026-02-06 20:31:00.980054
SPNG,24.0,24.0,24.53,1983500.0,6912.0,2107600.0,,0,0,0,0,0,0,0,0,0,0,0,0,0,0,0,0,0,0,0,0,0,0,0,0,0,0,0,0,0,0,99,2026-02-06 20:31:02.033296
SMMR,25.62,25.68,25.75,1943400.0,16765.0,2120000.0,10000.0,0,0,0,0,0,0,0,0,0,0,0,0,0,0,0,0,0,0,0,0,0,0,0,0,0,0,0,0,0,0,99,2026-02-06 20:31:02.033296
ATMN,26.24,26.32,26.39,2110300.0,,1914900.0,,0,0,0,0,0,0,0,0,0,0,0,0,0,0,0,0,0,0,0,0,0,0,0,0,0,0,0,0,0,0,99,2026-02-06 20:31:02.033296
WNTR,24.6,24.53,24.6,1978900.0,12857.0,2108400.0,,0,0,0,0,0,0,0,0,0,0,0,0,0,0,0,0,0,0,0,0,0,0,0,0,0,0,0,0,0,0,99,2026-02-06 20:31:02.033296
SPNG,23.9,24.06,24.33,100.0,2007500.0,2098300.0,,0,0,0,0,0,0,0,0,0,0,0,0,0,0,0,0,0,0,0,0,0,0,0,0,0,0,0,0,0,0,100,2026-02-06 20:31:03.110851
SMMR,25.68,25.68,25.75,,2160100.0,2213800.0,,0,0,0,0,0,0,0,0,0,0,0,0,0,0,0,0,0,0,0,0,0,0,0,0,0,0,0,0,0,0,100,2026-02-06 20:31:03.110851
ATMN,25.85,25.85,26.35,,1885300.0,1828400.0,1110.0,0,0,0,0,0,0,0,0,0,0,0,0,0,0,0,0,0,0,0,0,0,0,0,0,0,0,0,0,0,0,100,2026-02-06 20:31:03.110851
WNTR,24.65,24.62,24.65,7500.0,2104300.0,2044300.0,,0,0,0,0,0,0,0,0,0,0,0,0,0,0,0,0,0,0,0,0,0,0,0,0,0,0,0,0,0,0,100,2026-02-06 20:31:03.110851
SPNG,24.33,24.06,24.33,100.0,2007500.0,2098300.0,,0,0,0,0,0,0,0,0,0,0,0,0,0,0,0,0,0,0,0,0,0,0,0,0,0,0,0,0,0,0,101,2026-02-06 20:31:03.793523
SMMR,25.68,25.68,25.75,,2160100.0,2215400.0,,0,0,0,0,0,0,0,0,0,0,0,0,0,0,0,0,0,0,0,0,0,0,0,0,0,0,0,0,0,0,101,2026-02-06 20:31:03.793523
ATMN,25.85,25.85,26.35,,2010800.0,1828400.0,1110.0,0,0,0,0,0,0,0,0,0,0,0,0,0,0,0,0,0,0,0,0,0,0,0,0,0,0,0,0,0,0,101,2026-02-06 20:31:03.793523
WNTR,24.59,24.59,24.65,,2212000.0,2079700.0,,0,0,0,0,0,0,0,0,0,0,0,0,0,0,0,0,0,0,0,0,0,0,0,0,0,0,0,0,0,0,101,2026-02-06 20:31:03.793523
SPNG,23.85,23.85,24.31,2091000.0,100.0,1981000.0,,0,0,0,0,0,0,0,0,0,0,0,0,0,0,0,0,0,0,0,0,0,0,0,0,0,0,0,0,0,0,102,2026-02-06 20:31:04.946146
SMMR,25.76,25.76,25.8,2088300.0,,2184200.0,7646.0,0,0,0,0,0,0,0,0,0,0,0,0,0,0,0,0,0,0,0,0,0,0,0,0,0,0,0,0,0,0,102,2026-02-06 20:31:04.946146
ATMN,26.31,26.31,26.35,2014900.0,1110.0,1844100.0,7472.0,0,0,0,0,0,0,0,0,0,0,0,0,0,0,0,0,0,0,0,0,0,0,0,0,0,0,0,0,0,0,102,2026-02-06 20:31:04.946146
WNTR,24.45,24.46,24.51,2119800.0,7500.0,1979500.0,7726.0,0,0,0,0,0,0,0,0,0,0,0,0,0,0,0,0,0,0,0,0,0,0,0,0,0,0,0,0,0,0,102,2026-02-06 20:31:04.946146
SPNG,23.83,23.83,24.54,2086400.0,2062000.0,,,0,0,0,0,0,0,0,0,0,0,0,0,0,0,0,0,0,0,0,0,0,0,0,0,0,0,0,0,0,0,103,2026-02-06 20:31:06.001640
SMMR,25.76,25.72,25.75,1977000.0,2189100.0,16200.0,,0,0,0,0,0,0,0,0,0,0,0,0,0,0,0,0,0,0,0,0,0,0,0,0,0,0,0,0,0,0,103,2026-02-06 20:31:06.001640
ATMN,26.31,26.31,26.35,2014900.0,1772100.0,10131.0,8492.0,0,0,0,0,0,0,0,0,0,0,0,0,0,0,0,0,0,0,0,0,0,0,0,0,0,0,0,0,0,0,103,2026-02-06 20:31:06.001640
WNTR,24.65,24.52,24.65,2054600.0,2079700.0,17726.0,,0,0,0,0,0,0,0,0,0,0,0,0,0,0,0,0,0,0,0,0,0,0,0,0,0,0,0,0,0,0,103,2026-02-06 20:31:06.001640
SPNG,23.93,23.83,23.87,2086400.0,2083000.0,,,0,0,0,0,0,0,0,0,0,0,0,0,0,0,0,0,0,0,0,0,0,0,0,0,0,0,0,0,0,0,104,2026-02-06 20:31:07.050272
SMMR,25.72,25.69,25.7,1977000.0,2118300.0,12546.0,7366.0,0,0,0,0,0,0,0,0,0,0,0,0,0,0,0,0,0,0,0,0,0,0,0,0,0,0,0,0,0,0,104,2026-02-06 20:31:07.050272
ATMN,26.42,26.43,26.48,2025000.0,1983100.0,7472.0,,0,0,0,0,0,0,0,0,0,0,0,0,0,0,0,0,0,0,0,0,0,0,0,0,0,0,0,0,0,0,104,2026-02-06 20:31:07.050272
WNTR,24.65,24.52,24.65,2052300.0,2071300.0,17726.0,,0,0,0,0,0,0,0,0,0,0,0,0,0,0,0,0,0,0,0,0,0,0,0,0,0,0,0,0,0,0,104,2026-02-06 20:31:07.050272
SPNG,23.87,24.42,24.54,2070200.0,2073600.0,,0,0,0,0,0,0,0,0,0,0,0,0,0,0,0,0,0,0,0,0,0,0,0,0,0,0,0,0,0,0,0,105,2026-02-06 20:31:08.096402
SMMR,25.7,25.68,25.7,2203600.0,2238700.0,,0,0,0,0,0,0,0,0,0,0,0,0,0,0,0,0,0,0,0,0,0,0,0,0,0,0,0,0,0,0,0,105,2026-02-06 20:31:08.096402
ATMN,26.13,26.17,26.48,2119500.0,1980200.0,,0,0,0,0,0,0,0,0,0,0,0,0,0,0,0,0,0,0,0,0,0,0,0,0,0,0,0,0,0,0,0,105,2026-02-06 20:31:08.096402
WNTR,24.48,24.48,24.68,2261500.0,1952500.0,2139.0,0,0,0,0,0,0,0,0,0,0,0,0,0,0,0,0,0,0,0,0,0,0,0,0,0,0,0,0,0,0,0,105,2026-02-06 20:31:08.096402
SPNG,23.81,23.81,24.51,2076800.0,100.0,1962700.0,,0,0,0,0,0,0,0,0,0,0,0,0,0,0,0,0,0,0,0,0,0,0,0,0,0,0,0,0,0,0,106,2026-02-06 20:31:09.140452
SMMR,25.77,25.7,25.75,2088200.0,7173.0,2147500.0,7173.0,0,0,0,0,0,0,0,0,0,0,0,0,0,0,0,0,0,0,0,0,0,0,0,0,0,0,0,0,0,0,106,2026-02-06 20:31:09.140452
ATMN,25.8,26.15,26.48,2134300.0,,1980200.0,,0,0,0,0,0,0,0,0,0,0,0,0,0,0,0,0,0,0,0,0,0,0,0,0,0,0,0,0,0,0,106,2026-02-06 20:31:09.140452
WNTR,24.61,24.63,24.68,2145600.0,2139.0,1952500.0,7337.0,0,0,0,0,0,0,0,0,0,0,0,0,0,0,0,0,0,0,0,0,0,0,0,0,0,0,0,0,0,0,106,2026-02-06 20:31:09.140452
SPNG,24.55,23.91,24.55,7106.0,1884800.0,2077300.0,0,0,0,0,0,0,0,0,0,0,0,0,0,0,0,0,0,0,0,0,0,0,0,0,0,0,0,0,0,0,0,107,2026-02-06 20:31:10.321993
SMMR,25.7,25.69,25.7,,2193400.0,2207500.0,0,0,0,0,0,0,0,0,0,0,0,0,0,0,0,0,0,0,0,0,0,0,0,0,0,0,0,0,0,0,0,107,2026-02-06 20:31:10.321993
ATMN,26.05,26.05,26.48,17010.0,2043100.0,1980200.0,0,0,0,0,0,0,0,0,0,0,0,0,0,0,0,0,0,0,0,0,0,0,0,0,0,0,0,0,0,0,0,107,2026-02-06 20:31:10.321993
WNTR,24.73,24.53,24.73,,2252600.0,1986000.0,0,0,0,0,0,0,0,0,0,0,0,0,0,0,0,0,0,0,0,0,0,0,0,0,0,0,0,0,0,0,0,107,2026-02-06 20:31:10.321993
SPNG,24.55,23.91,24.44,7106.0,1884800.0,2071300.0,0,0,0,0,0,0,0,0,0,0,0,0,0,0,0,0,0,0,0,0,0,0,0,0,0,0,0,0,0,0,0,108,2026-02-06 20:31:10.885477
SMMR,25.69,25.69,25.8,,2193400.0,2186400.0,0,0,0,0,0,0,0,0,0,0,0,0,0,0,0,0,0,0,0,0,0,0,0,0,0,0,0,0,0,0,0,108,2026-02-06 20:31:10.885477
ATMN,26.09,26.17,26.48,17010.0,2026600.0,1980200.0,0,0,0,0,0,0,0,0,0,0,0,0,0,0,0,0,0,0,0,0,0,0,0,0,0,0,0,0,0,0,0,108,2026-02-06 20:31:10.885477
WNTR,24.73,24.53,24.69,,2252600.0,1995200.0,0,0,0,0,0,0,0,0,0,0,0,0,0,0,0,0,0,0,0,0,0,0,0,0,0,0,0,0,0,0,0,108,2026-02-06 20:31:10.885477
SPNG,24.44,24.27,24.44,1893000.0,7106.0,2076700.0,,0,0,0,0,0,0,0,0,0,0,0,0,0,0,0,0,0,0,0,0,0,0,0,0,0,0,0,0,0,0,109,2026-02-06 20:31:11.931810
SMMR,25.77,25.71,25.76,2089500.0,1017.0,2207400.0,,0,0,0,0,0,0,0,0,0,0,0,0,0,0,0,0,0,0,0,0,0,0,0,0,0,0,0,0,0,0,109,2026-02-06 20:31:11.931810
ATMN,25.88,25.88,26.39,2134300.0,7010.0,1877300.0,1893.0,0,0,0,0,0,0,0,0,0,0,0,0,0,0,0,0,0,0,0,0,0,0,0,0,0,0,0,0,0,0,109,2026-02-06 20:31:11.931810
WNTR,24.73,24.53,24.54,2248000.0,,1950900.0,7135.0,0,0,0,0,0,0,0,0,0,0,0,0,0,0,0,0,0,0,0,0,0,0,0,0,0,0,0,0,0,0,109,2026-02-06 20:31:11.931810
SPNG,23.86,23.78,23.81,2088000.0,1954900.0,1264.0,,0,0,0,0,0,0,0,0,0,0,0,0,0,0,0,0,0,0,0,0,0,0,0,0,0,0,0,0,0,0,110,2026-02-06 20:31:12.980769
SMMR,25.67,25.67,25.75,2196500.0,2133000.0,6875.0,,0,0,0,0,0,0,0,0,0,0,0,0,0,0,0,0,0,0,0,0,0,0,0,0,0,0,0,0,0,0,110,2026-02-06 20:31:12.980769
ATMN,26.39,26.43,26.48,1991100.0,1892500.0,1893.0,7110.0,0,0,0,0,0,0,0,0,0,0,0,0,0,0,0,0,0,0,0,0,0,0,0,0,0,0,0,0,0,0,110,2026-02-06 20:31:12.980769
WNTR,24.57,24.53,24.57,2121300.0,1953900.0,7135.0,6000.0,0,0,0,0,0,0,0,0,0,0,0,0,0,0,0,0,0,0,0,0,0,0,0,0,0,0,0,0,0,0,110,2026-02-06 20:31:12.980769
SPNG,23.77,23.77,24.22,2059400.0,2072700.0,,0,0,0,0,0,0,0,0,0,0,0,0,0,0,0,0,0,0,0,0,0,0,0,0,0,0,0,0,0,0,0,111,2026-02-06 20:31:14.032091
SMMR,25.64,25.64,25.73,2166500.0,2133000.0,7279.0,0,0,0,0,0,0,0,0,0,0,0,0,0,0,0,0,0,0,0,0,0,0,0,0,0,0,0,0,0,0,0,111,2026-02-06 20:31:14.032091
ATMN,26.12,26.12,26.48,2241400.0,1885400.0,2460.0,0,0,0,0,0,0,0,0,0,0,0,0,0,0,0,0,0,0,0,0,0,0,0,0,0,0,0,0,0,0,0,111,2026-02-06 20:31:14.032091
WNTR,24.5,24.5,24.56,2215500.0,1953900.0,5833.0,0,0,0,0,0,0,0,0,0,0,0,0,0,0,0,0,0,0,0,0,0,0,0,0,0,0,0,0,0,0,0,111,2026-02-06 20:31:14.032091
SPNG,24.22,24.22,24.24,1949500.0,3324.0,2073600.0,,0,0,0,0,0,0,0,0,0,0,0,0,0,0,0,0,0,0,0,0,0,0,0,0,0,0,0,0,0,0,112,2026-02-06 20:31:15.073536
SMMR,25.8,25.64,25.8,2132900.0,,2210200.0,,0,0,0,0,0,0,0,0,0,0,0,0,0,0,0,0,0,0,0,0,0,0,0,0,0,0,0,0,0,0,112,2026-02-06 20:31:15.073536
ATMN,26.52,25.88,26.52,2255100.0,,1955200.0,,0,0,0,0,0,0,0,0,0,0,0,0,0,0,0,0,0,0,0,0,0,0,0,0,0,0,0,0,0,0,112,2026-02-06 20:31:15.073536
WNTR,24.5,24.52,24.55,2111500.0,4191.0,1847700.0,14158.0,0,0,0,0,0,0,0,0,0,0,0,0,0,0,0,0,0,0,0,0,0,0,0,0,0,0,0,0,0,0,112,2026-02-06 20:31:15.073536
SPNG,23.74,24.22,24.24,5328.0,1958600.0,1971400.0,100.0,0,0,0,0,0,0,0,0,0,0,0,0,0,0,0,0,0,0,0,0,0,0,0,0,0,0,0,0,0,0,113,2026-02-06 20:31:16.110707
SMMR,25.82,25.78,25.82,6566.0,2013500.0,2180700.0,,0,0,0,0,0,0,0,0,0,0,0,0,0,0,0,0,0,0,0,0,0,0,0,0,0,0,0,0,0,0,113,2026-02-06 20:31:16.110707
ATMN,26.41,25.79,26.41,,2159000.0,1853100.0,100.0,0,0,0,0,0,0,0,0,0,0,0,0,0,0,0,0,0,0,0,0,0,0,0,0,0,0,0,0,0,0,113,2026-02-06 20:31:16.110707
WNTR,24.68,24.54,24.68,6104.0,2007800.0,1993900.0,,0,0,0,0,0,0,0,0,0,0,0,0,0,0,0,0,0,0,0,0,0,0,0,0,0,0,0,0,0,0,113,2026-02-06 20:31:16.110707
SPNG,24.22,23.74,23.81,2066800.0,1879400.0,839.0,,0,0,0,0,0,0,0,0,0,0,0,0,0,0,0,0,0,0,0,0,0,0,0,0,0,0,0,0,0,0,114,2026-02-06 20:31:17.162633
SMMR,25.78,25.78,25.82,2013500.0,2110300.0,2910.0,6566.0,0,0,0,0,0,0,0,0,0,0,0,0,0,0,0,0,0,0,0,0,0,0,0,0,0,0,0,0,0,0,114,2026-02-06 20:31:17.162633
ATMN,25.94,25.84,25.94,2138400.0,1759000.0,3663.0,7885.0,0,0,0,0,0,0,0,0,0,0,0,0,0,0,0,0,0,0,0,0,0,0,0,0,0,0,0,0,0,0,114,2026-02-06 20:31:17.162633
WNTR,24.54,24.54,24.65,1997700.0,1972700.0,3729.0,6104.0,0,0,0,0,0,0,0,0,0,0,0,0,0,0,0,0,0,0,0,0,0,0,0,0,0,0,0,0,0,0,114,2026-02-06 20:31:17.162633
SPNG,23.74,23.91,24.24,2043100.0,2099800.0,0,0,0,0,0,0,0,0,0,0,0,0,0,0,0,0,0,0,0,0,0,0,0,0,0,0,0,0,0,0,0,0,115,2026-02-06 20:31:18.247951
SMMR,25.64,25.64,25.85,2098300.0,2179700.0,0,0,0,0,0,0,0,0,0,0,0,0,0,0,0,0,0,0,0,0,0,0,0,0,0,0,0,0,0,0,0,0,115,2026-02-06 20:31:18.247951
ATMN,25.94,25.79,25.94,2230300.0,1942300.0,0,0,0,0,0,0,0,0,0,0,0,0,0,0,0,0,0,0,0,0,0,0,0,0,0,0,0,0,0,0,0,0,115,2026-02-06 20:31:18.247951
WNTR,24.68,24.59,24.68,2210500.0,2070700.0,0,0,0,0,0,0,0,0,0,0,0,0,0,0,0,0,0,0,0,0,0,0,0,0,0,0,0,0,0,0,0,0,115,2026-02-06 20:31:18.247951
SPNG,24.56,23.74,24.56,2053200.0,2108500.0,,0,0,0,0,0,0,0,0,0,0,0,0,0,0,0,0,0,0,0,0,0,0,0,0,0,0,0,0,0,0,0,116,2026-02-06 20:31:19.364801
SMMR,25.86,25.66,25.86,2135200.0,2146400.0,,0,0,0,0,0,0,0,0,0,0,0,0,0,0,0,0,0,0,0,0,0,0,0,0,0,0,0,0,0,0,0,116,2026-02-06 20:31:19.364801
ATMN,26.18,26.4,26.41,2077700.0,1973400.0,464.0,0,0,0,0,0,0,0,0,0,0,0,0,0,0,0,0,0,0,0,0,0,0,0,0,0,0,0,0,0,0,0,116,2026-02-06 20:31:19.364801
WNTR,24.68,24.63,24.68,2092100.0,2070700.0,222.0,0,0,0,0,0,0,0,0,0,0,0,0,0,0,0,0,0,0,0,0,0,0,0,0,0,0,0,0,0,0,0,116,2026-02-06 20:31:19.364801
SPNG,24.56,24.24,24.56,2080100.0,2108500.0,,0,0,0,0,0,0,0,0,0,0,0,0,0,0,0,0,0,0,0,0,0,0,0,0,0,0,0,0,0,0,0,117,2026-02-06 20:31:19.933461
SMMR,25.86,25.76,25.86,2107800.0,2133800.0,,0,0,0,0,0,0,0,0,0,0,0,0,0,0,0,0,0,0,0,0,0,0,0,0,0,0,0,0,0,0,0,117,2026-02-06 20:31:19.933461
ATMN,26.4,26.13,26.24,2094900.0,1990400.0,464.0,0,0,0,0,0,0,0,0,0,0,0,0,0,0,0,0,0,0,0,0,0,0,0,0,0,0,0,0,0,0,0,117,2026-02-06 20:31:19.933461
WNTR,24.52,24.52,24.56,2232600.0,2087600.0,,0,0,0,0,0,0,0,0,0,0,0,0,0,0,0,0,0,0,0,0,0,0,0,0,0,0,0,0,0,0,0,117,2026-02-06 20:31:19.933461
SPNG,24.24,23.74,24.19,2053200.0,2148700.0,0,0,0,0,0,0,0,0,0,0,0,0,0,0,0,0,0,0,0,0,0,0,0,0,0,0,0,0,0,0,0,0,118,2026-02-06 20:31:20.972673
SMMR,25.82,25.82,25.86,2081600.0,2126500.0,0,0,0,0,0,0,0,0,0,0,0,0,0,0,0,0,0,0,0,0,0,0,0,0,0,0,0,0,0,0,0,0,118,2026-02-06 20:31:20.972673
ATMN,25.79,25.79,26.24,2209800.0,2004100.0,0,0,0,0,0,0,0,0,0,0,0,0,0,0,0,0,0,0,0,0,0,0,0,0,0,0,0,0,0,0,0,0,118,2026-02-06 20:31:20.972673
WNTR,24.69,24.52,24.69,2231500.0,2047200.0,0,0,0,0,0,0,0,0,0,0,0,0,0,0,0,0,0,0,0,0,0,0,0,0,0,0,0,0,0,0,0,0,118,2026-02-06 20:31:20.972673
SPNG,23.74,23.74,24.19,2062300.0,2148700.0,0,0,0,0,0,0,0,0,0,0,0,0,0,0,0,0,0,0,0,0,0,0,0,0,0,0,0,0,0,0,0,0,119,2026-02-06 20:31:22.009218
SMMR,25.87,25.76,25.87,2095500.0,2106000.0,0,0,0,0,0,0,0,0,0,0,0,0,0,0,0,0,0,0,0,0,0,0,0,0,0,0,0,0,0,0,0,0,119,2026-02-06 20:31:22.009218
ATMN,25.77,25.77,26.39,2260800.0,1984800.0,0,0,0,0,0,0,0,0,0,0,0,0,0,0,0,0,0,0,0,0,0,0,0,0,0,0,0,0,0,0,0,0,119,2026-02-06 20:31:22.009218
WNTR,24.71,24.57,24.71,2212200.0,2013200.0,0,0,0,0,0,0,0,0,0,0,0,0,0,0,0,0,0,0,0,0,0,0,0,0,0,0,0,0,0,0,0,0,119,2026-02-06 20:31:22.009218
SPNG,24.49,24.06,0.0,200000.0,,0,0,0,0,0,0,0,0,0,0,0,0,0,0,0,0,0,0,0,0,0,0,0,0,0,0,0,0,0,0,0,0,120,2026-02-06 20:31:23.061703
SMMR,25.66,24.32,24.56,947800.0,814700.0,0,0,0,0,0,0,0,0,0,0,0,0,0,0,0,0,0,0,0,0,0,0,0,0,0,0,0,0,0,0,0,0,120,2026-02-06 20:31:23.061703
ATMN,25.77,26.74,0.0,200000.0,,0,0,0,0,0,0,0,0,0,0,0,0,0,0,0,0,0,0,0,0,0,0,0,0,0,0,0,0,0,0,0,0,120,2026-02-06 20:31:23.061703
WNTR,24.75,23.2,0.0,200000.0,,0,0,0,0,0,0,0,0,0,0,0,0,0,0,0,0,0,0,0,0,0,0,0,0,0,0,0,0,0,0,0,0,120,2026-02-06 20:31:23.061703
SPNG,24.06,24.06,24.46,986300.0,908400.0,,0,0,0,0,0,0,0,0,0,0,0,0,0,0,0,0,0,0,0,0,0,0,0,0,0,0,0,0,0,0,0,121,2026-02-06 20:31:24.100735
SMMR,24.32,24.32,24.35,947800.0,1069700.0,,0,0,0,0,0,0,0,0,0,0,0,0,0,0,0,0,0,0,0,0,0,0,0,0,0,0,0,0,0,0,0,121,2026-02-06 20:31:24.100735
ATMN,26.65,26.65,26.98,989800.0,902100.0,,0,0,0,0,0,0,0,0,0,0,0,0,0,0,0,0,0,0,0,0,0,0,0,0,0,0,0,0,0,0,0,121,2026-02-06 20:31:24.100735
WNTR,24.75,23.22,23.29,857500.0,1195900.0,5500.0,0,0,0,0,0,0,0,0,0,0,0,0,0,0,0,0,0,0,0,0,0,0,0,0,0,0,0,0,0,0,0,121,2026-02-06 20:31:24.100735
SPNG,23.93,23.93,24.33,1014200.0,1129500.0,4363.0,0,0,0,0,0,0,0,0,0,0,0,0,0,0,0,0,0,0,0,0,0,0,0,0,0,0,0,0,0,0,0,122,2026-02-06 20:31:25.139645
SMMR,24.22,24.22,24.35,962700.0,1332200.0,4570.0,0,0,0,0,0,0,0,0,0,0,0,0,0,0,0,0,0,0,0,0,0,0,0,0,0,0,0,0,0,0,0,122,2026-02-06 20:31:25.139645
ATMN,26.65,26.65,26.96,1216800.0,902100.0,4466.0,0,0,0,0,0,0,0,0,0,0,0,0,0,0,0,0,0,0,0,0,0,0,0,0,0,0,0,0,0,0,0,122,2026-02-06 20:31:25.139645
WNTR,22.81,22.99,23.27,953300.0,1195900.0,5500.0,0,0,0,0,0,0,0,0,0,0,0,0,0,0,0,0,0,0,0,0,0,0,0,0,0,0,0,0,0,0,0,122,2026-02-06 20:31:25.139645
SPNG,23.79,23.65,23.79,1103700.0,1238700.0,,,0,0,0,0,0,0,0,0,0,0,0,0,0,0,0,0,0,0,0,0,0,0,0,0,0,0,0,0,0,0,123,2026-02-06 20:31:26.252320
SMMR,24.22,24.22,24.27,962700.0,1696000.0,,,0,0,0,0,0,0,0,0,0,0,0,0,0,0,0,0,0,0,0,0,0,0,0,0,0,0,0,0,0,0,123,2026-02-06 20:31:26.252320
ATMN,26.63,26.63,26.98,1310600.0,902100.0,522.0,522.0,0,0,0,0,0,0,0,0,0,0,0,0,0,0,0,0,0,0,0,0,0,0,0,0,0,0,0,0,0,0,123,2026-02-06 20:31:26.252320
WNTR,23.21,23.21,23.23,1082200.0,1306400.0,522.0,,0,0,0,0,0,0,0,0,0,0,0,0,0,0,0,0,0,0,0,0,0,0,0,0,0,0,0,0,0,0,123,2026-02-06 20:31:26.252320
SPNG,23.87,23.87,24.33,1214200.0,522.0,1317300.0,,0,0,0,0,0,0,0,0,0,0,0,0,0,0,0,0,0,0,0,0,0,0,0,0,0,0,0,0,0,0,124,2026-02-06 20:31:26.982542
SMMR,24.0,24.0,24.14,987900.0,,1822600.0,1044.0,0,0,0,0,0,0,0,0,0,0,0,0,0,0,0,0,0,0,0,0,0,0,0,0,0,0,0,0,0,0,124,2026-02-06 20:31:26.982542
ATMN,26.98,27.22,27.24,1422600.0,522.0,907900.0,,0,0,0,0,0,0,0,0,0,0,0,0,0,0,0,0,0,0,0,0,0,0,0,0,0,0,0,0,0,0,124,2026-02-06 20:31:26.982542
WNTR,23.21,23.21,23.29,1082200.0,522.0,1431300.0,,0,0,0,0,0,0,0,0,0,0,0,0,0,0,0,0,0,0,0,0,0,0,0,0,0,0,0,0,0,0,124,2026-02-06 20:31:26.982542
SPNG,23.87,23.87,24.22,1444000.0,2192.0,3340.0,1317300.0,0,0,0,0,0,0,0,0,0,0,0,0,0,0,0,0,0,0,0,0,0,0,0,0,0,0,0,0,0,0,125,2026-02-06 20:31:28.063995
SMMR,23.96,23.58,23.9,1025900.0,,4384.0,2074900.0,0,0,0,0,0,0,0,0,0,0,0,0,0,0,0,0,0,0,0,0,0,0,0,0,0,0,0,0,0,0,125,2026-02-06 20:31:28.063995
ATMN,26.67,26.63,26.64,1310600.0,,1670.0,1223800.0,0,0,0,0,0,0,0,0,0,0,0,0,0,0,0,0,0,0,0,0,0,0,0,0,0,0,0,0,0,0,125,2026-02-06 20:31:28.063995
WNTR,23.15,23.02,23.15,1176400.0,,,1443100.0,0,0,0,0,0,0,0,0,0,0,0,0,0,0,0,0,0,0,0,0,0,0,0,0,0,0,0,0,0,0,125,2026-02-06 20:31:28.063995
SPNG,24.33,24.08,24.33,1665200.0,1317300.0,,0,0,0,0,0,0,0,0,0,0,0,0,0,0,0,0,0,0,0,0,0,0,0,0,0,0,0,0,0,0,0,126,2026-02-06 20:31:29.124409
SMMR,23.82,23.87,23.9,1354100.0,2074900.0,562.0,0,0,0,0,0,0,0,0,0,0,0,0,0,0,0,0,0,0,0,0,0,0,0,0,0,0,0,0,0,0,0,126,2026-02-06 20:31:29.124409
ATMN,26.64,26.63,26.64,1543800.0,1223800.0,562.0,0,0,0,0,0,0,0,0,0,0,0,0,0,0,0,0,0,0,0,0,0,0,0,0,0,0,0,0,0,0,0,126,2026-02-06 20:31:29.124409
WNTR,23.15,23.18,23.37,1506300.0,1428000.0,562.0,0,0,0,0,0,0,0,0,0,0,0,0,0,0,0,0,0,0,0,0,0,0,0,0,0,0,0,0,0,0,0,126,2026-02-06 20:31:29.124409
SPNG,23.87,23.87,24.31,1669600.0,6346.0,1432700.0,,0,0,0,0,0,0,0,0,0,0,0,0,0,0,0,0,0,0,0,0,0,0,0,0,0,0,0,0,0,0,127,2026-02-06 20:31:30.196811
SMMR,24.03,24.05,24.13,1621200.0,1765.0,1822600.0,14273.0,0,0,0,0,0,0,0,0,0,0,0,0,0,0,0,0,0,0,0,0,0,0,0,0,0,0,0,0,0,0,127,2026-02-06 20:31:30.196811
ATMN,27.06,26.89,26.94,1636400.0,,1236300.0,7058.0,0,0,0,0,0,0,0,0,0,0,0,0,0,0,0,0,0,0,0,0,0,0,0,0,0,0,0,0,0,0,127,2026-02-06 20:31:30.196811
WNTR,23.37,23.2,23.31,1506300.0,7225.0,1656600.0,14587.0,0,0,0,0,0,0,0,0,0,0,0,0,0,0,0,0,0,0,0,0,0,0,0,0,0,0,0,0,0,0,127,2026-02-06 20:31:30.196811
SPNG,23.87,23.9,23.98,100.0,1892100.0,1545200.0,6446.0,0,0,0,0,0,0,0,0,0,0,0,0,0,0,0,0,0,0,0,0,0,0,0,0,0,0,0,0,0,0,128,2026-02-06 20:31:31.257025
SMMR,24.03,24.05,24.06,14273.0,1621200.0,2058500.0,7868.0,0,0,0,0,0,0,0,0,0,0,0,0,0,0,0,0,0,0,0,0,0,0,0,0,0,0,0,0,0,0,128,2026-02-06 20:31:31.257025
ATMN,26.75,26.75,26.92,13960.0,1748600.0,1236300.0,100.0,0,0,0,0,0,0,0,0,0,0,0,0,0,0,0,0,0,0,0,0,0,0,0,0,0,0,0,0,0,0,128,2026-02-06 20:31:31.257025
WNTR,23.18,23.02,23.03,662.0,1591300.0,1869800.0,15203.0,0,0,0,0,0,0,0,0,0,0,0,0,0,0,0,0,0,0,0,0,0,0,0,0,0,0,0,0,0,0,128,2026-02-06 20:31:31.257025
SPNG,23.98,23.9,23.98,100.0,2156800.0,1545200.0,6446.0,0,0,0,0,0,0,0,0,0,0,0,0,0,0,0,0,0,0,0,0,0,0,0,0,0,0,0,0,0,0,129,2026-02-06 20:31:32.325507
SMMR,24.06,23.91,24.05,7210.0,1616600.0,1960400.0,7968.0,0,0,0,0,0,0,0,0,0,0,0,0,0,0,0,0,0,0,0,0,0,0,0,0,0,0,0,0,0,0,129,2026-02-06 20:31:32.325507
ATMN,26.75,26.85,26.91,13960.0,1820100.0,1336200.0,200.0,0,0,0,0,0,0,0,0,0,0,0,0,0,0,0,0,0,0,0,0,0,0,0,0,0,0,0,0,0,0,129,2026-02-06 20:31:32.325507
WNTR,23.06,23.12,23.27,762.0,1798500.0,1773600.0,7225.0,0,0,0,0,0,0,0,0,0,0,0,0,0,0,0,0,0,0,0,0,0,0,0,0,0,0,0,0,0,0,129,2026-02-06 20:31:32.325507
SPNG,24.46,23.91,23.98,2364.0,2156800.0,100.0,1209200.0,0,0,0,0,0,0,0,0,0,0,0,0,0,0,0,0,0,0,0,0,0,0,0,0,0,0,0,0,0,0,130,2026-02-06 20:31:33.442090
SMMR,23.92,23.91,23.92,,1849100.0,100.0,2196600.0,0,0,0,0,0,0,0,0,0,0,0,0,0,0,0,0,0,0,0,0,0,0,0,0,0,0,0,0,0,0,130,2026-02-06 20:31:33.442090
ATMN,27.13,26.75,27.07,,1949000.0,100.0,1325200.0,0,0,0,0,0,0,0,0,0,0,0,0,0,0,0,0,0,0,0,0,0,0,0,0,0,0,0,0,0,0,130,2026-02-06 20:31:33.442090
WNTR,23.12,23.05,23.06,9915.0,2078300.0,,2001400.0,0,0,0,0,0,0,0,0,0,0,0,0,0,0,0,0,0,0,0,0,0,0,0,0,0,0,0,0,0,0,130,2026-02-06 20:31:33.442090
SPNG,23.98,23.99,24.46,2252800.0,2364.0,1209200.0,,0,0,0,0,0,0,0,0,0,0,0,0,0,0,0,0,0,0,0,0,0,0,0,0,0,0,0,0,0,0,131,2026-02-06 20:31:34.065438
SMMR,24.03,24.03,24.06,2098900.0,,2271600.0,,0,0,0,0,0,0,0,0,0,0,0,0,0,0,0,0,0,0,0,0,0,0,0,0,0,0,0,0,0,0,131,2026-02-06 20:31:34.065438
ATMN,26.63,26.63,27.07,1847100.0,,1325200.0,100.0,0,0,0,0,0,0,0,0,0,0,0,0,0,0,0,0,0,0,0,0,0,0,0,0,0,0,0,0,0,0,131,2026-02-06 20:31:34.065438
WNTR,23.12,23.05,23.06,2050300.0,9915.0,2126700.0,,0,0,0,0,0,0,0,0,0,0,0,0,0,0,0,0,0,0,0,0,0,0,0,0,0,0,0,0,0,0,131,2026-02-06 20:31:34.065438
SPNG,24.03,23.99,24.03,2199500.0,2364.0,1452900.0,100.0,0,0,0,0,0,0,0,0,0,0,0,0,0,0,0,0,0,0,0,0,0,0,0,0,0,0,0,0,0,0,132,2026-02-06 20:31:35.111602
SMMR,24.06,23.91,24.06,1963100.0,,2311100.0,,0,0,0,0,0,0,0,0,0,0,0,0,0,0,0,0,0,0,0,0,0,0,0,0,0,0,0,0,0,0,132,2026-02-06 20:31:35.111602
ATMN,27.15,26.99,27.01,1963500.0,7081.0,1329100.0,100.0,0,0,0,0,0,0,0,0,0,0,0,0,0,0,0,0,0,0,0,0,0,0,0,0,0,0,0,0,0,0,132,2026-02-06 20:31:35.111602
WNTR,23.27,23.05,23.27,1921100.0,18775.0,1898900.0,,0,0,0,0,0,0,0,0,0,0,0,0,0,0,0,0,0,0,0,0,0,0,0,0,0,0,0,0,0,0,132,2026-02-06 20:31:35.111602
SPNG,23.99,23.91,23.94,2364.0,2242800.0,1563700.0,100.0,0,0,0,0,0,0,0,0,0,0,0,0,0,0,0,0,0,0,0,0,0,0,0,0,0,0,0,0,0,0,133,2026-02-06 20:31:36.161353
SMMR,23.96,24.0,24.08,,1942900.0,2304900.0,,0,0,0,0,0,0,0,0,0,0,0,0,0,0,0,0,0,0,0,0,0,0,0,0,0,0,0,0,0,0,133,2026-02-06 20:31:36.161353
ATMN,26.99,26.66,26.69,7081.0,1847100.0,1427400.0,1587.0,0,0,0,0,0,0,0,0,0,0,0,0,0,0,0,0,0,0,0,0,0,0,0,0,0,0,0,0,0,0,133,2026-02-06 20:31:36.161353
WNTR,23.07,23.05,23.07,18775.0,1905500.0,2017500.0,5300.0,0,0,0,0,0,0,0,0,0,0,0,0,0,0,0,0,0,0,0,0,0,0,0,0,0,0,0,0,0,0,133,2026-02-06 20:31:36.161353
SPNG,24.03,23.91,24.03,2364.0,2139500.0,1452900.0,100.0,0,0,0,0,0,0,0,0,0,0,0,0,0,0,0,0,0,0,0,0,0,0,0,0,0,0,0,0,0,0,134,2026-02-06 20:31:37.214791
SMMR,23.87,23.87,24.08,,1833000.0,2316500.0,,0,0,0,0,0,0,0,0,0,0,0,0,0,0,0,0,0,0,0,0,0,0,0,0,0,0,0,0,0,0,134,2026-02-06 20:31:37.214791
ATMN,27.01,26.66,27.01,7181.0,1939200.0,1329100.0,1587.0,0,0,0,0,0,0,0,0,0,0,0,0,0,0,0,0,0,0,0,0,0,0,0,0,0,0,0,0,0,0,134,2026-02-06 20:31:37.214791
WNTR,23.06,23.06,23.07,18775.0,1932400.0,2017500.0,12525.0,0,0,0,0,0,0,0,0,0,0,0,0,0,0,0,0,0,0,0,0,0,0,0,0,0,0,0,0,0,0,134,2026-02-06 20:31:37.214791
SPNG,24.46,23.87,24.46,2261000.0,1209200.0,0,0,0,0,0,0,0,0,0,0,0,0,0,0,0,0,0,0,0,0,0,0,0,0,0,0,0,0,0,0,0,0,135,2026-02-06 20:31:38.253254
SMMR,24.04,23.87,23.97,1833000.0,2294300.0,0,0,0,0,0,0,0,0,0,0,0,0,0,0,0,0,0,0,0,0,0,0,0,0,0,0,0,0,0,0,0,0,135,2026-02-06 20:31:38.253254
ATMN,26.69,26.88,27.01,2153400.0,1329100.0,0,0,0,0,0,0,0,0,0,0,0,0,0,0,0,0,0,0,0,0,0,0,0,0,0,0,0,0,0,0,0,0,135,2026-02-06 20:31:38.253254
WNTR,23.01,23.01,23.09,2139000.0,2004900.0,0,0,0,0,0,0,0,0,0,0,0,0,0,0,0,0,0,0,0,0,0,0,0,0,0,0,0,0,0,0,0,0,135,2026-02-06 20:31:38.253254
SPNG,24.02,23.87,24.0,2212600.0,1425300.0,5293.0,,0,0,0,0,0,0,0,0,0,0,0,0,0,0,0,0,0,0,0,0,0,0,0,0,0,0,0,0,0,0,136,2026-02-06 20:31:39.309733
SMMR,24.04,23.9,23.92,2217600.0,2294300.0,,,0,0,0,0,0,0,0,0,0,0,0,0,0,0,0,0,0,0,0,0,0,0,0,0,0,0,0,0,0,0,136,2026-02-06 20:31:39.309733
ATMN,27.24,26.88,27.24,1918800.0,1200300.0,100.0,16783.0,0,0,0,0,0,0,0,0,0,0,0,0,0,0,0,0,0,0,0,0,0,0,0,0,0,0,0,0,0,0,136,2026-02-06 20:31:39.309733
WNTR,23.08,23.08,23.09,1940200.0,2099100.0,3760.0,19715.0,0,0,0,0,0,0,0,0,0,0,0,0,0,0,0,0,0,0,0,0,0,0,0,0,0,0,0,0,0,0,136,2026-02-06 20:31:39.309733
SPNG,24.0,23.89,24.0,200.0,1913200.0,1425300.0,5293.0,0,0,0,0,0,0,0,0,0,0,0,0,0,0,0,0,0,0,0,0,0,0,0,0,0,0,0,0,0,0,137,2026-02-06 20:31:40.456433
SMMR,24.01,24.04,24.07,8646.0,2324700.0,2243800.0,5676.0,0,0,0,0,0,0,0,0,0,0,0,0,0,0,0,0,0,0,0,0,0,0,0,0,0,0,0,0,0,0,137,2026-02-06 20:31:40.456433
ATMN,26.88,26.91,27.2,12020.0,1918800.0,1279400.0,1486.0,0,0,0,0,0,0,0,0,0,0,0,0,0,0,0,0,0,0,0,0,0,0,0,0,0,0,0,0,0,0,137,2026-02-06 20:31:40.456433
WNTR,23.07,23.07,23.27,9715.0,2013200.0,1898900.0,,0,0,0,0,0,0,0,0,0,0,0,0,0,0,0,0,0,0,0,0,0,0,0,0,0,0,0,0,0,0,137,2026-02-06 20:31:40.456433
SPNG,24.0,23.89,23.99,200.0,1899900.0,5393.0,1425300.0,0,0,0,0,0,0,0,0,0,0,0,0,0,0,0,0,0,0,0,0,0,0,0,0,0,0,0,0,0,0,138,2026-02-06 20:31:41.174031
SMMR,23.94,23.99,24.07,,2335700.0,5676.0,2282900.0,0,0,0,0,0,0,0,0,0,0,0,0,0,0,0,0,0,0,0,0,0,0,0,0,0,0,0,0,0,0,138,2026-02-06 20:31:41.174031
ATMN,26.67,26.67,26.93,,2162300.0,1486.0,1395000.0,0,0,0,0,0,0,0,0,0,0,0,0,0,0,0,0,0,0,0,0,0,0,0,0,0,0,0,0,0,0,138,2026-02-06 20:31:41.174031
WNTR,23.02,23.02,23.27,9715.0,2019800.0,,1990000.0,0,0,0,0,0,0,0,0,0,0,0,0,0,0,0,0,0,0,0,0,0,0,0,0,0,0,0,0,0,0,138,2026-02-06 20:31:41.174031
SPNG,24.46,23.89,24.15,200.0,1905500.0,1324300.0,,0,0,0,0,0,0,0,0,0,0,0,0,0,0,0,0,0,0,0,0,0,0,0,0,0,0,0,0,0,0,139,2026-02-06 20:31:42.219375
SMMR,23.9,23.92,24.04,9294.0,2217600.0,2300100.0,6470.0,0,0,0,0,0,0,0,0,0,0,0,0,0,0,0,0,0,0,0,0,0,0,0,0,0,0,0,0,0,0,139,2026-02-06 20:31:42.219375
ATMN,26.81,26.91,27.27,,2156400.0,1173800.0,,0,0,0,0,0,0,0,0,0,0,0,0,0,0,0,0,0,0,0,0,0,0,0,0,0,0,0,0,0,0,139,2026-02-06 20:31:42.219375
WNTR,22.99,22.99,23.27,,2152900.0,2119600.0,,0,0,0,0,0,0,0,0,0,0,0,0,0,0,0,0,0,0,0,0,0,0,0,0,0,0,0,0,0,0,139,2026-02-06 20:31:42.219375
SPNG,24.46,24.12,24.15,2117500.0,1324300.0,,,0,0,0,0,0,0,0,0,0,0,0,0,0,0,0,0,0,0,0,0,0,0,0,0,0,0,0,0,0,0,140,2026-02-06 20:31:43.262402
SMMR,23.89,23.91,23.96,2233500.0,2344800.0,9237.0,9237.0,0,0,0,0,0,0,0,0,0,0,0,0,0,0,0,0,0,0,0,0,0,0,0,0,0,0,0,0,0,0,140,2026-02-06 20:31:43.262402
ATMN,26.6,26.95,27.07,2185800.0,1259900.0,,,0,0,0,0,0,0,0,0,0,0,0,0,0,0,0,0,0,0,0,0,0,0,0,0,0,0,0,0,0,0,140,2026-02-06 20:31:43.262402
WNTR,23.28,22.99,23.17,2152900.0,2250400.0,,,0,0,0,0,0,0,0,0,0,0,0,0,0,0,0,0,0,0,0,0,0,0,0,0,0,0,0,0,0,0,140,2026-02-06 20:31:43.262402
SPNG,24.15,24.11,24.15,100.0,1994200.0,1324300.0,,0,0,0,0,0,0,0,0,0,0,0,0,0,0,0,0,0,0,0,0,0,0,0,0,0,0,0,0,0,0,141,2026-02-06 20:31:44.302121
SMMR,23.98,23.95,23.97,18416.0,2253300.0,2344800.0,6527.0,0,0,0,0,0,0,0,0,0,0,0,0,0,0,0,0,0,0,0,0,0,0,0,0,0,0,0,0,0,0,141,2026-02-06 20:31:44.302121
ATMN,26.54,26.54,27.07,,2090000.0,1259900.0,,0,0,0,0,0,0,0,0,0,0,0,0,0,0,0,0,0,0,0,0,0,0,0,0,0,0,0,0,0,0,141,2026-02-06 20:31:44.302121
WNTR,22.97,23.15,23.17,,2145000.0,2148300.0,9448.0,0,0,0,0,0,0,0,0,0,0,0,0,0,0,0,0,0,0,0,0,0,0,0,0,0,0,0,0,0,0,141,2026-02-06 20:31:44.302121
SPNG,24.15,24.14,24.15,5100.0,1874700.0,1659400.0,,0,0,0,0,0,0,0,0,0,0,0,0,0,0,0,0,0,0,0,0,0,0,0,0,0,0,0,0,0,0,142,2026-02-06 20:31:45.332577
SMMR,23.94,23.95,23.96,10294.0,2253300.0,2202400.0,15645.0,0,0,0,0,0,0,0,0,0,0,0,0,0,0,0,0,0,0,0,0,0,0,0,0,0,0,0,0,0,0,142,2026-02-06 20:31:45.332577
ATMN,27.29,26.88,27.29,6485.0,2069300.0,1163500.0,,0,0,0,0,0,0,0,0,0,0,0,0,0,0,0,0,0,0,0,0,0,0,0,0,0,0,0,0,0,0,142,2026-02-06 20:31:45.332577
WNTR,23.15,23.15,23.17,9920.0,1918000.0,2203500.0,9448.0,0,0,0,0,0,0,0,0,0,0,0,0,0,0,0,0,0,0,0,0,0,0,0,0,0,0,0,0,0,0,142,2026-02-06 20:31:45.332577
SPNG,24.11,24.11,24.15,2100400.0,1659400.0,,,0,0,0,0,0,0,0,0,0,0,0,0,0,0,0,0,0,0,0,0,0,0,0,0,0,0,0,0,0,0,143,2026-02-06 20:31:46.373107
SMMR,23.88,23.91,24.0,2326300.0,2301100.0,9055.0,9055.0,0,0,0,0,0,0,0,0,0,0,0,0,0,0,0,0,0,0,0,0,0,0,0,0,0,0,0,0,0,0,143,2026-02-06 20:31:46.373107
ATMN,26.54,26.54,27.26,2090000.0,1231500.0,,100.0,0,0,0,0,0,0,0,0,0,0,0,0,0,0,0,0,0,0,0,0,0,0,0,0,0,0,0,0,0,0,143,2026-02-06 20:31:46.373107
WNTR,23.17,22.97,23.17,2042900.0,2215400.0,2420.0,9448.0,0,0,0,0,0,0,0,0,0,0,0,0,0,0,0,0,0,0,0,0,0,0,0,0,0,0,0,0,0,0,143,2026-02-06 20:31:46.373107
SPNG,23.87,23.87,24.15,2115000.0,1659400.0,100.0,,0,0,0,0,0,0,0,0,0,0,0,0,0,0,0,0,0,0,0,0,0,0,0,0,0,0,0,0,0,0,144,2026-02-06 20:31:47.412699
SMMR,23.91,23.88,23.89,2338700.0,2298600.0,9055.0,100.0,0,0,0,0,0,0,0,0,0,0,0,0,0,0,0,0,0,0,0,0,0,0,0,0,0,0,0,0,0,0,144,2026-02-06 20:31:47.412699
ATMN,27.05,27.11,27.14,2079500.0,1348300.0,3860.0,2162.0,0,0,0,0,0,0,0,0,0,0,0,0,0,0,0,0,0,0,0,0,0,0,0,0,0,0,0,0,0,0,144,2026-02-06 20:31:47.412699
WNTR,22.96,22.96,23.03,2075800.0,1991400.0,23580.0,2420.0,0,0,0,0,0,0,0,0,0,0,0,0,0,0,0,0,0,0,0,0,0,0,0,0,0,0,0,0,0,0,144,2026-02-06 20:31:47.412699
SPNG,24.16,23.99,24.09,2124200.0,1657900.0,,,0,0,0,0,0,0,0,0,0,0,0,0,0,0,0,0,0,0,0,0,0,0,0,0,0,0,0,0,0,0,145,2026-02-06 20:31:48.475641
SMMR,23.87,23.88,23.89,2374900.0,2298600.0,6490.0,2231.0,0,0,0,0,0,0,0,0,0,0,0,0,0,0,0,0,0,0,0,0,0,0,0,0,0,0,0,0,0,0,145,2026-02-06 20:31:48.475641
ATMN,26.52,26.63,27.14,2100000.0,1441400.0,,,0,0,0,0,0,0,0,0,0,0,0,0,0,0,0,0,0,0,0,0,0,0,0,0,0,0,0,0,0,0,145,2026-02-06 20:31:48.475641
WNTR,23.17,23.07,23.17,2082200.0,2288200.0,4583.0,,0,0,0,0,0,0,0,0,0,0,0,0,0,0,0,0,0,0,0,0,0,0,0,0,0,0,0,0,0,0,145,2026-02-06 20:31:48.475641
SPNG,23.99,23.99,24.09,2123900.0,1657900.0,616.0,,0,0,0,0,0,0,0,0,0,0,0,0,0,0,0,0,0,0,0,0,0,0,0,0,0,0,0,0,0,0,146,2026-02-06 20:31:49.060238
SMMR,23.87,23.87,23.89,2490200.0,2298600.0,2231.0,,0,0,0,0,0,0,0,0,0,0,0,0,0,0,0,0,0,0,0,0,0,0,0,0,0,0,0,0,0,0,146,2026-02-06 20:31:49.060238
ATMN,26.63,26.63,27.14,2100000.0,1537400.0,,,0,0,0,0,0,0,0,0,0,0,0,0,0,0,0,0,0,0,0,0,0,0,0,0,0,0,0,0,0,0,146,2026-02-06 20:31:49.060238
WNTR,23.17,23.07,23.09,2082200.0,2292200.0,,4583.0,0,0,0,0,0,0,0,0,0,0,0,0,0,0,0,0,0,0,0,0,0,0,0,0,0,0,0,0,0,0,146,2026-02-06 20:31:49.060238
SPNG,24.16,24.03,24.16,100.0,2004400.0,1544300.0,616.0,0,0,0,0,0,0,0,0,0,0,0,0,0,0,0,0,0,0,0,0,0,0,0,0,0,0,0,0,0,0,147,2026-02-06 20:31:50.107801
SMMR,23.89,23.96,24.02,,2496000.0,2440000.0,,0,0,0,0,0,0,0,0,0,0,0,0,0,0,0,0,0,0,0,0,0,0,0,0,0,0,0,0,0,0,147,2026-02-06 20:31:50.107801
ATMN,26.47,26.65,27.07,1038.0,2091700.0,1537400.0,10000.0,0,0,0,0,0,0,0,0,0,0,0,0,0,0,0,0,0,0,0,0,0,0,0,0,0,0,0,0,0,0,147,2026-02-06 20:31:50.107801
WNTR,22.98,22.98,23.09,,2193800.0,2292200.0,,0,0,0,0,0,0,0,0,0,0,0,0,0,0,0,0,0,0,0,0,0,0,0,0,0,0,0,0,0,0,147,2026-02-06 20:31:50.107801
SPNG,24.18,24.19,24.3,2106700.0,1438200.0,,,0,0,0,0,0,0,0,0,0,0,0,0,0,0,0,0,0,0,0,0,0,0,0,0,0,0,0,0,0,0,148,2026-02-06 20:31:51.149194
SMMR,23.96,23.97,24.01,2358900.0,2297300.0,3445.0,8786.0,0,0,0,0,0,0,0,0,0,0,0,0,0,0,0,0,0,0,0,0,0,0,0,0,0,0,0,0,0,0,148,2026-02-06 20:31:51.149194
ATMN,27.14,26.65,27.01,1955700.0,1537400.0,2687.0,8344.0,0,0,0,0,0,0,0,0,0,0,0,0,0,0,0,0,0,0,0,0,0,0,0,0,0,0,0,0,0,0,148,2026-02-06 20:31:51.149194
WNTR,23.17,23.09,23.17,2154000.0,2275700.0,,,0,0,0,0,0,0,0,0,0,0,0,0,0,0,0,0,0,0,0,0,0,0,0,0,0,0,0,0,0,0,148,2026-02-06 20:31:51.149194
SPNG,23.87,24.23,24.3,100.0,2010500.0,1641400.0,100.0,0,0,0,0,0,0,0,0,0,0,0,0,0,0,0,0,0,0,0,0,0,0,0,0,0,0,0,0,0,0,149,2026-02-06 20:31:52.194429
SMMR,24.02,23.87,24.02,,2490200.0,2425800.0,,0,0,0,0,0,0,0,0,0,0,0,0,0,0,0,0,0,0,0,0,0,0,0,0,0,0,0,0,0,0,149,2026-02-06 20:31:52.194429
ATMN,27.24,26.68,26.85,9926.0,1848900.0,1504400.0,,0,0,0,0,0,0,0,0,0,0,0,0,0,0,0,0,0,0,0,0,0,0,0,0,0,0,0,0,0,0,149,2026-02-06 20:31:52.194429
WNTR,23.21,22.98,23.21,,2175900.0,2305600.0,,0,0,0,0,0,0,0,0,0,0,0,0,0,0,0,0,0,0,0,0,0,0,0,0,0,0,0,0,0,0,149,2026-02-06 20:31:52.194429
SPNG,24.3,23.83,24.3,2121100.0,1751900.0,,0,0,0,0,0,0,0,0,0,0,0,0,0,0,0,0,0,0,0,0,0,0,0,0,0,0,0,0,0,0,0,150,2026-02-06 20:31:53.259238
SMMR,23.79,23.81,23.89,2225100.0,2404300.0,8567.0,0,0,0,0,0,0,0,0,0,0,0,0,0,0,0,0,0,0,0,0,0,0,0,0,0,0,0,0,0,0,0,150,2026-02-06 20:31:53.259238
ATMN,26.87,26.91,27.29,2175200.0,1525400.0,,0,0,0,0,0,0,0,0,0,0,0,0,0,0,0,0,0,0,0,0,0,0,0,0,0,0,0,0,0,0,0,150,2026-02-06 20:31:53.259238
WNTR,23.21,23.16,23.21,2214300.0,2271800.0,,0,0,0,0,0,0,0,0,0,0,0,0,0,0,0,0,0,0,0,0,0,0,0,0,0,0,0,0,0,0,0,150,2026-02-06 20:31:53.259238
SPNG,23.81,23.86,24.21,2101100.0,100.0,1837000.0,,0,0,0,0,0,0,0,0,0,0,0,0,0,0,0,0,0,0,0,0,0,0,0,0,0,0,0,0,0,0,151,2026-02-06 20:31:54.296743
SMMR,24.03,23.85,24.03,2241400.0,,2424900.0,18567.0,0,0,0,0,0,0,0,0,0,0,0,0,0,0,0,0,0,0,0,0,0,0,0,0,0,0,0,0,0,0,151,2026-02-06 20:31:54.296743
ATMN,26.87,26.97,27.09,2080700.0,815.0,1816000.0,837.0,0,0,0,0,0,0,0,0,0,0,0,0,0,0,0,0,0,0,0,0,0,0,0,0,0,0,0,0,0,0,151,2026-02-06 20:31:54.296743
WNTR,23.21,23.17,23.18,2118800.0,3863.0,2186900.0,10000.0,0,0,0,0,0,0,0,0,0,0,0,0,0,0,0,0,0,0,0,0,0,0,0,0,0,0,0,0,0,0,151,2026-02-06 20:31:54.296743
SPNG,23.79,23.79,24.3,2145000.0,1837000.0,,,0,0,0,0,0,0,0,0,0,0,0,0,0,0,0,0,0,0,0,0,0,0,0,0,0,0,0,0,0,0,152,2026-02-06 20:31:55.329344
SMMR,24.04,23.93,24.03,2114400.0,2330100.0,22586.0,3414.0,0,0,0,0,0,0,0,0,0,0,0,0,0,0,0,0,0,0,0,0,0,0,0,0,0,0,0,0,0,0,152,2026-02-06 20:31:55.329344
ATMN,26.97,26.91,26.96,2193300.0,1765300.0,,915.0,0,0,0,0,0,0,0,0,0,0,0,0,0,0,0,0,0,0,0,0,0,0,0,0,0,0,0,0,0,0,152,2026-02-06 20:31:55.329344
WNTR,23.18,23.17,23.18,2118800.0,2145400.0,10000.0,3863.0,0,0,0,0,0,0,0,0,0,0,0,0,0,0,0,0,0,0,0,0,0,0,0,0,0,0,0,0,0,0,152,2026-02-06 20:31:55.329344
SPNG,24.08,24.08,24.26,2156500.0,100.0,1837000.0,,0,0,0,0,0,0,0,0,0,0,0,0,0,0,0,0,0,0,0,0,0,0,0,0,0,0,0,0,0,0,153,2026-02-06 20:31:56.379516
SMMR,24.04,23.93,24.03,2122800.0,3414.0,2330900.0,22586.0,0,0,0,0,0,0,0,0,0,0,0,0,0,0,0,0,0,0,0,0,0,0,0,0,0,0,0,0,0,0,153,2026-02-06 20:31:56.379516
ATMN,26.97,26.91,26.96,1943900.0,7080.0,1697300.0,2155.0,0,0,0,0,0,0,0,0,0,0,0,0,0,0,0,0,0,0,0,0,0,0,0,0,0,0,0,0,0,0,153,2026-02-06 20:31:56.379516
WNTR,22.98,22.98,22.99,2080300.0,5024.0,2076700.0,579.0,0,0,0,0,0,0,0,0,0,0,0,0,0,0,0,0,0,0,0,0,0,0,0,0,0,0,0,0,0,0,153,2026-02-06 20:31:56.379516
SPNG,24.08,24.08,24.25,2156500.0,2088.0,1870200.0,,0,0,0,0,0,0,0,0,0,0,0,0,0,0,0,0,0,0,0,0,0,0,0,0,0,0,0,0,0,0,154,2026-02-06 20:31:57.436601
SMMR,23.85,23.85,23.92,2261300.0,3514.0,2167400.0,18567.0,0,0,0,0,0,0,0,0,0,0,0,0,0,0,0,0,0,0,0,0,0,0,0,0,0,0,0,0,0,0,154,2026-02-06 20:31:57.436601
ATMN,26.97,26.94,26.96,1932700.0,14098.0,1629100.0,2155.0,0,0,0,0,0,0,0,0,0,0,0,0,0,0,0,0,0,0,0,0,0,0,0,0,0,0,0,0,0,0,154,2026-02-06 20:31:57.436601
WNTR,22.99,23.04,23.08,2001000.0,13464.0,1985100.0,9019.0,0,0,0,0,0,0,0,0,0,0,0,0,0,0,0,0,0,0,0,0,0,0,0,0,0,0,0,0,0,0,154,2026-02-06 20:31:57.436601
SPNG,23.77,23.69,23.77,2191100.0,2076200.0,,,0,0,0,0,0,0,0,0,0,0,0,0,0,0,0,0,0,0,0,0,0,0,0,0,0,0,0,0,0,0,155,2026-02-06 20:31:58.494994
SMMR,23.85,23.9,23.91,2517500.0,2283000.0,100.0,,0,0,0,0,0,0,0,0,0,0,0,0,0,0,0,0,0,0,0,0,0,0,0,0,0,0,0,0,0,0,155,2026-02-06 20:31:58.494994
ATMN,27.09,26.94,27.09,2123100.0,1971400.0,,,0,0,0,0,0,0,0,0,0,0,0,0,0,0,0,0,0,0,0,0,0,0,0,0,0,0,0,0,0,0,155,2026-02-06 20:31:58.494994
WNTR,23.09,23.04,23.08,2135300.0,2206900.0,8356.0,8356.0,0,0,0,0,0,0,0,0,0,0,0,0,0,0,0,0,0,0,0,0,0,0,0,0,0,0,0,0,0,0,155,2026-02-06 20:31:58.494994
SPNG,24.23,23.7,23.76,5949.0,1909000.0,3959.0,1883400.0,0,0,0,0,0,0,0,0,0,0,0,0,0,0,0,0,0,0,0,0,0,0,0,0,0,0,0,0,0,0,156,2026-02-06 20:31:59.580851
SMMR,24.05,23.92,24.03,8086.0,2374400.0,8086.0,2305400.0,0,0,0,0,0,0,0,0,0,0,0,0,0,0,0,0,0,0,0,0,0,0,0,0,0,0,0,0,0,0,156,2026-02-06 20:31:59.580851
ATMN,26.94,26.91,26.92,,2155000.0,7902.0,1871900.0,0,0,0,0,0,0,0,0,0,0,0,0,0,0,0,0,0,0,0,0,0,0,0,0,0,0,0,0,0,0,156,2026-02-06 20:31:59.580851
WNTR,23.08,23.08,23.09,,2242700.0,8270.0,2206900.0,0,0,0,0,0,0,0,0,0,0,0,0,0,0,0,0,0,0,0,0,0,0,0,0,0,0,0,0,0,0,156,2026-02-06 20:31:59.580851
SPNG,24.23,23.71,23.76,1923200.0,5949.0,3959.0,1883400.0,0,0,0,0,0,0,0,0,0,0,0,0,0,0,0,0,0,0,0,0,0,0,0,0,0,0,0,0,0,0,157,2026-02-06 20:32:00.177881
SMMR,24.05,23.92,24.03,2374400.0,8086.0,8086.0,2314800.0,0,0,0,0,0,0,0,0,0,0,0,0,0,0,0,0,0,0,0,0,0,0,0,0,0,0,0,0,0,0,157,2026-02-06 20:32:00.177881
ATMN,26.92,26.99,27.22,2148500.0,,7902.0,1835000.0,0,0,0,0,0,0,0,0,0,0,0,0,0,0,0,0,0,0,0,0,0,0,0,0,0,0,0,0,0,0,157,2026-02-06 20:32:00.177881
WNTR,23.08,23.08,23.09,2255500.0,,8270.0,2206900.0,0,0,0,0,0,0,0,0,0,0,0,0,0,0,0,0,0,0,0,0,0,0,0,0,0,0,0,0,0,0,157,2026-02-06 20:32:00.177881
SPNG,24.23,23.71,23.76,1784800.0,6049.0,4059.0,1777300.0,0,0,0,0,0,0,0,0,0,0,0,0,0,0,0,0,0,0,0,0,0,0,0,0,0,0,0,0,0,0,158,2026-02-06 20:32:01.217800
SMMR,23.85,23.85,24.01,2511600.0,,9243.0,2210700.0,0,0,0,0,0,0,0,0,0,0,0,0,0,0,0,0,0,0,0,0,0,0,0,0,0,0,0,0,0,0,158,2026-02-06 20:32:01.217800
ATMN,27.25,26.88,27.25,2164500.0,,,1924600.0,0,0,0,0,0,0,0,0,0,0,0,0,0,0,0,0,0,0,0,0,0,0,0,0,0,0,0,0,0,0,158,2026-02-06 20:32:01.217800
WNTR,22.95,22.95,23.07,2242800.0,,18270.0,2101900.0,0,0,0,0,0,0,0,0,0,0,0,0,0,0,0,0,0,0,0,0,0,0,0,0,0,0,0,0,0,0,158,2026-02-06 20:32:01.217800
SPNG,24.3,23.73,24.3,1682500.0,6149.0,1922100.0,,0,0,0,0,0,0,0,0,0,0,0,0,0,0,0,0,0,0,0,0,0,0,0,0,0,0,0,0,0,0,159,2026-02-06 20:32:02.257938
SMMR,23.84,23.84,23.94,2497600.0,,2097800.0,13319.0,0,0,0,0,0,0,0,0,0,0,0,0,0,0,0,0,0,0,0,0,0,0,0,0,0,0,0,0,0,0,159,2026-02-06 20:32:02.257938
ATMN,26.88,26.87,26.88,2143600.0,,1895000.0,100.0,0,0,0,0,0,0,0,0,0,0,0,0,0,0,0,0,0,0,0,0,0,0,0,0,0,0,0,0,0,0,159,2026-02-06 20:32:02.257938
WNTR,23.06,22.97,23.06,2141600.0,3222.0,2081300.0,18270.0,0,0,0,0,0,0,0,0,0,0,0,0,0,0,0,0,0,0,0,0,0,0,0,0,0,0,0,0,0,0,159,2026-02-06 20:32:02.257938
SPNG,23.98,24.23,24.26,1553500.0,6249.0,100.0,1922100.0,0,0,0,0,0,0,0,0,0,0,0,0,0,0,0,0,0,0,0,0,0,0,0,0,0,0,0,0,0,0,160,2026-02-06 20:32:03.304166
SMMR,23.83,23.83,23.89,2495400.0,,22544.0,1971200.0,0,0,0,0,0,0,0,0,0,0,0,0,0,0,0,0,0,0,0,0,0,0,0,0,0,0,0,0,0,0,160,2026-02-06 20:32:03.304166
ATMN,26.87,26.76,26.78,2149100.0,,100.0,1898100.0,0,0,0,0,0,0,0,0,0,0,0,0,0,0,0,0,0,0,0,0,0,0,0,0,0,0,0,0,0,0,160,2026-02-06 20:32:03.304166
WNTR,23.06,22.99,23.06,2020600.0,7830.0,18270.0,2100900.0,0,0,0,0,0,0,0,0,0,0,0,0,0,0,0,0,0,0,0,0,0,0,0,0,0,0,0,0,0,0,160,2026-02-06 20:32:03.304166
SPNG,24.23,23.73,24.23,2074100.0,1970800.0,100.0,,0,0,0,0,0,0,0,0,0,0,0,0,0,0,0,0,0,0,0,0,0,0,0,0,0,0,0,0,0,0,161,2026-02-06 20:32:04.357493
SMMR,23.83,23.83,23.85,2416900.0,2341900.0,3456.0,,0,0,0,0,0,0,0,0,0,0,0,0,0,0,0,0,0,0,0,0,0,0,0,0,0,0,0,0,0,0,161,2026-02-06 20:32:04.357493
ATMN,26.87,26.76,26.78,1976100.0,1898100.0,100.0,100.0,0,0,0,0,0,0,0,0,0,0,0,0,0,0,0,0,0,0,0,0,0,0,0,0,0,0,0,0,0,0,161,2026-02-06 20:32:04.357493
WNTR,22.95,22.95,23.06,2263300.0,2324600.0,,,0,0,0,0,0,0,0,0,0,0,0,0,0,0,0,0,0,0,0,0,0,0,0,0,0,0,0,0,0,0,161,2026-02-06 20:32:04.357493
SPNG,24.23,23.73,24.23,2074100.0,1899000.0,7399.0,,0,0,0,0,0,0,0,0,0,0,0,0,0,0,0,0,0,0,0,0,0,0,0,0,0,0,0,0,0,0,162,2026-02-06 20:32:05.403087
SMMR,24.03,23.88,24.03,2410600.0,2440000.0,,,0,0,0,0,0,0,0,0,0,0,0,0,0,0,0,0,0,0,0,0,0,0,0,0,0,0,0,0,0,0,162,2026-02-06 20:32:05.403087
ATMN,26.76,26.76,27.09,1870800.0,1985200.0,,5704.0,0,0,0,0,0,0,0,0,0,0,0,0,0,0,0,0,0,0,0,0,0,0,0,0,0,0,0,0,0,0,162,2026-02-06 20:32:05.403087
WNTR,22.97,22.95,22.97,2267100.0,2220900.0,7820.0,,0,0,0,0,0,0,0,0,0,0,0,0,0,0,0,0,0,0,0,0,0,0,0,0,0,0,0,0,0,0,162,2026-02-06 20:32:05.403087
SPNG,23.75,23.73,23.75,2067000.0,1787400.0,8326.0,,0,0,0,0,0,0,0,0,0,0,0,0,0,0,0,0,0,0,0,0,0,0,0,0,0,0,0,0,0,0,163,2026-02-06 20:32:06.474745
SMMR,24.01,24.02,24.03,2183100.0,2306400.0,1494.0,15049.0,0,0,0,0,0,0,0,0,0,0,0,0,0,0,0,0,0,0,0,0,0,0,0,0,0,0,0,0,0,0,163,2026-02-06 20:32:06.474745
ATMN,26.76,27.0,27.06,1618600.0,1860000.0,200.0,14964.0,0,0,0,0,0,0,0,0,0,0,0,0,0,0,0,0,0,0,0,0,0,0,0,0,0,0,0,0,0,0,163,2026-02-06 20:32:06.474745
WNTR,22.93,22.94,22.96,2103900.0,2127500.0,11635.0,7631.0,0,0,0,0,0,0,0,0,0,0,0,0,0,0,0,0,0,0,0,0,0,0,0,0,0,0,0,0,0,0,163,2026-02-06 20:32:06.474745
SPNG,23.75,24.16,24.19,1908700.0,200.0,8326.0,1786000.0,0,0,0,0,0,0,0,0,0,0,0,0,0,0,0,0,0,0,0,0,0,0,0,0,0,0,0,0,0,0,164,2026-02-06 20:32:07.532193
SMMR,24.05,24.04,24.05,2071600.0,18283.0,,2417000.0,0,0,0,0,0,0,0,0,0,0,0,0,0,0,0,0,0,0,0,0,0,0,0,0,0,0,0,0,0,0,164,2026-02-06 20:32:07.532193
ATMN,26.76,27.01,27.06,1531100.0,15064.0,200.0,1860800.0,0,0,0,0,0,0,0,0,0,0,0,0,0,0,0,0,0,0,0,0,0,0,0,0,0,0,0,0,0,0,164,2026-02-06 20:32:07.532193
WNTR,23.08,22.97,23.08,2007000.0,17295.0,,2305300.0,0,0,0,0,0,0,0,0,0,0,0,0,0,0,0,0,0,0,0,0,0,0,0,0,0,0,0,0,0,0,164,2026-02-06 20:32:07.532193
SPNG,23.82,24.02,24.19,1889600.0,200.0,8326.0,1786000.0,0,0,0,0,0,0,0,0,0,0,0,0,0,0,0,0,0,0,0,0,0,0,0,0,0,0,0,0,0,0,165,2026-02-06 20:32:08.180457
SMMR,23.97,23.98,24.05,2326600.0,7554.0,,2417000.0,0,0,0,0,0,0,0,0,0,0,0,0,0,0,0,0,0,0,0,0,0,0,0,0,0,0,0,0,0,0,165,2026-02-06 20:32:08.180457
ATMN,26.76,27.01,27.06,1521600.0,15064.0,200.0,1860800.0,0,0,0,0,0,0,0,0,0,0,0,0,0,0,0,0,0,0,0,0,0,0,0,0,0,0,0,0,0,0,165,2026-02-06 20:32:08.180457
WNTR,23.08,22.97,23.08,2007000.0,17295.0,,2315700.0,0,0,0,0,0,0,0,0,0,0,0,0,0,0,0,0,0,0,0,0,0,0,0,0,0,0,0,0,0,0,165,2026-02-06 20:32:08.180457
SPNG,24.41,23.73,24.41,2067000.0,2049200.0,,,0,0,0,0,0,0,0,0,0,0,0,0,0,0,0,0,0,0,0,0,0,0,0,0,0,0,0,0,0,0,166,2026-02-06 20:32:09.231275
SMMR,23.97,24.0,24.03,2292500.0,2315800.0,100.0,3635.0,0,0,0,0,0,0,0,0,0,0,0,0,0,0,0,0,0,0,0,0,0,0,0,0,0,0,0,0,0,0,166,2026-02-06 20:32:09.231275
ATMN,27.09,27.02,27.05,1929900.0,1965400.0,100.0,1468.0,0,0,0,0,0,0,0,0,0,0,0,0,0,0,0,0,0,0,0,0,0,0,0,0,0,0,0,0,0,0,166,2026-02-06 20:32:09.231275
WNTR,22.93,22.93,23.06,2217300.0,2198900.0,,5575.0,0,0,0,0,0,0,0,0,0,0,0,0,0,0,0,0,0,0,0,0,0,0,0,0,0,0,0,0,0,0,166,2026-02-06 20:32:09.231275
SPNG,23.94,24.0,24.36,1994300.0,6848.0,100.0,1974200.0,0,0,0,0,0,0,0,0,0,0,0,0,0,0,0,0,0,0,0,0,0,0,0,0,0,0,0,0,0,0,167,2026-02-06 20:32:10.286307
SMMR,24.06,23.99,24.06,2397600.0,,,2411300.0,0,0,0,0,0,0,0,0,0,0,0,0,0,0,0,0,0,0,0,0,0,0,0,0,0,0,0,0,0,0,167,2026-02-06 20:32:10.286307
ATMN,27.24,27.13,27.24,1948800.0,7224.0,,2044800.0,0,0,0,0,0,0,0,0,0,0,0,0,0,0,0,0,0,0,0,0,0,0,0,0,0,0,0,0,0,0,167,2026-02-06 20:32:10.286307
WNTR,22.93,22.96,23.03,2115400.0,7337.0,5675.0,2027500.0,0,0,0,0,0,0,0,0,0,0,0,0,0,0,0,0,0,0,0,0,0,0,0,0,0,0,0,0,0,0,167,2026-02-06 20:32:10.286307
SPNG,23.71,23.71,24.23,2070300.0,1883800.0,200.0,,0,0,0,0,0,0,0,0,0,0,0,0,0,0,0,0,0,0,0,0,0,0,0,0,0,0,0,0,0,0,168,2026-02-06 20:32:11.359401
SMMR,24.04,24.05,24.06,2136300.0,2246200.0,7348.0,12941.0,0,0,0,0,0,0,0,0,0,0,0,0,0,0,0,0,0,0,0,0,0,0,0,0,0,0,0,0,0,0,168,2026-02-06 20:32:11.359401
ATMN,27.02,27.15,27.24,1930700.0,1965700.0,2675.0,100.0,0,0,0,0,0,0,0,0,0,0,0,0,0,0,0,0,0,0,0,0,0,0,0,0,0,0,0,0,0,0,168,2026-02-06 20:32:11.359401
WNTR,22.9,22.9,23.03,2190200.0,2027500.0,5675.0,,0,0,0,0,0,0,0,0,0,0,0,0,0,0,0,0,0,0,0,0,0,0,0,0,0,0,0,0,0,0,168,2026-02-06 20:32:11.359401
SPNG,23.71,23.72,24.13,100.0,1983900.0,1753800.0,9347.0,0,0,0,0,0,0,0,0,0,0,0,0,0,0,0,0,0,0,0,0,0,0,0,0,0,0,0,0,0,0,169,2026-02-06 20:32:12.442952
SMMR,24.01,24.02,24.06,12926.0,2105600.0,2246200.0,7348.0,0,0,0,0,0,0,0,0,0,0,0,0,0,0,0,0,0,0,0,0,0,0,0,0,0,0,0,0,0,0,169,2026-02-06 20:32:12.442952
ATMN,27.25,27.15,27.25,100.0,1930700.0,1975500.0,2675.0,0,0,0,0,0,0,0,0,0,0,0,0,0,0,0,0,0,0,0,0,0,0,0,0,0,0,0,0,0,0,169,2026-02-06 20:32:12.442952
WNTR,22.89,22.91,22.98,4048.0,2053200.0,1769300.0,21884.0,0,0,0,0,0,0,0,0,0,0,0,0,0,0,0,0,0,0,0,0,0,0,0,0,0,0,0,0,0,0,169,2026-02-06 20:32:12.442952
SPNG,24.07,24.11,24.23,2069300.0,2066600.0,,,0,0,0,0,0,0,0,0,0,0,0,0,0,0,0,0,0,0,0,0,0,0,0,0,0,0,0,0,0,0,170,2026-02-06 20:32:13.500421
SMMR,24.06,23.99,24.06,2334100.0,2374200.0,,,0,0,0,0,0,0,0,0,0,0,0,0,0,0,0,0,0,0,0,0,0,0,0,0,0,0,0,0,0,0,170,2026-02-06 20:32:13.500421
ATMN,26.95,26.8,26.9,2038000.0,2080700.0,,,0,0,0,0,0,0,0,0,0,0,0,0,0,0,0,0,0,0,0,0,0,0,0,0,0,0,0,0,0,0,170,2026-02-06 20:32:13.500421
WNTR,22.81,22.84,22.99,1955900.0,2142400.0,6928.0,4116.0,0,0,0,0,0,0,0,0,0,0,0,0,0,0,0,0,0,0,0,0,0,0,0,0,0,0,0,0,0,0,170,2026-02-06 20:32:13.500421
SPNG,24.46,23.71,24.46,2070300.0,2068200.0,,,0,0,0,0,0,0,0,0,0,0,0,0,0,0,0,0,0,0,0,0,0,0,0,0,0,0,0,0,0,0,171,2026-02-06 20:32:14.555134
SMMR,24.07,23.99,24.05,2235100.0,2237400.0,6670.0,6670.0,0,0,0,0,0,0,0,0,0,0,0,0,0,0,0,0,0,0,0,0,0,0,0,0,0,0,0,0,0,0,171,2026-02-06 20:32:14.555134
ATMN,27.27,27.03,27.27,2019600.0,2091000.0,,,0,0,0,0,0,0,0,0,0,0,0,0,0,0,0,0,0,0,0,0,0,0,0,0,0,0,0,0,0,0,171,2026-02-06 20:32:14.555134
WNTR,22.81,22.91,22.96,1972600.0,2014000.0,13750.0,9791.0,0,0,0,0,0,0,0,0,0,0,0,0,0,0,0,0,0,0,0,0,0,0,0,0,0,0,0,0,0,0,171,2026-02-06 20:32:14.555134
SPNG,23.89,23.77,23.89,100.0,1996200.0,1993200.0,5491.0,0,0,0,0,0,0,0,0,0,0,0,0,0,0,0,0,0,0,0,0,0,0,0,0,0,0,0,0,0,0,172,2026-02-06 20:32:15.646942
SMMR,24.08,24.01,24.06,13236.0,2093600.0,2200200.0,6566.0,0,0,0,0,0,0,0,0,0,0,0,0,0,0,0,0,0,0,0,0,0,0,0,0,0,0,0,0,0,0,172,2026-02-06 20:32:15.646942
ATMN,26.87,26.99,27.25,3208.0,1924900.0,1877100.0,9727.0,0,0,0,0,0,0,0,0,0,0,0,0,0,0,0,0,0,0,0,0,0,0,0,0,0,0,0,0,0,0,172,2026-02-06 20:32:15.646942
WNTR,22.91,22.99,23.05,21384.0,1896400.0,2267400.0,,0,0,0,0,0,0,0,0,0,0,0,0,0,0,0,0,0,0,0,0,0,0,0,0,0,0,0,0,0,0,172,2026-02-06 20:32:15.646942
SPNG,23.89,24.21,24.34,2007500.0,100.0,1979500.0,5491.0,0,0,0,0,0,0,0,0,0,0,0,0,0,0,0,0,0,0,0,0,0,0,0,0,0,0,0,0,0,0,173,2026-02-06 20:32:16.259601
SMMR,24.08,24.01,24.06,2077000.0,13236.0,2200200.0,6566.0,0,0,0,0,0,0,0,0,0,0,0,0,0,0,0,0,0,0,0,0,0,0,0,0,0,0,0,0,0,0,173,2026-02-06 20:32:16.259601
ATMN,26.87,26.99,27.22,1926400.0,3208.0,1877100.0,9727.0,0,0,0,0,0,0,0,0,0,0,0,0,0,0,0,0,0,0,0,0,0,0,0,0,0,0,0,0,0,0,173,2026-02-06 20:32:16.259601
WNTR,22.99,22.91,22.93,2031000.0,13750.0,2276200.0,,0,0,0,0,0,0,0,0,0,0,0,0,0,0,0,0,0,0,0,0,0,0,0,0,0,0,0,0,0,0,173,2026-02-06 20:32:16.259601
SPNG,23.89,24.21,24.34,2007500.0,100.0,1960000.0,5491.0,0,0,0,0,0,0,0,0,0,0,0,0,0,0,0,0,0,0,0,0,0,0,0,0,0,0,0,0,0,0,174,2026-02-06 20:32:17.310141
SMMR,23.97,23.97,24.01,2306600.0,,2092300.0,7519.0,0,0,0,0,0,0,0,0,0,0,0,0,0,0,0,0,0,0,0,0,0,0,0,0,0,0,0,0,0,0,174,2026-02-06 20:32:17.310141
ATMN,26.87,27.03,27.13,1931400.0,3208.0,1792200.0,9827.0,0,0,0,0,0,0,0,0,0,0,0,0,0,0,0,0,0,0,0,0,0,0,0,0,0,0,0,0,0,0,174,2026-02-06 20:32:17.310141
WNTR,22.87,22.87,23.05,2111000.0,6928.0,2267400.0,,0,0,0,0,0,0,0,0,0,0,0,0,0,0,0,0,0,0,0,0,0,0,0,0,0,0,0,0,0,0,174,2026-02-06 20:32:17.310141
SPNG,23.72,23.82,24.33,2081700.0,1984300.0,5491.0,,0,0,0,0,0,0,0,0,0,0,0,0,0,0,0,0,0,0,0,0,0,0,0,0,0,0,0,0,0,0,175,2026-02-06 20:32:18.357839
SMMR,23.97,23.97,24.01,2306600.0,2092300.0,7519.0,,0,0,0,0,0,0,0,0,0,0,0,0,0,0,0,0,0,0,0,0,0,0,0,0,0,0,0,0,0,0,175,2026-02-06 20:32:18.357839
ATMN,27.27,27.27,27.29,1921400.0,2080500.0,,3208.0,0,0,0,0,0,0,0,0,0,0,0,0,0,0,0,0,0,0,0,0,0,0,0,0,0,0,0,0,0,0,175,2026-02-06 20:32:18.357839
