ticker,last_price,bid_price,ask_price,BUY_CNCD-5,BUY_ANON,BUY_LAVL-1,BUY_LUIS-1,SELL_ANON,SELL_CNCD-5,SELL_LAVL-1,BUY_GIOT-3,SELL_WRSW-3,SELL_UOTB-2,SELL_BRCH-3,BUY_BRCH-3,BUY_UEBR-1,BUY_UOTB-1,BUY_UOTB-2,SELL_LUIS-1,SELL_COLA-3,BUY_COLA-1,SELL_UOTB-3,SELL_NAIT-1,BUY_WRSW-2,SELL_WRSW-1,SELL_COLB-2,SELL_COLA-1,BUY_NAIT-1,BUY_WRSW-1,SELL_BRCH-1,BUY_BRCH-2,SELL_UOTB-1,BUY_COLA-3,BUY_WRSW-3,BUY_BRCH-1,SELL_UEBR-1,SELL_GIOT-3,BUY_UOTB-3,BUY_CAMN-1,BUY_COLB-2,SELL_WRSW-2,SELL_BRCH-2,tick,timestamp,news_news_id,news_period,news_tick,news_ticker,news_headline,news_body
SPNG,25.18,25.18,25.32,4000.0,2142900.0,2750.0,3000.0,2320600.0,,,0,0,0,0,0,0,0,0,0,0,0,0,0,0,0,0,0,0,0,0,0,0,0,0,0,0,0,0,0,0,0,0,2,2026-02-05 19:15:17.967505,2.0,1.0,1.0,,Aggregate Position Limit,Your CRO has set the aggregate position limit to 11000 shares for this week.
SMMR,24.9,24.79,24.9,,2146300.0,,,2042500.0,2080.0,2750.0,0,0,0,0,0,0,0,0,0,0,0,0,0,0,0,0,0,0,0,0,0,0,0,0,0,0,0,0,0,0,0,0,2,2026-02-05 19:15:17.967505,1.0,1.0,1.0,,Welcome to the RITC 2026 Alogithmic Market Making Case - practice server,
ATMN,25.01,24.84,24.94,,2093800.0,,,2032800.0,4600.0,2750.0,0,0,0,0,0,0,0,0,0,0,0,0,0,0,0,0,0,0,0,0,0,0,0,0,0,0,0,0,0,0,0,0,2,2026-02-05 19:15:17.967505,,,,,,
WNTR,24.84,24.83,24.84,,1878000.0,,,2139800.0,,2750.0,0,0,0,0,0,0,0,0,0,0,0,0,0,0,0,0,0,0,0,0,0,0,0,0,0,0,0,0,0,0,0,0,2,2026-02-05 19:15:17.967505,,,,,,
SPNG,24.94,24.8,24.94,2263300.0,2213600.0,4000.0,,,0,0,0,0,0,0,0,0,0,0,0,0,0,0,0,0,0,0,0,0,0,0,0,0,0,0,0,0,0,0,0,0,0,0,3,2026-02-05 19:15:19.034409
SMMR,24.79,24.81,24.89,2045900.0,2042500.0,5200.0,5200.0,2750.0,0,0,0,0,0,0,0,0,0,0,0,0,0,0,0,0,0,0,0,0,0,0,0,0,0,0,0,0,0,0,0,0,0,0,3,2026-02-05 19:15:19.034409
ATMN,24.84,24.84,25.12,2195800.0,2110200.0,4600.0,,,0,0,0,0,0,0,0,0,0,0,0,0,0,0,0,0,0,0,0,0,0,0,0,0,0,0,0,0,0,0,0,0,0,0,3,2026-02-05 19:15:19.034409
WNTR,25.15,24.83,24.86,2118100.0,2133500.0,2320.0,4118.0,,0,0,0,0,0,0,0,0,0,0,0,0,0,0,0,0,0,0,0,0,0,0,0,0,0,0,0,0,0,0,0,0,0,0,3,2026-02-05 19:15:19.034409
SPNG,24.94,24.94,24.96,1996900.0,4000.0,6000.0,2062.0,3000.0,2111800.0,4000.0,0,0,0,0,0,0,0,0,0,0,0,0,0,0,0,0,0,0,0,0,0,0,0,0,0,0,0,0,0,0,0,0,4,2026-02-05 19:15:20.099300
SMMR,25.15,24.99,25.15,1974900.0,5200.0,,2062.0,,2195000.0,,0,0,0,0,0,0,0,0,0,0,0,0,0,0,0,0,0,0,0,0,0,0,0,0,0,0,0,0,0,0,0,0,4,2026-02-05 19:15:20.099300
ATMN,24.84,24.91,25.09,2211600.0,,2250.0,,,2102600.0,4600.0,0,0,0,0,0,0,0,0,0,0,0,0,0,0,0,0,0,0,0,0,0,0,0,0,0,0,0,0,0,0,0,0,4,2026-02-05 19:15:20.099300
WNTR,24.92,24.83,24.92,2118100.0,,,2062.0,,2132200.0,4118.0,0,0,0,0,0,0,0,0,0,0,0,0,0,0,0,0,0,0,0,0,0,0,0,0,0,0,0,0,0,0,0,0,4,2026-02-05 19:15:20.099300
SPNG,24.94,24.94,24.97,2123000.0,9000.0,2347300.0,,,,,0,0,0,0,0,0,0,0,0,0,0,0,0,0,0,0,0,0,0,0,0,0,0,0,0,0,0,0,0,0,0,0,5,2026-02-05 19:15:21.222031
SMMR,25.15,25.02,25.15,2064900.0,,2218300.0,5200.0,,,,0,0,0,0,0,0,0,0,0,0,0,0,0,0,0,0,0,0,0,0,0,0,0,0,0,0,0,0,0,0,0,0,5,2026-02-05 19:15:21.222031
ATMN,24.75,25.1,25.14,2182300.0,2250.0,1876100.0,,4600.0,4500.0,,0,0,0,0,0,0,0,0,0,0,0,0,0,0,0,0,0,0,0,0,0,0,0,0,0,0,0,0,0,0,0,0,5,2026-02-05 19:15:21.222031
WNTR,25.2,25.09,25.2,2194700.0,,2242000.0,,,,2750.0,0,0,0,0,0,0,0,0,0,0,0,0,0,0,0,0,0,0,0,0,0,0,0,0,0,0,0,0,0,0,0,0,5,2026-02-05 19:15:21.222031
SPNG,25.02,24.96,25.02,2750.0,1760700.0,15000.0,2209000.0,1375.0,,,0,0,0,0,0,0,0,0,0,0,0,0,0,0,0,0,0,0,0,0,0,0,0,0,0,0,0,0,0,0,0,0,6,2026-02-05 19:15:22.281378
SMMR,24.98,24.98,25.0,1718.0,2064900.0,,1937000.0,4811.0,5200.0,,0,0,0,0,0,0,0,0,0,0,0,0,0,0,0,0,0,0,0,0,0,0,0,0,0,0,0,0,0,0,0,0,6,2026-02-05 19:15:22.281378
ATMN,25.14,25.11,25.14,1375.0,1979800.0,4500.0,1734900.0,1375.0,4600.0,6750.0,0,0,0,0,0,0,0,0,0,0,0,0,0,0,0,0,0,0,0,0,0,0,0,0,0,0,0,0,0,0,0,0,6,2026-02-05 19:15:22.281378
WNTR,24.83,24.83,24.89,1718.0,2247000.0,,2020900.0,4811.0,,,0,0,0,0,0,0,0,0,0,0,0,0,0,0,0,0,0,0,0,0,0,0,0,0,0,0,0,0,0,0,0,0,6,2026-02-05 19:15:22.281378
SPNG,25.15,25.06,25.15,1776100.0,4000.0,15000.0,2309400.0,,,,0,0,0,0,0,0,0,0,0,0,0,0,0,0,0,0,0,0,0,0,0,0,0,0,0,0,0,0,0,0,0,0,7,2026-02-05 19:15:23.361918
SMMR,25.03,25.06,25.12,2095400.0,,,2286500.0,1118.0,,,0,0,0,0,0,0,0,0,0,0,0,0,0,0,0,0,0,0,0,0,0,0,0,0,0,0,0,0,0,0,0,0,7,2026-02-05 19:15:23.361918
ATMN,25.14,25.11,25.12,1968600.0,,6750.0,1742000.0,,9000.0,4600.0,0,0,0,0,0,0,0,0,0,0,0,0,0,0,0,0,0,0,0,0,0,0,0,0,0,0,0,0,0,0,0,0,7,2026-02-05 19:15:23.361918
WNTR,25.12,25.12,25.18,2217700.0,,,2274400.0,2236.0,,,0,0,0,0,0,0,0,0,0,0,0,0,0,0,0,0,0,0,0,0,0,0,0,0,0,0,0,0,0,0,0,0,7,2026-02-05 19:15:23.361918
SPNG,24.8,24.8,25.32,2475300.0,2299000.0,,,,,,0,0,0,0,0,0,0,0,0,0,0,0,0,0,0,0,0,0,0,0,0,0,0,0,0,0,0,0,0,0,0,0,8,2026-02-05 19:15:24.413141
SMMR,25.15,25.09,25.15,1872400.0,2218300.0,2794.0,5200.0,,,,0,0,0,0,0,0,0,0,0,0,0,0,0,0,0,0,0,0,0,0,0,0,0,0,0,0,0,0,0,0,0,0,8,2026-02-05 19:15:24.413141
ATMN,25.17,25.1,25.17,2084900.0,2122800.0,,,4500.0,4600.0,,0,0,0,0,0,0,0,0,0,0,0,0,0,0,0,0,0,0,0,0,0,0,0,0,0,0,0,0,0,0,0,0,8,2026-02-05 19:15:24.413141
WNTR,25.12,25.02,25.07,2130300.0,2148400.0,3912.0,,,,838.0,0,0,0,0,0,0,0,0,0,0,0,0,0,0,0,0,0,0,0,0,0,0,0,0,0,0,0,0,0,0,0,0,8,2026-02-05 19:15:24.413141
SPNG,24.73,24.72,24.73,2469500.0,1951800.0,4000.0,3000.0,838.0,,,,0,0,0,0,0,0,0,0,0,0,0,0,0,0,0,0,0,0,0,0,0,0,0,0,0,0,0,0,0,0,0,9,2026-02-05 19:15:25.069103
SMMR,25.15,25.09,25.15,1872400.0,2129700.0,,,838.0,2794.0,5200.0,,0,0,0,0,0,0,0,0,0,0,0,0,0,0,0,0,0,0,0,0,0,0,0,0,0,0,0,0,0,0,0,9,2026-02-05 19:15:25.069103
ATMN,25.19,25.08,25.19,1955200.0,2197100.0,,,,,4600.0,4500.0,0,0,0,0,0,0,0,0,0,0,0,0,0,0,0,0,0,0,0,0,0,0,0,0,0,0,0,0,0,0,0,9,2026-02-05 19:15:25.069103
WNTR,25.08,25.08,25.09,1993700.0,2167100.0,,,838.0,3912.0,5800.0,,0,0,0,0,0,0,0,0,0,0,0,0,0,0,0,0,0,0,0,0,0,0,0,0,0,0,0,0,0,0,0,9,2026-02-05 19:15:25.069103
SPNG,24.85,25.12,25.3,3000.0,4000.0,2041200.0,100.0,4000.0,6000.0,1960500.0,,0,0,0,0,0,0,0,0,0,0,0,0,0,0,0,0,0,0,0,0,0,0,0,0,0,0,0,0,0,0,0,10,2026-02-05 19:15:26.192347
SMMR,25.01,24.82,24.93,,5200.0,1991700.0,3835.0,5200.0,,1884700.0,18216.0,0,0,0,0,0,0,0,0,0,0,0,0,0,0,0,0,0,0,0,0,0,0,0,0,0,0,0,0,0,0,0,10,2026-02-05 19:15:26.192347
ATMN,25.07,24.76,24.94,6750.0,,1970900.0,,1955.0,2250.0,1854900.0,5949.0,0,0,0,0,0,0,0,0,0,0,0,0,0,0,0,0,0,0,0,0,0,0,0,0,0,0,0,0,0,0,0,10,2026-02-05 19:15:26.192347
WNTR,25.18,24.96,25.08,,5800.0,2144800.0,8563.0,5800.0,,2005200.0,8563.0,0,0,0,0,0,0,0,0,0,0,0,0,0,0,0,0,0,0,0,0,0,0,0,0,0,0,0,0,0,0,0,10,2026-02-05 19:15:26.192347
SPNG,24.72,25.12,25.28,2335100.0,100.0,100.0,9000.0,1843300.0,,0,0,0,0,0,0,0,0,0,0,0,0,0,0,0,0,0,0,0,0,0,0,0,0,0,0,0,0,0,0,0,0,0,11,2026-02-05 19:15:27.393741
SMMR,25.01,24.85,24.87,2010800.0,6244.0,19756.0,,1884700.0,,0,0,0,0,0,0,0,0,0,0,0,0,0,0,0,0,0,0,0,0,0,0,0,0,0,0,0,0,0,0,0,0,0,11,2026-02-05 19:15:27.393741
ATMN,25.19,24.9,25.19,1593700.0,4359.0,,2250.0,2081200.0,11250.0,0,0,0,0,0,0,0,0,0,0,0,0,0,0,0,0,0,0,0,0,0,0,0,0,0,0,0,0,0,0,0,0,0,11,2026-02-05 19:15:27.393741
WNTR,24.97,25.02,25.16,2266700.0,4425.0,8563.0,,2131700.0,,0,0,0,0,0,0,0,0,0,0,0,0,0,0,0,0,0,0,0,0,0,0,0,0,0,0,0,0,0,0,0,0,0,11,2026-02-05 19:15:27.393741
SPNG,25.12,24.72,25.01,2326700.0,100.0,1461100.0,100.0,4000.0,15000.0,,,0,0,0,0,0,0,0,0,0,0,0,0,0,0,0,0,0,0,0,0,0,0,0,0,0,0,0,0,0,0,0,12,2026-02-05 19:15:28.117308
SMMR,24.95,24.95,25.15,1883100.0,6244.0,2128600.0,8216.0,,,5200.0,,0,0,0,0,0,0,0,0,0,0,0,0,0,0,0,0,0,0,0,0,0,0,0,0,0,0,0,0,0,0,0,12,2026-02-05 19:15:28.117308
ATMN,25.19,24.98,25.18,1234100.0,11741.0,1853600.0,,4600.0,4500.0,4600.0,13500.0,0,0,0,0,0,0,0,0,0,0,0,0,0,0,0,0,0,0,0,0,0,0,0,0,0,0,0,0,0,0,0,12,2026-02-05 19:15:28.117308
WNTR,25.02,25.02,25.07,2265800.0,4425.0,2140000.0,8563.0,,,,,0,0,0,0,0,0,0,0,0,0,0,0,0,0,0,0,0,0,0,0,0,0,0,0,0,0,0,0,0,0,0,12,2026-02-05 19:15:28.117308
SPNG,24.72,24.72,25.31,2450600.0,18000.0,1475600.0,4000.0,,,,0,0,0,0,0,0,0,0,0,0,0,0,0,0,0,0,0,0,0,0,0,0,0,0,0,0,0,0,0,0,0,0,13,2026-02-05 19:15:29.173599
SMMR,25.02,25.02,25.16,2096800.0,,2206700.0,,5200.0,,,0,0,0,0,0,0,0,0,0,0,0,0,0,0,0,0,0,0,0,0,0,0,0,0,0,0,0,0,0,0,0,0,13,2026-02-05 19:15:29.173599
ATMN,25.04,24.92,25.04,1471500.0,6750.0,1882600.0,,4600.0,13500.0,,0,0,0,0,0,0,0,0,0,0,0,0,0,0,0,0,0,0,0,0,0,0,0,0,0,0,0,0,0,0,0,0,13,2026-02-05 19:15:29.173599
WNTR,25.03,25.04,25.07,2132600.0,,2122800.0,5800.0,,,14374.0,0,0,0,0,0,0,0,0,0,0,0,0,0,0,0,0,0,0,0,0,0,0,0,0,0,0,0,0,0,0,0,0,13,2026-02-05 19:15:29.173599
SPNG,24.55,24.83,25.29,2308000.0,4000.0,4000.0,8574.0,3000.0,1947000.0,,,0,0,0,0,0,0,0,0,0,0,0,0,0,0,0,0,0,0,0,0,0,0,0,0,0,0,0,0,0,0,0,14,2026-02-05 19:15:30.232617
SMMR,25.02,24.95,24.97,2227100.0,,5200.0,,,2105200.0,,,0,0,0,0,0,0,0,0,0,0,0,0,0,0,0,0,0,0,0,0,0,0,0,0,0,0,0,0,0,0,0,14,2026-02-05 19:15:30.232617
ATMN,25.28,24.96,25.23,1260500.0,4600.0,4600.0,,,2072700.0,7500.0,15750.0,0,0,0,0,0,0,0,0,0,0,0,0,0,0,0,0,0,0,0,0,0,0,0,0,0,0,0,0,0,0,0,14,2026-02-05 19:15:30.232617
WNTR,24.93,25.05,25.06,2341400.0,,,8574.0,,2122800.0,,,0,0,0,0,0,0,0,0,0,0,0,0,0,0,0,0,0,0,0,0,0,0,0,0,0,0,0,0,0,0,0,14,2026-02-05 19:15:30.232617
SPNG,24.85,24.84,24.85,6000.0,2076800.0,4000.0,1947600.0,4000.0,6000.0,0,0,0,0,0,0,0,0,0,0,0,0,0,0,0,0,0,0,0,0,0,0,0,0,0,0,0,0,0,0,0,0,0,15,2026-02-05 19:15:31.302892
SMMR,25.09,25.09,25.12,,2121200.0,5200.0,2130800.0,5200.0,,0,0,0,0,0,0,0,0,0,0,0,0,0,0,0,0,0,0,0,0,0,0,0,0,0,0,0,0,0,0,0,0,0,15,2026-02-05 19:15:31.302892
ATMN,24.95,24.91,24.92,20250.0,1275100.0,,2054400.0,4600.0,,0,0,0,0,0,0,0,0,0,0,0,0,0,0,0,0,0,0,0,0,0,0,0,0,0,0,0,0,0,0,0,0,0,15,2026-02-05 19:15:31.302892
WNTR,24.9,24.9,25.11,,2332100.0,,2109200.0,5800.0,,0,0,0,0,0,0,0,0,0,0,0,0,0,0,0,0,0,0,0,0,0,0,0,0,0,0,0,0,0,0,0,0,0,15,2026-02-05 19:15:31.302892
SPNG,25.12,24.84,25.12,6000.0,100.0,2076800.0,1968700.0,9000.0,,0,0,0,0,0,0,0,0,0,0,0,0,0,0,0,0,0,0,0,0,0,0,0,0,0,0,0,0,0,0,0,0,0,16,2026-02-05 19:15:32.357423
SMMR,24.95,24.95,25.02,,,2227100.0,2113500.0,,7063.0,0,0,0,0,0,0,0,0,0,0,0,0,0,0,0,0,0,0,0,0,0,0,0,0,0,0,0,0,0,0,0,0,0,16,2026-02-05 19:15:32.357423
ATMN,24.91,24.91,25.04,13500.0,4345.0,1530300.0,2126900.0,,,0,0,0,0,0,0,0,0,0,0,0,0,0,0,0,0,0,0,0,0,0,0,0,0,0,0,0,0,0,0,0,0,0,16,2026-02-05 19:15:32.357423
WNTR,24.93,24.93,24.98,,5149.0,2257600.0,1998800.0,,16752.0,0,0,0,0,0,0,0,0,0,0,0,0,0,0,0,0,0,0,0,0,0,0,0,0,0,0,0,0,0,0,0,0,0,16,2026-02-05 19:15:32.357423
SPNG,25.37,24.89,25.37,200.0,12000.0,1707600.0,2282900.0,,,0,0,0,0,0,0,0,0,0,0,0,0,0,0,0,0,0,0,0,0,0,0,0,0,0,0,0,0,0,0,0,0,0,17,2026-02-05 19:15:33.415594
SMMR,24.95,24.96,24.99,2637.0,,2009100.0,1993500.0,16977.0,,0,0,0,0,0,0,0,0,0,0,0,0,0,0,0,0,0,0,0,0,0,0,0,0,0,0,0,0,0,0,0,0,0,17,2026-02-05 19:15:33.415594
ATMN,24.9,24.92,25.0,9067.0,15750.0,1162500.0,1929900.0,7711.0,2250.0,0,0,0,0,0,0,0,0,0,0,0,0,0,0,0,0,0,0,0,0,0,0,0,0,0,0,0,0,0,0,0,0,0,17,2026-02-05 19:15:33.415594
WNTR,25.03,25.03,25.22,5149.0,,2254900.0,2255400.0,,,0,0,0,0,0,0,0,0,0,0,0,0,0,0,0,0,0,0,0,0,0,0,0,0,0,0,0,0,0,0,0,0,0,17,2026-02-05 19:15:33.415594
SPNG,25.44,24.97,25.36,100.0,2201500.0,3000.0,3000.0,2165100.0,,0,0,0,0,0,0,0,0,0,0,0,0,0,0,0,0,0,0,0,0,0,0,0,0,0,0,0,0,0,0,0,0,0,18,2026-02-05 19:15:34.477505
SMMR,25.12,24.97,24.98,2564.0,2137500.0,,,2130800.0,1843.0,0,0,0,0,0,0,0,0,0,0,0,0,0,0,0,0,0,0,0,0,0,0,0,0,0,0,0,0,0,0,0,0,0,18,2026-02-05 19:15:34.477505
ATMN,25.04,25.11,25.13,5783.0,1292200.0,18000.0,,2137900.0,,0,0,0,0,0,0,0,0,0,0,0,0,0,0,0,0,0,0,0,0,0,0,0,0,0,0,0,0,0,0,0,0,0,18,2026-02-05 19:15:34.477505
WNTR,25.06,25.06,25.11,,2353800.0,,,2128700.0,7799.0,0,0,0,0,0,0,0,0,0,0,0,0,0,0,0,0,0,0,0,0,0,0,0,0,0,0,0,0,0,0,0,0,0,18,2026-02-05 19:15:34.477505
SPNG,25.31,25.13,25.31,2211100.0,100.0,3000.0,2265400.0,,,0,0,0,0,0,0,0,0,0,0,0,0,0,0,0,0,0,0,0,0,0,0,0,0,0,0,0,0,0,0,0,0,0,19,2026-02-05 19:15:35.063875
SMMR,25.12,24.97,25.12,2137500.0,2564.0,,2245100.0,,,0,0,0,0,0,0,0,0,0,0,0,0,0,0,0,0,0,0,0,0,0,0,0,0,0,0,0,0,0,0,0,0,0,19,2026-02-05 19:15:35.063875
ATMN,25.04,24.93,24.97,1409900.0,,18000.0,2061600.0,2250.0,,0,0,0,0,0,0,0,0,0,0,0,0,0,0,0,0,0,0,0,0,0,0,0,0,0,0,0,0,0,0,0,0,0,19,2026-02-05 19:15:35.063875
WNTR,25.05,25.05,25.11,2342700.0,,,2128700.0,,7799.0,0,0,0,0,0,0,0,0,0,0,0,0,0,0,0,0,0,0,0,0,0,0,0,0,0,0,0,0,0,0,0,0,0,19,2026-02-05 19:15:35.063875
SPNG,25.13,25.13,25.3,2074200.0,100.0,6000.0,4000.0,2079700.0,3020.0,,,0,0,0,0,0,0,0,0,0,0,0,0,0,0,0,0,0,0,0,0,0,0,0,0,0,0,0,0,0,0,0,20,2026-02-05 19:15:36.109288
SMMR,25.17,25.02,25.08,1889000.0,7180.0,,5200.0,2002800.0,8826.0,5200.0,,0,0,0,0,0,0,0,0,0,0,0,0,0,0,0,0,0,0,0,0,0,0,0,0,0,0,0,0,0,0,0,20,2026-02-05 19:15:36.109288
ATMN,24.99,25.05,25.12,1073500.0,7817.0,20250.0,,1963400.0,,1955.0,4500.0,0,0,0,0,0,0,0,0,0,0,0,0,0,0,0,0,0,0,0,0,0,0,0,0,0,0,0,0,0,0,0,20,2026-02-05 19:15:36.109288
WNTR,25.22,25.06,25.12,2127700.0,6282.0,,4118.0,2123900.0,,2320.0,,0,0,0,0,0,0,0,0,0,0,0,0,0,0,0,0,0,0,0,0,0,0,0,0,0,0,0,0,0,0,0,20,2026-02-05 19:15:36.109288
SPNG,24.71,24.71,25.3,2412000.0,3000.0,1967000.0,3120.0,,,0,0,0,0,0,0,0,0,0,0,0,0,0,0,0,0,0,0,0,0,0,0,0,0,0,0,0,0,0,0,0,0,0,21,2026-02-05 19:15:37.177333
SMMR,25.17,25.02,25.17,2045200.0,,2228200.0,,7180.0,,0,0,0,0,0,0,0,0,0,0,0,0,0,0,0,0,0,0,0,0,0,0,0,0,0,0,0,0,0,0,0,0,0,21,2026-02-05 19:15:37.177333
ATMN,25.16,25.08,25.15,952000.0,2250.0,2055200.0,,14658.0,22500.0,0,0,0,0,0,0,0,0,0,0,0,0,0,0,0,0,0,0,0,0,0,0,0,0,0,0,0,0,0,0,0,0,0,21,2026-02-05 19:15:37.177333
WNTR,25.05,25.05,25.16,2229600.0,,2240000.0,,6282.0,,0,0,0,0,0,0,0,0,0,0,0,0,0,0,0,0,0,0,0,0,0,0,0,0,0,0,0,0,0,0,0,0,0,21,2026-02-05 19:15:37.177333
SPNG,24.88,24.84,24.88,3000.0,100.0,2197000.0,2184100.0,2000.0,,,0,0,0,0,0,0,0,0,0,0,0,0,0,0,0,0,0,0,0,0,0,0,0,0,0,0,0,0,0,0,0,0,22,2026-02-05 19:15:38.296299
SMMR,25.18,25.06,25.12,,9666.0,2045200.0,2115600.0,,5200.0,4876.0,0,0,0,0,0,0,0,0,0,0,0,0,0,0,0,0,0,0,0,0,0,0,0,0,0,0,0,0,0,0,0,0,22,2026-02-05 19:15:38.296299
ATMN,24.96,24.93,24.96,9000.0,,1826100.0,1994800.0,4600.0,,100.0,0,0,0,0,0,0,0,0,0,0,0,0,0,0,0,0,0,0,0,0,0,0,0,0,0,0,0,0,0,0,0,0,22,2026-02-05 19:15:38.296299
WNTR,25.02,25.1,25.12,,8638.0,2229500.0,1986500.0,,,19682.0,0,0,0,0,0,0,0,0,0,0,0,0,0,0,0,0,0,0,0,0,0,0,0,0,0,0,0,0,0,0,0,0,22,2026-02-05 19:15:38.296299
SPNG,25.01,24.85,25.0,4000.0,1828.0,9000.0,1602800.0,4000.0,1977700.0,6000.0,,0,0,0,0,0,0,0,0,0,0,0,0,0,0,0,0,0,0,0,0,0,0,0,0,0,0,0,0,0,0,0,23,2026-02-05 19:15:39.344055
SMMR,25.12,25.15,25.18,,19666.0,,1964500.0,,2231500.0,,,0,0,0,0,0,0,0,0,0,0,0,0,0,0,0,0,0,0,0,0,0,0,0,0,0,0,0,0,0,0,0,23,2026-02-05 19:15:39.344055
ATMN,24.93,24.94,24.95,,1814.0,6750.0,1880000.0,,1783700.0,2250.0,4866.0,0,0,0,0,0,0,0,0,0,0,0,0,0,0,0,0,0,0,0,0,0,0,0,0,0,0,0,0,0,0,0,23,2026-02-05 19:15:39.344055
WNTR,25.02,25.1,25.12,,8638.0,,2234300.0,,2001700.0,,19682.0,0,0,0,0,0,0,0,0,0,0,0,0,0,0,0,0,0,0,0,0,0,0,0,0,0,0,0,0,0,0,0,23,2026-02-05 19:15:39.344055
SPNG,25.01,24.86,24.99,4000.0,15000.0,1725800.0,4000.0,1743000.0,12000.0,,,0,0,0,0,0,0,0,0,0,0,0,0,0,0,0,0,0,0,0,0,0,0,0,0,0,0,0,0,0,0,0,24,2026-02-05 19:15:40.393958
SMMR,25.01,25.09,25.13,,,2126800.0,3848.0,2023700.0,,6837.0,6837.0,0,0,0,0,0,0,0,0,0,0,0,0,0,0,0,0,0,0,0,0,0,0,0,0,0,0,0,0,0,0,0,24,2026-02-05 19:15:40.393958
ATMN,24.93,24.94,24.95,4600.0,9000.0,1649400.0,4600.0,1904000.0,4500.0,3272.0,,0,0,0,0,0,0,0,0,0,0,0,0,0,0,0,0,0,0,0,0,0,0,0,0,0,0,0,0,0,0,0,24,2026-02-05 19:15:40.393958
WNTR,25.06,25.12,25.14,5800.0,,2107800.0,5800.0,2106600.0,,10000.0,,0,0,0,0,0,0,0,0,0,0,0,0,0,0,0,0,0,0,0,0,0,0,0,0,0,0,0,0,0,0,0,24,2026-02-05 19:15:40.393958
SPNG,25.04,25.04,25.31,1292900.0,4000.0,5811.0,21000.0,1592500.0,18000.0,,,0,0,0,0,0,0,0,0,0,0,0,0,0,0,0,0,0,0,0,0,0,0,0,0,0,0,0,0,0,0,0,25,2026-02-05 19:15:41.455278
SMMR,25.06,25.01,25.06,2235000.0,,,,1872400.0,,16374.0,2080.0,0,0,0,0,0,0,0,0,0,0,0,0,0,0,0,0,0,0,0,0,0,0,0,0,0,0,0,0,0,0,0,25,2026-02-05 19:15:41.455278
ATMN,24.96,24.93,24.94,1550000.0,4600.0,4831.0,9000.0,1904000.0,2250.0,100.0,4600.0,0,0,0,0,0,0,0,0,0,0,0,0,0,0,0,0,0,0,0,0,0,0,0,0,0,0,0,0,0,0,0,25,2026-02-05 19:15:41.455278
WNTR,25.16,25.12,25.16,1942400.0,5800.0,10100.0,,2107100.0,,,5800.0,0,0,0,0,0,0,0,0,0,0,0,0,0,0,0,0,0,0,0,0,0,0,0,0,0,0,0,0,0,0,0,25,2026-02-05 19:15:41.455278
SPNG,25.43,25.15,25.16,1053800.0,7784.0,24000.0,4000.0,4000.0,24000.0,1261400.0,,0,0,0,0,0,0,0,0,0,0,0,0,0,0,0,0,0,0,0,0,0,0,0,0,0,0,0,0,0,0,0,26,2026-02-05 19:15:42.503479
SMMR,25.02,25.02,25.04,2117900.0,,,5200.0,5200.0,,1759700.0,21786.0,0,0,0,0,0,0,0,0,0,0,0,0,0,0,0,0,0,0,0,0,0,0,0,0,0,0,0,0,0,0,0,26,2026-02-05 19:15:42.503479
ATMN,24.96,24.93,24.94,1332200.0,9341.0,11250.0,4600.0,4600.0,4500.0,1677900.0,1227.0,0,0,0,0,0,0,0,0,0,0,0,0,0,0,0,0,0,0,0,0,0,0,0,0,0,0,0,0,0,0,0,26,2026-02-05 19:15:42.503479
WNTR,25.19,25.19,25.22,2062200.0,10100.0,,,,,2114700.0,490.0,0,0,0,0,0,0,0,0,0,0,0,0,0,0,0,0,0,0,0,0,0,0,0,0,0,0,0,0,0,0,0,26,2026-02-05 19:15:42.503479
SPNG,25.43,25.16,25.21,27000.0,902400.0,4000.0,7784.0,4000.0,6000.0,1979400.0,,0,0,0,0,0,0,0,0,0,0,0,0,0,0,0,0,0,0,0,0,0,0,0,0,0,0,0,0,0,0,0,27,2026-02-05 19:15:43.079384
SMMR,25.06,25.02,25.06,,2119300.0,5200.0,,5200.0,,1869500.0,16374.0,0,0,0,0,0,0,0,0,0,0,0,0,0,0,0,0,0,0,0,0,0,0,0,0,0,0,0,0,0,0,0,27,2026-02-05 19:15:43.079384
ATMN,24.96,24.93,24.94,13500.0,1199600.0,4600.0,9341.0,,6750.0,1666600.0,1227.0,0,0,0,0,0,0,0,0,0,0,0,0,0,0,0,0,0,0,0,0,0,0,0,0,0,0,0,0,0,0,0,27,2026-02-05 19:15:43.079384
WNTR,25.17,25.12,25.17,,2055100.0,,10100.0,,,2120200.0,490.0,0,0,0,0,0,0,0,0,0,0,0,0,0,0,0,0,0,0,0,0,0,0,0,0,0,0,0,0,0,0,0,27,2026-02-05 19:15:43.079384
SPNG,25.4,25.16,25.24,30000.0,1037000.0,4000.0,4000.0,2198000.0,,0,0,0,0,0,0,0,0,0,0,0,0,0,0,0,0,0,0,0,0,0,0,0,0,0,0,0,0,0,0,0,0,0,28,2026-02-05 19:15:44.135147
SMMR,25.06,25.02,25.06,,2135400.0,,,2192200.0,1549.0,0,0,0,0,0,0,0,0,0,0,0,0,0,0,0,0,0,0,0,0,0,0,0,0,0,0,0,0,0,0,0,0,0,28,2026-02-05 19:15:44.135147
ATMN,24.96,24.95,24.96,15750.0,1322900.0,4600.0,4600.0,2112500.0,100.0,0,0,0,0,0,0,0,0,0,0,0,0,0,0,0,0,0,0,0,0,0,0,0,0,0,0,0,0,0,0,0,0,0,28,2026-02-05 19:15:44.135147
WNTR,25.12,25.12,25.22,,2193700.0,5800.0,5800.0,2147500.0,,0,0,0,0,0,0,0,0,0,0,0,0,0,0,0,0,0,0,0,0,0,0,0,0,0,0,0,0,0,0,0,0,0,28,2026-02-05 19:15:44.135147
SPNG,24.91,25.19,25.26,7188.0,27000.0,4000.0,1027800.0,4000.0,2488.0,2102000.0,0,0,0,0,0,0,0,0,0,0,0,0,0,0,0,0,0,0,0,0,0,0,0,0,0,0,0,0,0,0,0,0,29,2026-02-05 19:15:45.208677
SMMR,25.02,25.01,25.02,,,5200.0,2154500.0,5200.0,9135.0,1971200.0,0,0,0,0,0,0,0,0,0,0,0,0,0,0,0,0,0,0,0,0,0,0,0,0,0,0,0,0,0,0,0,0,29,2026-02-05 19:15:45.208677
ATMN,24.92,24.92,24.96,,6750.0,4600.0,1883600.0,4600.0,6887.0,2005900.0,0,0,0,0,0,0,0,0,0,0,0,0,0,0,0,0,0,0,0,0,0,0,0,0,0,0,0,0,0,0,0,0,29,2026-02-05 19:15:45.208677
WNTR,25.11,25.15,25.19,7737.0,,1417.0,2096300.0,4772.0,11990.0,1892900.0,0,0,0,0,0,0,0,0,0,0,0,0,0,0,0,0,0,0,0,0,0,0,0,0,0,0,0,0,0,0,0,0,29,2026-02-05 19:15:45.208677
SPNG,24.91,25.19,25.29,4000.0,21000.0,1431200.0,4000.0,2248700.0,,,0,0,0,0,0,0,0,0,0,0,0,0,0,0,0,0,0,0,0,0,0,0,0,0,0,0,0,0,0,0,0,0,30,2026-02-05 19:15:46.258065
SMMR,25.01,25.01,25.02,5200.0,,2154500.0,5200.0,2050800.0,,,0,0,0,0,0,0,0,0,0,0,0,0,0,0,0,0,0,0,0,0,0,0,0,0,0,0,0,0,0,0,0,0,30,2026-02-05 19:15:46.258065
ATMN,24.84,24.84,24.95,,,2295000.0,4600.0,2005900.0,2250.0,,0,0,0,0,0,0,0,0,0,0,0,0,0,0,0,0,0,0,0,0,0,0,0,0,0,0,0,0,0,0,0,0,30,2026-02-05 19:15:46.258065
WNTR,25.11,25.15,25.16,2622.0,,2096300.0,4383.0,2114200.0,,1008.0,0,0,0,0,0,0,0,0,0,0,0,0,0,0,0,0,0,0,0,0,0,0,0,0,0,0,0,0,0,0,0,0,30,2026-02-05 19:15:46.258065
SPNG,25.34,25.29,25.34,2203800.0,4000.0,3000.0,2356600.0,,,,,0,0,0,0,0,0,0,0,0,0,0,0,0,0,0,0,0,0,0,0,0,0,0,0,0,0,0,0,0,0,0,31,2026-02-05 19:15:47.310917
SMMR,25.0,25.08,25.12,2143700.0,5200.0,,2169500.0,,,,,0,0,0,0,0,0,0,0,0,0,0,0,0,0,0,0,0,0,0,0,0,0,0,0,0,0,0,0,0,0,0,31,2026-02-05 19:15:47.310917
ATMN,25.1,24.84,25.03,2295000.0,,,2107600.0,2250.0,,,,0,0,0,0,0,0,0,0,0,0,0,0,0,0,0,0,0,0,0,0,0,0,0,0,0,0,0,0,0,0,0,31,2026-02-05 19:15:47.310917
WNTR,25.11,25.12,25.15,2109500.0,5800.0,,1939000.0,,9318.0,11559.0,5800.0,0,0,0,0,0,0,0,0,0,0,0,0,0,0,0,0,0,0,0,0,0,0,0,0,0,0,0,0,0,0,0,31,2026-02-05 19:15:47.310917
SPNG,25.26,24.78,25.0,100.0,2290200.0,2083700.0,3000.0,4000.0,,,0,0,0,0,0,0,0,0,0,0,0,0,0,0,0,0,0,0,0,0,0,0,0,0,0,0,0,0,0,0,0,0,32,2026-02-05 19:15:48.357469
SMMR,24.97,25.01,25.1,,2109000.0,1949000.0,,5200.0,5200.0,9318.0,0,0,0,0,0,0,0,0,0,0,0,0,0,0,0,0,0,0,0,0,0,0,0,0,0,0,0,0,0,0,0,0,32,2026-02-05 19:15:48.357469
ATMN,24.92,24.85,24.9,,2167900.0,1901800.0,4500.0,4600.0,4600.0,,0,0,0,0,0,0,0,0,0,0,0,0,0,0,0,0,0,0,0,0,0,0,0,0,0,0,0,0,0,0,0,0,32,2026-02-05 19:15:48.357469
WNTR,25.08,25.12,25.14,6174.0,2082600.0,1939000.0,,5800.0,5800.0,8415.0,0,0,0,0,0,0,0,0,0,0,0,0,0,0,0,0,0,0,0,0,0,0,0,0,0,0,0,0,0,0,0,0,32,2026-02-05 19:15:48.357469
SPNG,25.09,25.09,25.19,2273000.0,4000.0,4000.0,12000.0,1754500.0,,,0,0,0,0,0,0,0,0,0,0,0,0,0,0,0,0,0,0,0,0,0,0,0,0,0,0,0,0,0,0,0,0,33,2026-02-05 19:15:49.405373
SMMR,25.06,25.06,25.1,2098400.0,5200.0,1819.0,,2069300.0,,,0,0,0,0,0,0,0,0,0,0,0,0,0,0,0,0,0,0,0,0,0,0,0,0,0,0,0,0,0,0,0,0,33,2026-02-05 19:15:49.405373
ATMN,24.8,24.8,24.85,2285900.0,,4600.0,6750.0,1771200.0,,,0,0,0,0,0,0,0,0,0,0,0,0,0,0,0,0,0,0,0,0,0,0,0,0,0,0,0,0,0,0,0,0,33,2026-02-05 19:15:49.405373
WNTR,25.06,25.11,25.13,2055900.0,5800.0,,,2162500.0,4587.0,7224.0,0,0,0,0,0,0,0,0,0,0,0,0,0,0,0,0,0,0,0,0,0,0,0,0,0,0,0,0,0,0,0,0,33,2026-02-05 19:15:49.405373
SPNG,25.19,25.19,25.2,2161400.0,4000.0,100.0,1773800.0,100.0,4000.0,9000.0,,0,0,0,0,0,0,0,0,0,0,0,0,0,0,0,0,0,0,0,0,0,0,0,0,0,0,0,0,0,0,0,34,2026-02-05 19:15:50.464750
SMMR,25.12,25.03,25.08,1992000.0,5200.0,864.0,1956700.0,10000.0,5200.0,,,0,0,0,0,0,0,0,0,0,0,0,0,0,0,0,0,0,0,0,0,0,0,0,0,0,0,0,0,0,0,0,34,2026-02-05 19:15:50.464750
ATMN,25.03,24.81,24.85,2058200.0,4600.0,,1778000.0,,4600.0,6750.0,2250.0,0,0,0,0,0,0,0,0,0,0,0,0,0,0,0,0,0,0,0,0,0,0,0,0,0,0,0,0,0,0,0,34,2026-02-05 19:15:50.464750
WNTR,25.21,25.14,25.16,1929400.0,1595.0,11811.0,2062800.0,7328.0,5800.0,,,0,0,0,0,0,0,0,0,0,0,0,0,0,0,0,0,0,0,0,0,0,0,0,0,0,0,0,0,0,0,0,34,2026-02-05 19:15:50.464750
SPNG,25.2,25.19,25.2,2129800.0,4000.0,100.0,1648900.0,1347.0,4000.0,9000.0,0,0,0,0,0,0,0,0,0,0,0,0,0,0,0,0,0,0,0,0,0,0,0,0,0,0,0,0,0,0,0,0,35,2026-02-05 19:15:51.512375
SMMR,25.14,25.05,25.12,1992000.0,,10202.0,2089400.0,4669.0,,,0,0,0,0,0,0,0,0,0,0,0,0,0,0,0,0,0,0,0,0,0,0,0,0,0,0,0,0,0,0,0,0,35,2026-02-05 19:15:51.512375
ATMN,24.79,24.86,24.94,2187000.0,,7500.0,1784800.0,,,9000.0,0,0,0,0,0,0,0,0,0,0,0,0,0,0,0,0,0,0,0,0,0,0,0,0,0,0,0,0,0,0,0,0,35,2026-02-05 19:15:51.512375
WNTR,25.19,25.17,25.18,2061900.0,,11811.0,2054200.0,14189.0,,,0,0,0,0,0,0,0,0,0,0,0,0,0,0,0,0,0,0,0,0,0,0,0,0,0,0,0,0,0,0,0,0,35,2026-02-05 19:15:51.512375
SPNG,24.71,24.71,24.81,2285300.0,3000.0,1985500.0,9000.0,,,0,0,0,0,0,0,0,0,0,0,0,0,0,0,0,0,0,0,0,0,0,0,0,0,0,0,0,0,0,0,0,0,0,36,2026-02-05 19:15:52.581425
SMMR,25.16,25.16,25.17,2215500.0,,2180500.0,,,,0,0,0,0,0,0,0,0,0,0,0,0,0,0,0,0,0,0,0,0,0,0,0,0,0,0,0,0,0,0,0,0,0,36,2026-02-05 19:15:52.581425
ATMN,24.87,24.8,24.87,2064400.0,4500.0,1540000.0,13500.0,,,0,0,0,0,0,0,0,0,0,0,0,0,0,0,0,0,0,0,0,0,0,0,0,0,0,0,0,0,0,0,0,0,0,36,2026-02-05 19:15:52.581425
WNTR,25.14,25.16,25.17,2152300.0,,2181500.0,,5800.0,3100.0,0,0,0,0,0,0,0,0,0,0,0,0,0,0,0,0,0,0,0,0,0,0,0,0,0,0,0,0,0,0,0,0,0,36,2026-02-05 19:15:52.581425
SPNG,24.86,24.91,25.19,2206600.0,6000.0,12000.0,1871700.0,,,0,0,0,0,0,0,0,0,0,0,0,0,0,0,0,0,0,0,0,0,0,0,0,0,0,0,0,0,0,0,0,0,0,37,2026-02-05 19:15:53.180726
SMMR,24.97,24.97,25.17,2277700.0,,,2070700.0,6750.0,,0,0,0,0,0,0,0,0,0,0,0,0,0,0,0,0,0,0,0,0,0,0,0,0,0,0,0,0,0,0,0,0,0,37,2026-02-05 19:15:53.180726
ATMN,24.75,24.75,24.86,2295500.0,,15750.0,1315500.0,100.0,,0,0,0,0,0,0,0,0,0,0,0,0,0,0,0,0,0,0,0,0,0,0,0,0,0,0,0,0,0,0,0,0,0,37,2026-02-05 19:15:53.180726
WNTR,25.14,25.16,25.17,2155800.0,,,2181500.0,3100.0,5800.0,0,0,0,0,0,0,0,0,0,0,0,0,0,0,0,0,0,0,0,0,0,0,0,0,0,0,0,0,0,0,0,0,0,37,2026-02-05 19:15:53.180726
SPNG,25.2,24.91,25.2,1949000.0,12000.0,1862500.0,100.0,9000.0,,0,0,0,0,0,0,0,0,0,0,0,0,0,0,0,0,0,0,0,0,0,0,0,0,0,0,0,0,0,0,0,0,0,38,2026-02-05 19:15:54.237054
SMMR,24.96,24.96,25.14,2262700.0,,1953900.0,14098.0,,,0,0,0,0,0,0,0,0,0,0,0,0,0,0,0,0,0,0,0,0,0,0,0,0,0,0,0,0,0,0,0,0,0,38,2026-02-05 19:15:54.237054
ATMN,24.75,24.77,24.84,2153300.0,,998700.0,200.0,20250.0,9333.0,0,0,0,0,0,0,0,0,0,0,0,0,0,0,0,0,0,0,0,0,0,0,0,0,0,0,0,0,0,0,0,0,0,38,2026-02-05 19:15:54.237054
WNTR,25.12,25.06,25.12,2259400.0,,2093300.0,11489.0,,,0,0,0,0,0,0,0,0,0,0,0,0,0,0,0,0,0,0,0,0,0,0,0,0,0,0,0,0,0,0,0,0,0,38,2026-02-05 19:15:54.237054
SPNG,25.32,25.14,25.32,1802300.0,15000.0,2016300.0,9000.0,,,0,0,0,0,0,0,0,0,0,0,0,0,0,0,0,0,0,0,0,0,0,0,0,0,0,0,0,0,0,0,0,0,0,39,2026-02-05 19:15:55.300940
SMMR,24.96,24.96,25.05,2220400.0,,1849400.0,,21155.0,,0,0,0,0,0,0,0,0,0,0,0,0,0,0,0,0,0,0,0,0,0,0,0,0,0,0,0,0,0,0,0,0,0,39,2026-02-05 19:15:55.300940
ATMN,24.75,24.77,24.8,2137500.0,,799200.0,22500.0,4671.0,9333.0,0,0,0,0,0,0,0,0,0,0,0,0,0,0,0,0,0,0,0,0,0,0,0,0,0,0,0,0,0,0,0,0,0,39,2026-02-05 19:15:55.300940
WNTR,25.12,25.15,25.17,2299500.0,,2074400.0,,11489.0,,0,0,0,0,0,0,0,0,0,0,0,0,0,0,0,0,0,0,0,0,0,0,0,0,0,0,0,0,0,0,0,0,0,39,2026-02-05 19:15:55.300940
SPNG,25.14,25.19,25.24,2175.0,21000.0,1434000.0,2242400.0,237.0,,0,0,0,0,0,0,0,0,0,0,0,0,0,0,0,0,0,0,0,0,0,0,0,0,0,0,0,0,0,0,0,0,0,40,2026-02-05 19:15:56.366061
SMMR,24.94,25.0,25.02,,,2251000.0,2059000.0,652.0,,0,0,0,0,0,0,0,0,0,0,0,0,0,0,0,0,0,0,0,0,0,0,0,0,0,0,0,0,0,0,0,0,0,40,2026-02-05 19:15:56.366061
ATMN,24.67,24.67,24.81,,,2219400.0,1115100.0,,22500.0,0,0,0,0,0,0,0,0,0,0,0,0,0,0,0,0,0,0,0,0,0,0,0,0,0,0,0,0,0,0,0,0,0,40,2026-02-05 19:15:56.366061
WNTR,25.22,25.15,25.22,4464.0,,2154600.0,2315200.0,,,0,0,0,0,0,0,0,0,0,0,0,0,0,0,0,0,0,0,0,0,0,0,0,0,0,0,0,0,0,0,0,0,0,40,2026-02-05 19:15:56.366061
SPNG,24.7,24.7,25.24,2406300.0,2113000.0,1242.0,,,0,0,0,0,0,0,0,0,0,0,0,0,0,0,0,0,0,0,0,0,0,0,0,0,0,0,0,0,0,0,0,0,0,0,41,2026-02-05 19:15:57.415221
SMMR,25.0,25.0,25.05,2123100.0,2165800.0,,563.0,,0,0,0,0,0,0,0,0,0,0,0,0,0,0,0,0,0,0,0,0,0,0,0,0,0,0,0,0,0,0,0,0,0,0,41,2026-02-05 19:15:57.415221
ATMN,24.84,24.69,24.83,2113300.0,1545600.0,,6198.0,13500.0,0,0,0,0,0,0,0,0,0,0,0,0,0,0,0,0,0,0,0,0,0,0,0,0,0,0,0,0,0,0,0,0,0,0,41,2026-02-05 19:15:57.415221
WNTR,25.15,25.07,25.14,2304300.0,2189400.0,6198.0,,,0,0,0,0,0,0,0,0,0,0,0,0,0,0,0,0,0,0,0,0,0,0,0,0,0,0,0,0,0,0,0,0,0,0,41,2026-02-05 19:15:57.415221
SPNG,24.7,25.06,25.23,2137.0,2277200.0,6000.0,1763500.0,4466.0,,0,0,0,0,0,0,0,0,0,0,0,0,0,0,0,0,0,0,0,0,0,0,0,0,0,0,0,0,0,0,0,0,0,42,2026-02-05 19:15:58.494106
SMMR,24.94,24.94,25.04,,2257300.0,,2048000.0,7069.0,,0,0,0,0,0,0,0,0,0,0,0,0,0,0,0,0,0,0,0,0,0,0,0,0,0,0,0,0,0,0,0,0,0,42,2026-02-05 19:15:58.494106
ATMN,24.76,24.76,24.77,13267.0,1904500.0,15750.0,1337800.0,7069.0,2250.0,0,0,0,0,0,0,0,0,0,0,0,0,0,0,0,0,0,0,0,0,0,0,0,0,0,0,0,0,0,0,0,0,0,42,2026-02-05 19:15:58.494106
WNTR,25.06,25.06,25.2,,2284400.0,,2174500.0,6198.0,,0,0,0,0,0,0,0,0,0,0,0,0,0,0,0,0,0,0,0,0,0,0,0,0,0,0,0,0,0,0,0,0,0,42,2026-02-05 19:15:58.494106
SPNG,25.24,24.93,25.24,2406300.0,2238500.0,100.0,,,,0,0,0,0,0,0,0,0,0,0,0,0,0,0,0,0,0,0,0,0,0,0,0,0,0,0,0,0,0,0,0,0,0,43,2026-02-05 19:15:59.542058
SMMR,24.94,24.95,24.97,2132800.0,2052700.0,100.0,1895.0,,,0,0,0,0,0,0,0,0,0,0,0,0,0,0,0,0,0,0,0,0,0,0,0,0,0,0,0,0,0,0,0,0,0,43,2026-02-05 19:15:59.542058
ATMN,24.65,24.68,24.76,2083700.0,1208000.0,825.0,,2250.0,18000.0,0,0,0,0,0,0,0,0,0,0,0,0,0,0,0,0,0,0,0,0,0,0,0,0,0,0,0,0,0,0,0,0,0,43,2026-02-05 19:15:59.542058
WNTR,25.06,25.08,25.17,2174900.0,2178900.0,7661.0,1048.0,,,0,0,0,0,0,0,0,0,0,0,0,0,0,0,0,0,0,0,0,0,0,0,0,0,0,0,0,0,0,0,0,0,0,43,2026-02-05 19:15:59.542058
SPNG,25.25,24.97,25.07,7085.0,3000.0,2190300.0,2924.0,2163700.0,,0,0,0,0,0,0,0,0,0,0,0,0,0,0,0,0,0,0,0,0,0,0,0,0,0,0,0,0,0,0,0,0,0,44,2026-02-05 19:16:00.608382
SMMR,24.92,24.92,25.17,,,2235900.0,,2154000.0,,0,0,0,0,0,0,0,0,0,0,0,0,0,0,0,0,0,0,0,0,0,0,0,0,0,0,0,0,0,0,0,0,0,44,2026-02-05 19:16:00.608382
ATMN,24.77,24.63,24.77,,,2257700.0,825.0,1668900.0,9000.0,0,0,0,0,0,0,0,0,0,0,0,0,0,0,0,0,0,0,0,0,0,0,0,0,0,0,0,0,0,0,0,0,0,44,2026-02-05 19:16:00.608382
WNTR,25.2,25.2,25.21,,,2305700.0,,2273100.0,,0,0,0,0,0,0,0,0,0,0,0,0,0,0,0,0,0,0,0,0,0,0,0,0,0,0,0,0,0,0,0,0,0,44,2026-02-05 19:16:00.608382
SPNG,25.25,24.97,25.24,6000.0,2190300.0,3000.0,2260300.0,0,0,0,0,0,0,0,0,0,0,0,0,0,0,0,0,0,0,0,0,0,0,0,0,0,0,0,0,0,0,0,0,0,0,0,45,2026-02-05 19:16:01.211657
SMMR,24.89,24.89,25.01,,2233500.0,,2171900.0,0,0,0,0,0,0,0,0,0,0,0,0,0,0,0,0,0,0,0,0,0,0,0,0,0,0,0,0,0,0,0,0,0,0,0,45,2026-02-05 19:16:01.211657
ATMN,24.77,24.63,24.77,2250.0,2127700.0,11250.0,1688000.0,0,0,0,0,0,0,0,0,0,0,0,0,0,0,0,0,0,0,0,0,0,0,0,0,0,0,0,0,0,0,0,0,0,0,0,45,2026-02-05 19:16:01.211657
WNTR,25.2,25.2,25.21,,2305700.0,,2293900.0,0,0,0,0,0,0,0,0,0,0,0,0,0,0,0,0,0,0,0,0,0,0,0,0,0,0,0,0,0,0,0,0,0,0,0,45,2026-02-05 19:16:01.211657
SPNG,25.25,24.94,25.25,12000.0,1879400.0,2260300.0,3000.0,0,0,0,0,0,0,0,0,0,0,0,0,0,0,0,0,0,0,0,0,0,0,0,0,0,0,0,0,0,0,0,0,0,0,0,46,2026-02-05 19:16:02.475686
SMMR,25.01,24.89,25.01,,2233500.0,2173100.0,,0,0,0,0,0,0,0,0,0,0,0,0,0,0,0,0,0,0,0,0,0,0,0,0,0,0,0,0,0,0,0,0,0,0,0,46,2026-02-05 19:16:02.475686
ATMN,24.62,24.62,24.65,,2259800.0,1441000.0,15750.0,0,0,0,0,0,0,0,0,0,0,0,0,0,0,0,0,0,0,0,0,0,0,0,0,0,0,0,0,0,0,0,0,0,0,0,46,2026-02-05 19:16:02.475686
WNTR,25.21,25.04,25.21,,2244500.0,2303000.0,,0,0,0,0,0,0,0,0,0,0,0,0,0,0,0,0,0,0,0,0,0,0,0,0,0,0,0,0,0,0,0,0,0,0,0,46,2026-02-05 19:16:02.475686
SPNG,25.25,24.94,24.95,12000.0,1843700.0,6000.0,2160200.0,0,0,0,0,0,0,0,0,0,0,0,0,0,0,0,0,0,0,0,0,0,0,0,0,0,0,0,0,0,0,0,0,0,0,0,47,2026-02-05 19:16:03.527932
SMMR,25.01,24.89,25.01,,2188400.0,,2166200.0,0,0,0,0,0,0,0,0,0,0,0,0,0,0,0,0,0,0,0,0,0,0,0,0,0,0,0,0,0,0,0,0,0,0,0,47,2026-02-05 19:16:03.527932
ATMN,24.61,24.61,24.65,,2280500.0,20250.0,1233200.0,0,0,0,0,0,0,0,0,0,0,0,0,0,0,0,0,0,0,0,0,0,0,0,0,0,0,0,0,0,0,0,0,0,0,0,47,2026-02-05 19:16:03.527932
WNTR,24.98,24.98,25.12,,2277600.0,,2338000.0,0,0,0,0,0,0,0,0,0,0,0,0,0,0,0,0,0,0,0,0,0,0,0,0,0,0,0,0,0,0,0,0,0,0,0,47,2026-02-05 19:16:03.527932
SPNG,24.95,25.05,25.06,1842800.0,12000.0,2256100.0,3000.0,0,0,0,0,0,0,0,0,0,0,0,0,0,0,0,0,0,0,0,0,0,0,0,0,0,0,0,0,0,0,0,0,0,0,0,48,2026-02-05 19:16:04.570628
SMMR,25.01,24.89,24.99,2188400.0,,2154700.0,,0,0,0,0,0,0,0,0,0,0,0,0,0,0,0,0,0,0,0,0,0,0,0,0,0,0,0,0,0,0,0,0,0,0,0,48,2026-02-05 19:16:04.570628
ATMN,24.72,24.72,24.73,2268100.0,,1478500.0,15750.0,0,0,0,0,0,0,0,0,0,0,0,0,0,0,0,0,0,0,0,0,0,0,0,0,0,0,0,0,0,0,0,0,0,0,0,48,2026-02-05 19:16:04.570628
WNTR,25.12,24.98,25.0,2306700.0,,2327200.0,,0,0,0,0,0,0,0,0,0,0,0,0,0,0,0,0,0,0,0,0,0,0,0,0,0,0,0,0,0,0,0,0,0,0,0,48,2026-02-05 19:16:04.570628
SPNG,25.05,25.05,25.06,1850100.0,12000.0,2228300.0,3000.0,0,0,0,0,0,0,0,0,0,0,0,0,0,0,0,0,0,0,0,0,0,0,0,0,0,0,0,0,0,0,0,0,0,0,0,49,2026-02-05 19:16:05.608875
SMMR,24.88,24.88,24.99,2181300.0,,2154700.0,,0,0,0,0,0,0,0,0,0,0,0,0,0,0,0,0,0,0,0,0,0,0,0,0,0,0,0,0,0,0,0,0,0,0,0,49,2026-02-05 19:16:05.608875
ATMN,24.72,24.61,24.67,2280500.0,,1477200.0,15750.0,0,0,0,0,0,0,0,0,0,0,0,0,0,0,0,0,0,0,0,0,0,0,0,0,0,0,0,0,0,0,0,0,0,0,0,49,2026-02-05 19:16:05.608875
WNTR,25.12,25.15,25.21,2318500.0,,2303000.0,,0,0,0,0,0,0,0,0,0,0,0,0,0,0,0,0,0,0,0,0,0,0,0,0,0,0,0,0,0,0,0,0,0,0,0,49,2026-02-05 19:16:05.608875
SPNG,24.94,24.94,25.06,2332700.0,2228300.0,3000.0,,0,0,0,0,0,0,0,0,0,0,0,0,0,0,0,0,0,0,0,0,0,0,0,0,0,0,0,0,0,0,0,0,0,0,0,50,2026-02-05 19:16:06.646995
SMMR,25.17,24.93,25.04,2155100.0,2158300.0,,,0,0,0,0,0,0,0,0,0,0,0,0,0,0,0,0,0,0,0,0,0,0,0,0,0,0,0,0,0,0,0,0,0,0,0,50,2026-02-05 19:16:06.646995
ATMN,24.75,24.61,24.75,2034000.0,2065800.0,4500.0,4500.0,0,0,0,0,0,0,0,0,0,0,0,0,0,0,0,0,0,0,0,0,0,0,0,0,0,0,0,0,0,0,0,0,0,0,0,50,2026-02-05 19:16:06.646995
WNTR,25.12,25.15,25.21,2295200.0,2303000.0,,,0,0,0,0,0,0,0,0,0,0,0,0,0,0,0,0,0,0,0,0,0,0,0,0,0,0,0,0,0,0,0,0,0,0,0,50,2026-02-05 19:16:06.646995
SPNG,25.06,25.12,25.15,2367100.0,2228400.0,3000.0,,0,0,0,0,0,0,0,0,0,0,0,0,0,0,0,0,0,0,0,0,0,0,0,0,0,0,0,0,0,0,0,0,0,0,0,51,2026-02-05 19:16:07.696426
SMMR,25.04,25.01,25.04,2161200.0,2158300.0,,,0,0,0,0,0,0,0,0,0,0,0,0,0,0,0,0,0,0,0,0,0,0,0,0,0,0,0,0,0,0,0,0,0,0,0,51,2026-02-05 19:16:07.696426
ATMN,24.61,24.61,24.75,2018300.0,2298100.0,,4500.0,0,0,0,0,0,0,0,0,0,0,0,0,0,0,0,0,0,0,0,0,0,0,0,0,0,0,0,0,0,0,0,0,0,0,0,51,2026-02-05 19:16:07.696426
WNTR,25.23,25.04,25.23,2321700.0,2310500.0,,,0,0,0,0,0,0,0,0,0,0,0,0,0,0,0,0,0,0,0,0,0,0,0,0,0,0,0,0,0,0,0,0,0,0,0,51,2026-02-05 19:16:07.696426
SPNG,25.12,24.92,24.95,6000.0,2106000.0,2115100.0,6000.0,0,0,0,0,0,0,0,0,0,0,0,0,0,0,0,0,0,0,0,0,0,0,0,0,0,0,0,0,0,0,0,0,0,0,0,52,2026-02-05 19:16:08.281554
SMMR,25.17,25.01,25.03,,2161200.0,2160400.0,,0,0,0,0,0,0,0,0,0,0,0,0,0,0,0,0,0,0,0,0,0,0,0,0,0,0,0,0,0,0,0,0,0,0,0,52,2026-02-05 19:16:08.281554
ATMN,24.58,24.58,24.69,,2270700.0,2300100.0,,0,0,0,0,0,0,0,0,0,0,0,0,0,0,0,0,0,0,0,0,0,0,0,0,0,0,0,0,0,0,0,0,0,0,0,52,2026-02-05 19:16:08.281554
WNTR,25.24,25.19,25.24,,2320500.0,2305400.0,,0,0,0,0,0,0,0,0,0,0,0,0,0,0,0,0,0,0,0,0,0,0,0,0,0,0,0,0,0,0,0,0,0,0,0,52,2026-02-05 19:16:08.281554
SPNG,25.14,24.91,25.14,2271100.0,3000.0,9000.0,1995600.0,0,0,0,0,0,0,0,0,0,0,0,0,0,0,0,0,0,0,0,0,0,0,0,0,0,0,0,0,0,0,0,0,0,0,0,53,2026-02-05 19:16:09.343138
SMMR,24.93,24.93,25.03,2170400.0,,,2160400.0,0,0,0,0,0,0,0,0,0,0,0,0,0,0,0,0,0,0,0,0,0,0,0,0,0,0,0,0,0,0,0,0,0,0,0,53,2026-02-05 19:16:09.343138
ATMN,24.56,24.56,24.68,2289900.0,,2250.0,2194100.0,0,0,0,0,0,0,0,0,0,0,0,0,0,0,0,0,0,0,0,0,0,0,0,0,0,0,0,0,0,0,0,0,0,0,0,53,2026-02-05 19:16:09.343138
WNTR,25.19,25.19,25.24,2312300.0,,,2308900.0,0,0,0,0,0,0,0,0,0,0,0,0,0,0,0,0,0,0,0,0,0,0,0,0,0,0,0,0,0,0,0,0,0,0,0,53,2026-02-05 19:16:09.343138
SPNG,25.15,24.91,25.15,2136700.0,6000.0,2094700.0,6000.0,0,0,0,0,0,0,0,0,0,0,0,0,0,0,0,0,0,0,0,0,0,0,0,0,0,0,0,0,0,0,0,0,0,0,0,54,2026-02-05 19:16:10.404302
SMMR,24.88,24.88,25.03,2181300.0,,2160400.0,,0,0,0,0,0,0,0,0,0,0,0,0,0,0,0,0,0,0,0,0,0,0,0,0,0,0,0,0,0,0,0,0,0,0,0,54,2026-02-05 19:16:10.404302
ATMN,24.75,24.57,24.68,2007100.0,4500.0,2177000.0,2250.0,0,0,0,0,0,0,0,0,0,0,0,0,0,0,0,0,0,0,0,0,0,0,0,0,0,0,0,0,0,0,0,0,0,0,0,54,2026-02-05 19:16:10.404302
WNTR,25.18,25.05,25.18,2305900.0,,2303500.0,,0,0,0,0,0,0,0,0,0,0,0,0,0,0,0,0,0,0,0,0,0,0,0,0,0,0,0,0,0,0,0,0,0,0,0,54,2026-02-05 19:16:10.404302
SPNG,25.15,24.91,24.95,1851800.0,12000.0,1977500.0,9000.0,0,0,0,0,0,0,0,0,0,0,0,0,0,0,0,0,0,0,0,0,0,0,0,0,0,0,0,0,0,0,0,0,0,0,0,55,2026-02-05 19:16:11.474833
SMMR,24.88,24.97,25.03,2157000.0,,2194500.0,,0,0,0,0,0,0,0,0,0,0,0,0,0,0,0,0,0,0,0,0,0,0,0,0,0,0,0,0,0,0,0,0,0,0,0,55,2026-02-05 19:16:11.474833
ATMN,24.54,24.54,24.68,2301800.0,,1954400.0,6750.0,0,0,0,0,0,0,0,0,0,0,0,0,0,0,0,0,0,0,0,0,0,0,0,0,0,0,0,0,0,0,0,0,0,0,0,55,2026-02-05 19:16:11.474833
WNTR,25.22,25.05,25.22,2305900.0,,2278700.0,,0,0,0,0,0,0,0,0,0,0,0,0,0,0,0,0,0,0,0,0,0,0,0,0,0,0,0,0,0,0,0,0,0,0,0,55,2026-02-05 19:16:11.474833
SPNG,24.9,24.9,24.94,1738900.0,15000.0,15000.0,1748700.0,0,0,0,0,0,0,0,0,0,0,0,0,0,0,0,0,0,0,0,0,0,0,0,0,0,0,0,0,0,0,0,0,0,0,0,56,2026-02-05 19:16:12.534618
SMMR,24.97,24.9,24.93,2181700.0,,,2220100.0,0,0,0,0,0,0,0,0,0,0,0,0,0,0,0,0,0,0,0,0,0,0,0,0,0,0,0,0,0,0,0,0,0,0,0,56,2026-02-05 19:16:12.534618
ATMN,24.87,24.58,24.87,2300700.0,,,2308900.0,0,0,0,0,0,0,0,0,0,0,0,0,0,0,0,0,0,0,0,0,0,0,0,0,0,0,0,0,0,0,0,0,0,0,0,56,2026-02-05 19:16:12.534618
WNTR,25.21,25.05,25.12,2305900.0,,,2283100.0,0,0,0,0,0,0,0,0,0,0,0,0,0,0,0,0,0,0,0,0,0,0,0,0,0,0,0,0,0,0,0,0,0,0,0,56,2026-02-05 19:16:12.534618
SPNG,24.83,24.84,24.94,3000.0,2244200.0,21000.0,1517900.0,,0,0,0,0,0,0,0,0,0,0,0,0,0,0,0,0,0,0,0,0,0,0,0,0,0,0,0,0,0,0,0,0,0,0,57,2026-02-05 19:16:13.615583
SMMR,25.03,24.92,25.03,,2219200.0,,2200900.0,,0,0,0,0,0,0,0,0,0,0,0,0,0,0,0,0,0,0,0,0,0,0,0,0,0,0,0,0,0,0,0,0,0,0,57,2026-02-05 19:16:13.615583
ATMN,24.87,24.62,24.86,2250.0,2192500.0,4500.0,2091300.0,,0,0,0,0,0,0,0,0,0,0,0,0,0,0,0,0,0,0,0,0,0,0,0,0,0,0,0,0,0,0,0,0,0,0,57,2026-02-05 19:16:13.615583
WNTR,25.06,25.05,25.06,,2202800.0,,2303400.0,1500.0,0,0,0,0,0,0,0,0,0,0,0,0,0,0,0,0,0,0,0,0,0,0,0,0,0,0,0,0,0,0,0,0,0,0,57,2026-02-05 19:16:13.615583
SPNG,24.85,24.78,24.85,2420100.0,2346000.0,0,0,0,0,0,0,0,0,0,0,0,0,0,0,0,0,0,0,0,0,0,0,0,0,0,0,0,0,0,0,0,0,0,0,0,0,0,58,2026-02-05 19:16:14.683580
SMMR,25.09,24.92,24.99,2219200.0,2181100.0,0,0,0,0,0,0,0,0,0,0,0,0,0,0,0,0,0,0,0,0,0,0,0,0,0,0,0,0,0,0,0,0,0,0,0,0,0,58,2026-02-05 19:16:14.683580
ATMN,24.62,24.62,24.87,2325600.0,2356000.0,0,0,0,0,0,0,0,0,0,0,0,0,0,0,0,0,0,0,0,0,0,0,0,0,0,0,0,0,0,0,0,0,0,0,0,0,0,58,2026-02-05 19:16:14.683580
WNTR,25.18,25.05,25.1,2297300.0,2295800.0,0,0,0,0,0,0,0,0,0,0,0,0,0,0,0,0,0,0,0,0,0,0,0,0,0,0,0,0,0,0,0,0,0,0,0,0,0,58,2026-02-05 19:16:14.683580
SPNG,25.16,24.78,25.16,2401700.0,2388700.0,0,0,0,0,0,0,0,0,0,0,0,0,0,0,0,0,0,0,0,0,0,0,0,0,0,0,0,0,0,0,0,0,0,0,0,0,0,59,2026-02-05 19:16:15.744527
SMMR,24.92,24.92,25.17,2219200.0,2164500.0,0,0,0,0,0,0,0,0,0,0,0,0,0,0,0,0,0,0,0,0,0,0,0,0,0,0,0,0,0,0,0,0,0,0,0,0,0,59,2026-02-05 19:16:15.744527
ATMN,24.87,24.52,24.58,2336800.0,2331100.0,0,0,0,0,0,0,0,0,0,0,0,0,0,0,0,0,0,0,0,0,0,0,0,0,0,0,0,0,0,0,0,0,0,0,0,0,0,59,2026-02-05 19:16:15.744527
WNTR,25.07,25.07,25.22,2300900.0,2261100.0,0,0,0,0,0,0,0,0,0,0,0,0,0,0,0,0,0,0,0,0,0,0,0,0,0,0,0,0,0,0,0,0,0,0,0,0,0,59,2026-02-05 19:16:15.744527
SPNG,24.78,24.65,0.0,200000.0,0,0,0,0,0,0,0,0,0,0,0,0,0,0,0,0,0,0,0,0,0,0,0,0,0,0,0,0,0,0,0,0,0,0,0,0,0,0,60,2026-02-05 19:16:16.329493
SMMR,24.92,25.3,0.0,200000.0,0,0,0,0,0,0,0,0,0,0,0,0,0,0,0,0,0,0,0,0,0,0,0,0,0,0,0,0,0,0,0,0,0,0,0,0,0,0,60,2026-02-05 19:16:16.329493
ATMN,24.52,24.45,0.0,200000.0,0,0,0,0,0,0,0,0,0,0,0,0,0,0,0,0,0,0,0,0,0,0,0,0,0,0,0,0,0,0,0,0,0,0,0,0,0,0,60,2026-02-05 19:16:16.329493
WNTR,25.05,24.34,0.0,200000.0,0,0,0,0,0,0,0,0,0,0,0,0,0,0,0,0,0,0,0,0,0,0,0,0,0,0,0,0,0,0,0,0,0,0,0,0,0,0,60,2026-02-05 19:16:16.329493
SPNG,25.8,25.35,25.59,981300.0,860900.0,0,0,0,0,0,0,0,0,0,0,0,0,0,0,0,0,0,0,0,0,0,0,0,0,0,0,0,0,0,0,0,0,0,0,0,0,0,61,2026-02-05 19:16:17.445119
SMMR,25.57,25.3,25.47,881900.0,972200.0,0,0,0,0,0,0,0,0,0,0,0,0,0,0,0,0,0,0,0,0,0,0,0,0,0,0,0,0,0,0,0,0,0,0,0,0,0,61,2026-02-05 19:16:17.445119
ATMN,24.45,24.45,25.08,1080200.0,1080200.0,0,0,0,0,0,0,0,0,0,0,0,0,0,0,0,0,0,0,0,0,0,0,0,0,0,0,0,0,0,0,0,0,0,0,0,0,0,61,2026-02-05 19:16:17.445119
WNTR,24.38,24.38,24.61,1025600.0,958300.0,0,0,0,0,0,0,0,0,0,0,0,0,0,0,0,0,0,0,0,0,0,0,0,0,0,0,0,0,0,0,0,0,0,0,0,0,0,61,2026-02-05 19:16:17.445119
SPNG,25.35,24.65,25.12,994600.0,1200000.0,1198.0,,0,0,0,0,0,0,0,0,0,0,0,0,0,0,0,0,0,0,0,0,0,0,0,0,0,0,0,0,0,0,0,0,0,0,0,62,2026-02-05 19:16:18.527110
SMMR,25.44,25.46,25.47,989700.0,1205200.0,1254.0,3706.0,0,0,0,0,0,0,0,0,0,0,0,0,0,0,0,0,0,0,0,0,0,0,0,0,0,0,0,0,0,0,0,0,0,0,0,62,2026-02-05 19:16:18.527110
ATMN,24.45,24.18,24.21,1258100.0,1420900.0,1198.0,,0,0,0,0,0,0,0,0,0,0,0,0,0,0,0,0,0,0,0,0,0,0,0,0,0,0,0,0,0,0,0,0,0,0,0,62,2026-02-05 19:16:18.527110
WNTR,24.43,24.38,24.43,1025600.0,1459400.0,2452.0,,0,0,0,0,0,0,0,0,0,0,0,0,0,0,0,0,0,0,0,0,0,0,0,0,0,0,0,0,0,0,0,0,0,0,0,62,2026-02-05 19:16:18.527110
SPNG,24.65,24.65,25.12,1018300.0,1517400.0,,,0,0,0,0,0,0,0,0,0,0,0,0,0,0,0,0,0,0,0,0,0,0,0,0,0,0,0,0,0,0,0,0,0,0,0,63,2026-02-05 19:16:19.586222
SMMR,25.47,25.3,25.44,907600.0,1205200.0,3232.0,,0,0,0,0,0,0,0,0,0,0,0,0,0,0,0,0,0,0,0,0,0,0,0,0,0,0,0,0,0,0,0,0,0,0,0,63,2026-02-05 19:16:19.586222
ATMN,24.45,24.18,24.21,1599000.0,1420900.0,,,0,0,0,0,0,0,0,0,0,0,0,0,0,0,0,0,0,0,0,0,0,0,0,0,0,0,0,0,0,0,0,0,0,0,0,63,2026-02-05 19:16:19.586222
WNTR,24.34,24.34,24.41,924400.0,1704000.0,3232.0,1616.0,0,0,0,0,0,0,0,0,0,0,0,0,0,0,0,0,0,0,0,0,0,0,0,0,0,0,0,0,0,0,0,0,0,0,0,63,2026-02-05 19:16:19.586222
SPNG,25.22,24.49,24.64,3000.0,1101500.0,1528500.0,3000.0,,,0,0,0,0,0,0,0,0,0,0,0,0,0,0,0,0,0,0,0,0,0,0,0,0,0,0,0,0,0,0,0,0,0,64,2026-02-05 19:16:20.642852
SMMR,25.47,25.37,25.42,,1027300.0,1416600.0,,3201.0,6402.0,0,0,0,0,0,0,0,0,0,0,0,0,0,0,0,0,0,0,0,0,0,0,0,0,0,0,0,0,0,0,0,0,0,64,2026-02-05 19:16:20.642852
ATMN,24.67,24.19,24.2,2250.0,1704900.0,1380100.0,2250.0,1616.0,,0,0,0,0,0,0,0,0,0,0,0,0,0,0,0,0,0,0,0,0,0,0,0,0,0,0,0,0,0,0,0,0,0,64,2026-02-05 19:16:20.642852
WNTR,24.29,24.29,24.37,,967000.0,1958900.0,,,6402.0,0,0,0,0,0,0,0,0,0,0,0,0,0,0,0,0,0,0,0,0,0,0,0,0,0,0,0,0,0,0,0,0,0,64,2026-02-05 19:16:20.642852
SPNG,24.64,24.54,24.63,1353500.0,12000.0,9000.0,1528500.0,,,0,0,0,0,0,0,0,0,0,0,0,0,0,0,0,0,0,0,0,0,0,0,0,0,0,0,0,0,0,0,0,0,0,65,2026-02-05 19:16:21.687884
SMMR,25.47,25.37,25.47,1027300.0,,,1520300.0,,,0,0,0,0,0,0,0,0,0,0,0,0,0,0,0,0,0,0,0,0,0,0,0,0,0,0,0,0,0,0,0,0,0,65,2026-02-05 19:16:21.687884
ATMN,24.2,24.23,24.61,1946500.0,2250.0,,1472400.0,,,0,0,0,0,0,0,0,0,0,0,0,0,0,0,0,0,0,0,0,0,0,0,0,0,0,0,0,0,0,0,0,0,0,65,2026-02-05 19:16:21.687884
WNTR,24.39,24.29,24.37,1247300.0,,,1958900.0,1181.0,2362.0,0,0,0,0,0,0,0,0,0,0,0,0,0,0,0,0,0,0,0,0,0,0,0,0,0,0,0,0,0,0,0,0,0,65,2026-02-05 19:16:21.687884
SPNG,24.64,24.89,25.11,1348200.0,1181.0,3000.0,9000.0,1509800.0,,0,0,0,0,0,0,0,0,0,0,0,0,0,0,0,0,0,0,0,0,0,0,0,0,0,0,0,0,0,0,0,0,0,66,2026-02-05 19:16:22.725259
SMMR,25.36,25.35,25.36,1002000.0,1476.0,,,1753600.0,3542.0,0,0,0,0,0,0,0,0,0,0,0,0,0,0,0,0,0,0,0,0,0,0,0,0,0,0,0,0,0,0,0,0,0,66,2026-02-05 19:16:22.725259
ATMN,24.26,24.24,24.26,1946500.0,,6750.0,4500.0,1711200.0,1181.0,0,0,0,0,0,0,0,0,0,0,0,0,0,0,0,0,0,0,0,0,0,0,0,0,0,0,0,0,0,0,0,0,0,66,2026-02-05 19:16:22.725259
WNTR,24.29,24.29,24.3,1363000.0,2657.0,,,2193200.0,2362.0,0,0,0,0,0,0,0,0,0,0,0,0,0,0,0,0,0,0,0,0,0,0,0,0,0,0,0,0,0,0,0,0,0,66,2026-02-05 19:16:22.725259
SPNG,24.41,23.8,24.41,1211900.0,1550300.0,15000.0,,,,0,0,0,0,0,0,0,0,0,0,0,0,0,0,0,0,0,0,0,0,0,0,0,0,0,0,0,0,0,0,0,0,0,67,2026-02-05 19:16:23.775872
SMMR,25.25,25.37,25.42,902000.0,1765000.0,,2734.0,1367.0,,0,0,0,0,0,0,0,0,0,0,0,0,0,0,0,0,0,0,0,0,0,0,0,0,0,0,0,0,0,0,0,0,0,67,2026-02-05 19:16:23.775872
ATMN,24.26,24.24,24.25,1909400.0,1711200.0,6750.0,,,11250.0,0,0,0,0,0,0,0,0,0,0,0,0,0,0,0,0,0,0,0,0,0,0,0,0,0,0,0,0,0,0,0,0,0,67,2026-02-05 19:16:23.775872
WNTR,24.43,24.28,24.43,1253100.0,1806300.0,,2734.0,1367.0,,0,0,0,0,0,0,0,0,0,0,0,0,0,0,0,0,0,0,0,0,0,0,0,0,0,0,0,0,0,0,0,0,0,67,2026-02-05 19:16:23.775872
SPNG,24.41,23.83,24.2,1463300.0,1367.0,2734.0,1370500.0,18000.0,,0,0,0,0,0,0,0,0,0,0,0,0,0,0,0,0,0,0,0,0,0,0,0,0,0,0,0,0,0,0,0,0,0,68,2026-02-05 19:16:24.372608
SMMR,25.3,25.34,25.42,998300.0,,1367.0,1765000.0,,,0,0,0,0,0,0,0,0,0,0,0,0,0,0,0,0,0,0,0,0,0,0,0,0,0,0,0,0,0,0,0,0,0,68,2026-02-05 19:16:24.372608
ATMN,24.26,24.24,24.25,1604800.0,1367.0,2734.0,1508300.0,11250.0,13500.0,0,0,0,0,0,0,0,0,0,0,0,0,0,0,0,0,0,0,0,0,0,0,0,0,0,0,0,0,0,0,0,0,0,68,2026-02-05 19:16:24.372608
WNTR,24.41,24.41,24.43,1391400.0,2734.0,1367.0,1806300.0,,,0,0,0,0,0,0,0,0,0,0,0,0,0,0,0,0,0,0,0,0,0,0,0,0,0,0,0,0,0,0,0,0,0,68,2026-02-05 19:16:24.372608
SPNG,24.4,24.4,24.41,1827200.0,1267500.0,24000.0,,0,0,0,0,0,0,0,0,0,0,0,0,0,0,0,0,0,0,0,0,0,0,0,0,0,0,0,0,0,0,0,0,0,0,0,69,2026-02-05 19:16:25.461360
SMMR,25.3,25.34,25.42,1096300.0,2104400.0,,,0,0,0,0,0,0,0,0,0,0,0,0,0,0,0,0,0,0,0,0,0,0,0,0,0,0,0,0,0,0,0,0,0,0,0,69,2026-02-05 19:16:25.461360
ATMN,24.23,24.24,24.38,2279500.0,1859300.0,,4500.0,0,0,0,0,0,0,0,0,0,0,0,0,0,0,0,0,0,0,0,0,0,0,0,0,0,0,0,0,0,0,0,0,0,0,0,69,2026-02-05 19:16:25.461360
WNTR,24.43,24.25,24.43,1253100.0,2020900.0,,,0,0,0,0,0,0,0,0,0,0,0,0,0,0,0,0,0,0,0,0,0,0,0,0,0,0,0,0,0,0,0,0,0,0,0,69,2026-02-05 19:16:25.461360
SPNG,24.4,24.4,25.04,1827200.0,100.0,30000.0,1093700.0,,0,0,0,0,0,0,0,0,0,0,0,0,0,0,0,0,0,0,0,0,0,0,0,0,0,0,0,0,0,0,0,0,0,0,70,2026-02-05 19:16:26.514193
SMMR,25.42,25.04,25.42,1019000.0,,,2223700.0,,0,0,0,0,0,0,0,0,0,0,0,0,0,0,0,0,0,0,0,0,0,0,0,0,0,0,0,0,0,0,0,0,0,0,70,2026-02-05 19:16:26.514193
ATMN,24.37,24.36,24.38,1970700.0,4879.0,2250.0,1859300.0,6750.0,0,0,0,0,0,0,0,0,0,0,0,0,0,0,0,0,0,0,0,0,0,0,0,0,0,0,0,0,0,0,0,0,0,0,70,2026-02-05 19:16:26.514193
WNTR,24.25,24.28,24.43,1253100.0,7787.0,,2020900.0,,0,0,0,0,0,0,0,0,0,0,0,0,0,0,0,0,0,0,0,0,0,0,0,0,0,0,0,0,0,0,0,0,0,0,70,2026-02-05 19:16:26.514193
SPNG,24.4,24.45,24.93,3409.0,1827200.0,1032800.0,30000.0,100.0,,0,0,0,0,0,0,0,0,0,0,0,0,0,0,0,0,0,0,0,0,0,0,0,0,0,0,0,0,0,0,0,0,0,71,2026-02-05 19:16:27.567527
SMMR,25.42,25.3,25.32,761.0,1335400.0,2103700.0,,10000.0,,0,0,0,0,0,0,0,0,0,0,0,0,0,0,0,0,0,0,0,0,0,0,0,0,0,0,0,0,0,0,0,0,0,71,2026-02-05 19:16:27.567527
ATMN,24.43,24.45,24.48,4879.0,1688200.0,1867000.0,4500.0,,11250.0,0,0,0,0,0,0,0,0,0,0,0,0,0,0,0,0,0,0,0,0,0,0,0,0,0,0,0,0,0,0,0,0,0,71,2026-02-05 19:16:27.567527
WNTR,24.43,24.36,24.38,3249.0,1215100.0,2020900.0,,10000.0,,0,0,0,0,0,0,0,0,0,0,0,0,0,0,0,0,0,0,0,0,0,0,0,0,0,0,0,0,0,0,0,0,0,71,2026-02-05 19:16:27.567527
SPNG,24.49,24.28,24.37,1687200.0,1156500.0,30000.0,,,0,0,0,0,0,0,0,0,0,0,0,0,0,0,0,0,0,0,0,0,0,0,0,0,0,0,0,0,0,0,0,0,0,0,72,2026-02-05 19:16:28.622320
SMMR,25.36,25.36,25.46,1434600.0,2208200.0,,,,0,0,0,0,0,0,0,0,0,0,0,0,0,0,0,0,0,0,0,0,0,0,0,0,0,0,0,0,0,0,0,0,0,0,72,2026-02-05 19:16:28.622320
ATMN,24.48,24.45,24.48,1941000.0,1884900.0,6750.0,9000.0,,0,0,0,0,0,0,0,0,0,0,0,0,0,0,0,0,0,0,0,0,0,0,0,0,0,0,0,0,0,0,0,0,0,0,72,2026-02-05 19:16:28.622320
WNTR,24.35,24.25,24.31,1112500.0,2125200.0,,,7868.0,0,0,0,0,0,0,0,0,0,0,0,0,0,0,0,0,0,0,0,0,0,0,0,0,0,0,0,0,0,0,0,0,0,0,72,2026-02-05 19:16:28.622320
SPNG,24.27,24.41,24.73,1707200.0,1028900.0,100.0,30000.0,,0,0,0,0,0,0,0,0,0,0,0,0,0,0,0,0,0,0,0,0,0,0,0,0,0,0,0,0,0,0,0,0,0,0,73,2026-02-05 19:16:29.714175
SMMR,25.3,25.3,25.46,1335400.0,2209500.0,,,,0,0,0,0,0,0,0,0,0,0,0,0,0,0,0,0,0,0,0,0,0,0,0,0,0,0,0,0,0,0,0,0,0,0,73,2026-02-05 19:16:29.714175
ATMN,24.43,24.43,24.48,2449200.0,1796200.0,7066.0,6750.0,,0,0,0,0,0,0,0,0,0,0,0,0,0,0,0,0,0,0,0,0,0,0,0,0,0,0,0,0,0,0,0,0,0,0,73,2026-02-05 19:16:29.714175
WNTR,24.21,24.23,24.3,1095900.0,2264500.0,4614.0,,7625.0,0,0,0,0,0,0,0,0,0,0,0,0,0,0,0,0,0,0,0,0,0,0,0,0,0,0,0,0,0,0,0,0,0,0,73,2026-02-05 19:16:29.714175
SPNG,24.41,24.41,24.84,1707200.0,100.0,1459700.0,21000.0,,0,0,0,0,0,0,0,0,0,0,0,0,0,0,0,0,0,0,0,0,0,0,0,0,0,0,0,0,0,0,0,0,0,0,74,2026-02-05 19:16:30.769683
SMMR,25.19,25.31,25.44,1457500.0,7574.0,2089500.0,,7625.0,0,0,0,0,0,0,0,0,0,0,0,0,0,0,0,0,0,0,0,0,0,0,0,0,0,0,0,0,0,0,0,0,0,0,74,2026-02-05 19:16:30.769683
ATMN,24.49,24.49,24.6,2334600.0,1082.0,1993300.0,4500.0,,0,0,0,0,0,0,0,0,0,0,0,0,0,0,0,0,0,0,0,0,0,0,0,0,0,0,0,0,0,0,0,0,0,0,74,2026-02-05 19:16:30.769683
WNTR,24.27,24.27,24.28,1451000.0,11488.0,2017900.0,,14512.0,0,0,0,0,0,0,0,0,0,0,0,0,0,0,0,0,0,0,0,0,0,0,0,0,0,0,0,0,0,0,0,0,0,0,74,2026-02-05 19:16:30.769683
SPNG,24.96,24.41,24.96,1885600.0,1899000.0,6000.0,,,,0,0,0,0,0,0,0,0,0,0,0,0,0,0,0,0,0,0,0,0,0,0,0,0,0,0,0,0,0,0,0,0,0,75,2026-02-05 19:16:31.816149
SMMR,25.19,25.23,25.24,1434800.0,2111500.0,,278.0,10000.0,,0,0,0,0,0,0,0,0,0,0,0,0,0,0,0,0,0,0,0,0,0,0,0,0,0,0,0,0,0,0,0,0,0,75,2026-02-05 19:16:31.816149
ATMN,24.36,24.44,24.58,2319000.0,1822200.0,6750.0,,7962.0,2250.0,0,0,0,0,0,0,0,0,0,0,0,0,0,0,0,0,0,0,0,0,0,0,0,0,0,0,0,0,0,0,0,0,0,75,2026-02-05 19:16:31.816149
WNTR,24.3,24.27,24.3,1692100.0,2358300.0,,,,,0,0,0,0,0,0,0,0,0,0,0,0,0,0,0,0,0,0,0,0,0,0,0,0,0,0,0,0,0,0,0,0,0,75,2026-02-05 19:16:31.816149
SPNG,24.54,24.94,24.96,2135300.0,3000.0,1899000.0,6000.0,,,0,0,0,0,0,0,0,0,0,0,0,0,0,0,0,0,0,0,0,0,0,0,0,0,0,0,0,0,0,0,0,0,0,76,2026-02-05 19:16:32.402
SMMR,25.28,25.23,25.28,1530900.0,,2204200.0,,278.0,,0,0,0,0,0,0,0,0,0,0,0,0,0,0,0,0,0,0,0,0,0,0,0,0,0,0,0,0,0,0,0,0,0,76,2026-02-05 19:16:32.402
ATMN,24.34,24.34,24.58,2325600.0,2250.0,1729300.0,9000.0,,7962.0,0,0,0,0,0,0,0,0,0,0,0,0,0,0,0,0,0,0,0,0,0,0,0,0,0,0,0,0,0,0,0,0,0,76,2026-02-05 19:16:32.402
WNTR,24.25,24.25,24.3,1832600.0,,2358300.0,,,,0,0,0,0,0,0,0,0,0,0,0,0,0,0,0,0,0,0,0,0,0,0,0,0,0,0,0,0,0,0,0,0,0,76,2026-02-05 19:16:32.402
SPNG,24.94,24.55,24.66,2128400.0,6000.0,1683400.0,12000.0,1912.0,,0,0,0,0,0,0,0,0,0,0,0,0,0,0,0,0,0,0,0,0,0,0,0,0,0,0,0,0,0,0,0,0,0,77,2026-02-05 19:16:33.474945
SMMR,25.28,25.3,25.46,1960900.0,,2201000.0,,,9944.0,0,0,0,0,0,0,0,0,0,0,0,0,0,0,0,0,0,0,0,0,0,0,0,0,0,0,0,0,0,0,0,0,0,77,2026-02-05 19:16:33.474945
ATMN,24.34,24.36,24.55,1956700.0,6750.0,1526000.0,11250.0,15137.0,100.0,0,0,0,0,0,0,0,0,0,0,0,0,0,0,0,0,0,0,0,0,0,0,0,0,0,0,0,0,0,0,0,0,0,77,2026-02-05 19:16:33.474945
WNTR,24.3,24.26,24.3,1832600.0,,2340500.0,,,10000.0,0,0,0,0,0,0,0,0,0,0,0,0,0,0,0,0,0,0,0,0,0,0,0,0,0,0,0,0,0,0,0,0,0,77,2026-02-05 19:16:33.474945
SPNG,24.96,25.0,25.05,2253600.0,9000.0,6000.0,1945400.0,0,0,0,0,0,0,0,0,0,0,0,0,0,0,0,0,0,0,0,0,0,0,0,0,0,0,0,0,0,0,0,0,0,0,0,78,2026-02-05 19:16:34.518099
SMMR,25.27,25.27,25.4,1845400.0,,,2215700.0,0,0,0,0,0,0,0,0,0,0,0,0,0,0,0,0,0,0,0,0,0,0,0,0,0,0,0,0,0,0,0,0,0,0,0,78,2026-02-05 19:16:34.518099
ATMN,24.34,24.23,24.34,2310800.0,2250.0,15750.0,1531700.0,0,0,0,0,0,0,0,0,0,0,0,0,0,0,0,0,0,0,0,0,0,0,0,0,0,0,0,0,0,0,0,0,0,0,0,78,2026-02-05 19:16:34.518099
WNTR,24.25,24.21,24.25,1939300.0,,,2318900.0,0,0,0,0,0,0,0,0,0,0,0,0,0,0,0,0,0,0,0,0,0,0,0,0,0,0,0,0,0,0,0,0,0,0,0,78,2026-02-05 19:16:34.518099
SPNG,24.96,25.01,25.05,15000.0,1746600.0,100.0,6878.0,2112900.0,,0,0,0,0,0,0,0,0,0,0,0,0,0,0,0,0,0,0,0,0,0,0,0,0,0,0,0,0,0,0,0,0,0,79,2026-02-05 19:16:35.562525
SMMR,25.46,25.36,25.46,,2072200.0,1028.0,,2192600.0,,0,0,0,0,0,0,0,0,0,0,0,0,0,0,0,0,0,0,0,0,0,0,0,0,0,0,0,0,0,0,0,0,0,79,2026-02-05 19:16:35.562525
ATMN,24.46,24.46,24.55,,2298000.0,100.0,,1728500.0,11250.0,0,0,0,0,0,0,0,0,0,0,0,0,0,0,0,0,0,0,0,0,0,0,0,0,0,0,0,0,0,0,0,0,0,79,2026-02-05 19:16:35.562525
WNTR,24.31,24.36,24.37,,2045700.0,1270.0,,2387700.0,,0,0,0,0,0,0,0,0,0,0,0,0,0,0,0,0,0,0,0,0,0,0,0,0,0,0,0,0,0,0,0,0,0,79,2026-02-05 19:16:35.562525
SPNG,24.96,24.56,24.64,12000.0,2089500.0,2134500.0,6878.0,,,0,0,0,0,0,0,0,0,0,0,0,0,0,0,0,0,0,0,0,0,0,0,0,0,0,0,0,0,0,0,0,0,0,80,2026-02-05 19:16:36.597650
SMMR,25.36,25.36,25.45,,2072200.0,2043000.0,5462.0,1028.0,,0,0,0,0,0,0,0,0,0,0,0,0,0,0,0,0,0,0,0,0,0,0,0,0,0,0,0,0,0,0,0,0,0,80,2026-02-05 19:16:36.597650
ATMN,24.22,24.23,24.53,2250.0,2291800.0,1375900.0,6999.0,,15750.0,0,0,0,0,0,0,0,0,0,0,0,0,0,0,0,0,0,0,0,0,0,0,0,0,0,0,0,0,0,0,0,0,0,80,2026-02-05 19:16:36.597650
WNTR,24.16,24.25,24.37,,1689000.0,2239200.0,9633.0,947.0,,0,0,0,0,0,0,0,0,0,0,0,0,0,0,0,0,0,0,0,0,0,0,0,0,0,0,0,0,0,0,0,0,0,80,2026-02-05 19:16:36.597650
SPNG,25.06,24.67,25.06,1845800.0,15000.0,2205100.0,,0,0,0,0,0,0,0,0,0,0,0,0,0,0,0,0,0,0,0,0,0,0,0,0,0,0,0,0,0,0,0,0,0,0,0,81,2026-02-05 19:16:37.635525
SMMR,25.27,25.23,25.24,1860600.0,,2141600.0,,0,0,0,0,0,0,0,0,0,0,0,0,0,0,0,0,0,0,0,0,0,0,0,0,0,0,0,0,0,0,0,0,0,0,0,81,2026-02-05 19:16:37.635525
ATMN,24.55,24.23,24.55,2024600.0,6750.0,1728500.0,11250.0,0,0,0,0,0,0,0,0,0,0,0,0,0,0,0,0,0,0,0,0,0,0,0,0,0,0,0,0,0,0,0,0,0,0,0,81,2026-02-05 19:16:37.635525
WNTR,24.33,24.16,24.37,1579500.0,,2361900.0,,0,0,0,0,0,0,0,0,0,0,0,0,0,0,0,0,0,0,0,0,0,0,0,0,0,0,0,0,0,0,0,0,0,0,0,81,2026-02-05 19:16:37.635525
SPNG,24.67,24.67,25.06,1699900.0,18000.0,2141800.0,3000.0,,,0,0,0,0,0,0,0,0,0,0,0,0,0,0,0,0,0,0,0,0,0,0,0,0,0,0,0,0,0,0,0,0,0,82,2026-02-05 19:16:38.676786
SMMR,25.23,25.23,25.47,1860600.0,,2142800.0,,5168.0,,0,0,0,0,0,0,0,0,0,0,0,0,0,0,0,0,0,0,0,0,0,0,0,0,0,0,0,0,0,0,0,0,0,82,2026-02-05 19:16:38.676786
ATMN,24.6,24.6,24.61,1800600.0,9000.0,1806800.0,9000.0,6482.0,,0,0,0,0,0,0,0,0,0,0,0,0,0,0,0,0,0,0,0,0,0,0,0,0,0,0,0,0,0,0,0,0,0,82,2026-02-05 19:16:38.676786
WNTR,24.16,24.12,24.14,1684800.0,,2138300.0,,1007.0,18372.0,0,0,0,0,0,0,0,0,0,0,0,0,0,0,0,0,0,0,0,0,0,0,0,0,0,0,0,0,0,0,0,0,0,82,2026-02-05 19:16:38.676786
SPNG,24.99,24.7,24.99,1530.0,1437100.0,21000.0,1941900.0,4590.0,6000.0,0,0,0,0,0,0,0,0,0,0,0,0,0,0,0,0,0,0,0,0,0,0,0,0,0,0,0,0,0,0,0,0,0,83,2026-02-05 19:16:39.718670
SMMR,25.47,25.23,25.36,5168.0,1860600.0,,2127900.0,,,0,0,0,0,0,0,0,0,0,0,0,0,0,0,0,0,0,0,0,0,0,0,0,0,0,0,0,0,0,0,0,0,0,83,2026-02-05 19:16:39.718670
ATMN,24.22,24.22,24.61,,2412600.0,,2148600.0,3505.0,,0,0,0,0,0,0,0,0,0,0,0,0,0,0,0,0,0,0,0,0,0,0,0,0,0,0,0,0,0,0,0,0,0,83,2026-02-05 19:16:39.718670
WNTR,24.37,24.12,24.13,1560.0,1672800.0,,2239200.0,6068.0,,0,0,0,0,0,0,0,0,0,0,0,0,0,0,0,0,0,0,0,0,0,0,0,0,0,0,0,0,0,0,0,0,0,83,2026-02-05 19:16:39.718670
SPNG,24.99,24.67,24.99,1301100.0,27000.0,1914200.0,9000.0,,0,0,0,0,0,0,0,0,0,0,0,0,0,0,0,0,0,0,0,0,0,0,0,0,0,0,0,0,0,0,0,0,0,0,84,2026-02-05 19:16:40.760600
SMMR,25.47,25.4,25.47,1867100.0,,2142800.0,,6476.0,0,0,0,0,0,0,0,0,0,0,0,0,0,0,0,0,0,0,0,0,0,0,0,0,0,0,0,0,0,0,0,0,0,0,84,2026-02-05 19:16:40.760600
ATMN,24.53,24.54,24.61,2139800.0,4500.0,2148600.0,2250.0,,0,0,0,0,0,0,0,0,0,0,0,0,0,0,0,0,0,0,0,0,0,0,0,0,0,0,0,0,0,0,0,0,0,0,84,2026-02-05 19:16:40.760600
WNTR,24.13,24.22,24.29,2006400.0,,2359000.0,,10000.0,0,0,0,0,0,0,0,0,0,0,0,0,0,0,0,0,0,0,0,0,0,0,0,0,0,0,0,0,0,0,0,0,0,0,84,2026-02-05 19:16:40.760600
SPNG,24.79,24.74,24.79,6476.0,1017900.0,30000.0,1543000.0,100.0,15000.0,0,0,0,0,0,0,0,0,0,0,0,0,0,0,0,0,0,0,0,0,0,0,0,0,0,0,0,0,0,0,0,0,0,85,2026-02-05 19:16:41.820280
SMMR,25.37,25.19,25.32,1145.0,1773100.0,,1926200.0,16476.0,,0,0,0,0,0,0,0,0,0,0,0,0,0,0,0,0,0,0,0,0,0,0,0,0,0,0,0,0,0,0,0,0,0,85,2026-02-05 19:16:41.820280
ATMN,24.65,24.48,24.65,4016.0,1916500.0,6750.0,2265000.0,,,0,0,0,0,0,0,0,0,0,0,0,0,0,0,0,0,0,0,0,0,0,0,0,0,0,0,0,0,0,0,0,0,0,85,2026-02-05 19:16:41.820280
WNTR,24.08,24.23,24.27,7911.0,1753500.0,,2230200.0,7911.0,,0,0,0,0,0,0,0,0,0,0,0,0,0,0,0,0,0,0,0,0,0,0,0,0,0,0,0,0,0,0,0,0,0,85,2026-02-05 19:16:41.820280
SPNG,24.67,24.67,24.78,906100.0,36000.0,200.0,1296900.0,18000.0,,0,0,0,0,0,0,0,0,0,0,0,0,0,0,0,0,0,0,0,0,0,0,0,0,0,0,0,0,0,0,0,0,0,86,2026-02-05 19:16:42.873696
SMMR,25.15,25.25,25.47,1677700.0,,4183.0,2002500.0,,7356.0,0,0,0,0,0,0,0,0,0,0,0,0,0,0,0,0,0,0,0,0,0,0,0,0,0,0,0,0,0,0,0,0,0,86,2026-02-05 19:16:42.873696
ATMN,24.65,24.48,24.64,1698100.0,9000.0,5933.0,1936000.0,4500.0,11927.0,0,0,0,0,0,0,0,0,0,0,0,0,0,0,0,0,0,0,0,0,0,0,0,0,0,0,0,0,0,0,0,0,0,86,2026-02-05 19:16:42.873696
WNTR,24.23,24.11,24.16,1656700.0,,10000.0,2135400.0,,16000.0,0,0,0,0,0,0,0,0,0,0,0,0,0,0,0,0,0,0,0,0,0,0,0,0,0,0,0,0,0,0,0,0,0,86,2026-02-05 19:16:42.873696
SPNG,24.67,24.67,24.74,815000.0,36000.0,100.0,300.0,1000900.0,24000.0,0,0,0,0,0,0,0,0,0,0,0,0,0,0,0,0,0,0,0,0,0,0,0,0,0,0,0,0,0,0,0,0,0,87,2026-02-05 19:16:43.452096
SMMR,25.14,25.14,25.26,1581600.0,,,4183.0,2019700.0,,0,0,0,0,0,0,0,0,0,0,0,0,0,0,0,0,0,0,0,0,0,0,0,0,0,0,0,0,0,0,0,0,0,87,2026-02-05 19:16:43.452096
ATMN,24.45,24.45,24.63,2031400.0,4500.0,4016.0,6984.0,1727800.0,6750.0,0,0,0,0,0,0,0,0,0,0,0,0,0,0,0,0,0,0,0,0,0,0,0,0,0,0,0,0,0,0,0,0,0,87,2026-02-05 19:16:43.452096
WNTR,24.08,24.08,24.23,1764900.0,,,7911.0,2246400.0,,0,0,0,0,0,0,0,0,0,0,0,0,0,0,0,0,0,0,0,0,0,0,0,0,0,0,0,0,0,0,0,0,0,87,2026-02-05 19:16:43.452096
SPNG,25.11,24.67,25.11,693000.0,39000.0,100.0,2262300.0,,,0,0,0,0,0,0,0,0,0,0,0,0,0,0,0,0,0,0,0,0,0,0,0,0,0,0,0,0,0,0,0,0,0,88,2026-02-05 19:16:44.501345
SMMR,25.48,25.27,25.48,1803300.0,,100.0,2119800.0,,,0,0,0,0,0,0,0,0,0,0,0,0,0,0,0,0,0,0,0,0,0,0,0,0,0,0,0,0,0,0,0,0,0,88,2026-02-05 19:16:44.501345
ATMN,24.43,24.4,24.43,2256000.0,,705.0,1698500.0,8100.0,9000.0,0,0,0,0,0,0,0,0,0,0,0,0,0,0,0,0,0,0,0,0,0,0,0,0,0,0,0,0,0,0,0,0,0,88,2026-02-05 19:16:44.501345
WNTR,24.29,24.07,24.2,1639400.0,,1084.0,2328900.0,,,0,0,0,0,0,0,0,0,0,0,0,0,0,0,0,0,0,0,0,0,0,0,0,0,0,0,0,0,0,0,0,0,0,88,2026-02-05 19:16:44.501345
SPNG,24.65,24.88,25.08,1048800.0,30000.0,100.0,100.0,2156400.0,,0,0,0,0,0,0,0,0,0,0,0,0,0,0,0,0,0,0,0,0,0,0,0,0,0,0,0,0,0,0,0,0,0,89,2026-02-05 19:16:45.540811
SMMR,25.48,25.32,25.33,1803300.0,,7932.0,7469.0,1981600.0,,0,0,0,0,0,0,0,0,0,0,0,0,0,0,0,0,0,0,0,0,0,0,0,0,0,0,0,0,0,0,0,0,0,89,2026-02-05 19:16:45.540811
ATMN,24.49,24.34,24.38,2256000.0,,692.0,8100.0,1855200.0,6750.0,0,0,0,0,0,0,0,0,0,0,0,0,0,0,0,0,0,0,0,0,0,0,0,0,0,0,0,0,0,0,0,0,0,89,2026-02-05 19:16:45.540811
WNTR,24.07,24.07,24.18,1870200.0,,1084.0,7755.0,2230800.0,,0,0,0,0,0,0,0,0,0,0,0,0,0,0,0,0,0,0,0,0,0,0,0,0,0,0,0,0,0,0,0,0,0,89,2026-02-05 19:16:45.540811
SPNG,24.55,24.96,25.03,2156500.0,6000.0,200.0,2030500.0,,,0,0,0,0,0,0,0,0,0,0,0,0,0,0,0,0,0,0,0,0,0,0,0,0,0,0,0,0,0,0,0,0,0,90,2026-02-05 19:16:46.594634
SMMR,25.27,25.18,25.21,1914300.0,,8490.0,1881300.0,100.0,,0,0,0,0,0,0,0,0,0,0,0,0,0,0,0,0,0,0,0,0,0,0,0,0,0,0,0,0,0,0,0,0,0,90,2026-02-05 19:16:46.594634
ATMN,24.49,24.35,24.37,2055000.0,2250.0,12340.0,1499900.0,792.0,11250.0,0,0,0,0,0,0,0,0,0,0,0,0,0,0,0,0,0,0,0,0,0,0,0,0,0,0,0,0,0,0,0,0,0,90,2026-02-05 19:16:46.594634
WNTR,24.2,24.16,24.2,2109500.0,,,2328900.0,3436.0,,0,0,0,0,0,0,0,0,0,0,0,0,0,0,0,0,0,0,0,0,0,0,0,0,0,0,0,0,0,0,0,0,0,90,2026-02-05 19:16:46.594634
SPNG,24.55,24.55,25.0,2548400.0,3034.0,2010600.0,3000.0,,,0,0,0,0,0,0,0,0,0,0,0,0,0,0,0,0,0,0,0,0,0,0,0,0,0,0,0,0,0,0,0,0,0,91,2026-02-05 19:16:47.649447
SMMR,25.18,25.18,25.21,2092000.0,,2090500.0,,608.0,,0,0,0,0,0,0,0,0,0,0,0,0,0,0,0,0,0,0,0,0,0,0,0,0,0,0,0,0,0,0,0,0,0,91,2026-02-05 19:16:47.649447
ATMN,24.67,24.35,24.67,1942900.0,,2259200.0,,6066.0,6750.0,0,0,0,0,0,0,0,0,0,0,0,0,0,0,0,0,0,0,0,0,0,0,0,0,0,0,0,0,0,0,0,0,0,91,2026-02-05 19:16:47.649447
WNTR,24.16,24.16,24.19,2109500.0,1848.0,2214700.0,,,,0,0,0,0,0,0,0,0,0,0,0,0,0,0,0,0,0,0,0,0,0,0,0,0,0,0,0,0,0,0,0,0,0,91,2026-02-05 19:16:47.649447
SPNG,25.13,24.52,25.12,1040.0,2262100.0,3000.0,3000.0,2167600.0,,0,0,0,0,0,0,0,0,0,0,0,0,0,0,0,0,0,0,0,0,0,0,0,0,0,0,0,0,0,0,0,0,0,92,2026-02-05 19:16:48.717475
SMMR,25.48,25.19,25.48,15441.0,1900600.0,,,1980300.0,510.0,0,0,0,0,0,0,0,0,0,0,0,0,0,0,0,0,0,0,0,0,0,0,0,0,0,0,0,0,0,0,0,0,0,92,2026-02-05 19:16:48.717475
ATMN,24.67,24.37,24.65,,2176200.0,4500.0,,2176200.0,9333.0,0,0,0,0,0,0,0,0,0,0,0,0,0,0,0,0,0,0,0,0,0,0,0,0,0,0,0,0,0,0,0,0,0,92,2026-02-05 19:16:48.717475
WNTR,24.04,24.04,24.18,2225.0,1909800.0,,,1980400.0,21654.0,0,0,0,0,0,0,0,0,0,0,0,0,0,0,0,0,0,0,0,0,0,0,0,0,0,0,0,0,0,0,0,0,0,92,2026-02-05 19:16:48.717475
SPNG,24.48,24.54,25.14,2208600.0,6000.0,6000.0,2075900.0,,,0,0,0,0,0,0,0,0,0,0,0,0,0,0,0,0,0,0,0,0,0,0,0,0,0,0,0,0,0,0,0,0,0,93,2026-02-05 19:16:49.776037
SMMR,25.14,25.14,25.16,2095200.0,,,2010300.0,3212.0,8187.0,0,0,0,0,0,0,0,0,0,0,0,0,0,0,0,0,0,0,0,0,0,0,0,0,0,0,0,0,0,0,0,0,0,93,2026-02-05 19:16:49.776037
ATMN,24.67,24.32,24.67,1942900.0,9000.0,,2245400.0,,,0,0,0,0,0,0,0,0,0,0,0,0,0,0,0,0,0,0,0,0,0,0,0,0,0,0,0,0,0,0,0,0,0,93,2026-02-05 19:16:49.776037
WNTR,24.04,24.04,24.09,1909800.0,,,2196500.0,1809.0,312.0,0,0,0,0,0,0,0,0,0,0,0,0,0,0,0,0,0,0,0,0,0,0,0,0,0,0,0,0,0,0,0,0,0,93,2026-02-05 19:16:49.776037
SPNG,24.54,24.54,24.79,2208600.0,100.0,3000.0,1810800.0,5796.0,9000.0,0,0,0,0,0,0,0,0,0,0,0,0,0,0,0,0,0,0,0,0,0,0,0,0,0,0,0,0,0,0,0,0,0,94,2026-02-05 19:16:50.871463
SMMR,25.35,25.35,25.39,1968700.0,11964.0,,2069500.0,,,0,0,0,0,0,0,0,0,0,0,0,0,0,0,0,0,0,0,0,0,0,0,0,0,0,0,0,0,0,0,0,0,0,94,2026-02-05 19:16:50.871463
ATMN,24.32,24.23,24.27,1825700.0,,11250.0,1937800.0,6617.0,4500.0,0,0,0,0,0,0,0,0,0,0,0,0,0,0,0,0,0,0,0,0,0,0,0,0,0,0,0,0,0,0,0,0,0,94,2026-02-05 19:16:50.871463
WNTR,24.19,24.04,24.19,2143300.0,4034.0,,2321400.0,,,0,0,0,0,0,0,0,0,0,0,0,0,0,0,0,0,0,0,0,0,0,0,0,0,0,0,0,0,0,0,0,0,0,94,2026-02-05 19:16:50.871463
SPNG,24.79,24.82,24.99,2153800.0,1959.0,7655.0,12000.0,1588200.0,,0,0,0,0,0,0,0,0,0,0,0,0,0,0,0,0,0,0,0,0,0,0,0,0,0,0,0,0,0,0,0,0,0,95,2026-02-05 19:16:51.641113
SMMR,25.35,25.35,25.39,1962700.0,11964.0,,,2072500.0,,0,0,0,0,0,0,0,0,0,0,0,0,0,0,0,0,0,0,0,0,0,0,0,0,0,0,0,0,0,0,0,0,0,95,2026-02-05 19:16:51.641113
ATMN,24.67,24.24,24.26,1588200.0,100.0,6617.0,6750.0,1801500.0,13500.0,0,0,0,0,0,0,0,0,0,0,0,0,0,0,0,0,0,0,0,0,0,0,0,0,0,0,0,0,0,0,0,0,0,95,2026-02-05 19:16:51.641113
WNTR,24.21,24.04,24.21,2051700.0,4034.0,,,2351900.0,,0,0,0,0,0,0,0,0,0,0,0,0,0,0,0,0,0,0,0,0,0,0,0,0,0,0,0,0,0,0,0,0,0,95,2026-02-05 19:16:51.641113
SPNG,24.82,24.58,24.7,1959.0,2125100.0,1311700.0,7655.0,18000.0,,0,0,0,0,0,0,0,0,0,0,0,0,0,0,0,0,0,0,0,0,0,0,0,0,0,0,0,0,0,0,0,0,0,96,2026-02-05 19:16:52.718058
SMMR,25.35,25.16,25.32,11964.0,1971100.0,1986200.0,475.0,,,0,0,0,0,0,0,0,0,0,0,0,0,0,0,0,0,0,0,0,0,0,0,0,0,0,0,0,0,0,0,0,0,0,96,2026-02-05 19:16:52.718058
ATMN,24.69,24.26,24.69,9169.0,1348800.0,2135500.0,6617.0,,15750.0,0,0,0,0,0,0,0,0,0,0,0,0,0,0,0,0,0,0,0,0,0,0,0,0,0,0,0,0,0,0,0,0,0,96,2026-02-05 19:16:52.718058
WNTR,23.99,23.99,24.16,,1821200.0,2222100.0,100.0,,,0,0,0,0,0,0,0,0,0,0,0,0,0,0,0,0,0,0,0,0,0,0,0,0,0,0,0,0,0,0,0,0,0,96,2026-02-05 19:16:52.718058
SPNG,24.92,24.92,25.13,2412700.0,15000.0,1685100.0,,,,0,0,0,0,0,0,0,0,0,0,0,0,0,0,0,0,0,0,0,0,0,0,0,0,0,0,0,0,0,0,0,0,0,97,2026-02-05 19:16:53.809692
SMMR,25.32,25.33,25.39,2204900.0,,2083500.0,,,,0,0,0,0,0,0,0,0,0,0,0,0,0,0,0,0,0,0,0,0,0,0,0,0,0,0,0,0,0,0,0,0,0,97,2026-02-05 19:16:53.809692
ATMN,24.69,24.23,24.25,1083600.0,,2135500.0,6684.0,22500.0,2250.0,0,0,0,0,0,0,0,0,0,0,0,0,0,0,0,0,0,0,0,0,0,0,0,0,0,0,0,0,0,0,0,0,0,97,2026-02-05 19:16:53.809692
WNTR,24.21,23.99,24.0,1960200.0,,2222300.0,1918.0,,10000.0,0,0,0,0,0,0,0,0,0,0,0,0,0,0,0,0,0,0,0,0,0,0,0,0,0,0,0,0,0,0,0,0,0,97,2026-02-05 19:16:53.809692
SPNG,24.54,24.54,25.11,2387900.0,100.0,18000.0,1407100.0,,,0,0,0,0,0,0,0,0,0,0,0,0,0,0,0,0,0,0,0,0,0,0,0,0,0,0,0,0,0,0,0,0,0,98,2026-02-05 19:16:54.864841
SMMR,25.39,25.17,25.37,2061800.0,8026.0,,1883500.0,8502.0,,0,0,0,0,0,0,0,0,0,0,0,0,0,0,0,0,0,0,0,0,0,0,0,0,0,0,0,0,0,0,0,0,0,98,2026-02-05 19:16:54.864841
ATMN,24.31,24.46,24.69,754500.0,2250.0,,2135500.0,14572.0,27000.0,0,0,0,0,0,0,0,0,0,0,0,0,0,0,0,0,0,0,0,0,0,0,0,0,0,0,0,0,0,0,0,0,0,98,2026-02-05 19:16:54.864841
WNTR,24.18,24.05,24.18,2065200.0,2341.0,,2239900.0,11918.0,,0,0,0,0,0,0,0,0,0,0,0,0,0,0,0,0,0,0,0,0,0,0,0,0,0,0,0,0,0,0,0,0,0,98,2026-02-05 19:16:54.864841
SPNG,24.43,24.43,24.99,2447600.0,18000.0,1566400.0,,,,0,0,0,0,0,0,0,0,0,0,0,0,0,0,0,0,0,0,0,0,0,0,0,0,0,0,0,0,0,0,0,0,0,99,2026-02-05 19:16:55.952364
SMMR,25.42,25.33,25.42,2035000.0,,1994300.0,4442.0,4633.0,,0,0,0,0,0,0,0,0,0,0,0,0,0,0,0,0,0,0,0,0,0,0,0,0,0,0,0,0,0,0,0,0,0,99,2026-02-05 19:16:55.952364
ATMN,24.22,24.47,24.63,2168300.0,,2135500.0,100.0,7387.0,2250.0,0,0,0,0,0,0,0,0,0,0,0,0,0,0,0,0,0,0,0,0,0,0,0,0,0,0,0,0,0,0,0,0,0,99,2026-02-05 19:16:55.952364
WNTR,24.16,24.17,24.18,2309700.0,,2364800.0,7801.0,,,0,0,0,0,0,0,0,0,0,0,0,0,0,0,0,0,0,0,0,0,0,0,0,0,0,0,0,0,0,0,0,0,0,99,2026-02-05 19:16:55.952364
SPNG,24.89,24.43,24.72,2376300.0,1434800.0,9539.0,18000.0,,0,0,0,0,0,0,0,0,0,0,0,0,0,0,0,0,0,0,0,0,0,0,0,0,0,0,0,0,0,0,0,0,0,0,100,2026-02-05 19:16:56.532304
SMMR,25.42,25.33,25.42,2035000.0,2014400.0,4633.0,,4442.0,0,0,0,0,0,0,0,0,0,0,0,0,0,0,0,0,0,0,0,0,0,0,0,0,0,0,0,0,0,0,0,0,0,0,100,2026-02-05 19:16:56.532304
ATMN,24.47,24.43,24.47,2272700.0,2263000.0,,,100.0,0,0,0,0,0,0,0,0,0,0,0,0,0,0,0,0,0,0,0,0,0,0,0,0,0,0,0,0,0,0,0,0,0,0,100,2026-02-05 19:16:56.532304
WNTR,24.11,24.11,24.18,2192600.0,2336300.0,,,7801.0,0,0,0,0,0,0,0,0,0,0,0,0,0,0,0,0,0,0,0,0,0,0,0,0,0,0,0,0,0,0,0,0,0,0,100,2026-02-05 19:16:56.532304
SPNG,24.72,24.74,24.97,2083500.0,3000.0,1072.0,9539.0,15000.0,1541700.0,0,0,0,0,0,0,0,0,0,0,0,0,0,0,0,0,0,0,0,0,0,0,0,0,0,0,0,0,0,0,0,0,0,101,2026-02-05 19:16:57.610802
SMMR,25.44,25.37,25.44,1934900.0,,12244.0,7072.0,,1911000.0,0,0,0,0,0,0,0,0,0,0,0,0,0,0,0,0,0,0,0,0,0,0,0,0,0,0,0,0,0,0,0,0,0,101,2026-02-05 19:16:57.610802
ATMN,24.74,24.43,24.74,2168300.0,,5923.0,,,2306100.0,0,0,0,0,0,0,0,0,0,0,0,0,0,0,0,0,0,0,0,0,0,0,0,0,0,0,0,0,0,0,0,0,0,101,2026-02-05 19:16:57.610802
WNTR,24.11,24.01,24.05,2188100.0,,10963.0,12031.0,,2121700.0,0,0,0,0,0,0,0,0,0,0,0,0,0,0,0,0,0,0,0,0,0,0,0,0,0,0,0,0,0,0,0,0,0,101,2026-02-05 19:16:57.610802
SPNG,24.62,24.77,24.99,2069200.0,6000.0,24000.0,1313500.0,0,0,0,0,0,0,0,0,0,0,0,0,0,0,0,0,0,0,0,0,0,0,0,0,0,0,0,0,0,0,0,0,0,0,0,102,2026-02-05 19:16:58.722767
SMMR,25.33,25.33,25.44,2127100.0,,,2119500.0,0,0,0,0,0,0,0,0,0,0,0,0,0,0,0,0,0,0,0,0,0,0,0,0,0,0,0,0,0,0,0,0,0,0,0,102,2026-02-05 19:16:58.722767
ATMN,24.35,24.35,24.73,2383100.0,,2250.0,2192500.0,0,0,0,0,0,0,0,0,0,0,0,0,0,0,0,0,0,0,0,0,0,0,0,0,0,0,0,0,0,0,0,0,0,0,0,102,2026-02-05 19:16:58.722767
WNTR,24.05,24.13,24.18,2444800.0,,,2323100.0,0,0,0,0,0,0,0,0,0,0,0,0,0,0,0,0,0,0,0,0,0,0,0,0,0,0,0,0,0,0,0,0,0,0,0,102,2026-02-05 19:16:58.722767
SPNG,25.02,24.62,25.02,2274900.0,2248800.0,,,0,0,0,0,0,0,0,0,0,0,0,0,0,0,0,0,0,0,0,0,0,0,0,0,0,0,0,0,0,0,0,0,0,0,0,103,2026-02-05 19:16:59.790027
SMMR,25.24,25.17,25.24,2142400.0,2022300.0,7802.0,,0,0,0,0,0,0,0,0,0,0,0,0,0,0,0,0,0,0,0,0,0,0,0,0,0,0,0,0,0,0,0,0,0,0,0,103,2026-02-05 19:16:59.790027
ATMN,24.74,24.39,24.74,2360800.0,2301100.0,,,0,0,0,0,0,0,0,0,0,0,0,0,0,0,0,0,0,0,0,0,0,0,0,0,0,0,0,0,0,0,0,0,0,0,0,103,2026-02-05 19:16:59.790027
WNTR,24.13,24.02,24.07,2334600.0,2198400.0,2075.0,100.0,0,0,0,0,0,0,0,0,0,0,0,0,0,0,0,0,0,0,0,0,0,0,0,0,0,0,0,0,0,0,0,0,0,0,0,103,2026-02-05 19:16:59.790027
SPNG,24.78,24.71,24.77,2077600.0,3000.0,1577.0,6000.0,1869500.0,2500.0,0,0,0,0,0,0,0,0,0,0,0,0,0,0,0,0,0,0,0,0,0,0,0,0,0,0,0,0,0,0,0,0,0,104,2026-02-05 19:17:00.869759
SMMR,25.14,25.14,25.24,2185200.0,,,,1935300.0,14874.0,0,0,0,0,0,0,0,0,0,0,0,0,0,0,0,0,0,0,0,0,0,0,0,0,0,0,0,0,0,0,0,0,0,104,2026-02-05 19:17:00.869759
ATMN,24.68,24.58,24.68,2132300.0,2250.0,7818.0,4500.0,1964500.0,7818.0,0,0,0,0,0,0,0,0,0,0,0,0,0,0,0,0,0,0,0,0,0,0,0,0,0,0,0,0,0,0,0,0,0,104,2026-02-05 19:17:00.869759
WNTR,24.04,24.02,24.04,2334600.0,,100.0,,2220800.0,2075.0,0,0,0,0,0,0,0,0,0,0,0,0,0,0,0,0,0,0,0,0,0,0,0,0,0,0,0,0,0,0,0,0,0,104,2026-02-05 19:17:00.869759
SPNG,24.71,24.72,24.75,6000.0,2038000.0,2217500.0,,0,0,0,0,0,0,0,0,0,0,0,0,0,0,0,0,0,0,0,0,0,0,0,0,0,0,0,0,0,0,0,0,0,0,0,105,2026-02-05 19:17:01.931332
SMMR,25.24,25.33,25.44,,2159200.0,2119500.0,,0,0,0,0,0,0,0,0,0,0,0,0,0,0,0,0,0,0,0,0,0,0,0,0,0,0,0,0,0,0,0,0,0,0,0,105,2026-02-05 19:17:01.931332
ATMN,24.74,24.58,24.67,4500.0,2141200.0,1945600.0,6750.0,0,0,0,0,0,0,0,0,0,0,0,0,0,0,0,0,0,0,0,0,0,0,0,0,0,0,0,0,0,0,0,0,0,0,0,105,2026-02-05 19:17:01.931332
WNTR,24.03,24.08,24.18,,2462300.0,2349200.0,,0,0,0,0,0,0,0,0,0,0,0,0,0,0,0,0,0,0,0,0,0,0,0,0,0,0,0,0,0,0,0,0,0,0,0,105,2026-02-05 19:17:01.931332
SPNG,25.09,24.72,25.09,12000.0,1802900.0,2210500.0,,0,0,0,0,0,0,0,0,0,0,0,0,0,0,0,0,0,0,0,0,0,0,0,0,0,0,0,0,0,0,0,0,0,0,0,106,2026-02-05 19:17:03.009257
SMMR,25.22,25.38,25.44,,2184300.0,2119500.0,,0,0,0,0,0,0,0,0,0,0,0,0,0,0,0,0,0,0,0,0,0,0,0,0,0,0,0,0,0,0,0,0,0,0,0,106,2026-02-05 19:17:03.009257
ATMN,24.74,24.58,24.67,9000.0,1883900.0,1756500.0,11250.0,0,0,0,0,0,0,0,0,0,0,0,0,0,0,0,0,0,0,0,0,0,0,0,0,0,0,0,0,0,0,0,0,0,0,0,106,2026-02-05 19:17:03.009257
WNTR,24.19,24.08,24.19,,2462300.0,2346600.0,,0,0,0,0,0,0,0,0,0,0,0,0,0,0,0,0,0,0,0,0,0,0,0,0,0,0,0,0,0,0,0,0,0,0,0,106,2026-02-05 19:17:03.009257
SPNG,25.09,24.72,25.03,15000.0,1719300.0,2218700.0,0,0,0,0,0,0,0,0,0,0,0,0,0,0,0,0,0,0,0,0,0,0,0,0,0,0,0,0,0,0,0,0,0,0,0,0,107,2026-02-05 19:17:03.567691
SMMR,25.22,25.38,25.44,,2184300.0,2153200.0,0,0,0,0,0,0,0,0,0,0,0,0,0,0,0,0,0,0,0,0,0,0,0,0,0,0,0,0,0,0,0,0,0,0,0,0,107,2026-02-05 19:17:03.567691
ATMN,24.74,24.74,24.75,2250.0,2247800.0,2340300.0,0,0,0,0,0,0,0,0,0,0,0,0,0,0,0,0,0,0,0,0,0,0,0,0,0,0,0,0,0,0,0,0,0,0,0,0,107,2026-02-05 19:17:03.567691
WNTR,24.08,24.08,24.19,,2462300.0,2338700.0,0,0,0,0,0,0,0,0,0,0,0,0,0,0,0,0,0,0,0,0,0,0,0,0,0,0,0,0,0,0,0,0,0,0,0,0,107,2026-02-05 19:17:03.567691
SPNG,24.71,24.62,24.63,1846300.0,12000.0,2220200.0,,0,0,0,0,0,0,0,0,0,0,0,0,0,0,0,0,0,0,0,0,0,0,0,0,0,0,0,0,0,0,0,0,0,0,0,108,2026-02-05 19:17:04.650317
SMMR,25.38,25.38,25.44,2191100.0,,2180200.0,,0,0,0,0,0,0,0,0,0,0,0,0,0,0,0,0,0,0,0,0,0,0,0,0,0,0,0,0,0,0,0,0,0,0,0,108,2026-02-05 19:17:04.650317
ATMN,24.74,24.33,24.36,2174500.0,4500.0,2097300.0,4500.0,0,0,0,0,0,0,0,0,0,0,0,0,0,0,0,0,0,0,0,0,0,0,0,0,0,0,0,0,0,0,0,0,0,0,0,108,2026-02-05 19:17:04.650317
WNTR,24.3,24.08,24.3,2462300.0,,2338600.0,,0,0,0,0,0,0,0,0,0,0,0,0,0,0,0,0,0,0,0,0,0,0,0,0,0,0,0,0,0,0,0,0,0,0,0,108,2026-02-05 19:17:04.650317
SPNG,25.09,24.86,25.09,1743800.0,15000.0,2114200.0,3000.0,0,0,0,0,0,0,0,0,0,0,0,0,0,0,0,0,0,0,0,0,0,0,0,0,0,0,0,0,0,0,0,0,0,0,0,109,2026-02-05 19:17:05.712675
SMMR,25.23,25.23,25.28,2173500.0,,2241500.0,,0,0,0,0,0,0,0,0,0,0,0,0,0,0,0,0,0,0,0,0,0,0,0,0,0,0,0,0,0,0,0,0,0,0,0,109,2026-02-05 19:17:05.712675
ATMN,24.38,24.38,24.74,1936900.0,9000.0,1881400.0,9000.0,0,0,0,0,0,0,0,0,0,0,0,0,0,0,0,0,0,0,0,0,0,0,0,0,0,0,0,0,0,0,0,0,0,0,0,109,2026-02-05 19:17:05.712675
WNTR,24.13,24.08,24.13,2462300.0,,2357400.0,,0,0,0,0,0,0,0,0,0,0,0,0,0,0,0,0,0,0,0,0,0,0,0,0,0,0,0,0,0,0,0,0,0,0,0,109,2026-02-05 19:17:05.712675
SPNG,24.86,24.86,25.09,1642000.0,18000.0,1954400.0,6000.0,0,0,0,0,0,0,0,0,0,0,0,0,0,0,0,0,0,0,0,0,0,0,0,0,0,0,0,0,0,0,0,0,0,0,0,110,2026-02-05 19:17:06.754248
SMMR,25.21,25.21,25.28,2173900.0,,2241500.0,,0,0,0,0,0,0,0,0,0,0,0,0,0,0,0,0,0,0,0,0,0,0,0,0,0,0,0,0,0,0,0,0,0,0,0,110,2026-02-05 19:17:06.754248
ATMN,24.82,24.45,24.63,1677000.0,13500.0,2213600.0,2250.0,0,0,0,0,0,0,0,0,0,0,0,0,0,0,0,0,0,0,0,0,0,0,0,0,0,0,0,0,0,0,0,0,0,0,0,110,2026-02-05 19:17:06.754248
WNTR,24.14,23.99,24.12,2477200.0,,2334600.0,,0,0,0,0,0,0,0,0,0,0,0,0,0,0,0,0,0,0,0,0,0,0,0,0,0,0,0,0,0,0,0,0,0,0,0,110,2026-02-05 19:17:06.754248
SPNG,25.12,24.86,25.12,1423400.0,24000.0,2206800.0,0,0,0,0,0,0,0,0,0,0,0,0,0,0,0,0,0,0,0,0,0,0,0,0,0,0,0,0,0,0,0,0,0,0,0,0,111,2026-02-05 19:17:07.803251
SMMR,25.28,25.14,25.28,2213100.0,,2241500.0,0,0,0,0,0,0,0,0,0,0,0,0,0,0,0,0,0,0,0,0,0,0,0,0,0,0,0,0,0,0,0,0,0,0,0,0,111,2026-02-05 19:17:07.803251
ATMN,24.82,24.45,24.82,1437100.0,18000.0,2312000.0,0,0,0,0,0,0,0,0,0,0,0,0,0,0,0,0,0,0,0,0,0,0,0,0,0,0,0,0,0,0,0,0,0,0,0,0,111,2026-02-05 19:17:07.803251
WNTR,23.98,24.13,24.16,2468300.0,,2328400.0,0,0,0,0,0,0,0,0,0,0,0,0,0,0,0,0,0,0,0,0,0,0,0,0,0,0,0,0,0,0,0,0,0,0,0,0,111,2026-02-05 19:17:07.803251
SPNG,24.87,24.87,25.12,24000.0,1411800.0,2203200.0,0,0,0,0,0,0,0,0,0,0,0,0,0,0,0,0,0,0,0,0,0,0,0,0,0,0,0,0,0,0,0,0,0,0,0,0,112,2026-02-05 19:17:08.843484
SMMR,25.28,25.28,25.44,,2207900.0,2241500.0,0,0,0,0,0,0,0,0,0,0,0,0,0,0,0,0,0,0,0,0,0,0,0,0,0,0,0,0,0,0,0,0,0,0,0,0,112,2026-02-05 19:17:08.843484
ATMN,24.55,24.56,24.82,22500.0,1228500.0,2321800.0,0,0,0,0,0,0,0,0,0,0,0,0,0,0,0,0,0,0,0,0,0,0,0,0,0,0,0,0,0,0,0,0,0,0,0,0,112,2026-02-05 19:17:08.843484
WNTR,24.3,23.98,24.3,,2442000.0,2338600.0,0,0,0,0,0,0,0,0,0,0,0,0,0,0,0,0,0,0,0,0,0,0,0,0,0,0,0,0,0,0,0,0,0,0,0,0,112,2026-02-05 19:17:08.843484
SPNG,24.86,24.86,25.12,1641100.0,18000.0,2203200.0,0,0,0,0,0,0,0,0,0,0,0,0,0,0,0,0,0,0,0,0,0,0,0,0,0,0,0,0,0,0,0,0,0,0,0,0,113,2026-02-05 19:17:09.891857
SMMR,25.45,25.4,25.45,2194400.0,,2233700.0,0,0,0,0,0,0,0,0,0,0,0,0,0,0,0,0,0,0,0,0,0,0,0,0,0,0,0,0,0,0,0,0,0,0,0,0,113,2026-02-05 19:17:09.891857
ATMN,24.52,24.44,24.52,1647300.0,13500.0,2298700.0,0,0,0,0,0,0,0,0,0,0,0,0,0,0,0,0,0,0,0,0,0,0,0,0,0,0,0,0,0,0,0,0,0,0,0,0,113,2026-02-05 19:17:09.891857
WNTR,24.3,23.98,24.05,2475600.0,,2361000.0,0,0,0,0,0,0,0,0,0,0,0,0,0,0,0,0,0,0,0,0,0,0,0,0,0,0,0,0,0,0,0,0,0,0,0,0,113,2026-02-05 19:17:09.891857
SPNG,24.81,24.87,24.95,1761600.0,15000.0,2179600.0,0,0,0,0,0,0,0,0,0,0,0,0,0,0,0,0,0,0,0,0,0,0,0,0,0,0,0,0,0,0,0,0,0,0,0,0,114,2026-02-05 19:17:10.933074
SMMR,25.45,25.4,25.42,2194400.0,,2224100.0,0,0,0,0,0,0,0,0,0,0,0,0,0,0,0,0,0,0,0,0,0,0,0,0,0,0,0,0,0,0,0,0,0,0,0,0,114,2026-02-05 19:17:10.933074
ATMN,24.84,24.83,24.84,1516800.0,15750.0,2309100.0,0,0,0,0,0,0,0,0,0,0,0,0,0,0,0,0,0,0,0,0,0,0,0,0,0,0,0,0,0,0,0,0,0,0,0,0,114,2026-02-05 19:17:10.933074
WNTR,24.05,24.01,24.05,2434300.0,,2361000.0,0,0,0,0,0,0,0,0,0,0,0,0,0,0,0,0,0,0,0,0,0,0,0,0,0,0,0,0,0,0,0,0,0,0,0,0,114,2026-02-05 19:17:10.933074
SPNG,24.61,24.61,24.95,2270400.0,2179600.0,,0,0,0,0,0,0,0,0,0,0,0,0,0,0,0,0,0,0,0,0,0,0,0,0,0,0,0,0,0,0,0,0,0,0,0,0,115,2026-02-05 19:17:11.970572
SMMR,25.4,25.28,25.34,2213700.0,2221700.0,,0,0,0,0,0,0,0,0,0,0,0,0,0,0,0,0,0,0,0,0,0,0,0,0,0,0,0,0,0,0,0,0,0,0,0,0,115,2026-02-05 19:17:11.970572
ATMN,24.84,24.83,24.84,1516800.0,2321400.0,15750.0,0,0,0,0,0,0,0,0,0,0,0,0,0,0,0,0,0,0,0,0,0,0,0,0,0,0,0,0,0,0,0,0,0,0,0,0,115,2026-02-05 19:17:11.970572
WNTR,24.05,24.14,24.3,2456300.0,2341800.0,,0,0,0,0,0,0,0,0,0,0,0,0,0,0,0,0,0,0,0,0,0,0,0,0,0,0,0,0,0,0,0,0,0,0,0,0,115,2026-02-05 19:17:11.970572
SPNG,24.61,24.82,24.94,2346100.0,6000.0,1953000.0,,,0,0,0,0,0,0,0,0,0,0,0,0,0,0,0,0,0,0,0,0,0,0,0,0,0,0,0,0,0,0,0,0,0,0,116,2026-02-05 19:17:13.008229
SMMR,25.42,25.31,25.39,2210600.0,,2111600.0,1500.0,,0,0,0,0,0,0,0,0,0,0,0,0,0,0,0,0,0,0,0,0,0,0,0,0,0,0,0,0,0,0,0,0,0,0,116,2026-02-05 19:17:13.008229
ATMN,24.84,24.41,24.43,1631000.0,2250.0,2171900.0,,13500.0,0,0,0,0,0,0,0,0,0,0,0,0,0,0,0,0,0,0,0,0,0,0,0,0,0,0,0,0,0,0,0,0,0,0,116,2026-02-05 19:17:13.008229
WNTR,24.05,24.14,24.2,2431900.0,,2257800.0,336.0,,0,0,0,0,0,0,0,0,0,0,0,0,0,0,0,0,0,0,0,0,0,0,0,0,0,0,0,0,0,0,0,0,0,0,116,2026-02-05 19:17:13.008229
SPNG,24.82,24.83,25.12,3000.0,2239600.0,2167200.0,,,0,0,0,0,0,0,0,0,0,0,0,0,0,0,0,0,0,0,0,0,0,0,0,0,0,0,0,0,0,0,0,0,0,0,117,2026-02-05 19:17:14.054580
SMMR,25.39,25.4,25.41,,2209300.0,2103900.0,1500.0,,0,0,0,0,0,0,0,0,0,0,0,0,0,0,0,0,0,0,0,0,0,0,0,0,0,0,0,0,0,0,0,0,0,0,117,2026-02-05 19:17:14.054580
ATMN,24.59,24.41,24.42,18000.0,1433500.0,2059300.0,,4500.0,0,0,0,0,0,0,0,0,0,0,0,0,0,0,0,0,0,0,0,0,0,0,0,0,0,0,0,0,0,0,0,0,0,0,117,2026-02-05 19:17:14.054580
WNTR,24.29,24.18,24.25,,2416500.0,2253300.0,168.0,,0,0,0,0,0,0,0,0,0,0,0,0,0,0,0,0,0,0,0,0,0,0,0,0,0,0,0,0,0,0,0,0,0,0,117,2026-02-05 19:17:14.054580
SPNG,25.14,24.82,25.14,2346100.0,2182600.0,,0,0,0,0,0,0,0,0,0,0,0,0,0,0,0,0,0,0,0,0,0,0,0,0,0,0,0,0,0,0,0,0,0,0,0,0,118,2026-02-05 19:17:14.593432
SMMR,25.28,25.28,25.41,2213700.0,2085400.0,1500.0,0,0,0,0,0,0,0,0,0,0,0,0,0,0,0,0,0,0,0,0,0,0,0,0,0,0,0,0,0,0,0,0,0,0,0,0,118,2026-02-05 19:17:14.593432
ATMN,24.38,24.38,24.84,2369300.0,2321400.0,,0,0,0,0,0,0,0,0,0,0,0,0,0,0,0,0,0,0,0,0,0,0,0,0,0,0,0,0,0,0,0,0,0,0,0,0,118,2026-02-05 19:17:14.593432
WNTR,24.29,24.18,24.25,2416500.0,2253300.0,168.0,0,0,0,0,0,0,0,0,0,0,0,0,0,0,0,0,0,0,0,0,0,0,0,0,0,0,0,0,0,0,0,0,0,0,0,0,118,2026-02-05 19:17:14.593432
SPNG,25.14,24.82,25.03,2346100.0,2138700.0,0,0,0,0,0,0,0,0,0,0,0,0,0,0,0,0,0,0,0,0,0,0,0,0,0,0,0,0,0,0,0,0,0,0,0,0,0,119,2026-02-05 19:17:15.688616
SMMR,25.28,25.29,25.32,2228400.0,2209500.0,0,0,0,0,0,0,0,0,0,0,0,0,0,0,0,0,0,0,0,0,0,0,0,0,0,0,0,0,0,0,0,0,0,0,0,0,0,119,2026-02-05 19:17:15.688616
ATMN,24.36,24.41,24.63,2351400.0,2316800.0,0,0,0,0,0,0,0,0,0,0,0,0,0,0,0,0,0,0,0,0,0,0,0,0,0,0,0,0,0,0,0,0,0,0,0,0,0,119,2026-02-05 19:17:15.688616
WNTR,24.29,24.18,24.29,2375600.0,2387300.0,0,0,0,0,0,0,0,0,0,0,0,0,0,0,0,0,0,0,0,0,0,0,0,0,0,0,0,0,0,0,0,0,0,0,0,0,0,119,2026-02-05 19:17:15.688616
SPNG,25.15,22.91,0.0,200000.0,,0,0,0,0,0,0,0,0,0,0,0,0,0,0,0,0,0,0,0,0,0,0,0,0,0,0,0,0,0,0,0,0,0,0,0,0,0,120,2026-02-05 19:17:16.734889
SMMR,25.25,24.98,25.29,854600.0,768600.0,0,0,0,0,0,0,0,0,0,0,0,0,0,0,0,0,0,0,0,0,0,0,0,0,0,0,0,0,0,0,0,0,0,0,0,0,0,120,2026-02-05 19:17:16.734889
ATMN,24.84,26.43,0.0,200000.0,,0,0,0,0,0,0,0,0,0,0,0,0,0,0,0,0,0,0,0,0,0,0,0,0,0,0,0,0,0,0,0,0,0,0,0,0,0,120,2026-02-05 19:17:16.734889
WNTR,24.31,25.84,0.0,200000.0,,0,0,0,0,0,0,0,0,0,0,0,0,0,0,0,0,0,0,0,0,0,0,0,0,0,0,0,0,0,0,0,0,0,0,0,0,0,120,2026-02-05 19:17:16.734889
SPNG,22.91,22.91,23.38,1028000.0,1078100.0,0,0,0,0,0,0,0,0,0,0,0,0,0,0,0,0,0,0,0,0,0,0,0,0,0,0,0,0,0,0,0,0,0,0,0,0,0,121,2026-02-05 19:17:17.777936
SMMR,24.98,24.98,25.03,854600.0,950300.0,0,0,0,0,0,0,0,0,0,0,0,0,0,0,0,0,0,0,0,0,0,0,0,0,0,0,0,0,0,0,0,0,0,0,0,0,0,121,2026-02-05 19:17:17.777936
ATMN,26.43,26.43,26.71,1000300.0,853500.0,0,0,0,0,0,0,0,0,0,0,0,0,0,0,0,0,0,0,0,0,0,0,0,0,0,0,0,0,0,0,0,0,0,0,0,0,0,121,2026-02-05 19:17:17.777936
WNTR,25.84,24.83,25.12,1001700.0,886700.0,0,0,0,0,0,0,0,0,0,0,0,0,0,0,0,0,0,0,0,0,0,0,0,0,0,0,0,0,0,0,0,0,0,0,0,0,0,121,2026-02-05 19:17:17.777936
SPNG,22.91,22.95,23.34,617.0,1028000.0,617.0,1597000.0,0,0,0,0,0,0,0,0,0,0,0,0,0,0,0,0,0,0,0,0,0,0,0,0,0,0,0,0,0,0,0,0,0,0,0,122,2026-02-05 19:17:18.835120
SMMR,24.97,24.5,24.7,,846400.0,7226.0,1298900.0,0,0,0,0,0,0,0,0,0,0,0,0,0,0,0,0,0,0,0,0,0,0,0,0,0,0,0,0,0,0,0,0,0,0,0,122,2026-02-05 19:17:18.835120
ATMN,26.71,26.84,26.85,617.0,1107500.0,,944900.0,0,0,0,0,0,0,0,0,0,0,0,0,0,0,0,0,0,0,0,0,0,0,0,0,0,0,0,0,0,0,0,0,0,0,0,122,2026-02-05 19:17:18.835120
WNTR,25.31,25.3,25.31,940.0,1345300.0,,862400.0,0,0,0,0,0,0,0,0,0,0,0,0,0,0,0,0,0,0,0,0,0,0,0,0,0,0,0,0,0,0,0,0,0,0,0,122,2026-02-05 19:17:18.835120
SPNG,22.91,22.56,22.58,1306000.0,1702800.0,940.0,,0,0,0,0,0,0,0,0,0,0,0,0,0,0,0,0,0,0,0,0,0,0,0,0,0,0,0,0,0,0,0,0,0,0,0,123,2026-02-05 19:17:19.873396
SMMR,24.97,24.5,24.61,846400.0,1648600.0,14481.0,,0,0,0,0,0,0,0,0,0,0,0,0,0,0,0,0,0,0,0,0,0,0,0,0,0,0,0,0,0,0,0,0,0,0,0,123,2026-02-05 19:17:19.873396
ATMN,26.43,26.18,26.26,1156400.0,1241800.0,323.0,,0,0,0,0,0,0,0,0,0,0,0,0,0,0,0,0,0,0,0,0,0,0,0,0,0,0,0,0,0,0,0,0,0,0,0,123,2026-02-05 19:17:19.873396
WNTR,25.31,25.57,25.86,1674900.0,856300.0,,940.0,0,0,0,0,0,0,0,0,0,0,0,0,0,0,0,0,0,0,0,0,0,0,0,0,0,0,0,0,0,0,0,0,0,0,0,123,2026-02-05 19:17:19.873396
SPNG,22.66,22.87,23.01,6000.0,1549100.0,1832100.0,3000.0,,0,0,0,0,0,0,0,0,0,0,0,0,0,0,0,0,0,0,0,0,0,0,0,0,0,0,0,0,0,0,0,0,0,0,124,2026-02-05 19:17:20.959712
SMMR,24.33,24.33,24.41,,982700.0,1866100.0,,8261.0,0,0,0,0,0,0,0,0,0,0,0,0,0,0,0,0,0,0,0,0,0,0,0,0,0,0,0,0,0,0,0,0,0,0,124,2026-02-05 19:17:20.959712
ATMN,26.26,26.53,26.55,4500.0,1280400.0,1417200.0,4500.0,,0,0,0,0,0,0,0,0,0,0,0,0,0,0,0,0,0,0,0,0,0,0,0,0,0,0,0,0,0,0,0,0,0,0,124,2026-02-05 19:17:20.959712
WNTR,25.72,25.72,25.86,,1781000.0,970000.0,,,0,0,0,0,0,0,0,0,0,0,0,0,0,0,0,0,0,0,0,0,0,0,0,0,0,0,0,0,0,0,0,0,0,0,124,2026-02-05 19:17:20.959712
SPNG,23.18,23.18,23.21,1659500.0,12000.0,6000.0,1999100.0,,0,0,0,0,0,0,0,0,0,0,0,0,0,0,0,0,0,0,0,0,0,0,0,0,0,0,0,0,0,0,0,0,0,0,125,2026-02-05 19:17:22.020406
SMMR,24.3,24.3,24.38,923400.0,,,2038200.0,6609.0,0,0,0,0,0,0,0,0,0,0,0,0,0,0,0,0,0,0,0,0,0,0,0,0,0,0,0,0,0,0,0,0,0,0,125,2026-02-05 19:17:22.020406
ATMN,26.52,26.52,26.55,1280400.0,2250.0,6750.0,1630600.0,,0,0,0,0,0,0,0,0,0,0,0,0,0,0,0,0,0,0,0,0,0,0,0,0,0,0,0,0,0,0,0,0,0,0,125,2026-02-05 19:17:22.020406
WNTR,25.72,25.75,25.77,1985900.0,,,1060800.0,,0,0,0,0,0,0,0,0,0,0,0,0,0,0,0,0,0,0,0,0,0,0,0,0,0,0,0,0,0,0,0,0,0,0,125,2026-02-05 19:17:22.020406
SPNG,23.18,22.87,22.96,15000.0,1549100.0,3304.0,2074100.0,9000.0,,0,0,0,0,0,0,0,0,0,0,0,0,0,0,0,0,0,0,0,0,0,0,0,0,0,0,0,0,0,0,0,0,0,126,2026-02-05 19:17:23.074888
SMMR,24.11,24.11,24.41,,944200.0,3304.0,2053800.0,,,0,0,0,0,0,0,0,0,0,0,0,0,0,0,0,0,0,0,0,0,0,0,0,0,0,0,0,0,0,0,0,0,0,126,2026-02-05 19:17:23.074888
ATMN,26.52,26.52,26.55,2250.0,1262700.0,,1477700.0,11250.0,1652.0,0,0,0,0,0,0,0,0,0,0,0,0,0,0,0,0,0,0,0,0,0,0,0,0,0,0,0,0,0,0,0,0,0,126,2026-02-05 19:17:23.074888
WNTR,25.86,25.84,25.86,,2071300.0,1652.0,970000.0,,3304.0,0,0,0,0,0,0,0,0,0,0,0,0,0,0,0,0,0,0,0,0,0,0,0,0,0,0,0,0,0,0,0,0,0,126,2026-02-05 19:17:23.074888
SPNG,22.94,22.87,22.94,18000.0,1549100.0,1652.0,1982700.0,3304.0,12000.0,0,0,0,0,0,0,0,0,0,0,0,0,0,0,0,0,0,0,0,0,0,0,0,0,0,0,0,0,0,0,0,0,0,127,2026-02-05 19:17:23.618152
SMMR,24.11,24.11,24.41,,1160400.0,,2053800.0,3304.0,,0,0,0,0,0,0,0,0,0,0,0,0,0,0,0,0,0,0,0,0,0,0,0,0,0,0,0,0,0,0,0,0,0,127,2026-02-05 19:17:23.618152
ATMN,26.18,26.18,26.55,,1156400.0,1652.0,1408300.0,,13500.0,0,0,0,0,0,0,0,0,0,0,0,0,0,0,0,0,0,0,0,0,0,0,0,0,0,0,0,0,0,0,0,0,0,127,2026-02-05 19:17:23.618152
WNTR,25.86,25.84,25.86,,2085700.0,3304.0,970000.0,1652.0,,0,0,0,0,0,0,0,0,0,0,0,0,0,0,0,0,0,0,0,0,0,0,0,0,0,0,0,0,0,0,0,0,0,127,2026-02-05 19:17:23.618152
SPNG,22.99,22.99,23.0,1357400.0,24000.0,736.0,2193100.0,9000.0,,0,0,0,0,0,0,0,0,0,0,0,0,0,0,0,0,0,0,0,0,0,0,0,0,0,0,0,0,0,0,0,0,0,128,2026-02-05 19:17:24.693328
SMMR,24.11,24.11,24.34,1413100.0,,736.0,2043100.0,,1472.0,0,0,0,0,0,0,0,0,0,0,0,0,0,0,0,0,0,0,0,0,0,0,0,0,0,0,0,0,0,0,0,0,0,128,2026-02-05 19:17:24.693328
ATMN,26.47,26.26,26.32,1156400.0,,1472.0,1204000.0,15750.0,736.0,0,0,0,0,0,0,0,0,0,0,0,0,0,0,0,0,0,0,0,0,0,0,0,0,0,0,0,0,0,0,0,0,0,128,2026-02-05 19:17:24.693328
WNTR,25.75,25.75,25.86,2174800.0,,,970000.0,,736.0,0,0,0,0,0,0,0,0,0,0,0,0,0,0,0,0,0,0,0,0,0,0,0,0,0,0,0,0,0,0,0,0,0,128,2026-02-05 19:17:24.693328
SPNG,22.86,22.88,23.0,6000.0,1549100.0,736.0,2463300.0,956.0,,0,0,0,0,0,0,0,0,0,0,0,0,0,0,0,0,0,0,0,0,0,0,0,0,0,0,0,0,0,0,0,0,0,129,2026-02-05 19:17:25.765480
SMMR,24.11,24.12,24.29,,1769200.0,1692.0,1923900.0,3384.0,,0,0,0,0,0,0,0,0,0,0,0,0,0,0,0,0,0,0,0,0,0,0,0,0,0,0,0,0,0,0,0,0,0,129,2026-02-05 19:17:25.765480
ATMN,25.69,25.72,26.32,,1242200.0,,1107900.0,1692.0,15750.0,0,0,0,0,0,0,0,0,0,0,0,0,0,0,0,0,0,0,0,0,0,0,0,0,0,0,0,0,0,0,0,0,0,129,2026-02-05 19:17:25.765480
WNTR,25.94,25.83,25.94,,2083700.0,956.0,831900.0,,,0,0,0,0,0,0,0,0,0,0,0,0,0,0,0,0,0,0,0,0,0,0,0,0,0,0,0,0,0,0,0,0,0,129,2026-02-05 19:17:25.765480
SPNG,22.86,22.89,22.97,2250.0,12000.0,1549100.0,2143900.0,6000.0,100.0,0,0,0,0,0,0,0,0,0,0,0,0,0,0,0,0,0,0,0,0,0,0,0,0,0,0,0,0,0,0,0,0,0,130,2026-02-05 19:17:26.826271
SMMR,24.44,24.21,24.4,7456.0,,1997500.0,2161000.0,,,0,0,0,0,0,0,0,0,0,0,0,0,0,0,0,0,0,0,0,0,0,0,0,0,0,0,0,0,0,0,0,0,0,130,2026-02-05 19:17:26.826271
ATMN,25.72,26.01,26.27,2333.0,,1740900.0,1204000.0,15750.0,6999.0,0,0,0,0,0,0,0,0,0,0,0,0,0,0,0,0,0,0,0,0,0,0,0,0,0,0,0,0,0,0,0,0,0,130,2026-02-05 19:17:26.826271
WNTR,25.71,25.71,26.12,10000.0,,2084500.0,795300.0,,10000.0,0,0,0,0,0,0,0,0,0,0,0,0,0,0,0,0,0,0,0,0,0,0,0,0,0,0,0,0,0,0,0,0,0,130,2026-02-05 19:17:26.826271
SPNG,23.17,22.87,22.99,6000.0,1412300.0,3000.0,2455400.0,,,0,0,0,0,0,0,0,0,0,0,0,0,0,0,0,0,0,0,0,0,0,0,0,0,0,0,0,0,0,0,0,0,0,131,2026-02-05 19:17:27.878894
SMMR,24.4,24.39,24.4,,2107700.0,,1940900.0,17456.0,7186.0,0,0,0,0,0,0,0,0,0,0,0,0,0,0,0,0,0,0,0,0,0,0,0,0,0,0,0,0,0,0,0,0,0,131,2026-02-05 19:17:27.878894
ATMN,26.59,26.03,26.59,,1939000.0,,1923400.0,4666.0,,0,0,0,0,0,0,0,0,0,0,0,0,0,0,0,0,0,0,0,0,0,0,0,0,0,0,0,0,0,0,0,0,0,131,2026-02-05 19:17:27.878894
WNTR,25.74,25.85,25.99,,2113200.0,,1048500.0,2225.0,18218.0,0,0,0,0,0,0,0,0,0,0,0,0,0,0,0,0,0,0,0,0,0,0,0,0,0,0,0,0,0,0,0,0,0,131,2026-02-05 19:17:27.878894
SPNG,23.16,22.62,23.16,1549100.0,3000.0,2455900.0,,,,0,0,0,0,0,0,0,0,0,0,0,0,0,0,0,0,0,0,0,0,0,0,0,0,0,0,0,0,0,0,0,0,0,132,2026-02-05 19:17:28.921040
SMMR,24.19,24.12,24.13,1877600.0,,2041700.0,8554.0,,,0,0,0,0,0,0,0,0,0,0,0,0,0,0,0,0,0,0,0,0,0,0,0,0,0,0,0,0,0,0,0,0,0,132,2026-02-05 19:17:28.921040
ATMN,26.12,26.24,26.59,2167300.0,,1923400.0,,4500.0,,0,0,0,0,0,0,0,0,0,0,0,0,0,0,0,0,0,0,0,0,0,0,0,0,0,0,0,0,0,0,0,0,0,132,2026-02-05 19:17:28.921040
WNTR,25.69,25.77,25.93,2087100.0,,1048500.0,3223.0,,2334.0,0,0,0,0,0,0,0,0,0,0,0,0,0,0,0,0,0,0,0,0,0,0,0,0,0,0,0,0,0,0,0,0,0,132,2026-02-05 19:17:28.921040
SPNG,23.16,22.67,23.14,4339.0,6000.0,1698700.0,100.0,9000.0,2057700.0,0,0,0,0,0,0,0,0,0,0,0,0,0,0,0,0,0,0,0,0,0,0,0,0,0,0,0,0,0,0,0,0,0,133,2026-02-05 19:17:29.973645
SMMR,24.23,24.12,24.14,3917.0,,1981100.0,14941.0,,1958500.0,0,0,0,0,0,0,0,0,0,0,0,0,0,0,0,0,0,0,0,0,0,0,0,0,0,0,0,0,0,0,0,0,0,133,2026-02-05 19:17:29.973645
ATMN,26.2,26.09,26.2,6233.0,9000.0,1562200.0,1947.0,,1864400.0,0,0,0,0,0,0,0,0,0,0,0,0,0,0,0,0,0,0,0,0,0,0,0,0,0,0,0,0,0,0,0,0,0,133,2026-02-05 19:17:29.973645
WNTR,25.99,25.64,25.99,,,1992700.0,,,1048500.0,0,0,0,0,0,0,0,0,0,0,0,0,0,0,0,0,0,0,0,0,0,0,0,0,0,0,0,0,0,0,0,0,0,133,2026-02-05 19:17:29.973645
SPNG,22.72,22.81,23.1,1831000.0,4339.0,12000.0,5886.0,15000.0,1682300.0,0,0,0,0,0,0,0,0,0,0,0,0,0,0,0,0,0,0,0,0,0,0,0,0,0,0,0,0,0,0,0,0,0,134,2026-02-05 19:17:31.017482
SMMR,24.16,24.33,24.35,2059000.0,13583.0,,9454.0,,1940900.0,0,0,0,0,0,0,0,0,0,0,0,0,0,0,0,0,0,0,0,0,0,0,0,0,0,0,0,0,0,0,0,0,0,134,2026-02-05 19:17:31.017482
ATMN,26.71,26.09,26.71,1293100.0,6233.0,13500.0,,,1911400.0,0,0,0,0,0,0,0,0,0,0,0,0,0,0,0,0,0,0,0,0,0,0,0,0,0,0,0,0,0,0,0,0,0,134,2026-02-05 19:17:31.017482
WNTR,26.1,25.67,25.69,1992700.0,10000.0,,7500.0,,1117600.0,0,0,0,0,0,0,0,0,0,0,0,0,0,0,0,0,0,0,0,0,0,0,0,0,0,0,0,0,0,0,0,0,0,134,2026-02-05 19:17:31.017482
SPNG,22.81,22.63,22.79,15000.0,1698700.0,1638700.0,21000.0,,,0,0,0,0,0,0,0,0,0,0,0,0,0,0,0,0,0,0,0,0,0,0,0,0,0,0,0,0,0,0,0,0,0,135,2026-02-05 19:17:32.066951
SMMR,24.4,24.41,24.44,,2195200.0,2167900.0,,260.0,,0,0,0,0,0,0,0,0,0,0,0,0,0,0,0,0,0,0,0,0,0,0,0,0,0,0,0,0,0,0,0,0,0,135,2026-02-05 19:17:32.066951
ATMN,26.09,26.43,26.71,13500.0,1403500.0,1911400.0,,100.0,,0,0,0,0,0,0,0,0,0,0,0,0,0,0,0,0,0,0,0,0,0,0,0,0,0,0,0,0,0,0,0,0,0,135,2026-02-05 19:17:32.066951
WNTR,25.69,25.78,25.94,,2099500.0,1276300.0,,1860.0,6020.0,0,0,0,0,0,0,0,0,0,0,0,0,0,0,0,0,0,0,0,0,0,0,0,0,0,0,0,0,0,0,0,0,0,135,2026-02-05 19:17:32.066951
SPNG,22.62,22.65,22.7,4433.0,1698700.0,1649000.0,100.0,18000.0,,0,0,0,0,0,0,0,0,0,0,0,0,0,0,0,0,0,0,0,0,0,0,0,0,0,0,0,0,0,0,0,0,0,136,2026-02-05 19:17:33.121444
SMMR,24.22,24.25,24.42,8867.0,2194400.0,2070700.0,8867.0,,,0,0,0,0,0,0,0,0,0,0,0,0,0,0,0,0,0,0,0,0,0,0,0,0,0,0,0,0,0,0,0,0,0,136,2026-02-05 19:17:33.121444
ATMN,26.15,26.12,26.15,8221.0,1528700.0,1773700.0,6588.0,,11250.0,0,0,0,0,0,0,0,0,0,0,0,0,0,0,0,0,0,0,0,0,0,0,0,0,0,0,0,0,0,0,0,0,0,136,2026-02-05 19:17:33.121444
WNTR,25.71,25.73,25.83,8867.0,2099400.0,1395700.0,8867.0,,,0,0,0,0,0,0,0,0,0,0,0,0,0,0,0,0,0,0,0,0,0,0,0,0,0,0,0,0,0,0,0,0,0,136,2026-02-05 19:17:33.121444
SPNG,22.62,22.65,22.7,4433.0,1904600.0,1649000.0,2316.0,15000.0,,0,0,0,0,0,0,0,0,0,0,0,0,0,0,0,0,0,0,0,0,0,0,0,0,0,0,0,0,0,0,0,0,0,137,2026-02-05 19:17:33.690179
SMMR,24.45,24.25,24.45,8867.0,2194400.0,2159200.0,,,,0,0,0,0,0,0,0,0,0,0,0,0,0,0,0,0,0,0,0,0,0,0,0,0,0,0,0,0,0,0,0,0,0,137,2026-02-05 19:17:33.690179
ATMN,26.12,26.12,26.71,8221.0,1528700.0,1815600.0,1229.0,,11250.0,0,0,0,0,0,0,0,0,0,0,0,0,0,0,0,0,0,0,0,0,0,0,0,0,0,0,0,0,0,0,0,0,0,137,2026-02-05 19:17:33.690179
WNTR,25.72,25.72,25.83,,2212000.0,1487300.0,8867.0,,,0,0,0,0,0,0,0,0,0,0,0,0,0,0,0,0,0,0,0,0,0,0,0,0,0,0,0,0,0,0,0,0,0,137,2026-02-05 19:17:33.690179
SPNG,22.85,22.85,23.05,2199100.0,4533.0,2316.0,15000.0,1656000.0,,0,0,0,0,0,0,0,0,0,0,0,0,0,0,0,0,0,0,0,0,0,0,0,0,0,0,0,0,0,0,0,0,0,138,2026-02-05 19:17:34.747005
SMMR,24.23,24.12,24.2,2085300.0,,1525.0,,2055200.0,,0,0,0,0,0,0,0,0,0,0,0,0,0,0,0,0,0,0,0,0,0,0,0,0,0,0,0,0,0,0,0,0,0,138,2026-02-05 19:17:34.747005
ATMN,26.05,26.05,26.61,1777100.0,,1749.0,2250.0,1694000.0,9000.0,0,0,0,0,0,0,0,0,0,0,0,0,0,0,0,0,0,0,0,0,0,0,0,0,0,0,0,0,0,0,0,0,0,138,2026-02-05 19:17:34.747005
WNTR,25.64,25.58,25.6,2020900.0,,15977.0,,1736600.0,,0,0,0,0,0,0,0,0,0,0,0,0,0,0,0,0,0,0,0,0,0,0,0,0,0,0,0,0,0,0,0,0,0,138,2026-02-05 19:17:34.747005
SPNG,22.61,22.98,23.04,2062300.0,6153.0,24000.0,1379400.0,,0,0,0,0,0,0,0,0,0,0,0,0,0,0,0,0,0,0,0,0,0,0,0,0,0,0,0,0,0,0,0,0,0,0,139,2026-02-05 19:17:35.784698
SMMR,24.16,24.17,24.2,2305500.0,,,2151400.0,,0,0,0,0,0,0,0,0,0,0,0,0,0,0,0,0,0,0,0,0,0,0,0,0,0,0,0,0,0,0,0,0,0,0,139,2026-02-05 19:17:35.784698
ATMN,26.12,26.41,26.6,2378900.0,5230.0,4500.0,1658800.0,,0,0,0,0,0,0,0,0,0,0,0,0,0,0,0,0,0,0,0,0,0,0,0,0,0,0,0,0,0,0,0,0,0,0,139,2026-02-05 19:17:35.784698
WNTR,25.83,25.6,25.83,2023700.0,,,1607600.0,10023.0,0,0,0,0,0,0,0,0,0,0,0,0,0,0,0,0,0,0,0,0,0,0,0,0,0,0,0,0,0,0,0,0,0,0,139,2026-02-05 19:17:35.784698
SPNG,22.56,22.82,23.03,1820800.0,6253.0,27000.0,1136800.0,,0,0,0,0,0,0,0,0,0,0,0,0,0,0,0,0,0,0,0,0,0,0,0,0,0,0,0,0,0,0,0,0,0,0,140,2026-02-05 19:17:36.836382
SMMR,24.19,24.31,24.48,2147700.0,,,2130500.0,9666.0,0,0,0,0,0,0,0,0,0,0,0,0,0,0,0,0,0,0,0,0,0,0,0,0,0,0,0,0,0,0,0,0,0,0,140,2026-02-05 19:17:36.836382
ATMN,26.41,26.13,26.36,2305000.0,9196.0,9000.0,1383600.0,,0,0,0,0,0,0,0,0,0,0,0,0,0,0,0,0,0,0,0,0,0,0,0,0,0,0,0,0,0,0,0,0,0,0,140,2026-02-05 19:17:36.836382
WNTR,25.66,25.61,25.65,2023500.0,12988.0,,1736800.0,10023.0,0,0,0,0,0,0,0,0,0,0,0,0,0,0,0,0,0,0,0,0,0,0,0,0,0,0,0,0,0,0,0,0,0,0,140,2026-02-05 19:17:36.836382
SPNG,22.55,22.55,23.12,1578700.0,27000.0,1412200.0,,0,0,0,0,0,0,0,0,0,0,0,0,0,0,0,0,0,0,0,0,0,0,0,0,0,0,0,0,0,0,0,0,0,0,0,141,2026-02-05 19:17:37.879039
SMMR,24.31,24.31,24.42,2280600.0,,2147700.0,,0,0,0,0,0,0,0,0,0,0,0,0,0,0,0,0,0,0,0,0,0,0,0,0,0,0,0,0,0,0,0,0,0,0,0,141,2026-02-05 19:17:37.879039
ATMN,26.66,26.13,26.7,2255100.0,4500.0,1752400.0,,0,0,0,0,0,0,0,0,0,0,0,0,0,0,0,0,0,0,0,0,0,0,0,0,0,0,0,0,0,0,0,0,0,0,0,141,2026-02-05 19:17:37.879039
WNTR,25.57,25.57,25.6,1919200.0,,1832600.0,10000.0,0,0,0,0,0,0,0,0,0,0,0,0,0,0,0,0,0,0,0,0,0,0,0,0,0,0,0,0,0,0,0,0,0,0,0,141,2026-02-05 19:17:37.879039
SPNG,22.93,22.58,22.83,100.0,1578700.0,1246100.0,100.0,27000.0,,0,0,0,0,0,0,0,0,0,0,0,0,0,0,0,0,0,0,0,0,0,0,0,0,0,0,0,0,0,0,0,0,0,142,2026-02-05 19:17:38.923881
SMMR,24.33,24.31,24.33,,2280600.0,2079900.0,6862.0,,,0,0,0,0,0,0,0,0,0,0,0,0,0,0,0,0,0,0,0,0,0,0,0,0,0,0,0,0,0,0,0,0,0,142,2026-02-05 19:17:38.923881
ATMN,26.03,26.03,26.4,,2120400.0,1501500.0,2837.0,9000.0,2250.0,0,0,0,0,0,0,0,0,0,0,0,0,0,0,0,0,0,0,0,0,0,0,0,0,0,0,0,0,0,0,0,0,0,142,2026-02-05 19:17:38.923881
WNTR,25.57,25.57,25.58,100.0,2020000.0,1926200.0,10000.0,,,0,0,0,0,0,0,0,0,0,0,0,0,0,0,0,0,0,0,0,0,0,0,0,0,0,0,0,0,0,0,0,0,0,142,2026-02-05 19:17:38.923881
SPNG,23.13,22.72,22.84,1683200.0,100.0,1887500.0,15000.0,,,0,0,0,0,0,0,0,0,0,0,0,0,0,0,0,0,0,0,0,0,0,0,0,0,0,0,0,0,0,0,0,0,0,143,2026-02-05 19:17:39.975547
SMMR,24.39,24.32,24.39,2040100.0,16495.0,2068700.0,,6862.0,,0,0,0,0,0,0,0,0,0,0,0,0,0,0,0,0,0,0,0,0,0,0,0,0,0,0,0,0,0,0,0,0,0,143,2026-02-05 19:17:39.975547
ATMN,26.41,26.06,26.41,1768000.0,1611.0,1586900.0,6750.0,2837.0,6750.0,0,0,0,0,0,0,0,0,0,0,0,0,0,0,0,0,0,0,0,0,0,0,0,0,0,0,0,0,0,0,0,0,0,143,2026-02-05 19:17:39.975547
WNTR,25.57,25.57,25.58,2000400.0,9013.0,1926200.0,,11475.0,,0,0,0,0,0,0,0,0,0,0,0,0,0,0,0,0,0,0,0,0,0,0,0,0,0,0,0,0,0,0,0,0,0,143,2026-02-05 19:17:39.975547
SPNG,23.13,22.73,22.97,3000.0,1821000.0,2174600.0,9000.0,,0,0,0,0,0,0,0,0,0,0,0,0,0,0,0,0,0,0,0,0,0,0,0,0,0,0,0,0,0,0,0,0,0,0,144,2026-02-05 19:17:41.038321
SMMR,24.42,24.4,24.42,,2267500.0,2152100.0,,,0,0,0,0,0,0,0,0,0,0,0,0,0,0,0,0,0,0,0,0,0,0,0,0,0,0,0,0,0,0,0,0,0,0,144,2026-02-05 19:17:41.038321
ATMN,26.44,26.44,26.7,6750.0,1876900.0,1581700.0,9000.0,,0,0,0,0,0,0,0,0,0,0,0,0,0,0,0,0,0,0,0,0,0,0,0,0,0,0,0,0,0,0,0,0,0,0,144,2026-02-05 19:17:41.038321
WNTR,25.66,25.6,25.66,,2100300.0,1827000.0,,7374.0,0,0,0,0,0,0,0,0,0,0,0,0,0,0,0,0,0,0,0,0,0,0,0,0,0,0,0,0,0,0,0,0,0,0,144,2026-02-05 19:17:41.038321
SPNG,22.56,22.57,22.97,3000.0,1838700.0,2566000.0,,,,0,0,0,0,0,0,0,0,0,0,0,0,0,0,0,0,0,0,0,0,0,0,0,0,0,0,0,0,0,0,0,0,0,145,2026-02-05 19:17:42.089410
SMMR,24.4,24.4,24.42,,2159900.0,2058400.0,8329.0,8329.0,,0,0,0,0,0,0,0,0,0,0,0,0,0,0,0,0,0,0,0,0,0,0,0,0,0,0,0,0,0,0,0,0,0,145,2026-02-05 19:17:42.089410
ATMN,26.6,26.44,26.6,9000.0,1754300.0,1598300.0,,,9000.0,0,0,0,0,0,0,0,0,0,0,0,0,0,0,0,0,0,0,0,0,0,0,0,0,0,0,0,0,0,0,0,0,0,145,2026-02-05 19:17:42.089410
WNTR,25.82,25.65,25.77,,2000400.0,1713200.0,17374.0,2776.0,,0,0,0,0,0,0,0,0,0,0,0,0,0,0,0,0,0,0,0,0,0,0,0,0,0,0,0,0,0,0,0,0,0,145,2026-02-05 19:17:42.089410
SPNG,23.01,22.52,23.01,1753500.0,2596400.0,,,,,0,0,0,0,0,0,0,0,0,0,0,0,0,0,0,0,0,0,0,0,0,0,0,0,0,0,0,0,0,0,0,0,0,146,2026-02-05 19:17:43.126176
SMMR,24.31,24.18,24.21,2112800.0,1952900.0,4256.0,15168.0,,,0,0,0,0,0,0,0,0,0,0,0,0,0,0,0,0,0,0,0,0,0,0,0,0,0,0,0,0,0,0,0,0,0,146,2026-02-05 19:17:43.126176
ATMN,26.01,26.03,26.59,2144900.0,1289900.0,,1769.0,2250.0,13500.0,0,0,0,0,0,0,0,0,0,0,0,0,0,0,0,0,0,0,0,0,0,0,0,0,0,0,0,0,0,0,0,0,0,146,2026-02-05 19:17:43.126176
WNTR,25.57,25.57,25.71,2107600.0,1803800.0,2049.0,11402.0,,,0,0,0,0,0,0,0,0,0,0,0,0,0,0,0,0,0,0,0,0,0,0,0,0,0,0,0,0,0,0,0,0,0,146,2026-02-05 19:17:43.126176
SPNG,23.01,22.65,23.0,6000.0,2129400.0,3000.0,2455400.0,,,0,0,0,0,0,0,0,0,0,0,0,0,0,0,0,0,0,0,0,0,0,0,0,0,0,0,0,0,0,0,0,0,0,147,2026-02-05 19:17:44.168017
SMMR,24.31,24.18,24.19,,2100700.0,,2065300.0,3910.0,2666.0,0,0,0,0,0,0,0,0,0,0,0,0,0,0,0,0,0,0,0,0,0,0,0,0,0,0,0,0,0,0,0,0,0,147,2026-02-05 19:17:44.168017
ATMN,26.47,26.54,26.59,,2259000.0,13500.0,1393600.0,,,0,0,0,0,0,0,0,0,0,0,0,0,0,0,0,0,0,0,0,0,0,0,0,0,0,0,0,0,0,0,0,0,0,147,2026-02-05 19:17:44.168017
WNTR,25.76,25.76,25.9,,2227600.0,,1578800.0,,8938.0,0,0,0,0,0,0,0,0,0,0,0,0,0,0,0,0,0,0,0,0,0,0,0,0,0,0,0,0,0,0,0,0,0,147,2026-02-05 19:17:44.168017
SPNG,22.47,22.47,22.79,2031100.0,100.0,9000.0,2040800.0,,0,0,0,0,0,0,0,0,0,0,0,0,0,0,0,0,0,0,0,0,0,0,0,0,0,0,0,0,0,0,0,0,0,0,148,2026-02-05 19:17:45.212270
SMMR,24.24,24.28,24.42,2056800.0,,,2149400.0,4974.0,0,0,0,0,0,0,0,0,0,0,0,0,0,0,0,0,0,0,0,0,0,0,0,0,0,0,0,0,0,0,0,0,0,0,148,2026-02-05 19:17:45.212270
ATMN,26.02,26.38,26.59,2144900.0,100.0,11250.0,1393600.0,100.0,0,0,0,0,0,0,0,0,0,0,0,0,0,0,0,0,0,0,0,0,0,0,0,0,0,0,0,0,0,0,0,0,0,0,148,2026-02-05 19:17:45.212270
WNTR,25.76,25.76,25.79,2152700.0,17357.0,,1803900.0,4976.0,0,0,0,0,0,0,0,0,0,0,0,0,0,0,0,0,0,0,0,0,0,0,0,0,0,0,0,0,0,0,0,0,0,0,148,2026-02-05 19:17:45.212270
SPNG,22.79,22.83,23.0,2007400.0,12000.0,2040800.0,,,0,0,0,0,0,0,0,0,0,0,0,0,0,0,0,0,0,0,0,0,0,0,0,0,0,0,0,0,0,0,0,0,0,0,149,2026-02-05 19:17:45.750616
SMMR,24.24,24.28,24.31,2056800.0,,2160400.0,4974.0,,0,0,0,0,0,0,0,0,0,0,0,0,0,0,0,0,0,0,0,0,0,0,0,0,0,0,0,0,0,0,0,0,0,0,149,2026-02-05 19:17:45.750616
ATMN,26.02,26.38,26.46,2144900.0,13500.0,1251400.0,100.0,6536.0,0,0,0,0,0,0,0,0,0,0,0,0,0,0,0,0,0,0,0,0,0,0,0,0,0,0,0,0,0,0,0,0,0,0,149,2026-02-05 19:17:45.750616
WNTR,25.88,25.76,25.8,2152700.0,,1812900.0,4976.0,8938.0,0,0,0,0,0,0,0,0,0,0,0,0,0,0,0,0,0,0,0,0,0,0,0,0,0,0,0,0,0,0,0,0,0,0,149,2026-02-05 19:17:45.750616
SPNG,22.46,22.84,23.0,100.0,1880200.0,15000.0,1954700.0,,0,0,0,0,0,0,0,0,0,0,0,0,0,0,0,0,0,0,0,0,0,0,0,0,0,0,0,0,0,0,0,0,0,0,150,2026-02-05 19:17:46.797490
SMMR,24.18,24.18,24.31,4974.0,2054400.0,,2061500.0,4463.0,0,0,0,0,0,0,0,0,0,0,0,0,0,0,0,0,0,0,0,0,0,0,0,0,0,0,0,0,0,0,0,0,0,0,150,2026-02-05 19:17:46.797490
ATMN,26.13,26.38,26.46,,2249100.0,9000.0,1426800.0,6536.0,0,0,0,0,0,0,0,0,0,0,0,0,0,0,0,0,0,0,0,0,0,0,0,0,0,0,0,0,0,0,0,0,0,0,150,2026-02-05 19:17:46.797490
WNTR,25.92,25.69,25.92,,2228900.0,,1578800.0,,0,0,0,0,0,0,0,0,0,0,0,0,0,0,0,0,0,0,0,0,0,0,0,0,0,0,0,0,0,0,0,0,0,0,150,2026-02-05 19:17:46.797490
SPNG,22.7,22.85,22.99,100.0,2019200.0,4997.0,15000.0,1826700.0,,0,0,0,0,0,0,0,0,0,0,0,0,0,0,0,0,0,0,0,0,0,0,0,0,0,0,0,0,0,0,0,0,0,151,2026-02-05 19:17:47.843730
SMMR,24.17,24.23,24.28,,2241800.0,7839.0,,2032000.0,,0,0,0,0,0,0,0,0,0,0,0,0,0,0,0,0,0,0,0,0,0,0,0,0,0,0,0,0,0,0,0,0,0,151,2026-02-05 19:17:47.843730
ATMN,26.33,26.03,26.07,,2129300.0,10000.0,11250.0,1511200.0,2250.0,0,0,0,0,0,0,0,0,0,0,0,0,0,0,0,0,0,0,0,0,0,0,0,0,0,0,0,0,0,0,0,0,0,151,2026-02-05 19:17:47.843730
WNTR,25.65,25.62,25.65,1438.0,2115900.0,7839.0,,1701600.0,,0,0,0,0,0,0,0,0,0,0,0,0,0,0,0,0,0,0,0,0,0,0,0,0,0,0,0,0,0,0,0,0,0,151,2026-02-05 19:17:47.843730
SPNG,22.85,22.7,22.74,2019200.0,1657700.0,8214.0,15000.0,,,0,0,0,0,0,0,0,0,0,0,0,0,0,0,0,0,0,0,0,0,0,0,0,0,0,0,0,0,0,0,0,0,0,152,2026-02-05 19:17:48.892684
SMMR,24.16,24.16,24.31,2233300.0,2160600.0,,,,,0,0,0,0,0,0,0,0,0,0,0,0,0,0,0,0,0,0,0,0,0,0,0,0,0,0,0,0,0,0,0,0,0,152,2026-02-05 19:17:48.892684
ATMN,26.31,26.03,26.3,1769700.0,1399000.0,10000.0,13500.0,6750.0,277.0,0,0,0,0,0,0,0,0,0,0,0,0,0,0,0,0,0,0,0,0,0,0,0,0,0,0,0,0,0,0,0,0,0,152,2026-02-05 19:17:48.892684
WNTR,25.65,25.75,25.9,1988400.0,1578800.0,7839.0,,,10406.0,0,0,0,0,0,0,0,0,0,0,0,0,0,0,0,0,0,0,0,0,0,0,0,0,0,0,0,0,0,0,0,0,0,152,2026-02-05 19:17:48.892684
SPNG,22.88,22.89,23.0,3000.0,2145000.0,3000.0,2461500.0,,0,0,0,0,0,0,0,0,0,0,0,0,0,0,0,0,0,0,0,0,0,0,0,0,0,0,0,0,0,0,0,0,0,0,153,2026-02-05 19:17:49.948807
SMMR,24.33,24.16,24.28,,2233300.0,,2151500.0,,0,0,0,0,0,0,0,0,0,0,0,0,0,0,0,0,0,0,0,0,0,0,0,0,0,0,0,0,0,0,0,0,0,0,153,2026-02-05 19:17:49.948807
ATMN,26.46,26.03,26.45,9000.0,1768800.0,11250.0,1539500.0,,0,0,0,0,0,0,0,0,0,0,0,0,0,0,0,0,0,0,0,0,0,0,0,0,0,0,0,0,0,0,0,0,0,0,153,2026-02-05 19:17:49.948807
WNTR,25.92,25.64,25.92,,2064900.0,,1578800.0,7326.0,0,0,0,0,0,0,0,0,0,0,0,0,0,0,0,0,0,0,0,0,0,0,0,0,0,0,0,0,0,0,0,0,0,0,153,2026-02-05 19:17:49.948807
SPNG,22.43,22.47,22.77,3000.0,1856700.0,2101000.0,9000.0,212.0,,0,0,0,0,0,0,0,0,0,0,0,0,0,0,0,0,0,0,0,0,0,0,0,0,0,0,0,0,0,0,0,0,0,154,2026-02-05 19:17:51.016045
SMMR,24.26,24.23,24.26,,2124900.0,2046700.0,,4305.0,7802.0,0,0,0,0,0,0,0,0,0,0,0,0,0,0,0,0,0,0,0,0,0,0,0,0,0,0,0,0,0,0,0,0,0,154,2026-02-05 19:17:51.016045
ATMN,26.39,26.12,26.39,13500.0,1448500.0,1353700.0,13500.0,100.0,7676.0,0,0,0,0,0,0,0,0,0,0,0,0,0,0,0,0,0,0,0,0,0,0,0,0,0,0,0,0,0,0,0,0,0,154,2026-02-05 19:17:51.016045
WNTR,25.98,25.73,25.98,,1950000.0,1363200.0,,4446.0,15281.0,0,0,0,0,0,0,0,0,0,0,0,0,0,0,0,0,0,0,0,0,0,0,0,0,0,0,0,0,0,0,0,0,0,154,2026-02-05 19:17:51.016045
SPNG,23.01,22.67,22.76,2148000.0,1591.0,6000.0,3000.0,2335200.0,212.0,0,0,0,0,0,0,0,0,0,0,0,0,0,0,0,0,0,0,0,0,0,0,0,0,0,0,0,0,0,0,0,0,0,155,2026-02-05 19:17:52.074176
SMMR,24.26,24.24,24.26,2021400.0,15777.0,,,1985700.0,5200.0,0,0,0,0,0,0,0,0,0,0,0,0,0,0,0,0,0,0,0,0,0,0,0,0,0,0,0,0,0,0,0,0,0,155,2026-02-05 19:17:52.074176
ATMN,26.02,26.02,26.07,2220500.0,,,18000.0,1067300.0,200.0,0,0,0,0,0,0,0,0,0,0,0,0,0,0,0,0,0,0,0,0,0,0,0,0,0,0,0,0,0,0,0,0,0,155,2026-02-05 19:17:52.074176
WNTR,25.65,25.65,25.98,1917800.0,8186.0,,,1363200.0,4446.0,0,0,0,0,0,0,0,0,0,0,0,0,0,0,0,0,0,0,0,0,0,0,0,0,0,0,0,0,0,0,0,0,0,155,2026-02-05 19:17:52.074176
SPNG,22.74,22.79,23.01,2047000.0,12000.0,2627600.0,,,0,0,0,0,0,0,0,0,0,0,0,0,0,0,0,0,0,0,0,0,0,0,0,0,0,0,0,0,0,0,0,0,0,0,156,2026-02-05 19:17:53.147905
SMMR,24.37,24.16,24.37,2241800.0,,2188400.0,,,0,0,0,0,0,0,0,0,0,0,0,0,0,0,0,0,0,0,0,0,0,0,0,0,0,0,0,0,0,0,0,0,0,0,156,2026-02-05 19:17:53.147905
ATMN,26.02,26.02,26.06,2207700.0,,1067300.0,22500.0,,0,0,0,0,0,0,0,0,0,0,0,0,0,0,0,0,0,0,0,0,0,0,0,0,0,0,0,0,0,0,0,0,0,0,156,2026-02-05 19:17:53.147905
WNTR,25.85,25.7,25.85,2036200.0,,1458600.0,,4921.0,0,0,0,0,0,0,0,0,0,0,0,0,0,0,0,0,0,0,0,0,0,0,0,0,0,0,0,0,0,0,0,0,0,0,156,2026-02-05 19:17:53.147905
SPNG,22.73,22.86,22.88,7646.0,15000.0,1691500.0,2481800.0,2250.0,,0,0,0,0,0,0,0,0,0,0,0,0,0,0,0,0,0,0,0,0,0,0,0,0,0,0,0,0,0,0,0,0,0,157,2026-02-05 19:17:54.270957
SMMR,24.37,24.31,24.32,16496.0,,2017500.0,2194500.0,,,0,0,0,0,0,0,0,0,0,0,0,0,0,0,0,0,0,0,0,0,0,0,0,0,0,0,0,0,0,0,0,0,0,157,2026-02-05 19:17:54.270957
ATMN,26.05,26.05,26.07,1171.0,,1996600.0,1175200.0,,20250.0,0,0,0,0,0,0,0,0,0,0,0,0,0,0,0,0,0,0,0,0,0,0,0,0,0,0,0,0,0,0,0,0,0,157,2026-02-05 19:17:54.270957
WNTR,25.98,25.67,25.78,5520.0,,2025700.0,1574900.0,5520.0,,0,0,0,0,0,0,0,0,0,0,0,0,0,0,0,0,0,0,0,0,0,0,0,0,0,0,0,0,0,0,0,0,0,157,2026-02-05 19:17:54.270957
SPNG,22.73,22.86,22.88,7646.0,18000.0,1568400.0,2513700.0,2250.0,,0,0,0,0,0,0,0,0,0,0,0,0,0,0,0,0,0,0,0,0,0,0,0,0,0,0,0,0,0,0,0,0,0,158,2026-02-05 19:17:54.820483
SMMR,24.27,24.16,24.21,,,2241800.0,2199500.0,,,0,0,0,0,0,0,0,0,0,0,0,0,0,0,0,0,0,0,0,0,0,0,0,0,0,0,0,0,0,0,0,0,0,158,2026-02-05 19:17:54.820483
ATMN,26.07,26.35,26.39,1171.0,2250.0,1865100.0,1052700.0,,22500.0,0,0,0,0,0,0,0,0,0,0,0,0,0,0,0,0,0,0,0,0,0,0,0,0,0,0,0,0,0,0,0,0,0,158,2026-02-05 19:17:54.820483
WNTR,25.98,25.72,25.78,5520.0,,2038500.0,1688700.0,5520.0,,0,0,0,0,0,0,0,0,0,0,0,0,0,0,0,0,0,0,0,0,0,0,0,0,0,0,0,0,0,0,0,0,0,158,2026-02-05 19:17:54.820483
SPNG,22.67,22.51,22.65,2272000.0,2241900.0,3000.0,3329.0,,,0,0,0,0,0,0,0,0,0,0,0,0,0,0,0,0,0,0,0,0,0,0,0,0,0,0,0,0,0,0,0,0,0,159,2026-02-05 19:17:55.955405
SMMR,24.15,24.15,24.2,2207500.0,2098800.0,,9666.0,,,0,0,0,0,0,0,0,0,0,0,0,0,0,0,0,0,0,0,0,0,0,0,0,0,0,0,0,0,0,0,0,0,0,159,2026-02-05 19:17:55.955405
ATMN,26.07,26.36,26.38,1645300.0,842900.0,24750.0,2333.0,1271.0,4500.0,0,0,0,0,0,0,0,0,0,0,0,0,0,0,0,0,0,0,0,0,0,0,0,0,0,0,0,0,0,0,0,0,0,159,2026-02-05 19:17:55.955405
WNTR,25.77,25.77,25.78,2008000.0,1811300.0,,5520.0,5520.0,,0,0,0,0,0,0,0,0,0,0,0,0,0,0,0,0,0,0,0,0,0,0,0,0,0,0,0,0,0,0,0,0,0,159,2026-02-05 19:17:55.955405
SPNG,22.65,22.66,22.87,2559400.0,100.0,9000.0,2232600.0,,,0,0,0,0,0,0,0,0,0,0,0,0,0,0,0,0,0,0,0,0,0,0,0,0,0,0,0,0,0,0,0,0,0,160,2026-02-05 19:17:57.042950
SMMR,24.2,24.17,24.2,2103000.0,9269.0,,2226800.0,,,0,0,0,0,0,0,0,0,0,0,0,0,0,0,0,0,0,0,0,0,0,0,0,0,0,0,0,0,0,0,0,0,0,160,2026-02-05 19:17:57.042950
ATMN,26.07,26.36,26.38,1546200.0,100.0,24750.0,827900.0,11250.0,6390.0,0,0,0,0,0,0,0,0,0,0,0,0,0,0,0,0,0,0,0,0,0,0,0,0,0,0,0,0,0,0,0,0,0,160,2026-02-05 19:17:57.042950
WNTR,25.72,25.72,25.75,2002300.0,4305.0,,1901700.0,,17850.0,0,0,0,0,0,0,0,0,0,0,0,0,0,0,0,0,0,0,0,0,0,0,0,0,0,0,0,0,0,0,0,0,0,160,2026-02-05 19:17:57.042950
SPNG,22.88,22.66,22.87,2526700.0,100.0,3000.0,2533500.0,,,0,0,0,0,0,0,0,0,0,0,0,0,0,0,0,0,0,0,0,0,0,0,0,0,0,0,0,0,0,0,0,0,0,161,2026-02-05 19:17:58.118090
SMMR,24.2,24.17,24.2,2099400.0,9269.0,,2261200.0,,,0,0,0,0,0,0,0,0,0,0,0,0,0,0,0,0,0,0,0,0,0,0,0,0,0,0,0,0,0,0,0,0,0,161,2026-02-05 19:17:58.118090
ATMN,26.23,26.23,26.38,2062400.0,,24750.0,740500.0,2250.0,13711.0,0,0,0,0,0,0,0,0,0,0,0,0,0,0,0,0,0,0,0,0,0,0,0,0,0,0,0,0,0,0,0,0,0,161,2026-02-05 19:17:58.118090
WNTR,25.82,25.76,25.78,1875300.0,13392.0,,1797500.0,,2630.0,0,0,0,0,0,0,0,0,0,0,0,0,0,0,0,0,0,0,0,0,0,0,0,0,0,0,0,0,0,0,0,0,0,161,2026-02-05 19:17:58.118090
SPNG,22.51,22.63,23.01,3000.0,2583800.0,2640000.0,,,,0,0,0,0,0,0,0,0,0,0,0,0,0,0,0,0,0,0,0,0,0,0,0,0,0,0,0,0,0,0,0,0,0,162,2026-02-05 19:17:59.167808
SMMR,24.12,24.12,24.18,,2215400.0,2138200.0,7656.0,,,0,0,0,0,0,0,0,0,0,0,0,0,0,0,0,0,0,0,0,0,0,0,0,0,0,0,0,0,0,0,0,0,0,162,2026-02-05 19:17:59.167808
ATMN,26.05,26.05,26.39,,2200600.0,827900.0,,27000.0,,0,0,0,0,0,0,0,0,0,0,0,0,0,0,0,0,0,0,0,0,0,0,0,0,0,0,0,0,0,0,0,0,0,162,2026-02-05 19:17:59.167808
