ticker,last_price,bid_price,ask_price,BUY_ANON,SELL_ANON,BUY_GIOT-3,BUY_ZUAI-2,SELL_UEBR-1,SELL_GIOT-4,BUY_WRSW-1,BUY_WRSW-2,BUY_GIOT-4,BUY_UEBR-1,SELL_IESE-1,BUY_LUIS-4,SELL_GIOT-3,SELL_WRSW-2,SELL_WRSW-3,SELL_WRSW-1,BUY_WRSW-3,BUY_IESE-1,SELL_LUIS-4,tick,timestamp
SPNG,0.0,0.0,0.0,1863200.0,2268000.0,0,0,0,0,0,0,0,0,0,0,0,0,0,0,0,0,0,0,2026-02-04 04:50:09.634644
SMMR,0.0,0.0,0.0,2123300.0,2021600.0,0,0,0,0,0,0,0,0,0,0,0,0,0,0,0,0,0,0,2026-02-04 04:50:09.634644
ATMN,0.0,0.0,0.0,1752800.0,2140700.0,0,0,0,0,0,0,0,0,0,0,0,0,0,0,0,0,0,0,2026-02-04 04:50:09.634644
WNTR,0.0,0.0,0.0,2302600.0,1669600.0,0,0,0,0,0,0,0,0,0,0,0,0,0,0,0,0,0,0,2026-02-04 04:50:09.634644
SPNG,24.99,24.99,25.0,1984300.0,7500.0,2247500.0,,,0,0,0,0,0,0,0,0,0,0,0,0,0,0,1,2026-02-04 04:50:10.710341,2.0,1.0,1.0,,Aggregate Position Limit,Your CRO has set the aggregate position limit to 11000 shares for this week.
SMMR,25.01,25.0,25.01,2121800.0,,2021600.0,,,0,0,0,0,0,0,0,0,0,0,0,0,0,0,1,2026-02-04 04:50:10.710341,1.0,1.0,1.0,,Welcome to the RITC 2026 Alogithmic Market Making Case - practice server,
ATMN,0.0,24.92,25.01,1875000.0,7500.0,2017900.0,7500.0,,0,0,0,0,0,0,0,0,0,0,0,0,0,0,1,2026-02-04 04:50:10.710341,,,,,,
WNTR,25.07,24.89,24.98,2302600.0,,1798500.0,,7500.0,0,0,0,0,0,0,0,0,0,0,0,0,0,0,1,2026-02-04 04:50:10.710341,,,,,,
SPNG,24.99,24.86,24.91,7500.0,2092900.0,2163200.0,7500.0,,0,0,0,0,0,0,0,0,0,0,0,0,0,0,2,2026-02-04 04:50:11.754228
SMMR,24.85,24.85,25.02,,2088800.0,1994600.0,,,0,0,0,0,0,0,0,0,0,0,0,0,0,0,2,2026-02-04 04:50:11.754228
ATMN,25.01,24.92,25.0,7500.0,2027700.0,2017900.0,,7500.0,0,0,0,0,0,0,0,0,0,0,0,0,0,0,2,2026-02-04 04:50:11.754228
WNTR,25.07,24.89,24.98,7500.0,2177600.0,1899300.0,7500.0,,0,0,0,0,0,0,0,0,0,0,0,0,0,0,2,2026-02-04 04:50:11.754228
SPNG,24.99,24.89,24.91,7500.0,2116600.0,2163200.0,2500.0,,,0,0,0,0,0,0,0,0,0,0,0,0,0,3,2026-02-04 04:50:12.298330
SMMR,24.85,24.99,25.01,,2069800.0,1873800.0,5000.0,,,0,0,0,0,0,0,0,0,0,0,0,0,0,3,2026-02-04 04:50:12.298330
ATMN,25.12,24.93,24.99,,2023300.0,2034500.0,,7500.0,7500.0,0,0,0,0,0,0,0,0,0,0,0,0,0,3,2026-02-04 04:50:12.298330
WNTR,24.88,24.88,25.09,,2306900.0,1775800.0,,,,0,0,0,0,0,0,0,0,0,0,0,0,0,3,2026-02-04 04:50:12.298330
SPNG,24.99,24.86,24.91,7500.0,2150600.0,2274000.0,,,0,0,0,0,0,0,0,0,0,0,0,0,0,0,4,2026-02-04 04:50:13.332010
SMMR,25.02,25.05,25.06,,2051000.0,2014500.0,,,0,0,0,0,0,0,0,0,0,0,0,0,0,0,4,2026-02-04 04:50:13.332010
ATMN,24.91,24.91,25.12,,2122900.0,2149500.0,,,0,0,0,0,0,0,0,0,0,0,0,0,0,0,4,2026-02-04 04:50:13.332010
WNTR,24.88,24.95,25.04,,2205200.0,1885600.0,7500.0,7500.0,0,0,0,0,0,0,0,0,0,0,0,0,0,0,4,2026-02-04 04:50:13.332010
SPNG,25.0,25.0,25.02,2237100.0,2234100.0,,0,0,0,0,0,0,0,0,0,0,0,0,0,0,0,0,5,2026-02-04 04:50:14.361224
SMMR,25.06,24.99,25.06,2061400.0,2014500.0,,0,0,0,0,0,0,0,0,0,0,0,0,0,0,0,0,5,2026-02-04 04:50:14.361224
ATMN,24.91,25.0,25.12,2012200.0,2149700.0,7500.0,0,0,0,0,0,0,0,0,0,0,0,0,0,0,0,0,5,2026-02-04 04:50:14.361224
WNTR,25.04,24.96,25.04,2194700.0,1885600.0,7500.0,0,0,0,0,0,0,0,0,0,0,0,0,0,0,0,0,5,2026-02-04 04:50:14.361224
SPNG,24.92,24.92,25.02,2194900.0,5625.0,2234100.0,,,0,0,0,0,0,0,0,0,0,0,0,0,0,0,6,2026-02-04 04:50:15.391177
SMMR,24.99,24.99,25.06,1933500.0,7500.0,2004300.0,,,0,0,0,0,0,0,0,0,0,0,0,0,0,0,6,2026-02-04 04:50:15.391177
ATMN,24.91,24.92,25.1,1882300.0,5625.0,2033800.0,7500.0,5625.0,0,0,0,0,0,0,0,0,0,0,0,0,0,0,6,2026-02-04 04:50:15.391177
WNTR,24.93,24.96,25.04,2246100.0,,1983300.0,7500.0,,0,0,0,0,0,0,0,0,0,0,0,0,0,0,6,2026-02-04 04:50:15.391177
SPNG,24.9,24.92,25.0,5625.0,2181800.0,7500.0,2152100.0,,,0,0,0,0,0,0,0,0,0,0,0,0,0,7,2026-02-04 04:50:16.421095
SMMR,25.01,24.97,25.01,,2055800.0,7500.0,1916800.0,,,0,0,0,0,0,0,0,0,0,0,0,0,0,7,2026-02-04 04:50:16.421095
ATMN,24.86,24.84,24.86,,2104800.0,,2173700.0,,,0,0,0,0,0,0,0,0,0,0,0,0,0,7,2026-02-04 04:50:16.421095
WNTR,25.09,24.97,25.01,4218.0,2126500.0,,1952300.0,7500.0,4218.0,0,0,0,0,0,0,0,0,0,0,0,0,0,7,2026-02-04 04:50:16.421095
SPNG,25.02,24.93,25.01,7500.0,5625.0,2081900.0,7500.0,2152100.0,,0,0,0,0,0,0,0,0,0,0,0,0,0,8,2026-02-04 04:50:17.456534
SMMR,25.01,25.08,25.14,,,2026800.0,,2043100.0,,0,0,0,0,0,0,0,0,0,0,0,0,0,8,2026-02-04 04:50:17.456534
ATMN,24.84,24.84,24.86,,,2104800.0,,1946700.0,8436.0,0,0,0,0,0,0,0,0,0,0,0,0,0,8,2026-02-04 04:50:17.456534
WNTR,24.93,24.93,24.96,,,2356300.0,,2050100.0,,0,0,0,0,0,0,0,0,0,0,0,0,0,8,2026-02-04 04:50:17.456534
SPNG,24.91,24.91,25.06,2311800.0,2249600.0,,0,0,0,0,0,0,0,0,0,0,0,0,0,0,0,0,9,2026-02-04 04:50:18.485917
SMMR,24.9,24.9,24.93,2055600.0,1900300.0,7148.0,0,0,0,0,0,0,0,0,0,0,0,0,0,0,0,0,9,2026-02-04 04:50:18.485917
ATMN,25.37,24.96,25.37,2129500.0,2186500.0,,0,0,0,0,0,0,0,0,0,0,0,0,0,0,0,0,9,2026-02-04 04:50:18.485917
WNTR,24.93,24.93,24.96,2364900.0,2172500.0,,0,0,0,0,0,0,0,0,0,0,0,0,0,0,0,0,9,2026-02-04 04:50:18.485917
SPNG,25.07,25.03,25.07,5625.0,7500.0,2079400.0,2249900.0,,0,0,0,0,0,0,0,0,0,0,0,0,0,0,10,2026-02-04 04:50:19.517617
SMMR,25.14,24.8,25.14,,,2083700.0,2043100.0,,0,0,0,0,0,0,0,0,0,0,0,0,0,0,10,2026-02-04 04:50:19.517617
ATMN,24.83,24.83,25.0,,,2113300.0,2051200.0,6093.0,0,0,0,0,0,0,0,0,0,0,0,0,0,0,10,2026-02-04 04:50:19.517617
WNTR,25.01,24.93,25.01,,,2364900.0,2311100.0,,0,0,0,0,0,0,0,0,0,0,0,0,0,0,10,2026-02-04 04:50:19.517617
SPNG,24.9,25.02,25.04,2191200.0,7500.0,2228000.0,,,,0,0,0,0,0,0,0,0,0,0,0,0,0,11,2026-02-04 04:50:20.610205
SMMR,24.76,24.81,24.92,1988500.0,,1922300.0,7500.0,7500.0,,0,0,0,0,0,0,0,0,0,0,0,0,0,11,2026-02-04 04:50:20.610205
ATMN,25.0,24.91,24.99,2008600.0,7500.0,2051200.0,,,7500.0,0,0,0,0,0,0,0,0,0,0,0,0,0,11,2026-02-04 04:50:20.610205
WNTR,24.88,24.88,25.0,2351400.0,,2201000.0,,7500.0,,0,0,0,0,0,0,0,0,0,0,0,0,0,11,2026-02-04 04:50:20.610205
SPNG,24.9,24.9,25.08,2314200.0,2259700.0,,,0,0,0,0,0,0,0,0,0,0,0,0,0,0,0,12,2026-02-04 04:50:21.644098
SMMR,24.75,24.75,24.9,2094200.0,1819600.0,7500.0,5976.0,0,0,0,0,0,0,0,0,0,0,0,0,0,0,0,12,2026-02-04 04:50:21.644098
ATMN,25.0,25.35,25.37,2165600.0,2186500.0,,,0,0,0,0,0,0,0,0,0,0,0,0,0,0,0,12,2026-02-04 04:50:21.644098
WNTR,24.88,24.88,25.0,2351400.0,2176100.0,7500.0,,0,0,0,0,0,0,0,0,0,0,0,0,0,0,0,12,2026-02-04 04:50:21.644098
SPNG,25.12,25.04,25.12,2306200.0,2243300.0,,,0,0,0,0,0,0,0,0,0,0,0,0,0,0,0,13,2026-02-04 04:50:22.680722
SMMR,24.89,24.9,25.14,2118700.0,2043100.0,,,0,0,0,0,0,0,0,0,0,0,0,0,0,0,0,13,2026-02-04 04:50:22.680722
ATMN,25.0,25.35,25.37,2064000.0,2126900.0,7500.0,,0,0,0,0,0,0,0,0,0,0,0,0,0,0,0,13,2026-02-04 04:50:22.680722
WNTR,25.05,24.88,25.05,2351400.0,2168500.0,,10000.0,0,0,0,0,0,0,0,0,0,0,0,0,0,0,0,13,2026-02-04 04:50:22.680722
SPNG,25.27,24.91,25.07,7500.0,2213900.0,2637.0,2112000.0,0,0,0,0,0,0,0,0,0,0,0,0,0,0,0,14,2026-02-04 04:50:23.721486
SMMR,25.02,25.03,25.14,,2097900.0,,2043100.0,0,0,0,0,0,0,0,0,0,0,0,0,0,0,0,14,2026-02-04 04:50:23.721486
ATMN,24.83,24.83,25.37,,2153500.0,,2146100.0,0,0,0,0,0,0,0,0,0,0,0,0,0,0,0,14,2026-02-04 04:50:23.721486
WNTR,25.05,24.89,24.94,7500.0,2269000.0,,2290900.0,0,0,0,0,0,0,0,0,0,0,0,0,0,0,0,14,2026-02-04 04:50:23.721486
SPNG,25.27,24.96,25.06,2313000.0,2637.0,2112000.0,,0,0,0,0,0,0,0,0,0,0,0,0,0,0,0,15,2026-02-04 04:50:24.759384
SMMR,24.9,24.9,25.02,2110200.0,,2027800.0,,0,0,0,0,0,0,0,0,0,0,0,0,0,0,0,15,2026-02-04 04:50:24.759384
ATMN,24.87,24.83,24.87,2153500.0,6459.0,2033300.0,,0,0,0,0,0,0,0,0,0,0,0,0,0,0,0,15,2026-02-04 04:50:24.759384
WNTR,25.05,24.89,25.05,2269000.0,,2325500.0,7500.0,0,0,0,0,0,0,0,0,0,0,0,0,0,0,0,15,2026-02-04 04:50:24.759384
SPNG,25.38,24.97,25.06,7500.0,2213300.0,2227700.0,,,0,0,0,0,0,0,0,0,0,0,0,0,0,0,16,2026-02-04 04:50:25.799014
SMMR,25.12,25.03,25.07,7500.0,1909100.0,2013900.0,5976.0,,0,0,0,0,0,0,0,0,0,0,0,0,0,0,16,2026-02-04 04:50:25.799014
ATMN,24.87,24.95,25.26,,2144400.0,2031000.0,,6459.0,0,0,0,0,0,0,0,0,0,0,0,0,0,0,16,2026-02-04 04:50:25.799014
WNTR,25.07,24.88,25.07,,2365400.0,2309100.0,,,0,0,0,0,0,0,0,0,0,0,0,0,0,0,16,2026-02-04 04:50:25.799014
SPNG,25.39,24.97,25.1,7500.0,2213300.0,2105100.0,5504.0,0,0,0,0,0,0,0,0,0,0,0,0,0,0,0,17,2026-02-04 04:50:26.834210
SMMR,24.97,24.9,24.97,,2109700.0,2005700.0,,0,0,0,0,0,0,0,0,0,0,0,0,0,0,0,17,2026-02-04 04:50:26.834210
ATMN,24.95,25.19,25.26,5000.0,2045300.0,2151500.0,,0,0,0,0,0,0,0,0,0,0,0,0,0,0,0,17,2026-02-04 04:50:26.834210
WNTR,25.09,24.92,25.09,,2387400.0,2312200.0,,0,0,0,0,0,0,0,0,0,0,0,0,0,0,0,17,2026-02-04 04:50:26.834210
SPNG,25.39,24.96,25.01,2327200.0,2225100.0,,,,,0,0,0,0,0,0,0,0,0,0,0,0,0,18,2026-02-04 04:50:27.376515
SMMR,24.97,24.91,24.96,2046400.0,1907700.0,7500.0,2500.0,,,0,0,0,0,0,0,0,0,0,0,0,0,0,18,2026-02-04 04:50:27.376515
ATMN,24.95,25.19,25.25,2045300.0,2053500.0,,,6006.0,6006.0,0,0,0,0,0,0,0,0,0,0,0,0,0,18,2026-02-04 04:50:27.376515
WNTR,25.09,24.93,25.09,2155000.0,2343900.0,7500.0,,6006.0,,0,0,0,0,0,0,0,0,0,0,0,0,0,18,2026-02-04 04:50:27.376515
SPNG,25.1,24.96,25.1,2327200.0,2238000.0,,0,0,0,0,0,0,0,0,0,0,0,0,0,0,0,0,19,2026-02-04 04:50:28.404623
SMMR,24.98,24.92,24.98,2049700.0,2017700.0,6124.0,0,0,0,0,0,0,0,0,0,0,0,0,0,0,0,0,19,2026-02-04 04:50:28.404623
ATMN,24.96,24.96,25.23,2132000.0,2179300.0,,0,0,0,0,0,0,0,0,0,0,0,0,0,0,0,0,19,2026-02-04 04:50:28.404623
WNTR,24.98,24.98,25.09,2392600.0,2330300.0,,0,0,0,0,0,0,0,0,0,0,0,0,0,0,0,0,19,2026-02-04 04:50:28.404623
SPNG,25.09,25.09,25.1,2341600.0,2227900.0,,,,,0,0,0,0,0,0,0,0,0,0,0,0,0,20,2026-02-04 04:50:29.438201
SMMR,24.98,25.05,25.07,2074200.0,2003300.0,6124.0,,,,0,0,0,0,0,0,0,0,0,0,0,0,0,20,2026-02-04 04:50:29.438201
ATMN,24.97,24.82,24.94,2151100.0,1961700.0,,5969.0,7500.0,,0,0,0,0,0,0,0,0,0,0,0,0,0,20,2026-02-04 04:50:29.438201
WNTR,25.06,25.06,25.08,2159600.0,2227500.0,5969.0,,5000.0,7500.0,0,0,0,0,0,0,0,0,0,0,0,0,0,20,2026-02-04 04:50:29.438201
SPNG,24.85,24.85,25.1,2326900.0,2227900.0,,,,0,0,0,0,0,0,0,0,0,0,0,0,0,0,21,2026-02-04 04:50:30.469826
SMMR,24.98,25.05,25.07,1946400.0,1993600.0,2500.0,6124.0,,0,0,0,0,0,0,0,0,0,0,0,0,0,0,21,2026-02-04 04:50:30.469826
ATMN,25.23,25.19,25.23,2154900.0,2179300.0,,,,0,0,0,0,0,0,0,0,0,0,0,0,0,0,21,2026-02-04 04:50:30.469826
WNTR,24.91,24.91,25.08,2382500.0,2220300.0,,,5969.0,0,0,0,0,0,0,0,0,0,0,0,0,0,0,21,2026-02-04 04:50:30.469826
SPNG,24.85,24.85,25.1,2344900.0,2227900.0,,,,0,0,0,0,0,0,0,0,0,0,0,0,0,0,22,2026-02-04 04:50:31.506232
SMMR,25.1,25.05,25.1,1937300.0,2018500.0,6124.0,952.0,,0,0,0,0,0,0,0,0,0,0,0,0,0,0,22,2026-02-04 04:50:31.506232
ATMN,25.19,25.19,25.23,2030500.0,2206800.0,4476.0,,,0,0,0,0,0,0,0,0,0,0,0,0,0,0,22,2026-02-04 04:50:31.506232
WNTR,24.96,24.9,24.95,2266700.0,2228700.0,,7500.0,7500.0,0,0,0,0,0,0,0,0,0,0,0,0,0,0,22,2026-02-04 04:50:31.506232
SPNG,25.17,24.85,25.17,2349800.0,2248600.0,,,,0,0,0,0,0,0,0,0,0,0,0,0,0,0,23,2026-02-04 04:50:32.540173
SMMR,24.88,25.06,25.09,1968500.0,1920500.0,5634.0,952.0,5634.0,0,0,0,0,0,0,0,0,0,0,0,0,0,0,23,2026-02-04 04:50:32.540173
ATMN,25.19,25.19,25.23,1908300.0,2188600.0,8952.0,,,0,0,0,0,0,0,0,0,0,0,0,0,0,0,23,2026-02-04 04:50:32.540173
WNTR,24.89,24.89,25.08,2382900.0,2236300.0,,,5969.0,0,0,0,0,0,0,0,0,0,0,0,0,0,0,23,2026-02-04 04:50:32.540173
SPNG,25.41,24.86,25.23,5969.0,7126.0,2098500.0,2234700.0,,0,0,0,0,0,0,0,0,0,0,0,0,0,0,24,2026-02-04 04:50:33.580617
SMMR,24.92,24.92,25.1,,,2156900.0,2018500.0,,0,0,0,0,0,0,0,0,0,0,0,0,0,0,24,2026-02-04 04:50:33.580617
ATMN,25.14,24.83,25.14,6400.0,,2044000.0,2189300.0,,0,0,0,0,0,0,0,0,0,0,0,0,0,0,24,2026-02-04 04:50:33.580617
WNTR,25.1,24.9,24.92,7500.0,,2306500.0,2255600.0,7500.0,0,0,0,0,0,0,0,0,0,0,0,0,0,0,24,2026-02-04 04:50:33.580617
SPNG,24.84,24.84,25.23,2360400.0,2213200.0,,,0,0,0,0,0,0,0,0,0,0,0,0,0,0,0,25,2026-02-04 04:50:34.609827
SMMR,24.88,24.83,24.84,2104700.0,1920000.0,7500.0,,0,0,0,0,0,0,0,0,0,0,0,0,0,0,0,25,2026-02-04 04:50:34.609827
ATMN,25.11,24.82,24.99,2168400.0,2096700.0,,4476.0,0,0,0,0,0,0,0,0,0,0,0,0,0,0,0,25,2026-02-04 04:50:34.609827
WNTR,24.92,25.04,25.1,2406300.0,2375700.0,,,0,0,0,0,0,0,0,0,0,0,0,0,0,0,0,25,2026-02-04 04:50:34.609827
SPNG,24.82,24.82,25.3,2362000.0,2218500.0,0,0,0,0,0,0,0,0,0,0,0,0,0,0,0,0,0,26,2026-02-04 04:50:35.649919
SMMR,24.84,25.01,25.1,2123200.0,2018500.0,0,0,0,0,0,0,0,0,0,0,0,0,0,0,0,0,0,26,2026-02-04 04:50:35.649919
ATMN,24.78,24.78,25.23,2160900.0,2188600.0,0,0,0,0,0,0,0,0,0,0,0,0,0,0,0,0,0,26,2026-02-04 04:50:35.649919
WNTR,25.02,24.9,25.02,2421700.0,2416300.0,0,0,0,0,0,0,0,0,0,0,0,0,0,0,0,0,0,26,2026-02-04 04:50:35.649919
SPNG,24.82,24.83,25.29,7500.0,2248200.0,7500.0,2115600.0,0,0,0,0,0,0,0,0,0,0,0,0,0,0,0,27,2026-02-04 04:50:36.768401
SMMR,25.01,25.01,25.04,,2123200.0,7500.0,1901200.0,0,0,0,0,0,0,0,0,0,0,0,0,0,0,0,27,2026-02-04 04:50:36.768401
ATMN,25.21,24.85,24.9,,2140300.0,,2176300.0,0,0,0,0,0,0,0,0,0,0,0,0,0,0,0,27,2026-02-04 04:50:36.768401
WNTR,24.91,24.9,24.91,,2369300.0,,2401100.0,0,0,0,0,0,0,0,0,0,0,0,0,0,0,0,27,2026-02-04 04:50:36.768401
SPNG,25.36,25.02,25.2,2226200.0,6257.0,7500.0,6257.0,2001400.0,,0,0,0,0,0,0,0,0,0,0,0,0,0,28,2026-02-04 04:50:37.808012
SMMR,24.95,24.85,24.95,2010100.0,,,6257.0,1854300.0,7500.0,0,0,0,0,0,0,0,0,0,0,0,0,0,28,2026-02-04 04:50:37.808012
ATMN,24.9,25.01,25.23,1975600.0,6257.0,,,2188600.0,7500.0,0,0,0,0,0,0,0,0,0,0,0,0,0,28,2026-02-04 04:50:37.808012
WNTR,25.11,24.9,25.11,2355500.0,,,,2402400.0,,0,0,0,0,0,0,0,0,0,0,0,0,0,28,2026-02-04 04:50:37.808012
SPNG,24.82,24.82,25.35,2358700.0,7500.0,2090800.0,,,,0,0,0,0,0,0,0,0,0,0,0,0,0,29,2026-02-04 04:50:38.844523
SMMR,24.87,24.84,24.87,2112300.0,,1841700.0,6257.0,,,0,0,0,0,0,0,0,0,0,0,0,0,0,29,2026-02-04 04:50:38.844523
ATMN,25.26,25.11,25.26,1984000.0,,2183100.0,,7500.0,6257.0,0,0,0,0,0,0,0,0,0,0,0,0,0,29,2026-02-04 04:50:38.844523
WNTR,24.9,24.9,25.12,2355500.0,,2304900.0,,,,0,0,0,0,0,0,0,0,0,0,0,0,0,29,2026-02-04 04:50:38.844523
SPNG,25.08,24.82,25.08,2358700.0,1966200.0,7500.0,6257.0,,,0,0,0,0,0,0,0,0,0,0,0,0,0,30,2026-02-04 04:50:39.905402
SMMR,24.87,24.91,24.95,2106800.0,1970100.0,,,,,0,0,0,0,0,0,0,0,0,0,0,0,0,30,2026-02-04 04:50:39.905402
ATMN,25.06,25.16,25.26,1989300.0,2183100.0,,,6257.0,7500.0,0,0,0,0,0,0,0,0,0,0,0,0,0,30,2026-02-04 04:50:39.905402
WNTR,24.9,24.94,25.12,2249500.0,2293600.0,,7500.0,,7500.0,0,0,0,0,0,0,0,0,0,0,0,0,0,30,2026-02-04 04:50:39.905402
SPNG,25.08,24.82,25.05,2367000.0,15000.0,1966200.0,,0,0,0,0,0,0,0,0,0,0,0,0,0,0,0,31,2026-02-04 04:50:40.446143
SMMR,24.91,24.91,24.97,2106800.0,,1979300.0,,0,0,0,0,0,0,0,0,0,0,0,0,0,0,0,31,2026-02-04 04:50:40.446143
ATMN,25.05,25.05,25.27,2172700.0,2500.0,2074100.0,,0,0,0,0,0,0,0,0,0,0,0,0,0,0,0,31,2026-02-04 04:50:40.446143
WNTR,24.9,24.94,24.98,2350900.0,2500.0,2144700.0,7500.0,0,0,0,0,0,0,0,0,0,0,0,0,0,0,0,31,2026-02-04 04:50:40.446143
SPNG,24.82,24.82,25.03,2330600.0,7500.0,2090300.0,,0,0,0,0,0,0,0,0,0,0,0,0,0,0,0,32,2026-02-04 04:50:41.477667
SMMR,24.91,24.91,24.98,2106800.0,,1977400.0,,0,0,0,0,0,0,0,0,0,0,0,0,0,0,0,32,2026-02-04 04:50:41.477667
ATMN,25.14,25.05,25.14,2172700.0,7500.0,2063400.0,,0,0,0,0,0,0,0,0,0,0,0,0,0,0,0,32,2026-02-04 04:50:41.477667
WNTR,24.9,24.95,24.98,2292000.0,,2380700.0,7500.0,0,0,0,0,0,0,0,0,0,0,0,0,0,0,0,32,2026-02-04 04:50:41.477667
SPNG,24.82,24.82,24.85,2312600.0,1977400.0,7500.0,6257.0,,0,0,0,0,0,0,0,0,0,0,0,0,0,0,33,2026-02-04 04:50:42.508533
SMMR,24.91,24.97,24.98,1994800.0,1977400.0,,,6257.0,0,0,0,0,0,0,0,0,0,0,0,0,0,0,33,2026-02-04 04:50:42.508533
ATMN,25.37,25.05,25.37,2172700.0,2158100.0,,,,0,0,0,0,0,0,0,0,0,0,0,0,0,0,33,2026-02-04 04:50:42.508533
WNTR,24.98,24.94,24.98,2398600.0,2250000.0,,7500.0,,0,0,0,0,0,0,0,0,0,0,0,0,0,0,33,2026-02-04 04:50:42.508533
SPNG,24.82,24.82,24.84,2303200.0,7500.0,1977400.0,6257.0,,,0,0,0,0,0,0,0,0,0,0,0,0,0,34,2026-02-04 04:50:43.542625
SMMR,25.04,25.0,25.04,1987600.0,,1964600.0,,6257.0,,0,0,0,0,0,0,0,0,0,0,0,0,0,34,2026-02-04 04:50:43.542625
ATMN,25.28,25.05,25.1,2202100.0,15000.0,1913200.0,,,,0,0,0,0,0,0,0,0,0,0,0,0,0,34,2026-02-04 04:50:43.542625
WNTR,24.98,24.95,24.98,2292000.0,,2245700.0,7500.0,,7500.0,0,0,0,0,0,0,0,0,0,0,0,0,0,34,2026-02-04 04:50:43.542625
SPNG,24.85,25.02,25.08,2267900.0,2211900.0,,0,0,0,0,0,0,0,0,0,0,0,0,0,0,0,0,35,2026-02-04 04:50:44.570437
SMMR,24.91,24.84,24.89,2098600.0,1992700.0,,0,0,0,0,0,0,0,0,0,0,0,0,0,0,0,0,35,2026-02-04 04:50:44.570437
ATMN,25.01,25.01,25.11,2200800.0,2044000.0,6257.0,0,0,0,0,0,0,0,0,0,0,0,0,0,0,0,0,35,2026-02-04 04:50:44.570437
WNTR,24.94,24.94,24.98,2369700.0,2225100.0,7500.0,0,0,0,0,0,0,0,0,0,0,0,0,0,0,0,0,35,2026-02-04 04:50:44.570437
SPNG,24.77,24.77,25.01,2304700.0,2088500.0,7500.0,,0,0,0,0,0,0,0,0,0,0,0,0,0,0,0,36,2026-02-04 04:50:45.603920
SMMR,25.04,24.88,25.04,2007400.0,1964600.0,,7500.0,0,0,0,0,0,0,0,0,0,0,0,0,0,0,0,36,2026-02-04 04:50:45.603920
ATMN,25.01,25.22,25.29,2104600.0,2153800.0,,7500.0,0,0,0,0,0,0,0,0,0,0,0,0,0,0,0,36,2026-02-04 04:50:45.603920
WNTR,25.03,25.07,25.12,2294500.0,2379100.0,,7500.0,0,0,0,0,0,0,0,0,0,0,0,0,0,0,0,36,2026-02-04 04:50:45.603920
SPNG,25.01,24.78,25.01,4529.0,2188100.0,2069300.0,4529.0,0,0,0,0,0,0,0,0,0,0,0,0,0,0,0,37,2026-02-04 04:50:46.657298
SMMR,24.87,24.94,25.04,,2120900.0,1981200.0,,0,0,0,0,0,0,0,0,0,0,0,0,0,0,0,37,2026-02-04 04:50:46.657298
ATMN,25.21,25.01,25.17,,2200800.0,2126100.0,,0,0,0,0,0,0,0,0,0,0,0,0,0,0,0,37,2026-02-04 04:50:46.657298
WNTR,25.06,25.08,25.11,,2400100.0,2335000.0,,0,0,0,0,0,0,0,0,0,0,0,0,0,0,0,37,2026-02-04 04:50:46.657298
SPNG,25.0,24.79,24.93,6093.0,2177800.0,7500.0,6093.0,1947000.0,,0,0,0,0,0,0,0,0,0,0,0,0,0,38,2026-02-04 04:50:47.686019
SMMR,25.04,25.04,25.1,6093.0,1921900.0,,,1979600.0,6800.0,0,0,0,0,0,0,0,0,0,0,0,0,0,38,2026-02-04 04:50:47.686019
ATMN,25.22,25.22,25.27,,2124900.0,,,2127300.0,7500.0,0,0,0,0,0,0,0,0,0,0,0,0,0,38,2026-02-04 04:50:47.686019
WNTR,25.11,24.94,25.11,,2369700.0,,,2324700.0,,0,0,0,0,0,0,0,0,0,0,0,0,0,38,2026-02-04 04:50:47.686019
SPNG,24.75,24.82,25.02,2292800.0,2185000.0,,,0,0,0,0,0,0,0,0,0,0,0,0,0,0,0,39,2026-02-04 04:50:48.717629
SMMR,25.04,25.04,25.06,2045100.0,2016800.0,6093.0,,0,0,0,0,0,0,0,0,0,0,0,0,0,0,0,39,2026-02-04 04:50:48.717629
ATMN,25.22,25.23,25.27,2124900.0,2105000.0,5001.0,,0,0,0,0,0,0,0,0,0,0,0,0,0,0,0,39,2026-02-04 04:50:48.717629
WNTR,24.93,24.93,24.96,2358500.0,2206800.0,,7500.0,0,0,0,0,0,0,0,0,0,0,0,0,0,0,0,39,2026-02-04 04:50:48.717629
SPNG,24.75,24.75,25.02,2316200.0,2185000.0,,,0,0,0,0,0,0,0,0,0,0,0,0,0,0,0,40,2026-02-04 04:50:49.778353
SMMR,24.86,24.95,25.06,2024700.0,2030500.0,7224.0,,0,0,0,0,0,0,0,0,0,0,0,0,0,0,0,40,2026-02-04 04:50:49.778353
ATMN,25.01,25.21,25.26,2236700.0,1996500.0,,5001.0,0,0,0,0,0,0,0,0,0,0,0,0,0,0,0,40,2026-02-04 04:50:49.778353
WNTR,24.93,24.93,24.96,2360900.0,2319600.0,,,0,0,0,0,0,0,0,0,0,0,0,0,0,0,0,40,2026-02-04 04:50:49.778353
SPNG,25.0,25.29,25.36,2278400.0,2188100.0,,,,0,0,0,0,0,0,0,0,0,0,0,0,0,0,41,2026-02-04 04:50:50.839335
SMMR,24.86,24.96,25.06,2023700.0,2030500.0,6249.0,,,0,0,0,0,0,0,0,0,0,0,0,0,0,0,41,2026-02-04 04:50:50.839335
ATMN,24.91,24.91,25.26,2157500.0,1996500.0,,5001.0,,0,0,0,0,0,0,0,0,0,0,0,0,0,0,41,2026-02-04 04:50:50.839335
WNTR,24.88,24.9,24.95,2210900.0,2206800.0,6249.0,,7500.0,0,0,0,0,0,0,0,0,0,0,0,0,0,0,41,2026-02-04 04:50:50.839335
SPNG,25.29,25.29,25.36,2145200.0,6249.0,2154300.0,,0,0,0,0,0,0,0,0,0,0,0,0,0,0,0,42,2026-02-04 04:50:51.876152
SMMR,24.86,24.96,25.03,2017900.0,6249.0,1897300.0,6249.0,0,0,0,0,0,0,0,0,0,0,0,0,0,0,0,42,2026-02-04 04:50:51.876152
ATMN,24.91,24.91,25.21,2138300.0,,2006500.0,5001.0,0,0,0,0,0,0,0,0,0,0,0,0,0,0,0,42,2026-02-04 04:50:51.876152
WNTR,24.96,25.02,25.11,2206700.0,6249.0,2301200.0,,0,0,0,0,0,0,0,0,0,0,0,0,0,0,0,42,2026-02-04 04:50:51.876152
SPNG,25.29,24.69,24.99,2334700.0,2162300.0,,0,0,0,0,0,0,0,0,0,0,0,0,0,0,0,0,43,2026-02-04 04:50:52.912380
SMMR,24.95,24.86,24.95,2105700.0,1924000.0,5625.0,0,0,0,0,0,0,0,0,0,0,0,0,0,0,0,0,43,2026-02-04 04:50:52.912380
ATMN,24.85,24.85,24.98,2130000.0,2022900.0,5001.0,0,0,0,0,0,0,0,0,0,0,0,0,0,0,0,0,43,2026-02-04 04:50:52.912380
WNTR,24.88,24.88,24.95,2318600.0,2310600.0,,0,0,0,0,0,0,0,0,0,0,0,0,0,0,0,0,43,2026-02-04 04:50:52.912380
SPNG,25.42,24.81,25.42,2222500.0,4843.0,2161400.0,,0,0,0,0,0,0,0,0,0,0,0,0,0,0,0,44,2026-02-04 04:50:53.951972
SMMR,24.95,24.9,24.95,2105900.0,,1924000.0,5625.0,0,0,0,0,0,0,0,0,0,0,0,0,0,0,0,44,2026-02-04 04:50:53.951972
ATMN,25.08,24.84,25.08,2162600.0,,2125500.0,,0,0,0,0,0,0,0,0,0,0,0,0,0,0,0,44,2026-02-04 04:50:53.951972
WNTR,24.83,24.83,24.94,2343100.0,,2202600.0,4843.0,0,0,0,0,0,0,0,0,0,0,0,0,0,0,0,44,2026-02-04 04:50:53.951972
SPNG,24.68,24.68,25.42,2331200.0,2189600.0,,0,0,0,0,0,0,0,0,0,0,0,0,0,0,0,0,45,2026-02-04 04:50:54.981836
SMMR,24.86,24.86,24.95,2104000.0,1924000.0,5625.0,0,0,0,0,0,0,0,0,0,0,0,0,0,0,0,0,45,2026-02-04 04:50:54.981836
ATMN,25.05,24.95,25.05,2160400.0,2125200.0,,0,0,0,0,0,0,0,0,0,0,0,0,0,0,0,0,45,2026-02-04 04:50:54.981836
WNTR,24.83,24.83,24.94,2351600.0,2196400.0,4843.0,0,0,0,0,0,0,0,0,0,0,0,0,0,0,0,0,45,2026-02-04 04:50:54.981836
SPNG,25.37,24.69,25.37,7500.0,2220700.0,2184300.0,,,,0,0,0,0,0,0,0,0,0,0,0,0,0,46,2026-02-04 04:50:55.510517
SMMR,24.85,24.85,24.94,,2086200.0,1924000.0,7500.0,,,0,0,0,0,0,0,0,0,0,0,0,0,0,46,2026-02-04 04:50:55.510517
ATMN,25.05,24.95,25.04,,2059100.0,2010200.0,,3672.0,3672.0,0,0,0,0,0,0,0,0,0,0,0,0,0,46,2026-02-04 04:50:55.510517
WNTR,24.95,24.84,24.95,7500.0,2234400.0,2320100.0,,,,0,0,0,0,0,0,0,0,0,0,0,0,0,46,2026-02-04 04:50:55.510517
SPNG,25.37,24.9,24.95,2346900.0,2076600.0,4883.0,,0,0,0,0,0,0,0,0,0,0,0,0,0,0,0,47,2026-02-04 04:50:56.547273
SMMR,24.98,24.85,24.94,2086200.0,1894700.0,5625.0,,0,0,0,0,0,0,0,0,0,0,0,0,0,0,0,47,2026-02-04 04:50:56.547273
ATMN,24.95,24.84,24.93,2143700.0,1986500.0,,7500.0,0,0,0,0,0,0,0,0,0,0,0,0,0,0,0,47,2026-02-04 04:50:56.547273
WNTR,24.81,24.81,24.95,2321100.0,2190700.0,4843.0,,0,0,0,0,0,0,0,0,0,0,0,0,0,0,0,47,2026-02-04 04:50:56.547273
SPNG,24.9,24.68,24.84,2331200.0,2211800.0,,0,0,0,0,0,0,0,0,0,0,0,0,0,0,0,0,48,2026-02-04 04:50:57.576767
SMMR,25.03,25.04,25.06,2100400.0,2030500.0,,0,0,0,0,0,0,0,0,0,0,0,0,0,0,0,0,48,2026-02-04 04:50:57.576767
ATMN,24.93,24.87,24.92,2156700.0,2009100.0,7500.0,0,0,0,0,0,0,0,0,0,0,0,0,0,0,0,0,48,2026-02-04 04:50:57.576767
WNTR,25.0,24.81,24.97,2365100.0,2297800.0,,0,0,0,0,0,0,0,0,0,0,0,0,0,0,0,0,48,2026-02-04 04:50:57.576767
SPNG,24.68,24.68,24.95,2314200.0,2203300.0,,0,0,0,0,0,0,0,0,0,0,0,0,0,0,0,0,49,2026-02-04 04:50:58.606675
SMMR,24.89,24.89,25.06,2089600.0,2003300.0,,0,0,0,0,0,0,0,0,0,0,0,0,0,0,0,0,49,2026-02-04 04:50:58.606675
ATMN,24.99,24.87,24.95,2152600.0,2116100.0,,0,0,0,0,0,0,0,0,0,0,0,0,0,0,0,0,49,2026-02-04 04:50:58.606675
WNTR,24.81,24.81,24.86,2365100.0,2192500.0,6279.0,0,0,0,0,0,0,0,0,0,0,0,0,0,0,0,0,49,2026-02-04 04:50:58.606675
SPNG,24.9,24.9,24.94,2207400.0,7500.0,7500.0,7500.0,1984000.0,,0,0,0,0,0,0,0,0,0,0,0,0,0,50,2026-02-04 04:50:59.637221
SMMR,25.06,25.06,25.1,2089500.0,,,,2027800.0,,0,0,0,0,0,0,0,0,0,0,0,0,0,50,2026-02-04 04:50:59.637221
ATMN,24.99,24.89,24.94,2029000.0,7500.0,7500.0,7500.0,1899800.0,7500.0,0,0,0,0,0,0,0,0,0,0,0,0,0,50,2026-02-04 04:50:59.637221
WNTR,24.81,24.84,24.85,2392100.0,,,5000.0,2192500.0,,0,0,0,0,0,0,0,0,0,0,0,0,0,50,2026-02-04 04:50:59.637221
SPNG,24.85,24.85,25.37,2306500.0,2170200.0,,,0,0,0,0,0,0,0,0,0,0,0,0,0,0,0,51,2026-02-04 04:51:00.672667
SMMR,24.89,24.85,24.88,2086200.0,1843100.0,7500.0,7194.0,0,0,0,0,0,0,0,0,0,0,0,0,0,0,0,51,2026-02-04 04:51:00.672667
ATMN,24.86,24.86,24.99,2207300.0,2122900.0,,,0,0,0,0,0,0,0,0,0,0,0,0,0,0,0,51,2026-02-04 04:51:00.672667
WNTR,24.84,24.84,24.97,2387100.0,2297800.0,,,0,0,0,0,0,0,0,0,0,0,0,0,0,0,0,51,2026-02-04 04:51:00.672667
SPNG,25.28,24.67,25.16,2297900.0,2102600.0,7500.0,0,0,0,0,0,0,0,0,0,0,0,0,0,0,0,0,52,2026-02-04 04:51:01.707642
SMMR,24.83,24.83,25.09,2094100.0,1913800.0,7500.0,0,0,0,0,0,0,0,0,0,0,0,0,0,0,0,0,52,2026-02-04 04:51:01.707642
ATMN,24.86,24.95,24.99,2238600.0,2122900.0,,0,0,0,0,0,0,0,0,0,0,0,0,0,0,0,0,52,2026-02-04 04:51:01.707642
WNTR,24.91,24.84,24.86,2387100.0,2181400.0,7500.0,0,0,0,0,0,0,0,0,0,0,0,0,0,0,0,0,52,2026-02-04 04:51:01.707642
SPNG,24.66,24.82,25.15,7500.0,2196600.0,7500.0,2097900.0,0,0,0,0,0,0,0,0,0,0,0,0,0,0,0,53,2026-02-04 04:51:02.884130
SMMR,24.87,24.83,24.87,,2099200.0,7500.0,1895800.0,0,0,0,0,0,0,0,0,0,0,0,0,0,0,0,53,2026-02-04 04:51:02.884130
ATMN,24.8,24.81,24.98,5000.0,2100600.0,5000.0,2009400.0,0,0,0,0,0,0,0,0,0,0,0,0,0,0,0,53,2026-02-04 04:51:02.884130
WNTR,24.88,24.92,24.95,,2398500.0,,2254500.0,0,0,0,0,0,0,0,0,0,0,0,0,0,0,0,53,2026-02-04 04:51:02.884130
SPNG,24.81,24.82,25.16,7319.0,2177500.0,2187300.0,0,0,0,0,0,0,0,0,0,0,0,0,0,0,0,0,54,2026-02-04 04:51:04.007865
SMMR,25.14,25.04,25.14,7500.0,1975800.0,2017300.0,0,0,0,0,0,0,0,0,0,0,0,0,0,0,0,0,54,2026-02-04 04:51:04.007865
ATMN,24.78,24.78,24.99,,2188800.0,2108100.0,0,0,0,0,0,0,0,0,0,0,0,0,0,0,0,0,54,2026-02-04 04:51:04.007865
WNTR,24.88,24.92,24.95,,2384500.0,2263100.0,0,0,0,0,0,0,0,0,0,0,0,0,0,0,0,0,54,2026-02-04 04:51:04.007865
SPNG,24.66,24.66,25.14,2312000.0,7500.0,7500.0,1978100.0,,0,0,0,0,0,0,0,0,0,0,0,0,0,0,55,2026-02-04 04:51:04.564294
SMMR,25.15,25.04,25.15,1975800.0,,,1994200.0,7500.0,0,0,0,0,0,0,0,0,0,0,0,0,0,0,55,2026-02-04 04:51:04.564294
ATMN,24.78,24.88,24.98,2199000.0,5000.0,,1985300.0,,0,0,0,0,0,0,0,0,0,0,0,0,0,0,55,2026-02-04 04:51:04.564294
WNTR,24.88,24.92,24.95,2429900.0,,,2263100.0,,0,0,0,0,0,0,0,0,0,0,0,0,0,0,55,2026-02-04 04:51:04.564294
SPNG,25.02,25.08,25.12,2311700.0,7500.0,7319.0,1978100.0,,0,0,0,0,0,0,0,0,0,0,0,0,0,0,56,2026-02-04 04:51:05.593054
SMMR,25.15,25.08,25.15,1961000.0,,,2024200.0,7500.0,0,0,0,0,0,0,0,0,0,0,0,0,0,0,56,2026-02-04 04:51:05.593054
ATMN,24.75,24.75,24.96,2168100.0,5000.0,7000.0,1897900.0,,0,0,0,0,0,0,0,0,0,0,0,0,0,0,56,2026-02-04 04:51:05.593054
WNTR,24.9,24.84,24.89,2409600.0,,,2359400.0,,0,0,0,0,0,0,0,0,0,0,0,0,0,0,56,2026-02-04 04:51:05.593054
SPNG,25.02,25.22,25.28,2292300.0,2158700.0,,,,0,0,0,0,0,0,0,0,0,0,0,0,0,0,57,2026-02-04 04:51:06.630921
SMMR,25.08,25.04,25.08,2082300.0,1900300.0,7500.0,,,0,0,0,0,0,0,0,0,0,0,0,0,0,0,57,2026-02-04 04:51:06.630921
ATMN,25.02,24.75,24.88,2168100.0,1883300.0,5000.0,7000.0,,0,0,0,0,0,0,0,0,0,0,0,0,0,0,57,2026-02-04 04:51:06.630921
WNTR,24.95,24.84,24.88,2293400.0,2294500.0,,,5750.0,0,0,0,0,0,0,0,0,0,0,0,0,0,0,57,2026-02-04 04:51:06.630921
SPNG,25.13,25.14,25.28,2285700.0,2184800.0,,0,0,0,0,0,0,0,0,0,0,0,0,0,0,0,0,58,2026-02-04 04:51:07.666900
SMMR,25.04,25.04,25.08,2082300.0,1957500.0,,0,0,0,0,0,0,0,0,0,0,0,0,0,0,0,0,58,2026-02-04 04:51:07.666900
ATMN,24.88,24.81,24.88,2197400.0,1970700.0,7000.0,0,0,0,0,0,0,0,0,0,0,0,0,0,0,0,0,58,2026-02-04 04:51:07.666900
WNTR,24.81,24.81,24.94,2389200.0,2325900.0,,0,0,0,0,0,0,0,0,0,0,0,0,0,0,0,0,58,2026-02-04 04:51:07.666900
SPNG,25.16,24.66,25.16,2312000.0,2228400.0,,0,0,0,0,0,0,0,0,0,0,0,0,0,0,0,0,59,2026-02-04 04:51:08.697544
SMMR,25.11,25.04,25.11,2082300.0,1940200.0,,0,0,0,0,0,0,0,0,0,0,0,0,0,0,0,0,59,2026-02-04 04:51:08.697544
ATMN,24.92,24.92,24.96,2226900.0,1993100.0,7000.0,0,0,0,0,0,0,0,0,0,0,0,0,0,0,0,0,59,2026-02-04 04:51:08.697544
WNTR,24.94,24.81,24.94,2364400.0,2339200.0,,0,0,0,0,0,0,0,0,0,0,0,0,0,0,0,0,59,2026-02-04 04:51:08.697544
SPNG,25.98,25.98,27.36,812700.0,550100.0,,0,0,0,0,0,0,0,0,0,0,0,0,0,0,0,0,60,2026-02-04 04:51:09.735586
SMMR,24.84,24.3,24.58,835500.0,804900.0,,0,0,0,0,0,0,0,0,0,0,0,0,0,0,0,0,60,2026-02-04 04:51:09.735586
ATMN,24.75,23.84,24.96,200000.0,,7000.0,0,0,0,0,0,0,0,0,0,0,0,0,0,0,0,0,60,2026-02-04 04:51:09.735586
WNTR,24.9,25.35,25.43,917700.0,855100.0,,0,0,0,0,0,0,0,0,0,0,0,0,0,0,0,0,60,2026-02-04 04:51:09.735586
SPNG,25.98,25.59,25.96,1084400.0,889300.0,,0,0,0,0,0,0,0,0,0,0,0,0,0,0,0,0,61,2026-02-04 04:51:10.767391
SMMR,24.02,24.02,24.37,872400.0,991800.0,,0,0,0,0,0,0,0,0,0,0,0,0,0,0,0,0,61,2026-02-04 04:51:10.767391
ATMN,24.75,23.84,23.96,1315300.0,867500.0,7000.0,0,0,0,0,0,0,0,0,0,0,0,0,0,0,0,0,61,2026-02-04 04:51:10.767391
WNTR,25.35,25.35,25.39,1030100.0,970800.0,,0,0,0,0,0,0,0,0,0,0,0,0,0,0,0,0,61,2026-02-04 04:51:10.767391
SPNG,25.96,25.86,25.96,1298200.0,889300.0,,0,0,0,0,0,0,0,0,0,0,0,0,0,0,0,0,62,2026-02-04 04:51:11.797305
SMMR,24.02,24.02,24.33,886300.0,1216000.0,,0,0,0,0,0,0,0,0,0,0,0,0,0,0,0,0,62,2026-02-04 04:51:11.797305
ATMN,23.84,23.5,23.83,1213100.0,975800.0,7000.0,0,0,0,0,0,0,0,0,0,0,0,0,0,0,0,0,62,2026-02-04 04:51:11.797305
WNTR,25.32,25.32,25.39,977900.0,1307800.0,,0,0,0,0,0,0,0,0,0,0,0,0,0,0,0,0,62,2026-02-04 04:51:11.797305
SPNG,25.96,25.86,25.96,1436900.0,889300.0,,0,0,0,0,0,0,0,0,0,0,0,0,0,0,0,0,63,2026-02-04 04:51:12.823106
SMMR,24.02,24.02,24.33,886300.0,1435000.0,,0,0,0,0,0,0,0,0,0,0,0,0,0,0,0,0,63,2026-02-04 04:51:12.823106
ATMN,23.96,23.76,23.96,1411900.0,867500.0,7000.0,0,0,0,0,0,0,0,0,0,0,0,0,0,0,0,0,63,2026-02-04 04:51:12.823106
WNTR,25.39,25.32,25.39,1111500.0,1284000.0,,0,0,0,0,0,0,0,0,0,0,0,0,0,0,0,0,63,2026-02-04 04:51:12.823106
SPNG,25.86,25.68,25.77,1535800.0,7500.0,1009300.0,,0,0,0,0,0,0,0,0,0,0,0,0,0,0,0,64,2026-02-04 04:51:13.852463
SMMR,23.96,23.82,23.95,1246500.0,7500.0,1551300.0,,0,0,0,0,0,0,0,0,0,0,0,0,0,0,0,64,2026-02-04 04:51:13.852463
ATMN,24.03,24.03,24.31,1546800.0,,1023100.0,7000.0,0,0,0,0,0,0,0,0,0,0,0,0,0,0,0,64,2026-02-04 04:51:13.852463
WNTR,25.43,25.32,25.38,1111500.0,7500.0,1164800.0,,0,0,0,0,0,0,0,0,0,0,0,0,0,0,0,64,2026-02-04 04:51:13.852463
SPNG,25.96,25.98,26.43,1648700.0,865400.0,,,0,0,0,0,0,0,0,0,0,0,0,0,0,0,0,65,2026-02-04 04:51:14.916684
SMMR,24.06,23.82,24.01,1246500.0,1520400.0,5750.0,,0,0,0,0,0,0,0,0,0,0,0,0,0,0,0,65,2026-02-04 04:51:14.916684
ATMN,23.76,23.76,24.23,1411900.0,1220500.0,,7000.0,0,0,0,0,0,0,0,0,0,0,0,0,0,0,0,65,2026-02-04 04:51:14.916684
WNTR,25.43,25.32,25.38,1311900.0,1281800.0,,5750.0,0,0,0,0,0,0,0,0,0,0,0,0,0,0,0,65,2026-02-04 04:51:14.916684
SPNG,26.43,26.15,26.43,1640800.0,7500.0,865400.0,,0,0,0,0,0,0,0,0,0,0,0,0,0,0,0,66,2026-02-04 04:51:15.963165
SMMR,24.18,23.97,24.18,1359800.0,,1532100.0,,0,0,0,0,0,0,0,0,0,0,0,0,0,0,0,66,2026-02-04 04:51:15.963165
ATMN,23.33,23.6,24.0,1452500.0,7500.0,1317300.0,5000.0,0,0,0,0,0,0,0,0,0,0,0,0,0,0,0,66,2026-02-04 04:51:15.963165
WNTR,25.38,25.32,25.43,1311900.0,,1413500.0,,0,0,0,0,0,0,0,0,0,0,0,0,0,0,0,66,2026-02-04 04:51:15.963165
SPNG,26.15,25.7,25.93,7187.0,1535800.0,1150400.0,,,0,0,0,0,0,0,0,0,0,0,0,0,0,0,67,2026-02-04 04:51:17.002224
SMMR,23.95,23.82,23.95,,1362700.0,1634500.0,7500.0,,0,0,0,0,0,0,0,0,0,0,0,0,0,0,67,2026-02-04 04:51:17.002224
ATMN,23.82,23.91,23.99,,1579000.0,1412600.0,,7000.0,0,0,0,0,0,0,0,0,0,0,0,0,0,0,67,2026-02-04 04:51:17.002224
WNTR,25.44,25.32,25.44,,1576900.0,1423500.0,,,0,0,0,0,0,0,0,0,0,0,0,0,0,0,67,2026-02-04 04:51:17.002224
SPNG,26.02,25.73,26.02,1646600.0,5000.0,1252700.0,7500.0,,,0,0,0,0,0,0,0,0,0,0,0,0,0,68,2026-02-04 04:51:18.059127
SMMR,23.97,23.97,24.1,1570100.0,,1639800.0,7500.0,,,0,0,0,0,0,0,0,0,0,0,0,0,0,68,2026-02-04 04:51:18.059127
ATMN,23.91,23.76,23.82,1585800.0,,1667200.0,,7000.0,,0,0,0,0,0,0,0,0,0,0,0,0,0,68,2026-02-04 04:51:18.059127
WNTR,25.53,25.37,25.53,1703300.0,,1331600.0,,,1000.0,0,0,0,0,0,0,0,0,0,0,0,0,0,68,2026-02-04 04:51:18.059127
SPNG,26.12,25.74,26.01,5000.0,1860100.0,7500.0,1149500.0,,0,0,0,0,0,0,0,0,0,0,0,0,0,0,69,2026-02-04 04:51:19.091844
SMMR,23.93,23.93,24.09,,1684500.0,7500.0,1639800.0,,0,0,0,0,0,0,0,0,0,0,0,0,0,0,69,2026-02-04 04:51:19.091844
ATMN,23.97,23.97,23.99,,1936600.0,,1535400.0,,0,0,0,0,0,0,0,0,0,0,0,0,0,0,69,2026-02-04 04:51:19.091844
WNTR,25.37,25.37,25.4,,1812300.0,,1452300.0,1000.0,0,0,0,0,0,0,0,0,0,0,0,0,0,0,69,2026-02-04 04:51:19.091844
SPNG,25.93,25.93,26.01,2110400.0,7441.0,7441.0,1149500.0,,0,0,0,0,0,0,0,0,0,0,0,0,0,0,70,2026-02-04 04:51:20.137943
SMMR,23.99,23.99,24.1,1917900.0,5765.0,,1732200.0,,0,0,0,0,0,0,0,0,0,0,0,0,0,0,70,2026-02-04 04:51:20.137943
ATMN,23.95,23.76,23.95,2081700.0,,,1660200.0,,0,0,0,0,0,0,0,0,0,0,0,0,0,0,70,2026-02-04 04:51:20.137943
WNTR,25.4,25.38,25.4,2005900.0,1000.0,,1452300.0,5000.0,0,0,0,0,0,0,0,0,0,0,0,0,0,0,70,2026-02-04 04:51:20.137943
SPNG,25.93,25.94,26.0,7500.0,7441.0,2059900.0,7500.0,7441.0,1149500.0,0,0,0,0,0,0,0,0,0,0,0,0,0,71,2026-02-04 04:51:20.671980
SMMR,24.1,24.0,24.1,7500.0,5765.0,1917900.0,,,1839700.0,0,0,0,0,0,0,0,0,0,0,0,0,0,71,2026-02-04 04:51:20.671980
ATMN,23.95,23.77,23.95,5000.0,,2216800.0,,7000.0,1660200.0,0,0,0,0,0,0,0,0,0,0,0,0,0,71,2026-02-04 04:51:20.671980
WNTR,25.4,25.37,25.4,,1000.0,2268700.0,,,1452300.0,0,0,0,0,0,0,0,0,0,0,0,0,0,71,2026-02-04 04:51:20.671980
SPNG,25.92,25.95,26.08,5808.0,7500.0,2054600.0,1484400.0,7500.0,,0,0,0,0,0,0,0,0,0,0,0,0,0,72,2026-02-04 04:51:21.772214
SMMR,24.0,24.0,24.1,,7500.0,2026500.0,1839700.0,,,0,0,0,0,0,0,0,0,0,0,0,0,0,72,2026-02-04 04:51:21.772214
ATMN,23.99,23.86,23.94,5808.0,7500.0,2301900.0,1535400.0,,5808.0,0,0,0,0,0,0,0,0,0,0,0,0,0,72,2026-02-04 04:51:21.772214
WNTR,25.32,25.39,25.4,,,2123300.0,1548400.0,,,0,0,0,0,0,0,0,0,0,0,0,0,0,72,2026-02-04 04:51:21.772214
SPNG,26.08,25.91,26.08,2103100.0,1583200.0,,,,0,0,0,0,0,0,0,0,0,0,0,0,0,0,73,2026-02-04 04:51:22.807277
SMMR,23.97,23.97,24.1,2005800.0,1839700.0,,,,0,0,0,0,0,0,0,0,0,0,0,0,0,0,73,2026-02-04 04:51:22.807277
ATMN,23.86,23.86,23.99,2469800.0,1750700.0,,,,0,0,0,0,0,0,0,0,0,0,0,0,0,0,73,2026-02-04 04:51:22.807277
WNTR,25.45,25.4,25.44,2092300.0,1427700.0,7081.0,5000.0,7081.0,0,0,0,0,0,0,0,0,0,0,0,0,0,0,73,2026-02-04 04:51:22.807277
SPNG,25.99,26.04,26.08,2224800.0,1904800.0,7441.0,,0,0,0,0,0,0,0,0,0,0,0,0,0,0,0,74,2026-02-04 04:51:23.835635
SMMR,23.97,23.95,23.97,1907900.0,2039500.0,,,0,0,0,0,0,0,0,0,0,0,0,0,0,0,0,74,2026-02-04 04:51:23.835635
ATMN,23.8,23.76,23.8,2344100.0,1855500.0,,,0,0,0,0,0,0,0,0,0,0,0,0,0,0,0,74,2026-02-04 04:51:23.835635
WNTR,25.56,25.48,25.56,2190500.0,1319500.0,,5000.0,0,0,0,0,0,0,0,0,0,0,0,0,0,0,0,74,2026-02-04 04:51:23.835635
SPNG,25.91,26.04,26.08,2217000.0,2013900.0,,,,0,0,0,0,0,0,0,0,0,0,0,0,0,0,75,2026-02-04 04:51:24.867472
SMMR,23.98,23.99,24.08,2033600.0,1933900.0,7500.0,7500.0,,0,0,0,0,0,0,0,0,0,0,0,0,0,0,75,2026-02-04 04:51:24.867472
ATMN,23.96,23.96,23.98,2500400.0,1750700.0,,,5639.0,0,0,0,0,0,0,0,0,0,0,0,0,0,0,75,2026-02-04 04:51:24.867472
WNTR,25.56,25.49,25.56,2190500.0,1661000.0,5000.0,,,0,0,0,0,0,0,0,0,0,0,0,0,0,0,75,2026-02-04 04:51:24.867472
SPNG,25.95,25.95,26.08,2230800.0,1916400.0,5808.0,0,0,0,0,0,0,0,0,0,0,0,0,0,0,0,0,76,2026-02-04 04:51:25.898009
SMMR,24.1,24.1,24.12,2159200.0,1732000.0,,0,0,0,0,0,0,0,0,0,0,0,0,0,0,0,0,76,2026-02-04 04:51:25.898009
ATMN,23.76,23.76,23.98,2324400.0,1844000.0,5639.0,0,0,0,0,0,0,0,0,0,0,0,0,0,0,0,0,76,2026-02-04 04:51:25.898009
WNTR,25.32,25.33,25.56,2348700.0,1762800.0,,0,0,0,0,0,0,0,0,0,0,0,0,0,0,0,0,76,2026-02-04 04:51:25.898009
SPNG,25.73,25.73,26.05,1978800.0,1928300.0,5808.0,,0,0,0,0,0,0,0,0,0,0,0,0,0,0,0,77,2026-02-04 04:51:26.945261
SMMR,24.1,23.97,24.02,2033600.0,1937700.0,,,0,0,0,0,0,0,0,0,0,0,0,0,0,0,0,77,2026-02-04 04:51:26.945261
ATMN,23.73,23.73,23.99,2210800.0,1946300.0,,,0,0,0,0,0,0,0,0,0,0,0,0,0,0,0,77,2026-02-04 04:51:26.945261
WNTR,25.47,25.47,25.55,2324400.0,1762800.0,,7500.0,0,0,0,0,0,0,0,0,0,0,0,0,0,0,0,77,2026-02-04 04:51:26.945261
SPNG,25.73,25.9,26.04,2103100.0,5000.0,7500.0,1889700.0,5808.0,,0,0,0,0,0,0,0,0,0,0,0,0,0,78,2026-02-04 04:51:27.996982
SMMR,24.18,24.1,24.17,2033600.0,,7500.0,1960000.0,,4573.0,0,0,0,0,0,0,0,0,0,0,0,0,0,78,2026-02-04 04:51:27.996982
ATMN,24.01,23.73,24.01,2320100.0,,,1748700.0,,,0,0,0,0,0,0,0,0,0,0,0,0,0,78,2026-02-04 04:51:27.996982
WNTR,25.45,25.33,25.45,2334700.0,,7500.0,2018300.0,5781.0,,0,0,0,0,0,0,0,0,0,0,0,0,0,78,2026-02-04 04:51:27.996982
SPNG,26.05,25.91,26.05,7500.0,2103100.0,2035600.0,,,0,0,0,0,0,0,0,0,0,0,0,0,0,0,79,2026-02-04 04:51:29.031095
SMMR,24.17,24.19,24.22,5000.0,2033400.0,1862900.0,,,0,0,0,0,0,0,0,0,0,0,0,0,0,0,79,2026-02-04 04:51:29.031095
ATMN,23.82,23.8,23.82,,2529200.0,1871000.0,5639.0,,0,0,0,0,0,0,0,0,0,0,0,0,0,0,79,2026-02-04 04:51:29.031095
WNTR,25.45,25.33,25.44,,2281600.0,2018300.0,7081.0,5000.0,0,0,0,0,0,0,0,0,0,0,0,0,0,0,79,2026-02-04 04:51:29.031095
SPNG,25.94,25.68,25.8,1987800.0,1890300.0,5808.0,2500.0,,0,0,0,0,0,0,0,0,0,0,0,0,0,0,80,2026-02-04 04:51:30.066414
SMMR,23.95,23.95,24.22,1907900.0,1949400.0,,,,0,0,0,0,0,0,0,0,0,0,0,0,0,0,80,2026-02-04 04:51:30.066414
ATMN,23.84,23.84,24.01,2496400.0,1873000.0,,,,0,0,0,0,0,0,0,0,0,0,0,0,0,0,80,2026-02-04 04:51:30.066414
WNTR,25.49,25.34,25.43,2185900.0,1899800.0,12862.0,2500.0,5000.0,0,0,0,0,0,0,0,0,0,0,0,0,0,0,80,2026-02-04 04:51:30.066414
SPNG,25.94,25.73,25.78,2244300.0,7500.0,1970000.0,,,,0,0,0,0,0,0,0,0,0,0,0,0,0,81,2026-02-04 04:51:31.104188
SMMR,24.18,23.96,24.18,1907900.0,,2078900.0,4284.0,,,0,0,0,0,0,0,0,0,0,0,0,0,0,81,2026-02-04 04:51:31.104188
ATMN,23.7,23.7,24.0,2325300.0,,1997400.0,,4284.0,,0,0,0,0,0,0,0,0,0,0,0,0,0,81,2026-02-04 04:51:31.104188
WNTR,25.5,25.34,25.5,2200800.0,,2005100.0,,,5000.0,0,0,0,0,0,0,0,0,0,0,0,0,0,81,2026-02-04 04:51:31.104188
SPNG,26.07,25.74,25.79,7500.0,1963800.0,4284.0,4284.0,1922700.0,,0,0,0,0,0,0,0,0,0,0,0,0,0,82,2026-02-04 04:51:32.143455
SMMR,24.18,24.05,24.18,,2009100.0,4284.0,4284.0,2010400.0,,0,0,0,0,0,0,0,0,0,0,0,0,0,82,2026-02-04 04:51:32.143455
ATMN,23.69,23.77,23.98,,2421600.0,,4284.0,1894400.0,7500.0,0,0,0,0,0,0,0,0,0,0,0,0,0,82,2026-02-04 04:51:32.143455
WNTR,25.5,25.38,25.43,5000.0,2192700.0,,2862.0,2005100.0,,0,0,0,0,0,0,0,0,0,0,0,0,0,82,2026-02-04 04:51:32.143455
SPNG,25.73,25.73,25.99,2196200.0,2028600.0,,,,0,0,0,0,0,0,0,0,0,0,0,0,0,0,83,2026-02-04 04:51:33.191172
SMMR,23.95,23.95,24.16,1996800.0,2010400.0,5000.0,,,0,0,0,0,0,0,0,0,0,0,0,0,0,0,83,2026-02-04 04:51:33.191172
ATMN,23.99,23.78,23.98,2421600.0,1936500.0,7500.0,7500.0,4284.0,0,0,0,0,0,0,0,0,0,0,0,0,0,0,83,2026-02-04 04:51:33.191172
WNTR,25.5,25.4,25.43,2179400.0,2138000.0,,5000.0,2862.0,0,0,0,0,0,0,0,0,0,0,0,0,0,0,83,2026-02-04 04:51:33.191172
SPNG,26.07,25.8,26.07,5713.0,2076500.0,2013800.0,,,,0,0,0,0,0,0,0,0,0,0,0,0,0,84,2026-02-04 04:51:33.726735
SMMR,24.19,24.06,24.19,7141.0,1996800.0,2073200.0,,,,0,0,0,0,0,0,0,0,0,0,0,0,0,84,2026-02-04 04:51:33.726735
ATMN,23.99,23.78,23.98,,2421600.0,1955200.0,7500.0,7500.0,4284.0,0,0,0,0,0,0,0,0,0,0,0,0,0,84,2026-02-04 04:51:33.726735
WNTR,25.5,25.4,25.43,,2179400.0,2131200.0,5000.0,,2862.0,0,0,0,0,0,0,0,0,0,0,0,0,0,84,2026-02-04 04:51:33.726735
SPNG,26.12,25.98,26.12,2057400.0,7500.0,1996800.0,,,0,0,0,0,0,0,0,0,0,0,0,0,0,0,85,2026-02-04 04:51:34.756305
SMMR,24.1,24.06,24.1,2114700.0,,2109300.0,7141.0,,0,0,0,0,0,0,0,0,0,0,0,0,0,0,85,2026-02-04 04:51:34.756305
ATMN,23.62,23.62,23.98,2080900.0,,2061700.0,,7500.0,0,0,0,0,0,0,0,0,0,0,0,0,0,0,85,2026-02-04 04:51:34.756305
WNTR,25.5,25.52,25.56,2200800.0,5000.0,2085100.0,,,0,0,0,0,0,0,0,0,0,0,0,0,0,0,85,2026-02-04 04:51:34.756305
SPNG,25.73,25.99,26.22,7500.0,2100900.0,1989900.0,,,,0,0,0,0,0,0,0,0,0,0,0,0,0,86,2026-02-04 04:51:35.785821
SMMR,24.1,24.06,24.1,,2047200.0,2115000.0,7141.0,,,0,0,0,0,0,0,0,0,0,0,0,0,0,86,2026-02-04 04:51:35.785821
ATMN,24.08,23.81,23.82,7500.0,2197500.0,1969700.0,,4284.0,7500.0,0,0,0,0,0,0,0,0,0,0,0,0,0,86,2026-02-04 04:51:35.785821
WNTR,25.58,25.37,25.55,5000.0,2174000.0,1988000.0,,5089.0,,0,0,0,0,0,0,0,0,0,0,0,0,0,86,2026-02-04 04:51:35.785821
SPNG,25.73,25.68,25.72,2253000.0,1807200.0,5714.0,2500.0,0,0,0,0,0,0,0,0,0,0,0,0,0,0,0,87,2026-02-04 04:51:36.819219
SMMR,24.0,23.98,24.0,2161100.0,2028000.0,,5000.0,0,0,0,0,0,0,0,0,0,0,0,0,0,0,0,87,2026-02-04 04:51:36.819219
ATMN,23.81,23.81,23.82,2197500.0,2200300.0,,,0,0,0,0,0,0,0,0,0,0,0,0,0,0,0,87,2026-02-04 04:51:36.819219
WNTR,25.37,25.36,25.37,2307700.0,2232800.0,,,0,0,0,0,0,0,0,0,0,0,0,0,0,0,0,87,2026-02-04 04:51:36.819219
SPNG,25.65,25.91,25.97,7500.0,2147800.0,7500.0,1906200.0,0,0,0,0,0,0,0,0,0,0,0,0,0,0,0,88,2026-02-04 04:51:37.855614
SMMR,24.1,24.11,24.15,,2113700.0,,2089300.0,0,0,0,0,0,0,0,0,0,0,0,0,0,0,0,88,2026-02-04 04:51:37.855614
ATMN,23.82,23.81,23.82,,2292200.0,,2207900.0,0,0,0,0,0,0,0,0,0,0,0,0,0,0,0,88,2026-02-04 04:51:37.855614
WNTR,25.45,25.36,25.39,,2307700.0,7500.0,2103900.0,0,0,0,0,0,0,0,0,0,0,0,0,0,0,0,88,2026-02-04 04:51:37.855614
SPNG,25.66,25.66,25.95,2255000.0,1924500.0,5714.0,,0,0,0,0,0,0,0,0,0,0,0,0,0,0,0,89,2026-02-04 04:51:38.894856
SMMR,24.17,24.11,24.17,2113700.0,2133000.0,,,0,0,0,0,0,0,0,0,0,0,0,0,0,0,0,89,2026-02-04 04:51:38.894856
ATMN,23.82,23.81,23.82,2531600.0,2219100.0,,,0,0,0,0,0,0,0,0,0,0,0,0,0,0,0,89,2026-02-04 04:51:38.894856
WNTR,25.46,25.36,25.38,2295200.0,1999900.0,6071.0,7500.0,0,0,0,0,0,0,0,0,0,0,0,0,0,0,0,89,2026-02-04 04:51:38.894856
SPNG,25.95,25.77,25.95,2192600.0,1924500.0,5714.0,,0,0,0,0,0,0,0,0,0,0,0,0,0,0,0,90,2026-02-04 04:51:39.924472
SMMR,23.97,23.96,23.97,2200100.0,2007700.0,,3571.0,0,0,0,0,0,0,0,0,0,0,0,0,0,0,0,90,2026-02-04 04:51:39.924472
ATMN,23.83,23.81,23.83,2531600.0,2189300.0,,,0,0,0,0,0,0,0,0,0,0,0,0,0,0,0,90,2026-02-04 04:51:39.924472
WNTR,25.46,25.36,25.38,2345100.0,1999900.0,6071.0,1429.0,0,0,0,0,0,0,0,0,0,0,0,0,0,0,0,90,2026-02-04 04:51:39.924472
SPNG,25.98,25.66,25.68,2172700.0,7500.0,1906200.0,,,0,0,0,0,0,0,0,0,0,0,0,0,0,0,91,2026-02-04 04:51:40.960855
SMMR,24.06,23.96,24.06,2137000.0,,2006600.0,4553.0,,0,0,0,0,0,0,0,0,0,0,0,0,0,0,91,2026-02-04 04:51:40.960855
ATMN,23.69,23.82,24.08,2315300.0,7500.0,1945200.0,4933.0,4933.0,0,0,0,0,0,0,0,0,0,0,0,0,0,0,91,2026-02-04 04:51:40.960855
WNTR,25.38,25.45,25.55,2376000.0,7500.0,2136400.0,,,0,0,0,0,0,0,0,0,0,0,0,0,0,0,91,2026-02-04 04:51:40.960855
SPNG,25.68,25.94,25.98,2135300.0,1997300.0,,0,0,0,0,0,0,0,0,0,0,0,0,0,0,0,0,92,2026-02-04 04:51:42.006835
SMMR,24.06,24.04,24.06,2148500.0,2019200.0,4553.0,0,0,0,0,0,0,0,0,0,0,0,0,0,0,0,0,92,2026-02-04 04:51:42.006835
ATMN,23.69,23.62,23.68,2220600.0,2207600.0,,0,0,0,0,0,0,0,0,0,0,0,0,0,0,0,0,92,2026-02-04 04:51:42.006835
WNTR,25.45,25.45,25.48,2348800.0,2247400.0,,0,0,0,0,0,0,0,0,0,0,0,0,0,0,0,0,92,2026-02-04 04:51:42.006835
SPNG,25.93,25.66,25.93,2175800.0,1792500.0,4771.0,7500.0,0,0,0,0,0,0,0,0,0,0,0,0,0,0,0,93,2026-02-04 04:51:43.066202
SMMR,24.02,24.02,24.06,2132500.0,2019200.0,4553.0,,0,0,0,0,0,0,0,0,0,0,0,0,0,0,0,93,2026-02-04 04:51:43.066202
ATMN,23.68,23.62,23.64,2462000.0,2084100.0,,7500.0,0,0,0,0,0,0,0,0,0,0,0,0,0,0,0,93,2026-02-04 04:51:43.066202
WNTR,25.56,25.56,25.57,2332600.0,2217800.0,,,0,0,0,0,0,0,0,0,0,0,0,0,0,0,0,93,2026-02-04 04:51:43.066202
SPNG,26.18,25.66,25.92,2133000.0,7500.0,1886300.0,,0,0,0,0,0,0,0,0,0,0,0,0,0,0,0,94,2026-02-04 04:51:44.114433
SMMR,24.02,23.97,24.02,2156600.0,,2018000.0,4553.0,0,0,0,0,0,0,0,0,0,0,0,0,0,0,0,94,2026-02-04 04:51:44.114433
ATMN,23.64,23.62,23.64,2447800.0,7500.0,2113400.0,,0,0,0,0,0,0,0,0,0,0,0,0,0,0,0,94,2026-02-04 04:51:44.114433
WNTR,25.56,25.56,25.57,2337300.0,,2254800.0,,0,0,0,0,0,0,0,0,0,0,0,0,0,0,0,94,2026-02-04 04:51:44.114433
SPNG,25.92,26.01,26.02,2051300.0,6361.0,1991700.0,0,0,0,0,0,0,0,0,0,0,0,0,0,0,0,0,95,2026-02-04 04:51:45.166088
SMMR,24.06,23.97,24.06,2125100.0,,2105300.0,0,0,0,0,0,0,0,0,0,0,0,0,0,0,0,0,95,2026-02-04 04:51:45.166088
ATMN,23.68,23.6,23.68,2549000.0,,2237900.0,0,0,0,0,0,0,0,0,0,0,0,0,0,0,0,0,95,2026-02-04 04:51:45.166088
WNTR,25.58,25.45,25.58,2329500.0,,2231200.0,0,0,0,0,0,0,0,0,0,0,0,0,0,0,0,0,95,2026-02-04 04:51:45.166088
SPNG,25.89,25.89,26.02,2139100.0,2022900.0,,,,0,0,0,0,0,0,0,0,0,0,0,0,0,0,96,2026-02-04 04:51:46.207406
SMMR,23.96,23.96,24.01,2130100.0,1997600.0,4553.0,,,0,0,0,0,0,0,0,0,0,0,0,0,0,0,96,2026-02-04 04:51:46.207406
ATMN,23.57,23.61,23.63,2292300.0,2104000.0,6361.0,6361.0,,0,0,0,0,0,0,0,0,0,0,0,0,0,0,96,2026-02-04 04:51:46.207406
WNTR,25.58,25.45,25.58,2268000.0,2231200.0,,,7500.0,0,0,0,0,0,0,0,0,0,0,0,0,0,0,96,2026-02-04 04:51:46.207406
SPNG,25.66,25.66,26.01,2125100.0,7500.0,2500.0,1844800.0,,,0,0,0,0,0,0,0,0,0,0,0,0,0,97,2026-02-04 04:51:47.249929
SMMR,24.17,23.96,24.17,2130100.0,,,2113000.0,,,0,0,0,0,0,0,0,0,0,0,0,0,0,97,2026-02-04 04:51:47.249929
ATMN,23.57,23.57,23.72,2292300.0,,,2232300.0,,,0,0,0,0,0,0,0,0,0,0,0,0,0,97,2026-02-04 04:51:47.249929
WNTR,25.58,25.49,25.58,2153600.0,,,2205100.0,7500.0,7500.0,0,0,0,0,0,0,0,0,0,0,0,0,0,97,2026-02-04 04:51:47.249929
SPNG,25.66,25.99,26.0,2132000.0,7500.0,7500.0,1844800.0,,0,0,0,0,0,0,0,0,0,0,0,0,0,0,98,2026-02-04 04:51:47.788417
SMMR,23.94,23.97,24.17,2038000.0,,,2123100.0,2500.0,0,0,0,0,0,0,0,0,0,0,0,0,0,0,98,2026-02-04 04:51:47.788417
ATMN,23.52,23.51,23.52,2290500.0,,,2253800.0,,0,0,0,0,0,0,0,0,0,0,0,0,0,0,98,2026-02-04 04:51:47.788417
WNTR,25.49,25.45,25.59,2368100.0,,,2182300.0,,0,0,0,0,0,0,0,0,0,0,0,0,0,0,98,2026-02-04 04:51:47.788417
SPNG,25.99,25.99,26.0,2132000.0,1862700.0,7500.0,7500.0,,,0,0,0,0,0,0,0,0,0,0,0,0,0,99,2026-02-04 04:51:48.826690
SMMR,24.01,23.99,24.01,2038000.0,1921200.0,5625.0,7500.0,7500.0,,0,0,0,0,0,0,0,0,0,0,0,0,0,99,2026-02-04 04:51:48.826690
ATMN,23.52,23.51,23.52,2508600.0,2128800.0,5625.0,,,,0,0,0,0,0,0,0,0,0,0,0,0,0,99,2026-02-04 04:51:48.826690
WNTR,25.63,25.51,25.59,2152900.0,2201700.0,,,7500.0,5625.0,0,0,0,0,0,0,0,0,0,0,0,0,0,99,2026-02-04 04:51:48.826690
SPNG,25.99,25.66,25.93,2124000.0,1915200.0,7500.0,7500.0,0,0,0,0,0,0,0,0,0,0,0,0,0,0,0,100,2026-02-04 04:51:49.867923
SMMR,24.01,24.11,24.16,2126300.0,2113200.0,,,0,0,0,0,0,0,0,0,0,0,0,0,0,0,0,100,2026-02-04 04:51:49.867923
ATMN,23.52,23.51,23.52,2427700.0,2128800.0,5625.0,,0,0,0,0,0,0,0,0,0,0,0,0,0,0,0,100,2026-02-04 04:51:49.867923
WNTR,25.64,25.48,25.64,2397800.0,2154500.0,,,0,0,0,0,0,0,0,0,0,0,0,0,0,0,0,100,2026-02-04 04:51:49.867923
SPNG,26.0,25.66,26.0,2105900.0,1994300.0,7500.0,,0,0,0,0,0,0,0,0,0,0,0,0,0,0,0,101,2026-02-04 04:51:50.901504
SMMR,24.11,24.11,24.15,2126300.0,2010300.0,4218.0,,0,0,0,0,0,0,0,0,0,0,0,0,0,0,0,101,2026-02-04 04:51:50.901504
ATMN,23.52,23.51,23.52,2376200.0,2128800.0,5625.0,,0,0,0,0,0,0,0,0,0,0,0,0,0,0,0,101,2026-02-04 04:51:50.901504
WNTR,25.64,25.5,25.63,2272600.0,2054400.0,4218.0,4218.0,0,0,0,0,0,0,0,0,0,0,0,0,0,0,0,101,2026-02-04 04:51:50.901504
SPNG,25.99,25.99,26.0,2155100.0,1994300.0,7500.0,,,0,0,0,0,0,0,0,0,0,0,0,0,0,0,102,2026-02-04 04:51:51.937317
SMMR,23.94,24.12,24.15,2063300.0,2108000.0,,9900.0,,0,0,0,0,0,0,0,0,0,0,0,0,0,0,102,2026-02-04 04:51:51.937317
ATMN,23.49,23.49,23.72,2429700.0,2208400.0,,,,0,0,0,0,0,0,0,0,0,0,0,0,0,0,102,2026-02-04 04:51:51.937317
WNTR,25.6,25.51,25.6,2175600.0,2067200.0,4218.0,7500.0,4218.0,0,0,0,0,0,0,0,0,0,0,0,0,0,0,102,2026-02-04 04:51:51.937317
SPNG,26.02,25.99,26.02,2051000.0,7500.0,2087300.0,,0,0,0,0,0,0,0,0,0,0,0,0,0,0,0,103,2026-02-04 04:51:52.975874
SMMR,24.06,23.95,24.05,2036900.0,9900.0,2035200.0,4218.0,0,0,0,0,0,0,0,0,0,0,0,0,0,0,0,103,2026-02-04 04:51:52.975874
ATMN,23.49,23.68,23.71,2342400.0,,2107300.0,5625.0,0,0,0,0,0,0,0,0,0,0,0,0,0,0,0,103,2026-02-04 04:51:52.975874
WNTR,25.51,25.51,25.6,2296600.0,7500.0,2167300.0,,0,0,0,0,0,0,0,0,0,0,0,0,0,0,0,103,2026-02-04 04:51:52.975874
SPNG,25.8,25.8,26.02,2130100.0,2139300.0,,,0,0,0,0,0,0,0,0,0,0,0,0,0,0,0,104,2026-02-04 04:51:54.013798
SMMR,24.06,24.04,24.05,2114600.0,2035200.0,4218.0,,0,0,0,0,0,0,0,0,0,0,0,0,0,0,0,104,2026-02-04 04:51:54.013798
ATMN,23.47,23.47,23.53,2408700.0,2225200.0,,,0,0,0,0,0,0,0,0,0,0,0,0,0,0,0,104,2026-02-04 04:51:54.013798
WNTR,25.51,25.51,25.6,2257000.0,2167300.0,,4218.0,0,0,0,0,0,0,0,0,0,0,0,0,0,0,0,104,2026-02-04 04:51:54.013798
SPNG,25.8,25.8,26.02,2130100.0,2110700.0,,0,0,0,0,0,0,0,0,0,0,0,0,0,0,0,0,105,2026-02-04 04:51:55.052237
SMMR,24.16,24.08,24.16,2118200.0,2118600.0,,0,0,0,0,0,0,0,0,0,0,0,0,0,0,0,0,105,2026-02-04 04:51:55.052237
ATMN,23.69,23.5,23.6,2203500.0,2224800.0,7500.0,0,0,0,0,0,0,0,0,0,0,0,0,0,0,0,0,105,2026-02-04 04:51:55.052237
WNTR,25.7,25.67,25.7,2362100.0,1901000.0,,0,0,0,0,0,0,0,0,0,0,0,0,0,0,0,0,105,2026-02-04 04:51:55.052237
SPNG,26.02,25.8,26.02,2023200.0,4570.0,2110700.0,,0,0,0,0,0,0,0,0,0,0,0,0,0,0,0,106,2026-02-04 04:51:56.106844
SMMR,23.95,23.95,24.07,2104600.0,,2037300.0,4570.0,0,0,0,0,0,0,0,0,0,0,0,0,0,0,0,106,2026-02-04 04:51:56.106844
ATMN,23.47,23.47,23.57,2331000.0,,2257000.0,,0,0,0,0,0,0,0,0,0,0,0,0,0,0,0,106,2026-02-04 04:51:56.106844
WNTR,25.55,25.55,25.7,2270600.0,4218.0,1998000.0,,0,0,0,0,0,0,0,0,0,0,0,0,0,0,0,106,2026-02-04 04:51:56.106844
SPNG,26.09,25.86,26.09,4570.0,2030800.0,2123000.0,,,0,0,0,0,0,0,0,0,0,0,0,0,0,0,107,2026-02-04 04:51:57.183371
SMMR,24.16,24.02,24.16,,2123300.0,2118600.0,,,0,0,0,0,0,0,0,0,0,0,0,0,0,0,107,2026-02-04 04:51:57.183371
ATMN,23.54,23.48,23.52,6445.0,2224800.0,2043400.0,7500.0,6445.0,0,0,0,0,0,0,0,0,0,0,0,0,0,0,107,2026-02-04 04:51:57.183371
WNTR,25.55,25.67,25.68,4218.0,2270600.0,2152500.0,,,0,0,0,0,0,0,0,0,0,0,0,0,0,0,107,2026-02-04 04:51:57.183371
SPNG,26.09,25.87,26.09,1913600.0,7500.0,3870.0,2098400.0,,0,0,0,0,0,0,0,0,0,0,0,0,0,0,108,2026-02-04 04:51:58.220005
SMMR,24.19,24.03,24.06,2018400.0,7500.0,,2030000.0,5478.0,0,0,0,0,0,0,0,0,0,0,0,0,0,0,108,2026-02-04 04:51:58.220005
ATMN,23.48,23.47,23.48,2391400.0,,,2242100.0,,0,0,0,0,0,0,0,0,0,0,0,0,0,0,108,2026-02-04 04:51:58.220005
WNTR,25.71,25.67,25.71,2270600.0,,4218.0,2165300.0,,0,0,0,0,0,0,0,0,0,0,0,0,0,0,108,2026-02-04 04:51:58.220005
SPNG,25.8,25.8,26.09,2130100.0,2098400.0,,,0,0,0,0,0,0,0,0,0,0,0,0,0,0,0,109,2026-02-04 04:51:59.254168
SMMR,24.06,24.12,24.16,2035700.0,2120900.0,7500.0,,0,0,0,0,0,0,0,0,0,0,0,0,0,0,0,109,2026-02-04 04:51:59.254168
ATMN,23.77,23.49,23.77,2213700.0,2175700.0,,5478.0,0,0,0,0,0,0,0,0,0,0,0,0,0,0,0,109,2026-02-04 04:51:59.254168
WNTR,25.55,25.51,25.54,2394300.0,2188900.0,,,0,0,0,0,0,0,0,0,0,0,0,0,0,0,0,109,2026-02-04 04:51:59.254168
SPNG,25.65,25.65,26.08,2117700.0,5236.0,7500.0,1899600.0,,0,0,0,0,0,0,0,0,0,0,0,0,0,0,110,2026-02-04 04:52:00.303442
SMMR,24.12,24.12,24.16,2144400.0,,,2120900.0,,0,0,0,0,0,0,0,0,0,0,0,0,0,0,110,2026-02-04 04:52:00.303442
ATMN,23.41,23.41,23.63,2418900.0,,,2208400.0,,0,0,0,0,0,0,0,0,0,0,0,0,0,0,110,2026-02-04 04:52:00.303442
WNTR,25.71,25.52,25.7,2293800.0,,7500.0,2096100.0,7500.0,0,0,0,0,0,0,0,0,0,0,0,0,0,0,110,2026-02-04 04:52:00.303442
SPNG,26.11,25.65,26.11,2120200.0,2094000.0,,,0,0,0,0,0,0,0,0,0,0,0,0,0,0,0,111,2026-02-04 04:52:01.348645
SMMR,23.94,23.94,24.15,2098100.0,2034800.0,7500.0,,0,0,0,0,0,0,0,0,0,0,0,0,0,0,0,111,2026-02-04 04:52:01.348645
ATMN,23.63,23.52,23.63,2144400.0,2208400.0,,11223.0,0,0,0,0,0,0,0,0,0,0,0,0,0,0,0,111,2026-02-04 04:52:01.348645
WNTR,25.5,25.5,25.68,2379500.0,2096100.0,7500.0,,0,0,0,0,0,0,0,0,0,0,0,0,0,0,0,111,2026-02-04 04:52:01.348645
SPNG,25.88,25.66,25.7,15000.0,1907500.0,2134200.0,,,,0,0,0,0,0,0,0,0,0,0,0,0,0,112,2026-02-04 04:52:02.387439
SMMR,23.94,24.12,24.13,,2029100.0,2129100.0,5478.0,,,0,0,0,0,0,0,0,0,0,0,0,0,0,112,2026-02-04 04:52:02.387439
ATMN,23.63,23.53,23.62,7500.0,1915800.0,2140400.0,11223.0,7500.0,,0,0,0,0,0,0,0,0,0,0,0,0,0,112,2026-02-04 04:52:02.387439
WNTR,25.57,25.57,25.67,,2318300.0,1993100.0,3324.0,7500.0,3324.0,0,0,0,0,0,0,0,0,0,0,0,0,0,112,2026-02-04 04:52:02.387439
SPNG,25.88,25.65,25.7,2125700.0,2134200.0,,,,0,0,0,0,0,0,0,0,0,0,0,0,0,0,113,2026-02-04 04:52:02.932257
SMMR,24.02,24.02,24.13,2116900.0,2146200.0,,,,0,0,0,0,0,0,0,0,0,0,0,0,0,0,113,2026-02-04 04:52:02.932257
ATMN,23.63,23.53,23.63,2162900.0,2238400.0,6178.0,,,0,0,0,0,0,0,0,0,0,0,0,0,0,0,113,2026-02-04 04:52:02.932257
WNTR,25.48,25.48,25.53,2392400.0,1971600.0,,7500.0,5895.0,0,0,0,0,0,0,0,0,0,0,0,0,0,0,113,2026-02-04 04:52:02.932257
SPNG,26.12,25.65,25.7,2136800.0,5236.0,2004900.0,,0,0,0,0,0,0,0,0,0,0,0,0,0,0,0,114,2026-02-04 04:52:03.965657
SMMR,24.13,23.93,24.13,2067000.0,,2146200.0,,0,0,0,0,0,0,0,0,0,0,0,0,0,0,0,114,2026-02-04 04:52:03.965657
ATMN,23.8,23.54,23.8,2156100.0,,2217600.0,6178.0,0,0,0,0,0,0,0,0,0,0,0,0,0,0,0,114,2026-02-04 04:52:03.965657
WNTR,25.62,25.48,25.49,2392400.0,,2231000.0,,0,0,0,0,0,0,0,0,0,0,0,0,0,0,0,114,2026-02-04 04:52:03.965657
SPNG,25.65,25.66,26.12,2167000.0,2093400.0,,,,0,0,0,0,0,0,0,0,0,0,0,0,0,0,115,2026-02-04 04:52:05.000133
SMMR,24.14,23.94,23.95,1873500.0,2049100.0,7500.0,6261.0,6261.0,0,0,0,0,0,0,0,0,0,0,0,0,0,0,115,2026-02-04 04:52:05.000133
ATMN,23.55,23.4,23.47,2289600.0,2247600.0,,,,0,0,0,0,0,0,0,0,0,0,0,0,0,0,115,2026-02-04 04:52:05.000133
WNTR,25.47,25.47,25.71,2412200.0,2196700.0,,,,0,0,0,0,0,0,0,0,0,0,0,0,0,0,115,2026-02-04 04:52:05.000133
SPNG,25.66,25.81,26.12,2177700.0,2093400.0,,,,0,0,0,0,0,0,0,0,0,0,0,0,0,0,116,2026-02-04 04:52:06.033907
SMMR,24.14,24.06,24.14,1994000.0,2171000.0,7500.0,,,0,0,0,0,0,0,0,0,0,0,0,0,0,0,116,2026-02-04 04:52:06.033907
ATMN,23.55,23.44,23.46,2173600.0,2154700.0,,6191.0,6191.0,0,0,0,0,0,0,0,0,0,0,0,0,0,0,116,2026-02-04 04:52:06.033907
WNTR,25.71,25.45,25.71,2417100.0,2214900.0,,,,0,0,0,0,0,0,0,0,0,0,0,0,0,0,116,2026-02-04 04:52:06.033907
SPNG,25.81,25.66,25.8,2151300.0,2126000.0,,,,0,0,0,0,0,0,0,0,0,0,0,0,0,0,117,2026-02-04 04:52:07.068153
SMMR,24.14,24.14,24.15,2121100.0,2153700.0,,,,0,0,0,0,0,0,0,0,0,0,0,0,0,0,117,2026-02-04 04:52:07.068153
ATMN,23.83,23.44,23.83,2177500.0,2209000.0,6191.0,,,0,0,0,0,0,0,0,0,0,0,0,0,0,0,117,2026-02-04 04:52:07.068153
WNTR,25.71,25.64,25.69,2224700.0,2146000.0,6191.0,7500.0,5000.0,0,0,0,0,0,0,0,0,0,0,0,0,0,0,117,2026-02-04 04:52:07.068153
SPNG,26.16,25.66,26.16,2128200.0,2062900.0,,0,0,0,0,0,0,0,0,0,0,0,0,0,0,0,0,118,2026-02-04 04:52:08.109074
SMMR,24.15,24.14,24.15,2161100.0,2140000.0,,0,0,0,0,0,0,0,0,0,0,0,0,0,0,0,0,118,2026-02-04 04:52:08.109074
ATMN,23.83,23.44,23.54,2192600.0,2241600.0,6191.0,0,0,0,0,0,0,0,0,0,0,0,0,0,0,0,0,118,2026-02-04 04:52:08.109074
WNTR,25.64,25.48,25.52,2301800.0,2289800.0,6191.0,0,0,0,0,0,0,0,0,0,0,0,0,0,0,0,0,118,2026-02-04 04:52:08.109074
SPNG,26.19,26.19,26.21,2093500.0,2085400.0,,0,0,0,0,0,0,0,0,0,0,0,0,0,0,0,0,119,2026-02-04 04:52:09.166892
SMMR,24.16,24.13,24.16,2166000.0,2123500.0,,0,0,0,0,0,0,0,0,0,0,0,0,0,0,0,0,119,2026-02-04 04:52:09.166892
ATMN,23.44,23.44,23.83,2192800.0,2245200.0,6191.0,0,0,0,0,0,0,0,0,0,0,0,0,0,0,0,0,119,2026-02-04 04:52:09.166892
WNTR,25.52,25.48,25.52,2283400.0,2289800.0,6191.0,0,0,0,0,0,0,0,0,0,0,0,0,0,0,0,0,119,2026-02-04 04:52:09.166892
SPNG,25.23,25.23,26.28,1044600.0,800400.0,,0,0,0,0,0,0,0,0,0,0,0,0,0,0,0,0,120,2026-02-04 04:52:10.244687
SMMR,26.75,25.35,25.48,483300.0,614800.0,,0,0,0,0,0,0,0,0,0,0,0,0,0,0,0,0,120,2026-02-04 04:52:10.244687
ATMN,25.33,25.33,25.74,834100.0,696700.0,6191.0,0,0,0,0,0,0,0,0,0,0,0,0,0,0,0,0,120,2026-02-04 04:52:10.244687
WNTR,25.67,25.6,0.0,200000.0,,6191.0,0,0,0,0,0,0,0,0,0,0,0,0,0,0,0,0,120,2026-02-04 04:52:10.244687
SPNG,25.23,25.23,26.28,1044600.0,1223000.0,,0,0,0,0,0,0,0,0,0,0,0,0,0,0,0,0,121,2026-02-04 04:52:11.300046
SMMR,26.0,25.47,26.0,902100.0,784600.0,,0,0,0,0,0,0,0,0,0,0,0,0,0,0,0,0,121,2026-02-04 04:52:11.300046
ATMN,25.33,25.0,25.03,1104100.0,911900.0,6191.0,0,0,0,0,0,0,0,0,0,0,0,0,0,0,0,0,121,2026-02-04 04:52:11.300046
WNTR,25.81,25.6,25.67,965200.0,1150000.0,6191.0,0,0,0,0,0,0,0,0,0,0,0,0,0,0,0,0,121,2026-02-04 04:52:11.300046
SPNG,24.55,24.55,25.76,1054300.0,1445300.0,,0,0,0,0,0,0,0,0,0,0,0,0,0,0,0,0,122,2026-02-04 04:52:12.338902
SMMR,26.0,25.78,26.0,1183000.0,784600.0,,0,0,0,0,0,0,0,0,0,0,0,0,0,0,0,0,122,2026-02-04 04:52:12.338902
ATMN,25.62,25.58,25.62,1316600.0,818800.0,6191.0,0,0,0,0,0,0,0,0,0,0,0,0,0,0,0,0,122,2026-02-04 04:52:12.338902
WNTR,25.67,24.97,25.67,1052300.0,1150000.0,,0,0,0,0,0,0,0,0,0,0,0,0,0,0,0,0,122,2026-02-04 04:52:12.338902
SPNG,25.22,25.22,25.76,1286800.0,1445300.0,,0,0,0,0,0,0,0,0,0,0,0,0,0,0,0,0,123,2026-02-04 04:52:13.377390
SMMR,26.06,26.09,26.75,1403700.0,771200.0,,0,0,0,0,0,0,0,0,0,0,0,0,0,0,0,0,123,2026-02-04 04:52:13.377390
ATMN,25.58,25.18,25.58,1213400.0,1139900.0,6191.0,0,0,0,0,0,0,0,0,0,0,0,0,0,0,0,0,123,2026-02-04 04:52:13.377390
WNTR,25.67,25.68,25.7,1313100.0,1131000.0,,0,0,0,0,0,0,0,0,0,0,0,0,0,0,0,0,123,2026-02-04 04:52:13.377390
SPNG,25.18,25.18,25.27,1265800.0,1574400.0,,0,0,0,0,0,0,0,0,0,0,0,0,0,0,0,0,124,2026-02-04 04:52:14.403635
SMMR,26.06,26.4,26.75,1592400.0,771200.0,,0,0,0,0,0,0,0,0,0,0,0,0,0,0,0,0,124,2026-02-04 04:52:14.403635
ATMN,25.58,25.26,25.58,1543900.0,1139900.0,6191.0,0,0,0,0,0,0,0,0,0,0,0,0,0,0,0,0,124,2026-02-04 04:52:14.403635
WNTR,25.46,25.46,25.7,1439900.0,1131000.0,,0,0,0,0,0,0,0,0,0,0,0,0,0,0,0,0,124,2026-02-04 04:52:14.403635
SPNG,25.24,25.18,25.24,1265800.0,1818000.0,7500.0,5952.0,,,0,0,0,0,0,0,0,0,0,0,0,0,0,125,2026-02-04 04:52:15.443941
SMMR,26.52,26.52,26.73,1796100.0,771200.0,7500.0,5952.0,7500.0,,0,0,0,0,0,0,0,0,0,0,0,0,0,125,2026-02-04 04:52:15.443941
ATMN,25.68,25.27,25.68,1764500.0,906500.0,,,7500.0,,0,0,0,0,0,0,0,0,0,0,0,0,0,125,2026-02-04 04:52:15.443941
WNTR,25.46,25.54,25.55,1647900.0,1226300.0,,5952.0,7500.0,5952.0,0,0,0,0,0,0,0,0,0,0,0,0,0,125,2026-02-04 04:52:15.443941
SPNG,24.73,24.55,24.73,1164100.0,1689500.0,5000.0,,0,0,0,0,0,0,0,0,0,0,0,0,0,0,0,126,2026-02-04 04:52:16.475119
SMMR,26.84,26.53,26.63,1908600.0,870200.0,,7500.0,0,0,0,0,0,0,0,0,0,0,0,0,0,0,0,126,2026-02-04 04:52:16.475119
ATMN,25.73,25.27,25.68,1764500.0,1054300.0,,7500.0,0,0,0,0,0,0,0,0,0,0,0,0,0,0,0,126,2026-02-04 04:52:16.475119
WNTR,25.55,25.68,25.7,1886800.0,1231100.0,,7500.0,0,0,0,0,0,0,0,0,0,0,0,0,0,0,0,126,2026-02-04 04:52:16.475119
SPNG,25.26,24.55,25.29,1389400.0,1557700.0,,0,0,0,0,0,0,0,0,0,0,0,0,0,0,0,0,127,2026-02-04 04:52:17.501659
SMMR,26.75,26.53,26.6,2017100.0,888500.0,,0,0,0,0,0,0,0,0,0,0,0,0,0,0,0,0,127,2026-02-04 04:52:17.501659
ATMN,25.68,25.27,25.68,1764500.0,1054300.0,6191.0,0,0,0,0,0,0,0,0,0,0,0,0,0,0,0,0,127,2026-02-04 04:52:17.501659
WNTR,25.68,25.68,25.7,2029300.0,1333400.0,,0,0,0,0,0,0,0,0,0,0,0,0,0,0,0,0,127,2026-02-04 04:52:17.501659
SPNG,25.68,24.55,25.45,1503000.0,1573500.0,,0,0,0,0,0,0,0,0,0,0,0,0,0,0,0,0,128,2026-02-04 04:52:18.039398
SMMR,26.84,26.53,26.84,1960900.0,788200.0,,0,0,0,0,0,0,0,0,0,0,0,0,0,0,0,0,128,2026-02-04 04:52:18.039398
ATMN,25.18,25.28,25.61,1647500.0,1139100.0,7500.0,0,0,0,0,0,0,0,0,0,0,0,0,0,0,0,0,128,2026-02-04 04:52:18.039398
WNTR,25.72,25.68,25.72,2123000.0,1236200.0,,0,0,0,0,0,0,0,0,0,0,0,0,0,0,0,0,128,2026-02-04 04:52:18.039398
SPNG,25.76,24.91,25.76,1613800.0,1152.0,1548100.0,,0,0,0,0,0,0,0,0,0,0,0,0,0,0,0,129,2026-02-04 04:52:19.079508
SMMR,26.86,26.54,26.59,1869800.0,7212.0,865200.0,7212.0,0,0,0,0,0,0,0,0,0,0,0,0,0,0,0,129,2026-02-04 04:52:19.079508
ATMN,25.68,25.53,25.68,1757600.0,,1157000.0,,0,0,0,0,0,0,0,0,0,0,0,0,0,0,0,129,2026-02-04 04:52:19.079508
WNTR,25.63,25.63,25.71,1884100.0,,1476400.0,,0,0,0,0,0,0,0,0,0,0,0,0,0,0,0,129,2026-02-04 04:52:19.079508
SPNG,24.92,24.55,24.85,1629300.0,1651700.0,,0,0,0,0,0,0,0,0,0,0,0,0,0,0,0,0,130,2026-02-04 04:52:20.113559
SMMR,26.71,26.66,26.71,1966500.0,865200.0,,0,0,0,0,0,0,0,0,0,0,0,0,0,0,0,0,130,2026-02-04 04:52:20.113559
ATMN,25.09,25.54,25.67,1538200.0,1133500.0,7212.0,0,0,0,0,0,0,0,0,0,0,0,0,0,0,0,0,130,2026-02-04 04:52:20.113559
WNTR,25.63,25.66,25.71,2370700.0,1476400.0,,0,0,0,0,0,0,0,0,0,0,0,0,0,0,0,0,130,2026-02-04 04:52:20.113559
SPNG,24.85,24.62,24.84,2084400.0,7500.0,1651700.0,,0,0,0,0,0,0,0,0,0,0,0,0,0,0,0,131,2026-02-04 04:52:21.151671
SMMR,26.71,26.69,26.71,1864600.0,,946800.0,7212.0,0,0,0,0,0,0,0,0,0,0,0,0,0,0,0,131,2026-02-04 04:52:21.151671
ATMN,25.46,25.46,25.68,1637900.0,,1129500.0,,0,0,0,0,0,0,0,0,0,0,0,0,0,0,0,131,2026-02-04 04:52:21.151671
WNTR,25.66,25.66,25.71,2487300.0,,1476400.0,,0,0,0,0,0,0,0,0,0,0,0,0,0,0,0,131,2026-02-04 04:52:21.151671
SPNG,25.28,25.28,25.73,2163000.0,7500.0,7500.0,1662100.0,,0,0,0,0,0,0,0,0,0,0,0,0,0,0,132,2026-02-04 04:52:22.201542
SMMR,26.84,26.84,26.86,1764000.0,7500.0,7212.0,859100.0,,0,0,0,0,0,0,0,0,0,0,0,0,0,0,132,2026-02-04 04:52:22.201542
ATMN,25.47,25.15,25.41,1545100.0,5000.0,,1242500.0,7212.0,0,0,0,0,0,0,0,0,0,0,0,0,0,0,132,2026-02-04 04:52:22.201542
WNTR,25.54,25.54,25.72,2392900.0,,,1355200.0,,0,0,0,0,0,0,0,0,0,0,0,0,0,0,132,2026-02-04 04:52:22.201542
SPNG,24.62,24.69,25.42,2296300.0,1752300.0,,0,0,0,0,0,0,0,0,0,0,0,0,0,0,0,0,133,2026-02-04 04:52:23.292361
SMMR,26.91,26.88,26.91,1852200.0,847100.0,7212.0,0,0,0,0,0,0,0,0,0,0,0,0,0,0,0,0,133,2026-02-04 04:52:23.292361
ATMN,25.61,25.61,25.68,1751400.0,1250300.0,,0,0,0,0,0,0,0,0,0,0,0,0,0,0,0,0,133,2026-02-04 04:52:23.292361
WNTR,25.82,25.72,25.82,2408700.0,1121400.0,5625.0,0,0,0,0,0,0,0,0,0,0,0,0,0,0,0,0,133,2026-02-04 04:52:23.292361
SPNG,25.14,25.14,25.42,2186900.0,4290.0,1752300.0,,,0,0,0,0,0,0,0,0,0,0,0,0,0,0,134,2026-02-04 04:52:24.327407
SMMR,26.72,26.71,26.72,1950400.0,,925900.0,7500.0,,0,0,0,0,0,0,0,0,0,0,0,0,0,0,134,2026-02-04 04:52:24.327407
ATMN,25.62,25.15,25.2,1633800.0,,1466200.0,7500.0,4290.0,0,0,0,0,0,0,0,0,0,0,0,0,0,0,134,2026-02-04 04:52:24.327407
WNTR,25.72,25.54,25.65,2418900.0,,1340300.0,7500.0,,0,0,0,0,0,0,0,0,0,0,0,0,0,0,134,2026-02-04 04:52:24.327407
SPNG,24.69,25.0,25.41,2331800.0,4290.0,1752300.0,0,0,0,0,0,0,0,0,0,0,0,0,0,0,0,0,135,2026-02-04 04:52:25.370903
SMMR,26.72,26.71,26.73,1952500.0,,1038300.0,0,0,0,0,0,0,0,0,0,0,0,0,0,0,0,0,135,2026-02-04 04:52:25.370903
ATMN,25.68,25.18,25.2,1745700.0,4290.0,1338600.0,0,0,0,0,0,0,0,0,0,0,0,0,0,0,0,0,135,2026-02-04 04:52:25.370903
WNTR,25.64,25.64,25.66,2507500.0,,1561300.0,0,0,0,0,0,0,0,0,0,0,0,0,0,0,0,0,135,2026-02-04 04:52:25.370903
SPNG,24.69,25.08,25.17,2371500.0,1858600.0,4290.0,,,0,0,0,0,0,0,0,0,0,0,0,0,0,0,136,2026-02-04 04:52:26.416349
SMMR,26.71,26.71,26.73,1952500.0,1195700.0,,,,0,0,0,0,0,0,0,0,0,0,0,0,0,0,136,2026-02-04 04:52:26.416349
ATMN,25.18,25.45,25.65,1745700.0,1459700.0,,7233.0,7500.0,0,0,0,0,0,0,0,0,0,0,0,0,0,0,136,2026-02-04 04:52:26.416349
WNTR,25.64,25.54,25.62,2520500.0,1777500.0,,,7500.0,0,0,0,0,0,0,0,0,0,0,0,0,0,0,136,2026-02-04 04:52:26.416349
SPNG,25.17,25.09,25.16,7500.0,2198600.0,7500.0,1946900.0,,0,0,0,0,0,0,0,0,0,0,0,0,0,0,137,2026-02-04 04:52:27.484602
SMMR,26.8,26.71,26.8,7212.0,1853700.0,,1144000.0,,0,0,0,0,0,0,0,0,0,0,0,0,0,0,137,2026-02-04 04:52:27.484602
ATMN,25.18,25.18,25.5,,1962900.0,7500.0,1546900.0,6427.0,0,0,0,0,0,0,0,0,0,0,0,0,0,0,137,2026-02-04 04:52:27.484602
WNTR,25.68,25.54,25.68,,2502500.0,,1663200.0,,0,0,0,0,0,0,0,0,0,0,0,0,0,0,137,2026-02-04 04:52:27.484602
SPNG,25.25,25.25,25.33,2292500.0,2032500.0,,,,0,0,0,0,0,0,0,0,0,0,0,0,0,0,138,2026-02-04 04:52:28.547129
SMMR,26.66,26.67,26.72,1846600.0,1335200.0,6427.0,6427.0,7500.0,0,0,0,0,0,0,0,0,0,0,0,0,0,0,138,2026-02-04 04:52:28.547129
ATMN,25.46,25.3,25.44,2080100.0,1739600.0,,,7500.0,0,0,0,0,0,0,0,0,0,0,0,0,0,0,138,2026-02-04 04:52:28.547129
WNTR,25.55,25.55,25.68,2361400.0,1663200.0,6427.0,,,0,0,0,0,0,0,0,0,0,0,0,0,0,0,138,2026-02-04 04:52:28.547129
SPNG,25.26,25.26,25.33,2161300.0,5000.0,1945900.0,7500.0,,0,0,0,0,0,0,0,0,0,0,0,0,0,0,139,2026-02-04 04:52:29.126885
SMMR,26.66,26.68,26.73,1847400.0,,1335200.0,,5879.0,0,0,0,0,0,0,0,0,0,0,0,0,0,0,139,2026-02-04 04:52:29.126885
ATMN,25.46,25.3,25.44,2312300.0,,1739600.0,,,0,0,0,0,0,0,0,0,0,0,0,0,0,0,139,2026-02-04 04:52:29.126885
WNTR,25.55,25.54,25.66,2486300.0,,1887600.0,7500.0,,0,0,0,0,0,0,0,0,0,0,0,0,0,0,139,2026-02-04 04:52:29.126885
SPNG,25.33,25.35,25.41,2316200.0,5879.0,1963600.0,,0,0,0,0,0,0,0,0,0,0,0,0,0,0,0,140,2026-02-04 04:52:30.161328
SMMR,26.64,26.64,26.7,1938900.0,5879.0,1416900.0,7500.0,0,0,0,0,0,0,0,0,0,0,0,0,0,0,0,140,2026-02-04 04:52:30.161328
ATMN,25.44,25.3,25.44,2204600.0,,1739600.0,,0,0,0,0,0,0,0,0,0,0,0,0,0,0,0,140,2026-02-04 04:52:30.161328
WNTR,25.54,25.5,25.53,2470700.0,,2261500.0,,0,0,0,0,0,0,0,0,0,0,0,0,0,0,0,140,2026-02-04 04:52:30.161328
SPNG,25.42,25.01,25.42,7500.0,2210400.0,2050200.0,,0,0,0,0,0,0,0,0,0,0,0,0,0,0,0,141,2026-02-04 04:52:31.208963
SMMR,26.73,26.7,26.73,,1947400.0,1414400.0,,0,0,0,0,0,0,0,0,0,0,0,0,0,0,0,141,2026-02-04 04:52:31.208963
ATMN,25.44,25.32,25.44,,2065700.0,1863800.0,4574.0,0,0,0,0,0,0,0,0,0,0,0,0,0,0,0,141,2026-02-04 04:52:31.208963
WNTR,25.6,25.6,25.66,,2457500.0,2223800.0,,0,0,0,0,0,0,0,0,0,0,0,0,0,0,0,141,2026-02-04 04:52:31.208963
SPNG,25.42,25.02,25.41,7500.0,2165900.0,7500.0,1979600.0,0,0,0,0,0,0,0,0,0,0,0,0,0,0,0,142,2026-02-04 04:52:32.257563
SMMR,26.65,26.65,26.73,,1938900.0,,1414400.0,0,0,0,0,0,0,0,0,0,0,0,0,0,0,0,142,2026-02-04 04:52:32.257563
ATMN,25.44,25.35,25.44,,2159000.0,,2108400.0,0,0,0,0,0,0,0,0,0,0,0,0,0,0,0,142,2026-02-04 04:52:32.257563
WNTR,25.5,25.5,25.63,,2470700.0,,2208100.0,0,0,0,0,0,0,0,0,0,0,0,0,0,0,0,142,2026-02-04 04:52:32.257563
SPNG,25.42,25.03,25.42,7500.0,2163700.0,2092300.0,,,0,0,0,0,0,0,0,0,0,0,0,0,0,0,143,2026-02-04 04:52:33.313032
SMMR,26.83,26.66,26.82,7500.0,1849400.0,1327000.0,7500.0,,0,0,0,0,0,0,0,0,0,0,0,0,0,0,143,2026-02-04 04:52:33.313032
ATMN,25.47,25.38,25.47,7500.0,2042300.0,2014800.0,,,0,0,0,0,0,0,0,0,0,0,0,0,0,0,143,2026-02-04 04:52:33.313032
WNTR,25.63,25.48,25.63,,2486800.0,2086300.0,,7500.0,0,0,0,0,0,0,0,0,0,0,0,0,0,0,143,2026-02-04 04:52:33.313032
SPNG,25.31,25.31,25.42,2288800.0,2116100.0,,,,0,0,0,0,0,0,0,0,0,0,0,0,0,0,144,2026-02-04 04:52:34.354703
SMMR,26.88,26.66,26.88,1853400.0,1301300.0,7500.0,,,0,0,0,0,0,0,0,0,0,0,0,0,0,0,144,2026-02-04 04:52:34.354703
ATMN,25.35,25.39,25.43,2055700.0,2014800.0,,7500.0,7500.0,0,0,0,0,0,0,0,0,0,0,0,0,0,0,144,2026-02-04 04:52:34.354703
WNTR,25.47,25.47,25.61,2307600.0,2213800.0,,,,0,0,0,0,0,0,0,0,0,0,0,0,0,0,144,2026-02-04 04:52:34.354703
SPNG,25.32,25.0,25.32,2304400.0,2014400.0,7500.0,,0,0,0,0,0,0,0,0,0,0,0,0,0,0,0,145,2026-02-04 04:52:35.457888
SMMR,26.66,26.69,26.83,1955800.0,1397600.0,,,0,0,0,0,0,0,0,0,0,0,0,0,0,0,0,145,2026-02-04 04:52:35.457888
ATMN,25.63,25.3,25.49,2224000.0,1680300.0,,7500.0,0,0,0,0,0,0,0,0,0,0,0,0,0,0,0,145,2026-02-04 04:52:35.457888
WNTR,25.46,25.57,25.59,2511900.0,2030400.0,7500.0,7500.0,0,0,0,0,0,0,0,0,0,0,0,0,0,0,0,145,2026-02-04 04:52:35.457888
SPNG,25.42,25.04,25.42,2176400.0,7500.0,2118500.0,,,0,0,0,0,0,0,0,0,0,0,0,0,0,0,146,2026-02-04 04:52:36.520345
SMMR,26.66,26.71,26.82,1956100.0,,1397600.0,7500.0,,0,0,0,0,0,0,0,0,0,0,0,0,0,0,146,2026-02-04 04:52:36.520345
ATMN,25.5,25.36,25.48,2188400.0,,1787400.0,5000.0,,0,0,0,0,0,0,0,0,0,0,0,0,0,0,146,2026-02-04 04:52:36.520345
WNTR,25.44,25.44,25.52,2541500.0,,2033400.0,7500.0,7500.0,0,0,0,0,0,0,0,0,0,0,0,0,0,0,146,2026-02-04 04:52:36.520345
SPNG,25.19,25.18,25.19,2268800.0,2021900.0,7500.0,,,,0,0,0,0,0,0,0,0,0,0,0,0,0,147,2026-02-04 04:52:37.563749
SMMR,26.6,26.61,26.72,1889100.0,1498800.0,5625.0,7500.0,7500.0,,0,0,0,0,0,0,0,0,0,0,0,0,0,147,2026-02-04 04:52:37.563749
ATMN,25.66,25.36,25.66,1966300.0,1558800.0,,2500.0,,7500.0,0,0,0,0,0,0,0,0,0,0,0,0,0,147,2026-02-04 04:52:37.563749
WNTR,25.42,25.42,25.5,2553900.0,2042700.0,7500.0,,7500.0,,0,0,0,0,0,0,0,0,0,0,0,0,0,147,2026-02-04 04:52:37.563749
SPNG,25.19,25.15,25.19,2293800.0,2021900.0,6093.0,,0,0,0,0,0,0,0,0,0,0,0,0,0,0,0,148,2026-02-04 04:52:38.611008
SMMR,26.72,26.68,26.72,2002500.0,1609100.0,5625.0,,0,0,0,0,0,0,0,0,0,0,0,0,0,0,0,148,2026-02-04 04:52:38.611008
ATMN,25.24,25.24,25.66,2215100.0,1676300.0,,,0,0,0,0,0,0,0,0,0,0,0,0,0,0,0,148,2026-02-04 04:52:38.611008
WNTR,25.42,25.44,25.49,2514700.0,2042700.0,7500.0,7500.0,0,0,0,0,0,0,0,0,0,0,0,0,0,0,0,148,2026-02-04 04:52:38.611008
SPNG,25.19,25.15,25.19,2259800.0,2094100.0,6093.0,,,0,0,0,0,0,0,0,0,0,0,0,0,0,0,149,2026-02-04 04:52:39.647311
SMMR,26.56,26.66,26.72,1958900.0,1609100.0,,,,0,0,0,0,0,0,0,0,0,0,0,0,0,0,149,2026-02-04 04:52:39.647311
ATMN,25.24,25.25,25.36,2045900.0,1786600.0,2695.0,2695.0,,0,0,0,0,0,0,0,0,0,0,0,0,0,0,149,2026-02-04 04:52:39.647311
WNTR,25.44,25.44,25.47,2490800.0,2042700.0,7500.0,,7500.0,0,0,0,0,0,0,0,0,0,0,0,0,0,0,149,2026-02-04 04:52:39.647311
SPNG,25.19,25.16,25.19,7500.0,2129600.0,2072000.0,6093.0,,,0,0,0,0,0,0,0,0,0,0,0,0,0,150,2026-02-04 04:52:40.182021
SMMR,26.56,26.67,26.71,7500.0,1860200.0,1609100.0,5625.0,7500.0,,0,0,0,0,0,0,0,0,0,0,0,0,0,150,2026-02-04 04:52:40.182021
ATMN,25.24,25.26,25.36,2500.0,1940600.0,1907600.0,2695.0,,2695.0,0,0,0,0,0,0,0,0,0,0,0,0,0,150,2026-02-04 04:52:40.182021
WNTR,25.4,25.4,25.46,,2530600.0,2042700.0,7500.0,7500.0,,0,0,0,0,0,0,0,0,0,0,0,0,0,150,2026-02-04 04:52:40.182021
SPNG,25.2,25.04,25.2,2282700.0,2130300.0,,,0,0,0,0,0,0,0,0,0,0,0,0,0,0,0,151,2026-02-04 04:52:41.216416
SMMR,26.72,26.66,26.72,1954600.0,1507900.0,5625.0,,0,0,0,0,0,0,0,0,0,0,0,0,0,0,0,151,2026-02-04 04:52:41.216416
ATMN,25.36,25.55,25.66,2026000.0,1797300.0,,2695.0,0,0,0,0,0,0,0,0,0,0,0,0,0,0,0,151,2026-02-04 04:52:41.216416
WNTR,25.49,25.4,25.44,2530600.0,2279100.0,,,0,0,0,0,0,0,0,0,0,0,0,0,0,0,0,151,2026-02-04 04:52:41.216416
SPNG,25.27,25.27,25.33,2259700.0,2089600.0,,,,,0,0,0,0,0,0,0,0,0,0,0,0,0,152,2026-02-04 04:52:42.252434
SMMR,26.83,26.68,26.83,1943200.0,1397600.0,,,,,0,0,0,0,0,0,0,0,0,0,0,0,0,152,2026-02-04 04:52:42.252434
ATMN,25.55,25.27,25.45,2056000.0,2025800.0,6093.0,7500.0,,,0,0,0,0,0,0,0,0,0,0,0,0,0,152,2026-02-04 04:52:42.252434
WNTR,25.39,25.41,25.43,2397300.0,2047600.0,,7500.0,7500.0,6093.0,0,0,0,0,0,0,0,0,0,0,0,0,0,152,2026-02-04 04:52:42.252434
SPNG,25.27,25.04,25.15,2273000.0,2162300.0,,,,,0,0,0,0,0,0,0,0,0,0,0,0,0,153,2026-02-04 04:52:43.298430
SMMR,26.66,26.66,26.83,1937700.0,1601100.0,,,,,0,0,0,0,0,0,0,0,0,0,0,0,0,153,2026-02-04 04:52:43.298430
ATMN,25.46,25.47,25.54,1825500.0,2050500.0,7500.0,8788.0,7500.0,,0,0,0,0,0,0,0,0,0,0,0,0,0,153,2026-02-04 04:52:43.298430
WNTR,25.35,25.35,25.37,2450300.0,2089000.0,,,7500.0,6093.0,0,0,0,0,0,0,0,0,0,0,0,0,0,153,2026-02-04 04:52:43.298430
SPNG,25.33,25.04,25.14,2273000.0,6826.0,2064700.0,0,0,0,0,0,0,0,0,0,0,0,0,0,0,0,0,154,2026-02-04 04:52:44.328045
SMMR,26.8,26.8,26.82,1949700.0,6467.0,1677000.0,0,0,0,0,0,0,0,0,0,0,0,0,0,0,0,0,154,2026-02-04 04:52:44.328045
ATMN,25.27,25.27,25.54,2161300.0,,2133800.0,0,0,0,0,0,0,0,0,0,0,0,0,0,0,0,0,154,2026-02-04 04:52:44.328045
WNTR,25.44,25.35,25.44,2313700.0,,2309400.0,0,0,0,0,0,0,0,0,0,0,0,0,0,0,0,0,154,2026-02-04 04:52:44.328045
SPNG,25.14,25.2,25.33,2298400.0,2166600.0,,,0,0,0,0,0,0,0,0,0,0,0,0,0,0,0,155,2026-02-04 04:52:45.362680
SMMR,26.66,26.66,26.67,1934900.0,1781100.0,6467.0,,0,0,0,0,0,0,0,0,0,0,0,0,0,0,0,155,2026-02-04 04:52:45.362680
ATMN,25.54,25.24,25.52,2170400.0,2062600.0,,7500.0,0,0,0,0,0,0,0,0,0,0,0,0,0,0,0,155,2026-02-04 04:52:45.362680
WNTR,25.48,25.34,25.36,2165100.0,2178200.0,,7500.0,0,0,0,0,0,0,0,0,0,0,0,0,0,0,0,155,2026-02-04 04:52:45.362680
SPNG,25.2,25.2,25.42,2167700.0,6826.0,2149800.0,0,0,0,0,0,0,0,0,0,0,0,0,0,0,0,0,156,2026-02-04 04:52:46.404471
SMMR,26.83,26.84,26.88,1938900.0,,1761700.0,0,0,0,0,0,0,0,0,0,0,0,0,0,0,0,0,156,2026-02-04 04:52:46.404471
ATMN,25.18,25.18,25.55,2212800.0,,2111400.0,0,0,0,0,0,0,0,0,0,0,0,0,0,0,0,0,156,2026-02-04 04:52:46.404471
WNTR,25.29,25.29,25.3,2178900.0,,2291900.0,0,0,0,0,0,0,0,0,0,0,0,0,0,0,0,0,156,2026-02-04 04:52:46.404471
SPNG,25.04,25.04,25.13,2271300.0,2018000.0,7500.0,,,0,0,0,0,0,0,0,0,0,0,0,0,0,0,157,2026-02-04 04:52:47.435958
SMMR,26.79,26.67,26.79,1845700.0,1682100.0,7500.0,7500.0,7354.0,0,0,0,0,0,0,0,0,0,0,0,0,0,0,157,2026-02-04 04:52:47.435958
ATMN,25.18,25.42,25.55,2086500.0,2021300.0,,5000.0,7410.0,0,0,0,0,0,0,0,0,0,0,0,0,0,0,157,2026-02-04 04:52:47.435958
WNTR,25.48,25.3,25.39,2178900.0,2161400.0,7500.0,2500.0,,0,0,0,0,0,0,0,0,0,0,0,0,0,0,157,2026-02-04 04:52:47.435958
SPNG,25.24,25.39,25.42,2142800.0,3809.0,2149800.0,,,0,0,0,0,0,0,0,0,0,0,0,0,0,0,158,2026-02-04 04:52:48.483385
SMMR,26.81,26.62,26.81,1949700.0,,1823500.0,,,0,0,0,0,0,0,0,0,0,0,0,0,0,0,158,2026-02-04 04:52:48.483385
ATMN,25.42,25.42,25.5,2194100.0,,1928500.0,7410.0,5000.0,0,0,0,0,0,0,0,0,0,0,0,0,0,0,158,2026-02-04 04:52:48.483385
WNTR,25.39,25.31,25.39,1914900.0,3809.0,2298000.0,,,0,0,0,0,0,0,0,0,0,0,0,0,0,0,158,2026-02-04 04:52:48.483385
SPNG,24.94,24.94,25.4,2274000.0,2154100.0,,0,0,0,0,0,0,0,0,0,0,0,0,0,0,0,0,159,2026-02-04 04:52:49.549738
SMMR,26.81,26.69,26.79,1940800.0,1756300.0,7354.0,0,0,0,0,0,0,0,0,0,0,0,0,0,0,0,0,159,2026-02-04 04:52:49.549738
ATMN,25.38,25.28,25.38,2155300.0,2037400.0,7410.0,0,0,0,0,0,0,0,0,0,0,0,0,0,0,0,0,159,2026-02-04 04:52:49.549738
WNTR,25.19,25.33,25.38,1889000.0,2187600.0,3809.0,0,0,0,0,0,0,0,0,0,0,0,0,0,0,0,0,159,2026-02-04 04:52:49.549738
SPNG,24.95,24.94,24.95,2274000.0,1943000.0,7500.0,2856.0,0,0,0,0,0,0,0,0,0,0,0,0,0,0,0,160,2026-02-04 04:52:50.600870
SMMR,26.82,26.78,26.82,1957200.0,1857000.0,,,0,0,0,0,0,0,0,0,0,0,0,0,0,0,0,160,2026-02-04 04:52:50.600870
ATMN,25.28,25.28,25.38,2131700.0,2037400.0,,7410.0,0,0,0,0,0,0,0,0,0,0,0,0,0,0,0,160,2026-02-04 04:52:50.600870
WNTR,25.29,25.29,25.36,1918000.0,2187600.0,7500.0,,0,0,0,0,0,0,0,0,0,0,0,0,0,0,0,160,2026-02-04 04:52:50.600870
SPNG,24.96,24.99,25.4,2221300.0,2154100.0,,,,0,0,0,0,0,0,0,0,0,0,0,0,0,0,161,2026-02-04 04:52:51.636844
SMMR,26.78,26.78,26.82,1943700.0,1857000.0,,,,0,0,0,0,0,0,0,0,0,0,0,0,0,0,161,2026-02-04 04:52:51.636844
ATMN,25.17,25.36,25.37,2118600.0,1950800.0,7500.0,7410.0,,0,0,0,0,0,0,0,0,0,0,0,0,0,0,161,2026-02-04 04:52:51.636844
WNTR,25.25,25.3,25.35,2050300.0,2087500.0,7500.0,3809.0,3809.0,0,0,0,0,0,0,0,0,0,0,0,0,0,0,161,2026-02-04 04:52:51.636844
SPNG,24.94,25.36,25.4,2243500.0,2048800.0,2856.0,0,0,0,0,0,0,0,0,0,0,0,0,0,0,0,0,162,2026-02-04 04:52:52.670578
SMMR,26.87,26.78,26.81,1943700.0,1740800.0,4933.0,0,0,0,0,0,0,0,0,0,0,0,0,0,0,0,0,162,2026-02-04 04:52:52.670578
ATMN,25.45,25.45,25.5,2088100.0,2168400.0,,0,0,0,0,0,0,0,0,0,0,0,0,0,0,0,0,162,2026-02-04 04:52:52.670578
WNTR,25.31,25.25,25.3,2050300.0,2335200.0,,0,0,0,0,0,0,0,0,0,0,0,0,0,0,0,0,162,2026-02-04 04:52:52.670578
SPNG,24.92,24.92,25.4,2249500.0,2057100.0,2856.0,,0,0,0,0,0,0,0,0,0,0,0,0,0,0,0,163,2026-02-04 04:52:53.722511
SMMR,26.88,26.6,26.88,1933600.0,1832700.0,,,0,0,0,0,0,0,0,0,0,0,0,0,0,0,0,163,2026-02-04 04:52:53.722511
ATMN,25.17,25.16,25.17,2178800.0,2190300.0,,,0,0,0,0,0,0,0,0,0,0,0,0,0,0,0,163,2026-02-04 04:52:53.722511
WNTR,24.98,24.98,25.29,1892800.0,2216200.0,,7500.0,0,0,0,0,0,0,0,0,0,0,0,0,0,0,0,163,2026-02-04 04:52:53.722511
SPNG,24.91,24.91,25.39,2250000.0,7500.0,2035200.0,,,,0,0,0,0,0,0,0,0,0,0,0,0,0,164,2026-02-04 04:52:54.267429
SMMR,26.88,26.75,26.87,1842500.0,5000.0,1768800.0,7500.0,,,0,0,0,0,0,0,0,0,0,0,0,0,0,164,2026-02-04 04:52:54.267429
ATMN,25.16,25.16,25.49,2178800.0,,2084200.0,,6786.0,,0,0,0,0,0,0,0,0,0,0,0,0,0,164,2026-02-04 04:52:54.267429
WNTR,25.3,25.3,25.36,2124900.0,,2304900.0,,,6786.0,0,0,0,0,0,0,0,0,0,0,0,0,0,164,2026-02-04 04:52:54.267429
SPNG,25.44,25.26,25.38,2284300.0,2138800.0,,,,,0,0,0,0,0,0,0,0,0,0,0,0,0,165,2026-02-04 04:52:55.310434
SMMR,26.6,26.76,26.85,1843700.0,1669600.0,7500.0,7500.0,5803.0,,0,0,0,0,0,0,0,0,0,0,0,0,0,165,2026-02-04 04:52:55.310434
ATMN,25.4,25.3,25.32,2149000.0,2091200.0,,,6786.0,,0,0,0,0,0,0,0,0,0,0,0,0,0,165,2026-02-04 04:52:55.310434
WNTR,25.06,25.14,25.27,2120600.0,2207500.0,7500.0,,5803.0,5803.0,0,0,0,0,0,0,0,0,0,0,0,0,0,165,2026-02-04 04:52:55.310434
SPNG,25.26,25.26,25.37,2284300.0,7500.0,2029300.0,,0,0,0,0,0,0,0,0,0,0,0,0,0,0,0,166,2026-02-04 04:52:56.345694
SMMR,26.58,26.58,26.84,1941200.0,5000.0,1669600.0,5803.0,0,0,0,0,0,0,0,0,0,0,0,0,0,0,0,166,2026-02-04 04:52:56.345694
ATMN,25.55,25.3,25.32,2147800.0,,2083600.0,6786.0,0,0,0,0,0,0,0,0,0,0,0,0,0,0,0,166,2026-02-04 04:52:56.345694
WNTR,25.27,25.3,25.38,2318300.0,,2305000.0,,0,0,0,0,0,0,0,0,0,0,0,0,0,0,0,166,2026-02-04 04:52:56.345694
SPNG,25.38,24.91,25.38,2250000.0,2146200.0,,0,0,0,0,0,0,0,0,0,0,0,0,0,0,0,0,167,2026-02-04 04:52:57.384875
SMMR,26.88,26.56,26.82,1979000.0,1779600.0,7500.0,0,0,0,0,0,0,0,0,0,0,0,0,0,0,0,0,167,2026-02-04 04:52:57.384875
ATMN,25.6,25.3,25.59,2108500.0,2087800.0,7500.0,0,0,0,0,0,0,0,0,0,0,0,0,0,0,0,0,167,2026-02-04 04:52:57.384875
WNTR,25.39,25.14,25.37,2217100.0,2225000.0,7500.0,0,0,0,0,0,0,0,0,0,0,0,0,0,0,0,0,167,2026-02-04 04:52:57.384875
SPNG,24.98,24.91,24.98,2250000.0,1983000.0,4107.0,7500.0,,0,0,0,0,0,0,0,0,0,0,0,0,0,0,168,2026-02-04 04:52:58.425753
SMMR,26.6,26.68,26.83,1942600.0,1779600.0,5803.0,,,0,0,0,0,0,0,0,0,0,0,0,0,0,0,168,2026-02-04 04:52:58.425753
ATMN,25.3,25.3,25.6,2003200.0,2213000.0,,,6786.0,0,0,0,0,0,0,0,0,0,0,0,0,0,0,168,2026-02-04 04:52:58.425753
WNTR,25.17,25.14,25.17,2343800.0,2361200.0,,,,0,0,0,0,0,0,0,0,0,0,0,0,0,0,168,2026-02-04 04:52:58.425753
SPNG,24.98,25.02,25.43,2105500.0,7500.0,7500.0,2051900.0,,0,0,0,0,0,0,0,0,0,0,0,0,0,0,169,2026-02-04 04:52:59.465906
SMMR,26.6,26.74,26.88,1947000.0,,,1873000.0,,0,0,0,0,0,0,0,0,0,0,0,0,0,0,169,2026-02-04 04:52:59.465906
ATMN,25.3,25.3,25.33,2003200.0,,,2208700.0,6786.0,0,0,0,0,0,0,0,0,0,0,0,0,0,0,169,2026-02-04 04:52:59.465906
WNTR,25.17,25.17,25.39,2470800.0,,,2351000.0,,0,0,0,0,0,0,0,0,0,0,0,0,0,0,169,2026-02-04 04:52:59.465906
SPNG,25.02,24.92,24.99,3951.0,2117600.0,2073000.0,7500.0,,0,0,0,0,0,0,0,0,0,0,0,0,0,0,170,2026-02-04 04:53:00.501962
SMMR,26.74,26.57,26.61,4815.0,1860400.0,1866200.0,,,0,0,0,0,0,0,0,0,0,0,0,0,0,0,170,2026-02-04 04:53:00.501962
ATMN,25.3,25.3,25.33,6786.0,2001100.0,2197600.0,,,0,0,0,0,0,0,0,0,0,0,0,0,0,0,170,2026-02-04 04:53:00.501962
WNTR,25.17,25.18,25.23,,2291300.0,2225400.0,5000.0,7500.0,0,0,0,0,0,0,0,0,0,0,0,0,0,0,170,2026-02-04 04:53:00.501962
SPNG,25.51,25.24,25.35,1990900.0,7500.0,4107.0,2083400.0,7500.0,,0,0,0,0,0,0,0,0,0,0,0,0,0,171,2026-02-04 04:53:01.547637
SMMR,26.74,26.56,26.57,1944400.0,,,1865500.0,,,0,0,0,0,0,0,0,0,0,0,0,0,0,171,2026-02-04 04:53:01.547637
ATMN,25.23,25.27,25.45,2132500.0,,,2108800.0,7500.0,,0,0,0,0,0,0,0,0,0,0,0,0,0,171,2026-02-04 04:53:01.547637
WNTR,25.17,25.19,25.23,2151700.0,5000.0,3573.0,2225400.0,,3573.0,0,0,0,0,0,0,0,0,0,0,0,0,0,171,2026-02-04 04:53:01.547637
SPNG,24.86,25.24,25.27,4107.0,2110500.0,2117000.0,7500.0,0,0,0,0,0,0,0,0,0,0,0,0,0,0,0,172,2026-02-04 04:53:02.592536
SMMR,26.57,26.56,26.57,4815.0,1864500.0,1865500.0,,0,0,0,0,0,0,0,0,0,0,0,0,0,0,0,172,2026-02-04 04:53:02.592536
ATMN,25.4,25.27,25.28,,2161300.0,2106400.0,7500.0,0,0,0,0,0,0,0,0,0,0,0,0,0,0,0,172,2026-02-04 04:53:02.592536
WNTR,25.24,25.31,25.38,,2368100.0,2219700.0,7500.0,0,0,0,0,0,0,0,0,0,0,0,0,0,0,0,172,2026-02-04 04:53:02.592536
SPNG,24.86,25.24,25.26,4107.0,2116000.0,7500.0,2119200.0,0,0,0,0,0,0,0,0,0,0,0,0,0,0,0,173,2026-02-04 04:53:03.628101
SMMR,26.61,26.65,26.72,,1955200.0,,1849500.0,0,0,0,0,0,0,0,0,0,0,0,0,0,0,0,173,2026-02-04 04:53:03.628101
ATMN,25.46,25.27,25.42,,2161300.0,,2216000.0,0,0,0,0,0,0,0,0,0,0,0,0,0,0,0,173,2026-02-04 04:53:03.628101
WNTR,25.28,25.25,25.28,,2387000.0,,2346800.0,0,0,0,0,0,0,0,0,0,0,0,0,0,0,0,173,2026-02-04 04:53:03.628101
SPNG,24.82,24.82,25.26,2249700.0,7500.0,2119200.0,,,,0,0,0,0,0,0,0,0,0,0,0,0,0,174,2026-02-04 04:53:04.663499
SMMR,26.56,26.57,26.71,1863900.0,7500.0,1769200.0,7500.0,,,0,0,0,0,0,0,0,0,0,0,0,0,0,174,2026-02-04 04:53:04.663499
ATMN,25.19,25.28,25.4,2038100.0,7500.0,2021600.0,5000.0,5580.0,,0,0,0,0,0,0,0,0,0,0,0,0,0,174,2026-02-04 04:53:04.663499
WNTR,25.39,25.25,25.35,2244500.0,7500.0,2248900.0,,,3573.0,0,0,0,0,0,0,0,0,0,0,0,0,0,174,2026-02-04 04:53:04.663499
SPNG,25.27,24.82,25.27,2249700.0,2221100.0,,,0,0,0,0,0,0,0,0,0,0,0,0,0,0,0,175,2026-02-04 04:53:05.704264
SMMR,26.9,26.7,26.71,1881000.0,1758400.0,7500.0,7500.0,0,0,0,0,0,0,0,0,0,0,0,0,0,0,0,175,2026-02-04 04:53:05.704264
ATMN,25.19,25.28,25.4,2038100.0,2113600.0,1920.0,7500.0,0,0,0,0,0,0,0,0,0,0,0,0,0,0,0,175,2026-02-04 04:53:05.704264
WNTR,25.2,25.17,25.2,2398600.0,2281900.0,,7500.0,0,0,0,0,0,0,0,0,0,0,0,0,0,0,0,175,2026-02-04 04:53:05.704264
SPNG,25.35,24.82,24.85,2267200.0,6105.0,2093300.0,,0,0,0,0,0,0,0,0,0,0,0,0,0,0,0,176,2026-02-04 04:53:06.746928
SMMR,26.7,26.7,26.75,1977100.0,,1837600.0,,0,0,0,0,0,0,0,0,0,0,0,0,0,0,0,176,2026-02-04 04:53:06.746928
ATMN,25.29,25.19,25.22,2167600.0,5580.0,2148700.0,,0,0,0,0,0,0,0,0,0,0,0,0,0,0,0,176,2026-02-04 04:53:06.746928
WNTR,25.35,25.21,25.34,2395900.0,,2248900.0,7500.0,0,0,0,0,0,0,0,0,0,0,0,0,0,0,0,176,2026-02-04 04:53:06.746928
SPNG,25.35,24.83,24.85,6105.0,2139500.0,6105.0,2093300.0,0,0,0,0,0,0,0,0,0,0,0,0,0,0,0,177,2026-02-04 04:53:07.782236
SMMR,26.75,26.68,26.75,,1955900.0,,1837600.0,0,0,0,0,0,0,0,0,0,0,0,0,0,0,0,177,2026-02-04 04:53:07.782236
ATMN,25.16,25.16,25.4,,2157100.0,5580.0,2151900.0,0,0,0,0,0,0,0,0,0,0,0,0,0,0,0,177,2026-02-04 04:53:07.782236
WNTR,25.35,25.21,25.26,,2383400.0,,2391800.0,0,0,0,0,0,0,0,0,0,0,0,0,0,0,0,177,2026-02-04 04:53:07.782236
SPNG,25.35,24.83,24.85,6105.0,2069200.0,6105.0,2093300.0,0,0,0,0,0,0,0,0,0,0,0,0,0,0,0,178,2026-02-04 04:53:08.810694
SMMR,26.55,26.55,26.75,,1942800.0,,1837600.0,0,0,0,0,0,0,0,0,0,0,0,0,0,0,0,178,2026-02-04 04:53:08.810694
ATMN,25.41,25.14,25.41,,2195400.0,,2248700.0,0,0,0,0,0,0,0,0,0,0,0,0,0,0,0,178,2026-02-04 04:53:08.810694
WNTR,25.35,25.21,25.24,,2383400.0,,2367000.0,0,0,0,0,0,0,0,0,0,0,0,0,0,0,0,178,2026-02-04 04:53:08.810694
SPNG,25.35,24.83,24.85,6105.0,2069200.0,6105.0,2093300.0,0,0,0,0,0,0,0,0,0,0,0,0,0,0,0,179,2026-02-04 04:53:09.347356
SMMR,26.55,26.7,26.75,,1961500.0,,1837600.0,0,0,0,0,0,0,0,0,0,0,0,0,0,0,0,179,2026-02-04 04:53:09.347356
ATMN,25.13,25.13,25.36,,2209200.0,,2261500.0,0,0,0,0,0,0,0,0,0,0,0,0,0,0,0,179,2026-02-04 04:53:09.347356
WNTR,25.24,25.21,25.24,,2383400.0,,2380200.0,0,0,0,0,0,0,0,0,0,0,0,0,0,0,0,179,2026-02-04 04:53:09.347356
SPNG,25.39,25.48,0.0,200000.0,6105.0,0,0,0,0,0,0,0,0,0,0,0,0,0,0,0,0,0,180,2026-02-04 04:53:10.420967
SMMR,26.7,25.27,0.0,200000.0,,0,0,0,0,0,0,0,0,0,0,0,0,0,0,0,0,0,180,2026-02-04 04:53:10.420967
ATMN,25.36,24.58,0.0,200000.0,,0,0,0,0,0,0,0,0,0,0,0,0,0,0,0,0,0,180,2026-02-04 04:53:10.420967
WNTR,25.24,25.6,0.0,200000.0,,0,0,0,0,0,0,0,0,0,0,0,0,0,0,0,0,0,180,2026-02-04 04:53:10.420967
SPNG,25.39,25.48,25.66,990100.0,6105.0,883000.0,0,0,0,0,0,0,0,0,0,0,0,0,0,0,0,0,181,2026-02-04 04:53:11.458646
SMMR,26.7,25.48,25.56,803900.0,,1009900.0,0,0,0,0,0,0,0,0,0,0,0,0,0,0,0,0,181,2026-02-04 04:53:11.458646
ATMN,25.48,25.48,25.84,884400.0,,917300.0,0,0,0,0,0,0,0,0,0,0,0,0,0,0,0,0,181,2026-02-04 04:53:11.458646
WNTR,25.24,25.6,25.7,1035000.0,,1031400.0,0,0,0,0,0,0,0,0,0,0,0,0,0,0,0,0,181,2026-02-04 04:53:11.458646
SPNG,25.71,25.48,25.71,890100.0,6105.0,885300.0,0,0,0,0,0,0,0,0,0,0,0,0,0,0,0,0,182,2026-02-04 04:53:12.499305
SMMR,25.27,25.27,25.4,816600.0,,1219900.0,0,0,0,0,0,0,0,0,0,0,0,0,0,0,0,0,182,2026-02-04 04:53:12.499305
ATMN,25.48,25.48,25.49,884400.0,,1223200.0,0,0,0,0,0,0,0,0,0,0,0,0,0,0,0,0,182,2026-02-04 04:53:12.499305
WNTR,25.67,25.6,25.67,1035000.0,,1142900.0,0,0,0,0,0,0,0,0,0,0,0,0,0,0,0,0,182,2026-02-04 04:53:12.499305
SPNG,25.71,25.48,25.71,978800.0,6105.0,1109800.0,0,0,0,0,0,0,0,0,0,0,0,0,0,0,0,0,183,2026-02-04 04:53:13.538040
SMMR,25.27,25.27,25.4,932600.0,,1310900.0,0,0,0,0,0,0,0,0,0,0,0,0,0,0,0,0,183,2026-02-04 04:53:13.538040
ATMN,25.25,25.15,25.17,932400.0,,1428500.0,0,0,0,0,0,0,0,0,0,0,0,0,0,0,0,0,183,2026-02-04 04:53:13.538040
WNTR,25.6,25.6,25.67,1058300.0,,1396500.0,0,0,0,0,0,0,0,0,0,0,0,0,0,0,0,0,183,2026-02-04 04:53:13.538040
SPNG,25.48,25.69,25.71,985100.0,6105.0,1212500.0,0,0,0,0,0,0,0,0,0,0,0,0,0,0,0,0,184,2026-02-04 04:53:14.569265
SMMR,25.4,25.27,25.4,832600.0,,1430000.0,0,0,0,0,0,0,0,0,0,0,0,0,0,0,0,0,184,2026-02-04 04:53:14.569265
ATMN,25.15,24.58,24.7,983600.0,,1745100.0,0,0,0,0,0,0,0,0,0,0,0,0,0,0,0,0,184,2026-02-04 04:53:14.569265
WNTR,25.67,25.5,25.67,958300.0,,1508900.0,0,0,0,0,0,0,0,0,0,0,0,0,0,0,0,0,184,2026-02-04 04:53:14.569265
SPNG,25.71,25.43,25.58,878800.0,1423300.0,7500.0,,0,0,0,0,0,0,0,0,0,0,0,0,0,0,0,185,2026-02-04 04:53:15.629225
SMMR,25.15,25.11,25.15,843500.0,1450000.0,7500.0,,0,0,0,0,0,0,0,0,0,0,0,0,0,0,0,185,2026-02-04 04:53:15.629225
ATMN,24.58,24.58,24.69,980500.0,1893700.0,7500.0,5973.0,0,0,0,0,0,0,0,0,0,0,0,0,0,0,0,185,2026-02-04 04:53:15.629225
WNTR,25.74,25.38,25.69,1041600.0,1272300.0,5000.0,,0,0,0,0,0,0,0,0,0,0,0,0,0,0,0,185,2026-02-04 04:53:15.629225
SPNG,25.58,25.44,25.57,7500.0,7500.0,1099200.0,7500.0,1544300.0,0,0,0,0,0,0,0,0,0,0,0,0,0,0,186,2026-02-04 04:53:16.688375
SMMR,25.01,25.12,25.24,,2500.0,859400.0,7500.0,1432400.0,0,0,0,0,0,0,0,0,0,0,0,0,0,0,186,2026-02-04 04:53:16.688375
ATMN,24.58,24.26,24.51,,,1326400.0,7500.0,1982900.0,0,0,0,0,0,0,0,0,0,0,0,0,0,0,186,2026-02-04 04:53:16.688375
WNTR,25.69,25.69,25.74,,,1184700.0,,1272300.0,0,0,0,0,0,0,0,0,0,0,0,0,0,0,186,2026-02-04 04:53:16.688375
SPNG,25.3,25.3,25.56,1138400.0,7500.0,7500.0,1642400.0,,0,0,0,0,0,0,0,0,0,0,0,0,0,0,187,2026-02-04 04:53:17.725369
SMMR,25.26,25.26,25.37,951500.0,,,1531100.0,7500.0,0,0,0,0,0,0,0,0,0,0,0,0,0,0,187,2026-02-04 04:53:17.725369
ATMN,24.58,24.45,24.52,1552500.0,,,2084400.0,,0,0,0,0,0,0,0,0,0,0,0,0,0,0,187,2026-02-04 04:53:17.725369
WNTR,25.69,25.59,25.62,1068200.0,,,1638300.0,7500.0,0,0,0,0,0,0,0,0,0,0,0,0,0,0,187,2026-02-04 04:53:17.725369
SPNG,25.57,25.57,25.58,1495700.0,1642400.0,,,,0,0,0,0,0,0,0,0,0,0,0,0,0,0,188,2026-02-04 04:53:18.772276
SMMR,25.14,25.01,25.13,955200.0,1631700.0,7500.0,,,0,0,0,0,0,0,0,0,0,0,0,0,0,0,188,2026-02-04 04:53:18.772276
ATMN,24.58,24.45,24.52,1552500.0,2053400.0,,5973.0,,0,0,0,0,0,0,0,0,0,0,0,0,0,0,188,2026-02-04 04:53:18.772276
WNTR,25.59,25.7,25.72,1068200.0,1636400.0,,,7500.0,0,0,0,0,0,0,0,0,0,0,0,0,0,0,188,2026-02-04 04:53:18.772276
SPNG,25.57,25.57,25.58,1711300.0,5000.0,1873900.0,,0,0,0,0,0,0,0,0,0,0,0,0,0,0,0,189,2026-02-04 04:53:19.808430
SMMR,25.13,25.13,25.37,1148700.0,7500.0,1531100.0,,0,0,0,0,0,0,0,0,0,0,0,0,0,0,0,189,2026-02-04 04:53:19.808430
ATMN,24.58,24.45,24.52,1680500.0,,2060800.0,5973.0,0,0,0,0,0,0,0,0,0,0,0,0,0,0,0,189,2026-02-04 04:53:19.808430
WNTR,25.59,25.57,25.72,1191600.0,,1842100.0,,0,0,0,0,0,0,0,0,0,0,0,0,0,0,0,189,2026-02-04 04:53:19.808430
SPNG,25.57,25.41,25.52,15000.0,1840600.0,1966100.0,,,0,0,0,0,0,0,0,0,0,0,0,0,0,0,190,2026-02-04 04:53:20.848782
SMMR,25.08,25.14,25.25,7500.0,1129300.0,1635400.0,5000.0,6231.0,0,0,0,0,0,0,0,0,0,0,0,0,0,0,190,2026-02-04 04:53:20.848782
ATMN,24.58,24.5,24.52,,1805300.0,2081300.0,,5973.0,0,0,0,0,0,0,0,0,0,0,0,0,0,0,190,2026-02-04 04:53:20.848782
WNTR,25.59,25.59,25.72,,1519000.0,1842100.0,,,0,0,0,0,0,0,0,0,0,0,0,0,0,0,190,2026-02-04 04:53:20.848782
SPNG,25.4,25.4,25.52,1840600.0,2113400.0,,0,0,0,0,0,0,0,0,0,0,0,0,0,0,0,0,191,2026-02-04 04:53:21.933754
SMMR,25.26,25.12,25.26,1246600.0,1734300.0,,0,0,0,0,0,0,0,0,0,0,0,0,0,0,0,0,191,2026-02-04 04:53:21.933754
ATMN,24.54,24.5,24.54,1913700.0,2210900.0,,0,0,0,0,0,0,0,0,0,0,0,0,0,0,0,0,191,2026-02-04 04:53:21.933754
WNTR,25.57,25.57,25.71,1483800.0,1970200.0,5000.0,0,0,0,0,0,0,0,0,0,0,0,0,0,0,0,0,191,2026-02-04 04:53:21.933754
SPNG,25.67,25.41,25.51,7500.0,6006.0,1964800.0,6006.0,1969500.0,,0,0,0,0,0,0,0,0,0,0,0,0,0,192,2026-02-04 04:53:22.467285
SMMR,25.26,25.15,25.24,,6006.0,1462900.0,6006.0,1734300.0,7500.0,0,0,0,0,0,0,0,0,0,0,0,0,0,192,2026-02-04 04:53:22.467285
ATMN,24.5,24.5,24.54,,,1913700.0,,2203300.0,,0,0,0,0,0,0,0,0,0,0,0,0,0,192,2026-02-04 04:53:22.467285
WNTR,25.73,25.57,25.73,,,1483800.0,,1859900.0,,0,0,0,0,0,0,0,0,0,0,0,0,0,192,2026-02-04 04:53:22.467285
SPNG,25.73,25.84,25.91,2060500.0,7500.0,1844100.0,,,0,0,0,0,0,0,0,0,0,0,0,0,0,0,193,2026-02-04 04:53:23.502031
SMMR,25.12,25.15,25.23,1562300.0,7500.0,1851900.0,225.0,5000.0,0,0,0,0,0,0,0,0,0,0,0,0,0,0,193,2026-02-04 04:53:23.502031
ATMN,24.45,24.49,24.54,1999600.0,7500.0,2203300.0,,,0,0,0,0,0,0,0,0,0,0,0,0,0,0,193,2026-02-04 04:53:23.502031
WNTR,25.73,25.59,25.72,1742200.0,,1976600.0,5942.0,,0,0,0,0,0,0,0,0,0,0,0,0,0,0,193,2026-02-04 04:53:23.502031
SPNG,25.84,25.42,25.6,5942.0,1964800.0,2030500.0,2500.0,,,0,0,0,0,0,0,0,0,0,0,0,0,0,194,2026-02-04 04:53:24.538935
SMMR,25.12,25.15,25.22,225.0,1665700.0,1973500.0,2500.0,,,0,0,0,0,0,0,0,0,0,0,0,0,0,194,2026-02-04 04:53:24.538935
ATMN,24.34,24.46,24.54,,1974100.0,2203300.0,,,,0,0,0,0,0,0,0,0,0,0,0,0,0,194,2026-02-04 04:53:24.538935
WNTR,25.63,25.66,25.67,5942.0,1877700.0,2091700.0,,7500.0,5942.0,0,0,0,0,0,0,0,0,0,0,0,0,0,194,2026-02-04 04:53:24.538935
SPNG,25.39,25.84,25.9,1948.0,5000.0,1837600.0,7500.0,2009100.0,,0,0,0,0,0,0,0,0,0,0,0,0,0,195,2026-02-04 04:53:25.587888
SMMR,25.12,25.09,25.11,,,1449000.0,7500.0,1960100.0,,0,0,0,0,0,0,0,0,0,0,0,0,0,195,2026-02-04 04:53:25.587888
ATMN,24.34,24.46,24.52,4456.0,,2140800.0,7500.0,1985600.0,4456.0,0,0,0,0,0,0,0,0,0,0,0,0,0,195,2026-02-04 04:53:25.587888
WNTR,25.59,25.59,25.6,,,1742200.0,7500.0,2216200.0,,0,0,0,0,0,0,0,0,0,0,0,0,0,195,2026-02-04 04:53:25.587888
SPNG,25.39,25.84,25.91,1948.0,1837600.0,2136600.0,0,0,0,0,0,0,0,0,0,0,0,0,0,0,0,0,196,2026-02-04 04:53:26.637878
SMMR,25.12,25.09,25.11,,1715300.0,2061700.0,0,0,0,0,0,0,0,0,0,0,0,0,0,0,0,0,196,2026-02-04 04:53:26.637878
ATMN,24.54,24.54,24.65,7013.0,2082400.0,2203700.0,0,0,0,0,0,0,0,0,0,0,0,0,0,0,0,0,196,2026-02-04 04:53:26.637878
WNTR,25.67,25.6,25.67,,1985800.0,2206200.0,0,0,0,0,0,0,0,0,0,0,0,0,0,0,0,0,196,2026-02-04 04:53:26.637878
SPNG,25.47,25.39,25.47,1930400.0,2041100.0,7500.0,,,,0,0,0,0,0,0,0,0,0,0,0,0,0,197,2026-02-04 04:53:27.724660
SMMR,25.14,25.09,25.14,1890900.0,2075100.0,,,,,0,0,0,0,0,0,0,0,0,0,0,0,0,197,2026-02-04 04:53:27.724660
ATMN,24.67,24.54,24.67,1921000.0,2191900.0,,7500.0,7013.0,,0,0,0,0,0,0,0,0,0,0,0,0,0,197,2026-02-04 04:53:27.724660
WNTR,25.67,25.61,25.66,2207900.0,2192300.0,,,5259.0,5259.0,0,0,0,0,0,0,0,0,0,0,0,0,0,197,2026-02-04 04:53:27.724660
SPNG,25.76,25.39,25.64,2042000.0,2108500.0,,0,0,0,0,0,0,0,0,0,0,0,0,0,0,0,0,198,2026-02-04 04:53:28.769351
SMMR,25.24,25.1,25.24,1910800.0,2078200.0,5746.0,0,0,0,0,0,0,0,0,0,0,0,0,0,0,0,0,198,2026-02-04 04:53:28.769351
ATMN,24.46,24.46,24.67,2144600.0,2188200.0,,0,0,0,0,0,0,0,0,0,0,0,0,0,0,0,0,198,2026-02-04 04:53:28.769351
WNTR,25.72,25.6,25.72,2318900.0,2091100.0,,0,0,0,0,0,0,0,0,0,0,0,0,0,0,0,0,198,2026-02-04 04:53:28.769351
SPNG,25.98,25.41,25.78,7500.0,2059000.0,5746.0,2001200.0,7500.0,,0,0,0,0,0,0,0,0,0,0,0,0,0,199,2026-02-04 04:53:29.818757
SMMR,25.24,25.1,25.23,,1910800.0,5746.0,1964900.0,7500.0,,0,0,0,0,0,0,0,0,0,0,0,0,0,199,2026-02-04 04:53:29.818757
ATMN,24.72,24.46,24.72,,2098800.0,,2164700.0,,,0,0,0,0,0,0,0,0,0,0,0,0,0,199,2026-02-04 04:53:29.818757
WNTR,25.6,25.61,25.71,7500.0,2225900.0,,2215000.0,,4627.0,0,0,0,0,0,0,0,0,0,0,0,0,0,199,2026-02-04 04:53:29.818757
SPNG,25.99,25.33,25.99,2046500.0,2111400.0,,,0,0,0,0,0,0,0,0,0,0,0,0,0,0,0,200,2026-02-04 04:53:30.859965
SMMR,25.09,25.09,25.12,1984000.0,1954300.0,7500.0,,0,0,0,0,0,0,0,0,0,0,0,0,0,0,0,200,2026-02-04 04:53:30.859965
ATMN,24.46,24.39,24.43,2134200.0,2166500.0,,,0,0,0,0,0,0,0,0,0,0,0,0,0,0,0,200,2026-02-04 04:53:30.859965
WNTR,25.6,25.6,25.7,2326600.0,1962800.0,,4627.0,0,0,0,0,0,0,0,0,0,0,0,0,0,0,0,200,2026-02-04 04:53:30.859965
SPNG,25.84,25.41,25.84,5746.0,1934900.0,2015500.0,3600.0,,0,0,0,0,0,0,0,0,0,0,0,0,0,0,201,2026-02-04 04:53:31.888068
SMMR,25.09,25.09,25.11,,1997600.0,1949800.0,7500.0,,0,0,0,0,0,0,0,0,0,0,0,0,0,0,201,2026-02-04 04:53:31.888068
ATMN,24.72,24.39,24.72,,2105100.0,2153700.0,,,0,0,0,0,0,0,0,0,0,0,0,0,0,0,201,2026-02-04 04:53:31.888068
WNTR,25.69,25.69,25.7,,2314100.0,1962800.0,,4627.0,0,0,0,0,0,0,0,0,0,0,0,0,0,0,201,2026-02-04 04:53:31.888068
SPNG,25.98,25.98,25.99,2041100.0,6343.0,2121300.0,,0,0,0,0,0,0,0,0,0,0,0,0,0,0,0,202,2026-02-04 04:53:32.922796
SMMR,25.24,25.19,25.24,2015800.0,,2055100.0,,0,0,0,0,0,0,0,0,0,0,0,0,0,0,0,202,2026-02-04 04:53:32.922796
ATMN,24.73,24.51,24.73,1880900.0,6343.0,2133300.0,7500.0,0,0,0,0,0,0,0,0,0,0,0,0,0,0,0,202,2026-02-04 04:53:32.922796
WNTR,25.69,25.69,25.74,2314100.0,,2306400.0,,0,0,0,0,0,0,0,0,0,0,0,0,0,0,0,202,2026-02-04 04:53:32.922796
SPNG,26.06,25.33,26.06,2045700.0,7500.0,2103800.0,,,,0,0,0,0,0,0,0,0,0,0,0,0,0,203,2026-02-04 04:53:33.955340
SMMR,25.22,25.22,25.23,1874000.0,,1962400.0,7500.0,7500.0,,0,0,0,0,0,0,0,0,0,0,0,0,0,203,2026-02-04 04:53:33.955340
ATMN,24.74,24.4,24.74,1999600.0,7500.0,2123900.0,,,,0,0,0,0,0,0,0,0,0,0,0,0,0,203,2026-02-04 04:53:33.955340
WNTR,25.7,25.58,25.62,2192700.0,7500.0,2095500.0,,7500.0,7500.0,0,0,0,0,0,0,0,0,0,0,0,0,0,203,2026-02-04 04:53:33.955340
SPNG,25.12,25.74,26.05,7500.0,1733000.0,7500.0,1998800.0,,,0,0,0,0,0,0,0,0,0,0,0,0,0,204,2026-02-04 04:53:34.984968
SMMR,25.2,25.1,25.17,7500.0,1873400.0,3500.0,1963000.0,,,0,0,0,0,0,0,0,0,0,0,0,0,0,204,2026-02-04 04:53:34.984968
ATMN,24.8,24.4,24.8,7500.0,1888700.0,,2143000.0,6343.0,,0,0,0,0,0,0,0,0,0,0,0,0,0,204,2026-02-04 04:53:34.984968
WNTR,25.54,25.58,25.62,1500.0,2093700.0,,2202200.0,,7500.0,0,0,0,0,0,0,0,0,0,0,0,0,0,204,2026-02-04 04:53:34.984968
SPNG,25.12,25.74,25.91,7500.0,6343.0,1733000.0,1994400.0,7500.0,,0,0,0,0,0,0,0,0,0,0,0,0,0,205,2026-02-04 04:53:35.518778
SMMR,25.2,25.2,25.26,7500.0,,1907500.0,2052500.0,,,0,0,0,0,0,0,0,0,0,0,0,0,0,205,2026-02-04 04:53:35.518778
ATMN,24.8,24.4,24.43,7500.0,6343.0,1888700.0,2122900.0,,,0,0,0,0,0,0,0,0,0,0,0,0,0,205,2026-02-04 04:53:35.518778
WNTR,25.54,25.58,25.62,1500.0,,2222100.0,2202200.0,,7500.0,0,0,0,0,0,0,0,0,0,0,0,0,0,205,2026-02-04 04:53:35.518778
SPNG,25.74,25.31,25.55,1851000.0,7500.0,1986900.0,7500.0,,,0,0,0,0,0,0,0,0,0,0,0,0,0,206,2026-02-04 04:53:36.548320
SMMR,25.21,25.2,25.21,1993400.0,,2077800.0,,,,0,0,0,0,0,0,0,0,0,0,0,0,0,206,2026-02-04 04:53:36.548320
ATMN,24.43,24.5,24.64,1918800.0,7500.0,2166900.0,,6343.0,,0,0,0,0,0,0,0,0,0,0,0,0,0,206,2026-02-04 04:53:36.548320
WNTR,25.54,25.55,25.62,2201300.0,1500.0,2188400.0,,,7500.0,0,0,0,0,0,0,0,0,0,0,0,0,0,206,2026-02-04 04:53:36.548320
SPNG,25.8,25.8,25.87,2175600.0,6343.0,2085100.0,,,,0,0,0,0,0,0,0,0,0,0,0,0,0,207,2026-02-04 04:53:37.582644
SMMR,25.2,25.09,25.12,1998100.0,,2004600.0,6203.0,,,0,0,0,0,0,0,0,0,0,0,0,0,0,207,2026-02-04 04:53:37.582644
ATMN,24.39,24.52,24.63,2016100.0,,2065100.0,,7500.0,7500.0,0,0,0,0,0,0,0,0,0,0,0,0,0,207,2026-02-04 04:53:37.582644
WNTR,25.69,25.72,25.74,2185700.0,,2326000.0,,1500.0,,0,0,0,0,0,0,0,0,0,0,0,0,0,207,2026-02-04 04:53:37.582644
SPNG,25.87,25.32,25.87,5949.0,2167000.0,2085100.0,,,0,0,0,0,0,0,0,0,0,0,0,0,0,0,208,2026-02-04 04:53:38.610573
SMMR,25.21,25.14,25.21,,1999300.0,2022800.0,6203.0,,0,0,0,0,0,0,0,0,0,0,0,0,0,0,208,2026-02-04 04:53:38.610573
ATMN,24.64,24.52,24.62,,2143400.0,2065100.0,,7500.0,0,0,0,0,0,0,0,0,0,0,0,0,0,0,208,2026-02-04 04:53:38.610573
WNTR,25.74,25.54,25.74,,2293000.0,2290400.0,,,0,0,0,0,0,0,0,0,0,0,0,0,0,0,208,2026-02-04 04:53:38.610573
SPNG,25.99,25.42,25.47,2186000.0,5949.0,5949.0,1983900.0,,,0,0,0,0,0,0,0,0,0,0,0,0,0,209,2026-02-04 04:53:39.643283
SMMR,25.15,25.14,25.21,1987400.0,,,2127000.0,,,0,0,0,0,0,0,0,0,0,0,0,0,0,209,2026-02-04 04:53:39.643283
ATMN,24.54,24.52,24.53,2046500.0,,5949.0,2071400.0,7500.0,,0,0,0,0,0,0,0,0,0,0,0,0,0,209,2026-02-04 04:53:39.643283
WNTR,25.74,25.67,25.71,2305400.0,,,2222700.0,,7500.0,0,0,0,0,0,0,0,0,0,0,0,0,0,209,2026-02-04 04:53:39.643283
SPNG,25.42,25.43,25.46,6297.0,2186000.0,7500.0,1983900.0,,0,0,0,0,0,0,0,0,0,0,0,0,0,0,210,2026-02-04 04:53:40.687693
SMMR,25.12,25.12,25.2,,1994800.0,6203.0,2022800.0,,0,0,0,0,0,0,0,0,0,0,0,0,0,0,210,2026-02-04 04:53:40.687693
ATMN,24.53,24.52,24.53,,2135200.0,,2194900.0,,0,0,0,0,0,0,0,0,0,0,0,0,0,0,210,2026-02-04 04:53:40.687693
WNTR,25.72,25.67,25.7,,2305400.0,,2222000.0,7500.0,0,0,0,0,0,0,0,0,0,0,0,0,0,0,210,2026-02-04 04:53:40.687693
SPNG,25.42,25.43,25.89,7500.0,2078200.0,5949.0,1993500.0,7500.0,,0,0,0,0,0,0,0,0,0,0,0,0,0,211,2026-02-04 04:53:41.729294
SMMR,25.08,25.13,25.2,,1892200.0,7500.0,2011500.0,,7500.0,0,0,0,0,0,0,0,0,0,0,0,0,0,211,2026-02-04 04:53:41.729294
ATMN,24.64,24.65,24.7,,2124200.0,,2141000.0,,,0,0,0,0,0,0,0,0,0,0,0,0,0,211,2026-02-04 04:53:41.729294
WNTR,25.53,25.52,25.53,,2331800.0,,2094900.0,5000.0,7500.0,0,0,0,0,0,0,0,0,0,0,0,0,0,211,2026-02-04 04:53:41.729294
SPNG,25.89,25.42,25.89,2279100.0,2089700.0,,,0,0,0,0,0,0,0,0,0,0,0,0,0,0,0,212,2026-02-04 04:53:42.794502
SMMR,25.08,25.08,25.19,2020600.0,1881100.0,7500.0,6400.0,0,0,0,0,0,0,0,0,0,0,0,0,0,0,0,212,2026-02-04 04:53:42.794502
ATMN,24.57,24.52,24.57,2143900.0,2030700.0,,6400.0,0,0,0,0,0,0,0,0,0,0,0,0,0,0,0,212,2026-02-04 04:53:42.794502
WNTR,25.53,25.52,25.53,2304100.0,2228900.0,6297.0,,0,0,0,0,0,0,0,0,0,0,0,0,0,0,0,212,2026-02-04 04:53:42.794502
SPNG,25.99,26.0,26.06,2084000.0,11898.0,2103800.0,,,,0,0,0,0,0,0,0,0,0,0,0,0,0,213,2026-02-04 04:53:43.835420
SMMR,25.27,25.19,25.27,1838500.0,6400.0,2048900.0,7500.0,,,0,0,0,0,0,0,0,0,0,0,0,0,0,213,2026-02-04 04:53:43.835420
ATMN,24.56,24.6,24.78,2159100.0,,2151800.0,,,,0,0,0,0,0,0,0,0,0,0,0,0,0,213,2026-02-04 04:53:43.835420
WNTR,25.48,25.48,25.53,2298000.0,,2115000.0,,7500.0,6297.0,0,0,0,0,0,0,0,0,0,0,0,0,0,213,2026-02-04 04:53:43.835420
SPNG,26.06,25.42,25.63,2297200.0,2123700.0,,0,0,0,0,0,0,0,0,0,0,0,0,0,0,0,0,214,2026-02-04 04:53:44.876690
SMMR,25.33,25.22,25.33,1930400.0,2030300.0,7500.0,0,0,0,0,0,0,0,0,0,0,0,0,0,0,0,0,214,2026-02-04 04:53:44.876690
ATMN,24.56,24.61,24.78,2054900.0,2153300.0,7500.0,0,0,0,0,0,0,0,0,0,0,0,0,0,0,0,0,214,2026-02-04 04:53:44.876690
WNTR,25.6,25.6,25.72,2274400.0,2336500.0,,0,0,0,0,0,0,0,0,0,0,0,0,0,0,0,0,214,2026-02-04 04:53:44.876690
SPNG,25.63,25.55,25.63,2302200.0,2123700.0,,,,0,0,0,0,0,0,0,0,0,0,0,0,0,0,215,2026-02-04 04:53:45.916527
SMMR,25.08,25.19,25.24,1739400.0,2004400.0,13900.0,10000.0,,0,0,0,0,0,0,0,0,0,0,0,0,0,0,215,2026-02-04 04:53:45.916527
ATMN,24.61,24.6,24.61,2165200.0,2042100.0,,,4025.0,0,0,0,0,0,0,0,0,0,0,0,0,0,0,215,2026-02-04 04:53:45.916527
WNTR,25.6,25.47,25.49,2292700.0,2341400.0,,,,0,0,0,0,0,0,0,0,0,0,0,0,0,0,215,2026-02-04 04:53:45.916527
SPNG,25.55,25.55,25.62,2327300.0,7500.0,5031.0,1950900.0,,0,0,0,0,0,0,0,0,0,0,0,0,0,0,216,2026-02-04 04:53:46.953491
SMMR,25.08,25.19,25.24,1825400.0,,,2030900.0,13900.0,0,0,0,0,0,0,0,0,0,0,0,0,0,0,216,2026-02-04 04:53:46.953491
ATMN,24.52,24.52,24.61,2165500.0,,4025.0,2029200.0,,0,0,0,0,0,0,0,0,0,0,0,0,0,0,216,2026-02-04 04:53:46.953491
WNTR,25.47,25.47,25.72,2292700.0,,,2349500.0,,0,0,0,0,0,0,0,0,0,0,0,0,0,0,216,2026-02-04 04:53:46.953491
SPNG,25.63,25.73,25.85,2306600.0,2032700.0,7500.0,,,0,0,0,0,0,0,0,0,0,0,0,0,0,0,217,2026-02-04 04:53:47.985575
SMMR,25.37,25.19,25.37,1825400.0,2039200.0,,13900.0,,0,0,0,0,0,0,0,0,0,0,0,0,0,0,217,2026-02-04 04:53:47.985575
ATMN,24.52,24.52,24.61,2158400.0,2044000.0,,,4025.0,0,0,0,0,0,0,0,0,0,0,0,0,0,0,217,2026-02-04 04:53:47.985575
WNTR,25.64,25.47,25.6,2292700.0,2182400.0,,,5031.0,0,0,0,0,0,0,0,0,0,0,0,0,0,0,217,2026-02-04 04:53:47.985575
SPNG,25.42,25.74,25.83,5031.0,2206000.0,7500.0,1908400.0,5031.0,0,0,0,0,0,0,0,0,0,0,0,0,0,0,218,2026-02-04 04:53:49.022387
SMMR,25.37,25.21,25.37,13900.0,1825600.0,,2039200.0,,0,0,0,0,0,0,0,0,0,0,0,0,0,0,218,2026-02-04 04:53:49.022387
ATMN,24.52,24.55,24.61,,2181400.0,,2044000.0,4025.0,0,0,0,0,0,0,0,0,0,0,0,0,0,0,218,2026-02-04 04:53:49.022387
WNTR,25.69,25.71,25.74,,2269100.0,,2335100.0,,0,0,0,0,0,0,0,0,0,0,0,0,0,0,218,2026-02-04 04:53:49.022387
SPNG,25.91,25.42,25.91,2288300.0,2114600.0,,,,,0,0,0,0,0,0,0,0,0,0,0,0,0,219,2026-02-04 04:53:50.059676
SMMR,25.37,25.22,25.29,1740800.0,2043100.0,10000.0,13900.0,,,0,0,0,0,0,0,0,0,0,0,0,0,0,219,2026-02-04 04:53:50.059676
ATMN,24.66,24.56,24.6,2066200.0,1916800.0,7500.0,,7500.0,4025.0,0,0,0,0,0,0,0,0,0,0,0,0,0,219,2026-02-04 04:53:50.059676
WNTR,25.58,25.63,25.69,2148500.0,2220600.0,2500.0,,,5031.0,0,0,0,0,0,0,0,0,0,0,0,0,0,219,2026-02-04 04:53:50.059676
SPNG,25.91,25.43,25.64,7500.0,2226100.0,2107900.0,,,0,0,0,0,0,0,0,0,0,0,0,0,0,0,220,2026-02-04 04:53:51.091285
SMMR,25.29,25.21,25.29,,1825600.0,2060600.0,13900.0,,0,0,0,0,0,0,0,0,0,0,0,0,0,0,220,2026-02-04 04:53:51.091285
ATMN,24.69,24.52,24.69,,2200200.0,2125100.0,,,0,0,0,0,0,0,0,0,0,0,0,0,0,0,220,2026-02-04 04:53:51.091285
WNTR,25.58,25.63,25.74,,2279100.0,2180500.0,,5031.0,0,0,0,0,0,0,0,0,0,0,0,0,0,0,220,2026-02-04 04:53:51.091285
SPNG,25.91,25.42,25.91,2322700.0,2114600.0,,,,0,0,0,0,0,0,0,0,0,0,0,0,0,0,221,2026-02-04 04:53:51.623288
SMMR,25.29,25.22,25.29,1740800.0,2060600.0,10000.0,13900.0,,0,0,0,0,0,0,0,0,0,0,0,0,0,0,221,2026-02-04 04:53:51.623288
ATMN,24.72,24.52,24.72,2200200.0,2119000.0,,,,0,0,0,0,0,0,0,0,0,0,0,0,0,0,221,2026-02-04 04:53:51.623288
WNTR,25.58,25.64,25.74,2183400.0,2180500.0,2500.0,,5031.0,0,0,0,0,0,0,0,0,0,0,0,0,0,0,221,2026-02-04 04:53:51.623288
SPNG,25.93,25.42,25.77,2322700.0,2123100.0,,,,0,0,0,0,0,0,0,0,0,0,0,0,0,0,222,2026-02-04 04:53:52.654373
SMMR,25.29,25.22,25.29,1732100.0,2037100.0,10000.0,13900.0,,0,0,0,0,0,0,0,0,0,0,0,0,0,0,222,2026-02-04 04:53:52.654373
ATMN,24.8,24.69,24.8,2114500.0,2144100.0,,6384.0,,0,0,0,0,0,0,0,0,0,0,0,0,0,0,222,2026-02-04 04:53:52.654373
WNTR,25.64,25.63,25.64,2284000.0,2205100.0,,,5031.0,0,0,0,0,0,0,0,0,0,0,0,0,0,0,222,2026-02-04 04:53:52.654373
SPNG,26.08,25.93,26.08,5031.0,7500.0,2059900.0,2142000.0,,0,0,0,0,0,0,0,0,0,0,0,0,0,0,223,2026-02-04 04:53:53.692128
SMMR,25.19,25.25,25.29,5300.0,,1959100.0,2062400.0,,0,0,0,0,0,0,0,0,0,0,0,0,0,0,223,2026-02-04 04:53:53.692128
ATMN,24.65,24.7,24.8,6384.0,7500.0,1984600.0,2138100.0,,0,0,0,0,0,0,0,0,0,0,0,0,0,0,223,2026-02-04 04:53:53.692128
WNTR,25.47,25.47,25.62,,,2293400.0,2191900.0,5031.0,0,0,0,0,0,0,0,0,0,0,0,0,0,0,223,2026-02-04 04:53:53.692128
SPNG,25.33,25.33,26.09,2307300.0,7500.0,2055900.0,,,0,0,0,0,0,0,0,0,0,0,0,0,0,0,224,2026-02-04 04:53:54.723139
SMMR,25.25,25.25,25.37,2051000.0,,2038700.0,,,0,0,0,0,0,0,0,0,0,0,0,0,0,0,224,2026-02-04 04:53:54.723139
ATMN,24.48,24.7,24.78,1964400.0,,2123300.0,5016.0,6384.0,0,0,0,0,0,0,0,0,0,0,0,0,0,0,224,2026-02-04 04:53:54.723139
WNTR,25.64,25.59,25.64,2254800.0,,2318700.0,,,0,0,0,0,0,0,0,0,0,0,0,0,0,0,224,2026-02-04 04:53:54.723139
SPNG,25.72,25.82,26.08,2330700.0,7500.0,2055900.0,,,0,0,0,0,0,0,0,0,0,0,0,0,0,0,225,2026-02-04 04:53:55.759713
SMMR,25.25,25.26,25.36,1959100.0,,1962000.0,7484.0,6242.0,0,0,0,0,0,0,0,0,0,0,0,0,0,0,225,2026-02-04 04:53:55.759713
