ticker,last_price,bid_price,ask_price,BUY_ANON,SELL_ANON,BUY_GIOT-3,SELL_WRSW-3,SELL_WRSW-1,BUY_WRSW-3,BUY_UEBR-1,SELL_GIOT-4,SELL_UEBR-1,BUY_WRSW-1,BUY_WRSW-2,BUY_GIOT-4,SELL_GIOT-3,SELL_WRSW-2,tick,timestamp,news_news_id,news_period,news_tick,news_ticker,news_headline,news_body
SPNG,24.97,24.79,24.82,1728600.0,2046000.0,0,0,0,0,0,0,0,0,0,0,0,0,1,2026-02-03 05:47:34.061015,2.0,1.0,1.0,,Aggregate Position Limit,Your CRO has set the aggregate position limit to 10000 shares for this week.
SMMR,24.93,24.93,24.99,2226500.0,2115400.0,0,0,0,0,0,0,0,0,0,0,0,0,1,2026-02-03 05:47:34.061015,1.0,1.0,1.0,,Welcome to the RITC 2026 Alogithmic Market Making Case - practice server,
ATMN,25.01,24.9,25.01,2281500.0,2256300.0,0,0,0,0,0,0,0,0,0,0,0,0,1,2026-02-03 05:47:34.061015,,,,,,
WNTR,24.91,24.91,25.11,1725600.0,2118400.0,0,0,0,0,0,0,0,0,0,0,0,0,1,2026-02-03 05:47:34.061015,,,,,,
SPNG,25.27,24.79,25.27,1728600.0,2044100.0,,,0,0,0,0,0,0,0,0,0,0,2,2026-02-03 05:47:35.115283
SMMR,24.93,24.95,24.98,2099200.0,2034700.0,7500.0,7500.0,0,0,0,0,0,0,0,0,0,0,2,2026-02-03 05:47:35.115283
ATMN,25.07,25.12,25.18,2247400.0,2157700.0,,,0,0,0,0,0,0,0,0,0,0,2,2026-02-03 05:47:35.115283
WNTR,25.11,25.11,25.12,1839600.0,2160600.0,7500.0,,0,0,0,0,0,0,0,0,0,0,2,2026-02-03 05:47:35.115283
SPNG,25.03,24.8,25.03,5625.0,1829600.0,1925400.0,5625.0,0,0,0,0,0,0,0,0,0,0,3,2026-02-03 05:47:36.155198
SMMR,24.99,24.95,24.99,,2177600.0,2101400.0,,0,0,0,0,0,0,0,0,0,0,3,2026-02-03 05:47:36.155198
ATMN,25.0,25.13,25.16,13125.0,2008600.0,2076800.0,5625.0,0,0,0,0,0,0,0,0,0,0,3,2026-02-03 05:47:36.155198
WNTR,25.11,25.11,25.12,7500.0,1928000.0,2233000.0,,0,0,0,0,0,0,0,0,0,0,3,2026-02-03 05:47:36.155198
SPNG,25.25,24.9,25.02,5650.0,1948500.0,5650.0,1958700.0,0,0,0,0,0,0,0,0,0,0,4,2026-02-03 05:47:37.186614
SMMR,25.0,24.95,25.0,,2177600.0,,2126100.0,0,0,0,0,0,0,0,0,0,0,4,2026-02-03 05:47:37.186614
ATMN,25.0,25.13,25.16,7400.0,2008600.0,,2183900.0,0,0,0,0,0,0,0,0,0,0,4,2026-02-03 05:47:37.186614
WNTR,25.11,24.92,24.95,,1901600.0,,2193300.0,0,0,0,0,0,0,0,0,0,0,4,2026-02-03 05:47:37.186614
SPNG,25.37,24.91,25.37,9412.0,1855300.0,2076500.0,0,0,0,0,0,0,0,0,0,0,0,5,2026-02-03 05:47:38.217135
SMMR,24.93,25.05,25.07,3775.0,2083700.0,2119500.0,0,0,0,0,0,0,0,0,0,0,0,5,2026-02-03 05:47:38.217135
ATMN,24.82,24.96,25.16,,2232000.0,2187400.0,0,0,0,0,0,0,0,0,0,0,0,5,2026-02-03 05:47:38.217135
WNTR,25.11,24.92,24.95,,2004100.0,2165300.0,0,0,0,0,0,0,0,0,0,0,0,5,2026-02-03 05:47:38.217135
SPNG,24.89,24.89,25.39,1948500.0,2070600.0,,0,0,0,0,0,0,0,0,0,0,0,6,2026-02-03 05:47:39.246914
SMMR,25.11,24.94,25.11,2083700.0,2083700.0,6298.0,0,0,0,0,0,0,0,0,0,0,0,6,2026-02-03 05:47:39.246914
ATMN,24.82,24.82,25.09,2266300.0,2204900.0,,0,0,0,0,0,0,0,0,0,0,0,6,2026-02-03 05:47:39.246914
WNTR,25.05,24.93,25.05,2000400.0,2185900.0,6323.0,0,0,0,0,0,0,0,0,0,0,0,6,2026-02-03 05:47:39.246914
SPNG,24.89,24.89,24.98,2063100.0,2074900.0,,,0,0,0,0,0,0,0,0,0,0,7,2026-02-03 05:47:40.282435
SMMR,25.2,24.94,24.99,2083700.0,2097700.0,6298.0,,0,0,0,0,0,0,0,0,0,0,7,2026-02-03 05:47:40.282435
ATMN,24.93,24.93,25.09,2270500.0,2191300.0,,,0,0,0,0,0,0,0,0,0,0,7,2026-02-03 05:47:40.282435
WNTR,24.92,25.02,25.04,2111700.0,2057400.0,,5925.0,0,0,0,0,0,0,0,0,0,0,7,2026-02-03 05:47:40.282435
SPNG,24.98,24.91,24.98,2863.0,1909100.0,2077500.0,0,0,0,0,0,0,0,0,0,0,0,8,2026-02-03 05:47:41.310312
SMMR,24.99,24.94,24.99,6298.0,2100900.0,2075500.0,0,0,0,0,0,0,0,0,0,0,0,8,2026-02-03 05:47:41.310312
ATMN,24.93,24.93,24.99,5925.0,2149300.0,2195900.0,0,0,0,0,0,0,0,0,0,0,0,8,2026-02-03 05:47:41.310312
WNTR,25.08,25.08,25.1,6721.0,1922600.0,2203700.0,0,0,0,0,0,0,0,0,0,0,0,8,2026-02-03 05:47:41.310312
SPNG,24.98,24.91,24.98,2863.0,1897400.0,2077500.0,0,0,0,0,0,0,0,0,0,0,0,9,2026-02-03 05:47:41.840713
SMMR,24.99,24.94,24.99,6298.0,2083400.0,2075500.0,0,0,0,0,0,0,0,0,0,0,0,9,2026-02-03 05:47:41.840713
ATMN,24.73,24.73,24.99,,2273900.0,2195900.0,0,0,0,0,0,0,0,0,0,0,0,9,2026-02-03 05:47:41.840713
WNTR,25.08,25.02,25.04,,2111700.0,2152000.0,0,0,0,0,0,0,0,0,0,0,0,9,2026-02-03 05:47:41.840713
SPNG,24.97,24.91,24.97,2863.0,1888500.0,2058700.0,0,0,0,0,0,0,0,0,0,0,0,10,2026-02-03 05:47:42.879534
SMMR,25.08,24.99,25.08,6298.0,2079000.0,2087600.0,0,0,0,0,0,0,0,0,0,0,0,10,2026-02-03 05:47:42.879534
ATMN,24.92,24.92,24.99,5209.0,2170500.0,2195900.0,0,0,0,0,0,0,0,0,0,0,0,10,2026-02-03 05:47:42.879534
WNTR,24.91,24.91,25.1,,2038600.0,2184500.0,0,0,0,0,0,0,0,0,0,0,0,10,2026-02-03 05:47:42.879534
SPNG,25.39,24.91,25.03,2863.0,1888500.0,2083500.0,,0,0,0,0,0,0,0,0,0,0,11,2026-02-03 05:47:43.934875
SMMR,25.08,24.99,25.08,6298.0,2102500.0,2110800.0,,0,0,0,0,0,0,0,0,0,0,11,2026-02-03 05:47:43.934875
ATMN,25.16,24.97,25.16,,2272400.0,2187600.0,,0,0,0,0,0,0,0,0,0,0,11,2026-02-03 05:47:43.934875
WNTR,24.88,24.88,25.02,,1939800.0,1942300.0,10418.0,0,0,0,0,0,0,0,0,0,0,11,2026-02-03 05:47:43.934875
SPNG,25.03,25.22,25.39,1868000.0,2863.0,2075400.0,,0,0,0,0,0,0,0,0,0,0,12,2026-02-03 05:47:44.968277
SMMR,25.08,24.99,25.08,2048700.0,6298.0,2110800.0,,0,0,0,0,0,0,0,0,0,0,12,2026-02-03 05:47:44.968277
ATMN,25.2,24.97,25.2,2146200.0,5209.0,2159300.0,,0,0,0,0,0,0,0,0,0,0,12,2026-02-03 05:47:44.968277
WNTR,24.99,24.99,25.02,2131000.0,,2037300.0,5209.0,0,0,0,0,0,0,0,0,0,0,12,2026-02-03 05:47:44.968277
SPNG,24.79,24.79,25.34,1984400.0,2050700.0,,,0,0,0,0,0,0,0,0,0,0,13,2026-02-03 05:47:45.998684
SMMR,24.99,24.99,25.05,2033700.0,2109000.0,6298.0,,0,0,0,0,0,0,0,0,0,0,13,2026-02-03 05:47:45.998684
ATMN,24.97,24.97,25.2,2143800.0,2148800.0,5209.0,,0,0,0,0,0,0,0,0,0,0,13,2026-02-03 05:47:45.998684
WNTR,24.95,24.97,25.02,2094400.0,2037300.0,,5209.0,0,0,0,0,0,0,0,0,0,0,13,2026-02-03 05:47:45.998684
SPNG,24.79,24.72,24.73,1990300.0,2059800.0,0,0,0,0,0,0,0,0,0,0,0,0,14,2026-02-03 05:47:47.024029
SMMR,24.95,24.95,25.05,2169300.0,2109000.0,0,0,0,0,0,0,0,0,0,0,0,0,14,2026-02-03 05:47:47.024029
ATMN,24.92,24.84,24.92,2276100.0,2183600.0,0,0,0,0,0,0,0,0,0,0,0,0,14,2026-02-03 05:47:47.024029
WNTR,25.13,25.0,25.13,2129800.0,2194500.0,0,0,0,0,0,0,0,0,0,0,0,0,14,2026-02-03 05:47:47.024029
SPNG,24.72,24.72,25.25,1990300.0,2050600.0,,,0,0,0,0,0,0,0,0,0,0,15,2026-02-03 05:47:48.054592
SMMR,24.95,24.96,25.02,2044300.0,2033900.0,7500.0,7500.0,0,0,0,0,0,0,0,0,0,0,15,2026-02-03 05:47:48.054592
ATMN,25.12,24.86,24.91,2173700.0,1961000.0,7500.0,13697.0,0,0,0,0,0,0,0,0,0,0,15,2026-02-03 05:47:48.054592
WNTR,25.0,25.0,25.15,2156000.0,2167900.0,,,0,0,0,0,0,0,0,0,0,0,15,2026-02-03 05:47:48.054592
SPNG,24.72,25.09,25.24,2010500.0,7500.0,1965800.0,,0,0,0,0,0,0,0,0,0,0,16,2026-02-03 05:47:49.083672
SMMR,25.08,25.04,25.08,2044400.0,,2118600.0,7500.0,0,0,0,0,0,0,0,0,0,0,16,2026-02-03 05:47:49.083672
ATMN,24.84,24.84,24.96,2281500.0,,2191700.0,,0,0,0,0,0,0,0,0,0,0,16,2026-02-03 05:47:49.083672
WNTR,25.14,24.97,25.15,2127700.0,,2167900.0,,0,0,0,0,0,0,0,0,0,0,16,2026-02-03 05:47:49.083672
SPNG,25.09,25.09,25.24,2010500.0,7500.0,1949700.0,,0,0,0,0,0,0,0,0,0,0,17,2026-02-03 05:47:50.140223
SMMR,25.12,25.04,25.06,2044400.0,,2138600.0,7500.0,0,0,0,0,0,0,0,0,0,0,17,2026-02-03 05:47:50.140223
ATMN,24.96,24.88,24.95,2137000.0,7500.0,2087400.0,7250.0,0,0,0,0,0,0,0,0,0,0,17,2026-02-03 05:47:50.140223
WNTR,25.14,24.97,24.99,2129600.0,8500.0,1922300.0,,0,0,0,0,0,0,0,0,0,0,17,2026-02-03 05:47:50.140223
SPNG,25.25,24.7,25.25,2004600.0,2082500.0,,0,0,0,0,0,0,0,0,0,0,0,18,2026-02-03 05:47:51.184770
SMMR,25.04,25.04,25.06,2161300.0,2100700.0,,0,0,0,0,0,0,0,0,0,0,0,18,2026-02-03 05:47:51.184770
ATMN,25.24,25.15,25.24,2257700.0,2167400.0,,0,0,0,0,0,0,0,0,0,0,0,18,2026-02-03 05:47:51.184770
WNTR,24.99,25.02,25.15,2107900.0,2006000.0,1000.0,0,0,0,0,0,0,0,0,0,0,0,18,2026-02-03 05:47:51.184770
SPNG,24.74,24.92,25.31,2034200.0,2084600.0,,,0,0,0,0,0,0,0,0,0,0,19,2026-02-03 05:47:52.231130
SMMR,25.07,25.04,25.07,2161300.0,2112700.0,,,0,0,0,0,0,0,0,0,0,0,19,2026-02-03 05:47:52.231130
ATMN,25.24,25.15,25.24,2010300.0,2219200.0,14750.0,,0,0,0,0,0,0,0,0,0,0,19,2026-02-03 05:47:52.231130
WNTR,25.1,25.11,25.14,1885000.0,2017200.0,7624.0,3812.0,0,0,0,0,0,0,0,0,0,0,19,2026-02-03 05:47:52.231130
SPNG,24.97,24.92,24.97,2037800.0,1990200.0,7500.0,,0,0,0,0,0,0,0,0,0,0,20,2026-02-03 05:47:53.272410
SMMR,25.07,25.04,25.07,2023100.0,2112700.0,,7500.0,0,0,0,0,0,0,0,0,0,0,20,2026-02-03 05:47:53.272410
ATMN,24.84,24.79,24.84,2208200.0,2244100.0,,,0,0,0,0,0,0,0,0,0,0,20,2026-02-03 05:47:53.272410
WNTR,24.97,25.06,25.08,2149800.0,2019800.0,3812.0,,0,0,0,0,0,0,0,0,0,0,20,2026-02-03 05:47:53.272410
SPNG,24.67,24.67,25.22,2021300.0,2083500.0,,,0,0,0,0,0,0,0,0,0,0,21,2026-02-03 05:47:54.313353
SMMR,25.13,25.01,25.13,2133900.0,2125500.0,,,0,0,0,0,0,0,0,0,0,0,21,2026-02-03 05:47:54.313353
ATMN,24.92,25.06,25.23,2098400.0,2114900.0,5625.0,5625.0,0,0,0,0,0,0,0,0,0,0,21,2026-02-03 05:47:54.313353
WNTR,25.06,25.07,25.09,1998200.0,2104400.0,5625.0,,0,0,0,0,0,0,0,0,0,0,21,2026-02-03 05:47:54.313353
SPNG,24.67,25.0,25.02,1993300.0,1975800.0,5625.0,0,0,0,0,0,0,0,0,0,0,0,22,2026-02-03 05:47:55.349819
SMMR,25.13,24.97,25.13,2166000.0,2125500.0,,0,0,0,0,0,0,0,0,0,0,0,22,2026-02-03 05:47:55.349819
ATMN,24.79,25.22,25.23,2194800.0,2114900.0,5625.0,0,0,0,0,0,0,0,0,0,0,0,22,2026-02-03 05:47:55.349819
WNTR,25.02,25.02,25.06,2097900.0,1903900.0,11250.0,0,0,0,0,0,0,0,0,0,0,0,22,2026-02-03 05:47:55.349819
SPNG,25.22,25.0,25.22,2008700.0,2056200.0,,0,0,0,0,0,0,0,0,0,0,0,23,2026-02-03 05:47:56.389117
SMMR,24.97,24.97,25.03,2166000.0,2107800.0,,0,0,0,0,0,0,0,0,0,0,0,23,2026-02-03 05:47:56.389117
ATMN,25.24,24.79,25.24,2195500.0,2227000.0,,0,0,0,0,0,0,0,0,0,0,0,23,2026-02-03 05:47:56.389117
WNTR,25.15,25.06,25.12,2107400.0,2030800.0,3867.0,0,0,0,0,0,0,0,0,0,0,0,23,2026-02-03 05:47:56.389117
SPNG,25.33,25.01,25.33,6679.0,1923100.0,2072700.0,,0,0,0,0,0,0,0,0,0,0,24,2026-02-03 05:47:57.418034
SMMR,25.03,25.03,25.13,,2187500.0,2023000.0,3281.0,0,0,0,0,0,0,0,0,0,0,24,2026-02-03 05:47:57.418034
ATMN,25.31,24.79,24.88,,2186500.0,2146300.0,6679.0,0,0,0,0,0,0,0,0,0,0,24,2026-02-03 05:47:57.418034
WNTR,24.95,25.07,25.11,2812.0,2044500.0,2029700.0,6679.0,0,0,0,0,0,0,0,0,0,0,24,2026-02-03 05:47:57.418034
SPNG,25.02,25.0,25.02,2030300.0,1939900.0,6533.0,,0,0,0,0,0,0,0,0,0,0,25,2026-02-03 05:47:58.443652
SMMR,25.13,25.03,25.07,2165800.0,2120900.0,,,0,0,0,0,0,0,0,0,0,0,25,2026-02-03 05:47:58.443652
ATMN,24.88,24.8,24.88,2057200.0,2250600.0,,6533.0,0,0,0,0,0,0,0,0,0,0,25,2026-02-03 05:47:58.443652
WNTR,25.16,24.96,25.16,2150200.0,2102200.0,,,0,0,0,0,0,0,0,0,0,0,25,2026-02-03 05:47:58.443652
SPNG,25.02,25.0,25.02,2049700.0,2028600.0,,,0,0,0,0,0,0,0,0,0,0,26,2026-02-03 05:47:58.971152
SMMR,25.13,25.03,25.07,2166600.0,2120900.0,,,0,0,0,0,0,0,0,0,0,0,26,2026-02-03 05:47:58.971152
ATMN,24.88,24.81,24.87,2027800.0,2146300.0,7463.0,6533.0,0,0,0,0,0,0,0,0,0,0,26,2026-02-03 05:47:58.971152
WNTR,25.16,24.96,25.1,2020600.0,2097500.0,6679.0,,0,0,0,0,0,0,0,0,0,0,26,2026-02-03 05:47:58.971152
SPNG,25.18,25.0,25.02,2076600.0,13066.0,1847400.0,,0,0,0,0,0,0,0,0,0,0,27,2026-02-03 05:47:59.996297
SMMR,25.14,25.03,25.14,2166600.0,,2103300.0,,0,0,0,0,0,0,0,0,0,0,27,2026-02-03 05:47:59.996297
ATMN,24.88,24.79,24.86,2143600.0,7463.0,2146300.0,,0,0,0,0,0,0,0,0,0,0,27,2026-02-03 05:47:59.996297
WNTR,25.1,24.96,25.1,2020600.0,,2128500.0,6679.0,0,0,0,0,0,0,0,0,0,0,27,2026-02-03 05:47:59.996297
SPNG,25.18,25.0,25.02,2056800.0,6533.0,1941200.0,,0,0,0,0,0,0,0,0,0,0,28,2026-02-03 05:48:01.025156
SMMR,25.18,25.03,25.05,2013900.0,,2097200.0,7463.0,0,0,0,0,0,0,0,0,0,0,28,2026-02-03 05:48:01.025156
ATMN,25.31,24.82,25.31,1916300.0,,2225100.0,10097.0,0,0,0,0,0,0,0,0,0,0,28,2026-02-03 05:48:01.025156
WNTR,24.95,24.95,25.1,2154900.0,,2113400.0,,0,0,0,0,0,0,0,0,0,0,28,2026-02-03 05:48:01.025156
SPNG,24.89,24.89,25.02,2078500.0,6533.0,1941200.0,,0,0,0,0,0,0,0,0,0,0,29,2026-02-03 05:48:02.057140
SMMR,25.01,25.01,25.05,2161800.0,,2097200.0,,0,0,0,0,0,0,0,0,0,0,29,2026-02-03 05:48:02.057140
ATMN,25.25,25.03,25.25,1916300.0,,2250900.0,10097.0,0,0,0,0,0,0,0,0,0,0,29,2026-02-03 05:48:02.057140
WNTR,25.07,25.07,25.1,2120300.0,,2110700.0,,0,0,0,0,0,0,0,0,0,0,29,2026-02-03 05:48:02.057140
SPNG,25.34,25.32,25.34,2071900.0,2040200.0,,0,0,0,0,0,0,0,0,0,0,0,30,2026-02-03 05:48:03.083618
SMMR,25.01,25.01,25.13,2161800.0,2090800.0,,0,0,0,0,0,0,0,0,0,0,0,30,2026-02-03 05:48:03.083618
ATMN,25.32,25.03,25.32,2014900.0,2213800.0,2197.0,0,0,0,0,0,0,0,0,0,0,0,30,2026-02-03 05:48:03.083618
WNTR,25.13,25.07,25.13,2162800.0,2116500.0,,0,0,0,0,0,0,0,0,0,0,0,30,2026-02-03 05:48:03.083618
SPNG,25.32,24.89,24.97,2078500.0,2009000.0,,,0,0,0,0,0,0,0,0,0,0,31,2026-02-03 05:48:04.112106
SMMR,25.09,25.09,25.13,1924900.0,2090800.0,12800.0,,0,0,0,0,0,0,0,0,0,0,31,2026-02-03 05:48:04.112106
ATMN,25.03,24.8,24.99,2153900.0,2231200.0,,,0,0,0,0,0,0,0,0,0,0,31,2026-02-03 05:48:04.112106
WNTR,25.06,25.06,25.12,2193700.0,1983600.0,,5350.0,0,0,0,0,0,0,0,0,0,0,31,2026-02-03 05:48:04.112106
SPNG,25.32,24.89,24.96,2028900.0,7237.0,1917900.0,0,0,0,0,0,0,0,0,0,0,0,32,2026-02-03 05:48:05.142119
SMMR,25.0,25.0,25.08,2165500.0,6162.0,1989600.0,0,0,0,0,0,0,0,0,0,0,0,32,2026-02-03 05:48:05.142119
ATMN,24.8,25.25,25.32,2151000.0,,2226000.0,0,0,0,0,0,0,0,0,0,0,0,32,2026-02-03 05:48:05.142119
WNTR,25.13,25.06,25.13,2193700.0,,2091100.0,0,0,0,0,0,0,0,0,0,0,0,32,2026-02-03 05:48:05.142119
SPNG,24.97,25.17,25.33,2039500.0,2020700.0,,0,0,0,0,0,0,0,0,0,0,0,33,2026-02-03 05:48:06.174482
SMMR,25.09,24.97,25.09,2184400.0,2101900.0,,0,0,0,0,0,0,0,0,0,0,0,33,2026-02-03 05:48:06.174482
ATMN,25.25,24.8,25.17,2153900.0,2234700.0,,0,0,0,0,0,0,0,0,0,0,0,33,2026-02-03 05:48:06.174482
WNTR,25.16,25.07,25.16,2088800.0,2087000.0,7500.0,0,0,0,0,0,0,0,0,0,0,0,33,2026-02-03 05:48:06.174482
SPNG,24.97,25.17,25.24,1825100.0,13399.0,2020100.0,0,0,0,0,0,0,0,0,0,0,0,34,2026-02-03 05:48:07.204480
SMMR,24.97,25.06,25.09,2052000.0,7500.0,2100100.0,0,0,0,0,0,0,0,0,0,0,0,34,2026-02-03 05:48:07.204480
ATMN,25.17,24.99,25.17,2178100.0,,2246700.0,0,0,0,0,0,0,0,0,0,0,0,34,2026-02-03 05:48:07.204480
WNTR,25.18,25.1,25.18,2006400.0,12850.0,2105000.0,0,0,0,0,0,0,0,0,0,0,0,34,2026-02-03 05:48:07.204480
SPNG,25.33,24.89,24.91,1826100.0,13399.0,2041300.0,0,0,0,0,0,0,0,0,0,0,0,35,2026-02-03 05:48:08.247151
SMMR,25.06,25.06,25.09,2032900.0,1338.0,2123400.0,0,0,0,0,0,0,0,0,0,0,0,35,2026-02-03 05:48:08.247151
ATMN,25.25,24.99,25.25,2168200.0,,2218200.0,0,0,0,0,0,0,0,0,0,0,0,35,2026-02-03 05:48:08.247151
WNTR,25.18,25.1,25.18,2123900.0,10000.0,2122500.0,0,0,0,0,0,0,0,0,0,0,0,35,2026-02-03 05:48:08.247151
SPNG,25.33,24.89,24.91,1794100.0,13399.0,2041300.0,0,0,0,0,0,0,0,0,0,0,0,36,2026-02-03 05:48:09.291118
SMMR,24.93,24.93,25.09,2181100.0,,2135100.0,0,0,0,0,0,0,0,0,0,0,0,36,2026-02-03 05:48:09.291118
ATMN,24.99,24.99,25.39,2164000.0,,2197700.0,0,0,0,0,0,0,0,0,0,0,0,36,2026-02-03 05:48:09.291118
WNTR,25.1,25.1,25.18,2018500.0,12850.0,2108600.0,0,0,0,0,0,0,0,0,0,0,0,36,2026-02-03 05:48:09.291118
SPNG,24.91,25.17,25.33,1817300.0,13399.0,2028900.0,,0,0,0,0,0,0,0,0,0,0,37,2026-02-03 05:48:10.331891
SMMR,24.93,24.93,25.08,2220700.0,,2049100.0,937.0,0,0,0,0,0,0,0,0,0,0,37,2026-02-03 05:48:10.331891
ATMN,25.1,25.1,25.35,2165900.0,,2195400.0,,0,0,0,0,0,0,0,0,0,0,37,2026-02-03 05:48:10.331891
WNTR,25.0,25.0,25.18,2180400.0,,2106500.0,,0,0,0,0,0,0,0,0,0,0,37,2026-02-03 05:48:10.331891
SPNG,25.13,25.11,25.13,1963500.0,2037600.0,,,0,0,0,0,0,0,0,0,0,0,38,2026-02-03 05:48:11.365663
SMMR,25.0,25.0,25.04,2222900.0,2169200.0,,,0,0,0,0,0,0,0,0,0,0,38,2026-02-03 05:48:11.365663
ATMN,25.1,25.1,25.13,2165900.0,2198300.0,,,0,0,0,0,0,0,0,0,0,0,38,2026-02-03 05:48:11.365663
WNTR,24.95,25.01,25.1,2067000.0,2006400.0,7265.0,7265.0,0,0,0,0,0,0,0,0,0,0,38,2026-02-03 05:48:11.365663
SPNG,25.11,25.22,25.25,5449.0,1872500.0,1866200.0,10898.0,0,0,0,0,0,0,0,0,0,0,39,2026-02-03 05:48:12.403657
SMMR,25.04,24.92,25.03,,2201400.0,2092100.0,937.0,0,0,0,0,0,0,0,0,0,0,39,2026-02-03 05:48:12.403657
ATMN,24.99,24.99,25.13,,2176200.0,2167900.0,,0,0,0,0,0,0,0,0,0,0,39,2026-02-03 05:48:12.403657
WNTR,24.95,24.93,24.94,,2164000.0,2017100.0,7265.0,0,0,0,0,0,0,0,0,0,0,39,2026-02-03 05:48:12.403657
SPNG,24.77,24.77,25.25,2020200.0,2069600.0,,0,0,0,0,0,0,0,0,0,0,0,40,2026-02-03 05:48:13.431416
SMMR,25.04,24.92,25.03,2216000.0,2092100.0,937.0,0,0,0,0,0,0,0,0,0,0,0,40,2026-02-03 05:48:13.431416
ATMN,24.93,24.93,25.13,2201300.0,2070100.0,7265.0,0,0,0,0,0,0,0,0,0,0,0,40,2026-02-03 05:48:13.431416
WNTR,24.92,24.92,24.94,2164600.0,2017100.0,7265.0,0,0,0,0,0,0,0,0,0,0,0,40,2026-02-03 05:48:13.431416
SPNG,24.77,25.14,25.25,1990200.0,1953900.0,5449.0,,0,0,0,0,0,0,0,0,0,0,41,2026-02-03 05:48:14.464307
SMMR,25.04,24.94,25.01,2184800.0,2206000.0,,,0,0,0,0,0,0,0,0,0,0,41,2026-02-03 05:48:14.464307
ATMN,25.39,24.94,25.39,2083200.0,2177600.0,,5903.0,0,0,0,0,0,0,0,0,0,0,41,2026-02-03 05:48:14.464307
WNTR,25.06,25.06,25.11,2162700.0,2115400.0,,,0,0,0,0,0,0,0,0,0,0,41,2026-02-03 05:48:14.464307
SPNG,25.01,25.01,25.25,2000500.0,2073200.0,,,0,0,0,0,0,0,0,0,0,0,42,2026-02-03 05:48:15.496804
SMMR,24.95,24.94,24.95,2184800.0,2069400.0,937.0,,0,0,0,0,0,0,0,0,0,0,42,2026-02-03 05:48:15.496804
ATMN,25.39,25.19,25.25,2090300.0,2140400.0,,5903.0,0,0,0,0,0,0,0,0,0,0,42,2026-02-03 05:48:15.496804
WNTR,25.08,25.08,25.11,2153000.0,2115400.0,,,0,0,0,0,0,0,0,0,0,0,42,2026-02-03 05:48:15.496804
SPNG,25.01,25.09,25.22,1994400.0,1953800.0,6024.0,,0,0,0,0,0,0,0,0,0,0,43,2026-02-03 05:48:16.525874
SMMR,24.95,24.98,25.02,2135800.0,2092100.0,6024.0,,0,0,0,0,0,0,0,0,0,0,43,2026-02-03 05:48:16.525874
ATMN,25.12,25.07,25.12,2178800.0,2155900.0,,,0,0,0,0,0,0,0,0,0,0,43,2026-02-03 05:48:16.525874
WNTR,24.97,25.14,25.17,2046900.0,1988300.0,6024.0,6024.0,0,0,0,0,0,0,0,0,0,0,43,2026-02-03 05:48:16.525874
SPNG,25.01,25.01,25.22,2000500.0,2064200.0,,,0,0,0,0,0,0,0,0,0,0,44,2026-02-03 05:48:17.555871
SMMR,25.13,24.98,25.13,2040600.0,2120800.0,6024.0,,0,0,0,0,0,0,0,0,0,0,44,2026-02-03 05:48:17.555871
ATMN,24.89,25.09,25.11,2057500.0,2028900.0,5994.0,7500.0,0,0,0,0,0,0,0,0,0,0,44,2026-02-03 05:48:17.555871
WNTR,24.9,24.9,25.05,2151500.0,2117700.0,,,0,0,0,0,0,0,0,0,0,0,44,2026-02-03 05:48:17.555871
SPNG,25.01,25.01,25.06,1989200.0,1961600.0,6024.0,,0,0,0,0,0,0,0,0,0,0,45,2026-02-03 05:48:18.087518
SMMR,25.18,24.98,25.18,2040600.0,2117500.0,,6024.0,0,0,0,0,0,0,0,0,0,0,45,2026-02-03 05:48:18.087518
ATMN,24.85,24.85,25.11,2178100.0,1919000.0,13494.0,,0,0,0,0,0,0,0,0,0,0,45,2026-02-03 05:48:18.087518
WNTR,25.12,24.9,25.12,2151500.0,2114500.0,,,0,0,0,0,0,0,0,0,0,0,45,2026-02-03 05:48:18.087518
SPNG,25.06,25.06,25.22,2044000.0,2064200.0,0,0,0,0,0,0,0,0,0,0,0,0,46,2026-02-03 05:48:19.111354
SMMR,25.18,25.02,25.18,2144700.0,2110300.0,0,0,0,0,0,0,0,0,0,0,0,0,46,2026-02-03 05:48:19.111354
ATMN,25.11,25.11,25.12,2193900.0,2153600.0,0,0,0,0,0,0,0,0,0,0,0,0,46,2026-02-03 05:48:19.111354
WNTR,25.1,25.1,25.18,2152200.0,2115600.0,0,0,0,0,0,0,0,0,0,0,0,0,46,2026-02-03 05:48:19.111354
SPNG,25.06,25.15,25.21,1966300.0,5994.0,5994.0,1953800.0,0,0,0,0,0,0,0,0,0,0,47,2026-02-03 05:48:20.139138
SMMR,24.98,24.98,25.14,2135800.0,,,2147500.0,0,0,0,0,0,0,0,0,0,0,47,2026-02-03 05:48:20.139138
ATMN,25.1,25.1,25.12,2203900.0,,,2153600.0,0,0,0,0,0,0,0,0,0,0,47,2026-02-03 05:48:20.139138
WNTR,24.9,25.11,25.17,2077400.0,5994.0,10120.0,1919000.0,0,0,0,0,0,0,0,0,0,0,47,2026-02-03 05:48:20.139138
SPNG,24.79,24.8,25.21,1987300.0,7500.0,1953800.0,0,0,0,0,0,0,0,0,0,0,0,48,2026-02-03 05:48:21.174536
SMMR,24.98,25.03,25.1,2146700.0,7500.0,2099900.0,0,0,0,0,0,0,0,0,0,0,0,48,2026-02-03 05:48:21.174536
ATMN,25.19,25.23,25.25,2175500.0,,2165100.0,0,0,0,0,0,0,0,0,0,0,0,48,2026-02-03 05:48:21.174536
WNTR,24.9,24.93,25.18,2202700.0,,2148600.0,0,0,0,0,0,0,0,0,0,0,0,48,2026-02-03 05:48:21.174536
SPNG,24.79,25.0,25.21,2003200.0,13125.0,1845500.0,,0,0,0,0,0,0,0,0,0,0,49,2026-02-03 05:48:22.224072
SMMR,25.1,25.09,25.1,2106500.0,,2227100.0,,0,0,0,0,0,0,0,0,0,0,49,2026-02-03 05:48:22.224072
ATMN,25.23,24.8,24.98,2158900.0,,2130200.0,,0,0,0,0,0,0,0,0,0,0,49,2026-02-03 05:48:22.224072
WNTR,24.93,24.99,25.03,2103000.0,,2145400.0,3750.0,0,0,0,0,0,0,0,0,0,0,49,2026-02-03 05:48:22.224072
SPNG,25.13,25.0,25.13,2008500.0,1850400.0,13125.0,,0,0,0,0,0,0,0,0,0,0,50,2026-02-03 05:48:23.252947
SMMR,25.12,25.03,25.12,2146700.0,2225400.0,,,0,0,0,0,0,0,0,0,0,0,50,2026-02-03 05:48:23.252947
ATMN,25.25,25.35,25.39,2067300.0,2192100.0,,3281.0,0,0,0,0,0,0,0,0,0,0,50,2026-02-03 05:48:23.252947
WNTR,24.98,24.98,25.18,2213400.0,2148600.0,,,0,0,0,0,0,0,0,0,0,0,50,2026-02-03 05:48:23.252947
SPNG,25.0,25.0,25.25,2008500.0,2056200.0,,0,0,0,0,0,0,0,0,0,0,0,51,2026-02-03 05:48:24.284883
SMMR,25.12,24.97,25.12,2134400.0,2195200.0,,0,0,0,0,0,0,0,0,0,0,0,51,2026-02-03 05:48:24.284883
ATMN,25.35,24.82,25.23,2060800.0,2189000.0,5156.0,0,0,0,0,0,0,0,0,0,0,0,51,2026-02-03 05:48:24.284883
WNTR,24.98,24.98,25.18,2213400.0,2148600.0,,0,0,0,0,0,0,0,0,0,0,0,51,2026-02-03 05:48:24.284883
SPNG,25.0,25.01,25.21,6328.0,1918300.0,1976400.0,6328.0,0,0,0,0,0,0,0,0,0,0,52,2026-02-03 05:48:25.330721
SMMR,25.12,24.97,24.98,,2131900.0,2124700.0,6328.0,0,0,0,0,0,0,0,0,0,0,52,2026-02-03 05:48:25.330721
ATMN,24.82,24.82,25.22,3281.0,2060800.0,2179300.0,,0,0,0,0,0,0,0,0,0,0,52,2026-02-03 05:48:25.330721
WNTR,24.98,25.11,25.18,,2208700.0,2046800.0,3750.0,0,0,0,0,0,0,0,0,0,0,52,2026-02-03 05:48:25.330721
SPNG,25.21,25.0,25.21,2008500.0,2084200.0,,,0,0,0,0,0,0,0,0,0,0,53,2026-02-03 05:48:26.374323
SMMR,25.12,25.13,25.14,2111000.0,2217900.0,,,0,0,0,0,0,0,0,0,0,0,53,2026-02-03 05:48:26.374323
ATMN,25.23,24.82,25.23,1919100.0,2188000.0,1674.0,,0,0,0,0,0,0,0,0,0,0,53,2026-02-03 05:48:26.374323
WNTR,24.98,25.11,25.18,2208700.0,2055600.0,,3750.0,0,0,0,0,0,0,0,0,0,0,53,2026-02-03 05:48:26.374323
SPNG,25.22,24.81,25.22,1997800.0,2082400.0,,,0,0,0,0,0,0,0,0,0,0,54,2026-02-03 05:48:27.417590
SMMR,25.14,25.07,25.14,2128200.0,2126600.0,6328.0,,0,0,0,0,0,0,0,0,0,0,54,2026-02-03 05:48:27.417590
ATMN,25.39,24.82,24.92,2049900.0,2195300.0,,837.0,0,0,0,0,0,0,0,0,0,0,54,2026-02-03 05:48:27.417590
WNTR,25.11,24.98,24.99,2238400.0,2045300.0,3750.0,,0,0,0,0,0,0,0,0,0,0,54,2026-02-03 05:48:27.417590
SPNG,25.25,25.1,25.25,2009500.0,2056200.0,,0,0,0,0,0,0,0,0,0,0,0,55,2026-02-03 05:48:28.447262
SMMR,25.14,25.07,25.12,2118600.0,2094600.0,7167.0,0,0,0,0,0,0,0,0,0,0,0,55,2026-02-03 05:48:28.447262
ATMN,24.74,24.74,25.4,2152800.0,2191400.0,,0,0,0,0,0,0,0,0,0,0,0,55,2026-02-03 05:48:28.447262
WNTR,25.18,24.94,25.18,2191300.0,2191800.0,,0,0,0,0,0,0,0,0,0,0,0,55,2026-02-03 05:48:28.447262
SPNG,25.1,25.1,25.25,1918500.0,1582.0,2075400.0,,0,0,0,0,0,0,0,0,0,0,56,2026-02-03 05:48:29.480776
SMMR,25.14,25.08,25.14,1898200.0,14271.0,2235100.0,,0,0,0,0,0,0,0,0,0,0,56,2026-02-03 05:48:29.480776
ATMN,24.73,24.73,24.77,2162000.0,,2175400.0,,0,0,0,0,0,0,0,0,0,0,56,2026-02-03 05:48:29.480776
WNTR,25.18,24.95,24.98,2050300.0,7104.0,2051100.0,7104.0,0,0,0,0,0,0,0,0,0,0,56,2026-02-03 05:48:29.480776
SPNG,24.89,24.81,24.89,1997800.0,2053000.0,0,0,0,0,0,0,0,0,0,0,0,0,57,2026-02-03 05:48:30.511038
SMMR,25.02,24.97,25.02,2095000.0,2245500.0,0,0,0,0,0,0,0,0,0,0,0,0,57,2026-02-03 05:48:30.511038
ATMN,24.77,24.75,24.77,2152900.0,2175400.0,0,0,0,0,0,0,0,0,0,0,0,0,57,2026-02-03 05:48:30.511038
WNTR,25.1,24.94,25.02,2170100.0,2178800.0,0,0,0,0,0,0,0,0,0,0,0,0,57,2026-02-03 05:48:30.511038
SPNG,24.84,24.97,25.25,2017900.0,2075400.0,0,0,0,0,0,0,0,0,0,0,0,0,58,2026-02-03 05:48:31.542447
SMMR,25.02,24.97,25.0,2109100.0,2266800.0,0,0,0,0,0,0,0,0,0,0,0,0,58,2026-02-03 05:48:31.542447
ATMN,24.75,24.75,25.4,2152900.0,2191400.0,0,0,0,0,0,0,0,0,0,0,0,0,58,2026-02-03 05:48:31.542447
WNTR,25.02,25.04,25.18,2158100.0,2191800.0,0,0,0,0,0,0,0,0,0,0,0,0,58,2026-02-03 05:48:31.542447
SPNG,25.33,24.97,25.0,2025800.0,2068800.0,0,0,0,0,0,0,0,0,0,0,0,0,59,2026-02-03 05:48:32.570165
SMMR,25.0,24.97,25.0,2132600.0,2243200.0,0,0,0,0,0,0,0,0,0,0,0,0,59,2026-02-03 05:48:32.570165
ATMN,24.73,24.73,25.03,2175700.0,2204000.0,0,0,0,0,0,0,0,0,0,0,0,0,59,2026-02-03 05:48:32.570165
WNTR,24.95,24.95,25.18,2207600.0,2191800.0,0,0,0,0,0,0,0,0,0,0,0,0,59,2026-02-03 05:48:32.570165
SPNG,24.12,24.12,25.12,953800.0,774400.0,0,0,0,0,0,0,0,0,0,0,0,0,60,2026-02-03 05:48:33.596607
SMMR,25.02,25.02,25.44,830200.0,836200.0,0,0,0,0,0,0,0,0,0,0,0,0,60,2026-02-03 05:48:33.596607
ATMN,25.03,23.81,25.4,1054800.0,810200.0,0,0,0,0,0,0,0,0,0,0,0,0,60,2026-02-03 05:48:33.596607
WNTR,24.95,26.04,0.0,200000.0,,0,0,0,0,0,0,0,0,0,0,0,0,60,2026-02-03 05:48:33.596607
SPNG,23.6,23.6,24.15,1057200.0,890500.0,0,0,0,0,0,0,0,0,0,0,0,0,61,2026-02-03 05:48:34.624781
SMMR,24.79,24.57,24.76,859800.0,1254200.0,0,0,0,0,0,0,0,0,0,0,0,0,61,2026-02-03 05:48:34.624781
ATMN,23.81,23.81,24.13,1054800.0,1077900.0,0,0,0,0,0,0,0,0,0,0,0,0,61,2026-02-03 05:48:34.624781
WNTR,26.04,25.92,26.04,999300.0,992200.0,0,0,0,0,0,0,0,0,0,0,0,0,61,2026-02-03 05:48:34.624781
SPNG,24.15,23.88,24.15,1165100.0,890500.0,0,0,0,0,0,0,0,0,0,0,0,0,62,2026-02-03 05:48:35.157643
SMMR,24.57,24.57,24.66,859800.0,1343800.0,0,0,0,0,0,0,0,0,0,0,0,0,62,2026-02-03 05:48:35.157643
ATMN,23.67,23.67,24.07,1138800.0,1271500.0,0,0,0,0,0,0,0,0,0,0,0,0,62,2026-02-03 05:48:35.157643
WNTR,26.04,26.01,26.04,1103600.0,992200.0,0,0,0,0,0,0,0,0,0,0,0,0,62,2026-02-03 05:48:35.157643
SPNG,24.1,23.94,24.1,1278200.0,877000.0,0,0,0,0,0,0,0,0,0,0,0,0,63,2026-02-03 05:48:36.189978
SMMR,24.56,24.56,24.59,842200.0,1585300.0,0,0,0,0,0,0,0,0,0,0,0,0,63,2026-02-03 05:48:36.189978
ATMN,23.71,23.78,24.07,1277200.0,1390900.0,0,0,0,0,0,0,0,0,0,0,0,0,63,2026-02-03 05:48:36.189978
WNTR,26.04,26.01,26.04,1217800.0,1198500.0,0,0,0,0,0,0,0,0,0,0,0,0,63,2026-02-03 05:48:36.189978
SPNG,24.1,24.7,24.84,1398600.0,963300.0,0,0,0,0,0,0,0,0,0,0,0,0,64,2026-02-03 05:48:37.223555
SMMR,24.35,24.35,24.51,823300.0,1795000.0,0,0,0,0,0,0,0,0,0,0,0,0,64,2026-02-03 05:48:37.223555
ATMN,23.67,23.45,23.66,1403500.0,1522900.0,0,0,0,0,0,0,0,0,0,0,0,0,64,2026-02-03 05:48:37.223555
WNTR,26.04,26.05,26.07,1552400.0,1081900.0,0,0,0,0,0,0,0,0,0,0,0,0,64,2026-02-03 05:48:37.223555
SPNG,24.1,24.7,24.76,1398600.0,1247900.0,0,0,0,0,0,0,0,0,0,0,0,0,65,2026-02-03 05:48:38.256005
SMMR,24.31,24.31,24.4,823200.0,2021500.0,0,0,0,0,0,0,0,0,0,0,0,0,65,2026-02-03 05:48:38.256005
ATMN,23.66,23.76,24.07,1873800.0,1390900.0,0,0,0,0,0,0,0,0,0,0,0,0,65,2026-02-03 05:48:38.256005
WNTR,26.07,26.05,26.06,1552400.0,1301800.0,0,0,0,0,0,0,0,0,0,0,0,0,65,2026-02-03 05:48:38.256005
SPNG,24.7,24.7,24.75,1398600.0,7500.0,1552600.0,,0,0,0,0,0,0,0,0,0,0,66,2026-02-03 05:48:39.280456
SMMR,24.16,24.32,24.4,827400.0,,2125100.0,7500.0,0,0,0,0,0,0,0,0,0,0,66,2026-02-03 05:48:39.280456
ATMN,23.76,23.46,23.73,1873200.0,,1639500.0,7500.0,0,0,0,0,0,0,0,0,0,0,66,2026-02-03 05:48:39.280456
WNTR,26.01,25.93,25.98,1441300.0,,1538100.0,,0,0,0,0,0,0,0,0,0,0,66,2026-02-03 05:48:39.280456
SPNG,23.94,23.94,24.26,1278200.0,1637000.0,,0,0,0,0,0,0,0,0,0,0,0,67,2026-02-03 05:48:40.307055
SMMR,24.16,24.33,24.39,919700.0,2189700.0,5625.0,0,0,0,0,0,0,0,0,0,0,0,67,2026-02-03 05:48:40.307055
ATMN,23.73,24.03,24.07,2095100.0,1626200.0,7500.0,0,0,0,0,0,0,0,0,0,0,0,67,2026-02-03 05:48:40.307055
WNTR,25.98,25.98,26.06,1786300.0,1415900.0,,0,0,0,0,0,0,0,0,0,0,0,67,2026-02-03 05:48:40.307055
SPNG,24.26,24.43,24.76,1393100.0,1552600.0,,,0,0,0,0,0,0,0,0,0,0,68,2026-02-03 05:48:41.334990
SMMR,24.16,24.34,24.37,1155900.0,2117900.0,5625.0,5625.0,0,0,0,0,0,0,0,0,0,0,68,2026-02-03 05:48:41.334990
ATMN,23.73,24.03,24.07,2095100.0,1926800.0,7500.0,,0,0,0,0,0,0,0,0,0,0,68,2026-02-03 05:48:41.334990
WNTR,26.06,25.98,26.06,1653200.0,1298900.0,15000.0,,0,0,0,0,0,0,0,0,0,0,68,2026-02-03 05:48:41.334990
SPNG,23.88,23.88,24.67,1283000.0,5625.0,1774800.0,,0,0,0,0,0,0,0,0,0,0,69,2026-02-03 05:48:42.367735
SMMR,24.16,24.35,24.38,1268800.0,5625.0,2122500.0,,0,0,0,0,0,0,0,0,0,0,69,2026-02-03 05:48:42.367735
ATMN,24.07,23.45,24.07,2079900.0,,1926800.0,,0,0,0,0,0,0,0,0,0,0,69,2026-02-03 05:48:42.367735
WNTR,26.06,25.98,26.05,1653200.0,,1701100.0,7500.0,0,0,0,0,0,0,0,0,0,0,69,2026-02-03 05:48:42.367735
SPNG,24.36,24.28,24.36,1263300.0,1893400.0,,0,0,0,0,0,0,0,0,0,0,0,70,2026-02-03 05:48:43.423558
SMMR,24.37,24.35,24.37,1375500.0,2212100.0,,0,0,0,0,0,0,0,0,0,0,0,70,2026-02-03 05:48:43.423558
ATMN,23.98,23.98,24.08,2207900.0,1829500.0,5625.0,0,0,0,0,0,0,0,0,0,0,0,70,2026-02-03 05:48:43.423558
WNTR,25.91,25.91,26.05,1652100.0,1822600.0,,0,0,0,0,0,0,0,0,0,0,0,70,2026-02-03 05:48:43.423558
SPNG,24.28,24.28,24.36,1263300.0,1939000.0,5625.0,0,0,0,0,0,0,0,0,0,0,0,71,2026-02-03 05:48:44.468590
SMMR,24.35,24.35,24.37,1375500.0,2192900.0,,0,0,0,0,0,0,0,0,0,0,0,71,2026-02-03 05:48:44.468590
ATMN,23.75,23.56,23.75,2295800.0,1956200.0,,0,0,0,0,0,0,0,0,0,0,0,71,2026-02-03 05:48:44.468590
WNTR,25.91,25.91,26.05,1652100.0,1911800.0,,0,0,0,0,0,0,0,0,0,0,0,71,2026-02-03 05:48:44.468590
SPNG,24.39,23.85,24.39,1175100.0,2020700.0,,,0,0,0,0,0,0,0,0,0,0,72,2026-02-03 05:48:45.520265
SMMR,24.3,24.3,24.34,1262600.0,2193400.0,,,0,0,0,0,0,0,0,0,0,0,72,2026-02-03 05:48:45.520265
ATMN,23.88,23.88,24.08,2393400.0,1829500.0,6093.0,,0,0,0,0,0,0,0,0,0,0,72,2026-02-03 05:48:45.520265
WNTR,25.88,25.88,26.04,1538900.0,1911800.0,,6093.0,0,0,0,0,0,0,0,0,0,0,72,2026-02-03 05:48:45.520265
SPNG,24.39,23.86,24.0,6151.0,1270100.0,1905800.0,6151.0,0,0,0,0,0,0,0,0,0,0,73,2026-02-03 05:48:46.571857
SMMR,24.29,24.29,24.36,,1250400.0,2103300.0,6151.0,0,0,0,0,0,0,0,0,0,0,73,2026-02-03 05:48:46.571857
ATMN,23.45,23.88,23.92,6093.0,2304300.0,1956400.0,,0,0,0,0,0,0,0,0,0,0,73,2026-02-03 05:48:46.571857
WNTR,25.88,25.88,25.96,,1632600.0,1929000.0,700.0,0,0,0,0,0,0,0,0,0,0,73,2026-02-03 05:48:46.571857
SPNG,23.73,24.24,24.39,1264000.0,6151.0,2029000.0,,0,0,0,0,0,0,0,0,0,0,74,2026-02-03 05:48:47.624027
SMMR,24.15,24.15,24.39,959200.0,,2105500.0,6151.0,0,0,0,0,0,0,0,0,0,0,74,2026-02-03 05:48:47.624027
ATMN,23.88,23.69,23.76,2537500.0,,2166800.0,,0,0,0,0,0,0,0,0,0,0,74,2026-02-03 05:48:47.624027
WNTR,25.87,25.87,25.93,1634400.0,,1894300.0,6093.0,0,0,0,0,0,0,0,0,0,0,74,2026-02-03 05:48:47.624027
SPNG,23.73,24.24,24.39,1264000.0,6151.0,2027400.0,,0,0,0,0,0,0,0,0,0,0,75,2026-02-03 05:48:48.660720
SMMR,24.15,24.28,24.39,1406800.0,,2105500.0,6151.0,0,0,0,0,0,0,0,0,0,0,75,2026-02-03 05:48:48.660720
ATMN,23.92,23.5,23.92,2527200.0,,2063600.0,,0,0,0,0,0,0,0,0,0,0,75,2026-02-03 05:48:48.660720
WNTR,25.89,25.87,25.89,1864900.0,,1897400.0,6093.0,0,0,0,0,0,0,0,0,0,0,75,2026-02-03 05:48:48.660720
SPNG,24.24,24.24,24.39,1264000.0,6151.0,2046500.0,,0,0,0,0,0,0,0,0,0,0,76,2026-02-03 05:48:49.203117
SMMR,24.15,24.28,24.39,1517300.0,,2115800.0,6151.0,0,0,0,0,0,0,0,0,0,0,76,2026-02-03 05:48:49.203117
ATMN,23.92,23.7,23.91,2353200.0,5976.0,2068100.0,5976.0,0,0,0,0,0,0,0,0,0,0,76,2026-02-03 05:48:49.203117
WNTR,25.84,25.86,25.89,1878500.0,,1986100.0,,0,0,0,0,0,0,0,0,0,0,76,2026-02-03 05:48:49.203117
SPNG,24.24,23.73,23.88,1384000.0,2054400.0,0,0,0,0,0,0,0,0,0,0,0,0,77,2026-02-03 05:48:50.237376
SMMR,24.4,24.3,24.4,1725800.0,2213500.0,0,0,0,0,0,0,0,0,0,0,0,0,77,2026-02-03 05:48:50.237376
ATMN,23.5,23.69,23.92,2473400.0,2218100.0,0,0,0,0,0,0,0,0,0,0,0,0,77,2026-02-03 05:48:50.237376
WNTR,25.93,25.91,25.93,2188900.0,1987500.0,0,0,0,0,0,0,0,0,0,0,0,0,77,2026-02-03 05:48:50.237376
SPNG,24.24,23.74,23.87,4512.0,1700100.0,4512.0,1970900.0,0,0,0,0,0,0,0,0,0,0,78,2026-02-03 05:48:51.267015
SMMR,24.3,24.38,24.4,4512.0,1842200.0,,2221200.0,0,0,0,0,0,0,0,0,0,0,78,2026-02-03 05:48:51.267015
ATMN,23.69,23.5,23.57,,2477700.0,11952.0,1983700.0,0,0,0,0,0,0,0,0,0,0,78,2026-02-03 05:48:51.267015
WNTR,25.96,25.91,25.92,2974.0,2069000.0,2974.0,1916800.0,0,0,0,0,0,0,0,0,0,0,78,2026-02-03 05:48:51.267015
SPNG,24.24,23.74,23.87,2043000.0,4127.0,4127.0,1970900.0,0,0,0,0,0,0,0,0,0,0,79,2026-02-03 05:48:52.298247
SMMR,24.21,24.21,24.29,1493300.0,,4512.0,2112200.0,0,0,0,0,0,0,0,0,0,0,79,2026-02-03 05:48:52.298247
ATMN,23.57,23.5,23.57,2381800.0,,11952.0,1983700.0,0,0,0,0,0,0,0,0,0,0,79,2026-02-03 05:48:52.298247
WNTR,25.9,25.92,25.93,2162400.0,,,2010000.0,0,0,0,0,0,0,0,0,0,0,79,2026-02-03 05:48:52.298247
SPNG,24.44,24.02,24.44,2167900.0,2022900.0,,0,0,0,0,0,0,0,0,0,0,0,80,2026-02-03 05:48:53.325394
SMMR,24.4,24.21,24.4,1610800.0,2232300.0,,0,0,0,0,0,0,0,0,0,0,0,80,2026-02-03 05:48:53.325394
ATMN,23.92,23.5,23.56,2367500.0,2236000.0,,0,0,0,0,0,0,0,0,0,0,0,80,2026-02-03 05:48:53.325394
WNTR,25.96,25.99,26.02,2067700.0,1988700.0,2974.0,0,0,0,0,0,0,0,0,0,0,0,80,2026-02-03 05:48:53.325394
SPNG,23.69,24.02,24.32,4127.0,1827900.0,2016100.0,,0,0,0,0,0,0,0,0,0,0,81,2026-02-03 05:48:54.354432
SMMR,24.42,24.26,24.42,6468.0,1969400.0,2217700.0,,0,0,0,0,0,0,0,0,0,0,81,2026-02-03 05:48:54.354432
ATMN,23.92,23.52,23.55,6468.0,2146400.0,2115200.0,6468.0,0,0,0,0,0,0,0,0,0,0,81,2026-02-03 05:48:54.354432
WNTR,25.86,25.99,26.02,,2199400.0,1988700.0,,0,0,0,0,0,0,0,0,0,0,81,2026-02-03 05:48:54.354432
SPNG,23.73,23.69,23.72,2077400.0,7331.0,1972400.0,0,0,0,0,0,0,0,0,0,0,0,82,2026-02-03 05:48:55.381178
SMMR,24.23,24.3,24.39,2116500.0,676.0,2112200.0,0,0,0,0,0,0,0,0,0,0,0,82,2026-02-03 05:48:55.381178
ATMN,23.92,23.52,23.56,2251400.0,,2236000.0,0,0,0,0,0,0,0,0,0,0,0,82,2026-02-03 05:48:55.381178
WNTR,25.99,25.87,25.92,2192300.0,,2011300.0,0,0,0,0,0,0,0,0,0,0,0,82,2026-02-03 05:48:55.381178
SPNG,23.67,23.73,24.32,2109100.0,2016100.0,,0,0,0,0,0,0,0,0,0,0,0,83,2026-02-03 05:48:56.408935
SMMR,24.42,24.3,24.42,2209700.0,2213700.0,,0,0,0,0,0,0,0,0,0,0,0,83,2026-02-03 05:48:56.408935
ATMN,24.04,23.52,24.04,2251400.0,2170300.0,,0,0,0,0,0,0,0,0,0,0,0,83,2026-02-03 05:48:56.408935
WNTR,26.03,26.0,26.01,2202500.0,1933000.0,7331.0,0,0,0,0,0,0,0,0,0,0,0,83,2026-02-03 05:48:56.408935
SPNG,24.32,24.41,24.44,2344000.0,7331.0,2018300.0,0,0,0,0,0,0,0,0,0,0,0,84,2026-02-03 05:48:57.444246
SMMR,24.44,24.36,24.44,2217800.0,,2202600.0,0,0,0,0,0,0,0,0,0,0,0,84,2026-02-03 05:48:57.444246
ATMN,24.11,23.52,24.11,2124300.0,7331.0,2015900.0,0,0,0,0,0,0,0,0,0,0,0,84,2026-02-03 05:48:57.444246
WNTR,26.03,26.02,26.03,2206600.0,,2022800.0,0,0,0,0,0,0,0,0,0,0,0,84,2026-02-03 05:48:57.444246
SPNG,23.76,23.73,23.76,2323700.0,2041600.0,,0,0,0,0,0,0,0,0,0,0,0,85,2026-02-03 05:48:58.469344
SMMR,24.44,24.37,24.38,2101000.0,2170700.0,3834.0,0,0,0,0,0,0,0,0,0,0,0,85,2026-02-03 05:48:58.469344
ATMN,24.11,23.52,23.9,2145800.0,2113000.0,7331.0,0,0,0,0,0,0,0,0,0,0,0,85,2026-02-03 05:48:58.469344
WNTR,25.87,25.87,26.03,2192300.0,2044600.0,,0,0,0,0,0,0,0,0,0,0,0,85,2026-02-03 05:48:58.469344
SPNG,24.51,24.02,24.51,2385800.0,2003900.0,,,0,0,0,0,0,0,0,0,0,0,86,2026-02-03 05:48:59.498478
SMMR,24.38,24.36,24.38,2208200.0,2053200.0,3834.0,,0,0,0,0,0,0,0,0,0,0,86,2026-02-03 05:48:59.498478
ATMN,24.11,23.52,23.9,2110000.0,2113000.0,,7331.0,0,0,0,0,0,0,0,0,0,0,86,2026-02-03 05:48:59.498478
WNTR,26.04,25.86,26.04,2223600.0,2032300.0,,,0,0,0,0,0,0,0,0,0,0,86,2026-02-03 05:48:59.498478
SPNG,24.13,24.13,24.49,2082700.0,13250.0,6625.0,1912900.0,0,0,0,0,0,0,0,0,0,0,87,2026-02-03 05:49:00.528855
SMMR,24.38,24.36,24.38,2176700.0,,3834.0,2054900.0,0,0,0,0,0,0,0,0,0,0,87,2026-02-03 05:49:00.528855
ATMN,24.12,23.52,24.12,2122200.0,7331.0,,1924700.0,0,0,0,0,0,0,0,0,0,0,87,2026-02-03 05:49:00.528855
WNTR,26.02,26.02,26.04,2137500.0,6625.0,,2024300.0,0,0,0,0,0,0,0,0,0,0,87,2026-02-03 05:49:00.528855
SPNG,24.13,24.14,24.18,4969.0,2220800.0,1934300.0,4969.0,0,0,0,0,0,0,0,0,0,0,88,2026-02-03 05:49:01.561265
SMMR,24.34,24.36,24.38,,2195200.0,2175800.0,,0,0,0,0,0,0,0,0,0,0,88,2026-02-03 05:49:01.561265
ATMN,24.07,24.07,24.12,,2235700.0,2004200.0,,0,0,0,0,0,0,0,0,0,0,88,2026-02-03 05:49:01.561265
WNTR,26.04,26.04,26.05,6625.0,2126200.0,2026300.0,,0,0,0,0,0,0,0,0,0,0,88,2026-02-03 05:49:01.561265
SPNG,24.02,24.14,24.23,3300.0,2250700.0,2009400.0,0,0,0,0,0,0,0,0,0,0,0,89,2026-02-03 05:49:02.593556
SMMR,24.41,24.41,24.42,,2244100.0,2183300.0,0,0,0,0,0,0,0,0,0,0,0,89,2026-02-03 05:49:02.593556
ATMN,24.07,23.88,24.02,,2243000.0,2114000.0,0,0,0,0,0,0,0,0,0,0,0,89,2026-02-03 05:49:02.593556
WNTR,25.9,26.04,26.05,6625.0,2120200.0,2005000.0,0,0,0,0,0,0,0,0,0,0,0,89,2026-02-03 05:49:02.593556
SPNG,24.19,24.19,24.23,2199500.0,3300.0,2034400.0,,0,0,0,0,0,0,0,0,0,0,90,2026-02-03 05:49:03.639
SMMR,24.45,24.41,24.45,2256100.0,,2205200.0,,0,0,0,0,0,0,0,0,0,0,90,2026-02-03 05:49:03.639
ATMN,23.88,23.52,23.77,2222800.0,,2027900.0,5018.0,0,0,0,0,0,0,0,0,0,0,90,2026-02-03 05:49:03.639
WNTR,26.06,26.04,26.06,2120200.0,6625.0,2036200.0,,0,0,0,0,0,0,0,0,0,0,90,2026-02-03 05:49:03.639
SPNG,24.23,24.19,24.23,2169900.0,3300.0,2051400.0,,0,0,0,0,0,0,0,0,0,0,91,2026-02-03 05:49:04.676052
SMMR,24.38,24.35,24.38,2227600.0,,2117800.0,6273.0,0,0,0,0,0,0,0,0,0,0,91,2026-02-03 05:49:04.676052
ATMN,23.77,23.84,24.13,2268600.0,,1988600.0,,0,0,0,0,0,0,0,0,0,0,91,2026-02-03 05:49:04.676052
WNTR,26.06,26.04,26.06,2120200.0,6625.0,1995900.0,,0,0,0,0,0,0,0,0,0,0,91,2026-02-03 05:49:04.676052
SPNG,23.9,23.9,24.49,2391600.0,2048300.0,,0,0,0,0,0,0,0,0,0,0,0,92,2026-02-03 05:49:05.708901
SMMR,24.45,24.36,24.45,2237500.0,2205200.0,,0,0,0,0,0,0,0,0,0,0,0,92,2026-02-03 05:49:05.708901
ATMN,23.84,23.85,24.08,2173900.0,2091900.0,6587.0,0,0,0,0,0,0,0,0,0,0,0,92,2026-02-03 05:49:05.708901
WNTR,25.83,25.83,26.06,2207300.0,1995900.0,,0,0,0,0,0,0,0,0,0,0,0,92,2026-02-03 05:49:05.708901
SPNG,23.84,24.08,24.43,2389000.0,1954600.0,7412.0,0,0,0,0,0,0,0,0,0,0,0,93,2026-02-03 05:49:06.741447
SMMR,24.45,24.36,24.44,2268500.0,2253500.0,,0,0,0,0,0,0,0,0,0,0,0,93,2026-02-03 05:49:06.741447
ATMN,23.71,23.71,24.07,2260100.0,2048800.0,5843.0,0,0,0,0,0,0,0,0,0,0,0,93,2026-02-03 05:49:06.741447
WNTR,26.02,25.83,25.9,2207300.0,2000800.0,,0,0,0,0,0,0,0,0,0,0,0,93,2026-02-03 05:49:06.741447
SPNG,23.84,24.08,24.2,2389000.0,2051600.0,,,0,0,0,0,0,0,0,0,0,0,94,2026-02-03 05:49:07.282947
SMMR,24.45,24.43,24.44,2281200.0,2247500.0,,,0,0,0,0,0,0,0,0,0,0,94,2026-02-03 05:49:07.282947
ATMN,23.71,23.85,23.93,2046500.0,2053700.0,11490.0,5647.0,0,0,0,0,0,0,0,0,0,0,94,2026-02-03 05:49:07.282947
WNTR,25.9,25.83,25.9,2207300.0,2000800.0,,,0,0,0,0,0,0,0,0,0,0,94,2026-02-03 05:49:07.282947
SPNG,24.2,24.08,24.2,2353000.0,1948800.0,7412.0,,0,0,0,0,0,0,0,0,0,0,95,2026-02-03 05:49:08.314219
SMMR,24.35,24.35,24.44,2258900.0,2226300.0,,,0,0,0,0,0,0,0,0,0,0,95,2026-02-03 05:49:08.314219
ATMN,23.71,23.72,23.93,2153500.0,2162600.0,,5647.0,0,0,0,0,0,0,0,0,0,0,95,2026-02-03 05:49:08.314219
WNTR,25.9,25.91,26.06,2217000.0,1995900.0,,,0,0,0,0,0,0,0,0,0,0,95,2026-02-03 05:49:08.314219
SPNG,23.73,23.67,23.72,2373300.0,2041500.0,,,0,0,0,0,0,0,0,0,0,0,96,2026-02-03 05:49:09.344347
SMMR,24.44,24.41,24.42,2162600.0,2132500.0,5647.0,6529.0,0,0,0,0,0,0,0,0,0,0,96,2026-02-03 05:49:09.344347
ATMN,23.66,23.66,23.93,2229200.0,2162600.0,,,0,0,0,0,0,0,0,0,0,0,96,2026-02-03 05:49:09.344347
WNTR,25.91,25.91,26.06,2042900.0,1995900.0,5647.0,,0,0,0,0,0,0,0,0,0,0,96,2026-02-03 05:49:09.344347
SPNG,24.03,24.03,24.51,2295000.0,2036800.0,,0,0,0,0,0,0,0,0,0,0,0,97,2026-02-03 05:49:10.373912
SMMR,24.44,24.42,24.44,2116900.0,2208200.0,5647.0,0,0,0,0,0,0,0,0,0,0,0,97,2026-02-03 05:49:10.373912
ATMN,23.78,23.66,23.75,2242300.0,2199300.0,,0,0,0,0,0,0,0,0,0,0,0,97,2026-02-03 05:49:10.373912
WNTR,25.88,25.88,26.06,2185300.0,1985400.0,,0,0,0,0,0,0,0,0,0,0,0,97,2026-02-03 05:49:10.373912
SPNG,24.03,24.06,24.16,2022300.0,9352.0,2044200.0,0,0,0,0,0,0,0,0,0,0,0,98,2026-02-03 05:49:11.404184
SMMR,24.47,24.46,24.47,2124400.0,5647.0,2236100.0,0,0,0,0,0,0,0,0,0,0,0,98,2026-02-03 05:49:11.404184
ATMN,23.92,23.92,23.93,2267600.0,,2160500.0,0,0,0,0,0,0,0,0,0,0,0,98,2026-02-03 05:49:11.404184
WNTR,26.04,25.87,26.04,2191500.0,,2000600.0,0,0,0,0,0,0,0,0,0,0,0,98,2026-02-03 05:49:11.404184
SPNG,24.03,24.06,24.16,9352.0,2117200.0,2034200.0,,0,0,0,0,0,0,0,0,0,0,99,2026-02-03 05:49:12.435814
SMMR,24.48,24.46,24.48,,2236000.0,2219000.0,,0,0,0,0,0,0,0,0,0,0,99,2026-02-03 05:49:12.435814
ATMN,23.77,23.69,23.77,,2242700.0,2172200.0,,0,0,0,0,0,0,0,0,0,0,99,2026-02-03 05:49:12.435814
WNTR,26.04,25.97,26.03,,2182200.0,1895000.0,2581.0,0,0,0,0,0,0,0,0,0,0,99,2026-02-03 05:49:12.435814
SPNG,24.03,24.06,24.12,9352.0,2117200.0,2067800.0,0,0,0,0,0,0,0,0,0,0,0,100,2026-02-03 05:49:13.465167
SMMR,24.46,24.46,24.47,5647.0,2105400.0,2220400.0,0,0,0,0,0,0,0,0,0,0,0,100,2026-02-03 05:49:13.465167
ATMN,23.66,23.66,24.05,,2260200.0,2141000.0,0,0,0,0,0,0,0,0,0,0,0,100,2026-02-03 05:49:13.465167
WNTR,26.02,25.97,26.02,,2182200.0,2015000.0,0,0,0,0,0,0,0,0,0,0,0,100,2026-02-03 05:49:13.465167
SPNG,24.16,24.15,24.16,2091000.0,9352.0,2082700.0,0,0,0,0,0,0,0,0,0,0,0,101,2026-02-03 05:49:14.492512
SMMR,24.4,24.4,24.47,2248300.0,,2210300.0,0,0,0,0,0,0,0,0,0,0,0,101,2026-02-03 05:49:14.492512
ATMN,23.66,23.85,24.02,2281500.0,,2160600.0,0,0,0,0,0,0,0,0,0,0,0,101,2026-02-03 05:49:14.492512
WNTR,25.97,25.98,26.07,2073200.0,3750.0,1983300.0,0,0,0,0,0,0,0,0,0,0,0,101,2026-02-03 05:49:14.492512
SPNG,24.19,24.15,24.19,2203400.0,2087100.0,,,0,0,0,0,0,0,0,0,0,0,102,2026-02-03 05:49:15.525814
SMMR,24.36,24.35,24.36,2289500.0,2243100.0,,,0,0,0,0,0,0,0,0,0,0,102,2026-02-03 05:49:15.525814
ATMN,24.08,23.81,24.0,2036200.0,2040000.0,10324.0,5162.0,0,0,0,0,0,0,0,0,0,0,102,2026-02-03 05:49:15.525814
WNTR,25.91,25.91,26.07,2181800.0,1983300.0,,,0,0,0,0,0,0,0,0,0,0,102,2026-02-03 05:49:15.525814
SPNG,24.13,24.13,24.28,2218000.0,2065400.0,,,0,0,0,0,0,0,0,0,0,0,103,2026-02-03 05:49:16.551890
SMMR,24.33,24.33,24.36,2248400.0,2046600.0,10324.0,,0,0,0,0,0,0,0,0,0,0,103,2026-02-03 05:49:16.551890
ATMN,24.12,24.07,24.12,2157300.0,2148300.0,,5162.0,0,0,0,0,0,0,0,0,0,0,103,2026-02-03 05:49:16.551890
WNTR,25.99,26.03,26.06,2060500.0,1907200.0,5162.0,5162.0,0,0,0,0,0,0,0,0,0,0,103,2026-02-03 05:49:16.551890
SPNG,24.29,24.13,24.29,2218000.0,2055900.0,,,0,0,0,0,0,0,0,0,0,0,104,2026-02-03 05:49:17.579839
SMMR,24.38,24.36,24.38,2180300.0,2142200.0,4919.0,4919.0,0,0,0,0,0,0,0,0,0,0,104,2026-02-03 05:49:17.579839
ATMN,24.07,23.92,23.93,2274500.0,2145500.0,,,0,0,0,0,0,0,0,0,0,0,104,2026-02-03 05:49:17.579839
WNTR,25.87,26.04,26.06,2066500.0,1877700.0,4919.0,4919.0,0,0,0,0,0,0,0,0,0,0,104,2026-02-03 05:49:17.579839
SPNG,23.85,24.14,24.28,6270.0,2120600.0,13770.0,1840300.0,0,0,0,0,0,0,0,0,0,0,105,2026-02-03 05:49:18.609716
SMMR,24.33,24.33,24.38,,2275000.0,,2231800.0,0,0,0,0,0,0,0,0,0,0,105,2026-02-03 05:49:18.609716
ATMN,24.12,23.92,24.12,,2266200.0,,2117700.0,0,0,0,0,0,0,0,0,0,0,105,2026-02-03 05:49:18.609716
WNTR,25.85,25.85,26.01,,2199300.0,4919.0,1894400.0,0,0,0,0,0,0,0,0,0,0,105,2026-02-03 05:49:18.609716
SPNG,24.07,24.07,24.29,2265300.0,2052400.0,,,0,0,0,0,0,0,0,0,0,0,106,2026-02-03 05:49:19.643904
SMMR,24.33,24.34,24.37,2177700.0,2121800.0,4395.0,4395.0,0,0,0,0,0,0,0,0,0,0,106,2026-02-03 05:49:19.643904
ATMN,23.92,24.04,24.11,2118700.0,2029300.0,4395.0,4395.0,0,0,0,0,0,0,0,0,0,0,106,2026-02-03 05:49:19.643904
WNTR,25.85,25.85,25.89,2198400.0,1893300.0,,4919.0,0,0,0,0,0,0,0,0,0,0,106,2026-02-03 05:49:19.643904
SPNG,23.67,23.67,24.29,2193200.0,6270.0,2052400.0,,0,0,0,0,0,0,0,0,0,0,107,2026-02-03 05:49:20.695358
SMMR,24.47,24.33,24.47,2295100.0,,2213800.0,,0,0,0,0,0,0,0,0,0,0,107,2026-02-03 05:49:20.695358
ATMN,24.15,24.04,24.11,2118700.0,4395.0,2102700.0,,0,0,0,0,0,0,0,0,0,0,107,2026-02-03 05:49:20.695358
WNTR,25.81,25.81,25.89,2198200.0,,1893300.0,4919.0,0,0,0,0,0,0,0,0,0,0,107,2026-02-03 05:49:20.695358
SPNG,24.06,23.84,24.03,2289600.0,1936400.0,7162.0,,0,0,0,0,0,0,0,0,0,0,108,2026-02-03 05:49:21.742029
SMMR,24.47,24.34,24.38,2157500.0,2198300.0,,1875.0,0,0,0,0,0,0,0,0,0,0,108,2026-02-03 05:49:21.742029
ATMN,23.81,23.81,24.1,2295300.0,2027300.0,7031.0,,0,0,0,0,0,0,0,0,0,0,108,2026-02-03 05:49:21.742029
WNTR,25.84,25.84,25.91,2165600.0,2018500.0,,,0,0,0,0,0,0,0,0,0,0,108,2026-02-03 05:49:21.742029
SPNG,24.35,24.0,24.35,2220900.0,2033900.0,,,0,0,0,0,0,0,0,0,0,0,109,2026-02-03 05:49:22.783641
SMMR,24.47,24.34,24.36,2157500.0,2276500.0,1875.0,,0,0,0,0,0,0,0,0,0,0,109,2026-02-03 05:49:22.783641
ATMN,24.1,24.1,24.11,2136500.0,2146500.0,7031.0,,0,0,0,0,0,0,0,0,0,0,109,2026-02-03 05:49:22.783641
WNTR,25.91,25.85,25.9,2050400.0,1900200.0,7256.0,7256.0,0,0,0,0,0,0,0,0,0,0,109,2026-02-03 05:49:22.783641
SPNG,24.35,24.37,24.42,2186900.0,2038500.0,0,0,0,0,0,0,0,0,0,0,0,0,110,2026-02-03 05:49:23.821211
SMMR,24.33,24.33,24.36,2246900.0,2276500.0,0,0,0,0,0,0,0,0,0,0,0,0,110,2026-02-03 05:49:23.821211
ATMN,24.0,23.81,24.0,2258800.0,2172100.0,0,0,0,0,0,0,0,0,0,0,0,0,110,2026-02-03 05:49:23.821211
WNTR,25.91,25.98,26.01,2215200.0,1986600.0,0,0,0,0,0,0,0,0,0,0,0,0,110,2026-02-03 05:49:23.821211
SPNG,24.35,24.37,24.38,1977800.0,14193.0,2017200.0,,0,0,0,0,0,0,0,0,0,0,111,2026-02-03 05:49:24.352587
SMMR,24.33,24.33,24.36,2264200.0,,2276500.0,,0,0,0,0,0,0,0,0,0,0,111,2026-02-03 05:49:24.352587
ATMN,24.11,23.82,23.99,2121900.0,3951.0,2043100.0,3951.0,0,0,0,0,0,0,0,0,0,0,111,2026-02-03 05:49:24.352587
WNTR,25.91,25.98,26.01,2199500.0,,1988900.0,,0,0,0,0,0,0,0,0,0,0,111,2026-02-03 05:49:24.352587
SPNG,24.37,24.0,24.28,2219300.0,1985900.0,,,0,0,0,0,0,0,0,0,0,0,112,2026-02-03 05:49:25.381331
SMMR,24.3,24.32,24.36,2134700.0,2276500.0,2964.0,,0,0,0,0,0,0,0,0,0,0,112,2026-02-03 05:49:25.381331
ATMN,24.16,23.92,24.16,2141700.0,2159900.0,3951.0,,0,0,0,0,0,0,0,0,0,0,112,2026-02-03 05:49:25.381331
WNTR,26.09,26.0,26.06,2084200.0,1884300.0,2964.0,2964.0,0,0,0,0,0,0,0,0,0,0,112,2026-02-03 05:49:25.381331
SPNG,24.38,24.0,24.22,2219300.0,1994800.0,,,0,0,0,0,0,0,0,0,0,0,113,2026-02-03 05:49:26.412772
SMMR,24.34,24.34,24.36,2240900.0,2261100.0,,,0,0,0,0,0,0,0,0,0,0,113,2026-02-03 05:49:26.412772
ATMN,24.18,23.92,24.18,2141700.0,2139300.0,7902.0,,0,0,0,0,0,0,0,0,0,0,113,2026-02-03 05:49:26.412772
WNTR,26.09,26.01,26.02,2084700.0,1867700.0,5524.0,5524.0,0,0,0,0,0,0,0,0,0,0,113,2026-02-03 05:49:26.412772
SPNG,24.22,24.19,24.22,2077200.0,5524.0,1980400.0,0,0,0,0,0,0,0,0,0,0,0,114,2026-02-03 05:49:27.443046
SMMR,24.37,24.34,24.37,2240900.0,,2248700.0,0,0,0,0,0,0,0,0,0,0,0,114,2026-02-03 05:49:27.443046
ATMN,23.92,23.92,24.18,2136700.0,7902.0,2139300.0,0,0,0,0,0,0,0,0,0,0,0,114,2026-02-03 05:49:27.443046
WNTR,26.03,26.08,26.09,2201700.0,,1981300.0,0,0,0,0,0,0,0,0,0,0,0,114,2026-02-03 05:49:27.443046
SPNG,24.22,24.19,24.22,2077200.0,5524.0,1985000.0,0,0,0,0,0,0,0,0,0,0,0,115,2026-02-03 05:49:28.472664
SMMR,24.37,24.34,24.37,2246400.0,,2237500.0,0,0,0,0,0,0,0,0,0,0,0,115,2026-02-03 05:49:28.472664
ATMN,23.76,24.2,24.23,2273100.0,,2145500.0,0,0,0,0,0,0,0,0,0,0,0,115,2026-02-03 05:49:28.472664
WNTR,26.1,26.08,26.1,2194300.0,,2019400.0,0,0,0,0,0,0,0,0,0,0,0,115,2026-02-03 05:49:28.472664
SPNG,24.22,24.19,24.22,2203200.0,1985100.0,0,0,0,0,0,0,0,0,0,0,0,0,116,2026-02-03 05:49:29.505431
SMMR,24.37,24.34,24.37,2222100.0,2225700.0,0,0,0,0,0,0,0,0,0,0,0,0,116,2026-02-03 05:49:29.505431
ATMN,24.25,24.2,24.25,2254700.0,2172400.0,0,0,0,0,0,0,0,0,0,0,0,0,116,2026-02-03 05:49:29.505431
WNTR,26.0,26.0,26.02,2179700.0,2003800.0,0,0,0,0,0,0,0,0,0,0,0,0,116,2026-02-03 05:49:29.505431
SPNG,23.84,23.84,24.27,2262300.0,1964500.0,,0,0,0,0,0,0,0,0,0,0,0,117,2026-02-03 05:49:30.535251
SMMR,24.3,24.3,24.33,2234100.0,2225700.0,,0,0,0,0,0,0,0,0,0,0,0,117,2026-02-03 05:49:30.535251
ATMN,24.2,24.05,24.2,2272500.0,2051900.0,6119.0,0,0,0,0,0,0,0,0,0,0,0,117,2026-02-03 05:49:30.535251
WNTR,26.02,25.98,26.02,2172100.0,2013100.0,,0,0,0,0,0,0,0,0,0,0,0,117,2026-02-03 05:49:30.535251
SPNG,24.26,24.26,24.27,2287000.0,1964500.0,0,0,0,0,0,0,0,0,0,0,0,0,118,2026-02-03 05:49:31.560257
SMMR,24.29,24.29,24.33,2181200.0,2225700.0,0,0,0,0,0,0,0,0,0,0,0,0,118,2026-02-03 05:49:31.560257
ATMN,24.28,24.05,24.28,2272500.0,2166200.0,0,0,0,0,0,0,0,0,0,0,0,0,118,2026-02-03 05:49:31.560257
WNTR,25.97,25.97,26.02,2160700.0,2030100.0,0,0,0,0,0,0,0,0,0,0,0,0,118,2026-02-03 05:49:31.560257
SPNG,24.3,24.0,24.3,2351900.0,1954700.0,0,0,0,0,0,0,0,0,0,0,0,0,119,2026-02-03 05:49:32.586374
SMMR,24.29,24.29,24.33,2203000.0,2216300.0,0,0,0,0,0,0,0,0,0,0,0,0,119,2026-02-03 05:49:32.586374
ATMN,24.18,24.18,24.29,2274200.0,2161400.0,0,0,0,0,0,0,0,0,0,0,0,0,119,2026-02-03 05:49:32.586374
WNTR,25.97,25.97,25.99,2165700.0,2030300.0,0,0,0,0,0,0,0,0,0,0,0,0,119,2026-02-03 05:49:32.586374
SPNG,25.13,25.13,26.36,936600.0,597400.0,0,0,0,0,0,0,0,0,0,0,0,0,120,2026-02-03 05:49:33.620388
SMMR,24.37,26.56,0.0,200000.0,,0,0,0,0,0,0,0,0,0,0,0,0,120,2026-02-03 05:49:33.620388
ATMN,24.18,23.18,0.0,200000.0,,0,0,0,0,0,0,0,0,0,0,0,0,120,2026-02-03 05:49:33.620388
WNTR,26.02,23.79,24.71,878200.0,860700.0,0,0,0,0,0,0,0,0,0,0,0,0,120,2026-02-03 05:49:33.620388
SPNG,25.13,25.13,25.17,936600.0,929400.0,0,0,0,0,0,0,0,0,0,0,0,0,121,2026-02-03 05:49:34.648484
SMMR,25.57,25.42,25.48,1113000.0,804300.0,0,0,0,0,0,0,0,0,0,0,0,0,121,2026-02-03 05:49:34.648484
ATMN,24.18,23.63,23.92,960900.0,980200.0,0,0,0,0,0,0,0,0,0,0,0,0,121,2026-02-03 05:49:34.648484
WNTR,23.99,23.79,23.99,878200.0,1119400.0,0,0,0,0,0,0,0,0,0,0,0,0,121,2026-02-03 05:49:34.648484
SPNG,25.17,25.13,25.17,1026300.0,1041300.0,0,0,0,0,0,0,0,0,0,0,0,0,122,2026-02-03 05:49:35.676985
SMMR,25.48,25.81,25.87,1412600.0,768800.0,0,0,0,0,0,0,0,0,0,0,0,0,122,2026-02-03 05:49:35.676985
ATMN,24.18,23.63,23.92,960900.0,1426800.0,0,0,0,0,0,0,0,0,0,0,0,0,122,2026-02-03 05:49:35.676985
WNTR,23.99,23.79,23.81,998900.0,1459100.0,0,0,0,0,0,0,0,0,0,0,0,0,122,2026-02-03 05:49:35.676985
SPNG,25.13,25.13,25.17,1127700.0,1122300.0,0,0,0,0,0,0,0,0,0,0,0,0,123,2026-02-03 05:49:36.701212
SMMR,25.87,26.48,26.55,1727100.0,747100.0,0,0,0,0,0,0,0,0,0,0,0,0,123,2026-02-03 05:49:36.701212
ATMN,23.63,23.63,23.92,960900.0,1669000.0,0,0,0,0,0,0,0,0,0,0,0,0,123,2026-02-03 05:49:36.701212
WNTR,23.81,23.79,23.81,1104100.0,1558800.0,0,0,0,0,0,0,0,0,0,0,0,0,123,2026-02-03 05:49:36.701212
SPNG,25.44,25.13,25.44,1127700.0,1187200.0,0,0,0,0,0,0,0,0,0,0,0,0,124,2026-02-03 05:49:37.729624
SMMR,26.76,26.58,26.61,1922800.0,885100.0,0,0,0,0,0,0,0,0,0,0,0,0,124,2026-02-03 05:49:37.729624
ATMN,23.6,23.33,23.34,951800.0,1940800.0,0,0,0,0,0,0,0,0,0,0,0,0,124,2026-02-03 05:49:37.729624
WNTR,23.91,23.79,23.91,1004100.0,1519800.0,0,0,0,0,0,0,0,0,0,0,0,0,124,2026-02-03 05:49:37.729624
SPNG,25.44,25.13,25.43,1127700.0,1484100.0,0,0,0,0,0,0,0,0,0,0,0,0,125,2026-02-03 05:49:38.753227
SMMR,26.61,26.58,26.61,1922800.0,984300.0,0,0,0,0,0,0,0,0,0,0,0,0,125,2026-02-03 05:49:38.753227
ATMN,23.23,23.23,23.34,919500.0,2045700.0,0,0,0,0,0,0,0,0,0,0,0,0,125,2026-02-03 05:49:38.753227
WNTR,23.88,23.88,23.91,1136000.0,1742200.0,0,0,0,0,0,0,0,0,0,0,0,0,125,2026-02-03 05:49:38.753227
SPNG,24.99,25.18,25.43,1322400.0,1484100.0,,0,0,0,0,0,0,0,0,0,0,0,126,2026-02-03 05:49:39.812856
SMMR,26.61,26.62,26.64,1813200.0,1094000.0,,0,0,0,0,0,0,0,0,0,0,0,126,2026-02-03 05:49:39.812856
ATMN,23.22,23.18,23.22,948200.0,2057100.0,13125.0,0,0,0,0,0,0,0,0,0,0,0,126,2026-02-03 05:49:39.812856
WNTR,23.88,23.79,23.82,1138800.0,1957200.0,,0,0,0,0,0,0,0,0,0,0,0,126,2026-02-03 05:49:39.812856
SPNG,24.86,24.86,25.42,1317600.0,4218.0,1569400.0,,0,0,0,0,0,0,0,0,0,0,127,2026-02-03 05:49:40.856813
SMMR,26.53,26.49,26.53,1727100.0,4218.0,1280500.0,4218.0,0,0,0,0,0,0,0,0,0,0,127,2026-02-03 05:49:40.856813
ATMN,23.51,23.18,23.51,968800.0,,2198300.0,,0,0,0,0,0,0,0,0,0,0,127,2026-02-03 05:49:40.856813
WNTR,23.91,23.84,23.91,1253900.0,,1847900.0,,0,0,0,0,0,0,0,0,0,0,127,2026-02-03 05:49:40.856813
SPNG,24.86,24.94,25.41,1405100.0,7500.0,1668500.0,,0,0,0,0,0,0,0,0,0,0,128,2026-02-03 05:49:41.893307
SMMR,26.48,26.52,26.53,2026700.0,,1280500.0,,0,0,0,0,0,0,0,0,0,0,128,2026-02-03 05:49:41.893307
ATMN,23.18,23.19,23.46,1006400.0,7500.0,2136800.0,7500.0,0,0,0,0,0,0,0,0,0,0,128,2026-02-03 05:49:41.893307
WNTR,23.9,23.9,23.93,1257400.0,,1880300.0,7500.0,0,0,0,0,0,0,0,0,0,0,128,2026-02-03 05:49:41.893307
SPNG,24.86,24.86,25.41,1400700.0,4218.0,1761900.0,0,0,0,0,0,0,0,0,0,0,0,129,2026-02-03 05:49:42.949144
SMMR,26.52,26.52,26.64,2026700.0,,1202100.0,0,0,0,0,0,0,0,0,0,0,0,129,2026-02-03 05:49:42.949144
ATMN,22.81,22.35,22.5,1092900.0,5391.0,2174800.0,0,0,0,0,0,0,0,0,0,0,0,129,2026-02-03 05:49:42.949144
WNTR,23.74,23.74,23.82,918100.0,,2227800.0,0,0,0,0,0,0,0,0,0,0,0,129,2026-02-03 05:49:42.949144
SPNG,25.43,24.86,25.43,1400700.0,1855400.0,,0,0,0,0,0,0,0,0,0,0,0,130,2026-02-03 05:49:43.475946
SMMR,26.52,26.52,26.64,2070700.0,1202100.0,4218.0,0,0,0,0,0,0,0,0,0,0,0,130,2026-02-03 05:49:43.475946
ATMN,23.46,22.35,23.46,1092900.0,2224200.0,,0,0,0,0,0,0,0,0,0,0,0,130,2026-02-03 05:49:43.475946
WNTR,23.74,23.74,23.81,918100.0,2096600.0,4570.0,0,0,0,0,0,0,0,0,0,0,0,130,2026-02-03 05:49:43.475946
SPNG,25.45,25.36,25.41,1487300.0,3282.0,1739500.0,,0,0,0,0,0,0,0,0,0,0,131,2026-02-03 05:49:44.506242
SMMR,26.52,26.54,26.64,2042700.0,4218.0,1202100.0,,0,0,0,0,0,0,0,0,0,0,131,2026-02-03 05:49:44.506242
ATMN,22.48,22.61,23.46,1482000.0,,2224200.0,4570.0,0,0,0,0,0,0,0,0,0,0,131,2026-02-03 05:49:44.506242
WNTR,23.74,23.67,23.68,1182300.0,4570.0,2118100.0,,0,0,0,0,0,0,0,0,0,0,131,2026-02-03 05:49:44.506242
SPNG,25.45,24.94,25.45,1510300.0,1739500.0,,,0,0,0,0,0,0,0,0,0,0,132,2026-02-03 05:49:45.531835
SMMR,26.52,26.52,26.64,2062500.0,1301700.0,4218.0,,0,0,0,0,0,0,0,0,0,0,132,2026-02-03 05:49:45.531835
ATMN,22.61,22.62,23.25,1482000.0,2245000.0,,8964.0,0,0,0,0,0,0,0,0,0,0,132,2026-02-03 05:49:45.531835
WNTR,23.67,23.67,23.71,1308600.0,2218100.0,,,0,0,0,0,0,0,0,0,0,0,132,2026-02-03 05:49:45.531835
SPNG,24.94,25.14,25.44,1614600.0,7434.0,1739500.0,,0,0,0,0,0,0,0,0,0,0,133,2026-02-03 05:49:46.556377
SMMR,26.5,26.5,26.65,2076200.0,,1386900.0,,0,0,0,0,0,0,0,0,0,0,133,2026-02-03 05:49:46.556377
ATMN,23.25,23.18,23.25,1618300.0,,2288400.0,4482.0,0,0,0,0,0,0,0,0,0,0,133,2026-02-03 05:49:46.556377
WNTR,23.71,23.68,23.7,1526100.0,689.0,2113000.0,7434.0,0,0,0,0,0,0,0,0,0,0,133,2026-02-03 05:49:46.556377
SPNG,25.14,25.14,25.22,1614600.0,1871200.0,,0,0,0,0,0,0,0,0,0,0,0,134,2026-02-03 05:49:47.585249
SMMR,26.46,26.46,26.57,1991500.0,1664200.0,,0,0,0,0,0,0,0,0,0,0,0,134,2026-02-03 05:49:47.585249
ATMN,23.18,23.18,23.27,1618300.0,2313100.0,4482.0,0,0,0,0,0,0,0,0,0,0,0,134,2026-02-03 05:49:47.585249
WNTR,23.84,23.83,23.84,1731100.0,2182200.0,6745.0,0,0,0,0,0,0,0,0,0,0,0,134,2026-02-03 05:49:47.585249
SPNG,24.94,24.94,25.21,1598100.0,4521.0,1809300.0,,0,0,0,0,0,0,0,0,0,0,135,2026-02-03 05:49:48.611212
SMMR,26.65,26.62,26.63,2080200.0,4521.0,1688500.0,,0,0,0,0,0,0,0,0,0,0,135,2026-02-03 05:49:48.611212
ATMN,23.18,22.61,22.9,1482000.0,,2380500.0,,0,0,0,0,0,0,0,0,0,0,135,2026-02-03 05:49:48.611212
WNTR,23.83,23.83,23.9,1844900.0,,2185900.0,7434.0,0,0,0,0,0,0,0,0,0,0,135,2026-02-03 05:49:48.611212
SPNG,25.22,24.95,25.21,5641.0,1598100.0,5641.0,1793500.0,0,0,0,0,0,0,0,0,0,0,136,2026-02-03 05:49:49.640831
SMMR,26.65,26.53,26.65,5651.0,1955700.0,,1688500.0,0,0,0,0,0,0,0,0,0,0,136,2026-02-03 05:49:49.640831
ATMN,23.2,23.26,23.27,,1720900.0,,2362000.0,0,0,0,0,0,0,0,0,0,0,136,2026-02-03 05:49:49.640831
WNTR,23.88,23.83,23.88,7434.0,2101500.0,,2158000.0,0,0,0,0,0,0,0,0,0,0,136,2026-02-03 05:49:49.640831
SPNG,24.86,24.86,25.64,1499500.0,1816000.0,,0,0,0,0,0,0,0,0,0,0,0,137,2026-02-03 05:49:50.672056
SMMR,26.65,26.53,26.65,1838700.0,1913300.0,10172.0,0,0,0,0,0,0,0,0,0,0,0,137,2026-02-03 05:49:50.672056
ATMN,23.17,23.17,23.18,1904000.0,2382500.0,4957.0,0,0,0,0,0,0,0,0,0,0,0,137,2026-02-03 05:49:50.672056
WNTR,23.9,23.85,23.9,2208500.0,2185900.0,,0,0,0,0,0,0,0,0,0,0,0,137,2026-02-03 05:49:50.672056
SPNG,24.86,25.23,25.57,1594900.0,8739.0,1840300.0,,0,0,0,0,0,0,0,0,0,0,138,2026-02-03 05:49:51.704275
SMMR,26.46,26.46,26.48,2090100.0,,2002700.0,,0,0,0,0,0,0,0,0,0,0,138,2026-02-03 05:49:51.704275
ATMN,23.18,23.26,23.27,1982500.0,,2362000.0,,0,0,0,0,0,0,0,0,0,0,138,2026-02-03 05:49:51.704275
WNTR,23.85,23.81,23.85,2202400.0,,2070400.0,1533.0,0,0,0,0,0,0,0,0,0,0,138,2026-02-03 05:49:51.704275
SPNG,24.83,25.23,25.44,8739.0,1510700.0,1850600.0,,0,0,0,0,0,0,0,0,0,0,139,2026-02-03 05:49:52.729731
SMMR,26.48,26.53,26.65,,2103800.0,1994400.0,,0,0,0,0,0,0,0,0,0,0,139,2026-02-03 05:49:52.729731
ATMN,22.71,22.64,22.71,,2144400.0,2367300.0,,0,0,0,0,0,0,0,0,0,0,139,2026-02-03 05:49:52.729731
WNTR,23.81,23.77,23.79,,2198500.0,2063400.0,1533.0,0,0,0,0,0,0,0,0,0,0,139,2026-02-03 05:49:52.729731
SPNG,24.83,24.83,25.44,1404300.0,1892300.0,,,0,0,0,0,0,0,0,0,0,0,140,2026-02-03 05:49:53.764148
SMMR,26.66,26.54,26.66,1974400.0,1878500.0,5877.0,,0,0,0,0,0,0,0,0,0,0,140,2026-02-03 05:49:53.764148
ATMN,23.25,23.05,23.09,2284800.0,2252000.0,,7116.0,0,0,0,0,0,0,0,0,0,0,140,2026-02-03 05:49:53.764148
WNTR,23.96,23.77,23.96,2330700.0,2098700.0,,,0,0,0,0,0,0,0,0,0,0,140,2026-02-03 05:49:53.764148
SPNG,24.83,24.83,25.4,1404300.0,1905000.0,,0,0,0,0,0,0,0,0,0,0,0,141,2026-02-03 05:49:54.794100
SMMR,26.66,26.54,26.66,1950100.0,1978500.0,5877.0,0,0,0,0,0,0,0,0,0,0,0,141,2026-02-03 05:49:54.794100
ATMN,23.35,23.06,23.35,2284800.0,2302100.0,7116.0,0,0,0,0,0,0,0,0,0,0,0,141,2026-02-03 05:49:54.794100
WNTR,23.71,23.77,23.96,2239000.0,2202500.0,4251.0,0,0,0,0,0,0,0,0,0,0,0,141,2026-02-03 05:49:54.794100
SPNG,25.17,25.07,25.17,1485700.0,1677300.0,15618.0,0,0,0,0,0,0,0,0,0,0,0,142,2026-02-03 05:49:55.828072
SMMR,26.54,26.5,26.54,2033600.0,1998800.0,,0,0,0,0,0,0,0,0,0,0,0,142,2026-02-03 05:49:55.828072
ATMN,23.25,22.64,23.25,2283500.0,2302100.0,,0,0,0,0,0,0,0,0,0,0,0,142,2026-02-03 05:49:55.828072
WNTR,23.77,23.78,23.96,2354200.0,2193600.0,,0,0,0,0,0,0,0,0,0,0,0,142,2026-02-03 05:49:55.828072
SPNG,25.4,25.07,25.4,1708500.0,1952700.0,,0,0,0,0,0,0,0,0,0,0,0,143,2026-02-03 05:49:56.861835
SMMR,26.51,26.41,26.45,2077300.0,1925500.0,6229.0,0,0,0,0,0,0,0,0,0,0,0,143,2026-02-03 05:49:56.861835
ATMN,22.64,23.11,23.34,2273600.0,2215500.0,6229.0,0,0,0,0,0,0,0,0,0,0,0,143,2026-02-03 05:49:56.861835
WNTR,23.97,23.77,23.92,2374700.0,2156200.0,,0,0,0,0,0,0,0,0,0,0,0,143,2026-02-03 05:49:56.861835
SPNG,24.83,24.83,25.39,1714700.0,1968900.0,,,0,0,0,0,0,0,0,0,0,0,144,2026-02-03 05:49:57.921879
SMMR,26.51,26.41,26.45,2034500.0,1925500.0,6229.0,,0,0,0,0,0,0,0,0,0,0,144,2026-02-03 05:49:57.921879
ATMN,23.12,23.17,23.33,2410100.0,2214100.0,5942.0,12171.0,0,0,0,0,0,0,0,0,0,0,144,2026-02-03 05:49:57.921879
WNTR,23.66,23.66,23.84,2042700.0,2045400.0,5942.0,,0,0,0,0,0,0,0,0,0,0,144,2026-02-03 05:49:57.921879
SPNG,24.83,24.9,25.39,4457.0,1714700.0,1968000.0,,0,0,0,0,0,0,0,0,0,0,145,2026-02-03 05:49:58.972722
SMMR,26.67,26.41,26.67,,2034500.0,1959200.0,,0,0,0,0,0,0,0,0,0,0,145,2026-02-03 05:49:58.972722
ATMN,23.25,23.11,23.24,,2273600.0,2212300.0,4457.0,0,0,0,0,0,0,0,0,0,0,145,2026-02-03 05:49:58.972722
WNTR,23.65,23.65,23.73,,2031900.0,2063300.0,5942.0,0,0,0,0,0,0,0,0,0,0,145,2026-02-03 05:49:58.972722
SPNG,25.39,25.0,25.39,1826200.0,1968000.0,,0,0,0,0,0,0,0,0,0,0,0,146,2026-02-03 05:49:59.514407
SMMR,26.67,26.44,26.54,2055700.0,1983600.0,,0,0,0,0,0,0,0,0,0,0,0,146,2026-02-03 05:49:59.514407
ATMN,23.27,23.11,23.23,2273600.0,2230300.0,4529.0,0,0,0,0,0,0,0,0,0,0,0,146,2026-02-03 05:49:59.514407
WNTR,23.65,23.68,23.73,2241400.0,2063300.0,5942.0,0,0,0,0,0,0,0,0,0,0,0,146,2026-02-03 05:49:59.514407
SPNG,25.17,25.0,25.03,1944200.0,1983100.0,,0,0,0,0,0,0,0,0,0,0,0,147,2026-02-03 05:50:00.546498
SMMR,26.44,26.44,26.68,2055700.0,1876500.0,,0,0,0,0,0,0,0,0,0,0,0,147,2026-02-03 05:50:00.546498
ATMN,23.29,23.29,23.35,2261500.0,2334700.0,,0,0,0,0,0,0,0,0,0,0,0,147,2026-02-03 05:50:00.546498
WNTR,23.68,23.68,23.73,2361500.0,2063300.0,5942.0,0,0,0,0,0,0,0,0,0,0,0,147,2026-02-03 05:50:00.546498
SPNG,25.4,25.0,25.16,2153300.0,1992900.0,,,0,0,0,0,0,0,0,0,0,0,148,2026-02-03 05:50:01.575579
SMMR,26.7,26.44,26.7,1960300.0,1773400.0,18.0,,0,0,0,0,0,0,0,0,0,0,148,2026-02-03 05:50:01.575579
ATMN,23.35,23.12,23.35,2254800.0,2334700.0,,,0,0,0,0,0,0,0,0,0,0,148,2026-02-03 05:50:01.575579
WNTR,23.73,23.68,23.73,2328500.0,2084200.0,,5942.0,0,0,0,0,0,0,0,0,0,0,148,2026-02-03 05:50:01.575579
SPNG,25.0,25.0,25.4,2153300.0,1968500.0,,,0,0,0,0,0,0,0,0,0,0,149,2026-02-03 05:50:02.605789
SMMR,26.7,26.44,26.52,1950800.0,1869000.0,18.0,,0,0,0,0,0,0,0,0,0,0,149,2026-02-03 05:50:02.605789
ATMN,23.12,22.76,22.77,2520400.0,2254100.0,6019.0,6019.0,0,0,0,0,0,0,0,0,0,0,149,2026-02-03 05:50:02.605789
WNTR,23.79,23.67,23.75,2362100.0,2175900.0,,,0,0,0,0,0,0,0,0,0,0,149,2026-02-03 05:50:02.605789
SPNG,24.95,24.95,25.4,2041800.0,1883500.0,7151.0,0,0,0,0,0,0,0,0,0,0,0,150,2026-02-03 05:50:03.637043
SMMR,26.41,26.4,26.41,2063100.0,1985400.0,,0,0,0,0,0,0,0,0,0,0,0,150,2026-02-03 05:50:03.637043
ATMN,23.12,22.76,22.78,2628300.0,2380000.0,,0,0,0,0,0,0,0,0,0,0,0,150,2026-02-03 05:50:03.637043
WNTR,23.79,23.71,23.72,2339200.0,2168700.0,,0,0,0,0,0,0,0,0,0,0,0,150,2026-02-03 05:50:03.637043
SPNG,25.23,25.23,25.4,2159000.0,1887300.0,7151.0,0,0,0,0,0,0,0,0,0,0,0,151,2026-02-03 05:50:04.664107
SMMR,26.46,26.4,26.41,2082400.0,1971400.0,,0,0,0,0,0,0,0,0,0,0,0,151,2026-02-03 05:50:04.664107
ATMN,22.78,22.98,23.35,2561400.0,2334700.0,,0,0,0,0,0,0,0,0,0,0,0,151,2026-02-03 05:50:04.664107
WNTR,23.64,23.64,23.75,2379300.0,2180900.0,,0,0,0,0,0,0,0,0,0,0,0,151,2026-02-03 05:50:04.664107
SPNG,24.83,24.98,25.4,2121100.0,1887300.0,7151.0,0,0,0,0,0,0,0,0,0,0,0,152,2026-02-03 05:50:05.696800
SMMR,26.46,26.4,26.41,2070300.0,1971400.0,,0,0,0,0,0,0,0,0,0,0,0,152,2026-02-03 05:50:05.696800
ATMN,22.76,22.81,23.05,2560000.0,2342900.0,,0,0,0,0,0,0,0,0,0,0,0,152,2026-02-03 05:50:05.696800
WNTR,23.78,23.72,23.78,2346500.0,2156100.0,,0,0,0,0,0,0,0,0,0,0,0,152,2026-02-03 05:50:05.696800
SPNG,24.83,24.98,25.07,2073300.0,1988100.0,,0,0,0,0,0,0,0,0,0,0,0,153,2026-02-03 05:50:06.723379
SMMR,26.52,26.41,26.52,1965900.0,1869000.0,7140.0,0,0,0,0,0,0,0,0,0,0,0,153,2026-02-03 05:50:06.723379
ATMN,23.05,22.97,23.05,2543400.0,2342900.0,,0,0,0,0,0,0,0,0,0,0,0,153,2026-02-03 05:50:06.723379
WNTR,23.78,23.8,23.84,2147100.0,2189800.0,11424.0,0,0,0,0,0,0,0,0,0,0,0,153,2026-02-03 05:50:06.723379
SPNG,24.9,24.9,25.07,2057000.0,1988100.0,,0,0,0,0,0,0,0,0,0,0,0,154,2026-02-03 05:50:07.750609
SMMR,26.38,26.38,26.48,2117500.0,1976200.0,,0,0,0,0,0,0,0,0,0,0,0,154,2026-02-03 05:50:07.750609
ATMN,22.81,22.81,23.35,2565200.0,2365300.0,,0,0,0,0,0,0,0,0,0,0,0,154,2026-02-03 05:50:07.750609
WNTR,23.8,23.83,23.84,2259600.0,2180800.0,5712.0,0,0,0,0,0,0,0,0,0,0,0,154,2026-02-03 05:50:07.750609
SPNG,25.38,24.9,25.38,2031600.0,1997100.0,,0,0,0,0,0,0,0,0,0,0,0,155,2026-02-03 05:50:08.775736
SMMR,26.38,26.38,26.48,2156600.0,1976200.0,,0,0,0,0,0,0,0,0,0,0,0,155,2026-02-03 05:50:08.775736
ATMN,23.35,23.37,23.4,2551600.0,2321300.0,,0,0,0,0,0,0,0,0,0,0,0,155,2026-02-03 05:50:08.775736
WNTR,23.76,23.72,23.76,2348900.0,2114600.0,2765.0,0,0,0,0,0,0,0,0,0,0,0,155,2026-02-03 05:50:08.775736
SPNG,24.85,24.79,24.85,2046200.0,1881900.0,7151.0,,0,0,0,0,0,0,0,0,0,0,156,2026-02-03 05:50:09.801240
SMMR,26.75,26.47,26.75,2046900.0,1658800.0,,3236.0,0,0,0,0,0,0,0,0,0,0,156,2026-02-03 05:50:09.801240
ATMN,23.37,22.86,23.3,2538800.0,2194900.0,7140.0,,0,0,0,0,0,0,0,0,0,0,156,2026-02-03 05:50:09.801240
WNTR,23.66,23.66,23.76,2369400.0,2114600.0,2765.0,,0,0,0,0,0,0,0,0,0,0,156,2026-02-03 05:50:09.801240
SPNG,25.38,24.81,25.38,2044100.0,1997100.0,,,0,0,0,0,0,0,0,0,0,0,157,2026-02-03 05:50:10.830827
SMMR,26.75,26.48,26.55,2066700.0,1860800.0,3236.0,,0,0,0,0,0,0,0,0,0,0,157,2026-02-03 05:50:10.830827
ATMN,23.29,23.29,23.39,2549700.0,2184000.0,,5830.0,0,0,0,0,0,0,0,0,0,0,157,2026-02-03 05:50:10.830827
WNTR,23.66,23.66,23.76,2369400.0,2084000.0,,2765.0,0,0,0,0,0,0,0,0,0,0,157,2026-02-03 05:50:10.830827
SPNG,25.38,24.99,25.18,1916800.0,7382.0,1913400.0,7382.0,0,0,0,0,0,0,0,0,0,0,158,2026-02-03 05:50:11.855061
SMMR,26.52,26.52,26.55,2059100.0,3236.0,1984300.0,,0,0,0,0,0,0,0,0,0,0,158,2026-02-03 05:50:11.855061
ATMN,23.29,23.3,23.38,2295800.0,7382.0,2200300.0,7382.0,0,0,0,0,0,0,0,0,0,0,158,2026-02-03 05:50:11.855061
WNTR,23.84,23.62,23.84,2343100.0,,2180800.0,,0,0,0,0,0,0,0,0,0,0,158,2026-02-03 05:50:11.855061
SPNG,24.81,25.1,25.18,2041400.0,2018000.0,,0,0,0,0,0,0,0,0,0,0,0,159,2026-02-03 05:50:12.906371
SMMR,26.57,26.52,26.57,2057000.0,1947300.0,3236.0,0,0,0,0,0,0,0,0,0,0,0,159,2026-02-03 05:50:12.906371
ATMN,22.86,23.32,23.4,2509700.0,2333100.0,,0,0,0,0,0,0,0,0,0,0,0,159,2026-02-03 05:50:12.906371
WNTR,23.92,23.85,23.89,2363500.0,2177100.0,,0,0,0,0,0,0,0,0,0,0,0,159,2026-02-03 05:50:12.906371
SPNG,25.22,25.1,25.22,2018300.0,1976200.0,,,0,0,0,0,0,0,0,0,0,0,160,2026-02-03 05:50:13.936583
SMMR,26.57,26.52,26.57,2057000.0,2029100.0,3236.0,,0,0,0,0,0,0,0,0,0,0,160,2026-02-03 05:50:13.936583
ATMN,23.09,23.09,23.4,2522500.0,2200300.0,,7382.0,0,0,0,0,0,0,0,0,0,0,160,2026-02-03 05:50:13.936583
WNTR,23.85,23.85,23.88,2363500.0,2217100.0,,,0,0,0,0,0,0,0,0,0,0,160,2026-02-03 05:50:13.936583
SPNG,25.11,24.81,24.9,2010500.0,1997000.0,,,0,0,0,0,0,0,0,0,0,0,161,2026-02-03 05:50:14.962380
SMMR,26.6,26.52,26.6,2057000.0,2056000.0,3236.0,,0,0,0,0,0,0,0,0,0,0,161,2026-02-03 05:50:14.962380
ATMN,23.51,23.09,23.43,2554400.0,2220300.0,,6691.0,0,0,0,0,0,0,0,0,0,0,161,2026-02-03 05:50:14.962380
WNTR,23.85,23.64,23.66,2358600.0,2183400.0,,,0,0,0,0,0,0,0,0,0,0,161,2026-02-03 05:50:14.962380
SPNG,25.15,25.15,25.34,1993200.0,1964700.0,,,0,0,0,0,0,0,0,0,0,0,162,2026-02-03 05:50:15.996073
SMMR,26.66,26.52,26.66,2057000.0,2023600.0,3236.0,,0,0,0,0,0,0,0,0,0,0,162,2026-02-03 05:50:15.996073
ATMN,23.51,23.09,23.51,2554400.0,2314600.0,,,0,0,0,0,0,0,0,0,0,0,162,2026-02-03 05:50:15.996073
WNTR,23.66,23.69,23.74,2346700.0,2094800.0,,6691.0,0,0,0,0,0,0,0,0,0,0,162,2026-02-03 05:50:15.996073
SPNG,25.15,25.15,25.33,1993200.0,6691.0,1826700.0,,0,0,0,0,0,0,0,0,0,0,163,2026-02-03 05:50:17.049554
SMMR,26.52,26.52,26.64,2144100.0,,2060000.0,,0,0,0,0,0,0,0,0,0,0,163,2026-02-03 05:50:17.049554
ATMN,23.51,23.09,23.34,2398100.0,,2343600.0,6691.0,0,0,0,0,0,0,0,0,0,0,163,2026-02-03 05:50:17.049554
WNTR,23.7,23.7,23.74,2337400.0,,2197900.0,,0,0,0,0,0,0,0,0,0,0,163,2026-02-03 05:50:17.049554
SPNG,25.44,25.17,25.27,6691.0,1876600.0,1875600.0,,0,0,0,0,0,0,0,0,0,0,164,2026-02-03 05:50:17.590784
SMMR,26.51,26.47,26.5,,2143700.0,2079500.0,,0,0,0,0,0,0,0,0,0,0,164,2026-02-03 05:50:17.590784
ATMN,23.52,23.09,23.52,6691.0,2423900.0,2322300.0,,0,0,0,0,0,0,0,0,0,0,164,2026-02-03 05:50:17.590784
WNTR,23.74,23.73,23.74,,2347400.0,2065800.0,6691.0,0,0,0,0,0,0,0,0,0,0,164,2026-02-03 05:50:17.590784
SPNG,24.81,24.81,25.28,2010000.0,1886100.0,0,0,0,0,0,0,0,0,0,0,0,0,165,2026-02-03 05:50:18.621492
SMMR,26.51,26.44,26.51,2126700.0,2083900.0,0,0,0,0,0,0,0,0,0,0,0,0,165,2026-02-03 05:50:18.621492
ATMN,22.94,22.94,23.52,2519000.0,2349000.0,0,0,0,0,0,0,0,0,0,0,0,0,165,2026-02-03 05:50:18.621492
WNTR,23.75,23.69,23.75,2346700.0,2196000.0,0,0,0,0,0,0,0,0,0,0,0,0,165,2026-02-03 05:50:18.621492
SPNG,25.48,25.19,25.43,2006800.0,7500.0,1786300.0,,0,0,0,0,0,0,0,0,0,0,166,2026-02-03 05:50:19.651684
SMMR,26.62,26.44,26.58,2126700.0,,2062500.0,,0,0,0,0,0,0,0,0,0,0,166,2026-02-03 05:50:19.651684
ATMN,23.47,22.94,23.47,2519000.0,,2366200.0,,0,0,0,0,0,0,0,0,0,0,166,2026-02-03 05:50:19.651684
WNTR,23.81,23.7,23.81,2228100.0,,2207500.0,7500.0,0,0,0,0,0,0,0,0,0,0,166,2026-02-03 05:50:19.651684
SPNG,24.79,24.79,25.48,2019200.0,1890900.0,,,0,0,0,0,0,0,0,0,0,0,167,2026-02-03 05:50:20.675750
SMMR,26.42,26.45,26.55,2041700.0,1944900.0,7500.0,7500.0,0,0,0,0,0,0,0,0,0,0,167,2026-02-03 05:50:20.675750
ATMN,23.14,23.24,23.46,2394000.0,2242200.0,7500.0,7500.0,0,0,0,0,0,0,0,0,0,0,167,2026-02-03 05:50:20.675750
WNTR,23.87,23.69,23.7,2346700.0,2180600.0,,,0,0,0,0,0,0,0,0,0,0,167,2026-02-03 05:50:20.675750
SPNG,24.79,24.81,25.47,1994100.0,5625.0,1786300.0,,0,0,0,0,0,0,0,0,0,0,168,2026-02-03 05:50:21.706424
SMMR,26.4,26.51,26.54,2069600.0,5625.0,1944900.0,5625.0,0,0,0,0,0,0,0,0,0,0,168,2026-02-03 05:50:21.706424
ATMN,23.14,23.34,23.45,2409000.0,5625.0,2234400.0,5625.0,0,0,0,0,0,0,0,0,0,0,168,2026-02-03 05:50:21.706424
WNTR,23.7,23.74,23.87,2224700.0,,2174400.0,7500.0,0,0,0,0,0,0,0,0,0,0,168,2026-02-03 05:50:21.706424
SPNG,24.79,24.79,25.29,2019200.0,1703500.0,7500.0,0,0,0,0,0,0,0,0,0,0,0,169,2026-02-03 05:50:22.735420
SMMR,26.58,26.4,26.58,2172200.0,2094600.0,,0,0,0,0,0,0,0,0,0,0,0,169,2026-02-03 05:50:22.735420
ATMN,23.24,23.24,23.47,2502600.0,2366700.0,,0,0,0,0,0,0,0,0,0,0,0,169,2026-02-03 05:50:22.735420
WNTR,23.62,23.62,23.82,2349700.0,2208000.0,,0,0,0,0,0,0,0,0,0,0,0,169,2026-02-03 05:50:22.735420
SPNG,24.79,24.79,25.27,2019200.0,1801100.0,10000.0,,0,0,0,0,0,0,0,0,0,0,170,2026-02-03 05:50:23.767485
SMMR,26.63,26.4,26.63,2172200.0,2085000.0,,,0,0,0,0,0,0,0,0,0,0,170,2026-02-03 05:50:23.767485
ATMN,22.98,23.21,23.47,2345400.0,2366700.0,,4218.0,0,0,0,0,0,0,0,0,0,0,170,2026-02-03 05:50:23.767485
WNTR,23.82,23.62,23.63,2349700.0,2073400.0,4218.0,,0,0,0,0,0,0,0,0,0,0,170,2026-02-03 05:50:23.767485
SPNG,25.27,25.38,25.51,2017300.0,1907800.0,,0,0,0,0,0,0,0,0,0,0,0,171,2026-02-03 05:50:24.801299
SMMR,26.63,26.43,26.63,2081800.0,2085000.0,4218.0,0,0,0,0,0,0,0,0,0,0,0,171,2026-02-03 05:50:24.801299
ATMN,22.98,23.21,23.29,2452900.0,2342300.0,,0,0,0,0,0,0,0,0,0,0,0,171,2026-02-03 05:50:24.801299
WNTR,23.63,23.62,23.63,2383700.0,2201100.0,,0,0,0,0,0,0,0,0,0,0,0,171,2026-02-03 05:50:24.801299
SPNG,24.79,24.79,25.51,2019200.0,1884700.0,0,0,0,0,0,0,0,0,0,0,0,0,172,2026-02-03 05:50:25.829245
SMMR,26.48,26.48,26.63,2187000.0,2117200.0,0,0,0,0,0,0,0,0,0,0,0,0,172,2026-02-03 05:50:25.829245
ATMN,23.28,23.28,23.29,2432300.0,2342300.0,0,0,0,0,0,0,0,0,0,0,0,0,172,2026-02-03 05:50:25.829245
WNTR,23.62,23.62,23.83,2377400.0,2198600.0,0,0,0,0,0,0,0,0,0,0,0,0,172,2026-02-03 05:50:25.829245
SPNG,25.38,24.79,25.38,2022500.0,1919900.0,0,0,0,0,0,0,0,0,0,0,0,0,173,2026-02-03 05:50:26.856884
SMMR,26.44,26.44,26.63,2190800.0,2108000.0,0,0,0,0,0,0,0,0,0,0,0,0,173,2026-02-03 05:50:26.856884
ATMN,23.21,23.21,23.56,2424700.0,2357200.0,0,0,0,0,0,0,0,0,0,0,0,0,173,2026-02-03 05:50:26.856884
WNTR,23.62,23.75,23.83,2366300.0,2188900.0,0,0,0,0,0,0,0,0,0,0,0,0,173,2026-02-03 05:50:26.856884
SPNG,25.54,25.34,25.54,1912200.0,3516.0,1880200.0,,0,0,0,0,0,0,0,0,0,0,174,2026-02-03 05:50:27.887826
SMMR,26.44,26.44,26.59,2117900.0,4218.0,2096700.0,,0,0,0,0,0,0,0,0,0,0,174,2026-02-03 05:50:27.887826
ATMN,23.56,23.21,23.56,2424700.0,,2362800.0,,0,0,0,0,0,0,0,0,0,0,174,2026-02-03 05:50:27.887826
WNTR,23.62,23.75,23.82,2341500.0,,2057300.0,3516.0,0,0,0,0,0,0,0,0,0,0,174,2026-02-03 05:50:27.887826
SPNG,25.54,25.34,25.42,2014700.0,1907700.0,,0,0,0,0,0,0,0,0,0,0,0,175,2026-02-03 05:50:28.919406
SMMR,26.59,26.43,26.59,2202400.0,2096700.0,,0,0,0,0,0,0,0,0,0,0,0,175,2026-02-03 05:50:28.919406
ATMN,23.56,23.01,23.56,2427500.0,2367800.0,,0,0,0,0,0,0,0,0,0,0,0,175,2026-02-03 05:50:28.919406
WNTR,23.75,23.75,23.83,2236300.0,2156900.0,3516.0,0,0,0,0,0,0,0,0,0,0,0,175,2026-02-03 05:50:28.919406
SPNG,25.2,25.2,25.42,2022000.0,1887500.0,,,0,0,0,0,0,0,0,0,0,0,176,2026-02-03 05:50:29.947847
SMMR,26.59,26.51,26.58,2124900.0,2002000.0,6621.0,6621.0,0,0,0,0,0,0,0,0,0,0,176,2026-02-03 05:50:29.947847
ATMN,23.37,23.55,23.56,2459600.0,2367800.0,,,0,0,0,0,0,0,0,0,0,0,176,2026-02-03 05:50:29.947847
WNTR,23.83,23.74,23.83,2351300.0,2155900.0,,,0,0,0,0,0,0,0,0,0,0,176,2026-02-03 05:50:29.947847
SPNG,25.2,25.2,25.42,2022000.0,1920700.0,0,0,0,0,0,0,0,0,0,0,0,0,177,2026-02-03 05:50:30.972808
SMMR,26.59,26.51,26.59,2216100.0,2095100.0,0,0,0,0,0,0,0,0,0,0,0,0,177,2026-02-03 05:50:30.972808
ATMN,23.09,23.21,23.56,2467100.0,2330300.0,0,0,0,0,0,0,0,0,0,0,0,0,177,2026-02-03 05:50:30.972808
WNTR,23.87,23.74,23.87,2357500.0,2170700.0,0,0,0,0,0,0,0,0,0,0,0,0,177,2026-02-03 05:50:30.972808
SPNG,24.79,24.94,25.42,2059300.0,1920700.0,0,0,0,0,0,0,0,0,0,0,0,0,178,2026-02-03 05:50:31.999204
SMMR,26.51,26.51,26.53,2216100.0,2088100.0,0,0,0,0,0,0,0,0,0,0,0,0,178,2026-02-03 05:50:31.999204
ATMN,23.56,23.21,23.56,2458200.0,2352300.0,0,0,0,0,0,0,0,0,0,0,0,0,178,2026-02-03 05:50:31.999204
WNTR,23.88,23.8,23.88,2335200.0,2179500.0,0,0,0,0,0,0,0,0,0,0,0,0,178,2026-02-03 05:50:31.999204
SPNG,24.79,25.01,25.42,2085200.0,1920700.0,0,0,0,0,0,0,0,0,0,0,0,0,179,2026-02-03 05:50:33.024462
SMMR,26.43,26.43,26.53,2202400.0,2088100.0,0,0,0,0,0,0,0,0,0,0,0,0,179,2026-02-03 05:50:33.024462
ATMN,23.56,23.21,23.56,2458200.0,2357700.0,0,0,0,0,0,0,0,0,0,0,0,0,179,2026-02-03 05:50:33.024462
WNTR,23.8,23.8,23.82,2335200.0,2143600.0,0,0,0,0,0,0,0,0,0,0,0,0,179,2026-02-03 05:50:33.024462
SPNG,24.94,25.13,26.2,900700.0,721300.0,0,0,0,0,0,0,0,0,0,0,0,0,180,2026-02-03 05:50:34.050726
SMMR,26.53,25.34,25.54,855700.0,874100.0,0,0,0,0,0,0,0,0,0,0,0,0,180,2026-02-03 05:50:34.050726
ATMN,23.21,25.17,25.62,987400.0,784800.0,0,0,0,0,0,0,0,0,0,0,0,0,180,2026-02-03 05:50:34.050726
WNTR,25.54,24.7,25.16,673100.0,702200.0,0,0,0,0,0,0,0,0,0,0,0,0,180,2026-02-03 05:50:34.050726
SPNG,24.94,25.13,26.2,900700.0,997300.0,0,0,0,0,0,0,0,0,0,0,0,0,181,2026-02-03 05:50:35.088169
SMMR,26.53,25.34,25.48,855700.0,1195400.0,0,0,0,0,0,0,0,0,0,0,0,0,181,2026-02-03 05:50:35.088169
ATMN,25.17,25.18,25.24,1000900.0,990100.0,0,0,0,0,0,0,0,0,0,0,0,0,181,2026-02-03 05:50:35.088169
WNTR,25.22,24.9,25.22,1150800.0,839800.0,0,0,0,0,0,0,0,0,0,0,0,0,181,2026-02-03 05:50:35.088169
SPNG,25.13,25.13,26.2,910600.0,1103800.0,0,0,0,0,0,0,0,0,0,0,0,0,182,2026-02-03 05:50:36.206644
SMMR,25.34,25.34,25.48,855700.0,1557000.0,0,0,0,0,0,0,0,0,0,0,0,0,182,2026-02-03 05:50:36.206644
ATMN,25.24,25.52,25.56,1120000.0,1125400.0,0,0,0,0,0,0,0,0,0,0,0,0,182,2026-02-03 05:50:36.206644
WNTR,25.45,25.26,25.45,1435800.0,832900.0,0,0,0,0,0,0,0,0,0,0,0,0,182,2026-02-03 05:50:36.206644
SPNG,25.13,24.34,24.62,1025900.0,1337500.0,0,0,0,0,0,0,0,0,0,0,0,0,183,2026-02-03 05:50:36.787496
SMMR,25.34,25.34,25.43,855700.0,1761000.0,0,0,0,0,0,0,0,0,0,0,0,0,183,2026-02-03 05:50:36.787496
ATMN,25.52,25.18,25.48,1000900.0,1414900.0,0,0,0,0,0,0,0,0,0,0,0,0,183,2026-02-03 05:50:36.787496
WNTR,25.45,25.3,25.45,1659000.0,832900.0,0,0,0,0,0,0,0,0,0,0,0,0,183,2026-02-03 05:50:36.787496
SPNG,25.13,24.54,24.62,1457800.0,1337500.0,0,0,0,0,0,0,0,0,0,0,0,0,184,2026-02-03 05:50:37.821469
SMMR,25.06,25.06,25.24,824500.0,1981800.0,0,0,0,0,0,0,0,0,0,0,0,0,184,2026-02-03 05:50:37.821469
ATMN,25.17,24.1,25.11,1017700.0,1535500.0,0,0,0,0,0,0,0,0,0,0,0,0,184,2026-02-03 05:50:37.821469
WNTR,25.59,25.53,25.59,1782000.0,890200.0,0,0,0,0,0,0,0,0,0,0,0,0,184,2026-02-03 05:50:37.821469
SPNG,25.13,24.54,24.62,1943500.0,1337500.0,0,0,0,0,0,0,0,0,0,0,0,0,185,2026-02-03 05:50:38.846654
SMMR,25.06,25.06,25.24,824500.0,2092600.0,0,0,0,0,0,0,0,0,0,0,0,0,185,2026-02-03 05:50:38.846654
ATMN,25.0,25.0,25.11,1273900.0,1535500.0,0,0,0,0,0,0,0,0,0,0,0,0,185,2026-02-03 05:50:38.846654
WNTR,25.3,25.3,25.48,1659000.0,909700.0,0,0,0,0,0,0,0,0,0,0,0,0,185,2026-02-03 05:50:38.846654
SPNG,25.16,24.75,25.16,2188500.0,7500.0,1220100.0,,0,0,0,0,0,0,0,0,0,0,186,2026-02-03 05:50:39.871915
SMMR,25.12,25.07,25.12,824500.0,7500.0,2097400.0,7500.0,0,0,0,0,0,0,0,0,0,0,186,2026-02-03 05:50:39.871915
ATMN,24.67,24.67,25.1,1147100.0,,1634600.0,7500.0,0,0,0,0,0,0,0,0,0,0,186,2026-02-03 05:50:39.871915
WNTR,25.48,25.47,25.48,1876500.0,,909700.0,7500.0,0,0,0,0,0,0,0,0,0,0,186,2026-02-03 05:50:39.871915
SPNG,24.75,24.75,25.16,2095300.0,7500.0,1220100.0,,0,0,0,0,0,0,0,0,0,0,187,2026-02-03 05:50:40.904115
SMMR,25.06,25.06,25.08,843200.0,,2122900.0,7500.0,0,0,0,0,0,0,0,0,0,0,187,2026-02-03 05:50:40.904115
ATMN,25.13,25.42,25.48,1255600.0,,1414900.0,,0,0,0,0,0,0,0,0,0,0,187,2026-02-03 05:50:40.904115
WNTR,25.57,25.57,25.77,1902600.0,,802600.0,,0,0,0,0,0,0,0,0,0,0,187,2026-02-03 05:50:40.904115
SPNG,24.75,24.94,25.16,2118200.0,1312400.0,,,0,0,0,0,0,0,0,0,0,0,188,2026-02-03 05:50:41.929053
SMMR,25.01,25.01,25.08,967200.0,2106700.0,7500.0,,0,0,0,0,0,0,0,0,0,0,188,2026-02-03 05:50:41.929053
ATMN,25.37,25.06,25.37,1244900.0,1605200.0,7500.0,,0,0,0,0,0,0,0,0,0,0,188,2026-02-03 05:50:41.929053
WNTR,25.57,25.62,25.67,2089900.0,915800.0,,7500.0,0,0,0,0,0,0,0,0,0,0,188,2026-02-03 05:50:41.929053
SPNG,25.61,24.94,25.28,2008300.0,7500.0,1372600.0,,0,0,0,0,0,0,0,0,0,0,189,2026-02-03 05:50:42.956579
SMMR,24.89,24.96,25.08,978000.0,,2202300.0,,0,0,0,0,0,0,0,0,0,0,189,2026-02-03 05:50:42.956579
ATMN,24.67,24.67,25.3,1147100.0,,1917100.0,7500.0,0,0,0,0,0,0,0,0,0,0,189,2026-02-03 05:50:42.956579
WNTR,25.57,25.63,25.67,2052100.0,5625.0,1030200.0,,0,0,0,0,0,0,0,0,0,0,189,2026-02-03 05:50:42.956579
SPNG,24.75,24.75,25.22,2173700.0,1685600.0,,,0,0,0,0,0,0,0,0,0,0,190,2026-02-03 05:50:43.988381
SMMR,25.08,25.01,25.08,1183600.0,2089200.0,7500.0,,0,0,0,0,0,0,0,0,0,0,190,2026-02-03 05:50:43.988381
ATMN,24.67,24.99,25.3,1243500.0,1981800.0,7500.0,,0,0,0,0,0,0,0,0,0,0,190,2026-02-03 05:50:43.988381
WNTR,25.67,25.64,25.67,2047900.0,1204100.0,,5625.0,0,0,0,0,0,0,0,0,0,0,190,2026-02-03 05:50:43.988381
SPNG,24.73,25.13,25.22,2190400.0,1685600.0,0,0,0,0,0,0,0,0,0,0,0,0,191,2026-02-03 05:50:45.017038
SMMR,24.86,24.86,25.1,980500.0,2235500.0,0,0,0,0,0,0,0,0,0,0,0,0,191,2026-02-03 05:50:45.017038
ATMN,24.99,24.67,24.76,1273000.0,2115900.0,0,0,0,0,0,0,0,0,0,0,0,0,191,2026-02-03 05:50:45.017038
WNTR,25.59,25.59,25.67,2178400.0,1288400.0,0,0,0,0,0,0,0,0,0,0,0,0,191,2026-02-03 05:50:45.017038
SPNG,24.73,25.13,25.22,2055000.0,7031.0,1908500.0,,0,0,0,0,0,0,0,0,0,0,192,2026-02-03 05:50:46.048050
SMMR,24.86,25.03,25.1,1426600.0,5625.0,2235500.0,,0,0,0,0,0,0,0,0,0,0,192,2026-02-03 05:50:46.048050
ATMN,24.76,25.01,25.28,1482900.0,,1997300.0,7500.0,0,0,0,0,0,0,0,0,0,0,192,2026-02-03 05:50:46.048050
WNTR,25.6,25.59,25.6,2178400.0,,1289900.0,,0,0,0,0,0,0,0,0,0,0,192,2026-02-03 05:50:46.048050
SPNG,24.73,25.13,25.2,2190400.0,5625.0,1843800.0,,0,0,0,0,0,0,0,0,0,0,193,2026-02-03 05:50:47.077018
SMMR,24.86,25.04,25.07,1553000.0,5625.0,2118100.0,5625.0,0,0,0,0,0,0,0,0,0,0,193,2026-02-03 05:50:47.077018
ATMN,25.3,25.01,25.07,1482900.0,,2074000.0,,0,0,0,0,0,0,0,0,0,0,193,2026-02-03 05:50:47.077018
WNTR,25.57,25.57,25.67,2187500.0,,1355600.0,,0,0,0,0,0,0,0,0,0,0,193,2026-02-03 05:50:47.077018
SPNG,25.13,25.14,25.22,6093.0,2055000.0,1944100.0,,0,0,0,0,0,0,0,0,0,0,194,2026-02-03 05:50:48.106319
SMMR,24.98,24.98,25.02,,1426600.0,2211300.0,,0,0,0,0,0,0,0,0,0,0,194,2026-02-03 05:50:48.106319
ATMN,25.07,25.09,25.3,,1830200.0,2086500.0,,0,0,0,0,0,0,0,0,0,0,194,2026-02-03 05:50:48.106319
WNTR,25.57,25.58,25.65,13593.0,1945000.0,1532900.0,6093.0,0,0,0,0,0,0,0,0,0,0,194,2026-02-03 05:50:48.106319
SPNG,25.13,25.15,25.22,6093.0,2055000.0,1945600.0,,0,0,0,0,0,0,0,0,0,0,195,2026-02-03 05:50:49.136353
SMMR,25.02,24.98,25.02,,1426600.0,2063700.0,5625.0,0,0,0,0,0,0,0,0,0,0,195,2026-02-03 05:50:49.136353
ATMN,25.09,25.01,25.09,,1706100.0,2101900.0,,0,0,0,0,0,0,0,0,0,0,195,2026-02-03 05:50:49.136353
WNTR,25.56,25.56,25.66,,2181600.0,1634900.0,,0,0,0,0,0,0,0,0,0,0,195,2026-02-03 05:50:49.136353
SPNG,25.28,24.64,25.28,2294300.0,1952900.0,,,0,0,0,0,0,0,0,0,0,0,196,2026-02-03 05:50:50.181389
SMMR,24.97,24.97,25.04,1423300.0,2067300.0,4101.0,,0,0,0,0,0,0,0,0,0,0,196,2026-02-03 05:50:50.181389
ATMN,25.11,25.02,25.04,1870800.0,2004500.0,4101.0,6093.0,0,0,0,0,0,0,0,0,0,0,196,2026-02-03 05:50:50.181389
WNTR,25.56,25.56,25.59,2199300.0,1871400.0,,,0,0,0,0,0,0,0,0,0,0,196,2026-02-03 05:50:50.181389
SPNG,24.64,24.99,25.2,2202300.0,10194.0,1752500.0,0,0,0,0,0,0,0,0,0,0,0,197,2026-02-03 05:50:51.223168
SMMR,25.04,25.04,25.05,1521400.0,,2159700.0,0,0,0,0,0,0,0,0,0,0,0,197,2026-02-03 05:50:51.223168
ATMN,25.11,25.01,25.11,2006000.0,,2124600.0,0,0,0,0,0,0,0,0,0,0,0,197,2026-02-03 05:50:51.223168
WNTR,25.61,25.56,25.61,2169500.0,,1841700.0,0,0,0,0,0,0,0,0,0,0,0,197,2026-02-03 05:50:51.223168
SPNG,25.2,24.99,25.2,2143400.0,6093.0,1864700.0,,0,0,0,0,0,0,0,0,0,0,198,2026-02-03 05:50:51.767025
SMMR,25.04,25.04,25.05,1631000.0,,2169300.0,,0,0,0,0,0,0,0,0,0,0,198,2026-02-03 05:50:51.767025
ATMN,25.15,25.02,25.15,2006000.0,,2105400.0,1553.0,0,0,0,0,0,0,0,0,0,0,198,2026-02-03 05:50:51.767025
WNTR,25.66,25.56,25.66,2169500.0,,1831300.0,,0,0,0,0,0,0,0,0,0,0,198,2026-02-03 05:50:51.767025
SPNG,24.99,24.99,25.28,2143400.0,1972500.0,0,0,0,0,0,0,0,0,0,0,0,0,199,2026-02-03 05:50:52.796095
SMMR,25.1,24.98,25.1,1532900.0,2180900.0,0,0,0,0,0,0,0,0,0,0,0,0,199,2026-02-03 05:50:52.796095
ATMN,25.15,25.01,25.12,2219800.0,2118000.0,0,0,0,0,0,0,0,0,0,0,0,0,199,2026-02-03 05:50:52.796095
WNTR,25.55,25.54,25.55,2178600.0,1775300.0,0,0,0,0,0,0,0,0,0,0,0,0,199,2026-02-03 05:50:52.796095
SPNG,25.3,24.62,25.3,2097900.0,1972500.0,,0,0,0,0,0,0,0,0,0,0,0,200,2026-02-03 05:50:53.826631
SMMR,25.11,25.0,25.11,1532900.0,2117000.0,7500.0,0,0,0,0,0,0,0,0,0,0,0,200,2026-02-03 05:50:53.826631
ATMN,24.94,24.94,25.12,2009900.0,2119900.0,,0,0,0,0,0,0,0,0,0,0,0,200,2026-02-03 05:50:53.826631
WNTR,25.54,25.54,25.55,2178900.0,1775300.0,,0,0,0,0,0,0,0,0,0,0,0,200,2026-02-03 05:50:53.826631
SPNG,25.3,24.98,25.0,4375.0,1948300.0,1972500.0,0,0,0,0,0,0,0,0,0,0,0,201,2026-02-03 05:50:54.855154
SMMR,24.94,24.97,25.11,,1531300.0,2144300.0,0,0,0,0,0,0,0,0,0,0,0,201,2026-02-03 05:50:54.855154
ATMN,24.94,24.76,24.86,,2094800.0,2101700.0,0,0,0,0,0,0,0,0,0,0,0,201,2026-02-03 05:50:54.855154
WNTR,25.55,25.65,25.71,,2170600.0,1650700.0,0,0,0,0,0,0,0,0,0,0,0,201,2026-02-03 05:50:54.855154
SPNG,24.97,24.97,25.25,2058200.0,1964800.0,,,0,0,0,0,0,0,0,0,0,0,202,2026-02-03 05:50:55.886169
SMMR,25.13,24.97,25.13,1747300.0,2139100.0,,,0,0,0,0,0,0,0,0,0,0,202,2026-02-03 05:50:55.886169
ATMN,24.76,24.76,25.12,2195600.0,2119900.0,,,0,0,0,0,0,0,0,0,0,0,202,2026-02-03 05:50:55.886169
WNTR,25.72,25.66,25.7,2058500.0,1657100.0,2500.0,2500.0,0,0,0,0,0,0,0,0,0,0,202,2026-02-03 05:50:55.886169
SPNG,24.84,25.09,25.25,2073500.0,1880200.0,4375.0,,0,0,0,0,0,0,0,0,0,0,203,2026-02-03 05:50:56.917906
SMMR,25.13,25.06,25.08,1838700.0,2048700.0,6406.0,6406.0,0,0,0,0,0,0,0,0,0,0,203,2026-02-03 05:50:56.917906
ATMN,24.76,24.76,24.93,2453700.0,2003800.0,6406.0,,0,0,0,0,0,0,0,0,0,0,203,2026-02-03 05:50:56.917906
WNTR,25.62,25.6,25.62,2035800.0,1603900.0,,6406.0,0,0,0,0,0,0,0,0,0,0,203,2026-02-03 05:50:56.917906
SPNG,24.84,25.09,25.25,2073500.0,1931200.0,4375.0,,0,0,0,0,0,0,0,0,0,0,204,2026-02-03 05:50:57.946565
SMMR,25.06,24.97,25.06,1747300.0,2120600.0,,,0,0,0,0,0,0,0,0,0,0,204,2026-02-03 05:50:57.946565
ATMN,24.76,24.76,24.92,2375300.0,2001800.0,6367.0,,0,0,0,0,0,0,0,0,0,0,204,2026-02-03 05:50:57.946565
WNTR,25.76,25.6,25.74,2040100.0,1590100.0,,2500.0,0,0,0,0,0,0,0,0,0,0,204,2026-02-03 05:50:57.946565
SPNG,25.07,24.82,24.84,2076100.0,1942700.0,4375.0,,0,0,0,0,0,0,0,0,0,0,205,2026-02-03 05:50:58.981878
SMMR,25.06,24.98,25.04,1993700.0,2028400.0,6367.0,6367.0,0,0,0,0,0,0,0,0,0,0,205,2026-02-03 05:50:58.981878
ATMN,24.76,24.76,24.81,2293900.0,2132300.0,,,0,0,0,0,0,0,0,0,0,0,205,2026-02-03 05:50:58.981878
WNTR,25.6,25.6,25.74,2041600.0,1590100.0,,8906.0,0,0,0,0,0,0,0,0,0,0,205,2026-02-03 05:50:58.981878
SPNG,25.3,25.06,25.3,2019000.0,2047800.0,,0,0,0,0,0,0,0,0,0,0,0,206,2026-02-03 05:51:00.065925
SMMR,24.97,24.97,25.09,1887900.0,2163700.0,,0,0,0,0,0,0,0,0,0,0,0,206,2026-02-03 05:51:00.065925
ATMN,24.81,24.77,24.81,2135400.0,2132300.0,6367.0,0,0,0,0,0,0,0,0,0,0,0,206,2026-02-03 05:51:00.065925
WNTR,25.7,25.67,25.7,2122700.0,1838200.0,,0,0,0,0,0,0,0,0,0,0,0,206,2026-02-03 05:51:00.065925
SPNG,24.82,24.82,25.02,2076100.0,1940800.0,2090.0,,0,0,0,0,0,0,0,0,0,0,207,2026-02-03 05:51:01.135255
SMMR,25.13,24.94,25.13,1676400.0,2128800.0,,,0,0,0,0,0,0,0,0,0,0,207,2026-02-03 05:51:01.135255
ATMN,24.81,24.76,24.81,2164800.0,2151100.0,,6367.0,0,0,0,0,0,0,0,0,0,0,207,2026-02-03 05:51:01.135255
WNTR,25.62,25.62,25.66,2130900.0,1962400.0,,,0,0,0,0,0,0,0,0,0,0,207,2026-02-03 05:51:01.135255
SPNG,24.62,24.62,25.3,2056500.0,2047800.0,0,0,0,0,0,0,0,0,0,0,0,0,208,2026-02-03 05:51:02.167020
SMMR,25.04,25.0,25.04,1764500.0,2108800.0,0,0,0,0,0,0,0,0,0,0,0,0,208,2026-02-03 05:51:02.167020
ATMN,24.63,24.63,24.93,2319600.0,2131500.0,0,0,0,0,0,0,0,0,0,0,0,0,208,2026-02-03 05:51:02.167020
WNTR,25.53,25.53,25.63,2158900.0,2080600.0,0,0,0,0,0,0,0,0,0,0,0,0,208,2026-02-03 05:51:02.167020
SPNG,24.52,24.52,25.3,2135500.0,1966700.0,7998.0,,0,0,0,0,0,0,0,0,0,0,209,2026-02-03 05:51:03.196226
SMMR,25.15,25.05,25.15,1860200.0,2173400.0,,6977.0,0,0,0,0,0,0,0,0,0,0,209,2026-02-03 05:51:03.196226
ATMN,24.63,24.63,24.72,2229700.0,2154500.0,,,0,0,0,0,0,0,0,0,0,0,209,2026-02-03 05:51:03.196226
WNTR,25.7,25.52,25.55,2155700.0,1926600.0,,,0,0,0,0,0,0,0,0,0,0,209,2026-02-03 05:51:03.196226
SPNG,25.31,24.52,25.31,2100600.0,2007400.0,,,0,0,0,0,0,0,0,0,0,0,210,2026-02-03 05:51:04.223599
SMMR,24.97,25.01,25.15,2004000.0,2173400.0,,,0,0,0,0,0,0,0,0,0,0,210,2026-02-03 05:51:04.223599
ATMN,24.79,24.9,24.93,2125200.0,2131500.0,4023.0,,0,0,0,0,0,0,0,0,0,0,210,2026-02-03 05:51:04.223599
WNTR,25.55,25.61,25.66,2151800.0,1949300.0,,5908.0,0,0,0,0,0,0,0,0,0,0,210,2026-02-03 05:51:04.223599
SPNG,24.34,24.34,25.31,2173500.0,2007400.0,,,0,0,0,0,0,0,0,0,0,0,211,2026-02-03 05:51:05.266083
SMMR,25.13,25.02,25.13,2004000.0,2081100.0,6529.0,6529.0,0,0,0,0,0,0,0,0,0,0,211,2026-02-03 05:51:05.266083
ATMN,24.63,24.63,24.93,2210700.0,2131500.0,,,0,0,0,0,0,0,0,0,0,0,211,2026-02-03 05:51:05.266083
WNTR,25.55,25.61,25.66,2158600.0,1950300.0,,5908.0,0,0,0,0,0,0,0,0,0,0,211,2026-02-03 05:51:05.266083
SPNG,24.34,24.91,25.3,2009300.0,6529.0,6529.0,1928300.0,0,0,0,0,0,0,0,0,0,0,212,2026-02-03 05:51:06.305346
SMMR,25.13,25.11,25.12,2082900.0,6529.0,6529.0,2099800.0,0,0,0,0,0,0,0,0,0,0,212,2026-02-03 05:51:06.305346
ATMN,24.56,24.63,24.76,2096600.0,9790.0,,2144300.0,0,0,0,0,0,0,0,0,0,0,212,2026-02-03 05:51:06.305346
WNTR,25.66,25.61,25.66,2166900.0,,,2051400.0,0,0,0,0,0,0,0,0,0,0,212,2026-02-03 05:51:06.305346
SPNG,24.34,24.92,24.94,7500.0,2007700.0,2019300.0,0,0,0,0,0,0,0,0,0,0,0,213,2026-02-03 05:51:07.348697
SMMR,25.13,25.11,25.13,,2180500.0,2195100.0,0,0,0,0,0,0,0,0,0,0,0,213,2026-02-03 05:51:07.348697
ATMN,24.56,24.57,24.7,7500.0,2096600.0,2122300.0,0,0,0,0,0,0,0,0,0,0,0,213,2026-02-03 05:51:07.348697
WNTR,25.61,25.62,25.65,7500.0,2033000.0,2092000.0,0,0,0,0,0,0,0,0,0,0,0,213,2026-02-03 05:51:07.348697
SPNG,25.31,24.92,25.3,7500.0,2007700.0,7500.0,1935100.0,0,0,0,0,0,0,0,0,0,0,214,2026-02-03 05:51:07.899207
SMMR,25.11,25.11,25.13,,2188200.0,,2195100.0,0,0,0,0,0,0,0,0,0,0,214,2026-02-03 05:51:07.899207
ATMN,24.76,24.57,24.76,7500.0,2096600.0,,2117000.0,0,0,0,0,0,0,0,0,0,0,214,2026-02-03 05:51:07.899207
WNTR,25.59,25.59,25.64,,2125800.0,7500.0,1977600.0,0,0,0,0,0,0,0,0,0,0,214,2026-02-03 05:51:07.899207
SPNG,25.32,24.92,25.32,7500.0,1960200.0,2025400.0,,0,0,0,0,0,0,0,0,0,0,215,2026-02-03 05:51:08.926750
SMMR,25.11,25.09,25.1,,2170700.0,2188700.0,,0,0,0,0,0,0,0,0,0,0,215,2026-02-03 05:51:08.926750
ATMN,24.76,24.56,24.76,7500.0,2078900.0,2146100.0,,0,0,0,0,0,0,0,0,0,0,215,2026-02-03 05:51:08.926750
WNTR,25.65,25.59,25.65,,2125800.0,1924200.0,7500.0,0,0,0,0,0,0,0,0,0,0,215,2026-02-03 05:51:08.926750
SPNG,24.82,24.82,25.32,2101400.0,2025400.0,0,0,0,0,0,0,0,0,0,0,0,0,216,2026-02-03 05:51:09.950020
SMMR,25.11,25.09,25.1,2170700.0,2156800.0,0,0,0,0,0,0,0,0,0,0,0,0,216,2026-02-03 05:51:09.950020
ATMN,24.76,24.56,24.76,2190800.0,2159900.0,0,0,0,0,0,0,0,0,0,0,0,0,216,2026-02-03 05:51:09.950020
WNTR,25.58,25.58,25.7,2127600.0,2016500.0,0,0,0,0,0,0,0,0,0,0,0,0,216,2026-02-03 05:51:09.950020
SPNG,24.82,24.82,24.87,2040700.0,1938500.0,7500.0,,0,0,0,0,0,0,0,0,0,0,217,2026-02-03 05:51:10.978428
SMMR,25.15,25.09,25.15,2118000.0,2174600.0,,,0,0,0,0,0,0,0,0,0,0,217,2026-02-03 05:51:10.978428
ATMN,24.58,24.56,24.58,2065500.0,2179800.0,,7500.0,0,0,0,0,0,0,0,0,0,0,217,2026-02-03 05:51:10.978428
WNTR,25.71,25.62,25.64,1988800.0,1890200.0,7500.0,7500.0,0,0,0,0,0,0,0,0,0,0,217,2026-02-03 05:51:10.978428
SPNG,25.34,24.82,25.32,2005800.0,1992500.0,,0,0,0,0,0,0,0,0,0,0,0,218,2026-02-03 05:51:12.003163
SMMR,25.07,25.07,25.15,2133700.0,2175500.0,,0,0,0,0,0,0,0,0,0,0,0,218,2026-02-03 05:51:12.003163
ATMN,24.56,24.56,24.71,2064000.0,2150500.0,7500.0,0,0,0,0,0,0,0,0,0,0,0,218,2026-02-03 05:51:12.003163
WNTR,25.71,25.62,25.71,2075900.0,1975300.0,,0,0,0,0,0,0,0,0,0,0,0,218,2026-02-03 05:51:12.003163
SPNG,25.38,24.82,25.38,1904900.0,5300.0,1994700.0,0,0,0,0,0,0,0,0,0,0,0,219,2026-02-03 05:51:13.029686
SMMR,25.02,25.06,25.11,2030100.0,6950.0,2184300.0,0,0,0,0,0,0,0,0,0,0,0,219,2026-02-03 05:51:13.029686
ATMN,24.55,24.55,24.71,2149200.0,,2150500.0,0,0,0,0,0,0,0,0,0,0,0,219,2026-02-03 05:51:13.029686
WNTR,25.73,25.73,25.74,2068200.0,,1981700.0,0,0,0,0,0,0,0,0,0,0,0,219,2026-02-03 05:51:13.029686
SPNG,25.38,25.11,25.38,1855300.0,5300.0,1994700.0,,0,0,0,0,0,0,0,0,0,0,220,2026-02-03 05:51:14.054610
SMMR,25.02,25.08,25.1,2147800.0,,2063500.0,4437.0,0,0,0,0,0,0,0,0,0,0,220,2026-02-03 05:51:14.054610
ATMN,24.56,24.56,24.71,2015700.0,6175.0,2133500.0,,0,0,0,0,0,0,0,0,0,0,220,2026-02-03 05:51:14.054610
WNTR,25.66,25.62,25.66,1948500.0,6950.0,2002800.0,,0,0,0,0,0,0,0,0,0,0,220,2026-02-03 05:51:14.054610
SPNG,25.38,25.11,25.22,1985500.0,2025500.0,0,0,0,0,0,0,0,0,0,0,0,0,221,2026-02-03 05:51:15.079587
SMMR,25.02,25.08,25.11,2128200.0,2183900.0,0,0,0,0,0,0,0,0,0,0,0,0,221,2026-02-03 05:51:15.079587
ATMN,24.71,24.62,24.71,2140000.0,2133500.0,0,0,0,0,0,0,0,0,0,0,0,0,221,2026-02-03 05:51:15.079587
WNTR,25.54,25.54,25.64,2103300.0,1999000.0,0,0,0,0,0,0,0,0,0,0,0,0,221,2026-02-03 05:51:15.079587
SPNG,24.84,24.82,24.84,1997600.0,2032400.0,,,0,0,0,0,0,0,0,0,0,0,222,2026-02-03 05:51:16.103981
SMMR,25.11,25.08,25.11,2104800.0,2081700.0,6950.0,,0,0,0,0,0,0,0,0,0,0,222,2026-02-03 05:51:16.103981
ATMN,24.55,24.55,24.71,2158500.0,2019400.0,5200.0,,0,0,0,0,0,0,0,0,0,0,222,2026-02-03 05:51:16.103981
WNTR,25.52,25.55,25.63,1996400.0,1894000.0,5787.0,5787.0,0,0,0,0,0,0,0,0,0,0,222,2026-02-03 05:51:16.103981
SPNG,25.06,24.83,25.06,7353.0,1902400.0,1958400.0,7353.0,0,0,0,0,0,0,0,0,0,0,223,2026-02-03 05:51:17.132802
SMMR,25.06,25.06,25.16,,2105300.0,2194100.0,,0,0,0,0,0,0,0,0,0,0,223,2026-02-03 05:51:17.132802
ATMN,24.4,24.4,24.71,,2226900.0,2019400.0,5200.0,0,0,0,0,0,0,0,0,0,0,223,2026-02-03 05:51:17.132802
WNTR,25.62,25.57,25.62,,2085200.0,1992200.0,,0,0,0,0,0,0,0,0,0,0,223,2026-02-03 05:51:17.132802
SPNG,24.79,24.79,25.06,1991800.0,2057700.0,,0,0,0,0,0,0,0,0,0,0,0,224,2026-02-03 05:51:18.161662
SMMR,25.06,25.06,25.11,2081800.0,2170600.0,,0,0,0,0,0,0,0,0,0,0,0,224,2026-02-03 05:51:18.161662
ATMN,24.4,24.7,24.71,2213200.0,2030100.0,5200.0,0,0,0,0,0,0,0,0,0,0,0,224,2026-02-03 05:51:18.161662
WNTR,25.62,25.58,25.62,2102000.0,2028600.0,,0,0,0,0,0,0,0,0,0,0,0,224,2026-02-03 05:51:18.161662
SPNG,25.22,24.79,25.22,1998900.0,2034500.0,0,0,0,0,0,0,0,0,0,0,0,0,225,2026-02-03 05:51:19.190343
SMMR,25.01,25.01,25.11,2173900.0,2170600.0,0,0,0,0,0,0,0,0,0,0,0,0,225,2026-02-03 05:51:19.190343
ATMN,24.4,24.31,24.36,2326800.0,2179900.0,0,0,0,0,0,0,0,0,0,0,0,0,225,2026-02-03 05:51:19.190343
WNTR,25.58,25.57,25.67,2085200.0,1992000.0,0,0,0,0,0,0,0,0,0,0,0,0,225,2026-02-03 05:51:19.190343
SPNG,24.81,24.79,25.22,1998900.0,2025500.0,,0,0,0,0,0,0,0,0,0,0,0,226,2026-02-03 05:51:20.217401
SMMR,24.98,24.98,25.09,2183200.0,2037700.0,6200.0,0,0,0,0,0,0,0,0,0,0,0,226,2026-02-03 05:51:20.217401
ATMN,24.85,24.58,24.85,2255900.0,2114200.0,,0,0,0,0,0,0,0,0,0,0,0,226,2026-02-03 05:51:20.217401
WNTR,25.58,25.57,25.58,2085200.0,2047100.0,,0,0,0,0,0,0,0,0,0,0,0,226,2026-02-03 05:51:20.217401
SPNG,25.29,24.79,25.29,1998900.0,1989800.0,,0,0,0,0,0,0,0,0,0,0,0,227,2026-02-03 05:51:21.248496
SMMR,25.11,24.97,25.04,2184500.0,2149100.0,,0,0,0,0,0,0,0,0,0,0,0,227,2026-02-03 05:51:21.248496
ATMN,24.91,24.58,24.77,2255900.0,2002100.0,5596.0,0,0,0,0,0,0,0,0,0,0,0,227,2026-02-03 05:51:21.248496
WNTR,25.58,25.57,25.58,2108900.0,1947300.0,213.0,0,0,0,0,0,0,0,0,0,0,0,227,2026-02-03 05:51:21.248496
SPNG,24.76,24.76,25.29,1996400.0,1893800.0,1200.0,,0,0,0,0,0,0,0,0,0,0,228,2026-02-03 05:51:22.282739
SMMR,25.16,24.98,25.16,2068100.0,2200400.0,,5991.0,0,0,0,0,0,0,0,0,0,0,228,2026-02-03 05:51:22.282739
ATMN,24.4,24.4,24.73,2311800.0,2091300.0,,,0,0,0,0,0,0,0,0,0,0,228,2026-02-03 05:51:22.282739
WNTR,25.58,25.58,25.67,2131300.0,2076900.0,,,0,0,0,0,0,0,0,0,0,0,228,2026-02-03 05:51:22.282739
SPNG,24.76,24.99,25.28,2002800.0,1975900.0,,0,0,0,0,0,0,0,0,0,0,0,229,2026-02-03 05:51:23.309679
SMMR,24.97,24.97,24.98,2088800.0,2171200.0,5991.0,0,0,0,0,0,0,0,0,0,0,0,229,2026-02-03 05:51:23.309679
ATMN,24.4,24.4,24.73,2272200.0,2091300.0,,0,0,0,0,0,0,0,0,0,0,0,229,2026-02-03 05:51:23.309679
WNTR,25.57,25.59,25.68,2004800.0,2045700.0,4603.0,0,0,0,0,0,0,0,0,0,0,0,229,2026-02-03 05:51:23.309679
SPNG,25.2,24.99,25.2,2002800.0,1977300.0,,,0,0,0,0,0,0,0,0,0,0,230,2026-02-03 05:51:24.339290
SMMR,24.98,24.97,24.98,2095900.0,2164300.0,5991.0,,0,0,0,0,0,0,0,0,0,0,230,2026-02-03 05:51:24.339290
ATMN,24.73,24.4,24.72,2227400.0,1998900.0,,6002.0,0,0,0,0,0,0,0,0,0,0,230,2026-02-03 05:51:24.339290
WNTR,25.69,25.64,25.69,2044400.0,2073000.0,6002.0,,0,0,0,0,0,0,0,0,0,0,230,2026-02-03 05:51:24.339290
SPNG,24.76,24.76,25.05,1993600.0,1841300.0,6002.0,,0,0,0,0,0,0,0,0,0,0,231,2026-02-03 05:51:25.376981
SMMR,25.05,24.94,25.05,2185800.0,2164500.0,,,0,0,0,0,0,0,0,0,0,0,231,2026-02-03 05:51:25.376981
ATMN,24.82,24.55,24.82,2227400.0,2113900.0,,,0,0,0,0,0,0,0,0,0,0,231,2026-02-03 05:51:25.376981
WNTR,25.64,25.65,25.66,2044400.0,1836900.0,13502.0,7500.0,0,0,0,0,0,0,0,0,0,0,231,2026-02-03 05:51:25.376981
SPNG,25.07,24.76,25.03,1958600.0,1847700.0,6002.0,,0,0,0,0,0,0,0,0,0,0,232,2026-02-03 05:51:26.420574
SMMR,25.05,24.95,25.04,2125400.0,2035600.0,7500.0,7500.0,0,0,0,0,0,0,0,0,0,0,232,2026-02-03 05:51:26.420574
ATMN,24.33,24.33,24.82,2206100.0,2113900.0,,,0,0,0,0,0,0,0,0,0,0,232,2026-02-03 05:51:26.420574
WNTR,25.56,25.52,25.53,2104300.0,2020200.0,,,0,0,0,0,0,0,0,0,0,0,232,2026-02-03 05:51:26.420574
SPNG,25.2,24.76,25.03,1958600.0,6002.0,1855500.0,,0,0,0,0,0,0,0,0,0,0,233,2026-02-03 05:51:27.470287
SMMR,25.05,25.01,25.03,2106300.0,4124.0,2035600.0,4124.0,0,0,0,0,0,0,0,0,0,0,233,2026-02-03 05:51:27.470287
ATMN,24.33,24.51,24.68,2111900.0,4124.0,2014300.0,4124.0,0,0,0,0,0,0,0,0,0,0,233,2026-02-03 05:51:27.470287
WNTR,25.71,25.62,25.71,2081200.0,,2045400.0,,0,0,0,0,0,0,0,0,0,0,233,2026-02-03 05:51:27.470287
SPNG,25.2,24.81,25.2,1977200.0,1973900.0,,0,0,0,0,0,0,0,0,0,0,0,234,2026-02-03 05:51:28.001976
SMMR,25.17,25.01,25.17,2228400.0,2150700.0,,0,0,0,0,0,0,0,0,0,0,0,234,2026-02-03 05:51:28.001976
ATMN,24.68,24.33,24.68,2230300.0,2125800.0,,0,0,0,0,0,0,0,0,0,0,0,234,2026-02-03 05:51:28.001976
WNTR,25.66,25.66,25.71,1981300.0,2045400.0,5999.0,0,0,0,0,0,0,0,0,0,0,0,234,2026-02-03 05:51:28.001976
SPNG,25.2,25.2,25.28,1971000.0,2002300.0,,,0,0,0,0,0,0,0,0,0,0,235,2026-02-03 05:51:29.030534
SMMR,25.17,25.13,25.17,2078300.0,2132400.0,4124.0,,0,0,0,0,0,0,0,0,0,0,235,2026-02-03 05:51:29.030534
ATMN,24.96,24.34,24.67,2138200.0,2005600.0,6469.0,6469.0,0,0,0,0,0,0,0,0,0,0,235,2026-02-03 05:51:29.030534
WNTR,25.57,25.66,25.71,2001100.0,2055500.0,5999.0,,0,0,0,0,0,0,0,0,0,0,235,2026-02-03 05:51:29.030534
SPNG,25.2,25.2,25.28,1971000.0,2005100.0,,0,0,0,0,0,0,0,0,0,0,0,236,2026-02-03 05:51:30.057158
SMMR,25.17,25.13,25.17,2078300.0,2156200.0,4124.0,0,0,0,0,0,0,0,0,0,0,0,236,2026-02-03 05:51:30.057158
ATMN,24.95,25.03,25.04,2108500.0,2101800.0,6469.0,0,0,0,0,0,0,0,0,0,0,0,236,2026-02-03 05:51:30.057158
WNTR,25.71,25.57,25.71,2002700.0,2051000.0,5999.0,0,0,0,0,0,0,0,0,0,0,0,236,2026-02-03 05:51:30.057158
SPNG,25.2,25.2,25.28,1971000.0,1999600.0,0,0,0,0,0,0,0,0,0,0,0,0,237,2026-02-03 05:51:31.085936
SMMR,25.01,25.01,25.2,2228400.0,2179400.0,0,0,0,0,0,0,0,0,0,0,0,0,237,2026-02-03 05:51:31.085936
ATMN,25.03,24.33,24.76,2216100.0,2112900.0,0,0,0,0,0,0,0,0,0,0,0,0,237,2026-02-03 05:51:31.085936
WNTR,25.73,25.69,25.73,2090200.0,2088400.0,0,0,0,0,0,0,0,0,0,0,0,0,237,2026-02-03 05:51:31.085936
SPNG,25.2,25.2,25.22,1971000.0,1973800.0,0,0,0,0,0,0,0,0,0,0,0,0,238,2026-02-03 05:51:32.116827
SMMR,25.09,25.05,25.09,2205600.0,2121400.0,0,0,0,0,0,0,0,0,0,0,0,0,238,2026-02-03 05:51:32.116827
ATMN,24.76,24.75,24.76,2214600.0,2103500.0,0,0,0,0,0,0,0,0,0,0,0,0,238,2026-02-03 05:51:32.116827
WNTR,25.74,25.69,25.74,2090200.0,2095300.0,0,0,0,0,0,0,0,0,0,0,0,0,238,2026-02-03 05:51:32.116827
SPNG,25.2,25.2,25.22,1971000.0,1961600.0,0,0,0,0,0,0,0,0,0,0,0,0,239,2026-02-03 05:51:33.143449
SMMR,25.1,25.1,25.13,2193200.0,2120000.0,0,0,0,0,0,0,0,0,0,0,0,0,239,2026-02-03 05:51:33.143449
ATMN,24.65,24.65,24.76,2227200.0,2099500.0,0,0,0,0,0,0,0,0,0,0,0,0,239,2026-02-03 05:51:33.143449
WNTR,25.57,25.61,25.77,2098600.0,2058600.0,0,0,0,0,0,0,0,0,0,0,0,0,239,2026-02-03 05:51:33.143449
SPNG,24.76,26.64,0.0,200000.0,0,0,0,0,0,0,0,0,0,0,0,0,0,240,2026-02-03 05:51:34.174348
SMMR,24.98,24.81,0.0,200000.0,0,0,0,0,0,0,0,0,0,0,0,0,0,240,2026-02-03 05:51:34.174348
ATMN,24.65,23.92,0.0,200000.0,0,0,0,0,0,0,0,0,0,0,0,0,0,240,2026-02-03 05:51:34.174348
WNTR,25.77,25.29,0.0,200000.0,0,0,0,0,0,0,0,0,0,0,0,0,0,240,2026-02-03 05:51:34.174348
SPNG,26.64,26.17,26.31,993900.0,770100.0,0,0,0,0,0,0,0,0,0,0,0,0,241,2026-02-03 05:51:35.202661
SMMR,24.83,24.83,24.96,1011800.0,922300.0,0,0,0,0,0,0,0,0,0,0,0,0,241,2026-02-03 05:51:35.202661
ATMN,24.08,23.67,24.08,1151000.0,890500.0,0,0,0,0,0,0,0,0,0,0,0,0,241,2026-02-03 05:51:35.202661
WNTR,25.29,25.29,25.4,917000.0,1041400.0,0,0,0,0,0,0,0,0,0,0,0,0,241,2026-02-03 05:51:35.202661
SPNG,27.14,27.14,28.62,1105300.0,759900.0,0,0,0,0,0,0,0,0,0,0,0,0,242,2026-02-03 05:51:36.231587
SMMR,24.85,24.83,24.85,1129200.0,1177700.0,0,0,0,0,0,0,0,0,0,0,0,0,242,2026-02-03 05:51:36.231587
ATMN,24.08,23.67,23.81,1406900.0,998800.0,0,0,0,0,0,0,0,0,0,0,0,0,242,2026-02-03 05:51:36.231587
WNTR,25.29,25.29,25.4,1042500.0,1246400.0,0,0,0,0,0,0,0,0,0,0,0,0,242,2026-02-03 05:51:36.231587
SPNG,27.14,26.17,27.14,1072400.0,1005700.0,0,0,0,0,0,0,0,0,0,0,0,0,243,2026-02-03 05:51:37.261442
SMMR,24.82,24.82,24.89,1108800.0,1048100.0,0,0,0,0,0,0,0,0,0,0,0,0,243,2026-02-03 05:51:37.261442
ATMN,24.08,23.74,23.84,1610500.0,986500.0,0,0,0,0,0,0,0,0,0,0,0,0,243,2026-02-03 05:51:37.261442
WNTR,25.1,25.19,25.35,1059100.0,1265700.0,0,0,0,0,0,0,0,0,0,0,0,0,243,2026-02-03 05:51:37.261442
SPNG,27.14,26.54,26.68,1179600.0,1222100.0,0,0,0,0,0,0,0,0,0,0,0,0,244,2026-02-03 05:51:38.290121
SMMR,24.82,24.82,24.88,1012000.0,1010200.0,0,0,0,0,0,0,0,0,0,0,0,0,244,2026-02-03 05:51:38.290121
ATMN,24.08,24.08,24.14,1722900.0,1136700.0,0,0,0,0,0,0,0,0,0,0,0,0,244,2026-02-03 05:51:38.290121
WNTR,25.1,25.27,25.35,1185500.0,1449600.0,0,0,0,0,0,0,0,0,0,0,0,0,244,2026-02-03 05:51:38.290121
SPNG,26.68,26.66,26.68,1394700.0,1222100.0,0,0,0,0,0,0,0,0,0,0,0,0,245,2026-02-03 05:51:39.314419
SMMR,24.81,24.81,24.86,1020400.0,1106500.0,0,0,0,0,0,0,0,0,0,0,0,0,245,2026-02-03 05:51:39.314419
ATMN,23.99,23.74,23.99,1610500.0,1376600.0,0,0,0,0,0,0,0,0,0,0,0,0,245,2026-02-03 05:51:39.314419
WNTR,25.19,25.25,25.35,1145400.0,1551800.0,0,0,0,0,0,0,0,0,0,0,0,0,245,2026-02-03 05:51:39.314419
SPNG,26.75,26.66,26.75,1511400.0,1301900.0,,,0,0,0,0,0,0,0,0,0,0,246,2026-02-03 05:51:40.339798
SMMR,24.94,24.82,24.87,1020400.0,1028300.0,7500.0,7500.0,0,0,0,0,0,0,0,0,0,0,246,2026-02-03 05:51:40.339798
ATMN,24.53,23.75,24.53,1517600.0,1154900.0,7500.0,,0,0,0,0,0,0,0,0,0,0,246,2026-02-03 05:51:40.339798
WNTR,25.19,25.28,25.34,1346700.0,1663200.0,7500.0,7500.0,0,0,0,0,0,0,0,0,0,0,246,2026-02-03 05:51:40.339798
SPNG,27.04,26.67,26.95,5625.0,1618100.0,1179300.0,0,0,0,0,0,0,0,0,0,0,0,247,2026-02-03 05:51:41.362685
SMMR,24.81,24.81,24.96,,920400.0,1017300.0,0,0,0,0,0,0,0,0,0,0,0,247,2026-02-03 05:51:41.362685
ATMN,23.82,23.86,24.28,7500.0,1646300.0,1376600.0,0,0,0,0,0,0,0,0,0,0,0,247,2026-02-03 05:51:41.362685
WNTR,25.25,25.29,25.35,5625.0,1481100.0,1663200.0,0,0,0,0,0,0,0,0,0,0,0,247,2026-02-03 05:51:41.362685
SPNG,26.66,26.66,26.95,1618100.0,1179300.0,,,0,0,0,0,0,0,0,0,0,0,248,2026-02-03 05:51:42.395183
SMMR,24.78,24.83,24.94,927400.0,1214800.0,5625.0,5625.0,0,0,0,0,0,0,0,0,0,0,248,2026-02-03 05:51:42.395183
ATMN,24.22,23.67,24.22,1517600.0,1504400.0,,,0,0,0,0,0,0,0,0,0,0,248,2026-02-03 05:51:42.395183
WNTR,25.25,25.19,25.21,1379800.0,1889800.0,,5625.0,0,0,0,0,0,0,0,0,0,0,248,2026-02-03 05:51:42.395183
SPNG,26.56,26.54,26.56,1510900.0,1389800.0,,0,0,0,0,0,0,0,0,0,0,0,249,2026-02-03 05:51:43.421529
SMMR,24.95,24.87,24.94,1045900.0,1242300.0,5625.0,0,0,0,0,0,0,0,0,0,0,0,249,2026-02-03 05:51:43.421529
ATMN,24.22,23.83,24.12,1627100.0,1742300.0,,0,0,0,0,0,0,0,0,0,0,0,249,2026-02-03 05:51:43.421529
WNTR,25.21,25.24,25.35,1493000.0,1779500.0,,0,0,0,0,0,0,0,0,0,0,0,249,2026-02-03 05:51:43.421529
SPNG,26.74,26.54,26.74,1510900.0,1362900.0,0,0,0,0,0,0,0,0,0,0,0,0,250,2026-02-03 05:51:44.447434
SMMR,24.95,24.9,24.91,1170800.0,1587800.0,0,0,0,0,0,0,0,0,0,0,0,0,250,2026-02-03 05:51:44.447434
ATMN,23.66,23.66,24.12,1378300.0,1962500.0,0,0,0,0,0,0,0,0,0,0,0,0,250,2026-02-03 05:51:44.447434
WNTR,25.21,25.24,25.32,1594100.0,1955900.0,0,0,0,0,0,0,0,0,0,0,0,0,250,2026-02-03 05:51:44.447434
SPNG,26.74,26.82,26.88,1806300.0,1283800.0,,0,0,0,0,0,0,0,0,0,0,0,251,2026-02-03 05:51:45.492980
SMMR,24.91,24.9,24.91,1170800.0,1789500.0,3325.0,0,0,0,0,0,0,0,0,0,0,0,251,2026-02-03 05:51:45.492980
ATMN,23.79,23.66,23.79,1537500.0,2198600.0,,0,0,0,0,0,0,0,0,0,0,0,251,2026-02-03 05:51:45.492980
WNTR,25.34,25.34,25.35,1555700.0,1968400.0,,0,0,0,0,0,0,0,0,0,0,0,251,2026-02-03 05:51:45.492980
SPNG,26.95,26.54,26.95,1623800.0,1262400.0,,,0,0,0,0,0,0,0,0,0,0,252,2026-02-03 05:51:46.546933
