ticker,last_price,bid_price,ask_price,BUY_ANON,SELL_ANON,BUY_GIOT-3,SELL_WRSW-3,SELL_WRSW-1,BUY_WRSW-3,BUY_UEBR-1,SELL_GIOT-4,SELL_UEBR-1,BUY_WRSW-1,BUY_WRSW-2,BUY_GIOT-4,SELL_GIOT-3,SELL_WRSW-2,tick,timestamp
SPNG,24.94,24.94,0.0,2431900.0,2033700.0,0,0,0,0,0,0,0,0,0,0,0,0,0,2026-02-03 07:49:32.885051
SMMR,0.0,25.09,0.0,2032700.0,2036700.0,0,0,0,0,0,0,0,0,0,0,0,0,0,2026-02-03 07:49:32.885051
ATMN,0.0,0.0,0.0,2125100.0,2319500.0,0,0,0,0,0,0,0,0,0,0,0,0,0,2026-02-03 07:49:32.885051
WNTR,25.04,0.0,25.04,2211200.0,1761300.0,0,0,0,0,0,0,0,0,0,0,0,0,0,2026-02-03 07:49:32.885051
SPNG,25.02,25.08,25.26,2434700.0,1935600.0,0,0,0,0,0,0,0,0,0,0,0,0,1,2026-02-03 07:49:33.415065,2.0,1.0,1.0,,Aggregate Position Limit,Your CRO has set the aggregate position limit to 13000 shares for this week.
SMMR,25.09,25.0,25.02,2027000.0,2128600.0,0,0,0,0,0,0,0,0,0,0,0,0,1,2026-02-03 07:49:33.415065,1.0,1.0,1.0,,Welcome to the RITC 2026 Alogithmic Market Making Case - practice server,
ATMN,25.17,24.95,25.17,2125100.0,2353100.0,0,0,0,0,0,0,0,0,0,0,0,0,1,2026-02-03 07:49:33.415065,,,,,,
WNTR,25.04,24.95,25.04,2211200.0,1761300.0,0,0,0,0,0,0,0,0,0,0,0,0,1,2026-02-03 07:49:33.415065,,,,,,
SPNG,25.09,24.79,24.83,2396200.0,2128000.0,3500.0,,0,0,0,0,0,0,0,0,0,0,2,2026-02-03 07:49:34.451482
SMMR,25.16,25.01,25.16,1921400.0,2036700.0,,7000.0,0,0,0,0,0,0,0,0,0,0,2,2026-02-03 07:49:34.451482
ATMN,24.94,24.94,25.17,2118000.0,2353100.0,,,0,0,0,0,0,0,0,0,0,0,2,2026-02-03 07:49:34.451482
WNTR,25.04,25.07,25.08,2203900.0,1666800.0,,,0,0,0,0,0,0,0,0,0,0,2,2026-02-03 07:49:34.451482
SPNG,25.11,24.8,24.82,2428200.0,3500.0,2140300.0,,0,0,0,0,0,0,0,0,0,0,3,2026-02-03 07:49:35.476661
SMMR,24.88,24.88,25.16,1809900.0,,2135400.0,,0,0,0,0,0,0,0,0,0,0,3,2026-02-03 07:49:35.476661
ATMN,25.17,25.16,25.17,2260100.0,,2353100.0,5250.0,0,0,0,0,0,0,0,0,0,0,3,2026-02-03 07:49:35.476661
WNTR,25.04,25.07,25.08,2112500.0,8750.0,2046400.0,8750.0,0,0,0,0,0,0,0,0,0,0,3,2026-02-03 07:49:35.476661
SPNG,25.11,24.88,25.11,2462500.0,2140300.0,0,0,0,0,0,0,0,0,0,0,0,0,4,2026-02-03 07:49:36.513218
SMMR,24.87,24.87,25.07,1828500.0,2122200.0,0,0,0,0,0,0,0,0,0,0,0,0,4,2026-02-03 07:49:36.513218
ATMN,25.16,24.94,25.08,2353600.0,2355300.0,0,0,0,0,0,0,0,0,0,0,0,0,4,2026-02-03 07:49:36.513218
WNTR,25.04,25.07,25.08,2223600.0,2239200.0,0,0,0,0,0,0,0,0,0,0,0,0,4,2026-02-03 07:49:36.513218
SPNG,25.11,24.88,24.94,2456100.0,2247400.0,,,0,0,0,0,0,0,0,0,0,0,5,2026-02-03 07:49:37.540669
SMMR,24.87,25.05,25.06,2021100.0,2014000.0,7000.0,,0,0,0,0,0,0,0,0,0,0,5,2026-02-03 07:49:37.540669
ATMN,25.08,24.95,25.0,2238500.0,2380300.0,,5250.0,0,0,0,0,0,0,0,0,0,0,5,2026-02-03 07:49:37.540669
WNTR,24.95,24.95,25.08,2211300.0,2239200.0,,,0,0,0,0,0,0,0,0,0,0,5,2026-02-03 07:49:37.540669
SPNG,25.11,24.88,25.11,2435300.0,2140300.0,0,0,0,0,0,0,0,0,0,0,0,0,6,2026-02-03 07:49:38.567163
SMMR,25.16,25.05,25.16,2021600.0,2114900.0,0,0,0,0,0,0,0,0,0,0,0,0,6,2026-02-03 07:49:38.567163
ATMN,25.1,24.86,25.1,2237100.0,2358800.0,0,0,0,0,0,0,0,0,0,0,0,0,6,2026-02-03 07:49:38.567163
WNTR,25.08,24.95,25.08,2211300.0,2239200.0,0,0,0,0,0,0,0,0,0,0,0,0,6,2026-02-03 07:49:38.567163
SPNG,24.8,24.8,25.26,2405100.0,2040000.0,,0,0,0,0,0,0,0,0,0,0,0,7,2026-02-03 07:49:39.596823
SMMR,25.16,25.12,25.15,2015000.0,1995800.0,7000.0,0,0,0,0,0,0,0,0,0,0,0,7,2026-02-03 07:49:39.596823
ATMN,25.1,24.86,24.93,2382100.0,2227700.0,5250.0,0,0,0,0,0,0,0,0,0,0,0,7,2026-02-03 07:49:39.596823
WNTR,25.08,25.08,25.09,2208700.0,2262700.0,,0,0,0,0,0,0,0,0,0,0,0,7,2026-02-03 07:49:39.596823
SPNG,24.8,24.8,25.1,2384900.0,3500.0,2151900.0,,0,0,0,0,0,0,0,0,0,0,8,2026-02-03 07:49:40.628693
SMMR,25.16,25.12,25.16,2015000.0,,2098200.0,,0,0,0,0,0,0,0,0,0,0,8,2026-02-03 07:49:40.628693
ATMN,25.17,24.87,25.17,2256800.0,,2366900.0,5250.0,0,0,0,0,0,0,0,0,0,0,8,2026-02-03 07:49:40.628693
WNTR,24.84,24.84,25.09,2217400.0,,2260000.0,,0,0,0,0,0,0,0,0,0,0,8,2026-02-03 07:49:40.628693
SPNG,25.39,25.28,25.39,2352100.0,2047600.0,,,0,0,0,0,0,0,0,0,0,0,9,2026-02-03 07:49:41.658802
SMMR,25.16,25.13,25.16,1902700.0,2064200.0,7000.0,,0,0,0,0,0,0,0,0,0,0,9,2026-02-03 07:49:41.658802
ATMN,25.17,24.99,25.17,2388700.0,2368200.0,,,0,0,0,0,0,0,0,0,0,0,9,2026-02-03 07:49:41.658802
WNTR,24.84,24.96,25.05,2205500.0,2149100.0,,8750.0,0,0,0,0,0,0,0,0,0,0,9,2026-02-03 07:49:41.658802
SPNG,25.28,24.8,25.05,2366500.0,2156800.0,0,0,0,0,0,0,0,0,0,0,0,0,10,2026-02-03 07:49:42.685922
SMMR,25.14,25.05,25.14,2038300.0,2085200.0,0,0,0,0,0,0,0,0,0,0,0,0,10,2026-02-03 07:49:42.685922
ATMN,25.17,25.03,25.16,2417700.0,2324000.0,0,0,0,0,0,0,0,0,0,0,0,0,10,2026-02-03 07:49:42.685922
WNTR,24.96,24.96,25.05,2217400.0,2276400.0,0,0,0,0,0,0,0,0,0,0,0,0,10,2026-02-03 07:49:42.685922
SPNG,25.19,25.07,25.19,2259100.0,3500.0,2277300.0,0,0,0,0,0,0,0,0,0,0,0,11,2026-02-03 07:49:43.729486
SMMR,25.04,24.96,25.04,2024400.0,,2086600.0,0,0,0,0,0,0,0,0,0,0,0,11,2026-02-03 07:49:43.729486
ATMN,24.99,24.86,24.88,2367100.0,,2344200.0,0,0,0,0,0,0,0,0,0,0,0,11,2026-02-03 07:49:43.729486
WNTR,24.94,24.85,24.94,2201000.0,,2292400.0,0,0,0,0,0,0,0,0,0,0,0,11,2026-02-03 07:49:43.729486
SPNG,25.07,25.07,25.19,2396200.0,2308100.0,0,0,0,0,0,0,0,0,0,0,0,0,12,2026-02-03 07:49:44.773176
SMMR,24.96,24.96,25.02,2028000.0,2061200.0,0,0,0,0,0,0,0,0,0,0,0,0,12,2026-02-03 07:49:44.773176
ATMN,25.15,25.15,25.16,2381700.0,2345400.0,0,0,0,0,0,0,0,0,0,0,0,0,12,2026-02-03 07:49:44.773176
WNTR,24.94,24.85,24.94,2238200.0,2292400.0,0,0,0,0,0,0,0,0,0,0,0,0,12,2026-02-03 07:49:44.773176
SPNG,24.79,24.79,25.18,2366400.0,2304500.0,,,0,0,0,0,0,0,0,0,0,0,13,2026-02-03 07:49:45.811757
SMMR,25.23,24.97,25.23,1942400.0,2100300.0,7000.0,,0,0,0,0,0,0,0,0,0,0,13,2026-02-03 07:49:45.811757
ATMN,24.88,24.86,24.88,2427800.0,2243400.0,,5250.0,0,0,0,0,0,0,0,0,0,0,13,2026-02-03 07:49:45.811757
WNTR,24.95,24.95,25.04,2220500.0,2255200.0,,,0,0,0,0,0,0,0,0,0,0,13,2026-02-03 07:49:45.811757
SPNG,25.2,24.79,25.2,2366400.0,2287800.0,0,0,0,0,0,0,0,0,0,0,0,0,14,2026-02-03 07:49:46.848008
SMMR,25.23,24.99,25.23,2017600.0,2100300.0,0,0,0,0,0,0,0,0,0,0,0,0,14,2026-02-03 07:49:46.848008
ATMN,24.82,24.82,24.98,2428300.0,2363400.0,0,0,0,0,0,0,0,0,0,0,0,0,14,2026-02-03 07:49:46.848008
WNTR,24.87,24.87,25.04,2249100.0,2255200.0,0,0,0,0,0,0,0,0,0,0,0,0,14,2026-02-03 07:49:46.848008
SPNG,25.2,25.09,25.17,2211300.0,3500.0,3500.0,2158600.0,0,0,0,0,0,0,0,0,0,0,15,2026-02-03 07:49:47.874794
SMMR,25.18,25.0,25.13,1928400.0,7000.0,,2072300.0,0,0,0,0,0,0,0,0,0,0,15,2026-02-03 07:49:47.874794
ATMN,24.95,24.82,24.9,2428300.0,,,2350300.0,0,0,0,0,0,0,0,0,0,0,15,2026-02-03 07:49:47.874794
WNTR,24.87,24.87,24.98,2249100.0,,,2250500.0,0,0,0,0,0,0,0,0,0,0,15,2026-02-03 07:49:47.874794
SPNG,24.79,24.79,25.2,2325700.0,2291300.0,,0,0,0,0,0,0,0,0,0,0,0,16,2026-02-03 07:49:48.404078
SMMR,25.13,25.2,25.23,2039800.0,2072400.0,,0,0,0,0,0,0,0,0,0,0,0,16,2026-02-03 07:49:48.404078
ATMN,24.98,24.82,24.98,2428300.0,2363400.0,,0,0,0,0,0,0,0,0,0,0,0,16,2026-02-03 07:49:48.404078
WNTR,24.83,24.83,24.98,2225400.0,2156300.0,8750.0,0,0,0,0,0,0,0,0,0,0,0,16,2026-02-03 07:49:48.404078
SPNG,24.94,25.03,25.2,2313000.0,2268900.0,0,0,0,0,0,0,0,0,0,0,0,0,17,2026-02-03 07:49:49.436798
SMMR,25.2,24.99,25.1,2009900.0,2064000.0,0,0,0,0,0,0,0,0,0,0,0,0,17,2026-02-03 07:49:49.436798
ATMN,25.14,24.81,25.14,2406000.0,2363400.0,0,0,0,0,0,0,0,0,0,0,0,0,17,2026-02-03 07:49:49.436798
WNTR,25.04,24.95,25.04,2207100.0,2252700.0,0,0,0,0,0,0,0,0,0,0,0,0,17,2026-02-03 07:49:49.436798
SPNG,24.73,24.73,25.2,2369800.0,2268900.0,0,0,0,0,0,0,0,0,0,0,0,0,18,2026-02-03 07:49:50.467630
SMMR,25.23,24.99,25.04,2033700.0,2091900.0,0,0,0,0,0,0,0,0,0,0,0,0,18,2026-02-03 07:49:50.467630
ATMN,24.76,24.76,25.14,2414300.0,2363400.0,0,0,0,0,0,0,0,0,0,0,0,0,18,2026-02-03 07:49:50.467630
WNTR,25.05,24.95,25.05,2199000.0,2269100.0,0,0,0,0,0,0,0,0,0,0,0,0,18,2026-02-03 07:49:50.467630
SPNG,25.27,24.8,25.27,2354500.0,2301400.0,0,0,0,0,0,0,0,0,0,0,0,0,19,2026-02-03 07:49:51.492790
SMMR,25.04,25.08,25.23,2052300.0,2093600.0,0,0,0,0,0,0,0,0,0,0,0,0,19,2026-02-03 07:49:51.492790
ATMN,25.04,25.04,25.14,2409900.0,2367700.0,0,0,0,0,0,0,0,0,0,0,0,0,19,2026-02-03 07:49:51.492790
WNTR,24.95,24.95,25.08,2199000.0,2247000.0,0,0,0,0,0,0,0,0,0,0,0,0,19,2026-02-03 07:49:51.492790
SPNG,25.27,24.8,25.27,2338700.0,2305900.0,0,0,0,0,0,0,0,0,0,0,0,0,20,2026-02-03 07:49:52.518098
SMMR,25.08,25.08,25.23,2052300.0,2078300.0,0,0,0,0,0,0,0,0,0,0,0,0,20,2026-02-03 07:49:52.518098
ATMN,24.76,24.76,25.14,2433900.0,2374100.0,0,0,0,0,0,0,0,0,0,0,0,0,20,2026-02-03 07:49:52.518098
WNTR,24.83,24.87,24.92,2249700.0,2279200.0,0,0,0,0,0,0,0,0,0,0,0,0,20,2026-02-03 07:49:52.518098
SPNG,24.75,24.75,25.07,2329700.0,2282900.0,,0,0,0,0,0,0,0,0,0,0,0,21,2026-02-03 07:49:53.544173
SMMR,24.99,24.99,25.25,2047100.0,2046700.0,,0,0,0,0,0,0,0,0,0,0,0,21,2026-02-03 07:49:53.544173
ATMN,24.7,24.81,25.13,2408300.0,2226600.0,5250.0,0,0,0,0,0,0,0,0,0,0,0,21,2026-02-03 07:49:53.544173
WNTR,24.92,24.87,24.92,2211000.0,2279200.0,,0,0,0,0,0,0,0,0,0,0,0,21,2026-02-03 07:49:53.544173
SPNG,25.06,25.06,25.07,2311100.0,2282900.0,,,0,0,0,0,0,0,0,0,0,0,22,2026-02-03 07:49:54.568657
SMMR,24.96,25.0,25.05,1988900.0,1932400.0,7000.0,7000.0,0,0,0,0,0,0,0,0,0,0,22,2026-02-03 07:49:54.568657
ATMN,24.7,24.77,24.91,2405700.0,2235200.0,,5250.0,0,0,0,0,0,0,0,0,0,0,22,2026-02-03 07:49:54.568657
WNTR,24.92,24.88,24.92,2054700.0,2279200.0,8750.0,,0,0,0,0,0,0,0,0,0,0,22,2026-02-03 07:49:54.568657
SPNG,25.27,24.75,25.27,2328800.0,2305900.0,,,0,0,0,0,0,0,0,0,0,0,23,2026-02-03 07:49:55.600218
SMMR,24.97,24.97,25.04,2095300.0,1920900.0,7000.0,,0,0,0,0,0,0,0,0,0,0,23,2026-02-03 07:49:55.600218
ATMN,24.83,24.7,24.83,2443200.0,2242000.0,5250.0,,0,0,0,0,0,0,0,0,0,0,23,2026-02-03 07:49:55.600218
WNTR,24.92,24.89,24.92,2080000.0,2279200.0,,8750.0,0,0,0,0,0,0,0,0,0,0,23,2026-02-03 07:49:55.600218
SPNG,25.27,24.75,25.09,2328800.0,2320200.0,0,0,0,0,0,0,0,0,0,0,0,0,24,2026-02-03 07:49:56.629794
SMMR,25.05,25.11,25.13,2110000.0,2056300.0,0,0,0,0,0,0,0,0,0,0,0,0,24,2026-02-03 07:49:56.629794
ATMN,24.91,24.65,24.91,2415000.0,2346600.0,0,0,0,0,0,0,0,0,0,0,0,0,24,2026-02-03 07:49:56.629794
WNTR,25.08,24.87,24.92,2180100.0,2272800.0,0,0,0,0,0,0,0,0,0,0,0,0,24,2026-02-03 07:49:56.629794
SPNG,25.09,24.99,25.09,2182600.0,3500.0,2320400.0,0,0,0,0,0,0,0,0,0,0,0,25,2026-02-03 07:49:57.657803
SMMR,25.25,25.12,25.25,2099800.0,,2043000.0,0,0,0,0,0,0,0,0,0,0,0,25,2026-02-03 07:49:57.657803
ATMN,25.16,24.65,25.16,2422500.0,,2342700.0,0,0,0,0,0,0,0,0,0,0,0,25,2026-02-03 07:49:57.657803
WNTR,24.87,24.87,25.09,2159100.0,,2232500.0,0,0,0,0,0,0,0,0,0,0,0,25,2026-02-03 07:49:57.657803
SPNG,25.28,25.07,25.28,2185200.0,3500.0,2284900.0,,0,0,0,0,0,0,0,0,0,0,26,2026-02-03 07:49:58.685775
SMMR,25.25,25.13,25.24,1992400.0,7000.0,1917300.0,7000.0,0,0,0,0,0,0,0,0,0,0,26,2026-02-03 07:49:58.685775
ATMN,24.78,24.65,24.78,2411600.0,,2353400.0,,0,0,0,0,0,0,0,0,0,0,26,2026-02-03 07:49:58.685775
WNTR,24.88,24.88,25.08,2064800.0,8750.0,2154100.0,8750.0,0,0,0,0,0,0,0,0,0,0,26,2026-02-03 07:49:58.685775
SPNG,24.99,24.99,25.28,2314200.0,2310200.0,0,0,0,0,0,0,0,0,0,0,0,0,27,2026-02-03 07:49:59.716642
SMMR,25.24,25.12,25.24,2099800.0,2023500.0,0,0,0,0,0,0,0,0,0,0,0,0,27,2026-02-03 07:49:59.716642
ATMN,24.65,24.89,25.0,2426300.0,2325700.0,0,0,0,0,0,0,0,0,0,0,0,0,27,2026-02-03 07:49:59.716642
WNTR,25.12,25.05,25.12,2156100.0,2302200.0,0,0,0,0,0,0,0,0,0,0,0,0,27,2026-02-03 07:49:59.716642
SPNG,24.78,24.78,25.28,2316900.0,2317300.0,,0,0,0,0,0,0,0,0,0,0,0,28,2026-02-03 07:50:00.743955
SMMR,25.26,24.99,25.24,2092200.0,2038600.0,,0,0,0,0,0,0,0,0,0,0,0,28,2026-02-03 07:50:00.743955
ATMN,24.89,24.89,24.95,2426300.0,2215600.0,5250.0,0,0,0,0,0,0,0,0,0,0,0,28,2026-02-03 07:50:00.743955
WNTR,25.12,25.05,25.07,2176300.0,2168600.0,2000.0,0,0,0,0,0,0,0,0,0,0,0,28,2026-02-03 07:50:00.743955
SPNG,24.78,24.75,24.77,2361100.0,2300100.0,0,0,0,0,0,0,0,0,0,0,0,0,29,2026-02-03 07:50:01.769505
SMMR,25.24,25.16,25.24,2076800.0,2038600.0,0,0,0,0,0,0,0,0,0,0,0,0,29,2026-02-03 07:50:01.769505
ATMN,25.0,24.89,24.96,2426300.0,2353400.0,0,0,0,0,0,0,0,0,0,0,0,0,29,2026-02-03 07:50:01.769505
WNTR,25.12,25.06,25.07,2149900.0,2285400.0,0,0,0,0,0,0,0,0,0,0,0,0,29,2026-02-03 07:50:01.769505
SPNG,25.29,24.76,25.29,3500.0,2231300.0,2312300.0,,0,0,0,0,0,0,0,0,0,0,30,2026-02-03 07:50:02.801924
SMMR,25.16,24.98,25.1,7000.0,1973300.0,1928600.0,7000.0,0,0,0,0,0,0,0,0,0,0,30,2026-02-03 07:50:02.801924
ATMN,24.64,24.64,24.7,,2391300.0,2187800.0,5250.0,0,0,0,0,0,0,0,0,0,0,30,2026-02-03 07:50:02.801924
WNTR,25.12,25.06,25.07,,2153400.0,2141700.0,2000.0,0,0,0,0,0,0,0,0,0,0,30,2026-02-03 07:50:02.801924
SPNG,25.29,24.75,24.97,2366600.0,2314300.0,,0,0,0,0,0,0,0,0,0,0,0,31,2026-02-03 07:50:03.843154
SMMR,25.09,25.17,25.23,1948300.0,2019400.0,7000.0,0,0,0,0,0,0,0,0,0,0,0,31,2026-02-03 07:50:03.843154
ATMN,24.64,24.64,24.7,2383800.0,2325800.0,,0,0,0,0,0,0,0,0,0,0,0,31,2026-02-03 07:50:03.843154
WNTR,25.12,25.06,25.12,2153400.0,2230900.0,,0,0,0,0,0,0,0,0,0,0,0,31,2026-02-03 07:50:03.843154
SPNG,25.09,25.09,25.29,2372300.0,2325700.0,,0,0,0,0,0,0,0,0,0,0,0,32,2026-02-03 07:50:04.886610
SMMR,25.04,25.07,25.23,1979300.0,2024500.0,7000.0,0,0,0,0,0,0,0,0,0,0,0,32,2026-02-03 07:50:04.886610
ATMN,24.74,24.74,24.96,2383800.0,2345800.0,,0,0,0,0,0,0,0,0,0,0,0,32,2026-02-03 07:50:04.886610
WNTR,24.94,25.0,25.12,2176500.0,2230900.0,,0,0,0,0,0,0,0,0,0,0,0,32,2026-02-03 07:50:04.886610
SPNG,25.1,25.09,25.1,2372300.0,2288800.0,0,0,0,0,0,0,0,0,0,0,0,0,33,2026-02-03 07:50:05.941049
SMMR,25.24,24.98,25.24,2075500.0,2039200.0,0,0,0,0,0,0,0,0,0,0,0,0,33,2026-02-03 07:50:05.941049
ATMN,24.53,24.53,24.96,2402800.0,2329500.0,0,0,0,0,0,0,0,0,0,0,0,0,33,2026-02-03 07:50:05.941049
WNTR,24.86,25.04,25.07,2185700.0,2235300.0,0,0,0,0,0,0,0,0,0,0,0,0,33,2026-02-03 07:50:05.941049
SPNG,24.84,25.09,25.1,3500.0,2273900.0,2316800.0,,0,0,0,0,0,0,0,0,0,0,34,2026-02-03 07:50:06.980903
SMMR,25.24,24.98,24.99,,2065600.0,2002600.0,,0,0,0,0,0,0,0,0,0,0,34,2026-02-03 07:50:06.980903
ATMN,24.5,24.57,24.95,,2391200.0,2191500.0,5250.0,0,0,0,0,0,0,0,0,0,0,34,2026-02-03 07:50:06.980903
WNTR,25.07,25.03,25.07,,2210600.0,2235300.0,,0,0,0,0,0,0,0,0,0,0,34,2026-02-03 07:50:06.980903
SPNG,24.84,24.84,25.18,2397200.0,2292100.0,,,0,0,0,0,0,0,0,0,0,0,35,2026-02-03 07:50:08.017596
SMMR,25.01,24.99,25.0,1990700.0,1894200.0,7000.0,7000.0,0,0,0,0,0,0,0,0,0,0,35,2026-02-03 07:50:08.017596
ATMN,25.04,24.67,25.04,2262800.0,2338400.0,5250.0,,0,0,0,0,0,0,0,0,0,0,35,2026-02-03 07:50:08.017596
WNTR,25.13,25.04,25.13,2095300.0,2219700.0,8750.0,,0,0,0,0,0,0,0,0,0,0,35,2026-02-03 07:50:08.017596
SPNG,24.75,24.75,25.18,2342400.0,2292100.0,,0,0,0,0,0,0,0,0,0,0,0,36,2026-02-03 07:50:08.541283
SMMR,25.0,25.21,25.24,2080500.0,2008000.0,,0,0,0,0,0,0,0,0,0,0,0,36,2026-02-03 07:50:08.541283
ATMN,25.04,25.03,25.04,2277000.0,2338400.0,5250.0,0,0,0,0,0,0,0,0,0,0,0,36,2026-02-03 07:50:08.541283
WNTR,25.13,25.1,25.13,2220500.0,2202000.0,,0,0,0,0,0,0,0,0,0,0,0,36,2026-02-03 07:50:08.541283
SPNG,25.18,24.75,25.18,2351000.0,2292100.0,,,0,0,0,0,0,0,0,0,0,0,37,2026-02-03 07:50:09.566174
SMMR,25.2,24.98,25.2,2096000.0,1882500.0,7000.0,,0,0,0,0,0,0,0,0,0,0,37,2026-02-03 07:50:09.566174
ATMN,25.04,25.03,25.04,2277000.0,2333500.0,,5250.0,0,0,0,0,0,0,0,0,0,0,37,2026-02-03 07:50:09.566174
WNTR,25.1,25.11,25.13,2134100.0,2202000.0,,8750.0,0,0,0,0,0,0,0,0,0,0,37,2026-02-03 07:50:09.566174
SPNG,24.75,24.75,25.3,2351000.0,2262800.0,0,0,0,0,0,0,0,0,0,0,0,0,38,2026-02-03 07:50:10.591362
SMMR,25.09,24.98,25.09,2096000.0,1988200.0,0,0,0,0,0,0,0,0,0,0,0,0,38,2026-02-03 07:50:10.591362
ATMN,25.04,24.97,25.04,2428000.0,2357500.0,0,0,0,0,0,0,0,0,0,0,0,0,38,2026-02-03 07:50:10.591362
WNTR,25.15,25.04,25.15,2212800.0,2192200.0,0,0,0,0,0,0,0,0,0,0,0,0,38,2026-02-03 07:50:10.591362
SPNG,25.39,24.65,25.39,2354500.0,2292700.0,,,0,0,0,0,0,0,0,0,0,0,39,2026-02-03 07:50:11.622664
SMMR,25.04,25.03,25.04,2105100.0,1902500.0,7000.0,,0,0,0,0,0,0,0,0,0,0,39,2026-02-03 07:50:11.622664
ATMN,25.04,24.97,25.03,2428000.0,2233400.0,5250.0,,0,0,0,0,0,0,0,0,0,0,39,2026-02-03 07:50:11.622664
WNTR,25.15,25.05,25.15,2156200.0,2189900.0,,8750.0,0,0,0,0,0,0,0,0,0,0,39,2026-02-03 07:50:11.622664
SPNG,25.04,25.04,25.39,2390200.0,2309300.0,0,0,0,0,0,0,0,0,0,0,0,0,40,2026-02-03 07:50:12.652717
SMMR,25.04,25.03,25.04,2110600.0,2009300.0,0,0,0,0,0,0,0,0,0,0,0,0,40,2026-02-03 07:50:12.652717
ATMN,24.69,24.69,25.03,2404300.0,2353500.0,0,0,0,0,0,0,0,0,0,0,0,0,40,2026-02-03 07:50:12.652717
WNTR,25.17,25.12,25.17,2256800.0,2163600.0,0,0,0,0,0,0,0,0,0,0,0,0,40,2026-02-03 07:50:12.652717
SPNG,25.04,25.05,25.39,7000.0,2281800.0,2275400.0,,0,0,0,0,0,0,0,0,0,0,41,2026-02-03 07:50:13.678821
SMMR,25.04,25.03,25.04,,2120300.0,1902500.0,7000.0,0,0,0,0,0,0,0,0,0,0,41,2026-02-03 07:50:13.678821
ATMN,25.03,24.7,25.03,5250.0,2303300.0,2353500.0,,0,0,0,0,0,0,0,0,0,0,41,2026-02-03 07:50:13.678821
WNTR,25.03,25.09,25.16,,2250000.0,2065500.0,8750.0,0,0,0,0,0,0,0,0,0,0,41,2026-02-03 07:50:13.678821
SPNG,25.04,25.04,25.13,2390200.0,2258100.0,0,0,0,0,0,0,0,0,0,0,0,0,42,2026-02-03 07:50:14.704248
SMMR,25.2,25.2,25.24,2082400.0,1992300.0,0,0,0,0,0,0,0,0,0,0,0,0,42,2026-02-03 07:50:14.704248
ATMN,24.67,24.94,25.03,2370800.0,2353500.0,0,0,0,0,0,0,0,0,0,0,0,0,42,2026-02-03 07:50:14.704248
WNTR,25.03,25.09,25.1,2250000.0,2143100.0,0,0,0,0,0,0,0,0,0,0,0,0,42,2026-02-03 07:50:14.704248
SPNG,25.13,25.04,25.13,2390800.0,2251100.0,0,0,0,0,0,0,0,0,0,0,0,0,43,2026-02-03 07:50:15.729561
SMMR,25.2,25.2,25.24,2069400.0,2016300.0,0,0,0,0,0,0,0,0,0,0,0,0,43,2026-02-03 07:50:15.729561
ATMN,24.67,24.9,25.03,2362700.0,2353500.0,0,0,0,0,0,0,0,0,0,0,0,0,43,2026-02-03 07:50:15.729561
WNTR,25.09,25.03,25.06,2236400.0,2142200.0,0,0,0,0,0,0,0,0,0,0,0,0,43,2026-02-03 07:50:15.729561
SPNG,25.14,25.18,25.25,2292100.0,7000.0,2286000.0,,0,0,0,0,0,0,0,0,0,0,44,2026-02-03 07:50:16.759430
SMMR,25.27,25.03,25.27,2121100.0,,2009600.0,,0,0,0,0,0,0,0,0,0,0,44,2026-02-03 07:50:16.759430
ATMN,25.04,24.67,25.04,2363500.0,,2302700.0,,0,0,0,0,0,0,0,0,0,0,44,2026-02-03 07:50:16.759430
WNTR,25.03,24.94,24.99,2206200.0,,2054900.0,8750.0,0,0,0,0,0,0,0,0,0,0,44,2026-02-03 07:50:16.759430
SPNG,25.06,25.06,25.25,2400800.0,2289300.0,,0,0,0,0,0,0,0,0,0,0,0,45,2026-02-03 07:50:17.783197
SMMR,25.03,25.03,25.16,2121100.0,1917000.0,7000.0,0,0,0,0,0,0,0,0,0,0,0,45,2026-02-03 07:50:17.783197
ATMN,24.67,24.67,25.03,2363500.0,2193300.0,5250.0,0,0,0,0,0,0,0,0,0,0,0,45,2026-02-03 07:50:17.783197
WNTR,25.04,24.94,25.04,2206200.0,2170300.0,,0,0,0,0,0,0,0,0,0,0,0,45,2026-02-03 07:50:17.783197
SPNG,25.39,24.69,25.39,2375500.0,2294500.0,0,0,0,0,0,0,0,0,0,0,0,0,46,2026-02-03 07:50:18.811160
SMMR,25.27,25.03,25.1,2090900.0,2012300.0,0,0,0,0,0,0,0,0,0,0,0,0,46,2026-02-03 07:50:18.811160
ATMN,24.67,24.74,25.04,2330400.0,2302700.0,0,0,0,0,0,0,0,0,0,0,0,0,46,2026-02-03 07:50:18.811160
WNTR,25.04,24.94,24.95,2206200.0,2184600.0,0,0,0,0,0,0,0,0,0,0,0,0,46,2026-02-03 07:50:18.811160
SPNG,25.39,24.7,25.39,3500.0,2233600.0,2280900.0,,0,0,0,0,0,0,0,0,0,0,47,2026-02-03 07:50:19.841634
SMMR,25.1,25.01,25.1,,2056900.0,2012300.0,,0,0,0,0,0,0,0,0,0,0,47,2026-02-03 07:50:19.841634
ATMN,24.74,24.74,25.03,,2341000.0,2193300.0,5250.0,0,0,0,0,0,0,0,0,0,0,47,2026-02-03 07:50:19.841634
WNTR,24.92,24.92,24.95,,2197500.0,2061900.0,8750.0,0,0,0,0,0,0,0,0,0,0,47,2026-02-03 07:50:19.841634
SPNG,24.74,24.65,24.74,2356900.0,2289100.0,0,0,0,0,0,0,0,0,0,0,0,0,48,2026-02-03 07:50:20.867875
SMMR,25.28,25.01,25.1,2056900.0,2043600.0,0,0,0,0,0,0,0,0,0,0,0,0,48,2026-02-03 07:50:20.867875
ATMN,24.92,24.92,24.93,2316200.0,2347000.0,0,0,0,0,0,0,0,0,0,0,0,0,48,2026-02-03 07:50:20.867875
WNTR,25.06,24.92,25.06,2197500.0,2154800.0,0,0,0,0,0,0,0,0,0,0,0,0,48,2026-02-03 07:50:20.867875
SPNG,24.65,25.39,25.44,2340200.0,2296500.0,,0,0,0,0,0,0,0,0,0,0,0,49,2026-02-03 07:50:21.896107
SMMR,24.99,24.99,25.09,2069900.0,1946200.0,7000.0,0,0,0,0,0,0,0,0,0,0,0,49,2026-02-03 07:50:21.896107
ATMN,24.74,24.74,24.93,2346000.0,2245600.0,5250.0,0,0,0,0,0,0,0,0,0,0,0,49,2026-02-03 07:50:21.896107
WNTR,25.06,25.04,25.05,2205100.0,2042300.0,8750.0,0,0,0,0,0,0,0,0,0,0,0,49,2026-02-03 07:50:21.896107
SPNG,25.44,24.62,24.91,2321000.0,2300200.0,0,0,0,0,0,0,0,0,0,0,0,0,50,2026-02-03 07:50:22.930380
SMMR,24.98,24.98,25.27,2103400.0,2067000.0,0,0,0,0,0,0,0,0,0,0,0,0,50,2026-02-03 07:50:22.930380
ATMN,24.93,24.81,25.04,2280800.0,2310300.0,0,0,0,0,0,0,0,0,0,0,0,0,50,2026-02-03 07:50:22.930380
WNTR,25.1,25.04,25.1,2200900.0,2127600.0,0,0,0,0,0,0,0,0,0,0,0,0,50,2026-02-03 07:50:22.930380
SPNG,25.05,25.05,25.3,2247500.0,3500.0,2281800.0,,0,0,0,0,0,0,0,0,0,0,51,2026-02-03 07:50:23.980448
SMMR,25.29,24.98,25.29,2103400.0,,2023700.0,,0,0,0,0,0,0,0,0,0,0,51,2026-02-03 07:50:23.980448
ATMN,24.93,24.86,25.03,2192900.0,5250.0,2206300.0,5250.0,0,0,0,0,0,0,0,0,0,0,51,2026-02-03 07:50:23.980448
WNTR,25.11,25.05,25.11,2104700.0,8750.0,2150500.0,,0,0,0,0,0,0,0,0,0,0,51,2026-02-03 07:50:23.980448
SPNG,25.05,25.05,25.19,2355900.0,2309300.0,0,0,0,0,0,0,0,0,0,0,0,0,52,2026-02-03 07:50:25.028320
SMMR,25.12,25.12,25.24,2069900.0,2011100.0,0,0,0,0,0,0,0,0,0,0,0,0,52,2026-02-03 07:50:25.028320
ATMN,25.12,24.86,25.11,2295900.0,2257400.0,0,0,0,0,0,0,0,0,0,0,0,0,52,2026-02-03 07:50:25.028320
WNTR,24.91,24.91,25.11,2133000.0,2150500.0,0,0,0,0,0,0,0,0,0,0,0,0,52,2026-02-03 07:50:25.028320
SPNG,25.05,25.06,25.19,3500.0,2258600.0,2330700.0,0,0,0,0,0,0,0,0,0,0,0,53,2026-02-03 07:50:26.084852
SMMR,24.98,25.21,25.24,,2079100.0,2002100.0,0,0,0,0,0,0,0,0,0,0,0,53,2026-02-03 07:50:26.084852
ATMN,24.99,24.97,24.99,,2345000.0,2289800.0,0,0,0,0,0,0,0,0,0,0,0,53,2026-02-03 07:50:26.084852
WNTR,24.92,24.95,25.11,,2150600.0,2150500.0,0,0,0,0,0,0,0,0,0,0,0,53,2026-02-03 07:50:26.084852
SPNG,25.19,25.0,25.19,2342300.0,2294900.0,0,0,0,0,0,0,0,0,0,0,0,0,54,2026-02-03 07:50:27.124989
SMMR,25.02,25.18,25.24,2065900.0,2002100.0,0,0,0,0,0,0,0,0,0,0,0,0,54,2026-02-03 07:50:27.124989
ATMN,25.09,25.09,25.11,2354000.0,2285500.0,0,0,0,0,0,0,0,0,0,0,0,0,54,2026-02-03 07:50:27.124989
WNTR,25.15,24.95,25.15,2125700.0,2151700.0,0,0,0,0,0,0,0,0,0,0,0,0,54,2026-02-03 07:50:27.124989
SPNG,25.01,24.62,24.89,2324000.0,2295200.0,,0,0,0,0,0,0,0,0,0,0,0,55,2026-02-03 07:50:28.158075
SMMR,25.18,25.18,25.24,2065900.0,2004300.0,,0,0,0,0,0,0,0,0,0,0,0,55,2026-02-03 07:50:28.158075
ATMN,25.12,25.1,25.12,2232900.0,2270900.0,5250.0,0,0,0,0,0,0,0,0,0,0,0,55,2026-02-03 07:50:28.158075
WNTR,24.92,24.92,25.17,2125400.0,2198900.0,,0,0,0,0,0,0,0,0,0,0,0,55,2026-02-03 07:50:28.158075
SPNG,25.01,24.75,24.89,2392000.0,2295200.0,,0,0,0,0,0,0,0,0,0,0,0,56,2026-02-03 07:50:29.186775
SMMR,25.18,25.18,25.23,2065900.0,1880800.0,7000.0,0,0,0,0,0,0,0,0,0,0,0,56,2026-02-03 07:50:29.186775
ATMN,25.12,25.09,25.12,2363700.0,2270900.0,,0,0,0,0,0,0,0,0,0,0,0,56,2026-02-03 07:50:29.186775
WNTR,24.92,24.92,25.04,2125400.0,2064400.0,8750.0,0,0,0,0,0,0,0,0,0,0,0,56,2026-02-03 07:50:29.186775
SPNG,25.01,24.75,24.88,2387300.0,3500.0,2158000.0,0,0,0,0,0,0,0,0,0,0,0,57,2026-02-03 07:50:29.716856
SMMR,25.18,25.08,25.17,2071400.0,,1985300.0,0,0,0,0,0,0,0,0,0,0,0,57,2026-02-03 07:50:29.716856
ATMN,25.09,24.97,25.01,2355400.0,,2288100.0,0,0,0,0,0,0,0,0,0,0,0,57,2026-02-03 07:50:29.716856
WNTR,24.92,24.95,25.04,2165000.0,,2176900.0,0,0,0,0,0,0,0,0,0,0,0,57,2026-02-03 07:50:29.716856
SPNG,25.19,25.23,25.24,2382400.0,2280100.0,,0,0,0,0,0,0,0,0,0,0,0,58,2026-02-03 07:50:30.744651
SMMR,25.25,25.03,25.25,2046000.0,2003800.0,,0,0,0,0,0,0,0,0,0,0,0,58,2026-02-03 07:50:30.744651
ATMN,25.09,24.97,25.01,2349700.0,2288100.0,,0,0,0,0,0,0,0,0,0,0,0,58,2026-02-03 07:50:30.744651
WNTR,25.04,24.95,25.03,2158200.0,2092900.0,8750.0,0,0,0,0,0,0,0,0,0,0,0,58,2026-02-03 07:50:30.744651
SPNG,24.75,24.75,24.78,2387300.0,2275000.0,0,0,0,0,0,0,0,0,0,0,0,0,59,2026-02-03 07:50:31.774170
SMMR,25.05,25.18,25.25,2030400.0,2003800.0,0,0,0,0,0,0,0,0,0,0,0,0,59,2026-02-03 07:50:31.774170
ATMN,25.01,25.07,25.12,2354600.0,2270900.0,0,0,0,0,0,0,0,0,0,0,0,0,59,2026-02-03 07:50:31.774170
WNTR,25.07,24.95,25.07,2197200.0,2179400.0,0,0,0,0,0,0,0,0,0,0,0,0,59,2026-02-03 07:50:31.774170
SPNG,25.24,25.3,0.0,200000.0,,0,0,0,0,0,0,0,0,0,0,0,0,60,2026-02-03 07:50:32.805400
SMMR,25.27,25.6,0.0,200000.0,,0,0,0,0,0,0,0,0,0,0,0,0,60,2026-02-03 07:50:32.805400
ATMN,25.07,25.04,0.0,200000.0,,0,0,0,0,0,0,0,0,0,0,0,0,60,2026-02-03 07:50:32.805400
WNTR,24.95,24.48,24.74,908900.0,819500.0,0,0,0,0,0,0,0,0,0,0,0,0,60,2026-02-03 07:50:32.805400
SPNG,25.3,25.3,25.86,951400.0,954500.0,0,0,0,0,0,0,0,0,0,0,0,0,61,2026-02-03 07:50:33.829637
SMMR,25.6,25.32,25.52,1132700.0,745600.0,0,0,0,0,0,0,0,0,0,0,0,0,61,2026-02-03 07:50:33.829637
ATMN,24.75,24.75,25.31,981200.0,823200.0,0,0,0,0,0,0,0,0,0,0,0,0,61,2026-02-03 07:50:33.829637
WNTR,24.73,24.48,24.73,908900.0,924300.0,0,0,0,0,0,0,0,0,0,0,0,0,61,2026-02-03 07:50:33.829637
SPNG,24.9,23.82,24.78,1073200.0,1255600.0,0,0,0,0,0,0,0,0,0,0,0,0,62,2026-02-03 07:50:34.857954
SMMR,25.52,25.55,25.74,1398200.0,707500.0,0,0,0,0,0,0,0,0,0,0,0,0,62,2026-02-03 07:50:34.857954
ATMN,24.75,25.22,25.31,1107800.0,1060300.0,0,0,0,0,0,0,0,0,0,0,0,0,62,2026-02-03 07:50:34.857954
WNTR,24.58,24.58,24.59,1013700.0,1035500.0,0,0,0,0,0,0,0,0,0,0,0,0,62,2026-02-03 07:50:34.857954
SPNG,24.9,24.42,24.78,1439200.0,1255600.0,0,0,0,0,0,0,0,0,0,0,0,0,63,2026-02-03 07:50:35.883365
SMMR,25.34,25.34,25.74,1223300.0,923100.0,0,0,0,0,0,0,0,0,0,0,0,0,63,2026-02-03 07:50:35.883365
ATMN,25.22,25.22,25.31,1107800.0,1309700.0,0,0,0,0,0,0,0,0,0,0,0,0,63,2026-02-03 07:50:35.883365
WNTR,24.58,24.48,24.52,908900.0,1363600.0,0,0,0,0,0,0,0,0,0,0,0,0,63,2026-02-03 07:50:35.883365
SPNG,24.78,25.59,25.8,1706000.0,1245400.0,0,0,0,0,0,0,0,0,0,0,0,0,64,2026-02-03 07:50:36.913506
SMMR,25.77,25.34,25.77,1223300.0,912500.0,0,0,0,0,0,0,0,0,0,0,0,0,64,2026-02-03 07:50:36.913506
ATMN,24.81,24.88,25.31,1100900.0,1571300.0,0,0,0,0,0,0,0,0,0,0,0,0,64,2026-02-03 07:50:36.913506
WNTR,24.48,23.94,24.44,940600.0,1585800.0,0,0,0,0,0,0,0,0,0,0,0,0,64,2026-02-03 07:50:36.913506
SPNG,25.59,25.59,25.8,1706000.0,1487400.0,0,0,0,0,0,0,0,0,0,0,0,0,65,2026-02-03 07:50:37.944186
SMMR,25.77,25.57,25.77,1421400.0,1012600.0,0,0,0,0,0,0,0,0,0,0,0,0,65,2026-02-03 07:50:37.944186
ATMN,24.75,24.3,24.74,1235300.0,1704100.0,0,0,0,0,0,0,0,0,0,0,0,0,65,2026-02-03 07:50:37.944186
WNTR,24.59,24.21,24.59,1061100.0,1337300.0,0,0,0,0,0,0,0,0,0,0,0,0,65,2026-02-03 07:50:37.944186
SPNG,25.06,24.55,25.02,1572100.0,1707200.0,0,0,0,0,0,0,0,0,0,0,0,0,66,2026-02-03 07:50:38.975078
SMMR,25.32,25.38,25.72,1341500.0,1103900.0,0,0,0,0,0,0,0,0,0,0,0,0,66,2026-02-03 07:50:38.975078
ATMN,24.75,24.66,24.74,1717200.0,1704100.0,0,0,0,0,0,0,0,0,0,0,0,0,66,2026-02-03 07:50:38.975078
WNTR,24.61,24.21,24.59,1061100.0,1353000.0,0,0,0,0,0,0,0,0,0,0,0,0,66,2026-02-03 07:50:38.975078
SPNG,25.8,24.94,25.01,1852200.0,3500.0,3500.0,1576100.0,0,0,0,0,0,0,0,0,0,0,67,2026-02-03 07:50:40.017316
SMMR,25.77,25.7,25.71,1459100.0,7000.0,7000.0,1110800.0,0,0,0,0,0,0,0,0,0,0,67,2026-02-03 07:50:40.017316
ATMN,24.8,24.8,25.02,1958900.0,,,1686100.0,0,0,0,0,0,0,0,0,0,0,67,2026-02-03 07:50:40.017316
WNTR,24.46,24.38,24.46,1164200.0,8750.0,8750.0,1449900.0,0,0,0,0,0,0,0,0,0,0,67,2026-02-03 07:50:40.017316
SPNG,25.01,25.22,25.71,1963000.0,1764800.0,0,0,0,0,0,0,0,0,0,0,0,0,68,2026-02-03 07:50:41.106342
SMMR,25.7,25.38,25.53,1552600.0,1228600.0,0,0,0,0,0,0,0,0,0,0,0,0,68,2026-02-03 07:50:41.106342
ATMN,24.8,24.8,25.02,2081000.0,1786800.0,0,0,0,0,0,0,0,0,0,0,0,0,68,2026-02-03 07:50:41.106342
WNTR,24.59,24.62,24.65,1360100.0,1319900.0,0,0,0,0,0,0,0,0,0,0,0,0,68,2026-02-03 07:50:41.106342
SPNG,25.05,25.15,25.43,1967500.0,1869200.0,0,0,0,0,0,0,0,0,0,0,0,0,69,2026-02-03 07:50:42.197899
SMMR,25.78,25.46,25.78,1767400.0,992600.0,0,0,0,0,0,0,0,0,0,0,0,0,69,2026-02-03 07:50:42.197899
ATMN,24.89,24.93,25.26,2066200.0,1772900.0,0,0,0,0,0,0,0,0,0,0,0,0,69,2026-02-03 07:50:42.197899
WNTR,24.57,24.41,24.54,1256600.0,1664400.0,0,0,0,0,0,0,0,0,0,0,0,0,69,2026-02-03 07:50:42.197899
SPNG,25.15,24.94,25.09,1992600.0,1882800.0,,,0,0,0,0,0,0,0,0,0,0,70,2026-02-03 07:50:43.229490
SMMR,25.7,25.46,25.55,1767400.0,1204800.0,,,0,0,0,0,0,0,0,0,0,0,70,2026-02-03 07:50:43.229490
ATMN,24.79,24.67,24.72,2034000.0,1908900.0,5250.0,,0,0,0,0,0,0,0,0,0,0,70,2026-02-03 07:50:43.229490
WNTR,24.38,24.38,24.5,1164200.0,1977600.0,,8750.0,0,0,0,0,0,0,0,0,0,0,70,2026-02-03 07:50:43.229490
SPNG,25.71,24.95,25.71,3500.0,2126600.0,1764800.0,,0,0,0,0,0,0,0,0,0,0,71,2026-02-03 07:50:43.757205
SMMR,25.55,25.46,25.55,,1767400.0,1204800.0,,0,0,0,0,0,0,0,0,0,0,71,2026-02-03 07:50:43.757205
ATMN,24.72,24.85,25.26,5250.0,2284800.0,1772900.0,,0,0,0,0,0,0,0,0,0,0,71,2026-02-03 07:50:43.757205
WNTR,24.38,24.38,24.5,,1263800.0,1977600.0,8750.0,0,0,0,0,0,0,0,0,0,0,71,2026-02-03 07:50:43.757205
SPNG,24.74,24.96,25.8,3500.0,2006400.0,1762700.0,,0,0,0,0,0,0,0,0,0,0,72,2026-02-03 07:50:44.786703
SMMR,25.54,25.54,25.55,7000.0,1971200.0,1414500.0,,0,0,0,0,0,0,0,0,0,0,72,2026-02-03 07:50:44.786703
ATMN,24.66,24.66,25.13,,2045400.0,2002000.0,,0,0,0,0,0,0,0,0,0,0,72,2026-02-03 07:50:44.786703
WNTR,24.54,24.38,24.49,,1263800.0,1995700.0,8750.0,0,0,0,0,0,0,0,0,0,0,72,2026-02-03 07:50:44.786703
SPNG,25.86,25.47,25.86,2120600.0,3500.0,1650500.0,,0,0,0,0,0,0,0,0,0,0,73,2026-02-03 07:50:45.811685
SMMR,25.6,25.54,25.56,2075200.0,7000.0,1417900.0,,0,0,0,0,0,0,0,0,0,0,73,2026-02-03 07:50:45.811685
ATMN,24.66,24.67,24.71,2045400.0,5250.0,2127300.0,5250.0,0,0,0,0,0,0,0,0,0,0,73,2026-02-03 07:50:45.811685
WNTR,24.38,24.22,24.26,1422600.0,,2095600.0,,0,0,0,0,0,0,0,0,0,0,73,2026-02-03 07:50:45.811685
SPNG,25.47,24.74,24.99,2148300.0,1848200.0,0,0,0,0,0,0,0,0,0,0,0,0,74,2026-02-03 07:50:46.849721
SMMR,25.66,25.46,25.66,2072600.0,1191900.0,0,0,0,0,0,0,0,0,0,0,0,0,74,2026-02-03 07:50:46.849721
ATMN,24.97,24.94,24.97,2308000.0,2249600.0,0,0,0,0,0,0,0,0,0,0,0,0,74,2026-02-03 07:50:46.849721
WNTR,24.22,24.22,24.54,1422600.0,2088800.0,0,0,0,0,0,0,0,0,0,0,0,0,74,2026-02-03 07:50:46.849721
SPNG,24.99,25.29,25.58,2404200.0,3500.0,1843500.0,,0,0,0,0,0,0,0,0,0,0,75,2026-02-03 07:50:47.881545
SMMR,25.78,25.47,25.7,2072600.0,7000.0,1278400.0,,0,0,0,0,0,0,0,0,0,0,75,2026-02-03 07:50:47.881545
ATMN,24.83,24.84,24.96,2431300.0,,2143400.0,5250.0,0,0,0,0,0,0,0,0,0,0,75,2026-02-03 07:50:47.881545
WNTR,24.22,24.29,24.32,1675500.0,,1987200.0,8750.0,0,0,0,0,0,0,0,0,0,0,75,2026-02-03 07:50:47.881545
SPNG,25.29,25.37,25.58,2366900.0,1974800.0,0,0,0,0,0,0,0,0,0,0,0,0,76,2026-02-03 07:50:48.905675
SMMR,25.51,25.48,25.49,2173200.0,1390500.0,0,0,0,0,0,0,0,0,0,0,0,0,76,2026-02-03 07:50:48.905675
ATMN,24.84,24.76,24.77,2312800.0,2249700.0,0,0,0,0,0,0,0,0,0,0,0,0,76,2026-02-03 07:50:48.905675
WNTR,24.32,24.29,24.32,1872500.0,2107000.0,0,0,0,0,0,0,0,0,0,0,0,0,76,2026-02-03 07:50:48.905675
SPNG,25.37,25.46,25.53,2386400.0,2095800.0,,,0,0,0,0,0,0,0,0,0,0,77,2026-02-03 07:50:49.932512
SMMR,25.48,25.48,25.49,2130400.0,1367000.0,7000.0,,0,0,0,0,0,0,0,0,0,0,77,2026-02-03 07:50:49.932512
ATMN,24.77,24.85,24.99,2299000.0,2116800.0,,5250.0,0,0,0,0,0,0,0,0,0,0,77,2026-02-03 07:50:49.932512
WNTR,24.43,24.29,24.32,1872500.0,2088600.0,,,0,0,0,0,0,0,0,0,0,0,77,2026-02-03 07:50:49.932512
SPNG,24.74,24.74,25.52,2148300.0,3500.0,2045500.0,,0,0,0,0,0,0,0,0,0,0,78,2026-02-03 07:50:50.961188
SMMR,25.57,25.59,25.62,2101000.0,,1367000.0,,0,0,0,0,0,0,0,0,0,0,78,2026-02-03 07:50:50.961188
ATMN,24.77,24.88,24.89,2300500.0,,2226700.0,5250.0,0,0,0,0,0,0,0,0,0,0,78,2026-02-03 07:50:50.961188
WNTR,24.48,24.3,24.41,1975100.0,,2099100.0,8750.0,0,0,0,0,0,0,0,0,0,0,78,2026-02-03 07:50:50.961188
SPNG,25.29,24.74,25.16,2245300.0,2150900.0,0,0,0,0,0,0,0,0,0,0,0,0,79,2026-02-03 07:50:51.992088
SMMR,25.59,25.48,25.59,2084300.0,1474100.0,0,0,0,0,0,0,0,0,0,0,0,0,79,2026-02-03 07:50:51.992088
ATMN,24.99,25.04,25.06,2414700.0,2141400.0,0,0,0,0,0,0,0,0,0,0,0,0,79,2026-02-03 07:50:51.992088
WNTR,24.57,24.33,24.57,2075100.0,2090300.0,0,0,0,0,0,0,0,0,0,0,0,0,79,2026-02-03 07:50:51.992088
SPNG,25.5,25.5,25.53,2355800.0,2189400.0,0,0,0,0,0,0,0,0,0,0,0,0,80,2026-02-03 07:50:53.019848
SMMR,25.51,25.51,25.59,2060800.0,1474100.0,0,0,0,0,0,0,0,0,0,0,0,0,80,2026-02-03 07:50:53.019848
ATMN,24.88,24.88,25.06,2435400.0,2254100.0,0,0,0,0,0,0,0,0,0,0,0,0,80,2026-02-03 07:50:53.019848
WNTR,24.3,24.29,24.3,2257600.0,2104800.0,0,0,0,0,0,0,0,0,0,0,0,0,80,2026-02-03 07:50:53.019848
SPNG,24.93,24.94,25.52,2361300.0,3500.0,2100000.0,,0,0,0,0,0,0,0,0,0,0,81,2026-02-03 07:50:54.046734
SMMR,25.67,25.52,25.57,1933500.0,7000.0,1382500.0,7000.0,0,0,0,0,0,0,0,0,0,0,81,2026-02-03 07:50:54.046734
ATMN,25.06,24.85,25.06,2428600.0,,2273100.0,,0,0,0,0,0,0,0,0,0,0,81,2026-02-03 07:50:54.046734
WNTR,24.37,24.37,24.57,2202600.0,,2090300.0,8750.0,0,0,0,0,0,0,0,0,0,0,81,2026-02-03 07:50:54.046734
SPNG,24.93,24.96,25.53,2483100.0,2191900.0,0,0,0,0,0,0,0,0,0,0,0,0,82,2026-02-03 07:50:55.075434
SMMR,25.48,25.49,25.65,2056100.0,1463200.0,0,0,0,0,0,0,0,0,0,0,0,0,82,2026-02-03 07:50:55.075434
ATMN,24.85,24.85,25.06,2435500.0,2311900.0,0,0,0,0,0,0,0,0,0,0,0,0,82,2026-02-03 07:50:55.075434
WNTR,24.53,24.39,24.53,2335300.0,2111700.0,0,0,0,0,0,0,0,0,0,0,0,0,82,2026-02-03 07:50:55.075434
SPNG,24.93,25.03,25.53,2542100.0,2191900.0,,0,0,0,0,0,0,0,0,0,0,0,83,2026-02-03 07:50:56.111521
SMMR,25.49,25.61,25.62,2045800.0,1567100.0,,0,0,0,0,0,0,0,0,0,0,0,83,2026-02-03 07:50:56.111521
ATMN,24.99,24.99,25.13,2346600.0,2297100.0,5250.0,0,0,0,0,0,0,0,0,0,0,0,83,2026-02-03 07:50:56.111521
WNTR,24.39,24.4,24.56,2202600.0,2092800.0,8750.0,0,0,0,0,0,0,0,0,0,0,0,83,2026-02-03 07:50:56.111521
SPNG,24.93,25.05,25.48,2498700.0,2218200.0,0,0,0,0,0,0,0,0,0,0,0,0,84,2026-02-03 07:50:57.148176
SMMR,25.5,25.5,25.62,2033400.0,1679700.0,0,0,0,0,0,0,0,0,0,0,0,0,84,2026-02-03 07:50:57.148176
ATMN,24.78,24.78,25.08,2425700.0,2297700.0,0,0,0,0,0,0,0,0,0,0,0,0,84,2026-02-03 07:50:57.148176
WNTR,24.56,24.4,24.56,2326300.0,2092800.0,0,0,0,0,0,0,0,0,0,0,0,0,84,2026-02-03 07:50:57.148176
SPNG,24.93,25.05,25.27,2465800.0,2098900.0,3500.0,,0,0,0,0,0,0,0,0,0,0,85,2026-02-03 07:50:58.196732
SMMR,25.61,25.61,25.62,1883600.0,1679700.0,,7000.0,0,0,0,0,0,0,0,0,0,0,85,2026-02-03 07:50:58.196732
ATMN,24.78,24.78,24.83,2401400.0,2198000.0,5250.0,,0,0,0,0,0,0,0,0,0,0,85,2026-02-03 07:50:58.196732
WNTR,24.43,24.48,24.56,2221200.0,2118900.0,,8750.0,0,0,0,0,0,0,0,0,0,0,85,2026-02-03 07:50:58.196732
SPNG,24.93,25.06,25.27,2441500.0,2223400.0,,,0,0,0,0,0,0,0,0,0,0,86,2026-02-03 07:50:59.311583
SMMR,25.61,25.61,25.62,1833200.0,1679700.0,7000.0,,0,0,0,0,0,0,0,0,0,0,86,2026-02-03 07:50:59.311583
ATMN,24.77,24.77,25.13,2385500.0,2193000.0,,5250.0,0,0,0,0,0,0,0,0,0,0,86,2026-02-03 07:50:59.311583
WNTR,24.57,24.48,24.57,2317100.0,2099300.0,,,0,0,0,0,0,0,0,0,0,0,86,2026-02-03 07:50:59.311583
SPNG,25.27,25.05,25.26,2441500.0,3500.0,2109100.0,,0,0,0,0,0,0,0,0,0,0,87,2026-02-03 07:50:59.937494
SMMR,25.61,25.61,25.62,1863900.0,,1774300.0,7000.0,0,0,0,0,0,0,0,0,0,0,87,2026-02-03 07:50:59.937494
ATMN,25.13,24.9,25.13,2385500.0,,2260500.0,,0,0,0,0,0,0,0,0,0,0,87,2026-02-03 07:50:59.937494
WNTR,24.6,24.49,24.6,2193700.0,,2096300.0,8750.0,0,0,0,0,0,0,0,0,0,0,87,2026-02-03 07:50:59.937494
SPNG,25.53,25.05,25.13,2405900.0,2242600.0,,,0,0,0,0,0,0,0,0,0,0,88,2026-02-03 07:51:01.037725
SMMR,25.61,25.61,25.62,1863900.0,1911100.0,7000.0,,0,0,0,0,0,0,0,0,0,0,88,2026-02-03 07:51:01.037725
ATMN,24.91,25.03,25.09,2419200.0,2199500.0,,5250.0,0,0,0,0,0,0,0,0,0,0,88,2026-02-03 07:51:01.037725
WNTR,24.65,24.48,24.65,2317100.0,1987200.0,,,0,0,0,0,0,0,0,0,0,0,88,2026-02-03 07:51:01.037725
SPNG,25.13,25.37,25.53,2200500.0,7000.0,2238100.0,0,0,0,0,0,0,0,0,0,0,0,89,2026-02-03 07:51:02.150625
SMMR,25.59,25.59,25.62,1985100.0,,1896500.0,0,0,0,0,0,0,0,0,0,0,0,89,2026-02-03 07:51:02.150625
ATMN,24.77,24.77,24.96,2392000.0,,2338000.0,0,0,0,0,0,0,0,0,0,0,0,89,2026-02-03 07:51:02.150625
WNTR,24.48,24.4,24.45,2319800.0,,2101500.0,0,0,0,0,0,0,0,0,0,0,0,89,2026-02-03 07:51:02.150625
SPNG,25.37,25.06,25.2,3500.0,2315300.0,2215000.0,0,0,0,0,0,0,0,0,0,0,0,90,2026-02-03 07:51:03.194889
SMMR,25.61,25.61,25.62,7000.0,1898800.0,1896500.0,0,0,0,0,0,0,0,0,0,0,0,90,2026-02-03 07:51:03.194889
ATMN,24.96,24.77,24.96,,2413600.0,2338000.0,0,0,0,0,0,0,0,0,0,0,0,90,2026-02-03 07:51:03.194889
WNTR,24.45,24.44,24.45,8750.0,2186500.0,2101500.0,0,0,0,0,0,0,0,0,0,0,0,90,2026-02-03 07:51:03.194889
SPNG,25.37,25.05,25.2,2452700.0,2215000.0,0,0,0,0,0,0,0,0,0,0,0,0,91,2026-02-03 07:51:04.244913
SMMR,25.56,25.56,25.62,1933600.0,1896500.0,0,0,0,0,0,0,0,0,0,0,0,0,91,2026-02-03 07:51:04.244913
ATMN,24.96,24.97,25.09,2403900.0,2334700.0,0,0,0,0,0,0,0,0,0,0,0,0,91,2026-02-03 07:51:04.244913
WNTR,24.66,24.57,24.66,2317800.0,2103000.0,0,0,0,0,0,0,0,0,0,0,0,0,91,2026-02-03 07:51:04.244913
SPNG,25.53,25.11,25.53,2440100.0,2238100.0,,0,0,0,0,0,0,0,0,0,0,0,92,2026-02-03 07:51:05.290136
SMMR,25.5,25.5,25.62,1947900.0,1914200.0,,0,0,0,0,0,0,0,0,0,0,0,92,2026-02-03 07:51:05.290136
ATMN,25.09,24.78,25.09,2299300.0,2334700.0,5250.0,0,0,0,0,0,0,0,0,0,0,0,92,2026-02-03 07:51:05.290136
WNTR,24.44,24.44,24.69,2298800.0,2130600.0,,0,0,0,0,0,0,0,0,0,0,0,92,2026-02-03 07:51:05.290136
SPNG,25.05,25.03,25.05,2429600.0,2251800.0,,0,0,0,0,0,0,0,0,0,0,0,93,2026-02-03 07:51:06.347296
SMMR,25.65,25.55,25.65,1834400.0,1890900.0,7000.0,0,0,0,0,0,0,0,0,0,0,0,93,2026-02-03 07:51:06.347296
ATMN,25.2,25.18,25.2,2393100.0,2298600.0,,0,0,0,0,0,0,0,0,0,0,0,93,2026-02-03 07:51:06.347296
WNTR,24.69,24.44,24.69,2357500.0,2007500.0,,0,0,0,0,0,0,0,0,0,0,0,93,2026-02-03 07:51:06.347296
SPNG,25.58,25.07,25.58,3500.0,2325900.0,2209200.0,0,0,0,0,0,0,0,0,0,0,0,94,2026-02-03 07:51:07.375846
SMMR,25.49,25.49,25.65,,1938800.0,1900200.0,0,0,0,0,0,0,0,0,0,0,0,94,2026-02-03 07:51:07.375846
ATMN,24.73,24.92,25.2,,2401700.0,2290700.0,0,0,0,0,0,0,0,0,0,0,0,94,2026-02-03 07:51:07.375846
WNTR,24.73,24.44,24.73,,2357500.0,1876200.0,0,0,0,0,0,0,0,0,0,0,0,94,2026-02-03 07:51:07.375846
SPNG,25.58,25.07,25.08,3500.0,2324300.0,2216800.0,,0,0,0,0,0,0,0,0,0,0,95,2026-02-03 07:51:07.912686
SMMR,25.49,25.56,25.65,7000.0,1863000.0,1900200.0,,0,0,0,0,0,0,0,0,0,0,95,2026-02-03 07:51:07.912686
ATMN,24.73,24.97,25.06,5250.0,2276600.0,2197500.0,5250.0,0,0,0,0,0,0,0,0,0,0,95,2026-02-03 07:51:07.912686
WNTR,24.73,24.57,24.68,,2314000.0,1963000.0,8750.0,0,0,0,0,0,0,0,0,0,0,95,2026-02-03 07:51:07.912686
SPNG,25.58,25.07,25.58,3500.0,2324300.0,2231000.0,0,0,0,0,0,0,0,0,0,0,0,96,2026-02-03 07:51:08.939053
SMMR,25.49,25.51,25.65,,1951600.0,1929700.0,0,0,0,0,0,0,0,0,0,0,0,96,2026-02-03 07:51:08.939053
ATMN,24.97,24.97,25.12,,2408100.0,2331900.0,0,0,0,0,0,0,0,0,0,0,0,96,2026-02-03 07:51:08.939053
WNTR,24.4,24.4,24.74,,2343400.0,1895600.0,0,0,0,0,0,0,0,0,0,0,0,96,2026-02-03 07:51:08.939053
SPNG,25.0,25.0,25.58,2415100.0,2231000.0,,,0,0,0,0,0,0,0,0,0,0,97,2026-02-03 07:51:09.970607
SMMR,25.49,25.52,25.53,1873100.0,1947900.0,7000.0,,0,0,0,0,0,0,0,0,0,0,97,2026-02-03 07:51:09.970607
ATMN,24.98,24.92,24.93,2401700.0,2225500.0,,5250.0,0,0,0,0,0,0,0,0,0,0,97,2026-02-03 07:51:09.970607
WNTR,24.4,24.55,24.74,2348900.0,1895600.0,,,0,0,0,0,0,0,0,0,0,0,97,2026-02-03 07:51:09.970607
SPNG,24.99,25.33,25.58,2462100.0,2216700.0,0,0,0,0,0,0,0,0,0,0,0,0,98,2026-02-03 07:51:10.999574
SMMR,25.49,25.49,25.53,1971700.0,1963800.0,0,0,0,0,0,0,0,0,0,0,0,0,98,2026-02-03 07:51:10.999574
ATMN,24.88,24.88,24.93,2433100.0,2333400.0,0,0,0,0,0,0,0,0,0,0,0,0,98,2026-02-03 07:51:10.999574
WNTR,24.4,24.55,24.71,2333300.0,2114200.0,0,0,0,0,0,0,0,0,0,0,0,0,98,2026-02-03 07:51:10.999574
SPNG,25.34,24.99,25.34,2456700.0,2101600.0,3500.0,0,0,0,0,0,0,0,0,0,0,0,99,2026-02-03 07:51:12.033266
SMMR,25.49,25.49,25.52,1955300.0,1890900.0,7000.0,0,0,0,0,0,0,0,0,0,0,0,99,2026-02-03 07:51:12.033266
ATMN,25.17,25.17,25.18,2431600.0,2311700.0,,0,0,0,0,0,0,0,0,0,0,0,99,2026-02-03 07:51:12.033266
WNTR,24.4,24.4,24.7,2372300.0,2019200.0,8750.0,0,0,0,0,0,0,0,0,0,0,0,99,2026-02-03 07:51:12.033266
SPNG,25.34,25.36,25.58,2448500.0,2202200.0,,,0,0,0,0,0,0,0,0,0,0,100,2026-02-03 07:51:13.062548
SMMR,25.47,25.47,25.51,1950900.0,1890900.0,7000.0,,0,0,0,0,0,0,0,0,0,0,100,2026-02-03 07:51:13.062548
ATMN,25.18,25.17,25.18,2300200.0,2206500.0,5250.0,5250.0,0,0,0,0,0,0,0,0,0,0,100,2026-02-03 07:51:13.062548
WNTR,24.43,24.57,24.69,2350900.0,2019200.0,8750.0,,0,0,0,0,0,0,0,0,0,0,100,2026-02-03 07:51:13.062548
SPNG,24.96,24.96,25.4,2464200.0,2221900.0,0,0,0,0,0,0,0,0,0,0,0,0,101,2026-02-03 07:51:14.090028
SMMR,25.59,25.58,25.59,1978500.0,2008400.0,0,0,0,0,0,0,0,0,0,0,0,0,101,2026-02-03 07:51:14.090028
ATMN,25.18,25.15,25.19,2410800.0,2329400.0,0,0,0,0,0,0,0,0,0,0,0,0,101,2026-02-03 07:51:14.090028
WNTR,24.43,24.7,24.71,2323300.0,2110300.0,0,0,0,0,0,0,0,0,0,0,0,0,101,2026-02-03 07:51:14.090028
SPNG,24.96,24.96,25.4,2464200.0,2230500.0,0,0,0,0,0,0,0,0,0,0,0,0,102,2026-02-03 07:51:15.118829
SMMR,25.59,25.59,25.61,1969200.0,1974600.0,0,0,0,0,0,0,0,0,0,0,0,0,102,2026-02-03 07:51:15.118829
ATMN,25.15,25.07,25.12,2431700.0,2353000.0,0,0,0,0,0,0,0,0,0,0,0,0,102,2026-02-03 07:51:15.118829
WNTR,24.7,24.57,24.68,2336300.0,2143300.0,0,0,0,0,0,0,0,0,0,0,0,0,102,2026-02-03 07:51:15.118829
SPNG,24.96,24.96,25.58,2464200.0,2199300.0,,,0,0,0,0,0,0,0,0,0,0,103,2026-02-03 07:51:16.146280
SMMR,25.59,25.58,25.59,1959600.0,2000500.0,,,0,0,0,0,0,0,0,0,0,0,103,2026-02-03 07:51:16.146280
ATMN,25.12,25.08,25.11,2329900.0,2254200.0,5250.0,5250.0,0,0,0,0,0,0,0,0,0,0,103,2026-02-03 07:51:16.146280
WNTR,24.56,24.56,24.67,2341100.0,2014400.0,,8750.0,0,0,0,0,0,0,0,0,0,0,103,2026-02-03 07:51:16.146280
SPNG,24.96,25.34,25.36,2456600.0,2208000.0,0,0,0,0,0,0,0,0,0,0,0,0,104,2026-02-03 07:51:17.178689
SMMR,25.57,25.47,25.57,1920800.0,1958800.0,0,0,0,0,0,0,0,0,0,0,0,0,104,2026-02-03 07:51:17.178689
ATMN,25.2,25.21,25.23,2460600.0,2301300.0,0,0,0,0,0,0,0,0,0,0,0,0,104,2026-02-03 07:51:17.178689
WNTR,24.72,24.54,24.72,2353700.0,2107500.0,0,0,0,0,0,0,0,0,0,0,0,0,104,2026-02-03 07:51:17.178689
SPNG,24.96,25.34,25.35,2475800.0,3500.0,2133300.0,0,0,0,0,0,0,0,0,0,0,0,105,2026-02-03 07:51:18.202581
SMMR,25.57,25.47,25.57,1920800.0,,1963600.0,0,0,0,0,0,0,0,0,0,0,0,105,2026-02-03 07:51:18.202581
ATMN,24.91,24.91,25.23,2463100.0,,2312900.0,0,0,0,0,0,0,0,0,0,0,0,105,2026-02-03 07:51:18.202581
WNTR,24.4,24.4,24.66,2372300.0,8750.0,2014400.0,0,0,0,0,0,0,0,0,0,0,0,105,2026-02-03 07:51:18.202581
SPNG,24.96,25.21,25.36,2463100.0,2252100.0,0,0,0,0,0,0,0,0,0,0,0,0,106,2026-02-03 07:51:19.230634
SMMR,25.47,25.47,25.49,1939000.0,1978200.0,0,0,0,0,0,0,0,0,0,0,0,0,106,2026-02-03 07:51:19.230634
ATMN,24.73,24.73,25.23,2397900.0,2312900.0,0,0,0,0,0,0,0,0,0,0,0,0,106,2026-02-03 07:51:19.230634
WNTR,24.46,24.46,24.72,2338300.0,2119200.0,0,0,0,0,0,0,0,0,0,0,0,0,106,2026-02-03 07:51:19.230634
SPNG,25.03,24.96,25.03,2465300.0,2180900.0,3500.0,,0,0,0,0,0,0,0,0,0,0,107,2026-02-03 07:51:20.260082
SMMR,25.59,25.47,25.57,1939000.0,1952000.0,,,0,0,0,0,0,0,0,0,0,0,107,2026-02-03 07:51:20.260082
ATMN,25.23,24.76,25.22,2263600.0,2188300.0,5250.0,5250.0,0,0,0,0,0,0,0,0,0,0,107,2026-02-03 07:51:20.260082
WNTR,24.54,24.54,24.72,2342800.0,2110700.0,,,0,0,0,0,0,0,0,0,0,0,107,2026-02-03 07:51:20.260082
SPNG,25.13,25.35,25.36,2450000.0,2252100.0,0,0,0,0,0,0,0,0,0,0,0,0,108,2026-02-03 07:51:21.311080
SMMR,25.58,25.47,25.58,1939000.0,1931100.0,0,0,0,0,0,0,0,0,0,0,0,0,108,2026-02-03 07:51:21.311080
ATMN,24.73,24.69,24.71,2385300.0,2323900.0,0,0,0,0,0,0,0,0,0,0,0,0,108,2026-02-03 07:51:21.311080
WNTR,24.45,24.54,24.72,2348700.0,2110700.0,0,0,0,0,0,0,0,0,0,0,0,0,108,2026-02-03 07:51:21.311080
SPNG,25.3,25.13,25.3,2448400.0,2181300.0,3500.0,,0,0,0,0,0,0,0,0,0,0,109,2026-02-03 07:51:22.375078
SMMR,25.64,25.48,25.64,1854300.0,1973300.0,,7000.0,0,0,0,0,0,0,0,0,0,0,109,2026-02-03 07:51:22.375078
ATMN,24.71,25.17,25.22,2413500.0,2183100.0,5250.0,,0,0,0,0,0,0,0,0,0,0,109,2026-02-03 07:51:22.375078
WNTR,24.68,24.69,24.71,2330300.0,2154300.0,,,0,0,0,0,0,0,0,0,0,0,109,2026-02-03 07:51:22.375078
SPNG,25.13,25.13,25.29,2447700.0,3500.0,2181300.0,0,0,0,0,0,0,0,0,0,0,0,110,2026-02-03 07:51:23.432536
SMMR,25.43,25.45,25.64,1963300.0,,1993800.0,0,0,0,0,0,0,0,0,0,0,0,110,2026-02-03 07:51:23.432536
ATMN,24.71,25.17,25.22,2423200.0,5250.0,2187900.0,0,0,0,0,0,0,0,0,0,0,0,110,2026-02-03 07:51:23.432536
WNTR,24.4,24.4,24.71,2372300.0,8750.0,2116200.0,0,0,0,0,0,0,0,0,0,0,0,110,2026-02-03 07:51:23.432536
SPNG,25.36,25.11,25.36,2433100.0,2248700.0,0,0,0,0,0,0,0,0,0,0,0,0,111,2026-02-03 07:51:24.471543
SMMR,25.45,25.5,25.62,1947000.0,2008100.0,0,0,0,0,0,0,0,0,0,0,0,0,111,2026-02-03 07:51:24.471543
ATMN,25.26,24.97,25.02,2414300.0,2332400.0,0,0,0,0,0,0,0,0,0,0,0,0,111,2026-02-03 07:51:24.471543
WNTR,24.4,24.49,24.52,2306000.0,2205300.0,0,0,0,0,0,0,0,0,0,0,0,0,111,2026-02-03 07:51:24.471543
SPNG,25.36,25.12,25.24,3500.0,2312700.0,2156500.0,3500.0,0,0,0,0,0,0,0,0,0,0,112,2026-02-03 07:51:25.006942
SMMR,25.62,25.5,25.62,,1947000.0,2008100.0,,0,0,0,0,0,0,0,0,0,0,112,2026-02-03 07:51:25.006942
ATMN,25.02,24.97,25.02,5250.0,2251100.0,2332400.0,,0,0,0,0,0,0,0,0,0,0,112,2026-02-03 07:51:25.006942
WNTR,24.4,24.49,24.52,,2273200.0,2205300.0,,0,0,0,0,0,0,0,0,0,0,112,2026-02-03 07:51:25.006942
SPNG,25.24,25.12,25.24,3500.0,2312700.0,2156500.0,3500.0,0,0,0,0,0,0,0,0,0,0,113,2026-02-03 07:51:26.033760
SMMR,25.66,25.54,25.55,7000.0,1889900.0,1919300.0,7000.0,0,0,0,0,0,0,0,0,0,0,113,2026-02-03 07:51:26.033760
ATMN,24.75,24.75,25.25,5250.0,2287800.0,2204200.0,5250.0,0,0,0,0,0,0,0,0,0,0,113,2026-02-03 07:51:26.033760
WNTR,24.52,24.62,24.67,,2268000.0,2171500.0,,0,0,0,0,0,0,0,0,0,0,113,2026-02-03 07:51:26.033760
SPNG,25.13,25.02,25.09,2440800.0,2241500.0,,,0,0,0,0,0,0,0,0,0,0,114,2026-02-03 07:51:27.062446
SMMR,25.66,25.65,25.66,1877300.0,1989500.0,7000.0,,0,0,0,0,0,0,0,0,0,0,114,2026-02-03 07:51:27.062446
ATMN,24.92,25.11,25.24,2426000.0,2204200.0,,5250.0,0,0,0,0,0,0,0,0,0,0,114,2026-02-03 07:51:27.062446
WNTR,24.65,24.65,24.67,2197300.0,2206800.0,8750.0,,0,0,0,0,0,0,0,0,0,0,114,2026-02-03 07:51:27.062446
SPNG,25.13,25.02,25.09,2475300.0,2241500.0,0,0,0,0,0,0,0,0,0,0,0,0,115,2026-02-03 07:51:28.088253
SMMR,25.66,25.65,25.66,1969700.0,2007500.0,0,0,0,0,0,0,0,0,0,0,0,0,115,2026-02-03 07:51:28.088253
ATMN,25.26,25.11,25.26,2426000.0,2338400.0,0,0,0,0,0,0,0,0,0,0,0,0,115,2026-02-03 07:51:28.088253
WNTR,24.65,24.65,24.67,2289900.0,2228700.0,0,0,0,0,0,0,0,0,0,0,0,0,115,2026-02-03 07:51:28.088253
SPNG,25.48,25.48,25.58,2457800.0,2222100.0,,,0,0,0,0,0,0,0,0,0,0,116,2026-02-03 07:51:29.120331
SMMR,25.65,25.65,25.66,1889900.0,2002700.0,7000.0,,0,0,0,0,0,0,0,0,0,0,116,2026-02-03 07:51:29.120331
ATMN,25.26,25.11,25.25,2426000.0,2201600.0,,5250.0,0,0,0,0,0,0,0,0,0,0,116,2026-02-03 07:51:29.120331
WNTR,24.69,24.66,24.69,2153400.0,2240000.0,8750.0,,0,0,0,0,0,0,0,0,0,0,116,2026-02-03 07:51:29.120331
SPNG,25.48,25.02,25.16,2475300.0,2237400.0,0,0,0,0,0,0,0,0,0,0,0,0,117,2026-02-03 07:51:30.150924
SMMR,25.5,25.5,25.63,1942600.0,1992500.0,0,0,0,0,0,0,0,0,0,0,0,0,117,2026-02-03 07:51:30.150924
ATMN,25.11,25.11,25.26,2426000.0,2345600.0,0,0,0,0,0,0,0,0,0,0,0,0,117,2026-02-03 07:51:30.150924
WNTR,24.72,24.71,24.72,2284100.0,2175200.0,0,0,0,0,0,0,0,0,0,0,0,0,117,2026-02-03 07:51:30.150924
SPNG,25.48,25.02,25.16,2454300.0,2237400.0,,0,0,0,0,0,0,0,0,0,0,0,118,2026-02-03 07:51:31.187908
SMMR,25.68,25.49,25.68,1944200.0,2004100.0,,0,0,0,0,0,0,0,0,0,0,0,118,2026-02-03 07:51:31.187908
ATMN,25.11,25.0,25.07,2408200.0,2322800.0,,0,0,0,0,0,0,0,0,0,0,0,118,2026-02-03 07:51:31.187908
WNTR,24.72,24.71,24.72,2185700.0,2208800.0,8750.0,0,0,0,0,0,0,0,0,0,0,0,118,2026-02-03 07:51:31.187908
SPNG,25.58,25.4,25.58,2436100.0,2232300.0,,0,0,0,0,0,0,0,0,0,0,0,119,2026-02-03 07:51:32.219432
SMMR,25.68,25.51,25.66,1964600.0,1977900.0,,0,0,0,0,0,0,0,0,0,0,0,119,2026-02-03 07:51:32.219432
ATMN,25.0,25.0,25.26,2408200.0,2311400.0,,0,0,0,0,0,0,0,0,0,0,0,119,2026-02-03 07:51:32.219432
WNTR,24.72,24.71,24.72,2137400.0,2208800.0,8750.0,0,0,0,0,0,0,0,0,0,0,0,119,2026-02-03 07:51:32.219432
SPNG,25.4,25.05,0.0,200000.0,0,0,0,0,0,0,0,0,0,0,0,0,0,120,2026-02-03 07:51:33.249080
SMMR,25.51,26.86,0.0,200000.0,0,0,0,0,0,0,0,0,0,0,0,0,0,120,2026-02-03 07:51:33.249080
ATMN,25.27,23.54,0.0,200000.0,0,0,0,0,0,0,0,0,0,0,0,0,0,120,2026-02-03 07:51:33.249080
WNTR,24.72,26.98,0.0,200000.0,0,0,0,0,0,0,0,0,0,0,0,0,0,120,2026-02-03 07:51:33.249080
SPNG,25.4,25.05,25.16,1063700.0,1105300.0,0,0,0,0,0,0,0,0,0,0,0,0,121,2026-02-03 07:51:34.280267
SMMR,26.86,26.53,26.6,938700.0,711300.0,0,0,0,0,0,0,0,0,0,0,0,0,121,2026-02-03 07:51:34.280267
ATMN,23.86,23.54,23.78,1054800.0,1261100.0,0,0,0,0,0,0,0,0,0,0,0,0,121,2026-02-03 07:51:34.280267
WNTR,25.78,25.82,26.4,1005400.0,862400.0,0,0,0,0,0,0,0,0,0,0,0,0,121,2026-02-03 07:51:34.280267
SPNG,25.05,25.05,25.11,1086600.0,1317300.0,0,0,0,0,0,0,0,0,0,0,0,0,122,2026-02-03 07:51:35.310243
SMMR,26.6,26.61,26.65,1227400.0,684000.0,0,0,0,0,0,0,0,0,0,0,0,0,122,2026-02-03 07:51:35.310243
ATMN,23.54,23.57,23.78,1056000.0,1620400.0,0,0,0,0,0,0,0,0,0,0,0,0,122,2026-02-03 07:51:35.310243
WNTR,26.53,26.6,26.71,1330900.0,868900.0,0,0,0,0,0,0,0,0,0,0,0,0,122,2026-02-03 07:51:35.310243
SPNG,24.65,24.78,25.11,1428100.0,1395200.0,0,0,0,0,0,0,0,0,0,0,0,0,123,2026-02-03 07:51:36.347350
SMMR,27.04,26.82,27.04,1322700.0,782000.0,0,0,0,0,0,0,0,0,0,0,0,0,123,2026-02-03 07:51:36.347350
ATMN,23.54,23.54,23.61,1064300.0,2001600.0,0,0,0,0,0,0,0,0,0,0,0,0,123,2026-02-03 07:51:36.347350
WNTR,26.53,26.65,26.71,1570500.0,868900.0,0,0,0,0,0,0,0,0,0,0,0,0,123,2026-02-03 07:51:36.347350
SPNG,25.11,24.78,24.91,1526400.0,1527600.0,0,0,0,0,0,0,0,0,0,0,0,0,124,2026-02-03 07:51:37.394937
SMMR,26.59,26.59,27.58,1150000.0,703400.0,0,0,0,0,0,0,0,0,0,0,0,0,124,2026-02-03 07:51:37.394937
ATMN,23.43,23.5,23.61,1229300.0,2141300.0,0,0,0,0,0,0,0,0,0,0,0,0,124,2026-02-03 07:51:37.394937
WNTR,26.71,26.77,27.11,1925200.0,838000.0,0,0,0,0,0,0,0,0,0,0,0,0,124,2026-02-03 07:51:37.394937
SPNG,25.16,24.78,25.16,1666700.0,1273300.0,0,0,0,0,0,0,0,0,0,0,0,0,125,2026-02-03 07:51:38.445166
SMMR,27.02,26.66,27.02,1261300.0,804200.0,0,0,0,0,0,0,0,0,0,0,0,0,125,2026-02-03 07:51:38.445166
ATMN,23.76,23.57,23.76,1366500.0,2273900.0,0,0,0,0,0,0,0,0,0,0,0,0,125,2026-02-03 07:51:38.445166
WNTR,26.77,26.68,26.7,2003800.0,930900.0,0,0,0,0,0,0,0,0,0,0,0,0,125,2026-02-03 07:51:38.445166
SPNG,24.81,24.81,25.05,1804200.0,3500.0,1377000.0,,0,0,0,0,0,0,0,0,0,0,126,2026-02-03 07:51:39.490856
SMMR,27.02,26.91,27.01,1337900.0,,977700.0,7000.0,0,0,0,0,0,0,0,0,0,0,126,2026-02-03 07:51:39.490856
ATMN,23.76,23.58,23.59,1366500.0,5250.0,2402300.0,,0,0,0,0,0,0,0,0,0,0,126,2026-02-03 07:51:39.490856
WNTR,26.7,26.95,27.11,2084900.0,8750.0,915800.0,,0,0,0,0,0,0,0,0,0,0,126,2026-02-03 07:51:39.490856
SPNG,25.08,24.93,25.04,1801700.0,3500.0,1376700.0,,0,0,0,0,0,0,0,0,0,0,127,2026-02-03 07:51:40.526651
SMMR,26.91,26.73,26.83,1566200.0,,981600.0,7000.0,0,0,0,0,0,0,0,0,0,0,127,2026-02-03 07:51:40.526651
ATMN,23.32,23.32,23.59,1083600.0,,2459200.0,,0,0,0,0,0,0,0,0,0,0,127,2026-02-03 07:51:40.526651
WNTR,26.91,26.95,27.11,2184700.0,,915800.0,,0,0,0,0,0,0,0,0,0,0,127,2026-02-03 07:51:40.526651
SPNG,24.93,24.93,25.08,1946300.0,1508800.0,,0,0,0,0,0,0,0,0,0,0,0,128,2026-02-03 07:51:41.553098
SMMR,26.95,26.73,26.92,1566200.0,1077600.0,,0,0,0,0,0,0,0,0,0,0,0,128,2026-02-03 07:51:41.553098
ATMN,23.29,23.29,23.59,1085400.0,2454600.0,,0,0,0,0,0,0,0,0,0,0,0,128,2026-02-03 07:51:41.553098
WNTR,26.95,26.86,26.94,2031500.0,1009600.0,8750.0,0,0,0,0,0,0,0,0,0,0,0,128,2026-02-03 07:51:41.553098
SPNG,25.44,24.93,25.44,1946300.0,1539000.0,,0,0,0,0,0,0,0,0,0,0,0,129,2026-02-03 07:51:42.598938
SMMR,26.92,26.85,26.9,1788700.0,1129900.0,7000.0,0,0,0,0,0,0,0,0,0,0,0,129,2026-02-03 07:51:42.598938
ATMN,23.29,23.29,23.42,1259400.0,2344600.0,5250.0,0,0,0,0,0,0,0,0,0,0,0,129,2026-02-03 07:51:42.598938
WNTR,27.07,26.86,26.9,2204000.0,1239200.0,,0,0,0,0,0,0,0,0,0,0,0,129,2026-02-03 07:51:42.598938
SPNG,25.44,24.93,25.11,1946300.0,1757400.0,,,0,0,0,0,0,0,0,0,0,0,130,2026-02-03 07:51:43.123421
SMMR,26.92,26.86,26.92,1873600.0,1051800.0,7000.0,,0,0,0,0,0,0,0,0,0,0,130,2026-02-03 07:51:43.123421
ATMN,23.29,23.32,23.42,1404900.0,2344600.0,,5250.0,0,0,0,0,0,0,0,0,0,0,130,2026-02-03 07:51:43.123421
WNTR,27.07,26.86,27.07,2204000.0,1127100.0,,,0,0,0,0,0,0,0,0,0,0,130,2026-02-03 07:51:43.123421
SPNG,25.42,24.95,25.42,2064900.0,1755400.0,0,0,0,0,0,0,0,0,0,0,0,0,131,2026-02-03 07:51:44.147792
SMMR,26.85,26.85,26.92,1958200.0,1147000.0,0,0,0,0,0,0,0,0,0,0,0,0,131,2026-02-03 07:51:44.147792
ATMN,23.43,23.5,23.54,1654300.0,2454600.0,0,0,0,0,0,0,0,0,0,0,0,0,131,2026-02-03 07:51:44.147792
WNTR,26.84,26.84,26.89,2220600.0,1356700.0,0,0,0,0,0,0,0,0,0,0,0,0,131,2026-02-03 07:51:44.147792
SPNG,24.64,24.64,25.41,1559800.0,3500.0,1865500.0,0,0,0,0,0,0,0,0,0,0,0,132,2026-02-03 07:51:45.172549
SMMR,26.85,26.87,26.92,2017000.0,,1251900.0,0,0,0,0,0,0,0,0,0,0,0,132,2026-02-03 07:51:45.172549
ATMN,23.35,23.35,23.59,1613900.0,,2449500.0,0,0,0,0,0,0,0,0,0,0,0,132,2026-02-03 07:51:45.172549
WNTR,26.89,26.84,26.89,2181100.0,,1356700.0,0,0,0,0,0,0,0,0,0,0,0,132,2026-02-03 07:51:45.172549
SPNG,24.86,24.4,24.86,1361600.0,2006000.0,0,0,0,0,0,0,0,0,0,0,0,0,133,2026-02-03 07:51:46.200620
SMMR,26.87,26.87,27.07,2017000.0,962300.0,0,0,0,0,0,0,0,0,0,0,0,0,133,2026-02-03 07:51:46.200620
ATMN,23.29,23.48,23.66,1749200.0,2453000.0,0,0,0,0,0,0,0,0,0,0,0,0,133,2026-02-03 07:51:46.200620
WNTR,27.07,26.84,26.89,2203500.0,1342700.0,0,0,0,0,0,0,0,0,0,0,0,0,133,2026-02-03 07:51:46.200620
SPNG,24.86,25.15,25.42,1695900.0,1865500.0,,,0,0,0,0,0,0,0,0,0,0,134,2026-02-03 07:51:47.233611
SMMR,27.07,26.88,27.07,1890300.0,1071000.0,7000.0,,0,0,0,0,0,0,0,0,0,0,134,2026-02-03 07:51:47.233611
ATMN,23.48,23.48,23.65,1979100.0,2336600.0,,5250.0,0,0,0,0,0,0,0,0,0,0,134,2026-02-03 07:51:47.233611
WNTR,27.19,26.85,26.94,2103300.0,1243100.0,8750.0,,0,0,0,0,0,0,0,0,0,0,134,2026-02-03 07:51:47.233611
SPNG,25.15,25.15,25.4,1695900.0,2184600.0,0,0,0,0,0,0,0,0,0,0,0,0,135,2026-02-03 07:51:48.259991
SMMR,26.96,26.96,27.07,1980900.0,1153600.0,0,0,0,0,0,0,0,0,0,0,0,0,135,2026-02-03 07:51:48.259991
ATMN,23.21,23.21,23.55,1864100.0,2463800.0,0,0,0,0,0,0,0,0,0,0,0,0,135,2026-02-03 07:51:48.259991
WNTR,27.19,26.91,26.94,2171300.0,1243100.0,0,0,0,0,0,0,0,0,0,0,0,0,135,2026-02-03 07:51:48.259991
SPNG,24.66,24.66,24.79,1461900.0,2190300.0,0,0,0,0,0,0,0,0,0,0,0,0,136,2026-02-03 07:51:49.285579
SMMR,26.98,26.96,26.98,1980900.0,1437600.0,0,0,0,0,0,0,0,0,0,0,0,0,136,2026-02-03 07:51:49.285579
ATMN,23.21,23.35,23.55,2300500.0,2463800.0,0,0,0,0,0,0,0,0,0,0,0,0,136,2026-02-03 07:51:49.285579
WNTR,27.2,26.91,27.2,2200700.0,1016400.0,0,0,0,0,0,0,0,0,0,0,0,0,136,2026-02-03 07:51:49.285579
SPNG,24.79,24.66,24.79,1711200.0,2100200.0,3500.0,,0,0,0,0,0,0,0,0,0,0,137,2026-02-03 07:51:50.316993
SMMR,26.99,26.97,26.99,1936500.0,1324100.0,,7000.0,0,0,0,0,0,0,0,0,0,0,137,2026-02-03 07:51:50.316993
ATMN,23.66,23.35,23.36,2300500.0,2351300.0,5250.0,,0,0,0,0,0,0,0,0,0,0,137,2026-02-03 07:51:50.316993
WNTR,26.91,26.85,26.88,2185100.0,1108400.0,,,0,0,0,0,0,0,0,0,0,0,137,2026-02-03 07:51:50.316993
SPNG,25.44,24.66,25.44,1841200.0,1963400.0,0,0,0,0,0,0,0,0,0,0,0,0,138,2026-02-03 07:51:51.346032
SMMR,26.72,26.89,26.99,2045700.0,1324100.0,0,0,0,0,0,0,0,0,0,0,0,0,138,2026-02-03 07:51:51.346032
ATMN,23.35,23.35,23.66,2436400.0,2492500.0,0,0,0,0,0,0,0,0,0,0,0,0,138,2026-02-03 07:51:51.346032
WNTR,26.88,27.16,27.2,2164100.0,1016400.0,0,0,0,0,0,0,0,0,0,0,0,0,138,2026-02-03 07:51:51.346032
SPNG,25.31,25.31,25.41,1754500.0,3500.0,1963400.0,,0,0,0,0,0,0,0,0,0,0,139,2026-02-03 07:51:52.372679
SMMR,26.72,26.98,26.99,1915200.0,,1435500.0,7000.0,0,0,0,0,0,0,0,0,0,0,139,2026-02-03 07:51:52.372679
ATMN,23.76,23.4,23.76,2544800.0,,2468000.0,,0,0,0,0,0,0,0,0,0,0,139,2026-02-03 07:51:52.372679
WNTR,26.91,27.17,27.2,2058900.0,,1016400.0,8750.0,0,0,0,0,0,0,0,0,0,0,139,2026-02-03 07:51:52.372679
SPNG,25.44,24.4,25.44,1765300.0,2081400.0,0,0,0,0,0,0,0,0,0,0,0,0,140,2026-02-03 07:51:53.404593
SMMR,26.99,27.02,27.04,2007000.0,1529700.0,0,0,0,0,0,0,0,0,0,0,0,0,140,2026-02-03 07:51:53.404593
ATMN,23.76,23.4,23.76,2544800.0,2441800.0,0,0,0,0,0,0,0,0,0,0,0,0,140,2026-02-03 07:51:53.404593
WNTR,26.91,26.95,27.2,2126800.0,1133300.0,0,0,0,0,0,0,0,0,0,0,0,0,140,2026-02-03 07:51:53.404593
SPNG,25.44,24.98,25.32,1879300.0,2153000.0,3500.0,,0,0,0,0,0,0,0,0,0,0,141,2026-02-03 07:51:54.461626
SMMR,26.89,26.89,26.98,2026800.0,1741100.0,,,0,0,0,0,0,0,0,0,0,0,141,2026-02-03 07:51:54.461626
ATMN,23.61,23.6,23.61,2474600.0,2357100.0,5250.0,5250.0,0,0,0,0,0,0,0,0,0,0,141,2026-02-03 07:51:54.461626
WNTR,27.1,26.95,27.1,2126800.0,1248500.0,8750.0,,0,0,0,0,0,0,0,0,0,0,141,2026-02-03 07:51:54.461626
SPNG,25.44,24.98,25.28,1879300.0,2340200.0,0,0,0,0,0,0,0,0,0,0,0,0,142,2026-02-03 07:51:55.506362
SMMR,26.99,26.95,26.99,1982200.0,1720900.0,0,0,0,0,0,0,0,0,0,0,0,0,142,2026-02-03 07:51:55.506362
ATMN,23.49,23.49,23.76,2662300.0,2441800.0,0,0,0,0,0,0,0,0,0,0,0,0,142,2026-02-03 07:51:55.506362
WNTR,27.0,26.92,27.0,2146800.0,1371700.0,0,0,0,0,0,0,0,0,0,0,0,0,142,2026-02-03 07:51:55.506362
SPNG,25.15,25.21,25.27,2120100.0,3500.0,2243800.0,,0,0,0,0,0,0,0,0,0,0,143,2026-02-03 07:51:56.556950
SMMR,26.98,26.98,26.99,1904300.0,,1828300.0,7000.0,0,0,0,0,0,0,0,0,0,0,143,2026-02-03 07:51:56.556950
ATMN,23.49,23.66,23.69,2444600.0,5250.0,2362400.0,5250.0,0,0,0,0,0,0,0,0,0,0,143,2026-02-03 07:51:56.556950
WNTR,26.99,26.99,27.0,2160900.0,,1371700.0,,0,0,0,0,0,0,0,0,0,0,143,2026-02-03 07:51:56.556950
SPNG,25.15,25.21,25.28,2120100.0,2338100.0,0,0,0,0,0,0,0,0,0,0,0,0,144,2026-02-03 07:51:57.620395
SMMR,26.95,26.95,26.99,1958700.0,1863400.0,0,0,0,0,0,0,0,0,0,0,0,0,144,2026-02-03 07:51:57.620395
ATMN,23.49,23.66,23.69,2618600.0,2499100.0,0,0,0,0,0,0,0,0,0,0,0,0,144,2026-02-03 07:51:57.620395
WNTR,27.1,27.18,27.19,2116500.0,1216000.0,0,0,0,0,0,0,0,0,0,0,0,0,144,2026-02-03 07:51:57.620395
SPNG,25.15,25.21,25.27,2120100.0,3500.0,2205900.0,,0,0,0,0,0,0,0,0,0,0,145,2026-02-03 07:51:58.155655
SMMR,26.95,26.96,26.98,1883200.0,7000.0,1805900.0,7000.0,0,0,0,0,0,0,0,0,0,0,145,2026-02-03 07:51:58.155655
ATMN,23.49,23.4,23.43,2695000.0,5250.0,2381900.0,,0,0,0,0,0,0,0,0,0,0,145,2026-02-03 07:51:58.155655
WNTR,26.99,27.11,27.19,2126200.0,8750.0,1301700.0,,0,0,0,0,0,0,0,0,0,0,145,2026-02-03 07:51:58.155655
SPNG,24.98,24.98,25.08,1879300.0,2323300.0,,,0,0,0,0,0,0,0,0,0,0,146,2026-02-03 07:51:59.186658
SMMR,26.95,26.95,26.97,1962600.0,1885800.0,,,0,0,0,0,0,0,0,0,0,0,146,2026-02-03 07:51:59.186658
ATMN,23.4,23.41,23.69,2592800.0,2499100.0,,,0,0,0,0,0,0,0,0,0,0,146,2026-02-03 07:51:59.186658
WNTR,26.99,27.18,27.19,1990700.0,1500600.0,8750.0,8750.0,0,0,0,0,0,0,0,0,0,0,146,2026-02-03 07:51:59.186658
SPNG,24.98,24.98,25.08,1879300.0,2364700.0,,0,0,0,0,0,0,0,0,0,0,0,147,2026-02-03 07:52:00.215659
SMMR,27.02,26.95,27.02,1962600.0,1869100.0,,0,0,0,0,0,0,0,0,0,0,0,147,2026-02-03 07:52:00.215659
ATMN,23.23,23.23,23.68,2439800.0,2376700.0,5250.0,0,0,0,0,0,0,0,0,0,0,0,147,2026-02-03 07:52:00.215659
WNTR,27.11,27.11,27.19,2075200.0,1610500.0,,0,0,0,0,0,0,0,0,0,0,0,147,2026-02-03 07:52:00.215659
SPNG,24.19,24.19,25.08,1831800.0,2364700.0,0,0,0,0,0,0,0,0,0,0,0,0,148,2026-02-03 07:52:01.241898
SMMR,26.93,26.93,27.02,1959100.0,1848500.0,0,0,0,0,0,0,0,0,0,0,0,0,148,2026-02-03 07:52:01.241898
ATMN,23.7,23.48,23.52,2581800.0,2501000.0,0,0,0,0,0,0,0,0,0,0,0,0,148,2026-02-03 07:52:01.241898
WNTR,27.2,27.11,27.2,2043100.0,1643200.0,0,0,0,0,0,0,0,0,0,0,0,0,148,2026-02-03 07:52:01.241898
SPNG,25.08,24.46,25.07,1831800.0,3500.0,2236100.0,,0,0,0,0,0,0,0,0,0,0,149,2026-02-03 07:52:02.267740
SMMR,27.03,26.94,27.03,1854000.0,,1864400.0,7000.0,0,0,0,0,0,0,0,0,0,0,149,2026-02-03 07:52:02.267740
ATMN,23.76,23.49,23.69,2581800.0,,2513000.0,5250.0,0,0,0,0,0,0,0,0,0,0,149,2026-02-03 07:52:02.267740
WNTR,27.2,27.12,27.2,1922000.0,,1764600.0,8750.0,0,0,0,0,0,0,0,0,0,0,149,2026-02-03 07:52:02.267740
SPNG,25.05,25.05,25.08,2107400.0,2364700.0,0,0,0,0,0,0,0,0,0,0,0,0,150,2026-02-03 07:52:03.294257
SMMR,27.04,26.86,26.94,1970000.0,1863500.0,0,0,0,0,0,0,0,0,0,0,0,0,150,2026-02-03 07:52:03.294257
ATMN,23.78,23.51,23.62,2681600.0,2512800.0,0,0,0,0,0,0,0,0,0,0,0,0,150,2026-02-03 07:52:03.294257
WNTR,27.2,27.11,27.2,2025300.0,1673700.0,0,0,0,0,0,0,0,0,0,0,0,0,150,2026-02-03 07:52:03.294257
SPNG,25.08,24.46,25.08,1971600.0,2341800.0,,,0,0,0,0,0,0,0,0,0,0,151,2026-02-03 07:52:04.325200
SMMR,26.81,26.81,26.94,1996900.0,1865700.0,,,0,0,0,0,0,0,0,0,0,0,151,2026-02-03 07:52:04.325200
ATMN,23.51,23.51,23.58,2507600.0,2498500.0,5250.0,,0,0,0,0,0,0,0,0,0,0,151,2026-02-03 07:52:04.325200
WNTR,27.21,27.12,27.19,1933800.0,1556700.0,8750.0,8750.0,0,0,0,0,0,0,0,0,0,0,151,2026-02-03 07:52:04.325200
SPNG,25.02,25.02,25.28,2108700.0,3500.0,2353000.0,0,0,0,0,0,0,0,0,0,0,0,152,2026-02-03 07:52:05.353698
SMMR,26.81,26.75,26.76,2017400.0,,1870600.0,0,0,0,0,0,0,0,0,0,0,0,152,2026-02-03 07:52:05.353698
ATMN,23.58,23.52,23.58,2715700.0,,2498500.0,0,0,0,0,0,0,0,0,0,0,0,152,2026-02-03 07:52:05.353698
WNTR,27.21,27.15,27.21,1870200.0,8750.0,1643600.0,0,0,0,0,0,0,0,0,0,0,0,152,2026-02-03 07:52:05.353698
SPNG,24.46,24.46,25.07,1971600.0,3500.0,2261700.0,0,0,0,0,0,0,0,0,0,0,0,153,2026-02-03 07:52:06.390921
SMMR,26.81,26.75,26.81,1964700.0,,1870600.0,0,0,0,0,0,0,0,0,0,0,0,153,2026-02-03 07:52:06.390921
ATMN,23.6,23.6,23.62,2722200.0,,2512800.0,0,0,0,0,0,0,0,0,0,0,0,153,2026-02-03 07:52:06.390921
WNTR,27.15,27.15,27.21,1985800.0,,1750000.0,0,0,0,0,0,0,0,0,0,0,0,153,2026-02-03 07:52:06.390921
SPNG,25.14,24.46,24.99,1971600.0,2395100.0,,0,0,0,0,0,0,0,0,0,0,0,154,2026-02-03 07:52:07.417626
SMMR,26.86,26.74,26.86,1966100.0,1844000.0,,0,0,0,0,0,0,0,0,0,0,0,154,2026-02-03 07:52:07.417626
ATMN,23.59,23.44,23.59,2702400.0,2378100.0,5250.0,0,0,0,0,0,0,0,0,0,0,0,154,2026-02-03 07:52:07.417626
WNTR,27.21,27.21,27.22,2050900.0,1656200.0,,0,0,0,0,0,0,0,0,0,0,0,154,2026-02-03 07:52:07.417626
SPNG,25.14,24.94,24.99,2450300.0,2395100.0,0,0,0,0,0,0,0,0,0,0,0,0,155,2026-02-03 07:52:08.452057
SMMR,26.94,26.74,26.8,1966100.0,1898800.0,0,0,0,0,0,0,0,0,0,0,0,0,155,2026-02-03 07:52:08.452057
ATMN,23.39,23.39,23.48,2568500.0,2495200.0,0,0,0,0,0,0,0,0,0,0,0,0,155,2026-02-03 07:52:08.452057
WNTR,27.21,27.11,27.14,2036700.0,1766500.0,0,0,0,0,0,0,0,0,0,0,0,0,155,2026-02-03 07:52:08.452057
SPNG,24.94,24.94,24.99,2701600.0,2395100.0,,,0,0,0,0,0,0,0,0,0,0,156,2026-02-03 07:52:09.489662
SMMR,26.8,26.75,26.79,1850300.0,1832900.0,7000.0,7000.0,0,0,0,0,0,0,0,0,0,0,156,2026-02-03 07:52:09.489662
ATMN,23.69,23.4,23.46,2561400.0,2504800.0,5250.0,,0,0,0,0,0,0,0,0,0,0,156,2026-02-03 07:52:09.489662
WNTR,27.14,27.12,27.14,1892400.0,1766500.0,8750.0,,0,0,0,0,0,0,0,0,0,0,156,2026-02-03 07:52:09.489662
SPNG,24.93,24.93,24.99,2851700.0,2395100.0,,0,0,0,0,0,0,0,0,0,0,0,157,2026-02-03 07:52:10.542075
SMMR,26.92,26.74,26.83,1937600.0,1922600.0,,0,0,0,0,0,0,0,0,0,0,0,157,2026-02-03 07:52:10.542075
ATMN,23.79,23.43,23.5,2712400.0,2469300.0,,0,0,0,0,0,0,0,0,0,0,0,157,2026-02-03 07:52:10.542075
WNTR,27.26,27.11,27.13,1997400.0,1534800.0,8750.0,0,0,0,0,0,0,0,0,0,0,0,157,2026-02-03 07:52:10.542075
SPNG,24.99,25.16,25.28,2475300.0,3500.0,2362400.0,0,0,0,0,0,0,0,0,0,0,0,158,2026-02-03 07:52:11.595896
SMMR,26.72,26.72,26.83,1946300.0,,1922600.0,0,0,0,0,0,0,0,0,0,0,0,158,2026-02-03 07:52:11.595896
ATMN,23.79,23.44,23.79,2555500.0,5250.0,2483200.0,0,0,0,0,0,0,0,0,0,0,0,158,2026-02-03 07:52:11.595896
WNTR,27.26,27.18,27.26,1927700.0,8750.0,1529700.0,0,0,0,0,0,0,0,0,0,0,0,158,2026-02-03 07:52:11.595896
SPNG,24.91,24.91,25.3,2844600.0,2344000.0,,0,0,0,0,0,0,0,0,0,0,0,159,2026-02-03 07:52:12.648418
SMMR,26.83,26.9,26.92,1961600.0,1910100.0,,0,0,0,0,0,0,0,0,0,0,0,159,2026-02-03 07:52:12.648418
ATMN,23.79,23.44,23.61,2492900.0,2465600.0,5250.0,0,0,0,0,0,0,0,0,0,0,0,159,2026-02-03 07:52:12.648418
WNTR,27.26,27.18,27.26,2018800.0,1646200.0,,0,0,0,0,0,0,0,0,0,0,0,159,2026-02-03 07:52:12.648418
SPNG,24.91,24.91,25.3,2844600.0,2352900.0,,0,0,0,0,0,0,0,0,0,0,0,160,2026-02-03 07:52:13.681284
SMMR,26.73,26.73,26.81,1961200.0,1838200.0,7000.0,0,0,0,0,0,0,0,0,0,0,0,160,2026-02-03 07:52:13.681284
ATMN,23.25,23.25,23.61,2641400.0,2475500.0,,0,0,0,0,0,0,0,0,0,0,0,160,2026-02-03 07:52:13.681284
WNTR,27.26,27.11,27.26,1997400.0,1642500.0,,0,0,0,0,0,0,0,0,0,0,0,160,2026-02-03 07:52:13.681284
SPNG,24.6,24.6,24.78,2599900.0,2371700.0,,0,0,0,0,0,0,0,0,0,0,0,161,2026-02-03 07:52:14.717327
SMMR,26.85,26.82,26.85,1981100.0,1897000.0,,0,0,0,0,0,0,0,0,0,0,0,161,2026-02-03 07:52:14.717327
ATMN,23.61,23.47,23.61,2488400.0,2467400.0,5250.0,0,0,0,0,0,0,0,0,0,0,0,161,2026-02-03 07:52:14.717327
WNTR,27.29,27.11,27.29,1997400.0,1536100.0,,0,0,0,0,0,0,0,0,0,0,0,161,2026-02-03 07:52:14.717327
SPNG,24.93,24.6,24.65,2738000.0,2367300.0,0,0,0,0,0,0,0,0,0,0,0,0,162,2026-02-03 07:52:15.743640
SMMR,26.72,26.75,26.94,1950200.0,1885600.0,0,0,0,0,0,0,0,0,0,0,0,0,162,2026-02-03 07:52:15.743640
ATMN,23.47,23.25,23.38,2603500.0,2516500.0,0,0,0,0,0,0,0,0,0,0,0,0,162,2026-02-03 07:52:15.743640
WNTR,27.26,27.26,27.29,2028900.0,1653200.0,0,0,0,0,0,0,0,0,0,0,0,0,162,2026-02-03 07:52:15.743640
SPNG,24.65,24.62,24.65,3500.0,2628500.0,2367300.0,,0,0,0,0,0,0,0,0,0,0,163,2026-02-03 07:52:16.276665
SMMR,26.72,26.75,26.93,,1950200.0,1801600.0,7000.0,0,0,0,0,0,0,0,0,0,0,163,2026-02-03 07:52:16.276665
ATMN,23.5,23.6,23.61,,2574100.0,2467400.0,,0,0,0,0,0,0,0,0,0,0,163,2026-02-03 07:52:16.276665
WNTR,27.26,27.27,27.29,8750.0,1937800.0,1739900.0,,0,0,0,0,0,0,0,0,0,0,163,2026-02-03 07:52:16.276665
SPNG,24.91,24.95,25.3,2658200.0,2352900.0,0,0,0,0,0,0,0,0,0,0,0,0,164,2026-02-03 07:52:17.309455
SMMR,26.73,26.87,26.94,1937400.0,1880700.0,0,0,0,0,0,0,0,0,0,0,0,0,164,2026-02-03 07:52:17.309455
ATMN,23.5,23.6,23.61,2574100.0,2499900.0,0,0,0,0,0,0,0,0,0,0,0,0,164,2026-02-03 07:52:17.309455
WNTR,27.16,27.11,27.16,1997400.0,1868300.0,0,0,0,0,0,0,0,0,0,0,0,0,164,2026-02-03 07:52:17.309455
SPNG,24.6,24.6,25.3,2855400.0,2372200.0,,,0,0,0,0,0,0,0,0,0,0,165,2026-02-03 07:52:18.342449
SMMR,26.87,26.75,26.85,1950200.0,1799900.0,3000.0,,0,0,0,0,0,0,0,0,0,0,165,2026-02-03 07:52:18.342449
ATMN,23.6,23.25,23.51,2576100.0,2499300.0,,,0,0,0,0,0,0,0,0,0,0,165,2026-02-03 07:52:18.342449
WNTR,27.31,27.32,27.37,1948200.0,1645500.0,,8750.0,0,0,0,0,0,0,0,0,0,0,165,2026-02-03 07:52:18.342449
SPNG,25.32,24.61,25.29,3500.0,2606700.0,3500.0,2262700.0,0,0,0,0,0,0,0,0,0,0,166,2026-02-03 07:52:19.369404
SMMR,26.99,26.98,26.99,7000.0,1868600.0,,1881000.0,0,0,0,0,0,0,0,0,0,0,166,2026-02-03 07:52:19.369404
ATMN,23.6,23.48,23.51,5250.0,2441000.0,,2472900.0,0,0,0,0,0,0,0,0,0,0,166,2026-02-03 07:52:19.369404
WNTR,27.34,27.34,27.37,,2066800.0,,1760100.0,0,0,0,0,0,0,0,0,0,0,166,2026-02-03 07:52:19.369404
SPNG,24.69,24.6,24.69,2720500.0,2402700.0,0,0,0,0,0,0,0,0,0,0,0,0,167,2026-02-03 07:52:20.403563
SMMR,26.98,26.98,26.99,1948900.0,1871400.0,0,0,0,0,0,0,0,0,0,0,0,0,167,2026-02-03 07:52:20.403563
ATMN,23.48,23.25,23.34,2550900.0,2460100.0,0,0,0,0,0,0,0,0,0,0,0,0,167,2026-02-03 07:52:20.403563
WNTR,27.1,27.1,27.37,2029500.0,1872600.0,0,0,0,0,0,0,0,0,0,0,0,0,167,2026-02-03 07:52:20.403563
SPNG,24.69,24.61,24.68,3500.0,2459400.0,3500.0,2267400.0,0,0,0,0,0,0,0,0,0,0,168,2026-02-03 07:52:21.429897
SMMR,26.87,26.95,26.99,,1972100.0,,1864800.0,0,0,0,0,0,0,0,0,0,0,168,2026-02-03 07:52:21.429897
ATMN,23.51,23.55,23.63,5250.0,2378500.0,,2487300.0,0,0,0,0,0,0,0,0,0,0,168,2026-02-03 07:52:21.429897
WNTR,27.37,27.1,27.37,,2029500.0,,1985200.0,0,0,0,0,0,0,0,0,0,0,168,2026-02-03 07:52:21.429897
SPNG,24.65,24.65,25.32,2557500.0,2373900.0,0,0,0,0,0,0,0,0,0,0,0,0,169,2026-02-03 07:52:22.456177
SMMR,26.95,26.95,27.0,1991000.0,1886700.0,0,0,0,0,0,0,0,0,0,0,0,0,169,2026-02-03 07:52:22.456177
ATMN,23.55,23.28,23.34,2517000.0,2487100.0,0,0,0,0,0,0,0,0,0,0,0,0,169,2026-02-03 07:52:22.456177
WNTR,27.09,27.09,27.36,2035500.0,2083400.0,0,0,0,0,0,0,0,0,0,0,0,0,169,2026-02-03 07:52:22.456177
SPNG,24.81,24.66,24.81,3500.0,2418100.0,2400600.0,,0,0,0,0,0,0,0,0,0,0,170,2026-02-03 07:52:23.494502
SMMR,26.96,26.79,26.85,,1976100.0,1920300.0,,0,0,0,0,0,0,0,0,0,0,170,2026-02-03 07:52:23.494502
ATMN,23.63,23.44,23.63,,2504600.0,2472200.0,,0,0,0,0,0,0,0,0,0,0,170,2026-02-03 07:52:23.494502
WNTR,27.09,27.11,27.12,8750.0,1918500.0,2015900.0,8750.0,0,0,0,0,0,0,0,0,0,0,170,2026-02-03 07:52:23.494502
SPNG,25.16,24.65,25.04,2547200.0,2364200.0,0,0,0,0,0,0,0,0,0,0,0,0,171,2026-02-03 07:52:24.519959
SMMR,26.76,26.76,26.85,1957200.0,1920300.0,0,0,0,0,0,0,0,0,0,0,0,0,171,2026-02-03 07:52:24.519959
ATMN,23.61,23.44,23.55,2508700.0,2491400.0,0,0,0,0,0,0,0,0,0,0,0,0,171,2026-02-03 07:52:24.519959
WNTR,27.11,27.11,27.13,2006600.0,2101500.0,0,0,0,0,0,0,0,0,0,0,0,0,171,2026-02-03 07:52:24.519959
SPNG,25.16,24.99,25.04,2520000.0,2359500.0,,0,0,0,0,0,0,0,0,0,0,0,172,2026-02-03 07:52:25.548698
SMMR,26.71,26.71,27.0,1965800.0,1911700.0,,0,0,0,0,0,0,0,0,0,0,0,172,2026-02-03 07:52:25.548698
ATMN,23.63,23.44,23.63,2533000.0,2472200.0,,0,0,0,0,0,0,0,0,0,0,0,172,2026-02-03 07:52:25.548698
WNTR,27.11,27.12,27.13,1922200.0,2120700.0,2900.0,0,0,0,0,0,0,0,0,0,0,0,172,2026-02-03 07:52:25.548698
SPNG,25.31,24.99,25.31,2520000.0,2393300.0,0,0,0,0,0,0,0,0,0,0,0,0,173,2026-02-03 07:52:26.579207
SMMR,26.95,26.81,26.95,1956800.0,1941500.0,0,0,0,0,0,0,0,0,0,0,0,0,173,2026-02-03 07:52:26.579207
ATMN,23.66,23.44,23.65,2533000.0,2477400.0,0,0,0,0,0,0,0,0,0,0,0,0,173,2026-02-03 07:52:26.579207
WNTR,27.22,27.21,27.22,2069700.0,2127800.0,0,0,0,0,0,0,0,0,0,0,0,0,173,2026-02-03 07:52:26.579207
SPNG,24.8,24.8,25.11,2538800.0,2389700.0,,,0,0,0,0,0,0,0,0,0,0,174,2026-02-03 07:52:27.611928
SMMR,26.86,26.86,26.94,2005000.0,1822600.0,7000.0,,0,0,0,0,0,0,0,0,0,0,174,2026-02-03 07:52:27.611928
ATMN,23.66,23.45,23.65,2432000.0,2477400.0,,5250.0,0,0,0,0,0,0,0,0,0,0,174,2026-02-03 07:52:27.611928
WNTR,27.19,27.19,27.22,2047500.0,2127800.0,,,0,0,0,0,0,0,0,0,0,0,174,2026-02-03 07:52:27.611928
SPNG,24.65,24.81,25.1,3500.0,2377200.0,3500.0,2283100.0,0,0,0,0,0,0,0,0,0,0,175,2026-02-03 07:52:28.641832
SMMR,26.86,26.86,26.95,,1979200.0,,1914500.0,0,0,0,0,0,0,0,0,0,0,175,2026-02-03 07:52:28.641832
ATMN,23.66,23.46,23.65,5250.0,2455500.0,,2477400.0,0,0,0,0,0,0,0,0,0,0,175,2026-02-03 07:52:28.641832
WNTR,27.22,27.26,27.36,2900.0,1915300.0,,2083400.0,0,0,0,0,0,0,0,0,0,0,175,2026-02-03 07:52:28.641832
SPNG,24.63,25.08,25.09,2358100.0,3500.0,3500.0,2283100.0,0,0,0,0,0,0,0,0,0,0,176,2026-02-03 07:52:29.667399
SMMR,27.0,26.86,27.0,1964400.0,,7000.0,1836600.0,0,0,0,0,0,0,0,0,0,0,176,2026-02-03 07:52:29.667399
ATMN,23.7,23.47,23.7,2443600.0,5250.0,,2482200.0,0,0,0,0,0,0,0,0,0,0,176,2026-02-03 07:52:29.667399
WNTR,27.31,27.31,27.36,1879600.0,2900.0,,2117500.0,0,0,0,0,0,0,0,0,0,0,176,2026-02-03 07:52:29.667399
SPNG,24.69,24.75,25.11,2488100.0,2389700.0,0,0,0,0,0,0,0,0,0,0,0,0,177,2026-02-03 07:52:30.700086
SMMR,27.0,26.75,27.0,1959400.0,1911700.0,0,0,0,0,0,0,0,0,0,0,0,0,177,2026-02-03 07:52:30.700086
ATMN,23.49,23.49,23.71,2597800.0,2482200.0,0,0,0,0,0,0,0,0,0,0,0,0,177,2026-02-03 07:52:30.700086
WNTR,27.31,27.31,27.34,1996000.0,2144100.0,0,0,0,0,0,0,0,0,0,0,0,0,177,2026-02-03 07:52:30.700086
SPNG,25.32,24.75,25.32,2488100.0,2379400.0,0,0,0,0,0,0,0,0,0,0,0,0,178,2026-02-03 07:52:31.729839
SMMR,27.0,26.75,26.78,1963700.0,1926700.0,0,0,0,0,0,0,0,0,0,0,0,0,178,2026-02-03 07:52:31.729839
ATMN,23.76,23.49,23.76,2594600.0,2439600.0,0,0,0,0,0,0,0,0,0,0,0,0,178,2026-02-03 07:52:31.729839
WNTR,27.2,27.2,27.34,2020500.0,2118300.0,0,0,0,0,0,0,0,0,0,0,0,0,178,2026-02-03 07:52:31.729839
SPNG,25.32,24.75,25.05,2468900.0,2365700.0,0,0,0,0,0,0,0,0,0,0,0,0,179,2026-02-03 07:52:32.755928
SMMR,27.0,26.75,26.78,1963700.0,1912400.0,0,0,0,0,0,0,0,0,0,0,0,0,179,2026-02-03 07:52:32.755928
ATMN,23.81,23.49,23.81,2594600.0,2455500.0,0,0,0,0,0,0,0,0,0,0,0,0,179,2026-02-03 07:52:32.755928
WNTR,27.34,27.11,27.34,2015800.0,2118300.0,0,0,0,0,0,0,0,0,0,0,0,0,179,2026-02-03 07:52:32.755928
SPNG,25.05,25.42,26.48,1167000.0,727800.0,0,0,0,0,0,0,0,0,0,0,0,0,180,2026-02-03 07:52:33.784599
SMMR,26.71,24.79,25.24,898800.0,788700.0,0,0,0,0,0,0,0,0,0,0,0,0,180,2026-02-03 07:52:33.784599
ATMN,26.01,24.62,25.74,815200.0,917700.0,0,0,0,0,0,0,0,0,0,0,0,0,180,2026-02-03 07:52:33.784599
WNTR,27.09,24.61,25.22,933800.0,973600.0,0,0,0,0,0,0,0,0,0,0,0,0,180,2026-02-03 07:52:33.784599
SPNG,25.42,25.42,25.84,1167000.0,942100.0,0,0,0,0,0,0,0,0,0,0,0,0,181,2026-02-03 07:52:34.819503
SMMR,24.79,24.79,24.81,898800.0,1081300.0,0,0,0,0,0,0,0,0,0,0,0,0,181,2026-02-03 07:52:34.819503
ATMN,26.01,24.62,24.7,951400.0,1346500.0,0,0,0,0,0,0,0,0,0,0,0,0,181,2026-02-03 07:52:34.819503
WNTR,27.09,24.61,24.69,933800.0,1311700.0,0,0,0,0,0,0,0,0,0,0,0,0,181,2026-02-03 07:52:34.819503
SPNG,25.42,25.42,25.74,1167000.0,1196700.0,0,0,0,0,0,0,0,0,0,0,0,0,182,2026-02-03 07:52:35.854409
SMMR,24.79,24.35,24.6,873200.0,1265400.0,0,0,0,0,0,0,0,0,0,0,0,0,182,2026-02-03 07:52:35.854409
ATMN,24.62,24.04,24.09,975600.0,1606400.0,0,0,0,0,0,0,0,0,0,0,0,0,182,2026-02-03 07:52:35.854409
WNTR,24.53,24.53,24.69,940800.0,1311700.0,0,0,0,0,0,0,0,0,0,0,0,0,182,2026-02-03 07:52:35.854409
SPNG,24.72,25.57,25.74,1362600.0,1276300.0,0,0,0,0,0,0,0,0,0,0,0,0,183,2026-02-03 07:52:36.879876
SMMR,24.79,24.38,24.4,1217300.0,1464300.0,0,0,0,0,0,0,0,0,0,0,0,0,183,2026-02-03 07:52:36.879876
ATMN,24.16,24.16,24.44,1243800.0,1487700.0,0,0,0,0,0,0,0,0,0,0,0,0,183,2026-02-03 07:52:36.879876
WNTR,24.53,24.53,24.62,940800.0,1677200.0,0,0,0,0,0,0,0,0,0,0,0,0,183,2026-02-03 07:52:36.879876
SPNG,25.57,25.57,25.74,1362600.0,1378100.0,0,0,0,0,0,0,0,0,0,0,0,0,184,2026-02-03 07:52:37.408151
SMMR,24.38,24.38,24.4,1217300.0,1563400.0,0,0,0,0,0,0,0,0,0,0,0,0,184,2026-02-03 07:52:37.408151
ATMN,24.04,24.04,24.21,1118200.0,1629800.0,0,0,0,0,0,0,0,0,0,0,0,0,184,2026-02-03 07:52:37.408151
WNTR,24.53,24.53,24.55,940800.0,1896300.0,0,0,0,0,0,0,0,0,0,0,0,0,184,2026-02-03 07:52:37.408151
SPNG,24.29,25.36,25.74,1351700.0,1494600.0,0,0,0,0,0,0,0,0,0,0,0,0,185,2026-02-03 07:52:38.433385
SMMR,24.4,24.48,24.5,1101400.0,1472000.0,0,0,0,0,0,0,0,0,0,0,0,0,185,2026-02-03 07:52:38.433385
ATMN,24.02,24.02,24.21,1073400.0,1975800.0,0,0,0,0,0,0,0,0,0,0,0,0,185,2026-02-03 07:52:38.433385
WNTR,24.31,24.31,24.55,960300.0,2121400.0,0,0,0,0,0,0,0,0,0,0,0,0,185,2026-02-03 07:52:38.433385
SPNG,25.36,24.46,25.21,1244700.0,1921800.0,3500.0,,0,0,0,0,0,0,0,0,0,0,186,2026-02-03 07:52:39.457908
SMMR,24.35,24.16,24.31,874100.0,1699400.0,,,0,0,0,0,0,0,0,0,0,0,186,2026-02-03 07:52:39.457908
ATMN,24.21,24.21,24.35,1196000.0,1934900.0,,5250.0,0,0,0,0,0,0,0,0,0,0,186,2026-02-03 07:52:39.457908
WNTR,24.16,24.16,24.35,970000.0,2232700.0,,,0,0,0,0,0,0,0,0,0,0,186,2026-02-03 07:52:39.457908
SPNG,24.95,24.95,25.64,1384900.0,1702400.0,,,0,0,0,0,0,0,0,0,0,0,187,2026-02-03 07:52:40.485494
SMMR,24.45,24.17,24.3,1085700.0,1577100.0,7000.0,7000.0,0,0,0,0,0,0,0,0,0,0,187,2026-02-03 07:52:40.485494
ATMN,24.21,24.02,24.09,1073400.0,2291300.0,,,0,0,0,0,0,0,0,0,0,0,187,2026-02-03 07:52:40.485494
WNTR,23.98,23.98,24.35,1012200.0,2232700.0,,,0,0,0,0,0,0,0,0,0,0,187,2026-02-03 07:52:40.485494
SPNG,24.95,24.95,25.05,1511100.0,1922600.0,3500.0,,0,0,0,0,0,0,0,0,0,0,188,2026-02-03 07:52:41.509874
SMMR,24.42,24.42,24.44,1174300.0,1560600.0,,7000.0,0,0,0,0,0,0,0,0,0,0,188,2026-02-03 07:52:41.509874
ATMN,24.09,24.24,24.28,1253100.0,2270800.0,,5250.0,0,0,0,0,0,0,0,0,0,0,188,2026-02-03 07:52:41.509874
WNTR,23.89,23.63,23.89,1147700.0,2137000.0,8750.0,,0,0,0,0,0,0,0,0,0,0,188,2026-02-03 07:52:41.509874
SPNG,25.27,25.27,25.64,1646100.0,1790200.0,,0,0,0,0,0,0,0,0,0,0,0,189,2026-02-03 07:52:42.534925
SMMR,24.5,24.43,24.46,1174300.0,1790600.0,10000.0,0,0,0,0,0,0,0,0,0,0,0,189,2026-02-03 07:52:42.534925
ATMN,23.94,23.89,23.94,1465700.0,2294100.0,,0,0,0,0,0,0,0,0,0,0,0,189,2026-02-03 07:52:42.534925
WNTR,24.25,24.25,24.35,1275200.0,2245400.0,,0,0,0,0,0,0,0,0,0,0,0,189,2026-02-03 07:52:42.534925
SPNG,24.79,25.45,25.64,1477900.0,1790200.0,0,0,0,0,0,0,0,0,0,0,0,0,190,2026-02-03 07:52:43.559899
SMMR,24.46,24.16,24.46,1189200.0,1790600.0,0,0,0,0,0,0,0,0,0,0,0,0,190,2026-02-03 07:52:43.559899
ATMN,23.94,24.12,24.28,1724600.0,2288800.0,0,0,0,0,0,0,0,0,0,0,0,0,190,2026-02-03 07:52:43.559899
WNTR,23.63,23.89,24.35,1395800.0,2245400.0,0,0,0,0,0,0,0,0,0,0,0,0,190,2026-02-03 07:52:43.559899
SPNG,24.77,24.72,24.77,1381700.0,1978800.0,3500.0,,0,0,0,0,0,0,0,0,0,0,191,2026-02-03 07:52:44.585242
SMMR,24.46,24.33,24.37,1487900.0,1909500.0,7000.0,7000.0,0,0,0,0,0,0,0,0,0,0,191,2026-02-03 07:52:44.585242
ATMN,23.98,23.89,23.98,1714200.0,2333900.0,,,0,0,0,0,0,0,0,0,0,0,191,2026-02-03 07:52:44.585242
WNTR,23.63,23.9,23.93,1499500.0,2218200.0,8750.0,8750.0,0,0,0,0,0,0,0,0,0,0,191,2026-02-03 07:52:44.585242
SPNG,24.77,25.52,25.64,1750900.0,1903300.0,0,0,0,0,0,0,0,0,0,0,0,0,192,2026-02-03 07:52:45.613296
SMMR,24.33,24.33,24.34,1487500.0,2046200.0,0,0,0,0,0,0,0,0,0,0,0,0,192,2026-02-03 07:52:45.613296
ATMN,24.22,23.89,24.14,1714200.0,2274500.0,0,0,0,0,0,0,0,0,0,0,0,0,192,2026-02-03 07:52:45.613296
WNTR,24.25,23.9,24.25,1610700.0,2268200.0,0,0,0,0,0,0,0,0,0,0,0,0,192,2026-02-03 07:52:45.613296
SPNG,25.52,24.72,25.27,1876600.0,1957000.0,3500.0,0,0,0,0,0,0,0,0,0,0,0,193,2026-02-03 07:52:46.643499
SMMR,24.16,24.11,24.14,1332200.0,1966500.0,7000.0,0,0,0,0,0,0,0,0,0,0,0,193,2026-02-03 07:52:46.643499
ATMN,23.77,23.77,24.06,1613100.0,2271600.0,,0,0,0,0,0,0,0,0,0,0,0,193,2026-02-03 07:52:46.643499
WNTR,24.25,23.92,23.97,1823200.0,2216500.0,8750.0,0,0,0,0,0,0,0,0,0,0,0,193,2026-02-03 07:52:46.643499
SPNG,25.52,25.17,25.27,2330800.0,2024100.0,0,0,0,0,0,0,0,0,0,0,0,0,194,2026-02-03 07:52:47.670447
SMMR,24.16,24.11,24.14,1661200.0,2064300.0,0,0,0,0,0,0,0,0,0,0,0,0,194,2026-02-03 07:52:47.670447
ATMN,24.05,24.05,24.28,1879400.0,2298800.0,0,0,0,0,0,0,0,0,0,0,0,0,194,2026-02-03 07:52:47.670447
WNTR,23.97,23.92,23.97,2094900.0,2308100.0,0,0,0,0,0,0,0,0,0,0,0,0,194,2026-02-03 07:52:47.670447
SPNG,25.41,25.17,25.23,2473400.0,2012700.0,,,0,0,0,0,0,0,0,0,0,0,195,2026-02-03 07:52:48.695099
SMMR,24.34,24.21,24.34,1880300.0,2061500.0,,,0,0,0,0,0,0,0,0,0,0,195,2026-02-03 07:52:48.695099
ATMN,24.1,24.05,24.1,1879400.0,2148200.0,5250.0,,0,0,0,0,0,0,0,0,0,0,195,2026-02-03 07:52:48.695099
WNTR,23.97,24.02,24.25,2321700.0,2268200.0,,8750.0,0,0,0,0,0,0,0,0,0,0,195,2026-02-03 07:52:48.695099
SPNG,25.69,25.18,25.22,3500.0,2615900.0,3500.0,1902400.0,0,0,0,0,0,0,0,0,0,0,196,2026-02-03 07:52:49.719887
SMMR,24.36,24.22,24.33,7000.0,2089200.0,7000.0,1942600.0,0,0,0,0,0,0,0,0,0,0,196,2026-02-03 07:52:49.719887
ATMN,24.16,24.02,24.16,,1754400.0,,2243600.0,0,0,0,0,0,0,0,0,0,0,196,2026-02-03 07:52:49.719887
WNTR,23.97,24.06,24.09,8750.0,2279900.0,,2280400.0,0,0,0,0,0,0,0,0,0,0,196,2026-02-03 07:52:49.719887
SPNG,25.17,25.17,25.69,2615900.0,1989000.0,0,0,0,0,0,0,0,0,0,0,0,0,197,2026-02-03 07:52:50.749507
SMMR,24.37,24.35,24.37,2177900.0,2020700.0,0,0,0,0,0,0,0,0,0,0,0,0,197,2026-02-03 07:52:50.749507
ATMN,24.16,24.02,24.16,1988800.0,2247800.0,0,0,0,0,0,0,0,0,0,0,0,0,197,2026-02-03 07:52:50.749507
WNTR,23.97,24.06,24.09,2344500.0,2280400.0,0,0,0,0,0,0,0,0,0,0,0,0,197,2026-02-03 07:52:50.749507
SPNG,25.05,25.44,25.69,2626800.0,3500.0,2045500.0,,0,0,0,0,0,0,0,0,0,0,198,2026-02-03 07:52:51.776801
SMMR,24.36,24.35,24.36,2162600.0,,2030100.0,,0,0,0,0,0,0,0,0,0,0,198,2026-02-03 07:52:51.776801
ATMN,24.02,24.02,24.15,1988800.0,,2151500.0,5250.0,0,0,0,0,0,0,0,0,0,0,198,2026-02-03 07:52:51.776801
WNTR,24.38,24.15,24.38,2244900.0,8750.0,2239900.0,,0,0,0,0,0,0,0,0,0,0,198,2026-02-03 07:52:51.776801
SPNG,25.05,25.44,25.52,2626800.0,2112900.0,0,0,0,0,0,0,0,0,0,0,0,0,199,2026-02-03 07:52:52.805826
SMMR,24.3,24.3,24.36,2104000.0,2030100.0,0,0,0,0,0,0,0,0,0,0,0,0,199,2026-02-03 07:52:52.805826
ATMN,23.95,23.95,24.04,1848400.0,2295500.0,0,0,0,0,0,0,0,0,0,0,0,0,199,2026-02-03 07:52:52.805826
WNTR,24.06,24.06,24.32,2344500.0,2273400.0,0,0,0,0,0,0,0,0,0,0,0,0,199,2026-02-03 07:52:52.805826
SPNG,25.05,25.05,25.08,2653700.0,2111600.0,,0,0,0,0,0,0,0,0,0,0,0,200,2026-02-03 07:52:53.834680
SMMR,24.3,24.29,24.3,2126600.0,1940000.0,7000.0,0,0,0,0,0,0,0,0,0,0,0,200,2026-02-03 07:52:53.834680
ATMN,24.04,24.06,24.22,1976800.0,2279300.0,,0,0,0,0,0,0,0,0,0,0,0,200,2026-02-03 07:52:53.834680
WNTR,24.06,24.06,24.12,2344500.0,2315900.0,,0,0,0,0,0,0,0,0,0,0,0,200,2026-02-03 07:52:53.834680
SPNG,25.36,25.36,25.37,2777900.0,2110000.0,,0,0,0,0,0,0,0,0,0,0,0,201,2026-02-03 07:52:54.865237
SMMR,24.3,24.29,24.3,2101400.0,2037800.0,,0,0,0,0,0,0,0,0,0,0,0,201,2026-02-03 07:52:54.865237
ATMN,24.06,24.06,24.2,2097500.0,2313700.0,,0,0,0,0,0,0,0,0,0,0,0,201,2026-02-03 07:52:54.865237
WNTR,24.12,24.06,24.11,2388100.0,2223100.0,8750.0,0,0,0,0,0,0,0,0,0,0,0,201,2026-02-03 07:52:54.865237
SPNG,25.37,25.48,25.59,2670400.0,3500.0,2102900.0,0,0,0,0,0,0,0,0,0,0,0,202,2026-02-03 07:52:55.894329
SMMR,24.36,24.36,24.37,2091000.0,,2020700.0,0,0,0,0,0,0,0,0,0,0,0,202,2026-02-03 07:52:55.894329
ATMN,24.2,24.07,24.2,2228000.0,5250.0,2303500.0,0,0,0,0,0,0,0,0,0,0,0,202,2026-02-03 07:52:55.894329
WNTR,24.12,24.06,24.12,2379300.0,,2349500.0,0,0,0,0,0,0,0,0,0,0,0,202,2026-02-03 07:52:55.894329
SPNG,25.37,25.48,25.59,2670400.0,2164000.0,,0,0,0,0,0,0,0,0,0,0,0,203,2026-02-03 07:52:56.916914
SMMR,24.37,24.4,24.42,2124400.0,1901800.0,,0,0,0,0,0,0,0,0,0,0,0,203,2026-02-03 07:52:56.916914
ATMN,24.2,24.18,24.2,2469800.0,2336500.0,5250.0,0,0,0,0,0,0,0,0,0,0,0,203,2026-02-03 07:52:56.916914
WNTR,24.11,24.06,24.11,2386600.0,2357900.0,,0,0,0,0,0,0,0,0,0,0,0,203,2026-02-03 07:52:56.916914
SPNG,25.28,25.42,25.59,2556500.0,2164000.0,0,0,0,0,0,0,0,0,0,0,0,0,204,2026-02-03 07:52:57.942747
SMMR,24.47,24.39,24.47,2104700.0,1679300.0,0,0,0,0,0,0,0,0,0,0,0,0,204,2026-02-03 07:52:57.942747
ATMN,24.2,24.18,24.2,2469800.0,2330300.0,0,0,0,0,0,0,0,0,0,0,0,0,204,2026-02-03 07:52:57.942747
WNTR,24.06,24.06,24.25,2390000.0,2308500.0,0,0,0,0,0,0,0,0,0,0,0,0,204,2026-02-03 07:52:57.942747
SPNG,25.59,25.43,25.59,3500.0,2541200.0,2164000.0,0,0,0,0,0,0,0,0,0,0,0,205,2026-02-03 07:52:58.976015
SMMR,24.35,24.35,24.47,,2127400.0,1789500.0,0,0,0,0,0,0,0,0,0,0,0,205,2026-02-03 07:52:58.976015
ATMN,24.22,24.06,24.22,,2366900.0,2333600.0,0,0,0,0,0,0,0,0,0,0,0,205,2026-02-03 07:52:58.976015
WNTR,24.25,24.07,24.25,8750.0,2283000.0,2308500.0,0,0,0,0,0,0,0,0,0,0,0,205,2026-02-03 07:52:58.976015
SPNG,25.59,25.3,25.59,2665200.0,2186500.0,0,0,0,0,0,0,0,0,0,0,0,0,206,2026-02-03 07:53:00.007008
SMMR,24.48,24.35,24.48,2127400.0,1795200.0,0,0,0,0,0,0,0,0,0,0,0,0,206,2026-02-03 07:53:00.007008
ATMN,24.06,23.9,24.01,2362500.0,2368300.0,0,0,0,0,0,0,0,0,0,0,0,0,206,2026-02-03 07:53:00.007008
WNTR,24.01,24.01,24.08,2364700.0,2315800.0,0,0,0,0,0,0,0,0,0,0,0,0,206,2026-02-03 07:53:00.007008
SPNG,25.59,25.31,25.48,3500.0,2665200.0,2253600.0,0,0,0,0,0,0,0,0,0,0,0,207,2026-02-03 07:53:00.541079
SMMR,24.5,24.54,24.6,7000.0,2023700.0,1577200.0,0,0,0,0,0,0,0,0,0,0,0,207,2026-02-03 07:53:00.541079
ATMN,24.0,24.0,24.01,,2593300.0,2368300.0,0,0,0,0,0,0,0,0,0,0,0,207,2026-02-03 07:53:00.541079
WNTR,24.01,24.02,24.08,8750.0,2256200.0,2370100.0,0,0,0,0,0,0,0,0,0,0,0,207,2026-02-03 07:53:00.541079
SPNG,25.59,25.3,25.59,2665200.0,2270000.0,0,0,0,0,0,0,0,0,0,0,0,0,208,2026-02-03 07:53:01.566803
SMMR,24.59,24.29,24.41,2112300.0,1822200.0,0,0,0,0,0,0,0,0,0,0,0,0,208,2026-02-03 07:53:01.566803
ATMN,24.01,24.05,24.28,2561500.0,2354900.0,0,0,0,0,0,0,0,0,0,0,0,0,208,2026-02-03 07:53:01.566803
WNTR,24.08,23.96,24.08,2354000.0,2370100.0,0,0,0,0,0,0,0,0,0,0,0,0,208,2026-02-03 07:53:01.566803
SPNG,25.63,25.3,25.63,2665200.0,2266900.0,,0,0,0,0,0,0,0,0,0,0,0,209,2026-02-03 07:53:02.597128
SMMR,24.6,24.29,24.6,2112300.0,1701300.0,,0,0,0,0,0,0,0,0,0,0,0,209,2026-02-03 07:53:02.597128
ATMN,24.0,24.0,24.2,2593300.0,2359900.0,,0,0,0,0,0,0,0,0,0,0,0,209,2026-02-03 07:53:02.597128
WNTR,24.08,23.97,24.01,2242600.0,2349000.0,8750.0,0,0,0,0,0,0,0,0,0,0,0,209,2026-02-03 07:53:02.597128
SPNG,25.06,25.06,25.63,2666000.0,2266900.0,0,0,0,0,0,0,0,0,0,0,0,0,210,2026-02-03 07:53:03.625223
SMMR,24.6,24.57,24.6,2157200.0,1701300.0,0,0,0,0,0,0,0,0,0,0,0,0,210,2026-02-03 07:53:03.625223
ATMN,23.96,24.07,24.2,2601200.0,2340400.0,0,0,0,0,0,0,0,0,0,0,0,0,210,2026-02-03 07:53:03.625223
WNTR,23.93,23.93,24.01,2334000.0,2351600.0,0,0,0,0,0,0,0,0,0,0,0,0,210,2026-02-03 07:53:03.625223
SPNG,25.74,25.07,25.74,3500.0,2497700.0,2242600.0,0,0,0,0,0,0,0,0,0,0,0,211,2026-02-03 07:53:04.650104
SMMR,24.6,24.57,24.59,,2157200.0,2061200.0,0,0,0,0,0,0,0,0,0,0,0,211,2026-02-03 07:53:04.650104
ATMN,24.2,24.07,24.2,,2601200.0,2351300.0,0,0,0,0,0,0,0,0,0,0,0,211,2026-02-03 07:53:04.650104
WNTR,24.08,23.94,24.08,8750.0,2209200.0,2333000.0,0,0,0,0,0,0,0,0,0,0,0,211,2026-02-03 07:53:04.650104
SPNG,25.41,25.41,25.74,2609200.0,2265100.0,0,0,0,0,0,0,0,0,0,0,0,0,212,2026-02-03 07:53:05.679140
SMMR,24.57,24.47,24.55,2147000.0,2097000.0,0,0,0,0,0,0,0,0,0,0,0,0,212,2026-02-03 07:53:05.679140
ATMN,24.2,24.07,24.2,2601200.0,2368300.0,0,0,0,0,0,0,0,0,0,0,0,0,212,2026-02-03 07:53:05.679140
WNTR,24.02,23.92,24.02,2350700.0,2319900.0,0,0,0,0,0,0,0,0,0,0,0,0,212,2026-02-03 07:53:05.679140
SPNG,25.42,25.0,25.06,2743800.0,2172800.0,3500.0,,0,0,0,0,0,0,0,0,0,0,213,2026-02-03 07:53:06.719015
SMMR,24.47,24.47,24.55,2147000.0,2126300.0,,,0,0,0,0,0,0,0,0,0,0,213,2026-02-03 07:53:06.719015
ATMN,23.78,24.08,24.19,2234700.0,2250200.0,5250.0,5250.0,0,0,0,0,0,0,0,0,0,0,213,2026-02-03 07:53:06.719015
WNTR,24.02,23.92,24.02,2338900.0,2299800.0,,,0,0,0,0,0,0,0,0,0,0,213,2026-02-03 07:53:06.719015
SPNG,25.06,25.44,25.74,2690800.0,2265100.0,0,0,0,0,0,0,0,0,0,0,0,0,214,2026-02-03 07:53:07.753552
SMMR,24.47,24.47,24.5,2155700.0,2144100.0,0,0,0,0,0,0,0,0,0,0,0,0,214,2026-02-03 07:53:07.753552
ATMN,23.91,23.92,24.12,2232900.0,2393700.0,0,0,0,0,0,0,0,0,0,0,0,0,214,2026-02-03 07:53:07.753552
WNTR,24.02,23.92,24.02,2373500.0,2316600.0,0,0,0,0,0,0,0,0,0,0,0,0,214,2026-02-03 07:53:07.753552
SPNG,25.16,25.5,25.73,2653800.0,3500.0,2147800.0,,0,0,0,0,0,0,0,0,0,0,215,2026-02-03 07:53:08.786865
SMMR,24.5,24.4,24.49,2156600.0,7000.0,2081300.0,,0,0,0,0,0,0,0,0,0,0,215,2026-02-03 07:53:08.786865
ATMN,23.92,23.93,24.11,2232900.0,5250.0,2262600.0,5250.0,0,0,0,0,0,0,0,0,0,0,215,2026-02-03 07:53:08.786865
WNTR,23.92,23.93,24.02,2276300.0,,2316600.0,8750.0,0,0,0,0,0,0,0,0,0,0,215,2026-02-03 07:53:08.786865
SPNG,25.5,25.0,25.04,2666500.0,2161500.0,3500.0,,0,0,0,0,0,0,0,0,0,0,216,2026-02-03 07:53:09.813866
SMMR,24.4,24.4,24.48,2127500.0,2081300.0,7000.0,,0,0,0,0,0,0,0,0,0,0,216,2026-02-03 07:53:09.813866
ATMN,23.84,23.78,23.81,2111200.0,2356200.0,,,0,0,0,0,0,0,0,0,0,0,216,2026-02-03 07:53:09.813866
WNTR,23.92,23.97,24.02,2271900.0,2305600.0,,8300.0,0,0,0,0,0,0,0,0,0,0,216,2026-02-03 07:53:09.813866
SPNG,25.78,25.0,25.78,2628200.0,2219300.0,0,0,0,0,0,0,0,0,0,0,0,0,217,2026-02-03 07:53:10.838211
SMMR,24.39,24.39,24.42,2133800.0,2199000.0,0,0,0,0,0,0,0,0,0,0,0,0,217,2026-02-03 07:53:10.838211
ATMN,24.23,24.15,24.23,2539700.0,2374700.0,0,0,0,0,0,0,0,0,0,0,0,0,217,2026-02-03 07:53:10.838211
WNTR,24.07,23.97,24.07,2403700.0,2306800.0,0,0,0,0,0,0,0,0,0,0,0,0,217,2026-02-03 07:53:10.838211
SPNG,25.8,25.0,25.8,2582600.0,2236500.0,0,0,0,0,0,0,0,0,0,0,0,0,218,2026-02-03 07:53:11.864872
SMMR,24.42,24.4,24.42,2128500.0,2172500.0,0,0,0,0,0,0,0,0,0,0,0,0,218,2026-02-03 07:53:11.864872
ATMN,24.23,24.15,24.18,2670100.0,2346300.0,0,0,0,0,0,0,0,0,0,0,0,0,218,2026-02-03 07:53:11.864872
WNTR,24.14,24.01,24.14,2393200.0,2320300.0,0,0,0,0,0,0,0,0,0,0,0,0,218,2026-02-03 07:53:11.864872
SPNG,25.7,25.7,25.8,2418400.0,3500.0,2278800.0,,0,0,0,0,0,0,0,0,0,0,219,2026-02-03 07:53:12.892153
SMMR,24.37,24.37,24.41,2105600.0,,2087900.0,7000.0,0,0,0,0,0,0,0,0,0,0,219,2026-02-03 07:53:12.892153
ATMN,24.15,24.17,24.18,2498800.0,5250.0,2260000.0,5250.0,0,0,0,0,0,0,0,0,0,0,219,2026-02-03 07:53:12.892153
WNTR,23.97,23.97,24.21,2403700.0,,2348100.0,,0,0,0,0,0,0,0,0,0,0,219,2026-02-03 07:53:12.892153
SPNG,25.34,25.73,25.8,2687300.0,2278800.0,0,0,0,0,0,0,0,0,0,0,0,0,220,2026-02-03 07:53:13.917065
SMMR,24.36,24.36,24.42,2098300.0,2172500.0,0,0,0,0,0,0,0,0,0,0,0,0,220,2026-02-03 07:53:13.917065
ATMN,24.2,24.07,24.2,2525400.0,2357000.0,0,0,0,0,0,0,0,0,0,0,0,0,220,2026-02-03 07:53:13.917065
WNTR,23.97,23.97,24.13,2403700.0,2317500.0,0,0,0,0,0,0,0,0,0,0,0,0,220,2026-02-03 07:53:13.917065
SPNG,24.72,24.72,25.8,2750600.0,2265200.0,0,0,0,0,0,0,0,0,0,0,0,0,221,2026-02-03 07:53:14.942651
SMMR,24.49,24.36,24.49,2098300.0,2203600.0,0,0,0,0,0,0,0,0,0,0,0,0,221,2026-02-03 07:53:14.942651
ATMN,24.2,24.07,24.2,2525400.0,2409300.0,0,0,0,0,0,0,0,0,0,0,0,0,221,2026-02-03 07:53:14.942651
WNTR,23.91,23.91,24.13,2439200.0,2305000.0,0,0,0,0,0,0,0,0,0,0,0,0,221,2026-02-03 07:53:14.942651
SPNG,25.8,25.37,25.8,2650700.0,2293500.0,,0,0,0,0,0,0,0,0,0,0,0,222,2026-02-03 07:53:15.965752
SMMR,24.5,24.5,24.55,2099700.0,2158400.0,,0,0,0,0,0,0,0,0,0,0,0,222,2026-02-03 07:53:15.965752
ATMN,23.96,23.96,23.99,2510200.0,2185700.0,10500.0,0,0,0,0,0,0,0,0,0,0,0,222,2026-02-03 07:53:15.965752
WNTR,24.21,23.91,24.21,2439200.0,2329400.0,,0,0,0,0,0,0,0,0,0,0,0,222,2026-02-03 07:53:15.965752
SPNG,25.8,25.37,25.38,2650700.0,2273600.0,0,0,0,0,0,0,0,0,0,0,0,0,223,2026-02-03 07:53:16.992626
SMMR,24.34,24.34,24.48,2070600.0,2130300.0,0,0,0,0,0,0,0,0,0,0,0,0,223,2026-02-03 07:53:16.992626
ATMN,24.08,24.02,24.08,2650900.0,2401400.0,0,0,0,0,0,0,0,0,0,0,0,0,223,2026-02-03 07:53:16.992626
WNTR,24.06,23.91,24.06,2412200.0,2335200.0,0,0,0,0,0,0,0,0,0,0,0,0,223,2026-02-03 07:53:16.992626
SPNG,25.48,25.37,25.48,2545000.0,2271600.0,,0,0,0,0,0,0,0,0,0,0,0,224,2026-02-03 07:53:18.020349
SMMR,24.48,24.28,24.48,2095500.0,2130300.0,,0,0,0,0,0,0,0,0,0,0,0,224,2026-02-03 07:53:18.020349
ATMN,24.23,24.02,24.15,2650900.0,2286400.0,5250.0,0,0,0,0,0,0,0,0,0,0,0,224,2026-02-03 07:53:18.020349
WNTR,24.21,23.91,24.23,2430200.0,2296800.0,,0,0,0,0,0,0,0,0,0,0,0,224,2026-02-03 07:53:18.020349
SPNG,25.72,25.37,25.72,2480500.0,2257000.0,0,0,0,0,0,0,0,0,0,0,0,0,225,2026-02-03 07:53:19.049642
SMMR,24.55,24.56,24.59,2106600.0,2155200.0,0,0,0,0,0,0,0,0,0,0,0,0,225,2026-02-03 07:53:19.049642
ATMN,24.2,24.02,24.2,2610100.0,2410500.0,0,0,0,0,0,0,0,0,0,0,0,0,225,2026-02-03 07:53:19.049642
WNTR,24.03,24.03,24.23,2434100.0,2297400.0,0,0,0,0,0,0,0,0,0,0,0,0,225,2026-02-03 07:53:19.049642
SPNG,25.72,25.37,25.51,2461400.0,2213600.0,0,0,0,0,0,0,0,0,0,0,0,0,226,2026-02-03 07:53:20.081570
SMMR,24.29,24.41,24.59,2128100.0,2177800.0,0,0,0,0,0,0,0,0,0,0,0,0,226,2026-02-03 07:53:20.081570
ATMN,24.23,24.02,24.11,2621600.0,2413200.0,0,0,0,0,0,0,0,0,0,0,0,0,226,2026-02-03 07:53:20.081570
WNTR,24.03,24.03,24.23,2439800.0,2276400.0,0,0,0,0,0,0,0,0,0,0,0,0,226,2026-02-03 07:53:20.081570
SPNG,25.35,24.85,25.16,2543300.0,2122100.0,3500.0,,0,0,0,0,0,0,0,0,0,0,227,2026-02-03 07:53:21.109140
SMMR,24.41,24.41,24.46,2016200.0,2151500.0,,7000.0,0,0,0,0,0,0,0,0,0,0,227,2026-02-03 07:53:21.109140
ATMN,24.23,24.03,24.06,2435300.0,2339800.0,5250.0,5250.0,0,0,0,0,0,0,0,0,0,0,227,2026-02-03 07:53:21.109140
WNTR,24.04,23.9,24.0,2428200.0,2301900.0,,,0,0,0,0,0,0,0,0,0,0,227,2026-02-03 07:53:21.109140
SPNG,25.16,25.41,25.5,2525200.0,3500.0,2109900.0,0,0,0,0,0,0,0,0,0,0,0,228,2026-02-03 07:53:22.133715
SMMR,24.42,24.41,24.42,2087200.0,,2191900.0,0,0,0,0,0,0,0,0,0,0,0,228,2026-02-03 07:53:22.133715
ATMN,23.96,23.78,23.79,2571700.0,,2485400.0,0,0,0,0,0,0,0,0,0,0,0,228,2026-02-03 07:53:22.133715
WNTR,23.89,23.89,24.0,2454100.0,,2298700.0,0,0,0,0,0,0,0,0,0,0,0,228,2026-02-03 07:53:22.133715
SPNG,25.7,25.41,25.7,2525200.0,2213600.0,,,0,0,0,0,0,0,0,0,0,0,229,2026-02-03 07:53:22.657649
SMMR,24.42,24.41,24.42,1970100.0,2191900.0,7000.0,,0,0,0,0,0,0,0,0,0,0,229,2026-02-03 07:53:22.657649
ATMN,23.88,24.01,24.06,2558200.0,2481000.0,,,0,0,0,0,0,0,0,0,0,0,229,2026-02-03 07:53:22.657649
WNTR,23.89,23.91,23.99,2338800.0,2190600.0,8750.0,8750.0,0,0,0,0,0,0,0,0,0,0,229,2026-02-03 07:53:22.657649
SPNG,25.7,25.52,25.69,2379500.0,3500.0,3500.0,2121000.0,0,0,0,0,0,0,0,0,0,0,230,2026-02-03 07:53:23.686645
SMMR,24.44,24.36,24.44,2083400.0,,,2176700.0,0,0,0,0,0,0,0,0,0,0,230,2026-02-03 07:53:23.686645
ATMN,23.88,24.01,24.05,2558200.0,,5250.0,2288900.0,0,0,0,0,0,0,0,0,0,0,230,2026-02-03 07:53:23.686645
WNTR,24.08,23.89,24.08,2466800.0,,,2297100.0,0,0,0,0,0,0,0,0,0,0,230,2026-02-03 07:53:23.686645
SPNG,25.36,25.65,25.7,2510600.0,2242000.0,,0,0,0,0,0,0,0,0,0,0,0,231,2026-02-03 07:53:24.709054
SMMR,24.29,24.28,24.29,2105700.0,2076600.0,7000.0,0,0,0,0,0,0,0,0,0,0,0,231,2026-02-03 07:53:24.709054
ATMN,24.06,24.01,24.06,2546900.0,2417900.0,,0,0,0,0,0,0,0,0,0,0,0,231,2026-02-03 07:53:24.709054
WNTR,23.89,23.97,24.08,2474600.0,2297100.0,,0,0,0,0,0,0,0,0,0,0,0,231,2026-02-03 07:53:24.709054
SPNG,25.72,25.27,25.72,2493800.0,2270500.0,0,0,0,0,0,0,0,0,0,0,0,0,232,2026-02-03 07:53:25.737654
SMMR,24.46,24.3,24.46,2131000.0,2151500.0,0,0,0,0,0,0,0,0,0,0,0,0,232,2026-02-03 07:53:25.737654
ATMN,24.01,24.01,24.22,2576800.0,2445100.0,0,0,0,0,0,0,0,0,0,0,0,0,232,2026-02-03 07:53:25.737654
WNTR,23.97,23.97,24.23,2469900.0,2288000.0,0,0,0,0,0,0,0,0,0,0,0,0,232,2026-02-03 07:53:25.737654
SPNG,25.67,25.25,25.35,2510700.0,2160400.0,3500.0,,0,0,0,0,0,0,0,0,0,0,233,2026-02-03 07:53:26.765662
SMMR,24.48,24.48,24.51,2116900.0,2193200.0,,,0,0,0,0,0,0,0,0,0,0,233,2026-02-03 07:53:26.765662
ATMN,24.01,24.02,24.04,2462400.0,2364900.0,,5250.0,0,0,0,0,0,0,0,0,0,0,233,2026-02-03 07:53:26.765662
WNTR,23.92,23.92,24.07,2442000.0,2181600.0,8750.0,,0,0,0,0,0,0,0,0,0,0,233,2026-02-03 07:53:26.765662
SPNG,25.67,25.32,25.35,2524900.0,2281400.0,0,0,0,0,0,0,0,0,0,0,0,0,234,2026-02-03 07:53:27.793997
SMMR,24.59,24.48,24.56,2116900.0,2189000.0,0,0,0,0,0,0,0,0,0,0,0,0,234,2026-02-03 07:53:27.793997
ATMN,24.04,23.98,24.04,2537900.0,2377300.0,0,0,0,0,0,0,0,0,0,0,0,0,234,2026-02-03 07:53:27.793997
WNTR,23.85,24.03,24.23,2447000.0,2288000.0,0,0,0,0,0,0,0,0,0,0,0,0,234,2026-02-03 07:53:27.793997
SPNG,25.34,25.42,25.8,2493200.0,2303800.0,,0,0,0,0,0,0,0,0,0,0,0,235,2026-02-03 07:53:28.822549
SMMR,24.48,24.47,24.48,2072100.0,2077700.0,7000.0,0,0,0,0,0,0,0,0,0,0,0,235,2026-02-03 07:53:28.822549
ATMN,23.78,23.78,24.03,2548700.0,2275900.0,5250.0,0,0,0,0,0,0,0,0,0,0,0,235,2026-02-03 07:53:28.822549
WNTR,24.15,24.03,24.15,2428200.0,2181900.0,8750.0,0,0,0,0,0,0,0,0,0,0,0,235,2026-02-03 07:53:28.822549
SPNG,25.44,25.51,25.8,2418800.0,3500.0,2285300.0,,0,0,0,0,0,0,0,0,0,0,236,2026-02-03 07:53:29.851138
SMMR,24.4,24.3,24.34,2131000.0,,2082100.0,7000.0,0,0,0,0,0,0,0,0,0,0,236,2026-02-03 07:53:29.851138
ATMN,24.14,23.98,24.02,2526600.0,,2270500.0,5250.0,0,0,0,0,0,0,0,0,0,0,236,2026-02-03 07:53:29.851138
WNTR,24.23,24.03,24.14,2428200.0,,2201700.0,8750.0,0,0,0,0,0,0,0,0,0,0,236,2026-02-03 07:53:29.851138
SPNG,25.84,25.51,25.77,2520800.0,2297300.0,0,0,0,0,0,0,0,0,0,0,0,0,237,2026-02-03 07:53:30.879224
SMMR,24.56,24.3,24.34,2131000.0,2167800.0,0,0,0,0,0,0,0,0,0,0,0,0,237,2026-02-03 07:53:30.879224
ATMN,24.18,23.98,24.08,2526600.0,2404600.0,0,0,0,0,0,0,0,0,0,0,0,0,237,2026-02-03 07:53:30.879224
WNTR,24.27,24.03,24.27,2428200.0,2327000.0,0,0,0,0,0,0,0,0,0,0,0,0,237,2026-02-03 07:53:30.879224
SPNG,25.72,25.72,25.77,2519900.0,2266000.0,0,0,0,0,0,0,0,0,0,0,0,0,238,2026-02-03 07:53:31.912349
SMMR,24.56,24.31,24.34,2060000.0,2167800.0,0,0,0,0,0,0,0,0,0,0,0,0,238,2026-02-03 07:53:31.912349
ATMN,24.02,23.77,24.02,2545600.0,2400600.0,0,0,0,0,0,0,0,0,0,0,0,0,238,2026-02-03 07:53:31.912349
WNTR,24.27,24.03,24.21,2460700.0,2356600.0,0,0,0,0,0,0,0,0,0,0,0,0,238,2026-02-03 07:53:31.912349
SPNG,25.48,25.42,25.48,2490000.0,2303600.0,0,0,0,0,0,0,0,0,0,0,0,0,239,2026-02-03 07:53:32.940143
SMMR,24.56,24.3,24.56,2074900.0,2189000.0,0,0,0,0,0,0,0,0,0,0,0,0,239,2026-02-03 07:53:32.940143
ATMN,24.02,23.77,24.02,2537900.0,2394300.0,0,0,0,0,0,0,0,0,0,0,0,0,239,2026-02-03 07:53:32.940143
WNTR,24.03,23.9,23.99,2431500.0,2342600.0,0,0,0,0,0,0,0,0,0,0,0,0,239,2026-02-03 07:53:32.940143
SPNG,25.48,25.05,0.0,200000.0,,0,0,0,0,0,0,0,0,0,0,0,0,240,2026-02-03 07:53:33.966700
SMMR,24.6,24.85,0.0,200000.0,,0,0,0,0,0,0,0,0,0,0,0,0,240,2026-02-03 07:53:33.966700
ATMN,24.29,23.87,24.23,789800.0,759200.0,0,0,0,0,0,0,0,0,0,0,0,0,240,2026-02-03 07:53:33.966700
WNTR,25.23,25.23,25.5,854300.0,688400.0,0,0,0,0,0,0,0,0,0,0,0,0,240,2026-02-03 07:53:33.966700
SPNG,25.05,25.05,25.2,1194000.0,860500.0,0,0,0,0,0,0,0,0,0,0,0,0,241,2026-02-03 07:53:34.997303
SMMR,24.72,24.72,24.86,964800.0,798800.0,0,0,0,0,0,0,0,0,0,0,0,0,241,2026-02-03 07:53:34.997303
ATMN,25.16,23.87,25.16,1174900.0,1011500.0,0,0,0,0,0,0,0,0,0,0,0,0,241,2026-02-03 07:53:34.997303
WNTR,25.23,25.23,25.36,979000.0,1015700.0,0,0,0,0,0,0,0,0,0,0,0,0,241,2026-02-03 07:53:34.997303
SPNG,25.2,24.98,25.2,1234000.0,860500.0,0,0,0,0,0,0,0,0,0,0,0,0,242,2026-02-03 07:53:36.029770
SMMR,24.86,24.95,25.03,1080700.0,914800.0,0,0,0,0,0,0,0,0,0,0,0,0,242,2026-02-03 07:53:36.029770
ATMN,24.19,24.19,24.59,1460600.0,1125700.0,0,0,0,0,0,0,0,0,0,0,0,0,242,2026-02-03 07:53:36.029770
WNTR,25.23,24.75,25.14,1170200.0,1125500.0,0,0,0,0,0,0,0,0,0,0,0,0,242,2026-02-03 07:53:36.029770
SPNG,24.29,24.57,25.2,1305200.0,860500.0,0,0,0,0,0,0,0,0,0,0,0,0,243,2026-02-03 07:53:37.068649
SMMR,24.64,24.64,25.0,879800.0,1104600.0,0,0,0,0,0,0,0,0,0,0,0,0,243,2026-02-03 07:53:37.068649
ATMN,24.82,24.08,24.82,1437800.0,1140100.0,0,0,0,0,0,0,0,0,0,0,0,0,243,2026-02-03 07:53:37.068649
WNTR,25.23,24.97,25.14,1532900.0,1125500.0,0,0,0,0,0,0,0,0,0,0,0,0,243,2026-02-03 07:53:37.068649
SPNG,25.41,24.97,25.41,1528500.0,878800.0,0,0,0,0,0,0,0,0,0,0,0,0,244,2026-02-03 07:53:38.097431
SMMR,24.81,24.99,25.0,1092100.0,1195000.0,0,0,0,0,0,0,0,0,0,0,0,0,244,2026-02-03 07:53:38.097431
ATMN,24.82,24.08,24.34,1557600.0,1391000.0,0,0,0,0,0,0,0,0,0,0,0,0,244,2026-02-03 07:53:38.097431
WNTR,25.15,24.97,25.13,1662800.0,1110500.0,0,0,0,0,0,0,0,0,0,0,0,0,244,2026-02-03 07:53:38.097431
SPNG,24.97,24.97,25.25,1528500.0,1072200.0,0,0,0,0,0,0,0,0,0,0,0,0,245,2026-02-03 07:53:39.121110
SMMR,24.81,24.99,25.0,1092100.0,1530600.0,0,0,0,0,0,0,0,0,0,0,0,0,245,2026-02-03 07:53:39.121110
ATMN,24.08,24.08,24.34,1665400.0,1391000.0,0,0,0,0,0,0,0,0,0,0,0,0,245,2026-02-03 07:53:39.121110
WNTR,25.36,25.03,25.36,1754000.0,1123600.0,0,0,0,0,0,0,0,0,0,0,0,0,245,2026-02-03 07:53:39.121110
SPNG,25.25,24.59,25.25,1535400.0,1072200.0,,0,0,0,0,0,0,0,0,0,0,0,246,2026-02-03 07:53:40.151051
SMMR,24.48,24.48,25.0,988600.0,1530600.0,,0,0,0,0,0,0,0,0,0,0,0,246,2026-02-03 07:53:40.151051
ATMN,24.49,24.09,24.49,2055400.0,1268100.0,5250.0,0,0,0,0,0,0,0,0,0,0,0,246,2026-02-03 07:53:40.151051
WNTR,25.5,25.03,25.5,1754000.0,1030600.0,,0,0,0,0,0,0,0,0,0,0,0,246,2026-02-03 07:53:40.151051
SPNG,25.65,24.6,25.65,3500.0,1669400.0,859200.0,0,0,0,0,0,0,0,0,0,0,0,247,2026-02-03 07:53:41.179420
SMMR,24.48,24.86,24.99,,1200200.0,1745700.0,0,0,0,0,0,0,0,0,0,0,0,247,2026-02-03 07:53:41.179420
ATMN,24.49,24.24,24.49,,2419900.0,1396400.0,0,0,0,0,0,0,0,0,0,0,0,247,2026-02-03 07:53:41.179420
WNTR,25.25,25.18,25.25,,2007800.0,1135000.0,0,0,0,0,0,0,0,0,0,0,0,247,2026-02-03 07:53:41.179420
SPNG,25.06,24.61,25.06,3500.0,1793300.0,985100.0,,0,0,0,0,0,0,0,0,0,0,248,2026-02-03 07:53:42.206822
SMMR,24.86,24.86,24.88,,1200200.0,1939500.0,7000.0,0,0,0,0,0,0,0,0,0,0,248,2026-02-03 07:53:42.206822
ATMN,24.09,24.09,24.49,,2293200.0,1396400.0,,0,0,0,0,0,0,0,0,0,0,248,2026-02-03 07:53:42.206822
WNTR,25.42,25.42,25.5,8750.0,2129700.0,1130400.0,,0,0,0,0,0,0,0,0,0,0,248,2026-02-03 07:53:42.206822
SPNG,25.06,25.26,25.45,1916400.0,1122300.0,0,0,0,0,0,0,0,0,0,0,0,0,249,2026-02-03 07:53:43.251359
SMMR,24.86,24.86,24.88,1200200.0,2067600.0,0,0,0,0,0,0,0,0,0,0,0,0,249,2026-02-03 07:53:43.251359
ATMN,24.08,24.08,24.51,2054400.0,1412200.0,0,0,0,0,0,0,0,0,0,0,0,0,249,2026-02-03 07:53:43.251359
WNTR,25.31,25.43,25.5,2127300.0,1233100.0,0,0,0,0,0,0,0,0,0,0,0,0,249,2026-02-03 07:53:43.251359
SPNG,25.27,24.59,25.23,1793300.0,1246500.0,,0,0,0,0,0,0,0,0,0,0,0,250,2026-02-03 07:53:43.778633
SMMR,24.84,24.84,24.88,1081500.0,2041800.0,,0,0,0,0,0,0,0,0,0,0,0,250,2026-02-03 07:53:43.778633
ATMN,24.51,24.1,24.51,2313400.0,1412200.0,5250.0,0,0,0,0,0,0,0,0,0,0,0,250,2026-02-03 07:53:43.778633
WNTR,25.18,25.18,25.4,2007800.0,1355800.0,,0,0,0,0,0,0,0,0,0,0,0,250,2026-02-03 07:53:43.778633
SPNG,25.23,24.73,25.23,2033600.0,1246500.0,0,0,0,0,0,0,0,0,0,0,0,0,251,2026-02-03 07:53:44.810436
SMMR,24.84,24.51,24.7,1187600.0,2017300.0,0,0,0,0,0,0,0,0,0,0,0,0,251,2026-02-03 07:53:44.810436
ATMN,24.1,24.1,24.34,2313400.0,1527000.0,0,0,0,0,0,0,0,0,0,0,0,0,251,2026-02-03 07:53:44.810436
WNTR,25.5,25.45,25.5,2233100.0,1136300.0,0,0,0,0,0,0,0,0,0,0,0,0,251,2026-02-03 07:53:44.810436
SPNG,25.23,25.16,25.23,2290000.0,1342600.0,0,0,0,0,0,0,0,0,0,0,0,0,252,2026-02-03 07:53:45.839138
SMMR,24.86,24.86,24.88,1567500.0,2041800.0,0,0,0,0,0,0,0,0,0,0,0,0,252,2026-02-03 07:53:45.839138
ATMN,24.1,24.1,24.34,2507300.0,1527000.0,0,0,0,0,0,0,0,0,0,0,0,0,252,2026-02-03 07:53:45.839138
WNTR,25.45,25.18,25.42,2135200.0,1428400.0,0,0,0,0,0,0,0,0,0,0,0,0,252,2026-02-03 07:53:45.839138
SPNG,25.16,24.83,25.1,2171300.0,3500.0,1714800.0,3500.0,0,0,0,0,0,0,0,0,0,0,253,2026-02-03 07:53:46.877848
