ticker,last_price,bid_price,ask_price,BUY_ANON,SELL_ANON,BUY_UEBR-1,BUY_BRCH-1,BUY_LAVL-1,SELL_CALG-1,SELL_CHUL-2,SELL_GIOT-3,SELL_CHUL-4,BUY_CHUL-4,SELL_CHUL-3,BUY_CALG-1,SELL_ZUAI-3,BUY_WRSW-4,SELL_LUIS-1,SELL_WRSW-4,SELL_NAIT-4,BUY_CHUL-2,SELL_CHUL-1,BUY_WRSW-1,BUY_CHUL-1,SELL_LAVL-1,BUY_GIOT-3,SELL_UEBR-1,SELL_WRSW-1,BUY_WRSW-3,SELL_WRSW-3,BUY_NAIT-4,SELL_CALG-6,SELL_COLA-1,BUY_CALG-6,BUY_COLA-1,SELL_BRCH-1,BUY_ZUAI-3,BUY_CHUL-3,BUY_LUIS-1,tick,timestamp,news_news_id,news_period,news_tick,news_ticker,news_headline,news_body
SPNG,24.86,25.09,25.11,2210400.0,2190000.0,0,0,0,0,0,0,0,0,0,0,0,0,0,0,0,0,0,0,0,0,0,0,0,0,0,0,0,0,0,0,0,0,0,0,1,2026-02-07 08:33:40.537550,2.0,1.0,1.0,,Aggregate Position Limit,Your CRO has set the aggregate position limit to 14000 shares for this week.
SMMR,24.94,24.84,24.89,2068900.0,2136700.0,0,0,0,0,0,0,0,0,0,0,0,0,0,0,0,0,0,0,0,0,0,0,0,0,0,0,0,0,0,0,0,0,0,0,1,2026-02-07 08:33:40.537550,1.0,1.0,1.0,,Welcome to the RITC 2026 Alogithmic Market Making Case - practice server,
ATMN,24.91,24.91,25.09,2009700.0,2378400.0,0,0,0,0,0,0,0,0,0,0,0,0,0,0,0,0,0,0,0,0,0,0,0,0,0,0,0,0,0,0,0,0,0,0,1,2026-02-07 08:33:40.537550,,,,,,
WNTR,0.0,24.91,25.09,1988100.0,2259300.0,0,0,0,0,0,0,0,0,0,0,0,0,0,0,0,0,0,0,0,0,0,0,0,0,0,0,0,0,0,0,0,0,0,0,1,2026-02-07 08:33:40.537550,,,,,,
SPNG,24.86,25.09,25.11,2210400.0,2250700.0,0,0,0,0,0,0,0,0,0,0,0,0,0,0,0,0,0,0,0,0,0,0,0,0,0,0,0,0,0,0,0,0,0,0,2,2026-02-07 08:33:41.605062
SMMR,24.94,24.87,24.89,2160200.0,2136700.0,0,0,0,0,0,0,0,0,0,0,0,0,0,0,0,0,0,0,0,0,0,0,0,0,0,0,0,0,0,0,0,0,0,0,2,2026-02-07 08:33:41.605062
ATMN,25.09,24.91,25.09,2114100.0,2378400.0,0,0,0,0,0,0,0,0,0,0,0,0,0,0,0,0,0,0,0,0,0,0,0,0,0,0,0,0,0,0,0,0,0,0,2,2026-02-07 08:33:41.605062
WNTR,24.96,24.91,24.96,2087200.0,2261500.0,0,0,0,0,0,0,0,0,0,0,0,0,0,0,0,0,0,0,0,0,0,0,0,0,0,0,0,0,0,0,0,0,0,0,2,2026-02-07 08:33:41.605062
SPNG,25.11,25.16,25.2,2186700.0,2272200.0,0,0,0,0,0,0,0,0,0,0,0,0,0,0,0,0,0,0,0,0,0,0,0,0,0,0,0,0,0,0,0,0,0,0,3,2026-02-07 08:33:42.659839
SMMR,25.06,25.06,25.13,2172700.0,2145900.0,0,0,0,0,0,0,0,0,0,0,0,0,0,0,0,0,0,0,0,0,0,0,0,0,0,0,0,0,0,0,0,0,0,0,3,2026-02-07 08:33:42.659839
ATMN,24.83,24.83,25.2,1856500.0,2433400.0,0,0,0,0,0,0,0,0,0,0,0,0,0,0,0,0,0,0,0,0,0,0,0,0,0,0,0,0,0,0,0,0,0,0,3,2026-02-07 08:33:42.659839
WNTR,24.96,25.07,25.09,2231700.0,2249200.0,0,0,0,0,0,0,0,0,0,0,0,0,0,0,0,0,0,0,0,0,0,0,0,0,0,0,0,0,0,0,0,0,0,0,3,2026-02-07 08:33:42.659839
SPNG,25.16,25.06,25.08,2187800.0,2264500.0,0,0,0,0,0,0,0,0,0,0,0,0,0,0,0,0,0,0,0,0,0,0,0,0,0,0,0,0,0,0,0,0,0,0,4,2026-02-07 08:33:43.713588
SMMR,25.06,24.87,25.03,2153200.0,2138500.0,0,0,0,0,0,0,0,0,0,0,0,0,0,0,0,0,0,0,0,0,0,0,0,0,0,0,0,0,0,0,0,0,0,0,4,2026-02-07 08:33:43.713588
ATMN,24.9,24.83,24.9,1856500.0,2443900.0,0,0,0,0,0,0,0,0,0,0,0,0,0,0,0,0,0,0,0,0,0,0,0,0,0,0,0,0,0,0,0,0,0,0,4,2026-02-07 08:33:43.713588
WNTR,25.07,24.91,25.02,2241600.0,2213400.0,0,0,0,0,0,0,0,0,0,0,0,0,0,0,0,0,0,0,0,0,0,0,0,0,0,0,0,0,0,0,0,0,0,0,4,2026-02-07 08:33:43.713588
SPNG,24.72,24.69,24.72,2200500.0,2245900.0,0,0,0,0,0,0,0,0,0,0,0,0,0,0,0,0,0,0,0,0,0,0,0,0,0,0,0,0,0,0,0,0,0,0,5,2026-02-07 08:33:44.755859
SMMR,25.06,24.88,24.99,2169700.0,2136800.0,0,0,0,0,0,0,0,0,0,0,0,0,0,0,0,0,0,0,0,0,0,0,0,0,0,0,0,0,0,0,0,0,0,0,5,2026-02-07 08:33:44.755859
ATMN,24.9,25.02,25.2,2124200.0,2402800.0,0,0,0,0,0,0,0,0,0,0,0,0,0,0,0,0,0,0,0,0,0,0,0,0,0,0,0,0,0,0,0,0,0,0,5,2026-02-07 08:33:44.755859
WNTR,25.07,24.99,25.02,2297600.0,2213400.0,0,0,0,0,0,0,0,0,0,0,0,0,0,0,0,0,0,0,0,0,0,0,0,0,0,0,0,0,0,0,0,0,0,0,5,2026-02-07 08:33:44.755859
SPNG,25.08,24.87,25.08,2208900.0,2264500.0,,,0,0,0,0,0,0,0,0,0,0,0,0,0,0,0,0,0,0,0,0,0,0,0,0,0,0,0,0,0,0,0,0,6,2026-02-07 08:33:45.832049
SMMR,24.87,24.87,25.13,2165800.0,2137800.0,,,0,0,0,0,0,0,0,0,0,0,0,0,0,0,0,0,0,0,0,0,0,0,0,0,0,0,0,0,0,0,0,0,6,2026-02-07 08:33:45.832049
ATMN,25.02,25.03,25.13,2124200.0,2394400.0,9289.0,,0,0,0,0,0,0,0,0,0,0,0,0,0,0,0,0,0,0,0,0,0,0,0,0,0,0,0,0,0,0,0,0,6,2026-02-07 08:33:45.832049
WNTR,25.07,24.99,25.0,2180700.0,2157100.0,9724.0,9724.0,0,0,0,0,0,0,0,0,0,0,0,0,0,0,0,0,0,0,0,0,0,0,0,0,0,0,0,0,0,0,0,0,6,2026-02-07 08:33:45.832049
SPNG,25.08,24.9,25.07,8249.0,2098600.0,8249.0,2127000.0,0,0,0,0,0,0,0,0,0,0,0,0,0,0,0,0,0,0,0,0,0,0,0,0,0,0,0,0,0,0,0,0,7,2026-02-07 08:33:46.418528
SMMR,24.87,25.0,25.13,,2142900.0,,2127300.0,0,0,0,0,0,0,0,0,0,0,0,0,0,0,0,0,0,0,0,0,0,0,0,0,0,0,0,0,0,0,0,0,7,2026-02-07 08:33:46.418528
ATMN,25.01,25.01,25.12,,2232900.0,9289.0,2273200.0,0,0,0,0,0,0,0,0,0,0,0,0,0,0,0,0,0,0,0,0,0,0,0,0,0,0,0,0,0,0,0,0,7,2026-02-07 08:33:46.418528
WNTR,24.99,24.99,25.0,9724.0,2180700.0,9724.0,2144500.0,0,0,0,0,0,0,0,0,0,0,0,0,0,0,0,0,0,0,0,0,0,0,0,0,0,0,0,0,0,0,0,0,7,2026-02-07 08:33:46.418528
SPNG,24.87,24.9,25.2,2226300.0,2272200.0,,,0,0,0,0,0,0,0,0,0,0,0,0,0,0,0,0,0,0,0,0,0,0,0,0,0,0,0,0,0,0,0,0,8,2026-02-07 08:33:47.482429
SMMR,24.87,25.01,25.09,2042000.0,2052400.0,100.0,5941.0,0,0,0,0,0,0,0,0,0,0,0,0,0,0,0,0,0,0,0,0,0,0,0,0,0,0,0,0,0,0,0,0,8,2026-02-07 08:33:47.482429
ATMN,24.94,24.94,25.09,2247300.0,2284800.0,,2500.0,0,0,0,0,0,0,0,0,0,0,0,0,0,0,0,0,0,0,0,0,0,0,0,0,0,0,0,0,0,0,0,0,8,2026-02-07 08:33:47.482429
WNTR,24.91,24.98,25.0,2280200.0,2018400.0,,13000.0,0,0,0,0,0,0,0,0,0,0,0,0,0,0,0,0,0,0,0,0,0,0,0,0,0,0,0,0,0,0,0,0,8,2026-02-07 08:33:47.482429
SPNG,25.2,24.87,25.2,2196200.0,2272200.0,,,0,0,0,0,0,0,0,0,0,0,0,0,0,0,0,0,0,0,0,0,0,0,0,0,0,0,0,0,0,0,0,0,9,2026-02-07 08:33:48.531350
SMMR,24.92,24.96,25.08,2164400.0,1964000.0,13000.0,,0,0,0,0,0,0,0,0,0,0,0,0,0,0,0,0,0,0,0,0,0,0,0,0,0,0,0,0,0,0,0,0,9,2026-02-07 08:33:48.531350
ATMN,25.1,24.94,25.09,2521600.0,2284800.0,2612.0,,0,0,0,0,0,0,0,0,0,0,0,0,0,0,0,0,0,0,0,0,0,0,0,0,0,0,0,0,0,0,0,0,9,2026-02-07 08:33:48.531350
WNTR,24.91,24.92,25.0,2159200.0,1991100.0,13000.0,10000.0,0,0,0,0,0,0,0,0,0,0,0,0,0,0,0,0,0,0,0,0,0,0,0,0,0,0,0,0,0,0,0,0,9,2026-02-07 08:33:48.531350
SPNG,25.3,24.91,25.26,2198200.0,2270300.0,0,0,0,0,0,0,0,0,0,0,0,0,0,0,0,0,0,0,0,0,0,0,0,0,0,0,0,0,0,0,0,0,0,0,10,2026-02-07 08:33:49.600340
SMMR,24.96,24.87,24.89,2147400.0,2169700.0,0,0,0,0,0,0,0,0,0,0,0,0,0,0,0,0,0,0,0,0,0,0,0,0,0,0,0,0,0,0,0,0,0,0,10,2026-02-07 08:33:49.600340
ATMN,25.21,25.1,25.21,2482200.0,2372100.0,0,0,0,0,0,0,0,0,0,0,0,0,0,0,0,0,0,0,0,0,0,0,0,0,0,0,0,0,0,0,0,0,0,0,10,2026-02-07 08:33:49.600340
WNTR,25.0,24.91,25.0,2229900.0,2244300.0,0,0,0,0,0,0,0,0,0,0,0,0,0,0,0,0,0,0,0,0,0,0,0,0,0,0,0,0,0,0,0,0,0,0,10,2026-02-07 08:33:49.600340
SPNG,25.26,24.91,25.26,2192700.0,2270300.0,,0,0,0,0,0,0,0,0,0,0,0,0,0,0,0,0,0,0,0,0,0,0,0,0,0,0,0,0,0,0,0,0,0,11,2026-02-07 08:33:50.707619
SMMR,24.89,24.87,24.89,2161900.0,2169700.0,,0,0,0,0,0,0,0,0,0,0,0,0,0,0,0,0,0,0,0,0,0,0,0,0,0,0,0,0,0,0,0,0,0,11,2026-02-07 08:33:50.707619
ATMN,25.1,25.1,25.21,2483900.0,2344600.0,,0,0,0,0,0,0,0,0,0,0,0,0,0,0,0,0,0,0,0,0,0,0,0,0,0,0,0,0,0,0,0,0,0,11,2026-02-07 08:33:50.707619
WNTR,24.98,24.92,24.98,2110600.0,2235000.0,4776.0,0,0,0,0,0,0,0,0,0,0,0,0,0,0,0,0,0,0,0,0,0,0,0,0,0,0,0,0,0,0,0,0,0,11,2026-02-07 08:33:50.707619
SPNG,24.91,25.13,25.26,2210000.0,2270300.0,,0,0,0,0,0,0,0,0,0,0,0,0,0,0,0,0,0,0,0,0,0,0,0,0,0,0,0,0,0,0,0,0,0,12,2026-02-07 08:33:51.763235
SMMR,24.89,24.87,24.89,2087900.0,2169700.0,,0,0,0,0,0,0,0,0,0,0,0,0,0,0,0,0,0,0,0,0,0,0,0,0,0,0,0,0,0,0,0,0,0,12,2026-02-07 08:33:51.763235
ATMN,25.31,25.1,25.31,2483900.0,2344400.0,,0,0,0,0,0,0,0,0,0,0,0,0,0,0,0,0,0,0,0,0,0,0,0,0,0,0,0,0,0,0,0,0,0,12,2026-02-07 08:33:51.763235
WNTR,25.0,24.98,25.0,1998600.0,2244500.0,14776.0,0,0,0,0,0,0,0,0,0,0,0,0,0,0,0,0,0,0,0,0,0,0,0,0,0,0,0,0,0,0,0,0,0,12,2026-02-07 08:33:51.763235
SPNG,25.32,24.9,25.32,2220100.0,2237600.0,,0,0,0,0,0,0,0,0,0,0,0,0,0,0,0,0,0,0,0,0,0,0,0,0,0,0,0,0,0,0,0,0,0,13,2026-02-07 08:33:52.802660
SMMR,24.89,24.88,24.89,2129700.0,2169700.0,,0,0,0,0,0,0,0,0,0,0,0,0,0,0,0,0,0,0,0,0,0,0,0,0,0,0,0,0,0,0,0,0,0,13,2026-02-07 08:33:52.802660
ATMN,25.37,25.13,25.27,2225800.0,2339600.0,20000.0,0,0,0,0,0,0,0,0,0,0,0,0,0,0,0,0,0,0,0,0,0,0,0,0,0,0,0,0,0,0,0,0,0,13,2026-02-07 08:33:52.802660
WNTR,25.04,24.98,25.0,1983600.0,2226400.0,14776.0,0,0,0,0,0,0,0,0,0,0,0,0,0,0,0,0,0,0,0,0,0,0,0,0,0,0,0,0,0,0,0,0,0,13,2026-02-07 08:33:52.802660
SPNG,24.85,24.86,25.26,100.0,2126100.0,9713.0,2106000.0,0,0,0,0,0,0,0,0,0,0,0,0,0,0,0,0,0,0,0,0,0,0,0,0,0,0,0,0,0,0,0,0,14,2026-02-07 08:33:53.927877
SMMR,25.09,25.0,25.07,100.0,2022300.0,9544.0,2052400.0,0,0,0,0,0,0,0,0,0,0,0,0,0,0,0,0,0,0,0,0,0,0,0,0,0,0,0,0,0,0,0,0,14,2026-02-07 08:33:53.927877
ATMN,25.05,25.05,25.18,,2481200.0,,2342900.0,0,0,0,0,0,0,0,0,0,0,0,0,0,0,0,0,0,0,0,0,0,0,0,0,0,0,0,0,0,0,0,0,14,2026-02-07 08:33:53.927877
WNTR,25.04,24.99,25.04,14776.0,2060800.0,,2258900.0,0,0,0,0,0,0,0,0,0,0,0,0,0,0,0,0,0,0,0,0,0,0,0,0,0,0,0,0,0,0,0,0,14,2026-02-07 08:33:53.927877
SPNG,24.85,25.18,25.26,2243600.0,2196700.0,0,0,0,0,0,0,0,0,0,0,0,0,0,0,0,0,0,0,0,0,0,0,0,0,0,0,0,0,0,0,0,0,0,0,15,2026-02-07 08:33:54.568888
SMMR,25.09,25.12,25.13,2104400.0,2126800.0,0,0,0,0,0,0,0,0,0,0,0,0,0,0,0,0,0,0,0,0,0,0,0,0,0,0,0,0,0,0,0,0,0,0,15,2026-02-07 08:33:54.568888
ATMN,25.18,25.05,25.18,2481200.0,2336700.0,0,0,0,0,0,0,0,0,0,0,0,0,0,0,0,0,0,0,0,0,0,0,0,0,0,0,0,0,0,0,0,0,0,0,15,2026-02-07 08:33:54.568888
WNTR,24.98,24.93,24.96,2269000.0,2241600.0,0,0,0,0,0,0,0,0,0,0,0,0,0,0,0,0,0,0,0,0,0,0,0,0,0,0,0,0,0,0,0,0,0,0,15,2026-02-07 08:33:54.568888
SPNG,24.85,24.85,25.23,2267700.0,100.0,2053000.0,,0,0,0,0,0,0,0,0,0,0,0,0,0,0,0,0,0,0,0,0,0,0,0,0,0,0,0,0,0,0,0,0,16,2026-02-07 08:33:55.673202
SMMR,25.0,25.0,25.13,2132200.0,3556.0,2039100.0,,0,0,0,0,0,0,0,0,0,0,0,0,0,0,0,0,0,0,0,0,0,0,0,0,0,0,0,0,0,0,0,0,16,2026-02-07 08:33:55.673202
ATMN,25.45,25.46,25.48,2487800.0,,2338400.0,,0,0,0,0,0,0,0,0,0,0,0,0,0,0,0,0,0,0,0,0,0,0,0,0,0,0,0,0,0,0,0,0,16,2026-02-07 08:33:55.673202
WNTR,25.09,24.95,25.06,2179400.0,1509.0,2141600.0,9994.0,0,0,0,0,0,0,0,0,0,0,0,0,0,0,0,0,0,0,0,0,0,0,0,0,0,0,0,0,0,0,0,0,16,2026-02-07 08:33:55.673202
SPNG,24.85,24.85,25.19,2267700.0,200.0,1958100.0,,0,0,0,0,0,0,0,0,0,0,0,0,0,0,0,0,0,0,0,0,0,0,0,0,0,0,0,0,0,0,0,0,17,2026-02-07 08:33:56.717439
SMMR,25.0,24.88,24.94,2137700.0,13556.0,1935000.0,,0,0,0,0,0,0,0,0,0,0,0,0,0,0,0,0,0,0,0,0,0,0,0,0,0,0,0,0,0,0,0,0,17,2026-02-07 08:33:56.717439
ATMN,25.46,25.38,25.44,2326500.0,,2306300.0,5800.0,0,0,0,0,0,0,0,0,0,0,0,0,0,0,0,0,0,0,0,0,0,0,0,0,0,0,0,0,0,0,0,0,17,2026-02-07 08:33:56.717439
WNTR,25.09,24.97,25.03,2039300.0,1509.0,2140100.0,19935.0,0,0,0,0,0,0,0,0,0,0,0,0,0,0,0,0,0,0,0,0,0,0,0,0,0,0,0,0,0,0,0,0,17,2026-02-07 08:33:56.717439
SPNG,25.35,24.77,25.35,2290100.0,2171600.0,,,0,0,0,0,0,0,0,0,0,0,0,0,0,0,0,0,0,0,0,0,0,0,0,0,0,0,0,0,0,0,0,0,18,2026-02-07 08:33:57.756813
SMMR,25.03,25.0,25.03,2034300.0,1941300.0,7712.0,13556.0,0,0,0,0,0,0,0,0,0,0,0,0,0,0,0,0,0,0,0,0,0,0,0,0,0,0,0,0,0,0,0,0,18,2026-02-07 08:33:57.756813
ATMN,25.48,24.97,25.48,2199000.0,2336500.0,5900.0,,0,0,0,0,0,0,0,0,0,0,0,0,0,0,0,0,0,0,0,0,0,0,0,0,0,0,0,0,0,0,0,0,18,2026-02-07 08:33:57.756813
WNTR,25.09,25.0,25.09,1950900.0,2226200.0,20035.0,,0,0,0,0,0,0,0,0,0,0,0,0,0,0,0,0,0,0,0,0,0,0,0,0,0,0,0,0,0,0,0,0,18,2026-02-07 08:33:57.756813
SPNG,25.27,25.27,25.35,2167800.0,587.0,2161200.0,,0,0,0,0,0,0,0,0,0,0,0,0,0,0,0,0,0,0,0,0,0,0,0,0,0,0,0,0,0,0,0,0,19,2026-02-07 08:33:58.794017
SMMR,25.13,25.06,25.09,2036600.0,100.0,1923700.0,11268.0,0,0,0,0,0,0,0,0,0,0,0,0,0,0,0,0,0,0,0,0,0,0,0,0,0,0,0,0,0,0,0,0,19,2026-02-07 08:33:58.794017
ATMN,25.48,25.39,25.43,2135900.0,5900.0,2199200.0,9136.0,0,0,0,0,0,0,0,0,0,0,0,0,0,0,0,0,0,0,0,0,0,0,0,0,0,0,0,0,0,0,0,0,19,2026-02-07 08:33:58.794017
WNTR,24.94,24.94,25.09,2263900.0,,2235900.0,,0,0,0,0,0,0,0,0,0,0,0,0,0,0,0,0,0,0,0,0,0,0,0,0,0,0,0,0,0,0,0,0,19,2026-02-07 08:33:58.794017
SPNG,24.91,25.11,25.29,2298200.0,2176200.0,,,0,0,0,0,0,0,0,0,0,0,0,0,0,0,0,0,0,0,0,0,0,0,0,0,0,0,0,0,0,0,0,0,20,2026-02-07 08:33:59.855533
SMMR,25.05,25.07,25.09,2036600.0,2140700.0,5080.0,,0,0,0,0,0,0,0,0,0,0,0,0,0,0,0,0,0,0,0,0,0,0,0,0,0,0,0,0,0,0,0,0,20,2026-02-07 08:33:59.855533
ATMN,25.48,24.91,25.48,2427600.0,2339000.0,,,0,0,0,0,0,0,0,0,0,0,0,0,0,0,0,0,0,0,0,0,0,0,0,0,0,0,0,0,0,0,0,0,20,2026-02-07 08:33:59.855533
WNTR,25.1,25.08,25.09,2172500.0,2137700.0,5865.0,9448.0,0,0,0,0,0,0,0,0,0,0,0,0,0,0,0,0,0,0,0,0,0,0,0,0,0,0,0,0,0,0,0,0,20,2026-02-07 08:33:59.855533
SPNG,25.11,24.77,24.99,2290100.0,2176400.0,,0,0,0,0,0,0,0,0,0,0,0,0,0,0,0,0,0,0,0,0,0,0,0,0,0,0,0,0,0,0,0,0,0,21,2026-02-07 08:34:00.525340
SMMR,24.87,25.05,25.09,2146000.0,2140700.0,,0,0,0,0,0,0,0,0,0,0,0,0,0,0,0,0,0,0,0,0,0,0,0,0,0,0,0,0,0,0,0,0,0,21,2026-02-07 08:34:00.525340
ATMN,24.98,24.91,24.98,2425500.0,2343500.0,,0,0,0,0,0,0,0,0,0,0,0,0,0,0,0,0,0,0,0,0,0,0,0,0,0,0,0,0,0,0,0,0,0,21,2026-02-07 08:34:00.525340
WNTR,25.1,25.08,25.1,2144200.0,2248100.0,5865.0,0,0,0,0,0,0,0,0,0,0,0,0,0,0,0,0,0,0,0,0,0,0,0,0,0,0,0,0,0,0,0,0,0,21,2026-02-07 08:34:00.525340
SPNG,25.07,24.83,24.97,2203700.0,100.0,8542.0,2063000.0,0,0,0,0,0,0,0,0,0,0,0,0,0,0,0,0,0,0,0,0,0,0,0,0,0,0,0,0,0,0,0,0,22,2026-02-07 08:34:01.578787
SMMR,25.05,24.87,24.97,2133600.0,,,2105700.0,0,0,0,0,0,0,0,0,0,0,0,0,0,0,0,0,0,0,0,0,0,0,0,0,0,0,0,0,0,0,0,0,22,2026-02-07 08:34:01.578787
ATMN,24.98,25.14,25.48,2328400.0,5830.0,,2339000.0,0,0,0,0,0,0,0,0,0,0,0,0,0,0,0,0,0,0,0,0,0,0,0,0,0,0,0,0,0,0,0,0,22,2026-02-07 08:34:01.578787
WNTR,25.11,25.09,25.11,1982200.0,15413.0,,2260200.0,0,0,0,0,0,0,0,0,0,0,0,0,0,0,0,0,0,0,0,0,0,0,0,0,0,0,0,0,0,0,0,0,22,2026-02-07 08:34:01.578787
SPNG,25.07,24.88,24.91,2117600.0,200.0,2072600.0,8542.0,0,0,0,0,0,0,0,0,0,0,0,0,0,0,0,0,0,0,0,0,0,0,0,0,0,0,0,0,0,0,0,0,23,2026-02-07 08:34:02.631590
SMMR,25.05,24.89,24.91,2129200.0,,2000600.0,10000.0,0,0,0,0,0,0,0,0,0,0,0,0,0,0,0,0,0,0,0,0,0,0,0,0,0,0,0,0,0,0,0,0,23,2026-02-07 08:34:02.631590
ATMN,25.45,25.21,25.32,2196200.0,15830.0,2305100.0,,0,0,0,0,0,0,0,0,0,0,0,0,0,0,0,0,0,0,0,0,0,0,0,0,0,0,0,0,0,0,0,0,23,2026-02-07 08:34:02.631590
WNTR,25.06,25.06,25.11,2222400.0,,2140100.0,9326.0,0,0,0,0,0,0,0,0,0,0,0,0,0,0,0,0,0,0,0,0,0,0,0,0,0,0,0,0,0,0,0,0,23,2026-02-07 08:34:02.631590
SPNG,25.04,24.88,25.02,2002100.0,300.0,2180600.0,,0,0,0,0,0,0,0,0,0,0,0,0,0,0,0,0,0,0,0,0,0,0,0,0,0,0,0,0,0,0,0,0,24,2026-02-07 08:34:03.749256
SMMR,24.97,25.01,25.09,2137600.0,,2115700.0,,0,0,0,0,0,0,0,0,0,0,0,0,0,0,0,0,0,0,0,0,0,0,0,0,0,0,0,0,0,0,0,0,24,2026-02-07 08:34:03.749256
ATMN,25.57,25.21,25.57,2196200.0,15830.0,2341200.0,,0,0,0,0,0,0,0,0,0,0,0,0,0,0,0,0,0,0,0,0,0,0,0,0,0,0,0,0,0,0,0,0,24,2026-02-07 08:34:03.749256
WNTR,25.06,25.02,25.03,2249400.0,,2030100.0,14255.0,0,0,0,0,0,0,0,0,0,0,0,0,0,0,0,0,0,0,0,0,0,0,0,0,0,0,0,0,0,0,0,0,24,2026-02-07 08:34:03.749256
SPNG,25.29,24.88,25.29,2320600.0,2176200.0,0,0,0,0,0,0,0,0,0,0,0,0,0,0,0,0,0,0,0,0,0,0,0,0,0,0,0,0,0,0,0,0,0,0,25,2026-02-07 08:34:04.819598
SMMR,24.86,24.86,25.07,2124400.0,2084200.0,0,0,0,0,0,0,0,0,0,0,0,0,0,0,0,0,0,0,0,0,0,0,0,0,0,0,0,0,0,0,0,0,0,0,25,2026-02-07 08:34:04.819598
ATMN,24.9,25.49,25.57,2396700.0,2341200.0,0,0,0,0,0,0,0,0,0,0,0,0,0,0,0,0,0,0,0,0,0,0,0,0,0,0,0,0,0,0,0,0,0,0,25,2026-02-07 08:34:04.819598
WNTR,25.02,25.02,25.14,2249400.0,2275000.0,0,0,0,0,0,0,0,0,0,0,0,0,0,0,0,0,0,0,0,0,0,0,0,0,0,0,0,0,0,0,0,0,0,0,25,2026-02-07 08:34:04.819598
SPNG,25.29,25.0,25.1,6831.0,2117600.0,2154700.0,4694.0,0,0,0,0,0,0,0,0,0,0,0,0,0,0,0,0,0,0,0,0,0,0,0,0,0,0,0,0,0,0,0,0,26,2026-02-07 08:34:05.937664
SMMR,24.86,25.04,25.05,9024.0,1924500.0,1910300.0,13794.0,0,0,0,0,0,0,0,0,0,0,0,0,0,0,0,0,0,0,0,0,0,0,0,0,0,0,0,0,0,0,0,0,26,2026-02-07 08:34:05.937664
ATMN,24.9,24.9,25.41,,2438000.0,2070600.0,12153.0,0,0,0,0,0,0,0,0,0,0,0,0,0,0,0,0,0,0,0,0,0,0,0,0,0,0,0,0,0,0,0,0,26,2026-02-07 08:34:05.937664
WNTR,24.93,25.07,25.11,9714.0,2173900.0,2276900.0,,0,0,0,0,0,0,0,0,0,0,0,0,0,0,0,0,0,0,0,0,0,0,0,0,0,0,0,0,0,0,0,0,26,2026-02-07 08:34:05.937664
SPNG,25.18,25.0,25.18,6831.0,2117600.0,2129800.0,4694.0,0,0,0,0,0,0,0,0,0,0,0,0,0,0,0,0,0,0,0,0,0,0,0,0,0,0,0,0,0,0,0,0,27,2026-02-07 08:34:06.589199
SMMR,24.84,24.84,24.93,,2093200.0,1903900.0,13794.0,0,0,0,0,0,0,0,0,0,0,0,0,0,0,0,0,0,0,0,0,0,0,0,0,0,0,0,0,0,0,0,0,27,2026-02-07 08:34:06.589199
ATMN,24.9,25.09,25.41,,2409600.0,2110500.0,12153.0,0,0,0,0,0,0,0,0,0,0,0,0,0,0,0,0,0,0,0,0,0,0,0,0,0,0,0,0,0,0,0,0,27,2026-02-07 08:34:06.589199
WNTR,25.07,24.97,25.05,9714.0,2161700.0,2305000.0,,0,0,0,0,0,0,0,0,0,0,0,0,0,0,0,0,0,0,0,0,0,0,0,0,0,0,0,0,0,0,0,0,27,2026-02-07 08:34:06.589199
SPNG,24.88,24.88,25.28,2320600.0,4694.0,2095900.0,0,0,0,0,0,0,0,0,0,0,0,0,0,0,0,0,0,0,0,0,0,0,0,0,0,0,0,0,0,0,0,0,0,28,2026-02-07 08:34:07.636917
SMMR,25.06,24.84,25.06,2128200.0,5962.0,2020600.0,0,0,0,0,0,0,0,0,0,0,0,0,0,0,0,0,0,0,0,0,0,0,0,0,0,0,0,0,0,0,0,0,0,28,2026-02-07 08:34:07.636917
ATMN,25.09,24.9,25.06,2415200.0,12253.0,2008400.0,0,0,0,0,0,0,0,0,0,0,0,0,0,0,0,0,0,0,0,0,0,0,0,0,0,0,0,0,0,0,0,0,0,28,2026-02-07 08:34:07.636917
WNTR,24.93,24.93,25.05,2282900.0,,2305000.0,0,0,0,0,0,0,0,0,0,0,0,0,0,0,0,0,0,0,0,0,0,0,0,0,0,0,0,0,0,0,0,0,0,28,2026-02-07 08:34:07.636917
SPNG,24.88,24.88,25.08,2320600.0,2019100.0,4794.0,0,0,0,0,0,0,0,0,0,0,0,0,0,0,0,0,0,0,0,0,0,0,0,0,0,0,0,0,0,0,0,0,0,29,2026-02-07 08:34:08.690607
SMMR,25.09,24.84,24.96,2128200.0,2145200.0,,0,0,0,0,0,0,0,0,0,0,0,0,0,0,0,0,0,0,0,0,0,0,0,0,0,0,0,0,0,0,0,0,0,29,2026-02-07 08:34:08.690607
ATMN,25.39,24.9,25.11,2403900.0,2138700.0,12153.0,0,0,0,0,0,0,0,0,0,0,0,0,0,0,0,0,0,0,0,0,0,0,0,0,0,0,0,0,0,0,0,0,0,29,2026-02-07 08:34:08.690607
WNTR,24.93,24.93,25.0,2278100.0,2337900.0,,0,0,0,0,0,0,0,0,0,0,0,0,0,0,0,0,0,0,0,0,0,0,0,0,0,0,0,0,0,0,0,0,0,29,2026-02-07 08:34:08.690607
SPNG,25.08,25.06,25.08,2323200.0,2019100.0,4794.0,,0,0,0,0,0,0,0,0,0,0,0,0,0,0,0,0,0,0,0,0,0,0,0,0,0,0,0,0,0,0,0,0,30,2026-02-07 08:34:09.746815
SMMR,24.88,24.84,24.87,2133500.0,2161800.0,,,0,0,0,0,0,0,0,0,0,0,0,0,0,0,0,0,0,0,0,0,0,0,0,0,0,0,0,0,0,0,0,0,30,2026-02-07 08:34:09.746815
ATMN,25.45,24.91,25.45,2305100.0,2247400.0,9653.0,9331.0,0,0,0,0,0,0,0,0,0,0,0,0,0,0,0,0,0,0,0,0,0,0,0,0,0,0,0,0,0,0,0,0,30,2026-02-07 08:34:09.746815
WNTR,24.92,24.92,24.98,2347800.0,2213600.0,8542.0,,0,0,0,0,0,0,0,0,0,0,0,0,0,0,0,0,0,0,0,0,0,0,0,0,0,0,0,0,0,0,0,0,30,2026-02-07 08:34:09.746815
SPNG,25.31,25.06,25.31,2323200.0,2226900.0,,,0,0,0,0,0,0,0,0,0,0,0,0,0,0,0,0,0,0,0,0,0,0,0,0,0,0,0,0,0,0,0,0,31,2026-02-07 08:34:10.825367
SMMR,24.87,24.87,24.94,2144500.0,2041200.0,9900.0,,0,0,0,0,0,0,0,0,0,0,0,0,0,0,0,0,0,0,0,0,0,0,0,0,0,0,0,0,0,0,0,0,31,2026-02-07 08:34:10.825367
ATMN,25.45,24.93,25.28,2269400.0,2278300.0,1823.0,3369.0,0,0,0,0,0,0,0,0,0,0,0,0,0,0,0,0,0,0,0,0,0,0,0,0,0,0,0,0,0,0,0,0,31,2026-02-07 08:34:10.825367
WNTR,24.92,24.92,24.93,2347800.0,2106700.0,12472.0,,0,0,0,0,0,0,0,0,0,0,0,0,0,0,0,0,0,0,0,0,0,0,0,0,0,0,0,0,0,0,0,0,31,2026-02-07 08:34:10.825367
SPNG,24.99,25.12,25.28,2330400.0,100.0,2119700.0,,0,0,0,0,0,0,0,0,0,0,0,0,0,0,0,0,0,0,0,0,0,0,0,0,0,0,0,0,0,0,0,0,32,2026-02-07 08:34:11.867992
SMMR,24.96,25.08,25.09,2144600.0,,2115600.0,,0,0,0,0,0,0,0,0,0,0,0,0,0,0,0,0,0,0,0,0,0,0,0,0,0,0,0,0,0,0,0,0,32,2026-02-07 08:34:11.867992
ATMN,25.08,25.08,25.23,2173900.0,2023.0,2039600.0,12700.0,0,0,0,0,0,0,0,0,0,0,0,0,0,0,0,0,0,0,0,0,0,0,0,0,0,0,0,0,0,0,0,0,32,2026-02-07 08:34:11.867992
WNTR,25.0,24.92,25.0,2347800.0,,2315400.0,,0,0,0,0,0,0,0,0,0,0,0,0,0,0,0,0,0,0,0,0,0,0,0,0,0,0,0,0,0,0,0,0,32,2026-02-07 08:34:11.867992
SPNG,24.83,24.83,25.19,2305100.0,2050000.0,200.0,,0,0,0,0,0,0,0,0,0,0,0,0,0,0,0,0,0,0,0,0,0,0,0,0,0,0,0,0,0,0,0,0,33,2026-02-07 08:34:12.906397
SMMR,25.02,24.87,25.02,2153400.0,2109900.0,,,0,0,0,0,0,0,0,0,0,0,0,0,0,0,0,0,0,0,0,0,0,0,0,0,0,0,0,0,0,0,0,0,33,2026-02-07 08:34:12.906397
ATMN,25.28,25.09,25.26,2039300.0,2118500.0,1923.0,12900.0,0,0,0,0,0,0,0,0,0,0,0,0,0,0,0,0,0,0,0,0,0,0,0,0,0,0,0,0,0,0,0,0,33,2026-02-07 08:34:12.906397
WNTR,25.02,25.01,25.02,2366500.0,2318200.0,,,0,0,0,0,0,0,0,0,0,0,0,0,0,0,0,0,0,0,0,0,0,0,0,0,0,0,0,0,0,0,0,0,33,2026-02-07 08:34:12.906397
SPNG,24.83,25.07,25.11,2296500.0,1917400.0,300.0,,0,0,0,0,0,0,0,0,0,0,0,0,0,0,0,0,0,0,0,0,0,0,0,0,0,0,0,0,0,0,0,0,34,2026-02-07 08:34:13.979085
SMMR,25.02,24.89,25.0,2133300.0,1993300.0,10000.0,,0,0,0,0,0,0,0,0,0,0,0,0,0,0,0,0,0,0,0,0,0,0,0,0,0,0,0,0,0,0,0,0,34,2026-02-07 08:34:13.979085
ATMN,25.08,24.94,25.05,2161000.0,2018000.0,2023.0,12700.0,0,0,0,0,0,0,0,0,0,0,0,0,0,0,0,0,0,0,0,0,0,0,0,0,0,0,0,0,0,0,0,0,34,2026-02-07 08:34:13.979085
WNTR,24.92,24.92,25.0,2332300.0,2230400.0,10000.0,,0,0,0,0,0,0,0,0,0,0,0,0,0,0,0,0,0,0,0,0,0,0,0,0,0,0,0,0,0,0,0,0,34,2026-02-07 08:34:13.979085
SPNG,25.19,25.07,25.09,2296500.0,2052300.0,200.0,,0,0,0,0,0,0,0,0,0,0,0,0,0,0,0,0,0,0,0,0,0,0,0,0,0,0,0,0,0,0,0,0,35,2026-02-07 08:34:14.632975
SMMR,25.0,25.0,25.02,2138000.0,2109900.0,,,0,0,0,0,0,0,0,0,0,0,0,0,0,0,0,0,0,0,0,0,0,0,0,0,0,0,0,0,0,0,0,0,35,2026-02-07 08:34:14.632975
ATMN,25.26,24.94,25.26,2161000.0,2244900.0,1823.0,12700.0,0,0,0,0,0,0,0,0,0,0,0,0,0,0,0,0,0,0,0,0,0,0,0,0,0,0,0,0,0,0,0,0,35,2026-02-07 08:34:14.632975
WNTR,24.92,24.92,25.0,2327200.0,2230400.0,10000.0,,0,0,0,0,0,0,0,0,0,0,0,0,0,0,0,0,0,0,0,0,0,0,0,0,0,0,0,0,0,0,0,0,35,2026-02-07 08:34:14.632975
SPNG,24.93,25.02,25.09,2316600.0,2163100.0,100.0,,0,0,0,0,0,0,0,0,0,0,0,0,0,0,0,0,0,0,0,0,0,0,0,0,0,0,0,0,0,0,0,0,36,2026-02-07 08:34:15.706986
SMMR,25.0,25.0,25.01,2138000.0,2106800.0,,,0,0,0,0,0,0,0,0,0,0,0,0,0,0,0,0,0,0,0,0,0,0,0,0,0,0,0,0,0,0,0,0,36,2026-02-07 08:34:15.706986
ATMN,25.28,24.95,25.28,2261300.0,2370100.0,,200.0,0,0,0,0,0,0,0,0,0,0,0,0,0,0,0,0,0,0,0,0,0,0,0,0,0,0,0,0,0,0,0,0,36,2026-02-07 08:34:15.706986
WNTR,25.05,24.93,25.05,2366200.0,2347800.0,,,0,0,0,0,0,0,0,0,0,0,0,0,0,0,0,0,0,0,0,0,0,0,0,0,0,0,0,0,0,0,0,0,36,2026-02-07 08:34:15.706986
SPNG,24.83,24.83,25.08,2305100.0,200.0,2051000.0,0,0,0,0,0,0,0,0,0,0,0,0,0,0,0,0,0,0,0,0,0,0,0,0,0,0,0,0,0,0,0,0,0,37,2026-02-07 08:34:16.769939
SMMR,24.93,24.93,25.01,2157000.0,10000.0,1997500.0,0,0,0,0,0,0,0,0,0,0,0,0,0,0,0,0,0,0,0,0,0,0,0,0,0,0,0,0,0,0,0,0,0,37,2026-02-07 08:34:16.769939
ATMN,24.93,24.93,25.57,2398700.0,,2350000.0,0,0,0,0,0,0,0,0,0,0,0,0,0,0,0,0,0,0,0,0,0,0,0,0,0,0,0,0,0,0,0,0,0,37,2026-02-07 08:34:16.769939
WNTR,24.93,24.97,25.02,2348300.0,10000.0,2250100.0,0,0,0,0,0,0,0,0,0,0,0,0,0,0,0,0,0,0,0,0,0,0,0,0,0,0,0,0,0,0,0,0,0,37,2026-02-07 08:34:16.769939
SPNG,24.85,24.85,25.09,2328500.0,2164800.0,100.0,0,0,0,0,0,0,0,0,0,0,0,0,0,0,0,0,0,0,0,0,0,0,0,0,0,0,0,0,0,0,0,0,0,38,2026-02-07 08:34:17.833927
SMMR,24.97,24.93,24.97,2144300.0,2003500.0,10000.0,0,0,0,0,0,0,0,0,0,0,0,0,0,0,0,0,0,0,0,0,0,0,0,0,0,0,0,0,0,0,0,0,0,38,2026-02-07 08:34:17.833927
ATMN,25.42,24.9,25.21,2393600.0,2237600.0,100.0,0,0,0,0,0,0,0,0,0,0,0,0,0,0,0,0,0,0,0,0,0,0,0,0,0,0,0,0,0,0,0,0,0,38,2026-02-07 08:34:17.833927
WNTR,25.07,24.92,25.07,2327200.0,2328100.0,,0,0,0,0,0,0,0,0,0,0,0,0,0,0,0,0,0,0,0,0,0,0,0,0,0,0,0,0,0,0,0,0,0,38,2026-02-07 08:34:17.833927
SPNG,24.85,24.89,25.04,2219500.0,5047.0,4038.0,2051000.0,0,0,0,0,0,0,0,0,0,0,0,0,0,0,0,0,0,0,0,0,0,0,0,0,0,0,0,0,0,0,0,0,39,2026-02-07 08:34:18.882163
SMMR,24.85,24.87,24.95,2043300.0,7826.0,10000.0,2029300.0,0,0,0,0,0,0,0,0,0,0,0,0,0,0,0,0,0,0,0,0,0,0,0,0,0,0,0,0,0,0,0,0,39,2026-02-07 08:34:18.882163
ATMN,25.17,25.17,25.21,2202600.0,7734.0,100.0,2237600.0,0,0,0,0,0,0,0,0,0,0,0,0,0,0,0,0,0,0,0,0,0,0,0,0,0,0,0,0,0,0,0,0,39,2026-02-07 08:34:18.882163
WNTR,24.96,24.96,25.07,2232900.0,8616.0,,2326800.0,0,0,0,0,0,0,0,0,0,0,0,0,0,0,0,0,0,0,0,0,0,0,0,0,0,0,0,0,0,0,0,0,39,2026-02-07 08:34:18.882163
SPNG,25.09,24.89,25.09,2339800.0,2283700.0,0,0,0,0,0,0,0,0,0,0,0,0,0,0,0,0,0,0,0,0,0,0,0,0,0,0,0,0,0,0,0,0,0,0,40,2026-02-07 08:34:19.952934
SMMR,24.95,24.85,24.95,2168400.0,2155600.0,0,0,0,0,0,0,0,0,0,0,0,0,0,0,0,0,0,0,0,0,0,0,0,0,0,0,0,0,0,0,0,0,0,0,40,2026-02-07 08:34:19.952934
ATMN,25.21,25.32,25.57,2322200.0,2380400.0,0,0,0,0,0,0,0,0,0,0,0,0,0,0,0,0,0,0,0,0,0,0,0,0,0,0,0,0,0,0,0,0,0,0,40,2026-02-07 08:34:19.952934
WNTR,24.96,24.92,24.99,2353700.0,2317600.0,0,0,0,0,0,0,0,0,0,0,0,0,0,0,0,0,0,0,0,0,0,0,0,0,0,0,0,0,0,0,0,0,0,0,40,2026-02-07 08:34:19.952934
SPNG,24.9,24.89,24.9,2198200.0,8001.0,2284500.0,,0,0,0,0,0,0,0,0,0,0,0,0,0,0,0,0,0,0,0,0,0,0,0,0,0,0,0,0,0,0,0,0,41,2026-02-07 08:34:21.143483
SMMR,24.88,24.86,24.88,2047000.0,7826.0,2149200.0,,0,0,0,0,0,0,0,0,0,0,0,0,0,0,0,0,0,0,0,0,0,0,0,0,0,0,0,0,0,0,0,0,41,2026-02-07 08:34:21.143483
ATMN,25.32,25.19,25.24,2071100.0,9835.0,2272200.0,5266.0,0,0,0,0,0,0,0,0,0,0,0,0,0,0,0,0,0,0,0,0,0,0,0,0,0,0,0,0,0,0,0,0,41,2026-02-07 08:34:21.143483
WNTR,24.96,24.92,24.96,2319100.0,,2353000.0,,0,0,0,0,0,0,0,0,0,0,0,0,0,0,0,0,0,0,0,0,0,0,0,0,0,0,0,0,0,0,0,0,41,2026-02-07 08:34:21.143483
SPNG,24.89,24.89,24.9,8001.0,2239000.0,2203600.0,9488.0,0,0,0,0,0,0,0,0,0,0,0,0,0,0,0,0,0,0,0,0,0,0,0,0,0,0,0,0,0,0,0,0,42,2026-02-07 08:34:21.723120
SMMR,24.93,24.86,24.91,7826.0,2047000.0,2149800.0,,0,0,0,0,0,0,0,0,0,0,0,0,0,0,0,0,0,0,0,0,0,0,0,0,0,0,0,0,0,0,0,0,42,2026-02-07 08:34:21.723120
ATMN,25.61,25.19,25.61,9835.0,2058800.0,2311500.0,,0,0,0,0,0,0,0,0,0,0,0,0,0,0,0,0,0,0,0,0,0,0,0,0,0,0,0,0,0,0,0,0,42,2026-02-07 08:34:21.723120
WNTR,24.96,24.92,24.96,,2319100.0,2335400.0,,0,0,0,0,0,0,0,0,0,0,0,0,0,0,0,0,0,0,0,0,0,0,0,0,0,0,0,0,0,0,0,0,42,2026-02-07 08:34:21.723120
SPNG,24.99,24.89,24.99,8001.0,2223300.0,2306700.0,,0,0,0,0,0,0,0,0,0,0,0,0,0,0,0,0,0,0,0,0,0,0,0,0,0,0,0,0,0,0,0,0,43,2026-02-07 08:34:22.826182
SMMR,24.95,24.95,24.97,15380.0,1892400.0,2129800.0,,0,0,0,0,0,0,0,0,0,0,0,0,0,0,0,0,0,0,0,0,0,0,0,0,0,0,0,0,0,0,0,0,43,2026-02-07 08:34:22.826182
ATMN,25.01,24.9,24.97,,2370800.0,2380700.0,,0,0,0,0,0,0,0,0,0,0,0,0,0,0,0,0,0,0,0,0,0,0,0,0,0,0,0,0,0,0,0,0,43,2026-02-07 08:34:22.826182
WNTR,24.99,24.93,24.97,7726.0,2188900.0,2210200.0,4551.0,0,0,0,0,0,0,0,0,0,0,0,0,0,0,0,0,0,0,0,0,0,0,0,0,0,0,0,0,0,0,0,0,43,2026-02-07 08:34:22.826182
SPNG,24.87,24.87,24.97,2355300.0,100.0,2193300.0,,0,0,0,0,0,0,0,0,0,0,0,0,0,0,0,0,0,0,0,0,0,0,0,0,0,0,0,0,0,0,0,0,44,2026-02-07 08:34:23.885490
SMMR,24.99,24.87,24.91,2035800.0,7366.0,2036500.0,7826.0,0,0,0,0,0,0,0,0,0,0,0,0,0,0,0,0,0,0,0,0,0,0,0,0,0,0,0,0,0,0,0,0,44,2026-02-07 08:34:23.885490
ATMN,24.97,25.27,25.47,2331300.0,100.0,2251100.0,,0,0,0,0,0,0,0,0,0,0,0,0,0,0,0,0,0,0,0,0,0,0,0,0,0,0,0,0,0,0,0,0,44,2026-02-07 08:34:23.885490
WNTR,24.99,24.96,24.97,2070500.0,4551.0,2187000.0,9609.0,0,0,0,0,0,0,0,0,0,0,0,0,0,0,0,0,0,0,0,0,0,0,0,0,0,0,0,0,0,0,0,0,44,2026-02-07 08:34:23.885490
SPNG,25.17,24.87,25.17,2355300.0,2286000.0,,,0,0,0,0,0,0,0,0,0,0,0,0,0,0,0,0,0,0,0,0,0,0,0,0,0,0,0,0,0,0,0,0,45,2026-02-07 08:34:24.933435
SMMR,25.0,25.0,25.01,2048000.0,2021300.0,7270.0,7270.0,0,0,0,0,0,0,0,0,0,0,0,0,0,0,0,0,0,0,0,0,0,0,0,0,0,0,0,0,0,0,0,0,45,2026-02-07 08:34:24.933435
ATMN,25.27,24.96,25.14,2308700.0,2352200.0,,,0,0,0,0,0,0,0,0,0,0,0,0,0,0,0,0,0,0,0,0,0,0,0,0,0,0,0,0,0,0,0,0,45,2026-02-07 08:34:24.933435
WNTR,24.99,25.05,25.07,2305200.0,2291800.0,,,0,0,0,0,0,0,0,0,0,0,0,0,0,0,0,0,0,0,0,0,0,0,0,0,0,0,0,0,0,0,0,0,45,2026-02-07 08:34:24.933435
SPNG,24.91,24.97,25.17,2346500.0,2263600.0,,,0,0,0,0,0,0,0,0,0,0,0,0,0,0,0,0,0,0,0,0,0,0,0,0,0,0,0,0,0,0,0,0,46,2026-02-07 08:34:26.089556
SMMR,25.01,25.0,25.01,1931400.0,1882100.0,15192.0,7370.0,0,0,0,0,0,0,0,0,0,0,0,0,0,0,0,0,0,0,0,0,0,0,0,0,0,0,0,0,0,0,0,0,46,2026-02-07 08:34:26.089556
ATMN,25.14,25.37,25.51,1974800.0,2361400.0,14758.0,,0,0,0,0,0,0,0,0,0,0,0,0,0,0,0,0,0,0,0,0,0,0,0,0,0,0,0,0,0,0,0,0,46,2026-02-07 08:34:26.089556
WNTR,24.99,25.06,25.07,2288000.0,2336600.0,,,0,0,0,0,0,0,0,0,0,0,0,0,0,0,0,0,0,0,0,0,0,0,0,0,0,0,0,0,0,0,0,0,46,2026-02-07 08:34:26.089556
SPNG,24.77,24.77,25.17,2313500.0,2263600.0,,,0,0,0,0,0,0,0,0,0,0,0,0,0,0,0,0,0,0,0,0,0,0,0,0,0,0,0,0,0,0,0,0,47,2026-02-07 08:34:26.707059
SMMR,25.0,25.0,25.01,1931400.0,1871600.0,15192.0,7370.0,0,0,0,0,0,0,0,0,0,0,0,0,0,0,0,0,0,0,0,0,0,0,0,0,0,0,0,0,0,0,0,0,47,2026-02-07 08:34:26.707059
ATMN,25.21,25.06,25.21,2076800.0,2263500.0,5428.0,100.0,0,0,0,0,0,0,0,0,0,0,0,0,0,0,0,0,0,0,0,0,0,0,0,0,0,0,0,0,0,0,0,0,47,2026-02-07 08:34:26.707059
WNTR,24.93,24.99,25.07,2301000.0,2333300.0,,,0,0,0,0,0,0,0,0,0,0,0,0,0,0,0,0,0,0,0,0,0,0,0,0,0,0,0,0,0,0,0,0,47,2026-02-07 08:34:26.707059
SPNG,24.75,24.75,25.03,2303900.0,7173.0,2045900.0,,0,0,0,0,0,0,0,0,0,0,0,0,0,0,0,0,0,0,0,0,0,0,0,0,0,0,0,0,0,0,0,0,48,2026-02-07 08:34:27.769480
SMMR,25.01,25.0,25.01,1931400.0,3438.0,1981900.0,15192.0,0,0,0,0,0,0,0,0,0,0,0,0,0,0,0,0,0,0,0,0,0,0,0,0,0,0,0,0,0,0,0,0,48,2026-02-07 08:34:27.769480
ATMN,25.61,25.08,25.61,1972900.0,,2320800.0,5528.0,0,0,0,0,0,0,0,0,0,0,0,0,0,0,0,0,0,0,0,0,0,0,0,0,0,0,0,0,0,0,0,0,48,2026-02-07 08:34:27.769480
WNTR,24.91,24.91,25.05,2316600.0,9406.0,2210400.0,,0,0,0,0,0,0,0,0,0,0,0,0,0,0,0,0,0,0,0,0,0,0,0,0,0,0,0,0,0,0,0,0,48,2026-02-07 08:34:27.769480
SPNG,24.75,24.84,24.93,2238000.0,100.0,7373.0,1851400.0,0,0,0,0,0,0,0,0,0,0,0,0,0,0,0,0,0,0,0,0,0,0,0,0,0,0,0,0,0,0,0,0,49,2026-02-07 08:34:28.812399
SMMR,24.87,24.87,25.01,2133800.0,,3438.0,1981900.0,0,0,0,0,0,0,0,0,0,0,0,0,0,0,0,0,0,0,0,0,0,0,0,0,0,0,0,0,0,0,0,0,49,2026-02-07 08:34:28.812399
ATMN,25.61,25.27,25.37,1762800.0,9174.0,100.0,2266100.0,0,0,0,0,0,0,0,0,0,0,0,0,0,0,0,0,0,0,0,0,0,0,0,0,0,0,0,0,0,0,0,0,49,2026-02-07 08:34:28.812399
WNTR,25.01,24.91,25.01,2316600.0,,9506.0,2095800.0,0,0,0,0,0,0,0,0,0,0,0,0,0,0,0,0,0,0,0,0,0,0,0,0,0,0,0,0,0,0,0,0,49,2026-02-07 08:34:28.812399
SPNG,24.69,24.78,24.9,2308700.0,14495.0,1649300.0,,0,0,0,0,0,0,0,0,0,0,0,0,0,0,0,0,0,0,0,0,0,0,0,0,0,0,0,0,0,0,0,0,50,2026-02-07 08:34:29.853243
SMMR,24.87,24.87,25.02,2138700.0,,2115200.0,,0,0,0,0,0,0,0,0,0,0,0,0,0,0,0,0,0,0,0,0,0,0,0,0,0,0,0,0,0,0,0,0,50,2026-02-07 08:34:29.853243
ATMN,25.37,25.06,25.35,2076800.0,3814.0,2144500.0,5428.0,0,0,0,0,0,0,0,0,0,0,0,0,0,0,0,0,0,0,0,0,0,0,0,0,0,0,0,0,0,0,0,0,50,2026-02-07 08:34:29.853243
WNTR,24.89,24.89,24.96,2320000.0,,2311400.0,,0,0,0,0,0,0,0,0,0,0,0,0,0,0,0,0,0,0,0,0,0,0,0,0,0,0,0,0,0,0,0,0,50,2026-02-07 08:34:29.853243
SPNG,24.89,24.97,25.17,2227900.0,100.0,2303500.0,,0,0,0,0,0,0,0,0,0,0,0,0,0,0,0,0,0,0,0,0,0,0,0,0,0,0,0,0,0,0,0,0,51,2026-02-07 08:34:30.901410
SMMR,25.08,24.91,25.08,1937300.0,11239.0,2090100.0,,0,0,0,0,0,0,0,0,0,0,0,0,0,0,0,0,0,0,0,0,0,0,0,0,0,0,0,0,0,0,0,0,51,2026-02-07 08:34:30.901410
ATMN,25.35,25.37,25.39,2104400.0,8356.0,2367100.0,,0,0,0,0,0,0,0,0,0,0,0,0,0,0,0,0,0,0,0,0,0,0,0,0,0,0,0,0,0,0,0,0,51,2026-02-07 08:34:30.901410
WNTR,24.89,24.89,24.93,2320000.0,,2189700.0,9006.0,0,0,0,0,0,0,0,0,0,0,0,0,0,0,0,0,0,0,0,0,0,0,0,0,0,0,0,0,0,0,0,0,51,2026-02-07 08:34:30.901410
SPNG,24.78,24.78,25.17,2308700.0,2303500.0,,,0,0,0,0,0,0,0,0,0,0,0,0,0,0,0,0,0,0,0,0,0,0,0,0,0,0,0,0,0,0,0,0,52,2026-02-07 08:34:31.948094
SMMR,25.08,25.03,25.04,1914600.0,1869900.0,11239.0,14761.0,0,0,0,0,0,0,0,0,0,0,0,0,0,0,0,0,0,0,0,0,0,0,0,0,0,0,0,0,0,0,0,0,52,2026-02-07 08:34:31.948094
ATMN,25.01,25.01,25.39,2296200.0,2367100.0,,,0,0,0,0,0,0,0,0,0,0,0,0,0,0,0,0,0,0,0,0,0,0,0,0,0,0,0,0,0,0,0,0,52,2026-02-07 08:34:31.948094
WNTR,24.88,24.88,24.93,2319000.0,2189700.0,,9006.0,0,0,0,0,0,0,0,0,0,0,0,0,0,0,0,0,0,0,0,0,0,0,0,0,0,0,0,0,0,0,0,0,52,2026-02-07 08:34:31.948094
SPNG,24.78,24.99,25.09,100.0,2193200.0,2148200.0,1328.0,0,0,0,0,0,0,0,0,0,0,0,0,0,0,0,0,0,0,0,0,0,0,0,0,0,0,0,0,0,0,0,0,53,2026-02-07 08:34:32.992467
SMMR,25.03,24.91,25.0,11239.0,1927900.0,1867600.0,14761.0,0,0,0,0,0,0,0,0,0,0,0,0,0,0,0,0,0,0,0,0,0,0,0,0,0,0,0,0,0,0,0,0,53,2026-02-07 08:34:32.992467
ATMN,25.01,25.15,25.2,3651.0,1942500.0,2271700.0,2294.0,0,0,0,0,0,0,0,0,0,0,0,0,0,0,0,0,0,0,0,0,0,0,0,0,0,0,0,0,0,0,0,0,53,2026-02-07 08:34:32.992467
WNTR,24.88,24.88,24.9,,2340900.0,1942100.0,26000.0,0,0,0,0,0,0,0,0,0,0,0,0,0,0,0,0,0,0,0,0,0,0,0,0,0,0,0,0,0,0,0,0,53,2026-02-07 08:34:32.992467
SPNG,24.99,24.78,24.98,2308700.0,2137300.0,1328.0,,0,0,0,0,0,0,0,0,0,0,0,0,0,0,0,0,0,0,0,0,0,0,0,0,0,0,0,0,0,0,0,0,54,2026-02-07 08:34:34.043629
SMMR,25.08,24.91,25.08,1927900.0,2099100.0,,11239.0,0,0,0,0,0,0,0,0,0,0,0,0,0,0,0,0,0,0,0,0,0,0,0,0,0,0,0,0,0,0,0,0,54,2026-02-07 08:34:34.043629
ATMN,25.2,25.03,25.2,2290800.0,2271700.0,2294.0,,0,0,0,0,0,0,0,0,0,0,0,0,0,0,0,0,0,0,0,0,0,0,0,0,0,0,0,0,0,0,0,0,54,2026-02-07 08:34:34.043629
WNTR,24.88,24.88,24.96,2340900.0,2302100.0,,,0,0,0,0,0,0,0,0,0,0,0,0,0,0,0,0,0,0,0,0,0,0,0,0,0,0,0,0,0,0,0,0,54,2026-02-07 08:34:34.043629
SPNG,24.66,24.66,25.17,2347800.0,2317600.0,0,0,0,0,0,0,0,0,0,0,0,0,0,0,0,0,0,0,0,0,0,0,0,0,0,0,0,0,0,0,0,0,0,0,55,2026-02-07 08:34:35.240849
SMMR,24.95,24.88,24.95,2131500.0,2135500.0,0,0,0,0,0,0,0,0,0,0,0,0,0,0,0,0,0,0,0,0,0,0,0,0,0,0,0,0,0,0,0,0,0,0,55,2026-02-07 08:34:35.240849
ATMN,25.03,25.04,25.3,2321600.0,2407800.0,0,0,0,0,0,0,0,0,0,0,0,0,0,0,0,0,0,0,0,0,0,0,0,0,0,0,0,0,0,0,0,0,0,0,55,2026-02-07 08:34:35.240849
WNTR,24.96,24.87,24.96,2342900.0,2293800.0,0,0,0,0,0,0,0,0,0,0,0,0,0,0,0,0,0,0,0,0,0,0,0,0,0,0,0,0,0,0,0,0,0,0,55,2026-02-07 08:34:35.240849
SPNG,24.64,24.64,25.17,2337100.0,2317600.0,0,0,0,0,0,0,0,0,0,0,0,0,0,0,0,0,0,0,0,0,0,0,0,0,0,0,0,0,0,0,0,0,0,0,56,2026-02-07 08:34:35.819802
SMMR,24.95,24.89,24.95,2138000.0,2135500.0,0,0,0,0,0,0,0,0,0,0,0,0,0,0,0,0,0,0,0,0,0,0,0,0,0,0,0,0,0,0,0,0,0,0,56,2026-02-07 08:34:35.819802
ATMN,25.04,25.04,25.3,2321600.0,2386600.0,0,0,0,0,0,0,0,0,0,0,0,0,0,0,0,0,0,0,0,0,0,0,0,0,0,0,0,0,0,0,0,0,0,0,56,2026-02-07 08:34:35.819802
WNTR,24.96,24.87,24.96,2331400.0,2323500.0,0,0,0,0,0,0,0,0,0,0,0,0,0,0,0,0,0,0,0,0,0,0,0,0,0,0,0,0,0,0,0,0,0,0,56,2026-02-07 08:34:35.819802
SPNG,25.19,24.64,25.19,2298500.0,2291200.0,0,0,0,0,0,0,0,0,0,0,0,0,0,0,0,0,0,0,0,0,0,0,0,0,0,0,0,0,0,0,0,0,0,0,57,2026-02-07 08:34:36.858539
SMMR,25.0,24.91,25.0,2171900.0,2102700.0,0,0,0,0,0,0,0,0,0,0,0,0,0,0,0,0,0,0,0,0,0,0,0,0,0,0,0,0,0,0,0,0,0,0,57,2026-02-07 08:34:36.858539
ATMN,25.03,24.9,25.03,2290900.0,2368500.0,0,0,0,0,0,0,0,0,0,0,0,0,0,0,0,0,0,0,0,0,0,0,0,0,0,0,0,0,0,0,0,0,0,0,57,2026-02-07 08:34:36.858539
WNTR,24.96,24.91,24.96,2331400.0,2336800.0,0,0,0,0,0,0,0,0,0,0,0,0,0,0,0,0,0,0,0,0,0,0,0,0,0,0,0,0,0,0,0,0,0,0,57,2026-02-07 08:34:36.858539
SPNG,24.62,24.62,25.12,2295200.0,2326300.0,0,0,0,0,0,0,0,0,0,0,0,0,0,0,0,0,0,0,0,0,0,0,0,0,0,0,0,0,0,0,0,0,0,0,58,2026-02-07 08:34:37.952834
SMMR,25.0,24.89,25.0,2158800.0,2131300.0,0,0,0,0,0,0,0,0,0,0,0,0,0,0,0,0,0,0,0,0,0,0,0,0,0,0,0,0,0,0,0,0,0,0,58,2026-02-07 08:34:37.952834
ATMN,24.89,24.89,25.3,2300400.0,2386600.0,0,0,0,0,0,0,0,0,0,0,0,0,0,0,0,0,0,0,0,0,0,0,0,0,0,0,0,0,0,0,0,0,0,0,58,2026-02-07 08:34:37.952834
WNTR,24.9,24.9,24.96,2272500.0,2349200.0,0,0,0,0,0,0,0,0,0,0,0,0,0,0,0,0,0,0,0,0,0,0,0,0,0,0,0,0,0,0,0,0,0,0,58,2026-02-07 08:34:37.952834
SPNG,24.62,24.62,25.03,2295200.0,2412400.0,0,0,0,0,0,0,0,0,0,0,0,0,0,0,0,0,0,0,0,0,0,0,0,0,0,0,0,0,0,0,0,0,0,0,59,2026-02-07 08:34:39.001736
SMMR,25.08,24.92,24.98,2161600.0,2152300.0,0,0,0,0,0,0,0,0,0,0,0,0,0,0,0,0,0,0,0,0,0,0,0,0,0,0,0,0,0,0,0,0,0,0,59,2026-02-07 08:34:39.001736
ATMN,25.3,24.98,25.3,2357700.0,2386600.0,0,0,0,0,0,0,0,0,0,0,0,0,0,0,0,0,0,0,0,0,0,0,0,0,0,0,0,0,0,0,0,0,0,0,59,2026-02-07 08:34:39.001736
WNTR,24.87,24.87,24.96,2315400.0,2339300.0,0,0,0,0,0,0,0,0,0,0,0,0,0,0,0,0,0,0,0,0,0,0,0,0,0,0,0,0,0,0,0,0,0,0,59,2026-02-07 08:34:39.001736
SPNG,25.96,25.64,25.68,809400.0,769700.0,0,0,0,0,0,0,0,0,0,0,0,0,0,0,0,0,0,0,0,0,0,0,0,0,0,0,0,0,0,0,0,0,0,0,60,2026-02-07 08:34:40.066528
SMMR,25.15,25.15,25.18,880500.0,680600.0,0,0,0,0,0,0,0,0,0,0,0,0,0,0,0,0,0,0,0,0,0,0,0,0,0,0,0,0,0,0,0,0,0,0,60,2026-02-07 08:34:40.066528
ATMN,25.39,25.17,25.55,1030200.0,908700.0,0,0,0,0,0,0,0,0,0,0,0,0,0,0,0,0,0,0,0,0,0,0,0,0,0,0,0,0,0,0,0,0,0,0,60,2026-02-07 08:34:40.066528
WNTR,25.65,25.3,25.48,574100.0,609700.0,0,0,0,0,0,0,0,0,0,0,0,0,0,0,0,0,0,0,0,0,0,0,0,0,0,0,0,0,0,0,0,0,0,0,60,2026-02-07 08:34:40.066528
SPNG,25.68,25.64,25.68,1082900.0,1007500.0,0,0,0,0,0,0,0,0,0,0,0,0,0,0,0,0,0,0,0,0,0,0,0,0,0,0,0,0,0,0,0,0,0,0,61,2026-02-07 08:34:41.213582
SMMR,24.93,24.89,24.92,884600.0,922300.0,0,0,0,0,0,0,0,0,0,0,0,0,0,0,0,0,0,0,0,0,0,0,0,0,0,0,0,0,0,0,0,0,0,0,61,2026-02-07 08:34:41.213582
ATMN,25.21,25.17,25.21,1159400.0,1235500.0,0,0,0,0,0,0,0,0,0,0,0,0,0,0,0,0,0,0,0,0,0,0,0,0,0,0,0,0,0,0,0,0,0,0,61,2026-02-07 08:34:41.213582
WNTR,26.27,25.38,26.25,910400.0,873100.0,0,0,0,0,0,0,0,0,0,0,0,0,0,0,0,0,0,0,0,0,0,0,0,0,0,0,0,0,0,0,0,0,0,0,61,2026-02-07 08:34:41.213582
SPNG,25.68,25.64,25.68,1082900.0,1120200.0,0,0,0,0,0,0,0,0,0,0,0,0,0,0,0,0,0,0,0,0,0,0,0,0,0,0,0,0,0,0,0,0,0,0,62,2026-02-07 08:34:41.853753
SMMR,24.93,24.89,24.92,1001600.0,1034900.0,0,0,0,0,0,0,0,0,0,0,0,0,0,0,0,0,0,0,0,0,0,0,0,0,0,0,0,0,0,0,0,0,0,0,62,2026-02-07 08:34:41.853753
ATMN,25.21,25.17,25.21,1287300.0,1235500.0,0,0,0,0,0,0,0,0,0,0,0,0,0,0,0,0,0,0,0,0,0,0,0,0,0,0,0,0,0,0,0,0,0,0,62,2026-02-07 08:34:41.853753
WNTR,26.27,25.72,26.25,1022600.0,985900.0,0,0,0,0,0,0,0,0,0,0,0,0,0,0,0,0,0,0,0,0,0,0,0,0,0,0,0,0,0,0,0,0,0,0,62,2026-02-07 08:34:41.853753
SPNG,25.52,25.52,25.68,1044900.0,1215000.0,0,0,0,0,0,0,0,0,0,0,0,0,0,0,0,0,0,0,0,0,0,0,0,0,0,0,0,0,0,0,0,0,0,0,63,2026-02-07 08:34:42.901686
SMMR,24.92,24.93,24.99,1126200.0,1241100.0,0,0,0,0,0,0,0,0,0,0,0,0,0,0,0,0,0,0,0,0,0,0,0,0,0,0,0,0,0,0,0,0,0,0,63,2026-02-07 08:34:42.901686
ATMN,25.25,25.17,25.23,1414600.0,1388500.0,0,0,0,0,0,0,0,0,0,0,0,0,0,0,0,0,0,0,0,0,0,0,0,0,0,0,0,0,0,0,0,0,0,0,63,2026-02-07 08:34:42.901686
WNTR,26.27,25.72,26.05,1022600.0,1282300.0,0,0,0,0,0,0,0,0,0,0,0,0,0,0,0,0,0,0,0,0,0,0,0,0,0,0,0,0,0,0,0,0,0,0,63,2026-02-07 08:34:42.901686
SPNG,25.52,25.21,25.51,1081600.0,1303500.0,0,0,0,0,0,0,0,0,0,0,0,0,0,0,0,0,0,0,0,0,0,0,0,0,0,0,0,0,0,0,0,0,0,0,64,2026-02-07 08:34:43.951686
SMMR,24.89,24.89,24.98,1088900.0,1339600.0,0,0,0,0,0,0,0,0,0,0,0,0,0,0,0,0,0,0,0,0,0,0,0,0,0,0,0,0,0,0,0,0,0,0,64,2026-02-07 08:34:43.951686
ATMN,25.55,25.17,25.33,1430000.0,1267600.0,0,0,0,0,0,0,0,0,0,0,0,0,0,0,0,0,0,0,0,0,0,0,0,0,0,0,0,0,0,0,0,0,0,0,64,2026-02-07 08:34:43.951686
WNTR,26.27,25.97,26.0,1137500.0,1608600.0,0,0,0,0,0,0,0,0,0,0,0,0,0,0,0,0,0,0,0,0,0,0,0,0,0,0,0,0,0,0,0,0,0,0,64,2026-02-07 08:34:43.951686
SPNG,25.77,25.86,25.87,1306200.0,1305900.0,0,0,0,0,0,0,0,0,0,0,0,0,0,0,0,0,0,0,0,0,0,0,0,0,0,0,0,0,0,0,0,0,0,0,65,2026-02-07 08:34:44.990600
SMMR,24.84,24.84,24.98,1002900.0,1361900.0,0,0,0,0,0,0,0,0,0,0,0,0,0,0,0,0,0,0,0,0,0,0,0,0,0,0,0,0,0,0,0,0,0,0,65,2026-02-07 08:34:44.990600
ATMN,25.17,24.9,24.93,1701300.0,1376600.0,0,0,0,0,0,0,0,0,0,0,0,0,0,0,0,0,0,0,0,0,0,0,0,0,0,0,0,0,0,0,0,0,0,0,65,2026-02-07 08:34:44.990600
WNTR,25.97,25.97,25.99,1137500.0,1724800.0,0,0,0,0,0,0,0,0,0,0,0,0,0,0,0,0,0,0,0,0,0,0,0,0,0,0,0,0,0,0,0,0,0,0,65,2026-02-07 08:34:44.990600
SPNG,25.41,25.21,25.25,1081600.0,1423000.0,0,0,0,0,0,0,0,0,0,0,0,0,0,0,0,0,0,0,0,0,0,0,0,0,0,0,0,0,0,0,0,0,0,0,66,2026-02-07 08:34:46.042486
SMMR,24.84,24.94,24.98,1218000.0,1451000.0,0,0,0,0,0,0,0,0,0,0,0,0,0,0,0,0,0,0,0,0,0,0,0,0,0,0,0,0,0,0,0,0,0,0,66,2026-02-07 08:34:46.042486
ATMN,24.93,25.26,25.33,2066200.0,1359400.0,0,0,0,0,0,0,0,0,0,0,0,0,0,0,0,0,0,0,0,0,0,0,0,0,0,0,0,0,0,0,0,0,0,0,66,2026-02-07 08:34:46.042486
WNTR,25.97,25.72,25.81,1152200.0,1951500.0,0,0,0,0,0,0,0,0,0,0,0,0,0,0,0,0,0,0,0,0,0,0,0,0,0,0,0,0,0,0,0,0,0,0,66,2026-02-07 08:34:46.042486
SPNG,25.21,25.83,25.84,1203700.0,8249.0,1305900.0,,0,0,0,0,0,0,0,0,0,0,0,0,0,0,0,0,0,0,0,0,0,0,0,0,0,0,0,0,0,0,0,0,67,2026-02-07 08:34:47.108561
SMMR,24.98,24.94,24.98,1429500.0,,1558100.0,,0,0,0,0,0,0,0,0,0,0,0,0,0,0,0,0,0,0,0,0,0,0,0,0,0,0,0,0,0,0,0,0,67,2026-02-07 08:34:47.108561
ATMN,24.9,25.01,25.33,2182000.0,,1612600.0,5806.0,0,0,0,0,0,0,0,0,0,0,0,0,0,0,0,0,0,0,0,0,0,0,0,0,0,0,0,0,0,0,0,0,67,2026-02-07 08:34:47.108561
WNTR,25.97,25.79,25.8,1575500.0,13004.0,1864000.0,12996.0,0,0,0,0,0,0,0,0,0,0,0,0,0,0,0,0,0,0,0,0,0,0,0,0,0,0,0,0,0,0,0,0,67,2026-02-07 08:34:47.108561
SPNG,25.7,25.7,25.84,1210500.0,2438.0,8249.0,1305900.0,0,0,0,0,0,0,0,0,0,0,0,0,0,0,0,0,0,0,0,0,0,0,0,0,0,0,0,0,0,0,0,0,68,2026-02-07 08:34:48.222403
SMMR,24.98,24.95,24.97,1429500.0,9436.0,6291.0,1873500.0,0,0,0,0,0,0,0,0,0,0,0,0,0,0,0,0,0,0,0,0,0,0,0,0,0,0,0,0,0,0,0,0,68,2026-02-07 08:34:48.222403
ATMN,25.01,25.3,25.33,2182000.0,5906.0,100.0,1743100.0,0,0,0,0,0,0,0,0,0,0,0,0,0,0,0,0,0,0,0,0,0,0,0,0,0,0,0,0,0,0,0,0,68,2026-02-07 08:34:48.222403
WNTR,25.81,25.79,25.81,1793400.0,12996.0,,1951500.0,0,0,0,0,0,0,0,0,0,0,0,0,0,0,0,0,0,0,0,0,0,0,0,0,0,0,0,0,0,0,0,0,68,2026-02-07 08:34:48.222403
SPNG,25.7,25.75,25.84,1332900.0,2438.0,8249.0,1400800.0,0,0,0,0,0,0,0,0,0,0,0,0,0,0,0,0,0,0,0,0,0,0,0,0,0,0,0,0,0,0,0,0,69,2026-02-07 08:34:48.831964
SMMR,24.98,24.95,24.97,1429500.0,9436.0,6291.0,2002500.0,0,0,0,0,0,0,0,0,0,0,0,0,0,0,0,0,0,0,0,0,0,0,0,0,0,0,0,0,0,0,0,0,69,2026-02-07 08:34:48.831964
ATMN,25.33,24.93,25.33,2085400.0,5806.0,100.0,1626200.0,0,0,0,0,0,0,0,0,0,0,0,0,0,0,0,0,0,0,0,0,0,0,0,0,0,0,0,0,0,0,0,0,69,2026-02-07 08:34:48.831964
WNTR,25.78,25.78,25.81,1803200.0,12996.0,,1951500.0,0,0,0,0,0,0,0,0,0,0,0,0,0,0,0,0,0,0,0,0,0,0,0,0,0,0,0,0,0,0,0,0,69,2026-02-07 08:34:48.831964
SPNG,25.21,24.58,25.07,1340600.0,1400800.0,0,0,0,0,0,0,0,0,0,0,0,0,0,0,0,0,0,0,0,0,0,0,0,0,0,0,0,0,0,0,0,0,0,0,70,2026-02-07 08:34:49.886678
SMMR,24.94,24.94,24.97,1528700.0,2110000.0,0,0,0,0,0,0,0,0,0,0,0,0,0,0,0,0,0,0,0,0,0,0,0,0,0,0,0,0,0,0,0,0,0,0,70,2026-02-07 08:34:49.886678
ATMN,25.33,24.94,25.28,2314500.0,1760500.0,0,0,0,0,0,0,0,0,0,0,0,0,0,0,0,0,0,0,0,0,0,0,0,0,0,0,0,0,0,0,0,0,0,0,70,2026-02-07 08:34:49.886678
WNTR,25.99,25.78,25.95,2009300.0,1818900.0,0,0,0,0,0,0,0,0,0,0,0,0,0,0,0,0,0,0,0,0,0,0,0,0,0,0,0,0,0,0,0,0,0,0,70,2026-02-07 08:34:49.886678
SPNG,25.88,25.8,25.88,1541200.0,1272900.0,,,0,0,0,0,0,0,0,0,0,0,0,0,0,0,0,0,0,0,0,0,0,0,0,0,0,0,0,0,0,0,0,0,71,2026-02-07 08:34:51.004368
SMMR,24.99,24.94,24.95,1528700.0,1999600.0,10000.0,,0,0,0,0,0,0,0,0,0,0,0,0,0,0,0,0,0,0,0,0,0,0,0,0,0,0,0,0,0,0,0,0,71,2026-02-07 08:34:51.004368
ATMN,25.33,24.89,25.0,2327000.0,1864700.0,,,0,0,0,0,0,0,0,0,0,0,0,0,0,0,0,0,0,0,0,0,0,0,0,0,0,0,0,0,0,0,0,0,71,2026-02-07 08:34:51.004368
WNTR,25.95,25.85,25.95,2113100.0,1913100.0,,100.0,0,0,0,0,0,0,0,0,0,0,0,0,0,0,0,0,0,0,0,0,0,0,0,0,0,0,0,0,0,0,0,0,71,2026-02-07 08:34:51.004368
SPNG,25.53,25.53,25.85,1547100.0,100.0,1272900.0,,0,0,0,0,0,0,0,0,0,0,0,0,0,0,0,0,0,0,0,0,0,0,0,0,0,0,0,0,0,0,0,0,72,2026-02-07 08:34:52.067018
SMMR,24.94,24.93,24.94,1402700.0,16000.0,1907500.0,10000.0,0,0,0,0,0,0,0,0,0,0,0,0,0,0,0,0,0,0,0,0,0,0,0,0,0,0,0,0,0,0,0,0,72,2026-02-07 08:34:52.067018
ATMN,25.33,24.89,25.33,2539000.0,,1760500.0,,0,0,0,0,0,0,0,0,0,0,0,0,0,0,0,0,0,0,0,0,0,0,0,0,0,0,0,0,0,0,0,0,72,2026-02-07 08:34:52.067018
WNTR,25.95,25.94,25.95,1907200.0,,2049000.0,20100.0,0,0,0,0,0,0,0,0,0,0,0,0,0,0,0,0,0,0,0,0,0,0,0,0,0,0,0,0,0,0,0,0,72,2026-02-07 08:34:52.067018
SPNG,25.85,25.57,25.77,100.0,1547100.0,1525300.0,,0,0,0,0,0,0,0,0,0,0,0,0,0,0,0,0,0,0,0,0,0,0,0,0,0,0,0,0,0,0,0,0,73,2026-02-07 08:34:53.182937
SMMR,24.92,24.92,24.93,,1402700.0,1789400.0,24214.0,0,0,0,0,0,0,0,0,0,0,0,0,0,0,0,0,0,0,0,0,0,0,0,0,0,0,0,0,0,0,0,0,73,2026-02-07 08:34:53.182937
ATMN,24.87,24.94,25.02,10000.0,2386500.0,1890600.0,2461.0,0,0,0,0,0,0,0,0,0,0,0,0,0,0,0,0,0,0,0,0,0,0,0,0,0,0,0,0,0,0,0,0,73,2026-02-07 08:34:53.182937
WNTR,26.0,25.98,26.0,20200.0,1772200.0,2084300.0,,0,0,0,0,0,0,0,0,0,0,0,0,0,0,0,0,0,0,0,0,0,0,0,0,0,0,0,0,0,0,0,0,73,2026-02-07 08:34:53.182937
SPNG,25.75,25.75,25.77,1657900.0,200.0,1736600.0,,0,0,0,0,0,0,0,0,0,0,0,0,0,0,0,0,0,0,0,0,0,0,0,0,0,0,0,0,0,0,0,0,74,2026-02-07 08:34:53.866663
SMMR,24.95,24.96,24.99,1302700.0,,2097200.0,,0,0,0,0,0,0,0,0,0,0,0,0,0,0,0,0,0,0,0,0,0,0,0,0,0,0,0,0,0,0,0,0,74,2026-02-07 08:34:53.866663
ATMN,25.02,24.95,25.02,2238600.0,10100.0,2148400.0,2461.0,0,0,0,0,0,0,0,0,0,0,0,0,0,0,0,0,0,0,0,0,0,0,0,0,0,0,0,0,0,0,0,0,74,2026-02-07 08:34:53.866663
WNTR,25.85,25.84,25.85,2133600.0,100.0,2071900.0,,0,0,0,0,0,0,0,0,0,0,0,0,0,0,0,0,0,0,0,0,0,0,0,0,0,0,0,0,0,0,0,0,74,2026-02-07 08:34:53.866663
SPNG,25.75,25.75,25.77,1793500.0,300.0,1817800.0,7837.0,0,0,0,0,0,0,0,0,0,0,0,0,0,0,0,0,0,0,0,0,0,0,0,0,0,0,0,0,0,0,0,0,75,2026-02-07 08:34:54.910006
SMMR,24.97,24.85,24.97,1201300.0,,1984500.0,1786.0,0,0,0,0,0,0,0,0,0,0,0,0,0,0,0,0,0,0,0,0,0,0,0,0,0,0,0,0,0,0,0,0,75,2026-02-07 08:34:54.910006
ATMN,25.03,25.01,25.03,2066700.0,20100.0,2018300.0,3077.0,0,0,0,0,0,0,0,0,0,0,0,0,0,0,0,0,0,0,0,0,0,0,0,0,0,0,0,0,0,0,0,0,75,2026-02-07 08:34:54.910006
WNTR,25.85,25.98,26.0,2031900.0,5900.0,2084300.0,,0,0,0,0,0,0,0,0,0,0,0,0,0,0,0,0,0,0,0,0,0,0,0,0,0,0,0,0,0,0,0,0,75,2026-02-07 08:34:54.910006
SPNG,25.61,25.53,25.61,1911200.0,1947900.0,100.0,0,0,0,0,0,0,0,0,0,0,0,0,0,0,0,0,0,0,0,0,0,0,0,0,0,0,0,0,0,0,0,0,0,76,2026-02-07 08:34:55.947965
SMMR,24.8,24.8,24.95,993900.0,1984500.0,10000.0,0,0,0,0,0,0,0,0,0,0,0,0,0,0,0,0,0,0,0,0,0,0,0,0,0,0,0,0,0,0,0,0,0,76,2026-02-07 08:34:55.947965
ATMN,24.84,24.84,25.03,2409200.0,2018300.0,,0,0,0,0,0,0,0,0,0,0,0,0,0,0,0,0,0,0,0,0,0,0,0,0,0,0,0,0,0,0,0,0,0,76,2026-02-07 08:34:55.947965
WNTR,25.98,25.84,25.93,2257300.0,2032000.0,,0,0,0,0,0,0,0,0,0,0,0,0,0,0,0,0,0,0,0,0,0,0,0,0,0,0,0,0,0,0,0,0,0,76,2026-02-07 08:34:55.947965
SPNG,25.77,25.54,25.77,100.0,2014100.0,1817800.0,100.0,0,0,0,0,0,0,0,0,0,0,0,0,0,0,0,0,0,0,0,0,0,0,0,0,0,0,0,0,0,0,0,0,77,2026-02-07 08:34:56.982682
SMMR,24.8,24.83,24.95,4953.0,1247300.0,1948900.0,10000.0,0,0,0,0,0,0,0,0,0,0,0,0,0,0,0,0,0,0,0,0,0,0,0,0,0,0,0,0,0,0,0,0,77,2026-02-07 08:34:56.982682
ATMN,24.79,24.86,24.96,100.0,2406800.0,2119300.0,,0,0,0,0,0,0,0,0,0,0,0,0,0,0,0,0,0,0,0,0,0,0,0,0,0,0,0,0,0,0,0,0,77,2026-02-07 08:34:56.982682
WNTR,25.86,25.84,25.86,,2257300.0,2072000.0,,0,0,0,0,0,0,0,0,0,0,0,0,0,0,0,0,0,0,0,0,0,0,0,0,0,0,0,0,0,0,0,0,77,2026-02-07 08:34:56.982682
SPNG,25.92,25.54,25.92,200.0,2107100.0,1560500.0,,0,0,0,0,0,0,0,0,0,0,0,0,0,0,0,0,0,0,0,0,0,0,0,0,0,0,0,0,0,0,0,0,78,2026-02-07 08:34:58.020281
SMMR,24.8,24.8,24.87,,1338800.0,1983400.0,10000.0,0,0,0,0,0,0,0,0,0,0,0,0,0,0,0,0,0,0,0,0,0,0,0,0,0,0,0,0,0,0,0,0,78,2026-02-07 08:34:58.020281
ATMN,24.79,24.95,24.96,2729.0,2221800.0,2119300.0,,0,0,0,0,0,0,0,0,0,0,0,0,0,0,0,0,0,0,0,0,0,0,0,0,0,0,0,0,0,0,0,0,78,2026-02-07 08:34:58.020281
WNTR,25.86,25.84,25.86,6236.0,2139800.0,2086300.0,,0,0,0,0,0,0,0,0,0,0,0,0,0,0,0,0,0,0,0,0,0,0,0,0,0,0,0,0,0,0,0,0,78,2026-02-07 08:34:58.020281
SPNG,26.01,25.58,26.01,7500.0,2107100.0,1593800.0,,0,0,0,0,0,0,0,0,0,0,0,0,0,0,0,0,0,0,0,0,0,0,0,0,0,0,0,0,0,0,0,0,79,2026-02-07 08:34:59.066901
SMMR,24.8,24.8,24.84,,1540900.0,1865300.0,20000.0,0,0,0,0,0,0,0,0,0,0,0,0,0,0,0,0,0,0,0,0,0,0,0,0,0,0,0,0,0,0,0,0,79,2026-02-07 08:34:59.066901
ATMN,25.03,24.95,25.03,6673.0,2083300.0,2238400.0,,0,0,0,0,0,0,0,0,0,0,0,0,0,0,0,0,0,0,0,0,0,0,0,0,0,0,0,0,0,0,0,0,79,2026-02-07 08:34:59.066901
WNTR,25.87,25.84,25.87,6236.0,2152100.0,2070900.0,,0,0,0,0,0,0,0,0,0,0,0,0,0,0,0,0,0,0,0,0,0,0,0,0,0,0,0,0,0,0,0,0,79,2026-02-07 08:34:59.066901
SPNG,25.87,25.53,25.71,2107100.0,1808900.0,,,0,0,0,0,0,0,0,0,0,0,0,0,0,0,0,0,0,0,0,0,0,0,0,0,0,0,0,0,0,0,0,0,80,2026-02-07 08:35:00.143312
SMMR,24.78,24.78,24.81,1678400.0,1972800.0,4500.0,,0,0,0,0,0,0,0,0,0,0,0,0,0,0,0,0,0,0,0,0,0,0,0,0,0,0,0,0,0,0,0,0,80,2026-02-07 08:35:00.143312
ATMN,25.26,24.99,25.02,2315800.0,2004300.0,4906.0,100.0,0,0,0,0,0,0,0,0,0,0,0,0,0,0,0,0,0,0,0,0,0,0,0,0,0,0,0,0,0,0,0,0,80,2026-02-07 08:35:00.143312
WNTR,25.81,25.81,25.84,2152300.0,1987100.0,4742.0,,0,0,0,0,0,0,0,0,0,0,0,0,0,0,0,0,0,0,0,0,0,0,0,0,0,0,0,0,0,0,0,0,80,2026-02-07 08:35:00.143312
SPNG,25.87,25.64,25.71,5220.0,2326100.0,2004400.0,,0,0,0,0,0,0,0,0,0,0,0,0,0,0,0,0,0,0,0,0,0,0,0,0,0,0,0,0,0,0,0,0,81,2026-02-07 08:35:01.191527
SMMR,24.87,24.8,24.87,,1926900.0,2071700.0,,0,0,0,0,0,0,0,0,0,0,0,0,0,0,0,0,0,0,0,0,0,0,0,0,0,0,0,0,0,0,0,0,81,2026-02-07 08:35:01.191527
ATMN,25.22,25.0,25.22,4649.0,2347400.0,2142100.0,1520.0,0,0,0,0,0,0,0,0,0,0,0,0,0,0,0,0,0,0,0,0,0,0,0,0,0,0,0,0,0,0,0,0,81,2026-02-07 08:35:01.191527
WNTR,25.87,25.92,25.94,4384.0,2160700.0,1981800.0,4384.0,0,0,0,0,0,0,0,0,0,0,0,0,0,0,0,0,0,0,0,0,0,0,0,0,0,0,0,0,0,0,0,0,81,2026-02-07 08:35:01.191527
SPNG,25.6,25.6,25.71,2326100.0,2117600.0,,,0,0,0,0,0,0,0,0,0,0,0,0,0,0,0,0,0,0,0,0,0,0,0,0,0,0,0,0,0,0,0,0,82,2026-02-07 08:35:02.287643
SMMR,24.87,24.82,24.87,2153900.0,2037200.0,9792.0,,0,0,0,0,0,0,0,0,0,0,0,0,0,0,0,0,0,0,0,0,0,0,0,0,0,0,0,0,0,0,0,0,82,2026-02-07 08:35:02.287643
ATMN,25.11,25.04,25.11,2216300.0,2269400.0,14649.0,1520.0,0,0,0,0,0,0,0,0,0,0,0,0,0,0,0,0,0,0,0,0,0,0,0,0,0,0,0,0,0,0,0,0,82,2026-02-07 08:35:02.287643
WNTR,25.78,25.78,25.82,2158300.0,1909900.0,,14233.0,0,0,0,0,0,0,0,0,0,0,0,0,0,0,0,0,0,0,0,0,0,0,0,0,0,0,0,0,0,0,0,0,82,2026-02-07 08:35:02.287643
SPNG,25.43,25.43,25.71,2032300.0,2117600.0,,,0,0,0,0,0,0,0,0,0,0,0,0,0,0,0,0,0,0,0,0,0,0,0,0,0,0,0,0,0,0,0,0,83,2026-02-07 08:35:02.883574
SMMR,24.99,24.82,24.97,2153900.0,2083700.0,9792.0,,0,0,0,0,0,0,0,0,0,0,0,0,0,0,0,0,0,0,0,0,0,0,0,0,0,0,0,0,0,0,0,0,83,2026-02-07 08:35:02.883574
ATMN,25.11,25.17,25.22,2232500.0,2142100.0,14649.0,1520.0,0,0,0,0,0,0,0,0,0,0,0,0,0,0,0,0,0,0,0,0,0,0,0,0,0,0,0,0,0,0,0,0,83,2026-02-07 08:35:02.883574
WNTR,25.92,25.78,25.92,2263900.0,1989200.0,,4384.0,0,0,0,0,0,0,0,0,0,0,0,0,0,0,0,0,0,0,0,0,0,0,0,0,0,0,0,0,0,0,0,0,83,2026-02-07 08:35:02.883574
SPNG,25.43,25.43,25.71,2032300.0,2133500.0,,,0,0,0,0,0,0,0,0,0,0,0,0,0,0,0,0,0,0,0,0,0,0,0,0,0,0,0,0,0,0,0,0,84,2026-02-07 08:35:03.953368
SMMR,24.78,24.78,24.97,2043600.0,2083700.0,,,0,0,0,0,0,0,0,0,0,0,0,0,0,0,0,0,0,0,0,0,0,0,0,0,0,0,0,0,0,0,0,0,84,2026-02-07 08:35:03.953368
ATMN,25.04,25.04,25.13,2377300.0,2161200.0,4649.0,3040.0,0,0,0,0,0,0,0,0,0,0,0,0,0,0,0,0,0,0,0,0,0,0,0,0,0,0,0,0,0,0,0,0,84,2026-02-07 08:35:03.953368
WNTR,26.03,25.88,26.03,2255500.0,2082600.0,,,0,0,0,0,0,0,0,0,0,0,0,0,0,0,0,0,0,0,0,0,0,0,0,0,0,0,0,0,0,0,0,0,84,2026-02-07 08:35:03.953368
SPNG,25.87,25.43,25.87,2032300.0,2153100.0,0,0,0,0,0,0,0,0,0,0,0,0,0,0,0,0,0,0,0,0,0,0,0,0,0,0,0,0,0,0,0,0,0,0,85,2026-02-07 08:35:05.012371
SMMR,24.93,24.93,24.97,2148700.0,2083700.0,0,0,0,0,0,0,0,0,0,0,0,0,0,0,0,0,0,0,0,0,0,0,0,0,0,0,0,0,0,0,0,0,0,0,85,2026-02-07 08:35:05.012371
ATMN,25.13,25.13,25.22,2446900.0,2341000.0,0,0,0,0,0,0,0,0,0,0,0,0,0,0,0,0,0,0,0,0,0,0,0,0,0,0,0,0,0,0,0,0,0,0,85,2026-02-07 08:35:05.012371
WNTR,25.92,25.86,25.92,2238200.0,2087300.0,0,0,0,0,0,0,0,0,0,0,0,0,0,0,0,0,0,0,0,0,0,0,0,0,0,0,0,0,0,0,0,0,0,0,85,2026-02-07 08:35:05.012371
SPNG,25.87,25.45,25.73,100.0,2032300.0,2181000.0,,0,0,0,0,0,0,0,0,0,0,0,0,0,0,0,0,0,0,0,0,0,0,0,0,0,0,0,0,0,0,0,0,86,2026-02-07 08:35:06.060809
SMMR,24.93,24.78,24.9,,2151700.0,1958800.0,6000.0,0,0,0,0,0,0,0,0,0,0,0,0,0,0,0,0,0,0,0,0,0,0,0,0,0,0,0,0,0,0,0,0,86,2026-02-07 08:35:06.060809
ATMN,24.92,24.92,25.21,,2486400.0,2224100.0,8311.0,0,0,0,0,0,0,0,0,0,0,0,0,0,0,0,0,0,0,0,0,0,0,0,0,0,0,0,0,0,0,0,0,86,2026-02-07 08:35:06.060809
WNTR,26.03,25.87,25.92,9729.0,2136300.0,2123400.0,,0,0,0,0,0,0,0,0,0,0,0,0,0,0,0,0,0,0,0,0,0,0,0,0,0,0,0,0,0,0,0,0,86,2026-02-07 08:35:06.060809
SPNG,25.96,25.45,25.96,100.0,2141000.0,2139700.0,,0,0,0,0,0,0,0,0,0,0,0,0,0,0,0,0,0,0,0,0,0,0,0,0,0,0,0,0,0,0,0,0,87,2026-02-07 08:35:07.104048
SMMR,24.85,24.85,24.9,,2250900.0,1958800.0,6000.0,0,0,0,0,0,0,0,0,0,0,0,0,0,0,0,0,0,0,0,0,0,0,0,0,0,0,0,0,0,0,0,0,87,2026-02-07 08:35:07.104048
ATMN,25.1,25.15,25.22,,2477800.0,2312600.0,,0,0,0,0,0,0,0,0,0,0,0,0,0,0,0,0,0,0,0,0,0,0,0,0,0,0,0,0,0,0,0,0,87,2026-02-07 08:35:07.104048
WNTR,25.92,25.88,25.92,9729.0,2118200.0,2114400.0,,0,0,0,0,0,0,0,0,0,0,0,0,0,0,0,0,0,0,0,0,0,0,0,0,0,0,0,0,0,0,0,0,87,2026-02-07 08:35:07.104048
SPNG,25.59,25.81,25.96,2400400.0,100.0,2139700.0,,0,0,0,0,0,0,0,0,0,0,0,0,0,0,0,0,0,0,0,0,0,0,0,0,0,0,0,0,0,0,0,0,88,2026-02-07 08:35:08.146576
SMMR,24.78,24.78,24.9,2179500.0,,1958800.0,6000.0,0,0,0,0,0,0,0,0,0,0,0,0,0,0,0,0,0,0,0,0,0,0,0,0,0,0,0,0,0,0,0,0,88,2026-02-07 08:35:08.146576
ATMN,25.48,24.82,25.32,2502300.0,,1826200.0,8304.0,0,0,0,0,0,0,0,0,0,0,0,0,0,0,0,0,0,0,0,0,0,0,0,0,0,0,0,0,0,0,0,0,88,2026-02-07 08:35:08.146576
WNTR,25.91,25.9,25.91,1986400.0,18560.0,2112100.0,,0,0,0,0,0,0,0,0,0,0,0,0,0,0,0,0,0,0,0,0,0,0,0,0,0,0,0,0,0,0,0,0,88,2026-02-07 08:35:08.146576
SPNG,25.55,25.61,25.94,2406800.0,100.0,100.0,2064700.0,0,0,0,0,0,0,0,0,0,0,0,0,0,0,0,0,0,0,0,0,0,0,0,0,0,0,0,0,0,0,0,0,89,2026-02-07 08:35:09.184951
SMMR,24.97,24.94,24.97,2271500.0,,,2101300.0,0,0,0,0,0,0,0,0,0,0,0,0,0,0,0,0,0,0,0,0,0,0,0,0,0,0,0,0,0,0,0,0,89,2026-02-07 08:35:09.184951
ATMN,25.48,24.98,25.15,2498700.0,,8304.0,1941300.0,0,0,0,0,0,0,0,0,0,0,0,0,0,0,0,0,0,0,0,0,0,0,0,0,0,0,0,0,0,0,0,0,89,2026-02-07 08:35:09.184951
WNTR,25.97,25.92,25.96,1875000.0,18660.0,1534.0,2008900.0,0,0,0,0,0,0,0,0,0,0,0,0,0,0,0,0,0,0,0,0,0,0,0,0,0,0,0,0,0,0,0,0,89,2026-02-07 08:35:09.184951
SPNG,25.55,25.61,25.75,2508600.0,2173700.0,,0,0,0,0,0,0,0,0,0,0,0,0,0,0,0,0,0,0,0,0,0,0,0,0,0,0,0,0,0,0,0,0,0,90,2026-02-07 08:35:10.225230
SMMR,24.76,24.76,24.91,2068100.0,2005200.0,10000.0,0,0,0,0,0,0,0,0,0,0,0,0,0,0,0,0,0,0,0,0,0,0,0,0,0,0,0,0,0,0,0,0,0,90,2026-02-07 08:35:10.225230
ATMN,25.48,25.11,25.13,2485000.0,2274600.0,,0,0,0,0,0,0,0,0,0,0,0,0,0,0,0,0,0,0,0,0,0,0,0,0,0,0,0,0,0,0,0,0,0,90,2026-02-07 08:35:10.225230
WNTR,25.89,25.88,25.97,2233000.0,2108800.0,,0,0,0,0,0,0,0,0,0,0,0,0,0,0,0,0,0,0,0,0,0,0,0,0,0,0,0,0,0,0,0,0,0,90,2026-02-07 08:35:10.225230
SPNG,25.96,25.61,25.96,2501600.0,2157900.0,,0,0,0,0,0,0,0,0,0,0,0,0,0,0,0,0,0,0,0,0,0,0,0,0,0,0,0,0,0,0,0,0,0,91,2026-02-07 08:35:11.277504
SMMR,24.75,24.75,24.88,2088400.0,1994300.0,10000.0,0,0,0,0,0,0,0,0,0,0,0,0,0,0,0,0,0,0,0,0,0,0,0,0,0,0,0,0,0,0,0,0,0,91,2026-02-07 08:35:11.277504
ATMN,25.11,25.11,25.13,2481100.0,2199400.0,816.0,0,0,0,0,0,0,0,0,0,0,0,0,0,0,0,0,0,0,0,0,0,0,0,0,0,0,0,0,0,0,0,0,0,91,2026-02-07 08:35:11.277504
WNTR,25.88,25.86,25.87,2220100.0,1926600.0,14240.0,0,0,0,0,0,0,0,0,0,0,0,0,0,0,0,0,0,0,0,0,0,0,0,0,0,0,0,0,0,0,0,0,0,91,2026-02-07 08:35:11.277504
SPNG,25.96,25.5,25.96,8833.0,2372000.0,2051500.0,100.0,0,0,0,0,0,0,0,0,0,0,0,0,0,0,0,0,0,0,0,0,0,0,0,0,0,0,0,0,0,0,0,0,92,2026-02-07 08:35:12.373550
SMMR,24.93,24.8,24.88,9233.0,2168300.0,2113100.0,,0,0,0,0,0,0,0,0,0,0,0,0,0,0,0,0,0,0,0,0,0,0,0,0,0,0,0,0,0,0,0,0,92,2026-02-07 08:35:12.373550
ATMN,25.13,24.82,25.13,7959.0,2389600.0,2313400.0,,0,0,0,0,0,0,0,0,0,0,0,0,0,0,0,0,0,0,0,0,0,0,0,0,0,0,0,0,0,0,0,0,92,2026-02-07 08:35:12.373550
WNTR,25.93,25.9,25.93,8604.0,2113400.0,2126500.0,,0,0,0,0,0,0,0,0,0,0,0,0,0,0,0,0,0,0,0,0,0,0,0,0,0,0,0,0,0,0,0,0,92,2026-02-07 08:35:12.373550
SPNG,25.96,25.53,25.84,8833.0,2359400.0,2051500.0,100.0,0,0,0,0,0,0,0,0,0,0,0,0,0,0,0,0,0,0,0,0,0,0,0,0,0,0,0,0,0,0,0,0,93,2026-02-07 08:35:13.031989
SMMR,24.8,24.8,24.88,,2296600.0,2113100.0,,0,0,0,0,0,0,0,0,0,0,0,0,0,0,0,0,0,0,0,0,0,0,0,0,0,0,0,0,0,0,0,0,93,2026-02-07 08:35:13.031989
ATMN,25.15,24.83,24.84,7959.0,2347100.0,2340000.0,,0,0,0,0,0,0,0,0,0,0,0,0,0,0,0,0,0,0,0,0,0,0,0,0,0,0,0,0,0,0,0,0,93,2026-02-07 08:35:13.031989
WNTR,26.01,25.9,25.94,8604.0,2113400.0,2106600.0,,0,0,0,0,0,0,0,0,0,0,0,0,0,0,0,0,0,0,0,0,0,0,0,0,0,0,0,0,0,0,0,0,93,2026-02-07 08:35:13.031989
SPNG,25.44,25.44,25.84,2502000.0,2051500.0,100.0,,0,0,0,0,0,0,0,0,0,0,0,0,0,0,0,0,0,0,0,0,0,0,0,0,0,0,0,0,0,0,0,0,94,2026-02-07 08:35:14.076246
SMMR,24.8,24.8,24.86,2277900.0,2014200.0,6118.0,,0,0,0,0,0,0,0,0,0,0,0,0,0,0,0,0,0,0,0,0,0,0,0,0,0,0,0,0,0,0,0,0,94,2026-02-07 08:35:14.076246
ATMN,25.15,24.83,24.84,2222200.0,2232400.0,4932.0,14913.0,0,0,0,0,0,0,0,0,0,0,0,0,0,0,0,0,0,0,0,0,0,0,0,0,0,0,0,0,0,0,0,0,94,2026-02-07 08:35:14.076246
WNTR,26.01,25.93,26.0,1990200.0,2143200.0,,18604.0,0,0,0,0,0,0,0,0,0,0,0,0,0,0,0,0,0,0,0,0,0,0,0,0,0,0,0,0,0,0,0,0,94,2026-02-07 08:35:14.076246
SPNG,25.3,25.3,25.84,2245000.0,2175800.0,0,0,0,0,0,0,0,0,0,0,0,0,0,0,0,0,0,0,0,0,0,0,0,0,0,0,0,0,0,0,0,0,0,0,95,2026-02-07 08:35:15.126372
SMMR,24.82,24.8,24.81,2277900.0,2136800.0,0,0,0,0,0,0,0,0,0,0,0,0,0,0,0,0,0,0,0,0,0,0,0,0,0,0,0,0,0,0,0,0,0,0,95,2026-02-07 08:35:15.126372
ATMN,24.82,24.82,25.15,2470600.0,2313400.0,0,0,0,0,0,0,0,0,0,0,0,0,0,0,0,0,0,0,0,0,0,0,0,0,0,0,0,0,0,0,0,0,0,0,95,2026-02-07 08:35:15.126372
WNTR,26.01,25.9,26.0,2218800.0,2124300.0,0,0,0,0,0,0,0,0,0,0,0,0,0,0,0,0,0,0,0,0,0,0,0,0,0,0,0,0,0,0,0,0,0,0,95,2026-02-07 08:35:15.126372
SPNG,25.26,25.26,25.73,2136300.0,100.0,2077900.0,,0,0,0,0,0,0,0,0,0,0,0,0,0,0,0,0,0,0,0,0,0,0,0,0,0,0,0,0,0,0,0,0,96,2026-02-07 08:35:16.168968
SMMR,24.81,24.8,24.81,2146500.0,2437.0,2035600.0,8170.0,0,0,0,0,0,0,0,0,0,0,0,0,0,0,0,0,0,0,0,0,0,0,0,0,0,0,0,0,0,0,0,0,96,2026-02-07 08:35:16.168968
ATMN,25.15,24.85,25.15,2348400.0,,2339900.0,100.0,0,0,0,0,0,0,0,0,0,0,0,0,0,0,0,0,0,0,0,0,0,0,0,0,0,0,0,0,0,0,0,0,96,2026-02-07 08:35:16.168968
WNTR,26.0,25.98,26.0,1985300.0,,2108000.0,8994.0,0,0,0,0,0,0,0,0,0,0,0,0,0,0,0,0,0,0,0,0,0,0,0,0,0,0,0,0,0,0,0,0,96,2026-02-07 08:35:16.168968
SPNG,25.23,25.23,25.84,2034500.0,2202200.0,,,0,0,0,0,0,0,0,0,0,0,0,0,0,0,0,0,0,0,0,0,0,0,0,0,0,0,0,0,0,0,0,0,97,2026-02-07 08:35:17.211730
SMMR,24.88,24.8,24.87,2045400.0,2116300.0,16256.0,,0,0,0,0,0,0,0,0,0,0,0,0,0,0,0,0,0,0,0,0,0,0,0,0,0,0,0,0,0,0,0,0,97,2026-02-07 08:35:17.211730
ATMN,25.15,24.88,25.07,2240200.0,2269200.0,9398.0,100.0,0,0,0,0,0,0,0,0,0,0,0,0,0,0,0,0,0,0,0,0,0,0,0,0,0,0,0,0,0,0,0,0,97,2026-02-07 08:35:17.211730
WNTR,26.0,26.0,26.01,2185300.0,2113700.0,,,0,0,0,0,0,0,0,0,0,0,0,0,0,0,0,0,0,0,0,0,0,0,0,0,0,0,0,0,0,0,0,0,97,2026-02-07 08:35:17.211730
SPNG,25.26,25.45,25.96,2278900.0,2359.0,2178100.0,,0,0,0,0,0,0,0,0,0,0,0,0,0,0,0,0,0,0,0,0,0,0,0,0,0,0,0,0,0,0,0,0,98,2026-02-07 08:35:18.259097
SMMR,24.88,24.84,24.87,1899000.0,26000.0,2116300.0,,0,0,0,0,0,0,0,0,0,0,0,0,0,0,0,0,0,0,0,0,0,0,0,0,0,0,0,0,0,0,0,0,98,2026-02-07 08:35:18.259097
ATMN,25.15,24.79,25.15,2477000.0,,2256400.0,2589.0,0,0,0,0,0,0,0,0,0,0,0,0,0,0,0,0,0,0,0,0,0,0,0,0,0,0,0,0,0,0,0,0,98,2026-02-07 08:35:18.259097
WNTR,26.0,26.0,26.01,2092800.0,4856.0,1878700.0,8994.0,0,0,0,0,0,0,0,0,0,0,0,0,0,0,0,0,0,0,0,0,0,0,0,0,0,0,0,0,0,0,0,0,98,2026-02-07 08:35:18.259097
SPNG,25.13,25.75,25.96,2182800.0,2178100.0,,,0,0,0,0,0,0,0,0,0,0,0,0,0,0,0,0,0,0,0,0,0,0,0,0,0,0,0,0,0,0,0,0,99,2026-02-07 08:35:19.297402
SMMR,24.8,24.78,24.79,2270000.0,2154200.0,,,0,0,0,0,0,0,0,0,0,0,0,0,0,0,0,0,0,0,0,0,0,0,0,0,0,0,0,0,0,0,0,0,99,2026-02-07 08:35:19.297402
ATMN,25.15,24.79,25.15,2477000.0,2256400.0,2589.0,,0,0,0,0,0,0,0,0,0,0,0,0,0,0,0,0,0,0,0,0,0,0,0,0,0,0,0,0,0,0,0,0,99,2026-02-07 08:35:19.297402
WNTR,25.9,25.93,25.99,2077800.0,1765100.0,13850.0,5670.0,0,0,0,0,0,0,0,0,0,0,0,0,0,0,0,0,0,0,0,0,0,0,0,0,0,0,0,0,0,0,0,0,99,2026-02-07 08:35:19.297402
SPNG,25.09,25.09,25.96,1928600.0,2182800.0,0,0,0,0,0,0,0,0,0,0,0,0,0,0,0,0,0,0,0,0,0,0,0,0,0,0,0,0,0,0,0,0,0,0,100,2026-02-07 08:35:20.337244
SMMR,24.87,24.78,24.87,2259800.0,2136200.0,0,0,0,0,0,0,0,0,0,0,0,0,0,0,0,0,0,0,0,0,0,0,0,0,0,0,0,0,0,0,0,0,0,0,100,2026-02-07 08:35:20.337244
ATMN,25.07,24.79,24.95,2460000.0,2378400.0,0,0,0,0,0,0,0,0,0,0,0,0,0,0,0,0,0,0,0,0,0,0,0,0,0,0,0,0,0,0,0,0,0,0,100,2026-02-07 08:35:20.337244
WNTR,26.07,25.9,26.07,2189200.0,2101700.0,0,0,0,0,0,0,0,0,0,0,0,0,0,0,0,0,0,0,0,0,0,0,0,0,0,0,0,0,0,0,0,0,0,0,100,2026-02-07 08:35:20.337244
SPNG,26.01,25.41,25.91,2177000.0,6204.0,6204.0,2058400.0,0,0,0,0,0,0,0,0,0,0,0,0,0,0,0,0,0,0,0,0,0,0,0,0,0,0,0,0,0,0,0,0,101,2026-02-07 08:35:21.504496
SMMR,24.76,24.76,24.85,2266400.0,,8392.0,2033700.0,0,0,0,0,0,0,0,0,0,0,0,0,0,0,0,0,0,0,0,0,0,0,0,0,0,0,0,0,0,0,0,0,101,2026-02-07 08:35:21.504496
ATMN,24.81,24.81,25.15,2319900.0,2196.0,6362.0,2222800.0,0,0,0,0,0,0,0,0,0,0,0,0,0,0,0,0,0,0,0,0,0,0,0,0,0,0,0,0,0,0,0,0,101,2026-02-07 08:35:21.504496
WNTR,25.95,25.92,25.95,2106100.0,7820.0,,2120200.0,0,0,0,0,0,0,0,0,0,0,0,0,0,0,0,0,0,0,0,0,0,0,0,0,0,0,0,0,0,0,0,0,101,2026-02-07 08:35:21.504496
SPNG,26.01,25.41,25.55,2177000.0,6204.0,2073700.0,6204.0,0,0,0,0,0,0,0,0,0,0,0,0,0,0,0,0,0,0,0,0,0,0,0,0,0,0,0,0,0,0,0,0,102,2026-02-07 08:35:22.087720
SMMR,24.9,24.76,24.9,2248300.0,,2116100.0,,0,0,0,0,0,0,0,0,0,0,0,0,0,0,0,0,0,0,0,0,0,0,0,0,0,0,0,0,0,0,0,0,102,2026-02-07 08:35:22.087720
ATMN,24.77,24.77,25.15,2474000.0,,2222800.0,6362.0,0,0,0,0,0,0,0,0,0,0,0,0,0,0,0,0,0,0,0,0,0,0,0,0,0,0,0,0,0,0,0,0,102,2026-02-07 08:35:22.087720
WNTR,26.07,25.92,26.07,2106100.0,7820.0,2101700.0,,0,0,0,0,0,0,0,0,0,0,0,0,0,0,0,0,0,0,0,0,0,0,0,0,0,0,0,0,0,0,0,0,102,2026-02-07 08:35:22.087720
SPNG,26.01,25.42,25.52,7446.0,2293100.0,1964700.0,6304.0,0,0,0,0,0,0,0,0,0,0,0,0,0,0,0,0,0,0,0,0,0,0,0,0,0,0,0,0,0,0,0,0,103,2026-02-07 08:35:23.148821
SMMR,24.97,24.76,24.97,,2258500.0,2092700.0,,0,0,0,0,0,0,0,0,0,0,0,0,0,0,0,0,0,0,0,0,0,0,0,0,0,0,0,0,0,0,0,0,103,2026-02-07 08:35:23.148821
ATMN,24.83,24.83,25.14,1845.0,2328400.0,2131000.0,11898.0,0,0,0,0,0,0,0,0,0,0,0,0,0,0,0,0,0,0,0,0,0,0,0,0,0,0,0,0,0,0,0,0,103,2026-02-07 08:35:23.148821
WNTR,25.91,25.91,26.07,,2212700.0,2146100.0,,0,0,0,0,0,0,0,0,0,0,0,0,0,0,0,0,0,0,0,0,0,0,0,0,0,0,0,0,0,0,0,0,103,2026-02-07 08:35:23.148821
SPNG,25.55,25.42,25.55,8377.0,2109900.0,2073700.0,6204.0,0,0,0,0,0,0,0,0,0,0,0,0,0,0,0,0,0,0,0,0,0,0,0,0,0,0,0,0,0,0,0,0,104,2026-02-07 08:35:24.194476
SMMR,24.75,24.75,24.94,,2280800.0,1991200.0,9699.0,0,0,0,0,0,0,0,0,0,0,0,0,0,0,0,0,0,0,0,0,0,0,0,0,0,0,0,0,0,0,0,0,104,2026-02-07 08:35:24.194476
ATMN,25.0,24.87,25.0,1945.0,2209100.0,2002800.0,16030.0,0,0,0,0,0,0,0,0,0,0,0,0,0,0,0,0,0,0,0,0,0,0,0,0,0,0,0,0,0,0,0,0,104,2026-02-07 08:35:24.194476
WNTR,25.9,25.9,26.0,,2202100.0,1979800.0,9920.0,0,0,0,0,0,0,0,0,0,0,0,0,0,0,0,0,0,0,0,0,0,0,0,0,0,0,0,0,0,0,0,0,104,2026-02-07 08:35:24.194476
SPNG,25.41,25.41,25.97,2528500.0,2151600.0,,,0,0,0,0,0,0,0,0,0,0,0,0,0,0,0,0,0,0,0,0,0,0,0,0,0,0,0,0,0,0,0,0,105,2026-02-07 08:35:25.285723
SMMR,24.81,24.74,24.81,2247800.0,2114300.0,,,0,0,0,0,0,0,0,0,0,0,0,0,0,0,0,0,0,0,0,0,0,0,0,0,0,0,0,0,0,0,0,0,105,2026-02-07 08:35:25.285723
ATMN,25.0,24.99,25.0,2480500.0,2333200.0,,,0,0,0,0,0,0,0,0,0,0,0,0,0,0,0,0,0,0,0,0,0,0,0,0,0,0,0,0,0,0,0,0,105,2026-02-07 08:35:25.285723
WNTR,25.86,25.9,25.91,2108500.0,1979800.0,4833.0,2384.0,0,0,0,0,0,0,0,0,0,0,0,0,0,0,0,0,0,0,0,0,0,0,0,0,0,0,0,0,0,0,0,0,105,2026-02-07 08:35:25.285723
SPNG,25.97,25.61,25.97,200.0,2257600.0,2146200.0,,0,0,0,0,0,0,0,0,0,0,0,0,0,0,0,0,0,0,0,0,0,0,0,0,0,0,0,0,0,0,0,0,106,2026-02-07 08:35:26.345455
SMMR,24.85,24.76,24.85,1180.0,2157200.0,2088200.0,,0,0,0,0,0,0,0,0,0,0,0,0,0,0,0,0,0,0,0,0,0,0,0,0,0,0,0,0,0,0,0,0,106,2026-02-07 08:35:26.345455
ATMN,24.99,24.99,25.02,100.0,2335200.0,2331800.0,,0,0,0,0,0,0,0,0,0,0,0,0,0,0,0,0,0,0,0,0,0,0,0,0,0,0,0,0,0,0,0,0,106,2026-02-07 08:35:26.345455
WNTR,25.92,25.86,25.89,3980.0,2090600.0,1979800.0,9254.0,0,0,0,0,0,0,0,0,0,0,0,0,0,0,0,0,0,0,0,0,0,0,0,0,0,0,0,0,0,0,0,0,106,2026-02-07 08:35:26.345455
SPNG,25.69,25.69,25.77,1905900.0,860.0,2103300.0,,0,0,0,0,0,0,0,0,0,0,0,0,0,0,0,0,0,0,0,0,0,0,0,0,0,0,0,0,0,0,0,0,107,2026-02-07 08:35:27.379482
SMMR,24.95,24.76,24.79,2037900.0,2098.0,2018100.0,9197.0,0,0,0,0,0,0,0,0,0,0,0,0,0,0,0,0,0,0,0,0,0,0,0,0,0,0,0,0,0,0,0,0,107,2026-02-07 08:35:27.379482
ATMN,24.99,25.0,25.01,2134600.0,3337.0,2085400.0,11140.0,0,0,0,0,0,0,0,0,0,0,0,0,0,0,0,0,0,0,0,0,0,0,0,0,0,0,0,0,0,0,0,0,107,2026-02-07 08:35:27.379482
WNTR,25.92,25.87,25.88,1993000.0,6475.0,1857700.0,9354.0,0,0,0,0,0,0,0,0,0,0,0,0,0,0,0,0,0,0,0,0,0,0,0,0,0,0,0,0,0,0,0,0,107,2026-02-07 08:35:27.379482
SPNG,25.41,25.66,25.72,100.0,2397400.0,2124900.0,,0,0,0,0,0,0,0,0,0,0,0,0,0,0,0,0,0,0,0,0,0,0,0,0,0,0,0,0,0,0,0,0,108,2026-02-07 08:35:28.440170
SMMR,24.98,24.98,24.99,2397.0,1908300.0,2081900.0,,0,0,0,0,0,0,0,0,0,0,0,0,0,0,0,0,0,0,0,0,0,0,0,0,0,0,0,0,0,0,0,0,108,2026-02-07 08:35:28.440170
ATMN,24.86,24.84,24.86,6633.0,2328800.0,1826800.0,11340.0,0,0,0,0,0,0,0,0,0,0,0,0,0,0,0,0,0,0,0,0,0,0,0,0,0,0,0,0,0,0,0,0,108,2026-02-07 08:35:28.440170
WNTR,25.92,25.88,25.89,13610.0,1886400.0,1955800.0,7135.0,0,0,0,0,0,0,0,0,0,0,0,0,0,0,0,0,0,0,0,0,0,0,0,0,0,0,0,0,0,0,0,0,108,2026-02-07 08:35:28.440170
SPNG,25.53,25.41,25.53,2522500.0,2069000.0,1029.0,,0,0,0,0,0,0,0,0,0,0,0,0,0,0,0,0,0,0,0,0,0,0,0,0,0,0,0,0,0,0,0,0,109,2026-02-07 08:35:29.040620
SMMR,24.98,24.84,24.95,1902600.0,2102300.0,,2397.0,0,0,0,0,0,0,0,0,0,0,0,0,0,0,0,0,0,0,0,0,0,0,0,0,0,0,0,0,0,0,0,0,109,2026-02-07 08:35:29.040620
ATMN,24.81,24.81,24.86,2485100.0,1705500.0,11440.0,,0,0,0,0,0,0,0,0,0,0,0,0,0,0,0,0,0,0,0,0,0,0,0,0,0,0,0,0,0,0,0,0,109,2026-02-07 08:35:29.040620
WNTR,25.92,25.88,25.89,1883500.0,1970800.0,7135.0,13610.0,0,0,0,0,0,0,0,0,0,0,0,0,0,0,0,0,0,0,0,0,0,0,0,0,0,0,0,0,0,0,0,0,109,2026-02-07 08:35:29.040620
SPNG,25.53,25.45,25.52,5783.0,2183300.0,1129.0,1955800.0,0,0,0,0,0,0,0,0,0,0,0,0,0,0,0,0,0,0,0,0,0,0,0,0,0,0,0,0,0,0,0,0,110,2026-02-07 08:35:30.088462
SMMR,24.84,24.84,24.85,2397.0,1902600.0,5156.0,1992500.0,0,0,0,0,0,0,0,0,0,0,0,0,0,0,0,0,0,0,0,0,0,0,0,0,0,0,0,0,0,0,0,0,110,2026-02-07 08:35:30.088462
ATMN,24.81,24.81,24.82,,2466400.0,11640.0,1516300.0,0,0,0,0,0,0,0,0,0,0,0,0,0,0,0,0,0,0,0,0,0,0,0,0,0,0,0,0,0,0,0,0,110,2026-02-07 08:35:30.088462
WNTR,25.85,25.85,25.88,,2208500.0,9339.0,1850900.0,0,0,0,0,0,0,0,0,0,0,0,0,0,0,0,0,0,0,0,0,0,0,0,0,0,0,0,0,0,0,0,0,110,2026-02-07 08:35:30.088462
SPNG,25.41,25.41,25.72,2507800.0,2124900.0,,0,0,0,0,0,0,0,0,0,0,0,0,0,0,0,0,0,0,0,0,0,0,0,0,0,0,0,0,0,0,0,0,0,111,2026-02-07 08:35:31.126428
SMMR,24.85,24.74,24.85,2225900.0,1992500.0,8728.0,0,0,0,0,0,0,0,0,0,0,0,0,0,0,0,0,0,0,0,0,0,0,0,0,0,0,0,0,0,0,0,0,0,111,2026-02-07 08:35:31.126428
ATMN,24.84,24.81,24.84,2466400.0,2311200.0,,0,0,0,0,0,0,0,0,0,0,0,0,0,0,0,0,0,0,0,0,0,0,0,0,0,0,0,0,0,0,0,0,0,111,2026-02-07 08:35:31.126428
WNTR,25.8,25.8,25.88,2189600.0,2048500.0,,0,0,0,0,0,0,0,0,0,0,0,0,0,0,0,0,0,0,0,0,0,0,0,0,0,0,0,0,0,0,0,0,0,111,2026-02-07 08:35:31.126428
SPNG,25.41,25.28,25.3,2524300.0,2040300.0,4656.0,,0,0,0,0,0,0,0,0,0,0,0,0,0,0,0,0,0,0,0,0,0,0,0,0,0,0,0,0,0,0,0,0,112,2026-02-07 08:35:32.230803
SMMR,24.83,24.92,24.98,2113100.0,2107000.0,,6670.0,0,0,0,0,0,0,0,0,0,0,0,0,0,0,0,0,0,0,0,0,0,0,0,0,0,0,0,0,0,0,0,0,112,2026-02-07 08:35:32.230803
ATMN,24.84,24.82,24.83,2321100.0,2091100.0,8233.0,3713.0,0,0,0,0,0,0,0,0,0,0,0,0,0,0,0,0,0,0,0,0,0,0,0,0,0,0,0,0,0,0,0,0,112,2026-02-07 08:35:32.230803
WNTR,25.8,25.83,25.85,1988400.0,1900900.0,13538.0,9504.0,0,0,0,0,0,0,0,0,0,0,0,0,0,0,0,0,0,0,0,0,0,0,0,0,0,0,0,0,0,0,0,0,112,2026-02-07 08:35:32.230803
SPNG,25.3,25.48,25.72,2116900.0,4319.0,2059700.0,4656.0,0,0,0,0,0,0,0,0,0,0,0,0,0,0,0,0,0,0,0,0,0,0,0,0,0,0,0,0,0,0,0,0,113,2026-02-07 08:35:33.280034
SMMR,24.98,24.92,24.98,2080500.0,6670.0,2016300.0,428.0,0,0,0,0,0,0,0,0,0,0,0,0,0,0,0,0,0,0,0,0,0,0,0,0,0,0,0,0,0,0,0,0,113,2026-02-07 08:35:33.280034
ATMN,24.72,24.75,24.9,2385700.0,8208.0,2197300.0,8208.0,0,0,0,0,0,0,0,0,0,0,0,0,0,0,0,0,0,0,0,0,0,0,0,0,0,0,0,0,0,0,0,0,113,2026-02-07 08:35:33.280034
WNTR,25.88,25.83,25.88,1974800.0,9504.0,2095400.0,,0,0,0,0,0,0,0,0,0,0,0,0,0,0,0,0,0,0,0,0,0,0,0,0,0,0,0,0,0,0,0,0,113,2026-02-07 08:35:33.280034
SPNG,25.28,25.28,25.71,2283000.0,3996.0,4756.0,1946500.0,0,0,0,0,0,0,0,0,0,0,0,0,0,0,0,0,0,0,0,0,0,0,0,0,0,0,0,0,0,0,0,0,114,2026-02-07 08:35:34.348685
SMMR,24.73,24.73,24.88,2241900.0,,528.0,1930400.0,0,0,0,0,0,0,0,0,0,0,0,0,0,0,0,0,0,0,0,0,0,0,0,0,0,0,0,0,0,0,0,0,114,2026-02-07 08:35:34.348685
ATMN,24.84,24.84,24.86,2363300.0,8208.0,100.0,2218100.0,0,0,0,0,0,0,0,0,0,0,0,0,0,0,0,0,0,0,0,0,0,0,0,0,0,0,0,0,0,0,0,0,114,2026-02-07 08:35:34.348685
WNTR,25.94,25.84,25.94,1843100.0,18131.0,,2104300.0,0,0,0,0,0,0,0,0,0,0,0,0,0,0,0,0,0,0,0,0,0,0,0,0,0,0,0,0,0,0,0,0,114,2026-02-07 08:35:34.348685
SPNG,25.77,25.28,25.77,2454400.0,2127200.0,,0,0,0,0,0,0,0,0,0,0,0,0,0,0,0,0,0,0,0,0,0,0,0,0,0,0,0,0,0,0,0,0,0,115,2026-02-07 08:35:35.411423
SMMR,24.73,24.75,24.98,2228400.0,2107000.0,,0,0,0,0,0,0,0,0,0,0,0,0,0,0,0,0,0,0,0,0,0,0,0,0,0,0,0,0,0,0,0,0,0,115,2026-02-07 08:35:35.411423
ATMN,24.82,24.88,25.02,2346500.0,2312700.0,2124.0,0,0,0,0,0,0,0,0,0,0,0,0,0,0,0,0,0,0,0,0,0,0,0,0,0,0,0,0,0,0,0,0,0,115,2026-02-07 08:35:35.411423
WNTR,26.0,25.9,26.0,2179900.0,2093300.0,,0,0,0,0,0,0,0,0,0,0,0,0,0,0,0,0,0,0,0,0,0,0,0,0,0,0,0,0,0,0,0,0,0,115,2026-02-07 08:35:35.411423
SPNG,25.77,25.74,25.76,1262.0,2266800.0,2188500.0,,0,0,0,0,0,0,0,0,0,0,0,0,0,0,0,0,0,0,0,0,0,0,0,0,0,0,0,0,0,0,0,0,116,2026-02-07 08:35:36.511486
SMMR,25.0,24.75,24.9,,2212700.0,1996500.0,1281.0,0,0,0,0,0,0,0,0,0,0,0,0,0,0,0,0,0,0,0,0,0,0,0,0,0,0,0,0,0,0,0,0,116,2026-02-07 08:35:36.511486
ATMN,24.82,25.0,25.02,2124.0,2343400.0,2320900.0,,0,0,0,0,0,0,0,0,0,0,0,0,0,0,0,0,0,0,0,0,0,0,0,0,0,0,0,0,0,0,0,0,116,2026-02-07 08:35:36.511486
WNTR,26.0,25.95,26.0,3120.0,2072800.0,2083400.0,,0,0,0,0,0,0,0,0,0,0,0,0,0,0,0,0,0,0,0,0,0,0,0,0,0,0,0,0,0,0,0,0,116,2026-02-07 08:35:36.511486
SPNG,25.77,25.74,25.76,1262.0,2266800.0,2209900.0,,0,0,0,0,0,0,0,0,0,0,0,0,0,0,0,0,0,0,0,0,0,0,0,0,0,0,0,0,0,0,0,0,117,2026-02-07 08:35:37.118262
SMMR,25.0,24.79,24.9,,2208900.0,1996500.0,1281.0,0,0,0,0,0,0,0,0,0,0,0,0,0,0,0,0,0,0,0,0,0,0,0,0,0,0,0,0,0,0,0,0,117,2026-02-07 08:35:37.118262
ATMN,24.98,24.98,25.02,,2485500.0,2320900.0,,0,0,0,0,0,0,0,0,0,0,0,0,0,0,0,0,0,0,0,0,0,0,0,0,0,0,0,0,0,0,0,0,117,2026-02-07 08:35:37.118262
WNTR,25.95,25.95,26.0,,2193500.0,2083400.0,,0,0,0,0,0,0,0,0,0,0,0,0,0,0,0,0,0,0,0,0,0,0,0,0,0,0,0,0,0,0,0,0,117,2026-02-07 08:35:37.118262
SPNG,25.76,25.73,25.75,2401300.0,2200400.0,0,0,0,0,0,0,0,0,0,0,0,0,0,0,0,0,0,0,0,0,0,0,0,0,0,0,0,0,0,0,0,0,0,0,118,2026-02-07 08:35:38.168169
SMMR,25.01,24.79,25.01,2208900.0,2053000.0,0,0,0,0,0,0,0,0,0,0,0,0,0,0,0,0,0,0,0,0,0,0,0,0,0,0,0,0,0,0,0,0,0,0,118,2026-02-07 08:35:38.168169
ATMN,24.98,24.82,24.86,2466300.0,2294100.0,0,0,0,0,0,0,0,0,0,0,0,0,0,0,0,0,0,0,0,0,0,0,0,0,0,0,0,0,0,0,0,0,0,0,118,2026-02-07 08:35:38.168169
WNTR,25.9,25.9,26.0,2179900.0,2096700.0,0,0,0,0,0,0,0,0,0,0,0,0,0,0,0,0,0,0,0,0,0,0,0,0,0,0,0,0,0,0,0,0,0,0,118,2026-02-07 08:35:38.168169
SPNG,25.73,25.38,25.57,2381700.0,2186700.0,0,0,0,0,0,0,0,0,0,0,0,0,0,0,0,0,0,0,0,0,0,0,0,0,0,0,0,0,0,0,0,0,0,0,119,2026-02-07 08:35:39.212898
SMMR,25.01,24.95,25.01,2197400.0,2053000.0,0,0,0,0,0,0,0,0,0,0,0,0,0,0,0,0,0,0,0,0,0,0,0,0,0,0,0,0,0,0,0,0,0,0,119,2026-02-07 08:35:39.212898
ATMN,24.81,24.81,24.86,2494100.0,2294100.0,0,0,0,0,0,0,0,0,0,0,0,0,0,0,0,0,0,0,0,0,0,0,0,0,0,0,0,0,0,0,0,0,0,0,119,2026-02-07 08:35:39.212898
WNTR,26.0,26.01,26.04,2173500.0,2113600.0,0,0,0,0,0,0,0,0,0,0,0,0,0,0,0,0,0,0,0,0,0,0,0,0,0,0,0,0,0,0,0,0,0,0,119,2026-02-07 08:35:39.212898
SPNG,25.76,25.39,0.0,200000.0,,0,0,0,0,0,0,0,0,0,0,0,0,0,0,0,0,0,0,0,0,0,0,0,0,0,0,0,0,0,0,0,0,0,0,120,2026-02-07 08:35:40.273180
SMMR,24.95,23.96,24.07,901500.0,834100.0,0,0,0,0,0,0,0,0,0,0,0,0,0,0,0,0,0,0,0,0,0,0,0,0,0,0,0,0,0,0,0,0,0,0,120,2026-02-07 08:35:40.273180
ATMN,24.7,24.16,0.0,200000.0,,0,0,0,0,0,0,0,0,0,0,0,0,0,0,0,0,0,0,0,0,0,0,0,0,0,0,0,0,0,0,0,0,0,0,120,2026-02-07 08:35:40.273180
WNTR,26.0,23.82,0.0,200000.0,,0,0,0,0,0,0,0,0,0,0,0,0,0,0,0,0,0,0,0,0,0,0,0,0,0,0,0,0,0,0,0,0,0,0,120,2026-02-07 08:35:40.273180
SPNG,25.39,25.39,25.78,1055500.0,986100.0,0,0,0,0,0,0,0,0,0,0,0,0,0,0,0,0,0,0,0,0,0,0,0,0,0,0,0,0,0,0,0,0,0,0,121,2026-02-07 08:35:41.316593
SMMR,23.83,23.89,24.07,887500.0,930600.0,0,0,0,0,0,0,0,0,0,0,0,0,0,0,0,0,0,0,0,0,0,0,0,0,0,0,0,0,0,0,0,0,0,0,121,2026-02-07 08:35:41.316593
ATMN,24.7,24.16,24.23,996300.0,1013600.0,0,0,0,0,0,0,0,0,0,0,0,0,0,0,0,0,0,0,0,0,0,0,0,0,0,0,0,0,0,0,0,0,0,0,121,2026-02-07 08:35:41.316593
WNTR,26.0,23.82,24.09,928500.0,1074400.0,0,0,0,0,0,0,0,0,0,0,0,0,0,0,0,0,0,0,0,0,0,0,0,0,0,0,0,0,0,0,0,0,0,0,121,2026-02-07 08:35:41.316593
SPNG,24.28,24.28,25.78,1232500.0,1092500.0,0,0,0,0,0,0,0,0,0,0,0,0,0,0,0,0,0,0,0,0,0,0,0,0,0,0,0,0,0,0,0,0,0,0,122,2026-02-07 08:35:42.365167
SMMR,23.83,23.89,24.06,887500.0,1245200.0,0,0,0,0,0,0,0,0,0,0,0,0,0,0,0,0,0,0,0,0,0,0,0,0,0,0,0,0,0,0,0,0,0,0,122,2026-02-07 08:35:42.365167
ATMN,24.16,24.16,24.23,1192600.0,1262300.0,0,0,0,0,0,0,0,0,0,0,0,0,0,0,0,0,0,0,0,0,0,0,0,0,0,0,0,0,0,0,0,0,0,0,122,2026-02-07 08:35:42.365167
WNTR,26.0,23.82,24.08,928500.0,1488800.0,0,0,0,0,0,0,0,0,0,0,0,0,0,0,0,0,0,0,0,0,0,0,0,0,0,0,0,0,0,0,0,0,0,0,122,2026-02-07 08:35:42.365167
SPNG,24.28,25.25,25.78,1367500.0,1285700.0,0,0,0,0,0,0,0,0,0,0,0,0,0,0,0,0,0,0,0,0,0,0,0,0,0,0,0,0,0,0,0,0,0,0,123,2026-02-07 08:35:43.419685
SMMR,23.83,23.83,23.94,912000.0,1548000.0,0,0,0,0,0,0,0,0,0,0,0,0,0,0,0,0,0,0,0,0,0,0,0,0,0,0,0,0,0,0,0,0,0,0,123,2026-02-07 08:35:43.419685
ATMN,23.94,24.08,24.13,1232800.0,1659000.0,0,0,0,0,0,0,0,0,0,0,0,0,0,0,0,0,0,0,0,0,0,0,0,0,0,0,0,0,0,0,0,0,0,0,123,2026-02-07 08:35:43.419685
WNTR,23.82,23.82,23.83,965400.0,1736500.0,0,0,0,0,0,0,0,0,0,0,0,0,0,0,0,0,0,0,0,0,0,0,0,0,0,0,0,0,0,0,0,0,0,0,123,2026-02-07 08:35:43.419685
SPNG,25.64,25.25,25.64,1367500.0,1393500.0,0,0,0,0,0,0,0,0,0,0,0,0,0,0,0,0,0,0,0,0,0,0,0,0,0,0,0,0,0,0,0,0,0,0,124,2026-02-07 08:35:44.129848
SMMR,23.83,23.77,23.79,933400.0,1752300.0,0,0,0,0,0,0,0,0,0,0,0,0,0,0,0,0,0,0,0,0,0,0,0,0,0,0,0,0,0,0,0,0,0,0,124,2026-02-07 08:35:44.129848
ATMN,24.08,24.08,24.13,1232800.0,1659000.0,0,0,0,0,0,0,0,0,0,0,0,0,0,0,0,0,0,0,0,0,0,0,0,0,0,0,0,0,0,0,0,0,0,0,124,2026-02-07 08:35:44.129848
WNTR,23.82,23.7,23.77,1003700.0,1976600.0,0,0,0,0,0,0,0,0,0,0,0,0,0,0,0,0,0,0,0,0,0,0,0,0,0,0,0,0,0,0,0,0,0,0,124,2026-02-07 08:35:44.129848
SPNG,25.64,25.25,25.37,1614000.0,1506700.0,0,0,0,0,0,0,0,0,0,0,0,0,0,0,0,0,0,0,0,0,0,0,0,0,0,0,0,0,0,0,0,0,0,0,125,2026-02-07 08:35:45.173569
SMMR,23.69,23.69,23.7,952100.0,1967100.0,0,0,0,0,0,0,0,0,0,0,0,0,0,0,0,0,0,0,0,0,0,0,0,0,0,0,0,0,0,0,0,0,0,0,125,2026-02-07 08:35:45.173569
ATMN,24.26,23.94,24.26,1229300.0,1440400.0,0,0,0,0,0,0,0,0,0,0,0,0,0,0,0,0,0,0,0,0,0,0,0,0,0,0,0,0,0,0,0,0,0,0,125,2026-02-07 08:35:45.173569
WNTR,23.97,23.7,23.97,1111800.0,1729200.0,0,0,0,0,0,0,0,0,0,0,0,0,0,0,0,0,0,0,0,0,0,0,0,0,0,0,0,0,0,0,0,0,0,0,125,2026-02-07 08:35:45.173569
SPNG,25.78,25.25,25.78,1716100.0,1285700.0,,0,0,0,0,0,0,0,0,0,0,0,0,0,0,0,0,0,0,0,0,0,0,0,0,0,0,0,0,0,0,0,0,0,126,2026-02-07 08:35:46.214622
SMMR,23.68,23.68,23.7,1043200.0,1967100.0,,0,0,0,0,0,0,0,0,0,0,0,0,0,0,0,0,0,0,0,0,0,0,0,0,0,0,0,0,0,0,0,0,0,126,2026-02-07 08:35:46.214622
ATMN,23.89,24.17,24.41,1345800.0,1301600.0,,0,0,0,0,0,0,0,0,0,0,0,0,0,0,0,0,0,0,0,0,0,0,0,0,0,0,0,0,0,0,0,0,0,126,2026-02-07 08:35:46.214622
WNTR,23.97,23.77,23.91,1244200.0,1978000.0,9724.0,0,0,0,0,0,0,0,0,0,0,0,0,0,0,0,0,0,0,0,0,0,0,0,0,0,0,0,0,0,0,0,0,0,126,2026-02-07 08:35:46.214622
SPNG,25.19,25.19,25.76,1581100.0,2268.0,1418400.0,,0,0,0,0,0,0,0,0,0,0,0,0,0,0,0,0,0,0,0,0,0,0,0,0,0,0,0,0,0,0,0,0,127,2026-02-07 08:35:47.267656
SMMR,23.68,23.68,23.7,1043200.0,9506.0,1970300.0,9506.0,0,0,0,0,0,0,0,0,0,0,0,0,0,0,0,0,0,0,0,0,0,0,0,0,0,0,0,0,0,0,0,0,127,2026-02-07 08:35:47.267656
ATMN,24.17,24.17,24.27,1345800.0,8197.0,1547000.0,8197.0,0,0,0,0,0,0,0,0,0,0,0,0,0,0,0,0,0,0,0,0,0,0,0,0,0,0,0,0,0,0,0,0,127,2026-02-07 08:35:47.267656
WNTR,23.97,23.78,23.9,1377100.0,9724.0,2088500.0,9824.0,0,0,0,0,0,0,0,0,0,0,0,0,0,0,0,0,0,0,0,0,0,0,0,0,0,0,0,0,0,0,0,0,127,2026-02-07 08:35:47.267656
SPNG,25.3,25.19,25.3,1697500.0,1546900.0,2368.0,,0,0,0,0,0,0,0,0,0,0,0,0,0,0,0,0,0,0,0,0,0,0,0,0,0,0,0,0,0,0,0,0,128,2026-02-07 08:35:48.371909
SMMR,23.67,23.62,23.67,943200.0,1754700.0,17268.0,,0,0,0,0,0,0,0,0,0,0,0,0,0,0,0,0,0,0,0,0,0,0,0,0,0,0,0,0,0,0,0,0,128,2026-02-07 08:35:48.371909
ATMN,24.15,23.98,24.14,1492700.0,1655200.0,13085.0,8197.0,0,0,0,0,0,0,0,0,0,0,0,0,0,0,0,0,0,0,0,0,0,0,0,0,0,0,0,0,0,0,0,0,128,2026-02-07 08:35:48.371909
WNTR,23.73,23.75,23.89,1373100.0,2021500.0,11351.0,,0,0,0,0,0,0,0,0,0,0,0,0,0,0,0,0,0,0,0,0,0,0,0,0,0,0,0,0,0,0,0,0,128,2026-02-07 08:35:48.371909
SPNG,25.68,25.68,25.75,1800000.0,2368.0,1627000.0,,0,0,0,0,0,0,0,0,0,0,0,0,0,0,0,0,0,0,0,0,0,0,0,0,0,0,0,0,0,0,0,0,129,2026-02-07 08:35:49.421798
SMMR,23.67,23.63,23.67,1175400.0,17268.0,1754700.0,3437.0,0,0,0,0,0,0,0,0,0,0,0,0,0,0,0,0,0,0,0,0,0,0,0,0,0,0,0,0,0,0,0,0,129,2026-02-07 08:35:49.421798
ATMN,24.27,24.07,24.27,1789700.0,8197.0,1547000.0,8197.0,0,0,0,0,0,0,0,0,0,0,0,0,0,0,0,0,0,0,0,0,0,0,0,0,0,0,0,0,0,0,0,0,129,2026-02-07 08:35:49.421798
WNTR,23.73,23.75,23.86,1373100.0,11451.0,1981300.0,3197.0,0,0,0,0,0,0,0,0,0,0,0,0,0,0,0,0,0,0,0,0,0,0,0,0,0,0,0,0,0,0,0,0,129,2026-02-07 08:35:49.421798
SPNG,25.15,25.15,25.23,1574000.0,1845500.0,,0,0,0,0,0,0,0,0,0,0,0,0,0,0,0,0,0,0,0,0,0,0,0,0,0,0,0,0,0,0,0,0,0,130,2026-02-07 08:35:50.468358
SMMR,23.62,23.62,23.69,1293300.0,1950500.0,7801.0,0,0,0,0,0,0,0,0,0,0,0,0,0,0,0,0,0,0,0,0,0,0,0,0,0,0,0,0,0,0,0,0,0,130,2026-02-07 08:35:50.468358
ATMN,23.98,23.98,24.41,1641100.0,1412400.0,,0,0,0,0,0,0,0,0,0,0,0,0,0,0,0,0,0,0,0,0,0,0,0,0,0,0,0,0,0,0,0,0,0,130,2026-02-07 08:35:50.468358
WNTR,23.72,23.72,23.91,1244700.0,2266000.0,,0,0,0,0,0,0,0,0,0,0,0,0,0,0,0,0,0,0,0,0,0,0,0,0,0,0,0,0,0,0,0,0,0,130,2026-02-07 08:35:50.468358
SPNG,25.23,25.46,25.71,1810800.0,1836300.0,,,0,0,0,0,0,0,0,0,0,0,0,0,0,0,0,0,0,0,0,0,0,0,0,0,0,0,0,0,0,0,0,0,131,2026-02-07 08:35:51.529077
SMMR,23.56,23.56,23.66,1177100.0,1863100.0,8632.0,,0,0,0,0,0,0,0,0,0,0,0,0,0,0,0,0,0,0,0,0,0,0,0,0,0,0,0,0,0,0,0,0,131,2026-02-07 08:35:51.529077
ATMN,24.41,24.02,24.41,1753500.0,1516700.0,,10000.0,0,0,0,0,0,0,0,0,0,0,0,0,0,0,0,0,0,0,0,0,0,0,0,0,0,0,0,0,0,0,0,0,131,2026-02-07 08:35:51.529077
WNTR,23.79,23.79,23.9,1357600.0,2177700.0,100.0,,0,0,0,0,0,0,0,0,0,0,0,0,0,0,0,0,0,0,0,0,0,0,0,0,0,0,0,0,0,0,0,0,131,2026-02-07 08:35:51.529077
SPNG,25.15,25.15,25.69,1778100.0,100.0,1836300.0,,0,0,0,0,0,0,0,0,0,0,0,0,0,0,0,0,0,0,0,0,0,0,0,0,0,0,0,0,0,0,0,0,132,2026-02-07 08:35:52.201484
SMMR,23.73,23.56,23.73,1307800.0,,2063400.0,,0,0,0,0,0,0,0,0,0,0,0,0,0,0,0,0,0,0,0,0,0,0,0,0,0,0,0,0,0,0,0,0,132,2026-02-07 08:35:52.201484
ATMN,24.41,24.16,24.4,2046300.0,1350.0,1634600.0,20000.0,0,0,0,0,0,0,0,0,0,0,0,0,0,0,0,0,0,0,0,0,0,0,0,0,0,0,0,0,0,0,0,0,132,2026-02-07 08:35:52.201484
WNTR,23.79,23.72,23.75,1244700.0,3490.0,2135500.0,,0,0,0,0,0,0,0,0,0,0,0,0,0,0,0,0,0,0,0,0,0,0,0,0,0,0,0,0,0,0,0,0,132,2026-02-07 08:35:52.201484
SPNG,25.15,25.21,25.69,2017000.0,100.0,1938100.0,,0,0,0,0,0,0,0,0,0,0,0,0,0,0,0,0,0,0,0,0,0,0,0,0,0,0,0,0,0,0,0,0,133,2026-02-07 08:35:53.252504
SMMR,23.73,23.64,23.73,1410200.0,,2113600.0,10000.0,0,0,0,0,0,0,0,0,0,0,0,0,0,0,0,0,0,0,0,0,0,0,0,0,0,0,0,0,0,0,0,0,133,2026-02-07 08:35:53.252504
ATMN,24.41,24.22,24.31,2183500.0,1350.0,1869900.0,24199.0,0,0,0,0,0,0,0,0,0,0,0,0,0,0,0,0,0,0,0,0,0,0,0,0,0,0,0,0,0,0,0,0,133,2026-02-07 08:35:53.252504
WNTR,23.7,23.7,23.73,1111800.0,3490.0,2140300.0,,0,0,0,0,0,0,0,0,0,0,0,0,0,0,0,0,0,0,0,0,0,0,0,0,0,0,0,0,0,0,0,0,133,2026-02-07 08:35:53.252504
SPNG,25.15,25.44,25.51,2126200.0,100.0,1960300.0,100.0,0,0,0,0,0,0,0,0,0,0,0,0,0,0,0,0,0,0,0,0,0,0,0,0,0,0,0,0,0,0,0,0,134,2026-02-07 08:35:54.301020
SMMR,23.67,23.64,23.65,1523800.0,10000.0,2126900.0,,0,0,0,0,0,0,0,0,0,0,0,0,0,0,0,0,0,0,0,0,0,0,0,0,0,0,0,0,0,0,0,0,134,2026-02-07 08:35:54.301020
ATMN,24.41,24.22,24.31,2183500.0,24199.0,2159600.0,1350.0,0,0,0,0,0,0,0,0,0,0,0,0,0,0,0,0,0,0,0,0,0,0,0,0,0,0,0,0,0,0,0,0,134,2026-02-07 08:35:54.301020
WNTR,23.5,23.69,23.71,1115800.0,,2107700.0,3490.0,0,0,0,0,0,0,0,0,0,0,0,0,0,0,0,0,0,0,0,0,0,0,0,0,0,0,0,0,0,0,0,0,134,2026-02-07 08:35:54.301020
SPNG,25.51,25.21,25.51,2017000.0,1970100.0,100.0,,0,0,0,0,0,0,0,0,0,0,0,0,0,0,0,0,0,0,0,0,0,0,0,0,0,0,0,0,0,0,0,0,135,2026-02-07 08:35:55.345104
SMMR,23.64,23.64,23.65,1625400.0,2005800.0,9544.0,11500.0,0,0,0,0,0,0,0,0,0,0,0,0,0,0,0,0,0,0,0,0,0,0,0,0,0,0,0,0,0,0,0,0,135,2026-02-07 08:35:55.345104
ATMN,24.16,24.16,24.31,2331500.0,2108800.0,1801.0,20000.0,0,0,0,0,0,0,0,0,0,0,0,0,0,0,0,0,0,0,0,0,0,0,0,0,0,0,0,0,0,0,0,0,135,2026-02-07 08:35:55.345104
WNTR,23.69,23.52,23.66,1256500.0,2003800.0,10856.0,,0,0,0,0,0,0,0,0,0,0,0,0,0,0,0,0,0,0,0,0,0,0,0,0,0,0,0,0,0,0,0,0,135,2026-02-07 08:35:55.345104
SPNG,25.51,25.39,25.45,2233400.0,1982300.0,100.0,,0,0,0,0,0,0,0,0,0,0,0,0,0,0,0,0,0,0,0,0,0,0,0,0,0,0,0,0,0,0,0,0,136,2026-02-07 08:35:56.397682
SMMR,23.77,23.67,23.77,1757400.0,2122200.0,,100.0,0,0,0,0,0,0,0,0,0,0,0,0,0,0,0,0,0,0,0,0,0,0,0,0,0,0,0,0,0,0,0,0,136,2026-02-07 08:35:56.397682
ATMN,24.31,24.16,24.31,2331500.0,2348500.0,,,0,0,0,0,0,0,0,0,0,0,0,0,0,0,0,0,0,0,0,0,0,0,0,0,0,0,0,0,0,0,0,0,136,2026-02-07 08:35:56.397682
WNTR,23.52,23.52,23.64,1530100.0,2233200.0,5000.0,,0,0,0,0,0,0,0,0,0,0,0,0,0,0,0,0,0,0,0,0,0,0,0,0,0,0,0,0,0,0,0,0,136,2026-02-07 08:35:56.397682
SPNG,25.39,25.39,25.44,2233400.0,200.0,1897000.0,,0,0,0,0,0,0,0,0,0,0,0,0,0,0,0,0,0,0,0,0,0,0,0,0,0,0,0,0,0,0,0,0,137,2026-02-07 08:35:57.431721
SMMR,23.67,23.67,23.7,1757400.0,9544.0,1992300.0,100.0,0,0,0,0,0,0,0,0,0,0,0,0,0,0,0,0,0,0,0,0,0,0,0,0,0,0,0,0,0,0,0,0,137,2026-02-07 08:35:57.431721
ATMN,24.35,23.98,24.35,2187500.0,,2304800.0,,0,0,0,0,0,0,0,0,0,0,0,0,0,0,0,0,0,0,0,0,0,0,0,0,0,0,0,0,0,0,0,0,137,2026-02-07 08:35:57.431721
WNTR,23.52,23.61,23.62,1782000.0,14747.0,2126900.0,2663.0,0,0,0,0,0,0,0,0,0,0,0,0,0,0,0,0,0,0,0,0,0,0,0,0,0,0,0,0,0,0,0,0,137,2026-02-07 08:35:57.431721
SPNG,25.39,25.31,25.39,2395400.0,1774800.0,300.0,,0,0,0,0,0,0,0,0,0,0,0,0,0,0,0,0,0,0,0,0,0,0,0,0,0,0,0,0,0,0,0,0,138,2026-02-07 08:35:58.469482
SMMR,23.64,23.65,23.68,1637000.0,1986300.0,9544.0,9449.0,0,0,0,0,0,0,0,0,0,0,0,0,0,0,0,0,0,0,0,0,0,0,0,0,0,0,0,0,0,0,0,0,138,2026-02-07 08:35:58.469482
ATMN,23.89,23.89,24.3,2067100.0,2186900.0,8958.0,,0,0,0,0,0,0,0,0,0,0,0,0,0,0,0,0,0,0,0,0,0,0,0,0,0,0,0,0,0,0,0,0,138,2026-02-07 08:35:58.469482
WNTR,23.71,23.5,23.71,1696900.0,2362500.0,,,0,0,0,0,0,0,0,0,0,0,0,0,0,0,0,0,0,0,0,0,0,0,0,0,0,0,0,0,0,0,0,0,138,2026-02-07 08:35:58.469482
SPNG,25.45,25.46,25.49,1300.0,2381200.0,200.0,1914200.0,0,0,0,0,0,0,0,0,0,0,0,0,0,0,0,0,0,0,0,0,0,0,0,0,0,0,0,0,0,0,0,0,139,2026-02-07 08:35:59.509370
SMMR,23.7,23.66,23.7,16456.0,1759600.0,9544.0,1989400.0,0,0,0,0,0,0,0,0,0,0,0,0,0,0,0,0,0,0,0,0,0,0,0,0,0,0,0,0,0,0,0,0,139,2026-02-07 08:35:59.509370
ATMN,23.88,24.21,24.34,100.0,2178000.0,9083.0,2186900.0,0,0,0,0,0,0,0,0,0,0,0,0,0,0,0,0,0,0,0,0,0,0,0,0,0,0,0,0,0,0,0,0,139,2026-02-07 08:35:59.509370
WNTR,23.71,23.6,23.65,19265.0,2064700.0,2663.0,2267200.0,0,0,0,0,0,0,0,0,0,0,0,0,0,0,0,0,0,0,0,0,0,0,0,0,0,0,0,0,0,0,0,0,139,2026-02-07 08:35:59.509370
SPNG,25.21,25.15,25.2,2147100.0,2031400.0,100.0,,0,0,0,0,0,0,0,0,0,0,0,0,0,0,0,0,0,0,0,0,0,0,0,0,0,0,0,0,0,0,0,0,140,2026-02-07 08:36:00.606796
SMMR,23.65,23.65,23.7,1983900.0,2099500.0,,,0,0,0,0,0,0,0,0,0,0,0,0,0,0,0,0,0,0,0,0,0,0,0,0,0,0,0,0,0,0,0,0,140,2026-02-07 08:36:00.606796
ATMN,24.21,24.23,24.33,2178000.0,2249700.0,1855.0,100.0,0,0,0,0,0,0,0,0,0,0,0,0,0,0,0,0,0,0,0,0,0,0,0,0,0,0,0,0,0,0,0,0,140,2026-02-07 08:36:00.606796
WNTR,23.64,23.61,23.64,2187500.0,2402300.0,,100.0,0,0,0,0,0,0,0,0,0,0,0,0,0,0,0,0,0,0,0,0,0,0,0,0,0,0,0,0,0,0,0,0,140,2026-02-07 08:36:00.606796
SPNG,25.61,25.15,25.61,2261400.0,2115100.0,,,0,0,0,0,0,0,0,0,0,0,0,0,0,0,0,0,0,0,0,0,0,0,0,0,0,0,0,0,0,0,0,0,141,2026-02-07 08:36:01.180083
SMMR,23.65,23.65,23.7,2110800.0,2123800.0,,,0,0,0,0,0,0,0,0,0,0,0,0,0,0,0,0,0,0,0,0,0,0,0,0,0,0,0,0,0,0,0,0,141,2026-02-07 08:36:01.180083
ATMN,24.03,24.2,24.31,2192500.0,2265100.0,1855.0,,0,0,0,0,0,0,0,0,0,0,0,0,0,0,0,0,0,0,0,0,0,0,0,0,0,0,0,0,0,0,0,0,141,2026-02-07 08:36:01.180083
WNTR,23.64,23.62,23.64,2427900.0,2402300.0,,100.0,0,0,0,0,0,0,0,0,0,0,0,0,0,0,0,0,0,0,0,0,0,0,0,0,0,0,0,0,0,0,0,0,141,2026-02-07 08:36:01.180083
SPNG,25.15,25.15,25.57,2261400.0,10000.0,2026700.0,0,0,0,0,0,0,0,0,0,0,0,0,0,0,0,0,0,0,0,0,0,0,0,0,0,0,0,0,0,0,0,0,0,142,2026-02-07 08:36:02.220595
SMMR,23.73,23.6,23.73,1750600.0,,2142900.0,0,0,0,0,0,0,0,0,0,0,0,0,0,0,0,0,0,0,0,0,0,0,0,0,0,0,0,0,0,0,0,0,0,142,2026-02-07 08:36:02.220595
ATMN,23.93,23.83,23.93,1910100.0,1955.0,2165800.0,0,0,0,0,0,0,0,0,0,0,0,0,0,0,0,0,0,0,0,0,0,0,0,0,0,0,0,0,0,0,0,0,0,142,2026-02-07 08:36:02.220595
WNTR,23.52,23.61,23.64,2437900.0,1997.0,2269200.0,0,0,0,0,0,0,0,0,0,0,0,0,0,0,0,0,0,0,0,0,0,0,0,0,0,0,0,0,0,0,0,0,0,142,2026-02-07 08:36:02.220595
SPNG,25.27,25.27,25.53,2388900.0,20000.0,1927600.0,,0,0,0,0,0,0,0,0,0,0,0,0,0,0,0,0,0,0,0,0,0,0,0,0,0,0,0,0,0,0,0,0,143,2026-02-07 08:36:03.255162
SMMR,23.78,23.63,23.78,1750600.0,,2127500.0,5433.0,0,0,0,0,0,0,0,0,0,0,0,0,0,0,0,0,0,0,0,0,0,0,0,0,0,0,0,0,0,0,0,0,143,2026-02-07 08:36:03.255162
ATMN,24.45,23.85,24.45,2029100.0,,2318800.0,1119.0,0,0,0,0,0,0,0,0,0,0,0,0,0,0,0,0,0,0,0,0,0,0,0,0,0,0,0,0,0,0,0,0,143,2026-02-07 08:36:03.255162
WNTR,23.61,23.61,23.64,2547400.0,1997.0,2269200.0,,0,0,0,0,0,0,0,0,0,0,0,0,0,0,0,0,0,0,0,0,0,0,0,0,0,0,0,0,0,0,0,0,143,2026-02-07 08:36:03.255162
SPNG,25.27,25.27,25.52,2388900.0,1932900.0,20000.0,,0,0,0,0,0,0,0,0,0,0,0,0,0,0,0,0,0,0,0,0,0,0,0,0,0,0,0,0,0,0,0,0,144,2026-02-07 08:36:04.302807
SMMR,23.72,23.66,23.72,1750600.0,2139300.0,,15371.0,0,0,0,0,0,0,0,0,0,0,0,0,0,0,0,0,0,0,0,0,0,0,0,0,0,0,0,0,0,0,0,0,144,2026-02-07 08:36:04.302807
ATMN,23.83,23.82,23.83,2009600.0,2312100.0,,,0,0,0,0,0,0,0,0,0,0,0,0,0,0,0,0,0,0,0,0,0,0,0,0,0,0,0,0,0,0,0,0,144,2026-02-07 08:36:04.302807
WNTR,23.65,23.62,23.63,2386800.0,2267200.0,9262.0,8195.0,0,0,0,0,0,0,0,0,0,0,0,0,0,0,0,0,0,0,0,0,0,0,0,0,0,0,0,0,0,0,0,0,144,2026-02-07 08:36:04.302807
SPNG,25.35,25.14,25.35,2159300.0,2183600.0,,0,0,0,0,0,0,0,0,0,0,0,0,0,0,0,0,0,0,0,0,0,0,0,0,0,0,0,0,0,0,0,0,0,145,2026-02-07 08:36:05.374231
SMMR,23.78,23.69,23.78,1866000.0,2132900.0,10000.0,0,0,0,0,0,0,0,0,0,0,0,0,0,0,0,0,0,0,0,0,0,0,0,0,0,0,0,0,0,0,0,0,0,145,2026-02-07 08:36:05.374231
ATMN,23.83,23.89,24.1,2304200.0,2372300.0,,0,0,0,0,0,0,0,0,0,0,0,0,0,0,0,0,0,0,0,0,0,0,0,0,0,0,0,0,0,0,0,0,0,145,2026-02-07 08:36:05.374231
WNTR,23.65,23.61,23.65,2464900.0,2363500.0,,0,0,0,0,0,0,0,0,0,0,0,0,0,0,0,0,0,0,0,0,0,0,0,0,0,0,0,0,0,0,0,0,0,145,2026-02-07 08:36:05.374231
SPNG,25.04,25.04,25.55,2057500.0,2197600.0,,0,0,0,0,0,0,0,0,0,0,0,0,0,0,0,0,0,0,0,0,0,0,0,0,0,0,0,0,0,0,0,0,0,146,2026-02-07 08:36:06.451886
SMMR,23.79,23.71,23.79,1866000.0,2158800.0,20000.0,0,0,0,0,0,0,0,0,0,0,0,0,0,0,0,0,0,0,0,0,0,0,0,0,0,0,0,0,0,0,0,0,0,146,2026-02-07 08:36:06.451886
ATMN,23.89,23.94,24.1,2573700.0,2400600.0,,0,0,0,0,0,0,0,0,0,0,0,0,0,0,0,0,0,0,0,0,0,0,0,0,0,0,0,0,0,0,0,0,0,146,2026-02-07 08:36:06.451886
WNTR,23.65,23.66,23.71,2439300.0,2362500.0,,0,0,0,0,0,0,0,0,0,0,0,0,0,0,0,0,0,0,0,0,0,0,0,0,0,0,0,0,0,0,0,0,0,146,2026-02-07 08:36:06.451886
SPNG,25.04,25.31,25.55,2323300.0,10000.0,2197600.0,0,0,0,0,0,0,0,0,0,0,0,0,0,0,0,0,0,0,0,0,0,0,0,0,0,0,0,0,0,0,0,0,0,147,2026-02-07 08:36:07.498617
SMMR,23.79,23.65,23.79,1866000.0,6000.0,2150800.0,0,0,0,0,0,0,0,0,0,0,0,0,0,0,0,0,0,0,0,0,0,0,0,0,0,0,0,0,0,0,0,0,0,147,2026-02-07 08:36:07.498617
ATMN,23.94,23.94,24.1,2573700.0,,2470100.0,0,0,0,0,0,0,0,0,0,0,0,0,0,0,0,0,0,0,0,0,0,0,0,0,0,0,0,0,0,0,0,0,0,147,2026-02-07 08:36:07.498617
WNTR,23.6,23.55,23.6,2327000.0,100.0,2350500.0,0,0,0,0,0,0,0,0,0,0,0,0,0,0,0,0,0,0,0,0,0,0,0,0,0,0,0,0,0,0,0,0,0,147,2026-02-07 08:36:07.498617
SPNG,25.31,25.36,25.55,2364700.0,10000.0,2207000.0,,0,0,0,0,0,0,0,0,0,0,0,0,0,0,0,0,0,0,0,0,0,0,0,0,0,0,0,0,0,0,0,0,148,2026-02-07 08:36:08.551164
SMMR,23.65,23.62,23.63,2094500.0,,2019800.0,10000.0,0,0,0,0,0,0,0,0,0,0,0,0,0,0,0,0,0,0,0,0,0,0,0,0,0,0,0,0,0,0,0,0,148,2026-02-07 08:36:08.551164
ATMN,24.1,24.16,24.21,2398000.0,,2454100.0,,0,0,0,0,0,0,0,0,0,0,0,0,0,0,0,0,0,0,0,0,0,0,0,0,0,0,0,0,0,0,0,0,148,2026-02-07 08:36:08.551164
WNTR,23.52,23.65,23.72,2340300.0,100.0,2377500.0,,0,0,0,0,0,0,0,0,0,0,0,0,0,0,0,0,0,0,0,0,0,0,0,0,0,0,0,0,0,0,0,0,148,2026-02-07 08:36:08.551164
SPNG,25.31,25.36,25.55,2364700.0,10000.0,2245300.0,0,0,0,0,0,0,0,0,0,0,0,0,0,0,0,0,0,0,0,0,0,0,0,0,0,0,0,0,0,0,0,0,0,149,2026-02-07 08:36:09.605049
SMMR,23.65,23.76,23.79,2200200.0,10000.0,2169900.0,0,0,0,0,0,0,0,0,0,0,0,0,0,0,0,0,0,0,0,0,0,0,0,0,0,0,0,0,0,0,0,0,0,149,2026-02-07 08:36:09.605049
ATMN,24.05,23.84,24.05,2297100.0,100.0,2466400.0,0,0,0,0,0,0,0,0,0,0,0,0,0,0,0,0,0,0,0,0,0,0,0,0,0,0,0,0,0,0,0,0,0,149,2026-02-07 08:36:09.605049
WNTR,23.74,23.66,23.74,2193600.0,200.0,2361600.0,0,0,0,0,0,0,0,0,0,0,0,0,0,0,0,0,0,0,0,0,0,0,0,0,0,0,0,0,0,0,0,0,0,149,2026-02-07 08:36:09.605049
SPNG,25.63,25.31,25.63,2417400.0,2219900.0,,,0,0,0,0,0,0,0,0,0,0,0,0,0,0,0,0,0,0,0,0,0,0,0,0,0,0,0,0,0,0,0,0,150,2026-02-07 08:36:10.706840
SMMR,23.6,23.6,23.72,1979100.0,2074600.0,10000.0,,0,0,0,0,0,0,0,0,0,0,0,0,0,0,0,0,0,0,0,0,0,0,0,0,0,0,0,0,0,0,0,0,150,2026-02-07 08:36:10.706840
ATMN,23.78,23.78,24.21,2139700.0,2454100.0,,,0,0,0,0,0,0,0,0,0,0,0,0,0,0,0,0,0,0,0,0,0,0,0,0,0,0,0,0,0,0,0,0,150,2026-02-07 08:36:10.706840
WNTR,23.52,23.56,23.74,2349800.0,2361600.0,,100.0,0,0,0,0,0,0,0,0,0,0,0,0,0,0,0,0,0,0,0,0,0,0,0,0,0,0,0,0,0,0,0,0,150,2026-02-07 08:36:10.706840
SPNG,25.63,25.31,25.63,2417400.0,2224200.0,,,0,0,0,0,0,0,0,0,0,0,0,0,0,0,0,0,0,0,0,0,0,0,0,0,0,0,0,0,0,0,0,0,151,2026-02-07 08:36:11.277795
SMMR,23.6,23.6,23.72,1979100.0,2074600.0,10000.0,,0,0,0,0,0,0,0,0,0,0,0,0,0,0,0,0,0,0,0,0,0,0,0,0,0,0,0,0,0,0,0,0,151,2026-02-07 08:36:11.277795
ATMN,23.78,23.78,24.21,2250900.0,2448200.0,,,0,0,0,0,0,0,0,0,0,0,0,0,0,0,0,0,0,0,0,0,0,0,0,0,0,0,0,0,0,0,0,0,151,2026-02-07 08:36:11.277795
WNTR,23.52,23.69,23.74,2327600.0,2361600.0,,100.0,0,0,0,0,0,0,0,0,0,0,0,0,0,0,0,0,0,0,0,0,0,0,0,0,0,0,0,0,0,0,0,0,151,2026-02-07 08:36:11.277795
SPNG,25.69,25.57,25.69,2398300.0,100.0,2216500.0,,0,0,0,0,0,0,0,0,0,0,0,0,0,0,0,0,0,0,0,0,0,0,0,0,0,0,0,0,0,0,0,0,152,2026-02-07 08:36:12.330560
SMMR,23.6,23.6,23.69,1970600.0,,1987500.0,20000.0,0,0,0,0,0,0,0,0,0,0,0,0,0,0,0,0,0,0,0,0,0,0,0,0,0,0,0,0,0,0,0,0,152,2026-02-07 08:36:12.330560
ATMN,24.08,23.8,24.08,2370700.0,2950.0,2452600.0,,0,0,0,0,0,0,0,0,0,0,0,0,0,0,0,0,0,0,0,0,0,0,0,0,0,0,0,0,0,0,0,0,152,2026-02-07 08:36:12.330560
WNTR,23.69,23.56,23.68,2349800.0,100.0,2348700.0,,0,0,0,0,0,0,0,0,0,0,0,0,0,0,0,0,0,0,0,0,0,0,0,0,0,0,0,0,0,0,0,0,152,2026-02-07 08:36:12.330560
SPNG,25.57,25.36,25.43,2399800.0,100.0,2244600.0,,0,0,0,0,0,0,0,0,0,0,0,0,0,0,0,0,0,0,0,0,0,0,0,0,0,0,0,0,0,0,0,0,153,2026-02-07 08:36:13.375749
SMMR,23.63,23.63,23.69,2171700.0,,1987500.0,20000.0,0,0,0,0,0,0,0,0,0,0,0,0,0,0,0,0,0,0,0,0,0,0,0,0,0,0,0,0,0,0,0,0,153,2026-02-07 08:36:13.375749
ATMN,23.86,23.78,23.86,2355500.0,,2466300.0,,0,0,0,0,0,0,0,0,0,0,0,0,0,0,0,0,0,0,0,0,0,0,0,0,0,0,0,0,0,0,0,0,153,2026-02-07 08:36:13.375749
WNTR,23.69,23.65,23.68,2228600.0,966.0,2318500.0,,0,0,0,0,0,0,0,0,0,0,0,0,0,0,0,0,0,0,0,0,0,0,0,0,0,0,0,0,0,0,0,0,153,2026-02-07 08:36:13.375749
SPNG,25.43,25.36,25.43,2340400.0,100.0,2241300.0,,0,0,0,0,0,0,0,0,0,0,0,0,0,0,0,0,0,0,0,0,0,0,0,0,0,0,0,0,0,0,0,0,154,2026-02-07 08:36:14.430863
SMMR,23.63,23.67,23.69,2114500.0,3912.0,1987500.0,20000.0,0,0,0,0,0,0,0,0,0,0,0,0,0,0,0,0,0,0,0,0,0,0,0,0,0,0,0,0,0,0,0,0,154,2026-02-07 08:36:14.430863
ATMN,23.77,23.8,23.86,2380300.0,,2427200.0,,0,0,0,0,0,0,0,0,0,0,0,0,0,0,0,0,0,0,0,0,0,0,0,0,0,0,0,0,0,0,0,0,154,2026-02-07 08:36:14.430863
WNTR,23.75,23.66,23.75,2093400.0,3028.0,2349400.0,,0,0,0,0,0,0,0,0,0,0,0,0,0,0,0,0,0,0,0,0,0,0,0,0,0,0,0,0,0,0,0,0,154,2026-02-07 08:36:14.430863
SPNG,25.26,25.26,25.71,2400100.0,2178800.0,0,0,0,0,0,0,0,0,0,0,0,0,0,0,0,0,0,0,0,0,0,0,0,0,0,0,0,0,0,0,0,0,0,0,155,2026-02-07 08:36:15.482609
SMMR,23.63,23.67,23.68,2249000.0,2209600.0,0,0,0,0,0,0,0,0,0,0,0,0,0,0,0,0,0,0,0,0,0,0,0,0,0,0,0,0,0,0,0,0,0,0,155,2026-02-07 08:36:15.482609
ATMN,24.17,23.8,24.13,2380300.0,2437100.0,0,0,0,0,0,0,0,0,0,0,0,0,0,0,0,0,0,0,0,0,0,0,0,0,0,0,0,0,0,0,0,0,0,0,155,2026-02-07 08:36:15.482609
WNTR,23.65,23.65,23.75,2490800.0,2305200.0,0,0,0,0,0,0,0,0,0,0,0,0,0,0,0,0,0,0,0,0,0,0,0,0,0,0,0,0,0,0,0,0,0,0,155,2026-02-07 08:36:15.482609
SPNG,25.47,25.26,25.27,2400100.0,2201600.0,,0,0,0,0,0,0,0,0,0,0,0,0,0,0,0,0,0,0,0,0,0,0,0,0,0,0,0,0,0,0,0,0,0,156,2026-02-07 08:36:16.616516
SMMR,23.69,23.67,23.69,2144200.0,2218800.0,6000.0,0,0,0,0,0,0,0,0,0,0,0,0,0,0,0,0,0,0,0,0,0,0,0,0,0,0,0,0,0,0,0,0,0,156,2026-02-07 08:36:16.616516
ATMN,23.8,23.77,23.8,2354000.0,2492400.0,100.0,0,0,0,0,0,0,0,0,0,0,0,0,0,0,0,0,0,0,0,0,0,0,0,0,0,0,0,0,0,0,0,0,0,156,2026-02-07 08:36:16.616516
WNTR,23.65,23.6,23.62,2305000.0,2275600.0,8063.0,0,0,0,0,0,0,0,0,0,0,0,0,0,0,0,0,0,0,0,0,0,0,0,0,0,0,0,0,0,0,0,0,0,156,2026-02-07 08:36:16.616516
SPNG,25.27,25.26,25.27,2517300.0,2201600.0,,0,0,0,0,0,0,0,0,0,0,0,0,0,0,0,0,0,0,0,0,0,0,0,0,0,0,0,0,0,0,0,0,0,157,2026-02-07 08:36:17.288294
SMMR,23.69,23.67,23.69,2144200.0,2194100.0,6000.0,0,0,0,0,0,0,0,0,0,0,0,0,0,0,0,0,0,0,0,0,0,0,0,0,0,0,0,0,0,0,0,0,0,157,2026-02-07 08:36:17.288294
ATMN,23.77,23.77,23.8,2077900.0,2492400.0,100.0,0,0,0,0,0,0,0,0,0,0,0,0,0,0,0,0,0,0,0,0,0,0,0,0,0,0,0,0,0,0,0,0,0,157,2026-02-07 08:36:17.288294
WNTR,23.75,23.6,23.75,2312500.0,2295700.0,8063.0,0,0,0,0,0,0,0,0,0,0,0,0,0,0,0,0,0,0,0,0,0,0,0,0,0,0,0,0,0,0,0,0,0,157,2026-02-07 08:36:17.288294
SPNG,25.27,25.37,25.4,2278600.0,100.0,2183000.0,,0,0,0,0,0,0,0,0,0,0,0,0,0,0,0,0,0,0,0,0,0,0,0,0,0,0,0,0,0,0,0,0,158,2026-02-07 08:36:18.341897
SMMR,23.75,23.66,23.75,2235200.0,,2073200.0,10000.0,0,0,0,0,0,0,0,0,0,0,0,0,0,0,0,0,0,0,0,0,0,0,0,0,0,0,0,0,0,0,0,0,158,2026-02-07 08:36:18.341897
ATMN,24.13,23.77,23.83,2077900.0,200.0,2500900.0,,0,0,0,0,0,0,0,0,0,0,0,0,0,0,0,0,0,0,0,0,0,0,0,0,0,0,0,0,0,0,0,0,158,2026-02-07 08:36:18.341897
WNTR,23.79,23.63,23.79,2204400.0,8163.0,2319000.0,,0,0,0,0,0,0,0,0,0,0,0,0,0,0,0,0,0,0,0,0,0,0,0,0,0,0,0,0,0,0,0,0,158,2026-02-07 08:36:18.341897
SPNG,25.27,25.37,25.4,2068900.0,200.0,2183000.0,0,0,0,0,0,0,0,0,0,0,0,0,0,0,0,0,0,0,0,0,0,0,0,0,0,0,0,0,0,0,0,0,0,159,2026-02-07 08:36:19.446988
SMMR,23.79,23.68,23.79,2153700.0,10000.0,2140700.0,0,0,0,0,0,0,0,0,0,0,0,0,0,0,0,0,0,0,0,0,0,0,0,0,0,0,0,0,0,0,0,0,0,159,2026-02-07 08:36:19.446988
ATMN,23.56,23.56,23.83,1692200.0,,2500900.0,0,0,0,0,0,0,0,0,0,0,0,0,0,0,0,0,0,0,0,0,0,0,0,0,0,0,0,0,0,0,0,0,0,159,2026-02-07 08:36:19.446988
WNTR,23.91,23.65,23.91,2104100.0,8263.0,2340900.0,0,0,0,0,0,0,0,0,0,0,0,0,0,0,0,0,0,0,0,0,0,0,0,0,0,0,0,0,0,0,0,0,0,159,2026-02-07 08:36:19.446988
SPNG,25.71,25.37,25.42,2325500.0,2197900.0,,0,0,0,0,0,0,0,0,0,0,0,0,0,0,0,0,0,0,0,0,0,0,0,0,0,0,0,0,0,0,0,0,0,160,2026-02-07 08:36:20.559094
SMMR,23.61,23.61,23.62,2282100.0,2084000.0,8491.0,0,0,0,0,0,0,0,0,0,0,0,0,0,0,0,0,0,0,0,0,0,0,0,0,0,0,0,0,0,0,0,0,0,160,2026-02-07 08:36:20.559094
ATMN,23.83,23.56,23.83,1943600.0,2500900.0,,0,0,0,0,0,0,0,0,0,0,0,0,0,0,0,0,0,0,0,0,0,0,0,0,0,0,0,0,0,0,0,0,0,160,2026-02-07 08:36:20.559094
WNTR,23.81,23.6,23.81,2439600.0,2370700.0,,0,0,0,0,0,0,0,0,0,0,0,0,0,0,0,0,0,0,0,0,0,0,0,0,0,0,0,0,0,0,0,0,0,160,2026-02-07 08:36:20.559094
SPNG,25.42,25.39,25.42,7385.0,2196600.0,2099000.0,4941.0,0,0,0,0,0,0,0,0,0,0,0,0,0,0,0,0,0,0,0,0,0,0,0,0,0,0,0,0,0,0,0,0,161,2026-02-07 08:36:21.614811
SMMR,23.61,23.64,23.76,8410.0,2168100.0,2081900.0,8410.0,0,0,0,0,0,0,0,0,0,0,0,0,0,0,0,0,0,0,0,0,0,0,0,0,0,0,0,0,0,0,0,0,161,2026-02-07 08:36:21.614811
ATMN,23.88,23.59,23.68,6426.0,2235200.0,2490700.0,,0,0,0,0,0,0,0,0,0,0,0,0,0,0,0,0,0,0,0,0,0,0,0,0,0,0,0,0,0,0,0,0,161,2026-02-07 08:36:21.614811
WNTR,23.65,23.65,23.77,,2470800.0,2246800.0,7913.0,0,0,0,0,0,0,0,0,0,0,0,0,0,0,0,0,0,0,0,0,0,0,0,0,0,0,0,0,0,0,0,0,161,2026-02-07 08:36:21.614811
SPNG,25.26,25.26,25.41,2383300.0,5041.0,2002900.0,,0,0,0,0,0,0,0,0,0,0,0,0,0,0,0,0,0,0,0,0,0,0,0,0,0,0,0,0,0,0,0,0,162,2026-02-07 08:36:22.320062
SMMR,23.61,23.71,23.76,2166600.0,8410.0,2081600.0,8410.0,0,0,0,0,0,0,0,0,0,0,0,0,0,0,0,0,0,0,0,0,0,0,0,0,0,0,0,0,0,0,0,0,162,2026-02-07 08:36:22.320062
ATMN,24.11,24.12,24.13,2339300.0,100.0,2368700.0,12540.0,0,0,0,0,0,0,0,0,0,0,0,0,0,0,0,0,0,0,0,0,0,0,0,0,0,0,0,0,0,0,0,0,162,2026-02-07 08:36:22.320062
WNTR,23.65,23.68,23.75,2385500.0,8013.0,2142400.0,8263.0,0,0,0,0,0,0,0,0,0,0,0,0,0,0,0,0,0,0,0,0,0,0,0,0,0,0,0,0,0,0,0,0,162,2026-02-07 08:36:22.320062
SPNG,25.49,25.28,25.49,100.0,2233900.0,2070500.0,4941.0,0,0,0,0,0,0,0,0,0,0,0,0,0,0,0,0,0,0,0,0,0,0,0,0,0,0,0,0,0,0,0,0,163,2026-02-07 08:36:23.411221
SMMR,23.71,23.64,23.65,8410.0,2168100.0,2020400.0,10684.0,0,0,0,0,0,0,0,0,0,0,0,0,0,0,0,0,0,0,0,0,0,0,0,0,0,0,0,0,0,0,0,0,163,2026-02-07 08:36:23.411221
ATMN,24.12,23.93,23.98,12540.0,2235200.0,2233500.0,200.0,0,0,0,0,0,0,0,0,0,0,0,0,0,0,0,0,0,0,0,0,0,0,0,0,0,0,0,0,0,0,0,0,163,2026-02-07 08:36:23.411221
WNTR,23.73,23.6,23.66,,2466300.0,2142700.0,8013.0,0,0,0,0,0,0,0,0,0,0,0,0,0,0,0,0,0,0,0,0,0,0,0,0,0,0,0,0,0,0,0,0,163,2026-02-07 08:36:23.411221
SPNG,25.59,25.17,25.59,2418400.0,2071500.0,4941.0,,0,0,0,0,0,0,0,0,0,0,0,0,0,0,0,0,0,0,0,0,0,0,0,0,0,0,0,0,0,0,0,0,164,2026-02-07 08:36:24.480724
SMMR,23.71,23.64,23.65,2046400.0,1879500.0,17409.0,8591.0,0,0,0,0,0,0,0,0,0,0,0,0,0,0,0,0,0,0,0,0,0,0,0,0,0,0,0,0,0,0,0,0,164,2026-02-07 08:36:24.480724
ATMN,24.12,23.93,23.95,2235200.0,2155700.0,300.0,12640.0,0,0,0,0,0,0,0,0,0,0,0,0,0,0,0,0,0,0,0,0,0,0,0,0,0,0,0,0,0,0,0,0,164,2026-02-07 08:36:24.480724
WNTR,23.62,23.62,23.75,2246200.0,2140700.0,8013.0,17987.0,0,0,0,0,0,0,0,0,0,0,0,0,0,0,0,0,0,0,0,0,0,0,0,0,0,0,0,0,0,0,0,0,164,2026-02-07 08:36:24.480724
SPNG,25.67,25.28,25.52,2416200.0,2162900.0,,,0,0,0,0,0,0,0,0,0,0,0,0,0,0,0,0,0,0,0,0,0,0,0,0,0,0,0,0,0,0,0,0,165,2026-02-07 08:36:25.556758
SMMR,23.7,23.61,23.7,2262300.0,2226300.0,,,0,0,0,0,0,0,0,0,0,0,0,0,0,0,0,0,0,0,0,0,0,0,0,0,0,0,0,0,0,0,0,0,165,2026-02-07 08:36:25.556758
ATMN,23.95,23.93,23.95,2249000.0,2481000.0,100.0,,0,0,0,0,0,0,0,0,0,0,0,0,0,0,0,0,0,0,0,0,0,0,0,0,0,0,0,0,0,0,0,0,165,2026-02-07 08:36:25.556758
WNTR,23.75,23.6,23.73,2308500.0,2266900.0,2046.0,10000.0,0,0,0,0,0,0,0,0,0,0,0,0,0,0,0,0,0,0,0,0,0,0,0,0,0,0,0,0,0,0,0,0,165,2026-02-07 08:36:25.556758
SPNG,25.41,25.44,25.62,2266200.0,100.0,2156300.0,,0,0,0,0,0,0,0,0,0,0,0,0,0,0,0,0,0,0,0,0,0,0,0,0,0,0,0,0,0,0,0,0,166,2026-02-07 08:36:26.603039
SMMR,23.7,23.61,23.7,2243500.0,,2226300.0,,0,0,0,0,0,0,0,0,0,0,0,0,0,0,0,0,0,0,0,0,0,0,0,0,0,0,0,0,0,0,0,0,166,2026-02-07 08:36:26.603039
ATMN,23.51,23.51,23.94,2113200.0,,2273400.0,6362.0,0,0,0,0,0,0,0,0,0,0,0,0,0,0,0,0,0,0,0,0,0,0,0,0,0,0,0,0,0,0,0,0,166,2026-02-07 08:36:26.603039
WNTR,23.93,23.71,23.93,2232800.0,12046.0,2370200.0,,0,0,0,0,0,0,0,0,0,0,0,0,0,0,0,0,0,0,0,0,0,0,0,0,0,0,0,0,0,0,0,0,166,2026-02-07 08:36:26.603039
SPNG,25.51,25.44,25.51,2138500.0,7444.0,2181800.0,0,0,0,0,0,0,0,0,0,0,0,0,0,0,0,0,0,0,0,0,0,0,0,0,0,0,0,0,0,0,0,0,0,167,2026-02-07 08:36:27.654412
SMMR,23.61,23.61,23.7,2268100.0,,2226300.0,0,0,0,0,0,0,0,0,0,0,0,0,0,0,0,0,0,0,0,0,0,0,0,0,0,0,0,0,0,0,0,0,0,167,2026-02-07 08:36:27.654412
ATMN,23.5,23.62,23.98,2009100.0,8988.0,2462800.0,0,0,0,0,0,0,0,0,0,0,0,0,0,0,0,0,0,0,0,0,0,0,0,0,0,0,0,0,0,0,0,0,0,167,2026-02-07 08:36:27.654412
WNTR,23.93,23.71,23.77,2232800.0,12046.0,2351100.0,0,0,0,0,0,0,0,0,0,0,0,0,0,0,0,0,0,0,0,0,0,0,0,0,0,0,0,0,0,0,0,0,0,167,2026-02-07 08:36:27.654412
SPNG,25.26,25.33,25.51,2416200.0,2080000.0,3435.0,,0,0,0,0,0,0,0,0,0,0,0,0,0,0,0,0,0,0,0,0,0,0,0,0,0,0,0,0,0,0,0,0,168,2026-02-07 08:36:28.724642
SMMR,23.65,23.65,23.69,2247400.0,2102800.0,9068.0,,0,0,0,0,0,0,0,0,0,0,0,0,0,0,0,0,0,0,0,0,0,0,0,0,0,0,0,0,0,0,0,0,168,2026-02-07 08:36:28.724642
ATMN,23.46,23.73,23.74,1890600.0,2343000.0,8988.0,100.0,0,0,0,0,0,0,0,0,0,0,0,0,0,0,0,0,0,0,0,0,0,0,0,0,0,0,0,0,0,0,0,0,168,2026-02-07 08:36:28.724642
WNTR,23.93,23.71,23.77,2232800.0,2304300.0,,12046.0,0,0,0,0,0,0,0,0,0,0,0,0,0,0,0,0,0,0,0,0,0,0,0,0,0,0,0,0,0,0,0,0,168,2026-02-07 08:36:28.724642
SPNG,25.71,25.17,25.71,2418400.0,2133300.0,,,0,0,0,0,0,0,0,0,0,0,0,0,0,0,0,0,0,0,0,0,0,0,0,0,0,0,0,0,0,0,0,0,169,2026-02-07 08:36:29.817921
SMMR,23.64,23.65,23.68,2158600.0,2010200.0,7562.0,10784.0,0,0,0,0,0,0,0,0,0,0,0,0,0,0,0,0,0,0,0,0,0,0,0,0,0,0,0,0,0,0,0,0,169,2026-02-07 08:36:29.817921
ATMN,23.46,23.48,23.72,1889000.0,2124800.0,6590.0,16546.0,0,0,0,0,0,0,0,0,0,0,0,0,0,0,0,0,0,0,0,0,0,0,0,0,0,0,0,0,0,0,0,0,169,2026-02-07 08:36:29.817921
WNTR,23.68,23.68,23.7,2333100.0,2148400.0,2046.0,7912.0,0,0,0,0,0,0,0,0,0,0,0,0,0,0,0,0,0,0,0,0,0,0,0,0,0,0,0,0,0,0,0,0,169,2026-02-07 08:36:29.817921
SPNG,25.71,25.33,25.61,5022.0,2139800.0,3238.0,2062200.0,0,0,0,0,0,0,0,0,0,0,0,0,0,0,0,0,0,0,0,0,0,0,0,0,0,0,0,0,0,0,0,0,170,2026-02-07 08:36:30.375550
SMMR,23.6,23.6,23.68,,2234700.0,10784.0,1995800.0,0,0,0,0,0,0,0,0,0,0,0,0,0,0,0,0,0,0,0,0,0,0,0,0,0,0,0,0,0,0,0,0,170,2026-02-07 08:36:30.375550
ATMN,23.46,23.58,23.72,6590.0,2295100.0,16546.0,2124800.0,0,0,0,0,0,0,0,0,0,0,0,0,0,0,0,0,0,0,0,0,0,0,0,0,0,0,0,0,0,0,0,0,170,2026-02-07 08:36:30.375550
WNTR,23.56,23.56,23.7,,2444000.0,7912.0,2148400.0,0,0,0,0,0,0,0,0,0,0,0,0,0,0,0,0,0,0,0,0,0,0,0,0,0,0,0,0,0,0,0,0,170,2026-02-07 08:36:30.375550
SPNG,24.98,24.98,25.57,2558400.0,100.0,2062200.0,,0,0,0,0,0,0,0,0,0,0,0,0,0,0,0,0,0,0,0,0,0,0,0,0,0,0,0,0,0,0,0,0,171,2026-02-07 08:36:31.431370
SMMR,23.7,23.63,23.66,2137700.0,,2225400.0,6670.0,0,0,0,0,0,0,0,0,0,0,0,0,0,0,0,0,0,0,0,0,0,0,0,0,0,0,0,0,0,0,0,0,171,2026-02-07 08:36:31.431370
ATMN,23.58,23.58,24.01,2295100.0,,2450100.0,,0,0,0,0,0,0,0,0,0,0,0,0,0,0,0,0,0,0,0,0,0,0,0,0,0,0,0,0,0,0,0,0,171,2026-02-07 08:36:31.431370
WNTR,23.83,23.71,23.83,2410900.0,,2297200.0,,0,0,0,0,0,0,0,0,0,0,0,0,0,0,0,0,0,0,0,0,0,0,0,0,0,0,0,0,0,0,0,0,171,2026-02-07 08:36:31.431370
SPNG,25.69,25.19,25.48,7508.0,2189900.0,2191100.0,,0,0,0,0,0,0,0,0,0,0,0,0,0,0,0,0,0,0,0,0,0,0,0,0,0,0,0,0,0,0,0,0,172,2026-02-07 08:36:32.485714
SMMR,23.6,23.6,23.63,,2248700.0,2133300.0,6670.0,0,0,0,0,0,0,0,0,0,0,0,0,0,0,0,0,0,0,0,0,0,0,0,0,0,0,0,0,0,0,0,0,172,2026-02-07 08:36:32.485714
ATMN,23.92,23.46,23.92,,2178300.0,2315500.0,6519.0,0,0,0,0,0,0,0,0,0,0,0,0,0,0,0,0,0,0,0,0,0,0,0,0,0,0,0,0,0,0,0,0,172,2026-02-07 08:36:32.485714
