ticker,last_price,bid_price,ask_price,BUY_ANON,SELL_ANON,BUY_WRSW-1,BUY_UEBR-1,BUY_BRCH-1,BUY_LAVL-1,SELL_CALG-1,SELL_GIOT-3,SELL_CHUL-4,SELL_LAVL-1,BUY_GIOT-3,BUY_CHUL-4,SELL_UEBR-1,SELL_WRSW-1,BUY_WRSW-3,SELL_WRSW-3,SELL_COLA-1,BUY_CALG-1,BUY_COLA-1,SELL_BRCH-1,BUY_WRSW-4,SELL_LUIS-1,SELL_WRSW-4,BUY_LUIS-1,tick,timestamp
SPNG,0.0,0.0,0.0,2225100.0,1519800.0,0,0,0,0,0,0,0,0,0,0,0,0,0,0,0,0,0,0,0,0,0,0,0,2026-02-06 00:04:38.104426
SMMR,0.0,0.0,0.0,2347100.0,2111800.0,0,0,0,0,0,0,0,0,0,0,0,0,0,0,0,0,0,0,0,0,0,0,0,2026-02-06 00:04:38.104426
ATMN,0.0,0.0,0.0,2036900.0,1356400.0,0,0,0,0,0,0,0,0,0,0,0,0,0,0,0,0,0,0,0,0,0,0,0,2026-02-06 00:04:38.104426
WNTR,0.0,0.0,0.0,1432300.0,2059700.0,0,0,0,0,0,0,0,0,0,0,0,0,0,0,0,0,0,0,0,0,0,0,0,2026-02-06 00:04:38.104426
SPNG,0.0,24.9,25.1,2225100.0,1751200.0,0,0,0,0,0,0,0,0,0,0,0,0,0,0,0,0,0,0,0,0,0,0,1,2026-02-06 00:04:38.673502,2.0,1.0,1.0,,Aggregate Position Limit,Your CRO has set the aggregate position limit to 13000 shares for this week.
SMMR,0.0,24.92,24.99,2315900.0,2228800.0,0,0,0,0,0,0,0,0,0,0,0,0,0,0,0,0,0,0,0,0,0,0,1,2026-02-06 00:04:38.673502,1.0,1.0,1.0,,Welcome to the RITC 2026 Alogithmic Market Making Case - practice server,
ATMN,25.04,24.95,24.96,2049900.0,1394200.0,0,0,0,0,0,0,0,0,0,0,0,0,0,0,0,0,0,0,0,0,0,0,1,2026-02-06 00:04:38.673502,,,,,,
WNTR,0.0,25.02,25.06,1631300.0,2068900.0,0,0,0,0,0,0,0,0,0,0,0,0,0,0,0,0,0,0,0,0,0,0,1,2026-02-06 00:04:38.673502,,,,,,
SPNG,25.1,24.9,25.1,2225100.0,1848800.0,0,0,0,0,0,0,0,0,0,0,0,0,0,0,0,0,0,0,0,0,0,0,2,2026-02-06 00:04:39.821182
SMMR,25.06,24.97,24.98,2287200.0,2220900.0,0,0,0,0,0,0,0,0,0,0,0,0,0,0,0,0,0,0,0,0,0,0,2,2026-02-06 00:04:39.821182
ATMN,24.96,24.95,24.96,2049900.0,1617400.0,0,0,0,0,0,0,0,0,0,0,0,0,0,0,0,0,0,0,0,0,0,0,2,2026-02-06 00:04:39.821182
WNTR,25.06,24.98,25.06,1631800.0,2068900.0,0,0,0,0,0,0,0,0,0,0,0,0,0,0,0,0,0,0,0,0,0,0,2,2026-02-06 00:04:39.821182
SPNG,24.98,24.9,24.98,2254600.0,1982900.0,0,0,0,0,0,0,0,0,0,0,0,0,0,0,0,0,0,0,0,0,0,0,3,2026-02-06 00:04:40.888761
SMMR,24.97,24.97,24.98,2293400.0,2203000.0,0,0,0,0,0,0,0,0,0,0,0,0,0,0,0,0,0,0,0,0,0,0,3,2026-02-06 00:04:40.888761
ATMN,24.95,24.95,24.96,2048000.0,1617400.0,0,0,0,0,0,0,0,0,0,0,0,0,0,0,0,0,0,0,0,0,0,0,3,2026-02-06 00:04:40.888761
WNTR,25.06,25.02,25.06,1729200.0,2085200.0,0,0,0,0,0,0,0,0,0,0,0,0,0,0,0,0,0,0,0,0,0,0,3,2026-02-06 00:04:40.888761
SPNG,25.14,24.9,25.14,2117100.0,7000.0,1840200.0,0,0,0,0,0,0,0,0,0,0,0,0,0,0,0,0,0,0,0,0,0,4,2026-02-06 00:04:41.945534
SMMR,24.99,24.97,24.99,2315000.0,,2216700.0,0,0,0,0,0,0,0,0,0,0,0,0,0,0,0,0,0,0,0,0,0,4,2026-02-06 00:04:41.945534
ATMN,24.84,24.84,24.96,2000100.0,,1617400.0,0,0,0,0,0,0,0,0,0,0,0,0,0,0,0,0,0,0,0,0,0,4,2026-02-06 00:04:41.945534
WNTR,24.96,24.96,25.05,1539800.0,,2057900.0,0,0,0,0,0,0,0,0,0,0,0,0,0,0,0,0,0,0,0,0,0,4,2026-02-06 00:04:41.945534
SPNG,24.9,24.65,24.66,2123200.0,7000.0,1842700.0,0,0,0,0,0,0,0,0,0,0,0,0,0,0,0,0,0,0,0,0,0,5,2026-02-06 00:04:43.018809
SMMR,24.92,24.92,24.98,2315500.0,,2231400.0,0,0,0,0,0,0,0,0,0,0,0,0,0,0,0,0,0,0,0,0,0,5,2026-02-06 00:04:43.018809
ATMN,25.1,24.86,25.1,1905100.0,7000.0,1377500.0,0,0,0,0,0,0,0,0,0,0,0,0,0,0,0,0,0,0,0,0,0,5,2026-02-06 00:04:43.018809
WNTR,25.06,24.99,25.06,1529800.0,,2084900.0,0,0,0,0,0,0,0,0,0,0,0,0,0,0,0,0,0,0,0,0,0,5,2026-02-06 00:04:43.018809
SPNG,24.66,24.79,25.2,2104800.0,7000.0,1958800.0,7000.0,0,0,0,0,0,0,0,0,0,0,0,0,0,0,0,0,0,0,0,0,6,2026-02-06 00:04:44.063385
SMMR,24.99,24.94,24.99,2275000.0,,2216700.0,,0,0,0,0,0,0,0,0,0,0,0,0,0,0,0,0,0,0,0,0,6,2026-02-06 00:04:44.063385
ATMN,25.1,24.86,25.09,1906300.0,7000.0,1539200.0,7000.0,0,0,0,0,0,0,0,0,0,0,0,0,0,0,0,0,0,0,0,0,6,2026-02-06 00:04:44.063385
WNTR,24.92,24.99,25.06,1643200.0,,2084900.0,,0,0,0,0,0,0,0,0,0,0,0,0,0,0,0,0,0,0,0,0,6,2026-02-06 00:04:44.063385
SPNG,25.09,24.79,25.09,2104800.0,7000.0,1969900.0,7000.0,0,0,0,0,0,0,0,0,0,0,0,0,0,0,0,0,0,0,0,0,7,2026-02-06 00:04:45.119471
SMMR,24.94,24.91,24.94,2326300.0,,2226400.0,,0,0,0,0,0,0,0,0,0,0,0,0,0,0,0,0,0,0,0,0,7,2026-02-06 00:04:45.119471
ATMN,25.14,24.86,24.95,1817700.0,14000.0,1759400.0,7000.0,0,0,0,0,0,0,0,0,0,0,0,0,0,0,0,0,0,0,0,0,7,2026-02-06 00:04:45.119471
WNTR,25.06,24.99,25.06,1884300.0,,2064000.0,,0,0,0,0,0,0,0,0,0,0,0,0,0,0,0,0,0,0,0,0,7,2026-02-06 00:04:45.119471
SPNG,25.09,24.87,24.99,2088200.0,7000.0,2203600.0,7000.0,0,0,0,0,0,0,0,0,0,0,0,0,0,0,0,0,0,0,0,0,8,2026-02-06 00:04:46.159313
SMMR,25.09,24.95,25.09,2357700.0,,1982900.0,,0,0,0,0,0,0,0,0,0,0,0,0,0,0,0,0,0,0,0,0,8,2026-02-06 00:04:46.159313
ATMN,24.82,24.82,25.19,1902100.0,7000.0,1746900.0,7000.0,0,0,0,0,0,0,0,0,0,0,0,0,0,0,0,0,0,0,0,0,8,2026-02-06 00:04:46.159313
WNTR,24.92,25.01,25.08,2007500.0,,2060700.0,,0,0,0,0,0,0,0,0,0,0,0,0,0,0,0,0,0,0,0,0,8,2026-02-06 00:04:46.159313
SPNG,24.65,24.85,24.99,2088500.0,7000.0,2203600.0,7000.0,0,0,0,0,0,0,0,0,0,0,0,0,0,0,0,0,0,0,0,0,9,2026-02-06 00:04:47.195759
SMMR,24.89,24.89,24.95,2311000.0,,2119800.0,,0,0,0,0,0,0,0,0,0,0,0,0,0,0,0,0,0,0,0,0,9,2026-02-06 00:04:47.195759
ATMN,24.81,24.92,25.19,2001700.0,,1746900.0,7000.0,0,0,0,0,0,0,0,0,0,0,0,0,0,0,0,0,0,0,0,0,9,2026-02-06 00:04:47.195759
WNTR,25.1,25.01,25.1,2130900.0,,2056000.0,,0,0,0,0,0,0,0,0,0,0,0,0,0,0,0,0,0,0,0,0,9,2026-02-06 00:04:47.195759
SPNG,24.65,24.65,25.09,2094900.0,7000.0,2095500.0,14000.0,0,0,0,0,0,0,0,0,0,0,0,0,0,0,0,0,0,0,0,0,10,2026-02-06 00:04:47.743979
SMMR,25.09,25.1,25.12,2277300.0,,1983400.0,,0,0,0,0,0,0,0,0,0,0,0,0,0,0,0,0,0,0,0,0,10,2026-02-06 00:04:47.743979
ATMN,25.19,24.92,25.19,2001700.0,,1746900.0,7000.0,0,0,0,0,0,0,0,0,0,0,0,0,0,0,0,0,0,0,0,0,10,2026-02-06 00:04:47.743979
WNTR,24.95,24.95,25.12,2008700.0,,2059300.0,,0,0,0,0,0,0,0,0,0,0,0,0,0,0,0,0,0,0,0,0,10,2026-02-06 00:04:47.743979
SPNG,24.65,24.65,24.81,2100000.0,7000.0,2198500.0,7000.0,0,0,0,0,0,0,0,0,0,0,0,0,0,0,0,0,0,0,0,0,11,2026-02-06 00:04:48.786650
SMMR,25.09,25.1,25.12,2277300.0,,2212100.0,,0,0,0,0,0,0,0,0,0,0,0,0,0,0,0,0,0,0,0,0,11,2026-02-06 00:04:48.786650
ATMN,24.92,24.92,25.23,1903100.0,7000.0,1635200.0,7000.0,0,0,0,0,0,0,0,0,0,0,0,0,0,0,0,0,0,0,0,0,11,2026-02-06 00:04:48.786650
WNTR,24.95,24.95,25.1,2008700.0,,2058600.0,,0,0,0,0,0,0,0,0,0,0,0,0,0,0,0,0,0,0,0,0,11,2026-02-06 00:04:48.786650
SPNG,24.65,24.65,25.09,2007700.0,14000.0,2095500.0,14000.0,0,0,0,0,0,0,0,0,0,0,0,0,0,0,0,0,0,0,0,0,12,2026-02-06 00:04:49.833822
SMMR,25.1,24.89,25.0,2311000.0,,2270400.0,,0,0,0,0,0,0,0,0,0,0,0,0,0,0,0,0,0,0,0,0,12,2026-02-06 00:04:49.833822
ATMN,24.92,24.92,24.93,1935700.0,7000.0,1845200.0,7000.0,0,0,0,0,0,0,0,0,0,0,0,0,0,0,0,0,0,0,0,0,12,2026-02-06 00:04:49.833822
WNTR,24.91,24.91,24.95,1904700.0,,2059800.0,,0,0,0,0,0,0,0,0,0,0,0,0,0,0,0,0,0,0,0,0,12,2026-02-06 00:04:49.833822
SPNG,25.1,24.65,25.1,2110000.0,7000.0,2194700.0,7000.0,0,0,0,0,0,0,0,0,0,0,0,0,0,0,0,0,0,0,0,0,13,2026-02-06 00:04:50.890650
SMMR,24.94,24.89,24.94,2308500.0,,2308500.0,,0,0,0,0,0,0,0,0,0,0,0,0,0,0,0,0,0,0,0,0,13,2026-02-06 00:04:50.890650
ATMN,24.97,24.92,24.97,1914600.0,7000.0,1726900.0,14000.0,0,0,0,0,0,0,0,0,0,0,0,0,0,0,0,0,0,0,0,0,13,2026-02-06 00:04:50.890650
WNTR,25.0,24.91,24.95,1904700.0,,2052900.0,,0,0,0,0,0,0,0,0,0,0,0,0,0,0,0,0,0,0,0,0,13,2026-02-06 00:04:50.890650
SPNG,24.67,24.65,24.67,2124100.0,7000.0,2188200.0,7000.0,0,0,0,0,0,0,0,0,0,0,0,0,0,0,0,0,0,0,0,0,14,2026-02-06 00:04:51.936577
SMMR,24.94,24.89,24.91,2319900.0,,2325600.0,,0,0,0,0,0,0,0,0,0,0,0,0,0,0,0,0,0,0,0,0,14,2026-02-06 00:04:51.936577
ATMN,24.98,25.06,25.23,1928300.0,7000.0,1635200.0,,0,0,0,0,0,0,0,0,0,0,0,0,0,0,0,0,0,0,0,0,14,2026-02-06 00:04:51.936577
WNTR,25.0,24.91,24.95,2082600.0,,2052900.0,,0,0,0,0,0,0,0,0,0,0,0,0,0,0,0,0,0,0,0,0,14,2026-02-06 00:04:51.936577
SPNG,24.65,24.74,25.1,1999200.0,14000.0,2194700.0,7000.0,0,0,0,0,0,0,0,0,0,0,0,0,0,0,0,0,0,0,0,0,15,2026-02-06 00:04:52.989205
SMMR,24.94,24.96,25.0,2325900.0,,2270400.0,,0,0,0,0,0,0,0,0,0,0,0,0,0,0,0,0,0,0,0,0,15,2026-02-06 00:04:52.989205
ATMN,24.82,24.82,25.01,1925700.0,7000.0,1742500.0,7000.0,0,0,0,0,0,0,0,0,0,0,0,0,0,0,0,0,0,0,0,0,15,2026-02-06 00:04:52.989205
WNTR,24.95,25.09,25.1,2099500.0,,2058600.0,,0,0,0,0,0,0,0,0,0,0,0,0,0,0,0,0,0,0,0,0,15,2026-02-06 00:04:52.989205
SPNG,24.65,24.87,25.1,2133600.0,7000.0,2203400.0,7000.0,0,0,0,0,0,0,0,0,0,0,0,0,0,0,0,0,0,0,0,0,16,2026-02-06 00:04:54.038772
SMMR,25.17,24.96,25.17,2332200.0,,2286700.0,,0,0,0,0,0,0,0,0,0,0,0,0,0,0,0,0,0,0,0,0,16,2026-02-06 00:04:54.038772
ATMN,24.81,24.81,25.01,2021400.0,,1740500.0,7000.0,0,0,0,0,0,0,0,0,0,0,0,0,0,0,0,0,0,0,0,0,16,2026-02-06 00:04:54.038772
WNTR,25.09,25.09,25.1,2092100.0,,2058600.0,,0,0,0,0,0,0,0,0,0,0,0,0,0,0,0,0,0,0,0,0,16,2026-02-06 00:04:54.038772
SPNG,25.31,24.65,25.31,2119700.0,7000.0,2061200.0,7000.0,0,0,0,0,0,0,0,0,0,0,0,0,0,0,0,0,0,0,0,0,17,2026-02-06 00:04:55.123058
SMMR,25.17,24.96,24.97,2343100.0,,2270000.0,,0,0,0,0,0,0,0,0,0,0,0,0,0,0,0,0,0,0,0,0,17,2026-02-06 00:04:55.123058
ATMN,24.86,25.22,25.23,1919300.0,7000.0,1740500.0,7000.0,0,0,0,0,0,0,0,0,0,0,0,0,0,0,0,0,0,0,0,0,17,2026-02-06 00:04:55.123058
WNTR,25.12,25.06,25.12,2112700.0,,2062000.0,,0,0,0,0,0,0,0,0,0,0,0,0,0,0,0,0,0,0,0,0,17,2026-02-06 00:04:55.123058
SPNG,24.6,24.6,25.13,2124600.0,7000.0,2153100.0,7000.0,0,0,0,0,0,0,0,0,0,0,0,0,0,0,0,0,0,0,0,0,18,2026-02-06 00:04:56.173213
SMMR,25.17,24.96,24.97,2348200.0,,2284300.0,,0,0,0,0,0,0,0,0,0,0,0,0,0,0,0,0,0,0,0,0,18,2026-02-06 00:04:56.173213
ATMN,25.05,24.98,25.05,1928400.0,7000.0,1860900.0,7000.0,0,0,0,0,0,0,0,0,0,0,0,0,0,0,0,0,0,0,0,0,18,2026-02-06 00:04:56.173213
WNTR,25.12,25.12,25.23,2119700.0,,2054300.0,,0,0,0,0,0,0,0,0,0,0,0,0,0,0,0,0,0,0,0,0,18,2026-02-06 00:04:56.173213
SPNG,24.6,24.86,25.13,2100400.0,7000.0,2051300.0,14000.0,0,0,0,0,0,0,0,0,0,0,0,0,0,0,0,0,0,0,0,0,19,2026-02-06 00:04:56.725194
SMMR,24.97,25.04,25.08,2382300.0,,2277300.0,,0,0,0,0,0,0,0,0,0,0,0,0,0,0,0,0,0,0,0,0,19,2026-02-06 00:04:56.725194
ATMN,25.28,24.98,25.28,1954200.0,7000.0,1632000.0,,0,0,0,0,0,0,0,0,0,0,0,0,0,0,0,0,0,0,0,0,19,2026-02-06 00:04:56.725194
WNTR,25.23,25.12,25.23,2119700.0,,2084800.0,,0,0,0,0,0,0,0,0,0,0,0,0,0,0,0,0,0,0,0,0,19,2026-02-06 00:04:56.725194
SPNG,25.31,24.86,24.93,2100400.0,7000.0,2183500.0,7000.0,0,0,0,0,0,0,0,0,0,0,0,0,0,0,0,0,0,0,0,0,20,2026-02-06 00:04:57.759551
SMMR,25.08,24.96,25.08,2373800.0,,2277300.0,,0,0,0,0,0,0,0,0,0,0,0,0,0,0,0,0,0,0,0,0,20,2026-02-06 00:04:57.759551
ATMN,24.98,24.81,24.83,1935300.0,7000.0,1743700.0,7000.0,0,0,0,0,0,0,0,0,0,0,0,0,0,0,0,0,0,0,0,0,20,2026-02-06 00:04:57.759551
WNTR,25.12,25.12,25.23,2131000.0,,2055500.0,,0,0,0,0,0,0,0,0,0,0,0,0,0,0,0,0,0,0,0,0,20,2026-02-06 00:04:57.759551
SPNG,24.86,24.63,24.75,2122500.0,7000.0,2091700.0,14000.0,0,0,0,0,0,0,0,0,0,0,0,0,0,0,0,0,0,0,0,0,21,2026-02-06 00:04:58.792833
SMMR,25.08,24.96,25.0,2397500.0,,2297100.0,,0,0,0,0,0,0,0,0,0,0,0,0,0,0,0,0,0,0,0,0,21,2026-02-06 00:04:58.792833
ATMN,24.8,24.8,25.28,2033900.0,,1632000.0,7000.0,0,0,0,0,0,0,0,0,0,0,0,0,0,0,0,0,0,0,0,0,21,2026-02-06 00:04:58.792833
WNTR,25.22,25.12,25.13,2096100.0,,2056400.0,,0,0,0,0,0,0,0,0,0,0,0,0,0,0,0,0,0,0,0,0,21,2026-02-06 00:04:58.792833
SPNG,25.12,24.63,24.69,2096300.0,7000.0,2041200.0,14000.0,0,0,0,0,0,0,0,0,0,0,0,0,0,0,0,0,0,0,0,0,22,2026-02-06 00:04:59.825340
SMMR,24.95,24.95,24.97,2375700.0,,2318500.0,,0,0,0,0,0,0,0,0,0,0,0,0,0,0,0,0,0,0,0,0,22,2026-02-06 00:04:59.825340
ATMN,25.32,24.8,24.95,1934400.0,7000.0,1716500.0,,0,0,0,0,0,0,0,0,0,0,0,0,0,0,0,0,0,0,0,0,22,2026-02-06 00:04:59.825340
WNTR,25.23,25.12,25.23,2090500.0,,2056700.0,,0,0,0,0,0,0,0,0,0,0,0,0,0,0,0,0,0,0,0,0,22,2026-02-06 00:04:59.825340
SPNG,25.19,24.88,25.17,2103000.0,7000.0,2196400.0,7000.0,0,0,0,0,0,0,0,0,0,0,0,0,0,0,0,0,0,0,0,0,23,2026-02-06 00:05:00.868006
SMMR,25.08,24.98,25.08,2392000.0,,2277300.0,,0,0,0,0,0,0,0,0,0,0,0,0,0,0,0,0,0,0,0,0,23,2026-02-06 00:05:00.868006
ATMN,24.77,25.31,25.32,2079900.0,,1628900.0,7000.0,0,0,0,0,0,0,0,0,0,0,0,0,0,0,0,0,0,0,0,0,23,2026-02-06 00:05:00.868006
WNTR,25.23,25.12,25.17,2110700.0,,2060900.0,,0,0,0,0,0,0,0,0,0,0,0,0,0,0,0,0,0,0,0,0,23,2026-02-06 00:05:00.868006
SPNG,24.63,24.63,25.17,1975900.0,14000.0,2081300.0,14000.0,0,0,0,0,0,0,0,0,0,0,0,0,0,0,0,0,0,0,0,0,24,2026-02-06 00:05:01.932170
SMMR,24.94,24.94,24.97,2351800.0,,2317500.0,,0,0,0,0,0,0,0,0,0,0,0,0,0,0,0,0,0,0,0,0,24,2026-02-06 00:05:01.932170
ATMN,25.31,24.77,24.94,2075200.0,,1961000.0,7000.0,0,0,0,0,0,0,0,0,0,0,0,0,0,0,0,0,0,0,0,0,24,2026-02-06 00:05:01.932170
WNTR,25.1,25.1,25.17,2068600.0,,2060900.0,,0,0,0,0,0,0,0,0,0,0,0,0,0,0,0,0,0,0,0,0,24,2026-02-06 00:05:01.932170
SPNG,25.32,24.63,25.32,2096300.0,7000.0,2152200.0,7000.0,0,0,0,0,0,0,0,0,0,0,0,0,0,0,0,0,0,0,0,0,25,2026-02-06 00:05:02.970384
SMMR,24.97,24.96,24.97,2349300.0,,2317500.0,,0,0,0,0,0,0,0,0,0,0,0,0,0,0,0,0,0,0,0,0,25,2026-02-06 00:05:02.970384
ATMN,24.94,24.93,24.94,1951200.0,7000.0,1961000.0,7000.0,0,0,0,0,0,0,0,0,0,0,0,0,0,0,0,0,0,0,0,0,25,2026-02-06 00:05:02.970384
WNTR,25.1,25.1,25.17,2070500.0,,2060900.0,,0,0,0,0,0,0,0,0,0,0,0,0,0,0,0,0,0,0,0,0,25,2026-02-06 00:05:02.970384
SPNG,24.58,24.58,25.35,2242900.0,2156000.0,0,0,0,0,0,0,0,0,0,0,0,0,0,0,0,0,0,0,0,0,0,0,26,2026-02-06 00:05:04.038205
SMMR,24.96,24.96,25.08,2327700.0,2277300.0,0,0,0,0,0,0,0,0,0,0,0,0,0,0,0,0,0,0,0,0,0,0,26,2026-02-06 00:05:04.038205
ATMN,24.76,24.76,25.16,2063200.0,1852000.0,0,0,0,0,0,0,0,0,0,0,0,0,0,0,0,0,0,0,0,0,0,0,26,2026-02-06 00:05:04.038205
WNTR,25.1,25.1,25.17,2098800.0,2064400.0,0,0,0,0,0,0,0,0,0,0,0,0,0,0,0,0,0,0,0,0,0,0,26,2026-02-06 00:05:04.038205
SPNG,24.58,24.58,25.33,2225700.0,2282900.0,,,0,0,0,0,0,0,0,0,0,0,0,0,0,0,0,0,0,0,0,0,27,2026-02-06 00:05:05.083560
SMMR,24.96,24.96,24.99,2327700.0,2304100.0,,,0,0,0,0,0,0,0,0,0,0,0,0,0,0,0,0,0,0,0,0,27,2026-02-06 00:05:05.083560
ATMN,25.32,24.76,25.32,1981100.0,1616200.0,7000.0,7000.0,0,0,0,0,0,0,0,0,0,0,0,0,0,0,0,0,0,0,0,0,27,2026-02-06 00:05:05.083560
WNTR,25.2,25.09,25.2,2100900.0,2052400.0,,,0,0,0,0,0,0,0,0,0,0,0,0,0,0,0,0,0,0,0,0,27,2026-02-06 00:05:05.083560
SPNG,24.58,25.13,25.14,2218600.0,2291400.0,,,0,0,0,0,0,0,0,0,0,0,0,0,0,0,0,0,0,0,0,0,28,2026-02-06 00:05:06.167659
SMMR,24.94,24.94,24.99,2333600.0,2300000.0,,,0,0,0,0,0,0,0,0,0,0,0,0,0,0,0,0,0,0,0,0,28,2026-02-06 00:05:06.167659
ATMN,24.81,24.87,25.32,1998300.0,1616200.0,7000.0,7000.0,0,0,0,0,0,0,0,0,0,0,0,0,0,0,0,0,0,0,0,0,28,2026-02-06 00:05:06.167659
WNTR,25.23,25.17,25.23,2115200.0,2043200.0,,,0,0,0,0,0,0,0,0,0,0,0,0,0,0,0,0,0,0,0,0,28,2026-02-06 00:05:06.167659
SPNG,25.14,24.66,25.14,2148400.0,7000.0,2189200.0,7000.0,0,0,0,0,0,0,0,0,0,0,0,0,0,0,0,0,0,0,0,0,29,2026-02-06 00:05:07.216175
SMMR,24.99,24.98,24.99,2343600.0,,2300000.0,,0,0,0,0,0,0,0,0,0,0,0,0,0,0,0,0,0,0,0,0,29,2026-02-06 00:05:07.216175
ATMN,24.71,24.71,24.81,2083000.0,,1739200.0,7000.0,0,0,0,0,0,0,0,0,0,0,0,0,0,0,0,0,0,0,0,0,29,2026-02-06 00:05:07.216175
WNTR,25.25,25.19,25.25,2114700.0,,2063700.0,,0,0,0,0,0,0,0,0,0,0,0,0,0,0,0,0,0,0,0,0,29,2026-02-06 00:05:07.216175
SPNG,24.66,24.66,25.2,2148400.0,7000.0,2069600.0,14000.0,0,0,0,0,0,0,0,0,0,0,0,0,0,0,0,0,0,0,0,0,30,2026-02-06 00:05:08.253679
SMMR,24.98,24.98,25.03,2324600.0,,2335600.0,,0,0,0,0,0,0,0,0,0,0,0,0,0,0,0,0,0,0,0,0,30,2026-02-06 00:05:08.253679
ATMN,24.81,24.71,24.81,1983600.0,7000.0,1739200.0,7000.0,0,0,0,0,0,0,0,0,0,0,0,0,0,0,0,0,0,0,0,0,30,2026-02-06 00:05:08.253679
WNTR,25.25,25.25,25.27,2071800.0,,2046700.0,,0,0,0,0,0,0,0,0,0,0,0,0,0,0,0,0,0,0,0,0,30,2026-02-06 00:05:08.253679
SPNG,24.66,24.66,25.2,2148400.0,7000.0,2170500.0,7000.0,0,0,0,0,0,0,0,0,0,0,0,0,0,0,0,0,0,0,0,0,31,2026-02-06 00:05:08.805181
SMMR,24.98,24.98,25.03,2323000.0,,2308200.0,,0,0,0,0,0,0,0,0,0,0,0,0,0,0,0,0,0,0,0,0,31,2026-02-06 00:05:08.805181
ATMN,24.71,24.96,25.32,2001000.0,7000.0,1616200.0,7000.0,0,0,0,0,0,0,0,0,0,0,0,0,0,0,0,0,0,0,0,0,31,2026-02-06 00:05:08.805181
WNTR,25.25,25.25,25.27,2071800.0,,2049200.0,,0,0,0,0,0,0,0,0,0,0,0,0,0,0,0,0,0,0,0,0,31,2026-02-06 00:05:08.805181
SPNG,24.95,24.66,24.95,2148400.0,7000.0,2152300.0,7000.0,0,0,0,0,0,0,0,0,0,0,0,0,0,0,0,0,0,0,0,0,32,2026-02-06 00:05:09.863404
SMMR,24.97,24.97,25.03,2317900.0,,2308200.0,,0,0,0,0,0,0,0,0,0,0,0,0,0,0,0,0,0,0,0,0,32,2026-02-06 00:05:09.863404
ATMN,25.01,24.96,25.01,1913600.0,14000.0,1737600.0,14000.0,0,0,0,0,0,0,0,0,0,0,0,0,0,0,0,0,0,0,0,0,32,2026-02-06 00:05:09.863404
WNTR,25.19,25.19,25.27,2067800.0,,2049200.0,,0,0,0,0,0,0,0,0,0,0,0,0,0,0,0,0,0,0,0,0,32,2026-02-06 00:05:09.863404
SPNG,24.85,24.66,24.85,2148400.0,7000.0,2171600.0,7000.0,0,0,0,0,0,0,0,0,0,0,0,0,0,0,0,0,0,0,0,0,33,2026-02-06 00:05:10.917639
SMMR,25.1,25.03,25.1,2313700.0,,2308600.0,,0,0,0,0,0,0,0,0,0,0,0,0,0,0,0,0,0,0,0,0,33,2026-02-06 00:05:10.917639
ATMN,25.01,25.28,25.32,2022000.0,7000.0,1795500.0,7000.0,0,0,0,0,0,0,0,0,0,0,0,0,0,0,0,0,0,0,0,0,33,2026-02-06 00:05:10.917639
WNTR,25.29,25.19,25.29,2067800.0,,2074800.0,,0,0,0,0,0,0,0,0,0,0,0,0,0,0,0,0,0,0,0,0,33,2026-02-06 00:05:10.917639
SPNG,25.33,24.66,24.96,2148400.0,7000.0,2254600.0,,0,0,0,0,0,0,0,0,0,0,0,0,0,0,0,0,0,0,0,0,34,2026-02-06 00:05:11.973027
SMMR,25.03,24.97,25.0,2317900.0,,2292900.0,,0,0,0,0,0,0,0,0,0,0,0,0,0,0,0,0,0,0,0,0,34,2026-02-06 00:05:11.973027
ATMN,24.96,24.72,24.96,1983600.0,7000.0,1943900.0,7000.0,0,0,0,0,0,0,0,0,0,0,0,0,0,0,0,0,0,0,0,0,34,2026-02-06 00:05:11.973027
WNTR,25.17,25.17,25.23,2097600.0,,2076400.0,,0,0,0,0,0,0,0,0,0,0,0,0,0,0,0,0,0,0,0,0,34,2026-02-06 00:05:11.973027
SPNG,24.58,24.58,24.96,2114100.0,7000.0,2267500.0,,0,0,0,0,0,0,0,0,0,0,0,0,0,0,0,0,0,0,0,0,35,2026-02-06 00:05:13.011103
SMMR,24.97,24.94,24.95,2315800.0,,2270600.0,,0,0,0,0,0,0,0,0,0,0,0,0,0,0,0,0,0,0,0,0,35,2026-02-06 00:05:13.011103
ATMN,25.05,25.07,25.08,1884700.0,14000.0,1804000.0,14000.0,0,0,0,0,0,0,0,0,0,0,0,0,0,0,0,0,0,0,0,0,35,2026-02-06 00:05:13.011103
WNTR,25.1,25.1,25.23,2072800.0,,2076400.0,,0,0,0,0,0,0,0,0,0,0,0,0,0,0,0,0,0,0,0,0,35,2026-02-06 00:05:13.011103
SPNG,24.58,24.93,24.96,2126100.0,7000.0,2133300.0,7000.0,0,0,0,0,0,0,0,0,0,0,0,0,0,0,0,0,0,0,0,0,36,2026-02-06 00:05:14.073833
SMMR,24.95,24.98,25.0,2350800.0,,2291900.0,,0,0,0,0,0,0,0,0,0,0,0,0,0,0,0,0,0,0,0,0,36,2026-02-06 00:05:14.073833
ATMN,24.93,24.94,25.08,2020500.0,7000.0,1798700.0,14000.0,0,0,0,0,0,0,0,0,0,0,0,0,0,0,0,0,0,0,0,0,36,2026-02-06 00:05:14.073833
WNTR,25.29,25.1,25.29,2072800.0,,2066400.0,,0,0,0,0,0,0,0,0,0,0,0,0,0,0,0,0,0,0,0,0,36,2026-02-06 00:05:14.073833
SPNG,25.08,24.93,25.08,2126100.0,7000.0,2163800.0,7000.0,0,0,0,0,0,0,0,0,0,0,0,0,0,0,0,0,0,0,0,0,37,2026-02-06 00:05:15.188915
SMMR,24.93,24.98,25.0,2353600.0,,2291900.0,,0,0,0,0,0,0,0,0,0,0,0,0,0,0,0,0,0,0,0,0,37,2026-02-06 00:05:15.188915
ATMN,24.71,24.71,25.05,1971200.0,7000.0,1762400.0,21000.0,0,0,0,0,0,0,0,0,0,0,0,0,0,0,0,0,0,0,0,0,37,2026-02-06 00:05:15.188915
WNTR,25.3,25.28,25.3,2092800.0,,2061000.0,,0,0,0,0,0,0,0,0,0,0,0,0,0,0,0,0,0,0,0,0,37,2026-02-06 00:05:15.188915
SPNG,24.58,24.58,25.08,2143200.0,7000.0,2052200.0,14000.0,0,0,0,0,0,0,0,0,0,0,0,0,0,0,0,0,0,0,0,0,38,2026-02-06 00:05:16.247712
SMMR,24.93,24.98,25.0,2322900.0,,2324400.0,,0,0,0,0,0,0,0,0,0,0,0,0,0,0,0,0,0,0,0,0,38,2026-02-06 00:05:16.247712
ATMN,25.06,24.97,25.06,2082100.0,,1865100.0,14000.0,0,0,0,0,0,0,0,0,0,0,0,0,0,0,0,0,0,0,0,0,38,2026-02-06 00:05:16.247712
WNTR,25.21,25.21,25.3,2077200.0,,2083500.0,,0,0,0,0,0,0,0,0,0,0,0,0,0,0,0,0,0,0,0,0,38,2026-02-06 00:05:16.247712
SPNG,24.56,24.56,25.08,2131100.0,7000.0,2040700.0,14000.0,0,0,0,0,0,0,0,0,0,0,0,0,0,0,0,0,0,0,0,0,39,2026-02-06 00:05:17.287910
SMMR,25.0,25.01,25.06,2288100.0,,2306300.0,,0,0,0,0,0,0,0,0,0,0,0,0,0,0,0,0,0,0,0,0,39,2026-02-06 00:05:17.287910
ATMN,25.06,24.97,25.06,2096700.0,,1859600.0,14000.0,0,0,0,0,0,0,0,0,0,0,0,0,0,0,0,0,0,0,0,0,39,2026-02-06 00:05:17.287910
WNTR,25.21,25.21,25.3,2062800.0,,2080800.0,,0,0,0,0,0,0,0,0,0,0,0,0,0,0,0,0,0,0,0,0,39,2026-02-06 00:05:17.287910
SPNG,24.56,25.06,25.08,2158000.0,7000.0,2144200.0,7000.0,0,0,0,0,0,0,0,0,0,0,0,0,0,0,0,0,0,0,0,0,40,2026-02-06 00:05:17.862661
SMMR,24.97,24.93,24.96,2331400.0,,2305800.0,,0,0,0,0,0,0,0,0,0,0,0,0,0,0,0,0,0,0,0,0,40,2026-02-06 00:05:17.862661
ATMN,24.97,24.97,25.06,2088000.0,,1867100.0,14000.0,0,0,0,0,0,0,0,0,0,0,0,0,0,0,0,0,0,0,0,0,40,2026-02-06 00:05:17.862661
WNTR,25.21,25.21,25.3,2062800.0,,2082100.0,,0,0,0,0,0,0,0,0,0,0,0,0,0,0,0,0,0,0,0,0,40,2026-02-06 00:05:17.862661
SPNG,25.06,25.06,25.08,2158000.0,7000.0,2110500.0,7000.0,0,0,0,0,0,0,0,0,0,0,0,0,0,0,0,0,0,0,0,0,41,2026-02-06 00:05:18.954359
SMMR,24.96,24.98,25.06,2354900.0,,2306300.0,,0,0,0,0,0,0,0,0,0,0,0,0,0,0,0,0,0,0,0,0,41,2026-02-06 00:05:18.954359
ATMN,25.08,24.97,25.08,2088000.0,,1954200.0,7000.0,0,0,0,0,0,0,0,0,0,0,0,0,0,0,0,0,0,0,0,0,41,2026-02-06 00:05:18.954359
WNTR,25.3,25.21,25.3,2059000.0,,2100000.0,,0,0,0,0,0,0,0,0,0,0,0,0,0,0,0,0,0,0,0,0,41,2026-02-06 00:05:18.954359
SPNG,24.94,24.94,25.08,2146400.0,7000.0,2025500.0,14000.0,0,0,0,0,0,0,0,0,0,0,0,0,0,0,0,0,0,0,0,0,42,2026-02-06 00:05:20.002036
SMMR,24.93,24.93,24.98,2360700.0,,2270400.0,,0,0,0,0,0,0,0,0,0,0,0,0,0,0,0,0,0,0,0,0,42,2026-02-06 00:05:20.002036
ATMN,25.08,24.97,25.08,2093200.0,,1983700.0,7000.0,0,0,0,0,0,0,0,0,0,0,0,0,0,0,0,0,0,0,0,0,42,2026-02-06 00:05:20.002036
WNTR,25.3,25.21,25.3,2055200.0,,2076500.0,,0,0,0,0,0,0,0,0,0,0,0,0,0,0,0,0,0,0,0,0,42,2026-02-06 00:05:20.002036
SPNG,24.55,24.55,25.08,2235700.0,2137400.0,7000.0,,0,0,0,0,0,0,0,0,0,0,0,0,0,0,0,0,0,0,0,0,43,2026-02-06 00:05:21.051494
SMMR,24.98,24.93,24.98,2360700.0,2309300.0,,,0,0,0,0,0,0,0,0,0,0,0,0,0,0,0,0,0,0,0,0,43,2026-02-06 00:05:21.051494
ATMN,24.97,24.97,25.08,2005300.0,1993900.0,7000.0,7000.0,0,0,0,0,0,0,0,0,0,0,0,0,0,0,0,0,0,0,0,0,43,2026-02-06 00:05:21.051494
WNTR,25.21,25.21,25.3,2055200.0,2070000.0,,,0,0,0,0,0,0,0,0,0,0,0,0,0,0,0,0,0,0,0,0,43,2026-02-06 00:05:21.051494
SPNG,24.55,24.82,24.89,2161100.0,7000.0,2029200.0,14000.0,0,0,0,0,0,0,0,0,0,0,0,0,0,0,0,0,0,0,0,0,44,2026-02-06 00:05:22.111014
SMMR,24.92,24.92,24.97,2366200.0,,2281600.0,,0,0,0,0,0,0,0,0,0,0,0,0,0,0,0,0,0,0,0,0,44,2026-02-06 00:05:22.111014
ATMN,24.91,24.71,24.89,1985200.0,7000.0,1997000.0,7000.0,0,0,0,0,0,0,0,0,0,0,0,0,0,0,0,0,0,0,0,0,44,2026-02-06 00:05:22.111014
WNTR,25.21,25.21,25.27,2071300.0,,2052300.0,,0,0,0,0,0,0,0,0,0,0,0,0,0,0,0,0,0,0,0,0,44,2026-02-06 00:05:22.111014
SPNG,24.82,24.82,25.02,2161100.0,7000.0,2128300.0,7000.0,0,0,0,0,0,0,0,0,0,0,0,0,0,0,0,0,0,0,0,0,45,2026-02-06 00:05:23.198616
SMMR,24.98,25.02,25.06,2374100.0,,2285400.0,,0,0,0,0,0,0,0,0,0,0,0,0,0,0,0,0,0,0,0,0,45,2026-02-06 00:05:23.198616
ATMN,25.08,24.92,25.08,1894300.0,14000.0,2025600.0,7000.0,0,0,0,0,0,0,0,0,0,0,0,0,0,0,0,0,0,0,0,0,45,2026-02-06 00:05:23.198616
WNTR,25.12,25.15,25.27,2067400.0,,2052300.0,,0,0,0,0,0,0,0,0,0,0,0,0,0,0,0,0,0,0,0,0,45,2026-02-06 00:05:23.198616
SPNG,24.9,24.9,25.02,2127200.0,7000.0,2120700.0,7000.0,0,0,0,0,0,0,0,0,0,0,0,0,0,0,0,0,0,0,0,0,46,2026-02-06 00:05:24.293535
SMMR,24.96,24.96,25.06,2365500.0,,2233500.0,,0,0,0,0,0,0,0,0,0,0,0,0,0,0,0,0,0,0,0,0,46,2026-02-06 00:05:24.293535
ATMN,24.71,25.06,25.08,2002200.0,7000.0,1905300.0,14000.0,0,0,0,0,0,0,0,0,0,0,0,0,0,0,0,0,0,0,0,0,46,2026-02-06 00:05:24.293535
WNTR,25.3,25.15,25.3,2067400.0,,2031100.0,,0,0,0,0,0,0,0,0,0,0,0,0,0,0,0,0,0,0,0,0,46,2026-02-06 00:05:24.293535
SPNG,24.42,24.42,25.02,2201500.0,2120700.0,7000.0,,0,0,0,0,0,0,0,0,0,0,0,0,0,0,0,0,0,0,0,0,47,2026-02-06 00:05:24.888578
SMMR,24.96,24.96,25.04,2349400.0,2221600.0,,,0,0,0,0,0,0,0,0,0,0,0,0,0,0,0,0,0,0,0,0,47,2026-02-06 00:05:24.888578
ATMN,24.71,25.06,25.08,2002200.0,1914700.0,14000.0,7000.0,0,0,0,0,0,0,0,0,0,0,0,0,0,0,0,0,0,0,0,0,47,2026-02-06 00:05:24.888578
WNTR,25.12,25.12,25.26,2060500.0,2069100.0,,,0,0,0,0,0,0,0,0,0,0,0,0,0,0,0,0,0,0,0,0,47,2026-02-06 00:05:24.888578
SPNG,24.91,24.65,24.91,2226600.0,2112500.0,7000.0,,0,0,0,0,0,0,0,0,0,0,0,0,0,0,0,0,0,0,0,0,48,2026-02-06 00:05:25.994455
SMMR,24.92,24.92,25.04,2338900.0,2201600.0,,,0,0,0,0,0,0,0,0,0,0,0,0,0,0,0,0,0,0,0,0,48,2026-02-06 00:05:25.994455
ATMN,25.21,25.06,25.21,1951300.0,2017300.0,7000.0,7000.0,0,0,0,0,0,0,0,0,0,0,0,0,0,0,0,0,0,0,0,0,48,2026-02-06 00:05:25.994455
WNTR,25.26,25.1,25.26,2068100.0,2069100.0,,,0,0,0,0,0,0,0,0,0,0,0,0,0,0,0,0,0,0,0,0,48,2026-02-06 00:05:25.994455
SPNG,24.65,24.43,24.61,7000.0,2101700.0,1986700.0,14000.0,0,0,0,0,0,0,0,0,0,0,0,0,0,0,0,0,0,0,0,0,49,2026-02-06 00:05:27.070082
SMMR,25.06,25.04,25.06,,2307400.0,2240300.0,,0,0,0,0,0,0,0,0,0,0,0,0,0,0,0,0,0,0,0,0,49,2026-02-06 00:05:27.070082
ATMN,25.22,25.06,25.22,7000.0,1955800.0,2015600.0,7000.0,0,0,0,0,0,0,0,0,0,0,0,0,0,0,0,0,0,0,0,0,49,2026-02-06 00:05:27.070082
WNTR,25.1,25.1,25.24,,2122100.0,2098800.0,,0,0,0,0,0,0,0,0,0,0,0,0,0,0,0,0,0,0,0,0,49,2026-02-06 00:05:27.070082
SPNG,24.61,25.23,25.24,2162900.0,7000.0,2101500.0,7000.0,0,0,0,0,0,0,0,0,0,0,0,0,0,0,0,0,0,0,0,0,50,2026-02-06 00:05:28.225577
SMMR,25.07,25.04,25.07,2335800.0,,2244800.0,,0,0,0,0,0,0,0,0,0,0,0,0,0,0,0,0,0,0,0,0,50,2026-02-06 00:05:28.225577
ATMN,24.7,24.7,25.22,1989000.0,7000.0,1923100.0,14000.0,0,0,0,0,0,0,0,0,0,0,0,0,0,0,0,0,0,0,0,0,50,2026-02-06 00:05:28.225577
WNTR,25.1,25.13,25.24,2110300.0,,2098800.0,,0,0,0,0,0,0,0,0,0,0,0,0,0,0,0,0,0,0,0,0,50,2026-02-06 00:05:28.225577
SPNG,25.23,24.5,24.91,2046200.0,14000.0,2114100.0,7000.0,0,0,0,0,0,0,0,0,0,0,0,0,0,0,0,0,0,0,0,0,51,2026-02-06 00:05:29.291579
SMMR,25.08,25.04,25.08,2319800.0,,2249600.0,,0,0,0,0,0,0,0,0,0,0,0,0,0,0,0,0,0,0,0,0,51,2026-02-06 00:05:29.291579
ATMN,25.22,24.74,25.22,1996100.0,7000.0,2026700.0,7000.0,0,0,0,0,0,0,0,0,0,0,0,0,0,0,0,0,0,0,0,0,51,2026-02-06 00:05:29.291579
WNTR,25.3,25.13,25.26,2110300.0,,2035100.0,,0,0,0,0,0,0,0,0,0,0,0,0,0,0,0,0,0,0,0,0,51,2026-02-06 00:05:29.291579
SPNG,24.83,24.5,24.83,2140700.0,7000.0,2125400.0,7000.0,0,0,0,0,0,0,0,0,0,0,0,0,0,0,0,0,0,0,0,0,52,2026-02-06 00:05:30.340105
SMMR,25.1,25.04,25.1,2327200.0,,2306800.0,,0,0,0,0,0,0,0,0,0,0,0,0,0,0,0,0,0,0,0,0,52,2026-02-06 00:05:30.340105
ATMN,25.26,25.07,25.26,1893100.0,14000.0,1993200.0,7000.0,0,0,0,0,0,0,0,0,0,0,0,0,0,0,0,0,0,0,0,0,52,2026-02-06 00:05:30.340105
WNTR,25.06,25.06,25.26,2098700.0,,2069200.0,,0,0,0,0,0,0,0,0,0,0,0,0,0,0,0,0,0,0,0,0,52,2026-02-06 00:05:30.340105
SPNG,24.83,24.64,24.83,2160900.0,7000.0,2000500.0,14000.0,0,0,0,0,0,0,0,0,0,0,0,0,0,0,0,0,0,0,0,0,53,2026-02-06 00:05:30.903018
SMMR,25.04,25.04,25.1,2327200.0,,2267000.0,,0,0,0,0,0,0,0,0,0,0,0,0,0,0,0,0,0,0,0,0,53,2026-02-06 00:05:30.903018
ATMN,25.07,24.74,24.78,1875100.0,14000.0,1977400.0,7000.0,0,0,0,0,0,0,0,0,0,0,0,0,0,0,0,0,0,0,0,0,53,2026-02-06 00:05:30.903018
WNTR,25.22,25.06,25.08,2097800.0,,2079600.0,,0,0,0,0,0,0,0,0,0,0,0,0,0,0,0,0,0,0,0,0,53,2026-02-06 00:05:30.903018
SPNG,24.83,24.68,24.83,2140600.0,7000.0,2125400.0,7000.0,0,0,0,0,0,0,0,0,0,0,0,0,0,0,0,0,0,0,0,0,54,2026-02-06 00:05:31.987800
SMMR,25.04,25.04,25.1,2291000.0,,2268300.0,,0,0,0,0,0,0,0,0,0,0,0,0,0,0,0,0,0,0,0,0,54,2026-02-06 00:05:31.987800
ATMN,24.78,25.21,25.24,1886800.0,14000.0,2011400.0,7000.0,0,0,0,0,0,0,0,0,0,0,0,0,0,0,0,0,0,0,0,0,54,2026-02-06 00:05:31.987800
WNTR,25.06,25.06,25.08,2085700.0,,2079600.0,,0,0,0,0,0,0,0,0,0,0,0,0,0,0,0,0,0,0,0,0,54,2026-02-06 00:05:31.987800
SPNG,24.83,24.94,25.09,2233900.0,2213500.0,0,0,0,0,0,0,0,0,0,0,0,0,0,0,0,0,0,0,0,0,0,0,55,2026-02-06 00:05:33.045405
SMMR,25.06,25.06,25.07,2325100.0,2273200.0,0,0,0,0,0,0,0,0,0,0,0,0,0,0,0,0,0,0,0,0,0,0,55,2026-02-06 00:05:33.045405
ATMN,25.24,25.1,25.24,2088700.0,2096600.0,0,0,0,0,0,0,0,0,0,0,0,0,0,0,0,0,0,0,0,0,0,0,55,2026-02-06 00:05:33.045405
WNTR,25.06,25.06,25.08,2108200.0,2079600.0,0,0,0,0,0,0,0,0,0,0,0,0,0,0,0,0,0,0,0,0,0,0,55,2026-02-06 00:05:33.045405
SPNG,25.09,24.68,25.09,2246700.0,2213500.0,0,0,0,0,0,0,0,0,0,0,0,0,0,0,0,0,0,0,0,0,0,0,56,2026-02-06 00:05:34.129082
SMMR,24.98,24.98,25.07,2283600.0,2273200.0,0,0,0,0,0,0,0,0,0,0,0,0,0,0,0,0,0,0,0,0,0,0,56,2026-02-06 00:05:34.129082
ATMN,25.24,25.1,25.21,2088700.0,2070700.0,0,0,0,0,0,0,0,0,0,0,0,0,0,0,0,0,0,0,0,0,0,0,56,2026-02-06 00:05:34.129082
WNTR,25.26,25.13,25.26,2099400.0,2079400.0,0,0,0,0,0,0,0,0,0,0,0,0,0,0,0,0,0,0,0,0,0,0,56,2026-02-06 00:05:34.129082
SPNG,25.24,24.81,25.24,2218000.0,2227800.0,0,0,0,0,0,0,0,0,0,0,0,0,0,0,0,0,0,0,0,0,0,0,57,2026-02-06 00:05:35.187602
SMMR,25.14,24.98,25.14,2283600.0,2290900.0,0,0,0,0,0,0,0,0,0,0,0,0,0,0,0,0,0,0,0,0,0,0,57,2026-02-06 00:05:35.187602
ATMN,25.1,24.74,24.89,2087000.0,2065700.0,0,0,0,0,0,0,0,0,0,0,0,0,0,0,0,0,0,0,0,0,0,0,57,2026-02-06 00:05:35.187602
WNTR,25.3,25.13,25.3,2092600.0,2068500.0,0,0,0,0,0,0,0,0,0,0,0,0,0,0,0,0,0,0,0,0,0,0,57,2026-02-06 00:05:35.187602
SPNG,24.81,24.71,24.8,2208600.0,2218900.0,0,0,0,0,0,0,0,0,0,0,0,0,0,0,0,0,0,0,0,0,0,0,58,2026-02-06 00:05:36.252719
SMMR,24.98,24.93,24.97,2312500.0,2262900.0,0,0,0,0,0,0,0,0,0,0,0,0,0,0,0,0,0,0,0,0,0,0,58,2026-02-06 00:05:36.252719
ATMN,25.1,24.85,24.89,2103900.0,2065700.0,0,0,0,0,0,0,0,0,0,0,0,0,0,0,0,0,0,0,0,0,0,0,58,2026-02-06 00:05:36.252719
WNTR,25.15,25.25,25.3,2120500.0,2070900.0,0,0,0,0,0,0,0,0,0,0,0,0,0,0,0,0,0,0,0,0,0,0,58,2026-02-06 00:05:36.252719
SPNG,25.25,24.68,25.25,2231600.0,2214100.0,0,0,0,0,0,0,0,0,0,0,0,0,0,0,0,0,0,0,0,0,0,0,59,2026-02-06 00:05:37.384928
SMMR,25.06,24.93,25.06,2322400.0,2288300.0,0,0,0,0,0,0,0,0,0,0,0,0,0,0,0,0,0,0,0,0,0,0,59,2026-02-06 00:05:37.384928
ATMN,25.1,24.85,24.89,2083300.0,2065700.0,0,0,0,0,0,0,0,0,0,0,0,0,0,0,0,0,0,0,0,0,0,0,59,2026-02-06 00:05:37.384928
WNTR,25.06,25.06,25.3,2100100.0,2070900.0,0,0,0,0,0,0,0,0,0,0,0,0,0,0,0,0,0,0,0,0,0,0,59,2026-02-06 00:05:37.384928
SPNG,24.11,24.11,25.32,1172800.0,786100.0,0,0,0,0,0,0,0,0,0,0,0,0,0,0,0,0,0,0,0,0,0,0,60,2026-02-06 00:05:38.432976
SMMR,24.93,24.6,24.76,918700.0,939400.0,0,0,0,0,0,0,0,0,0,0,0,0,0,0,0,0,0,0,0,0,0,0,60,2026-02-06 00:05:38.432976
ATMN,25.1,25.7,26.41,901000.0,797400.0,0,0,0,0,0,0,0,0,0,0,0,0,0,0,0,0,0,0,0,0,0,0,60,2026-02-06 00:05:38.432976
WNTR,26.45,25.62,25.99,605000.0,705200.0,0,0,0,0,0,0,0,0,0,0,0,0,0,0,0,0,0,0,0,0,0,0,60,2026-02-06 00:05:38.432976
SPNG,24.11,23.38,23.86,1352700.0,907300.0,,0,0,0,0,0,0,0,0,0,0,0,0,0,0,0,0,0,0,0,0,0,61,2026-02-06 00:05:39.004882
SMMR,24.6,24.6,24.74,950800.0,1041000.0,,0,0,0,0,0,0,0,0,0,0,0,0,0,0,0,0,0,0,0,0,0,61,2026-02-06 00:05:39.004882
ATMN,25.1,25.7,25.85,901000.0,990000.0,7000.0,0,0,0,0,0,0,0,0,0,0,0,0,0,0,0,0,0,0,0,0,0,61,2026-02-06 00:05:39.004882
WNTR,25.99,25.99,26.12,921500.0,758600.0,,0,0,0,0,0,0,0,0,0,0,0,0,0,0,0,0,0,0,0,0,0,61,2026-02-06 00:05:39.004882
SPNG,25.32,23.56,24.4,1460300.0,7000.0,1004300.0,,0,0,0,0,0,0,0,0,0,0,0,0,0,0,0,0,0,0,0,0,62,2026-02-06 00:05:40.210428
SMMR,24.74,24.6,24.7,950800.0,,1357800.0,,0,0,0,0,0,0,0,0,0,0,0,0,0,0,0,0,0,0,0,0,62,2026-02-06 00:05:40.210428
ATMN,25.7,25.7,25.85,905700.0,7000.0,1084000.0,7000.0,0,0,0,0,0,0,0,0,0,0,0,0,0,0,0,0,0,0,0,0,62,2026-02-06 00:05:40.210428
WNTR,26.12,26.38,26.42,1230900.0,,857600.0,,0,0,0,0,0,0,0,0,0,0,0,0,0,0,0,0,0,0,0,0,62,2026-02-06 00:05:40.210428
SPNG,24.4,24.01,24.4,1585900.0,7000.0,1004300.0,7000.0,0,0,0,0,0,0,0,0,0,0,0,0,0,0,0,0,0,0,0,0,63,2026-02-06 00:05:41.274252
SMMR,24.6,24.37,24.52,986800.0,,1682300.0,,0,0,0,0,0,0,0,0,0,0,0,0,0,0,0,0,0,0,0,0,63,2026-02-06 00:05:41.274252
ATMN,24.31,25.29,25.8,1071200.0,,1166500.0,14000.0,0,0,0,0,0,0,0,0,0,0,0,0,0,0,0,0,0,0,0,0,63,2026-02-06 00:05:41.274252
WNTR,26.46,26.45,26.46,1324700.0,,771900.0,,0,0,0,0,0,0,0,0,0,0,0,0,0,0,0,0,0,0,0,0,63,2026-02-06 00:05:41.274252
SPNG,24.01,24.01,24.4,1585900.0,14000.0,1100900.0,7000.0,0,0,0,0,0,0,0,0,0,0,0,0,0,0,0,0,0,0,0,0,64,2026-02-06 00:05:42.334363
SMMR,24.52,24.4,24.47,1107000.0,,1602900.0,,0,0,0,0,0,0,0,0,0,0,0,0,0,0,0,0,0,0,0,0,64,2026-02-06 00:05:42.334363
ATMN,25.85,25.6,25.74,1273200.0,,1172500.0,14000.0,0,0,0,0,0,0,0,0,0,0,0,0,0,0,0,0,0,0,0,0,64,2026-02-06 00:05:42.334363
WNTR,26.28,26.36,26.49,1207700.0,,759800.0,,0,0,0,0,0,0,0,0,0,0,0,0,0,0,0,0,0,0,0,0,64,2026-02-06 00:05:42.334363
SPNG,23.56,23.97,24.4,1585800.0,7000.0,1305300.0,14000.0,0,0,0,0,0,0,0,0,0,0,0,0,0,0,0,0,0,0,0,0,65,2026-02-06 00:05:43.373228
SMMR,24.47,24.61,24.67,1439700.0,,1477000.0,,0,0,0,0,0,0,0,0,0,0,0,0,0,0,0,0,0,0,0,0,65,2026-02-06 00:05:43.373228
ATMN,25.74,25.29,25.74,1193000.0,,1172500.0,14000.0,0,0,0,0,0,0,0,0,0,0,0,0,0,0,0,0,0,0,0,0,65,2026-02-06 00:05:43.373228
WNTR,26.44,26.28,26.44,1124100.0,,866900.0,,0,0,0,0,0,0,0,0,0,0,0,0,0,0,0,0,0,0,0,0,65,2026-02-06 00:05:43.373228
SPNG,24.65,24.26,24.65,1458800.0,7000.0,1204000.0,14000.0,0,0,0,0,0,0,0,0,0,0,0,0,0,0,0,0,0,0,0,0,66,2026-02-06 00:05:44.430311
SMMR,24.58,24.58,24.71,1450700.0,,1245000.0,,0,0,0,0,0,0,0,0,0,0,0,0,0,0,0,0,0,0,0,0,66,2026-02-06 00:05:44.430311
ATMN,25.74,25.29,25.74,1393300.0,7000.0,1172500.0,21000.0,0,0,0,0,0,0,0,0,0,0,0,0,0,0,0,0,0,0,0,0,66,2026-02-06 00:05:44.430311
WNTR,25.99,26.18,26.53,1040100.0,,742500.0,,0,0,0,0,0,0,0,0,0,0,0,0,0,0,0,0,0,0,0,0,66,2026-02-06 00:05:44.430311
SPNG,24.26,23.39,23.96,14000.0,1496600.0,1449000.0,14000.0,0,0,0,0,0,0,0,0,0,0,0,0,0,0,0,0,0,0,0,0,67,2026-02-06 00:05:45.471377
SMMR,24.71,24.72,24.74,,1571600.0,1142600.0,,0,0,0,0,0,0,0,0,0,0,0,0,0,0,0,0,0,0,0,0,67,2026-02-06 00:05:45.471377
ATMN,25.92,25.37,25.92,7000.0,1493800.0,991700.0,7000.0,0,0,0,0,0,0,0,0,0,0,0,0,0,0,0,0,0,0,0,0,67,2026-02-06 00:05:45.471377
WNTR,26.59,26.59,26.63,,1265600.0,745200.0,,0,0,0,0,0,0,0,0,0,0,0,0,0,0,0,0,0,0,0,0,67,2026-02-06 00:05:45.471377
SPNG,23.96,24.28,24.65,1908500.0,7000.0,1318300.0,7000.0,0,0,0,0,0,0,0,0,0,0,0,0,0,0,0,0,0,0,0,0,68,2026-02-06 00:05:46.512894
SMMR,24.58,24.52,24.57,1425500.0,,1468500.0,,0,0,0,0,0,0,0,0,0,0,0,0,0,0,0,0,0,0,0,0,68,2026-02-06 00:05:46.512894
ATMN,25.66,25.47,25.66,1725900.0,14000.0,1107100.0,7000.0,0,0,0,0,0,0,0,0,0,0,0,0,0,0,0,0,0,0,0,0,68,2026-02-06 00:05:46.512894
WNTR,26.59,26.59,26.63,1265600.0,,1048300.0,,0,0,0,0,0,0,0,0,0,0,0,0,0,0,0,0,0,0,0,0,68,2026-02-06 00:05:46.512894
SPNG,24.28,23.95,24.02,2036200.0,7000.0,1453100.0,7000.0,0,0,0,0,0,0,0,0,0,0,0,0,0,0,0,0,0,0,0,0,69,2026-02-06 00:05:47.077557
SMMR,24.73,24.73,24.74,1528500.0,,1239100.0,,0,0,0,0,0,0,0,0,0,0,0,0,0,0,0,0,0,0,0,0,69,2026-02-06 00:05:47.077557
ATMN,25.48,25.47,25.48,1725900.0,14000.0,1203400.0,14000.0,0,0,0,0,0,0,0,0,0,0,0,0,0,0,0,0,0,0,0,0,69,2026-02-06 00:05:47.077557
WNTR,26.32,26.32,26.57,1155100.0,,1230800.0,,0,0,0,0,0,0,0,0,0,0,0,0,0,0,0,0,0,0,0,0,69,2026-02-06 00:05:47.077557
SPNG,24.02,24.39,24.65,2408400.0,14000.0,1318300.0,7000.0,0,0,0,0,0,0,0,0,0,0,0,0,0,0,0,0,0,0,0,0,70,2026-02-06 00:05:48.201266
SMMR,24.73,24.73,24.74,1663600.0,,1478600.0,,0,0,0,0,0,0,0,0,0,0,0,0,0,0,0,0,0,0,0,0,70,2026-02-06 00:05:48.201266
ATMN,25.66,25.72,25.92,2057900.0,7000.0,991700.0,14000.0,0,0,0,0,0,0,0,0,0,0,0,0,0,0,0,0,0,0,0,0,70,2026-02-06 00:05:48.201266
WNTR,26.32,26.32,26.52,1248000.0,,1416700.0,,0,0,0,0,0,0,0,0,0,0,0,0,0,0,0,0,0,0,0,0,70,2026-02-06 00:05:48.201266
SPNG,24.39,24.01,24.18,2541800.0,7000.0,1438600.0,14000.0,0,0,0,0,0,0,0,0,0,0,0,0,0,0,0,0,0,0,0,0,71,2026-02-06 00:05:49.251661
SMMR,24.73,24.56,24.61,1680500.0,,1838900.0,,0,0,0,0,0,0,0,0,0,0,0,0,0,0,0,0,0,0,0,0,71,2026-02-06 00:05:49.251661
ATMN,25.72,25.72,25.76,2057900.0,14000.0,1295900.0,14000.0,0,0,0,0,0,0,0,0,0,0,0,0,0,0,0,0,0,0,0,0,71,2026-02-06 00:05:49.251661
WNTR,26.32,26.27,26.29,1337100.0,,1523100.0,,0,0,0,0,0,0,0,0,0,0,0,0,0,0,0,0,0,0,0,0,71,2026-02-06 00:05:49.251661
SPNG,24.74,24.01,24.74,2541800.0,14000.0,1420800.0,14000.0,0,0,0,0,0,0,0,0,0,0,0,0,0,0,0,0,0,0,0,0,72,2026-02-06 00:05:50.320568
SMMR,24.74,24.62,24.73,1820100.0,,1610900.0,,0,0,0,0,0,0,0,0,0,0,0,0,0,0,0,0,0,0,0,0,72,2026-02-06 00:05:50.320568
ATMN,25.47,25.47,25.76,1947000.0,7000.0,1496900.0,7000.0,0,0,0,0,0,0,0,0,0,0,0,0,0,0,0,0,0,0,0,0,72,2026-02-06 00:05:50.320568
WNTR,26.57,26.27,26.57,1541700.0,,1318700.0,,0,0,0,0,0,0,0,0,0,0,0,0,0,0,0,0,0,0,0,0,72,2026-02-06 00:05:50.320568
SPNG,24.19,24.01,24.19,2541800.0,7000.0,1693900.0,7000.0,0,0,0,0,0,0,0,0,0,0,0,0,0,0,0,0,0,0,0,0,73,2026-02-06 00:05:51.366652
SMMR,24.54,24.54,24.67,1545400.0,,1844900.0,,0,0,0,0,0,0,0,0,0,0,0,0,0,0,0,0,0,0,0,0,73,2026-02-06 00:05:51.366652
ATMN,25.61,25.47,25.61,2067300.0,7000.0,1582900.0,14000.0,0,0,0,0,0,0,0,0,0,0,0,0,0,0,0,0,0,0,0,0,73,2026-02-06 00:05:51.366652
WNTR,26.49,26.3,26.49,1655800.0,,1399900.0,,0,0,0,0,0,0,0,0,0,0,0,0,0,0,0,0,0,0,0,0,73,2026-02-06 00:05:51.366652
SPNG,24.19,24.4,24.43,2536900.0,7000.0,1653500.0,14000.0,0,0,0,0,0,0,0,0,0,0,0,0,0,0,0,0,0,0,0,0,74,2026-02-06 00:05:52.417156
SMMR,24.67,24.52,24.67,1567000.0,,1947500.0,,0,0,0,0,0,0,0,0,0,0,0,0,0,0,0,0,0,0,0,0,74,2026-02-06 00:05:52.417156
ATMN,25.61,25.65,25.68,2181600.0,7000.0,1696800.0,7000.0,0,0,0,0,0,0,0,0,0,0,0,0,0,0,0,0,0,0,0,0,74,2026-02-06 00:05:52.417156
WNTR,26.35,26.35,26.57,1854200.0,,1318700.0,,0,0,0,0,0,0,0,0,0,0,0,0,0,0,0,0,0,0,0,0,74,2026-02-06 00:05:52.417156
SPNG,24.4,24.21,24.27,2532800.0,7000.0,1787700.0,14000.0,0,0,0,0,0,0,0,0,0,0,0,0,0,0,0,0,0,0,0,0,75,2026-02-06 00:05:53.461026
SMMR,24.64,24.64,24.67,1791700.0,,1947500.0,,0,0,0,0,0,0,0,0,0,0,0,0,0,0,0,0,0,0,0,0,75,2026-02-06 00:05:53.461026
ATMN,25.61,25.65,25.68,2020100.0,14000.0,1839500.0,7000.0,0,0,0,0,0,0,0,0,0,0,0,0,0,0,0,0,0,0,0,0,75,2026-02-06 00:05:53.461026
WNTR,26.3,26.44,26.57,1846300.0,,1318700.0,,0,0,0,0,0,0,0,0,0,0,0,0,0,0,0,0,0,0,0,0,75,2026-02-06 00:05:53.461026
SPNG,24.4,24.21,24.27,2407000.0,14000.0,1968700.0,14000.0,0,0,0,0,0,0,0,0,0,0,0,0,0,0,0,0,0,0,0,0,76,2026-02-06 00:05:54.502941
SMMR,24.64,24.64,24.67,2254500.0,,1947500.0,,0,0,0,0,0,0,0,0,0,0,0,0,0,0,0,0,0,0,0,0,76,2026-02-06 00:05:54.502941
ATMN,25.65,25.65,25.68,2181600.0,7000.0,1891100.0,7000.0,0,0,0,0,0,0,0,0,0,0,0,0,0,0,0,0,0,0,0,0,76,2026-02-06 00:05:54.502941
WNTR,26.44,26.44,26.52,1934000.0,,1528400.0,,0,0,0,0,0,0,0,0,0,0,0,0,0,0,0,0,0,0,0,0,76,2026-02-06 00:05:54.502941
SPNG,24.05,24.05,24.43,2518600.0,7000.0,1834500.0,21000.0,0,0,0,0,0,0,0,0,0,0,0,0,0,0,0,0,0,0,0,0,77,2026-02-06 00:05:55.542430
SMMR,24.68,24.64,24.68,2376200.0,,1932100.0,,0,0,0,0,0,0,0,0,0,0,0,0,0,0,0,0,0,0,0,0,77,2026-02-06 00:05:55.542430
ATMN,25.68,25.43,25.68,1954300.0,,1896100.0,7000.0,0,0,0,0,0,0,0,0,0,0,0,0,0,0,0,0,0,0,0,0,77,2026-02-06 00:05:55.542430
WNTR,26.52,26.44,26.52,2046200.0,,1603000.0,,0,0,0,0,0,0,0,0,0,0,0,0,0,0,0,0,0,0,0,0,77,2026-02-06 00:05:55.542430
SPNG,24.44,24.06,24.44,14000.0,2392800.0,1841100.0,14000.0,0,0,0,0,0,0,0,0,0,0,0,0,0,0,0,0,0,0,0,0,78,2026-02-06 00:05:56.094185
SMMR,24.62,24.62,24.68,,2396800.0,1932100.0,,0,0,0,0,0,0,0,0,0,0,0,0,0,0,0,0,0,0,0,0,78,2026-02-06 00:05:56.094185
ATMN,25.68,25.56,25.68,7000.0,2034300.0,1876600.0,7000.0,0,0,0,0,0,0,0,0,0,0,0,0,0,0,0,0,0,0,0,0,78,2026-02-06 00:05:56.094185
WNTR,26.41,26.39,26.41,,1958900.0,1802100.0,,0,0,0,0,0,0,0,0,0,0,0,0,0,0,0,0,0,0,0,0,78,2026-02-06 00:05:56.094185
SPNG,24.09,24.09,24.43,2507400.0,7000.0,21000.0,1827100.0,0,0,0,0,0,0,0,0,0,0,0,0,0,0,0,0,0,0,0,0,79,2026-02-06 00:05:57.198917
SMMR,24.62,24.67,24.68,2399100.0,,,1932100.0,0,0,0,0,0,0,0,0,0,0,0,0,0,0,0,0,0,0,0,0,79,2026-02-06 00:05:57.198917
ATMN,25.37,25.37,25.68,1834000.0,7000.0,7000.0,1877700.0,0,0,0,0,0,0,0,0,0,0,0,0,0,0,0,0,0,0,0,0,79,2026-02-06 00:05:57.198917
WNTR,26.46,26.39,26.46,2045600.0,,,1708800.0,0,0,0,0,0,0,0,0,0,0,0,0,0,0,0,0,0,0,0,0,79,2026-02-06 00:05:57.198917
SPNG,24.09,24.09,24.44,2633600.0,1979700.0,7000.0,,0,0,0,0,0,0,0,0,0,0,0,0,0,0,0,0,0,0,0,0,80,2026-02-06 00:05:58.273180
SMMR,24.65,24.63,24.65,2424000.0,2199100.0,,,0,0,0,0,0,0,0,0,0,0,0,0,0,0,0,0,0,0,0,0,80,2026-02-06 00:05:58.273180
ATMN,25.78,25.29,25.78,1733500.0,1911300.0,,7000.0,0,0,0,0,0,0,0,0,0,0,0,0,0,0,0,0,0,0,0,0,80,2026-02-06 00:05:58.273180
WNTR,26.57,26.39,26.57,2045600.0,1395700.0,,,0,0,0,0,0,0,0,0,0,0,0,0,0,0,0,0,0,0,0,0,80,2026-02-06 00:05:58.273180
SPNG,24.22,24.22,24.44,2595700.0,1979700.0,7000.0,,0,0,0,0,0,0,0,0,0,0,0,0,0,0,0,0,0,0,0,0,81,2026-02-06 00:05:59.342769
SMMR,24.57,24.59,24.65,2432000.0,2199100.0,,,0,0,0,0,0,0,0,0,0,0,0,0,0,0,0,0,0,0,0,0,81,2026-02-06 00:05:59.342769
ATMN,25.78,25.29,25.52,1842600.0,1833900.0,7000.0,7000.0,0,0,0,0,0,0,0,0,0,0,0,0,0,0,0,0,0,0,0,0,81,2026-02-06 00:05:59.342769
WNTR,26.36,26.42,26.63,2066100.0,1307800.0,,,0,0,0,0,0,0,0,0,0,0,0,0,0,0,0,0,0,0,0,0,81,2026-02-06 00:05:59.342769
SPNG,24.22,24.22,24.44,2439500.0,7000.0,1909300.0,14000.0,0,0,0,0,0,0,0,0,0,0,0,0,0,0,0,0,0,0,0,0,82,2026-02-06 00:06:00.391373
SMMR,24.57,24.57,24.62,2401500.0,,2293800.0,,0,0,0,0,0,0,0,0,0,0,0,0,0,0,0,0,0,0,0,0,82,2026-02-06 00:06:00.391373
ATMN,25.52,25.5,25.52,2055000.0,7000.0,1846000.0,7000.0,0,0,0,0,0,0,0,0,0,0,0,0,0,0,0,0,0,0,0,0,82,2026-02-06 00:06:00.391373
WNTR,26.47,26.42,26.47,2048500.0,,1425600.0,,0,0,0,0,0,0,0,0,0,0,0,0,0,0,0,0,0,0,0,0,82,2026-02-06 00:06:00.391373
SPNG,24.43,24.43,24.49,2440200.0,7000.0,1844300.0,7000.0,0,0,0,0,0,0,0,0,0,0,0,0,0,0,0,0,0,0,0,0,83,2026-02-06 00:06:01.424194
SMMR,24.49,24.49,24.68,2273200.0,,2070400.0,,0,0,0,0,0,0,0,0,0,0,0,0,0,0,0,0,0,0,0,0,83,2026-02-06 00:06:01.424194
ATMN,25.28,25.28,25.77,1854000.0,,1825900.0,7000.0,0,0,0,0,0,0,0,0,0,0,0,0,0,0,0,0,0,0,0,0,83,2026-02-06 00:06:01.424194
WNTR,26.63,26.49,26.63,2047100.0,,1500500.0,,0,0,0,0,0,0,0,0,0,0,0,0,0,0,0,0,0,0,0,0,83,2026-02-06 00:06:01.424194
SPNG,24.19,24.36,24.49,2426100.0,7000.0,1951300.0,7000.0,0,0,0,0,0,0,0,0,0,0,0,0,0,0,0,0,0,0,0,0,84,2026-02-06 00:06:02.490235
SMMR,24.71,24.57,24.71,2431200.0,,2091300.0,,0,0,0,0,0,0,0,0,0,0,0,0,0,0,0,0,0,0,0,0,84,2026-02-06 00:06:02.490235
ATMN,25.15,25.15,25.77,1527300.0,,1825000.0,7000.0,0,0,0,0,0,0,0,0,0,0,0,0,0,0,0,0,0,0,0,0,84,2026-02-06 00:06:02.490235
WNTR,26.47,26.56,26.63,2052500.0,,1500500.0,,0,0,0,0,0,0,0,0,0,0,0,0,0,0,0,0,0,0,0,0,84,2026-02-06 00:06:02.490235
SPNG,24.01,24.01,24.49,2667600.0,1951300.0,7000.0,0,0,0,0,0,0,0,0,0,0,0,0,0,0,0,0,0,0,0,0,0,85,2026-02-06 00:06:03.544970
SMMR,24.65,24.65,24.71,2426300.0,2215000.0,,0,0,0,0,0,0,0,0,0,0,0,0,0,0,0,0,0,0,0,0,0,85,2026-02-06 00:06:03.544970
ATMN,25.15,25.15,25.51,1643900.0,1868900.0,7000.0,0,0,0,0,0,0,0,0,0,0,0,0,0,0,0,0,0,0,0,0,0,85,2026-02-06 00:06:03.544970
WNTR,26.47,26.56,26.62,2044900.0,1696000.0,,0,0,0,0,0,0,0,0,0,0,0,0,0,0,0,0,0,0,0,0,0,85,2026-02-06 00:06:03.544970
SPNG,24.52,24.41,24.52,2602500.0,1969300.0,7000.0,0,0,0,0,0,0,0,0,0,0,0,0,0,0,0,0,0,0,0,0,0,86,2026-02-06 00:06:04.589939
SMMR,24.65,24.65,24.71,2397600.0,2320900.0,,0,0,0,0,0,0,0,0,0,0,0,0,0,0,0,0,0,0,0,0,0,86,2026-02-06 00:06:04.589939
ATMN,25.15,25.28,25.34,1897000.0,1881600.0,7000.0,0,0,0,0,0,0,0,0,0,0,0,0,0,0,0,0,0,0,0,0,0,86,2026-02-06 00:06:04.589939
WNTR,26.63,26.56,26.6,2044900.0,1811200.0,,0,0,0,0,0,0,0,0,0,0,0,0,0,0,0,0,0,0,0,0,0,86,2026-02-06 00:06:04.589939
SPNG,24.01,24.01,24.52,2502400.0,7000.0,2000900.0,7000.0,0,0,0,0,0,0,0,0,0,0,0,0,0,0,0,0,0,0,0,0,87,2026-02-06 00:06:05.191905
SMMR,24.65,24.65,24.69,2397600.0,,2302800.0,,0,0,0,0,0,0,0,0,0,0,0,0,0,0,0,0,0,0,0,0,87,2026-02-06 00:06:05.191905
ATMN,25.15,24.77,24.99,1688500.0,,1900600.0,7000.0,0,0,0,0,0,0,0,0,0,0,0,0,0,0,0,0,0,0,0,0,87,2026-02-06 00:06:05.191905
WNTR,26.63,26.56,26.6,2044900.0,,1916400.0,,0,0,0,0,0,0,0,0,0,0,0,0,0,0,0,0,0,0,0,0,87,2026-02-06 00:06:05.191905
SPNG,23.95,24.2,24.52,2584000.0,2045600.0,7000.0,0,0,0,0,0,0,0,0,0,0,0,0,0,0,0,0,0,0,0,0,0,88,2026-02-06 00:06:06.248181
SMMR,24.68,24.68,24.69,2414200.0,2297900.0,,0,0,0,0,0,0,0,0,0,0,0,0,0,0,0,0,0,0,0,0,0,88,2026-02-06 00:06:06.248181
ATMN,25.35,24.77,25.35,1688500.0,1888500.0,7000.0,0,0,0,0,0,0,0,0,0,0,0,0,0,0,0,0,0,0,0,0,0,88,2026-02-06 00:06:06.248181
WNTR,26.42,26.42,26.6,2043900.0,1916400.0,,0,0,0,0,0,0,0,0,0,0,0,0,0,0,0,0,0,0,0,0,0,88,2026-02-06 00:06:06.248181
SPNG,24.01,24.01,24.52,2469000.0,7000.0,2076400.0,7000.0,0,0,0,0,0,0,0,0,0,0,0,0,0,0,0,0,0,0,0,0,89,2026-02-06 00:06:07.294570
SMMR,24.69,24.65,24.69,2397600.0,,2284900.0,,0,0,0,0,0,0,0,0,0,0,0,0,0,0,0,0,0,0,0,0,89,2026-02-06 00:06:07.294570
ATMN,25.35,25.36,25.51,1983800.0,,1868900.0,7000.0,0,0,0,0,0,0,0,0,0,0,0,0,0,0,0,0,0,0,0,0,89,2026-02-06 00:06:07.294570
WNTR,26.42,26.42,26.52,2066500.0,,1926300.0,,0,0,0,0,0,0,0,0,0,0,0,0,0,0,0,0,0,0,0,0,89,2026-02-06 00:06:07.294570
SPNG,24.01,24.22,24.52,2433400.0,7000.0,2002600.0,17000.0,0,0,0,0,0,0,0,0,0,0,0,0,0,0,0,0,0,0,0,0,90,2026-02-06 00:06:08.336520
SMMR,24.63,24.63,24.69,2397300.0,,2301100.0,,0,0,0,0,0,0,0,0,0,0,0,0,0,0,0,0,0,0,0,0,90,2026-02-06 00:06:08.336520
ATMN,25.35,25.41,25.43,2297700.0,,1890400.0,7000.0,0,0,0,0,0,0,0,0,0,0,0,0,0,0,0,0,0,0,0,0,90,2026-02-06 00:06:08.336520
WNTR,26.63,26.54,26.63,2050500.0,,1897000.0,,0,0,0,0,0,0,0,0,0,0,0,0,0,0,0,0,0,0,0,0,90,2026-02-06 00:06:08.336520
SPNG,24.68,24.68,24.7,2455300.0,7000.0,2009900.0,7000.0,0,0,0,0,0,0,0,0,0,0,0,0,0,0,0,0,0,0,0,0,91,2026-02-06 00:06:09.413786
SMMR,24.7,24.63,24.7,2397300.0,,2312700.0,,0,0,0,0,0,0,0,0,0,0,0,0,0,0,0,0,0,0,0,0,91,2026-02-06 00:06:09.413786
ATMN,25.36,25.41,25.43,2096200.0,7000.0,1794000.0,14000.0,0,0,0,0,0,0,0,0,0,0,0,0,0,0,0,0,0,0,0,0,91,2026-02-06 00:06:09.413786
WNTR,26.63,26.54,26.58,2050500.0,,1901200.0,,0,0,0,0,0,0,0,0,0,0,0,0,0,0,0,0,0,0,0,0,91,2026-02-06 00:06:09.413786
SPNG,24.58,24.13,24.2,2456700.0,7000.0,2050900.0,7000.0,0,0,0,0,0,0,0,0,0,0,0,0,0,0,0,0,0,0,0,0,92,2026-02-06 00:06:10.498571
SMMR,24.57,24.57,24.68,2395500.0,,2324000.0,,0,0,0,0,0,0,0,0,0,0,0,0,0,0,0,0,0,0,0,0,92,2026-02-06 00:06:10.498571
ATMN,25.51,25.41,25.51,2065600.0,7000.0,1868900.0,7000.0,0,0,0,0,0,0,0,0,0,0,0,0,0,0,0,0,0,0,0,0,92,2026-02-06 00:06:10.498571
WNTR,26.54,26.42,26.47,2066500.0,,1912100.0,,0,0,0,0,0,0,0,0,0,0,0,0,0,0,0,0,0,0,0,0,92,2026-02-06 00:06:10.498571
SPNG,24.72,24.13,24.72,2456700.0,7000.0,1986600.0,7000.0,0,0,0,0,0,0,0,0,0,0,0,0,0,0,0,0,0,0,0,0,93,2026-02-06 00:06:11.556103
SMMR,24.47,24.47,24.71,2397200.0,,2307800.0,,0,0,0,0,0,0,0,0,0,0,0,0,0,0,0,0,0,0,0,0,93,2026-02-06 00:06:11.556103
ATMN,25.36,25.36,25.51,2074900.0,7000.0,1799200.0,14000.0,0,0,0,0,0,0,0,0,0,0,0,0,0,0,0,0,0,0,0,0,93,2026-02-06 00:06:11.556103
WNTR,26.54,26.45,26.47,2071200.0,,1912100.0,,0,0,0,0,0,0,0,0,0,0,0,0,0,0,0,0,0,0,0,0,93,2026-02-06 00:06:11.556103
SPNG,24.72,24.2,24.71,2394100.0,7000.0,14000.0,1904400.0,0,0,0,0,0,0,0,0,0,0,0,0,0,0,0,0,0,0,0,0,94,2026-02-06 00:06:12.597543
SMMR,24.47,24.53,24.71,2378900.0,,,2307800.0,0,0,0,0,0,0,0,0,0,0,0,0,0,0,0,0,0,0,0,0,94,2026-02-06 00:06:12.597543
ATMN,25.51,25.36,25.44,2074900.0,7000.0,14000.0,1783900.0,0,0,0,0,0,0,0,0,0,0,0,0,0,0,0,0,0,0,0,0,94,2026-02-06 00:06:12.597543
WNTR,26.58,26.5,26.58,2055900.0,,,1918800.0,0,0,0,0,0,0,0,0,0,0,0,0,0,0,0,0,0,0,0,0,94,2026-02-06 00:06:12.597543
SPNG,24.2,24.2,24.71,2240500.0,14000.0,21000.0,1832300.0,0,0,0,0,0,0,0,0,0,0,0,0,0,0,0,0,0,0,0,0,95,2026-02-06 00:06:13.642350
SMMR,24.73,24.67,24.73,2339300.0,,,2313300.0,0,0,0,0,0,0,0,0,0,0,0,0,0,0,0,0,0,0,0,0,95,2026-02-06 00:06:13.642350
ATMN,25.33,25.33,25.44,2048200.0,7000.0,14000.0,1807700.0,0,0,0,0,0,0,0,0,0,0,0,0,0,0,0,0,0,0,0,0,95,2026-02-06 00:06:13.642350
WNTR,26.45,26.45,26.47,2071200.0,,,1947900.0,0,0,0,0,0,0,0,0,0,0,0,0,0,0,0,0,0,0,0,0,95,2026-02-06 00:06:13.642350
SPNG,24.2,24.24,24.54,2325200.0,7000.0,2044100.0,7000.0,0,0,0,0,0,0,0,0,0,0,0,0,0,0,0,0,0,0,0,0,96,2026-02-06 00:06:14.678330
SMMR,24.67,24.67,24.74,2307300.0,,2370500.0,,0,0,0,0,0,0,0,0,0,0,0,0,0,0,0,0,0,0,0,0,96,2026-02-06 00:06:14.678330
ATMN,25.5,25.33,25.5,1947700.0,14000.0,1806300.0,14000.0,0,0,0,0,0,0,0,0,0,0,0,0,0,0,0,0,0,0,0,0,96,2026-02-06 00:06:14.678330
WNTR,26.51,26.51,26.62,2052400.0,,1914000.0,,0,0,0,0,0,0,0,0,0,0,0,0,0,0,0,0,0,0,0,0,96,2026-02-06 00:06:14.678330
SPNG,24.2,24.41,24.54,2328000.0,7000.0,2044100.0,7000.0,0,0,0,0,0,0,0,0,0,0,0,0,0,0,0,0,0,0,0,0,97,2026-02-06 00:06:15.212024
SMMR,24.66,24.66,24.74,2328300.0,,2354000.0,,0,0,0,0,0,0,0,0,0,0,0,0,0,0,0,0,0,0,0,0,97,2026-02-06 00:06:15.212024
ATMN,25.5,25.33,25.5,1949100.0,14000.0,1693500.0,21000.0,0,0,0,0,0,0,0,0,0,0,0,0,0,0,0,0,0,0,0,0,97,2026-02-06 00:06:15.212024
WNTR,26.51,26.56,26.62,2015600.0,,1914000.0,,0,0,0,0,0,0,0,0,0,0,0,0,0,0,0,0,0,0,0,0,97,2026-02-06 00:06:15.212024
SPNG,24.54,24.36,24.54,2333600.0,7000.0,2044100.0,7000.0,0,0,0,0,0,0,0,0,0,0,0,0,0,0,0,0,0,0,0,0,98,2026-02-06 00:06:16.279070
SMMR,24.57,24.53,24.57,2378900.0,,2343000.0,,0,0,0,0,0,0,0,0,0,0,0,0,0,0,0,0,0,0,0,0,98,2026-02-06 00:06:16.279070
ATMN,25.3,25.3,25.5,2076000.0,7000.0,1892000.0,7000.0,0,0,0,0,0,0,0,0,0,0,0,0,0,0,0,0,0,0,0,0,98,2026-02-06 00:06:16.279070
WNTR,26.51,26.51,26.62,2015100.0,,1892100.0,,0,0,0,0,0,0,0,0,0,0,0,0,0,0,0,0,0,0,0,0,98,2026-02-06 00:06:16.279070
SPNG,24.54,24.36,24.54,2156700.0,14000.0,2100100.0,7000.0,0,0,0,0,0,0,0,0,0,0,0,0,0,0,0,0,0,0,0,0,99,2026-02-06 00:06:17.338640
SMMR,24.57,24.72,24.74,2357100.0,,2334200.0,,0,0,0,0,0,0,0,0,0,0,0,0,0,0,0,0,0,0,0,0,99,2026-02-06 00:06:17.338640
ATMN,25.3,25.3,25.46,2056200.0,7000.0,1912600.0,7000.0,0,0,0,0,0,0,0,0,0,0,0,0,0,0,0,0,0,0,0,0,99,2026-02-06 00:06:17.338640
WNTR,26.64,26.51,26.64,2015100.0,,1880900.0,,0,0,0,0,0,0,0,0,0,0,0,0,0,0,0,0,0,0,0,0,99,2026-02-06 00:06:17.338640
SPNG,24.03,24.03,24.54,2462600.0,2100100.0,7000.0,,0,0,0,0,0,0,0,0,0,0,0,0,0,0,0,0,0,0,0,0,100,2026-02-06 00:06:18.403429
SMMR,24.72,24.55,24.56,2383800.0,2318800.0,,,0,0,0,0,0,0,0,0,0,0,0,0,0,0,0,0,0,0,0,0,100,2026-02-06 00:06:18.403429
ATMN,25.24,25.24,25.25,2040700.0,1913200.0,7000.0,7000.0,0,0,0,0,0,0,0,0,0,0,0,0,0,0,0,0,0,0,0,0,100,2026-02-06 00:06:18.403429
WNTR,26.51,26.45,26.49,2044300.0,1920100.0,,,0,0,0,0,0,0,0,0,0,0,0,0,0,0,0,0,0,0,0,0,100,2026-02-06 00:06:18.403429
SPNG,24.67,24.68,24.72,2301600.0,7000.0,2052200.0,7000.0,0,0,0,0,0,0,0,0,0,0,0,0,0,0,0,0,0,0,0,0,101,2026-02-06 00:06:19.492580
SMMR,24.74,24.61,24.73,2336800.0,,2345300.0,,0,0,0,0,0,0,0,0,0,0,0,0,0,0,0,0,0,0,0,0,101,2026-02-06 00:06:19.492580
ATMN,25.25,25.37,25.39,2055000.0,7000.0,1890700.0,7000.0,0,0,0,0,0,0,0,0,0,0,0,0,0,0,0,0,0,0,0,0,101,2026-02-06 00:06:19.492580
WNTR,26.4,26.38,26.4,2041000.0,,1940900.0,,0,0,0,0,0,0,0,0,0,0,0,0,0,0,0,0,0,0,0,0,101,2026-02-06 00:06:19.492580
SPNG,24.68,24.34,24.47,2316300.0,7000.0,1999900.0,14000.0,0,0,0,0,0,0,0,0,0,0,0,0,0,0,0,0,0,0,0,0,102,2026-02-06 00:06:20.549626
SMMR,24.61,24.56,24.58,2349700.0,,2378600.0,,0,0,0,0,0,0,0,0,0,0,0,0,0,0,0,0,0,0,0,0,102,2026-02-06 00:06:20.549626
ATMN,25.37,25.24,25.31,1906200.0,14000.0,1783400.0,14000.0,0,0,0,0,0,0,0,0,0,0,0,0,0,0,0,0,0,0,0,0,102,2026-02-06 00:06:20.549626
WNTR,26.4,26.38,26.4,2083700.0,,1940900.0,,0,0,0,0,0,0,0,0,0,0,0,0,0,0,0,0,0,0,0,0,102,2026-02-06 00:06:20.549626
SPNG,24.47,24.7,24.72,2337500.0,7000.0,2019700.0,14000.0,0,0,0,0,0,0,0,0,0,0,0,0,0,0,0,0,0,0,0,0,103,2026-02-06 00:06:21.643212
SMMR,24.58,24.63,24.69,2352700.0,,2366800.0,,0,0,0,0,0,0,0,0,0,0,0,0,0,0,0,0,0,0,0,0,103,2026-02-06 00:06:21.643212
ATMN,25.13,25.13,25.31,2036400.0,7000.0,1686200.0,21000.0,0,0,0,0,0,0,0,0,0,0,0,0,0,0,0,0,0,0,0,0,103,2026-02-06 00:06:21.643212
WNTR,26.4,26.38,26.4,2060600.0,,1944500.0,,0,0,0,0,0,0,0,0,0,0,0,0,0,0,0,0,0,0,0,0,103,2026-02-06 00:06:21.643212
SPNG,24.41,24.03,24.41,2344800.0,7000.0,2046600.0,14000.0,0,0,0,0,0,0,0,0,0,0,0,0,0,0,0,0,0,0,0,0,104,2026-02-06 00:06:22.243299
SMMR,24.58,24.63,24.69,2306300.0,,2366800.0,,0,0,0,0,0,0,0,0,0,0,0,0,0,0,0,0,0,0,0,0,104,2026-02-06 00:06:22.243299
ATMN,25.13,25.13,25.31,2036400.0,7000.0,1767300.0,14000.0,0,0,0,0,0,0,0,0,0,0,0,0,0,0,0,0,0,0,0,0,104,2026-02-06 00:06:22.243299
WNTR,26.52,26.55,26.61,2022600.0,,1940000.0,,0,0,0,0,0,0,0,0,0,0,0,0,0,0,0,0,0,0,0,0,104,2026-02-06 00:06:22.243299
SPNG,24.41,24.23,24.41,2325300.0,7000.0,2046600.0,14000.0,0,0,0,0,0,0,0,0,0,0,0,0,0,0,0,0,0,0,0,0,105,2026-02-06 00:06:23.395668
SMMR,24.73,24.63,24.73,2306300.0,,2358600.0,,0,0,0,0,0,0,0,0,0,0,0,0,0,0,0,0,0,0,0,0,105,2026-02-06 00:06:23.395668
ATMN,25.31,25.13,25.31,2039000.0,7000.0,1774100.0,14000.0,0,0,0,0,0,0,0,0,0,0,0,0,0,0,0,0,0,0,0,0,105,2026-02-06 00:06:23.395668
WNTR,26.52,26.59,26.61,1990900.0,,1940000.0,,0,0,0,0,0,0,0,0,0,0,0,0,0,0,0,0,0,0,0,0,105,2026-02-06 00:06:23.395668
SPNG,24.69,24.23,24.69,2190600.0,14000.0,2027400.0,14000.0,0,0,0,0,0,0,0,0,0,0,0,0,0,0,0,0,0,0,0,0,106,2026-02-06 00:06:24.439560
SMMR,24.75,24.56,24.75,2343100.0,,2343900.0,,0,0,0,0,0,0,0,0,0,0,0,0,0,0,0,0,0,0,0,0,106,2026-02-06 00:06:24.439560
ATMN,25.31,25.17,25.31,2011000.0,7000.0,1728400.0,14000.0,0,0,0,0,0,0,0,0,0,0,0,0,0,0,0,0,0,0,0,0,106,2026-02-06 00:06:24.439560
WNTR,26.52,26.59,26.61,1990900.0,,1954500.0,,0,0,0,0,0,0,0,0,0,0,0,0,0,0,0,0,0,0,0,0,106,2026-02-06 00:06:24.439560
SPNG,24.51,24.23,24.51,2325300.0,7000.0,2140300.0,7000.0,0,0,0,0,0,0,0,0,0,0,0,0,0,0,0,0,0,0,0,0,107,2026-02-06 00:06:25.474860
SMMR,24.75,24.68,24.75,2356200.0,,2349300.0,,0,0,0,0,0,0,0,0,0,0,0,0,0,0,0,0,0,0,0,0,107,2026-02-06 00:06:25.474860
ATMN,25.13,25.13,25.39,1917600.0,14000.0,1854400.0,7000.0,0,0,0,0,0,0,0,0,0,0,0,0,0,0,0,0,0,0,0,0,107,2026-02-06 00:06:25.474860
WNTR,26.63,26.59,26.63,1990900.0,,1944000.0,,0,0,0,0,0,0,0,0,0,0,0,0,0,0,0,0,0,0,0,0,107,2026-02-06 00:06:25.474860
SPNG,24.51,24.34,24.47,2316700.0,7000.0,2074700.0,14000.0,0,0,0,0,0,0,0,0,0,0,0,0,0,0,0,0,0,0,0,0,108,2026-02-06 00:06:26.521061
SMMR,24.75,24.7,24.75,2391400.0,,2344000.0,,0,0,0,0,0,0,0,0,0,0,0,0,0,0,0,0,0,0,0,0,108,2026-02-06 00:06:26.521061
ATMN,25.13,25.13,25.39,1917600.0,14000.0,1836200.0,7000.0,0,0,0,0,0,0,0,0,0,0,0,0,0,0,0,0,0,0,0,0,108,2026-02-06 00:06:26.521061
WNTR,26.64,26.59,26.64,1990900.0,,1917100.0,,0,0,0,0,0,0,0,0,0,0,0,0,0,0,0,0,0,0,0,0,108,2026-02-06 00:06:26.521061
SPNG,24.34,24.34,24.47,2151300.0,14000.0,2073000.0,14000.0,0,0,0,0,0,0,0,0,0,0,0,0,0,0,0,0,0,0,0,0,109,2026-02-06 00:06:27.607719
SMMR,24.68,24.68,24.75,2353500.0,,2334000.0,,0,0,0,0,0,0,0,0,0,0,0,0,0,0,0,0,0,0,0,0,109,2026-02-06 00:06:27.607719
ATMN,25.13,25.31,25.39,2008500.0,7000.0,1829800.0,7000.0,0,0,0,0,0,0,0,0,0,0,0,0,0,0,0,0,0,0,0,0,109,2026-02-06 00:06:27.607719
WNTR,26.55,26.55,26.61,2021200.0,,1921500.0,,0,0,0,0,0,0,0,0,0,0,0,0,0,0,0,0,0,0,0,0,109,2026-02-06 00:06:27.607719
SPNG,24.23,24.23,24.47,2442700.0,1943000.0,21000.0,,0,0,0,0,0,0,0,0,0,0,0,0,0,0,0,0,0,0,0,0,110,2026-02-06 00:06:28.659415
SMMR,24.68,24.68,24.75,2376700.0,2302200.0,,,0,0,0,0,0,0,0,0,0,0,0,0,0,0,0,0,0,0,0,0,110,2026-02-06 00:06:28.659415
ATMN,25.13,25.13,25.39,2025700.0,1847400.0,7000.0,7000.0,0,0,0,0,0,0,0,0,0,0,0,0,0,0,0,0,0,0,0,0,110,2026-02-06 00:06:28.659415
WNTR,26.62,26.55,26.62,1995200.0,1933800.0,,,0,0,0,0,0,0,0,0,0,0,0,0,0,0,0,0,0,0,0,0,110,2026-02-06 00:06:28.659415
SPNG,24.08,24.08,24.46,2437100.0,31000.0,1826100.0,,0,0,0,0,0,0,0,0,0,0,0,0,0,0,0,0,0,0,0,0,111,2026-02-06 00:06:29.699486
SMMR,24.75,24.71,24.72,2384800.0,,2354400.0,,0,0,0,0,0,0,0,0,0,0,0,0,0,0,0,0,0,0,0,0,111,2026-02-06 00:06:29.699486
ATMN,25.13,25.13,25.19,2025700.0,7000.0,1854200.0,7000.0,0,0,0,0,0,0,0,0,0,0,0,0,0,0,0,0,0,0,0,0,111,2026-02-06 00:06:29.699486
WNTR,26.62,26.56,26.62,1971900.0,,1933800.0,,0,0,0,0,0,0,0,0,0,0,0,0,0,0,0,0,0,0,0,0,111,2026-02-06 00:06:29.699486
SPNG,24.47,24.08,24.47,2437100.0,1943000.0,21000.0,,0,0,0,0,0,0,0,0,0,0,0,0,0,0,0,0,0,0,0,0,112,2026-02-06 00:06:30.733060
SMMR,24.65,24.65,24.72,2347700.0,2375300.0,,,0,0,0,0,0,0,0,0,0,0,0,0,0,0,0,0,0,0,0,0,112,2026-02-06 00:06:30.733060
ATMN,25.41,25.13,25.41,2025700.0,1851000.0,7000.0,7000.0,0,0,0,0,0,0,0,0,0,0,0,0,0,0,0,0,0,0,0,0,112,2026-02-06 00:06:30.733060
WNTR,26.62,26.6,26.62,1985300.0,1933800.0,,,0,0,0,0,0,0,0,0,0,0,0,0,0,0,0,0,0,0,0,0,112,2026-02-06 00:06:30.733060
SPNG,24.03,24.03,24.64,2297400.0,7000.0,21000.0,1904800.0,0,0,0,0,0,0,0,0,0,0,0,0,0,0,0,0,0,0,0,0,113,2026-02-06 00:06:31.767168
SMMR,24.62,24.56,24.58,2341300.0,,,2394200.0,0,0,0,0,0,0,0,0,0,0,0,0,0,0,0,0,0,0,0,0,113,2026-02-06 00:06:31.767168
ATMN,25.43,25.38,25.43,2012900.0,7000.0,,1915300.0,0,0,0,0,0,0,0,0,0,0,0,0,0,0,0,0,0,0,0,0,113,2026-02-06 00:06:31.767168
WNTR,26.62,26.6,26.62,2013900.0,,,1933800.0,0,0,0,0,0,0,0,0,0,0,0,0,0,0,0,0,0,0,0,0,113,2026-02-06 00:06:31.767168
SPNG,24.03,24.5,24.52,2259500.0,7000.0,1905800.0,21000.0,0,0,0,0,0,0,0,0,0,0,0,0,0,0,0,0,0,0,0,0,114,2026-02-06 00:06:32.295523
SMMR,24.73,24.56,24.73,2341300.0,,2349000.0,,0,0,0,0,0,0,0,0,0,0,0,0,0,0,0,0,0,0,0,0,114,2026-02-06 00:06:32.295523
ATMN,25.38,25.13,25.14,1882500.0,16100.0,1865800.0,7000.0,0,0,0,0,0,0,0,0,0,0,0,0,0,0,0,0,0,0,0,0,114,2026-02-06 00:06:32.295523
WNTR,26.64,26.6,26.64,2013900.0,,1926900.0,,0,0,0,0,0,0,0,0,0,0,0,0,0,0,0,0,0,0,0,0,114,2026-02-06 00:06:32.295523
SPNG,24.03,24.5,24.52,2394200.0,2256000.0,,,0,0,0,0,0,0,0,0,0,0,0,0,0,0,0,0,0,0,0,0,115,2026-02-06 00:06:33.388779
SMMR,24.56,24.59,24.73,2373500.0,2349000.0,,,0,0,0,0,0,0,0,0,0,0,0,0,0,0,0,0,0,0,0,0,115,2026-02-06 00:06:33.388779
ATMN,25.1,25.1,25.43,2005900.0,1826600.0,7000.0,7000.0,0,0,0,0,0,0,0,0,0,0,0,0,0,0,0,0,0,0,0,0,115,2026-02-06 00:06:33.388779
WNTR,26.6,26.6,26.64,2013900.0,1917700.0,,,0,0,0,0,0,0,0,0,0,0,0,0,0,0,0,0,0,0,0,0,115,2026-02-06 00:06:33.388779
SPNG,24.24,24.24,24.52,2432600.0,2257500.0,0,0,0,0,0,0,0,0,0,0,0,0,0,0,0,0,0,0,0,0,0,0,116,2026-02-06 00:06:34.478132
SMMR,24.76,24.63,24.76,2365300.0,2329500.0,0,0,0,0,0,0,0,0,0,0,0,0,0,0,0,0,0,0,0,0,0,0,116,2026-02-06 00:06:34.478132
ATMN,25.46,25.11,25.3,2116600.0,1928900.0,0,0,0,0,0,0,0,0,0,0,0,0,0,0,0,0,0,0,0,0,0,0,116,2026-02-06 00:06:34.478132
WNTR,26.66,26.6,26.66,2013900.0,1937700.0,0,0,0,0,0,0,0,0,0,0,0,0,0,0,0,0,0,0,0,0,0,0,116,2026-02-06 00:06:34.478132
SPNG,24.53,24.24,24.53,2432600.0,2277900.0,0,0,0,0,0,0,0,0,0,0,0,0,0,0,0,0,0,0,0,0,0,0,117,2026-02-06 00:06:35.544525
SMMR,24.76,24.66,24.76,2337500.0,2316500.0,0,0,0,0,0,0,0,0,0,0,0,0,0,0,0,0,0,0,0,0,0,0,117,2026-02-06 00:06:35.544525
ATMN,25.46,25.11,25.44,2116600.0,1929000.0,0,0,0,0,0,0,0,0,0,0,0,0,0,0,0,0,0,0,0,0,0,0,117,2026-02-06 00:06:35.544525
WNTR,26.68,26.6,26.68,2012500.0,1952500.0,0,0,0,0,0,0,0,0,0,0,0,0,0,0,0,0,0,0,0,0,0,0,117,2026-02-06 00:06:35.544525
SPNG,23.97,23.97,24.35,2499000.0,2297900.0,0,0,0,0,0,0,0,0,0,0,0,0,0,0,0,0,0,0,0,0,0,0,118,2026-02-06 00:06:36.603855
SMMR,24.76,24.55,24.76,2394600.0,2316500.0,0,0,0,0,0,0,0,0,0,0,0,0,0,0,0,0,0,0,0,0,0,0,118,2026-02-06 00:06:36.603855
ATMN,25.44,25.2,25.44,2079100.0,1929000.0,0,0,0,0,0,0,0,0,0,0,0,0,0,0,0,0,0,0,0,0,0,0,118,2026-02-06 00:06:36.603855
WNTR,26.68,26.6,26.68,2052200.0,1940100.0,0,0,0,0,0,0,0,0,0,0,0,0,0,0,0,0,0,0,0,0,0,0,118,2026-02-06 00:06:36.603855
SPNG,24.35,24.48,24.53,2497800.0,2274600.0,0,0,0,0,0,0,0,0,0,0,0,0,0,0,0,0,0,0,0,0,0,0,119,2026-02-06 00:06:37.679082
SMMR,24.53,24.53,24.74,2365600.0,2309500.0,0,0,0,0,0,0,0,0,0,0,0,0,0,0,0,0,0,0,0,0,0,0,119,2026-02-06 00:06:37.679082
ATMN,25.44,25.2,25.44,2017700.0,1929000.0,0,0,0,0,0,0,0,0,0,0,0,0,0,0,0,0,0,0,0,0,0,0,119,2026-02-06 00:06:37.679082
WNTR,26.68,26.64,26.68,2051200.0,1931500.0,0,0,0,0,0,0,0,0,0,0,0,0,0,0,0,0,0,0,0,0,0,0,119,2026-02-06 00:06:37.679082
SPNG,24.74,24.74,24.76,1187600.0,912800.0,0,0,0,0,0,0,0,0,0,0,0,0,0,0,0,0,0,0,0,0,0,0,120,2026-02-06 00:06:38.780662
SMMR,24.8,25.85,25.94,901700.0,1003800.0,0,0,0,0,0,0,0,0,0,0,0,0,0,0,0,0,0,0,0,0,0,0,120,2026-02-06 00:06:38.780662
ATMN,24.44,24.44,25.29,961800.0,825400.0,0,0,0,0,0,0,0,0,0,0,0,0,0,0,0,0,0,0,0,0,0,0,120,2026-02-06 00:06:38.780662
WNTR,26.72,25.63,25.77,910600.0,861000.0,0,0,0,0,0,0,0,0,0,0,0,0,0,0,0,0,0,0,0,0,0,0,120,2026-02-06 00:06:38.780662
SPNG,24.76,24.8,25.22,1344600.0,901400.0,0,0,0,0,0,0,0,0,0,0,0,0,0,0,0,0,0,0,0,0,0,0,121,2026-02-06 00:06:39.376142
SMMR,25.85,25.85,25.94,895800.0,1003800.0,0,0,0,0,0,0,0,0,0,0,0,0,0,0,0,0,0,0,0,0,0,0,121,2026-02-06 00:06:39.376142
ATMN,22.96,22.96,25.29,1007100.0,825400.0,0,0,0,0,0,0,0,0,0,0,0,0,0,0,0,0,0,0,0,0,0,0,121,2026-02-06 00:06:39.376142
WNTR,25.63,25.63,25.77,910600.0,976800.0,0,0,0,0,0,0,0,0,0,0,0,0,0,0,0,0,0,0,0,0,0,0,121,2026-02-06 00:06:39.376142
SPNG,24.34,24.34,24.97,1231800.0,1111500.0,0,0,0,0,0,0,0,0,0,0,0,0,0,0,0,0,0,0,0,0,0,0,122,2026-02-06 00:06:40.530709
SMMR,25.76,25.39,25.58,1031500.0,1239900.0,0,0,0,0,0,0,0,0,0,0,0,0,0,0,0,0,0,0,0,0,0,0,122,2026-02-06 00:06:40.530709
ATMN,24.62,23.66,24.43,1093900.0,1059300.0,0,0,0,0,0,0,0,0,0,0,0,0,0,0,0,0,0,0,0,0,0,0,122,2026-02-06 00:06:40.530709
WNTR,25.63,25.63,25.71,910600.0,1383800.0,0,0,0,0,0,0,0,0,0,0,0,0,0,0,0,0,0,0,0,0,0,0,122,2026-02-06 00:06:40.530709
SPNG,24.25,24.05,24.17,1276100.0,1357400.0,0,0,0,0,0,0,0,0,0,0,0,0,0,0,0,0,0,0,0,0,0,0,123,2026-02-06 00:06:41.634357
SMMR,25.76,25.56,25.58,1539200.0,1239900.0,0,0,0,0,0,0,0,0,0,0,0,0,0,0,0,0,0,0,0,0,0,0,123,2026-02-06 00:06:41.634357
ATMN,25.15,24.41,24.89,1310200.0,1030400.0,0,0,0,0,0,0,0,0,0,0,0,0,0,0,0,0,0,0,0,0,0,0,123,2026-02-06 00:06:41.634357
WNTR,25.63,25.14,25.52,898200.0,1710500.0,0,0,0,0,0,0,0,0,0,0,0,0,0,0,0,0,0,0,0,0,0,0,123,2026-02-06 00:06:41.634357
SPNG,24.17,24.28,24.97,1604600.0,1223900.0,0,0,0,0,0,0,0,0,0,0,0,0,0,0,0,0,0,0,0,0,0,0,124,2026-02-06 00:06:42.691312
SMMR,25.58,25.82,25.85,1739200.0,1256200.0,0,0,0,0,0,0,0,0,0,0,0,0,0,0,0,0,0,0,0,0,0,0,124,2026-02-06 00:06:42.691312
ATMN,24.89,24.32,24.89,1302200.0,1030400.0,0,0,0,0,0,0,0,0,0,0,0,0,0,0,0,0,0,0,0,0,0,0,124,2026-02-06 00:06:42.691312
WNTR,25.1,25.1,25.19,924300.0,1893800.0,0,0,0,0,0,0,0,0,0,0,0,0,0,0,0,0,0,0,0,0,0,0,124,2026-02-06 00:06:42.691312
SPNG,24.79,24.35,24.79,1849500.0,7000.0,1349000.0,0,0,0,0,0,0,0,0,0,0,0,0,0,0,0,0,0,0,0,0,0,125,2026-02-06 00:06:43.756943
SMMR,25.68,25.7,25.71,1861700.0,,1362200.0,0,0,0,0,0,0,0,0,0,0,0,0,0,0,0,0,0,0,0,0,0,125,2026-02-06 00:06:43.756943
ATMN,24.18,24.26,24.33,1402900.0,,1149900.0,0,0,0,0,0,0,0,0,0,0,0,0,0,0,0,0,0,0,0,0,0,125,2026-02-06 00:06:43.756943
WNTR,24.65,24.65,24.97,930100.0,,2004400.0,0,0,0,0,0,0,0,0,0,0,0,0,0,0,0,0,0,0,0,0,0,125,2026-02-06 00:06:43.756943
SPNG,24.79,24.5,24.79,1979300.0,7000.0,1599000.0,7000.0,0,0,0,0,0,0,0,0,0,0,0,0,0,0,0,0,0,0,0,0,126,2026-02-06 00:06:44.798385
SMMR,25.79,25.7,25.76,1973900.0,,1369000.0,,0,0,0,0,0,0,0,0,0,0,0,0,0,0,0,0,0,0,0,0,126,2026-02-06 00:06:44.798385
ATMN,24.33,24.26,24.33,1584600.0,7000.0,1149900.0,,0,0,0,0,0,0,0,0,0,0,0,0,0,0,0,0,0,0,0,0,126,2026-02-06 00:06:44.798385
WNTR,24.65,24.19,24.61,971700.0,,2106300.0,,0,0,0,0,0,0,0,0,0,0,0,0,0,0,0,0,0,0,0,0,126,2026-02-06 00:06:44.798385
SPNG,24.79,24.5,24.79,2107400.0,14000.0,1589600.0,7000.0,0,0,0,0,0,0,0,0,0,0,0,0,0,0,0,0,0,0,0,0,127,2026-02-06 00:06:45.841327
SMMR,25.85,25.78,25.85,2069500.0,,1256200.0,,0,0,0,0,0,0,0,0,0,0,0,0,0,0,0,0,0,0,0,0,127,2026-02-06 00:06:45.841327
ATMN,24.59,24.79,25.29,1786200.0,7000.0,825400.0,7000.0,0,0,0,0,0,0,0,0,0,0,0,0,0,0,0,0,0,0,0,0,127,2026-02-06 00:06:45.841327
WNTR,24.16,24.16,24.33,973900.0,,2149700.0,,0,0,0,0,0,0,0,0,0,0,0,0,0,0,0,0,0,0,0,0,127,2026-02-06 00:06:45.841327
SPNG,24.85,24.85,24.89,2234900.0,14000.0,1473900.0,14000.0,0,0,0,0,0,0,0,0,0,0,0,0,0,0,0,0,0,0,0,0,128,2026-02-06 00:06:46.375877
SMMR,25.78,25.7,25.71,1973900.0,,1365100.0,,0,0,0,0,0,0,0,0,0,0,0,0,0,0,0,0,0,0,0,0,128,2026-02-06 00:06:46.375877
ATMN,24.79,24.48,24.62,1668000.0,7000.0,1154000.0,7000.0,0,0,0,0,0,0,0,0,0,0,0,0,0,0,0,0,0,0,0,0,128,2026-02-06 00:06:46.375877
WNTR,23.93,23.93,23.97,950400.0,,2182600.0,,0,0,0,0,0,0,0,0,0,0,0,0,0,0,0,0,0,0,0,0,128,2026-02-06 00:06:46.375877
SPNG,24.5,24.5,24.54,2107400.0,14000.0,1691100.0,14000.0,0,0,0,0,0,0,0,0,0,0,0,0,0,0,0,0,0,0,0,0,129,2026-02-06 00:06:47.648796
SMMR,25.7,25.7,25.79,2087400.0,,1257300.0,,0,0,0,0,0,0,0,0,0,0,0,0,0,0,0,0,0,0,0,0,129,2026-02-06 00:06:47.648796
ATMN,24.62,24.26,24.62,1787700.0,14000.0,1154000.0,14000.0,0,0,0,0,0,0,0,0,0,0,0,0,0,0,0,0,0,0,0,0,129,2026-02-06 00:06:47.648796
WNTR,23.97,24.06,24.33,1064300.0,,2181800.0,,0,0,0,0,0,0,0,0,0,0,0,0,0,0,0,0,0,0,0,0,129,2026-02-06 00:06:47.648796
SPNG,24.89,24.44,24.88,1977600.0,14000.0,21000.0,1678000.0,0,0,0,0,0,0,0,0,0,0,0,0,0,0,0,0,0,0,0,0,130,2026-02-06 00:06:48.775907
SMMR,25.79,25.77,25.79,2293300.0,,,1506600.0,0,0,0,0,0,0,0,0,0,0,0,0,0,0,0,0,0,0,0,0,130,2026-02-06 00:06:48.775907
ATMN,24.62,24.45,24.48,2025200.0,7000.0,14000.0,1345400.0,0,0,0,0,0,0,0,0,0,0,0,0,0,0,0,0,0,0,0,0,130,2026-02-06 00:06:48.775907
WNTR,24.06,23.93,23.94,950400.0,,,2220100.0,0,0,0,0,0,0,0,0,0,0,0,0,0,0,0,0,0,0,0,0,130,2026-02-06 00:06:48.775907
SPNG,24.44,24.44,24.88,1977600.0,14000.0,14000.0,1801100.0,0,0,0,0,0,0,0,0,0,0,0,0,0,0,0,0,0,0,0,0,131,2026-02-06 00:06:49.826462
SMMR,25.77,25.77,25.79,2271400.0,,,1632000.0,0,0,0,0,0,0,0,0,0,0,0,0,0,0,0,0,0,0,0,0,131,2026-02-06 00:06:49.826462
ATMN,24.62,24.66,24.87,1974300.0,14000.0,14000.0,1165500.0,0,0,0,0,0,0,0,0,0,0,0,0,0,0,0,0,0,0,0,0,131,2026-02-06 00:06:49.826462
WNTR,23.93,23.93,23.94,1220400.0,,,2220100.0,0,0,0,0,0,0,0,0,0,0,0,0,0,0,0,0,0,0,0,0,131,2026-02-06 00:06:49.826462
SPNG,24.44,24.36,24.44,14000.0,2078200.0,1923400.0,14000.0,0,0,0,0,0,0,0,0,0,0,0,0,0,0,0,0,0,0,0,0,132,2026-02-06 00:06:50.864779
SMMR,25.93,25.77,25.93,,2259900.0,1252400.0,,0,0,0,0,0,0,0,0,0,0,0,0,0,0,0,0,0,0,0,0,132,2026-02-06 00:06:50.864779
ATMN,24.45,24.45,24.87,7000.0,2025200.0,1449600.0,7000.0,0,0,0,0,0,0,0,0,0,0,0,0,0,0,0,0,0,0,0,0,132,2026-02-06 00:06:50.864779
WNTR,23.99,23.93,23.99,,1220400.0,2188800.0,,0,0,0,0,0,0,0,0,0,0,0,0,0,0,0,0,0,0,0,0,132,2026-02-06 00:06:50.864779
SPNG,24.89,24.5,24.89,2205200.0,21000.0,1801100.0,7000.0,0,0,0,0,0,0,0,0,0,0,0,0,0,0,0,0,0,0,0,0,133,2026-02-06 00:06:51.410540
SMMR,25.79,25.79,25.93,2251700.0,,1252400.0,,0,0,0,0,0,0,0,0,0,0,0,0,0,0,0,0,0,0,0,0,133,2026-02-06 00:06:51.410540
ATMN,24.45,24.45,24.59,2025200.0,7000.0,1662000.0,7000.0,0,0,0,0,0,0,0,0,0,0,0,0,0,0,0,0,0,0,0,0,133,2026-02-06 00:06:51.410540
WNTR,23.9,23.9,23.99,1120400.0,,2195900.0,,0,0,0,0,0,0,0,0,0,0,0,0,0,0,0,0,0,0,0,0,133,2026-02-06 00:06:51.410540
SPNG,24.35,24.35,24.89,2189300.0,7000.0,1926200.0,14000.0,0,0,0,0,0,0,0,0,0,0,0,0,0,0,0,0,0,0,0,0,134,2026-02-06 00:06:52.464390
SMMR,25.74,25.74,25.93,2314300.0,,1471800.0,,0,0,0,0,0,0,0,0,0,0,0,0,0,0,0,0,0,0,0,0,134,2026-02-06 00:06:52.464390
ATMN,24.45,24.27,24.39,2125200.0,7000.0,1760400.0,7000.0,0,0,0,0,0,0,0,0,0,0,0,0,0,0,0,0,0,0,0,0,134,2026-02-06 00:06:52.464390
WNTR,24.02,23.83,24.02,1134100.0,,2195100.0,,0,0,0,0,0,0,0,0,0,0,0,0,0,0,0,0,0,0,0,0,134,2026-02-06 00:06:52.464390
SPNG,24.35,24.35,24.89,2424300.0,7000.0,1926200.0,14000.0,0,0,0,0,0,0,0,0,0,0,0,0,0,0,0,0,0,0,0,0,135,2026-02-06 00:06:53.522248
SMMR,25.7,25.7,25.85,2187100.0,,1819700.0,,0,0,0,0,0,0,0,0,0,0,0,0,0,0,0,0,0,0,0,0,135,2026-02-06 00:06:53.522248
ATMN,24.59,24.8,24.87,2047300.0,7000.0,1566900.0,7000.0,0,0,0,0,0,0,0,0,0,0,0,0,0,0,0,0,0,0,0,0,135,2026-02-06 00:06:53.522248
WNTR,23.83,23.83,23.97,1321500.0,,2185800.0,,0,0,0,0,0,0,0,0,0,0,0,0,0,0,0,0,0,0,0,0,135,2026-02-06 00:06:53.522248
SPNG,24.35,24.35,24.92,2424300.0,7000.0,1791400.0,7000.0,0,0,0,0,0,0,0,0,0,0,0,0,0,0,0,0,0,0,0,0,136,2026-02-06 00:06:54.581677
SMMR,25.86,25.86,25.93,2303400.0,,1882800.0,,0,0,0,0,0,0,0,0,0,0,0,0,0,0,0,0,0,0,0,0,136,2026-02-06 00:06:54.581677
ATMN,24.8,24.27,24.4,2077100.0,7000.0,1763500.0,7000.0,0,0,0,0,0,0,0,0,0,0,0,0,0,0,0,0,0,0,0,0,136,2026-02-06 00:06:54.581677
WNTR,24.02,23.96,24.02,1431500.0,,2203800.0,,0,0,0,0,0,0,0,0,0,0,0,0,0,0,0,0,0,0,0,0,136,2026-02-06 00:06:54.581677
SPNG,24.89,24.35,24.48,2424300.0,14000.0,1920600.0,14000.0,0,0,0,0,0,0,0,0,0,0,0,0,0,0,0,0,0,0,0,0,137,2026-02-06 00:06:55.659546
SMMR,25.86,25.86,25.92,2303400.0,,2205800.0,,0,0,0,0,0,0,0,0,0,0,0,0,0,0,0,0,0,0,0,0,137,2026-02-06 00:06:55.659546
ATMN,24.44,24.44,24.83,2069800.0,7000.0,1779100.0,7000.0,0,0,0,0,0,0,0,0,0,0,0,0,0,0,0,0,0,0,0,0,137,2026-02-06 00:06:55.659546
WNTR,24.08,23.96,24.02,1431500.0,,2239700.0,,0,0,0,0,0,0,0,0,0,0,0,0,0,0,0,0,0,0,0,0,137,2026-02-06 00:06:55.659546
SPNG,24.97,24.35,24.97,2216200.0,14000.0,1668300.0,7000.0,0,0,0,0,0,0,0,0,0,0,0,0,0,0,0,0,0,0,0,0,138,2026-02-06 00:06:56.729173
SMMR,25.86,25.86,25.92,2303400.0,,2228100.0,,0,0,0,0,0,0,0,0,0,0,0,0,0,0,0,0,0,0,0,0,138,2026-02-06 00:06:56.729173
ATMN,24.27,24.27,24.67,2034200.0,7000.0,1876200.0,7000.0,0,0,0,0,0,0,0,0,0,0,0,0,0,0,0,0,0,0,0,0,138,2026-02-06 00:06:56.729173
WNTR,23.93,23.93,24.02,1417500.0,,2239700.0,,0,0,0,0,0,0,0,0,0,0,0,0,0,0,0,0,0,0,0,0,138,2026-02-06 00:06:56.729173
SPNG,25.03,24.38,24.8,2328200.0,7000.0,1690900.0,7000.0,0,0,0,0,0,0,0,0,0,0,0,0,0,0,0,0,0,0,0,0,139,2026-02-06 00:06:57.807908
SMMR,25.86,25.71,25.82,2298500.0,,2272800.0,,0,0,0,0,0,0,0,0,0,0,0,0,0,0,0,0,0,0,0,0,139,2026-02-06 00:06:57.807908
ATMN,24.26,24.26,24.67,2177300.0,,1960600.0,7000.0,0,0,0,0,0,0,0,0,0,0,0,0,0,0,0,0,0,0,0,0,139,2026-02-06 00:06:57.807908
WNTR,24.01,23.93,23.97,1525900.0,,2236500.0,,0,0,0,0,0,0,0,0,0,0,0,0,0,0,0,0,0,0,0,0,139,2026-02-06 00:06:57.807908
SPNG,24.38,24.51,24.75,2272600.0,7000.0,1793200.0,7000.0,0,0,0,0,0,0,0,0,0,0,0,0,0,0,0,0,0,0,0,0,140,2026-02-06 00:06:58.845779
SMMR,25.82,25.7,25.82,2187100.0,,2300900.0,,0,0,0,0,0,0,0,0,0,0,0,0,0,0,0,0,0,0,0,0,140,2026-02-06 00:06:58.845779
ATMN,24.21,24.21,24.67,2162600.0,,1857800.0,14000.0,0,0,0,0,0,0,0,0,0,0,0,0,0,0,0,0,0,0,0,0,140,2026-02-06 00:06:58.845779
WNTR,24.14,23.93,24.04,1637200.0,,2224900.0,,0,0,0,0,0,0,0,0,0,0,0,0,0,0,0,0,0,0,0,0,140,2026-02-06 00:06:58.845779
SPNG,24.75,24.51,24.75,2131500.0,17000.0,1793200.0,7000.0,0,0,0,0,0,0,0,0,0,0,0,0,0,0,0,0,0,0,0,0,141,2026-02-06 00:06:59.897843
SMMR,25.65,25.65,25.76,1981300.0,,2270200.0,,0,0,0,0,0,0,0,0,0,0,0,0,0,0,0,0,0,0,0,0,141,2026-02-06 00:06:59.897843
ATMN,24.21,24.21,24.32,2217400.0,,1749200.0,24000.0,0,0,0,0,0,0,0,0,0,0,0,0,0,0,0,0,0,0,0,0,141,2026-02-06 00:06:59.897843
WNTR,24.14,23.94,24.04,1767400.0,,2212400.0,,0,0,0,0,0,0,0,0,0,0,0,0,0,0,0,0,0,0,0,0,141,2026-02-06 00:06:59.897843
SPNG,25.03,24.51,25.02,2131500.0,17000.0,1700700.0,7000.0,0,0,0,0,0,0,0,0,0,0,0,0,0,0,0,0,0,0,0,0,142,2026-02-06 00:07:00.434639
SMMR,25.62,25.62,25.76,1866800.0,,2277700.0,,0,0,0,0,0,0,0,0,0,0,0,0,0,0,0,0,0,0,0,0,142,2026-02-06 00:07:00.434639
ATMN,24.21,24.21,24.32,2157500.0,,1846700.0,17000.0,0,0,0,0,0,0,0,0,0,0,0,0,0,0,0,0,0,0,0,0,142,2026-02-06 00:07:00.434639
WNTR,24.14,23.94,24.04,1767400.0,,2196800.0,,0,0,0,0,0,0,0,0,0,0,0,0,0,0,0,0,0,0,0,0,142,2026-02-06 00:07:00.434639
SPNG,24.98,24.51,24.78,2019900.0,27000.0,1825600.0,14000.0,0,0,0,0,0,0,0,0,0,0,0,0,0,0,0,0,0,0,0,0,143,2026-02-06 00:07:01.477202
SMMR,25.62,25.68,25.76,2111800.0,,2284600.0,,0,0,0,0,0,0,0,0,0,0,0,0,0,0,0,0,0,0,0,0,143,2026-02-06 00:07:01.477202
ATMN,24.83,24.21,24.83,2125900.0,,1863500.0,,0,0,0,0,0,0,0,0,0,0,0,0,0,0,0,0,0,0,0,0,143,2026-02-06 00:07:01.477202
WNTR,24.14,23.94,24.04,1878600.0,,2236000.0,,0,0,0,0,0,0,0,0,0,0,0,0,0,0,0,0,0,0,0,0,143,2026-02-06 00:07:01.477202
SPNG,24.51,24.51,24.78,1998500.0,27000.0,1825600.0,7000.0,0,0,0,0,0,0,0,0,0,0,0,0,0,0,0,0,0,0,0,0,144,2026-02-06 00:07:02.537192
SMMR,25.79,25.68,25.79,2111800.0,,2280000.0,,0,0,0,0,0,0,0,0,0,0,0,0,0,0,0,0,0,0,0,0,144,2026-02-06 00:07:02.537192
ATMN,24.83,24.32,24.83,1990100.0,7000.0,1947100.0,,0,0,0,0,0,0,0,0,0,0,0,0,0,0,0,0,0,0,0,0,144,2026-02-06 00:07:02.537192
WNTR,24.14,23.94,24.04,2161600.0,,2226500.0,,0,0,0,0,0,0,0,0,0,0,0,0,0,0,0,0,0,0,0,0,144,2026-02-06 00:07:02.537192
SPNG,24.33,24.33,24.64,2245000.0,7000.0,1947400.0,14000.0,0,0,0,0,0,0,0,0,0,0,0,0,0,0,0,0,0,0,0,0,145,2026-02-06 00:07:03.579663
SMMR,25.56,25.56,25.8,1871200.0,,2273100.0,,0,0,0,0,0,0,0,0,0,0,0,0,0,0,0,0,0,0,0,0,145,2026-02-06 00:07:03.579663
ATMN,24.2,24.2,24.28,2154700.0,,1963200.0,7000.0,0,0,0,0,0,0,0,0,0,0,0,0,0,0,0,0,0,0,0,0,145,2026-02-06 00:07:03.579663
WNTR,24.14,23.94,24.04,2228100.0,,2226500.0,,0,0,0,0,0,0,0,0,0,0,0,0,0,0,0,0,0,0,0,0,145,2026-02-06 00:07:03.579663
SPNG,24.64,24.33,24.64,2265900.0,7000.0,1947400.0,7000.0,0,0,0,0,0,0,0,0,0,0,0,0,0,0,0,0,0,0,0,0,146,2026-02-06 00:07:04.627272
SMMR,25.81,25.56,25.75,1871200.0,,2270300.0,,0,0,0,0,0,0,0,0,0,0,0,0,0,0,0,0,0,0,0,0,146,2026-02-06 00:07:04.627272
ATMN,24.65,24.2,24.31,2037800.0,7000.0,1976000.0,7000.0,0,0,0,0,0,0,0,0,0,0,0,0,0,0,0,0,0,0,0,0,146,2026-02-06 00:07:04.627272
WNTR,24.05,23.94,24.05,2212200.0,,2243400.0,,0,0,0,0,0,0,0,0,0,0,0,0,0,0,0,0,0,0,0,0,146,2026-02-06 00:07:04.627272
SPNG,24.93,24.41,24.92,2259900.0,7000.0,1796100.0,7000.0,0,0,0,0,0,0,0,0,0,0,0,0,0,0,0,0,0,0,0,0,147,2026-02-06 00:07:05.696277
SMMR,25.47,25.47,25.75,1965000.0,,2268200.0,,0,0,0,0,0,0,0,0,0,0,0,0,0,0,0,0,0,0,0,0,147,2026-02-06 00:07:05.696277
ATMN,24.31,24.27,24.31,1965000.0,7000.0,1866300.0,14000.0,0,0,0,0,0,0,0,0,0,0,0,0,0,0,0,0,0,0,0,0,147,2026-02-06 00:07:05.696277
WNTR,24.08,23.94,24.08,2193300.0,,2227200.0,,0,0,0,0,0,0,0,0,0,0,0,0,0,0,0,0,0,0,0,0,147,2026-02-06 00:07:05.696277
SPNG,24.93,24.83,24.84,2276400.0,7000.0,2018300.0,14000.0,0,0,0,0,0,0,0,0,0,0,0,0,0,0,0,0,0,0,0,0,148,2026-02-06 00:07:06.739186
SMMR,25.69,25.47,25.5,2177600.0,,2259300.0,,0,0,0,0,0,0,0,0,0,0,0,0,0,0,0,0,0,0,0,0,148,2026-02-06 00:07:06.739186
ATMN,24.63,24.63,24.64,1998000.0,7000.0,1973400.0,7000.0,0,0,0,0,0,0,0,0,0,0,0,0,0,0,0,0,0,0,0,0,148,2026-02-06 00:07:06.739186
WNTR,24.03,24.03,24.09,2141800.0,,2231600.0,,0,0,0,0,0,0,0,0,0,0,0,0,0,0,0,0,0,0,0,0,148,2026-02-06 00:07:06.739186
SPNG,24.3,24.3,25.02,2271900.0,7000.0,1914900.0,7000.0,0,0,0,0,0,0,0,0,0,0,0,0,0,0,0,0,0,0,0,0,149,2026-02-06 00:07:07.797891
SMMR,25.5,25.7,25.75,2282300.0,,2268200.0,,0,0,0,0,0,0,0,0,0,0,0,0,0,0,0,0,0,0,0,0,149,2026-02-06 00:07:07.797891
ATMN,24.63,24.63,24.64,1868000.0,14000.0,1873400.0,14000.0,0,0,0,0,0,0,0,0,0,0,0,0,0,0,0,0,0,0,0,0,149,2026-02-06 00:07:07.797891
WNTR,24.03,24.03,24.09,2093700.0,,2241800.0,,0,0,0,0,0,0,0,0,0,0,0,0,0,0,0,0,0,0,0,0,149,2026-02-06 00:07:07.797891
SPNG,25.02,24.42,25.02,14000.0,2165300.0,1914900.0,7000.0,0,0,0,0,0,0,0,0,0,0,0,0,0,0,0,0,0,0,0,0,150,2026-02-06 00:07:08.873151
SMMR,25.76,25.7,25.73,,2282300.0,2257800.0,,0,0,0,0,0,0,0,0,0,0,0,0,0,0,0,0,0,0,0,0,150,2026-02-06 00:07:08.873151
ATMN,24.8,24.21,24.73,,2156900.0,1974400.0,7000.0,0,0,0,0,0,0,0,0,0,0,0,0,0,0,0,0,0,0,0,0,150,2026-02-06 00:07:08.873151
WNTR,23.94,23.94,24.09,,2152200.0,2241800.0,,0,0,0,0,0,0,0,0,0,0,0,0,0,0,0,0,0,0,0,0,150,2026-02-06 00:07:08.873151
SPNG,25.22,24.23,24.73,2422800.0,1768500.0,,0,0,0,0,0,0,0,0,0,0,0,0,0,0,0,0,0,0,0,0,0,151,2026-02-06 00:07:09.921623
SMMR,25.76,25.7,25.73,2266200.0,2249500.0,,0,0,0,0,0,0,0,0,0,0,0,0,0,0,0,0,0,0,0,0,0,151,2026-02-06 00:07:09.921623
ATMN,24.14,24.14,24.23,2160100.0,1914100.0,17000.0,0,0,0,0,0,0,0,0,0,0,0,0,0,0,0,0,0,0,0,0,0,151,2026-02-06 00:07:09.921623
WNTR,23.94,23.94,24.14,2114500.0,2200200.0,,0,0,0,0,0,0,0,0,0,0,0,0,0,0,0,0,0,0,0,0,0,151,2026-02-06 00:07:09.921623
SPNG,24.73,24.23,24.73,2390600.0,1768500.0,,0,0,0,0,0,0,0,0,0,0,0,0,0,0,0,0,0,0,0,0,0,152,2026-02-06 00:07:10.493642
SMMR,25.7,25.68,25.69,2300500.0,2259700.0,,0,0,0,0,0,0,0,0,0,0,0,0,0,0,0,0,0,0,0,0,0,152,2026-02-06 00:07:10.493642
ATMN,24.14,24.14,24.22,2126400.0,1807000.0,27000.0,0,0,0,0,0,0,0,0,0,0,0,0,0,0,0,0,0,0,0,0,0,152,2026-02-06 00:07:10.493642
WNTR,23.94,23.95,24.09,2114500.0,2238900.0,,0,0,0,0,0,0,0,0,0,0,0,0,0,0,0,0,0,0,0,0,0,152,2026-02-06 00:07:10.493642
SPNG,24.22,24.22,25.22,2481000.0,1662600.0,,0,0,0,0,0,0,0,0,0,0,0,0,0,0,0,0,0,0,0,0,0,153,2026-02-06 00:07:11.553475
SMMR,25.8,25.68,25.75,2300500.0,2245600.0,,0,0,0,0,0,0,0,0,0,0,0,0,0,0,0,0,0,0,0,0,0,153,2026-02-06 00:07:11.553475
ATMN,24.23,24.34,24.72,2111500.0,1997100.0,10000.0,0,0,0,0,0,0,0,0,0,0,0,0,0,0,0,0,0,0,0,0,0,153,2026-02-06 00:07:11.553475
WNTR,23.94,24.06,24.09,2097200.0,2238900.0,,0,0,0,0,0,0,0,0,0,0,0,0,0,0,0,0,0,0,0,0,0,153,2026-02-06 00:07:11.553475
SPNG,24.17,24.35,24.62,2484600.0,1790300.0,7000.0,0,0,0,0,0,0,0,0,0,0,0,0,0,0,0,0,0,0,0,0,0,154,2026-02-06 00:07:12.608994
SMMR,25.88,25.72,25.83,2298700.0,2251600.0,,0,0,0,0,0,0,0,0,0,0,0,0,0,0,0,0,0,0,0,0,0,154,2026-02-06 00:07:12.608994
ATMN,24.23,24.65,24.67,2082700.0,2011600.0,10000.0,0,0,0,0,0,0,0,0,0,0,0,0,0,0,0,0,0,0,0,0,0,154,2026-02-06 00:07:12.608994
WNTR,24.06,24.06,24.09,2097200.0,2269400.0,,0,0,0,0,0,0,0,0,0,0,0,0,0,0,0,0,0,0,0,0,0,154,2026-02-06 00:07:12.608994
SPNG,25.23,24.35,25.23,2428300.0,1530800.0,,,0,0,0,0,0,0,0,0,0,0,0,0,0,0,0,0,0,0,0,0,155,2026-02-06 00:07:13.684536
SMMR,25.88,25.78,25.83,2318500.0,2267500.0,,,0,0,0,0,0,0,0,0,0,0,0,0,0,0,0,0,0,0,0,0,155,2026-02-06 00:07:13.684536
ATMN,24.26,24.26,24.67,1967900.0,2011600.0,7000.0,10000.0,0,0,0,0,0,0,0,0,0,0,0,0,0,0,0,0,0,0,0,0,155,2026-02-06 00:07:13.684536
WNTR,24.01,24.01,24.09,2091600.0,2269400.0,,,0,0,0,0,0,0,0,0,0,0,0,0,0,0,0,0,0,0,0,0,155,2026-02-06 00:07:13.684536
SPNG,25.23,24.26,24.33,7000.0,2324800.0,1758100.0,7000.0,0,0,0,0,0,0,0,0,0,0,0,0,0,0,0,0,0,0,0,0,156,2026-02-06 00:07:14.748677
SMMR,25.78,25.78,25.83,,2318500.0,2276400.0,,0,0,0,0,0,0,0,0,0,0,0,0,0,0,0,0,0,0,0,0,156,2026-02-06 00:07:14.748677
ATMN,24.26,24.43,24.67,7000.0,1928800.0,2011600.0,10000.0,0,0,0,0,0,0,0,0,0,0,0,0,0,0,0,0,0,0,0,0,156,2026-02-06 00:07:14.748677
WNTR,24.01,24.01,24.09,,2123300.0,2251600.0,,0,0,0,0,0,0,0,0,0,0,0,0,0,0,0,0,0,0,0,0,156,2026-02-06 00:07:14.748677
SPNG,25.23,24.26,24.33,7000.0,2350900.0,1758100.0,7000.0,0,0,0,0,0,0,0,0,0,0,0,0,0,0,0,0,0,0,0,0,157,2026-02-06 00:07:15.809682
SMMR,25.78,25.78,25.83,,2318500.0,2285300.0,,0,0,0,0,0,0,0,0,0,0,0,0,0,0,0,0,0,0,0,0,157,2026-02-06 00:07:15.809682
ATMN,24.26,24.53,24.67,7000.0,1922800.0,2089000.0,,0,0,0,0,0,0,0,0,0,0,0,0,0,0,0,0,0,0,0,0,157,2026-02-06 00:07:15.809682
WNTR,24.1,24.01,24.1,,2123300.0,2206100.0,,0,0,0,0,0,0,0,0,0,0,0,0,0,0,0,0,0,0,0,0,157,2026-02-06 00:07:15.809682
SPNG,24.33,24.3,24.33,2373400.0,7000.0,1758100.0,7000.0,0,0,0,0,0,0,0,0,0,0,0,0,0,0,0,0,0,0,0,0,158,2026-02-06 00:07:16.951153
SMMR,25.72,25.72,25.83,2315100.0,,2270000.0,,0,0,0,0,0,0,0,0,0,0,0,0,0,0,0,0,0,0,0,0,158,2026-02-06 00:07:16.951153
ATMN,24.53,24.53,24.73,1799900.0,14000.0,2063000.0,,0,0,0,0,0,0,0,0,0,0,0,0,0,0,0,0,0,0,0,0,158,2026-02-06 00:07:16.951153
WNTR,24.14,24.05,24.14,2110900.0,,2225900.0,,0,0,0,0,0,0,0,0,0,0,0,0,0,0,0,0,0,0,0,0,158,2026-02-06 00:07:16.951153
SPNG,24.33,24.3,24.33,2252400.0,14000.0,1758100.0,7000.0,0,0,0,0,0,0,0,0,0,0,0,0,0,0,0,0,0,0,0,0,159,2026-02-06 00:07:18.000868
SMMR,25.68,25.68,25.71,2296100.0,,2304300.0,,0,0,0,0,0,0,0,0,0,0,0,0,0,0,0,0,0,0,0,0,159,2026-02-06 00:07:18.000868
ATMN,24.53,24.53,24.8,1952600.0,7000.0,2071100.0,,0,0,0,0,0,0,0,0,0,0,0,0,0,0,0,0,0,0,0,0,159,2026-02-06 00:07:18.000868
WNTR,24.14,24.05,24.14,2121600.0,,2219100.0,,0,0,0,0,0,0,0,0,0,0,0,0,0,0,0,0,0,0,0,0,159,2026-02-06 00:07:18.000868
SPNG,25.32,24.3,25.32,2215500.0,14000.0,1513600.0,7000.0,0,0,0,0,0,0,0,0,0,0,0,0,0,0,0,0,0,0,0,0,160,2026-02-06 00:07:18.568205
SMMR,25.68,25.64,25.67,2280400.0,,2285400.0,,0,0,0,0,0,0,0,0,0,0,0,0,0,0,0,0,0,0,0,0,160,2026-02-06 00:07:18.568205
ATMN,24.61,24.53,24.61,1952600.0,7000.0,2081500.0,,0,0,0,0,0,0,0,0,0,0,0,0,0,0,0,0,0,0,0,0,160,2026-02-06 00:07:18.568205
WNTR,24.15,24.05,24.15,2121600.0,,2206500.0,,0,0,0,0,0,0,0,0,0,0,0,0,0,0,0,0,0,0,0,0,160,2026-02-06 00:07:18.568205
SPNG,24.3,24.3,24.81,2187800.0,14000.0,1641400.0,7000.0,0,0,0,0,0,0,0,0,0,0,0,0,0,0,0,0,0,0,0,0,161,2026-02-06 00:07:19.643842
SMMR,25.68,25.64,25.67,2232500.0,,2285400.0,,0,0,0,0,0,0,0,0,0,0,0,0,0,0,0,0,0,0,0,0,161,2026-02-06 00:07:19.643842
ATMN,24.51,24.51,24.6,2050600.0,,1969500.0,7000.0,0,0,0,0,0,0,0,0,0,0,0,0,0,0,0,0,0,0,0,0,161,2026-02-06 00:07:19.643842
WNTR,23.95,23.95,23.98,2135100.0,,2200900.0,,0,0,0,0,0,0,0,0,0,0,0,0,0,0,0,0,0,0,0,0,161,2026-02-06 00:07:19.643842
SPNG,24.81,24.68,24.81,2141800.0,14000.0,1641400.0,7000.0,0,0,0,0,0,0,0,0,0,0,0,0,0,0,0,0,0,0,0,0,162,2026-02-06 00:07:20.721015
SMMR,25.67,25.75,25.76,2212900.0,,2278100.0,,0,0,0,0,0,0,0,0,0,0,0,0,0,0,0,0,0,0,0,0,162,2026-02-06 00:07:20.721015
ATMN,24.6,24.28,24.6,2052100.0,,1969500.0,7000.0,0,0,0,0,0,0,0,0,0,0,0,0,0,0,0,0,0,0,0,0,162,2026-02-06 00:07:20.721015
WNTR,24.19,23.95,24.19,2135100.0,,2191400.0,,0,0,0,0,0,0,0,0,0,0,0,0,0,0,0,0,0,0,0,0,162,2026-02-06 00:07:20.721015
SPNG,24.81,25.03,25.32,2132700.0,14000.0,1635900.0,7000.0,0,0,0,0,0,0,0,0,0,0,0,0,0,0,0,0,0,0,0,0,163,2026-02-06 00:07:21.778712
SMMR,25.67,25.64,25.67,2245700.0,,2270600.0,,0,0,0,0,0,0,0,0,0,0,0,0,0,0,0,0,0,0,0,0,163,2026-02-06 00:07:21.778712
ATMN,24.26,24.34,24.6,1928600.0,7000.0,1969500.0,7000.0,0,0,0,0,0,0,0,0,0,0,0,0,0,0,0,0,0,0,0,0,163,2026-02-06 00:07:21.778712
WNTR,24.19,24.14,24.19,2134900.0,,2179700.0,,0,0,0,0,0,0,0,0,0,0,0,0,0,0,0,0,0,0,0,0,163,2026-02-06 00:07:21.778712
SPNG,24.81,25.03,25.18,2021600.0,21000.0,1963300.0,7000.0,0,0,0,0,0,0,0,0,0,0,0,0,0,0,0,0,0,0,0,0,164,2026-02-06 00:07:22.839199
SMMR,25.78,25.78,25.83,2227600.0,,2270000.0,,0,0,0,0,0,0,0,0,0,0,0,0,0,0,0,0,0,0,0,0,164,2026-02-06 00:07:22.839199
ATMN,24.83,24.55,24.83,1905900.0,7000.0,2131900.0,,0,0,0,0,0,0,0,0,0,0,0,0,0,0,0,0,0,0,0,0,164,2026-02-06 00:07:22.839199
WNTR,24.2,23.96,24.2,2136300.0,,2203500.0,,0,0,0,0,0,0,0,0,0,0,0,0,0,0,0,0,0,0,0,0,164,2026-02-06 00:07:22.839199
SPNG,25.03,24.68,24.89,2031800.0,21000.0,2074900.0,7000.0,0,0,0,0,0,0,0,0,0,0,0,0,0,0,0,0,0,0,0,0,165,2026-02-06 00:07:23.892760
SMMR,25.78,25.72,25.76,2204600.0,,2285900.0,,0,0,0,0,0,0,0,0,0,0,0,0,0,0,0,0,0,0,0,0,165,2026-02-06 00:07:23.892760
ATMN,24.55,24.34,24.35,1835900.0,14000.0,2001600.0,7000.0,0,0,0,0,0,0,0,0,0,0,0,0,0,0,0,0,0,0,0,0,165,2026-02-06 00:07:23.892760
WNTR,24.2,24.05,24.2,2117600.0,,2203500.0,,0,0,0,0,0,0,0,0,0,0,0,0,0,0,0,0,0,0,0,0,165,2026-02-06 00:07:23.892760
SPNG,25.03,24.68,24.88,2031800.0,21000.0,1982800.0,14000.0,0,0,0,0,0,0,0,0,0,0,0,0,0,0,0,0,0,0,0,0,166,2026-02-06 00:07:24.942944
SMMR,25.75,25.75,25.76,2197700.0,,2285900.0,,0,0,0,0,0,0,0,0,0,0,0,0,0,0,0,0,0,0,0,0,166,2026-02-06 00:07:24.942944
ATMN,24.47,24.47,24.83,1944400.0,7000.0,2019700.0,7000.0,0,0,0,0,0,0,0,0,0,0,0,0,0,0,0,0,0,0,0,0,166,2026-02-06 00:07:24.942944
WNTR,24.2,24.05,24.07,2124800.0,,2228000.0,,0,0,0,0,0,0,0,0,0,0,0,0,0,0,0,0,0,0,0,0,166,2026-02-06 00:07:24.942944
SPNG,24.68,24.68,24.88,2141800.0,14000.0,2073900.0,7000.0,0,0,0,0,0,0,0,0,0,0,0,0,0,0,0,0,0,0,0,0,167,2026-02-06 00:07:26.008200
SMMR,25.72,25.72,25.76,2200700.0,,2285900.0,,0,0,0,0,0,0,0,0,0,0,0,0,0,0,0,0,0,0,0,0,167,2026-02-06 00:07:26.008200
ATMN,24.47,24.47,24.69,2070600.0,,2031800.0,7000.0,0,0,0,0,0,0,0,0,0,0,0,0,0,0,0,0,0,0,0,0,167,2026-02-06 00:07:26.008200
WNTR,24.07,24.12,24.2,2122200.0,,2220500.0,,0,0,0,0,0,0,0,0,0,0,0,0,0,0,0,0,0,0,0,0,167,2026-02-06 00:07:26.008200
SPNG,24.68,24.3,24.66,2155400.0,14000.0,2072600.0,7000.0,0,0,0,0,0,0,0,0,0,0,0,0,0,0,0,0,0,0,0,0,168,2026-02-06 00:07:27.061092
SMMR,25.7,25.68,25.7,2197300.0,,2325000.0,,0,0,0,0,0,0,0,0,0,0,0,0,0,0,0,0,0,0,0,0,168,2026-02-06 00:07:27.061092
ATMN,24.84,24.26,24.84,2052200.0,,2104200.0,,0,0,0,0,0,0,0,0,0,0,0,0,0,0,0,0,0,0,0,0,168,2026-02-06 00:07:27.061092
WNTR,24.07,24.12,24.17,2122200.0,,2215900.0,,0,0,0,0,0,0,0,0,0,0,0,0,0,0,0,0,0,0,0,0,168,2026-02-06 00:07:27.061092
SPNG,24.88,24.47,24.88,2175200.0,14000.0,2073900.0,7000.0,0,0,0,0,0,0,0,0,0,0,0,0,0,0,0,0,0,0,0,0,169,2026-02-06 00:07:27.613534
SMMR,25.78,25.75,25.78,2214300.0,,2287800.0,,0,0,0,0,0,0,0,0,0,0,0,0,0,0,0,0,0,0,0,0,169,2026-02-06 00:07:27.613534
ATMN,24.84,24.26,24.51,1965400.0,7000.0,2096200.0,,0,0,0,0,0,0,0,0,0,0,0,0,0,0,0,0,0,0,0,0,169,2026-02-06 00:07:27.613534
WNTR,24.07,24.12,24.17,2128100.0,,2220500.0,,0,0,0,0,0,0,0,0,0,0,0,0,0,0,0,0,0,0,0,0,169,2026-02-06 00:07:27.613534
SPNG,24.47,24.47,24.82,2175200.0,14000.0,2176000.0,0,0,0,0,0,0,0,0,0,0,0,0,0,0,0,0,0,0,0,0,0,170,2026-02-06 00:07:28.678973
SMMR,25.75,25.75,25.78,2214300.0,,2297200.0,0,0,0,0,0,0,0,0,0,0,0,0,0,0,0,0,0,0,0,0,0,170,2026-02-06 00:07:28.678973
ATMN,24.51,24.33,24.51,1920600.0,7000.0,2096200.0,0,0,0,0,0,0,0,0,0,0,0,0,0,0,0,0,0,0,0,0,0,170,2026-02-06 00:07:28.678973
WNTR,24.18,24.08,24.18,2115500.0,,2203500.0,0,0,0,0,0,0,0,0,0,0,0,0,0,0,0,0,0,0,0,0,0,170,2026-02-06 00:07:28.678973
SPNG,24.49,24.58,24.82,2089200.0,24000.0,2176000.0,,0,0,0,0,0,0,0,0,0,0,0,0,0,0,0,0,0,0,0,0,171,2026-02-06 00:07:29.727901
SMMR,25.75,25.75,25.78,2259900.0,,2297200.0,,0,0,0,0,0,0,0,0,0,0,0,0,0,0,0,0,0,0,0,0,171,2026-02-06 00:07:29.727901
ATMN,24.51,24.7,24.83,1821300.0,14000.0,1992900.0,7000.0,0,0,0,0,0,0,0,0,0,0,0,0,0,0,0,0,0,0,0,0,171,2026-02-06 00:07:29.727901
WNTR,24.2,24.08,24.2,2126600.0,,2223400.0,,0,0,0,0,0,0,0,0,0,0,0,0,0,0,0,0,0,0,0,0,171,2026-02-06 00:07:29.727901
SPNG,24.58,24.58,24.82,2089200.0,24000.0,2172300.0,,0,0,0,0,0,0,0,0,0,0,0,0,0,0,0,0,0,0,0,0,172,2026-02-06 00:07:30.796298
SMMR,25.78,25.79,25.8,2234400.0,,2290100.0,,0,0,0,0,0,0,0,0,0,0,0,0,0,0,0,0,0,0,0,0,172,2026-02-06 00:07:30.796298
ATMN,24.7,24.7,24.81,1725600.0,21000.0,1987000.0,7000.0,0,0,0,0,0,0,0,0,0,0,0,0,0,0,0,0,0,0,0,0,172,2026-02-06 00:07:30.796298
WNTR,24.22,24.2,24.22,2150800.0,,2193800.0,,0,0,0,0,0,0,0,0,0,0,0,0,0,0,0,0,0,0,0,0,172,2026-02-06 00:07:30.796298
SPNG,24.48,24.48,24.82,24000.0,2064100.0,2153400.0,,0,0,0,0,0,0,0,0,0,0,0,0,0,0,0,0,0,0,0,0,173,2026-02-06 00:07:31.836170
SMMR,25.78,25.79,25.8,,2273100.0,2276700.0,,0,0,0,0,0,0,0,0,0,0,0,0,0,0,0,0,0,0,0,0,173,2026-02-06 00:07:31.836170
ATMN,24.26,24.26,24.81,7000.0,1931800.0,1962100.0,7000.0,0,0,0,0,0,0,0,0,0,0,0,0,0,0,0,0,0,0,0,0,173,2026-02-06 00:07:31.836170
WNTR,24.24,24.15,24.24,,2153400.0,2214000.0,,0,0,0,0,0,0,0,0,0,0,0,0,0,0,0,0,0,0,0,0,173,2026-02-06 00:07:31.836170
SPNG,24.23,24.23,24.82,2438100.0,2150000.0,,,0,0,0,0,0,0,0,0,0,0,0,0,0,0,0,0,0,0,0,0,174,2026-02-06 00:07:32.867443
SMMR,25.74,25.74,25.82,2236900.0,2267300.0,,,0,0,0,0,0,0,0,0,0,0,0,0,0,0,0,0,0,0,0,0,174,2026-02-06 00:07:32.867443
ATMN,24.26,24.26,24.63,1931800.0,1976100.0,7000.0,7000.0,0,0,0,0,0,0,0,0,0,0,0,0,0,0,0,0,0,0,0,0,174,2026-02-06 00:07:32.867443
WNTR,24.24,24.18,24.24,2137100.0,2214300.0,,,0,0,0,0,0,0,0,0,0,0,0,0,0,0,0,0,0,0,0,0,174,2026-02-06 00:07:32.867443
SPNG,24.29,24.23,24.29,2414200.0,2170800.0,,,0,0,0,0,0,0,0,0,0,0,0,0,0,0,0,0,0,0,0,0,175,2026-02-06 00:07:33.908458
SMMR,25.83,25.74,25.75,2236900.0,2329300.0,,,0,0,0,0,0,0,0,0,0,0,0,0,0,0,0,0,0,0,0,0,175,2026-02-06 00:07:33.908458
ATMN,24.63,24.26,24.61,1808900.0,1884300.0,14000.0,14000.0,0,0,0,0,0,0,0,0,0,0,0,0,0,0,0,0,0,0,0,0,175,2026-02-06 00:07:33.908458
WNTR,24.15,24.15,24.24,2183800.0,2209100.0,,,0,0,0,0,0,0,0,0,0,0,0,0,0,0,0,0,0,0,0,0,175,2026-02-06 00:07:33.908458
SPNG,24.45,24.44,24.45,2357900.0,2183200.0,,,0,0,0,0,0,0,0,0,0,0,0,0,0,0,0,0,0,0,0,0,176,2026-02-06 00:07:34.947524
SMMR,25.83,25.74,25.75,2247600.0,2368800.0,,,0,0,0,0,0,0,0,0,0,0,0,0,0,0,0,0,0,0,0,0,176,2026-02-06 00:07:34.947524
ATMN,24.63,24.26,24.42,1936100.0,1965500.0,7000.0,7000.0,0,0,0,0,0,0,0,0,0,0,0,0,0,0,0,0,0,0,0,0,176,2026-02-06 00:07:34.947524
WNTR,24.25,24.15,24.25,2169400.0,2215200.0,,,0,0,0,0,0,0,0,0,0,0,0,0,0,0,0,0,0,0,0,0,176,2026-02-06 00:07:34.947524
SPNG,24.45,24.44,24.45,2353300.0,2183200.0,0,0,0,0,0,0,0,0,0,0,0,0,0,0,0,0,0,0,0,0,0,0,177,2026-02-06 00:07:35.996596
SMMR,25.66,25.66,25.75,2182400.0,2333000.0,0,0,0,0,0,0,0,0,0,0,0,0,0,0,0,0,0,0,0,0,0,0,177,2026-02-06 00:07:35.996596
ATMN,24.42,24.26,24.42,2027900.0,2066000.0,0,0,0,0,0,0,0,0,0,0,0,0,0,0,0,0,0,0,0,0,0,0,177,2026-02-06 00:07:35.996596
WNTR,24.15,24.15,24.24,2165600.0,2221900.0,0,0,0,0,0,0,0,0,0,0,0,0,0,0,0,0,0,0,0,0,0,0,177,2026-02-06 00:07:35.996596
SPNG,24.44,24.44,24.86,2357400.0,2153000.0,0,0,0,0,0,0,0,0,0,0,0,0,0,0,0,0,0,0,0,0,0,0,178,2026-02-06 00:07:37.036130
SMMR,25.75,25.67,25.75,2200000.0,2335700.0,0,0,0,0,0,0,0,0,0,0,0,0,0,0,0,0,0,0,0,0,0,0,178,2026-02-06 00:07:37.036130
ATMN,24.81,24.26,24.81,2027900.0,2036100.0,0,0,0,0,0,0,0,0,0,0,0,0,0,0,0,0,0,0,0,0,0,0,178,2026-02-06 00:07:37.036130
WNTR,24.26,24.15,24.22,2147800.0,2216200.0,0,0,0,0,0,0,0,0,0,0,0,0,0,0,0,0,0,0,0,0,0,0,178,2026-02-06 00:07:37.036130
SPNG,24.44,24.48,24.52,2387900.0,2181400.0,0,0,0,0,0,0,0,0,0,0,0,0,0,0,0,0,0,0,0,0,0,0,179,2026-02-06 00:07:38.083150
SMMR,25.83,25.83,25.84,2196400.0,2329300.0,0,0,0,0,0,0,0,0,0,0,0,0,0,0,0,0,0,0,0,0,0,0,179,2026-02-06 00:07:38.083150
ATMN,24.84,24.3,24.49,2053700.0,2051800.0,0,0,0,0,0,0,0,0,0,0,0,0,0,0,0,0,0,0,0,0,0,0,179,2026-02-06 00:07:38.083150
WNTR,24.22,24.17,24.22,2189000.0,2216200.0,0,0,0,0,0,0,0,0,0,0,0,0,0,0,0,0,0,0,0,0,0,0,179,2026-02-06 00:07:38.083150
SPNG,24.44,24.61,0.0,200000.0,,0,0,0,0,0,0,0,0,0,0,0,0,0,0,0,0,0,0,0,0,0,0,180,2026-02-06 00:07:38.661492
SMMR,26.1,26.1,26.17,781500.0,711600.0,0,0,0,0,0,0,0,0,0,0,0,0,0,0,0,0,0,0,0,0,0,0,180,2026-02-06 00:07:38.661492
ATMN,24.49,24.7,0.0,200000.0,,0,0,0,0,0,0,0,0,0,0,0,0,0,0,0,0,0,0,0,0,0,0,180,2026-02-06 00:07:38.661492
WNTR,24.26,25.44,0.0,200000.0,,0,0,0,0,0,0,0,0,0,0,0,0,0,0,0,0,0,0,0,0,0,0,180,2026-02-06 00:07:38.661492
SPNG,24.61,24.61,24.62,1184800.0,955300.0,0,0,0,0,0,0,0,0,0,0,0,0,0,0,0,0,0,0,0,0,0,0,181,2026-02-06 00:07:39.743901
SMMR,26.1,26.1,26.15,913400.0,1023000.0,0,0,0,0,0,0,0,0,0,0,0,0,0,0,0,0,0,0,0,0,0,0,181,2026-02-06 00:07:39.743901
ATMN,24.49,24.7,25.01,869600.0,958200.0,0,0,0,0,0,0,0,0,0,0,0,0,0,0,0,0,0,0,0,0,0,0,181,2026-02-06 00:07:39.743901
WNTR,25.22,25.41,25.43,1078500.0,801500.0,0,0,0,0,0,0,0,0,0,0,0,0,0,0,0,0,0,0,0,0,0,0,181,2026-02-06 00:07:39.743901
SPNG,24.61,24.1,24.43,1084800.0,7000.0,1055900.0,7000.0,0,0,0,0,0,0,0,0,0,0,0,0,0,0,0,0,0,0,0,0,182,2026-02-06 00:07:40.821194
SMMR,26.03,26.14,26.15,1129400.0,,1023000.0,,0,0,0,0,0,0,0,0,0,0,0,0,0,0,0,0,0,0,0,0,182,2026-02-06 00:07:40.821194
ATMN,24.7,24.21,24.24,989500.0,7000.0,1055400.0,,0,0,0,0,0,0,0,0,0,0,0,0,0,0,0,0,0,0,0,0,182,2026-02-06 00:07:40.821194
WNTR,25.4,25.4,25.43,1192000.0,,801500.0,,0,0,0,0,0,0,0,0,0,0,0,0,0,0,0,0,0,0,0,0,182,2026-02-06 00:07:40.821194
SPNG,24.43,24.59,24.68,1310800.0,14000.0,1090000.0,7000.0,0,0,0,0,0,0,0,0,0,0,0,0,0,0,0,0,0,0,0,0,183,2026-02-06 00:07:41.856297
SMMR,26.07,26.07,26.12,1270500.0,,1127300.0,,0,0,0,0,0,0,0,0,0,0,0,0,0,0,0,0,0,0,0,0,183,2026-02-06 00:07:41.856297
ATMN,24.24,24.37,25.0,1434900.0,7000.0,958200.0,7000.0,0,0,0,0,0,0,0,0,0,0,0,0,0,0,0,0,0,0,0,0,183,2026-02-06 00:07:41.856297
WNTR,25.57,25.4,25.57,1304400.0,,800200.0,,0,0,0,0,0,0,0,0,0,0,0,0,0,0,0,0,0,0,0,0,183,2026-02-06 00:07:41.856297
SPNG,24.16,24.37,24.68,1572300.0,14000.0,1090000.0,14000.0,0,0,0,0,0,0,0,0,0,0,0,0,0,0,0,0,0,0,0,0,184,2026-02-06 00:07:42.897396
SMMR,26.14,26.03,26.1,1038700.0,,1127900.0,,0,0,0,0,0,0,0,0,0,0,0,0,0,0,0,0,0,0,0,0,184,2026-02-06 00:07:42.897396
ATMN,25.01,24.98,25.01,1533100.0,7000.0,985800.0,,0,0,0,0,0,0,0,0,0,0,0,0,0,0,0,0,0,0,0,0,184,2026-02-06 00:07:42.897396
WNTR,25.6,25.4,25.48,1304400.0,,984100.0,,0,0,0,0,0,0,0,0,0,0,0,0,0,0,0,0,0,0,0,0,184,2026-02-06 00:07:42.897396
SPNG,24.2,24.2,25.78,1456000.0,14000.0,815100.0,7000.0,0,0,0,0,0,0,0,0,0,0,0,0,0,0,0,0,0,0,0,0,185,2026-02-06 00:07:43.974591
SMMR,26.07,26.03,26.05,1130200.0,,1262000.0,,0,0,0,0,0,0,0,0,0,0,0,0,0,0,0,0,0,0,0,0,185,2026-02-06 00:07:43.974591
ATMN,24.98,24.37,24.98,1434900.0,14000.0,1284100.0,,0,0,0,0,0,0,0,0,0,0,0,0,0,0,0,0,0,0,0,0,185,2026-02-06 00:07:43.974591
WNTR,25.4,25.4,25.48,1307600.0,,1102300.0,,0,0,0,0,0,0,0,0,0,0,0,0,0,0,0,0,0,0,0,0,185,2026-02-06 00:07:43.974591
SPNG,24.1,24.1,24.98,1334200.0,21000.0,1022600.0,7000.0,0,0,0,0,0,0,0,0,0,0,0,0,0,0,0,0,0,0,0,0,186,2026-02-06 00:07:45.026858
SMMR,26.17,26.03,26.17,1248300.0,,910900.0,,0,0,0,0,0,0,0,0,0,0,0,0,0,0,0,0,0,0,0,0,186,2026-02-06 00:07:45.026858
ATMN,24.37,24.37,24.92,1522000.0,7000.0,1397500.0,,0,0,0,0,0,0,0,0,0,0,0,0,0,0,0,0,0,0,0,0,186,2026-02-06 00:07:45.026858
WNTR,25.15,25.21,25.48,1290200.0,,1102300.0,,0,0,0,0,0,0,0,0,0,0,0,0,0,0,0,0,0,0,0,0,186,2026-02-06 00:07:45.026858
SPNG,23.74,23.74,24.98,1235600.0,7000.0,1022600.0,7000.0,0,0,0,0,0,0,0,0,0,0,0,0,0,0,0,0,0,0,0,0,187,2026-02-06 00:07:46.112395
SMMR,26.07,26.02,26.07,1116400.0,,1011200.0,,0,0,0,0,0,0,0,0,0,0,0,0,0,0,0,0,0,0,0,0,187,2026-02-06 00:07:46.112395
ATMN,25.01,24.37,24.72,1522000.0,7000.0,1286300.0,,0,0,0,0,0,0,0,0,0,0,0,0,0,0,0,0,0,0,0,0,187,2026-02-06 00:07:46.112395
WNTR,25.5,25.21,25.5,1482100.0,,987700.0,,0,0,0,0,0,0,0,0,0,0,0,0,0,0,0,0,0,0,0,0,187,2026-02-06 00:07:46.112395
SPNG,23.74,24.87,24.94,1341800.0,7000.0,1144400.0,7000.0,0,0,0,0,0,0,0,0,0,0,0,0,0,0,0,0,0,0,0,0,188,2026-02-06 00:07:46.659936
SMMR,26.02,26.02,26.21,1116400.0,,888100.0,,0,0,0,0,0,0,0,0,0,0,0,0,0,0,0,0,0,0,0,0,188,2026-02-06 00:07:46.659936
ATMN,25.01,24.78,25.01,1606900.0,14000.0,1192600.0,,0,0,0,0,0,0,0,0,0,0,0,0,0,0,0,0,0,0,0,0,188,2026-02-06 00:07:46.659936
WNTR,25.5,25.47,25.5,1708100.0,,1086600.0,,0,0,0,0,0,0,0,0,0,0,0,0,0,0,0,0,0,0,0,0,188,2026-02-06 00:07:46.659936
SPNG,24.87,23.96,24.31,1477800.0,7000.0,1354500.0,14000.0,0,0,0,0,0,0,0,0,0,0,0,0,0,0,0,0,0,0,0,0,189,2026-02-06 00:07:47.738361
SMMR,26.22,26.02,26.17,1116400.0,,1041400.0,,0,0,0,0,0,0,0,0,0,0,0,0,0,0,0,0,0,0,0,0,189,2026-02-06 00:07:47.738361
ATMN,24.83,24.83,24.85,1723400.0,14000.0,1398200.0,7000.0,0,0,0,0,0,0,0,0,0,0,0,0,0,0,0,0,0,0,0,0,189,2026-02-06 00:07:47.738361
WNTR,25.3,25.53,25.57,1714800.0,,1001300.0,,0,0,0,0,0,0,0,0,0,0,0,0,0,0,0,0,0,0,0,0,189,2026-02-06 00:07:47.738361
SPNG,24.31,24.6,24.94,1735300.0,7000.0,1364300.0,7000.0,0,0,0,0,0,0,0,0,0,0,0,0,0,0,0,0,0,0,0,0,190,2026-02-06 00:07:48.921175
SMMR,26.23,26.15,26.23,1080200.0,,911100.0,,0,0,0,0,0,0,0,0,0,0,0,0,0,0,0,0,0,0,0,0,190,2026-02-06 00:07:48.921175
ATMN,24.78,24.78,24.81,1621200.0,14000.0,1516500.0,7000.0,0,0,0,0,0,0,0,0,0,0,0,0,0,0,0,0,0,0,0,0,190,2026-02-06 00:07:48.921175
WNTR,25.61,25.59,25.61,1933600.0,,996900.0,,0,0,0,0,0,0,0,0,0,0,0,0,0,0,0,0,0,0,0,0,190,2026-02-06 00:07:48.921175
SPNG,24.68,24.68,24.94,1866100.0,7000.0,1459300.0,7000.0,0,0,0,0,0,0,0,0,0,0,0,0,0,0,0,0,0,0,0,0,191,2026-02-06 00:07:49.978886
SMMR,26.23,26.15,26.23,1294200.0,,1112600.0,,0,0,0,0,0,0,0,0,0,0,0,0,0,0,0,0,0,0,0,0,191,2026-02-06 00:07:49.978886
ATMN,24.53,24.66,24.68,1608900.0,7000.0,1717200.0,7000.0,0,0,0,0,0,0,0,0,0,0,0,0,0,0,0,0,0,0,0,0,191,2026-02-06 00:07:49.978886
WNTR,25.53,25.53,25.61,2001000.0,,996900.0,,0,0,0,0,0,0,0,0,0,0,0,0,0,0,0,0,0,0,0,0,191,2026-02-06 00:07:49.978886
SPNG,24.6,24.09,24.3,1743200.0,7000.0,1680200.0,7000.0,0,0,0,0,0,0,0,0,0,0,0,0,0,0,0,0,0,0,0,0,192,2026-02-06 00:07:51.029082
SMMR,26.25,26.28,26.31,1325800.0,,1079700.0,,0,0,0,0,0,0,0,0,0,0,0,0,0,0,0,0,0,0,0,0,192,2026-02-06 00:07:51.029082
ATMN,24.85,24.66,24.85,1725100.0,7000.0,1506900.0,7000.0,0,0,0,0,0,0,0,0,0,0,0,0,0,0,0,0,0,0,0,0,192,2026-02-06 00:07:51.029082
WNTR,25.4,25.4,25.55,1792200.0,,1009200.0,,0,0,0,0,0,0,0,0,0,0,0,0,0,0,0,0,0,0,0,0,192,2026-02-06 00:07:51.029082
SPNG,24.47,24.14,24.47,1871700.0,7000.0,1696600.0,7000.0,0,0,0,0,0,0,0,0,0,0,0,0,0,0,0,0,0,0,0,0,193,2026-02-06 00:07:52.134698
SMMR,26.21,26.21,26.27,1317600.0,,1305500.0,,0,0,0,0,0,0,0,0,0,0,0,0,0,0,0,0,0,0,0,0,193,2026-02-06 00:07:52.134698
ATMN,24.66,24.47,24.48,1968500.0,7000.0,1674000.0,7000.0,0,0,0,0,0,0,0,0,0,0,0,0,0,0,0,0,0,0,0,0,193,2026-02-06 00:07:52.134698
WNTR,25.61,25.34,25.61,1885000.0,,898600.0,,0,0,0,0,0,0,0,0,0,0,0,0,0,0,0,0,0,0,0,0,193,2026-02-06 00:07:52.134698
SPNG,24.47,24.24,24.47,2109300.0,7000.0,1696600.0,14000.0,0,0,0,0,0,0,0,0,0,0,0,0,0,0,0,0,0,0,0,0,194,2026-02-06 00:07:52.706226
SMMR,26.21,26.21,26.27,1317600.0,,1515000.0,,0,0,0,0,0,0,0,0,0,0,0,0,0,0,0,0,0,0,0,0,194,2026-02-06 00:07:52.706226
ATMN,24.48,24.51,24.85,2083800.0,7000.0,1585800.0,7000.0,0,0,0,0,0,0,0,0,0,0,0,0,0,0,0,0,0,0,0,0,194,2026-02-06 00:07:52.706226
WNTR,25.61,25.34,25.61,2000500.0,,898600.0,,0,0,0,0,0,0,0,0,0,0,0,0,0,0,0,0,0,0,0,0,194,2026-02-06 00:07:52.706226
SPNG,24.47,24.75,24.79,2217100.0,7000.0,1671200.0,14000.0,0,0,0,0,0,0,0,0,0,0,0,0,0,0,0,0,0,0,0,0,195,2026-02-06 00:07:53.765638
SMMR,26.21,26.11,26.18,1299800.0,,1635800.0,,0,0,0,0,0,0,0,0,0,0,0,0,0,0,0,0,0,0,0,0,195,2026-02-06 00:07:53.765638
ATMN,24.48,24.51,24.58,1912800.0,14000.0,1685100.0,14000.0,0,0,0,0,0,0,0,0,0,0,0,0,0,0,0,0,0,0,0,0,195,2026-02-06 00:07:53.765638
WNTR,25.61,25.57,25.61,2061600.0,,986200.0,,0,0,0,0,0,0,0,0,0,0,0,0,0,0,0,0,0,0,0,0,195,2026-02-06 00:07:53.765638
SPNG,24.24,24.24,24.79,2310000.0,14000.0,1671200.0,14000.0,0,0,0,0,0,0,0,0,0,0,0,0,0,0,0,0,0,0,0,0,196,2026-02-06 00:07:54.804988
SMMR,26.18,26.28,26.29,1536500.0,,1646800.0,,0,0,0,0,0,0,0,0,0,0,0,0,0,0,0,0,0,0,0,0,196,2026-02-06 00:07:54.804988
ATMN,24.49,24.49,25.01,2059600.0,7000.0,1499000.0,7000.0,0,0,0,0,0,0,0,0,0,0,0,0,0,0,0,0,0,0,0,0,196,2026-02-06 00:07:54.804988
WNTR,25.57,25.57,25.78,2020500.0,,887300.0,,0,0,0,0,0,0,0,0,0,0,0,0,0,0,0,0,0,0,0,0,196,2026-02-06 00:07:54.804988
SPNG,24.93,24.4,24.83,2448900.0,7000.0,1678600.0,14000.0,0,0,0,0,0,0,0,0,0,0,0,0,0,0,0,0,0,0,0,0,197,2026-02-06 00:07:55.844648
SMMR,26.28,26.16,26.23,1508500.0,,1859100.0,,0,0,0,0,0,0,0,0,0,0,0,0,0,0,0,0,0,0,0,0,197,2026-02-06 00:07:55.844648
ATMN,24.49,24.63,24.68,1871500.0,14000.0,1682000.0,7000.0,0,0,0,0,0,0,0,0,0,0,0,0,0,0,0,0,0,0,0,0,197,2026-02-06 00:07:55.844648
WNTR,25.57,25.57,25.69,2049300.0,,1112900.0,,0,0,0,0,0,0,0,0,0,0,0,0,0,0,0,0,0,0,0,0,197,2026-02-06 00:07:55.844648
SPNG,24.24,24.61,24.83,2341900.0,7000.0,1678600.0,21000.0,0,0,0,0,0,0,0,0,0,0,0,0,0,0,0,0,0,0,0,0,198,2026-02-06 00:07:56.882108
SMMR,26.11,26.11,26.23,1501400.0,,1859100.0,,0,0,0,0,0,0,0,0,0,0,0,0,0,0,0,0,0,0,0,0,198,2026-02-06 00:07:56.882108
ATMN,24.81,24.63,24.81,1932900.0,7000.0,1599200.0,7000.0,0,0,0,0,0,0,0,0,0,0,0,0,0,0,0,0,0,0,0,0,198,2026-02-06 00:07:56.882108
WNTR,25.57,25.57,25.69,2020700.0,,1228100.0,,0,0,0,0,0,0,0,0,0,0,0,0,0,0,0,0,0,0,0,0,198,2026-02-06 00:07:56.882108
SPNG,24.24,24.24,24.83,2356400.0,7000.0,1678600.0,21000.0,0,0,0,0,0,0,0,0,0,0,0,0,0,0,0,0,0,0,0,0,199,2026-02-06 00:07:57.924796
SMMR,26.08,26.08,26.18,1379400.0,,2108600.0,,0,0,0,0,0,0,0,0,0,0,0,0,0,0,0,0,0,0,0,0,199,2026-02-06 00:07:57.924796
ATMN,24.63,24.6,24.63,1828500.0,14000.0,1494500.0,7000.0,0,0,0,0,0,0,0,0,0,0,0,0,0,0,0,0,0,0,0,0,199,2026-02-06 00:07:57.924796
WNTR,25.57,25.6,25.69,2034100.0,,1413100.0,,0,0,0,0,0,0,0,0,0,0,0,0,0,0,0,0,0,0,0,0,199,2026-02-06 00:07:57.924796
SPNG,24.31,24.24,24.31,2356400.0,7000.0,1674600.0,7000.0,0,0,0,0,0,0,0,0,0,0,0,0,0,0,0,0,0,0,0,0,200,2026-02-06 00:07:58.966806
SMMR,26.08,25.99,26.0,1377400.0,,2179600.0,,0,0,0,0,0,0,0,0,0,0,0,0,0,0,0,0,0,0,0,0,200,2026-02-06 00:07:58.966806
ATMN,24.63,24.6,24.63,1959200.0,7000.0,1494500.0,7000.0,0,0,0,0,0,0,0,0,0,0,0,0,0,0,0,0,0,0,0,0,200,2026-02-06 00:07:58.966806
WNTR,25.6,25.6,25.69,1978200.0,,1413100.0,,0,0,0,0,0,0,0,0,0,0,0,0,0,0,0,0,0,0,0,0,200,2026-02-06 00:07:58.966806
SPNG,24.31,24.91,24.94,2335600.0,7000.0,1821000.0,7000.0,0,0,0,0,0,0,0,0,0,0,0,0,0,0,0,0,0,0,0,0,201,2026-02-06 00:08:00.003037
SMMR,26.2,26.09,26.2,1741500.0,,2102700.0,,0,0,0,0,0,0,0,0,0,0,0,0,0,0,0,0,0,0,0,0,201,2026-02-06 00:08:00.003037
ATMN,24.71,24.71,24.88,1956400.0,7000.0,1594500.0,14000.0,0,0,0,0,0,0,0,0,0,0,0,0,0,0,0,0,0,0,0,0,201,2026-02-06 00:08:00.003037
WNTR,25.6,25.6,25.69,1990100.0,,1603700.0,,0,0,0,0,0,0,0,0,0,0,0,0,0,0,0,0,0,0,0,0,201,2026-02-06 00:08:00.003037
SPNG,24.31,24.91,24.94,2196800.0,14000.0,2119900.0,7000.0,0,0,0,0,0,0,0,0,0,0,0,0,0,0,0,0,0,0,0,0,202,2026-02-06 00:08:01.056678
SMMR,26.05,26.05,26.2,1615200.0,,2178800.0,,0,0,0,0,0,0,0,0,0,0,0,0,0,0,0,0,0,0,0,0,202,2026-02-06 00:08:01.056678
ATMN,24.71,24.8,24.88,1957500.0,7000.0,1701400.0,7000.0,0,0,0,0,0,0,0,0,0,0,0,0,0,0,0,0,0,0,0,0,202,2026-02-06 00:08:01.056678
WNTR,25.6,25.59,25.6,1965700.0,,1802400.0,,0,0,0,0,0,0,0,0,0,0,0,0,0,0,0,0,0,0,0,0,202,2026-02-06 00:08:01.056678
SPNG,24.91,24.91,24.94,2196800.0,14000.0,2111200.0,7000.0,0,0,0,0,0,0,0,0,0,0,0,0,0,0,0,0,0,0,0,0,203,2026-02-06 00:08:02.118344
SMMR,25.99,25.93,25.97,1420300.0,,2212800.0,,0,0,0,0,0,0,0,0,0,0,0,0,0,0,0,0,0,0,0,0,203,2026-02-06 00:08:02.118344
ATMN,24.86,24.86,24.88,1898400.0,14000.0,1786500.0,7000.0,0,0,0,0,0,0,0,0,0,0,0,0,0,0,0,0,0,0,0,0,203,2026-02-06 00:08:02.118344
WNTR,25.57,25.57,25.73,1962300.0,,1601300.0,,0,0,0,0,0,0,0,0,0,0,0,0,0,0,0,0,0,0,0,0,203,2026-02-06 00:08:02.118344
SPNG,24.91,24.66,24.75,2321500.0,7000.0,2139900.0,7000.0,0,0,0,0,0,0,0,0,0,0,0,0,0,0,0,0,0,0,0,0,204,2026-02-06 00:08:03.161203
SMMR,25.86,25.86,26.13,1236200.0,,2207300.0,,0,0,0,0,0,0,0,0,0,0,0,0,0,0,0,0,0,0,0,0,204,2026-02-06 00:08:03.161203
ATMN,24.86,24.86,24.88,1890300.0,14000.0,1936700.0,7000.0,0,0,0,0,0,0,0,0,0,0,0,0,0,0,0,0,0,0,0,0,204,2026-02-06 00:08:03.161203
WNTR,25.73,25.57,25.73,1971900.0,,1601300.0,,0,0,0,0,0,0,0,0,0,0,0,0,0,0,0,0,0,0,0,0,204,2026-02-06 00:08:03.161203
SPNG,24.79,24.24,24.79,2326700.0,7000.0,2139600.0,7000.0,0,0,0,0,0,0,0,0,0,0,0,0,0,0,0,0,0,0,0,0,205,2026-02-06 00:08:04.196781
SMMR,26.12,26.09,26.12,1480800.0,,2211300.0,,0,0,0,0,0,0,0,0,0,0,0,0,0,0,0,0,0,0,0,0,205,2026-02-06 00:08:04.196781
ATMN,24.8,24.8,24.88,1779600.0,21000.0,1870100.0,14000.0,0,0,0,0,0,0,0,0,0,0,0,0,0,0,0,0,0,0,0,0,205,2026-02-06 00:08:04.196781
WNTR,25.78,25.64,25.78,1980700.0,,1402600.0,,0,0,0,0,0,0,0,0,0,0,0,0,0,0,0,0,0,0,0,0,205,2026-02-06 00:08:04.196781
SPNG,24.79,24.24,24.79,2326700.0,7000.0,2139600.0,7000.0,0,0,0,0,0,0,0,0,0,0,0,0,0,0,0,0,0,0,0,0,206,2026-02-06 00:08:04.734444
SMMR,26.18,26.09,26.11,1480800.0,,2221100.0,,0,0,0,0,0,0,0,0,0,0,0,0,0,0,0,0,0,0,0,0,206,2026-02-06 00:08:04.734444
ATMN,24.8,24.8,24.85,1885300.0,14000.0,1974000.0,7000.0,0,0,0,0,0,0,0,0,0,0,0,0,0,0,0,0,0,0,0,0,206,2026-02-06 00:08:04.734444
WNTR,25.78,25.64,25.78,1980700.0,,1376900.0,,0,0,0,0,0,0,0,0,0,0,0,0,0,0,0,0,0,0,0,0,206,2026-02-06 00:08:04.734444
SPNG,24.99,24.24,24.56,2288600.0,7000.0,2094600.0,7000.0,0,0,0,0,0,0,0,0,0,0,0,0,0,0,0,0,0,0,0,0,207,2026-02-06 00:08:05.774252
