ticker,last_price,bid_price,ask_price,BUY_ANON,SELL_ANON,BUY_UEBR-1,BUY_BRCH-1,BUY_LAVL-1,SELL_CALG-1,SELL_CHUL-2,SELL_GIOT-3,SELL_CHUL-4,BUY_CHUL-4,SELL_CHUL-3,BUY_CALG-1,SELL_ZUAI-3,BUY_WRSW-4,SELL_LUIS-1,SELL_WRSW-4,SELL_NAIT-4,BUY_CHUL-2,SELL_CHUL-1,BUY_WRSW-1,BUY_CHUL-1,SELL_LAVL-1,BUY_GIOT-3,SELL_UEBR-1,SELL_WRSW-1,BUY_WRSW-3,SELL_WRSW-3,BUY_NAIT-4,SELL_CALG-6,SELL_COLA-1,BUY_CALG-6,BUY_COLA-1,SELL_BRCH-1,BUY_ZUAI-3,BUY_CHUL-3,BUY_LUIS-1,tick,timestamp
SPNG,0.0,0.0,0.0,2001300.0,2294400.0,0,0,0,0,0,0,0,0,0,0,0,0,0,0,0,0,0,0,0,0,0,0,0,0,0,0,0,0,0,0,0,0,0,0,0,2026-02-07 11:05:51.506911
SMMR,0.0,0.0,0.0,1735800.0,1989800.0,0,0,0,0,0,0,0,0,0,0,0,0,0,0,0,0,0,0,0,0,0,0,0,0,0,0,0,0,0,0,0,0,0,0,0,2026-02-07 11:05:51.506911
ATMN,0.0,0.0,0.0,1805800.0,2240600.0,0,0,0,0,0,0,0,0,0,0,0,0,0,0,0,0,0,0,0,0,0,0,0,0,0,0,0,0,0,0,0,0,0,0,0,2026-02-07 11:05:51.506911
WNTR,25.0,25.0,0.0,1716700.0,2248300.0,0,0,0,0,0,0,0,0,0,0,0,0,0,0,0,0,0,0,0,0,0,0,0,0,0,0,0,0,0,0,0,0,0,0,0,2026-02-07 11:05:51.506911
SPNG,24.83,24.74,24.76,1899900.0,2323800.0,0,0,0,0,0,0,0,0,0,0,0,0,0,0,0,0,0,0,0,0,0,0,0,0,0,0,0,0,0,0,0,0,0,0,1,2026-02-07 11:05:52.581919,2.0,1.0,1.0,,Aggregate Position Limit,Your CRO has set the aggregate position limit to 14000 shares for this week.
SMMR,0.0,24.99,25.01,1968000.0,1988300.0,0,0,0,0,0,0,0,0,0,0,0,0,0,0,0,0,0,0,0,0,0,0,0,0,0,0,0,0,0,0,0,0,0,0,1,2026-02-07 11:05:52.581919,1.0,1.0,1.0,,Welcome to the RITC 2026 Alogithmic Market Making Case - practice server,
ATMN,25.15,24.84,25.15,1710000.0,2276400.0,0,0,0,0,0,0,0,0,0,0,0,0,0,0,0,0,0,0,0,0,0,0,0,0,0,0,0,0,0,0,0,0,0,0,1,2026-02-07 11:05:52.581919,,,,,,
WNTR,25.0,25.0,25.05,1826700.0,2221700.0,0,0,0,0,0,0,0,0,0,0,0,0,0,0,0,0,0,0,0,0,0,0,0,0,0,0,0,0,0,0,0,0,0,0,1,2026-02-07 11:05:52.581919,,,,,,
SPNG,25.08,24.74,25.08,2038900.0,2294400.0,0,0,0,0,0,0,0,0,0,0,0,0,0,0,0,0,0,0,0,0,0,0,0,0,0,0,0,0,0,0,0,0,0,0,2,2026-02-07 11:05:53.124772
SMMR,24.94,24.97,25.01,1971800.0,1988300.0,0,0,0,0,0,0,0,0,0,0,0,0,0,0,0,0,0,0,0,0,0,0,0,0,0,0,0,0,0,0,0,0,0,0,2,2026-02-07 11:05:53.124772
ATMN,25.15,24.84,25.15,1806000.0,2269100.0,0,0,0,0,0,0,0,0,0,0,0,0,0,0,0,0,0,0,0,0,0,0,0,0,0,0,0,0,0,0,0,0,0,0,2,2026-02-07 11:05:53.124772
WNTR,25.0,24.96,25.0,1699400.0,2248600.0,0,0,0,0,0,0,0,0,0,0,0,0,0,0,0,0,0,0,0,0,0,0,0,0,0,0,0,0,0,0,0,0,0,0,2,2026-02-07 11:05:53.124772
SPNG,25.08,24.74,25.08,2277000.0,2309100.0,0,0,0,0,0,0,0,0,0,0,0,0,0,0,0,0,0,0,0,0,0,0,0,0,0,0,0,0,0,0,0,0,0,0,3,2026-02-07 11:05:54.181325
SMMR,24.85,24.85,25.01,1984500.0,2013200.0,0,0,0,0,0,0,0,0,0,0,0,0,0,0,0,0,0,0,0,0,0,0,0,0,0,0,0,0,0,0,0,0,0,0,3,2026-02-07 11:05:54.181325
ATMN,24.91,25.09,25.15,2062300.0,2269100.0,0,0,0,0,0,0,0,0,0,0,0,0,0,0,0,0,0,0,0,0,0,0,0,0,0,0,0,0,0,0,0,0,0,0,3,2026-02-07 11:05:54.181325
WNTR,25.0,24.96,25.0,1699400.0,2230300.0,0,0,0,0,0,0,0,0,0,0,0,0,0,0,0,0,0,0,0,0,0,0,0,0,0,0,0,0,0,0,0,0,0,0,3,2026-02-07 11:05:54.181325
SPNG,25.11,24.74,25.11,2365300.0,2296800.0,0,0,0,0,0,0,0,0,0,0,0,0,0,0,0,0,0,0,0,0,0,0,0,0,0,0,0,0,0,0,0,0,0,0,4,2026-02-07 11:05:55.223648
SMMR,25.09,24.85,25.09,1893300.0,2031200.0,0,0,0,0,0,0,0,0,0,0,0,0,0,0,0,0,0,0,0,0,0,0,0,0,0,0,0,0,0,0,0,0,0,0,4,2026-02-07 11:05:55.223648
ATMN,25.09,25.09,25.15,2154700.0,2270000.0,0,0,0,0,0,0,0,0,0,0,0,0,0,0,0,0,0,0,0,0,0,0,0,0,0,0,0,0,0,0,0,0,0,0,4,2026-02-07 11:05:55.223648
WNTR,24.96,24.96,25.0,1708600.0,2243800.0,0,0,0,0,0,0,0,0,0,0,0,0,0,0,0,0,0,0,0,0,0,0,0,0,0,0,0,0,0,0,0,0,0,0,4,2026-02-07 11:05:55.223648
SPNG,25.17,24.74,25.17,2365300.0,2318700.0,0,0,0,0,0,0,0,0,0,0,0,0,0,0,0,0,0,0,0,0,0,0,0,0,0,0,0,0,0,0,0,0,0,0,5,2026-02-07 11:05:56.261899
SMMR,24.97,25.05,25.09,2002200.0,2062900.0,0,0,0,0,0,0,0,0,0,0,0,0,0,0,0,0,0,0,0,0,0,0,0,0,0,0,0,0,0,0,0,0,0,0,5,2026-02-07 11:05:56.261899
ATMN,24.9,24.9,25.15,2027000.0,2270000.0,0,0,0,0,0,0,0,0,0,0,0,0,0,0,0,0,0,0,0,0,0,0,0,0,0,0,0,0,0,0,0,0,0,0,5,2026-02-07 11:05:56.261899
WNTR,24.89,24.89,25.0,1617600.0,2243800.0,0,0,0,0,0,0,0,0,0,0,0,0,0,0,0,0,0,0,0,0,0,0,0,0,0,0,0,0,0,0,0,0,0,0,5,2026-02-07 11:05:56.261899
SPNG,25.17,25.21,25.42,2358000.0,2316800.0,0,0,0,0,0,0,0,0,0,0,0,0,0,0,0,0,0,0,0,0,0,0,0,0,0,0,0,0,0,0,0,0,0,0,6,2026-02-07 11:05:57.301201
SMMR,24.97,25.05,25.09,2002200.0,2064100.0,0,0,0,0,0,0,0,0,0,0,0,0,0,0,0,0,0,0,0,0,0,0,0,0,0,0,0,0,0,0,0,0,0,0,6,2026-02-07 11:05:57.301201
ATMN,24.9,24.9,24.91,2027000.0,2289000.0,0,0,0,0,0,0,0,0,0,0,0,0,0,0,0,0,0,0,0,0,0,0,0,0,0,0,0,0,0,0,0,0,0,0,6,2026-02-07 11:05:57.301201
WNTR,24.85,24.85,25.04,1517900.0,2237400.0,0,0,0,0,0,0,0,0,0,0,0,0,0,0,0,0,0,0,0,0,0,0,0,0,0,0,0,0,0,0,0,0,0,0,6,2026-02-07 11:05:57.301201
SPNG,24.74,24.74,25.4,2377400.0,8249.0,2184900.0,,0,0,0,0,0,0,0,0,0,0,0,0,0,0,0,0,0,0,0,0,0,0,0,0,0,0,0,0,0,0,0,0,7,2026-02-07 11:05:58.371584
SMMR,25.05,24.91,24.99,1988000.0,,2105500.0,,0,0,0,0,0,0,0,0,0,0,0,0,0,0,0,0,0,0,0,0,0,0,0,0,0,0,0,0,0,0,0,0,7,2026-02-07 11:05:58.371584
ATMN,25.01,24.79,25.01,2148300.0,,2296700.0,6334.0,0,0,0,0,0,0,0,0,0,0,0,0,0,0,0,0,0,0,0,0,0,0,0,0,0,0,0,0,0,0,0,0,7,2026-02-07 11:05:58.371584
WNTR,25.04,24.88,24.93,1727300.0,,2222200.0,,0,0,0,0,0,0,0,0,0,0,0,0,0,0,0,0,0,0,0,0,0,0,0,0,0,0,0,0,0,0,0,0,7,2026-02-07 11:05:58.371584
SPNG,25.46,24.74,25.46,2377400.0,2334500.0,,,0,0,0,0,0,0,0,0,0,0,0,0,0,0,0,0,0,0,0,0,0,0,0,0,0,0,0,0,0,0,0,0,8,2026-02-07 11:05:59.483324
SMMR,24.85,24.85,25.01,1893300.0,2074300.0,,,0,0,0,0,0,0,0,0,0,0,0,0,0,0,0,0,0,0,0,0,0,0,0,0,0,0,0,0,0,0,0,0,8,2026-02-07 11:05:59.483324
ATMN,25.01,24.92,24.95,2135600.0,2178700.0,6334.0,6666.0,0,0,0,0,0,0,0,0,0,0,0,0,0,0,0,0,0,0,0,0,0,0,0,0,0,0,0,0,0,0,0,0,8,2026-02-07 11:05:59.483324
WNTR,24.93,24.94,25.01,1931700.0,2243100.0,,,0,0,0,0,0,0,0,0,0,0,0,0,0,0,0,0,0,0,0,0,0,0,0,0,0,0,0,0,0,0,0,0,8,2026-02-07 11:05:59.483324
SPNG,25.66,24.83,25.2,18249.0,2182600.0,2356700.0,,0,0,0,0,0,0,0,0,0,0,0,0,0,0,0,0,0,0,0,0,0,0,0,0,0,0,0,0,0,0,0,0,9,2026-02-07 11:06:00.523485
SMMR,25.13,24.85,24.88,,1893300.0,1988400.0,3653.0,0,0,0,0,0,0,0,0,0,0,0,0,0,0,0,0,0,0,0,0,0,0,0,0,0,0,0,0,0,0,0,0,9,2026-02-07 11:06:00.523485
ATMN,25.15,24.97,25.09,16334.0,2024000.0,2306300.0,,0,0,0,0,0,0,0,0,0,0,0,0,0,0,0,0,0,0,0,0,0,0,0,0,0,0,0,0,0,0,0,0,9,2026-02-07 11:06:00.523485
WNTR,24.94,24.88,24.93,,1819800.0,2151000.0,100.0,0,0,0,0,0,0,0,0,0,0,0,0,0,0,0,0,0,0,0,0,0,0,0,0,0,0,0,0,0,0,0,0,9,2026-02-07 11:06:00.523485
SPNG,24.96,24.98,25.2,2450100.0,2356700.0,,,0,0,0,0,0,0,0,0,0,0,0,0,0,0,0,0,0,0,0,0,0,0,0,0,0,0,0,0,0,0,0,0,10,2026-02-07 11:06:01.588413
SMMR,24.88,24.93,25.13,2066000.0,2076700.0,,,0,0,0,0,0,0,0,0,0,0,0,0,0,0,0,0,0,0,0,0,0,0,0,0,0,0,0,0,0,0,0,0,10,2026-02-07 11:06:01.588413
ATMN,24.92,25.01,25.06,2124700.0,2271500.0,9666.0,,0,0,0,0,0,0,0,0,0,0,0,0,0,0,0,0,0,0,0,0,0,0,0,0,0,0,0,0,0,0,0,0,10,2026-02-07 11:06:01.588413
WNTR,25.05,24.97,25.03,2010900.0,2111300.0,,100.0,0,0,0,0,0,0,0,0,0,0,0,0,0,0,0,0,0,0,0,0,0,0,0,0,0,0,0,0,0,0,0,0,10,2026-02-07 11:06:01.588413
SPNG,24.98,24.98,25.13,2333700.0,7751.0,2351400.0,0,0,0,0,0,0,0,0,0,0,0,0,0,0,0,0,0,0,0,0,0,0,0,0,0,0,0,0,0,0,0,0,0,11,2026-02-07 11:06:02.191417
SMMR,24.85,24.85,25.13,1893300.0,,2054500.0,0,0,0,0,0,0,0,0,0,0,0,0,0,0,0,0,0,0,0,0,0,0,0,0,0,0,0,0,0,0,0,0,0,11,2026-02-07 11:06:02.191417
ATMN,24.74,24.74,25.06,2149700.0,,2271500.0,0,0,0,0,0,0,0,0,0,0,0,0,0,0,0,0,0,0,0,0,0,0,0,0,0,0,0,0,0,0,0,0,0,11,2026-02-07 11:06:02.191417
WNTR,25.07,24.97,25.07,2116800.0,,2203500.0,0,0,0,0,0,0,0,0,0,0,0,0,0,0,0,0,0,0,0,0,0,0,0,0,0,0,0,0,0,0,0,0,0,11,2026-02-07 11:06:02.191417
SPNG,25.2,25.58,25.66,2408700.0,2350300.0,,0,0,0,0,0,0,0,0,0,0,0,0,0,0,0,0,0,0,0,0,0,0,0,0,0,0,0,0,0,0,0,0,0,12,2026-02-07 11:06:03.246764
SMMR,25.06,24.85,25.05,1893300.0,1997300.0,3856.0,0,0,0,0,0,0,0,0,0,0,0,0,0,0,0,0,0,0,0,0,0,0,0,0,0,0,0,0,0,0,0,0,0,12,2026-02-07 11:06:03.246764
ATMN,24.74,24.75,25.02,2275000.0,2152300.0,100.0,0,0,0,0,0,0,0,0,0,0,0,0,0,0,0,0,0,0,0,0,0,0,0,0,0,0,0,0,0,0,0,0,0,12,2026-02-07 11:06:03.246764
WNTR,25.07,25.02,25.05,2120100.0,2090900.0,7890.0,0,0,0,0,0,0,0,0,0,0,0,0,0,0,0,0,0,0,0,0,0,0,0,0,0,0,0,0,0,0,0,0,0,12,2026-02-07 11:06:03.246764
SPNG,25.58,24.7,25.07,2400100.0,2212800.0,100.0,0,0,0,0,0,0,0,0,0,0,0,0,0,0,0,0,0,0,0,0,0,0,0,0,0,0,0,0,0,0,0,0,0,13,2026-02-07 11:06:04.292711
SMMR,24.84,24.84,25.03,2015300.0,1876600.0,13000.0,0,0,0,0,0,0,0,0,0,0,0,0,0,0,0,0,0,0,0,0,0,0,0,0,0,0,0,0,0,0,0,0,0,13,2026-02-07 11:06:04.292711
ATMN,24.74,24.84,24.9,2242300.0,2050800.0,4883.0,0,0,0,0,0,0,0,0,0,0,0,0,0,0,0,0,0,0,0,0,0,0,0,0,0,0,0,0,0,0,0,0,0,13,2026-02-07 11:06:04.292711
WNTR,25.07,25.02,25.04,2143800.0,2018900.0,12800.0,0,0,0,0,0,0,0,0,0,0,0,0,0,0,0,0,0,0,0,0,0,0,0,0,0,0,0,0,0,0,0,0,0,13,2026-02-07 11:06:04.292711
SPNG,25.59,24.73,25.36,2412100.0,2220600.0,100.0,,0,0,0,0,0,0,0,0,0,0,0,0,0,0,0,0,0,0,0,0,0,0,0,0,0,0,0,0,0,0,0,0,14,2026-02-07 11:06:05.334059
SMMR,24.84,24.95,25.03,2017600.0,1896300.0,13000.0,9544.0,0,0,0,0,0,0,0,0,0,0,0,0,0,0,0,0,0,0,0,0,0,0,0,0,0,0,0,0,0,0,0,0,14,2026-02-07 11:06:05.334059
ATMN,24.75,24.75,24.84,2273700.0,1895900.0,7274.0,,0,0,0,0,0,0,0,0,0,0,0,0,0,0,0,0,0,0,0,0,0,0,0,0,0,0,0,0,0,0,0,0,14,2026-02-07 11:06:05.334059
WNTR,25.09,25.05,25.09,2017700.0,2224400.0,,10000.0,0,0,0,0,0,0,0,0,0,0,0,0,0,0,0,0,0,0,0,0,0,0,0,0,0,0,0,0,0,0,0,0,14,2026-02-07 11:06:05.334059
SPNG,25.36,24.73,25.36,2412100.0,2352500.0,0,0,0,0,0,0,0,0,0,0,0,0,0,0,0,0,0,0,0,0,0,0,0,0,0,0,0,0,0,0,0,0,0,0,15,2026-02-07 11:06:06.402289
SMMR,24.94,24.94,25.05,2126300.0,2093300.0,0,0,0,0,0,0,0,0,0,0,0,0,0,0,0,0,0,0,0,0,0,0,0,0,0,0,0,0,0,0,0,0,0,0,15,2026-02-07 11:06:06.402289
ATMN,24.9,24.84,24.9,2272900.0,2270300.0,0,0,0,0,0,0,0,0,0,0,0,0,0,0,0,0,0,0,0,0,0,0,0,0,0,0,0,0,0,0,0,0,0,0,15,2026-02-07 11:06:06.402289
WNTR,24.99,24.99,25.09,2157500.0,2243000.0,0,0,0,0,0,0,0,0,0,0,0,0,0,0,0,0,0,0,0,0,0,0,0,0,0,0,0,0,0,0,0,0,0,0,15,2026-02-07 11:06:06.402289
SPNG,24.73,24.73,24.97,2412100.0,2319700.0,,,0,0,0,0,0,0,0,0,0,0,0,0,0,0,0,0,0,0,0,0,0,0,0,0,0,0,0,0,0,0,0,0,16,2026-02-07 11:06:07.495779
SMMR,24.94,24.97,25.05,1929000.0,2108100.0,13000.0,,0,0,0,0,0,0,0,0,0,0,0,0,0,0,0,0,0,0,0,0,0,0,0,0,0,0,0,0,0,0,0,0,16,2026-02-07 11:06:07.495779
ATMN,24.83,24.83,24.96,2273600.0,2259300.0,,,0,0,0,0,0,0,0,0,0,0,0,0,0,0,0,0,0,0,0,0,0,0,0,0,0,0,0,0,0,0,0,0,16,2026-02-07 11:06:07.495779
WNTR,24.97,24.97,25.0,2155000.0,2120100.0,,10000.0,0,0,0,0,0,0,0,0,0,0,0,0,0,0,0,0,0,0,0,0,0,0,0,0,0,0,0,0,0,0,0,0,16,2026-02-07 11:06:07.495779
SPNG,25.31,24.95,25.31,2270400.0,2344.0,2315200.0,,0,0,0,0,0,0,0,0,0,0,0,0,0,0,0,0,0,0,0,0,0,0,0,0,0,0,0,0,0,0,0,0,17,2026-02-07 11:06:08.550640
SMMR,24.93,24.93,24.98,2141600.0,,2020000.0,10000.0,0,0,0,0,0,0,0,0,0,0,0,0,0,0,0,0,0,0,0,0,0,0,0,0,0,0,0,0,0,0,0,0,17,2026-02-07 11:06:08.550640
ATMN,24.9,24.71,24.9,2161500.0,5512.0,2165600.0,6229.0,0,0,0,0,0,0,0,0,0,0,0,0,0,0,0,0,0,0,0,0,0,0,0,0,0,0,0,0,0,0,0,0,17,2026-02-07 11:06:08.550640
WNTR,24.94,24.96,25.0,2063300.0,7932.0,2094600.0,10000.0,0,0,0,0,0,0,0,0,0,0,0,0,0,0,0,0,0,0,0,0,0,0,0,0,0,0,0,0,0,0,0,0,17,2026-02-07 11:06:08.550640
SPNG,24.87,24.96,25.02,6136.0,2163700.0,2160300.0,100.0,0,0,0,0,0,0,0,0,0,0,0,0,0,0,0,0,0,0,0,0,0,0,0,0,0,0,0,0,0,0,0,0,18,2026-02-07 11:06:09.621416
SMMR,24.93,24.93,24.94,,2162400.0,1932100.0,10100.0,0,0,0,0,0,0,0,0,0,0,0,0,0,0,0,0,0,0,0,0,0,0,0,0,0,0,0,0,0,0,0,0,18,2026-02-07 11:06:09.621416
ATMN,24.7,24.94,24.96,10000.0,2161500.0,2259300.0,,0,0,0,0,0,0,0,0,0,0,0,0,0,0,0,0,0,0,0,0,0,0,0,0,0,0,0,0,0,0,0,0,18,2026-02-07 11:06:09.621416
WNTR,24.9,24.93,24.98,8068.0,2055200.0,1992800.0,17932.0,0,0,0,0,0,0,0,0,0,0,0,0,0,0,0,0,0,0,0,0,0,0,0,0,0,0,0,0,0,0,0,0,18,2026-02-07 11:06:09.621416
SPNG,24.96,24.87,24.96,2297200.0,2344.0,2174100.0,100.0,0,0,0,0,0,0,0,0,0,0,0,0,0,0,0,0,0,0,0,0,0,0,0,0,0,0,0,0,0,0,0,0,19,2026-02-07 11:06:10.190376
SMMR,24.94,24.96,24.97,2143300.0,,2049200.0,10000.0,0,0,0,0,0,0,0,0,0,0,0,0,0,0,0,0,0,0,0,0,0,0,0,0,0,0,0,0,0,0,0,0,19,2026-02-07 11:06:10.190376
ATMN,24.64,24.64,24.96,2331800.0,,2271500.0,,0,0,0,0,0,0,0,0,0,0,0,0,0,0,0,0,0,0,0,0,0,0,0,0,0,0,0,0,0,0,0,0,19,2026-02-07 11:06:10.190376
WNTR,24.9,24.95,24.98,2064900.0,8068.0,1992800.0,17932.0,0,0,0,0,0,0,0,0,0,0,0,0,0,0,0,0,0,0,0,0,0,0,0,0,0,0,0,0,0,0,0,0,19,2026-02-07 11:06:10.190376
SPNG,24.73,24.73,25.02,2292700.0,2344.0,2160300.0,100.0,0,0,0,0,0,0,0,0,0,0,0,0,0,0,0,0,0,0,0,0,0,0,0,0,0,0,0,0,0,0,0,0,20,2026-02-07 11:06:11.227026
SMMR,24.84,24.83,24.84,2129100.0,,2064000.0,10000.0,0,0,0,0,0,0,0,0,0,0,0,0,0,0,0,0,0,0,0,0,0,0,0,0,0,0,0,0,0,0,0,0,20,2026-02-07 11:06:11.227026
ATMN,24.64,24.67,24.95,2171300.0,100.0,2155300.0,7362.0,0,0,0,0,0,0,0,0,0,0,0,0,0,0,0,0,0,0,0,0,0,0,0,0,0,0,0,0,0,0,0,0,20,2026-02-07 11:06:11.227026
WNTR,25.08,25.04,25.08,2074300.0,8068.0,2246200.0,,0,0,0,0,0,0,0,0,0,0,0,0,0,0,0,0,0,0,0,0,0,0,0,0,0,0,0,0,0,0,0,0,20,2026-02-07 11:06:11.227026
SPNG,25.2,24.99,25.2,2255000.0,2424.0,2320900.0,0,0,0,0,0,0,0,0,0,0,0,0,0,0,0,0,0,0,0,0,0,0,0,0,0,0,0,0,0,0,0,0,0,21,2026-02-07 11:06:12.273579
SMMR,24.97,24.83,24.97,2040400.0,9237.0,2162500.0,0,0,0,0,0,0,0,0,0,0,0,0,0,0,0,0,0,0,0,0,0,0,0,0,0,0,0,0,0,0,0,0,0,21,2026-02-07 11:06:12.273579
ATMN,24.64,24.64,25.15,2282200.0,,2278700.0,0,0,0,0,0,0,0,0,0,0,0,0,0,0,0,0,0,0,0,0,0,0,0,0,0,0,0,0,0,0,0,0,0,21,2026-02-07 11:06:12.273579
WNTR,25.11,25.06,25.11,2074300.0,10000.0,2273900.0,0,0,0,0,0,0,0,0,0,0,0,0,0,0,0,0,0,0,0,0,0,0,0,0,0,0,0,0,0,0,0,0,0,21,2026-02-07 11:06:12.273579
SPNG,24.7,24.7,24.94,2396300.0,2181100.0,100.0,,0,0,0,0,0,0,0,0,0,0,0,0,0,0,0,0,0,0,0,0,0,0,0,0,0,0,0,0,0,0,0,0,22,2026-02-07 11:06:13.317039
SMMR,24.95,24.98,25.0,2035700.0,2166900.0,,9237.0,0,0,0,0,0,0,0,0,0,0,0,0,0,0,0,0,0,0,0,0,0,0,0,0,0,0,0,0,0,0,0,0,22,2026-02-07 11:06:13.317039
ATMN,24.64,25.04,25.1,2132900.0,2170100.0,8970.0,6691.0,0,0,0,0,0,0,0,0,0,0,0,0,0,0,0,0,0,0,0,0,0,0,0,0,0,0,0,0,0,0,0,0,22,2026-02-07 11:06:13.317039
WNTR,25.04,24.95,25.03,2183000.0,2207100.0,,,0,0,0,0,0,0,0,0,0,0,0,0,0,0,0,0,0,0,0,0,0,0,0,0,0,0,0,0,0,0,0,0,22,2026-02-07 11:06:13.317039
SPNG,24.7,24.79,24.91,2289200.0,100.0,8229.0,2069300.0,0,0,0,0,0,0,0,0,0,0,0,0,0,0,0,0,0,0,0,0,0,0,0,0,0,0,0,0,0,0,0,0,23,2026-02-07 11:06:14.355212
SMMR,24.98,24.89,24.9,2054300.0,9237.0,7584.0,2031000.0,0,0,0,0,0,0,0,0,0,0,0,0,0,0,0,0,0,0,0,0,0,0,0,0,0,0,0,0,0,0,0,0,23,2026-02-07 11:06:14.355212
ATMN,25.15,24.8,25.15,2148000.0,6691.0,,2267700.0,0,0,0,0,0,0,0,0,0,0,0,0,0,0,0,0,0,0,0,0,0,0,0,0,0,0,0,0,0,0,0,0,23,2026-02-07 11:06:14.355212
WNTR,25.11,24.95,25.04,2183000.0,,,2210900.0,0,0,0,0,0,0,0,0,0,0,0,0,0,0,0,0,0,0,0,0,0,0,0,0,0,0,0,0,0,0,0,0,23,2026-02-07 11:06:14.355212
SPNG,25.22,24.81,25.22,200.0,2192600.0,2283300.0,,0,0,0,0,0,0,0,0,0,0,0,0,0,0,0,0,0,0,0,0,0,0,0,0,0,0,0,0,0,0,0,0,24,2026-02-07 11:06:15.398635
SMMR,25.0,24.96,25.0,16122.0,1941600.0,2133000.0,,0,0,0,0,0,0,0,0,0,0,0,0,0,0,0,0,0,0,0,0,0,0,0,0,0,0,0,0,0,0,0,0,24,2026-02-07 11:06:15.398635
ATMN,25.15,25.12,25.15,16393.0,2035400.0,2262100.0,,0,0,0,0,0,0,0,0,0,0,0,0,0,0,0,0,0,0,0,0,0,0,0,0,0,0,0,0,0,0,0,0,24,2026-02-07 11:06:15.398635
WNTR,24.9,24.88,24.9,,2155200.0,2115400.0,10000.0,0,0,0,0,0,0,0,0,0,0,0,0,0,0,0,0,0,0,0,0,0,0,0,0,0,0,0,0,0,0,0,0,24,2026-02-07 11:06:15.398635
SPNG,24.7,24.7,25.22,2418400.0,2283300.0,0,0,0,0,0,0,0,0,0,0,0,0,0,0,0,0,0,0,0,0,0,0,0,0,0,0,0,0,0,0,0,0,0,0,25,2026-02-07 11:06:16.445217
SMMR,25.0,25.02,25.03,2120900.0,2113800.0,0,0,0,0,0,0,0,0,0,0,0,0,0,0,0,0,0,0,0,0,0,0,0,0,0,0,0,0,0,0,0,0,0,0,25,2026-02-07 11:06:16.445217
ATMN,25.12,24.8,24.98,2295700.0,2284200.0,0,0,0,0,0,0,0,0,0,0,0,0,0,0,0,0,0,0,0,0,0,0,0,0,0,0,0,0,0,0,0,0,0,0,25,2026-02-07 11:06:16.445217
WNTR,25.06,24.97,25.11,2111300.0,2200200.0,0,0,0,0,0,0,0,0,0,0,0,0,0,0,0,0,0,0,0,0,0,0,0,0,0,0,0,0,0,0,0,0,0,0,25,2026-02-07 11:06:16.445217
SPNG,25.36,24.84,25.36,2300700.0,100.0,2315400.0,,0,0,0,0,0,0,0,0,0,0,0,0,0,0,0,0,0,0,0,0,0,0,0,0,0,0,0,0,0,0,0,0,26,2026-02-07 11:06:17.511343
SMMR,25.02,24.96,24.98,2033000.0,8856.0,2018200.0,5245.0,0,0,0,0,0,0,0,0,0,0,0,0,0,0,0,0,0,0,0,0,0,0,0,0,0,0,0,0,0,0,0,0,26,2026-02-07 11:06:17.511343
ATMN,24.62,24.62,24.97,2328800.0,,2125400.0,100.0,0,0,0,0,0,0,0,0,0,0,0,0,0,0,0,0,0,0,0,0,0,0,0,0,0,0,0,0,0,0,0,0,26,2026-02-07 11:06:17.511343
WNTR,24.97,24.97,25.05,2111300.0,,2081500.0,5365.0,0,0,0,0,0,0,0,0,0,0,0,0,0,0,0,0,0,0,0,0,0,0,0,0,0,0,0,0,0,0,0,0,26,2026-02-07 11:06:17.511343
SPNG,24.53,24.53,25.59,2461700.0,2295800.0,,,0,0,0,0,0,0,0,0,0,0,0,0,0,0,0,0,0,0,0,0,0,0,0,0,0,0,0,0,0,0,0,0,27,2026-02-07 11:06:18.616556
SMMR,24.83,24.83,24.9,2132400.0,1795400.0,18734.0,,0,0,0,0,0,0,0,0,0,0,0,0,0,0,0,0,0,0,0,0,0,0,0,0,0,0,0,0,0,0,0,0,27,2026-02-07 11:06:18.616556
ATMN,25.17,24.77,24.96,2158000.0,2148700.0,1226.0,8655.0,0,0,0,0,0,0,0,0,0,0,0,0,0,0,0,0,0,0,0,0,0,0,0,0,0,0,0,0,0,0,0,0,27,2026-02-07 11:06:18.616556
WNTR,25.01,25.07,25.11,2095900.0,2092600.0,5496.0,,0,0,0,0,0,0,0,0,0,0,0,0,0,0,0,0,0,0,0,0,0,0,0,0,0,0,0,0,0,0,0,0,27,2026-02-07 11:06:18.616556
SPNG,24.53,24.8,25.11,9367.0,2209600.0,2043400.0,200.0,0,0,0,0,0,0,0,0,0,0,0,0,0,0,0,0,0,0,0,0,0,0,0,0,0,0,0,0,0,0,0,0,28,2026-02-07 11:06:19.706763
SMMR,24.84,24.84,24.97,,2156400.0,1919200.0,9878.0,0,0,0,0,0,0,0,0,0,0,0,0,0,0,0,0,0,0,0,0,0,0,0,0,0,0,0,0,0,0,0,0,28,2026-02-07 11:06:19.706763
ATMN,24.96,25.14,25.17,8755.0,2041600.0,2106500.0,100.0,0,0,0,0,0,0,0,0,0,0,0,0,0,0,0,0,0,0,0,0,0,0,0,0,0,0,0,0,0,0,0,0,28,2026-02-07 11:06:19.706763
WNTR,25.13,25.08,25.13,8913.0,1994400.0,2188800.0,,0,0,0,0,0,0,0,0,0,0,0,0,0,0,0,0,0,0,0,0,0,0,0,0,0,0,0,0,0,0,0,0,28,2026-02-07 11:06:19.706763
SPNG,24.53,24.53,25.11,2449800.0,2043400.0,200.0,,0,0,0,0,0,0,0,0,0,0,0,0,0,0,0,0,0,0,0,0,0,0,0,0,0,0,0,0,0,0,0,0,29,2026-02-07 11:06:20.247983
SMMR,25.03,25.0,25.03,2144700.0,2034900.0,5245.0,,0,0,0,0,0,0,0,0,0,0,0,0,0,0,0,0,0,0,0,0,0,0,0,0,0,0,0,0,0,0,0,0,29,2026-02-07 11:06:20.247983
ATMN,24.96,25.14,25.17,2041600.0,2096700.0,100.0,8755.0,0,0,0,0,0,0,0,0,0,0,0,0,0,0,0,0,0,0,0,0,0,0,0,0,0,0,0,0,0,0,0,0,29,2026-02-07 11:06:20.247983
WNTR,25.07,24.98,25.07,2143000.0,2187700.0,,,0,0,0,0,0,0,0,0,0,0,0,0,0,0,0,0,0,0,0,0,0,0,0,0,0,0,0,0,0,0,0,0,29,2026-02-07 11:06:20.247983
SPNG,24.53,25.01,25.03,2309200.0,100.0,6003.0,1931600.0,0,0,0,0,0,0,0,0,0,0,0,0,0,0,0,0,0,0,0,0,0,0,0,0,0,0,0,0,0,0,0,0,30,2026-02-07 11:06:21.308805
SMMR,24.96,25.0,25.03,2147000.0,,5245.0,2058500.0,0,0,0,0,0,0,0,0,0,0,0,0,0,0,0,0,0,0,0,0,0,0,0,0,0,0,0,0,0,0,0,0,30,2026-02-07 11:06:21.308805
ATMN,25.11,24.77,24.89,2158000.0,8655.0,3681.0,1971500.0,0,0,0,0,0,0,0,0,0,0,0,0,0,0,0,0,0,0,0,0,0,0,0,0,0,0,0,0,0,0,0,0,30,2026-02-07 11:06:21.308805
WNTR,25.07,25.12,25.13,2029700.0,8839.0,,2188800.0,0,0,0,0,0,0,0,0,0,0,0,0,0,0,0,0,0,0,0,0,0,0,0,0,0,0,0,0,0,0,0,0,30,2026-02-07 11:06:21.308805
SPNG,25.0,25.07,25.1,2459400.0,2284200.0,,,0,0,0,0,0,0,0,0,0,0,0,0,0,0,0,0,0,0,0,0,0,0,0,0,0,0,0,0,0,0,0,0,31,2026-02-07 11:06:22.343790
SMMR,25.0,25.0,25.02,2147000.0,2052600.0,8641.0,,0,0,0,0,0,0,0,0,0,0,0,0,0,0,0,0,0,0,0,0,0,0,0,0,0,0,0,0,0,0,0,0,31,2026-02-07 11:06:22.343790
ATMN,24.89,24.89,25.13,2136500.0,2212100.0,,100.0,0,0,0,0,0,0,0,0,0,0,0,0,0,0,0,0,0,0,0,0,0,0,0,0,0,0,0,0,0,0,0,0,31,2026-02-07 11:06:22.343790
WNTR,25.13,24.98,25.13,2143000.0,2061700.0,5471.0,,0,0,0,0,0,0,0,0,0,0,0,0,0,0,0,0,0,0,0,0,0,0,0,0,0,0,0,0,0,0,0,0,31,2026-02-07 11:06:22.343790
SPNG,25.07,25.07,25.1,2347600.0,1208.0,2304800.0,,0,0,0,0,0,0,0,0,0,0,0,0,0,0,0,0,0,0,0,0,0,0,0,0,0,0,0,0,0,0,0,0,32,2026-02-07 11:06:23.379839
SMMR,24.82,24.9,24.99,2157000.0,,1941200.0,17228.0,0,0,0,0,0,0,0,0,0,0,0,0,0,0,0,0,0,0,0,0,0,0,0,0,0,0,0,0,0,0,0,0,32,2026-02-07 11:06:23.379839
ATMN,24.77,24.9,25.1,2160300.0,6222.0,2100800.0,8297.0,0,0,0,0,0,0,0,0,0,0,0,0,0,0,0,0,0,0,0,0,0,0,0,0,0,0,0,0,0,0,0,0,32,2026-02-07 11:06:23.379839
WNTR,25.07,25.01,25.05,2020000.0,8684.0,1931500.0,5571.0,0,0,0,0,0,0,0,0,0,0,0,0,0,0,0,0,0,0,0,0,0,0,0,0,0,0,0,0,0,0,0,0,32,2026-02-07 11:06:23.379839
SPNG,25.04,24.68,24.72,2442000.0,2243800.0,100.0,,0,0,0,0,0,0,0,0,0,0,0,0,0,0,0,0,0,0,0,0,0,0,0,0,0,0,0,0,0,0,0,0,33,2026-02-07 11:06:24.413747
SMMR,24.96,24.96,24.99,2135500.0,1941200.0,17228.0,,0,0,0,0,0,0,0,0,0,0,0,0,0,0,0,0,0,0,0,0,0,0,0,0,0,0,0,0,0,0,0,0,33,2026-02-07 11:06:24.413747
ATMN,24.77,24.91,25.04,2049300.0,1960700.0,8397.0,6322.0,0,0,0,0,0,0,0,0,0,0,0,0,0,0,0,0,0,0,0,0,0,0,0,0,0,0,0,0,0,0,0,0,33,2026-02-07 11:06:24.413747
WNTR,24.98,24.97,24.98,2131300.0,1938000.0,5571.0,,0,0,0,0,0,0,0,0,0,0,0,0,0,0,0,0,0,0,0,0,0,0,0,0,0,0,0,0,0,0,0,0,33,2026-02-07 11:06:24.413747
SPNG,25.11,24.78,25.11,2423600.0,2286400.0,,,0,0,0,0,0,0,0,0,0,0,0,0,0,0,0,0,0,0,0,0,0,0,0,0,0,0,0,0,0,0,0,0,34,2026-02-07 11:06:25.454541
SMMR,24.99,24.82,24.99,2123400.0,1941200.0,17228.0,,0,0,0,0,0,0,0,0,0,0,0,0,0,0,0,0,0,0,0,0,0,0,0,0,0,0,0,0,0,0,0,0,34,2026-02-07 11:06:25.454541
ATMN,25.17,24.71,25.17,2311700.0,2182800.0,,,0,0,0,0,0,0,0,0,0,0,0,0,0,0,0,0,0,0,0,0,0,0,0,0,0,0,0,0,0,0,0,0,34,2026-02-07 11:06:25.454541
WNTR,25.11,25.11,25.13,2051200.0,2076100.0,5471.0,1238.0,0,0,0,0,0,0,0,0,0,0,0,0,0,0,0,0,0,0,0,0,0,0,0,0,0,0,0,0,0,0,0,0,34,2026-02-07 11:06:25.454541
SPNG,25.32,24.82,25.32,6695.0,2324100.0,2297700.0,,0,0,0,0,0,0,0,0,0,0,0,0,0,0,0,0,0,0,0,0,0,0,0,0,0,0,0,0,0,0,0,0,35,2026-02-07 11:06:26.507570
SMMR,25.05,24.85,25.04,8762.0,2035000.0,2053500.0,1097.0,0,0,0,0,0,0,0,0,0,0,0,0,0,0,0,0,0,0,0,0,0,0,0,0,0,0,0,0,0,0,0,0,35,2026-02-07 11:06:26.507570
ATMN,24.71,24.71,24.96,,2312700.0,2193800.0,,0,0,0,0,0,0,0,0,0,0,0,0,0,0,0,0,0,0,0,0,0,0,0,0,0,0,0,0,0,0,0,0,35,2026-02-07 11:06:26.507570
WNTR,25.11,25.08,25.1,,2171000.0,2113000.0,8684.0,0,0,0,0,0,0,0,0,0,0,0,0,0,0,0,0,0,0,0,0,0,0,0,0,0,0,0,0,0,0,0,0,35,2026-02-07 11:06:26.507570
SPNG,24.72,24.84,25.25,2449100.0,2176600.0,100.0,,0,0,0,0,0,0,0,0,0,0,0,0,0,0,0,0,0,0,0,0,0,0,0,0,0,0,0,0,0,0,0,0,36,2026-02-07 11:06:27.715527
SMMR,25.05,24.79,25.05,2148500.0,2144100.0,,,0,0,0,0,0,0,0,0,0,0,0,0,0,0,0,0,0,0,0,0,0,0,0,0,0,0,0,0,0,0,0,0,36,2026-02-07 11:06:27.715527
ATMN,24.84,24.62,24.84,2199300.0,2089200.0,1996.0,3629.0,0,0,0,0,0,0,0,0,0,0,0,0,0,0,0,0,0,0,0,0,0,0,0,0,0,0,0,0,0,0,0,0,36,2026-02-07 11:06:27.715527
WNTR,25.1,24.99,25.06,2048000.0,2221500.0,,9922.0,0,0,0,0,0,0,0,0,0,0,0,0,0,0,0,0,0,0,0,0,0,0,0,0,0,0,0,0,0,0,0,0,36,2026-02-07 11:06:27.715527
SPNG,25.25,24.74,25.22,7637.0,2324100.0,200.0,2073700.0,0,0,0,0,0,0,0,0,0,0,0,0,0,0,0,0,0,0,0,0,0,0,0,0,0,0,0,0,0,0,0,0,37,2026-02-07 11:06:28.802729
SMMR,25.05,24.92,25.05,8780.0,2033700.0,,2144100.0,0,0,0,0,0,0,0,0,0,0,0,0,0,0,0,0,0,0,0,0,0,0,0,0,0,0,0,0,0,0,0,0,37,2026-02-07 11:06:28.802729
ATMN,24.84,24.64,24.76,3629.0,2160000.0,18125.0,1903400.0,0,0,0,0,0,0,0,0,0,0,0,0,0,0,0,0,0,0,0,0,0,0,0,0,0,0,0,0,0,0,0,0,37,2026-02-07 11:06:28.802729
WNTR,25.06,24.99,25.04,9922.0,2048000.0,8183.0,2118800.0,0,0,0,0,0,0,0,0,0,0,0,0,0,0,0,0,0,0,0,0,0,0,0,0,0,0,0,0,0,0,0,0,37,2026-02-07 11:06:28.802729
SPNG,24.68,24.68,25.18,2420000.0,2056800.0,200.0,,0,0,0,0,0,0,0,0,0,0,0,0,0,0,0,0,0,0,0,0,0,0,0,0,0,0,0,0,0,0,0,0,38,2026-02-07 11:06:29.370610
SMMR,24.87,24.82,24.83,2124200.0,2151800.0,,,0,0,0,0,0,0,0,0,0,0,0,0,0,0,0,0,0,0,0,0,0,0,0,0,0,0,0,0,0,0,0,0,38,2026-02-07 11:06:29.370610
ATMN,24.55,24.55,24.76,2358300.0,1903400.0,18125.0,,0,0,0,0,0,0,0,0,0,0,0,0,0,0,0,0,0,0,0,0,0,0,0,0,0,0,0,0,0,0,0,0,38,2026-02-07 11:06:29.370610
WNTR,25.06,24.99,25.04,2052800.0,2118800.0,8183.0,9922.0,0,0,0,0,0,0,0,0,0,0,0,0,0,0,0,0,0,0,0,0,0,0,0,0,0,0,0,0,0,0,0,0,38,2026-02-07 11:06:29.370610
SPNG,25.18,24.84,25.18,2335100.0,100.0,2076100.0,200.0,0,0,0,0,0,0,0,0,0,0,0,0,0,0,0,0,0,0,0,0,0,0,0,0,0,0,0,0,0,0,0,0,39,2026-02-07 11:06:30.453637
SMMR,25.03,25.03,25.05,2006800.0,2367.0,2144100.0,,0,0,0,0,0,0,0,0,0,0,0,0,0,0,0,0,0,0,0,0,0,0,0,0,0,0,0,0,0,0,0,0,39,2026-02-07 11:06:30.453637
ATMN,24.96,24.55,24.73,2302600.0,,2094500.0,1968.0,0,0,0,0,0,0,0,0,0,0,0,0,0,0,0,0,0,0,0,0,0,0,0,0,0,0,0,0,0,0,0,0,39,2026-02-07 11:06:30.453637
WNTR,25.1,25.08,25.1,2062200.0,9922.0,2204800.0,,0,0,0,0,0,0,0,0,0,0,0,0,0,0,0,0,0,0,0,0,0,0,0,0,0,0,0,0,0,0,0,0,39,2026-02-07 11:06:30.453637
SPNG,25.37,24.84,25.04,2480700.0,2366200.0,0,0,0,0,0,0,0,0,0,0,0,0,0,0,0,0,0,0,0,0,0,0,0,0,0,0,0,0,0,0,0,0,0,0,40,2026-02-07 11:06:31.491374
SMMR,25.06,25.01,25.06,2120400.0,2127800.0,0,0,0,0,0,0,0,0,0,0,0,0,0,0,0,0,0,0,0,0,0,0,0,0,0,0,0,0,0,0,0,0,0,0,40,2026-02-07 11:06:31.491374
ATMN,24.94,24.55,24.88,2302600.0,2222100.0,0,0,0,0,0,0,0,0,0,0,0,0,0,0,0,0,0,0,0,0,0,0,0,0,0,0,0,0,0,0,0,0,0,0,40,2026-02-07 11:06:31.491374
WNTR,25.15,25.08,25.15,2173700.0,2194400.0,0,0,0,0,0,0,0,0,0,0,0,0,0,0,0,0,0,0,0,0,0,0,0,0,0,0,0,0,0,0,0,0,0,0,40,2026-02-07 11:06:31.491374
SPNG,24.84,24.84,25.1,2480700.0,2333800.0,,,0,0,0,0,0,0,0,0,0,0,0,0,0,0,0,0,0,0,0,0,0,0,0,0,0,0,0,0,0,0,0,0,41,2026-02-07 11:06:32.553414
SMMR,25.06,25.01,25.05,2120400.0,2040700.0,10000.0,,0,0,0,0,0,0,0,0,0,0,0,0,0,0,0,0,0,0,0,0,0,0,0,0,0,0,0,0,0,0,0,0,41,2026-02-07 11:06:32.553414
ATMN,24.66,24.81,24.86,2181500.0,2115200.0,100.0,10000.0,0,0,0,0,0,0,0,0,0,0,0,0,0,0,0,0,0,0,0,0,0,0,0,0,0,0,0,0,0,0,0,0,41,2026-02-07 11:06:32.553414
WNTR,24.98,25.02,25.11,2074400.0,1990300.0,16078.0,9922.0,0,0,0,0,0,0,0,0,0,0,0,0,0,0,0,0,0,0,0,0,0,0,0,0,0,0,0,0,0,0,0,0,41,2026-02-07 11:06:32.553414
SPNG,25.1,24.85,25.07,200.0,2203500.0,8488.0,2230900.0,0,0,0,0,0,0,0,0,0,0,0,0,0,0,0,0,0,0,0,0,0,0,0,0,0,0,0,0,0,0,0,0,42,2026-02-07 11:06:33.740296
SMMR,24.79,24.79,25.04,,2109500.0,19939.0,1944500.0,0,0,0,0,0,0,0,0,0,0,0,0,0,0,0,0,0,0,0,0,0,0,0,0,0,0,0,0,0,0,0,0,42,2026-02-07 11:06:33.740296
ATMN,24.86,24.59,24.82,100.0,2168700.0,100.0,2124600.0,0,0,0,0,0,0,0,0,0,0,0,0,0,0,0,0,0,0,0,0,0,0,0,0,0,0,0,0,0,0,0,0,42,2026-02-07 11:06:33.740296
WNTR,24.94,24.94,25.04,,2198400.0,26000.0,1902500.0,0,0,0,0,0,0,0,0,0,0,0,0,0,0,0,0,0,0,0,0,0,0,0,0,0,0,0,0,0,0,0,0,42,2026-02-07 11:06:33.740296
SPNG,25.31,24.85,25.31,200.0,2203500.0,2314400.0,,0,0,0,0,0,0,0,0,0,0,0,0,0,0,0,0,0,0,0,0,0,0,0,0,0,0,0,0,0,0,0,0,43,2026-02-07 11:06:34.323748
SMMR,25.07,24.79,25.07,,2109500.0,2178200.0,,0,0,0,0,0,0,0,0,0,0,0,0,0,0,0,0,0,0,0,0,0,0,0,0,0,0,0,0,0,0,0,0,43,2026-02-07 11:06:34.323748
ATMN,24.55,24.55,24.82,,2298800.0,2124600.0,100.0,0,0,0,0,0,0,0,0,0,0,0,0,0,0,0,0,0,0,0,0,0,0,0,0,0,0,0,0,0,0,0,0,43,2026-02-07 11:06:34.323748
WNTR,25.08,25.09,25.11,,2207200.0,1990300.0,16078.0,0,0,0,0,0,0,0,0,0,0,0,0,0,0,0,0,0,0,0,0,0,0,0,0,0,0,0,0,0,0,0,0,43,2026-02-07 11:06:34.323748
SPNG,24.84,24.84,24.99,2436600.0,2204900.0,100.0,,0,0,0,0,0,0,0,0,0,0,0,0,0,0,0,0,0,0,0,0,0,0,0,0,0,0,0,0,0,0,0,0,44,2026-02-07 11:06:35.411731
SMMR,25.07,24.83,24.84,2000700.0,2073600.0,616.0,8084.0,0,0,0,0,0,0,0,0,0,0,0,0,0,0,0,0,0,0,0,0,0,0,0,0,0,0,0,0,0,0,0,0,44,2026-02-07 11:06:35.411731
ATMN,24.96,24.62,24.96,2299100.0,2208500.0,,,0,0,0,0,0,0,0,0,0,0,0,0,0,0,0,0,0,0,0,0,0,0,0,0,0,0,0,0,0,0,0,0,44,2026-02-07 11:06:35.411731
WNTR,24.94,24.94,25.15,2198400.0,2208900.0,,,0,0,0,0,0,0,0,0,0,0,0,0,0,0,0,0,0,0,0,0,0,0,0,0,0,0,0,0,0,0,0,0,44,2026-02-07 11:06:35.411731
SPNG,24.65,24.65,25.25,2469000.0,100.0,2238500.0,,0,0,0,0,0,0,0,0,0,0,0,0,0,0,0,0,0,0,0,0,0,0,0,0,0,0,0,0,0,0,0,0,45,2026-02-07 11:06:36.464749
SMMR,24.76,24.76,24.84,2118500.0,616.0,2055500.0,,0,0,0,0,0,0,0,0,0,0,0,0,0,0,0,0,0,0,0,0,0,0,0,0,0,0,0,0,0,0,0,0,45,2026-02-07 11:06:36.464749
ATMN,24.96,24.65,24.82,2182900.0,7199.0,2128800.0,5581.0,0,0,0,0,0,0,0,0,0,0,0,0,0,0,0,0,0,0,0,0,0,0,0,0,0,0,0,0,0,0,0,0,45,2026-02-07 11:06:36.464749
WNTR,25.09,25.09,25.12,2132700.0,7534.0,2106600.0,7534.0,0,0,0,0,0,0,0,0,0,0,0,0,0,0,0,0,0,0,0,0,0,0,0,0,0,0,0,0,0,0,0,0,45,2026-02-07 11:06:36.464749
SPNG,25.37,24.73,25.04,100.0,2339100.0,4418.0,2123700.0,0,0,0,0,0,0,0,0,0,0,0,0,0,0,0,0,0,0,0,0,0,0,0,0,0,0,0,0,0,0,0,0,46,2026-02-07 11:06:37.508649
SMMR,24.82,24.82,24.84,,2096900.0,,2156500.0,0,0,0,0,0,0,0,0,0,0,0,0,0,0,0,0,0,0,0,0,0,0,0,0,0,0,0,0,0,0,0,0,46,2026-02-07 11:06:37.508649
ATMN,24.59,24.69,24.8,,2267500.0,9236.0,2092300.0,0,0,0,0,0,0,0,0,0,0,0,0,0,0,0,0,0,0,0,0,0,0,0,0,0,0,0,0,0,0,0,0,46,2026-02-07 11:06:37.508649
WNTR,25.09,25.1,25.15,7249.0,2132700.0,,2221600.0,0,0,0,0,0,0,0,0,0,0,0,0,0,0,0,0,0,0,0,0,0,0,0,0,0,0,0,0,0,0,0,0,46,2026-02-07 11:06:37.508649
SPNG,24.97,24.97,25.0,2151300.0,7666.0,4518.0,2020800.0,0,0,0,0,0,0,0,0,0,0,0,0,0,0,0,0,0,0,0,0,0,0,0,0,0,0,0,0,0,0,0,0,47,2026-02-07 11:06:38.547824
SMMR,24.82,24.76,24.77,2143500.0,,7330.0,2051100.0,0,0,0,0,0,0,0,0,0,0,0,0,0,0,0,0,0,0,0,0,0,0,0,0,0,0,0,0,0,0,0,0,47,2026-02-07 11:06:38.547824
ATMN,24.59,24.71,24.8,2171500.0,5581.0,9336.0,1998900.0,0,0,0,0,0,0,0,0,0,0,0,0,0,0,0,0,0,0,0,0,0,0,0,0,0,0,0,0,0,0,0,0,47,2026-02-07 11:06:38.547824
WNTR,25.09,24.94,25.08,2198400.0,,7631.0,2138100.0,0,0,0,0,0,0,0,0,0,0,0,0,0,0,0,0,0,0,0,0,0,0,0,0,0,0,0,0,0,0,0,0,47,2026-02-07 11:06:38.547824
SPNG,25.0,25.11,25.43,2147500.0,7666.0,2346600.0,,0,0,0,0,0,0,0,0,0,0,0,0,0,0,0,0,0,0,0,0,0,0,0,0,0,0,0,0,0,0,0,0,48,2026-02-07 11:06:39.611905
SMMR,24.88,24.95,25.07,1947500.0,8522.0,2178200.0,,0,0,0,0,0,0,0,0,0,0,0,0,0,0,0,0,0,0,0,0,0,0,0,0,0,0,0,0,0,0,0,0,48,2026-02-07 11:06:39.611905
ATMN,24.82,24.8,24.82,2030700.0,12495.0,2207800.0,,0,0,0,0,0,0,0,0,0,0,0,0,0,0,0,0,0,0,0,0,0,0,0,0,0,0,0,0,0,0,0,0,48,2026-02-07 11:06:39.611905
WNTR,25.03,24.92,24.99,2071700.0,791.0,1879400.0,16769.0,0,0,0,0,0,0,0,0,0,0,0,0,0,0,0,0,0,0,0,0,0,0,0,0,0,0,0,0,0,0,0,0,48,2026-02-07 11:06:39.611905
SPNG,25.19,24.96,25.19,2181800.0,7666.0,2301600.0,100.0,0,0,0,0,0,0,0,0,0,0,0,0,0,0,0,0,0,0,0,0,0,0,0,0,0,0,0,0,0,0,0,0,49,2026-02-07 11:06:40.701932
SMMR,24.91,24.83,24.89,1927200.0,200.0,2060700.0,7562.0,0,0,0,0,0,0,0,0,0,0,0,0,0,0,0,0,0,0,0,0,0,0,0,0,0,0,0,0,0,0,0,0,49,2026-02-07 11:06:40.701932
ATMN,24.96,24.81,24.96,1789100.0,17509.0,2204700.0,,0,0,0,0,0,0,0,0,0,0,0,0,0,0,0,0,0,0,0,0,0,0,0,0,0,0,0,0,0,0,0,0,49,2026-02-07 11:06:40.701932
WNTR,25.03,24.92,24.95,2095300.0,791.0,1782500.0,24141.0,0,0,0,0,0,0,0,0,0,0,0,0,0,0,0,0,0,0,0,0,0,0,0,0,0,0,0,0,0,0,0,0,49,2026-02-07 11:06:40.701932
SPNG,24.75,24.88,25.2,2412500.0,2379300.0,,,0,0,0,0,0,0,0,0,0,0,0,0,0,0,0,0,0,0,0,0,0,0,0,0,0,0,0,0,0,0,0,0,50,2026-02-07 11:06:41.754900
SMMR,24.91,24.84,24.91,2065200.0,2151800.0,100.0,,0,0,0,0,0,0,0,0,0,0,0,0,0,0,0,0,0,0,0,0,0,0,0,0,0,0,0,0,0,0,0,0,50,2026-02-07 11:06:41.754900
ATMN,24.6,24.6,24.96,2310300.0,2204700.0,,,0,0,0,0,0,0,0,0,0,0,0,0,0,0,0,0,0,0,0,0,0,0,0,0,0,0,0,0,0,0,0,0,50,2026-02-07 11:06:41.754900
WNTR,24.98,24.94,24.97,2080100.0,2111600.0,6928.0,1068.0,0,0,0,0,0,0,0,0,0,0,0,0,0,0,0,0,0,0,0,0,0,0,0,0,0,0,0,0,0,0,0,0,50,2026-02-07 11:06:41.754900
SPNG,25.44,24.79,25.44,310.0,2301400.0,2335300.0,,0,0,0,0,0,0,0,0,0,0,0,0,0,0,0,0,0,0,0,0,0,0,0,0,0,0,0,0,0,0,0,0,51,2026-02-07 11:06:42.800155
SMMR,24.91,24.77,24.91,9538.0,2045100.0,2148100.0,,0,0,0,0,0,0,0,0,0,0,0,0,0,0,0,0,0,0,0,0,0,0,0,0,0,0,0,0,0,0,0,0,51,2026-02-07 11:06:42.800155
ATMN,24.82,24.87,24.9,2935.0,2053600.0,2123400.0,6891.0,0,0,0,0,0,0,0,0,0,0,0,0,0,0,0,0,0,0,0,0,0,0,0,0,0,0,0,0,0,0,0,0,51,2026-02-07 11:06:42.800155
WNTR,25.02,25.02,25.03,8163.0,1980400.0,2220200.0,,0,0,0,0,0,0,0,0,0,0,0,0,0,0,0,0,0,0,0,0,0,0,0,0,0,0,0,0,0,0,0,0,51,2026-02-07 11:06:42.800155
SPNG,24.65,24.7,25.48,7316.0,2367200.0,2293900.0,,0,0,0,0,0,0,0,0,0,0,0,0,0,0,0,0,0,0,0,0,0,0,0,0,0,0,0,0,0,0,0,0,52,2026-02-07 11:06:43.849893
SMMR,25.07,24.88,25.07,19434.0,1954500.0,2164100.0,,0,0,0,0,0,0,0,0,0,0,0,0,0,0,0,0,0,0,0,0,0,0,0,0,0,0,0,0,0,0,0,0,52,2026-02-07 11:06:43.849893
ATMN,24.9,24.94,24.96,11747.0,1924000.0,2097700.0,100.0,0,0,0,0,0,0,0,0,0,0,0,0,0,0,0,0,0,0,0,0,0,0,0,0,0,0,0,0,0,0,0,0,52,2026-02-07 11:06:43.849893
WNTR,25.02,25.02,25.03,17385.0,1881600.0,2077600.0,1746.0,0,0,0,0,0,0,0,0,0,0,0,0,0,0,0,0,0,0,0,0,0,0,0,0,0,0,0,0,0,0,0,0,52,2026-02-07 11:06:43.849893
SPNG,24.65,24.95,25.22,9007.0,2235900.0,2225900.0,1454.0,0,0,0,0,0,0,0,0,0,0,0,0,0,0,0,0,0,0,0,0,0,0,0,0,0,0,0,0,0,0,0,0,53,2026-02-07 11:06:44.894452
SMMR,24.84,24.84,24.95,9538.0,2054200.0,2155900.0,,0,0,0,0,0,0,0,0,0,0,0,0,0,0,0,0,0,0,0,0,0,0,0,0,0,0,0,0,0,0,0,0,53,2026-02-07 11:06:44.894452
ATMN,24.93,24.93,24.95,2935.0,2054900.0,1988200.0,3952.0,0,0,0,0,0,0,0,0,0,0,0,0,0,0,0,0,0,0,0,0,0,0,0,0,0,0,0,0,0,0,0,0,53,2026-02-07 11:06:44.894452
WNTR,25.02,25.02,25.03,17563.0,1787200.0,1982900.0,5411.0,0,0,0,0,0,0,0,0,0,0,0,0,0,0,0,0,0,0,0,0,0,0,0,0,0,0,0,0,0,0,0,0,53,2026-02-07 11:06:44.894452
SPNG,24.95,24.7,24.86,7316.0,2367200.0,2331900.0,,0,0,0,0,0,0,0,0,0,0,0,0,0,0,0,0,0,0,0,0,0,0,0,0,0,0,0,0,0,0,0,0,54,2026-02-07 11:06:45.462423
SMMR,24.84,24.84,24.95,9538.0,2065600.0,2155900.0,,0,0,0,0,0,0,0,0,0,0,0,0,0,0,0,0,0,0,0,0,0,0,0,0,0,0,0,0,0,0,0,0,54,2026-02-07 11:06:45.462423
ATMN,24.86,24.86,24.95,100.0,2175500.0,1988200.0,3952.0,0,0,0,0,0,0,0,0,0,0,0,0,0,0,0,0,0,0,0,0,0,0,0,0,0,0,0,0,0,0,0,0,54,2026-02-07 11:06:45.462423
WNTR,25.05,25.0,25.05,8163.0,2024600.0,2223500.0,,0,0,0,0,0,0,0,0,0,0,0,0,0,0,0,0,0,0,0,0,0,0,0,0,0,0,0,0,0,0,0,0,54,2026-02-07 11:06:45.462423
SPNG,24.61,24.61,24.83,2497700.0,2322200.0,0,0,0,0,0,0,0,0,0,0,0,0,0,0,0,0,0,0,0,0,0,0,0,0,0,0,0,0,0,0,0,0,0,0,55,2026-02-07 11:06:46.517375
SMMR,24.97,24.84,24.97,2169800.0,2150400.0,0,0,0,0,0,0,0,0,0,0,0,0,0,0,0,0,0,0,0,0,0,0,0,0,0,0,0,0,0,0,0,0,0,0,55,2026-02-07 11:06:46.517375
ATMN,25.0,24.76,25.0,2300400.0,2206800.0,0,0,0,0,0,0,0,0,0,0,0,0,0,0,0,0,0,0,0,0,0,0,0,0,0,0,0,0,0,0,0,0,0,0,55,2026-02-07 11:06:46.517375
WNTR,25.06,25.0,25.03,2210600.0,2252200.0,0,0,0,0,0,0,0,0,0,0,0,0,0,0,0,0,0,0,0,0,0,0,0,0,0,0,0,0,0,0,0,0,0,0,55,2026-02-07 11:06:46.517375
SPNG,24.9,25.22,25.48,2503600.0,2322700.0,0,0,0,0,0,0,0,0,0,0,0,0,0,0,0,0,0,0,0,0,0,0,0,0,0,0,0,0,0,0,0,0,0,0,56,2026-02-07 11:06:47.571553
SMMR,24.79,24.79,24.97,2163700.0,2136500.0,0,0,0,0,0,0,0,0,0,0,0,0,0,0,0,0,0,0,0,0,0,0,0,0,0,0,0,0,0,0,0,0,0,0,56,2026-02-07 11:06:47.571553
ATMN,25.0,24.65,25.0,2283100.0,2206800.0,0,0,0,0,0,0,0,0,0,0,0,0,0,0,0,0,0,0,0,0,0,0,0,0,0,0,0,0,0,0,0,0,0,0,56,2026-02-07 11:06:47.571553
WNTR,25.15,25.04,25.15,2224600.0,2231200.0,0,0,0,0,0,0,0,0,0,0,0,0,0,0,0,0,0,0,0,0,0,0,0,0,0,0,0,0,0,0,0,0,0,0,56,2026-02-07 11:06:47.571553
SPNG,24.61,24.61,25.11,2476800.0,2360600.0,0,0,0,0,0,0,0,0,0,0,0,0,0,0,0,0,0,0,0,0,0,0,0,0,0,0,0,0,0,0,0,0,0,0,57,2026-02-07 11:06:48.650519
SMMR,24.75,24.75,24.91,2115500.0,2165900.0,0,0,0,0,0,0,0,0,0,0,0,0,0,0,0,0,0,0,0,0,0,0,0,0,0,0,0,0,0,0,0,0,0,0,57,2026-02-07 11:06:48.650519
ATMN,24.59,24.59,25.07,2307800.0,2205400.0,0,0,0,0,0,0,0,0,0,0,0,0,0,0,0,0,0,0,0,0,0,0,0,0,0,0,0,0,0,0,0,0,0,0,57,2026-02-07 11:06:48.650519
WNTR,25.14,25.04,25.14,2246800.0,2216500.0,0,0,0,0,0,0,0,0,0,0,0,0,0,0,0,0,0,0,0,0,0,0,0,0,0,0,0,0,0,0,0,0,0,0,57,2026-02-07 11:06:48.650519
SPNG,24.62,24.67,25.11,2438000.0,2343200.0,0,0,0,0,0,0,0,0,0,0,0,0,0,0,0,0,0,0,0,0,0,0,0,0,0,0,0,0,0,0,0,0,0,0,58,2026-02-07 11:06:49.751866
SMMR,24.87,24.75,24.78,2115500.0,2171000.0,0,0,0,0,0,0,0,0,0,0,0,0,0,0,0,0,0,0,0,0,0,0,0,0,0,0,0,0,0,0,0,0,0,0,58,2026-02-07 11:06:49.751866
ATMN,25.07,24.59,25.07,2298300.0,2230900.0,0,0,0,0,0,0,0,0,0,0,0,0,0,0,0,0,0,0,0,0,0,0,0,0,0,0,0,0,0,0,0,0,0,0,58,2026-02-07 11:06:49.751866
WNTR,25.05,25.0,25.05,2236100.0,2230100.0,0,0,0,0,0,0,0,0,0,0,0,0,0,0,0,0,0,0,0,0,0,0,0,0,0,0,0,0,0,0,0,0,0,0,58,2026-02-07 11:06:49.751866
SPNG,24.62,25.0,25.08,2401700.0,2353800.0,0,0,0,0,0,0,0,0,0,0,0,0,0,0,0,0,0,0,0,0,0,0,0,0,0,0,0,0,0,0,0,0,0,0,59,2026-02-07 11:06:50.812632
SMMR,25.07,24.75,24.76,2114500.0,2128200.0,0,0,0,0,0,0,0,0,0,0,0,0,0,0,0,0,0,0,0,0,0,0,0,0,0,0,0,0,0,0,0,0,0,0,59,2026-02-07 11:06:50.812632
ATMN,24.59,24.56,24.59,2283700.0,2256900.0,0,0,0,0,0,0,0,0,0,0,0,0,0,0,0,0,0,0,0,0,0,0,0,0,0,0,0,0,0,0,0,0,0,0,59,2026-02-07 11:06:50.812632
WNTR,25.17,25.0,25.17,2236100.0,2214900.0,0,0,0,0,0,0,0,0,0,0,0,0,0,0,0,0,0,0,0,0,0,0,0,0,0,0,0,0,0,0,0,0,0,0,59,2026-02-07 11:06:50.812632
SPNG,24.62,25.28,27.13,975700.0,815100.0,0,0,0,0,0,0,0,0,0,0,0,0,0,0,0,0,0,0,0,0,0,0,0,0,0,0,0,0,0,0,0,0,0,0,60,2026-02-07 11:06:51.874445
SMMR,24.76,24.09,0.0,769400.0,861700.0,0,0,0,0,0,0,0,0,0,0,0,0,0,0,0,0,0,0,0,0,0,0,0,0,0,0,0,0,0,0,0,0,0,0,60,2026-02-07 11:06:51.874445
ATMN,24.59,25.48,0.0,961700.0,691400.0,0,0,0,0,0,0,0,0,0,0,0,0,0,0,0,0,0,0,0,0,0,0,0,0,0,0,0,0,0,0,0,0,0,0,60,2026-02-07 11:06:51.874445
WNTR,25.17,26.11,26.19,862300.0,789800.0,0,0,0,0,0,0,0,0,0,0,0,0,0,0,0,0,0,0,0,0,0,0,0,0,0,0,0,0,0,0,0,0,0,0,60,2026-02-07 11:06:51.874445
SPNG,24.62,25.28,25.75,975700.0,1162800.0,0,0,0,0,0,0,0,0,0,0,0,0,0,0,0,0,0,0,0,0,0,0,0,0,0,0,0,0,0,0,0,0,0,0,61,2026-02-07 11:06:52.478794
SMMR,24.09,24.09,24.22,760900.0,978400.0,0,0,0,0,0,0,0,0,0,0,0,0,0,0,0,0,0,0,0,0,0,0,0,0,0,0,0,0,0,0,0,0,0,0,61,2026-02-07 11:06:52.478794
ATMN,25.43,25.71,25.91,1230400.0,787400.0,0,0,0,0,0,0,0,0,0,0,0,0,0,0,0,0,0,0,0,0,0,0,0,0,0,0,0,0,0,0,0,0,0,0,61,2026-02-07 11:06:52.478794
WNTR,26.11,26.11,26.19,868200.0,789800.0,0,0,0,0,0,0,0,0,0,0,0,0,0,0,0,0,0,0,0,0,0,0,0,0,0,0,0,0,0,0,0,0,0,0,61,2026-02-07 11:06:52.478794
SPNG,25.38,25.05,25.38,1117000.0,1282600.0,0,0,0,0,0,0,0,0,0,0,0,0,0,0,0,0,0,0,0,0,0,0,0,0,0,0,0,0,0,0,0,0,0,0,62,2026-02-07 11:06:53.602629
SMMR,24.04,24.12,24.2,848700.0,1188200.0,0,0,0,0,0,0,0,0,0,0,0,0,0,0,0,0,0,0,0,0,0,0,0,0,0,0,0,0,0,0,0,0,0,0,62,2026-02-07 11:06:53.602629
ATMN,25.31,25.54,25.91,1347600.0,876100.0,0,0,0,0,0,0,0,0,0,0,0,0,0,0,0,0,0,0,0,0,0,0,0,0,0,0,0,0,0,0,0,0,0,0,62,2026-02-07 11:06:53.602629
WNTR,26.09,26.09,26.16,856300.0,903600.0,0,0,0,0,0,0,0,0,0,0,0,0,0,0,0,0,0,0,0,0,0,0,0,0,0,0,0,0,0,0,0,0,0,0,62,2026-02-07 11:06:53.602629
SPNG,24.8,24.8,25.38,1189000.0,1400300.0,0,0,0,0,0,0,0,0,0,0,0,0,0,0,0,0,0,0,0,0,0,0,0,0,0,0,0,0,0,0,0,0,0,0,63,2026-02-07 11:06:54.684935
SMMR,24.2,24.12,24.2,953900.0,1427800.0,0,0,0,0,0,0,0,0,0,0,0,0,0,0,0,0,0,0,0,0,0,0,0,0,0,0,0,0,0,0,0,0,0,0,63,2026-02-07 11:06:54.684935
ATMN,25.22,25.21,25.22,1353200.0,876100.0,0,0,0,0,0,0,0,0,0,0,0,0,0,0,0,0,0,0,0,0,0,0,0,0,0,0,0,0,0,0,0,0,0,0,63,2026-02-07 11:06:54.684935
WNTR,26.01,26.01,26.16,971500.0,1001600.0,0,0,0,0,0,0,0,0,0,0,0,0,0,0,0,0,0,0,0,0,0,0,0,0,0,0,0,0,0,0,0,0,0,0,63,2026-02-07 11:06:54.684935
SPNG,24.8,25.0,25.33,1423100.0,1660300.0,0,0,0,0,0,0,0,0,0,0,0,0,0,0,0,0,0,0,0,0,0,0,0,0,0,0,0,0,0,0,0,0,0,0,64,2026-02-07 11:06:55.780636
SMMR,24.1,24.1,24.2,954300.0,1533500.0,0,0,0,0,0,0,0,0,0,0,0,0,0,0,0,0,0,0,0,0,0,0,0,0,0,0,0,0,0,0,0,0,0,0,64,2026-02-07 11:06:55.780636
ATMN,25.22,25.28,25.31,1470400.0,1118600.0,0,0,0,0,0,0,0,0,0,0,0,0,0,0,0,0,0,0,0,0,0,0,0,0,0,0,0,0,0,0,0,0,0,0,64,2026-02-07 11:06:55.780636
WNTR,25.63,25.76,26.16,970000.0,1001600.0,0,0,0,0,0,0,0,0,0,0,0,0,0,0,0,0,0,0,0,0,0,0,0,0,0,0,0,0,0,0,0,0,0,0,64,2026-02-07 11:06:55.780636
SPNG,24.81,24.81,25.33,1310900.0,1889600.0,0,0,0,0,0,0,0,0,0,0,0,0,0,0,0,0,0,0,0,0,0,0,0,0,0,0,0,0,0,0,0,0,0,0,65,2026-02-07 11:06:56.829409
SMMR,24.08,24.1,24.2,972300.0,1533500.0,0,0,0,0,0,0,0,0,0,0,0,0,0,0,0,0,0,0,0,0,0,0,0,0,0,0,0,0,0,0,0,0,0,0,65,2026-02-07 11:06:56.829409
ATMN,25.31,25.43,25.76,1790100.0,997000.0,0,0,0,0,0,0,0,0,0,0,0,0,0,0,0,0,0,0,0,0,0,0,0,0,0,0,0,0,0,0,0,0,0,0,65,2026-02-07 11:06:56.829409
WNTR,25.63,26.0,26.16,1287200.0,1001600.0,0,0,0,0,0,0,0,0,0,0,0,0,0,0,0,0,0,0,0,0,0,0,0,0,0,0,0,0,0,0,0,0,0,0,65,2026-02-07 11:06:56.829409
SPNG,24.81,24.81,24.88,1573500.0,1984500.0,,,0,0,0,0,0,0,0,0,0,0,0,0,0,0,0,0,0,0,0,0,0,0,0,0,0,0,0,0,0,0,0,0,66,2026-02-07 11:06:57.872454
SMMR,23.93,24.16,24.2,862800.0,1636100.0,6100.0,6100.0,0,0,0,0,0,0,0,0,0,0,0,0,0,0,0,0,0,0,0,0,0,0,0,0,0,0,0,0,0,0,0,0,66,2026-02-07 11:06:57.872454
ATMN,25.28,25.31,25.32,1682800.0,1214000.0,9937.0,,0,0,0,0,0,0,0,0,0,0,0,0,0,0,0,0,0,0,0,0,0,0,0,0,0,0,0,0,0,0,0,0,66,2026-02-07 11:06:57.872454
WNTR,25.97,25.97,26.16,1266400.0,1086100.0,,,0,0,0,0,0,0,0,0,0,0,0,0,0,0,0,0,0,0,0,0,0,0,0,0,0,0,0,0,0,0,0,0,66,2026-02-07 11:06:57.872454
SPNG,25.33,24.85,25.33,1790600.0,8249.0,1982300.0,,0,0,0,0,0,0,0,0,0,0,0,0,0,0,0,0,0,0,0,0,0,0,0,0,0,0,0,0,0,0,0,0,67,2026-02-07 11:06:58.912281
SMMR,23.93,23.8,23.88,755000.0,,1919200.0,11086.0,0,0,0,0,0,0,0,0,0,0,0,0,0,0,0,0,0,0,0,0,0,0,0,0,0,0,0,0,0,0,0,0,67,2026-02-07 11:06:58.912281
ATMN,25.21,25.27,25.32,1895000.0,100.0,1214000.0,9937.0,0,0,0,0,0,0,0,0,0,0,0,0,0,0,0,0,0,0,0,0,0,0,0,0,0,0,0,0,0,0,0,0,67,2026-02-07 11:06:58.912281
WNTR,26.17,25.97,26.17,1467700.0,,1079600.0,9350.0,0,0,0,0,0,0,0,0,0,0,0,0,0,0,0,0,0,0,0,0,0,0,0,0,0,0,0,0,0,0,0,0,67,2026-02-07 11:06:58.912281
SPNG,25.06,24.86,25.06,8349.0,1790600.0,1989900.0,,0,0,0,0,0,0,0,0,0,0,0,0,0,0,0,0,0,0,0,0,0,0,0,0,0,0,0,0,0,0,0,0,68,2026-02-07 11:06:59.948845
SMMR,23.88,23.93,24.12,3174.0,974800.0,1807300.0,13565.0,0,0,0,0,0,0,0,0,0,0,0,0,0,0,0,0,0,0,0,0,0,0,0,0,0,0,0,0,0,0,0,0,68,2026-02-07 11:06:59.948845
ATMN,25.32,25.57,25.63,200.0,2138200.0,1363900.0,10037.0,0,0,0,0,0,0,0,0,0,0,0,0,0,0,0,0,0,0,0,0,0,0,0,0,0,0,0,0,0,0,0,0,68,2026-02-07 11:06:59.948845
WNTR,26.24,25.93,26.24,3663.0,1474000.0,849400.0,,0,0,0,0,0,0,0,0,0,0,0,0,0,0,0,0,0,0,0,0,0,0,0,0,0,0,0,0,0,0,0,0,68,2026-02-07 11:06:59.948845
SPNG,24.82,24.82,25.05,8249.0,1806600.0,1863100.0,,0,0,0,0,0,0,0,0,0,0,0,0,0,0,0,0,0,0,0,0,0,0,0,0,0,0,0,0,0,0,0,0,69,2026-02-07 11:07:01.031403
SMMR,24.12,24.05,24.11,10639.0,1164800.0,1914000.0,10730.0,0,0,0,0,0,0,0,0,0,0,0,0,0,0,0,0,0,0,0,0,0,0,0,0,0,0,0,0,0,0,0,0,69,2026-02-07 11:07:01.031403
ATMN,25.75,25.31,25.75,10073.0,1895000.0,1236600.0,,0,0,0,0,0,0,0,0,0,0,0,0,0,0,0,0,0,0,0,0,0,0,0,0,0,0,0,0,0,0,0,0,69,2026-02-07 11:07:01.031403
WNTR,25.87,25.92,26.1,,1473600.0,934200.0,6750.0,0,0,0,0,0,0,0,0,0,0,0,0,0,0,0,0,0,0,0,0,0,0,0,0,0,0,0,0,0,0,0,0,69,2026-02-07 11:07:01.031403
SPNG,25.05,25.03,25.05,1926900.0,18045.0,1863100.0,,0,0,0,0,0,0,0,0,0,0,0,0,0,0,0,0,0,0,0,0,0,0,0,0,0,0,0,0,0,0,0,0,70,2026-02-07 11:07:01.564970
SMMR,24.04,23.96,23.99,1068400.0,3174.0,1910600.0,10730.0,0,0,0,0,0,0,0,0,0,0,0,0,0,0,0,0,0,0,0,0,0,0,0,0,0,0,0,0,0,0,0,0,70,2026-02-07 11:07:01.564970
ATMN,25.31,25.31,25.75,1895000.0,10073.0,1236600.0,,0,0,0,0,0,0,0,0,0,0,0,0,0,0,0,0,0,0,0,0,0,0,0,0,0,0,0,0,0,0,0,0,70,2026-02-07 11:07:01.564970
WNTR,26.24,25.87,26.24,1386400.0,,849400.0,,0,0,0,0,0,0,0,0,0,0,0,0,0,0,0,0,0,0,0,0,0,0,0,0,0,0,0,0,0,0,0,0,70,2026-02-07 11:07:01.564970
SPNG,25.03,25.03,25.38,1926900.0,1556.0,1947800.0,0,0,0,0,0,0,0,0,0,0,0,0,0,0,0,0,0,0,0,0,0,0,0,0,0,0,0,0,0,0,0,0,0,71,2026-02-07 11:07:02.600700
SMMR,24.14,24.13,24.14,1385200.0,,1916000.0,0,0,0,0,0,0,0,0,0,0,0,0,0,0,0,0,0,0,0,0,0,0,0,0,0,0,0,0,0,0,0,0,0,71,2026-02-07 11:07:02.600700
ATMN,25.76,25.22,25.76,1908700.0,4737.0,1118100.0,0,0,0,0,0,0,0,0,0,0,0,0,0,0,0,0,0,0,0,0,0,0,0,0,0,0,0,0,0,0,0,0,0,71,2026-02-07 11:07:02.600700
WNTR,26.24,26.18,26.2,1570400.0,20000.0,1061000.0,0,0,0,0,0,0,0,0,0,0,0,0,0,0,0,0,0,0,0,0,0,0,0,0,0,0,0,0,0,0,0,0,0,71,2026-02-07 11:07:02.600700
SPNG,25.15,25.03,25.15,2045100.0,1556.0,2075200.0,100.0,0,0,0,0,0,0,0,0,0,0,0,0,0,0,0,0,0,0,0,0,0,0,0,0,0,0,0,0,0,0,0,0,72,2026-02-07 11:07:03.652542
SMMR,23.96,23.96,24.07,1278000.0,,2005300.0,,0,0,0,0,0,0,0,0,0,0,0,0,0,0,0,0,0,0,0,0,0,0,0,0,0,0,0,0,0,0,0,0,72,2026-02-07 11:07:03.652542
ATMN,25.77,25.29,25.77,2036200.0,4737.0,997200.0,,0,0,0,0,0,0,0,0,0,0,0,0,0,0,0,0,0,0,0,0,0,0,0,0,0,0,0,0,0,0,0,0,72,2026-02-07 11:07:03.652542
WNTR,26.2,26.18,26.2,1570400.0,20000.0,1368700.0,,0,0,0,0,0,0,0,0,0,0,0,0,0,0,0,0,0,0,0,0,0,0,0,0,0,0,0,0,0,0,0,0,72,2026-02-07 11:07:03.652542
SPNG,25.35,25.35,25.38,2252300.0,1556.0,2080000.0,0,0,0,0,0,0,0,0,0,0,0,0,0,0,0,0,0,0,0,0,0,0,0,0,0,0,0,0,0,0,0,0,0,73,2026-02-07 11:07:04.712154
SMMR,24.07,23.91,24.07,1277700.0,,2005300.0,0,0,0,0,0,0,0,0,0,0,0,0,0,0,0,0,0,0,0,0,0,0,0,0,0,0,0,0,0,0,0,0,0,73,2026-02-07 11:07:04.712154
ATMN,25.91,25.29,25.69,2203700.0,14737.0,1000300.0,0,0,0,0,0,0,0,0,0,0,0,0,0,0,0,0,0,0,0,0,0,0,0,0,0,0,0,0,0,0,0,0,0,73,2026-02-07 11:07:04.712154
WNTR,26.18,26.14,26.17,1570400.0,10000.0,1696500.0,0,0,0,0,0,0,0,0,0,0,0,0,0,0,0,0,0,0,0,0,0,0,0,0,0,0,0,0,0,0,0,0,0,73,2026-02-07 11:07:04.712154
SPNG,25.49,25.03,25.35,2141300.0,1556.0,2104800.0,,0,0,0,0,0,0,0,0,0,0,0,0,0,0,0,0,0,0,0,0,0,0,0,0,0,0,0,0,0,0,0,0,74,2026-02-07 11:07:05.785143
SMMR,24.05,24.16,24.22,1389500.0,,1789000.0,,0,0,0,0,0,0,0,0,0,0,0,0,0,0,0,0,0,0,0,0,0,0,0,0,0,0,0,0,0,0,0,0,74,2026-02-07 11:07:05.785143
ATMN,25.91,25.53,25.66,2124100.0,20785.0,1226800.0,5215.0,0,0,0,0,0,0,0,0,0,0,0,0,0,0,0,0,0,0,0,0,0,0,0,0,0,0,0,0,0,0,0,0,74,2026-02-07 11:07:05.785143
WNTR,26.14,26.09,26.13,1671200.0,,1696500.0,10000.0,0,0,0,0,0,0,0,0,0,0,0,0,0,0,0,0,0,0,0,0,0,0,0,0,0,0,0,0,0,0,0,0,74,2026-02-07 11:07:05.785143
SPNG,24.81,25.03,25.32,2122900.0,100.0,2238600.0,,0,0,0,0,0,0,0,0,0,0,0,0,0,0,0,0,0,0,0,0,0,0,0,0,0,0,0,0,0,0,0,0,75,2026-02-07 11:07:06.987742
SMMR,24.2,24.17,24.19,1389500.0,4749.0,1989800.0,2374.0,0,0,0,0,0,0,0,0,0,0,0,0,0,0,0,0,0,0,0,0,0,0,0,0,0,0,0,0,0,0,0,0,75,2026-02-07 11:07:06.987742
ATMN,25.53,25.57,25.69,2332900.0,1303.0,1425100.0,,0,0,0,0,0,0,0,0,0,0,0,0,0,0,0,0,0,0,0,0,0,0,0,0,0,0,0,0,0,0,0,0,75,2026-02-07 11:07:06.987742
WNTR,26.17,26.11,26.17,1796700.0,9715.0,1665800.0,,0,0,0,0,0,0,0,0,0,0,0,0,0,0,0,0,0,0,0,0,0,0,0,0,0,0,0,0,0,0,0,0,75,2026-02-07 11:07:06.987742
SPNG,24.8,24.8,25.29,1899100.0,100.0,2164000.0,,0,0,0,0,0,0,0,0,0,0,0,0,0,0,0,0,0,0,0,0,0,0,0,0,0,0,0,0,0,0,0,0,76,2026-02-07 11:07:07.664868
SMMR,24.16,24.16,24.19,1484700.0,2374.0,1989800.0,,0,0,0,0,0,0,0,0,0,0,0,0,0,0,0,0,0,0,0,0,0,0,0,0,0,0,0,0,0,0,0,0,76,2026-02-07 11:07:07.664868
ATMN,25.53,25.57,25.69,2332900.0,,1669200.0,1303.0,0,0,0,0,0,0,0,0,0,0,0,0,0,0,0,0,0,0,0,0,0,0,0,0,0,0,0,0,0,0,0,0,76,2026-02-07 11:07:07.664868
WNTR,26.18,26.11,26.18,1796700.0,,1685500.0,9715.0,0,0,0,0,0,0,0,0,0,0,0,0,0,0,0,0,0,0,0,0,0,0,0,0,0,0,0,0,0,0,0,0,76,2026-02-07 11:07:07.664868
SPNG,24.8,25.24,25.28,2011700.0,100.0,2355.0,2023900.0,0,0,0,0,0,0,0,0,0,0,0,0,0,0,0,0,0,0,0,0,0,0,0,0,0,0,0,0,0,0,0,0,77,2026-02-07 11:07:08.701911
SMMR,24.09,24.09,24.13,1580500.0,,9462.0,1890000.0,0,0,0,0,0,0,0,0,0,0,0,0,0,0,0,0,0,0,0,0,0,0,0,0,0,0,0,0,0,0,0,0,77,2026-02-07 11:07:08.701911
ATMN,25.37,25.47,25.69,2334000.0,,,1777700.0,0,0,0,0,0,0,0,0,0,0,0,0,0,0,0,0,0,0,0,0,0,0,0,0,0,0,0,0,0,0,0,0,77,2026-02-07 11:07:08.701911
WNTR,26.07,26.16,26.17,1925700.0,,6285.0,1685500.0,0,0,0,0,0,0,0,0,0,0,0,0,0,0,0,0,0,0,0,0,0,0,0,0,0,0,0,0,0,0,0,0,77,2026-02-07 11:07:08.701911
SPNG,25.12,24.87,25.12,100.0,1899100.0,2063600.0,2355.0,0,0,0,0,0,0,0,0,0,0,0,0,0,0,0,0,0,0,0,0,0,0,0,0,0,0,0,0,0,0,0,0,78,2026-02-07 11:07:09.739892
SMMR,24.03,23.91,24.0,,1476300.0,1866500.0,9462.0,0,0,0,0,0,0,0,0,0,0,0,0,0,0,0,0,0,0,0,0,0,0,0,0,0,0,0,0,0,0,0,0,78,2026-02-07 11:07:09.739892
ATMN,25.37,25.48,25.69,100.0,2334000.0,2051800.0,,0,0,0,0,0,0,0,0,0,0,0,0,0,0,0,0,0,0,0,0,0,0,0,0,0,0,0,0,0,0,0,0,78,2026-02-07 11:07:09.739892
WNTR,26.2,26.13,26.2,333.0,1824100.0,1803200.0,,0,0,0,0,0,0,0,0,0,0,0,0,0,0,0,0,0,0,0,0,0,0,0,0,0,0,0,0,0,0,0,0,78,2026-02-07 11:07:09.739892
SPNG,24.87,24.8,24.82,1899100.0,2275200.0,,,0,0,0,0,0,0,0,0,0,0,0,0,0,0,0,0,0,0,0,0,0,0,0,0,0,0,0,0,0,0,0,0,79,2026-02-07 11:07:10.772069
SMMR,24.13,23.95,24.13,1720400.0,1890000.0,9462.0,,0,0,0,0,0,0,0,0,0,0,0,0,0,0,0,0,0,0,0,0,0,0,0,0,0,0,0,0,0,0,0,0,79,2026-02-07 11:07:10.772069
ATMN,25.66,25.29,25.66,2459400.0,1955800.0,5651.0,,0,0,0,0,0,0,0,0,0,0,0,0,0,0,0,0,0,0,0,0,0,0,0,0,0,0,0,0,0,0,0,0,79,2026-02-07 11:07:10.772069
WNTR,26.24,26.13,26.24,1824100.0,1780800.0,,333.0,0,0,0,0,0,0,0,0,0,0,0,0,0,0,0,0,0,0,0,0,0,0,0,0,0,0,0,0,0,0,0,0,79,2026-02-07 11:07:10.772069
SPNG,24.82,25.09,25.35,2157900.0,2253400.0,,,0,0,0,0,0,0,0,0,0,0,0,0,0,0,0,0,0,0,0,0,0,0,0,0,0,0,0,0,0,0,0,0,80,2026-02-07 11:07:11.857440
SMMR,24.12,23.97,24.03,1845400.0,2117800.0,,,0,0,0,0,0,0,0,0,0,0,0,0,0,0,0,0,0,0,0,0,0,0,0,0,0,0,0,0,0,0,0,0,80,2026-02-07 11:07:11.857440
ATMN,25.69,25.29,25.69,2583200.0,2057900.0,,,0,0,0,0,0,0,0,0,0,0,0,0,0,0,0,0,0,0,0,0,0,0,0,0,0,0,0,0,0,0,0,0,80,2026-02-07 11:07:11.857440
WNTR,26.12,26.15,26.17,1934100.0,1875700.0,9448.0,9448.0,0,0,0,0,0,0,0,0,0,0,0,0,0,0,0,0,0,0,0,0,0,0,0,0,0,0,0,0,0,0,0,0,80,2026-02-07 11:07:11.857440
SPNG,25.09,24.8,24.9,2184800.0,2136300.0,100.0,,0,0,0,0,0,0,0,0,0,0,0,0,0,0,0,0,0,0,0,0,0,0,0,0,0,0,0,0,0,0,0,0,81,2026-02-07 11:07:12.948379
SMMR,24.03,24.07,24.09,2077700.0,1890000.0,18702.0,,0,0,0,0,0,0,0,0,0,0,0,0,0,0,0,0,0,0,0,0,0,0,0,0,0,0,0,0,0,0,0,0,81,2026-02-07 11:07:12.948379
ATMN,25.78,25.29,25.78,2583200.0,1921200.0,,,0,0,0,0,0,0,0,0,0,0,0,0,0,0,0,0,0,0,0,0,0,0,0,0,0,0,0,0,0,0,0,0,81,2026-02-07 11:07:12.948379
WNTR,26.06,25.91,26.01,1612700.0,1816100.0,18072.0,4120.0,0,0,0,0,0,0,0,0,0,0,0,0,0,0,0,0,0,0,0,0,0,0,0,0,0,0,0,0,0,0,0,0,81,2026-02-07 11:07:12.948379
SPNG,25.09,24.8,24.86,2392200.0,1456.0,9910.0,2021900.0,0,0,0,0,0,0,0,0,0,0,0,0,0,0,0,0,0,0,0,0,0,0,0,0,0,0,0,0,0,0,0,0,82,2026-02-07 11:07:14.013806
SMMR,24.13,24.18,24.19,1943000.0,9118.0,100.0,1989800.0,0,0,0,0,0,0,0,0,0,0,0,0,0,0,0,0,0,0,0,0,0,0,0,0,0,0,0,0,0,0,0,0,82,2026-02-07 11:07:14.013806
ATMN,25.22,25.22,25.83,2569200.0,,,1789500.0,0,0,0,0,0,0,0,0,0,0,0,0,0,0,0,0,0,0,0,0,0,0,0,0,0,0,0,0,0,0,0,0,82,2026-02-07 11:07:14.013806
WNTR,25.87,25.85,25.86,1784900.0,3899.0,22443.0,1750600.0,0,0,0,0,0,0,0,0,0,0,0,0,0,0,0,0,0,0,0,0,0,0,0,0,0,0,0,0,0,0,0,0,82,2026-02-07 11:07:14.013806
SPNG,25.39,25.06,25.39,2226600.0,1942.0,2215600.0,,0,0,0,0,0,0,0,0,0,0,0,0,0,0,0,0,0,0,0,0,0,0,0,0,0,0,0,0,0,0,0,0,83,2026-02-07 11:07:14.638731
SMMR,24.2,24.06,24.2,2038400.0,,2099400.0,,0,0,0,0,0,0,0,0,0,0,0,0,0,0,0,0,0,0,0,0,0,0,0,0,0,0,0,0,0,0,0,0,83,2026-02-07 11:07:14.638731
ATMN,25.84,25.22,25.84,2569200.0,,1660100.0,,0,0,0,0,0,0,0,0,0,0,0,0,0,0,0,0,0,0,0,0,0,0,0,0,0,0,0,0,0,0,0,0,83,2026-02-07 11:07:14.638731
WNTR,25.86,25.93,26.01,1986200.0,3899.0,1816100.0,18072.0,0,0,0,0,0,0,0,0,0,0,0,0,0,0,0,0,0,0,0,0,0,0,0,0,0,0,0,0,0,0,0,0,83,2026-02-07 11:07:14.638731
SPNG,25.22,25.22,25.37,2078900.0,2042.0,8427.0,2111400.0,0,0,0,0,0,0,0,0,0,0,0,0,0,0,0,0,0,0,0,0,0,0,0,0,0,0,0,0,0,0,0,0,84,2026-02-07 11:07:15.711878
SMMR,24.04,24.04,24.19,2055200.0,,,2110800.0,0,0,0,0,0,0,0,0,0,0,0,0,0,0,0,0,0,0,0,0,0,0,0,0,0,0,0,0,0,0,0,0,84,2026-02-07 11:07:15.711878
ATMN,25.21,25.21,25.91,2439600.0,,,1567500.0,0,0,0,0,0,0,0,0,0,0,0,0,0,0,0,0,0,0,0,0,0,0,0,0,0,0,0,0,0,0,0,0,84,2026-02-07 11:07:15.711878
WNTR,26.04,26.12,26.21,1834200.0,8270.0,9448.0,1866200.0,0,0,0,0,0,0,0,0,0,0,0,0,0,0,0,0,0,0,0,0,0,0,0,0,0,0,0,0,0,0,0,0,84,2026-02-07 11:07:15.711878
SPNG,25.06,25.06,25.36,2226600.0,1942.0,8527.0,2010800.0,0,0,0,0,0,0,0,0,0,0,0,0,0,0,0,0,0,0,0,0,0,0,0,0,0,0,0,0,0,0,0,0,85,2026-02-07 11:07:16.756936
SMMR,24.19,23.97,24.19,2032300.0,,,2110800.0,0,0,0,0,0,0,0,0,0,0,0,0,0,0,0,0,0,0,0,0,0,0,0,0,0,0,0,0,0,0,0,0,85,2026-02-07 11:07:16.756936
ATMN,25.21,25.62,25.84,2326000.0,7966.0,2105.0,1811500.0,0,0,0,0,0,0,0,0,0,0,0,0,0,0,0,0,0,0,0,0,0,0,0,0,0,0,0,0,0,0,0,0,85,2026-02-07 11:07:16.756936
WNTR,26.12,26.04,26.06,1847300.0,8270.0,9448.0,1925200.0,0,0,0,0,0,0,0,0,0,0,0,0,0,0,0,0,0,0,0,0,0,0,0,0,0,0,0,0,0,0,0,0,85,2026-02-07 11:07:16.756936
SPNG,24.73,24.73,25.29,2487800.0,2218700.0,,,0,0,0,0,0,0,0,0,0,0,0,0,0,0,0,0,0,0,0,0,0,0,0,0,0,0,0,0,0,0,0,0,86,2026-02-07 11:07:17.796751
SMMR,24.22,24.02,24.22,1815100.0,1978600.0,16561.0,,0,0,0,0,0,0,0,0,0,0,0,0,0,0,0,0,0,0,0,0,0,0,0,0,0,0,0,0,0,0,0,0,86,2026-02-07 11:07:17.796751
ATMN,25.67,25.62,25.67,2534800.0,1943400.0,,702.0,0,0,0,0,0,0,0,0,0,0,0,0,0,0,0,0,0,0,0,0,0,0,0,0,0,0,0,0,0,0,0,0,86,2026-02-07 11:07:17.796751
WNTR,26.12,26.04,26.06,1945800.0,2045400.0,5020.0,,0,0,0,0,0,0,0,0,0,0,0,0,0,0,0,0,0,0,0,0,0,0,0,0,0,0,0,0,0,0,0,0,86,2026-02-07 11:07:17.796751
SPNG,24.63,24.63,25.22,2476000.0,2500.0,2112700.0,,0,0,0,0,0,0,0,0,0,0,0,0,0,0,0,0,0,0,0,0,0,0,0,0,0,0,0,0,0,0,0,0,87,2026-02-07 11:07:18.851805
SMMR,24.28,23.97,24.28,2036800.0,,1769400.0,,0,0,0,0,0,0,0,0,0,0,0,0,0,0,0,0,0,0,0,0,0,0,0,0,0,0,0,0,0,0,0,0,87,2026-02-07 11:07:18.851805
ATMN,25.62,25.21,25.34,2510800.0,2907.0,1835000.0,,0,0,0,0,0,0,0,0,0,0,0,0,0,0,0,0,0,0,0,0,0,0,0,0,0,0,0,0,0,0,0,0,87,2026-02-07 11:07:18.851805
WNTR,26.12,26.04,26.06,1750800.0,5434.0,1945500.0,15846.0,0,0,0,0,0,0,0,0,0,0,0,0,0,0,0,0,0,0,0,0,0,0,0,0,0,0,0,0,0,0,0,0,87,2026-02-07 11:07:18.851805
SPNG,25.2,24.66,25.01,2431100.0,2153700.0,2500.0,,0,0,0,0,0,0,0,0,0,0,0,0,0,0,0,0,0,0,0,0,0,0,0,0,0,0,0,0,0,0,0,0,88,2026-02-07 11:07:19.947864
SMMR,24.28,24.18,24.22,1924100.0,1883600.0,8786.0,4393.0,0,0,0,0,0,0,0,0,0,0,0,0,0,0,0,0,0,0,0,0,0,0,0,0,0,0,0,0,0,0,0,0,88,2026-02-07 11:07:19.947864
ATMN,25.19,25.61,25.67,2435700.0,1848900.0,2907.0,,0,0,0,0,0,0,0,0,0,0,0,0,0,0,0,0,0,0,0,0,0,0,0,0,0,0,0,0,0,0,0,0,88,2026-02-07 11:07:19.947864
WNTR,25.99,26.01,26.05,1934200.0,1950800.0,6952.0,6952.0,0,0,0,0,0,0,0,0,0,0,0,0,0,0,0,0,0,0,0,0,0,0,0,0,0,0,0,0,0,0,0,0,88,2026-02-07 11:07:19.947864
SPNG,25.01,25.21,25.22,2297000.0,2500.0,2500.0,2112700.0,0,0,0,0,0,0,0,0,0,0,0,0,0,0,0,0,0,0,0,0,0,0,0,0,0,0,0,0,0,0,0,0,89,2026-02-07 11:07:21.014297
SMMR,24.29,24.2,24.29,1820800.0,8856.0,,1781000.0,0,0,0,0,0,0,0,0,0,0,0,0,0,0,0,0,0,0,0,0,0,0,0,0,0,0,0,0,0,0,0,0,89,2026-02-07 11:07:21.014297
ATMN,25.84,25.61,25.84,2278100.0,9858.0,702.0,1931400.0,0,0,0,0,0,0,0,0,0,0,0,0,0,0,0,0,0,0,0,0,0,0,0,0,0,0,0,0,0,0,0,0,89,2026-02-07 11:07:21.014297
WNTR,25.99,26.02,26.04,1848700.0,10154.0,7052.0,1840500.0,0,0,0,0,0,0,0,0,0,0,0,0,0,0,0,0,0,0,0,0,0,0,0,0,0,0,0,0,0,0,0,0,89,2026-02-07 11:07:21.014297
SPNG,25.21,24.66,24.76,2420100.0,2254600.0,,,0,0,0,0,0,0,0,0,0,0,0,0,0,0,0,0,0,0,0,0,0,0,0,0,0,0,0,0,0,0,0,0,90,2026-02-07 11:07:22.063660
SMMR,24.18,23.97,24.11,2038700.0,1872800.0,,,0,0,0,0,0,0,0,0,0,0,0,0,0,0,0,0,0,0,0,0,0,0,0,0,0,0,0,0,0,0,0,0,90,2026-02-07 11:07:22.063660
ATMN,25.61,25.46,25.53,2289500.0,1968000.0,100.0,7500.0,0,0,0,0,0,0,0,0,0,0,0,0,0,0,0,0,0,0,0,0,0,0,0,0,0,0,0,0,0,0,0,0,90,2026-02-07 11:07:22.063660
WNTR,25.99,25.99,26.04,2057400.0,1948800.0,,8794.0,0,0,0,0,0,0,0,0,0,0,0,0,0,0,0,0,0,0,0,0,0,0,0,0,0,0,0,0,0,0,0,0,90,2026-02-07 11:07:22.063660
SPNG,24.76,24.88,25.29,2262600.0,100.0,2215100.0,,0,0,0,0,0,0,0,0,0,0,0,0,0,0,0,0,0,0,0,0,0,0,0,0,0,0,0,0,0,0,0,0,91,2026-02-07 11:07:23.135270
SMMR,24.16,24.16,24.19,1968600.0,100.0,1892600.0,,0,0,0,0,0,0,0,0,0,0,0,0,0,0,0,0,0,0,0,0,0,0,0,0,0,0,0,0,0,0,0,0,91,2026-02-07 11:07:23.135270
ATMN,25.84,25.48,25.84,2087500.0,9267.0,2026200.0,,0,0,0,0,0,0,0,0,0,0,0,0,0,0,0,0,0,0,0,0,0,0,0,0,0,0,0,0,0,0,0,0,91,2026-02-07 11:07:23.135270
WNTR,25.98,26.01,26.05,1969000.0,6773.0,1948800.0,6773.0,0,0,0,0,0,0,0,0,0,0,0,0,0,0,0,0,0,0,0,0,0,0,0,0,0,0,0,0,0,0,0,0,91,2026-02-07 11:07:23.135270
SPNG,25.44,24.88,25.44,2202400.0,100.0,2184100.0,,0,0,0,0,0,0,0,0,0,0,0,0,0,0,0,0,0,0,0,0,0,0,0,0,0,0,0,0,0,0,0,0,92,2026-02-07 11:07:24.189837
SMMR,24.16,24.1,24.12,1965900.0,100.0,2004500.0,100.0,0,0,0,0,0,0,0,0,0,0,0,0,0,0,0,0,0,0,0,0,0,0,0,0,0,0,0,0,0,0,0,0,92,2026-02-07 11:07:24.189837
ATMN,25.47,25.51,25.55,2219400.0,10000.0,2087600.0,,0,0,0,0,0,0,0,0,0,0,0,0,0,0,0,0,0,0,0,0,0,0,0,0,0,0,0,0,0,0,0,0,92,2026-02-07 11:07:24.189837
WNTR,25.98,25.97,25.98,2067600.0,,1845700.0,12062.0,0,0,0,0,0,0,0,0,0,0,0,0,0,0,0,0,0,0,0,0,0,0,0,0,0,0,0,0,0,0,0,0,92,2026-02-07 11:07:24.189837
SPNG,25.44,24.88,25.25,2202400.0,100.0,2228200.0,,0,0,0,0,0,0,0,0,0,0,0,0,0,0,0,0,0,0,0,0,0,0,0,0,0,0,0,0,0,0,0,0,93,2026-02-07 11:07:24.739961
SMMR,24.12,24.1,24.12,1965900.0,100.0,2005400.0,100.0,0,0,0,0,0,0,0,0,0,0,0,0,0,0,0,0,0,0,0,0,0,0,0,0,0,0,0,0,0,0,0,0,93,2026-02-07 11:07:24.739961
ATMN,25.46,25.46,25.55,2364800.0,,2087600.0,,0,0,0,0,0,0,0,0,0,0,0,0,0,0,0,0,0,0,0,0,0,0,0,0,0,0,0,0,0,0,0,0,93,2026-02-07 11:07:24.739961
WNTR,25.97,25.97,25.98,2082800.0,,1845700.0,12062.0,0,0,0,0,0,0,0,0,0,0,0,0,0,0,0,0,0,0,0,0,0,0,0,0,0,0,0,0,0,0,0,0,93,2026-02-07 11:07:24.739961
SPNG,25.25,25.23,25.25,2215900.0,100.0,2228200.0,,0,0,0,0,0,0,0,0,0,0,0,0,0,0,0,0,0,0,0,0,0,0,0,0,0,0,0,0,0,0,0,0,94,2026-02-07 11:07:25.775330
SMMR,24.19,24.1,24.15,1965900.0,100.0,2068900.0,,0,0,0,0,0,0,0,0,0,0,0,0,0,0,0,0,0,0,0,0,0,0,0,0,0,0,0,0,0,0,0,0,94,2026-02-07 11:07:25.775330
ATMN,25.55,25.44,25.55,2423900.0,,2111300.0,,0,0,0,0,0,0,0,0,0,0,0,0,0,0,0,0,0,0,0,0,0,0,0,0,0,0,0,0,0,0,0,0,94,2026-02-07 11:07:25.775330
WNTR,25.97,25.93,25.95,2089300.0,,1746500.0,13825.0,0,0,0,0,0,0,0,0,0,0,0,0,0,0,0,0,0,0,0,0,0,0,0,0,0,0,0,0,0,0,0,0,94,2026-02-07 11:07:25.775330
SPNG,24.91,24.91,25.49,2211300.0,100.0,2195000.0,,0,0,0,0,0,0,0,0,0,0,0,0,0,0,0,0,0,0,0,0,0,0,0,0,0,0,0,0,0,0,0,0,95,2026-02-07 11:07:26.827898
SMMR,24.15,24.1,24.15,2002100.0,100.0,2074800.0,,0,0,0,0,0,0,0,0,0,0,0,0,0,0,0,0,0,0,0,0,0,0,0,0,0,0,0,0,0,0,0,0,95,2026-02-07 11:07:26.827898
ATMN,25.29,25.33,25.51,2373200.0,,2007400.0,10000.0,0,0,0,0,0,0,0,0,0,0,0,0,0,0,0,0,0,0,0,0,0,0,0,0,0,0,0,0,0,0,0,0,95,2026-02-07 11:07:26.827898
WNTR,25.99,25.93,25.99,2089300.0,,1960800.0,6773.0,0,0,0,0,0,0,0,0,0,0,0,0,0,0,0,0,0,0,0,0,0,0,0,0,0,0,0,0,0,0,0,0,95,2026-02-07 11:07:26.827898
SPNG,25.46,25.46,25.49,2225000.0,6629.0,2195000.0,,0,0,0,0,0,0,0,0,0,0,0,0,0,0,0,0,0,0,0,0,0,0,0,0,0,0,0,0,0,0,0,0,96,2026-02-07 11:07:27.913837
SMMR,24.1,24.1,24.14,2089600.0,,1990000.0,8170.0,0,0,0,0,0,0,0,0,0,0,0,0,0,0,0,0,0,0,0,0,0,0,0,0,0,0,0,0,0,0,0,0,96,2026-02-07 11:07:27.913837
ATMN,25.63,25.63,25.84,2309600.0,,2070100.0,,0,0,0,0,0,0,0,0,0,0,0,0,0,0,0,0,0,0,0,0,0,0,0,0,0,0,0,0,0,0,0,0,96,2026-02-07 11:07:27.913837
WNTR,25.89,25.89,25.99,2080500.0,,2063100.0,,0,0,0,0,0,0,0,0,0,0,0,0,0,0,0,0,0,0,0,0,0,0,0,0,0,0,0,0,0,0,0,0,96,2026-02-07 11:07:27.913837
SPNG,25.49,24.96,25.49,6629.0,2211300.0,2124200.0,8529.0,0,0,0,0,0,0,0,0,0,0,0,0,0,0,0,0,0,0,0,0,0,0,0,0,0,0,0,0,0,0,0,0,97,2026-02-07 11:07:29.020880
SMMR,24.1,24.11,24.14,6226.0,1992900.0,1996500.0,8170.0,0,0,0,0,0,0,0,0,0,0,0,0,0,0,0,0,0,0,0,0,0,0,0,0,0,0,0,0,0,0,0,0,97,2026-02-07 11:07:29.020880
ATMN,25.29,25.5,25.83,853.0,2274300.0,2094300.0,,0,0,0,0,0,0,0,0,0,0,0,0,0,0,0,0,0,0,0,0,0,0,0,0,0,0,0,0,0,0,0,0,97,2026-02-07 11:07:29.020880
WNTR,25.89,25.87,25.88,100.0,1977900.0,2067100.0,,0,0,0,0,0,0,0,0,0,0,0,0,0,0,0,0,0,0,0,0,0,0,0,0,0,0,0,0,0,0,0,0,97,2026-02-07 11:07:29.020880
SPNG,25.5,24.98,25.27,6729.0,2111500.0,2234600.0,,0,0,0,0,0,0,0,0,0,0,0,0,0,0,0,0,0,0,0,0,0,0,0,0,0,0,0,0,0,0,0,0,98,2026-02-07 11:07:30.066813
SMMR,24.06,24.06,24.11,,2154700.0,1882500.0,16856.0,0,0,0,0,0,0,0,0,0,0,0,0,0,0,0,0,0,0,0,0,0,0,0,0,0,0,0,0,0,0,0,0,98,2026-02-07 11:07:30.066813
ATMN,25.52,25.52,25.76,1920.0,2318500.0,1989000.0,10000.0,0,0,0,0,0,0,0,0,0,0,0,0,0,0,0,0,0,0,0,0,0,0,0,0,0,0,0,0,0,0,0,0,98,2026-02-07 11:07:30.066813
WNTR,26.18,25.92,26.15,8194.0,1857700.0,1939900.0,8094.0,0,0,0,0,0,0,0,0,0,0,0,0,0,0,0,0,0,0,0,0,0,0,0,0,0,0,0,0,0,0,0,0,98,2026-02-07 11:07:30.066813
SPNG,25.27,25.3,25.51,2085600.0,6729.0,2233000.0,,0,0,0,0,0,0,0,0,0,0,0,0,0,0,0,0,0,0,0,0,0,0,0,0,0,0,0,0,0,0,0,0,99,2026-02-07 11:07:31.110565
SMMR,24.08,24.08,24.11,2154300.0,,1902400.0,16856.0,0,0,0,0,0,0,0,0,0,0,0,0,0,0,0,0,0,0,0,0,0,0,0,0,0,0,0,0,0,0,0,0,99,2026-02-07 11:07:31.110565
ATMN,25.32,25.49,25.75,2149500.0,5352.0,1901000.0,10100.0,0,0,0,0,0,0,0,0,0,0,0,0,0,0,0,0,0,0,0,0,0,0,0,0,0,0,0,0,0,0,0,0,99,2026-02-07 11:07:31.110565
WNTR,26.18,25.95,26.12,1745700.0,10871.0,1833600.0,8194.0,0,0,0,0,0,0,0,0,0,0,0,0,0,0,0,0,0,0,0,0,0,0,0,0,0,0,0,0,0,0,0,0,99,2026-02-07 11:07:31.110565
SPNG,25.56,24.88,25.56,2337500.0,2228700.0,,0,0,0,0,0,0,0,0,0,0,0,0,0,0,0,0,0,0,0,0,0,0,0,0,0,0,0,0,0,0,0,0,0,100,2026-02-07 11:07:32.142906
SMMR,24.15,24.09,24.15,2026000.0,2144700.0,7736.0,0,0,0,0,0,0,0,0,0,0,0,0,0,0,0,0,0,0,0,0,0,0,0,0,0,0,0,0,0,0,0,0,0,100,2026-02-07 11:07:32.142906
ATMN,25.45,25.18,25.45,2341000.0,2121000.0,3432.0,0,0,0,0,0,0,0,0,0,0,0,0,0,0,0,0,0,0,0,0,0,0,0,0,0,0,0,0,0,0,0,0,0,100,2026-02-07 11:07:32.142906
WNTR,26.12,25.87,26.04,2089900.0,2027900.0,,0,0,0,0,0,0,0,0,0,0,0,0,0,0,0,0,0,0,0,0,0,0,0,0,0,0,0,0,0,0,0,0,0,100,2026-02-07 11:07:32.142906
SPNG,25.59,25.59,25.61,2198200.0,5538.0,2226700.0,,0,0,0,0,0,0,0,0,0,0,0,0,0,0,0,0,0,0,0,0,0,0,0,0,0,0,0,0,0,0,0,0,101,2026-02-07 11:07:33.181459
SMMR,24.2,24.14,24.18,1939100.0,16715.0,2062600.0,1308.0,0,0,0,0,0,0,0,0,0,0,0,0,0,0,0,0,0,0,0,0,0,0,0,0,0,0,0,0,0,0,0,0,101,2026-02-07 11:07:33.181459
ATMN,25.05,25.17,25.76,2422200.0,5700.0,2010800.0,7472.0,0,0,0,0,0,0,0,0,0,0,0,0,0,0,0,0,0,0,0,0,0,0,0,0,0,0,0,0,0,0,0,0,101,2026-02-07 11:07:33.181459
WNTR,25.87,26.1,26.16,1993300.0,8602.0,1939900.0,8602.0,0,0,0,0,0,0,0,0,0,0,0,0,0,0,0,0,0,0,0,0,0,0,0,0,0,0,0,0,0,0,0,0,101,2026-02-07 11:07:33.181459
SPNG,25.64,24.99,25.52,2198800.0,100.0,100.0,2135700.0,0,0,0,0,0,0,0,0,0,0,0,0,0,0,0,0,0,0,0,0,0,0,0,0,0,0,0,0,0,0,0,0,102,2026-02-07 11:07:34.234432
SMMR,24.2,24.15,24.16,1874100.0,20703.0,1308.0,2034900.0,0,0,0,0,0,0,0,0,0,0,0,0,0,0,0,0,0,0,0,0,0,0,0,0,0,0,0,0,0,0,0,0,102,2026-02-07 11:07:34.234432
ATMN,25.05,25.27,25.57,2331300.0,5700.0,13008.0,1910400.0,0,0,0,0,0,0,0,0,0,0,0,0,0,0,0,0,0,0,0,0,0,0,0,0,0,0,0,0,0,0,0,0,102,2026-02-07 11:07:34.234432
WNTR,25.91,25.87,25.88,1974800.0,728.0,17522.0,1842000.0,0,0,0,0,0,0,0,0,0,0,0,0,0,0,0,0,0,0,0,0,0,0,0,0,0,0,0,0,0,0,0,0,102,2026-02-07 11:07:34.234432
SPNG,25.64,24.99,25.09,2198800.0,100.0,2161500.0,100.0,0,0,0,0,0,0,0,0,0,0,0,0,0,0,0,0,0,0,0,0,0,0,0,0,0,0,0,0,0,0,0,0,103,2026-02-07 11:07:34.811094
SMMR,24.18,24.15,24.18,1874100.0,20703.0,2054500.0,1308.0,0,0,0,0,0,0,0,0,0,0,0,0,0,0,0,0,0,0,0,0,0,0,0,0,0,0,0,0,0,0,0,0,103,2026-02-07 11:07:34.811094
ATMN,25.59,25.27,25.59,2300600.0,5700.0,1995300.0,7472.0,0,0,0,0,0,0,0,0,0,0,0,0,0,0,0,0,0,0,0,0,0,0,0,0,0,0,0,0,0,0,0,0,103,2026-02-07 11:07:34.811094
WNTR,25.91,25.99,26.16,1967100.0,728.0,1939900.0,8602.0,0,0,0,0,0,0,0,0,0,0,0,0,0,0,0,0,0,0,0,0,0,0,0,0,0,0,0,0,0,0,0,0,103,2026-02-07 11:07:34.811094
SPNG,25.64,25.0,25.08,200.0,2034400.0,200.0,2071800.0,0,0,0,0,0,0,0,0,0,0,0,0,0,0,0,0,0,0,0,0,0,0,0,0,0,0,0,0,0,0,0,0,104,2026-02-07 11:07:35.862189
SMMR,24.11,24.17,24.18,7736.0,2053100.0,1308.0,2041700.0,0,0,0,0,0,0,0,0,0,0,0,0,0,0,0,0,0,0,0,0,0,0,0,0,0,0,0,0,0,0,0,0,104,2026-02-07 11:07:35.862189
ATMN,25.54,25.5,25.54,7084.0,2161200.0,7572.0,1895500.0,0,0,0,0,0,0,0,0,0,0,0,0,0,0,0,0,0,0,0,0,0,0,0,0,0,0,0,0,0,0,0,0,104,2026-02-07 11:07:35.862189
WNTR,26.08,26.03,26.08,9648.0,1855100.0,8702.0,1824900.0,0,0,0,0,0,0,0,0,0,0,0,0,0,0,0,0,0,0,0,0,0,0,0,0,0,0,0,0,0,0,0,0,104,2026-02-07 11:07:35.862189
SPNG,24.88,24.88,25.32,2301200.0,2263500.0,,0,0,0,0,0,0,0,0,0,0,0,0,0,0,0,0,0,0,0,0,0,0,0,0,0,0,0,0,0,0,0,0,0,105,2026-02-07 11:07:36.928337
SMMR,24.17,24.11,24.16,2182300.0,2074400.0,7997.0,0,0,0,0,0,0,0,0,0,0,0,0,0,0,0,0,0,0,0,0,0,0,0,0,0,0,0,0,0,0,0,0,0,105,2026-02-07 11:07:36.928337
ATMN,25.27,25.27,25.5,2427200.0,2144500.0,,0,0,0,0,0,0,0,0,0,0,0,0,0,0,0,0,0,0,0,0,0,0,0,0,0,0,0,0,0,0,0,0,0,105,2026-02-07 11:07:36.928337
WNTR,25.99,25.87,25.95,2079000.0,1938000.0,2146.0,0,0,0,0,0,0,0,0,0,0,0,0,0,0,0,0,0,0,0,0,0,0,0,0,0,0,0,0,0,0,0,0,0,105,2026-02-07 11:07:36.928337
SPNG,24.85,24.85,25.44,2296000.0,2288600.0,,,0,0,0,0,0,0,0,0,0,0,0,0,0,0,0,0,0,0,0,0,0,0,0,0,0,0,0,0,0,0,0,0,106,2026-02-07 11:07:38.078251
SMMR,24.12,24.11,24.12,2096000.0,1977200.0,7736.0,15887.0,0,0,0,0,0,0,0,0,0,0,0,0,0,0,0,0,0,0,0,0,0,0,0,0,0,0,0,0,0,0,0,0,106,2026-02-07 11:07:38.078251
ATMN,25.26,25.26,25.68,2462500.0,2147500.0,,,0,0,0,0,0,0,0,0,0,0,0,0,0,0,0,0,0,0,0,0,0,0,0,0,0,0,0,0,0,0,0,0,106,2026-02-07 11:07:38.078251
WNTR,26.03,25.89,26.01,1963200.0,1937100.0,2874.0,8118.0,0,0,0,0,0,0,0,0,0,0,0,0,0,0,0,0,0,0,0,0,0,0,0,0,0,0,0,0,0,0,0,0,106,2026-02-07 11:07:38.078251
SPNG,25.13,24.91,24.99,100.0,2195400.0,2321300.0,,0,0,0,0,0,0,0,0,0,0,0,0,0,0,0,0,0,0,0,0,0,0,0,0,0,0,0,0,0,0,0,0,107,2026-02-07 11:07:39.139327
SMMR,24.11,24.13,24.15,10318.0,1974700.0,2075100.0,2083.0,0,0,0,0,0,0,0,0,0,0,0,0,0,0,0,0,0,0,0,0,0,0,0,0,0,0,0,0,0,0,0,0,107,2026-02-07 11:07:39.139327
ATMN,25.12,25.12,25.22,1817.0,2294700.0,1896500.0,8132.0,0,0,0,0,0,0,0,0,0,0,0,0,0,0,0,0,0,0,0,0,0,0,0,0,0,0,0,0,0,0,0,0,107,2026-02-07 11:07:39.139327
WNTR,25.87,25.98,25.99,,2073100.0,1831000.0,10753.0,0,0,0,0,0,0,0,0,0,0,0,0,0,0,0,0,0,0,0,0,0,0,0,0,0,0,0,0,0,0,0,0,107,2026-02-07 11:07:39.139327
SPNG,24.99,24.98,24.99,2192200.0,100.0,2321300.0,,0,0,0,0,0,0,0,0,0,0,0,0,0,0,0,0,0,0,0,0,0,0,0,0,0,0,0,0,0,0,0,0,108,2026-02-07 11:07:40.223642
SMMR,24.13,24.11,24.12,1984900.0,15652.0,2065100.0,2876.0,0,0,0,0,0,0,0,0,0,0,0,0,0,0,0,0,0,0,0,0,0,0,0,0,0,0,0,0,0,0,0,0,108,2026-02-07 11:07:40.223642
ATMN,25.22,25.18,25.19,2157100.0,5682.0,1782600.0,13299.0,0,0,0,0,0,0,0,0,0,0,0,0,0,0,0,0,0,0,0,0,0,0,0,0,0,0,0,0,0,0,0,0,108,2026-02-07 11:07:40.223642
WNTR,26.08,26.12,26.14,1960000.0,7848.0,1914800.0,7848.0,0,0,0,0,0,0,0,0,0,0,0,0,0,0,0,0,0,0,0,0,0,0,0,0,0,0,0,0,0,0,0,0,108,2026-02-07 11:07:40.223642
SPNG,25.68,24.98,25.68,1939700.0,3760.0,2280100.0,,0,0,0,0,0,0,0,0,0,0,0,0,0,0,0,0,0,0,0,0,0,0,0,0,0,0,0,0,0,0,0,0,109,2026-02-07 11:07:40.773015
SMMR,24.05,24.05,24.12,2153900.0,,2065100.0,2876.0,0,0,0,0,0,0,0,0,0,0,0,0,0,0,0,0,0,0,0,0,0,0,0,0,0,0,0,0,0,0,0,0,109,2026-02-07 11:07:40.773015
ATMN,25.23,25.38,25.57,2124900.0,5682.0,1922800.0,8132.0,0,0,0,0,0,0,0,0,0,0,0,0,0,0,0,0,0,0,0,0,0,0,0,0,0,0,0,0,0,0,0,0,109,2026-02-07 11:07:40.773015
WNTR,26.12,26.12,26.14,1960000.0,7848.0,1918200.0,7848.0,0,0,0,0,0,0,0,0,0,0,0,0,0,0,0,0,0,0,0,0,0,0,0,0,0,0,0,0,0,0,0,0,109,2026-02-07 11:07:40.773015
SPNG,24.85,25.13,25.63,2336900.0,100.0,2186500.0,,0,0,0,0,0,0,0,0,0,0,0,0,0,0,0,0,0,0,0,0,0,0,0,0,0,0,0,0,0,0,0,0,110,2026-02-07 11:07:41.831749
SMMR,24.12,24.17,24.19,2078500.0,,2160300.0,5604.0,0,0,0,0,0,0,0,0,0,0,0,0,0,0,0,0,0,0,0,0,0,0,0,0,0,0,0,0,0,0,0,0,110,2026-02-07 11:07:41.831749
ATMN,25.23,25.18,25.19,2157100.0,8132.0,1911200.0,5682.0,0,0,0,0,0,0,0,0,0,0,0,0,0,0,0,0,0,0,0,0,0,0,0,0,0,0,0,0,0,0,0,0,110,2026-02-07 11:07:41.831749
WNTR,26.12,26.12,26.13,1846300.0,13397.0,1791300.0,9300.0,0,0,0,0,0,0,0,0,0,0,0,0,0,0,0,0,0,0,0,0,0,0,0,0,0,0,0,0,0,0,0,0,110,2026-02-07 11:07:41.831749
SPNG,25.61,24.76,25.61,2342600.0,2179500.0,100.0,,0,0,0,0,0,0,0,0,0,0,0,0,0,0,0,0,0,0,0,0,0,0,0,0,0,0,0,0,0,0,0,0,111,2026-02-07 11:07:42.882874
SMMR,24.19,24.18,24.19,1969200.0,2149500.0,,17654.0,0,0,0,0,0,0,0,0,0,0,0,0,0,0,0,0,0,0,0,0,0,0,0,0,0,0,0,0,0,0,0,0,111,2026-02-07 11:07:42.882874
ATMN,25.19,25.36,25.68,2113100.0,2131900.0,,2861.0,0,0,0,0,0,0,0,0,0,0,0,0,0,0,0,0,0,0,0,0,0,0,0,0,0,0,0,0,0,0,0,0,111,2026-02-07 11:07:42.882874
WNTR,26.02,26.11,26.13,2050500.0,1906000.0,462.0,,0,0,0,0,0,0,0,0,0,0,0,0,0,0,0,0,0,0,0,0,0,0,0,0,0,0,0,0,0,0,0,0,111,2026-02-07 11:07:42.882874
SPNG,25.21,25.34,25.44,2264400.0,100.0,1858.0,2093000.0,0,0,0,0,0,0,0,0,0,0,0,0,0,0,0,0,0,0,0,0,0,0,0,0,0,0,0,0,0,0,0,0,112,2026-02-07 11:07:43.961405
SMMR,24.17,24.18,24.2,1969200.0,17150.0,,2081800.0,0,0,0,0,0,0,0,0,0,0,0,0,0,0,0,0,0,0,0,0,0,0,0,0,0,0,0,0,0,0,0,0,112,2026-02-07 11:07:43.961405
ATMN,25.68,25.38,25.68,1977600.0,9216.0,,2131900.0,0,0,0,0,0,0,0,0,0,0,0,0,0,0,0,0,0,0,0,0,0,0,0,0,0,0,0,0,0,0,0,0,112,2026-02-07 11:07:43.961405
WNTR,26.12,26.11,26.12,2050500.0,,9330.0,1811800.0,0,0,0,0,0,0,0,0,0,0,0,0,0,0,0,0,0,0,0,0,0,0,0,0,0,0,0,0,0,0,0,0,112,2026-02-07 11:07:43.961405
SPNG,25.34,24.85,24.88,100.0,2235100.0,1851000.0,2105.0,0,0,0,0,0,0,0,0,0,0,0,0,0,0,0,0,0,0,0,0,0,0,0,0,0,0,0,0,0,0,0,0,113,2026-02-07 11:07:45.106332
SMMR,24.17,24.18,24.19,17150.0,2004200.0,1875500.0,8850.0,0,0,0,0,0,0,0,0,0,0,0,0,0,0,0,0,0,0,0,0,0,0,0,0,0,0,0,0,0,0,0,0,113,2026-02-07 11:07:45.106332
ATMN,25.75,25.48,25.75,11511.0,1688400.0,2146800.0,,0,0,0,0,0,0,0,0,0,0,0,0,0,0,0,0,0,0,0,0,0,0,0,0,0,0,0,0,0,0,0,0,113,2026-02-07 11:07:45.106332
WNTR,25.95,25.95,25.96,,2052600.0,1617200.0,16464.0,0,0,0,0,0,0,0,0,0,0,0,0,0,0,0,0,0,0,0,0,0,0,0,0,0,0,0,0,0,0,0,0,113,2026-02-07 11:07:45.106332
SPNG,25.54,25.11,25.54,2338200.0,2195400.0,100.0,,0,0,0,0,0,0,0,0,0,0,0,0,0,0,0,0,0,0,0,0,0,0,0,0,0,0,0,0,0,0,0,0,114,2026-02-07 11:07:46.202590
SMMR,24.11,24.18,24.19,2171500.0,1868000.0,8850.0,,0,0,0,0,0,0,0,0,0,0,0,0,0,0,0,0,0,0,0,0,0,0,0,0,0,0,0,0,0,0,0,0,114,2026-02-07 11:07:46.202590
ATMN,25.36,25.36,25.74,2073500.0,2021100.0,1619.0,2861.0,0,0,0,0,0,0,0,0,0,0,0,0,0,0,0,0,0,0,0,0,0,0,0,0,0,0,0,0,0,0,0,0,114,2026-02-07 11:07:46.202590
WNTR,25.86,25.9,25.96,2065500.0,1617200.0,16464.0,,0,0,0,0,0,0,0,0,0,0,0,0,0,0,0,0,0,0,0,0,0,0,0,0,0,0,0,0,0,0,0,0,114,2026-02-07 11:07:46.202590
SPNG,25.63,25.56,25.63,323.0,2238400.0,2291900.0,0,0,0,0,0,0,0,0,0,0,0,0,0,0,0,0,0,0,0,0,0,0,0,0,0,0,0,0,0,0,0,0,0,115,2026-02-07 11:07:47.246061
SMMR,24.21,24.21,24.22,,2164500.0,2111700.0,0,0,0,0,0,0,0,0,0,0,0,0,0,0,0,0,0,0,0,0,0,0,0,0,0,0,0,0,0,0,0,0,0,115,2026-02-07 11:07:47.246061
ATMN,25.44,25.36,25.44,,2312400.0,2133000.0,0,0,0,0,0,0,0,0,0,0,0,0,0,0,0,0,0,0,0,0,0,0,0,0,0,0,0,0,0,0,0,0,0,115,2026-02-07 11:07:47.246061
WNTR,25.9,25.9,25.99,,2054700.0,2005800.0,0,0,0,0,0,0,0,0,0,0,0,0,0,0,0,0,0,0,0,0,0,0,0,0,0,0,0,0,0,0,0,0,0,115,2026-02-07 11:07:47.246061
SPNG,25.11,24.76,25.11,2335700.0,2304200.0,0,0,0,0,0,0,0,0,0,0,0,0,0,0,0,0,0,0,0,0,0,0,0,0,0,0,0,0,0,0,0,0,0,0,116,2026-02-07 11:07:47.812087
SMMR,24.18,24.18,24.22,2171500.0,2111700.0,0,0,0,0,0,0,0,0,0,0,0,0,0,0,0,0,0,0,0,0,0,0,0,0,0,0,0,0,0,0,0,0,0,0,116,2026-02-07 11:07:47.812087
ATMN,25.44,25.57,25.75,2268000.0,2146800.0,0,0,0,0,0,0,0,0,0,0,0,0,0,0,0,0,0,0,0,0,0,0,0,0,0,0,0,0,0,0,0,0,0,0,116,2026-02-07 11:07:47.812087
WNTR,25.99,25.9,25.99,2054700.0,2005800.0,0,0,0,0,0,0,0,0,0,0,0,0,0,0,0,0,0,0,0,0,0,0,0,0,0,0,0,0,0,0,0,0,0,0,116,2026-02-07 11:07:47.812087
SPNG,25.63,24.9,25.41,129.0,2235100.0,2336000.0,0,0,0,0,0,0,0,0,0,0,0,0,0,0,0,0,0,0,0,0,0,0,0,0,0,0,0,0,0,0,0,0,0,117,2026-02-07 11:07:48.885206
SMMR,24.22,24.13,24.22,,2200300.0,2106500.0,0,0,0,0,0,0,0,0,0,0,0,0,0,0,0,0,0,0,0,0,0,0,0,0,0,0,0,0,0,0,0,0,0,117,2026-02-07 11:07:48.885206
ATMN,25.31,25.29,25.31,,2314000.0,2125100.0,0,0,0,0,0,0,0,0,0,0,0,0,0,0,0,0,0,0,0,0,0,0,0,0,0,0,0,0,0,0,0,0,0,117,2026-02-07 11:07:48.885206
WNTR,25.99,26.03,26.12,,2029000.0,1997600.0,0,0,0,0,0,0,0,0,0,0,0,0,0,0,0,0,0,0,0,0,0,0,0,0,0,0,0,0,0,0,0,0,0,117,2026-02-07 11:07:48.885206
SPNG,25.41,25.37,25.41,2380000.0,2346300.0,,0,0,0,0,0,0,0,0,0,0,0,0,0,0,0,0,0,0,0,0,0,0,0,0,0,0,0,0,0,0,0,0,0,118,2026-02-07 11:07:49.929884
SMMR,24.22,24.21,24.22,2243300.0,2106500.0,,0,0,0,0,0,0,0,0,0,0,0,0,0,0,0,0,0,0,0,0,0,0,0,0,0,0,0,0,0,0,0,0,0,118,2026-02-07 11:07:49.929884
ATMN,25.29,25.29,25.76,2314000.0,2153600.0,,0,0,0,0,0,0,0,0,0,0,0,0,0,0,0,0,0,0,0,0,0,0,0,0,0,0,0,0,0,0,0,0,0,118,2026-02-07 11:07:49.929884
WNTR,25.96,25.96,25.99,2050100.0,1908000.0,764.0,0,0,0,0,0,0,0,0,0,0,0,0,0,0,0,0,0,0,0,0,0,0,0,0,0,0,0,0,0,0,0,0,0,118,2026-02-07 11:07:49.929884
SPNG,25.37,25.37,25.41,2356900.0,2365100.0,0,0,0,0,0,0,0,0,0,0,0,0,0,0,0,0,0,0,0,0,0,0,0,0,0,0,0,0,0,0,0,0,0,0,119,2026-02-07 11:07:50.991413
SMMR,24.22,24.21,24.22,2249200.0,2084900.0,0,0,0,0,0,0,0,0,0,0,0,0,0,0,0,0,0,0,0,0,0,0,0,0,0,0,0,0,0,0,0,0,0,0,119,2026-02-07 11:07:50.991413
ATMN,25.76,25.76,25.78,2263000.0,2132200.0,0,0,0,0,0,0,0,0,0,0,0,0,0,0,0,0,0,0,0,0,0,0,0,0,0,0,0,0,0,0,0,0,0,0,119,2026-02-07 11:07:50.991413
WNTR,26.14,25.9,26.14,2054700.0,1981400.0,0,0,0,0,0,0,0,0,0,0,0,0,0,0,0,0,0,0,0,0,0,0,0,0,0,0,0,0,0,0,0,0,0,0,119,2026-02-07 11:07:50.991413
SPNG,24.75,25.05,0.0,200000.0,,0,0,0,0,0,0,0,0,0,0,0,0,0,0,0,0,0,0,0,0,0,0,0,0,0,0,0,0,0,0,0,0,0,0,120,2026-02-07 11:07:52.180946
SMMR,24.84,24.84,25.11,732000.0,599200.0,0,0,0,0,0,0,0,0,0,0,0,0,0,0,0,0,0,0,0,0,0,0,0,0,0,0,0,0,0,0,0,0,0,0,120,2026-02-07 11:07:52.180946
ATMN,25.78,24.74,24.88,936400.0,808200.0,0,0,0,0,0,0,0,0,0,0,0,0,0,0,0,0,0,0,0,0,0,0,0,0,0,0,0,0,0,0,0,0,0,0,120,2026-02-07 11:07:52.180946
WNTR,26.14,24.93,25.23,875500.0,828700.0,0,0,0,0,0,0,0,0,0,0,0,0,0,0,0,0,0,0,0,0,0,0,0,0,0,0,0,0,0,0,0,0,0,0,120,2026-02-07 11:07:52.180946
SPNG,25.81,25.81,26.01,1083500.0,1096100.0,0,0,0,0,0,0,0,0,0,0,0,0,0,0,0,0,0,0,0,0,0,0,0,0,0,0,0,0,0,0,0,0,0,0,121,2026-02-07 11:07:53.232733
SMMR,24.84,24.77,24.83,825600.0,1068700.0,0,0,0,0,0,0,0,0,0,0,0,0,0,0,0,0,0,0,0,0,0,0,0,0,0,0,0,0,0,0,0,0,0,0,121,2026-02-07 11:07:53.232733
ATMN,24.74,24.74,24.78,936600.0,1004900.0,0,0,0,0,0,0,0,0,0,0,0,0,0,0,0,0,0,0,0,0,0,0,0,0,0,0,0,0,0,0,0,0,0,0,121,2026-02-07 11:07:53.232733
WNTR,26.14,24.93,25.05,875500.0,1226500.0,0,0,0,0,0,0,0,0,0,0,0,0,0,0,0,0,0,0,0,0,0,0,0,0,0,0,0,0,0,0,0,0,0,0,121,2026-02-07 11:07:53.232733
SPNG,25.05,25.05,25.85,1137200.0,1447700.0,0,0,0,0,0,0,0,0,0,0,0,0,0,0,0,0,0,0,0,0,0,0,0,0,0,0,0,0,0,0,0,0,0,0,122,2026-02-07 11:07:54.286484
SMMR,24.94,24.88,24.94,1039200.0,949300.0,0,0,0,0,0,0,0,0,0,0,0,0,0,0,0,0,0,0,0,0,0,0,0,0,0,0,0,0,0,0,0,0,0,0,122,2026-02-07 11:07:54.286484
ATMN,24.56,24.56,24.88,967000.0,1154300.0,0,0,0,0,0,0,0,0,0,0,0,0,0,0,0,0,0,0,0,0,0,0,0,0,0,0,0,0,0,0,0,0,0,0,122,2026-02-07 11:07:54.286484
WNTR,24.93,24.93,25.07,875500.0,1248800.0,0,0,0,0,0,0,0,0,0,0,0,0,0,0,0,0,0,0,0,0,0,0,0,0,0,0,0,0,0,0,0,0,0,0,122,2026-02-07 11:07:54.286484
SPNG,25.05,25.05,25.07,1137200.0,1956100.0,0,0,0,0,0,0,0,0,0,0,0,0,0,0,0,0,0,0,0,0,0,0,0,0,0,0,0,0,0,0,0,0,0,0,123,2026-02-07 11:07:55.337458
SMMR,24.95,24.88,24.95,1246500.0,919400.0,0,0,0,0,0,0,0,0,0,0,0,0,0,0,0,0,0,0,0,0,0,0,0,0,0,0,0,0,0,0,0,0,0,0,123,2026-02-07 11:07:55.337458
ATMN,24.41,24.41,24.65,978800.0,1385000.0,0,0,0,0,0,0,0,0,0,0,0,0,0,0,0,0,0,0,0,0,0,0,0,0,0,0,0,0,0,0,0,0,0,0,123,2026-02-07 11:07:55.337458
WNTR,25.07,24.93,24.97,875500.0,1447200.0,0,0,0,0,0,0,0,0,0,0,0,0,0,0,0,0,0,0,0,0,0,0,0,0,0,0,0,0,0,0,0,0,0,0,123,2026-02-07 11:07:55.337458
SPNG,25.17,25.05,25.17,1238900.0,1823500.0,0,0,0,0,0,0,0,0,0,0,0,0,0,0,0,0,0,0,0,0,0,0,0,0,0,0,0,0,0,0,0,0,0,0,124,2026-02-07 11:07:55.899753
SMMR,24.88,24.88,24.95,1246500.0,1017200.0,0,0,0,0,0,0,0,0,0,0,0,0,0,0,0,0,0,0,0,0,0,0,0,0,0,0,0,0,0,0,0,0,0,0,124,2026-02-07 11:07:55.899753
ATMN,24.41,24.41,24.65,1279600.0,1503400.0,0,0,0,0,0,0,0,0,0,0,0,0,0,0,0,0,0,0,0,0,0,0,0,0,0,0,0,0,0,0,0,0,0,0,124,2026-02-07 11:07:55.899753
WNTR,24.86,24.86,24.97,864100.0,1570100.0,0,0,0,0,0,0,0,0,0,0,0,0,0,0,0,0,0,0,0,0,0,0,0,0,0,0,0,0,0,0,0,0,0,0,124,2026-02-07 11:07:55.899753
SPNG,25.33,25.34,25.47,1254200.0,1683100.0,0,0,0,0,0,0,0,0,0,0,0,0,0,0,0,0,0,0,0,0,0,0,0,0,0,0,0,0,0,0,0,0,0,0,125,2026-02-07 11:07:56.935163
SMMR,24.84,24.84,24.95,1151700.0,1017200.0,0,0,0,0,0,0,0,0,0,0,0,0,0,0,0,0,0,0,0,0,0,0,0,0,0,0,0,0,0,0,0,0,0,0,125,2026-02-07 11:07:56.935163
ATMN,24.65,24.41,24.65,1602100.0,1503400.0,0,0,0,0,0,0,0,0,0,0,0,0,0,0,0,0,0,0,0,0,0,0,0,0,0,0,0,0,0,0,0,0,0,0,125,2026-02-07 11:07:56.935163
WNTR,24.86,24.86,24.97,864100.0,1909600.0,0,0,0,0,0,0,0,0,0,0,0,0,0,0,0,0,0,0,0,0,0,0,0,0,0,0,0,0,0,0,0,0,0,0,125,2026-02-07 11:07:56.935163
SPNG,25.34,25.06,25.19,1266600.0,1914800.0,0,0,0,0,0,0,0,0,0,0,0,0,0,0,0,0,0,0,0,0,0,0,0,0,0,0,0,0,0,0,0,0,0,0,126,2026-02-07 11:07:57.975648
SMMR,24.84,24.85,24.94,1239700.0,1204800.0,0,0,0,0,0,0,0,0,0,0,0,0,0,0,0,0,0,0,0,0,0,0,0,0,0,0,0,0,0,0,0,0,0,0,126,2026-02-07 11:07:57.975648
ATMN,24.41,24.11,24.12,1498400.0,1477000.0,0,0,0,0,0,0,0,0,0,0,0,0,0,0,0,0,0,0,0,0,0,0,0,0,0,0,0,0,0,0,0,0,0,0,126,2026-02-07 11:07:57.975648
WNTR,24.97,24.78,24.97,1023300.0,1909600.0,0,0,0,0,0,0,0,0,0,0,0,0,0,0,0,0,0,0,0,0,0,0,0,0,0,0,0,0,0,0,0,0,0,0,126,2026-02-07 11:07:57.975648
SPNG,25.06,25.06,25.37,1266600.0,2013900.0,,0,0,0,0,0,0,0,0,0,0,0,0,0,0,0,0,0,0,0,0,0,0,0,0,0,0,0,0,0,0,0,0,0,127,2026-02-07 11:07:59.014373
SMMR,24.85,24.85,24.94,1473600.0,1204800.0,,0,0,0,0,0,0,0,0,0,0,0,0,0,0,0,0,0,0,0,0,0,0,0,0,0,0,0,0,0,0,0,0,0,127,2026-02-07 11:07:59.014373
ATMN,24.43,24.23,24.43,1619600.0,1613000.0,9289.0,0,0,0,0,0,0,0,0,0,0,0,0,0,0,0,0,0,0,0,0,0,0,0,0,0,0,0,0,0,0,0,0,0,127,2026-02-07 11:07:59.014373
WNTR,24.97,24.83,24.97,1131100.0,1913800.0,,0,0,0,0,0,0,0,0,0,0,0,0,0,0,0,0,0,0,0,0,0,0,0,0,0,0,0,0,0,0,0,0,0,127,2026-02-07 11:07:59.014373
SPNG,25.08,24.84,24.97,1268300.0,2118000.0,8765.0,,0,0,0,0,0,0,0,0,0,0,0,0,0,0,0,0,0,0,0,0,0,0,0,0,0,0,0,0,0,0,0,0,128,2026-02-07 11:08:00.088424
SMMR,24.95,24.85,24.95,1585100.0,1116300.0,,,0,0,0,0,0,0,0,0,0,0,0,0,0,0,0,0,0,0,0,0,0,0,0,0,0,0,0,0,0,0,0,0,128,2026-02-07 11:08:00.088424
ATMN,24.44,24.69,24.82,1745100.0,1700800.0,,14907.0,0,0,0,0,0,0,0,0,0,0,0,0,0,0,0,0,0,0,0,0,0,0,0,0,0,0,0,0,0,0,0,0,128,2026-02-07 11:08:00.088424
WNTR,24.97,25.02,25.07,1230300.0,1806300.0,,,0,0,0,0,0,0,0,0,0,0,0,0,0,0,0,0,0,0,0,0,0,0,0,0,0,0,0,0,0,0,0,0,128,2026-02-07 11:08:00.088424
SPNG,25.01,25.01,25.34,1403000.0,4279.0,8765.0,2102900.0,0,0,0,0,0,0,0,0,0,0,0,0,0,0,0,0,0,0,0,0,0,0,0,0,0,0,0,0,0,0,0,0,129,2026-02-07 11:08:01.179177
SMMR,24.82,24.82,24.98,1275600.0,,,1100700.0,0,0,0,0,0,0,0,0,0,0,0,0,0,0,0,0,0,0,0,0,0,0,0,0,0,0,0,0,0,0,0,0,129,2026-02-07 11:08:01.179177
ATMN,24.82,24.27,24.56,1619600.0,14907.0,,1947800.0,0,0,0,0,0,0,0,0,0,0,0,0,0,0,0,0,0,0,0,0,0,0,0,0,0,0,0,0,0,0,0,0,129,2026-02-07 11:08:01.179177
WNTR,24.97,25.02,25.07,1230300.0,,,2131000.0,0,0,0,0,0,0,0,0,0,0,0,0,0,0,0,0,0,0,0,0,0,0,0,0,0,0,0,0,0,0,0,0,129,2026-02-07 11:08:01.179177
SPNG,25.01,24.84,25.0,1268300.0,2219900.0,0,0,0,0,0,0,0,0,0,0,0,0,0,0,0,0,0,0,0,0,0,0,0,0,0,0,0,0,0,0,0,0,0,0,130,2026-02-07 11:08:02.232255
SMMR,25.01,24.82,24.87,1275600.0,1184500.0,0,0,0,0,0,0,0,0,0,0,0,0,0,0,0,0,0,0,0,0,0,0,0,0,0,0,0,0,0,0,0,0,0,0,130,2026-02-07 11:08:02.232255
ATMN,24.56,24.6,24.82,1746800.0,2004800.0,0,0,0,0,0,0,0,0,0,0,0,0,0,0,0,0,0,0,0,0,0,0,0,0,0,0,0,0,0,0,0,0,0,0,130,2026-02-07 11:08:02.232255
WNTR,24.97,25.02,25.06,1230300.0,2203000.0,0,0,0,0,0,0,0,0,0,0,0,0,0,0,0,0,0,0,0,0,0,0,0,0,0,0,0,0,0,0,0,0,0,0,130,2026-02-07 11:08:02.232255
SPNG,24.85,25.12,25.34,12215.0,1413600.0,2196500.0,,0,0,0,0,0,0,0,0,0,0,0,0,0,0,0,0,0,0,0,0,0,0,0,0,0,0,0,0,0,0,0,0,131,2026-02-07 11:08:03.284252
SMMR,25.02,24.82,25.02,,1509100.0,989100.0,,0,0,0,0,0,0,0,0,0,0,0,0,0,0,0,0,0,0,0,0,0,0,0,0,0,0,0,0,0,0,0,0,131,2026-02-07 11:08:03.284252
ATMN,24.86,24.66,24.85,,1737200.0,2008100.0,100.0,0,0,0,0,0,0,0,0,0,0,0,0,0,0,0,0,0,0,0,0,0,0,0,0,0,0,0,0,0,0,0,0,131,2026-02-07 11:08:03.284252
WNTR,24.88,24.78,24.83,,1121600.0,2076700.0,7783.0,0,0,0,0,0,0,0,0,0,0,0,0,0,0,0,0,0,0,0,0,0,0,0,0,0,0,0,0,0,0,0,0,131,2026-02-07 11:08:03.284252
SPNG,25.0,24.93,25.0,1542900.0,2215.0,2127800.0,765.0,0,0,0,0,0,0,0,0,0,0,0,0,0,0,0,0,0,0,0,0,0,0,0,0,0,0,0,0,0,0,0,0,132,2026-02-07 11:08:04.332178
SMMR,24.91,24.91,24.97,1628700.0,,1074600.0,2295.0,0,0,0,0,0,0,0,0,0,0,0,0,0,0,0,0,0,0,0,0,0,0,0,0,0,0,0,0,0,0,0,0,132,2026-02-07 11:08:04.332178
ATMN,24.66,24.66,24.79,1737200.0,,1935900.0,1579.0,0,0,0,0,0,0,0,0,0,0,0,0,0,0,0,0,0,0,0,0,0,0,0,0,0,0,0,0,0,0,0,0,132,2026-02-07 11:08:04.332178
WNTR,24.83,24.78,24.83,1231900.0,,2076700.0,7783.0,0,0,0,0,0,0,0,0,0,0,0,0,0,0,0,0,0,0,0,0,0,0,0,0,0,0,0,0,0,0,0,0,132,2026-02-07 11:08:04.332178
SPNG,25.0,25.16,25.28,1640600.0,3645.0,2118300.0,765.0,0,0,0,0,0,0,0,0,0,0,0,0,0,0,0,0,0,0,0,0,0,0,0,0,0,0,0,0,0,0,0,0,133,2026-02-07 11:08:05.389660
SMMR,24.78,24.78,24.87,1387400.0,,1163000.0,2295.0,0,0,0,0,0,0,0,0,0,0,0,0,0,0,0,0,0,0,0,0,0,0,0,0,0,0,0,0,0,0,0,0,133,2026-02-07 11:08:05.389660
ATMN,24.62,24.7,24.79,1716100.0,100.0,1989300.0,1579.0,0,0,0,0,0,0,0,0,0,0,0,0,0,0,0,0,0,0,0,0,0,0,0,0,0,0,0,0,0,0,0,0,133,2026-02-07 11:08:05.389660
WNTR,24.83,24.8,24.82,1336100.0,7803.0,1960100.0,16000.0,0,0,0,0,0,0,0,0,0,0,0,0,0,0,0,0,0,0,0,0,0,0,0,0,0,0,0,0,0,0,0,0,133,2026-02-07 11:08:05.389660
SPNG,25.0,25.16,25.18,1640600.0,3645.0,2146800.0,765.0,0,0,0,0,0,0,0,0,0,0,0,0,0,0,0,0,0,0,0,0,0,0,0,0,0,0,0,0,0,0,0,0,134,2026-02-07 11:08:05.944425
SMMR,24.97,24.97,24.99,1492200.0,,1074600.0,,0,0,0,0,0,0,0,0,0,0,0,0,0,0,0,0,0,0,0,0,0,0,0,0,0,0,0,0,0,0,0,0,134,2026-02-07 11:08:05.944425
ATMN,24.7,24.27,24.5,1842500.0,100.0,1986200.0,1579.0,0,0,0,0,0,0,0,0,0,0,0,0,0,0,0,0,0,0,0,0,0,0,0,0,0,0,0,0,0,0,0,0,134,2026-02-07 11:08:05.944425
WNTR,24.83,24.8,24.82,1441300.0,7803.0,1960100.0,16000.0,0,0,0,0,0,0,0,0,0,0,0,0,0,0,0,0,0,0,0,0,0,0,0,0,0,0,0,0,0,0,0,0,134,2026-02-07 11:08:05.944425
SPNG,24.84,24.84,25.18,1413600.0,2151500.0,765.0,,0,0,0,0,0,0,0,0,0,0,0,0,0,0,0,0,0,0,0,0,0,0,0,0,0,0,0,0,0,0,0,0,135,2026-02-07 11:08:06.987912
SMMR,24.97,24.97,24.99,1402000.0,1157700.0,,,0,0,0,0,0,0,0,0,0,0,0,0,0,0,0,0,0,0,0,0,0,0,0,0,0,0,0,0,0,0,0,0,135,2026-02-07 11:08:06.987912
ATMN,24.27,24.27,24.79,1842500.0,1973100.0,1579.0,100.0,0,0,0,0,0,0,0,0,0,0,0,0,0,0,0,0,0,0,0,0,0,0,0,0,0,0,0,0,0,0,0,0,135,2026-02-07 11:08:06.987912
WNTR,24.78,24.78,24.82,1323100.0,1974300.0,16000.0,,0,0,0,0,0,0,0,0,0,0,0,0,0,0,0,0,0,0,0,0,0,0,0,0,0,0,0,0,0,0,0,0,135,2026-02-07 11:08:06.987912
SPNG,25.28,24.84,25.28,1413600.0,2238400.0,0,0,0,0,0,0,0,0,0,0,0,0,0,0,0,0,0,0,0,0,0,0,0,0,0,0,0,0,0,0,0,0,0,0,136,2026-02-07 11:08:08.050322
SMMR,24.97,24.78,24.85,1290100.0,1443500.0,0,0,0,0,0,0,0,0,0,0,0,0,0,0,0,0,0,0,0,0,0,0,0,0,0,0,0,0,0,0,0,0,0,0,136,2026-02-07 11:08:08.050322
ATMN,24.08,24.08,24.71,1486500.0,2214800.0,0,0,0,0,0,0,0,0,0,0,0,0,0,0,0,0,0,0,0,0,0,0,0,0,0,0,0,0,0,0,0,0,0,0,136,2026-02-07 11:08:08.050322
WNTR,24.8,24.81,24.83,1410200.0,2175500.0,0,0,0,0,0,0,0,0,0,0,0,0,0,0,0,0,0,0,0,0,0,0,0,0,0,0,0,0,0,0,0,0,0,0,136,2026-02-07 11:08:08.050322
SPNG,24.59,24.59,25.18,1311900.0,2214100.0,,0,0,0,0,0,0,0,0,0,0,0,0,0,0,0,0,0,0,0,0,0,0,0,0,0,0,0,0,0,0,0,0,0,137,2026-02-07 11:08:09.211786
SMMR,25.02,24.8,25.02,1401800.0,1370900.0,7591.0,0,0,0,0,0,0,0,0,0,0,0,0,0,0,0,0,0,0,0,0,0,0,0,0,0,0,0,0,0,0,0,0,0,137,2026-02-07 11:08:09.211786
ATMN,24.08,24.12,24.71,1486500.0,2189900.0,1764.0,0,0,0,0,0,0,0,0,0,0,0,0,0,0,0,0,0,0,0,0,0,0,0,0,0,0,0,0,0,0,0,0,0,137,2026-02-07 11:08:09.211786
WNTR,24.84,24.65,24.84,1225800.0,2178600.0,,0,0,0,0,0,0,0,0,0,0,0,0,0,0,0,0,0,0,0,0,0,0,0,0,0,0,0,0,0,0,0,0,0,137,2026-02-07 11:08:09.211786
SPNG,25.33,24.87,24.95,100.0,1459300.0,2243100.0,0,0,0,0,0,0,0,0,0,0,0,0,0,0,0,0,0,0,0,0,0,0,0,0,0,0,0,0,0,0,0,0,0,138,2026-02-07 11:08:10.292083
SMMR,24.85,24.8,24.85,7591.0,1511000.0,1489000.0,0,0,0,0,0,0,0,0,0,0,0,0,0,0,0,0,0,0,0,0,0,0,0,0,0,0,0,0,0,0,0,0,0,138,2026-02-07 11:08:10.292083
ATMN,24.42,24.12,24.42,1764.0,1486500.0,2226400.0,0,0,0,0,0,0,0,0,0,0,0,0,0,0,0,0,0,0,0,0,0,0,0,0,0,0,0,0,0,0,0,0,0,138,2026-02-07 11:08:10.292083
WNTR,24.6,24.63,24.75,10000.0,1260300.0,2181700.0,0,0,0,0,0,0,0,0,0,0,0,0,0,0,0,0,0,0,0,0,0,0,0,0,0,0,0,0,0,0,0,0,0,138,2026-02-07 11:08:10.292083
SPNG,24.95,24.88,24.95,200.0,1694100.0,2124900.0,9860.0,0,0,0,0,0,0,0,0,0,0,0,0,0,0,0,0,0,0,0,0,0,0,0,0,0,0,0,0,0,0,0,0,139,2026-02-07 11:08:11.340877
SMMR,25.11,24.95,25.11,7591.0,1627100.0,1281800.0,,0,0,0,0,0,0,0,0,0,0,0,0,0,0,0,0,0,0,0,0,0,0,0,0,0,0,0,0,0,0,0,0,139,2026-02-07 11:08:11.340877
ATMN,24.71,24.77,24.8,100.0,1611300.0,2214800.0,,0,0,0,0,0,0,0,0,0,0,0,0,0,0,0,0,0,0,0,0,0,0,0,0,0,0,0,0,0,0,0,0,139,2026-02-07 11:08:11.340877
WNTR,24.86,24.59,24.86,,1151800.0,2198300.0,,0,0,0,0,0,0,0,0,0,0,0,0,0,0,0,0,0,0,0,0,0,0,0,0,0,0,0,0,0,0,0,0,139,2026-02-07 11:08:11.340877
SPNG,25.02,25.12,25.33,1833700.0,2235800.0,,0,0,0,0,0,0,0,0,0,0,0,0,0,0,0,0,0,0,0,0,0,0,0,0,0,0,0,0,0,0,0,0,0,140,2026-02-07 11:08:12.385037
SMMR,24.95,24.95,25.11,1627100.0,1375000.0,,0,0,0,0,0,0,0,0,0,0,0,0,0,0,0,0,0,0,0,0,0,0,0,0,0,0,0,0,0,0,0,0,0,140,2026-02-07 11:08:12.385037
ATMN,24.4,24.43,24.58,1626100.0,2252400.0,,0,0,0,0,0,0,0,0,0,0,0,0,0,0,0,0,0,0,0,0,0,0,0,0,0,0,0,0,0,0,0,0,0,140,2026-02-07 11:08:12.385037
WNTR,24.88,24.61,24.88,1281200.0,2191800.0,10000.0,0,0,0,0,0,0,0,0,0,0,0,0,0,0,0,0,0,0,0,0,0,0,0,0,0,0,0,0,0,0,0,0,0,140,2026-02-07 11:08:12.385037
SPNG,24.59,25.28,25.33,1944900.0,2231100.0,,,0,0,0,0,0,0,0,0,0,0,0,0,0,0,0,0,0,0,0,0,0,0,0,0,0,0,0,0,0,0,0,0,141,2026-02-07 11:08:13.435444
SMMR,24.95,24.82,24.91,1511000.0,1699700.0,4497.0,,0,0,0,0,0,0,0,0,0,0,0,0,0,0,0,0,0,0,0,0,0,0,0,0,0,0,0,0,0,0,0,0,141,2026-02-07 11:08:13.435444
ATMN,23.92,24.29,24.43,1603200.0,2040500.0,2801.0,19590.0,0,0,0,0,0,0,0,0,0,0,0,0,0,0,0,0,0,0,0,0,0,0,0,0,0,0,0,0,0,0,0,0,141,2026-02-07 11:08:13.435444
WNTR,24.58,24.58,24.84,1176000.0,2079800.0,,10000.0,0,0,0,0,0,0,0,0,0,0,0,0,0,0,0,0,0,0,0,0,0,0,0,0,0,0,0,0,0,0,0,0,141,2026-02-07 11:08:13.435444
SPNG,25.28,24.59,25.17,1813200.0,2124700.0,9617.0,,0,0,0,0,0,0,0,0,0,0,0,0,0,0,0,0,0,0,0,0,0,0,0,0,0,0,0,0,0,0,0,0,142,2026-02-07 11:08:14.004416
SMMR,24.95,24.82,24.91,1688500.0,1790100.0,,4497.0,0,0,0,0,0,0,0,0,0,0,0,0,0,0,0,0,0,0,0,0,0,0,0,0,0,0,0,0,0,0,0,0,142,2026-02-07 11:08:14.004416
ATMN,23.92,24.29,24.31,1711100.0,2140100.0,9974.0,2801.0,0,0,0,0,0,0,0,0,0,0,0,0,0,0,0,0,0,0,0,0,0,0,0,0,0,0,0,0,0,0,0,0,142,2026-02-07 11:08:14.004416
WNTR,24.79,24.8,24.84,1293300.0,2079800.0,10000.0,,0,0,0,0,0,0,0,0,0,0,0,0,0,0,0,0,0,0,0,0,0,0,0,0,0,0,0,0,0,0,0,0,142,2026-02-07 11:08:14.004416
SPNG,25.33,24.86,25.33,2018600.0,100.0,2133200.0,9617.0,0,0,0,0,0,0,0,0,0,0,0,0,0,0,0,0,0,0,0,0,0,0,0,0,0,0,0,0,0,0,0,0,143,2026-02-07 11:08:15.105602
SMMR,24.95,24.83,24.87,1862800.0,4597.0,1894300.0,100.0,0,0,0,0,0,0,0,0,0,0,0,0,0,0,0,0,0,0,0,0,0,0,0,0,0,0,0,0,0,0,0,0,143,2026-02-07 11:08:15.105602
ATMN,24.45,24.45,24.47,1843000.0,2901.0,2144200.0,9974.0,0,0,0,0,0,0,0,0,0,0,0,0,0,0,0,0,0,0,0,0,0,0,0,0,0,0,0,0,0,0,0,0,143,2026-02-07 11:08:15.105602
WNTR,24.8,24.8,24.81,1293300.0,,2122600.0,10000.0,0,0,0,0,0,0,0,0,0,0,0,0,0,0,0,0,0,0,0,0,0,0,0,0,0,0,0,0,0,0,0,0,143,2026-02-07 11:08:15.105602
SPNG,25.34,25.26,25.34,2407900.0,200.0,2219700.0,,0,0,0,0,0,0,0,0,0,0,0,0,0,0,0,0,0,0,0,0,0,0,0,0,0,0,0,0,0,0,0,0,144,2026-02-07 11:08:16.188909
SMMR,24.91,24.8,24.91,1966800.0,,1790100.0,,0,0,0,0,0,0,0,0,0,0,0,0,0,0,0,0,0,0,0,0,0,0,0,0,0,0,0,0,0,0,0,0,144,2026-02-07 11:08:16.188909
ATMN,24.29,23.96,24.13,1705400.0,2801.0,2181400.0,9974.0,0,0,0,0,0,0,0,0,0,0,0,0,0,0,0,0,0,0,0,0,0,0,0,0,0,0,0,0,0,0,0,0,144,2026-02-07 11:08:16.188909
WNTR,24.58,24.58,24.68,1046800.0,,2026600.0,11500.0,0,0,0,0,0,0,0,0,0,0,0,0,0,0,0,0,0,0,0,0,0,0,0,0,0,0,0,0,0,0,0,0,144,2026-02-07 11:08:16.188909
SPNG,25.34,25.26,25.34,2407900.0,2254900.0,,,0,0,0,0,0,0,0,0,0,0,0,0,0,0,0,0,0,0,0,0,0,0,0,0,0,0,0,0,0,0,0,0,145,2026-02-07 11:08:17.295539
SMMR,25.0,25.0,25.11,1862200.0,1684700.0,6773.0,6693.0,0,0,0,0,0,0,0,0,0,0,0,0,0,0,0,0,0,0,0,0,0,0,0,0,0,0,0,0,0,0,0,0,145,2026-02-07 11:08:17.295539
ATMN,24.21,23.92,24.02,1827500.0,2187800.0,,821.0,0,0,0,0,0,0,0,0,0,0,0,0,0,0,0,0,0,0,0,0,0,0,0,0,0,0,0,0,0,0,0,0,145,2026-02-07 11:08:17.295539
WNTR,24.58,24.58,24.68,1503900.0,2126900.0,,100.0,0,0,0,0,0,0,0,0,0,0,0,0,0,0,0,0,0,0,0,0,0,0,0,0,0,0,0,0,0,0,0,0,145,2026-02-07 11:08:17.295539
SPNG,25.34,25.33,25.34,100.0,2506600.0,2243500.0,,0,0,0,0,0,0,0,0,0,0,0,0,0,0,0,0,0,0,0,0,0,0,0,0,0,0,0,0,0,0,0,0,146,2026-02-07 11:08:18.399497
SMMR,25.01,25.01,25.09,,1864800.0,1875400.0,6693.0,0,0,0,0,0,0,0,0,0,0,0,0,0,0,0,0,0,0,0,0,0,0,0,0,0,0,0,0,0,0,0,0,146,2026-02-07 11:08:18.399497
ATMN,24.22,24.13,24.21,2598.0,2102700.0,2063700.0,6063.0,0,0,0,0,0,0,0,0,0,0,0,0,0,0,0,0,0,0,0,0,0,0,0,0,0,0,0,0,0,0,0,0,146,2026-02-07 11:08:18.399497
WNTR,24.54,24.54,24.55,,1491700.0,2048600.0,6666.0,0,0,0,0,0,0,0,0,0,0,0,0,0,0,0,0,0,0,0,0,0,0,0,0,0,0,0,0,0,0,0,0,146,2026-02-07 11:08:18.399497
SPNG,25.36,25.33,25.36,100.0,2506600.0,2175100.0,100.0,0,0,0,0,0,0,0,0,0,0,0,0,0,0,0,0,0,0,0,0,0,0,0,0,0,0,0,0,0,0,0,0,147,2026-02-07 11:08:19.447816
SMMR,24.93,24.98,25.09,6770.0,1956500.0,1875400.0,6693.0,0,0,0,0,0,0,0,0,0,0,0,0,0,0,0,0,0,0,0,0,0,0,0,0,0,0,0,0,0,0,0,0,147,2026-02-07 11:08:19.447816
ATMN,24.43,24.43,24.47,9152.0,2149900.0,2272600.0,,0,0,0,0,0,0,0,0,0,0,0,0,0,0,0,0,0,0,0,0,0,0,0,0,0,0,0,0,0,0,0,0,147,2026-02-07 11:08:19.447816
WNTR,24.7,24.63,24.67,6666.0,1687500.0,2119500.0,8987.0,0,0,0,0,0,0,0,0,0,0,0,0,0,0,0,0,0,0,0,0,0,0,0,0,0,0,0,0,0,0,0,0,147,2026-02-07 11:08:19.447816
SPNG,25.36,25.33,25.36,100.0,2506600.0,2175100.0,100.0,0,0,0,0,0,0,0,0,0,0,0,0,0,0,0,0,0,0,0,0,0,0,0,0,0,0,0,0,0,0,0,0,148,2026-02-07 11:08:20.013475
SMMR,24.77,24.84,25.09,,1844000.0,1875400.0,6693.0,0,0,0,0,0,0,0,0,0,0,0,0,0,0,0,0,0,0,0,0,0,0,0,0,0,0,0,0,0,0,0,0,148,2026-02-07 11:08:20.013475
ATMN,24.17,24.17,24.47,2598.0,2371400.0,2272600.0,,0,0,0,0,0,0,0,0,0,0,0,0,0,0,0,0,0,0,0,0,0,0,0,0,0,0,0,0,0,0,0,0,148,2026-02-07 11:08:20.013475
WNTR,24.62,24.54,24.57,,1709100.0,2127400.0,8987.0,0,0,0,0,0,0,0,0,0,0,0,0,0,0,0,0,0,0,0,0,0,0,0,0,0,0,0,0,0,0,0,0,148,2026-02-07 11:08:20.013475
SPNG,25.36,25.36,25.37,4670.0,2344400.0,2101900.0,200.0,0,0,0,0,0,0,0,0,0,0,0,0,0,0,0,0,0,0,0,0,0,0,0,0,0,0,0,0,0,0,0,0,149,2026-02-07 11:08:21.081584
SMMR,24.86,24.77,24.79,,1751500.0,1823100.0,15408.0,0,0,0,0,0,0,0,0,0,0,0,0,0,0,0,0,0,0,0,0,0,0,0,0,0,0,0,0,0,0,0,0,149,2026-02-07 11:08:21.081584
ATMN,24.1,24.19,24.36,7239.0,2111300.0,2151900.0,1809.0,0,0,0,0,0,0,0,0,0,0,0,0,0,0,0,0,0,0,0,0,0,0,0,0,0,0,0,0,0,0,0,0,149,2026-02-07 11:08:21.081584
WNTR,24.57,24.62,24.67,,1954000.0,2119500.0,8987.0,0,0,0,0,0,0,0,0,0,0,0,0,0,0,0,0,0,0,0,0,0,0,0,0,0,0,0,0,0,0,0,0,149,2026-02-07 11:08:21.081584
SPNG,25.16,25.16,25.37,2371500.0,2091200.0,200.0,,0,0,0,0,0,0,0,0,0,0,0,0,0,0,0,0,0,0,0,0,0,0,0,0,0,0,0,0,0,0,0,0,150,2026-02-07 11:08:22.134164
SMMR,24.79,25.02,25.06,2077900.0,1802300.0,15408.0,,0,0,0,0,0,0,0,0,0,0,0,0,0,0,0,0,0,0,0,0,0,0,0,0,0,0,0,0,0,0,0,0,150,2026-02-07 11:08:22.134164
ATMN,24.1,24.2,24.34,2206100.0,2038400.0,1909.0,7339.0,0,0,0,0,0,0,0,0,0,0,0,0,0,0,0,0,0,0,0,0,0,0,0,0,0,0,0,0,0,0,0,0,150,2026-02-07 11:08:22.134164
WNTR,24.6,24.6,24.66,1845600.0,2046300.0,12749.0,,0,0,0,0,0,0,0,0,0,0,0,0,0,0,0,0,0,0,0,0,0,0,0,0,0,0,0,0,0,0,0,0,150,2026-02-07 11:08:22.134164
SPNG,24.86,24.78,24.86,2309700.0,2199500.0,100.0,0,0,0,0,0,0,0,0,0,0,0,0,0,0,0,0,0,0,0,0,0,0,0,0,0,0,0,0,0,0,0,0,0,151,2026-02-07 11:08:23.178426
SMMR,25.06,24.77,25.06,1974800.0,1977200.0,,0,0,0,0,0,0,0,0,0,0,0,0,0,0,0,0,0,0,0,0,0,0,0,0,0,0,0,0,0,0,0,0,0,151,2026-02-07 11:08:23.178426
ATMN,24.19,24.19,24.21,2385800.0,2150700.0,100.0,0,0,0,0,0,0,0,0,0,0,0,0,0,0,0,0,0,0,0,0,0,0,0,0,0,0,0,0,0,0,0,0,0,151,2026-02-07 11:08:23.178426
WNTR,24.6,24.54,24.59,1726700.0,2220200.0,,0,0,0,0,0,0,0,0,0,0,0,0,0,0,0,0,0,0,0,0,0,0,0,0,0,0,0,0,0,0,0,0,0,151,2026-02-07 11:08:23.178426
SPNG,24.86,24.79,24.86,8915.0,2545000.0,2199500.0,100.0,0,0,0,0,0,0,0,0,0,0,0,0,0,0,0,0,0,0,0,0,0,0,0,0,0,0,0,0,0,0,0,0,152,2026-02-07 11:08:24.253591
SMMR,25.06,24.96,25.02,1051.0,1951300.0,1893200.0,9114.0,0,0,0,0,0,0,0,0,0,0,0,0,0,0,0,0,0,0,0,0,0,0,0,0,0,0,0,0,0,0,0,0,152,2026-02-07 11:08:24.253591
ATMN,24.21,24.29,24.33,15186.0,2167500.0,2055800.0,200.0,0,0,0,0,0,0,0,0,0,0,0,0,0,0,0,0,0,0,0,0,0,0,0,0,0,0,0,0,0,0,0,0,152,2026-02-07 11:08:24.253591
WNTR,24.59,24.68,24.76,15352.0,1962200.0,2226100.0,,0,0,0,0,0,0,0,0,0,0,0,0,0,0,0,0,0,0,0,0,0,0,0,0,0,0,0,0,0,0,0,0,152,2026-02-07 11:08:24.253591
SPNG,25.36,25.36,25.37,2117700.0,16506.0,2311700.0,,0,0,0,0,0,0,0,0,0,0,0,0,0,0,0,0,0,0,0,0,0,0,0,0,0,0,0,0,0,0,0,0,153,2026-02-07 11:08:25.376024
SMMR,24.96,24.96,24.98,1968100.0,1051.0,1784500.0,10790.0,0,0,0,0,0,0,0,0,0,0,0,0,0,0,0,0,0,0,0,0,0,0,0,0,0,0,0,0,0,0,0,0,153,2026-02-07 11:08:25.376024
ATMN,24.25,24.1,24.25,2353500.0,100.0,2099400.0,200.0,0,0,0,0,0,0,0,0,0,0,0,0,0,0,0,0,0,0,0,0,0,0,0,0,0,0,0,0,0,0,0,0,153,2026-02-07 11:08:25.376024
WNTR,24.53,24.58,24.74,1708200.0,100.0,2132900.0,8523.0,0,0,0,0,0,0,0,0,0,0,0,0,0,0,0,0,0,0,0,0,0,0,0,0,0,0,0,0,0,0,0,0,153,2026-02-07 11:08:25.376024
SPNG,24.86,24.95,25.37,22168.0,2138100.0,2315100.0,,0,0,0,0,0,0,0,0,0,0,0,0,0,0,0,0,0,0,0,0,0,0,0,0,0,0,0,0,0,0,0,0,154,2026-02-07 11:08:26.439190
SMMR,25.06,25.07,25.1,10891.0,1885600.0,1955400.0,,0,0,0,0,0,0,0,0,0,0,0,0,0,0,0,0,0,0,0,0,0,0,0,0,0,0,0,0,0,0,0,0,154,2026-02-07 11:08:26.439190
ATMN,24.01,24.01,24.23,,2232200.0,1977800.0,5442.0,0,0,0,0,0,0,0,0,0,0,0,0,0,0,0,0,0,0,0,0,0,0,0,0,0,0,0,0,0,0,0,0,154,2026-02-07 11:08:26.439190
WNTR,24.53,24.53,24.55,,1585500.0,2144300.0,8523.0,0,0,0,0,0,0,0,0,0,0,0,0,0,0,0,0,0,0,0,0,0,0,0,0,0,0,0,0,0,0,0,0,154,2026-02-07 11:08:26.439190
SPNG,24.89,24.86,24.89,2515800.0,2326300.0,,,0,0,0,0,0,0,0,0,0,0,0,0,0,0,0,0,0,0,0,0,0,0,0,0,0,0,0,0,0,0,0,0,155,2026-02-07 11:08:27.492363
SMMR,24.9,24.93,25.07,1987800.0,1871400.0,5395.0,8762.0,0,0,0,0,0,0,0,0,0,0,0,0,0,0,0,0,0,0,0,0,0,0,0,0,0,0,0,0,0,0,0,0,155,2026-02-07 11:08:27.492363
ATMN,24.01,24.1,24.21,2349800.0,2221500.0,6227.0,6227.0,0,0,0,0,0,0,0,0,0,0,0,0,0,0,0,0,0,0,0,0,0,0,0,0,0,0,0,0,0,0,0,0,155,2026-02-07 11:08:27.492363
WNTR,24.51,24.52,24.55,1365900.0,2238400.0,100.0,,0,0,0,0,0,0,0,0,0,0,0,0,0,0,0,0,0,0,0,0,0,0,0,0,0,0,0,0,0,0,0,0,155,2026-02-07 11:08:27.492363
SPNG,24.89,24.87,24.88,602.0,2365400.0,100.0,2221300.0,0,0,0,0,0,0,0,0,0,0,0,0,0,0,0,0,0,0,0,0,0,0,0,0,0,0,0,0,0,0,0,0,156,2026-02-07 11:08:28.049701
SMMR,25.11,24.93,25.11,5395.0,1987800.0,,1966300.0,0,0,0,0,0,0,0,0,0,0,0,0,0,0,0,0,0,0,0,0,0,0,0,0,0,0,0,0,0,0,0,0,156,2026-02-07 11:08:28.049701
ATMN,24.1,24.01,24.07,,2349800.0,,2376000.0,0,0,0,0,0,0,0,0,0,0,0,0,0,0,0,0,0,0,0,0,0,0,0,0,0,0,0,0,0,0,0,0,156,2026-02-07 11:08:28.049701
WNTR,24.51,24.52,24.54,100.0,1512700.0,1732.0,2108100.0,0,0,0,0,0,0,0,0,0,0,0,0,0,0,0,0,0,0,0,0,0,0,0,0,0,0,0,0,0,0,0,0,156,2026-02-07 11:08:28.049701
SPNG,25.14,25.14,25.16,2146600.0,6622.0,2288000.0,,0,0,0,0,0,0,0,0,0,0,0,0,0,0,0,0,0,0,0,0,0,0,0,0,0,0,0,0,0,0,0,0,157,2026-02-07 11:08:29.118402
SMMR,24.93,24.91,24.92,2102600.0,,1883400.0,5397.0,0,0,0,0,0,0,0,0,0,0,0,0,0,0,0,0,0,0,0,0,0,0,0,0,0,0,0,0,0,0,0,0,157,2026-02-07 11:08:29.118402
ATMN,24.36,24.26,24.36,2440400.0,,2312700.0,,0,0,0,0,0,0,0,0,0,0,0,0,0,0,0,0,0,0,0,0,0,0,0,0,0,0,0,0,0,0,0,0,157,2026-02-07 11:08:29.118402
WNTR,24.57,24.52,24.54,1512700.0,100.0,2246700.0,,0,0,0,0,0,0,0,0,0,0,0,0,0,0,0,0,0,0,0,0,0,0,0,0,0,0,0,0,0,0,0,0,157,2026-02-07 11:08:29.118402
SPNG,25.16,25.15,25.16,2137000.0,6622.0,2194600.0,2390.0,0,0,0,0,0,0,0,0,0,0,0,0,0,0,0,0,0,0,0,0,0,0,0,0,0,0,0,0,0,0,0,0,158,2026-02-07 11:08:30.205249
SMMR,24.92,25.02,25.09,2117000.0,,1893100.0,5397.0,0,0,0,0,0,0,0,0,0,0,0,0,0,0,0,0,0,0,0,0,0,0,0,0,0,0,0,0,0,0,0,0,158,2026-02-07 11:08:30.205249
ATMN,24.36,24.26,24.34,2440400.0,,2295700.0,,0,0,0,0,0,0,0,0,0,0,0,0,0,0,0,0,0,0,0,0,0,0,0,0,0,0,0,0,0,0,0,0,158,2026-02-07 11:08:30.205249
WNTR,24.49,24.49,24.54,1392600.0,,2246700.0,,0,0,0,0,0,0,0,0,0,0,0,0,0,0,0,0,0,0,0,0,0,0,0,0,0,0,0,0,0,0,0,0,158,2026-02-07 11:08:30.205249
SPNG,25.15,25.15,25.16,1991700.0,13610.0,10000.0,2205100.0,0,0,0,0,0,0,0,0,0,0,0,0,0,0,0,0,0,0,0,0,0,0,0,0,0,0,0,0,0,0,0,0,159,2026-02-07 11:08:31.287814
SMMR,24.92,25.02,25.09,2083300.0,,5397.0,1879300.0,0,0,0,0,0,0,0,0,0,0,0,0,0,0,0,0,0,0,0,0,0,0,0,0,0,0,0,0,0,0,0,0,159,2026-02-07 11:08:31.287814
ATMN,24.36,24.28,24.34,2294100.0,5965.0,5965.0,2175900.0,0,0,0,0,0,0,0,0,0,0,0,0,0,0,0,0,0,0,0,0,0,0,0,0,0,0,0,0,0,0,0,0,159,2026-02-07 11:08:31.287814
WNTR,24.54,24.52,24.54,1600600.0,,,2246700.0,0,0,0,0,0,0,0,0,0,0,0,0,0,0,0,0,0,0,0,0,0,0,0,0,0,0,0,0,0,0,0,0,159,2026-02-07 11:08:31.287814
SPNG,24.92,24.98,25.37,3390.0,2339700.0,2331100.0,0,0,0,0,0,0,0,0,0,0,0,0,0,0,0,0,0,0,0,0,0,0,0,0,0,0,0,0,0,0,0,0,0,160,2026-02-07 11:08:32.386189
SMMR,24.91,24.91,25.05,,2071600.0,1997100.0,0,0,0,0,0,0,0,0,0,0,0,0,0,0,0,0,0,0,0,0,0,0,0,0,0,0,0,0,0,0,0,0,0,160,2026-02-07 11:08:32.386189
ATMN,24.26,24.26,24.38,,2402000.0,2294900.0,0,0,0,0,0,0,0,0,0,0,0,0,0,0,0,0,0,0,0,0,0,0,0,0,0,0,0,0,0,0,0,0,0,160,2026-02-07 11:08:32.386189
WNTR,24.51,24.51,24.54,,1717500.0,2246700.0,0,0,0,0,0,0,0,0,0,0,0,0,0,0,0,0,0,0,0,0,0,0,0,0,0,0,0,0,0,0,0,0,0,160,2026-02-07 11:08:32.386189
SPNG,24.86,24.78,24.85,2496500.0,2352800.0,,,0,0,0,0,0,0,0,0,0,0,0,0,0,0,0,0,0,0,0,0,0,0,0,0,0,0,0,0,0,0,0,0,161,2026-02-07 11:08:33.485207
SMMR,24.84,24.85,24.89,1973700.0,1894100.0,9939.0,5397.0,0,0,0,0,0,0,0,0,0,0,0,0,0,0,0,0,0,0,0,0,0,0,0,0,0,0,0,0,0,0,0,0,161,2026-02-07 11:08:33.485207
ATMN,24.17,24.14,24.17,2432500.0,2311800.0,,,0,0,0,0,0,0,0,0,0,0,0,0,0,0,0,0,0,0,0,0,0,0,0,0,0,0,0,0,0,0,0,0,161,2026-02-07 11:08:33.485207
WNTR,24.49,24.49,24.54,1486300.0,2243500.0,,,0,0,0,0,0,0,0,0,0,0,0,0,0,0,0,0,0,0,0,0,0,0,0,0,0,0,0,0,0,0,0,0,161,2026-02-07 11:08:33.485207
SPNG,24.85,25.16,25.23,2424500.0,9493.0,2228200.0,,0,0,0,0,0,0,0,0,0,0,0,0,0,0,0,0,0,0,0,0,0,0,0,0,0,0,0,0,0,0,0,0,162,2026-02-07 11:08:34.539458
SMMR,25.05,25.02,25.05,1979500.0,,1997100.0,9939.0,0,0,0,0,0,0,0,0,0,0,0,0,0,0,0,0,0,0,0,0,0,0,0,0,0,0,0,0,0,0,0,0,162,2026-02-07 11:08:34.539458
ATMN,24.01,24.13,24.15,2242200.0,8120.0,2208700.0,8120.0,0,0,0,0,0,0,0,0,0,0,0,0,0,0,0,0,0,0,0,0,0,0,0,0,0,0,0,0,0,0,0,0,162,2026-02-07 11:08:34.539458
WNTR,24.49,24.51,24.52,1486300.0,7726.0,2109700.0,7726.0,0,0,0,0,0,0,0,0,0,0,0,0,0,0,0,0,0,0,0,0,0,0,0,0,0,0,0,0,0,0,0,0,162,2026-02-07 11:08:34.539458
SPNG,24.78,25.22,25.23,2425400.0,9493.0,2228200.0,,0,0,0,0,0,0,0,0,0,0,0,0,0,0,0,0,0,0,0,0,0,0,0,0,0,0,0,0,0,0,0,0,163,2026-02-07 11:08:35.081768
SMMR,25.01,25.01,25.05,1981100.0,,1997100.0,9939.0,0,0,0,0,0,0,0,0,0,0,0,0,0,0,0,0,0,0,0,0,0,0,0,0,0,0,0,0,0,0,0,0,163,2026-02-07 11:08:35.081768
ATMN,24.21,24.37,24.38,2261100.0,,2273200.0,8120.0,0,0,0,0,0,0,0,0,0,0,0,0,0,0,0,0,0,0,0,0,0,0,0,0,0,0,0,0,0,0,0,0,163,2026-02-07 11:08:35.081768
WNTR,24.45,24.45,24.52,1271200.0,7726.0,2109700.0,,0,0,0,0,0,0,0,0,0,0,0,0,0,0,0,0,0,0,0,0,0,0,0,0,0,0,0,0,0,0,0,0,163,2026-02-07 11:08:35.081768
SPNG,24.78,24.67,24.77,2527500.0,2228100.0,9493.0,,0,0,0,0,0,0,0,0,0,0,0,0,0,0,0,0,0,0,0,0,0,0,0,0,0,0,0,0,0,0,0,0,164,2026-02-07 11:08:36.113732
SMMR,25.12,25.08,25.12,1886000.0,1941300.0,,14503.0,0,0,0,0,0,0,0,0,0,0,0,0,0,0,0,0,0,0,0,0,0,0,0,0,0,0,0,0,0,0,0,0,164,2026-02-07 11:08:36.113732
ATMN,24.4,24.13,24.4,2242200.0,2251800.0,,8120.0,0,0,0,0,0,0,0,0,0,0,0,0,0,0,0,0,0,0,0,0,0,0,0,0,0,0,0,0,0,0,0,0,164,2026-02-07 11:08:36.113732
WNTR,24.45,24.45,24.5,1271200.0,1986500.0,13283.0,,0,0,0,0,0,0,0,0,0,0,0,0,0,0,0,0,0,0,0,0,0,0,0,0,0,0,0,0,0,0,0,0,164,2026-02-07 11:08:36.113732
SPNG,24.77,25.16,25.23,2379500.0,1754.0,9493.0,2221000.0,0,0,0,0,0,0,0,0,0,0,0,0,0,0,0,0,0,0,0,0,0,0,0,0,0,0,0,0,0,0,0,0,165,2026-02-07 11:08:37.165496
SMMR,25.13,25.11,25.13,1783000.0,16964.0,,1969200.0,0,0,0,0,0,0,0,0,0,0,0,0,0,0,0,0,0,0,0,0,0,0,0,0,0,0,0,0,0,0,0,0,165,2026-02-07 11:08:37.165496
ATMN,24.4,24.18,24.4,2137500.0,10786.0,446.0,2130100.0,0,0,0,0,0,0,0,0,0,0,0,0,0,0,0,0,0,0,0,0,0,0,0,0,0,0,0,0,0,0,0,0,165,2026-02-07 11:08:37.165496
WNTR,24.45,24.45,24.49,1400100.0,,15670.0,1901900.0,0,0,0,0,0,0,0,0,0,0,0,0,0,0,0,0,0,0,0,0,0,0,0,0,0,0,0,0,0,0,0,0,165,2026-02-07 11:08:37.165496
SPNG,25.16,24.79,25.1,2508600.0,2215100.0,100.0,0,0,0,0,0,0,0,0,0,0,0,0,0,0,0,0,0,0,0,0,0,0,0,0,0,0,0,0,0,0,0,0,0,166,2026-02-07 11:08:38.229847
SMMR,25.04,25.12,25.13,2077100.0,1969200.0,,0,0,0,0,0,0,0,0,0,0,0,0,0,0,0,0,0,0,0,0,0,0,0,0,0,0,0,0,0,0,0,0,0,166,2026-02-07 11:08:38.229847
ATMN,24.05,24.15,24.4,2386900.0,2265400.0,,0,0,0,0,0,0,0,0,0,0,0,0,0,0,0,0,0,0,0,0,0,0,0,0,0,0,0,0,0,0,0,0,0,166,2026-02-07 11:08:38.229847
WNTR,24.44,24.44,24.48,1278400.0,2103500.0,100.0,0,0,0,0,0,0,0,0,0,0,0,0,0,0,0,0,0,0,0,0,0,0,0,0,0,0,0,0,0,0,0,0,0,166,2026-02-07 11:08:38.229847
SPNG,25.09,25.09,25.22,2349200.0,898.0,100.0,2221000.0,0,0,0,0,0,0,0,0,0,0,0,0,0,0,0,0,0,0,0,0,0,0,0,0,0,0,0,0,0,0,0,0,167,2026-02-07 11:08:39.352517
SMMR,25.13,25.05,25.12,1981100.0,7482.0,1751.0,1805500.0,0,0,0,0,0,0,0,0,0,0,0,0,0,0,0,0,0,0,0,0,0,0,0,0,0,0,0,0,0,0,0,0,167,2026-02-07 11:08:39.352517
ATMN,24.4,24.28,24.4,2036300.0,14134.0,1225.0,2194400.0,0,0,0,0,0,0,0,0,0,0,0,0,0,0,0,0,0,0,0,0,0,0,0,0,0,0,0,0,0,0,0,0,167,2026-02-07 11:08:39.352517
WNTR,24.44,24.42,24.43,1260100.0,,10177.0,1938300.0,0,0,0,0,0,0,0,0,0,0,0,0,0,0,0,0,0,0,0,0,0,0,0,0,0,0,0,0,0,0,0,0,167,2026-02-07 11:08:39.352517
SPNG,24.88,25.11,25.17,6469.0,2228700.0,9691.0,1995600.0,0,0,0,0,0,0,0,0,0,0,0,0,0,0,0,0,0,0,0,0,0,0,0,0,0,0,0,0,0,0,0,0,168,2026-02-07 11:08:40.437784
SMMR,25.1,24.9,25.07,100.0,1986900.0,5492.0,1685800.0,0,0,0,0,0,0,0,0,0,0,0,0,0,0,0,0,0,0,0,0,0,0,0,0,0,0,0,0,0,0,0,0,168,2026-02-07 11:08:40.437784
ATMN,24.3,24.28,24.3,14134.0,2005900.0,2466.0,2060000.0,0,0,0,0,0,0,0,0,0,0,0,0,0,0,0,0,0,0,0,0,0,0,0,0,0,0,0,0,0,0,0,0,168,2026-02-07 11:08:40.437784
WNTR,24.52,24.44,24.5,9275.0,1260100.0,9275.0,2148500.0,0,0,0,0,0,0,0,0,0,0,0,0,0,0,0,0,0,0,0,0,0,0,0,0,0,0,0,0,0,0,0,0,168,2026-02-07 11:08:40.437784
SPNG,25.24,25.24,25.26,2093300.0,7088.0,2335500.0,,0,0,0,0,0,0,0,0,0,0,0,0,0,0,0,0,0,0,0,0,0,0,0,0,0,0,0,0,0,0,0,0,169,2026-02-07 11:08:41.505146
SMMR,25.15,25.15,25.16,1918300.0,6975.0,1972100.0,,0,0,0,0,0,0,0,0,0,0,0,0,0,0,0,0,0,0,0,0,0,0,0,0,0,0,0,0,0,0,0,0,169,2026-02-07 11:08:41.505146
ATMN,24.15,24.15,24.4,2386900.0,,2090000.0,2466.0,0,0,0,0,0,0,0,0,0,0,0,0,0,0,0,0,0,0,0,0,0,0,0,0,0,0,0,0,0,0,0,0,169,2026-02-07 11:08:41.505146
WNTR,24.4,24.42,24.48,1037400.0,902.0,2048200.0,16631.0,0,0,0,0,0,0,0,0,0,0,0,0,0,0,0,0,0,0,0,0,0,0,0,0,0,0,0,0,0,0,0,0,169,2026-02-07 11:08:41.505146
SPNG,25.03,25.03,25.26,2509300.0,2328500.0,,,0,0,0,0,0,0,0,0,0,0,0,0,0,0,0,0,0,0,0,0,0,0,0,0,0,0,0,0,0,0,0,0,170,2026-02-07 11:08:42.550059
SMMR,25.16,25.15,25.16,2104500.0,1963100.0,,,0,0,0,0,0,0,0,0,0,0,0,0,0,0,0,0,0,0,0,0,0,0,0,0,0,0,0,0,0,0,0,0,170,2026-02-07 11:08:42.550059
ATMN,24.15,24.27,24.4,2359700.0,2302900.0,,,0,0,0,0,0,0,0,0,0,0,0,0,0,0,0,0,0,0,0,0,0,0,0,0,0,0,0,0,0,0,0,0,170,2026-02-07 11:08:42.550059
WNTR,24.54,24.44,24.5,1037400.0,2164200.0,6928.0,6928.0,0,0,0,0,0,0,0,0,0,0,0,0,0,0,0,0,0,0,0,0,0,0,0,0,0,0,0,0,0,0,0,0,170,2026-02-07 11:08:42.550059
SPNG,25.03,25.25,25.26,8686.0,2228700.0,2230700.0,100.0,0,0,0,0,0,0,0,0,0,0,0,0,0,0,0,0,0,0,0,0,0,0,0,0,0,0,0,0,0,0,0,0,171,2026-02-07 11:08:43.597278
