ticker,last_price,bid_price,ask_price,BUY_ANON,SELL_LAVL-1,SELL_ANON,BUY_LAVL-1,BUY_GIOT-3,SELL_WRSW-3,BUY_LUIS-1,SELL_UOTB-2,SELL_BRCH-3,BUY_BRCH-3,BUY_UEBR-1,BUY_UOTB-1,BUY_UOTB-2,SELL_LUIS-1,SELL_COLA-3,BUY_COLA-1,SELL_UOTB-3,SELL_NAIT-1,BUY_WRSW-2,SELL_WRSW-1,SELL_COLB-2,SELL_COLA-1,BUY_NAIT-1,BUY_WRSW-1,SELL_BRCH-1,BUY_BRCH-2,SELL_UOTB-1,BUY_COLA-3,BUY_WRSW-3,BUY_BRCH-1,SELL_UEBR-1,SELL_GIOT-3,BUY_UOTB-3,BUY_COLB-2,SELL_WRSW-2,SELL_BRCH-2,tick,timestamp,news_news_id,news_period,news_tick,news_ticker,news_headline,news_body
SPNG,24.59,24.59,25.05,2037000.0,5600.0,2052200.0,,0,0,0,0,0,0,0,0,0,0,0,0,0,0,0,0,0,0,0,0,0,0,0,0,0,0,0,0,0,0,0,0,2,2026-02-05 12:23:25.294385,2.0,1.0,1.0,,Aggregate Position Limit,Your CRO has set the aggregate position limit to 11000 shares for this week.
SMMR,24.98,24.95,24.98,1957500.0,,1954500.0,7466.0,0,0,0,0,0,0,0,0,0,0,0,0,0,0,0,0,0,0,0,0,0,0,0,0,0,0,0,0,0,0,0,0,2,2026-02-05 12:23:25.294385,1.0,1.0,1.0,,Welcome to the RITC 2026 Alogithmic Market Making Case - practice server,
ATMN,24.96,24.89,24.92,1908000.0,,2161300.0,,0,0,0,0,0,0,0,0,0,0,0,0,0,0,0,0,0,0,0,0,0,0,0,0,0,0,0,0,0,0,0,0,2,2026-02-05 12:23:25.294385,,,,,,
WNTR,25.1,24.99,25.01,1995000.0,15765.0,1797100.0,4248.0,0,0,0,0,0,0,0,0,0,0,0,0,0,0,0,0,0,0,0,0,0,0,0,0,0,0,0,0,0,0,0,0,2,2026-02-05 12:23:25.294385,,,,,,
SPNG,24.84,24.84,25.05,2030100.0,5600.0,2052200.0,,0,0,0,0,0,0,0,0,0,0,0,0,0,0,0,0,0,0,0,0,0,0,0,0,0,0,0,0,0,0,0,0,3,2026-02-05 12:23:26.348600
SMMR,25.04,24.97,25.04,1758700.0,,1832700.0,20466.0,0,0,0,0,0,0,0,0,0,0,0,0,0,0,0,0,0,0,0,0,0,0,0,0,0,0,0,0,0,0,0,0,3,2026-02-05 12:23:26.348600
ATMN,24.92,25.29,25.31,2022500.0,,2137600.0,4249.0,0,0,0,0,0,0,0,0,0,0,0,0,0,0,0,0,0,0,0,0,0,0,0,0,0,0,0,0,0,0,0,0,3,2026-02-05 12:23:26.348600
WNTR,25.02,25.08,25.09,2027300.0,12897.0,1823300.0,5996.0,0,0,0,0,0,0,0,0,0,0,0,0,0,0,0,0,0,0,0,0,0,0,0,0,0,0,0,0,0,0,0,0,3,2026-02-05 12:23:26.348600
SPNG,25.26,24.55,25.26,2016600.0,2051300.0,,,,,0,0,0,0,0,0,0,0,0,0,0,0,0,0,0,0,0,0,0,0,0,0,0,0,0,0,0,0,0,0,4,2026-02-05 12:23:27.392744
SMMR,24.97,24.97,24.98,1861300.0,1952600.0,5000.0,2500.0,,,0,0,0,0,0,0,0,0,0,0,0,0,0,0,0,0,0,0,0,0,0,0,0,0,0,0,0,0,0,0,4,2026-02-05 12:23:27.392744
ATMN,24.89,24.89,25.31,2142800.0,2168000.0,,,,,0,0,0,0,0,0,0,0,0,0,0,0,0,0,0,0,0,0,0,0,0,0,0,0,0,0,0,0,0,0,4,2026-02-05 12:23:27.392744
WNTR,25.09,25.07,25.09,2027300.0,1962000.0,,,1721.0,5024.0,0,0,0,0,0,0,0,0,0,0,0,0,0,0,0,0,0,0,0,0,0,0,0,0,0,0,0,0,0,0,4,2026-02-05 12:23:27.392744
SPNG,25.0,25.07,25.26,1905300.0,100.0,2115700.0,,,,0,0,0,0,0,0,0,0,0,0,0,0,0,0,0,0,0,0,0,0,0,0,0,0,0,0,0,0,0,0,5,2026-02-05 12:23:28.431423
SMMR,24.98,24.97,24.98,1637700.0,10807.0,1744400.0,5000.0,5000.0,588.0,0,0,0,0,0,0,0,0,0,0,0,0,0,0,0,0,0,0,0,0,0,0,0,0,0,0,0,0,0,0,5,2026-02-05 12:23:28.431423
ATMN,24.89,25.09,25.1,1828100.0,3768.0,1871200.0,5000.0,5000.0,2512.0,0,0,0,0,0,0,0,0,0,0,0,0,0,0,0,0,0,0,0,0,0,0,0,0,0,0,0,0,0,0,5,2026-02-05 12:23:28.431423
WNTR,25.07,24.99,25.0,1780800.0,4130.0,1874100.0,5000.0,,11080.0,0,0,0,0,0,0,0,0,0,0,0,0,0,0,0,0,0,0,0,0,0,0,0,0,0,0,0,0,0,0,5,2026-02-05 12:23:28.431423
SPNG,25.0,25.16,25.19,5000.0,4759.0,1595100.0,5000.0,3494.0,1768900.0,0,0,0,0,0,0,0,0,0,0,0,0,0,0,0,0,0,0,0,0,0,0,0,0,0,0,0,0,0,0,6,2026-02-05 12:23:29.470214
SMMR,25.04,25.12,25.14,5000.0,14606.0,1555900.0,,,1828700.0,0,0,0,0,0,0,0,0,0,0,0,0,0,0,0,0,0,0,0,0,0,0,0,0,0,0,0,0,0,0,6,2026-02-05 12:23:29.470214
ATMN,25.14,25.14,25.19,,2640.0,2028600.0,,2512.0,2055800.0,0,0,0,0,0,0,0,0,0,0,0,0,0,0,0,0,0,0,0,0,0,0,0,0,0,0,0,0,0,0,6,2026-02-05 12:23:29.470214
WNTR,24.94,24.94,24.98,,1578.0,1998000.0,5000.0,14879.0,1558000.0,0,0,0,0,0,0,0,0,0,0,0,0,0,0,0,0,0,0,0,0,0,0,0,0,0,0,0,0,0,0,6,2026-02-05 12:23:29.470214
SPNG,25.07,25.07,25.18,2012300.0,1836700.0,5000.0,,,,0,0,0,0,0,0,0,0,0,0,0,0,0,0,0,0,0,0,0,0,0,0,0,0,0,0,0,0,0,0,7,2026-02-05 12:23:30.513708
SMMR,25.04,25.03,25.04,1753800.0,2032400.0,,7500.0,,,0,0,0,0,0,0,0,0,0,0,0,0,0,0,0,0,0,0,0,0,0,0,0,0,0,0,0,0,0,0,7,2026-02-05 12:23:30.513708
ATMN,24.75,25.1,25.31,1925100.0,2153100.0,,3148.0,,,0,0,0,0,0,0,0,0,0,0,0,0,0,0,0,0,0,0,0,0,0,0,0,0,0,0,0,0,0,0,7,2026-02-05 12:23:30.513708
WNTR,24.93,24.91,24.92,2029700.0,1780200.0,5000.0,,288.0,2915.0,0,0,0,0,0,0,0,0,0,0,0,0,0,0,0,0,0,0,0,0,0,0,0,0,0,0,0,0,0,0,7,2026-02-05 12:23:30.513708
SPNG,24.77,24.77,25.16,2015500.0,2243.0,1749100.0,5000.0,,,0,0,0,0,0,0,0,0,0,0,0,0,0,0,0,0,0,0,0,0,0,0,0,0,0,0,0,0,0,0,8,2026-02-05 12:23:31.555873
SMMR,25.04,25.04,25.06,1678100.0,1831.0,1926500.0,,7500.0,4241.0,0,0,0,0,0,0,0,0,0,0,0,0,0,0,0,0,0,0,0,0,0,0,0,0,0,0,0,0,0,0,8,2026-02-05 12:23:31.555873
ATMN,25.08,24.75,24.95,2164200.0,2915.0,1835000.0,3148.0,,,0,0,0,0,0,0,0,0,0,0,0,0,0,0,0,0,0,0,0,0,0,0,0,0,0,0,0,0,0,0,8,2026-02-05 12:23:31.555873
WNTR,24.92,24.99,25.1,1710400.0,,2058600.0,,3148.0,2356.0,0,0,0,0,0,0,0,0,0,0,0,0,0,0,0,0,0,0,0,0,0,0,0,0,0,0,0,0,0,0,8,2026-02-05 12:23:31.555873
SPNG,24.99,25.03,25.04,1709000.0,3148.0,3263.0,1760100.0,5506.0,2500.0,0,0,0,0,0,0,0,0,0,0,0,0,0,0,0,0,0,0,0,0,0,0,0,0,0,0,0,0,0,0,9,2026-02-05 12:23:32.614398
SMMR,25.14,25.08,25.14,1659200.0,5000.0,10386.0,1905400.0,355.0,,0,0,0,0,0,0,0,0,0,0,0,0,0,0,0,0,0,0,0,0,0,0,0,0,0,0,0,0,0,0,9,2026-02-05 12:23:32.614398
ATMN,24.71,24.97,25.18,2044900.0,2500.0,,2158200.0,,,0,0,0,0,0,0,0,0,0,0,0,0,0,0,0,0,0,0,0,0,0,0,0,0,0,0,0,0,0,0,9,2026-02-05 12:23:32.614398
WNTR,25.07,25.09,25.1,1602700.0,3148.0,7083.0,2058600.0,,,0,0,0,0,0,0,0,0,0,0,0,0,0,0,0,0,0,0,0,0,0,0,0,0,0,0,0,0,0,0,9,2026-02-05 12:23:32.614398
SPNG,24.59,24.97,25.04,2044400.0,1977100.0,2500.0,,,,0,0,0,0,0,0,0,0,0,0,0,0,0,0,0,0,0,0,0,0,0,0,0,0,0,0,0,0,0,0,10,2026-02-05 12:23:33.665930
SMMR,25.04,25.07,25.08,1760900.0,2002300.0,,2500.0,5000.0,,0,0,0,0,0,0,0,0,0,0,0,0,0,0,0,0,0,0,0,0,0,0,0,0,0,0,0,0,0,0,10,2026-02-05 12:23:33.665930
ATMN,24.86,24.9,24.98,2160300.0,1939300.0,5000.0,,,,0,0,0,0,0,0,0,0,0,0,0,0,0,0,0,0,0,0,0,0,0,0,0,0,0,0,0,0,0,0,10,2026-02-05 12:23:33.665930
WNTR,25.14,25.09,25.1,1722000.0,1929800.0,,5088.0,6574.0,8107.0,0,0,0,0,0,0,0,0,0,0,0,0,0,0,0,0,0,0,0,0,0,0,0,0,0,0,0,0,0,0,10,2026-02-05 12:23:33.665930
SPNG,24.97,25.0,25.18,1574.0,1937400.0,1957800.0,2500.0,,,0,0,0,0,0,0,0,0,0,0,0,0,0,0,0,0,0,0,0,0,0,0,0,0,0,0,0,0,0,0,11,2026-02-05 12:23:34.201625
SMMR,25.03,24.97,25.01,2500.0,1950000.0,1926900.0,,6145.0,,0,0,0,0,0,0,0,0,0,0,0,0,0,0,0,0,0,0,0,0,0,0,0,0,0,0,0,0,0,0,11,2026-02-05 12:23:34.201625
ATMN,25.31,24.94,25.31,,2024000.0,2163700.0,,,1847.0,0,0,0,0,0,0,0,0,0,0,0,0,0,0,0,0,0,0,0,0,0,0,0,0,0,0,0,0,0,0,11,2026-02-05 12:23:34.201625
WNTR,25.09,25.09,25.1,4074.0,1815700.0,1747200.0,5000.0,8107.0,5088.0,0,0,0,0,0,0,0,0,0,0,0,0,0,0,0,0,0,0,0,0,0,0,0,0,0,0,0,0,0,0,11,2026-02-05 12:23:34.201625
SPNG,24.59,24.59,25.14,2043300.0,1963100.0,2500.0,,,,0,0,0,0,0,0,0,0,0,0,0,0,0,0,0,0,0,0,0,0,0,0,0,0,0,0,0,0,0,0,12,2026-02-05 12:23:35.283934
SMMR,24.97,24.94,24.97,2056300.0,1798800.0,,9000.0,,,0,0,0,0,0,0,0,0,0,0,0,0,0,0,0,0,0,0,0,0,0,0,0,0,0,0,0,0,0,0,12,2026-02-05 12:23:35.283934
ATMN,25.31,24.94,25.03,2024000.0,1967900.0,3148.0,,1847.0,,0,0,0,0,0,0,0,0,0,0,0,0,0,0,0,0,0,0,0,0,0,0,0,0,0,0,0,0,0,0,12,2026-02-05 12:23:35.283934
WNTR,24.98,24.98,25.03,1995100.0,1670000.0,5000.0,15456.0,,1574.0,0,0,0,0,0,0,0,0,0,0,0,0,0,0,0,0,0,0,0,0,0,0,0,0,0,0,0,0,0,0,12,2026-02-05 12:23:35.283934
SPNG,25.29,24.71,25.03,100.0,1940800.0,2024200.0,,,,0,0,0,0,0,0,0,0,0,0,0,0,0,0,0,0,0,0,0,0,0,0,0,0,0,0,0,0,0,0,13,2026-02-05 12:23:36.387813
SMMR,24.94,24.94,24.96,3268.0,1933000.0,1693300.0,15536.0,,,0,0,0,0,0,0,0,0,0,0,0,0,0,0,0,0,0,0,0,0,0,0,0,0,0,0,0,0,0,0,13,2026-02-05 12:23:36.387813
ATMN,24.71,24.71,25.31,,2164000.0,2163700.0,,,,0,0,0,0,0,0,0,0,0,0,0,0,0,0,0,0,0,0,0,0,0,0,0,0,0,0,0,0,0,0,13,2026-02-05 12:23:36.387813
WNTR,25.03,25.02,25.03,,2026200.0,1580800.0,15456.0,1574.0,7500.0,0,0,0,0,0,0,0,0,0,0,0,0,0,0,0,0,0,0,0,0,0,0,0,0,0,0,0,0,0,0,13,2026-02-05 12:23:36.387813
SPNG,25.29,24.92,24.95,4274.0,1748900.0,100.0,2137.0,1938500.0,,0,0,0,0,0,0,0,0,0,0,0,0,0,0,0,0,0,0,0,0,0,0,0,0,0,0,0,0,0,0,14,2026-02-05 12:23:37.429936
SMMR,24.97,24.96,24.97,4364.0,1727300.0,4399.0,2182.0,1895300.0,,0,0,0,0,0,0,0,0,0,0,0,0,0,0,0,0,0,0,0,0,0,0,0,0,0,0,0,0,0,0,14,2026-02-05 12:23:37.429936
ATMN,25.02,24.84,24.85,,2047300.0,6532.0,,2065900.0,100.0,0,0,0,0,0,0,0,0,0,0,0,0,0,0,0,0,0,0,0,0,0,0,0,0,0,0,0,0,0,0,14,2026-02-05 12:23:37.429936
WNTR,25.16,25.17,25.18,1574.0,1950800.0,2048.0,,2039900.0,,0,0,0,0,0,0,0,0,0,0,0,0,0,0,0,0,0,0,0,0,0,0,0,0,0,0,0,0,0,0,14,2026-02-05 12:23:37.429936
SPNG,25.33,24.81,25.33,1954200.0,100.0,2040500.0,,,,0,0,0,0,0,0,0,0,0,0,0,0,0,0,0,0,0,0,0,0,0,0,0,0,0,0,0,0,0,0,15,2026-02-05 12:23:38.482543
SMMR,25.08,24.96,25.08,1605900.0,10464.0,1997600.0,4364.0,,,0,0,0,0,0,0,0,0,0,0,0,0,0,0,0,0,0,0,0,0,0,0,0,0,0,0,0,0,0,0,15,2026-02-05 12:23:38.482543
ATMN,25.32,24.84,25.32,1707300.0,6632.0,2142500.0,5000.0,,,0,0,0,0,0,0,0,0,0,0,0,0,0,0,0,0,0,0,0,0,0,0,0,0,0,0,0,0,0,0,15,2026-02-05 12:23:38.482543
WNTR,25.18,24.98,25.18,2027100.0,,1781600.0,1574.0,10000.0,2700.0,0,0,0,0,0,0,0,0,0,0,0,0,0,0,0,0,0,0,0,0,0,0,0,0,0,0,0,0,0,0,15,2026-02-05 12:23:38.482543
SPNG,25.33,24.98,25.02,4274.0,1836200.0,4274.0,1818000.0,0,0,0,0,0,0,0,0,0,0,0,0,0,0,0,0,0,0,0,0,0,0,0,0,0,0,0,0,0,0,0,0,16,2026-02-05 12:23:39.532149
SMMR,25.08,25.02,25.08,1350.0,1912200.0,,2020200.0,0,0,0,0,0,0,0,0,0,0,0,0,0,0,0,0,0,0,0,0,0,0,0,0,0,0,0,0,0,0,0,0,16,2026-02-05 12:23:39.532149
ATMN,24.97,24.84,24.86,5000.0,1931500.0,,2159200.0,0,0,0,0,0,0,0,0,0,0,0,0,0,0,0,0,0,0,0,0,0,0,0,0,0,0,0,0,0,0,0,0,16,2026-02-05 12:23:39.532149
WNTR,25.18,24.98,25.18,1574.0,2027100.0,2700.0,1883800.0,0,0,0,0,0,0,0,0,0,0,0,0,0,0,0,0,0,0,0,0,0,0,0,0,0,0,0,0,0,0,0,0,16,2026-02-05 12:23:39.532149
SPNG,25.33,24.84,25.33,2046600.0,2040500.0,,,,,0,0,0,0,0,0,0,0,0,0,0,0,0,0,0,0,0,0,0,0,0,0,0,0,0,0,0,0,0,0,17,2026-02-05 12:23:40.576270
SMMR,25.02,25.0,25.01,1918900.0,1902000.0,4341.0,5298.0,,,0,0,0,0,0,0,0,0,0,0,0,0,0,0,0,0,0,0,0,0,0,0,0,0,0,0,0,0,0,0,17,2026-02-05 12:23:40.576270
ATMN,24.93,25.1,25.32,1718300.0,2142500.0,4238.0,,5648.0,,0,0,0,0,0,0,0,0,0,0,0,0,0,0,0,0,0,0,0,0,0,0,0,0,0,0,0,0,0,0,17,2026-02-05 12:23:40.576270
WNTR,24.98,24.94,24.98,2005200.0,1708200.0,,13962.0,1574.0,2700.0,0,0,0,0,0,0,0,0,0,0,0,0,0,0,0,0,0,0,0,0,0,0,0,0,0,0,0,0,0,0,17,2026-02-05 12:23:40.576270
SPNG,24.84,25.08,25.11,4274.0,1836200.0,2137.0,3924.0,1838300.0,,0,0,0,0,0,0,0,0,0,0,0,0,0,0,0,0,0,0,0,0,0,0,0,0,0,0,0,0,0,0,18,2026-02-05 12:23:41.623628
SMMR,25.01,25.04,25.08,,1676600.0,,,2011500.0,19481.0,0,0,0,0,0,0,0,0,0,0,0,0,0,0,0,0,0,0,0,0,0,0,0,0,0,0,0,0,0,0,18,2026-02-05 12:23:41.623628
ATMN,25.16,25.1,25.11,5648.0,1718300.0,,4051.0,2065600.0,4238.0,0,0,0,0,0,0,0,0,0,0,0,0,0,0,0,0,0,0,0,0,0,0,0,0,0,0,0,0,0,0,18,2026-02-05 12:23:41.623628
WNTR,24.98,24.94,24.97,1574.0,1927400.0,6350.0,23962.0,1512500.0,5000.0,0,0,0,0,0,0,0,0,0,0,0,0,0,0,0,0,0,0,0,0,0,0,0,0,0,0,0,0,0,0,18,2026-02-05 12:23:41.623628
SPNG,25.32,25.32,25.33,2055100.0,2040500.0,,,,,0,0,0,0,0,0,0,0,0,0,0,0,0,0,0,0,0,0,0,0,0,0,0,0,0,0,0,0,0,0,19,2026-02-05 12:23:42.676507
SMMR,25.04,25.03,25.04,1888300.0,1687300.0,1629.0,8569.0,5000.0,,0,0,0,0,0,0,0,0,0,0,0,0,0,0,0,0,0,0,0,0,0,0,0,0,0,0,0,0,0,0,19,2026-02-05 12:23:42.676507
ATMN,24.86,24.84,24.86,2031400.0,2076600.0,,4899.0,,2500.0,0,0,0,0,0,0,0,0,0,0,0,0,0,0,0,0,0,0,0,0,0,0,0,0,0,0,0,0,0,0,19,2026-02-05 12:23:42.676507
WNTR,24.98,24.94,24.96,1956200.0,1708200.0,,2038.0,6350.0,3294.0,0,0,0,0,0,0,0,0,0,0,0,0,0,0,0,0,0,0,0,0,0,0,0,0,0,0,0,0,0,0,19,2026-02-05 12:23:42.676507
SPNG,24.97,24.84,24.97,4274.0,100.0,1752800.0,2068700.0,,,0,0,0,0,0,0,0,0,0,0,0,0,0,0,0,0,0,0,0,0,0,0,0,0,0,0,0,0,0,0,20,2026-02-05 12:23:43.713347
SMMR,25.04,25.0,25.03,,8621.0,1879000.0,1568400.0,16216.0,5000.0,0,0,0,0,0,0,0,0,0,0,0,0,0,0,0,0,0,0,0,0,0,0,0,0,0,0,0,0,0,0,20,2026-02-05 12:23:43.713347
ATMN,24.86,24.91,25.0,2500.0,100.0,1944200.0,1945000.0,11431.0,,0,0,0,0,0,0,0,0,0,0,0,0,0,0,0,0,0,0,0,0,0,0,0,0,0,0,0,0,0,0,20,2026-02-05 12:23:43.713347
WNTR,25.18,24.94,24.95,5014.0,7038.0,1715300.0,1768000.0,8621.0,3440.0,0,0,0,0,0,0,0,0,0,0,0,0,0,0,0,0,0,0,0,0,0,0,0,0,0,0,0,0,0,0,20,2026-02-05 12:23:43.713347
SPNG,25.39,24.84,25.39,4274.0,100.0,1752800.0,2113200.0,0,0,0,0,0,0,0,0,0,0,0,0,0,0,0,0,0,0,0,0,0,0,0,0,0,0,0,0,0,0,0,0,21,2026-02-05 12:23:44.256449
SMMR,25.12,25.0,25.12,2970.0,8621.0,1691900.0,1969200.0,0,0,0,0,0,0,0,0,0,0,0,0,0,0,0,0,0,0,0,0,0,0,0,0,0,0,0,0,0,0,0,0,21,2026-02-05 12:23:44.256449
ATMN,25.11,24.91,25.11,2500.0,100.0,1925300.0,2180300.0,0,0,0,0,0,0,0,0,0,0,0,0,0,0,0,0,0,0,0,0,0,0,0,0,0,0,0,0,0,0,0,0,21,2026-02-05 12:23:44.256449
WNTR,25.12,25.12,25.18,5014.0,7038.0,1721000.0,2060300.0,0,0,0,0,0,0,0,0,0,0,0,0,0,0,0,0,0,0,0,0,0,0,0,0,0,0,0,0,0,0,0,0,21,2026-02-05 12:23:44.256449
SPNG,24.61,24.61,25.1,2068600.0,1991700.0,100.0,,,,0,0,0,0,0,0,0,0,0,0,0,0,0,0,0,0,0,0,0,0,0,0,0,0,0,0,0,0,0,0,22,2026-02-05 12:23:45.304006
SMMR,25.03,25.03,25.12,1601000.0,1984500.0,,15391.0,2970.0,,0,0,0,0,0,0,0,0,0,0,0,0,0,0,0,0,0,0,0,0,0,0,0,0,0,0,0,0,0,0,22,2026-02-05 12:23:45.304006
ATMN,24.93,24.91,24.93,1920100.0,1829300.0,100.0,100.0,2500.0,4188.0,0,0,0,0,0,0,0,0,0,0,0,0,0,0,0,0,0,0,0,0,0,0,0,0,0,0,0,0,0,0,22,2026-02-05 12:23:45.304006
WNTR,25.12,25.14,25.17,1603200.0,1970300.0,100.0,12246.0,5014.0,,0,0,0,0,0,0,0,0,0,0,0,0,0,0,0,0,0,0,0,0,0,0,0,0,0,0,0,0,0,0,22,2026-02-05 12:23:45.304006
SPNG,25.1,24.61,25.1,1971800.0,2137.0,2098100.0,,,,0,0,0,0,0,0,0,0,0,0,0,0,0,0,0,0,0,0,0,0,0,0,0,0,0,0,0,0,0,0,23,2026-02-05 12:23:46.357978
SMMR,25.14,25.06,25.14,1697900.0,2970.0,1992800.0,10000.0,,,0,0,0,0,0,0,0,0,0,0,0,0,0,0,0,0,0,0,0,0,0,0,0,0,0,0,0,0,0,0,23,2026-02-05 12:23:46.357978
ATMN,24.85,24.85,24.93,2021400.0,2500.0,1806800.0,,1633.0,4188.0,0,0,0,0,0,0,0,0,0,0,0,0,0,0,0,0,0,0,0,0,0,0,0,0,0,0,0,0,0,0,23,2026-02-05 12:23:46.357978
WNTR,25.11,25.05,25.06,1922400.0,3294.0,1765000.0,,8683.0,4500.0,0,0,0,0,0,0,0,0,0,0,0,0,0,0,0,0,0,0,0,0,0,0,0,0,0,0,0,0,0,0,23,2026-02-05 12:23:46.357978
SPNG,25.12,24.61,25.12,1860700.0,4274.0,2099700.0,,,,0,0,0,0,0,0,0,0,0,0,0,0,0,0,0,0,0,0,0,0,0,0,0,0,0,0,0,0,0,0,24,2026-02-05 12:23:47.403550
SMMR,25.06,25.0,25.06,1890800.0,1485.0,1882800.0,2121.0,,,0,0,0,0,0,0,0,0,0,0,0,0,0,0,0,0,0,0,0,0,0,0,0,0,0,0,0,0,0,0,24,2026-02-05 12:23:47.403550
ATMN,24.85,24.86,24.91,1948200.0,2500.0,1690900.0,4188.0,5882.0,7515.0,0,0,0,0,0,0,0,0,0,0,0,0,0,0,0,0,0,0,0,0,0,0,0,0,0,0,0,0,0,0,24,2026-02-05 12:23:47.403550
WNTR,25.11,25.05,25.06,1787500.0,3294.0,1675800.0,4500.0,7353.0,13754.0,0,0,0,0,0,0,0,0,0,0,0,0,0,0,0,0,0,0,0,0,0,0,0,0,0,0,0,0,0,0,24,2026-02-05 12:23:47.403550
SPNG,25.12,24.72,24.94,100.0,1764300.0,4274.0,1990700.0,5600.0,,0,0,0,0,0,0,0,0,0,0,0,0,0,0,0,0,0,0,0,0,0,0,0,0,0,0,0,0,0,0,25,2026-02-05 12:23:48.436662
SMMR,25.14,25.0,25.14,100.0,1788800.0,1485.0,1816500.0,,4242.0,0,0,0,0,0,0,0,0,0,0,0,0,0,0,0,0,0,0,0,0,0,0,0,0,0,0,0,0,0,0,25,2026-02-05 12:23:48.436662
ATMN,24.93,24.86,24.87,6769.0,1636500.0,7224.0,1778400.0,,6818.0,0,0,0,0,0,0,0,0,0,0,0,0,0,0,0,0,0,0,0,0,0,0,0,0,0,0,0,0,0,0,25,2026-02-05 12:23:48.436662
WNTR,25.11,25.05,25.06,7453.0,1785800.0,2488.0,1661700.0,13754.0,4500.0,0,0,0,0,0,0,0,0,0,0,0,0,0,0,0,0,0,0,0,0,0,0,0,0,0,0,0,0,0,0,25,2026-02-05 12:23:48.436662
SPNG,25.12,24.83,25.12,6737.0,1400.0,1675500.0,2099700.0,,,0,0,0,0,0,0,0,0,0,0,0,0,0,0,0,0,0,0,0,0,0,0,0,0,0,0,0,0,0,0,26,2026-02-05 12:23:49.471104
SMMR,24.97,24.97,25.12,1485.0,,1924900.0,1705700.0,100.0,4242.0,0,0,0,0,0,0,0,0,0,0,0,0,0,0,0,0,0,0,0,0,0,0,0,0,0,0,0,0,0,0,26,2026-02-05 12:23:49.471104
ATMN,25.01,24.86,24.89,7224.0,10000.0,1714500.0,1894300.0,100.0,2094.0,0,0,0,0,0,0,0,0,0,0,0,0,0,0,0,0,0,0,0,0,0,0,0,0,0,0,0,0,0,0,26,2026-02-05 12:23:49.471104
WNTR,25.2,25.05,25.2,4976.0,4793.0,1785800.0,2053700.0,,,0,0,0,0,0,0,0,0,0,0,0,0,0,0,0,0,0,0,0,0,0,0,0,0,0,0,0,0,0,0,26,2026-02-05 12:23:49.471104
SPNG,24.86,24.97,25.04,1604100.0,1500.0,6737.0,5600.0,1974100.0,,0,0,0,0,0,0,0,0,0,0,0,0,0,0,0,0,0,0,0,0,0,0,0,0,0,0,0,0,0,0,27,2026-02-05 12:23:50.503464
SMMR,25.12,25.03,25.04,1629300.0,7851.0,6131.0,100.0,1602600.0,6767.0,0,0,0,0,0,0,0,0,0,0,0,0,0,0,0,0,0,0,0,0,0,0,0,0,0,0,0,0,0,0,27,2026-02-05 12:23:50.503464
ATMN,25.04,25.05,25.11,2111200.0,,,,2136700.0,,0,0,0,0,0,0,0,0,0,0,0,0,0,0,0,0,0,0,0,0,0,0,0,0,0,0,0,0,0,0,27,2026-02-05 12:23:50.503464
WNTR,25.21,25.03,25.21,1909400.0,,3294.0,,2040800.0,,0,0,0,0,0,0,0,0,0,0,0,0,0,0,0,0,0,0,0,0,0,0,0,0,0,0,0,0,0,0,27,2026-02-05 12:23:50.503464
SPNG,24.86,24.98,25.02,1600.0,1532900.0,6737.0,7000.0,1864600.0,,0,0,0,0,0,0,0,0,0,0,0,0,0,0,0,0,0,0,0,0,0,0,0,0,0,0,0,0,0,0,28,2026-02-05 12:23:51.535131
SMMR,25.04,25.09,25.12,,1916000.0,1485.0,100.0,1819100.0,2121.0,0,0,0,0,0,0,0,0,0,0,0,0,0,0,0,0,0,0,0,0,0,0,0,0,0,0,0,0,0,0,28,2026-02-05 12:23:51.535131
ATMN,24.81,24.78,24.81,,2088500.0,,6124.0,1842200.0,3948.0,0,0,0,0,0,0,0,0,0,0,0,0,0,0,0,0,0,0,0,0,0,0,0,0,0,0,0,0,0,0,28,2026-02-05 12:23:51.535131
WNTR,25.03,25.14,25.15,,1876800.0,3858.0,8971.0,1931200.0,,0,0,0,0,0,0,0,0,0,0,0,0,0,0,0,0,0,0,0,0,0,0,0,0,0,0,0,0,0,0,28,2026-02-05 12:23:51.535131
SPNG,24.82,24.82,25.01,2019400.0,2137.0,2800.0,1755700.0,2700.0,,0,0,0,0,0,0,0,0,0,0,0,0,0,0,0,0,0,0,0,0,0,0,0,0,0,0,0,0,0,0,29,2026-02-05 12:23:52.592625
SMMR,25.13,25.1,25.13,1837100.0,1485.0,,1929900.0,2121.0,7300.0,0,0,0,0,0,0,0,0,0,0,0,0,0,0,0,0,0,0,0,0,0,0,0,0,0,0,0,0,0,0,29,2026-02-05 12:23:52.592625
ATMN,25.16,24.82,25.16,1984300.0,,,2144600.0,,1825.0,0,0,0,0,0,0,0,0,0,0,0,0,0,0,0,0,0,0,0,0,0,0,0,0,0,0,0,0,0,0,29,2026-02-05 12:23:52.592625
WNTR,25.21,25.15,25.21,1767700.0,3858.0,,2011000.0,,8818.0,0,0,0,0,0,0,0,0,0,0,0,0,0,0,0,0,0,0,0,0,0,0,0,0,0,0,0,0,0,0,29,2026-02-05 12:23:52.592625
SPNG,24.82,24.98,24.99,1927600.0,1400.0,2137.0,2900.0,1688100.0,2700.0,0,0,0,0,0,0,0,0,0,0,0,0,0,0,0,0,0,0,0,0,0,0,0,0,0,0,0,0,0,0,30,2026-02-05 12:23:53.646701
SMMR,24.99,24.99,25.11,1925200.0,,1485.0,8818.0,1595600.0,6767.0,0,0,0,0,0,0,0,0,0,0,0,0,0,0,0,0,0,0,0,0,0,0,0,0,0,0,0,0,0,0,30,2026-02-05 12:23:53.646701
ATMN,24.78,24.92,25.1,1753500.0,7500.0,2766.0,4593.0,2028400.0,,0,0,0,0,0,0,0,0,0,0,0,0,0,0,0,0,0,0,0,0,0,0,0,0,0,0,0,0,0,0,30,2026-02-05 12:23:53.646701
WNTR,25.21,25.15,25.19,1688500.0,9490.0,3858.0,8818.0,1926500.0,,0,0,0,0,0,0,0,0,0,0,0,0,0,0,0,0,0,0,0,0,0,0,0,0,0,0,0,0,0,0,30,2026-02-05 12:23:53.646701
SPNG,25.12,24.98,25.12,2052000.0,2137.0,1898000.0,2700.0,0,0,0,0,0,0,0,0,0,0,0,0,0,0,0,0,0,0,0,0,0,0,0,0,0,0,0,0,0,0,0,0,31,2026-02-05 12:23:54.682793
SMMR,24.97,24.97,25.11,1918700.0,1485.0,1715600.0,6767.0,0,0,0,0,0,0,0,0,0,0,0,0,0,0,0,0,0,0,0,0,0,0,0,0,0,0,0,0,0,0,0,0,31,2026-02-05 12:23:54.682793
ATMN,25.16,25.15,25.16,1862000.0,2766.0,2144600.0,,0,0,0,0,0,0,0,0,0,0,0,0,0,0,0,0,0,0,0,0,0,0,0,0,0,0,0,0,0,0,0,0,31,2026-02-05 12:23:54.682793
WNTR,25.24,25.18,25.21,1776400.0,5893.0,1841700.0,3964.0,0,0,0,0,0,0,0,0,0,0,0,0,0,0,0,0,0,0,0,0,0,0,0,0,0,0,0,0,0,0,0,0,31,2026-02-05 12:23:54.682793
SPNG,24.76,24.73,24.76,2002700.0,2137.0,1669900.0,100.0,6130.0,,0,0,0,0,0,0,0,0,0,0,0,0,0,0,0,0,0,0,0,0,0,0,0,0,0,0,0,0,0,0,32,2026-02-05 12:23:55.739860
SMMR,25.01,24.97,25.01,1701500.0,4185.0,1807000.0,6369.0,2121.0,,0,0,0,0,0,0,0,0,0,0,0,0,0,0,0,0,0,0,0,0,0,0,0,0,0,0,0,0,0,0,32,2026-02-05 12:23:55.739860
ATMN,24.89,24.89,25.12,2066600.0,,2036500.0,3211.0,,,0,0,0,0,0,0,0,0,0,0,0,0,0,0,0,0,0,0,0,0,0,0,0,0,0,0,0,0,0,0,32,2026-02-05 12:23:55.739860
WNTR,25.18,25.15,25.18,1905400.0,1929.0,1743200.0,6290.0,3964.0,8279.0,0,0,0,0,0,0,0,0,0,0,0,0,0,0,0,0,0,0,0,0,0,0,0,0,0,0,0,0,0,0,32,2026-02-05 12:23:55.739860
SPNG,25.04,24.73,24.75,1922900.0,100.0,2137.0,7755.0,1566200.0,6130.0,0,0,0,0,0,0,0,0,0,0,0,0,0,0,0,0,0,0,0,0,0,0,0,0,0,0,0,0,0,0,33,2026-02-05 12:23:56.776788
SMMR,25.02,25.09,25.1,1579300.0,432.0,4185.0,6369.0,1795300.0,2121.0,0,0,0,0,0,0,0,0,0,0,0,0,0,0,0,0,0,0,0,0,0,0,0,0,0,0,0,0,0,0,33,2026-02-05 12:23:56.776788
ATMN,25.08,25.08,25.11,1778500.0,100.0,5000.0,4711.0,2028400.0,,0,0,0,0,0,0,0,0,0,0,0,0,0,0,0,0,0,0,0,0,0,0,0,0,0,0,0,0,0,0,33,2026-02-05 12:23:56.776788
WNTR,25.15,25.14,25.15,1905400.0,2944.0,1929.0,12179.0,1664300.0,3964.0,0,0,0,0,0,0,0,0,0,0,0,0,0,0,0,0,0,0,0,0,0,0,0,0,0,0,0,0,0,0,33,2026-02-05 12:23:56.776788
SPNG,24.73,24.87,25.09,5600.0,1922900.0,2137.0,2087.0,1980900.0,,0,0,0,0,0,0,0,0,0,0,0,0,0,0,0,0,0,0,0,0,0,0,0,0,0,0,0,0,0,0,34,2026-02-05 12:23:57.808618
SMMR,25.09,24.99,25.06,7655.0,1584900.0,4185.0,2121.0,1818100.0,4576.0,0,0,0,0,0,0,0,0,0,0,0,0,0,0,0,0,0,0,0,0,0,0,0,0,0,0,0,0,0,0,34,2026-02-05 12:23:57.808618
ATMN,25.08,25.09,25.1,6532.0,1783700.0,5000.0,,2037600.0,100.0,0,0,0,0,0,0,0,0,0,0,0,0,0,0,0,0,0,0,0,0,0,0,0,0,0,0,0,0,0,0,34,2026-02-05 12:23:57.808618
WNTR,25.18,25.15,25.18,9153.0,1691400.0,4629.0,1982.0,1951200.0,,0,0,0,0,0,0,0,0,0,0,0,0,0,0,0,0,0,0,0,0,0,0,0,0,0,0,0,0,0,0,34,2026-02-05 12:23:57.808618
SPNG,24.87,24.73,24.86,2006800.0,2137.0,2069200.0,,,,0,0,0,0,0,0,0,0,0,0,0,0,0,0,0,0,0,0,0,0,0,0,0,0,0,0,0,0,0,0,35,2026-02-05 12:23:58.343563
SMMR,25.14,25.03,25.14,1494200.0,7771.0,1913700.0,7655.0,2121.0,,0,0,0,0,0,0,0,0,0,0,0,0,0,0,0,0,0,0,0,0,0,0,0,0,0,0,0,0,0,0,35,2026-02-05 12:23:58.343563
ATMN,25.08,25.08,25.1,1885300.0,5000.0,2037600.0,,,100.0,0,0,0,0,0,0,0,0,0,0,0,0,0,0,0,0,0,0,0,0,0,0,0,0,0,0,0,0,0,0,35,2026-02-05 12:23:58.343563
WNTR,25.18,25.15,25.18,1685300.0,4629.0,1951200.0,9153.0,1982.0,,0,0,0,0,0,0,0,0,0,0,0,0,0,0,0,0,0,0,0,0,0,0,0,0,0,0,0,0,0,0,35,2026-02-05 12:23:58.343563
SPNG,25.4,24.76,24.83,100.0,1922900.0,2137.0,5600.0,2003400.0,,0,0,0,0,0,0,0,0,0,0,0,0,0,0,0,0,0,0,0,0,0,0,0,0,0,0,0,0,0,0,36,2026-02-05 12:23:59.379779
SMMR,24.99,24.97,24.98,,1799500.0,2835.0,,1929400.0,2121.0,0,0,0,0,0,0,0,0,0,0,0,0,0,0,0,0,0,0,0,0,0,0,0,0,0,0,0,0,0,0,36,2026-02-05 12:23:59.379779
ATMN,25.07,25.05,25.06,,1980200.0,2500.0,6632.0,1729700.0,4006.0,0,0,0,0,0,0,0,0,0,0,0,0,0,0,0,0,0,0,0,0,0,0,0,0,0,0,0,0,0,0,36,2026-02-05 12:23:59.379779
WNTR,25.13,25.17,25.19,,2129500.0,,6290.0,1957600.0,,0,0,0,0,0,0,0,0,0,0,0,0,0,0,0,0,0,0,0,0,0,0,0,0,0,0,0,0,0,0,36,2026-02-05 12:23:59.379779
SPNG,24.9,24.94,24.95,4224.0,1765700.0,1500.0,2093900.0,,,0,0,0,0,0,0,0,0,0,0,0,0,0,0,0,0,0,0,0,0,0,0,0,0,0,0,0,0,0,0,37,2026-02-05 12:24:00.430861
SMMR,24.98,25.06,25.14,2835.0,1773800.0,8435.0,1912400.0,2121.0,,0,0,0,0,0,0,0,0,0,0,0,0,0,0,0,0,0,0,0,0,0,0,0,0,0,0,0,0,0,0,37,2026-02-05 12:24:00.430861
ATMN,25.06,25.08,25.09,2500.0,1852600.0,3266.0,1711900.0,4006.0,6632.0,0,0,0,0,0,0,0,0,0,0,0,0,0,0,0,0,0,0,0,0,0,0,0,0,0,0,0,0,0,0,37,2026-02-05 12:24:00.430861
WNTR,25.2,25.17,25.2,,2010100.0,557.0,1869400.0,4012.0,,0,0,0,0,0,0,0,0,0,0,0,0,0,0,0,0,0,0,0,0,0,0,0,0,0,0,0,0,0,0,37,2026-02-05 12:24:00.430861
SPNG,24.97,24.98,25.37,1753600.0,6311.0,6084.0,2098000.0,,,0,0,0,0,0,0,0,0,0,0,0,0,0,0,0,0,0,0,0,0,0,0,0,0,0,0,0,0,0,0,38,2026-02-05 12:24:01.472446
SMMR,25.12,25.06,25.07,1867700.0,2835.0,,1586100.0,7057.0,100.0,0,0,0,0,0,0,0,0,0,0,0,0,0,0,0,0,0,0,0,0,0,0,0,0,0,0,0,0,0,0,38,2026-02-05 12:24:01.472446
ATMN,25.19,25.08,25.19,1863600.0,2500.0,4680.0,2144900.0,,,0,0,0,0,0,0,0,0,0,0,0,0,0,0,0,0,0,0,0,0,0,0,0,0,0,0,0,0,0,0,38,2026-02-05 12:24:01.472446
WNTR,25.21,25.18,25.21,1995500.0,,5850.0,1861100.0,4012.0,,0,0,0,0,0,0,0,0,0,0,0,0,0,0,0,0,0,0,0,0,0,0,0,0,0,0,0,0,0,0,38,2026-02-05 12:24:01.472446
SPNG,24.91,24.91,24.95,2056500.0,2137.0,2087700.0,,,0,0,0,0,0,0,0,0,0,0,0,0,0,0,0,0,0,0,0,0,0,0,0,0,0,0,0,0,0,0,0,39,2026-02-05 12:24:02.512407
SMMR,25.07,25.09,25.13,1854700.0,2835.0,1601600.0,7057.0,100.0,0,0,0,0,0,0,0,0,0,0,0,0,0,0,0,0,0,0,0,0,0,0,0,0,0,0,0,0,0,0,0,39,2026-02-05 12:24:02.512407
ATMN,25.08,25.05,25.06,1949800.0,2500.0,1924800.0,4990.0,,0,0,0,0,0,0,0,0,0,0,0,0,0,0,0,0,0,0,0,0,0,0,0,0,0,0,0,0,0,0,0,39,2026-02-05 12:24:02.512407
WNTR,25.15,25.15,25.21,1859300.0,3790.0,1861100.0,4012.0,,0,0,0,0,0,0,0,0,0,0,0,0,0,0,0,0,0,0,0,0,0,0,0,0,0,0,0,0,0,0,0,39,2026-02-05 12:24:02.512407
SPNG,24.95,25.17,25.2,6311.0,1870300.0,4174.0,1890400.0,,0,0,0,0,0,0,0,0,0,0,0,0,0,0,0,0,0,0,0,0,0,0,0,0,0,0,0,0,0,0,0,40,2026-02-05 12:24:03.555708
SMMR,25.09,25.09,25.13,2835.0,1878900.0,2121.0,1831100.0,3000.0,0,0,0,0,0,0,0,0,0,0,0,0,0,0,0,0,0,0,0,0,0,0,0,0,0,0,0,0,0,0,0,40,2026-02-05 12:24:03.555708
ATMN,25.09,25.01,25.09,,2062900.0,4990.0,1912900.0,,0,0,0,0,0,0,0,0,0,0,0,0,0,0,0,0,0,0,0,0,0,0,0,0,0,0,0,0,0,0,0,40,2026-02-05 12:24:03.555708
WNTR,25.1,25.1,25.16,,2101200.0,3901.0,1771900.0,3000.0,0,0,0,0,0,0,0,0,0,0,0,0,0,0,0,0,0,0,0,0,0,0,0,0,0,0,0,0,0,0,0,40,2026-02-05 12:24:03.555708
SPNG,25.02,24.91,24.92,2055200.0,2137.0,1864600.0,4174.0,,0,0,0,0,0,0,0,0,0,0,0,0,0,0,0,0,0,0,0,0,0,0,0,0,0,0,0,0,0,0,0,41,2026-02-05 12:24:04.623974
SMMR,25.04,25.04,25.13,1861400.0,2835.0,1603800.0,7057.0,3000.0,0,0,0,0,0,0,0,0,0,0,0,0,0,0,0,0,0,0,0,0,0,0,0,0,0,0,0,0,0,0,0,41,2026-02-05 12:24:04.623974
ATMN,25.19,24.95,25.19,1861400.0,3422.0,2144900.0,,,0,0,0,0,0,0,0,0,0,0,0,0,0,0,0,0,0,0,0,0,0,0,0,0,0,0,0,0,0,0,0,41,2026-02-05 12:24:04.623974
WNTR,25.1,25.1,25.16,2119700.0,,1771900.0,3901.0,3000.0,0,0,0,0,0,0,0,0,0,0,0,0,0,0,0,0,0,0,0,0,0,0,0,0,0,0,0,0,0,0,0,41,2026-02-05 12:24:04.623974
SPNG,24.9,24.9,25.2,2028800.0,2137.0,4174.0,1863300.0,0,0,0,0,0,0,0,0,0,0,0,0,0,0,0,0,0,0,0,0,0,0,0,0,0,0,0,0,0,0,0,0,42,2026-02-05 12:24:05.678086
SMMR,25.04,25.04,25.14,1861400.0,2835.0,7057.0,1726300.0,0,0,0,0,0,0,0,0,0,0,0,0,0,0,0,0,0,0,0,0,0,0,0,0,0,0,0,0,0,0,0,0,42,2026-02-05 12:24:05.678086
ATMN,25.22,24.95,25.22,1877100.0,3422.0,,2151100.0,0,0,0,0,0,0,0,0,0,0,0,0,0,0,0,0,0,0,0,0,0,0,0,0,0,0,0,0,0,0,0,0,42,2026-02-05 12:24:05.678086
WNTR,25.16,25.16,25.17,1915600.0,4642.0,6648.0,1765800.0,0,0,0,0,0,0,0,0,0,0,0,0,0,0,0,0,0,0,0,0,0,0,0,0,0,0,0,0,0,0,0,0,42,2026-02-05 12:24:05.678086
SPNG,25.26,24.71,25.26,2015900.0,2137.0,2039200.0,,,,0,0,0,0,0,0,0,0,0,0,0,0,0,0,0,0,0,0,0,0,0,0,0,0,0,0,0,0,0,0,43,2026-02-05 12:24:06.746694
SMMR,25.15,25.15,25.17,1426300.0,6475.0,2019300.0,3100.0,,,0,0,0,0,0,0,0,0,0,0,0,0,0,0,0,0,0,0,0,0,0,0,0,0,0,0,0,0,0,0,43,2026-02-05 12:24:06.746694
ATMN,25.03,25.1,25.21,1901800.0,3422.0,2138600.0,,,,0,0,0,0,0,0,0,0,0,0,0,0,0,0,0,0,0,0,0,0,0,0,0,0,0,0,0,0,0,0,43,2026-02-05 12:24:06.746694
WNTR,25.16,25.19,25.21,1831000.0,4642.0,1887800.0,3000.0,3000.0,2006.0,0,0,0,0,0,0,0,0,0,0,0,0,0,0,0,0,0,0,0,0,0,0,0,0,0,0,0,0,0,0,43,2026-02-05 12:24:06.746694
SPNG,24.97,25.09,25.26,2023100.0,2137.0,2039200.0,,,,0,0,0,0,0,0,0,0,0,0,0,0,0,0,0,0,0,0,0,0,0,0,0,0,0,0,0,0,0,0,44,2026-02-05 12:24:07.804546
SMMR,25.17,25.04,25.06,1506600.0,6475.0,1916100.0,3000.0,3000.0,,0,0,0,0,0,0,0,0,0,0,0,0,0,0,0,0,0,0,0,0,0,0,0,0,0,0,0,0,0,0,44,2026-02-05 12:24:07.804546
ATMN,25.09,24.8,25.09,2091600.0,,1909100.0,,,3590.0,0,0,0,0,0,0,0,0,0,0,0,0,0,0,0,0,0,0,0,0,0,0,0,0,0,0,0,0,0,0,44,2026-02-05 12:24:07.804546
WNTR,25.16,25.19,25.21,1822000.0,4642.0,1864300.0,100.0,3000.0,2006.0,0,0,0,0,0,0,0,0,0,0,0,0,0,0,0,0,0,0,0,0,0,0,0,0,0,0,0,0,0,0,44,2026-02-05 12:24:07.804546
SPNG,24.9,24.71,24.9,2010000.0,2137.0,2001300.0,,,,0,0,0,0,0,0,0,0,0,0,0,0,0,0,0,0,0,0,0,0,0,0,0,0,0,0,0,0,0,0,45,2026-02-05 12:24:08.849190
SMMR,25.17,25.11,25.17,1432100.0,6475.0,2013800.0,6000.0,,,0,0,0,0,0,0,0,0,0,0,0,0,0,0,0,0,0,0,0,0,0,0,0,0,0,0,0,0,0,0,45,2026-02-05 12:24:08.849190
ATMN,25.24,24.8,25.24,2091600.0,,2139200.0,,,,0,0,0,0,0,0,0,0,0,0,0,0,0,0,0,0,0,0,0,0,0,0,0,0,0,0,0,0,0,0,45,2026-02-05 12:24:08.849190
WNTR,25.16,25.16,25.2,1740400.0,6111.0,1646800.0,3000.0,5796.0,750.0,0,0,0,0,0,0,0,0,0,0,0,0,0,0,0,0,0,0,0,0,0,0,0,0,0,0,0,0,0,0,45,2026-02-05 12:24:08.849190
SPNG,24.9,24.71,24.9,2043300.0,2137.0,1803400.0,5000.0,,,0,0,0,0,0,0,0,0,0,0,0,0,0,0,0,0,0,0,0,0,0,0,0,0,0,0,0,0,0,0,46,2026-02-05 12:24:09.395161
SMMR,25.17,25.16,25.17,1428400.0,6005.0,2013800.0,,6000.0,,0,0,0,0,0,0,0,0,0,0,0,0,0,0,0,0,0,0,0,0,0,0,0,0,0,0,0,0,0,0,46,2026-02-05 12:24:09.395161
ATMN,25.24,25.19,25.24,2057200.0,,2109100.0,,,,0,0,0,0,0,0,0,0,0,0,0,0,0,0,0,0,0,0,0,0,0,0,0,0,0,0,0,0,0,0,46,2026-02-05 12:24:09.395161
WNTR,25.16,25.16,25.2,1710900.0,6111.0,1646800.0,5796.0,3000.0,750.0,0,0,0,0,0,0,0,0,0,0,0,0,0,0,0,0,0,0,0,0,0,0,0,0,0,0,0,0,0,0,46,2026-02-05 12:24:09.395161
SPNG,24.96,24.71,24.83,2025900.0,2137.0,1831700.0,5000.0,,,0,0,0,0,0,0,0,0,0,0,0,0,0,0,0,0,0,0,0,0,0,0,0,0,0,0,0,0,0,0,47,2026-02-05 12:24:10.436422
SMMR,25.09,25.16,25.17,1607000.0,4655.0,2013800.0,,1500.0,,0,0,0,0,0,0,0,0,0,0,0,0,0,0,0,0,0,0,0,0,0,0,0,0,0,0,0,0,0,0,47,2026-02-05 12:24:10.436422
ATMN,24.86,24.88,25.14,2083300.0,,1909300.0,5000.0,,,0,0,0,0,0,0,0,0,0,0,0,0,0,0,0,0,0,0,0,0,0,0,0,0,0,0,0,0,0,0,47,2026-02-05 12:24:10.436422
WNTR,25.14,25.18,25.19,2004500.0,2460.0,1626600.0,5796.0,,100.0,0,0,0,0,0,0,0,0,0,0,0,0,0,0,0,0,0,0,0,0,0,0,0,0,0,0,0,0,0,0,47,2026-02-05 12:24:10.436422
SPNG,25.25,25.0,25.24,6697.0,1836200.0,1923000.0,2500.0,,,0,0,0,0,0,0,0,0,0,0,0,0,0,0,0,0,0,0,0,0,0,0,0,0,0,0,0,0,0,0,48,2026-02-05 12:24:11.485371
SMMR,25.09,25.16,25.17,4655.0,1607000.0,2015700.0,,3000.0,,0,0,0,0,0,0,0,0,0,0,0,0,0,0,0,0,0,0,0,0,0,0,0,0,0,0,0,0,0,0,48,2026-02-05 12:24:11.485371
ATMN,25.24,24.8,25.24,,2091600.0,2131700.0,,,,0,0,0,0,0,0,0,0,0,0,0,0,0,0,0,0,0,0,0,0,0,0,0,0,0,0,0,0,0,0,48,2026-02-05 12:24:11.485371
WNTR,25.18,25.14,25.16,,2087800.0,1515500.0,8821.0,,750.0,0,0,0,0,0,0,0,0,0,0,0,0,0,0,0,0,0,0,0,0,0,0,0,0,0,0,0,0,0,0,48,2026-02-05 12:24:11.485371
SPNG,24.71,24.71,25.03,2024600.0,2137.0,4560.0,1826500.0,0,0,0,0,0,0,0,0,0,0,0,0,0,0,0,0,0,0,0,0,0,0,0,0,0,0,0,0,0,0,0,0,49,2026-02-05 12:24:12.545245
SMMR,25.09,25.13,25.18,1745500.0,4655.0,3558.0,1816300.0,0,0,0,0,0,0,0,0,0,0,0,0,0,0,0,0,0,0,0,0,0,0,0,0,0,0,0,0,0,0,0,0,49,2026-02-05 12:24:12.545245
ATMN,25.02,25.02,25.16,2086500.0,,,2141000.0,0,0,0,0,0,0,0,0,0,0,0,0,0,0,0,0,0,0,0,0,0,0,0,0,0,0,0,0,0,0,0,0,49,2026-02-05 12:24:12.545245
WNTR,25.14,25.1,25.14,2110800.0,,,2073800.0,0,0,0,0,0,0,0,0,0,0,0,0,0,0,0,0,0,0,0,0,0,0,0,0,0,0,0,0,0,0,0,0,49,2026-02-05 12:24:12.545245
SPNG,25.24,24.76,25.15,2014800.0,2137.0,2008200.0,,,0,0,0,0,0,0,0,0,0,0,0,0,0,0,0,0,0,0,0,0,0,0,0,0,0,0,0,0,0,0,0,50,2026-02-05 12:24:13.600263
SMMR,25.03,25.03,25.18,1716200.0,4655.0,1751700.0,3000.0,3558.0,0,0,0,0,0,0,0,0,0,0,0,0,0,0,0,0,0,0,0,0,0,0,0,0,0,0,0,0,0,0,0,50,2026-02-05 12:24:13.600263
ATMN,24.79,24.79,24.91,2082600.0,,1909900.0,,3418.0,0,0,0,0,0,0,0,0,0,0,0,0,0,0,0,0,0,0,0,0,0,0,0,0,0,0,0,0,0,0,0,50,2026-02-05 12:24:13.600263
WNTR,25.19,25.08,25.14,1910500.0,3128.0,2068800.0,,,0,0,0,0,0,0,0,0,0,0,0,0,0,0,0,0,0,0,0,0,0,0,0,0,0,0,0,0,0,0,0,50,2026-02-05 12:24:13.600263
SPNG,25.11,24.98,25.09,1976900.0,2137.0,2015700.0,,,,0,0,0,0,0,0,0,0,0,0,0,0,0,0,0,0,0,0,0,0,0,0,0,0,0,0,0,0,0,0,51,2026-02-05 12:24:14.660739
SMMR,25.02,25.02,25.18,1699300.0,4655.0,1919800.0,1779.0,,,0,0,0,0,0,0,0,0,0,0,0,0,0,0,0,0,0,0,0,0,0,0,0,0,0,0,0,0,0,0,51,2026-02-05 12:24:14.660739
ATMN,24.91,24.92,25.03,2117700.0,,2039800.0,1709.0,,,0,0,0,0,0,0,0,0,0,0,0,0,0,0,0,0,0,0,0,0,0,0,0,0,0,0,0,0,0,0,51,2026-02-05 12:24:14.660739
WNTR,25.11,25.09,25.11,1910500.0,1564.0,1984300.0,,2365.0,2365.0,0,0,0,0,0,0,0,0,0,0,0,0,0,0,0,0,0,0,0,0,0,0,0,0,0,0,0,0,0,0,51,2026-02-05 12:24:14.660739
SPNG,25.15,24.98,25.09,2102300.0,1980300.0,,0,0,0,0,0,0,0,0,0,0,0,0,0,0,0,0,0,0,0,0,0,0,0,0,0,0,0,0,0,0,0,0,0,52,2026-02-05 12:24:15.712564
SMMR,25.01,24.97,25.0,2021200.0,1929100.0,1325.0,0,0,0,0,0,0,0,0,0,0,0,0,0,0,0,0,0,0,0,0,0,0,0,0,0,0,0,0,0,0,0,0,0,52,2026-02-05 12:24:15.712564
ATMN,24.95,24.95,25.16,2117700.0,2142600.0,,0,0,0,0,0,0,0,0,0,0,0,0,0,0,0,0,0,0,0,0,0,0,0,0,0,0,0,0,0,0,0,0,0,52,2026-02-05 12:24:15.712564
WNTR,25.11,25.08,25.11,2107000.0,1984300.0,1325.0,0,0,0,0,0,0,0,0,0,0,0,0,0,0,0,0,0,0,0,0,0,0,0,0,0,0,0,0,0,0,0,0,0,52,2026-02-05 12:24:15.712564
SPNG,25.09,24.98,24.99,2102300.0,3726.0,1827300.0,,,,0,0,0,0,0,0,0,0,0,0,0,0,0,0,0,0,0,0,0,0,0,0,0,0,0,0,0,0,0,0,53,2026-02-05 12:24:16.769861
SMMR,25.06,25.06,25.17,1995300.0,,1919800.0,1217.0,,,0,0,0,0,0,0,0,0,0,0,0,0,0,0,0,0,0,0,0,0,0,0,0,0,0,0,0,0,0,0,53,2026-02-05 12:24:16.769861
ATMN,25.16,24.79,25.16,2062600.0,,2142600.0,,,,0,0,0,0,0,0,0,0,0,0,0,0,0,0,0,0,0,0,0,0,0,0,0,0,0,0,0,0,0,0,53,2026-02-05 12:24:16.769861
WNTR,25.07,25.1,25.11,1870400.0,,1984300.0,1217.0,1983.0,1217.0,0,0,0,0,0,0,0,0,0,0,0,0,0,0,0,0,0,0,0,0,0,0,0,0,0,0,0,0,0,0,53,2026-02-05 12:24:16.769861
SPNG,25.13,24.89,25.13,2115900.0,1982700.0,,,,0,0,0,0,0,0,0,0,0,0,0,0,0,0,0,0,0,0,0,0,0,0,0,0,0,0,0,0,0,0,0,54,2026-02-05 12:24:17.814929
SMMR,24.97,25.08,25.2,1902300.0,1906700.0,925.0,925.0,,0,0,0,0,0,0,0,0,0,0,0,0,0,0,0,0,0,0,0,0,0,0,0,0,0,0,0,0,0,0,0,54,2026-02-05 12:24:17.814929
ATMN,25.16,25.02,25.16,1874800.0,2131300.0,,,5644.0,0,0,0,0,0,0,0,0,0,0,0,0,0,0,0,0,0,0,0,0,0,0,0,0,0,0,0,0,0,0,0,54,2026-02-05 12:24:17.814929
WNTR,25.22,25.11,25.15,1985000.0,1938600.0,925.0,925.0,,0,0,0,0,0,0,0,0,0,0,0,0,0,0,0,0,0,0,0,0,0,0,0,0,0,0,0,0,0,0,0,54,2026-02-05 12:24:17.814929
SPNG,25.13,25.08,25.13,1863.0,1985300.0,1982700.0,,,0,0,0,0,0,0,0,0,0,0,0,0,0,0,0,0,0,0,0,0,0,0,0,0,0,0,0,0,0,0,0,55,2026-02-05 12:24:18.414896
SMMR,24.97,24.97,25.2,,2032400.0,1889000.0,925.0,,0,0,0,0,0,0,0,0,0,0,0,0,0,0,0,0,0,0,0,0,0,0,0,0,0,0,0,0,0,0,0,55,2026-02-05 12:24:18.414896
ATMN,25.16,25.02,25.03,5644.0,1874800.0,2137500.0,,,0,0,0,0,0,0,0,0,0,0,0,0,0,0,0,0,0,0,0,0,0,0,0,0,0,0,0,0,0,0,0,55,2026-02-05 12:24:18.414896
WNTR,25.22,25.12,25.15,,1990200.0,1961500.0,925.0,925.0,0,0,0,0,0,0,0,0,0,0,0,0,0,0,0,0,0,0,0,0,0,0,0,0,0,0,0,0,0,0,0,55,2026-02-05 12:24:18.414896
SPNG,25.13,24.93,25.13,2110700.0,2004100.0,0,0,0,0,0,0,0,0,0,0,0,0,0,0,0,0,0,0,0,0,0,0,0,0,0,0,0,0,0,0,0,0,0,0,56,2026-02-05 12:24:19.462441
SMMR,24.97,24.97,25.21,2032200.0,1994400.0,0,0,0,0,0,0,0,0,0,0,0,0,0,0,0,0,0,0,0,0,0,0,0,0,0,0,0,0,0,0,0,0,0,0,56,2026-02-05 12:24:19.462441
ATMN,25.03,24.79,25.03,2062600.0,2176800.0,0,0,0,0,0,0,0,0,0,0,0,0,0,0,0,0,0,0,0,0,0,0,0,0,0,0,0,0,0,0,0,0,0,0,56,2026-02-05 12:24:19.462441
WNTR,25.12,25.08,25.11,2093900.0,2027100.0,0,0,0,0,0,0,0,0,0,0,0,0,0,0,0,0,0,0,0,0,0,0,0,0,0,0,0,0,0,0,0,0,0,0,56,2026-02-05 12:24:19.462441
SPNG,24.76,24.76,25.13,2118300.0,2001600.0,,,0,0,0,0,0,0,0,0,0,0,0,0,0,0,0,0,0,0,0,0,0,0,0,0,0,0,0,0,0,0,0,0,57,2026-02-05 12:24:20.514312
SMMR,24.97,24.97,25.09,1999900.0,1928900.0,658.0,,0,0,0,0,0,0,0,0,0,0,0,0,0,0,0,0,0,0,0,0,0,0,0,0,0,0,0,0,0,0,0,0,57,2026-02-05 12:24:20.514312
ATMN,25.03,24.78,24.95,2063000.0,2072200.0,,2822.0,0,0,0,0,0,0,0,0,0,0,0,0,0,0,0,0,0,0,0,0,0,0,0,0,0,0,0,0,0,0,0,0,57,2026-02-05 12:24:20.514312
WNTR,25.07,25.07,25.15,2113800.0,2065400.0,,,0,0,0,0,0,0,0,0,0,0,0,0,0,0,0,0,0,0,0,0,0,0,0,0,0,0,0,0,0,0,0,0,57,2026-02-05 12:24:20.514312
SPNG,24.76,24.76,25.13,2118300.0,2039700.0,0,0,0,0,0,0,0,0,0,0,0,0,0,0,0,0,0,0,0,0,0,0,0,0,0,0,0,0,0,0,0,0,0,0,58,2026-02-05 12:24:21.568810
SMMR,24.99,25.06,25.09,2055200.0,2017300.0,0,0,0,0,0,0,0,0,0,0,0,0,0,0,0,0,0,0,0,0,0,0,0,0,0,0,0,0,0,0,0,0,0,0,58,2026-02-05 12:24:21.568810
ATMN,24.77,24.77,24.92,2090300.0,2184800.0,0,0,0,0,0,0,0,0,0,0,0,0,0,0,0,0,0,0,0,0,0,0,0,0,0,0,0,0,0,0,0,0,0,0,58,2026-02-05 12:24:21.568810
WNTR,25.07,25.12,25.15,2097000.0,2065400.0,0,0,0,0,0,0,0,0,0,0,0,0,0,0,0,0,0,0,0,0,0,0,0,0,0,0,0,0,0,0,0,0,0,0,58,2026-02-05 12:24:21.568810
SPNG,24.86,24.86,25.13,2131600.0,2039700.0,0,0,0,0,0,0,0,0,0,0,0,0,0,0,0,0,0,0,0,0,0,0,0,0,0,0,0,0,0,0,0,0,0,0,59,2026-02-05 12:24:22.627368
SMMR,25.09,24.99,25.09,2021300.0,2017300.0,0,0,0,0,0,0,0,0,0,0,0,0,0,0,0,0,0,0,0,0,0,0,0,0,0,0,0,0,0,0,0,0,0,0,59,2026-02-05 12:24:22.627368
ATMN,24.92,24.88,24.92,2108700.0,2155900.0,0,0,0,0,0,0,0,0,0,0,0,0,0,0,0,0,0,0,0,0,0,0,0,0,0,0,0,0,0,0,0,0,0,0,59,2026-02-05 12:24:22.627368
WNTR,25.22,25.12,25.13,2097000.0,2099000.0,0,0,0,0,0,0,0,0,0,0,0,0,0,0,0,0,0,0,0,0,0,0,0,0,0,0,0,0,0,0,0,0,0,0,59,2026-02-05 12:24:22.627368
SPNG,24.54,24.54,24.92,909800.0,740500.0,0,0,0,0,0,0,0,0,0,0,0,0,0,0,0,0,0,0,0,0,0,0,0,0,0,0,0,0,0,0,0,0,0,0,60,2026-02-05 12:24:23.671462
SMMR,25.09,26.08,0.0,200000.0,,0,0,0,0,0,0,0,0,0,0,0,0,0,0,0,0,0,0,0,0,0,0,0,0,0,0,0,0,0,0,0,0,0,0,60,2026-02-05 12:24:23.671462
ATMN,24.28,24.28,24.52,908600.0,814400.0,0,0,0,0,0,0,0,0,0,0,0,0,0,0,0,0,0,0,0,0,0,0,0,0,0,0,0,0,0,0,0,0,0,0,60,2026-02-05 12:24:23.671462
WNTR,25.22,24.33,24.62,861600.0,813000.0,0,0,0,0,0,0,0,0,0,0,0,0,0,0,0,0,0,0,0,0,0,0,0,0,0,0,0,0,0,0,0,0,0,0,60,2026-02-05 12:24:23.671462
SPNG,23.79,23.79,24.38,1162700.0,860600.0,,,0,0,0,0,0,0,0,0,0,0,0,0,0,0,0,0,0,0,0,0,0,0,0,0,0,0,0,0,0,0,0,0,61,2026-02-05 12:24:24.719708
SMMR,26.18,26.15,26.18,868200.0,767000.0,,,0,0,0,0,0,0,0,0,0,0,0,0,0,0,0,0,0,0,0,0,0,0,0,0,0,0,0,0,0,0,0,0,61,2026-02-05 12:24:24.719708
ATMN,24.28,24.28,24.52,908600.0,1025500.0,,,0,0,0,0,0,0,0,0,0,0,0,0,0,0,0,0,0,0,0,0,0,0,0,0,0,0,0,0,0,0,0,0,61,2026-02-05 12:24:24.719708
WNTR,25.22,24.37,24.48,861600.0,1147200.0,10000.0,10000.0,0,0,0,0,0,0,0,0,0,0,0,0,0,0,0,0,0,0,0,0,0,0,0,0,0,0,0,0,0,0,0,0,61,2026-02-05 12:24:24.719708
SPNG,24.38,24.31,24.38,1508700.0,5600.0,860600.0,,0,0,0,0,0,0,0,0,0,0,0,0,0,0,0,0,0,0,0,0,0,0,0,0,0,0,0,0,0,0,0,0,62,2026-02-05 12:24:25.772423
SMMR,26.18,26.23,26.37,990100.0,6374.0,742100.0,,0,0,0,0,0,0,0,0,0,0,0,0,0,0,0,0,0,0,0,0,0,0,0,0,0,0,0,0,0,0,0,0,62,2026-02-05 12:24:25.772423
ATMN,24.21,24.33,24.47,907200.0,6532.0,1231600.0,6532.0,0,0,0,0,0,0,0,0,0,0,0,0,0,0,0,0,0,0,0,0,0,0,0,0,0,0,0,0,0,0,0,0,62,2026-02-05 12:24:25.772423
WNTR,24.12,24.21,24.41,874400.0,,1267300.0,18286.0,0,0,0,0,0,0,0,0,0,0,0,0,0,0,0,0,0,0,0,0,0,0,0,0,0,0,0,0,0,0,0,0,62,2026-02-05 12:24:25.772423
SPNG,24.66,24.66,24.91,1616800.0,5700.0,843700.0,,0,0,0,0,0,0,0,0,0,0,0,0,0,0,0,0,0,0,0,0,0,0,0,0,0,0,0,0,0,0,0,0,63,2026-02-05 12:24:26.830697
SMMR,26.19,26.08,26.12,891800.0,1430.0,1034200.0,9410.0,0,0,0,0,0,0,0,0,0,0,0,0,0,0,0,0,0,0,0,0,0,0,0,0,0,0,0,0,0,0,0,0,63,2026-02-05 12:24:26.830697
ATMN,24.21,24.22,24.29,923900.0,382.0,1554600.0,11138.0,0,0,0,0,0,0,0,0,0,0,0,0,0,0,0,0,0,0,0,0,0,0,0,0,0,0,0,0,0,0,0,0,63,2026-02-05 12:24:26.830697
WNTR,24.12,24.21,24.35,874400.0,,1592100.0,21322.0,0,0,0,0,0,0,0,0,0,0,0,0,0,0,0,0,0,0,0,0,0,0,0,0,0,0,0,0,0,0,0,0,63,2026-02-05 12:24:26.830697
SPNG,24.66,24.49,24.55,1599400.0,1070600.0,4560.0,,,0,0,0,0,0,0,0,0,0,0,0,0,0,0,0,0,0,0,0,0,0,0,0,0,0,0,0,0,0,0,0,64,2026-02-05 12:24:27.887548
SMMR,26.19,26.11,26.12,983400.0,1314500.0,4440.0,4440.0,2938.0,0,0,0,0,0,0,0,0,0,0,0,0,0,0,0,0,0,0,0,0,0,0,0,0,0,0,0,0,0,0,0,64,2026-02-05 12:24:27.887548
ATMN,24.11,24.11,24.32,1055000.0,1554600.0,,,,0,0,0,0,0,0,0,0,0,0,0,0,0,0,0,0,0,0,0,0,0,0,0,0,0,0,0,0,0,0,0,64,2026-02-05 12:24:27.887548
WNTR,24.12,24.12,24.27,892200.0,1778000.0,,,2938.0,0,0,0,0,0,0,0,0,0,0,0,0,0,0,0,0,0,0,0,0,0,0,0,0,0,0,0,0,0,0,0,64,2026-02-05 12:24:27.887548
SPNG,24.31,24.45,24.66,4465.0,1508700.0,1070300.0,4560.0,,,0,0,0,0,0,0,0,0,0,0,0,0,0,0,0,0,0,0,0,0,0,0,0,0,0,0,0,0,0,0,65,2026-02-05 12:24:28.937702
SMMR,25.98,26.11,26.13,3435.0,998800.0,1220900.0,4440.0,3435.0,,0,0,0,0,0,0,0,0,0,0,0,0,0,0,0,0,0,0,0,0,0,0,0,0,0,0,0,0,0,0,65,2026-02-05 12:24:28.937702
ATMN,24.15,24.11,24.14,3054.0,1182100.0,1668900.0,,4465.0,4130.0,0,0,0,0,0,0,0,0,0,0,0,0,0,0,0,0,0,0,0,0,0,0,0,0,0,0,0,0,0,0,65,2026-02-05 12:24:28.937702
WNTR,24.12,24.12,24.14,,999700.0,1700600.0,5000.0,7403.0,,0,0,0,0,0,0,0,0,0,0,0,0,0,0,0,0,0,0,0,0,0,0,0,0,0,0,0,0,0,0,65,2026-02-05 12:24:28.937702
SPNG,24.31,24.54,24.57,4186.0,4465.0,1508700.0,6466.0,1368000.0,2736.0,0,0,0,0,0,0,0,0,0,0,0,0,0,0,0,0,0,0,0,0,0,0,0,0,0,0,0,0,0,0,66,2026-02-05 12:24:29.979180
SMMR,25.99,25.98,25.99,,,998800.0,4440.0,1518700.0,8350.0,0,0,0,0,0,0,0,0,0,0,0,0,0,0,0,0,0,0,0,0,0,0,0,0,0,0,0,0,0,0,66,2026-02-05 12:24:29.979180
ATMN,24.15,24.11,24.14,4130.0,3796.0,1553900.0,,1668900.0,4465.0,0,0,0,0,0,0,0,0,0,0,0,0,0,0,0,0,0,0,0,0,0,0,0,0,0,0,0,0,0,0,66,2026-02-05 12:24:29.979180
WNTR,24.33,24.16,24.27,,4915.0,999700.0,,1918200.0,4915.0,0,0,0,0,0,0,0,0,0,0,0,0,0,0,0,0,0,0,0,0,0,0,0,0,0,0,0,0,0,0,66,2026-02-05 12:24:29.979180
SPNG,24.45,24.31,24.42,1605400.0,1486600.0,6466.0,5105.0,,,0,0,0,0,0,0,0,0,0,0,0,0,0,0,0,0,0,0,0,0,0,0,0,0,0,0,0,0,0,0,67,2026-02-05 12:24:30.512707
SMMR,25.95,25.59,25.81,768400.0,1422200.0,6580.0,8350.0,,,0,0,0,0,0,0,0,0,0,0,0,0,0,0,0,0,0,0,0,0,0,0,0,0,0,0,0,0,0,0,67,2026-02-05 12:24:30.512707
ATMN,24.15,24.11,24.13,1761300.0,1668900.0,,10854.0,3796.0,2065.0,0,0,0,0,0,0,0,0,0,0,0,0,0,0,0,0,0,0,0,0,0,0,0,0,0,0,0,0,0,0,67,2026-02-05 12:24:30.512707
WNTR,24.29,24.16,24.29,1125000.0,1918200.0,,,4915.0,,0,0,0,0,0,0,0,0,0,0,0,0,0,0,0,0,0,0,0,0,0,0,0,0,0,0,0,0,0,0,67,2026-02-05 12:24:30.512707
SPNG,24.42,24.32,24.4,1803400.0,1141.0,1486600.0,6466.0,,,0,0,0,0,0,0,0,0,0,0,0,0,0,0,0,0,0,0,0,0,0,0,0,0,0,0,0,0,0,0,68,2026-02-05 12:24:31.552022
SMMR,25.99,25.78,25.99,989300.0,,1518700.0,6580.0,903.0,,0,0,0,0,0,0,0,0,0,0,0,0,0,0,0,0,0,0,0,0,0,0,0,0,0,0,0,0,0,0,68,2026-02-05 12:24:31.552022
ATMN,24.06,24.36,24.45,1766100.0,,1459600.0,,,2065.0,0,0,0,0,0,0,0,0,0,0,0,0,0,0,0,0,0,0,0,0,0,0,0,0,0,0,0,0,0,0,68,2026-02-05 12:24:31.552022
WNTR,24.33,24.33,24.35,1239300.0,,1706600.0,,,3148.0,0,0,0,0,0,0,0,0,0,0,0,0,0,0,0,0,0,0,0,0,0,0,0,0,0,0,0,0,0,0,68,2026-02-05 12:24:31.552022
SPNG,24.33,24.34,24.39,5600.0,2094200.0,5600.0,1283400.0,2280.0,,0,0,0,0,0,0,0,0,0,0,0,0,0,0,0,0,0,0,0,0,0,0,0,0,0,0,0,0,0,0,69,2026-02-05 12:24:32.598880
SMMR,26.01,25.82,26.01,8226.0,989300.0,,1618800.0,5750.0,,0,0,0,0,0,0,0,0,0,0,0,0,0,0,0,0,0,0,0,0,0,0,0,0,0,0,0,0,0,0,69,2026-02-05 12:24:32.598880
ATMN,24.24,24.06,24.24,,1656700.0,6532.0,1801300.0,,2065.0,0,0,0,0,0,0,0,0,0,0,0,0,0,0,0,0,0,0,0,0,0,0,0,0,0,0,0,0,0,0,69,2026-02-05 12:24:32.598880
WNTR,24.08,24.16,24.35,4974.0,976600.0,8194.0,1706600.0,,,0,0,0,0,0,0,0,0,0,0,0,0,0,0,0,0,0,0,0,0,0,0,0,0,0,0,0,0,0,0,69,2026-02-05 12:24:32.598880
SPNG,24.33,24.32,24.66,2255900.0,1283400.0,2280.0,,0,0,0,0,0,0,0,0,0,0,0,0,0,0,0,0,0,0,0,0,0,0,0,0,0,0,0,0,0,0,0,0,70,2026-02-05 12:24:33.644820
SMMR,26.04,26.1,26.12,1276600.0,1401300.0,4400.0,,0,0,0,0,0,0,0,0,0,0,0,0,0,0,0,0,0,0,0,0,0,0,0,0,0,0,0,0,0,0,0,0,70,2026-02-05 12:24:33.644820
ATMN,24.24,24.11,24.24,1753600.0,1913100.0,3486.0,2065.0,0,0,0,0,0,0,0,0,0,0,0,0,0,0,0,0,0,0,0,0,0,0,0,0,0,0,0,0,0,0,0,0,70,2026-02-05 12:24:33.644820
WNTR,24.0,23.97,24.0,995000.0,1916400.0,5000.0,,0,0,0,0,0,0,0,0,0,0,0,0,0,0,0,0,0,0,0,0,0,0,0,0,0,0,0,0,0,0,0,0,70,2026-02-05 12:24:33.644820
SPNG,24.47,24.47,24.5,4458.0,100.0,1803000.0,6738.0,1412600.0,,0,0,0,0,0,0,0,0,0,0,0,0,0,0,0,0,0,0,0,0,0,0,0,0,0,0,0,0,0,0,71,2026-02-05 12:24:34.694017
SMMR,26.14,26.1,26.14,3614.0,,1276600.0,,1408300.0,,0,0,0,0,0,0,0,0,0,0,0,0,0,0,0,0,0,0,0,0,0,0,0,0,0,0,0,0,0,0,71,2026-02-05 12:24:34.694017
ATMN,24.11,24.11,24.35,2065.0,,1753600.0,,1796000.0,,0,0,0,0,0,0,0,0,0,0,0,0,0,0,0,0,0,0,0,0,0,0,0,0,0,0,0,0,0,0,71,2026-02-05 12:24:34.694017
WNTR,24.0,23.97,23.98,,501.0,1312500.0,5000.0,1732300.0,12967.0,0,0,0,0,0,0,0,0,0,0,0,0,0,0,0,0,0,0,0,0,0,0,0,0,0,0,0,0,0,0,71,2026-02-05 12:24:34.694017
SPNG,24.47,24.48,24.5,3826.0,1630200.0,4458.0,6738.0,4968.0,1412600.0,0,0,0,0,0,0,0,0,0,0,0,0,0,0,0,0,0,0,0,0,0,0,0,0,0,0,0,0,0,0,72,2026-02-05 12:24:35.739958
SMMR,26.17,26.15,26.17,14262.0,1389900.0,3614.0,,,1418200.0,0,0,0,0,0,0,0,0,0,0,0,0,0,0,0,0,0,0,0,0,0,0,0,0,0,0,0,0,0,0,72,2026-02-05 12:24:35.739958
ATMN,24.04,23.99,24.03,,1632900.0,,,8074.0,1995200.0,0,0,0,0,0,0,0,0,0,0,0,0,0,0,0,0,0,0,0,0,0,0,0,0,0,0,0,0,0,0,72,2026-02-05 12:24:35.739958
WNTR,24.26,24.15,24.22,501.0,1512800.0,3148.0,,6194.0,1913400.0,0,0,0,0,0,0,0,0,0,0,0,0,0,0,0,0,0,0,0,0,0,0,0,0,0,0,0,0,0,0,72,2026-02-05 12:24:35.739958
SPNG,24.48,24.48,24.5,1754600.0,6643.0,6738.0,1502300.0,,0,0,0,0,0,0,0,0,0,0,0,0,0,0,0,0,0,0,0,0,0,0,0,0,0,0,0,0,0,0,0,73,2026-02-05 12:24:36.777856
SMMR,26.06,26.03,26.06,1271800.0,,,1521700.0,,0,0,0,0,0,0,0,0,0,0,0,0,0,0,0,0,0,0,0,0,0,0,0,0,0,0,0,0,0,0,0,73,2026-02-05 12:24:36.777856
ATMN,24.04,23.99,24.03,1961200.0,,,1995200.0,,0,0,0,0,0,0,0,0,0,0,0,0,0,0,0,0,0,0,0,0,0,0,0,0,0,0,0,0,0,0,0,73,2026-02-05 12:24:36.777856
WNTR,24.42,24.42,24.44,1633200.0,3148.0,,1703200.0,6808.0,0,0,0,0,0,0,0,0,0,0,0,0,0,0,0,0,0,0,0,0,0,0,0,0,0,0,0,0,0,0,0,73,2026-02-05 12:24:36.777856
SPNG,24.48,24.48,24.49,1657900.0,100.0,6643.0,5446.0,8923.0,1519700.0,0,0,0,0,0,0,0,0,0,0,0,0,0,0,0,0,0,0,0,0,0,0,0,0,0,0,0,0,0,0,74,2026-02-05 12:24:37.821752
SMMR,26.06,26.08,26.09,1401200.0,3748.0,3578.0,,3578.0,1418200.0,0,0,0,0,0,0,0,0,0,0,0,0,0,0,0,0,0,0,0,0,0,0,0,0,0,0,0,0,0,0,74,2026-02-05 12:24:37.821752
ATMN,24.03,24.12,24.18,2209600.0,,,,,1997500.0,0,0,0,0,0,0,0,0,0,0,0,0,0,0,0,0,0,0,0,0,0,0,0,0,0,0,0,0,0,0,74,2026-02-05 12:24:37.821752
WNTR,24.15,24.19,24.4,1536000.0,5780.0,3148.0,6808.0,,1789300.0,0,0,0,0,0,0,0,0,0,0,0,0,0,0,0,0,0,0,0,0,0,0,0,0,0,0,0,0,0,0,74,2026-02-05 12:24:37.821752
SPNG,24.78,24.48,24.78,1558000.0,200.0,6643.0,1767800.0,2280.0,,0,0,0,0,0,0,0,0,0,0,0,0,0,0,0,0,0,0,0,0,0,0,0,0,0,0,0,0,0,0,75,2026-02-05 12:24:38.879266
SMMR,26.08,26.04,26.05,1291900.0,13748.0,3578.0,1515700.0,,,0,0,0,0,0,0,0,0,0,0,0,0,0,0,0,0,0,0,0,0,0,0,0,0,0,0,0,0,0,0,75,2026-02-05 12:24:38.879266
ATMN,24.19,24.28,24.35,2157100.0,100.0,,1988900.0,,,0,0,0,0,0,0,0,0,0,0,0,0,0,0,0,0,0,0,0,0,0,0,0,0,0,0,0,0,0,0,75,2026-02-05 12:24:38.879266
WNTR,24.15,24.32,24.38,1608000.0,13619.0,6264.0,1789300.0,,7984.0,0,0,0,0,0,0,0,0,0,0,0,0,0,0,0,0,0,0,0,0,0,0,0,0,0,0,0,0,0,0,75,2026-02-05 12:24:38.879266
SPNG,24.45,24.45,24.64,1957700.0,2207.0,3978.0,1678000.0,,,0,0,0,0,0,0,0,0,0,0,0,0,0,0,0,0,0,0,0,0,0,0,0,0,0,0,0,0,0,0,76,2026-02-05 12:24:39.927720
SMMR,26.07,26.08,26.17,1486900.0,,,1418200.0,,,0,0,0,0,0,0,0,0,0,0,0,0,0,0,0,0,0,0,0,0,0,0,0,0,0,0,0,0,0,0,76,2026-02-05 12:24:39.927720
ATMN,23.99,23.99,24.35,2185400.0,,,2094900.0,,,0,0,0,0,0,0,0,0,0,0,0,0,0,0,0,0,0,0,0,0,0,0,0,0,0,0,0,0,0,0,76,2026-02-05 12:24:39.927720
WNTR,24.4,24.31,24.37,1712000.0,6264.0,,1789300.0,2044.0,8148.0,0,0,0,0,0,0,0,0,0,0,0,0,0,0,0,0,0,0,0,0,0,0,0,0,0,0,0,0,0,0,76,2026-02-05 12:24:39.927720
SPNG,24.35,24.56,24.76,2060100.0,1252.0,1556900.0,2280.0,,,0,0,0,0,0,0,0,0,0,0,0,0,0,0,0,0,0,0,0,0,0,0,0,0,0,0,0,0,0,0,77,2026-02-05 12:24:40.994535
SMMR,26.03,25.98,26.0,1264600.0,16890.0,1531400.0,5000.0,3784.0,,0,0,0,0,0,0,0,0,0,0,0,0,0,0,0,0,0,0,0,0,0,0,0,0,0,0,0,0,0,0,77,2026-02-05 12:24:40.994535
ATMN,24.45,24.17,24.45,1913400.0,,2092100.0,,2037.0,4414.0,0,0,0,0,0,0,0,0,0,0,0,0,0,0,0,0,0,0,0,0,0,0,0,0,0,0,0,0,0,0,77,2026-02-05 12:24:40.994535
WNTR,24.37,24.28,24.37,1747400.0,8148.0,1901200.0,,5780.0,1574.0,0,0,0,0,0,0,0,0,0,0,0,0,0,0,0,0,0,0,0,0,0,0,0,0,0,0,0,0,0,0,77,2026-02-05 12:24:40.994535
SPNG,24.62,24.56,24.62,2060100.0,1676200.0,2597.0,2280.0,,,0,0,0,0,0,0,0,0,0,0,0,0,0,0,0,0,0,0,0,0,0,0,0,0,0,0,0,0,0,0,78,2026-02-05 12:24:41.546674
SMMR,26.12,25.98,26.0,1358100.0,1605000.0,8148.0,5000.0,3784.0,,0,0,0,0,0,0,0,0,0,0,0,0,0,0,0,0,0,0,0,0,0,0,0,0,0,0,0,0,0,0,78,2026-02-05 12:24:41.546674
ATMN,23.99,23.99,24.5,2185400.0,2065600.0,,,,,0,0,0,0,0,0,0,0,0,0,0,0,0,0,0,0,0,0,0,0,0,0,0,0,0,0,0,0,0,0,78,2026-02-05 12:24:41.546674
WNTR,24.36,24.28,24.34,1747400.0,2010000.0,8148.0,,5780.0,1574.0,0,0,0,0,0,0,0,0,0,0,0,0,0,0,0,0,0,0,0,0,0,0,0,0,0,0,0,0,0,0,78,2026-02-05 12:24:41.546674
SPNG,24.32,24.52,24.61,2061700.0,2697.0,1423600.0,7280.0,,,0,0,0,0,0,0,0,0,0,0,0,0,0,0,0,0,0,0,0,0,0,0,0,0,0,0,0,0,0,0,79,2026-02-05 12:24:42.594596
SMMR,26.1,25.98,26.1,1458500.0,8148.0,1608300.0,2500.0,12526.0,3344.0,0,0,0,0,0,0,0,0,0,0,0,0,0,0,0,0,0,0,0,0,0,0,0,0,0,0,0,0,0,0,79,2026-02-05 12:24:42.594596
ATMN,24.13,23.99,24.11,2185400.0,100.0,2028000.0,,,,0,0,0,0,0,0,0,0,0,0,0,0,0,0,0,0,0,0,0,0,0,0,0,0,0,0,0,0,0,0,79,2026-02-05 12:24:42.594596
WNTR,24.34,24.3,24.34,1725700.0,9813.0,1926800.0,,,1574.0,0,0,0,0,0,0,0,0,0,0,0,0,0,0,0,0,0,0,0,0,0,0,0,0,0,0,0,0,0,0,79,2026-02-05 12:24:42.594596
SPNG,24.31,24.31,24.58,2132600.0,5600.0,1727700.0,2280.0,,,0,0,0,0,0,0,0,0,0,0,0,0,0,0,0,0,0,0,0,0,0,0,0,0,0,0,0,0,0,0,80,2026-02-05 12:24:43.651094
SMMR,25.98,25.93,25.98,1680800.0,5226.0,1523400.0,5844.0,3344.0,,0,0,0,0,0,0,0,0,0,0,0,0,0,0,0,0,0,0,0,0,0,0,0,0,0,0,0,0,0,0,80,2026-02-05 12:24:43.651094
ATMN,24.3,24.43,24.5,1910600.0,,2065600.0,,2700.0,100.0,0,0,0,0,0,0,0,0,0,0,0,0,0,0,0,0,0,0,0,0,0,0,0,0,0,0,0,0,0,0,80,2026-02-05 12:24:43.651094
WNTR,24.23,24.32,24.33,1736100.0,10000.0,2021400.0,,5556.0,721.0,0,0,0,0,0,0,0,0,0,0,0,0,0,0,0,0,0,0,0,0,0,0,0,0,0,0,0,0,0,0,80,2026-02-05 12:24:43.651094
SPNG,24.63,24.71,24.74,2500.0,1859100.0,5600.0,7280.0,1673900.0,,0,0,0,0,0,0,0,0,0,0,0,0,0,0,0,0,0,0,0,0,0,0,0,0,0,0,0,0,0,0,81,2026-02-05 12:24:44.690240
SMMR,25.97,25.97,25.98,3344.0,1666000.0,7909.0,5844.0,1523400.0,5226.0,0,0,0,0,0,0,0,0,0,0,0,0,0,0,0,0,0,0,0,0,0,0,0,0,0,0,0,0,0,0,81,2026-02-05 12:24:44.690240
ATMN,24.43,24.43,24.5,2700.0,1790700.0,6427.0,,2074900.0,,0,0,0,0,0,0,0,0,0,0,0,0,0,0,0,0,0,0,0,0,0,0,0,0,0,0,0,0,0,0,81,2026-02-05 12:24:44.690240
WNTR,24.29,24.29,24.32,1574.0,1752100.0,,3982.0,1604200.0,20100.0,0,0,0,0,0,0,0,0,0,0,0,0,0,0,0,0,0,0,0,0,0,0,0,0,0,0,0,0,0,0,81,2026-02-05 12:24:44.690240
SPNG,24.31,24.31,24.74,2146400.0,7280.0,1673900.0,,0,0,0,0,0,0,0,0,0,0,0,0,0,0,0,0,0,0,0,0,0,0,0,0,0,0,0,0,0,0,0,0,82,2026-02-05 12:24:45.732089
SMMR,26.04,26.04,26.1,1682800.0,2500.0,1828400.0,5060.0,0,0,0,0,0,0,0,0,0,0,0,0,0,0,0,0,0,0,0,0,0,0,0,0,0,0,0,0,0,0,0,0,82,2026-02-05 12:24:45.732089
ATMN,24.43,24.43,24.5,2129300.0,,2129500.0,1350.0,0,0,0,0,0,0,0,0,0,0,0,0,0,0,0,0,0,0,0,0,0,0,0,0,0,0,0,0,0,0,0,0,82,2026-02-05 12:24:45.732089
WNTR,24.29,24.29,24.33,2007900.0,3982.0,1907300.0,1574.0,0,0,0,0,0,0,0,0,0,0,0,0,0,0,0,0,0,0,0,0,0,0,0,0,0,0,0,0,0,0,0,0,82,2026-02-05 12:24:45.732089
SPNG,24.25,24.25,24.69,2329800.0,100.0,7280.0,1635300.0,,,0,0,0,0,0,0,0,0,0,0,0,0,0,0,0,0,0,0,0,0,0,0,0,0,0,0,0,0,0,0,83,2026-02-05 12:24:46.778204
SMMR,25.97,25.97,26.08,1656400.0,,2500.0,1818500.0,5060.0,,0,0,0,0,0,0,0,0,0,0,0,0,0,0,0,0,0,0,0,0,0,0,0,0,0,0,0,0,0,0,83,2026-02-05 12:24:46.778204
ATMN,24.43,24.1,24.37,2135900.0,100.0,3200.0,1767700.0,1350.0,,0,0,0,0,0,0,0,0,0,0,0,0,0,0,0,0,0,0,0,0,0,0,0,0,0,0,0,0,0,0,83,2026-02-05 12:24:46.778204
WNTR,24.07,24.29,24.39,1764600.0,,,2083300.0,,1475.0,0,0,0,0,0,0,0,0,0,0,0,0,0,0,0,0,0,0,0,0,0,0,0,0,0,0,0,0,0,0,83,2026-02-05 12:24:46.778204
SPNG,24.82,24.36,24.63,3680.0,2188600.0,1601.0,1857000.0,,,0,0,0,0,0,0,0,0,0,0,0,0,0,0,0,0,0,0,0,0,0,0,0,0,0,0,0,0,0,0,84,2026-02-05 12:24:47.840931
SMMR,26.09,26.06,26.09,5981.0,1592600.0,2500.0,1728300.0,5060.0,3718.0,0,0,0,0,0,0,0,0,0,0,0,0,0,0,0,0,0,0,0,0,0,0,0,0,0,0,0,0,0,0,84,2026-02-05 12:24:47.840931
ATMN,24.08,24.08,24.32,,2272200.0,3200.0,1653300.0,,3436.0,0,0,0,0,0,0,0,0,0,0,0,0,0,0,0,0,0,0,0,0,0,0,0,0,0,0,0,0,0,0,84,2026-02-05 12:24:47.840931
WNTR,24.15,24.15,24.18,,1994700.0,3808.0,1762000.0,,5981.0,0,0,0,0,0,0,0,0,0,0,0,0,0,0,0,0,0,0,0,0,0,0,0,0,0,0,0,0,0,0,84,2026-02-05 12:24:47.840931
SPNG,24.82,24.21,24.82,2346300.0,1959200.0,,,0,0,0,0,0,0,0,0,0,0,0,0,0,0,0,0,0,0,0,0,0,0,0,0,0,0,0,0,0,0,0,0,85,2026-02-05 12:24:48.873805
SMMR,26.1,26.1,26.12,1590800.0,1623800.0,7790.0,6924.0,0,0,0,0,0,0,0,0,0,0,0,0,0,0,0,0,0,0,0,0,0,0,0,0,0,0,0,0,0,0,0,0,85,2026-02-05 12:24:48.873805
ATMN,24.15,24.07,24.08,2142100.0,1871800.0,2500.0,3200.0,0,0,0,0,0,0,0,0,0,0,0,0,0,0,0,0,0,0,0,0,0,0,0,0,0,0,0,0,0,0,0,0,85,2026-02-05 12:24:48.873805
WNTR,24.35,24.15,24.26,2099900.0,2128100.0,,,0,0,0,0,0,0,0,0,0,0,0,0,0,0,0,0,0,0,0,0,0,0,0,0,0,0,0,0,0,0,0,0,85,2026-02-05 12:24:48.873805
SPNG,24.27,24.21,24.27,2300400.0,1897300.0,4200.0,,,,0,0,0,0,0,0,0,0,0,0,0,0,0,0,0,0,0,0,0,0,0,0,0,0,0,0,0,0,0,0,86,2026-02-05 12:24:49.911777
SMMR,26.1,26.08,26.09,1604200.0,1494000.0,18481.0,7790.0,6924.0,,0,0,0,0,0,0,0,0,0,0,0,0,0,0,0,0,0,0,0,0,0,0,0,0,0,0,0,0,0,0,86,2026-02-05 12:24:49.911777
ATMN,24.15,24.07,24.08,1894200.0,1632500.0,6532.0,5000.0,6600.0,1633.0,0,0,0,0,0,0,0,0,0,0,0,0,0,0,0,0,0,0,0,0,0,0,0,0,0,0,0,0,0,0,86,2026-02-05 12:24:49.911777
WNTR,24.22,24.22,24.23,1812900.0,1801900.0,16291.0,3178.0,1589.0,7667.0,0,0,0,0,0,0,0,0,0,0,0,0,0,0,0,0,0,0,0,0,0,0,0,0,0,0,0,0,0,0,86,2026-02-05 12:24:49.911777
SPNG,24.27,24.23,24.25,5000.0,1945200.0,4300.0,5000.0,1639200.0,,0,0,0,0,0,0,0,0,0,0,0,0,0,0,0,0,0,0,0,0,0,0,0,0,0,0,0,0,0,0,87,2026-02-05 12:24:50.949244
SMMR,25.98,26.07,26.09,5578.0,1618500.0,18481.0,6924.0,1483200.0,5610.0,0,0,0,0,0,0,0,0,0,0,0,0,0,0,0,0,0,0,0,0,0,0,0,0,0,0,0,0,0,0,87,2026-02-05 12:24:50.949244
ATMN,24.08,24.07,24.08,5000.0,1828700.0,10913.0,6600.0,1547300.0,1633.0,0,0,0,0,0,0,0,0,0,0,0,0,0,0,0,0,0,0,0,0,0,0,0,0,0,0,0,0,0,0,87,2026-02-05 12:24:50.949244
WNTR,24.15,24.18,24.24,3178.0,1824300.0,7814.0,,2026400.0,7814.0,0,0,0,0,0,0,0,0,0,0,0,0,0,0,0,0,0,0,0,0,0,0,0,0,0,0,0,0,0,0,87,2026-02-05 12:24:50.949244
SPNG,24.27,24.23,24.26,5000.0,1760100.0,3580.0,5000.0,1814600.0,0,0,0,0,0,0,0,0,0,0,0,0,0,0,0,0,0,0,0,0,0,0,0,0,0,0,0,0,0,0,0,88,2026-02-05 12:24:52.013951
SMMR,26.05,26.06,26.08,3366.0,1747200.0,100.0,9136.0,1590600.0,0,0,0,0,0,0,0,0,0,0,0,0,0,0,0,0,0,0,0,0,0,0,0,0,0,0,0,0,0,0,0,88,2026-02-05 12:24:52.013951
ATMN,24.03,24.19,24.22,,2058500.0,4654.0,1600.0,2036000.0,0,0,0,0,0,0,0,0,0,0,0,0,0,0,0,0,0,0,0,0,0,0,0,0,0,0,0,0,0,0,0,88,2026-02-05 12:24:52.013951
WNTR,24.44,24.24,24.44,3178.0,1825700.0,5817.0,,1986200.0,0,0,0,0,0,0,0,0,0,0,0,0,0,0,0,0,0,0,0,0,0,0,0,0,0,0,0,0,0,0,0,88,2026-02-05 12:24:52.013951
SPNG,24.56,24.56,24.82,1735000.0,5000.0,7823.0,1959200.0,,,0,0,0,0,0,0,0,0,0,0,0,0,0,0,0,0,0,0,0,0,0,0,0,0,0,0,0,0,0,0,89,2026-02-05 12:24:53.045432
SMMR,26.05,26.05,26.07,1757200.0,3366.0,4829.0,1483200.0,7329.0,9136.0,0,0,0,0,0,0,0,0,0,0,0,0,0,0,0,0,0,0,0,0,0,0,0,0,0,0,0,0,0,0,89,2026-02-05 12:24:53.045432
ATMN,24.26,24.26,24.5,2044600.0,,4510.0,2028700.0,,1600.0,0,0,0,0,0,0,0,0,0,0,0,0,0,0,0,0,0,0,0,0,0,0,0,0,0,0,0,0,0,0,89,2026-02-05 12:24:53.045432
WNTR,24.4,24.4,24.44,1610200.0,6481.0,13146.0,1988600.0,1895.0,,0,0,0,0,0,0,0,0,0,0,0,0,0,0,0,0,0,0,0,0,0,0,0,0,0,0,0,0,0,0,89,2026-02-05 12:24:53.045432
SPNG,24.57,24.62,24.82,7923.0,1487700.0,7500.0,1964300.0,,,0,0,0,0,0,0,0,0,0,0,0,0,0,0,0,0,0,0,0,0,0,0,0,0,0,0,0,0,0,0,90,2026-02-05 12:24:54.077605
SMMR,26.08,26.09,26.1,12939.0,1694100.0,3366.0,1599200.0,9278.0,6062.0,0,0,0,0,0,0,0,0,0,0,0,0,0,0,0,0,0,0,0,0,0,0,0,0,0,0,0,0,0,0,90,2026-02-05 12:24:54.077605
ATMN,24.26,24.33,24.46,4610.0,1947600.0,,1887100.0,100.0,1600.0,0,0,0,0,0,0,0,0,0,0,0,0,0,0,0,0,0,0,0,0,0,0,0,0,0,0,0,0,0,0,90,2026-02-05 12:24:54.077605
WNTR,24.41,24.4,24.41,15095.0,1610200.0,6481.0,1908700.0,9224.0,,0,0,0,0,0,0,0,0,0,0,0,0,0,0,0,0,0,0,0,0,0,0,0,0,0,0,0,0,0,0,90,2026-02-05 12:24:54.077605
SPNG,24.23,24.23,24.82,1700700.0,7823.0,5000.0,1963600.0,,,0,0,0,0,0,0,0,0,0,0,0,0,0,0,0,0,0,0,0,0,0,0,0,0,0,0,0,0,0,0,91,2026-02-05 12:24:54.613187
SMMR,26.1,26.09,26.1,1694100.0,12939.0,3366.0,1481100.0,9278.0,7412.0,0,0,0,0,0,0,0,0,0,0,0,0,0,0,0,0,0,0,0,0,0,0,0,0,0,0,0,0,0,0,91,2026-02-05 12:24:54.613187
ATMN,24.26,24.41,24.46,1760900.0,4610.0,4122.0,1887100.0,100.0,1600.0,0,0,0,0,0,0,0,0,0,0,0,0,0,0,0,0,0,0,0,0,0,0,0,0,0,0,0,0,0,0,91,2026-02-05 12:24:54.613187
WNTR,24.44,24.4,24.44,1610200.0,15095.0,6481.0,1868500.0,9224.0,,0,0,0,0,0,0,0,0,0,0,0,0,0,0,0,0,0,0,0,0,0,0,0,0,0,0,0,0,0,0,91,2026-02-05 12:24:54.613187
SPNG,24.83,24.23,24.59,1907200.0,5000.0,1959000.0,,,,0,0,0,0,0,0,0,0,0,0,0,0,0,0,0,0,0,0,0,0,0,0,0,0,0,0,0,0,0,0,92,2026-02-05 12:24:55.651384
SMMR,26.05,26.05,26.1,1861200.0,3366.0,1479000.0,7412.0,100.0,,0,0,0,0,0,0,0,0,0,0,0,0,0,0,0,0,0,0,0,0,0,0,0,0,0,0,0,0,0,0,92,2026-02-05 12:24:55.651384
ATMN,24.26,24.26,24.41,2178400.0,,1774500.0,5722.0,,,0,0,0,0,0,0,0,0,0,0,0,0,0,0,0,0,0,0,0,0,0,0,0,0,0,0,0,0,0,0,92,2026-02-05 12:24:55.651384
WNTR,24.44,24.43,24.44,1610200.0,7409.0,1899500.0,3374.0,,420.0,0,0,0,0,0,0,0,0,0,0,0,0,0,0,0,0,0,0,0,0,0,0,0,0,0,0,0,0,0,0,92,2026-02-05 12:24:55.651384
SPNG,24.51,24.4,24.51,5200.0,5600.0,1733900.0,5600.0,1876300.0,,0,0,0,0,0,0,0,0,0,0,0,0,0,0,0,0,0,0,0,0,0,0,0,0,0,0,0,0,0,0,93,2026-02-05 12:24:56.685639
SMMR,26.04,26.02,26.04,3366.0,,1834800.0,9525.0,1412800.0,8253.0,0,0,0,0,0,0,0,0,0,0,0,0,0,0,0,0,0,0,0,0,0,0,0,0,0,0,0,0,0,0,93,2026-02-05 12:24:56.685639
ATMN,24.25,24.1,24.25,,,2139100.0,4517.0,1708600.0,5722.0,0,0,0,0,0,0,0,0,0,0,0,0,0,0,0,0,0,0,0,0,0,0,0,0,0,0,0,0,0,0,93,2026-02-05 12:24:56.685639
WNTR,24.48,24.43,24.48,7409.0,7670.0,1501200.0,,1871300.0,3374.0,0,0,0,0,0,0,0,0,0,0,0,0,0,0,0,0,0,0,0,0,0,0,0,0,0,0,0,0,0,0,93,2026-02-05 12:24:56.685639
SPNG,24.51,24.48,24.49,1621700.0,9184.0,5200.0,5700.0,1804500.0,,0,0,0,0,0,0,0,0,0,0,0,0,0,0,0,0,0,0,0,0,0,0,0,0,0,0,0,0,0,0,94,2026-02-05 12:24:57.729475
SMMR,26.15,26.02,26.15,1834800.0,,3366.0,,1935000.0,,0,0,0,0,0,0,0,0,0,0,0,0,0,0,0,0,0,0,0,0,0,0,0,0,0,0,0,0,0,0,94,2026-02-05 12:24:57.729475
ATMN,24.41,24.16,24.17,1855400.0,4779.0,4820.0,2389.0,1604300.0,8481.0,0,0,0,0,0,0,0,0,0,0,0,0,0,0,0,0,0,0,0,0,0,0,0,0,0,0,0,0,0,0,94,2026-02-05 12:24:57.729475
WNTR,24.48,24.44,24.45,1521700.0,15436.0,5722.0,1974.0,1800300.0,3374.0,0,0,0,0,0,0,0,0,0,0,0,0,0,0,0,0,0,0,0,0,0,0,0,0,0,0,0,0,0,0,94,2026-02-05 12:24:57.729475
SPNG,24.28,24.39,24.59,1829700.0,5786.0,1980500.0,,,,0,0,0,0,0,0,0,0,0,0,0,0,0,0,0,0,0,0,0,0,0,0,0,0,0,0,0,0,0,0,95,2026-02-05 12:24:58.768212
SMMR,26.15,26.06,26.1,1752700.0,3366.0,1859100.0,7022.0,100.0,,0,0,0,0,0,0,0,0,0,0,0,0,0,0,0,0,0,0,0,0,0,0,0,0,0,0,0,0,0,0,95,2026-02-05 12:24:58.768212
ATMN,24.41,24.16,24.41,1854100.0,4820.0,1861000.0,5617.0,,3661.0,0,0,0,0,0,0,0,0,0,0,0,0,0,0,0,0,0,0,0,0,0,0,0,0,0,0,0,0,0,0,95,2026-02-05 12:24:58.768212
WNTR,24.41,24.41,24.45,1923600.0,4035.0,1966900.0,,,1687.0,0,0,0,0,0,0,0,0,0,0,0,0,0,0,0,0,0,0,0,0,0,0,0,0,0,0,0,0,0,0,95,2026-02-05 12:24:58.768212
SPNG,24.59,24.23,24.59,2071700.0,2500.0,1980500.0,,,,0,0,0,0,0,0,0,0,0,0,0,0,0,0,0,0,0,0,0,0,0,0,0,0,0,0,0,0,0,0,96,2026-02-05 12:24:59.799580
SMMR,26.1,26.09,26.1,1439000.0,7054.0,1559900.0,16192.0,6556.0,3688.0,0,0,0,0,0,0,0,0,0,0,0,0,0,0,0,0,0,0,0,0,0,0,0,0,0,0,0,0,0,0,96,2026-02-05 12:24:59.799580
ATMN,24.41,24.23,24.36,1854100.0,2410.0,1817200.0,12149.0,100.0,3661.0,0,0,0,0,0,0,0,0,0,0,0,0,0,0,0,0,0,0,0,0,0,0,0,0,0,0,0,0,0,0,96,2026-02-05 12:24:59.799580
WNTR,24.48,24.42,24.45,1814600.0,4035.0,1971400.0,9170.0,,1687.0,0,0,0,0,0,0,0,0,0,0,0,0,0,0,0,0,0,0,0,0,0,0,0,0,0,0,0,0,0,0,96,2026-02-05 12:24:59.799580
SPNG,24.59,24.37,24.49,1991200.0,100.0,2500.0,100.0,1908700.0,,0,0,0,0,0,0,0,0,0,0,0,0,0,0,0,0,0,0,0,0,0,0,0,0,0,0,0,0,0,0,97,2026-02-05 12:25:00.838455
SMMR,26.02,26.09,26.1,1752700.0,3199.0,3366.0,8709.0,1467000.0,3688.0,0,0,0,0,0,0,0,0,0,0,0,0,0,0,0,0,0,0,0,0,0,0,0,0,0,0,0,0,0,0,97,2026-02-05 12:25:00.838455
ATMN,24.18,24.18,24.24,1949500.0,5617.0,2410.0,1288.0,1490900.0,8481.0,0,0,0,0,0,0,0,0,0,0,0,0,0,0,0,0,0,0,0,0,0,0,0,0,0,0,0,0,0,0,97,2026-02-05 12:25:00.838455
WNTR,24.35,24.35,24.45,1930700.0,,4035.0,1394.0,1893500.0,1687.0,0,0,0,0,0,0,0,0,0,0,0,0,0,0,0,0,0,0,0,0,0,0,0,0,0,0,0,0,0,0,97,2026-02-05 12:25:00.838455
SPNG,24.23,24.23,24.45,2074000.0,2500.0,1643.0,1856700.0,,0,0,0,0,0,0,0,0,0,0,0,0,0,0,0,0,0,0,0,0,0,0,0,0,0,0,0,0,0,0,0,98,2026-02-05 12:25:01.879195
SMMR,26.02,26.02,26.1,1834800.0,3366.0,1844.0,1753800.0,9516.0,0,0,0,0,0,0,0,0,0,0,0,0,0,0,0,0,0,0,0,0,0,0,0,0,0,0,0,0,0,0,0,98,2026-02-05 12:25:01.879195
ATMN,24.17,24.17,24.22,2063800.0,2410.0,8481.0,1602700.0,7320.0,0,0,0,0,0,0,0,0,0,0,0,0,0,0,0,0,0,0,0,0,0,0,0,0,0,0,0,0,0,0,0,98,2026-02-05 12:25:01.879195
WNTR,24.35,24.41,24.42,1927900.0,4035.0,1687.0,1912700.0,7320.0,0,0,0,0,0,0,0,0,0,0,0,0,0,0,0,0,0,0,0,0,0,0,0,0,0,0,0,0,0,0,0,98,2026-02-05 12:25:01.879195
SPNG,24.48,24.57,24.9,2076800.0,2500.0,1919600.0,,0,0,0,0,0,0,0,0,0,0,0,0,0,0,0,0,0,0,0,0,0,0,0,0,0,0,0,0,0,0,0,0,99,2026-02-05 12:25:02.923209
SMMR,26.15,26.1,26.15,1844600.0,3366.0,1873200.0,1844.0,0,0,0,0,0,0,0,0,0,0,0,0,0,0,0,0,0,0,0,0,0,0,0,0,0,0,0,0,0,0,0,0,99,2026-02-05 12:25:02.923209
ATMN,24.1,24.21,24.28,2039900.0,1637.0,1728900.0,6935.0,0,0,0,0,0,0,0,0,0,0,0,0,0,0,0,0,0,0,0,0,0,0,0,0,0,0,0,0,0,0,0,0,99,2026-02-05 12:25:02.923209
WNTR,24.48,24.41,24.48,1917800.0,4035.0,1997700.0,1687.0,0,0,0,0,0,0,0,0,0,0,0,0,0,0,0,0,0,0,0,0,0,0,0,0,0,0,0,0,0,0,0,0,99,2026-02-05 12:25:02.923209
SPNG,24.23,24.72,24.83,3286.0,1996700.0,1962800.0,,,,0,0,0,0,0,0,0,0,0,0,0,0,0,0,0,0,0,0,0,0,0,0,0,0,0,0,0,0,0,0,100,2026-02-05 12:25:03.974453
SMMR,26.12,26.02,26.12,3366.0,1834800.0,1864800.0,1844.0,,,0,0,0,0,0,0,0,0,0,0,0,0,0,0,0,0,0,0,0,0,0,0,0,0,0,0,0,0,0,0,100,2026-02-05 12:25:03.974453
ATMN,24.28,24.21,24.28,1637.0,2031000.0,1728900.0,6935.0,,,0,0,0,0,0,0,0,0,0,0,0,0,0,0,0,0,0,0,0,0,0,0,0,0,0,0,0,0,0,0,100,2026-02-05 12:25:03.974453
WNTR,24.48,24.42,24.46,8283.0,1649100.0,1691700.0,5935.0,3000.0,750.0,0,0,0,0,0,0,0,0,0,0,0,0,0,0,0,0,0,0,0,0,0,0,0,0,0,0,0,0,0,0,100,2026-02-05 12:25:03.974453
SPNG,24.72,24.23,24.45,2204600.0,1796600.0,3286.0,,,,0,0,0,0,0,0,0,0,0,0,0,0,0,0,0,0,0,0,0,0,0,0,0,0,0,0,0,0,0,0,101,2026-02-05 12:25:05.024279
SMMR,26.01,26.08,26.09,1647100.0,1565500.0,6844.0,8366.0,1500.0,,0,0,0,0,0,0,0,0,0,0,0,0,0,0,0,0,0,0,0,0,0,0,0,0,0,0,0,0,0,0,101,2026-02-05 12:25:05.024279
ATMN,24.37,24.37,24.41,2187700.0,1929300.0,3661.0,,,,0,0,0,0,0,0,0,0,0,0,0,0,0,0,0,0,0,0,0,0,0,0,0,0,0,0,0,0,0,0,101,2026-02-05 12:25:05.024279
WNTR,24.5,24.5,24.52,1645300.0,2092400.0,,8283.0,,3000.0,0,0,0,0,0,0,0,0,0,0,0,0,0,0,0,0,0,0,0,0,0,0,0,0,0,0,0,0,0,0,101,2026-02-05 12:25:05.024279
SPNG,24.83,24.48,24.83,2208700.0,1980200.0,,,,,0,0,0,0,0,0,0,0,0,0,0,0,0,0,0,0,0,0,0,0,0,0,0,0,0,0,0,0,0,0,102,2026-02-05 12:25:06.071533
SMMR,26.05,26.05,26.08,1745900.0,1575700.0,2250.0,3366.0,2250.0,6844.0,0,0,0,0,0,0,0,0,0,0,0,0,0,0,0,0,0,0,0,0,0,0,0,0,0,0,0,0,0,0,102,2026-02-05 12:25:06.071533
ATMN,24.24,24.27,24.41,2053100.0,1929300.0,,2500.0,,3661.0,0,0,0,0,0,0,0,0,0,0,0,0,0,0,0,0,0,0,0,0,0,0,0,0,0,0,0,0,0,0,102,2026-02-05 12:25:06.071533
WNTR,24.39,24.36,24.39,1627500.0,2061000.0,2250.0,9035.0,2250.0,,0,0,0,0,0,0,0,0,0,0,0,0,0,0,0,0,0,0,0,0,0,0,0,0,0,0,0,0,0,0,102,2026-02-05 12:25:06.071533
SPNG,24.48,24.23,24.27,2204600.0,1834400.0,4410.0,,,,0,0,0,0,0,0,0,0,0,0,0,0,0,0,0,0,0,0,0,0,0,0,0,0,0,0,0,0,0,0,103,2026-02-05 12:25:07.138971
SMMR,26.05,26.05,26.06,1763300.0,1582200.0,6844.0,2250.0,3366.0,2250.0,0,0,0,0,0,0,0,0,0,0,0,0,0,0,0,0,0,0,0,0,0,0,0,0,0,0,0,0,0,0,103,2026-02-05 12:25:07.138971
ATMN,24.04,24.04,24.41,2174600.0,1891600.0,3661.0,,,,0,0,0,0,0,0,0,0,0,0,0,0,0,0,0,0,0,0,0,0,0,0,0,0,0,0,0,0,0,0,103,2026-02-05 12:25:07.138971
WNTR,24.52,24.34,24.52,1919500.0,2118600.0,,,4035.0,,0,0,0,0,0,0,0,0,0,0,0,0,0,0,0,0,0,0,0,0,0,0,0,0,0,0,0,0,0,0,103,2026-02-05 12:25:07.138971
SPNG,24.83,24.23,24.83,2204600.0,1980200.0,,,,,0,0,0,0,0,0,0,0,0,0,0,0,0,0,0,0,0,0,0,0,0,0,0,0,0,0,0,0,0,0,104,2026-02-05 12:25:07.679124
SMMR,26.08,26.05,26.06,1542400.0,1590200.0,2250.0,6566.0,5944.0,2250.0,0,0,0,0,0,0,0,0,0,0,0,0,0,0,0,0,0,0,0,0,0,0,0,0,0,0,0,0,0,0,104,2026-02-05 12:25:07.679124
ATMN,24.01,24.01,24.02,2179800.0,1899600.0,,,3661.0,,0,0,0,0,0,0,0,0,0,0,0,0,0,0,0,0,0,0,0,0,0,0,0,0,0,0,0,0,0,0,104,2026-02-05 12:25:07.679124
WNTR,24.52,24.34,24.52,1919500.0,2124700.0,,4035.0,,,0,0,0,0,0,0,0,0,0,0,0,0,0,0,0,0,0,0,0,0,0,0,0,0,0,0,0,0,0,0,104,2026-02-05 12:25:07.679124
SPNG,24.21,24.21,24.72,2190500.0,1968900.0,,,,,0,0,0,0,0,0,0,0,0,0,0,0,0,0,0,0,0,0,0,0,0,0,0,0,0,0,0,0,0,0,105,2026-02-05 12:25:08.727964
SMMR,25.99,26.0,26.02,1667600.0,1462300.0,6566.0,7544.0,100.0,,0,0,0,0,0,0,0,0,0,0,0,0,0,0,0,0,0,0,0,0,0,0,0,0,0,0,0,0,0,0,105,2026-02-05 12:25:08.727964
ATMN,24.02,24.01,24.02,1993800.0,1702200.0,3032.0,6693.0,,,0,0,0,0,0,0,0,0,0,0,0,0,0,0,0,0,0,0,0,0,0,0,0,0,0,0,0,0,0,0,105,2026-02-05 12:25:08.727964
WNTR,24.52,24.46,24.48,1578300.0,1999100.0,7879.0,,100.0,3000.0,0,0,0,0,0,0,0,0,0,0,0,0,0,0,0,0,0,0,0,0,0,0,0,0,0,0,0,0,0,0,105,2026-02-05 12:25:08.727964
SPNG,24.21,24.2,24.21,1992000.0,4410.0,1790100.0,4410.0,,,0,0,0,0,0,0,0,0,0,0,0,0,0,0,0,0,0,0,0,0,0,0,0,0,0,0,0,0,0,0,106,2026-02-05 12:25:09.782943
SMMR,26.07,26.0,26.06,1551500.0,6566.0,1763700.0,4344.0,100.0,,0,0,0,0,0,0,0,0,0,0,0,0,0,0,0,0,0,0,0,0,0,0,0,0,0,0,0,0,0,0,106,2026-02-05 12:25:09.782943
ATMN,24.11,24.01,24.11,1993800.0,3032.0,1883700.0,3661.0,,,0,0,0,0,0,0,0,0,0,0,0,0,0,0,0,0,0,0,0,0,0,0,0,0,0,0,0,0,0,0,106,2026-02-05 12:25:09.782943
WNTR,24.34,24.44,24.47,1931200.0,4035.0,1693100.0,3844.0,,200.0,0,0,0,0,0,0,0,0,0,0,0,0,0,0,0,0,0,0,0,0,0,0,0,0,0,0,0,0,0,0,106,2026-02-05 12:25:09.782943
SPNG,24.2,24.2,24.72,1992000.0,4410.0,1968900.0,,0,0,0,0,0,0,0,0,0,0,0,0,0,0,0,0,0,0,0,0,0,0,0,0,0,0,0,0,0,0,0,0,107,2026-02-05 12:25:10.828941
SMMR,26.0,26.0,26.07,1551500.0,8166.0,1779900.0,4344.0,0,0,0,0,0,0,0,0,0,0,0,0,0,0,0,0,0,0,0,0,0,0,0,0,0,0,0,0,0,0,0,0,107,2026-02-05 12:25:10.828941
ATMN,24.42,24.1,24.42,1993800.0,2912.0,1908200.0,3661.0,0,0,0,0,0,0,0,0,0,0,0,0,0,0,0,0,0,0,0,0,0,0,0,0,0,0,0,0,0,0,0,0,107,2026-02-05 12:25:10.828941
WNTR,24.48,24.44,24.48,1931200.0,4035.0,2111700.0,,0,0,0,0,0,0,0,0,0,0,0,0,0,0,0,0,0,0,0,0,0,0,0,0,0,0,0,0,0,0,0,0,107,2026-02-05 12:25:10.828941
SPNG,24.49,24.2,24.49,1992000.0,4410.0,1999900.0,,0,0,0,0,0,0,0,0,0,0,0,0,0,0,0,0,0,0,0,0,0,0,0,0,0,0,0,0,0,0,0,0,108,2026-02-05 12:25:11.883101
SMMR,25.99,26.05,26.07,1499700.0,8166.0,1779900.0,4344.0,0,0,0,0,0,0,0,0,0,0,0,0,0,0,0,0,0,0,0,0,0,0,0,0,0,0,0,0,0,0,0,0,108,2026-02-05 12:25:11.883101
ATMN,24.13,24.22,24.27,1853300.0,4308.0,2046400.0,1600.0,0,0,0,0,0,0,0,0,0,0,0,0,0,0,0,0,0,0,0,0,0,0,0,0,0,0,0,0,0,0,0,0,108,2026-02-05 12:25:11.883101
WNTR,24.41,24.41,24.45,1909900.0,4035.0,1990600.0,2182.0,0,0,0,0,0,0,0,0,0,0,0,0,0,0,0,0,0,0,0,0,0,0,0,0,0,0,0,0,0,0,0,0,108,2026-02-05 12:25:11.883101
SPNG,24.49,24.5,24.72,2137500.0,2205.0,1982700.0,,0,0,0,0,0,0,0,0,0,0,0,0,0,0,0,0,0,0,0,0,0,0,0,0,0,0,0,0,0,0,0,0,109,2026-02-05 12:25:12.935089
SMMR,25.98,25.98,26.07,1628500.0,6566.0,1801100.0,4344.0,0,0,0,0,0,0,0,0,0,0,0,0,0,0,0,0,0,0,0,0,0,0,0,0,0,0,0,0,0,0,0,0,109,2026-02-05 12:25:12.935089
ATMN,24.22,24.1,24.14,1988600.0,2912.0,2032500.0,1600.0,0,0,0,0,0,0,0,0,0,0,0,0,0,0,0,0,0,0,0,0,0,0,0,0,0,0,0,0,0,0,0,0,109,2026-02-05 12:25:12.935089
WNTR,24.35,24.44,24.45,1944700.0,4035.0,1990600.0,2182.0,0,0,0,0,0,0,0,0,0,0,0,0,0,0,0,0,0,0,0,0,0,0,0,0,0,0,0,0,0,0,0,0,109,2026-02-05 12:25:12.935089
SPNG,24.4,24.39,24.4,2101600.0,2205.0,1979000.0,,0,0,0,0,0,0,0,0,0,0,0,0,0,0,0,0,0,0,0,0,0,0,0,0,0,0,0,0,0,0,0,0,110,2026-02-05 12:25:13.990469
SMMR,26.08,26.04,26.08,1585000.0,6566.0,1788100.0,4344.0,0,0,0,0,0,0,0,0,0,0,0,0,0,0,0,0,0,0,0,0,0,0,0,0,0,0,0,0,0,0,0,0,110,2026-02-05 12:25:13.990469
ATMN,24.14,24.2,24.27,2017300.0,2912.0,2046400.0,1600.0,0,0,0,0,0,0,0,0,0,0,0,0,0,0,0,0,0,0,0,0,0,0,0,0,0,0,0,0,0,0,0,0,110,2026-02-05 12:25:13.990469
WNTR,24.44,24.35,24.41,1915500.0,4035.0,2101600.0,,0,0,0,0,0,0,0,0,0,0,0,0,0,0,0,0,0,0,0,0,0,0,0,0,0,0,0,0,0,0,0,0,110,2026-02-05 12:25:13.990469
SPNG,24.39,24.29,24.35,2120800.0,2205.0,1999300.0,,0,0,0,0,0,0,0,0,0,0,0,0,0,0,0,0,0,0,0,0,0,0,0,0,0,0,0,0,0,0,0,0,111,2026-02-05 12:25:15.031745
SMMR,26.08,26.04,26.08,1629700.0,6566.0,1812600.0,4344.0,0,0,0,0,0,0,0,0,0,0,0,0,0,0,0,0,0,0,0,0,0,0,0,0,0,0,0,0,0,0,0,0,111,2026-02-05 12:25:15.031745
ATMN,24.45,24.2,24.44,2017300.0,2912.0,2016300.0,1600.0,0,0,0,0,0,0,0,0,0,0,0,0,0,0,0,0,0,0,0,0,0,0,0,0,0,0,0,0,0,0,0,0,111,2026-02-05 12:25:15.031745
WNTR,24.41,24.41,24.52,1947100.0,4035.0,2102600.0,,0,0,0,0,0,0,0,0,0,0,0,0,0,0,0,0,0,0,0,0,0,0,0,0,0,0,0,0,0,0,0,0,111,2026-02-05 12:25:15.031745
SPNG,24.24,24.24,24.72,2227800.0,1982700.0,0,0,0,0,0,0,0,0,0,0,0,0,0,0,0,0,0,0,0,0,0,0,0,0,0,0,0,0,0,0,0,0,0,0,112,2026-02-05 12:25:16.083824
SMMR,26.08,26.05,26.08,2033900.0,1987700.0,0,0,0,0,0,0,0,0,0,0,0,0,0,0,0,0,0,0,0,0,0,0,0,0,0,0,0,0,0,0,0,0,0,0,112,2026-02-05 12:25:16.083824
ATMN,24.45,24.2,24.44,2233000.0,2129500.0,0,0,0,0,0,0,0,0,0,0,0,0,0,0,0,0,0,0,0,0,0,0,0,0,0,0,0,0,0,0,0,0,0,0,112,2026-02-05 12:25:16.083824
WNTR,24.41,24.41,24.56,2155500.0,2102600.0,0,0,0,0,0,0,0,0,0,0,0,0,0,0,0,0,0,0,0,0,0,0,0,0,0,0,0,0,0,0,0,0,0,0,112,2026-02-05 12:25:16.083824
SPNG,24.24,24.69,24.72,1998800.0,6000.0,1970400.0,,0,0,0,0,0,0,0,0,0,0,0,0,0,0,0,0,0,0,0,0,0,0,0,0,0,0,0,0,0,0,0,0,113,2026-02-05 12:25:17.128034
SMMR,26.09,26.07,26.09,1836500.0,3030.0,2012300.0,,0,0,0,0,0,0,0,0,0,0,0,0,0,0,0,0,0,0,0,0,0,0,0,0,0,0,0,0,0,0,0,0,113,2026-02-05 12:25:17.128034
ATMN,24.38,24.2,24.39,2233000.0,,2161400.0,,0,0,0,0,0,0,0,0,0,0,0,0,0,0,0,0,0,0,0,0,0,0,0,0,0,0,0,0,0,0,0,0,113,2026-02-05 12:25:17.128034
WNTR,24.52,24.41,24.42,2156300.0,,2035300.0,638.0,0,0,0,0,0,0,0,0,0,0,0,0,0,0,0,0,0,0,0,0,0,0,0,0,0,0,0,0,0,0,0,0,113,2026-02-05 12:25:17.128034
SPNG,24.69,24.49,24.69,1997100.0,6000.0,2000900.0,0,0,0,0,0,0,0,0,0,0,0,0,0,0,0,0,0,0,0,0,0,0,0,0,0,0,0,0,0,0,0,0,0,114,2026-02-05 12:25:18.178332
SMMR,26.05,26.05,26.09,2042800.0,,2012300.0,0,0,0,0,0,0,0,0,0,0,0,0,0,0,0,0,0,0,0,0,0,0,0,0,0,0,0,0,0,0,0,0,0,114,2026-02-05 12:25:18.178332
ATMN,24.46,24.22,24.46,2263200.0,,2156500.0,0,0,0,0,0,0,0,0,0,0,0,0,0,0,0,0,0,0,0,0,0,0,0,0,0,0,0,0,0,0,0,0,0,114,2026-02-05 12:25:18.178332
WNTR,24.56,24.54,24.56,2158100.0,,2079100.0,0,0,0,0,0,0,0,0,0,0,0,0,0,0,0,0,0,0,0,0,0,0,0,0,0,0,0,0,0,0,0,0,0,114,2026-02-05 12:25:18.178332
SPNG,24.74,24.49,24.74,2220900.0,1965800.0,,0,0,0,0,0,0,0,0,0,0,0,0,0,0,0,0,0,0,0,0,0,0,0,0,0,0,0,0,0,0,0,0,0,115,2026-02-05 12:25:19.214131
SMMR,26.04,26.04,26.09,2020100.0,2012300.0,,0,0,0,0,0,0,0,0,0,0,0,0,0,0,0,0,0,0,0,0,0,0,0,0,0,0,0,0,0,0,0,0,0,115,2026-02-05 12:25:19.214131
ATMN,24.22,24.22,24.46,2263200.0,2156500.0,,0,0,0,0,0,0,0,0,0,0,0,0,0,0,0,0,0,0,0,0,0,0,0,0,0,0,0,0,0,0,0,0,0,115,2026-02-05 12:25:19.214131
WNTR,24.54,24.55,24.56,1915300.0,2126600.0,3828.0,0,0,0,0,0,0,0,0,0,0,0,0,0,0,0,0,0,0,0,0,0,0,0,0,0,0,0,0,0,0,0,0,0,115,2026-02-05 12:25:19.214131
SPNG,24.76,24.34,24.76,1214.0,2016100.0,1968400.0,,,0,0,0,0,0,0,0,0,0,0,0,0,0,0,0,0,0,0,0,0,0,0,0,0,0,0,0,0,0,0,0,116,2026-02-05 12:25:20.250991
SMMR,26.09,26.03,26.09,,1961400.0,2012300.0,657.0,,0,0,0,0,0,0,0,0,0,0,0,0,0,0,0,0,0,0,0,0,0,0,0,0,0,0,0,0,0,0,0,116,2026-02-05 12:25:20.250991
ATMN,24.5,24.22,24.5,,2255200.0,2157900.0,,,0,0,0,0,0,0,0,0,0,0,0,0,0,0,0,0,0,0,0,0,0,0,0,0,0,0,0,0,0,0,0,116,2026-02-05 12:25:20.250991
WNTR,24.55,24.54,24.55,,2122500.0,2014500.0,,1000.0,0,0,0,0,0,0,0,0,0,0,0,0,0,0,0,0,0,0,0,0,0,0,0,0,0,0,0,0,0,0,0,116,2026-02-05 12:25:20.250991
SPNG,24.34,24.24,24.34,2227800.0,1968600.0,,,0,0,0,0,0,0,0,0,0,0,0,0,0,0,0,0,0,0,0,0,0,0,0,0,0,0,0,0,0,0,0,0,117,2026-02-05 12:25:20.784898
SMMR,26.03,26.03,26.04,1949000.0,1898900.0,657.0,1515.0,0,0,0,0,0,0,0,0,0,0,0,0,0,0,0,0,0,0,0,0,0,0,0,0,0,0,0,0,0,0,0,0,117,2026-02-05 12:25:20.784898
ATMN,24.5,24.22,24.5,2249800.0,2140800.0,,,0,0,0,0,0,0,0,0,0,0,0,0,0,0,0,0,0,0,0,0,0,0,0,0,0,0,0,0,0,0,0,0,117,2026-02-05 12:25:20.784898
WNTR,24.56,24.54,24.56,2135800.0,2112500.0,,,0,0,0,0,0,0,0,0,0,0,0,0,0,0,0,0,0,0,0,0,0,0,0,0,0,0,0,0,0,0,0,0,117,2026-02-05 12:25:20.784898
SPNG,24.34,24.24,24.34,2219400.0,1968600.0,0,0,0,0,0,0,0,0,0,0,0,0,0,0,0,0,0,0,0,0,0,0,0,0,0,0,0,0,0,0,0,0,0,0,118,2026-02-05 12:25:21.828688
SMMR,26.09,26.03,26.09,2050500.0,2011100.0,0,0,0,0,0,0,0,0,0,0,0,0,0,0,0,0,0,0,0,0,0,0,0,0,0,0,0,0,0,0,0,0,0,0,118,2026-02-05 12:25:21.828688
ATMN,24.52,24.38,24.52,2265900.0,2144500.0,0,0,0,0,0,0,0,0,0,0,0,0,0,0,0,0,0,0,0,0,0,0,0,0,0,0,0,0,0,0,0,0,0,0,118,2026-02-05 12:25:21.828688
WNTR,24.4,24.47,24.56,2118900.0,2122900.0,0,0,0,0,0,0,0,0,0,0,0,0,0,0,0,0,0,0,0,0,0,0,0,0,0,0,0,0,0,0,0,0,0,0,118,2026-02-05 12:25:21.828688
SPNG,24.63,24.63,24.76,2195800.0,1973500.0,0,0,0,0,0,0,0,0,0,0,0,0,0,0,0,0,0,0,0,0,0,0,0,0,0,0,0,0,0,0,0,0,0,0,119,2026-02-05 12:25:22.871042
SMMR,26.02,26.02,26.11,2039500.0,2001200.0,0,0,0,0,0,0,0,0,0,0,0,0,0,0,0,0,0,0,0,0,0,0,0,0,0,0,0,0,0,0,0,0,0,0,119,2026-02-05 12:25:22.871042
ATMN,24.45,24.38,24.45,2265900.0,2152900.0,0,0,0,0,0,0,0,0,0,0,0,0,0,0,0,0,0,0,0,0,0,0,0,0,0,0,0,0,0,0,0,0,0,0,119,2026-02-05 12:25:22.871042
WNTR,24.56,24.47,24.5,2118900.0,2112200.0,0,0,0,0,0,0,0,0,0,0,0,0,0,0,0,0,0,0,0,0,0,0,0,0,0,0,0,0,0,0,0,0,0,0,119,2026-02-05 12:25:22.871042
SPNG,24.7,26.04,0.0,200000.0,,0,0,0,0,0,0,0,0,0,0,0,0,0,0,0,0,0,0,0,0,0,0,0,0,0,0,0,0,0,0,0,0,0,0,120,2026-02-05 12:25:23.912980
SMMR,26.02,25.83,0.0,200000.0,,0,0,0,0,0,0,0,0,0,0,0,0,0,0,0,0,0,0,0,0,0,0,0,0,0,0,0,0,0,0,0,0,0,0,120,2026-02-05 12:25:23.912980
ATMN,24.38,23.46,0.0,200000.0,,0,0,0,0,0,0,0,0,0,0,0,0,0,0,0,0,0,0,0,0,0,0,0,0,0,0,0,0,0,0,0,0,0,0,120,2026-02-05 12:25:23.912980
WNTR,24.37,24.12,0.0,904800.0,812600.0,0,0,0,0,0,0,0,0,0,0,0,0,0,0,0,0,0,0,0,0,0,0,0,0,0,0,0,0,0,0,0,0,0,0,120,2026-02-05 12:25:23.912980
SPNG,26.04,26.04,26.17,977200.0,780000.0,0,0,0,0,0,0,0,0,0,0,0,0,0,0,0,0,0,0,0,0,0,0,0,0,0,0,0,0,0,0,0,0,0,0,121,2026-02-05 12:25:24.960862
SMMR,25.83,25.83,25.99,817600.0,970800.0,0,0,0,0,0,0,0,0,0,0,0,0,0,0,0,0,0,0,0,0,0,0,0,0,0,0,0,0,0,0,0,0,0,0,121,2026-02-05 12:25:24.960862
ATMN,23.59,23.59,23.92,911600.0,1048500.0,0,0,0,0,0,0,0,0,0,0,0,0,0,0,0,0,0,0,0,0,0,0,0,0,0,0,0,0,0,0,0,0,0,0,121,2026-02-05 12:25:24.960862
WNTR,24.09,23.87,24.09,935400.0,1025800.0,0,0,0,0,0,0,0,0,0,0,0,0,0,0,0,0,0,0,0,0,0,0,0,0,0,0,0,0,0,0,0,0,0,0,121,2026-02-05 12:25:24.960862
SPNG,26.21,26.07,26.14,5600.0,977200.0,100.0,926800.0,0,0,0,0,0,0,0,0,0,0,0,0,0,0,0,0,0,0,0,0,0,0,0,0,0,0,0,0,0,0,0,0,122,2026-02-05 12:25:26.011373
SMMR,25.84,25.88,25.98,100.0,921400.0,9333.0,970800.0,0,0,0,0,0,0,0,0,0,0,0,0,0,0,0,0,0,0,0,0,0,0,0,0,0,0,0,0,0,0,0,0,122,2026-02-05 12:25:26.011373
ATMN,23.46,23.46,23.57,,976200.0,4083.0,1300600.0,0,0,0,0,0,0,0,0,0,0,0,0,0,0,0,0,0,0,0,0,0,0,0,0,0,0,0,0,0,0,0,0,122,2026-02-05 12:25:26.011373
WNTR,24.09,24.06,24.08,1429.0,1270200.0,18205.0,1025800.0,0,0,0,0,0,0,0,0,0,0,0,0,0,0,0,0,0,0,0,0,0,0,0,0,0,0,0,0,0,0,0,0,122,2026-02-05 12:25:26.011373
SPNG,26.04,26.04,26.12,977200.0,5149.0,1123500.0,,0,0,0,0,0,0,0,0,0,0,0,0,0,0,0,0,0,0,0,0,0,0,0,0,0,0,0,0,0,0,0,0,123,2026-02-05 12:25:27.055148
SMMR,25.88,25.83,25.84,1164600.0,17538.0,970800.0,1723.0,0,0,0,0,0,0,0,0,0,0,0,0,0,0,0,0,0,0,0,0,0,0,0,0,0,0,0,0,0,0,0,0,123,2026-02-05 12:25:27.055148
ATMN,21.29,23.15,23.54,1225600.0,9132.0,1300600.0,100.0,0,0,0,0,0,0,0,0,0,0,0,0,0,0,0,0,0,0,0,0,0,0,0,0,0,0,0,0,0,0,0,0,123,2026-02-05 12:25:27.055148
WNTR,24.24,24.06,24.07,1270200.0,1591.0,904600.0,1429.0,0,0,0,0,0,0,0,0,0,0,0,0,0,0,0,0,0,0,0,0,0,0,0,0,0,0,0,0,0,0,0,0,123,2026-02-05 12:25:27.055148
SPNG,26.04,25.43,25.77,1090900.0,1315300.0,4580.0,,,,0,0,0,0,0,0,0,0,0,0,0,0,0,0,0,0,0,0,0,0,0,0,0,0,0,0,0,0,0,0,124,2026-02-05 12:25:28.104395
SMMR,25.88,25.88,25.89,1274400.0,1173600.0,,4744.0,,,0,0,0,0,0,0,0,0,0,0,0,0,0,0,0,0,0,0,0,0,0,0,0,0,0,0,0,0,0,0,124,2026-02-05 12:25:28.104395
ATMN,23.64,23.64,23.81,1355100.0,1274100.0,,,,,0,0,0,0,0,0,0,0,0,0,0,0,0,0,0,0,0,0,0,0,0,0,0,0,0,0,0,0,0,0,124,2026-02-05 12:25:28.104395
WNTR,24.06,24.12,24.22,1270200.0,904600.0,,,9587.0,4775.0,0,0,0,0,0,0,0,0,0,0,0,0,0,0,0,0,0,0,0,0,0,0,0,0,0,0,0,0,0,0,124,2026-02-05 12:25:28.104395
SPNG,25.43,25.43,26.1,1090900.0,4200.0,4580.0,1225700.0,,,0,0,0,0,0,0,0,0,0,0,0,0,0,0,0,0,0,0,0,0,0,0,0,0,0,0,0,0,0,0,125,2026-02-05 12:25:29.144732
SMMR,25.89,25.88,25.89,1380000.0,5640.0,,1260800.0,4744.0,7417.0,0,0,0,0,0,0,0,0,0,0,0,0,0,0,0,0,0,0,0,0,0,0,0,0,0,0,0,0,0,0,125,2026-02-05 12:25:29.144732
ATMN,23.39,23.05,23.39,1225600.0,,4790.0,1550600.0,,100.0,0,0,0,0,0,0,0,0,0,0,0,0,0,0,0,0,0,0,0,0,0,0,0,0,0,0,0,0,0,0,125,2026-02-05 12:25:29.144732
WNTR,24.03,24.0,24.03,1141800.0,,,994200.0,,4775.0,0,0,0,0,0,0,0,0,0,0,0,0,0,0,0,0,0,0,0,0,0,0,0,0,0,0,0,0,0,0,125,2026-02-05 12:25:29.144732
SPNG,26.06,25.43,25.46,1307100.0,2700.0,4200.0,3640.0,1315900.0,5600.0,0,0,0,0,0,0,0,0,0,0,0,0,0,0,0,0,0,0,0,0,0,0,0,0,0,0,0,0,0,0,126,2026-02-05 12:25:30.187362
SMMR,25.75,25.75,25.84,1170200.0,,,,1445100.0,16922.0,0,0,0,0,0,0,0,0,0,0,0,0,0,0,0,0,0,0,0,0,0,0,0,0,0,0,0,0,0,0,126,2026-02-05 12:25:30.187362
ATMN,23.39,23.24,23.39,1604400.0,,,4790.0,1550600.0,6033.0,0,0,0,0,0,0,0,0,0,0,0,0,0,0,0,0,0,0,0,0,0,0,0,0,0,0,0,0,0,0,126,2026-02-05 12:25:30.187362
WNTR,24.03,24.01,24.02,1372200.0,,100.0,4538.0,1107900.0,12087.0,0,0,0,0,0,0,0,0,0,0,0,0,0,0,0,0,0,0,0,0,0,0,0,0,0,0,0,0,0,0,126,2026-02-05 12:25:30.187362
SPNG,26.09,25.69,26.1,1515800.0,2700.0,2290.0,1225700.0,,0,0,0,0,0,0,0,0,0,0,0,0,0,0,0,0,0,0,0,0,0,0,0,0,0,0,0,0,0,0,0,127,2026-02-05 12:25:31.230312
SMMR,25.73,25.83,25.85,1068100.0,1350.0,2700.0,1562200.0,9333.0,0,0,0,0,0,0,0,0,0,0,0,0,0,0,0,0,0,0,0,0,0,0,0,0,0,0,0,0,0,0,0,127,2026-02-05 12:25:31.230312
ATMN,23.32,23.34,23.39,1922200.0,1350.0,4790.0,1550600.0,,0,0,0,0,0,0,0,0,0,0,0,0,0,0,0,0,0,0,0,0,0,0,0,0,0,0,0,0,0,0,0,127,2026-02-05 12:25:31.230312
WNTR,24.03,24.06,24.21,1582000.0,,4538.0,904600.0,9677.0,0,0,0,0,0,0,0,0,0,0,0,0,0,0,0,0,0,0,0,0,0,0,0,0,0,0,0,0,0,0,0,127,2026-02-05 12:25:31.230312
SPNG,25.69,26.08,26.1,1789300.0,2700.0,2290.0,1225700.0,,,0,0,0,0,0,0,0,0,0,0,0,0,0,0,0,0,0,0,0,0,0,0,0,0,0,0,0,0,0,0,128,2026-02-05 12:25:32.292689
SMMR,25.85,25.73,25.79,972800.0,,2700.0,1562200.0,2117.0,9011.0,0,0,0,0,0,0,0,0,0,0,0,0,0,0,0,0,0,0,0,0,0,0,0,0,0,0,0,0,0,0,128,2026-02-05 12:25:32.292689
ATMN,23.34,23.35,23.4,1922200.0,2700.0,2395.0,1808700.0,9012.0,5484.0,0,0,0,0,0,0,0,0,0,0,0,0,0,0,0,0,0,0,0,0,0,0,0,0,0,0,0,0,0,0,128,2026-02-05 12:25:32.292689
WNTR,24.24,24.27,24.28,1582000.0,,2109.0,914000.0,9677.0,5849.0,0,0,0,0,0,0,0,0,0,0,0,0,0,0,0,0,0,0,0,0,0,0,0,0,0,0,0,0,0,0,128,2026-02-05 12:25:32.292689
SPNG,26.08,26.08,26.1,1789300.0,3239.0,100.0,2290.0,1326900.0,,0,0,0,0,0,0,0,0,0,0,0,0,0,0,0,0,0,0,0,0,0,0,0,0,0,0,0,0,0,0,129,2026-02-05 12:25:32.954892
SMMR,25.85,25.73,25.79,1190800.0,,2117.0,2700.0,1555400.0,9011.0,0,0,0,0,0,0,0,0,0,0,0,0,0,0,0,0,0,0,0,0,0,0,0,0,0,0,0,0,0,0,129,2026-02-05 12:25:32.954892
ATMN,23.34,23.34,23.39,2042100.0,2700.0,4899.0,2395.0,1808700.0,5484.0,0,0,0,0,0,0,0,0,0,0,0,0,0,0,0,0,0,0,0,0,0,0,0,0,0,0,0,0,0,0,129,2026-02-05 12:25:32.954892
WNTR,24.28,24.06,24.28,1582000.0,,9677.0,,1037000.0,5849.0,0,0,0,0,0,0,0,0,0,0,0,0,0,0,0,0,0,0,0,0,0,0,0,0,0,0,0,0,0,0,129,2026-02-05 12:25:32.954892
SPNG,25.51,25.45,25.51,1577100.0,1350.0,1432600.0,6068.0,100.0,,0,0,0,0,0,0,0,0,0,0,0,0,0,0,0,0,0,0,0,0,0,0,0,0,0,0,0,0,0,0,130,2026-02-05 12:25:34.041743
SMMR,25.82,25.82,25.85,1398800.0,4838.0,1562200.0,1350.0,100.0,2117.0,0,0,0,0,0,0,0,0,0,0,0,0,0,0,0,0,0,0,0,0,0,0,0,0,0,0,0,0,0,0,130,2026-02-05 12:25:34.041743
ATMN,23.4,23.35,23.38,1892500.0,2700.0,2049300.0,2395.0,,8768.0,0,0,0,0,0,0,0,0,0,0,0,0,0,0,0,0,0,0,0,0,0,0,0,0,0,0,0,0,0,0,130,2026-02-05 12:25:34.041743
WNTR,24.01,24.01,24.07,1490200.0,,1153100.0,,12298.0,9677.0,0,0,0,0,0,0,0,0,0,0,0,0,0,0,0,0,0,0,0,0,0,0,0,0,0,0,0,0,0,0,130,2026-02-05 12:25:34.041743
SPNG,25.51,25.9,26.09,1902000.0,7221.0,1350.0,6068.0,1326900.0,,0,0,0,0,0,0,0,0,0,0,0,0,0,0,0,0,0,0,0,0,0,0,0,0,0,0,0,0,0,0,131,2026-02-05 12:25:35.098275
SMMR,25.82,25.82,25.85,1499900.0,,4838.0,1350.0,1644100.0,,0,0,0,0,0,0,0,0,0,0,0,0,0,0,0,0,0,0,0,0,0,0,0,0,0,0,0,0,0,0,131,2026-02-05 12:25:35.098275
ATMN,23.53,23.36,23.53,1807000.0,5555.0,5200.0,2395.0,1789600.0,,0,0,0,0,0,0,0,0,0,0,0,0,0,0,0,0,0,0,0,0,0,0,0,0,0,0,0,0,0,0,131,2026-02-05 12:25:35.098275
WNTR,24.0,24.0,24.03,1377500.0,,2181.0,,1273600.0,2012.0,0,0,0,0,0,0,0,0,0,0,0,0,0,0,0,0,0,0,0,0,0,0,0,0,0,0,0,0,0,0,131,2026-02-05 12:25:35.098275
SPNG,25.99,25.5,25.99,7321.0,1783300.0,1350.0,5529.0,1326900.0,,0,0,0,0,0,0,0,0,0,0,0,0,0,0,0,0,0,0,0,0,0,0,0,0,0,0,0,0,0,0,132,2026-02-05 12:25:36.154442
SMMR,25.72,25.72,25.85,,1184900.0,,1350.0,1644100.0,,0,0,0,0,0,0,0,0,0,0,0,0,0,0,0,0,0,0,0,0,0,0,0,0,0,0,0,0,0,0,132,2026-02-05 12:25:36.154442
ATMN,23.53,23.36,23.53,10454.0,1665000.0,5200.0,2395.0,1789600.0,,0,0,0,0,0,0,0,0,0,0,0,0,0,0,0,0,0,0,0,0,0,0,0,0,0,0,0,0,0,0,132,2026-02-05 12:25:36.154442
WNTR,24.0,24.0,24.01,9677.0,1561600.0,4362.0,4362.0,1391800.0,10867.0,0,0,0,0,0,0,0,0,0,0,0,0,0,0,0,0,0,0,0,0,0,0,0,0,0,0,0,0,0,0,132,2026-02-05 12:25:36.154442
SPNG,26.04,25.79,26.02,1901900.0,1350.0,1326900.0,,,,0,0,0,0,0,0,0,0,0,0,0,0,0,0,0,0,0,0,0,0,0,0,0,0,0,0,0,0,0,0,133,2026-02-05 12:25:37.206044
SMMR,25.62,25.62,25.85,1079300.0,,1345400.0,3008.0,,,0,0,0,0,0,0,0,0,0,0,0,0,0,0,0,0,0,0,0,0,0,0,0,0,0,0,0,0,0,0,133,2026-02-05 12:25:37.206044
ATMN,23.38,23.43,23.49,1821200.0,6350.0,1906900.0,4343.0,2395.0,,0,0,0,0,0,0,0,0,0,0,0,0,0,0,0,0,0,0,0,0,0,0,0,0,0,0,0,0,0,0,133,2026-02-05 12:25:37.206044
WNTR,23.96,23.97,24.01,1685800.0,,1516500.0,,4362.0,5645.0,0,0,0,0,0,0,0,0,0,0,0,0,0,0,0,0,0,0,0,0,0,0,0,0,0,0,0,0,0,0,133,2026-02-05 12:25:37.206044
SPNG,25.49,25.85,25.96,5452.0,1783300.0,1350.0,4962.0,1326900.0,,0,0,0,0,0,0,0,0,0,0,0,0,0,0,0,0,0,0,0,0,0,0,0,0,0,0,0,0,0,0,134,2026-02-05 12:25:38.243309
SMMR,25.93,25.85,25.9,8251.0,1179300.0,,5243.0,1452600.0,,0,0,0,0,0,0,0,0,0,0,0,0,0,0,0,0,0,0,0,0,0,0,0,0,0,0,0,0,0,0,134,2026-02-05 12:25:38.243309
ATMN,23.42,23.38,23.42,9586.0,1694300.0,6350.0,5243.0,1941400.0,2395.0,0,0,0,0,0,0,0,0,0,0,0,0,0,0,0,0,0,0,0,0,0,0,0,0,0,0,0,0,0,0,134,2026-02-05 12:25:38.243309
WNTR,23.97,23.97,24.0,,1893200.0,,12460.0,1516500.0,6719.0,0,0,0,0,0,0,0,0,0,0,0,0,0,0,0,0,0,0,0,0,0,0,0,0,0,0,0,0,0,0,134,2026-02-05 12:25:38.243309
SPNG,25.98,25.98,25.99,1584300.0,6627.0,6350.0,2074.0,1492100.0,,0,0,0,0,0,0,0,0,0,0,0,0,0,0,0,0,0,0,0,0,0,0,0,0,0,0,0,0,0,0,135,2026-02-05 12:25:39.290005
SMMR,25.77,25.73,25.75,1190900.0,7529.0,,4521.0,1552900.0,5000.0,0,0,0,0,0,0,0,0,0,0,0,0,0,0,0,0,0,0,0,0,0,0,0,0,0,0,0,0,0,0,135,2026-02-05 12:25:39.290005
ATMN,23.42,23.39,23.42,1551000.0,14107.0,6350.0,5343.0,1830800.0,2395.0,0,0,0,0,0,0,0,0,0,0,0,0,0,0,0,0,0,0,0,0,0,0,0,0,0,0,0,0,0,0,135,2026-02-05 12:25:39.290005
WNTR,23.93,23.93,23.98,1894100.0,,,18337.0,1516500.0,6719.0,0,0,0,0,0,0,0,0,0,0,0,0,0,0,0,0,0,0,0,0,0,0,0,0,0,0,0,0,0,0,135,2026-02-05 12:25:39.290005
SPNG,25.71,25.71,26.19,1969100.0,1350.0,1492100.0,,,,0,0,0,0,0,0,0,0,0,0,0,0,0,0,0,0,0,0,0,0,0,0,0,0,0,0,0,0,0,0,136,2026-02-05 12:25:40.339121
SMMR,25.92,25.73,25.74,1383200.0,,1452600.0,514.0,1544.0,,0,0,0,0,0,0,0,0,0,0,0,0,0,0,0,0,0,0,0,0,0,0,0,0,0,0,0,0,0,0,136,2026-02-05 12:25:40.339121
ATMN,23.42,23.4,23.41,1747700.0,8548.0,1861800.0,,,7093.0,0,0,0,0,0,0,0,0,0,0,0,0,0,0,0,0,0,0,0,0,0,0,0,0,0,0,0,0,0,0,136,2026-02-05 12:25:40.339121
WNTR,24.04,23.96,23.97,2108900.0,,1396000.0,,5747.0,1350.0,0,0,0,0,0,0,0,0,0,0,0,0,0,0,0,0,0,0,0,0,0,0,0,0,0,0,0,0,0,0,136,2026-02-05 12:25:40.339121
SPNG,25.63,25.91,26.18,6350.0,1865300.0,1599200.0,,,0,0,0,0,0,0,0,0,0,0,0,0,0,0,0,0,0,0,0,0,0,0,0,0,0,0,0,0,0,0,0,137,2026-02-05 12:25:40.889633
SMMR,25.73,25.73,25.92,,1383200.0,1452600.0,514.0,,0,0,0,0,0,0,0,0,0,0,0,0,0,0,0,0,0,0,0,0,0,0,0,0,0,0,0,0,0,0,0,137,2026-02-05 12:25:40.889633
ATMN,23.49,23.4,23.49,8548.0,1747700.0,2023200.0,,2395.0,0,0,0,0,0,0,0,0,0,0,0,0,0,0,0,0,0,0,0,0,0,0,0,0,0,0,0,0,0,0,0,137,2026-02-05 12:25:40.889633
WNTR,24.07,23.96,23.97,,2226500.0,1271300.0,,1350.0,0,0,0,0,0,0,0,0,0,0,0,0,0,0,0,0,0,0,0,0,0,0,0,0,0,0,0,0,0,0,0,137,2026-02-05 12:25:40.889633
SPNG,25.94,25.99,26.13,5600.0,6350.0,1710500.0,4200.0,1755200.0,,0,0,0,0,0,0,0,0,0,0,0,0,0,0,0,0,0,0,0,0,0,0,0,0,0,0,0,0,0,0,138,2026-02-05 12:25:41.930150
SMMR,25.75,25.73,25.75,514.0,,1470200.0,8001.0,1645500.0,5000.0,0,0,0,0,0,0,0,0,0,0,0,0,0,0,0,0,0,0,0,0,0,0,0,0,0,0,0,0,0,0,138,2026-02-05 12:25:41.930150
ATMN,23.27,23.27,23.48,,1350.0,2125200.0,8001.0,1952500.0,2395.0,0,0,0,0,0,0,0,0,0,0,0,0,0,0,0,0,0,0,0,0,0,0,0,0,0,0,0,0,0,0,138,2026-02-05 12:25:41.930150
WNTR,23.93,24.17,24.28,,,2241300.0,,1155200.0,,0,0,0,0,0,0,0,0,0,0,0,0,0,0,0,0,0,0,0,0,0,0,0,0,0,0,0,0,0,0,138,2026-02-05 12:25:41.930150
SPNG,26.03,26.03,26.1,1890900.0,100.0,1350.0,4300.0,1671100.0,,0,0,0,0,0,0,0,0,0,0,0,0,0,0,0,0,0,0,0,0,0,0,0,0,0,0,0,0,0,0,139,2026-02-05 12:25:42.974823
SMMR,25.73,25.73,25.81,1470200.0,3128.0,,8001.0,1648000.0,5000.0,0,0,0,0,0,0,0,0,0,0,0,0,0,0,0,0,0,0,0,0,0,0,0,0,0,0,0,0,0,0,139,2026-02-05 12:25:42.974823
ATMN,23.27,23.41,23.42,1771200.0,100.0,6048.0,13907.0,1669800.0,7093.0,0,0,0,0,0,0,0,0,0,0,0,0,0,0,0,0,0,0,0,0,0,0,0,0,0,0,0,0,0,0,139,2026-02-05 12:25:42.974823
WNTR,24.17,24.21,24.22,2106200.0,,2500.0,7875.0,1376300.0,2500.0,0,0,0,0,0,0,0,0,0,0,0,0,0,0,0,0,0,0,0,0,0,0,0,0,0,0,0,0,0,0,139,2026-02-05 12:25:42.974823
SPNG,26.21,25.49,26.08,1783300.0,1350.0,2500.0,1690600.0,,,0,0,0,0,0,0,0,0,0,0,0,0,0,0,0,0,0,0,0,0,0,0,0,0,0,0,0,0,0,0,140,2026-02-05 12:25:44.019163
SMMR,25.99,25.78,25.84,1470200.0,1598.0,,1440900.0,8467.0,,0,0,0,0,0,0,0,0,0,0,0,0,0,0,0,0,0,0,0,0,0,0,0,0,0,0,0,0,0,0,140,2026-02-05 12:25:44.019163
ATMN,23.32,23.32,23.42,2108500.0,1350.0,7093.0,1754500.0,,100.0,0,0,0,0,0,0,0,0,0,0,0,0,0,0,0,0,0,0,0,0,0,0,0,0,0,0,0,0,0,0,140,2026-02-05 12:25:44.019163
WNTR,24.17,23.93,24.13,2119500.0,,5000.0,1696200.0,,10000.0,0,0,0,0,0,0,0,0,0,0,0,0,0,0,0,0,0,0,0,0,0,0,0,0,0,0,0,0,0,0,140,2026-02-05 12:25:44.019163
SPNG,26.21,25.9,25.92,1944100.0,100.0,1350.0,1663600.0,5600.0,2500.0,0,0,0,0,0,0,0,0,0,0,0,0,0,0,0,0,0,0,0,0,0,0,0,0,0,0,0,0,0,0,141,2026-02-05 12:25:45.064590
SMMR,25.84,25.92,25.99,1573400.0,12875.0,3196.0,1349300.0,,,0,0,0,0,0,0,0,0,0,0,0,0,0,0,0,0,0,0,0,0,0,0,0,0,0,0,0,0,0,0,141,2026-02-05 12:25:45.064590
ATMN,23.57,23.43,23.57,1735200.0,100.0,6324.0,1909600.0,,2395.0,0,0,0,0,0,0,0,0,0,0,0,0,0,0,0,0,0,0,0,0,0,0,0,0,0,0,0,0,0,0,141,2026-02-05 12:25:45.064590
WNTR,23.92,23.92,24.07,2230600.0,,,1696200.0,19887.0,5000.0,0,0,0,0,0,0,0,0,0,0,0,0,0,0,0,0,0,0,0,0,0,0,0,0,0,0,0,0,0,0,141,2026-02-05 12:25:45.064590
SPNG,26.21,25.9,25.92,1799400.0,1388.0,1350.0,1615500.0,5700.0,2500.0,0,0,0,0,0,0,0,0,0,0,0,0,0,0,0,0,0,0,0,0,0,0,0,0,0,0,0,0,0,0,142,2026-02-05 12:25:46.118618
SMMR,25.72,25.87,25.99,1455600.0,,,1459000.0,1610.0,,0,0,0,0,0,0,0,0,0,0,0,0,0,0,0,0,0,0,0,0,0,0,0,0,0,0,0,0,0,0,142,2026-02-05 12:25:46.118618
ATMN,23.41,23.38,23.41,1744000.0,100.0,6324.0,1952300.0,100.0,2395.0,0,0,0,0,0,0,0,0,0,0,0,0,0,0,0,0,0,0,0,0,0,0,0,0,0,0,0,0,0,0,142,2026-02-05 12:25:46.118618
WNTR,24.13,24.02,24.03,1928300.0,,5000.0,1696200.0,10000.0,7500.0,0,0,0,0,0,0,0,0,0,0,0,0,0,0,0,0,0,0,0,0,0,0,0,0,0,0,0,0,0,0,142,2026-02-05 12:25:46.118618
SPNG,25.9,25.9,25.91,1663700.0,100.0,5354.0,4004.0,1665600.0,4200.0,0,0,0,0,0,0,0,0,0,0,0,0,0,0,0,0,0,0,0,0,0,0,0,0,0,0,0,0,0,0,143,2026-02-05 12:25:47.167168
SMMR,25.88,25.72,25.86,1358600.0,,,2500.0,1659500.0,19011.0,0,0,0,0,0,0,0,0,0,0,0,0,0,0,0,0,0,0,0,0,0,0,0,0,0,0,0,0,0,0,143,2026-02-05 12:25:47.167168
ATMN,23.52,23.4,23.45,1639000.0,7857.0,6324.0,2395.0,1951600.0,3466.0,0,0,0,0,0,0,0,0,0,0,0,0,0,0,0,0,0,0,0,0,0,0,0,0,0,0,0,0,0,0,143,2026-02-05 12:25:47.167168
WNTR,24.03,24.02,24.03,1718400.0,15099.0,5000.0,2500.0,1805200.0,6932.0,0,0,0,0,0,0,0,0,0,0,0,0,0,0,0,0,0,0,0,0,0,0,0,0,0,0,0,0,0,0,143,2026-02-05 12:25:47.167168
SPNG,25.92,25.91,25.92,1519800.0,200.0,5354.0,1832100.0,4200.0,,0,0,0,0,0,0,0,0,0,0,0,0,0,0,0,0,0,0,0,0,0,0,0,0,0,0,0,0,0,0,144,2026-02-05 12:25:48.222243
SMMR,25.72,25.72,25.8,1358600.0,,,1463600.0,26000.0,5000.0,0,0,0,0,0,0,0,0,0,0,0,0,0,0,0,0,0,0,0,0,0,0,0,0,0,0,0,0,0,0,144,2026-02-05 12:25:48.222243
ATMN,23.46,23.27,23.28,1964900.0,100.0,1350.0,1723500.0,7069.0,5981.0,0,0,0,0,0,0,0,0,0,0,0,0,0,0,0,0,0,0,0,0,0,0,0,0,0,0,0,0,0,0,144,2026-02-05 12:25:48.222243
WNTR,24.29,23.99,24.11,2064100.0,7069.0,,1557200.0,7069.0,,0,0,0,0,0,0,0,0,0,0,0,0,0,0,0,0,0,0,0,0,0,0,0,0,0,0,0,0,0,0,144,2026-02-05 12:25:48.222243
SPNG,25.91,25.61,25.89,2021600.0,1350.0,1950700.0,,,,0,0,0,0,0,0,0,0,0,0,0,0,0,0,0,0,0,0,0,0,0,0,0,0,0,0,0,0,0,0,145,2026-02-05 12:25:49.275612
SMMR,25.8,25.72,25.8,1472000.0,,1740700.0,5000.0,,,0,0,0,0,0,0,0,0,0,0,0,0,0,0,0,0,0,0,0,0,0,0,0,0,0,0,0,0,0,0,145,2026-02-05 12:25:49.275612
ATMN,23.25,23.33,23.52,2000300.0,1350.0,2030900.0,2395.0,7100.0,,0,0,0,0,0,0,0,0,0,0,0,0,0,0,0,0,0,0,0,0,0,0,0,0,0,0,0,0,0,0,145,2026-02-05 12:25:49.275612
WNTR,24.11,24.06,24.07,1832700.0,4244.0,1677400.0,2122.0,764.0,1092.0,0,0,0,0,0,0,0,0,0,0,0,0,0,0,0,0,0,0,0,0,0,0,0,0,0,0,0,0,0,0,145,2026-02-05 12:25:49.275612
SPNG,25.89,25.82,25.89,1886100.0,3276.0,1350.0,1784200.0,4992.0,,0,0,0,0,0,0,0,0,0,0,0,0,0,0,0,0,0,0,0,0,0,0,0,0,0,0,0,0,0,0,146,2026-02-05 12:25:50.321283
SMMR,25.96,25.72,25.73,1472000.0,,3196.0,1740000.0,1598.0,9375.0,0,0,0,0,0,0,0,0,0,0,0,0,0,0,0,0,0,0,0,0,0,0,0,0,0,0,0,0,0,0,146,2026-02-05 12:25:50.321283
ATMN,23.71,23.35,23.62,2008700.0,1442.0,1350.0,2033400.0,2395.0,,0,0,0,0,0,0,0,0,0,0,0,0,0,0,0,0,0,0,0,0,0,0,0,0,0,0,0,0,0,0,146,2026-02-05 12:25:50.321283
WNTR,24.05,24.03,24.05,2171400.0,,,1776900.0,2122.0,6861.0,0,0,0,0,0,0,0,0,0,0,0,0,0,0,0,0,0,0,0,0,0,0,0,0,0,0,0,0,0,0,146,2026-02-05 12:25:50.321283
SPNG,25.68,25.7,25.95,1868700.0,3276.0,1350.0,1904700.0,,,0,0,0,0,0,0,0,0,0,0,0,0,0,0,0,0,0,0,0,0,0,0,0,0,0,0,0,0,0,0,147,2026-02-05 12:25:51.363876
SMMR,25.82,25.94,25.95,1656300.0,9333.0,3196.0,1851900.0,9333.0,,0,0,0,0,0,0,0,0,0,0,0,0,0,0,0,0,0,0,0,0,0,0,0,0,0,0,0,0,0,0,147,2026-02-05 12:25:51.363876
ATMN,23.32,23.26,23.32,1992000.0,3266.0,1350.0,1746500.0,5769.0,7099.0,0,0,0,0,0,0,0,0,0,0,0,0,0,0,0,0,0,0,0,0,0,0,0,0,0,0,0,0,0,0,147,2026-02-05 12:25:51.363876
WNTR,24.25,24.17,24.25,2077500.0,8161.0,,1691800.0,10000.0,,0,0,0,0,0,0,0,0,0,0,0,0,0,0,0,0,0,0,0,0,0,0,0,0,0,0,0,0,0,0,147,2026-02-05 12:25:51.363876
SPNG,25.89,25.93,25.95,1703600.0,3376.0,1350.0,1904700.0,,,0,0,0,0,0,0,0,0,0,0,0,0,0,0,0,0,0,0,0,0,0,0,0,0,0,0,0,0,0,0,148,2026-02-05 12:25:51.910041
SMMR,25.81,25.81,25.83,1560800.0,,3196.0,1836300.0,9333.0,,0,0,0,0,0,0,0,0,0,0,0,0,0,0,0,0,0,0,0,0,0,0,0,0,0,0,0,0,0,0,148,2026-02-05 12:25:51.910041
ATMN,23.32,23.26,23.3,1941700.0,3266.0,1350.0,1625600.0,12301.0,7099.0,0,0,0,0,0,0,0,0,0,0,0,0,0,0,0,0,0,0,0,0,0,0,0,0,0,0,0,0,0,0,148,2026-02-05 12:25:51.910041
WNTR,23.97,23.92,23.97,2144400.0,,,1792800.0,10000.0,4474.0,0,0,0,0,0,0,0,0,0,0,0,0,0,0,0,0,0,0,0,0,0,0,0,0,0,0,0,0,0,0,148,2026-02-05 12:25:51.910041
SPNG,25.8,25.8,25.95,1838900.0,3352.0,1815100.0,3595.0,,,0,0,0,0,0,0,0,0,0,0,0,0,0,0,0,0,0,0,0,0,0,0,0,0,0,0,0,0,0,0,149,2026-02-05 12:25:52.953492
SMMR,25.83,25.77,25.83,1553600.0,5512.0,1934500.0,,,,0,0,0,0,0,0,0,0,0,0,0,0,0,0,0,0,0,0,0,0,0,0,0,0,0,0,0,0,0,0,149,2026-02-05 12:25:52.953492
ATMN,23.6,23.27,23.52,1964600.0,1350.0,2076000.0,,3863.0,2395.0,0,0,0,0,0,0,0,0,0,0,0,0,0,0,0,0,0,0,0,0,0,0,0,0,0,0,0,0,0,0,149,2026-02-05 12:25:52.953492
WNTR,23.97,23.92,23.97,2050500.0,,1884100.0,,2181.0,4474.0,0,0,0,0,0,0,0,0,0,0,0,0,0,0,0,0,0,0,0,0,0,0,0,0,0,0,0,0,0,0,149,2026-02-05 12:25:52.953492
SPNG,25.61,25.84,25.92,1400.0,1877100.0,1350.0,8911.0,1716700.0,,0,0,0,0,0,0,0,0,0,0,0,0,0,0,0,0,0,0,0,0,0,0,0,0,0,0,0,0,0,0,150,2026-02-05 12:25:53.985192
SMMR,25.99,25.72,25.96,,1453000.0,1598.0,,1932500.0,,0,0,0,0,0,0,0,0,0,0,0,0,0,0,0,0,0,0,0,0,0,0,0,0,0,0,0,0,0,0,150,2026-02-05 12:25:53.985192
ATMN,23.52,23.36,23.37,7121.0,1609000.0,5938.0,,1870500.0,6983.0,0,0,0,0,0,0,0,0,0,0,0,0,0,0,0,0,0,0,0,0,0,0,0,0,0,0,0,0,0,0,150,2026-02-05 12:25:53.985192
WNTR,23.97,24.01,24.08,7258.0,1813500.0,1678.0,,1890000.0,4474.0,0,0,0,0,0,0,0,0,0,0,0,0,0,0,0,0,0,0,0,0,0,0,0,0,0,0,0,0,0,0,150,2026-02-05 12:25:53.985192
SPNG,25.61,25.86,25.92,2800.0,5354.0,1507800.0,8911.0,1741200.0,,0,0,0,0,0,0,0,0,0,0,0,0,0,0,0,0,0,0,0,0,0,0,0,0,0,0,0,0,0,0,151,2026-02-05 12:25:55.019447
SMMR,25.99,25.83,25.85,8680.0,1598.0,1545400.0,2170.0,1815300.0,,0,0,0,0,0,0,0,0,0,0,0,0,0,0,0,0,0,0,0,0,0,0,0,0,0,0,0,0,0,0,151,2026-02-05 12:25:55.019447
ATMN,23.62,23.49,23.56,13489.0,5938.0,1507600.0,,2053100.0,2395.0,0,0,0,0,0,0,0,0,0,0,0,0,0,0,0,0,0,0,0,0,0,0,0,0,0,0,0,0,0,0,151,2026-02-05 12:25:55.019447
WNTR,24.03,24.03,24.06,13775.0,3356.0,1593300.0,8680.0,1890000.0,2237.0,0,0,0,0,0,0,0,0,0,0,0,0,0,0,0,0,0,0,0,0,0,0,0,0,0,0,0,0,0,0,151,2026-02-05 12:25:55.019447
SPNG,26.0,25.61,26.0,1982700.0,1350.0,1899300.0,,0,0,0,0,0,0,0,0,0,0,0,0,0,0,0,0,0,0,0,0,0,0,0,0,0,0,0,0,0,0,0,0,152,2026-02-05 12:25:56.049343
SMMR,25.78,25.72,25.78,1566900.0,1598.0,1724300.0,3914.0,0,0,0,0,0,0,0,0,0,0,0,0,0,0,0,0,0,0,0,0,0,0,0,0,0,0,0,0,0,0,0,0,152,2026-02-05 12:25:56.049343
ATMN,23.56,23.57,23.62,1953300.0,3644.0,2067800.0,2395.0,0,0,0,0,0,0,0,0,0,0,0,0,0,0,0,0,0,0,0,0,0,0,0,0,0,0,0,0,0,0,0,0,152,2026-02-05 12:25:56.049343
WNTR,24.08,24.07,24.08,1927700.0,3356.0,2009200.0,2237.0,0,0,0,0,0,0,0,0,0,0,0,0,0,0,0,0,0,0,0,0,0,0,0,0,0,0,0,0,0,0,0,0,152,2026-02-05 12:25:56.049343
SPNG,25.57,25.89,26.0,2027400.0,1350.0,1899300.0,,,,0,0,0,0,0,0,0,0,0,0,0,0,0,0,0,0,0,0,0,0,0,0,0,0,0,0,0,0,0,0,153,2026-02-05 12:25:57.080148
SMMR,25.73,25.73,25.75,1772800.0,1598.0,1613300.0,6379.0,3914.0,,0,0,0,0,0,0,0,0,0,0,0,0,0,0,0,0,0,0,0,0,0,0,0,0,0,0,0,0,0,0,153,2026-02-05 12:25:57.080148
ATMN,23.57,23.55,23.57,1739400.0,6344.0,1975000.0,2152.0,2395.0,,0,0,0,0,0,0,0,0,0,0,0,0,0,0,0,0,0,0,0,0,0,0,0,0,0,0,0,0,0,0,153,2026-02-05 12:25:57.080148
WNTR,24.08,24.08,24.09,1711200.0,5788.0,1705500.0,3451.0,6347.0,8292.0,0,0,0,0,0,0,0,0,0,0,0,0,0,0,0,0,0,0,0,0,0,0,0,0,0,0,0,0,0,0,153,2026-02-05 12:25:57.080148
SPNG,25.45,25.45,25.91,2075200.0,1350.0,4004.0,1640800.0,2800.0,,0,0,0,0,0,0,0,0,0,0,0,0,0,0,0,0,0,0,0,0,0,0,0,0,0,0,0,0,0,0,154,2026-02-05 12:25:58.113463
SMMR,25.75,25.73,25.75,1655000.0,6598.0,1957.0,1811200.0,,6900.0,0,0,0,0,0,0,0,0,0,0,0,0,0,0,0,0,0,0,0,0,0,0,0,0,0,0,0,0,0,0,154,2026-02-05 12:25:58.113463
ATMN,23.62,23.55,23.62,1746900.0,6344.0,2395.0,2086400.0,,,0,0,0,0,0,0,0,0,0,0,0,0,0,0,0,0,0,0,0,0,0,0,0,0,0,0,0,0,0,0,154,2026-02-05 12:25:58.113463
WNTR,24.1,24.19,24.26,1815000.0,4110.0,2237.0,1987700.0,,8334.0,0,0,0,0,0,0,0,0,0,0,0,0,0,0,0,0,0,0,0,0,0,0,0,0,0,0,0,0,0,0,154,2026-02-05 12:25:58.113463
SPNG,25.39,25.39,25.97,2262800.0,1894400.0,,,,,0,0,0,0,0,0,0,0,0,0,0,0,0,0,0,0,0,0,0,0,0,0,0,0,0,0,0,0,0,0,155,2026-02-05 12:25:59.153443
SMMR,25.85,25.76,25.85,1537100.0,1811000.0,12865.0,6598.0,1957.0,,0,0,0,0,0,0,0,0,0,0,0,0,0,0,0,0,0,0,0,0,0,0,0,0,0,0,0,0,0,0,155,2026-02-05 12:25:59.153443
ATMN,23.62,23.61,23.62,1510300.0,1984900.0,3588.0,7694.0,2395.0,1074.0,0,0,0,0,0,0,0,0,0,0,0,0,0,0,0,0,0,0,0,0,0,0,0,0,0,0,0,0,0,0,155,2026-02-05 12:25:59.153443
WNTR,24.15,24.22,24.26,1713500.0,1876700.0,9008.0,6921.0,2237.0,8334.0,0,0,0,0,0,0,0,0,0,0,0,0,0,0,0,0,0,0,0,0,0,0,0,0,0,0,0,0,0,0,155,2026-02-05 12:25:59.153443
SPNG,25.66,25.66,25.81,1856800.0,3396.0,4200.0,100.0,1803600.0,,0,0,0,0,0,0,0,0,0,0,0,0,0,0,0,0,0,0,0,0,0,0,0,0,0,0,0,0,0,0,156,2026-02-05 12:26:00.184819
SMMR,25.73,25.73,25.83,1672500.0,6598.0,6900.0,9008.0,1719900.0,1957.0,0,0,0,0,0,0,0,0,0,0,0,0,0,0,0,0,0,0,0,0,0,0,0,0,0,0,0,0,0,0,156,2026-02-05 12:26:00.184819
ATMN,23.45,23.61,23.62,1851000.0,3644.0,100.0,3761.0,1854700.0,2395.0,0,0,0,0,0,0,0,0,0,0,0,0,0,0,0,0,0,0,0,0,0,0,0,0,0,0,0,0,0,0,156,2026-02-05 12:26:00.184819
WNTR,24.35,24.23,24.35,1612000.0,6921.0,9108.0,,2077100.0,,0,0,0,0,0,0,0,0,0,0,0,0,0,0,0,0,0,0,0,0,0,0,0,0,0,0,0,0,0,0,156,2026-02-05 12:26:00.184819
SPNG,25.39,25.39,25.97,2213900.0,1893200.0,,,,,0,0,0,0,0,0,0,0,0,0,0,0,0,0,0,0,0,0,0,0,0,0,0,0,0,0,0,0,0,0,157,2026-02-05 12:26:01.236909
SMMR,25.76,25.74,25.75,1869500.0,1529600.0,4098.0,8334.0,5381.0,,0,0,0,0,0,0,0,0,0,0,0,0,0,0,0,0,0,0,0,0,0,0,0,0,0,0,0,0,0,0,157,2026-02-05 12:26:01.236909
ATMN,23.59,23.58,23.59,1867800.0,2076200.0,4994.0,,2395.0,,0,0,0,0,0,0,0,0,0,0,0,0,0,0,0,0,0,0,0,0,0,0,0,0,0,0,0,0,0,0,157,2026-02-05 12:26:01.236909
WNTR,24.29,24.23,24.29,1717500.0,2007500.0,6921.0,4242.0,,8334.0,0,0,0,0,0,0,0,0,0,0,0,0,0,0,0,0,0,0,0,0,0,0,0,0,0,0,0,0,0,0,157,2026-02-05 12:26:01.236909
SPNG,26.0,25.38,26.0,2210100.0,1892000.0,,,,,0,0,0,0,0,0,0,0,0,0,0,0,0,0,0,0,0,0,0,0,0,0,0,0,0,0,0,0,0,0,158,2026-02-05 12:26:02.295171
SMMR,25.76,25.74,25.75,1871000.0,1541700.0,4098.0,8334.0,5381.0,,0,0,0,0,0,0,0,0,0,0,0,0,0,0,0,0,0,0,0,0,0,0,0,0,0,0,0,0,0,0,158,2026-02-05 12:26:02.295171
ATMN,23.65,23.47,23.65,1867800.0,2042100.0,3644.0,,2395.0,4808.0,0,0,0,0,0,0,0,0,0,0,0,0,0,0,0,0,0,0,0,0,0,0,0,0,0,0,0,0,0,0,158,2026-02-05 12:26:02.295171
WNTR,24.35,24.28,24.35,1624300.0,1870900.0,7476.0,,2988.0,8334.0,0,0,0,0,0,0,0,0,0,0,0,0,0,0,0,0,0,0,0,0,0,0,0,0,0,0,0,0,0,0,158,2026-02-05 12:26:02.295171
SPNG,25.66,25.6,25.66,3396.0,1927800.0,1914700.0,,0,0,0,0,0,0,0,0,0,0,0,0,0,0,0,0,0,0,0,0,0,0,0,0,0,0,0,0,0,0,0,0,159,2026-02-05 12:26:03.329879
SMMR,25.76,25.74,25.76,6581.0,1777700.0,1620600.0,6152.0,0,0,0,0,0,0,0,0,0,0,0,0,0,0,0,0,0,0,0,0,0,0,0,0,0,0,0,0,0,0,0,0,159,2026-02-05 12:26:03.329879
ATMN,23.45,23.45,23.48,3644.0,1992700.0,2071000.0,2395.0,0,0,0,0,0,0,0,0,0,0,0,0,0,0,0,0,0,0,0,0,0,0,0,0,0,0,0,0,0,0,0,0,159,2026-02-05 12:26:03.329879
WNTR,24.18,24.29,24.35,4488.0,1942600.0,1897300.0,2988.0,0,0,0,0,0,0,0,0,0,0,0,0,0,0,0,0,0,0,0,0,0,0,0,0,0,0,0,0,0,0,0,0,159,2026-02-05 12:26:03.329879
SPNG,25.38,25.38,26.0,2170500.0,1892000.0,,,0,0,0,0,0,0,0,0,0,0,0,0,0,0,0,0,0,0,0,0,0,0,0,0,0,0,0,0,0,0,0,0,160,2026-02-05 12:26:04.378115
SMMR,25.87,25.74,25.82,1777700.0,1797800.0,6581.0,1957.0,0,0,0,0,0,0,0,0,0,0,0,0,0,0,0,0,0,0,0,0,0,0,0,0,0,0,0,0,0,0,0,0,160,2026-02-05 12:26:04.378115
ATMN,23.48,23.47,23.48,1777700.0,1835700.0,8644.0,7395.0,0,0,0,0,0,0,0,0,0,0,0,0,0,0,0,0,0,0,0,0,0,0,0,0,0,0,0,0,0,0,0,0,160,2026-02-05 12:26:04.378115
WNTR,24.42,24.29,24.42,1942600.0,1747100.0,4488.0,,0,0,0,0,0,0,0,0,0,0,0,0,0,0,0,0,0,0,0,0,0,0,0,0,0,0,0,0,0,0,0,0,160,2026-02-05 12:26:04.378115
SPNG,25.8,26.0,26.09,2149300.0,1874000.0,,,0,0,0,0,0,0,0,0,0,0,0,0,0,0,0,0,0,0,0,0,0,0,0,0,0,0,0,0,0,0,0,0,161,2026-02-05 12:26:05.429884
SMMR,25.68,25.81,25.82,2011900.0,1797800.0,1539.0,1957.0,0,0,0,0,0,0,0,0,0,0,0,0,0,0,0,0,0,0,0,0,0,0,0,0,0,0,0,0,0,0,0,0,161,2026-02-05 12:26:05.429884
ATMN,23.43,23.43,23.48,1984600.0,1826000.0,3644.0,7395.0,0,0,0,0,0,0,0,0,0,0,0,0,0,0,0,0,0,0,0,0,0,0,0,0,0,0,0,0,0,0,0,0,161,2026-02-05 12:26:05.429884
WNTR,24.18,24.18,24.42,1939600.0,1747100.0,4488.0,,0,0,0,0,0,0,0,0,0,0,0,0,0,0,0,0,0,0,0,0,0,0,0,0,0,0,0,0,0,0,0,0,161,2026-02-05 12:26:05.429884
SPNG,25.37,25.72,26.05,2174800.0,1883000.0,,,0,0,0,0,0,0,0,0,0,0,0,0,0,0,0,0,0,0,0,0,0,0,0,0,0,0,0,0,0,0,0,0,162,2026-02-05 12:26:06.089440
SMMR,25.79,25.68,25.71,2118700.0,1591000.0,5035.0,,0,0,0,0,0,0,0,0,0,0,0,0,0,0,0,0,0,0,0,0,0,0,0,0,0,0,0,0,0,0,0,0,162,2026-02-05 12:26:06.089440
ATMN,23.43,23.47,23.48,1780300.0,1826000.0,7395.0,8644.0,0,0,0,0,0,0,0,0,0,0,0,0,0,0,0,0,0,0,0,0,0,0,0,0,0,0,0,0,0,0,0,0,162,2026-02-05 12:26:06.089440
WNTR,24.18,24.13,24.14,1941600.0,1849800.0,,4488.0,0,0,0,0,0,0,0,0,0,0,0,0,0,0,0,0,0,0,0,0,0,0,0,0,0,0,0,0,0,0,0,0,162,2026-02-05 12:26:06.089440
SPNG,26.05,25.8,25.83,3396.0,1932100.0,1698.0,1812900.0,0,0,0,0,0,0,0,0,0,0,0,0,0,0,0,0,0,0,0,0,0,0,0,0,0,0,0,0,0,0,0,0,163,2026-02-05 12:26:07.166528
SMMR,25.79,25.68,25.71,,2091100.0,5035.0,1602500.0,0,0,0,0,0,0,0,0,0,0,0,0,0,0,0,0,0,0,0,0,0,0,0,0,0,0,0,0,0,0,0,0,163,2026-02-05 12:26:07.166528
ATMN,23.46,23.41,23.46,3644.0,2010400.0,9895.0,1720200.0,0,0,0,0,0,0,0,0,0,0,0,0,0,0,0,0,0,0,0,0,0,0,0,0,0,0,0,0,0,0,0,0,163,2026-02-05 12:26:07.166528
WNTR,24.14,24.17,24.42,4488.0,1896800.0,,1747100.0,0,0,0,0,0,0,0,0,0,0,0,0,0,0,0,0,0,0,0,0,0,0,0,0,0,0,0,0,0,0,0,0,163,2026-02-05 12:26:07.166528
SPNG,25.83,25.89,26.05,2180800.0,1896700.0,,,0,0,0,0,0,0,0,0,0,0,0,0,0,0,0,0,0,0,0,0,0,0,0,0,0,0,0,0,0,0,0,0,164,2026-02-05 12:26:08.244820
SMMR,25.67,25.67,25.69,1868900.0,1612500.0,3374.0,5183.0,0,0,0,0,0,0,0,0,0,0,0,0,0,0,0,0,0,0,0,0,0,0,0,0,0,0,0,0,0,0,0,0,164,2026-02-05 12:26:08.244820
ATMN,23.3,23.3,23.46,2078900.0,1849600.0,1350.0,7395.0,0,0,0,0,0,0,0,0,0,0,0,0,0,0,0,0,0,0,0,0,0,0,0,0,0,0,0,0,0,0,0,0,164,2026-02-05 12:26:08.244820
WNTR,24.42,24.22,24.42,1890200.0,1747100.0,4488.0,,0,0,0,0,0,0,0,0,0,0,0,0,0,0,0,0,0,0,0,0,0,0,0,0,0,0,0,0,0,0,0,0,164,2026-02-05 12:26:08.244820
SPNG,25.89,25.81,25.89,3396.0,1918600.0,1770200.0,3396.0,0,0,0,0,0,0,0,0,0,0,0,0,0,0,0,0,0,0,0,0,0,0,0,0,0,0,0,0,0,0,0,0,165,2026-02-05 12:26:09.363298
SMMR,25.82,25.72,25.82,3753.0,1886000.0,1730200.0,3496.0,0,0,0,0,0,0,0,0,0,0,0,0,0,0,0,0,0,0,0,0,0,0,0,0,0,0,0,0,0,0,0,0,165,2026-02-05 12:26:09.363298
ATMN,23.42,23.42,23.46,1350.0,2123100.0,1849600.0,7395.0,0,0,0,0,0,0,0,0,0,0,0,0,0,0,0,0,0,0,0,0,0,0,0,0,0,0,0,0,0,0,0,0,165,2026-02-05 12:26:09.363298
WNTR,24.42,24.22,24.34,4488.0,1896600.0,2053000.0,,0,0,0,0,0,0,0,0,0,0,0,0,0,0,0,0,0,0,0,0,0,0,0,0,0,0,0,0,0,0,0,0,165,2026-02-05 12:26:09.363298
SPNG,25.72,25.82,25.89,2155300.0,1871300.0,1698.0,,0,0,0,0,0,0,0,0,0,0,0,0,0,0,0,0,0,0,0,0,0,0,0,0,0,0,0,0,0,0,0,0,166,2026-02-05 12:26:10.417331
SMMR,25.71,25.71,25.73,2000600.0,1559100.0,7628.0,1687.0,0,0,0,0,0,0,0,0,0,0,0,0,0,0,0,0,0,0,0,0,0,0,0,0,0,0,0,0,0,0,0,0,166,2026-02-05 12:26:10.417331
ATMN,23.42,23.3,23.31,2121500.0,1617700.0,10095.0,1350.0,0,0,0,0,0,0,0,0,0,0,0,0,0,0,0,0,0,0,0,0,0,0,0,0,0,0,0,0,0,0,0,0,166,2026-02-05 12:26:10.417331
WNTR,24.22,24.22,24.34,1913000.0,2048600.0,,4488.0,0,0,0,0,0,0,0,0,0,0,0,0,0,0,0,0,0,0,0,0,0,0,0,0,0,0,0,0,0,0,0,0,166,2026-02-05 12:26:10.417331
SPNG,25.82,25.82,25.9,2146300.0,1863500.0,1698.0,,0,0,0,0,0,0,0,0,0,0,0,0,0,0,0,0,0,0,0,0,0,0,0,0,0,0,0,0,0,0,0,0,167,2026-02-05 12:26:11.464152
SMMR,25.75,25.75,25.76,1792300.0,1772600.0,3496.0,6579.0,0,0,0,0,0,0,0,0,0,0,0,0,0,0,0,0,0,0,0,0,0,0,0,0,0,0,0,0,0,0,0,0,167,2026-02-05 12:26:11.464152
ATMN,23.37,23.45,23.46,2133100.0,1849600.0,7395.0,1350.0,0,0,0,0,0,0,0,0,0,0,0,0,0,0,0,0,0,0,0,0,0,0,0,0,0,0,0,0,0,0,0,0,167,2026-02-05 12:26:11.464152
