ticker,last_price,bid_price,ask_price,BUY_ANON,SELL_ANON,BUY_WRSW-1,BUY_BRCH-1,SELL_CALG-1,SELL_GIOT-3,BUY_GIOT-3,SELL_WRSW-1,BUY_WRSW-3,SELL_WRSW-3,SELL_COLA-1,BUY_CALG-1,BUY_COLA-1,SELL_BRCH-1,SELL_LUIS-1,BUY_LUIS-1,tick,timestamp,news_news_id,news_period,news_tick,news_ticker,news_headline,news_body
SPNG,25.07,24.82,25.07,2169600.0,2045100.0,0,0,0,0,0,0,0,0,0,0,0,0,0,0,1,2026-02-04 14:35:24.790794,2.0,1.0,1.0,,Aggregate Position Limit,Your CRO has set the aggregate position limit to 11000 shares for this week.
SMMR,24.93,24.93,25.03,2018300.0,2427000.0,0,0,0,0,0,0,0,0,0,0,0,0,0,0,1,2026-02-04 14:35:24.790794,1.0,1.0,1.0,,Welcome to the RITC 2026 Alogithmic Market Making Case - practice server,
ATMN,24.9,24.9,25.0,1805000.0,2165300.0,0,0,0,0,0,0,0,0,0,0,0,0,0,0,1,2026-02-04 14:35:24.790794,,,,,,
WNTR,24.94,24.94,25.02,2317800.0,2252700.0,0,0,0,0,0,0,0,0,0,0,0,0,0,0,1,2026-02-04 14:35:24.790794,,,,,,
SPNG,24.82,24.82,25.07,2186100.0,2158000.0,0,0,0,0,0,0,0,0,0,0,0,0,0,0,2,2026-02-04 14:35:25.826821
SMMR,24.93,25.02,25.03,2104600.0,2427000.0,0,0,0,0,0,0,0,0,0,0,0,0,0,0,2,2026-02-04 14:35:25.826821
ATMN,25.15,24.9,24.95,2087000.0,2196900.0,0,0,0,0,0,0,0,0,0,0,0,0,0,0,2,2026-02-04 14:35:25.826821
WNTR,25.07,25.02,25.07,2313100.0,2254700.0,0,0,0,0,0,0,0,0,0,0,0,0,0,0,2,2026-02-04 14:35:25.826821
SPNG,24.82,25.02,25.07,2167300.0,2187900.0,0,0,0,0,0,0,0,0,0,0,0,0,0,0,3,2026-02-04 14:35:26.880565
SMMR,24.9,24.9,25.03,2007900.0,2438100.0,0,0,0,0,0,0,0,0,0,0,0,0,0,0,3,2026-02-04 14:35:26.880565
ATMN,25.16,24.9,25.16,2327100.0,2192400.0,0,0,0,0,0,0,0,0,0,0,0,0,0,0,3,2026-02-04 14:35:26.880565
WNTR,25.07,25.11,25.12,2287500.0,2259200.0,0,0,0,0,0,0,0,0,0,0,0,0,0,0,3,2026-02-04 14:35:26.880565
SPNG,25.07,25.15,25.22,2132800.0,2161000.0,0,0,0,0,0,0,0,0,0,0,0,0,0,0,4,2026-02-04 14:35:27.909719
SMMR,25.09,24.9,25.0,2126200.0,2467700.0,0,0,0,0,0,0,0,0,0,0,0,0,0,0,4,2026-02-04 14:35:27.909719
ATMN,24.87,24.87,25.1,2343000.0,2181400.0,0,0,0,0,0,0,0,0,0,0,0,0,0,0,4,2026-02-04 14:35:27.909719
WNTR,25.07,25.11,25.12,2308400.0,2258800.0,0,0,0,0,0,0,0,0,0,0,0,0,0,0,4,2026-02-04 14:35:27.909719
SPNG,25.15,25.02,25.14,2147600.0,2167500.0,0,0,0,0,0,0,0,0,0,0,0,0,0,0,5,2026-02-04 14:35:28.941805
SMMR,25.09,24.9,25.0,2407600.0,2484100.0,0,0,0,0,0,0,0,0,0,0,0,0,0,0,5,2026-02-04 14:35:28.941805
ATMN,24.87,24.87,24.99,2290900.0,2153400.0,0,0,0,0,0,0,0,0,0,0,0,0,0,0,5,2026-02-04 14:35:28.941805
WNTR,25.14,25.11,25.14,2292000.0,2221400.0,0,0,0,0,0,0,0,0,0,0,0,0,0,0,5,2026-02-04 14:35:28.941805
SPNG,25.22,25.02,25.22,2147600.0,2178000.0,0,0,0,0,0,0,0,0,0,0,0,0,0,0,6,2026-02-04 14:35:29.485461
SMMR,25.09,24.95,25.0,2344300.0,2484100.0,0,0,0,0,0,0,0,0,0,0,0,0,0,0,6,2026-02-04 14:35:29.485461
ATMN,24.82,24.82,24.99,2268000.0,2153400.0,0,0,0,0,0,0,0,0,0,0,0,0,0,0,6,2026-02-04 14:35:29.485461
WNTR,25.1,25.1,25.14,2325900.0,2221400.0,0,0,0,0,0,0,0,0,0,0,0,0,0,0,6,2026-02-04 14:35:29.485461
SPNG,25.24,24.95,25.24,2167600.0,2201900.0,0,0,0,0,0,0,0,0,0,0,0,0,0,0,7,2026-02-04 14:35:30.519945
SMMR,24.97,24.95,24.97,2386100.0,2474000.0,0,0,0,0,0,0,0,0,0,0,0,0,0,0,7,2026-02-04 14:35:30.519945
ATMN,24.81,24.81,24.99,2271500.0,2153400.0,0,0,0,0,0,0,0,0,0,0,0,0,0,0,7,2026-02-04 14:35:30.519945
WNTR,25.01,25.01,25.1,2317200.0,2251600.0,0,0,0,0,0,0,0,0,0,0,0,0,0,0,7,2026-02-04 14:35:30.519945
SPNG,24.95,24.95,25.24,2135500.0,2198600.0,0,0,0,0,0,0,0,0,0,0,0,0,0,0,8,2026-02-04 14:35:31.567501
SMMR,24.98,24.9,24.98,2389900.0,2501800.0,0,0,0,0,0,0,0,0,0,0,0,0,0,0,8,2026-02-04 14:35:31.567501
ATMN,24.99,24.81,24.99,2291800.0,2153400.0,0,0,0,0,0,0,0,0,0,0,0,0,0,0,8,2026-02-04 14:35:31.567501
WNTR,25.1,25.01,25.1,2316200.0,2261700.0,0,0,0,0,0,0,0,0,0,0,0,0,0,0,8,2026-02-04 14:35:31.567501
SPNG,24.8,24.8,25.24,2151200.0,2198600.0,0,0,0,0,0,0,0,0,0,0,0,0,0,0,9,2026-02-04 14:35:32.600284
SMMR,24.9,24.9,24.98,2389900.0,2485100.0,0,0,0,0,0,0,0,0,0,0,0,0,0,0,9,2026-02-04 14:35:32.600284
ATMN,24.97,24.97,25.1,2289500.0,2187600.0,0,0,0,0,0,0,0,0,0,0,0,0,0,0,9,2026-02-04 14:35:32.600284
WNTR,25.15,25.01,25.15,2316200.0,2253300.0,0,0,0,0,0,0,0,0,0,0,0,0,0,0,9,2026-02-04 14:35:32.600284
SPNG,25.43,24.7,25.43,2162200.0,2199200.0,0,0,0,0,0,0,0,0,0,0,0,0,0,0,10,2026-02-04 14:35:33.641343
SMMR,25.0,24.94,25.0,2358600.0,2475300.0,0,0,0,0,0,0,0,0,0,0,0,0,0,0,10,2026-02-04 14:35:33.641343
ATMN,25.11,24.97,25.11,2314000.0,2167600.0,0,0,0,0,0,0,0,0,0,0,0,0,0,0,10,2026-02-04 14:35:33.641343
WNTR,25.15,25.08,25.15,2277600.0,2262000.0,0,0,0,0,0,0,0,0,0,0,0,0,0,0,10,2026-02-04 14:35:33.641343
SPNG,25.45,24.73,24.92,2142400.0,2169400.0,0,0,0,0,0,0,0,0,0,0,0,0,0,0,11,2026-02-04 14:35:34.791276
SMMR,25.09,24.94,25.09,2358600.0,2450400.0,0,0,0,0,0,0,0,0,0,0,0,0,0,0,11,2026-02-04 14:35:34.791276
ATMN,25.16,24.97,25.18,2319800.0,2187800.0,0,0,0,0,0,0,0,0,0,0,0,0,0,0,11,2026-02-04 14:35:34.791276
WNTR,25.08,25.08,25.15,2277600.0,2256500.0,0,0,0,0,0,0,0,0,0,0,0,0,0,0,11,2026-02-04 14:35:34.791276
SPNG,24.92,24.95,25.45,2142000.0,2175400.0,0,0,0,0,0,0,0,0,0,0,0,0,0,0,12,2026-02-04 14:35:35.822427
SMMR,24.94,24.9,24.93,2369600.0,2410300.0,0,0,0,0,0,0,0,0,0,0,0,0,0,0,12,2026-02-04 14:35:35.822427
ATMN,25.25,25.0,25.08,2291800.0,2169900.0,0,0,0,0,0,0,0,0,0,0,0,0,0,0,12,2026-02-04 14:35:35.822427
WNTR,24.92,24.92,25.06,2274100.0,2258600.0,0,0,0,0,0,0,0,0,0,0,0,0,0,0,12,2026-02-04 14:35:35.822427
SPNG,24.7,24.7,25.19,2162200.0,2189400.0,0,0,0,0,0,0,0,0,0,0,0,0,0,0,13,2026-02-04 14:35:36.854597
SMMR,24.94,24.9,24.93,2384300.0,2410300.0,0,0,0,0,0,0,0,0,0,0,0,0,0,0,13,2026-02-04 14:35:36.854597
ATMN,25.08,25.0,25.08,2281300.0,2169900.0,0,0,0,0,0,0,0,0,0,0,0,0,0,0,13,2026-02-04 14:35:36.854597
WNTR,25.19,24.92,25.19,2274100.0,2246200.0,0,0,0,0,0,0,0,0,0,0,0,0,0,0,13,2026-02-04 14:35:36.854597
SPNG,25.19,25.26,25.32,2137900.0,2171400.0,0,0,0,0,0,0,0,0,0,0,0,0,0,0,14,2026-02-04 14:35:37.894211
SMMR,24.88,24.88,25.1,2352400.0,2458500.0,0,0,0,0,0,0,0,0,0,0,0,0,0,0,14,2026-02-04 14:35:37.894211
ATMN,25.0,25.0,25.25,2281300.0,2138100.0,0,0,0,0,0,0,0,0,0,0,0,0,0,0,14,2026-02-04 14:35:37.894211
WNTR,24.86,25.08,25.19,2306800.0,2246200.0,0,0,0,0,0,0,0,0,0,0,0,0,0,0,14,2026-02-04 14:35:37.894211
SPNG,24.7,24.7,25.32,2135300.0,2159500.0,0,0,0,0,0,0,0,0,0,0,0,0,0,0,15,2026-02-04 14:35:38.931887
SMMR,25.01,25.09,25.1,2394600.0,2458400.0,0,0,0,0,0,0,0,0,0,0,0,0,0,0,15,2026-02-04 14:35:38.931887
ATMN,25.2,25.2,25.25,2315500.0,2131100.0,0,0,0,0,0,0,0,0,0,0,0,0,0,0,15,2026-02-04 14:35:38.931887
WNTR,24.85,24.85,25.07,2300200.0,2292700.0,0,0,0,0,0,0,0,0,0,0,0,0,0,0,15,2026-02-04 14:35:38.931887
SPNG,24.7,25.24,25.32,2109000.0,2174100.0,0,0,0,0,0,0,0,0,0,0,0,0,0,0,16,2026-02-04 14:35:39.964176
SMMR,25.09,24.88,25.02,2352400.0,2397100.0,0,0,0,0,0,0,0,0,0,0,0,0,0,0,16,2026-02-04 14:35:39.964176
ATMN,25.25,25.0,25.25,2321700.0,2131100.0,0,0,0,0,0,0,0,0,0,0,0,0,0,0,16,2026-02-04 14:35:39.964176
WNTR,24.85,24.85,25.07,2302100.0,2240800.0,0,0,0,0,0,0,0,0,0,0,0,0,0,0,16,2026-02-04 14:35:39.964176
SPNG,25.24,25.24,25.32,2109000.0,2156900.0,0,0,0,0,0,0,0,0,0,0,0,0,0,0,17,2026-02-04 14:35:41.024025
SMMR,24.88,24.9,25.07,2393200.0,2428300.0,0,0,0,0,0,0,0,0,0,0,0,0,0,0,17,2026-02-04 14:35:41.024025
ATMN,24.96,24.95,24.96,2333600.0,2170000.0,0,0,0,0,0,0,0,0,0,0,0,0,0,0,17,2026-02-04 14:35:41.024025
WNTR,24.85,24.85,24.89,2325900.0,2269600.0,0,0,0,0,0,0,0,0,0,0,0,0,0,0,17,2026-02-04 14:35:41.024025
SPNG,24.69,25.26,25.32,2111800.0,2156900.0,0,0,0,0,0,0,0,0,0,0,0,0,0,0,18,2026-02-04 14:35:41.571509
SMMR,24.88,24.97,25.07,2434400.0,2428300.0,0,0,0,0,0,0,0,0,0,0,0,0,0,0,18,2026-02-04 14:35:41.571509
ATMN,25.26,24.95,25.26,2333600.0,2133800.0,0,0,0,0,0,0,0,0,0,0,0,0,0,0,18,2026-02-04 14:35:41.571509
WNTR,24.85,24.85,24.89,2325900.0,2269600.0,0,0,0,0,0,0,0,0,0,0,0,0,0,0,18,2026-02-04 14:35:41.571509
SPNG,25.32,24.72,25.32,2121600.0,2156900.0,0,0,0,0,0,0,0,0,0,0,0,0,0,0,19,2026-02-04 14:35:42.605831
SMMR,25.07,24.97,25.07,2434400.0,2418700.0,0,0,0,0,0,0,0,0,0,0,0,0,0,0,19,2026-02-04 14:35:42.605831
ATMN,25.26,24.95,25.26,2327000.0,2116900.0,0,0,0,0,0,0,0,0,0,0,0,0,0,0,19,2026-02-04 14:35:42.605831
WNTR,24.89,24.85,24.89,2322200.0,2269600.0,0,0,0,0,0,0,0,0,0,0,0,0,0,0,19,2026-02-04 14:35:42.605831
SPNG,25.09,24.72,25.09,2121600.0,2143700.0,0,0,0,0,0,0,0,0,0,0,0,0,0,0,20,2026-02-04 14:35:43.639794
SMMR,25.07,24.97,25.03,2374100.0,2405300.0,0,0,0,0,0,0,0,0,0,0,0,0,0,0,20,2026-02-04 14:35:43.639794
ATMN,25.26,24.95,25.26,2274000.0,2116900.0,0,0,0,0,0,0,0,0,0,0,0,0,0,0,20,2026-02-04 14:35:43.639794
WNTR,24.89,24.92,25.0,2297300.0,2275800.0,0,0,0,0,0,0,0,0,0,0,0,0,0,0,20,2026-02-04 14:35:43.639794
SPNG,25.09,25.08,25.09,2153400.0,2143700.0,0,0,0,0,0,0,0,0,0,0,0,0,0,0,21,2026-02-04 14:35:44.675889
SMMR,25.03,24.97,25.03,2362300.0,2419400.0,0,0,0,0,0,0,0,0,0,0,0,0,0,0,21,2026-02-04 14:35:44.675889
ATMN,25.28,25.3,25.36,2301500.0,2129400.0,0,0,0,0,0,0,0,0,0,0,0,0,0,0,21,2026-02-04 14:35:44.675889
WNTR,25.07,24.99,25.07,2281800.0,2241700.0,0,0,0,0,0,0,0,0,0,0,0,0,0,0,21,2026-02-04 14:35:44.675889
SPNG,25.08,24.72,24.92,2186400.0,2162100.0,0,0,0,0,0,0,0,0,0,0,0,0,0,0,22,2026-02-04 14:35:45.704879
SMMR,24.97,24.97,25.03,2362600.0,2419400.0,0,0,0,0,0,0,0,0,0,0,0,0,0,0,22,2026-02-04 14:35:45.704879
ATMN,25.3,24.95,25.11,2274000.0,2191700.0,0,0,0,0,0,0,0,0,0,0,0,0,0,0,22,2026-02-04 14:35:45.704879
WNTR,25.09,24.99,25.09,2264900.0,2261900.0,0,0,0,0,0,0,0,0,0,0,0,0,0,0,22,2026-02-04 14:35:45.704879
SPNG,24.97,25.19,25.45,2185200.0,2164000.0,0,0,0,0,0,0,0,0,0,0,0,0,0,0,23,2026-02-04 14:35:46.742831
SMMR,24.94,24.94,24.95,2364200.0,2428700.0,0,0,0,0,0,0,0,0,0,0,0,0,0,0,23,2026-02-04 14:35:46.742831
ATMN,25.11,25.2,25.36,2210600.0,2157700.0,0,0,0,0,0,0,0,0,0,0,0,0,0,0,23,2026-02-04 14:35:46.742831
WNTR,24.92,24.92,25.09,2276600.0,2286600.0,0,0,0,0,0,0,0,0,0,0,0,0,0,0,23,2026-02-04 14:35:46.742831
SPNG,24.72,24.72,25.45,2161200.0,2164000.0,0,0,0,0,0,0,0,0,0,0,0,0,0,0,24,2026-02-04 14:35:47.779433
SMMR,25.06,24.94,25.06,2364200.0,2425300.0,0,0,0,0,0,0,0,0,0,0,0,0,0,0,24,2026-02-04 14:35:47.779433
ATMN,25.2,24.95,25.06,2223100.0,2237500.0,0,0,0,0,0,0,0,0,0,0,0,0,0,0,24,2026-02-04 14:35:47.779433
WNTR,25.09,25.08,25.09,2279400.0,2276800.0,0,0,0,0,0,0,0,0,0,0,0,0,0,0,24,2026-02-04 14:35:47.779433
SPNG,24.65,24.65,25.02,2193100.0,2144600.0,0,0,0,0,0,0,0,0,0,0,0,0,0,0,25,2026-02-04 14:35:48.828383
SMMR,25.06,24.94,25.06,2410200.0,2401700.0,0,0,0,0,0,0,0,0,0,0,0,0,0,0,25,2026-02-04 14:35:48.828383
ATMN,25.2,25.05,25.06,2226300.0,2226200.0,0,0,0,0,0,0,0,0,0,0,0,0,0,0,25,2026-02-04 14:35:48.828383
WNTR,25.08,25.04,25.06,2296700.0,2277100.0,0,0,0,0,0,0,0,0,0,0,0,0,0,0,25,2026-02-04 14:35:48.828383
SPNG,25.02,24.66,25.01,10000.0,2074900.0,10000.0,2057500.0,0,0,0,0,0,0,0,0,0,0,0,0,26,2026-02-04 14:35:49.898881
SMMR,25.1,24.94,25.1,,2410200.0,,2388000.0,0,0,0,0,0,0,0,0,0,0,0,0,26,2026-02-04 14:35:49.898881
ATMN,25.05,25.05,25.26,,2257100.0,,2222500.0,0,0,0,0,0,0,0,0,0,0,0,0,26,2026-02-04 14:35:49.898881
WNTR,25.08,25.04,25.06,,2296700.0,,2265300.0,0,0,0,0,0,0,0,0,0,0,0,0,26,2026-02-04 14:35:49.898881
SPNG,24.65,24.65,25.46,2207200.0,2141500.0,0,0,0,0,0,0,0,0,0,0,0,0,0,0,27,2026-02-04 14:35:50.944292
SMMR,24.94,24.94,24.99,2412600.0,2408800.0,0,0,0,0,0,0,0,0,0,0,0,0,0,0,27,2026-02-04 14:35:50.944292
ATMN,25.26,25.02,25.26,2284400.0,2222500.0,0,0,0,0,0,0,0,0,0,0,0,0,0,0,27,2026-02-04 14:35:50.944292
WNTR,25.04,25.04,25.06,2279800.0,2263800.0,0,0,0,0,0,0,0,0,0,0,0,0,0,0,27,2026-02-04 14:35:50.944292
SPNG,24.94,24.87,24.94,2182100.0,2139100.0,0,0,0,0,0,0,0,0,0,0,0,0,0,0,28,2026-02-04 14:35:52.026692
SMMR,24.93,24.93,24.95,2433300.0,2412700.0,0,0,0,0,0,0,0,0,0,0,0,0,0,0,28,2026-02-04 14:35:52.026692
ATMN,25.37,25.02,25.37,2302000.0,2178000.0,0,0,0,0,0,0,0,0,0,0,0,0,0,0,28,2026-02-04 14:35:52.026692
WNTR,25.03,25.03,25.06,2250400.0,2263800.0,0,0,0,0,0,0,0,0,0,0,0,0,0,0,28,2026-02-04 14:35:52.026692
SPNG,25.02,25.15,25.46,2173400.0,2141500.0,0,0,0,0,0,0,0,0,0,0,0,0,0,0,29,2026-02-04 14:35:53.077948
SMMR,24.95,24.94,24.95,2451000.0,2412700.0,0,0,0,0,0,0,0,0,0,0,0,0,0,0,29,2026-02-04 14:35:53.077948
ATMN,25.37,25.02,25.24,2302000.0,2189200.0,0,0,0,0,0,0,0,0,0,0,0,0,0,0,29,2026-02-04 14:35:53.077948
WNTR,25.03,25.03,25.06,2259500.0,2271600.0,0,0,0,0,0,0,0,0,0,0,0,0,0,0,29,2026-02-04 14:35:53.077948
SPNG,25.02,25.15,25.46,2173400.0,2118700.0,0,0,0,0,0,0,0,0,0,0,0,0,0,0,30,2026-02-04 14:35:54.108804
SMMR,24.95,24.94,24.95,2466400.0,2412600.0,0,0,0,0,0,0,0,0,0,0,0,0,0,0,30,2026-02-04 14:35:54.108804
ATMN,25.02,25.02,25.22,2302000.0,2179500.0,0,0,0,0,0,0,0,0,0,0,0,0,0,0,30,2026-02-04 14:35:54.108804
WNTR,25.06,25.03,25.06,2253700.0,2267300.0,0,0,0,0,0,0,0,0,0,0,0,0,0,0,30,2026-02-04 14:35:54.108804
SPNG,25.15,25.15,25.46,2173400.0,2127000.0,0,0,0,0,0,0,0,0,0,0,0,0,0,0,31,2026-02-04 14:35:54.642487
SMMR,24.99,24.94,24.99,2466400.0,2408800.0,0,0,0,0,0,0,0,0,0,0,0,0,0,0,31,2026-02-04 14:35:54.642487
ATMN,25.02,25.02,25.22,2302000.0,2196800.0,0,0,0,0,0,0,0,0,0,0,0,0,0,0,31,2026-02-04 14:35:54.642487
WNTR,25.01,25.01,25.06,2307700.0,2267300.0,0,0,0,0,0,0,0,0,0,0,0,0,0,0,31,2026-02-04 14:35:54.642487
SPNG,25.09,25.03,25.09,2204000.0,2134300.0,0,0,0,0,0,0,0,0,0,0,0,0,0,0,32,2026-02-04 14:35:55.684123
SMMR,25.1,24.94,25.1,2452500.0,2388100.0,0,0,0,0,0,0,0,0,0,0,0,0,0,0,32,2026-02-04 14:35:55.684123
ATMN,25.24,25.02,25.24,2302000.0,2188400.0,0,0,0,0,0,0,0,0,0,0,0,0,0,0,32,2026-02-04 14:35:55.684123
WNTR,25.1,25.01,25.1,2257700.0,2254900.0,0,0,0,0,0,0,0,0,0,0,0,0,0,0,32,2026-02-04 14:35:55.684123
SPNG,25.09,25.03,25.09,2204000.0,2110500.0,0,0,0,0,0,0,0,0,0,0,0,0,0,0,33,2026-02-04 14:35:56.725105
SMMR,25.1,25.07,25.1,2506000.0,2388100.0,0,0,0,0,0,0,0,0,0,0,0,0,0,0,33,2026-02-04 14:35:56.725105
ATMN,25.24,25.02,25.06,2302000.0,2192600.0,0,0,0,0,0,0,0,0,0,0,0,0,0,0,33,2026-02-04 14:35:56.725105
WNTR,24.92,24.92,25.1,2278900.0,2258400.0,0,0,0,0,0,0,0,0,0,0,0,0,0,0,33,2026-02-04 14:35:56.725105
SPNG,25.21,25.07,25.21,10000.0,2085800.0,2131700.0,0,0,0,0,0,0,0,0,0,0,0,0,0,34,2026-02-04 14:35:57.764769
SMMR,25.07,25.07,25.1,,2506000.0,2369700.0,0,0,0,0,0,0,0,0,0,0,0,0,0,34,2026-02-04 14:35:57.764769
ATMN,25.01,25.01,25.25,,2299600.0,2171000.0,0,0,0,0,0,0,0,0,0,0,0,0,0,34,2026-02-04 14:35:57.764769
WNTR,25.14,25.03,25.14,,2285600.0,2267800.0,0,0,0,0,0,0,0,0,0,0,0,0,0,34,2026-02-04 14:35:57.764769
SPNG,25.03,25.03,25.21,2186900.0,2130800.0,0,0,0,0,0,0,0,0,0,0,0,0,0,0,35,2026-02-04 14:35:58.810628
SMMR,25.0,25.0,25.1,2474200.0,2359800.0,0,0,0,0,0,0,0,0,0,0,0,0,0,0,35,2026-02-04 14:35:58.810628
ATMN,25.01,25.24,25.25,2266900.0,2224100.0,0,0,0,0,0,0,0,0,0,0,0,0,0,0,35,2026-02-04 14:35:58.810628
WNTR,25.14,25.03,25.14,2262300.0,2271400.0,0,0,0,0,0,0,0,0,0,0,0,0,0,0,35,2026-02-04 14:35:58.810628
SPNG,24.52,24.52,25.21,2200000.0,2130800.0,0,0,0,0,0,0,0,0,0,0,0,0,0,0,36,2026-02-04 14:35:59.849233
SMMR,25.1,25.0,25.1,2487800.0,2359800.0,0,0,0,0,0,0,0,0,0,0,0,0,0,0,36,2026-02-04 14:35:59.849233
ATMN,25.25,25.24,25.25,2268000.0,2243200.0,0,0,0,0,0,0,0,0,0,0,0,0,0,0,36,2026-02-04 14:35:59.849233
WNTR,25.03,25.03,25.14,2262300.0,2275900.0,0,0,0,0,0,0,0,0,0,0,0,0,0,0,36,2026-02-04 14:35:59.849233
SPNG,24.52,25.11,25.21,2138000.0,2130800.0,0,0,0,0,0,0,0,0,0,0,0,0,0,0,37,2026-02-04 14:36:00.890244
SMMR,25.1,25.0,25.1,2511400.0,2371000.0,0,0,0,0,0,0,0,0,0,0,0,0,0,0,37,2026-02-04 14:36:00.890244
ATMN,25.25,25.01,25.25,2309600.0,2243200.0,0,0,0,0,0,0,0,0,0,0,0,0,0,0,37,2026-02-04 14:36:00.890244
WNTR,25.17,25.03,25.05,2275000.0,2263500.0,0,0,0,0,0,0,0,0,0,0,0,0,0,0,37,2026-02-04 14:36:00.890244
SPNG,24.52,25.11,25.21,2138000.0,2103700.0,0,0,0,0,0,0,0,0,0,0,0,0,0,0,38,2026-02-04 14:36:01.925244
SMMR,24.96,24.96,25.03,2491600.0,2440500.0,0,0,0,0,0,0,0,0,0,0,0,0,0,0,38,2026-02-04 14:36:01.925244
ATMN,25.27,24.94,25.27,2306600.0,2205800.0,0,0,0,0,0,0,0,0,0,0,0,0,0,0,38,2026-02-04 14:36:01.925244
WNTR,25.05,25.03,25.05,2275000.0,2237900.0,0,0,0,0,0,0,0,0,0,0,0,0,0,0,38,2026-02-04 14:36:01.925244
SPNG,25.11,25.11,25.21,2138000.0,2091700.0,0,0,0,0,0,0,0,0,0,0,0,0,0,0,39,2026-02-04 14:36:02.955251
SMMR,25.03,24.95,25.03,2484600.0,2440500.0,0,0,0,0,0,0,0,0,0,0,0,0,0,0,39,2026-02-04 14:36:02.955251
ATMN,25.05,25.05,25.4,2329900.0,2210800.0,0,0,0,0,0,0,0,0,0,0,0,0,0,0,39,2026-02-04 14:36:02.955251
WNTR,25.05,25.03,25.05,2269900.0,2262000.0,0,0,0,0,0,0,0,0,0,0,0,0,0,0,39,2026-02-04 14:36:02.955251
SPNG,24.55,24.7,25.21,2164400.0,2091700.0,0,0,0,0,0,0,0,0,0,0,0,0,0,0,40,2026-02-04 14:36:04.031561
SMMR,25.05,24.95,24.97,2484600.0,2416400.0,0,0,0,0,0,0,0,0,0,0,0,0,0,0,40,2026-02-04 14:36:04.031561
ATMN,25.05,25.05,25.4,2329900.0,2227000.0,0,0,0,0,0,0,0,0,0,0,0,0,0,0,40,2026-02-04 14:36:04.031561
WNTR,25.05,25.06,25.13,2247600.0,2251800.0,0,0,0,0,0,0,0,0,0,0,0,0,0,0,40,2026-02-04 14:36:04.031561
SPNG,25.36,24.76,25.06,2167600.0,2077600.0,0,0,0,0,0,0,0,0,0,0,0,0,0,0,41,2026-02-04 14:36:05.067346
SMMR,25.1,24.95,24.98,2484000.0,2406300.0,0,0,0,0,0,0,0,0,0,0,0,0,0,0,41,2026-02-04 14:36:05.067346
ATMN,25.09,25.05,25.09,2301100.0,2274000.0,0,0,0,0,0,0,0,0,0,0,0,0,0,0,41,2026-02-04 14:36:05.067346
WNTR,25.07,24.98,25.07,2243400.0,2260200.0,0,0,0,0,0,0,0,0,0,0,0,0,0,0,41,2026-02-04 14:36:05.067346
SPNG,24.76,25.35,25.36,10000.0,2058600.0,1992000.0,10000.0,0,0,0,0,0,0,0,0,0,0,0,0,42,2026-02-04 14:36:06.097144
SMMR,24.98,24.95,24.98,,2484000.0,2406400.0,,0,0,0,0,0,0,0,0,0,0,0,0,42,2026-02-04 14:36:06.097144
ATMN,25.09,25.15,25.31,,2307000.0,2260400.0,,0,0,0,0,0,0,0,0,0,0,0,0,42,2026-02-04 14:36:06.097144
WNTR,25.17,24.95,25.17,,2245900.0,2269500.0,,0,0,0,0,0,0,0,0,0,0,0,0,42,2026-02-04 14:36:06.097144
SPNG,25.46,24.76,25.46,2167600.0,2120900.0,0,0,0,0,0,0,0,0,0,0,0,0,0,0,43,2026-02-04 14:36:07.136549
SMMR,25.1,24.95,24.99,2439100.0,2373800.0,0,0,0,0,0,0,0,0,0,0,0,0,0,0,43,2026-02-04 14:36:07.136549
ATMN,24.92,24.92,25.23,2269200.0,2238000.0,0,0,0,0,0,0,0,0,0,0,0,0,0,0,43,2026-02-04 14:36:07.136549
WNTR,24.92,24.92,25.17,2278900.0,2269500.0,0,0,0,0,0,0,0,0,0,0,0,0,0,0,43,2026-02-04 14:36:07.136549
SPNG,25.46,25.09,25.33,2170900.0,2134200.0,0,0,0,0,0,0,0,0,0,0,0,0,0,0,44,2026-02-04 14:36:08.167910
SMMR,24.99,25.02,25.1,2458800.0,2399700.0,0,0,0,0,0,0,0,0,0,0,0,0,0,0,44,2026-02-04 14:36:08.167910
ATMN,24.83,24.83,25.31,2265300.0,2205800.0,0,0,0,0,0,0,0,0,0,0,0,0,0,0,44,2026-02-04 14:36:08.167910
WNTR,24.9,24.9,24.95,2270800.0,2280800.0,0,0,0,0,0,0,0,0,0,0,0,0,0,0,44,2026-02-04 14:36:08.167910
SPNG,24.76,24.76,25.33,2167600.0,2128500.0,0,0,0,0,0,0,0,0,0,0,0,0,0,0,45,2026-02-04 14:36:09.220934
SMMR,24.99,24.95,24.98,2439100.0,2368100.0,0,0,0,0,0,0,0,0,0,0,0,0,0,0,45,2026-02-04 14:36:09.220934
ATMN,25.1,25.03,25.1,2300100.0,2207800.0,0,0,0,0,0,0,0,0,0,0,0,0,0,0,45,2026-02-04 14:36:09.220934
WNTR,25.04,24.9,25.04,2270800.0,2286500.0,0,0,0,0,0,0,0,0,0,0,0,0,0,0,45,2026-02-04 14:36:09.220934
SPNG,25.33,25.13,25.33,10000.0,2058600.0,2025900.0,10000.0,0,0,0,0,0,0,0,0,0,0,0,0,46,2026-02-04 14:36:09.767821
SMMR,24.98,24.95,24.96,,2439100.0,2242500.0,10000.0,0,0,0,0,0,0,0,0,0,0,0,0,46,2026-02-04 14:36:09.767821
ATMN,25.03,24.83,25.03,,2289900.0,2244300.0,,0,0,0,0,0,0,0,0,0,0,0,0,46,2026-02-04 14:36:09.767821
WNTR,24.86,24.86,25.04,,2264600.0,2286500.0,,0,0,0,0,0,0,0,0,0,0,0,0,46,2026-02-04 14:36:09.767821
SPNG,25.37,24.76,25.37,2167600.0,2108300.0,0,0,0,0,0,0,0,0,0,0,0,0,0,0,47,2026-02-04 14:36:10.820306
SMMR,24.95,24.95,24.96,2447400.0,2381800.0,0,0,0,0,0,0,0,0,0,0,0,0,0,0,47,2026-02-04 14:36:10.820306
ATMN,25.03,24.92,25.03,2302700.0,2244300.0,0,0,0,0,0,0,0,0,0,0,0,0,0,0,47,2026-02-04 14:36:10.820306
WNTR,24.85,24.85,25.04,2296700.0,2284100.0,0,0,0,0,0,0,0,0,0,0,0,0,0,0,47,2026-02-04 14:36:10.820306
SPNG,25.41,25.4,25.41,2169800.0,2109000.0,0,0,0,0,0,0,0,0,0,0,0,0,0,0,48,2026-02-04 14:36:11.852998
SMMR,24.96,24.94,24.96,2465000.0,2381800.0,0,0,0,0,0,0,0,0,0,0,0,0,0,0,48,2026-02-04 14:36:11.852998
ATMN,25.35,24.92,25.35,2302000.0,2212400.0,0,0,0,0,0,0,0,0,0,0,0,0,0,0,48,2026-02-04 14:36:11.852998
WNTR,24.85,24.85,24.97,2306200.0,2299700.0,0,0,0,0,0,0,0,0,0,0,0,0,0,0,48,2026-02-04 14:36:11.852998
SPNG,25.22,24.76,25.22,2167600.0,2111400.0,0,0,0,0,0,0,0,0,0,0,0,0,0,0,49,2026-02-04 14:36:12.889122
SMMR,24.93,24.93,24.96,2451500.0,2334800.0,0,0,0,0,0,0,0,0,0,0,0,0,0,0,49,2026-02-04 14:36:12.889122
ATMN,25.35,25.25,25.29,2274600.0,2273300.0,0,0,0,0,0,0,0,0,0,0,0,0,0,0,49,2026-02-04 14:36:12.889122
WNTR,24.85,24.85,24.97,2272500.0,2248100.0,0,0,0,0,0,0,0,0,0,0,0,0,0,0,49,2026-02-04 14:36:12.889122
SPNG,25.29,25.29,25.41,2149400.0,2106800.0,0,0,0,0,0,0,0,0,0,0,0,0,0,0,50,2026-02-04 14:36:13.921966
SMMR,25.05,24.93,25.05,2451500.0,2366200.0,0,0,0,0,0,0,0,0,0,0,0,0,0,0,50,2026-02-04 14:36:13.921966
ATMN,25.25,24.92,25.17,2302000.0,2297600.0,0,0,0,0,0,0,0,0,0,0,0,0,0,0,50,2026-02-04 14:36:13.921966
WNTR,24.98,24.85,24.98,2272500.0,2280300.0,0,0,0,0,0,0,0,0,0,0,0,0,0,0,50,2026-02-04 14:36:13.921966
SPNG,24.7,24.7,25.31,2164400.0,2103800.0,0,0,0,0,0,0,0,0,0,0,0,0,0,0,51,2026-02-04 14:36:14.974744
SMMR,24.92,24.92,24.96,2458300.0,2373700.0,0,0,0,0,0,0,0,0,0,0,0,0,0,0,51,2026-02-04 14:36:14.974744
ATMN,24.92,24.92,25.29,2302000.0,2297100.0,0,0,0,0,0,0,0,0,0,0,0,0,0,0,51,2026-02-04 14:36:14.974744
WNTR,24.99,24.84,24.99,2303000.0,2276000.0,0,0,0,0,0,0,0,0,0,0,0,0,0,0,51,2026-02-04 14:36:14.974744
SPNG,25.31,24.52,25.31,2200000.0,2103800.0,0,0,0,0,0,0,0,0,0,0,0,0,0,0,52,2026-02-04 14:36:16.016206
SMMR,24.96,25.04,25.05,2448000.0,2366200.0,0,0,0,0,0,0,0,0,0,0,0,0,0,0,52,2026-02-04 14:36:16.016206
ATMN,25.35,24.89,25.17,2285600.0,2289000.0,0,0,0,0,0,0,0,0,0,0,0,0,0,0,52,2026-02-04 14:36:16.016206
WNTR,24.99,24.84,24.97,2303000.0,2297000.0,0,0,0,0,0,0,0,0,0,0,0,0,0,0,52,2026-02-04 14:36:16.016206
SPNG,24.52,24.79,24.91,2204100.0,2117000.0,0,0,0,0,0,0,0,0,0,0,0,0,0,0,53,2026-02-04 14:36:17.061151
SMMR,24.96,25.04,25.05,2431300.0,2354400.0,0,0,0,0,0,0,0,0,0,0,0,0,0,0,53,2026-02-04 14:36:17.061151
ATMN,24.81,24.81,25.17,2283800.0,2289000.0,0,0,0,0,0,0,0,0,0,0,0,0,0,0,53,2026-02-04 14:36:17.061151
WNTR,24.83,24.82,24.83,2304600.0,2313600.0,0,0,0,0,0,0,0,0,0,0,0,0,0,0,53,2026-02-04 14:36:17.061151
SPNG,25.0,24.79,24.91,2193300.0,2085800.0,0,0,0,0,0,0,0,0,0,0,0,0,0,0,54,2026-02-04 14:36:18.134574
SMMR,25.06,24.9,25.03,2431300.0,2367000.0,0,0,0,0,0,0,0,0,0,0,0,0,0,0,54,2026-02-04 14:36:18.134574
ATMN,25.17,24.81,24.91,2283800.0,2271000.0,0,0,0,0,0,0,0,0,0,0,0,0,0,0,54,2026-02-04 14:36:18.134574
WNTR,24.83,24.82,24.83,2309300.0,2313600.0,0,0,0,0,0,0,0,0,0,0,0,0,0,0,54,2026-02-04 14:36:18.134574
SPNG,25.43,25.4,25.43,2182600.0,2113500.0,0,0,0,0,0,0,0,0,0,0,0,0,0,0,55,2026-02-04 14:36:19.180548
SMMR,24.9,24.9,25.1,2431300.0,2366300.0,0,0,0,0,0,0,0,0,0,0,0,0,0,0,55,2026-02-04 14:36:19.180548
ATMN,24.81,24.81,25.18,2268200.0,2269200.0,0,0,0,0,0,0,0,0,0,0,0,0,0,0,55,2026-02-04 14:36:19.180548
WNTR,24.83,24.92,24.97,2306900.0,2290000.0,0,0,0,0,0,0,0,0,0,0,0,0,0,0,55,2026-02-04 14:36:19.180548
SPNG,25.4,24.79,25.33,2171500.0,2140900.0,0,0,0,0,0,0,0,0,0,0,0,0,0,0,56,2026-02-04 14:36:20.212718
SMMR,25.12,24.9,25.12,2462900.0,2355700.0,0,0,0,0,0,0,0,0,0,0,0,0,0,0,56,2026-02-04 14:36:20.212718
ATMN,24.81,24.81,25.01,2250200.0,2252300.0,0,0,0,0,0,0,0,0,0,0,0,0,0,0,56,2026-02-04 14:36:20.212718
WNTR,24.82,24.83,24.97,2298900.0,2300800.0,0,0,0,0,0,0,0,0,0,0,0,0,0,0,56,2026-02-04 14:36:20.212718
SPNG,25.4,24.82,25.33,2176800.0,2140900.0,0,0,0,0,0,0,0,0,0,0,0,0,0,0,57,2026-02-04 14:36:20.770874
SMMR,25.12,24.9,24.98,2462900.0,2358400.0,0,0,0,0,0,0,0,0,0,0,0,0,0,0,57,2026-02-04 14:36:20.770874
ATMN,24.79,24.79,25.01,2193800.0,2252300.0,0,0,0,0,0,0,0,0,0,0,0,0,0,0,57,2026-02-04 14:36:20.770874
WNTR,24.83,24.83,24.97,2296800.0,2300800.0,0,0,0,0,0,0,0,0,0,0,0,0,0,0,57,2026-02-04 14:36:20.770874
SPNG,25.16,24.95,25.16,2205000.0,2138200.0,0,0,0,0,0,0,0,0,0,0,0,0,0,0,58,2026-02-04 14:36:21.810486
SMMR,25.12,24.91,24.98,2464100.0,2358400.0,0,0,0,0,0,0,0,0,0,0,0,0,0,0,58,2026-02-04 14:36:21.810486
ATMN,24.79,24.79,25.01,2205800.0,2252300.0,0,0,0,0,0,0,0,0,0,0,0,0,0,0,58,2026-02-04 14:36:21.810486
WNTR,24.98,24.82,24.98,2311000.0,2309100.0,0,0,0,0,0,0,0,0,0,0,0,0,0,0,58,2026-02-04 14:36:21.810486
SPNG,25.16,24.98,25.16,2145000.0,2138200.0,0,0,0,0,0,0,0,0,0,0,0,0,0,0,59,2026-02-04 14:36:22.889085
SMMR,24.91,24.91,24.98,2464100.0,2335300.0,0,0,0,0,0,0,0,0,0,0,0,0,0,0,59,2026-02-04 14:36:22.889085
ATMN,24.79,24.79,25.01,2256100.0,2239800.0,0,0,0,0,0,0,0,0,0,0,0,0,0,0,59,2026-02-04 14:36:22.889085
WNTR,24.82,24.82,24.93,2311000.0,2316100.0,0,0,0,0,0,0,0,0,0,0,0,0,0,0,59,2026-02-04 14:36:22.889085
SPNG,31.02,27.89,28.7,694200.0,561500.0,0,0,0,0,0,0,0,0,0,0,0,0,0,0,60,2026-02-04 14:36:24.000670
SMMR,26.27,25.48,25.92,746900.0,756900.0,0,0,0,0,0,0,0,0,0,0,0,0,0,0,60,2026-02-04 14:36:24.000670
ATMN,26.51,26.51,26.78,986100.0,669300.0,0,0,0,0,0,0,0,0,0,0,0,0,0,0,60,2026-02-04 14:36:24.000670
WNTR,24.8,24.36,24.43,951400.0,923700.0,0,0,0,0,0,0,0,0,0,0,0,0,0,0,60,2026-02-04 14:36:24.000670
SPNG,27.08,27.08,28.7,811400.0,721300.0,0,0,0,0,0,0,0,0,0,0,0,0,0,0,61,2026-02-04 14:36:25.048447
SMMR,26.27,25.79,25.92,1213000.0,864300.0,0,0,0,0,0,0,0,0,0,0,0,0,0,0,61,2026-02-04 14:36:25.048447
ATMN,26.51,26.51,26.72,986100.0,1101200.0,0,0,0,0,0,0,0,0,0,0,0,0,0,0,61,2026-02-04 14:36:25.048447
WNTR,24.42,24.42,24.43,1082100.0,1021800.0,0,0,0,0,0,0,0,0,0,0,0,0,0,0,61,2026-02-04 14:36:25.048447
SPNG,27.08,27.08,27.1,811400.0,984700.0,0,0,0,0,0,0,0,0,0,0,0,0,0,0,62,2026-02-04 14:36:26.085037
SMMR,26.05,25.92,26.05,1434000.0,895500.0,0,0,0,0,0,0,0,0,0,0,0,0,0,0,62,2026-02-04 14:36:26.085037
ATMN,25.21,25.21,25.58,1014200.0,1298500.0,0,0,0,0,0,0,0,0,0,0,0,0,0,0,62,2026-02-04 14:36:26.085037
WNTR,24.43,24.42,24.43,1082100.0,1213700.0,0,0,0,0,0,0,0,0,0,0,0,0,0,0,62,2026-02-04 14:36:26.085037
SPNG,26.33,26.33,26.77,849100.0,1178700.0,0,0,0,0,0,0,0,0,0,0,0,0,0,0,63,2026-02-04 14:36:27.116872
SMMR,26.13,26.08,26.13,1657200.0,908000.0,0,0,0,0,0,0,0,0,0,0,0,0,0,0,63,2026-02-04 14:36:27.116872
ATMN,25.21,25.21,25.28,1014200.0,1651400.0,0,0,0,0,0,0,0,0,0,0,0,0,0,0,63,2026-02-04 14:36:27.116872
WNTR,24.36,24.36,24.5,951400.0,1197400.0,0,0,0,0,0,0,0,0,0,0,0,0,0,0,63,2026-02-04 14:36:27.116872
SPNG,26.33,26.33,26.71,849100.0,1467300.0,0,0,0,0,0,0,0,0,0,0,0,0,0,0,64,2026-02-04 14:36:28.159541
SMMR,26.13,26.08,26.13,2008200.0,908000.0,0,0,0,0,0,0,0,0,0,0,0,0,0,0,64,2026-02-04 14:36:28.159541
ATMN,24.74,24.74,25.28,1079400.0,1651400.0,0,0,0,0,0,0,0,0,0,0,0,0,0,0,64,2026-02-04 14:36:28.159541
WNTR,24.36,24.44,24.5,1310300.0,1197400.0,0,0,0,0,0,0,0,0,0,0,0,0,0,0,64,2026-02-04 14:36:28.159541
SPNG,26.33,26.33,26.35,849100.0,1778200.0,0,0,0,0,0,0,0,0,0,0,0,0,0,0,65,2026-02-04 14:36:29.192631
SMMR,26.32,26.11,26.32,2268900.0,873100.0,0,0,0,0,0,0,0,0,0,0,0,0,0,0,65,2026-02-04 14:36:29.192631
ATMN,24.74,24.99,25.28,1452900.0,1651400.0,0,0,0,0,0,0,0,0,0,0,0,0,0,0,65,2026-02-04 14:36:29.192631
WNTR,24.43,24.43,24.5,1190100.0,1455300.0,0,0,0,0,0,0,0,0,0,0,0,0,0,0,65,2026-02-04 14:36:29.192631
SPNG,26.24,26.24,26.26,888200.0,1853500.0,0,0,0,0,0,0,0,0,0,0,0,0,0,0,66,2026-02-04 14:36:30.228619
SMMR,26.32,26.34,26.41,2396400.0,1051500.0,0,0,0,0,0,0,0,0,0,0,0,0,0,0,66,2026-02-04 14:36:30.228619
ATMN,25.58,25.21,25.58,1657300.0,1527700.0,0,0,0,0,0,0,0,0,0,0,0,0,0,0,66,2026-02-04 14:36:30.228619
WNTR,24.55,24.46,24.55,1317000.0,1452000.0,0,0,0,0,0,0,0,0,0,0,0,0,0,0,66,2026-02-04 14:36:30.228619
SPNG,26.1,26.1,26.15,978200.0,1876000.0,0,0,0,0,0,0,0,0,0,0,0,0,0,0,67,2026-02-04 14:36:31.275659
SMMR,26.11,26.11,26.33,2268900.0,1166100.0,0,0,0,0,0,0,0,0,0,0,0,0,0,0,67,2026-02-04 14:36:31.275659
ATMN,25.58,25.6,25.73,1767100.0,1634100.0,0,0,0,0,0,0,0,0,0,0,0,0,0,0,67,2026-02-04 14:36:31.275659
WNTR,24.46,24.46,24.55,1317000.0,1651300.0,0,0,0,0,0,0,0,0,0,0,0,0,0,0,67,2026-02-04 14:36:31.275659
SPNG,26.1,26.1,26.14,975700.0,10000.0,1827400.0,0,0,0,0,0,0,0,0,0,0,0,0,0,68,2026-02-04 14:36:32.315006
SMMR,26.11,26.21,26.32,2402400.0,,1277100.0,0,0,0,0,0,0,0,0,0,0,0,0,0,68,2026-02-04 14:36:32.315006
ATMN,25.16,25.35,25.73,1814700.0,,1728200.0,0,0,0,0,0,0,0,0,0,0,0,0,0,68,2026-02-04 14:36:32.315006
WNTR,24.43,24.43,24.46,1190100.0,,1991900.0,0,0,0,0,0,0,0,0,0,0,0,0,0,68,2026-02-04 14:36:32.315006
SPNG,26.26,26.1,26.26,975700.0,1908800.0,0,0,0,0,0,0,0,0,0,0,0,0,0,0,69,2026-02-04 14:36:32.853912
SMMR,26.11,26.21,26.32,2383600.0,1375700.0,0,0,0,0,0,0,0,0,0,0,0,0,0,0,69,2026-02-04 14:36:32.853912
ATMN,25.35,25.08,25.23,1806000.0,1848600.0,0,0,0,0,0,0,0,0,0,0,0,0,0,0,69,2026-02-04 14:36:32.853912
WNTR,24.43,24.43,24.46,1318100.0,2094500.0,0,0,0,0,0,0,0,0,0,0,0,0,0,0,69,2026-02-04 14:36:32.853912
SPNG,26.1,25.69,25.74,965300.0,1948600.0,0,0,0,0,0,0,0,0,0,0,0,0,0,0,70,2026-02-04 14:36:33.998818
SMMR,26.11,26.21,26.24,2343700.0,1611800.0,0,0,0,0,0,0,0,0,0,0,0,0,0,0,70,2026-02-04 14:36:33.998818
ATMN,25.23,25.27,25.29,1901000.0,2073600.0,0,0,0,0,0,0,0,0,0,0,0,0,0,0,70,2026-02-04 14:36:33.998818
WNTR,24.43,24.36,24.4,1321900.0,2263100.0,0,0,0,0,0,0,0,0,0,0,0,0,0,0,70,2026-02-04 14:36:33.998818
SPNG,25.74,25.69,25.74,1164400.0,1948600.0,0,0,0,0,0,0,0,0,0,0,0,0,0,0,71,2026-02-04 14:36:35.030491
SMMR,26.11,26.21,26.24,2299000.0,1611800.0,0,0,0,0,0,0,0,0,0,0,0,0,0,0,71,2026-02-04 14:36:35.030491
ATMN,25.23,25.27,25.29,2248200.0,2073600.0,0,0,0,0,0,0,0,0,0,0,0,0,0,0,71,2026-02-04 14:36:35.030491
WNTR,24.43,24.38,24.4,1544000.0,2278400.0,0,0,0,0,0,0,0,0,0,0,0,0,0,0,71,2026-02-04 14:36:35.030491
SPNG,26.21,25.7,26.18,10000.0,1164400.0,1970800.0,0,0,0,0,0,0,0,0,0,0,0,0,0,72,2026-02-04 14:36:36.061627
SMMR,26.23,26.23,26.24,10000.0,2151600.0,1611800.0,0,0,0,0,0,0,0,0,0,0,0,0,0,72,2026-02-04 14:36:36.061627
ATMN,25.29,25.68,25.73,,2510700.0,1954600.0,0,0,0,0,0,0,0,0,0,0,0,0,0,72,2026-02-04 14:36:36.061627
WNTR,24.38,24.36,24.37,,1681000.0,2291300.0,0,0,0,0,0,0,0,0,0,0,0,0,0,72,2026-02-04 14:36:36.061627
SPNG,26.33,25.66,26.33,1066300.0,1923100.0,0,0,0,0,0,0,0,0,0,0,0,0,0,0,73,2026-02-04 14:36:37.094756
SMMR,26.39,26.23,26.29,2255400.0,1439500.0,0,0,0,0,0,0,0,0,0,0,0,0,0,0,73,2026-02-04 14:36:37.094756
ATMN,25.26,25.26,25.73,2290100.0,2075700.0,0,0,0,0,0,0,0,0,0,0,0,0,0,0,73,2026-02-04 14:36:37.094756
WNTR,24.4,24.36,24.4,1819700.0,2286000.0,0,0,0,0,0,0,0,0,0,0,0,0,0,0,73,2026-02-04 14:36:37.094756
SPNG,26.33,26.15,26.33,1151800.0,1952800.0,0,0,0,0,0,0,0,0,0,0,0,0,0,0,74,2026-02-04 14:36:38.123119
SMMR,26.39,26.23,26.39,2279900.0,1470000.0,0,0,0,0,0,0,0,0,0,0,0,0,0,0,74,2026-02-04 14:36:38.123119
ATMN,25.74,25.26,25.74,2383800.0,2062800.0,0,0,0,0,0,0,0,0,0,0,0,0,0,0,74,2026-02-04 14:36:38.123119
WNTR,24.46,24.37,24.46,1954500.0,2245600.0,0,0,0,0,0,0,0,0,0,0,0,0,0,0,74,2026-02-04 14:36:38.123119
SPNG,26.33,26.15,26.26,1151800.0,2019300.0,0,0,0,0,0,0,0,0,0,0,0,0,0,0,75,2026-02-04 14:36:39.151927
SMMR,26.37,26.37,26.39,2290900.0,1693400.0,0,0,0,0,0,0,0,0,0,0,0,0,0,0,75,2026-02-04 14:36:39.151927
ATMN,25.8,25.8,26.0,2472000.0,1879200.0,0,0,0,0,0,0,0,0,0,0,0,0,0,0,75,2026-02-04 14:36:39.151927
WNTR,24.46,24.37,24.4,2076800.0,2250600.0,0,0,0,0,0,0,0,0,0,0,0,0,0,0,75,2026-02-04 14:36:39.151927
SPNG,26.33,25.7,26.33,10000.0,1187400.0,1984300.0,0,0,0,0,0,0,0,0,0,0,0,0,0,76,2026-02-04 14:36:40.194137
SMMR,26.39,26.23,26.39,,2279900.0,1721500.0,0,0,0,0,0,0,0,0,0,0,0,0,0,76,2026-02-04 14:36:40.194137
ATMN,25.26,25.26,25.47,,2383800.0,2024700.0,0,0,0,0,0,0,0,0,0,0,0,0,0,76,2026-02-04 14:36:40.194137
WNTR,24.4,24.36,24.4,,1976600.0,2254000.0,0,0,0,0,0,0,0,0,0,0,0,0,0,76,2026-02-04 14:36:40.194137
SPNG,25.66,25.71,26.09,20000.0,1187400.0,1965200.0,0,0,0,0,0,0,0,0,0,0,0,0,0,77,2026-02-04 14:36:41.229741
SMMR,26.16,26.23,26.39,,2263200.0,1721500.0,0,0,0,0,0,0,0,0,0,0,0,0,0,77,2026-02-04 14:36:41.229741
ATMN,25.24,25.24,25.37,,2376000.0,2040100.0,0,0,0,0,0,0,0,0,0,0,0,0,0,77,2026-02-04 14:36:41.229741
WNTR,24.4,24.39,24.4,,2179400.0,2241700.0,0,0,0,0,0,0,0,0,0,0,0,0,0,77,2026-02-04 14:36:41.229741
SPNG,25.66,25.79,26.09,1639600.0,1965200.0,0,0,0,0,0,0,0,0,0,0,0,0,0,0,78,2026-02-04 14:36:42.261557
SMMR,26.11,26.11,26.39,2230100.0,1853800.0,0,0,0,0,0,0,0,0,0,0,0,0,0,0,78,2026-02-04 14:36:42.261557
ATMN,25.37,25.24,25.37,2449300.0,2040100.0,0,0,0,0,0,0,0,0,0,0,0,0,0,0,78,2026-02-04 14:36:42.261557
WNTR,24.4,24.39,24.4,2179400.0,2301300.0,0,0,0,0,0,0,0,0,0,0,0,0,0,0,78,2026-02-04 14:36:42.261557
SPNG,25.79,25.79,26.35,1639600.0,1950600.0,0,0,0,0,0,0,0,0,0,0,0,0,0,0,79,2026-02-04 14:36:43.301463
SMMR,26.11,26.09,26.1,2244800.0,1831500.0,0,0,0,0,0,0,0,0,0,0,0,0,0,0,79,2026-02-04 14:36:43.301463
ATMN,25.61,25.24,25.61,2362000.0,2018300.0,0,0,0,0,0,0,0,0,0,0,0,0,0,0,79,2026-02-04 14:36:43.301463
WNTR,24.33,24.33,24.4,1719900.0,2301300.0,0,0,0,0,0,0,0,0,0,0,0,0,0,0,79,2026-02-04 14:36:43.301463
SPNG,25.79,26.02,26.12,1838800.0,1969000.0,0,0,0,0,0,0,0,0,0,0,0,0,0,0,80,2026-02-04 14:36:44.350596
SMMR,26.1,26.17,26.41,2279300.0,1725000.0,0,0,0,0,0,0,0,0,0,0,0,0,0,0,80,2026-02-04 14:36:44.350596
ATMN,25.61,25.61,25.71,2379400.0,2029000.0,0,0,0,0,0,0,0,0,0,0,0,0,0,0,80,2026-02-04 14:36:44.350596
WNTR,24.31,24.31,24.4,1597600.0,2310700.0,0,0,0,0,0,0,0,0,0,0,0,0,0,0,80,2026-02-04 14:36:44.350596
SPNG,26.38,25.66,26.38,1621700.0,1966300.0,0,0,0,0,0,0,0,0,0,0,0,0,0,0,81,2026-02-04 14:36:45.393004
SMMR,26.1,26.17,26.41,2286100.0,1938000.0,0,0,0,0,0,0,0,0,0,0,0,0,0,0,81,2026-02-04 14:36:45.393004
ATMN,25.2,25.2,25.71,2428300.0,2016700.0,0,0,0,0,0,0,0,0,0,0,0,0,0,0,81,2026-02-04 14:36:45.393004
WNTR,24.28,24.28,24.35,1600400.0,2329100.0,0,0,0,0,0,0,0,0,0,0,0,0,0,0,81,2026-02-04 14:36:45.393004
SPNG,26.53,25.66,26.53,1621700.0,1912400.0,0,0,0,0,0,0,0,0,0,0,0,0,0,0,82,2026-02-04 14:36:45.936673
SMMR,26.09,26.22,26.41,2258300.0,1938000.0,0,0,0,0,0,0,0,0,0,0,0,0,0,0,82,2026-02-04 14:36:45.936673
ATMN,25.2,25.2,25.71,2428300.0,2027600.0,0,0,0,0,0,0,0,0,0,0,0,0,0,0,82,2026-02-04 14:36:45.936673
WNTR,24.35,24.28,24.35,1600400.0,2329100.0,0,0,0,0,0,0,0,0,0,0,0,0,0,0,82,2026-02-04 14:36:45.936673
SPNG,25.66,25.55,25.63,1555800.0,1884500.0,0,0,0,0,0,0,0,0,0,0,0,0,0,0,83,2026-02-04 14:36:46.997912
SMMR,26.09,26.22,26.25,2258300.0,2172500.0,0,0,0,0,0,0,0,0,0,0,0,0,0,0,83,2026-02-04 14:36:46.997912
ATMN,25.2,25.27,25.71,2378600.0,2027600.0,0,0,0,0,0,0,0,0,0,0,0,0,0,0,83,2026-02-04 14:36:46.997912
WNTR,24.41,24.28,24.34,1733000.0,2279700.0,0,0,0,0,0,0,0,0,0,0,0,0,0,0,83,2026-02-04 14:36:46.997912
SPNG,25.63,25.82,26.0,1762300.0,10000.0,1816200.0,10000.0,0,0,0,0,0,0,0,0,0,0,0,0,84,2026-02-04 14:36:48.033969
SMMR,26.29,26.28,26.29,2121200.0,10000.0,2174000.0,,0,0,0,0,0,0,0,0,0,0,0,0,84,2026-02-04 14:36:48.033969
ATMN,25.2,25.28,25.69,2334000.0,,2040600.0,,0,0,0,0,0,0,0,0,0,0,0,0,84,2026-02-04 14:36:48.033969
WNTR,24.41,24.28,24.34,1848000.0,,2257800.0,,0,0,0,0,0,0,0,0,0,0,0,0,84,2026-02-04 14:36:48.033969
SPNG,26.0,26.05,26.64,1954200.0,1870900.0,0,0,0,0,0,0,0,0,0,0,0,0,0,0,85,2026-02-04 14:36:49.068484
SMMR,26.09,26.09,26.42,2264700.0,2063000.0,0,0,0,0,0,0,0,0,0,0,0,0,0,0,85,2026-02-04 14:36:49.068484
ATMN,25.4,25.37,25.4,2267600.0,2028200.0,0,0,0,0,0,0,0,0,0,0,0,0,0,0,85,2026-02-04 14:36:49.068484
WNTR,24.41,24.28,24.4,1848000.0,2292900.0,0,0,0,0,0,0,0,0,0,0,0,0,0,0,85,2026-02-04 14:36:49.068484
SPNG,26.64,25.82,26.64,1762300.0,1870900.0,0,0,0,0,0,0,0,0,0,0,0,0,0,0,86,2026-02-04 14:36:50.103629
SMMR,26.11,26.09,26.11,2264700.0,2182600.0,0,0,0,0,0,0,0,0,0,0,0,0,0,0,86,2026-02-04 14:36:50.103629
ATMN,25.69,25.37,25.53,2245000.0,2026700.0,0,0,0,0,0,0,0,0,0,0,0,0,0,0,86,2026-02-04 14:36:50.103629
WNTR,24.41,24.28,24.33,2089600.0,2264900.0,0,0,0,0,0,0,0,0,0,0,0,0,0,0,86,2026-02-04 14:36:50.103629
SPNG,25.82,25.82,26.0,1762300.0,1854500.0,0,0,0,0,0,0,0,0,0,0,0,0,0,0,87,2026-02-04 14:36:51.135965
SMMR,26.08,26.08,26.42,2254800.0,2059200.0,0,0,0,0,0,0,0,0,0,0,0,0,0,0,87,2026-02-04 14:36:51.135965
ATMN,25.37,25.37,25.53,2241800.0,2062900.0,0,0,0,0,0,0,0,0,0,0,0,0,0,0,87,2026-02-04 14:36:51.135965
WNTR,24.28,24.28,24.33,2085900.0,2303100.0,0,0,0,0,0,0,0,0,0,0,0,0,0,0,87,2026-02-04 14:36:51.135965
SPNG,25.82,25.83,25.99,10000.0,2184400.0,10000.0,1765800.0,0,0,0,0,0,0,0,0,0,0,0,0,88,2026-02-04 14:36:52.169711
SMMR,26.42,26.36,26.42,10000.0,2136500.0,10000.0,2041200.0,0,0,0,0,0,0,0,0,0,0,0,0,88,2026-02-04 14:36:52.169711
ATMN,25.28,25.47,25.53,,2249400.0,,2074400.0,0,0,0,0,0,0,0,0,0,0,0,0,88,2026-02-04 14:36:52.169711
WNTR,24.28,24.31,24.33,,2455600.0,,2299600.0,0,0,0,0,0,0,0,0,0,0,0,0,88,2026-02-04 14:36:52.169711
SPNG,25.82,25.82,26.0,2233800.0,1854500.0,0,0,0,0,0,0,0,0,0,0,0,0,0,0,89,2026-02-04 14:36:53.231700
SMMR,26.36,26.36,26.4,2270100.0,2152800.0,0,0,0,0,0,0,0,0,0,0,0,0,0,0,89,2026-02-04 14:36:53.231700
ATMN,25.48,25.47,25.48,2226100.0,2108200.0,0,0,0,0,0,0,0,0,0,0,0,0,0,0,89,2026-02-04 14:36:53.231700
WNTR,24.28,24.31,24.33,2446900.0,2297100.0,0,0,0,0,0,0,0,0,0,0,0,0,0,0,89,2026-02-04 14:36:53.231700
SPNG,26.66,25.82,26.66,2203300.0,1841600.0,0,0,0,0,0,0,0,0,0,0,0,0,0,0,90,2026-02-04 14:36:54.262693
SMMR,26.36,26.36,26.4,2270100.0,2141800.0,0,0,0,0,0,0,0,0,0,0,0,0,0,0,90,2026-02-04 14:36:54.262693
ATMN,25.69,25.47,25.69,2259900.0,2064500.0,0,0,0,0,0,0,0,0,0,0,0,0,0,0,90,2026-02-04 14:36:54.262693
WNTR,24.35,24.34,24.35,2419100.0,2295100.0,0,0,0,0,0,0,0,0,0,0,0,0,0,0,90,2026-02-04 14:36:54.262693
SPNG,26.37,26.37,26.66,2193300.0,1848800.0,0,0,0,0,0,0,0,0,0,0,0,0,0,0,91,2026-02-04 14:36:55.303581
SMMR,26.36,26.19,26.33,2264500.0,2185000.0,0,0,0,0,0,0,0,0,0,0,0,0,0,0,91,2026-02-04 14:36:55.303581
ATMN,25.69,25.51,25.69,2278000.0,2064500.0,0,0,0,0,0,0,0,0,0,0,0,0,0,0,91,2026-02-04 14:36:55.303581
WNTR,24.36,24.34,24.36,2371300.0,2297600.0,0,0,0,0,0,0,0,0,0,0,0,0,0,0,91,2026-02-04 14:36:55.303581
SPNG,26.37,26.37,26.66,2193300.0,1872300.0,0,0,0,0,0,0,0,0,0,0,0,0,0,0,92,2026-02-04 14:36:56.337404
SMMR,26.35,26.19,26.35,2259100.0,2172600.0,0,0,0,0,0,0,0,0,0,0,0,0,0,0,92,2026-02-04 14:36:56.337404
ATMN,25.51,25.51,25.69,2257000.0,2041800.0,0,0,0,0,0,0,0,0,0,0,0,0,0,0,92,2026-02-04 14:36:56.337404
WNTR,24.36,24.34,24.35,2371300.0,2330200.0,0,0,0,0,0,0,0,0,0,0,0,0,0,0,92,2026-02-04 14:36:56.337404
SPNG,25.82,25.82,26.66,2245700.0,1872300.0,0,0,0,0,0,0,0,0,0,0,0,0,0,0,93,2026-02-04 14:36:57.374570
SMMR,26.37,26.17,26.37,2277300.0,2194100.0,0,0,0,0,0,0,0,0,0,0,0,0,0,0,93,2026-02-04 14:36:57.374570
ATMN,25.72,25.51,25.57,2257000.0,2008000.0,0,0,0,0,0,0,0,0,0,0,0,0,0,0,93,2026-02-04 14:36:57.374570
WNTR,24.34,24.34,24.35,2378200.0,2330200.0,0,0,0,0,0,0,0,0,0,0,0,0,0,0,93,2026-02-04 14:36:57.374570
SPNG,25.6,25.63,25.69,2366500.0,1879300.0,0,0,0,0,0,0,0,0,0,0,0,0,0,0,94,2026-02-04 14:36:58.415328
SMMR,26.34,26.17,26.26,2301800.0,2186700.0,0,0,0,0,0,0,0,0,0,0,0,0,0,0,94,2026-02-04 14:36:58.415328
ATMN,25.57,25.52,25.57,2274100.0,2008000.0,0,0,0,0,0,0,0,0,0,0,0,0,0,0,94,2026-02-04 14:36:58.415328
WNTR,24.33,24.33,24.34,2400400.0,2349800.0,0,0,0,0,0,0,0,0,0,0,0,0,0,0,94,2026-02-04 14:36:58.415328
SPNG,25.69,25.85,26.66,2267600.0,1872300.0,0,0,0,0,0,0,0,0,0,0,0,0,0,0,95,2026-02-04 14:36:59.455450
SMMR,26.34,26.21,26.26,2242400.0,2186700.0,0,0,0,0,0,0,0,0,0,0,0,0,0,0,95,2026-02-04 14:36:59.455450
ATMN,25.52,25.52,25.77,2292200.0,1982400.0,0,0,0,0,0,0,0,0,0,0,0,0,0,0,95,2026-02-04 14:36:59.455450
WNTR,24.32,24.32,24.35,2432000.0,2371000.0,0,0,0,0,0,0,0,0,0,0,0,0,0,0,95,2026-02-04 14:36:59.455450
SPNG,26.17,26.17,26.66,2240500.0,1898200.0,0,0,0,0,0,0,0,0,0,0,0,0,0,0,96,2026-02-04 14:37:00.487419
SMMR,26.26,26.31,26.37,2244300.0,2181900.0,0,0,0,0,0,0,0,0,0,0,0,0,0,0,96,2026-02-04 14:37:00.487419
ATMN,25.33,25.33,25.77,2244000.0,1971500.0,0,0,0,0,0,0,0,0,0,0,0,0,0,0,96,2026-02-04 14:37:00.487419
WNTR,24.32,24.32,24.35,2417200.0,2371000.0,0,0,0,0,0,0,0,0,0,0,0,0,0,0,96,2026-02-04 14:37:00.487419
SPNG,25.63,25.63,26.51,2351700.0,1923900.0,0,0,0,0,0,0,0,0,0,0,0,0,0,0,97,2026-02-04 14:37:01.025073
SMMR,26.26,26.31,26.35,2244300.0,2179200.0,0,0,0,0,0,0,0,0,0,0,0,0,0,0,97,2026-02-04 14:37:01.025073
ATMN,25.33,25.64,25.77,2220300.0,1982900.0,0,0,0,0,0,0,0,0,0,0,0,0,0,0,97,2026-02-04 14:37:01.025073
WNTR,24.31,24.31,24.35,2462100.0,2351600.0,0,0,0,0,0,0,0,0,0,0,0,0,0,0,97,2026-02-04 14:37:01.025073
SPNG,26.51,25.63,26.51,2351700.0,1923900.0,0,0,0,0,0,0,0,0,0,0,0,0,0,0,98,2026-02-04 14:37:02.066008
SMMR,26.37,26.28,26.37,2267000.0,2181900.0,0,0,0,0,0,0,0,0,0,0,0,0,0,0,98,2026-02-04 14:37:02.066008
ATMN,25.64,25.33,25.58,2244000.0,2015700.0,0,0,0,0,0,0,0,0,0,0,0,0,0,0,98,2026-02-04 14:37:02.066008
WNTR,24.35,24.28,24.35,2428600.0,2351600.0,0,0,0,0,0,0,0,0,0,0,0,0,0,0,98,2026-02-04 14:37:02.066008
SPNG,26.67,25.63,26.67,2269400.0,1892800.0,0,0,0,0,0,0,0,0,0,0,0,0,0,0,99,2026-02-04 14:37:03.102782
SMMR,26.26,26.26,26.37,2278200.0,2203300.0,0,0,0,0,0,0,0,0,0,0,0,0,0,0,99,2026-02-04 14:37:03.102782
ATMN,25.77,25.49,25.77,2220300.0,1982600.0,0,0,0,0,0,0,0,0,0,0,0,0,0,0,99,2026-02-04 14:37:03.102782
WNTR,24.38,24.28,24.38,2428600.0,2342200.0,0,0,0,0,0,0,0,0,0,0,0,0,0,0,99,2026-02-04 14:37:03.102782
SPNG,26.46,26.46,26.67,2117200.0,10000.0,1892800.0,0,0,0,0,0,0,0,0,0,0,0,0,0,100,2026-02-04 14:37:04.135574
SMMR,26.21,26.25,26.37,2149900.0,10000.0,2203300.0,0,0,0,0,0,0,0,0,0,0,0,0,0,100,2026-02-04 14:37:04.135574
ATMN,25.79,25.33,25.34,2245200.0,,1998400.0,0,0,0,0,0,0,0,0,0,0,0,0,0,100,2026-02-04 14:37:04.135574
WNTR,24.27,24.27,24.35,2427900.0,,2318800.0,0,0,0,0,0,0,0,0,0,0,0,0,0,100,2026-02-04 14:37:04.135574
SPNG,25.67,25.55,25.67,2334500.0,1922700.0,0,0,0,0,0,0,0,0,0,0,0,0,0,0,101,2026-02-04 14:37:05.175016
SMMR,26.37,26.24,26.27,2242500.0,2200200.0,0,0,0,0,0,0,0,0,0,0,0,0,0,0,101,2026-02-04 14:37:05.175016
ATMN,25.35,25.33,25.35,2262300.0,2020500.0,0,0,0,0,0,0,0,0,0,0,0,0,0,0,101,2026-02-04 14:37:05.175016
WNTR,24.27,24.26,24.27,2400200.0,2326700.0,0,0,0,0,0,0,0,0,0,0,0,0,0,0,101,2026-02-04 14:37:05.175016
SPNG,25.67,25.55,25.67,2114700.0,1922700.0,0,0,0,0,0,0,0,0,0,0,0,0,0,0,102,2026-02-04 14:37:06.205119
SMMR,26.37,26.17,26.37,2273400.0,2205100.0,0,0,0,0,0,0,0,0,0,0,0,0,0,0,102,2026-02-04 14:37:06.205119
ATMN,25.35,25.54,25.66,2268400.0,2001700.0,0,0,0,0,0,0,0,0,0,0,0,0,0,0,102,2026-02-04 14:37:06.205119
WNTR,24.26,24.26,24.27,2381000.0,2332700.0,0,0,0,0,0,0,0,0,0,0,0,0,0,0,102,2026-02-04 14:37:06.205119
SPNG,25.67,25.83,26.1,2100400.0,1916700.0,0,0,0,0,0,0,0,0,0,0,0,0,0,0,103,2026-02-04 14:37:07.237107
SMMR,26.32,26.17,26.32,2273400.0,2233400.0,0,0,0,0,0,0,0,0,0,0,0,0,0,0,103,2026-02-04 14:37:07.237107
ATMN,25.66,25.33,25.66,2238900.0,2001700.0,0,0,0,0,0,0,0,0,0,0,0,0,0,0,103,2026-02-04 14:37:07.237107
WNTR,24.26,24.26,24.27,2381000.0,2339700.0,0,0,0,0,0,0,0,0,0,0,0,0,0,0,103,2026-02-04 14:37:07.237107
SPNG,26.51,25.83,26.5,2100400.0,1897900.0,,0,0,0,0,0,0,0,0,0,0,0,0,0,104,2026-02-04 14:37:08.276267
SMMR,26.17,26.21,26.32,2260900.0,2169300.0,10000.0,0,0,0,0,0,0,0,0,0,0,0,0,0,104,2026-02-04 14:37:08.276267
ATMN,25.66,25.33,25.58,2238900.0,1990200.0,,0,0,0,0,0,0,0,0,0,0,0,0,0,104,2026-02-04 14:37:08.276267
WNTR,24.25,24.25,24.27,2429000.0,2339700.0,,0,0,0,0,0,0,0,0,0,0,0,0,0,104,2026-02-04 14:37:08.276267
SPNG,26.19,26.23,26.5,2115000.0,1897900.0,0,0,0,0,0,0,0,0,0,0,0,0,0,0,105,2026-02-04 14:37:09.322570
SMMR,26.29,26.21,26.27,2260900.0,2260000.0,0,0,0,0,0,0,0,0,0,0,0,0,0,0,105,2026-02-04 14:37:09.322570
ATMN,25.52,25.33,25.52,2271000.0,2023700.0,0,0,0,0,0,0,0,0,0,0,0,0,0,0,105,2026-02-04 14:37:09.322570
WNTR,24.24,24.24,24.27,2431500.0,2313900.0,0,0,0,0,0,0,0,0,0,0,0,0,0,0,105,2026-02-04 14:37:09.322570
SPNG,25.63,26.29,26.5,2107200.0,1897900.0,0,0,0,0,0,0,0,0,0,0,0,0,0,0,106,2026-02-04 14:37:10.357077
SMMR,26.2,26.17,26.2,2284000.0,2291200.0,0,0,0,0,0,0,0,0,0,0,0,0,0,0,106,2026-02-04 14:37:10.357077
ATMN,25.58,25.47,25.58,2252400.0,1996300.0,0,0,0,0,0,0,0,0,0,0,0,0,0,0,106,2026-02-04 14:37:10.357077
WNTR,24.24,24.24,24.27,2433100.0,2313900.0,0,0,0,0,0,0,0,0,0,0,0,0,0,0,106,2026-02-04 14:37:10.357077
SPNG,26.5,26.56,26.67,2122800.0,1933000.0,0,0,0,0,0,0,0,0,0,0,0,0,0,0,107,2026-02-04 14:37:11.408674
SMMR,26.36,26.17,26.36,2281300.0,2204600.0,0,0,0,0,0,0,0,0,0,0,0,0,0,0,107,2026-02-04 14:37:11.408674
ATMN,25.66,25.67,25.79,2219200.0,1964500.0,0,0,0,0,0,0,0,0,0,0,0,0,0,0,107,2026-02-04 14:37:11.408674
WNTR,24.34,24.24,24.34,2445200.0,2328300.0,0,0,0,0,0,0,0,0,0,0,0,0,0,0,107,2026-02-04 14:37:11.408674
SPNG,26.5,26.56,26.67,2122800.0,1941400.0,0,0,0,0,0,0,0,0,0,0,0,0,0,0,108,2026-02-04 14:37:12.452069
SMMR,26.16,26.16,26.29,2296300.0,2286300.0,0,0,0,0,0,0,0,0,0,0,0,0,0,0,108,2026-02-04 14:37:12.452069
ATMN,25.47,25.47,25.73,2266900.0,2002000.0,0,0,0,0,0,0,0,0,0,0,0,0,0,0,108,2026-02-04 14:37:12.452069
WNTR,24.22,24.22,24.34,2411300.0,2326000.0,0,0,0,0,0,0,0,0,0,0,0,0,0,0,108,2026-02-04 14:37:12.452069
SPNG,25.55,25.55,25.94,2120000.0,1962500.0,0,0,0,0,0,0,0,0,0,0,0,0,0,0,109,2026-02-04 14:37:13.510166
SMMR,26.37,26.23,26.37,2311400.0,2233000.0,0,0,0,0,0,0,0,0,0,0,0,0,0,0,109,2026-02-04 14:37:13.510166
ATMN,25.47,25.35,25.36,2271700.0,1990500.0,0,0,0,0,0,0,0,0,0,0,0,0,0,0,109,2026-02-04 14:37:13.510166
WNTR,24.21,24.21,24.22,2389800.0,2327400.0,0,0,0,0,0,0,0,0,0,0,0,0,0,0,109,2026-02-04 14:37:13.510166
SPNG,25.94,25.68,25.94,2093100.0,1962500.0,0,0,0,0,0,0,0,0,0,0,0,0,0,0,110,2026-02-04 14:37:14.552619
SMMR,26.37,26.23,26.3,2311400.0,2312100.0,0,0,0,0,0,0,0,0,0,0,0,0,0,0,110,2026-02-04 14:37:14.552619
ATMN,25.51,25.49,25.51,2264800.0,1992800.0,0,0,0,0,0,0,0,0,0,0,0,0,0,0,110,2026-02-04 14:37:14.552619
WNTR,24.35,24.29,24.35,2357000.0,2339900.0,0,0,0,0,0,0,0,0,0,0,0,0,0,0,110,2026-02-04 14:37:14.552619
SPNG,25.55,25.55,26.67,2119600.0,1932800.0,0,0,0,0,0,0,0,0,0,0,0,0,0,0,111,2026-02-04 14:37:15.103330
SMMR,26.37,26.28,26.3,2274700.0,2312100.0,0,0,0,0,0,0,0,0,0,0,0,0,0,0,111,2026-02-04 14:37:15.103330
ATMN,25.79,25.49,25.79,2264800.0,1984300.0,0,0,0,0,0,0,0,0,0,0,0,0,0,0,111,2026-02-04 14:37:15.103330
WNTR,24.35,24.29,24.35,2357000.0,2339900.0,0,0,0,0,0,0,0,0,0,0,0,0,0,0,111,2026-02-04 14:37:15.103330
SPNG,25.55,26.14,26.19,2007300.0,10000.0,1853200.0,10000.0,0,0,0,0,0,0,0,0,0,0,0,0,112,2026-02-04 14:37:16.141908
SMMR,26.3,26.26,26.3,2310800.0,,2313100.0,,0,0,0,0,0,0,0,0,0,0,0,0,112,2026-02-04 14:37:16.141908
ATMN,25.81,25.49,25.53,2265700.0,,2011000.0,,0,0,0,0,0,0,0,0,0,0,0,0,112,2026-02-04 14:37:16.141908
WNTR,24.29,24.24,24.29,2382600.0,,2327000.0,,0,0,0,0,0,0,0,0,0,0,0,0,112,2026-02-04 14:37:16.141908
SPNG,26.14,26.14,26.17,2101900.0,1962600.0,0,0,0,0,0,0,0,0,0,0,0,0,0,0,113,2026-02-04 14:37:17.182065
SMMR,26.3,26.26,26.3,2333200.0,2308000.0,0,0,0,0,0,0,0,0,0,0,0,0,0,0,113,2026-02-04 14:37:17.182065
ATMN,25.53,25.49,25.53,2239500.0,2011000.0,0,0,0,0,0,0,0,0,0,0,0,0,0,0,113,2026-02-04 14:37:17.182065
WNTR,24.21,24.21,24.38,2366800.0,2343900.0,0,0,0,0,0,0,0,0,0,0,0,0,0,0,113,2026-02-04 14:37:17.182065
SPNG,25.68,25.91,26.17,2147900.0,1962600.0,0,0,0,0,0,0,0,0,0,0,0,0,0,0,114,2026-02-04 14:37:18.220989
SMMR,26.24,26.24,26.3,2334900.0,2307500.0,0,0,0,0,0,0,0,0,0,0,0,0,0,0,114,2026-02-04 14:37:18.220989
ATMN,25.53,25.7,25.81,2246700.0,2000000.0,0,0,0,0,0,0,0,0,0,0,0,0,0,0,114,2026-02-04 14:37:18.220989
WNTR,24.2,24.2,24.38,2433200.0,2343900.0,0,0,0,0,0,0,0,0,0,0,0,0,0,0,114,2026-02-04 14:37:18.220989
SPNG,25.62,25.67,26.17,2151700.0,1962600.0,0,0,0,0,0,0,0,0,0,0,0,0,0,0,115,2026-02-04 14:37:19.251084
SMMR,26.24,26.24,26.3,2296800.0,2307500.0,0,0,0,0,0,0,0,0,0,0,0,0,0,0,115,2026-02-04 14:37:19.251084
ATMN,25.54,25.49,25.52,2226600.0,1989700.0,0,0,0,0,0,0,0,0,0,0,0,0,0,0,115,2026-02-04 14:37:19.251084
WNTR,24.31,24.31,24.38,2416300.0,2316000.0,0,0,0,0,0,0,0,0,0,0,0,0,0,0,115,2026-02-04 14:37:19.251084
SPNG,25.76,26.02,26.17,1992100.0,10000.0,1862300.0,10000.0,0,0,0,0,0,0,0,0,0,0,0,0,116,2026-02-04 14:37:20.295146
SMMR,26.32,26.23,26.32,2277600.0,,2288200.0,,0,0,0,0,0,0,0,0,0,0,0,0,116,2026-02-04 14:37:20.295146
ATMN,25.81,25.49,25.81,2235900.0,,2019700.0,,0,0,0,0,0,0,0,0,0,0,0,0,116,2026-02-04 14:37:20.295146
WNTR,24.31,24.31,24.34,2416300.0,,2326600.0,,0,0,0,0,0,0,0,0,0,0,0,0,116,2026-02-04 14:37:20.295146
SPNG,26.02,26.02,26.11,2101600.0,1947300.0,,0,0,0,0,0,0,0,0,0,0,0,0,0,117,2026-02-04 14:37:21.318629
SMMR,26.25,26.3,26.32,2197000.0,2316900.0,10000.0,0,0,0,0,0,0,0,0,0,0,0,0,0,117,2026-02-04 14:37:21.318629
ATMN,25.49,25.49,25.52,2227500.0,2046800.0,,0,0,0,0,0,0,0,0,0,0,0,0,0,117,2026-02-04 14:37:21.318629
WNTR,24.2,24.2,24.34,2363900.0,2307200.0,,0,0,0,0,0,0,0,0,0,0,0,0,0,117,2026-02-04 14:37:21.318629
SPNG,26.17,26.02,26.17,2101600.0,1960800.0,0,0,0,0,0,0,0,0,0,0,0,0,0,0,118,2026-02-04 14:37:22.350457
SMMR,26.16,26.16,26.33,2285400.0,2286800.0,0,0,0,0,0,0,0,0,0,0,0,0,0,0,118,2026-02-04 14:37:22.350457
ATMN,25.49,25.44,25.47,2215700.0,2055000.0,0,0,0,0,0,0,0,0,0,0,0,0,0,0,118,2026-02-04 14:37:22.350457
WNTR,24.2,24.2,24.23,2363900.0,2311400.0,0,0,0,0,0,0,0,0,0,0,0,0,0,0,118,2026-02-04 14:37:22.350457
SPNG,26.17,26.02,26.13,2082200.0,1963000.0,0,0,0,0,0,0,0,0,0,0,0,0,0,0,119,2026-02-04 14:37:23.399480
SMMR,26.16,26.25,26.33,2276200.0,2263300.0,0,0,0,0,0,0,0,0,0,0,0,0,0,0,119,2026-02-04 14:37:23.399480
ATMN,25.47,25.63,25.94,2206100.0,2061200.0,0,0,0,0,0,0,0,0,0,0,0,0,0,0,119,2026-02-04 14:37:23.399480
WNTR,24.23,24.2,24.23,2363900.0,2308400.0,0,0,0,0,0,0,0,0,0,0,0,0,0,0,119,2026-02-04 14:37:23.399480
SPNG,26.17,23.59,24.23,1025800.0,821800.0,0,0,0,0,0,0,0,0,0,0,0,0,0,0,120,2026-02-04 14:37:24.435616
SMMR,26.25,23.66,24.5,1010300.0,954200.0,0,0,0,0,0,0,0,0,0,0,0,0,0,0,120,2026-02-04 14:37:24.435616
ATMN,25.97,25.46,0.0,200000.0,,0,0,0,0,0,0,0,0,0,0,0,0,0,0,120,2026-02-04 14:37:24.435616
WNTR,24.17,26.1,0.0,200000.0,,0,0,0,0,0,0,0,0,0,0,0,0,0,0,120,2026-02-04 14:37:24.435616
SPNG,26.17,23.59,23.66,1128200.0,1068100.0,0,0,0,0,0,0,0,0,0,0,0,0,0,0,121,2026-02-04 14:37:25.467520
SMMR,26.25,23.66,23.7,1010300.0,1311000.0,0,0,0,0,0,0,0,0,0,0,0,0,0,0,121,2026-02-04 14:37:25.467520
ATMN,25.46,24.96,25.18,922800.0,915200.0,0,0,0,0,0,0,0,0,0,0,0,0,0,0,121,2026-02-04 14:37:25.467520
WNTR,26.1,25.58,25.84,1038700.0,816300.0,0,0,0,0,0,0,0,0,0,0,0,0,0,0,121,2026-02-04 14:37:25.467520
SPNG,23.43,23.43,23.66,1083900.0,1167800.0,0,0,0,0,0,0,0,0,0,0,0,0,0,0,122,2026-02-04 14:37:26.520502
SMMR,23.56,23.27,23.48,986600.0,1449300.0,0,0,0,0,0,0,0,0,0,0,0,0,0,0,122,2026-02-04 14:37:26.520502
ATMN,25.27,24.96,25.24,922800.0,936900.0,0,0,0,0,0,0,0,0,0,0,0,0,0,0,122,2026-02-04 14:37:26.520502
WNTR,25.84,25.82,25.84,1378500.0,816300.0,0,0,0,0,0,0,0,0,0,0,0,0,0,0,122,2026-02-04 14:37:26.520502
SPNG,23.51,23.43,23.46,1344600.0,1276000.0,0,0,0,0,0,0,0,0,0,0,0,0,0,0,123,2026-02-04 14:37:27.558559
SMMR,23.27,23.27,23.47,1037700.0,1707500.0,0,0,0,0,0,0,0,0,0,0,0,0,0,0,123,2026-02-04 14:37:27.558559
ATMN,25.81,25.77,25.81,1260200.0,815300.0,0,0,0,0,0,0,0,0,0,0,0,0,0,0,123,2026-02-04 14:37:27.558559
WNTR,25.84,26.01,26.15,1714400.0,819700.0,0,0,0,0,0,0,0,0,0,0,0,0,0,0,123,2026-02-04 14:37:27.558559
SPNG,23.66,23.44,23.66,10000.0,1468400.0,1046300.0,,0,0,0,0,0,0,0,0,0,0,0,0,124,2026-02-04 14:37:28.598461
SMMR,23.47,23.13,23.39,,1053700.0,1848800.0,10000.0,0,0,0,0,0,0,0,0,0,0,0,0,124,2026-02-04 14:37:28.598461
ATMN,25.89,25.24,25.89,,1174900.0,816100.0,,0,0,0,0,0,0,0,0,0,0,0,0,124,2026-02-04 14:37:28.598461
WNTR,25.82,25.86,26.15,,1857700.0,819700.0,,0,0,0,0,0,0,0,0,0,0,0,0,124,2026-02-04 14:37:28.598461
SPNG,23.69,23.9,24.23,1588500.0,925200.0,0,0,0,0,0,0,0,0,0,0,0,0,0,0,125,2026-02-04 14:37:29.641828
SMMR,23.47,23.33,23.34,1189200.0,2081600.0,0,0,0,0,0,0,0,0,0,0,0,0,0,0,125,2026-02-04 14:37:29.641828
ATMN,26.11,25.24,25.31,1306800.0,913900.0,0,0,0,0,0,0,0,0,0,0,0,0,0,0,125,2026-02-04 14:37:29.641828
WNTR,25.82,26.03,26.15,2205200.0,819700.0,0,0,0,0,0,0,0,0,0,0,0,0,0,0,125,2026-02-04 14:37:29.641828
SPNG,23.69,23.9,24.05,1588500.0,1273900.0,0,0,0,0,0,0,0,0,0,0,0,0,0,0,126,2026-02-04 14:37:30.194056
SMMR,23.13,23.13,23.34,1053700.0,2212200.0,0,0,0,0,0,0,0,0,0,0,0,0,0,0,126,2026-02-04 14:37:30.194056
ATMN,25.31,25.69,26.11,1402600.0,884900.0,0,0,0,0,0,0,0,0,0,0,0,0,0,0,126,2026-02-04 14:37:30.194056
WNTR,26.03,26.03,26.15,2205200.0,819700.0,0,0,0,0,0,0,0,0,0,0,0,0,0,0,126,2026-02-04 14:37:30.194056
SPNG,23.8,24.04,24.05,1588600.0,1521900.0,0,0,0,0,0,0,0,0,0,0,0,0,0,0,127,2026-02-04 14:37:31.237347
SMMR,23.34,23.36,23.39,1196200.0,2304500.0,0,0,0,0,0,0,0,0,0,0,0,0,0,0,127,2026-02-04 14:37:31.237347
ATMN,25.24,25.24,25.3,1306800.0,1083700.0,0,0,0,0,0,0,0,0,0,0,0,0,0,0,127,2026-02-04 14:37:31.237347
WNTR,26.2,26.03,26.19,2322900.0,928400.0,0,0,0,0,0,0,0,0,0,0,0,0,0,0,127,2026-02-04 14:37:31.237347
SPNG,23.41,23.41,23.94,1355700.0,1745500.0,10000.0,,0,0,0,0,0,0,0,0,0,0,0,0,128,2026-02-04 14:37:32.268933
SMMR,23.39,23.37,23.39,1196200.0,2460700.0,,10000.0,0,0,0,0,0,0,0,0,0,0,0,0,128,2026-02-04 14:37:32.268933
ATMN,25.83,25.32,25.61,1426400.0,1218500.0,,,0,0,0,0,0,0,0,0,0,0,0,0,128,2026-02-04 14:37:32.268933
WNTR,26.28,26.08,26.28,2307900.0,811900.0,,,0,0,0,0,0,0,0,0,0,0,0,0,128,2026-02-04 14:37:32.268933
SPNG,23.55,23.55,23.77,1452600.0,1859500.0,0,0,0,0,0,0,0,0,0,0,0,0,0,0,129,2026-02-04 14:37:33.308985
SMMR,23.36,23.13,23.16,1205000.0,2451200.0,0,0,0,0,0,0,0,0,0,0,0,0,0,0,129,2026-02-04 14:37:33.308985
ATMN,25.56,25.32,25.36,1589200.0,1345300.0,0,0,0,0,0,0,0,0,0,0,0,0,0,0,129,2026-02-04 14:37:33.308985
WNTR,25.98,25.98,26.28,2212100.0,1001100.0,0,0,0,0,0,0,0,0,0,0,0,0,0,0,129,2026-02-04 14:37:33.308985
SPNG,23.41,23.29,23.4,1462700.0,1994000.0,0,0,0,0,0,0,0,0,0,0,0,0,0,0,130,2026-02-04 14:37:34.345764
SMMR,23.39,23.4,23.41,1569700.0,2429200.0,0,0,0,0,0,0,0,0,0,0,0,0,0,0,130,2026-02-04 14:37:34.345764
ATMN,25.61,25.32,25.61,1589200.0,1218500.0,0,0,0,0,0,0,0,0,0,0,0,0,0,0,130,2026-02-04 14:37:34.345764
WNTR,25.98,25.98,26.28,2212100.0,1190600.0,0,0,0,0,0,0,0,0,0,0,0,0,0,0,130,2026-02-04 14:37:34.345764
SPNG,23.4,23.51,23.77,1885500.0,1859500.0,0,0,0,0,0,0,0,0,0,0,0,0,0,0,131,2026-02-04 14:37:35.380760
SMMR,23.29,23.35,23.38,1462500.0,2409700.0,0,0,0,0,0,0,0,0,0,0,0,0,0,0,131,2026-02-04 14:37:35.380760
ATMN,25.83,25.32,25.54,1832100.0,1210100.0,0,0,0,0,0,0,0,0,0,0,0,0,0,0,131,2026-02-04 14:37:35.380760
WNTR,25.98,25.98,26.25,2335900.0,1410600.0,0,0,0,0,0,0,0,0,0,0,0,0,0,0,131,2026-02-04 14:37:35.380760
SPNG,23.49,23.5,23.76,10000.0,2014300.0,10000.0,1859500.0,0,0,0,0,0,0,0,0,0,0,0,0,132,2026-02-04 14:37:36.412087
SMMR,23.3,23.22,23.3,,1456300.0,10000.0,2296900.0,0,0,0,0,0,0,0,0,0,0,0,0,132,2026-02-04 14:37:36.412087
ATMN,25.83,25.32,25.54,,2182300.0,,1210100.0,0,0,0,0,0,0,0,0,0,0,0,0,132,2026-02-04 14:37:36.412087
WNTR,25.98,26.08,26.14,,2307300.0,,1522500.0,0,0,0,0,0,0,0,0,0,0,0,0,132,2026-02-04 14:37:36.412087
SPNG,23.3,23.56,23.77,1980900.0,1859500.0,0,0,0,0,0,0,0,0,0,0,0,0,0,0,133,2026-02-04 14:37:37.442586
SMMR,23.36,23.34,23.36,1568900.0,2402000.0,0,0,0,0,0,0,0,0,0,0,0,0,0,0,133,2026-02-04 14:37:37.442586
ATMN,25.54,25.68,25.83,2401300.0,1185700.0,0,0,0,0,0,0,0,0,0,0,0,0,0,0,133,2026-02-04 14:37:37.442586
WNTR,26.08,25.95,25.97,2302800.0,1743300.0,0,0,0,0,0,0,0,0,0,0,0,0,0,0,133,2026-02-04 14:37:37.442586
SPNG,24.12,23.56,24.12,1980900.0,1616600.0,0,0,0,0,0,0,0,0,0,0,0,0,0,0,134,2026-02-04 14:37:38.481600
SMMR,23.36,23.34,23.36,1568900.0,2427100.0,0,0,0,0,0,0,0,0,0,0,0,0,0,0,134,2026-02-04 14:37:38.481600
ATMN,25.42,25.42,25.69,2284300.0,1534500.0,0,0,0,0,0,0,0,0,0,0,0,0,0,0,134,2026-02-04 14:37:38.481600
WNTR,26.08,25.95,25.97,2286200.0,1743300.0,0,0,0,0,0,0,0,0,0,0,0,0,0,0,134,2026-02-04 14:37:38.481600
SPNG,23.3,23.3,24.12,1888300.0,1815000.0,0,0,0,0,0,0,0,0,0,0,0,0,0,0,135,2026-02-04 14:37:39.511972
SMMR,23.36,23.34,23.36,1568900.0,2423200.0,0,0,0,0,0,0,0,0,0,0,0,0,0,0,135,2026-02-04 14:37:39.511972
ATMN,25.32,25.32,25.69,2310100.0,1637800.0,0,0,0,0,0,0,0,0,0,0,0,0,0,0,135,2026-02-04 14:37:39.511972
WNTR,26.14,25.95,26.14,2244500.0,1619300.0,0,0,0,0,0,0,0,0,0,0,0,0,0,0,135,2026-02-04 14:37:39.511972
SPNG,23.91,23.91,24.08,2016000.0,10000.0,1912200.0,0,0,0,0,0,0,0,0,0,0,0,0,0,136,2026-02-04 14:37:40.541330
SMMR,23.07,23.07,23.27,1432300.0,10000.0,2291800.0,0,0,0,0,0,0,0,0,0,0,0,0,0,136,2026-02-04 14:37:40.541330
ATMN,25.32,25.32,25.34,2310100.0,,1945800.0,0,0,0,0,0,0,0,0,0,0,0,0,0,136,2026-02-04 14:37:40.541330
WNTR,26.0,26.0,26.11,2257200.0,,1727200.0,0,0,0,0,0,0,0,0,0,0,0,0,0,136,2026-02-04 14:37:40.541330
SPNG,23.91,23.3,23.79,1888300.0,2174900.0,0,0,0,0,0,0,0,0,0,0,0,0,0,0,137,2026-02-04 14:37:41.579580
SMMR,23.07,23.14,23.16,1684200.0,2436200.0,0,0,0,0,0,0,0,0,0,0,0,0,0,0,137,2026-02-04 14:37:41.579580
ATMN,25.34,25.32,25.34,2447200.0,2072800.0,0,0,0,0,0,0,0,0,0,0,0,0,0,0,137,2026-02-04 14:37:41.579580
WNTR,25.95,25.95,26.11,2245600.0,1827600.0,0,0,0,0,0,0,0,0,0,0,0,0,0,0,137,2026-02-04 14:37:41.579580
SPNG,24.12,23.71,24.12,2120700.0,2154200.0,0,0,0,0,0,0,0,0,0,0,0,0,0,0,138,2026-02-04 14:37:42.612375
SMMR,23.16,23.14,23.16,1965500.0,2436200.0,0,0,0,0,0,0,0,0,0,0,0,0,0,0,138,2026-02-04 14:37:42.612375
ATMN,25.37,25.32,25.37,2314600.0,1940900.0,0,0,0,0,0,0,0,0,0,0,0,0,0,0,138,2026-02-04 14:37:42.612375
WNTR,25.92,25.92,26.11,2287400.0,1827600.0,0,0,0,0,0,0,0,0,0,0,0,0,0,0,138,2026-02-04 14:37:42.612375
SPNG,24.12,23.71,24.01,2219800.0,2216100.0,0,0,0,0,0,0,0,0,0,0,0,0,0,0,139,2026-02-04 14:37:43.650624
SMMR,23.16,23.2,23.31,2348400.0,2434500.0,0,0,0,0,0,0,0,0,0,0,0,0,0,0,139,2026-02-04 14:37:43.650624
ATMN,25.37,25.34,25.37,2318500.0,2042300.0,0,0,0,0,0,0,0,0,0,0,0,0,0,0,139,2026-02-04 14:37:43.650624
WNTR,26.14,26.19,26.21,2213500.0,1716800.0,0,0,0,0,0,0,0,0,0,0,0,0,0,0,139,2026-02-04 14:37:43.650624
SPNG,23.33,23.71,24.01,2230100.0,2283100.0,0,0,0,0,0,0,0,0,0,0,0,0,0,0,140,2026-02-04 14:37:44.680449
SMMR,23.13,23.13,23.31,2087300.0,2422700.0,0,0,0,0,0,0,0,0,0,0,0,0,0,0,140,2026-02-04 14:37:44.680449
ATMN,25.32,25.32,25.62,2301200.0,1931300.0,0,0,0,0,0,0,0,0,0,0,0,0,0,0,140,2026-02-04 14:37:44.680449
WNTR,26.22,26.18,26.2,2212500.0,1843900.0,0,0,0,0,0,0,0,0,0,0,0,0,0,0,140,2026-02-04 14:37:44.680449
SPNG,23.39,23.99,24.01,2205000.0,2307400.0,0,0,0,0,0,0,0,0,0,0,0,0,0,0,141,2026-02-04 14:37:45.750452
SMMR,23.06,23.06,23.24,1671600.0,2409100.0,0,0,0,0,0,0,0,0,0,0,0,0,0,0,141,2026-02-04 14:37:45.750452
ATMN,25.24,25.24,25.56,2292600.0,2050400.0,0,0,0,0,0,0,0,0,0,0,0,0,0,0,141,2026-02-04 14:37:45.750452
WNTR,25.92,25.92,26.2,2287400.0,1949900.0,0,0,0,0,0,0,0,0,0,0,0,0,0,0,141,2026-02-04 14:37:45.750452
SPNG,23.99,23.3,23.51,2112300.0,2328000.0,0,0,0,0,0,0,0,0,0,0,0,0,0,0,142,2026-02-04 14:37:46.279180
SMMR,23.05,23.05,23.24,1568200.0,2409100.0,0,0,0,0,0,0,0,0,0,0,0,0,0,0,142,2026-02-04 14:37:46.279180
ATMN,25.56,25.24,25.56,2291900.0,2050400.0,0,0,0,0,0,0,0,0,0,0,0,0,0,0,142,2026-02-04 14:37:46.279180
WNTR,25.92,25.92,26.07,2287400.0,2048300.0,0,0,0,0,0,0,0,0,0,0,0,0,0,0,142,2026-02-04 14:37:46.279180
SPNG,23.3,23.35,24.01,2227200.0,2325700.0,0,0,0,0,0,0,0,0,0,0,0,0,0,0,143,2026-02-04 14:37:47.320625
SMMR,23.03,23.03,23.19,1624600.0,2445800.0,0,0,0,0,0,0,0,0,0,0,0,0,0,0,143,2026-02-04 14:37:47.320625
ATMN,25.56,25.24,25.56,2291900.0,2159700.0,0,0,0,0,0,0,0,0,0,0,0,0,0,0,143,2026-02-04 14:37:47.320625
WNTR,26.07,26.11,26.2,2249500.0,1949900.0,0,0,0,0,0,0,0,0,0,0,0,0,0,0,143,2026-02-04 14:37:47.320625
SPNG,23.67,23.6,23.63,2357600.0,2210400.0,10000.0,0,0,0,0,0,0,0,0,0,0,0,0,0,144,2026-02-04 14:37:48.361883
SMMR,23.19,23.23,23.24,1866600.0,2409100.0,,0,0,0,0,0,0,0,0,0,0,0,0,0,144,2026-02-04 14:37:48.361883
ATMN,25.56,25.24,25.54,2291900.0,2173200.0,,0,0,0,0,0,0,0,0,0,0,0,0,0,144,2026-02-04 14:37:48.361883
WNTR,26.07,26.11,26.18,2249500.0,2088100.0,,0,0,0,0,0,0,0,0,0,0,0,0,0,144,2026-02-04 14:37:48.361883
SPNG,23.6,23.6,24.0,2503200.0,10000.0,2210200.0,0,0,0,0,0,0,0,0,0,0,0,0,0,145,2026-02-04 14:37:49.408961
SMMR,23.19,23.23,23.24,1866600.0,,2463900.0,0,0,0,0,0,0,0,0,0,0,0,0,0,145,2026-02-04 14:37:49.408961
ATMN,25.28,25.31,25.47,2313500.0,,2180200.0,0,0,0,0,0,0,0,0,0,0,0,0,0,145,2026-02-04 14:37:49.408961
WNTR,26.05,26.05,26.18,2249300.0,,2094700.0,0,0,0,0,0,0,0,0,0,0,0,0,0,145,2026-02-04 14:37:49.408961
SPNG,24.01,23.6,24.01,2503200.0,2336700.0,0,0,0,0,0,0,0,0,0,0,0,0,0,0,146,2026-02-04 14:37:50.439852
SMMR,23.04,23.04,23.24,1741000.0,2491200.0,0,0,0,0,0,0,0,0,0,0,0,0,0,0,146,2026-02-04 14:37:50.439852
ATMN,25.28,25.31,25.47,2313500.0,2187100.0,0,0,0,0,0,0,0,0,0,0,0,0,0,0,146,2026-02-04 14:37:50.439852
WNTR,26.05,26.05,26.15,2249300.0,2120100.0,0,0,0,0,0,0,0,0,0,0,0,0,0,0,146,2026-02-04 14:37:50.439852
SPNG,24.07,23.95,24.07,2413900.0,2323900.0,0,0,0,0,0,0,0,0,0,0,0,0,0,0,147,2026-02-04 14:37:51.475968
SMMR,23.28,23.04,23.28,2036300.0,2502500.0,0,0,0,0,0,0,0,0,0,0,0,0,0,0,147,2026-02-04 14:37:51.475968
ATMN,25.31,25.24,25.25,2295800.0,2213000.0,0,0,0,0,0,0,0,0,0,0,0,0,0,0,147,2026-02-04 14:37:51.475968
WNTR,25.87,26.0,26.15,2246500.0,2095800.0,0,0,0,0,0,0,0,0,0,0,0,0,0,0,147,2026-02-04 14:37:51.475968
SPNG,23.95,23.56,23.58,2439400.0,2335000.0,0,0,0,0,0,0,0,0,0,0,0,0,0,0,148,2026-02-04 14:37:52.511740
SMMR,23.03,23.03,23.28,1959400.0,2502500.0,0,0,0,0,0,0,0,0,0,0,0,0,0,0,148,2026-02-04 14:37:52.511740
ATMN,25.22,25.22,25.25,2309500.0,2181400.0,0,0,0,0,0,0,0,0,0,0,0,0,0,0,148,2026-02-04 14:37:52.511740
WNTR,25.87,25.87,26.15,2285400.0,2084200.0,0,0,0,0,0,0,0,0,0,0,0,0,0,0,148,2026-02-04 14:37:52.511740
SPNG,23.58,23.7,23.94,2331000.0,2323300.0,0,0,0,0,0,0,0,0,0,0,0,0,0,0,149,2026-02-04 14:37:53.543501
SMMR,23.0,23.16,23.2,1932800.0,2458300.0,0,0,0,0,0,0,0,0,0,0,0,0,0,0,149,2026-02-04 14:37:53.543501
ATMN,25.22,25.22,25.24,2294500.0,2178300.0,0,0,0,0,0,0,0,0,0,0,0,0,0,0,149,2026-02-04 14:37:53.543501
WNTR,25.87,26.07,26.15,2239900.0,2078400.0,0,0,0,0,0,0,0,0,0,0,0,0,0,0,149,2026-02-04 14:37:53.543501
SPNG,23.56,23.56,23.92,2360100.0,2335800.0,0,0,0,0,0,0,0,0,0,0,0,0,0,0,150,2026-02-04 14:37:54.583860
SMMR,23.07,23.07,23.2,1946100.0,2480100.0,0,0,0,0,0,0,0,0,0,0,0,0,0,0,150,2026-02-04 14:37:54.583860
ATMN,25.16,25.16,25.24,2283600.0,2191500.0,0,0,0,0,0,0,0,0,0,0,0,0,0,0,150,2026-02-04 14:37:54.583860
WNTR,26.07,26.07,26.15,2239900.0,2065200.0,0,0,0,0,0,0,0,0,0,0,0,0,0,0,150,2026-02-04 14:37:54.583860
SPNG,23.46,23.46,23.92,2374400.0,2335800.0,0,0,0,0,0,0,0,0,0,0,0,0,0,0,151,2026-02-04 14:37:55.627798
SMMR,23.08,23.08,23.2,2249900.0,2480100.0,0,0,0,0,0,0,0,0,0,0,0,0,0,0,151,2026-02-04 14:37:55.627798
ATMN,25.16,25.16,25.22,2283600.0,2211600.0,0,0,0,0,0,0,0,0,0,0,0,0,0,0,151,2026-02-04 14:37:55.627798
WNTR,26.18,26.07,26.08,2239900.0,2085700.0,0,0,0,0,0,0,0,0,0,0,0,0,0,0,151,2026-02-04 14:37:55.627798
SPNG,23.46,23.5,23.92,10000.0,2213400.0,2302000.0,0,0,0,0,0,0,0,0,0,0,0,0,0,152,2026-02-04 14:37:56.659546
SMMR,23.31,23.08,23.15,,2249900.0,2510500.0,0,0,0,0,0,0,0,0,0,0,0,0,0,152,2026-02-04 14:37:56.659546
ATMN,25.15,25.15,25.22,,2266800.0,2273600.0,0,0,0,0,0,0,0,0,0,0,0,0,0,152,2026-02-04 14:37:56.659546
WNTR,26.08,26.11,26.14,,2262800.0,2074600.0,0,0,0,0,0,0,0,0,0,0,0,0,0,152,2026-02-04 14:37:56.659546
SPNG,23.38,23.35,23.38,2332200.0,2331400.0,,0,0,0,0,0,0,0,0,0,0,0,0,0,153,2026-02-04 14:37:57.695074
SMMR,23.11,23.0,23.11,1961300.0,2376200.0,10000.0,0,0,0,0,0,0,0,0,0,0,0,0,0,153,2026-02-04 14:37:57.695074
ATMN,25.08,25.08,25.22,2263100.0,2273600.0,,0,0,0,0,0,0,0,0,0,0,0,0,0,153,2026-02-04 14:37:57.695074
WNTR,26.18,26.11,26.12,2262800.0,2057000.0,,0,0,0,0,0,0,0,0,0,0,0,0,0,153,2026-02-04 14:37:57.695074
SPNG,23.27,23.27,24.01,2492800.0,2299000.0,0,0,0,0,0,0,0,0,0,0,0,0,0,0,154,2026-02-04 14:37:58.738935
SMMR,23.24,23.0,23.24,1961300.0,2528700.0,0,0,0,0,0,0,0,0,0,0,0,0,0,0,154,2026-02-04 14:37:58.738935
ATMN,25.22,25.05,25.22,2274400.0,2247500.0,0,0,0,0,0,0,0,0,0,0,0,0,0,0,154,2026-02-04 14:37:58.738935
WNTR,25.86,25.86,26.12,2284600.0,2057000.0,0,0,0,0,0,0,0,0,0,0,0,0,0,0,154,2026-02-04 14:37:58.738935
SPNG,24.16,23.84,24.16,2427300.0,2284300.0,0,0,0,0,0,0,0,0,0,0,0,0,0,0,155,2026-02-04 14:37:59.792521
SMMR,23.07,23.0,23.07,2072700.0,2529500.0,0,0,0,0,0,0,0,0,0,0,0,0,0,0,155,2026-02-04 14:37:59.792521
ATMN,25.25,25.03,25.25,2301600.0,2252900.0,0,0,0,0,0,0,0,0,0,0,0,0,0,0,155,2026-02-04 14:37:59.792521
WNTR,25.84,25.84,25.97,2275200.0,2059100.0,0,0,0,0,0,0,0,0,0,0,0,0,0,0,155,2026-02-04 14:37:59.792521
SPNG,23.84,23.84,23.93,2427300.0,2291000.0,0,0,0,0,0,0,0,0,0,0,0,0,0,0,156,2026-02-04 14:38:00.827224
SMMR,23.24,23.08,23.24,2436400.0,2528700.0,0,0,0,0,0,0,0,0,0,0,0,0,0,0,156,2026-02-04 14:38:00.827224
ATMN,25.25,25.03,25.21,2290000.0,2223000.0,0,0,0,0,0,0,0,0,0,0,0,0,0,0,156,2026-02-04 14:38:00.827224
WNTR,25.84,25.91,26.18,2297700.0,2046300.0,0,0,0,0,0,0,0,0,0,0,0,0,0,0,156,2026-02-04 14:38:00.827224
SPNG,23.84,23.84,23.89,2291400.0,10000.0,10000.0,2177300.0,0,0,0,0,0,0,0,0,0,0,0,0,157,2026-02-04 14:38:01.362726
SMMR,23.24,23.08,23.24,2572400.0,,,2528700.0,0,0,0,0,0,0,0,0,0,0,0,0,157,2026-02-04 14:38:01.362726
ATMN,25.25,25.14,25.21,2259600.0,,,2223000.0,0,0,0,0,0,0,0,0,0,0,0,0,157,2026-02-04 14:38:01.362726
WNTR,25.84,25.95,26.08,2272500.0,,,2074800.0,0,0,0,0,0,0,0,0,0,0,0,0,157,2026-02-04 14:38:01.362726
SPNG,24.16,23.27,24.16,2450500.0,2300200.0,0,0,0,0,0,0,0,0,0,0,0,0,0,0,158,2026-02-04 14:38:02.409683
SMMR,23.35,23.08,23.35,2627600.0,2464100.0,0,0,0,0,0,0,0,0,0,0,0,0,0,0,158,2026-02-04 14:38:02.409683
ATMN,25.25,25.3,25.32,2251600.0,2198000.0,0,0,0,0,0,0,0,0,0,0,0,0,0,0,158,2026-02-04 14:38:02.409683
WNTR,25.83,26.07,26.08,2299000.0,2074800.0,0,0,0,0,0,0,0,0,0,0,0,0,0,0,158,2026-02-04 14:38:02.409683
SPNG,24.16,23.35,23.77,2390700.0,2321700.0,0,0,0,0,0,0,0,0,0,0,0,0,0,0,159,2026-02-04 14:38:03.449742
SMMR,23.07,23.29,23.35,2641700.0,2464100.0,0,0,0,0,0,0,0,0,0,0,0,0,0,0,159,2026-02-04 14:38:03.449742
ATMN,25.17,25.17,25.32,2253300.0,2198000.0,0,0,0,0,0,0,0,0,0,0,0,0,0,0,159,2026-02-04 14:38:03.449742
WNTR,26.07,26.07,26.18,2299000.0,2047800.0,0,0,0,0,0,0,0,0,0,0,0,0,0,0,159,2026-02-04 14:38:03.449742
SPNG,23.35,23.41,23.77,2350600.0,2321700.0,0,0,0,0,0,0,0,0,0,0,0,0,0,0,160,2026-02-04 14:38:04.477955
SMMR,23.06,23.06,23.35,2668900.0,2464100.0,0,0,0,0,0,0,0,0,0,0,0,0,0,0,160,2026-02-04 14:38:04.477955
ATMN,25.32,25.17,25.32,2291200.0,2198000.0,0,0,0,0,0,0,0,0,0,0,0,0,0,0,160,2026-02-04 14:38:04.477955
WNTR,25.95,25.95,26.06,2295600.0,2057700.0,0,0,0,0,0,0,0,0,0,0,0,0,0,0,160,2026-02-04 14:38:04.477955
SPNG,23.77,23.7,23.77,2283700.0,2321700.0,0,0,0,0,0,0,0,0,0,0,0,0,0,0,161,2026-02-04 14:38:05.571012
SMMR,23.19,23.06,23.19,2532900.0,2480400.0,0,0,0,0,0,0,0,0,0,0,0,0,0,0,161,2026-02-04 14:38:05.571012
ATMN,25.37,25.17,25.37,2261300.0,2220400.0,0,0,0,0,0,0,0,0,0,0,0,0,0,0,161,2026-02-04 14:38:05.571012
WNTR,25.83,25.83,25.97,2270200.0,2072000.0,0,0,0,0,0,0,0,0,0,0,0,0,0,0,161,2026-02-04 14:38:05.571012
SPNG,23.77,23.7,23.73,2098200.0,10000.0,10000.0,2206200.0,0,0,0,0,0,0,0,0,0,0,0,0,162,2026-02-04 14:38:06.609310
SMMR,23.09,23.06,23.07,2532900.0,,,2476500.0,0,0,0,0,0,0,0,0,0,0,0,0,162,2026-02-04 14:38:06.609310
ATMN,25.17,25.17,25.37,2261300.0,,,2239400.0,0,0,0,0,0,0,0,0,0,0,0,0,162,2026-02-04 14:38:06.609310
WNTR,26.06,25.87,26.06,2282300.0,,,2057700.0,0,0,0,0,0,0,0,0,0,0,0,0,162,2026-02-04 14:38:06.609310
SPNG,23.41,23.41,24.16,2253100.0,2300200.0,0,0,0,0,0,0,0,0,0,0,0,0,0,0,163,2026-02-04 14:38:07.673255
SMMR,23.2,23.12,23.2,2615200.0,2456800.0,0,0,0,0,0,0,0,0,0,0,0,0,0,0,163,2026-02-04 14:38:07.673255
ATMN,25.17,25.3,25.37,2232600.0,2246300.0,0,0,0,0,0,0,0,0,0,0,0,0,0,0,163,2026-02-04 14:38:07.673255
WNTR,26.06,25.87,26.02,2282300.0,2051500.0,0,0,0,0,0,0,0,0,0,0,0,0,0,0,163,2026-02-04 14:38:07.673255
SPNG,23.41,23.44,23.62,2209200.0,2312700.0,0,0,0,0,0,0,0,0,0,0,0,0,0,0,164,2026-02-04 14:38:08.739734
SMMR,23.11,23.11,23.2,2605700.0,2431100.0,0,0,0,0,0,0,0,0,0,0,0,0,0,0,164,2026-02-04 14:38:08.739734
ATMN,25.16,25.16,25.26,2245500.0,2277100.0,0,0,0,0,0,0,0,0,0,0,0,0,0,0,164,2026-02-04 14:38:08.739734
WNTR,25.98,25.98,26.02,2257600.0,2059600.0,0,0,0,0,0,0,0,0,0,0,0,0,0,0,164,2026-02-04 14:38:08.739734
SPNG,23.41,23.44,23.58,2157200.0,10000.0,10000.0,2197200.0,0,0,0,0,0,0,0,0,0,0,0,0,165,2026-02-04 14:38:09.812641
SMMR,22.99,22.99,23.12,2403800.0,,,2459100.0,0,0,0,0,0,0,0,0,0,0,0,0,165,2026-02-04 14:38:09.812641
ATMN,25.09,25.09,25.42,2287500.0,,,2268100.0,0,0,0,0,0,0,0,0,0,0,0,0,165,2026-02-04 14:38:09.812641
WNTR,25.98,25.87,25.97,2282300.0,,,2091200.0,0,0,0,0,0,0,0,0,0,0,0,0,165,2026-02-04 14:38:09.812641
SPNG,23.9,23.9,24.15,2266700.0,10000.0,2205100.0,0,0,0,0,0,0,0,0,0,0,0,0,0,166,2026-02-04 14:38:10.861674
SMMR,23.13,23.07,23.13,2520500.0,,2428000.0,0,0,0,0,0,0,0,0,0,0,0,0,0,166,2026-02-04 14:38:10.861674
ATMN,25.47,25.08,25.13,2299400.0,,2278300.0,0,0,0,0,0,0,0,0,0,0,0,0,0,166,2026-02-04 14:38:10.861674
WNTR,25.98,25.89,25.97,2249900.0,,2082100.0,0,0,0,0,0,0,0,0,0,0,0,0,0,166,2026-02-04 14:38:10.861674
SPNG,23.9,23.44,23.76,2264800.0,2310000.0,0,0,0,0,0,0,0,0,0,0,0,0,0,0,167,2026-02-04 14:38:11.903822
SMMR,23.09,23.07,23.09,2520500.0,2463100.0,0,0,0,0,0,0,0,0,0,0,0,0,0,0,167,2026-02-04 14:38:11.903822
ATMN,25.13,25.24,25.47,2255000.0,2275600.0,0,0,0,0,0,0,0,0,0,0,0,0,0,0,167,2026-02-04 14:38:11.903822
WNTR,25.87,25.87,26.06,2265000.0,2059600.0,0,0,0,0,0,0,0,0,0,0,0,0,0,0,167,2026-02-04 14:38:11.903822
SPNG,24.17,23.44,24.17,2264800.0,2292400.0,0,0,0,0,0,0,0,0,0,0,0,0,0,0,168,2026-02-04 14:38:12.436603
SMMR,23.22,23.29,23.35,2659600.0,2464200.0,0,0,0,0,0,0,0,0,0,0,0,0,0,0,168,2026-02-04 14:38:12.436603
ATMN,25.13,25.24,25.47,2255000.0,2295500.0,0,0,0,0,0,0,0,0,0,0,0,0,0,0,168,2026-02-04 14:38:12.436603
WNTR,26.12,26.05,26.12,2256100.0,2069900.0,0,0,0,0,0,0,0,0,0,0,0,0,0,0,168,2026-02-04 14:38:12.436603
SPNG,24.17,23.76,24.17,2249900.0,2267300.0,0,0,0,0,0,0,0,0,0,0,0,0,0,0,169,2026-02-04 14:38:13.500683
SMMR,23.29,23.25,23.29,2661700.0,2473500.0,0,0,0,0,0,0,0,0,0,0,0,0,0,0,169,2026-02-04 14:38:13.500683
ATMN,25.08,25.08,25.13,2284100.0,2347600.0,0,0,0,0,0,0,0,0,0,0,0,0,0,0,169,2026-02-04 14:38:13.500683
WNTR,26.12,26.05,26.1,2256100.0,2065800.0,0,0,0,0,0,0,0,0,0,0,0,0,0,0,169,2026-02-04 14:38:13.500683
SPNG,24.2,23.44,24.16,2137800.0,10000.0,10000.0,2137300.0,0,0,0,0,0,0,0,0,0,0,0,0,170,2026-02-04 14:38:14.532221
SMMR,23.3,23.07,23.16,2520500.0,,,2466800.0,0,0,0,0,0,0,0,0,0,0,0,0,170,2026-02-04 14:38:14.532221
ATMN,25.47,25.08,25.47,2255000.0,,,2316500.0,0,0,0,0,0,0,0,0,0,0,0,0,170,2026-02-04 14:38:14.532221
WNTR,25.87,25.87,25.91,2273700.0,,,2087700.0,0,0,0,0,0,0,0,0,0,0,0,0,170,2026-02-04 14:38:14.532221
SPNG,23.45,23.76,24.01,2253200.0,2236500.0,0,0,0,0,0,0,0,0,0,0,0,0,0,0,171,2026-02-04 14:38:15.568088
SMMR,23.36,22.99,23.36,2403800.0,2453500.0,0,0,0,0,0,0,0,0,0,0,0,0,0,0,171,2026-02-04 14:38:15.568088
ATMN,25.51,25.08,25.51,2247800.0,2321800.0,0,0,0,0,0,0,0,0,0,0,0,0,0,0,171,2026-02-04 14:38:15.568088
WNTR,25.87,25.87,25.91,2264300.0,2120900.0,0,0,0,0,0,0,0,0,0,0,0,0,0,0,171,2026-02-04 14:38:15.568088
SPNG,23.43,23.43,23.98,2300900.0,2224000.0,0,0,0,0,0,0,0,0,0,0,0,0,0,0,172,2026-02-04 14:38:16.597391
SMMR,23.38,22.99,23.18,2520100.0,2444800.0,0,0,0,0,0,0,0,0,0,0,0,0,0,0,172,2026-02-04 14:38:16.597391
ATMN,25.34,25.05,25.18,2262600.0,2358700.0,0,0,0,0,0,0,0,0,0,0,0,0,0,0,172,2026-02-04 14:38:16.597391
WNTR,26.02,25.87,26.02,2253800.0,2103600.0,0,0,0,0,0,0,0,0,0,0,0,0,0,0,172,2026-02-04 14:38:16.597391
SPNG,23.35,23.35,23.98,2285900.0,2224000.0,0,0,0,0,0,0,0,0,0,0,0,0,0,0,173,2026-02-04 14:38:17.630519
SMMR,23.38,23.15,23.18,2630100.0,2432900.0,0,0,0,0,0,0,0,0,0,0,0,0,0,0,173,2026-02-04 14:38:17.630519
ATMN,25.18,25.37,25.38,2235400.0,2343400.0,0,0,0,0,0,0,0,0,0,0,0,0,0,0,173,2026-02-04 14:38:17.630519
WNTR,26.02,25.87,26.0,2261400.0,2118200.0,0,0,0,0,0,0,0,0,0,0,0,0,0,0,173,2026-02-04 14:38:17.630519
SPNG,23.89,23.89,23.98,2296700.0,2200800.0,0,0,0,0,0,0,0,0,0,0,0,0,0,0,174,2026-02-04 14:38:18.663222
SMMR,23.15,23.15,23.18,2630100.0,2431700.0,0,0,0,0,0,0,0,0,0,0,0,0,0,0,174,2026-02-04 14:38:18.663222
ATMN,25.18,25.37,25.38,2235400.0,2351700.0,0,0,0,0,0,0,0,0,0,0,0,0,0,0,174,2026-02-04 14:38:18.663222
WNTR,26.0,25.87,26.0,2261400.0,2118200.0,0,0,0,0,0,0,0,0,0,0,0,0,0,0,174,2026-02-04 14:38:18.663222
SPNG,23.89,23.35,23.56,2325500.0,2172300.0,0,0,0,0,0,0,0,0,0,0,0,0,0,0,175,2026-02-04 14:38:19.732371
SMMR,23.32,23.15,23.32,2630100.0,2424100.0,0,0,0,0,0,0,0,0,0,0,0,0,0,0,175,2026-02-04 14:38:19.732371
ATMN,25.38,25.05,25.38,2229200.0,2351700.0,0,0,0,0,0,0,0,0,0,0,0,0,0,0,175,2026-02-04 14:38:19.732371
WNTR,26.0,25.87,25.95,2233300.0,2101100.0,0,0,0,0,0,0,0,0,0,0,0,0,0,0,175,2026-02-04 14:38:19.732371
SPNG,23.56,23.58,23.98,2295800.0,2174200.0,0,0,0,0,0,0,0,0,0,0,0,0,0,0,176,2026-02-04 14:38:20.780100
SMMR,22.98,22.98,23.18,2505400.0,2451000.0,0,0,0,0,0,0,0,0,0,0,0,0,0,0,176,2026-02-04 14:38:20.780100
ATMN,25.54,25.05,25.54,2229200.0,2312300.0,0,0,0,0,0,0,0,0,0,0,0,0,0,0,176,2026-02-04 14:38:20.780100
WNTR,25.98,25.83,25.98,2227100.0,2102400.0,0,0,0,0,0,0,0,0,0,0,0,0,0,0,176,2026-02-04 14:38:20.780100
SPNG,23.82,23.82,23.98,2322500.0,2161900.0,0,0,0,0,0,0,0,0,0,0,0,0,0,0,177,2026-02-04 14:38:21.823003
SMMR,23.32,22.98,23.17,2591900.0,2435600.0,0,0,0,0,0,0,0,0,0,0,0,0,0,0,177,2026-02-04 14:38:21.823003
ATMN,25.34,25.34,25.49,2244500.0,2312400.0,0,0,0,0,0,0,0,0,0,0,0,0,0,0,177,2026-02-04 14:38:21.823003
WNTR,25.98,25.92,25.98,2274000.0,2102400.0,0,0,0,0,0,0,0,0,0,0,0,0,0,0,177,2026-02-04 14:38:21.823003
SPNG,23.98,23.58,23.98,2295800.0,2161900.0,0,0,0,0,0,0,0,0,0,0,0,0,0,0,178,2026-02-04 14:38:22.875379
SMMR,23.26,23.26,23.32,2604400.0,2450500.0,0,0,0,0,0,0,0,0,0,0,0,0,0,0,178,2026-02-04 14:38:22.875379
ATMN,25.34,25.02,25.16,2228900.0,2303600.0,0,0,0,0,0,0,0,0,0,0,0,0,0,0,178,2026-02-04 14:38:22.875379
WNTR,25.98,25.92,25.98,2267200.0,2102400.0,0,0,0,0,0,0,0,0,0,0,0,0,0,0,178,2026-02-04 14:38:22.875379
SPNG,23.98,23.85,23.98,2312100.0,2108900.0,0,0,0,0,0,0,0,0,0,0,0,0,0,0,179,2026-02-04 14:38:23.914490
SMMR,22.98,23.17,23.22,2559500.0,2420800.0,0,0,0,0,0,0,0,0,0,0,0,0,0,0,179,2026-02-04 14:38:23.914490
ATMN,25.16,25.2,25.49,2257400.0,2312400.0,0,0,0,0,0,0,0,0,0,0,0,0,0,0,179,2026-02-04 14:38:23.914490
WNTR,25.98,25.99,26.0,2245600.0,2104000.0,0,0,0,0,0,0,0,0,0,0,0,0,0,0,179,2026-02-04 14:38:23.914490
SPNG,23.98,24.85,25.38,1031400.0,748600.0,0,0,0,0,0,0,0,0,0,0,0,0,0,0,180,2026-02-04 14:38:24.951056
SMMR,25.77,24.24,24.52,1032600.0,957800.0,0,0,0,0,0,0,0,0,0,0,0,0,0,0,180,2026-02-04 14:38:24.951056
ATMN,25.16,25.01,25.1,1007900.0,876500.0,0,0,0,0,0,0,0,0,0,0,0,0,0,0,180,2026-02-04 14:38:24.951056
WNTR,25.98,24.9,25.35,932500.0,853500.0,0,0,0,0,0,0,0,0,0,0,0,0,0,0,180,2026-02-04 14:38:24.951056
SPNG,23.98,24.85,25.22,1031400.0,1040600.0,0,0,0,0,0,0,0,0,0,0,0,0,0,0,181,2026-02-04 14:38:25.980646
SMMR,24.52,24.72,24.81,1438900.0,955400.0,0,0,0,0,0,0,0,0,0,0,0,0,0,0,181,2026-02-04 14:38:25.980646
ATMN,24.96,24.96,25.1,1010600.0,966400.0,0,0,0,0,0,0,0,0,0,0,0,0,0,0,181,2026-02-04 14:38:25.980646
WNTR,24.9,24.9,24.96,932500.0,1171900.0,0,0,0,0,0,0,0,0,0,0,0,0,0,0,181,2026-02-04 14:38:25.980646
SPNG,25.22,24.4,25.22,1092400.0,1138300.0,0,0,0,0,0,0,0,0,0,0,0,0,0,0,182,2026-02-04 14:38:27.020197
SMMR,24.81,24.88,25.08,1947800.0,974500.0,0,0,0,0,0,0,0,0,0,0,0,0,0,0,182,2026-02-04 14:38:27.020197
ATMN,24.96,24.96,25.02,1012700.0,1333200.0,0,0,0,0,0,0,0,0,0,0,0,0,0,0,182,2026-02-04 14:38:27.020197
WNTR,24.76,24.76,24.78,928800.0,1385700.0,0,0,0,0,0,0,0,0,0,0,0,0,0,0,182,2026-02-04 14:38:27.020197
SPNG,25.41,24.42,25.41,1201700.0,964300.0,0,0,0,0,0,0,0,0,0,0,0,0,0,0,183,2026-02-04 14:38:27.557163
SMMR,25.16,24.88,25.16,1947800.0,938900.0,0,0,0,0,0,0,0,0,0,0,0,0,0,0,183,2026-02-04 14:38:27.557163
ATMN,24.96,24.76,24.8,1119200.0,1442700.0,0,0,0,0,0,0,0,0,0,0,0,0,0,0,183,2026-02-04 14:38:27.557163
WNTR,24.69,24.69,24.78,902800.0,1479200.0,0,0,0,0,0,0,0,0,0,0,0,0,0,0,183,2026-02-04 14:38:27.557163
SPNG,25.41,24.43,25.22,10000.0,1201700.0,1238000.0,,0,0,0,0,0,0,0,0,0,0,0,0,184,2026-02-04 14:38:28.605543
SMMR,25.19,25.0,25.15,,2188500.0,922500.0,10000.0,0,0,0,0,0,0,0,0,0,0,0,0,184,2026-02-04 14:38:28.605543
ATMN,25.1,25.01,25.1,10000.0,1218300.0,1200400.0,,0,0,0,0,0,0,0,0,0,0,0,0,184,2026-02-04 14:38:28.605543
WNTR,24.63,24.76,24.78,,1012000.0,1728000.0,,0,0,0,0,0,0,0,0,0,0,0,0,184,2026-02-04 14:38:28.605543
SPNG,24.42,25.1,25.2,1317200.0,1353800.0,0,0,0,0,0,0,0,0,0,0,0,0,0,0,185,2026-02-04 14:38:29.644589
SMMR,25.31,25.28,25.31,2549300.0,922800.0,0,0,0,0,0,0,0,0,0,0,0,0,0,0,185,2026-02-04 14:38:29.644589
ATMN,24.76,24.76,24.95,1215500.0,1303500.0,0,0,0,0,0,0,0,0,0,0,0,0,0,0,185,2026-02-04 14:38:29.644589
WNTR,24.63,24.76,24.78,1012000.0,2074800.0,0,0,0,0,0,0,0,0,0,0,0,0,0,0,185,2026-02-04 14:38:29.644589
SPNG,25.1,24.42,25.09,1201700.0,1561300.0,0,0,0,0,0,0,0,0,0,0,0,0,0,0,186,2026-02-04 14:38:30.675007
SMMR,25.31,25.28,25.31,2558900.0,894200.0,0,0,0,0,0,0,0,0,0,0,0,0,0,0,186,2026-02-04 14:38:30.675007
ATMN,24.76,24.76,24.93,1336900.0,1537300.0,0,0,0,0,0,0,0,0,0,0,0,0,0,0,186,2026-02-04 14:38:30.675007
WNTR,24.61,24.61,24.78,1014900.0,2177800.0,0,0,0,0,0,0,0,0,0,0,0,0,0,0,186,2026-02-04 14:38:30.675007
SPNG,25.2,24.42,25.2,1331900.0,1444400.0,0,0,0,0,0,0,0,0,0,0,0,0,0,0,187,2026-02-04 14:38:31.706640
SMMR,25.31,25.32,25.56,2488900.0,904000.0,0,0,0,0,0,0,0,0,0,0,0,0,0,0,187,2026-02-04 14:38:31.706640
ATMN,24.76,24.57,24.76,1234800.0,1278100.0,0,0,0,0,0,0,0,0,0,0,0,0,0,0,187,2026-02-04 14:38:31.706640
WNTR,24.61,24.69,24.72,1140700.0,2217000.0,0,0,0,0,0,0,0,0,0,0,0,0,0,0,187,2026-02-04 14:38:31.706640
SPNG,24.41,24.41,25.22,1321100.0,1328600.0,0,0,0,0,0,0,0,0,0,0,0,0,0,0,188,2026-02-04 14:38:32.748387
SMMR,26.01,25.32,25.87,2481800.0,1025300.0,0,0,0,0,0,0,0,0,0,0,0,0,0,0,188,2026-02-04 14:38:32.748387
ATMN,24.76,24.77,24.85,1491500.0,1440200.0,0,0,0,0,0,0,0,0,0,0,0,0,0,0,188,2026-02-04 14:38:32.748387
WNTR,24.69,24.69,24.72,1247200.0,2217800.0,0,0,0,0,0,0,0,0,0,0,0,0,0,0,188,2026-02-04 14:38:32.748387
SPNG,24.41,24.89,24.91,1563900.0,1447200.0,0,0,0,0,0,0,0,0,0,0,0,0,0,0,189,2026-02-04 14:38:33.806957
SMMR,25.73,25.73,25.87,2482400.0,1025300.0,0,0,0,0,0,0,0,0,0,0,0,0,0,0,189,2026-02-04 14:38:33.806957
ATMN,24.94,24.87,24.94,1741700.0,1308500.0,0,0,0,0,0,0,0,0,0,0,0,0,0,0,189,2026-02-04 14:38:33.806957
WNTR,24.75,24.69,24.75,1338800.0,2209900.0,0,0,0,0,0,0,0,0,0,0,0,0,0,0,189,2026-02-04 14:38:33.806957
SPNG,24.41,24.89,24.91,1563900.0,1757800.0,0,0,0,0,0,0,0,0,0,0,0,0,0,0,190,2026-02-04 14:38:34.842409
SMMR,25.76,25.73,25.76,2482400.0,1160900.0,0,0,0,0,0,0,0,0,0,0,0,0,0,0,190,2026-02-04 14:38:34.842409
ATMN,24.94,24.87,24.94,2078000.0,1308500.0,0,0,0,0,0,0,0,0,0,0,0,0,0,0,190,2026-02-04 14:38:34.842409
WNTR,24.61,24.65,24.75,1372700.0,2209900.0,0,0,0,0,0,0,0,0,0,0,0,0,0,0,190,2026-02-04 14:38:34.842409
SPNG,24.63,24.77,24.91,1553300.0,1862000.0,0,0,0,0,0,0,0,0,0,0,0,0,0,0,191,2026-02-04 14:38:35.871704
SMMR,25.47,25.32,25.47,2472500.0,1293000.0,0,0,0,0,0,0,0,0,0,0,0,0,0,0,191,2026-02-04 14:38:35.871704
ATMN,25.0,24.87,24.97,2217200.0,1299500.0,0,0,0,0,0,0,0,0,0,0,0,0,0,0,191,2026-02-04 14:38:35.871704
WNTR,24.76,24.74,24.76,1586300.0,2230800.0,0,0,0,0,0,0,0,0,0,0,0,0,0,0,191,2026-02-04 14:38:35.871704
SPNG,24.64,24.41,24.64,1449600.0,1834800.0,10000.0,,0,0,0,0,0,0,0,0,0,0,0,0,192,2026-02-04 14:38:36.897582
SMMR,25.47,25.48,25.76,2276200.0,1160900.0,,10000.0,0,0,0,0,0,0,0,0,0,0,0,0,192,2026-02-04 14:38:36.897582
ATMN,24.87,24.87,24.92,2356700.0,1314400.0,,,0,0,0,0,0,0,0,0,0,0,0,0,192,2026-02-04 14:38:36.897582
WNTR,24.78,24.74,24.78,1688400.0,2164400.0,,,0,0,0,0,0,0,0,0,0,0,0,0,192,2026-02-04 14:38:36.897582
SPNG,25.01,24.41,25.01,1680000.0,1639200.0,0,0,0,0,0,0,0,0,0,0,0,0,0,0,193,2026-02-04 14:38:37.926507
SMMR,25.47,25.61,25.76,2386200.0,1282900.0,0,0,0,0,0,0,0,0,0,0,0,0,0,0,193,2026-02-04 14:38:37.926507
ATMN,24.82,24.82,24.92,2364600.0,1314400.0,0,0,0,0,0,0,0,0,0,0,0,0,0,0,193,2026-02-04 14:38:37.926507
WNTR,24.79,24.74,24.79,1787200.0,2042700.0,0,0,0,0,0,0,0,0,0,0,0,0,0,0,193,2026-02-04 14:38:37.926507
SPNG,25.01,24.41,24.51,1933400.0,1751100.0,0,0,0,0,0,0,0,0,0,0,0,0,0,0,194,2026-02-04 14:38:38.959831
SMMR,25.61,25.62,25.65,2414300.0,1401100.0,0,0,0,0,0,0,0,0,0,0,0,0,0,0,194,2026-02-04 14:38:38.959831
ATMN,25.62,24.82,25.62,2467700.0,1081900.0,0,0,0,0,0,0,0,0,0,0,0,0,0,0,194,2026-02-04 14:38:38.959831
WNTR,24.84,24.74,24.84,1907700.0,2041600.0,0,0,0,0,0,0,0,0,0,0,0,0,0,0,194,2026-02-04 14:38:38.959831
SPNG,25.01,24.41,24.51,2263300.0,1751100.0,0,0,0,0,0,0,0,0,0,0,0,0,0,0,195,2026-02-04 14:38:40.000208
SMMR,25.65,25.62,25.65,2346600.0,1401100.0,0,0,0,0,0,0,0,0,0,0,0,0,0,0,195,2026-02-04 14:38:40.000208
ATMN,24.77,24.77,24.83,2358400.0,1294600.0,0,0,0,0,0,0,0,0,0,0,0,0,0,0,195,2026-02-04 14:38:40.000208
WNTR,24.84,24.74,24.78,1907700.0,2137400.0,0,0,0,0,0,0,0,0,0,0,0,0,0,0,195,2026-02-04 14:38:40.000208
SPNG,24.51,24.41,24.51,2411600.0,1751100.0,0,0,0,0,0,0,0,0,0,0,0,0,0,0,196,2026-02-04 14:38:41.029367
SMMR,25.74,25.74,25.8,2375800.0,1152100.0,0,0,0,0,0,0,0,0,0,0,0,0,0,0,196,2026-02-04 14:38:41.029367
ATMN,24.83,25.35,25.62,2364600.0,1163800.0,0,0,0,0,0,0,0,0,0,0,0,0,0,0,196,2026-02-04 14:38:41.029367
WNTR,24.73,24.65,24.72,1690800.0,2181600.0,0,0,0,0,0,0,0,0,0,0,0,0,0,0,196,2026-02-04 14:38:41.029367
SPNG,24.51,24.63,25.01,2316600.0,1802700.0,,0,0,0,0,0,0,0,0,0,0,0,0,0,197,2026-02-04 14:38:42.064251
SMMR,25.8,25.82,25.95,2103400.0,1147700.0,20000.0,0,0,0,0,0,0,0,0,0,0,0,0,0,197,2026-02-04 14:38:42.064251
ATMN,25.35,24.77,25.03,2379300.0,1424700.0,,0,0,0,0,0,0,0,0,0,0,0,0,0,197,2026-02-04 14:38:42.064251
WNTR,24.65,24.65,24.84,1690800.0,2136600.0,,0,0,0,0,0,0,0,0,0,0,0,0,0,197,2026-02-04 14:38:42.064251
SPNG,25.01,25.01,25.22,2274500.0,1794500.0,,0,0,0,0,0,0,0,0,0,0,0,0,0,198,2026-02-04 14:38:43.105353
SMMR,25.72,25.77,25.87,2238000.0,1494100.0,10000.0,0,0,0,0,0,0,0,0,0,0,0,0,0,198,2026-02-04 14:38:43.105353
ATMN,24.84,24.77,24.84,2407100.0,1417600.0,,0,0,0,0,0,0,0,0,0,0,0,0,0,198,2026-02-04 14:38:43.105353
WNTR,24.65,24.65,24.68,1690800.0,2191900.0,,0,0,0,0,0,0,0,0,0,0,0,0,0,198,2026-02-04 14:38:43.105353
SPNG,25.01,25.01,25.22,2274500.0,1964200.0,0,0,0,0,0,0,0,0,0,0,0,0,0,0,199,2026-02-04 14:38:43.645283
SMMR,25.75,25.79,25.87,2330400.0,1494100.0,0,0,0,0,0,0,0,0,0,0,0,0,0,0,199,2026-02-04 14:38:43.645283
ATMN,24.84,24.77,24.84,2407500.0,1417600.0,0,0,0,0,0,0,0,0,0,0,0,0,0,0,199,2026-02-04 14:38:43.645283
WNTR,24.68,24.65,24.68,1821500.0,2191900.0,0,0,0,0,0,0,0,0,0,0,0,0,0,0,199,2026-02-04 14:38:43.645283
SPNG,25.14,25.14,25.22,2116400.0,10000.0,1964200.0,,0,0,0,0,0,0,0,0,0,0,0,0,200,2026-02-04 14:38:44.683093
SMMR,25.63,25.62,25.63,2356200.0,,1698700.0,10000.0,0,0,0,0,0,0,0,0,0,0,0,0,200,2026-02-04 14:38:44.683093
ATMN,24.84,24.78,24.84,2403100.0,,1417600.0,,0,0,0,0,0,0,0,0,0,0,0,0,200,2026-02-04 14:38:44.683093
WNTR,24.65,24.65,24.68,1953400.0,,2189800.0,,0,0,0,0,0,0,0,0,0,0,0,0,200,2026-02-04 14:38:44.683093
SPNG,24.82,24.66,24.73,2238600.0,1995100.0,0,0,0,0,0,0,0,0,0,0,0,0,0,0,201,2026-02-04 14:38:45.720666
SMMR,25.66,25.84,25.85,2321500.0,1989200.0,0,0,0,0,0,0,0,0,0,0,0,0,0,0,201,2026-02-04 14:38:45.720666
ATMN,25.09,25.09,25.36,2439700.0,1525800.0,0,0,0,0,0,0,0,0,0,0,0,0,0,0,201,2026-02-04 14:38:45.720666
WNTR,24.65,24.65,24.82,1953400.0,2178800.0,0,0,0,0,0,0,0,0,0,0,0,0,0,0,201,2026-02-04 14:38:45.720666
SPNG,24.63,24.63,25.22,2255800.0,1997000.0,0,0,0,0,0,0,0,0,0,0,0,0,0,0,202,2026-02-04 14:38:46.760221
SMMR,25.62,25.62,25.85,2356200.0,2223700.0,0,0,0,0,0,0,0,0,0,0,0,0,0,0,202,2026-02-04 14:38:46.760221
ATMN,24.74,24.87,25.36,2400600.0,1525800.0,0,0,0,0,0,0,0,0,0,0,0,0,0,0,202,2026-02-04 14:38:46.760221
WNTR,24.63,24.63,24.82,1916200.0,2178800.0,0,0,0,0,0,0,0,0,0,0,0,0,0,0,202,2026-02-04 14:38:46.760221
SPNG,24.69,24.63,24.69,2285900.0,2038800.0,0,0,0,0,0,0,0,0,0,0,0,0,0,0,203,2026-02-04 14:38:47.793786
SMMR,25.83,25.68,25.83,2360900.0,2340700.0,0,0,0,0,0,0,0,0,0,0,0,0,0,0,203,2026-02-04 14:38:47.793786
ATMN,24.74,24.74,25.04,2376100.0,1635400.0,0,0,0,0,0,0,0,0,0,0,0,0,0,0,203,2026-02-04 14:38:47.793786
WNTR,24.63,24.72,24.82,2172300.0,2178800.0,0,0,0,0,0,0,0,0,0,0,0,0,0,0,203,2026-02-04 14:38:47.793786
SPNG,24.87,24.63,24.82,2285900.0,1926400.0,10000.0,0,0,0,0,0,0,0,0,0,0,0,0,0,204,2026-02-04 14:38:48.827437
SMMR,25.78,25.68,25.7,2360900.0,2272800.0,10000.0,0,0,0,0,0,0,0,0,0,0,0,0,0,204,2026-02-04 14:38:48.827437
ATMN,25.04,25.27,25.29,2403900.0,1865100.0,,0,0,0,0,0,0,0,0,0,0,0,0,0,204,2026-02-04 14:38:48.827437
WNTR,24.63,24.78,24.82,2286300.0,2178800.0,,0,0,0,0,0,0,0,0,0,0,0,0,0,204,2026-02-04 14:38:48.827437
SPNG,24.41,24.41,25.31,2321700.0,2042700.0,0,0,0,0,0,0,0,0,0,0,0,0,0,0,205,2026-02-04 14:38:49.863360
SMMR,25.7,25.68,25.7,2344700.0,2394300.0,0,0,0,0,0,0,0,0,0,0,0,0,0,0,205,2026-02-04 14:38:49.863360
ATMN,25.04,25.27,25.29,2403900.0,2165200.0,0,0,0,0,0,0,0,0,0,0,0,0,0,0,205,2026-02-04 14:38:49.863360
WNTR,24.63,24.78,24.82,2306300.0,2178800.0,0,0,0,0,0,0,0,0,0,0,0,0,0,0,205,2026-02-04 14:38:49.863360
SPNG,24.41,25.14,25.31,2276300.0,2032400.0,0,0,0,0,0,0,0,0,0,0,0,0,0,0,206,2026-02-04 14:38:50.888906
SMMR,25.68,25.75,25.85,2357400.0,2353600.0,0,0,0,0,0,0,0,0,0,0,0,0,0,0,206,2026-02-04 14:38:50.888906
ATMN,25.27,24.74,24.92,2367800.0,2218000.0,0,0,0,0,0,0,0,0,0,0,0,0,0,0,206,2026-02-04 14:38:50.888906
WNTR,24.84,24.79,24.84,2267800.0,2178300.0,0,0,0,0,0,0,0,0,0,0,0,0,0,0,206,2026-02-04 14:38:50.888906
SPNG,25.14,24.41,25.1,2321700.0,2034700.0,0,0,0,0,0,0,0,0,0,0,0,0,0,0,207,2026-02-04 14:38:51.916580
SMMR,25.75,25.75,25.85,2357400.0,2373500.0,0,0,0,0,0,0,0,0,0,0,0,0,0,0,207,2026-02-04 14:38:51.916580
ATMN,24.73,24.85,25.12,2363900.0,2199700.0,0,0,0,0,0,0,0,0,0,0,0,0,0,0,207,2026-02-04 14:38:51.916580
WNTR,24.78,24.78,24.84,2282200.0,2181800.0,0,0,0,0,0,0,0,0,0,0,0,0,0,0,207,2026-02-04 14:38:51.916580
SPNG,24.92,24.42,24.92,10000.0,2166000.0,1948600.0,10000.0,0,0,0,0,0,0,0,0,0,0,0,0,208,2026-02-04 14:38:52.948820
SMMR,25.85,25.76,25.85,10000.0,2201100.0,2342300.0,,0,0,0,0,0,0,0,0,0,0,0,0,208,2026-02-04 14:38:52.948820
ATMN,25.29,24.86,24.96,10000.0,2226100.0,2173400.0,10000.0,0,0,0,0,0,0,0,0,0,0,0,0,208,2026-02-04 14:38:52.948820
WNTR,24.74,24.74,24.84,,2279000.0,2189300.0,,0,0,0,0,0,0,0,0,0,0,0,0,208,2026-02-04 14:38:52.948820
SPNG,24.41,24.41,24.78,2351300.0,2070400.0,0,0,0,0,0,0,0,0,0,0,0,0,0,0,209,2026-02-04 14:38:53.977952
SMMR,25.85,25.8,25.85,2316200.0,2349400.0,0,0,0,0,0,0,0,0,0,0,0,0,0,0,209,2026-02-04 14:38:53.977952
ATMN,25.06,24.98,25.06,2364300.0,2210400.0,0,0,0,0,0,0,0,0,0,0,0,0,0,0,209,2026-02-04 14:38:53.977952
WNTR,24.72,24.72,24.84,2287600.0,2222400.0,0,0,0,0,0,0,0,0,0,0,0,0,0,0,209,2026-02-04 14:38:53.977952
SPNG,24.78,24.8,24.92,2281400.0,2045000.0,0,0,0,0,0,0,0,0,0,0,0,0,0,0,210,2026-02-04 14:38:55.029682
SMMR,25.85,25.82,25.85,2356900.0,2346400.0,0,0,0,0,0,0,0,0,0,0,0,0,0,0,210,2026-02-04 14:38:55.029682
ATMN,24.85,24.85,25.06,2339400.0,2210400.0,0,0,0,0,0,0,0,0,0,0,0,0,0,0,210,2026-02-04 14:38:55.029682
WNTR,24.72,24.72,24.78,2257400.0,2212600.0,0,0,0,0,0,0,0,0,0,0,0,0,0,0,210,2026-02-04 14:38:55.029682
SPNG,24.41,24.41,24.61,2322800.0,2035700.0,0,0,0,0,0,0,0,0,0,0,0,0,0,0,211,2026-02-04 14:38:56.068748
SMMR,25.86,25.82,25.86,2356900.0,2376300.0,0,0,0,0,0,0,0,0,0,0,0,0,0,0,211,2026-02-04 14:38:56.068748
ATMN,25.06,25.14,25.29,2343200.0,2165200.0,0,0,0,0,0,0,0,0,0,0,0,0,0,0,211,2026-02-04 14:38:56.068748
WNTR,24.84,24.72,24.84,2257400.0,2216300.0,0,0,0,0,0,0,0,0,0,0,0,0,0,0,211,2026-02-04 14:38:56.068748
SPNG,25.0,24.41,24.94,2322800.0,2047500.0,0,0,0,0,0,0,0,0,0,0,0,0,0,0,212,2026-02-04 14:38:57.110321
SMMR,25.82,25.82,25.86,2356900.0,2368100.0,0,0,0,0,0,0,0,0,0,0,0,0,0,0,212,2026-02-04 14:38:57.110321
ATMN,24.85,24.85,25.0,2336300.0,2208000.0,0,0,0,0,0,0,0,0,0,0,0,0,0,0,212,2026-02-04 14:38:57.110321
WNTR,24.72,24.71,24.72,2243400.0,2238800.0,0,0,0,0,0,0,0,0,0,0,0,0,0,0,212,2026-02-04 14:38:57.110321
SPNG,25.1,24.42,25.1,2293700.0,2033700.0,0,0,0,0,0,0,0,0,0,0,0,0,0,0,213,2026-02-04 14:38:58.140354
SMMR,25.8,25.82,25.85,2338700.0,2373200.0,0,0,0,0,0,0,0,0,0,0,0,0,0,0,213,2026-02-04 14:38:58.140354
ATMN,24.8,24.8,25.29,2345300.0,2165200.0,0,0,0,0,0,0,0,0,0,0,0,0,0,0,213,2026-02-04 14:38:58.140354
WNTR,24.71,24.71,24.72,2267400.0,2262400.0,0,0,0,0,0,0,0,0,0,0,0,0,0,0,213,2026-02-04 14:38:58.140354
SPNG,24.61,24.66,25.1,2287900.0,2033700.0,0,0,0,0,0,0,0,0,0,0,0,0,0,0,214,2026-02-04 14:38:59.176182
SMMR,25.8,25.82,25.83,2309300.0,2370400.0,0,0,0,0,0,0,0,0,0,0,0,0,0,0,214,2026-02-04 14:38:59.176182
ATMN,25.36,24.72,25.36,2334900.0,2050600.0,0,0,0,0,0,0,0,0,0,0,0,0,0,0,214,2026-02-04 14:38:59.176182
WNTR,24.7,24.7,24.72,2226100.0,2262400.0,0,0,0,0,0,0,0,0,0,0,0,0,0,0,214,2026-02-04 14:38:59.176182
SPNG,25.07,24.41,25.07,2347500.0,2042900.0,0,0,0,0,0,0,0,0,0,0,0,0,0,0,215,2026-02-04 14:39:00.212037
SMMR,25.82,25.82,25.83,2309300.0,2353000.0,0,0,0,0,0,0,0,0,0,0,0,0,0,0,215,2026-02-04 14:39:00.212037
ATMN,25.36,25.18,25.36,2304000.0,2180900.0,0,0,0,0,0,0,0,0,0,0,0,0,0,0,215,2026-02-04 14:39:00.212037
WNTR,24.67,24.67,24.7,2222100.0,2261000.0,0,0,0,0,0,0,0,0,0,0,0,0,0,0,215,2026-02-04 14:39:00.212037
SPNG,24.4,25.05,25.07,2360500.0,2042900.0,0,0,0,0,0,0,0,0,0,0,0,0,0,0,216,2026-02-04 14:39:00.761139
SMMR,25.85,25.82,25.85,2323000.0,2391800.0,0,0,0,0,0,0,0,0,0,0,0,0,0,0,216,2026-02-04 14:39:00.761139
ATMN,25.36,25.18,25.36,2304000.0,2247200.0,0,0,0,0,0,0,0,0,0,0,0,0,0,0,216,2026-02-04 14:39:00.761139
WNTR,24.67,24.67,24.7,2222100.0,2281300.0,0,0,0,0,0,0,0,0,0,0,0,0,0,0,216,2026-02-04 14:39:00.761139
SPNG,24.38,24.81,25.06,2242200.0,10000.0,10000.0,1946500.0,0,0,0,0,0,0,0,0,0,0,0,0,217,2026-02-04 14:39:01.831516
SMMR,25.85,25.82,25.85,2323000.0,,,2363500.0,0,0,0,0,0,0,0,0,0,0,0,0,217,2026-02-04 14:39:01.831516
ATMN,25.36,24.72,25.36,2334900.0,,,2211000.0,0,0,0,0,0,0,0,0,0,0,0,0,217,2026-02-04 14:39:01.831516
WNTR,24.67,24.67,24.7,2195400.0,,,2277700.0,0,0,0,0,0,0,0,0,0,0,0,0,217,2026-02-04 14:39:01.831516
SPNG,24.38,24.81,24.98,2372400.0,2090200.0,0,0,0,0,0,0,0,0,0,0,0,0,0,0,218,2026-02-04 14:39:02.877323
SMMR,25.86,25.81,25.86,2305400.0,2349500.0,0,0,0,0,0,0,0,0,0,0,0,0,0,0,218,2026-02-04 14:39:02.877323
ATMN,25.36,24.72,24.75,2329900.0,2225000.0,0,0,0,0,0,0,0,0,0,0,0,0,0,0,218,2026-02-04 14:39:02.877323
WNTR,24.64,24.64,24.69,2229500.0,2300900.0,0,0,0,0,0,0,0,0,0,0,0,0,0,0,218,2026-02-04 14:39:02.877323
SPNG,24.38,24.64,24.93,2358700.0,2085700.0,0,0,0,0,0,0,0,0,0,0,0,0,0,0,219,2026-02-04 14:39:03.919909
SMMR,25.87,25.81,25.87,2305400.0,2330800.0,0,0,0,0,0,0,0,0,0,0,0,0,0,0,219,2026-02-04 14:39:03.919909
ATMN,24.75,24.72,24.75,2320100.0,2225000.0,0,0,0,0,0,0,0,0,0,0,0,0,0,0,219,2026-02-04 14:39:03.919909
WNTR,24.64,24.64,24.69,2229500.0,2307100.0,0,0,0,0,0,0,0,0,0,0,0,0,0,0,219,2026-02-04 14:39:03.919909
SPNG,24.64,24.64,24.92,2327500.0,10000.0,1965500.0,,0,0,0,0,0,0,0,0,0,0,0,0,220,2026-02-04 14:39:04.992417
SMMR,25.78,25.82,25.87,2218700.0,,2315400.0,10000.0,0,0,0,0,0,0,0,0,0,0,0,0,220,2026-02-04 14:39:04.992417
ATMN,24.72,24.81,25.36,2318300.0,,2211000.0,,0,0,0,0,0,0,0,0,0,0,0,0,220,2026-02-04 14:39:04.992417
WNTR,24.63,24.62,24.63,2193300.0,,2325100.0,,0,0,0,0,0,0,0,0,0,0,0,0,220,2026-02-04 14:39:04.992417
SPNG,24.98,24.83,24.98,2297200.0,2076400.0,0,0,0,0,0,0,0,0,0,0,0,0,0,0,221,2026-02-04 14:39:06.040724
SMMR,25.75,25.7,25.72,2325800.0,2306700.0,0,0,0,0,0,0,0,0,0,0,0,0,0,0,221,2026-02-04 14:39:06.040724
ATMN,24.72,25.15,25.21,2336100.0,2189600.0,0,0,0,0,0,0,0,0,0,0,0,0,0,0,221,2026-02-04 14:39:06.040724
WNTR,24.62,24.62,24.69,2227400.0,2280200.0,0,0,0,0,0,0,0,0,0,0,0,0,0,0,221,2026-02-04 14:39:06.040724
SPNG,24.39,24.39,24.98,2359100.0,2076400.0,0,0,0,0,0,0,0,0,0,0,0,0,0,0,222,2026-02-04 14:39:07.079413
SMMR,25.75,25.7,25.72,2328600.0,2306700.0,0,0,0,0,0,0,0,0,0,0,0,0,0,0,222,2026-02-04 14:39:07.079413
ATMN,24.81,24.81,25.1,2318300.0,2197100.0,0,0,0,0,0,0,0,0,0,0,0,0,0,0,222,2026-02-04 14:39:07.079413
WNTR,24.61,24.61,24.69,2242300.0,2298800.0,0,0,0,0,0,0,0,0,0,0,0,0,0,0,222,2026-02-04 14:39:07.079413
SPNG,25.07,24.39,25.07,2318900.0,2041700.0,0,0,0,0,0,0,0,0,0,0,0,0,0,0,223,2026-02-04 14:39:08.118382
SMMR,25.7,25.69,25.7,2326200.0,2321000.0,0,0,0,0,0,0,0,0,0,0,0,0,0,0,223,2026-02-04 14:39:08.118382
ATMN,25.28,24.81,25.28,2357100.0,2176000.0,0,0,0,0,0,0,0,0,0,0,0,0,0,0,223,2026-02-04 14:39:08.118382
WNTR,24.58,24.58,24.69,2161500.0,2298800.0,0,0,0,0,0,0,0,0,0,0,0,0,0,0,223,2026-02-04 14:39:08.118382
SPNG,24.38,24.39,24.75,2311600.0,2070100.0,0,0,0,0,0,0,0,0,0,0,0,0,0,0,224,2026-02-04 14:39:09.160074
SMMR,25.89,25.69,25.89,2393100.0,2321900.0,0,0,0,0,0,0,0,0,0,0,0,0,0,0,224,2026-02-04 14:39:09.160074
ATMN,25.01,24.81,25.01,2357100.0,2170900.0,0,0,0,0,0,0,0,0,0,0,0,0,0,0,224,2026-02-04 14:39:09.160074
WNTR,24.69,24.69,24.7,2293400.0,2259500.0,0,0,0,0,0,0,0,0,0,0,0,0,0,0,224,2026-02-04 14:39:09.160074
SPNG,24.38,24.57,24.75,2254400.0,2070100.0,0,0,0,0,0,0,0,0,0,0,0,0,0,0,225,2026-02-04 14:39:10.190147
SMMR,25.89,25.69,25.72,2405100.0,2327300.0,0,0,0,0,0,0,0,0,0,0,0,0,0,0,225,2026-02-04 14:39:10.190147
ATMN,25.28,25.31,25.34,2331200.0,2157500.0,0,0,0,0,0,0,0,0,0,0,0,0,0,0,225,2026-02-04 14:39:10.190147
WNTR,24.69,24.58,24.6,2161500.0,2223700.0,0,0,0,0,0,0,0,0,0,0,0,0,0,0,225,2026-02-04 14:39:10.190147
SPNG,24.68,24.68,24.75,2250700.0,2070100.0,0,0,0,0,0,0,0,0,0,0,0,0,0,0,226,2026-02-04 14:39:11.226940
SMMR,25.72,25.8,25.89,2396300.0,2321900.0,0,0,0,0,0,0,0,0,0,0,0,0,0,0,226,2026-02-04 14:39:11.226940
ATMN,25.31,24.81,25.2,2317500.0,2211500.0,0,0,0,0,0,0,0,0,0,0,0,0,0,0,226,2026-02-04 14:39:11.226940
WNTR,24.58,24.58,24.7,2286200.0,2253600.0,0,0,0,0,0,0,0,0,0,0,0,0,0,0,226,2026-02-04 14:39:11.226940
SPNG,25.1,24.68,25.1,2250700.0,2094200.0,0,0,0,0,0,0,0,0,0,0,0,0,0,0,227,2026-02-04 14:39:12.263967
SMMR,25.74,25.74,25.89,2394600.0,2321900.0,0,0,0,0,0,0,0,0,0,0,0,0,0,0,227,2026-02-04 14:39:12.263967
ATMN,25.31,24.91,25.2,2316100.0,2211500.0,0,0,0,0,0,0,0,0,0,0,0,0,0,0,227,2026-02-04 14:39:12.263967
WNTR,24.58,24.59,24.7,2230900.0,2253600.0,0,0,0,0,0,0,0,0,0,0,0,0,0,0,227,2026-02-04 14:39:12.263967
SPNG,24.38,24.5,25.1,10000.0,2202600.0,1993700.0,10000.0,0,0,0,0,0,0,0,0,0,0,0,0,228,2026-02-04 14:39:12.843008
SMMR,25.89,25.78,25.89,10000.0,2261200.0,2329000.0,,0,0,0,0,0,0,0,0,0,0,0,0,228,2026-02-04 14:39:12.843008
ATMN,25.1,24.91,25.1,,2316100.0,2213100.0,,0,0,0,0,0,0,0,0,0,0,0,0,228,2026-02-04 14:39:12.843008
WNTR,24.57,24.57,24.7,,2269300.0,2261800.0,,0,0,0,0,0,0,0,0,0,0,0,0,228,2026-02-04 14:39:12.843008
SPNG,24.38,24.46,24.58,2304000.0,2118600.0,0,0,0,0,0,0,0,0,0,0,0,0,0,0,229,2026-02-04 14:39:13.929570
SMMR,25.68,25.7,25.89,2378600.0,2337200.0,0,0,0,0,0,0,0,0,0,0,0,0,0,0,229,2026-02-04 14:39:13.929570
ATMN,25.11,24.91,25.04,2316100.0,2203400.0,0,0,0,0,0,0,0,0,0,0,0,0,0,0,229,2026-02-04 14:39:13.929570
WNTR,24.57,24.61,24.7,2270100.0,2261800.0,0,0,0,0,0,0,0,0,0,0,0,0,0,0,229,2026-02-04 14:39:13.929570
SPNG,24.58,24.46,24.58,2312000.0,2118600.0,0,0,0,0,0,0,0,0,0,0,0,0,0,0,230,2026-02-04 14:39:14.964989
SMMR,25.7,25.7,25.89,2357200.0,2329400.0,0,0,0,0,0,0,0,0,0,0,0,0,0,0,230,2026-02-04 14:39:14.964989
ATMN,25.2,24.91,25.2,2316100.0,2234100.0,0,0,0,0,0,0,0,0,0,0,0,0,0,0,230,2026-02-04 14:39:14.964989
WNTR,24.7,24.71,24.72,2265400.0,2285000.0,0,0,0,0,0,0,0,0,0,0,0,0,0,0,230,2026-02-04 14:39:14.964989
SPNG,24.44,24.44,25.1,2288400.0,2079500.0,0,0,0,0,0,0,0,0,0,0,0,0,0,0,231,2026-02-04 14:39:16.014624
SMMR,25.68,25.77,25.89,2364700.0,2350600.0,0,0,0,0,0,0,0,0,0,0,0,0,0,0,231,2026-02-04 14:39:16.014624
ATMN,25.2,24.91,25.2,2332500.0,2227800.0,0,0,0,0,0,0,0,0,0,0,0,0,0,0,231,2026-02-04 14:39:16.014624
WNTR,24.71,24.71,24.72,2259500.0,2285000.0,0,0,0,0,0,0,0,0,0,0,0,0,0,0,231,2026-02-04 14:39:16.014624
SPNG,24.36,24.84,25.1,2164800.0,10000.0,1968900.0,10000.0,0,0,0,0,0,0,0,0,0,0,0,0,232,2026-02-04 14:39:17.076449
SMMR,25.78,25.68,25.76,2396800.0,,2210800.0,10000.0,0,0,0,0,0,0,0,0,0,0,0,0,232,2026-02-04 14:39:17.076449
ATMN,25.2,24.91,25.2,2344300.0,,2227800.0,,0,0,0,0,0,0,0,0,0,0,0,0,232,2026-02-04 14:39:17.076449
WNTR,24.57,24.57,24.62,2246300.0,,2290600.0,,0,0,0,0,0,0,0,0,0,0,0,0,232,2026-02-04 14:39:17.076449
SPNG,25.16,24.89,25.16,2233400.0,2094400.0,0,0,0,0,0,0,0,0,0,0,0,0,0,0,233,2026-02-04 14:39:18.121297
SMMR,25.91,25.68,25.91,2396800.0,2349700.0,0,0,0,0,0,0,0,0,0,0,0,0,0,0,233,2026-02-04 14:39:18.121297
ATMN,25.2,24.91,25.2,2361800.0,2227800.0,0,0,0,0,0,0,0,0,0,0,0,0,0,0,233,2026-02-04 14:39:18.121297
WNTR,24.58,24.57,24.58,2249800.0,2298700.0,0,0,0,0,0,0,0,0,0,0,0,0,0,0,233,2026-02-04 14:39:18.121297
SPNG,24.31,24.31,24.39,2333100.0,2103600.0,0,0,0,0,0,0,0,0,0,0,0,0,0,0,234,2026-02-04 14:39:19.162961
SMMR,25.68,25.68,25.91,2399400.0,2375500.0,0,0,0,0,0,0,0,0,0,0,0,0,0,0,234,2026-02-04 14:39:19.162961
ATMN,25.34,24.91,25.34,2391800.0,2189500.0,0,0,0,0,0,0,0,0,0,0,0,0,0,0,234,2026-02-04 14:39:19.162961
WNTR,24.72,24.68,24.72,2214700.0,2261300.0,0,0,0,0,0,0,0,0,0,0,0,0,0,0,234,2026-02-04 14:39:19.162961
SPNG,24.39,24.31,24.39,2298300.0,2103600.0,0,0,0,0,0,0,0,0,0,0,0,0,0,0,235,2026-02-04 14:39:20.215858
SMMR,25.89,25.68,25.85,2399400.0,2364200.0,0,0,0,0,0,0,0,0,0,0,0,0,0,0,235,2026-02-04 14:39:20.215858
ATMN,25.36,24.91,25.36,2377200.0,2200200.0,0,0,0,0,0,0,0,0,0,0,0,0,0,0,235,2026-02-04 14:39:20.215858
WNTR,24.57,24.57,24.64,2243700.0,2300700.0,0,0,0,0,0,0,0,0,0,0,0,0,0,0,235,2026-02-04 14:39:20.215858
SPNG,24.39,25.22,25.31,2322300.0,2062800.0,,0,0,0,0,0,0,0,0,0,0,0,0,0,236,2026-02-04 14:39:21.242698
SMMR,25.89,25.68,25.69,2264800.0,2347300.0,10000.0,0,0,0,0,0,0,0,0,0,0,0,0,0,236,2026-02-04 14:39:21.242698
ATMN,24.88,24.88,25.36,2397500.0,2200200.0,,0,0,0,0,0,0,0,0,0,0,0,0,0,236,2026-02-04 14:39:21.242698
WNTR,24.64,24.67,24.72,2270300.0,2261300.0,,0,0,0,0,0,0,0,0,0,0,0,0,0,236,2026-02-04 14:39:21.242698
SPNG,24.88,25.05,25.31,2327200.0,2062800.0,0,0,0,0,0,0,0,0,0,0,0,0,0,0,237,2026-02-04 14:39:22.313009
SMMR,25.68,25.68,25.69,2387400.0,2347300.0,0,0,0,0,0,0,0,0,0,0,0,0,0,0,237,2026-02-04 14:39:22.313009
ATMN,25.28,24.88,25.18,2357300.0,2192800.0,0,0,0,0,0,0,0,0,0,0,0,0,0,0,237,2026-02-04 14:39:22.313009
WNTR,24.64,24.67,24.72,2270300.0,2300200.0,0,0,0,0,0,0,0,0,0,0,0,0,0,0,237,2026-02-04 14:39:22.313009
SPNG,25.32,24.43,25.32,2324700.0,2074500.0,0,0,0,0,0,0,0,0,0,0,0,0,0,0,238,2026-02-04 14:39:23.350230
SMMR,25.67,25.67,25.85,2393100.0,2381600.0,0,0,0,0,0,0,0,0,0,0,0,0,0,0,238,2026-02-04 14:39:23.350230
ATMN,25.36,25.25,25.36,2344600.0,2175300.0,0,0,0,0,0,0,0,0,0,0,0,0,0,0,238,2026-02-04 14:39:23.350230
WNTR,24.74,24.58,24.74,2292200.0,2295700.0,0,0,0,0,0,0,0,0,0,0,0,0,0,0,238,2026-02-04 14:39:23.350230
SPNG,25.32,24.43,24.68,2324700.0,2092500.0,0,0,0,0,0,0,0,0,0,0,0,0,0,0,239,2026-02-04 14:39:23.920235
SMMR,25.91,25.67,25.91,2383300.0,2387400.0,0,0,0,0,0,0,0,0,0,0,0,0,0,0,239,2026-02-04 14:39:23.920235
ATMN,25.25,24.88,24.92,2363800.0,2166300.0,0,0,0,0,0,0,0,0,0,0,0,0,0,0,239,2026-02-04 14:39:23.920235
WNTR,24.65,24.58,24.59,2277200.0,2297700.0,0,0,0,0,0,0,0,0,0,0,0,0,0,0,239,2026-02-04 14:39:23.920235
SPNG,25.32,24.35,0.0,200000.0,,0,0,0,0,0,0,0,0,0,0,0,0,0,0,240,2026-02-04 14:39:25.052895
SMMR,25.91,25.27,0.0,200000.0,,0,0,0,0,0,0,0,0,0,0,0,0,0,0,240,2026-02-04 14:39:25.052895
ATMN,25.2,23.71,0.0,200000.0,,0,0,0,0,0,0,0,0,0,0,0,0,0,0,240,2026-02-04 14:39:25.052895
WNTR,23.62,23.62,23.93,975100.0,924800.0,0,0,0,0,0,0,0,0,0,0,0,0,0,0,240,2026-02-04 14:39:25.052895
SPNG,24.35,24.35,24.78,927700.0,988100.0,0,0,0,0,0,0,0,0,0,0,0,0,0,0,241,2026-02-04 14:39:26.085175
SMMR,25.27,24.91,25.23,946000.0,1102600.0,0,0,0,0,0,0,0,0,0,0,0,0,0,0,241,2026-02-04 14:39:26.085175
ATMN,23.71,23.71,24.25,1091000.0,1111900.0,0,0,0,0,0,0,0,0,0,0,0,0,0,0,241,2026-02-04 14:39:26.085175
WNTR,23.83,23.62,23.83,975100.0,1059000.0,0,0,0,0,0,0,0,0,0,0,0,0,0,0,241,2026-02-04 14:39:26.085175
SPNG,24.35,24.35,24.77,927700.0,1324000.0,0,0,0,0,0,0,0,0,0,0,0,0,0,0,242,2026-02-04 14:39:27.118653
SMMR,25.27,25.21,25.23,1470800.0,1102600.0,0,0,0,0,0,0,0,0,0,0,0,0,0,0,242,2026-02-04 14:39:27.118653
ATMN,23.45,23.45,23.66,1160000.0,1251200.0,0,0,0,0,0,0,0,0,0,0,0,0,0,0,242,2026-02-04 14:39:27.118653
WNTR,23.05,23.44,23.83,1287200.0,1059000.0,0,0,0,0,0,0,0,0,0,0,0,0,0,0,242,2026-02-04 14:39:27.118653
SPNG,24.35,24.35,24.56,953000.0,1534300.0,10000.0,,0,0,0,0,0,0,0,0,0,0,0,0,243,2026-02-04 14:39:28.146888
SMMR,25.27,25.21,25.23,1580300.0,1310200.0,10000.0,10000.0,0,0,0,0,0,0,0,0,0,0,0,0,243,2026-02-04 14:39:28.146888
ATMN,23.66,23.59,23.65,1564200.0,1251200.0,10000.0,10000.0,0,0,0,0,0,0,0,0,0,0,0,0,243,2026-02-04 14:39:28.146888
WNTR,23.05,23.59,23.73,1508500.0,1193600.0,,,0,0,0,0,0,0,0,0,0,0,0,0,243,2026-02-04 14:39:28.146888
SPNG,24.13,24.13,24.56,1071800.0,1622600.0,0,0,0,0,0,0,0,0,0,0,0,0,0,0,244,2026-02-04 14:39:29.170587
SMMR,25.23,25.21,25.23,1903400.0,1212600.0,0,0,0,0,0,0,0,0,0,0,0,0,0,0,244,2026-02-04 14:39:29.170587
ATMN,23.66,23.97,24.25,1924100.0,1218200.0,0,0,0,0,0,0,0,0,0,0,0,0,0,0,244,2026-02-04 14:39:29.170587
WNTR,23.73,23.61,23.73,1642200.0,1297500.0,0,0,0,0,0,0,0,0,0,0,0,0,0,0,244,2026-02-04 14:39:29.170587
SPNG,24.13,24.31,24.56,1418600.0,1709300.0,0,0,0,0,0,0,0,0,0,0,0,0,0,0,245,2026-02-04 14:39:30.205685
SMMR,25.23,25.24,25.27,2112800.0,1220800.0,0,0,0,0,0,0,0,0,0,0,0,0,0,0,245,2026-02-04 14:39:30.205685
ATMN,23.97,23.59,23.94,1826800.0,1552900.0,0,0,0,0,0,0,0,0,0,0,0,0,0,0,245,2026-02-04 14:39:30.205685
WNTR,23.72,23.72,23.73,1775900.0,1410400.0,0,0,0,0,0,0,0,0,0,0,0,0,0,0,245,2026-02-04 14:39:30.205685
