ticker,last_price,bid_price,ask_price,BUY_ANON,SELL_ANON,BUY_GIOT-3,BUY_ZUAI-2,SELL_UEBR-1,SELL_GIOT-4,BUY_WRSW-1,BUY_WRSW-2,BUY_GIOT-4,BUY_UEBR-1,SELL_IESE-1,BUY_LUIS-4,SELL_GIOT-3,SELL_WRSW-2,SELL_WRSW-3,SELL_WRSW-1,BUY_LUIS-1,BUY_WRSW-3,SELL_LUIS-1,BUY_IESE-1,SELL_LUIS-4,tick,timestamp,news_news_id,news_period,news_tick,news_ticker,news_headline,news_body
SPNG,24.81,24.76,24.78,2015400.0,2428700.0,0,0,0,0,0,0,0,0,0,0,0,0,0,0,0,0,0,0,0,1,2026-02-04 08:00:02.779385,2.0,1.0,1.0,,Aggregate Position Limit,Your CRO has set the aggregate position limit to 9000 shares for this week.
SMMR,24.95,24.95,25.04,2278100.0,1967100.0,0,0,0,0,0,0,0,0,0,0,0,0,0,0,0,0,0,0,0,1,2026-02-04 08:00:02.779385,1.0,1.0,1.0,,Welcome to the RITC 2026 Alogithmic Market Making Case - practice server,
ATMN,0.0,24.98,25.12,1544800.0,2130900.0,0,0,0,0,0,0,0,0,0,0,0,0,0,0,0,0,0,0,0,1,2026-02-04 08:00:02.779385,,,,,,
WNTR,24.99,25.02,25.06,2410900.0,1957400.0,0,0,0,0,0,0,0,0,0,0,0,0,0,0,0,0,0,0,0,1,2026-02-04 08:00:02.779385,,,,,,
SPNG,24.81,24.76,24.78,2280100.0,2428700.0,0,0,0,0,0,0,0,0,0,0,0,0,0,0,0,0,0,0,0,2,2026-02-04 08:00:03.313387
SMMR,24.95,24.95,25.04,2278100.0,2054000.0,0,0,0,0,0,0,0,0,0,0,0,0,0,0,0,0,0,0,0,2,2026-02-04 08:00:03.313387
ATMN,24.98,24.98,25.12,1665200.0,2130900.0,0,0,0,0,0,0,0,0,0,0,0,0,0,0,0,0,0,0,0,2,2026-02-04 08:00:03.313387
WNTR,25.06,24.98,25.06,2416700.0,1957400.0,0,0,0,0,0,0,0,0,0,0,0,0,0,0,0,0,0,0,0,2,2026-02-04 08:00:03.313387
SPNG,25.49,24.76,25.43,2281000.0,2422100.0,,,0,0,0,0,0,0,0,0,0,0,0,0,0,0,0,0,0,3,2026-02-04 08:00:04.350423
SMMR,24.99,24.99,25.03,2148900.0,2178400.0,5625.0,5625.0,0,0,0,0,0,0,0,0,0,0,0,0,0,0,0,0,0,3,2026-02-04 08:00:04.350423
ATMN,24.93,25.01,25.11,1739800.0,2033200.0,,5625.0,0,0,0,0,0,0,0,0,0,0,0,0,0,0,0,0,0,3,2026-02-04 08:00:04.350423
WNTR,25.03,25.03,25.27,2310800.0,1733000.0,5625.0,,0,0,0,0,0,0,0,0,0,0,0,0,0,0,0,0,0,3,2026-02-04 08:00:04.350423
SPNG,25.49,24.76,24.82,2284600.0,2451700.0,0,0,0,0,0,0,0,0,0,0,0,0,0,0,0,0,0,0,0,4,2026-02-04 08:00:05.391761
SMMR,25.04,25.06,25.07,2284400.0,2059000.0,0,0,0,0,0,0,0,0,0,0,0,0,0,0,0,0,0,0,0,4,2026-02-04 08:00:05.391761
ATMN,24.99,24.96,24.99,1866400.0,2136400.0,0,0,0,0,0,0,0,0,0,0,0,0,0,0,0,0,0,0,0,4,2026-02-04 08:00:05.391761
WNTR,25.03,24.98,25.03,2416700.0,2056500.0,0,0,0,0,0,0,0,0,0,0,0,0,0,0,0,0,0,0,0,4,2026-02-04 08:00:05.391761
SPNG,24.76,24.76,25.14,2284600.0,2454500.0,0,0,0,0,0,0,0,0,0,0,0,0,0,0,0,0,0,0,0,5,2026-02-04 08:00:06.430628
SMMR,25.07,25.06,25.07,2311000.0,2153400.0,0,0,0,0,0,0,0,0,0,0,0,0,0,0,0,0,0,0,0,5,2026-02-04 08:00:06.430628
ATMN,25.12,24.96,25.12,2120600.0,2130900.0,0,0,0,0,0,0,0,0,0,0,0,0,0,0,0,0,0,0,0,5,2026-02-04 08:00:06.430628
WNTR,25.0,24.98,25.0,2416700.0,2176800.0,0,0,0,0,0,0,0,0,0,0,0,0,0,0,0,0,0,0,0,5,2026-02-04 08:00:06.430628
SPNG,25.14,24.77,25.1,168.0,2182900.0,2418000.0,0,0,0,0,0,0,0,0,0,0,0,0,0,0,0,0,0,0,6,2026-02-04 08:00:07.476754
SMMR,25.07,25.06,25.07,,2337800.0,2275400.0,0,0,0,0,0,0,0,0,0,0,0,0,0,0,0,0,0,0,6,2026-02-04 08:00:07.476754
ATMN,25.13,25.13,25.19,168.0,1963300.0,2125900.0,0,0,0,0,0,0,0,0,0,0,0,0,0,0,0,0,0,0,6,2026-02-04 08:00:07.476754
WNTR,25.03,24.98,25.03,,2430700.0,2153000.0,0,0,0,0,0,0,0,0,0,0,0,0,0,0,0,0,0,0,6,2026-02-04 08:00:07.476754
SPNG,25.14,24.86,25.09,2168700.0,2101.0,2101.0,2310600.0,,0,0,0,0,0,0,0,0,0,0,0,0,0,0,0,0,7,2026-02-04 08:00:08.502404
SMMR,25.07,25.06,25.07,2331800.0,,,2275400.0,,0,0,0,0,0,0,0,0,0,0,0,0,0,0,0,0,7,2026-02-04 08:00:08.502404
ATMN,25.25,25.14,25.25,1954200.0,,,2139000.0,10000.0,0,0,0,0,0,0,0,0,0,0,0,0,0,0,0,0,7,2026-02-04 08:00:08.502404
WNTR,24.98,24.98,25.03,2412400.0,,,2195000.0,,0,0,0,0,0,0,0,0,0,0,0,0,0,0,0,0,7,2026-02-04 08:00:08.502404
SPNG,24.86,24.87,24.99,2543.0,2160400.0,2433300.0,,,0,0,0,0,0,0,0,0,0,0,0,0,0,0,0,0,8,2026-02-04 08:00:09.529707
SMMR,25.09,25.06,25.09,,2331800.0,2308900.0,,,0,0,0,0,0,0,0,0,0,0,0,0,0,0,0,0,8,2026-02-04 08:00:09.529707
ATMN,25.3,25.14,25.3,,1928600.0,2124900.0,10000.0,,0,0,0,0,0,0,0,0,0,0,0,0,0,0,0,0,8,2026-02-04 08:00:09.529707
WNTR,24.96,24.96,25.02,,2418700.0,2096800.0,,2101.0,0,0,0,0,0,0,0,0,0,0,0,0,0,0,0,0,8,2026-02-04 08:00:09.529707
SPNG,24.88,24.88,24.98,2184600.0,2543.0,10000.0,2543.0,2186100.0,0,0,0,0,0,0,0,0,0,0,0,0,0,0,0,0,9,2026-02-04 08:00:10.560468
SMMR,25.09,25.06,25.09,2331800.0,,,,2288400.0,0,0,0,0,0,0,0,0,0,0,0,0,0,0,0,0,9,2026-02-04 08:00:10.560468
ATMN,25.13,25.09,25.13,2015600.0,,,,2133400.0,0,0,0,0,0,0,0,0,0,0,0,0,0,0,0,0,9,2026-02-04 08:00:10.560468
WNTR,24.95,24.87,24.93,2426700.0,,,2543.0,2062200.0,0,0,0,0,0,0,0,0,0,0,0,0,0,0,0,0,9,2026-02-04 08:00:10.560468
SPNG,24.7,24.7,24.95,2320700.0,2403700.0,,,0,0,0,0,0,0,0,0,0,0,0,0,0,0,0,0,0,10,2026-02-04 08:00:11.589035
SMMR,25.01,25.01,25.05,2312200.0,2285600.0,,,0,0,0,0,0,0,0,0,0,0,0,0,0,0,0,0,0,10,2026-02-04 08:00:11.589035
ATMN,25.3,25.1,25.24,1907400.0,2112700.0,4915.0,,0,0,0,0,0,0,0,0,0,0,0,0,0,0,0,0,0,10,2026-02-04 08:00:11.589035
WNTR,24.93,24.92,24.93,2290100.0,2255500.0,,10000.0,0,0,0,0,0,0,0,0,0,0,0,0,0,0,0,0,0,10,2026-02-04 08:00:11.589035
SPNG,25.43,24.7,24.9,2297700.0,2196600.0,2543.0,10000.0,,0,0,0,0,0,0,0,0,0,0,0,0,0,0,0,0,11,2026-02-04 08:00:12.613538
SMMR,25.04,25.02,25.04,2206800.0,2155400.0,4915.0,,4915.0,0,0,0,0,0,0,0,0,0,0,0,0,0,0,0,0,11,2026-02-04 08:00:12.613538
ATMN,24.96,25.06,25.24,2028000.0,2112700.0,,,,0,0,0,0,0,0,0,0,0,0,0,0,0,0,0,0,11,2026-02-04 08:00:12.613538
WNTR,24.93,24.92,24.93,2395600.0,2158400.0,2543.0,,,0,0,0,0,0,0,0,0,0,0,0,0,0,0,0,0,11,2026-02-04 08:00:12.613538
SPNG,24.9,24.74,24.9,2313000.0,2321100.0,2543.0,,0,0,0,0,0,0,0,0,0,0,0,0,0,0,0,0,0,12,2026-02-04 08:00:13.654145
SMMR,24.99,24.99,25.04,2311700.0,2277100.0,,,0,0,0,0,0,0,0,0,0,0,0,0,0,0,0,0,0,12,2026-02-04 08:00:13.654145
ATMN,25.34,25.22,25.34,1921700.0,2125200.0,,4915.0,0,0,0,0,0,0,0,0,0,0,0,0,0,0,0,0,0,12,2026-02-04 08:00:13.654145
WNTR,25.01,25.01,25.02,2413800.0,2216900.0,,,0,0,0,0,0,0,0,0,0,0,0,0,0,0,0,0,0,12,2026-02-04 08:00:13.654145
SPNG,24.9,25.22,25.43,2268100.0,10000.0,2415600.0,,0,0,0,0,0,0,0,0,0,0,0,0,0,0,0,0,0,13,2026-02-04 08:00:14.182557
SMMR,25.09,25.0,25.09,2202100.0,,2275900.0,1313.0,0,0,0,0,0,0,0,0,0,0,0,0,0,0,0,0,0,13,2026-02-04 08:00:14.182557
ATMN,25.22,25.22,25.34,2037700.0,,2100600.0,,0,0,0,0,0,0,0,0,0,0,0,0,0,0,0,0,0,13,2026-02-04 08:00:14.182557
WNTR,24.92,24.87,24.89,2405400.0,,2250400.0,,0,0,0,0,0,0,0,0,0,0,0,0,0,0,0,0,0,13,2026-02-04 08:00:14.182557
SPNG,24.74,25.23,25.33,10000.0,2261700.0,2407700.0,,0,0,0,0,0,0,0,0,0,0,0,0,0,0,0,0,0,14,2026-02-04 08:00:15.232939
SMMR,25.09,24.99,25.09,,2311700.0,2214300.0,,0,0,0,0,0,0,0,0,0,0,0,0,0,0,0,0,0,14,2026-02-04 08:00:15.232939
ATMN,25.06,25.22,25.33,,1934600.0,2069600.0,4915.0,0,0,0,0,0,0,0,0,0,0,0,0,0,0,0,0,0,14,2026-02-04 08:00:15.232939
WNTR,25.03,24.95,25.03,,2410300.0,2242500.0,,0,0,0,0,0,0,0,0,0,0,0,0,0,0,0,0,0,14,2026-02-04 08:00:15.232939
SPNG,25.42,24.71,25.42,2350700.0,2399700.0,0,0,0,0,0,0,0,0,0,0,0,0,0,0,0,0,0,0,0,15,2026-02-04 08:00:16.281998
SMMR,25.11,24.99,25.11,2325700.0,2226200.0,0,0,0,0,0,0,0,0,0,0,0,0,0,0,0,0,0,0,0,15,2026-02-04 08:00:16.281998
ATMN,25.34,25.06,25.11,2028000.0,2104600.0,0,0,0,0,0,0,0,0,0,0,0,0,0,0,0,0,0,0,0,15,2026-02-04 08:00:16.281998
WNTR,25.06,24.87,25.06,2411900.0,2220400.0,0,0,0,0,0,0,0,0,0,0,0,0,0,0,0,0,0,0,0,15,2026-02-04 08:00:16.281998
SPNG,25.0,24.72,25.0,2521.0,2253800.0,2290500.0,2521.0,0,0,0,0,0,0,0,0,0,0,0,0,0,0,0,0,0,16,2026-02-04 08:00:17.322821
SMMR,25.1,24.99,25.1,,2325700.0,2058900.0,2521.0,0,0,0,0,0,0,0,0,0,0,0,0,0,0,0,0,0,16,2026-02-04 08:00:17.322821
ATMN,25.11,25.14,25.24,2521.0,1956600.0,1973600.0,2521.0,0,0,0,0,0,0,0,0,0,0,0,0,0,0,0,0,0,16,2026-02-04 08:00:17.322821
WNTR,25.02,24.88,25.02,2521.0,2295500.0,2126200.0,2521.0,0,0,0,0,0,0,0,0,0,0,0,0,0,0,0,0,0,16,2026-02-04 08:00:17.322821
SPNG,25.0,24.71,25.0,2350700.0,2290400.0,8200.0,0,0,0,0,0,0,0,0,0,0,0,0,0,0,0,0,0,0,17,2026-02-04 08:00:18.361417
SMMR,25.11,24.99,25.11,2325700.0,2235000.0,,0,0,0,0,0,0,0,0,0,0,0,0,0,0,0,0,0,0,17,2026-02-04 08:00:18.361417
ATMN,25.34,25.18,25.34,2007800.0,2083800.0,,0,0,0,0,0,0,0,0,0,0,0,0,0,0,0,0,0,0,17,2026-02-04 08:00:18.361417
WNTR,24.87,24.87,24.95,2411900.0,2260000.0,,0,0,0,0,0,0,0,0,0,0,0,0,0,0,0,0,0,0,17,2026-02-04 08:00:18.361417
SPNG,24.71,24.86,25.32,2349500.0,2521.0,2275200.0,,,0,0,0,0,0,0,0,0,0,0,0,0,0,0,0,0,18,2026-02-04 08:00:19.399548
SMMR,25.11,25.0,25.03,2099100.0,,2225000.0,1800.0,2521.0,0,0,0,0,0,0,0,0,0,0,0,0,0,0,0,0,18,2026-02-04 08:00:19.399548
ATMN,24.94,24.94,25.24,2026900.0,2786.0,1984300.0,,,0,0,0,0,0,0,0,0,0,0,0,0,0,0,0,0,18,2026-02-04 08:00:19.399548
WNTR,24.88,24.87,24.88,2412300.0,2786.0,2206100.0,,,0,0,0,0,0,0,0,0,0,0,0,0,0,0,0,0,18,2026-02-04 08:00:19.399548
SPNG,24.7,24.7,25.28,2340700.0,2127300.0,10000.0,2521.0,,,0,0,0,0,0,0,0,0,0,0,0,0,0,0,0,19,2026-02-04 08:00:20.434008
SMMR,25.03,25.0,25.03,2197800.0,2209900.0,,,2521.0,,0,0,0,0,0,0,0,0,0,0,0,0,0,0,0,19,2026-02-04 08:00:20.434008
ATMN,25.24,24.95,25.24,1911800.0,1984300.0,,2786.0,,10000.0,0,0,0,0,0,0,0,0,0,0,0,0,0,0,0,19,2026-02-04 08:00:20.434008
WNTR,25.09,25.11,25.23,2406200.0,2171700.0,,,,,0,0,0,0,0,0,0,0,0,0,0,0,0,0,0,19,2026-02-04 08:00:20.434008
SPNG,24.68,24.68,25.28,2335200.0,2350500.0,,0,0,0,0,0,0,0,0,0,0,0,0,0,0,0,0,0,0,20,2026-02-04 08:00:21.463135
SMMR,24.96,24.96,25.03,2296600.0,2251900.0,,0,0,0,0,0,0,0,0,0,0,0,0,0,0,0,0,0,0,20,2026-02-04 08:00:21.463135
ATMN,25.24,25.06,25.24,2018300.0,1984300.0,2786.0,0,0,0,0,0,0,0,0,0,0,0,0,0,0,0,0,0,0,20,2026-02-04 08:00:21.463135
WNTR,24.87,24.87,25.02,2390600.0,2084400.0,2450.0,0,0,0,0,0,0,0,0,0,0,0,0,0,0,0,0,0,0,20,2026-02-04 08:00:21.463135
SPNG,25.28,24.66,25.28,2309000.0,2203800.0,2521.0,,0,0,0,0,0,0,0,0,0,0,0,0,0,0,0,0,0,21,2026-02-04 08:00:22.495119
SMMR,24.96,24.96,25.01,2315100.0,2284500.0,,,0,0,0,0,0,0,0,0,0,0,0,0,0,0,0,0,0,21,2026-02-04 08:00:22.495119
ATMN,25.24,25.2,25.24,2041200.0,1986800.0,2786.0,,0,0,0,0,0,0,0,0,0,0,0,0,0,0,0,0,0,21,2026-02-04 08:00:22.495119
WNTR,25.02,24.89,25.02,2312600.0,2182600.0,,2005.0,0,0,0,0,0,0,0,0,0,0,0,0,0,0,0,0,0,21,2026-02-04 08:00:22.495119
SPNG,25.42,24.66,24.77,2347000.0,2304100.0,,,0,0,0,0,0,0,0,0,0,0,0,0,0,0,0,0,0,22,2026-02-04 08:00:23.538494
SMMR,24.95,24.95,25.01,2275700.0,2185600.0,2005.0,,0,0,0,0,0,0,0,0,0,0,0,0,0,0,0,0,0,22,2026-02-04 08:00:23.538494
ATMN,25.24,25.2,25.24,2017500.0,1986300.0,2786.0,,0,0,0,0,0,0,0,0,0,0,0,0,0,0,0,0,0,22,2026-02-04 08:00:23.538494
WNTR,25.02,24.95,25.01,2300200.0,2084400.0,2005.0,2005.0,0,0,0,0,0,0,0,0,0,0,0,0,0,0,0,0,0,22,2026-02-04 08:00:23.538494
SPNG,24.77,25.31,25.42,2277500.0,10000.0,2311700.0,,0,0,0,0,0,0,0,0,0,0,0,0,0,0,0,0,0,23,2026-02-04 08:00:24.573517
SMMR,25.11,24.96,25.11,2154000.0,10000.0,2247900.0,,0,0,0,0,0,0,0,0,0,0,0,0,0,0,0,0,0,23,2026-02-04 08:00:24.573517
ATMN,25.07,25.21,25.24,1905000.0,,2079100.0,3036.0,0,0,0,0,0,0,0,0,0,0,0,0,0,0,0,0,0,23,2026-02-04 08:00:24.573517
WNTR,25.06,25.06,25.23,2430900.0,,2171700.0,,0,0,0,0,0,0,0,0,0,0,0,0,0,0,0,0,0,23,2026-02-04 08:00:24.573517
SPNG,25.31,25.31,25.34,2277500.0,3036.0,2301700.0,,,0,0,0,0,0,0,0,0,0,0,0,0,0,0,0,0,24,2026-02-04 08:00:25.611717
SMMR,25.12,24.96,25.01,2154000.0,,2125000.0,10000.0,2005.0,0,0,0,0,0,0,0,0,0,0,0,0,0,0,0,0,24,2026-02-04 08:00:25.611717
ATMN,25.31,25.07,25.23,1994400.0,,1954400.0,,3036.0,0,0,0,0,0,0,0,0,0,0,0,0,0,0,0,0,24,2026-02-04 08:00:25.611717
WNTR,24.97,24.95,24.97,2429900.0,,2078700.0,,3036.0,0,0,0,0,0,0,0,0,0,0,0,0,0,0,0,0,24,2026-02-04 08:00:25.611717
SPNG,25.21,24.67,24.71,10000.0,2265100.0,2210200.0,10000.0,,0,0,0,0,0,0,0,0,0,0,0,0,0,0,0,0,25,2026-02-04 08:00:26.644345
SMMR,24.93,24.93,25.01,,2248400.0,2125000.0,,2005.0,0,0,0,0,0,0,0,0,0,0,0,0,0,0,0,0,25,2026-02-04 08:00:26.644345
ATMN,25.41,25.07,25.41,,2028700.0,2069400.0,,,0,0,0,0,0,0,0,0,0,0,0,0,0,0,0,0,25,2026-02-04 08:00:26.644345
WNTR,25.04,25.04,25.13,,2413500.0,2214300.0,,,0,0,0,0,0,0,0,0,0,0,0,0,0,0,0,0,25,2026-02-04 08:00:26.644345
SPNG,24.56,24.56,25.34,2367200.0,2301700.0,0,0,0,0,0,0,0,0,0,0,0,0,0,0,0,0,0,0,0,26,2026-02-04 08:00:27.679062
SMMR,24.93,24.93,25.11,2248400.0,2254300.0,0,0,0,0,0,0,0,0,0,0,0,0,0,0,0,0,0,0,0,26,2026-02-04 08:00:27.679062
ATMN,25.47,25.3,25.47,2043700.0,2064700.0,0,0,0,0,0,0,0,0,0,0,0,0,0,0,0,0,0,0,0,26,2026-02-04 08:00:27.679062
WNTR,25.13,25.14,25.21,2416200.0,2233400.0,0,0,0,0,0,0,0,0,0,0,0,0,0,0,0,0,0,0,0,26,2026-02-04 08:00:27.679062
SPNG,25.34,24.56,25.34,2344500.0,2301700.0,,0,0,0,0,0,0,0,0,0,0,0,0,0,0,0,0,0,0,27,2026-02-04 08:00:28.724375
SMMR,24.93,25.01,25.11,2258600.0,2254300.0,,0,0,0,0,0,0,0,0,0,0,0,0,0,0,0,0,0,0,27,2026-02-04 08:00:28.724375
ATMN,25.07,25.07,25.35,2028700.0,1946900.0,2702.0,0,0,0,0,0,0,0,0,0,0,0,0,0,0,0,0,0,0,27,2026-02-04 08:00:28.724375
WNTR,25.04,24.95,25.02,2416800.0,2275500.0,,0,0,0,0,0,0,0,0,0,0,0,0,0,0,0,0,0,0,27,2026-02-04 08:00:28.724375
SPNG,24.96,24.56,24.96,2344500.0,2193800.0,10000.0,,0,0,0,0,0,0,0,0,0,0,0,0,0,0,0,0,0,28,2026-02-04 08:00:29.262999
SMMR,25.15,25.02,25.15,2156500.0,2273900.0,,2110.0,0,0,0,0,0,0,0,0,0,0,0,0,0,0,0,0,0,28,2026-02-04 08:00:29.262999
ATMN,25.07,25.16,25.35,2077700.0,2058400.0,,,0,0,0,0,0,0,0,0,0,0,0,0,0,0,0,0,0,28,2026-02-04 08:00:29.262999
WNTR,25.04,24.95,25.02,2425400.0,2275500.0,,,0,0,0,0,0,0,0,0,0,0,0,0,0,0,0,0,0,28,2026-02-04 08:00:29.262999
SPNG,25.17,25.17,25.22,2091800.0,10000.0,2110.0,2208100.0,2110.0,,0,0,0,0,0,0,0,0,0,0,0,0,0,0,0,29,2026-02-04 08:00:30.331938
SMMR,25.15,25.04,25.05,1996400.0,10000.0,2110.0,2208500.0,,10000.0,0,0,0,0,0,0,0,0,0,0,0,0,0,0,0,29,2026-02-04 08:00:30.331938
ATMN,25.07,25.16,25.35,2112200.0,,,1946900.0,2702.0,,0,0,0,0,0,0,0,0,0,0,0,0,0,0,0,29,2026-02-04 08:00:30.331938
WNTR,25.23,25.22,25.23,2446800.0,,,2226100.0,,,0,0,0,0,0,0,0,0,0,0,0,0,0,0,0,29,2026-02-04 08:00:30.331938
SPNG,25.17,25.17,25.22,2330300.0,2352700.0,,0,0,0,0,0,0,0,0,0,0,0,0,0,0,0,0,0,0,30,2026-02-04 08:00:31.370808
SMMR,25.01,25.01,25.03,2254000.0,2317200.0,,0,0,0,0,0,0,0,0,0,0,0,0,0,0,0,0,0,0,30,2026-02-04 08:00:31.370808
ATMN,25.07,25.19,25.35,2121500.0,1946900.0,2702.0,0,0,0,0,0,0,0,0,0,0,0,0,0,0,0,0,0,0,30,2026-02-04 08:00:31.370808
WNTR,25.22,24.95,25.05,2440600.0,2216400.0,,0,0,0,0,0,0,0,0,0,0,0,0,0,0,0,0,0,0,30,2026-02-04 08:00:31.370808
SPNG,25.17,24.9,25.09,2320700.0,2399200.0,0,0,0,0,0,0,0,0,0,0,0,0,0,0,0,0,0,0,0,31,2026-02-04 08:00:32.415162
SMMR,25.03,25.01,25.03,2254000.0,2392800.0,0,0,0,0,0,0,0,0,0,0,0,0,0,0,0,0,0,0,0,31,2026-02-04 08:00:32.415162
ATMN,25.47,25.19,25.4,2112000.0,2074800.0,0,0,0,0,0,0,0,0,0,0,0,0,0,0,0,0,0,0,0,31,2026-02-04 08:00:32.415162
WNTR,25.24,25.02,25.24,2423100.0,2200700.0,0,0,0,0,0,0,0,0,0,0,0,0,0,0,0,0,0,0,0,31,2026-02-04 08:00:32.415162
SPNG,25.09,24.9,25.09,1906.0,2214700.0,2377000.0,,0,0,0,0,0,0,0,0,0,0,0,0,0,0,0,0,0,32,2026-02-04 08:00:33.448195
SMMR,25.01,24.94,24.95,,2266000.0,2381400.0,,0,0,0,0,0,0,0,0,0,0,0,0,0,0,0,0,0,32,2026-02-04 08:00:33.448195
ATMN,25.47,25.35,25.39,2325.0,2013900.0,1939600.0,2325.0,0,0,0,0,0,0,0,0,0,0,0,0,0,0,0,0,0,32,2026-02-04 08:00:33.448195
WNTR,25.26,25.09,25.23,2325.0,2307100.0,2099100.0,2325.0,0,0,0,0,0,0,0,0,0,0,0,0,0,0,0,0,0,32,2026-02-04 08:00:33.448195
SPNG,24.55,24.55,25.21,2325200.0,10000.0,2254400.0,,0,0,0,0,0,0,0,0,0,0,0,0,0,0,0,0,0,33,2026-02-04 08:00:34.484024
SMMR,24.95,24.94,24.95,2266000.0,,2381400.0,,0,0,0,0,0,0,0,0,0,0,0,0,0,0,0,0,0,33,2026-02-04 08:00:34.484024
ATMN,25.47,25.19,25.47,2121500.0,,2055400.0,,0,0,0,0,0,0,0,0,0,0,0,0,0,0,0,0,0,33,2026-02-04 08:00:34.484024
WNTR,25.26,25.1,25.22,2290200.0,10000.0,2116000.0,10000.0,0,0,0,0,0,0,0,0,0,0,0,0,0,0,0,0,0,33,2026-02-04 08:00:34.484024
SPNG,25.24,24.91,25.01,1906.0,2206600.0,2351600.0,,0,0,0,0,0,0,0,0,0,0,0,0,0,0,0,0,0,34,2026-02-04 08:00:35.514567
SMMR,25.03,24.94,25.03,,2246100.0,2363400.0,,0,0,0,0,0,0,0,0,0,0,0,0,0,0,0,0,0,34,2026-02-04 08:00:35.514567
ATMN,25.16,25.2,25.39,4615.0,2026600.0,1889800.0,4615.0,0,0,0,0,0,0,0,0,0,0,0,0,0,0,0,0,0,34,2026-02-04 08:00:35.514567
WNTR,25.24,25.24,25.26,4615.0,2260700.0,2222700.0,,0,0,0,0,0,0,0,0,0,0,0,0,0,0,0,0,0,34,2026-02-04 08:00:35.514567
SPNG,24.55,24.55,25.23,2288800.0,10000.0,2210000.0,,0,0,0,0,0,0,0,0,0,0,0,0,0,0,0,0,0,35,2026-02-04 08:00:36.548355
SMMR,25.07,24.95,25.07,2118400.0,,2370900.0,3562.0,0,0,0,0,0,0,0,0,0,0,0,0,0,0,0,0,0,35,2026-02-04 08:00:36.548355
ATMN,25.14,25.14,25.4,2060900.0,,1992400.0,,0,0,0,0,0,0,0,0,0,0,0,0,0,0,0,0,0,35,2026-02-04 08:00:36.548355
WNTR,25.24,25.09,25.18,2387400.0,,2244900.0,,0,0,0,0,0,0,0,0,0,0,0,0,0,0,0,0,0,35,2026-02-04 08:00:36.548355
SPNG,24.92,24.55,24.62,2325200.0,2258800.0,10000.0,,,0,0,0,0,0,0,0,0,0,0,0,0,0,0,0,0,36,2026-02-04 08:00:37.594646
SMMR,25.07,24.94,25.07,2223000.0,2346900.0,,,,0,0,0,0,0,0,0,0,0,0,0,0,0,0,0,0,36,2026-02-04 08:00:37.594646
ATMN,25.06,25.06,25.25,2037400.0,1876700.0,,4615.0,,0,0,0,0,0,0,0,0,0,0,0,0,0,0,0,0,36,2026-02-04 08:00:37.594646
WNTR,25.18,25.15,25.18,2231500.0,2244900.0,,,4615.0,0,0,0,0,0,0,0,0,0,0,0,0,0,0,0,0,36,2026-02-04 08:00:37.594646
SPNG,24.62,24.74,25.11,2317000.0,2340500.0,,,0,0,0,0,0,0,0,0,0,0,0,0,0,0,0,0,0,37,2026-02-04 08:00:38.640665
SMMR,25.07,24.95,25.06,2136400.0,2228500.0,10000.0,10000.0,0,0,0,0,0,0,0,0,0,0,0,0,0,0,0,0,0,37,2026-02-04 08:00:38.640665
ATMN,25.25,25.39,25.48,2049800.0,2008900.0,,,0,0,0,0,0,0,0,0,0,0,0,0,0,0,0,0,0,37,2026-02-04 08:00:38.640665
WNTR,25.22,25.15,25.22,2365100.0,2224500.0,,,0,0,0,0,0,0,0,0,0,0,0,0,0,0,0,0,0,37,2026-02-04 08:00:38.640665
SPNG,24.74,24.79,25.06,2205400.0,2429.0,2345200.0,,0,0,0,0,0,0,0,0,0,0,0,0,0,0,0,0,0,38,2026-02-04 08:00:39.678432
SMMR,24.92,24.92,25.09,2198500.0,,2217900.0,10000.0,0,0,0,0,0,0,0,0,0,0,0,0,0,0,0,0,0,38,2026-02-04 08:00:39.678432
ATMN,25.19,25.23,25.45,2059500.0,,2013700.0,,0,0,0,0,0,0,0,0,0,0,0,0,0,0,0,0,0,38,2026-02-04 08:00:39.678432
WNTR,25.26,25.22,25.26,2206900.0,4615.0,2251600.0,,0,0,0,0,0,0,0,0,0,0,0,0,0,0,0,0,0,38,2026-02-04 08:00:39.678432
SPNG,25.06,25.05,25.06,2082400.0,10000.0,2429.0,2345200.0,,,0,0,0,0,0,0,0,0,0,0,0,0,0,0,0,39,2026-02-04 08:00:40.717308
SMMR,24.91,24.93,25.08,2093900.0,,2217.0,2256200.0,10000.0,,0,0,0,0,0,0,0,0,0,0,0,0,0,0,0,39,2026-02-04 08:00:40.717308
ATMN,25.19,25.24,25.31,1963900.0,,2217.0,1902300.0,,2217.0,0,0,0,0,0,0,0,0,0,0,0,0,0,0,0,39,2026-02-04 08:00:40.717308
WNTR,25.27,25.15,25.27,2360600.0,,,2234700.0,,,0,0,0,0,0,0,0,0,0,0,0,0,0,0,0,39,2026-02-04 08:00:40.717308
SPNG,25.11,25.05,25.11,2213300.0,10000.0,2324400.0,,,,0,0,0,0,0,0,0,0,0,0,0,0,0,0,0,40,2026-02-04 08:00:41.749189
SMMR,24.91,24.96,25.06,2077300.0,,2131300.0,2262.0,10000.0,2262.0,0,0,0,0,0,0,0,0,0,0,0,0,0,0,0,40,2026-02-04 08:00:41.749189
ATMN,25.06,25.06,25.31,2079400.0,,2025100.0,,,,0,0,0,0,0,0,0,0,0,0,0,0,0,0,0,40,2026-02-04 08:00:41.749189
WNTR,25.27,25.15,25.27,2346400.0,,2254900.0,,,,0,0,0,0,0,0,0,0,0,0,0,0,0,0,0,40,2026-02-04 08:00:41.749189
SPNG,25.05,25.05,25.11,2309900.0,2304000.0,,,,0,0,0,0,0,0,0,0,0,0,0,0,0,0,0,0,41,2026-02-04 08:00:42.780161
SMMR,24.91,25.01,25.02,2084500.0,2111100.0,4619.0,4619.0,10000.0,0,0,0,0,0,0,0,0,0,0,0,0,0,0,0,0,41,2026-02-04 08:00:42.780161
ATMN,24.99,25.2,25.31,2067300.0,2025100.0,,,,0,0,0,0,0,0,0,0,0,0,0,0,0,0,0,0,41,2026-02-04 08:00:42.780161
WNTR,25.15,25.15,25.28,2364000.0,2253300.0,,,,0,0,0,0,0,0,0,0,0,0,0,0,0,0,0,0,41,2026-02-04 08:00:42.780161
SPNG,25.05,24.82,24.88,2278000.0,2169100.0,10000.0,0,0,0,0,0,0,0,0,0,0,0,0,0,0,0,0,0,0,42,2026-02-04 08:00:43.819375
SMMR,24.99,24.99,25.03,2217300.0,2240400.0,10000.0,0,0,0,0,0,0,0,0,0,0,0,0,0,0,0,0,0,0,42,2026-02-04 08:00:43.819375
ATMN,24.99,24.99,25.45,2084500.0,2015500.0,,0,0,0,0,0,0,0,0,0,0,0,0,0,0,0,0,0,0,42,2026-02-04 08:00:43.819375
WNTR,25.31,25.22,25.31,2344300.0,2223600.0,,0,0,0,0,0,0,0,0,0,0,0,0,0,0,0,0,0,0,42,2026-02-04 08:00:43.819375
SPNG,24.88,25.03,25.11,2148500.0,10000.0,2316100.0,0,0,0,0,0,0,0,0,0,0,0,0,0,0,0,0,0,0,43,2026-02-04 08:00:44.380415
SMMR,25.09,24.99,25.09,2217300.0,,2360300.0,0,0,0,0,0,0,0,0,0,0,0,0,0,0,0,0,0,0,43,2026-02-04 08:00:44.380415
ATMN,25.48,25.42,25.48,2068100.0,,1982100.0,0,0,0,0,0,0,0,0,0,0,0,0,0,0,0,0,0,0,43,2026-02-04 08:00:44.380415
WNTR,25.22,25.22,25.31,2352500.0,,2223600.0,0,0,0,0,0,0,0,0,0,0,0,0,0,0,0,0,0,0,43,2026-02-04 08:00:44.380415
SPNG,25.11,24.83,25.11,10000.0,2151900.0,2283300.0,,0,0,0,0,0,0,0,0,0,0,0,0,0,0,0,0,0,44,2026-02-04 08:00:45.440048
SMMR,24.91,24.89,24.91,,2234200.0,2254700.0,10000.0,0,0,0,0,0,0,0,0,0,0,0,0,0,0,0,0,0,44,2026-02-04 08:00:45.440048
ATMN,25.24,24.99,25.15,,2084500.0,2014500.0,,0,0,0,0,0,0,0,0,0,0,0,0,0,0,0,0,0,44,2026-02-04 08:00:45.440048
WNTR,25.32,25.22,25.32,,2392300.0,2203400.0,,0,0,0,0,0,0,0,0,0,0,0,0,0,0,0,0,0,44,2026-02-04 08:00:45.440048
SPNG,24.58,24.83,24.84,2190.0,2170900.0,2065700.0,10000.0,2190.0,0,0,0,0,0,0,0,0,0,0,0,0,0,0,0,0,45,2026-02-04 08:00:46.487660
SMMR,24.97,24.89,24.97,,2234200.0,2349300.0,,,0,0,0,0,0,0,0,0,0,0,0,0,0,0,0,0,45,2026-02-04 08:00:46.487660
ATMN,25.25,24.99,25.24,,2084500.0,1986600.0,,,0,0,0,0,0,0,0,0,0,0,0,0,0,0,0,0,45,2026-02-04 08:00:46.487660
WNTR,25.32,25.25,25.32,4615.0,2252400.0,2246900.0,,,0,0,0,0,0,0,0,0,0,0,0,0,0,0,0,0,45,2026-02-04 08:00:46.487660
SPNG,24.85,24.83,24.85,2309600.0,10000.0,2161700.0,,,0,0,0,0,0,0,0,0,0,0,0,0,0,0,0,0,46,2026-02-04 08:00:47.531624
SMMR,24.97,25.0,25.09,2174000.0,,2367000.0,4702.0,,0,0,0,0,0,0,0,0,0,0,0,0,0,0,0,0,46,2026-02-04 08:00:47.531624
ATMN,25.54,25.2,25.23,1960100.0,,1888100.0,4702.0,4702.0,0,0,0,0,0,0,0,0,0,0,0,0,0,0,0,0,46,2026-02-04 08:00:47.531624
WNTR,25.15,25.15,25.16,2357000.0,,2267100.0,,,0,0,0,0,0,0,0,0,0,0,0,0,0,0,0,0,46,2026-02-04 08:00:47.531624
SPNG,24.77,24.77,25.31,2315900.0,2286500.0,,,0,0,0,0,0,0,0,0,0,0,0,0,0,0,0,0,0,47,2026-02-04 08:00:48.572515
SMMR,25.0,25.01,25.08,2174000.0,2237700.0,10000.0,10000.0,0,0,0,0,0,0,0,0,0,0,0,0,0,0,0,0,0,47,2026-02-04 08:00:48.572515
ATMN,25.23,25.51,25.54,2102900.0,2001900.0,,,0,0,0,0,0,0,0,0,0,0,0,0,0,0,0,0,0,47,2026-02-04 08:00:48.572515
WNTR,25.16,25.15,25.16,2357000.0,2268500.0,,,0,0,0,0,0,0,0,0,0,0,0,0,0,0,0,0,0,47,2026-02-04 08:00:48.572515
SPNG,24.8,24.78,24.8,10000.0,2171400.0,2070000.0,10000.0,1703.0,0,0,0,0,0,0,0,0,0,0,0,0,0,0,0,0,48,2026-02-04 08:00:49.608063
SMMR,24.91,24.91,25.09,,2273800.0,2367000.0,,,0,0,0,0,0,0,0,0,0,0,0,0,0,0,0,0,48,2026-02-04 08:00:49.608063
ATMN,25.23,25.51,25.54,,2129400.0,1990200.0,,,0,0,0,0,0,0,0,0,0,0,0,0,0,0,0,0,48,2026-02-04 08:00:49.608063
WNTR,25.24,25.15,25.19,,2377400.0,2286700.0,,,0,0,0,0,0,0,0,0,0,0,0,0,0,0,0,0,48,2026-02-04 08:00:49.608063
SPNG,24.8,24.77,24.8,2298800.0,2164000.0,1703.0,,,,0,0,0,0,0,0,0,0,0,0,0,0,0,0,0,49,2026-02-04 08:00:50.644824
SMMR,25.08,25.08,25.09,2181300.0,2359800.0,,3973.0,,,0,0,0,0,0,0,0,0,0,0,0,0,0,0,0,49,2026-02-04 08:00:50.644824
ATMN,25.51,25.44,25.47,1987300.0,1914300.0,,,10000.0,10000.0,0,0,0,0,0,0,0,0,0,0,0,0,0,0,0,49,2026-02-04 08:00:50.644824
WNTR,25.32,25.25,25.31,2224400.0,2179700.0,3973.0,3973.0,,,0,0,0,0,0,0,0,0,0,0,0,0,0,0,0,49,2026-02-04 08:00:50.644824
SPNG,24.63,24.63,25.31,2295100.0,2286500.0,0,0,0,0,0,0,0,0,0,0,0,0,0,0,0,0,0,0,0,50,2026-02-04 08:00:51.673869
SMMR,25.09,24.91,25.09,2273800.0,2368600.0,0,0,0,0,0,0,0,0,0,0,0,0,0,0,0,0,0,0,0,50,2026-02-04 08:00:51.673869
ATMN,25.47,25.22,25.47,2111200.0,2003200.0,0,0,0,0,0,0,0,0,0,0,0,0,0,0,0,0,0,0,0,50,2026-02-04 08:00:51.673869
WNTR,25.25,25.22,25.25,2360500.0,2338200.0,0,0,0,0,0,0,0,0,0,0,0,0,0,0,0,0,0,0,0,50,2026-02-04 08:00:51.673869
SPNG,24.66,24.74,25.31,2296700.0,2263500.0,,,0,0,0,0,0,0,0,0,0,0,0,0,0,0,0,0,0,51,2026-02-04 08:00:52.707780
SMMR,25.09,25.08,25.09,2188200.0,2362500.0,3973.0,,0,0,0,0,0,0,0,0,0,0,0,0,0,0,0,0,0,51,2026-02-04 08:00:52.707780
ATMN,25.54,25.23,25.31,2023300.0,1883100.0,2060.0,2060.0,0,0,0,0,0,0,0,0,0,0,0,0,0,0,0,0,0,51,2026-02-04 08:00:52.707780
WNTR,25.33,25.22,25.25,2340000.0,2208100.0,,3973.0,0,0,0,0,0,0,0,0,0,0,0,0,0,0,0,0,0,51,2026-02-04 08:00:52.707780
SPNG,25.24,24.75,25.24,4483.0,2185900.0,2059000.0,4483.0,10000.0,0,0,0,0,0,0,0,0,0,0,0,0,0,0,0,0,52,2026-02-04 08:00:53.738505
SMMR,24.91,24.91,25.09,,2273800.0,2362500.0,,,0,0,0,0,0,0,0,0,0,0,0,0,0,0,0,0,52,2026-02-04 08:00:53.738505
ATMN,25.57,25.52,25.57,,2144300.0,1986900.0,,,0,0,0,0,0,0,0,0,0,0,0,0,0,0,0,0,52,2026-02-04 08:00:53.738505
WNTR,25.3,25.22,25.3,,2349800.0,2316800.0,,,0,0,0,0,0,0,0,0,0,0,0,0,0,0,0,0,52,2026-02-04 08:00:53.738505
SPNG,24.77,24.75,24.76,2511.0,2185100.0,10000.0,2060900.0,2511.0,0,0,0,0,0,0,0,0,0,0,0,0,0,0,0,0,53,2026-02-04 08:00:54.774595
SMMR,24.99,24.91,24.99,,2273800.0,,2351400.0,,0,0,0,0,0,0,0,0,0,0,0,0,0,0,0,0,53,2026-02-04 08:00:54.774595
ATMN,25.52,25.52,25.58,,2158000.0,,2011600.0,,0,0,0,0,0,0,0,0,0,0,0,0,0,0,0,0,53,2026-02-04 08:00:54.774595
WNTR,25.22,25.22,25.29,,2349800.0,,2217700.0,2511.0,0,0,0,0,0,0,0,0,0,0,0,0,0,0,0,0,53,2026-02-04 08:00:54.774595
SPNG,24.89,24.89,25.24,2300400.0,2260700.0,0,0,0,0,0,0,0,0,0,0,0,0,0,0,0,0,0,0,0,54,2026-02-04 08:00:55.804756
SMMR,24.93,24.93,25.09,2305000.0,2375800.0,0,0,0,0,0,0,0,0,0,0,0,0,0,0,0,0,0,0,0,54,2026-02-04 08:00:55.804756
ATMN,25.59,25.52,25.59,2165500.0,2026200.0,0,0,0,0,0,0,0,0,0,0,0,0,0,0,0,0,0,0,0,54,2026-02-04 08:00:55.804756
WNTR,25.22,25.18,25.19,2361500.0,2363800.0,0,0,0,0,0,0,0,0,0,0,0,0,0,0,0,0,0,0,0,54,2026-02-04 08:00:55.804756
SPNG,24.58,24.58,25.24,2303900.0,2287200.0,,0,0,0,0,0,0,0,0,0,0,0,0,0,0,0,0,0,0,55,2026-02-04 08:00:56.841202
SMMR,24.89,24.89,25.09,2245700.0,2246500.0,2511.0,0,0,0,0,0,0,0,0,0,0,0,0,0,0,0,0,0,0,55,2026-02-04 08:00:56.841202
ATMN,25.61,25.52,25.61,2165500.0,2028900.0,,0,0,0,0,0,0,0,0,0,0,0,0,0,0,0,0,0,0,55,2026-02-04 08:00:56.841202
WNTR,25.14,25.14,25.19,2330700.0,2363800.0,,0,0,0,0,0,0,0,0,0,0,0,0,0,0,0,0,0,0,55,2026-02-04 08:00:56.841202
SPNG,24.76,24.67,24.76,1957.0,2165400.0,2223100.0,1957.0,0,0,0,0,0,0,0,0,0,0,0,0,0,0,0,0,0,56,2026-02-04 08:00:57.884780
SMMR,24.89,25.0,25.03,,2256500.0,2249900.0,2511.0,0,0,0,0,0,0,0,0,0,0,0,0,0,0,0,0,0,56,2026-02-04 08:00:57.884780
ATMN,25.61,25.22,25.61,,2139800.0,2028900.0,,0,0,0,0,0,0,0,0,0,0,0,0,0,0,0,0,0,56,2026-02-04 08:00:57.884780
WNTR,25.33,25.14,25.33,,2330700.0,2296400.0,,0,0,0,0,0,0,0,0,0,0,0,0,0,0,0,0,0,56,2026-02-04 08:00:57.884780
SPNG,24.76,24.88,25.24,2271000.0,2287200.0,0,0,0,0,0,0,0,0,0,0,0,0,0,0,0,0,0,0,0,57,2026-02-04 08:00:58.925006
SMMR,25.0,25.0,25.03,2256300.0,2371400.0,0,0,0,0,0,0,0,0,0,0,0,0,0,0,0,0,0,0,0,57,2026-02-04 08:00:58.925006
ATMN,25.63,25.22,25.63,2133100.0,2032600.0,0,0,0,0,0,0,0,0,0,0,0,0,0,0,0,0,0,0,0,57,2026-02-04 08:00:58.925006
WNTR,25.34,25.14,25.34,2330700.0,2256300.0,0,0,0,0,0,0,0,0,0,0,0,0,0,0,0,0,0,0,0,57,2026-02-04 08:00:58.925006
SPNG,24.88,24.88,25.24,2271000.0,2301100.0,0,0,0,0,0,0,0,0,0,0,0,0,0,0,0,0,0,0,0,58,2026-02-04 08:00:59.465506
SMMR,25.03,24.89,25.03,2243400.0,2371400.0,0,0,0,0,0,0,0,0,0,0,0,0,0,0,0,0,0,0,0,58,2026-02-04 08:00:59.465506
ATMN,25.68,25.22,25.66,2133100.0,2040400.0,0,0,0,0,0,0,0,0,0,0,0,0,0,0,0,0,0,0,0,58,2026-02-04 08:00:59.465506
WNTR,25.34,25.15,25.22,2366900.0,2295500.0,0,0,0,0,0,0,0,0,0,0,0,0,0,0,0,0,0,0,0,58,2026-02-04 08:00:59.465506
SPNG,25.24,25.29,25.36,2280600.0,2265600.0,0,0,0,0,0,0,0,0,0,0,0,0,0,0,0,0,0,0,0,59,2026-02-04 08:01:00.524704
SMMR,25.03,24.91,24.92,2271100.0,2399100.0,0,0,0,0,0,0,0,0,0,0,0,0,0,0,0,0,0,0,0,59,2026-02-04 08:01:00.524704
ATMN,25.71,25.33,25.34,2131000.0,2048400.0,0,0,0,0,0,0,0,0,0,0,0,0,0,0,0,0,0,0,0,59,2026-02-04 08:01:00.524704
WNTR,25.22,25.15,25.22,2366900.0,2300500.0,0,0,0,0,0,0,0,0,0,0,0,0,0,0,0,0,0,0,0,59,2026-02-04 08:01:00.524704
SPNG,25.29,25.38,0.0,200000.0,,0,0,0,0,0,0,0,0,0,0,0,0,0,0,0,0,0,0,0,60,2026-02-04 08:01:01.614199
SMMR,24.92,24.22,0.0,200000.0,,0,0,0,0,0,0,0,0,0,0,0,0,0,0,0,0,0,0,0,60,2026-02-04 08:01:01.614199
ATMN,25.34,25.09,25.52,963000.0,697100.0,0,0,0,0,0,0,0,0,0,0,0,0,0,0,0,0,0,0,0,60,2026-02-04 08:01:01.614199
WNTR,25.14,26.44,0.0,200000.0,,0,0,0,0,0,0,0,0,0,0,0,0,0,0,0,0,0,0,0,60,2026-02-04 08:01:01.614199
SPNG,25.29,25.74,25.86,947400.0,1145100.0,0,0,0,0,0,0,0,0,0,0,0,0,0,0,0,0,0,0,0,61,2026-02-04 08:01:02.652805
SMMR,24.92,24.22,24.26,963900.0,1302300.0,0,0,0,0,0,0,0,0,0,0,0,0,0,0,0,0,0,0,0,61,2026-02-04 08:01:02.652805
ATMN,25.09,25.09,25.37,963000.0,914600.0,0,0,0,0,0,0,0,0,0,0,0,0,0,0,0,0,0,0,0,61,2026-02-04 08:01:02.652805
WNTR,26.44,26.15,26.27,1201300.0,849900.0,0,0,0,0,0,0,0,0,0,0,0,0,0,0,0,0,0,0,0,61,2026-02-04 08:01:02.652805
SPNG,25.38,25.38,25.54,1037500.0,1393600.0,0,0,0,0,0,0,0,0,0,0,0,0,0,0,0,0,0,0,0,62,2026-02-04 08:01:03.760375
SMMR,24.92,24.22,24.26,1086300.0,1425900.0,0,0,0,0,0,0,0,0,0,0,0,0,0,0,0,0,0,0,0,62,2026-02-04 08:01:03.760375
ATMN,25.07,25.07,25.37,1019700.0,1034100.0,0,0,0,0,0,0,0,0,0,0,0,0,0,0,0,0,0,0,0,62,2026-02-04 08:01:03.760375
WNTR,26.15,26.15,26.55,1201300.0,936100.0,0,0,0,0,0,0,0,0,0,0,0,0,0,0,0,0,0,0,0,62,2026-02-04 08:01:03.760375
SPNG,25.38,24.95,25.26,963900.0,1495100.0,0,0,0,0,0,0,0,0,0,0,0,0,0,0,0,0,0,0,0,63,2026-02-04 08:01:04.846418
SMMR,24.29,24.29,24.33,1210200.0,1306000.0,0,0,0,0,0,0,0,0,0,0,0,0,0,0,0,0,0,0,0,63,2026-02-04 08:01:04.846418
ATMN,24.7,24.75,25.37,1101600.0,1116900.0,0,0,0,0,0,0,0,0,0,0,0,0,0,0,0,0,0,0,0,63,2026-02-04 08:01:04.846418
WNTR,26.6,26.52,26.6,1421500.0,844100.0,0,0,0,0,0,0,0,0,0,0,0,0,0,0,0,0,0,0,0,63,2026-02-04 08:01:04.846418
SPNG,24.95,24.95,25.69,963900.0,1264900.0,,0,0,0,0,0,0,0,0,0,0,0,0,0,0,0,0,0,0,64,2026-02-04 08:01:05.915957
SMMR,24.29,24.22,24.24,1086300.0,1636600.0,,0,0,0,0,0,0,0,0,0,0,0,0,0,0,0,0,0,0,64,2026-02-04 08:01:05.915957
ATMN,24.96,24.97,25.03,1214000.0,1221900.0,,0,0,0,0,0,0,0,0,0,0,0,0,0,0,0,0,0,0,64,2026-02-04 08:01:05.915957
WNTR,26.52,26.52,26.59,1421500.0,1046600.0,10000.0,0,0,0,0,0,0,0,0,0,0,0,0,0,0,0,0,0,0,64,2026-02-04 08:01:05.915957
SPNG,25.95,25.95,26.05,1160400.0,10000.0,1163700.0,,0,0,0,0,0,0,0,0,0,0,0,0,0,0,0,0,0,65,2026-02-04 08:01:06.949938
SMMR,24.22,24.22,24.33,986300.0,,1513600.0,,0,0,0,0,0,0,0,0,0,0,0,0,0,0,0,0,0,65,2026-02-04 08:01:06.949938
ATMN,24.9,24.75,24.9,1189800.0,,1445600.0,7500.0,0,0,0,0,0,0,0,0,0,0,0,0,0,0,0,0,0,65,2026-02-04 08:01:06.949938
WNTR,26.5,26.19,26.33,1306800.0,,1491900.0,7500.0,0,0,0,0,0,0,0,0,0,0,0,0,0,0,0,0,0,65,2026-02-04 08:01:06.949938
SPNG,25.62,25.28,25.44,1163900.0,1591800.0,,0,0,0,0,0,0,0,0,0,0,0,0,0,0,0,0,0,0,66,2026-02-04 08:01:07.989095
SMMR,24.22,24.22,24.23,1097200.0,1739300.0,,0,0,0,0,0,0,0,0,0,0,0,0,0,0,0,0,0,0,66,2026-02-04 08:01:07.989095
ATMN,25.18,25.18,25.26,1416100.0,1323700.0,,0,0,0,0,0,0,0,0,0,0,0,0,0,0,0,0,0,0,66,2026-02-04 08:01:07.989095
WNTR,26.5,26.28,26.31,1617700.0,1491900.0,7500.0,0,0,0,0,0,0,0,0,0,0,0,0,0,0,0,0,0,0,66,2026-02-04 08:01:07.989095
SPNG,25.62,25.28,25.44,1277400.0,1591800.0,,0,0,0,0,0,0,0,0,0,0,0,0,0,0,0,0,0,0,67,2026-02-04 08:01:08.526607
SMMR,24.23,24.22,24.23,1097200.0,1851200.0,,0,0,0,0,0,0,0,0,0,0,0,0,0,0,0,0,0,0,67,2026-02-04 08:01:08.526607
ATMN,24.83,24.83,25.26,1292700.0,1414800.0,,0,0,0,0,0,0,0,0,0,0,0,0,0,0,0,0,0,0,67,2026-02-04 08:01:08.526607
WNTR,26.31,26.28,26.31,1735200.0,1491900.0,7500.0,0,0,0,0,0,0,0,0,0,0,0,0,0,0,0,0,0,0,67,2026-02-04 08:01:08.526607
SPNG,25.56,25.56,25.62,1396600.0,10000.0,1675100.0,,0,0,0,0,0,0,0,0,0,0,0,0,0,0,0,0,0,68,2026-02-04 08:01:09.564602
SMMR,24.22,24.15,24.16,1140100.0,,1871600.0,10000.0,0,0,0,0,0,0,0,0,0,0,0,0,0,0,0,0,0,68,2026-02-04 08:01:09.564602
ATMN,25.37,24.83,25.37,1292700.0,,1202400.0,,0,0,0,0,0,0,0,0,0,0,0,0,0,0,0,0,0,68,2026-02-04 08:01:09.564602
WNTR,26.33,26.32,26.33,1959800.0,,1368600.0,,0,0,0,0,0,0,0,0,0,0,0,0,0,0,0,0,0,68,2026-02-04 08:01:09.564602
SPNG,25.28,25.17,25.27,1156100.0,1879300.0,0,0,0,0,0,0,0,0,0,0,0,0,0,0,0,0,0,0,0,69,2026-02-04 08:01:10.614928
SMMR,24.31,24.15,24.21,1274800.0,1851800.0,0,0,0,0,0,0,0,0,0,0,0,0,0,0,0,0,0,0,0,69,2026-02-04 08:01:10.614928
ATMN,25.52,24.83,25.52,1292700.0,1305100.0,0,0,0,0,0,0,0,0,0,0,0,0,0,0,0,0,0,0,0,69,2026-02-04 08:01:10.614928
WNTR,26.32,26.32,26.5,1959800.0,1404500.0,0,0,0,0,0,0,0,0,0,0,0,0,0,0,0,0,0,0,0,69,2026-02-04 08:01:10.614928
SPNG,25.35,25.35,25.62,1405700.0,10000.0,2006200.0,0,0,0,0,0,0,0,0,0,0,0,0,0,0,0,0,0,0,70,2026-02-04 08:01:11.654481
SMMR,24.2,24.2,24.21,1781300.0,,1851800.0,0,0,0,0,0,0,0,0,0,0,0,0,0,0,0,0,0,0,70,2026-02-04 08:01:11.654481
ATMN,25.52,24.83,25.32,1292700.0,,1588500.0,0,0,0,0,0,0,0,0,0,0,0,0,0,0,0,0,0,0,70,2026-02-04 08:01:11.654481
WNTR,26.32,26.32,26.5,2083300.0,,1533700.0,0,0,0,0,0,0,0,0,0,0,0,0,0,0,0,0,0,0,70,2026-02-04 08:01:11.654481
SPNG,25.3,25.42,25.62,1435800.0,3750.0,2086900.0,,0,0,0,0,0,0,0,0,0,0,0,0,0,0,0,0,0,71,2026-02-04 08:01:12.714018
SMMR,24.33,24.2,24.21,1781300.0,3750.0,1815200.0,,0,0,0,0,0,0,0,0,0,0,0,0,0,0,0,0,0,71,2026-02-04 08:01:12.714018
ATMN,25.52,25.03,25.12,1392000.0,3750.0,1827600.0,3750.0,0,0,0,0,0,0,0,0,0,0,0,0,0,0,0,0,0,71,2026-02-04 08:01:12.714018
WNTR,26.45,26.33,26.44,2083300.0,3750.0,1860900.0,3750.0,0,0,0,0,0,0,0,0,0,0,0,0,0,0,0,0,0,71,2026-02-04 08:01:12.714018
SPNG,25.42,25.17,25.24,1306600.0,2155700.0,,,0,0,0,0,0,0,0,0,0,0,0,0,0,0,0,0,0,72,2026-02-04 08:01:13.748083
SMMR,24.33,24.21,24.24,1910500.0,1596100.0,10000.0,10000.0,0,0,0,0,0,0,0,0,0,0,0,0,0,0,0,0,0,72,2026-02-04 08:01:13.748083
ATMN,25.25,25.03,25.25,1392000.0,1916400.0,,,0,0,0,0,0,0,0,0,0,0,0,0,0,0,0,0,0,72,2026-02-04 08:01:13.748083
WNTR,26.28,26.28,26.43,2069400.0,1989800.0,,,0,0,0,0,0,0,0,0,0,0,0,0,0,0,0,0,0,72,2026-02-04 08:01:13.748083
SPNG,25.24,25.29,25.72,1711300.0,2143700.0,,,0,0,0,0,0,0,0,0,0,0,0,0,0,0,0,0,0,73,2026-02-04 08:01:14.792127
SMMR,24.33,24.2,24.33,2238200.0,1596100.0,3750.0,,0,0,0,0,0,0,0,0,0,0,0,0,0,0,0,0,0,73,2026-02-04 08:01:14.792127
ATMN,25.03,25.04,25.32,1392000.0,1909500.0,1875.0,,0,0,0,0,0,0,0,0,0,0,0,0,0,0,0,0,0,73,2026-02-04 08:01:14.792127
WNTR,26.43,26.33,26.43,2069400.0,2102800.0,1875.0,1875.0,0,0,0,0,0,0,0,0,0,0,0,0,0,0,0,0,0,73,2026-02-04 08:01:14.792127
SPNG,25.24,25.49,25.71,1832700.0,5156.0,5156.0,2121900.0,,0,0,0,0,0,0,0,0,0,0,0,0,0,0,0,0,74,2026-02-04 08:01:15.822824
SMMR,24.2,24.2,24.23,2238200.0,,,1598000.0,,0,0,0,0,0,0,0,0,0,0,0,0,0,0,0,0,74,2026-02-04 08:01:15.822824
ATMN,25.06,25.06,25.32,1395600.0,1875.0,,1906200.0,10000.0,0,0,0,0,0,0,0,0,0,0,0,0,0,0,0,0,74,2026-02-04 08:01:15.822824
WNTR,26.43,26.28,26.32,2201400.0,,,2220400.0,,0,0,0,0,0,0,0,0,0,0,0,0,0,0,0,0,74,2026-02-04 08:01:15.822824
SPNG,25.17,25.17,25.72,1605700.0,2252100.0,,,0,0,0,0,0,0,0,0,0,0,0,0,0,0,0,0,0,75,2026-02-04 08:01:16.863042
SMMR,24.19,24.2,24.38,2099400.0,1360200.0,3750.0,,0,0,0,0,0,0,0,0,0,0,0,0,0,0,0,0,0,75,2026-02-04 08:01:16.863042
ATMN,25.06,25.07,25.11,1395600.0,1893700.0,3515.0,3515.0,0,0,0,0,0,0,0,0,0,0,0,0,0,0,0,0,0,75,2026-02-04 08:01:16.863042
WNTR,26.19,26.19,26.24,2091400.0,2226000.0,,,0,0,0,0,0,0,0,0,0,0,0,0,0,0,0,0,0,75,2026-02-04 08:01:16.863042
SPNG,25.17,25.45,25.6,1712400.0,2696.0,2143200.0,,0,0,0,0,0,0,0,0,0,0,0,0,0,0,0,0,0,76,2026-02-04 08:01:17.978973
SMMR,24.19,24.19,24.21,2099400.0,,1602900.0,,0,0,0,0,0,0,0,0,0,0,0,0,0,0,0,0,0,76,2026-02-04 08:01:17.978973
ATMN,24.75,25.08,25.11,1289100.0,,1981000.0,10000.0,0,0,0,0,0,0,0,0,0,0,0,0,0,0,0,0,0,76,2026-02-04 08:01:17.978973
WNTR,26.19,26.19,26.24,2324700.0,,2263500.0,,0,0,0,0,0,0,0,0,0,0,0,0,0,0,0,0,0,76,2026-02-04 08:01:17.978973
SPNG,25.23,25.56,25.59,1721100.0,10000.0,10000.0,2154600.0,0,0,0,0,0,0,0,0,0,0,0,0,0,0,0,0,0,77,2026-02-04 08:01:19.014028
SMMR,24.3,24.19,24.26,2209300.0,,,1606300.0,0,0,0,0,0,0,0,0,0,0,0,0,0,0,0,0,0,77,2026-02-04 08:01:19.014028
ATMN,24.68,24.76,25.11,1203300.0,10000.0,,1986000.0,0,0,0,0,0,0,0,0,0,0,0,0,0,0,0,0,0,77,2026-02-04 08:01:19.014028
WNTR,26.24,26.3,26.32,2266300.0,,,2245300.0,0,0,0,0,0,0,0,0,0,0,0,0,0,0,0,0,0,77,2026-02-04 08:01:19.014028
SPNG,25.61,25.54,25.58,1610200.0,1309.0,10000.0,2174200.0,,0,0,0,0,0,0,0,0,0,0,0,0,0,0,0,0,78,2026-02-04 08:01:20.043654
SMMR,24.19,24.19,24.26,2209300.0,,,1606300.0,,0,0,0,0,0,0,0,0,0,0,0,0,0,0,0,0,78,2026-02-04 08:01:20.043654
ATMN,24.68,24.72,25.11,1179500.0,,,1879600.0,3515.0,0,0,0,0,0,0,0,0,0,0,0,0,0,0,0,0,78,2026-02-04 08:01:20.043654
WNTR,26.32,26.3,26.32,2272200.0,,,2223800.0,,0,0,0,0,0,0,0,0,0,0,0,0,0,0,0,0,78,2026-02-04 08:01:20.043654
SPNG,25.54,25.54,25.59,1610200.0,2289000.0,,,,,0,0,0,0,0,0,0,0,0,0,0,0,0,0,0,79,2026-02-04 08:01:20.577254
SMMR,24.19,24.2,24.25,2209300.0,1996800.0,10000.0,3750.0,10000.0,,0,0,0,0,0,0,0,0,0,0,0,0,0,0,0,79,2026-02-04 08:01:20.577254
ATMN,25.11,24.73,25.11,1179500.0,1879600.0,10000.0,,,3515.0,0,0,0,0,0,0,0,0,0,0,0,0,0,0,0,79,2026-02-04 08:01:20.577254
WNTR,26.28,26.28,26.32,2272200.0,2223800.0,,,,,0,0,0,0,0,0,0,0,0,0,0,0,0,0,0,79,2026-02-04 08:01:20.577254
SPNG,24.89,25.18,25.59,1594500.0,2289000.0,,0,0,0,0,0,0,0,0,0,0,0,0,0,0,0,0,0,0,80,2026-02-04 08:01:21.630592
SMMR,24.15,24.15,24.26,1869900.0,1996800.0,,0,0,0,0,0,0,0,0,0,0,0,0,0,0,0,0,0,0,80,2026-02-04 08:01:21.630592
ATMN,24.67,24.67,25.11,1000900.0,1879600.0,3515.0,0,0,0,0,0,0,0,0,0,0,0,0,0,0,0,0,0,0,80,2026-02-04 08:01:21.630592
WNTR,26.18,26.18,26.31,2275800.0,2130000.0,2298.0,0,0,0,0,0,0,0,0,0,0,0,0,0,0,0,0,0,0,80,2026-02-04 08:01:21.630592
SPNG,25.59,25.33,25.58,10000.0,1719600.0,10000.0,2174700.0,,,0,0,0,0,0,0,0,0,0,0,0,0,0,0,0,81,2026-02-04 08:01:22.664577
SMMR,24.1,24.18,24.26,,1968500.0,,1996800.0,1866.0,,0,0,0,0,0,0,0,0,0,0,0,0,0,0,0,81,2026-02-04 08:01:22.664577
ATMN,25.17,24.24,24.26,,1242700.0,,1861900.0,,3515.0,0,0,0,0,0,0,0,0,0,0,0,0,0,0,0,81,2026-02-04 08:01:22.664577
WNTR,26.31,26.18,26.31,,2276600.0,,2218500.0,,,0,0,0,0,0,0,0,0,0,0,0,0,0,0,0,81,2026-02-04 08:01:22.664577
SPNG,25.18,25.18,25.57,1594500.0,10000.0,2168600.0,,0,0,0,0,0,0,0,0,0,0,0,0,0,0,0,0,0,82,2026-02-04 08:01:23.700480
SMMR,24.1,24.19,24.24,1871700.0,10000.0,1996800.0,2161.0,0,0,0,0,0,0,0,0,0,0,0,0,0,0,0,0,0,82,2026-02-04 08:01:23.700480
ATMN,25.17,24.53,25.17,1569500.0,,1948100.0,,0,0,0,0,0,0,0,0,0,0,0,0,0,0,0,0,0,82,2026-02-04 08:01:23.700480
WNTR,26.17,26.17,26.31,2275500.0,,2218500.0,,0,0,0,0,0,0,0,0,0,0,0,0,0,0,0,0,0,82,2026-02-04 08:01:23.700480
SPNG,25.59,25.18,25.59,1594500.0,2291900.0,,,0,0,0,0,0,0,0,0,0,0,0,0,0,0,0,0,0,83,2026-02-04 08:01:24.729018
SMMR,24.1,24.08,24.1,1872400.0,2145800.0,10000.0,2161.0,0,0,0,0,0,0,0,0,0,0,0,0,0,0,0,0,0,83,2026-02-04 08:01:24.729018
ATMN,25.17,24.53,24.87,1569500.0,1966100.0,,,0,0,0,0,0,0,0,0,0,0,0,0,0,0,0,0,0,83,2026-02-04 08:01:24.729018
WNTR,26.16,26.16,26.33,2290200.0,2231500.0,,,0,0,0,0,0,0,0,0,0,0,0,0,0,0,0,0,0,83,2026-02-04 08:01:24.729018
SPNG,25.32,25.33,25.59,1714600.0,2291900.0,,,,0,0,0,0,0,0,0,0,0,0,0,0,0,0,0,0,84,2026-02-04 08:01:25.762353
SMMR,24.1,24.09,24.1,2232700.0,2238600.0,10000.0,,,0,0,0,0,0,0,0,0,0,0,0,0,0,0,0,0,84,2026-02-04 08:01:25.762353
ATMN,25.17,24.53,24.79,1787700.0,1851800.0,,3034.0,,0,0,0,0,0,0,0,0,0,0,0,0,0,0,0,0,84,2026-02-04 08:01:25.762353
WNTR,26.16,26.19,26.29,2147000.0,2106900.0,,3034.0,3034.0,0,0,0,0,0,0,0,0,0,0,0,0,0,0,0,0,84,2026-02-04 08:01:25.762353
SPNG,25.19,25.04,25.19,1827200.0,2212800.0,10000.0,0,0,0,0,0,0,0,0,0,0,0,0,0,0,0,0,0,0,85,2026-02-04 08:01:26.794676
SMMR,24.26,24.09,24.26,2364500.0,2098900.0,,0,0,0,0,0,0,0,0,0,0,0,0,0,0,0,0,0,0,85,2026-02-04 08:01:26.794676
ATMN,24.53,24.53,24.79,1984900.0,1950000.0,,0,0,0,0,0,0,0,0,0,0,0,0,0,0,0,0,0,0,85,2026-02-04 08:01:26.794676
WNTR,26.16,26.27,26.28,2251000.0,2179900.0,,0,0,0,0,0,0,0,0,0,0,0,0,0,0,0,0,0,0,85,2026-02-04 08:01:26.794676
SPNG,25.69,25.04,25.17,2075000.0,10000.0,2187000.0,,0,0,0,0,0,0,0,0,0,0,0,0,0,0,0,0,0,86,2026-02-04 08:01:27.830606
SMMR,24.38,24.1,24.38,2335600.0,,1852800.0,4198.0,0,0,0,0,0,0,0,0,0,0,0,0,0,0,0,0,0,86,2026-02-04 08:01:27.830606
ATMN,24.44,24.44,24.87,1974500.0,,1967400.0,,0,0,0,0,0,0,0,0,0,0,0,0,0,0,0,0,0,86,2026-02-04 08:01:27.830606
WNTR,26.34,26.16,26.34,2269400.0,,2220500.0,,0,0,0,0,0,0,0,0,0,0,0,0,0,0,0,0,0,86,2026-02-04 08:01:27.830606
SPNG,25.32,25.32,25.63,2202800.0,10000.0,2309100.0,,,0,0,0,0,0,0,0,0,0,0,0,0,0,0,0,0,87,2026-02-04 08:01:28.864541
SMMR,24.38,24.15,24.27,2344000.0,10000.0,2069800.0,10000.0,,0,0,0,0,0,0,0,0,0,0,0,0,0,0,0,0,87,2026-02-04 08:01:28.864541
ATMN,24.44,24.83,24.87,2092400.0,,1968300.0,,4102.0,0,0,0,0,0,0,0,0,0,0,0,0,0,0,0,0,87,2026-02-04 08:01:28.864541
WNTR,26.15,26.25,26.26,2261000.0,,2235800.0,,,0,0,0,0,0,0,0,0,0,0,0,0,0,0,0,0,87,2026-02-04 08:01:28.864541
SPNG,25.32,25.33,25.63,10000.0,2321800.0,4102.0,2197800.0,4102.0,0,0,0,0,0,0,0,0,0,0,0,0,0,0,0,0,88,2026-02-04 08:01:29.896410
SMMR,24.38,24.15,24.16,,2444800.0,,2323500.0,,0,0,0,0,0,0,0,0,0,0,0,0,0,0,0,0,88,2026-02-04 08:01:29.896410
ATMN,24.63,24.45,24.63,,1974500.0,4102.0,1877800.0,4102.0,0,0,0,0,0,0,0,0,0,0,0,0,0,0,0,0,88,2026-02-04 08:01:29.896410
WNTR,26.11,26.11,26.26,,2217200.0,,2249500.0,,0,0,0,0,0,0,0,0,0,0,0,0,0,0,0,0,88,2026-02-04 08:01:29.896410
SPNG,25.32,25.04,25.06,2251900.0,20000.0,2339900.0,,,0,0,0,0,0,0,0,0,0,0,0,0,0,0,0,0,89,2026-02-04 08:01:30.932782
SMMR,24.17,24.22,24.27,2351600.0,,2279900.0,4198.0,,0,0,0,0,0,0,0,0,0,0,0,0,0,0,0,0,89,2026-02-04 08:01:30.932782
ATMN,24.89,24.66,24.89,2067000.0,,1954500.0,,,0,0,0,0,0,0,0,0,0,0,0,0,0,0,0,0,89,2026-02-04 08:01:30.932782
WNTR,26.11,26.11,26.25,2334200.0,,2136900.0,,683.0,0,0,0,0,0,0,0,0,0,0,0,0,0,0,0,0,89,2026-02-04 08:01:30.932782
SPNG,25.63,25.04,25.63,2456800.0,2320900.0,,,0,0,0,0,0,0,0,0,0,0,0,0,0,0,0,0,0,90,2026-02-04 08:01:31.967127
SMMR,24.17,24.22,24.27,2462500.0,2324100.0,,,0,0,0,0,0,0,0,0,0,0,0,0,0,0,0,0,0,90,2026-02-04 08:01:31.967127
ATMN,24.7,24.67,24.7,2157600.0,1867300.0,3374.0,3374.0,0,0,0,0,0,0,0,0,0,0,0,0,0,0,0,0,0,90,2026-02-04 08:01:31.967127
WNTR,26.26,26.16,26.26,2284900.0,2136900.0,,683.0,0,0,0,0,0,0,0,0,0,0,0,0,0,0,0,0,0,90,2026-02-04 08:01:31.967127
SPNG,25.63,25.04,25.63,2422000.0,2340500.0,,,,0,0,0,0,0,0,0,0,0,0,0,0,0,0,0,0,91,2026-02-04 08:01:33.000822
SMMR,24.18,24.24,24.27,2348800.0,2363600.0,4198.0,,,0,0,0,0,0,0,0,0,0,0,0,0,0,0,0,0,91,2026-02-04 08:01:33.000822
ATMN,24.93,24.68,24.92,2273900.0,1876200.0,,10000.0,10000.0,0,0,0,0,0,0,0,0,0,0,0,0,0,0,0,0,91,2026-02-04 08:01:33.000822
WNTR,26.1,26.17,26.26,2165400.0,2249500.0,,10000.0,,0,0,0,0,0,0,0,0,0,0,0,0,0,0,0,0,91,2026-02-04 08:01:33.000822
SPNG,25.68,25.05,25.68,10000.0,2240800.0,2313900.0,,,0,0,0,0,0,0,0,0,0,0,0,0,0,0,0,0,92,2026-02-04 08:01:34.039253
SMMR,24.15,24.24,24.27,,2354700.0,2351500.0,4198.0,,0,0,0,0,0,0,0,0,0,0,0,0,0,0,0,0,92,2026-02-04 08:01:34.039253
ATMN,25.11,24.44,24.92,,2090800.0,1875300.0,,2803.0,0,0,0,0,0,0,0,0,0,0,0,0,0,0,0,0,92,2026-02-04 08:01:34.039253
WNTR,26.15,26.23,26.34,,2151300.0,2237200.0,2803.0,,0,0,0,0,0,0,0,0,0,0,0,0,0,0,0,0,92,2026-02-04 08:01:34.039253
SPNG,25.04,25.04,25.35,2197700.0,10000.0,2326400.0,,,0,0,0,0,0,0,0,0,0,0,0,0,0,0,0,0,93,2026-02-04 08:01:35.075741
SMMR,24.27,24.24,24.27,2367300.0,,2361200.0,4198.0,,0,0,0,0,0,0,0,0,0,0,0,0,0,0,0,0,93,2026-02-04 08:01:35.075741
ATMN,24.72,24.72,24.86,2325800.0,,1901900.0,,2803.0,0,0,0,0,0,0,0,0,0,0,0,0,0,0,0,0,93,2026-02-04 08:01:35.075741
WNTR,26.26,26.26,26.34,2127900.0,,2237200.0,2803.0,,0,0,0,0,0,0,0,0,0,0,0,0,0,0,0,0,93,2026-02-04 08:01:35.075741
SPNG,25.04,25.26,25.35,2168400.0,10000.0,2326400.0,0,0,0,0,0,0,0,0,0,0,0,0,0,0,0,0,0,0,94,2026-02-04 08:01:36.116488
SMMR,24.24,24.15,24.24,2492300.0,,2354500.0,0,0,0,0,0,0,0,0,0,0,0,0,0,0,0,0,0,0,94,2026-02-04 08:01:36.116488
ATMN,24.48,24.48,24.62,2213300.0,,2011600.0,0,0,0,0,0,0,0,0,0,0,0,0,0,0,0,0,0,0,94,2026-02-04 08:01:36.116488
WNTR,26.09,26.09,26.34,2278000.0,,2228500.0,0,0,0,0,0,0,0,0,0,0,0,0,0,0,0,0,0,0,94,2026-02-04 08:01:36.116488
SPNG,25.35,25.1,25.35,2289900.0,2326400.0,,,,0,0,0,0,0,0,0,0,0,0,0,0,0,0,0,0,95,2026-02-04 08:01:36.645627
SMMR,24.24,24.16,24.23,2367300.0,2197200.0,10000.0,10000.0,,0,0,0,0,0,0,0,0,0,0,0,0,0,0,0,0,95,2026-02-04 08:01:36.645627
ATMN,24.62,24.53,24.61,2326900.0,1782400.0,10000.0,10000.0,2803.0,0,0,0,0,0,0,0,0,0,0,0,0,0,0,0,0,95,2026-02-04 08:01:36.645627
WNTR,26.34,26.26,26.34,2281400.0,2228500.0,,,,0,0,0,0,0,0,0,0,0,0,0,0,0,0,0,0,95,2026-02-04 08:01:36.645627
SPNG,25.35,25.19,25.35,2068100.0,5265.0,10000.0,2326400.0,,0,0,0,0,0,0,0,0,0,0,0,0,0,0,0,0,96,2026-02-04 08:01:37.688999
SMMR,24.15,24.15,24.23,2494000.0,,,2225800.0,1547.0,0,0,0,0,0,0,0,0,0,0,0,0,0,0,0,0,96,2026-02-04 08:01:37.688999
ATMN,24.53,24.53,24.86,2455400.0,,,2005200.0,,0,0,0,0,0,0,0,0,0,0,0,0,0,0,0,0,96,2026-02-04 08:01:37.688999
WNTR,26.35,26.26,26.33,2281400.0,,,2101400.0,1547.0,0,0,0,0,0,0,0,0,0,0,0,0,0,0,0,0,96,2026-02-04 08:01:37.688999
SPNG,25.35,25.3,25.35,2065200.0,10000.0,5265.0,2326400.0,,0,0,0,0,0,0,0,0,0,0,0,0,0,0,0,0,97,2026-02-04 08:01:38.726938
SMMR,24.21,24.21,24.23,2419200.0,,,2225800.0,1547.0,0,0,0,0,0,0,0,0,0,0,0,0,0,0,0,0,97,2026-02-04 08:01:38.726938
ATMN,24.6,24.53,24.6,2240800.0,,1547.0,2014800.0,,0,0,0,0,0,0,0,0,0,0,0,0,0,0,0,0,97,2026-02-04 08:01:38.726938
WNTR,26.35,26.26,26.29,2126700.0,,1547.0,2111900.0,1547.0,0,0,0,0,0,0,0,0,0,0,0,0,0,0,0,0,97,2026-02-04 08:01:38.726938
SPNG,25.35,25.31,25.34,10000.0,2169800.0,4636.0,2241800.0,0,0,0,0,0,0,0,0,0,0,0,0,0,0,0,0,0,98,2026-02-04 08:01:39.758941
SMMR,24.25,24.21,24.25,,2419200.0,,2369500.0,0,0,0,0,0,0,0,0,0,0,0,0,0,0,0,0,0,98,2026-02-04 08:01:39.758941
ATMN,24.6,24.53,24.6,,2324400.0,,2014800.0,0,0,0,0,0,0,0,0,0,0,0,0,0,0,0,0,0,98,2026-02-04 08:01:39.758941
WNTR,26.12,26.22,26.23,,2232600.0,,2241400.0,0,0,0,0,0,0,0,0,0,0,0,0,0,0,0,0,0,98,2026-02-04 08:01:39.758941
SPNG,25.3,25.3,25.35,2277100.0,2334200.0,,,0,0,0,0,0,0,0,0,0,0,0,0,0,0,0,0,0,99,2026-02-04 08:01:40.790587
SMMR,24.28,24.22,24.28,2207500.0,2365700.0,10000.0,5180.0,0,0,0,0,0,0,0,0,0,0,0,0,0,0,0,0,0,99,2026-02-04 08:01:40.790587
ATMN,24.59,24.67,24.86,2177200.0,2005200.0,10000.0,,0,0,0,0,0,0,0,0,0,0,0,0,0,0,0,0,0,99,2026-02-04 08:01:40.790587
WNTR,26.22,26.12,26.21,2228900.0,2234300.0,,,0,0,0,0,0,0,0,0,0,0,0,0,0,0,0,0,0,99,2026-02-04 08:01:40.790587
SPNG,25.71,25.3,25.53,2277100.0,2297200.0,,,0,0,0,0,0,0,0,0,0,0,0,0,0,0,0,0,0,100,2026-02-04 08:01:41.819261
SMMR,24.07,24.22,24.24,2364300.0,2343100.0,10000.0,,0,0,0,0,0,0,0,0,0,0,0,0,0,0,0,0,0,100,2026-02-04 08:01:41.819261
ATMN,24.71,24.72,24.86,2072400.0,2024900.0,10000.0,1547.0,0,0,0,0,0,0,0,0,0,0,0,0,0,0,0,0,0,100,2026-02-04 08:01:41.819261
WNTR,26.09,26.13,26.21,2123600.0,2206700.0,,3204.0,0,0,0,0,0,0,0,0,0,0,0,0,0,0,0,0,0,100,2026-02-04 08:01:41.819261
SPNG,25.19,25.19,25.52,2307800.0,2312.0,2198600.0,0,0,0,0,0,0,0,0,0,0,0,0,0,0,0,0,0,0,101,2026-02-04 08:01:42.852409
SMMR,24.17,24.17,24.24,2488800.0,,2358200.0,0,0,0,0,0,0,0,0,0,0,0,0,0,0,0,0,0,0,101,2026-02-04 08:01:42.852409
ATMN,24.53,24.53,24.86,2272400.0,,2018700.0,0,0,0,0,0,0,0,0,0,0,0,0,0,0,0,0,0,0,101,2026-02-04 08:01:42.852409
WNTR,26.07,26.07,26.23,2285100.0,,2210700.0,0,0,0,0,0,0,0,0,0,0,0,0,0,0,0,0,0,0,101,2026-02-04 08:01:42.852409
SPNG,25.2,25.19,25.2,2279900.0,2188800.0,2312.0,,0,0,0,0,0,0,0,0,0,0,0,0,0,0,0,0,0,102,2026-02-04 08:01:43.883775
SMMR,24.24,24.17,24.24,2345200.0,2397900.0,,3060.0,0,0,0,0,0,0,0,0,0,0,0,0,0,0,0,0,0,102,2026-02-04 08:01:43.883775
ATMN,24.48,24.48,24.86,2280700.0,2018700.0,,,0,0,0,0,0,0,0,0,0,0,0,0,0,0,0,0,0,102,2026-02-04 08:01:43.883775
WNTR,26.07,26.15,26.23,2295000.0,2216800.0,,,0,0,0,0,0,0,0,0,0,0,0,0,0,0,0,0,0,102,2026-02-04 08:01:43.883775
SPNG,25.41,25.41,25.53,2279300.0,2316400.0,,0,0,0,0,0,0,0,0,0,0,0,0,0,0,0,0,0,0,103,2026-02-04 08:01:44.916683
SMMR,24.24,24.22,24.24,2429400.0,2397900.0,,0,0,0,0,0,0,0,0,0,0,0,0,0,0,0,0,0,0,103,2026-02-04 08:01:44.916683
ATMN,24.47,24.47,24.84,2308400.0,2010100.0,,0,0,0,0,0,0,0,0,0,0,0,0,0,0,0,0,0,0,103,2026-02-04 08:01:44.916683
WNTR,26.07,26.15,26.23,2285800.0,2107800.0,3204.0,0,0,0,0,0,0,0,0,0,0,0,0,0,0,0,0,0,0,103,2026-02-04 08:01:44.916683
SPNG,25.16,25.16,25.31,2315200.0,2193400.0,2312.0,,0,0,0,0,0,0,0,0,0,0,0,0,0,0,0,0,0,104,2026-02-04 08:01:45.953147
SMMR,24.08,24.1,24.24,2434900.0,2393500.0,,,0,0,0,0,0,0,0,0,0,0,0,0,0,0,0,0,0,104,2026-02-04 08:01:45.953147
ATMN,24.47,24.77,24.84,2161400.0,1989900.0,,1547.0,0,0,0,0,0,0,0,0,0,0,0,0,0,0,0,0,0,104,2026-02-04 08:01:45.953147
WNTR,26.07,26.21,26.22,2277900.0,2107800.0,3204.0,,0,0,0,0,0,0,0,0,0,0,0,0,0,0,0,0,0,104,2026-02-04 08:01:45.953147
SPNG,25.31,25.44,25.53,2293400.0,2295000.0,,0,0,0,0,0,0,0,0,0,0,0,0,0,0,0,0,0,0,105,2026-02-04 08:01:46.996098
SMMR,24.1,24.1,24.23,2324000.0,2364200.0,3060.0,0,0,0,0,0,0,0,0,0,0,0,0,0,0,0,0,0,0,105,2026-02-04 08:01:46.996098
ATMN,24.77,24.77,24.84,2279100.0,1998100.0,,0,0,0,0,0,0,0,0,0,0,0,0,0,0,0,0,0,0,105,2026-02-04 08:01:46.996098
WNTR,26.23,26.21,26.23,2296900.0,2203100.0,,0,0,0,0,0,0,0,0,0,0,0,0,0,0,0,0,0,0,105,2026-02-04 08:01:46.996098
SPNG,25.1,25.1,25.52,2305300.0,2138600.0,3590.0,0,0,0,0,0,0,0,0,0,0,0,0,0,0,0,0,0,0,106,2026-02-04 08:01:48.027881
SMMR,24.24,24.1,24.24,2461900.0,2382300.0,,0,0,0,0,0,0,0,0,0,0,0,0,0,0,0,0,0,0,106,2026-02-04 08:01:48.027881
ATMN,24.77,24.47,24.61,2308400.0,2009100.0,,0,0,0,0,0,0,0,0,0,0,0,0,0,0,0,0,0,0,106,2026-02-04 08:01:48.027881
WNTR,26.29,26.3,26.35,2263600.0,2179300.0,,0,0,0,0,0,0,0,0,0,0,0,0,0,0,0,0,0,0,106,2026-02-04 08:01:48.027881
SPNG,25.46,25.11,25.43,10000.0,2168400.0,2139800.0,1090.0,,0,0,0,0,0,0,0,0,0,0,0,0,0,0,0,0,107,2026-02-04 08:01:49.060790
SMMR,24.24,24.13,24.24,10000.0,2197400.0,2358700.0,,3060.0,0,0,0,0,0,0,0,0,0,0,0,0,0,0,0,0,107,2026-02-04 08:01:49.060790
ATMN,24.84,24.85,24.86,,2274100.0,2006200.0,,,0,0,0,0,0,0,0,0,0,0,0,0,0,0,0,0,107,2026-02-04 08:01:49.060790
WNTR,26.28,26.21,26.24,,2276800.0,2215400.0,,,0,0,0,0,0,0,0,0,0,0,0,0,0,0,0,0,107,2026-02-04 08:01:49.060790
SPNG,25.13,25.1,25.13,2301700.0,2197600.0,1090.0,,0,0,0,0,0,0,0,0,0,0,0,0,0,0,0,0,0,108,2026-02-04 08:01:50.093351
SMMR,24.28,24.13,24.19,2461300.0,2357600.0,,,0,0,0,0,0,0,0,0,0,0,0,0,0,0,0,0,0,108,2026-02-04 08:01:50.093351
ATMN,24.84,24.48,24.84,2213900.0,2008000.0,,4140.0,0,0,0,0,0,0,0,0,0,0,0,0,0,0,0,0,0,108,2026-02-04 08:01:50.093351
WNTR,26.2,26.16,26.17,2293300.0,2199100.0,,,0,0,0,0,0,0,0,0,0,0,0,0,0,0,0,0,0,108,2026-02-04 08:01:50.093351
SPNG,25.61,25.1,25.61,2301700.0,2314900.0,,0,0,0,0,0,0,0,0,0,0,0,0,0,0,0,0,0,0,109,2026-02-04 08:01:51.124665
SMMR,24.28,24.13,24.28,2295700.0,2363100.0,3060.0,0,0,0,0,0,0,0,0,0,0,0,0,0,0,0,0,0,0,109,2026-02-04 08:01:51.124665
ATMN,24.84,24.71,24.84,2318100.0,2008700.0,,0,0,0,0,0,0,0,0,0,0,0,0,0,0,0,0,0,0,109,2026-02-04 08:01:51.124665
WNTR,26.3,26.16,26.3,2265000.0,2171700.0,,0,0,0,0,0,0,0,0,0,0,0,0,0,0,0,0,0,0,109,2026-02-04 08:01:51.124665
SPNG,25.61,25.2,25.33,2305400.0,2168400.0,1090.0,,0,0,0,0,0,0,0,0,0,0,0,0,0,0,0,0,0,110,2026-02-04 08:01:52.163189
SMMR,24.28,24.1,24.28,2454700.0,2364300.0,,,0,0,0,0,0,0,0,0,0,0,0,0,0,0,0,0,0,110,2026-02-04 08:01:52.163189
ATMN,24.84,24.71,24.76,2213900.0,2007800.0,,4140.0,0,0,0,0,0,0,0,0,0,0,0,0,0,0,0,0,0,110,2026-02-04 08:01:52.163189
WNTR,26.35,26.16,26.29,2252800.0,2075400.0,4392.0,,0,0,0,0,0,0,0,0,0,0,0,0,0,0,0,0,0,110,2026-02-04 08:01:52.163189
SPNG,25.33,25.21,25.33,10000.0,2206300.0,2289600.0,,,,0,0,0,0,0,0,0,0,0,0,0,0,0,0,0,111,2026-02-04 08:01:53.193711
SMMR,24.23,24.23,24.27,10000.0,2159900.0,2263200.0,3060.0,10000.0,,0,0,0,0,0,0,0,0,0,0,0,0,0,0,0,111,2026-02-04 08:01:53.193711
ATMN,24.37,24.37,24.43,,2380900.0,1904600.0,,10000.0,,0,0,0,0,0,0,0,0,0,0,0,0,0,0,0,111,2026-02-04 08:01:53.193711
WNTR,26.36,26.16,26.28,,2270700.0,2062900.0,,,2749.0,0,0,0,0,0,0,0,0,0,0,0,0,0,0,0,111,2026-02-04 08:01:53.193711
SPNG,25.33,25.38,25.61,10000.0,2064500.0,3369.0,2309400.0,,0,0,0,0,0,0,0,0,0,0,0,0,0,0,0,0,112,2026-02-04 08:01:54.222242
SMMR,24.29,24.23,24.29,,2428400.0,,2354500.0,,0,0,0,0,0,0,0,0,0,0,0,0,0,0,0,0,112,2026-02-04 08:01:54.222242
ATMN,24.43,24.51,24.76,,2138900.0,4140.0,1999200.0,,0,0,0,0,0,0,0,0,0,0,0,0,0,0,0,0,112,2026-02-04 08:01:54.222242
WNTR,26.37,26.16,26.27,,2243000.0,,2090500.0,3369.0,0,0,0,0,0,0,0,0,0,0,0,0,0,0,0,0,112,2026-02-04 08:01:54.222242
SPNG,25.2,25.2,25.32,2305400.0,3369.0,2225200.0,,0,0,0,0,0,0,0,0,0,0,0,0,0,0,0,0,0,113,2026-02-04 08:01:54.765163
SMMR,24.29,24.23,24.25,2428400.0,,2356000.0,,0,0,0,0,0,0,0,0,0,0,0,0,0,0,0,0,0,113,2026-02-04 08:01:54.765163
ATMN,24.51,24.37,24.48,2151300.0,,2030000.0,4140.0,0,0,0,0,0,0,0,0,0,0,0,0,0,0,0,0,0,113,2026-02-04 08:01:54.765163
WNTR,26.37,26.17,26.26,2129000.0,,2210300.0,620.0,0,0,0,0,0,0,0,0,0,0,0,0,0,0,0,0,0,113,2026-02-04 08:01:54.765163
SPNG,25.2,25.2,25.61,2305200.0,2289500.0,0,0,0,0,0,0,0,0,0,0,0,0,0,0,0,0,0,0,0,114,2026-02-04 08:01:55.821570
SMMR,24.25,24.23,24.25,2420600.0,2341700.0,0,0,0,0,0,0,0,0,0,0,0,0,0,0,0,0,0,0,0,114,2026-02-04 08:01:55.821570
ATMN,24.48,24.37,24.48,2271500.0,2030000.0,0,0,0,0,0,0,0,0,0,0,0,0,0,0,0,0,0,0,0,114,2026-02-04 08:01:55.821570
WNTR,26.16,26.16,26.26,2243000.0,2207300.0,0,0,0,0,0,0,0,0,0,0,0,0,0,0,0,0,0,0,0,114,2026-02-04 08:01:55.821570
SPNG,25.05,25.11,25.39,10000.0,2163600.0,2310300.0,,0,0,0,0,0,0,0,0,0,0,0,0,0,0,0,0,0,115,2026-02-04 08:01:56.855001
SMMR,24.14,24.14,24.25,,2462300.0,2341700.0,,0,0,0,0,0,0,0,0,0,0,0,0,0,0,0,0,0,115,2026-02-04 08:01:56.855001
ATMN,24.76,24.6,24.76,,2100300.0,1999200.0,4140.0,0,0,0,0,0,0,0,0,0,0,0,0,0,0,0,0,0,115,2026-02-04 08:01:56.855001
WNTR,26.12,26.12,26.26,,2224400.0,2207300.0,,0,0,0,0,0,0,0,0,0,0,0,0,0,0,0,0,0,115,2026-02-04 08:01:56.855001
SPNG,25.39,25.1,25.39,3369.0,2163600.0,2310300.0,,0,0,0,0,0,0,0,0,0,0,0,0,0,0,0,0,0,116,2026-02-04 08:01:57.904222
SMMR,24.2,24.17,24.18,2408.0,2321900.0,2210300.0,2408.0,0,0,0,0,0,0,0,0,0,0,0,0,0,0,0,0,0,116,2026-02-04 08:01:57.904222
ATMN,24.6,24.4,24.57,,2265100.0,2027100.0,,0,0,0,0,0,0,0,0,0,0,0,0,0,0,0,0,0,116,2026-02-04 08:01:57.904222
WNTR,26.12,26.12,26.26,,2224400.0,2201900.0,,0,0,0,0,0,0,0,0,0,0,0,0,0,0,0,0,0,116,2026-02-04 08:01:57.904222
SPNG,25.04,25.26,25.61,3369.0,2135500.0,2289500.0,0,0,0,0,0,0,0,0,0,0,0,0,0,0,0,0,0,0,117,2026-02-04 08:01:58.945336
SMMR,24.29,24.17,24.29,,2459900.0,2324700.0,0,0,0,0,0,0,0,0,0,0,0,0,0,0,0,0,0,0,117,2026-02-04 08:01:58.945336
ATMN,24.88,24.79,24.88,4140.0,2155400.0,1963500.0,0,0,0,0,0,0,0,0,0,0,0,0,0,0,0,0,0,0,117,2026-02-04 08:01:58.945336
WNTR,26.25,26.12,26.25,,2203100.0,2169300.0,0,0,0,0,0,0,0,0,0,0,0,0,0,0,0,0,0,0,117,2026-02-04 08:01:58.945336
SPNG,25.04,25.03,25.04,2222500.0,2301300.0,,0,0,0,0,0,0,0,0,0,0,0,0,0,0,0,0,0,0,118,2026-02-04 08:01:59.982232
SMMR,24.29,24.22,24.29,2436200.0,2315100.0,,0,0,0,0,0,0,0,0,0,0,0,0,0,0,0,0,0,0,118,2026-02-04 08:01:59.982232
ATMN,24.91,24.9,24.91,2169900.0,1949200.0,4140.0,0,0,0,0,0,0,0,0,0,0,0,0,0,0,0,0,0,0,118,2026-02-04 08:01:59.982232
WNTR,26.12,26.12,26.18,2203100.0,2178000.0,,0,0,0,0,0,0,0,0,0,0,0,0,0,0,0,0,0,0,118,2026-02-04 08:01:59.982232
SPNG,25.03,25.03,25.24,2251300.0,2277700.0,0,0,0,0,0,0,0,0,0,0,0,0,0,0,0,0,0,0,0,119,2026-02-04 08:02:01.026412
SMMR,24.3,24.22,24.3,2413200.0,2297200.0,0,0,0,0,0,0,0,0,0,0,0,0,0,0,0,0,0,0,0,119,2026-02-04 08:02:01.026412
ATMN,24.58,24.66,24.91,2285300.0,1949200.0,0,0,0,0,0,0,0,0,0,0,0,0,0,0,0,0,0,0,0,119,2026-02-04 08:02:01.026412
WNTR,26.11,26.1,26.11,2232700.0,2118000.0,0,0,0,0,0,0,0,0,0,0,0,0,0,0,0,0,0,0,0,119,2026-02-04 08:02:01.026412
SPNG,26.37,26.37,26.85,957900.0,663400.0,0,0,0,0,0,0,0,0,0,0,0,0,0,0,0,0,0,0,0,120,2026-02-04 08:02:02.063489
SMMR,24.72,24.48,24.7,747400.0,797200.0,0,0,0,0,0,0,0,0,0,0,0,0,0,0,0,0,0,0,0,120,2026-02-04 08:02:02.063489
ATMN,24.4,24.44,24.66,919900.0,796800.0,0,0,0,0,0,0,0,0,0,0,0,0,0,0,0,0,0,0,0,120,2026-02-04 08:02:02.063489
WNTR,26.11,26.94,0.0,200000.0,,0,0,0,0,0,0,0,0,0,0,0,0,0,0,0,0,0,0,0,120,2026-02-04 08:02:02.063489
SPNG,25.86,26.36,26.42,1248400.0,779700.0,0,0,0,0,0,0,0,0,0,0,0,0,0,0,0,0,0,0,0,121,2026-02-04 08:02:03.099905
SMMR,24.82,24.61,24.65,1140300.0,1026200.0,0,0,0,0,0,0,0,0,0,0,0,0,0,0,0,0,0,0,0,121,2026-02-04 08:02:03.099905
ATMN,24.44,24.44,24.47,946800.0,1006700.0,0,0,0,0,0,0,0,0,0,0,0,0,0,0,0,0,0,0,0,121,2026-02-04 08:02:03.099905
WNTR,26.94,26.94,27.14,884000.0,904200.0,0,0,0,0,0,0,0,0,0,0,0,0,0,0,0,0,0,0,0,121,2026-02-04 08:02:03.099905
SPNG,26.36,26.39,26.42,1344200.0,972300.0,0,0,0,0,0,0,0,0,0,0,0,0,0,0,0,0,0,0,0,122,2026-02-04 08:02:04.145346
SMMR,24.65,24.61,24.65,1371700.0,1026200.0,0,0,0,0,0,0,0,0,0,0,0,0,0,0,0,0,0,0,0,122,2026-02-04 08:02:04.145346
ATMN,24.44,24.19,24.25,959400.0,1313500.0,0,0,0,0,0,0,0,0,0,0,0,0,0,0,0,0,0,0,0,122,2026-02-04 08:02:04.145346
WNTR,26.94,26.94,27.11,879600.0,1132500.0,0,0,0,0,0,0,0,0,0,0,0,0,0,0,0,0,0,0,0,122,2026-02-04 08:02:04.145346
SPNG,26.54,25.86,26.35,1132800.0,1051800.0,0,0,0,0,0,0,0,0,0,0,0,0,0,0,0,0,0,0,0,123,2026-02-04 08:02:05.177875
SMMR,24.82,24.93,24.95,1466100.0,998400.0,0,0,0,0,0,0,0,0,0,0,0,0,0,0,0,0,0,0,0,123,2026-02-04 08:02:05.177875
ATMN,24.1,24.19,24.47,1188700.0,1227000.0,0,0,0,0,0,0,0,0,0,0,0,0,0,0,0,0,0,0,0,123,2026-02-04 08:02:05.177875
WNTR,26.94,26.94,27.05,1007000.0,1316600.0,0,0,0,0,0,0,0,0,0,0,0,0,0,0,0,0,0,0,0,123,2026-02-04 08:02:05.177875
SPNG,25.98,26.09,26.34,1258800.0,10000.0,1051800.0,,0,0,0,0,0,0,0,0,0,0,0,0,0,0,0,0,0,124,2026-02-04 08:02:06.205898
SMMR,24.61,24.61,24.77,1231200.0,10000.0,1217200.0,,0,0,0,0,0,0,0,0,0,0,0,0,0,0,0,0,0,124,2026-02-04 08:02:06.205898
ATMN,24.1,24.21,24.46,1416900.0,10000.0,1227000.0,10000.0,0,0,0,0,0,0,0,0,0,0,0,0,0,0,0,0,0,124,2026-02-04 08:02:06.205898
WNTR,26.96,26.75,26.96,907000.0,,1429100.0,,0,0,0,0,0,0,0,0,0,0,0,0,0,0,0,0,0,124,2026-02-04 08:02:06.205898
SPNG,26.38,26.38,26.49,1483700.0,1054700.0,,0,0,0,0,0,0,0,0,0,0,0,0,0,0,0,0,0,0,125,2026-02-04 08:02:07.238513
SMMR,24.77,24.77,24.78,1359200.0,1331300.0,7500.0,0,0,0,0,0,0,0,0,0,0,0,0,0,0,0,0,0,0,125,2026-02-04 08:02:07.238513
ATMN,24.1,24.29,24.47,1715300.0,1227000.0,,0,0,0,0,0,0,0,0,0,0,0,0,0,0,0,0,0,0,125,2026-02-04 08:02:07.238513
WNTR,26.87,26.75,26.87,1123700.0,1543300.0,,0,0,0,0,0,0,0,0,0,0,0,0,0,0,0,0,0,0,125,2026-02-04 08:02:07.238513
SPNG,26.49,26.49,26.59,1356700.0,957800.0,,,0,0,0,0,0,0,0,0,0,0,0,0,0,0,0,0,0,126,2026-02-04 08:02:07.851855
SMMR,24.77,24.77,24.78,1584300.0,1331300.0,7500.0,,0,0,0,0,0,0,0,0,0,0,0,0,0,0,0,0,0,126,2026-02-04 08:02:07.851855
ATMN,24.53,24.29,24.46,1835000.0,1114300.0,7500.0,7500.0,0,0,0,0,0,0,0,0,0,0,0,0,0,0,0,0,0,126,2026-02-04 08:02:07.851855
WNTR,26.87,26.89,26.95,1363500.0,1429100.0,7500.0,7500.0,0,0,0,0,0,0,0,0,0,0,0,0,0,0,0,0,0,126,2026-02-04 08:02:07.851855
SPNG,26.71,26.64,26.67,7500.0,1258300.0,958100.0,0,0,0,0,0,0,0,0,0,0,0,0,0,0,0,0,0,0,127,2026-02-04 08:02:08.950397
SMMR,24.77,24.77,24.78,,1734900.0,1562800.0,0,0,0,0,0,0,0,0,0,0,0,0,0,0,0,0,0,0,127,2026-02-04 08:02:08.950397
ATMN,24.66,24.29,24.66,,1925000.0,1120000.0,0,0,0,0,0,0,0,0,0,0,0,0,0,0,0,0,0,0,127,2026-02-04 08:02:08.950397
WNTR,26.87,26.91,26.96,,1575400.0,1634900.0,0,0,0,0,0,0,0,0,0,0,0,0,0,0,0,0,0,0,127,2026-02-04 08:02:08.950397
SPNG,26.64,26.2,26.26,1459800.0,1082700.0,0,0,0,0,0,0,0,0,0,0,0,0,0,0,0,0,0,0,0,128,2026-02-04 08:02:09.996383
SMMR,24.78,24.77,24.78,1855200.0,1797200.0,0,0,0,0,0,0,0,0,0,0,0,0,0,0,0,0,0,0,0,128,2026-02-04 08:02:09.996383
ATMN,24.29,24.29,24.79,2025200.0,909400.0,0,0,0,0,0,0,0,0,0,0,0,0,0,0,0,0,0,0,0,128,2026-02-04 08:02:09.996383
WNTR,26.87,26.91,26.96,1683200.0,1853200.0,0,0,0,0,0,0,0,0,0,0,0,0,0,0,0,0,0,0,0,128,2026-02-04 08:02:09.996383
SPNG,26.74,26.2,26.26,1459800.0,7500.0,1047500.0,,0,0,0,0,0,0,0,0,0,0,0,0,0,0,0,0,0,129,2026-02-04 08:02:11.045570
SMMR,24.63,24.66,24.78,1859000.0,,2001500.0,,0,0,0,0,0,0,0,0,0,0,0,0,0,0,0,0,0,129,2026-02-04 08:02:11.045570
ATMN,24.79,24.3,24.79,2025200.0,,909400.0,10000.0,0,0,0,0,0,0,0,0,0,0,0,0,0,0,0,0,0,129,2026-02-04 08:02:11.045570
WNTR,26.87,26.91,26.96,1787300.0,,2097300.0,,0,0,0,0,0,0,0,0,0,0,0,0,0,0,0,0,0,129,2026-02-04 08:02:11.045570
SPNG,26.2,26.21,26.23,1875.0,1459800.0,1145000.0,,,0,0,0,0,0,0,0,0,0,0,0,0,0,0,0,0,130,2026-02-04 08:02:12.096681
SMMR,24.73,24.68,24.73,,1993800.0,2133400.0,,,0,0,0,0,0,0,0,0,0,0,0,0,0,0,0,0,130,2026-02-04 08:02:12.096681
ATMN,24.28,24.36,24.47,,2033600.0,1004100.0,10000.0,1875.0,0,0,0,0,0,0,0,0,0,0,0,0,0,0,0,0,130,2026-02-04 08:02:12.096681
WNTR,26.95,26.95,26.96,,1898100.0,2133900.0,,,0,0,0,0,0,0,0,0,0,0,0,0,0,0,0,0,130,2026-02-04 08:02:12.096681
SPNG,26.3,26.21,26.3,1875.0,1816200.0,1047500.0,1875.0,0,0,0,0,0,0,0,0,0,0,0,0,0,0,0,0,0,131,2026-02-04 08:02:13.131523
SMMR,24.7,24.76,24.77,1875.0,2129200.0,1888100.0,1875.0,0,0,0,0,0,0,0,0,0,0,0,0,0,0,0,0,0,131,2026-02-04 08:02:13.131523
ATMN,24.67,24.35,24.67,,2008000.0,1004100.0,,0,0,0,0,0,0,0,0,0,0,0,0,0,0,0,0,0,131,2026-02-04 08:02:13.131523
WNTR,26.95,26.95,26.96,1875.0,1995400.0,2174400.0,,0,0,0,0,0,0,0,0,0,0,0,0,0,0,0,0,0,131,2026-02-04 08:02:13.131523
SPNG,26.2,26.2,26.29,1816200.0,10000.0,1225000.0,,,0,0,0,0,0,0,0,0,0,0,0,0,0,0,0,0,132,2026-02-04 08:02:14.179400
SMMR,24.7,24.76,24.82,2351000.0,,1984900.0,,,0,0,0,0,0,0,0,0,0,0,0,0,0,0,0,0,132,2026-02-04 08:02:14.179400
ATMN,24.83,24.22,24.83,2032000.0,,811500.0,312.0,10000.0,0,0,0,0,0,0,0,0,0,0,0,0,0,0,0,0,132,2026-02-04 08:02:14.179400
WNTR,26.89,26.89,26.98,1896200.0,,2147300.0,,,0,0,0,0,0,0,0,0,0,0,0,0,0,0,0,0,132,2026-02-04 08:02:14.179400
SPNG,26.3,26.43,26.74,2131200.0,3203.0,1217700.0,0,0,0,0,0,0,0,0,0,0,0,0,0,0,0,0,0,0,133,2026-02-04 08:02:15.214949
SMMR,24.7,24.76,24.77,2351000.0,,2217300.0,0,0,0,0,0,0,0,0,0,0,0,0,0,0,0,0,0,0,133,2026-02-04 08:02:15.214949
ATMN,24.27,24.36,24.83,2025700.0,3203.0,811500.0,0,0,0,0,0,0,0,0,0,0,0,0,0,0,0,0,0,0,133,2026-02-04 08:02:15.214949
WNTR,26.89,26.97,26.98,2106600.0,,2152800.0,0,0,0,0,0,0,0,0,0,0,0,0,0,0,0,0,0,0,133,2026-02-04 08:02:15.214949
SPNG,26.74,26.83,26.85,2246000.0,3203.0,1222800.0,,0,0,0,0,0,0,0,0,0,0,0,0,0,0,0,0,0,134,2026-02-04 08:02:16.253778
SMMR,24.77,24.76,24.77,2444700.0,,2140000.0,3203.0,0,0,0,0,0,0,0,0,0,0,0,0,0,0,0,0,0,134,2026-02-04 08:02:16.253778
ATMN,24.47,24.36,24.41,2139300.0,3203.0,926500.0,,0,0,0,0,0,0,0,0,0,0,0,0,0,0,0,0,0,134,2026-02-04 08:02:16.253778
WNTR,27.01,26.97,27.01,2126400.0,1875.0,2150200.0,,0,0,0,0,0,0,0,0,0,0,0,0,0,0,0,0,0,134,2026-02-04 08:02:16.253778
SPNG,26.85,26.21,26.34,10000.0,2122800.0,1442500.0,10000.0,,0,0,0,0,0,0,0,0,0,0,0,0,0,0,0,0,135,2026-02-04 08:02:17.284623
SMMR,24.68,24.75,24.77,,2346800.0,2140000.0,,3203.0,0,0,0,0,0,0,0,0,0,0,0,0,0,0,0,0,135,2026-02-04 08:02:17.284623
ATMN,24.85,24.36,24.5,,2037100.0,1004100.0,,,0,0,0,0,0,0,0,0,0,0,0,0,0,0,0,0,135,2026-02-04 08:02:17.284623
WNTR,26.97,26.97,27.01,,2137700.0,2160100.0,,,0,0,0,0,0,0,0,0,0,0,0,0,0,0,0,0,135,2026-02-04 08:02:17.284623
SPNG,26.34,26.22,26.34,2331800.0,3203.0,1442500.0,,0,0,0,0,0,0,0,0,0,0,0,0,0,0,0,0,0,136,2026-02-04 08:02:18.323822
SMMR,24.75,24.75,24.77,2346800.0,,2135000.0,3203.0,0,0,0,0,0,0,0,0,0,0,0,0,0,0,0,0,0,136,2026-02-04 08:02:18.323822
ATMN,24.21,24.32,24.5,2266100.0,,1004100.0,,0,0,0,0,0,0,0,0,0,0,0,0,0,0,0,0,0,136,2026-02-04 08:02:18.323822
WNTR,26.82,26.82,27.01,1900700.0,,2160100.0,,0,0,0,0,0,0,0,0,0,0,0,0,0,0,0,0,0,136,2026-02-04 08:02:18.323822
SPNG,26.65,26.22,26.65,2448900.0,1326900.0,,0,0,0,0,0,0,0,0,0,0,0,0,0,0,0,0,0,0,137,2026-02-04 08:02:19.356670
SMMR,24.77,24.75,24.77,2460600.0,2123900.0,3203.0,0,0,0,0,0,0,0,0,0,0,0,0,0,0,0,0,0,0,137,2026-02-04 08:02:19.356670
ATMN,24.84,24.32,24.73,2266100.0,1123900.0,,0,0,0,0,0,0,0,0,0,0,0,0,0,0,0,0,0,0,137,2026-02-04 08:02:19.356670
WNTR,27.01,26.84,27.01,1910900.0,2160100.0,,0,0,0,0,0,0,0,0,0,0,0,0,0,0,0,0,0,0,137,2026-02-04 08:02:19.356670
SPNG,26.97,26.22,26.97,2393200.0,1123800.0,,0,0,0,0,0,0,0,0,0,0,0,0,0,0,0,0,0,0,138,2026-02-04 08:02:19.891092
SMMR,24.77,24.75,24.76,2460600.0,2151700.0,3203.0,0,0,0,0,0,0,0,0,0,0,0,0,0,0,0,0,0,0,138,2026-02-04 08:02:19.891092
ATMN,24.32,24.21,24.26,2282800.0,1236900.0,,0,0,0,0,0,0,0,0,0,0,0,0,0,0,0,0,0,0,138,2026-02-04 08:02:19.891092
WNTR,27.05,26.84,27.05,1910900.0,2121100.0,,0,0,0,0,0,0,0,0,0,0,0,0,0,0,0,0,0,0,138,2026-02-04 08:02:19.891092
SPNG,26.65,26.23,26.65,10000.0,2214800.0,1488400.0,0,0,0,0,0,0,0,0,0,0,0,0,0,0,0,0,0,0,139,2026-02-04 08:02:20.939145
SMMR,24.75,24.68,24.71,,2329400.0,2269700.0,0,0,0,0,0,0,0,0,0,0,0,0,0,0,0,0,0,0,139,2026-02-04 08:02:20.939145
ATMN,24.9,24.21,24.9,,2270300.0,1002700.0,0,0,0,0,0,0,0,0,0,0,0,0,0,0,0,0,0,0,139,2026-02-04 08:02:20.939145
WNTR,26.77,26.77,26.83,,2029500.0,2151800.0,0,0,0,0,0,0,0,0,0,0,0,0,0,0,0,0,0,0,139,2026-02-04 08:02:20.939145
SPNG,26.65,26.32,26.64,2327900.0,1665.0,1711800.0,,,,0,0,0,0,0,0,0,0,0,0,0,0,0,0,0,140,2026-02-04 08:02:21.977643
SMMR,24.71,24.68,24.71,2444100.0,,2284800.0,,,,0,0,0,0,0,0,0,0,0,0,0,0,0,0,0,140,2026-02-04 08:02:21.977643
ATMN,24.31,24.31,24.89,2007100.0,,1087300.0,10000.0,1665.0,10000.0,0,0,0,0,0,0,0,0,0,0,0,0,0,0,0,140,2026-02-04 08:02:21.977643
WNTR,26.77,26.82,26.83,2274700.0,,2151800.0,,,,0,0,0,0,0,0,0,0,0,0,0,0,0,0,0,140,2026-02-04 08:02:21.977643
SPNG,26.54,26.32,26.39,2166400.0,1665.0,1825400.0,1665.0,,,0,0,0,0,0,0,0,0,0,0,0,0,0,0,0,141,2026-02-04 08:02:23.015761
SMMR,24.73,24.68,24.73,2444100.0,,2133400.0,1665.0,,,0,0,0,0,0,0,0,0,0,0,0,0,0,0,0,141,2026-02-04 08:02:23.015761
ATMN,24.25,24.32,24.48,1984600.0,1665.0,1179800.0,,10000.0,10000.0,0,0,0,0,0,0,0,0,0,0,0,0,0,0,0,141,2026-02-04 08:02:23.015761
WNTR,27.07,27.08,27.09,2137400.0,1665.0,2094100.0,,,,0,0,0,0,0,0,0,0,0,0,0,0,0,0,0,141,2026-02-04 08:02:23.015761
SPNG,26.54,26.33,26.39,10000.0,2170100.0,2024600.0,0,0,0,0,0,0,0,0,0,0,0,0,0,0,0,0,0,0,142,2026-02-04 08:02:24.055436
SMMR,24.72,24.72,24.8,,2446100.0,2241400.0,0,0,0,0,0,0,0,0,0,0,0,0,0,0,0,0,0,0,142,2026-02-04 08:02:24.055436
ATMN,24.51,24.51,24.66,,2186000.0,1191900.0,0,0,0,0,0,0,0,0,0,0,0,0,0,0,0,0,0,0,142,2026-02-04 08:02:24.055436
WNTR,27.08,26.82,26.98,,2210900.0,2127500.0,0,0,0,0,0,0,0,0,0,0,0,0,0,0,0,0,0,0,142,2026-02-04 08:02:24.055436
SPNG,26.64,26.34,26.38,3747.0,2147500.0,3747.0,1911000.0,0,0,0,0,0,0,0,0,0,0,0,0,0,0,0,0,0,143,2026-02-04 08:02:25.101134
SMMR,24.81,24.72,24.74,,2446100.0,,2279100.0,0,0,0,0,0,0,0,0,0,0,0,0,0,0,0,0,0,143,2026-02-04 08:02:25.101134
ATMN,24.25,24.44,24.62,,2192800.0,3747.0,1285000.0,0,0,0,0,0,0,0,0,0,0,0,0,0,0,0,0,0,143,2026-02-04 08:02:25.101134
WNTR,26.81,26.81,27.09,,2208600.0,,2094100.0,0,0,0,0,0,0,0,0,0,0,0,0,0,0,0,0,0,143,2026-02-04 08:02:25.101134
SPNG,26.32,26.35,26.64,10000.0,2137700.0,2023000.0,,0,0,0,0,0,0,0,0,0,0,0,0,0,0,0,0,0,144,2026-02-04 08:02:26.149866
SMMR,24.72,24.72,24.74,,2410000.0,2279100.0,,0,0,0,0,0,0,0,0,0,0,0,0,0,0,0,0,0,144,2026-02-04 08:02:26.149866
ATMN,24.62,24.44,24.61,,2194300.0,1395600.0,3753.0,0,0,0,0,0,0,0,0,0,0,0,0,0,0,0,0,0,144,2026-02-04 08:02:26.149866
WNTR,27.09,27.08,27.09,,2177900.0,2135700.0,,0,0,0,0,0,0,0,0,0,0,0,0,0,0,0,0,0,144,2026-02-04 08:02:26.149866
SPNG,26.3,26.3,26.37,2269000.0,2070900.0,,,,,0,0,0,0,0,0,0,0,0,0,0,0,0,0,0,145,2026-02-04 08:02:27.191276
SMMR,24.61,24.61,24.74,2171700.0,2268800.0,,,,,0,0,0,0,0,0,0,0,0,0,0,0,0,0,0,145,2026-02-04 08:02:27.191276
ATMN,24.66,24.53,24.66,2057300.0,1302500.0,3753.0,,,,0,0,0,0,0,0,0,0,0,0,0,0,0,0,0,145,2026-02-04 08:02:27.191276
WNTR,27.08,26.89,26.93,2013700.0,1991700.0,2088.0,10000.0,10000.0,3753.0,0,0,0,0,0,0,0,0,0,0,0,0,0,0,0,145,2026-02-04 08:02:27.191276
SPNG,26.38,26.3,26.38,2269000.0,2053400.0,,,,0,0,0,0,0,0,0,0,0,0,0,0,0,0,0,0,146,2026-02-04 08:02:28.231287
SMMR,24.76,24.62,24.68,2171700.0,2159600.0,2186.0,2186.0,,0,0,0,0,0,0,0,0,0,0,0,0,0,0,0,0,146,2026-02-04 08:02:28.231287
ATMN,24.66,24.7,24.9,2170800.0,1197900.0,,,,0,0,0,0,0,0,0,0,0,0,0,0,0,0,0,0,146,2026-02-04 08:02:28.231287
WNTR,27.04,26.9,27.04,2013700.0,2121100.0,2186.0,,10000.0,0,0,0,0,0,0,0,0,0,0,0,0,0,0,0,0,146,2026-02-04 08:02:28.231287
SPNG,26.24,26.24,26.64,2247400.0,2046400.0,0,0,0,0,0,0,0,0,0,0,0,0,0,0,0,0,0,0,0,147,2026-02-04 08:02:29.266762
SMMR,24.7,24.61,24.63,2290100.0,2306100.0,0,0,0,0,0,0,0,0,0,0,0,0,0,0,0,0,0,0,0,147,2026-02-04 08:02:29.266762
ATMN,24.9,24.44,24.9,2201600.0,1197900.0,0,0,0,0,0,0,0,0,0,0,0,0,0,0,0,0,0,0,0,147,2026-02-04 08:02:29.266762
WNTR,27.11,26.89,27.11,2234400.0,1989700.0,0,0,0,0,0,0,0,0,0,0,0,0,0,0,0,0,0,0,0,147,2026-02-04 08:02:29.266762
SPNG,26.65,26.25,26.63,10000.0,2120900.0,1718.0,10000.0,1862900.0,,0,0,0,0,0,0,0,0,0,0,0,0,0,0,0,148,2026-02-04 08:02:30.304335
SMMR,24.81,24.61,24.81,,2290100.0,,,2293500.0,,0,0,0,0,0,0,0,0,0,0,0,0,0,0,0,148,2026-02-04 08:02:30.304335
ATMN,24.9,24.45,24.56,,2067900.0,1718.0,,1310400.0,1718.0,0,0,0,0,0,0,0,0,0,0,0,0,0,0,0,148,2026-02-04 08:02:30.304335
WNTR,26.89,26.9,27.14,10000.0,2043500.0,,,1887000.0,3753.0,0,0,0,0,0,0,0,0,0,0,0,0,0,0,0,148,2026-02-04 08:02:30.304335
SPNG,26.14,26.14,26.62,2301900.0,10000.0,1949300.0,,0,0,0,0,0,0,0,0,0,0,0,0,0,0,0,0,0,149,2026-02-04 08:02:31.349016
SMMR,24.81,24.72,24.81,2262000.0,,2293500.0,10000.0,0,0,0,0,0,0,0,0,0,0,0,0,0,0,0,0,0,149,2026-02-04 08:02:31.349016
ATMN,24.8,24.44,24.8,2181300.0,,1310400.0,,0,0,0,0,0,0,0,0,0,0,0,0,0,0,0,0,0,149,2026-02-04 08:02:31.349016
WNTR,26.89,26.89,26.95,2240800.0,,2106600.0,,0,0,0,0,0,0,0,0,0,0,0,0,0,0,0,0,0,149,2026-02-04 08:02:31.349016
SPNG,26.14,26.47,26.48,2232200.0,10000.0,1961400.0,0,0,0,0,0,0,0,0,0,0,0,0,0,0,0,0,0,0,150,2026-02-04 08:02:32.388388
SMMR,24.82,24.72,24.82,2426300.0,,2322600.0,0,0,0,0,0,0,0,0,0,0,0,0,0,0,0,0,0,0,150,2026-02-04 08:02:32.388388
ATMN,24.8,24.44,24.57,2181300.0,,1497600.0,0,0,0,0,0,0,0,0,0,0,0,0,0,0,0,0,0,0,150,2026-02-04 08:02:32.388388
WNTR,26.9,26.9,26.95,2238200.0,,2106600.0,0,0,0,0,0,0,0,0,0,0,0,0,0,0,0,0,0,0,150,2026-02-04 08:02:32.388388
SPNG,26.65,26.65,26.68,2173800.0,2004100.0,0,0,0,0,0,0,0,0,0,0,0,0,0,0,0,0,0,0,0,151,2026-02-04 08:02:33.425317
SMMR,24.72,24.72,24.82,2399600.0,2350100.0,0,0,0,0,0,0,0,0,0,0,0,0,0,0,0,0,0,0,0,151,2026-02-04 08:02:33.425317
ATMN,24.8,24.44,24.49,2180600.0,1604000.0,0,0,0,0,0,0,0,0,0,0,0,0,0,0,0,0,0,0,0,151,2026-02-04 08:02:33.425317
WNTR,26.9,26.81,26.84,2233800.0,2096700.0,0,0,0,0,0,0,0,0,0,0,0,0,0,0,0,0,0,0,0,151,2026-02-04 08:02:33.425317
SPNG,26.65,26.65,26.68,2173800.0,2029900.0,,0,0,0,0,0,0,0,0,0,0,0,0,0,0,0,0,0,0,152,2026-02-04 08:02:33.971949
SMMR,24.66,24.61,24.66,2395500.0,2355300.0,,0,0,0,0,0,0,0,0,0,0,0,0,0,0,0,0,0,0,152,2026-02-04 08:02:33.971949
ATMN,24.8,24.44,24.49,2040300.0,1724600.0,1718.0,0,0,0,0,0,0,0,0,0,0,0,0,0,0,0,0,0,0,152,2026-02-04 08:02:33.971949
WNTR,27.14,27.0,27.14,2259000.0,2086100.0,,0,0,0,0,0,0,0,0,0,0,0,0,0,0,0,0,0,0,152,2026-02-04 08:02:33.971949
SPNG,26.65,26.65,26.68,2173800.0,2033700.0,,0,0,0,0,0,0,0,0,0,0,0,0,0,0,0,0,0,0,153,2026-02-04 08:02:35.034209
SMMR,24.66,24.68,24.82,2393800.0,2339500.0,,0,0,0,0,0,0,0,0,0,0,0,0,0,0,0,0,0,0,153,2026-02-04 08:02:35.034209
ATMN,24.49,24.56,24.57,2089400.0,1618200.0,,0,0,0,0,0,0,0,0,0,0,0,0,0,0,0,0,0,0,153,2026-02-04 08:02:35.034209
WNTR,27.0,27.0,27.08,2165400.0,2106900.0,3753.0,0,0,0,0,0,0,0,0,0,0,0,0,0,0,0,0,0,0,153,2026-02-04 08:02:35.034209
SPNG,26.65,26.65,26.66,2173800.0,2022300.0,,,,0,0,0,0,0,0,0,0,0,0,0,0,0,0,0,0,154,2026-02-04 08:02:36.084824
SMMR,24.66,24.68,24.8,2214900.0,2078400.0,5273.0,5482.0,5273.0,0,0,0,0,0,0,0,0,0,0,0,0,0,0,0,0,154,2026-02-04 08:02:36.084824
ATMN,24.44,24.44,24.57,2019700.0,1831400.0,1718.0,,,0,0,0,0,0,0,0,0,0,0,0,0,0,0,0,0,154,2026-02-04 08:02:36.084824
WNTR,27.0,27.0,27.08,2165400.0,2163900.0,3753.0,,,0,0,0,0,0,0,0,0,0,0,0,0,0,0,0,0,154,2026-02-04 08:02:36.084824
SPNG,26.25,26.49,26.52,2205200.0,2025900.0,,0,0,0,0,0,0,0,0,0,0,0,0,0,0,0,0,0,0,155,2026-02-04 08:02:37.128381
SMMR,24.68,24.65,24.68,2382400.0,2157900.0,5482.0,0,0,0,0,0,0,0,0,0,0,0,0,0,0,0,0,0,0,155,2026-02-04 08:02:37.128381
ATMN,24.45,24.45,24.57,2126900.0,1831400.0,,0,0,0,0,0,0,0,0,0,0,0,0,0,0,0,0,0,0,155,2026-02-04 08:02:37.128381
WNTR,27.0,26.81,26.91,2233800.0,2160800.0,,0,0,0,0,0,0,0,0,0,0,0,0,0,0,0,0,0,0,155,2026-02-04 08:02:37.128381
SPNG,26.49,26.4,26.46,2176400.0,2046800.0,,,,0,0,0,0,0,0,0,0,0,0,0,0,0,0,0,0,156,2026-02-04 08:02:38.162689
SMMR,24.77,24.61,24.77,2397800.0,2303300.0,,,,0,0,0,0,0,0,0,0,0,0,0,0,0,0,0,0,156,2026-02-04 08:02:38.162689
ATMN,24.45,24.46,24.53,1912400.0,1992100.0,4518.0,1718.0,10000.0,0,0,0,0,0,0,0,0,0,0,0,0,0,0,0,0,156,2026-02-04 08:02:38.162689
WNTR,26.9,26.9,26.97,2165500.0,2158200.0,,4305.0,,0,0,0,0,0,0,0,0,0,0,0,0,0,0,0,0,156,2026-02-04 08:02:38.162689
SPNG,26.26,26.26,26.46,2061200.0,4305.0,1964100.0,4305.0,,0,0,0,0,0,0,0,0,0,0,0,0,0,0,0,0,157,2026-02-04 08:02:39.201632
SMMR,24.61,24.66,24.77,2212000.0,,2303300.0,,10000.0,0,0,0,0,0,0,0,0,0,0,0,0,0,0,0,0,157,2026-02-04 08:02:39.201632
ATMN,24.42,24.42,24.53,2093800.0,,2074800.0,,,0,0,0,0,0,0,0,0,0,0,0,0,0,0,0,0,157,2026-02-04 08:02:39.201632
WNTR,26.97,26.79,26.97,2248800.0,,2158200.0,,,0,0,0,0,0,0,0,0,0,0,0,0,0,0,0,0,157,2026-02-04 08:02:39.201632
SPNG,26.26,26.42,26.44,2765.0,2051300.0,2765.0,6446.0,1902200.0,0,0,0,0,0,0,0,0,0,0,0,0,0,0,0,0,158,2026-02-04 08:02:40.236320
SMMR,24.72,24.72,24.77,2765.0,2168500.0,,,2303300.0,0,0,0,0,0,0,0,0,0,0,0,0,0,0,0,0,158,2026-02-04 08:02:40.236320
ATMN,24.42,24.42,24.53,,2064500.0,,,2074800.0,0,0,0,0,0,0,0,0,0,0,0,0,0,0,0,0,158,2026-02-04 08:02:40.236320
WNTR,26.77,26.77,26.97,,2194300.0,,,2158200.0,0,0,0,0,0,0,0,0,0,0,0,0,0,0,0,0,158,2026-02-04 08:02:40.236320
SPNG,26.26,26.26,26.44,2165800.0,6446.0,1997700.0,,,,0,0,0,0,0,0,0,0,0,0,0,0,0,0,0,159,2026-02-04 08:02:41.274284
SMMR,24.72,24.74,24.77,2049700.0,,2303300.0,10000.0,2765.0,,0,0,0,0,0,0,0,0,0,0,0,0,0,0,0,159,2026-02-04 08:02:41.274284
ATMN,24.53,24.43,24.53,1974500.0,,2074800.0,,2156.0,,0,0,0,0,0,0,0,0,0,0,0,0,0,0,0,159,2026-02-04 08:02:41.274284
WNTR,27.01,26.86,26.96,2122000.0,,2045100.0,,2156.0,2156.0,0,0,0,0,0,0,0,0,0,0,0,0,0,0,0,159,2026-02-04 08:02:41.274284
SPNG,26.53,26.3,26.53,1977300.0,6446.0,2765.0,2042600.0,0,0,0,0,0,0,0,0,0,0,0,0,0,0,0,0,0,160,2026-02-04 08:02:42.313131
SMMR,24.82,24.74,24.82,2312300.0,,,2334600.0,0,0,0,0,0,0,0,0,0,0,0,0,0,0,0,0,0,160,2026-02-04 08:02:42.313131
ATMN,24.42,24.42,24.53,2057400.0,,,2074800.0,0,0,0,0,0,0,0,0,0,0,0,0,0,0,0,0,0,160,2026-02-04 08:02:42.313131
WNTR,26.86,26.86,27.08,2225700.0,,,2163900.0,0,0,0,0,0,0,0,0,0,0,0,0,0,0,0,0,0,160,2026-02-04 08:02:42.313131
SPNG,26.32,26.3,26.32,1990700.0,6446.0,2765.0,2083000.0,0,0,0,0,0,0,0,0,0,0,0,0,0,0,0,0,0,161,2026-02-04 08:02:43.344298
SMMR,24.82,24.75,24.82,2081300.0,10000.0,2765.0,2334200.0,0,0,0,0,0,0,0,0,0,0,0,0,0,0,0,0,0,161,2026-02-04 08:02:43.344298
ATMN,24.58,24.5,24.58,1941400.0,,2156.0,1850400.0,0,0,0,0,0,0,0,0,0,0,0,0,0,0,0,0,0,161,2026-02-04 08:02:43.344298
WNTR,27.06,26.86,26.99,2122000.0,,2156.0,2140900.0,0,0,0,0,0,0,0,0,0,0,0,0,0,0,0,0,0,161,2026-02-04 08:02:43.344298
SPNG,26.58,26.31,26.51,6446.0,2097800.0,2042100.0,,0,0,0,0,0,0,0,0,0,0,0,0,0,0,0,0,0,162,2026-02-04 08:02:44.389925
SMMR,24.72,24.77,24.81,10000.0,2199400.0,2216400.0,10000.0,0,0,0,0,0,0,0,0,0,0,0,0,0,0,0,0,0,162,2026-02-04 08:02:44.389925
ATMN,24.41,24.41,24.58,,2070400.0,1850400.0,,0,0,0,0,0,0,0,0,0,0,0,0,0,0,0,0,0,162,2026-02-04 08:02:44.389925
WNTR,27.08,27.08,27.14,,2248200.0,2154300.0,,0,0,0,0,0,0,0,0,0,0,0,0,0,0,0,0,0,162,2026-02-04 08:02:44.389925
SPNG,26.51,26.3,26.51,2118200.0,2765.0,2069400.0,,,0,0,0,0,0,0,0,0,0,0,0,0,0,0,0,0,163,2026-02-04 08:02:45.432792
SMMR,24.73,24.78,24.8,2200200.0,5730.0,2098200.0,8400.0,5730.0,0,0,0,0,0,0,0,0,0,0,0,0,0,0,0,0,163,2026-02-04 08:02:45.432792
ATMN,24.41,24.57,24.58,2060600.0,,1959200.0,,,0,0,0,0,0,0,0,0,0,0,0,0,0,0,0,0,163,2026-02-04 08:02:45.432792
WNTR,26.94,26.94,27.14,2136700.0,2156.0,2176200.0,,,0,0,0,0,0,0,0,0,0,0,0,0,0,0,0,0,163,2026-02-04 08:02:45.432792
SPNG,26.58,26.5,26.58,2191700.0,2038200.0,,0,0,0,0,0,0,0,0,0,0,0,0,0,0,0,0,0,0,164,2026-02-04 08:02:46.464497
SMMR,24.66,24.66,24.8,2315700.0,2216400.0,8400.0,0,0,0,0,0,0,0,0,0,0,0,0,0,0,0,0,0,0,164,2026-02-04 08:02:46.464497
ATMN,24.38,24.38,24.58,2087300.0,1959200.0,,0,0,0,0,0,0,0,0,0,0,0,0,0,0,0,0,0,0,164,2026-02-04 08:02:46.464497
WNTR,26.94,26.94,27.04,2234000.0,2129000.0,,0,0,0,0,0,0,0,0,0,0,0,0,0,0,0,0,0,0,164,2026-02-04 08:02:46.464497
SPNG,26.5,26.51,26.66,6446.0,1954900.0,2765.0,2032200.0,,0,0,0,0,0,0,0,0,0,0,0,0,0,0,0,0,165,2026-02-04 08:02:47.014928
SMMR,24.82,24.67,24.81,10000.0,2201000.0,,2216400.0,10000.0,0,0,0,0,0,0,0,0,0,0,0,0,0,0,0,0,165,2026-02-04 08:02:47.014928
ATMN,24.58,24.62,24.72,3554.0,1894200.0,2174.0,1863000.0,,0,0,0,0,0,0,0,0,0,0,0,0,0,0,0,0,165,2026-02-04 08:02:47.014928
WNTR,27.04,27.06,27.1,,2244900.0,,2136200.0,,0,0,0,0,0,0,0,0,0,0,0,0,0,0,0,0,165,2026-02-04 08:02:47.014928
SPNG,26.5,26.58,26.66,2071500.0,2765.0,2039400.0,0,0,0,0,0,0,0,0,0,0,0,0,0,0,0,0,0,0,166,2026-02-04 08:02:48.073847
SMMR,24.83,24.65,24.77,2307600.0,,2319500.0,0,0,0,0,0,0,0,0,0,0,0,0,0,0,0,0,0,0,166,2026-02-04 08:02:48.073847
ATMN,24.62,24.42,24.56,1985600.0,2174.0,2042700.0,0,0,0,0,0,0,0,0,0,0,0,0,0,0,0,0,0,0,166,2026-02-04 08:02:48.073847
WNTR,26.8,26.95,27.1,2203900.0,,2154000.0,0,0,0,0,0,0,0,0,0,0,0,0,0,0,0,0,0,0,166,2026-02-04 08:02:48.073847
SPNG,26.5,26.59,26.66,6446.0,2071500.0,2108000.0,,,0,0,0,0,0,0,0,0,0,0,0,0,0,0,0,0,167,2026-02-04 08:02:49.116842
SMMR,24.63,24.63,24.77,,2325600.0,2184800.0,5730.0,,0,0,0,0,0,0,0,0,0,0,0,0,0,0,0,0,167,2026-02-04 08:02:49.116842
ATMN,24.34,24.34,24.56,,2083600.0,2052400.0,,,0,0,0,0,0,0,0,0,0,0,0,0,0,0,0,0,167,2026-02-04 08:02:49.116842
WNTR,26.8,26.81,26.94,,2115200.0,2042100.0,1987.0,1987.0,0,0,0,0,0,0,0,0,0,0,0,0,0,0,0,0,167,2026-02-04 08:02:49.116842
SPNG,26.5,26.58,26.66,2176100.0,2109000.0,,0,0,0,0,0,0,0,0,0,0,0,0,0,0,0,0,0,0,168,2026-02-04 08:02:50.156150
SMMR,24.53,24.53,24.76,2350500.0,2184800.0,2360.0,0,0,0,0,0,0,0,0,0,0,0,0,0,0,0,0,0,0,168,2026-02-04 08:02:50.156150
ATMN,24.33,24.33,24.45,2111500.0,2088500.0,,0,0,0,0,0,0,0,0,0,0,0,0,0,0,0,0,0,0,168,2026-02-04 08:02:50.156150
WNTR,26.8,26.8,26.94,2293200.0,2042100.0,2360.0,0,0,0,0,0,0,0,0,0,0,0,0,0,0,0,0,0,0,168,2026-02-04 08:02:50.156150
SPNG,26.58,26.58,26.68,2071500.0,2765.0,2127000.0,,,,0,0,0,0,0,0,0,0,0,0,0,0,0,0,0,169,2026-02-04 08:02:51.196171
SMMR,24.53,24.67,24.73,2123300.0,2360.0,2046900.0,10000.0,10000.0,2360.0,0,0,0,0,0,0,0,0,0,0,0,0,0,0,0,169,2026-02-04 08:02:51.196171
ATMN,24.45,24.38,24.44,1890200.0,2174.0,1993400.0,662.0,662.0,,0,0,0,0,0,0,0,0,0,0,0,0,0,0,0,169,2026-02-04 08:02:51.196171
WNTR,26.94,27.1,27.12,2190200.0,2360.0,2068000.0,,,2360.0,0,0,0,0,0,0,0,0,0,0,0,0,0,0,0,169,2026-02-04 08:02:51.196171
SPNG,26.58,26.59,26.64,8676.0,2765.0,1983300.0,2024700.0,10000.0,0,0,0,0,0,0,0,0,0,0,0,0,0,0,0,0,170,2026-02-04 08:02:52.234391
SMMR,24.73,24.73,24.77,,5085.0,2254200.0,2339700.0,,0,0,0,0,0,0,0,0,0,0,0,0,0,0,0,0,170,2026-02-04 08:02:52.234391
ATMN,24.45,24.58,24.72,,,2092800.0,2046400.0,,0,0,0,0,0,0,0,0,0,0,0,0,0,0,0,0,170,2026-02-04 08:02:52.234391
WNTR,26.94,27.1,27.12,,,2319600.0,2204600.0,,0,0,0,0,0,0,0,0,0,0,0,0,0,0,0,0,170,2026-02-04 08:02:52.234391
SPNG,26.64,26.59,26.64,10000.0,2071500.0,2145400.0,0,0,0,0,0,0,0,0,0,0,0,0,0,0,0,0,0,0,171,2026-02-04 08:02:53.276949
SMMR,24.73,24.73,24.78,,2372900.0,2339700.0,0,0,0,0,0,0,0,0,0,0,0,0,0,0,0,0,0,0,171,2026-02-04 08:02:53.276949
ATMN,24.31,24.58,24.65,,2069300.0,2037500.0,0,0,0,0,0,0,0,0,0,0,0,0,0,0,0,0,0,0,171,2026-02-04 08:02:53.276949
WNTR,27.13,27.1,27.13,,2324300.0,2225600.0,0,0,0,0,0,0,0,0,0,0,0,0,0,0,0,0,0,0,171,2026-02-04 08:02:53.276949
SPNG,26.68,26.3,26.68,2213600.0,2123800.0,,0,0,0,0,0,0,0,0,0,0,0,0,0,0,0,0,0,0,172,2026-02-04 08:02:54.315854
SMMR,24.75,24.77,24.78,2384800.0,2339700.0,,0,0,0,0,0,0,0,0,0,0,0,0,0,0,0,0,0,0,172,2026-02-04 08:02:54.315854
ATMN,24.58,24.58,24.64,2069300.0,1963400.0,4266.0,0,0,0,0,0,0,0,0,0,0,0,0,0,0,0,0,0,0,172,2026-02-04 08:02:54.315854
WNTR,27.13,27.1,27.11,2284700.0,2248800.0,,0,0,0,0,0,0,0,0,0,0,0,0,0,0,0,0,0,0,172,2026-02-04 08:02:54.315854
SPNG,26.22,26.53,26.55,2231600.0,10000.0,2008800.0,,0,0,0,0,0,0,0,0,0,0,0,0,0,0,0,0,0,173,2026-02-04 08:02:55.355343
SMMR,24.75,24.77,24.78,2304500.0,,2339700.0,5085.0,0,0,0,0,0,0,0,0,0,0,0,0,0,0,0,0,0,173,2026-02-04 08:02:55.355343
ATMN,24.72,24.28,24.72,2064700.0,,2075000.0,,0,0,0,0,0,0,0,0,0,0,0,0,0,0,0,0,0,173,2026-02-04 08:02:55.355343
WNTR,27.13,27.1,27.13,2253300.0,,2225600.0,,0,0,0,0,0,0,0,0,0,0,0,0,0,0,0,0,0,173,2026-02-04 08:02:55.355343
SPNG,26.22,26.31,26.56,2713.0,2106500.0,2103300.0,,0,0,0,0,0,0,0,0,0,0,0,0,0,0,0,0,0,174,2026-02-04 08:02:56.391876
SMMR,24.78,24.77,24.78,,2381600.0,2342200.0,,0,0,0,0,0,0,0,0,0,0,0,0,0,0,0,0,0,174,2026-02-04 08:02:56.391876
ATMN,24.73,24.27,24.63,,2037500.0,1954700.0,2713.0,0,0,0,0,0,0,0,0,0,0,0,0,0,0,0,0,0,174,2026-02-04 08:02:56.391876
WNTR,27.13,27.1,27.13,,2253300.0,2239300.0,,0,0,0,0,0,0,0,0,0,0,0,0,0,0,0,0,0,174,2026-02-04 08:02:56.391876
SPNG,26.55,26.55,26.56,2229700.0,52.0,1983200.0,,,0,0,0,0,0,0,0,0,0,0,0,0,0,0,0,0,175,2026-02-04 08:02:57.439402
SMMR,24.76,24.77,24.78,2240800.0,,2360400.0,5085.0,,0,0,0,0,0,0,0,0,0,0,0,0,0,0,0,0,175,2026-02-04 08:02:57.439402
ATMN,24.66,24.28,24.48,1948300.0,,2063600.0,,10000.0,0,0,0,0,0,0,0,0,0,0,0,0,0,0,0,0,175,2026-02-04 08:02:57.439402
WNTR,27.15,26.98,27.15,2270800.0,,2220600.0,,,0,0,0,0,0,0,0,0,0,0,0,0,0,0,0,0,175,2026-02-04 08:02:57.439402
SPNG,26.55,26.22,26.32,2236400.0,2011900.0,52.0,0,0,0,0,0,0,0,0,0,0,0,0,0,0,0,0,0,0,176,2026-02-04 08:02:58.473580
SMMR,24.59,24.59,24.78,2348500.0,2363600.0,,0,0,0,0,0,0,0,0,0,0,0,0,0,0,0,0,0,0,176,2026-02-04 08:02:58.473580
ATMN,24.66,24.27,24.48,2075800.0,2063600.0,,0,0,0,0,0,0,0,0,0,0,0,0,0,0,0,0,0,0,176,2026-02-04 08:02:58.473580
WNTR,26.94,26.94,27.15,2309000.0,2245300.0,,0,0,0,0,0,0,0,0,0,0,0,0,0,0,0,0,0,0,176,2026-02-04 08:02:58.473580
SPNG,26.22,26.22,26.32,2217000.0,2106400.0,0,0,0,0,0,0,0,0,0,0,0,0,0,0,0,0,0,0,0,177,2026-02-04 08:02:59.520458
SMMR,24.78,24.73,24.76,2329900.0,2351500.0,0,0,0,0,0,0,0,0,0,0,0,0,0,0,0,0,0,0,0,177,2026-02-04 08:02:59.520458
ATMN,24.27,24.27,24.73,2073100.0,2061600.0,0,0,0,0,0,0,0,0,0,0,0,0,0,0,0,0,0,0,0,177,2026-02-04 08:02:59.520458
WNTR,27.01,26.94,27.01,2279300.0,2262000.0,0,0,0,0,0,0,0,0,0,0,0,0,0,0,0,0,0,0,0,177,2026-02-04 08:02:59.520458
SPNG,26.32,26.22,26.32,2178100.0,2106400.0,0,0,0,0,0,0,0,0,0,0,0,0,0,0,0,0,0,0,0,178,2026-02-04 08:03:00.571181
SMMR,24.59,24.59,24.76,2349400.0,2351500.0,0,0,0,0,0,0,0,0,0,0,0,0,0,0,0,0,0,0,0,178,2026-02-04 08:03:00.571181
ATMN,24.32,24.31,24.32,2087000.0,2057800.0,0,0,0,0,0,0,0,0,0,0,0,0,0,0,0,0,0,0,0,178,2026-02-04 08:03:00.571181
WNTR,27.01,27.05,27.13,2277600.0,2257500.0,0,0,0,0,0,0,0,0,0,0,0,0,0,0,0,0,0,0,0,178,2026-02-04 08:03:00.571181
SPNG,26.22,26.22,26.69,2178100.0,2132200.0,0,0,0,0,0,0,0,0,0,0,0,0,0,0,0,0,0,0,0,179,2026-02-04 08:03:01.158502
SMMR,24.78,24.74,24.78,2369500.0,2362100.0,0,0,0,0,0,0,0,0,0,0,0,0,0,0,0,0,0,0,0,179,2026-02-04 08:03:01.158502
ATMN,24.32,24.31,24.32,2088600.0,2057800.0,0,0,0,0,0,0,0,0,0,0,0,0,0,0,0,0,0,0,0,179,2026-02-04 08:03:01.158502
WNTR,27.01,27.12,27.13,2264100.0,2257500.0,0,0,0,0,0,0,0,0,0,0,0,0,0,0,0,0,0,0,0,179,2026-02-04 08:03:01.158502
SPNG,26.71,24.88,0.0,200000.0,,0,0,0,0,0,0,0,0,0,0,0,0,0,0,0,0,0,0,0,180,2026-02-04 08:03:02.300198
SMMR,24.8,25.97,0.0,200000.0,,0,0,0,0,0,0,0,0,0,0,0,0,0,0,0,0,0,0,0,180,2026-02-04 08:03:02.300198
ATMN,26.48,26.48,26.75,880300.0,576300.0,0,0,0,0,0,0,0,0,0,0,0,0,0,0,0,0,0,0,0,180,2026-02-04 08:03:02.300198
WNTR,27.16,24.42,0.0,200000.0,,0,0,0,0,0,0,0,0,0,0,0,0,0,0,0,0,0,0,0,180,2026-02-04 08:03:02.300198
SPNG,26.71,25.5,25.73,918600.0,961000.0,0,0,0,0,0,0,0,0,0,0,0,0,0,0,0,0,0,0,0,181,2026-02-04 08:03:03.341899
SMMR,25.97,25.97,26.01,1020700.0,908600.0,0,0,0,0,0,0,0,0,0,0,0,0,0,0,0,0,0,0,0,181,2026-02-04 08:03:03.341899
ATMN,26.32,25.96,26.32,1177800.0,760500.0,0,0,0,0,0,0,0,0,0,0,0,0,0,0,0,0,0,0,0,181,2026-02-04 08:03:03.341899
WNTR,24.79,24.42,24.57,983300.0,1168500.0,0,0,0,0,0,0,0,0,0,0,0,0,0,0,0,0,0,0,0,181,2026-02-04 08:03:03.341899
SPNG,24.88,24.96,25.73,949100.0,1198700.0,0,0,0,0,0,0,0,0,0,0,0,0,0,0,0,0,0,0,0,182,2026-02-04 08:03:04.483926
SMMR,25.76,25.68,25.75,1183100.0,1040800.0,0,0,0,0,0,0,0,0,0,0,0,0,0,0,0,0,0,0,0,182,2026-02-04 08:03:04.483926
ATMN,26.32,25.96,26.32,1484300.0,760500.0,0,0,0,0,0,0,0,0,0,0,0,0,0,0,0,0,0,0,0,182,2026-02-04 08:03:04.483926
WNTR,24.42,24.42,24.44,1014100.0,1304900.0,0,0,0,0,0,0,0,0,0,0,0,0,0,0,0,0,0,0,0,182,2026-02-04 08:03:04.483926
SPNG,24.96,24.96,25.72,949100.0,1389500.0,0,0,0,0,0,0,0,0,0,0,0,0,0,0,0,0,0,0,0,183,2026-02-04 08:03:05.528569
SMMR,25.75,25.77,26.01,1529500.0,908600.0,0,0,0,0,0,0,0,0,0,0,0,0,0,0,0,0,0,0,0,183,2026-02-04 08:03:05.528569
ATMN,26.75,26.32,26.75,1687700.0,814400.0,0,0,0,0,0,0,0,0,0,0,0,0,0,0,0,0,0,0,0,183,2026-02-04 08:03:05.528569
WNTR,24.42,24.42,24.44,1038900.0,1683600.0,0,0,0,0,0,0,0,0,0,0,0,0,0,0,0,0,0,0,0,183,2026-02-04 08:03:05.528569
SPNG,24.5,23.65,24.5,1218900.0,1726400.0,10000.0,,0,0,0,0,0,0,0,0,0,0,0,0,0,0,0,0,0,184,2026-02-04 08:03:06.583163
SMMR,25.75,25.87,26.0,1836000.0,1022300.0,10000.0,10000.0,0,0,0,0,0,0,0,0,0,0,0,0,0,0,0,0,0,184,2026-02-04 08:03:06.583163
ATMN,25.96,26.2,26.74,1684200.0,909100.0,10000.0,10000.0,0,0,0,0,0,0,0,0,0,0,0,0,0,0,0,0,0,184,2026-02-04 08:03:06.583163
WNTR,24.41,24.32,24.41,1038900.0,1935600.0,,,0,0,0,0,0,0,0,0,0,0,0,0,0,0,0,0,0,184,2026-02-04 08:03:06.583163
SPNG,25.34,24.56,25.34,1334500.0,1619300.0,,,,0,0,0,0,0,0,0,0,0,0,0,0,0,0,0,0,185,2026-02-04 08:03:07.627377
SMMR,26.01,25.88,25.99,1953600.0,908600.0,10000.0,7500.0,,0,0,0,0,0,0,0,0,0,0,0,0,0,0,0,0,185,2026-02-04 08:03:07.627377
ATMN,26.83,26.33,26.83,1793400.0,877900.0,,,,0,0,0,0,0,0,0,0,0,0,0,0,0,0,0,0,185,2026-02-04 08:03:07.627377
WNTR,24.44,24.34,24.44,1247100.0,1796700.0,,,7500.0,0,0,0,0,0,0,0,0,0,0,0,0,0,0,0,0,185,2026-02-04 08:03:07.627377
SPNG,24.56,24.0,24.14,1346500.0,1752600.0,,,0,0,0,0,0,0,0,0,0,0,0,0,0,0,0,0,0,186,2026-02-04 08:03:08.180392
SMMR,26.05,25.88,26.05,2062300.0,885400.0,10000.0,7500.0,0,0,0,0,0,0,0,0,0,0,0,0,0,0,0,0,0,186,2026-02-04 08:03:08.180392
ATMN,26.83,26.33,26.52,1793400.0,984500.0,,7500.0,0,0,0,0,0,0,0,0,0,0,0,0,0,0,0,0,0,186,2026-02-04 08:03:08.180392
WNTR,24.48,24.48,24.49,1354000.0,1660300.0,,7500.0,0,0,0,0,0,0,0,0,0,0,0,0,0,0,0,0,0,186,2026-02-04 08:03:08.180392
SPNG,24.49,24.61,25.34,1841200.0,7500.0,1619300.0,,,0,0,0,0,0,0,0,0,0,0,0,0,0,0,0,0,187,2026-02-04 08:03:09.250161
SMMR,26.02,26.03,26.05,2047900.0,7500.0,885400.0,10000.0,,0,0,0,0,0,0,0,0,0,0,0,0,0,0,0,0,187,2026-02-04 08:03:09.250161
ATMN,26.83,26.38,26.52,2098700.0,7500.0,984500.0,,7500.0,0,0,0,0,0,0,0,0,0,0,0,0,0,0,0,0,187,2026-02-04 08:03:09.250161
WNTR,24.34,24.34,24.49,1358800.0,7500.0,1775700.0,,,0,0,0,0,0,0,0,0,0,0,0,0,0,0,0,0,187,2026-02-04 08:03:09.250161
SPNG,25.59,25.59,25.72,1980500.0,1508800.0,0,0,0,0,0,0,0,0,0,0,0,0,0,0,0,0,0,0,0,188,2026-02-04 08:03:10.302371
SMMR,26.05,26.07,26.15,2315700.0,890100.0,0,0,0,0,0,0,0,0,0,0,0,0,0,0,0,0,0,0,0,188,2026-02-04 08:03:10.302371
ATMN,26.52,26.46,26.52,2186000.0,1065700.0,0,0,0,0,0,0,0,0,0,0,0,0,0,0,0,0,0,0,0,188,2026-02-04 08:03:10.302371
WNTR,24.49,24.34,24.49,1358800.0,2012500.0,0,0,0,0,0,0,0,0,0,0,0,0,0,0,0,0,0,0,0,188,2026-02-04 08:03:10.302371
SPNG,25.39,24.46,24.53,1854800.0,1932100.0,,0,0,0,0,0,0,0,0,0,0,0,0,0,0,0,0,0,0,189,2026-02-04 08:03:11.363882
SMMR,26.0,26.0,26.04,2168500.0,1017200.0,10000.0,0,0,0,0,0,0,0,0,0,0,0,0,0,0,0,0,0,0,189,2026-02-04 08:03:11.363882
ATMN,26.52,26.53,26.67,2188500.0,1040800.0,,0,0,0,0,0,0,0,0,0,0,0,0,0,0,0,0,0,0,189,2026-02-04 08:03:11.363882
WNTR,24.32,24.32,24.49,1139200.0,2012500.0,,0,0,0,0,0,0,0,0,0,0,0,0,0,0,0,0,0,0,189,2026-02-04 08:03:11.363882
SPNG,24.53,24.75,25.37,2114500.0,1818600.0,,,0,0,0,0,0,0,0,0,0,0,0,0,0,0,0,0,0,190,2026-02-04 08:03:12.400557
SMMR,25.84,25.83,25.84,2218900.0,1244100.0,,,0,0,0,0,0,0,0,0,0,0,0,0,0,0,0,0,0,190,2026-02-04 08:03:12.400557
ATMN,26.53,26.53,26.67,1947900.0,1140200.0,3125.0,,0,0,0,0,0,0,0,0,0,0,0,0,0,0,0,0,0,190,2026-02-04 08:03:12.400557
WNTR,24.32,24.33,24.41,1283500.0,2295300.0,3125.0,3125.0,0,0,0,0,0,0,0,0,0,0,0,0,0,0,0,0,0,190,2026-02-04 08:03:12.400557
SPNG,24.62,24.46,24.93,1980600.0,1951800.0,10000.0,0,0,0,0,0,0,0,0,0,0,0,0,0,0,0,0,0,0,191,2026-02-04 08:03:13.440873
SMMR,25.89,25.89,26.04,2277800.0,1241000.0,,0,0,0,0,0,0,0,0,0,0,0,0,0,0,0,0,0,0,191,2026-02-04 08:03:13.440873
ATMN,26.53,26.53,26.83,2056500.0,1139200.0,,0,0,0,0,0,0,0,0,0,0,0,0,0,0,0,0,0,0,191,2026-02-04 08:03:13.440873
WNTR,24.5,24.34,24.5,1250600.0,2036700.0,,0,0,0,0,0,0,0,0,0,0,0,0,0,0,0,0,0,0,191,2026-02-04 08:03:13.440873
SPNG,24.93,24.46,24.92,2346100.0,1406.0,1951800.0,,,0,0,0,0,0,0,0,0,0,0,0,0,0,0,0,0,192,2026-02-04 08:03:14.480551
SMMR,26.06,26.14,26.15,2177400.0,,1123800.0,10000.0,,0,0,0,0,0,0,0,0,0,0,0,0,0,0,0,0,192,2026-02-04 08:03:14.480551
ATMN,26.83,26.53,26.54,2017500.0,,1256500.0,,,0,0,0,0,0,0,0,0,0,0,0,0,0,0,0,0,192,2026-02-04 08:03:14.480551
WNTR,24.34,24.34,24.49,1403500.0,,2036700.0,,5200.0,0,0,0,0,0,0,0,0,0,0,0,0,0,0,0,0,192,2026-02-04 08:03:14.480551
SPNG,25.38,24.61,25.17,2458300.0,1406.0,2046700.0,,,,0,0,0,0,0,0,0,0,0,0,0,0,0,0,0,193,2026-02-04 08:03:15.522381
SMMR,25.91,25.94,25.95,2195300.0,,1241300.0,10000.0,7500.0,,0,0,0,0,0,0,0,0,0,0,0,0,0,0,0,193,2026-02-04 08:03:15.522381
ATMN,26.9,26.53,26.9,1913100.0,3125.0,1060100.0,,,,0,0,0,0,0,0,0,0,0,0,0,0,0,0,0,193,2026-02-04 08:03:15.522381
WNTR,24.34,24.38,24.47,1642700.0,,2147900.0,,3125.0,5200.0,0,0,0,0,0,0,0,0,0,0,0,0,0,0,0,193,2026-02-04 08:03:15.522381
SPNG,25.17,24.61,25.17,2581700.0,2046700.0,,,0,0,0,0,0,0,0,0,0,0,0,0,0,0,0,0,0,194,2026-02-04 08:03:16.565081
SMMR,25.83,25.83,26.15,2320000.0,1123800.0,,,0,0,0,0,0,0,0,0,0,0,0,0,0,0,0,0,0,194,2026-02-04 08:03:16.565081
ATMN,27.35,26.87,27.14,1898700.0,984500.0,2695.0,,0,0,0,0,0,0,0,0,0,0,0,0,0,0,0,0,0,194,2026-02-04 08:03:16.565081
WNTR,24.36,24.36,24.46,1626800.0,2147900.0,,5200.0,0,0,0,0,0,0,0,0,0,0,0,0,0,0,0,0,0,194,2026-02-04 08:03:16.565081
SPNG,24.99,24.61,24.99,2493000.0,1919000.0,4800.0,0,0,0,0,0,0,0,0,0,0,0,0,0,0,0,0,0,0,195,2026-02-04 08:03:17.606175
SMMR,25.95,25.83,25.9,2285700.0,1335100.0,,0,0,0,0,0,0,0,0,0,0,0,0,0,0,0,0,0,0,195,2026-02-04 08:03:17.606175
ATMN,27.35,26.87,27.14,2000800.0,1273100.0,,0,0,0,0,0,0,0,0,0,0,0,0,0,0,0,0,0,0,195,2026-02-04 08:03:17.606175
WNTR,24.36,24.41,24.5,1761600.0,2007400.0,,0,0,0,0,0,0,0,0,0,0,0,0,0,0,0,0,0,0,195,2026-02-04 08:03:17.606175
SPNG,24.98,25.17,25.38,2357300.0,1406.0,1899400.0,,,,0,0,0,0,0,0,0,0,0,0,0,0,0,0,0,196,2026-02-04 08:03:18.646600
SMMR,25.89,25.89,25.9,2121400.0,2119.0,1335100.0,10000.0,2119.0,,0,0,0,0,0,0,0,0,0,0,0,0,0,0,0,196,2026-02-04 08:03:18.646600
ATMN,26.46,26.7,27.13,2002500.0,,1273100.0,,,6000.0,0,0,0,0,0,0,0,0,0,0,0,0,0,0,0,196,2026-02-04 08:03:18.646600
WNTR,24.52,24.55,24.57,1888700.0,,1867200.0,,,,0,0,0,0,0,0,0,0,0,0,0,0,0,0,0,196,2026-02-04 08:03:18.646600
SPNG,24.34,25.28,25.38,2604100.0,1899400.0,,,0,0,0,0,0,0,0,0,0,0,0,0,0,0,0,0,0,197,2026-02-04 08:03:19.228231
SMMR,25.89,25.89,25.9,2347100.0,1438700.0,,,0,0,0,0,0,0,0,0,0,0,0,0,0,0,0,0,0,197,2026-02-04 08:03:19.228231
ATMN,26.7,26.7,26.84,1912200.0,1362000.0,2695.0,800.0,0,0,0,0,0,0,0,0,0,0,0,0,0,0,0,0,0,197,2026-02-04 08:03:19.228231
WNTR,24.52,24.55,24.57,1888700.0,2114400.0,,,0,0,0,0,0,0,0,0,0,0,0,0,0,0,0,0,0,197,2026-02-04 08:03:19.228231
SPNG,25.28,24.34,24.91,2470900.0,2058400.0,0,0,0,0,0,0,0,0,0,0,0,0,0,0,0,0,0,0,0,198,2026-02-04 08:03:20.294254
SMMR,25.89,25.89,25.9,2339600.0,1691200.0,0,0,0,0,0,0,0,0,0,0,0,0,0,0,0,0,0,0,0,198,2026-02-04 08:03:20.294254
ATMN,27.14,26.81,27.14,2010200.0,1273100.0,0,0,0,0,0,0,0,0,0,0,0,0,0,0,0,0,0,0,0,198,2026-02-04 08:03:20.294254
WNTR,24.41,24.41,24.46,1761600.0,2325800.0,0,0,0,0,0,0,0,0,0,0,0,0,0,0,0,0,0,0,0,198,2026-02-04 08:03:20.294254
SPNG,25.38,24.73,25.38,2330200.0,9600.0,2029800.0,,0,0,0,0,0,0,0,0,0,0,0,0,0,0,0,0,0,199,2026-02-04 08:03:21.334536
SMMR,25.91,25.89,25.91,2306400.0,,1564700.0,,0,0,0,0,0,0,0,0,0,0,0,0,0,0,0,0,0,199,2026-02-04 08:03:21.334536
ATMN,26.81,26.38,26.65,2048700.0,,1561600.0,,0,0,0,0,0,0,0,0,0,0,0,0,0,0,0,0,0,199,2026-02-04 08:03:21.334536
WNTR,24.37,24.36,24.37,1896800.0,,2252200.0,4382.0,0,0,0,0,0,0,0,0,0,0,0,0,0,0,0,0,0,199,2026-02-04 08:03:21.334536
SPNG,25.38,24.73,25.38,2328100.0,1977.0,2029800.0,0,0,0,0,0,0,0,0,0,0,0,0,0,0,0,0,0,0,200,2026-02-04 08:03:22.367444
SMMR,25.96,25.89,25.96,2284600.0,,1461100.0,0,0,0,0,0,0,0,0,0,0,0,0,0,0,0,0,0,0,200,2026-02-04 08:03:22.367444
ATMN,26.81,26.6,26.65,1960300.0,1977.0,1561600.0,0,0,0,0,0,0,0,0,0,0,0,0,0,0,0,0,0,0,200,2026-02-04 08:03:22.367444
WNTR,24.37,24.36,24.37,2006900.0,,2359700.0,0,0,0,0,0,0,0,0,0,0,0,0,0,0,0,0,0,0,200,2026-02-04 08:03:22.367444
SPNG,24.73,24.61,24.7,2445500.0,2046800.0,,0,0,0,0,0,0,0,0,0,0,0,0,0,0,0,0,0,0,201,2026-02-04 08:03:23.413999
SMMR,26.0,25.89,26.0,2156800.0,1340500.0,10000.0,0,0,0,0,0,0,0,0,0,0,0,0,0,0,0,0,0,0,201,2026-02-04 08:03:23.413999
ATMN,27.14,26.6,27.14,2043200.0,1379000.0,,0,0,0,0,0,0,0,0,0,0,0,0,0,0,0,0,0,0,201,2026-02-04 08:03:23.413999
WNTR,24.39,24.34,24.39,1875300.0,2337700.0,,0,0,0,0,0,0,0,0,0,0,0,0,0,0,0,0,0,0,201,2026-02-04 08:03:23.413999
SPNG,24.7,24.91,25.13,2315100.0,10000.0,2044800.0,,,,0,0,0,0,0,0,0,0,0,0,0,0,0,0,0,202,2026-02-04 08:03:24.453158
SMMR,25.83,25.83,25.95,2301600.0,,1471800.0,2180.0,,,0,0,0,0,0,0,0,0,0,0,0,0,0,0,0,202,2026-02-04 08:03:24.453158
ATMN,27.14,26.61,26.63,1809600.0,10000.0,1379000.0,2180.0,2180.0,10000.0,0,0,0,0,0,0,0,0,0,0,0,0,0,0,0,202,2026-02-04 08:03:24.453158
WNTR,24.39,24.34,24.39,2104500.0,,2324000.0,,,,0,0,0,0,0,0,0,0,0,0,0,0,0,0,0,202,2026-02-04 08:03:24.453158
SPNG,24.61,24.61,25.13,2424500.0,2068300.0,,0,0,0,0,0,0,0,0,0,0,0,0,0,0,0,0,0,0,203,2026-02-04 08:03:25.496257
SMMR,26.06,26.06,26.08,2190100.0,1552200.0,62.0,0,0,0,0,0,0,0,0,0,0,0,0,0,0,0,0,0,0,203,2026-02-04 08:03:25.496257
ATMN,26.58,26.65,26.88,2033300.0,1558200.0,,0,0,0,0,0,0,0,0,0,0,0,0,0,0,0,0,0,0,203,2026-02-04 08:03:25.496257
WNTR,24.34,24.34,24.39,2363200.0,2324000.0,,0,0,0,0,0,0,0,0,0,0,0,0,0,0,0,0,0,0,203,2026-02-04 08:03:25.496257
SPNG,25.15,24.61,25.15,2426800.0,2076500.0,,0,0,0,0,0,0,0,0,0,0,0,0,0,0,0,0,0,0,204,2026-02-04 08:03:26.534676
SMMR,26.06,25.83,25.89,2301600.0,1899100.0,,0,0,0,0,0,0,0,0,0,0,0,0,0,0,0,0,0,0,204,2026-02-04 08:03:26.534676
ATMN,26.46,26.46,26.82,2012000.0,1638600.0,,0,0,0,0,0,0,0,0,0,0,0,0,0,0,0,0,0,0,204,2026-02-04 08:03:26.534676
WNTR,24.34,24.31,24.34,2223100.0,2236000.0,3750.0,0,0,0,0,0,0,0,0,0,0,0,0,0,0,0,0,0,0,204,2026-02-04 08:03:26.534676
SPNG,24.61,24.49,24.59,2434100.0,2089000.0,0,0,0,0,0,0,0,0,0,0,0,0,0,0,0,0,0,0,0,205,2026-02-04 08:03:27.569951
SMMR,25.97,25.97,26.06,2301100.0,1879800.0,0,0,0,0,0,0,0,0,0,0,0,0,0,0,0,0,0,0,0,205,2026-02-04 08:03:27.569951
ATMN,26.84,26.46,26.84,1986200.0,1639800.0,0,0,0,0,0,0,0,0,0,0,0,0,0,0,0,0,0,0,0,205,2026-02-04 08:03:27.569951
WNTR,24.3,24.4,24.45,2184700.0,2334500.0,0,0,0,0,0,0,0,0,0,0,0,0,0,0,0,0,0,0,0,205,2026-02-04 08:03:27.569951
SPNG,24.59,24.62,25.14,2431400.0,5492.0,1955800.0,,,,0,0,0,0,0,0,0,0,0,0,0,0,0,0,0,206,2026-02-04 08:03:28.602929
SMMR,25.97,25.98,26.02,2062400.0,,2097700.0,10000.0,5492.0,10000.0,0,0,0,0,0,0,0,0,0,0,0,0,0,0,0,206,2026-02-04 08:03:28.602929
ATMN,26.84,26.84,26.88,1981900.0,,1725200.0,,,,0,0,0,0,0,0,0,0,0,0,0,0,0,0,0,206,2026-02-04 08:03:28.602929
WNTR,24.29,24.27,24.29,1978300.0,5492.0,2221100.0,,,,0,0,0,0,0,0,0,0,0,0,0,0,0,0,0,206,2026-02-04 08:03:28.602929
SPNG,24.54,24.54,25.38,2411600.0,2053000.0,0,0,0,0,0,0,0,0,0,0,0,0,0,0,0,0,0,0,0,207,2026-02-04 08:03:29.633378
SMMR,26.02,25.99,26.0,2307100.0,2197800.0,0,0,0,0,0,0,0,0,0,0,0,0,0,0,0,0,0,0,0,207,2026-02-04 08:03:29.633378
ATMN,26.88,27.02,27.08,1980000.0,1729700.0,0,0,0,0,0,0,0,0,0,0,0,0,0,0,0,0,0,0,0,207,2026-02-04 08:03:29.633378
WNTR,24.27,24.27,24.46,1978300.0,2316200.0,0,0,0,0,0,0,0,0,0,0,0,0,0,0,0,0,0,0,0,207,2026-02-04 08:03:29.633378
SPNG,24.71,24.54,24.71,2399800.0,2085400.0,0,0,0,0,0,0,0,0,0,0,0,0,0,0,0,0,0,0,0,208,2026-02-04 08:03:30.680051
SMMR,25.97,25.83,25.89,2301600.0,2224200.0,0,0,0,0,0,0,0,0,0,0,0,0,0,0,0,0,0,0,0,208,2026-02-04 08:03:30.680051
ATMN,26.62,26.42,26.62,1991400.0,1840400.0,0,0,0,0,0,0,0,0,0,0,0,0,0,0,0,0,0,0,0,208,2026-02-04 08:03:30.680051
WNTR,24.27,24.27,24.46,2250100.0,2334300.0,0,0,0,0,0,0,0,0,0,0,0,0,0,0,0,0,0,0,0,208,2026-02-04 08:03:30.680051
SPNG,24.93,25.3,25.38,2357100.0,2053000.0,0,0,0,0,0,0,0,0,0,0,0,0,0,0,0,0,0,0,0,209,2026-02-04 08:03:31.730483
SMMR,25.83,25.85,26.0,2277700.0,2211000.0,0,0,0,0,0,0,0,0,0,0,0,0,0,0,0,0,0,0,0,209,2026-02-04 08:03:31.730483
ATMN,26.62,26.46,26.62,2005900.0,1840400.0,0,0,0,0,0,0,0,0,0,0,0,0,0,0,0,0,0,0,0,209,2026-02-04 08:03:31.730483
WNTR,24.22,24.34,24.46,2136100.0,2334300.0,0,0,0,0,0,0,0,0,0,0,0,0,0,0,0,0,0,0,0,209,2026-02-04 08:03:31.730483
SPNG,24.7,24.7,25.11,2155000.0,3271.0,10000.0,2104100.0,,0,0,0,0,0,0,0,0,0,0,0,0,0,0,0,0,210,2026-02-04 08:03:32.762810
SMMR,25.83,25.85,25.99,2156900.0,3271.0,,2111500.0,3271.0,0,0,0,0,0,0,0,0,0,0,0,0,0,0,0,0,210,2026-02-04 08:03:32.762810
ATMN,26.88,26.46,26.76,2005900.0,,,1841200.0,,0,0,0,0,0,0,0,0,0,0,0,0,0,0,0,0,210,2026-02-04 08:03:32.762810
WNTR,24.34,24.34,24.4,2136100.0,3271.0,,2212100.0,3271.0,0,0,0,0,0,0,0,0,0,0,0,0,0,0,0,0,210,2026-02-04 08:03:32.762810
SPNG,24.7,24.7,25.11,2280800.0,3271.0,2143700.0,,0,0,0,0,0,0,0,0,0,0,0,0,0,0,0,0,0,211,2026-02-04 08:03:33.303708
SMMR,26.0,25.85,26.0,2156900.0,3271.0,2224700.0,,0,0,0,0,0,0,0,0,0,0,0,0,0,0,0,0,0,211,2026-02-04 08:03:33.303708
ATMN,26.88,26.46,26.62,1994200.0,,1772500.0,1977.0,0,0,0,0,0,0,0,0,0,0,0,0,0,0,0,0,0,211,2026-02-04 08:03:33.303708
WNTR,24.34,24.34,24.4,2136100.0,3271.0,2240400.0,3271.0,0,0,0,0,0,0,0,0,0,0,0,0,0,0,0,0,0,211,2026-02-04 08:03:33.303708
SPNG,24.7,25.0,25.11,2384400.0,2191900.0,,,,,0,0,0,0,0,0,0,0,0,0,0,0,0,0,0,212,2026-02-04 08:03:34.371945
SMMR,25.83,25.86,25.99,2202800.0,2113400.0,10000.0,10000.0,,,0,0,0,0,0,0,0,0,0,0,0,0,0,0,0,212,2026-02-04 08:03:34.371945
ATMN,26.88,26.73,26.76,1985800.0,1878200.0,,,,,0,0,0,0,0,0,0,0,0,0,0,0,0,0,0,212,2026-02-04 08:03:34.371945
WNTR,24.4,24.35,24.39,2243200.0,2229400.0,,,2917.0,2917.0,0,0,0,0,0,0,0,0,0,0,0,0,0,0,0,212,2026-02-04 08:03:34.371945
SPNG,24.81,24.7,24.81,2374700.0,2223300.0,0,0,0,0,0,0,0,0,0,0,0,0,0,0,0,0,0,0,0,213,2026-02-04 08:03:35.411424
SMMR,26.0,25.83,26.0,2309200.0,2250400.0,0,0,0,0,0,0,0,0,0,0,0,0,0,0,0,0,0,0,0,213,2026-02-04 08:03:35.411424
ATMN,26.73,26.73,26.76,1985800.0,1873500.0,0,0,0,0,0,0,0,0,0,0,0,0,0,0,0,0,0,0,0,213,2026-02-04 08:03:35.411424
WNTR,24.37,24.22,24.37,2124700.0,2358100.0,0,0,0,0,0,0,0,0,0,0,0,0,0,0,0,0,0,0,0,213,2026-02-04 08:03:35.411424
SPNG,24.49,24.49,25.22,2396200.0,2196300.0,0,0,0,0,0,0,0,0,0,0,0,0,0,0,0,0,0,0,0,214,2026-02-04 08:03:36.459900
SMMR,26.0,25.85,25.98,2338000.0,2247200.0,0,0,0,0,0,0,0,0,0,0,0,0,0,0,0,0,0,0,0,214,2026-02-04 08:03:36.459900
ATMN,26.6,26.61,26.76,1981400.0,1873500.0,0,0,0,0,0,0,0,0,0,0,0,0,0,0,0,0,0,0,0,214,2026-02-04 08:03:36.459900
WNTR,24.39,24.39,24.4,2465300.0,2342500.0,0,0,0,0,0,0,0,0,0,0,0,0,0,0,0,0,0,0,0,214,2026-02-04 08:03:36.459900
SPNG,24.51,24.85,25.07,2250100.0,10000.0,2189600.0,0,0,0,0,0,0,0,0,0,0,0,0,0,0,0,0,0,0,215,2026-02-04 08:03:37.494685
SMMR,26.0,25.89,25.98,2275700.0,,2247200.0,0,0,0,0,0,0,0,0,0,0,0,0,0,0,0,0,0,0,215,2026-02-04 08:03:37.494685
ATMN,26.76,26.46,26.76,1994600.0,,1873500.0,0,0,0,0,0,0,0,0,0,0,0,0,0,0,0,0,0,0,215,2026-02-04 08:03:37.494685
WNTR,24.28,24.28,24.31,2347800.0,,2362000.0,0,0,0,0,0,0,0,0,0,0,0,0,0,0,0,0,0,0,215,2026-02-04 08:03:37.494685
SPNG,25.07,24.5,25.07,4317.0,10000.0,2151200.0,2077400.0,4317.0,0,0,0,0,0,0,0,0,0,0,0,0,0,0,0,0,216,2026-02-04 08:03:38.527763
SMMR,25.9,25.89,25.9,,,2275700.0,2253500.0,,0,0,0,0,0,0,0,0,0,0,0,0,0,0,0,0,216,2026-02-04 08:03:38.527763
ATMN,26.7,26.7,26.76,4317.0,10000.0,1792000.0,1881300.0,,0,0,0,0,0,0,0,0,0,0,0,0,0,0,0,0,216,2026-02-04 08:03:38.527763
WNTR,24.21,24.21,24.31,,,2093800.0,2362000.0,,0,0,0,0,0,0,0,0,0,0,0,0,0,0,0,0,216,2026-02-04 08:03:38.527763
SPNG,25.4,25.4,25.96,2165800.0,6000.0,1315600.0,,0,0,0,0,0,0,0,0,0,0,0,0,0,0,0,0,0,269,2026-02-04 10:02:43.289861
SMMR,23.98,23.82,23.98,2174200.0,,2205900.0,,0,0,0,0,0,0,0,0,0,0,0,0,0,0,0,0,0,269,2026-02-04 10:02:43.289861
ATMN,26.1,25.86,26.1,2190700.0,,2253300.0,500.0,0,0,0,0,0,0,0,0,0,0,0,0,0,0,0,0,0,269,2026-02-04 10:02:43.289861
WNTR,24.24,24.34,24.39,2239600.0,,2109500.0,,0,0,0,0,0,0,0,0,0,0,0,0,0,0,0,0,0,269,2026-02-04 10:02:43.289861
SPNG,25.89,25.57,25.63,6000.0,2165800.0,1431200.0,6000.0,0,0,0,0,0,0,0,0,0,0,0,0,0,0,0,0,0,270,2026-02-04 10:02:43.835675
SMMR,24.0,23.9,23.98,6000.0,2065000.0,2130900.0,1000.0,0,0,0,0,0,0,0,0,0,0,0,0,0,0,0,0,0,270,2026-02-04 10:02:43.835675
ATMN,26.16,25.86,26.16,6000.0,2190700.0,2104900.0,6000.0,0,0,0,0,0,0,0,0,0,0,0,0,0,0,0,0,0,270,2026-02-04 10:02:43.835675
WNTR,24.14,24.13,24.14,,2242900.0,2006800.0,100.0,0,0,0,0,0,0,0,0,0,0,0,0,0,0,0,0,0,270,2026-02-04 10:02:43.835675
SPNG,26.02,26.24,26.29,2124700.0,6000.0,10000.0,1413000.0,,,0,0,0,0,0,0,0,0,0,0,0,0,0,0,0,271,2026-02-04 10:02:44.884689
SMMR,23.98,23.98,24.0,2189800.0,,,2220700.0,,,0,0,0,0,0,0,0,0,0,0,0,0,0,0,0,271,2026-02-04 10:02:44.884689
ATMN,25.81,25.82,26.16,2202000.0,,,2149200.0,10000.0,6000.0,0,0,0,0,0,0,0,0,0,0,0,0,0,0,0,271,2026-02-04 10:02:44.884689
WNTR,24.39,24.1,24.39,2217700.0,,,2109500.0,,,0,0,0,0,0,0,0,0,0,0,0,0,0,0,0,271,2026-02-04 10:02:44.884689
SPNG,25.99,25.27,25.34,2162700.0,1531300.0,10000.0,,,0,0,0,0,0,0,0,0,0,0,0,0,0,0,0,0,272,2026-02-04 10:02:45.936811
SMMR,23.96,23.78,23.96,2186500.0,2210700.0,,,,0,0,0,0,0,0,0,0,0,0,0,0,0,0,0,0,272,2026-02-04 10:02:45.936811
