ticker,last_price,bid_price,ask_price,BUY_ANON,SELL_ANON,BUY_GIOT-3,BUY_ZUAI-2,SELL_UEBR-1,SELL_GIOT-4,BUY_WRSW-1,BUY_WRSW-2,BUY_GIOT-4,BUY_UEBR-1,SELL_IESE-1,BUY_LUIS-4,SELL_GIOT-3,SELL_WRSW-2,SELL_WRSW-3,SELL_WRSW-1,BUY_WRSW-3,BUY_IESE-1,SELL_LUIS-4,tick,timestamp
SPNG,0.0,0.0,0.0,2265700.0,2119500.0,0,0,0,0,0,0,0,0,0,0,0,0,0,0,0,0,0,0,2026-02-04 00:16:11.061890
SMMR,0.0,0.0,0.0,2422200.0,2202800.0,0,0,0,0,0,0,0,0,0,0,0,0,0,0,0,0,0,0,2026-02-04 00:16:11.061890
ATMN,0.0,0.0,0.0,2458700.0,2179500.0,0,0,0,0,0,0,0,0,0,0,0,0,0,0,0,0,0,0,2026-02-04 00:16:11.061890
WNTR,0.0,0.0,0.0,2092100.0,1489900.0,0,0,0,0,0,0,0,0,0,0,0,0,0,0,0,0,0,0,2026-02-04 00:16:11.061890
SPNG,0.0,24.86,25.05,2289000.0,2216600.0,0,0,0,0,0,0,0,0,0,0,0,0,0,0,0,0,0,1,2026-02-04 00:16:12.097859,2.0,1.0,1.0,,Aggregate Position Limit,Your CRO has set the aggregate position limit to 13000 shares for this week.
SMMR,25.08,24.96,25.08,2436900.0,2101000.0,0,0,0,0,0,0,0,0,0,0,0,0,0,0,0,0,0,1,2026-02-04 00:16:12.097859,1.0,1.0,1.0,,Welcome to the RITC 2026 Alogithmic Market Making Case - practice server,
ATMN,24.85,24.85,25.0,2457000.0,2301800.0,0,0,0,0,0,0,0,0,0,0,0,0,0,0,0,0,0,1,2026-02-04 00:16:12.097859,,,,,,
WNTR,25.0,24.99,25.0,2092100.0,1603300.0,0,0,0,0,0,0,0,0,0,0,0,0,0,0,0,0,0,1,2026-02-04 00:16:12.097859,,,,,,
SPNG,25.39,24.86,25.39,2314700.0,2216000.0,0,0,0,0,0,0,0,0,0,0,0,0,0,0,0,0,0,2,2026-02-04 00:16:12.634844
SMMR,24.88,24.88,25.08,2465800.0,2194400.0,0,0,0,0,0,0,0,0,0,0,0,0,0,0,0,0,0,2,2026-02-04 00:16:12.634844
ATMN,25.02,24.85,25.02,2492400.0,2179500.0,0,0,0,0,0,0,0,0,0,0,0,0,0,0,0,0,0,2,2026-02-04 00:16:12.634844
WNTR,25.06,24.99,25.01,2092100.0,1574000.0,0,0,0,0,0,0,0,0,0,0,0,0,0,0,0,0,0,2,2026-02-04 00:16:12.634844
SPNG,25.39,24.86,25.13,2314700.0,2290800.0,0,0,0,0,0,0,0,0,0,0,0,0,0,0,0,0,0,3,2026-02-04 00:16:13.699097
SMMR,24.84,25.04,25.08,2450100.0,2194400.0,0,0,0,0,0,0,0,0,0,0,0,0,0,0,0,0,0,3,2026-02-04 00:16:13.699097
ATMN,25.02,24.85,25.02,2476100.0,2423900.0,0,0,0,0,0,0,0,0,0,0,0,0,0,0,0,0,0,3,2026-02-04 00:16:13.699097
WNTR,24.98,24.98,25.01,2133800.0,1696700.0,0,0,0,0,0,0,0,0,0,0,0,0,0,0,0,0,0,3,2026-02-04 00:16:13.699097
SPNG,24.76,24.76,25.13,2335300.0,2290800.0,0,0,0,0,0,0,0,0,0,0,0,0,0,0,0,0,0,4,2026-02-04 00:16:14.747014
SMMR,24.94,24.89,24.94,2442700.0,2327600.0,0,0,0,0,0,0,0,0,0,0,0,0,0,0,0,0,0,4,2026-02-04 00:16:14.747014
ATMN,25.02,24.85,25.02,2473400.0,2443300.0,0,0,0,0,0,0,0,0,0,0,0,0,0,0,0,0,0,4,2026-02-04 00:16:14.747014
WNTR,24.96,24.96,25.09,2157200.0,1605500.0,0,0,0,0,0,0,0,0,0,0,0,0,0,0,0,0,0,4,2026-02-04 00:16:14.747014
SPNG,25.13,24.98,25.13,2333300.0,2290800.0,0,0,0,0,0,0,0,0,0,0,0,0,0,0,0,0,0,5,2026-02-04 00:16:15.777358
SMMR,24.89,24.89,25.08,2442700.0,2194400.0,0,0,0,0,0,0,0,0,0,0,0,0,0,0,0,0,0,5,2026-02-04 00:16:15.777358
ATMN,25.02,24.85,25.02,2477200.0,2412800.0,0,0,0,0,0,0,0,0,0,0,0,0,0,0,0,0,0,5,2026-02-04 00:16:15.777358
WNTR,25.0,25.03,25.09,2156400.0,1703800.0,0,0,0,0,0,0,0,0,0,0,0,0,0,0,0,0,0,5,2026-02-04 00:16:15.777358
SPNG,25.03,25.09,25.13,2351000.0,2291700.0,0,0,0,0,0,0,0,0,0,0,0,0,0,0,0,0,0,6,2026-02-04 00:16:16.823478
SMMR,25.19,24.88,25.19,2452700.0,1943100.0,0,0,0,0,0,0,0,0,0,0,0,0,0,0,0,0,0,6,2026-02-04 00:16:16.823478
ATMN,24.85,24.85,25.05,2476500.0,2385000.0,0,0,0,0,0,0,0,0,0,0,0,0,0,0,0,0,0,6,2026-02-04 00:16:16.823478
WNTR,24.88,24.88,24.92,2127900.0,1824100.0,0,0,0,0,0,0,0,0,0,0,0,0,0,0,0,0,0,6,2026-02-04 00:16:16.823478
SPNG,24.71,24.97,25.13,2356700.0,2291700.0,0,0,0,0,0,0,0,0,0,0,0,0,0,0,0,0,0,7,2026-02-04 00:16:17.865718
SMMR,24.84,24.84,25.19,2474500.0,2037200.0,0,0,0,0,0,0,0,0,0,0,0,0,0,0,0,0,0,7,2026-02-04 00:16:17.865718
ATMN,25.05,24.85,25.05,2478400.0,2385000.0,0,0,0,0,0,0,0,0,0,0,0,0,0,0,0,0,0,7,2026-02-04 00:16:17.865718
WNTR,24.88,24.88,25.09,2127900.0,1799900.0,0,0,0,0,0,0,0,0,0,0,0,0,0,0,0,0,0,7,2026-02-04 00:16:17.865718
SPNG,24.97,24.69,24.96,2368900.0,2318900.0,0,0,0,0,0,0,0,0,0,0,0,0,0,0,0,0,0,8,2026-02-04 00:16:18.905904
SMMR,24.84,24.84,24.94,2443000.0,2263000.0,0,0,0,0,0,0,0,0,0,0,0,0,0,0,0,0,0,8,2026-02-04 00:16:18.905904
ATMN,25.05,25.04,25.05,2420900.0,2385000.0,0,0,0,0,0,0,0,0,0,0,0,0,0,0,0,0,0,8,2026-02-04 00:16:18.905904
WNTR,24.88,24.88,25.04,2135000.0,1991900.0,0,0,0,0,0,0,0,0,0,0,0,0,0,0,0,0,0,8,2026-02-04 00:16:18.905904
SPNG,24.97,24.75,24.96,2324200.0,2318900.0,0,0,0,0,0,0,0,0,0,0,0,0,0,0,0,0,0,9,2026-02-04 00:16:19.952458
SMMR,25.19,24.86,25.19,2455100.0,2246900.0,0,0,0,0,0,0,0,0,0,0,0,0,0,0,0,0,0,9,2026-02-04 00:16:19.952458
ATMN,25.23,25.1,25.23,2371600.0,2367000.0,0,0,0,0,0,0,0,0,0,0,0,0,0,0,0,0,0,9,2026-02-04 00:16:19.952458
WNTR,24.82,24.82,25.04,2101300.0,2086200.0,0,0,0,0,0,0,0,0,0,0,0,0,0,0,0,0,0,9,2026-02-04 00:16:19.952458
SPNG,25.13,25.08,25.13,2350500.0,2305800.0,0,0,0,0,0,0,0,0,0,0,0,0,0,0,0,0,0,10,2026-02-04 00:16:21.037384
SMMR,25.19,25.01,25.19,2487800.0,2246900.0,0,0,0,0,0,0,0,0,0,0,0,0,0,0,0,0,0,10,2026-02-04 00:16:21.037384
ATMN,25.04,25.04,25.23,2420900.0,2375600.0,0,0,0,0,0,0,0,0,0,0,0,0,0,0,0,0,0,10,2026-02-04 00:16:21.037384
WNTR,24.89,24.84,24.87,2132000.0,2102900.0,0,0,0,0,0,0,0,0,0,0,0,0,0,0,0,0,0,10,2026-02-04 00:16:21.037384
SPNG,25.13,25.08,25.13,2358000.0,2294200.0,0,0,0,0,0,0,0,0,0,0,0,0,0,0,0,0,0,11,2026-02-04 00:16:22.077532
SMMR,25.19,25.01,25.17,2487800.0,2352300.0,0,0,0,0,0,0,0,0,0,0,0,0,0,0,0,0,0,11,2026-02-04 00:16:22.077532
ATMN,25.23,25.04,25.23,2420900.0,2375600.0,0,0,0,0,0,0,0,0,0,0,0,0,0,0,0,0,0,11,2026-02-04 00:16:22.077532
WNTR,25.04,24.93,25.04,2114700.0,2086200.0,0,0,0,0,0,0,0,0,0,0,0,0,0,0,0,0,0,11,2026-02-04 00:16:22.077532
SPNG,25.26,25.05,25.26,2353400.0,2332700.0,0,0,0,0,0,0,0,0,0,0,0,0,0,0,0,0,0,12,2026-02-04 00:16:23.116512
SMMR,25.01,24.86,24.96,2481300.0,2380200.0,0,0,0,0,0,0,0,0,0,0,0,0,0,0,0,0,0,12,2026-02-04 00:16:23.116512
ATMN,24.81,24.98,25.15,2447100.0,2366800.0,0,0,0,0,0,0,0,0,0,0,0,0,0,0,0,0,0,12,2026-02-04 00:16:23.116512
WNTR,25.08,25.08,25.09,2139500.0,2087600.0,0,0,0,0,0,0,0,0,0,0,0,0,0,0,0,0,0,12,2026-02-04 00:16:23.116512
SPNG,25.05,24.75,24.95,2342700.0,2246800.0,0,0,0,0,0,0,0,0,0,0,0,0,0,0,0,0,0,13,2026-02-04 00:16:24.151795
SMMR,25.01,24.86,24.89,2479600.0,2384200.0,0,0,0,0,0,0,0,0,0,0,0,0,0,0,0,0,0,13,2026-02-04 00:16:24.151795
ATMN,25.15,24.98,25.15,2440200.0,2366800.0,0,0,0,0,0,0,0,0,0,0,0,0,0,0,0,0,0,13,2026-02-04 00:16:24.151795
WNTR,25.08,25.08,25.09,2139500.0,2097400.0,0,0,0,0,0,0,0,0,0,0,0,0,0,0,0,0,0,13,2026-02-04 00:16:24.151795
SPNG,25.26,25.01,25.26,2301100.0,2261600.0,0,0,0,0,0,0,0,0,0,0,0,0,0,0,0,0,0,14,2026-02-04 00:16:25.197177
SMMR,24.96,24.86,24.96,2509800.0,2380200.0,0,0,0,0,0,0,0,0,0,0,0,0,0,0,0,0,0,14,2026-02-04 00:16:25.197177
ATMN,24.98,24.81,24.95,2437900.0,2355100.0,0,0,0,0,0,0,0,0,0,0,0,0,0,0,0,0,0,14,2026-02-04 00:16:25.197177
WNTR,25.08,24.84,25.08,2132000.0,2098900.0,0,0,0,0,0,0,0,0,0,0,0,0,0,0,0,0,0,14,2026-02-04 00:16:25.197177
SPNG,25.26,25.15,25.26,2272600.0,2255000.0,0,0,0,0,0,0,0,0,0,0,0,0,0,0,0,0,0,15,2026-02-04 00:16:25.735150
SMMR,24.96,24.86,24.96,2491100.0,2380200.0,0,0,0,0,0,0,0,0,0,0,0,0,0,0,0,0,0,15,2026-02-04 00:16:25.735150
ATMN,24.98,24.87,24.95,2430600.0,2355100.0,0,0,0,0,0,0,0,0,0,0,0,0,0,0,0,0,0,15,2026-02-04 00:16:25.735150
WNTR,25.08,25.07,25.08,2118800.0,2119900.0,0,0,0,0,0,0,0,0,0,0,0,0,0,0,0,0,0,15,2026-02-04 00:16:25.735150
SPNG,24.75,24.75,25.1,2319400.0,2227300.0,0,0,0,0,0,0,0,0,0,0,0,0,0,0,0,0,0,16,2026-02-04 00:16:26.778900
SMMR,24.96,24.86,24.96,2510400.0,2380200.0,0,0,0,0,0,0,0,0,0,0,0,0,0,0,0,0,0,16,2026-02-04 00:16:26.778900
ATMN,25.24,24.9,25.24,2423900.0,2336300.0,0,0,0,0,0,0,0,0,0,0,0,0,0,0,0,0,0,16,2026-02-04 00:16:26.778900
WNTR,25.07,24.84,24.99,2132000.0,2156300.0,0,0,0,0,0,0,0,0,0,0,0,0,0,0,0,0,0,16,2026-02-04 00:16:26.778900
SPNG,25.28,24.78,25.28,2317700.0,2251300.0,0,0,0,0,0,0,0,0,0,0,0,0,0,0,0,0,0,17,2026-02-04 00:16:27.828982
SMMR,24.96,24.93,24.96,2481000.0,2380200.0,0,0,0,0,0,0,0,0,0,0,0,0,0,0,0,0,0,17,2026-02-04 00:16:27.828982
ATMN,24.81,24.81,25.24,2452600.0,2336300.0,0,0,0,0,0,0,0,0,0,0,0,0,0,0,0,0,0,17,2026-02-04 00:16:27.828982
WNTR,24.76,24.76,24.99,2123700.0,2156300.0,0,0,0,0,0,0,0,0,0,0,0,0,0,0,0,0,0,17,2026-02-04 00:16:27.828982
SPNG,25.34,25.14,25.34,2312500.0,2280400.0,0,0,0,0,0,0,0,0,0,0,0,0,0,0,0,0,0,18,2026-02-04 00:16:28.871578
SMMR,24.86,24.86,24.96,2564700.0,2380200.0,0,0,0,0,0,0,0,0,0,0,0,0,0,0,0,0,0,18,2026-02-04 00:16:28.871578
ATMN,25.01,25.01,25.22,2444900.0,2367400.0,0,0,0,0,0,0,0,0,0,0,0,0,0,0,0,0,0,18,2026-02-04 00:16:28.871578
WNTR,24.7,24.7,25.0,2018000.0,2155600.0,0,0,0,0,0,0,0,0,0,0,0,0,0,0,0,0,0,18,2026-02-04 00:16:28.871578
SPNG,25.25,24.78,25.25,2318900.0,2241700.0,0,0,0,0,0,0,0,0,0,0,0,0,0,0,0,0,0,19,2026-02-04 00:16:29.914804
SMMR,24.96,24.87,24.88,2552600.0,2379000.0,0,0,0,0,0,0,0,0,0,0,0,0,0,0,0,0,0,19,2026-02-04 00:16:29.914804
ATMN,24.83,25.08,25.22,2450200.0,2342500.0,0,0,0,0,0,0,0,0,0,0,0,0,0,0,0,0,0,19,2026-02-04 00:16:29.914804
WNTR,24.7,24.7,25.0,2018000.0,2171300.0,0,0,0,0,0,0,0,0,0,0,0,0,0,0,0,0,0,19,2026-02-04 00:16:29.914804
SPNG,24.78,24.78,25.25,2302100.0,2209500.0,0,0,0,0,0,0,0,0,0,0,0,0,0,0,0,0,0,20,2026-02-04 00:16:30.956882
SMMR,24.88,24.87,24.88,2556300.0,2379000.0,0,0,0,0,0,0,0,0,0,0,0,0,0,0,0,0,0,20,2026-02-04 00:16:30.956882
ATMN,24.8,24.8,25.22,2441200.0,2345600.0,0,0,0,0,0,0,0,0,0,0,0,0,0,0,0,0,0,20,2026-02-04 00:16:30.956882
WNTR,25.0,24.7,25.0,2018000.0,2171300.0,0,0,0,0,0,0,0,0,0,0,0,0,0,0,0,0,0,20,2026-02-04 00:16:30.956882
SPNG,24.78,24.91,25.25,2310700.0,2209500.0,0,0,0,0,0,0,0,0,0,0,0,0,0,0,0,0,0,21,2026-02-04 00:16:32.004475
SMMR,24.87,24.87,25.19,2556300.0,2374900.0,0,0,0,0,0,0,0,0,0,0,0,0,0,0,0,0,0,21,2026-02-04 00:16:32.004475
ATMN,24.8,24.66,24.67,2492700.0,2412800.0,0,0,0,0,0,0,0,0,0,0,0,0,0,0,0,0,0,21,2026-02-04 00:16:32.004475
WNTR,24.9,24.85,24.9,2126400.0,2177900.0,0,0,0,0,0,0,0,0,0,0,0,0,0,0,0,0,0,21,2026-02-04 00:16:32.004475
SPNG,25.34,24.91,25.34,2310700.0,2173500.0,0,0,0,0,0,0,0,0,0,0,0,0,0,0,0,0,0,22,2026-02-04 00:16:33.041397
SMMR,24.87,24.87,25.04,2578700.0,2416000.0,0,0,0,0,0,0,0,0,0,0,0,0,0,0,0,0,0,22,2026-02-04 00:16:33.041397
ATMN,24.83,24.81,24.82,2470400.0,2412400.0,0,0,0,0,0,0,0,0,0,0,0,0,0,0,0,0,0,22,2026-02-04 00:16:33.041397
WNTR,24.9,24.85,24.86,2122500.0,2162100.0,0,0,0,0,0,0,0,0,0,0,0,0,0,0,0,0,0,22,2026-02-04 00:16:33.041397
SPNG,25.45,24.91,24.98,2310700.0,2204300.0,0,0,0,0,0,0,0,0,0,0,0,0,0,0,0,0,0,23,2026-02-04 00:16:34.081117
SMMR,24.86,25.01,25.04,2564100.0,2394900.0,0,0,0,0,0,0,0,0,0,0,0,0,0,0,0,0,0,23,2026-02-04 00:16:34.081117
ATMN,24.81,24.75,24.8,2449600.0,2423600.0,0,0,0,0,0,0,0,0,0,0,0,0,0,0,0,0,0,23,2026-02-04 00:16:34.081117
WNTR,24.9,24.96,25.0,2133800.0,2182800.0,0,0,0,0,0,0,0,0,0,0,0,0,0,0,0,0,0,23,2026-02-04 00:16:34.081117
SPNG,24.98,25.01,25.4,2296700.0,2238000.0,0,0,0,0,0,0,0,0,0,0,0,0,0,0,0,0,0,24,2026-02-04 00:16:35.116002
SMMR,25.01,25.03,25.04,2570200.0,2402200.0,0,0,0,0,0,0,0,0,0,0,0,0,0,0,0,0,0,24,2026-02-04 00:16:35.116002
ATMN,25.09,24.78,25.09,2412800.0,2374900.0,0,0,0,0,0,0,0,0,0,0,0,0,0,0,0,0,0,24,2026-02-04 00:16:35.116002
WNTR,24.82,24.84,25.0,2113700.0,2182800.0,0,0,0,0,0,0,0,0,0,0,0,0,0,0,0,0,0,24,2026-02-04 00:16:35.116002
SPNG,25.01,25.01,25.4,2296700.0,2258100.0,0,0,0,0,0,0,0,0,0,0,0,0,0,0,0,0,0,25,2026-02-04 00:16:36.163599
SMMR,25.03,25.03,25.04,2570200.0,2412200.0,0,0,0,0,0,0,0,0,0,0,0,0,0,0,0,0,0,25,2026-02-04 00:16:36.163599
ATMN,25.22,24.78,25.05,2412800.0,2419400.0,0,0,0,0,0,0,0,0,0,0,0,0,0,0,0,0,0,25,2026-02-04 00:16:36.163599
WNTR,24.68,24.68,25.0,1939600.0,2148800.0,0,0,0,0,0,0,0,0,0,0,0,0,0,0,0,0,0,25,2026-02-04 00:16:36.163599
SPNG,25.4,25.01,25.09,2271100.0,2262300.0,0,0,0,0,0,0,0,0,0,0,0,0,0,0,0,0,0,26,2026-02-04 00:16:37.205508
SMMR,24.92,25.03,25.04,2541700.0,2432800.0,0,0,0,0,0,0,0,0,0,0,0,0,0,0,0,0,0,26,2026-02-04 00:16:37.205508
ATMN,25.05,24.78,24.99,2412800.0,2394100.0,0,0,0,0,0,0,0,0,0,0,0,0,0,0,0,0,0,26,2026-02-04 00:16:37.205508
WNTR,24.9,24.9,25.0,2033300.0,2156000.0,0,0,0,0,0,0,0,0,0,0,0,0,0,0,0,0,0,26,2026-02-04 00:16:37.205508
SPNG,25.01,24.98,24.99,2271100.0,2282200.0,0,0,0,0,0,0,0,0,0,0,0,0,0,0,0,0,0,27,2026-02-04 00:16:38.254059
SMMR,24.86,24.86,25.0,2556900.0,2395700.0,0,0,0,0,0,0,0,0,0,0,0,0,0,0,0,0,0,27,2026-02-04 00:16:38.254059
ATMN,25.19,24.85,25.16,2437800.0,2412500.0,0,0,0,0,0,0,0,0,0,0,0,0,0,0,0,0,0,27,2026-02-04 00:16:38.254059
WNTR,24.9,24.68,24.88,1939600.0,2135100.0,0,0,0,0,0,0,0,0,0,0,0,0,0,0,0,0,0,27,2026-02-04 00:16:38.254059
SPNG,25.38,24.98,25.38,2279400.0,2255500.0,0,0,0,0,0,0,0,0,0,0,0,0,0,0,0,0,0,28,2026-02-04 00:16:39.295659
SMMR,24.85,24.95,25.0,2564400.0,2395700.0,0,0,0,0,0,0,0,0,0,0,0,0,0,0,0,0,0,28,2026-02-04 00:16:39.295659
ATMN,24.75,24.75,24.76,2412000.0,2389200.0,0,0,0,0,0,0,0,0,0,0,0,0,0,0,0,0,0,28,2026-02-04 00:16:39.295659
WNTR,24.66,24.84,24.88,1956400.0,2142700.0,0,0,0,0,0,0,0,0,0,0,0,0,0,0,0,0,0,28,2026-02-04 00:16:39.295659
SPNG,24.91,24.91,25.19,2305000.0,2252600.0,0,0,0,0,0,0,0,0,0,0,0,0,0,0,0,0,0,29,2026-02-04 00:16:39.833345
SMMR,24.95,24.95,25.04,2564400.0,2417900.0,0,0,0,0,0,0,0,0,0,0,0,0,0,0,0,0,0,29,2026-02-04 00:16:39.833345
ATMN,24.76,24.93,25.16,2465100.0,2412500.0,0,0,0,0,0,0,0,0,0,0,0,0,0,0,0,0,0,29,2026-02-04 00:16:39.833345
WNTR,24.88,24.73,24.88,1956400.0,2135100.0,0,0,0,0,0,0,0,0,0,0,0,0,0,0,0,0,0,29,2026-02-04 00:16:39.833345
SPNG,24.78,24.78,25.38,2335500.0,2240100.0,0,0,0,0,0,0,0,0,0,0,0,0,0,0,0,0,0,30,2026-02-04 00:16:40.884562
SMMR,24.95,24.95,25.04,2547300.0,2422700.0,0,0,0,0,0,0,0,0,0,0,0,0,0,0,0,0,0,30,2026-02-04 00:16:40.884562
ATMN,24.76,24.93,25.05,2465100.0,2402100.0,0,0,0,0,0,0,0,0,0,0,0,0,0,0,0,0,0,30,2026-02-04 00:16:40.884562
WNTR,24.88,24.83,24.88,2159200.0,2143500.0,0,0,0,0,0,0,0,0,0,0,0,0,0,0,0,0,0,30,2026-02-04 00:16:40.884562
SPNG,24.75,24.75,25.38,2327600.0,2240100.0,0,0,0,0,0,0,0,0,0,0,0,0,0,0,0,0,0,31,2026-02-04 00:16:41.977508
SMMR,24.84,24.84,24.88,2512200.0,2454900.0,0,0,0,0,0,0,0,0,0,0,0,0,0,0,0,0,0,31,2026-02-04 00:16:41.977508
ATMN,24.93,24.75,24.79,2452400.0,2408400.0,0,0,0,0,0,0,0,0,0,0,0,0,0,0,0,0,0,31,2026-02-04 00:16:41.977508
WNTR,24.83,24.83,24.88,2159200.0,2155900.0,0,0,0,0,0,0,0,0,0,0,0,0,0,0,0,0,0,31,2026-02-04 00:16:41.977508
SPNG,24.69,25.1,25.14,2364200.0,2273400.0,0,0,0,0,0,0,0,0,0,0,0,0,0,0,0,0,0,32,2026-02-04 00:16:43.034321
SMMR,24.89,24.84,24.89,2548400.0,2448800.0,0,0,0,0,0,0,0,0,0,0,0,0,0,0,0,0,0,32,2026-02-04 00:16:43.034321
ATMN,24.79,24.75,24.79,2450300.0,2408400.0,0,0,0,0,0,0,0,0,0,0,0,0,0,0,0,0,0,32,2026-02-04 00:16:43.034321
WNTR,24.83,24.83,24.87,2154500.0,2134000.0,0,0,0,0,0,0,0,0,0,0,0,0,0,0,0,0,0,32,2026-02-04 00:16:43.034321
SPNG,25.1,25.1,25.14,2364200.0,2274100.0,0,0,0,0,0,0,0,0,0,0,0,0,0,0,0,0,0,33,2026-02-04 00:16:44.074948
SMMR,24.84,24.84,24.89,2514300.0,2448800.0,0,0,0,0,0,0,0,0,0,0,0,0,0,0,0,0,0,33,2026-02-04 00:16:44.074948
ATMN,25.16,24.88,25.16,2419900.0,2399900.0,0,0,0,0,0,0,0,0,0,0,0,0,0,0,0,0,0,33,2026-02-04 00:16:44.074948
WNTR,24.83,24.83,24.87,2154500.0,2198000.0,0,0,0,0,0,0,0,0,0,0,0,0,0,0,0,0,0,33,2026-02-04 00:16:44.074948
SPNG,25.14,24.69,25.14,2374300.0,2276700.0,0,0,0,0,0,0,0,0,0,0,0,0,0,0,0,0,0,34,2026-02-04 00:16:45.102091
SMMR,24.89,24.89,25.04,2526700.0,2422700.0,0,0,0,0,0,0,0,0,0,0,0,0,0,0,0,0,0,34,2026-02-04 00:16:45.102091
ATMN,25.16,24.81,25.16,2418600.0,2399900.0,0,0,0,0,0,0,0,0,0,0,0,0,0,0,0,0,0,34,2026-02-04 00:16:45.102091
WNTR,24.88,24.89,24.92,2160300.0,2202300.0,0,0,0,0,0,0,0,0,0,0,0,0,0,0,0,0,0,34,2026-02-04 00:16:45.102091
SPNG,25.16,24.69,25.16,2355800.0,2244700.0,0,0,0,0,0,0,0,0,0,0,0,0,0,0,0,0,0,35,2026-02-04 00:16:46.137795
SMMR,24.84,24.84,25.04,2518700.0,2449100.0,0,0,0,0,0,0,0,0,0,0,0,0,0,0,0,0,0,35,2026-02-04 00:16:46.137795
ATMN,25.22,24.81,25.22,2408800.0,2369100.0,0,0,0,0,0,0,0,0,0,0,0,0,0,0,0,0,0,35,2026-02-04 00:16:46.137795
WNTR,24.79,24.79,24.84,2147000.0,2231000.0,0,0,0,0,0,0,0,0,0,0,0,0,0,0,0,0,0,35,2026-02-04 00:16:46.137795
SPNG,25.16,25.16,25.17,2348700.0,2261900.0,0,0,0,0,0,0,0,0,0,0,0,0,0,0,0,0,0,36,2026-02-04 00:16:47.175713
SMMR,24.96,24.84,24.9,2494200.0,2477100.0,0,0,0,0,0,0,0,0,0,0,0,0,0,0,0,0,0,36,2026-02-04 00:16:47.175713
ATMN,25.22,24.75,25.22,2429400.0,2388000.0,0,0,0,0,0,0,0,0,0,0,0,0,0,0,0,0,0,36,2026-02-04 00:16:47.175713
WNTR,24.84,24.79,24.84,2147000.0,2223400.0,0,0,0,0,0,0,0,0,0,0,0,0,0,0,0,0,0,36,2026-02-04 00:16:47.175713
SPNG,25.0,25.16,25.17,2356400.0,2246800.0,0,0,0,0,0,0,0,0,0,0,0,0,0,0,0,0,0,37,2026-02-04 00:16:48.208312
SMMR,25.02,24.84,24.87,2494200.0,2480200.0,0,0,0,0,0,0,0,0,0,0,0,0,0,0,0,0,0,37,2026-02-04 00:16:48.208312
ATMN,24.66,24.66,24.86,2452900.0,2380000.0,0,0,0,0,0,0,0,0,0,0,0,0,0,0,0,0,0,37,2026-02-04 00:16:48.208312
WNTR,24.77,24.77,24.84,2167600.0,2223700.0,0,0,0,0,0,0,0,0,0,0,0,0,0,0,0,0,0,37,2026-02-04 00:16:48.208312
SPNG,25.17,24.77,25.17,2337100.0,2246800.0,0,0,0,0,0,0,0,0,0,0,0,0,0,0,0,0,0,38,2026-02-04 00:16:49.241136
SMMR,25.02,24.84,24.85,2501700.0,2473000.0,0,0,0,0,0,0,0,0,0,0,0,0,0,0,0,0,0,38,2026-02-04 00:16:49.241136
ATMN,24.66,24.8,24.86,2452300.0,2364100.0,0,0,0,0,0,0,0,0,0,0,0,0,0,0,0,0,0,38,2026-02-04 00:16:49.241136
WNTR,24.84,24.88,24.91,2172300.0,2202200.0,0,0,0,0,0,0,0,0,0,0,0,0,0,0,0,0,0,38,2026-02-04 00:16:49.241136
SPNG,25.17,24.8,24.86,2356700.0,2242100.0,0,0,0,0,0,0,0,0,0,0,0,0,0,0,0,0,0,39,2026-02-04 00:16:50.280037
SMMR,24.82,24.83,24.85,2473300.0,2462900.0,0,0,0,0,0,0,0,0,0,0,0,0,0,0,0,0,0,39,2026-02-04 00:16:50.280037
ATMN,25.1,24.8,24.95,2452300.0,2338500.0,0,0,0,0,0,0,0,0,0,0,0,0,0,0,0,0,0,39,2026-02-04 00:16:50.280037
WNTR,24.88,24.73,24.84,2165100.0,2227200.0,0,0,0,0,0,0,0,0,0,0,0,0,0,0,0,0,0,39,2026-02-04 00:16:50.280037
SPNG,25.17,24.8,24.86,2340300.0,2242100.0,0,0,0,0,0,0,0,0,0,0,0,0,0,0,0,0,0,40,2026-02-04 00:16:51.326840
SMMR,24.85,24.84,24.85,2466300.0,2462900.0,0,0,0,0,0,0,0,0,0,0,0,0,0,0,0,0,0,40,2026-02-04 00:16:51.326840
ATMN,24.95,24.8,24.95,2402200.0,2331800.0,0,0,0,0,0,0,0,0,0,0,0,0,0,0,0,0,0,40,2026-02-04 00:16:51.326840
WNTR,24.65,24.65,24.76,2047300.0,2241000.0,0,0,0,0,0,0,0,0,0,0,0,0,0,0,0,0,0,40,2026-02-04 00:16:51.326840
SPNG,24.89,24.8,24.89,2340300.0,2250000.0,0,0,0,0,0,0,0,0,0,0,0,0,0,0,0,0,0,41,2026-02-04 00:16:52.360189
SMMR,24.85,24.85,24.87,2492800.0,2475800.0,0,0,0,0,0,0,0,0,0,0,0,0,0,0,0,0,0,41,2026-02-04 00:16:52.360189
ATMN,24.8,24.8,24.95,2412800.0,2331800.0,0,0,0,0,0,0,0,0,0,0,0,0,0,0,0,0,0,41,2026-02-04 00:16:52.360189
WNTR,24.69,24.73,24.76,2137700.0,2241000.0,0,0,0,0,0,0,0,0,0,0,0,0,0,0,0,0,0,41,2026-02-04 00:16:52.360189
SPNG,24.8,24.8,25.25,2337700.0,2251800.0,0,0,0,0,0,0,0,0,0,0,0,0,0,0,0,0,0,42,2026-02-04 00:16:53.395200
SMMR,24.92,24.85,24.92,2464700.0,2488400.0,0,0,0,0,0,0,0,0,0,0,0,0,0,0,0,0,0,42,2026-02-04 00:16:53.395200
ATMN,24.77,24.77,24.95,2414300.0,2333300.0,0,0,0,0,0,0,0,0,0,0,0,0,0,0,0,0,0,42,2026-02-04 00:16:53.395200
WNTR,24.76,24.79,24.81,2147300.0,2227800.0,0,0,0,0,0,0,0,0,0,0,0,0,0,0,0,0,0,42,2026-02-04 00:16:53.395200
SPNG,24.8,25.03,25.25,2357400.0,2251800.0,0,0,0,0,0,0,0,0,0,0,0,0,0,0,0,0,0,43,2026-02-04 00:16:53.926624
SMMR,24.92,24.85,24.89,2505800.0,2461200.0,0,0,0,0,0,0,0,0,0,0,0,0,0,0,0,0,0,43,2026-02-04 00:16:53.926624
ATMN,24.77,24.8,24.95,2408600.0,2333300.0,0,0,0,0,0,0,0,0,0,0,0,0,0,0,0,0,0,43,2026-02-04 00:16:53.926624
WNTR,24.76,24.79,24.81,2163500.0,2227800.0,0,0,0,0,0,0,0,0,0,0,0,0,0,0,0,0,0,43,2026-02-04 00:16:53.926624
SPNG,24.69,24.69,25.12,2387800.0,2269400.0,0,0,0,0,0,0,0,0,0,0,0,0,0,0,0,0,0,44,2026-02-04 00:16:54.965198
SMMR,24.96,24.9,24.96,2453500.0,2482200.0,0,0,0,0,0,0,0,0,0,0,0,0,0,0,0,0,0,44,2026-02-04 00:16:54.965198
ATMN,24.8,24.8,24.95,2408600.0,2333300.0,0,0,0,0,0,0,0,0,0,0,0,0,0,0,0,0,0,44,2026-02-04 00:16:54.965198
WNTR,24.79,24.79,24.81,2180900.0,2227800.0,0,0,0,0,0,0,0,0,0,0,0,0,0,0,0,0,0,44,2026-02-04 00:16:54.965198
SPNG,25.12,24.69,25.12,2387800.0,2269400.0,0,0,0,0,0,0,0,0,0,0,0,0,0,0,0,0,0,45,2026-02-04 00:16:55.998470
SMMR,24.9,24.85,24.87,2458300.0,2459600.0,0,0,0,0,0,0,0,0,0,0,0,0,0,0,0,0,0,45,2026-02-04 00:16:55.998470
ATMN,24.65,24.65,25.01,2401400.0,2338100.0,0,0,0,0,0,0,0,0,0,0,0,0,0,0,0,0,0,45,2026-02-04 00:16:55.998470
WNTR,24.77,24.77,24.81,2170500.0,2219600.0,0,0,0,0,0,0,0,0,0,0,0,0,0,0,0,0,0,45,2026-02-04 00:16:55.998470
SPNG,25.25,24.86,25.25,2355400.0,2251800.0,0,0,0,0,0,0,0,0,0,0,0,0,0,0,0,0,0,46,2026-02-04 00:16:57.041076
SMMR,24.96,24.85,24.96,2458300.0,2464100.0,0,0,0,0,0,0,0,0,0,0,0,0,0,0,0,0,0,46,2026-02-04 00:16:57.041076
ATMN,25.11,24.65,25.11,2375700.0,2336600.0,0,0,0,0,0,0,0,0,0,0,0,0,0,0,0,0,0,46,2026-02-04 00:16:57.041076
WNTR,24.81,24.75,24.81,2160700.0,2219600.0,0,0,0,0,0,0,0,0,0,0,0,0,0,0,0,0,0,46,2026-02-04 00:16:57.041076
SPNG,24.69,24.69,25.25,2368800.0,2250500.0,0,0,0,0,0,0,0,0,0,0,0,0,0,0,0,0,0,47,2026-02-04 00:16:58.077391
SMMR,25.0,24.97,25.0,2456400.0,2434000.0,0,0,0,0,0,0,0,0,0,0,0,0,0,0,0,0,0,47,2026-02-04 00:16:58.077391
ATMN,25.11,24.65,25.08,2375700.0,2354500.0,0,0,0,0,0,0,0,0,0,0,0,0,0,0,0,0,0,47,2026-02-04 00:16:58.077391
WNTR,24.73,24.73,24.81,2162500.0,2219600.0,0,0,0,0,0,0,0,0,0,0,0,0,0,0,0,0,0,47,2026-02-04 00:16:58.077391
SPNG,25.2,24.69,25.2,2368800.0,2241900.0,0,0,0,0,0,0,0,0,0,0,0,0,0,0,0,0,0,48,2026-02-04 00:16:59.113663
SMMR,24.97,24.97,25.0,2448900.0,2402000.0,0,0,0,0,0,0,0,0,0,0,0,0,0,0,0,0,0,48,2026-02-04 00:16:59.113663
ATMN,24.65,25.0,25.08,2347600.0,2354500.0,0,0,0,0,0,0,0,0,0,0,0,0,0,0,0,0,0,48,2026-02-04 00:16:59.113663
WNTR,24.84,24.73,24.84,2178600.0,2230900.0,0,0,0,0,0,0,0,0,0,0,0,0,0,0,0,0,0,48,2026-02-04 00:16:59.113663
SPNG,25.26,24.63,25.26,2404200.0,2250000.0,0,0,0,0,0,0,0,0,0,0,0,0,0,0,0,0,0,49,2026-02-04 00:17:00.147369
SMMR,24.9,24.99,25.0,2430300.0,2399900.0,0,0,0,0,0,0,0,0,0,0,0,0,0,0,0,0,0,49,2026-02-04 00:17:00.147369
ATMN,24.65,25.0,25.08,2355500.0,2356200.0,0,0,0,0,0,0,0,0,0,0,0,0,0,0,0,0,0,49,2026-02-04 00:17:00.147369
WNTR,24.87,24.74,24.87,2162600.0,2221800.0,0,0,0,0,0,0,0,0,0,0,0,0,0,0,0,0,0,49,2026-02-04 00:17:00.147369
SPNG,25.26,24.81,24.82,2382900.0,2261900.0,0,0,0,0,0,0,0,0,0,0,0,0,0,0,0,0,0,50,2026-02-04 00:17:01.188245
SMMR,24.9,24.99,25.0,2430300.0,2425900.0,0,0,0,0,0,0,0,0,0,0,0,0,0,0,0,0,0,50,2026-02-04 00:17:01.188245
ATMN,24.9,24.65,24.86,2375700.0,2329100.0,0,0,0,0,0,0,0,0,0,0,0,0,0,0,0,0,0,50,2026-02-04 00:17:01.188245
WNTR,24.73,24.69,24.72,2177100.0,2200700.0,0,0,0,0,0,0,0,0,0,0,0,0,0,0,0,0,0,50,2026-02-04 00:17:01.188245
SPNG,24.82,24.85,24.89,2407300.0,2250400.0,0,0,0,0,0,0,0,0,0,0,0,0,0,0,0,0,0,51,2026-02-04 00:17:02.238437
SMMR,24.99,24.99,25.0,2430300.0,2436700.0,0,0,0,0,0,0,0,0,0,0,0,0,0,0,0,0,0,51,2026-02-04 00:17:02.238437
ATMN,24.68,24.68,24.86,2370800.0,2329100.0,0,0,0,0,0,0,0,0,0,0,0,0,0,0,0,0,0,51,2026-02-04 00:17:02.238437
WNTR,24.76,24.67,24.76,2152600.0,2203700.0,0,0,0,0,0,0,0,0,0,0,0,0,0,0,0,0,0,51,2026-02-04 00:17:02.238437
SPNG,24.81,24.81,25.26,2382900.0,2250000.0,0,0,0,0,0,0,0,0,0,0,0,0,0,0,0,0,0,52,2026-02-04 00:17:03.283196
SMMR,24.9,24.85,24.87,2458300.0,2416300.0,0,0,0,0,0,0,0,0,0,0,0,0,0,0,0,0,0,52,2026-02-04 00:17:03.283196
ATMN,25.02,24.68,24.94,2370800.0,2332900.0,0,0,0,0,0,0,0,0,0,0,0,0,0,0,0,0,0,52,2026-02-04 00:17:03.283196
WNTR,24.69,24.67,24.69,2155300.0,2212300.0,0,0,0,0,0,0,0,0,0,0,0,0,0,0,0,0,0,52,2026-02-04 00:17:03.283196
SPNG,24.81,24.63,24.66,2410800.0,2253000.0,0,0,0,0,0,0,0,0,0,0,0,0,0,0,0,0,0,53,2026-02-04 00:17:04.331273
SMMR,25.06,24.95,25.06,2459600.0,2415200.0,0,0,0,0,0,0,0,0,0,0,0,0,0,0,0,0,0,53,2026-02-04 00:17:04.331273
ATMN,24.62,24.93,25.12,2382000.0,2310300.0,0,0,0,0,0,0,0,0,0,0,0,0,0,0,0,0,0,53,2026-02-04 00:17:04.331273
WNTR,24.9,24.7,24.77,2160600.0,2265300.0,0,0,0,0,0,0,0,0,0,0,0,0,0,0,0,0,0,53,2026-02-04 00:17:04.331273
SPNG,24.81,24.63,24.66,2398900.0,2253000.0,0,0,0,0,0,0,0,0,0,0,0,0,0,0,0,0,0,54,2026-02-04 00:17:05.378394
SMMR,24.95,24.85,24.87,2458300.0,2443500.0,0,0,0,0,0,0,0,0,0,0,0,0,0,0,0,0,0,54,2026-02-04 00:17:05.378394
ATMN,24.91,24.62,24.88,2406900.0,2350100.0,0,0,0,0,0,0,0,0,0,0,0,0,0,0,0,0,0,54,2026-02-04 00:17:05.378394
WNTR,24.67,24.67,24.9,2155300.0,2260400.0,0,0,0,0,0,0,0,0,0,0,0,0,0,0,0,0,0,54,2026-02-04 00:17:05.378394
SPNG,25.28,24.67,24.86,2388700.0,2223200.0,0,0,0,0,0,0,0,0,0,0,0,0,0,0,0,0,0,55,2026-02-04 00:17:06.426463
SMMR,25.06,24.85,25.06,2451900.0,2407000.0,0,0,0,0,0,0,0,0,0,0,0,0,0,0,0,0,0,55,2026-02-04 00:17:06.426463
ATMN,25.03,24.96,25.03,2397200.0,2325300.0,0,0,0,0,0,0,0,0,0,0,0,0,0,0,0,0,0,55,2026-02-04 00:17:06.426463
WNTR,24.8,24.82,24.86,2157100.0,2244100.0,0,0,0,0,0,0,0,0,0,0,0,0,0,0,0,0,0,55,2026-02-04 00:17:06.426463
SPNG,24.86,24.67,24.86,2398100.0,2223200.0,0,0,0,0,0,0,0,0,0,0,0,0,0,0,0,0,0,56,2026-02-04 00:17:06.971360
SMMR,24.83,25.0,25.06,2454500.0,2407000.0,0,0,0,0,0,0,0,0,0,0,0,0,0,0,0,0,0,56,2026-02-04 00:17:06.971360
ATMN,24.96,24.96,25.14,2397200.0,2350400.0,0,0,0,0,0,0,0,0,0,0,0,0,0,0,0,0,0,56,2026-02-04 00:17:06.971360
WNTR,24.8,24.82,24.86,2157100.0,2244100.0,0,0,0,0,0,0,0,0,0,0,0,0,0,0,0,0,0,56,2026-02-04 00:17:06.971360
SPNG,24.86,24.95,25.28,2390100.0,2236700.0,0,0,0,0,0,0,0,0,0,0,0,0,0,0,0,0,0,57,2026-02-04 00:17:08.025023
SMMR,25.06,25.0,25.06,2454500.0,2420900.0,0,0,0,0,0,0,0,0,0,0,0,0,0,0,0,0,0,57,2026-02-04 00:17:08.025023
ATMN,24.84,25.13,25.14,2374900.0,2342600.0,0,0,0,0,0,0,0,0,0,0,0,0,0,0,0,0,0,57,2026-02-04 00:17:08.025023
WNTR,24.63,24.63,24.65,2170800.0,2265200.0,0,0,0,0,0,0,0,0,0,0,0,0,0,0,0,0,0,57,2026-02-04 00:17:08.025023
SPNG,24.86,24.95,25.11,2390100.0,2215000.0,0,0,0,0,0,0,0,0,0,0,0,0,0,0,0,0,0,58,2026-02-04 00:17:09.074187
SMMR,25.0,24.83,24.88,2428900.0,2425100.0,0,0,0,0,0,0,0,0,0,0,0,0,0,0,0,0,0,58,2026-02-04 00:17:09.074187
ATMN,24.73,24.82,25.14,2378600.0,2342600.0,0,0,0,0,0,0,0,0,0,0,0,0,0,0,0,0,0,58,2026-02-04 00:17:09.074187
WNTR,24.72,24.63,24.72,2183200.0,2254400.0,0,0,0,0,0,0,0,0,0,0,0,0,0,0,0,0,0,58,2026-02-04 00:17:09.074187
SPNG,24.67,24.73,24.86,2412500.0,2238900.0,0,0,0,0,0,0,0,0,0,0,0,0,0,0,0,0,0,59,2026-02-04 00:17:10.114847
SMMR,24.98,24.83,24.98,2441600.0,2450000.0,0,0,0,0,0,0,0,0,0,0,0,0,0,0,0,0,0,59,2026-02-04 00:17:10.114847
ATMN,25.16,24.84,25.01,2365800.0,2374900.0,0,0,0,0,0,0,0,0,0,0,0,0,0,0,0,0,0,59,2026-02-04 00:17:10.114847
WNTR,24.85,24.63,24.75,2183200.0,2277900.0,0,0,0,0,0,0,0,0,0,0,0,0,0,0,0,0,0,59,2026-02-04 00:17:10.114847
SPNG,24.67,25.89,0.0,200000.0,,0,0,0,0,0,0,0,0,0,0,0,0,0,0,0,0,0,60,2026-02-04 00:17:11.162819
SMMR,25.06,24.72,24.89,989700.0,885800.0,0,0,0,0,0,0,0,0,0,0,0,0,0,0,0,0,0,60,2026-02-04 00:17:11.162819
ATMN,25.18,24.01,0.0,200000.0,,0,0,0,0,0,0,0,0,0,0,0,0,0,0,0,0,0,60,2026-02-04 00:17:11.162819
WNTR,24.85,23.7,0.0,200000.0,,0,0,0,0,0,0,0,0,0,0,0,0,0,0,0,0,0,60,2026-02-04 00:17:11.162819
SPNG,25.89,24.87,25.72,1027100.0,859100.0,0,0,0,0,0,0,0,0,0,0,0,0,0,0,0,0,0,61,2026-02-04 00:17:12.206163
SMMR,25.06,24.72,24.85,989700.0,1189600.0,0,0,0,0,0,0,0,0,0,0,0,0,0,0,0,0,0,61,2026-02-04 00:17:12.206163
ATMN,25.18,24.26,24.45,1002800.0,1211500.0,0,0,0,0,0,0,0,0,0,0,0,0,0,0,0,0,0,61,2026-02-04 00:17:12.206163
WNTR,24.85,23.89,24.04,885600.0,1028400.0,0,0,0,0,0,0,0,0,0,0,0,0,0,0,0,0,0,61,2026-02-04 00:17:12.206163
SPNG,25.72,26.12,26.96,1243900.0,911200.0,0,0,0,0,0,0,0,0,0,0,0,0,0,0,0,0,0,62,2026-02-04 00:17:13.237422
SMMR,24.72,24.31,24.51,1003200.0,1314100.0,0,0,0,0,0,0,0,0,0,0,0,0,0,0,0,0,0,62,2026-02-04 00:17:13.237422
ATMN,24.01,24.01,24.18,1095200.0,1346500.0,0,0,0,0,0,0,0,0,0,0,0,0,0,0,0,0,0,62,2026-02-04 00:17:13.237422
WNTR,23.89,23.89,24.03,885600.0,1245400.0,0,0,0,0,0,0,0,0,0,0,0,0,0,0,0,0,0,62,2026-02-04 00:17:13.237422
SPNG,24.87,24.87,26.91,1027100.0,1097400.0,0,0,0,0,0,0,0,0,0,0,0,0,0,0,0,0,0,63,2026-02-04 00:17:14.267656
SMMR,24.51,24.54,24.85,1524300.0,1189600.0,0,0,0,0,0,0,0,0,0,0,0,0,0,0,0,0,0,63,2026-02-04 00:17:14.267656
ATMN,24.01,23.71,23.95,1126700.0,1596200.0,0,0,0,0,0,0,0,0,0,0,0,0,0,0,0,0,0,63,2026-02-04 00:17:14.267656
WNTR,23.89,23.7,23.76,878000.0,1530000.0,0,0,0,0,0,0,0,0,0,0,0,0,0,0,0,0,0,63,2026-02-04 00:17:14.267656
SPNG,25.8,24.87,25.8,1158500.0,1199600.0,0,0,0,0,0,0,0,0,0,0,0,0,0,0,0,0,0,64,2026-02-04 00:17:15.294671
SMMR,24.89,24.54,24.89,1524300.0,1339300.0,0,0,0,0,0,0,0,0,0,0,0,0,0,0,0,0,0,64,2026-02-04 00:17:15.294671
ATMN,24.18,23.98,24.18,1226900.0,1594600.0,0,0,0,0,0,0,0,0,0,0,0,0,0,0,0,0,0,64,2026-02-04 00:17:15.294671
WNTR,23.89,23.7,23.76,1021600.0,1755700.0,0,0,0,0,0,0,0,0,0,0,0,0,0,0,0,0,0,64,2026-02-04 00:17:15.294671
SPNG,25.8,25.28,25.8,1661700.0,1199600.0,0,0,0,0,0,0,0,0,0,0,0,0,0,0,0,0,0,65,2026-02-04 00:17:16.334553
SMMR,24.54,24.31,24.45,1414000.0,1623900.0,0,0,0,0,0,0,0,0,0,0,0,0,0,0,0,0,0,65,2026-02-04 00:17:16.334553
ATMN,23.98,23.98,24.18,1226900.0,1739200.0,0,0,0,0,0,0,0,0,0,0,0,0,0,0,0,0,0,65,2026-02-04 00:17:16.334553
WNTR,23.7,23.7,23.76,1051900.0,1872100.0,0,0,0,0,0,0,0,0,0,0,0,0,0,0,0,0,0,65,2026-02-04 00:17:16.334553
SPNG,25.8,25.76,25.8,2040000.0,1199600.0,0,0,0,0,0,0,0,0,0,0,0,0,0,0,0,0,0,66,2026-02-04 00:17:17.368247
SMMR,24.54,24.41,24.45,1791200.0,1623900.0,0,0,0,0,0,0,0,0,0,0,0,0,0,0,0,0,0,66,2026-02-04 00:17:17.368247
ATMN,23.98,23.98,24.18,1340000.0,1985800.0,0,0,0,0,0,0,0,0,0,0,0,0,0,0,0,0,0,66,2026-02-04 00:17:17.368247
WNTR,23.7,23.49,23.68,1076000.0,1893200.0,0,0,0,0,0,0,0,0,0,0,0,0,0,0,0,0,0,66,2026-02-04 00:17:17.368247
SPNG,25.76,25.76,26.81,2040000.0,1394900.0,0,0,0,0,0,0,0,0,0,0,0,0,0,0,0,0,0,67,2026-02-04 00:17:18.399086
SMMR,24.45,24.53,24.75,2250900.0,1479200.0,0,0,0,0,0,0,0,0,0,0,0,0,0,0,0,0,0,67,2026-02-04 00:17:18.399086
ATMN,23.97,23.97,24.18,1491900.0,2104800.0,0,0,0,0,0,0,0,0,0,0,0,0,0,0,0,0,0,67,2026-02-04 00:17:18.399086
WNTR,23.62,23.62,23.68,1197300.0,1893200.0,0,0,0,0,0,0,0,0,0,0,0,0,0,0,0,0,0,67,2026-02-04 00:17:18.399086
SPNG,25.76,25.76,25.9,2040000.0,1639200.0,0,0,0,0,0,0,0,0,0,0,0,0,0,0,0,0,0,68,2026-02-04 00:17:19.430602
SMMR,24.75,24.82,24.89,2357700.0,1591300.0,0,0,0,0,0,0,0,0,0,0,0,0,0,0,0,0,0,68,2026-02-04 00:17:19.430602
ATMN,24.09,23.97,24.0,1607900.0,2225500.0,0,0,0,0,0,0,0,0,0,0,0,0,0,0,0,0,0,68,2026-02-04 00:17:19.430602
WNTR,23.49,23.49,23.65,1076000.0,2130300.0,0,0,0,0,0,0,0,0,0,0,0,0,0,0,0,0,0,68,2026-02-04 00:17:19.430602
SPNG,25.76,25.28,25.66,2044300.0,1745300.0,0,0,0,0,0,0,0,0,0,0,0,0,0,0,0,0,0,69,2026-02-04 00:17:20.465445
SMMR,24.53,24.53,24.89,2349800.0,1691900.0,0,0,0,0,0,0,0,0,0,0,0,0,0,0,0,0,0,69,2026-02-04 00:17:20.465445
ATMN,24.3,23.97,24.3,1978200.0,1969800.0,0,0,0,0,0,0,0,0,0,0,0,0,0,0,0,0,0,69,2026-02-04 00:17:20.465445
WNTR,23.5,23.49,23.5,1076000.0,2151200.0,0,0,0,0,0,0,0,0,0,0,0,0,0,0,0,0,0,69,2026-02-04 00:17:20.465445
SPNG,25.66,25.81,26.01,2264900.0,1619200.0,0,0,0,0,0,0,0,0,0,0,0,0,0,0,0,0,0,70,2026-02-04 00:17:21.501791
SMMR,24.74,24.88,24.89,2491200.0,1691900.0,0,0,0,0,0,0,0,0,0,0,0,0,0,0,0,0,0,70,2026-02-04 00:17:21.501791
ATMN,24.32,23.97,24.32,1978200.0,2113900.0,0,0,0,0,0,0,0,0,0,0,0,0,0,0,0,0,0,70,2026-02-04 00:17:21.501791
WNTR,23.76,23.55,23.76,1296100.0,2016200.0,0,0,0,0,0,0,0,0,0,0,0,0,0,0,0,0,0,70,2026-02-04 00:17:21.501791
SPNG,25.81,25.56,25.69,2291400.0,1845700.0,0,0,0,0,0,0,0,0,0,0,0,0,0,0,0,0,0,71,2026-02-04 00:17:22.557948
SMMR,24.88,24.88,24.89,2491200.0,1928300.0,0,0,0,0,0,0,0,0,0,0,0,0,0,0,0,0,0,71,2026-02-04 00:17:22.557948
ATMN,24.02,23.9,24.02,1840500.0,2246600.0,0,0,0,0,0,0,0,0,0,0,0,0,0,0,0,0,0,71,2026-02-04 00:17:22.557948
WNTR,23.76,23.55,23.75,1396400.0,2138900.0,0,0,0,0,0,0,0,0,0,0,0,0,0,0,0,0,0,71,2026-02-04 00:17:22.557948
SPNG,25.69,25.74,26.01,2489600.0,1728700.0,0,0,0,0,0,0,0,0,0,0,0,0,0,0,0,0,0,72,2026-02-04 00:17:23.099190
SMMR,24.88,24.53,24.59,2349800.0,2166700.0,0,0,0,0,0,0,0,0,0,0,0,0,0,0,0,0,0,72,2026-02-04 00:17:23.099190
ATMN,24.02,24.21,24.32,2076400.0,2113900.0,0,0,0,0,0,0,0,0,0,0,0,0,0,0,0,0,0,72,2026-02-04 00:17:23.099190
WNTR,23.75,23.55,23.75,1396400.0,2138900.0,0,0,0,0,0,0,0,0,0,0,0,0,0,0,0,0,0,72,2026-02-04 00:17:23.099190
SPNG,26.21,25.74,26.21,2399300.0,1627100.0,0,0,0,0,0,0,0,0,0,0,0,0,0,0,0,0,0,73,2026-02-04 00:17:24.138697
SMMR,24.59,24.67,24.81,2477300.0,2243700.0,0,0,0,0,0,0,0,0,0,0,0,0,0,0,0,0,0,73,2026-02-04 00:17:24.138697
ATMN,24.3,23.9,24.3,1970300.0,2305400.0,0,0,0,0,0,0,0,0,0,0,0,0,0,0,0,0,0,73,2026-02-04 00:17:24.138697
WNTR,23.75,23.59,23.63,1513400.0,2214400.0,0,0,0,0,0,0,0,0,0,0,0,0,0,0,0,0,0,73,2026-02-04 00:17:24.138697
SPNG,26.54,26.74,26.75,2405200.0,1605200.0,0,0,0,0,0,0,0,0,0,0,0,0,0,0,0,0,0,74,2026-02-04 00:17:25.170522
SMMR,24.53,24.5,24.51,2473800.0,2288000.0,0,0,0,0,0,0,0,0,0,0,0,0,0,0,0,0,0,74,2026-02-04 00:17:25.170522
ATMN,24.32,24.15,24.32,2212900.0,2195000.0,0,0,0,0,0,0,0,0,0,0,0,0,0,0,0,0,0,74,2026-02-04 00:17:25.170522
WNTR,23.59,23.59,23.63,1513400.0,2214400.0,0,0,0,0,0,0,0,0,0,0,0,0,0,0,0,0,0,74,2026-02-04 00:17:25.170522
SPNG,25.72,26.0,26.08,2388400.0,1700200.0,0,0,0,0,0,0,0,0,0,0,0,0,0,0,0,0,0,75,2026-02-04 00:17:26.205552
SMMR,24.69,24.5,24.67,2473800.0,2255200.0,0,0,0,0,0,0,0,0,0,0,0,0,0,0,0,0,0,75,2026-02-04 00:17:26.205552
ATMN,24.15,24.15,24.38,2212900.0,2159300.0,0,0,0,0,0,0,0,0,0,0,0,0,0,0,0,0,0,75,2026-02-04 00:17:26.205552
WNTR,23.43,23.43,23.76,1164300.0,2133600.0,0,0,0,0,0,0,0,0,0,0,0,0,0,0,0,0,0,75,2026-02-04 00:17:26.205552
SPNG,26.08,25.72,26.08,2415000.0,1700200.0,0,0,0,0,0,0,0,0,0,0,0,0,0,0,0,0,0,76,2026-02-04 00:17:27.234719
SMMR,24.69,24.53,24.67,2436100.0,2255200.0,0,0,0,0,0,0,0,0,0,0,0,0,0,0,0,0,0,76,2026-02-04 00:17:27.234719
ATMN,24.15,24.15,24.35,2319200.0,2332700.0,0,0,0,0,0,0,0,0,0,0,0,0,0,0,0,0,0,76,2026-02-04 00:17:27.234719
WNTR,23.78,23.54,23.78,1432100.0,2017300.0,0,0,0,0,0,0,0,0,0,0,0,0,0,0,0,0,0,76,2026-02-04 00:17:27.234719
SPNG,25.61,25.61,26.08,2416000.0,1871400.0,0,0,0,0,0,0,0,0,0,0,0,0,0,0,0,0,0,77,2026-02-04 00:17:28.267617
SMMR,24.69,24.62,24.65,2449000.0,2252800.0,0,0,0,0,0,0,0,0,0,0,0,0,0,0,0,0,0,77,2026-02-04 00:17:28.267617
ATMN,24.35,24.15,24.35,2319200.0,2359800.0,0,0,0,0,0,0,0,0,0,0,0,0,0,0,0,0,0,77,2026-02-04 00:17:28.267617
WNTR,23.78,23.73,23.74,1560600.0,2141800.0,0,0,0,0,0,0,0,0,0,0,0,0,0,0,0,0,0,77,2026-02-04 00:17:28.267617
SPNG,25.61,25.87,25.91,2419300.0,1892400.0,0,0,0,0,0,0,0,0,0,0,0,0,0,0,0,0,0,78,2026-02-04 00:17:29.298752
SMMR,24.65,24.62,24.65,2445400.0,2286500.0,0,0,0,0,0,0,0,0,0,0,0,0,0,0,0,0,0,78,2026-02-04 00:17:29.298752
ATMN,23.83,23.83,24.35,2095900.0,2359800.0,0,0,0,0,0,0,0,0,0,0,0,0,0,0,0,0,0,78,2026-02-04 00:17:29.298752
WNTR,23.73,23.73,23.74,1560600.0,2223900.0,0,0,0,0,0,0,0,0,0,0,0,0,0,0,0,0,0,78,2026-02-04 00:17:29.298752
SPNG,25.56,25.56,26.05,2457700.0,1926200.0,0,0,0,0,0,0,0,0,0,0,0,0,0,0,0,0,0,79,2026-02-04 00:17:30.327057
SMMR,24.65,24.62,24.65,2428200.0,2286500.0,0,0,0,0,0,0,0,0,0,0,0,0,0,0,0,0,0,79,2026-02-04 00:17:30.327057
ATMN,23.83,23.98,24.06,2207800.0,2366300.0,0,0,0,0,0,0,0,0,0,0,0,0,0,0,0,0,0,79,2026-02-04 00:17:30.327057
WNTR,23.73,23.73,23.74,1560600.0,2221900.0,0,0,0,0,0,0,0,0,0,0,0,0,0,0,0,0,0,79,2026-02-04 00:17:30.327057
SPNG,25.56,25.58,26.05,2441000.0,1989800.0,0,0,0,0,0,0,0,0,0,0,0,0,0,0,0,0,0,80,2026-02-04 00:17:31.353169
SMMR,24.68,24.62,24.68,2428200.0,2277700.0,0,0,0,0,0,0,0,0,0,0,0,0,0,0,0,0,0,80,2026-02-04 00:17:31.353169
ATMN,23.83,23.83,24.06,2341000.0,2366300.0,0,0,0,0,0,0,0,0,0,0,0,0,0,0,0,0,0,80,2026-02-04 00:17:31.353169
WNTR,23.74,23.59,23.74,1563000.0,2221900.0,0,0,0,0,0,0,0,0,0,0,0,0,0,0,0,0,0,80,2026-02-04 00:17:31.353169
SPNG,25.56,25.58,25.79,2409700.0,2031400.0,0,0,0,0,0,0,0,0,0,0,0,0,0,0,0,0,0,81,2026-02-04 00:17:32.387086
SMMR,24.62,24.62,24.71,2428200.0,2276400.0,0,0,0,0,0,0,0,0,0,0,0,0,0,0,0,0,0,81,2026-02-04 00:17:32.387086
ATMN,23.83,24.01,24.06,2611300.0,2366300.0,0,0,0,0,0,0,0,0,0,0,0,0,0,0,0,0,0,81,2026-02-04 00:17:32.387086
WNTR,23.74,23.59,23.66,1563000.0,2215500.0,0,0,0,0,0,0,0,0,0,0,0,0,0,0,0,0,0,81,2026-02-04 00:17:32.387086
SPNG,25.58,25.58,25.79,2436600.0,2031400.0,0,0,0,0,0,0,0,0,0,0,0,0,0,0,0,0,0,82,2026-02-04 00:17:33.414915
SMMR,24.76,24.62,24.76,2467300.0,2284100.0,0,0,0,0,0,0,0,0,0,0,0,0,0,0,0,0,0,82,2026-02-04 00:17:33.414915
ATMN,24.35,24.01,24.35,2551700.0,2380900.0,0,0,0,0,0,0,0,0,0,0,0,0,0,0,0,0,0,82,2026-02-04 00:17:33.414915
WNTR,23.54,23.54,23.6,1432100.0,2239900.0,0,0,0,0,0,0,0,0,0,0,0,0,0,0,0,0,0,82,2026-02-04 00:17:33.414915
SPNG,25.94,25.58,25.73,2403700.0,2065800.0,0,0,0,0,0,0,0,0,0,0,0,0,0,0,0,0,0,83,2026-02-04 00:17:34.444606
SMMR,24.76,24.62,24.75,2467300.0,2249800.0,0,0,0,0,0,0,0,0,0,0,0,0,0,0,0,0,0,83,2026-02-04 00:17:34.444606
ATMN,23.96,23.96,24.35,2562400.0,2408000.0,0,0,0,0,0,0,0,0,0,0,0,0,0,0,0,0,0,83,2026-02-04 00:17:34.444606
WNTR,23.6,23.54,23.6,1675000.0,2224000.0,0,0,0,0,0,0,0,0,0,0,0,0,0,0,0,0,0,83,2026-02-04 00:17:34.444606
SPNG,25.73,25.77,25.97,2366400.0,2033100.0,0,0,0,0,0,0,0,0,0,0,0,0,0,0,0,0,0,84,2026-02-04 00:17:35.476361
SMMR,24.62,24.72,24.75,2434400.0,2249800.0,0,0,0,0,0,0,0,0,0,0,0,0,0,0,0,0,0,84,2026-02-04 00:17:35.476361
ATMN,23.94,23.94,24.2,2548600.0,2411400.0,0,0,0,0,0,0,0,0,0,0,0,0,0,0,0,0,0,84,2026-02-04 00:17:35.476361
WNTR,23.66,23.66,23.67,1900700.0,2203700.0,0,0,0,0,0,0,0,0,0,0,0,0,0,0,0,0,0,84,2026-02-04 00:17:35.476361
SPNG,25.97,25.71,25.97,2388500.0,2033100.0,0,0,0,0,0,0,0,0,0,0,0,0,0,0,0,0,0,85,2026-02-04 00:17:36.505982
SMMR,24.76,24.72,24.76,2434400.0,2281100.0,0,0,0,0,0,0,0,0,0,0,0,0,0,0,0,0,0,85,2026-02-04 00:17:36.505982
ATMN,23.85,23.99,24.2,2551600.0,2411400.0,0,0,0,0,0,0,0,0,0,0,0,0,0,0,0,0,0,85,2026-02-04 00:17:36.505982
WNTR,23.66,23.66,23.67,2019300.0,2242400.0,0,0,0,0,0,0,0,0,0,0,0,0,0,0,0,0,0,85,2026-02-04 00:17:36.505982
SPNG,25.95,25.71,25.95,2388500.0,2081500.0,0,0,0,0,0,0,0,0,0,0,0,0,0,0,0,0,0,86,2026-02-04 00:17:37.531229
SMMR,24.82,24.72,24.79,2434400.0,2296000.0,0,0,0,0,0,0,0,0,0,0,0,0,0,0,0,0,0,86,2026-02-04 00:17:37.531229
ATMN,23.79,23.8,24.17,2558100.0,2394200.0,0,0,0,0,0,0,0,0,0,0,0,0,0,0,0,0,0,86,2026-02-04 00:17:37.531229
WNTR,23.54,23.46,23.54,1771200.0,2236100.0,0,0,0,0,0,0,0,0,0,0,0,0,0,0,0,0,0,86,2026-02-04 00:17:37.531229
SPNG,25.95,25.71,25.95,2381000.0,2081500.0,0,0,0,0,0,0,0,0,0,0,0,0,0,0,0,0,0,87,2026-02-04 00:17:38.557450
SMMR,24.82,24.72,24.79,2434400.0,2341500.0,0,0,0,0,0,0,0,0,0,0,0,0,0,0,0,0,0,87,2026-02-04 00:17:38.557450
ATMN,23.79,23.99,24.17,2563600.0,2440600.0,0,0,0,0,0,0,0,0,0,0,0,0,0,0,0,0,0,87,2026-02-04 00:17:38.557450
WNTR,23.54,23.54,23.58,1903700.0,2228500.0,0,0,0,0,0,0,0,0,0,0,0,0,0,0,0,0,0,87,2026-02-04 00:17:38.557450
SPNG,25.95,25.71,25.72,2373600.0,2159700.0,0,0,0,0,0,0,0,0,0,0,0,0,0,0,0,0,0,88,2026-02-04 00:17:39.590096
SMMR,24.79,24.73,24.79,2414700.0,2341500.0,0,0,0,0,0,0,0,0,0,0,0,0,0,0,0,0,0,88,2026-02-04 00:17:39.590096
ATMN,23.79,23.99,24.16,2563600.0,2456300.0,0,0,0,0,0,0,0,0,0,0,0,0,0,0,0,0,0,88,2026-02-04 00:17:39.590096
WNTR,23.58,23.63,23.67,2173800.0,2227100.0,0,0,0,0,0,0,0,0,0,0,0,0,0,0,0,0,0,88,2026-02-04 00:17:39.590096
SPNG,25.72,25.71,25.72,2410200.0,2159700.0,0,0,0,0,0,0,0,0,0,0,0,0,0,0,0,0,0,89,2026-02-04 00:17:40.620283
SMMR,24.82,24.74,24.82,2382500.0,2350500.0,0,0,0,0,0,0,0,0,0,0,0,0,0,0,0,0,0,89,2026-02-04 00:17:40.620283
ATMN,23.97,23.97,24.16,2558600.0,2456300.0,0,0,0,0,0,0,0,0,0,0,0,0,0,0,0,0,0,89,2026-02-04 00:17:40.620283
WNTR,23.73,23.63,23.73,2173800.0,2258200.0,0,0,0,0,0,0,0,0,0,0,0,0,0,0,0,0,0,89,2026-02-04 00:17:40.620283
SPNG,25.96,25.71,25.73,2435700.0,2151400.0,0,0,0,0,0,0,0,0,0,0,0,0,0,0,0,0,0,90,2026-02-04 00:17:41.652731
SMMR,24.82,24.74,24.82,2400000.0,2382200.0,0,0,0,0,0,0,0,0,0,0,0,0,0,0,0,0,0,90,2026-02-04 00:17:41.652731
ATMN,23.97,23.97,24.13,2558600.0,2417200.0,0,0,0,0,0,0,0,0,0,0,0,0,0,0,0,0,0,90,2026-02-04 00:17:41.652731
WNTR,23.73,23.63,23.72,2173800.0,2230900.0,0,0,0,0,0,0,0,0,0,0,0,0,0,0,0,0,0,90,2026-02-04 00:17:41.652731
SPNG,25.73,25.9,25.96,2431000.0,2122900.0,0,0,0,0,0,0,0,0,0,0,0,0,0,0,0,0,0,91,2026-02-04 00:17:42.182973
SMMR,24.84,24.74,24.84,2400000.0,2389400.0,0,0,0,0,0,0,0,0,0,0,0,0,0,0,0,0,0,91,2026-02-04 00:17:42.182973
ATMN,23.79,23.79,24.13,2571500.0,2444600.0,0,0,0,0,0,0,0,0,0,0,0,0,0,0,0,0,0,91,2026-02-04 00:17:42.182973
WNTR,23.54,23.54,23.55,2038700.0,2229600.0,0,0,0,0,0,0,0,0,0,0,0,0,0,0,0,0,0,91,2026-02-04 00:17:42.182973
SPNG,25.58,25.58,25.99,2421300.0,2065500.0,0,0,0,0,0,0,0,0,0,0,0,0,0,0,0,0,0,92,2026-02-04 00:17:43.221720
SMMR,24.84,24.74,24.84,2400000.0,2388400.0,0,0,0,0,0,0,0,0,0,0,0,0,0,0,0,0,0,92,2026-02-04 00:17:43.221720
ATMN,24.14,23.78,24.14,2570500.0,2444300.0,0,0,0,0,0,0,0,0,0,0,0,0,0,0,0,0,0,92,2026-02-04 00:17:43.221720
WNTR,23.72,23.64,23.72,2232400.0,2230900.0,0,0,0,0,0,0,0,0,0,0,0,0,0,0,0,0,0,92,2026-02-04 00:17:43.221720
SPNG,25.87,25.58,25.87,2418400.0,2091300.0,0,0,0,0,0,0,0,0,0,0,0,0,0,0,0,0,0,93,2026-02-04 00:17:44.265320
SMMR,24.84,24.74,24.84,2400000.0,2371100.0,0,0,0,0,0,0,0,0,0,0,0,0,0,0,0,0,0,93,2026-02-04 00:17:44.265320
ATMN,23.82,23.78,23.82,2570500.0,2472100.0,0,0,0,0,0,0,0,0,0,0,0,0,0,0,0,0,0,93,2026-02-04 00:17:44.265320
WNTR,23.52,23.52,23.73,1906200.0,2229600.0,0,0,0,0,0,0,0,0,0,0,0,0,0,0,0,0,0,93,2026-02-04 00:17:44.265320
SPNG,25.99,25.58,25.99,2423400.0,2083800.0,0,0,0,0,0,0,0,0,0,0,0,0,0,0,0,0,0,94,2026-02-04 00:17:45.312784
SMMR,24.73,24.73,24.84,2404800.0,2378800.0,0,0,0,0,0,0,0,0,0,0,0,0,0,0,0,0,0,94,2026-02-04 00:17:45.312784
ATMN,23.78,23.81,24.14,2581800.0,2447500.0,0,0,0,0,0,0,0,0,0,0,0,0,0,0,0,0,0,94,2026-02-04 00:17:45.312784
WNTR,23.46,23.54,23.67,1866700.0,2239000.0,0,0,0,0,0,0,0,0,0,0,0,0,0,0,0,0,0,94,2026-02-04 00:17:45.312784
SPNG,25.99,25.63,25.99,2402300.0,2083800.0,0,0,0,0,0,0,0,0,0,0,0,0,0,0,0,0,0,95,2026-02-04 00:17:46.354762
SMMR,24.72,24.78,24.84,2436000.0,2378800.0,0,0,0,0,0,0,0,0,0,0,0,0,0,0,0,0,0,95,2026-02-04 00:17:46.354762
ATMN,23.81,23.81,24.14,2581800.0,2446200.0,0,0,0,0,0,0,0,0,0,0,0,0,0,0,0,0,0,95,2026-02-04 00:17:46.354762
WNTR,23.67,23.54,23.67,2004500.0,2224300.0,0,0,0,0,0,0,0,0,0,0,0,0,0,0,0,0,0,95,2026-02-04 00:17:46.354762
SPNG,25.63,25.63,25.99,2402300.0,2108600.0,0,0,0,0,0,0,0,0,0,0,0,0,0,0,0,0,0,96,2026-02-04 00:17:47.382503
SMMR,24.78,24.78,24.86,2436000.0,2356300.0,0,0,0,0,0,0,0,0,0,0,0,0,0,0,0,0,0,96,2026-02-04 00:17:47.382503
ATMN,23.74,23.74,23.89,2580900.0,2489000.0,0,0,0,0,0,0,0,0,0,0,0,0,0,0,0,0,0,96,2026-02-04 00:17:47.382503
WNTR,23.67,23.54,23.58,2004500.0,2274000.0,0,0,0,0,0,0,0,0,0,0,0,0,0,0,0,0,0,96,2026-02-04 00:17:47.382503
SPNG,25.71,25.71,25.73,2397900.0,2113500.0,0,0,0,0,0,0,0,0,0,0,0,0,0,0,0,0,0,97,2026-02-04 00:17:48.417045
SMMR,24.78,24.72,24.73,2419500.0,2384400.0,0,0,0,0,0,0,0,0,0,0,0,0,0,0,0,0,0,97,2026-02-04 00:17:48.417045
ATMN,23.89,23.83,23.89,2563100.0,2489000.0,0,0,0,0,0,0,0,0,0,0,0,0,0,0,0,0,0,97,2026-02-04 00:17:48.417045
WNTR,23.59,23.54,23.55,2122100.0,2261600.0,0,0,0,0,0,0,0,0,0,0,0,0,0,0,0,0,0,97,2026-02-04 00:17:48.417045
SPNG,25.63,25.63,25.99,2402300.0,2109800.0,0,0,0,0,0,0,0,0,0,0,0,0,0,0,0,0,0,98,2026-02-04 00:17:49.449078
SMMR,24.86,24.72,24.78,2419500.0,2385100.0,0,0,0,0,0,0,0,0,0,0,0,0,0,0,0,0,0,98,2026-02-04 00:17:49.449078
ATMN,23.89,23.83,23.89,2559400.0,2527400.0,0,0,0,0,0,0,0,0,0,0,0,0,0,0,0,0,0,98,2026-02-04 00:17:49.449078
WNTR,23.55,23.55,23.61,2378300.0,2251700.0,0,0,0,0,0,0,0,0,0,0,0,0,0,0,0,0,0,98,2026-02-04 00:17:49.449078
SPNG,25.41,25.41,25.75,2445900.0,2125600.0,0,0,0,0,0,0,0,0,0,0,0,0,0,0,0,0,0,99,2026-02-04 00:17:50.479003
SMMR,24.68,24.68,24.86,2420600.0,2380600.0,0,0,0,0,0,0,0,0,0,0,0,0,0,0,0,0,0,99,2026-02-04 00:17:50.479003
ATMN,23.83,23.83,23.89,2530300.0,2527400.0,0,0,0,0,0,0,0,0,0,0,0,0,0,0,0,0,0,99,2026-02-04 00:17:50.479003
WNTR,23.67,23.55,23.67,2376400.0,2271000.0,0,0,0,0,0,0,0,0,0,0,0,0,0,0,0,0,0,99,2026-02-04 00:17:50.479003
SPNG,25.75,25.51,25.75,2439800.0,2125600.0,0,0,0,0,0,0,0,0,0,0,0,0,0,0,0,0,0,100,2026-02-04 00:17:51.506498
SMMR,24.68,24.74,24.84,2448900.0,2389100.0,0,0,0,0,0,0,0,0,0,0,0,0,0,0,0,0,0,100,2026-02-04 00:17:51.506498
ATMN,23.91,23.83,23.91,2492000.0,2480700.0,0,0,0,0,0,0,0,0,0,0,0,0,0,0,0,0,0,100,2026-02-04 00:17:51.506498
WNTR,23.67,23.65,23.67,2341000.0,2296700.0,0,0,0,0,0,0,0,0,0,0,0,0,0,0,0,0,0,100,2026-02-04 00:17:51.506498
SPNG,25.51,25.51,26.04,2408300.0,2103500.0,0,0,0,0,0,0,0,0,0,0,0,0,0,0,0,0,0,101,2026-02-04 00:17:52.533587
SMMR,24.79,24.79,24.84,2452300.0,2413800.0,0,0,0,0,0,0,0,0,0,0,0,0,0,0,0,0,0,101,2026-02-04 00:17:52.533587
ATMN,23.83,23.83,24.06,2465600.0,2546500.0,0,0,0,0,0,0,0,0,0,0,0,0,0,0,0,0,0,101,2026-02-04 00:17:52.533587
WNTR,23.55,23.55,23.7,2349200.0,2265700.0,0,0,0,0,0,0,0,0,0,0,0,0,0,0,0,0,0,101,2026-02-04 00:17:52.533587
SPNG,25.36,25.36,26.04,2435200.0,2103500.0,0,0,0,0,0,0,0,0,0,0,0,0,0,0,0,0,0,102,2026-02-04 00:17:53.565845
SMMR,24.74,24.74,24.77,2448900.0,2404200.0,0,0,0,0,0,0,0,0,0,0,0,0,0,0,0,0,0,102,2026-02-04 00:17:53.565845
ATMN,23.78,24.03,24.06,2472800.0,2537200.0,0,0,0,0,0,0,0,0,0,0,0,0,0,0,0,0,0,102,2026-02-04 00:17:53.565845
WNTR,23.55,23.56,23.7,2304900.0,2304500.0,0,0,0,0,0,0,0,0,0,0,0,0,0,0,0,0,0,102,2026-02-04 00:17:53.565845
SPNG,25.36,25.73,26.04,2403600.0,2100300.0,0,0,0,0,0,0,0,0,0,0,0,0,0,0,0,0,0,103,2026-02-04 00:17:54.596879
SMMR,24.77,24.75,24.77,2404800.0,2404200.0,0,0,0,0,0,0,0,0,0,0,0,0,0,0,0,0,0,103,2026-02-04 00:17:54.596879
ATMN,24.03,23.78,23.94,2484100.0,2568000.0,0,0,0,0,0,0,0,0,0,0,0,0,0,0,0,0,0,103,2026-02-04 00:17:54.596879
WNTR,23.55,23.56,23.68,2326300.0,2302200.0,0,0,0,0,0,0,0,0,0,0,0,0,0,0,0,0,0,103,2026-02-04 00:17:54.596879
SPNG,25.56,25.67,26.04,2410600.0,2100300.0,0,0,0,0,0,0,0,0,0,0,0,0,0,0,0,0,0,104,2026-02-04 00:17:55.631582
SMMR,24.77,24.75,24.77,2376100.0,2404200.0,0,0,0,0,0,0,0,0,0,0,0,0,0,0,0,0,0,104,2026-02-04 00:17:55.631582
ATMN,23.78,23.78,24.06,2507000.0,2530200.0,0,0,0,0,0,0,0,0,0,0,0,0,0,0,0,0,0,104,2026-02-04 00:17:55.631582
WNTR,23.55,23.62,23.63,2303500.0,2295200.0,0,0,0,0,0,0,0,0,0,0,0,0,0,0,0,0,0,104,2026-02-04 00:17:55.631582
SPNG,25.56,25.67,25.71,2419300.0,2104500.0,0,0,0,0,0,0,0,0,0,0,0,0,0,0,0,0,0,105,2026-02-04 00:17:56.660039
SMMR,24.84,24.75,24.77,2377500.0,2397600.0,0,0,0,0,0,0,0,0,0,0,0,0,0,0,0,0,0,105,2026-02-04 00:17:56.660039
ATMN,24.16,23.78,24.16,2507000.0,2499300.0,0,0,0,0,0,0,0,0,0,0,0,0,0,0,0,0,0,105,2026-02-04 00:17:56.660039
WNTR,23.62,23.62,23.63,2283200.0,2320400.0,0,0,0,0,0,0,0,0,0,0,0,0,0,0,0,0,0,105,2026-02-04 00:17:56.660039
SPNG,25.71,25.91,26.04,2407000.0,2100300.0,0,0,0,0,0,0,0,0,0,0,0,0,0,0,0,0,0,106,2026-02-04 00:17:57.689298
SMMR,24.86,24.75,24.86,2377800.0,2396600.0,0,0,0,0,0,0,0,0,0,0,0,0,0,0,0,0,0,106,2026-02-04 00:17:57.689298
ATMN,23.99,23.99,24.16,2475600.0,2501700.0,0,0,0,0,0,0,0,0,0,0,0,0,0,0,0,0,0,106,2026-02-04 00:17:57.689298
WNTR,23.63,23.62,23.63,2283200.0,2334200.0,0,0,0,0,0,0,0,0,0,0,0,0,0,0,0,0,0,106,2026-02-04 00:17:57.689298
SPNG,26.05,25.65,25.84,2421500.0,2090100.0,0,0,0,0,0,0,0,0,0,0,0,0,0,0,0,0,0,107,2026-02-04 00:17:58.717007
SMMR,24.87,24.74,24.81,2376600.0,2374300.0,0,0,0,0,0,0,0,0,0,0,0,0,0,0,0,0,0,107,2026-02-04 00:17:58.717007
ATMN,23.99,23.99,24.0,2475600.0,2493500.0,0,0,0,0,0,0,0,0,0,0,0,0,0,0,0,0,0,107,2026-02-04 00:17:58.717007
WNTR,23.56,23.59,23.63,2292700.0,2334200.0,0,0,0,0,0,0,0,0,0,0,0,0,0,0,0,0,0,107,2026-02-04 00:17:58.717007
SPNG,26.05,25.71,26.05,2390100.0,2089500.0,0,0,0,0,0,0,0,0,0,0,0,0,0,0,0,0,0,108,2026-02-04 00:17:59.743609
SMMR,24.73,24.73,24.81,2373700.0,2374300.0,0,0,0,0,0,0,0,0,0,0,0,0,0,0,0,0,0,108,2026-02-04 00:17:59.743609
ATMN,24.0,23.78,24.0,2463200.0,2493500.0,0,0,0,0,0,0,0,0,0,0,0,0,0,0,0,0,0,108,2026-02-04 00:17:59.743609
WNTR,23.65,23.62,23.65,2258800.0,2292900.0,0,0,0,0,0,0,0,0,0,0,0,0,0,0,0,0,0,108,2026-02-04 00:17:59.743609
SPNG,25.71,25.71,26.05,2390100.0,2095700.0,0,0,0,0,0,0,0,0,0,0,0,0,0,0,0,0,0,109,2026-02-04 00:18:00.776479
SMMR,24.71,24.71,24.78,2358500.0,2383500.0,0,0,0,0,0,0,0,0,0,0,0,0,0,0,0,0,0,109,2026-02-04 00:18:00.776479
ATMN,24.0,23.78,24.0,2472300.0,2531900.0,0,0,0,0,0,0,0,0,0,0,0,0,0,0,0,0,0,109,2026-02-04 00:18:00.776479
WNTR,23.65,23.62,23.65,2194100.0,2305300.0,0,0,0,0,0,0,0,0,0,0,0,0,0,0,0,0,0,109,2026-02-04 00:18:00.776479
SPNG,25.95,25.71,25.95,2390100.0,2117900.0,0,0,0,0,0,0,0,0,0,0,0,0,0,0,0,0,0,110,2026-02-04 00:18:01.304226
SMMR,24.71,24.71,24.78,2358500.0,2386500.0,0,0,0,0,0,0,0,0,0,0,0,0,0,0,0,0,0,110,2026-02-04 00:18:01.304226
ATMN,23.75,23.75,24.17,2465200.0,2497600.0,0,0,0,0,0,0,0,0,0,0,0,0,0,0,0,0,0,110,2026-02-04 00:18:01.304226
WNTR,23.65,23.62,23.65,2165500.0,2305300.0,0,0,0,0,0,0,0,0,0,0,0,0,0,0,0,0,0,110,2026-02-04 00:18:01.304226
SPNG,25.75,25.71,25.74,2390100.0,2146400.0,0,0,0,0,0,0,0,0,0,0,0,0,0,0,0,0,0,111,2026-02-04 00:18:02.332007
SMMR,24.78,24.71,24.78,2337200.0,2410900.0,0,0,0,0,0,0,0,0,0,0,0,0,0,0,0,0,0,111,2026-02-04 00:18:02.332007
ATMN,24.17,23.75,24.17,2465200.0,2526200.0,0,0,0,0,0,0,0,0,0,0,0,0,0,0,0,0,0,111,2026-02-04 00:18:02.332007
WNTR,23.62,23.59,23.6,2193900.0,2315300.0,0,0,0,0,0,0,0,0,0,0,0,0,0,0,0,0,0,111,2026-02-04 00:18:02.332007
SPNG,25.95,26.0,26.05,2365100.0,2110200.0,0,0,0,0,0,0,0,0,0,0,0,0,0,0,0,0,0,112,2026-02-04 00:18:03.360572
SMMR,24.65,24.65,24.78,2340100.0,2410900.0,0,0,0,0,0,0,0,0,0,0,0,0,0,0,0,0,0,112,2026-02-04 00:18:03.360572
ATMN,24.17,23.78,23.97,2483400.0,2523100.0,0,0,0,0,0,0,0,0,0,0,0,0,0,0,0,0,0,112,2026-02-04 00:18:03.360572
WNTR,23.67,23.59,23.67,2193900.0,2301800.0,0,0,0,0,0,0,0,0,0,0,0,0,0,0,0,0,0,112,2026-02-04 00:18:03.360572
SPNG,25.95,26.0,26.01,2365100.0,2149800.0,0,0,0,0,0,0,0,0,0,0,0,0,0,0,0,0,0,113,2026-02-04 00:18:04.391438
SMMR,24.65,24.65,24.78,2359800.0,2410900.0,0,0,0,0,0,0,0,0,0,0,0,0,0,0,0,0,0,113,2026-02-04 00:18:04.391438
ATMN,23.97,24.14,24.17,2485800.0,2526200.0,0,0,0,0,0,0,0,0,0,0,0,0,0,0,0,0,0,113,2026-02-04 00:18:04.391438
WNTR,23.68,23.59,23.68,2202200.0,2312500.0,0,0,0,0,0,0,0,0,0,0,0,0,0,0,0,0,0,113,2026-02-04 00:18:04.391438
SPNG,25.69,25.69,26.01,2400800.0,2149800.0,0,0,0,0,0,0,0,0,0,0,0,0,0,0,0,0,0,114,2026-02-04 00:18:05.426487
SMMR,24.78,24.65,24.78,2382400.0,2381000.0,0,0,0,0,0,0,0,0,0,0,0,0,0,0,0,0,0,114,2026-02-04 00:18:05.426487
ATMN,23.74,23.74,23.78,2484200.0,2597000.0,0,0,0,0,0,0,0,0,0,0,0,0,0,0,0,0,0,114,2026-02-04 00:18:05.426487
WNTR,23.64,23.59,23.64,2205300.0,2327500.0,0,0,0,0,0,0,0,0,0,0,0,0,0,0,0,0,0,114,2026-02-04 00:18:05.426487
SPNG,25.57,25.57,26.01,2438500.0,2191400.0,0,0,0,0,0,0,0,0,0,0,0,0,0,0,0,0,0,115,2026-02-04 00:18:06.455111
SMMR,24.85,24.65,24.85,2382400.0,2342700.0,0,0,0,0,0,0,0,0,0,0,0,0,0,0,0,0,0,115,2026-02-04 00:18:06.455111
ATMN,23.78,23.74,23.78,2459100.0,2597000.0,0,0,0,0,0,0,0,0,0,0,0,0,0,0,0,0,0,115,2026-02-04 00:18:06.455111
WNTR,23.72,23.68,23.72,2201000.0,2308500.0,0,0,0,0,0,0,0,0,0,0,0,0,0,0,0,0,0,115,2026-02-04 00:18:06.455111
SPNG,26.08,25.57,25.99,2404100.0,2142800.0,0,0,0,0,0,0,0,0,0,0,0,0,0,0,0,0,0,116,2026-02-04 00:18:07.483434
SMMR,24.64,24.76,24.85,2434600.0,2342700.0,0,0,0,0,0,0,0,0,0,0,0,0,0,0,0,0,0,116,2026-02-04 00:18:07.483434
ATMN,23.73,23.73,24.17,2489400.0,2526200.0,0,0,0,0,0,0,0,0,0,0,0,0,0,0,0,0,0,116,2026-02-04 00:18:07.483434
WNTR,23.73,23.68,23.73,2220800.0,2312200.0,0,0,0,0,0,0,0,0,0,0,0,0,0,0,0,0,0,116,2026-02-04 00:18:07.483434
SPNG,25.54,25.54,25.56,2375500.0,2167400.0,0,0,0,0,0,0,0,0,0,0,0,0,0,0,0,0,0,117,2026-02-04 00:18:08.512848
SMMR,24.76,24.76,24.85,2434600.0,2342700.0,0,0,0,0,0,0,0,0,0,0,0,0,0,0,0,0,0,117,2026-02-04 00:18:08.512848
ATMN,24.13,23.73,23.76,2489400.0,2570100.0,0,0,0,0,0,0,0,0,0,0,0,0,0,0,0,0,0,117,2026-02-04 00:18:08.512848
WNTR,23.74,23.68,23.74,2221000.0,2318600.0,0,0,0,0,0,0,0,0,0,0,0,0,0,0,0,0,0,117,2026-02-04 00:18:08.512848
SPNG,25.56,25.54,25.56,2360000.0,2167400.0,0,0,0,0,0,0,0,0,0,0,0,0,0,0,0,0,0,118,2026-02-04 00:18:09.539330
SMMR,24.88,24.68,24.88,2411100.0,2374100.0,0,0,0,0,0,0,0,0,0,0,0,0,0,0,0,0,0,118,2026-02-04 00:18:09.539330
ATMN,24.13,23.73,23.76,2460500.0,2570100.0,0,0,0,0,0,0,0,0,0,0,0,0,0,0,0,0,0,118,2026-02-04 00:18:09.539330
WNTR,23.74,23.68,23.74,2221000.0,2318900.0,0,0,0,0,0,0,0,0,0,0,0,0,0,0,0,0,0,118,2026-02-04 00:18:09.539330
SPNG,25.48,25.48,25.99,2372600.0,2142800.0,0,0,0,0,0,0,0,0,0,0,0,0,0,0,0,0,0,119,2026-02-04 00:18:10.566454
SMMR,24.68,24.68,24.88,2411100.0,2374100.0,0,0,0,0,0,0,0,0,0,0,0,0,0,0,0,0,0,119,2026-02-04 00:18:10.566454
ATMN,23.73,23.73,24.17,2460500.0,2550700.0,0,0,0,0,0,0,0,0,0,0,0,0,0,0,0,0,0,119,2026-02-04 00:18:10.566454
WNTR,23.66,23.66,23.74,2246700.0,2322300.0,0,0,0,0,0,0,0,0,0,0,0,0,0,0,0,0,0,119,2026-02-04 00:18:10.566454
SPNG,26.11,24.64,0.0,200000.0,0,0,0,0,0,0,0,0,0,0,0,0,0,0,0,0,0,0,120,2026-02-04 00:18:11.596696
SMMR,24.64,26.22,0.0,200000.0,0,0,0,0,0,0,0,0,0,0,0,0,0,0,0,0,0,0,120,2026-02-04 00:18:11.596696
ATMN,24.11,23.01,0.0,200000.0,0,0,0,0,0,0,0,0,0,0,0,0,0,0,0,0,0,0,120,2026-02-04 00:18:11.596696
WNTR,23.74,22.96,0.0,200000.0,0,0,0,0,0,0,0,0,0,0,0,0,0,0,0,0,0,0,120,2026-02-04 00:18:11.596696
SPNG,26.11,24.64,25.37,987800.0,1091500.0,0,0,0,0,0,0,0,0,0,0,0,0,0,0,0,0,0,121,2026-02-04 00:18:12.623653
SMMR,25.85,25.64,25.85,981500.0,907900.0,0,0,0,0,0,0,0,0,0,0,0,0,0,0,0,0,0,121,2026-02-04 00:18:12.623653
ATMN,23.01,23.01,23.49,1049500.0,1055000.0,0,0,0,0,0,0,0,0,0,0,0,0,0,0,0,0,0,121,2026-02-04 00:18:12.623653
WNTR,23.74,22.96,23.06,929600.0,1133100.0,0,0,0,0,0,0,0,0,0,0,0,0,0,0,0,0,0,121,2026-02-04 00:18:12.623653
SPNG,24.64,24.64,24.79,1049400.0,1319200.0,0,0,0,0,0,0,0,0,0,0,0,0,0,0,0,0,0,122,2026-02-04 00:18:13.662969
SMMR,25.85,25.71,25.85,1336800.0,907900.0,0,0,0,0,0,0,0,0,0,0,0,0,0,0,0,0,0,122,2026-02-04 00:18:13.662969
ATMN,22.87,23.07,23.35,1193900.0,1171400.0,0,0,0,0,0,0,0,0,0,0,0,0,0,0,0,0,0,122,2026-02-04 00:18:13.662969
WNTR,23.74,22.96,22.98,1045500.0,1392500.0,0,0,0,0,0,0,0,0,0,0,0,0,0,0,0,0,0,122,2026-02-04 00:18:13.662969
SPNG,24.79,24.5,24.79,1115500.0,1410100.0,0,0,0,0,0,0,0,0,0,0,0,0,0,0,0,0,0,123,2026-02-04 00:18:14.690706
SMMR,25.99,25.98,25.99,1569200.0,886900.0,0,0,0,0,0,0,0,0,0,0,0,0,0,0,0,0,0,123,2026-02-04 00:18:14.690706
ATMN,23.07,22.76,22.88,1342500.0,1296800.0,0,0,0,0,0,0,0,0,0,0,0,0,0,0,0,0,0,123,2026-02-04 00:18:14.690706
WNTR,22.96,22.96,22.98,1323100.0,1392500.0,0,0,0,0,0,0,0,0,0,0,0,0,0,0,0,0,0,123,2026-02-04 00:18:14.690706
SPNG,25.37,24.5,25.37,1115500.0,1279600.0,0,0,0,0,0,0,0,0,0,0,0,0,0,0,0,0,0,124,2026-02-04 00:18:15.717688
SMMR,26.38,26.03,26.38,1689700.0,895700.0,0,0,0,0,0,0,0,0,0,0,0,0,0,0,0,0,0,124,2026-02-04 00:18:15.717688
ATMN,23.05,22.9,23.02,1482300.0,1307200.0,0,0,0,0,0,0,0,0,0,0,0,0,0,0,0,0,0,124,2026-02-04 00:18:15.717688
WNTR,23.06,22.96,23.06,1323100.0,1383000.0,0,0,0,0,0,0,0,0,0,0,0,0,0,0,0,0,0,124,2026-02-04 00:18:15.717688
SPNG,23.74,24.45,25.11,1256800.0,1528300.0,0,0,0,0,0,0,0,0,0,0,0,0,0,0,0,0,0,125,2026-02-04 00:18:16.747245
SMMR,26.38,26.52,27.06,1914600.0,1006900.0,0,0,0,0,0,0,0,0,0,0,0,0,0,0,0,0,0,125,2026-02-04 00:18:16.747245
ATMN,23.05,22.9,23.02,1608100.0,1564500.0,0,0,0,0,0,0,0,0,0,0,0,0,0,0,0,0,0,125,2026-02-04 00:18:16.747245
WNTR,22.92,22.92,23.06,1123100.0,1383000.0,0,0,0,0,0,0,0,0,0,0,0,0,0,0,0,0,0,125,2026-02-04 00:18:16.747245
SPNG,23.74,24.45,25.02,1360300.0,1738300.0,0,0,0,0,0,0,0,0,0,0,0,0,0,0,0,0,0,126,2026-02-04 00:18:17.780423
SMMR,26.38,26.52,26.69,1914600.0,1333800.0,0,0,0,0,0,0,0,0,0,0,0,0,0,0,0,0,0,126,2026-02-04 00:18:17.780423
ATMN,22.85,22.85,23.04,1584700.0,1543100.0,0,0,0,0,0,0,0,0,0,0,0,0,0,0,0,0,0,126,2026-02-04 00:18:17.780423
WNTR,22.92,22.92,22.96,1247700.0,1599800.0,0,0,0,0,0,0,0,0,0,0,0,0,0,0,0,0,0,126,2026-02-04 00:18:17.780423
SPNG,24.89,24.45,24.89,1360300.0,2077800.0,0,0,0,0,0,0,0,0,0,0,0,0,0,0,0,0,0,127,2026-02-04 00:18:18.811773
SMMR,26.52,26.04,26.23,1783500.0,1659600.0,0,0,0,0,0,0,0,0,0,0,0,0,0,0,0,0,0,127,2026-02-04 00:18:18.811773
ATMN,23.13,23.06,23.13,1577900.0,1551900.0,0,0,0,0,0,0,0,0,0,0,0,0,0,0,0,0,0,127,2026-02-04 00:18:18.811773
WNTR,22.96,22.92,22.96,1353100.0,1599800.0,0,0,0,0,0,0,0,0,0,0,0,0,0,0,0,0,0,127,2026-02-04 00:18:18.811773
SPNG,24.41,24.41,24.86,1460500.0,2141800.0,0,0,0,0,0,0,0,0,0,0,0,0,0,0,0,0,0,128,2026-02-04 00:18:19.836697
SMMR,26.23,26.39,26.51,2093500.0,1555800.0,0,0,0,0,0,0,0,0,0,0,0,0,0,0,0,0,0,128,2026-02-04 00:18:19.836697
ATMN,22.76,22.76,23.13,1468300.0,1938500.0,0,0,0,0,0,0,0,0,0,0,0,0,0,0,0,0,0,128,2026-02-04 00:18:19.836697
WNTR,22.96,22.92,22.96,1591700.0,1731600.0,0,0,0,0,0,0,0,0,0,0,0,0,0,0,0,0,0,128,2026-02-04 00:18:19.836697
SPNG,25.02,24.41,25.02,1575600.0,1973800.0,0,0,0,0,0,0,0,0,0,0,0,0,0,0,0,0,0,129,2026-02-04 00:18:20.868046
SMMR,26.39,26.18,26.39,1977900.0,1888200.0,0,0,0,0,0,0,0,0,0,0,0,0,0,0,0,0,0,129,2026-02-04 00:18:20.868046
ATMN,23.18,22.76,23.18,1468300.0,1857100.0,0,0,0,0,0,0,0,0,0,0,0,0,0,0,0,0,0,129,2026-02-04 00:18:20.868046
WNTR,22.96,22.92,22.96,1824800.0,1618100.0,0,0,0,0,0,0,0,0,0,0,0,0,0,0,0,0,0,129,2026-02-04 00:18:20.868046
SPNG,25.11,24.41,25.11,1575600.0,1968000.0,0,0,0,0,0,0,0,0,0,0,0,0,0,0,0,0,0,130,2026-02-04 00:18:21.401932
SMMR,26.39,26.18,26.39,1977900.0,2011100.0,0,0,0,0,0,0,0,0,0,0,0,0,0,0,0,0,0,130,2026-02-04 00:18:21.401932
ATMN,22.8,23.14,23.18,1604100.0,1857100.0,0,0,0,0,0,0,0,0,0,0,0,0,0,0,0,0,0,130,2026-02-04 00:18:21.401932
WNTR,22.96,22.98,23.06,1955900.0,1613700.0,0,0,0,0,0,0,0,0,0,0,0,0,0,0,0,0,0,130,2026-02-04 00:18:21.401932
SPNG,24.76,24.59,24.76,1673400.0,2106000.0,0,0,0,0,0,0,0,0,0,0,0,0,0,0,0,0,0,131,2026-02-04 00:18:22.470572
SMMR,26.39,26.18,26.37,2097000.0,2223300.0,0,0,0,0,0,0,0,0,0,0,0,0,0,0,0,0,0,131,2026-02-04 00:18:22.470572
ATMN,22.76,22.44,22.66,1437800.0,2102000.0,0,0,0,0,0,0,0,0,0,0,0,0,0,0,0,0,0,131,2026-02-04 00:18:22.470572
WNTR,22.96,22.98,23.06,1955900.0,1988000.0,0,0,0,0,0,0,0,0,0,0,0,0,0,0,0,0,0,131,2026-02-04 00:18:22.470572
SPNG,24.76,24.59,24.76,2058500.0,2106000.0,0,0,0,0,0,0,0,0,0,0,0,0,0,0,0,0,0,132,2026-02-04 00:18:23.501929
SMMR,26.37,26.18,26.27,2097000.0,2200400.0,0,0,0,0,0,0,0,0,0,0,0,0,0,0,0,0,0,132,2026-02-04 00:18:23.501929
ATMN,22.89,22.55,22.89,1810200.0,1990100.0,0,0,0,0,0,0,0,0,0,0,0,0,0,0,0,0,0,132,2026-02-04 00:18:23.501929
WNTR,23.08,22.98,23.08,2189900.0,1765600.0,0,0,0,0,0,0,0,0,0,0,0,0,0,0,0,0,0,132,2026-02-04 00:18:23.501929
SPNG,24.76,24.61,24.76,2648500.0,2106000.0,0,0,0,0,0,0,0,0,0,0,0,0,0,0,0,0,0,133,2026-02-04 00:18:24.535888
SMMR,26.43,26.18,26.43,2297600.0,2120300.0,0,0,0,0,0,0,0,0,0,0,0,0,0,0,0,0,0,133,2026-02-04 00:18:24.535888
ATMN,23.11,22.55,23.1,1922300.0,1989800.0,0,0,0,0,0,0,0,0,0,0,0,0,0,0,0,0,0,133,2026-02-04 00:18:24.535888
WNTR,22.98,22.98,23.05,2297100.0,1872000.0,0,0,0,0,0,0,0,0,0,0,0,0,0,0,0,0,0,133,2026-02-04 00:18:24.535888
SPNG,24.76,24.93,25.11,2481800.0,2094700.0,0,0,0,0,0,0,0,0,0,0,0,0,0,0,0,0,0,134,2026-02-04 00:18:25.604757
SMMR,26.43,26.27,26.32,2281100.0,2210500.0,0,0,0,0,0,0,0,0,0,0,0,0,0,0,0,0,0,134,2026-02-04 00:18:25.604757
ATMN,23.11,22.84,23.05,2059000.0,2376600.0,0,0,0,0,0,0,0,0,0,0,0,0,0,0,0,0,0,134,2026-02-04 00:18:25.604757
WNTR,22.98,22.98,23.05,2425700.0,2096500.0,0,0,0,0,0,0,0,0,0,0,0,0,0,0,0,0,0,134,2026-02-04 00:18:25.604757
SPNG,24.93,24.93,25.11,2481800.0,2138700.0,0,0,0,0,0,0,0,0,0,0,0,0,0,0,0,0,0,135,2026-02-04 00:18:26.669384
SMMR,26.27,26.18,26.19,2298500.0,2222700.0,0,0,0,0,0,0,0,0,0,0,0,0,0,0,0,0,0,135,2026-02-04 00:18:26.669384
ATMN,22.55,22.55,23.05,2054400.0,2510900.0,0,0,0,0,0,0,0,0,0,0,0,0,0,0,0,0,0,135,2026-02-04 00:18:26.669384
WNTR,23.05,22.98,23.05,2425700.0,2302700.0,0,0,0,0,0,0,0,0,0,0,0,0,0,0,0,0,0,135,2026-02-04 00:18:26.669384
SPNG,25.04,24.61,25.04,2541100.0,2195500.0,0,0,0,0,0,0,0,0,0,0,0,0,0,0,0,0,0,136,2026-02-04 00:18:27.752619
SMMR,26.25,26.18,26.23,2292500.0,2231700.0,0,0,0,0,0,0,0,0,0,0,0,0,0,0,0,0,0,136,2026-02-04 00:18:27.752619
ATMN,22.74,22.73,22.74,2166600.0,2526000.0,0,0,0,0,0,0,0,0,0,0,0,0,0,0,0,0,0,136,2026-02-04 00:18:27.752619
WNTR,22.98,22.98,23.05,2294600.0,2324500.0,0,0,0,0,0,0,0,0,0,0,0,0,0,0,0,0,0,136,2026-02-04 00:18:27.752619
SPNG,25.04,24.61,25.04,2503200.0,2197200.0,0,0,0,0,0,0,0,0,0,0,0,0,0,0,0,0,0,137,2026-02-04 00:18:28.806719
SMMR,26.08,26.08,26.32,2322700.0,2210500.0,0,0,0,0,0,0,0,0,0,0,0,0,0,0,0,0,0,137,2026-02-04 00:18:28.806719
ATMN,22.73,22.83,23.05,2271700.0,2538700.0,0,0,0,0,0,0,0,0,0,0,0,0,0,0,0,0,0,137,2026-02-04 00:18:28.806719
WNTR,23.07,22.98,23.07,2307600.0,2315100.0,0,0,0,0,0,0,0,0,0,0,0,0,0,0,0,0,0,137,2026-02-04 00:18:28.806719
SPNG,25.29,24.61,24.92,2452100.0,2098200.0,0,0,0,0,0,0,0,0,0,0,0,0,0,0,0,0,0,138,2026-02-04 00:18:29.843663
SMMR,26.42,26.21,26.28,2299900.0,2241600.0,0,0,0,0,0,0,0,0,0,0,0,0,0,0,0,0,0,138,2026-02-04 00:18:29.843663
ATMN,22.73,22.83,23.05,2271700.0,2590100.0,0,0,0,0,0,0,0,0,0,0,0,0,0,0,0,0,0,138,2026-02-04 00:18:29.843663
WNTR,23.08,22.98,23.08,2459700.0,2302300.0,0,0,0,0,0,0,0,0,0,0,0,0,0,0,0,0,0,138,2026-02-04 00:18:29.843663
SPNG,25.29,25.01,25.25,2395100.0,2145000.0,0,0,0,0,0,0,0,0,0,0,0,0,0,0,0,0,0,139,2026-02-04 00:18:30.888208
SMMR,26.17,26.17,26.27,2339300.0,2231100.0,0,0,0,0,0,0,0,0,0,0,0,0,0,0,0,0,0,139,2026-02-04 00:18:30.888208
ATMN,23.05,22.83,23.05,2271700.0,2602200.0,0,0,0,0,0,0,0,0,0,0,0,0,0,0,0,0,0,139,2026-02-04 00:18:30.888208
WNTR,23.08,22.98,23.01,2453900.0,2313000.0,0,0,0,0,0,0,0,0,0,0,0,0,0,0,0,0,0,139,2026-02-04 00:18:30.888208
SPNG,25.01,24.61,24.89,2452100.0,2238300.0,0,0,0,0,0,0,0,0,0,0,0,0,0,0,0,0,0,140,2026-02-04 00:18:31.927028
SMMR,26.23,26.23,26.27,2315800.0,2231100.0,0,0,0,0,0,0,0,0,0,0,0,0,0,0,0,0,0,140,2026-02-04 00:18:31.927028
ATMN,23.05,22.83,23.02,2271700.0,2627300.0,0,0,0,0,0,0,0,0,0,0,0,0,0,0,0,0,0,140,2026-02-04 00:18:31.927028
WNTR,22.89,22.89,23.08,2484800.0,2325100.0,0,0,0,0,0,0,0,0,0,0,0,0,0,0,0,0,0,140,2026-02-04 00:18:31.927028
SPNG,25.1,24.61,25.1,2452100.0,2211900.0,0,0,0,0,0,0,0,0,0,0,0,0,0,0,0,0,0,141,2026-02-04 00:18:32.461628
SMMR,26.23,26.26,26.27,2325900.0,2264800.0,0,0,0,0,0,0,0,0,0,0,0,0,0,0,0,0,0,141,2026-02-04 00:18:32.461628
ATMN,23.05,22.83,23.02,2271700.0,2658700.0,0,0,0,0,0,0,0,0,0,0,0,0,0,0,0,0,0,141,2026-02-04 00:18:32.461628
WNTR,22.89,22.89,23.08,2506600.0,2325100.0,0,0,0,0,0,0,0,0,0,0,0,0,0,0,0,0,0,141,2026-02-04 00:18:32.461628
SPNG,25.1,24.61,24.85,2368000.0,2195200.0,0,0,0,0,0,0,0,0,0,0,0,0,0,0,0,0,0,142,2026-02-04 00:18:33.506320
SMMR,26.28,26.29,26.33,2284400.0,2236600.0,0,0,0,0,0,0,0,0,0,0,0,0,0,0,0,0,0,142,2026-02-04 00:18:33.506320
ATMN,22.73,22.73,23.05,2166600.0,2649000.0,0,0,0,0,0,0,0,0,0,0,0,0,0,0,0,0,0,142,2026-02-04 00:18:33.506320
WNTR,22.94,22.94,23.08,2475000.0,2324400.0,0,0,0,0,0,0,0,0,0,0,0,0,0,0,0,0,0,142,2026-02-04 00:18:33.506320
SPNG,25.06,24.61,24.67,2376200.0,2220800.0,0,0,0,0,0,0,0,0,0,0,0,0,0,0,0,0,0,143,2026-02-04 00:18:34.535726
SMMR,26.17,26.17,26.33,2339300.0,2226000.0,0,0,0,0,0,0,0,0,0,0,0,0,0,0,0,0,0,143,2026-02-04 00:18:34.535726
ATMN,22.59,22.87,23.05,2210600.0,2647600.0,0,0,0,0,0,0,0,0,0,0,0,0,0,0,0,0,0,143,2026-02-04 00:18:34.535726
WNTR,22.94,22.94,22.96,2475000.0,2309900.0,0,0,0,0,0,0,0,0,0,0,0,0,0,0,0,0,0,143,2026-02-04 00:18:34.535726
SPNG,24.67,24.61,24.67,2363100.0,2220800.0,0,0,0,0,0,0,0,0,0,0,0,0,0,0,0,0,0,144,2026-02-04 00:18:35.573098
SMMR,26.08,26.18,26.33,2304400.0,2226000.0,0,0,0,0,0,0,0,0,0,0,0,0,0,0,0,0,0,144,2026-02-04 00:18:35.573098
ATMN,22.65,22.65,22.82,2201500.0,2683100.0,0,0,0,0,0,0,0,0,0,0,0,0,0,0,0,0,0,144,2026-02-04 00:18:35.573098
WNTR,22.96,22.94,22.96,2447900.0,2339600.0,0,0,0,0,0,0,0,0,0,0,0,0,0,0,0,0,0,144,2026-02-04 00:18:35.573098
SPNG,24.67,24.74,25.1,2333200.0,2208700.0,0,0,0,0,0,0,0,0,0,0,0,0,0,0,0,0,0,145,2026-02-04 00:18:36.615642
SMMR,26.06,26.15,26.19,2322200.0,2231700.0,0,0,0,0,0,0,0,0,0,0,0,0,0,0,0,0,0,145,2026-02-04 00:18:36.615642
ATMN,22.9,22.65,22.76,2201500.0,2670300.0,0,0,0,0,0,0,0,0,0,0,0,0,0,0,0,0,0,145,2026-02-04 00:18:36.615642
WNTR,22.96,22.94,22.96,2466800.0,2310800.0,0,0,0,0,0,0,0,0,0,0,0,0,0,0,0,0,0,145,2026-02-04 00:18:36.615642
SPNG,24.67,24.74,25.09,2333200.0,2218000.0,0,0,0,0,0,0,0,0,0,0,0,0,0,0,0,0,0,146,2026-02-04 00:18:37.655801
SMMR,26.19,26.26,26.33,2316800.0,2226000.0,0,0,0,0,0,0,0,0,0,0,0,0,0,0,0,0,0,146,2026-02-04 00:18:37.655801
ATMN,22.9,22.74,22.76,2658200.0,2670300.0,0,0,0,0,0,0,0,0,0,0,0,0,0,0,0,0,0,146,2026-02-04 00:18:37.655801
WNTR,22.96,22.96,22.97,2444300.0,2319100.0,0,0,0,0,0,0,0,0,0,0,0,0,0,0,0,0,0,146,2026-02-04 00:18:37.655801
SPNG,24.9,24.74,24.9,2333200.0,2238700.0,0,0,0,0,0,0,0,0,0,0,0,0,0,0,0,0,0,147,2026-02-04 00:18:38.694548
SMMR,26.26,26.15,26.19,2288800.0,2229400.0,0,0,0,0,0,0,0,0,0,0,0,0,0,0,0,0,0,147,2026-02-04 00:18:38.694548
ATMN,22.65,22.65,22.76,2510000.0,2665500.0,0,0,0,0,0,0,0,0,0,0,0,0,0,0,0,0,0,147,2026-02-04 00:18:38.694548
WNTR,22.98,22.96,22.98,2444300.0,2295000.0,0,0,0,0,0,0,0,0,0,0,0,0,0,0,0,0,0,147,2026-02-04 00:18:38.694548
SPNG,24.59,24.63,24.9,2346800.0,2238700.0,0,0,0,0,0,0,0,0,0,0,0,0,0,0,0,0,0,148,2026-02-04 00:18:39.734258
SMMR,26.33,26.23,26.33,2248000.0,2226000.0,0,0,0,0,0,0,0,0,0,0,0,0,0,0,0,0,0,148,2026-02-04 00:18:39.734258
ATMN,22.65,22.65,23.01,2668900.0,2673400.0,0,0,0,0,0,0,0,0,0,0,0,0,0,0,0,0,0,148,2026-02-04 00:18:39.734258
WNTR,22.98,22.96,22.98,2444300.0,2295000.0,0,0,0,0,0,0,0,0,0,0,0,0,0,0,0,0,0,148,2026-02-04 00:18:39.734258
SPNG,24.63,24.63,25.24,2346800.0,2198400.0,0,0,0,0,0,0,0,0,0,0,0,0,0,0,0,0,0,149,2026-02-04 00:18:40.773630
SMMR,26.15,26.15,26.33,2205000.0,2226000.0,0,0,0,0,0,0,0,0,0,0,0,0,0,0,0,0,0,149,2026-02-04 00:18:40.773630
ATMN,22.65,22.65,22.74,2669400.0,2655000.0,0,0,0,0,0,0,0,0,0,0,0,0,0,0,0,0,0,149,2026-02-04 00:18:40.773630
WNTR,23.03,22.96,23.03,2444300.0,2301400.0,0,0,0,0,0,0,0,0,0,0,0,0,0,0,0,0,0,149,2026-02-04 00:18:40.773630
SPNG,24.56,24.56,25.24,2420500.0,2198400.0,0,0,0,0,0,0,0,0,0,0,0,0,0,0,0,0,0,150,2026-02-04 00:18:41.811501
SMMR,26.13,26.13,26.33,2272800.0,2245400.0,0,0,0,0,0,0,0,0,0,0,0,0,0,0,0,0,0,150,2026-02-04 00:18:41.811501
ATMN,22.65,22.65,22.74,2647400.0,2658500.0,0,0,0,0,0,0,0,0,0,0,0,0,0,0,0,0,0,150,2026-02-04 00:18:41.811501
WNTR,22.94,22.89,22.9,2458700.0,2299300.0,0,0,0,0,0,0,0,0,0,0,0,0,0,0,0,0,0,150,2026-02-04 00:18:41.811501
SPNG,24.72,24.56,24.72,2415600.0,2216000.0,0,0,0,0,0,0,0,0,0,0,0,0,0,0,0,0,0,151,2026-02-04 00:18:42.844050
SMMR,26.18,26.2,26.33,2254300.0,2245400.0,0,0,0,0,0,0,0,0,0,0,0,0,0,0,0,0,0,151,2026-02-04 00:18:42.844050
ATMN,22.76,22.65,22.76,2647400.0,2677200.0,0,0,0,0,0,0,0,0,0,0,0,0,0,0,0,0,0,151,2026-02-04 00:18:42.844050
WNTR,22.9,22.99,23.01,2391400.0,2288000.0,0,0,0,0,0,0,0,0,0,0,0,0,0,0,0,0,0,151,2026-02-04 00:18:42.844050
SPNG,24.72,24.71,24.72,2395900.0,2216000.0,0,0,0,0,0,0,0,0,0,0,0,0,0,0,0,0,0,152,2026-02-04 00:18:43.879125
SMMR,26.18,26.2,26.33,2254300.0,2260100.0,0,0,0,0,0,0,0,0,0,0,0,0,0,0,0,0,0,152,2026-02-04 00:18:43.879125
ATMN,22.64,22.65,22.76,2644900.0,2677700.0,0,0,0,0,0,0,0,0,0,0,0,0,0,0,0,0,0,152,2026-02-04 00:18:43.879125
WNTR,22.99,22.93,22.97,2377200.0,2282000.0,0,0,0,0,0,0,0,0,0,0,0,0,0,0,0,0,0,152,2026-02-04 00:18:43.879125
SPNG,25.24,24.71,25.24,2372600.0,2198400.0,0,0,0,0,0,0,0,0,0,0,0,0,0,0,0,0,0,153,2026-02-04 00:18:44.913005
SMMR,26.2,26.13,26.14,2242500.0,2267600.0,0,0,0,0,0,0,0,0,0,0,0,0,0,0,0,0,0,153,2026-02-04 00:18:44.913005
ATMN,22.64,22.65,22.76,2597500.0,2677300.0,0,0,0,0,0,0,0,0,0,0,0,0,0,0,0,0,0,153,2026-02-04 00:18:44.913005
WNTR,22.93,22.93,22.97,2366200.0,2282300.0,0,0,0,0,0,0,0,0,0,0,0,0,0,0,0,0,0,153,2026-02-04 00:18:44.913005
SPNG,24.7,24.72,25.24,2384900.0,2198400.0,0,0,0,0,0,0,0,0,0,0,0,0,0,0,0,0,0,154,2026-02-04 00:18:45.948489
SMMR,26.14,26.13,26.14,2210400.0,2267600.0,0,0,0,0,0,0,0,0,0,0,0,0,0,0,0,0,0,154,2026-02-04 00:18:45.948489
ATMN,22.7,22.65,22.7,2597500.0,2687200.0,0,0,0,0,0,0,0,0,0,0,0,0,0,0,0,0,0,154,2026-02-04 00:18:45.948489
WNTR,22.89,22.89,23.01,2383800.0,2284900.0,0,0,0,0,0,0,0,0,0,0,0,0,0,0,0,0,0,154,2026-02-04 00:18:45.948489
SPNG,24.56,24.56,25.24,2366500.0,2210300.0,0,0,0,0,0,0,0,0,0,0,0,0,0,0,0,0,0,155,2026-02-04 00:18:46.979931
SMMR,26.13,26.13,26.36,2210400.0,2236000.0,0,0,0,0,0,0,0,0,0,0,0,0,0,0,0,0,0,155,2026-02-04 00:18:46.979931
ATMN,22.76,22.65,22.66,2570000.0,2697700.0,0,0,0,0,0,0,0,0,0,0,0,0,0,0,0,0,0,155,2026-02-04 00:18:46.979931
WNTR,23.06,22.89,22.96,2360900.0,2292400.0,0,0,0,0,0,0,0,0,0,0,0,0,0,0,0,0,0,155,2026-02-04 00:18:46.979931
SPNG,24.55,24.83,25.24,2408300.0,2210300.0,0,0,0,0,0,0,0,0,0,0,0,0,0,0,0,0,0,156,2026-02-04 00:18:48.018035
SMMR,26.13,26.28,26.36,2192900.0,2242700.0,0,0,0,0,0,0,0,0,0,0,0,0,0,0,0,0,0,156,2026-02-04 00:18:48.018035
ATMN,22.6,22.6,22.66,2598000.0,2682100.0,0,0,0,0,0,0,0,0,0,0,0,0,0,0,0,0,0,156,2026-02-04 00:18:48.018035
WNTR,23.06,22.93,22.96,2322100.0,2292400.0,0,0,0,0,0,0,0,0,0,0,0,0,0,0,0,0,0,156,2026-02-04 00:18:48.018035
SPNG,24.83,24.83,25.24,2408300.0,2235000.0,0,0,0,0,0,0,0,0,0,0,0,0,0,0,0,0,0,157,2026-02-04 00:18:49.049671
SMMR,26.13,26.28,26.32,2210400.0,2242300.0,0,0,0,0,0,0,0,0,0,0,0,0,0,0,0,0,0,157,2026-02-04 00:18:49.049671
ATMN,22.78,22.6,22.78,2517600.0,2642200.0,0,0,0,0,0,0,0,0,0,0,0,0,0,0,0,0,0,157,2026-02-04 00:18:49.049671
WNTR,22.96,22.89,22.96,2388300.0,2257900.0,0,0,0,0,0,0,0,0,0,0,0,0,0,0,0,0,0,157,2026-02-04 00:18:49.049671
SPNG,24.51,25.22,25.24,2402700.0,2235000.0,0,0,0,0,0,0,0,0,0,0,0,0,0,0,0,0,0,158,2026-02-04 00:18:49.592083
SMMR,26.32,26.28,26.32,2210400.0,2239800.0,0,0,0,0,0,0,0,0,0,0,0,0,0,0,0,0,0,158,2026-02-04 00:18:49.592083
ATMN,22.78,22.55,22.78,2517600.0,2659900.0,0,0,0,0,0,0,0,0,0,0,0,0,0,0,0,0,0,158,2026-02-04 00:18:49.592083
WNTR,23.0,22.89,23.0,2388300.0,2324800.0,0,0,0,0,0,0,0,0,0,0,0,0,0,0,0,0,0,158,2026-02-04 00:18:49.592083
SPNG,25.25,24.51,25.25,2413400.0,2224200.0,0,0,0,0,0,0,0,0,0,0,0,0,0,0,0,0,0,159,2026-02-04 00:18:50.619764
SMMR,26.15,26.2,26.32,2264700.0,2239800.0,0,0,0,0,0,0,0,0,0,0,0,0,0,0,0,0,0,159,2026-02-04 00:18:50.619764
ATMN,22.84,22.55,22.74,2548600.0,2611400.0,0,0,0,0,0,0,0,0,0,0,0,0,0,0,0,0,0,159,2026-02-04 00:18:50.619764
WNTR,23.08,23.01,23.08,2371700.0,2300500.0,0,0,0,0,0,0,0,0,0,0,0,0,0,0,0,0,0,159,2026-02-04 00:18:50.619764
SPNG,24.62,24.62,25.25,2419900.0,2263400.0,0,0,0,0,0,0,0,0,0,0,0,0,0,0,0,0,0,160,2026-02-04 00:18:51.654991
SMMR,26.33,26.2,26.33,2264700.0,2229400.0,0,0,0,0,0,0,0,0,0,0,0,0,0,0,0,0,0,160,2026-02-04 00:18:51.654991
ATMN,22.84,22.73,22.84,2560900.0,2609800.0,0,0,0,0,0,0,0,0,0,0,0,0,0,0,0,0,0,160,2026-02-04 00:18:51.654991
WNTR,23.08,23.05,23.08,2352000.0,2300500.0,0,0,0,0,0,0,0,0,0,0,0,0,0,0,0,0,0,160,2026-02-04 00:18:51.654991
SPNG,24.51,24.51,25.25,2420200.0,2263400.0,0,0,0,0,0,0,0,0,0,0,0,0,0,0,0,0,0,161,2026-02-04 00:18:52.697511
SMMR,26.33,26.27,26.33,2280200.0,2210100.0,0,0,0,0,0,0,0,0,0,0,0,0,0,0,0,0,0,161,2026-02-04 00:18:52.697511
ATMN,22.55,22.55,22.89,2585200.0,2617200.0,0,0,0,0,0,0,0,0,0,0,0,0,0,0,0,0,0,161,2026-02-04 00:18:52.697511
WNTR,23.03,23.03,23.08,2369600.0,2300500.0,0,0,0,0,0,0,0,0,0,0,0,0,0,0,0,0,0,161,2026-02-04 00:18:52.697511
SPNG,24.51,24.51,25.25,2399300.0,2257700.0,0,0,0,0,0,0,0,0,0,0,0,0,0,0,0,0,0,162,2026-02-04 00:18:53.727403
SMMR,26.33,26.27,26.33,2280200.0,2229200.0,0,0,0,0,0,0,0,0,0,0,0,0,0,0,0,0,0,162,2026-02-04 00:18:53.727403
ATMN,22.99,22.57,22.99,2639800.0,2656500.0,0,0,0,0,0,0,0,0,0,0,0,0,0,0,0,0,0,162,2026-02-04 00:18:53.727403
WNTR,23.0,23.0,23.08,2351700.0,2300500.0,0,0,0,0,0,0,0,0,0,0,0,0,0,0,0,0,0,162,2026-02-04 00:18:53.727403
SPNG,25.25,24.51,25.25,2426900.0,2257700.0,0,0,0,0,0,0,0,0,0,0,0,0,0,0,0,0,0,163,2026-02-04 00:18:54.765078
SMMR,26.36,26.14,26.36,2244300.0,2252000.0,0,0,0,0,0,0,0,0,0,0,0,0,0,0,0,0,0,163,2026-02-04 00:18:54.765078
ATMN,22.99,22.57,22.73,2633600.0,2657100.0,0,0,0,0,0,0,0,0,0,0,0,0,0,0,0,0,0,163,2026-02-04 00:18:54.765078
WNTR,23.08,23.04,23.08,2357300.0,2290800.0,0,0,0,0,0,0,0,0,0,0,0,0,0,0,0,0,0,163,2026-02-04 00:18:54.765078
SPNG,25.25,24.51,24.69,2415500.0,2272400.0,0,0,0,0,0,0,0,0,0,0,0,0,0,0,0,0,0,164,2026-02-04 00:18:55.799268
SMMR,26.13,26.13,26.32,2238100.0,2228000.0,0,0,0,0,0,0,0,0,0,0,0,0,0,0,0,0,0,164,2026-02-04 00:18:55.799268
ATMN,22.73,22.59,22.73,2628400.0,2657100.0,0,0,0,0,0,0,0,0,0,0,0,0,0,0,0,0,0,164,2026-02-04 00:18:55.799268
WNTR,22.89,23.05,23.08,2387400.0,2290800.0,0,0,0,0,0,0,0,0,0,0,0,0,0,0,0,0,0,164,2026-02-04 00:18:55.799268
SPNG,24.51,24.51,25.25,2433400.0,2257700.0,0,0,0,0,0,0,0,0,0,0,0,0,0,0,0,0,0,165,2026-02-04 00:18:56.827565
SMMR,26.32,26.13,26.32,2238100.0,2228000.0,0,0,0,0,0,0,0,0,0,0,0,0,0,0,0,0,0,165,2026-02-04 00:18:56.827565
ATMN,22.96,22.59,22.72,2636400.0,2646500.0,0,0,0,0,0,0,0,0,0,0,0,0,0,0,0,0,0,165,2026-02-04 00:18:56.827565
WNTR,22.99,22.99,23.08,2374100.0,2322900.0,0,0,0,0,0,0,0,0,0,0,0,0,0,0,0,0,0,165,2026-02-04 00:18:56.827565
SPNG,24.51,24.51,25.25,2426600.0,2241800.0,0,0,0,0,0,0,0,0,0,0,0,0,0,0,0,0,0,166,2026-02-04 00:18:57.862302
SMMR,26.32,26.27,26.32,2283400.0,2228000.0,0,0,0,0,0,0,0,0,0,0,0,0,0,0,0,0,0,166,2026-02-04 00:18:57.862302
ATMN,22.99,22.59,22.77,2636400.0,2678400.0,0,0,0,0,0,0,0,0,0,0,0,0,0,0,0,0,0,166,2026-02-04 00:18:57.862302
WNTR,23.0,23.05,23.08,2348800.0,2322900.0,0,0,0,0,0,0,0,0,0,0,0,0,0,0,0,0,0,166,2026-02-04 00:18:57.862302
SPNG,24.51,24.51,24.66,2426600.0,2253200.0,0,0,0,0,0,0,0,0,0,0,0,0,0,0,0,0,0,167,2026-02-04 00:18:58.901744
SMMR,26.27,26.27,26.32,2304900.0,2230100.0,0,0,0,0,0,0,0,0,0,0,0,0,0,0,0,0,0,167,2026-02-04 00:18:58.901744
ATMN,22.77,22.86,22.92,2718300.0,2650700.0,0,0,0,0,0,0,0,0,0,0,0,0,0,0,0,0,0,167,2026-02-04 00:18:58.901744
WNTR,23.0,23.05,23.08,2329900.0,2328200.0,0,0,0,0,0,0,0,0,0,0,0,0,0,0,0,0,0,167,2026-02-04 00:18:58.901744
SPNG,24.66,25.02,25.25,2377100.0,2241800.0,0,0,0,0,0,0,0,0,0,0,0,0,0,0,0,0,0,168,2026-02-04 00:18:59.931636
SMMR,26.31,26.31,26.32,2334600.0,2230100.0,0,0,0,0,0,0,0,0,0,0,0,0,0,0,0,0,0,168,2026-02-04 00:18:59.931636
ATMN,22.76,22.76,22.92,2674800.0,2658400.0,0,0,0,0,0,0,0,0,0,0,0,0,0,0,0,0,0,168,2026-02-04 00:18:59.931636
WNTR,23.09,22.99,23.09,2354400.0,2304400.0,0,0,0,0,0,0,0,0,0,0,0,0,0,0,0,0,0,168,2026-02-04 00:18:59.931636
SPNG,24.45,24.45,25.25,2414200.0,2215100.0,0,0,0,0,0,0,0,0,0,0,0,0,0,0,0,0,0,169,2026-02-04 00:19:00.959417
SMMR,26.31,26.31,26.32,2321100.0,2230100.0,0,0,0,0,0,0,0,0,0,0,0,0,0,0,0,0,0,169,2026-02-04 00:19:00.959417
ATMN,22.76,22.59,22.62,2636400.0,2696000.0,0,0,0,0,0,0,0,0,0,0,0,0,0,0,0,0,0,169,2026-02-04 00:19:00.959417
WNTR,23.1,23.08,23.1,2381500.0,2266400.0,0,0,0,0,0,0,0,0,0,0,0,0,0,0,0,0,0,169,2026-02-04 00:19:00.959417
SPNG,24.44,24.44,25.25,2438900.0,2213800.0,0,0,0,0,0,0,0,0,0,0,0,0,0,0,0,0,0,170,2026-02-04 00:19:01.990556
SMMR,26.26,26.26,26.36,2271300.0,2252000.0,0,0,0,0,0,0,0,0,0,0,0,0,0,0,0,0,0,170,2026-02-04 00:19:01.990556
ATMN,22.59,22.59,22.78,2636400.0,2678800.0,0,0,0,0,0,0,0,0,0,0,0,0,0,0,0,0,0,170,2026-02-04 00:19:01.990556
WNTR,23.1,23.08,23.1,2409200.0,2264700.0,0,0,0,0,0,0,0,0,0,0,0,0,0,0,0,0,0,170,2026-02-04 00:19:01.990556
SPNG,24.67,24.44,24.67,2438900.0,2216300.0,0,0,0,0,0,0,0,0,0,0,0,0,0,0,0,0,0,171,2026-02-04 00:19:03.028988
SMMR,26.37,26.26,26.37,2271300.0,2252600.0,0,0,0,0,0,0,0,0,0,0,0,0,0,0,0,0,0,171,2026-02-04 00:19:03.028988
ATMN,22.92,22.65,22.92,2651400.0,2658400.0,0,0,0,0,0,0,0,0,0,0,0,0,0,0,0,0,0,171,2026-02-04 00:19:03.028988
WNTR,23.08,23.08,23.1,2409200.0,2276800.0,0,0,0,0,0,0,0,0,0,0,0,0,0,0,0,0,0,171,2026-02-04 00:19:03.028988
SPNG,24.67,24.77,25.25,2392100.0,2213800.0,0,0,0,0,0,0,0,0,0,0,0,0,0,0,0,0,0,172,2026-02-04 00:19:04.061370
SMMR,26.24,26.24,26.29,2315400.0,2268000.0,0,0,0,0,0,0,0,0,0,0,0,0,0,0,0,0,0,172,2026-02-04 00:19:04.061370
ATMN,22.59,22.59,22.9,2636400.0,2662900.0,0,0,0,0,0,0,0,0,0,0,0,0,0,0,0,0,0,172,2026-02-04 00:19:04.061370
WNTR,23.11,23.04,23.11,2396600.0,2291600.0,0,0,0,0,0,0,0,0,0,0,0,0,0,0,0,0,0,172,2026-02-04 00:19:04.061370
SPNG,24.67,24.77,24.85,2392100.0,2202200.0,0,0,0,0,0,0,0,0,0,0,0,0,0,0,0,0,0,173,2026-02-04 00:19:05.092598
SMMR,26.21,26.21,26.29,2283700.0,2251200.0,0,0,0,0,0,0,0,0,0,0,0,0,0,0,0,0,0,173,2026-02-04 00:19:05.092598
ATMN,22.74,22.59,22.74,2636400.0,2675000.0,0,0,0,0,0,0,0,0,0,0,0,0,0,0,0,0,0,173,2026-02-04 00:19:05.092598
WNTR,23.12,23.04,23.07,2396600.0,2285800.0,0,0,0,0,0,0,0,0,0,0,0,0,0,0,0,0,0,173,2026-02-04 00:19:05.092598
SPNG,24.47,24.57,24.85,2427900.0,2199400.0,0,0,0,0,0,0,0,0,0,0,0,0,0,0,0,0,0,174,2026-02-04 00:19:06.128381
SMMR,26.21,26.21,26.27,2305800.0,2225900.0,0,0,0,0,0,0,0,0,0,0,0,0,0,0,0,0,0,174,2026-02-04 00:19:06.128381
ATMN,22.74,22.59,22.74,2680500.0,2675000.0,0,0,0,0,0,0,0,0,0,0,0,0,0,0,0,0,0,174,2026-02-04 00:19:06.128381
WNTR,23.02,23.02,23.07,2399800.0,2280500.0,0,0,0,0,0,0,0,0,0,0,0,0,0,0,0,0,0,174,2026-02-04 00:19:06.128381
SPNG,24.44,24.44,24.76,2430700.0,2206800.0,0,0,0,0,0,0,0,0,0,0,0,0,0,0,0,0,0,175,2026-02-04 00:19:07.162304
SMMR,26.21,26.18,26.21,2296300.0,2209700.0,0,0,0,0,0,0,0,0,0,0,0,0,0,0,0,0,0,175,2026-02-04 00:19:07.162304
ATMN,22.78,22.59,22.78,2660500.0,2672000.0,0,0,0,0,0,0,0,0,0,0,0,0,0,0,0,0,0,175,2026-02-04 00:19:07.162304
WNTR,23.13,23.02,23.13,2399800.0,2300400.0,0,0,0,0,0,0,0,0,0,0,0,0,0,0,0,0,0,175,2026-02-04 00:19:07.162304
SPNG,24.76,24.44,24.76,2425900.0,2206800.0,0,0,0,0,0,0,0,0,0,0,0,0,0,0,0,0,0,176,2026-02-04 00:19:07.701416
SMMR,26.18,26.18,26.21,2296300.0,2232600.0,0,0,0,0,0,0,0,0,0,0,0,0,0,0,0,0,0,176,2026-02-04 00:19:07.701416
ATMN,22.78,22.77,22.78,2673800.0,2672000.0,0,0,0,0,0,0,0,0,0,0,0,0,0,0,0,0,0,176,2026-02-04 00:19:07.701416
WNTR,23.02,23.01,23.02,2385000.0,2311400.0,0,0,0,0,0,0,0,0,0,0,0,0,0,0,0,0,0,176,2026-02-04 00:19:07.701416
SPNG,24.85,24.92,24.97,2415500.0,2233000.0,0,0,0,0,0,0,0,0,0,0,0,0,0,0,0,0,0,177,2026-02-04 00:19:08.744146
SMMR,26.16,26.16,26.27,2285700.0,2229700.0,0,0,0,0,0,0,0,0,0,0,0,0,0,0,0,0,0,177,2026-02-04 00:19:08.744146
ATMN,22.91,22.77,22.91,2673800.0,2707300.0,0,0,0,0,0,0,0,0,0,0,0,0,0,0,0,0,0,177,2026-02-04 00:19:08.744146
WNTR,23.13,23.01,23.13,2396100.0,2282400.0,0,0,0,0,0,0,0,0,0,0,0,0,0,0,0,0,0,177,2026-02-04 00:19:08.744146
SPNG,24.92,24.41,24.64,2398600.0,2205700.0,0,0,0,0,0,0,0,0,0,0,0,0,0,0,0,0,0,178,2026-02-04 00:19:09.780922
SMMR,26.29,26.27,26.29,2261600.0,2257600.0,0,0,0,0,0,0,0,0,0,0,0,0,0,0,0,0,0,178,2026-02-04 00:19:09.780922
ATMN,22.82,22.77,22.82,2673800.0,2693500.0,0,0,0,0,0,0,0,0,0,0,0,0,0,0,0,0,0,178,2026-02-04 00:19:09.780922
WNTR,23.13,23.01,23.13,2407900.0,2274800.0,0,0,0,0,0,0,0,0,0,0,0,0,0,0,0,0,0,178,2026-02-04 00:19:09.780922
SPNG,24.64,24.85,24.97,2380600.0,2199400.0,0,0,0,0,0,0,0,0,0,0,0,0,0,0,0,0,0,179,2026-02-04 00:19:10.853929
SMMR,26.13,26.13,26.29,2249700.0,2257600.0,0,0,0,0,0,0,0,0,0,0,0,0,0,0,0,0,0,179,2026-02-04 00:19:10.853929
ATMN,23.01,22.99,23.01,2655800.0,2678100.0,0,0,0,0,0,0,0,0,0,0,0,0,0,0,0,0,0,179,2026-02-04 00:19:10.853929
WNTR,23.01,23.01,23.13,2388600.0,2313300.0,0,0,0,0,0,0,0,0,0,0,0,0,0,0,0,0,0,179,2026-02-04 00:19:10.853929
SPNG,25.08,24.39,24.56,1022700.0,746800.0,0,0,0,0,0,0,0,0,0,0,0,0,0,0,0,0,0,180,2026-02-04 00:19:11.897578
SMMR,26.12,25.97,0.0,200000.0,,0,0,0,0,0,0,0,0,0,0,0,0,0,0,0,0,0,180,2026-02-04 00:19:11.897578
ATMN,22.99,25.76,0.0,200000.0,,0,0,0,0,0,0,0,0,0,0,0,0,0,0,0,0,0,180,2026-02-04 00:19:11.897578
WNTR,23.01,24.69,0.0,200000.0,,0,0,0,0,0,0,0,0,0,0,0,0,0,0,0,0,0,180,2026-02-04 00:19:11.897578
SPNG,24.39,24.39,24.56,1022700.0,860400.0,0,0,0,0,0,0,0,0,0,0,0,0,0,0,0,0,0,181,2026-02-04 00:19:12.930264
SMMR,26.12,25.97,26.18,953500.0,1096500.0,0,0,0,0,0,0,0,0,0,0,0,0,0,0,0,0,0,181,2026-02-04 00:19:12.930264
ATMN,25.76,24.27,24.92,1205900.0,861500.0,0,0,0,0,0,0,0,0,0,0,0,0,0,0,0,0,0,181,2026-02-04 00:19:12.930264
WNTR,24.69,24.12,24.47,1044800.0,885900.0,0,0,0,0,0,0,0,0,0,0,0,0,0,0,0,0,0,181,2026-02-04 00:19:12.930264
SPNG,24.39,24.39,24.53,1062600.0,964800.0,0,0,0,0,0,0,0,0,0,0,0,0,0,0,0,0,0,182,2026-02-04 00:19:13.971243
SMMR,25.97,25.97,26.01,975200.0,1317400.0,0,0,0,0,0,0,0,0,0,0,0,0,0,0,0,0,0,182,2026-02-04 00:19:13.971243
ATMN,24.92,25.46,25.54,1615600.0,853400.0,0,0,0,0,0,0,0,0,0,0,0,0,0,0,0,0,0,182,2026-02-04 00:19:13.971243
WNTR,24.48,24.43,24.48,1384500.0,893100.0,0,0,0,0,0,0,0,0,0,0,0,0,0,0,0,0,0,182,2026-02-04 00:19:13.971243
SPNG,24.39,22.54,23.71,1332800.0,1102600.0,0,0,0,0,0,0,0,0,0,0,0,0,0,0,0,0,0,183,2026-02-04 00:19:15.009083
SMMR,25.95,25.95,26.01,1008900.0,1408500.0,0,0,0,0,0,0,0,0,0,0,0,0,0,0,0,0,0,183,2026-02-04 00:19:15.009083
ATMN,25.58,25.46,25.56,1745100.0,998700.0,0,0,0,0,0,0,0,0,0,0,0,0,0,0,0,0,0,183,2026-02-04 00:19:15.009083
WNTR,24.77,24.57,24.77,1636500.0,861100.0,0,0,0,0,0,0,0,0,0,0,0,0,0,0,0,0,0,183,2026-02-04 00:19:15.009083
SPNG,24.39,23.17,23.71,1780000.0,1102600.0,0,0,0,0,0,0,0,0,0,0,0,0,0,0,0,0,0,184,2026-02-04 00:19:16.043560
SMMR,25.95,25.95,26.01,1008900.0,1782300.0,0,0,0,0,0,0,0,0,0,0,0,0,0,0,0,0,0,184,2026-02-04 00:19:16.043560
ATMN,26.09,25.7,25.93,1880900.0,1007000.0,0,0,0,0,0,0,0,0,0,0,0,0,0,0,0,0,0,184,2026-02-04 00:19:16.043560
WNTR,24.64,24.75,24.77,1851900.0,861100.0,0,0,0,0,0,0,0,0,0,0,0,0,0,0,0,0,0,184,2026-02-04 00:19:16.043560
SPNG,24.53,23.68,24.53,2186100.0,964800.0,0,0,0,0,0,0,0,0,0,0,0,0,0,0,0,0,0,185,2026-02-04 00:19:17.084213
SMMR,26.01,25.93,26.01,1128300.0,1782300.0,0,0,0,0,0,0,0,0,0,0,0,0,0,0,0,0,0,185,2026-02-04 00:19:17.084213
ATMN,25.7,25.46,25.7,1745100.0,1214100.0,0,0,0,0,0,0,0,0,0,0,0,0,0,0,0,0,0,185,2026-02-04 00:19:17.084213
WNTR,24.87,24.75,24.79,1968800.0,1009000.0,0,0,0,0,0,0,0,0,0,0,0,0,0,0,0,0,0,185,2026-02-04 00:19:17.084213
SPNG,24.53,24.31,24.53,2459400.0,1093000.0,0,0,0,0,0,0,0,0,0,0,0,0,0,0,0,0,0,186,2026-02-04 00:19:18.122428
SMMR,25.86,25.86,26.1,1144100.0,1681900.0,0,0,0,0,0,0,0,0,0,0,0,0,0,0,0,0,0,186,2026-02-04 00:19:18.122428
ATMN,25.87,25.68,25.87,1852300.0,1326400.0,0,0,0,0,0,0,0,0,0,0,0,0,0,0,0,0,0,186,2026-02-04 00:19:18.122428
WNTR,24.87,24.75,24.79,2219300.0,1098800.0,0,0,0,0,0,0,0,0,0,0,0,0,0,0,0,0,0,186,2026-02-04 00:19:18.122428
SPNG,24.23,24.23,24.41,2326700.0,1450200.0,0,0,0,0,0,0,0,0,0,0,0,0,0,0,0,0,0,187,2026-02-04 00:19:19.164984
SMMR,26.03,26.04,26.06,1407900.0,1788500.0,0,0,0,0,0,0,0,0,0,0,0,0,0,0,0,0,0,187,2026-02-04 00:19:19.164984
ATMN,25.68,25.46,25.66,1745100.0,1667200.0,0,0,0,0,0,0,0,0,0,0,0,0,0,0,0,0,0,187,2026-02-04 00:19:19.164984
WNTR,24.73,24.73,24.92,1989200.0,1308300.0,0,0,0,0,0,0,0,0,0,0,0,0,0,0,0,0,0,187,2026-02-04 00:19:19.164984
SPNG,24.15,23.68,23.78,2186100.0,1588400.0,0,0,0,0,0,0,0,0,0,0,0,0,0,0,0,0,0,188,2026-02-04 00:19:20.202687
SMMR,25.94,25.86,25.94,1441300.0,1913500.0,0,0,0,0,0,0,0,0,0,0,0,0,0,0,0,0,0,188,2026-02-04 00:19:20.202687
ATMN,25.87,25.67,25.87,1975300.0,1547300.0,0,0,0,0,0,0,0,0,0,0,0,0,0,0,0,0,0,188,2026-02-04 00:19:20.202687
WNTR,24.73,24.73,24.83,1989200.0,1648600.0,0,0,0,0,0,0,0,0,0,0,0,0,0,0,0,0,0,188,2026-02-04 00:19:20.202687
SPNG,23.78,24.36,24.41,2593900.0,1568000.0,0,0,0,0,0,0,0,0,0,0,0,0,0,0,0,0,0,189,2026-02-04 00:19:21.282821
SMMR,26.06,25.86,26.06,1565600.0,1891600.0,0,0,0,0,0,0,0,0,0,0,0,0,0,0,0,0,0,189,2026-02-04 00:19:21.282821
ATMN,25.67,25.67,25.92,1975300.0,1566300.0,0,0,0,0,0,0,0,0,0,0,0,0,0,0,0,0,0,189,2026-02-04 00:19:21.282821
WNTR,24.64,24.64,24.83,1860400.0,1775900.0,0,0,0,0,0,0,0,0,0,0,0,0,0,0,0,0,0,189,2026-02-04 00:19:21.282821
SPNG,24.5,24.36,24.5,2593900.0,1561800.0,0,0,0,0,0,0,0,0,0,0,0,0,0,0,0,0,0,190,2026-02-04 00:19:21.813083
SMMR,26.06,25.86,26.06,1682800.0,1891600.0,0,0,0,0,0,0,0,0,0,0,0,0,0,0,0,0,0,190,2026-02-04 00:19:21.813083
ATMN,25.67,25.73,25.92,2090800.0,1683100.0,0,0,0,0,0,0,0,0,0,0,0,0,0,0,0,0,0,190,2026-02-04 00:19:21.813083
WNTR,24.64,24.68,24.71,1977700.0,1904200.0,0,0,0,0,0,0,0,0,0,0,0,0,0,0,0,0,0,190,2026-02-04 00:19:21.813083
SPNG,24.5,23.68,24.5,2457000.0,1695500.0,0,0,0,0,0,0,0,0,0,0,0,0,0,0,0,0,0,191,2026-02-04 00:19:22.886213
SMMR,25.79,25.92,26.06,1763300.0,1891600.0,0,0,0,0,0,0,0,0,0,0,0,0,0,0,0,0,0,191,2026-02-04 00:19:22.886213
ATMN,25.79,25.79,25.92,2212400.0,1796100.0,0,0,0,0,0,0,0,0,0,0,0,0,0,0,0,0,0,191,2026-02-04 00:19:22.886213
WNTR,24.71,24.68,24.71,2106600.0,2002500.0,0,0,0,0,0,0,0,0,0,0,0,0,0,0,0,0,0,191,2026-02-04 00:19:22.886213
SPNG,24.66,24.47,24.66,2590000.0,1417800.0,0,0,0,0,0,0,0,0,0,0,0,0,0,0,0,0,0,192,2026-02-04 00:19:23.991466
SMMR,25.79,25.92,26.06,1891100.0,2094100.0,0,0,0,0,0,0,0,0,0,0,0,0,0,0,0,0,0,192,2026-02-04 00:19:23.991466
ATMN,25.57,25.57,25.92,2004100.0,1796100.0,0,0,0,0,0,0,0,0,0,0,0,0,0,0,0,0,0,192,2026-02-04 00:19:23.991466
WNTR,24.71,24.68,24.71,2221600.0,2216100.0,0,0,0,0,0,0,0,0,0,0,0,0,0,0,0,0,0,192,2026-02-04 00:19:23.991466
SPNG,23.56,24.09,24.66,2450000.0,1417800.0,0,0,0,0,0,0,0,0,0,0,0,0,0,0,0,0,0,193,2026-02-04 00:19:25.030964
SMMR,25.79,25.92,26.06,1891100.0,2259300.0,0,0,0,0,0,0,0,0,0,0,0,0,0,0,0,0,0,193,2026-02-04 00:19:25.030964
ATMN,25.93,25.95,26.09,2233300.0,1533500.0,0,0,0,0,0,0,0,0,0,0,0,0,0,0,0,0,0,193,2026-02-04 00:19:25.030964
WNTR,24.68,24.68,24.74,2330900.0,2189600.0,0,0,0,0,0,0,0,0,0,0,0,0,0,0,0,0,0,193,2026-02-04 00:19:25.030964
SPNG,24.22,24.09,24.22,2655800.0,1559300.0,0,0,0,0,0,0,0,0,0,0,0,0,0,0,0,0,0,194,2026-02-04 00:19:26.069253
SMMR,25.79,25.92,26.04,2013300.0,2259700.0,0,0,0,0,0,0,0,0,0,0,0,0,0,0,0,0,0,194,2026-02-04 00:19:26.069253
ATMN,25.93,25.95,25.97,2233300.0,1864800.0,0,0,0,0,0,0,0,0,0,0,0,0,0,0,0,0,0,194,2026-02-04 00:19:26.069253
WNTR,24.68,24.68,24.74,2310600.0,2189600.0,0,0,0,0,0,0,0,0,0,0,0,0,0,0,0,0,0,194,2026-02-04 00:19:26.069253
SPNG,24.66,24.09,24.48,2561100.0,1653800.0,0,0,0,0,0,0,0,0,0,0,0,0,0,0,0,0,0,195,2026-02-04 00:19:27.116450
SMMR,26.04,25.92,25.98,2013300.0,2248300.0,0,0,0,0,0,0,0,0,0,0,0,0,0,0,0,0,0,195,2026-02-04 00:19:27.116450
ATMN,25.97,25.57,25.97,2249500.0,1992000.0,0,0,0,0,0,0,0,0,0,0,0,0,0,0,0,0,0,195,2026-02-04 00:19:27.116450
WNTR,24.74,24.73,24.74,2304200.0,2212900.0,0,0,0,0,0,0,0,0,0,0,0,0,0,0,0,0,0,195,2026-02-04 00:19:27.116450
SPNG,24.48,24.09,24.26,2561100.0,1971300.0,0,0,0,0,0,0,0,0,0,0,0,0,0,0,0,0,0,196,2026-02-04 00:19:28.145048
SMMR,25.78,25.78,26.06,1800300.0,2251100.0,0,0,0,0,0,0,0,0,0,0,0,0,0,0,0,0,0,196,2026-02-04 00:19:28.145048
ATMN,25.89,25.89,25.97,2480700.0,1992000.0,0,0,0,0,0,0,0,0,0,0,0,0,0,0,0,0,0,196,2026-02-04 00:19:28.145048
WNTR,24.74,24.79,24.81,2269300.0,2233300.0,0,0,0,0,0,0,0,0,0,0,0,0,0,0,0,0,0,196,2026-02-04 00:19:28.145048
SPNG,24.09,24.09,24.48,2571500.0,1968300.0,0,0,0,0,0,0,0,0,0,0,0,0,0,0,0,0,0,197,2026-02-04 00:19:29.260990
SMMR,26.06,26.0,26.06,1892200.0,2250800.0,0,0,0,0,0,0,0,0,0,0,0,0,0,0,0,0,0,197,2026-02-04 00:19:29.260990
ATMN,25.96,25.96,25.97,2589500.0,2096400.0,0,0,0,0,0,0,0,0,0,0,0,0,0,0,0,0,0,197,2026-02-04 00:19:29.260990
WNTR,24.79,24.73,24.77,2302200.0,2257600.0,0,0,0,0,0,0,0,0,0,0,0,0,0,0,0,0,0,197,2026-02-04 00:19:29.260990
SPNG,24.63,23.7,24.63,2575500.0,1753000.0,0,0,0,0,0,0,0,0,0,0,0,0,0,0,0,0,0,198,2026-02-04 00:19:30.298111
SMMR,26.0,25.78,25.86,2033500.0,2241300.0,0,0,0,0,0,0,0,0,0,0,0,0,0,0,0,0,0,198,2026-02-04 00:19:30.298111
ATMN,25.96,25.96,25.97,2511400.0,2188300.0,0,0,0,0,0,0,0,0,0,0,0,0,0,0,0,0,0,198,2026-02-04 00:19:30.298111
WNTR,24.83,24.74,24.83,2290100.0,2194300.0,0,0,0,0,0,0,0,0,0,0,0,0,0,0,0,0,0,198,2026-02-04 00:19:30.298111
SPNG,24.63,24.17,24.63,2544600.0,1753000.0,0,0,0,0,0,0,0,0,0,0,0,0,0,0,0,0,0,199,2026-02-04 00:19:30.825940
SMMR,26.06,25.78,25.98,2033500.0,2239100.0,0,0,0,0,0,0,0,0,0,0,0,0,0,0,0,0,0,199,2026-02-04 00:19:30.825940
ATMN,25.92,25.92,25.97,2518300.0,2182200.0,0,0,0,0,0,0,0,0,0,0,0,0,0,0,0,0,0,199,2026-02-04 00:19:30.825940
WNTR,24.84,24.74,24.84,2255900.0,2096000.0,0,0,0,0,0,0,0,0,0,0,0,0,0,0,0,0,0,199,2026-02-04 00:19:30.825940
SPNG,24.63,24.17,24.19,2544600.0,2135800.0,0,0,0,0,0,0,0,0,0,0,0,0,0,0,0,0,0,200,2026-02-04 00:19:31.863382
SMMR,25.76,25.76,25.98,2037400.0,2220600.0,0,0,0,0,0,0,0,0,0,0,0,0,0,0,0,0,0,200,2026-02-04 00:19:31.863382
ATMN,25.98,25.92,25.98,2459300.0,2157700.0,0,0,0,0,0,0,0,0,0,0,0,0,0,0,0,0,0,200,2026-02-04 00:19:31.863382
WNTR,24.88,24.74,24.88,2249100.0,1978100.0,0,0,0,0,0,0,0,0,0,0,0,0,0,0,0,0,0,200,2026-02-04 00:19:31.863382
SPNG,24.63,24.17,24.63,2544600.0,2118500.0,0,0,0,0,0,0,0,0,0,0,0,0,0,0,0,0,0,201,2026-02-04 00:19:32.900928
SMMR,25.76,25.76,25.98,2388100.0,2220600.0,0,0,0,0,0,0,0,0,0,0,0,0,0,0,0,0,0,201,2026-02-04 00:19:32.900928
ATMN,25.89,25.86,25.89,2498600.0,2221200.0,0,0,0,0,0,0,0,0,0,0,0,0,0,0,0,0,0,201,2026-02-04 00:19:32.900928
WNTR,24.88,24.74,24.79,2249100.0,2183100.0,0,0,0,0,0,0,0,0,0,0,0,0,0,0,0,0,0,201,2026-02-04 00:19:32.900928
SPNG,23.7,24.16,24.63,2538700.0,2130700.0,0,0,0,0,0,0,0,0,0,0,0,0,0,0,0,0,0,202,2026-02-04 00:19:33.934807
SMMR,25.76,25.76,26.02,2388100.0,2234100.0,0,0,0,0,0,0,0,0,0,0,0,0,0,0,0,0,0,202,2026-02-04 00:19:33.934807
ATMN,25.98,25.56,25.98,2431500.0,2228900.0,0,0,0,0,0,0,0,0,0,0,0,0,0,0,0,0,0,202,2026-02-04 00:19:33.934807
WNTR,24.87,24.74,24.87,2253300.0,2206400.0,0,0,0,0,0,0,0,0,0,0,0,0,0,0,0,0,0,202,2026-02-04 00:19:33.934807
SPNG,24.16,23.7,23.94,2527700.0,2138000.0,0,0,0,0,0,0,0,0,0,0,0,0,0,0,0,0,0,203,2026-02-04 00:19:34.976727
SMMR,26.02,25.76,25.79,2388100.0,2219300.0,0,0,0,0,0,0,0,0,0,0,0,0,0,0,0,0,0,203,2026-02-04 00:19:34.976727
ATMN,25.98,25.81,25.98,2485200.0,2235900.0,0,0,0,0,0,0,0,0,0,0,0,0,0,0,0,0,0,203,2026-02-04 00:19:34.976727
WNTR,24.73,24.73,24.87,2250200.0,2206400.0,0,0,0,0,0,0,0,0,0,0,0,0,0,0,0,0,0,203,2026-02-04 00:19:34.976727
SPNG,23.94,24.34,24.63,2460000.0,2130700.0,0,0,0,0,0,0,0,0,0,0,0,0,0,0,0,0,0,204,2026-02-04 00:19:36.016870
SMMR,25.87,25.97,26.02,2494800.0,2229900.0,0,0,0,0,0,0,0,0,0,0,0,0,0,0,0,0,0,204,2026-02-04 00:19:36.016870
ATMN,25.98,25.81,25.98,2485200.0,2203400.0,0,0,0,0,0,0,0,0,0,0,0,0,0,0,0,0,0,204,2026-02-04 00:19:36.016870
WNTR,24.73,24.83,24.87,2217600.0,2265100.0,0,0,0,0,0,0,0,0,0,0,0,0,0,0,0,0,0,204,2026-02-04 00:19:36.016870
SPNG,24.34,23.91,24.02,2502500.0,2324100.0,0,0,0,0,0,0,0,0,0,0,0,0,0,0,0,0,0,205,2026-02-04 00:19:37.054755
SMMR,25.97,25.78,25.92,2459900.0,2239900.0,0,0,0,0,0,0,0,0,0,0,0,0,0,0,0,0,0,205,2026-02-04 00:19:37.054755
ATMN,25.81,25.81,25.95,2452600.0,2209200.0,0,0,0,0,0,0,0,0,0,0,0,0,0,0,0,0,0,205,2026-02-04 00:19:37.054755
WNTR,24.88,24.83,24.88,2217600.0,2259000.0,0,0,0,0,0,0,0,0,0,0,0,0,0,0,0,0,0,205,2026-02-04 00:19:37.054755
SPNG,24.02,24.2,24.48,2491600.0,2300500.0,0,0,0,0,0,0,0,0,0,0,0,0,0,0,0,0,0,206,2026-02-04 00:19:38.093444
SMMR,25.92,25.87,25.92,2499800.0,2239900.0,0,0,0,0,0,0,0,0,0,0,0,0,0,0,0,0,0,206,2026-02-04 00:19:38.093444
ATMN,25.59,25.6,25.94,2487600.0,2240900.0,0,0,0,0,0,0,0,0,0,0,0,0,0,0,0,0,0,206,2026-02-04 00:19:38.093444
WNTR,24.89,24.83,24.89,2210000.0,2289000.0,0,0,0,0,0,0,0,0,0,0,0,0,0,0,0,0,0,206,2026-02-04 00:19:38.093444
SPNG,23.7,23.64,23.67,2580500.0,2323300.0,0,0,0,0,0,0,0,0,0,0,0,0,0,0,0,0,0,207,2026-02-04 00:19:39.136050
SMMR,25.87,25.76,25.81,2391100.0,2257900.0,0,0,0,0,0,0,0,0,0,0,0,0,0,0,0,0,0,207,2026-02-04 00:19:39.136050
ATMN,25.55,25.82,25.94,2520900.0,2240900.0,0,0,0,0,0,0,0,0,0,0,0,0,0,0,0,0,0,207,2026-02-04 00:19:39.136050
WNTR,24.9,24.83,24.9,2227800.0,2276400.0,0,0,0,0,0,0,0,0,0,0,0,0,0,0,0,0,0,207,2026-02-04 00:19:39.136050
SPNG,24.66,23.64,24.66,2580500.0,2194100.0,0,0,0,0,0,0,0,0,0,0,0,0,0,0,0,0,0,208,2026-02-04 00:19:40.173405
SMMR,26.06,25.76,26.06,2482400.0,2240200.0,0,0,0,0,0,0,0,0,0,0,0,0,0,0,0,0,0,208,2026-02-04 00:19:40.173405
ATMN,25.82,25.82,25.86,2520900.0,2289400.0,0,0,0,0,0,0,0,0,0,0,0,0,0,0,0,0,0,208,2026-02-04 00:19:40.173405
WNTR,24.8,24.8,24.83,2242200.0,2287200.0,0,0,0,0,0,0,0,0,0,0,0,0,0,0,0,0,0,208,2026-02-04 00:19:40.173405
SPNG,24.31,24.31,24.65,2597000.0,2244700.0,0,0,0,0,0,0,0,0,0,0,0,0,0,0,0,0,0,209,2026-02-04 00:19:41.206771
SMMR,26.07,25.76,25.84,2482400.0,2256500.0,0,0,0,0,0,0,0,0,0,0,0,0,0,0,0,0,0,209,2026-02-04 00:19:41.206771
ATMN,25.72,25.72,25.77,2521400.0,2283100.0,0,0,0,0,0,0,0,0,0,0,0,0,0,0,0,0,0,209,2026-02-04 00:19:41.206771
WNTR,24.83,24.73,24.83,2228200.0,2287200.0,0,0,0,0,0,0,0,0,0,0,0,0,0,0,0,0,0,209,2026-02-04 00:19:41.206771
SPNG,24.31,23.94,24.04,2587800.0,2279600.0,0,0,0,0,0,0,0,0,0,0,0,0,0,0,0,0,0,210,2026-02-04 00:19:42.240970
SMMR,26.07,25.76,26.07,2458600.0,2252200.0,0,0,0,0,0,0,0,0,0,0,0,0,0,0,0,0,0,210,2026-02-04 00:19:42.240970
ATMN,25.55,25.46,25.47,2458800.0,2290200.0,0,0,0,0,0,0,0,0,0,0,0,0,0,0,0,0,0,210,2026-02-04 00:19:42.240970
WNTR,24.91,24.72,24.91,2232700.0,2241600.0,0,0,0,0,0,0,0,0,0,0,0,0,0,0,0,0,0,210,2026-02-04 00:19:42.240970
SPNG,24.04,23.96,24.04,2530700.0,2279600.0,0,0,0,0,0,0,0,0,0,0,0,0,0,0,0,0,0,211,2026-02-04 00:19:43.274387
SMMR,25.76,25.76,26.07,2482500.0,2256000.0,0,0,0,0,0,0,0,0,0,0,0,0,0,0,0,0,0,211,2026-02-04 00:19:43.274387
ATMN,25.86,25.72,25.86,2510600.0,2314600.0,0,0,0,0,0,0,0,0,0,0,0,0,0,0,0,0,0,211,2026-02-04 00:19:43.274387
WNTR,24.91,24.72,24.9,2180700.0,2268200.0,0,0,0,0,0,0,0,0,0,0,0,0,0,0,0,0,0,211,2026-02-04 00:19:43.274387
SPNG,23.94,23.94,24.28,2562300.0,2291800.0,0,0,0,0,0,0,0,0,0,0,0,0,0,0,0,0,0,212,2026-02-04 00:19:44.325007
SMMR,25.76,25.84,25.98,2489400.0,2239300.0,0,0,0,0,0,0,0,0,0,0,0,0,0,0,0,0,0,212,2026-02-04 00:19:44.325007
ATMN,25.86,25.72,25.86,2510600.0,2259400.0,0,0,0,0,0,0,0,0,0,0,0,0,0,0,0,0,0,212,2026-02-04 00:19:44.325007
WNTR,24.91,24.74,24.9,2153200.0,2268200.0,0,0,0,0,0,0,0,0,0,0,0,0,0,0,0,0,0,212,2026-02-04 00:19:44.325007
SPNG,23.88,23.88,24.28,2542100.0,2334100.0,0,0,0,0,0,0,0,0,0,0,0,0,0,0,0,0,0,213,2026-02-04 00:19:45.365984
SMMR,25.98,25.76,25.98,2482500.0,2239300.0,0,0,0,0,0,0,0,0,0,0,0,0,0,0,0,0,0,213,2026-02-04 00:19:45.365984
ATMN,25.42,25.42,25.59,2585900.0,2277400.0,0,0,0,0,0,0,0,0,0,0,0,0,0,0,0,0,0,213,2026-02-04 00:19:45.365984
WNTR,24.9,24.85,24.9,2178900.0,2296400.0,0,0,0,0,0,0,0,0,0,0,0,0,0,0,0,0,0,213,2026-02-04 00:19:45.365984
SPNG,24.28,23.88,24.28,2542100.0,2354800.0,0,0,0,0,0,0,0,0,0,0,0,0,0,0,0,0,0,214,2026-02-04 00:19:46.397501
SMMR,25.98,25.92,25.98,2475300.0,2239300.0,0,0,0,0,0,0,0,0,0,0,0,0,0,0,0,0,0,214,2026-02-04 00:19:46.397501
ATMN,25.86,25.42,25.86,2585900.0,2234600.0,0,0,0,0,0,0,0,0,0,0,0,0,0,0,0,0,0,214,2026-02-04 00:19:46.397501
WNTR,24.82,24.74,24.82,2153200.0,2254800.0,0,0,0,0,0,0,0,0,0,0,0,0,0,0,0,0,0,214,2026-02-04 00:19:46.397501
SPNG,24.28,24.21,24.28,2519500.0,2354800.0,0,0,0,0,0,0,0,0,0,0,0,0,0,0,0,0,0,215,2026-02-04 00:19:46.935347
SMMR,25.98,25.92,25.98,2475300.0,2241900.0,0,0,0,0,0,0,0,0,0,0,0,0,0,0,0,0,0,215,2026-02-04 00:19:46.935347
ATMN,25.9,25.42,25.59,2585900.0,2234700.0,0,0,0,0,0,0,0,0,0,0,0,0,0,0,0,0,0,215,2026-02-04 00:19:46.935347
WNTR,24.72,24.8,24.82,2177500.0,2254800.0,0,0,0,0,0,0,0,0,0,0,0,0,0,0,0,0,0,215,2026-02-04 00:19:46.935347
SPNG,23.86,23.86,24.22,2567600.0,2368200.0,0,0,0,0,0,0,0,0,0,0,0,0,0,0,0,0,0,216,2026-02-04 00:19:47.986472
SMMR,25.92,25.76,25.78,2475900.0,2223400.0,0,0,0,0,0,0,0,0,0,0,0,0,0,0,0,0,0,216,2026-02-04 00:19:47.986472
ATMN,25.59,25.76,25.9,2573600.0,2227700.0,0,0,0,0,0,0,0,0,0,0,0,0,0,0,0,0,0,216,2026-02-04 00:19:47.986472
WNTR,24.72,24.8,24.82,2208400.0,2254800.0,0,0,0,0,0,0,0,0,0,0,0,0,0,0,0,0,0,216,2026-02-04 00:19:47.986472
SPNG,24.6,24.6,24.65,2541000.0,2309400.0,0,0,0,0,0,0,0,0,0,0,0,0,0,0,0,0,0,217,2026-02-04 00:19:49.023119
SMMR,25.92,25.76,25.78,2432100.0,2223400.0,0,0,0,0,0,0,0,0,0,0,0,0,0,0,0,0,0,217,2026-02-04 00:19:49.023119
ATMN,25.76,25.72,25.73,2541200.0,2219200.0,0,0,0,0,0,0,0,0,0,0,0,0,0,0,0,0,0,217,2026-02-04 00:19:49.023119
WNTR,24.86,24.86,24.9,2185400.0,2267500.0,0,0,0,0,0,0,0,0,0,0,0,0,0,0,0,0,0,217,2026-02-04 00:19:49.023119
SPNG,24.41,23.86,24.41,2567400.0,2378500.0,0,0,0,0,0,0,0,0,0,0,0,0,0,0,0,0,0,218,2026-02-04 00:19:50.057432
SMMR,25.78,25.8,25.87,2413000.0,2220800.0,0,0,0,0,0,0,0,0,0,0,0,0,0,0,0,0,0,218,2026-02-04 00:19:50.057432
ATMN,25.73,25.72,25.73,2549400.0,2207600.0,0,0,0,0,0,0,0,0,0,0,0,0,0,0,0,0,0,218,2026-02-04 00:19:50.057432
WNTR,24.8,24.8,24.9,2208400.0,2244900.0,0,0,0,0,0,0,0,0,0,0,0,0,0,0,0,0,0,218,2026-02-04 00:19:50.057432
SPNG,24.58,23.86,24.58,2567400.0,2393100.0,0,0,0,0,0,0,0,0,0,0,0,0,0,0,0,0,0,219,2026-02-04 00:19:51.093248
SMMR,25.87,25.8,25.87,2413000.0,2199800.0,0,0,0,0,0,0,0,0,0,0,0,0,0,0,0,0,0,219,2026-02-04 00:19:51.093248
ATMN,25.73,25.72,25.73,2553200.0,2176900.0,0,0,0,0,0,0,0,0,0,0,0,0,0,0,0,0,0,219,2026-02-04 00:19:51.093248
WNTR,24.8,24.73,24.77,2171900.0,2248700.0,0,0,0,0,0,0,0,0,0,0,0,0,0,0,0,0,0,219,2026-02-04 00:19:51.093248
SPNG,24.45,23.86,24.45,2567400.0,2407200.0,0,0,0,0,0,0,0,0,0,0,0,0,0,0,0,0,0,220,2026-02-04 00:19:52.136272
SMMR,25.86,25.86,25.87,2431200.0,2199800.0,0,0,0,0,0,0,0,0,0,0,0,0,0,0,0,0,0,220,2026-02-04 00:19:52.136272
ATMN,25.74,25.72,25.74,2553200.0,2191700.0,0,0,0,0,0,0,0,0,0,0,0,0,0,0,0,0,0,220,2026-02-04 00:19:52.136272
WNTR,24.77,24.86,24.9,2141200.0,2257200.0,0,0,0,0,0,0,0,0,0,0,0,0,0,0,0,0,0,220,2026-02-04 00:19:52.136272
SPNG,24.45,24.13,24.45,2504100.0,2402800.0,0,0,0,0,0,0,0,0,0,0,0,0,0,0,0,0,0,221,2026-02-04 00:19:53.184623
SMMR,25.86,25.86,25.87,2427800.0,2189500.0,0,0,0,0,0,0,0,0,0,0,0,0,0,0,0,0,0,221,2026-02-04 00:19:53.184623
ATMN,25.9,25.72,25.9,2553200.0,2207200.0,0,0,0,0,0,0,0,0,0,0,0,0,0,0,0,0,0,221,2026-02-04 00:19:53.184623
WNTR,24.91,24.73,24.8,2160300.0,2252200.0,0,0,0,0,0,0,0,0,0,0,0,0,0,0,0,0,0,221,2026-02-04 00:19:53.184623
SPNG,24.13,24.13,24.45,2504100.0,2397000.0,0,0,0,0,0,0,0,0,0,0,0,0,0,0,0,0,0,222,2026-02-04 00:19:54.224713
SMMR,25.87,25.77,25.87,2417600.0,2199500.0,0,0,0,0,0,0,0,0,0,0,0,0,0,0,0,0,0,222,2026-02-04 00:19:54.224713
ATMN,25.72,25.72,25.9,2553200.0,2217200.0,0,0,0,0,0,0,0,0,0,0,0,0,0,0,0,0,0,222,2026-02-04 00:19:54.224713
WNTR,24.8,24.75,24.8,2182300.0,2249900.0,0,0,0,0,0,0,0,0,0,0,0,0,0,0,0,0,0,222,2026-02-04 00:19:54.224713
SPNG,24.11,23.86,24.11,2523600.0,2431700.0,0,0,0,0,0,0,0,0,0,0,0,0,0,0,0,0,0,223,2026-02-04 00:19:55.267398
SMMR,25.76,25.79,25.87,2403900.0,2199500.0,0,0,0,0,0,0,0,0,0,0,0,0,0,0,0,0,0,223,2026-02-04 00:19:55.267398
ATMN,25.66,25.56,25.6,2548100.0,2232800.0,0,0,0,0,0,0,0,0,0,0,0,0,0,0,0,0,0,223,2026-02-04 00:19:55.267398
WNTR,24.8,24.75,24.8,2173600.0,2220000.0,0,0,0,0,0,0,0,0,0,0,0,0,0,0,0,0,0,223,2026-02-04 00:19:55.267398
SPNG,24.45,24.1,24.45,2511500.0,2406100.0,0,0,0,0,0,0,0,0,0,0,0,0,0,0,0,0,0,224,2026-02-04 00:19:56.321729
SMMR,25.79,25.79,26.0,2403900.0,2254600.0,0,0,0,0,0,0,0,0,0,0,0,0,0,0,0,0,0,224,2026-02-04 00:19:56.321729
ATMN,25.9,25.82,25.9,2478400.0,2217200.0,0,0,0,0,0,0,0,0,0,0,0,0,0,0,0,0,0,224,2026-02-04 00:19:56.321729
WNTR,24.84,24.75,24.76,2173600.0,2199700.0,0,0,0,0,0,0,0,0,0,0,0,0,0,0,0,0,0,224,2026-02-04 00:19:56.321729
SPNG,23.86,23.86,24.45,2492700.0,2406100.0,0,0,0,0,0,0,0,0,0,0,0,0,0,0,0,0,0,225,2026-02-04 00:19:57.367528
SMMR,25.75,25.9,26.0,2395400.0,2265500.0,0,0,0,0,0,0,0,0,0,0,0,0,0,0,0,0,0,225,2026-02-04 00:19:57.367528
ATMN,25.56,25.56,25.61,2523800.0,2228700.0,0,0,0,0,0,0,0,0,0,0,0,0,0,0,0,0,0,225,2026-02-04 00:19:57.367528
WNTR,24.75,24.75,24.76,2188200.0,2199700.0,0,0,0,0,0,0,0,0,0,0,0,0,0,0,0,0,0,225,2026-02-04 00:19:57.367528
SPNG,23.86,23.86,24.07,2460700.0,2409900.0,0,0,0,0,0,0,0,0,0,0,0,0,0,0,0,0,0,226,2026-02-04 00:19:58.422315
SMMR,25.9,25.75,25.77,2391200.0,2284500.0,0,0,0,0,0,0,0,0,0,0,0,0,0,0,0,0,0,226,2026-02-04 00:19:58.422315
ATMN,25.35,25.83,25.9,2532000.0,2217200.0,0,0,0,0,0,0,0,0,0,0,0,0,0,0,0,0,0,226,2026-02-04 00:19:58.422315
WNTR,24.91,24.72,24.91,2186900.0,2232800.0,0,0,0,0,0,0,0,0,0,0,0,0,0,0,0,0,0,226,2026-02-04 00:19:58.422315
SPNG,24.07,23.94,24.07,2466300.0,2409900.0,0,0,0,0,0,0,0,0,0,0,0,0,0,0,0,0,0,227,2026-02-04 00:19:59.463142
SMMR,26.0,25.82,26.0,2385600.0,2265500.0,0,0,0,0,0,0,0,0,0,0,0,0,0,0,0,0,0,227,2026-02-04 00:19:59.463142
ATMN,25.83,25.35,25.36,2512900.0,2234800.0,0,0,0,0,0,0,0,0,0,0,0,0,0,0,0,0,0,227,2026-02-04 00:19:59.463142
WNTR,24.91,24.72,24.91,2186900.0,2232800.0,0,0,0,0,0,0,0,0,0,0,0,0,0,0,0,0,0,227,2026-02-04 00:19:59.463142
SPNG,23.86,23.86,24.07,2436300.0,2409900.0,0,0,0,0,0,0,0,0,0,0,0,0,0,0,0,0,0,228,2026-02-04 00:19:59.998625
SMMR,26.03,25.82,26.03,2385600.0,2269100.0,0,0,0,0,0,0,0,0,0,0,0,0,0,0,0,0,0,228,2026-02-04 00:19:59.998625
ATMN,25.36,25.38,25.9,2518300.0,2217200.0,0,0,0,0,0,0,0,0,0,0,0,0,0,0,0,0,0,228,2026-02-04 00:19:59.998625
WNTR,24.73,24.72,24.73,2186900.0,2207600.0,0,0,0,0,0,0,0,0,0,0,0,0,0,0,0,0,0,228,2026-02-04 00:19:59.998625
SPNG,24.07,24.19,24.45,2444300.0,2391100.0,0,0,0,0,0,0,0,0,0,0,0,0,0,0,0,0,0,229,2026-02-04 00:20:01.075166
SMMR,25.74,25.92,26.03,2406900.0,2269100.0,0,0,0,0,0,0,0,0,0,0,0,0,0,0,0,0,0,229,2026-02-04 00:20:01.075166
ATMN,25.94,25.38,25.94,2497200.0,2228600.0,0,0,0,0,0,0,0,0,0,0,0,0,0,0,0,0,0,229,2026-02-04 00:20:01.075166
WNTR,24.72,24.72,24.84,2186900.0,2226100.0,0,0,0,0,0,0,0,0,0,0,0,0,0,0,0,0,0,229,2026-02-04 00:20:01.075166
SPNG,23.86,23.86,24.29,2436300.0,2412900.0,0,0,0,0,0,0,0,0,0,0,0,0,0,0,0,0,0,230,2026-02-04 00:20:02.140033
SMMR,25.74,25.74,26.03,2388700.0,2285000.0,0,0,0,0,0,0,0,0,0,0,0,0,0,0,0,0,0,230,2026-02-04 00:20:02.140033
ATMN,25.68,25.68,25.94,2496300.0,2228600.0,0,0,0,0,0,0,0,0,0,0,0,0,0,0,0,0,0,230,2026-02-04 00:20:02.140033
WNTR,24.84,24.7,24.77,2223400.0,2204200.0,0,0,0,0,0,0,0,0,0,0,0,0,0,0,0,0,0,230,2026-02-04 00:20:02.140033
SPNG,24.45,23.86,24.45,2436300.0,2434300.0,0,0,0,0,0,0,0,0,0,0,0,0,0,0,0,0,0,231,2026-02-04 00:20:03.179733
SMMR,26.03,25.82,26.01,2363700.0,2268600.0,0,0,0,0,0,0,0,0,0,0,0,0,0,0,0,0,0,231,2026-02-04 00:20:03.179733
ATMN,25.68,25.68,25.77,2496300.0,2204200.0,0,0,0,0,0,0,0,0,0,0,0,0,0,0,0,0,0,231,2026-02-04 00:20:03.179733
WNTR,24.7,24.7,24.77,2231400.0,2199600.0,0,0,0,0,0,0,0,0,0,0,0,0,0,0,0,0,0,231,2026-02-04 00:20:03.179733
SPNG,23.78,23.78,24.45,2436600.0,2434300.0,0,0,0,0,0,0,0,0,0,0,0,0,0,0,0,0,0,232,2026-02-04 00:20:04.213418
