ticker,last_price,bid_price,ask_price,BUY_ANON,SELL_ANON,BUY_WRSW-2,SELL_WRSW-1,SELL_COLA-1,BUY_NAIT-1,BUY_WRSW-1,SELL_BRCH-1,SELL_WRSW-3,BUY_LUIS-1,SELL_UOTB-2,BUY_LAVL-1,SELL_UOTB-1,BUY_UEBR-1,BUY_COLA-3,SELL_LAVL-1,BUY_WRSW-3,BUY_BRCH-1,SELL_UEBR-1,BUY_UOTB-1,BUY_UOTB-2,SELL_LUIS-1,BUY_UOTB-3,SELL_COLA-3,SELL_WRSW-2,BUY_COLA-1,SELL_UOTB-3,SELL_NAIT-1,tick,timestamp
SPNG,0.0,0.0,0.0,2257200.0,2502700.0,0,0,0,0,0,0,0,0,0,0,0,0,0,0,0,0,0,0,0,0,0,0,0,0,0,0,0,2026-02-04 19:22:14.004729
SMMR,0.0,25.03,0.0,2188400.0,1965000.0,0,0,0,0,0,0,0,0,0,0,0,0,0,0,0,0,0,0,0,0,0,0,0,0,0,0,0,2026-02-04 19:22:14.004729
ATMN,0.0,25.0,0.0,2308300.0,2412200.0,0,0,0,0,0,0,0,0,0,0,0,0,0,0,0,0,0,0,0,0,0,0,0,0,0,0,0,2026-02-04 19:22:14.004729
WNTR,0.0,0.0,0.0,2274400.0,1978200.0,0,0,0,0,0,0,0,0,0,0,0,0,0,0,0,0,0,0,0,0,0,0,0,0,0,0,0,2026-02-04 19:22:14.004729
SPNG,0.0,0.0,0.0,2257200.0,2476100.0,0,0,0,0,0,0,0,0,0,0,0,0,0,0,0,0,0,0,0,0,0,0,0,0,0,0,1,2026-02-04 19:22:14.554767,2.0,1.0,1.0,,Aggregate Position Limit,Your CRO has set the aggregate position limit to 11000 shares for this week.
SMMR,25.1,25.03,25.07,2188400.0,1982700.0,0,0,0,0,0,0,0,0,0,0,0,0,0,0,0,0,0,0,0,0,0,0,0,0,0,0,1,2026-02-04 19:22:14.554767,1.0,1.0,1.0,,Welcome to the RITC 2026 Alogithmic Market Making Case - practice server,
ATMN,24.96,24.96,0.0,2326100.0,2412200.0,0,0,0,0,0,0,0,0,0,0,0,0,0,0,0,0,0,0,0,0,0,0,0,0,0,0,1,2026-02-04 19:22:14.554767,,,,,,
WNTR,0.0,0.0,0.0,2247500.0,1978200.0,0,0,0,0,0,0,0,0,0,0,0,0,0,0,0,0,0,0,0,0,0,0,0,0,0,0,1,2026-02-04 19:22:14.554767,,,,,,
SPNG,0.0,24.9,25.08,2250.0,2257200.0,3000.0,2314900.0,3000.0,0,0,0,0,0,0,0,0,0,0,0,0,0,0,0,0,0,0,0,0,0,0,0,2,2026-02-04 19:22:15.605623
SMMR,25.03,25.03,25.07,,2188400.0,,2106300.0,3000.0,0,0,0,0,0,0,0,0,0,0,0,0,0,0,0,0,0,0,0,0,0,0,0,2,2026-02-04 19:22:15.605623
ATMN,24.93,24.93,25.03,,2318400.0,,2241100.0,3000.0,0,0,0,0,0,0,0,0,0,0,0,0,0,0,0,0,0,0,0,0,0,0,0,2,2026-02-04 19:22:15.605623
WNTR,24.83,24.98,25.1,,2126000.0,3000.0,1868500.0,,0,0,0,0,0,0,0,0,0,0,0,0,0,0,0,0,0,0,0,0,0,0,0,2,2026-02-04 19:22:15.605623
SPNG,25.08,24.89,25.08,2231400.0,6000.0,2182000.0,6000.0,0,0,0,0,0,0,0,0,0,0,0,0,0,0,0,0,0,0,0,0,0,0,0,0,3,2026-02-04 19:22:16.663541
SMMR,25.14,25.03,25.07,2064100.0,3000.0,2010500.0,6000.0,0,0,0,0,0,0,0,0,0,0,0,0,0,0,0,0,0,0,0,0,0,0,0,0,3,2026-02-04 19:22:16.663541
ATMN,24.8,24.8,24.99,2083600.0,,2116500.0,6000.0,0,0,0,0,0,0,0,0,0,0,0,0,0,0,0,0,0,0,0,0,0,0,0,0,3,2026-02-04 19:22:16.663541
WNTR,24.98,24.95,24.96,2141900.0,5000.0,1883400.0,13000.0,0,0,0,0,0,0,0,0,0,0,0,0,0,0,0,0,0,0,0,0,0,0,0,0,3,2026-02-04 19:22:16.663541
SPNG,25.24,24.9,25.23,2250.0,2355500.0,2250.0,2173600.0,3000.0,,0,0,0,0,0,0,0,0,0,0,0,0,0,0,0,0,0,0,0,0,0,0,4,2026-02-04 19:22:17.746272
SMMR,25.14,25.09,25.14,,1953700.0,,2135000.0,3000.0,7000.0,0,0,0,0,0,0,0,0,0,0,0,0,0,0,0,0,0,0,0,0,0,0,4,2026-02-04 19:22:17.746272
ATMN,25.03,25.0,25.03,4500.0,2076900.0,,2001400.0,7000.0,,0,0,0,0,0,0,0,0,0,0,0,0,0,0,0,0,0,0,0,0,0,0,4,2026-02-04 19:22:17.746272
WNTR,24.96,24.95,24.96,,2026900.0,,1790000.0,19000.0,10000.0,0,0,0,0,0,0,0,0,0,0,0,0,0,0,0,0,0,0,0,0,0,0,4,2026-02-04 19:22:17.746272
SPNG,24.71,24.88,25.23,2250.0,2232900.0,6750.0,1915000.0,3000.0,,0,0,0,0,0,0,0,0,0,0,0,0,0,0,0,0,0,0,0,0,0,0,5,2026-02-04 19:22:18.820255
SMMR,24.92,24.92,25.14,,2049000.0,,2135000.0,3000.0,2000.0,0,0,0,0,0,0,0,0,0,0,0,0,0,0,0,0,0,0,0,0,0,0,5,2026-02-04 19:22:18.820255
ATMN,24.92,24.92,25.03,6750.0,1984700.0,4500.0,1780800.0,7000.0,,0,0,0,0,0,0,0,0,0,0,0,0,0,0,0,0,0,0,0,0,0,0,5,2026-02-04 19:22:18.820255
WNTR,24.96,24.97,25.07,,1867700.0,,1876300.0,5000.0,20000.0,0,0,0,0,0,0,0,0,0,0,0,0,0,0,0,0,0,0,0,0,0,0,5,2026-02-04 19:22:18.820255
SPNG,24.53,24.58,25.23,2250.0,1988500.0,9000.0,1792400.0,3000.0,,0,0,0,0,0,0,0,0,0,0,0,0,0,0,0,0,0,0,0,0,0,0,6,2026-02-04 19:22:19.868309
SMMR,25.16,25.06,25.16,,2071900.0,,2117200.0,5000.0,10000.0,0,0,0,0,0,0,0,0,0,0,0,0,0,0,0,0,0,0,0,0,0,0,6,2026-02-04 19:22:19.868309
ATMN,24.99,24.92,24.97,9000.0,1716500.0,9000.0,1290800.0,20600.0,2000.0,0,0,0,0,0,0,0,0,0,0,0,0,0,0,0,0,0,0,0,0,0,0,6,2026-02-04 19:22:19.868309
WNTR,24.95,24.95,25.05,,2231600.0,,1780400.0,15000.0,,0,0,0,0,0,0,0,0,0,0,0,0,0,0,0,0,0,0,0,0,0,0,6,2026-02-04 19:22:19.868309
SPNG,24.53,25.0,25.23,2201300.0,15750.0,1412700.0,3000.0,,,0,0,0,0,0,0,0,0,0,0,0,0,0,0,0,0,0,0,0,0,0,0,7,2026-02-04 19:22:20.927466
SMMR,25.02,25.02,25.16,2036700.0,,2117200.0,5000.0,10000.0,,0,0,0,0,0,0,0,0,0,0,0,0,0,0,0,0,0,0,0,0,0,0,7,2026-02-04 19:22:20.927466
ATMN,24.73,24.74,24.96,2066800.0,13500.0,1067800.0,20600.0,,2250.0,0,0,0,0,0,0,0,0,0,0,0,0,0,0,0,0,0,0,0,0,0,0,7,2026-02-04 19:22:20.927466
WNTR,25.05,24.93,25.05,2239400.0,,1672700.0,21400.0,,,0,0,0,0,0,0,0,0,0,0,0,0,0,0,0,0,0,0,0,0,0,0,7,2026-02-04 19:22:20.927466
SPNG,25.0,24.53,24.63,2099300.0,1291700.0,18000.0,3000.0,0,0,0,0,0,0,0,0,0,0,0,0,0,0,0,0,0,0,0,0,0,0,0,0,8,2026-02-04 19:22:21.531304
SMMR,24.81,25.04,25.16,2087500.0,2117200.0,,5000.0,0,0,0,0,0,0,0,0,0,0,0,0,0,0,0,0,0,0,0,0,0,0,0,0,8,2026-02-04 19:22:21.531304
ATMN,24.73,24.73,24.96,2177300.0,824000.0,18000.0,20600.0,0,0,0,0,0,0,0,0,0,0,0,0,0,0,0,0,0,0,0,0,0,0,0,0,8,2026-02-04 19:22:21.531304
WNTR,24.86,24.86,25.05,2256400.0,1672700.0,,21400.0,0,0,0,0,0,0,0,0,0,0,0,0,0,0,0,0,0,0,0,0,0,0,0,0,8,2026-02-04 19:22:21.531304
SPNG,25.07,25.07,25.08,2229100.0,1280300.0,3000.0,18000.0,0,0,0,0,0,0,0,0,0,0,0,0,0,0,0,0,0,0,0,0,0,0,0,0,9,2026-02-04 19:22:22.574158
SMMR,24.77,24.77,25.19,1855100.0,2232400.0,,,0,0,0,0,0,0,0,0,0,0,0,0,0,0,0,0,0,0,0,0,0,0,0,0,9,2026-02-04 19:22:22.574158
ATMN,25.05,24.81,25.04,2274600.0,2028700.0,3000.0,4500.0,0,0,0,0,0,0,0,0,0,0,0,0,0,0,0,0,0,0,0,0,0,0,0,0,9,2026-02-04 19:22:22.574158
WNTR,24.86,25.01,25.05,2259100.0,1584600.0,31400.0,,0,0,0,0,0,0,0,0,0,0,0,0,0,0,0,0,0,0,0,0,0,0,0,0,9,2026-02-04 19:22:22.574158
SPNG,25.07,25.07,25.08,2363300.0,600.0,1265500.0,3000.0,18000.0,,0,0,0,0,0,0,0,0,0,0,0,0,0,0,0,0,0,0,0,0,0,0,10,2026-02-04 19:22:23.624368
SMMR,25.19,24.77,25.19,1855100.0,10000.0,2232400.0,,,,0,0,0,0,0,0,0,0,0,0,0,0,0,0,0,0,0,0,0,0,0,0,10,2026-02-04 19:22:23.624368
ATMN,24.94,24.95,25.05,1918500.0,,2238200.0,3000.0,,6750.0,0,0,0,0,0,0,0,0,0,0,0,0,0,0,0,0,0,0,0,0,0,0,10,2026-02-04 19:22:23.624368
WNTR,25.01,25.01,25.05,2164500.0,2000.0,1603800.0,31400.0,,,0,0,0,0,0,0,0,0,0,0,0,0,0,0,0,0,0,0,0,0,0,0,10,2026-02-04 19:22:23.624368
SPNG,24.9,24.79,24.9,2233500.0,1275300.0,3000.0,18000.0,,,0,0,0,0,0,0,0,0,0,0,0,0,0,0,0,0,0,0,0,0,0,0,11,2026-02-04 19:22:24.668162
SMMR,25.19,24.89,25.05,2071400.0,2255400.0,,,10000.0,,0,0,0,0,0,0,0,0,0,0,0,0,0,0,0,0,0,0,0,0,0,0,11,2026-02-04 19:22:24.668162
ATMN,25.05,24.95,25.04,1473100.0,2204900.0,,2250.0,,15750.0,0,0,0,0,0,0,0,0,0,0,0,0,0,0,0,0,0,0,0,0,0,0,11,2026-02-04 19:22:24.668162
WNTR,25.01,25.01,25.05,2162000.0,1540000.0,41400.0,,2000.0,,0,0,0,0,0,0,0,0,0,0,0,0,0,0,0,0,0,0,0,0,0,0,11,2026-02-04 19:22:24.668162
SPNG,25.08,25.03,25.08,2203800.0,4500.0,1264000.0,18000.0,3000.0,,0,0,0,0,0,0,0,0,0,0,0,0,0,0,0,0,0,0,0,0,0,0,12,2026-02-04 19:22:25.758661
SMMR,25.02,25.02,25.05,1930800.0,,2252700.0,,,11000.0,0,0,0,0,0,0,0,0,0,0,0,0,0,0,0,0,0,0,0,0,0,0,12,2026-02-04 19:22:25.758661
ATMN,25.05,24.69,25.05,2260000.0,,2204900.0,2250.0,,,0,0,0,0,0,0,0,0,0,0,0,0,0,0,0,0,0,0,0,0,0,0,12,2026-02-04 19:22:25.758661
WNTR,25.01,25.01,25.03,2066000.0,,1447000.0,,42000.0,4000.0,0,0,0,0,0,0,0,0,0,0,0,0,0,0,0,0,0,0,0,0,0,0,12,2026-02-04 19:22:25.758661
SPNG,24.79,25.04,25.08,2250.0,2316700.0,924300.0,24750.0,3000.0,,0,0,0,0,0,0,0,0,0,0,0,0,0,0,0,0,0,0,0,0,0,0,13,2026-02-04 19:22:26.854686
SMMR,25.13,25.03,25.13,,1799200.0,2252900.0,,,16800.0,0,0,0,0,0,0,0,0,0,0,0,0,0,0,0,0,0,0,0,0,0,0,13,2026-02-04 19:22:26.854686
ATMN,25.07,25.07,25.08,,2262500.0,2299300.0,,,,0,0,0,0,0,0,0,0,0,0,0,0,0,0,0,0,0,0,0,0,0,0,13,2026-02-04 19:22:26.854686
WNTR,25.05,24.8,25.02,,2132300.0,1495900.0,,36000.0,10000.0,0,0,0,0,0,0,0,0,0,0,0,0,0,0,0,0,0,0,0,0,0,0,13,2026-02-04 19:22:26.854686
SPNG,25.11,24.79,25.1,2454700.0,22500.0,1033800.0,3000.0,,,0,0,0,0,0,0,0,0,0,0,0,0,0,0,0,0,0,0,0,0,0,0,14,2026-02-04 19:22:27.892005
SMMR,25.02,25.02,25.13,1909300.0,,2102800.0,800.0,11000.0,,0,0,0,0,0,0,0,0,0,0,0,0,0,0,0,0,0,0,0,0,0,0,14,2026-02-04 19:22:27.892005
ATMN,25.08,24.69,25.08,2130000.0,,2309500.0,,,2250.0,0,0,0,0,0,0,0,0,0,0,0,0,0,0,0,0,0,0,0,0,0,0,14,2026-02-04 19:22:27.892005
WNTR,25.05,24.99,25.0,2162200.0,,1348600.0,41000.0,10000.0,,0,0,0,0,0,0,0,0,0,0,0,0,0,0,0,0,0,0,0,0,0,0,14,2026-02-04 19:22:27.892005
SPNG,24.74,25.08,25.1,2427400.0,20250.0,1150200.0,3000.0,,,0,0,0,0,0,0,0,0,0,0,0,0,0,0,0,0,0,0,0,0,0,0,15,2026-02-04 19:22:28.948554
SMMR,25.11,25.03,25.1,1900900.0,,2134900.0,800.0,11000.0,,0,0,0,0,0,0,0,0,0,0,0,0,0,0,0,0,0,0,0,0,0,0,15,2026-02-04 19:22:28.948554
ATMN,25.07,25.07,25.08,2071500.0,,2309500.0,,,4500.0,0,0,0,0,0,0,0,0,0,0,0,0,0,0,0,0,0,0,0,0,0,0,15,2026-02-04 19:22:28.948554
WNTR,25.02,24.99,25.02,2045500.0,,1465100.0,36000.0,15000.0,,0,0,0,0,0,0,0,0,0,0,0,0,0,0,0,0,0,0,0,0,0,0,15,2026-02-04 19:22:28.948554
SPNG,24.74,25.08,25.1,2427400.0,20250.0,1166500.0,3000.0,,,0,0,0,0,0,0,0,0,0,0,0,0,0,0,0,0,0,0,0,0,0,0,16,2026-02-04 19:22:29.546306
SMMR,24.89,24.89,25.1,1921800.0,,2134900.0,800.0,11000.0,,0,0,0,0,0,0,0,0,0,0,0,0,0,0,0,0,0,0,0,0,0,0,16,2026-02-04 19:22:29.546306
ATMN,25.07,25.07,25.08,2071500.0,,2322900.0,,,4500.0,0,0,0,0,0,0,0,0,0,0,0,0,0,0,0,0,0,0,0,0,0,0,16,2026-02-04 19:22:29.546306
WNTR,25.02,24.99,25.02,2077200.0,,1465100.0,36000.0,15000.0,,0,0,0,0,0,0,0,0,0,0,0,0,0,0,0,0,0,0,0,0,0,0,16,2026-02-04 19:22:29.546306
SPNG,25.08,25.08,25.1,2459900.0,1159800.0,20250.0,3000.0,,,0,0,0,0,0,0,0,0,0,0,0,0,0,0,0,0,0,0,0,0,0,0,17,2026-02-04 19:22:30.595682
SMMR,24.96,24.89,24.96,1921800.0,2121400.0,,800.0,11000.0,,0,0,0,0,0,0,0,0,0,0,0,0,0,0,0,0,0,0,0,0,0,0,17,2026-02-04 19:22:30.595682
ATMN,25.08,24.85,25.08,1929900.0,2322900.0,,,,6750.0,0,0,0,0,0,0,0,0,0,0,0,0,0,0,0,0,0,0,0,0,0,0,17,2026-02-04 19:22:30.595682
WNTR,25.02,24.99,25.02,2092400.0,1434700.0,,36000.0,15000.0,,0,0,0,0,0,0,0,0,0,0,0,0,0,0,0,0,0,0,0,0,0,0,17,2026-02-04 19:22:30.595682
SPNG,24.75,24.74,24.75,2347500.0,2250.0,1397200.0,15750.0,3000.0,,0,0,0,0,0,0,0,0,0,0,0,0,0,0,0,0,0,0,0,0,0,0,18,2026-02-04 19:22:31.638276
SMMR,24.96,24.89,24.96,1895700.0,,2152300.0,,800.0,11000.0,0,0,0,0,0,0,0,0,0,0,0,0,0,0,0,0,0,0,0,0,0,0,18,2026-02-04 19:22:31.638276
ATMN,25.14,25.03,25.08,1843500.0,9000.0,2224100.0,2250.0,,,0,0,0,0,0,0,0,0,0,0,0,0,0,0,0,0,0,0,0,0,0,0,18,2026-02-04 19:22:31.638276
WNTR,24.99,24.99,25.02,2081100.0,,1443600.0,,36000.0,15000.0,0,0,0,0,0,0,0,0,0,0,0,0,0,0,0,0,0,0,0,0,0,0,18,2026-02-04 19:22:31.638276
SPNG,25.15,24.74,25.15,2206600.0,4500.0,2190600.0,3000.0,,0,0,0,0,0,0,0,0,0,0,0,0,0,0,0,0,0,0,0,0,0,0,0,19,2026-02-04 19:22:32.684
SMMR,25.1,24.96,25.1,1895700.0,,2141400.0,800.0,11000.0,0,0,0,0,0,0,0,0,0,0,0,0,0,0,0,0,0,0,0,0,0,0,0,19,2026-02-04 19:22:32.684
ATMN,25.16,25.08,25.16,1605500.0,13500.0,2298500.0,,,0,0,0,0,0,0,0,0,0,0,0,0,0,0,0,0,0,0,0,0,0,0,0,19,2026-02-04 19:22:32.684
WNTR,24.99,24.99,25.02,2073300.0,,1436600.0,36000.0,15000.0,0,0,0,0,0,0,0,0,0,0,0,0,0,0,0,0,0,0,0,0,0,0,0,19,2026-02-04 19:22:32.684
SPNG,25.21,24.73,25.2,2198300.0,4500.0,2250.0,2101000.0,3000.0,,0,0,0,0,0,0,0,0,0,0,0,0,0,0,0,0,0,0,0,0,0,0,20,2026-02-04 19:22:33.725126
SMMR,25.1,24.96,25.1,1895700.0,,,2185300.0,800.0,11000.0,0,0,0,0,0,0,0,0,0,0,0,0,0,0,0,0,0,0,0,0,0,0,20,2026-02-04 19:22:33.725126
ATMN,25.16,25.04,25.16,1808700.0,9000.0,,2298500.0,,,0,0,0,0,0,0,0,0,0,0,0,0,0,0,0,0,0,0,0,0,0,0,20,2026-02-04 19:22:33.725126
WNTR,24.93,24.93,25.02,2171700.0,,,1326400.0,41000.0,10000.0,0,0,0,0,0,0,0,0,0,0,0,0,0,0,0,0,0,0,0,0,0,0,20,2026-02-04 19:22:33.725126
SPNG,24.53,24.48,24.53,2250.0,2332700.0,1901200.0,6750.0,3000.0,,0,0,0,0,0,0,0,0,0,0,0,0,0,0,0,0,0,0,0,0,0,0,21,2026-02-04 19:22:34.766424
SMMR,25.03,25.03,25.1,,1910700.0,2185300.0,,800.0,11000.0,0,0,0,0,0,0,0,0,0,0,0,0,0,0,0,0,0,0,0,0,0,0,21,2026-02-04 19:22:34.766424
ATMN,25.16,25.04,25.15,13500.0,1605400.0,2068400.0,4500.0,,,0,0,0,0,0,0,0,0,0,0,0,0,0,0,0,0,0,0,0,0,0,0,21,2026-02-04 19:22:34.766424
WNTR,25.02,25.02,25.05,,2064600.0,1428900.0,,36000.0,15000.0,0,0,0,0,0,0,0,0,0,0,0,0,0,0,0,0,0,0,0,0,0,0,21,2026-02-04 19:22:34.766424
SPNG,25.24,24.5,25.24,2058400.0,6750.0,2233500.0,3000.0,,0,0,0,0,0,0,0,0,0,0,0,0,0,0,0,0,0,0,0,0,0,0,0,22,2026-02-04 19:22:35.834075
SMMR,24.96,24.96,25.14,1930600.0,,2262400.0,,11000.0,0,0,0,0,0,0,0,0,0,0,0,0,0,0,0,0,0,0,0,0,0,0,0,22,2026-02-04 19:22:35.834075
ATMN,25.16,25.04,25.16,1376500.0,18000.0,2303900.0,,,0,0,0,0,0,0,0,0,0,0,0,0,0,0,0,0,0,0,0,0,0,0,0,22,2026-02-04 19:22:35.834075
WNTR,25.02,24.93,24.98,2071200.0,,1317200.0,41000.0,10800.0,0,0,0,0,0,0,0,0,0,0,0,0,0,0,0,0,0,0,0,0,0,0,0,22,2026-02-04 19:22:35.834075
SPNG,24.62,24.51,24.62,13500.0,1634700.0,2223700.0,3000.0,,,0,0,0,0,0,0,0,0,0,0,0,0,0,0,0,0,0,0,0,0,0,0,23,2026-02-04 19:22:36.903359
SMMR,24.96,24.96,24.97,,1921500.0,2304100.0,,11000.0,,0,0,0,0,0,0,0,0,0,0,0,0,0,0,0,0,0,0,0,0,0,0,23,2026-02-04 19:22:36.903359
ATMN,24.85,24.93,25.16,11250.0,1659800.0,2043100.0,,,4500.0,0,0,0,0,0,0,0,0,0,0,0,0,0,0,0,0,0,0,0,0,0,0,23,2026-02-04 19:22:36.903359
WNTR,24.93,24.93,24.98,,2029000.0,1317200.0,41000.0,10800.0,,0,0,0,0,0,0,0,0,0,0,0,0,0,0,0,0,0,0,0,0,0,0,23,2026-02-04 19:22:36.903359
SPNG,24.78,24.52,24.63,18000.0,1365900.0,2244000.0,3000.0,,,0,0,0,0,0,0,0,0,0,0,0,0,0,0,0,0,0,0,0,0,0,0,24,2026-02-04 19:22:37.963057
SMMR,24.93,24.93,24.97,,1942400.0,2304100.0,,11000.0,,0,0,0,0,0,0,0,0,0,0,0,0,0,0,0,0,0,0,0,0,0,0,24,2026-02-04 19:22:37.963057
ATMN,24.85,24.85,25.16,6750.0,1900800.0,1786100.0,,,9000.0,0,0,0,0,0,0,0,0,0,0,0,0,0,0,0,0,0,0,0,0,0,0,24,2026-02-04 19:22:37.963057
WNTR,24.99,24.93,24.99,,1936000.0,1423600.0,36000.0,15800.0,,0,0,0,0,0,0,0,0,0,0,0,0,0,0,0,0,0,0,0,0,0,0,24,2026-02-04 19:22:37.963057
SPNG,25.2,24.51,24.64,13500.0,1621100.0,2238300.0,3000.0,,0,0,0,0,0,0,0,0,0,0,0,0,0,0,0,0,0,0,0,0,0,0,0,25,2026-02-04 19:22:39.032409
SMMR,24.87,24.87,25.11,,2039300.0,2270300.0,,10000.0,0,0,0,0,0,0,0,0,0,0,0,0,0,0,0,0,0,0,0,0,0,0,0,25,2026-02-04 19:22:39.032409
ATMN,25.19,24.95,25.19,,2259000.0,2287600.0,,,0,0,0,0,0,0,0,0,0,0,0,0,0,0,0,0,0,0,0,0,0,0,0,25,2026-02-04 19:22:39.032409
WNTR,25.05,24.92,25.05,,2154700.0,1539400.0,29600.0,10000.0,0,0,0,0,0,0,0,0,0,0,0,0,0,0,0,0,0,0,0,0,0,0,0,25,2026-02-04 19:22:39.032409
SPNG,24.64,25.12,25.24,1495300.0,15750.0,2102100.0,3000.0,2250.0,,0,0,0,0,0,0,0,0,0,0,0,0,0,0,0,0,0,0,0,0,0,0,26,2026-02-04 19:22:39.586611
SMMR,24.87,24.87,25.11,2050400.0,,2270300.0,,,10000.0,0,0,0,0,0,0,0,0,0,0,0,0,0,0,0,0,0,0,0,0,0,0,26,2026-02-04 19:22:39.586611
ATMN,25.19,24.95,25.19,2259000.0,,2175000.0,,2250.0,,0,0,0,0,0,0,0,0,0,0,0,0,0,0,0,0,0,0,0,0,0,0,26,2026-02-04 19:22:39.586611
WNTR,25.05,24.92,24.98,2154700.0,,1529400.0,29600.0,,10000.0,0,0,0,0,0,0,0,0,0,0,0,0,0,0,0,0,0,0,0,0,0,0,26,2026-02-04 19:22:39.586611
SPNG,24.5,24.51,25.24,9000.0,1863100.0,1899000.0,3000.0,6750.0,,0,0,0,0,0,0,0,0,0,0,0,0,0,0,0,0,0,0,0,0,0,0,27,2026-02-04 19:22:40.635432
SMMR,24.87,24.91,25.11,,2067800.0,2270300.0,,,10000.0,0,0,0,0,0,0,0,0,0,0,0,0,0,0,0,0,0,0,0,0,0,0,27,2026-02-04 19:22:40.635432
ATMN,24.81,24.96,25.19,2250.0,2156200.0,1923600.0,,6750.0,,0,0,0,0,0,0,0,0,0,0,0,0,0,0,0,0,0,0,0,0,0,0,27,2026-02-04 19:22:40.635432
WNTR,25.01,24.94,24.97,,2032700.0,1549800.0,29600.0,,18800.0,0,0,0,0,0,0,0,0,0,0,0,0,0,0,0,0,0,0,0,0,0,0,27,2026-02-04 19:22:40.635432
SPNG,24.81,24.76,24.81,1612600.0,13500.0,1782100.0,3000.0,9000.0,,0,0,0,0,0,0,0,0,0,0,0,0,0,0,0,0,0,0,0,0,0,0,28,2026-02-04 19:22:41.685272
SMMR,25.14,24.91,25.04,2067800.0,,2242900.0,,,10000.0,0,0,0,0,0,0,0,0,0,0,0,0,0,0,0,0,0,0,0,0,0,0,28,2026-02-04 19:22:41.685272
ATMN,24.78,24.78,25.19,2268500.0,,1806800.0,,9000.0,,0,0,0,0,0,0,0,0,0,0,0,0,0,0,0,0,0,0,0,0,0,0,28,2026-02-04 19:22:41.685272
WNTR,24.95,24.94,24.95,2064800.0,,1569400.0,29600.0,,18800.0,0,0,0,0,0,0,0,0,0,0,0,0,0,0,0,0,0,0,0,0,0,0,28,2026-02-04 19:22:41.685272
SPNG,25.03,24.77,24.84,15750.0,1480600.0,1570200.0,3000.0,13500.0,,0,0,0,0,0,0,0,0,0,0,0,0,0,0,0,0,0,0,0,0,0,0,29,2026-02-04 19:22:42.741485
SMMR,24.93,24.94,25.04,,2042500.0,2242900.0,,,10000.0,0,0,0,0,0,0,0,0,0,0,0,0,0,0,0,0,0,0,0,0,0,0,29,2026-02-04 19:22:42.741485
ATMN,24.78,24.96,25.19,2250.0,2162200.0,1570700.0,,13500.0,,0,0,0,0,0,0,0,0,0,0,0,0,0,0,0,0,0,0,0,0,0,0,29,2026-02-04 19:22:42.741485
WNTR,24.94,24.94,24.95,,2091800.0,1459100.0,30400.0,,18800.0,0,0,0,0,0,0,0,0,0,0,0,0,0,0,0,0,0,0,0,0,0,0,29,2026-02-04 19:22:42.741485
SPNG,25.03,24.77,24.83,20250.0,1297900.0,15750.0,1460100.0,3000.0,,0,0,0,0,0,0,0,0,0,0,0,0,0,0,0,0,0,0,0,0,0,0,30,2026-02-04 19:22:43.784651
SMMR,25.04,24.94,25.04,,2068900.0,,2270100.0,,10000.0,0,0,0,0,0,0,0,0,0,0,0,0,0,0,0,0,0,0,0,0,0,0,30,2026-02-04 19:22:43.784651
ATMN,24.7,24.71,24.89,2250.0,2197900.0,18000.0,1382800.0,,,0,0,0,0,0,0,0,0,0,0,0,0,0,0,0,0,0,0,0,0,0,0,30,2026-02-04 19:22:43.784651
WNTR,24.97,24.96,24.97,,1984100.0,,1538900.0,29600.0,19600.0,0,0,0,0,0,0,0,0,0,0,0,0,0,0,0,0,0,0,0,0,0,0,30,2026-02-04 19:22:43.784651
SPNG,24.84,24.84,25.24,1173400.0,22500.0,1432400.0,3000.0,15750.0,,0,0,0,0,0,0,0,0,0,0,0,0,0,0,0,0,0,0,0,0,0,0,31,2026-02-04 19:22:44.853601
SMMR,24.86,24.86,24.9,2076100.0,,2295800.0,,,10000.0,0,0,0,0,0,0,0,0,0,0,0,0,0,0,0,0,0,0,0,0,0,0,31,2026-02-04 19:22:44.853601
ATMN,24.89,24.84,24.89,2298500.0,,1599400.0,,13500.0,,0,0,0,0,0,0,0,0,0,0,0,0,0,0,0,0,0,0,0,0,0,0,31,2026-02-04 19:22:44.853601
WNTR,24.97,24.96,24.97,1996500.0,,1524300.0,29600.0,,19600.0,0,0,0,0,0,0,0,0,0,0,0,0,0,0,0,0,0,0,0,0,0,0,31,2026-02-04 19:22:44.853601
SPNG,24.84,24.84,24.86,830900.0,29250.0,1205000.0,20250.0,3000.0,,0,0,0,0,0,0,0,0,0,0,0,0,0,0,0,0,0,0,0,0,0,0,32,2026-02-04 19:22:45.965162
SMMR,24.86,24.86,24.87,2099500.0,,2319200.0,,,10000.0,0,0,0,0,0,0,0,0,0,0,0,0,0,0,0,0,0,0,0,0,0,0,32,2026-02-04 19:22:45.965162
ATMN,25.2,25.01,25.2,2300200.0,,2288900.0,,,,0,0,0,0,0,0,0,0,0,0,0,0,0,0,0,0,0,0,0,0,0,0,32,2026-02-04 19:22:45.965162
WNTR,24.96,24.96,25.05,1996500.0,,1520100.0,,29600.0,19600.0,0,0,0,0,0,0,0,0,0,0,0,0,0,0,0,0,0,0,0,0,0,0,32,2026-02-04 19:22:45.965162
SPNG,24.86,24.84,24.85,600100.0,200.0,31500.0,24750.0,965000.0,3000.0,0,0,0,0,0,0,0,0,0,0,0,0,0,0,0,0,0,0,0,0,0,0,33,2026-02-04 19:22:47.024188
SMMR,24.87,24.86,24.87,1948000.0,12000.0,,,2319200.0,,0,0,0,0,0,0,0,0,0,0,0,0,0,0,0,0,0,0,0,0,0,0,33,2026-02-04 19:22:47.024188
ATMN,25.22,24.85,24.86,1993200.0,10000.0,4500.0,,2288200.0,,0,0,0,0,0,0,0,0,0,0,0,0,0,0,0,0,0,0,0,0,0,0,33,2026-02-04 19:22:47.024188
WNTR,24.89,24.89,25.06,2165600.0,10000.0,,,1986000.0,5000.0,0,0,0,0,0,0,0,0,0,0,0,0,0,0,0,0,0,0,0,0,0,0,33,2026-02-04 19:22:47.024188
SPNG,24.87,24.78,24.87,18000.0,1374600.0,1057900.0,22500.0,3000.0,,0,0,0,0,0,0,0,0,0,0,0,0,0,0,0,0,0,0,0,0,0,0,34,2026-02-04 19:22:48.093193
SMMR,25.17,24.88,24.89,,1968100.0,2163300.0,,10000.0,12000.0,0,0,0,0,0,0,0,0,0,0,0,0,0,0,0,0,0,0,0,0,0,0,34,2026-02-04 19:22:48.093193
ATMN,25.08,25.09,25.22,6750.0,1858400.0,2297400.0,,,10000.0,0,0,0,0,0,0,0,0,0,0,0,0,0,0,0,0,0,0,0,0,0,0,34,2026-02-04 19:22:48.093193
WNTR,24.88,24.88,25.06,,2140300.0,1838200.0,,7000.0,10000.0,0,0,0,0,0,0,0,0,0,0,0,0,0,0,0,0,0,0,0,0,0,0,34,2026-02-04 19:22:48.093193
SPNG,24.76,24.76,24.87,1876600.0,9000.0,1079900.0,22500.0,3000.0,,0,0,0,0,0,0,0,0,0,0,0,0,0,0,0,0,0,0,0,0,0,0,35,2026-02-04 19:22:48.657277
SMMR,25.17,24.88,24.89,1958300.0,,2171200.0,,10000.0,12000.0,0,0,0,0,0,0,0,0,0,0,0,0,0,0,0,0,0,0,0,0,0,0,35,2026-02-04 19:22:48.657277
ATMN,24.84,24.84,25.22,2310900.0,,2297400.0,,,,0,0,0,0,0,0,0,0,0,0,0,0,0,0,0,0,0,0,0,0,0,0,35,2026-02-04 19:22:48.657277
WNTR,24.88,25.0,25.06,2133600.0,,1838200.0,,7000.0,10000.0,0,0,0,0,0,0,0,0,0,0,0,0,0,0,0,0,0,0,0,0,0,0,35,2026-02-04 19:22:48.657277
SPNG,24.98,24.76,24.98,2356700.0,1067800.0,22500.0,3000.0,,,0,0,0,0,0,0,0,0,0,0,0,0,0,0,0,0,0,0,0,0,0,0,36,2026-02-04 19:22:49.705599
SMMR,25.17,24.88,24.95,1958300.0,2253700.0,,,12000.0,,0,0,0,0,0,0,0,0,0,0,0,0,0,0,0,0,0,0,0,0,0,0,36,2026-02-04 19:22:49.705599
ATMN,24.84,24.85,25.22,2114200.0,2299200.0,,,,4500.0,0,0,0,0,0,0,0,0,0,0,0,0,0,0,0,0,0,0,0,0,0,0,36,2026-02-04 19:22:49.705599
WNTR,25.07,25.0,25.07,2045100.0,2083700.0,,3000.0,17800.0,,0,0,0,0,0,0,0,0,0,0,0,0,0,0,0,0,0,0,0,0,0,0,36,2026-02-04 19:22:49.705599
SPNG,24.74,24.74,25.25,2341400.0,2365300.0,,,,,0,0,0,0,0,0,0,0,0,0,0,0,0,0,0,0,0,0,0,0,0,0,37,2026-02-04 19:22:50.745623
SMMR,24.97,24.86,24.97,1965100.0,2262200.0,12000.0,,,,0,0,0,0,0,0,0,0,0,0,0,0,0,0,0,0,0,0,0,0,0,0,37,2026-02-04 19:22:50.745623
ATMN,25.25,25.02,25.24,1899700.0,2188200.0,4200.0,6750.0,2250.0,,0,0,0,0,0,0,0,0,0,0,0,0,0,0,0,0,0,0,0,0,0,0,37,2026-02-04 19:22:50.745623
WNTR,24.93,24.93,25.01,2125800.0,2093400.0,10000.0,,,3000.0,0,0,0,0,0,0,0,0,0,0,0,0,0,0,0,0,0,0,0,0,0,0,37,2026-02-04 19:22:50.745623
SPNG,24.7,24.61,24.65,2091100.0,4500.0,2233200.0,2800.0,,0,0,0,0,0,0,0,0,0,0,0,0,0,0,0,0,0,0,0,0,0,0,0,38,2026-02-04 19:22:51.788661
SMMR,24.97,24.86,24.94,1908900.0,,2199400.0,10000.0,12000.0,0,0,0,0,0,0,0,0,0,0,0,0,0,0,0,0,0,0,0,0,0,0,0,38,2026-02-04 19:22:51.788661
ATMN,25.02,25.02,25.24,1760700.0,9000.0,2184000.0,10000.0,4200.0,0,0,0,0,0,0,0,0,0,0,0,0,0,0,0,0,0,0,0,0,0,0,0,38,2026-02-04 19:22:51.788661
WNTR,25.0,24.93,25.0,2040700.0,,1991500.0,8000.0,13000.0,0,0,0,0,0,0,0,0,0,0,0,0,0,0,0,0,0,0,0,0,0,0,0,38,2026-02-04 19:22:51.788661
SPNG,24.65,25.03,25.25,1896000.0,9000.0,2256100.0,2800.0,,,0,0,0,0,0,0,0,0,0,0,0,0,0,0,0,0,0,0,0,0,0,0,39,2026-02-04 19:22:52.842246
SMMR,24.86,24.86,24.94,1945400.0,,2195200.0,10000.0,12000.0,,0,0,0,0,0,0,0,0,0,0,0,0,0,0,0,0,0,0,0,0,0,0,39,2026-02-04 19:22:52.842246
ATMN,24.83,24.83,25.12,2348100.0,,1983100.0,10000.0,,4500.0,0,0,0,0,0,0,0,0,0,0,0,0,0,0,0,0,0,0,0,0,0,0,39,2026-02-04 19:22:52.842246
WNTR,24.91,24.91,25.0,2170000.0,,1958200.0,8000.0,10000.0,,0,0,0,0,0,0,0,0,0,0,0,0,0,0,0,0,0,0,0,0,0,0,39,2026-02-04 19:22:52.842246
SPNG,25.05,24.62,25.05,18000.0,1414700.0,2251800.0,2800.0,,,0,0,0,0,0,0,0,0,0,0,0,0,0,0,0,0,0,0,0,0,0,0,40,2026-02-04 19:22:53.926043
SMMR,24.97,24.92,24.97,,1960300.0,2234100.0,,12000.0,,0,0,0,0,0,0,0,0,0,0,0,0,0,0,0,0,0,0,0,0,0,0,40,2026-02-04 19:22:53.926043
ATMN,24.76,24.76,25.22,,2323300.0,1967200.0,10000.0,,4500.0,0,0,0,0,0,0,0,0,0,0,0,0,0,0,0,0,0,0,0,0,0,0,40,2026-02-04 19:22:53.926043
WNTR,24.91,24.91,25.0,,2077200.0,1838500.0,15200.0,20000.0,,0,0,0,0,0,0,0,0,0,0,0,0,0,0,0,0,0,0,0,0,0,0,40,2026-02-04 19:22:53.926043
SPNG,25.25,24.58,25.24,2388100.0,2250.0,2152000.0,2800.0,,,0,0,0,0,0,0,0,0,0,0,0,0,0,0,0,0,0,0,0,0,0,0,41,2026-02-04 19:22:54.987726
SMMR,24.97,24.86,24.97,1956300.0,,2234100.0,,12000.0,,0,0,0,0,0,0,0,0,0,0,0,0,0,0,0,0,0,0,0,0,0,0,41,2026-02-04 19:22:54.987726
ATMN,24.76,24.77,24.93,2085000.0,9000.0,1677200.0,10000.0,,4500.0,0,0,0,0,0,0,0,0,0,0,0,0,0,0,0,0,0,0,0,0,0,0,41,2026-02-04 19:22:54.987726
WNTR,25.01,24.91,24.95,1956500.0,,1939800.0,8000.0,27200.0,,0,0,0,0,0,0,0,0,0,0,0,0,0,0,0,0,0,0,0,0,0,0,41,2026-02-04 19:22:54.987726
SPNG,24.48,24.48,25.24,2367200.0,6750.0,1912100.0,2800.0,,,0,0,0,0,0,0,0,0,0,0,0,0,0,0,0,0,0,0,0,0,0,0,42,2026-02-04 19:22:56.039504
SMMR,24.97,24.97,25.14,1836800.0,,2154200.0,2000.0,15000.0,,0,0,0,0,0,0,0,0,0,0,0,0,0,0,0,0,0,0,0,0,0,0,42,2026-02-04 19:22:56.039504
ATMN,25.23,24.85,25.0,1859700.0,9000.0,1582100.0,15200.0,,9000.0,0,0,0,0,0,0,0,0,0,0,0,0,0,0,0,0,0,0,0,0,0,0,42,2026-02-04 19:22:56.039504
WNTR,25.08,24.89,25.08,2066900.0,,2091400.0,3000.0,12000.0,,0,0,0,0,0,0,0,0,0,0,0,0,0,0,0,0,0,0,0,0,0,0,42,2026-02-04 19:22:56.039504
SPNG,24.73,24.48,24.73,2367200.0,1784900.0,9000.0,2800.0,,,0,0,0,0,0,0,0,0,0,0,0,0,0,0,0,0,0,0,0,0,0,0,43,2026-02-04 19:22:57.091039
SMMR,25.05,24.97,25.04,1743000.0,2154700.0,,2000.0,25000.0,,0,0,0,0,0,0,0,0,0,0,0,0,0,0,0,0,0,0,0,0,0,0,43,2026-02-04 19:22:57.091039
ATMN,25.29,24.86,24.95,1493300.0,2330200.0,,,5200.0,13500.0,0,0,0,0,0,0,0,0,0,0,0,0,0,0,0,0,0,0,0,0,0,0,43,2026-02-04 19:22:57.091039
WNTR,25.08,24.94,25.08,1975300.0,2065000.0,,3000.0,22000.0,,0,0,0,0,0,0,0,0,0,0,0,0,0,0,0,0,0,0,0,0,0,0,43,2026-02-04 19:22:57.091039
SPNG,24.73,24.93,25.24,2110500.0,4500.0,13500.0,1582200.0,2800.0,,0,0,0,0,0,0,0,0,0,0,0,0,0,0,0,0,0,0,0,0,0,0,44,2026-02-04 19:22:58.147705
SMMR,24.95,24.95,25.04,1949900.0,,,2154700.0,2000.0,12000.0,0,0,0,0,0,0,0,0,0,0,0,0,0,0,0,0,0,0,0,0,0,0,44,2026-02-04 19:22:58.147705
ATMN,24.85,24.86,24.95,1635500.0,13500.0,,2330200.0,,,0,0,0,0,0,0,0,0,0,0,0,0,0,0,0,0,0,0,0,0,0,0,44,2026-02-04 19:22:58.147705
WNTR,24.94,24.89,24.94,2066900.0,,,1979900.0,13000.0,12000.0,0,0,0,0,0,0,0,0,0,0,0,0,0,0,0,0,0,0,0,0,0,0,44,2026-02-04 19:22:58.147705
SPNG,24.51,24.87,25.24,1904600.0,9000.0,15750.0,1468400.0,2800.0,,0,0,0,0,0,0,0,0,0,0,0,0,0,0,0,0,0,0,0,0,0,0,45,2026-02-04 19:22:58.689171
SMMR,24.86,24.86,25.02,1956300.0,,,2148500.0,2000.0,12000.0,0,0,0,0,0,0,0,0,0,0,0,0,0,0,0,0,0,0,0,0,0,0,45,2026-02-04 19:22:58.689171
ATMN,24.85,24.86,24.95,1480100.0,15750.0,,2330200.0,,,0,0,0,0,0,0,0,0,0,0,0,0,0,0,0,0,0,0,0,0,0,0,45,2026-02-04 19:22:58.689171
WNTR,24.94,24.89,24.94,2066900.0,,,2021300.0,13000.0,12000.0,0,0,0,0,0,0,0,0,0,0,0,0,0,0,0,0,0,0,0,0,0,0,45,2026-02-04 19:22:58.689171
SPNG,24.47,24.47,25.04,2393200.0,1225400.0,20250.0,2800.0,,,0,0,0,0,0,0,0,0,0,0,0,0,0,0,0,0,0,0,0,0,0,0,46,2026-02-04 19:22:59.726396
SMMR,24.86,24.98,25.01,1943800.0,2166500.0,,2000.0,12000.0,,0,0,0,0,0,0,0,0,0,0,0,0,0,0,0,0,0,0,0,0,0,0,46,2026-02-04 19:22:59.726396
ATMN,24.9,24.86,24.9,1284200.0,2121700.0,4500.0,,,20250.0,0,0,0,0,0,0,0,0,0,0,0,0,0,0,0,0,0,0,0,0,0,0,46,2026-02-04 19:22:59.726396
WNTR,24.94,24.94,25.0,2042300.0,2127700.0,,3000.0,12000.0,,0,0,0,0,0,0,0,0,0,0,0,0,0,0,0,0,0,0,0,0,0,0,46,2026-02-04 19:22:59.726396
SPNG,24.67,24.67,25.23,2393600.0,24750.0,1001600.0,2800.0,,,0,0,0,0,0,0,0,0,0,0,0,0,0,0,0,0,0,0,0,0,0,0,47,2026-02-04 19:23:00.766588
SMMR,24.98,24.86,24.88,1975000.0,,2134000.0,2000.0,12000.0,,0,0,0,0,0,0,0,0,0,0,0,0,0,0,0,0,0,0,0,0,0,0,47,2026-02-04 19:23:00.766588
ATMN,24.9,24.88,24.9,1041600.0,9000.0,1878500.0,,,24750.0,0,0,0,0,0,0,0,0,0,0,0,0,0,0,0,0,0,0,0,0,0,0,47,2026-02-04 19:23:00.766588
WNTR,25.0,24.99,25.0,2062200.0,,2150700.0,3000.0,12000.0,,0,0,0,0,0,0,0,0,0,0,0,0,0,0,0,0,0,0,0,0,0,0,47,2026-02-04 19:23:00.766588
SPNG,24.67,24.67,24.93,2364100.0,29250.0,728500.0,2800.0,,,0,0,0,0,0,0,0,0,0,0,0,0,0,0,0,0,0,0,0,0,0,0,48,2026-02-04 19:23:01.818952
SMMR,25.01,24.86,25.01,1970200.0,,2148000.0,2000.0,12000.0,,0,0,0,0,0,0,0,0,0,0,0,0,0,0,0,0,0,0,0,0,0,0,48,2026-02-04 19:23:01.818952
ATMN,24.9,24.89,24.9,976100.0,11250.0,1742600.0,,,27000.0,0,0,0,0,0,0,0,0,0,0,0,0,0,0,0,0,0,0,0,0,0,0,48,2026-02-04 19:23:01.818952
WNTR,24.94,24.94,24.97,2067300.0,,2127100.0,3000.0,12000.0,,0,0,0,0,0,0,0,0,0,0,0,0,0,0,0,0,0,0,0,0,0,0,48,2026-02-04 19:23:01.818952
SPNG,24.67,24.86,24.93,2370000.0,27000.0,839600.0,2800.0,,,0,0,0,0,0,0,0,0,0,0,0,0,0,0,0,0,0,0,0,0,0,0,49,2026-02-04 19:23:02.871829
SMMR,24.86,24.86,24.91,2111100.0,,2116100.0,2000.0,10000.0,,0,0,0,0,0,0,0,0,0,0,0,0,0,0,0,0,0,0,0,0,0,0,49,2026-02-04 19:23:02.871829
ATMN,25.16,24.89,25.16,976100.0,2250.0,2229400.0,,,27000.0,0,0,0,0,0,0,0,0,0,0,0,0,0,0,0,0,0,0,0,0,0,0,49,2026-02-04 19:23:02.871829
WNTR,24.94,24.94,24.97,2067300.0,,2140000.0,3000.0,12000.0,,0,0,0,0,0,0,0,0,0,0,0,0,0,0,0,0,0,0,0,0,0,0,49,2026-02-04 19:23:02.871829
SPNG,24.67,24.86,24.88,2370000.0,27000.0,834600.0,2800.0,,,0,0,0,0,0,0,0,0,0,0,0,0,0,0,0,0,0,0,0,0,0,0,50,2026-02-04 19:23:03.986152
SMMR,24.91,24.86,24.91,2084000.0,,2116100.0,2000.0,10000.0,,0,0,0,0,0,0,0,0,0,0,0,0,0,0,0,0,0,0,0,0,0,0,50,2026-02-04 19:23:03.986152
ATMN,24.88,24.89,25.16,865400.0,,2326800.0,,,29250.0,0,0,0,0,0,0,0,0,0,0,0,0,0,0,0,0,0,0,0,0,0,0,50,2026-02-04 19:23:03.986152
WNTR,24.92,24.92,24.97,2057400.0,,2141800.0,3000.0,12000.0,,0,0,0,0,0,0,0,0,0,0,0,0,0,0,0,0,0,0,0,0,0,0,50,2026-02-04 19:23:03.986152
SPNG,24.94,24.86,24.94,2370000.0,1692100.0,11250.0,2800.0,,,0,0,0,0,0,0,0,0,0,0,0,0,0,0,0,0,0,0,0,0,0,0,51,2026-02-04 19:23:05.059525
SMMR,24.83,24.83,24.95,2119600.0,2127400.0,,2000.0,10000.0,,0,0,0,0,0,0,0,0,0,0,0,0,0,0,0,0,0,0,0,0,0,0,51,2026-02-04 19:23:05.059525
ATMN,24.86,24.89,25.02,1534600.0,2341800.0,,,,15750.0,0,0,0,0,0,0,0,0,0,0,0,0,0,0,0,0,0,0,0,0,0,0,51,2026-02-04 19:23:05.059525
WNTR,24.95,24.92,24.95,2057400.0,2148600.0,,3000.0,12000.0,,0,0,0,0,0,0,0,0,0,0,0,0,0,0,0,0,0,0,0,0,0,0,51,2026-02-04 19:23:05.059525
SPNG,25.0,24.52,25.0,2355500.0,1683700.0,11250.0,2800.0,,,0,0,0,0,0,0,0,0,0,0,0,0,0,0,0,0,0,0,0,0,0,0,52,2026-02-04 19:23:06.133861
SMMR,24.95,24.83,24.95,2119600.0,2133500.0,,2000.0,10000.0,,0,0,0,0,0,0,0,0,0,0,0,0,0,0,0,0,0,0,0,0,0,0,52,2026-02-04 19:23:06.133861
ATMN,24.86,24.89,24.94,1282000.0,2105600.0,4500.0,,,20250.0,0,0,0,0,0,0,0,0,0,0,0,0,0,0,0,0,0,0,0,0,0,0,52,2026-02-04 19:23:06.133861
WNTR,25.0,24.92,25.0,2078800.0,2145200.0,,3000.0,12000.0,,0,0,0,0,0,0,0,0,0,0,0,0,0,0,0,0,0,0,0,0,0,0,52,2026-02-04 19:23:06.133861
SPNG,25.01,24.52,25.0,2127800.0,4500.0,13500.0,1557600.0,2800.0,,0,0,0,0,0,0,0,0,0,0,0,0,0,0,0,0,0,0,0,0,0,0,53,2026-02-04 19:23:07.180981
SMMR,25.02,24.81,25.02,2097700.0,,,2139700.0,2000.0,10000.0,0,0,0,0,0,0,0,0,0,0,0,0,0,0,0,0,0,0,0,0,0,0,53,2026-02-04 19:23:07.180981
ATMN,24.82,24.83,25.01,1957600.0,6750.0,2250.0,2201300.0,,,0,0,0,0,0,0,0,0,0,0,0,0,0,0,0,0,0,0,0,0,0,0,53,2026-02-04 19:23:07.180981
WNTR,25.04,24.92,25.04,2093400.0,,,2113300.0,3000.0,12000.0,0,0,0,0,0,0,0,0,0,0,0,0,0,0,0,0,0,0,0,0,0,0,53,2026-02-04 19:23:07.180981
SPNG,25.02,24.52,25.02,2020200.0,6750.0,1550900.0,13500.0,2800.0,,0,0,0,0,0,0,0,0,0,0,0,0,0,0,0,0,0,0,0,0,0,0,54,2026-02-04 19:23:07.731838
SMMR,25.02,24.81,25.02,2115600.0,,2139700.0,,2000.0,10000.0,0,0,0,0,0,0,0,0,0,0,0,0,0,0,0,0,0,0,0,0,0,0,54,2026-02-04 19:23:07.731838
ATMN,24.82,24.83,25.01,2073400.0,4500.0,2082800.0,4500.0,,,0,0,0,0,0,0,0,0,0,0,0,0,0,0,0,0,0,0,0,0,0,0,54,2026-02-04 19:23:07.731838
WNTR,25.04,24.99,25.04,2089300.0,,2113300.0,,3000.0,12000.0,0,0,0,0,0,0,0,0,0,0,0,0,0,0,0,0,0,0,0,0,0,0,54,2026-02-04 19:23:07.731838
SPNG,25.02,24.7,24.98,2036800.0,6750.0,2043400.0,4500.0,2800.0,,0,0,0,0,0,0,0,0,0,0,0,0,0,0,0,0,0,0,0,0,0,0,55,2026-02-04 19:23:08.773411
SMMR,25.02,24.82,24.92,2099200.0,,2141000.0,,2000.0,10000.0,0,0,0,0,0,0,0,0,0,0,0,0,0,0,0,0,0,0,0,0,0,0,55,2026-02-04 19:23:08.773411
ATMN,25.02,24.81,25.02,2315000.0,,2310200.0,,,,0,0,0,0,0,0,0,0,0,0,0,0,0,0,0,0,0,0,0,0,0,0,55,2026-02-04 19:23:08.773411
WNTR,24.99,24.99,25.04,2060100.0,,2123300.0,,3000.0,12000.0,0,0,0,0,0,0,0,0,0,0,0,0,0,0,0,0,0,0,0,0,0,0,55,2026-02-04 19:23:08.773411
SPNG,24.47,24.48,24.97,4500.0,2100000.0,2250.0,2159800.0,2800.0,,0,0,0,0,0,0,0,0,0,0,0,0,0,0,0,0,0,0,0,0,0,0,56,2026-02-04 19:23:09.817974
SMMR,24.81,24.86,24.92,,2041100.0,,2141000.0,2000.0,10000.0,0,0,0,0,0,0,0,0,0,0,0,0,0,0,0,0,0,0,0,0,0,0,56,2026-02-04 19:23:09.817974
ATMN,24.78,24.78,25.15,2250.0,2204600.0,2250.0,2186300.0,,,0,0,0,0,0,0,0,0,0,0,0,0,0,0,0,0,0,0,0,0,0,0,56,2026-02-04 19:23:09.817974
WNTR,25.06,24.99,25.06,,2033700.0,,2121500.0,3000.0,12000.0,0,0,0,0,0,0,0,0,0,0,0,0,0,0,0,0,0,0,0,0,0,0,56,2026-02-04 19:23:09.817974
SPNG,24.53,24.48,24.53,9000.0,1885700.0,2053700.0,4500.0,2800.0,,0,0,0,0,0,0,0,0,0,0,0,0,0,0,0,0,0,0,0,0,0,0,57,2026-02-04 19:23:10.860571
SMMR,25.04,24.86,25.04,,2041100.0,2132800.0,,2000.0,10000.0,0,0,0,0,0,0,0,0,0,0,0,0,0,0,0,0,0,0,0,0,0,0,57,2026-02-04 19:23:10.860571
ATMN,25.17,25.07,25.16,,2317400.0,2190700.0,2250.0,,,0,0,0,0,0,0,0,0,0,0,0,0,0,0,0,0,0,0,0,0,0,0,57,2026-02-04 19:23:10.860571
WNTR,24.98,24.98,25.08,,2026700.0,2112500.0,,3000.0,12000.0,0,0,0,0,0,0,0,0,0,0,0,0,0,0,0,0,0,0,0,0,0,0,57,2026-02-04 19:23:10.860571
SPNG,24.98,24.77,24.98,2340700.0,2279700.0,2800.0,,0,0,0,0,0,0,0,0,0,0,0,0,0,0,0,0,0,0,0,0,0,0,0,0,58,2026-02-04 19:23:11.902050
SMMR,24.94,24.86,24.94,2054900.0,2132100.0,2000.0,10000.0,0,0,0,0,0,0,0,0,0,0,0,0,0,0,0,0,0,0,0,0,0,0,0,0,58,2026-02-04 19:23:11.902050
ATMN,24.76,24.76,25.01,2357300.0,2324800.0,,,0,0,0,0,0,0,0,0,0,0,0,0,0,0,0,0,0,0,0,0,0,0,0,0,58,2026-02-04 19:23:11.902050
WNTR,24.89,24.89,25.08,2166300.0,2112500.0,3000.0,10000.0,0,0,0,0,0,0,0,0,0,0,0,0,0,0,0,0,0,0,0,0,0,0,0,0,58,2026-02-04 19:23:11.902050
SPNG,24.47,24.55,24.98,2329200.0,2279700.0,2800.0,,0,0,0,0,0,0,0,0,0,0,0,0,0,0,0,0,0,0,0,0,0,0,0,0,59,2026-02-04 19:23:12.978255
SMMR,24.94,24.86,24.88,2064900.0,2141300.0,2000.0,10000.0,0,0,0,0,0,0,0,0,0,0,0,0,0,0,0,0,0,0,0,0,0,0,0,0,59,2026-02-04 19:23:12.978255
ATMN,24.94,24.76,24.94,2361100.0,2331700.0,,,0,0,0,0,0,0,0,0,0,0,0,0,0,0,0,0,0,0,0,0,0,0,0,0,59,2026-02-04 19:23:12.978255
WNTR,24.89,24.89,25.04,2166300.0,2071800.0,3000.0,10000.0,0,0,0,0,0,0,0,0,0,0,0,0,0,0,0,0,0,0,0,0,0,0,0,0,59,2026-02-04 19:23:12.978255
SPNG,26.02,26.02,28.8,849100.0,700200.0,,0,0,0,0,0,0,0,0,0,0,0,0,0,0,0,0,0,0,0,0,0,0,0,0,0,60,2026-02-04 19:23:14.051555
SMMR,26.22,26.22,26.34,719000.0,611100.0,10000.0,0,0,0,0,0,0,0,0,0,0,0,0,0,0,0,0,0,0,0,0,0,0,0,0,0,60,2026-02-04 19:23:14.051555
ATMN,24.94,23.98,24.35,1037400.0,963300.0,,0,0,0,0,0,0,0,0,0,0,0,0,0,0,0,0,0,0,0,0,0,0,0,0,0,60,2026-02-04 19:23:14.051555
WNTR,25.1,25.43,25.61,848800.0,795900.0,10000.0,0,0,0,0,0,0,0,0,0,0,0,0,0,0,0,0,0,0,0,0,0,0,0,0,0,60,2026-02-04 19:23:14.051555
SPNG,25.41,25.41,27.43,1161800.0,917600.0,,,0,0,0,0,0,0,0,0,0,0,0,0,0,0,0,0,0,0,0,0,0,0,0,0,61,2026-02-04 19:23:15.119697
SMMR,26.27,26.22,26.26,815200.0,1008100.0,10000.0,3000.0,0,0,0,0,0,0,0,0,0,0,0,0,0,0,0,0,0,0,0,0,0,0,0,0,61,2026-02-04 19:23:15.119697
ATMN,23.97,23.98,24.14,1096900.0,1087200.0,3000.0,3000.0,0,0,0,0,0,0,0,0,0,0,0,0,0,0,0,0,0,0,0,0,0,0,0,0,61,2026-02-04 19:23:15.119697
WNTR,25.43,25.43,25.51,966500.0,881700.0,13000.0,3000.0,0,0,0,0,0,0,0,0,0,0,0,0,0,0,0,0,0,0,0,0,0,0,0,0,61,2026-02-04 19:23:15.119697
SPNG,25.93,25.93,26.53,1261800.0,2300.0,1161000.0,6000.0,0,0,0,0,0,0,0,0,0,0,0,0,0,0,0,0,0,0,0,0,0,0,0,0,62,2026-02-04 19:23:16.180197
SMMR,26.02,25.89,26.02,931500.0,10000.0,1132300.0,6000.0,0,0,0,0,0,0,0,0,0,0,0,0,0,0,0,0,0,0,0,0,0,0,0,0,62,2026-02-04 19:23:16.180197
ATMN,23.57,24.1,24.14,1337600.0,,1087200.0,6000.0,0,0,0,0,0,0,0,0,0,0,0,0,0,0,0,0,0,0,0,0,0,0,0,0,62,2026-02-04 19:23:16.180197
WNTR,25.43,25.58,25.6,966500.0,16000.0,914300.0,3000.0,0,0,0,0,0,0,0,0,0,0,0,0,0,0,0,0,0,0,0,0,0,0,0,0,62,2026-02-04 19:23:16.180197
SPNG,25.41,25.17,25.39,1531700.0,2250.0,1293500.0,2250.0,6000.0,,0,0,0,0,0,0,0,0,0,0,0,0,0,0,0,0,0,0,0,0,0,0,63,2026-02-04 19:23:17.231127
SMMR,26.26,26.3,26.34,1354000.0,,923800.0,,3000.0,10000.0,0,0,0,0,0,0,0,0,0,0,0,0,0,0,0,0,0,0,0,0,0,0,63,2026-02-04 19:23:17.231127
ATMN,23.58,23.94,24.14,1548700.0,,1087200.0,,6000.0,,0,0,0,0,0,0,0,0,0,0,0,0,0,0,0,0,0,0,0,0,0,0,63,2026-02-04 19:23:17.231127
WNTR,25.43,25.58,25.6,966500.0,,1204300.0,,8000.0,19000.0,0,0,0,0,0,0,0,0,0,0,0,0,0,0,0,0,0,0,0,0,0,0,63,2026-02-04 19:23:17.231127
SPNG,25.39,25.47,26.52,1762500.0,4500.0,4500.0,1161000.0,6000.0,,0,0,0,0,0,0,0,0,0,0,0,0,0,0,0,0,0,0,0,0,0,0,64,2026-02-04 19:23:17.778956
SMMR,26.26,26.3,26.34,1354000.0,,,1126200.0,3000.0,10000.0,0,0,0,0,0,0,0,0,0,0,0,0,0,0,0,0,0,0,0,0,0,0,64,2026-02-04 19:23:17.778956
ATMN,23.91,23.89,23.91,1447800.0,2250.0,2250.0,1308400.0,6000.0,,0,0,0,0,0,0,0,0,0,0,0,0,0,0,0,0,0,0,0,0,0,0,64,2026-02-04 19:23:17.778956
WNTR,25.58,25.43,25.44,966500.0,,,1387000.0,8000.0,13000.0,0,0,0,0,0,0,0,0,0,0,0,0,0,0,0,0,0,0,0,0,0,0,64,2026-02-04 19:23:17.778956
SPNG,25.39,25.66,26.1,9000.0,1882800.0,1419100.0,6750.0,6000.0,,0,0,0,0,0,0,0,0,0,0,0,0,0,0,0,0,0,0,0,0,0,0,65,2026-02-04 19:23:18.837872
SMMR,25.97,25.97,26.34,,1028900.0,1353400.0,,3000.0,10000.0,0,0,0,0,0,0,0,0,0,0,0,0,0,0,0,0,0,0,0,0,0,0,65,2026-02-04 19:23:18.837872
ATMN,23.62,23.62,24.14,,1461800.0,1187600.0,2250.0,6000.0,,0,0,0,0,0,0,0,0,0,0,0,0,0,0,0,0,0,0,0,0,0,0,65,2026-02-04 19:23:18.837872
WNTR,25.59,25.59,25.6,,1071200.0,1597900.0,,8000.0,21000.0,0,0,0,0,0,0,0,0,0,0,0,0,0,0,0,0,0,0,0,0,0,0,65,2026-02-04 19:23:18.837872
SPNG,25.84,25.84,26.52,2018300.0,11250.0,11250.0,1285600.0,6000.0,,0,0,0,0,0,0,0,0,0,0,0,0,0,0,0,0,0,0,0,0,0,0,66,2026-02-04 19:23:19.871038
SMMR,26.13,26.13,26.25,1140500.0,,,1440400.0,3000.0,10000.0,0,0,0,0,0,0,0,0,0,0,0,0,0,0,0,0,0,0,0,0,0,0,66,2026-02-04 19:23:19.871038
ATMN,23.58,23.57,24.32,1235800.0,,4500.0,1157400.0,,,0,0,0,0,0,0,0,0,0,0,0,0,0,0,0,0,0,0,0,0,0,0,66,2026-02-04 19:23:19.871038
WNTR,25.34,25.42,25.6,953800.0,,,1597900.0,8000.0,10000.0,0,0,0,0,0,0,0,0,0,0,0,0,0,0,0,0,0,0,0,0,0,0,66,2026-02-04 19:23:19.871038
SPNG,25.84,25.85,26.22,15750.0,1637500.0,1176500.0,15750.0,9000.0,,0,0,0,0,0,0,0,0,0,0,0,0,0,0,0,0,0,0,0,0,0,0,67,2026-02-04 19:23:20.908959
SMMR,26.34,26.13,26.34,,1140500.0,1475100.0,,3000.0,14000.0,0,0,0,0,0,0,0,0,0,0,0,0,0,0,0,0,0,0,0,0,0,0,67,2026-02-04 19:23:20.908959
ATMN,23.58,23.81,24.32,4500.0,1490800.0,1286200.0,6750.0,2000.0,,0,0,0,0,0,0,0,0,0,0,0,0,0,0,0,0,0,0,0,0,0,0,67,2026-02-04 19:23:20.908959
WNTR,25.41,25.47,25.56,,1066200.0,1699800.0,,18000.0,10000.0,0,0,0,0,0,0,0,0,0,0,0,0,0,0,0,0,0,0,0,0,0,0,67,2026-02-04 19:23:20.908959
SPNG,26.22,25.85,26.22,20250.0,1330400.0,1050000.0,18000.0,9000.0,,0,0,0,0,0,0,0,0,0,0,0,0,0,0,0,0,0,0,0,0,0,0,68,2026-02-04 19:23:21.946387
SMMR,26.34,26.13,26.17,,1140500.0,1815600.0,,3000.0,14000.0,0,0,0,0,0,0,0,0,0,0,0,0,0,0,0,0,0,0,0,0,0,0,68,2026-02-04 19:23:21.946387
ATMN,23.58,23.82,23.94,6750.0,1747000.0,1520100.0,11250.0,2000.0,,0,0,0,0,0,0,0,0,0,0,0,0,0,0,0,0,0,0,0,0,0,0,68,2026-02-04 19:23:21.946387
WNTR,25.23,25.23,25.29,,969100.0,1653300.0,,20000.0,10000.0,0,0,0,0,0,0,0,0,0,0,0,0,0,0,0,0,0,0,0,0,0,0,68,2026-02-04 19:23:21.946387
SPNG,26.47,25.85,26.3,24750.0,1092300.0,18000.0,1131100.0,6000.0,,0,0,0,0,0,0,0,0,0,0,0,0,0,0,0,0,0,0,0,0,0,0,69,2026-02-04 19:23:23.002994
SMMR,26.33,26.13,26.33,,1140500.0,,1935800.0,3000.0,14000.0,0,0,0,0,0,0,0,0,0,0,0,0,0,0,0,0,0,0,0,0,0,0,69,2026-02-04 19:23:23.002994
ATMN,23.94,23.82,23.94,11250.0,1923100.0,13500.0,1520100.0,2000.0,,0,0,0,0,0,0,0,0,0,0,0,0,0,0,0,0,0,0,0,0,0,0,69,2026-02-04 19:23:23.002994
WNTR,25.29,25.44,25.53,,1092200.0,,1594400.0,20000.0,12000.0,0,0,0,0,0,0,0,0,0,0,0,0,0,0,0,0,0,0,0,0,0,0,69,2026-02-04 19:23:23.002994
SPNG,26.31,25.85,25.91,29250.0,827000.0,1232700.0,15750.0,6000.0,,0,0,0,0,0,0,0,0,0,0,0,0,0,0,0,0,0,0,0,0,0,0,70,2026-02-04 19:23:24.106438
SMMR,26.33,26.13,26.28,,1140500.0,2054300.0,,3000.0,14000.0,0,0,0,0,0,0,0,0,0,0,0,0,0,0,0,0,0,0,0,0,0,0,70,2026-02-04 19:23:24.106438
ATMN,24.23,24.24,24.32,15750.0,1614000.0,1286200.0,9000.0,2000.0,,0,0,0,0,0,0,0,0,0,0,0,0,0,0,0,0,0,0,0,0,0,0,70,2026-02-04 19:23:24.106438
WNTR,25.56,25.23,25.56,,969100.0,1615300.0,,20000.0,10000.0,0,0,0,0,0,0,0,0,0,0,0,0,0,0,0,0,0,0,0,0,0,0,70,2026-02-04 19:23:24.106438
SPNG,26.31,25.85,25.91,27000.0,980800.0,1438400.0,9000.0,9000.0,,0,0,0,0,0,0,0,0,0,0,0,0,0,0,0,0,0,0,0,0,0,0,71,2026-02-04 19:23:25.173152
SMMR,26.28,26.22,26.23,,1243700.0,2056100.0,,3000.0,14000.0,0,0,0,0,0,0,0,0,0,0,0,0,0,0,0,0,0,0,0,0,0,0,71,2026-02-04 19:23:25.173152
ATMN,24.24,23.82,24.04,15750.0,1643300.0,1513900.0,11250.0,2000.0,,0,0,0,0,0,0,0,0,0,0,0,0,0,0,0,0,0,0,0,0,0,0,71,2026-02-04 19:23:25.173152
WNTR,25.28,25.23,25.28,,1095600.0,1612900.0,,20000.0,12000.0,0,0,0,0,0,0,0,0,0,0,0,0,0,0,0,0,0,0,0,0,0,0,71,2026-02-04 19:23:25.173152
SPNG,25.47,25.47,26.31,2233400.0,1829600.0,9000.0,,,,0,0,0,0,0,0,0,0,0,0,0,0,0,0,0,0,0,0,0,0,0,0,72,2026-02-04 19:23:26.218688
SMMR,26.13,26.13,26.28,1248800.0,2031700.0,3000.0,14000.0,,,0,0,0,0,0,0,0,0,0,0,0,0,0,0,0,0,0,0,0,0,0,0,72,2026-02-04 19:23:26.218688
ATMN,24.34,23.82,24.24,1627100.0,1442200.0,,,15750.0,4500.0,0,0,0,0,0,0,0,0,0,0,0,0,0,0,0,0,0,0,0,0,0,0,72,2026-02-04 19:23:26.218688
WNTR,25.46,25.27,25.44,1300900.0,1619900.0,20000.0,12000.0,,,0,0,0,0,0,0,0,0,0,0,0,0,0,0,0,0,0,0,0,0,0,0,72,2026-02-04 19:23:26.218688
SPNG,25.9,25.84,25.9,2327400.0,1894900.0,9000.0,,,0,0,0,0,0,0,0,0,0,0,0,0,0,0,0,0,0,0,0,0,0,0,0,73,2026-02-04 19:23:27.259242
SMMR,26.13,26.27,26.28,1344300.0,2020600.0,3000.0,14000.0,,0,0,0,0,0,0,0,0,0,0,0,0,0,0,0,0,0,0,0,0,0,0,0,73,2026-02-04 19:23:27.259242
ATMN,23.72,23.82,24.24,2217900.0,1541600.0,,,2250.0,0,0,0,0,0,0,0,0,0,0,0,0,0,0,0,0,0,0,0,0,0,0,0,73,2026-02-04 19:23:27.259242
WNTR,25.56,25.42,25.56,1399600.0,1598200.0,20000.0,14000.0,,0,0,0,0,0,0,0,0,0,0,0,0,0,0,0,0,0,0,0,0,0,0,0,73,2026-02-04 19:23:27.259242
SPNG,25.47,25.87,25.91,2321200.0,1695100.0,4500.0,9000.0,,,0,0,0,0,0,0,0,0,0,0,0,0,0,0,0,0,0,0,0,0,0,0,74,2026-02-04 19:23:28.304778
SMMR,26.14,26.16,26.25,1484600.0,2004800.0,,3000.0,14000.0,,0,0,0,0,0,0,0,0,0,0,0,0,0,0,0,0,0,0,0,0,0,0,74,2026-02-04 19:23:28.304778
ATMN,23.82,23.73,23.78,2360300.0,1915000.0,2250.0,,,4500.0,0,0,0,0,0,0,0,0,0,0,0,0,0,0,0,0,0,0,0,0,0,0,74,2026-02-04 19:23:28.304778
WNTR,25.56,25.47,25.56,1513200.0,1620800.0,,20000.0,14000.0,,0,0,0,0,0,0,0,0,0,0,0,0,0,0,0,0,0,0,0,0,0,0,74,2026-02-04 19:23:28.304778
SPNG,25.91,26.03,26.3,2534400.0,6750.0,1562900.0,9000.0,,,0,0,0,0,0,0,0,0,0,0,0,0,0,0,0,0,0,0,0,0,0,0,75,2026-02-04 19:23:28.848107
SMMR,26.13,26.13,26.25,1256900.0,,1988300.0,3000.0,14000.0,,0,0,0,0,0,0,0,0,0,0,0,0,0,0,0,0,0,0,0,0,0,0,75,2026-02-04 19:23:28.848107
ATMN,23.82,23.73,23.77,2052200.0,4500.0,1915000.0,,,9000.0,0,0,0,0,0,0,0,0,0,0,0,0,0,0,0,0,0,0,0,0,0,0,75,2026-02-04 19:23:28.848107
WNTR,25.56,25.47,25.56,1513200.0,,1600800.0,20000.0,14000.0,,0,0,0,0,0,0,0,0,0,0,0,0,0,0,0,0,0,0,0,0,0,0,75,2026-02-04 19:23:28.848107
SPNG,25.47,26.04,26.3,2452700.0,11250.0,1333200.0,9000.0,,,0,0,0,0,0,0,0,0,0,0,0,0,0,0,0,0,0,0,0,0,0,0,76,2026-02-04 19:23:29.893002
SMMR,26.13,26.08,26.12,1353000.0,,1979900.0,3000.0,10000.0,,0,0,0,0,0,0,0,0,0,0,0,0,0,0,0,0,0,0,0,0,0,0,76,2026-02-04 19:23:29.893002
ATMN,24.28,23.73,24.27,1762900.0,2250.0,1647300.0,,,13500.0,0,0,0,0,0,0,0,0,0,0,0,0,0,0,0,0,0,0,0,0,0,0,76,2026-02-04 19:23:29.893002
WNTR,25.27,25.27,25.56,1300900.0,,1541900.0,23500.0,14000.0,,0,0,0,0,0,0,0,0,0,0,0,0,0,0,0,0,0,0,0,0,0,0,76,2026-02-04 19:23:29.893002
SPNG,26.0,26.08,26.3,2588100.0,18000.0,1123900.0,6000.0,,,0,0,0,0,0,0,0,0,0,0,0,0,0,0,0,0,0,0,0,0,0,0,77,2026-02-04 19:23:30.939885
SMMR,26.12,26.08,26.12,1565000.0,,1995400.0,3000.0,10000.0,,0,0,0,0,0,0,0,0,0,0,0,0,0,0,0,0,0,0,0,0,0,0,77,2026-02-04 19:23:30.939885
ATMN,24.28,23.73,23.99,1516800.0,,1861400.0,,,18000.0,0,0,0,0,0,0,0,0,0,0,0,0,0,0,0,0,0,0,0,0,0,0,77,2026-02-04 19:23:30.939885
WNTR,25.27,25.23,25.26,1200900.0,,1448800.0,24000.0,12000.0,,0,0,0,0,0,0,0,0,0,0,0,0,0,0,0,0,0,0,0,0,0,0,77,2026-02-04 19:23:30.939885
SPNG,25.79,25.79,26.07,2593900.0,1157200.0,18000.0,6000.0,,0,0,0,0,0,0,0,0,0,0,0,0,0,0,0,0,0,0,0,0,0,0,0,78,2026-02-04 19:23:31.975369
SMMR,26.25,26.24,26.25,1678400.0,1988300.0,,3000.0,10000.0,0,0,0,0,0,0,0,0,0,0,0,0,0,0,0,0,0,0,0,0,0,0,0,78,2026-02-04 19:23:31.975369
ATMN,24.22,24.22,24.28,2580600.0,1750600.0,,,,0,0,0,0,0,0,0,0,0,0,0,0,0,0,0,0,0,0,0,0,0,0,0,78,2026-02-04 19:23:31.975369
WNTR,25.31,25.43,25.56,1324500.0,1450900.0,,24000.0,12000.0,0,0,0,0,0,0,0,0,0,0,0,0,0,0,0,0,0,0,0,0,0,0,0,78,2026-02-04 19:23:31.975369
SPNG,25.97,25.79,25.96,2519400.0,18000.0,1156700.0,6000.0,,0,0,0,0,0,0,0,0,0,0,0,0,0,0,0,0,0,0,0,0,0,0,0,79,2026-02-04 19:23:33.038815
SMMR,26.24,26.24,26.25,1678400.0,,1976900.0,3000.0,10000.0,0,0,0,0,0,0,0,0,0,0,0,0,0,0,0,0,0,0,0,0,0,0,0,79,2026-02-04 19:23:33.038815
ATMN,23.68,23.68,24.09,2653100.0,4500.0,2055400.0,,,0,0,0,0,0,0,0,0,0,0,0,0,0,0,0,0,0,0,0,0,0,0,0,79,2026-02-04 19:23:33.038815
WNTR,25.23,25.11,25.18,1108300.0,,1475700.0,24000.0,10000.0,0,0,0,0,0,0,0,0,0,0,0,0,0,0,0,0,0,0,0,0,0,0,0,79,2026-02-04 19:23:33.038815
SPNG,25.97,25.8,25.96,4500.0,2113300.0,22500.0,926400.0,6000.0,,0,0,0,0,0,0,0,0,0,0,0,0,0,0,0,0,0,0,0,0,0,0,80,2026-02-04 19:23:34.146901
SMMR,26.28,26.24,26.28,,1802200.0,,1990100.0,3000.0,10000.0,0,0,0,0,0,0,0,0,0,0,0,0,0,0,0,0,0,0,0,0,0,0,80,2026-02-04 19:23:34.146901
ATMN,23.68,24.04,24.08,,2615200.0,11250.0,1727200.0,,,0,0,0,0,0,0,0,0,0,0,0,0,0,0,0,0,0,0,0,0,0,0,80,2026-02-04 19:23:34.146901
WNTR,25.23,25.11,25.18,,1399900.0,,1366900.0,28000.0,10000.0,0,0,0,0,0,0,0,0,0,0,0,0,0,0,0,0,0,0,0,0,0,0,80,2026-02-04 19:23:34.146901
SPNG,25.78,25.86,25.96,2219500.0,2250.0,27000.0,828500.0,3000.0,,0,0,0,0,0,0,0,0,0,0,0,0,0,0,0,0,0,0,0,0,0,0,81,2026-02-04 19:23:35.242814
SMMR,26.24,26.08,26.13,1794800.0,,,1949500.0,3000.0,10000.0,0,0,0,0,0,0,0,0,0,0,0,0,0,0,0,0,0,0,0,0,0,0,81,2026-02-04 19:23:35.242814
ATMN,24.04,24.04,24.08,2615200.0,,11250.0,1739300.0,,,0,0,0,0,0,0,0,0,0,0,0,0,0,0,0,0,0,0,0,0,0,0,81,2026-02-04 19:23:35.242814
WNTR,25.23,25.13,25.18,1844400.0,,,1366900.0,28000.0,10000.0,0,0,0,0,0,0,0,0,0,0,0,0,0,0,0,0,0,0,0,0,0,0,81,2026-02-04 19:23:35.242814
SPNG,26.06,25.86,26.06,2322100.0,1497700.0,11250.0,6000.0,,0,0,0,0,0,0,0,0,0,0,0,0,0,0,0,0,0,0,0,0,0,0,0,82,2026-02-04 19:23:36.291091
SMMR,26.13,26.24,26.28,1866500.0,1985900.0,,3000.0,12000.0,0,0,0,0,0,0,0,0,0,0,0,0,0,0,0,0,0,0,0,0,0,0,0,82,2026-02-04 19:23:36.291091
ATMN,24.09,24.04,24.09,2605300.0,2312000.0,,,,0,0,0,0,0,0,0,0,0,0,0,0,0,0,0,0,0,0,0,0,0,0,0,82,2026-02-04 19:23:36.291091
WNTR,25.14,25.13,25.14,1844400.0,1451800.0,,24000.0,12000.0,0,0,0,0,0,0,0,0,0,0,0,0,0,0,0,0,0,0,0,0,0,0,0,82,2026-02-04 19:23:36.291091
SPNG,26.06,25.87,26.05,4500.0,2088400.0,15750.0,1289700.0,6000.0,,0,0,0,0,0,0,0,0,0,0,0,0,0,0,0,0,0,0,0,0,0,0,83,2026-02-04 19:23:37.337241
SMMR,26.24,26.09,26.16,,1892000.0,,2010400.0,3000.0,12000.0,0,0,0,0,0,0,0,0,0,0,0,0,0,0,0,0,0,0,0,0,0,0,83,2026-02-04 19:23:37.337241
ATMN,24.15,23.69,24.15,4500.0,2380400.0,,2296800.0,,,0,0,0,0,0,0,0,0,0,0,0,0,0,0,0,0,0,0,0,0,0,0,83,2026-02-04 19:23:37.337241
WNTR,25.14,25.3,25.5,,1945600.0,,1471600.0,24000.0,12000.0,0,0,0,0,0,0,0,0,0,0,0,0,0,0,0,0,0,0,0,0,0,0,83,2026-02-04 19:23:37.337241
SPNG,26.06,25.87,26.05,6750.0,2009200.0,20250.0,1067200.0,6000.0,,0,0,0,0,0,0,0,0,0,0,0,0,0,0,0,0,0,0,0,0,0,0,84,2026-02-04 19:23:37.882593
SMMR,26.16,26.02,26.16,,1920400.0,,2010400.0,3000.0,10000.0,0,0,0,0,0,0,0,0,0,0,0,0,0,0,0,0,0,0,0,0,0,0,84,2026-02-04 19:23:37.882593
ATMN,24.22,24.04,24.22,6750.0,2202600.0,,2299100.0,,,0,0,0,0,0,0,0,0,0,0,0,0,0,0,0,0,0,0,0,0,0,0,84,2026-02-04 19:23:37.882593
WNTR,25.47,25.47,25.5,,1934700.0,,1471600.0,24000.0,12000.0,0,0,0,0,0,0,0,0,0,0,0,0,0,0,0,0,0,0,0,0,0,0,84,2026-02-04 19:23:37.882593
SPNG,26.06,25.87,26.05,11250.0,1750200.0,24750.0,1034000.0,,,0,0,0,0,0,0,0,0,0,0,0,0,0,0,0,0,0,0,0,0,0,0,85,2026-02-04 19:23:38.924166
SMMR,26.16,26.11,26.16,,2005900.0,,2010400.0,10000.0,3000.0,0,0,0,0,0,0,0,0,0,0,0,0,0,0,0,0,0,0,0,0,0,0,85,2026-02-04 19:23:38.924166
ATMN,24.11,24.04,24.11,11250.0,1920600.0,,2286200.0,,,0,0,0,0,0,0,0,0,0,0,0,0,0,0,0,0,0,0,0,0,0,0,85,2026-02-04 19:23:38.924166
WNTR,25.5,25.47,25.5,,1934700.0,,1357400.0,12000.0,26000.0,0,0,0,0,0,0,0,0,0,0,0,0,0,0,0,0,0,0,0,0,0,0,85,2026-02-04 19:23:38.924166
SPNG,25.86,25.86,26.05,2377600.0,24750.0,1020200.0,,,,0,0,0,0,0,0,0,0,0,0,0,0,0,0,0,0,0,0,0,0,0,0,86,2026-02-04 19:23:39.971646
SMMR,26.34,26.29,26.34,2024000.0,,2004400.0,10000.0,3000.0,,0,0,0,0,0,0,0,0,0,0,0,0,0,0,0,0,0,0,0,0,0,0,86,2026-02-04 19:23:39.971646
ATMN,24.11,24.11,24.22,1638000.0,,2299100.0,,,15750.0,0,0,0,0,0,0,0,0,0,0,0,0,0,0,0,0,0,0,0,0,0,0,86,2026-02-04 19:23:39.971646
WNTR,25.48,25.47,25.48,1933600.0,,1374700.0,12000.0,26000.0,,0,0,0,0,0,0,0,0,0,0,0,0,0,0,0,0,0,0,0,0,0,0,86,2026-02-04 19:23:39.971646
SPNG,26.05,26.05,26.06,2373300.0,1157300.0,18000.0,6000.0,,,0,0,0,0,0,0,0,0,0,0,0,0,0,0,0,0,0,0,0,0,0,0,87,2026-02-04 19:23:41.019260
SMMR,26.29,26.11,26.26,2005900.0,2148100.0,,,10000.0,,0,0,0,0,0,0,0,0,0,0,0,0,0,0,0,0,0,0,0,0,0,0,87,2026-02-04 19:23:41.019260
ATMN,24.11,24.11,24.29,1638000.0,2264900.0,,,,15750.0,0,0,0,0,0,0,0,0,0,0,0,0,0,0,0,0,0,0,0,0,0,0,87,2026-02-04 19:23:41.019260
WNTR,25.48,25.47,25.48,1929900.0,1340800.0,,26000.0,12000.0,,0,0,0,0,0,0,0,0,0,0,0,0,0,0,0,0,0,0,0,0,0,0,87,2026-02-04 19:23:41.019260
SPNG,26.09,26.09,26.11,2405300.0,1914200.0,2250.0,6000.0,,,0,0,0,0,0,0,0,0,0,0,0,0,0,0,0,0,0,0,0,0,0,0,88,2026-02-04 19:23:42.078773
SMMR,26.16,26.11,26.16,1904000.0,2149700.0,,,11000.0,,0,0,0,0,0,0,0,0,0,0,0,0,0,0,0,0,0,0,0,0,0,0,88,2026-02-04 19:23:42.078773
ATMN,24.3,23.96,24.3,1955100.0,2159800.0,,,,11250.0,0,0,0,0,0,0,0,0,0,0,0,0,0,0,0,0,0,0,0,0,0,0,88,2026-02-04 19:23:42.078773
WNTR,25.47,25.42,25.43,1931700.0,1368300.0,,26000.0,12000.0,,0,0,0,0,0,0,0,0,0,0,0,0,0,0,0,0,0,0,0,0,0,0,88,2026-02-04 19:23:42.078773
SPNG,26.09,26.09,26.11,2405300.0,2020200.0,6000.0,,,,0,0,0,0,0,0,0,0,0,0,0,0,0,0,0,0,0,0,0,0,0,0,89,2026-02-04 19:23:43.168120
SMMR,26.11,26.11,26.34,2024200.0,2138400.0,,1000.0,,,0,0,0,0,0,0,0,0,0,0,0,0,0,0,0,0,0,0,0,0,0,0,89,2026-02-04 19:23:43.168120
ATMN,24.3,24.21,24.28,1672600.0,1958800.0,,,15750.0,6750.0,0,0,0,0,0,0,0,0,0,0,0,0,0,0,0,0,0,0,0,0,0,0,89,2026-02-04 19:23:43.168120
WNTR,25.5,25.42,25.5,1941900.0,1338900.0,26000.0,12000.0,,,0,0,0,0,0,0,0,0,0,0,0,0,0,0,0,0,0,0,0,0,0,0,89,2026-02-04 19:23:43.168120
SPNG,25.77,25.78,26.11,4500.0,2173100.0,2041900.0,6000.0,,,0,0,0,0,0,0,0,0,0,0,0,0,0,0,0,0,0,0,0,0,0,0,90,2026-02-04 19:23:44.224921
SMMR,26.11,26.17,26.2,,2070900.0,2127300.0,,1000.0,,0,0,0,0,0,0,0,0,0,0,0,0,0,0,0,0,0,0,0,0,0,0,90,2026-02-04 19:23:44.224921
ATMN,23.96,23.97,24.28,13500.0,1790300.0,1759600.0,,,11250.0,0,0,0,0,0,0,0,0,0,0,0,0,0,0,0,0,0,0,0,0,0,0,90,2026-02-04 19:23:44.224921
WNTR,25.5,25.42,25.5,,1710000.0,1414100.0,24000.0,16000.0,,0,0,0,0,0,0,0,0,0,0,0,0,0,0,0,0,0,0,0,0,0,0,90,2026-02-04 19:23:44.224921
SPNG,25.72,25.95,26.04,2392500.0,2068600.0,6000.0,,,,0,0,0,0,0,0,0,0,0,0,0,0,0,0,0,0,0,0,0,0,0,0,91,2026-02-04 19:23:45.293604
SMMR,26.17,26.17,26.26,2066500.0,2133400.0,,1000.0,,,0,0,0,0,0,0,0,0,0,0,0,0,0,0,0,0,0,0,0,0,0,0,91,2026-02-04 19:23:45.293604
ATMN,24.13,24.13,24.3,2455400.0,2185200.0,,,2250.0,2250.0,0,0,0,0,0,0,0,0,0,0,0,0,0,0,0,0,0,0,0,0,0,0,91,2026-02-04 19:23:45.293604
WNTR,25.42,25.35,25.36,1932300.0,1315800.0,28000.0,12000.0,,,0,0,0,0,0,0,0,0,0,0,0,0,0,0,0,0,0,0,0,0,0,0,91,2026-02-04 19:23:45.293604
SPNG,26.04,26.0,26.04,2185900.0,4500.0,2068600.0,6000.0,,,0,0,0,0,0,0,0,0,0,0,0,0,0,0,0,0,0,0,0,0,0,0,92,2026-02-04 19:23:46.362263
SMMR,26.11,26.11,26.22,1983500.0,,2121100.0,,3000.0,,0,0,0,0,0,0,0,0,0,0,0,0,0,0,0,0,0,0,0,0,0,0,92,2026-02-04 19:23:46.362263
ATMN,24.17,24.17,24.3,2549700.0,,1952500.0,,,6750.0,0,0,0,0,0,0,0,0,0,0,0,0,0,0,0,0,0,0,0,0,0,0,92,2026-02-04 19:23:46.362263
WNTR,25.36,25.48,25.5,1946400.0,,1314900.0,24700.0,4000.0,,0,0,0,0,0,0,0,0,0,0,0,0,0,0,0,0,0,0,0,0,0,0,92,2026-02-04 19:23:46.362263
SPNG,25.95,26.01,26.04,2250.0,2273100.0,1849800.0,4500.0,6000.0,,0,0,0,0,0,0,0,0,0,0,0,0,0,0,0,0,0,0,0,0,0,0,93,2026-02-04 19:23:47.404899
SMMR,26.26,26.17,26.26,,2010300.0,2133400.0,,,3000.0,0,0,0,0,0,0,0,0,0,0,0,0,0,0,0,0,0,0,0,0,0,0,93,2026-02-04 19:23:47.404899
ATMN,24.15,23.96,24.14,4500.0,2320700.0,1761000.0,11250.0,,,0,0,0,0,0,0,0,0,0,0,0,0,0,0,0,0,0,0,0,0,0,0,93,2026-02-04 19:23:47.404899
WNTR,25.46,25.46,25.5,,2041200.0,1314900.0,,24700.0,2000.0,0,0,0,0,0,0,0,0,0,0,0,0,0,0,0,0,0,0,0,0,0,0,93,2026-02-04 19:23:47.404899
SPNG,25.68,25.68,26.04,2363200.0,1729700.0,6750.0,6000.0,,,0,0,0,0,0,0,0,0,0,0,0,0,0,0,0,0,0,0,0,0,0,0,94,2026-02-04 19:23:47.949567
SMMR,26.26,26.17,26.26,2010300.0,2133400.0,,,3000.0,,0,0,0,0,0,0,0,0,0,0,0,0,0,0,0,0,0,0,0,0,0,0,94,2026-02-04 19:23:47.949567
ATMN,24.31,24.28,24.3,2178300.0,2199500.0,2250.0,,,6750.0,0,0,0,0,0,0,0,0,0,0,0,0,0,0,0,0,0,0,0,0,0,0,94,2026-02-04 19:23:47.949567
WNTR,25.51,25.49,25.51,2034900.0,1419500.0,,24000.0,2000.0,,0,0,0,0,0,0,0,0,0,0,0,0,0,0,0,0,0,0,0,0,0,0,94,2026-02-04 19:23:47.949567
SPNG,26.24,25.68,25.84,2131400.0,4500.0,1948600.0,2250.0,6000.0,,0,0,0,0,0,0,0,0,0,0,0,0,0,0,0,0,0,0,0,0,0,0,95,2026-02-04 19:23:48.997843
SMMR,26.34,26.17,26.2,2010300.0,,2113500.0,,,3000.0,0,0,0,0,0,0,0,0,0,0,0,0,0,0,0,0,0,0,0,0,0,0,95,2026-02-04 19:23:48.997843
ATMN,24.35,24.27,24.35,2036600.0,9000.0,2282600.0,,,,0,0,0,0,0,0,0,0,0,0,0,0,0,0,0,0,0,0,0,0,0,0,95,2026-02-04 19:23:48.997843
WNTR,25.46,25.44,25.45,2024300.0,,1332900.0,,26000.0,2000.0,0,0,0,0,0,0,0,0,0,0,0,0,0,0,0,0,0,0,0,0,0,0,95,2026-02-04 19:23:48.997843
SPNG,26.24,25.68,25.83,1897800.0,9000.0,6750.0,1729800.0,6000.0,,0,0,0,0,0,0,0,0,0,0,0,0,0,0,0,0,0,0,0,0,0,0,96,2026-02-04 19:23:50.027116
SMMR,26.34,26.34,26.35,1988000.0,,,2190200.0,,3000.0,0,0,0,0,0,0,0,0,0,0,0,0,0,0,0,0,0,0,0,0,0,0,96,2026-02-04 19:23:50.027116
ATMN,24.27,23.96,24.07,1781500.0,13500.0,,2287500.0,,,0,0,0,0,0,0,0,0,0,0,0,0,0,0,0,0,0,0,0,0,0,0,96,2026-02-04 19:23:50.027116
WNTR,25.44,25.44,25.51,2024300.0,,,1314100.0,26000.0,2000.0,0,0,0,0,0,0,0,0,0,0,0,0,0,0,0,0,0,0,0,0,0,0,96,2026-02-04 19:23:50.027116
SPNG,26.27,25.68,26.24,1655600.0,13500.0,1971100.0,2250.0,6000.0,,0,0,0,0,0,0,0,0,0,0,0,0,0,0,0,0,0,0,0,0,0,0,97,2026-02-04 19:23:51.060497
SMMR,26.34,26.17,26.29,2000100.0,,2176300.0,,,3000.0,0,0,0,0,0,0,0,0,0,0,0,0,0,0,0,0,0,0,0,0,0,0,97,2026-02-04 19:23:51.060497
ATMN,24.35,24.06,24.35,1486600.0,18000.0,2282600.0,,,,0,0,0,0,0,0,0,0,0,0,0,0,0,0,0,0,0,0,0,0,0,0,97,2026-02-04 19:23:51.060497
WNTR,25.51,25.44,25.51,1951100.0,,1313700.0,,26000.0,2700.0,0,0,0,0,0,0,0,0,0,0,0,0,0,0,0,0,0,0,0,0,0,0,97,2026-02-04 19:23:51.060497
SPNG,26.24,26.28,26.3,20250.0,1279200.0,2037200.0,6000.0,,0,0,0,0,0,0,0,0,0,0,0,0,0,0,0,0,0,0,0,0,0,0,0,98,2026-02-04 19:23:52.093259
SMMR,26.17,26.17,26.35,,1992200.0,2190200.0,,3000.0,0,0,0,0,0,0,0,0,0,0,0,0,0,0,0,0,0,0,0,0,0,0,0,98,2026-02-04 19:23:52.093259
ATMN,24.39,24.09,24.39,20250.0,1352100.0,2263000.0,,,0,0,0,0,0,0,0,0,0,0,0,0,0,0,0,0,0,0,0,0,0,0,0,98,2026-02-04 19:23:52.093259
WNTR,25.51,25.44,25.47,,1984900.0,1300600.0,26000.0,2700.0,0,0,0,0,0,0,0,0,0,0,0,0,0,0,0,0,0,0,0,0,0,0,0,98,2026-02-04 19:23:52.093259
SPNG,25.68,26.11,26.13,15750.0,1516500.0,2056300.0,6000.0,,0,0,0,0,0,0,0,0,0,0,0,0,0,0,0,0,0,0,0,0,0,0,0,99,2026-02-04 19:23:53.160136
SMMR,26.17,26.32,26.35,,1987700.0,2198900.0,,3000.0,0,0,0,0,0,0,0,0,0,0,0,0,0,0,0,0,0,0,0,0,0,0,0,99,2026-02-04 19:23:53.160136
ATMN,24.19,24.19,24.39,20250.0,1354400.0,2263000.0,,,0,0,0,0,0,0,0,0,0,0,0,0,0,0,0,0,0,0,0,0,0,0,0,99,2026-02-04 19:23:53.160136
WNTR,25.37,25.37,25.54,,1969000.0,1351100.0,24700.0,4000.0,0,0,0,0,0,0,0,0,0,0,0,0,0,0,0,0,0,0,0,0,0,0,0,99,2026-02-04 19:23:53.160136
SPNG,26.07,25.68,26.06,1387600.0,18000.0,4500.0,1841500.0,6000.0,,0,0,0,0,0,0,0,0,0,0,0,0,0,0,0,0,0,0,0,0,0,0,100,2026-02-04 19:23:54.245952
SMMR,26.31,26.31,26.34,2011400.0,,,2177500.0,,3000.0,0,0,0,0,0,0,0,0,0,0,0,0,0,0,0,0,0,0,0,0,0,0,100,2026-02-04 19:23:54.245952
ATMN,24.06,24.09,24.39,1997200.0,9000.0,,2263000.0,,,0,0,0,0,0,0,0,0,0,0,0,0,0,0,0,0,0,0,0,0,0,0,100,2026-02-04 19:23:54.245952
WNTR,25.52,25.42,25.46,1994800.0,,,1368800.0,24700.0,4000.0,0,0,0,0,0,0,0,0,0,0,0,0,0,0,0,0,0,0,0,0,0,0,100,2026-02-04 19:23:54.245952
SPNG,26.3,25.68,26.3,1511000.0,15750.0,2058900.0,6000.0,,,0,0,0,0,0,0,0,0,0,0,0,0,0,0,0,0,0,0,0,0,0,0,101,2026-02-04 19:23:55.300662
SMMR,26.31,26.17,26.24,2021600.0,,2148100.0,,3000.0,,0,0,0,0,0,0,0,0,0,0,0,0,0,0,0,0,0,0,0,0,0,0,101,2026-02-04 19:23:55.300662
ATMN,24.52,24.09,24.41,1896600.0,11250.0,2192000.0,,,2250.0,0,0,0,0,0,0,0,0,0,0,0,0,0,0,0,0,0,0,0,0,0,0,101,2026-02-04 19:23:55.300662
WNTR,25.54,25.42,25.54,2025000.0,,1351100.0,24700.0,4000.0,,0,0,0,0,0,0,0,0,0,0,0,0,0,0,0,0,0,0,0,0,0,0,101,2026-02-04 19:23:55.300662
SPNG,25.79,25.68,25.79,1392400.0,18000.0,2067600.0,6000.0,,,0,0,0,0,0,0,0,0,0,0,0,0,0,0,0,0,0,0,0,0,0,0,102,2026-02-04 19:23:56.343375
SMMR,26.33,26.22,26.25,2001600.0,,2165700.0,,3000.0,,0,0,0,0,0,0,0,0,0,0,0,0,0,0,0,0,0,0,0,0,0,0,102,2026-02-04 19:23:56.343375
ATMN,24.41,24.49,24.51,1622700.0,15750.0,2053900.0,,,4500.0,0,0,0,0,0,0,0,0,0,0,0,0,0,0,0,0,0,0,0,0,0,0,102,2026-02-04 19:23:56.343375
WNTR,25.42,25.44,25.55,1913500.0,,1472200.0,24000.0,4700.0,,0,0,0,0,0,0,0,0,0,0,0,0,0,0,0,0,0,0,0,0,0,0,102,2026-02-04 19:23:56.343375
SPNG,26.01,25.98,26.01,1384100.0,18000.0,2044100.0,6000.0,,,0,0,0,0,0,0,0,0,0,0,0,0,0,0,0,0,0,0,0,0,0,0,103,2026-02-04 19:23:57.385
SMMR,26.33,26.22,26.25,1987200.0,,2151600.0,,3000.0,,0,0,0,0,0,0,0,0,0,0,0,0,0,0,0,0,0,0,0,0,0,0,103,2026-02-04 19:23:57.385
ATMN,24.49,24.09,24.17,1380000.0,20250.0,1953700.0,,,6750.0,0,0,0,0,0,0,0,0,0,0,0,0,0,0,0,0,0,0,0,0,0,0,103,2026-02-04 19:23:57.385
WNTR,25.46,25.48,25.55,1879400.0,,1472200.0,24000.0,4700.0,,0,0,0,0,0,0,0,0,0,0,0,0,0,0,0,0,0,0,0,0,0,0,103,2026-02-04 19:23:57.385
SPNG,25.71,25.72,26.31,18000.0,1371500.0,2022700.0,6000.0,,,0,0,0,0,0,0,0,0,0,0,0,0,0,0,0,0,0,0,0,0,0,0,104,2026-02-04 19:23:58.433001
SMMR,26.33,26.22,26.24,,1962000.0,2168300.0,,3000.0,,0,0,0,0,0,0,0,0,0,0,0,0,0,0,0,0,0,0,0,0,0,0,104,2026-02-04 19:23:58.433001
ATMN,24.6,24.09,24.32,22500.0,1249400.0,2171600.0,,,2250.0,0,0,0,0,0,0,0,0,0,0,0,0,0,0,0,0,0,0,0,0,0,0,104,2026-02-04 19:23:58.433001
WNTR,25.56,25.48,25.56,,1879400.0,1474100.0,24000.0,4700.0,,0,0,0,0,0,0,0,0,0,0,0,0,0,0,0,0,0,0,0,0,0,0,104,2026-02-04 19:23:58.433001
SPNG,26.31,25.68,26.31,1639900.0,13500.0,2029100.0,6000.0,,0,0,0,0,0,0,0,0,0,0,0,0,0,0,0,0,0,0,0,0,0,0,0,105,2026-02-04 19:23:59.482276
SMMR,26.33,26.22,26.33,1954000.0,,2172400.0,,3000.0,0,0,0,0,0,0,0,0,0,0,0,0,0,0,0,0,0,0,0,0,0,0,0,105,2026-02-04 19:23:59.482276
ATMN,24.6,24.07,24.6,1629000.0,15750.0,2236900.0,,,0,0,0,0,0,0,0,0,0,0,0,0,0,0,0,0,0,0,0,0,0,0,0,105,2026-02-04 19:23:59.482276
WNTR,25.48,25.48,25.5,1866800.0,,1464100.0,24000.0,4700.0,0,0,0,0,0,0,0,0,0,0,0,0,0,0,0,0,0,0,0,0,0,0,0,105,2026-02-04 19:23:59.482276
SPNG,26.13,25.85,26.04,1489400.0,15750.0,1823300.0,4500.0,6000.0,,0,0,0,0,0,0,0,0,0,0,0,0,0,0,0,0,0,0,0,0,0,0,106,2026-02-04 19:24:00.032610
SMMR,26.34,26.22,26.34,1933300.0,,2162300.0,,,3000.0,0,0,0,0,0,0,0,0,0,0,0,0,0,0,0,0,0,0,0,0,0,0,106,2026-02-04 19:24:00.032610
ATMN,24.6,24.17,24.6,1480400.0,18000.0,2236900.0,,,,0,0,0,0,0,0,0,0,0,0,0,0,0,0,0,0,0,0,0,0,0,0,106,2026-02-04 19:24:00.032610
WNTR,25.56,25.56,25.57,1996900.0,,1768300.0,,18000.0,2700.0,0,0,0,0,0,0,0,0,0,0,0,0,0,0,0,0,0,0,0,0,0,0,106,2026-02-04 19:24:00.032610
SPNG,26.13,25.85,26.04,1288700.0,20250.0,1604500.0,9000.0,6000.0,,0,0,0,0,0,0,0,0,0,0,0,0,0,0,0,0,0,0,0,0,0,0,107,2026-02-04 19:24:01.079637
SMMR,26.29,26.22,26.29,1933300.0,,2147400.0,,,3000.0,0,0,0,0,0,0,0,0,0,0,0,0,0,0,0,0,0,0,0,0,0,0,107,2026-02-04 19:24:01.079637
ATMN,24.6,24.33,24.35,1338600.0,20250.0,2298700.0,,,,0,0,0,0,0,0,0,0,0,0,0,0,0,0,0,0,0,0,0,0,0,0,107,2026-02-04 19:24:01.079637
WNTR,25.45,25.45,25.52,1889400.0,,1761900.0,,18000.0,4700.0,0,0,0,0,0,0,0,0,0,0,0,0,0,0,0,0,0,0,0,0,0,0,107,2026-02-04 19:24:01.079637
SPNG,25.85,25.85,26.3,1027700.0,24750.0,11250.0,1450500.0,6000.0,,0,0,0,0,0,0,0,0,0,0,0,0,0,0,0,0,0,0,0,0,0,0,108,2026-02-04 19:24:02.129017
SMMR,26.28,26.28,26.29,1950300.0,,,2157500.0,,3000.0,0,0,0,0,0,0,0,0,0,0,0,0,0,0,0,0,0,0,0,0,0,0,108,2026-02-04 19:24:02.129017
ATMN,24.17,24.17,24.35,1837500.0,11250.0,,2298700.0,,,0,0,0,0,0,0,0,0,0,0,0,0,0,0,0,0,0,0,0,0,0,0,108,2026-02-04 19:24:02.129017
WNTR,25.42,25.42,25.52,2007900.0,,,1747800.0,18000.0,4000.0,0,0,0,0,0,0,0,0,0,0,0,0,0,0,0,0,0,0,0,0,0,0,108,2026-02-04 19:24:02.129017
SPNG,25.8,25.8,26.23,1314700.0,20250.0,1241700.0,15750.0,6000.0,,0,0,0,0,0,0,0,0,0,0,0,0,0,0,0,0,0,0,0,0,0,0,109,2026-02-04 19:24:03.205338
SMMR,26.22,26.24,26.29,1960500.0,,2138900.0,,,3000.0,0,0,0,0,0,0,0,0,0,0,0,0,0,0,0,0,0,0,0,0,0,0,109,2026-02-04 19:24:03.205338
ATMN,24.22,24.25,24.35,1588900.0,15750.0,2174200.0,2250.0,,,0,0,0,0,0,0,0,0,0,0,0,0,0,0,0,0,0,0,0,0,0,0,109,2026-02-04 19:24:03.205338
WNTR,25.57,25.42,25.57,1998400.0,,1762300.0,,18000.0,4000.0,0,0,0,0,0,0,0,0,0,0,0,0,0,0,0,0,0,0,0,0,0,0,109,2026-02-04 19:24:03.205338
SPNG,25.68,25.68,26.23,1542200.0,15750.0,1004000.0,20250.0,6000.0,,0,0,0,0,0,0,0,0,0,0,0,0,0,0,0,0,0,0,0,0,0,0,110,2026-02-04 19:24:04.287931
SMMR,26.22,26.26,26.29,1967700.0,,2138900.0,,,3000.0,0,0,0,0,0,0,0,0,0,0,0,0,0,0,0,0,0,0,0,0,0,0,110,2026-02-04 19:24:04.287931
ATMN,24.67,24.25,24.42,1310600.0,20250.0,2294600.0,,,,0,0,0,0,0,0,0,0,0,0,0,0,0,0,0,0,0,0,0,0,0,0,110,2026-02-04 19:24:04.287931
WNTR,25.58,25.38,25.58,1978000.0,,1770800.0,,18000.0,4000.0,0,0,0,0,0,0,0,0,0,0,0,0,0,0,0,0,0,0,0,0,0,0,110,2026-02-04 19:24:04.287931
SPNG,26.31,25.68,26.31,2265900.0,2250.0,2022800.0,6000.0,,,0,0,0,0,0,0,0,0,0,0,0,0,0,0,0,0,0,0,0,0,0,0,111,2026-02-04 19:24:05.346410
SMMR,26.26,26.26,26.29,1924100.0,,2143400.0,,3000.0,,0,0,0,0,0,0,0,0,0,0,0,0,0,0,0,0,0,0,0,0,0,0,111,2026-02-04 19:24:05.346410
ATMN,24.08,24.09,24.42,1834200.0,11250.0,2188200.0,,,2250.0,0,0,0,0,0,0,0,0,0,0,0,0,0,0,0,0,0,0,0,0,0,0,111,2026-02-04 19:24:05.346410
WNTR,25.43,25.46,25.58,1967600.0,,1770800.0,18000.0,4000.0,,0,0,0,0,0,0,0,0,0,0,0,0,0,0,0,0,0,0,0,0,0,0,111,2026-02-04 19:24:05.346410
SPNG,26.31,26.03,26.29,2295400.0,2250.0,1753800.0,4500.0,6000.0,,0,0,0,0,0,0,0,0,0,0,0,0,0,0,0,0,0,0,0,0,0,0,112,2026-02-04 19:24:06.405224
SMMR,26.32,26.27,26.32,1905700.0,,2168700.0,,,3000.0,0,0,0,0,0,0,0,0,0,0,0,0,0,0,0,0,0,0,0,0,0,0,112,2026-02-04 19:24:06.405224
ATMN,24.08,24.1,24.41,1534900.0,15750.0,2094500.0,4500.0,,,0,0,0,0,0,0,0,0,0,0,0,0,0,0,0,0,0,0,0,0,0,0,112,2026-02-04 19:24:06.405224
WNTR,25.4,25.42,25.58,1981000.0,,1753900.0,,18000.0,4000.0,0,0,0,0,0,0,0,0,0,0,0,0,0,0,0,0,0,0,0,0,0,0,112,2026-02-04 19:24:06.405224
SPNG,26.3,26.05,26.06,5000.0,6750.0,1925400.0,1876200.0,5000.0,6000.0,,,0,0,0,0,0,0,0,0,0,0,0,0,0,0,0,0,0,0,0,0,113,2026-02-04 19:24:07.498451
SMMR,26.32,26.28,26.31,5000.0,,1771500.0,2028900.0,5000.0,,3000.0,,0,0,0,0,0,0,0,0,0,0,0,0,0,0,0,0,0,0,0,0,113,2026-02-04 19:24:07.498451
ATMN,24.08,24.08,24.41,,11250.0,1798200.0,1847500.0,,,,9000.0,0,0,0,0,0,0,0,0,0,0,0,0,0,0,0,0,0,0,0,0,113,2026-02-04 19:24:07.498451
WNTR,25.59,25.36,25.59,,,2064900.0,1732400.0,,18000.0,2000.0,,0,0,0,0,0,0,0,0,0,0,0,0,0,0,0,0,0,0,0,0,113,2026-02-04 19:24:07.498451
SPNG,26.03,26.03,26.06,2288300.0,2250.0,1762000.0,10000.0,6000.0,,,,0,0,0,0,0,0,0,0,0,0,0,0,0,0,0,0,0,0,0,0,114,2026-02-04 19:24:08.117003
SMMR,26.32,26.28,26.32,1779200.0,,2153600.0,,,5000.0,3000.0,,0,0,0,0,0,0,0,0,0,0,0,0,0,0,0,0,0,0,0,0,114,2026-02-04 19:24:08.117003
ATMN,24.08,24.1,24.41,1772600.0,9000.0,1759400.0,,,5000.0,,11250.0,0,0,0,0,0,0,0,0,0,0,0,0,0,0,0,0,0,0,0,0,114,2026-02-04 19:24:08.117003
WNTR,25.59,25.44,25.53,1982800.0,,1655100.0,5000.0,18000.0,5000.0,2000.0,,0,0,0,0,0,0,0,0,0,0,0,0,0,0,0,0,0,0,0,0,114,2026-02-04 19:24:08.117003
SPNG,25.98,25.69,25.89,4500.0,2000.0,2023700.0,3000.0,1703900.0,2250.0,6000.0,,0,0,0,0,0,0,0,0,0,0,0,0,0,0,0,0,0,0,0,0,115,2026-02-04 19:24:09.158848
SMMR,26.22,26.28,26.3,,5000.0,1751100.0,5000.0,2019800.0,,,3000.0,0,0,0,0,0,0,0,0,0,0,0,0,0,0,0,0,0,0,0,0,115,2026-02-04 19:24:09.158848
ATMN,24.42,24.1,24.41,4500.0,5000.0,2016900.0,,2083000.0,4500.0,,,0,0,0,0,0,0,0,0,0,0,0,0,0,0,0,0,0,0,0,0,115,2026-02-04 19:24:09.158848
WNTR,25.59,25.44,25.53,,5000.0,1961700.0,5000.0,1655100.0,,18000.0,2000.0,0,0,0,0,0,0,0,0,0,0,0,0,0,0,0,0,0,0,0,0,115,2026-02-04 19:24:09.158848
SPNG,25.88,26.0,26.16,1672300.0,3000.0,9000.0,1751100.0,4500.0,6000.0,,,0,0,0,0,0,0,0,0,0,0,0,0,0,0,0,0,0,0,0,0,116,2026-02-04 19:24:10.283711
SMMR,26.32,26.32,26.34,1763700.0,5000.0,,2126900.0,,,3000.0,,0,0,0,0,0,0,0,0,0,0,0,0,0,0,0,0,0,0,0,0,116,2026-02-04 19:24:10.283711
ATMN,24.6,24.11,24.27,1746800.0,5000.0,9000.0,2187800.0,2250.0,,,,0,0,0,0,0,0,0,0,0,0,0,0,0,0,0,0,0,0,0,0,116,2026-02-04 19:24:10.283711
WNTR,25.42,25.42,25.53,2050400.0,5000.0,,1670400.0,,18000.0,,5000.0,0,0,0,0,0,0,0,0,0,0,0,0,0,0,0,0,0,0,0,0,116,2026-02-04 19:24:10.283711
SPNG,26.0,26.07,26.16,2109100.0,3000.0,1965100.0,6000.0,,,0,0,0,0,0,0,0,0,0,0,0,0,0,0,0,0,0,0,0,0,0,0,117,2026-02-04 19:24:11.351294
SMMR,26.31,26.31,26.34,1781500.0,5000.0,2126900.0,,3000.0,,0,0,0,0,0,0,0,0,0,0,0,0,0,0,0,0,0,0,0,0,0,0,117,2026-02-04 19:24:11.351294
ATMN,24.57,24.1,24.54,2264300.0,5000.0,2290500.0,,,,0,0,0,0,0,0,0,0,0,0,0,0,0,0,0,0,0,0,0,0,0,0,117,2026-02-04 19:24:11.351294
WNTR,25.38,25.5,25.53,2051000.0,5000.0,1653200.0,18000.0,,5000.0,0,0,0,0,0,0,0,0,0,0,0,0,0,0,0,0,0,0,0,0,0,0,117,2026-02-04 19:24:11.351294
SPNG,26.21,26.0,26.21,2143500.0,3000.0,1979500.0,6000.0,,0,0,0,0,0,0,0,0,0,0,0,0,0,0,0,0,0,0,0,0,0,0,0,118,2026-02-04 19:24:12.393872
SMMR,26.27,26.27,26.34,1719100.0,1000.0,2126900.0,,3000.0,0,0,0,0,0,0,0,0,0,0,0,0,0,0,0,0,0,0,0,0,0,0,0,118,2026-02-04 19:24:12.393872
ATMN,24.06,24.06,24.54,2441300.0,,2295100.0,,,0,0,0,0,0,0,0,0,0,0,0,0,0,0,0,0,0,0,0,0,0,0,0,118,2026-02-04 19:24:12.393872
WNTR,25.54,25.5,25.54,2032900.0,5000.0,1757100.0,18000.0,,0,0,0,0,0,0,0,0,0,0,0,0,0,0,0,0,0,0,0,0,0,0,0,118,2026-02-04 19:24:12.393872
SPNG,25.83,25.83,26.21,2278400.0,2000.0,1989100.0,6000.0,,0,0,0,0,0,0,0,0,0,0,0,0,0,0,0,0,0,0,0,0,0,0,0,119,2026-02-04 19:24:13.450726
SMMR,26.37,26.27,26.37,1719100.0,1000.0,2097600.0,,3000.0,0,0,0,0,0,0,0,0,0,0,0,0,0,0,0,0,0,0,0,0,0,0,0,119,2026-02-04 19:24:13.450726
ATMN,24.06,24.11,24.54,2441000.0,,2295100.0,,,0,0,0,0,0,0,0,0,0,0,0,0,0,0,0,0,0,0,0,0,0,0,0,119,2026-02-04 19:24:13.450726
WNTR,25.6,25.5,25.6,2032900.0,5000.0,1980200.0,,,0,0,0,0,0,0,0,0,0,0,0,0,0,0,0,0,0,0,0,0,0,0,0,119,2026-02-04 19:24:13.450726
SPNG,25.69,25.24,25.67,1192800.0,948800.0,10600.0,,,0,0,0,0,0,0,0,0,0,0,0,0,0,0,0,0,0,0,0,0,0,0,0,120,2026-02-04 19:24:14.513599
SMMR,26.97,26.63,26.89,650900.0,731300.0,,1000.0,13000.0,0,0,0,0,0,0,0,0,0,0,0,0,0,0,0,0,0,0,0,0,0,0,0,120,2026-02-04 19:24:14.513599
ATMN,24.11,23.23,23.73,961000.0,864700.0,,,,0,0,0,0,0,0,0,0,0,0,0,0,0,0,0,0,0,0,0,0,0,0,0,120,2026-02-04 19:24:14.513599
WNTR,25.6,25.93,25.95,845000.0,780500.0,,5000.0,12000.0,0,0,0,0,0,0,0,0,0,0,0,0,0,0,0,0,0,0,0,0,0,0,0,120,2026-02-04 19:24:14.513599
SPNG,25.69,25.24,25.29,1192800.0,3000.0,1276800.0,10600.0,,0,0,0,0,0,0,0,0,0,0,0,0,0,0,0,0,0,0,0,0,0,0,0,121,2026-02-04 19:24:15.558999
SMMR,27.33,26.65,26.75,839000.0,16000.0,893900.0,,1000.0,0,0,0,0,0,0,0,0,0,0,0,0,0,0,0,0,0,0,0,0,0,0,0,121,2026-02-04 19:24:15.558999
ATMN,23.4,23.23,23.3,961000.0,,1114800.0,,,0,0,0,0,0,0,0,0,0,0,0,0,0,0,0,0,0,0,0,0,0,0,0,121,2026-02-04 19:24:15.558999
WNTR,25.95,26.03,26.07,956000.0,15000.0,1008800.0,3000.0,5000.0,0,0,0,0,0,0,0,0,0,0,0,0,0,0,0,0,0,0,0,0,0,0,0,121,2026-02-04 19:24:15.558999
SPNG,25.08,24.04,24.4,1229900.0,1388100.0,10600.0,,,0,0,0,0,0,0,0,0,0,0,0,0,0,0,0,0,0,0,0,0,0,0,0,122,2026-02-04 19:24:16.108053
SMMR,27.26,26.65,27.26,923400.0,791000.0,,16000.0,1000.0,0,0,0,0,0,0,0,0,0,0,0,0,0,0,0,0,0,0,0,0,0,0,0,122,2026-02-04 19:24:16.108053
ATMN,23.27,23.27,23.3,1100700.0,1114800.0,,,,0,0,0,0,0,0,0,0,0,0,0,0,0,0,0,0,0,0,0,0,0,0,0,122,2026-02-04 19:24:16.108053
WNTR,25.93,25.93,26.07,864600.0,1121900.0,3000.0,12000.0,5000.0,0,0,0,0,0,0,0,0,0,0,0,0,0,0,0,0,0,0,0,0,0,0,0,122,2026-02-04 19:24:16.108053
SPNG,25.53,23.73,25.53,1360900.0,1266400.0,10600.0,,,0,0,0,0,0,0,0,0,0,0,0,0,0,0,0,0,0,0,0,0,0,0,0,123,2026-02-04 19:24:17.153931
SMMR,27.26,27.1,27.12,1015200.0,1091400.0,3000.0,19000.0,1000.0,0,0,0,0,0,0,0,0,0,0,0,0,0,0,0,0,0,0,0,0,0,0,0,123,2026-02-04 19:24:17.153931
ATMN,23.23,23.23,23.3,974600.0,1239100.0,3000.0,,,0,0,0,0,0,0,0,0,0,0,0,0,0,0,0,0,0,0,0,0,0,0,0,123,2026-02-04 19:24:17.153931
WNTR,25.93,25.93,25.96,988600.0,1326900.0,6000.0,15000.0,5000.0,0,0,0,0,0,0,0,0,0,0,0,0,0,0,0,0,0,0,0,0,0,0,0,123,2026-02-04 19:24:17.153931
SPNG,23.6,23.67,24.19,2250.0,1398500.0,4500.0,1492700.0,10600.0,,,0,0,0,0,0,0,0,0,0,0,0,0,0,0,0,0,0,0,0,0,0,124,2026-02-04 19:24:18.221435
SMMR,27.1,26.65,26.96,,1125800.0,,1194000.0,6100.0,19000.0,1000.0,0,0,0,0,0,0,0,0,0,0,0,0,0,0,0,0,0,0,0,0,0,124,2026-02-04 19:24:18.221435
ATMN,22.8,23.13,23.3,4500.0,1300000.0,2250.0,1239100.0,3000.0,,,0,0,0,0,0,0,0,0,0,0,0,0,0,0,0,0,0,0,0,0,0,124,2026-02-04 19:24:18.221435
WNTR,26.07,25.95,25.96,,999700.0,,1217700.0,8000.0,12000.0,5000.0,0,0,0,0,0,0,0,0,0,0,0,0,0,0,0,0,0,0,0,0,0,124,2026-02-04 19:24:18.221435
SPNG,23.66,23.66,24.19,1514000.0,6750.0,1390400.0,10600.0,,,,0,0,0,0,0,0,0,0,0,0,0,0,0,0,0,0,0,0,0,0,0,125,2026-02-04 19:24:19.300758
SMMR,26.96,27.09,27.12,1460300.0,,1091400.0,5100.0,19000.0,1000.0,,0,0,0,0,0,0,0,0,0,0,0,0,0,0,0,0,0,0,0,0,0,125,2026-02-04 19:24:19.300758
ATMN,23.3,23.37,23.43,1420300.0,6750.0,1386500.0,,,,6750.0,0,0,0,0,0,0,0,0,0,0,0,0,0,0,0,0,0,0,0,0,0,125,2026-02-04 19:24:19.300758
WNTR,26.08,25.95,26.08,1096400.0,,1250200.0,,22000.0,5000.0,,0,0,0,0,0,0,0,0,0,0,0,0,0,0,0,0,0,0,0,0,0,125,2026-02-04 19:24:19.300758
SPNG,23.66,23.94,24.19,4500.0,1776100.0,9000.0,1303100.0,10600.0,,,0,0,0,0,0,0,0,0,0,0,0,0,0,0,0,0,0,0,0,0,0,126,2026-02-04 19:24:20.352228
SMMR,27.09,26.81,26.95,,1343700.0,,1270900.0,5100.0,22000.0,1000.0,0,0,0,0,0,0,0,0,0,0,0,0,0,0,0,0,0,0,0,0,0,126,2026-02-04 19:24:20.352228
ATMN,23.3,23.37,23.43,11250.0,1420300.0,11250.0,1734000.0,,,,0,0,0,0,0,0,0,0,0,0,0,0,0,0,0,0,0,0,0,0,0,126,2026-02-04 19:24:20.352228
WNTR,25.95,25.95,26.0,,1096400.0,,1482600.0,,23000.0,5000.0,0,0,0,0,0,0,0,0,0,0,0,0,0,0,0,0,0,0,0,0,0,126,2026-02-04 19:24:20.352228
SPNG,23.94,23.66,23.77,1642600.0,1212900.0,13500.0,7600.0,,,,0,0,0,0,0,0,0,0,0,0,0,0,0,0,0,0,0,0,0,0,0,127,2026-02-04 19:24:21.391090
SMMR,26.95,27.01,27.12,1385400.0,1295000.0,,5100.0,12000.0,1000.0,,0,0,0,0,0,0,0,0,0,0,0,0,0,0,0,0,0,0,0,0,0,127,2026-02-04 19:24:21.391090
ATMN,23.13,23.14,23.43,1300000.0,1555800.0,15750.0,,,,6750.0,0,0,0,0,0,0,0,0,0,0,0,0,0,0,0,0,0,0,0,0,0,127,2026-02-04 19:24:21.391090
WNTR,25.95,25.88,25.9,985300.0,1250300.0,,,12000.0,5000.0,,0,0,0,0,0,0,0,0,0,0,0,0,0,0,0,0,0,0,0,0,0,127,2026-02-04 19:24:21.391090
SPNG,23.94,23.94,24.19,1782500.0,15750.0,1096600.0,7600.0,,,0,0,0,0,0,0,0,0,0,0,0,0,0,0,0,0,0,0,0,0,0,0,128,2026-02-04 19:24:22.431662
SMMR,27.15,26.81,26.87,1422800.0,,1288500.0,8000.0,12000.0,1000.0,0,0,0,0,0,0,0,0,0,0,0,0,0,0,0,0,0,0,0,0,0,0,128,2026-02-04 19:24:22.431662
ATMN,22.77,22.77,23.43,1243200.0,18000.0,1333700.0,4000.0,,,0,0,0,0,0,0,0,0,0,0,0,0,0,0,0,0,0,0,0,0,0,0,128,2026-02-04 19:24:22.431662
WNTR,26.01,25.88,25.95,1101300.0,,1240900.0,2000.0,12000.0,5000.0,0,0,0,0,0,0,0,0,0,0,0,0,0,0,0,0,0,0,0,0,0,0,128,2026-02-04 19:24:22.431662
SPNG,23.29,23.29,24.3,1484900.0,1509900.0,4500.0,10600.0,,,0,0,0,0,0,0,0,0,0,0,0,0,0,0,0,0,0,0,0,0,0,0,129,2026-02-04 19:24:23.465237
SMMR,26.94,26.94,27.15,1447000.0,1288500.0,,3000.0,12000.0,1000.0,0,0,0,0,0,0,0,0,0,0,0,0,0,0,0,0,0,0,0,0,0,0,129,2026-02-04 19:24:23.465237
ATMN,23.17,23.17,23.43,1520900.0,1333700.0,18000.0,4000.0,,,0,0,0,0,0,0,0,0,0,0,0,0,0,0,0,0,0,0,0,0,0,0,129,2026-02-04 19:24:23.465237
WNTR,25.88,25.88,25.95,1313000.0,1240900.0,,2000.0,19100.0,5000.0,0,0,0,0,0,0,0,0,0,0,0,0,0,0,0,0,0,0,0,0,0,0,129,2026-02-04 19:24:23.465237
SPNG,23.98,23.29,23.38,1599000.0,2250.0,1468700.0,6750.0,10600.0,,,0,0,0,0,0,0,0,0,0,0,0,0,0,0,0,0,0,0,0,0,0,130,2026-02-04 19:24:24.509426
SMMR,26.95,26.98,27.15,1436300.0,,1288500.0,,3000.0,12000.0,1000.0,0,0,0,0,0,0,0,0,0,0,0,0,0,0,0,0,0,0,0,0,0,130,2026-02-04 19:24:24.509426
ATMN,23.17,22.93,23.05,1501200.0,,2086600.0,4500.0,,,,0,0,0,0,0,0,0,0,0,0,0,0,0,0,0,0,0,0,0,0,0,130,2026-02-04 19:24:24.509426
WNTR,25.97,25.92,25.97,1553800.0,,1266800.0,,,23100.0,5000.0,0,0,0,0,0,0,0,0,0,0,0,0,0,0,0,0,0,0,0,0,0,130,2026-02-04 19:24:24.509426
SPNG,23.98,23.29,23.38,1946300.0,4500.0,1358600.0,11250.0,7600.0,,,0,0,0,0,0,0,0,0,0,0,0,0,0,0,0,0,0,0,0,0,0,131,2026-02-04 19:24:25.606972
SMMR,26.93,26.93,27.15,1419300.0,,1372100.0,,3000.0,12000.0,1000.0,0,0,0,0,0,0,0,0,0,0,0,0,0,0,0,0,0,0,0,0,0,131,2026-02-04 19:24:25.606972
ATMN,23.34,22.94,23.03,1604200.0,4500.0,2161100.0,,,,,0,0,0,0,0,0,0,0,0,0,0,0,0,0,0,0,0,0,0,0,0,131,2026-02-04 19:24:25.606972
WNTR,25.97,26.02,26.11,1532300.0,,1352600.0,,,25100.0,5000.0,0,0,0,0,0,0,0,0,0,0,0,0,0,0,0,0,0,0,0,0,0,131,2026-02-04 19:24:25.606972
SPNG,23.38,23.88,24.01,2309700.0,9000.0,15750.0,1120000.0,7600.0,,,0,0,0,0,0,0,0,0,0,0,0,0,0,0,0,0,0,0,0,0,0,132,2026-02-04 19:24:26.163402
SMMR,26.93,26.9,26.92,1427100.0,,,1488600.0,3000.0,12000.0,1000.0,0,0,0,0,0,0,0,0,0,0,0,0,0,0,0,0,0,0,0,0,0,132,2026-02-04 19:24:26.163402
ATMN,23.12,23.12,23.44,1747900.0,6750.0,,2058500.0,,,,0,0,0,0,0,0,0,0,0,0,0,0,0,0,0,0,0,0,0,0,0,132,2026-02-04 19:24:26.163402
WNTR,25.92,25.92,26.0,1553800.0,,,1440900.0,,23100.0,5000.0,0,0,0,0,0,0,0,0,0,0,0,0,0,0,0,0,0,0,0,0,0,132,2026-02-04 19:24:26.163402
SPNG,23.38,23.95,24.01,1699700.0,13500.0,20250.0,942200.0,7600.0,,,0,0,0,0,0,0,0,0,0,0,0,0,0,0,0,0,0,0,0,0,0,133,2026-02-04 19:24:27.214064
SMMR,26.92,27.11,27.15,1445300.0,,,1595100.0,3000.0,12000.0,1000.0,0,0,0,0,0,0,0,0,0,0,0,0,0,0,0,0,0,0,0,0,0,133,2026-02-04 19:24:27.214064
ATMN,23.12,22.98,23.05,1891300.0,11250.0,,2163500.0,,,,0,0,0,0,0,0,0,0,0,0,0,0,0,0,0,0,0,0,0,0,0,133,2026-02-04 19:24:27.214064
WNTR,25.88,25.87,25.88,1456300.0,,,1540600.0,2000.0,12000.0,5000.0,0,0,0,0,0,0,0,0,0,0,0,0,0,0,0,0,0,0,0,0,0,133,2026-02-04 19:24:27.214064
SPNG,23.88,23.88,24.08,2138700.0,9000.0,1563500.0,4500.0,10600.0,,,0,0,0,0,0,0,0,0,0,0,0,0,0,0,0,0,0,0,0,0,0,134,2026-02-04 19:24:28.318850
SMMR,27.11,27.11,27.14,1551100.0,,1695000.0,,4100.0,10000.0,1000.0,0,0,0,0,0,0,0,0,0,0,0,0,0,0,0,0,0,0,0,0,0,134,2026-02-04 19:24:28.318850
ATMN,23.44,22.98,23.07,1762300.0,13500.0,2163100.0,2250.0,,,,0,0,0,0,0,0,0,0,0,0,0,0,0,0,0,0,0,0,0,0,0,134,2026-02-04 19:24:28.318850
WNTR,25.95,25.87,25.9,1456300.0,,1464400.0,,,22000.0,5000.0,0,0,0,0,0,0,0,0,0,0,0,0,0,0,0,0,0,0,0,0,0,134,2026-02-04 19:24:28.318850
SPNG,23.88,24.01,24.08,11250.0,1919100.0,1808100.0,10600.0,,,0,0,0,0,0,0,0,0,0,0,0,0,0,0,0,0,0,0,0,0,0,0,135,2026-02-04 19:24:29.391911
SMMR,27.14,27.11,27.14,,1667300.0,1801200.0,4100.0,11000.0,,0,0,0,0,0,0,0,0,0,0,0,0,0,0,0,0,0,0,0,0,0,0,135,2026-02-04 19:24:29.391911
ATMN,23.07,23.15,23.44,13500.0,1766300.0,2058500.0,,,,0,0,0,0,0,0,0,0,0,0,0,0,0,0,0,0,0,0,0,0,0,0,135,2026-02-04 19:24:29.391911
WNTR,25.9,26.0,26.11,,1777900.0,1352600.0,,22000.0,5000.0,0,0,0,0,0,0,0,0,0,0,0,0,0,0,0,0,0,0,0,0,0,0,135,2026-02-04 19:24:29.391911
SPNG,23.47,23.6,24.07,2058200.0,9000.0,4500.0,1696400.0,7600.0,,,0,0,0,0,0,0,0,0,0,0,0,0,0,0,0,0,0,0,0,0,0,136,2026-02-04 19:24:30.440761
SMMR,27.11,27.04,27.05,1659700.0,,,1774400.0,3000.0,9000.0,1000.0,0,0,0,0,0,0,0,0,0,0,0,0,0,0,0,0,0,0,0,0,0,136,2026-02-04 19:24:30.440761
ATMN,22.96,22.98,23.44,2132800.0,6750.0,2250.0,1912100.0,,,,0,0,0,0,0,0,0,0,0,0,0,0,0,0,0,0,0,0,0,0,0,136,2026-02-04 19:24:30.440761
WNTR,26.0,26.0,26.11,1647000.0,,,1352600.0,2000.0,23100.0,5000.0,0,0,0,0,0,0,0,0,0,0,0,0,0,0,0,0,0,0,0,0,0,136,2026-02-04 19:24:30.440761
SPNG,23.7,23.7,24.07,1850800.0,11250.0,9000.0,1481800.0,7600.0,,,0,0,0,0,0,0,0,0,0,0,0,0,0,0,0,0,0,0,0,0,0,137,2026-02-04 19:24:31.479586
SMMR,27.05,27.09,27.2,1761500.0,,,1852300.0,3000.0,9000.0,,0,0,0,0,0,0,0,0,0,0,0,0,0,0,0,0,0,0,0,0,0,137,2026-02-04 19:24:31.479586
ATMN,22.95,22.97,23.44,2195100.0,6750.0,4500.0,1912100.0,,,,0,0,0,0,0,0,0,0,0,0,0,0,0,0,0,0,0,0,0,0,0,137,2026-02-04 19:24:31.479586
WNTR,26.0,25.95,25.98,1788900.0,,,1676600.0,3100.0,22000.0,5000.0,0,0,0,0,0,0,0,0,0,0,0,0,0,0,0,0,0,0,0,0,0,137,2026-02-04 19:24:31.479586
SPNG,23.69,23.69,24.08,1822300.0,11250.0,1806500.0,10600.0,,,,0,0,0,0,0,0,0,0,0,0,0,0,0,0,0,0,0,0,0,0,0,138,2026-02-04 19:24:32.536480
SMMR,26.95,26.95,27.0,1543500.0,,1851100.0,3000.0,10000.0,1000.0,,0,0,0,0,0,0,0,0,0,0,0,0,0,0,0,0,0,0,0,0,0,138,2026-02-04 19:24:32.536480
ATMN,23.38,22.96,23.38,2453200.0,,1869100.0,,,,9000.0,0,0,0,0,0,0,0,0,0,0,0,0,0,0,0,0,0,0,0,0,0,138,2026-02-04 19:24:32.536480
WNTR,26.0,25.97,25.98,1782300.0,,1773000.0,3100.0,22000.0,5000.0,,0,0,0,0,0,0,0,0,0,0,0,0,0,0,0,0,0,0,0,0,0,138,2026-02-04 19:24:32.536480
SPNG,24.09,23.89,24.08,1476600.0,18000.0,2250.0,1714300.0,10600.0,,,0,0,0,0,0,0,0,0,0,0,0,0,0,0,0,0,0,0,0,0,0,139,2026-02-04 19:24:33.592335
SMMR,27.11,27.09,27.11,1653600.0,,,1893700.0,3000.0,9000.0,1000.0,0,0,0,0,0,0,0,0,0,0,0,0,0,0,0,0,0,0,0,0,0,139,2026-02-04 19:24:33.592335
ATMN,23.41,22.96,23.41,2453200.0,,9000.0,1829900.0,,,,0,0,0,0,0,0,0,0,0,0,0,0,0,0,0,0,0,0,0,0,0,139,2026-02-04 19:24:33.592335
WNTR,25.99,25.97,25.99,1782300.0,,,1750500.0,2000.0,13100.0,5000.0,0,0,0,0,0,0,0,0,0,0,0,0,0,0,0,0,0,0,0,0,0,139,2026-02-04 19:24:33.592335
SPNG,23.6,23.6,24.08,1835300.0,11250.0,9000.0,1556500.0,7600.0,,,0,0,0,0,0,0,0,0,0,0,0,0,0,0,0,0,0,0,0,0,0,140,2026-02-04 19:24:34.632415
SMMR,27.17,27.07,27.17,1527500.0,,,1861700.0,3000.0,10000.0,1000.0,0,0,0,0,0,0,0,0,0,0,0,0,0,0,0,0,0,0,0,0,0,140,2026-02-04 19:24:34.632415
ATMN,23.18,22.96,23.18,2420800.0,,11250.0,1748500.0,,,,0,0,0,0,0,0,0,0,0,0,0,0,0,0,0,0,0,0,0,0,0,140,2026-02-04 19:24:34.632415
WNTR,26.07,26.01,26.07,1794000.0,,,1702800.0,2000.0,13100.0,5000.0,0,0,0,0,0,0,0,0,0,0,0,0,0,0,0,0,0,0,0,0,0,140,2026-02-04 19:24:34.632415
SPNG,23.6,23.61,24.08,13500.0,1736300.0,11250.0,1466600.0,7600.0,,,0,0,0,0,0,0,0,0,0,0,0,0,0,0,0,0,0,0,0,0,0,141,2026-02-04 19:24:35.190268
SMMR,27.17,27.07,27.17,,1626800.0,,1849700.0,3000.0,9000.0,1000.0,0,0,0,0,0,0,0,0,0,0,0,0,0,0,0,0,0,0,0,0,0,141,2026-02-04 19:24:35.190268
ATMN,23.41,23.42,23.44,2250.0,2394200.0,11250.0,1707600.0,,,,0,0,0,0,0,0,0,0,0,0,0,0,0,0,0,0,0,0,0,0,0,141,2026-02-04 19:24:35.190268
WNTR,26.07,26.01,26.07,,1809600.0,,1702800.0,2000.0,13100.0,5000.0,0,0,0,0,0,0,0,0,0,0,0,0,0,0,0,0,0,0,0,0,0,141,2026-02-04 19:24:35.190268
SPNG,23.6,23.79,24.08,13500.0,1736300.0,2250.0,1836600.0,7600.0,,,0,0,0,0,0,0,0,0,0,0,0,0,0,0,0,0,0,0,0,0,0,142,2026-02-04 19:24:36.229778
SMMR,27.07,27.15,27.17,,1714400.0,,1849700.0,3000.0,9000.0,,0,0,0,0,0,0,0,0,0,0,0,0,0,0,0,0,0,0,0,0,0,142,2026-02-04 19:24:36.229778
ATMN,22.96,22.96,23.43,6750.0,2188500.0,15750.0,1506400.0,,,,0,0,0,0,0,0,0,0,0,0,0,0,0,0,0,0,0,0,0,0,0,142,2026-02-04 19:24:36.229778
WNTR,26.07,26.01,26.07,,1874100.0,,1925900.0,2000.0,11100.0,5000.0,0,0,0,0,0,0,0,0,0,0,0,0,0,0,0,0,0,0,0,0,0,142,2026-02-04 19:24:36.229778
SPNG,23.58,23.58,23.95,1984800.0,9000.0,1676600.0,6750.0,7600.0,,,0,0,0,0,0,0,0,0,0,0,0,0,0,0,0,0,0,0,0,0,0,143,2026-02-04 19:24:37.282848
SMMR,27.07,27.15,27.17,1714400.0,,1839500.0,,3000.0,9000.0,,0,0,0,0,0,0,0,0,0,0,0,0,0,0,0,0,0,0,0,0,0,143,2026-02-04 19:24:37.282848
ATMN,22.96,23.28,23.43,1927600.0,11250.0,1433700.0,18000.0,,,,0,0,0,0,0,0,0,0,0,0,0,0,0,0,0,0,0,0,0,0,0,143,2026-02-04 19:24:37.282848
WNTR,26.12,25.97,26.12,1778300.0,,1720200.0,,,13100.0,5000.0,0,0,0,0,0,0,0,0,0,0,0,0,0,0,0,0,0,0,0,0,0,143,2026-02-04 19:24:37.282848
SPNG,23.58,23.58,23.94,1802800.0,13500.0,11250.0,1485300.0,7600.0,,,0,0,0,0,0,0,0,0,0,0,0,0,0,0,0,0,0,0,0,0,0,144,2026-02-04 19:24:38.363790
SMMR,27.0,27.05,27.11,1641700.0,,,1869200.0,3000.0,9000.0,1000.0,0,0,0,0,0,0,0,0,0,0,0,0,0,0,0,0,0,0,0,0,0,144,2026-02-04 19:24:38.363790
ATMN,23.45,23.15,23.44,2456200.0,2250.0,2250.0,1987400.0,,,,0,0,0,0,0,0,0,0,0,0,0,0,0,0,0,0,0,0,0,0,0,144,2026-02-04 19:24:38.363790
WNTR,26.04,25.97,26.0,1748100.0,,,1810500.0,,13100.0,5000.0,0,0,0,0,0,0,0,0,0,0,0,0,0,0,0,0,0,0,0,0,0,144,2026-02-04 19:24:38.363790
SPNG,24.34,23.84,24.34,1532700.0,18000.0,1806300.0,10600.0,,,0,0,0,0,0,0,0,0,0,0,0,0,0,0,0,0,0,0,0,0,0,0,145,2026-02-04 19:24:39.452797
SMMR,27.0,27.05,27.06,1641700.0,,1833100.0,3000.0,9000.0,1000.0,0,0,0,0,0,0,0,0,0,0,0,0,0,0,0,0,0,0,0,0,0,0,145,2026-02-04 19:24:39.452797
ATMN,22.96,23.16,23.3,2207900.0,6750.0,2281300.0,,,,0,0,0,0,0,0,0,0,0,0,0,0,0,0,0,0,0,0,0,0,0,0,145,2026-02-04 19:24:39.452797
WNTR,26.0,26.01,26.12,1879800.0,,1842500.0,,13100.0,,0,0,0,0,0,0,0,0,0,0,0,0,0,0,0,0,0,0,0,0,0,0,145,2026-02-04 19:24:39.452797
SPNG,23.47,23.47,24.24,2394600.0,2250.0,1827400.0,10600.0,,,0,0,0,0,0,0,0,0,0,0,0,0,0,0,0,0,0,0,0,0,0,0,146,2026-02-04 19:24:40.505869
SMMR,27.05,26.99,27.04,1524900.0,,1893800.0,3000.0,10000.0,1000.0,0,0,0,0,0,0,0,0,0,0,0,0,0,0,0,0,0,0,0,0,0,0,146,2026-02-04 19:24:40.505869
ATMN,23.45,23.23,23.45,1816700.0,13500.0,2244100.0,,,,0,0,0,0,0,0,0,0,0,0,0,0,0,0,0,0,0,0,0,0,0,0,146,2026-02-04 19:24:40.505869
WNTR,26.01,26.11,26.12,1838300.0,,1941000.0,,13100.0,,0,0,0,0,0,0,0,0,0,0,0,0,0,0,0,0,0,0,0,0,0,0,146,2026-02-04 19:24:40.505869
SPNG,23.47,23.91,24.12,2032500.0,9000.0,1769800.0,4500.0,7600.0,,,0,0,0,0,0,0,0,0,0,0,0,0,0,0,0,0,0,0,0,0,0,147,2026-02-04 19:24:41.558212
SMMR,27.05,27.0,27.04,1756700.0,,1865900.0,,3000.0,9000.0,,0,0,0,0,0,0,0,0,0,0,0,0,0,0,0,0,0,0,0,0,0,147,2026-02-04 19:24:41.558212
ATMN,23.22,23.22,23.45,2110700.0,9000.0,2293200.0,,,,,0,0,0,0,0,0,0,0,0,0,0,0,0,0,0,0,0,0,0,0,0,147,2026-02-04 19:24:41.558212
WNTR,25.97,25.97,26.12,1756400.0,,2078800.0,,,13100.0,5000.0,0,0,0,0,0,0,0,0,0,0,0,0,0,0,0,0,0,0,0,0,0,147,2026-02-04 19:24:41.558212
SPNG,23.58,23.84,24.11,2524400.0,6750.0,1668400.0,7600.0,,,,0,0,0,0,0,0,0,0,0,0,0,0,0,0,0,0,0,0,0,0,0,148,2026-02-04 19:24:42.597699
SMMR,27.05,27.0,27.04,1790200.0,,1854800.0,3000.0,9000.0,,,0,0,0,0,0,0,0,0,0,0,0,0,0,0,0,0,0,0,0,0,0,148,2026-02-04 19:24:42.597699
ATMN,22.95,23.19,23.45,2454900.0,2250.0,2204300.0,,,2250.0,,0,0,0,0,0,0,0,0,0,0,0,0,0,0,0,0,0,0,0,0,0,148,2026-02-04 19:24:42.597699
WNTR,26.15,25.97,26.15,1756400.0,,2064800.0,,13100.0,,5000.0,0,0,0,0,0,0,0,0,0,0,0,0,0,0,0,0,0,0,0,0,0,148,2026-02-04 19:24:42.597699
SPNG,23.84,23.34,23.72,2535200.0,1839700.0,11250.0,,,,0,0,0,0,0,0,0,0,0,0,0,0,0,0,0,0,0,0,0,0,0,0,149,2026-02-04 19:24:43.246862
SMMR,27.0,27.0,27.03,1790200.0,1862700.0,,9000.0,3000.0,,0,0,0,0,0,0,0,0,0,0,0,0,0,0,0,0,0,0,0,0,0,0,149,2026-02-04 19:24:43.246862
ATMN,22.95,23.19,23.45,2576200.0,2141500.0,4500.0,,,,0,0,0,0,0,0,0,0,0,0,0,0,0,0,0,0,0,0,0,0,0,0,149,2026-02-04 19:24:43.246862
WNTR,25.97,25.97,26.15,1756400.0,2093300.0,,13100.0,,5000.0,0,0,0,0,0,0,0,0,0,0,0,0,0,0,0,0,0,0,0,0,0,0,149,2026-02-04 19:24:43.246862
SPNG,24.12,23.52,24.12,2525300.0,1769800.0,4500.0,7600.0,,0,0,0,0,0,0,0,0,0,0,0,0,0,0,0,0,0,0,0,0,0,0,0,150,2026-02-04 19:24:44.330539
SMMR,26.99,26.99,27.03,1794500.0,1871700.0,,3000.0,9000.0,0,0,0,0,0,0,0,0,0,0,0,0,0,0,0,0,0,0,0,0,0,0,0,150,2026-02-04 19:24:44.330539
ATMN,23.45,23.45,23.47,2598400.0,1700400.0,13500.0,,,0,0,0,0,0,0,0,0,0,0,0,0,0,0,0,0,0,0,0,0,0,0,0,150,2026-02-04 19:24:44.330539
WNTR,25.97,25.97,26.02,1815400.0,2094600.0,,,13100.0,0,0,0,0,0,0,0,0,0,0,0,0,0,0,0,0,0,0,0,0,0,0,0,150,2026-02-04 19:24:44.330539
SPNG,24.12,23.53,23.81,6750.0,2160900.0,9000.0,1704700.0,4600.0,,,0,0,0,0,0,0,0,0,0,0,0,0,0,0,0,0,0,0,0,0,0,151,2026-02-04 19:24:45.392049
SMMR,27.03,26.97,27.03,,1828100.0,,1780300.0,4100.0,9000.0,,0,0,0,0,0,0,0,0,0,0,0,0,0,0,0,0,0,0,0,0,0,151,2026-02-04 19:24:45.392049
ATMN,23.45,22.95,23.2,,2583900.0,18000.0,1475600.0,,,,0,0,0,0,0,0,0,0,0,0,0,0,0,0,0,0,0,0,0,0,0,151,2026-02-04 19:24:45.392049
WNTR,26.02,25.97,26.02,,1930900.0,,2017300.0,2000.0,10000.0,5000.0,0,0,0,0,0,0,0,0,0,0,0,0,0,0,0,0,0,0,0,0,0,151,2026-02-04 19:24:45.392049
SPNG,24.19,23.72,23.91,2064500.0,9000.0,1537600.0,9000.0,7600.0,,,0,0,0,0,0,0,0,0,0,0,0,0,0,0,0,0,0,0,0,0,0,152,2026-02-04 19:24:46.533858
SMMR,26.92,26.92,27.03,1793500.0,,1921100.0,,1100.0,9000.0,,0,0,0,0,0,0,0,0,0,0,0,0,0,0,0,0,0,0,0,0,0,152,2026-02-04 19:24:46.533858
ATMN,23.45,23.1,23.19,2560300.0,,1385800.0,20250.0,,,,0,0,0,0,0,0,0,0,0,0,0,0,0,0,0,0,0,0,0,0,0,152,2026-02-04 19:24:46.533858
WNTR,25.94,25.94,26.02,1841200.0,,2017300.0,,2000.0,12000.0,5000.0,0,0,0,0,0,0,0,0,0,0,0,0,0,0,0,0,0,0,0,0,0,152,2026-02-04 19:24:46.533858
SPNG,24.24,23.73,24.24,13500.0,1793400.0,1932400.0,7600.0,,,,0,0,0,0,0,0,0,0,0,0,0,0,0,0,0,0,0,0,0,0,0,153,2026-02-04 19:24:47.583538
SMMR,27.04,27.04,27.05,,1786600.0,1867500.0,3000.0,9000.0,,,0,0,0,0,0,0,0,0,0,0,0,0,0,0,0,0,0,0,0,0,0,153,2026-02-04 19:24:47.583538
ATMN,23.1,23.1,23.19,,2560300.0,1506700.0,,,18000.0,,0,0,0,0,0,0,0,0,0,0,0,0,0,0,0,0,0,0,0,0,0,153,2026-02-04 19:24:47.583538
WNTR,26.07,26.13,26.15,,1860400.0,2093300.0,,13100.0,,5000.0,0,0,0,0,0,0,0,0,0,0,0,0,0,0,0,0,0,0,0,0,0,153,2026-02-04 19:24:47.583538
SPNG,23.72,23.73,24.24,15750.0,1664800.0,2010700.0,7600.0,,,,0,0,0,0,0,0,0,0,0,0,0,0,0,0,0,0,0,0,0,0,0,154,2026-02-04 19:24:48.631833
SMMR,27.05,26.9,26.96,,1773200.0,1852000.0,3000.0,9000.0,,,0,0,0,0,0,0,0,0,0,0,0,0,0,0,0,0,0,0,0,0,0,154,2026-02-04 19:24:48.631833
ATMN,23.2,23.11,23.19,,2583600.0,1964400.0,,,9000.0,,0,0,0,0,0,0,0,0,0,0,0,0,0,0,0,0,0,0,0,0,0,154,2026-02-04 19:24:48.631833
WNTR,26.07,26.13,26.15,,1856000.0,2093100.0,,13100.0,,5000.0,0,0,0,0,0,0,0,0,0,0,0,0,0,0,0,0,0,0,0,0,0,154,2026-02-04 19:24:48.631833
SPNG,23.72,23.7,23.71,18000.0,1519000.0,2094600.0,7600.0,,,,0,0,0,0,0,0,0,0,0,0,0,0,0,0,0,0,0,0,0,0,0,155,2026-02-04 19:24:49.676372
SMMR,27.05,26.89,27.0,,1683700.0,1867400.0,3000.0,9000.0,1000.0,,0,0,0,0,0,0,0,0,0,0,0,0,0,0,0,0,0,0,0,0,0,155,2026-02-04 19:24:49.676372
ATMN,23.38,23.12,23.28,6750.0,2236600.0,1945400.0,,,,9000.0,0,0,0,0,0,0,0,0,0,0,0,0,0,0,0,0,0,0,0,0,0,155,2026-02-04 19:24:49.676372
WNTR,26.16,26.13,26.16,,1963000.0,2086900.0,,13100.0,,,0,0,0,0,0,0,0,0,0,0,0,0,0,0,0,0,0,0,0,0,0,155,2026-02-04 19:24:49.676372
SPNG,23.75,23.78,23.8,24750.0,1131600.0,2026100.0,7600.0,,,0,0,0,0,0,0,0,0,0,0,0,0,0,0,0,0,0,0,0,0,0,0,156,2026-02-04 19:24:50.712788
SMMR,27.0,27.03,27.05,,1835600.0,1841600.0,3000.0,9000.0,,0,0,0,0,0,0,0,0,0,0,0,0,0,0,0,0,0,0,0,0,0,0,156,2026-02-04 19:24:50.712788
ATMN,23.39,23.12,23.39,4500.0,2382500.0,2072900.0,,,6750.0,0,0,0,0,0,0,0,0,0,0,0,0,0,0,0,0,0,0,0,0,0,0,156,2026-02-04 19:24:50.712788
WNTR,26.06,26.08,26.16,,1937200.0,2105600.0,,13100.0,,0,0,0,0,0,0,0,0,0,0,0,0,0,0,0,0,0,0,0,0,0,0,156,2026-02-04 19:24:50.712788
SPNG,23.8,23.78,23.8,27000.0,996000.0,2026100.0,7600.0,,,0,0,0,0,0,0,0,0,0,0,0,0,0,0,0,0,0,0,0,0,0,0,157,2026-02-04 19:24:51.257087
SMMR,27.0,27.03,27.05,,1835600.0,1841600.0,3000.0,9000.0,,0,0,0,0,0,0,0,0,0,0,0,0,0,0,0,0,0,0,0,0,0,0,157,2026-02-04 19:24:51.257087
ATMN,23.39,22.96,23.39,2250.0,2482400.0,2093700.0,,,6750.0,0,0,0,0,0,0,0,0,0,0,0,0,0,0,0,0,0,0,0,0,0,0,157,2026-02-04 19:24:51.257087
WNTR,26.19,26.08,26.19,,1937200.0,2080200.0,,13100.0,,0,0,0,0,0,0,0,0,0,0,0,0,0,0,0,0,0,0,0,0,0,0,157,2026-02-04 19:24:51.257087
SPNG,23.8,24.04,24.22,943800.0,27000.0,2066800.0,7600.0,,,0,0,0,0,0,0,0,0,0,0,0,0,0,0,0,0,0,0,0,0,0,0,158,2026-02-04 19:24:52.292596
SMMR,27.06,27.03,27.06,1838700.0,,1870500.0,3000.0,9000.0,,0,0,0,0,0,0,0,0,0,0,0,0,0,0,0,0,0,0,0,0,0,0,158,2026-02-04 19:24:52.292596
ATMN,22.94,23.08,23.38,2487700.0,2250.0,1960200.0,,,9000.0,0,0,0,0,0,0,0,0,0,0,0,0,0,0,0,0,0,0,0,0,0,0,158,2026-02-04 19:24:52.292596
WNTR,26.08,26.07,26.08,1951800.0,,2122700.0,,13100.0,,0,0,0,0,0,0,0,0,0,0,0,0,0,0,0,0,0,0,0,0,0,0,158,2026-02-04 19:24:52.292596
SPNG,23.77,23.78,24.22,20250.0,1364900.0,2311700.0,3000.0,,,0,0,0,0,0,0,0,0,0,0,0,0,0,0,0,0,0,0,0,0,0,0,159,2026-02-04 19:24:53.323315
SMMR,27.03,26.98,27.0,,1810400.0,1853500.0,3000.0,9000.0,,0,0,0,0,0,0,0,0,0,0,0,0,0,0,0,0,0,0,0,0,0,0,159,2026-02-04 19:24:53.323315
ATMN,23.39,23.34,23.39,4500.0,2341600.0,1960200.0,,,9000.0,0,0,0,0,0,0,0,0,0,0,0,0,0,0,0,0,0,0,0,0,0,0,159,2026-02-04 19:24:53.323315
WNTR,26.05,26.05,26.08,,1933900.0,2122700.0,,13100.0,,0,0,0,0,0,0,0,0,0,0,0,0,0,0,0,0,0,0,0,0,0,0,159,2026-02-04 19:24:53.323315
SPNG,23.77,23.78,24.07,18000.0,1471200.0,4500.0,2197600.0,,0,0,0,0,0,0,0,0,0,0,0,0,0,0,0,0,0,0,0,0,0,0,0,160,2026-02-04 19:24:54.354394
SMMR,26.98,26.98,27.0,,1810400.0,,1954600.0,9000.0,0,0,0,0,0,0,0,0,0,0,0,0,0,0,0,0,0,0,0,0,0,0,0,160,2026-02-04 19:24:54.354394
ATMN,23.2,23.2,23.21,6750.0,2200500.0,11250.0,1873100.0,,0,0,0,0,0,0,0,0,0,0,0,0,0,0,0,0,0,0,0,0,0,0,0,160,2026-02-04 19:24:54.354394
WNTR,26.04,26.04,26.08,,1906200.0,,2122700.0,13100.0,0,0,0,0,0,0,0,0,0,0,0,0,0,0,0,0,0,0,0,0,0,0,0,160,2026-02-04 19:24:54.354394
SPNG,23.77,23.52,23.77,2505900.0,2116000.0,6750.0,,,0,0,0,0,0,0,0,0,0,0,0,0,0,0,0,0,0,0,0,0,0,0,0,161,2026-02-04 19:24:55.404818
SMMR,26.91,26.91,27.0,1768800.0,1954600.0,,9000.0,,0,0,0,0,0,0,0,0,0,0,0,0,0,0,0,0,0,0,0,0,0,0,0,161,2026-02-04 19:24:55.404818
ATMN,23.21,23.23,23.39,2032200.0,1733600.0,13500.0,,9000.0,0,0,0,0,0,0,0,0,0,0,0,0,0,0,0,0,0,0,0,0,0,0,0,161,2026-02-04 19:24:55.404818
WNTR,26.15,26.04,26.11,1906800.0,2133700.0,,13100.0,,0,0,0,0,0,0,0,0,0,0,0,0,0,0,0,0,0,0,0,0,0,0,0,161,2026-02-04 19:24:55.404818
SPNG,24.08,24.02,24.07,2518800.0,4500.0,2219000.0,,,,0,0,0,0,0,0,0,0,0,0,0,0,0,0,0,0,0,0,0,0,0,0,162,2026-02-04 19:24:56.493519
SMMR,27.06,26.91,27.06,1778000.0,,1835900.0,9000.0,3000.0,,0,0,0,0,0,0,0,0,0,0,0,0,0,0,0,0,0,0,0,0,0,0,162,2026-02-04 19:24:56.493519
ATMN,23.2,23.08,23.18,2198600.0,2250.0,2307300.0,,,6750.0,0,0,0,0,0,0,0,0,0,0,0,0,0,0,0,0,0,0,0,0,0,0,162,2026-02-04 19:24:56.493519
WNTR,26.15,26.05,26.15,1907500.0,,2112300.0,13100.0,,,0,0,0,0,0,0,0,0,0,0,0,0,0,0,0,0,0,0,0,0,0,0,162,2026-02-04 19:24:56.493519
SPNG,24.02,23.65,23.73,2499500.0,1997300.0,9000.0,,,,0,0,0,0,0,0,0,0,0,0,0,0,0,0,0,0,0,0,0,0,0,0,163,2026-02-04 19:24:57.589479
SMMR,26.89,26.98,27.08,1778900.0,1811700.0,,9000.0,3000.0,,0,0,0,0,0,0,0,0,0,0,0,0,0,0,0,0,0,0,0,0,0,0,163,2026-02-04 19:24:57.589479
ATMN,23.49,23.09,23.49,1771600.0,2403500.0,,,,13500.0,0,0,0,0,0,0,0,0,0,0,0,0,0,0,0,0,0,0,0,0,0,0,163,2026-02-04 19:24:57.589479
WNTR,26.04,26.09,26.15,1904600.0,2112300.0,,13100.0,,,0,0,0,0,0,0,0,0,0,0,0,0,0,0,0,0,0,0,0,0,0,0,163,2026-02-04 19:24:57.589479
SPNG,23.52,23.52,23.87,2505900.0,6750.0,2087900.0,,,,0,0,0,0,0,0,0,0,0,0,0,0,0,0,0,0,0,0,0,0,0,0,164,2026-02-04 19:24:58.645076
SMMR,27.06,26.98,27.06,1805600.0,,1829800.0,9000.0,3000.0,,0,0,0,0,0,0,0,0,0,0,0,0,0,0,0,0,0,0,0,0,0,0,164,2026-02-04 19:24:58.645076
ATMN,23.49,23.09,23.17,1608100.0,,2379000.0,,,15750.0,0,0,0,0,0,0,0,0,0,0,0,0,0,0,0,0,0,0,0,0,0,0,164,2026-02-04 19:24:58.645076
WNTR,26.04,26.09,26.15,1932200.0,,2112100.0,13100.0,,,0,0,0,0,0,0,0,0,0,0,0,0,0,0,0,0,0,0,0,0,0,0,164,2026-02-04 19:24:58.645076
SPNG,23.52,23.52,24.08,2296200.0,4500.0,2210600.0,4500.0,,,0,0,0,0,0,0,0,0,0,0,0,0,0,0,0,0,0,0,0,0,0,0,165,2026-02-04 19:24:59.684364
SMMR,27.06,26.98,27.06,1804400.0,,1858900.0,,9000.0,3000.0,0,0,0,0,0,0,0,0,0,0,0,0,0,0,0,0,0,0,0,0,0,0,165,2026-02-04 19:24:59.684364
ATMN,23.06,23.06,23.49,2302800.0,4500.0,2395200.0,,,,0,0,0,0,0,0,0,0,0,0,0,0,0,0,0,0,0,0,0,0,0,0,165,2026-02-04 19:24:59.684364
WNTR,26.2,26.07,26.2,1906800.0,,2084300.0,,13100.0,,0,0,0,0,0,0,0,0,0,0,0,0,0,0,0,0,0,0,0,0,0,0,165,2026-02-04 19:24:59.684364
SPNG,23.87,23.94,24.08,9000.0,2050600.0,1963800.0,9000.0,,0,0,0,0,0,0,0,0,0,0,0,0,0,0,0,0,0,0,0,0,0,0,0,166,2026-02-04 19:25:00.732802
SMMR,27.06,26.98,27.06,,1804400.0,2037400.0,,9000.0,0,0,0,0,0,0,0,0,0,0,0,0,0,0,0,0,0,0,0,0,0,0,0,166,2026-02-04 19:25:00.732802
ATMN,23.29,23.06,23.22,11250.0,1906600.0,2284700.0,2250.0,,0,0,0,0,0,0,0,0,0,0,0,0,0,0,0,0,0,0,0,0,0,0,0,166,2026-02-04 19:25:00.732802
WNTR,26.21,26.04,26.21,,1906200.0,2112400.0,,13100.0,0,0,0,0,0,0,0,0,0,0,0,0,0,0,0,0,0,0,0,0,0,0,0,166,2026-02-04 19:25:00.732802
SPNG,23.93,23.93,24.08,2168600.0,6750.0,1862200.0,11250.0,,0,0,0,0,0,0,0,0,0,0,0,0,0,0,0,0,0,0,0,0,0,0,0,167,2026-02-04 19:25:01.289739
SMMR,27.06,26.98,27.04,1804400.0,,2057000.0,,9000.0,0,0,0,0,0,0,0,0,0,0,0,0,0,0,0,0,0,0,0,0,0,0,0,167,2026-02-04 19:25:01.289739
ATMN,23.22,23.24,23.48,1877700.0,11250.0,2145400.0,4500.0,,0,0,0,0,0,0,0,0,0,0,0,0,0,0,0,0,0,0,0,0,0,0,0,167,2026-02-04 19:25:01.289739
WNTR,26.22,26.04,26.22,1906200.0,,2104800.0,,13100.0,0,0,0,0,0,0,0,0,0,0,0,0,0,0,0,0,0,0,0,0,0,0,0,167,2026-02-04 19:25:01.289739
SPNG,23.9,23.9,23.96,1920800.0,11250.0,1866000.0,11250.0,,0,0,0,0,0,0,0,0,0,0,0,0,0,0,0,0,0,0,0,0,0,0,0,168,2026-02-04 19:25:02.329786
SMMR,27.04,27.05,27.06,1784800.0,,2036000.0,,9000.0,0,0,0,0,0,0,0,0,0,0,0,0,0,0,0,0,0,0,0,0,0,0,0,168,2026-02-04 19:25:02.329786
ATMN,22.98,22.98,23.48,2309200.0,4500.0,1897200.0,9000.0,,0,0,0,0,0,0,0,0,0,0,0,0,0,0,0,0,0,0,0,0,0,0,0,168,2026-02-04 19:25:02.329786
WNTR,26.22,26.05,26.22,1896800.0,,2104800.0,,13100.0,0,0,0,0,0,0,0,0,0,0,0,0,0,0,0,0,0,0,0,0,0,0,0,168,2026-02-04 19:25:02.329786
SPNG,23.42,23.42,23.95,2533100.0,18000.0,1522300.0,,0,0,0,0,0,0,0,0,0,0,0,0,0,0,0,0,0,0,0,0,0,0,0,0,169,2026-02-04 19:25:03.373544
SMMR,27.05,26.98,27.03,1804400.0,,2068900.0,9000.0,0,0,0,0,0,0,0,0,0,0,0,0,0,0,0,0,0,0,0,0,0,0,0,0,169,2026-02-04 19:25:03.373544
ATMN,23.07,22.98,23.07,2561700.0,13500.0,1716600.0,,0,0,0,0,0,0,0,0,0,0,0,0,0,0,0,0,0,0,0,0,0,0,0,0,169,2026-02-04 19:25:03.373544
WNTR,25.94,25.94,26.04,1893400.0,,2134000.0,13100.0,0,0,0,0,0,0,0,0,0,0,0,0,0,0,0,0,0,0,0,0,0,0,0,0,169,2026-02-04 19:25:03.373544
SPNG,23.42,23.42,23.95,2417600.0,2250.0,15750.0,1649400.0,,0,0,0,0,0,0,0,0,0,0,0,0,0,0,0,0,0,0,0,0,0,0,0,170,2026-02-04 19:25:04.419702
SMMR,27.07,26.98,27.04,1804400.0,,,2023300.0,9000.0,0,0,0,0,0,0,0,0,0,0,0,0,0,0,0,0,0,0,0,0,0,0,0,170,2026-02-04 19:25:04.419702
ATMN,23.49,23.0,23.4,2567700.0,,4500.0,2146300.0,,0,0,0,0,0,0,0,0,0,0,0,0,0,0,0,0,0,0,0,0,0,0,0,170,2026-02-04 19:25:04.419702
WNTR,26.04,26.08,26.15,1879900.0,,,2116300.0,13100.0,0,0,0,0,0,0,0,0,0,0,0,0,0,0,0,0,0,0,0,0,0,0,0,170,2026-02-04 19:25:04.419702
SPNG,23.96,23.68,23.95,2194700.0,6750.0,13500.0,1793700.0,,0,0,0,0,0,0,0,0,0,0,0,0,0,0,0,0,0,0,0,0,0,0,0,171,2026-02-04 19:25:05.486141
SMMR,27.07,27.07,27.08,1785900.0,,,2015500.0,9000.0,0,0,0,0,0,0,0,0,0,0,0,0,0,0,0,0,0,0,0,0,0,0,0,171,2026-02-04 19:25:05.486141
ATMN,23.06,23.19,23.39,2311300.0,4500.0,9000.0,1898100.0,,0,0,0,0,0,0,0,0,0,0,0,0,0,0,0,0,0,0,0,0,0,0,0,171,2026-02-04 19:25:05.486141
WNTR,26.15,26.06,26.15,1906800.0,,,2116300.0,13100.0,0,0,0,0,0,0,0,0,0,0,0,0,0,0,0,0,0,0,0,0,0,0,0,171,2026-02-04 19:25:05.486141
SPNG,23.96,23.72,23.95,9000.0,2074900.0,18000.0,1510600.0,,0,0,0,0,0,0,0,0,0,0,0,0,0,0,0,0,0,0,0,0,0,0,0,172,2026-02-04 19:25:06.574
SMMR,27.09,27.07,27.09,,1785900.0,,2020900.0,9000.0,0,0,0,0,0,0,0,0,0,0,0,0,0,0,0,0,0,0,0,0,0,0,0,172,2026-02-04 19:25:06.574
ATMN,23.0,23.3,23.39,2250.0,2430400.0,13500.0,1685500.0,,0,0,0,0,0,0,0,0,0,0,0,0,0,0,0,0,0,0,0,0,0,0,0,172,2026-02-04 19:25:06.574
WNTR,26.02,26.02,26.15,,1894800.0,,2116300.0,13100.0,0,0,0,0,0,0,0,0,0,0,0,0,0,0,0,0,0,0,0,0,0,0,0,172,2026-02-04 19:25:06.574
SPNG,23.68,23.76,23.95,2026300.0,9000.0,22500.0,1284900.0,,0,0,0,0,0,0,0,0,0,0,0,0,0,0,0,0,0,0,0,0,0,0,0,173,2026-02-04 19:25:07.665388
SMMR,27.07,26.98,27.07,2001900.0,,,2033600.0,3000.0,0,0,0,0,0,0,0,0,0,0,0,0,0,0,0,0,0,0,0,0,0,0,0,173,2026-02-04 19:25:07.665388
ATMN,23.5,23.38,23.5,2532700.0,,,2389200.0,,0,0,0,0,0,0,0,0,0,0,0,0,0,0,0,0,0,0,0,0,0,0,0,173,2026-02-04 19:25:07.665388
WNTR,26.22,26.14,26.22,1999500.0,,,2106400.0,10000.0,0,0,0,0,0,0,0,0,0,0,0,0,0,0,0,0,0,0,0,0,0,0,0,173,2026-02-04 19:25:07.665388
SPNG,23.68,23.68,24.21,2037200.0,9000.0,2250.0,2350900.0,,0,0,0,0,0,0,0,0,0,0,0,0,0,0,0,0,0,0,0,0,0,0,0,174,2026-02-04 19:25:08.765668
SMMR,27.07,26.98,27.0,2001900.0,,,2060600.0,3000.0,0,0,0,0,0,0,0,0,0,0,0,0,0,0,0,0,0,0,0,0,0,0,0,174,2026-02-04 19:25:08.765668
ATMN,23.3,23.39,23.5,2430400.0,2250.0,,2375300.0,,0,0,0,0,0,0,0,0,0,0,0,0,0,0,0,0,0,0,0,0,0,0,0,174,2026-02-04 19:25:08.765668
WNTR,25.93,25.93,26.06,2005400.0,,,2110400.0,10000.0,0,0,0,0,0,0,0,0,0,0,0,0,0,0,0,0,0,0,0,0,0,0,0,174,2026-02-04 19:25:08.765668
SPNG,23.4,23.54,24.22,2522900.0,2479200.0,,,,0,0,0,0,0,0,0,0,0,0,0,0,0,0,0,0,0,0,0,0,0,0,0,175,2026-02-04 19:25:09.815594
SMMR,27.0,26.98,27.0,2003900.0,2083900.0,3000.0,,,0,0,0,0,0,0,0,0,0,0,0,0,0,0,0,0,0,0,0,0,0,0,0,175,2026-02-04 19:25:09.815594
ATMN,23.0,23.06,23.49,2302800.0,2128800.0,,4500.0,4500.0,0,0,0,0,0,0,0,0,0,0,0,0,0,0,0,0,0,0,0,0,0,0,0,175,2026-02-04 19:25:09.815594
WNTR,26.06,26.09,26.16,1982100.0,2129900.0,10000.0,,,0,0,0,0,0,0,0,0,0,0,0,0,0,0,0,0,0,0,0,0,0,0,0,175,2026-02-04 19:25:09.815594
SPNG,23.4,24.0,24.11,4500.0,2292200.0,2321700.0,2250.0,,0,0,0,0,0,0,0,0,0,0,0,0,0,0,0,0,0,0,0,0,0,0,0,176,2026-02-04 19:25:10.377158
SMMR,27.09,26.98,27.09,,2003900.0,2019300.0,,3000.0,0,0,0,0,0,0,0,0,0,0,0,0,0,0,0,0,0,0,0,0,0,0,0,176,2026-02-04 19:25:10.377158
ATMN,23.0,23.07,23.25,6750.0,2159000.0,2010700.0,6750.0,,0,0,0,0,0,0,0,0,0,0,0,0,0,0,0,0,0,0,0,0,0,0,0,176,2026-02-04 19:25:10.377158
WNTR,25.93,25.93,25.96,,2006300.0,2111300.0,,10000.0,0,0,0,0,0,0,0,0,0,0,0,0,0,0,0,0,0,0,0,0,0,0,0,176,2026-02-04 19:25:10.377158
SPNG,23.99,23.99,24.1,2397900.0,2250.0,6750.0,2119900.0,,0,0,0,0,0,0,0,0,0,0,0,0,0,0,0,0,0,0,0,0,0,0,0,177,2026-02-04 19:25:11.420641
SMMR,26.92,26.92,27.01,2004500.0,,,2061200.0,3000.0,0,0,0,0,0,0,0,0,0,0,0,0,0,0,0,0,0,0,0,0,0,0,0,177,2026-02-04 19:25:11.420641
ATMN,23.06,23.42,23.48,2159000.0,6750.0,9000.0,1880600.0,,0,0,0,0,0,0,0,0,0,0,0,0,0,0,0,0,0,0,0,0,0,0,0,177,2026-02-04 19:25:11.420641
WNTR,25.96,25.94,25.96,2015800.0,,,2111300.0,10000.0,0,0,0,0,0,0,0,0,0,0,0,0,0,0,0,0,0,0,0,0,0,0,0,177,2026-02-04 19:25:11.420641
SPNG,23.77,23.98,24.11,2549200.0,2441400.0,,0,0,0,0,0,0,0,0,0,0,0,0,0,0,0,0,0,0,0,0,0,0,0,0,0,178,2026-02-04 19:25:12.464444
SMMR,26.89,26.89,26.98,1866900.0,2058200.0,6000.0,0,0,0,0,0,0,0,0,0,0,0,0,0,0,0,0,0,0,0,0,0,0,0,0,0,178,2026-02-04 19:25:12.464444
ATMN,23.49,23.06,23.49,2567400.0,2353400.0,,0,0,0,0,0,0,0,0,0,0,0,0,0,0,0,0,0,0,0,0,0,0,0,0,0,178,2026-02-04 19:25:12.464444
WNTR,25.96,26.11,26.16,2058400.0,2129900.0,10000.0,0,0,0,0,0,0,0,0,0,0,0,0,0,0,0,0,0,0,0,0,0,0,0,0,0,178,2026-02-04 19:25:12.464444
SPNG,23.9,23.54,23.67,2543300.0,2471300.0,,0,0,0,0,0,0,0,0,0,0,0,0,0,0,0,0,0,0,0,0,0,0,0,0,0,179,2026-02-04 19:25:13.500383
SMMR,26.98,26.89,26.98,1866900.0,2073500.0,6000.0,0,0,0,0,0,0,0,0,0,0,0,0,0,0,0,0,0,0,0,0,0,0,0,0,0,179,2026-02-04 19:25:13.500383
ATMN,22.98,22.98,23.49,2558100.0,2353400.0,,0,0,0,0,0,0,0,0,0,0,0,0,0,0,0,0,0,0,0,0,0,0,0,0,0,179,2026-02-04 19:25:13.500383
WNTR,26.16,26.11,26.16,2058400.0,2134500.0,10000.0,0,0,0,0,0,0,0,0,0,0,0,0,0,0,0,0,0,0,0,0,0,0,0,0,0,179,2026-02-04 19:25:13.500383
SPNG,25.52,25.52,26.52,1000600.0,13600.0,773500.0,,,0,0,0,0,0,0,0,0,0,0,0,0,0,0,0,0,0,0,0,0,0,0,0,180,2026-02-04 19:25:14.550979
SMMR,26.23,26.11,26.12,884400.0,6000.0,831500.0,13000.0,,0,0,0,0,0,0,0,0,0,0,0,0,0,0,0,0,0,0,0,0,0,0,0,180,2026-02-04 19:25:14.550979
ATMN,24.98,24.98,25.29,1086600.0,,758200.0,,,0,0,0,0,0,0,0,0,0,0,0,0,0,0,0,0,0,0,0,0,0,0,0,180,2026-02-04 19:25:14.550979
WNTR,26.21,25.88,26.87,832100.0,,742000.0,22000.0,5000.0,0,0,0,0,0,0,0,0,0,0,0,0,0,0,0,0,0,0,0,0,0,0,0,180,2026-02-04 19:25:14.550979
SPNG,25.52,25.54,25.6,1000.0,1000600.0,1073600.0,1000.0,13600.0,,0,0,0,0,0,0,0,0,0,0,0,0,0,0,0,0,0,0,0,0,0,0,181,2026-02-04 19:25:15.606426
SMMR,26.1,24.97,25.41,,884400.0,1143400.0,1000.0,9000.0,10000.0,0,0,0,0,0,0,0,0,0,0,0,0,0,0,0,0,0,0,0,0,0,0,181,2026-02-04 19:25:15.606426
ATMN,24.98,23.33,24.96,,1556900.0,862100.0,,,,0,0,0,0,0,0,0,0,0,0,0,0,0,0,0,0,0,0,0,0,0,0,181,2026-02-04 19:25:15.606426
WNTR,25.88,25.88,26.11,5000.0,832100.0,943100.0,,3000.0,22000.0,0,0,0,0,0,0,0,0,0,0,0,0,0,0,0,0,0,0,0,0,0,0,181,2026-02-04 19:25:15.606426
SPNG,26.01,25.54,26.01,1000.0,1000600.0,1171200.0,1000.0,13600.0,,0,0,0,0,0,0,0,0,0,0,0,0,0,0,0,0,0,0,0,0,0,0,182,2026-02-04 19:25:16.694840
SMMR,24.97,24.97,25.03,,901100.0,1441000.0,1000.0,12000.0,10000.0,0,0,0,0,0,0,0,0,0,0,0,0,0,0,0,0,0,0,0,0,0,0,182,2026-02-04 19:25:16.694840
ATMN,25.29,24.12,25.29,,1795700.0,876200.0,,,,0,0,0,0,0,0,0,0,0,0,0,0,0,0,0,0,0,0,0,0,0,0,182,2026-02-04 19:25:16.694840
WNTR,25.85,25.85,25.93,5000.0,844000.0,1156300.0,,6000.0,12000.0,0,0,0,0,0,0,0,0,0,0,0,0,0,0,0,0,0,0,0,0,0,0,182,2026-02-04 19:25:16.694840
SPNG,25.37,25.38,25.72,2000.0,1074300.0,1291600.0,16600.0,1000.0,,0,0,0,0,0,0,0,0,0,0,0,0,0,0,0,0,0,0,0,0,0,0,183,2026-02-04 19:25:17.767826
SMMR,25.03,25.05,25.07,,1223900.0,1450000.0,9000.0,1000.0,10000.0,0,0,0,0,0,0,0,0,0,0,0,0,0,0,0,0,0,0,0,0,0,0,183,2026-02-04 19:25:17.767826
ATMN,25.29,24.85,24.96,,2159000.0,876200.0,3000.0,,,0,0,0,0,0,0,0,0,0,0,0,0,0,0,0,0,0,0,0,0,0,0,183,2026-02-04 19:25:17.767826
WNTR,25.18,25.18,25.77,,861800.0,1251900.0,13900.0,,12000.0,0,0,0,0,0,0,0,0,0,0,0,0,0,0,0,0,0,0,0,0,0,0,183,2026-02-04 19:25:17.767826
SPNG,25.37,25.38,25.47,2000.0,1074300.0,4500.0,1087100.0,5000.0,4500.0,13600.0,,0,0,0,0,0,0,0,0,0,0,0,0,0,0,0,0,0,0,0,0,184,2026-02-04 19:25:18.828661
SMMR,24.84,24.98,25.07,,1007600.0,,1450000.0,5000.0,,9000.0,10000.0,0,0,0,0,0,0,0,0,0,0,0,0,0,0,0,0,0,0,0,0,184,2026-02-04 19:25:18.828661
ATMN,25.29,24.9,24.96,2000.0,2287900.0,4500.0,876200.0,,2250.0,3000.0,,0,0,0,0,0,0,0,0,0,0,0,0,0,0,0,0,0,0,0,0,184,2026-02-04 19:25:18.828661
WNTR,25.14,25.14,25.3,,868100.0,,1459200.0,,,13900.0,12000.0,0,0,0,0,0,0,0,0,0,0,0,0,0,0,0,0,0,0,0,0,184,2026-02-04 19:25:18.828661
SPNG,25.56,25.38,25.56,2000.0,1169600.0,9000.0,1085400.0,5000.0,4500.0,13600.0,,0,0,0,0,0,0,0,0,0,0,0,0,0,0,0,0,0,0,0,0,185,2026-02-04 19:25:19.876655
SMMR,24.84,24.84,24.86,,1098000.0,,1570400.0,5000.0,,9000.0,10000.0,0,0,0,0,0,0,0,0,0,0,0,0,0,0,0,0,0,0,0,0,185,2026-02-04 19:25:19.876655
ATMN,24.85,24.85,25.39,,2565100.0,,852900.0,,6750.0,,,0,0,0,0,0,0,0,0,0,0,0,0,0,0,0,0,0,0,0,0,185,2026-02-04 19:25:19.876655
WNTR,25.05,25.05,25.3,,856800.0,,1580100.0,,,15900.0,10000.0,0,0,0,0,0,0,0,0,0,0,0,0,0,0,0,0,0,0,0,0,185,2026-02-04 19:25:19.876655
SPNG,25.56,25.7,25.71,1294900.0,2000.0,11250.0,5000.0,6750.0,947900.0,13600.0,,0,0,0,0,0,0,0,0,0,0,0,0,0,0,0,0,0,0,0,0,186,2026-02-04 19:25:20.925392
SMMR,24.82,24.82,24.86,1188000.0,,,5000.0,,1570400.0,9000.0,10000.0,0,0,0,0,0,0,0,0,0,0,0,0,0,0,0,0,0,0,0,0,186,2026-02-04 19:25:20.925392
ATMN,25.11,24.77,25.11,2329000.0,,,,9000.0,1114400.0,,,0,0,0,0,0,0,0,0,0,0,0,0,0,0,0,0,0,0,0,0,186,2026-02-04 19:25:20.925392
