ticker,last_price,bid_price,ask_price,BUY_ANON,SELL_ANON,BUY_WRSW-2,SELL_WRSW-1,SELL_COLA-1,BUY_NAIT-1,BUY_WRSW-1,SELL_BRCH-1,SELL_WRSW-3,BUY_LUIS-1,SELL_UOTB-2,BUY_LAVL-1,SELL_UOTB-1,BUY_UEBR-1,BUY_COLA-3,SELL_LAVL-1,BUY_WRSW-3,BUY_BRCH-1,SELL_UEBR-1,BUY_UOTB-1,BUY_UOTB-2,SELL_LUIS-1,BUY_UOTB-3,SELL_COLA-3,SELL_WRSW-2,BUY_COLA-1,SELL_UOTB-3,SELL_NAIT-1,tick,timestamp
SPNG,0.0,0.0,0.0,2249500.0,2177700.0,0,0,0,0,0,0,0,0,0,0,0,0,0,0,0,0,0,0,0,0,0,0,0,0,0,0,0,2026-02-04 19:09:58.754370
SMMR,0.0,0.0,0.0,2438900.0,2419100.0,0,0,0,0,0,0,0,0,0,0,0,0,0,0,0,0,0,0,0,0,0,0,0,0,0,0,0,2026-02-04 19:09:58.754370
ATMN,25.03,0.0,25.03,2191700.0,2180600.0,0,0,0,0,0,0,0,0,0,0,0,0,0,0,0,0,0,0,0,0,0,0,0,0,0,0,0,2026-02-04 19:09:58.754370
WNTR,0.0,0.0,0.0,2375700.0,2375900.0,0,0,0,0,0,0,0,0,0,0,0,0,0,0,0,0,0,0,0,0,0,0,0,0,0,0,0,2026-02-04 19:09:58.754370
SPNG,0.0,24.92,25.01,2249500.0,2284700.0,,0,0,0,0,0,0,0,0,0,0,0,0,0,0,0,0,0,0,0,0,0,0,0,0,0,1,2026-02-04 19:09:59.294486,2.0,1.0,1.0,,Aggregate Position Limit,Your CRO has set the aggregate position limit to 15000 shares for this week.
SMMR,0.0,24.92,25.01,2463500.0,2424500.0,,0,0,0,0,0,0,0,0,0,0,0,0,0,0,0,0,0,0,0,0,0,0,0,0,0,1,2026-02-04 19:09:59.294486,1.0,1.0,1.0,,Welcome to the RITC 2026 Alogithmic Market Making Case - practice server,
ATMN,25.03,25.24,25.26,2227900.0,2070200.0,,0,0,0,0,0,0,0,0,0,0,0,0,0,0,0,0,0,0,0,0,0,0,0,0,0,1,2026-02-04 19:09:59.294486,,,,,,
WNTR,0.0,25.0,25.07,2245000.0,2352600.0,3000.0,0,0,0,0,0,0,0,0,0,0,0,0,0,0,0,0,0,0,0,0,0,0,0,0,0,1,2026-02-04 19:09:59.294486,,,,,,
SPNG,24.89,24.89,25.0,2248400.0,4500.0,1904000.0,3000.0,,,0,0,0,0,0,0,0,0,0,0,0,0,0,0,0,0,0,0,0,0,0,0,2,2026-02-04 19:10:00.370834
SMMR,24.91,24.91,25.02,2530500.0,,2411600.0,,,,0,0,0,0,0,0,0,0,0,0,0,0,0,0,0,0,0,0,0,0,0,0,2,2026-02-04 19:10:00.370834
ATMN,25.24,25.25,25.26,2007800.0,,2209500.0,,2250.0,3000.0,0,0,0,0,0,0,0,0,0,0,0,0,0,0,0,0,0,0,0,0,0,0,2,2026-02-04 19:10:00.370834
WNTR,25.09,25.0,25.09,2113000.0,,2313500.0,3000.0,,6000.0,0,0,0,0,0,0,0,0,0,0,0,0,0,0,0,0,0,0,0,0,0,0,2,2026-02-04 19:10:00.370834
SPNG,25.02,24.75,25.02,2250.0,2152800.0,2169400.0,,,,0,0,0,0,0,0,0,0,0,0,0,0,0,0,0,0,0,0,0,0,0,0,3,2026-02-04 19:10:01.432215
SMMR,24.91,24.92,25.01,,2367300.0,2301800.0,3000.0,3000.0,,0,0,0,0,0,0,0,0,0,0,0,0,0,0,0,0,0,0,0,0,0,0,3,2026-02-04 19:10:01.432215
ATMN,25.24,25.01,25.17,2250.0,2008500.0,2052200.0,3000.0,3000.0,2250.0,0,0,0,0,0,0,0,0,0,0,0,0,0,0,0,0,0,0,0,0,0,0,3,2026-02-04 19:10:01.432215
WNTR,25.09,25.01,25.07,,2008700.0,2242000.0,16000.0,8000.0,,0,0,0,0,0,0,0,0,0,0,0,0,0,0,0,0,0,0,0,0,0,0,3,2026-02-04 19:10:01.432215
SPNG,25.25,24.83,25.07,6750.0,1930300.0,2250.0,1947600.0,,,0,0,0,0,0,0,0,0,0,0,0,0,0,0,0,0,0,0,0,0,0,0,4,2026-02-04 19:10:02.464642
SMMR,24.91,24.92,25.0,,2275200.0,,2196700.0,11000.0,13000.0,0,0,0,0,0,0,0,0,0,0,0,0,0,0,0,0,0,0,0,0,0,0,4,2026-02-04 19:10:02.464642
ATMN,24.88,24.88,25.16,,2004700.0,6750.0,1743900.0,,6000.0,0,0,0,0,0,0,0,0,0,0,0,0,0,0,0,0,0,0,0,0,0,0,4,2026-02-04 19:10:02.464642
WNTR,25.0,25.0,25.03,,2006500.0,,2281000.0,16000.0,8000.0,0,0,0,0,0,0,0,0,0,0,0,0,0,0,0,0,0,0,0,0,0,0,4,2026-02-04 19:10:02.464642
SPNG,24.82,24.88,25.24,2045400.0,4500.0,4500.0,3000.0,1947600.0,0,0,0,0,0,0,0,0,0,0,0,0,0,0,0,0,0,0,0,0,0,0,0,5,2026-02-04 19:10:03.501731
SMMR,25.01,24.91,25.01,2544700.0,,,23000.0,2069500.0,0,0,0,0,0,0,0,0,0,0,0,0,0,0,0,0,0,0,0,0,0,0,0,5,2026-02-04 19:10:03.501731
ATMN,24.88,24.91,25.15,2108800.0,,11250.0,16000.0,1398600.0,0,0,0,0,0,0,0,0,0,0,0,0,0,0,0,0,0,0,0,0,0,0,0,5,2026-02-04 19:10:03.501731
WNTR,24.99,24.99,25.03,2385500.0,,,18000.0,2109700.0,0,0,0,0,0,0,0,0,0,0,0,0,0,0,0,0,0,0,0,0,0,0,0,5,2026-02-04 19:10:03.501731
SPNG,24.82,24.89,25.24,9000.0,1844300.0,11250.0,3000.0,1560600.0,,0,0,0,0,0,0,0,0,0,0,0,0,0,0,0,0,0,0,0,0,0,0,6,2026-02-04 19:10:04.554198
SMMR,25.01,24.91,25.01,,2405700.0,,3000.0,2285700.0,2000.0,0,0,0,0,0,0,0,0,0,0,0,0,0,0,0,0,0,0,0,0,0,0,6,2026-02-04 19:10:04.554198
ATMN,25.17,24.88,25.15,,2145000.0,2250.0,6000.0,1963200.0,6000.0,0,0,0,0,0,0,0,0,0,0,0,0,0,0,0,0,0,0,0,0,0,0,6,2026-02-04 19:10:04.554198
WNTR,24.99,24.99,25.01,,2248900.0,,18000.0,2066500.0,2000.0,0,0,0,0,0,0,0,0,0,0,0,0,0,0,0,0,0,0,0,0,0,0,6,2026-02-04 19:10:04.554198
SPNG,24.78,24.75,24.78,9000.0,1820800.0,1570900.0,11250.0,3000.0,,0,0,0,0,0,0,0,0,0,0,0,0,0,0,0,0,0,0,0,0,0,0,7,2026-02-04 19:10:05.158368
SMMR,25.01,24.94,25.01,,2436800.0,2285700.0,,3000.0,2000.0,0,0,0,0,0,0,0,0,0,0,0,0,0,0,0,0,0,0,0,0,0,0,7,2026-02-04 19:10:05.158368
ATMN,24.82,24.82,25.15,,2027700.0,1852800.0,4500.0,6000.0,,0,0,0,0,0,0,0,0,0,0,0,0,0,0,0,0,0,0,0,0,0,0,7,2026-02-04 19:10:05.158368
WNTR,24.99,24.91,24.97,,2356600.0,2065700.0,,18000.0,,0,0,0,0,0,0,0,0,0,0,0,0,0,0,0,0,0,0,0,0,0,0,7,2026-02-04 19:10:05.158368
SPNG,24.78,25.1,25.24,1735700.0,11250.0,13500.0,3000.0,1434400.0,,0,0,0,0,0,0,0,0,0,0,0,0,0,0,0,0,0,0,0,0,0,0,8,2026-02-04 19:10:06.209681
SMMR,25.06,24.94,25.0,2294100.0,,,,2435300.0,12000.0,0,0,0,0,0,0,0,0,0,0,0,0,0,0,0,0,0,0,0,0,0,0,8,2026-02-04 19:10:06.209681
ATMN,24.91,25.08,25.15,1921500.0,4500.0,9000.0,6000.0,1622100.0,8000.0,0,0,0,0,0,0,0,0,0,0,0,0,0,0,0,0,0,0,0,0,0,0,8,2026-02-04 19:10:06.209681
WNTR,24.91,24.91,24.94,2254600.0,,,26000.0,1957000.0,2000.0,0,0,0,0,0,0,0,0,0,0,0,0,0,0,0,0,0,0,0,0,0,0,8,2026-02-04 19:10:06.209681
SPNG,24.69,24.69,25.31,2284400.0,2042900.0,4500.0,,,,0,0,0,0,0,0,0,0,0,0,0,0,0,0,0,0,0,0,0,0,0,0,9,2026-02-04 19:10:07.275331
SMMR,25.12,24.98,25.12,2160300.0,2201900.0,,13000.0,,,0,0,0,0,0,0,0,0,0,0,0,0,0,0,0,0,0,0,0,0,0,0,9,2026-02-04 19:10:07.275331
ATMN,25.08,25.09,25.13,1721400.0,1397000.0,13500.0,8000.0,9000.0,6000.0,0,0,0,0,0,0,0,0,0,0,0,0,0,0,0,0,0,0,0,0,0,0,9,2026-02-04 19:10:07.275331
WNTR,24.97,24.97,25.01,2104300.0,2054400.0,,4000.0,,18000.0,0,0,0,0,0,0,0,0,0,0,0,0,0,0,0,0,0,0,0,0,0,0,9,2026-02-04 19:10:07.275331
SPNG,24.69,24.7,24.82,2250.0,2161500.0,1830600.0,9000.0,,,0,0,0,0,0,0,0,0,0,0,0,0,0,0,0,0,0,0,0,0,0,0,10,2026-02-04 19:10:08.342073
SMMR,24.94,24.94,24.98,,2148900.0,2429800.0,,13000.0,,0,0,0,0,0,0,0,0,0,0,0,0,0,0,0,0,0,0,0,0,0,0,10,2026-02-04 19:10:08.342073
ATMN,25.17,25.05,25.17,6750.0,1798600.0,1929000.0,2250.0,8000.0,6000.0,0,0,0,0,0,0,0,0,0,0,0,0,0,0,0,0,0,0,0,0,0,0,10,2026-02-04 19:10:08.342073
WNTR,24.95,25.0,25.01,,2141300.0,2054400.0,,4000.0,18000.0,0,0,0,0,0,0,0,0,0,0,0,0,0,0,0,0,0,0,0,0,0,0,10,2026-02-04 19:10:08.342073
SPNG,25.2,25.2,25.26,1848300.0,9000.0,1811300.0,9000.0,,,0,0,0,0,0,0,0,0,0,0,0,0,0,0,0,0,0,0,0,0,0,0,11,2026-02-04 19:10:09.609910
SMMR,25.11,25.11,25.12,2045400.0,,2451500.0,,14000.0,,0,0,0,0,0,0,0,0,0,0,0,0,0,0,0,0,0,0,0,0,0,0,11,2026-02-04 19:10:09.609910
ATMN,24.97,25.12,25.17,1809300.0,6750.0,2053000.0,,8000.0,6000.0,0,0,0,0,0,0,0,0,0,0,0,0,0,0,0,0,0,0,0,0,0,0,11,2026-02-04 19:10:09.609910
WNTR,25.0,24.91,24.96,2143800.0,,2084100.0,,4000.0,18000.0,0,0,0,0,0,0,0,0,0,0,0,0,0,0,0,0,0,0,0,0,0,0,11,2026-02-04 19:10:09.609910
SPNG,25.26,24.73,25.26,13500.0,1604400.0,1685800.0,11250.0,,,0,0,0,0,0,0,0,0,0,0,0,0,0,0,0,0,0,0,0,0,0,0,12,2026-02-04 19:10:10.656931
SMMR,25.13,24.94,25.13,,2148900.0,2320800.0,,13000.0,,0,0,0,0,0,0,0,0,0,0,0,0,0,0,0,0,0,0,0,0,0,0,12,2026-02-04 19:10:10.656931
ATMN,25.1,25.13,25.17,9000.0,1718300.0,2053000.0,,8000.0,6000.0,0,0,0,0,0,0,0,0,0,0,0,0,0,0,0,0,0,0,0,0,0,0,12,2026-02-04 19:10:10.656931
WNTR,25.03,24.91,24.96,,2134300.0,1978300.0,,4000.0,28000.0,0,0,0,0,0,0,0,0,0,0,0,0,0,0,0,0,0,0,0,0,0,0,12,2026-02-04 19:10:10.656931
SPNG,25.26,24.73,24.88,18000.0,1431800.0,1585700.0,13500.0,,,0,0,0,0,0,0,0,0,0,0,0,0,0,0,0,0,0,0,0,0,0,0,13,2026-02-04 19:10:11.209575
SMMR,25.13,24.94,25.06,,2148900.0,2442300.0,,13000.0,,0,0,0,0,0,0,0,0,0,0,0,0,0,0,0,0,0,0,0,0,0,0,13,2026-02-04 19:10:11.209575
ATMN,24.96,25.09,25.17,9000.0,1730400.0,2053000.0,,8000.0,6000.0,0,0,0,0,0,0,0,0,0,0,0,0,0,0,0,0,0,0,0,0,0,0,13,2026-02-04 19:10:11.209575
WNTR,24.96,24.96,25.03,,2145600.0,1972000.0,,4000.0,28000.0,0,0,0,0,0,0,0,0,0,0,0,0,0,0,0,0,0,0,0,0,0,0,13,2026-02-04 19:10:11.209575
SPNG,24.87,24.87,24.88,1227800.0,22500.0,1480700.0,15750.0,,,0,0,0,0,0,0,0,0,0,0,0,0,0,0,0,0,0,0,0,0,0,0,14,2026-02-04 19:10:12.260325
SMMR,25.06,24.94,25.06,2162700.0,,2442300.0,,13000.0,,0,0,0,0,0,0,0,0,0,0,0,0,0,0,0,0,0,0,0,0,0,0,14,2026-02-04 19:10:12.260325
ATMN,24.91,25.03,25.05,1832900.0,6750.0,1943000.0,2250.0,8000.0,6000.0,0,0,0,0,0,0,0,0,0,0,0,0,0,0,0,0,0,0,0,0,0,0,14,2026-02-04 19:10:12.260325
WNTR,25.06,24.96,25.06,1887100.0,,2206000.0,,15000.0,8000.0,0,0,0,0,0,0,0,0,0,0,0,0,0,0,0,0,0,0,0,0,0,0,14,2026-02-04 19:10:12.260325
SPNG,24.87,24.84,24.87,22500.0,1189900.0,2078900.0,,,,0,0,0,0,0,0,0,0,0,0,0,0,0,0,0,0,0,0,0,0,0,0,15,2026-02-04 19:10:13.311128
SMMR,25.05,24.94,25.04,,2026800.0,2464100.0,23000.0,,,0,0,0,0,0,0,0,0,0,0,0,0,0,0,0,0,0,0,0,0,0,0,15,2026-02-04 19:10:13.311128
ATMN,25.04,25.05,25.13,11250.0,1663900.0,1966800.0,8000.0,6000.0,2250.0,0,0,0,0,0,0,0,0,0,0,0,0,0,0,0,0,0,0,0,0,0,0,15,2026-02-04 19:10:13.311128
WNTR,24.98,24.98,25.06,,1886100.0,2206000.0,15000.0,8000.0,,0,0,0,0,0,0,0,0,0,0,0,0,0,0,0,0,0,0,0,0,0,0,15,2026-02-04 19:10:13.311128
SPNG,24.87,24.84,24.87,27000.0,982400.0,2068400.0,,,,0,0,0,0,0,0,0,0,0,0,0,0,0,0,0,0,0,0,0,0,0,0,16,2026-02-04 19:10:14.366061
SMMR,24.95,24.94,24.95,,2030900.0,2455000.0,23000.0,,,0,0,0,0,0,0,0,0,0,0,0,0,0,0,0,0,0,0,0,0,0,0,16,2026-02-04 19:10:14.366061
ATMN,25.13,25.05,25.12,15750.0,1422600.0,1741300.0,8000.0,6750.0,6000.0,0,0,0,0,0,0,0,0,0,0,0,0,0,0,0,0,0,0,0,0,0,0,16,2026-02-04 19:10:14.366061
WNTR,25.07,24.98,25.07,,1886100.0,2196200.0,15000.0,,8000.0,0,0,0,0,0,0,0,0,0,0,0,0,0,0,0,0,0,0,0,0,0,0,16,2026-02-04 19:10:14.366061
SPNG,24.87,24.84,24.87,33750.0,598800.0,2068400.0,,,,0,0,0,0,0,0,0,0,0,0,0,0,0,0,0,0,0,0,0,0,0,0,17,2026-02-04 19:10:15.406406
SMMR,25.15,25.12,25.15,,1977000.0,2189300.0,23000.0,,,0,0,0,0,0,0,0,0,0,0,0,0,0,0,0,0,0,0,0,0,0,0,17,2026-02-04 19:10:15.406406
ATMN,25.16,25.05,25.16,20250.0,1171500.0,1842500.0,8000.0,4500.0,6000.0,0,0,0,0,0,0,0,0,0,0,0,0,0,0,0,0,0,0,0,0,0,0,17,2026-02-04 19:10:15.406406
WNTR,24.96,24.96,25.04,,1887100.0,2197300.0,15000.0,,8000.0,0,0,0,0,0,0,0,0,0,0,0,0,0,0,0,0,0,0,0,0,0,0,17,2026-02-04 19:10:15.406406
SPNG,25.45,24.93,25.45,2327300.0,2071500.0,,,0,0,0,0,0,0,0,0,0,0,0,0,0,0,0,0,0,0,0,0,0,0,0,0,18,2026-02-04 19:10:16.450943
SMMR,25.2,25.12,25.2,1977000.0,2311300.0,23000.0,5000.0,0,0,0,0,0,0,0,0,0,0,0,0,0,0,0,0,0,0,0,0,0,0,0,0,18,2026-02-04 19:10:16.450943
ATMN,25.22,25.14,25.22,2216500.0,2116900.0,8000.0,3000.0,0,0,0,0,0,0,0,0,0,0,0,0,0,0,0,0,0,0,0,0,0,0,0,0,18,2026-02-04 19:10:16.450943
WNTR,24.96,24.89,24.96,2371600.0,2061400.0,,18000.0,0,0,0,0,0,0,0,0,0,0,0,0,0,0,0,0,0,0,0,0,0,0,0,0,18,2026-02-04 19:10:16.450943
SPNG,24.83,24.83,25.05,2296000.0,2088300.0,4500.0,,,,0,0,0,0,0,0,0,0,0,0,0,0,0,0,0,0,0,0,0,0,0,0,19,2026-02-04 19:10:17.536498
SMMR,24.91,24.91,24.96,2248500.0,2342200.0,,3000.0,5000.0,,0,0,0,0,0,0,0,0,0,0,0,0,0,0,0,0,0,0,0,0,0,0,19,2026-02-04 19:10:17.536498
ATMN,25.22,25.15,25.22,2085700.0,2015500.0,2250.0,8000.0,3000.0,2250.0,0,0,0,0,0,0,0,0,0,0,0,0,0,0,0,0,0,0,0,0,0,0,19,2026-02-04 19:10:17.536498
WNTR,24.89,24.89,24.96,2260100.0,1931900.0,,2000.0,28000.0,,0,0,0,0,0,0,0,0,0,0,0,0,0,0,0,0,0,0,0,0,0,0,19,2026-02-04 19:10:17.536498
SPNG,24.97,24.97,25.04,8000.0,2084100.0,2250.0,6750.0,1992400.0,,0,0,0,0,0,0,0,0,0,0,0,0,0,0,0,0,0,0,0,0,0,0,20,2026-02-04 19:10:18.605857
SMMR,24.96,25.13,25.16,5000.0,2094700.0,,,2344900.0,5000.0,0,0,0,0,0,0,0,0,0,0,0,0,0,0,0,0,0,0,0,0,0,0,20,2026-02-04 19:10:18.605857
ATMN,25.14,25.14,25.22,18000.0,1987700.0,2250.0,6750.0,1667500.0,4000.0,0,0,0,0,0,0,0,0,0,0,0,0,0,0,0,0,0,0,0,0,0,0,20,2026-02-04 19:10:18.605857
WNTR,25.09,24.89,25.09,12000.0,2151100.0,,,2324400.0,3000.0,0,0,0,0,0,0,0,0,0,0,0,0,0,0,0,0,0,0,0,0,0,0,20,2026-02-04 19:10:18.605857
SPNG,25.05,24.97,25.05,8000.0,2239300.0,2124700.0,4500.0,,,0,0,0,0,0,0,0,0,0,0,0,0,0,0,0,0,0,0,0,0,0,0,21,2026-02-04 19:10:19.650734
SMMR,24.96,25.13,25.16,5000.0,2067000.0,2221800.0,,15000.0,,0,0,0,0,0,0,0,0,0,0,0,0,0,0,0,0,0,0,0,0,0,0,21,2026-02-04 19:10:19.650734
ATMN,25.24,25.04,25.23,8000.0,1983700.0,1569100.0,9000.0,8250.0,4500.0,0,0,0,0,0,0,0,0,0,0,0,0,0,0,0,0,0,0,0,0,0,0,21,2026-02-04 19:10:19.650734
WNTR,25.12,24.89,25.1,21000.0,2019600.0,2367800.0,,2000.0,,0,0,0,0,0,0,0,0,0,0,0,0,0,0,0,0,0,0,0,0,0,0,21,2026-02-04 19:10:19.650734
SPNG,25.07,24.97,25.07,8000.0,2250.0,2135800.0,2119500.0,4500.0,,0,0,0,0,0,0,0,0,0,0,0,0,0,0,0,0,0,0,0,0,0,0,22,2026-02-04 19:10:20.204232
SMMR,25.13,25.09,25.11,3000.0,,2204200.0,2232200.0,,15000.0,0,0,0,0,0,0,0,0,0,0,0,0,0,0,0,0,0,0,0,0,0,0,22,2026-02-04 19:10:20.204232
ATMN,25.28,25.14,25.25,8000.0,6750.0,1830600.0,2102300.0,2250.0,,0,0,0,0,0,0,0,0,0,0,0,0,0,0,0,0,0,0,0,0,0,0,22,2026-02-04 19:10:20.204232
WNTR,25.12,24.89,25.12,21000.0,,1998500.0,2499100.0,,,0,0,0,0,0,0,0,0,0,0,0,0,0,0,0,0,0,0,0,0,0,0,22,2026-02-04 19:10:20.204232
SPNG,25.2,24.81,25.2,2225400.0,2250.0,2089900.0,4500.0,,,0,0,0,0,0,0,0,0,0,0,0,0,0,0,0,0,0,0,0,0,0,0,23,2026-02-04 19:10:21.263472
SMMR,25.06,25.06,25.11,2209900.0,,2211800.0,,3000.0,15000.0,0,0,0,0,0,0,0,0,0,0,0,0,0,0,0,0,0,0,0,0,0,0,23,2026-02-04 19:10:21.263472
ATMN,25.3,25.25,25.3,1581800.0,11250.0,2195200.0,,8000.0,,0,0,0,0,0,0,0,0,0,0,0,0,0,0,0,0,0,0,0,0,0,0,23,2026-02-04 19:10:21.263472
WNTR,25.0,25.0,25.08,1880400.0,,2368600.0,,31000.0,2000.0,0,0,0,0,0,0,0,0,0,0,0,0,0,0,0,0,0,0,0,0,0,0,23,2026-02-04 19:10:21.263472
SPNG,24.72,24.72,25.19,2364300.0,9000.0,1857600.0,,,,0,0,0,0,0,0,0,0,0,0,0,0,0,0,0,0,0,0,0,0,0,0,24,2026-02-04 19:10:22.316988
SMMR,25.06,25.1,25.11,2244600.0,,2211800.0,3000.0,15000.0,,0,0,0,0,0,0,0,0,0,0,0,0,0,0,0,0,0,0,0,0,0,0,24,2026-02-04 19:10:22.316988
ATMN,25.3,25.26,25.3,1583900.0,,2191400.0,8000.0,,11250.0,0,0,0,0,0,0,0,0,0,0,0,0,0,0,0,0,0,0,0,0,0,0,24,2026-02-04 19:10:22.316988
WNTR,25.06,25.0,25.06,1880400.0,,2212200.0,31000.0,3000.0,,0,0,0,0,0,0,0,0,0,0,0,0,0,0,0,0,0,0,0,0,0,0,24,2026-02-04 19:10:22.316988
SPNG,24.72,25.06,25.19,2243400.0,2250.0,13500.0,1650500.0,,,0,0,0,0,0,0,0,0,0,0,0,0,0,0,0,0,0,0,0,0,0,0,25,2026-02-04 19:10:23.369093
SMMR,25.18,25.1,25.18,2244600.0,,,2289500.0,3000.0,5000.0,0,0,0,0,0,0,0,0,0,0,0,0,0,0,0,0,0,0,0,0,0,0,25,2026-02-04 19:10:23.369093
ATMN,25.14,25.15,25.3,1606000.0,11250.0,2250.0,2049400.0,8000.0,,0,0,0,0,0,0,0,0,0,0,0,0,0,0,0,0,0,0,0,0,0,0,25,2026-02-04 19:10:23.369093
WNTR,25.06,25.0,25.05,1873800.0,,,2195000.0,31000.0,3000.0,0,0,0,0,0,0,0,0,0,0,0,0,0,0,0,0,0,0,0,0,0,0,25,2026-02-04 19:10:23.369093
SPNG,25.2,24.72,25.2,2364300.0,2113500.0,4500.0,,,0,0,0,0,0,0,0,0,0,0,0,0,0,0,0,0,0,0,0,0,0,0,0,26,2026-02-04 19:10:24.423489
SMMR,25.06,24.95,25.05,2246600.0,2279300.0,,3000.0,5000.0,0,0,0,0,0,0,0,0,0,0,0,0,0,0,0,0,0,0,0,0,0,0,0,26,2026-02-04 19:10:24.423489
ATMN,25.31,25.21,25.27,2193800.0,2050500.0,2250.0,8000.0,,0,0,0,0,0,0,0,0,0,0,0,0,0,0,0,0,0,0,0,0,0,0,0,26,2026-02-04 19:10:24.423489
WNTR,24.91,24.91,24.99,1895200.0,2206000.0,,31000.0,3000.0,0,0,0,0,0,0,0,0,0,0,0,0,0,0,0,0,0,0,0,0,0,0,0,26,2026-02-04 19:10:24.423489
SPNG,25.2,24.72,25.1,2128900.0,4500.0,2011300.0,6750.0,,,0,0,0,0,0,0,0,0,0,0,0,0,0,0,0,0,0,0,0,0,0,0,27,2026-02-04 19:10:25.497544
SMMR,25.11,25.01,25.05,2255000.0,,2427300.0,,3000.0,,0,0,0,0,0,0,0,0,0,0,0,0,0,0,0,0,0,0,0,0,0,0,27,2026-02-04 19:10:25.497544
ATMN,25.01,25.01,25.26,2217800.0,,1831800.0,6750.0,8000.0,,0,0,0,0,0,0,0,0,0,0,0,0,0,0,0,0,0,0,0,0,0,0,27,2026-02-04 19:10:25.497544
WNTR,24.91,24.91,24.94,1626900.0,,2222100.0,,46000.0,3000.0,0,0,0,0,0,0,0,0,0,0,0,0,0,0,0,0,0,0,0,0,0,0,27,2026-02-04 19:10:25.497544
SPNG,25.1,25.14,25.19,1988300.0,6750.0,2309000.0,,,,0,0,0,0,0,0,0,0,0,0,0,0,0,0,0,0,0,0,0,0,0,0,28,2026-02-04 19:10:26.580100
SMMR,25.19,25.01,25.09,2232200.0,,2418900.0,3000.0,,,0,0,0,0,0,0,0,0,0,0,0,0,0,0,0,0,0,0,0,0,0,0,28,2026-02-04 19:10:26.580100
ATMN,24.98,24.98,25.27,2223600.0,,1940100.0,8000.0,4500.0,,0,0,0,0,0,0,0,0,0,0,0,0,0,0,0,0,0,0,0,0,0,0,28,2026-02-04 19:10:26.580100
WNTR,24.91,24.92,24.94,1582800.0,,2179000.0,46000.0,,3000.0,0,0,0,0,0,0,0,0,0,0,0,0,0,0,0,0,0,0,0,0,0,0,28,2026-02-04 19:10:26.580100
SPNG,24.69,24.7,24.88,4500.0,2133400.0,2340000.0,,,,0,0,0,0,0,0,0,0,0,0,0,0,0,0,0,0,0,0,0,0,0,0,29,2026-02-04 19:10:27.623261
SMMR,25.21,25.22,25.23,,2235300.0,2435500.0,3000.0,,,0,0,0,0,0,0,0,0,0,0,0,0,0,0,0,0,0,0,0,0,0,0,29,2026-02-04 19:10:27.623261
ATMN,24.98,24.99,25.11,4500.0,1974200.0,1711800.0,8000.0,9000.0,,0,0,0,0,0,0,0,0,0,0,0,0,0,0,0,0,0,0,0,0,0,0,29,2026-02-04 19:10:27.623261
WNTR,24.91,24.92,24.94,,1577600.0,2145300.0,46000.0,,3000.0,0,0,0,0,0,0,0,0,0,0,0,0,0,0,0,0,0,0,0,0,0,0,29,2026-02-04 19:10:27.623261
SPNG,24.88,24.7,24.87,6750.0,1974200.0,2250.0,2231100.0,,,0,0,0,0,0,0,0,0,0,0,0,0,0,0,0,0,0,0,0,0,0,0,30,2026-02-04 19:10:28.669704
SMMR,25.21,25.22,25.23,,2235300.0,,2442600.0,3000.0,,0,0,0,0,0,0,0,0,0,0,0,0,0,0,0,0,0,0,0,0,0,0,30,2026-02-04 19:10:28.669704
ATMN,25.32,24.99,25.13,9000.0,1740400.0,2250.0,2041300.0,8000.0,,0,0,0,0,0,0,0,0,0,0,0,0,0,0,0,0,0,0,0,0,0,0,30,2026-02-04 19:10:28.669704
WNTR,24.91,24.92,24.94,,1570700.0,,2095600.0,46000.0,3000.0,0,0,0,0,0,0,0,0,0,0,0,0,0,0,0,0,0,0,0,0,0,0,30,2026-02-04 19:10:28.669704
SPNG,24.88,24.85,24.87,1750000.0,11250.0,6750.0,6000.0,1881400.0,,0,0,0,0,0,0,0,0,0,0,0,0,0,0,0,0,0,0,0,0,0,0,31,2026-02-04 19:10:29.720656
SMMR,25.16,25.01,25.12,2260900.0,,,2000.0,2316300.0,3000.0,0,0,0,0,0,0,0,0,0,0,0,0,0,0,0,0,0,0,0,0,0,0,31,2026-02-04 19:10:29.720656
ATMN,25.37,24.99,25.37,1486000.0,13500.0,,,2124600.0,8000.0,0,0,0,0,0,0,0,0,0,0,0,0,0,0,0,0,0,0,0,0,0,0,31,2026-02-04 19:10:29.720656
WNTR,24.9,24.9,24.94,1787400.0,,,5000.0,1998300.0,31000.0,0,0,0,0,0,0,0,0,0,0,0,0,0,0,0,0,0,0,0,0,0,0,31,2026-02-04 19:10:29.720656
SPNG,24.88,25.04,25.18,1637800.0,13500.0,6750.0,2009100.0,,,0,0,0,0,0,0,0,0,0,0,0,0,0,0,0,0,0,0,0,0,0,0,32,2026-02-04 19:10:30.266066
SMMR,25.12,25.17,25.22,2218200.0,,,2324300.0,3000.0,2000.0,0,0,0,0,0,0,0,0,0,0,0,0,0,0,0,0,0,0,0,0,0,0,32,2026-02-04 19:10:30.266066
ATMN,25.4,25.02,25.4,1489100.0,15750.0,,2133700.0,,,0,0,0,0,0,0,0,0,0,0,0,0,0,0,0,0,0,0,0,0,0,0,32,2026-02-04 19:10:30.266066
WNTR,24.94,24.9,24.94,1787400.0,,,2020400.0,31000.0,5000.0,0,0,0,0,0,0,0,0,0,0,0,0,0,0,0,0,0,0,0,0,0,0,32,2026-02-04 19:10:30.266066
SPNG,24.85,25.13,25.2,1534000.0,15750.0,2332700.0,,,0,0,0,0,0,0,0,0,0,0,0,0,0,0,0,0,0,0,0,0,0,0,0,33,2026-02-04 19:10:31.321822
SMMR,25.12,25.17,25.19,2117900.0,,2317700.0,4000.0,2000.0,0,0,0,0,0,0,0,0,0,0,0,0,0,0,0,0,0,0,0,0,0,0,0,33,2026-02-04 19:10:31.321822
ATMN,25.4,25.15,25.3,1234800.0,20250.0,2174700.0,,,0,0,0,0,0,0,0,0,0,0,0,0,0,0,0,0,0,0,0,0,0,0,0,33,2026-02-04 19:10:31.321822
WNTR,24.89,24.89,24.94,2263700.0,,2009000.0,,5000.0,0,0,0,0,0,0,0,0,0,0,0,0,0,0,0,0,0,0,0,0,0,0,0,33,2026-02-04 19:10:31.321822
SPNG,24.85,25.14,25.2,20250.0,1290200.0,2233500.0,10000.0,,0,0,0,0,0,0,0,0,0,0,0,0,0,0,0,0,0,0,0,0,0,0,0,34,2026-02-04 19:10:32.381153
SMMR,25.0,25.0,25.15,,2221100.0,2198700.0,4000.0,3000.0,0,0,0,0,0,0,0,0,0,0,0,0,0,0,0,0,0,0,0,0,0,0,0,34,2026-02-04 19:10:32.381153
ATMN,25.02,25.03,25.3,18000.0,1354700.0,2041600.0,2000.0,,0,0,0,0,0,0,0,0,0,0,0,0,0,0,0,0,0,0,0,0,0,0,0,34,2026-02-04 19:10:32.381153
WNTR,24.88,24.9,24.94,,2294600.0,1900500.0,15000.0,,0,0,0,0,0,0,0,0,0,0,0,0,0,0,0,0,0,0,0,0,0,0,0,34,2026-02-04 19:10:32.381153
SPNG,25.13,25.13,25.2,1658500.0,13500.0,2104600.0,11000.0,,0,0,0,0,0,0,0,0,0,0,0,0,0,0,0,0,0,0,0,0,0,0,0,35,2026-02-04 19:10:33.437966
SMMR,25.0,25.14,25.15,2106500.0,,2061900.0,9000.0,13000.0,0,0,0,0,0,0,0,0,0,0,0,0,0,0,0,0,0,0,0,0,0,0,0,35,2026-02-04 19:10:33.437966
ATMN,25.3,25.29,25.3,1742400.0,11250.0,2108500.0,2000.0,,0,0,0,0,0,0,0,0,0,0,0,0,0,0,0,0,0,0,0,0,0,0,0,35,2026-02-04 19:10:33.437966
WNTR,24.94,24.88,24.94,2162000.0,,2022400.0,3300.0,2000.0,0,0,0,0,0,0,0,0,0,0,0,0,0,0,0,0,0,0,0,0,0,0,0,35,2026-02-04 19:10:33.437966
SPNG,25.06,25.05,25.06,1759500.0,11250.0,1873100.0,11000.0,4500.0,,0,0,0,0,0,0,0,0,0,0,0,0,0,0,0,0,0,0,0,0,0,0,36,2026-02-04 19:10:34.498882
SMMR,25.14,25.0,25.11,2211400.0,,2053800.0,9000.0,,3000.0,0,0,0,0,0,0,0,0,0,0,0,0,0,0,0,0,0,0,0,0,0,0,36,2026-02-04 19:10:34.498882
ATMN,25.3,25.3,25.31,1354600.0,13500.0,2102300.0,,2250.0,6700.0,0,0,0,0,0,0,0,0,0,0,0,0,0,0,0,0,0,0,0,0,0,0,36,2026-02-04 19:10:34.498882
WNTR,24.97,24.88,24.94,2010600.0,,1916400.0,11000.0,,4000.0,0,0,0,0,0,0,0,0,0,0,0,0,0,0,0,0,0,0,0,0,0,0,36,2026-02-04 19:10:34.498882
SPNG,25.06,25.05,25.06,1772400.0,11250.0,1873100.0,11000.0,4500.0,,0,0,0,0,0,0,0,0,0,0,0,0,0,0,0,0,0,0,0,0,0,0,37,2026-02-04 19:10:35.563626
SMMR,25.19,25.05,25.19,2246900.0,,2188000.0,4000.0,,3000.0,0,0,0,0,0,0,0,0,0,0,0,0,0,0,0,0,0,0,0,0,0,0,37,2026-02-04 19:10:35.563626
ATMN,25.29,25.29,25.31,1606500.0,11250.0,2103900.0,,2250.0,650.0,0,0,0,0,0,0,0,0,0,0,0,0,0,0,0,0,0,0,0,0,0,0,37,2026-02-04 19:10:35.563626
WNTR,24.97,24.88,24.9,1894600.0,,2023500.0,10300.0,,9000.0,0,0,0,0,0,0,0,0,0,0,0,0,0,0,0,0,0,0,0,0,0,0,37,2026-02-04 19:10:35.563626
SPNG,24.85,24.85,25.19,1874500.0,9000.0,9000.0,1662700.0,11000.0,,0,0,0,0,0,0,0,0,0,0,0,0,0,0,0,0,0,0,0,0,0,0,38,2026-02-04 19:10:36.627134
SMMR,25.19,25.05,25.19,2103900.0,,,2055600.0,9050.0,5000.0,0,0,0,0,0,0,0,0,0,0,0,0,0,0,0,0,0,0,0,0,0,0,38,2026-02-04 19:10:36.627134
ATMN,25.32,25.3,25.31,1354600.0,13500.0,2250.0,2051400.0,,6650.0,0,0,0,0,0,0,0,0,0,0,0,0,0,0,0,0,0,0,0,0,0,0,38,2026-02-04 19:10:36.627134
WNTR,24.97,24.87,24.97,2318200.0,,,1906900.0,20300.0,,0,0,0,0,0,0,0,0,0,0,0,0,0,0,0,0,0,0,0,0,0,0,38,2026-02-04 19:10:36.627134
SPNG,25.33,24.85,25.33,2308700.0,2317300.0,,,,0,0,0,0,0,0,0,0,0,0,0,0,0,0,0,0,0,0,0,0,0,0,0,39,2026-02-04 19:10:37.676458
SMMR,25.2,25.05,25.2,2012000.0,2327700.0,15000.0,2000.0,,0,0,0,0,0,0,0,0,0,0,0,0,0,0,0,0,0,0,0,0,0,0,0,39,2026-02-04 19:10:37.676458
ATMN,25.32,25.3,25.32,1254200.0,2156300.0,7700.0,,13500.0,0,0,0,0,0,0,0,0,0,0,0,0,0,0,0,0,0,0,0,0,0,0,0,39,2026-02-04 19:10:37.676458
WNTR,24.87,24.87,24.97,2222200.0,1890800.0,2000.0,20300.0,,0,0,0,0,0,0,0,0,0,0,0,0,0,0,0,0,0,0,0,0,0,0,0,39,2026-02-04 19:10:37.676458
SPNG,24.8,24.8,25.17,2321100.0,2082900.0,4500.0,,,,0,0,0,0,0,0,0,0,0,0,0,0,0,0,0,0,0,0,0,0,0,0,40,2026-02-04 19:10:38.737706
SMMR,25.12,25.16,25.2,2018300.0,2327700.0,,15000.0,2000.0,,0,0,0,0,0,0,0,0,0,0,0,0,0,0,0,0,0,0,0,0,0,0,40,2026-02-04 19:10:38.737706
ATMN,25.32,25.03,25.32,1701400.0,2167700.0,,,,11250.0,0,0,0,0,0,0,0,0,0,0,0,0,0,0,0,0,0,0,0,0,0,0,40,2026-02-04 19:10:38.737706
WNTR,24.85,24.85,24.97,2355300.0,1856400.0,,,28000.0,,0,0,0,0,0,0,0,0,0,0,0,0,0,0,0,0,0,0,0,0,0,0,40,2026-02-04 19:10:38.737706
SPNG,25.17,24.84,25.17,6750.0,1992700.0,2082900.0,4500.0,,,0,0,0,0,0,0,0,0,0,0,0,0,0,0,0,0,0,0,0,0,0,0,41,2026-02-04 19:10:39.790471
SMMR,25.23,25.16,25.23,,2018300.0,2316400.0,,15000.0,2000.0,0,0,0,0,0,0,0,0,0,0,0,0,0,0,0,0,0,0,0,0,0,0,41,2026-02-04 19:10:39.790471
ATMN,25.35,25.03,25.2,13500.0,1570400.0,2199900.0,,,,0,0,0,0,0,0,0,0,0,0,0,0,0,0,0,0,0,0,0,0,0,0,41,2026-02-04 19:10:39.790471
WNTR,24.83,24.83,24.84,,2362700.0,1850600.0,,,28000.0,0,0,0,0,0,0,0,0,0,0,0,0,0,0,0,0,0,0,0,0,0,0,41,2026-02-04 19:10:39.790471
SPNG,25.16,24.84,25.16,9000.0,1884500.0,2250.0,2210800.0,,,0,0,0,0,0,0,0,0,0,0,0,0,0,0,0,0,0,0,0,0,0,0,42,2026-02-04 19:10:40.334745
SMMR,25.16,25.16,25.23,,1975400.0,,2316400.0,15000.0,2000.0,0,0,0,0,0,0,0,0,0,0,0,0,0,0,0,0,0,0,0,0,0,0,42,2026-02-04 19:10:40.334745
ATMN,25.2,25.03,25.2,18000.0,1351500.0,,2199900.0,,,0,0,0,0,0,0,0,0,0,0,0,0,0,0,0,0,0,0,0,0,0,0,42,2026-02-04 19:10:40.334745
WNTR,24.84,24.83,24.84,,2381100.0,,1852800.0,,28000.0,0,0,0,0,0,0,0,0,0,0,0,0,0,0,0,0,0,0,0,0,0,0,42,2026-02-04 19:10:40.334745
SPNG,24.96,24.83,24.92,2129600.0,4500.0,2316600.0,,,0,0,0,0,0,0,0,0,0,0,0,0,0,0,0,0,0,0,0,0,0,0,0,43,2026-02-04 19:10:41.397536
SMMR,25.16,25.16,25.23,1955900.0,,2298300.0,15000.0,2000.0,0,0,0,0,0,0,0,0,0,0,0,0,0,0,0,0,0,0,0,0,0,0,0,43,2026-02-04 19:10:41.397536
ATMN,25.2,25.32,25.36,1317300.0,18000.0,2201800.0,,,0,0,0,0,0,0,0,0,0,0,0,0,0,0,0,0,0,0,0,0,0,0,0,43,2026-02-04 19:10:41.397536
WNTR,24.83,24.83,24.95,2396200.0,,1820300.0,,28000.0,0,0,0,0,0,0,0,0,0,0,0,0,0,0,0,0,0,0,0,0,0,0,0,43,2026-02-04 19:10:41.397536
SPNG,24.83,24.83,25.08,2129600.0,4500.0,2084400.0,4500.0,,,0,0,0,0,0,0,0,0,0,0,0,0,0,0,0,0,0,0,0,0,0,0,44,2026-02-04 19:10:42.450448
SMMR,25.23,25.16,25.23,1920100.0,,2422600.0,,15000.0,,0,0,0,0,0,0,0,0,0,0,0,0,0,0,0,0,0,0,0,0,0,0,44,2026-02-04 19:10:42.450448
ATMN,25.2,25.32,25.36,1335600.0,18000.0,2209000.0,,,,0,0,0,0,0,0,0,0,0,0,0,0,0,0,0,0,0,0,0,0,0,0,44,2026-02-04 19:10:42.450448
WNTR,24.82,24.82,24.83,2267900.0,,1825500.0,,2000.0,28000.0,0,0,0,0,0,0,0,0,0,0,0,0,0,0,0,0,0,0,0,0,0,0,44,2026-02-04 19:10:42.450448
SPNG,25.35,24.84,25.35,9000.0,1884500.0,2323200.0,,,0,0,0,0,0,0,0,0,0,0,0,0,0,0,0,0,0,0,0,0,0,0,0,45,2026-02-04 19:10:43.511083
SMMR,25.24,25.16,25.23,,1881800.0,2419900.0,15000.0,,0,0,0,0,0,0,0,0,0,0,0,0,0,0,0,0,0,0,0,0,0,0,0,45,2026-02-04 19:10:43.511083
ATMN,25.37,25.32,25.36,18000.0,1335600.0,2188700.0,,,0,0,0,0,0,0,0,0,0,0,0,0,0,0,0,0,0,0,0,0,0,0,0,45,2026-02-04 19:10:43.511083
WNTR,24.81,24.81,24.82,,2442300.0,1935500.0,,27000.0,0,0,0,0,0,0,0,0,0,0,0,0,0,0,0,0,0,0,0,0,0,0,0,45,2026-02-04 19:10:43.511083
SPNG,24.76,25.21,25.22,2341200.0,2106000.0,4500.0,,,,0,0,0,0,0,0,0,0,0,0,0,0,0,0,0,0,0,0,0,0,0,0,46,2026-02-04 19:10:44.565396
SMMR,25.24,25.16,25.24,1986300.0,2421700.0,,14000.0,,,0,0,0,0,0,0,0,0,0,0,0,0,0,0,0,0,0,0,0,0,0,0,46,2026-02-04 19:10:44.565396
ATMN,25.16,25.16,25.36,1883800.0,2188700.0,,,6750.0,,0,0,0,0,0,0,0,0,0,0,0,0,0,0,0,0,0,0,0,0,0,0,46,2026-02-04 19:10:44.565396
WNTR,24.82,24.82,24.83,2426300.0,1936800.0,,,,27000.0,0,0,0,0,0,0,0,0,0,0,0,0,0,0,0,0,0,0,0,0,0,0,46,2026-02-04 19:10:44.565396
SPNG,25.21,25.21,25.22,2341200.0,2138900.0,4500.0,,,,0,0,0,0,0,0,0,0,0,0,0,0,0,0,0,0,0,0,0,0,0,0,47,2026-02-04 19:10:45.618689
SMMR,25.15,25.19,25.24,2119900.0,2421700.0,,12000.0,,,0,0,0,0,0,0,0,0,0,0,0,0,0,0,0,0,0,0,0,0,0,0,47,2026-02-04 19:10:45.618689
ATMN,25.12,25.13,25.35,1892000.0,1974000.0,4500.0,,6750.0,,0,0,0,0,0,0,0,0,0,0,0,0,0,0,0,0,0,0,0,0,0,0,47,2026-02-04 19:10:45.618689
WNTR,24.83,24.82,24.83,2411400.0,1908200.0,,,,27000.0,0,0,0,0,0,0,0,0,0,0,0,0,0,0,0,0,0,0,0,0,0,0,47,2026-02-04 19:10:45.618689
SPNG,25.21,25.21,25.22,2341200.0,2124000.0,4500.0,,,0,0,0,0,0,0,0,0,0,0,0,0,0,0,0,0,0,0,0,0,0,0,0,48,2026-02-04 19:10:46.719299
SMMR,25.15,25.19,25.24,2119900.0,2431100.0,,12000.0,,0,0,0,0,0,0,0,0,0,0,0,0,0,0,0,0,0,0,0,0,0,0,0,48,2026-02-04 19:10:46.719299
ATMN,25.36,25.28,25.35,2233400.0,2077400.0,2250.0,,,0,0,0,0,0,0,0,0,0,0,0,0,0,0,0,0,0,0,0,0,0,0,0,48,2026-02-04 19:10:46.719299
WNTR,24.82,24.82,24.88,2388300.0,1903300.0,,,27000.0,0,0,0,0,0,0,0,0,0,0,0,0,0,0,0,0,0,0,0,0,0,0,0,48,2026-02-04 19:10:46.719299
SPNG,25.04,24.84,25.03,2128900.0,4500.0,6750.0,2009800.0,,,0,0,0,0,0,0,0,0,0,0,0,0,0,0,0,0,0,0,0,0,0,0,49,2026-02-04 19:10:47.765571
SMMR,25.19,25.19,25.24,2119900.0,,,2437800.0,12000.0,,0,0,0,0,0,0,0,0,0,0,0,0,0,0,0,0,0,0,0,0,0,0,49,2026-02-04 19:10:47.765571
ATMN,25.4,25.29,25.4,2020600.0,4500.0,2250.0,2062300.0,,,0,0,0,0,0,0,0,0,0,0,0,0,0,0,0,0,0,0,0,0,0,0,49,2026-02-04 19:10:47.765571
WNTR,24.81,24.88,24.89,2383900.0,,,1777900.0,,28000.0,0,0,0,0,0,0,0,0,0,0,0,0,0,0,0,0,0,0,0,0,0,0,49,2026-02-04 19:10:47.765571
SPNG,25.25,24.85,25.25,9000.0,1881800.0,1999900.0,6750.0,,,0,0,0,0,0,0,0,0,0,0,0,0,0,0,0,0,0,0,0,0,0,0,50,2026-02-04 19:10:48.808179
SMMR,25.15,25.12,25.15,,1884500.0,2412100.0,,15000.0,,0,0,0,0,0,0,0,0,0,0,0,0,0,0,0,0,0,0,0,0,0,0,50,2026-02-04 19:10:48.808179
ATMN,25.41,25.41,25.42,,2197300.0,2186900.0,,,,0,0,0,0,0,0,0,0,0,0,0,0,0,0,0,0,0,0,0,0,0,0,50,2026-02-04 19:10:48.808179
WNTR,24.88,24.88,24.95,,2383900.0,1802300.0,,,28000.0,0,0,0,0,0,0,0,0,0,0,0,0,0,0,0,0,0,0,0,0,0,0,50,2026-02-04 19:10:48.808179
SPNG,24.84,24.84,25.35,2131800.0,4500.0,2076300.0,4500.0,,,0,0,0,0,0,0,0,0,0,0,0,0,0,0,0,0,0,0,0,0,0,0,51,2026-02-04 19:10:49.857238
SMMR,25.15,25.12,25.15,2015600.0,,2403900.0,,14000.0,,0,0,0,0,0,0,0,0,0,0,0,0,0,0,0,0,0,0,0,0,0,0,51,2026-02-04 19:10:49.857238
ATMN,25.42,25.41,25.42,1953200.0,4500.0,2078600.0,2250.0,,,0,0,0,0,0,0,0,0,0,0,0,0,0,0,0,0,0,0,0,0,0,0,51,2026-02-04 19:10:49.857238
WNTR,24.81,24.81,24.95,2413000.0,,1802300.0,,,28000.0,0,0,0,0,0,0,0,0,0,0,0,0,0,0,0,0,0,0,0,0,0,0,51,2026-02-04 19:10:49.857238
SPNG,24.72,24.72,25.35,2079600.0,4500.0,1972900.0,6750.0,,,0,0,0,0,0,0,0,0,0,0,0,0,0,0,0,0,0,0,0,0,0,0,52,2026-02-04 19:10:50.400016
SMMR,25.22,25.12,25.22,2015600.0,,2431700.0,,14000.0,,0,0,0,0,0,0,0,0,0,0,0,0,0,0,0,0,0,0,0,0,0,0,52,2026-02-04 19:10:50.400016
ATMN,25.42,25.41,25.42,1835500.0,6750.0,1991800.0,4500.0,,,0,0,0,0,0,0,0,0,0,0,0,0,0,0,0,0,0,0,0,0,0,0,52,2026-02-04 19:10:50.400016
WNTR,24.8,24.8,24.88,2417500.0,,1811600.0,,,28000.0,0,0,0,0,0,0,0,0,0,0,0,0,0,0,0,0,0,0,0,0,0,0,52,2026-02-04 19:10:50.400016
SPNG,24.69,24.69,25.35,2323300.0,1743200.0,11250.0,,,,0,0,0,0,0,0,0,0,0,0,0,0,0,0,0,0,0,0,0,0,0,0,53,2026-02-04 19:10:51.447347
SMMR,25.22,25.21,25.22,2123200.0,2431700.0,,12000.0,,,0,0,0,0,0,0,0,0,0,0,0,0,0,0,0,0,0,0,0,0,0,0,53,2026-02-04 19:10:51.447347
ATMN,25.42,25.41,25.42,1584600.0,1927700.0,6750.0,,11250.0,,0,0,0,0,0,0,0,0,0,0,0,0,0,0,0,0,0,0,0,0,0,0,53,2026-02-04 19:10:51.447347
WNTR,24.8,24.8,24.97,2418900.0,1831600.0,,,,28000.0,0,0,0,0,0,0,0,0,0,0,0,0,0,0,0,0,0,0,0,0,0,0,53,2026-02-04 19:10:51.447347
SPNG,24.77,25.33,25.35,2299800.0,1497000.0,15750.0,,,,0,0,0,0,0,0,0,0,0,0,0,0,0,0,0,0,0,0,0,0,0,0,54,2026-02-04 19:10:52.494426
SMMR,25.26,25.21,25.22,2098600.0,2456100.0,,12000.0,,,0,0,0,0,0,0,0,0,0,0,0,0,0,0,0,0,0,0,0,0,0,0,54,2026-02-04 19:10:52.494426
ATMN,25.41,25.28,25.4,1378900.0,1902200.0,6750.0,,15750.0,,0,0,0,0,0,0,0,0,0,0,0,0,0,0,0,0,0,0,0,0,0,0,54,2026-02-04 19:10:52.494426
WNTR,24.79,24.79,24.99,2457900.0,2108400.0,,,,3000.0,0,0,0,0,0,0,0,0,0,0,0,0,0,0,0,0,0,0,0,0,0,0,54,2026-02-04 19:10:52.494426
SPNG,24.96,25.28,25.34,2317100.0,20250.0,1302000.0,,,,0,0,0,0,0,0,0,0,0,0,0,0,0,0,0,0,0,0,0,0,0,0,55,2026-02-04 19:10:53.550220
SMMR,25.15,25.15,25.25,2129000.0,,2430300.0,12000.0,,,0,0,0,0,0,0,0,0,0,0,0,0,0,0,0,0,0,0,0,0,0,0,55,2026-02-04 19:10:53.550220
ATMN,25.18,25.19,25.47,1942500.0,,2180500.0,,4500.0,,0,0,0,0,0,0,0,0,0,0,0,0,0,0,0,0,0,0,0,0,0,0,55,2026-02-04 19:10:53.550220
WNTR,24.79,24.94,24.99,2443100.0,,2108400.0,,,3000.0,0,0,0,0,0,0,0,0,0,0,0,0,0,0,0,0,0,0,0,0,0,0,55,2026-02-04 19:10:53.550220
SPNG,25.36,24.69,25.36,2323300.0,2278700.0,,,,0,0,0,0,0,0,0,0,0,0,0,0,0,0,0,0,0,0,0,0,0,0,0,56,2026-02-04 19:10:54.617198
SMMR,25.12,25.12,25.25,1999900.0,2434200.0,14000.0,,,0,0,0,0,0,0,0,0,0,0,0,0,0,0,0,0,0,0,0,0,0,0,0,56,2026-02-04 19:10:54.617198
ATMN,25.15,25.15,25.31,2216800.0,2093600.0,,2250.0,,0,0,0,0,0,0,0,0,0,0,0,0,0,0,0,0,0,0,0,0,0,0,0,56,2026-02-04 19:10:54.617198
WNTR,24.79,24.79,24.84,2454500.0,2192200.0,,,1000.0,0,0,0,0,0,0,0,0,0,0,0,0,0,0,0,0,0,0,0,0,0,0,0,56,2026-02-04 19:10:54.617198
SPNG,25.36,24.7,25.36,4500.0,2073600.0,2267000.0,,,,0,0,0,0,0,0,0,0,0,0,0,0,0,0,0,0,0,0,0,0,0,0,57,2026-02-04 19:10:55.666964
SMMR,25.25,25.2,25.25,,2104000.0,2434200.0,12000.0,,,0,0,0,0,0,0,0,0,0,0,0,0,0,0,0,0,0,0,0,0,0,0,57,2026-02-04 19:10:55.666964
ATMN,25.15,25.23,25.31,,2234000.0,1859500.0,,6750.0,,0,0,0,0,0,0,0,0,0,0,0,0,0,0,0,0,0,0,0,0,0,0,57,2026-02-04 19:10:55.666964
WNTR,24.84,24.89,24.95,,2457500.0,2211300.0,,,1000.0,0,0,0,0,0,0,0,0,0,0,0,0,0,0,0,0,0,0,0,0,0,0,57,2026-02-04 19:10:55.666964
SPNG,25.38,24.69,24.91,2299600.0,2248400.0,,,0,0,0,0,0,0,0,0,0,0,0,0,0,0,0,0,0,0,0,0,0,0,0,0,58,2026-02-04 19:10:56.732680
SMMR,25.26,25.2,25.25,2124000.0,2413900.0,12000.0,,0,0,0,0,0,0,0,0,0,0,0,0,0,0,0,0,0,0,0,0,0,0,0,0,58,2026-02-04 19:10:56.732680
ATMN,25.23,25.23,25.47,2234000.0,2181400.0,,,0,0,0,0,0,0,0,0,0,0,0,0,0,0,0,0,0,0,0,0,0,0,0,0,58,2026-02-04 19:10:56.732680
WNTR,24.83,24.83,24.95,2422500.0,2211300.0,,1000.0,0,0,0,0,0,0,0,0,0,0,0,0,0,0,0,0,0,0,0,0,0,0,0,0,58,2026-02-04 19:10:56.732680
SPNG,25.41,24.69,25.41,2294900.0,2234600.0,,,0,0,0,0,0,0,0,0,0,0,0,0,0,0,0,0,0,0,0,0,0,0,0,0,59,2026-02-04 19:10:57.792050
SMMR,25.26,25.25,25.26,2116800.0,2420600.0,12000.0,,0,0,0,0,0,0,0,0,0,0,0,0,0,0,0,0,0,0,0,0,0,0,0,0,59,2026-02-04 19:10:57.792050
ATMN,25.51,25.16,25.51,2201000.0,2152300.0,,,0,0,0,0,0,0,0,0,0,0,0,0,0,0,0,0,0,0,0,0,0,0,0,0,59,2026-02-04 19:10:57.792050
WNTR,24.77,24.77,24.93,2454900.0,2213100.0,,1000.0,0,0,0,0,0,0,0,0,0,0,0,0,0,0,0,0,0,0,0,0,0,0,0,0,59,2026-02-04 19:10:57.792050
SPNG,25.41,25.53,25.6,985000.0,716400.0,,,0,0,0,0,0,0,0,0,0,0,0,0,0,0,0,0,0,0,0,0,0,0,0,0,60,2026-02-04 19:10:58.829623
SMMR,25.46,25.46,25.76,828900.0,785800.0,15000.0,,0,0,0,0,0,0,0,0,0,0,0,0,0,0,0,0,0,0,0,0,0,0,0,0,60,2026-02-04 19:10:58.829623
ATMN,24.3,24.3,24.66,963400.0,821600.0,,,0,0,0,0,0,0,0,0,0,0,0,0,0,0,0,0,0,0,0,0,0,0,0,0,60,2026-02-04 19:10:58.829623
WNTR,24.77,24.76,24.95,927200.0,922700.0,3000.0,6000.0,0,0,0,0,0,0,0,0,0,0,0,0,0,0,0,0,0,0,0,0,0,0,0,0,60,2026-02-04 19:10:58.829623
SPNG,25.48,25.48,25.59,1022600.0,4500.0,809900.0,,,,0,0,0,0,0,0,0,0,0,0,0,0,0,0,0,0,0,0,0,0,0,0,61,2026-02-04 19:10:59.865387
SMMR,25.46,25.46,25.66,971800.0,,1012700.0,18000.0,3000.0,,0,0,0,0,0,0,0,0,0,0,0,0,0,0,0,0,0,0,0,0,0,0,61,2026-02-04 19:10:59.865387
ATMN,24.44,24.53,24.65,1096100.0,2250.0,915400.0,,,4500.0,0,0,0,0,0,0,0,0,0,0,0,0,0,0,0,0,0,0,0,0,0,0,61,2026-02-04 19:10:59.865387
WNTR,24.77,24.76,24.93,927200.0,,1280100.0,6000.0,9000.0,,0,0,0,0,0,0,0,0,0,0,0,0,0,0,0,0,0,0,0,0,0,0,61,2026-02-04 19:10:59.865387
SPNG,25.6,25.89,26.16,4500.0,1139100.0,3000.0,796200.0,,,0,0,0,0,0,0,0,0,0,0,0,0,0,0,0,0,0,0,0,0,0,0,62,2026-02-04 19:11:00.906165
SMMR,25.46,25.32,25.44,,1347000.0,18000.0,1144800.0,3000.0,,0,0,0,0,0,0,0,0,0,0,0,0,0,0,0,0,0,0,0,0,0,0,62,2026-02-04 19:11:00.906165
ATMN,24.43,24.6,24.65,6750.0,1071800.0,3000.0,1158800.0,,6750.0,0,0,0,0,0,0,0,0,0,0,0,0,0,0,0,0,0,0,0,0,0,0,62,2026-02-04 19:11:00.906165
WNTR,24.76,24.76,24.86,,940700.0,9000.0,1606600.0,12000.0,,0,0,0,0,0,0,0,0,0,0,0,0,0,0,0,0,0,0,0,0,0,0,62,2026-02-04 19:11:00.906165
SPNG,25.88,25.88,26.02,1139100.0,3000.0,4500.0,1017400.0,3000.0,4500.0,0,0,0,0,0,0,0,0,0,0,0,0,0,0,0,0,0,0,0,0,0,0,63,2026-02-04 19:11:01.433396
SMMR,25.69,25.52,25.69,1448300.0,18000.0,,914800.0,,,0,0,0,0,0,0,0,0,0,0,0,0,0,0,0,0,0,0,0,0,0,0,63,2026-02-04 19:11:01.433396
ATMN,24.22,24.22,24.31,988500.0,,2250.0,1375200.0,3000.0,9000.0,0,0,0,0,0,0,0,0,0,0,0,0,0,0,0,0,0,0,0,0,0,0,63,2026-02-04 19:11:01.433396
WNTR,24.76,24.77,24.86,1070000.0,9000.0,,1713000.0,12000.0,,0,0,0,0,0,0,0,0,0,0,0,0,0,0,0,0,0,0,0,0,0,0,63,2026-02-04 19:11:01.433396
SPNG,25.88,25.88,26.02,1139100.0,3000.0,6750.0,1338000.0,6750.0,3000.0,0,0,0,0,0,0,0,0,0,0,0,0,0,0,0,0,0,0,0,0,0,0,64,2026-02-04 19:11:02.481914
SMMR,25.5,25.32,25.44,1347000.0,18000.0,,1025500.0,,4000.0,0,0,0,0,0,0,0,0,0,0,0,0,0,0,0,0,0,0,0,0,0,0,64,2026-02-04 19:11:02.481914
ATMN,24.31,24.21,24.3,1274500.0,,,1375200.0,13500.0,3000.0,0,0,0,0,0,0,0,0,0,0,0,0,0,0,0,0,0,0,0,0,0,0,64,2026-02-04 19:11:02.481914
WNTR,24.77,24.77,24.86,1180600.0,15000.0,,1599700.0,,14000.0,0,0,0,0,0,0,0,0,0,0,0,0,0,0,0,0,0,0,0,0,0,0,64,2026-02-04 19:11:02.481914
SPNG,25.88,25.53,25.83,3000.0,11250.0,1022600.0,1514900.0,11250.0,3000.0,0,0,0,0,0,0,0,0,0,0,0,0,0,0,0,0,0,0,0,0,0,0,65,2026-02-04 19:11:03.523146
SMMR,25.63,25.32,25.63,18000.0,,1477900.0,1050400.0,,4000.0,0,0,0,0,0,0,0,0,0,0,0,0,0,0,0,0,0,0,0,0,0,0,65,2026-02-04 19:11:03.523146
ATMN,24.31,24.42,24.65,,2250.0,1367000.0,1319600.0,15750.0,3000.0,0,0,0,0,0,0,0,0,0,0,0,0,0,0,0,0,0,0,0,0,0,0,65,2026-02-04 19:11:03.523146
WNTR,24.79,24.72,24.79,,,951300.0,1627800.0,,14000.0,0,0,0,0,0,0,0,0,0,0,0,0,0,0,0,0,0,0,0,0,0,0,65,2026-02-04 19:11:03.523146
SPNG,25.46,25.59,25.82,1166800.0,15750.0,1329500.0,3000.0,,,0,0,0,0,0,0,0,0,0,0,0,0,0,0,0,0,0,0,0,0,0,0,66,2026-02-04 19:11:04.578048
SMMR,25.63,25.45,25.56,1683700.0,,1268100.0,9000.0,18000.0,,0,0,0,0,0,0,0,0,0,0,0,0,0,0,0,0,0,0,0,0,0,0,66,2026-02-04 19:11:04.578048
ATMN,24.66,24.42,24.61,1367000.0,,1802400.0,,,6750.0,0,0,0,0,0,0,0,0,0,0,0,0,0,0,0,0,0,0,0,0,0,0,66,2026-02-04 19:11:04.578048
WNTR,24.86,24.72,24.86,951300.0,,1631700.0,14000.0,,,0,0,0,0,0,0,0,0,0,0,0,0,0,0,0,0,0,0,0,0,0,0,66,2026-02-04 19:11:04.578048
SPNG,25.66,25.29,25.66,1183000.0,1222400.0,18000.0,3000.0,,,0,0,0,0,0,0,0,0,0,0,0,0,0,0,0,0,0,0,0,0,0,0,67,2026-02-04 19:11:05.771054
SMMR,25.33,25.32,25.33,1712600.0,1512800.0,,13000.0,18000.0,,0,0,0,0,0,0,0,0,0,0,0,0,0,0,0,0,0,0,0,0,0,0,67,2026-02-04 19:11:05.771054
ATMN,24.52,24.22,24.52,1274500.0,2040800.0,,,,13500.0,0,0,0,0,0,0,0,0,0,0,0,0,0,0,0,0,0,0,0,0,0,0,67,2026-02-04 19:11:05.771054
WNTR,24.72,24.41,24.6,1386400.0,1401700.0,,26000.0,,,0,0,0,0,0,0,0,0,0,0,0,0,0,0,0,0,0,0,0,0,0,0,67,2026-02-04 19:11:05.771054
SPNG,25.54,25.32,25.45,1308800.0,1594600.0,11250.0,3000.0,,,0,0,0,0,0,0,0,0,0,0,0,0,0,0,0,0,0,0,0,0,0,0,68,2026-02-04 19:11:06.926071
SMMR,25.56,25.34,25.56,1812800.0,1504300.0,,10000.0,18000.0,,0,0,0,0,0,0,0,0,0,0,0,0,0,0,0,0,0,0,0,0,0,0,68,2026-02-04 19:11:06.926071
ATMN,24.59,24.25,24.59,1377200.0,2017400.0,,,,18000.0,0,0,0,0,0,0,0,0,0,0,0,0,0,0,0,0,0,0,0,0,0,0,68,2026-02-04 19:11:06.926071
WNTR,24.72,24.57,24.6,1831800.0,1401700.0,,26000.0,3000.0,,0,0,0,0,0,0,0,0,0,0,0,0,0,0,0,0,0,0,0,0,0,0,68,2026-02-04 19:11:06.926071
SPNG,25.66,25.32,25.65,1431500.0,11250.0,1556800.0,3000.0,,,0,0,0,0,0,0,0,0,0,0,0,0,0,0,0,0,0,0,0,0,0,0,69,2026-02-04 19:11:07.509021
SMMR,25.56,25.46,25.56,1793700.0,,1621400.0,10000.0,18000.0,,0,0,0,0,0,0,0,0,0,0,0,0,0,0,0,0,0,0,0,0,0,0,69,2026-02-04 19:11:07.509021
ATMN,24.61,24.25,24.61,1235000.0,,2166200.0,,,22500.0,0,0,0,0,0,0,0,0,0,0,0,0,0,0,0,0,0,0,0,0,0,0,69,2026-02-04 19:11:07.509021
WNTR,24.86,24.57,24.76,1928700.0,,1530100.0,16000.0,13000.0,,0,0,0,0,0,0,0,0,0,0,0,0,0,0,0,0,0,0,0,0,0,0,69,2026-02-04 19:11:07.509021
SPNG,25.32,25.32,25.65,1431500.0,2250.0,1702000.0,9000.0,3000.0,,0,0,0,0,0,0,0,0,0,0,0,0,0,0,0,0,0,0,0,0,0,0,70,2026-02-04 19:11:08.654413
SMMR,25.56,25.46,25.48,1803200.0,,1828500.0,,10000.0,18000.0,0,0,0,0,0,0,0,0,0,0,0,0,0,0,0,0,0,0,0,0,0,0,70,2026-02-04 19:11:08.654413
ATMN,24.61,24.25,24.38,1182600.0,22500.0,2199400.0,,,,0,0,0,0,0,0,0,0,0,0,0,0,0,0,0,0,0,0,0,0,0,0,70,2026-02-04 19:11:08.654413
WNTR,24.76,24.8,24.86,2144800.0,,1515200.0,,16000.0,13000.0,0,0,0,0,0,0,0,0,0,0,0,0,0,0,0,0,0,0,0,0,0,0,70,2026-02-04 19:11:08.654413
SPNG,24.96,24.95,24.96,1189400.0,1468600.0,13500.0,3000.0,,,0,0,0,0,0,0,0,0,0,0,0,0,0,0,0,0,0,0,0,0,0,0,71,2026-02-04 19:11:09.711564
SMMR,25.39,25.34,25.39,1812800.0,1964200.0,,10000.0,18000.0,,0,0,0,0,0,0,0,0,0,0,0,0,0,0,0,0,0,0,0,0,0,0,71,2026-02-04 19:11:09.711564
ATMN,24.38,24.28,24.38,1331100.0,2242000.0,,,,20250.0,0,0,0,0,0,0,0,0,0,0,0,0,0,0,0,0,0,0,0,0,0,0,71,2026-02-04 19:11:09.711564
WNTR,24.57,24.57,24.67,2160100.0,1519800.0,,16000.0,13000.0,,0,0,0,0,0,0,0,0,0,0,0,0,0,0,0,0,0,0,0,0,0,0,71,2026-02-04 19:11:09.711564
SPNG,25.65,24.96,25.65,2250.0,1554300.0,1457100.0,13500.0,3000.0,,0,0,0,0,0,0,0,0,0,0,0,0,0,0,0,0,0,0,0,0,0,0,72,2026-02-04 19:11:10.758665
SMMR,25.27,25.27,25.48,,1616500.0,1968400.0,,10000.0,18000.0,0,0,0,0,0,0,0,0,0,0,0,0,0,0,0,0,0,0,0,0,0,0,72,2026-02-04 19:11:10.758665
ATMN,24.38,24.45,24.47,18000.0,1473800.0,2241100.0,,,,0,0,0,0,0,0,0,0,0,0,0,0,0,0,0,0,0,0,0,0,0,0,72,2026-02-04 19:11:10.758665
WNTR,24.86,24.57,24.68,,2160100.0,1534400.0,,16000.0,13000.0,0,0,0,0,0,0,0,0,0,0,0,0,0,0,0,0,0,0,0,0,0,0,72,2026-02-04 19:11:10.758665
SPNG,25.65,25.52,25.65,1913400.0,6750.0,1355500.0,15750.0,3000.0,,0,0,0,0,0,0,0,0,0,0,0,0,0,0,0,0,0,0,0,0,0,0,73,2026-02-04 19:11:11.829647
SMMR,25.52,25.5,25.52,1870900.0,,1856800.0,,10000.0,18000.0,0,0,0,0,0,0,0,0,0,0,0,0,0,0,0,0,0,0,0,0,0,0,73,2026-02-04 19:11:11.829647
ATMN,24.21,24.21,24.43,1638000.0,,2032200.0,4500.0,,,0,0,0,0,0,0,0,0,0,0,0,0,0,0,0,0,0,0,0,0,0,0,73,2026-02-04 19:11:11.829647
WNTR,24.86,24.57,24.62,2070800.0,,1538300.0,,16000.0,13000.0,0,0,0,0,0,0,0,0,0,0,0,0,0,0,0,0,0,0,0,0,0,0,73,2026-02-04 19:11:11.829647
SPNG,25.43,25.44,25.65,6750.0,1814200.0,1145500.0,20250.0,3000.0,,0,0,0,0,0,0,0,0,0,0,0,0,0,0,0,0,0,0,0,0,0,0,74,2026-02-04 19:11:12.884077
SMMR,25.36,25.36,25.52,,1749800.0,2025700.0,,10000.0,18000.0,0,0,0,0,0,0,0,0,0,0,0,0,0,0,0,0,0,0,0,0,0,0,74,2026-02-04 19:11:12.884077
ATMN,24.43,24.31,24.42,,1758400.0,1924200.0,6750.0,,,0,0,0,0,0,0,0,0,0,0,0,0,0,0,0,0,0,0,0,0,0,0,74,2026-02-04 19:11:12.884077
WNTR,24.68,24.57,24.68,,2048600.0,1534400.0,,16000.0,13000.0,0,0,0,0,0,0,0,0,0,0,0,0,0,0,0,0,0,0,0,0,0,0,74,2026-02-04 19:11:12.884077
SPNG,25.43,25.5,25.65,1838900.0,11250.0,1052000.0,24750.0,,,0,0,0,0,0,0,0,0,0,0,0,0,0,0,0,0,0,0,0,0,0,0,75,2026-02-04 19:11:13.500578
SMMR,25.46,25.46,25.52,1877500.0,,2025700.0,,18000.0,10000.0,0,0,0,0,0,0,0,0,0,0,0,0,0,0,0,0,0,0,0,0,0,0,75,2026-02-04 19:11:13.500578
ATMN,24.47,24.31,24.45,1758400.0,,2145200.0,2250.0,,,0,0,0,0,0,0,0,0,0,0,0,0,0,0,0,0,0,0,0,0,0,0,75,2026-02-04 19:11:13.500578
WNTR,24.68,24.57,24.68,2077500.0,,1534400.0,,13000.0,16000.0,0,0,0,0,0,0,0,0,0,0,0,0,0,0,0,0,0,0,0,0,0,0,75,2026-02-04 19:11:13.500578
SPNG,25.47,24.72,25.03,1587000.0,824000.0,29250.0,,,0,0,0,0,0,0,0,0,0,0,0,0,0,0,0,0,0,0,0,0,0,0,0,76,2026-02-04 19:11:14.571093
SMMR,25.36,25.45,25.52,1877000.0,2025700.0,,18000.0,10000.0,0,0,0,0,0,0,0,0,0,0,0,0,0,0,0,0,0,0,0,0,0,0,0,76,2026-02-04 19:11:14.571093
ATMN,24.5,24.21,24.5,1774800.0,2235100.0,,,,0,0,0,0,0,0,0,0,0,0,0,0,0,0,0,0,0,0,0,0,0,0,0,76,2026-02-04 19:11:14.571093
WNTR,24.75,24.57,24.61,2117400.0,1535000.0,,13000.0,16000.0,0,0,0,0,0,0,0,0,0,0,0,0,0,0,0,0,0,0,0,0,0,0,0,76,2026-02-04 19:11:14.571093
SPNG,25.78,25.24,25.78,1822100.0,31500.0,686000.0,,,,0,0,0,0,0,0,0,0,0,0,0,0,0,0,0,0,0,0,0,0,0,0,77,2026-02-04 19:11:15.619367
SMMR,25.54,25.45,25.54,1849400.0,,1967300.0,18000.0,10000.0,,0,0,0,0,0,0,0,0,0,0,0,0,0,0,0,0,0,0,0,0,0,0,77,2026-02-04 19:11:15.619367
ATMN,24.5,24.21,24.49,2125000.0,4500.0,2027800.0,,,2250.0,0,0,0,0,0,0,0,0,0,0,0,0,0,0,0,0,0,0,0,0,0,0,77,2026-02-04 19:11:15.619367
WNTR,24.75,24.66,24.75,2111800.0,,1553200.0,13000.0,16000.0,,0,0,0,0,0,0,0,0,0,0,0,0,0,0,0,0,0,0,0,0,0,0,77,2026-02-04 19:11:15.619367
SPNG,25.84,25.24,25.84,1917800.0,1746400.0,6750.0,3000.0,,,0,0,0,0,0,0,0,0,0,0,0,0,0,0,0,0,0,0,0,0,0,0,78,2026-02-04 19:11:16.666657
SMMR,25.41,25.41,25.44,1856400.0,1871400.0,,9000.0,18000.0,,0,0,0,0,0,0,0,0,0,0,0,0,0,0,0,0,0,0,0,0,0,0,78,2026-02-04 19:11:16.666657
ATMN,24.18,24.26,24.49,2262900.0,1781900.0,9000.0,,,2250.0,0,0,0,0,0,0,0,0,0,0,0,0,0,0,0,0,0,0,0,0,0,0,78,2026-02-04 19:11:16.666657
WNTR,24.76,24.72,24.76,2081100.0,1524600.0,,16000.0,13000.0,,0,0,0,0,0,0,0,0,0,0,0,0,0,0,0,0,0,0,0,0,0,0,78,2026-02-04 19:11:16.666657
SPNG,25.84,25.25,25.84,4500.0,1917800.0,2049600.0,3000.0,,,0,0,0,0,0,0,0,0,0,0,0,0,0,0,0,0,0,0,0,0,0,0,79,2026-02-04 19:11:17.716261
SMMR,25.61,25.41,25.61,,1852500.0,1617300.0,9000.0,18000.0,,0,0,0,0,0,0,0,0,0,0,0,0,0,0,0,0,0,0,0,0,0,0,79,2026-02-04 19:11:17.716261
ATMN,24.26,24.27,24.49,4500.0,2262900.0,1724500.0,,,11250.0,0,0,0,0,0,0,0,0,0,0,0,0,0,0,0,0,0,0,0,0,0,0,79,2026-02-04 19:11:17.716261
WNTR,24.57,24.57,24.66,,2332400.0,1548000.0,16000.0,,,0,0,0,0,0,0,0,0,0,0,0,0,0,0,0,0,0,0,0,0,0,0,79,2026-02-04 19:11:17.716261
SPNG,25.84,25.25,25.84,9000.0,2032800.0,2033200.0,3000.0,,,0,0,0,0,0,0,0,0,0,0,0,0,0,0,0,0,0,0,0,0,0,0,80,2026-02-04 19:11:18.762516
SMMR,25.61,25.56,25.59,,1885600.0,1860800.0,13000.0,18000.0,,0,0,0,0,0,0,0,0,0,0,0,0,0,0,0,0,0,0,0,0,0,0,80,2026-02-04 19:11:18.762516
ATMN,24.26,24.2,24.25,4500.0,2190700.0,1478400.0,,,15750.0,0,0,0,0,0,0,0,0,0,0,0,0,0,0,0,0,0,0,0,0,0,0,80,2026-02-04 19:11:18.762516
WNTR,24.66,24.71,24.73,,2240000.0,1500600.0,16000.0,10000.0,,0,0,0,0,0,0,0,0,0,0,0,0,0,0,0,0,0,0,0,0,0,0,80,2026-02-04 19:11:18.762516
SPNG,24.93,25.25,25.34,2250.0,1899800.0,2036500.0,3000.0,,0,0,0,0,0,0,0,0,0,0,0,0,0,0,0,0,0,0,0,0,0,0,0,81,2026-02-04 19:11:19.816275
SMMR,25.58,25.56,25.58,,1885600.0,1987700.0,13000.0,18000.0,0,0,0,0,0,0,0,0,0,0,0,0,0,0,0,0,0,0,0,0,0,0,0,81,2026-02-04 19:11:19.816275
ATMN,24.49,24.49,24.5,,2423100.0,2296600.0,,,0,0,0,0,0,0,0,0,0,0,0,0,0,0,0,0,0,0,0,0,0,0,0,81,2026-02-04 19:11:19.816275
WNTR,24.76,24.55,24.76,,2372900.0,1376900.0,26000.0,,0,0,0,0,0,0,0,0,0,0,0,0,0,0,0,0,0,0,0,0,0,0,0,81,2026-02-04 19:11:19.816275
SPNG,25.85,25.25,25.84,6750.0,2028100.0,2250.0,1923700.0,3000.0,,0,0,0,0,0,0,0,0,0,0,0,0,0,0,0,0,0,0,0,0,0,0,82,2026-02-04 19:11:20.892669
SMMR,25.58,25.56,25.58,,1867100.0,,1961800.0,13000.0,18000.0,0,0,0,0,0,0,0,0,0,0,0,0,0,0,0,0,0,0,0,0,0,0,82,2026-02-04 19:11:20.892669
ATMN,24.49,24.41,24.45,2250.0,2285600.0,2250.0,2188100.0,,,0,0,0,0,0,0,0,0,0,0,0,0,0,0,0,0,0,0,0,0,0,0,82,2026-02-04 19:11:20.892669
WNTR,24.64,24.64,24.77,,2346300.0,,1508900.0,16000.0,,0,0,0,0,0,0,0,0,0,0,0,0,0,0,0,0,0,0,0,0,0,0,82,2026-02-04 19:11:20.892669
SPNG,25.83,25.83,25.84,2010000.0,4500.0,6750.0,1721100.0,3000.0,,0,0,0,0,0,0,0,0,0,0,0,0,0,0,0,0,0,0,0,0,0,0,83,2026-02-04 19:11:21.937333
SMMR,25.55,25.55,25.58,1874600.0,,,1991900.0,13000.0,18000.0,0,0,0,0,0,0,0,0,0,0,0,0,0,0,0,0,0,0,0,0,0,0,83,2026-02-04 19:11:21.937333
ATMN,24.17,24.19,24.45,2189900.0,4500.0,,2303900.0,,,0,0,0,0,0,0,0,0,0,0,0,0,0,0,0,0,0,0,0,0,0,0,83,2026-02-04 19:11:21.937333
WNTR,24.53,24.53,24.8,2369500.0,,,1497300.0,24000.0,,0,0,0,0,0,0,0,0,0,0,0,0,0,0,0,0,0,0,0,0,0,0,83,2026-02-04 19:11:21.937333
SPNG,25.3,25.22,25.3,1929300.0,9000.0,1595400.0,9000.0,3000.0,,0,0,0,0,0,0,0,0,0,0,0,0,0,0,0,0,0,0,0,0,0,0,84,2026-02-04 19:11:22.985820
SMMR,25.38,25.38,25.44,1874500.0,,1969500.0,,13000.0,18000.0,0,0,0,0,0,0,0,0,0,0,0,0,0,0,0,0,0,0,0,0,0,0,84,2026-02-04 19:11:22.985820
ATMN,24.16,24.16,24.45,2339300.0,,2099700.0,4500.0,,,0,0,0,0,0,0,0,0,0,0,0,0,0,0,0,0,0,0,0,0,0,0,84,2026-02-04 19:11:22.985820
WNTR,24.53,24.53,24.8,2369500.0,,1598400.0,,21000.0,,0,0,0,0,0,0,0,0,0,0,0,0,0,0,0,0,0,0,0,0,0,0,84,2026-02-04 19:11:22.985820
SPNG,25.3,25.32,25.37,1706200.0,11250.0,1361400.0,13500.0,3000.0,,0,0,0,0,0,0,0,0,0,0,0,0,0,0,0,0,0,0,0,0,0,0,85,2026-02-04 19:11:24.036761
SMMR,25.38,25.38,25.44,1874500.0,,1972400.0,,13000.0,18000.0,0,0,0,0,0,0,0,0,0,0,0,0,0,0,0,0,0,0,0,0,0,0,85,2026-02-04 19:11:24.036761
ATMN,24.49,24.17,24.3,2197100.0,4500.0,2330600.0,,,,0,0,0,0,0,0,0,0,0,0,0,0,0,0,0,0,0,0,0,0,0,0,85,2026-02-04 19:11:24.036761
WNTR,24.53,24.53,24.69,2397900.0,,1704900.0,,20000.0,,0,0,0,0,0,0,0,0,0,0,0,0,0,0,0,0,0,0,0,0,0,0,85,2026-02-04 19:11:24.036761
SPNG,25.37,25.32,25.37,1575500.0,13500.0,1260400.0,15750.0,3000.0,,0,0,0,0,0,0,0,0,0,0,0,0,0,0,0,0,0,0,0,0,0,0,86,2026-02-04 19:11:24.606516
SMMR,25.23,25.23,25.44,1876100.0,,1972400.0,,13000.0,18000.0,0,0,0,0,0,0,0,0,0,0,0,0,0,0,0,0,0,0,0,0,0,0,86,2026-02-04 19:11:24.606516
ATMN,24.16,24.16,24.29,2446400.0,,2217200.0,2250.0,,,0,0,0,0,0,0,0,0,0,0,0,0,0,0,0,0,0,0,0,0,0,0,86,2026-02-04 19:11:24.606516
WNTR,24.8,24.57,24.8,2358300.0,,1711300.0,,20000.0,,0,0,0,0,0,0,0,0,0,0,0,0,0,0,0,0,0,0,0,0,0,0,86,2026-02-04 19:11:24.606516
SPNG,25.49,25.5,25.85,1599100.0,13500.0,1923700.0,2250.0,3000.0,,0,0,0,0,0,0,0,0,0,0,0,0,0,0,0,0,0,0,0,0,0,0,87,2026-02-04 19:11:25.662013
SMMR,25.23,25.23,25.44,1878200.0,,1991500.0,,13000.0,18000.0,0,0,0,0,0,0,0,0,0,0,0,0,0,0,0,0,0,0,0,0,0,0,87,2026-02-04 19:11:25.662013
ATMN,24.16,24.17,24.29,2304200.0,2250.0,2062500.0,4500.0,,,0,0,0,0,0,0,0,0,0,0,0,0,0,0,0,0,0,0,0,0,0,0,87,2026-02-04 19:11:25.662013
WNTR,24.8,24.68,24.76,2373100.0,,1715500.0,,20000.0,,0,0,0,0,0,0,0,0,0,0,0,0,0,0,0,0,0,0,0,0,0,0,87,2026-02-04 19:11:25.662013
SPNG,25.23,25.24,25.85,13500.0,1604800.0,2042800.0,3000.0,,,0,0,0,0,0,0,0,0,0,0,0,0,0,0,0,0,0,0,0,0,0,0,88,2026-02-04 19:11:26.729013
SMMR,25.23,25.39,25.44,,1886600.0,1987700.0,13000.0,18000.0,,0,0,0,0,0,0,0,0,0,0,0,0,0,0,0,0,0,0,0,0,0,0,88,2026-02-04 19:11:26.729013
ATMN,24.12,24.12,24.26,,2210000.0,1966200.0,,,6750.0,0,0,0,0,0,0,0,0,0,0,0,0,0,0,0,0,0,0,0,0,0,0,88,2026-02-04 19:11:26.729013
WNTR,24.68,24.57,24.66,,2358300.0,1759900.0,20000.0,,,0,0,0,0,0,0,0,0,0,0,0,0,0,0,0,0,0,0,0,0,0,0,88,2026-02-04 19:11:26.729013
SPNG,25.21,25.21,25.61,2351200.0,2250.0,1942200.0,2250.0,3000.0,,0,0,0,0,0,0,0,0,0,0,0,0,0,0,0,0,0,0,0,0,0,0,89,2026-02-04 19:11:27.791709
SMMR,25.39,25.29,25.37,1907100.0,,1978700.0,,13000.0,18000.0,0,0,0,0,0,0,0,0,0,0,0,0,0,0,0,0,0,0,0,0,0,0,89,2026-02-04 19:11:27.791709
ATMN,24.1,24.09,24.1,2184300.0,,1725300.0,11250.0,,,0,0,0,0,0,0,0,0,0,0,0,0,0,0,0,0,0,0,0,0,0,0,89,2026-02-04 19:11:27.791709
WNTR,24.66,24.69,24.76,2375800.0,,1729100.0,,20000.0,,0,0,0,0,0,0,0,0,0,0,0,0,0,0,0,0,0,0,0,0,0,0,89,2026-02-04 19:11:27.791709
SPNG,25.61,25.23,25.6,2316800.0,6750.0,1697300.0,3000.0,,0,0,0,0,0,0,0,0,0,0,0,0,0,0,0,0,0,0,0,0,0,0,0,90,2026-02-04 19:11:28.958505
SMMR,25.46,25.29,25.46,1914500.0,,2000800.0,13000.0,18000.0,0,0,0,0,0,0,0,0,0,0,0,0,0,0,0,0,0,0,0,0,0,0,0,90,2026-02-04 19:11:28.958505
ATMN,24.09,24.09,24.1,2282400.0,13500.0,1624900.0,,,0,0,0,0,0,0,0,0,0,0,0,0,0,0,0,0,0,0,0,0,0,0,0,90,2026-02-04 19:11:28.958505
WNTR,24.57,24.57,24.62,2358300.0,,1754800.0,20000.0,,0,0,0,0,0,0,0,0,0,0,0,0,0,0,0,0,0,0,0,0,0,0,0,90,2026-02-04 19:11:28.958505
SPNG,25.21,25.24,25.6,2250.0,2166500.0,11250.0,1486700.0,3000.0,,0,0,0,0,0,0,0,0,0,0,0,0,0,0,0,0,0,0,0,0,0,0,91,2026-02-04 19:11:29.992025
SMMR,25.23,25.23,25.46,,1889400.0,,1988700.0,13000.0,18000.0,0,0,0,0,0,0,0,0,0,0,0,0,0,0,0,0,0,0,0,0,0,0,91,2026-02-04 19:11:29.992025
ATMN,24.04,24.04,24.09,2250.0,1908800.0,15750.0,1489400.0,,,0,0,0,0,0,0,0,0,0,0,0,0,0,0,0,0,0,0,0,0,0,0,91,2026-02-04 19:11:29.992025
WNTR,24.53,24.53,24.62,,2397900.0,,1737100.0,20000.0,,0,0,0,0,0,0,0,0,0,0,0,0,0,0,0,0,0,0,0,0,0,0,91,2026-02-04 19:11:29.992025
SPNG,25.21,25.46,25.6,2256100.0,13500.0,1367600.0,3000.0,,,0,0,0,0,0,0,0,0,0,0,0,0,0,0,0,0,0,0,0,0,0,0,92,2026-02-04 19:11:31.039298
SMMR,25.48,25.31,25.48,1843800.0,,1987000.0,13000.0,18000.0,,0,0,0,0,0,0,0,0,0,0,0,0,0,0,0,0,0,0,0,0,0,0,92,2026-02-04 19:11:31.039298
ATMN,24.26,24.01,24.26,1805600.0,13500.0,1589900.0,,,2250.0,0,0,0,0,0,0,0,0,0,0,0,0,0,0,0,0,0,0,0,0,0,0,92,2026-02-04 19:11:31.039298
WNTR,24.52,24.59,24.62,2372400.0,,1737100.0,20000.0,,,0,0,0,0,0,0,0,0,0,0,0,0,0,0,0,0,0,0,0,0,0,0,92,2026-02-04 19:11:31.039298
SPNG,25.21,25.46,25.6,2261600.0,13500.0,1367600.0,3000.0,,,0,0,0,0,0,0,0,0,0,0,0,0,0,0,0,0,0,0,0,0,0,0,93,2026-02-04 19:11:32.077686
SMMR,25.51,25.31,25.51,1843800.0,,1964100.0,13000.0,18000.0,,0,0,0,0,0,0,0,0,0,0,0,0,0,0,0,0,0,0,0,0,0,0,93,2026-02-04 19:11:32.077686
ATMN,23.92,23.92,24.26,1843100.0,15750.0,1467900.0,,,2250.0,0,0,0,0,0,0,0,0,0,0,0,0,0,0,0,0,0,0,0,0,0,0,93,2026-02-04 19:11:32.077686
WNTR,24.68,24.6,24.68,2391300.0,,1738500.0,20000.0,,,0,0,0,0,0,0,0,0,0,0,0,0,0,0,0,0,0,0,0,0,0,0,93,2026-02-04 19:11:32.077686
SPNG,25.44,25.44,25.85,2267300.0,2250.0,1950700.0,3000.0,,,0,0,0,0,0,0,0,0,0,0,0,0,0,0,0,0,0,0,0,0,0,0,94,2026-02-04 19:11:32.608344
SMMR,25.57,25.31,25.44,1843800.0,,1955800.0,13000.0,18000.0,,0,0,0,0,0,0,0,0,0,0,0,0,0,0,0,0,0,0,0,0,0,0,94,2026-02-04 19:11:32.608344
ATMN,23.92,24.22,24.26,1843100.0,20250.0,1226700.0,,,4500.0,0,0,0,0,0,0,0,0,0,0,0,0,0,0,0,0,0,0,0,0,0,0,94,2026-02-04 19:11:32.608344
WNTR,24.68,24.6,24.68,2391300.0,,1837800.0,17000.0,,,0,0,0,0,0,0,0,0,0,0,0,0,0,0,0,0,0,0,0,0,0,0,94,2026-02-04 19:11:32.608344
SPNG,25.44,25.48,25.5,1985200.0,4500.0,2077000.0,3000.0,,,0,0,0,0,0,0,0,0,0,0,0,0,0,0,0,0,0,0,0,0,0,0,95,2026-02-04 19:11:33.643714
SMMR,25.48,25.31,25.38,1843800.0,,1982200.0,13000.0,18000.0,,0,0,0,0,0,0,0,0,0,0,0,0,0,0,0,0,0,0,0,0,0,0,95,2026-02-04 19:11:33.643714
ATMN,23.91,24.0,24.26,1833600.0,,1332400.0,,,18000.0,0,0,0,0,0,0,0,0,0,0,0,0,0,0,0,0,0,0,0,0,0,0,95,2026-02-04 19:11:33.643714
WNTR,24.68,24.6,24.68,2368900.0,,1837800.0,17000.0,,,0,0,0,0,0,0,0,0,0,0,0,0,0,0,0,0,0,0,0,0,0,0,95,2026-02-04 19:11:33.643714
SPNG,25.52,25.49,25.52,6750.0,1868700.0,2073000.0,3000.0,,,0,0,0,0,0,0,0,0,0,0,0,0,0,0,0,0,0,0,0,0,0,0,96,2026-02-04 19:11:34.690648
SMMR,25.35,25.36,25.43,,1835200.0,1990800.0,13000.0,18000.0,,0,0,0,0,0,0,0,0,0,0,0,0,0,0,0,0,0,0,0,0,0,0,96,2026-02-04 19:11:34.690648
ATMN,24.26,24.05,24.26,,2067400.0,1564500.0,,,13500.0,0,0,0,0,0,0,0,0,0,0,0,0,0,0,0,0,0,0,0,0,0,0,96,2026-02-04 19:11:34.690648
WNTR,24.63,24.63,24.68,,2384700.0,1829500.0,17000.0,,,0,0,0,0,0,0,0,0,0,0,0,0,0,0,0,0,0,0,0,0,0,0,96,2026-02-04 19:11:34.690648
SPNG,25.2,25.2,25.52,2254900.0,1836700.0,4500.0,3000.0,,,0,0,0,0,0,0,0,0,0,0,0,0,0,0,0,0,0,0,0,0,0,0,97,2026-02-04 19:11:35.733977
SMMR,25.43,25.46,25.57,1788300.0,1954700.0,,13000.0,18000.0,,0,0,0,0,0,0,0,0,0,0,0,0,0,0,0,0,0,0,0,0,0,0,97,2026-02-04 19:11:35.733977
ATMN,24.26,24.19,24.26,2190600.0,1452400.0,15750.0,,,4500.0,0,0,0,0,0,0,0,0,0,0,0,0,0,0,0,0,0,0,0,0,0,0,97,2026-02-04 19:11:35.733977
WNTR,24.75,24.51,24.75,2367100.0,1852600.0,,17000.0,,,0,0,0,0,0,0,0,0,0,0,0,0,0,0,0,0,0,0,0,0,0,0,97,2026-02-04 19:11:35.733977
SPNG,25.2,25.51,25.52,2271200.0,1722100.0,6750.0,3000.0,,,0,0,0,0,0,0,0,0,0,0,0,0,0,0,0,0,0,0,0,0,0,0,98,2026-02-04 19:11:36.769316
SMMR,25.43,25.46,25.57,1910100.0,1980000.0,,13000.0,17000.0,,0,0,0,0,0,0,0,0,0,0,0,0,0,0,0,0,0,0,0,0,0,0,98,2026-02-04 19:11:36.769316
ATMN,24.17,24.06,24.08,2067400.0,1240100.0,20250.0,,,4500.0,0,0,0,0,0,0,0,0,0,0,0,0,0,0,0,0,0,0,0,0,0,0,98,2026-02-04 19:11:36.769316
WNTR,24.75,24.51,24.59,2390900.0,1843200.0,,17000.0,,,0,0,0,0,0,0,0,0,0,0,0,0,0,0,0,0,0,0,0,0,0,0,98,2026-02-04 19:11:36.769316
SPNG,25.64,25.26,25.64,2258700.0,1702900.0,6750.0,3000.0,,,0,0,0,0,0,0,0,0,0,0,0,0,0,0,0,0,0,0,0,0,0,0,99,2026-02-04 19:11:37.817929
SMMR,25.43,25.51,25.57,2041800.0,1980000.0,,13000.0,15000.0,,0,0,0,0,0,0,0,0,0,0,0,0,0,0,0,0,0,0,0,0,0,0,99,2026-02-04 19:11:37.817929
ATMN,24.26,24.06,24.26,1818700.0,1241400.0,20250.0,,,11250.0,0,0,0,0,0,0,0,0,0,0,0,0,0,0,0,0,0,0,0,0,0,0,99,2026-02-04 19:11:37.817929
WNTR,24.76,24.51,24.76,2400700.0,1869600.0,,17000.0,,,0,0,0,0,0,0,0,0,0,0,0,0,0,0,0,0,0,0,0,0,0,0,99,2026-02-04 19:11:37.817929
SPNG,25.8,25.27,25.33,4500.0,2006600.0,1590200.0,9000.0,3000.0,,0,0,0,0,0,0,0,0,0,0,0,0,0,0,0,0,0,0,0,0,0,0,100,2026-02-04 19:11:38.865962
SMMR,25.58,25.51,25.58,,2041800.0,1977100.0,,13000.0,15000.0,0,0,0,0,0,0,0,0,0,0,0,0,0,0,0,0,0,0,0,0,0,0,100,2026-02-04 19:11:38.865962
ATMN,24.27,24.06,24.27,13500.0,1710000.0,2127500.0,2250.0,,,0,0,0,0,0,0,0,0,0,0,0,0,0,0,0,0,0,0,0,0,0,0,100,2026-02-04 19:11:38.865962
WNTR,24.78,24.6,24.62,,2378100.0,1863900.0,,17000.0,,0,0,0,0,0,0,0,0,0,0,0,0,0,0,0,0,0,0,0,0,0,0,100,2026-02-04 19:11:38.865962
SPNG,25.26,25.34,25.43,2250.0,2108700.0,1399600.0,13500.0,3000.0,,0,0,0,0,0,0,0,0,0,0,0,0,0,0,0,0,0,0,0,0,0,0,101,2026-02-04 19:11:39.942559
SMMR,25.56,25.51,25.56,,2041800.0,2026000.0,,13000.0,15000.0,0,0,0,0,0,0,0,0,0,0,0,0,0,0,0,0,0,0,0,0,0,0,101,2026-02-04 19:11:39.942559
ATMN,24.05,24.05,24.29,,2469200.0,2236200.0,,,,0,0,0,0,0,0,0,0,0,0,0,0,0,0,0,0,0,0,0,0,0,0,101,2026-02-04 19:11:39.942559
WNTR,24.62,24.6,24.62,,2367600.0,1862800.0,,17000.0,,0,0,0,0,0,0,0,0,0,0,0,0,0,0,0,0,0,0,0,0,0,0,101,2026-02-04 19:11:39.942559
SPNG,25.43,25.27,25.42,2234900.0,15750.0,1300900.0,3000.0,,,0,0,0,0,0,0,0,0,0,0,0,0,0,0,0,0,0,0,0,0,0,0,102,2026-02-04 19:11:41.016671
SMMR,25.38,25.38,25.56,1907600.0,,2026000.0,13000.0,17000.0,,0,0,0,0,0,0,0,0,0,0,0,0,0,0,0,0,0,0,0,0,0,0,102,2026-02-04 19:11:41.016671
ATMN,23.99,24.0,24.27,2253100.0,2250.0,2156400.0,,,4500.0,0,0,0,0,0,0,0,0,0,0,0,0,0,0,0,0,0,0,0,0,0,0,102,2026-02-04 19:11:41.016671
WNTR,24.62,24.6,24.62,2410500.0,,1876200.0,17000.0,,,0,0,0,0,0,0,0,0,0,0,0,0,0,0,0,0,0,0,0,0,0,0,102,2026-02-04 19:11:41.016671
SPNG,25.43,25.71,25.78,2123800.0,2250.0,11250.0,1479500.0,3000.0,,0,0,0,0,0,0,0,0,0,0,0,0,0,0,0,0,0,0,0,0,0,0,103,2026-02-04 19:11:42.072857
SMMR,25.37,25.37,25.56,1781900.0,,,1988600.0,13000.0,18000.0,0,0,0,0,0,0,0,0,0,0,0,0,0,0,0,0,0,0,0,0,0,0,103,2026-02-04 19:11:42.072857
ATMN,24.02,24.0,24.02,2120000.0,6750.0,4500.0,2051500.0,,,0,0,0,0,0,0,0,0,0,0,0,0,0,0,0,0,0,0,0,0,0,0,103,2026-02-04 19:11:42.072857
WNTR,24.67,24.73,24.78,2430100.0,,,1883400.0,17000.0,,0,0,0,0,0,0,0,0,0,0,0,0,0,0,0,0,0,0,0,0,0,0,103,2026-02-04 19:11:42.072857
SPNG,25.85,25.27,25.85,2234900.0,6750.0,1704700.0,3000.0,,,0,0,0,0,0,0,0,0,0,0,0,0,0,0,0,0,0,0,0,0,0,0,104,2026-02-04 19:11:43.132162
SMMR,25.42,25.42,25.46,2058800.0,,2001500.0,13000.0,15000.0,,0,0,0,0,0,0,0,0,0,0,0,0,0,0,0,0,0,0,0,0,0,0,104,2026-02-04 19:11:43.132162
ATMN,24.29,24.24,24.26,1855600.0,2250.0,2141100.0,,,11250.0,0,0,0,0,0,0,0,0,0,0,0,0,0,0,0,0,0,0,0,0,0,0,104,2026-02-04 19:11:43.132162
WNTR,24.59,24.59,24.61,2416700.0,,1881200.0,17000.0,,,0,0,0,0,0,0,0,0,0,0,0,0,0,0,0,0,0,0,0,0,0,0,104,2026-02-04 19:11:43.132162
SPNG,25.2,25.2,25.38,2221900.0,1598600.0,9000.0,3000.0,,,0,0,0,0,0,0,0,0,0,0,0,0,0,0,0,0,0,0,0,0,0,0,105,2026-02-04 19:11:43.673057
SMMR,25.42,25.37,25.42,1919100.0,2014900.0,,13000.0,17000.0,,0,0,0,0,0,0,0,0,0,0,0,0,0,0,0,0,0,0,0,0,0,0,105,2026-02-04 19:11:43.673057
ATMN,24.29,24.24,24.29,1855600.0,2234200.0,,,,11250.0,0,0,0,0,0,0,0,0,0,0,0,0,0,0,0,0,0,0,0,0,0,0,105,2026-02-04 19:11:43.673057
WNTR,24.59,24.59,24.61,2373800.0,1896800.0,,17000.0,,,0,0,0,0,0,0,0,0,0,0,0,0,0,0,0,0,0,0,0,0,0,0,105,2026-02-04 19:11:43.673057
SPNG,25.16,25.16,25.96,2254600.0,2075100.0,3000.0,,,0,0,0,0,0,0,0,0,0,0,0,0,0,0,0,0,0,0,0,0,0,0,0,106,2026-02-04 19:11:44.781180
SMMR,25.42,25.37,25.4,2029800.0,2123700.0,9000.0,15000.0,,0,0,0,0,0,0,0,0,0,0,0,0,0,0,0,0,0,0,0,0,0,0,0,106,2026-02-04 19:11:44.781180
ATMN,24.11,24.01,24.02,1619200.0,2264700.0,,,15750.0,0,0,0,0,0,0,0,0,0,0,0,0,0,0,0,0,0,0,0,0,0,0,0,106,2026-02-04 19:11:44.781180
WNTR,24.57,24.57,24.61,2366500.0,1896800.0,17000.0,,,0,0,0,0,0,0,0,0,0,0,0,0,0,0,0,0,0,0,0,0,0,0,0,106,2026-02-04 19:11:44.781180
SPNG,25.1,25.11,25.41,2250.0,2162100.0,2081100.0,3000.0,,0,0,0,0,0,0,0,0,0,0,0,0,0,0,0,0,0,0,0,0,0,0,0,107,2026-02-04 19:11:45.868733
SMMR,25.44,25.37,25.38,,1908000.0,2143300.0,9000.0,17000.0,0,0,0,0,0,0,0,0,0,0,0,0,0,0,0,0,0,0,0,0,0,0,0,107,2026-02-04 19:11:45.868733
ATMN,24.02,24.05,24.2,18000.0,1500200.0,2252300.0,,,0,0,0,0,0,0,0,0,0,0,0,0,0,0,0,0,0,0,0,0,0,0,0,107,2026-02-04 19:11:45.868733
WNTR,24.53,24.59,24.64,,2376000.0,1906300.0,17000.0,,0,0,0,0,0,0,0,0,0,0,0,0,0,0,0,0,0,0,0,0,0,0,0,107,2026-02-04 19:11:45.868733
SPNG,25.79,25.33,25.63,1915800.0,6750.0,2074500.0,3000.0,,0,0,0,0,0,0,0,0,0,0,0,0,0,0,0,0,0,0,0,0,0,0,0,108,2026-02-04 19:11:46.951737
SMMR,25.36,25.36,25.38,1984600.0,,2127900.0,9000.0,15000.0,0,0,0,0,0,0,0,0,0,0,0,0,0,0,0,0,0,0,0,0,0,0,0,108,2026-02-04 19:11:46.951737
ATMN,23.92,23.92,24.09,2543400.0,,2273500.0,,,0,0,0,0,0,0,0,0,0,0,0,0,0,0,0,0,0,0,0,0,0,0,0,108,2026-02-04 19:11:46.951737
WNTR,24.51,24.51,24.64,2384200.0,,2018100.0,15000.0,,0,0,0,0,0,0,0,0,0,0,0,0,0,0,0,0,0,0,0,0,0,0,0,108,2026-02-04 19:11:46.951737
SPNG,25.79,25.33,25.63,1538200.0,13500.0,2097300.0,3000.0,,,0,0,0,0,0,0,0,0,0,0,0,0,0,0,0,0,0,0,0,0,0,0,109,2026-02-04 19:11:48.010818
SMMR,25.3,25.3,25.46,1772800.0,,2141700.0,9000.0,18000.0,,0,0,0,0,0,0,0,0,0,0,0,0,0,0,0,0,0,0,0,0,0,0,109,2026-02-04 19:11:48.010818
ATMN,24.09,23.92,24.08,2511500.0,,2168400.0,,,2250.0,0,0,0,0,0,0,0,0,0,0,0,0,0,0,0,0,0,0,0,0,0,0,109,2026-02-04 19:11:48.010818
WNTR,24.64,24.65,24.66,2381200.0,,1878300.0,17000.0,,,0,0,0,0,0,0,0,0,0,0,0,0,0,0,0,0,0,0,0,0,0,0,109,2026-02-04 19:11:48.010818
SPNG,25.09,25.09,25.63,2272500.0,2123100.0,3000.0,,,0,0,0,0,0,0,0,0,0,0,0,0,0,0,0,0,0,0,0,0,0,0,0,110,2026-02-04 19:11:49.070298
SMMR,25.3,25.3,25.46,1807400.0,2156600.0,9000.0,18000.0,,0,0,0,0,0,0,0,0,0,0,0,0,0,0,0,0,0,0,0,0,0,0,0,110,2026-02-04 19:11:49.070298
ATMN,24.3,24.06,24.29,2486400.0,2122200.0,,,2250.0,0,0,0,0,0,0,0,0,0,0,0,0,0,0,0,0,0,0,0,0,0,0,0,110,2026-02-04 19:11:49.070298
WNTR,24.49,24.61,24.66,2343200.0,1878300.0,17000.0,,,0,0,0,0,0,0,0,0,0,0,0,0,0,0,0,0,0,0,0,0,0,0,0,110,2026-02-04 19:11:49.070298
SPNG,25.63,25.05,25.56,2271700.0,2008900.0,2250.0,3000.0,,,0,0,0,0,0,0,0,0,0,0,0,0,0,0,0,0,0,0,0,0,0,0,111,2026-02-04 19:11:50.116243
SMMR,25.3,25.33,25.34,2065300.0,2181300.0,,9000.0,15000.0,,0,0,0,0,0,0,0,0,0,0,0,0,0,0,0,0,0,0,0,0,0,0,111,2026-02-04 19:11:50.116243
ATMN,24.06,24.07,24.29,2213000.0,2017100.0,4500.0,,,4500.0,0,0,0,0,0,0,0,0,0,0,0,0,0,0,0,0,0,0,0,0,0,0,111,2026-02-04 19:11:50.116243
WNTR,24.61,24.49,24.55,2345200.0,2160700.0,,13000.0,,,0,0,0,0,0,0,0,0,0,0,0,0,0,0,0,0,0,0,0,0,0,0,111,2026-02-04 19:11:50.116243
SPNG,25.63,25.47,25.52,2292200.0,1929400.0,6750.0,,,,0,0,0,0,0,0,0,0,0,0,0,0,0,0,0,0,0,0,0,0,0,0,112,2026-02-04 19:11:51.161662
SMMR,25.33,25.33,25.34,2042000.0,2181300.0,,15000.0,9000.0,,0,0,0,0,0,0,0,0,0,0,0,0,0,0,0,0,0,0,0,0,0,0,112,2026-02-04 19:11:51.161662
ATMN,24.19,24.07,24.19,1954500.0,2004100.0,4500.0,,,9000.0,0,0,0,0,0,0,0,0,0,0,0,0,0,0,0,0,0,0,0,0,0,0,112,2026-02-04 19:11:51.161662
WNTR,24.61,24.49,24.55,2345200.0,2290200.0,,,10000.0,,0,0,0,0,0,0,0,0,0,0,0,0,0,0,0,0,0,0,0,0,0,0,112,2026-02-04 19:11:51.161662
SPNG,25.47,25.47,25.51,2292200.0,11250.0,1718000.0,,,,0,0,0,0,0,0,0,0,0,0,0,0,0,0,0,0,0,0,0,0,0,0,113,2026-02-04 19:11:51.707146
SMMR,25.34,25.33,25.34,2146000.0,,2181300.0,5000.0,9000.0,,0,0,0,0,0,0,0,0,0,0,0,0,0,0,0,0,0,0,0,0,0,0,113,2026-02-04 19:11:51.707146
ATMN,24.19,24.25,24.29,1855400.0,6750.0,1898600.0,,,11250.0,0,0,0,0,0,0,0,0,0,0,0,0,0,0,0,0,0,0,0,0,0,0,113,2026-02-04 19:11:51.707146
WNTR,24.61,24.49,24.54,2345200.0,,2297800.0,,10000.0,,0,0,0,0,0,0,0,0,0,0,0,0,0,0,0,0,0,0,0,0,0,0,113,2026-02-04 19:11:51.707146
SPNG,25.51,25.05,25.51,2305200.0,1954300.0,6750.0,,,,0,0,0,0,0,0,0,0,0,0,0,0,0,0,0,0,0,0,0,0,0,0,114,2026-02-04 19:11:52.773337
SMMR,25.48,25.3,25.48,2013100.0,2170100.0,,15000.0,9000.0,,0,0,0,0,0,0,0,0,0,0,0,0,0,0,0,0,0,0,0,0,0,0,114,2026-02-04 19:11:52.773337
ATMN,24.16,24.17,24.25,1734900.0,1714900.0,11250.0,,,13500.0,0,0,0,0,0,0,0,0,0,0,0,0,0,0,0,0,0,0,0,0,0,0,114,2026-02-04 19:11:52.773337
WNTR,24.55,24.49,24.55,2357400.0,2285600.0,,,10000.0,,0,0,0,0,0,0,0,0,0,0,0,0,0,0,0,0,0,0,0,0,0,0,114,2026-02-04 19:11:52.773337
SPNG,25.49,25.49,25.5,2174800.0,2250.0,9000.0,1818400.0,,,0,0,0,0,0,0,0,0,0,0,0,0,0,0,0,0,0,0,0,0,0,0,115,2026-02-04 19:11:53.937108
SMMR,25.57,25.45,25.57,2132300.0,,,2173800.0,5000.0,9000.0,0,0,0,0,0,0,0,0,0,0,0,0,0,0,0,0,0,0,0,0,0,0,115,2026-02-04 19:11:53.937108
ATMN,24.32,24.17,24.32,1615800.0,15750.0,,2261600.0,,,0,0,0,0,0,0,0,0,0,0,0,0,0,0,0,0,0,0,0,0,0,0,115,2026-02-04 19:11:53.937108
WNTR,24.46,24.46,24.51,2343700.0,,,2338100.0,,10000.0,0,0,0,0,0,0,0,0,0,0,0,0,0,0,0,0,0,0,0,0,0,0,115,2026-02-04 19:11:53.937108
SPNG,25.49,25.05,25.43,1918200.0,6750.0,1699000.0,11250.0,,,0,0,0,0,0,0,0,0,0,0,0,0,0,0,0,0,0,0,0,0,0,0,116,2026-02-04 19:11:54.975980
SMMR,25.45,25.45,25.57,2132300.0,,2173800.0,,5000.0,9000.0,0,0,0,0,0,0,0,0,0,0,0,0,0,0,0,0,0,0,0,0,0,0,116,2026-02-04 19:11:54.975980
ATMN,24.03,24.04,24.2,2319700.0,2250.0,2255300.0,,,,0,0,0,0,0,0,0,0,0,0,0,0,0,0,0,0,0,0,0,0,0,0,116,2026-02-04 19:11:54.975980
WNTR,24.43,24.43,24.51,2367200.0,,2376300.0,,,10000.0,0,0,0,0,0,0,0,0,0,0,0,0,0,0,0,0,0,0,0,0,0,0,116,2026-02-04 19:11:54.975980
SPNG,25.49,25.05,25.43,1671700.0,11250.0,1479100.0,15750.0,,,0,0,0,0,0,0,0,0,0,0,0,0,0,0,0,0,0,0,0,0,0,0,117,2026-02-04 19:11:56.017520
SMMR,25.34,25.34,25.41,2012000.0,,2179600.0,,15000.0,9000.0,0,0,0,0,0,0,0,0,0,0,0,0,0,0,0,0,0,0,0,0,0,0,117,2026-02-04 19:11:56.017520
ATMN,24.03,23.97,24.0,2435700.0,,2121900.0,2250.0,,,0,0,0,0,0,0,0,0,0,0,0,0,0,0,0,0,0,0,0,0,0,0,117,2026-02-04 19:11:56.017520
WNTR,24.41,24.41,24.51,2412600.0,,2376300.0,,,10000.0,0,0,0,0,0,0,0,0,0,0,0,0,0,0,0,0,0,0,0,0,0,0,117,2026-02-04 19:11:56.017520
SPNG,25.43,25.2,25.43,2272000.0,2285200.0,,,0,0,0,0,0,0,0,0,0,0,0,0,0,0,0,0,0,0,0,0,0,0,0,0,118,2026-02-04 19:11:57.071927
SMMR,25.41,25.29,25.41,2007600.0,2186700.0,15000.0,9000.0,0,0,0,0,0,0,0,0,0,0,0,0,0,0,0,0,0,0,0,0,0,0,0,0,118,2026-02-04 19:11:57.071927
ATMN,23.97,23.97,24.25,2435700.0,2239500.0,,,0,0,0,0,0,0,0,0,0,0,0,0,0,0,0,0,0,0,0,0,0,0,0,0,118,2026-02-04 19:11:57.071927
WNTR,24.41,24.49,24.51,2357800.0,2376300.0,,10000.0,0,0,0,0,0,0,0,0,0,0,0,0,0,0,0,0,0,0,0,0,0,0,0,0,118,2026-02-04 19:11:57.071927
SPNG,25.47,25.12,25.13,2262000.0,2270000.0,,,0,0,0,0,0,0,0,0,0,0,0,0,0,0,0,0,0,0,0,0,0,0,0,0,119,2026-02-04 19:11:58.134612
SMMR,25.44,25.33,25.44,1983400.0,2170000.0,15000.0,9000.0,0,0,0,0,0,0,0,0,0,0,0,0,0,0,0,0,0,0,0,0,0,0,0,0,119,2026-02-04 19:11:58.134612
ATMN,24.34,23.97,24.24,2435700.0,2249000.0,,,0,0,0,0,0,0,0,0,0,0,0,0,0,0,0,0,0,0,0,0,0,0,0,0,119,2026-02-04 19:11:58.134612
WNTR,24.56,24.53,24.56,2297600.0,2283900.0,,10000.0,0,0,0,0,0,0,0,0,0,0,0,0,0,0,0,0,0,0,0,0,0,0,0,0,119,2026-02-04 19:11:58.134612
SPNG,25.52,24.79,25.47,2250.0,986500.0,3000.0,924700.0,3000.0,0,0,0,0,0,0,0,0,0,0,0,0,0,0,0,0,0,0,0,0,0,0,0,120,2026-02-04 19:11:59.197226
SMMR,25.38,25.3,25.34,,914300.0,21000.0,896100.0,13000.0,0,0,0,0,0,0,0,0,0,0,0,0,0,0,0,0,0,0,0,0,0,0,0,120,2026-02-04 19:11:59.197226
ATMN,33.79,28.78,28.92,,796500.0,,702600.0,,0,0,0,0,0,0,0,0,0,0,0,0,0,0,0,0,0,0,0,0,0,0,0,120,2026-02-04 19:11:59.197226
WNTR,26.25,25.51,25.7,,1001700.0,,870400.0,,0,0,0,0,0,0,0,0,0,0,0,0,0,0,0,0,0,0,0,0,0,0,0,120,2026-02-04 19:11:59.197226
SPNG,24.78,24.01,24.76,1044100.0,1056500.0,2250.0,3000.0,,0,0,0,0,0,0,0,0,0,0,0,0,0,0,0,0,0,0,0,0,0,0,0,121,2026-02-04 19:11:59.777787
SMMR,25.05,25.05,25.34,924800.0,896100.0,,13000.0,3000.0,0,0,0,0,0,0,0,0,0,0,0,0,0,0,0,0,0,0,0,0,0,0,0,121,2026-02-04 19:11:59.777787
ATMN,28.78,28.78,28.92,813700.0,702600.0,2250.0,,,0,0,0,0,0,0,0,0,0,0,0,0,0,0,0,0,0,0,0,0,0,0,0,121,2026-02-04 19:11:59.777787
WNTR,26.25,25.66,25.7,1226000.0,870400.0,,,,0,0,0,0,0,0,0,0,0,0,0,0,0,0,0,0,0,0,0,0,0,0,0,121,2026-02-04 19:11:59.777787
SPNG,24.8,24.81,25.47,2250.0,1173500.0,3000.0,1145500.0,6750.0,3000.0,0,0,0,0,0,0,0,0,0,0,0,0,0,0,0,0,0,0,0,0,0,0,122,2026-02-04 19:12:00.940917
SMMR,25.05,24.91,25.03,,933300.0,,1482900.0,,16000.0,0,0,0,0,0,0,0,0,0,0,0,0,0,0,0,0,0,0,0,0,0,0,122,2026-02-04 19:12:00.940917
ATMN,28.62,28.55,28.58,2250.0,813600.0,,989400.0,6750.0,3000.0,0,0,0,0,0,0,0,0,0,0,0,0,0,0,0,0,0,0,0,0,0,0,122,2026-02-04 19:12:00.940917
WNTR,26.43,26.1,26.43,,1722100.0,6000.0,863300.0,,3000.0,0,0,0,0,0,0,0,0,0,0,0,0,0,0,0,0,0,0,0,0,0,0,122,2026-02-04 19:12:00.940917
SPNG,24.76,24.01,24.76,1312900.0,3000.0,1403000.0,13500.0,3000.0,0,0,0,0,0,0,0,0,0,0,0,0,0,0,0,0,0,0,0,0,0,0,0,123,2026-02-04 19:12:01.985424
SMMR,24.87,24.71,24.85,1048600.0,2000.0,1511600.0,,27400.0,0,0,0,0,0,0,0,0,0,0,0,0,0,0,0,0,0,0,0,0,0,0,0,123,2026-02-04 19:12:01.985424
ATMN,28.54,28.54,28.58,813600.0,,1242100.0,11250.0,3000.0,0,0,0,0,0,0,0,0,0,0,0,0,0,0,0,0,0,0,0,0,0,0,0,123,2026-02-04 19:12:01.985424
WNTR,26.43,26.3,26.35,1814900.0,7000.0,1069700.0,,5000.0,0,0,0,0,0,0,0,0,0,0,0,0,0,0,0,0,0,0,0,0,0,0,0,123,2026-02-04 19:12:01.985424
SPNG,24.83,24.14,24.68,1545600.0,3000.0,1111300.0,20250.0,3000.0,0,0,0,0,0,0,0,0,0,0,0,0,0,0,0,0,0,0,0,0,0,0,0,124,2026-02-04 19:12:03.034985
SMMR,24.71,24.71,24.85,1199800.0,2000.0,1618700.0,,27400.0,0,0,0,0,0,0,0,0,0,0,0,0,0,0,0,0,0,0,0,0,0,0,0,124,2026-02-04 19:12:03.034985
ATMN,25.53,25.53,27.35,888300.0,,1046500.0,18000.0,3000.0,0,0,0,0,0,0,0,0,0,0,0,0,0,0,0,0,0,0,0,0,0,0,0,124,2026-02-04 19:12:03.034985
WNTR,26.45,26.3,26.45,1814900.0,7000.0,942900.0,,,0,0,0,0,0,0,0,0,0,0,0,0,0,0,0,0,0,0,0,0,0,0,0,124,2026-02-04 19:12:03.034985
SPNG,24.97,24.4,24.96,2250.0,1771100.0,3000.0,11250.0,1255000.0,3000.0,0,0,0,0,0,0,0,0,0,0,0,0,0,0,0,0,0,0,0,0,0,0,125,2026-02-04 19:12:04.086466
SMMR,24.71,24.71,24.81,,1226000.0,2000.0,,1644600.0,27400.0,0,0,0,0,0,0,0,0,0,0,0,0,0,0,0,0,0,0,0,0,0,0,125,2026-02-04 19:12:04.086466
ATMN,25.13,25.13,25.5,,957600.0,,18000.0,1088600.0,3000.0,0,0,0,0,0,0,0,0,0,0,0,0,0,0,0,0,0,0,0,0,0,0,125,2026-02-04 19:12:04.086466
WNTR,26.16,26.42,26.45,,1830200.0,7000.0,,942900.0,,0,0,0,0,0,0,0,0,0,0,0,0,0,0,0,0,0,0,0,0,0,0,125,2026-02-04 19:12:04.086466
SPNG,24.97,24.47,24.65,2010000.0,4500.0,3000.0,1381000.0,13500.0,3000.0,0,0,0,0,0,0,0,0,0,0,0,0,0,0,0,0,0,0,0,0,0,0,126,2026-02-04 19:12:05.134964
SMMR,24.61,24.78,24.81,1118900.0,,,1644600.0,,27400.0,0,0,0,0,0,0,0,0,0,0,0,0,0,0,0,0,0,0,0,0,0,0,126,2026-02-04 19:12:05.134964
ATMN,25.13,25.13,25.42,957600.0,,,1242400.0,18000.0,,0,0,0,0,0,0,0,0,0,0,0,0,0,0,0,0,0,0,0,0,0,0,126,2026-02-04 19:12:05.134964
WNTR,26.42,26.16,26.36,1722100.0,,7000.0,1303300.0,,2000.0,0,0,0,0,0,0,0,0,0,0,0,0,0,0,0,0,0,0,0,0,0,0,126,2026-02-04 19:12:05.134964
SPNG,24.64,24.85,24.88,1737400.0,9000.0,3000.0,1347900.0,13500.0,3000.0,0,0,0,0,0,0,0,0,0,0,0,0,0,0,0,0,0,0,0,0,0,0,127,2026-02-04 19:12:06.187115
SMMR,24.87,24.78,24.87,1242100.0,,,1745900.0,,19000.0,0,0,0,0,0,0,0,0,0,0,0,0,0,0,0,0,0,0,0,0,0,0,127,2026-02-04 19:12:06.187115
ATMN,25.13,25.13,25.42,957600.0,,,1270200.0,18000.0,,0,0,0,0,0,0,0,0,0,0,0,0,0,0,0,0,0,0,0,0,0,0,127,2026-02-04 19:12:06.187115
WNTR,26.36,26.4,26.45,1951800.0,,7000.0,1392900.0,,2000.0,0,0,0,0,0,0,0,0,0,0,0,0,0,0,0,0,0,0,0,0,0,0,127,2026-02-04 19:12:06.187115
SPNG,24.39,24.39,24.88,2103300.0,3000.0,1182900.0,18000.0,3000.0,0,0,0,0,0,0,0,0,0,0,0,0,0,0,0,0,0,0,0,0,0,0,0,128,2026-02-04 19:12:07.234461
SMMR,24.74,24.65,24.74,1232400.0,2000.0,1783200.0,,19000.0,0,0,0,0,0,0,0,0,0,0,0,0,0,0,0,0,0,0,0,0,0,0,0,128,2026-02-04 19:12:07.234461
ATMN,25.16,25.06,25.16,1057200.0,800.0,1389200.0,15750.0,,0,0,0,0,0,0,0,0,0,0,0,0,0,0,0,0,0,0,0,0,0,0,0,128,2026-02-04 19:12:07.234461
WNTR,26.33,26.16,26.33,1845400.0,7000.0,1510700.0,,,0,0,0,0,0,0,0,0,0,0,0,0,0,0,0,0,0,0,0,0,0,0,0,128,2026-02-04 19:12:07.234461
SPNG,24.88,24.94,24.95,2300200.0,3000.0,13500.0,1366500.0,3000.0,0,0,0,0,0,0,0,0,0,0,0,0,0,0,0,0,0,0,0,0,0,0,0,129,2026-02-04 19:12:07.779624
SMMR,24.61,24.71,24.74,1214800.0,,,1783200.0,19000.0,0,0,0,0,0,0,0,0,0,0,0,0,0,0,0,0,0,0,0,0,0,0,0,129,2026-02-04 19:12:07.779624
ATMN,25.06,25.06,25.15,1055900.0,800.0,15750.0,1397400.0,,0,0,0,0,0,0,0,0,0,0,0,0,0,0,0,0,0,0,0,0,0,0,0,129,2026-02-04 19:12:07.779624
WNTR,26.33,26.36,26.45,1935900.0,6000.0,,1398000.0,2000.0,0,0,0,0,0,0,0,0,0,0,0,0,0,0,0,0,0,0,0,0,0,0,0,129,2026-02-04 19:12:07.779624
SPNG,24.65,24.76,24.95,2300400.0,3000.0,13500.0,1409200.0,3000.0,,0,0,0,0,0,0,0,0,0,0,0,0,0,0,0,0,0,0,0,0,0,0,130,2026-02-04 19:12:08.941809
SMMR,24.74,24.85,24.87,1467400.0,,,1771800.0,19000.0,,0,0,0,0,0,0,0,0,0,0,0,0,0,0,0,0,0,0,0,0,0,0,130,2026-02-04 19:12:08.941809
ATMN,25.06,24.9,25.02,1062200.0,,4500.0,1751800.0,3000.0,2250.0,0,0,0,0,0,0,0,0,0,0,0,0,0,0,0,0,0,0,0,0,0,0,130,2026-02-04 19:12:08.941809
WNTR,26.34,26.17,26.27,1973800.0,8400.0,,1494000.0,2000.0,,0,0,0,0,0,0,0,0,0,0,0,0,0,0,0,0,0,0,0,0,0,0,130,2026-02-04 19:12:08.941809
SPNG,24.76,24.76,24.8,2266900.0,3000.0,1516900.0,11250.0,3000.0,,0,0,0,0,0,0,0,0,0,0,0,0,0,0,0,0,0,0,0,0,0,0,131,2026-02-04 19:12:09.997591
SMMR,24.85,24.85,24.87,1467400.0,2000.0,1804300.0,,19000.0,,0,0,0,0,0,0,0,0,0,0,0,0,0,0,0,0,0,0,0,0,0,0,131,2026-02-04 19:12:09.997591
ATMN,25.16,25.16,25.42,1305900.0,2000.0,1640000.0,9000.0,,4500.0,0,0,0,0,0,0,0,0,0,0,0,0,0,0,0,0,0,0,0,0,0,0,131,2026-02-04 19:12:09.997591
WNTR,26.49,26.17,26.49,1973800.0,8400.0,1294700.0,,800.0,,0,0,0,0,0,0,0,0,0,0,0,0,0,0,0,0,0,0,0,0,0,0,131,2026-02-04 19:12:09.997591
SPNG,25.0,24.42,25.0,4500.0,2046800.0,3000.0,1483100.0,3000.0,,0,0,0,0,0,0,0,0,0,0,0,0,0,0,0,0,0,0,0,0,0,0,132,2026-02-04 19:12:11.057426
SMMR,24.78,24.78,24.87,,1330300.0,,1804300.0,19000.0,,0,0,0,0,0,0,0,0,0,0,0,0,0,0,0,0,0,0,0,0,0,0,132,2026-02-04 19:12:11.057426
ATMN,25.33,25.33,25.42,9000.0,1425300.0,2000.0,1499000.0,,13500.0,0,0,0,0,0,0,0,0,0,0,0,0,0,0,0,0,0,0,0,0,0,0,132,2026-02-04 19:12:11.057426
WNTR,26.17,26.21,26.37,,2078700.0,8400.0,1418600.0,800.0,,0,0,0,0,0,0,0,0,0,0,0,0,0,0,0,0,0,0,0,0,0,0,132,2026-02-04 19:12:11.057426
SPNG,25.04,24.51,25.04,1797800.0,9000.0,3000.0,1371600.0,3000.0,,0,0,0,0,0,0,0,0,0,0,0,0,0,0,0,0,0,0,0,0,0,0,133,2026-02-04 19:12:12.123275
SMMR,24.71,24.71,24.87,1368800.0,,,1827300.0,19000.0,,0,0,0,0,0,0,0,0,0,0,0,0,0,0,0,0,0,0,0,0,0,0,133,2026-02-04 19:12:12.123275
ATMN,25.01,25.2,25.42,1325300.0,15750.0,2000.0,1302000.0,,18000.0,0,0,0,0,0,0,0,0,0,0,0,0,0,0,0,0,0,0,0,0,0,0,133,2026-02-04 19:12:12.123275
WNTR,26.36,26.36,26.37,2055400.0,,8400.0,1418600.0,2800.0,,0,0,0,0,0,0,0,0,0,0,0,0,0,0,0,0,0,0,0,0,0,0,133,2026-02-04 19:12:12.123275
SPNG,25.04,25.11,25.34,1496900.0,13500.0,3000.0,1249600.0,3000.0,,0,0,0,0,0,0,0,0,0,0,0,0,0,0,0,0,0,0,0,0,0,0,134,2026-02-04 19:12:13.185566
SMMR,24.71,24.71,24.81,1497900.0,,,1834900.0,19000.0,,0,0,0,0,0,0,0,0,0,0,0,0,0,0,0,0,0,0,0,0,0,0,134,2026-02-04 19:12:13.185566
ATMN,25.43,25.48,25.49,1076400.0,20250.0,2000.0,1173800.0,,20250.0,0,0,0,0,0,0,0,0,0,0,0,0,0,0,0,0,0,0,0,0,0,0,134,2026-02-04 19:12:13.185566
WNTR,26.22,26.25,26.37,2036800.0,,8400.0,1534600.0,2800.0,,0,0,0,0,0,0,0,0,0,0,0,0,0,0,0,0,0,0,0,0,0,0,134,2026-02-04 19:12:13.185566
SPNG,25.11,24.51,24.78,1257600.0,18000.0,3000.0,1700300.0,3000.0,,0,0,0,0,0,0,0,0,0,0,0,0,0,0,0,0,0,0,0,0,0,0,135,2026-02-04 19:12:14.242618
SMMR,24.66,24.66,24.8,1513600.0,,,1961200.0,15000.0,,0,0,0,0,0,0,0,0,0,0,0,0,0,0,0,0,0,0,0,0,0,0,135,2026-02-04 19:12:14.242618
ATMN,25.31,25.38,25.45,996200.0,22500.0,2000.0,975900.0,,24750.0,0,0,0,0,0,0,0,0,0,0,0,0,0,0,0,0,0,0,0,0,0,0,135,2026-02-04 19:12:14.242618
WNTR,26.21,26.21,26.37,2017900.0,,8400.0,1534600.0,2800.0,,0,0,0,0,0,0,0,0,0,0,0,0,0,0,0,0,0,0,0,0,0,0,135,2026-02-04 19:12:14.242618
SPNG,24.49,24.66,24.78,13500.0,1475000.0,3000.0,1700300.0,2250.0,3000.0,0,0,0,0,0,0,0,0,0,0,0,0,0,0,0,0,0,0,0,0,0,0,136,2026-02-04 19:12:15.293135
SMMR,24.67,24.71,24.81,,1514400.0,,1834900.0,,19000.0,0,0,0,0,0,0,0,0,0,0,0,0,0,0,0,0,0,0,0,0,0,0,136,2026-02-04 19:12:15.293135
ATMN,24.95,24.95,25.0,11250.0,1387000.0,2000.0,844600.0,27000.0,,0,0,0,0,0,0,0,0,0,0,0,0,0,0,0,0,0,0,0,0,0,0,136,2026-02-04 19:12:15.293135
WNTR,26.37,26.24,26.27,,2017900.0,8400.0,1774200.0,,2800.0,0,0,0,0,0,0,0,0,0,0,0,0,0,0,0,0,0,0,0,0,0,0,136,2026-02-04 19:12:15.293135
SPNG,24.78,25.05,25.13,1463200.0,13500.0,3000.0,1809900.0,2250.0,3000.0,0,0,0,0,0,0,0,0,0,0,0,0,0,0,0,0,0,0,0,0,0,0,137,2026-02-04 19:12:16.330961
SMMR,24.81,24.71,24.77,1642700.0,,,1974800.0,,15000.0,0,0,0,0,0,0,0,0,0,0,0,0,0,0,0,0,0,0,0,0,0,0,137,2026-02-04 19:12:16.330961
ATMN,25.0,24.95,25.0,1618900.0,2250.0,2000.0,1163800.0,20250.0,,0,0,0,0,0,0,0,0,0,0,0,0,0,0,0,0,0,0,0,0,0,0,137,2026-02-04 19:12:16.330961
WNTR,26.31,26.24,26.31,2024300.0,,8400.0,1779100.0,,2800.0,0,0,0,0,0,0,0,0,0,0,0,0,0,0,0,0,0,0,0,0,0,0,137,2026-02-04 19:12:16.330961
SPNG,24.78,25.05,25.1,1463200.0,13500.0,3000.0,1952400.0,2250.0,3000.0,0,0,0,0,0,0,0,0,0,0,0,0,0,0,0,0,0,0,0,0,0,0,138,2026-02-04 19:12:16.862164
SMMR,24.81,24.71,24.77,1771000.0,,,2088800.0,,10000.0,0,0,0,0,0,0,0,0,0,0,0,0,0,0,0,0,0,0,0,0,0,0,138,2026-02-04 19:12:16.862164
ATMN,25.0,24.95,25.0,1852900.0,,2000.0,1271100.0,18000.0,,0,0,0,0,0,0,0,0,0,0,0,0,0,0,0,0,0,0,0,0,0,0,138,2026-02-04 19:12:16.862164
WNTR,26.31,26.27,26.31,1993000.0,,8400.0,1779100.0,,2800.0,0,0,0,0,0,0,0,0,0,0,0,0,0,0,0,0,0,0,0,0,0,0,138,2026-02-04 19:12:16.862164
SPNG,24.27,24.81,25.09,2019300.0,4500.0,3000.0,4500.0,1873600.0,3000.0,0,0,0,0,0,0,0,0,0,0,0,0,0,0,0,0,0,0,0,0,0,0,139,2026-02-04 19:12:17.908657
SMMR,24.81,24.71,24.77,2033000.0,,,,2214900.0,6000.0,0,0,0,0,0,0,0,0,0,0,0,0,0,0,0,0,0,0,0,0,0,0,139,2026-02-04 19:12:17.908657
ATMN,25.05,24.93,25.05,1858100.0,,2000.0,18000.0,1274700.0,,0,0,0,0,0,0,0,0,0,0,0,0,0,0,0,0,0,0,0,0,0,0,139,2026-02-04 19:12:17.908657
WNTR,26.27,26.27,26.31,1980200.0,,8400.0,,1994900.0,2800.0,0,0,0,0,0,0,0,0,0,0,0,0,0,0,0,0,0,0,0,0,0,0,139,2026-02-04 19:12:17.908657
SPNG,24.43,24.69,25.09,2305100.0,3000.0,9000.0,1701800.0,3000.0,0,0,0,0,0,0,0,0,0,0,0,0,0,0,0,0,0,0,0,0,0,0,0,140,2026-02-04 19:12:18.964009
SMMR,24.7,24.7,24.77,2200700.0,,,2232300.0,6000.0,0,0,0,0,0,0,0,0,0,0,0,0,0,0,0,0,0,0,0,0,0,0,0,140,2026-02-04 19:12:18.964009
ATMN,25.05,25.08,25.16,1989000.0,2000.0,15750.0,1413900.0,,0,0,0,0,0,0,0,0,0,0,0,0,0,0,0,0,0,0,0,0,0,0,0,140,2026-02-04 19:12:18.964009
WNTR,26.24,26.25,26.31,1979900.0,8400.0,,1994900.0,2800.0,0,0,0,0,0,0,0,0,0,0,0,0,0,0,0,0,0,0,0,0,0,0,0,140,2026-02-04 19:12:18.964009
SPNG,24.43,24.69,24.95,2305100.0,3000.0,13500.0,1617400.0,,0,0,0,0,0,0,0,0,0,0,0,0,0,0,0,0,0,0,0,0,0,0,0,141,2026-02-04 19:12:20.011938
SMMR,24.7,24.63,24.64,2067200.0,,,2333900.0,3000.0,0,0,0,0,0,0,0,0,0,0,0,0,0,0,0,0,0,0,0,0,0,0,0,141,2026-02-04 19:12:20.011938
ATMN,25.16,25.08,25.15,1989000.0,2000.0,18000.0,1329100.0,,0,0,0,0,0,0,0,0,0,0,0,0,0,0,0,0,0,0,0,0,0,0,0,141,2026-02-04 19:12:20.011938
WNTR,26.34,26.25,26.27,2116000.0,5400.0,,2010200.0,2800.0,0,0,0,0,0,0,0,0,0,0,0,0,0,0,0,0,0,0,0,0,0,0,0,141,2026-02-04 19:12:20.011938
SPNG,24.96,24.69,24.75,2282000.0,3000.0,15750.0,1478900.0,,0,0,0,0,0,0,0,0,0,0,0,0,0,0,0,0,0,0,0,0,0,0,0,142,2026-02-04 19:12:21.053542
SMMR,24.64,24.64,24.77,2285100.0,,,2208200.0,6000.0,0,0,0,0,0,0,0,0,0,0,0,0,0,0,0,0,0,0,0,0,0,0,0,142,2026-02-04 19:12:21.053542
ATMN,25.08,25.08,25.15,1989000.0,2000.0,13500.0,1564400.0,,0,0,0,0,0,0,0,0,0,0,0,0,0,0,0,0,0,0,0,0,0,0,0,142,2026-02-04 19:12:21.053542
WNTR,26.24,26.24,26.27,2119100.0,5400.0,,2010200.0,2800.0,0,0,0,0,0,0,0,0,0,0,0,0,0,0,0,0,0,0,0,0,0,0,0,142,2026-02-04 19:12:21.053542
SPNG,24.96,24.69,24.75,2250300.0,3000.0,20250.0,1239800.0,,0,0,0,0,0,0,0,0,0,0,0,0,0,0,0,0,0,0,0,0,0,0,0,143,2026-02-04 19:12:22.111509
SMMR,24.64,24.62,24.64,2158900.0,,,2359400.0,3000.0,0,0,0,0,0,0,0,0,0,0,0,0,0,0,0,0,0,0,0,0,0,0,0,143,2026-02-04 19:12:22.111509
ATMN,24.9,24.9,25.15,1734200.0,2000.0,11250.0,1674500.0,,0,0,0,0,0,0,0,0,0,0,0,0,0,0,0,0,0,0,0,0,0,0,0,143,2026-02-04 19:12:22.111509
WNTR,26.27,26.27,26.34,2145600.0,5400.0,,2018100.0,2800.0,0,0,0,0,0,0,0,0,0,0,0,0,0,0,0,0,0,0,0,0,0,0,0,143,2026-02-04 19:12:22.111509
SPNG,25.01,24.51,24.74,2123300.0,2250.0,3000.0,1677200.0,11250.0,,0,0,0,0,0,0,0,0,0,0,0,0,0,0,0,0,0,0,0,0,0,0,144,2026-02-04 19:12:23.160560
SMMR,24.71,24.67,24.71,2418700.0,,,2321800.0,,3000.0,0,0,0,0,0,0,0,0,0,0,0,0,0,0,0,0,0,0,0,0,0,0,144,2026-02-04 19:12:23.160560
ATMN,24.9,24.9,24.95,2109200.0,,2000.0,1597400.0,13500.0,,0,0,0,0,0,0,0,0,0,0,0,0,0,0,0,0,0,0,0,0,0,0,144,2026-02-04 19:12:23.160560
WNTR,26.24,26.24,26.33,1998600.0,,8400.0,2044900.0,,2800.0,0,0,0,0,0,0,0,0,0,0,0,0,0,0,0,0,0,0,0,0,0,0,144,2026-02-04 19:12:23.160560
SPNG,25.01,24.7,24.74,6750.0,1870500.0,3000.0,1428700.0,15750.0,,0,0,0,0,0,0,0,0,0,0,0,0,0,0,0,0,0,0,0,0,0,0,145,2026-02-04 19:12:24.245728
SMMR,24.62,24.69,24.71,,2492300.0,,2351400.0,,3000.0,0,0,0,0,0,0,0,0,0,0,0,0,0,0,0,0,0,0,0,0,0,0,145,2026-02-04 19:12:24.245728
ATMN,25.19,24.9,25.16,2250.0,2109200.0,2000.0,1777100.0,9000.0,,0,0,0,0,0,0,0,0,0,0,0,0,0,0,0,0,0,0,0,0,0,0,145,2026-02-04 19:12:24.245728
WNTR,26.23,26.23,26.33,,1993600.0,8400.0,2034200.0,,2800.0,0,0,0,0,0,0,0,0,0,0,0,0,0,0,0,0,0,0,0,0,0,0,145,2026-02-04 19:12:24.245728
SPNG,24.98,24.48,24.98,2303000.0,3000.0,18000.0,1329200.0,,,0,0,0,0,0,0,0,0,0,0,0,0,0,0,0,0,0,0,0,0,0,0,146,2026-02-04 19:12:25.301931
SMMR,24.62,24.62,24.63,2390800.0,,,2377100.0,3000.0,,0,0,0,0,0,0,0,0,0,0,0,0,0,0,0,0,0,0,0,0,0,0,146,2026-02-04 19:12:25.301931
ATMN,25.12,24.9,24.96,2071000.0,2000.0,13500.0,1585200.0,,2250.0,0,0,0,0,0,0,0,0,0,0,0,0,0,0,0,0,0,0,0,0,0,0,146,2026-02-04 19:12:25.301931
WNTR,26.34,26.22,26.34,2007700.0,8400.0,,2024500.0,2800.0,,0,0,0,0,0,0,0,0,0,0,0,0,0,0,0,0,0,0,0,0,0,0,146,2026-02-04 19:12:25.301931
SPNG,24.51,24.48,24.51,2303000.0,3000.0,1329600.0,18000.0,,,0,0,0,0,0,0,0,0,0,0,0,0,0,0,0,0,0,0,0,0,0,0,147,2026-02-04 19:12:26.351341
SMMR,24.6,24.6,24.69,2290200.0,,2404300.0,,3000.0,,0,0,0,0,0,0,0,0,0,0,0,0,0,0,0,0,0,0,0,0,0,0,147,2026-02-04 19:12:26.351341
ATMN,24.89,24.9,24.97,2033000.0,2000.0,1474400.0,15750.0,,2250.0,0,0,0,0,0,0,0,0,0,0,0,0,0,0,0,0,0,0,0,0,0,0,147,2026-02-04 19:12:26.351341
WNTR,26.18,26.18,26.3,2046800.0,8400.0,2035200.0,,2800.0,,0,0,0,0,0,0,0,0,0,0,0,0,0,0,0,0,0,0,0,0,0,0,147,2026-02-04 19:12:26.351341
SPNG,25.1,24.48,25.1,2105400.0,2250.0,3000.0,2140000.0,3000.0,,0,0,0,0,0,0,0,0,0,0,0,0,0,0,0,0,0,0,0,0,0,0,148,2026-02-04 19:12:27.389791
SMMR,24.69,24.6,24.69,2290200.0,,,2399700.0,3000.0,,0,0,0,0,0,0,0,0,0,0,0,0,0,0,0,0,0,0,0,0,0,0,148,2026-02-04 19:12:27.389791
ATMN,24.8,24.8,25.16,2117900.0,,,1688800.0,,11250.0,0,0,0,0,0,0,0,0,0,0,0,0,0,0,0,0,0,0,0,0,0,0,148,2026-02-04 19:12:27.389791
WNTR,26.18,26.24,26.27,2043900.0,,8400.0,1988000.0,2800.0,,0,0,0,0,0,0,0,0,0,0,0,0,0,0,0,0,0,0,0,0,0,0,148,2026-02-04 19:12:27.389791
SPNG,25.1,24.48,25.1,1978100.0,4500.0,3000.0,2140000.0,3000.0,,0,0,0,0,0,0,0,0,0,0,0,0,0,0,0,0,0,0,0,0,0,0,149,2026-02-04 19:12:27.932742
SMMR,24.69,24.63,24.69,2533600.0,,,2399700.0,3000.0,,0,0,0,0,0,0,0,0,0,0,0,0,0,0,0,0,0,0,0,0,0,0,149,2026-02-04 19:12:27.932742
ATMN,24.8,24.8,25.16,2253500.0,,,1686600.0,,11250.0,0,0,0,0,0,0,0,0,0,0,0,0,0,0,0,0,0,0,0,0,0,0,149,2026-02-04 19:12:27.932742
WNTR,26.24,26.18,26.2,2028100.0,,8400.0,2005100.0,2800.0,,0,0,0,0,0,0,0,0,0,0,0,0,0,0,0,0,0,0,0,0,0,0,149,2026-02-04 19:12:27.932742
SPNG,25.1,24.48,24.87,1729000.0,9000.0,3000.0,2168100.0,3000.0,,0,0,0,0,0,0,0,0,0,0,0,0,0,0,0,0,0,0,0,0,0,0,150,2026-02-04 19:12:28.985012
SMMR,24.64,24.63,24.64,2489900.0,,,2536700.0,,,0,0,0,0,0,0,0,0,0,0,0,0,0,0,0,0,0,0,0,0,0,0,150,2026-02-04 19:12:28.985012
ATMN,24.79,24.79,25.16,2396200.0,,,1460300.0,,15750.0,0,0,0,0,0,0,0,0,0,0,0,0,0,0,0,0,0,0,0,0,0,0,150,2026-02-04 19:12:28.985012
WNTR,26.34,26.18,26.34,1985200.0,,8400.0,2013800.0,2800.0,,0,0,0,0,0,0,0,0,0,0,0,0,0,0,0,0,0,0,0,0,0,0,150,2026-02-04 19:12:28.985012
SPNG,25.12,24.48,24.77,1495600.0,13500.0,3000.0,2153300.0,3000.0,,0,0,0,0,0,0,0,0,0,0,0,0,0,0,0,0,0,0,0,0,0,0,151,2026-02-04 19:12:30.045717
SMMR,24.61,24.61,24.64,2475700.0,,,2371800.0,3000.0,,0,0,0,0,0,0,0,0,0,0,0,0,0,0,0,0,0,0,0,0,0,0,151,2026-02-04 19:12:30.045717
ATMN,24.79,24.9,25.16,2338700.0,,,1591000.0,,13500.0,0,0,0,0,0,0,0,0,0,0,0,0,0,0,0,0,0,0,0,0,0,0,151,2026-02-04 19:12:30.045717
WNTR,26.27,26.27,26.34,2078400.0,,5400.0,2013800.0,2800.0,,0,0,0,0,0,0,0,0,0,0,0,0,0,0,0,0,0,0,0,0,0,0,151,2026-02-04 19:12:30.045717
SPNG,24.77,24.68,24.77,1466800.0,15750.0,2153300.0,3000.0,,,0,0,0,0,0,0,0,0,0,0,0,0,0,0,0,0,0,0,0,0,0,0,152,2026-02-04 19:12:31.092866
SMMR,24.78,24.67,24.78,2418500.0,,2391500.0,3000.0,,,0,0,0,0,0,0,0,0,0,0,0,0,0,0,0,0,0,0,0,0,0,0,152,2026-02-04 19:12:31.092866
ATMN,24.79,24.9,25.16,2344100.0,,1590200.0,,13500.0,,0,0,0,0,0,0,0,0,0,0,0,0,0,0,0,0,0,0,0,0,0,0,152,2026-02-04 19:12:31.092866
WNTR,26.27,26.23,26.26,2073400.0,,1991000.0,2800.0,,5400.0,0,0,0,0,0,0,0,0,0,0,0,0,0,0,0,0,0,0,0,0,0,0,152,2026-02-04 19:12:31.092866
SPNG,25.13,24.68,25.13,1318300.0,18000.0,2139700.0,3000.0,,,0,0,0,0,0,0,0,0,0,0,0,0,0,0,0,0,0,0,0,0,0,0,153,2026-02-04 19:12:32.156574
SMMR,24.61,24.61,24.78,2470100.0,,2391500.0,3000.0,,,0,0,0,0,0,0,0,0,0,0,0,0,0,0,0,0,0,0,0,0,0,0,153,2026-02-04 19:12:32.156574
ATMN,25.21,24.9,25.2,2362000.0,,2077100.0,,2250.0,,0,0,0,0,0,0,0,0,0,0,0,0,0,0,0,0,0,0,0,0,0,0,153,2026-02-04 19:12:32.156574
WNTR,26.26,26.26,26.36,2070000.0,,1993500.0,2800.0,,5400.0,0,0,0,0,0,0,0,0,0,0,0,0,0,0,0,0,0,0,0,0,0,0,153,2026-02-04 19:12:32.156574
SPNG,25.13,24.68,25.09,1434600.0,15750.0,2195800.0,3000.0,,0,0,0,0,0,0,0,0,0,0,0,0,0,0,0,0,0,0,0,0,0,0,0,154,2026-02-04 19:12:33.224939
SMMR,24.8,24.61,24.8,2470100.0,,2420200.0,3000.0,,0,0,0,0,0,0,0,0,0,0,0,0,0,0,0,0,0,0,0,0,0,0,0,154,2026-02-04 19:12:33.224939
ATMN,25.21,25.17,25.2,2188000.0,4500.0,2181200.0,,,0,0,0,0,0,0,0,0,0,0,0,0,0,0,0,0,0,0,0,0,0,0,0,154,2026-02-04 19:12:33.224939
WNTR,26.36,26.23,26.36,2063500.0,,1993500.0,2800.0,5400.0,0,0,0,0,0,0,0,0,0,0,0,0,0,0,0,0,0,0,0,0,0,0,0,154,2026-02-04 19:12:33.224939
SPNG,25.09,24.67,25.09,1599700.0,13500.0,2195800.0,3000.0,,,0,0,0,0,0,0,0,0,0,0,0,0,0,0,0,0,0,0,0,0,0,0,155,2026-02-04 19:12:34.268580
SMMR,24.67,24.61,24.67,2471100.0,,2420200.0,3000.0,,,0,0,0,0,0,0,0,0,0,0,0,0,0,0,0,0,0,0,0,0,0,0,155,2026-02-04 19:12:34.268580
ATMN,25.2,25.17,25.2,2019600.0,6750.0,2085400.0,,2250.0,,0,0,0,0,0,0,0,0,0,0,0,0,0,0,0,0,0,0,0,0,0,0,155,2026-02-04 19:12:34.268580
WNTR,26.26,26.23,26.26,2063500.0,,2135800.0,800.0,,5400.0,0,0,0,0,0,0,0,0,0,0,0,0,0,0,0,0,0,0,0,0,0,0,155,2026-02-04 19:12:34.268580
SPNG,24.67,24.54,24.67,13500.0,1633000.0,2208800.0,3000.0,,,0,0,0,0,0,0,0,0,0,0,0,0,0,0,0,0,0,0,0,0,0,0,156,2026-02-04 19:12:35.309685
SMMR,24.76,24.61,24.64,,2470600.0,2392200.0,3000.0,,,0,0,0,0,0,0,0,0,0,0,0,0,0,0,0,0,0,0,0,0,0,0,156,2026-02-04 19:12:35.309685
ATMN,25.21,25.14,25.2,11250.0,1754200.0,2083700.0,,2250.0,,0,0,0,0,0,0,0,0,0,0,0,0,0,0,0,0,0,0,0,0,0,0,156,2026-02-04 19:12:35.309685
WNTR,26.24,26.24,26.26,,2049200.0,2135800.0,800.0,,5400.0,0,0,0,0,0,0,0,0,0,0,0,0,0,0,0,0,0,0,0,0,0,0,156,2026-02-04 19:12:35.309685
SPNG,24.53,24.53,25.14,1633000.0,13500.0,2250.0,2070900.0,3000.0,,0,0,0,0,0,0,0,0,0,0,0,0,0,0,0,0,0,0,0,0,0,0,157,2026-02-04 19:12:36.340413
SMMR,24.64,24.7,24.78,2526300.0,,,2392800.0,3000.0,,0,0,0,0,0,0,0,0,0,0,0,0,0,0,0,0,0,0,0,0,0,0,157,2026-02-04 19:12:36.340413
ATMN,24.97,24.97,25.21,2155500.0,4500.0,,2210300.0,,,0,0,0,0,0,0,0,0,0,0,0,0,0,0,0,0,0,0,0,0,0,0,157,2026-02-04 19:12:36.340413
WNTR,26.26,26.36,26.37,2063000.0,,,2128200.0,800.0,5400.0,0,0,0,0,0,0,0,0,0,0,0,0,0,0,0,0,0,0,0,0,0,0,157,2026-02-04 19:12:36.340413
SPNG,24.53,24.53,24.98,1354300.0,18000.0,2012200.0,6750.0,,,0,0,0,0,0,0,0,0,0,0,0,0,0,0,0,0,0,0,0,0,0,0,158,2026-02-04 19:12:37.371571
SMMR,24.7,24.63,24.66,2502300.0,,2379300.0,,3000.0,,0,0,0,0,0,0,0,0,0,0,0,0,0,0,0,0,0,0,0,0,0,0,158,2026-02-04 19:12:37.371571
ATMN,24.97,25.14,25.21,1871900.0,9000.0,2098500.0,2250.0,,,0,0,0,0,0,0,0,0,0,0,0,0,0,0,0,0,0,0,0,0,0,0,158,2026-02-04 19:12:37.371571
WNTR,26.36,26.36,26.37,2063000.0,,2126500.0,,800.0,5400.0,0,0,0,0,0,0,0,0,0,0,0,0,0,0,0,0,0,0,0,0,0,0,158,2026-02-04 19:12:37.371571
SPNG,24.48,24.48,24.98,1376500.0,18000.0,1887700.0,9000.0,,,0,0,0,0,0,0,0,0,0,0,0,0,0,0,0,0,0,0,0,0,0,0,159,2026-02-04 19:12:38.399985
SMMR,24.7,24.63,24.66,2434600.0,,2379300.0,,3000.0,,0,0,0,0,0,0,0,0,0,0,0,0,0,0,0,0,0,0,0,0,0,0,159,2026-02-04 19:12:38.399985
ATMN,25.21,25.1,25.21,1779600.0,11250.0,1915300.0,6750.0,,,0,0,0,0,0,0,0,0,0,0,0,0,0,0,0,0,0,0,0,0,0,0,159,2026-02-04 19:12:38.399985
WNTR,26.32,26.32,26.37,2074800.0,,2120800.0,,800.0,5400.0,0,0,0,0,0,0,0,0,0,0,0,0,0,0,0,0,0,0,0,0,0,0,159,2026-02-04 19:12:38.399985
SPNG,25.16,24.6,25.14,1161800.0,22500.0,2250.0,2067100.0,3000.0,,0,0,0,0,0,0,0,0,0,0,0,0,0,0,0,0,0,0,0,0,0,0,160,2026-02-04 19:12:39.433654
SMMR,24.7,24.63,24.66,2426100.0,,,2379300.0,3000.0,,0,0,0,0,0,0,0,0,0,0,0,0,0,0,0,0,0,0,0,0,0,0,160,2026-02-04 19:12:39.433654
ATMN,24.98,24.98,25.24,1888500.0,9000.0,2250.0,2089900.0,,,0,0,0,0,0,0,0,0,0,0,0,0,0,0,0,0,0,0,0,0,0,0,160,2026-02-04 19:12:39.433654
WNTR,26.23,26.18,26.22,2056100.0,,,2129500.0,800.0,5400.0,0,0,0,0,0,0,0,0,0,0,0,0,0,0,0,0,0,0,0,0,0,0,160,2026-02-04 19:12:39.433654
SPNG,24.48,24.48,25.16,1237700.0,20250.0,2291800.0,,,0,0,0,0,0,0,0,0,0,0,0,0,0,0,0,0,0,0,0,0,0,0,0,161,2026-02-04 19:12:40.468802
SMMR,24.78,24.77,24.78,2431100.0,,2392800.0,3000.0,,0,0,0,0,0,0,0,0,0,0,0,0,0,0,0,0,0,0,0,0,0,0,0,161,2026-02-04 19:12:40.468802
ATMN,25.28,25.0,25.28,1659400.0,13500.0,2199400.0,,,0,0,0,0,0,0,0,0,0,0,0,0,0,0,0,0,0,0,0,0,0,0,0,161,2026-02-04 19:12:40.468802
WNTR,26.23,26.2,26.22,2088700.0,,2129500.0,800.0,5400.0,0,0,0,0,0,0,0,0,0,0,0,0,0,0,0,0,0,0,0,0,0,0,0,161,2026-02-04 19:12:40.468802
SPNG,24.48,24.48,24.65,1376500.0,18000.0,2266500.0,,,0,0,0,0,0,0,0,0,0,0,0,0,0,0,0,0,0,0,0,0,0,0,0,162,2026-02-04 19:12:40.995458
SMMR,24.78,24.77,24.78,2434700.0,,2391300.0,3000.0,,0,0,0,0,0,0,0,0,0,0,0,0,0,0,0,0,0,0,0,0,0,0,0,162,2026-02-04 19:12:40.995458
ATMN,25.29,25.0,25.23,1556800.0,15750.0,2225000.0,,,0,0,0,0,0,0,0,0,0,0,0,0,0,0,0,0,0,0,0,0,0,0,0,162,2026-02-04 19:12:40.995458
WNTR,26.34,26.2,26.34,2088700.0,,2109700.0,800.0,5400.0,0,0,0,0,0,0,0,0,0,0,0,0,0,0,0,0,0,0,0,0,0,0,0,162,2026-02-04 19:12:40.995458
SPNG,25.16,24.48,25.16,1371900.0,18000.0,2291800.0,,,0,0,0,0,0,0,0,0,0,0,0,0,0,0,0,0,0,0,0,0,0,0,0,163,2026-02-04 19:12:42.038479
SMMR,24.67,24.67,24.78,2458200.0,,2391300.0,3000.0,,0,0,0,0,0,0,0,0,0,0,0,0,0,0,0,0,0,0,0,0,0,0,0,163,2026-02-04 19:12:42.038479
ATMN,25.35,25.0,25.35,1421500.0,18000.0,2178000.0,,,0,0,0,0,0,0,0,0,0,0,0,0,0,0,0,0,0,0,0,0,0,0,0,163,2026-02-04 19:12:42.038479
WNTR,26.37,26.2,26.36,2088700.0,,2168300.0,800.0,5400.0,0,0,0,0,0,0,0,0,0,0,0,0,0,0,0,0,0,0,0,0,0,0,0,163,2026-02-04 19:12:42.038479
SPNG,25.16,24.48,24.68,1371900.0,18000.0,2273300.0,,,0,0,0,0,0,0,0,0,0,0,0,0,0,0,0,0,0,0,0,0,0,0,0,164,2026-02-04 19:12:43.104017
SMMR,24.63,24.63,24.8,2440500.0,,2397900.0,3000.0,,0,0,0,0,0,0,0,0,0,0,0,0,0,0,0,0,0,0,0,0,0,0,0,164,2026-02-04 19:12:43.104017
ATMN,25.38,25.0,25.38,1429600.0,18000.0,2181700.0,,,0,0,0,0,0,0,0,0,0,0,0,0,0,0,0,0,0,0,0,0,0,0,0,164,2026-02-04 19:12:43.104017
WNTR,26.37,26.35,26.36,2065800.0,,2179100.0,800.0,5400.0,0,0,0,0,0,0,0,0,0,0,0,0,0,0,0,0,0,0,0,0,0,0,0,164,2026-02-04 19:12:43.104017
SPNG,25.16,24.64,24.68,18000.0,1376300.0,2273300.0,,,0,0,0,0,0,0,0,0,0,0,0,0,0,0,0,0,0,0,0,0,0,0,0,165,2026-02-04 19:12:44.159023
SMMR,24.61,24.61,24.8,,2444800.0,2366000.0,3000.0,,0,0,0,0,0,0,0,0,0,0,0,0,0,0,0,0,0,0,0,0,0,0,0,165,2026-02-04 19:12:44.159023
ATMN,25.38,25.2,25.38,20250.0,1264600.0,2181700.0,,,0,0,0,0,0,0,0,0,0,0,0,0,0,0,0,0,0,0,0,0,0,0,0,165,2026-02-04 19:12:44.159023
WNTR,26.35,26.2,26.3,,2060700.0,2178600.0,800.0,5400.0,0,0,0,0,0,0,0,0,0,0,0,0,0,0,0,0,0,0,0,0,0,0,0,165,2026-02-04 19:12:44.159023
SPNG,24.68,24.64,24.68,15750.0,1479900.0,2273300.0,,,0,0,0,0,0,0,0,0,0,0,0,0,0,0,0,0,0,0,0,0,0,0,0,166,2026-02-04 19:12:45.205476
SMMR,24.67,24.78,24.8,,2444500.0,2366000.0,3000.0,,0,0,0,0,0,0,0,0,0,0,0,0,0,0,0,0,0,0,0,0,0,0,0,166,2026-02-04 19:12:45.205476
ATMN,25.12,25.12,25.15,20250.0,1282100.0,2086600.0,8800.0,,0,0,0,0,0,0,0,0,0,0,0,0,0,0,0,0,0,0,0,0,0,0,0,166,2026-02-04 19:12:45.205476
WNTR,26.3,26.35,26.36,,1979800.0,2179100.0,800.0,15400.0,0,0,0,0,0,0,0,0,0,0,0,0,0,0,0,0,0,0,0,0,0,0,0,166,2026-02-04 19:12:45.205476
SPNG,24.72,24.73,24.92,15750.0,1480800.0,2301100.0,,,,0,0,0,0,0,0,0,0,0,0,0,0,0,0,0,0,0,0,0,0,0,0,167,2026-02-04 19:12:46.259368
SMMR,24.61,24.77,24.8,,2417100.0,2378300.0,3000.0,,,0,0,0,0,0,0,0,0,0,0,0,0,0,0,0,0,0,0,0,0,0,0,167,2026-02-04 19:12:46.259368
ATMN,25.12,25.12,25.38,20250.0,1282100.0,1961600.0,,4500.0,,0,0,0,0,0,0,0,0,0,0,0,0,0,0,0,0,0,0,0,0,0,0,167,2026-02-04 19:12:46.259368
WNTR,26.24,26.2,26.24,,2099200.0,2178500.0,800.0,,5400.0,0,0,0,0,0,0,0,0,0,0,0,0,0,0,0,0,0,0,0,0,0,0,167,2026-02-04 19:12:46.259368
SPNG,25.17,24.73,25.17,15750.0,1512500.0,2284500.0,,,,0,0,0,0,0,0,0,0,0,0,0,0,0,0,0,0,0,0,0,0,0,0,168,2026-02-04 19:12:47.317886
SMMR,24.81,24.61,24.81,,2449700.0,2349400.0,3000.0,,,0,0,0,0,0,0,0,0,0,0,0,0,0,0,0,0,0,0,0,0,0,0,168,2026-02-04 19:12:47.317886
ATMN,25.02,25.03,25.44,22500.0,1158500.0,2089200.0,,2250.0,,0,0,0,0,0,0,0,0,0,0,0,0,0,0,0,0,0,0,0,0,0,0,168,2026-02-04 19:12:47.317886
WNTR,26.18,26.18,26.24,,2084100.0,2178500.0,800.0,,5400.0,0,0,0,0,0,0,0,0,0,0,0,0,0,0,0,0,0,0,0,0,0,0,168,2026-02-04 19:12:47.317886
SPNG,24.96,24.75,24.95,1605100.0,13500.0,2252100.0,,,,0,0,0,0,0,0,0,0,0,0,0,0,0,0,0,0,0,0,0,0,0,0,169,2026-02-04 19:12:48.380677
SMMR,24.67,24.61,24.67,2448600.0,,2335300.0,3000.0,,,0,0,0,0,0,0,0,0,0,0,0,0,0,0,0,0,0,0,0,0,0,0,169,2026-02-04 19:12:48.380677
ATMN,25.02,25.06,25.44,933700.0,27000.0,1869100.0,,6750.0,,0,0,0,0,0,0,0,0,0,0,0,0,0,0,0,0,0,0,0,0,0,0,169,2026-02-04 19:12:48.380677
WNTR,26.18,26.18,26.24,2112800.0,,2178500.0,800.0,,5400.0,0,0,0,0,0,0,0,0,0,0,0,0,0,0,0,0,0,0,0,0,0,0,169,2026-02-04 19:12:48.380677
SPNG,24.63,24.9,24.95,2250.0,2227400.0,2252100.0,,,0,0,0,0,0,0,0,0,0,0,0,0,0,0,0,0,0,0,0,0,0,0,0,170,2026-02-04 19:12:49.423364
SMMR,24.6,24.6,24.64,,2426400.0,2437100.0,,,0,0,0,0,0,0,0,0,0,0,0,0,0,0,0,0,0,0,0,0,0,0,0,170,2026-02-04 19:12:49.423364
ATMN,25.02,25.31,25.44,27000.0,927000.0,1749700.0,9000.0,,0,0,0,0,0,0,0,0,0,0,0,0,0,0,0,0,0,0,0,0,0,0,0,170,2026-02-04 19:12:49.423364
WNTR,26.23,26.23,26.24,,2362300.0,2178500.0,,800.0,0,0,0,0,0,0,0,0,0,0,0,0,0,0,0,0,0,0,0,0,0,0,0,170,2026-02-04 19:12:49.423364
SPNG,24.63,24.9,24.95,6750.0,1956700.0,1992500.0,4500.0,,0,0,0,0,0,0,0,0,0,0,0,0,0,0,0,0,0,0,0,0,0,0,0,171,2026-02-04 19:12:50.479973
SMMR,24.6,24.59,24.6,,2432500.0,2455100.0,,,0,0,0,0,0,0,0,0,0,0,0,0,0,0,0,0,0,0,0,0,0,0,0,171,2026-02-04 19:12:50.479973
ATMN,25.45,25.31,25.44,27000.0,927000.0,2021200.0,2250.0,,0,0,0,0,0,0,0,0,0,0,0,0,0,0,0,0,0,0,0,0,0,0,0,171,2026-02-04 19:12:50.479973
WNTR,26.24,26.18,26.24,,2360100.0,2178500.0,,800.0,0,0,0,0,0,0,0,0,0,0,0,0,0,0,0,0,0,0,0,0,0,0,0,171,2026-02-04 19:12:50.479973
SPNG,24.61,24.61,24.76,2256700.0,3000.0,1773600.0,9000.0,,,0,0,0,0,0,0,0,0,0,0,0,0,0,0,0,0,0,0,0,0,0,0,172,2026-02-04 19:12:51.535194
SMMR,24.6,24.65,24.75,2395000.0,,2475400.0,,,,0,0,0,0,0,0,0,0,0,0,0,0,0,0,0,0,0,0,0,0,0,0,172,2026-02-04 19:12:51.535194
ATMN,25.21,25.38,25.45,915300.0,,2136400.0,,27000.0,,0,0,0,0,0,0,0,0,0,0,0,0,0,0,0,0,0,0,0,0,0,0,172,2026-02-04 19:12:51.535194
WNTR,26.23,26.18,26.23,2360100.0,,2175900.0,,,800.0,0,0,0,0,0,0,0,0,0,0,0,0,0,0,0,0,0,0,0,0,0,0,172,2026-02-04 19:12:51.535194
SPNG,25.15,24.61,25.15,2256700.0,3000.0,9000.0,1771300.0,,0,0,0,0,0,0,0,0,0,0,0,0,0,0,0,0,0,0,0,0,0,0,0,173,2026-02-04 19:12:52.073447
SMMR,24.6,24.65,24.75,2395000.0,,,2463100.0,,0,0,0,0,0,0,0,0,0,0,0,0,0,0,0,0,0,0,0,0,0,0,0,173,2026-02-04 19:12:52.073447
ATMN,25.38,25.17,25.2,1291600.0,,,2139200.0,20250.0,0,0,0,0,0,0,0,0,0,0,0,0,0,0,0,0,0,0,0,0,0,0,0,173,2026-02-04 19:12:52.073447
WNTR,26.23,26.18,26.23,2360100.0,,,2289100.0,,0,0,0,0,0,0,0,0,0,0,0,0,0,0,0,0,0,0,0,0,0,0,0,173,2026-02-04 19:12:52.073447
SPNG,25.15,24.62,25.15,2359200.0,13500.0,1571800.0,,,0,0,0,0,0,0,0,0,0,0,0,0,0,0,0,0,0,0,0,0,0,0,0,174,2026-02-04 19:12:53.135718
SMMR,24.6,24.65,24.75,2404200.0,,2452000.0,,,0,0,0,0,0,0,0,0,0,0,0,0,0,0,0,0,0,0,0,0,0,0,0,174,2026-02-04 19:12:53.135718
ATMN,25.39,25.17,25.32,1168200.0,,2131300.0,22500.0,,0,0,0,0,0,0,0,0,0,0,0,0,0,0,0,0,0,0,0,0,0,0,0,174,2026-02-04 19:12:53.135718
WNTR,26.31,26.18,26.31,2360100.0,,2162400.0,,800.0,0,0,0,0,0,0,0,0,0,0,0,0,0,0,0,0,0,0,0,0,0,0,0,174,2026-02-04 19:12:53.135718
SPNG,24.61,24.63,25.16,2250.0,2254600.0,2250.0,2120500.0,0,0,0,0,0,0,0,0,0,0,0,0,0,0,0,0,0,0,0,0,0,0,0,0,175,2026-02-04 19:12:54.185778
SMMR,24.6,24.67,24.75,,2398000.0,,2452700.0,0,0,0,0,0,0,0,0,0,0,0,0,0,0,0,0,0,0,0,0,0,0,0,0,175,2026-02-04 19:12:54.185778
ATMN,25.51,25.31,25.43,18000.0,1394800.0,,2127100.0,0,0,0,0,0,0,0,0,0,0,0,0,0,0,0,0,0,0,0,0,0,0,0,0,175,2026-02-04 19:12:54.185778
WNTR,26.26,26.26,26.3,,2360200.0,,2277500.0,0,0,0,0,0,0,0,0,0,0,0,0,0,0,0,0,0,0,0,0,0,0,0,0,175,2026-02-04 19:12:54.185778
SPNG,24.61,24.73,24.77,2108400.0,4500.0,1994100.0,4500.0,0,0,0,0,0,0,0,0,0,0,0,0,0,0,0,0,0,0,0,0,0,0,0,0,176,2026-02-04 19:12:55.230338
SMMR,24.78,24.67,24.78,2398000.0,,2466900.0,,0,0,0,0,0,0,0,0,0,0,0,0,0,0,0,0,0,0,0,0,0,0,0,0,176,2026-02-04 19:12:55.230338
ATMN,25.43,25.31,25.43,1520000.0,15750.0,2150000.0,,0,0,0,0,0,0,0,0,0,0,0,0,0,0,0,0,0,0,0,0,0,0,0,0,176,2026-02-04 19:12:55.230338
WNTR,26.28,26.28,26.3,2367800.0,,2277500.0,,0,0,0,0,0,0,0,0,0,0,0,0,0,0,0,0,0,0,0,0,0,0,0,0,176,2026-02-04 19:12:55.230338
SPNG,25.03,25.05,25.16,1930100.0,9000.0,6750.0,1902200.0,0,0,0,0,0,0,0,0,0,0,0,0,0,0,0,0,0,0,0,0,0,0,0,0,177,2026-02-04 19:12:56.276714
SMMR,24.61,24.61,24.71,2423400.0,,,2461200.0,0,0,0,0,0,0,0,0,0,0,0,0,0,0,0,0,0,0,0,0,0,0,0,0,177,2026-02-04 19:12:56.276714
ATMN,25.36,25.36,25.49,1407600.0,18000.0,,2132400.0,0,0,0,0,0,0,0,0,0,0,0,0,0,0,0,0,0,0,0,0,0,0,0,0,177,2026-02-04 19:12:56.276714
WNTR,26.28,26.28,26.3,2357300.0,,,2311800.0,0,0,0,0,0,0,0,0,0,0,0,0,0,0,0,0,0,0,0,0,0,0,0,0,177,2026-02-04 19:12:56.276714
SPNG,24.73,24.73,25.17,2379100.0,2252600.0,0,0,0,0,0,0,0,0,0,0,0,0,0,0,0,0,0,0,0,0,0,0,0,0,0,0,178,2026-02-04 19:12:57.321620
SMMR,24.71,24.62,24.71,2400200.0,2453400.0,0,0,0,0,0,0,0,0,0,0,0,0,0,0,0,0,0,0,0,0,0,0,0,0,0,0,178,2026-02-04 19:12:57.321620
ATMN,25.51,25.36,25.51,2350400.0,2129600.0,0,0,0,0,0,0,0,0,0,0,0,0,0,0,0,0,0,0,0,0,0,0,0,0,0,0,178,2026-02-04 19:12:57.321620
WNTR,26.18,26.18,26.3,2344500.0,2311800.0,0,0,0,0,0,0,0,0,0,0,0,0,0,0,0,0,0,0,0,0,0,0,0,0,0,0,178,2026-02-04 19:12:57.321620
SPNG,24.71,24.73,25.17,2356700.0,2260400.0,0,0,0,0,0,0,0,0,0,0,0,0,0,0,0,0,0,0,0,0,0,0,0,0,0,0,179,2026-02-04 19:12:58.364200
SMMR,24.61,24.61,24.64,2456700.0,2427700.0,0,0,0,0,0,0,0,0,0,0,0,0,0,0,0,0,0,0,0,0,0,0,0,0,0,0,179,2026-02-04 19:12:58.364200
ATMN,25.3,25.17,25.25,2328400.0,2147200.0,0,0,0,0,0,0,0,0,0,0,0,0,0,0,0,0,0,0,0,0,0,0,0,0,0,0,179,2026-02-04 19:12:58.364200
WNTR,26.18,26.29,26.3,2332500.0,2311800.0,0,0,0,0,0,0,0,0,0,0,0,0,0,0,0,0,0,0,0,0,0,0,0,0,0,0,179,2026-02-04 19:12:58.364200
SPNG,24.71,25.28,26.16,200000.0,3000.0,3000.0,,0,0,0,0,0,0,0,0,0,0,0,0,0,0,0,0,0,0,0,0,0,0,0,0,180,2026-02-04 19:12:59.450835
SMMR,25.34,25.46,25.57,963500.0,3000.0,13000.0,940200.0,0,0,0,0,0,0,0,0,0,0,0,0,0,0,0,0,0,0,0,0,0,0,0,0,180,2026-02-04 19:12:59.450835
ATMN,25.3,25.19,26.22,904800.0,,3000.0,867100.0,0,0,0,0,0,0,0,0,0,0,0,0,0,0,0,0,0,0,0,0,0,0,0,0,180,2026-02-04 19:12:59.450835
WNTR,26.18,26.11,26.15,939600.0,11400.0,800.0,891700.0,0,0,0,0,0,0,0,0,0,0,0,0,0,0,0,0,0,0,0,0,0,0,0,0,180,2026-02-04 19:12:59.450835
SPNG,25.56,25.28,25.41,1007600.0,6000.0,1047800.0,3000.0,2250.0,,0,0,0,0,0,0,0,0,0,0,0,0,0,0,0,0,0,0,0,0,0,0,181,2026-02-04 19:13:00.508399
SMMR,25.46,25.46,25.57,981600.0,6000.0,1062600.0,13000.0,,,0,0,0,0,0,0,0,0,0,0,0,0,0,0,0,0,0,0,0,0,0,0,181,2026-02-04 19:13:00.508399
ATMN,24.8,25.07,25.42,887200.0,6000.0,1085700.0,3000.0,,2250.0,0,0,0,0,0,0,0,0,0,0,0,0,0,0,0,0,0,0,0,0,0,0,181,2026-02-04 19:13:00.508399
WNTR,26.1,25.75,25.77,952700.0,6000.0,1242500.0,800.0,,,0,0,0,0,0,0,0,0,0,0,0,0,0,0,0,0,0,0,0,0,0,0,181,2026-02-04 19:13:00.508399
SPNG,25.58,25.28,25.58,1062800.0,6000.0,1013000.0,3000.0,2250.0,,0,0,0,0,0,0,0,0,0,0,0,0,0,0,0,0,0,0,0,0,0,0,182,2026-02-04 19:13:01.547924
SMMR,25.41,25.55,25.63,1124600.0,,927600.0,4000.0,,,0,0,0,0,0,0,0,0,0,0,0,0,0,0,0,0,0,0,0,0,0,0,182,2026-02-04 19:13:01.547924
ATMN,24.8,24.81,24.93,920200.0,3000.0,1404200.0,3000.0,4500.0,2250.0,0,0,0,0,0,0,0,0,0,0,0,0,0,0,0,0,0,0,0,0,0,0,182,2026-02-04 19:13:01.547924
WNTR,25.72,25.72,25.77,934000.0,3000.0,1471600.0,3800.0,,,0,0,0,0,0,0,0,0,0,0,0,0,0,0,0,0,0,0,0,0,0,0,182,2026-02-04 19:13:01.547924
SPNG,25.58,25.28,25.34,1062800.0,9000.0,4500.0,1352200.0,5900.0,6750.0,0,0,0,0,0,0,0,0,0,0,0,0,0,0,0,0,0,0,0,0,0,0,183,2026-02-04 19:13:02.610670
SMMR,25.27,25.38,25.58,1244400.0,8300.0,,1174100.0,9000.0,,0,0,0,0,0,0,0,0,0,0,0,0,0,0,0,0,0,0,0,0,0,0,183,2026-02-04 19:13:02.610670
ATMN,24.93,24.81,24.93,1170000.0,,4500.0,1388400.0,6000.0,4500.0,0,0,0,0,0,0,0,0,0,0,0,0,0,0,0,0,0,0,0,0,0,0,183,2026-02-04 19:13:02.610670
WNTR,25.72,25.66,25.67,947400.0,5000.0,,1930700.0,13800.0,,0,0,0,0,0,0,0,0,0,0,0,0,0,0,0,0,0,0,0,0,0,0,183,2026-02-04 19:13:02.610670
SPNG,25.18,25.18,25.39,1147800.0,3000.0,1352200.0,9000.0,5900.0,,0,0,0,0,0,0,0,0,0,0,0,0,0,0,0,0,0,0,0,0,0,0,184,2026-02-04 19:13:03.157645
SMMR,25.45,25.45,25.56,1244400.0,8300.0,1288800.0,,9000.0,,0,0,0,0,0,0,0,0,0,0,0,0,0,0,0,0,0,0,0,0,0,0,184,2026-02-04 19:13:03.157645
ATMN,24.93,25.18,25.19,1170000.0,,1506200.0,6750.0,6000.0,6750.0,0,0,0,0,0,0,0,0,0,0,0,0,0,0,0,0,0,0,0,0,0,0,184,2026-02-04 19:13:03.157645
WNTR,25.65,25.65,25.67,947400.0,,1920000.0,,13800.0,,0,0,0,0,0,0,0,0,0,0,0,0,0,0,0,0,0,0,0,0,0,0,184,2026-02-04 19:13:03.157645
SPNG,25.39,24.83,24.92,1154800.0,3000.0,1386800.0,11250.0,5900.0,0,0,0,0,0,0,0,0,0,0,0,0,0,0,0,0,0,0,0,0,0,0,0,185,2026-02-04 19:13:04.221608
SMMR,25.38,25.38,25.58,1104100.0,8300.0,1281700.0,,9000.0,0,0,0,0,0,0,0,0,0,0,0,0,0,0,0,0,0,0,0,0,0,0,0,185,2026-02-04 19:13:04.221608
ATMN,24.6,24.6,24.98,949000.0,,1522200.0,11250.0,3000.0,0,0,0,0,0,0,0,0,0,0,0,0,0,0,0,0,0,0,0,0,0,0,0,185,2026-02-04 19:13:04.221608
WNTR,25.48,25.36,25.38,912900.0,,1808100.0,,23800.0,0,0,0,0,0,0,0,0,0,0,0,0,0,0,0,0,0,0,0,0,0,0,0,185,2026-02-04 19:13:04.221608
SPNG,25.34,24.83,24.91,1279600.0,3000.0,1310000.0,13500.0,5900.0,0,0,0,0,0,0,0,0,0,0,0,0,0,0,0,0,0,0,0,0,0,0,0,186,2026-02-04 19:13:05.288822
SMMR,25.4,25.42,25.58,1342000.0,8300.0,1281700.0,,9000.0,0,0,0,0,0,0,0,0,0,0,0,0,0,0,0,0,0,0,0,0,0,0,0,186,2026-02-04 19:13:05.288822
ATMN,24.6,24.8,24.95,1270600.0,,1171000.0,18000.0,3000.0,0,0,0,0,0,0,0,0,0,0,0,0,0,0,0,0,0,0,0,0,0,0,0,186,2026-02-04 19:13:05.288822
WNTR,25.48,25.36,25.38,912900.0,1000.0,1853900.0,,26000.0,0,0,0,0,0,0,0,0,0,0,0,0,0,0,0,0,0,0,0,0,0,0,0,186,2026-02-04 19:13:05.288822
SPNG,24.91,25.18,25.51,1487100.0,3000.0,1294300.0,13500.0,5900.0,0,0,0,0,0,0,0,0,0,0,0,0,0,0,0,0,0,0,0,0,0,0,0,187,2026-02-04 19:13:06.422476
SMMR,25.4,25.42,25.48,1444900.0,8300.0,1544400.0,,9000.0,0,0,0,0,0,0,0,0,0,0,0,0,0,0,0,0,0,0,0,0,0,0,0,187,2026-02-04 19:13:06.422476
ATMN,24.82,24.8,24.82,1373900.0,,1097700.0,20250.0,3000.0,0,0,0,0,0,0,0,0,0,0,0,0,0,0,0,0,0,0,0,0,0,0,0,187,2026-02-04 19:13:06.422476
WNTR,25.18,24.63,25.17,918500.0,,1844900.0,,26000.0,0,0,0,0,0,0,0,0,0,0,0,0,0,0,0,0,0,0,0,0,0,0,0,187,2026-02-04 19:13:06.422476
