ticker,last_price,bid_price,ask_price,BUY_ANON,SELL_ANON,BUY_WRSW-2,SELL_WRSW-1,SELL_COLA-1,BUY_NAIT-1,BUY_WRSW-1,SELL_BRCH-1,SELL_WRSW-3,BUY_LUIS-1,SELL_UOTB-2,BUY_LAVL-1,SELL_UOTB-1,BUY_UEBR-1,BUY_COLA-3,SELL_LAVL-1,BUY_WRSW-3,BUY_BRCH-1,SELL_UEBR-1,BUY_UOTB-1,BUY_UOTB-2,SELL_LUIS-1,BUY_UOTB-3,SELL_COLA-3,SELL_WRSW-2,BUY_COLA-1,SELL_UOTB-3,SELL_NAIT-1,tick,timestamp
SPNG,0.0,24.85,25.03,2171600.0,2302800.0,0,0,0,0,0,0,0,0,0,0,0,0,0,0,0,0,0,0,0,0,0,0,0,0,0,0,0,2026-02-04 19:34:29.294303
SMMR,24.99,24.92,24.98,1888100.0,2345500.0,0,0,0,0,0,0,0,0,0,0,0,0,0,0,0,0,0,0,0,0,0,0,0,0,0,0,0,2026-02-04 19:34:29.294303
ATMN,0.0,24.9,25.26,2156300.0,2145400.0,0,0,0,0,0,0,0,0,0,0,0,0,0,0,0,0,0,0,0,0,0,0,0,0,0,0,0,2026-02-04 19:34:29.294303
WNTR,24.95,24.95,25.07,2391200.0,1644100.0,0,0,0,0,0,0,0,0,0,0,0,0,0,0,0,0,0,0,0,0,0,0,0,0,0,0,0,2026-02-04 19:34:29.294303
SPNG,24.82,24.82,25.03,2052000.0,2302800.0,,0,0,0,0,0,0,0,0,0,0,0,0,0,0,0,0,0,0,0,0,0,0,0,0,0,1,2026-02-04 19:34:29.874497,2.0,1.0,1.0,,Aggregate Position Limit,Your CRO has set the aggregate position limit to 11000 shares for this week.
SMMR,25.0,24.92,25.0,1992100.0,2346800.0,3000.0,0,0,0,0,0,0,0,0,0,0,0,0,0,0,0,0,0,0,0,0,0,0,0,0,0,1,2026-02-04 19:34:29.874497,1.0,1.0,1.0,,Welcome to the RITC 2026 Alogithmic Market Making Case - practice server,
ATMN,0.0,24.9,24.98,2156300.0,2182500.0,,0,0,0,0,0,0,0,0,0,0,0,0,0,0,0,0,0,0,0,0,0,0,0,0,0,1,2026-02-04 19:34:29.874497,,,,,,
WNTR,25.15,24.95,25.15,2250400.0,1636400.0,3000.0,0,0,0,0,0,0,0,0,0,0,0,0,0,0,0,0,0,0,0,0,0,0,0,0,0,1,2026-02-04 19:34:29.874497,,,,,,
SPNG,25.03,24.85,25.03,3000.0,2201900.0,2211800.0,3000.0,0,0,0,0,0,0,0,0,0,0,0,0,0,0,0,0,0,0,0,0,0,0,0,0,2,2026-02-04 19:34:30.934158
SMMR,25.0,24.92,25.0,6000.0,1992100.0,2214200.0,3000.0,0,0,0,0,0,0,0,0,0,0,0,0,0,0,0,0,0,0,0,0,0,0,0,0,2,2026-02-04 19:34:30.934158
ATMN,24.98,25.1,25.26,3000.0,2053300.0,2084300.0,3000.0,0,0,0,0,0,0,0,0,0,0,0,0,0,0,0,0,0,0,0,0,0,0,0,0,2,2026-02-04 19:34:30.934158
WNTR,24.87,24.87,24.99,3000.0,2236000.0,1749300.0,3000.0,0,0,0,0,0,0,0,0,0,0,0,0,0,0,0,0,0,0,0,0,0,0,0,0,2,2026-02-04 19:34:30.934158
SPNG,25.03,24.89,25.03,2065100.0,6000.0,2117100.0,6000.0,0,0,0,0,0,0,0,0,0,0,0,0,0,0,0,0,0,0,0,0,0,0,0,0,3,2026-02-04 19:34:31.492924
SMMR,25.01,24.92,24.93,2116500.0,6000.0,2362500.0,,0,0,0,0,0,0,0,0,0,0,0,0,0,0,0,0,0,0,0,0,0,0,0,0,3,2026-02-04 19:34:31.492924
ATMN,24.88,24.88,25.26,2048000.0,,1966000.0,6000.0,0,0,0,0,0,0,0,0,0,0,0,0,0,0,0,0,0,0,0,0,0,0,0,0,3,2026-02-04 19:34:31.492924
WNTR,24.85,24.85,24.88,2368400.0,,1861500.0,3000.0,0,0,0,0,0,0,0,0,0,0,0,0,0,0,0,0,0,0,0,0,0,0,0,0,3,2026-02-04 19:34:31.492924
SPNG,24.89,24.89,25.07,2065100.0,6000.0,2279500.0,,0,0,0,0,0,0,0,0,0,0,0,0,0,0,0,0,0,0,0,0,0,0,0,0,4,2026-02-04 19:34:32.547838
SMMR,25.01,24.92,24.93,2038000.0,16000.0,2218300.0,2000.0,0,0,0,0,0,0,0,0,0,0,0,0,0,0,0,0,0,0,0,0,0,0,0,0,4,2026-02-04 19:34:32.547838
ATMN,25.26,25.0,25.26,2192700.0,,1986400.0,9000.0,0,0,0,0,0,0,0,0,0,0,0,0,0,0,0,0,0,0,0,0,0,0,0,0,4,2026-02-04 19:34:32.547838
WNTR,24.88,24.86,24.88,2262400.0,5000.0,1978400.0,13000.0,0,0,0,0,0,0,0,0,0,0,0,0,0,0,0,0,0,0,0,0,0,0,0,0,4,2026-02-04 19:34:32.547838
SPNG,25.31,24.82,25.31,2298300.0,2282500.0,,,0,0,0,0,0,0,0,0,0,0,0,0,0,0,0,0,0,0,0,0,0,0,0,0,5,2026-02-04 19:34:33.599925
SMMR,25.01,24.92,24.93,1871600.0,2235400.0,22100.0,2000.0,0,0,0,0,0,0,0,0,0,0,0,0,0,0,0,0,0,0,0,0,0,0,0,0,5,2026-02-04 19:34:33.599925
ATMN,25.31,24.88,25.12,2177000.0,2183300.0,,,0,0,0,0,0,0,0,0,0,0,0,0,0,0,0,0,0,0,0,0,0,0,0,0,5,2026-02-04 19:34:33.599925
WNTR,24.99,24.86,24.99,2130900.0,1866200.0,10000.0,3000.0,0,0,0,0,0,0,0,0,0,0,0,0,0,0,0,0,0,0,0,0,0,0,0,0,5,2026-02-04 19:34:33.599925
SPNG,25.05,25.05,25.31,2318500.0,2282500.0,,,0,0,0,0,0,0,0,0,0,0,0,0,0,0,0,0,0,0,0,0,0,0,0,0,6,2026-02-04 19:34:34.652917
SMMR,25.01,25.01,25.06,2216900.0,2345100.0,6900.0,,0,0,0,0,0,0,0,0,0,0,0,0,0,0,0,0,0,0,0,0,0,0,0,0,6,2026-02-04 19:34:34.652917
ATMN,25.31,24.88,25.31,2184000.0,2205900.0,,,0,0,0,0,0,0,0,0,0,0,0,0,0,0,0,0,0,0,0,0,0,0,0,0,6,2026-02-04 19:34:34.652917
WNTR,24.99,25.02,25.11,1930500.0,1753300.0,28000.0,3000.0,0,0,0,0,0,0,0,0,0,0,0,0,0,0,0,0,0,0,0,0,0,0,0,0,6,2026-02-04 19:34:34.652917
SPNG,24.77,24.77,25.31,2260500.0,2206000.0,8100.0,,0,0,0,0,0,0,0,0,0,0,0,0,0,0,0,0,0,0,0,0,0,0,0,0,7,2026-02-04 19:34:35.725558
SMMR,24.92,24.92,25.06,2370000.0,2220700.0,10000.0,,0,0,0,0,0,0,0,0,0,0,0,0,0,0,0,0,0,0,0,0,0,0,0,0,7,2026-02-04 19:34:35.725558
ATMN,25.31,25.21,25.31,2145900.0,2090300.0,2000.0,,0,0,0,0,0,0,0,0,0,0,0,0,0,0,0,0,0,0,0,0,0,0,0,0,7,2026-02-04 19:34:35.725558
WNTR,25.0,25.0,25.11,2042700.0,2013900.0,5000.0,20000.0,0,0,0,0,0,0,0,0,0,0,0,0,0,0,0,0,0,0,0,0,0,0,0,0,7,2026-02-04 19:34:35.725558
SPNG,25.21,24.77,24.94,2260500.0,2178000.0,8100.0,,0,0,0,0,0,0,0,0,0,0,0,0,0,0,0,0,0,0,0,0,0,0,0,0,8,2026-02-04 19:34:36.787162
SMMR,24.9,24.9,25.06,2362800.0,2220700.0,10000.0,,0,0,0,0,0,0,0,0,0,0,0,0,0,0,0,0,0,0,0,0,0,0,0,0,8,2026-02-04 19:34:36.787162
ATMN,24.81,24.81,25.31,2203200.0,2100400.0,2000.0,,0,0,0,0,0,0,0,0,0,0,0,0,0,0,0,0,0,0,0,0,0,0,0,0,8,2026-02-04 19:34:36.787162
WNTR,24.85,24.85,25.05,2232800.0,2108500.0,5000.0,2000.0,0,0,0,0,0,0,0,0,0,0,0,0,0,0,0,0,0,0,0,0,0,0,0,0,8,2026-02-04 19:34:36.787162
SPNG,24.94,25.0,25.31,2309900.0,2186300.0,8100.0,,0,0,0,0,0,0,0,0,0,0,0,0,0,0,0,0,0,0,0,0,0,0,0,0,9,2026-02-04 19:34:37.834144
SMMR,24.9,24.95,24.99,2248200.0,2079700.0,20000.0,2000.0,0,0,0,0,0,0,0,0,0,0,0,0,0,0,0,0,0,0,0,0,0,0,0,0,9,2026-02-04 19:34:37.834144
ATMN,25.31,25.07,25.31,2078700.0,2090500.0,2000.0,4000.0,0,0,0,0,0,0,0,0,0,0,0,0,0,0,0,0,0,0,0,0,0,0,0,0,9,2026-02-04 19:34:37.834144
WNTR,25.05,24.85,25.05,2131300.0,2011700.0,15000.0,4000.0,0,0,0,0,0,0,0,0,0,0,0,0,0,0,0,0,0,0,0,0,0,0,0,0,9,2026-02-04 19:34:37.834144
SPNG,25.0,24.79,24.95,2312900.0,2231300.0,8100.0,,0,0,0,0,0,0,0,0,0,0,0,0,0,0,0,0,0,0,0,0,0,0,0,0,10,2026-02-04 19:34:38.898062
SMMR,25.02,24.95,25.02,2102200.0,2100300.0,20000.0,4000.0,0,0,0,0,0,0,0,0,0,0,0,0,0,0,0,0,0,0,0,0,0,0,0,0,10,2026-02-04 19:34:38.898062
ATMN,25.07,24.81,25.04,2079600.0,2071900.0,2000.0,4000.0,0,0,0,0,0,0,0,0,0,0,0,0,0,0,0,0,0,0,0,0,0,0,0,0,10,2026-02-04 19:34:38.898062
WNTR,24.79,24.79,24.86,2435100.0,2044500.0,15000.0,,0,0,0,0,0,0,0,0,0,0,0,0,0,0,0,0,0,0,0,0,0,0,0,0,10,2026-02-04 19:34:38.898062
SPNG,25.31,24.79,25.15,2312900.0,2197800.0,8100.0,,0,0,0,0,0,0,0,0,0,0,0,0,0,0,0,0,0,0,0,0,0,0,0,0,11,2026-02-04 19:34:39.944425
SMMR,24.95,24.95,25.06,2102600.0,1982200.0,22000.0,4000.0,0,0,0,0,0,0,0,0,0,0,0,0,0,0,0,0,0,0,0,0,0,0,0,0,11,2026-02-04 19:34:39.944425
ATMN,25.07,25.02,25.04,1960200.0,2071900.0,2000.0,5300.0,0,0,0,0,0,0,0,0,0,0,0,0,0,0,0,0,0,0,0,0,0,0,0,0,11,2026-02-04 19:34:39.944425
WNTR,25.11,24.79,25.03,2273300.0,2020900.0,15000.0,5000.0,0,0,0,0,0,0,0,0,0,0,0,0,0,0,0,0,0,0,0,0,0,0,0,0,11,2026-02-04 19:34:39.944425
SPNG,24.82,25.11,25.31,2322700.0,2225900.0,8100.0,,0,0,0,0,0,0,0,0,0,0,0,0,0,0,0,0,0,0,0,0,0,0,0,0,12,2026-02-04 19:34:40.990084
SMMR,25.04,24.95,25.04,2102600.0,1994800.0,22000.0,4000.0,0,0,0,0,0,0,0,0,0,0,0,0,0,0,0,0,0,0,0,0,0,0,0,0,12,2026-02-04 19:34:40.990084
ATMN,25.02,24.81,24.98,2045900.0,2098700.0,2000.0,4000.0,0,0,0,0,0,0,0,0,0,0,0,0,0,0,0,0,0,0,0,0,0,0,0,0,12,2026-02-04 19:34:40.990084
WNTR,24.86,25.0,25.03,2257100.0,2013300.0,15000.0,5000.0,0,0,0,0,0,0,0,0,0,0,0,0,0,0,0,0,0,0,0,0,0,0,0,0,12,2026-02-04 19:34:40.990084
SPNG,24.82,25.11,25.31,2322700.0,2217400.0,8100.0,,0,0,0,0,0,0,0,0,0,0,0,0,0,0,0,0,0,0,0,0,0,0,0,0,13,2026-02-04 19:34:41.552300
SMMR,25.11,24.95,25.11,2102600.0,2351500.0,,4000.0,0,0,0,0,0,0,0,0,0,0,0,0,0,0,0,0,0,0,0,0,0,0,0,0,13,2026-02-04 19:34:41.552300
ATMN,25.02,24.81,24.98,2039100.0,2098700.0,2000.0,4000.0,0,0,0,0,0,0,0,0,0,0,0,0,0,0,0,0,0,0,0,0,0,0,0,0,13,2026-02-04 19:34:41.552300
WNTR,24.79,24.79,25.0,2285400.0,2011800.0,15000.0,5000.0,0,0,0,0,0,0,0,0,0,0,0,0,0,0,0,0,0,0,0,0,0,0,0,0,13,2026-02-04 19:34:41.552300
SPNG,24.82,25.11,25.31,2322700.0,2224100.0,8100.0,,0,0,0,0,0,0,0,0,0,0,0,0,0,0,0,0,0,0,0,0,0,0,0,0,14,2026-02-04 19:34:42.630601
SMMR,24.89,24.89,25.03,2363000.0,2376700.0,,,0,0,0,0,0,0,0,0,0,0,0,0,0,0,0,0,0,0,0,0,0,0,0,0,14,2026-02-04 19:34:42.630601
ATMN,24.98,24.98,25.31,1903700.0,2075700.0,2000.0,11000.0,0,0,0,0,0,0,0,0,0,0,0,0,0,0,0,0,0,0,0,0,0,0,0,0,14,2026-02-04 19:34:42.630601
WNTR,24.79,24.98,25.0,2128100.0,1915400.0,16300.0,10000.0,0,0,0,0,0,0,0,0,0,0,0,0,0,0,0,0,0,0,0,0,0,0,0,0,14,2026-02-04 19:34:42.630601
SPNG,25.14,24.79,25.14,2312900.0,2225300.0,8100.0,,0,0,0,0,0,0,0,0,0,0,0,0,0,0,0,0,0,0,0,0,0,0,0,0,15,2026-02-04 19:34:43.711413
SMMR,25.03,24.98,25.03,2342800.0,2336100.0,,,0,0,0,0,0,0,0,0,0,0,0,0,0,0,0,0,0,0,0,0,0,0,0,0,15,2026-02-04 19:34:43.711413
ATMN,24.98,24.98,25.01,1903700.0,2101700.0,2000.0,11000.0,0,0,0,0,0,0,0,0,0,0,0,0,0,0,0,0,0,0,0,0,0,0,0,0,15,2026-02-04 19:34:43.711413
WNTR,24.98,24.79,24.95,2161800.0,1858000.0,23300.0,10000.0,0,0,0,0,0,0,0,0,0,0,0,0,0,0,0,0,0,0,0,0,0,0,0,0,15,2026-02-04 19:34:43.711413
SPNG,24.81,24.99,25.07,2321100.0,2221900.0,8100.0,,0,0,0,0,0,0,0,0,0,0,0,0,0,0,0,0,0,0,0,0,0,0,0,0,16,2026-02-04 19:34:44.778020
SMMR,25.11,25.04,25.11,2342800.0,2355600.0,,,0,0,0,0,0,0,0,0,0,0,0,0,0,0,0,0,0,0,0,0,0,0,0,0,16,2026-02-04 19:34:44.778020
ATMN,25.01,25.07,25.31,1926500.0,2085200.0,2000.0,11000.0,0,0,0,0,0,0,0,0,0,0,0,0,0,0,0,0,0,0,0,0,0,0,0,0,16,2026-02-04 19:34:44.778020
WNTR,24.98,24.81,24.95,2139600.0,1886800.0,23300.0,10000.0,0,0,0,0,0,0,0,0,0,0,0,0,0,0,0,0,0,0,0,0,0,0,0,0,16,2026-02-04 19:34:44.778020
SPNG,24.77,24.77,25.06,2317500.0,2205900.0,8100.0,,0,0,0,0,0,0,0,0,0,0,0,0,0,0,0,0,0,0,0,0,0,0,0,0,17,2026-02-04 19:34:45.830486
SMMR,24.96,24.99,25.11,2346200.0,2355600.0,,,0,0,0,0,0,0,0,0,0,0,0,0,0,0,0,0,0,0,0,0,0,0,0,0,17,2026-02-04 19:34:45.830486
ATMN,24.79,24.79,25.31,2084000.0,2085200.0,2000.0,,0,0,0,0,0,0,0,0,0,0,0,0,0,0,0,0,0,0,0,0,0,0,0,0,17,2026-02-04 19:34:45.830486
WNTR,24.8,24.8,24.92,2146500.0,1801300.0,31100.0,10000.0,0,0,0,0,0,0,0,0,0,0,0,0,0,0,0,0,0,0,0,0,0,0,0,0,17,2026-02-04 19:34:45.830486
SPNG,24.77,24.81,25.06,2286500.0,2205900.0,8100.0,,0,0,0,0,0,0,0,0,0,0,0,0,0,0,0,0,0,0,0,0,0,0,0,0,18,2026-02-04 19:34:46.876647
SMMR,25.12,25.07,25.11,2348300.0,2363200.0,,,0,0,0,0,0,0,0,0,0,0,0,0,0,0,0,0,0,0,0,0,0,0,0,0,18,2026-02-04 19:34:46.876647
ATMN,24.77,25.26,25.34,2066800.0,2182800.0,,,0,0,0,0,0,0,0,0,0,0,0,0,0,0,0,0,0,0,0,0,0,0,0,0,18,2026-02-04 19:34:46.876647
WNTR,24.8,24.89,24.92,2005900.0,1802800.0,31100.0,10600.0,0,0,0,0,0,0,0,0,0,0,0,0,0,0,0,0,0,0,0,0,0,0,0,0,18,2026-02-04 19:34:46.876647
SPNG,25.07,24.81,25.07,2286500.0,2212300.0,8100.0,,0,0,0,0,0,0,0,0,0,0,0,0,0,0,0,0,0,0,0,0,0,0,0,0,19,2026-02-04 19:34:47.923059
SMMR,25.11,25.07,25.11,2357800.0,2318100.0,,,0,0,0,0,0,0,0,0,0,0,0,0,0,0,0,0,0,0,0,0,0,0,0,0,19,2026-02-04 19:34:47.923059
ATMN,24.94,25.15,25.34,2077300.0,2192300.0,,,0,0,0,0,0,0,0,0,0,0,0,0,0,0,0,0,0,0,0,0,0,0,0,0,19,2026-02-04 19:34:47.923059
WNTR,24.95,24.89,24.95,2005900.0,1912800.0,23300.0,10600.0,0,0,0,0,0,0,0,0,0,0,0,0,0,0,0,0,0,0,0,0,0,0,0,0,19,2026-02-04 19:34:47.923059
SPNG,24.75,25.0,25.07,2252000.0,2212300.0,8100.0,,0,0,0,0,0,0,0,0,0,0,0,0,0,0,0,0,0,0,0,0,0,0,0,0,20,2026-02-04 19:34:48.971782
SMMR,25.11,25.07,25.11,2351400.0,2284200.0,,,0,0,0,0,0,0,0,0,0,0,0,0,0,0,0,0,0,0,0,0,0,0,0,0,20,2026-02-04 19:34:48.971782
ATMN,24.94,25.15,25.23,2077300.0,2186900.0,,,0,0,0,0,0,0,0,0,0,0,0,0,0,0,0,0,0,0,0,0,0,0,0,0,20,2026-02-04 19:34:48.971782
WNTR,25.0,24.84,25.0,2013600.0,1881500.0,23300.0,17800.0,0,0,0,0,0,0,0,0,0,0,0,0,0,0,0,0,0,0,0,0,0,0,0,0,20,2026-02-04 19:34:48.971782
SPNG,24.89,24.81,24.89,2266200.0,2187900.0,8100.0,,0,0,0,0,0,0,0,0,0,0,0,0,0,0,0,0,0,0,0,0,0,0,0,0,21,2026-02-04 19:34:50.021900
SMMR,25.12,25.07,25.12,2322000.0,2283500.0,,,0,0,0,0,0,0,0,0,0,0,0,0,0,0,0,0,0,0,0,0,0,0,0,0,21,2026-02-04 19:34:50.021900
ATMN,25.15,24.77,24.82,2080800.0,2217100.0,,,0,0,0,0,0,0,0,0,0,0,0,0,0,0,0,0,0,0,0,0,0,0,0,0,21,2026-02-04 19:34:50.021900
WNTR,25.02,24.9,25.02,1942600.0,2084800.0,15000.0,26700.0,0,0,0,0,0,0,0,0,0,0,0,0,0,0,0,0,0,0,0,0,0,0,0,0,21,2026-02-04 19:34:50.021900
SPNG,24.89,24.81,24.89,2273500.0,2164200.0,8100.0,,0,0,0,0,0,0,0,0,0,0,0,0,0,0,0,0,0,0,0,0,0,0,0,0,22,2026-02-04 19:34:51.071824
SMMR,25.13,25.07,25.12,2322000.0,2145700.0,10000.0,,0,0,0,0,0,0,0,0,0,0,0,0,0,0,0,0,0,0,0,0,0,0,0,0,22,2026-02-04 19:34:51.071824
ATMN,25.15,24.77,24.82,2060900.0,2097100.0,1300.0,,0,0,0,0,0,0,0,0,0,0,0,0,0,0,0,0,0,0,0,0,0,0,0,0,22,2026-02-04 19:34:51.071824
WNTR,24.96,24.99,25.02,1906000.0,1951900.0,17000.0,26700.0,0,0,0,0,0,0,0,0,0,0,0,0,0,0,0,0,0,0,0,0,0,0,0,0,22,2026-02-04 19:34:51.071824
SPNG,24.89,24.81,24.89,2273500.0,2164200.0,8100.0,,0,0,0,0,0,0,0,0,0,0,0,0,0,0,0,0,0,0,0,0,0,0,0,0,23,2026-02-04 19:34:51.624623
SMMR,25.07,25.07,25.1,2354800.0,2137300.0,10000.0,,0,0,0,0,0,0,0,0,0,0,0,0,0,0,0,0,0,0,0,0,0,0,0,0,23,2026-02-04 19:34:51.624623
ATMN,24.82,24.9,25.26,2080800.0,2201100.0,,,0,0,0,0,0,0,0,0,0,0,0,0,0,0,0,0,0,0,0,0,0,0,0,0,23,2026-02-04 19:34:51.624623
WNTR,24.91,24.9,24.91,1899600.0,1985800.0,17000.0,26700.0,0,0,0,0,0,0,0,0,0,0,0,0,0,0,0,0,0,0,0,0,0,0,0,0,23,2026-02-04 19:34:51.624623
SPNG,24.89,24.81,24.89,2296000.0,2164200.0,8100.0,,0,0,0,0,0,0,0,0,0,0,0,0,0,0,0,0,0,0,0,0,0,0,0,0,24,2026-02-04 19:34:52.675574
SMMR,25.1,25.07,25.1,2354800.0,2113700.0,10000.0,,0,0,0,0,0,0,0,0,0,0,0,0,0,0,0,0,0,0,0,0,0,0,0,0,24,2026-02-04 19:34:52.675574
ATMN,24.82,25.24,25.26,2066200.0,2159900.0,,,0,0,0,0,0,0,0,0,0,0,0,0,0,0,0,0,0,0,0,0,0,0,0,0,24,2026-02-04 19:34:52.675574
WNTR,24.91,24.9,24.91,1782200.0,1985800.0,17000.0,28000.0,0,0,0,0,0,0,0,0,0,0,0,0,0,0,0,0,0,0,0,0,0,0,0,0,24,2026-02-04 19:34:52.675574
SPNG,24.89,24.81,24.89,2275700.0,2164200.0,8100.0,,0,0,0,0,0,0,0,0,0,0,0,0,0,0,0,0,0,0,0,0,0,0,0,0,25,2026-02-04 19:34:53.722165
SMMR,25.13,24.98,25.13,2342900.0,2246700.0,,,0,0,0,0,0,0,0,0,0,0,0,0,0,0,0,0,0,0,0,0,0,0,0,0,25,2026-02-04 19:34:53.722165
ATMN,25.24,24.9,25.04,2080800.0,2166700.0,,,0,0,0,0,0,0,0,0,0,0,0,0,0,0,0,0,0,0,0,0,0,0,0,0,25,2026-02-04 19:34:53.722165
WNTR,25.03,24.99,25.03,1776000.0,2103000.0,15000.0,28000.0,0,0,0,0,0,0,0,0,0,0,0,0,0,0,0,0,0,0,0,0,0,0,0,0,25,2026-02-04 19:34:53.722165
SPNG,25.31,24.81,25.31,2291100.0,2192600.0,8100.0,,0,0,0,0,0,0,0,0,0,0,0,0,0,0,0,0,0,0,0,0,0,0,0,0,26,2026-02-04 19:34:54.781152
SMMR,25.13,25.02,25.13,2193100.0,2246700.0,,2000.0,0,0,0,0,0,0,0,0,0,0,0,0,0,0,0,0,0,0,0,0,0,0,0,0,26,2026-02-04 19:34:54.781152
ATMN,25.04,24.9,25.04,2078100.0,2166700.0,,,0,0,0,0,0,0,0,0,0,0,0,0,0,0,0,0,0,0,0,0,0,0,0,0,26,2026-02-04 19:34:54.781152
WNTR,24.93,24.93,25.04,1800200.0,2117300.0,15000.0,28000.0,0,0,0,0,0,0,0,0,0,0,0,0,0,0,0,0,0,0,0,0,0,0,0,0,26,2026-02-04 19:34:54.781152
SPNG,25.31,24.81,24.98,2291300.0,2213900.0,8100.0,,0,0,0,0,0,0,0,0,0,0,0,0,0,0,0,0,0,0,0,0,0,0,0,0,27,2026-02-04 19:34:55.843771
SMMR,25.14,25.12,25.14,2180500.0,2226400.0,,2000.0,0,0,0,0,0,0,0,0,0,0,0,0,0,0,0,0,0,0,0,0,0,0,0,0,27,2026-02-04 19:34:55.843771
ATMN,25.26,24.9,25.26,2075400.0,2164300.0,,,0,0,0,0,0,0,0,0,0,0,0,0,0,0,0,0,0,0,0,0,0,0,0,0,27,2026-02-04 19:34:55.843771
WNTR,24.9,24.92,25.04,1784000.0,1844800.0,26700.0,28000.0,0,0,0,0,0,0,0,0,0,0,0,0,0,0,0,0,0,0,0,0,0,0,0,0,27,2026-02-04 19:34:55.843771
SPNG,24.78,24.78,24.87,2279800.0,2179500.0,8100.0,,0,0,0,0,0,0,0,0,0,0,0,0,0,0,0,0,0,0,0,0,0,0,0,0,28,2026-02-04 19:34:56.899130
SMMR,25.02,25.02,25.14,2193100.0,2188800.0,,2000.0,0,0,0,0,0,0,0,0,0,0,0,0,0,0,0,0,0,0,0,0,0,0,0,0,28,2026-02-04 19:34:56.899130
ATMN,25.28,24.9,25.28,2090500.0,2154600.0,,,0,0,0,0,0,0,0,0,0,0,0,0,0,0,0,0,0,0,0,0,0,0,0,0,28,2026-02-04 19:34:56.899130
WNTR,25.03,25.03,25.04,2018900.0,1711900.0,32100.0,17800.0,0,0,0,0,0,0,0,0,0,0,0,0,0,0,0,0,0,0,0,0,0,0,0,0,28,2026-02-04 19:34:56.899130
SPNG,24.73,24.73,24.98,2271100.0,2213900.0,8100.0,,0,0,0,0,0,0,0,0,0,0,0,0,0,0,0,0,0,0,0,0,0,0,0,0,29,2026-02-04 19:34:57.948984
SMMR,25.02,25.02,25.14,2201700.0,2236000.0,,2000.0,0,0,0,0,0,0,0,0,0,0,0,0,0,0,0,0,0,0,0,0,0,0,0,0,29,2026-02-04 19:34:57.948984
ATMN,25.29,24.9,25.29,2090500.0,2172000.0,,,0,0,0,0,0,0,0,0,0,0,0,0,0,0,0,0,0,0,0,0,0,0,0,0,29,2026-02-04 19:34:57.948984
WNTR,24.84,24.84,25.01,2065400.0,1742400.0,32100.0,17800.0,0,0,0,0,0,0,0,0,0,0,0,0,0,0,0,0,0,0,0,0,0,0,0,0,29,2026-02-04 19:34:57.948984
SPNG,25.16,24.73,25.13,2271100.0,2200800.0,8100.0,,0,0,0,0,0,0,0,0,0,0,0,0,0,0,0,0,0,0,0,0,0,0,0,0,30,2026-02-04 19:34:58.999646
SMMR,25.02,24.98,24.99,2208300.0,2245200.0,,2000.0,0,0,0,0,0,0,0,0,0,0,0,0,0,0,0,0,0,0,0,0,0,0,0,0,30,2026-02-04 19:34:58.999646
ATMN,25.21,24.9,25.0,2088300.0,2160500.0,,,0,0,0,0,0,0,0,0,0,0,0,0,0,0,0,0,0,0,0,0,0,0,0,0,30,2026-02-04 19:34:58.999646
WNTR,24.79,24.79,25.01,2147600.0,1635200.0,33800.0,10000.0,0,0,0,0,0,0,0,0,0,0,0,0,0,0,0,0,0,0,0,0,0,0,0,0,30,2026-02-04 19:34:58.999646
SPNG,25.13,24.77,25.13,2238700.0,2200800.0,8100.0,,0,0,0,0,0,0,0,0,0,0,0,0,0,0,0,0,0,0,0,0,0,0,0,0,31,2026-02-04 19:35:00.046168
SMMR,25.0,25.01,25.14,2309300.0,2236000.0,,,0,0,0,0,0,0,0,0,0,0,0,0,0,0,0,0,0,0,0,0,0,0,0,0,31,2026-02-04 19:35:00.046168
ATMN,25.0,25.25,25.29,2104000.0,2172000.0,,,0,0,0,0,0,0,0,0,0,0,0,0,0,0,0,0,0,0,0,0,0,0,0,0,31,2026-02-04 19:35:00.046168
WNTR,25.01,24.79,24.97,2147600.0,1646500.0,38900.0,10000.0,0,0,0,0,0,0,0,0,0,0,0,0,0,0,0,0,0,0,0,0,0,0,0,0,31,2026-02-04 19:35:00.046168
SPNG,24.89,24.77,24.89,2211700.0,2191500.0,8100.0,0,0,0,0,0,0,0,0,0,0,0,0,0,0,0,0,0,0,0,0,0,0,0,0,0,32,2026-02-04 19:35:01.093561
SMMR,25.1,25.1,25.15,2340900.0,2203500.0,,0,0,0,0,0,0,0,0,0,0,0,0,0,0,0,0,0,0,0,0,0,0,0,0,0,32,2026-02-04 19:35:01.093561
ATMN,24.9,24.9,25.18,2106400.0,2172500.0,,0,0,0,0,0,0,0,0,0,0,0,0,0,0,0,0,0,0,0,0,0,0,0,0,0,32,2026-02-04 19:35:01.093561
WNTR,24.78,24.78,24.96,2391000.0,1491500.0,48900.0,0,0,0,0,0,0,0,0,0,0,0,0,0,0,0,0,0,0,0,0,0,0,0,0,0,32,2026-02-04 19:35:01.093561
SPNG,25.36,24.77,25.14,2216100.0,2306300.0,,,0,0,0,0,0,0,0,0,0,0,0,0,0,0,0,0,0,0,0,0,0,0,0,0,33,2026-02-04 19:35:02.155064
SMMR,24.92,24.92,25.14,2237700.0,2210800.0,5000.0,,0,0,0,0,0,0,0,0,0,0,0,0,0,0,0,0,0,0,0,0,0,0,0,0,33,2026-02-04 19:35:02.155064
ATMN,24.9,24.9,25.18,2013600.0,2160000.0,1100.0,,0,0,0,0,0,0,0,0,0,0,0,0,0,0,0,0,0,0,0,0,0,0,0,0,33,2026-02-04 19:35:02.155064
WNTR,24.78,24.78,24.95,2290500.0,1632600.0,2000.0,38900.0,0,0,0,0,0,0,0,0,0,0,0,0,0,0,0,0,0,0,0,0,0,0,0,0,33,2026-02-04 19:35:02.155064
SPNG,25.14,24.77,25.14,2216100.0,2306300.0,,,0,0,0,0,0,0,0,0,0,0,0,0,0,0,0,0,0,0,0,0,0,0,0,0,34,2026-02-04 19:35:02.715024
SMMR,24.86,24.86,25.14,2392800.0,2210800.0,,,0,0,0,0,0,0,0,0,0,0,0,0,0,0,0,0,0,0,0,0,0,0,0,0,34,2026-02-04 19:35:02.715024
ATMN,25.18,24.9,25.18,2013600.0,2160000.0,1100.0,,0,0,0,0,0,0,0,0,0,0,0,0,0,0,0,0,0,0,0,0,0,0,0,0,34,2026-02-04 19:35:02.715024
WNTR,24.95,24.78,24.95,2259000.0,1632600.0,2000.0,38900.0,0,0,0,0,0,0,0,0,0,0,0,0,0,0,0,0,0,0,0,0,0,0,0,0,34,2026-02-04 19:35:02.715024
SPNG,25.14,25.1,25.14,2222100.0,2309500.0,,,0,0,0,0,0,0,0,0,0,0,0,0,0,0,0,0,0,0,0,0,0,0,0,0,35,2026-02-04 19:35:03.771053
SMMR,25.13,24.86,25.0,2392800.0,2232800.0,,,0,0,0,0,0,0,0,0,0,0,0,0,0,0,0,0,0,0,0,0,0,0,0,0,35,2026-02-04 19:35:03.771053
ATMN,25.18,24.9,25.18,2024400.0,2160000.0,1100.0,,0,0,0,0,0,0,0,0,0,0,0,0,0,0,0,0,0,0,0,0,0,0,0,0,35,2026-02-04 19:35:03.771053
WNTR,24.78,24.78,24.95,2246600.0,1632600.0,2000.0,40300.0,0,0,0,0,0,0,0,0,0,0,0,0,0,0,0,0,0,0,0,0,0,0,0,0,35,2026-02-04 19:35:03.771053
SPNG,24.75,24.75,25.14,2218200.0,2295300.0,,,0,0,0,0,0,0,0,0,0,0,0,0,0,0,0,0,0,0,0,0,0,0,0,0,36,2026-02-04 19:35:04.831085
SMMR,25.0,25.05,25.13,2392500.0,2226100.0,,,0,0,0,0,0,0,0,0,0,0,0,0,0,0,0,0,0,0,0,0,0,0,0,0,36,2026-02-04 19:35:04.831085
ATMN,25.18,25.11,25.18,2043900.0,2160000.0,1100.0,,0,0,0,0,0,0,0,0,0,0,0,0,0,0,0,0,0,0,0,0,0,0,0,0,36,2026-02-04 19:35:04.831085
WNTR,24.97,24.99,25.01,2234900.0,1752400.0,2000.0,30800.0,0,0,0,0,0,0,0,0,0,0,0,0,0,0,0,0,0,0,0,0,0,0,0,0,36,2026-02-04 19:35:04.831085
SPNG,24.75,24.75,25.14,2128400.0,4500.0,2294800.0,,0,0,0,0,0,0,0,0,0,0,0,0,0,0,0,0,0,0,0,0,0,0,0,0,37,2026-02-04 19:35:05.877338
SMMR,24.86,25.01,25.13,2410900.0,,2226100.0,,0,0,0,0,0,0,0,0,0,0,0,0,0,0,0,0,0,0,0,0,0,0,0,0,37,2026-02-04 19:35:05.877338
ATMN,25.02,25.19,25.28,2047400.0,1100.0,2145000.0,,0,0,0,0,0,0,0,0,0,0,0,0,0,0,0,0,0,0,0,0,0,0,0,0,37,2026-02-04 19:35:05.877338
WNTR,24.9,24.9,25.01,2232100.0,2000.0,1768000.0,30800.0,0,0,0,0,0,0,0,0,0,0,0,0,0,0,0,0,0,0,0,0,0,0,0,0,37,2026-02-04 19:35:05.877338
SPNG,24.73,24.73,25.07,2226300.0,2275500.0,,,0,0,0,0,0,0,0,0,0,0,0,0,0,0,0,0,0,0,0,0,0,0,0,0,38,2026-02-04 19:35:06.935495
SMMR,25.01,25.01,25.08,2411000.0,2235000.0,,,0,0,0,0,0,0,0,0,0,0,0,0,0,0,0,0,0,0,0,0,0,0,0,0,38,2026-02-04 19:35:06.935495
ATMN,25.29,25.02,25.29,2058700.0,2153800.0,1100.0,,0,0,0,0,0,0,0,0,0,0,0,0,0,0,0,0,0,0,0,0,0,0,0,0,38,2026-02-04 19:35:06.935495
WNTR,24.9,24.9,24.95,2238400.0,1744700.0,2000.0,30800.0,0,0,0,0,0,0,0,0,0,0,0,0,0,0,0,0,0,0,0,0,0,0,0,0,38,2026-02-04 19:35:06.935495
SPNG,24.94,24.89,24.94,2257200.0,2272700.0,,,0,0,0,0,0,0,0,0,0,0,0,0,0,0,0,0,0,0,0,0,0,0,0,0,39,2026-02-04 19:35:07.981478
SMMR,25.06,25.02,25.06,2340200.0,2246100.0,,,0,0,0,0,0,0,0,0,0,0,0,0,0,0,0,0,0,0,0,0,0,0,0,0,39,2026-02-04 19:35:07.981478
ATMN,24.9,24.9,25.29,2051100.0,2127700.0,1100.0,,0,0,0,0,0,0,0,0,0,0,0,0,0,0,0,0,0,0,0,0,0,0,0,0,39,2026-02-04 19:35:07.981478
WNTR,24.95,24.78,24.95,2325100.0,1744700.0,,30800.0,0,0,0,0,0,0,0,0,0,0,0,0,0,0,0,0,0,0,0,0,0,0,0,0,39,2026-02-04 19:35:07.981478
SPNG,24.89,24.89,24.94,2272700.0,2272700.0,,,0,0,0,0,0,0,0,0,0,0,0,0,0,0,0,0,0,0,0,0,0,0,0,0,40,2026-02-04 19:35:09.037700
SMMR,25.01,25.01,25.06,2327400.0,2232200.0,,,0,0,0,0,0,0,0,0,0,0,0,0,0,0,0,0,0,0,0,0,0,0,0,0,40,2026-02-04 19:35:09.037700
ATMN,24.89,25.27,25.29,2159200.0,2127700.0,,,0,0,0,0,0,0,0,0,0,0,0,0,0,0,0,0,0,0,0,0,0,0,0,0,40,2026-02-04 19:35:09.037700
WNTR,25.01,24.95,25.01,2209600.0,1882800.0,1700.0,29100.0,0,0,0,0,0,0,0,0,0,0,0,0,0,0,0,0,0,0,0,0,0,0,0,0,40,2026-02-04 19:35:09.037700
SPNG,24.86,24.86,25.21,2239600.0,2286100.0,,,0,0,0,0,0,0,0,0,0,0,0,0,0,0,0,0,0,0,0,0,0,0,0,0,41,2026-02-04 19:35:10.093548
SMMR,24.99,24.99,25.05,2353800.0,2262600.0,,,0,0,0,0,0,0,0,0,0,0,0,0,0,0,0,0,0,0,0,0,0,0,0,0,41,2026-02-04 19:35:10.093548
ATMN,24.88,24.88,25.29,2140500.0,2154900.0,,,0,0,0,0,0,0,0,0,0,0,0,0,0,0,0,0,0,0,0,0,0,0,0,0,41,2026-02-04 19:35:10.093548
WNTR,25.01,25.0,25.01,2242600.0,1882800.0,1700.0,29100.0,0,0,0,0,0,0,0,0,0,0,0,0,0,0,0,0,0,0,0,0,0,0,0,0,41,2026-02-04 19:35:10.093548
SPNG,24.86,24.73,24.83,2258200.0,2280600.0,,,0,0,0,0,0,0,0,0,0,0,0,0,0,0,0,0,0,0,0,0,0,0,0,0,42,2026-02-04 19:35:11.147781
SMMR,25.08,24.99,25.08,2353800.0,2255400.0,,,0,0,0,0,0,0,0,0,0,0,0,0,0,0,0,0,0,0,0,0,0,0,0,0,42,2026-02-04 19:35:11.147781
ATMN,25.12,24.88,25.12,2151600.0,2148400.0,,,0,0,0,0,0,0,0,0,0,0,0,0,0,0,0,0,0,0,0,0,0,0,0,0,42,2026-02-04 19:35:11.147781
WNTR,25.0,25.0,25.01,2242600.0,1894500.0,1700.0,29100.0,0,0,0,0,0,0,0,0,0,0,0,0,0,0,0,0,0,0,0,0,0,0,0,0,42,2026-02-04 19:35:11.147781
SPNG,25.14,25.14,25.21,2246900.0,2286100.0,,,0,0,0,0,0,0,0,0,0,0,0,0,0,0,0,0,0,0,0,0,0,0,0,0,43,2026-02-04 19:35:12.204612
SMMR,25.11,25.08,25.11,2311100.0,2239500.0,,,0,0,0,0,0,0,0,0,0,0,0,0,0,0,0,0,0,0,0,0,0,0,0,0,43,2026-02-04 19:35:12.204612
ATMN,25.34,24.88,25.34,2151600.0,2155800.0,,,0,0,0,0,0,0,0,0,0,0,0,0,0,0,0,0,0,0,0,0,0,0,0,0,43,2026-02-04 19:35:12.204612
WNTR,25.03,25.0,25.03,2271600.0,1883200.0,1700.0,29100.0,0,0,0,0,0,0,0,0,0,0,0,0,0,0,0,0,0,0,0,0,0,0,0,0,43,2026-02-04 19:35:12.204612
SPNG,25.14,25.14,25.21,2246900.0,2287500.0,,0,0,0,0,0,0,0,0,0,0,0,0,0,0,0,0,0,0,0,0,0,0,0,0,0,44,2026-02-04 19:35:12.762390
SMMR,25.13,24.99,25.13,2318900.0,2234200.0,,0,0,0,0,0,0,0,0,0,0,0,0,0,0,0,0,0,0,0,0,0,0,0,0,0,44,2026-02-04 19:35:12.762390
ATMN,24.86,24.86,24.92,2130700.0,2133200.0,,0,0,0,0,0,0,0,0,0,0,0,0,0,0,0,0,0,0,0,0,0,0,0,0,0,44,2026-02-04 19:35:12.762390
WNTR,24.89,24.89,25.03,2372000.0,1900600.0,29100.0,0,0,0,0,0,0,0,0,0,0,0,0,0,0,0,0,0,0,0,0,0,0,0,0,0,44,2026-02-04 19:35:12.762390
SPNG,24.7,25.16,25.21,2272000.0,2287500.0,,0,0,0,0,0,0,0,0,0,0,0,0,0,0,0,0,0,0,0,0,0,0,0,0,0,45,2026-02-04 19:35:13.807895
SMMR,24.94,24.96,25.01,2378200.0,2226000.0,,0,0,0,0,0,0,0,0,0,0,0,0,0,0,0,0,0,0,0,0,0,0,0,0,0,45,2026-02-04 19:35:13.807895
ATMN,24.92,24.94,25.34,2125400.0,2155800.0,,0,0,0,0,0,0,0,0,0,0,0,0,0,0,0,0,0,0,0,0,0,0,0,0,0,45,2026-02-04 19:35:13.807895
WNTR,24.99,24.89,24.99,2372000.0,1744300.0,29200.0,0,0,0,0,0,0,0,0,0,0,0,0,0,0,0,0,0,0,0,0,0,0,0,0,0,45,2026-02-04 19:35:13.807895
SPNG,25.16,24.7,25.05,2277200.0,2256300.0,,0,0,0,0,0,0,0,0,0,0,0,0,0,0,0,0,0,0,0,0,0,0,0,0,0,46,2026-02-04 19:35:14.858499
SMMR,24.96,24.99,25.01,2321800.0,2226000.0,,0,0,0,0,0,0,0,0,0,0,0,0,0,0,0,0,0,0,0,0,0,0,0,0,0,46,2026-02-04 19:35:14.858499
ATMN,24.89,24.94,25.34,2165200.0,2130900.0,,0,0,0,0,0,0,0,0,0,0,0,0,0,0,0,0,0,0,0,0,0,0,0,0,0,46,2026-02-04 19:35:14.858499
WNTR,24.84,24.9,24.99,2344100.0,1744300.0,29200.0,0,0,0,0,0,0,0,0,0,0,0,0,0,0,0,0,0,0,0,0,0,0,0,0,0,46,2026-02-04 19:35:14.858499
SPNG,25.21,25.01,25.21,2287900.0,2249000.0,,0,0,0,0,0,0,0,0,0,0,0,0,0,0,0,0,0,0,0,0,0,0,0,0,0,47,2026-02-04 19:35:16.037768
SMMR,25.01,24.99,25.01,2287100.0,2226000.0,,0,0,0,0,0,0,0,0,0,0,0,0,0,0,0,0,0,0,0,0,0,0,0,0,0,47,2026-02-04 19:35:16.037768
ATMN,24.87,24.86,24.87,2139600.0,2120900.0,,0,0,0,0,0,0,0,0,0,0,0,0,0,0,0,0,0,0,0,0,0,0,0,0,0,47,2026-02-04 19:35:16.037768
WNTR,24.88,24.88,25.03,2373900.0,1783000.0,29200.0,0,0,0,0,0,0,0,0,0,0,0,0,0,0,0,0,0,0,0,0,0,0,0,0,0,47,2026-02-04 19:35:16.037768
SPNG,25.01,24.7,24.82,2277200.0,2242600.0,,0,0,0,0,0,0,0,0,0,0,0,0,0,0,0,0,0,0,0,0,0,0,0,0,0,48,2026-02-04 19:35:17.091894
SMMR,24.99,24.99,25.01,2275300.0,2226000.0,,0,0,0,0,0,0,0,0,0,0,0,0,0,0,0,0,0,0,0,0,0,0,0,0,0,48,2026-02-04 19:35:17.091894
ATMN,25.14,25.24,25.3,2164700.0,2126600.0,,0,0,0,0,0,0,0,0,0,0,0,0,0,0,0,0,0,0,0,0,0,0,0,0,0,48,2026-02-04 19:35:17.091894
WNTR,25.04,24.93,25.04,2414800.0,1865500.0,29100.0,0,0,0,0,0,0,0,0,0,0,0,0,0,0,0,0,0,0,0,0,0,0,0,0,0,48,2026-02-04 19:35:17.091894
SPNG,24.7,24.7,25.21,2277200.0,2228200.0,,0,0,0,0,0,0,0,0,0,0,0,0,0,0,0,0,0,0,0,0,0,0,0,0,0,49,2026-02-04 19:35:18.137883
SMMR,25.11,25.05,25.11,2277100.0,2247500.0,,0,0,0,0,0,0,0,0,0,0,0,0,0,0,0,0,0,0,0,0,0,0,0,0,0,49,2026-02-04 19:35:18.137883
ATMN,25.24,24.86,25.08,2149900.0,2177200.0,,0,0,0,0,0,0,0,0,0,0,0,0,0,0,0,0,0,0,0,0,0,0,0,0,0,49,2026-02-04 19:35:18.137883
WNTR,24.99,24.93,24.99,2433300.0,1877100.0,29100.0,0,0,0,0,0,0,0,0,0,0,0,0,0,0,0,0,0,0,0,0,0,0,0,0,0,49,2026-02-04 19:35:18.137883
SPNG,25.27,24.7,25.27,2280800.0,2226700.0,,0,0,0,0,0,0,0,0,0,0,0,0,0,0,0,0,0,0,0,0,0,0,0,0,0,50,2026-02-04 19:35:19.182417
SMMR,24.96,24.96,25.14,2299000.0,2240200.0,,0,0,0,0,0,0,0,0,0,0,0,0,0,0,0,0,0,0,0,0,0,0,0,0,0,50,2026-02-04 19:35:19.182417
ATMN,24.93,24.93,25.08,2166300.0,2184200.0,,0,0,0,0,0,0,0,0,0,0,0,0,0,0,0,0,0,0,0,0,0,0,0,0,0,50,2026-02-04 19:35:19.182417
WNTR,25.04,24.97,25.04,2428100.0,1718700.0,32100.0,0,0,0,0,0,0,0,0,0,0,0,0,0,0,0,0,0,0,0,0,0,0,0,0,0,50,2026-02-04 19:35:19.182417
SPNG,24.75,25.05,25.27,2261100.0,2227700.0,,0,0,0,0,0,0,0,0,0,0,0,0,0,0,0,0,0,0,0,0,0,0,0,0,0,51,2026-02-04 19:35:20.221119
SMMR,24.96,24.96,25.14,2302100.0,2250500.0,,0,0,0,0,0,0,0,0,0,0,0,0,0,0,0,0,0,0,0,0,0,0,0,0,0,51,2026-02-04 19:35:20.221119
ATMN,25.11,24.93,25.11,2166300.0,2183800.0,,0,0,0,0,0,0,0,0,0,0,0,0,0,0,0,0,0,0,0,0,0,0,0,0,0,51,2026-02-04 19:35:20.221119
WNTR,25.04,24.94,25.04,2430900.0,1718700.0,32100.0,0,0,0,0,0,0,0,0,0,0,0,0,0,0,0,0,0,0,0,0,0,0,0,0,0,51,2026-02-04 19:35:20.221119
SPNG,24.75,25.05,25.27,2261100.0,2264100.0,,0,0,0,0,0,0,0,0,0,0,0,0,0,0,0,0,0,0,0,0,0,0,0,0,0,52,2026-02-04 19:35:21.256840
SMMR,24.96,25.07,25.09,2309400.0,2289500.0,,0,0,0,0,0,0,0,0,0,0,0,0,0,0,0,0,0,0,0,0,0,0,0,0,0,52,2026-02-04 19:35:21.256840
ATMN,24.8,24.8,25.3,2149400.0,2176800.0,,0,0,0,0,0,0,0,0,0,0,0,0,0,0,0,0,0,0,0,0,0,0,0,0,0,52,2026-02-04 19:35:21.256840
WNTR,24.96,24.94,24.96,2430900.0,1845800.0,29100.0,0,0,0,0,0,0,0,0,0,0,0,0,0,0,0,0,0,0,0,0,0,0,0,0,0,52,2026-02-04 19:35:21.256840
SPNG,25.18,25.05,25.18,2261100.0,2243100.0,,0,0,0,0,0,0,0,0,0,0,0,0,0,0,0,0,0,0,0,0,0,0,0,0,0,53,2026-02-04 19:35:22.297380
SMMR,25.09,24.96,25.09,2278300.0,2289500.0,,0,0,0,0,0,0,0,0,0,0,0,0,0,0,0,0,0,0,0,0,0,0,0,0,0,53,2026-02-04 19:35:22.297380
ATMN,24.79,24.79,25.3,2131700.0,2176800.0,,0,0,0,0,0,0,0,0,0,0,0,0,0,0,0,0,0,0,0,0,0,0,0,0,0,53,2026-02-04 19:35:22.297380
WNTR,25.04,24.93,25.04,2433300.0,2031400.0,15000.0,0,0,0,0,0,0,0,0,0,0,0,0,0,0,0,0,0,0,0,0,0,0,0,0,0,53,2026-02-04 19:35:22.297380
SPNG,24.68,24.68,25.18,2280900.0,2243100.0,,0,0,0,0,0,0,0,0,0,0,0,0,0,0,0,0,0,0,0,0,0,0,0,0,0,54,2026-02-04 19:35:22.832346
SMMR,25.09,25.08,25.09,2276100.0,2289500.0,,0,0,0,0,0,0,0,0,0,0,0,0,0,0,0,0,0,0,0,0,0,0,0,0,0,54,2026-02-04 19:35:22.832346
ATMN,25.11,24.79,25.11,2131700.0,2190700.0,,0,0,0,0,0,0,0,0,0,0,0,0,0,0,0,0,0,0,0,0,0,0,0,0,0,54,2026-02-04 19:35:22.832346
WNTR,25.05,24.93,25.05,2433300.0,2041700.0,15000.0,0,0,0,0,0,0,0,0,0,0,0,0,0,0,0,0,0,0,0,0,0,0,0,0,0,54,2026-02-04 19:35:22.832346
SPNG,25.18,24.66,24.89,2244600.0,2245400.0,,0,0,0,0,0,0,0,0,0,0,0,0,0,0,0,0,0,0,0,0,0,0,0,0,0,55,2026-02-04 19:35:23.868609
SMMR,24.96,24.93,24.95,2270000.0,2332300.0,,0,0,0,0,0,0,0,0,0,0,0,0,0,0,0,0,0,0,0,0,0,0,0,0,0,55,2026-02-04 19:35:23.868609
ATMN,25.11,25.05,25.11,2154400.0,2208300.0,,0,0,0,0,0,0,0,0,0,0,0,0,0,0,0,0,0,0,0,0,0,0,0,0,0,55,2026-02-04 19:35:23.868609
WNTR,24.92,24.88,24.89,2359400.0,2031900.0,15000.0,0,0,0,0,0,0,0,0,0,0,0,0,0,0,0,0,0,0,0,0,0,0,0,0,0,55,2026-02-04 19:35:23.868609
SPNG,24.89,24.78,24.89,2279700.0,2247100.0,,0,0,0,0,0,0,0,0,0,0,0,0,0,0,0,0,0,0,0,0,0,0,0,0,0,56,2026-02-04 19:35:24.907205
SMMR,25.09,24.93,25.09,2294000.0,2327200.0,,0,0,0,0,0,0,0,0,0,0,0,0,0,0,0,0,0,0,0,0,0,0,0,0,0,56,2026-02-04 19:35:24.907205
ATMN,25.05,25.05,25.11,2154400.0,2195600.0,,0,0,0,0,0,0,0,0,0,0,0,0,0,0,0,0,0,0,0,0,0,0,0,0,0,56,2026-02-04 19:35:24.907205
WNTR,25.08,24.91,25.08,2385900.0,2079400.0,15000.0,0,0,0,0,0,0,0,0,0,0,0,0,0,0,0,0,0,0,0,0,0,0,0,0,0,56,2026-02-04 19:35:24.907205
SPNG,25.18,24.78,25.03,2279700.0,2242100.0,,0,0,0,0,0,0,0,0,0,0,0,0,0,0,0,0,0,0,0,0,0,0,0,0,0,57,2026-02-04 19:35:25.955449
SMMR,25.14,24.94,25.14,2351900.0,2280800.0,,0,0,0,0,0,0,0,0,0,0,0,0,0,0,0,0,0,0,0,0,0,0,0,0,0,57,2026-02-04 19:35:25.955449
ATMN,25.05,24.79,24.94,2119400.0,2226600.0,,0,0,0,0,0,0,0,0,0,0,0,0,0,0,0,0,0,0,0,0,0,0,0,0,0,57,2026-02-04 19:35:25.955449
WNTR,25.09,24.94,25.09,2412800.0,2101900.0,15000.0,0,0,0,0,0,0,0,0,0,0,0,0,0,0,0,0,0,0,0,0,0,0,0,0,0,57,2026-02-04 19:35:25.955449
SPNG,24.78,24.78,25.03,2243800.0,2242100.0,,0,0,0,0,0,0,0,0,0,0,0,0,0,0,0,0,0,0,0,0,0,0,0,0,0,58,2026-02-04 19:35:27.002017
SMMR,24.99,24.94,24.99,2343900.0,2293600.0,,0,0,0,0,0,0,0,0,0,0,0,0,0,0,0,0,0,0,0,0,0,0,0,0,0,58,2026-02-04 19:35:27.002017
ATMN,24.94,25.08,25.11,2137100.0,2214000.0,,0,0,0,0,0,0,0,0,0,0,0,0,0,0,0,0,0,0,0,0,0,0,0,0,0,58,2026-02-04 19:35:27.002017
WNTR,24.94,24.94,25.09,2405400.0,2101900.0,15000.0,0,0,0,0,0,0,0,0,0,0,0,0,0,0,0,0,0,0,0,0,0,0,0,0,0,58,2026-02-04 19:35:27.002017
SPNG,24.66,24.66,25.03,2285800.0,2242100.0,,0,0,0,0,0,0,0,0,0,0,0,0,0,0,0,0,0,0,0,0,0,0,0,0,0,59,2026-02-04 19:35:28.061992
SMMR,24.99,24.94,24.99,2336700.0,2293600.0,,0,0,0,0,0,0,0,0,0,0,0,0,0,0,0,0,0,0,0,0,0,0,0,0,0,59,2026-02-04 19:35:28.061992
ATMN,24.78,24.78,25.11,2113100.0,2194100.0,,0,0,0,0,0,0,0,0,0,0,0,0,0,0,0,0,0,0,0,0,0,0,0,0,0,59,2026-02-04 19:35:28.061992
WNTR,24.94,24.97,24.98,2353700.0,2103700.0,15000.0,0,0,0,0,0,0,0,0,0,0,0,0,0,0,0,0,0,0,0,0,0,0,0,0,0,59,2026-02-04 19:35:28.061992
SPNG,24.66,24.69,25.5,951800.0,825100.0,,,0,0,0,0,0,0,0,0,0,0,0,0,0,0,0,0,0,0,0,0,0,0,0,0,60,2026-02-04 19:35:29.140769
SMMR,25.15,24.37,24.65,968800.0,901700.0,,,0,0,0,0,0,0,0,0,0,0,0,0,0,0,0,0,0,0,0,0,0,0,0,0,60,2026-02-04 19:35:29.140769
ATMN,25.11,24.71,24.87,986200.0,795500.0,,,0,0,0,0,0,0,0,0,0,0,0,0,0,0,0,0,0,0,0,0,0,0,0,0,60,2026-02-04 19:35:29.140769
WNTR,25.1,24.22,24.32,972800.0,926300.0,3000.0,15000.0,0,0,0,0,0,0,0,0,0,0,0,0,0,0,0,0,0,0,0,0,0,0,0,0,60,2026-02-04 19:35:29.140769
SPNG,24.69,24.69,24.91,966100.0,936100.0,,,0,0,0,0,0,0,0,0,0,0,0,0,0,0,0,0,0,0,0,0,0,0,0,0,61,2026-02-04 19:35:30.196701
SMMR,24.33,24.33,24.48,952400.0,1147600.0,,,0,0,0,0,0,0,0,0,0,0,0,0,0,0,0,0,0,0,0,0,0,0,0,0,61,2026-02-04 19:35:30.196701
ATMN,25.45,24.71,24.79,986200.0,908200.0,,,0,0,0,0,0,0,0,0,0,0,0,0,0,0,0,0,0,0,0,0,0,0,0,0,61,2026-02-04 19:35:30.196701
WNTR,24.22,24.22,24.32,972800.0,1170800.0,6000.0,21000.0,0,0,0,0,0,0,0,0,0,0,0,0,0,0,0,0,0,0,0,0,0,0,0,0,61,2026-02-04 19:35:30.196701
SPNG,24.85,24.86,24.91,1096800.0,3000.0,1039700.0,600.0,0,0,0,0,0,0,0,0,0,0,0,0,0,0,0,0,0,0,0,0,0,0,0,0,62,2026-02-04 19:35:31.238367
SMMR,24.33,24.35,24.42,952400.0,3000.0,1518200.0,3000.0,0,0,0,0,0,0,0,0,0,0,0,0,0,0,0,0,0,0,0,0,0,0,0,0,62,2026-02-04 19:35:31.238367
ATMN,24.71,24.71,24.79,1106800.0,3000.0,1126200.0,3000.0,0,0,0,0,0,0,0,0,0,0,0,0,0,0,0,0,0,0,0,0,0,0,0,0,62,2026-02-04 19:35:31.238367
WNTR,24.04,24.04,24.19,966200.0,3000.0,1415700.0,24000.0,0,0,0,0,0,0,0,0,0,0,0,0,0,0,0,0,0,0,0,0,0,0,0,0,62,2026-02-04 19:35:31.238367
SPNG,24.85,24.86,24.91,1096800.0,6000.0,1468000.0,600.0,0,0,0,0,0,0,0,0,0,0,0,0,0,0,0,0,0,0,0,0,0,0,0,0,63,2026-02-04 19:35:32.295868
SMMR,24.33,24.33,24.4,985400.0,,1730900.0,8000.0,0,0,0,0,0,0,0,0,0,0,0,0,0,0,0,0,0,0,0,0,0,0,0,0,63,2026-02-04 19:35:32.295868
ATMN,24.6,24.6,24.79,1006800.0,,1239500.0,3000.0,0,0,0,0,0,0,0,0,0,0,0,0,0,0,0,0,0,0,0,0,0,0,0,0,63,2026-02-04 19:35:32.295868
WNTR,24.19,24.04,24.19,989100.0,8400.0,1556800.0,34000.0,0,0,0,0,0,0,0,0,0,0,0,0,0,0,0,0,0,0,0,0,0,0,0,0,63,2026-02-04 19:35:32.295868
SPNG,24.85,24.86,24.91,1096800.0,6000.0,1858200.0,600.0,0,0,0,0,0,0,0,0,0,0,0,0,0,0,0,0,0,0,0,0,0,0,0,0,64,2026-02-04 19:35:33.353292
SMMR,24.4,24.33,24.4,1105200.0,,1730900.0,8000.0,0,0,0,0,0,0,0,0,0,0,0,0,0,0,0,0,0,0,0,0,0,0,0,0,64,2026-02-04 19:35:33.353292
ATMN,24.6,24.34,24.37,998900.0,,1456900.0,3000.0,0,0,0,0,0,0,0,0,0,0,0,0,0,0,0,0,0,0,0,0,0,0,0,0,64,2026-02-04 19:35:33.353292
WNTR,24.19,23.98,24.19,1138800.0,,1443900.0,42400.0,0,0,0,0,0,0,0,0,0,0,0,0,0,0,0,0,0,0,0,0,0,0,0,0,64,2026-02-04 19:35:33.353292
SPNG,24.85,24.86,24.88,1096800.0,6000.0,2067500.0,600.0,0,0,0,0,0,0,0,0,0,0,0,0,0,0,0,0,0,0,0,0,0,0,0,0,65,2026-02-04 19:35:33.919781
SMMR,24.42,24.45,24.48,1350300.0,,1474900.0,3000.0,0,0,0,0,0,0,0,0,0,0,0,0,0,0,0,0,0,0,0,0,0,0,0,0,65,2026-02-04 19:35:33.919781
ATMN,24.79,24.38,24.79,1131500.0,,1141300.0,3000.0,0,0,0,0,0,0,0,0,0,0,0,0,0,0,0,0,0,0,0,0,0,0,0,0,65,2026-02-04 19:35:33.919781
WNTR,24.23,23.98,24.21,1138800.0,,1578400.0,21000.0,0,0,0,0,0,0,0,0,0,0,0,0,0,0,0,0,0,0,0,0,0,0,0,0,65,2026-02-04 19:35:33.919781
SPNG,24.86,24.69,24.7,1080300.0,3000.0,2080800.0,600.0,0,0,0,0,0,0,0,0,0,0,0,0,0,0,0,0,0,0,0,0,0,0,0,0,66,2026-02-04 19:35:35.000497
SMMR,24.33,24.33,24.48,1105200.0,,1594000.0,3000.0,0,0,0,0,0,0,0,0,0,0,0,0,0,0,0,0,0,0,0,0,0,0,0,0,66,2026-02-04 19:35:35.000497
ATMN,24.34,24.46,24.85,1088600.0,,1141300.0,,0,0,0,0,0,0,0,0,0,0,0,0,0,0,0,0,0,0,0,0,0,0,0,0,66,2026-02-04 19:35:35.000497
WNTR,24.23,23.99,24.0,1278300.0,10000.0,1812300.0,21000.0,0,0,0,0,0,0,0,0,0,0,0,0,0,0,0,0,0,0,0,0,0,0,0,0,66,2026-02-04 19:35:35.000497
SPNG,24.91,24.73,24.91,1205000.0,3000.0,1974100.0,600.0,0,0,0,0,0,0,0,0,0,0,0,0,0,0,0,0,0,0,0,0,0,0,0,0,67,2026-02-04 19:35:36.057598
SMMR,24.2,24.29,24.48,1273000.0,,1594000.0,3000.0,0,0,0,0,0,0,0,0,0,0,0,0,0,0,0,0,0,0,0,0,0,0,0,0,67,2026-02-04 19:35:36.057598
ATMN,25.1,24.94,25.1,1296600.0,,929300.0,,0,0,0,0,0,0,0,0,0,0,0,0,0,0,0,0,0,0,0,0,0,0,0,0,67,2026-02-04 19:35:36.057598
WNTR,24.0,23.99,24.0,1398600.0,12400.0,1812300.0,21000.0,0,0,0,0,0,0,0,0,0,0,0,0,0,0,0,0,0,0,0,0,0,0,0,0,67,2026-02-04 19:35:36.057598
SPNG,24.69,24.32,24.41,980300.0,2070500.0,600.0,,0,0,0,0,0,0,0,0,0,0,0,0,0,0,0,0,0,0,0,0,0,0,0,0,68,2026-02-04 19:35:37.136757
SMMR,24.2,24.38,24.4,1374100.0,1950200.0,3000.0,,0,0,0,0,0,0,0,0,0,0,0,0,0,0,0,0,0,0,0,0,0,0,0,0,68,2026-02-04 19:35:37.136757
ATMN,24.94,24.46,24.55,1380300.0,1248000.0,,,0,0,0,0,0,0,0,0,0,0,0,0,0,0,0,0,0,0,0,0,0,0,0,0,68,2026-02-04 19:35:37.136757
WNTR,24.17,23.99,24.03,1523400.0,1841700.0,21000.0,12400.0,0,0,0,0,0,0,0,0,0,0,0,0,0,0,0,0,0,0,0,0,0,0,0,0,68,2026-02-04 19:35:37.136757
SPNG,24.41,24.78,24.91,1188400.0,2052100.0,600.0,,0,0,0,0,0,0,0,0,0,0,0,0,0,0,0,0,0,0,0,0,0,0,0,0,69,2026-02-04 19:35:38.193835
SMMR,24.38,24.29,24.33,1400700.0,2047300.0,3000.0,,0,0,0,0,0,0,0,0,0,0,0,0,0,0,0,0,0,0,0,0,0,0,0,0,69,2026-02-04 19:35:38.193835
ATMN,24.46,24.46,25.1,1475700.0,1137400.0,,,0,0,0,0,0,0,0,0,0,0,0,0,0,0,0,0,0,0,0,0,0,0,0,0,69,2026-02-04 19:35:38.193835
WNTR,24.17,23.99,24.03,1788500.0,1810500.0,21000.0,12400.0,0,0,0,0,0,0,0,0,0,0,0,0,0,0,0,0,0,0,0,0,0,0,0,0,69,2026-02-04 19:35:38.193835
SPNG,24.59,24.59,24.87,1201700.0,2087800.0,600.0,,0,0,0,0,0,0,0,0,0,0,0,0,0,0,0,0,0,0,0,0,0,0,0,0,70,2026-02-04 19:35:39.249127
SMMR,24.23,24.17,24.2,1405000.0,2154000.0,3000.0,,0,0,0,0,0,0,0,0,0,0,0,0,0,0,0,0,0,0,0,0,0,0,0,0,70,2026-02-04 19:35:39.249127
ATMN,24.34,24.01,24.33,1521800.0,1259200.0,,,0,0,0,0,0,0,0,0,0,0,0,0,0,0,0,0,0,0,0,0,0,0,0,0,70,2026-02-04 19:35:39.249127
WNTR,24.03,23.99,24.03,1917300.0,1836100.0,21000.0,12400.0,0,0,0,0,0,0,0,0,0,0,0,0,0,0,0,0,0,0,0,0,0,0,0,0,70,2026-02-04 19:35:39.249127
SPNG,24.77,24.59,24.76,1349100.0,2107700.0,600.0,,0,0,0,0,0,0,0,0,0,0,0,0,0,0,0,0,0,0,0,0,0,0,0,0,71,2026-02-04 19:35:40.301660
SMMR,24.33,24.37,24.41,1767500.0,2068500.0,3000.0,,0,0,0,0,0,0,0,0,0,0,0,0,0,0,0,0,0,0,0,0,0,0,0,0,71,2026-02-04 19:35:40.301660
ATMN,24.33,24.36,24.85,1779000.0,1235100.0,,,0,0,0,0,0,0,0,0,0,0,0,0,0,0,0,0,0,0,0,0,0,0,0,0,71,2026-02-04 19:35:40.301660
WNTR,24.03,23.98,24.03,1821900.0,1863700.0,21000.0,10000.0,0,0,0,0,0,0,0,0,0,0,0,0,0,0,0,0,0,0,0,0,0,0,0,0,71,2026-02-04 19:35:40.301660
SPNG,24.87,24.59,24.87,1480400.0,2087800.0,600.0,,0,0,0,0,0,0,0,0,0,0,0,0,0,0,0,0,0,0,0,0,0,0,0,0,72,2026-02-04 19:35:41.365369
SMMR,24.37,24.26,24.28,1803600.0,2243400.0,3000.0,,0,0,0,0,0,0,0,0,0,0,0,0,0,0,0,0,0,0,0,0,0,0,0,0,72,2026-02-04 19:35:41.365369
ATMN,24.77,24.77,24.85,1907600.0,1235100.0,,,0,0,0,0,0,0,0,0,0,0,0,0,0,0,0,0,0,0,0,0,0,0,0,0,72,2026-02-04 19:35:41.365369
WNTR,24.18,23.98,24.11,1941700.0,1865300.0,21000.0,10000.0,0,0,0,0,0,0,0,0,0,0,0,0,0,0,0,0,0,0,0,0,0,0,0,0,72,2026-02-04 19:35:41.365369
SPNG,24.32,24.32,24.87,1500800.0,2073700.0,600.0,,0,0,0,0,0,0,0,0,0,0,0,0,0,0,0,0,0,0,0,0,0,0,0,0,73,2026-02-04 19:35:41.965551
SMMR,24.43,24.26,24.33,1803600.0,2209800.0,3000.0,,0,0,0,0,0,0,0,0,0,0,0,0,0,0,0,0,0,0,0,0,0,0,0,0,73,2026-02-04 19:35:41.965551
ATMN,24.36,24.36,24.85,1779000.0,1235100.0,,,0,0,0,0,0,0,0,0,0,0,0,0,0,0,0,0,0,0,0,0,0,0,0,0,73,2026-02-04 19:35:41.965551
WNTR,24.18,23.98,24.02,1941700.0,1891100.0,21000.0,10000.0,0,0,0,0,0,0,0,0,0,0,0,0,0,0,0,0,0,0,0,0,0,0,0,0,73,2026-02-04 19:35:41.965551
SPNG,24.91,24.41,24.91,1757100.0,2073100.0,600.0,0,0,0,0,0,0,0,0,0,0,0,0,0,0,0,0,0,0,0,0,0,0,0,0,0,74,2026-02-04 19:35:43.054778
SMMR,24.42,24.28,24.38,1903100.0,2235600.0,3000.0,0,0,0,0,0,0,0,0,0,0,0,0,0,0,0,0,0,0,0,0,0,0,0,0,0,74,2026-02-04 19:35:43.054778
ATMN,25.1,24.36,24.61,1878300.0,1268600.0,,0,0,0,0,0,0,0,0,0,0,0,0,0,0,0,0,0,0,0,0,0,0,0,0,0,74,2026-02-04 19:35:43.054778
WNTR,23.95,23.95,24.02,1837000.0,1891100.0,19000.0,0,0,0,0,0,0,0,0,0,0,0,0,0,0,0,0,0,0,0,0,0,0,0,0,0,74,2026-02-04 19:35:43.054778
SPNG,24.91,24.5,24.91,2011300.0,2073100.0,600.0,0,0,0,0,0,0,0,0,0,0,0,0,0,0,0,0,0,0,0,0,0,0,0,0,0,75,2026-02-04 19:35:44.109083
SMMR,24.28,24.28,24.3,2009700.0,2250000.0,3000.0,0,0,0,0,0,0,0,0,0,0,0,0,0,0,0,0,0,0,0,0,0,0,0,0,0,75,2026-02-04 19:35:44.109083
ATMN,24.61,24.36,24.61,2089400.0,1268600.0,,0,0,0,0,0,0,0,0,0,0,0,0,0,0,0,0,0,0,0,0,0,0,0,0,0,75,2026-02-04 19:35:44.109083
WNTR,23.95,23.95,24.02,1947000.0,2009300.0,16000.0,0,0,0,0,0,0,0,0,0,0,0,0,0,0,0,0,0,0,0,0,0,0,0,0,0,75,2026-02-04 19:35:44.109083
SPNG,24.9,24.5,24.72,2011300.0,2093700.0,600.0,,0,0,0,0,0,0,0,0,0,0,0,0,0,0,0,0,0,0,0,0,0,0,0,0,76,2026-02-04 19:35:45.169004
SMMR,24.26,24.26,24.38,2033000.0,2235600.0,3000.0,,0,0,0,0,0,0,0,0,0,0,0,0,0,0,0,0,0,0,0,0,0,0,0,0,76,2026-02-04 19:35:45.169004
ATMN,24.51,24.51,25.1,2345000.0,1137400.0,,,0,0,0,0,0,0,0,0,0,0,0,0,0,0,0,0,0,0,0,0,0,0,0,0,76,2026-02-04 19:35:45.169004
WNTR,24.02,24.02,24.11,2156000.0,1999300.0,18000.0,1000.0,0,0,0,0,0,0,0,0,0,0,0,0,0,0,0,0,0,0,0,0,0,0,0,0,76,2026-02-04 19:35:45.169004
SPNG,24.9,24.65,24.72,2318400.0,2113600.0,600.0,0,0,0,0,0,0,0,0,0,0,0,0,0,0,0,0,0,0,0,0,0,0,0,0,0,77,2026-02-04 19:35:46.221217
SMMR,24.23,24.23,24.38,2155300.0,2261800.0,3000.0,0,0,0,0,0,0,0,0,0,0,0,0,0,0,0,0,0,0,0,0,0,0,0,0,0,77,2026-02-04 19:35:46.221217
ATMN,24.51,24.51,24.64,2452800.0,1261900.0,,0,0,0,0,0,0,0,0,0,0,0,0,0,0,0,0,0,0,0,0,0,0,0,0,0,77,2026-02-04 19:35:46.221217
WNTR,23.98,23.98,24.03,2052900.0,2260300.0,4000.0,0,0,0,0,0,0,0,0,0,0,0,0,0,0,0,0,0,0,0,0,0,0,0,0,0,77,2026-02-04 19:35:46.221217
SPNG,24.72,24.87,24.91,2422100.0,2066400.0,600.0,0,0,0,0,0,0,0,0,0,0,0,0,0,0,0,0,0,0,0,0,0,0,0,0,0,78,2026-02-04 19:35:47.281106
SMMR,24.23,24.23,24.38,2155300.0,2230400.0,3000.0,0,0,0,0,0,0,0,0,0,0,0,0,0,0,0,0,0,0,0,0,0,0,0,0,0,78,2026-02-04 19:35:47.281106
ATMN,24.64,24.76,25.1,2257900.0,1137400.0,,0,0,0,0,0,0,0,0,0,0,0,0,0,0,0,0,0,0,0,0,0,0,0,0,0,78,2026-02-04 19:35:47.281106
WNTR,24.02,23.98,24.02,2052900.0,2298500.0,4000.0,0,0,0,0,0,0,0,0,0,0,0,0,0,0,0,0,0,0,0,0,0,0,0,0,0,78,2026-02-04 19:35:47.281106
SPNG,24.87,24.65,24.8,2318400.0,2106700.0,600.0,,0,0,0,0,0,0,0,0,0,0,0,0,0,0,0,0,0,0,0,0,0,0,0,0,79,2026-02-04 19:35:48.331689
SMMR,24.23,24.23,24.28,2395600.0,2228100.0,3000.0,,0,0,0,0,0,0,0,0,0,0,0,0,0,0,0,0,0,0,0,0,0,0,0,0,79,2026-02-04 19:35:48.331689
ATMN,24.51,24.51,24.77,2293100.0,1380300.0,,,0,0,0,0,0,0,0,0,0,0,0,0,0,0,0,0,0,0,0,0,0,0,0,0,79,2026-02-04 19:35:48.331689
WNTR,24.08,23.98,24.08,2170900.0,2405700.0,3000.0,1000.0,0,0,0,0,0,0,0,0,0,0,0,0,0,0,0,0,0,0,0,0,0,0,0,0,79,2026-02-04 19:35:48.331689
SPNG,24.5,24.5,24.69,2185400.0,2192100.0,,,0,0,0,0,0,0,0,0,0,0,0,0,0,0,0,0,0,0,0,0,0,0,0,0,80,2026-02-04 19:35:49.375777
SMMR,24.43,24.34,24.43,2522900.0,2181400.0,3000.0,,0,0,0,0,0,0,0,0,0,0,0,0,0,0,0,0,0,0,0,0,0,0,0,0,80,2026-02-04 19:35:49.375777
ATMN,24.49,24.49,24.77,2261800.0,1380300.0,,,0,0,0,0,0,0,0,0,0,0,0,0,0,0,0,0,0,0,0,0,0,0,0,0,80,2026-02-04 19:35:49.375777
WNTR,23.98,23.98,24.08,2170200.0,2283800.0,4000.0,600.0,0,0,0,0,0,0,0,0,0,0,0,0,0,0,0,0,0,0,0,0,0,0,0,0,80,2026-02-04 19:35:49.375777
SPNG,24.84,24.5,24.62,2316700.0,2219000.0,,,0,0,0,0,0,0,0,0,0,0,0,0,0,0,0,0,0,0,0,0,0,0,0,0,81,2026-02-04 19:35:50.429719
SMMR,24.34,24.23,24.3,2395600.0,2199900.0,3000.0,,0,0,0,0,0,0,0,0,0,0,0,0,0,0,0,0,0,0,0,0,0,0,0,0,81,2026-02-04 19:35:50.429719
ATMN,24.98,24.49,24.98,2222100.0,1335000.0,,,0,0,0,0,0,0,0,0,0,0,0,0,0,0,0,0,0,0,0,0,0,0,0,0,81,2026-02-04 19:35:50.429719
WNTR,24.11,24.09,24.11,2303400.0,2412300.0,3000.0,1600.0,0,0,0,0,0,0,0,0,0,0,0,0,0,0,0,0,0,0,0,0,0,0,0,0,81,2026-02-04 19:35:50.429719
SPNG,24.84,24.5,24.62,2510900.0,2219000.0,,,0,0,0,0,0,0,0,0,0,0,0,0,0,0,0,0,0,0,0,0,0,0,0,0,82,2026-02-04 19:35:51.485375
SMMR,24.3,24.33,24.43,2502000.0,2236000.0,3000.0,,0,0,0,0,0,0,0,0,0,0,0,0,0,0,0,0,0,0,0,0,0,0,0,0,82,2026-02-04 19:35:51.485375
ATMN,24.62,24.49,24.62,2222100.0,1440000.0,,,0,0,0,0,0,0,0,0,0,0,0,0,0,0,0,0,0,0,0,0,0,0,0,0,82,2026-02-04 19:35:51.485375
WNTR,24.12,24.0,24.12,2332000.0,2410500.0,3000.0,1600.0,0,0,0,0,0,0,0,0,0,0,0,0,0,0,0,0,0,0,0,0,0,0,0,0,82,2026-02-04 19:35:51.485375
SPNG,24.84,24.5,24.62,2436100.0,2219000.0,,,0,0,0,0,0,0,0,0,0,0,0,0,0,0,0,0,0,0,0,0,0,0,0,0,83,2026-02-04 19:35:52.526503
SMMR,24.33,24.33,24.35,2497800.0,2242200.0,3000.0,,0,0,0,0,0,0,0,0,0,0,0,0,0,0,0,0,0,0,0,0,0,0,0,0,83,2026-02-04 19:35:52.526503
ATMN,24.98,24.52,24.83,2219700.0,1454800.0,,,0,0,0,0,0,0,0,0,0,0,0,0,0,0,0,0,0,0,0,0,0,0,0,0,83,2026-02-04 19:35:52.526503
WNTR,24.12,24.0,24.08,2332000.0,2391000.0,3000.0,1600.0,0,0,0,0,0,0,0,0,0,0,0,0,0,0,0,0,0,0,0,0,0,0,0,0,83,2026-02-04 19:35:52.526503
SPNG,24.98,24.5,24.98,2436100.0,2164000.0,,,0,0,0,0,0,0,0,0,0,0,0,0,0,0,0,0,0,0,0,0,0,0,0,0,84,2026-02-04 19:35:53.062238
SMMR,24.33,24.33,24.35,2532700.0,2215200.0,3000.0,,0,0,0,0,0,0,0,0,0,0,0,0,0,0,0,0,0,0,0,0,0,0,0,0,84,2026-02-04 19:35:53.062238
ATMN,24.98,24.55,24.83,2227000.0,1454800.0,,,0,0,0,0,0,0,0,0,0,0,0,0,0,0,0,0,0,0,0,0,0,0,0,0,84,2026-02-04 19:35:53.062238
WNTR,24.0,24.0,24.08,2297000.0,2391000.0,3000.0,1600.0,0,0,0,0,0,0,0,0,0,0,0,0,0,0,0,0,0,0,0,0,0,0,0,0,84,2026-02-04 19:35:53.062238
SPNG,24.99,24.7,24.99,2362700.0,2138700.0,,0,0,0,0,0,0,0,0,0,0,0,0,0,0,0,0,0,0,0,0,0,0,0,0,0,85,2026-02-04 19:35:54.111410
SMMR,24.32,24.31,24.32,2495600.0,2272100.0,3000.0,0,0,0,0,0,0,0,0,0,0,0,0,0,0,0,0,0,0,0,0,0,0,0,0,0,85,2026-02-04 19:35:54.111410
ATMN,24.83,24.55,24.83,2227000.0,1673800.0,,0,0,0,0,0,0,0,0,0,0,0,0,0,0,0,0,0,0,0,0,0,0,0,0,0,85,2026-02-04 19:35:54.111410
WNTR,23.96,23.96,24.04,2339400.0,2341500.0,3000.0,0,0,0,0,0,0,0,0,0,0,0,0,0,0,0,0,0,0,0,0,0,0,0,0,0,85,2026-02-04 19:35:54.111410
SPNG,24.5,24.5,25.12,2384300.0,2142700.0,,0,0,0,0,0,0,0,0,0,0,0,0,0,0,0,0,0,0,0,0,0,0,0,0,0,86,2026-02-04 19:35:55.153756
SMMR,24.31,24.26,24.29,2469800.0,2263900.0,3000.0,0,0,0,0,0,0,0,0,0,0,0,0,0,0,0,0,0,0,0,0,0,0,0,0,0,86,2026-02-04 19:35:55.153756
ATMN,24.55,24.58,24.66,2229000.0,1797700.0,,0,0,0,0,0,0,0,0,0,0,0,0,0,0,0,0,0,0,0,0,0,0,0,0,0,86,2026-02-04 19:35:55.153756
WNTR,24.08,23.97,24.08,2242100.0,2374600.0,3000.0,0,0,0,0,0,0,0,0,0,0,0,0,0,0,0,0,0,0,0,0,0,0,0,0,0,86,2026-02-04 19:35:55.153756
SPNG,24.47,24.6,25.12,2399300.0,2142700.0,,0,0,0,0,0,0,0,0,0,0,0,0,0,0,0,0,0,0,0,0,0,0,0,0,0,87,2026-02-04 19:35:56.198973
SMMR,24.31,24.26,24.29,2501200.0,2254200.0,3000.0,0,0,0,0,0,0,0,0,0,0,0,0,0,0,0,0,0,0,0,0,0,0,0,0,0,87,2026-02-04 19:35:56.198973
ATMN,24.55,24.55,24.66,2221800.0,1891100.0,,0,0,0,0,0,0,0,0,0,0,0,0,0,0,0,0,0,0,0,0,0,0,0,0,0,87,2026-02-04 19:35:56.198973
WNTR,23.96,23.96,24.08,2212700.0,2374600.0,3000.0,0,0,0,0,0,0,0,0,0,0,0,0,0,0,0,0,0,0,0,0,0,0,0,0,0,87,2026-02-04 19:35:56.198973
SPNG,24.47,24.6,25.11,2399300.0,2176100.0,,0,0,0,0,0,0,0,0,0,0,0,0,0,0,0,0,0,0,0,0,0,0,0,0,0,88,2026-02-04 19:35:57.269759
SMMR,24.29,24.26,24.29,2455400.0,2238200.0,3000.0,0,0,0,0,0,0,0,0,0,0,0,0,0,0,0,0,0,0,0,0,0,0,0,0,0,88,2026-02-04 19:35:57.269759
ATMN,24.52,24.52,24.66,2223700.0,1992100.0,,0,0,0,0,0,0,0,0,0,0,0,0,0,0,0,0,0,0,0,0,0,0,0,0,0,88,2026-02-04 19:35:57.269759
WNTR,24.11,23.96,24.0,2212700.0,2439100.0,3000.0,0,0,0,0,0,0,0,0,0,0,0,0,0,0,0,0,0,0,0,0,0,0,0,0,0,88,2026-02-04 19:35:57.269759
SPNG,24.47,24.6,24.85,2362300.0,2192200.0,,0,0,0,0,0,0,0,0,0,0,0,0,0,0,0,0,0,0,0,0,0,0,0,0,0,89,2026-02-04 19:35:58.314119
SMMR,24.36,24.26,24.36,2473900.0,2260300.0,3000.0,0,0,0,0,0,0,0,0,0,0,0,0,0,0,0,0,0,0,0,0,0,0,0,0,0,89,2026-02-04 19:35:58.314119
ATMN,24.38,24.38,24.66,2248200.0,1992100.0,,0,0,0,0,0,0,0,0,0,0,0,0,0,0,0,0,0,0,0,0,0,0,0,0,0,89,2026-02-04 19:35:58.314119
WNTR,23.91,23.91,24.0,1718500.0,2264800.0,4600.0,0,0,0,0,0,0,0,0,0,0,0,0,0,0,0,0,0,0,0,0,0,0,0,0,0,89,2026-02-04 19:35:58.314119
SPNG,25.09,24.6,24.66,2362300.0,2170800.0,,0,0,0,0,0,0,0,0,0,0,0,0,0,0,0,0,0,0,0,0,0,0,0,0,0,90,2026-02-04 19:35:59.398845
SMMR,24.27,24.33,24.34,2486400.0,2275900.0,3000.0,0,0,0,0,0,0,0,0,0,0,0,0,0,0,0,0,0,0,0,0,0,0,0,0,0,90,2026-02-04 19:35:59.398845
ATMN,24.38,24.38,24.66,2218300.0,2088800.0,,0,0,0,0,0,0,0,0,0,0,0,0,0,0,0,0,0,0,0,0,0,0,0,0,0,90,2026-02-04 19:35:59.398845
WNTR,23.91,23.84,23.87,1838000.0,2262200.0,4600.0,0,0,0,0,0,0,0,0,0,0,0,0,0,0,0,0,0,0,0,0,0,0,0,0,0,90,2026-02-04 19:35:59.398845
SPNG,24.56,24.56,24.77,2394600.0,2178100.0,,0,0,0,0,0,0,0,0,0,0,0,0,0,0,0,0,0,0,0,0,0,0,0,0,0,91,2026-02-04 19:36:00.450424
SMMR,24.33,24.27,24.32,2484500.0,2288300.0,3000.0,0,0,0,0,0,0,0,0,0,0,0,0,0,0,0,0,0,0,0,0,0,0,0,0,0,91,2026-02-04 19:36:00.450424
ATMN,24.59,24.38,24.59,2225900.0,2122800.0,,0,0,0,0,0,0,0,0,0,0,0,0,0,0,0,0,0,0,0,0,0,0,0,0,0,91,2026-02-04 19:36:00.450424
WNTR,23.84,23.84,24.0,1953700.0,2275700.0,4600.0,0,0,0,0,0,0,0,0,0,0,0,0,0,0,0,0,0,0,0,0,0,0,0,0,0,91,2026-02-04 19:36:00.450424
SPNG,24.94,24.56,24.94,2344400.0,2170300.0,,,0,0,0,0,0,0,0,0,0,0,0,0,0,0,0,0,0,0,0,0,0,0,0,0,92,2026-02-04 19:36:01.503962
SMMR,24.44,24.27,24.44,2475800.0,2222400.0,3000.0,,0,0,0,0,0,0,0,0,0,0,0,0,0,0,0,0,0,0,0,0,0,0,0,0,92,2026-02-04 19:36:01.503962
ATMN,24.38,24.36,24.38,2239600.0,2050300.0,,,0,0,0,0,0,0,0,0,0,0,0,0,0,0,0,0,0,0,0,0,0,0,0,0,92,2026-02-04 19:36:01.503962
WNTR,24.04,23.91,24.04,2172900.0,2436900.0,3000.0,1600.0,0,0,0,0,0,0,0,0,0,0,0,0,0,0,0,0,0,0,0,0,0,0,0,0,92,2026-02-04 19:36:01.503962
SPNG,24.94,24.62,24.81,2362300.0,2173400.0,,,0,0,0,0,0,0,0,0,0,0,0,0,0,0,0,0,0,0,0,0,0,0,0,0,93,2026-02-04 19:36:02.555068
SMMR,24.44,24.27,24.42,2475800.0,2253300.0,3000.0,,0,0,0,0,0,0,0,0,0,0,0,0,0,0,0,0,0,0,0,0,0,0,0,0,93,2026-02-04 19:36:02.555068
ATMN,24.38,24.38,24.87,2289200.0,1920600.0,,,0,0,0,0,0,0,0,0,0,0,0,0,0,0,0,0,0,0,0,0,0,0,0,0,93,2026-02-04 19:36:02.555068
WNTR,24.12,23.84,24.12,2212000.0,2408800.0,3000.0,1600.0,0,0,0,0,0,0,0,0,0,0,0,0,0,0,0,0,0,0,0,0,0,0,0,0,93,2026-02-04 19:36:02.555068
SPNG,24.94,24.66,24.81,2376500.0,2189600.0,,,0,0,0,0,0,0,0,0,0,0,0,0,0,0,0,0,0,0,0,0,0,0,0,0,94,2026-02-04 19:36:03.105217
SMMR,24.4,24.4,24.42,2491900.0,2253300.0,3000.0,,0,0,0,0,0,0,0,0,0,0,0,0,0,0,0,0,0,0,0,0,0,0,0,0,94,2026-02-04 19:36:03.105217
ATMN,24.38,24.38,24.87,2289200.0,2021800.0,,,0,0,0,0,0,0,0,0,0,0,0,0,0,0,0,0,0,0,0,0,0,0,0,0,94,2026-02-04 19:36:03.105217
WNTR,24.12,23.84,23.89,2339100.0,2378800.0,3000.0,1600.0,0,0,0,0,0,0,0,0,0,0,0,0,0,0,0,0,0,0,0,0,0,0,0,0,94,2026-02-04 19:36:03.105217
SPNG,24.66,24.66,24.94,2383300.0,2196900.0,,,0,0,0,0,0,0,0,0,0,0,0,0,0,0,0,0,0,0,0,0,0,0,0,0,95,2026-02-04 19:36:04.215977
SMMR,24.44,24.26,24.44,2467400.0,2251500.0,3000.0,,0,0,0,0,0,0,0,0,0,0,0,0,0,0,0,0,0,0,0,0,0,0,0,0,95,2026-02-04 19:36:04.215977
ATMN,24.38,24.5,24.68,2289200.0,2094400.0,,,0,0,0,0,0,0,0,0,0,0,0,0,0,0,0,0,0,0,0,0,0,0,0,0,95,2026-02-04 19:36:04.215977
WNTR,24.14,23.84,24.14,2452500.0,2382500.0,3000.0,1600.0,0,0,0,0,0,0,0,0,0,0,0,0,0,0,0,0,0,0,0,0,0,0,0,0,95,2026-02-04 19:36:04.215977
SPNG,25.02,24.62,25.02,2368900.0,2193000.0,,,0,0,0,0,0,0,0,0,0,0,0,0,0,0,0,0,0,0,0,0,0,0,0,0,96,2026-02-04 19:36:05.272761
SMMR,24.35,24.3,24.35,2468200.0,2260600.0,3000.0,,0,0,0,0,0,0,0,0,0,0,0,0,0,0,0,0,0,0,0,0,0,0,0,0,96,2026-02-04 19:36:05.272761
ATMN,24.44,24.38,24.44,2257400.0,2133900.0,,,0,0,0,0,0,0,0,0,0,0,0,0,0,0,0,0,0,0,0,0,0,0,0,0,96,2026-02-04 19:36:05.272761
WNTR,24.1,23.84,23.92,2456200.0,2400800.0,3000.0,1600.0,0,0,0,0,0,0,0,0,0,0,0,0,0,0,0,0,0,0,0,0,0,0,0,0,96,2026-02-04 19:36:05.272761
SPNG,24.65,24.74,25.02,2374500.0,2193000.0,,,0,0,0,0,0,0,0,0,0,0,0,0,0,0,0,0,0,0,0,0,0,0,0,0,97,2026-02-04 19:36:06.323550
SMMR,24.3,24.3,24.35,2468200.0,2262800.0,3000.0,,0,0,0,0,0,0,0,0,0,0,0,0,0,0,0,0,0,0,0,0,0,0,0,0,97,2026-02-04 19:36:06.323550
ATMN,24.68,24.45,24.68,2270000.0,2064400.0,,,0,0,0,0,0,0,0,0,0,0,0,0,0,0,0,0,0,0,0,0,0,0,0,0,97,2026-02-04 19:36:06.323550
WNTR,24.1,23.84,23.92,2423200.0,2426500.0,3000.0,1600.0,0,0,0,0,0,0,0,0,0,0,0,0,0,0,0,0,0,0,0,0,0,0,0,0,97,2026-02-04 19:36:06.323550
SPNG,25.02,24.62,25.02,2354100.0,2193000.0,,0,0,0,0,0,0,0,0,0,0,0,0,0,0,0,0,0,0,0,0,0,0,0,0,0,98,2026-02-04 19:36:07.390029
SMMR,24.3,24.26,24.3,2467400.0,2259900.0,3000.0,0,0,0,0,0,0,0,0,0,0,0,0,0,0,0,0,0,0,0,0,0,0,0,0,0,98,2026-02-04 19:36:07.390029
ATMN,24.35,24.35,24.42,2252600.0,2109500.0,,0,0,0,0,0,0,0,0,0,0,0,0,0,0,0,0,0,0,0,0,0,0,0,0,0,98,2026-02-04 19:36:07.390029
WNTR,23.98,23.84,23.98,2585700.0,2286300.0,4600.0,0,0,0,0,0,0,0,0,0,0,0,0,0,0,0,0,0,0,0,0,0,0,0,0,0,98,2026-02-04 19:36:07.390029
SPNG,24.79,24.62,24.79,2354100.0,2217700.0,,0,0,0,0,0,0,0,0,0,0,0,0,0,0,0,0,0,0,0,0,0,0,0,0,0,99,2026-02-04 19:36:08.435285
SMMR,24.3,24.26,24.3,2443500.0,2259900.0,3000.0,0,0,0,0,0,0,0,0,0,0,0,0,0,0,0,0,0,0,0,0,0,0,0,0,0,99,2026-02-04 19:36:08.435285
ATMN,24.34,24.34,24.42,2253400.0,2108300.0,,0,0,0,0,0,0,0,0,0,0,0,0,0,0,0,0,0,0,0,0,0,0,0,0,0,99,2026-02-04 19:36:08.435285
WNTR,23.98,23.93,23.98,2553600.0,2285600.0,4600.0,0,0,0,0,0,0,0,0,0,0,0,0,0,0,0,0,0,0,0,0,0,0,0,0,0,99,2026-02-04 19:36:08.435285
SPNG,25.05,24.62,25.05,2354100.0,2179300.0,,0,0,0,0,0,0,0,0,0,0,0,0,0,0,0,0,0,0,0,0,0,0,0,0,0,100,2026-02-04 19:36:09.476729
SMMR,24.26,24.26,24.3,2462600.0,2271900.0,3000.0,0,0,0,0,0,0,0,0,0,0,0,0,0,0,0,0,0,0,0,0,0,0,0,0,0,100,2026-02-04 19:36:09.476729
ATMN,24.34,24.34,24.42,2253400.0,2168200.0,,0,0,0,0,0,0,0,0,0,0,0,0,0,0,0,0,0,0,0,0,0,0,0,0,0,100,2026-02-04 19:36:09.476729
WNTR,23.98,23.93,23.98,2529000.0,2279900.0,4600.0,0,0,0,0,0,0,0,0,0,0,0,0,0,0,0,0,0,0,0,0,0,0,0,0,0,100,2026-02-04 19:36:09.476729
SPNG,24.41,24.45,25.14,2348800.0,2195100.0,,0,0,0,0,0,0,0,0,0,0,0,0,0,0,0,0,0,0,0,0,0,0,0,0,0,101,2026-02-04 19:36:10.519424
SMMR,24.23,24.23,24.39,2438500.0,2280400.0,3000.0,0,0,0,0,0,0,0,0,0,0,0,0,0,0,0,0,0,0,0,0,0,0,0,0,0,101,2026-02-04 19:36:10.519424
ATMN,24.32,24.32,24.41,2268100.0,2185600.0,,0,0,0,0,0,0,0,0,0,0,0,0,0,0,0,0,0,0,0,0,0,0,0,0,0,101,2026-02-04 19:36:10.519424
WNTR,23.97,23.84,23.97,2534700.0,2275700.0,4600.0,0,0,0,0,0,0,0,0,0,0,0,0,0,0,0,0,0,0,0,0,0,0,0,0,0,101,2026-02-04 19:36:10.519424
SPNG,24.41,24.73,25.1,2359100.0,2186000.0,,0,0,0,0,0,0,0,0,0,0,0,0,0,0,0,0,0,0,0,0,0,0,0,0,0,102,2026-02-04 19:36:11.564604
SMMR,24.35,24.35,24.39,2426700.0,2280400.0,3000.0,0,0,0,0,0,0,0,0,0,0,0,0,0,0,0,0,0,0,0,0,0,0,0,0,0,102,2026-02-04 19:36:11.564604
ATMN,24.27,24.27,24.39,2309200.0,2187400.0,,0,0,0,0,0,0,0,0,0,0,0,0,0,0,0,0,0,0,0,0,0,0,0,0,0,102,2026-02-04 19:36:11.564604
WNTR,23.98,23.99,24.03,2538700.0,2408300.0,3000.0,0,0,0,0,0,0,0,0,0,0,0,0,0,0,0,0,0,0,0,0,0,0,0,0,0,102,2026-02-04 19:36:11.564604
SPNG,25.1,24.73,25.1,2359100.0,2178700.0,,,0,0,0,0,0,0,0,0,0,0,0,0,0,0,0,0,0,0,0,0,0,0,0,0,103,2026-02-04 19:36:12.618718
SMMR,24.39,24.35,24.39,2415100.0,2264300.0,3000.0,,0,0,0,0,0,0,0,0,0,0,0,0,0,0,0,0,0,0,0,0,0,0,0,0,103,2026-02-04 19:36:12.618718
ATMN,24.27,24.27,24.39,2331300.0,2185600.0,,,0,0,0,0,0,0,0,0,0,0,0,0,0,0,0,0,0,0,0,0,0,0,0,0,103,2026-02-04 19:36:12.618718
WNTR,24.01,24.01,24.03,2457700.0,2351300.0,3000.0,1600.0,0,0,0,0,0,0,0,0,0,0,0,0,0,0,0,0,0,0,0,0,0,0,0,0,103,2026-02-04 19:36:12.618718
SPNG,24.73,24.73,25.1,2359100.0,2202700.0,,0,0,0,0,0,0,0,0,0,0,0,0,0,0,0,0,0,0,0,0,0,0,0,0,0,104,2026-02-04 19:36:13.176274
SMMR,24.42,24.33,24.42,2413300.0,2262900.0,3000.0,0,0,0,0,0,0,0,0,0,0,0,0,0,0,0,0,0,0,0,0,0,0,0,0,0,104,2026-02-04 19:36:13.176274
ATMN,24.41,24.27,24.41,2322600.0,2166800.0,,0,0,0,0,0,0,0,0,0,0,0,0,0,0,0,0,0,0,0,0,0,0,0,0,0,104,2026-02-04 19:36:13.176274
WNTR,23.99,23.99,24.03,2560800.0,2351300.0,3000.0,0,0,0,0,0,0,0,0,0,0,0,0,0,0,0,0,0,0,0,0,0,0,0,0,0,104,2026-02-04 19:36:13.176274
SPNG,25.1,24.45,25.1,2333900.0,2179900.0,,0,0,0,0,0,0,0,0,0,0,0,0,0,0,0,0,0,0,0,0,0,0,0,0,0,105,2026-02-04 19:36:14.234100
SMMR,24.43,24.33,24.43,2399600.0,2261600.0,3000.0,0,0,0,0,0,0,0,0,0,0,0,0,0,0,0,0,0,0,0,0,0,0,0,0,0,105,2026-02-04 19:36:14.234100
ATMN,24.2,24.2,24.42,2299600.0,2152500.0,,0,0,0,0,0,0,0,0,0,0,0,0,0,0,0,0,0,0,0,0,0,0,0,0,0,105,2026-02-04 19:36:14.234100
WNTR,23.9,23.9,24.03,2538400.0,2318600.0,1600.0,0,0,0,0,0,0,0,0,0,0,0,0,0,0,0,0,0,0,0,0,0,0,0,0,0,105,2026-02-04 19:36:14.234100
SPNG,25.08,24.45,24.85,2333900.0,2186100.0,,0,0,0,0,0,0,0,0,0,0,0,0,0,0,0,0,0,0,0,0,0,0,0,0,0,106,2026-02-04 19:36:15.297949
SMMR,24.45,24.33,24.36,2401500.0,2255900.0,3000.0,0,0,0,0,0,0,0,0,0,0,0,0,0,0,0,0,0,0,0,0,0,0,0,0,0,106,2026-02-04 19:36:15.297949
ATMN,24.18,24.18,24.52,2319100.0,2122500.0,,0,0,0,0,0,0,0,0,0,0,0,0,0,0,0,0,0,0,0,0,0,0,0,0,0,106,2026-02-04 19:36:15.297949
WNTR,23.83,23.83,23.9,2548900.0,2360500.0,1600.0,0,0,0,0,0,0,0,0,0,0,0,0,0,0,0,0,0,0,0,0,0,0,0,0,0,106,2026-02-04 19:36:15.297949
SPNG,24.99,24.99,25.1,2337800.0,2192200.0,,0,0,0,0,0,0,0,0,0,0,0,0,0,0,0,0,0,0,0,0,0,0,0,0,0,107,2026-02-04 19:36:16.399372
SMMR,24.36,24.33,24.36,2401500.0,2283700.0,3000.0,0,0,0,0,0,0,0,0,0,0,0,0,0,0,0,0,0,0,0,0,0,0,0,0,0,107,2026-02-04 19:36:16.399372
ATMN,24.19,24.18,24.19,2332300.0,2124500.0,,0,0,0,0,0,0,0,0,0,0,0,0,0,0,0,0,0,0,0,0,0,0,0,0,0,107,2026-02-04 19:36:16.399372
WNTR,24.04,23.83,24.04,2530400.0,2322100.0,3000.0,0,0,0,0,0,0,0,0,0,0,0,0,0,0,0,0,0,0,0,0,0,0,0,0,0,107,2026-02-04 19:36:16.399372
SPNG,24.47,24.47,25.1,2305200.0,2192200.0,,0,0,0,0,0,0,0,0,0,0,0,0,0,0,0,0,0,0,0,0,0,0,0,0,0,108,2026-02-04 19:36:17.479401
SMMR,24.41,24.39,24.41,2417000.0,2297000.0,3000.0,0,0,0,0,0,0,0,0,0,0,0,0,0,0,0,0,0,0,0,0,0,0,0,0,0,108,2026-02-04 19:36:17.479401
ATMN,24.38,24.18,24.3,2353300.0,2134300.0,,0,0,0,0,0,0,0,0,0,0,0,0,0,0,0,0,0,0,0,0,0,0,0,0,0,108,2026-02-04 19:36:17.479401
WNTR,24.11,23.89,24.11,2513100.0,2314800.0,3000.0,0,0,0,0,0,0,0,0,0,0,0,0,0,0,0,0,0,0,0,0,0,0,0,0,0,108,2026-02-04 19:36:17.479401
SPNG,24.44,24.44,25.1,2344200.0,2192200.0,,0,0,0,0,0,0,0,0,0,0,0,0,0,0,0,0,0,0,0,0,0,0,0,0,0,109,2026-02-04 19:36:18.554909
SMMR,24.38,24.38,24.4,2431400.0,2297000.0,3000.0,0,0,0,0,0,0,0,0,0,0,0,0,0,0,0,0,0,0,0,0,0,0,0,0,0,109,2026-02-04 19:36:18.554909
ATMN,24.3,24.51,24.52,2321400.0,2147800.0,,0,0,0,0,0,0,0,0,0,0,0,0,0,0,0,0,0,0,0,0,0,0,0,0,0,109,2026-02-04 19:36:18.554909
WNTR,24.11,24.08,24.09,2549900.0,2296500.0,3000.0,0,0,0,0,0,0,0,0,0,0,0,0,0,0,0,0,0,0,0,0,0,0,0,0,0,109,2026-02-04 19:36:18.554909
SPNG,24.98,24.98,25.14,2337500.0,2185400.0,,0,0,0,0,0,0,0,0,0,0,0,0,0,0,0,0,0,0,0,0,0,0,0,0,0,110,2026-02-04 19:36:19.618466
SMMR,24.46,24.4,24.46,2407100.0,2259500.0,3000.0,0,0,0,0,0,0,0,0,0,0,0,0,0,0,0,0,0,0,0,0,0,0,0,0,0,110,2026-02-04 19:36:19.618466
ATMN,24.32,24.51,24.52,2336400.0,2162700.0,,0,0,0,0,0,0,0,0,0,0,0,0,0,0,0,0,0,0,0,0,0,0,0,0,0,110,2026-02-04 19:36:19.618466
WNTR,24.08,24.08,24.09,2549900.0,2296500.0,3000.0,0,0,0,0,0,0,0,0,0,0,0,0,0,0,0,0,0,0,0,0,0,0,0,0,0,110,2026-02-04 19:36:19.618466
SPNG,24.98,24.59,24.66,2321600.0,2189600.0,,0,0,0,0,0,0,0,0,0,0,0,0,0,0,0,0,0,0,0,0,0,0,0,0,0,111,2026-02-04 19:36:20.173138
SMMR,24.46,24.4,24.46,2407100.0,2299300.0,3000.0,0,0,0,0,0,0,0,0,0,0,0,0,0,0,0,0,0,0,0,0,0,0,0,0,0,111,2026-02-04 19:36:20.173138
ATMN,24.51,24.51,24.52,2336400.0,2160600.0,,0,0,0,0,0,0,0,0,0,0,0,0,0,0,0,0,0,0,0,0,0,0,0,0,0,111,2026-02-04 19:36:20.173138
WNTR,24.08,24.08,24.09,2572200.0,2296500.0,3000.0,0,0,0,0,0,0,0,0,0,0,0,0,0,0,0,0,0,0,0,0,0,0,0,0,0,111,2026-02-04 19:36:20.173138
SPNG,24.98,24.61,24.66,2298300.0,2189600.0,,0,0,0,0,0,0,0,0,0,0,0,0,0,0,0,0,0,0,0,0,0,0,0,0,0,112,2026-02-04 19:36:21.212981
SMMR,24.38,24.33,24.38,2409200.0,2275200.0,3000.0,0,0,0,0,0,0,0,0,0,0,0,0,0,0,0,0,0,0,0,0,0,0,0,0,0,112,2026-02-04 19:36:21.212981
ATMN,24.32,24.32,24.52,2336900.0,2163000.0,,0,0,0,0,0,0,0,0,0,0,0,0,0,0,0,0,0,0,0,0,0,0,0,0,0,112,2026-02-04 19:36:21.212981
WNTR,24.01,24.01,24.09,2533900.0,2430100.0,,0,0,0,0,0,0,0,0,0,0,0,0,0,0,0,0,0,0,0,0,0,0,0,0,0,112,2026-02-04 19:36:21.212981
SPNG,24.59,24.59,25.14,2299700.0,2185400.0,,0,0,0,0,0,0,0,0,0,0,0,0,0,0,0,0,0,0,0,0,0,0,0,0,0,113,2026-02-04 19:36:22.272145
SMMR,24.32,24.37,24.38,2419400.0,2275200.0,3000.0,0,0,0,0,0,0,0,0,0,0,0,0,0,0,0,0,0,0,0,0,0,0,0,0,0,113,2026-02-04 19:36:22.272145
ATMN,24.19,24.44,24.52,2350000.0,2163000.0,,0,0,0,0,0,0,0,0,0,0,0,0,0,0,0,0,0,0,0,0,0,0,0,0,0,113,2026-02-04 19:36:22.272145
WNTR,24.09,23.89,24.04,2513100.0,2490200.0,,0,0,0,0,0,0,0,0,0,0,0,0,0,0,0,0,0,0,0,0,0,0,0,0,0,113,2026-02-04 19:36:22.272145
SPNG,24.64,24.79,25.14,2283700.0,2185400.0,,0,0,0,0,0,0,0,0,0,0,0,0,0,0,0,0,0,0,0,0,0,0,0,0,0,114,2026-02-04 19:36:23.321826
SMMR,24.46,24.37,24.46,2419400.0,2257100.0,3000.0,0,0,0,0,0,0,0,0,0,0,0,0,0,0,0,0,0,0,0,0,0,0,0,0,0,114,2026-02-04 19:36:23.321826
ATMN,24.18,24.18,24.47,2345900.0,2203700.0,,0,0,0,0,0,0,0,0,0,0,0,0,0,0,0,0,0,0,0,0,0,0,0,0,0,114,2026-02-04 19:36:23.321826
WNTR,24.09,23.89,24.04,2526900.0,2499500.0,,0,0,0,0,0,0,0,0,0,0,0,0,0,0,0,0,0,0,0,0,0,0,0,0,0,114,2026-02-04 19:36:23.321826
SPNG,24.62,24.59,24.62,2268900.0,2232700.0,,0,0,0,0,0,0,0,0,0,0,0,0,0,0,0,0,0,0,0,0,0,0,0,0,0,115,2026-02-04 19:36:24.378002
SMMR,24.46,24.45,24.46,2373000.0,2241200.0,3000.0,0,0,0,0,0,0,0,0,0,0,0,0,0,0,0,0,0,0,0,0,0,0,0,0,0,115,2026-02-04 19:36:24.378002
ATMN,24.31,24.18,24.27,2345900.0,2186400.0,,0,0,0,0,0,0,0,0,0,0,0,0,0,0,0,0,0,0,0,0,0,0,0,0,0,115,2026-02-04 19:36:24.378002
WNTR,24.04,23.85,24.04,2537600.0,2483800.0,,0,0,0,0,0,0,0,0,0,0,0,0,0,0,0,0,0,0,0,0,0,0,0,0,0,115,2026-02-04 19:36:24.378002
SPNG,24.84,24.59,24.67,2268900.0,2262300.0,,0,0,0,0,0,0,0,0,0,0,0,0,0,0,0,0,0,0,0,0,0,0,0,0,0,116,2026-02-04 19:36:25.450671
SMMR,24.31,24.31,24.46,2415700.0,2206800.0,3000.0,0,0,0,0,0,0,0,0,0,0,0,0,0,0,0,0,0,0,0,0,0,0,0,0,0,116,2026-02-04 19:36:25.450671
ATMN,24.27,24.14,24.27,2358600.0,2186400.0,,0,0,0,0,0,0,0,0,0,0,0,0,0,0,0,0,0,0,0,0,0,0,0,0,0,116,2026-02-04 19:36:25.450671
WNTR,24.09,24.01,24.09,2567500.0,2478400.0,,0,0,0,0,0,0,0,0,0,0,0,0,0,0,0,0,0,0,0,0,0,0,0,0,0,116,2026-02-04 19:36:25.450671
SPNG,24.84,24.62,24.67,2259600.0,2282500.0,,0,0,0,0,0,0,0,0,0,0,0,0,0,0,0,0,0,0,0,0,0,0,0,0,0,117,2026-02-04 19:36:26.518178
SMMR,24.31,24.31,24.37,2363800.0,2187900.0,3000.0,0,0,0,0,0,0,0,0,0,0,0,0,0,0,0,0,0,0,0,0,0,0,0,0,0,117,2026-02-04 19:36:26.518178
ATMN,24.13,24.13,24.47,2336700.0,2203700.0,,0,0,0,0,0,0,0,0,0,0,0,0,0,0,0,0,0,0,0,0,0,0,0,0,0,117,2026-02-04 19:36:26.518178
WNTR,24.01,23.85,23.95,2537600.0,2434000.0,,0,0,0,0,0,0,0,0,0,0,0,0,0,0,0,0,0,0,0,0,0,0,0,0,0,117,2026-02-04 19:36:26.518178
SPNG,24.67,24.82,25.03,2251100.0,2253300.0,,0,0,0,0,0,0,0,0,0,0,0,0,0,0,0,0,0,0,0,0,0,0,0,0,0,118,2026-02-04 19:36:27.572165
SMMR,24.47,24.32,24.41,2348700.0,2236700.0,3000.0,0,0,0,0,0,0,0,0,0,0,0,0,0,0,0,0,0,0,0,0,0,0,0,0,0,118,2026-02-04 19:36:27.572165
ATMN,24.31,24.31,24.47,2327500.0,2203700.0,,0,0,0,0,0,0,0,0,0,0,0,0,0,0,0,0,0,0,0,0,0,0,0,0,0,118,2026-02-04 19:36:27.572165
WNTR,23.95,23.96,23.97,2586300.0,2460200.0,,0,0,0,0,0,0,0,0,0,0,0,0,0,0,0,0,0,0,0,0,0,0,0,0,0,118,2026-02-04 19:36:27.572165
SPNG,24.59,24.59,25.03,2264700.0,2295700.0,,0,0,0,0,0,0,0,0,0,0,0,0,0,0,0,0,0,0,0,0,0,0,0,0,0,119,2026-02-04 19:36:28.631266
SMMR,24.41,24.33,24.37,2360300.0,2215100.0,3000.0,0,0,0,0,0,0,0,0,0,0,0,0,0,0,0,0,0,0,0,0,0,0,0,0,0,119,2026-02-04 19:36:28.631266
ATMN,24.31,24.31,24.37,2313500.0,2194200.0,,0,0,0,0,0,0,0,0,0,0,0,0,0,0,0,0,0,0,0,0,0,0,0,0,0,119,2026-02-04 19:36:28.631266
WNTR,23.87,23.87,23.96,2574700.0,2387700.0,,0,0,0,0,0,0,0,0,0,0,0,0,0,0,0,0,0,0,0,0,0,0,0,0,0,119,2026-02-04 19:36:28.631266
SPNG,25.03,23.02,23.98,986000.0,750100.0,,,0,0,0,0,0,0,0,0,0,0,0,0,0,0,0,0,0,0,0,0,0,0,0,0,120,2026-02-04 19:36:29.694342
SMMR,24.37,23.59,23.67,911200.0,980500.0,3000.0,6000.0,0,0,0,0,0,0,0,0,0,0,0,0,0,0,0,0,0,0,0,0,0,0,0,0,120,2026-02-04 19:36:29.694342
ATMN,26.71,25.09,25.65,769400.0,658900.0,,,0,0,0,0,0,0,0,0,0,0,0,0,0,0,0,0,0,0,0,0,0,0,0,0,120,2026-02-04 19:36:29.694342
WNTR,26.01,26.01,26.3,752100.0,635800.0,,,0,0,0,0,0,0,0,0,0,0,0,0,0,0,0,0,0,0,0,0,0,0,0,0,120,2026-02-04 19:36:29.694342
SPNG,25.03,23.02,23.11,986000.0,990200.0,,,0,0,0,0,0,0,0,0,0,0,0,0,0,0,0,0,0,0,0,0,0,0,0,0,121,2026-02-04 19:36:30.267358
SMMR,23.57,23.57,23.59,925700.0,1091100.0,3000.0,6000.0,0,0,0,0,0,0,0,0,0,0,0,0,0,0,0,0,0,0,0,0,0,0,0,0,121,2026-02-04 19:36:30.267358
ATMN,26.71,25.61,25.65,1201600.0,751500.0,,,0,0,0,0,0,0,0,0,0,0,0,0,0,0,0,0,0,0,0,0,0,0,0,0,121,2026-02-04 19:36:30.267358
WNTR,26.66,26.7,26.71,1103700.0,859100.0,3000.0,,0,0,0,0,0,0,0,0,0,0,0,0,0,0,0,0,0,0,0,0,0,0,0,0,121,2026-02-04 19:36:30.267358
SPNG,25.03,23.02,23.07,986000.0,3000.0,1475100.0,100.0,0,0,0,0,0,0,0,0,0,0,0,0,0,0,0,0,0,0,0,0,0,0,0,0,122,2026-02-04 19:36:31.394826
SMMR,23.33,23.33,23.34,947000.0,3000.0,1347900.0,9000.0,0,0,0,0,0,0,0,0,0,0,0,0,0,0,0,0,0,0,0,0,0,0,0,0,122,2026-02-04 19:36:31.394826
ATMN,26.05,25.88,26.05,1308000.0,3000.0,746500.0,,0,0,0,0,0,0,0,0,0,0,0,0,0,0,0,0,0,0,0,0,0,0,0,0,122,2026-02-04 19:36:31.394826
WNTR,26.7,26.3,26.32,1231200.0,3000.0,971700.0,3000.0,0,0,0,0,0,0,0,0,0,0,0,0,0,0,0,0,0,0,0,0,0,0,0,0,122,2026-02-04 19:36:31.394826
SPNG,23.1,22.94,23.1,1141100.0,1517300.0,100.0,,0,0,0,0,0,0,0,0,0,0,0,0,0,0,0,0,0,0,0,0,0,0,0,0,123,2026-02-04 19:36:32.639999
SMMR,23.53,23.55,23.59,1077900.0,1091100.0,9000.0,16000.0,0,0,0,0,0,0,0,0,0,0,0,0,0,0,0,0,0,0,0,0,0,0,0,0,123,2026-02-04 19:36:32.639999
ATMN,26.47,26.03,26.47,1484800.0,773900.0,,10600.0,0,0,0,0,0,0,0,0,0,0,0,0,0,0,0,0,0,0,0,0,0,0,0,0,123,2026-02-04 19:36:32.639999
WNTR,26.32,26.49,26.71,1482700.0,1089900.0,5000.0,10300.0,0,0,0,0,0,0,0,0,0,0,0,0,0,0,0,0,0,0,0,0,0,0,0,0,123,2026-02-04 19:36:32.639999
SPNG,23.1,22.92,23.1,1203000.0,1517300.0,100.0,,0,0,0,0,0,0,0,0,0,0,0,0,0,0,0,0,0,0,0,0,0,0,0,0,124,2026-02-04 19:36:33.691685
SMMR,23.55,23.34,23.38,1086700.0,1434600.0,9500.0,20800.0,0,0,0,0,0,0,0,0,0,0,0,0,0,0,0,0,0,0,0,0,0,0,0,0,124,2026-02-04 19:36:33.691685
ATMN,26.82,26.47,26.82,1789600.0,729800.0,,10600.0,0,0,0,0,0,0,0,0,0,0,0,0,0,0,0,0,0,0,0,0,0,0,0,0,124,2026-02-04 19:36:33.691685
WNTR,26.49,26.36,26.49,1354300.0,1428700.0,7000.0,3000.0,0,0,0,0,0,0,0,0,0,0,0,0,0,0,0,0,0,0,0,0,0,0,0,0,124,2026-02-04 19:36:33.691685
SPNG,22.86,22.86,23.1,1151800.0,1517300.0,4700.0,,0,0,0,0,0,0,0,0,0,0,0,0,0,0,0,0,0,0,0,0,0,0,0,0,125,2026-02-04 19:36:34.735115
SMMR,23.38,23.32,23.33,951700.0,1434600.0,19500.0,3000.0,0,0,0,0,0,0,0,0,0,0,0,0,0,0,0,0,0,0,0,0,0,0,0,0,125,2026-02-04 19:36:34.735115
ATMN,26.42,26.42,26.82,1806900.0,834700.0,10000.0,10600.0,0,0,0,0,0,0,0,0,0,0,0,0,0,0,0,0,0,0,0,0,0,0,0,0,125,2026-02-04 19:36:34.735115
WNTR,26.3,26.3,26.49,1473500.0,1428700.0,9000.0,3000.0,0,0,0,0,0,0,0,0,0,0,0,0,0,0,0,0,0,0,0,0,0,0,0,0,125,2026-02-04 19:36:34.735115
SPNG,22.86,22.86,23.1,1151800.0,1627300.0,4700.0,,0,0,0,0,0,0,0,0,0,0,0,0,0,0,0,0,0,0,0,0,0,0,0,0,126,2026-02-04 19:36:35.271692
SMMR,23.32,23.32,23.33,1007300.0,1686800.0,19500.0,3000.0,0,0,0,0,0,0,0,0,0,0,0,0,0,0,0,0,0,0,0,0,0,0,0,0,126,2026-02-04 19:36:35.271692
ATMN,26.42,26.15,26.39,1686400.0,1020900.0,10000.0,10600.0,0,0,0,0,0,0,0,0,0,0,0,0,0,0,0,0,0,0,0,0,0,0,0,0,126,2026-02-04 19:36:35.271692
WNTR,26.3,26.36,26.49,1708800.0,1550700.0,9000.0,3000.0,0,0,0,0,0,0,0,0,0,0,0,0,0,0,0,0,0,0,0,0,0,0,0,0,126,2026-02-04 19:36:35.271692
SPNG,22.64,21.42,22.6,1306200.0,1734400.0,,,0,0,0,0,0,0,0,0,0,0,0,0,0,0,0,0,0,0,0,0,0,0,0,0,127,2026-02-04 19:36:36.326863
SMMR,23.38,23.43,23.45,1119800.0,1664800.0,3000.0,9500.0,0,0,0,0,0,0,0,0,0,0,0,0,0,0,0,0,0,0,0,0,0,0,0,0,127,2026-02-04 19:36:36.326863
ATMN,26.42,26.17,26.39,1899300.0,1020900.0,10600.0,10000.0,0,0,0,0,0,0,0,0,0,0,0,0,0,0,0,0,0,0,0,0,0,0,0,0,127,2026-02-04 19:36:36.326863
WNTR,26.36,26.36,26.49,1936300.0,1550700.0,3000.0,9000.0,0,0,0,0,0,0,0,0,0,0,0,0,0,0,0,0,0,0,0,0,0,0,0,0,127,2026-02-04 19:36:36.326863
SPNG,22.6,22.75,23.13,1745200.0,1591900.0,,,0,0,0,0,0,0,0,0,0,0,0,0,0,0,0,0,0,0,0,0,0,0,0,0,128,2026-02-04 19:36:37.369792
SMMR,23.43,23.35,23.4,1234200.0,1665900.0,3000.0,9000.0,0,0,0,0,0,0,0,0,0,0,0,0,0,0,0,0,0,0,0,0,0,0,0,0,128,2026-02-04 19:36:37.369792
ATMN,26.94,26.31,26.39,1698500.0,826400.0,13500.0,,0,0,0,0,0,0,0,0,0,0,0,0,0,0,0,0,0,0,0,0,0,0,0,0,128,2026-02-04 19:36:37.369792
WNTR,26.36,26.36,26.49,1701000.0,1783800.0,13000.0,9000.0,0,0,0,0,0,0,0,0,0,0,0,0,0,0,0,0,0,0,0,0,0,0,0,0,128,2026-02-04 19:36:37.369792
SPNG,23.13,22.75,23.13,1745200.0,1807700.0,,,0,0,0,0,0,0,0,0,0,0,0,0,0,0,0,0,0,0,0,0,0,0,0,0,129,2026-02-04 19:36:38.411108
SMMR,23.38,23.46,23.49,1261800.0,1547200.0,3000.0,9000.0,0,0,0,0,0,0,0,0,0,0,0,0,0,0,0,0,0,0,0,0,0,0,0,0,129,2026-02-04 19:36:38.411108
ATMN,26.39,26.31,26.39,1639700.0,826400.0,13500.0,,0,0,0,0,0,0,0,0,0,0,0,0,0,0,0,0,0,0,0,0,0,0,0,0,129,2026-02-04 19:36:38.411108
WNTR,26.31,26.31,26.49,1717600.0,1673100.0,3000.0,14000.0,0,0,0,0,0,0,0,0,0,0,0,0,0,0,0,0,0,0,0,0,0,0,0,0,129,2026-02-04 19:36:38.411108
SPNG,22.8,22.8,23.13,1728900.0,1807700.0,,,0,0,0,0,0,0,0,0,0,0,0,0,0,0,0,0,0,0,0,0,0,0,0,0,130,2026-02-04 19:36:39.450998
SMMR,23.46,23.32,23.45,1230100.0,1797700.0,3000.0,9700.0,0,0,0,0,0,0,0,0,0,0,0,0,0,0,0,0,0,0,0,0,0,0,0,0,130,2026-02-04 19:36:39.450998
ATMN,26.94,26.45,26.76,1631400.0,830000.0,13500.0,,0,0,0,0,0,0,0,0,0,0,0,0,0,0,0,0,0,0,0,0,0,0,0,0,130,2026-02-04 19:36:39.450998
WNTR,26.49,26.31,26.39,1825800.0,1546000.0,5000.0,24000.0,0,0,0,0,0,0,0,0,0,0,0,0,0,0,0,0,0,0,0,0,0,0,0,0,130,2026-02-04 19:36:39.450998
SPNG,23.16,23.25,23.33,1844500.0,1547000.0,,,0,0,0,0,0,0,0,0,0,0,0,0,0,0,0,0,0,0,0,0,0,0,0,0,131,2026-02-04 19:36:40.506936
SMMR,23.29,23.29,23.45,1130100.0,1930600.0,9700.0,,0,0,0,0,0,0,0,0,0,0,0,0,0,0,0,0,0,0,0,0,0,0,0,0,131,2026-02-04 19:36:40.506936
ATMN,26.76,26.45,26.76,1649200.0,914000.0,,13500.0,0,0,0,0,0,0,0,0,0,0,0,0,0,0,0,0,0,0,0,0,0,0,0,0,131,2026-02-04 19:36:40.506936
WNTR,26.31,26.34,26.49,1829800.0,1567000.0,24000.0,3000.0,0,0,0,0,0,0,0,0,0,0,0,0,0,0,0,0,0,0,0,0,0,0,0,0,131,2026-02-04 19:36:40.506936
SPNG,23.16,23.25,23.3,1844500.0,1889000.0,,,0,0,0,0,0,0,0,0,0,0,0,0,0,0,0,0,0,0,0,0,0,0,0,0,132,2026-02-04 19:36:41.575386
SMMR,23.51,23.29,23.51,1126100.0,1678700.0,9000.0,,0,0,0,0,0,0,0,0,0,0,0,0,0,0,0,0,0,0,0,0,0,0,0,0,132,2026-02-04 19:36:41.575386
ATMN,26.33,26.33,26.7,1641900.0,1011200.0,,13500.0,0,0,0,0,0,0,0,0,0,0,0,0,0,0,0,0,0,0,0,0,0,0,0,0,132,2026-02-04 19:36:41.575386
WNTR,26.31,26.31,26.41,1809800.0,1371800.0,33800.0,3000.0,0,0,0,0,0,0,0,0,0,0,0,0,0,0,0,0,0,0,0,0,0,0,0,0,132,2026-02-04 19:36:41.575386
SPNG,22.5,22.84,23.3,1867800.0,2028300.0,,,0,0,0,0,0,0,0,0,0,0,0,0,0,0,0,0,0,0,0,0,0,0,0,0,133,2026-02-04 19:36:42.626901
SMMR,23.25,23.25,23.48,1013800.0,1927000.0,9000.0,,0,0,0,0,0,0,0,0,0,0,0,0,0,0,0,0,0,0,0,0,0,0,0,0,133,2026-02-04 19:36:42.626901
ATMN,26.74,26.33,26.44,1647900.0,1017300.0,,13500.0,0,0,0,0,0,0,0,0,0,0,0,0,0,0,0,0,0,0,0,0,0,0,0,0,133,2026-02-04 19:36:42.626901
WNTR,26.25,26.25,26.41,1447600.0,1369500.0,34800.0,,0,0,0,0,0,0,0,0,0,0,0,0,0,0,0,0,0,0,0,0,0,0,0,0,133,2026-02-04 19:36:42.626901
SPNG,23.3,22.84,23.3,1972700.0,2134100.0,,,0,0,0,0,0,0,0,0,0,0,0,0,0,0,0,0,0,0,0,0,0,0,0,0,134,2026-02-04 19:36:43.679736
SMMR,23.48,23.25,23.44,1158300.0,2026700.0,9000.0,,0,0,0,0,0,0,0,0,0,0,0,0,0,0,0,0,0,0,0,0,0,0,0,0,134,2026-02-04 19:36:43.679736
ATMN,26.44,26.55,26.94,1621100.0,910400.0,,13500.0,0,0,0,0,0,0,0,0,0,0,0,0,0,0,0,0,0,0,0,0,0,0,0,0,134,2026-02-04 19:36:43.679736
WNTR,26.28,26.38,26.41,1675700.0,1369500.0,34800.0,,0,0,0,0,0,0,0,0,0,0,0,0,0,0,0,0,0,0,0,0,0,0,0,0,134,2026-02-04 19:36:43.679736
SPNG,22.63,23.13,23.3,1999600.0,2156800.0,,,0,0,0,0,0,0,0,0,0,0,0,0,0,0,0,0,0,0,0,0,0,0,0,0,135,2026-02-04 19:36:44.733799
SMMR,23.34,23.25,23.34,1407800.0,2035000.0,9000.0,,0,0,0,0,0,0,0,0,0,0,0,0,0,0,0,0,0,0,0,0,0,0,0,0,135,2026-02-04 19:36:44.733799
ATMN,27.04,26.55,26.92,1621100.0,1015100.0,,13500.0,0,0,0,0,0,0,0,0,0,0,0,0,0,0,0,0,0,0,0,0,0,0,0,0,135,2026-02-04 19:36:44.733799
WNTR,26.38,26.38,26.41,1675700.0,1357600.0,34800.0,700.0,0,0,0,0,0,0,0,0,0,0,0,0,0,0,0,0,0,0,0,0,0,0,0,0,135,2026-02-04 19:36:44.733799
SPNG,23.13,23.13,23.3,1999600.0,2245600.0,,,0,0,0,0,0,0,0,0,0,0,0,0,0,0,0,0,0,0,0,0,0,0,0,0,136,2026-02-04 19:36:45.797750
SMMR,23.16,23.16,23.2,1414400.0,2026800.0,9000.0,,0,0,0,0,0,0,0,0,0,0,0,0,0,0,0,0,0,0,0,0,0,0,0,0,136,2026-02-04 19:36:45.797750
ATMN,27.04,26.55,26.92,1621100.0,1299200.0,,13500.0,0,0,0,0,0,0,0,0,0,0,0,0,0,0,0,0,0,0,0,0,0,0,0,0,136,2026-02-04 19:36:45.797750
WNTR,26.25,26.39,26.41,1677400.0,1356600.0,32500.0,,0,0,0,0,0,0,0,0,0,0,0,0,0,0,0,0,0,0,0,0,0,0,0,0,136,2026-02-04 19:36:45.797750
SPNG,23.13,23.13,23.17,1999600.0,2292300.0,,,0,0,0,0,0,0,0,0,0,0,0,0,0,0,0,0,0,0,0,0,0,0,0,0,137,2026-02-04 19:36:46.344486
SMMR,23.35,23.3,23.31,1556400.0,2019600.0,9000.0,,0,0,0,0,0,0,0,0,0,0,0,0,0,0,0,0,0,0,0,0,0,0,0,0,137,2026-02-04 19:36:46.344486
ATMN,26.55,26.38,26.39,1622200.0,1480100.0,,13500.0,0,0,0,0,0,0,0,0,0,0,0,0,0,0,0,0,0,0,0,0,0,0,0,0,137,2026-02-04 19:36:46.344486
WNTR,26.25,26.39,26.41,1677400.0,1361100.0,32500.0,,0,0,0,0,0,0,0,0,0,0,0,0,0,0,0,0,0,0,0,0,0,0,0,0,137,2026-02-04 19:36:46.344486
SPNG,22.63,22.5,22.53,1759600.0,2375800.0,,,0,0,0,0,0,0,0,0,0,0,0,0,0,0,0,0,0,0,0,0,0,0,0,0,138,2026-02-04 19:36:47.405960
SMMR,23.44,23.27,23.44,1561400.0,2026700.0,9000.0,,0,0,0,0,0,0,0,0,0,0,0,0,0,0,0,0,0,0,0,0,0,0,0,0,138,2026-02-04 19:36:47.405960
ATMN,26.39,26.47,26.48,1611900.0,1510200.0,,13500.0,0,0,0,0,0,0,0,0,0,0,0,0,0,0,0,0,0,0,0,0,0,0,0,0,138,2026-02-04 19:36:47.405960
WNTR,26.42,26.19,26.42,1467000.0,1594000.0,28800.0,,0,0,0,0,0,0,0,0,0,0,0,0,0,0,0,0,0,0,0,0,0,0,0,0,138,2026-02-04 19:36:47.405960
SPNG,22.5,22.5,23.24,1759600.0,2329600.0,,,0,0,0,0,0,0,0,0,0,0,0,0,0,0,0,0,0,0,0,0,0,0,0,0,139,2026-02-04 19:36:48.457857
SMMR,23.26,23.28,23.47,1534300.0,2062400.0,9000.0,,0,0,0,0,0,0,0,0,0,0,0,0,0,0,0,0,0,0,0,0,0,0,0,0,139,2026-02-04 19:36:48.457857
ATMN,26.48,26.7,26.78,1759000.0,1389500.0,,10500.0,0,0,0,0,0,0,0,0,0,0,0,0,0,0,0,0,0,0,0,0,0,0,0,0,139,2026-02-04 19:36:48.457857
WNTR,26.49,26.19,26.31,1589200.0,1484700.0,31800.0,2700.0,0,0,0,0,0,0,0,0,0,0,0,0,0,0,0,0,0,0,0,0,0,0,0,0,139,2026-02-04 19:36:48.457857
SPNG,22.5,23.0,23.24,2013300.0,2325900.0,,,0,0,0,0,0,0,0,0,0,0,0,0,0,0,0,0,0,0,0,0,0,0,0,0,140,2026-02-04 19:36:49.551205
SMMR,23.48,23.45,23.48,1667400.0,2057200.0,9000.0,,0,0,0,0,0,0,0,0,0,0,0,0,0,0,0,0,0,0,0,0,0,0,0,0,140,2026-02-04 19:36:49.551205
ATMN,26.38,26.38,26.49,1739800.0,1581300.0,,10500.0,0,0,0,0,0,0,0,0,0,0,0,0,0,0,0,0,0,0,0,0,0,0,0,0,140,2026-02-04 19:36:49.551205
WNTR,26.25,26.25,26.31,1823000.0,1491900.0,28500.0,7700.0,0,0,0,0,0,0,0,0,0,0,0,0,0,0,0,0,0,0,0,0,0,0,0,0,140,2026-02-04 19:36:49.551205
SPNG,22.5,23.0,23.19,2013300.0,2359600.0,,,0,0,0,0,0,0,0,0,0,0,0,0,0,0,0,0,0,0,0,0,0,0,0,0,141,2026-02-04 19:36:50.637082
SMMR,23.28,23.16,23.23,1414400.0,2041600.0,9000.0,,0,0,0,0,0,0,0,0,0,0,0,0,0,0,0,0,0,0,0,0,0,0,0,0,141,2026-02-04 19:36:50.637082
ATMN,26.49,26.66,26.78,1719500.0,1486800.0,,10500.0,0,0,0,0,0,0,0,0,0,0,0,0,0,0,0,0,0,0,0,0,0,0,0,0,141,2026-02-04 19:36:50.637082
WNTR,26.25,26.25,26.31,1994600.0,1491900.0,27800.0,7700.0,0,0,0,0,0,0,0,0,0,0,0,0,0,0,0,0,0,0,0,0,0,0,0,0,141,2026-02-04 19:36:50.637082
SPNG,22.5,23.0,23.19,2162200.0,2413100.0,,,0,0,0,0,0,0,0,0,0,0,0,0,0,0,0,0,0,0,0,0,0,0,0,0,142,2026-02-04 19:36:51.689813
SMMR,23.23,23.43,23.48,1903100.0,2025300.0,9000.0,,0,0,0,0,0,0,0,0,0,0,0,0,0,0,0,0,0,0,0,0,0,0,0,0,142,2026-02-04 19:36:51.689813
ATMN,26.49,26.71,26.75,1714900.0,1699300.0,,10500.0,0,0,0,0,0,0,0,0,0,0,0,0,0,0,0,0,0,0,0,0,0,0,0,0,142,2026-02-04 19:36:51.689813
WNTR,26.41,26.41,26.49,1897900.0,1729300.0,24800.0,10700.0,0,0,0,0,0,0,0,0,0,0,0,0,0,0,0,0,0,0,0,0,0,0,0,0,142,2026-02-04 19:36:51.689813
SPNG,23.0,22.5,22.65,2152600.0,2414700.0,,,0,0,0,0,0,0,0,0,0,0,0,0,0,0,0,0,0,0,0,0,0,0,0,0,143,2026-02-04 19:36:52.734014
SMMR,23.23,23.43,23.46,1903100.0,2258100.0,3000.0,,0,0,0,0,0,0,0,0,0,0,0,0,0,0,0,0,0,0,0,0,0,0,0,0,143,2026-02-04 19:36:52.734014
ATMN,26.66,26.38,26.5,1735000.0,1933300.0,,10500.0,0,0,0,0,0,0,0,0,0,0,0,0,0,0,0,0,0,0,0,0,0,0,0,0,143,2026-02-04 19:36:52.734014
WNTR,26.41,26.25,26.35,1994600.0,1766600.0,24800.0,7700.0,0,0,0,0,0,0,0,0,0,0,0,0,0,0,0,0,0,0,0,0,0,0,0,0,143,2026-02-04 19:36:52.734014
SPNG,22.65,22.68,23.09,2483700.0,2376400.0,,,0,0,0,0,0,0,0,0,0,0,0,0,0,0,0,0,0,0,0,0,0,0,0,0,144,2026-02-04 19:36:53.783196
SMMR,23.29,23.29,23.41,1885000.0,2289400.0,3000.0,,0,0,0,0,0,0,0,0,0,0,0,0,0,0,0,0,0,0,0,0,0,0,0,0,144,2026-02-04 19:36:53.783196
ATMN,26.69,26.52,26.69,1747300.0,1967500.0,,10500.0,0,0,0,0,0,0,0,0,0,0,0,0,0,0,0,0,0,0,0,0,0,0,0,0,144,2026-02-04 19:36:53.783196
WNTR,26.23,26.19,26.23,1936000.0,1625200.0,29800.0,2700.0,0,0,0,0,0,0,0,0,0,0,0,0,0,0,0,0,0,0,0,0,0,0,0,0,144,2026-02-04 19:36:53.783196
SPNG,22.63,22.63,23.19,2661900.0,2413100.0,,,0,0,0,0,0,0,0,0,0,0,0,0,0,0,0,0,0,0,0,0,0,0,0,0,145,2026-02-04 19:36:54.831873
SMMR,23.29,23.29,23.41,1782400.0,2291700.0,3000.0,,0,0,0,0,0,0,0,0,0,0,0,0,0,0,0,0,0,0,0,0,0,0,0,0,145,2026-02-04 19:36:54.831873
ATMN,26.52,26.52,26.78,1747300.0,1837400.0,,10500.0,0,0,0,0,0,0,0,0,0,0,0,0,0,0,0,0,0,0,0,0,0,0,0,0,145,2026-02-04 19:36:54.831873
WNTR,26.18,26.18,26.23,2002300.0,1625200.0,30500.0,,0,0,0,0,0,0,0,0,0,0,0,0,0,0,0,0,0,0,0,0,0,0,0,0,145,2026-02-04 19:36:54.831873
SPNG,22.63,22.63,23.19,2819400.0,2413100.0,,,0,0,0,0,0,0,0,0,0,0,0,0,0,0,0,0,0,0,0,0,0,0,0,0,146,2026-02-04 19:36:55.364156
SMMR,23.29,23.29,23.41,2041500.0,2291700.0,3000.0,,0,0,0,0,0,0,0,0,0,0,0,0,0,0,0,0,0,0,0,0,0,0,0,0,146,2026-02-04 19:36:55.364156
ATMN,26.38,26.38,26.78,1735000.0,1837400.0,,10500.0,0,0,0,0,0,0,0,0,0,0,0,0,0,0,0,0,0,0,0,0,0,0,0,0,146,2026-02-04 19:36:55.364156
WNTR,26.35,26.21,26.35,2130400.0,1603600.0,29800.0,,0,0,0,0,0,0,0,0,0,0,0,0,0,0,0,0,0,0,0,0,0,0,0,0,146,2026-02-04 19:36:55.364156
SPNG,22.63,22.63,23.24,2819400.0,2418300.0,,,0,0,0,0,0,0,0,0,0,0,0,0,0,0,0,0,0,0,0,0,0,0,0,0,147,2026-02-04 19:36:56.458119
SMMR,23.33,23.29,23.33,1927700.0,2322900.0,700.0,3000.0,0,0,0,0,0,0,0,0,0,0,0,0,0,0,0,0,0,0,0,0,0,0,0,0,147,2026-02-04 19:36:56.458119
ATMN,26.38,26.38,26.78,1722800.0,1837400.0,10500.0,,0,0,0,0,0,0,0,0,0,0,0,0,0,0,0,0,0,0,0,0,0,0,0,0,147,2026-02-04 19:36:56.458119
WNTR,26.35,26.21,26.35,2207100.0,1603600.0,2000.0,29800.0,0,0,0,0,0,0,0,0,0,0,0,0,0,0,0,0,0,0,0,0,0,0,0,0,147,2026-02-04 19:36:56.458119
SPNG,22.51,22.6,23.24,2972800.0,2418300.0,,,0,0,0,0,0,0,0,0,0,0,0,0,0,0,0,0,0,0,0,0,0,0,0,0,148,2026-02-04 19:36:57.572176
SMMR,23.27,23.21,23.24,1953500.0,2326100.0,3000.0,,0,0,0,0,0,0,0,0,0,0,0,0,0,0,0,0,0,0,0,0,0,0,0,0,148,2026-02-04 19:36:57.572176
ATMN,26.92,26.46,26.92,1725100.0,1828100.0,,10500.0,0,0,0,0,0,0,0,0,0,0,0,0,0,0,0,0,0,0,0,0,0,0,0,0,148,2026-02-04 19:36:57.572176
WNTR,26.23,26.21,26.23,2217500.0,1621500.0,29800.0,2000.0,0,0,0,0,0,0,0,0,0,0,0,0,0,0,0,0,0,0,0,0,0,0,0,0,148,2026-02-04 19:36:57.572176
SPNG,23.3,22.97,23.3,2889700.0,2368000.0,,,0,0,0,0,0,0,0,0,0,0,0,0,0,0,0,0,0,0,0,0,0,0,0,0,149,2026-02-04 19:36:58.617110
SMMR,23.24,23.29,23.33,2371200.0,2322900.0,3000.0,,0,0,0,0,0,0,0,0,0,0,0,0,0,0,0,0,0,0,0,0,0,0,0,0,149,2026-02-04 19:36:58.617110
ATMN,26.46,26.46,26.68,1725100.0,1956500.0,,10500.0,0,0,0,0,0,0,0,0,0,0,0,0,0,0,0,0,0,0,0,0,0,0,0,0,149,2026-02-04 19:36:58.617110
WNTR,26.18,26.18,26.22,2214900.0,1603000.0,28500.0,,0,0,0,0,0,0,0,0,0,0,0,0,0,0,0,0,0,0,0,0,0,0,0,0,149,2026-02-04 19:36:58.617110
SPNG,23.3,22.97,23.26,2889700.0,2400700.0,,,0,0,0,0,0,0,0,0,0,0,0,0,0,0,0,0,0,0,0,0,0,0,0,0,150,2026-02-04 19:36:59.668959
SMMR,23.24,23.29,23.33,2658400.0,2322000.0,3000.0,,0,0,0,0,0,0,0,0,0,0,0,0,0,0,0,0,0,0,0,0,0,0,0,0,150,2026-02-04 19:36:59.668959
ATMN,26.41,26.38,26.41,1734500.0,1962900.0,,10500.0,0,0,0,0,0,0,0,0,0,0,0,0,0,0,0,0,0,0,0,0,0,0,0,0,150,2026-02-04 19:36:59.668959
WNTR,26.22,26.18,26.22,2214900.0,1633000.0,28500.0,2000.0,0,0,0,0,0,0,0,0,0,0,0,0,0,0,0,0,0,0,0,0,0,0,0,0,150,2026-02-04 19:36:59.668959
SPNG,22.76,23.03,23.26,2896100.0,2412000.0,,,0,0,0,0,0,0,0,0,0,0,0,0,0,0,0,0,0,0,0,0,0,0,0,0,151,2026-02-04 19:37:00.710119
SMMR,23.41,23.29,23.38,2626900.0,2329000.0,3000.0,,0,0,0,0,0,0,0,0,0,0,0,0,0,0,0,0,0,0,0,0,0,0,0,0,151,2026-02-04 19:37:00.710119
ATMN,26.46,26.47,26.68,1731300.0,1956500.0,,10500.0,0,0,0,0,0,0,0,0,0,0,0,0,0,0,0,0,0,0,0,0,0,0,0,0,151,2026-02-04 19:37:00.710119
WNTR,26.17,26.2,26.35,2215900.0,1640400.0,29800.0,700.0,0,0,0,0,0,0,0,0,0,0,0,0,0,0,0,0,0,0,0,0,0,0,0,0,151,2026-02-04 19:37:00.710119
SPNG,23.03,23.03,23.23,2896100.0,2434000.0,,,0,0,0,0,0,0,0,0,0,0,0,0,0,0,0,0,0,0,0,0,0,0,0,0,152,2026-02-04 19:37:01.772262
SMMR,23.38,23.29,23.38,2548500.0,2329000.0,3000.0,,0,0,0,0,0,0,0,0,0,0,0,0,0,0,0,0,0,0,0,0,0,0,0,0,152,2026-02-04 19:37:01.772262
ATMN,26.46,26.53,26.68,1703800.0,1981400.0,,10500.0,0,0,0,0,0,0,0,0,0,0,0,0,0,0,0,0,0,0,0,0,0,0,0,0,152,2026-02-04 19:37:01.772262
WNTR,26.37,26.2,26.37,2109100.0,1858100.0,21800.0,10700.0,0,0,0,0,0,0,0,0,0,0,0,0,0,0,0,0,0,0,0,0,0,0,0,0,152,2026-02-04 19:37:01.772262
SPNG,23.03,23.03,23.07,2882100.0,2407900.0,,,0,0,0,0,0,0,0,0,0,0,0,0,0,0,0,0,0,0,0,0,0,0,0,0,153,2026-02-04 19:37:02.827660
SMMR,23.46,23.33,23.46,2520500.0,2289300.0,3000.0,,0,0,0,0,0,0,0,0,0,0,0,0,0,0,0,0,0,0,0,0,0,0,0,0,153,2026-02-04 19:37:02.827660
ATMN,26.38,26.38,26.63,1734500.0,1958600.0,,10500.0,0,0,0,0,0,0,0,0,0,0,0,0,0,0,0,0,0,0,0,0,0,0,0,0,153,2026-02-04 19:37:02.827660
WNTR,26.37,26.2,26.37,2109100.0,1885100.0,21800.0,10700.0,0,0,0,0,0,0,0,0,0,0,0,0,0,0,0,0,0,0,0,0,0,0,0,0,153,2026-02-04 19:37:02.827660
SPNG,23.07,22.6,23.07,2804000.0,2407900.0,,,0,0,0,0,0,0,0,0,0,0,0,0,0,0,0,0,0,0,0,0,0,0,0,0,154,2026-02-04 19:37:03.881877
SMMR,23.46,23.33,23.41,2520500.0,2315000.0,3000.0,,0,0,0,0,0,0,0,0,0,0,0,0,0,0,0,0,0,0,0,0,0,0,0,0,154,2026-02-04 19:37:03.881877
ATMN,26.53,26.38,26.53,1734500.0,2000500.0,,10500.0,0,0,0,0,0,0,0,0,0,0,0,0,0,0,0,0,0,0,0,0,0,0,0,0,154,2026-02-04 19:37:03.881877
WNTR,26.28,26.31,26.37,2048100.0,1885100.0,21800.0,10700.0,0,0,0,0,0,0,0,0,0,0,0,0,0,0,0,0,0,0,0,0,0,0,0,0,154,2026-02-04 19:37:03.881877
SPNG,23.23,22.6,23.23,2762300.0,2411500.0,,,0,0,0,0,0,0,0,0,0,0,0,0,0,0,0,0,0,0,0,0,0,0,0,0,155,2026-02-04 19:37:04.423738
SMMR,23.41,23.29,23.41,2502100.0,2315000.0,3000.0,,0,0,0,0,0,0,0,0,0,0,0,0,0,0,0,0,0,0,0,0,0,0,0,0,155,2026-02-04 19:37:04.423738
ATMN,26.45,26.45,26.53,1742100.0,2000500.0,,10500.0,0,0,0,0,0,0,0,0,0,0,0,0,0,0,0,0,0,0,0,0,0,0,0,0,155,2026-02-04 19:37:04.423738
WNTR,26.37,26.2,26.37,2083300.0,1855500.0,21800.0,10700.0,0,0,0,0,0,0,0,0,0,0,0,0,0,0,0,0,0,0,0,0,0,0,0,0,155,2026-02-04 19:37:04.423738
SPNG,22.96,22.6,22.93,2732500.0,2392700.0,,,0,0,0,0,0,0,0,0,0,0,0,0,0,0,0,0,0,0,0,0,0,0,0,0,156,2026-02-04 19:37:05.483133
SMMR,23.46,23.27,23.46,2509900.0,2289300.0,3000.0,,0,0,0,0,0,0,0,0,0,0,0,0,0,0,0,0,0,0,0,0,0,0,0,0,156,2026-02-04 19:37:05.483133
ATMN,26.31,26.31,26.53,1705800.0,2000500.0,,10500.0,0,0,0,0,0,0,0,0,0,0,0,0,0,0,0,0,0,0,0,0,0,0,0,0,156,2026-02-04 19:37:05.483133
WNTR,26.37,26.21,26.36,2074400.0,1977400.0,19800.0,10700.0,0,0,0,0,0,0,0,0,0,0,0,0,0,0,0,0,0,0,0,0,0,0,0,0,156,2026-02-04 19:37:05.483133
SPNG,22.93,23.21,23.23,2630400.0,2411500.0,,,0,0,0,0,0,0,0,0,0,0,0,0,0,0,0,0,0,0,0,0,0,0,0,0,157,2026-02-04 19:37:06.557682
SMMR,23.37,23.37,23.48,2521300.0,2277000.0,3000.0,,0,0,0,0,0,0,0,0,0,0,0,0,0,0,0,0,0,0,0,0,0,0,0,0,157,2026-02-04 19:37:06.557682
ATMN,26.63,26.52,26.63,1733600.0,1976800.0,,10500.0,0,0,0,0,0,0,0,0,0,0,0,0,0,0,0,0,0,0,0,0,0,0,0,0,157,2026-02-04 19:37:06.557682
WNTR,26.21,26.21,26.32,2074400.0,1981100.0,19800.0,10700.0,0,0,0,0,0,0,0,0,0,0,0,0,0,0,0,0,0,0,0,0,0,0,0,0,157,2026-02-04 19:37:06.557682
SPNG,22.64,22.75,23.23,2697600.0,2411500.0,,,0,0,0,0,0,0,0,0,0,0,0,0,0,0,0,0,0,0,0,0,0,0,0,0,158,2026-02-04 19:37:07.643207
SMMR,23.27,23.32,23.48,2481700.0,2152000.0,3700.0,,0,0,0,0,0,0,0,0,0,0,0,0,0,0,0,0,0,0,0,0,0,0,0,0,158,2026-02-04 19:37:07.643207
ATMN,26.52,26.52,26.55,1733600.0,2001900.0,,10500.0,0,0,0,0,0,0,0,0,0,0,0,0,0,0,0,0,0,0,0,0,0,0,0,0,158,2026-02-04 19:37:07.643207
WNTR,26.17,26.16,26.17,2329700.0,1884800.0,29800.0,,0,0,0,0,0,0,0,0,0,0,0,0,0,0,0,0,0,0,0,0,0,0,0,0,158,2026-02-04 19:37:07.643207
SPNG,22.96,23.21,23.23,2649600.0,2411500.0,,,0,0,0,0,0,0,0,0,0,0,0,0,0,0,0,0,0,0,0,0,0,0,0,0,159,2026-02-04 19:37:08.696450
SMMR,23.27,23.32,23.36,2496800.0,2163500.0,3700.0,,0,0,0,0,0,0,0,0,0,0,0,0,0,0,0,0,0,0,0,0,0,0,0,0,159,2026-02-04 19:37:08.696450
ATMN,26.52,26.52,26.55,1733600.0,2042700.0,,10500.0,0,0,0,0,0,0,0,0,0,0,0,0,0,0,0,0,0,0,0,0,0,0,0,0,159,2026-02-04 19:37:08.696450
WNTR,26.17,26.16,26.17,2310700.0,1872100.0,29800.0,,0,0,0,0,0,0,0,0,0,0,0,0,0,0,0,0,0,0,0,0,0,0,0,0,159,2026-02-04 19:37:08.696450
SPNG,22.9,23.16,23.23,2625500.0,2375900.0,,,0,0,0,0,0,0,0,0,0,0,0,0,0,0,0,0,0,0,0,0,0,0,0,0,160,2026-02-04 19:37:09.757082
SMMR,23.4,23.27,23.4,2438000.0,2175700.0,3700.0,,0,0,0,0,0,0,0,0,0,0,0,0,0,0,0,0,0,0,0,0,0,0,0,0,160,2026-02-04 19:37:09.757082
ATMN,26.31,26.31,26.55,1693200.0,2024900.0,,10500.0,0,0,0,0,0,0,0,0,0,0,0,0,0,0,0,0,0,0,0,0,0,0,0,0,160,2026-02-04 19:37:09.757082
WNTR,26.16,26.16,26.17,2319800.0,1872100.0,29800.0,,0,0,0,0,0,0,0,0,0,0,0,0,0,0,0,0,0,0,0,0,0,0,0,0,160,2026-02-04 19:37:09.757082
SPNG,22.75,22.75,23.23,2665700.0,2375900.0,,,0,0,0,0,0,0,0,0,0,0,0,0,0,0,0,0,0,0,0,0,0,0,0,0,161,2026-02-04 19:37:10.853144
SMMR,23.26,23.26,23.51,2441100.0,2139100.0,6000.0,,0,0,0,0,0,0,0,0,0,0,0,0,0,0,0,0,0,0,0,0,0,0,0,0,161,2026-02-04 19:37:10.853144
ATMN,26.71,26.61,26.71,1731700.0,2015100.0,,10500.0,0,0,0,0,0,0,0,0,0,0,0,0,0,0,0,0,0,0,0,0,0,0,0,0,161,2026-02-04 19:37:10.853144
WNTR,26.17,26.17,26.19,2236400.0,1989000.0,19800.0,700.0,0,0,0,0,0,0,0,0,0,0,0,0,0,0,0,0,0,0,0,0,0,0,0,0,161,2026-02-04 19:37:10.853144
SPNG,22.75,22.64,22.71,2620200.0,2377200.0,,,0,0,0,0,0,0,0,0,0,0,0,0,0,0,0,0,0,0,0,0,0,0,0,0,162,2026-02-04 19:37:11.931329
SMMR,23.29,23.26,23.29,2422000.0,2278100.0,3000.0,,0,0,0,0,0,0,0,0,0,0,0,0,0,0,0,0,0,0,0,0,0,0,0,0,162,2026-02-04 19:37:11.931329
ATMN,26.67,26.67,26.71,1785900.0,2015100.0,,7500.0,0,0,0,0,0,0,0,0,0,0,0,0,0,0,0,0,0,0,0,0,0,0,0,0,162,2026-02-04 19:37:11.931329
WNTR,26.13,26.13,26.19,2399400.0,1835700.0,20500.0,,0,0,0,0,0,0,0,0,0,0,0,0,0,0,0,0,0,0,0,0,0,0,0,0,162,2026-02-04 19:37:11.931329
SPNG,22.92,22.64,22.84,2620200.0,2397500.0,,,0,0,0,0,0,0,0,0,0,0,0,0,0,0,0,0,0,0,0,0,0,0,0,0,163,2026-02-04 19:37:12.476929
SMMR,23.25,23.25,23.29,2483300.0,2275600.0,3000.0,,0,0,0,0,0,0,0,0,0,0,0,0,0,0,0,0,0,0,0,0,0,0,0,0,163,2026-02-04 19:37:12.476929
ATMN,26.82,26.67,26.82,1785900.0,2006400.0,,7500.0,0,0,0,0,0,0,0,0,0,0,0,0,0,0,0,0,0,0,0,0,0,0,0,0,163,2026-02-04 19:37:12.476929
WNTR,26.13,26.13,26.19,2361800.0,1835700.0,20500.0,,0,0,0,0,0,0,0,0,0,0,0,0,0,0,0,0,0,0,0,0,0,0,0,0,163,2026-02-04 19:37:12.476929
SPNG,23.23,22.64,23.23,2593600.0,2380900.0,,,0,0,0,0,0,0,0,0,0,0,0,0,0,0,0,0,0,0,0,0,0,0,0,0,164,2026-02-04 19:37:13.534055
SMMR,23.29,23.34,23.38,2439800.0,2255200.0,3000.0,,0,0,0,0,0,0,0,0,0,0,0,0,0,0,0,0,0,0,0,0,0,0,0,0,164,2026-02-04 19:37:13.534055
ATMN,26.82,26.67,26.82,1785900.0,2027300.0,,7500.0,0,0,0,0,0,0,0,0,0,0,0,0,0,0,0,0,0,0,0,0,0,0,0,0,164,2026-02-04 19:37:13.534055
WNTR,26.19,26.25,26.28,2334200.0,1936900.0,19800.0,,0,0,0,0,0,0,0,0,0,0,0,0,0,0,0,0,0,0,0,0,0,0,0,0,164,2026-02-04 19:37:13.534055
SPNG,23.23,22.64,22.66,2596900.0,2359300.0,,,0,0,0,0,0,0,0,0,0,0,0,0,0,0,0,0,0,0,0,0,0,0,0,0,165,2026-02-04 19:37:14.588264
SMMR,23.25,23.35,23.38,2435700.0,2255200.0,3000.0,,0,0,0,0,0,0,0,0,0,0,0,0,0,0,0,0,0,0,0,0,0,0,0,0,165,2026-02-04 19:37:14.588264
ATMN,26.82,26.67,26.82,1785900.0,2026800.0,,7500.0,0,0,0,0,0,0,0,0,0,0,0,0,0,0,0,0,0,0,0,0,0,0,0,0,165,2026-02-04 19:37:14.588264
WNTR,26.13,26.13,26.28,2333900.0,1931400.0,19800.0,,0,0,0,0,0,0,0,0,0,0,0,0,0,0,0,0,0,0,0,0,0,0,0,0,165,2026-02-04 19:37:14.588264
SPNG,22.66,22.77,23.23,2562400.0,2380900.0,,,0,0,0,0,0,0,0,0,0,0,0,0,0,0,0,0,0,0,0,0,0,0,0,0,166,2026-02-04 19:37:15.660531
SMMR,23.35,23.35,23.37,2454500.0,2253600.0,3000.0,,0,0,0,0,0,0,0,0,0,0,0,0,0,0,0,0,0,0,0,0,0,0,0,0,166,2026-02-04 19:37:15.660531
ATMN,26.41,26.41,26.82,1721500.0,2026800.0,,10500.0,0,0,0,0,0,0,0,0,0,0,0,0,0,0,0,0,0,0,0,0,0,0,0,0,166,2026-02-04 19:37:15.660531
WNTR,26.11,26.16,26.28,2379200.0,1931400.0,19800.0,,0,0,0,0,0,0,0,0,0,0,0,0,0,0,0,0,0,0,0,0,0,0,0,0,166,2026-02-04 19:37:15.660531
SPNG,23.23,23.24,23.26,2550200.0,2380300.0,,,0,0,0,0,0,0,0,0,0,0,0,0,0,0,0,0,0,0,0,0,0,0,0,0,167,2026-02-04 19:37:16.715369
SMMR,23.34,23.34,23.37,2443000.0,2253600.0,3000.0,,0,0,0,0,0,0,0,0,0,0,0,0,0,0,0,0,0,0,0,0,0,0,0,0,167,2026-02-04 19:37:16.715369
ATMN,26.31,26.31,26.82,1705500.0,1997900.0,,10500.0,0,0,0,0,0,0,0,0,0,0,0,0,0,0,0,0,0,0,0,0,0,0,0,0,167,2026-02-04 19:37:16.715369
WNTR,26.1,26.1,26.22,2406400.0,1923900.0,19800.0,,0,0,0,0,0,0,0,0,0,0,0,0,0,0,0,0,0,0,0,0,0,0,0,0,167,2026-02-04 19:37:16.715369
SPNG,23.24,22.77,22.84,2569300.0,2381800.0,,,0,0,0,0,0,0,0,0,0,0,0,0,0,0,0,0,0,0,0,0,0,0,0,0,168,2026-02-04 19:37:17.782765
SMMR,23.22,23.22,23.3,2444600.0,2286700.0,3000.0,,0,0,0,0,0,0,0,0,0,0,0,0,0,0,0,0,0,0,0,0,0,0,0,0,168,2026-02-04 19:37:17.782765
ATMN,26.31,26.59,26.64,1701700.0,2011400.0,,10500.0,0,0,0,0,0,0,0,0,0,0,0,0,0,0,0,0,0,0,0,0,0,0,0,0,168,2026-02-04 19:37:17.782765
WNTR,26.1,26.1,26.22,2394800.0,1999800.0,19800.0,,0,0,0,0,0,0,0,0,0,0,0,0,0,0,0,0,0,0,0,0,0,0,0,0,168,2026-02-04 19:37:17.782765
SPNG,22.77,22.75,22.76,2606000.0,2384600.0,,,0,0,0,0,0,0,0,0,0,0,0,0,0,0,0,0,0,0,0,0,0,0,0,0,169,2026-02-04 19:37:18.834806
SMMR,23.3,23.3,23.37,2500400.0,2282000.0,3000.0,,0,0,0,0,0,0,0,0,0,0,0,0,0,0,0,0,0,0,0,0,0,0,0,0,169,2026-02-04 19:37:18.834806
ATMN,26.39,26.39,26.64,1684600.0,2011400.0,,10500.0,0,0,0,0,0,0,0,0,0,0,0,0,0,0,0,0,0,0,0,0,0,0,0,0,169,2026-02-04 19:37:18.834806
WNTR,26.1,26.1,26.24,2385500.0,2037000.0,19800.0,,0,0,0,0,0,0,0,0,0,0,0,0,0,0,0,0,0,0,0,0,0,0,0,0,169,2026-02-04 19:37:18.834806
SPNG,22.84,22.75,22.76,2606000.0,2322700.0,,,0,0,0,0,0,0,0,0,0,0,0,0,0,0,0,0,0,0,0,0,0,0,0,0,170,2026-02-04 19:37:19.884080
SMMR,23.32,23.36,23.37,2500700.0,2314000.0,3000.0,,0,0,0,0,0,0,0,0,0,0,0,0,0,0,0,0,0,0,0,0,0,0,0,0,170,2026-02-04 19:37:19.884080
ATMN,26.68,26.39,26.54,1684600.0,1962800.0,,10500.0,0,0,0,0,0,0,0,0,0,0,0,0,0,0,0,0,0,0,0,0,0,0,0,0,170,2026-02-04 19:37:19.884080
WNTR,26.12,26.1,26.12,2381500.0,2037000.0,19800.0,,0,0,0,0,0,0,0,0,0,0,0,0,0,0,0,0,0,0,0,0,0,0,0,0,170,2026-02-04 19:37:19.884080
SPNG,22.76,22.95,23.1,2570200.0,2353100.0,,,0,0,0,0,0,0,0,0,0,0,0,0,0,0,0,0,0,0,0,0,0,0,0,0,171,2026-02-04 19:37:20.924345
SMMR,23.32,23.33,23.37,2530000.0,2314000.0,3000.0,,0,0,0,0,0,0,0,0,0,0,0,0,0,0,0,0,0,0,0,0,0,0,0,0,171,2026-02-04 19:37:20.924345
ATMN,26.4,26.39,26.4,1684600.0,1981800.0,,10500.0,0,0,0,0,0,0,0,0,0,0,0,0,0,0,0,0,0,0,0,0,0,0,0,0,171,2026-02-04 19:37:20.924345
WNTR,26.12,26.21,26.24,2366700.0,1999200.0,19800.0,,0,0,0,0,0,0,0,0,0,0,0,0,0,0,0,0,0,0,0,0,0,0,0,0,171,2026-02-04 19:37:20.924345
SPNG,22.83,22.77,22.83,2589500.0,2360700.0,,,0,0,0,0,0,0,0,0,0,0,0,0,0,0,0,0,0,0,0,0,0,0,0,0,172,2026-02-04 19:37:21.960734
SMMR,23.38,23.4,23.46,2529500.0,2328400.0,3000.0,,0,0,0,0,0,0,0,0,0,0,0,0,0,0,0,0,0,0,0,0,0,0,0,0,172,2026-02-04 19:37:21.960734
ATMN,26.39,26.31,26.36,1705500.0,1996900.0,,10500.0,0,0,0,0,0,0,0,0,0,0,0,0,0,0,0,0,0,0,0,0,0,0,0,0,172,2026-02-04 19:37:21.960734
WNTR,26.12,26.21,26.22,2366700.0,1995200.0,19800.0,,0,0,0,0,0,0,0,0,0,0,0,0,0,0,0,0,0,0,0,0,0,0,0,0,172,2026-02-04 19:37:21.960734
SPNG,22.83,22.86,23.1,2594100.0,2353100.0,,,0,0,0,0,0,0,0,0,0,0,0,0,0,0,0,0,0,0,0,0,0,0,0,0,173,2026-02-04 19:37:22.506475
SMMR,23.4,23.33,23.36,2512600.0,2329500.0,3000.0,,0,0,0,0,0,0,0,0,0,0,0,0,0,0,0,0,0,0,0,0,0,0,0,0,173,2026-02-04 19:37:22.506475
ATMN,26.84,26.31,26.84,1705500.0,2002000.0,,10500.0,0,0,0,0,0,0,0,0,0,0,0,0,0,0,0,0,0,0,0,0,0,0,0,0,173,2026-02-04 19:37:22.506475
WNTR,26.16,26.2,26.22,2342900.0,1995200.0,19800.0,,0,0,0,0,0,0,0,0,0,0,0,0,0,0,0,0,0,0,0,0,0,0,0,0,173,2026-02-04 19:37:22.506475
SPNG,22.86,22.77,22.82,2576800.0,2355000.0,,,0,0,0,0,0,0,0,0,0,0,0,0,0,0,0,0,0,0,0,0,0,0,0,0,174,2026-02-04 19:37:23.543720
SMMR,23.27,23.27,23.36,2537000.0,2329500.0,3000.0,,0,0,0,0,0,0,0,0,0,0,0,0,0,0,0,0,0,0,0,0,0,0,0,0,174,2026-02-04 19:37:23.543720
ATMN,26.3,26.3,26.59,1698100.0,1997000.0,,10500.0,0,0,0,0,0,0,0,0,0,0,0,0,0,0,0,0,0,0,0,0,0,0,0,0,174,2026-02-04 19:37:23.543720
WNTR,26.1,26.1,26.22,2364700.0,1955700.0,19800.0,,0,0,0,0,0,0,0,0,0,0,0,0,0,0,0,0,0,0,0,0,0,0,0,0,174,2026-02-04 19:37:23.543720
SPNG,23.31,22.77,23.31,2576800.0,2364100.0,,,0,0,0,0,0,0,0,0,0,0,0,0,0,0,0,0,0,0,0,0,0,0,0,0,175,2026-02-04 19:37:24.577646
SMMR,23.36,23.27,23.36,2504400.0,2329500.0,3000.0,,0,0,0,0,0,0,0,0,0,0,0,0,0,0,0,0,0,0,0,0,0,0,0,0,175,2026-02-04 19:37:24.577646
ATMN,26.3,26.49,26.59,1724600.0,2030000.0,,10500.0,0,0,0,0,0,0,0,0,0,0,0,0,0,0,0,0,0,0,0,0,0,0,0,0,175,2026-02-04 19:37:24.577646
WNTR,26.12,26.19,26.21,2355000.0,1923000.0,19800.0,,0,0,0,0,0,0,0,0,0,0,0,0,0,0,0,0,0,0,0,0,0,0,0,0,175,2026-02-04 19:37:24.577646
SPNG,22.78,22.77,22.78,2576800.0,2335300.0,,,0,0,0,0,0,0,0,0,0,0,0,0,0,0,0,0,0,0,0,0,0,0,0,0,176,2026-02-04 19:37:25.625150
SMMR,23.25,23.25,23.34,2449300.0,2317900.0,3000.0,,0,0,0,0,0,0,0,0,0,0,0,0,0,0,0,0,0,0,0,0,0,0,0,0,176,2026-02-04 19:37:25.625150
ATMN,26.49,26.49,26.52,1724600.0,2016700.0,,10500.0,0,0,0,0,0,0,0,0,0,0,0,0,0,0,0,0,0,0,0,0,0,0,0,0,176,2026-02-04 19:37:25.625150
WNTR,26.1,26.06,26.07,2316700.0,1995300.0,15000.0,,0,0,0,0,0,0,0,0,0,0,0,0,0,0,0,0,0,0,0,0,0,0,0,0,176,2026-02-04 19:37:25.625150
SPNG,22.78,23.05,23.31,2528700.0,2364100.0,,,0,0,0,0,0,0,0,0,0,0,0,0,0,0,0,0,0,0,0,0,0,0,0,0,177,2026-02-04 19:37:26.667457
SMMR,23.36,23.36,23.46,2449900.0,2321000.0,3000.0,,0,0,0,0,0,0,0,0,0,0,0,0,0,0,0,0,0,0,0,0,0,0,0,0,177,2026-02-04 19:37:26.667457
ATMN,26.3,26.3,26.52,1717500.0,2050700.0,,10500.0,0,0,0,0,0,0,0,0,0,0,0,0,0,0,0,0,0,0,0,0,0,0,0,0,177,2026-02-04 19:37:26.667457
WNTR,26.05,26.05,26.07,2309700.0,1995300.0,15000.0,,0,0,0,0,0,0,0,0,0,0,0,0,0,0,0,0,0,0,0,0,0,0,0,0,177,2026-02-04 19:37:26.667457
SPNG,23.05,22.77,23.02,2564000.0,2356100.0,,,0,0,0,0,0,0,0,0,0,0,0,0,0,0,0,0,0,0,0,0,0,0,0,0,178,2026-02-04 19:37:27.714733
SMMR,23.46,23.36,23.39,2449900.0,2317900.0,3000.0,,0,0,0,0,0,0,0,0,0,0,0,0,0,0,0,0,0,0,0,0,0,0,0,0,178,2026-02-04 19:37:27.714733
ATMN,26.24,26.47,26.52,1732800.0,2050700.0,,10500.0,0,0,0,0,0,0,0,0,0,0,0,0,0,0,0,0,0,0,0,0,0,0,0,0,178,2026-02-04 19:37:27.714733
WNTR,26.04,26.04,26.07,2292400.0,2108800.0,10000.0,,0,0,0,0,0,0,0,0,0,0,0,0,0,0,0,0,0,0,0,0,0,0,0,0,178,2026-02-04 19:37:27.714733
SPNG,23.02,23.16,23.31,2513400.0,2351500.0,,,0,0,0,0,0,0,0,0,0,0,0,0,0,0,0,0,0,0,0,0,0,0,0,0,179,2026-02-04 19:37:28.756317
SMMR,23.46,23.36,23.38,2449900.0,2294700.0,3000.0,,0,0,0,0,0,0,0,0,0,0,0,0,0,0,0,0,0,0,0,0,0,0,0,0,179,2026-02-04 19:37:28.756317
ATMN,26.47,26.47,26.59,1763900.0,2041600.0,,10500.0,0,0,0,0,0,0,0,0,0,0,0,0,0,0,0,0,0,0,0,0,0,0,0,0,179,2026-02-04 19:37:28.756317
WNTR,26.19,26.04,26.19,2292400.0,2293600.0,,,0,0,0,0,0,0,0,0,0,0,0,0,0,0,0,0,0,0,0,0,0,0,0,0,179,2026-02-04 19:37:28.756317
SPNG,23.16,25.69,0.0,200000.0,,,,0,0,0,0,0,0,0,0,0,0,0,0,0,0,0,0,0,0,0,0,0,0,0,0,180,2026-02-04 19:37:29.811997
SMMR,24.48,25.58,0.0,200000.0,,,,0,0,0,0,0,0,0,0,0,0,0,0,0,0,0,0,0,0,0,0,0,0,0,0,180,2026-02-04 19:37:29.811997
ATMN,26.45,26.86,27.38,841900.0,13500.0,708800.0,,0,0,0,0,0,0,0,0,0,0,0,0,0,0,0,0,0,0,0,0,0,0,0,0,180,2026-02-04 19:37:29.811997
WNTR,26.03,25.29,26.49,951400.0,3000.0,882400.0,29700.0,0,0,0,0,0,0,0,0,0,0,0,0,0,0,0,0,0,0,0,0,0,0,0,0,180,2026-02-04 19:37:29.811997
SPNG,25.87,25.69,25.87,990100.0,1800.0,905700.0,,0,0,0,0,0,0,0,0,0,0,0,0,0,0,0,0,0,0,0,0,0,0,0,0,181,2026-02-04 19:37:30.855065
SMMR,25.26,25.21,25.26,1005400.0,3000.0,895300.0,,0,0,0,0,0,0,0,0,0,0,0,0,0,0,0,0,0,0,0,0,0,0,0,0,181,2026-02-04 19:37:30.855065
ATMN,26.86,26.4,26.44,909300.0,16500.0,896500.0,,0,0,0,0,0,0,0,0,0,0,0,0,0,0,0,0,0,0,0,0,0,0,0,0,181,2026-02-04 19:37:30.855065
WNTR,25.29,25.17,25.19,1007900.0,,1117400.0,32700.0,0,0,0,0,0,0,0,0,0,0,0,0,0,0,0,0,0,0,0,0,0,0,0,0,181,2026-02-04 19:37:30.855065
SPNG,25.69,25.69,26.22,990100.0,1800.0,883500.0,,0,0,0,0,0,0,0,0,0,0,0,0,0,0,0,0,0,0,0,0,0,0,0,0,182,2026-02-04 19:37:31.900427
SMMR,25.45,25.61,25.65,1218700.0,3000.0,1139800.0,3000.0,0,0,0,0,0,0,0,0,0,0,0,0,0,0,0,0,0,0,0,0,0,0,0,0,182,2026-02-04 19:37:31.900427
ATMN,25.46,25.75,26.44,887200.0,,1006000.0,,0,0,0,0,0,0,0,0,0,0,0,0,0,0,0,0,0,0,0,0,0,0,0,0,182,2026-02-04 19:37:31.900427
WNTR,25.39,25.17,25.19,1254800.0,,1000400.0,35700.0,0,0,0,0,0,0,0,0,0,0,0,0,0,0,0,0,0,0,0,0,0,0,0,0,182,2026-02-04 19:37:31.900427
SPNG,25.69,25.23,25.63,1133600.0,1001700.0,,,0,0,0,0,0,0,0,0,0,0,0,0,0,0,0,0,0,0,0,0,0,0,0,0,183,2026-02-04 19:37:32.942111
SMMR,25.41,25.41,25.65,1115700.0,1361000.0,3000.0,3000.0,0,0,0,0,0,0,0,0,0,0,0,0,0,0,0,0,0,0,0,0,0,0,0,0,183,2026-02-04 19:37:32.942111
ATMN,25.46,25.75,25.96,887200.0,1294600.0,,,0,0,0,0,0,0,0,0,0,0,0,0,0,0,0,0,0,0,0,0,0,0,0,0,183,2026-02-04 19:37:32.942111
WNTR,25.19,25.31,25.39,1732800.0,1000400.0,3000.0,32700.0,0,0,0,0,0,0,0,0,0,0,0,0,0,0,0,0,0,0,0,0,0,0,0,0,183,2026-02-04 19:37:32.942111
SPNG,25.23,25.23,26.14,1273500.0,976300.0,,,0,0,0,0,0,0,0,0,0,0,0,0,0,0,0,0,0,0,0,0,0,0,0,0,184,2026-02-04 19:37:34.006833
SMMR,25.41,25.54,25.65,1545300.0,1361000.0,3000.0,3000.0,0,0,0,0,0,0,0,0,0,0,0,0,0,0,0,0,0,0,0,0,0,0,0,0,184,2026-02-04 19:37:34.006833
ATMN,25.46,25.46,25.96,942300.0,1466100.0,,,0,0,0,0,0,0,0,0,0,0,0,0,0,0,0,0,0,0,0,0,0,0,0,0,184,2026-02-04 19:37:34.006833
WNTR,25.39,25.31,25.39,1732800.0,1138400.0,3000.0,32700.0,0,0,0,0,0,0,0,0,0,0,0,0,0,0,0,0,0,0,0,0,0,0,0,0,184,2026-02-04 19:37:34.006833
SPNG,26.22,25.65,26.22,1374100.0,883500.0,,,0,0,0,0,0,0,0,0,0,0,0,0,0,0,0,0,0,0,0,0,0,0,0,0,185,2026-02-04 19:37:34.604889
SMMR,25.41,25.54,25.65,1660700.0,1475500.0,3000.0,3000.0,0,0,0,0,0,0,0,0,0,0,0,0,0,0,0,0,0,0,0,0,0,0,0,0,185,2026-02-04 19:37:34.604889
ATMN,25.46,25.46,25.73,942300.0,1654700.0,,,0,0,0,0,0,0,0,0,0,0,0,0,0,0,0,0,0,0,0,0,0,0,0,0,185,2026-02-04 19:37:34.604889
WNTR,25.39,25.31,25.39,1973700.0,1138400.0,3000.0,32700.0,0,0,0,0,0,0,0,0,0,0,0,0,0,0,0,0,0,0,0,0,0,0,0,0,185,2026-02-04 19:37:34.604889
SPNG,26.22,25.65,26.22,1374100.0,1238800.0,,,0,0,0,0,0,0,0,0,0,0,0,0,0,0,0,0,0,0,0,0,0,0,0,0,186,2026-02-04 19:37:35.647867
SMMR,25.41,25.54,25.6,1766700.0,1819000.0,3000.0,3000.0,0,0,0,0,0,0,0,0,0,0,0,0,0,0,0,0,0,0,0,0,0,0,0,0,186,2026-02-04 19:37:35.647867
ATMN,25.46,25.46,25.65,992000.0,1855000.0,,,0,0,0,0,0,0,0,0,0,0,0,0,0,0,0,0,0,0,0,0,0,0,0,0,186,2026-02-04 19:37:35.647867
WNTR,25.35,25.35,25.39,2231400.0,1272500.0,3000.0,32700.0,0,0,0,0,0,0,0,0,0,0,0,0,0,0,0,0,0,0,0,0,0,0,0,0,186,2026-02-04 19:37:35.647867
SPNG,26.22,25.65,26.15,1374100.0,1540300.0,,,0,0,0,0,0,0,0,0,0,0,0,0,0,0,0,0,0,0,0,0,0,0,0,0,187,2026-02-04 19:37:36.709092
SMMR,25.6,25.54,25.6,2101800.0,1819000.0,3000.0,3000.0,0,0,0,0,0,0,0,0,0,0,0,0,0,0,0,0,0,0,0,0,0,0,0,0,187,2026-02-04 19:37:36.709092
ATMN,25.24,25.57,25.65,1271500.0,1855100.0,,,0,0,0,0,0,0,0,0,0,0,0,0,0,0,0,0,0,0,0,0,0,0,0,0,187,2026-02-04 19:37:36.709092
WNTR,25.31,25.33,25.36,2243300.0,1376400.0,3000.0,32700.0,0,0,0,0,0,0,0,0,0,0,0,0,0,0,0,0,0,0,0,0,0,0,0,0,187,2026-02-04 19:37:36.709092
SPNG,25.65,25.23,25.29,1370300.0,1784100.0,,,0,0,0,0,0,0,0,0,0,0,0,0,0,0,0,0,0,0,0,0,0,0,0,0,188,2026-02-04 19:37:37.758244
SMMR,25.72,25.54,25.72,2101800.0,1808300.0,3000.0,3000.0,0,0,0,0,0,0,0,0,0,0,0,0,0,0,0,0,0,0,0,0,0,0,0,0,188,2026-02-04 19:37:37.758244
ATMN,24.95,25.32,25.34,1279000.0,1900200.0,,,0,0,0,0,0,0,0,0,0,0,0,0,0,0,0,0,0,0,0,0,0,0,0,0,188,2026-02-04 19:37:37.758244
WNTR,25.36,25.38,25.39,2353600.0,1360100.0,3000.0,32700.0,0,0,0,0,0,0,0,0,0,0,0,0,0,0,0,0,0,0,0,0,0,0,0,0,188,2026-02-04 19:37:37.758244
SPNG,25.77,25.33,25.77,1496900.0,1778700.0,,,0,0,0,0,0,0,0,0,0,0,0,0,0,0,0,0,0,0,0,0,0,0,0,0,189,2026-02-04 19:37:38.800887
SMMR,25.6,25.62,25.72,2089800.0,1808300.0,3000.0,3000.0,0,0,0,0,0,0,0,0,0,0,0,0,0,0,0,0,0,0,0,0,0,0,0,0,189,2026-02-04 19:37:38.800887
ATMN,25.32,25.32,25.34,1368300.0,1949100.0,,,0,0,0,0,0,0,0,0,0,0,0,0,0,0,0,0,0,0,0,0,0,0,0,0,189,2026-02-04 19:37:38.800887
WNTR,25.33,25.31,25.33,2319000.0,1422700.0,3000.0,32700.0,0,0,0,0,0,0,0,0,0,0,0,0,0,0,0,0,0,0,0,0,0,0,0,0,189,2026-02-04 19:37:38.800887
SPNG,26.15,25.33,25.8,1496900.0,1875400.0,,,0,0,0,0,0,0,0,0,0,0,0,0,0,0,0,0,0,0,0,0,0,0,0,0,190,2026-02-04 19:37:39.962393
SMMR,25.65,25.57,25.65,2091100.0,1902600.0,3000.0,3000.0,0,0,0,0,0,0,0,0,0,0,0,0,0,0,0,0,0,0,0,0,0,0,0,0,190,2026-02-04 19:37:39.962393
ATMN,25.49,25.32,25.49,1493400.0,1910800.0,,,0,0,0,0,0,0,0,0,0,0,0,0,0,0,0,0,0,0,0,0,0,0,0,0,190,2026-02-04 19:37:39.962393
WNTR,25.39,25.25,25.39,2460500.0,1397900.0,,32700.0,0,0,0,0,0,0,0,0,0,0,0,0,0,0,0,0,0,0,0,0,0,0,0,0,190,2026-02-04 19:37:39.962393
SPNG,26.15,25.55,25.57,1733000.0,2130400.0,,,0,0,0,0,0,0,0,0,0,0,0,0,0,0,0,0,0,0,0,0,0,0,0,0,191,2026-02-04 19:37:41.006965
SMMR,25.65,25.57,25.61,2096700.0,2120500.0,3000.0,3000.0,0,0,0,0,0,0,0,0,0,0,0,0,0,0,0,0,0,0,0,0,0,0,0,0,191,2026-02-04 19:37:41.006965
ATMN,25.5,25.32,25.34,1493400.0,1907200.0,,,0,0,0,0,0,0,0,0,0,0,0,0,0,0,0,0,0,0,0,0,0,0,0,0,191,2026-02-04 19:37:41.006965
WNTR,25.25,25.26,25.39,2454100.0,1397900.0,,32700.0,0,0,0,0,0,0,0,0,0,0,0,0,0,0,0,0,0,0,0,0,0,0,0,0,191,2026-02-04 19:37:41.006965
SPNG,25.57,25.55,25.57,1952000.0,2130400.0,,,0,0,0,0,0,0,0,0,0,0,0,0,0,0,0,0,0,0,0,0,0,0,0,0,192,2026-02-04 19:37:42.053182
SMMR,25.55,25.54,25.55,2093600.0,2130200.0,3000.0,3000.0,0,0,0,0,0,0,0,0,0,0,0,0,0,0,0,0,0,0,0,0,0,0,0,0,192,2026-02-04 19:37:42.053182
ATMN,25.79,25.24,25.79,1478700.0,1744300.0,,,0,0,0,0,0,0,0,0,0,0,0,0,0,0,0,0,0,0,0,0,0,0,0,0,192,2026-02-04 19:37:42.053182
WNTR,25.22,25.22,25.38,2336000.0,1425000.0,,32700.0,0,0,0,0,0,0,0,0,0,0,0,0,0,0,0,0,0,0,0,0,0,0,0,0,192,2026-02-04 19:37:42.053182
SPNG,25.57,25.64,25.8,2167600.0,2006300.0,,,0,0,0,0,0,0,0,0,0,0,0,0,0,0,0,0,0,0,0,0,0,0,0,0,193,2026-02-04 19:37:42.594781
SMMR,25.54,25.54,25.55,2114000.0,2130200.0,3000.0,3000.0,0,0,0,0,0,0,0,0,0,0,0,0,0,0,0,0,0,0,0,0,0,0,0,0,193,2026-02-04 19:37:42.594781
