ticker,last_price,bid_price,ask_price,BUY_ANON,SELL_ANON,BUY_WRSW-1,BUY_UEBR-1,BUY_CHUL-1,BUY_BRCH-1,BUY_LAVL-1,SELL_CALG-1,SELL_GIOT-3,SELL_CHUL-4,SELL_LAVL-1,BUY_GIOT-3,BUY_CHUL-4,SELL_UEBR-1,SELL_WRSW-1,BUY_WRSW-3,SELL_WRSW-3,SELL_COLA-1,BUY_CALG-1,BUY_COLA-1,SELL_BRCH-1,SELL_ZUAI-3,BUY_WRSW-4,SELL_LUIS-1,SELL_WRSW-4,BUY_ZUAI-3,SELL_CHUL-1,BUY_LUIS-1,tick,timestamp,news_news_id,news_period,news_tick,news_ticker,news_headline,news_body
SPNG,24.95,24.95,25.09,1543400.0,2325300.0,0,0,0,0,0,0,0,0,0,0,0,0,0,0,0,0,0,0,0,0,0,0,0,0,0,0,1,2026-02-06 03:54:46.927898,2.0,1.0,1.0,,Aggregate Position Limit,Your CRO has set the aggregate position limit to 10000 shares for this week.
SMMR,0.0,24.93,24.95,2057700.0,2019100.0,0,0,0,0,0,0,0,0,0,0,0,0,0,0,0,0,0,0,0,0,0,0,0,0,0,0,1,2026-02-06 03:54:46.927898,1.0,1.0,1.0,,Welcome to the RITC 2026 Alogithmic Market Making Case - practice server,
ATMN,24.71,24.78,25.06,2394500.0,2230500.0,0,0,0,0,0,0,0,0,0,0,0,0,0,0,0,0,0,0,0,0,0,0,0,0,0,0,1,2026-02-06 03:54:46.927898,,,,,,
WNTR,25.05,25.04,25.05,2083800.0,2414300.0,0,0,0,0,0,0,0,0,0,0,0,0,0,0,0,0,0,0,0,0,0,0,0,0,0,0,1,2026-02-06 03:54:46.927898,,,,,,
SPNG,24.93,24.93,25.09,1414800.0,2316000.0,0,0,0,0,0,0,0,0,0,0,0,0,0,0,0,0,0,0,0,0,0,0,0,0,0,0,2,2026-02-06 03:54:47.991321
SMMR,24.95,24.94,24.95,2067500.0,2110800.0,0,0,0,0,0,0,0,0,0,0,0,0,0,0,0,0,0,0,0,0,0,0,0,0,0,0,2,2026-02-06 03:54:47.991321
ATMN,25.1,24.78,24.97,2392900.0,2147000.0,0,0,0,0,0,0,0,0,0,0,0,0,0,0,0,0,0,0,0,0,0,0,0,0,0,0,2,2026-02-06 03:54:47.991321
WNTR,24.98,25.03,25.04,2184600.0,2408700.0,0,0,0,0,0,0,0,0,0,0,0,0,0,0,0,0,0,0,0,0,0,0,0,0,0,0,2,2026-02-06 03:54:47.991321
SPNG,25.32,25.02,25.19,1524300.0,2287000.0,0,0,0,0,0,0,0,0,0,0,0,0,0,0,0,0,0,0,0,0,0,0,0,0,0,0,3,2026-02-06 03:54:49.074175
SMMR,24.94,24.94,24.95,2071400.0,2122200.0,0,0,0,0,0,0,0,0,0,0,0,0,0,0,0,0,0,0,0,0,0,0,0,0,0,0,3,2026-02-06 03:54:49.074175
ATMN,25.1,24.89,24.97,2379100.0,2147000.0,0,0,0,0,0,0,0,0,0,0,0,0,0,0,0,0,0,0,0,0,0,0,0,0,0,0,3,2026-02-06 03:54:49.074175
WNTR,25.06,25.03,25.06,2317900.0,2413200.0,0,0,0,0,0,0,0,0,0,0,0,0,0,0,0,0,0,0,0,0,0,0,0,0,0,0,3,2026-02-06 03:54:49.074175
SPNG,25.04,25.02,25.04,1524300.0,2314000.0,0,0,0,0,0,0,0,0,0,0,0,0,0,0,0,0,0,0,0,0,0,0,0,0,0,0,4,2026-02-06 03:54:50.139836
SMMR,24.93,24.93,25.05,2072000.0,1911400.0,0,0,0,0,0,0,0,0,0,0,0,0,0,0,0,0,0,0,0,0,0,0,0,0,0,0,4,2026-02-06 03:54:50.139836
ATMN,24.89,24.89,24.97,2373200.0,2147000.0,0,0,0,0,0,0,0,0,0,0,0,0,0,0,0,0,0,0,0,0,0,0,0,0,0,0,4,2026-02-06 03:54:50.139836
WNTR,25.1,25.03,25.08,2317900.0,2391700.0,0,0,0,0,0,0,0,0,0,0,0,0,0,0,0,0,0,0,0,0,0,0,0,0,0,0,4,2026-02-06 03:54:50.139836
SPNG,25.04,25.04,25.17,1650900.0,2337100.0,0,0,0,0,0,0,0,0,0,0,0,0,0,0,0,0,0,0,0,0,0,0,0,0,0,0,5,2026-02-06 03:54:50.726256
SMMR,24.93,24.93,25.01,2072000.0,2124900.0,0,0,0,0,0,0,0,0,0,0,0,0,0,0,0,0,0,0,0,0,0,0,0,0,0,0,5,2026-02-06 03:54:50.726256
ATMN,24.97,24.89,24.97,2347000.0,2147000.0,0,0,0,0,0,0,0,0,0,0,0,0,0,0,0,0,0,0,0,0,0,0,0,0,0,0,5,2026-02-06 03:54:50.726256
WNTR,24.94,24.94,24.99,2230200.0,2406300.0,0,0,0,0,0,0,0,0,0,0,0,0,0,0,0,0,0,0,0,0,0,0,0,0,0,0,5,2026-02-06 03:54:50.726256
SPNG,24.93,24.93,25.17,1414800.0,2340700.0,0,0,0,0,0,0,0,0,0,0,0,0,0,0,0,0,0,0,0,0,0,0,0,0,0,0,6,2026-02-06 03:54:51.794259
SMMR,25.05,24.93,25.05,2071600.0,2121900.0,0,0,0,0,0,0,0,0,0,0,0,0,0,0,0,0,0,0,0,0,0,0,0,0,0,0,6,2026-02-06 03:54:51.794259
ATMN,24.97,24.97,25.12,2295000.0,2018800.0,0,0,0,0,0,0,0,0,0,0,0,0,0,0,0,0,0,0,0,0,0,0,0,0,0,0,6,2026-02-06 03:54:51.794259
WNTR,25.04,24.94,25.01,2230200.0,2372500.0,0,0,0,0,0,0,0,0,0,0,0,0,0,0,0,0,0,0,0,0,0,0,0,0,0,0,6,2026-02-06 03:54:51.794259
SPNG,25.17,24.93,25.01,1550400.0,2337400.0,0,0,0,0,0,0,0,0,0,0,0,0,0,0,0,0,0,0,0,0,0,0,0,0,0,0,7,2026-02-06 03:54:52.922094
SMMR,25.05,24.93,24.97,2078300.0,2100500.0,0,0,0,0,0,0,0,0,0,0,0,0,0,0,0,0,0,0,0,0,0,0,0,0,0,0,7,2026-02-06 03:54:52.922094
ATMN,24.97,24.97,25.06,2271100.0,2255700.0,0,0,0,0,0,0,0,0,0,0,0,0,0,0,0,0,0,0,0,0,0,0,0,0,0,0,7,2026-02-06 03:54:52.922094
WNTR,24.94,24.95,25.01,2113800.0,2372500.0,0,0,0,0,0,0,0,0,0,0,0,0,0,0,0,0,0,0,0,0,0,0,0,0,0,0,7,2026-02-06 03:54:52.922094
SPNG,25.19,24.95,25.19,1831700.0,2303800.0,0,0,0,0,0,0,0,0,0,0,0,0,0,0,0,0,0,0,0,0,0,0,0,0,0,0,8,2026-02-06 03:54:54.006597
SMMR,25.05,24.93,24.97,2086300.0,2044300.0,0,0,0,0,0,0,0,0,0,0,0,0,0,0,0,0,0,0,0,0,0,0,0,0,0,0,8,2026-02-06 03:54:54.006597
ATMN,25.11,25.01,25.11,2236900.0,2233200.0,0,0,0,0,0,0,0,0,0,0,0,0,0,0,0,0,0,0,0,0,0,0,0,0,0,0,8,2026-02-06 03:54:54.006597
WNTR,24.95,24.95,25.02,2232400.0,2377300.0,0,0,0,0,0,0,0,0,0,0,0,0,0,0,0,0,0,0,0,0,0,0,0,0,0,0,8,2026-02-06 03:54:54.006597
SPNG,25.11,25.11,25.12,1951800.0,2314500.0,0,0,0,0,0,0,0,0,0,0,0,0,0,0,0,0,0,0,0,0,0,0,0,0,0,0,9,2026-02-06 03:54:55.098306
SMMR,24.99,25.03,25.05,2061400.0,2086700.0,0,0,0,0,0,0,0,0,0,0,0,0,0,0,0,0,0,0,0,0,0,0,0,0,0,0,9,2026-02-06 03:54:55.098306
ATMN,24.89,24.89,24.97,2287800.0,2261300.0,0,0,0,0,0,0,0,0,0,0,0,0,0,0,0,0,0,0,0,0,0,0,0,0,0,0,9,2026-02-06 03:54:55.098306
WNTR,24.95,24.95,25.02,2323900.0,2377300.0,0,0,0,0,0,0,0,0,0,0,0,0,0,0,0,0,0,0,0,0,0,0,0,0,0,0,9,2026-02-06 03:54:55.098306
SPNG,25.28,25.11,25.28,2231000.0,2303900.0,0,0,0,0,0,0,0,0,0,0,0,0,0,0,0,0,0,0,0,0,0,0,0,0,0,0,10,2026-02-06 03:54:56.201695
SMMR,24.93,24.93,25.05,2083800.0,2061700.0,0,0,0,0,0,0,0,0,0,0,0,0,0,0,0,0,0,0,0,0,0,0,0,0,0,0,10,2026-02-06 03:54:56.201695
ATMN,25.12,24.88,25.12,2296200.0,2224400.0,0,0,0,0,0,0,0,0,0,0,0,0,0,0,0,0,0,0,0,0,0,0,0,0,0,0,10,2026-02-06 03:54:56.201695
WNTR,25.18,25.0,25.18,2357200.0,2378500.0,0,0,0,0,0,0,0,0,0,0,0,0,0,0,0,0,0,0,0,0,0,0,0,0,0,0,10,2026-02-06 03:54:56.201695
SPNG,24.93,24.93,25.19,2135100.0,2312500.0,0,0,0,0,0,0,0,0,0,0,0,0,0,0,0,0,0,0,0,0,0,0,0,0,0,0,11,2026-02-06 03:54:56.939148
SMMR,24.91,24.91,25.05,2104700.0,2061700.0,0,0,0,0,0,0,0,0,0,0,0,0,0,0,0,0,0,0,0,0,0,0,0,0,0,0,11,2026-02-06 03:54:56.939148
ATMN,25.12,24.88,25.0,2296200.0,2209700.0,0,0,0,0,0,0,0,0,0,0,0,0,0,0,0,0,0,0,0,0,0,0,0,0,0,0,11,2026-02-06 03:54:56.939148
WNTR,25.18,25.13,25.18,2357200.0,2347400.0,0,0,0,0,0,0,0,0,0,0,0,0,0,0,0,0,0,0,0,0,0,0,0,0,0,0,11,2026-02-06 03:54:56.939148
SPNG,25.19,25.0,25.19,2252800.0,2278600.0,0,0,0,0,0,0,0,0,0,0,0,0,0,0,0,0,0,0,0,0,0,0,0,0,0,0,12,2026-02-06 03:54:58.089566
SMMR,25.07,25.02,25.07,2099800.0,2084500.0,0,0,0,0,0,0,0,0,0,0,0,0,0,0,0,0,0,0,0,0,0,0,0,0,0,0,12,2026-02-06 03:54:58.089566
ATMN,24.88,24.88,25.0,2296200.0,2214800.0,0,0,0,0,0,0,0,0,0,0,0,0,0,0,0,0,0,0,0,0,0,0,0,0,0,0,12,2026-02-06 03:54:58.089566
WNTR,25.0,25.0,25.18,2357200.0,2347400.0,0,0,0,0,0,0,0,0,0,0,0,0,0,0,0,0,0,0,0,0,0,0,0,0,0,0,12,2026-02-06 03:54:58.089566
SPNG,25.3,24.98,25.3,2233900.0,2294100.0,0,0,0,0,0,0,0,0,0,0,0,0,0,0,0,0,0,0,0,0,0,0,0,0,0,0,13,2026-02-06 03:54:59.172744
SMMR,24.91,24.91,25.07,2139400.0,2084500.0,0,0,0,0,0,0,0,0,0,0,0,0,0,0,0,0,0,0,0,0,0,0,0,0,0,0,13,2026-02-06 03:54:59.172744
ATMN,24.74,24.74,25.0,2355500.0,2212500.0,0,0,0,0,0,0,0,0,0,0,0,0,0,0,0,0,0,0,0,0,0,0,0,0,0,0,13,2026-02-06 03:54:59.172744
WNTR,25.0,25.17,25.18,2321500.0,2344900.0,0,0,0,0,0,0,0,0,0,0,0,0,0,0,0,0,0,0,0,0,0,0,0,0,0,0,13,2026-02-06 03:54:59.172744
SPNG,24.91,25.22,25.3,2158200.0,2267100.0,0,0,0,0,0,0,0,0,0,0,0,0,0,0,0,0,0,0,0,0,0,0,0,0,0,0,14,2026-02-06 03:55:00.229301
SMMR,25.06,25.03,25.06,2139400.0,2058800.0,0,0,0,0,0,0,0,0,0,0,0,0,0,0,0,0,0,0,0,0,0,0,0,0,0,0,14,2026-02-06 03:55:00.229301
ATMN,25.02,24.98,25.02,2310200.0,2227200.0,0,0,0,0,0,0,0,0,0,0,0,0,0,0,0,0,0,0,0,0,0,0,0,0,0,0,14,2026-02-06 03:55:00.229301
WNTR,25.18,25.0,25.14,2328200.0,2326500.0,0,0,0,0,0,0,0,0,0,0,0,0,0,0,0,0,0,0,0,0,0,0,0,0,0,0,14,2026-02-06 03:55:00.229301
SPNG,25.22,24.91,25.07,2023700.0,2276100.0,0,0,0,0,0,0,0,0,0,0,0,0,0,0,0,0,0,0,0,0,0,0,0,0,0,0,15,2026-02-06 03:55:00.841010
SMMR,25.03,24.91,25.03,2139400.0,2058800.0,0,0,0,0,0,0,0,0,0,0,0,0,0,0,0,0,0,0,0,0,0,0,0,0,0,0,15,2026-02-06 03:55:00.841010
ATMN,24.98,24.98,25.02,2281200.0,2227200.0,0,0,0,0,0,0,0,0,0,0,0,0,0,0,0,0,0,0,0,0,0,0,0,0,0,0,15,2026-02-06 03:55:00.841010
WNTR,25.18,25.12,25.18,2328200.0,2344900.0,0,0,0,0,0,0,0,0,0,0,0,0,0,0,0,0,0,0,0,0,0,0,0,0,0,0,15,2026-02-06 03:55:00.841010
SPNG,25.32,24.91,25.32,2125000.0,2283200.0,0,0,0,0,0,0,0,0,0,0,0,0,0,0,0,0,0,0,0,0,0,0,0,0,0,0,16,2026-02-06 03:55:01.884297
SMMR,25.03,24.91,24.92,2139400.0,1993400.0,0,0,0,0,0,0,0,0,0,0,0,0,0,0,0,0,0,0,0,0,0,0,0,0,0,0,16,2026-02-06 03:55:01.884297
ATMN,25.02,24.76,25.02,2260800.0,2227200.0,0,0,0,0,0,0,0,0,0,0,0,0,0,0,0,0,0,0,0,0,0,0,0,0,0,0,16,2026-02-06 03:55:01.884297
WNTR,25.18,25.12,25.13,2301700.0,2353400.0,0,0,0,0,0,0,0,0,0,0,0,0,0,0,0,0,0,0,0,0,0,0,0,0,0,0,16,2026-02-06 03:55:01.884297
SPNG,24.75,24.75,25.32,1762100.0,2283200.0,0,0,0,0,0,0,0,0,0,0,0,0,0,0,0,0,0,0,0,0,0,0,0,0,0,0,17,2026-02-06 03:55:03.039102
SMMR,24.92,24.91,24.92,2120800.0,2005500.0,0,0,0,0,0,0,0,0,0,0,0,0,0,0,0,0,0,0,0,0,0,0,0,0,0,0,17,2026-02-06 03:55:03.039102
ATMN,24.82,24.76,24.82,2286100.0,2220000.0,0,0,0,0,0,0,0,0,0,0,0,0,0,0,0,0,0,0,0,0,0,0,0,0,0,0,17,2026-02-06 03:55:03.039102
WNTR,25.18,25.12,25.18,2307300.0,2340700.0,0,0,0,0,0,0,0,0,0,0,0,0,0,0,0,0,0,0,0,0,0,0,0,0,0,0,17,2026-02-06 03:55:03.039102
SPNG,25.32,25.33,25.34,1859700.0,2250200.0,0,0,0,0,0,0,0,0,0,0,0,0,0,0,0,0,0,0,0,0,0,0,0,0,0,0,18,2026-02-06 03:55:04.148709
SMMR,24.9,24.9,24.92,2106600.0,2012500.0,0,0,0,0,0,0,0,0,0,0,0,0,0,0,0,0,0,0,0,0,0,0,0,0,0,0,18,2026-02-06 03:55:04.148709
ATMN,25.03,24.76,25.03,2286100.0,2241300.0,0,0,0,0,0,0,0,0,0,0,0,0,0,0,0,0,0,0,0,0,0,0,0,0,0,0,18,2026-02-06 03:55:04.148709
WNTR,25.19,25.0,25.19,2284600.0,2358200.0,0,0,0,0,0,0,0,0,0,0,0,0,0,0,0,0,0,0,0,0,0,0,0,0,0,0,18,2026-02-06 03:55:04.148709
SPNG,25.33,24.75,24.82,1762100.0,2237500.0,0,0,0,0,0,0,0,0,0,0,0,0,0,0,0,0,0,0,0,0,0,0,0,0,0,0,19,2026-02-06 03:55:05.197051
SMMR,25.08,24.9,25.08,2124800.0,2041300.0,0,0,0,0,0,0,0,0,0,0,0,0,0,0,0,0,0,0,0,0,0,0,0,0,0,0,19,2026-02-06 03:55:05.197051
ATMN,24.76,24.76,25.12,2286100.0,2244700.0,0,0,0,0,0,0,0,0,0,0,0,0,0,0,0,0,0,0,0,0,0,0,0,0,0,0,19,2026-02-06 03:55:05.197051
WNTR,25.19,25.15,25.18,2284400.0,2360200.0,0,0,0,0,0,0,0,0,0,0,0,0,0,0,0,0,0,0,0,0,0,0,0,0,0,0,19,2026-02-06 03:55:05.197051
SPNG,24.98,24.84,24.98,1895200.0,2251800.0,0,0,0,0,0,0,0,0,0,0,0,0,0,0,0,0,0,0,0,0,0,0,0,0,0,0,20,2026-02-06 03:55:06.247469
SMMR,25.0,24.9,24.93,2124800.0,1968300.0,0,0,0,0,0,0,0,0,0,0,0,0,0,0,0,0,0,0,0,0,0,0,0,0,0,0,20,2026-02-06 03:55:06.247469
ATMN,24.71,24.71,24.87,2303100.0,2227900.0,0,0,0,0,0,0,0,0,0,0,0,0,0,0,0,0,0,0,0,0,0,0,0,0,0,0,20,2026-02-06 03:55:06.247469
WNTR,25.17,25.15,25.17,2284400.0,2327100.0,0,0,0,0,0,0,0,0,0,0,0,0,0,0,0,0,0,0,0,0,0,0,0,0,0,0,20,2026-02-06 03:55:06.247469
SPNG,24.98,24.86,24.98,2242300.0,2251800.0,0,0,0,0,0,0,0,0,0,0,0,0,0,0,0,0,0,0,0,0,0,0,0,0,0,0,21,2026-02-06 03:55:07.326262
SMMR,24.9,24.9,24.93,2103000.0,1968300.0,0,0,0,0,0,0,0,0,0,0,0,0,0,0,0,0,0,0,0,0,0,0,0,0,0,0,21,2026-02-06 03:55:07.326262
ATMN,25.23,24.71,25.23,2303100.0,2219300.0,0,0,0,0,0,0,0,0,0,0,0,0,0,0,0,0,0,0,0,0,0,0,0,0,0,0,21,2026-02-06 03:55:07.326262
WNTR,25.15,25.0,25.07,2260500.0,2308700.0,0,0,0,0,0,0,0,0,0,0,0,0,0,0,0,0,0,0,0,0,0,0,0,0,0,0,21,2026-02-06 03:55:07.326262
SPNG,24.98,24.97,24.98,2264300.0,2251800.0,0,0,0,0,0,0,0,0,0,0,0,0,0,0,0,0,0,0,0,0,0,0,0,0,0,0,22,2026-02-06 03:55:07.869923
SMMR,24.89,24.89,24.93,2094400.0,1968300.0,0,0,0,0,0,0,0,0,0,0,0,0,0,0,0,0,0,0,0,0,0,0,0,0,0,0,22,2026-02-06 03:55:07.869923
ATMN,25.23,24.71,24.84,2303100.0,2206500.0,0,0,0,0,0,0,0,0,0,0,0,0,0,0,0,0,0,0,0,0,0,0,0,0,0,0,22,2026-02-06 03:55:07.869923
WNTR,25.19,25.0,25.19,2296900.0,2318900.0,0,0,0,0,0,0,0,0,0,0,0,0,0,0,0,0,0,0,0,0,0,0,0,0,0,0,22,2026-02-06 03:55:07.869923
SPNG,24.86,24.86,25.34,2263100.0,2250700.0,0,0,0,0,0,0,0,0,0,0,0,0,0,0,0,0,0,0,0,0,0,0,0,0,0,0,23,2026-02-06 03:55:08.912344
SMMR,24.93,25.01,25.05,2126300.0,1965300.0,0,0,0,0,0,0,0,0,0,0,0,0,0,0,0,0,0,0,0,0,0,0,0,0,0,0,23,2026-02-06 03:55:08.912344
ATMN,24.84,24.71,24.84,2289000.0,2206500.0,0,0,0,0,0,0,0,0,0,0,0,0,0,0,0,0,0,0,0,0,0,0,0,0,0,0,23,2026-02-06 03:55:08.912344
WNTR,25.21,25.08,25.21,2328200.0,2340400.0,0,0,0,0,0,0,0,0,0,0,0,0,0,0,0,0,0,0,0,0,0,0,0,0,0,0,23,2026-02-06 03:55:08.912344
SPNG,24.84,24.84,25.35,2309000.0,2269900.0,0,0,0,0,0,0,0,0,0,0,0,0,0,0,0,0,0,0,0,0,0,0,0,0,0,0,24,2026-02-06 03:55:10.062741
SMMR,25.01,25.01,25.08,2119800.0,1979000.0,0,0,0,0,0,0,0,0,0,0,0,0,0,0,0,0,0,0,0,0,0,0,0,0,0,0,24,2026-02-06 03:55:10.062741
ATMN,25.19,24.92,25.06,2269900.0,2223100.0,0,0,0,0,0,0,0,0,0,0,0,0,0,0,0,0,0,0,0,0,0,0,0,0,0,0,24,2026-02-06 03:55:10.062741
WNTR,25.23,25.2,25.23,2286400.0,2352900.0,0,0,0,0,0,0,0,0,0,0,0,0,0,0,0,0,0,0,0,0,0,0,0,0,0,0,24,2026-02-06 03:55:10.062741
SPNG,24.84,25.33,25.35,2242000.0,2208800.0,0,0,0,0,0,0,0,0,0,0,0,0,0,0,0,0,0,0,0,0,0,0,0,0,0,0,25,2026-02-06 03:55:11.131989
SMMR,25.01,24.94,25.01,2137200.0,2011200.0,0,0,0,0,0,0,0,0,0,0,0,0,0,0,0,0,0,0,0,0,0,0,0,0,0,0,25,2026-02-06 03:55:11.131989
ATMN,24.92,24.71,24.82,2300000.0,2223100.0,0,0,0,0,0,0,0,0,0,0,0,0,0,0,0,0,0,0,0,0,0,0,0,0,0,0,25,2026-02-06 03:55:11.131989
WNTR,25.23,25.21,25.23,2283300.0,2352900.0,0,0,0,0,0,0,0,0,0,0,0,0,0,0,0,0,0,0,0,0,0,0,0,0,0,0,25,2026-02-06 03:55:11.131989
SPNG,25.11,25.11,25.16,2260900.0,2207500.0,0,0,0,0,0,0,0,0,0,0,0,0,0,0,0,0,0,0,0,0,0,0,0,0,0,0,26,2026-02-06 03:55:12.191876
SMMR,24.94,24.94,25.01,2126700.0,2009800.0,0,0,0,0,0,0,0,0,0,0,0,0,0,0,0,0,0,0,0,0,0,0,0,0,0,0,26,2026-02-06 03:55:12.191876
ATMN,24.82,25.0,25.06,2296000.0,2210500.0,0,0,0,0,0,0,0,0,0,0,0,0,0,0,0,0,0,0,0,0,0,0,0,0,0,0,26,2026-02-06 03:55:12.191876
WNTR,25.23,25.21,25.23,2278100.0,2352900.0,0,0,0,0,0,0,0,0,0,0,0,0,0,0,0,0,0,0,0,0,0,0,0,0,0,0,26,2026-02-06 03:55:12.191876
SPNG,25.11,24.84,25.06,2237300.0,2166100.0,0,0,0,0,0,0,0,0,0,0,0,0,0,0,0,0,0,0,0,0,0,0,0,0,0,0,27,2026-02-06 03:55:13.263233
SMMR,24.94,24.94,25.01,2117700.0,2024200.0,0,0,0,0,0,0,0,0,0,0,0,0,0,0,0,0,0,0,0,0,0,0,0,0,0,0,27,2026-02-06 03:55:13.263233
ATMN,24.79,24.89,25.06,2278500.0,2234500.0,0,0,0,0,0,0,0,0,0,0,0,0,0,0,0,0,0,0,0,0,0,0,0,0,0,0,27,2026-02-06 03:55:13.263233
WNTR,25.21,25.21,25.27,2278100.0,2356300.0,0,0,0,0,0,0,0,0,0,0,0,0,0,0,0,0,0,0,0,0,0,0,0,0,0,0,27,2026-02-06 03:55:13.263233
SPNG,24.64,24.64,25.33,2212200.0,2195100.0,0,0,0,0,0,0,0,0,0,0,0,0,0,0,0,0,0,0,0,0,0,0,0,0,0,0,28,2026-02-06 03:55:14.345133
SMMR,25.03,24.94,25.03,2117700.0,1997300.0,0,0,0,0,0,0,0,0,0,0,0,0,0,0,0,0,0,0,0,0,0,0,0,0,0,0,28,2026-02-06 03:55:14.345133
ATMN,25.07,24.89,24.99,2278500.0,2259700.0,0,0,0,0,0,0,0,0,0,0,0,0,0,0,0,0,0,0,0,0,0,0,0,0,0,0,28,2026-02-06 03:55:14.345133
WNTR,25.21,25.21,25.27,2272200.0,2366800.0,0,0,0,0,0,0,0,0,0,0,0,0,0,0,0,0,0,0,0,0,0,0,0,0,0,0,28,2026-02-06 03:55:14.345133
SPNG,24.64,25.32,25.33,2345500.0,2195100.0,0,0,0,0,0,0,0,0,0,0,0,0,0,0,0,0,0,0,0,0,0,0,0,0,0,0,29,2026-02-06 03:55:14.948552
SMMR,24.92,24.92,25.03,2099800.0,1997300.0,0,0,0,0,0,0,0,0,0,0,0,0,0,0,0,0,0,0,0,0,0,0,0,0,0,0,29,2026-02-06 03:55:14.948552
ATMN,25.07,24.89,24.99,2301500.0,2270400.0,0,0,0,0,0,0,0,0,0,0,0,0,0,0,0,0,0,0,0,0,0,0,0,0,0,0,29,2026-02-06 03:55:14.948552
WNTR,25.21,25.21,25.22,2272200.0,2341100.0,0,0,0,0,0,0,0,0,0,0,0,0,0,0,0,0,0,0,0,0,0,0,0,0,0,0,29,2026-02-06 03:55:14.948552
SPNG,25.35,24.64,25.35,2212200.0,2193400.0,0,0,0,0,0,0,0,0,0,0,0,0,0,0,0,0,0,0,0,0,0,0,0,0,0,0,30,2026-02-06 03:55:16.053843
SMMR,25.06,24.92,25.06,2099800.0,2019200.0,0,0,0,0,0,0,0,0,0,0,0,0,0,0,0,0,0,0,0,0,0,0,0,0,0,0,30,2026-02-06 03:55:16.053843
ATMN,24.99,24.72,24.9,2323200.0,2263900.0,0,0,0,0,0,0,0,0,0,0,0,0,0,0,0,0,0,0,0,0,0,0,0,0,0,0,30,2026-02-06 03:55:16.053843
WNTR,25.27,25.21,25.24,2272200.0,2324800.0,0,0,0,0,0,0,0,0,0,0,0,0,0,0,0,0,0,0,0,0,0,0,0,0,0,0,30,2026-02-06 03:55:16.053843
SPNG,25.38,24.64,25.29,2260400.0,2196700.0,0,0,0,0,0,0,0,0,0,0,0,0,0,0,0,0,0,0,0,0,0,0,0,0,0,0,31,2026-02-06 03:55:17.186350
SMMR,24.92,24.92,25.01,2099800.0,2019200.0,0,0,0,0,0,0,0,0,0,0,0,0,0,0,0,0,0,0,0,0,0,0,0,0,0,0,31,2026-02-06 03:55:17.186350
ATMN,25.05,24.72,25.04,2306800.0,2279400.0,0,0,0,0,0,0,0,0,0,0,0,0,0,0,0,0,0,0,0,0,0,0,0,0,0,0,31,2026-02-06 03:55:17.186350
WNTR,25.27,25.21,25.24,2294700.0,2294500.0,0,0,0,0,0,0,0,0,0,0,0,0,0,0,0,0,0,0,0,0,0,0,0,0,0,0,31,2026-02-06 03:55:17.186350
SPNG,24.61,24.61,25.38,2336100.0,2193800.0,0,0,0,0,0,0,0,0,0,0,0,0,0,0,0,0,0,0,0,0,0,0,0,0,0,0,32,2026-02-06 03:55:18.233312
SMMR,24.92,24.92,24.98,2099800.0,2030300.0,0,0,0,0,0,0,0,0,0,0,0,0,0,0,0,0,0,0,0,0,0,0,0,0,0,0,32,2026-02-06 03:55:18.233312
ATMN,24.7,24.7,24.95,2312200.0,2260300.0,0,0,0,0,0,0,0,0,0,0,0,0,0,0,0,0,0,0,0,0,0,0,0,0,0,0,32,2026-02-06 03:55:18.233312
WNTR,25.27,25.21,25.24,2266100.0,2279000.0,0,0,0,0,0,0,0,0,0,0,0,0,0,0,0,0,0,0,0,0,0,0,0,0,0,0,32,2026-02-06 03:55:18.233312
SPNG,24.91,24.61,24.91,2279800.0,2186800.0,0,0,0,0,0,0,0,0,0,0,0,0,0,0,0,0,0,0,0,0,0,0,0,0,0,0,33,2026-02-06 03:55:19.286566
SMMR,25.01,24.92,25.01,2099800.0,2015800.0,0,0,0,0,0,0,0,0,0,0,0,0,0,0,0,0,0,0,0,0,0,0,0,0,0,0,33,2026-02-06 03:55:19.286566
ATMN,24.67,24.67,24.91,2298900.0,2291800.0,0,0,0,0,0,0,0,0,0,0,0,0,0,0,0,0,0,0,0,0,0,0,0,0,0,0,33,2026-02-06 03:55:19.286566
WNTR,25.27,25.21,25.24,2266100.0,2285500.0,0,0,0,0,0,0,0,0,0,0,0,0,0,0,0,0,0,0,0,0,0,0,0,0,0,0,33,2026-02-06 03:55:19.286566
SPNG,25.41,24.61,25.41,2283800.0,2209500.0,0,0,0,0,0,0,0,0,0,0,0,0,0,0,0,0,0,0,0,0,0,0,0,0,0,0,34,2026-02-06 03:55:20.340823
SMMR,25.01,24.92,25.01,2086200.0,1970100.0,0,0,0,0,0,0,0,0,0,0,0,0,0,0,0,0,0,0,0,0,0,0,0,0,0,0,34,2026-02-06 03:55:20.340823
ATMN,24.91,24.72,24.8,2275900.0,2273700.0,0,0,0,0,0,0,0,0,0,0,0,0,0,0,0,0,0,0,0,0,0,0,0,0,0,0,34,2026-02-06 03:55:20.340823
WNTR,25.19,25.19,25.24,2277100.0,2333100.0,0,0,0,0,0,0,0,0,0,0,0,0,0,0,0,0,0,0,0,0,0,0,0,0,0,0,34,2026-02-06 03:55:20.340823
SPNG,25.41,24.61,24.89,2283800.0,2139900.0,0,0,0,0,0,0,0,0,0,0,0,0,0,0,0,0,0,0,0,0,0,0,0,0,0,0,35,2026-02-06 03:55:20.897611
SMMR,25.01,24.93,25.01,2053600.0,1946000.0,0,0,0,0,0,0,0,0,0,0,0,0,0,0,0,0,0,0,0,0,0,0,0,0,0,0,35,2026-02-06 03:55:20.897611
ATMN,24.91,24.72,24.75,2283900.0,2269100.0,0,0,0,0,0,0,0,0,0,0,0,0,0,0,0,0,0,0,0,0,0,0,0,0,0,0,35,2026-02-06 03:55:20.897611
WNTR,25.19,25.19,25.24,2277100.0,2317700.0,0,0,0,0,0,0,0,0,0,0,0,0,0,0,0,0,0,0,0,0,0,0,0,0,0,0,35,2026-02-06 03:55:20.897611
SPNG,25.13,24.61,25.08,2264700.0,2166700.0,0,0,0,0,0,0,0,0,0,0,0,0,0,0,0,0,0,0,0,0,0,0,0,0,0,0,36,2026-02-06 03:55:21.949967
SMMR,24.93,24.93,25.06,2059300.0,1967400.0,0,0,0,0,0,0,0,0,0,0,0,0,0,0,0,0,0,0,0,0,0,0,0,0,0,0,36,2026-02-06 03:55:21.949967
ATMN,24.72,24.67,24.71,2302100.0,2306800.0,0,0,0,0,0,0,0,0,0,0,0,0,0,0,0,0,0,0,0,0,0,0,0,0,0,0,36,2026-02-06 03:55:21.949967
WNTR,25.08,25.16,25.24,2309100.0,2317700.0,0,0,0,0,0,0,0,0,0,0,0,0,0,0,0,0,0,0,0,0,0,0,0,0,0,0,36,2026-02-06 03:55:21.949967
SPNG,25.08,25.22,25.41,2261400.0,2148000.0,0,0,0,0,0,0,0,0,0,0,0,0,0,0,0,0,0,0,0,0,0,0,0,0,0,0,37,2026-02-06 03:55:23.058638
SMMR,25.07,24.93,25.01,2059300.0,1967600.0,0,0,0,0,0,0,0,0,0,0,0,0,0,0,0,0,0,0,0,0,0,0,0,0,0,0,37,2026-02-06 03:55:23.058638
ATMN,24.67,24.67,25.0,2302100.0,2271700.0,0,0,0,0,0,0,0,0,0,0,0,0,0,0,0,0,0,0,0,0,0,0,0,0,0,0,37,2026-02-06 03:55:23.058638
WNTR,25.16,25.16,25.25,2309100.0,2310600.0,0,0,0,0,0,0,0,0,0,0,0,0,0,0,0,0,0,0,0,0,0,0,0,0,0,0,37,2026-02-06 03:55:23.058638
SPNG,25.41,24.61,25.41,2237500.0,2148000.0,0,0,0,0,0,0,0,0,0,0,0,0,0,0,0,0,0,0,0,0,0,0,0,0,0,0,38,2026-02-06 03:55:24.202402
SMMR,24.92,24.92,25.01,2096000.0,1967600.0,0,0,0,0,0,0,0,0,0,0,0,0,0,0,0,0,0,0,0,0,0,0,0,0,0,0,38,2026-02-06 03:55:24.202402
ATMN,24.67,24.67,24.97,2304000.0,2264900.0,0,0,0,0,0,0,0,0,0,0,0,0,0,0,0,0,0,0,0,0,0,0,0,0,0,0,38,2026-02-06 03:55:24.202402
WNTR,25.26,25.16,25.26,2309100.0,2292900.0,0,0,0,0,0,0,0,0,0,0,0,0,0,0,0,0,0,0,0,0,0,0,0,0,0,0,38,2026-02-06 03:55:24.202402
SPNG,25.04,24.61,24.75,2237500.0,2169800.0,0,0,0,0,0,0,0,0,0,0,0,0,0,0,0,0,0,0,0,0,0,0,0,0,0,0,39,2026-02-06 03:55:25.332592
SMMR,24.88,25.0,25.01,2035400.0,1967600.0,0,0,0,0,0,0,0,0,0,0,0,0,0,0,0,0,0,0,0,0,0,0,0,0,0,0,39,2026-02-06 03:55:25.332592
ATMN,24.66,24.66,24.84,2287800.0,2283900.0,0,0,0,0,0,0,0,0,0,0,0,0,0,0,0,0,0,0,0,0,0,0,0,0,0,0,39,2026-02-06 03:55:25.332592
WNTR,25.26,25.16,25.26,2309100.0,2290900.0,0,0,0,0,0,0,0,0,0,0,0,0,0,0,0,0,0,0,0,0,0,0,0,0,0,0,39,2026-02-06 03:55:25.332592
SPNG,25.04,24.61,24.75,2250900.0,2169800.0,0,0,0,0,0,0,0,0,0,0,0,0,0,0,0,0,0,0,0,0,0,0,0,0,0,0,40,2026-02-06 03:55:26.409473
SMMR,25.08,25.05,25.08,2063900.0,1959500.0,0,0,0,0,0,0,0,0,0,0,0,0,0,0,0,0,0,0,0,0,0,0,0,0,0,0,40,2026-02-06 03:55:26.409473
ATMN,24.66,24.66,24.84,2294300.0,2294700.0,0,0,0,0,0,0,0,0,0,0,0,0,0,0,0,0,0,0,0,0,0,0,0,0,0,0,40,2026-02-06 03:55:26.409473
WNTR,25.03,25.03,25.14,2269900.0,2268700.0,0,0,0,0,0,0,0,0,0,0,0,0,0,0,0,0,0,0,0,0,0,0,0,0,0,0,40,2026-02-06 03:55:26.409473
SPNG,25.26,24.61,25.26,2250900.0,2161400.0,0,0,0,0,0,0,0,0,0,0,0,0,0,0,0,0,0,0,0,0,0,0,0,0,0,0,41,2026-02-06 03:55:26.952432
SMMR,25.0,25.0,25.05,2035400.0,1986900.0,0,0,0,0,0,0,0,0,0,0,0,0,0,0,0,0,0,0,0,0,0,0,0,0,0,0,41,2026-02-06 03:55:26.952432
ATMN,24.66,24.64,24.65,2316000.0,2316700.0,0,0,0,0,0,0,0,0,0,0,0,0,0,0,0,0,0,0,0,0,0,0,0,0,0,0,41,2026-02-06 03:55:26.952432
WNTR,25.27,25.03,25.27,2269900.0,2270700.0,0,0,0,0,0,0,0,0,0,0,0,0,0,0,0,0,0,0,0,0,0,0,0,0,0,0,41,2026-02-06 03:55:26.952432
SPNG,25.26,24.78,24.99,2285900.0,2202200.0,0,0,0,0,0,0,0,0,0,0,0,0,0,0,0,0,0,0,0,0,0,0,0,0,0,0,42,2026-02-06 03:55:28.011297
SMMR,25.08,24.88,25.08,2040700.0,1987800.0,0,0,0,0,0,0,0,0,0,0,0,0,0,0,0,0,0,0,0,0,0,0,0,0,0,0,42,2026-02-06 03:55:28.011297
ATMN,24.84,24.64,24.7,2309000.0,2326300.0,0,0,0,0,0,0,0,0,0,0,0,0,0,0,0,0,0,0,0,0,0,0,0,0,0,0,42,2026-02-06 03:55:28.011297
WNTR,25.27,25.03,25.12,2269900.0,2278100.0,0,0,0,0,0,0,0,0,0,0,0,0,0,0,0,0,0,0,0,0,0,0,0,0,0,0,42,2026-02-06 03:55:28.011297
SPNG,25.17,25.17,25.26,2295000.0,2161400.0,0,0,0,0,0,0,0,0,0,0,0,0,0,0,0,0,0,0,0,0,0,0,0,0,0,0,43,2026-02-06 03:55:29.076538
SMMR,25.08,25.05,25.08,2023200.0,1984400.0,0,0,0,0,0,0,0,0,0,0,0,0,0,0,0,0,0,0,0,0,0,0,0,0,0,0,43,2026-02-06 03:55:29.076538
ATMN,24.88,24.64,24.88,2309700.0,2273400.0,0,0,0,0,0,0,0,0,0,0,0,0,0,0,0,0,0,0,0,0,0,0,0,0,0,0,43,2026-02-06 03:55:29.076538
WNTR,25.12,25.18,25.27,2259000.0,2284500.0,0,0,0,0,0,0,0,0,0,0,0,0,0,0,0,0,0,0,0,0,0,0,0,0,0,0,43,2026-02-06 03:55:29.076538
SPNG,24.78,25.01,25.25,2257200.0,2176800.0,0,0,0,0,0,0,0,0,0,0,0,0,0,0,0,0,0,0,0,0,0,0,0,0,0,0,44,2026-02-06 03:55:30.219467
SMMR,24.88,25.06,25.08,2019300.0,1967800.0,0,0,0,0,0,0,0,0,0,0,0,0,0,0,0,0,0,0,0,0,0,0,0,0,0,0,44,2026-02-06 03:55:30.219467
ATMN,24.77,24.77,24.93,2309700.0,2292000.0,0,0,0,0,0,0,0,0,0,0,0,0,0,0,0,0,0,0,0,0,0,0,0,0,0,0,44,2026-02-06 03:55:30.219467
WNTR,25.18,25.03,25.13,2267900.0,2276900.0,0,0,0,0,0,0,0,0,0,0,0,0,0,0,0,0,0,0,0,0,0,0,0,0,0,0,44,2026-02-06 03:55:30.219467
SPNG,25.01,24.82,24.93,2266000.0,2206800.0,0,0,0,0,0,0,0,0,0,0,0,0,0,0,0,0,0,0,0,0,0,0,0,0,0,0,45,2026-02-06 03:55:31.297963
SMMR,24.88,24.88,24.91,2044700.0,1996900.0,0,0,0,0,0,0,0,0,0,0,0,0,0,0,0,0,0,0,0,0,0,0,0,0,0,0,45,2026-02-06 03:55:31.297963
ATMN,24.77,24.77,24.93,2282400.0,2328300.0,0,0,0,0,0,0,0,0,0,0,0,0,0,0,0,0,0,0,0,0,0,0,0,0,0,0,45,2026-02-06 03:55:31.297963
WNTR,25.01,25.02,25.22,2278300.0,2304000.0,0,0,0,0,0,0,0,0,0,0,0,0,0,0,0,0,0,0,0,0,0,0,0,0,0,0,45,2026-02-06 03:55:31.297963
SPNG,25.18,24.82,25.11,2266000.0,2226500.0,0,0,0,0,0,0,0,0,0,0,0,0,0,0,0,0,0,0,0,0,0,0,0,0,0,0,46,2026-02-06 03:55:32.374188
SMMR,25.08,25.03,25.08,2033400.0,1967800.0,0,0,0,0,0,0,0,0,0,0,0,0,0,0,0,0,0,0,0,0,0,0,0,0,0,0,46,2026-02-06 03:55:32.374188
ATMN,24.77,24.77,24.95,2282400.0,2348300.0,0,0,0,0,0,0,0,0,0,0,0,0,0,0,0,0,0,0,0,0,0,0,0,0,0,0,46,2026-02-06 03:55:32.374188
WNTR,24.99,24.99,25.21,2276700.0,2287600.0,0,0,0,0,0,0,0,0,0,0,0,0,0,0,0,0,0,0,0,0,0,0,0,0,0,0,46,2026-02-06 03:55:32.374188
SPNG,25.25,25.18,25.25,2264100.0,2190500.0,0,0,0,0,0,0,0,0,0,0,0,0,0,0,0,0,0,0,0,0,0,0,0,0,0,0,47,2026-02-06 03:55:33.447828
SMMR,24.92,24.92,25.08,2050700.0,1944400.0,0,0,0,0,0,0,0,0,0,0,0,0,0,0,0,0,0,0,0,0,0,0,0,0,0,0,47,2026-02-06 03:55:33.447828
ATMN,24.75,24.65,24.75,2311100.0,2347200.0,0,0,0,0,0,0,0,0,0,0,0,0,0,0,0,0,0,0,0,0,0,0,0,0,0,0,47,2026-02-06 03:55:33.447828
WNTR,25.21,25.01,25.21,2341900.0,2272900.0,0,0,0,0,0,0,0,0,0,0,0,0,0,0,0,0,0,0,0,0,0,0,0,0,0,0,47,2026-02-06 03:55:33.447828
SPNG,25.18,24.82,25.07,2290500.0,2227100.0,0,0,0,0,0,0,0,0,0,0,0,0,0,0,0,0,0,0,0,0,0,0,0,0,0,0,48,2026-02-06 03:55:34.017448
SMMR,24.88,24.85,24.87,2054400.0,1948500.0,0,0,0,0,0,0,0,0,0,0,0,0,0,0,0,0,0,0,0,0,0,0,0,0,0,0,48,2026-02-06 03:55:34.017448
ATMN,24.75,24.73,24.75,2303100.0,2347200.0,0,0,0,0,0,0,0,0,0,0,0,0,0,0,0,0,0,0,0,0,0,0,0,0,0,0,48,2026-02-06 03:55:34.017448
WNTR,25.21,25.01,25.03,2341900.0,2280200.0,0,0,0,0,0,0,0,0,0,0,0,0,0,0,0,0,0,0,0,0,0,0,0,0,0,0,48,2026-02-06 03:55:34.017448
SPNG,25.42,25.1,25.38,2263300.0,2186300.0,0,0,0,0,0,0,0,0,0,0,0,0,0,0,0,0,0,0,0,0,0,0,0,0,0,0,49,2026-02-06 03:55:35.080247
SMMR,24.95,24.85,24.92,2049100.0,1965800.0,0,0,0,0,0,0,0,0,0,0,0,0,0,0,0,0,0,0,0,0,0,0,0,0,0,0,49,2026-02-06 03:55:35.080247
ATMN,24.95,24.73,24.89,2303100.0,2359000.0,0,0,0,0,0,0,0,0,0,0,0,0,0,0,0,0,0,0,0,0,0,0,0,0,0,0,49,2026-02-06 03:55:35.080247
WNTR,25.03,25.01,25.03,2334000.0,2282700.0,0,0,0,0,0,0,0,0,0,0,0,0,0,0,0,0,0,0,0,0,0,0,0,0,0,0,49,2026-02-06 03:55:35.080247
SPNG,25.1,24.82,25.04,2295000.0,2227800.0,0,0,0,0,0,0,0,0,0,0,0,0,0,0,0,0,0,0,0,0,0,0,0,0,0,0,50,2026-02-06 03:55:36.209913
SMMR,25.09,25.02,25.09,2018300.0,1968500.0,0,0,0,0,0,0,0,0,0,0,0,0,0,0,0,0,0,0,0,0,0,0,0,0,0,0,50,2026-02-06 03:55:36.209913
ATMN,24.65,24.65,24.74,2274100.0,2379900.0,0,0,0,0,0,0,0,0,0,0,0,0,0,0,0,0,0,0,0,0,0,0,0,0,0,0,50,2026-02-06 03:55:36.209913
WNTR,25.03,25.04,25.07,2335900.0,2268900.0,0,0,0,0,0,0,0,0,0,0,0,0,0,0,0,0,0,0,0,0,0,0,0,0,0,0,50,2026-02-06 03:55:36.209913
SPNG,24.82,24.82,25.04,2317100.0,2227800.0,0,0,0,0,0,0,0,0,0,0,0,0,0,0,0,0,0,0,0,0,0,0,0,0,0,0,51,2026-02-06 03:55:37.292089
SMMR,25.02,24.85,24.87,2063500.0,1973600.0,0,0,0,0,0,0,0,0,0,0,0,0,0,0,0,0,0,0,0,0,0,0,0,0,0,0,51,2026-02-06 03:55:37.292089
ATMN,24.74,24.7,24.74,2299600.0,2385600.0,0,0,0,0,0,0,0,0,0,0,0,0,0,0,0,0,0,0,0,0,0,0,0,0,0,0,51,2026-02-06 03:55:37.292089
WNTR,25.21,25.04,25.09,2368300.0,2289900.0,0,0,0,0,0,0,0,0,0,0,0,0,0,0,0,0,0,0,0,0,0,0,0,0,0,0,51,2026-02-06 03:55:37.292089
SPNG,25.38,24.82,24.88,2317100.0,2250200.0,0,0,0,0,0,0,0,0,0,0,0,0,0,0,0,0,0,0,0,0,0,0,0,0,0,0,52,2026-02-06 03:55:38.350337
SMMR,24.87,24.87,25.0,2050100.0,1978200.0,0,0,0,0,0,0,0,0,0,0,0,0,0,0,0,0,0,0,0,0,0,0,0,0,0,0,52,2026-02-06 03:55:38.350337
ATMN,24.89,24.7,24.89,2320500.0,2347700.0,0,0,0,0,0,0,0,0,0,0,0,0,0,0,0,0,0,0,0,0,0,0,0,0,0,0,52,2026-02-06 03:55:38.350337
WNTR,25.14,25.04,25.06,2368300.0,2265700.0,0,0,0,0,0,0,0,0,0,0,0,0,0,0,0,0,0,0,0,0,0,0,0,0,0,0,52,2026-02-06 03:55:38.350337
SPNG,24.88,24.82,24.88,2330200.0,2250200.0,0,0,0,0,0,0,0,0,0,0,0,0,0,0,0,0,0,0,0,0,0,0,0,0,0,0,53,2026-02-06 03:55:39.401657
SMMR,25.0,24.87,25.0,2048600.0,1982200.0,0,0,0,0,0,0,0,0,0,0,0,0,0,0,0,0,0,0,0,0,0,0,0,0,0,0,53,2026-02-06 03:55:39.401657
ATMN,24.7,24.7,24.89,2346500.0,2347700.0,0,0,0,0,0,0,0,0,0,0,0,0,0,0,0,0,0,0,0,0,0,0,0,0,0,0,53,2026-02-06 03:55:39.401657
WNTR,25.18,25.04,25.14,2368300.0,2285400.0,0,0,0,0,0,0,0,0,0,0,0,0,0,0,0,0,0,0,0,0,0,0,0,0,0,0,53,2026-02-06 03:55:39.401657
SPNG,25.42,24.82,25.03,2307700.0,2233700.0,0,0,0,0,0,0,0,0,0,0,0,0,0,0,0,0,0,0,0,0,0,0,0,0,0,0,54,2026-02-06 03:55:40.451145
SMMR,24.87,24.85,24.87,2037800.0,1974600.0,0,0,0,0,0,0,0,0,0,0,0,0,0,0,0,0,0,0,0,0,0,0,0,0,0,0,54,2026-02-06 03:55:40.451145
ATMN,24.7,24.7,24.89,2346500.0,2391400.0,0,0,0,0,0,0,0,0,0,0,0,0,0,0,0,0,0,0,0,0,0,0,0,0,0,0,54,2026-02-06 03:55:40.451145
WNTR,25.18,25.11,25.14,2395400.0,2283600.0,0,0,0,0,0,0,0,0,0,0,0,0,0,0,0,0,0,0,0,0,0,0,0,0,0,0,54,2026-02-06 03:55:40.451145
SPNG,24.81,24.81,25.42,2334600.0,2225600.0,0,0,0,0,0,0,0,0,0,0,0,0,0,0,0,0,0,0,0,0,0,0,0,0,0,0,55,2026-02-06 03:55:41.051238
SMMR,25.0,25.05,25.07,2046800.0,1963100.0,0,0,0,0,0,0,0,0,0,0,0,0,0,0,0,0,0,0,0,0,0,0,0,0,0,0,55,2026-02-06 03:55:41.051238
ATMN,24.7,24.7,24.88,2346500.0,2380900.0,0,0,0,0,0,0,0,0,0,0,0,0,0,0,0,0,0,0,0,0,0,0,0,0,0,0,55,2026-02-06 03:55:41.051238
WNTR,25.04,25.04,25.1,2375300.0,2305000.0,0,0,0,0,0,0,0,0,0,0,0,0,0,0,0,0,0,0,0,0,0,0,0,0,0,0,55,2026-02-06 03:55:41.051238
SPNG,25.42,24.81,24.97,2334600.0,2254400.0,0,0,0,0,0,0,0,0,0,0,0,0,0,0,0,0,0,0,0,0,0,0,0,0,0,0,56,2026-02-06 03:55:42.280870
SMMR,25.1,25.05,25.1,2046800.0,1992600.0,0,0,0,0,0,0,0,0,0,0,0,0,0,0,0,0,0,0,0,0,0,0,0,0,0,0,56,2026-02-06 03:55:42.280870
ATMN,24.66,24.7,24.88,2325900.0,2380900.0,0,0,0,0,0,0,0,0,0,0,0,0,0,0,0,0,0,0,0,0,0,0,0,0,0,0,56,2026-02-06 03:55:42.280870
WNTR,25.22,25.04,25.22,2375300.0,2276300.0,0,0,0,0,0,0,0,0,0,0,0,0,0,0,0,0,0,0,0,0,0,0,0,0,0,0,56,2026-02-06 03:55:42.280870
SPNG,25.28,24.81,24.83,2334600.0,2272800.0,0,0,0,0,0,0,0,0,0,0,0,0,0,0,0,0,0,0,0,0,0,0,0,0,0,0,57,2026-02-06 03:55:43.335907
SMMR,25.04,25.04,25.1,2046300.0,1992600.0,0,0,0,0,0,0,0,0,0,0,0,0,0,0,0,0,0,0,0,0,0,0,0,0,0,0,57,2026-02-06 03:55:43.335907
ATMN,24.78,24.7,24.76,2321100.0,2382500.0,0,0,0,0,0,0,0,0,0,0,0,0,0,0,0,0,0,0,0,0,0,0,0,0,0,0,57,2026-02-06 03:55:43.335907
WNTR,25.0,25.0,25.09,2368500.0,2268400.0,0,0,0,0,0,0,0,0,0,0,0,0,0,0,0,0,0,0,0,0,0,0,0,0,0,0,57,2026-02-06 03:55:43.335907
SPNG,24.89,24.97,25.42,2295700.0,2225600.0,0,0,0,0,0,0,0,0,0,0,0,0,0,0,0,0,0,0,0,0,0,0,0,0,0,0,58,2026-02-06 03:55:44.428013
SMMR,25.02,25.02,25.11,2074100.0,1976800.0,0,0,0,0,0,0,0,0,0,0,0,0,0,0,0,0,0,0,0,0,0,0,0,0,0,0,58,2026-02-06 03:55:44.428013
ATMN,24.9,24.73,24.9,2317900.0,2368400.0,0,0,0,0,0,0,0,0,0,0,0,0,0,0,0,0,0,0,0,0,0,0,0,0,0,0,58,2026-02-06 03:55:44.428013
WNTR,25.09,25.2,25.22,2398400.0,2262000.0,0,0,0,0,0,0,0,0,0,0,0,0,0,0,0,0,0,0,0,0,0,0,0,0,0,0,58,2026-02-06 03:55:44.428013
SPNG,24.89,24.97,25.15,2289700.0,2234300.0,0,0,0,0,0,0,0,0,0,0,0,0,0,0,0,0,0,0,0,0,0,0,0,0,0,0,59,2026-02-06 03:55:45.505529
SMMR,24.98,24.91,24.94,2049900.0,1931900.0,0,0,0,0,0,0,0,0,0,0,0,0,0,0,0,0,0,0,0,0,0,0,0,0,0,0,59,2026-02-06 03:55:45.505529
ATMN,24.9,24.91,24.93,2310100.0,2398400.0,0,0,0,0,0,0,0,0,0,0,0,0,0,0,0,0,0,0,0,0,0,0,0,0,0,0,59,2026-02-06 03:55:45.505529
WNTR,25.2,25.2,25.22,2376600.0,2243500.0,0,0,0,0,0,0,0,0,0,0,0,0,0,0,0,0,0,0,0,0,0,0,0,0,0,0,59,2026-02-06 03:55:45.505529
SPNG,25.15,24.81,0.0,200000.0,0,0,0,0,0,0,0,0,0,0,0,0,0,0,0,0,0,0,0,0,0,0,0,0,0,0,0,60,2026-02-06 03:55:46.056125
SMMR,24.98,25.79,0.0,200000.0,0,0,0,0,0,0,0,0,0,0,0,0,0,0,0,0,0,0,0,0,0,0,0,0,0,0,0,60,2026-02-06 03:55:46.056125
ATMN,24.7,23.85,0.0,200000.0,0,0,0,0,0,0,0,0,0,0,0,0,0,0,0,0,0,0,0,0,0,0,0,0,0,0,0,60,2026-02-06 03:55:46.056125
WNTR,25.2,25.46,0.0,200000.0,0,0,0,0,0,0,0,0,0,0,0,0,0,0,0,0,0,0,0,0,0,0,0,0,0,0,0,60,2026-02-06 03:55:46.056125
SPNG,24.49,24.86,25.41,1265000.0,816800.0,0,0,0,0,0,0,0,0,0,0,0,0,0,0,0,0,0,0,0,0,0,0,0,0,0,0,61,2026-02-06 03:55:47.112119
SMMR,25.52,25.24,25.52,928700.0,813200.0,0,0,0,0,0,0,0,0,0,0,0,0,0,0,0,0,0,0,0,0,0,0,0,0,0,0,61,2026-02-06 03:55:47.112119
ATMN,23.85,23.85,24.1,989200.0,984100.0,0,0,0,0,0,0,0,0,0,0,0,0,0,0,0,0,0,0,0,0,0,0,0,0,0,0,61,2026-02-06 03:55:47.112119
WNTR,25.2,25.46,25.51,1075900.0,980500.0,0,0,0,0,0,0,0,0,0,0,0,0,0,0,0,0,0,0,0,0,0,0,0,0,0,0,61,2026-02-06 03:55:47.112119
SPNG,24.86,24.39,24.82,1130100.0,1264100.0,0,0,0,0,0,0,0,0,0,0,0,0,0,0,0,0,0,0,0,0,0,0,0,0,0,0,62,2026-02-06 03:55:48.273141
SMMR,25.93,25.49,25.93,1045400.0,814200.0,0,0,0,0,0,0,0,0,0,0,0,0,0,0,0,0,0,0,0,0,0,0,0,0,0,0,62,2026-02-06 03:55:48.273141
ATMN,23.65,24.09,24.1,1126100.0,984100.0,0,0,0,0,0,0,0,0,0,0,0,0,0,0,0,0,0,0,0,0,0,0,0,0,0,0,62,2026-02-06 03:55:48.273141
WNTR,25.51,25.46,25.51,1200700.0,1320700.0,0,0,0,0,0,0,0,0,0,0,0,0,0,0,0,0,0,0,0,0,0,0,0,0,0,0,62,2026-02-06 03:55:48.273141
SPNG,25.01,25.28,25.41,1244500.0,1152700.0,0,0,0,0,0,0,0,0,0,0,0,0,0,0,0,0,0,0,0,0,0,0,0,0,0,0,63,2026-02-06 03:55:49.343879
SMMR,25.95,25.64,25.95,1243000.0,800200.0,0,0,0,0,0,0,0,0,0,0,0,0,0,0,0,0,0,0,0,0,0,0,0,0,0,0,63,2026-02-06 03:55:49.343879
ATMN,24.09,23.65,23.9,1236700.0,1111700.0,0,0,0,0,0,0,0,0,0,0,0,0,0,0,0,0,0,0,0,0,0,0,0,0,0,0,63,2026-02-06 03:55:49.343879
WNTR,25.57,25.46,25.57,1331600.0,1064300.0,0,0,0,0,0,0,0,0,0,0,0,0,0,0,0,0,0,0,0,0,0,0,0,0,0,0,63,2026-02-06 03:55:49.343879
SPNG,25.28,24.39,24.74,1364500.0,1267900.0,0,0,0,0,0,0,0,0,0,0,0,0,0,0,0,0,0,0,0,0,0,0,0,0,0,0,64,2026-02-06 03:55:50.393495
SMMR,25.93,25.66,25.8,1358600.0,1038700.0,0,0,0,0,0,0,0,0,0,0,0,0,0,0,0,0,0,0,0,0,0,0,0,0,0,0,64,2026-02-06 03:55:50.393495
ATMN,24.11,23.65,24.11,1236700.0,975700.0,0,0,0,0,0,0,0,0,0,0,0,0,0,0,0,0,0,0,0,0,0,0,0,0,0,0,64,2026-02-06 03:55:50.393495
WNTR,25.46,25.46,25.57,1351300.0,1180700.0,0,0,0,0,0,0,0,0,0,0,0,0,0,0,0,0,0,0,0,0,0,0,0,0,0,0,64,2026-02-06 03:55:50.393495
SPNG,24.74,24.66,24.74,1464100.0,1373100.0,0,0,0,0,0,0,0,0,0,0,0,0,0,0,0,0,0,0,0,0,0,0,0,0,0,0,65,2026-02-06 03:55:51.440021
SMMR,25.8,25.8,25.95,1727300.0,918500.0,0,0,0,0,0,0,0,0,0,0,0,0,0,0,0,0,0,0,0,0,0,0,0,0,0,0,65,2026-02-06 03:55:51.440021
ATMN,24.11,23.65,23.92,1236700.0,1365500.0,0,0,0,0,0,0,0,0,0,0,0,0,0,0,0,0,0,0,0,0,0,0,0,0,0,0,65,2026-02-06 03:55:51.440021
WNTR,25.53,25.53,25.57,1454200.0,1390300.0,0,0,0,0,0,0,0,0,0,0,0,0,0,0,0,0,0,0,0,0,0,0,0,0,0,0,65,2026-02-06 03:55:51.440021
SPNG,24.75,24.66,24.72,1735600.0,1351700.0,0,0,0,0,0,0,0,0,0,0,0,0,0,0,0,0,0,0,0,0,0,0,0,0,0,0,66,2026-02-06 03:55:52.496954
SMMR,25.92,25.8,25.83,1727300.0,1106000.0,0,0,0,0,0,0,0,0,0,0,0,0,0,0,0,0,0,0,0,0,0,0,0,0,0,0,66,2026-02-06 03:55:52.496954
ATMN,24.11,23.68,23.69,1469400.0,1494600.0,0,0,0,0,0,0,0,0,0,0,0,0,0,0,0,0,0,0,0,0,0,0,0,0,0,0,66,2026-02-06 03:55:52.496954
WNTR,25.56,25.45,25.48,1387200.0,1523700.0,0,0,0,0,0,0,0,0,0,0,0,0,0,0,0,0,0,0,0,0,0,0,0,0,0,0,66,2026-02-06 03:55:52.496954
SPNG,24.72,24.96,24.97,1837600.0,1455800.0,0,0,0,0,0,0,0,0,0,0,0,0,0,0,0,0,0,0,0,0,0,0,0,0,0,0,67,2026-02-06 03:55:53.552785
SMMR,25.75,25.75,25.92,1645500.0,1008500.0,0,0,0,0,0,0,0,0,0,0,0,0,0,0,0,0,0,0,0,0,0,0,0,0,0,0,67,2026-02-06 03:55:53.552785
ATMN,23.69,23.66,23.69,1466400.0,1600200.0,0,0,0,0,0,0,0,0,0,0,0,0,0,0,0,0,0,0,0,0,0,0,0,0,0,0,67,2026-02-06 03:55:53.552785
WNTR,25.44,25.44,25.48,1354900.0,1523700.0,0,0,0,0,0,0,0,0,0,0,0,0,0,0,0,0,0,0,0,0,0,0,0,0,0,0,67,2026-02-06 03:55:53.552785
SPNG,24.72,24.96,24.97,1837600.0,1783400.0,0,0,0,0,0,0,0,0,0,0,0,0,0,0,0,0,0,0,0,0,0,0,0,0,0,0,68,2026-02-06 03:55:54.126397
SMMR,25.93,25.75,25.8,1645500.0,1123800.0,0,0,0,0,0,0,0,0,0,0,0,0,0,0,0,0,0,0,0,0,0,0,0,0,0,0,68,2026-02-06 03:55:54.126397
ATMN,23.69,23.66,23.69,1596500.0,1708200.0,0,0,0,0,0,0,0,0,0,0,0,0,0,0,0,0,0,0,0,0,0,0,0,0,0,0,68,2026-02-06 03:55:54.126397
WNTR,25.44,25.44,25.48,1550900.0,1611400.0,0,0,0,0,0,0,0,0,0,0,0,0,0,0,0,0,0,0,0,0,0,0,0,0,0,0,68,2026-02-06 03:55:54.126397
SPNG,25.17,24.67,25.17,1854700.0,1688700.0,0,0,0,0,0,0,0,0,0,0,0,0,0,0,0,0,0,0,0,0,0,0,0,0,0,0,69,2026-02-06 03:55:55.252718
SMMR,25.66,25.66,25.92,1558300.0,1104600.0,0,0,0,0,0,0,0,0,0,0,0,0,0,0,0,0,0,0,0,0,0,0,0,0,0,0,69,2026-02-06 03:55:55.252718
ATMN,23.92,23.66,23.83,1596500.0,1717600.0,0,0,0,0,0,0,0,0,0,0,0,0,0,0,0,0,0,0,0,0,0,0,0,0,0,0,69,2026-02-06 03:55:55.252718
WNTR,25.45,25.44,25.45,1550900.0,1837200.0,0,0,0,0,0,0,0,0,0,0,0,0,0,0,0,0,0,0,0,0,0,0,0,0,0,0,69,2026-02-06 03:55:55.252718
SPNG,24.67,24.67,24.89,1854700.0,1931400.0,0,0,0,0,0,0,0,0,0,0,0,0,0,0,0,0,0,0,0,0,0,0,0,0,0,0,70,2026-02-06 03:55:56.327672
SMMR,25.95,25.96,26.03,1646800.0,1017700.0,0,0,0,0,0,0,0,0,0,0,0,0,0,0,0,0,0,0,0,0,0,0,0,0,0,0,70,2026-02-06 03:55:56.327672
ATMN,23.92,23.94,24.11,1976600.0,1461100.0,0,0,0,0,0,0,0,0,0,0,0,0,0,0,0,0,0,0,0,0,0,0,0,0,0,0,70,2026-02-06 03:55:56.327672
WNTR,25.43,25.43,25.45,1433000.0,1960200.0,0,0,0,0,0,0,0,0,0,0,0,0,0,0,0,0,0,0,0,0,0,0,0,0,0,0,70,2026-02-06 03:55:56.327672
SPNG,24.66,24.66,25.09,1735600.0,1923300.0,0,0,0,0,0,0,0,0,0,0,0,0,0,0,0,0,0,0,0,0,0,0,0,0,0,0,71,2026-02-06 03:55:57.399734
SMMR,25.96,25.66,25.87,1750900.0,1223800.0,0,0,0,0,0,0,0,0,0,0,0,0,0,0,0,0,0,0,0,0,0,0,0,0,0,0,71,2026-02-06 03:55:57.399734
ATMN,23.92,23.94,24.11,1976600.0,1808000.0,0,0,0,0,0,0,0,0,0,0,0,0,0,0,0,0,0,0,0,0,0,0,0,0,0,0,71,2026-02-06 03:55:57.399734
WNTR,25.43,25.34,25.43,1404600.0,1836400.0,0,0,0,0,0,0,0,0,0,0,0,0,0,0,0,0,0,0,0,0,0,0,0,0,0,0,71,2026-02-06 03:55:57.399734
SPNG,24.61,24.75,25.02,1772700.0,2179400.0,0,0,0,0,0,0,0,0,0,0,0,0,0,0,0,0,0,0,0,0,0,0,0,0,0,0,72,2026-02-06 03:55:58.451357
SMMR,25.66,25.66,26.02,1750900.0,1340000.0,0,0,0,0,0,0,0,0,0,0,0,0,0,0,0,0,0,0,0,0,0,0,0,0,0,0,72,2026-02-06 03:55:58.451357
ATMN,23.94,23.66,23.75,1852900.0,2270700.0,0,0,0,0,0,0,0,0,0,0,0,0,0,0,0,0,0,0,0,0,0,0,0,0,0,0,72,2026-02-06 03:55:58.451357
WNTR,25.42,25.42,25.43,1662100.0,1836400.0,0,0,0,0,0,0,0,0,0,0,0,0,0,0,0,0,0,0,0,0,0,0,0,0,0,0,72,2026-02-06 03:55:58.451357
SPNG,25.02,24.43,25.02,1761300.0,2179400.0,0,0,0,0,0,0,0,0,0,0,0,0,0,0,0,0,0,0,0,0,0,0,0,0,0,0,73,2026-02-06 03:55:59.518252
SMMR,25.96,25.96,26.02,1854100.0,1504500.0,0,0,0,0,0,0,0,0,0,0,0,0,0,0,0,0,0,0,0,0,0,0,0,0,0,0,73,2026-02-06 03:55:59.518252
ATMN,23.75,23.95,24.1,1852900.0,2310400.0,0,0,0,0,0,0,0,0,0,0,0,0,0,0,0,0,0,0,0,0,0,0,0,0,0,0,73,2026-02-06 03:55:59.518252
WNTR,25.49,25.42,25.44,1625500.0,1834500.0,0,0,0,0,0,0,0,0,0,0,0,0,0,0,0,0,0,0,0,0,0,0,0,0,0,0,73,2026-02-06 03:55:59.518252
SPNG,24.66,24.66,25.12,1890200.0,2011800.0,0,0,0,0,0,0,0,0,0,0,0,0,0,0,0,0,0,0,0,0,0,0,0,0,0,0,74,2026-02-06 03:56:00.593568
SMMR,25.86,25.87,26.02,1867700.0,1504500.0,0,0,0,0,0,0,0,0,0,0,0,0,0,0,0,0,0,0,0,0,0,0,0,0,0,0,74,2026-02-06 03:56:00.593568
ATMN,23.65,23.65,24.1,1732700.0,2291400.0,0,0,0,0,0,0,0,0,0,0,0,0,0,0,0,0,0,0,0,0,0,0,0,0,0,0,74,2026-02-06 03:56:00.593568
WNTR,25.49,25.54,25.57,1943200.0,1588900.0,0,0,0,0,0,0,0,0,0,0,0,0,0,0,0,0,0,0,0,0,0,0,0,0,0,0,74,2026-02-06 03:56:00.593568
SPNG,25.14,24.66,25.14,1890200.0,2005500.0,0,0,0,0,0,0,0,0,0,0,0,0,0,0,0,0,0,0,0,0,0,0,0,0,0,0,75,2026-02-06 03:56:01.158826
SMMR,25.87,25.66,25.86,1750900.0,1620000.0,0,0,0,0,0,0,0,0,0,0,0,0,0,0,0,0,0,0,0,0,0,0,0,0,0,0,75,2026-02-06 03:56:01.158826
ATMN,23.65,23.65,24.1,1732700.0,2312100.0,0,0,0,0,0,0,0,0,0,0,0,0,0,0,0,0,0,0,0,0,0,0,0,0,0,0,75,2026-02-06 03:56:01.158826
WNTR,25.49,25.54,25.57,2182700.0,1588900.0,0,0,0,0,0,0,0,0,0,0,0,0,0,0,0,0,0,0,0,0,0,0,0,0,0,0,75,2026-02-06 03:56:01.158826
SPNG,25.14,24.66,24.9,1890200.0,2172500.0,0,0,0,0,0,0,0,0,0,0,0,0,0,0,0,0,0,0,0,0,0,0,0,0,0,0,76,2026-02-06 03:56:02.202023
SMMR,25.87,25.81,25.87,1949400.0,1599800.0,0,0,0,0,0,0,0,0,0,0,0,0,0,0,0,0,0,0,0,0,0,0,0,0,0,0,76,2026-02-06 03:56:02.202023
ATMN,23.54,23.54,23.98,1613800.0,2378500.0,0,0,0,0,0,0,0,0,0,0,0,0,0,0,0,0,0,0,0,0,0,0,0,0,0,0,76,2026-02-06 03:56:02.202023
WNTR,25.46,25.51,25.57,2315800.0,1588900.0,0,0,0,0,0,0,0,0,0,0,0,0,0,0,0,0,0,0,0,0,0,0,0,0,0,0,76,2026-02-06 03:56:02.202023
SPNG,24.9,24.76,24.9,2094600.0,2195300.0,0,0,0,0,0,0,0,0,0,0,0,0,0,0,0,0,0,0,0,0,0,0,0,0,0,0,77,2026-02-06 03:56:03.510693
SMMR,25.8,25.8,25.84,1864200.0,1935000.0,0,0,0,0,0,0,0,0,0,0,0,0,0,0,0,0,0,0,0,0,0,0,0,0,0,0,77,2026-02-06 03:56:03.510693
ATMN,23.68,23.68,23.95,1750300.0,2381400.0,0,0,0,0,0,0,0,0,0,0,0,0,0,0,0,0,0,0,0,0,0,0,0,0,0,0,77,2026-02-06 03:56:03.510693
WNTR,25.57,25.51,25.57,2326700.0,1588900.0,0,0,0,0,0,0,0,0,0,0,0,0,0,0,0,0,0,0,0,0,0,0,0,0,0,0,77,2026-02-06 03:56:03.510693
SPNG,24.7,24.7,24.9,2343800.0,2195300.0,0,0,0,0,0,0,0,0,0,0,0,0,0,0,0,0,0,0,0,0,0,0,0,0,0,0,78,2026-02-06 03:56:04.615144
SMMR,25.88,25.8,25.84,1864200.0,1920100.0,0,0,0,0,0,0,0,0,0,0,0,0,0,0,0,0,0,0,0,0,0,0,0,0,0,0,78,2026-02-06 03:56:04.615144
ATMN,23.68,23.54,23.6,1726400.0,2381400.0,0,0,0,0,0,0,0,0,0,0,0,0,0,0,0,0,0,0,0,0,0,0,0,0,0,0,78,2026-02-06 03:56:04.615144
WNTR,25.6,25.5,25.6,2331000.0,1468500.0,0,0,0,0,0,0,0,0,0,0,0,0,0,0,0,0,0,0,0,0,0,0,0,0,0,0,78,2026-02-06 03:56:04.615144
SPNG,24.9,24.97,25.14,2094100.0,2186000.0,0,0,0,0,0,0,0,0,0,0,0,0,0,0,0,0,0,0,0,0,0,0,0,0,0,0,79,2026-02-06 03:56:05.181222
SMMR,25.88,25.8,25.84,1982800.0,2008700.0,0,0,0,0,0,0,0,0,0,0,0,0,0,0,0,0,0,0,0,0,0,0,0,0,0,0,79,2026-02-06 03:56:05.181222
ATMN,23.98,23.54,23.83,1726400.0,2371300.0,0,0,0,0,0,0,0,0,0,0,0,0,0,0,0,0,0,0,0,0,0,0,0,0,0,0,79,2026-02-06 03:56:05.181222
WNTR,25.49,25.49,25.6,2331000.0,1661700.0,0,0,0,0,0,0,0,0,0,0,0,0,0,0,0,0,0,0,0,0,0,0,0,0,0,0,79,2026-02-06 03:56:05.181222
SPNG,24.97,24.68,24.73,2242000.0,2217600.0,0,0,0,0,0,0,0,0,0,0,0,0,0,0,0,0,0,0,0,0,0,0,0,0,0,0,80,2026-02-06 03:56:06.251615
SMMR,25.88,25.8,25.81,1982800.0,2021800.0,0,0,0,0,0,0,0,0,0,0,0,0,0,0,0,0,0,0,0,0,0,0,0,0,0,0,80,2026-02-06 03:56:06.251615
ATMN,23.83,23.92,23.98,1861000.0,2407400.0,0,0,0,0,0,0,0,0,0,0,0,0,0,0,0,0,0,0,0,0,0,0,0,0,0,0,80,2026-02-06 03:56:06.251615
WNTR,25.43,25.43,25.56,2323000.0,1958200.0,0,0,0,0,0,0,0,0,0,0,0,0,0,0,0,0,0,0,0,0,0,0,0,0,0,0,80,2026-02-06 03:56:06.251615
SPNG,24.43,24.43,24.73,2036000.0,2212900.0,0,0,0,0,0,0,0,0,0,0,0,0,0,0,0,0,0,0,0,0,0,0,0,0,0,0,81,2026-02-06 03:56:07.336991
SMMR,25.81,25.79,25.81,1986400.0,2021800.0,0,0,0,0,0,0,0,0,0,0,0,0,0,0,0,0,0,0,0,0,0,0,0,0,0,0,81,2026-02-06 03:56:07.336991
ATMN,23.54,23.57,23.98,1711900.0,2393800.0,0,0,0,0,0,0,0,0,0,0,0,0,0,0,0,0,0,0,0,0,0,0,0,0,0,0,81,2026-02-06 03:56:07.336991
WNTR,25.56,25.39,25.43,2101000.0,2075600.0,0,0,0,0,0,0,0,0,0,0,0,0,0,0,0,0,0,0,0,0,0,0,0,0,0,0,81,2026-02-06 03:56:07.336991
SPNG,24.43,24.63,24.73,2530200.0,2212900.0,0,0,0,0,0,0,0,0,0,0,0,0,0,0,0,0,0,0,0,0,0,0,0,0,0,0,82,2026-02-06 03:56:08.410218
SMMR,25.75,25.77,25.81,1975500.0,2021800.0,0,0,0,0,0,0,0,0,0,0,0,0,0,0,0,0,0,0,0,0,0,0,0,0,0,0,82,2026-02-06 03:56:08.410218
ATMN,23.89,23.89,23.98,1822200.0,2431100.0,0,0,0,0,0,0,0,0,0,0,0,0,0,0,0,0,0,0,0,0,0,0,0,0,0,0,82,2026-02-06 03:56:08.410218
WNTR,25.39,25.39,25.56,2101000.0,1958200.0,0,0,0,0,0,0,0,0,0,0,0,0,0,0,0,0,0,0,0,0,0,0,0,0,0,0,82,2026-02-06 03:56:08.410218
SPNG,24.63,24.63,24.73,2508000.0,2226600.0,0,0,0,0,0,0,0,0,0,0,0,0,0,0,0,0,0,0,0,0,0,0,0,0,0,0,83,2026-02-06 03:56:09.467680
SMMR,25.75,25.77,25.81,2048000.0,2021800.0,0,0,0,0,0,0,0,0,0,0,0,0,0,0,0,0,0,0,0,0,0,0,0,0,0,0,83,2026-02-06 03:56:09.467680
ATMN,23.57,23.54,23.57,1697200.0,2384200.0,0,0,0,0,0,0,0,0,0,0,0,0,0,0,0,0,0,0,0,0,0,0,0,0,0,0,83,2026-02-06 03:56:09.467680
WNTR,25.38,25.43,25.5,2006100.0,2085400.0,0,0,0,0,0,0,0,0,0,0,0,0,0,0,0,0,0,0,0,0,0,0,0,0,0,0,83,2026-02-06 03:56:09.467680
SPNG,24.58,24.58,24.84,2539500.0,2223100.0,0,0,0,0,0,0,0,0,0,0,0,0,0,0,0,0,0,0,0,0,0,0,0,0,0,0,84,2026-02-06 03:56:10.521885
SMMR,25.88,25.86,25.88,2013800.0,1796500.0,0,0,0,0,0,0,0,0,0,0,0,0,0,0,0,0,0,0,0,0,0,0,0,0,0,0,84,2026-02-06 03:56:10.521885
ATMN,23.55,23.55,23.98,2096700.0,2393300.0,0,0,0,0,0,0,0,0,0,0,0,0,0,0,0,0,0,0,0,0,0,0,0,0,0,0,84,2026-02-06 03:56:10.521885
WNTR,25.43,25.38,25.39,1871900.0,2102300.0,0,0,0,0,0,0,0,0,0,0,0,0,0,0,0,0,0,0,0,0,0,0,0,0,0,0,84,2026-02-06 03:56:10.521885
SPNG,24.84,24.58,24.84,2513000.0,2227400.0,0,0,0,0,0,0,0,0,0,0,0,0,0,0,0,0,0,0,0,0,0,0,0,0,0,0,85,2026-02-06 03:56:11.632499
SMMR,25.83,25.83,25.88,2044400.0,1796500.0,0,0,0,0,0,0,0,0,0,0,0,0,0,0,0,0,0,0,0,0,0,0,0,0,0,0,85,2026-02-06 03:56:11.632499
ATMN,23.55,23.59,23.61,2309700.0,2391100.0,0,0,0,0,0,0,0,0,0,0,0,0,0,0,0,0,0,0,0,0,0,0,0,0,0,0,85,2026-02-06 03:56:11.632499
WNTR,25.5,25.38,25.5,2004700.0,2148100.0,0,0,0,0,0,0,0,0,0,0,0,0,0,0,0,0,0,0,0,0,0,0,0,0,0,0,85,2026-02-06 03:56:11.632499
SPNG,24.59,24.58,24.59,2456200.0,2234100.0,0,0,0,0,0,0,0,0,0,0,0,0,0,0,0,0,0,0,0,0,0,0,0,0,0,0,86,2026-02-06 03:56:12.179435
SMMR,25.83,25.83,25.88,2034300.0,1796500.0,0,0,0,0,0,0,0,0,0,0,0,0,0,0,0,0,0,0,0,0,0,0,0,0,0,0,86,2026-02-06 03:56:12.179435
ATMN,23.61,23.59,23.61,2413600.0,2391100.0,0,0,0,0,0,0,0,0,0,0,0,0,0,0,0,0,0,0,0,0,0,0,0,0,0,0,86,2026-02-06 03:56:12.179435
WNTR,25.34,25.34,25.5,1768700.0,2148100.0,0,0,0,0,0,0,0,0,0,0,0,0,0,0,0,0,0,0,0,0,0,0,0,0,0,0,86,2026-02-06 03:56:12.179435
SPNG,24.59,24.77,24.84,2418900.0,2227400.0,0,0,0,0,0,0,0,0,0,0,0,0,0,0,0,0,0,0,0,0,0,0,0,0,0,0,87,2026-02-06 03:56:13.444666
SMMR,25.92,25.83,25.92,2049300.0,1683800.0,0,0,0,0,0,0,0,0,0,0,0,0,0,0,0,0,0,0,0,0,0,0,0,0,0,0,87,2026-02-06 03:56:13.444666
ATMN,23.61,23.64,23.73,2358800.0,2449600.0,0,0,0,0,0,0,0,0,0,0,0,0,0,0,0,0,0,0,0,0,0,0,0,0,0,0,87,2026-02-06 03:56:13.444666
WNTR,25.34,25.34,25.5,1663300.0,2145600.0,0,0,0,0,0,0,0,0,0,0,0,0,0,0,0,0,0,0,0,0,0,0,0,0,0,0,87,2026-02-06 03:56:13.444666
SPNG,25.09,24.77,24.93,2418900.0,2260000.0,0,0,0,0,0,0,0,0,0,0,0,0,0,0,0,0,0,0,0,0,0,0,0,0,0,0,88,2026-02-06 03:56:14.559309
SMMR,25.92,25.83,25.92,2049300.0,2020700.0,0,0,0,0,0,0,0,0,0,0,0,0,0,0,0,0,0,0,0,0,0,0,0,0,0,0,88,2026-02-06 03:56:14.559309
ATMN,23.88,23.64,23.88,2358800.0,2402700.0,0,0,0,0,0,0,0,0,0,0,0,0,0,0,0,0,0,0,0,0,0,0,0,0,0,0,88,2026-02-06 03:56:14.559309
WNTR,25.33,25.33,25.34,1642300.0,2188300.0,0,0,0,0,0,0,0,0,0,0,0,0,0,0,0,0,0,0,0,0,0,0,0,0,0,0,88,2026-02-06 03:56:14.559309
SPNG,24.77,24.77,24.87,2418900.0,2255500.0,0,0,0,0,0,0,0,0,0,0,0,0,0,0,0,0,0,0,0,0,0,0,0,0,0,0,89,2026-02-06 03:56:15.635157
SMMR,25.92,26.0,26.02,2040900.0,1997700.0,0,0,0,0,0,0,0,0,0,0,0,0,0,0,0,0,0,0,0,0,0,0,0,0,0,0,89,2026-02-06 03:56:15.635157
ATMN,23.59,23.59,23.88,2433500.0,2402700.0,0,0,0,0,0,0,0,0,0,0,0,0,0,0,0,0,0,0,0,0,0,0,0,0,0,0,89,2026-02-06 03:56:15.635157
WNTR,25.33,25.33,25.34,1873900.0,2188300.0,0,0,0,0,0,0,0,0,0,0,0,0,0,0,0,0,0,0,0,0,0,0,0,0,0,0,89,2026-02-06 03:56:15.635157
SPNG,24.77,24.77,24.87,2388300.0,2256700.0,0,0,0,0,0,0,0,0,0,0,0,0,0,0,0,0,0,0,0,0,0,0,0,0,0,0,90,2026-02-06 03:56:16.223276
SMMR,26.0,25.83,25.86,2049300.0,2049700.0,0,0,0,0,0,0,0,0,0,0,0,0,0,0,0,0,0,0,0,0,0,0,0,0,0,0,90,2026-02-06 03:56:16.223276
ATMN,23.54,23.54,23.88,2203200.0,2402700.0,0,0,0,0,0,0,0,0,0,0,0,0,0,0,0,0,0,0,0,0,0,0,0,0,0,0,90,2026-02-06 03:56:16.223276
WNTR,25.33,25.33,25.34,1981000.0,2184700.0,0,0,0,0,0,0,0,0,0,0,0,0,0,0,0,0,0,0,0,0,0,0,0,0,0,0,90,2026-02-06 03:56:16.223276
SPNG,24.77,24.65,24.71,2405600.0,2224200.0,0,0,0,0,0,0,0,0,0,0,0,0,0,0,0,0,0,0,0,0,0,0,0,0,0,0,91,2026-02-06 03:56:17.269768
SMMR,26.0,25.83,25.86,2024200.0,2024700.0,0,0,0,0,0,0,0,0,0,0,0,0,0,0,0,0,0,0,0,0,0,0,0,0,0,0,91,2026-02-06 03:56:17.269768
ATMN,23.47,23.47,23.98,2094800.0,2393300.0,0,0,0,0,0,0,0,0,0,0,0,0,0,0,0,0,0,0,0,0,0,0,0,0,0,0,91,2026-02-06 03:56:17.269768
WNTR,25.23,25.23,25.48,1860300.0,2151300.0,0,0,0,0,0,0,0,0,0,0,0,0,0,0,0,0,0,0,0,0,0,0,0,0,0,0,91,2026-02-06 03:56:17.269768
SPNG,24.77,24.67,24.71,2364300.0,2224200.0,0,0,0,0,0,0,0,0,0,0,0,0,0,0,0,0,0,0,0,0,0,0,0,0,0,0,92,2026-02-06 03:56:18.379569
SMMR,25.8,25.8,25.86,2050500.0,2024700.0,0,0,0,0,0,0,0,0,0,0,0,0,0,0,0,0,0,0,0,0,0,0,0,0,0,0,92,2026-02-06 03:56:18.379569
ATMN,24.02,23.46,23.61,1981500.0,2376500.0,0,0,0,0,0,0,0,0,0,0,0,0,0,0,0,0,0,0,0,0,0,0,0,0,0,0,92,2026-02-06 03:56:18.379569
WNTR,25.23,25.23,25.46,1767100.0,2199900.0,0,0,0,0,0,0,0,0,0,0,0,0,0,0,0,0,0,0,0,0,0,0,0,0,0,0,92,2026-02-06 03:56:18.379569
SPNG,24.71,24.81,24.84,2392600.0,2236200.0,0,0,0,0,0,0,0,0,0,0,0,0,0,0,0,0,0,0,0,0,0,0,0,0,0,0,93,2026-02-06 03:56:19.446418
SMMR,25.86,25.8,25.86,2050500.0,2021400.0,0,0,0,0,0,0,0,0,0,0,0,0,0,0,0,0,0,0,0,0,0,0,0,0,0,0,93,2026-02-06 03:56:19.446418
ATMN,23.61,23.87,23.89,2121900.0,2379700.0,0,0,0,0,0,0,0,0,0,0,0,0,0,0,0,0,0,0,0,0,0,0,0,0,0,0,93,2026-02-06 03:56:19.446418
WNTR,25.46,25.23,25.4,1767100.0,2203500.0,0,0,0,0,0,0,0,0,0,0,0,0,0,0,0,0,0,0,0,0,0,0,0,0,0,0,93,2026-02-06 03:56:19.446418
SPNG,24.58,24.58,24.84,2405900.0,2213900.0,0,0,0,0,0,0,0,0,0,0,0,0,0,0,0,0,0,0,0,0,0,0,0,0,0,0,94,2026-02-06 03:56:20.515075
SMMR,25.82,25.81,25.82,2106500.0,2027700.0,0,0,0,0,0,0,0,0,0,0,0,0,0,0,0,0,0,0,0,0,0,0,0,0,0,0,94,2026-02-06 03:56:20.515075
ATMN,23.79,23.72,23.79,2212400.0,2387200.0,0,0,0,0,0,0,0,0,0,0,0,0,0,0,0,0,0,0,0,0,0,0,0,0,0,0,94,2026-02-06 03:56:20.515075
WNTR,25.29,25.21,25.29,1782200.0,2218800.0,0,0,0,0,0,0,0,0,0,0,0,0,0,0,0,0,0,0,0,0,0,0,0,0,0,0,94,2026-02-06 03:56:20.515075
SPNG,24.43,24.43,24.84,2434100.0,2213900.0,0,0,0,0,0,0,0,0,0,0,0,0,0,0,0,0,0,0,0,0,0,0,0,0,0,0,95,2026-02-06 03:56:21.583272
SMMR,25.74,25.81,25.82,2021100.0,2013700.0,0,0,0,0,0,0,0,0,0,0,0,0,0,0,0,0,0,0,0,0,0,0,0,0,0,0,95,2026-02-06 03:56:21.583272
ATMN,23.45,23.96,24.02,2097100.0,2359700.0,0,0,0,0,0,0,0,0,0,0,0,0,0,0,0,0,0,0,0,0,0,0,0,0,0,0,95,2026-02-06 03:56:21.583272
WNTR,25.2,25.2,25.29,1790200.0,2212600.0,0,0,0,0,0,0,0,0,0,0,0,0,0,0,0,0,0,0,0,0,0,0,0,0,0,0,95,2026-02-06 03:56:21.583272
SPNG,24.43,24.5,24.84,2397500.0,2213900.0,0,0,0,0,0,0,0,0,0,0,0,0,0,0,0,0,0,0,0,0,0,0,0,0,0,0,96,2026-02-06 03:56:22.623663
SMMR,25.81,25.74,25.78,2044800.0,2018700.0,0,0,0,0,0,0,0,0,0,0,0,0,0,0,0,0,0,0,0,0,0,0,0,0,0,0,96,2026-02-06 03:56:22.623663
ATMN,23.96,23.45,23.63,1978500.0,2365100.0,0,0,0,0,0,0,0,0,0,0,0,0,0,0,0,0,0,0,0,0,0,0,0,0,0,0,96,2026-02-06 03:56:22.623663
WNTR,25.16,25.16,25.37,1700700.0,2202700.0,0,0,0,0,0,0,0,0,0,0,0,0,0,0,0,0,0,0,0,0,0,0,0,0,0,0,96,2026-02-06 03:56:22.623663
SPNG,24.87,24.56,24.87,2378600.0,2215500.0,0,0,0,0,0,0,0,0,0,0,0,0,0,0,0,0,0,0,0,0,0,0,0,0,0,0,97,2026-02-06 03:56:23.680145
SMMR,25.82,25.84,25.86,2030300.0,2021400.0,0,0,0,0,0,0,0,0,0,0,0,0,0,0,0,0,0,0,0,0,0,0,0,0,0,0,97,2026-02-06 03:56:23.680145
ATMN,23.84,23.84,24.02,2218500.0,2393400.0,0,0,0,0,0,0,0,0,0,0,0,0,0,0,0,0,0,0,0,0,0,0,0,0,0,0,97,2026-02-06 03:56:23.680145
WNTR,25.37,25.39,25.4,2050800.0,2203500.0,0,0,0,0,0,0,0,0,0,0,0,0,0,0,0,0,0,0,0,0,0,0,0,0,0,0,97,2026-02-06 03:56:23.680145
SPNG,24.87,24.56,24.85,2390700.0,2222500.0,0,0,0,0,0,0,0,0,0,0,0,0,0,0,0,0,0,0,0,0,0,0,0,0,0,0,98,2026-02-06 03:56:24.244102
SMMR,25.87,25.84,25.87,2030300.0,2022600.0,0,0,0,0,0,0,0,0,0,0,0,0,0,0,0,0,0,0,0,0,0,0,0,0,0,0,98,2026-02-06 03:56:24.244102
ATMN,24.12,23.84,24.12,2218500.0,2372600.0,0,0,0,0,0,0,0,0,0,0,0,0,0,0,0,0,0,0,0,0,0,0,0,0,0,0,98,2026-02-06 03:56:24.244102
WNTR,25.32,25.28,25.29,1921500.0,2224600.0,0,0,0,0,0,0,0,0,0,0,0,0,0,0,0,0,0,0,0,0,0,0,0,0,0,0,98,2026-02-06 03:56:24.244102
SPNG,24.56,24.56,24.85,2390700.0,2222500.0,0,0,0,0,0,0,0,0,0,0,0,0,0,0,0,0,0,0,0,0,0,0,0,0,0,0,99,2026-02-06 03:56:25.523824
SMMR,25.9,25.94,25.97,2048600.0,2028100.0,0,0,0,0,0,0,0,0,0,0,0,0,0,0,0,0,0,0,0,0,0,0,0,0,0,0,99,2026-02-06 03:56:25.523824
ATMN,23.45,23.45,24.12,1978500.0,2339600.0,0,0,0,0,0,0,0,0,0,0,0,0,0,0,0,0,0,0,0,0,0,0,0,0,0,0,99,2026-02-06 03:56:25.523824
WNTR,25.16,25.16,25.29,1947400.0,2217600.0,0,0,0,0,0,0,0,0,0,0,0,0,0,0,0,0,0,0,0,0,0,0,0,0,0,0,99,2026-02-06 03:56:25.523824
SPNG,24.85,24.74,24.85,2346800.0,2237700.0,0,0,0,0,0,0,0,0,0,0,0,0,0,0,0,0,0,0,0,0,0,0,0,0,0,0,100,2026-02-06 03:56:26.654809
SMMR,26.0,25.72,26.0,2029800.0,2045800.0,0,0,0,0,0,0,0,0,0,0,0,0,0,0,0,0,0,0,0,0,0,0,0,0,0,0,100,2026-02-06 03:56:26.654809
ATMN,23.53,23.95,24.12,2194500.0,2339600.0,0,0,0,0,0,0,0,0,0,0,0,0,0,0,0,0,0,0,0,0,0,0,0,0,0,0,100,2026-02-06 03:56:26.654809
WNTR,25.29,25.16,25.29,2323800.0,2217600.0,0,0,0,0,0,0,0,0,0,0,0,0,0,0,0,0,0,0,0,0,0,0,0,0,0,0,100,2026-02-06 03:56:26.654809
SPNG,24.85,24.56,24.85,2386900.0,2237700.0,0,0,0,0,0,0,0,0,0,0,0,0,0,0,0,0,0,0,0,0,0,0,0,0,0,0,101,2026-02-06 03:56:27.737986
SMMR,25.9,25.72,25.87,2029800.0,2044400.0,0,0,0,0,0,0,0,0,0,0,0,0,0,0,0,0,0,0,0,0,0,0,0,0,0,0,101,2026-02-06 03:56:27.737986
ATMN,24.13,23.95,24.13,2337000.0,2312400.0,0,0,0,0,0,0,0,0,0,0,0,0,0,0,0,0,0,0,0,0,0,0,0,0,0,0,101,2026-02-06 03:56:27.737986
WNTR,25.4,25.26,25.4,2423700.0,2201900.0,0,0,0,0,0,0,0,0,0,0,0,0,0,0,0,0,0,0,0,0,0,0,0,0,0,0,101,2026-02-06 03:56:27.737986
SPNG,24.91,24.78,24.91,2386000.0,2218500.0,0,0,0,0,0,0,0,0,0,0,0,0,0,0,0,0,0,0,0,0,0,0,0,0,0,0,102,2026-02-06 03:56:28.280741
SMMR,25.9,25.72,25.87,2038000.0,2040600.0,0,0,0,0,0,0,0,0,0,0,0,0,0,0,0,0,0,0,0,0,0,0,0,0,0,0,102,2026-02-06 03:56:28.280741
ATMN,24.13,23.95,24.13,2509300.0,2295700.0,0,0,0,0,0,0,0,0,0,0,0,0,0,0,0,0,0,0,0,0,0,0,0,0,0,0,102,2026-02-06 03:56:28.280741
WNTR,25.4,25.4,25.42,2401300.0,2235100.0,0,0,0,0,0,0,0,0,0,0,0,0,0,0,0,0,0,0,0,0,0,0,0,0,0,0,102,2026-02-06 03:56:28.280741
SPNG,24.44,24.44,24.91,2413700.0,2207600.0,0,0,0,0,0,0,0,0,0,0,0,0,0,0,0,0,0,0,0,0,0,0,0,0,0,0,103,2026-02-06 03:56:29.344786
SMMR,25.88,25.72,25.87,2038000.0,2043100.0,0,0,0,0,0,0,0,0,0,0,0,0,0,0,0,0,0,0,0,0,0,0,0,0,0,0,103,2026-02-06 03:56:29.344786
ATMN,24.14,23.95,24.14,2450000.0,2289500.0,0,0,0,0,0,0,0,0,0,0,0,0,0,0,0,0,0,0,0,0,0,0,0,0,0,0,103,2026-02-06 03:56:29.344786
WNTR,25.4,25.37,25.4,2416200.0,2269700.0,0,0,0,0,0,0,0,0,0,0,0,0,0,0,0,0,0,0,0,0,0,0,0,0,0,0,103,2026-02-06 03:56:29.344786
SPNG,24.79,24.44,24.53,2413700.0,2221300.0,0,0,0,0,0,0,0,0,0,0,0,0,0,0,0,0,0,0,0,0,0,0,0,0,0,0,104,2026-02-06 03:56:30.429373
SMMR,25.72,25.72,25.87,2026800.0,2043100.0,0,0,0,0,0,0,0,0,0,0,0,0,0,0,0,0,0,0,0,0,0,0,0,0,0,0,104,2026-02-06 03:56:30.429373
ATMN,24.14,24.13,24.14,2400200.0,2289500.0,0,0,0,0,0,0,0,0,0,0,0,0,0,0,0,0,0,0,0,0,0,0,0,0,0,0,104,2026-02-06 03:56:30.429373
WNTR,25.42,25.37,25.42,2416200.0,2283400.0,0,0,0,0,0,0,0,0,0,0,0,0,0,0,0,0,0,0,0,0,0,0,0,0,0,0,104,2026-02-06 03:56:30.429373
SPNG,24.88,24.88,24.91,2389700.0,2219200.0,0,0,0,0,0,0,0,0,0,0,0,0,0,0,0,0,0,0,0,0,0,0,0,0,0,0,105,2026-02-06 03:56:31.534099
SMMR,25.96,25.74,25.96,2020000.0,2061300.0,0,0,0,0,0,0,0,0,0,0,0,0,0,0,0,0,0,0,0,0,0,0,0,0,0,0,105,2026-02-06 03:56:31.534099
ATMN,24.18,24.14,24.18,2452200.0,2290000.0,0,0,0,0,0,0,0,0,0,0,0,0,0,0,0,0,0,0,0,0,0,0,0,0,0,0,105,2026-02-06 03:56:31.534099
WNTR,25.37,25.26,25.31,2415300.0,2278600.0,0,0,0,0,0,0,0,0,0,0,0,0,0,0,0,0,0,0,0,0,0,0,0,0,0,0,105,2026-02-06 03:56:31.534099
SPNG,24.68,24.44,24.68,2375800.0,2215200.0,0,0,0,0,0,0,0,0,0,0,0,0,0,0,0,0,0,0,0,0,0,0,0,0,0,0,106,2026-02-06 03:56:32.607804
SMMR,25.96,25.78,25.92,2048200.0,2007600.0,0,0,0,0,0,0,0,0,0,0,0,0,0,0,0,0,0,0,0,0,0,0,0,0,0,0,106,2026-02-06 03:56:32.607804
ATMN,24.13,24.13,24.18,2446400.0,2270100.0,0,0,0,0,0,0,0,0,0,0,0,0,0,0,0,0,0,0,0,0,0,0,0,0,0,0,106,2026-02-06 03:56:32.607804
WNTR,25.48,25.26,25.31,2392200.0,2247400.0,0,0,0,0,0,0,0,0,0,0,0,0,0,0,0,0,0,0,0,0,0,0,0,0,0,0,106,2026-02-06 03:56:32.607804
SPNG,24.68,24.61,24.68,2397400.0,2215200.0,0,0,0,0,0,0,0,0,0,0,0,0,0,0,0,0,0,0,0,0,0,0,0,0,0,0,107,2026-02-06 03:56:33.664414
SMMR,25.74,25.89,25.92,2028000.0,2007600.0,0,0,0,0,0,0,0,0,0,0,0,0,0,0,0,0,0,0,0,0,0,0,0,0,0,0,107,2026-02-06 03:56:33.664414
ATMN,24.22,24.18,24.22,2461600.0,2257500.0,0,0,0,0,0,0,0,0,0,0,0,0,0,0,0,0,0,0,0,0,0,0,0,0,0,0,107,2026-02-06 03:56:33.664414
WNTR,25.31,25.31,25.48,2363600.0,2242100.0,0,0,0,0,0,0,0,0,0,0,0,0,0,0,0,0,0,0,0,0,0,0,0,0,0,0,107,2026-02-06 03:56:33.664414
SPNG,24.5,24.51,24.93,2387600.0,2243800.0,0,0,0,0,0,0,0,0,0,0,0,0,0,0,0,0,0,0,0,0,0,0,0,0,0,0,108,2026-02-06 03:56:34.766310
SMMR,25.92,25.72,25.92,2008500.0,2007600.0,0,0,0,0,0,0,0,0,0,0,0,0,0,0,0,0,0,0,0,0,0,0,0,0,0,0,108,2026-02-06 03:56:34.766310
ATMN,24.13,24.13,24.22,2446400.0,2289000.0,0,0,0,0,0,0,0,0,0,0,0,0,0,0,0,0,0,0,0,0,0,0,0,0,0,0,108,2026-02-06 03:56:34.766310
WNTR,25.31,25.31,25.38,2347300.0,2249500.0,0,0,0,0,0,0,0,0,0,0,0,0,0,0,0,0,0,0,0,0,0,0,0,0,0,0,108,2026-02-06 03:56:34.766310
SPNG,24.44,24.44,24.93,2376700.0,2256300.0,0,0,0,0,0,0,0,0,0,0,0,0,0,0,0,0,0,0,0,0,0,0,0,0,0,0,109,2026-02-06 03:56:35.344469
SMMR,25.92,25.72,25.84,2044300.0,2011400.0,0,0,0,0,0,0,0,0,0,0,0,0,0,0,0,0,0,0,0,0,0,0,0,0,0,0,109,2026-02-06 03:56:35.344469
ATMN,24.23,24.13,24.23,2446400.0,2261400.0,0,0,0,0,0,0,0,0,0,0,0,0,0,0,0,0,0,0,0,0,0,0,0,0,0,0,109,2026-02-06 03:56:35.344469
WNTR,25.48,25.31,25.48,2347300.0,2253400.0,0,0,0,0,0,0,0,0,0,0,0,0,0,0,0,0,0,0,0,0,0,0,0,0,0,0,109,2026-02-06 03:56:35.344469
SPNG,24.4,24.4,24.9,2394800.0,2233900.0,0,0,0,0,0,0,0,0,0,0,0,0,0,0,0,0,0,0,0,0,0,0,0,0,0,0,110,2026-02-06 03:56:36.484021
SMMR,25.96,25.84,25.96,2038500.0,2013500.0,0,0,0,0,0,0,0,0,0,0,0,0,0,0,0,0,0,0,0,0,0,0,0,0,0,0,110,2026-02-06 03:56:36.484021
ATMN,24.13,24.13,24.23,2477600.0,2261400.0,0,0,0,0,0,0,0,0,0,0,0,0,0,0,0,0,0,0,0,0,0,0,0,0,0,0,110,2026-02-06 03:56:36.484021
WNTR,25.48,25.31,25.44,2347300.0,2260500.0,0,0,0,0,0,0,0,0,0,0,0,0,0,0,0,0,0,0,0,0,0,0,0,0,0,0,110,2026-02-06 03:56:36.484021
SPNG,24.61,24.4,24.61,2394800.0,2242000.0,0,0,0,0,0,0,0,0,0,0,0,0,0,0,0,0,0,0,0,0,0,0,0,0,0,0,111,2026-02-06 03:56:37.597808
SMMR,26.0,25.84,25.91,2038500.0,2039400.0,0,0,0,0,0,0,0,0,0,0,0,0,0,0,0,0,0,0,0,0,0,0,0,0,0,0,111,2026-02-06 03:56:37.597808
ATMN,24.23,24.08,24.23,2468000.0,2206900.0,0,0,0,0,0,0,0,0,0,0,0,0,0,0,0,0,0,0,0,0,0,0,0,0,0,0,111,2026-02-06 03:56:37.597808
WNTR,25.44,25.26,25.44,2341600.0,2269700.0,0,0,0,0,0,0,0,0,0,0,0,0,0,0,0,0,0,0,0,0,0,0,0,0,0,0,111,2026-02-06 03:56:37.597808
SPNG,24.42,24.42,24.57,2372900.0,2252700.0,0,0,0,0,0,0,0,0,0,0,0,0,0,0,0,0,0,0,0,0,0,0,0,0,0,0,112,2026-02-06 03:56:38.717973
SMMR,25.87,25.84,25.87,2038500.0,2042400.0,0,0,0,0,0,0,0,0,0,0,0,0,0,0,0,0,0,0,0,0,0,0,0,0,0,0,112,2026-02-06 03:56:38.717973
ATMN,24.26,23.95,24.24,2431300.0,2205000.0,0,0,0,0,0,0,0,0,0,0,0,0,0,0,0,0,0,0,0,0,0,0,0,0,0,0,112,2026-02-06 03:56:38.717973
WNTR,25.4,25.4,25.41,2326200.0,2275900.0,0,0,0,0,0,0,0,0,0,0,0,0,0,0,0,0,0,0,0,0,0,0,0,0,0,0,112,2026-02-06 03:56:38.717973
SPNG,24.42,24.42,24.57,2354800.0,2252700.0,0,0,0,0,0,0,0,0,0,0,0,0,0,0,0,0,0,0,0,0,0,0,0,0,0,0,113,2026-02-06 03:56:39.762103
SMMR,25.87,25.84,25.87,2044800.0,2042400.0,0,0,0,0,0,0,0,0,0,0,0,0,0,0,0,0,0,0,0,0,0,0,0,0,0,0,113,2026-02-06 03:56:39.762103
ATMN,24.26,23.95,24.26,2431300.0,2187700.0,0,0,0,0,0,0,0,0,0,0,0,0,0,0,0,0,0,0,0,0,0,0,0,0,0,0,113,2026-02-06 03:56:39.762103
WNTR,25.4,25.26,25.31,2341600.0,2306100.0,0,0,0,0,0,0,0,0,0,0,0,0,0,0,0,0,0,0,0,0,0,0,0,0,0,0,113,2026-02-06 03:56:39.762103
SPNG,24.39,24.39,25.05,2336400.0,2271200.0,0,0,0,0,0,0,0,0,0,0,0,0,0,0,0,0,0,0,0,0,0,0,0,0,0,0,114,2026-02-06 03:56:40.811523
SMMR,25.87,25.84,25.87,1990600.0,2042400.0,0,0,0,0,0,0,0,0,0,0,0,0,0,0,0,0,0,0,0,0,0,0,0,0,0,0,114,2026-02-06 03:56:40.811523
ATMN,23.95,23.92,23.95,2456000.0,2190400.0,0,0,0,0,0,0,0,0,0,0,0,0,0,0,0,0,0,0,0,0,0,0,0,0,0,0,114,2026-02-06 03:56:40.811523
WNTR,25.42,25.26,25.39,2311500.0,2256700.0,0,0,0,0,0,0,0,0,0,0,0,0,0,0,0,0,0,0,0,0,0,0,0,0,0,0,114,2026-02-06 03:56:40.811523
SPNG,24.39,24.39,25.05,2336400.0,2271200.0,0,0,0,0,0,0,0,0,0,0,0,0,0,0,0,0,0,0,0,0,0,0,0,0,0,0,115,2026-02-06 03:56:41.364319
SMMR,25.87,25.84,25.87,1986000.0,2046100.0,0,0,0,0,0,0,0,0,0,0,0,0,0,0,0,0,0,0,0,0,0,0,0,0,0,0,115,2026-02-06 03:56:41.364319
ATMN,23.95,23.92,23.95,2504500.0,2190400.0,0,0,0,0,0,0,0,0,0,0,0,0,0,0,0,0,0,0,0,0,0,0,0,0,0,0,115,2026-02-06 03:56:41.364319
WNTR,25.22,25.22,25.3,2324700.0,2273900.0,0,0,0,0,0,0,0,0,0,0,0,0,0,0,0,0,0,0,0,0,0,0,0,0,0,0,115,2026-02-06 03:56:41.364319
SPNG,24.85,24.39,24.72,2336400.0,2252700.0,0,0,0,0,0,0,0,0,0,0,0,0,0,0,0,0,0,0,0,0,0,0,0,0,0,0,116,2026-02-06 03:56:42.427266
SMMR,25.95,25.84,25.95,1998000.0,2013200.0,0,0,0,0,0,0,0,0,0,0,0,0,0,0,0,0,0,0,0,0,0,0,0,0,0,0,116,2026-02-06 03:56:42.427266
ATMN,24.27,23.92,24.27,2504500.0,2191500.0,0,0,0,0,0,0,0,0,0,0,0,0,0,0,0,0,0,0,0,0,0,0,0,0,0,0,116,2026-02-06 03:56:42.427266
WNTR,25.3,25.37,25.39,2312600.0,2256700.0,0,0,0,0,0,0,0,0,0,0,0,0,0,0,0,0,0,0,0,0,0,0,0,0,0,0,116,2026-02-06 03:56:42.427266
SPNG,24.8,24.39,24.76,2361600.0,2254300.0,0,0,0,0,0,0,0,0,0,0,0,0,0,0,0,0,0,0,0,0,0,0,0,0,0,0,117,2026-02-06 03:56:43.579501
SMMR,25.9,25.84,25.9,1998000.0,1995100.0,0,0,0,0,0,0,0,0,0,0,0,0,0,0,0,0,0,0,0,0,0,0,0,0,0,0,117,2026-02-06 03:56:43.579501
ATMN,24.3,23.98,24.3,2507000.0,2188600.0,0,0,0,0,0,0,0,0,0,0,0,0,0,0,0,0,0,0,0,0,0,0,0,0,0,0,117,2026-02-06 03:56:43.579501
WNTR,25.22,25.22,25.37,2375700.0,2262200.0,0,0,0,0,0,0,0,0,0,0,0,0,0,0,0,0,0,0,0,0,0,0,0,0,0,0,117,2026-02-06 03:56:43.579501
SPNG,24.8,24.58,24.76,2372400.0,2254300.0,0,0,0,0,0,0,0,0,0,0,0,0,0,0,0,0,0,0,0,0,0,0,0,0,0,0,118,2026-02-06 03:56:44.668357
SMMR,25.91,25.84,25.91,1997500.0,2003200.0,0,0,0,0,0,0,0,0,0,0,0,0,0,0,0,0,0,0,0,0,0,0,0,0,0,0,118,2026-02-06 03:56:44.668357
ATMN,24.3,23.98,24.3,2499400.0,2210600.0,0,0,0,0,0,0,0,0,0,0,0,0,0,0,0,0,0,0,0,0,0,0,0,0,0,0,118,2026-02-06 03:56:44.668357
WNTR,25.39,25.34,25.39,2364500.0,2256300.0,0,0,0,0,0,0,0,0,0,0,0,0,0,0,0,0,0,0,0,0,0,0,0,0,0,0,118,2026-02-06 03:56:44.668357
SPNG,25.11,24.58,24.94,2372400.0,2258800.0,0,0,0,0,0,0,0,0,0,0,0,0,0,0,0,0,0,0,0,0,0,0,0,0,0,0,119,2026-02-06 03:56:45.756171
SMMR,25.84,25.84,25.91,2006100.0,1999400.0,0,0,0,0,0,0,0,0,0,0,0,0,0,0,0,0,0,0,0,0,0,0,0,0,0,0,119,2026-02-06 03:56:45.756171
ATMN,24.3,24.11,24.3,2453100.0,2209200.0,0,0,0,0,0,0,0,0,0,0,0,0,0,0,0,0,0,0,0,0,0,0,0,0,0,0,119,2026-02-06 03:56:45.756171
WNTR,25.42,25.42,25.44,2304400.0,2246900.0,0,0,0,0,0,0,0,0,0,0,0,0,0,0,0,0,0,0,0,0,0,0,0,0,0,0,119,2026-02-06 03:56:45.756171
SPNG,25.11,23.81,24.73,1064200.0,881000.0,0,0,0,0,0,0,0,0,0,0,0,0,0,0,0,0,0,0,0,0,0,0,0,0,0,0,120,2026-02-06 03:56:46.846637
SMMR,25.81,24.3,24.69,865600.0,928500.0,0,0,0,0,0,0,0,0,0,0,0,0,0,0,0,0,0,0,0,0,0,0,0,0,0,0,120,2026-02-06 03:56:46.846637
ATMN,25.13,25.13,26.04,750200.0,650400.0,0,0,0,0,0,0,0,0,0,0,0,0,0,0,0,0,0,0,0,0,0,0,0,0,0,0,120,2026-02-06 03:56:46.846637
WNTR,26.97,26.06,26.47,696900.0,746200.0,0,0,0,0,0,0,0,0,0,0,0,0,0,0,0,0,0,0,0,0,0,0,0,0,0,0,120,2026-02-06 03:56:46.846637
SPNG,25.11,23.81,24.2,1064200.0,1099700.0,0,0,0,0,0,0,0,0,0,0,0,0,0,0,0,0,0,0,0,0,0,0,0,0,0,0,121,2026-02-06 03:56:47.439587
SMMR,25.81,24.3,24.44,865600.0,1030700.0,0,0,0,0,0,0,0,0,0,0,0,0,0,0,0,0,0,0,0,0,0,0,0,0,0,0,121,2026-02-06 03:56:47.439587
ATMN,25.64,25.24,25.64,948800.0,881400.0,0,0,0,0,0,0,0,0,0,0,0,0,0,0,0,0,0,0,0,0,0,0,0,0,0,0,121,2026-02-06 03:56:47.439587
WNTR,26.47,26.89,27.08,1048700.0,875000.0,0,0,0,0,0,0,0,0,0,0,0,0,0,0,0,0,0,0,0,0,0,0,0,0,0,0,121,2026-02-06 03:56:47.439587
SPNG,25.11,23.81,24.03,1064200.0,1541200.0,0,0,0,0,0,0,0,0,0,0,0,0,0,0,0,0,0,0,0,0,0,0,0,0,0,0,122,2026-02-06 03:56:48.534014
SMMR,24.29,24.29,24.44,838500.0,1231700.0,0,0,0,0,0,0,0,0,0,0,0,0,0,0,0,0,0,0,0,0,0,0,0,0,0,0,122,2026-02-06 03:56:48.534014
ATMN,25.82,25.64,25.82,1057500.0,1091300.0,0,0,0,0,0,0,0,0,0,0,0,0,0,0,0,0,0,0,0,0,0,0,0,0,0,0,122,2026-02-06 03:56:48.534014
WNTR,26.86,26.73,26.86,1016100.0,1001100.0,0,0,0,0,0,0,0,0,0,0,0,0,0,0,0,0,0,0,0,0,0,0,0,0,0,0,122,2026-02-06 03:56:48.534014
SPNG,23.81,23.43,23.52,1411200.0,1541200.0,0,0,0,0,0,0,0,0,0,0,0,0,0,0,0,0,0,0,0,0,0,0,0,0,0,0,123,2026-02-06 03:56:49.636944
SMMR,24.29,24.29,24.35,877900.0,1564300.0,0,0,0,0,0,0,0,0,0,0,0,0,0,0,0,0,0,0,0,0,0,0,0,0,0,0,123,2026-02-06 03:56:49.636944
ATMN,26.14,25.64,26.11,948800.0,1065700.0,0,0,0,0,0,0,0,0,0,0,0,0,0,0,0,0,0,0,0,0,0,0,0,0,0,0,123,2026-02-06 03:56:49.636944
WNTR,26.86,26.85,26.86,1560600.0,875000.0,0,0,0,0,0,0,0,0,0,0,0,0,0,0,0,0,0,0,0,0,0,0,0,0,0,0,123,2026-02-06 03:56:49.636944
SPNG,23.83,23.76,23.83,1638600.0,1663200.0,0,0,0,0,0,0,0,0,0,0,0,0,0,0,0,0,0,0,0,0,0,0,0,0,0,0,124,2026-02-06 03:56:50.726146
SMMR,24.18,24.1,24.18,1210900.0,1564300.0,0,0,0,0,0,0,0,0,0,0,0,0,0,0,0,0,0,0,0,0,0,0,0,0,0,0,124,2026-02-06 03:56:50.726146
ATMN,26.23,25.88,26.23,1175900.0,977000.0,0,0,0,0,0,0,0,0,0,0,0,0,0,0,0,0,0,0,0,0,0,0,0,0,0,0,124,2026-02-06 03:56:50.726146
WNTR,27.08,27.17,27.31,1798100.0,956000.0,0,0,0,0,0,0,0,0,0,0,0,0,0,0,0,0,0,0,0,0,0,0,0,0,0,0,124,2026-02-06 03:56:50.726146
SPNG,23.83,24.01,24.03,1756800.0,1541200.0,0,0,0,0,0,0,0,0,0,0,0,0,0,0,0,0,0,0,0,0,0,0,0,0,0,0,125,2026-02-06 03:56:51.775625
SMMR,24.18,24.12,24.18,1559600.0,1564300.0,0,0,0,0,0,0,0,0,0,0,0,0,0,0,0,0,0,0,0,0,0,0,0,0,0,0,125,2026-02-06 03:56:51.775625
ATMN,25.88,25.88,26.23,1175900.0,1323000.0,0,0,0,0,0,0,0,0,0,0,0,0,0,0,0,0,0,0,0,0,0,0,0,0,0,0,125,2026-02-06 03:56:51.775625
WNTR,27.01,26.86,26.87,1560600.0,1190900.0,0,0,0,0,0,0,0,0,0,0,0,0,0,0,0,0,0,0,0,0,0,0,0,0,0,0,125,2026-02-06 03:56:51.775625
SPNG,23.83,24.01,24.03,1756800.0,1960000.0,0,0,0,0,0,0,0,0,0,0,0,0,0,0,0,0,0,0,0,0,0,0,0,0,0,0,126,2026-02-06 03:56:52.831833
SMMR,24.35,24.37,24.44,1768900.0,1332500.0,0,0,0,0,0,0,0,0,0,0,0,0,0,0,0,0,0,0,0,0,0,0,0,0,0,0,126,2026-02-06 03:56:52.831833
ATMN,26.06,26.09,26.23,1177400.0,1323000.0,0,0,0,0,0,0,0,0,0,0,0,0,0,0,0,0,0,0,0,0,0,0,0,0,0,0,126,2026-02-06 03:56:52.831833
WNTR,26.87,26.95,27.1,1671000.0,1287300.0,0,0,0,0,0,0,0,0,0,0,0,0,0,0,0,0,0,0,0,0,0,0,0,0,0,0,126,2026-02-06 03:56:52.831833
SPNG,23.6,23.6,23.8,1431200.0,2087200.0,0,0,0,0,0,0,0,0,0,0,0,0,0,0,0,0,0,0,0,0,0,0,0,0,0,0,127,2026-02-06 03:56:53.887118
SMMR,24.39,24.2,24.39,1779100.0,1449800.0,0,0,0,0,0,0,0,0,0,0,0,0,0,0,0,0,0,0,0,0,0,0,0,0,0,0,127,2026-02-06 03:56:53.887118
ATMN,26.06,26.09,26.16,1177400.0,1687900.0,0,0,0,0,0,0,0,0,0,0,0,0,0,0,0,0,0,0,0,0,0,0,0,0,0,0,127,2026-02-06 03:56:53.887118
WNTR,27.1,26.86,27.1,1657300.0,1287300.0,0,0,0,0,0,0,0,0,0,0,0,0,0,0,0,0,0,0,0,0,0,0,0,0,0,0,127,2026-02-06 03:56:53.887118
SPNG,23.8,23.6,23.8,1431200.0,2216800.0,0,0,0,0,0,0,0,0,0,0,0,0,0,0,0,0,0,0,0,0,0,0,0,0,0,0,128,2026-02-06 03:56:54.444664
SMMR,24.2,24.12,24.2,1678800.0,1664300.0,0,0,0,0,0,0,0,0,0,0,0,0,0,0,0,0,0,0,0,0,0,0,0,0,0,0,128,2026-02-06 03:56:54.444664
ATMN,25.13,23.91,24.31,1094700.0,1802700.0,0,0,0,0,0,0,0,0,0,0,0,0,0,0,0,0,0,0,0,0,0,0,0,0,0,0,128,2026-02-06 03:56:54.444664
WNTR,26.85,26.85,27.1,1459500.0,1287300.0,0,0,0,0,0,0,0,0,0,0,0,0,0,0,0,0,0,0,0,0,0,0,0,0,0,0,128,2026-02-06 03:56:54.444664
SPNG,23.85,23.76,23.85,1683100.0,2089600.0,0,0,0,0,0,0,0,0,0,0,0,0,0,0,0,0,0,0,0,0,0,0,0,0,0,0,129,2026-02-06 03:56:55.477907
SMMR,24.2,24.17,24.2,2132800.0,1556000.0,0,0,0,0,0,0,0,0,0,0,0,0,0,0,0,0,0,0,0,0,0,0,0,0,0,0,129,2026-02-06 03:56:55.477907
ATMN,24.31,25.62,26.16,1435500.0,1687900.0,0,0,0,0,0,0,0,0,0,0,0,0,0,0,0,0,0,0,0,0,0,0,0,0,0,0,129,2026-02-06 03:56:55.477907
WNTR,27.07,26.85,27.07,1570900.0,1512700.0,0,0,0,0,0,0,0,0,0,0,0,0,0,0,0,0,0,0,0,0,0,0,0,0,0,0,129,2026-02-06 03:56:55.477907
SPNG,24.03,24.09,24.16,1951500.0,1850700.0,0,0,0,0,0,0,0,0,0,0,0,0,0,0,0,0,0,0,0,0,0,0,0,0,0,0,130,2026-02-06 03:56:56.651621
SMMR,24.44,24.25,24.29,2222500.0,1650200.0,0,0,0,0,0,0,0,0,0,0,0,0,0,0,0,0,0,0,0,0,0,0,0,0,0,0,130,2026-02-06 03:56:56.651621
ATMN,24.31,26.13,26.16,1553700.0,1961500.0,0,0,0,0,0,0,0,0,0,0,0,0,0,0,0,0,0,0,0,0,0,0,0,0,0,0,130,2026-02-06 03:56:56.651621
WNTR,27.07,26.85,27.06,1687500.0,1698300.0,0,0,0,0,0,0,0,0,0,0,0,0,0,0,0,0,0,0,0,0,0,0,0,0,0,0,130,2026-02-06 03:56:56.651621
SPNG,24.09,23.64,23.75,1919000.0,2107100.0,0,0,0,0,0,0,0,0,0,0,0,0,0,0,0,0,0,0,0,0,0,0,0,0,0,0,131,2026-02-06 03:56:57.702353
SMMR,24.25,24.25,24.29,2245000.0,1765900.0,0,0,0,0,0,0,0,0,0,0,0,0,0,0,0,0,0,0,0,0,0,0,0,0,0,0,131,2026-02-06 03:56:57.702353
ATMN,26.19,25.62,26.19,1435500.0,1834400.0,0,0,0,0,0,0,0,0,0,0,0,0,0,0,0,0,0,0,0,0,0,0,0,0,0,0,131,2026-02-06 03:56:57.702353
WNTR,26.75,26.75,27.06,1563100.0,1698300.0,0,0,0,0,0,0,0,0,0,0,0,0,0,0,0,0,0,0,0,0,0,0,0,0,0,0,131,2026-02-06 03:56:57.702353
SPNG,23.75,23.66,23.75,2295000.0,2107100.0,0,0,0,0,0,0,0,0,0,0,0,0,0,0,0,0,0,0,0,0,0,0,0,0,0,0,132,2026-02-06 03:56:58.754664
SMMR,24.41,24.25,24.41,2264000.0,1529500.0,0,0,0,0,0,0,0,0,0,0,0,0,0,0,0,0,0,0,0,0,0,0,0,0,0,0,132,2026-02-06 03:56:58.754664
ATMN,24.85,24.85,26.23,1335700.0,1715800.0,0,0,0,0,0,0,0,0,0,0,0,0,0,0,0,0,0,0,0,0,0,0,0,0,0,0,132,2026-02-06 03:56:58.754664
WNTR,27.06,26.98,27.06,1672300.0,1823600.0,0,0,0,0,0,0,0,0,0,0,0,0,0,0,0,0,0,0,0,0,0,0,0,0,0,0,132,2026-02-06 03:56:58.754664
SPNG,23.75,23.75,24.03,2666800.0,2079100.0,0,0,0,0,0,0,0,0,0,0,0,0,0,0,0,0,0,0,0,0,0,0,0,0,0,0,133,2026-02-06 03:56:59.793047
SMMR,24.25,24.17,24.25,2249900.0,1740500.0,0,0,0,0,0,0,0,0,0,0,0,0,0,0,0,0,0,0,0,0,0,0,0,0,0,0,133,2026-02-06 03:56:59.793047
ATMN,26.26,25.64,26.18,1543200.0,1724300.0,0,0,0,0,0,0,0,0,0,0,0,0,0,0,0,0,0,0,0,0,0,0,0,0,0,0,133,2026-02-06 03:56:59.793047
WNTR,27.1,26.98,27.1,1770900.0,1472900.0,0,0,0,0,0,0,0,0,0,0,0,0,0,0,0,0,0,0,0,0,0,0,0,0,0,0,133,2026-02-06 03:56:59.793047
SPNG,23.67,23.67,23.89,2545300.0,2189500.0,0,0,0,0,0,0,0,0,0,0,0,0,0,0,0,0,0,0,0,0,0,0,0,0,0,0,134,2026-02-06 03:57:00.849368
SMMR,24.35,24.17,24.2,2241100.0,1748000.0,0,0,0,0,0,0,0,0,0,0,0,0,0,0,0,0,0,0,0,0,0,0,0,0,0,0,134,2026-02-06 03:57:00.849368
ATMN,26.14,26.14,26.18,1769100.0,1825400.0,0,0,0,0,0,0,0,0,0,0,0,0,0,0,0,0,0,0,0,0,0,0,0,0,0,0,134,2026-02-06 03:57:00.849368
WNTR,27.1,26.82,27.02,1661700.0,1451500.0,0,0,0,0,0,0,0,0,0,0,0,0,0,0,0,0,0,0,0,0,0,0,0,0,0,0,134,2026-02-06 03:57:00.849368
SPNG,23.92,23.67,23.92,2689400.0,2209600.0,0,0,0,0,0,0,0,0,0,0,0,0,0,0,0,0,0,0,0,0,0,0,0,0,0,0,135,2026-02-06 03:57:01.902766
SMMR,24.41,24.17,24.41,2210000.0,1640300.0,0,0,0,0,0,0,0,0,0,0,0,0,0,0,0,0,0,0,0,0,0,0,0,0,0,0,135,2026-02-06 03:57:01.902766
ATMN,25.64,26.01,26.03,1661800.0,1928600.0,0,0,0,0,0,0,0,0,0,0,0,0,0,0,0,0,0,0,0,0,0,0,0,0,0,0,135,2026-02-06 03:57:01.902766
WNTR,26.96,26.82,26.94,1661700.0,1577300.0,0,0,0,0,0,0,0,0,0,0,0,0,0,0,0,0,0,0,0,0,0,0,0,0,0,0,135,2026-02-06 03:57:01.902766
SPNG,23.66,23.66,24.16,2567100.0,2188100.0,0,0,0,0,0,0,0,0,0,0,0,0,0,0,0,0,0,0,0,0,0,0,0,0,0,0,136,2026-02-06 03:57:02.947858
SMMR,24.17,24.17,24.45,2210000.0,1535600.0,0,0,0,0,0,0,0,0,0,0,0,0,0,0,0,0,0,0,0,0,0,0,0,0,0,0,136,2026-02-06 03:57:02.947858
ATMN,26.03,26.01,26.03,1783700.0,1928600.0,0,0,0,0,0,0,0,0,0,0,0,0,0,0,0,0,0,0,0,0,0,0,0,0,0,0,136,2026-02-06 03:57:02.947858
WNTR,26.75,26.75,26.94,1563100.0,1577300.0,0,0,0,0,0,0,0,0,0,0,0,0,0,0,0,0,0,0,0,0,0,0,0,0,0,0,136,2026-02-06 03:57:02.947858
SPNG,23.66,24.12,24.16,2665400.0,2188100.0,0,0,0,0,0,0,0,0,0,0,0,0,0,0,0,0,0,0,0,0,0,0,0,0,0,0,137,2026-02-06 03:57:03.490340
SMMR,24.17,24.23,24.3,2173900.0,1623800.0,0,0,0,0,0,0,0,0,0,0,0,0,0,0,0,0,0,0,0,0,0,0,0,0,0,0,137,2026-02-06 03:57:03.490340
ATMN,25.75,25.75,26.03,1798300.0,1928600.0,0,0,0,0,0,0,0,0,0,0,0,0,0,0,0,0,0,0,0,0,0,0,0,0,0,0,137,2026-02-06 03:57:03.490340
WNTR,26.75,26.75,26.94,1563100.0,1796200.0,0,0,0,0,0,0,0,0,0,0,0,0,0,0,0,0,0,0,0,0,0,0,0,0,0,0,137,2026-02-06 03:57:03.490340
SPNG,24.12,23.77,24.02,2675300.0,2229200.0,0,0,0,0,0,0,0,0,0,0,0,0,0,0,0,0,0,0,0,0,0,0,0,0,0,0,138,2026-02-06 03:57:04.668290
SMMR,24.23,24.23,24.25,2201700.0,1864600.0,0,0,0,0,0,0,0,0,0,0,0,0,0,0,0,0,0,0,0,0,0,0,0,0,0,0,138,2026-02-06 03:57:04.668290
ATMN,26.18,25.93,26.18,2008700.0,1825400.0,0,0,0,0,0,0,0,0,0,0,0,0,0,0,0,0,0,0,0,0,0,0,0,0,0,0,138,2026-02-06 03:57:04.668290
WNTR,26.75,26.92,26.94,1857600.0,1893900.0,0,0,0,0,0,0,0,0,0,0,0,0,0,0,0,0,0,0,0,0,0,0,0,0,0,0,138,2026-02-06 03:57:04.668290
SPNG,23.64,23.64,24.02,2696800.0,2229200.0,0,0,0,0,0,0,0,0,0,0,0,0,0,0,0,0,0,0,0,0,0,0,0,0,0,0,139,2026-02-06 03:57:05.753446
SMMR,24.25,24.23,24.25,2214700.0,1864600.0,0,0,0,0,0,0,0,0,0,0,0,0,0,0,0,0,0,0,0,0,0,0,0,0,0,0,139,2026-02-06 03:57:05.753446
ATMN,26.27,26.03,26.18,2103400.0,1717400.0,0,0,0,0,0,0,0,0,0,0,0,0,0,0,0,0,0,0,0,0,0,0,0,0,0,0,139,2026-02-06 03:57:05.753446
WNTR,27.02,26.92,27.02,1857600.0,1736400.0,0,0,0,0,0,0,0,0,0,0,0,0,0,0,0,0,0,0,0,0,0,0,0,0,0,0,139,2026-02-06 03:57:05.753446
SPNG,24.17,24.17,24.2,2598700.0,2211300.0,0,0,0,0,0,0,0,0,0,0,0,0,0,0,0,0,0,0,0,0,0,0,0,0,0,0,140,2026-02-06 03:57:06.807307
SMMR,24.3,24.23,24.3,2214700.0,1650300.0,0,0,0,0,0,0,0,0,0,0,0,0,0,0,0,0,0,0,0,0,0,0,0,0,0,0,140,2026-02-06 03:57:06.807307
ATMN,26.27,26.03,26.18,2200100.0,1907200.0,0,0,0,0,0,0,0,0,0,0,0,0,0,0,0,0,0,0,0,0,0,0,0,0,0,0,140,2026-02-06 03:57:06.807307
WNTR,27.02,26.92,27.02,2078600.0,1828300.0,0,0,0,0,0,0,0,0,0,0,0,0,0,0,0,0,0,0,0,0,0,0,0,0,0,0,140,2026-02-06 03:57:06.807307
SPNG,24.2,24.04,24.2,2580200.0,2211300.0,0,0,0,0,0,0,0,0,0,0,0,0,0,0,0,0,0,0,0,0,0,0,0,0,0,0,141,2026-02-06 03:57:07.866710
SMMR,24.2,24.2,24.35,2190800.0,1737400.0,0,0,0,0,0,0,0,0,0,0,0,0,0,0,0,0,0,0,0,0,0,0,0,0,0,0,141,2026-02-06 03:57:07.866710
ATMN,26.27,26.03,26.07,2292800.0,2138700.0,0,0,0,0,0,0,0,0,0,0,0,0,0,0,0,0,0,0,0,0,0,0,0,0,0,0,141,2026-02-06 03:57:07.866710
WNTR,26.92,26.98,27.02,1992800.0,1928600.0,0,0,0,0,0,0,0,0,0,0,0,0,0,0,0,0,0,0,0,0,0,0,0,0,0,0,141,2026-02-06 03:57:07.866710
SPNG,24.04,24.04,24.09,2580200.0,2263400.0,0,0,0,0,0,0,0,0,0,0,0,0,0,0,0,0,0,0,0,0,0,0,0,0,0,0,142,2026-02-06 03:57:08.920274
SMMR,24.35,24.2,24.35,2180500.0,1737400.0,0,0,0,0,0,0,0,0,0,0,0,0,0,0,0,0,0,0,0,0,0,0,0,0,0,0,142,2026-02-06 03:57:08.920274
ATMN,26.03,26.03,26.07,2289600.0,2160700.0,0,0,0,0,0,0,0,0,0,0,0,0,0,0,0,0,0,0,0,0,0,0,0,0,0,0,142,2026-02-06 03:57:08.920274
WNTR,26.92,26.96,27.02,1999900.0,1928600.0,0,0,0,0,0,0,0,0,0,0,0,0,0,0,0,0,0,0,0,0,0,0,0,0,0,0,142,2026-02-06 03:57:08.920274
SPNG,24.09,23.97,24.09,2564700.0,2263400.0,0,0,0,0,0,0,0,0,0,0,0,0,0,0,0,0,0,0,0,0,0,0,0,0,0,0,143,2026-02-06 03:57:09.967604
SMMR,24.29,24.19,24.29,2206900.0,1974900.0,0,0,0,0,0,0,0,0,0,0,0,0,0,0,0,0,0,0,0,0,0,0,0,0,0,0,143,2026-02-06 03:57:09.967604
ATMN,26.07,26.03,26.07,2251200.0,2143300.0,0,0,0,0,0,0,0,0,0,0,0,0,0,0,0,0,0,0,0,0,0,0,0,0,0,0,143,2026-02-06 03:57:09.967604
WNTR,26.96,26.92,26.95,2004500.0,1862700.0,0,0,0,0,0,0,0,0,0,0,0,0,0,0,0,0,0,0,0,0,0,0,0,0,0,0,143,2026-02-06 03:57:09.967604
SPNG,23.97,23.54,23.68,2560800.0,2271400.0,0,0,0,0,0,0,0,0,0,0,0,0,0,0,0,0,0,0,0,0,0,0,0,0,0,0,144,2026-02-06 03:57:11.018304
SMMR,24.33,24.25,24.33,2194100.0,1864300.0,0,0,0,0,0,0,0,0,0,0,0,0,0,0,0,0,0,0,0,0,0,0,0,0,0,0,144,2026-02-06 03:57:11.018304
ATMN,26.12,26.03,26.12,2248200.0,2120600.0,0,0,0,0,0,0,0,0,0,0,0,0,0,0,0,0,0,0,0,0,0,0,0,0,0,0,144,2026-02-06 03:57:11.018304
WNTR,27.1,26.92,26.95,2129700.0,1939800.0,0,0,0,0,0,0,0,0,0,0,0,0,0,0,0,0,0,0,0,0,0,0,0,0,0,0,144,2026-02-06 03:57:11.018304
SPNG,23.97,23.57,23.68,2583500.0,2271400.0,0,0,0,0,0,0,0,0,0,0,0,0,0,0,0,0,0,0,0,0,0,0,0,0,0,0,145,2026-02-06 03:57:11.588212
SMMR,24.25,24.25,24.33,2200200.0,1864300.0,0,0,0,0,0,0,0,0,0,0,0,0,0,0,0,0,0,0,0,0,0,0,0,0,0,0,145,2026-02-06 03:57:11.588212
ATMN,26.16,26.03,26.18,2237000.0,2119300.0,0,0,0,0,0,0,0,0,0,0,0,0,0,0,0,0,0,0,0,0,0,0,0,0,0,0,145,2026-02-06 03:57:11.588212
WNTR,26.95,27.01,27.02,2255800.0,1974300.0,0,0,0,0,0,0,0,0,0,0,0,0,0,0,0,0,0,0,0,0,0,0,0,0,0,0,145,2026-02-06 03:57:11.588212
SPNG,24.2,23.83,24.2,2504400.0,2187600.0,0,0,0,0,0,0,0,0,0,0,0,0,0,0,0,0,0,0,0,0,0,0,0,0,0,0,146,2026-02-06 03:57:12.732238
SMMR,24.45,24.22,24.45,2162600.0,1535600.0,0,0,0,0,0,0,0,0,0,0,0,0,0,0,0,0,0,0,0,0,0,0,0,0,0,0,146,2026-02-06 03:57:12.732238
ATMN,26.18,26.19,26.23,2268100.0,2099800.0,0,0,0,0,0,0,0,0,0,0,0,0,0,0,0,0,0,0,0,0,0,0,0,0,0,0,146,2026-02-06 03:57:12.732238
WNTR,26.95,27.01,27.02,2224600.0,2074500.0,0,0,0,0,0,0,0,0,0,0,0,0,0,0,0,0,0,0,0,0,0,0,0,0,0,0,146,2026-02-06 03:57:12.732238
SPNG,24.07,23.57,24.07,2491600.0,2222400.0,0,0,0,0,0,0,0,0,0,0,0,0,0,0,0,0,0,0,0,0,0,0,0,0,0,0,147,2026-02-06 03:57:14.035005
SMMR,24.22,24.22,24.26,2134400.0,1648300.0,0,0,0,0,0,0,0,0,0,0,0,0,0,0,0,0,0,0,0,0,0,0,0,0,0,0,147,2026-02-06 03:57:14.035005
ATMN,26.18,26.19,26.23,2257100.0,2127500.0,0,0,0,0,0,0,0,0,0,0,0,0,0,0,0,0,0,0,0,0,0,0,0,0,0,0,147,2026-02-06 03:57:14.035005
WNTR,26.87,26.87,26.93,2242900.0,2053500.0,0,0,0,0,0,0,0,0,0,0,0,0,0,0,0,0,0,0,0,0,0,0,0,0,0,0,147,2026-02-06 03:57:14.035005
SPNG,24.2,23.57,24.2,2491600.0,2187600.0,0,0,0,0,0,0,0,0,0,0,0,0,0,0,0,0,0,0,0,0,0,0,0,0,0,0,148,2026-02-06 03:57:14.835055
SMMR,24.26,24.22,24.26,2168200.0,1762100.0,0,0,0,0,0,0,0,0,0,0,0,0,0,0,0,0,0,0,0,0,0,0,0,0,0,0,148,2026-02-06 03:57:14.835055
ATMN,26.23,25.97,26.23,2322600.0,2127500.0,0,0,0,0,0,0,0,0,0,0,0,0,0,0,0,0,0,0,0,0,0,0,0,0,0,0,148,2026-02-06 03:57:14.835055
WNTR,26.85,26.85,26.91,2146600.0,2053500.0,0,0,0,0,0,0,0,0,0,0,0,0,0,0,0,0,0,0,0,0,0,0,0,0,0,0,148,2026-02-06 03:57:14.835055
SPNG,23.78,23.78,24.2,2482100.0,2187600.0,0,0,0,0,0,0,0,0,0,0,0,0,0,0,0,0,0,0,0,0,0,0,0,0,0,0,149,2026-02-06 03:57:16.046548
SMMR,24.26,24.22,24.26,2131600.0,1762100.0,0,0,0,0,0,0,0,0,0,0,0,0,0,0,0,0,0,0,0,0,0,0,0,0,0,0,149,2026-02-06 03:57:16.046548
ATMN,25.95,25.95,26.29,2295700.0,2109600.0,0,0,0,0,0,0,0,0,0,0,0,0,0,0,0,0,0,0,0,0,0,0,0,0,0,0,149,2026-02-06 03:57:16.046548
WNTR,26.91,26.85,26.91,2239700.0,2021700.0,0,0,0,0,0,0,0,0,0,0,0,0,0,0,0,0,0,0,0,0,0,0,0,0,0,0,149,2026-02-06 03:57:16.046548
SPNG,23.79,23.79,24.2,2484100.0,2195400.0,0,0,0,0,0,0,0,0,0,0,0,0,0,0,0,0,0,0,0,0,0,0,0,0,0,0,150,2026-02-06 03:57:16.613201
SMMR,24.26,24.33,24.42,2131200.0,1749800.0,0,0,0,0,0,0,0,0,0,0,0,0,0,0,0,0,0,0,0,0,0,0,0,0,0,0,150,2026-02-06 03:57:16.613201
ATMN,25.93,25.93,26.29,2277300.0,2109600.0,0,0,0,0,0,0,0,0,0,0,0,0,0,0,0,0,0,0,0,0,0,0,0,0,0,0,150,2026-02-06 03:57:16.613201
WNTR,27.02,26.85,27.02,2239700.0,2051400.0,0,0,0,0,0,0,0,0,0,0,0,0,0,0,0,0,0,0,0,0,0,0,0,0,0,0,150,2026-02-06 03:57:16.613201
SPNG,23.55,24.02,24.2,2492800.0,2195400.0,0,0,0,0,0,0,0,0,0,0,0,0,0,0,0,0,0,0,0,0,0,0,0,0,0,0,151,2026-02-06 03:57:17.669850
SMMR,24.33,24.29,24.3,2122800.0,2088700.0,0,0,0,0,0,0,0,0,0,0,0,0,0,0,0,0,0,0,0,0,0,0,0,0,0,0,151,2026-02-06 03:57:17.669850
ATMN,25.93,25.93,26.27,2236400.0,2148400.0,0,0,0,0,0,0,0,0,0,0,0,0,0,0,0,0,0,0,0,0,0,0,0,0,0,0,151,2026-02-06 03:57:17.669850
WNTR,27.02,26.95,27.02,2193900.0,2055700.0,0,0,0,0,0,0,0,0,0,0,0,0,0,0,0,0,0,0,0,0,0,0,0,0,0,0,151,2026-02-06 03:57:17.669850
SPNG,24.22,24.02,24.04,2492800.0,2226900.0,0,0,0,0,0,0,0,0,0,0,0,0,0,0,0,0,0,0,0,0,0,0,0,0,0,0,152,2026-02-06 03:57:18.730947
SMMR,24.34,24.29,24.33,2103500.0,2061800.0,0,0,0,0,0,0,0,0,0,0,0,0,0,0,0,0,0,0,0,0,0,0,0,0,0,0,152,2026-02-06 03:57:18.730947
ATMN,26.24,25.93,26.24,2236400.0,2123000.0,0,0,0,0,0,0,0,0,0,0,0,0,0,0,0,0,0,0,0,0,0,0,0,0,0,0,152,2026-02-06 03:57:18.730947
WNTR,27.0,26.95,27.0,2193900.0,2063600.0,0,0,0,0,0,0,0,0,0,0,0,0,0,0,0,0,0,0,0,0,0,0,0,0,0,0,152,2026-02-06 03:57:18.730947
SPNG,24.04,24.02,24.04,2444400.0,2226900.0,0,0,0,0,0,0,0,0,0,0,0,0,0,0,0,0,0,0,0,0,0,0,0,0,0,0,153,2026-02-06 03:57:19.838459
SMMR,24.29,24.24,24.25,2123400.0,2126300.0,0,0,0,0,0,0,0,0,0,0,0,0,0,0,0,0,0,0,0,0,0,0,0,0,0,0,153,2026-02-06 03:57:19.838459
ATMN,26.27,25.93,26.0,2237000.0,2149000.0,0,0,0,0,0,0,0,0,0,0,0,0,0,0,0,0,0,0,0,0,0,0,0,0,0,0,153,2026-02-06 03:57:19.838459
WNTR,26.95,26.85,26.9,2206600.0,2060600.0,0,0,0,0,0,0,0,0,0,0,0,0,0,0,0,0,0,0,0,0,0,0,0,0,0,0,153,2026-02-06 03:57:19.838459
SPNG,24.08,23.55,24.08,2451600.0,2189800.0,0,0,0,0,0,0,0,0,0,0,0,0,0,0,0,0,0,0,0,0,0,0,0,0,0,0,154,2026-02-06 03:57:20.893759
SMMR,24.22,24.22,24.33,2142700.0,2099900.0,0,0,0,0,0,0,0,0,0,0,0,0,0,0,0,0,0,0,0,0,0,0,0,0,0,0,154,2026-02-06 03:57:20.893759
ATMN,26.0,25.93,26.0,2232400.0,2149000.0,0,0,0,0,0,0,0,0,0,0,0,0,0,0,0,0,0,0,0,0,0,0,0,0,0,0,154,2026-02-06 03:57:20.893759
WNTR,27.0,26.85,27.0,2204000.0,2057800.0,0,0,0,0,0,0,0,0,0,0,0,0,0,0,0,0,0,0,0,0,0,0,0,0,0,0,154,2026-02-06 03:57:20.893759
SPNG,24.08,24.17,24.23,2423300.0,2210300.0,0,0,0,0,0,0,0,0,0,0,0,0,0,0,0,0,0,0,0,0,0,0,0,0,0,0,155,2026-02-06 03:57:21.972130
SMMR,24.33,24.22,24.33,2142700.0,2119500.0,0,0,0,0,0,0,0,0,0,0,0,0,0,0,0,0,0,0,0,0,0,0,0,0,0,0,155,2026-02-06 03:57:21.972130
ATMN,26.0,25.93,26.0,2244500.0,2165900.0,0,0,0,0,0,0,0,0,0,0,0,0,0,0,0,0,0,0,0,0,0,0,0,0,0,0,155,2026-02-06 03:57:21.972130
WNTR,27.04,26.96,27.04,2179000.0,2051300.0,0,0,0,0,0,0,0,0,0,0,0,0,0,0,0,0,0,0,0,0,0,0,0,0,0,0,155,2026-02-06 03:57:21.972130
SPNG,23.55,23.71,24.03,2400200.0,2210800.0,0,0,0,0,0,0,0,0,0,0,0,0,0,0,0,0,0,0,0,0,0,0,0,0,0,0,156,2026-02-06 03:57:23.062182
SMMR,24.34,24.35,24.42,2126900.0,2081000.0,0,0,0,0,0,0,0,0,0,0,0,0,0,0,0,0,0,0,0,0,0,0,0,0,0,0,156,2026-02-06 03:57:23.062182
ATMN,26.29,26.01,26.29,2242600.0,2106200.0,0,0,0,0,0,0,0,0,0,0,0,0,0,0,0,0,0,0,0,0,0,0,0,0,0,0,156,2026-02-06 03:57:23.062182
WNTR,26.96,26.96,27.07,2179000.0,2031800.0,0,0,0,0,0,0,0,0,0,0,0,0,0,0,0,0,0,0,0,0,0,0,0,0,0,0,156,2026-02-06 03:57:23.062182
SPNG,23.55,23.93,24.03,2326500.0,2260200.0,0,0,0,0,0,0,0,0,0,0,0,0,0,0,0,0,0,0,0,0,0,0,0,0,0,0,157,2026-02-06 03:57:24.110417
SMMR,24.32,24.35,24.42,2120900.0,2110200.0,0,0,0,0,0,0,0,0,0,0,0,0,0,0,0,0,0,0,0,0,0,0,0,0,0,0,157,2026-02-06 03:57:24.110417
ATMN,26.29,26.26,26.29,2241100.0,2102600.0,0,0,0,0,0,0,0,0,0,0,0,0,0,0,0,0,0,0,0,0,0,0,0,0,0,0,157,2026-02-06 03:57:24.110417
WNTR,26.96,26.89,26.93,2147200.0,2035900.0,0,0,0,0,0,0,0,0,0,0,0,0,0,0,0,0,0,0,0,0,0,0,0,0,0,0,157,2026-02-06 03:57:24.110417
SPNG,24.03,23.71,24.03,2364600.0,2260200.0,0,0,0,0,0,0,0,0,0,0,0,0,0,0,0,0,0,0,0,0,0,0,0,0,0,0,158,2026-02-06 03:57:24.664545
SMMR,24.32,24.32,24.42,2123900.0,2107200.0,0,0,0,0,0,0,0,0,0,0,0,0,0,0,0,0,0,0,0,0,0,0,0,0,0,0,158,2026-02-06 03:57:24.664545
ATMN,26.29,26.26,26.29,2241100.0,2096000.0,0,0,0,0,0,0,0,0,0,0,0,0,0,0,0,0,0,0,0,0,0,0,0,0,0,0,158,2026-02-06 03:57:24.664545
WNTR,26.96,26.89,26.93,2132700.0,2035900.0,0,0,0,0,0,0,0,0,0,0,0,0,0,0,0,0,0,0,0,0,0,0,0,0,0,0,158,2026-02-06 03:57:24.664545
SPNG,24.13,23.78,24.13,2348000.0,2245100.0,0,0,0,0,0,0,0,0,0,0,0,0,0,0,0,0,0,0,0,0,0,0,0,0,0,0,159,2026-02-06 03:57:25.801488
SMMR,24.19,24.25,24.28,2142300.0,2080100.0,0,0,0,0,0,0,0,0,0,0,0,0,0,0,0,0,0,0,0,0,0,0,0,0,0,0,159,2026-02-06 03:57:25.801488
ATMN,26.01,26.01,26.29,2250900.0,2096000.0,0,0,0,0,0,0,0,0,0,0,0,0,0,0,0,0,0,0,0,0,0,0,0,0,0,0,159,2026-02-06 03:57:25.801488
WNTR,26.93,26.97,27.08,2128400.0,2026600.0,0,0,0,0,0,0,0,0,0,0,0,0,0,0,0,0,0,0,0,0,0,0,0,0,0,0,159,2026-02-06 03:57:25.801488
SPNG,24.25,23.79,24.25,2322900.0,2226400.0,0,0,0,0,0,0,0,0,0,0,0,0,0,0,0,0,0,0,0,0,0,0,0,0,0,0,160,2026-02-06 03:57:26.912882
SMMR,24.19,24.25,24.28,2138500.0,2052800.0,0,0,0,0,0,0,0,0,0,0,0,0,0,0,0,0,0,0,0,0,0,0,0,0,0,0,160,2026-02-06 03:57:26.912882
ATMN,26.31,26.08,26.31,2190900.0,2094700.0,0,0,0,0,0,0,0,0,0,0,0,0,0,0,0,0,0,0,0,0,0,0,0,0,0,0,160,2026-02-06 03:57:26.912882
WNTR,27.08,26.86,27.08,2158400.0,2036900.0,0,0,0,0,0,0,0,0,0,0,0,0,0,0,0,0,0,0,0,0,0,0,0,0,0,0,160,2026-02-06 03:57:26.912882
SPNG,23.79,23.79,24.25,2322900.0,2242200.0,0,0,0,0,0,0,0,0,0,0,0,0,0,0,0,0,0,0,0,0,0,0,0,0,0,0,161,2026-02-06 03:57:27.960926
SMMR,24.28,24.32,24.42,2129600.0,2078100.0,0,0,0,0,0,0,0,0,0,0,0,0,0,0,0,0,0,0,0,0,0,0,0,0,0,0,161,2026-02-06 03:57:27.960926
ATMN,26.33,26.08,26.33,2190900.0,2080300.0,0,0,0,0,0,0,0,0,0,0,0,0,0,0,0,0,0,0,0,0,0,0,0,0,0,0,161,2026-02-06 03:57:27.960926
WNTR,27.0,26.89,27.0,2120400.0,2040200.0,0,0,0,0,0,0,0,0,0,0,0,0,0,0,0,0,0,0,0,0,0,0,0,0,0,0,161,2026-02-06 03:57:27.960926
SPNG,24.16,23.55,24.16,2390700.0,2279900.0,0,0,0,0,0,0,0,0,0,0,0,0,0,0,0,0,0,0,0,0,0,0,0,0,0,0,162,2026-02-06 03:57:28.997950
SMMR,24.38,24.32,24.35,2129600.0,2128800.0,0,0,0,0,0,0,0,0,0,0,0,0,0,0,0,0,0,0,0,0,0,0,0,0,0,0,162,2026-02-06 03:57:28.997950
ATMN,26.36,26.31,26.36,2199700.0,2080700.0,0,0,0,0,0,0,0,0,0,0,0,0,0,0,0,0,0,0,0,0,0,0,0,0,0,0,162,2026-02-06 03:57:28.997950
WNTR,27.11,26.99,27.11,2094300.0,2066300.0,0,0,0,0,0,0,0,0,0,0,0,0,0,0,0,0,0,0,0,0,0,0,0,0,0,0,162,2026-02-06 03:57:28.997950
SPNG,24.16,23.99,24.16,2323800.0,2279900.0,0,0,0,0,0,0,0,0,0,0,0,0,0,0,0,0,0,0,0,0,0,0,0,0,0,0,163,2026-02-06 03:57:30.039868
SMMR,24.27,24.27,24.35,2122700.0,2097900.0,0,0,0,0,0,0,0,0,0,0,0,0,0,0,0,0,0,0,0,0,0,0,0,0,0,0,163,2026-02-06 03:57:30.039868
ATMN,26.31,26.31,26.44,2199700.0,2130600.0,0,0,0,0,0,0,0,0,0,0,0,0,0,0,0,0,0,0,0,0,0,0,0,0,0,0,163,2026-02-06 03:57:30.039868
WNTR,27.12,27.01,27.12,2072500.0,2085400.0,0,0,0,0,0,0,0,0,0,0,0,0,0,0,0,0,0,0,0,0,0,0,0,0,0,0,163,2026-02-06 03:57:30.039868
SPNG,24.16,23.99,24.04,2299000.0,2298800.0,0,0,0,0,0,0,0,0,0,0,0,0,0,0,0,0,0,0,0,0,0,0,0,0,0,0,164,2026-02-06 03:57:31.079960
SMMR,24.25,24.25,24.35,2138500.0,2097900.0,0,0,0,0,0,0,0,0,0,0,0,0,0,0,0,0,0,0,0,0,0,0,0,0,0,0,164,2026-02-06 03:57:31.079960
ATMN,26.43,26.08,26.3,2182200.0,2111800.0,0,0,0,0,0,0,0,0,0,0,0,0,0,0,0,0,0,0,0,0,0,0,0,0,0,0,164,2026-02-06 03:57:31.079960
WNTR,27.12,26.99,27.06,2048500.0,2048800.0,0,0,0,0,0,0,0,0,0,0,0,0,0,0,0,0,0,0,0,0,0,0,0,0,0,0,164,2026-02-06 03:57:31.079960
SPNG,24.25,24.33,24.35,2314800.0,2234300.0,0,0,0,0,0,0,0,0,0,0,0,0,0,0,0,0,0,0,0,0,0,0,0,0,0,0,165,2026-02-06 03:57:31.715273
SMMR,24.42,24.25,24.42,2138500.0,2078100.0,0,0,0,0,0,0,0,0,0,0,0,0,0,0,0,0,0,0,0,0,0,0,0,0,0,0,165,2026-02-06 03:57:31.715273
ATMN,26.43,26.08,26.3,2182200.0,2107800.0,0,0,0,0,0,0,0,0,0,0,0,0,0,0,0,0,0,0,0,0,0,0,0,0,0,0,165,2026-02-06 03:57:31.715273
WNTR,27.12,26.99,27.06,2048500.0,2048800.0,0,0,0,0,0,0,0,0,0,0,0,0,0,0,0,0,0,0,0,0,0,0,0,0,0,0,165,2026-02-06 03:57:31.715273
SPNG,24.33,23.99,24.23,2321300.0,2243500.0,0,0,0,0,0,0,0,0,0,0,0,0,0,0,0,0,0,0,0,0,0,0,0,0,0,0,166,2026-02-06 03:57:32.762539
SMMR,24.39,24.19,24.39,2172400.0,2097100.0,0,0,0,0,0,0,0,0,0,0,0,0,0,0,0,0,0,0,0,0,0,0,0,0,0,0,166,2026-02-06 03:57:32.762539
ATMN,26.43,26.13,26.3,2147100.0,2107800.0,0,0,0,0,0,0,0,0,0,0,0,0,0,0,0,0,0,0,0,0,0,0,0,0,0,0,166,2026-02-06 03:57:32.762539
WNTR,26.91,26.91,27.17,2083700.0,2113900.0,0,0,0,0,0,0,0,0,0,0,0,0,0,0,0,0,0,0,0,0,0,0,0,0,0,0,166,2026-02-06 03:57:32.762539
SPNG,23.9,23.9,24.31,2311700.0,2234000.0,0,0,0,0,0,0,0,0,0,0,0,0,0,0,0,0,0,0,0,0,0,0,0,0,0,0,167,2026-02-06 03:57:33.826729
SMMR,24.39,24.31,24.39,2146800.0,2098200.0,0,0,0,0,0,0,0,0,0,0,0,0,0,0,0,0,0,0,0,0,0,0,0,0,0,0,167,2026-02-06 03:57:33.826729
ATMN,26.22,26.13,26.22,2144800.0,2130200.0,0,0,0,0,0,0,0,0,0,0,0,0,0,0,0,0,0,0,0,0,0,0,0,0,0,0,167,2026-02-06 03:57:33.826729
WNTR,26.91,27.16,27.17,2094100.0,2116500.0,0,0,0,0,0,0,0,0,0,0,0,0,0,0,0,0,0,0,0,0,0,0,0,0,0,0,167,2026-02-06 03:57:33.826729
SPNG,23.98,24.24,24.31,2317500.0,2224900.0,0,0,0,0,0,0,0,0,0,0,0,0,0,0,0,0,0,0,0,0,0,0,0,0,0,0,168,2026-02-06 03:57:34.890895
SMMR,24.41,24.19,24.41,2164300.0,2080400.0,0,0,0,0,0,0,0,0,0,0,0,0,0,0,0,0,0,0,0,0,0,0,0,0,0,0,168,2026-02-06 03:57:34.890895
ATMN,26.3,26.13,26.3,2144800.0,2144900.0,0,0,0,0,0,0,0,0,0,0,0,0,0,0,0,0,0,0,0,0,0,0,0,0,0,0,168,2026-02-06 03:57:34.890895
WNTR,27.16,27.16,27.17,2094100.0,2100000.0,0,0,0,0,0,0,0,0,0,0,0,0,0,0,0,0,0,0,0,0,0,0,0,0,0,0,168,2026-02-06 03:57:34.890895
SPNG,23.88,23.88,24.31,2336500.0,2257600.0,0,0,0,0,0,0,0,0,0,0,0,0,0,0,0,0,0,0,0,0,0,0,0,0,0,0,169,2026-02-06 03:57:35.955964
SMMR,24.43,24.31,24.43,2176500.0,2097000.0,0,0,0,0,0,0,0,0,0,0,0,0,0,0,0,0,0,0,0,0,0,0,0,0,0,0,169,2026-02-06 03:57:35.955964
ATMN,26.22,26.13,26.22,2142000.0,2147600.0,0,0,0,0,0,0,0,0,0,0,0,0,0,0,0,0,0,0,0,0,0,0,0,0,0,0,169,2026-02-06 03:57:35.955964
WNTR,27.16,27.16,27.17,2062800.0,2101800.0,0,0,0,0,0,0,0,0,0,0,0,0,0,0,0,0,0,0,0,0,0,0,0,0,0,0,169,2026-02-06 03:57:35.955964
SPNG,23.88,24.02,24.05,2310600.0,2276800.0,0,0,0,0,0,0,0,0,0,0,0,0,0,0,0,0,0,0,0,0,0,0,0,0,0,0,170,2026-02-06 03:57:37.068100
SMMR,24.31,24.19,24.29,2164300.0,2125400.0,0,0,0,0,0,0,0,0,0,0,0,0,0,0,0,0,0,0,0,0,0,0,0,0,0,0,170,2026-02-06 03:57:37.068100
ATMN,26.12,26.12,26.22,2119200.0,2132500.0,0,0,0,0,0,0,0,0,0,0,0,0,0,0,0,0,0,0,0,0,0,0,0,0,0,0,170,2026-02-06 03:57:37.068100
WNTR,26.91,26.91,27.0,2083700.0,2113000.0,0,0,0,0,0,0,0,0,0,0,0,0,0,0,0,0,0,0,0,0,0,0,0,0,0,0,170,2026-02-06 03:57:37.068100
SPNG,24.05,24.02,24.05,2310600.0,2294400.0,0,0,0,0,0,0,0,0,0,0,0,0,0,0,0,0,0,0,0,0,0,0,0,0,0,0,171,2026-02-06 03:57:38.141988
SMMR,24.31,24.19,24.22,2169500.0,2106600.0,0,0,0,0,0,0,0,0,0,0,0,0,0,0,0,0,0,0,0,0,0,0,0,0,0,0,171,2026-02-06 03:57:38.141988
ATMN,26.08,26.21,26.22,2146100.0,2132500.0,0,0,0,0,0,0,0,0,0,0,0,0,0,0,0,0,0,0,0,0,0,0,0,0,0,0,171,2026-02-06 03:57:38.141988
WNTR,27.0,27.16,27.17,2113000.0,2093000.0,0,0,0,0,0,0,0,0,0,0,0,0,0,0,0,0,0,0,0,0,0,0,0,0,0,0,171,2026-02-06 03:57:38.141988
SPNG,23.95,23.95,24.05,2348400.0,2294400.0,0,0,0,0,0,0,0,0,0,0,0,0,0,0,0,0,0,0,0,0,0,0,0,0,0,0,172,2026-02-06 03:57:39.187163
SMMR,24.39,24.38,24.39,2160400.0,2111500.0,0,0,0,0,0,0,0,0,0,0,0,0,0,0,0,0,0,0,0,0,0,0,0,0,0,0,172,2026-02-06 03:57:39.187163
ATMN,26.22,26.22,26.24,2122000.0,2115700.0,0,0,0,0,0,0,0,0,0,0,0,0,0,0,0,0,0,0,0,0,0,0,0,0,0,0,172,2026-02-06 03:57:39.187163
WNTR,27.16,27.04,27.12,2081100.0,2090000.0,0,0,0,0,0,0,0,0,0,0,0,0,0,0,0,0,0,0,0,0,0,0,0,0,0,0,172,2026-02-06 03:57:39.187163
SPNG,24.05,24.2,24.31,2326100.0,2269400.0,0,0,0,0,0,0,0,0,0,0,0,0,0,0,0,0,0,0,0,0,0,0,0,0,0,0,173,2026-02-06 03:57:39.771863
SMMR,24.39,24.38,24.39,2154300.0,2119600.0,0,0,0,0,0,0,0,0,0,0,0,0,0,0,0,0,0,0,0,0,0,0,0,0,0,0,173,2026-02-06 03:57:39.771863
ATMN,26.22,26.23,26.24,2132400.0,2113600.0,0,0,0,0,0,0,0,0,0,0,0,0,0,0,0,0,0,0,0,0,0,0,0,0,0,0,173,2026-02-06 03:57:39.771863
WNTR,27.17,27.04,27.17,2081100.0,2095500.0,0,0,0,0,0,0,0,0,0,0,0,0,0,0,0,0,0,0,0,0,0,0,0,0,0,0,173,2026-02-06 03:57:39.771863
SPNG,24.23,24.23,24.31,2330000.0,2269400.0,0,0,0,0,0,0,0,0,0,0,0,0,0,0,0,0,0,0,0,0,0,0,0,0,0,0,174,2026-02-06 03:57:40.856862
SMMR,24.39,24.38,24.39,2147300.0,2112300.0,0,0,0,0,0,0,0,0,0,0,0,0,0,0,0,0,0,0,0,0,0,0,0,0,0,0,174,2026-02-06 03:57:40.856862
ATMN,26.22,26.22,26.24,2122000.0,2128800.0,0,0,0,0,0,0,0,0,0,0,0,0,0,0,0,0,0,0,0,0,0,0,0,0,0,0,174,2026-02-06 03:57:40.856862
WNTR,27.18,26.96,27.18,2095500.0,2060900.0,0,0,0,0,0,0,0,0,0,0,0,0,0,0,0,0,0,0,0,0,0,0,0,0,0,0,174,2026-02-06 03:57:40.856862
SPNG,23.86,23.86,24.31,2312900.0,2290500.0,0,0,0,0,0,0,0,0,0,0,0,0,0,0,0,0,0,0,0,0,0,0,0,0,0,0,175,2026-02-06 03:57:41.999594
SMMR,24.31,24.25,24.29,2179000.0,2096800.0,0,0,0,0,0,0,0,0,0,0,0,0,0,0,0,0,0,0,0,0,0,0,0,0,0,0,175,2026-02-06 03:57:41.999594
ATMN,26.21,26.21,26.24,2146100.0,2137200.0,0,0,0,0,0,0,0,0,0,0,0,0,0,0,0,0,0,0,0,0,0,0,0,0,0,0,175,2026-02-06 03:57:41.999594
WNTR,27.06,27.0,27.06,2078700.0,2093300.0,0,0,0,0,0,0,0,0,0,0,0,0,0,0,0,0,0,0,0,0,0,0,0,0,0,0,175,2026-02-06 03:57:41.999594
SPNG,23.52,23.89,23.96,2388600.0,2273400.0,0,0,0,0,0,0,0,0,0,0,0,0,0,0,0,0,0,0,0,0,0,0,0,0,0,0,176,2026-02-06 03:57:43.058929
SMMR,24.41,24.32,24.37,2179900.0,2106000.0,0,0,0,0,0,0,0,0,0,0,0,0,0,0,0,0,0,0,0,0,0,0,0,0,0,0,176,2026-02-06 03:57:43.058929
ATMN,26.07,26.1,26.24,2141900.0,2121700.0,0,0,0,0,0,0,0,0,0,0,0,0,0,0,0,0,0,0,0,0,0,0,0,0,0,0,176,2026-02-06 03:57:43.058929
WNTR,27.0,27.0,27.18,2098200.0,2060900.0,0,0,0,0,0,0,0,0,0,0,0,0,0,0,0,0,0,0,0,0,0,0,0,0,0,0,176,2026-02-06 03:57:43.058929
SPNG,24.31,23.89,24.31,2345600.0,2259000.0,0,0,0,0,0,0,0,0,0,0,0,0,0,0,0,0,0,0,0,0,0,0,0,0,0,0,177,2026-02-06 03:57:44.129817
SMMR,24.45,24.32,24.45,2175000.0,2091400.0,0,0,0,0,0,0,0,0,0,0,0,0,0,0,0,0,0,0,0,0,0,0,0,0,0,0,177,2026-02-06 03:57:44.129817
ATMN,26.07,26.1,26.24,2118200.0,2135600.0,0,0,0,0,0,0,0,0,0,0,0,0,0,0,0,0,0,0,0,0,0,0,0,0,0,0,177,2026-02-06 03:57:44.129817
WNTR,27.0,27.0,27.02,2098200.0,2077900.0,0,0,0,0,0,0,0,0,0,0,0,0,0,0,0,0,0,0,0,0,0,0,0,0,0,0,177,2026-02-06 03:57:44.129817
SPNG,23.89,23.52,23.56,2317500.0,2257900.0,0,0,0,0,0,0,0,0,0,0,0,0,0,0,0,0,0,0,0,0,0,0,0,0,0,0,178,2026-02-06 03:57:45.177348
SMMR,24.32,24.32,24.45,2163200.0,2077500.0,0,0,0,0,0,0,0,0,0,0,0,0,0,0,0,0,0,0,0,0,0,0,0,0,0,0,178,2026-02-06 03:57:45.177348
ATMN,26.07,26.07,26.24,2129500.0,2135600.0,0,0,0,0,0,0,0,0,0,0,0,0,0,0,0,0,0,0,0,0,0,0,0,0,0,0,178,2026-02-06 03:57:45.177348
WNTR,26.86,26.86,27.02,2158400.0,2062900.0,0,0,0,0,0,0,0,0,0,0,0,0,0,0,0,0,0,0,0,0,0,0,0,0,0,0,178,2026-02-06 03:57:45.177348
SPNG,23.56,23.68,24.22,2365000.0,2283500.0,0,0,0,0,0,0,0,0,0,0,0,0,0,0,0,0,0,0,0,0,0,0,0,0,0,0,179,2026-02-06 03:57:46.277587
SMMR,24.3,24.3,24.45,2139800.0,2077500.0,0,0,0,0,0,0,0,0,0,0,0,0,0,0,0,0,0,0,0,0,0,0,0,0,0,0,179,2026-02-06 03:57:46.277587
ATMN,26.07,26.06,26.07,2130900.0,2166500.0,0,0,0,0,0,0,0,0,0,0,0,0,0,0,0,0,0,0,0,0,0,0,0,0,0,0,179,2026-02-06 03:57:46.277587
WNTR,27.19,27.07,27.19,2116000.0,2060000.0,0,0,0,0,0,0,0,0,0,0,0,0,0,0,0,0,0,0,0,0,0,0,0,0,0,0,179,2026-02-06 03:57:46.277587
SPNG,23.68,24.31,0.0,200000.0,0,0,0,0,0,0,0,0,0,0,0,0,0,0,0,0,0,0,0,0,0,0,0,0,0,0,0,180,2026-02-06 03:57:46.840815
SMMR,24.3,25.54,0.0,200000.0,0,0,0,0,0,0,0,0,0,0,0,0,0,0,0,0,0,0,0,0,0,0,0,0,0,0,0,180,2026-02-06 03:57:46.840815
ATMN,26.11,25.59,0.0,200000.0,0,0,0,0,0,0,0,0,0,0,0,0,0,0,0,0,0,0,0,0,0,0,0,0,0,0,0,180,2026-02-06 03:57:46.840815
WNTR,26.95,24.96,0.0,200000.0,0,0,0,0,0,0,0,0,0,0,0,0,0,0,0,0,0,0,0,0,0,0,0,0,0,0,0,180,2026-02-06 03:57:46.840815
SPNG,23.68,24.31,24.92,1020800.0,1083400.0,0,0,0,0,0,0,0,0,0,0,0,0,0,0,0,0,0,0,0,0,0,0,0,0,0,0,181,2026-02-06 03:57:48.000619
SMMR,25.54,25.54,25.58,821100.0,1020200.0,0,0,0,0,0,0,0,0,0,0,0,0,0,0,0,0,0,0,0,0,0,0,0,0,0,0,181,2026-02-06 03:57:48.000619
ATMN,25.59,25.59,25.63,1098900.0,966900.0,0,0,0,0,0,0,0,0,0,0,0,0,0,0,0,0,0,0,0,0,0,0,0,0,0,0,181,2026-02-06 03:57:48.000619
WNTR,26.95,24.96,25.39,936700.0,1230900.0,0,0,0,0,0,0,0,0,0,0,0,0,0,0,0,0,0,0,0,0,0,0,0,0,0,0,181,2026-02-06 03:57:48.000619
SPNG,24.31,23.42,24.13,1124200.0,1417100.0,0,0,0,0,0,0,0,0,0,0,0,0,0,0,0,0,0,0,0,0,0,0,0,0,0,0,182,2026-02-06 03:57:49.089220
SMMR,25.54,25.54,25.57,956600.0,1020200.0,0,0,0,0,0,0,0,0,0,0,0,0,0,0,0,0,0,0,0,0,0,0,0,0,0,0,182,2026-02-06 03:57:49.089220
ATMN,25.44,25.35,25.43,1025700.0,1197400.0,0,0,0,0,0,0,0,0,0,0,0,0,0,0,0,0,0,0,0,0,0,0,0,0,0,0,182,2026-02-06 03:57:49.089220
WNTR,24.96,24.86,24.88,1115800.0,1463800.0,0,0,0,0,0,0,0,0,0,0,0,0,0,0,0,0,0,0,0,0,0,0,0,0,0,0,182,2026-02-06 03:57:49.089220
SPNG,24.13,24.13,24.54,1343600.0,1518500.0,0,0,0,0,0,0,0,0,0,0,0,0,0,0,0,0,0,0,0,0,0,0,0,0,0,0,183,2026-02-06 03:57:50.139355
SMMR,25.54,25.54,25.68,856600.0,960900.0,0,0,0,0,0,0,0,0,0,0,0,0,0,0,0,0,0,0,0,0,0,0,0,0,0,0,183,2026-02-06 03:57:50.139355
ATMN,25.43,25.42,25.43,1399400.0,1197400.0,0,0,0,0,0,0,0,0,0,0,0,0,0,0,0,0,0,0,0,0,0,0,0,0,0,0,183,2026-02-06 03:57:50.139355
WNTR,24.78,24.78,24.88,1106700.0,1463800.0,0,0,0,0,0,0,0,0,0,0,0,0,0,0,0,0,0,0,0,0,0,0,0,0,0,0,183,2026-02-06 03:57:50.139355
SPNG,23.69,23.88,24.54,1528400.0,1518500.0,0,0,0,0,0,0,0,0,0,0,0,0,0,0,0,0,0,0,0,0,0,0,0,0,0,0,184,2026-02-06 03:57:51.183702
SMMR,25.54,25.59,25.61,1056400.0,1075100.0,0,0,0,0,0,0,0,0,0,0,0,0,0,0,0,0,0,0,0,0,0,0,0,0,0,0,184,2026-02-06 03:57:51.183702
ATMN,25.39,25.39,25.63,1276200.0,869300.0,0,0,0,0,0,0,0,0,0,0,0,0,0,0,0,0,0,0,0,0,0,0,0,0,0,0,184,2026-02-06 03:57:51.183702
WNTR,24.88,24.78,24.8,1106700.0,1599600.0,0,0,0,0,0,0,0,0,0,0,0,0,0,0,0,0,0,0,0,0,0,0,0,0,0,0,184,2026-02-06 03:57:51.183702
SPNG,24.74,23.88,24.74,1668200.0,1219400.0,0,0,0,0,0,0,0,0,0,0,0,0,0,0,0,0,0,0,0,0,0,0,0,0,0,0,185,2026-02-06 03:57:52.235419
SMMR,25.59,25.59,25.61,1177300.0,1287500.0,0,0,0,0,0,0,0,0,0,0,0,0,0,0,0,0,0,0,0,0,0,0,0,0,0,0,185,2026-02-06 03:57:52.235419
ATMN,25.63,25.65,25.95,1395600.0,1080600.0,0,0,0,0,0,0,0,0,0,0,0,0,0,0,0,0,0,0,0,0,0,0,0,0,0,0,185,2026-02-06 03:57:52.235419
WNTR,24.81,24.78,24.81,1210700.0,1601500.0,0,0,0,0,0,0,0,0,0,0,0,0,0,0,0,0,0,0,0,0,0,0,0,0,0,0,185,2026-02-06 03:57:52.235419
SPNG,24.74,24.9,24.92,1943900.0,1083400.0,0,0,0,0,0,0,0,0,0,0,0,0,0,0,0,0,0,0,0,0,0,0,0,0,0,0,186,2026-02-06 03:57:53.296592
SMMR,25.61,25.59,25.61,1379600.0,1287500.0,0,0,0,0,0,0,0,0,0,0,0,0,0,0,0,0,0,0,0,0,0,0,0,0,0,0,186,2026-02-06 03:57:53.296592
ATMN,25.57,25.81,25.87,1381700.0,1212400.0,0,0,0,0,0,0,0,0,0,0,0,0,0,0,0,0,0,0,0,0,0,0,0,0,0,0,186,2026-02-06 03:57:53.296592
WNTR,24.88,24.78,24.88,1328400.0,1600400.0,0,0,0,0,0,0,0,0,0,0,0,0,0,0,0,0,0,0,0,0,0,0,0,0,0,0,186,2026-02-06 03:57:53.296592
SPNG,23.87,23.87,24.76,1675100.0,1197000.0,0,0,0,0,0,0,0,0,0,0,0,0,0,0,0,0,0,0,0,0,0,0,0,0,0,0,187,2026-02-06 03:57:53.829092
SMMR,25.64,25.59,25.64,1500500.0,1173300.0,0,0,0,0,0,0,0,0,0,0,0,0,0,0,0,0,0,0,0,0,0,0,0,0,0,0,187,2026-02-06 03:57:53.829092
ATMN,25.57,25.81,25.87,1381700.0,1423900.0,0,0,0,0,0,0,0,0,0,0,0,0,0,0,0,0,0,0,0,0,0,0,0,0,0,0,187,2026-02-06 03:57:53.829092
WNTR,25.08,25.02,25.08,1439900.0,1367500.0,0,0,0,0,0,0,0,0,0,0,0,0,0,0,0,0,0,0,0,0,0,0,0,0,0,0,187,2026-02-06 03:57:53.829092
SPNG,23.58,23.88,24.32,1517600.0,1295300.0,0,0,0,0,0,0,0,0,0,0,0,0,0,0,0,0,0,0,0,0,0,0,0,0,0,0,188,2026-02-06 03:57:54.952978
SMMR,25.68,25.55,25.61,1374700.0,1150600.0,0,0,0,0,0,0,0,0,0,0,0,0,0,0,0,0,0,0,0,0,0,0,0,0,0,0,188,2026-02-06 03:57:54.952978
ATMN,25.81,25.39,25.64,1392400.0,1753000.0,0,0,0,0,0,0,0,0,0,0,0,0,0,0,0,0,0,0,0,0,0,0,0,0,0,0,188,2026-02-06 03:57:54.952978
WNTR,25.02,25.02,25.04,1439900.0,1708600.0,0,0,0,0,0,0,0,0,0,0,0,0,0,0,0,0,0,0,0,0,0,0,0,0,0,0,188,2026-02-06 03:57:54.952978
SPNG,23.88,23.88,24.66,1517600.0,1291200.0,0,0,0,0,0,0,0,0,0,0,0,0,0,0,0,0,0,0,0,0,0,0,0,0,0,0,189,2026-02-06 03:57:56.111106
SMMR,25.55,25.55,25.61,1469800.0,1311500.0,0,0,0,0,0,0,0,0,0,0,0,0,0,0,0,0,0,0,0,0,0,0,0,0,0,0,189,2026-02-06 03:57:56.111106
ATMN,25.81,25.39,25.81,1392400.0,1858700.0,0,0,0,0,0,0,0,0,0,0,0,0,0,0,0,0,0,0,0,0,0,0,0,0,0,0,189,2026-02-06 03:57:56.111106
WNTR,25.02,24.78,24.96,1438200.0,1969800.0,0,0,0,0,0,0,0,0,0,0,0,0,0,0,0,0,0,0,0,0,0,0,0,0,0,0,189,2026-02-06 03:57:56.111106
SPNG,23.42,24.2,24.66,1401500.0,1405700.0,0,0,0,0,0,0,0,0,0,0,0,0,0,0,0,0,0,0,0,0,0,0,0,0,0,0,190,2026-02-06 03:57:57.210727
SMMR,25.61,25.62,25.65,1584000.0,1331600.0,0,0,0,0,0,0,0,0,0,0,0,0,0,0,0,0,0,0,0,0,0,0,0,0,0,0,190,2026-02-06 03:57:57.210727
ATMN,25.35,25.35,25.43,1258600.0,2071700.0,0,0,0,0,0,0,0,0,0,0,0,0,0,0,0,0,0,0,0,0,0,0,0,0,0,0,190,2026-02-06 03:57:57.210727
WNTR,24.96,24.78,24.96,1534100.0,1969800.0,0,0,0,0,0,0,0,0,0,0,0,0,0,0,0,0,0,0,0,0,0,0,0,0,0,0,190,2026-02-06 03:57:57.210727
SPNG,24.2,24.2,24.66,1401500.0,1578900.0,0,0,0,0,0,0,0,0,0,0,0,0,0,0,0,0,0,0,0,0,0,0,0,0,0,0,191,2026-02-06 03:57:58.266699
SMMR,25.68,25.62,25.68,1584000.0,1438000.0,0,0,0,0,0,0,0,0,0,0,0,0,0,0,0,0,0,0,0,0,0,0,0,0,0,0,191,2026-02-06 03:57:58.266699
ATMN,25.43,25.35,25.43,1510000.0,2172000.0,0,0,0,0,0,0,0,0,0,0,0,0,0,0,0,0,0,0,0,0,0,0,0,0,0,0,191,2026-02-06 03:57:58.266699
WNTR,25.06,24.89,25.06,1774600.0,1695100.0,0,0,0,0,0,0,0,0,0,0,0,0,0,0,0,0,0,0,0,0,0,0,0,0,0,0,191,2026-02-06 03:57:58.266699
SPNG,24.2,24.38,24.39,1750400.0,1715000.0,0,0,0,0,0,0,0,0,0,0,0,0,0,0,0,0,0,0,0,0,0,0,0,0,0,0,192,2026-02-06 03:57:59.307061
SMMR,25.54,25.54,25.68,1376500.0,1525400.0,0,0,0,0,0,0,0,0,0,0,0,0,0,0,0,0,0,0,0,0,0,0,0,0,0,0,192,2026-02-06 03:57:59.307061
ATMN,25.54,25.52,25.54,1636200.0,2182500.0,0,0,0,0,0,0,0,0,0,0,0,0,0,0,0,0,0,0,0,0,0,0,0,0,0,0,192,2026-02-06 03:57:59.307061
WNTR,24.86,24.86,25.06,1754100.0,1695100.0,0,0,0,0,0,0,0,0,0,0,0,0,0,0,0,0,0,0,0,0,0,0,0,0,0,0,192,2026-02-06 03:57:59.307061
SPNG,24.39,23.85,24.39,1508000.0,1715000.0,0,0,0,0,0,0,0,0,0,0,0,0,0,0,0,0,0,0,0,0,0,0,0,0,0,0,193,2026-02-06 03:57:59.860399
SMMR,25.54,25.59,25.68,1573700.0,1618600.0,0,0,0,0,0,0,0,0,0,0,0,0,0,0,0,0,0,0,0,0,0,0,0,0,0,0,193,2026-02-06 03:57:59.860399
ATMN,25.35,25.35,25.54,1510000.0,2222100.0,0,0,0,0,0,0,0,0,0,0,0,0,0,0,0,0,0,0,0,0,0,0,0,0,0,0,193,2026-02-06 03:57:59.860399
WNTR,24.86,24.86,25.06,1754100.0,1933900.0,0,0,0,0,0,0,0,0,0,0,0,0,0,0,0,0,0,0,0,0,0,0,0,0,0,0,193,2026-02-06 03:57:59.860399
SPNG,24.76,23.97,24.35,1749600.0,1583200.0,0,0,0,0,0,0,0,0,0,0,0,0,0,0,0,0,0,0,0,0,0,0,0,0,0,0,194,2026-02-06 03:58:00.905621
SMMR,25.59,25.54,25.55,1461000.0,1834300.0,0,0,0,0,0,0,0,0,0,0,0,0,0,0,0,0,0,0,0,0,0,0,0,0,0,0,194,2026-02-06 03:58:00.905621
ATMN,25.57,25.57,25.58,1636100.0,2234200.0,0,0,0,0,0,0,0,0,0,0,0,0,0,0,0,0,0,0,0,0,0,0,0,0,0,0,194,2026-02-06 03:58:00.905621
WNTR,24.86,24.94,25.06,2199300.0,1933900.0,0,0,0,0,0,0,0,0,0,0,0,0,0,0,0,0,0,0,0,0,0,0,0,0,0,0,194,2026-02-06 03:58:00.905621
SPNG,23.9,23.9,24.76,1755100.0,1614600.0,0,0,0,0,0,0,0,0,0,0,0,0,0,0,0,0,0,0,0,0,0,0,0,0,0,0,195,2026-02-06 03:58:02.021578
SMMR,25.66,25.54,25.56,1547500.0,1839300.0,0,0,0,0,0,0,0,0,0,0,0,0,0,0,0,0,0,0,0,0,0,0,0,0,0,0,195,2026-02-06 03:58:02.021578
ATMN,25.57,25.35,25.42,1645100.0,2238400.0,0,0,0,0,0,0,0,0,0,0,0,0,0,0,0,0,0,0,0,0,0,0,0,0,0,0,195,2026-02-06 03:58:02.021578
WNTR,24.86,24.96,25.06,2295500.0,2049800.0,0,0,0,0,0,0,0,0,0,0,0,0,0,0,0,0,0,0,0,0,0,0,0,0,0,0,195,2026-02-06 03:58:02.021578
SPNG,23.68,23.68,24.76,1655300.0,1614600.0,0,0,0,0,0,0,0,0,0,0,0,0,0,0,0,0,0,0,0,0,0,0,0,0,0,0,196,2026-02-06 03:58:03.145713
SMMR,25.56,25.57,25.66,1641800.0,1730700.0,0,0,0,0,0,0,0,0,0,0,0,0,0,0,0,0,0,0,0,0,0,0,0,0,0,0,196,2026-02-06 03:58:03.145713
ATMN,25.42,25.35,25.42,1890400.0,2238400.0,0,0,0,0,0,0,0,0,0,0,0,0,0,0,0,0,0,0,0,0,0,0,0,0,0,0,196,2026-02-06 03:58:03.145713
WNTR,24.96,24.96,25.08,2295500.0,2032100.0,0,0,0,0,0,0,0,0,0,0,0,0,0,0,0,0,0,0,0,0,0,0,0,0,0,0,196,2026-02-06 03:58:03.145713
SPNG,23.42,24.56,24.81,1500000.0,1601200.0,0,0,0,0,0,0,0,0,0,0,0,0,0,0,0,0,0,0,0,0,0,0,0,0,0,0,197,2026-02-06 03:58:04.229802
SMMR,25.54,25.54,25.66,1552100.0,2055300.0,0,0,0,0,0,0,0,0,0,0,0,0,0,0,0,0,0,0,0,0,0,0,0,0,0,0,197,2026-02-06 03:58:04.229802
ATMN,25.31,25.31,25.42,2029600.0,2238400.0,0,0,0,0,0,0,0,0,0,0,0,0,0,0,0,0,0,0,0,0,0,0,0,0,0,0,197,2026-02-06 03:58:04.229802
WNTR,24.94,24.9,24.92,2258900.0,2297900.0,0,0,0,0,0,0,0,0,0,0,0,0,0,0,0,0,0,0,0,0,0,0,0,0,0,0,197,2026-02-06 03:58:04.229802
SPNG,24.76,23.42,24.76,1577400.0,1699600.0,0,0,0,0,0,0,0,0,0,0,0,0,0,0,0,0,0,0,0,0,0,0,0,0,0,0,198,2026-02-06 03:58:05.277422
SMMR,25.54,25.48,25.52,1520900.0,2077900.0,0,0,0,0,0,0,0,0,0,0,0,0,0,0,0,0,0,0,0,0,0,0,0,0,0,0,198,2026-02-06 03:58:05.277422
ATMN,25.29,25.29,25.48,1913400.0,2254500.0,0,0,0,0,0,0,0,0,0,0,0,0,0,0,0,0,0,0,0,0,0,0,0,0,0,0,198,2026-02-06 03:58:05.277422
WNTR,24.93,24.9,24.93,2251700.0,2298000.0,0,0,0,0,0,0,0,0,0,0,0,0,0,0,0,0,0,0,0,0,0,0,0,0,0,0,198,2026-02-06 03:58:05.277422
SPNG,24.76,24.03,24.76,1842500.0,1803300.0,0,0,0,0,0,0,0,0,0,0,0,0,0,0,0,0,0,0,0,0,0,0,0,0,0,0,199,2026-02-06 03:58:06.345780
SMMR,25.54,25.48,25.52,1646800.0,2101900.0,0,0,0,0,0,0,0,0,0,0,0,0,0,0,0,0,0,0,0,0,0,0,0,0,0,0,199,2026-02-06 03:58:06.345780
