ticker,last_price,bid_price,ask_price,BUY_ANON,SELL_ANON,BUY_GIOT-3,BUY_ZUAI-2,SELL_UEBR-1,SELL_GIOT-4,BUY_WRSW-1,BUY_WRSW-2,BUY_GIOT-4,BUY_UEBR-1,SELL_IESE-1,BUY_LUIS-4,SELL_GIOT-3,SELL_WRSW-2,SELL_WRSW-3,SELL_WRSW-1,BUY_WRSW-3,BUY_IESE-1,SELL_LUIS-4,tick,timestamp
SPNG,0.0,0.0,0.0,1674600.0,2211300.0,0,0,0,0,0,0,0,0,0,0,0,0,0,0,0,0,0,0,2026-02-04 00:04:03.691233
SMMR,0.0,0.0,0.0,1681300.0,2026200.0,0,0,0,0,0,0,0,0,0,0,0,0,0,0,0,0,0,0,2026-02-04 00:04:03.691233
ATMN,0.0,0.0,0.0,2157400.0,2010300.0,0,0,0,0,0,0,0,0,0,0,0,0,0,0,0,0,0,0,2026-02-04 00:04:03.691233
WNTR,0.0,0.0,0.0,2144100.0,1965300.0,0,0,0,0,0,0,0,0,0,0,0,0,0,0,0,0,0,0,2026-02-04 00:04:03.691233
SPNG,25.02,24.73,25.02,1787600.0,2229200.0,0,0,0,0,0,0,0,0,0,0,0,0,0,0,0,0,0,1,2026-02-04 00:04:04.236779,2.0,1.0,1.0,,Aggregate Position Limit,Your CRO has set the aggregate position limit to 15000 shares for this week.
SMMR,0.0,24.95,24.97,1681300.0,2048700.0,0,0,0,0,0,0,0,0,0,0,0,0,0,0,0,0,0,1,2026-02-04 00:04:04.236779,1.0,1.0,1.0,,Welcome to the RITC 2026 Alogithmic Market Making Case - practice server,
ATMN,0.0,24.87,25.18,2157400.0,2134700.0,0,0,0,0,0,0,0,0,0,0,0,0,0,0,0,0,0,1,2026-02-04 00:04:04.236779,,,,,,
WNTR,25.06,25.09,25.19,2118800.0,1850000.0,0,0,0,0,0,0,0,0,0,0,0,0,0,0,0,0,0,1,2026-02-04 00:04:04.236779,,,,,,
SPNG,24.73,24.73,25.2,1787600.0,2234300.0,0,0,0,0,0,0,0,0,0,0,0,0,0,0,0,0,0,2,2026-02-04 00:04:05.271760
SMMR,0.0,24.95,24.97,1972500.0,2048700.0,0,0,0,0,0,0,0,0,0,0,0,0,0,0,0,0,0,2,2026-02-04 00:04:05.271760
ATMN,25.21,25.05,25.21,2191800.0,2119900.0,0,0,0,0,0,0,0,0,0,0,0,0,0,0,0,0,0,2,2026-02-04 00:04:05.271760
WNTR,24.93,24.93,25.19,2165400.0,2028700.0,0,0,0,0,0,0,0,0,0,0,0,0,0,0,0,0,0,2,2026-02-04 00:04:05.271760
SPNG,25.22,24.73,25.22,1666500.0,2204100.0,0,0,0,0,0,0,0,0,0,0,0,0,0,0,0,0,0,3,2026-02-04 00:04:06.315657
SMMR,24.91,24.91,24.97,2008300.0,2048700.0,0,0,0,0,0,0,0,0,0,0,0,0,0,0,0,0,0,3,2026-02-04 00:04:06.315657
ATMN,25.02,25.02,25.21,2169500.0,2119900.0,0,0,0,0,0,0,0,0,0,0,0,0,0,0,0,0,0,3,2026-02-04 00:04:06.315657
WNTR,24.9,25.15,25.19,2159900.0,2118000.0,0,0,0,0,0,0,0,0,0,0,0,0,0,0,0,0,0,3,2026-02-04 00:04:06.315657
SPNG,24.73,25.11,25.25,1764300.0,2222200.0,0,0,0,0,0,0,0,0,0,0,0,0,0,0,0,0,0,4,2026-02-04 00:04:07.353175
SMMR,24.88,24.88,24.97,2024500.0,2048700.0,0,0,0,0,0,0,0,0,0,0,0,0,0,0,0,0,0,4,2026-02-04 00:04:07.353175
ATMN,24.65,24.65,25.21,2182000.0,2354200.0,0,0,0,0,0,0,0,0,0,0,0,0,0,0,0,0,0,4,2026-02-04 00:04:07.353175
WNTR,24.92,25.09,25.16,2179300.0,2100600.0,0,0,0,0,0,0,0,0,0,0,0,0,0,0,0,0,0,4,2026-02-04 00:04:07.353175
SPNG,25.11,24.72,25.04,1644000.0,2215600.0,0,0,0,0,0,0,0,0,0,0,0,0,0,0,0,0,0,5,2026-02-04 00:04:08.398977
SMMR,24.88,24.88,24.97,1975900.0,2048700.0,0,0,0,0,0,0,0,0,0,0,0,0,0,0,0,0,0,5,2026-02-04 00:04:08.398977
ATMN,25.03,24.65,24.79,2182000.0,2372100.0,0,0,0,0,0,0,0,0,0,0,0,0,0,0,0,0,0,5,2026-02-04 00:04:08.398977
WNTR,25.09,24.9,25.01,2178400.0,2158600.0,0,0,0,0,0,0,0,0,0,0,0,0,0,0,0,0,0,5,2026-02-04 00:04:08.398977
SPNG,24.72,24.72,25.04,1644000.0,2176600.0,0,0,0,0,0,0,0,0,0,0,0,0,0,0,0,0,0,6,2026-02-04 00:04:09.536802
SMMR,24.88,24.88,24.94,2011200.0,2047900.0,0,0,0,0,0,0,0,0,0,0,0,0,0,0,0,0,0,6,2026-02-04 00:04:09.536802
ATMN,24.79,25.05,25.21,2201600.0,2348700.0,0,0,0,0,0,0,0,0,0,0,0,0,0,0,0,0,0,6,2026-02-04 00:04:09.536802
WNTR,25.01,25.03,25.16,2162800.0,2160900.0,0,0,0,0,0,0,0,0,0,0,0,0,0,0,0,0,0,6,2026-02-04 00:04:09.536802
SPNG,24.72,24.72,25.04,2045500.0,2176600.0,0,0,0,0,0,0,0,0,0,0,0,0,0,0,0,0,0,7,2026-02-04 00:04:10.606955
SMMR,25.0,24.88,25.0,2011200.0,2051500.0,0,0,0,0,0,0,0,0,0,0,0,0,0,0,0,0,0,7,2026-02-04 00:04:10.606955
ATMN,25.05,25.05,25.21,2201600.0,2342000.0,0,0,0,0,0,0,0,0,0,0,0,0,0,0,0,0,0,7,2026-02-04 00:04:10.606955
WNTR,25.1,25.1,25.16,2176100.0,2156600.0,0,0,0,0,0,0,0,0,0,0,0,0,0,0,0,0,0,7,2026-02-04 00:04:10.606955
SPNG,25.09,24.72,24.97,2160900.0,2184500.0,0,0,0,0,0,0,0,0,0,0,0,0,0,0,0,0,0,8,2026-02-04 00:04:11.674167
SMMR,25.05,24.88,25.05,2011200.0,2031400.0,0,0,0,0,0,0,0,0,0,0,0,0,0,0,0,0,0,8,2026-02-04 00:04:11.674167
ATMN,25.06,24.65,25.06,2182000.0,2322700.0,0,0,0,0,0,0,0,0,0,0,0,0,0,0,0,0,0,8,2026-02-04 00:04:11.674167
WNTR,25.03,25.03,25.11,2178400.0,2150700.0,0,0,0,0,0,0,0,0,0,0,0,0,0,0,0,0,0,8,2026-02-04 00:04:11.674167
SPNG,25.03,24.72,25.03,2160900.0,2184900.0,0,0,0,0,0,0,0,0,0,0,0,0,0,0,0,0,0,9,2026-02-04 00:04:12.246398
SMMR,24.93,25.02,25.05,2044100.0,2031400.0,0,0,0,0,0,0,0,0,0,0,0,0,0,0,0,0,0,9,2026-02-04 00:04:12.246398
ATMN,25.06,24.68,25.06,2170800.0,2322700.0,0,0,0,0,0,0,0,0,0,0,0,0,0,0,0,0,0,9,2026-02-04 00:04:12.246398
WNTR,25.03,24.92,24.96,2160000.0,2150700.0,0,0,0,0,0,0,0,0,0,0,0,0,0,0,0,0,0,9,2026-02-04 00:04:12.246398
SPNG,25.03,25.01,25.02,2168700.0,2199200.0,0,0,0,0,0,0,0,0,0,0,0,0,0,0,0,0,0,10,2026-02-04 00:04:13.289987
SMMR,25.02,25.02,25.05,2044100.0,2005600.0,0,0,0,0,0,0,0,0,0,0,0,0,0,0,0,0,0,10,2026-02-04 00:04:13.289987
ATMN,25.06,24.99,25.06,2193100.0,2322700.0,0,0,0,0,0,0,0,0,0,0,0,0,0,0,0,0,0,10,2026-02-04 00:04:13.289987
WNTR,24.85,24.85,24.96,2162900.0,2150700.0,0,0,0,0,0,0,0,0,0,0,0,0,0,0,0,0,0,10,2026-02-04 00:04:13.289987
SPNG,25.01,24.72,24.79,2189200.0,2212200.0,0,0,0,0,0,0,0,0,0,0,0,0,0,0,0,0,0,11,2026-02-04 00:04:14.439297
SMMR,24.88,24.88,25.05,2011200.0,2003600.0,0,0,0,0,0,0,0,0,0,0,0,0,0,0,0,0,0,11,2026-02-04 00:04:14.439297
ATMN,24.99,24.99,25.06,2194600.0,2322700.0,0,0,0,0,0,0,0,0,0,0,0,0,0,0,0,0,0,11,2026-02-04 00:04:14.439297
WNTR,24.85,24.8,24.82,2145100.0,2129700.0,0,0,0,0,0,0,0,0,0,0,0,0,0,0,0,0,0,11,2026-02-04 00:04:14.439297
SPNG,25.01,24.72,24.79,2159900.0,2212200.0,0,0,0,0,0,0,0,0,0,0,0,0,0,0,0,0,0,12,2026-02-04 00:04:15.475121
SMMR,24.92,24.88,24.92,2011200.0,2003000.0,0,0,0,0,0,0,0,0,0,0,0,0,0,0,0,0,0,12,2026-02-04 00:04:15.475121
ATMN,24.74,24.74,25.06,2192400.0,2322700.0,0,0,0,0,0,0,0,0,0,0,0,0,0,0,0,0,0,12,2026-02-04 00:04:15.475121
WNTR,24.82,24.8,24.82,2158000.0,2129700.0,0,0,0,0,0,0,0,0,0,0,0,0,0,0,0,0,0,12,2026-02-04 00:04:15.475121
SPNG,25.03,24.72,25.03,2159900.0,2193100.0,0,0,0,0,0,0,0,0,0,0,0,0,0,0,0,0,0,13,2026-02-04 00:04:16.506570
SMMR,25.06,24.88,24.95,2018000.0,2004700.0,0,0,0,0,0,0,0,0,0,0,0,0,0,0,0,0,0,13,2026-02-04 00:04:16.506570
ATMN,25.22,24.86,24.91,2216400.0,2344100.0,0,0,0,0,0,0,0,0,0,0,0,0,0,0,0,0,0,13,2026-02-04 00:04:16.506570
WNTR,24.96,25.03,25.11,2144400.0,2138900.0,0,0,0,0,0,0,0,0,0,0,0,0,0,0,0,0,0,13,2026-02-04 00:04:16.506570
SPNG,24.72,24.72,25.03,2159900.0,2206000.0,0,0,0,0,0,0,0,0,0,0,0,0,0,0,0,0,0,14,2026-02-04 00:04:17.538374
SMMR,25.06,24.88,24.94,2010200.0,2004500.0,0,0,0,0,0,0,0,0,0,0,0,0,0,0,0,0,0,14,2026-02-04 00:04:17.538374
ATMN,25.22,25.2,25.22,2180100.0,2337300.0,0,0,0,0,0,0,0,0,0,0,0,0,0,0,0,0,0,14,2026-02-04 00:04:17.538374
WNTR,25.11,24.85,25.11,2177500.0,2138900.0,0,0,0,0,0,0,0,0,0,0,0,0,0,0,0,0,0,14,2026-02-04 00:04:17.538374
SPNG,25.12,24.71,25.12,2155900.0,2187500.0,0,0,0,0,0,0,0,0,0,0,0,0,0,0,0,0,0,15,2026-02-04 00:04:18.567538
SMMR,24.95,24.88,24.95,2018600.0,2017300.0,0,0,0,0,0,0,0,0,0,0,0,0,0,0,0,0,0,15,2026-02-04 00:04:18.567538
ATMN,25.2,25.1,25.19,2161900.0,2332500.0,0,0,0,0,0,0,0,0,0,0,0,0,0,0,0,0,0,15,2026-02-04 00:04:18.567538
WNTR,24.91,24.94,25.11,2165600.0,2116900.0,0,0,0,0,0,0,0,0,0,0,0,0,0,0,0,0,0,15,2026-02-04 00:04:18.567538
SPNG,25.25,24.71,25.25,2155900.0,2202500.0,0,0,0,0,0,0,0,0,0,0,0,0,0,0,0,0,0,16,2026-02-04 00:04:19.618189
SMMR,24.94,24.94,24.95,2009500.0,2025900.0,0,0,0,0,0,0,0,0,0,0,0,0,0,0,0,0,0,16,2026-02-04 00:04:19.618189
ATMN,25.25,25.1,25.25,2161400.0,2310200.0,0,0,0,0,0,0,0,0,0,0,0,0,0,0,0,0,0,16,2026-02-04 00:04:19.618189
WNTR,24.8,24.8,24.96,2147900.0,2137000.0,0,0,0,0,0,0,0,0,0,0,0,0,0,0,0,0,0,16,2026-02-04 00:04:19.618189
SPNG,25.07,24.71,25.07,2155900.0,2227500.0,0,0,0,0,0,0,0,0,0,0,0,0,0,0,0,0,0,17,2026-02-04 00:04:20.661003
SMMR,24.94,24.88,24.9,2003400.0,1992300.0,0,0,0,0,0,0,0,0,0,0,0,0,0,0,0,0,0,17,2026-02-04 00:04:20.661003
ATMN,25.26,25.1,25.26,2161400.0,2284300.0,0,0,0,0,0,0,0,0,0,0,0,0,0,0,0,0,0,17,2026-02-04 00:04:20.661003
WNTR,24.8,24.8,24.96,2159800.0,2149900.0,0,0,0,0,0,0,0,0,0,0,0,0,0,0,0,0,0,17,2026-02-04 00:04:20.661003
SPNG,24.66,24.66,25.26,2186700.0,2183200.0,0,0,0,0,0,0,0,0,0,0,0,0,0,0,0,0,0,18,2026-02-04 00:04:21.701639
SMMR,24.9,24.91,24.95,2027300.0,2006600.0,0,0,0,0,0,0,0,0,0,0,0,0,0,0,0,0,0,18,2026-02-04 00:04:21.701639
ATMN,25.26,25.13,25.26,2173400.0,2250000.0,0,0,0,0,0,0,0,0,0,0,0,0,0,0,0,0,0,18,2026-02-04 00:04:21.701639
WNTR,24.8,24.8,24.96,2159800.0,2149900.0,0,0,0,0,0,0,0,0,0,0,0,0,0,0,0,0,0,18,2026-02-04 00:04:21.701639
SPNG,24.8,24.66,24.8,2186700.0,2196600.0,0,0,0,0,0,0,0,0,0,0,0,0,0,0,0,0,0,19,2026-02-04 00:04:22.247777
SMMR,24.9,24.94,24.95,2047900.0,2006600.0,0,0,0,0,0,0,0,0,0,0,0,0,0,0,0,0,0,19,2026-02-04 00:04:22.247777
ATMN,25.1,25.1,25.26,2161400.0,2232600.0,0,0,0,0,0,0,0,0,0,0,0,0,0,0,0,0,0,19,2026-02-04 00:04:22.247777
WNTR,24.8,24.8,24.96,2159800.0,2149900.0,0,0,0,0,0,0,0,0,0,0,0,0,0,0,0,0,0,19,2026-02-04 00:04:22.247777
SPNG,24.8,24.66,24.8,2179400.0,2196600.0,0,0,0,0,0,0,0,0,0,0,0,0,0,0,0,0,0,20,2026-02-04 00:04:23.277939
SMMR,24.95,24.94,24.95,2060200.0,2036200.0,0,0,0,0,0,0,0,0,0,0,0,0,0,0,0,0,0,20,2026-02-04 00:04:23.277939
ATMN,25.1,24.9,25.01,2178400.0,2240400.0,0,0,0,0,0,0,0,0,0,0,0,0,0,0,0,0,0,20,2026-02-04 00:04:23.277939
WNTR,25.08,24.8,25.08,2159800.0,2141900.0,0,0,0,0,0,0,0,0,0,0,0,0,0,0,0,0,0,20,2026-02-04 00:04:23.277939
SPNG,25.26,24.66,25.21,2179400.0,2213000.0,0,0,0,0,0,0,0,0,0,0,0,0,0,0,0,0,0,21,2026-02-04 00:04:24.312111
SMMR,24.89,24.89,24.95,2070400.0,2024900.0,0,0,0,0,0,0,0,0,0,0,0,0,0,0,0,0,0,21,2026-02-04 00:04:24.312111
ATMN,25.28,24.9,25.28,2191200.0,2225100.0,0,0,0,0,0,0,0,0,0,0,0,0,0,0,0,0,0,21,2026-02-04 00:04:24.312111
WNTR,25.1,24.8,24.81,2159800.0,2153400.0,0,0,0,0,0,0,0,0,0,0,0,0,0,0,0,0,0,21,2026-02-04 00:04:24.312111
SPNG,24.92,24.71,24.92,2202900.0,2226400.0,0,0,0,0,0,0,0,0,0,0,0,0,0,0,0,0,0,22,2026-02-04 00:04:25.369172
SMMR,24.88,24.88,25.0,2005000.0,2025000.0,0,0,0,0,0,0,0,0,0,0,0,0,0,0,0,0,0,22,2026-02-04 00:04:25.369172
ATMN,25.28,25.12,25.28,2214300.0,2251200.0,0,0,0,0,0,0,0,0,0,0,0,0,0,0,0,0,0,22,2026-02-04 00:04:25.369172
WNTR,25.13,24.8,25.08,2175700.0,2127100.0,0,0,0,0,0,0,0,0,0,0,0,0,0,0,0,0,0,22,2026-02-04 00:04:25.369172
SPNG,24.71,24.71,24.92,2239600.0,2226400.0,0,0,0,0,0,0,0,0,0,0,0,0,0,0,0,0,0,23,2026-02-04 00:04:26.398386
SMMR,24.88,24.99,25.0,2028400.0,2029900.0,0,0,0,0,0,0,0,0,0,0,0,0,0,0,0,0,0,23,2026-02-04 00:04:26.398386
ATMN,24.99,25.03,25.28,2214000.0,2251200.0,0,0,0,0,0,0,0,0,0,0,0,0,0,0,0,0,0,23,2026-02-04 00:04:26.398386
WNTR,24.93,24.8,24.93,2175700.0,2135400.0,0,0,0,0,0,0,0,0,0,0,0,0,0,0,0,0,0,23,2026-02-04 00:04:26.398386
SPNG,24.62,24.62,25.26,2216800.0,2171500.0,0,0,0,0,0,0,0,0,0,0,0,0,0,0,0,0,0,24,2026-02-04 00:04:27.429952
SMMR,24.99,24.99,25.0,2028400.0,2029900.0,0,0,0,0,0,0,0,0,0,0,0,0,0,0,0,0,0,24,2026-02-04 00:04:27.429952
ATMN,24.99,24.99,25.28,2239300.0,2242200.0,0,0,0,0,0,0,0,0,0,0,0,0,0,0,0,0,0,24,2026-02-04 00:04:27.429952
WNTR,24.93,24.92,24.93,2172200.0,2135400.0,0,0,0,0,0,0,0,0,0,0,0,0,0,0,0,0,0,24,2026-02-04 00:04:27.429952
SPNG,24.75,24.78,25.26,2221300.0,2193300.0,0,0,0,0,0,0,0,0,0,0,0,0,0,0,0,0,0,25,2026-02-04 00:04:28.470332
SMMR,24.94,24.94,25.0,2002500.0,2029900.0,0,0,0,0,0,0,0,0,0,0,0,0,0,0,0,0,0,25,2026-02-04 00:04:28.470332
ATMN,24.9,24.9,25.02,2232600.0,2251000.0,0,0,0,0,0,0,0,0,0,0,0,0,0,0,0,0,0,25,2026-02-04 00:04:28.470332
WNTR,24.92,24.92,24.93,2172200.0,2138800.0,0,0,0,0,0,0,0,0,0,0,0,0,0,0,0,0,0,25,2026-02-04 00:04:28.470332
SPNG,24.78,24.62,24.75,2212800.0,2173200.0,0,0,0,0,0,0,0,0,0,0,0,0,0,0,0,0,0,26,2026-02-04 00:04:29.506050
SMMR,24.87,24.87,24.92,2011200.0,2009200.0,0,0,0,0,0,0,0,0,0,0,0,0,0,0,0,0,0,26,2026-02-04 00:04:29.506050
ATMN,24.88,24.88,25.02,2237400.0,2237000.0,0,0,0,0,0,0,0,0,0,0,0,0,0,0,0,0,0,26,2026-02-04 00:04:29.506050
WNTR,24.84,24.84,24.93,2157800.0,2142300.0,0,0,0,0,0,0,0,0,0,0,0,0,0,0,0,0,0,26,2026-02-04 00:04:29.506050
SPNG,24.75,24.84,24.99,2211900.0,2190800.0,0,0,0,0,0,0,0,0,0,0,0,0,0,0,0,0,0,27,2026-02-04 00:04:30.539139
SMMR,24.92,24.99,25.05,2039000.0,2036900.0,0,0,0,0,0,0,0,0,0,0,0,0,0,0,0,0,0,27,2026-02-04 00:04:30.539139
ATMN,25.09,24.94,24.98,2273200.0,2221100.0,0,0,0,0,0,0,0,0,0,0,0,0,0,0,0,0,0,27,2026-02-04 00:04:30.539139
WNTR,24.84,24.91,24.93,2156900.0,2142100.0,0,0,0,0,0,0,0,0,0,0,0,0,0,0,0,0,0,27,2026-02-04 00:04:30.539139
SPNG,24.97,24.84,24.97,2191800.0,2196400.0,0,0,0,0,0,0,0,0,0,0,0,0,0,0,0,0,0,28,2026-02-04 00:04:31.568221
SMMR,24.92,25.03,25.05,2055400.0,2036900.0,0,0,0,0,0,0,0,0,0,0,0,0,0,0,0,0,0,28,2026-02-04 00:04:31.568221
ATMN,24.94,24.94,24.98,2312500.0,2221100.0,0,0,0,0,0,0,0,0,0,0,0,0,0,0,0,0,0,28,2026-02-04 00:04:31.568221
WNTR,24.97,24.91,24.97,2156900.0,2111600.0,0,0,0,0,0,0,0,0,0,0,0,0,0,0,0,0,0,28,2026-02-04 00:04:31.568221
SPNG,24.84,24.84,25.26,2191800.0,2198400.0,0,0,0,0,0,0,0,0,0,0,0,0,0,0,0,0,0,29,2026-02-04 00:04:32.604004
SMMR,25.03,25.01,25.02,2039200.0,2066900.0,0,0,0,0,0,0,0,0,0,0,0,0,0,0,0,0,0,29,2026-02-04 00:04:32.604004
ATMN,25.3,24.99,25.3,2289400.0,2204500.0,0,0,0,0,0,0,0,0,0,0,0,0,0,0,0,0,0,29,2026-02-04 00:04:32.604004
WNTR,24.97,24.91,24.96,2158300.0,2122900.0,0,0,0,0,0,0,0,0,0,0,0,0,0,0,0,0,0,29,2026-02-04 00:04:32.604004
SPNG,25.27,24.62,24.95,2220200.0,2182800.0,0,0,0,0,0,0,0,0,0,0,0,0,0,0,0,0,0,30,2026-02-04 00:04:33.637911
SMMR,25.04,25.01,25.04,2040400.0,2054800.0,0,0,0,0,0,0,0,0,0,0,0,0,0,0,0,0,0,30,2026-02-04 00:04:33.637911
ATMN,24.88,24.88,25.3,2294500.0,2205000.0,0,0,0,0,0,0,0,0,0,0,0,0,0,0,0,0,0,30,2026-02-04 00:04:33.637911
WNTR,24.91,24.91,25.03,2158300.0,2091200.0,0,0,0,0,0,0,0,0,0,0,0,0,0,0,0,0,0,30,2026-02-04 00:04:33.637911
SPNG,24.86,24.75,24.82,2209000.0,2168500.0,0,0,0,0,0,0,0,0,0,0,0,0,0,0,0,0,0,31,2026-02-04 00:04:34.718058
SMMR,25.01,25.01,25.11,2040400.0,2035000.0,0,0,0,0,0,0,0,0,0,0,0,0,0,0,0,0,0,31,2026-02-04 00:04:34.718058
ATMN,25.3,24.93,25.3,2301300.0,2205000.0,0,0,0,0,0,0,0,0,0,0,0,0,0,0,0,0,0,31,2026-02-04 00:04:34.718058
WNTR,24.93,24.81,24.93,2163600.0,2133900.0,0,0,0,0,0,0,0,0,0,0,0,0,0,0,0,0,0,31,2026-02-04 00:04:34.718058
SPNG,25.31,24.75,25.21,2209000.0,2200400.0,0,0,0,0,0,0,0,0,0,0,0,0,0,0,0,0,0,32,2026-02-04 00:04:35.767928
SMMR,25.11,25.01,25.11,2040400.0,2035000.0,0,0,0,0,0,0,0,0,0,0,0,0,0,0,0,0,0,32,2026-02-04 00:04:35.767928
ATMN,24.88,25.08,25.09,2318500.0,2227300.0,0,0,0,0,0,0,0,0,0,0,0,0,0,0,0,0,0,32,2026-02-04 00:04:35.767928
WNTR,24.93,24.81,24.93,2185900.0,2133900.0,0,0,0,0,0,0,0,0,0,0,0,0,0,0,0,0,0,32,2026-02-04 00:04:35.767928
SPNG,24.75,24.62,24.69,2197900.0,2188100.0,0,0,0,0,0,0,0,0,0,0,0,0,0,0,0,0,0,33,2026-02-04 00:04:36.305522
SMMR,24.91,24.91,25.11,2047000.0,2020700.0,0,0,0,0,0,0,0,0,0,0,0,0,0,0,0,0,0,33,2026-02-04 00:04:36.305522
ATMN,25.2,25.08,25.2,2318500.0,2207700.0,0,0,0,0,0,0,0,0,0,0,0,0,0,0,0,0,0,33,2026-02-04 00:04:36.305522
WNTR,24.93,24.81,24.93,2185900.0,2130200.0,0,0,0,0,0,0,0,0,0,0,0,0,0,0,0,0,0,33,2026-02-04 00:04:36.305522
SPNG,24.99,24.62,24.8,2214000.0,2219000.0,0,0,0,0,0,0,0,0,0,0,0,0,0,0,0,0,0,34,2026-02-04 00:04:37.340092
SMMR,24.9,24.9,25.11,2060300.0,2020700.0,0,0,0,0,0,0,0,0,0,0,0,0,0,0,0,0,0,34,2026-02-04 00:04:37.340092
ATMN,24.86,24.86,24.99,2321200.0,2200200.0,0,0,0,0,0,0,0,0,0,0,0,0,0,0,0,0,0,34,2026-02-04 00:04:37.340092
WNTR,24.84,24.84,24.93,2195200.0,2129400.0,0,0,0,0,0,0,0,0,0,0,0,0,0,0,0,0,0,34,2026-02-04 00:04:37.340092
SPNG,25.13,24.63,25.02,2212600.0,2212000.0,0,0,0,0,0,0,0,0,0,0,0,0,0,0,0,0,0,35,2026-02-04 00:04:38.372211
SMMR,24.9,24.9,25.0,2060300.0,2011400.0,0,0,0,0,0,0,0,0,0,0,0,0,0,0,0,0,0,35,2026-02-04 00:04:38.372211
ATMN,25.2,25.04,25.08,2326100.0,2205600.0,0,0,0,0,0,0,0,0,0,0,0,0,0,0,0,0,0,35,2026-02-04 00:04:38.372211
WNTR,24.84,24.92,24.93,2154700.0,2129400.0,0,0,0,0,0,0,0,0,0,0,0,0,0,0,0,0,0,35,2026-02-04 00:04:38.372211
SPNG,24.98,24.98,25.02,2236700.0,2199400.0,0,0,0,0,0,0,0,0,0,0,0,0,0,0,0,0,0,36,2026-02-04 00:04:39.407148
SMMR,24.9,24.97,25.0,2080400.0,2016100.0,0,0,0,0,0,0,0,0,0,0,0,0,0,0,0,0,0,36,2026-02-04 00:04:39.407148
ATMN,25.04,24.86,24.92,2321200.0,2197400.0,0,0,0,0,0,0,0,0,0,0,0,0,0,0,0,0,0,36,2026-02-04 00:04:39.407148
WNTR,25.03,24.84,25.03,2194800.0,2110400.0,0,0,0,0,0,0,0,0,0,0,0,0,0,0,0,0,0,36,2026-02-04 00:04:39.407148
SPNG,24.62,24.62,25.02,2214000.0,2199400.0,0,0,0,0,0,0,0,0,0,0,0,0,0,0,0,0,0,37,2026-02-04 00:04:40.444455
SMMR,24.97,24.97,25.03,2080400.0,2026400.0,0,0,0,0,0,0,0,0,0,0,0,0,0,0,0,0,0,37,2026-02-04 00:04:40.444455
ATMN,24.86,24.86,24.92,2293900.0,2197400.0,0,0,0,0,0,0,0,0,0,0,0,0,0,0,0,0,0,37,2026-02-04 00:04:40.444455
WNTR,25.03,24.84,24.94,2158600.0,2139500.0,0,0,0,0,0,0,0,0,0,0,0,0,0,0,0,0,0,37,2026-02-04 00:04:40.444455
SPNG,25.31,24.58,25.31,2251900.0,2179200.0,0,0,0,0,0,0,0,0,0,0,0,0,0,0,0,0,0,38,2026-02-04 00:04:41.480706
SMMR,25.09,24.97,25.09,2087500.0,2038000.0,0,0,0,0,0,0,0,0,0,0,0,0,0,0,0,0,0,38,2026-02-04 00:04:41.480706
ATMN,24.9,24.9,24.92,2338200.0,2197400.0,0,0,0,0,0,0,0,0,0,0,0,0,0,0,0,0,0,38,2026-02-04 00:04:41.480706
WNTR,24.94,24.84,24.94,2162000.0,2119300.0,0,0,0,0,0,0,0,0,0,0,0,0,0,0,0,0,0,38,2026-02-04 00:04:41.480706
SPNG,24.58,24.58,24.93,2251900.0,2194400.0,0,0,0,0,0,0,0,0,0,0,0,0,0,0,0,0,0,39,2026-02-04 00:04:42.513905
SMMR,25.09,24.97,25.09,2087500.0,2039100.0,0,0,0,0,0,0,0,0,0,0,0,0,0,0,0,0,0,39,2026-02-04 00:04:42.513905
ATMN,25.08,24.9,25.08,2338200.0,2194100.0,0,0,0,0,0,0,0,0,0,0,0,0,0,0,0,0,0,39,2026-02-04 00:04:42.513905
WNTR,24.94,24.84,24.93,2178200.0,2146900.0,0,0,0,0,0,0,0,0,0,0,0,0,0,0,0,0,0,39,2026-02-04 00:04:42.513905
SPNG,25.32,24.58,25.32,2251900.0,2147900.0,0,0,0,0,0,0,0,0,0,0,0,0,0,0,0,0,0,40,2026-02-04 00:04:43.551345
SMMR,25.09,24.97,25.03,2087500.0,2076100.0,0,0,0,0,0,0,0,0,0,0,0,0,0,0,0,0,0,40,2026-02-04 00:04:43.551345
ATMN,25.18,24.9,25.18,2338200.0,2173600.0,0,0,0,0,0,0,0,0,0,0,0,0,0,0,0,0,0,40,2026-02-04 00:04:43.551345
WNTR,24.94,24.84,24.9,2121700.0,2162000.0,0,0,0,0,0,0,0,0,0,0,0,0,0,0,0,0,0,40,2026-02-04 00:04:43.551345
SPNG,25.01,24.58,24.95,2251900.0,2155600.0,0,0,0,0,0,0,0,0,0,0,0,0,0,0,0,0,0,41,2026-02-04 00:04:44.608418
SMMR,24.94,24.94,25.03,2064600.0,2076500.0,0,0,0,0,0,0,0,0,0,0,0,0,0,0,0,0,0,41,2026-02-04 00:04:44.608418
ATMN,25.18,24.9,25.03,2348300.0,2156800.0,0,0,0,0,0,0,0,0,0,0,0,0,0,0,0,0,0,41,2026-02-04 00:04:44.608418
WNTR,24.9,24.84,24.9,2113300.0,2162000.0,0,0,0,0,0,0,0,0,0,0,0,0,0,0,0,0,0,41,2026-02-04 00:04:44.608418
SPNG,24.95,24.58,24.95,2217900.0,2156200.0,0,0,0,0,0,0,0,0,0,0,0,0,0,0,0,0,0,42,2026-02-04 00:04:45.640913
SMMR,25.1,24.9,25.1,2074100.0,2020700.0,0,0,0,0,0,0,0,0,0,0,0,0,0,0,0,0,0,42,2026-02-04 00:04:45.640913
ATMN,24.83,24.83,24.84,2285400.0,2175700.0,0,0,0,0,0,0,0,0,0,0,0,0,0,0,0,0,0,42,2026-02-04 00:04:45.640913
WNTR,24.93,24.84,24.93,2081800.0,2146900.0,0,0,0,0,0,0,0,0,0,0,0,0,0,0,0,0,0,42,2026-02-04 00:04:45.640913
SPNG,24.95,25.09,25.18,2197000.0,2153700.0,0,0,0,0,0,0,0,0,0,0,0,0,0,0,0,0,0,43,2026-02-04 00:04:46.677522
SMMR,25.02,24.9,25.01,2074100.0,2028500.0,0,0,0,0,0,0,0,0,0,0,0,0,0,0,0,0,0,43,2026-02-04 00:04:46.677522
ATMN,25.03,24.83,24.93,2285400.0,2180400.0,0,0,0,0,0,0,0,0,0,0,0,0,0,0,0,0,0,43,2026-02-04 00:04:46.677522
WNTR,24.94,25.02,25.03,2076300.0,2085300.0,0,0,0,0,0,0,0,0,0,0,0,0,0,0,0,0,0,43,2026-02-04 00:04:46.677522
SPNG,25.04,25.09,25.18,2191800.0,2154700.0,0,0,0,0,0,0,0,0,0,0,0,0,0,0,0,0,0,44,2026-02-04 00:04:47.725008
SMMR,25.02,24.9,24.93,2060500.0,2019300.0,0,0,0,0,0,0,0,0,0,0,0,0,0,0,0,0,0,44,2026-02-04 00:04:47.725008
ATMN,24.77,24.77,24.93,2277000.0,2166800.0,0,0,0,0,0,0,0,0,0,0,0,0,0,0,0,0,0,44,2026-02-04 00:04:47.725008
WNTR,25.02,24.84,25.01,2081800.0,2085200.0,0,0,0,0,0,0,0,0,0,0,0,0,0,0,0,0,0,44,2026-02-04 00:04:47.725008
SPNG,24.58,24.58,25.07,2217900.0,2136600.0,0,0,0,0,0,0,0,0,0,0,0,0,0,0,0,0,0,45,2026-02-04 00:04:48.783072
SMMR,25.02,24.9,25.02,2074000.0,2024700.0,0,0,0,0,0,0,0,0,0,0,0,0,0,0,0,0,0,45,2026-02-04 00:04:48.783072
ATMN,24.77,24.77,24.93,2275600.0,2166800.0,0,0,0,0,0,0,0,0,0,0,0,0,0,0,0,0,0,45,2026-02-04 00:04:48.783072
WNTR,25.03,24.95,25.03,2115900.0,2051800.0,0,0,0,0,0,0,0,0,0,0,0,0,0,0,0,0,0,45,2026-02-04 00:04:48.783072
SPNG,24.58,24.58,25.08,2217900.0,2123600.0,0,0,0,0,0,0,0,0,0,0,0,0,0,0,0,0,0,46,2026-02-04 00:04:49.815579
SMMR,25.02,24.97,25.01,2076600.0,2042700.0,0,0,0,0,0,0,0,0,0,0,0,0,0,0,0,0,0,46,2026-02-04 00:04:49.815579
ATMN,24.76,24.76,24.93,2283100.0,2161700.0,0,0,0,0,0,0,0,0,0,0,0,0,0,0,0,0,0,46,2026-02-04 00:04:49.815579
WNTR,24.84,24.84,24.88,2101100.0,2023600.0,0,0,0,0,0,0,0,0,0,0,0,0,0,0,0,0,0,46,2026-02-04 00:04:49.815579
SPNG,24.58,24.7,24.9,2210800.0,2107000.0,0,0,0,0,0,0,0,0,0,0,0,0,0,0,0,0,0,47,2026-02-04 00:04:50.854332
SMMR,25.02,25.08,25.1,2062400.0,2018700.0,0,0,0,0,0,0,0,0,0,0,0,0,0,0,0,0,0,47,2026-02-04 00:04:50.854332
ATMN,24.93,24.76,24.93,2283100.0,2168000.0,0,0,0,0,0,0,0,0,0,0,0,0,0,0,0,0,0,47,2026-02-04 00:04:50.854332
WNTR,24.84,24.84,25.03,2092500.0,2053200.0,0,0,0,0,0,0,0,0,0,0,0,0,0,0,0,0,0,47,2026-02-04 00:04:50.854332
SPNG,25.01,24.58,25.01,2217900.0,2137300.0,0,0,0,0,0,0,0,0,0,0,0,0,0,0,0,0,0,48,2026-02-04 00:04:51.890852
SMMR,24.97,24.97,25.1,2076600.0,2018700.0,0,0,0,0,0,0,0,0,0,0,0,0,0,0,0,0,0,48,2026-02-04 00:04:51.890852
ATMN,24.96,24.76,24.96,2283100.0,2164600.0,0,0,0,0,0,0,0,0,0,0,0,0,0,0,0,0,0,48,2026-02-04 00:04:51.890852
WNTR,24.83,24.83,25.03,2125700.0,2058500.0,0,0,0,0,0,0,0,0,0,0,0,0,0,0,0,0,0,48,2026-02-04 00:04:51.890852
SPNG,25.11,24.58,25.11,2217900.0,2124300.0,0,0,0,0,0,0,0,0,0,0,0,0,0,0,0,0,0,49,2026-02-04 00:04:52.433581
SMMR,24.97,25.09,25.1,2045000.0,2018700.0,0,0,0,0,0,0,0,0,0,0,0,0,0,0,0,0,0,49,2026-02-04 00:04:52.433581
ATMN,24.96,24.76,24.96,2282500.0,2164600.0,0,0,0,0,0,0,0,0,0,0,0,0,0,0,0,0,0,49,2026-02-04 00:04:52.433581
WNTR,24.81,24.81,25.03,2127600.0,2061800.0,0,0,0,0,0,0,0,0,0,0,0,0,0,0,0,0,0,49,2026-02-04 00:04:52.433581
SPNG,24.56,24.56,25.18,2196600.0,2131900.0,0,0,0,0,0,0,0,0,0,0,0,0,0,0,0,0,0,50,2026-02-04 00:04:53.469380
SMMR,25.09,25.09,25.1,2045000.0,2018700.0,0,0,0,0,0,0,0,0,0,0,0,0,0,0,0,0,0,50,2026-02-04 00:04:53.469380
ATMN,24.96,24.76,24.96,2287800.0,2199200.0,0,0,0,0,0,0,0,0,0,0,0,0,0,0,0,0,0,50,2026-02-04 00:04:53.469380
WNTR,24.81,24.81,25.0,2112500.0,2063500.0,0,0,0,0,0,0,0,0,0,0,0,0,0,0,0,0,0,50,2026-02-04 00:04:53.469380
SPNG,24.95,24.56,24.95,2196600.0,2092500.0,0,0,0,0,0,0,0,0,0,0,0,0,0,0,0,0,0,51,2026-02-04 00:04:54.516310
SMMR,24.9,24.9,25.1,2074000.0,2037900.0,0,0,0,0,0,0,0,0,0,0,0,0,0,0,0,0,0,51,2026-02-04 00:04:54.516310
ATMN,24.96,24.8,24.96,2319000.0,2199200.0,0,0,0,0,0,0,0,0,0,0,0,0,0,0,0,0,0,51,2026-02-04 00:04:54.516310
WNTR,24.81,24.98,25.0,2116900.0,2052100.0,0,0,0,0,0,0,0,0,0,0,0,0,0,0,0,0,0,51,2026-02-04 00:04:54.516310
SPNG,24.95,24.59,24.95,2244700.0,2092500.0,0,0,0,0,0,0,0,0,0,0,0,0,0,0,0,0,0,52,2026-02-04 00:04:55.558758
SMMR,24.9,24.9,24.95,2074000.0,2038900.0,0,0,0,0,0,0,0,0,0,0,0,0,0,0,0,0,0,52,2026-02-04 00:04:55.558758
ATMN,24.76,24.76,25.02,2305200.0,2183000.0,0,0,0,0,0,0,0,0,0,0,0,0,0,0,0,0,0,52,2026-02-04 00:04:55.558758
WNTR,24.98,24.98,25.0,2116900.0,2028700.0,0,0,0,0,0,0,0,0,0,0,0,0,0,0,0,0,0,52,2026-02-04 00:04:55.558758
SPNG,24.58,24.58,24.76,2237400.0,2076400.0,0,0,0,0,0,0,0,0,0,0,0,0,0,0,0,0,0,53,2026-02-04 00:04:56.594838
SMMR,24.9,24.9,24.95,2089800.0,2031900.0,0,0,0,0,0,0,0,0,0,0,0,0,0,0,0,0,0,53,2026-02-04 00:04:56.594838
ATMN,24.76,24.86,24.99,2286100.0,2223400.0,0,0,0,0,0,0,0,0,0,0,0,0,0,0,0,0,0,53,2026-02-04 00:04:56.594838
WNTR,24.81,24.81,25.0,2103600.0,2028700.0,0,0,0,0,0,0,0,0,0,0,0,0,0,0,0,0,0,53,2026-02-04 00:04:56.594838
SPNG,24.58,24.73,24.76,2243000.0,2076400.0,0,0,0,0,0,0,0,0,0,0,0,0,0,0,0,0,0,54,2026-02-04 00:04:57.633212
SMMR,25.04,24.9,25.03,2089800.0,2052400.0,0,0,0,0,0,0,0,0,0,0,0,0,0,0,0,0,0,54,2026-02-04 00:04:57.633212
ATMN,24.86,24.76,24.77,2305200.0,2235200.0,0,0,0,0,0,0,0,0,0,0,0,0,0,0,0,0,0,54,2026-02-04 00:04:57.633212
WNTR,25.03,24.81,24.88,2103600.0,2034300.0,0,0,0,0,0,0,0,0,0,0,0,0,0,0,0,0,0,54,2026-02-04 00:04:57.633212
SPNG,24.99,24.73,24.89,2243000.0,2087100.0,0,0,0,0,0,0,0,0,0,0,0,0,0,0,0,0,0,55,2026-02-04 00:04:58.671102
SMMR,25.01,25.01,25.03,2088500.0,2052100.0,0,0,0,0,0,0,0,0,0,0,0,0,0,0,0,0,0,55,2026-02-04 00:04:58.671102
ATMN,24.74,24.74,24.79,2258800.0,2244900.0,0,0,0,0,0,0,0,0,0,0,0,0,0,0,0,0,0,55,2026-02-04 00:04:58.671102
WNTR,24.79,24.79,24.88,2163800.0,2034300.0,0,0,0,0,0,0,0,0,0,0,0,0,0,0,0,0,0,55,2026-02-04 00:04:58.671102
SPNG,25.29,24.73,25.29,2243000.0,2123300.0,0,0,0,0,0,0,0,0,0,0,0,0,0,0,0,0,0,56,2026-02-04 00:04:59.708472
SMMR,25.03,24.88,25.03,2056100.0,2052100.0,0,0,0,0,0,0,0,0,0,0,0,0,0,0,0,0,0,56,2026-02-04 00:04:59.708472
ATMN,24.99,24.74,24.82,2270000.0,2228700.0,0,0,0,0,0,0,0,0,0,0,0,0,0,0,0,0,0,56,2026-02-04 00:04:59.708472
WNTR,24.78,24.78,25.03,2189700.0,2052400.0,0,0,0,0,0,0,0,0,0,0,0,0,0,0,0,0,0,56,2026-02-04 00:04:59.708472
SPNG,24.73,24.73,24.89,2243000.0,2083600.0,0,0,0,0,0,0,0,0,0,0,0,0,0,0,0,0,0,57,2026-02-04 00:05:00.748870
SMMR,25.03,24.88,24.96,2068100.0,2043800.0,0,0,0,0,0,0,0,0,0,0,0,0,0,0,0,0,0,57,2026-02-04 00:05:00.748870
ATMN,24.73,24.73,24.82,2295100.0,2206400.0,0,0,0,0,0,0,0,0,0,0,0,0,0,0,0,0,0,57,2026-02-04 00:05:00.748870
WNTR,24.78,24.79,24.99,2202000.0,2042300.0,0,0,0,0,0,0,0,0,0,0,0,0,0,0,0,0,0,57,2026-02-04 00:05:00.748870
SPNG,24.58,24.58,24.94,2224800.0,2084000.0,0,0,0,0,0,0,0,0,0,0,0,0,0,0,0,0,0,58,2026-02-04 00:05:01.817131
SMMR,24.91,24.88,24.91,2056500.0,2060500.0,0,0,0,0,0,0,0,0,0,0,0,0,0,0,0,0,0,58,2026-02-04 00:05:01.817131
ATMN,24.82,24.78,24.82,2309800.0,2206400.0,0,0,0,0,0,0,0,0,0,0,0,0,0,0,0,0,0,58,2026-02-04 00:05:01.817131
WNTR,24.77,24.77,24.89,2194000.0,2074900.0,0,0,0,0,0,0,0,0,0,0,0,0,0,0,0,0,0,58,2026-02-04 00:05:01.817131
SPNG,24.58,24.78,24.84,2188000.0,2088500.0,0,0,0,0,0,0,0,0,0,0,0,0,0,0,0,0,0,59,2026-02-04 00:05:02.886973
SMMR,24.96,24.88,24.96,2027800.0,2043800.0,0,0,0,0,0,0,0,0,0,0,0,0,0,0,0,0,0,59,2026-02-04 00:05:02.886973
ATMN,24.68,24.68,24.93,2314200.0,2206200.0,0,0,0,0,0,0,0,0,0,0,0,0,0,0,0,0,0,59,2026-02-04 00:05:02.886973
WNTR,24.77,24.77,24.89,2194000.0,2074900.0,0,0,0,0,0,0,0,0,0,0,0,0,0,0,0,0,0,59,2026-02-04 00:05:02.886973
SPNG,24.58,25.54,25.6,899500.0,767000.0,0,0,0,0,0,0,0,0,0,0,0,0,0,0,0,0,0,60,2026-02-04 00:05:03.946754
SMMR,24.96,24.23,24.58,844700.0,702800.0,0,0,0,0,0,0,0,0,0,0,0,0,0,0,0,0,0,60,2026-02-04 00:05:03.946754
ATMN,24.68,24.08,24.42,939000.0,831600.0,0,0,0,0,0,0,0,0,0,0,0,0,0,0,0,0,0,60,2026-02-04 00:05:03.946754
WNTR,26.26,26.26,26.66,867500.0,649600.0,0,0,0,0,0,0,0,0,0,0,0,0,0,0,0,0,0,60,2026-02-04 00:05:03.946754
SPNG,25.54,25.54,25.6,899500.0,881400.0,0,0,0,0,0,0,0,0,0,0,0,0,0,0,0,0,0,61,2026-02-04 00:05:04.594040
SMMR,24.23,24.23,24.31,844700.0,904600.0,0,0,0,0,0,0,0,0,0,0,0,0,0,0,0,0,0,61,2026-02-04 00:05:04.594040
ATMN,24.08,24.08,24.28,939000.0,1033000.0,0,0,0,0,0,0,0,0,0,0,0,0,0,0,0,0,0,61,2026-02-04 00:05:04.594040
WNTR,26.26,25.52,26.25,853500.0,856900.0,0,0,0,0,0,0,0,0,0,0,0,0,0,0,0,0,0,61,2026-02-04 00:05:04.594040
SPNG,25.3,25.48,25.6,1201300.0,881400.0,0,0,0,0,0,0,0,0,0,0,0,0,0,0,0,0,0,62,2026-02-04 00:05:05.636215
SMMR,24.31,24.23,24.31,968500.0,904600.0,0,0,0,0,0,0,0,0,0,0,0,0,0,0,0,0,0,62,2026-02-04 00:05:05.636215
ATMN,24.08,24.08,24.09,939000.0,1357600.0,0,0,0,0,0,0,0,0,0,0,0,0,0,0,0,0,0,62,2026-02-04 00:05:05.636215
WNTR,25.52,25.52,25.75,853500.0,1173900.0,0,0,0,0,0,0,0,0,0,0,0,0,0,0,0,0,0,62,2026-02-04 00:05:05.636215
SPNG,25.48,25.48,25.6,1201300.0,1077400.0,0,0,0,0,0,0,0,0,0,0,0,0,0,0,0,0,0,63,2026-02-04 00:05:06.679933
SMMR,24.23,24.23,24.26,968100.0,1113600.0,0,0,0,0,0,0,0,0,0,0,0,0,0,0,0,0,0,63,2026-02-04 00:05:06.679933
ATMN,24.01,24.03,24.09,1189600.0,1357600.0,0,0,0,0,0,0,0,0,0,0,0,0,0,0,0,0,0,63,2026-02-04 00:05:06.679933
WNTR,25.52,25.52,25.57,946100.0,1378000.0,0,0,0,0,0,0,0,0,0,0,0,0,0,0,0,0,0,63,2026-02-04 00:05:06.679933
SPNG,26.2,25.48,25.75,1316000.0,1080400.0,0,0,0,0,0,0,0,0,0,0,0,0,0,0,0,0,0,64,2026-02-04 00:05:07.713512
SMMR,24.31,24.35,24.36,1195800.0,903500.0,0,0,0,0,0,0,0,0,0,0,0,0,0,0,0,0,0,64,2026-02-04 00:05:07.713512
ATMN,24.01,24.01,24.28,1086800.0,1365200.0,0,0,0,0,0,0,0,0,0,0,0,0,0,0,0,0,0,64,2026-02-04 00:05:07.713512
WNTR,25.52,25.52,25.55,846100.0,1599100.0,0,0,0,0,0,0,0,0,0,0,0,0,0,0,0,0,0,64,2026-02-04 00:05:07.713512
SPNG,25.48,25.15,25.35,1308100.0,1186900.0,0,0,0,0,0,0,0,0,0,0,0,0,0,0,0,0,0,65,2026-02-04 00:05:08.755013
SMMR,24.31,24.35,24.36,1195800.0,1209400.0,0,0,0,0,0,0,0,0,0,0,0,0,0,0,0,0,0,65,2026-02-04 00:05:08.755013
ATMN,24.01,23.6,23.98,986800.0,1838600.0,0,0,0,0,0,0,0,0,0,0,0,0,0,0,0,0,0,65,2026-02-04 00:05:08.755013
WNTR,25.39,25.39,25.55,938400.0,1712700.0,0,0,0,0,0,0,0,0,0,0,0,0,0,0,0,0,0,65,2026-02-04 00:05:08.755013
SPNG,25.55,25.15,25.44,1308100.0,1319300.0,0,0,0,0,0,0,0,0,0,0,0,0,0,0,0,0,0,66,2026-02-04 00:05:09.786659
SMMR,24.17,24.21,24.28,1084100.0,1325000.0,0,0,0,0,0,0,0,0,0,0,0,0,0,0,0,0,0,66,2026-02-04 00:05:09.786659
ATMN,24.18,24.19,24.28,1236000.0,1617300.0,0,0,0,0,0,0,0,0,0,0,0,0,0,0,0,0,0,66,2026-02-04 00:05:09.786659
WNTR,25.57,25.4,25.57,1036100.0,1615300.0,0,0,0,0,0,0,0,0,0,0,0,0,0,0,0,0,0,66,2026-02-04 00:05:09.786659
SPNG,25.44,25.42,25.44,1512200.0,1319300.0,0,0,0,0,0,0,0,0,0,0,0,0,0,0,0,0,0,67,2026-02-04 00:05:10.819805
SMMR,24.17,24.17,24.28,985400.0,1408400.0,0,0,0,0,0,0,0,0,0,0,0,0,0,0,0,0,0,67,2026-02-04 00:05:10.819805
ATMN,24.19,23.91,24.05,1201800.0,1828300.0,0,0,0,0,0,0,0,0,0,0,0,0,0,0,0,0,0,67,2026-02-04 00:05:10.819805
WNTR,25.38,25.47,25.57,969200.0,1615300.0,0,0,0,0,0,0,0,0,0,0,0,0,0,0,0,0,0,67,2026-02-04 00:05:10.819805
SPNG,25.64,25.68,25.75,1819600.0,1080400.0,0,0,0,0,0,0,0,0,0,0,0,0,0,0,0,0,0,68,2026-02-04 00:05:11.894846
SMMR,24.17,24.17,24.28,1072500.0,1623400.0,0,0,0,0,0,0,0,0,0,0,0,0,0,0,0,0,0,68,2026-02-04 00:05:11.894846
ATMN,24.05,24.07,24.25,1446800.0,1824600.0,0,0,0,0,0,0,0,0,0,0,0,0,0,0,0,0,0,68,2026-02-04 00:05:11.894846
WNTR,25.61,25.58,25.61,933300.0,1500400.0,0,0,0,0,0,0,0,0,0,0,0,0,0,0,0,0,0,68,2026-02-04 00:05:11.894846
SPNG,25.42,25.42,25.75,1717300.0,1388600.0,0,0,0,0,0,0,0,0,0,0,0,0,0,0,0,0,0,69,2026-02-04 00:05:12.961468
SMMR,24.28,24.17,24.2,1072500.0,1692200.0,0,0,0,0,0,0,0,0,0,0,0,0,0,0,0,0,0,69,2026-02-04 00:05:12.961468
ATMN,24.05,24.07,24.08,1446800.0,2169400.0,0,0,0,0,0,0,0,0,0,0,0,0,0,0,0,0,0,69,2026-02-04 00:05:12.961468
WNTR,25.61,25.58,25.59,933300.0,1943300.0,0,0,0,0,0,0,0,0,0,0,0,0,0,0,0,0,0,69,2026-02-04 00:05:12.961468
SPNG,25.42,25.42,25.72,1815600.0,1619600.0,0,0,0,0,0,0,0,0,0,0,0,0,0,0,0,0,0,70,2026-02-04 00:05:14.019178
SMMR,24.36,24.25,24.36,1270200.0,1512400.0,0,0,0,0,0,0,0,0,0,0,0,0,0,0,0,0,0,70,2026-02-04 00:05:14.019178
ATMN,23.91,23.91,24.08,1340800.0,2222800.0,0,0,0,0,0,0,0,0,0,0,0,0,0,0,0,0,0,70,2026-02-04 00:05:14.019178
WNTR,25.38,25.51,25.59,959100.0,2078400.0,0,0,0,0,0,0,0,0,0,0,0,0,0,0,0,0,0,70,2026-02-04 00:05:14.019178
SPNG,25.42,25.58,25.72,2044200.0,1619600.0,0,0,0,0,0,0,0,0,0,0,0,0,0,0,0,0,0,71,2026-02-04 00:05:14.578876
SMMR,24.36,24.25,24.3,1270200.0,1618100.0,0,0,0,0,0,0,0,0,0,0,0,0,0,0,0,0,0,71,2026-02-04 00:05:14.578876
ATMN,24.09,23.65,24.09,1242600.0,2201100.0,0,0,0,0,0,0,0,0,0,0,0,0,0,0,0,0,0,71,2026-02-04 00:05:14.578876
WNTR,25.38,25.51,25.59,959100.0,2098600.0,0,0,0,0,0,0,0,0,0,0,0,0,0,0,0,0,0,71,2026-02-04 00:05:14.578876
SPNG,25.72,25.42,25.72,1827600.0,1619600.0,0,0,0,0,0,0,0,0,0,0,0,0,0,0,0,0,0,72,2026-02-04 00:05:15.607665
SMMR,24.36,24.25,24.26,1481600.0,1727000.0,0,0,0,0,0,0,0,0,0,0,0,0,0,0,0,0,0,72,2026-02-04 00:05:15.607665
ATMN,24.09,24.07,24.09,1370500.0,2222400.0,0,0,0,0,0,0,0,0,0,0,0,0,0,0,0,0,0,72,2026-02-04 00:05:15.607665
WNTR,25.51,25.21,25.44,1033600.0,2121600.0,0,0,0,0,0,0,0,0,0,0,0,0,0,0,0,0,0,72,2026-02-04 00:05:15.607665
SPNG,25.72,25.42,25.69,1827600.0,2001700.0,0,0,0,0,0,0,0,0,0,0,0,0,0,0,0,0,0,73,2026-02-04 00:05:16.641475
SMMR,24.25,24.21,24.22,1473500.0,1929800.0,0,0,0,0,0,0,0,0,0,0,0,0,0,0,0,0,0,73,2026-02-04 00:05:16.641475
ATMN,24.07,23.65,23.81,1242600.0,2265600.0,0,0,0,0,0,0,0,0,0,0,0,0,0,0,0,0,0,73,2026-02-04 00:05:16.641475
WNTR,25.62,25.43,25.53,1130200.0,2067500.0,0,0,0,0,0,0,0,0,0,0,0,0,0,0,0,0,0,73,2026-02-04 00:05:16.641475
SPNG,25.69,25.4,25.69,1826300.0,2001700.0,0,0,0,0,0,0,0,0,0,0,0,0,0,0,0,0,0,74,2026-02-04 00:05:17.670564
SMMR,24.22,24.23,24.26,1499900.0,1814900.0,0,0,0,0,0,0,0,0,0,0,0,0,0,0,0,0,0,74,2026-02-04 00:05:17.670564
ATMN,24.07,23.78,23.81,1592600.0,2265600.0,0,0,0,0,0,0,0,0,0,0,0,0,0,0,0,0,0,74,2026-02-04 00:05:17.670564
WNTR,25.38,25.38,25.53,1145800.0,2067500.0,0,0,0,0,0,0,0,0,0,0,0,0,0,0,0,0,0,74,2026-02-04 00:05:17.670564
SPNG,25.81,25.26,25.81,1831300.0,1667400.0,0,0,0,0,0,0,0,0,0,0,0,0,0,0,0,0,0,75,2026-02-04 00:05:18.696998
SMMR,24.27,24.26,24.27,1706000.0,1706000.0,0,0,0,0,0,0,0,0,0,0,0,0,0,0,0,0,0,75,2026-02-04 00:05:18.696998
ATMN,23.81,23.86,24.09,1947200.0,2227600.0,0,0,0,0,0,0,0,0,0,0,0,0,0,0,0,0,0,75,2026-02-04 00:05:18.696998
WNTR,25.38,25.21,25.23,1256300.0,2062800.0,0,0,0,0,0,0,0,0,0,0,0,0,0,0,0,0,0,75,2026-02-04 00:05:18.696998
SPNG,25.15,25.15,25.81,1828000.0,1764500.0,0,0,0,0,0,0,0,0,0,0,0,0,0,0,0,0,0,76,2026-02-04 00:05:19.738696
SMMR,24.23,24.17,24.22,1634400.0,1905000.0,0,0,0,0,0,0,0,0,0,0,0,0,0,0,0,0,0,76,2026-02-04 00:05:19.738696
ATMN,23.78,23.78,24.09,1801200.0,2227600.0,0,0,0,0,0,0,0,0,0,0,0,0,0,0,0,0,0,76,2026-02-04 00:05:19.738696
WNTR,25.16,25.34,25.53,1268300.0,2067500.0,0,0,0,0,0,0,0,0,0,0,0,0,0,0,0,0,0,76,2026-02-04 00:05:19.738696
SPNG,25.81,25.05,25.81,1837100.0,1643900.0,0,0,0,0,0,0,0,0,0,0,0,0,0,0,0,0,0,77,2026-02-04 00:05:20.771697
SMMR,24.22,24.22,24.24,1758100.0,1796100.0,0,0,0,0,0,0,0,0,0,0,0,0,0,0,0,0,0,77,2026-02-04 00:05:20.771697
ATMN,23.78,23.81,24.1,1931200.0,2250100.0,0,0,0,0,0,0,0,0,0,0,0,0,0,0,0,0,0,77,2026-02-04 00:05:20.771697
WNTR,25.63,25.34,25.63,1268300.0,2053200.0,0,0,0,0,0,0,0,0,0,0,0,0,0,0,0,0,0,77,2026-02-04 00:05:20.771697
SPNG,25.39,25.05,25.37,1938900.0,1883600.0,0,0,0,0,0,0,0,0,0,0,0,0,0,0,0,0,0,78,2026-02-04 00:05:21.799085
SMMR,24.24,24.25,24.27,1956800.0,1801600.0,0,0,0,0,0,0,0,0,0,0,0,0,0,0,0,0,0,78,2026-02-04 00:05:21.799085
ATMN,23.78,23.81,23.89,1931200.0,2290800.0,0,0,0,0,0,0,0,0,0,0,0,0,0,0,0,0,0,78,2026-02-04 00:05:21.799085
WNTR,25.63,25.34,25.63,1458500.0,2049800.0,0,0,0,0,0,0,0,0,0,0,0,0,0,0,0,0,0,78,2026-02-04 00:05:21.799085
SPNG,25.82,25.36,25.82,2042300.0,1756200.0,0,0,0,0,0,0,0,0,0,0,0,0,0,0,0,0,0,79,2026-02-04 00:05:22.828067
SMMR,24.19,24.19,24.27,1733000.0,1899000.0,0,0,0,0,0,0,0,0,0,0,0,0,0,0,0,0,0,79,2026-02-04 00:05:22.828067
ATMN,23.89,24.02,24.1,2261600.0,2276200.0,0,0,0,0,0,0,0,0,0,0,0,0,0,0,0,0,0,79,2026-02-04 00:05:22.828067
WNTR,25.37,25.37,25.46,1570200.0,2051500.0,0,0,0,0,0,0,0,0,0,0,0,0,0,0,0,0,0,79,2026-02-04 00:05:22.828067
SPNG,25.36,25.05,25.14,2045400.0,1896200.0,0,0,0,0,0,0,0,0,0,0,0,0,0,0,0,0,0,80,2026-02-04 00:05:23.859684
SMMR,24.19,24.19,24.27,2183400.0,1899000.0,0,0,0,0,0,0,0,0,0,0,0,0,0,0,0,0,0,80,2026-02-04 00:05:23.859684
ATMN,23.82,23.82,23.98,2154100.0,2307200.0,0,0,0,0,0,0,0,0,0,0,0,0,0,0,0,0,0,80,2026-02-04 00:05:23.859684
WNTR,25.66,25.37,25.66,1821200.0,2036900.0,0,0,0,0,0,0,0,0,0,0,0,0,0,0,0,0,0,80,2026-02-04 00:05:23.859684
SPNG,25.14,25.65,25.91,2139900.0,1984700.0,0,0,0,0,0,0,0,0,0,0,0,0,0,0,0,0,0,81,2026-02-04 00:05:24.890322
SMMR,24.27,24.27,24.3,2119400.0,1931400.0,0,0,0,0,0,0,0,0,0,0,0,0,0,0,0,0,0,81,2026-02-04 00:05:24.890322
ATMN,23.78,23.78,24.11,1922400.0,2269300.0,0,0,0,0,0,0,0,0,0,0,0,0,0,0,0,0,0,81,2026-02-04 00:05:24.890322
WNTR,25.53,25.53,25.66,1941000.0,2028300.0,0,0,0,0,0,0,0,0,0,0,0,0,0,0,0,0,0,81,2026-02-04 00:05:24.890322
SPNG,25.65,25.05,25.45,2045400.0,2030100.0,0,0,0,0,0,0,0,0,0,0,0,0,0,0,0,0,0,82,2026-02-04 00:05:25.920863
SMMR,24.19,24.19,24.3,2183400.0,1931400.0,0,0,0,0,0,0,0,0,0,0,0,0,0,0,0,0,0,82,2026-02-04 00:05:25.920863
ATMN,23.76,23.76,24.03,1940000.0,2269900.0,0,0,0,0,0,0,0,0,0,0,0,0,0,0,0,0,0,82,2026-02-04 00:05:25.920863
WNTR,25.53,25.53,25.61,1941000.0,2046400.0,0,0,0,0,0,0,0,0,0,0,0,0,0,0,0,0,0,82,2026-02-04 00:05:25.920863
SPNG,24.94,25.26,25.87,1910900.0,1990700.0,0,0,0,0,0,0,0,0,0,0,0,0,0,0,0,0,0,83,2026-02-04 00:05:26.994850
SMMR,24.38,24.22,24.38,2168200.0,1728200.0,0,0,0,0,0,0,0,0,0,0,0,0,0,0,0,0,0,83,2026-02-04 00:05:26.994850
ATMN,23.65,23.65,24.03,1981300.0,2289300.0,0,0,0,0,0,0,0,0,0,0,0,0,0,0,0,0,0,83,2026-02-04 00:05:26.994850
WNTR,25.41,25.42,25.56,1940500.0,2086700.0,0,0,0,0,0,0,0,0,0,0,0,0,0,0,0,0,0,83,2026-02-04 00:05:26.994850
SPNG,25.26,24.94,24.95,1921400.0,2032700.0,0,0,0,0,0,0,0,0,0,0,0,0,0,0,0,0,0,84,2026-02-04 00:05:28.062618
SMMR,24.38,24.22,24.26,2124200.0,1920400.0,0,0,0,0,0,0,0,0,0,0,0,0,0,0,0,0,0,84,2026-02-04 00:05:28.062618
ATMN,24.03,23.66,24.03,2204600.0,2289300.0,0,0,0,0,0,0,0,0,0,0,0,0,0,0,0,0,0,84,2026-02-04 00:05:28.062618
WNTR,25.56,25.54,25.56,1833600.0,2077100.0,0,0,0,0,0,0,0,0,0,0,0,0,0,0,0,0,0,84,2026-02-04 00:05:28.062618
SPNG,25.91,25.2,25.52,2153100.0,2024400.0,0,0,0,0,0,0,0,0,0,0,0,0,0,0,0,0,0,85,2026-02-04 00:05:29.107727
SMMR,24.38,24.22,24.26,2137300.0,1932700.0,0,0,0,0,0,0,0,0,0,0,0,0,0,0,0,0,0,85,2026-02-04 00:05:29.107727
ATMN,23.79,23.77,23.79,2330600.0,2292000.0,0,0,0,0,0,0,0,0,0,0,0,0,0,0,0,0,0,85,2026-02-04 00:05:29.107727
WNTR,25.56,25.56,25.61,1706900.0,2053500.0,0,0,0,0,0,0,0,0,0,0,0,0,0,0,0,0,0,85,2026-02-04 00:05:29.107727
SPNG,25.52,25.2,25.52,2091200.0,2024400.0,0,0,0,0,0,0,0,0,0,0,0,0,0,0,0,0,0,86,2026-02-04 00:05:29.647256
SMMR,24.26,24.33,24.34,2164500.0,1916700.0,0,0,0,0,0,0,0,0,0,0,0,0,0,0,0,0,0,86,2026-02-04 00:05:29.647256
ATMN,23.79,23.96,24.03,2392700.0,2289300.0,0,0,0,0,0,0,0,0,0,0,0,0,0,0,0,0,0,86,2026-02-04 00:05:29.647256
WNTR,25.31,25.31,25.61,1589400.0,2076200.0,0,0,0,0,0,0,0,0,0,0,0,0,0,0,0,0,0,86,2026-02-04 00:05:29.647256
SPNG,25.52,25.2,25.52,2069400.0,2024400.0,0,0,0,0,0,0,0,0,0,0,0,0,0,0,0,0,0,87,2026-02-04 00:05:30.687275
SMMR,24.26,24.33,24.34,2164500.0,1999600.0,0,0,0,0,0,0,0,0,0,0,0,0,0,0,0,0,0,87,2026-02-04 00:05:30.687275
ATMN,23.87,23.87,24.03,2421200.0,2276600.0,0,0,0,0,0,0,0,0,0,0,0,0,0,0,0,0,0,87,2026-02-04 00:05:30.687275
WNTR,25.31,25.31,25.51,1710500.0,2092000.0,0,0,0,0,0,0,0,0,0,0,0,0,0,0,0,0,0,87,2026-02-04 00:05:30.687275
SPNG,25.52,25.53,25.91,2101100.0,2000800.0,0,0,0,0,0,0,0,0,0,0,0,0,0,0,0,0,0,88,2026-02-04 00:05:31.717979
SMMR,24.33,24.3,24.32,2139800.0,1996600.0,0,0,0,0,0,0,0,0,0,0,0,0,0,0,0,0,0,88,2026-02-04 00:05:31.717979
ATMN,23.87,23.87,24.11,2421200.0,2318400.0,0,0,0,0,0,0,0,0,0,0,0,0,0,0,0,0,0,88,2026-02-04 00:05:31.717979
WNTR,25.27,25.27,25.51,1594600.0,2092000.0,0,0,0,0,0,0,0,0,0,0,0,0,0,0,0,0,0,88,2026-02-04 00:05:31.717979
SPNG,25.53,25.53,25.91,2101100.0,2020000.0,0,0,0,0,0,0,0,0,0,0,0,0,0,0,0,0,0,89,2026-02-04 00:05:32.759377
SMMR,24.3,24.22,24.28,2145500.0,2019200.0,0,0,0,0,0,0,0,0,0,0,0,0,0,0,0,0,0,89,2026-02-04 00:05:32.759377
ATMN,23.88,23.87,23.88,2408700.0,2303100.0,0,0,0,0,0,0,0,0,0,0,0,0,0,0,0,0,0,89,2026-02-04 00:05:32.759377
WNTR,25.26,25.26,25.51,1729000.0,2092000.0,0,0,0,0,0,0,0,0,0,0,0,0,0,0,0,0,0,89,2026-02-04 00:05:32.759377
SPNG,25.11,24.94,25.08,2069300.0,2065200.0,0,0,0,0,0,0,0,0,0,0,0,0,0,0,0,0,0,90,2026-02-04 00:05:33.789852
SMMR,24.32,24.17,24.32,2110700.0,1996600.0,0,0,0,0,0,0,0,0,0,0,0,0,0,0,0,0,0,90,2026-02-04 00:05:33.789852
ATMN,24.18,23.87,24.01,2408700.0,2279800.0,0,0,0,0,0,0,0,0,0,0,0,0,0,0,0,0,0,90,2026-02-04 00:05:33.789852
WNTR,25.51,25.26,25.51,1729000.0,2058400.0,0,0,0,0,0,0,0,0,0,0,0,0,0,0,0,0,0,90,2026-02-04 00:05:33.789852
SPNG,25.93,25.6,25.77,2079000.0,2013900.0,0,0,0,0,0,0,0,0,0,0,0,0,0,0,0,0,0,91,2026-02-04 00:05:34.834763
SMMR,24.32,24.32,24.34,2100800.0,1998300.0,0,0,0,0,0,0,0,0,0,0,0,0,0,0,0,0,0,91,2026-02-04 00:05:34.834763
ATMN,23.81,23.94,24.01,2416900.0,2279800.0,0,0,0,0,0,0,0,0,0,0,0,0,0,0,0,0,0,91,2026-02-04 00:05:34.834763
WNTR,25.51,25.26,25.44,1729000.0,2068400.0,0,0,0,0,0,0,0,0,0,0,0,0,0,0,0,0,0,91,2026-02-04 00:05:34.834763
SPNG,25.6,24.94,25.29,2069300.0,2017000.0,0,0,0,0,0,0,0,0,0,0,0,0,0,0,0,0,0,92,2026-02-04 00:05:35.873274
SMMR,24.32,24.17,24.32,2110700.0,1985100.0,0,0,0,0,0,0,0,0,0,0,0,0,0,0,0,0,0,92,2026-02-04 00:05:35.873274
ATMN,23.77,23.77,24.17,2435500.0,2292300.0,0,0,0,0,0,0,0,0,0,0,0,0,0,0,0,0,0,92,2026-02-04 00:05:35.873274
WNTR,25.51,25.26,25.27,1818800.0,2041200.0,0,0,0,0,0,0,0,0,0,0,0,0,0,0,0,0,0,92,2026-02-04 00:05:35.873274
SPNG,25.29,25.69,25.93,2059500.0,2016500.0,0,0,0,0,0,0,0,0,0,0,0,0,0,0,0,0,0,93,2026-02-04 00:05:36.908926
SMMR,24.32,24.17,24.32,2110700.0,2010700.0,0,0,0,0,0,0,0,0,0,0,0,0,0,0,0,0,0,93,2026-02-04 00:05:36.908926
ATMN,23.74,23.99,24.17,2440700.0,2271000.0,0,0,0,0,0,0,0,0,0,0,0,0,0,0,0,0,0,93,2026-02-04 00:05:36.908926
WNTR,25.25,25.25,25.27,1714500.0,2066000.0,0,0,0,0,0,0,0,0,0,0,0,0,0,0,0,0,0,93,2026-02-04 00:05:36.908926
SPNG,25.29,25.69,25.81,2059500.0,2076000.0,0,0,0,0,0,0,0,0,0,0,0,0,0,0,0,0,0,94,2026-02-04 00:05:37.944611
SMMR,24.16,24.16,24.31,2114700.0,2019500.0,0,0,0,0,0,0,0,0,0,0,0,0,0,0,0,0,0,94,2026-02-04 00:05:37.944611
ATMN,24.0,24.0,24.03,2421000.0,2295700.0,0,0,0,0,0,0,0,0,0,0,0,0,0,0,0,0,0,94,2026-02-04 00:05:37.944611
WNTR,25.3,25.2,25.3,1751700.0,2060400.0,0,0,0,0,0,0,0,0,0,0,0,0,0,0,0,0,0,94,2026-02-04 00:05:37.944611
SPNG,25.41,25.59,25.81,2067300.0,2082000.0,0,0,0,0,0,0,0,0,0,0,0,0,0,0,0,0,0,95,2026-02-04 00:05:38.981144
SMMR,24.16,24.24,24.31,2122900.0,2043300.0,0,0,0,0,0,0,0,0,0,0,0,0,0,0,0,0,0,95,2026-02-04 00:05:38.981144
ATMN,24.07,23.71,24.07,2432400.0,2302100.0,0,0,0,0,0,0,0,0,0,0,0,0,0,0,0,0,0,95,2026-02-04 00:05:38.981144
WNTR,25.32,25.24,25.32,1792100.0,2036200.0,0,0,0,0,0,0,0,0,0,0,0,0,0,0,0,0,0,95,2026-02-04 00:05:38.981144
SPNG,25.34,25.23,25.34,2076100.0,2072500.0,0,0,0,0,0,0,0,0,0,0,0,0,0,0,0,0,0,96,2026-02-04 00:05:40.015477
SMMR,24.31,24.24,24.31,2124400.0,2043300.0,0,0,0,0,0,0,0,0,0,0,0,0,0,0,0,0,0,96,2026-02-04 00:05:40.015477
ATMN,24.07,23.98,24.07,2425500.0,2302100.0,0,0,0,0,0,0,0,0,0,0,0,0,0,0,0,0,0,96,2026-02-04 00:05:40.015477
WNTR,25.27,25.19,25.27,1761100.0,2056600.0,0,0,0,0,0,0,0,0,0,0,0,0,0,0,0,0,0,96,2026-02-04 00:05:40.015477
SPNG,25.34,25.42,25.51,2117400.0,2091600.0,0,0,0,0,0,0,0,0,0,0,0,0,0,0,0,0,0,97,2026-02-04 00:05:41.051956
SMMR,24.22,24.22,24.31,2132000.0,2068300.0,0,0,0,0,0,0,0,0,0,0,0,0,0,0,0,0,0,97,2026-02-04 00:05:41.051956
ATMN,24.07,23.98,24.06,2425500.0,2269500.0,0,0,0,0,0,0,0,0,0,0,0,0,0,0,0,0,0,97,2026-02-04 00:05:41.051956
WNTR,25.17,25.17,25.27,1855500.0,2056600.0,0,0,0,0,0,0,0,0,0,0,0,0,0,0,0,0,0,97,2026-02-04 00:05:41.051956
SPNG,25.51,25.63,25.81,2130700.0,2082000.0,0,0,0,0,0,0,0,0,0,0,0,0,0,0,0,0,0,98,2026-02-04 00:05:42.105130
SMMR,24.33,24.22,24.33,2156600.0,2042300.0,0,0,0,0,0,0,0,0,0,0,0,0,0,0,0,0,0,98,2026-02-04 00:05:42.105130
ATMN,23.76,23.97,24.06,2405800.0,2262900.0,0,0,0,0,0,0,0,0,0,0,0,0,0,0,0,0,0,98,2026-02-04 00:05:42.105130
WNTR,25.41,25.2,25.41,1982800.0,2033700.0,0,0,0,0,0,0,0,0,0,0,0,0,0,0,0,0,0,98,2026-02-04 00:05:42.105130
SPNG,25.81,25.46,25.81,2142300.0,2076200.0,0,0,0,0,0,0,0,0,0,0,0,0,0,0,0,0,0,99,2026-02-04 00:05:43.163451
SMMR,24.33,24.35,24.38,2168000.0,2043900.0,0,0,0,0,0,0,0,0,0,0,0,0,0,0,0,0,0,99,2026-02-04 00:05:43.163451
ATMN,23.7,23.85,24.06,2423300.0,2262900.0,0,0,0,0,0,0,0,0,0,0,0,0,0,0,0,0,0,99,2026-02-04 00:05:43.163451
WNTR,25.16,25.16,25.32,1720000.0,2016100.0,0,0,0,0,0,0,0,0,0,0,0,0,0,0,0,0,0,99,2026-02-04 00:05:43.163451
SPNG,25.84,25.55,25.84,2144400.0,2063300.0,0,0,0,0,0,0,0,0,0,0,0,0,0,0,0,0,0,100,2026-02-04 00:05:44.201525
SMMR,24.35,24.22,24.34,2156600.0,2057700.0,0,0,0,0,0,0,0,0,0,0,0,0,0,0,0,0,0,100,2026-02-04 00:05:44.201525
ATMN,23.67,23.67,23.81,2426200.0,2245700.0,0,0,0,0,0,0,0,0,0,0,0,0,0,0,0,0,0,100,2026-02-04 00:05:44.201525
WNTR,25.32,25.16,25.32,1724900.0,2016100.0,0,0,0,0,0,0,0,0,0,0,0,0,0,0,0,0,0,100,2026-02-04 00:05:44.201525
SPNG,25.55,25.55,25.76,2145400.0,2088600.0,0,0,0,0,0,0,0,0,0,0,0,0,0,0,0,0,0,101,2026-02-04 00:05:44.748173
SMMR,24.38,24.22,24.38,2161100.0,2068600.0,0,0,0,0,0,0,0,0,0,0,0,0,0,0,0,0,0,101,2026-02-04 00:05:44.748173
ATMN,23.67,23.73,23.81,2435900.0,2245700.0,0,0,0,0,0,0,0,0,0,0,0,0,0,0,0,0,0,101,2026-02-04 00:05:44.748173
WNTR,25.32,25.16,25.17,1724900.0,2026000.0,0,0,0,0,0,0,0,0,0,0,0,0,0,0,0,0,0,101,2026-02-04 00:05:44.748173
SPNG,25.95,25.55,25.95,2145400.0,2080500.0,0,0,0,0,0,0,0,0,0,0,0,0,0,0,0,0,0,102,2026-02-04 00:05:45.783187
SMMR,24.38,24.22,24.38,2161100.0,2077800.0,0,0,0,0,0,0,0,0,0,0,0,0,0,0,0,0,0,102,2026-02-04 00:05:45.783187
ATMN,23.83,23.83,23.99,2418200.0,2244900.0,0,0,0,0,0,0,0,0,0,0,0,0,0,0,0,0,0,102,2026-02-04 00:05:45.783187
WNTR,25.32,25.16,25.17,2030100.0,2026000.0,0,0,0,0,0,0,0,0,0,0,0,0,0,0,0,0,0,102,2026-02-04 00:05:45.783187
SPNG,25.56,25.55,25.56,2197700.0,2088200.0,0,0,0,0,0,0,0,0,0,0,0,0,0,0,0,0,0,103,2026-02-04 00:05:46.824813
SMMR,24.24,24.24,24.36,2160300.0,2107500.0,0,0,0,0,0,0,0,0,0,0,0,0,0,0,0,0,0,103,2026-02-04 00:05:46.824813
ATMN,23.83,23.93,23.99,2398000.0,2242200.0,0,0,0,0,0,0,0,0,0,0,0,0,0,0,0,0,0,103,2026-02-04 00:05:46.824813
WNTR,25.32,25.16,25.17,2119500.0,2060700.0,0,0,0,0,0,0,0,0,0,0,0,0,0,0,0,0,0,103,2026-02-04 00:05:46.824813
SPNG,25.56,25.91,25.95,2183500.0,2080500.0,0,0,0,0,0,0,0,0,0,0,0,0,0,0,0,0,0,104,2026-02-04 00:05:47.855140
SMMR,24.34,24.24,24.29,2160300.0,2087600.0,0,0,0,0,0,0,0,0,0,0,0,0,0,0,0,0,0,104,2026-02-04 00:05:47.855140
ATMN,23.99,23.93,23.99,2343500.0,2232100.0,0,0,0,0,0,0,0,0,0,0,0,0,0,0,0,0,0,104,2026-02-04 00:05:47.855140
WNTR,25.32,25.16,25.17,2117400.0,2054000.0,0,0,0,0,0,0,0,0,0,0,0,0,0,0,0,0,0,104,2026-02-04 00:05:47.855140
SPNG,25.5,25.5,25.69,2212900.0,2094200.0,0,0,0,0,0,0,0,0,0,0,0,0,0,0,0,0,0,105,2026-02-04 00:05:48.885799
SMMR,24.36,24.24,24.36,2168200.0,2098700.0,0,0,0,0,0,0,0,0,0,0,0,0,0,0,0,0,0,105,2026-02-04 00:05:48.885799
ATMN,24.06,23.93,24.06,2348800.0,2248300.0,0,0,0,0,0,0,0,0,0,0,0,0,0,0,0,0,0,105,2026-02-04 00:05:48.885799
WNTR,25.2,25.16,25.2,2117400.0,2074600.0,0,0,0,0,0,0,0,0,0,0,0,0,0,0,0,0,0,105,2026-02-04 00:05:48.885799
SPNG,25.69,25.46,25.69,2189200.0,2094200.0,0,0,0,0,0,0,0,0,0,0,0,0,0,0,0,0,0,106,2026-02-04 00:05:49.923455
SMMR,24.2,24.2,24.36,2139100.0,2065600.0,0,0,0,0,0,0,0,0,0,0,0,0,0,0,0,0,0,106,2026-02-04 00:05:49.923455
ATMN,23.85,23.85,23.99,2324500.0,2251300.0,0,0,0,0,0,0,0,0,0,0,0,0,0,0,0,0,0,106,2026-02-04 00:05:49.923455
WNTR,25.15,25.19,25.2,2139600.0,2074400.0,0,0,0,0,0,0,0,0,0,0,0,0,0,0,0,0,0,106,2026-02-04 00:05:49.923455
SPNG,25.37,25.37,25.95,2157200.0,2065400.0,0,0,0,0,0,0,0,0,0,0,0,0,0,0,0,0,0,107,2026-02-04 00:05:50.958088
SMMR,24.37,24.16,24.37,2139600.0,2072100.0,0,0,0,0,0,0,0,0,0,0,0,0,0,0,0,0,0,107,2026-02-04 00:05:50.958088
ATMN,23.83,23.83,23.99,2351300.0,2251300.0,0,0,0,0,0,0,0,0,0,0,0,0,0,0,0,0,0,107,2026-02-04 00:05:50.958088
WNTR,25.13,25.13,25.2,2131900.0,2107300.0,0,0,0,0,0,0,0,0,0,0,0,0,0,0,0,0,0,107,2026-02-04 00:05:50.958088
SPNG,25.37,25.37,25.52,2157200.0,2033500.0,0,0,0,0,0,0,0,0,0,0,0,0,0,0,0,0,0,108,2026-02-04 00:05:51.987123
SMMR,24.37,24.2,24.21,2152900.0,2057600.0,0,0,0,0,0,0,0,0,0,0,0,0,0,0,0,0,0,108,2026-02-04 00:05:51.987123
ATMN,23.72,23.72,23.99,2362700.0,2251300.0,0,0,0,0,0,0,0,0,0,0,0,0,0,0,0,0,0,108,2026-02-04 00:05:51.987123
WNTR,25.17,25.17,25.2,2143400.0,2107300.0,0,0,0,0,0,0,0,0,0,0,0,0,0,0,0,0,0,108,2026-02-04 00:05:51.987123
SPNG,25.37,25.37,25.52,2169400.0,2033500.0,0,0,0,0,0,0,0,0,0,0,0,0,0,0,0,0,0,109,2026-02-04 00:05:53.024127
SMMR,24.21,24.2,24.21,2132500.0,2042600.0,0,0,0,0,0,0,0,0,0,0,0,0,0,0,0,0,0,109,2026-02-04 00:05:53.024127
ATMN,23.76,23.72,23.73,2362700.0,2272100.0,0,0,0,0,0,0,0,0,0,0,0,0,0,0,0,0,0,109,2026-02-04 00:05:53.024127
WNTR,25.17,25.13,25.17,2131900.0,2094400.0,0,0,0,0,0,0,0,0,0,0,0,0,0,0,0,0,0,109,2026-02-04 00:05:53.024127
SPNG,25.95,25.37,25.95,2169400.0,2046400.0,0,0,0,0,0,0,0,0,0,0,0,0,0,0,0,0,0,110,2026-02-04 00:05:54.050162
SMMR,24.21,24.31,24.32,2145400.0,2039900.0,0,0,0,0,0,0,0,0,0,0,0,0,0,0,0,0,0,110,2026-02-04 00:05:54.050162
ATMN,24.07,24.06,24.07,2359900.0,2295700.0,0,0,0,0,0,0,0,0,0,0,0,0,0,0,0,0,0,110,2026-02-04 00:05:54.050162
WNTR,25.2,25.13,25.16,2131900.0,2104600.0,0,0,0,0,0,0,0,0,0,0,0,0,0,0,0,0,0,110,2026-02-04 00:05:54.050162
SPNG,25.95,25.76,25.94,2170800.0,2071200.0,0,0,0,0,0,0,0,0,0,0,0,0,0,0,0,0,0,111,2026-02-04 00:05:55.082208
SMMR,24.37,24.31,24.37,2134300.0,2036700.0,0,0,0,0,0,0,0,0,0,0,0,0,0,0,0,0,0,111,2026-02-04 00:05:55.082208
ATMN,24.06,23.72,23.79,2356100.0,2282400.0,0,0,0,0,0,0,0,0,0,0,0,0,0,0,0,0,0,111,2026-02-04 00:05:55.082208
WNTR,25.13,25.13,25.16,2172000.0,2113800.0,0,0,0,0,0,0,0,0,0,0,0,0,0,0,0,0,0,111,2026-02-04 00:05:55.082208
SPNG,25.95,25.76,25.94,2170800.0,2078200.0,0,0,0,0,0,0,0,0,0,0,0,0,0,0,0,0,0,112,2026-02-04 00:05:56.117410
SMMR,24.26,24.26,24.37,2106200.0,2060600.0,0,0,0,0,0,0,0,0,0,0,0,0,0,0,0,0,0,112,2026-02-04 00:05:56.117410
ATMN,24.07,23.72,23.77,2356100.0,2284000.0,0,0,0,0,0,0,0,0,0,0,0,0,0,0,0,0,0,112,2026-02-04 00:05:56.117410
WNTR,25.08,25.08,25.16,1957100.0,2102900.0,0,0,0,0,0,0,0,0,0,0,0,0,0,0,0,0,0,112,2026-02-04 00:05:56.117410
SPNG,25.76,25.37,25.47,2169400.0,2077800.0,0,0,0,0,0,0,0,0,0,0,0,0,0,0,0,0,0,113,2026-02-04 00:05:57.147024
SMMR,24.26,24.26,24.37,2127300.0,2075300.0,0,0,0,0,0,0,0,0,0,0,0,0,0,0,0,0,0,113,2026-02-04 00:05:57.147024
ATMN,24.07,24.07,24.08,2366800.0,2280000.0,0,0,0,0,0,0,0,0,0,0,0,0,0,0,0,0,0,113,2026-02-04 00:05:57.147024
WNTR,25.05,25.05,25.11,1868800.0,2135800.0,0,0,0,0,0,0,0,0,0,0,0,0,0,0,0,0,0,113,2026-02-04 00:05:57.147024
SPNG,25.49,25.45,25.49,2152900.0,2112900.0,0,0,0,0,0,0,0,0,0,0,0,0,0,0,0,0,0,114,2026-02-04 00:05:58.205489
SMMR,24.25,24.3,24.37,2122400.0,2061800.0,0,0,0,0,0,0,0,0,0,0,0,0,0,0,0,0,0,114,2026-02-04 00:05:58.205489
ATMN,24.15,24.14,24.15,2364500.0,2297800.0,0,0,0,0,0,0,0,0,0,0,0,0,0,0,0,0,0,114,2026-02-04 00:05:58.205489
WNTR,25.04,25.04,25.11,1774500.0,2088600.0,0,0,0,0,0,0,0,0,0,0,0,0,0,0,0,0,0,114,2026-02-04 00:05:58.205489
SPNG,25.49,25.47,25.49,2154900.0,2112900.0,0,0,0,0,0,0,0,0,0,0,0,0,0,0,0,0,0,115,2026-02-04 00:05:59.254466
SMMR,24.25,24.3,24.35,2122400.0,2063100.0,0,0,0,0,0,0,0,0,0,0,0,0,0,0,0,0,0,115,2026-02-04 00:05:59.254466
ATMN,24.14,23.95,23.98,2330800.0,2293000.0,0,0,0,0,0,0,0,0,0,0,0,0,0,0,0,0,0,115,2026-02-04 00:05:59.254466
WNTR,25.03,25.03,25.11,1561000.0,2127200.0,0,0,0,0,0,0,0,0,0,0,0,0,0,0,0,0,0,115,2026-02-04 00:05:59.254466
SPNG,25.47,25.47,25.95,2154900.0,2090000.0,0,0,0,0,0,0,0,0,0,0,0,0,0,0,0,0,0,116,2026-02-04 00:05:59.835287
SMMR,24.25,24.3,24.35,2122400.0,2063100.0,0,0,0,0,0,0,0,0,0,0,0,0,0,0,0,0,0,116,2026-02-04 00:05:59.835287
ATMN,24.14,23.95,23.98,2313300.0,2293000.0,0,0,0,0,0,0,0,0,0,0,0,0,0,0,0,0,0,116,2026-02-04 00:05:59.835287
WNTR,25.0,25.0,25.11,1474100.0,2147900.0,0,0,0,0,0,0,0,0,0,0,0,0,0,0,0,0,0,116,2026-02-04 00:05:59.835287
SPNG,25.96,25.7,25.96,2131800.0,2101300.0,0,0,0,0,0,0,0,0,0,0,0,0,0,0,0,0,0,117,2026-02-04 00:06:00.874100
SMMR,24.24,24.24,24.35,2177300.0,2063100.0,0,0,0,0,0,0,0,0,0,0,0,0,0,0,0,0,0,117,2026-02-04 00:06:00.874100
ATMN,24.15,23.79,24.15,2342400.0,2275100.0,0,0,0,0,0,0,0,0,0,0,0,0,0,0,0,0,0,117,2026-02-04 00:06:00.874100
WNTR,24.99,24.99,25.01,1346500.0,2160100.0,0,0,0,0,0,0,0,0,0,0,0,0,0,0,0,0,0,117,2026-02-04 00:06:00.874100
SPNG,25.96,25.7,25.96,2121200.0,2095300.0,0,0,0,0,0,0,0,0,0,0,0,0,0,0,0,0,0,118,2026-02-04 00:06:01.911481
SMMR,24.33,24.33,24.35,2194800.0,2047300.0,0,0,0,0,0,0,0,0,0,0,0,0,0,0,0,0,0,118,2026-02-04 00:06:01.911481
ATMN,24.15,23.79,24.15,2342400.0,2288700.0,0,0,0,0,0,0,0,0,0,0,0,0,0,0,0,0,0,118,2026-02-04 00:06:01.911481
WNTR,24.99,24.99,25.01,1346500.0,2172800.0,0,0,0,0,0,0,0,0,0,0,0,0,0,0,0,0,0,118,2026-02-04 00:06:01.911481
SPNG,25.7,25.47,25.66,2126800.0,2091000.0,0,0,0,0,0,0,0,0,0,0,0,0,0,0,0,0,0,119,2026-02-04 00:06:02.958210
SMMR,24.23,24.23,24.35,2186200.0,2079400.0,0,0,0,0,0,0,0,0,0,0,0,0,0,0,0,0,0,119,2026-02-04 00:06:02.958210
ATMN,24.15,23.81,24.15,2291900.0,2288700.0,0,0,0,0,0,0,0,0,0,0,0,0,0,0,0,0,0,119,2026-02-04 00:06:02.958210
WNTR,25.01,24.98,25.01,1237500.0,2175900.0,0,0,0,0,0,0,0,0,0,0,0,0,0,0,0,0,0,119,2026-02-04 00:06:02.958210
SPNG,25.81,23.06,0.0,200000.0,0,0,0,0,0,0,0,0,0,0,0,0,0,0,0,0,0,0,120,2026-02-04 00:06:03.989771
SMMR,24.39,26.48,0.0,200000.0,0,0,0,0,0,0,0,0,0,0,0,0,0,0,0,0,0,0,120,2026-02-04 00:06:03.989771
ATMN,24.15,24.26,0.0,200000.0,0,0,0,0,0,0,0,0,0,0,0,0,0,0,0,0,0,0,120,2026-02-04 00:06:03.989771
WNTR,24.96,24.28,0.0,200000.0,0,0,0,0,0,0,0,0,0,0,0,0,0,0,0,0,0,0,120,2026-02-04 00:06:03.989771
SPNG,25.81,23.26,24.17,971200.0,965600.0,0,0,0,0,0,0,0,0,0,0,0,0,0,0,0,0,0,121,2026-02-04 00:06:05.029733
SMMR,26.48,25.79,25.93,956700.0,760200.0,0,0,0,0,0,0,0,0,0,0,0,0,0,0,0,0,0,121,2026-02-04 00:06:05.029733
ATMN,24.26,23.26,23.7,1081800.0,1184300.0,0,0,0,0,0,0,0,0,0,0,0,0,0,0,0,0,0,121,2026-02-04 00:06:05.029733
WNTR,24.96,24.34,24.45,1037900.0,961900.0,0,0,0,0,0,0,0,0,0,0,0,0,0,0,0,0,0,121,2026-02-04 00:06:05.029733
SPNG,23.06,23.06,23.8,989600.0,1256300.0,0,0,0,0,0,0,0,0,0,0,0,0,0,0,0,0,0,122,2026-02-04 00:06:06.064327
SMMR,26.48,25.87,25.93,1242000.0,760200.0,0,0,0,0,0,0,0,0,0,0,0,0,0,0,0,0,0,122,2026-02-04 00:06:06.064327
ATMN,23.7,23.99,24.6,1301700.0,1200400.0,0,0,0,0,0,0,0,0,0,0,0,0,0,0,0,0,0,122,2026-02-04 00:06:06.064327
WNTR,24.34,24.34,24.42,1037900.0,1081500.0,0,0,0,0,0,0,0,0,0,0,0,0,0,0,0,0,0,122,2026-02-04 00:06:06.064327
SPNG,23.06,23.06,23.68,989600.0,1567100.0,0,0,0,0,0,0,0,0,0,0,0,0,0,0,0,0,0,123,2026-02-04 00:06:07.098931
SMMR,25.93,25.92,25.93,1546600.0,760200.0,0,0,0,0,0,0,0,0,0,0,0,0,0,0,0,0,0,123,2026-02-04 00:06:07.098931
ATMN,23.65,24.58,24.6,1298900.0,1320700.0,0,0,0,0,0,0,0,0,0,0,0,0,0,0,0,0,0,123,2026-02-04 00:06:07.098931
WNTR,24.6,24.34,24.56,1037900.0,1098100.0,0,0,0,0,0,0,0,0,0,0,0,0,0,0,0,0,0,123,2026-02-04 00:06:07.098931
SPNG,23.06,23.06,23.57,1007800.0,1814000.0,0,0,0,0,0,0,0,0,0,0,0,0,0,0,0,0,0,124,2026-02-04 00:06:08.131244
SMMR,26.1,26.09,26.1,1644600.0,737400.0,0,0,0,0,0,0,0,0,0,0,0,0,0,0,0,0,0,124,2026-02-04 00:06:08.131244
ATMN,24.58,24.58,24.59,1298900.0,1650600.0,0,0,0,0,0,0,0,0,0,0,0,0,0,0,0,0,0,124,2026-02-04 00:06:08.131244
WNTR,24.56,24.34,24.42,1037900.0,1309700.0,0,0,0,0,0,0,0,0,0,0,0,0,0,0,0,0,0,124,2026-02-04 00:06:08.131244
SPNG,22.95,21.7,22.95,1166700.0,2057700.0,0,0,0,0,0,0,0,0,0,0,0,0,0,0,0,0,0,125,2026-02-04 00:06:09.168920
SMMR,26.1,26.4,26.42,1946800.0,726500.0,0,0,0,0,0,0,0,0,0,0,0,0,0,0,0,0,0,125,2026-02-04 00:06:09.168920
ATMN,24.58,24.58,24.59,1298900.0,1981600.0,0,0,0,0,0,0,0,0,0,0,0,0,0,0,0,0,0,125,2026-02-04 00:06:09.168920
WNTR,24.56,24.34,24.36,1140000.0,1545200.0,0,0,0,0,0,0,0,0,0,0,0,0,0,0,0,0,0,125,2026-02-04 00:06:09.168920
SPNG,22.95,22.94,22.95,1491000.0,2057700.0,0,0,0,0,0,0,0,0,0,0,0,0,0,0,0,0,0,126,2026-02-04 00:06:10.197567
SMMR,26.42,26.51,26.58,2047600.0,754600.0,0,0,0,0,0,0,0,0,0,0,0,0,0,0,0,0,0,126,2026-02-04 00:06:10.197567
ATMN,24.58,24.58,24.59,1298900.0,2189900.0,0,0,0,0,0,0,0,0,0,0,0,0,0,0,0,0,0,126,2026-02-04 00:06:10.197567
WNTR,24.42,24.34,24.42,1390700.0,1549600.0,0,0,0,0,0,0,0,0,0,0,0,0,0,0,0,0,0,126,2026-02-04 00:06:10.197567
SPNG,22.94,22.94,23.23,1491000.0,2035300.0,0,0,0,0,0,0,0,0,0,0,0,0,0,0,0,0,0,127,2026-02-04 00:06:11.239976
SMMR,26.4,26.4,26.49,2043500.0,961500.0,0,0,0,0,0,0,0,0,0,0,0,0,0,0,0,0,0,127,2026-02-04 00:06:11.239976
ATMN,24.59,24.08,24.59,1436500.0,2189900.0,0,0,0,0,0,0,0,0,0,0,0,0,0,0,0,0,0,127,2026-02-04 00:06:11.239976
WNTR,24.37,24.37,24.42,1603800.0,1549600.0,0,0,0,0,0,0,0,0,0,0,0,0,0,0,0,0,0,127,2026-02-04 00:06:11.239976
SPNG,22.99,22.99,23.06,1596400.0,2072900.0,0,0,0,0,0,0,0,0,0,0,0,0,0,0,0,0,0,128,2026-02-04 00:06:12.302081
SMMR,26.49,26.51,26.58,2022600.0,976800.0,0,0,0,0,0,0,0,0,0,0,0,0,0,0,0,0,0,128,2026-02-04 00:06:12.302081
ATMN,23.96,23.96,24.08,1562500.0,2203300.0,0,0,0,0,0,0,0,0,0,0,0,0,0,0,0,0,0,128,2026-02-04 00:06:12.302081
WNTR,24.37,24.34,24.37,1631900.0,1659900.0,0,0,0,0,0,0,0,0,0,0,0,0,0,0,0,0,0,128,2026-02-04 00:06:12.302081
SPNG,22.83,22.83,23.23,1383700.0,2035300.0,0,0,0,0,0,0,0,0,0,0,0,0,0,0,0,0,0,129,2026-02-04 00:06:13.380735
SMMR,26.49,26.51,26.54,1993800.0,1139600.0,0,0,0,0,0,0,0,0,0,0,0,0,0,0,0,0,0,129,2026-02-04 00:06:13.380735
ATMN,24.08,24.13,24.59,1797900.0,2189900.0,0,0,0,0,0,0,0,0,0,0,0,0,0,0,0,0,0,129,2026-02-04 00:06:13.380735
WNTR,24.47,24.38,24.47,1751900.0,1303800.0,0,0,0,0,0,0,0,0,0,0,0,0,0,0,0,0,0,129,2026-02-04 00:06:13.380735
SPNG,22.39,22.39,23.23,1406200.0,2035300.0,0,0,0,0,0,0,0,0,0,0,0,0,0,0,0,0,0,130,2026-02-04 00:06:13.922128
SMMR,26.21,26.21,26.54,2043400.0,1139600.0,0,0,0,0,0,0,0,0,0,0,0,0,0,0,0,0,0,130,2026-02-04 00:06:13.922128
ATMN,24.08,24.13,24.42,1797900.0,2184300.0,0,0,0,0,0,0,0,0,0,0,0,0,0,0,0,0,0,130,2026-02-04 00:06:13.922128
WNTR,24.47,24.46,24.47,1866900.0,1430800.0,0,0,0,0,0,0,0,0,0,0,0,0,0,0,0,0,0,130,2026-02-04 00:06:13.922128
SPNG,22.39,22.75,23.23,1819000.0,2035300.0,0,0,0,0,0,0,0,0,0,0,0,0,0,0,0,0,0,131,2026-02-04 00:06:14.963028
SMMR,26.21,26.39,26.54,2029800.0,1248300.0,0,0,0,0,0,0,0,0,0,0,0,0,0,0,0,0,0,131,2026-02-04 00:06:14.963028
ATMN,24.08,24.13,24.17,1797900.0,2162500.0,0,0,0,0,0,0,0,0,0,0,0,0,0,0,0,0,0,131,2026-02-04 00:06:14.963028
WNTR,24.58,24.46,24.58,1970300.0,1181300.0,0,0,0,0,0,0,0,0,0,0,0,0,0,0,0,0,0,131,2026-02-04 00:06:14.963028
SPNG,23.48,23.14,23.48,1930500.0,2020100.0,0,0,0,0,0,0,0,0,0,0,0,0,0,0,0,0,0,132,2026-02-04 00:06:16.009244
SMMR,26.58,26.39,26.58,2029800.0,1085500.0,0,0,0,0,0,0,0,0,0,0,0,0,0,0,0,0,0,132,2026-02-04 00:06:16.009244
ATMN,23.96,23.96,24.42,1671700.0,2198700.0,0,0,0,0,0,0,0,0,0,0,0,0,0,0,0,0,0,132,2026-02-04 00:06:16.009244
WNTR,24.58,24.46,24.58,1970300.0,1498000.0,0,0,0,0,0,0,0,0,0,0,0,0,0,0,0,0,0,132,2026-02-04 00:06:16.009244
SPNG,23.14,22.75,22.85,1819000.0,2077300.0,0,0,0,0,0,0,0,0,0,0,0,0,0,0,0,0,0,133,2026-02-04 00:06:17.041257
SMMR,26.63,26.52,26.63,1985900.0,989900.0,0,0,0,0,0,0,0,0,0,0,0,0,0,0,0,0,0,133,2026-02-04 00:06:17.041257
ATMN,23.93,23.93,24.42,1544900.0,2198700.0,0,0,0,0,0,0,0,0,0,0,0,0,0,0,0,0,0,133,2026-02-04 00:06:17.041257
WNTR,24.58,24.46,24.53,1970300.0,1814100.0,0,0,0,0,0,0,0,0,0,0,0,0,0,0,0,0,0,133,2026-02-04 00:06:17.041257
SPNG,22.85,23.11,23.38,2313100.0,2055100.0,0,0,0,0,0,0,0,0,0,0,0,0,0,0,0,0,0,134,2026-02-04 00:06:18.074697
SMMR,26.52,26.52,26.63,1985900.0,1178200.0,0,0,0,0,0,0,0,0,0,0,0,0,0,0,0,0,0,134,2026-02-04 00:06:18.074697
ATMN,23.9,24.23,24.42,1533500.0,2179800.0,0,0,0,0,0,0,0,0,0,0,0,0,0,0,0,0,0,134,2026-02-04 00:06:18.074697
WNTR,24.58,24.46,24.49,1970300.0,2136400.0,0,0,0,0,0,0,0,0,0,0,0,0,0,0,0,0,0,134,2026-02-04 00:06:18.074697
SPNG,23.38,22.89,23.38,2298600.0,2055100.0,0,0,0,0,0,0,0,0,0,0,0,0,0,0,0,0,0,135,2026-02-04 00:06:19.110747
SMMR,26.49,26.49,26.57,1977200.0,1270600.0,0,0,0,0,0,0,0,0,0,0,0,0,0,0,0,0,0,135,2026-02-04 00:06:19.110747
ATMN,24.23,23.9,24.12,1558300.0,2222100.0,0,0,0,0,0,0,0,0,0,0,0,0,0,0,0,0,0,135,2026-02-04 00:06:19.110747
WNTR,24.58,24.46,24.49,1970300.0,2189700.0,0,0,0,0,0,0,0,0,0,0,0,0,0,0,0,0,0,135,2026-02-04 00:06:19.110747
SPNG,23.02,23.02,23.31,2409000.0,2097600.0,0,0,0,0,0,0,0,0,0,0,0,0,0,0,0,0,0,136,2026-02-04 00:06:20.140239
SMMR,26.49,26.39,26.44,1968000.0,1438500.0,0,0,0,0,0,0,0,0,0,0,0,0,0,0,0,0,0,136,2026-02-04 00:06:20.140239
ATMN,24.12,24.12,24.2,1677200.0,2236900.0,0,0,0,0,0,0,0,0,0,0,0,0,0,0,0,0,0,136,2026-02-04 00:06:20.140239
WNTR,24.58,24.46,24.49,1970300.0,2248800.0,0,0,0,0,0,0,0,0,0,0,0,0,0,0,0,0,0,136,2026-02-04 00:06:20.140239
SPNG,22.71,22.71,23.18,1947300.0,2124000.0,0,0,0,0,0,0,0,0,0,0,0,0,0,0,0,0,0,137,2026-02-04 00:06:21.169366
SMMR,26.49,26.39,26.44,1942800.0,1546000.0,0,0,0,0,0,0,0,0,0,0,0,0,0,0,0,0,0,137,2026-02-04 00:06:21.169366
ATMN,24.4,24.12,24.4,1791700.0,2232900.0,0,0,0,0,0,0,0,0,0,0,0,0,0,0,0,0,0,137,2026-02-04 00:06:21.169366
WNTR,24.38,24.38,24.49,1855300.0,2232600.0,0,0,0,0,0,0,0,0,0,0,0,0,0,0,0,0,0,137,2026-02-04 00:06:21.169366
SPNG,22.71,22.95,23.01,2197400.0,2168400.0,0,0,0,0,0,0,0,0,0,0,0,0,0,0,0,0,0,138,2026-02-04 00:06:22.202220
SMMR,26.48,26.39,26.48,1953900.0,1665900.0,0,0,0,0,0,0,0,0,0,0,0,0,0,0,0,0,0,138,2026-02-04 00:06:22.202220
ATMN,23.81,23.81,24.42,1541900.0,2221400.0,0,0,0,0,0,0,0,0,0,0,0,0,0,0,0,0,0,138,2026-02-04 00:06:22.202220
WNTR,24.34,24.34,24.48,1606200.0,2227700.0,0,0,0,0,0,0,0,0,0,0,0,0,0,0,0,0,0,138,2026-02-04 00:06:22.202220
SPNG,22.71,22.95,23.01,2575800.0,2168400.0,0,0,0,0,0,0,0,0,0,0,0,0,0,0,0,0,0,139,2026-02-04 00:06:23.244591
SMMR,26.48,26.51,26.54,1954200.0,1672200.0,0,0,0,0,0,0,0,0,0,0,0,0,0,0,0,0,0,139,2026-02-04 00:06:23.244591
ATMN,23.77,24.31,24.42,1543900.0,2233000.0,0,0,0,0,0,0,0,0,0,0,0,0,0,0,0,0,0,139,2026-02-04 00:06:23.244591
WNTR,24.28,24.28,24.49,1498300.0,2244000.0,0,0,0,0,0,0,0,0,0,0,0,0,0,0,0,0,0,139,2026-02-04 00:06:23.244591
SPNG,23.01,23.17,23.18,2591000.0,2235200.0,0,0,0,0,0,0,0,0,0,0,0,0,0,0,0,0,0,140,2026-02-04 00:06:24.287257
SMMR,26.48,26.51,26.54,1956900.0,1774600.0,0,0,0,0,0,0,0,0,0,0,0,0,0,0,0,0,0,140,2026-02-04 00:06:24.287257
ATMN,23.93,24.15,24.42,1570000.0,2223100.0,0,0,0,0,0,0,0,0,0,0,0,0,0,0,0,0,0,140,2026-02-04 00:06:24.287257
WNTR,24.49,24.28,24.49,1632900.0,2238100.0,0,0,0,0,0,0,0,0,0,0,0,0,0,0,0,0,0,140,2026-02-04 00:06:24.287257
SPNG,23.01,23.17,23.18,2506100.0,2235200.0,0,0,0,0,0,0,0,0,0,0,0,0,0,0,0,0,0,141,2026-02-04 00:06:25.342892
SMMR,26.48,26.48,26.5,1972400.0,1985200.0,0,0,0,0,0,0,0,0,0,0,0,0,0,0,0,0,0,141,2026-02-04 00:06:25.342892
ATMN,24.15,24.15,24.4,1570000.0,2234700.0,0,0,0,0,0,0,0,0,0,0,0,0,0,0,0,0,0,141,2026-02-04 00:06:25.342892
WNTR,24.28,24.28,24.49,1630300.0,2236700.0,0,0,0,0,0,0,0,0,0,0,0,0,0,0,0,0,0,141,2026-02-04 00:06:25.342892
SPNG,23.18,22.95,23.18,2496100.0,2252900.0,0,0,0,0,0,0,0,0,0,0,0,0,0,0,0,0,0,142,2026-02-04 00:06:26.394725
SMMR,26.43,26.43,26.47,1981200.0,1990000.0,0,0,0,0,0,0,0,0,0,0,0,0,0,0,0,0,0,142,2026-02-04 00:06:26.394725
ATMN,24.15,23.77,24.08,1707100.0,2253700.0,0,0,0,0,0,0,0,0,0,0,0,0,0,0,0,0,0,142,2026-02-04 00:06:26.394725
WNTR,24.28,24.28,24.32,1630300.0,2241100.0,0,0,0,0,0,0,0,0,0,0,0,0,0,0,0,0,0,142,2026-02-04 00:06:26.394725
SPNG,23.38,22.95,23.38,2491900.0,2110500.0,0,0,0,0,0,0,0,0,0,0,0,0,0,0,0,0,0,143,2026-02-04 00:06:27.432786
SMMR,26.43,26.43,26.47,1969600.0,2019200.0,0,0,0,0,0,0,0,0,0,0,0,0,0,0,0,0,0,143,2026-02-04 00:06:27.432786
ATMN,24.08,23.95,24.08,1947400.0,2253700.0,0,0,0,0,0,0,0,0,0,0,0,0,0,0,0,0,0,143,2026-02-04 00:06:27.432786
WNTR,24.28,24.28,24.32,1746100.0,2273300.0,0,0,0,0,0,0,0,0,0,0,0,0,0,0,0,0,0,143,2026-02-04 00:06:27.432786
SPNG,22.95,22.91,22.94,2509900.0,2138100.0,0,0,0,0,0,0,0,0,0,0,0,0,0,0,0,0,0,144,2026-02-04 00:06:28.469418
SMMR,26.38,26.38,26.47,1997400.0,2019200.0,0,0,0,0,0,0,0,0,0,0,0,0,0,0,0,0,0,144,2026-02-04 00:06:28.469418
ATMN,23.86,23.89,24.08,1949300.0,2253700.0,0,0,0,0,0,0,0,0,0,0,0,0,0,0,0,0,0,144,2026-02-04 00:06:28.469418
WNTR,24.45,24.28,24.45,1746100.0,2281200.0,0,0,0,0,0,0,0,0,0,0,0,0,0,0,0,0,0,144,2026-02-04 00:06:28.469418
SPNG,22.94,23.15,23.38,2450500.0,2128600.0,0,0,0,0,0,0,0,0,0,0,0,0,0,0,0,0,0,145,2026-02-04 00:06:29.004132
SMMR,26.38,26.38,26.47,2002200.0,2028500.0,0,0,0,0,0,0,0,0,0,0,0,0,0,0,0,0,0,145,2026-02-04 00:06:29.004132
ATMN,24.4,23.89,23.9,1949300.0,2291100.0,0,0,0,0,0,0,0,0,0,0,0,0,0,0,0,0,0,145,2026-02-04 00:06:29.004132
WNTR,24.45,24.28,24.45,1746100.0,2281500.0,0,0,0,0,0,0,0,0,0,0,0,0,0,0,0,0,0,145,2026-02-04 00:06:29.004132
SPNG,22.94,23.15,23.16,2450500.0,2211900.0,0,0,0,0,0,0,0,0,0,0,0,0,0,0,0,0,0,146,2026-02-04 00:06:30.033305
SMMR,26.41,26.41,26.43,2005300.0,2019000.0,0,0,0,0,0,0,0,0,0,0,0,0,0,0,0,0,0,146,2026-02-04 00:06:30.033305
ATMN,24.4,23.89,23.9,2287300.0,2291100.0,0,0,0,0,0,0,0,0,0,0,0,0,0,0,0,0,0,146,2026-02-04 00:06:30.033305
WNTR,24.45,24.28,24.29,1864800.0,2275700.0,0,0,0,0,0,0,0,0,0,0,0,0,0,0,0,0,0,146,2026-02-04 00:06:30.033305
SPNG,23.15,22.91,22.93,2456100.0,2254700.0,0,0,0,0,0,0,0,0,0,0,0,0,0,0,0,0,0,147,2026-02-04 00:06:31.072968
SMMR,26.43,26.45,26.47,2006500.0,2028500.0,0,0,0,0,0,0,0,0,0,0,0,0,0,0,0,0,0,147,2026-02-04 00:06:31.072968
ATMN,23.9,23.89,23.9,2556600.0,2291100.0,0,0,0,0,0,0,0,0,0,0,0,0,0,0,0,0,0,147,2026-02-04 00:06:31.072968
WNTR,24.29,24.28,24.29,2106000.0,2275700.0,0,0,0,0,0,0,0,0,0,0,0,0,0,0,0,0,0,147,2026-02-04 00:06:31.072968
SPNG,23.16,22.82,23.16,2468700.0,2222200.0,0,0,0,0,0,0,0,0,0,0,0,0,0,0,0,0,0,148,2026-02-04 00:06:32.102119
SMMR,26.41,26.41,26.47,1998800.0,2053400.0,0,0,0,0,0,0,0,0,0,0,0,0,0,0,0,0,0,148,2026-02-04 00:06:32.102119
ATMN,24.07,23.98,24.07,2512800.0,2266300.0,0,0,0,0,0,0,0,0,0,0,0,0,0,0,0,0,0,148,2026-02-04 00:06:32.102119
WNTR,24.18,24.18,24.45,1890200.0,2287900.0,0,0,0,0,0,0,0,0,0,0,0,0,0,0,0,0,0,148,2026-02-04 00:06:32.102119
SPNG,23.33,22.71,23.33,2472300.0,2206800.0,0,0,0,0,0,0,0,0,0,0,0,0,0,0,0,0,0,149,2026-02-04 00:06:33.132658
SMMR,26.34,26.37,26.47,1995100.0,2053400.0,0,0,0,0,0,0,0,0,0,0,0,0,0,0,0,0,0,149,2026-02-04 00:06:33.132658
ATMN,24.42,23.98,24.1,2465700.0,2302500.0,0,0,0,0,0,0,0,0,0,0,0,0,0,0,0,0,0,149,2026-02-04 00:06:33.132658
WNTR,24.47,24.18,24.47,1890200.0,2277500.0,0,0,0,0,0,0,0,0,0,0,0,0,0,0,0,0,0,149,2026-02-04 00:06:33.132658
SPNG,23.33,22.77,23.0,2470000.0,2204700.0,0,0,0,0,0,0,0,0,0,0,0,0,0,0,0,0,0,150,2026-02-04 00:06:34.167602
SMMR,26.47,26.37,26.47,1970800.0,2043300.0,0,0,0,0,0,0,0,0,0,0,0,0,0,0,0,0,0,150,2026-02-04 00:06:34.167602
ATMN,23.98,24.06,24.1,2457000.0,2290400.0,0,0,0,0,0,0,0,0,0,0,0,0,0,0,0,0,0,150,2026-02-04 00:06:34.167602
WNTR,24.47,24.18,24.39,2013400.0,2263500.0,0,0,0,0,0,0,0,0,0,0,0,0,0,0,0,0,0,150,2026-02-04 00:06:34.167602
SPNG,23.0,22.86,23.0,2436000.0,2204700.0,0,0,0,0,0,0,0,0,0,0,0,0,0,0,0,0,0,151,2026-02-04 00:06:35.216132
SMMR,26.48,26.38,26.48,1970800.0,2024100.0,0,0,0,0,0,0,0,0,0,0,0,0,0,0,0,0,0,151,2026-02-04 00:06:35.216132
ATMN,24.1,23.96,24.05,2492700.0,2300300.0,0,0,0,0,0,0,0,0,0,0,0,0,0,0,0,0,0,151,2026-02-04 00:06:35.216132
WNTR,24.47,24.23,24.47,2106700.0,2262400.0,0,0,0,0,0,0,0,0,0,0,0,0,0,0,0,0,0,151,2026-02-04 00:06:35.216132
SPNG,23.0,22.86,23.0,2424700.0,2204700.0,0,0,0,0,0,0,0,0,0,0,0,0,0,0,0,0,0,152,2026-02-04 00:06:36.264145
SMMR,26.37,26.37,26.48,1992300.0,2064800.0,0,0,0,0,0,0,0,0,0,0,0,0,0,0,0,0,0,152,2026-02-04 00:06:36.264145
ATMN,24.35,23.96,24.14,2480300.0,2276800.0,0,0,0,0,0,0,0,0,0,0,0,0,0,0,0,0,0,152,2026-02-04 00:06:36.264145
WNTR,24.41,24.23,24.29,2106700.0,2311200.0,0,0,0,0,0,0,0,0,0,0,0,0,0,0,0,0,0,152,2026-02-04 00:06:36.264145
SPNG,23.33,22.86,23.06,2452100.0,2209500.0,0,0,0,0,0,0,0,0,0,0,0,0,0,0,0,0,0,153,2026-02-04 00:06:37.309561
SMMR,26.5,26.37,26.5,1992300.0,2045900.0,0,0,0,0,0,0,0,0,0,0,0,0,0,0,0,0,0,153,2026-02-04 00:06:37.309561
ATMN,24.42,23.89,24.42,2463200.0,2260600.0,0,0,0,0,0,0,0,0,0,0,0,0,0,0,0,0,0,153,2026-02-04 00:06:37.309561
WNTR,24.29,24.3,24.43,2327500.0,2305100.0,0,0,0,0,0,0,0,0,0,0,0,0,0,0,0,0,0,153,2026-02-04 00:06:37.309561
SPNG,22.86,22.86,23.32,2452100.0,2250900.0,0,0,0,0,0,0,0,0,0,0,0,0,0,0,0,0,0,154,2026-02-04 00:06:38.350364
SMMR,26.48,26.48,26.5,2021700.0,2045900.0,0,0,0,0,0,0,0,0,0,0,0,0,0,0,0,0,0,154,2026-02-04 00:06:38.350364
ATMN,24.46,23.89,24.4,2463200.0,2257200.0,0,0,0,0,0,0,0,0,0,0,0,0,0,0,0,0,0,154,2026-02-04 00:06:38.350364
WNTR,24.43,24.3,24.43,2296400.0,2305100.0,0,0,0,0,0,0,0,0,0,0,0,0,0,0,0,0,0,154,2026-02-04 00:06:38.350364
SPNG,22.86,22.86,23.21,2452100.0,2248500.0,0,0,0,0,0,0,0,0,0,0,0,0,0,0,0,0,0,155,2026-02-04 00:06:39.437517
SMMR,26.47,26.37,26.47,2018000.0,2071100.0,0,0,0,0,0,0,0,0,0,0,0,0,0,0,0,0,0,155,2026-02-04 00:06:39.437517
ATMN,24.19,24.19,24.4,2489400.0,2257200.0,0,0,0,0,0,0,0,0,0,0,0,0,0,0,0,0,0,155,2026-02-04 00:06:39.437517
WNTR,24.23,24.23,24.43,2343600.0,2326400.0,0,0,0,0,0,0,0,0,0,0,0,0,0,0,0,0,0,155,2026-02-04 00:06:39.437517
SPNG,22.77,22.77,23.21,2457200.0,2248500.0,0,0,0,0,0,0,0,0,0,0,0,0,0,0,0,0,0,156,2026-02-04 00:06:40.513732
SMMR,26.52,26.37,26.52,2018000.0,2056000.0,0,0,0,0,0,0,0,0,0,0,0,0,0,0,0,0,0,156,2026-02-04 00:06:40.513732
ATMN,24.19,24.19,24.36,2489400.0,2281900.0,0,0,0,0,0,0,0,0,0,0,0,0,0,0,0,0,0,156,2026-02-04 00:06:40.513732
WNTR,24.19,24.19,24.41,2129000.0,2318100.0,0,0,0,0,0,0,0,0,0,0,0,0,0,0,0,0,0,156,2026-02-04 00:06:40.513732
SPNG,22.77,22.77,23.21,2432400.0,2248500.0,0,0,0,0,0,0,0,0,0,0,0,0,0,0,0,0,0,157,2026-02-04 00:06:41.076909
SMMR,26.52,26.37,26.52,2018000.0,2030800.0,0,0,0,0,0,0,0,0,0,0,0,0,0,0,0,0,0,157,2026-02-04 00:06:41.076909
ATMN,24.36,23.89,24.36,2463200.0,2281900.0,0,0,0,0,0,0,0,0,0,0,0,0,0,0,0,0,0,157,2026-02-04 00:06:41.076909
WNTR,24.19,24.19,24.29,2129000.0,2293900.0,0,0,0,0,0,0,0,0,0,0,0,0,0,0,0,0,0,157,2026-02-04 00:06:41.076909
SPNG,22.77,22.77,23.21,2437900.0,2240000.0,0,0,0,0,0,0,0,0,0,0,0,0,0,0,0,0,0,158,2026-02-04 00:06:42.117942
SMMR,26.52,26.37,26.52,1973900.0,2055800.0,0,0,0,0,0,0,0,0,0,0,0,0,0,0,0,0,0,158,2026-02-04 00:06:42.117942
ATMN,24.18,23.89,24.13,2463200.0,2282800.0,0,0,0,0,0,0,0,0,0,0,0,0,0,0,0,0,0,158,2026-02-04 00:06:42.117942
WNTR,24.19,24.19,24.22,2129000.0,2288700.0,0,0,0,0,0,0,0,0,0,0,0,0,0,0,0,0,0,158,2026-02-04 00:06:42.117942
SPNG,22.95,22.88,22.95,2405900.0,2236900.0,0,0,0,0,0,0,0,0,0,0,0,0,0,0,0,0,0,159,2026-02-04 00:06:43.153292
SMMR,26.34,26.37,26.38,1987900.0,2049800.0,0,0,0,0,0,0,0,0,0,0,0,0,0,0,0,0,0,159,2026-02-04 00:06:43.153292
ATMN,24.21,23.87,24.21,2485400.0,2286200.0,0,0,0,0,0,0,0,0,0,0,0,0,0,0,0,0,0,159,2026-02-04 00:06:43.153292
WNTR,24.22,24.24,24.29,2252300.0,2299000.0,0,0,0,0,0,0,0,0,0,0,0,0,0,0,0,0,0,159,2026-02-04 00:06:43.153292
SPNG,22.88,22.88,23.21,2405900.0,2240000.0,0,0,0,0,0,0,0,0,0,0,0,0,0,0,0,0,0,160,2026-02-04 00:06:44.198510
SMMR,26.37,26.37,26.38,1955400.0,2049800.0,0,0,0,0,0,0,0,0,0,0,0,0,0,0,0,0,0,160,2026-02-04 00:06:44.198510
ATMN,24.18,23.87,24.14,2485400.0,2308800.0,0,0,0,0,0,0,0,0,0,0,0,0,0,0,0,0,0,160,2026-02-04 00:06:44.198510
WNTR,24.22,24.24,24.29,2252300.0,2296100.0,0,0,0,0,0,0,0,0,0,0,0,0,0,0,0,0,0,160,2026-02-04 00:06:44.198510
SPNG,22.88,22.77,22.84,2437900.0,2241500.0,0,0,0,0,0,0,0,0,0,0,0,0,0,0,0,0,0,161,2026-02-04 00:06:45.240022
SMMR,26.53,26.48,26.53,1945600.0,2049700.0,0,0,0,0,0,0,0,0,0,0,0,0,0,0,0,0,0,161,2026-02-04 00:06:45.240022
ATMN,24.36,23.97,23.98,2462200.0,2289700.0,0,0,0,0,0,0,0,0,0,0,0,0,0,0,0,0,0,161,2026-02-04 00:06:45.240022
WNTR,24.22,24.24,24.29,2354900.0,2295300.0,0,0,0,0,0,0,0,0,0,0,0,0,0,0,0,0,0,161,2026-02-04 00:06:45.240022
SPNG,22.82,22.82,23.29,2437300.0,2250500.0,0,0,0,0,0,0,0,0,0,0,0,0,0,0,0,0,0,162,2026-02-04 00:06:46.273548
SMMR,26.54,26.48,26.54,1945600.0,2014200.0,0,0,0,0,0,0,0,0,0,0,0,0,0,0,0,0,0,162,2026-02-04 00:06:46.273548
ATMN,23.98,23.97,23.98,2391600.0,2289700.0,0,0,0,0,0,0,0,0,0,0,0,0,0,0,0,0,0,162,2026-02-04 00:06:46.273548
WNTR,24.17,24.17,24.19,2107700.0,2280400.0,0,0,0,0,0,0,0,0,0,0,0,0,0,0,0,0,0,162,2026-02-04 00:06:46.273548
SPNG,22.87,22.82,22.87,2376300.0,2263700.0,0,0,0,0,0,0,0,0,0,0,0,0,0,0,0,0,0,163,2026-02-04 00:06:47.306373
SMMR,26.48,26.37,26.45,1943000.0,2010000.0,0,0,0,0,0,0,0,0,0,0,0,0,0,0,0,0,0,163,2026-02-04 00:06:47.306373
ATMN,23.98,23.99,24.36,2352800.0,2255000.0,0,0,0,0,0,0,0,0,0,0,0,0,0,0,0,0,0,163,2026-02-04 00:06:47.306373
WNTR,24.17,24.17,24.19,2227300.0,2290900.0,0,0,0,0,0,0,0,0,0,0,0,0,0,0,0,0,0,163,2026-02-04 00:06:47.306373
SPNG,22.87,23.09,23.18,2357800.0,2267100.0,0,0,0,0,0,0,0,0,0,0,0,0,0,0,0,0,0,164,2026-02-04 00:06:48.345474
SMMR,26.48,26.41,26.45,1924400.0,1999400.0,0,0,0,0,0,0,0,0,0,0,0,0,0,0,0,0,0,164,2026-02-04 00:06:48.345474
ATMN,24.4,23.97,24.25,2381100.0,2244000.0,0,0,0,0,0,0,0,0,0,0,0,0,0,0,0,0,0,164,2026-02-04 00:06:48.345474
WNTR,24.23,24.17,24.23,2128700.0,2306200.0,0,0,0,0,0,0,0,0,0,0,0,0,0,0,0,0,0,164,2026-02-04 00:06:48.345474
SPNG,22.87,23.09,23.18,2357800.0,2269500.0,0,0,0,0,0,0,0,0,0,0,0,0,0,0,0,0,0,165,2026-02-04 00:06:49.385258
SMMR,26.5,26.41,26.5,1955900.0,2009900.0,0,0,0,0,0,0,0,0,0,0,0,0,0,0,0,0,0,165,2026-02-04 00:06:49.385258
ATMN,24.4,23.97,24.25,2334100.0,2248000.0,0,0,0,0,0,0,0,0,0,0,0,0,0,0,0,0,0,165,2026-02-04 00:06:49.385258
WNTR,24.16,24.16,24.27,2111500.0,2290400.0,0,0,0,0,0,0,0,0,0,0,0,0,0,0,0,0,0,165,2026-02-04 00:06:49.385258
SPNG,22.85,22.85,23.18,2365100.0,2297600.0,0,0,0,0,0,0,0,0,0,0,0,0,0,0,0,0,0,166,2026-02-04 00:06:50.453389
SMMR,26.5,26.46,26.5,1949800.0,2009900.0,0,0,0,0,0,0,0,0,0,0,0,0,0,0,0,0,0,166,2026-02-04 00:06:50.453389
ATMN,24.05,24.05,24.25,2332400.0,2248000.0,0,0,0,0,0,0,0,0,0,0,0,0,0,0,0,0,0,166,2026-02-04 00:06:50.453389
WNTR,24.23,24.23,24.27,2128700.0,2290400.0,0,0,0,0,0,0,0,0,0,0,0,0,0,0,0,0,0,166,2026-02-04 00:06:50.453389
SPNG,22.77,22.77,23.05,2383300.0,2322900.0,0,0,0,0,0,0,0,0,0,0,0,0,0,0,0,0,0,167,2026-02-04 00:06:51.515661
SMMR,26.41,26.41,26.44,1946800.0,2004300.0,0,0,0,0,0,0,0,0,0,0,0,0,0,0,0,0,0,167,2026-02-04 00:06:51.515661
ATMN,23.87,23.97,24.25,2365100.0,2277400.0,0,0,0,0,0,0,0,0,0,0,0,0,0,0,0,0,0,167,2026-02-04 00:06:51.515661
WNTR,24.13,24.13,24.2,2120900.0,2293200.0,0,0,0,0,0,0,0,0,0,0,0,0,0,0,0,0,0,167,2026-02-04 00:06:51.515661
SPNG,23.34,22.77,23.34,2383300.0,2205000.0,0,0,0,0,0,0,0,0,0,0,0,0,0,0,0,0,0,168,2026-02-04 00:06:52.568566
SMMR,26.4,26.4,26.41,1948200.0,1983000.0,0,0,0,0,0,0,0,0,0,0,0,0,0,0,0,0,0,168,2026-02-04 00:06:52.568566
ATMN,24.17,24.18,24.25,2331300.0,2277400.0,0,0,0,0,0,0,0,0,0,0,0,0,0,0,0,0,0,168,2026-02-04 00:06:52.568566
WNTR,24.12,24.12,24.27,2253100.0,2290400.0,0,0,0,0,0,0,0,0,0,0,0,0,0,0,0,0,0,168,2026-02-04 00:06:52.568566
SPNG,22.7,22.7,23.26,2388700.0,2223300.0,0,0,0,0,0,0,0,0,0,0,0,0,0,0,0,0,0,169,2026-02-04 00:06:53.625513
SMMR,26.4,26.4,26.41,1928800.0,1983000.0,0,0,0,0,0,0,0,0,0,0,0,0,0,0,0,0,0,169,2026-02-04 00:06:53.625513
ATMN,24.18,23.97,24.08,2365100.0,2259800.0,0,0,0,0,0,0,0,0,0,0,0,0,0,0,0,0,0,169,2026-02-04 00:06:53.625513
WNTR,24.12,24.17,24.27,2347700.0,2277200.0,0,0,0,0,0,0,0,0,0,0,0,0,0,0,0,0,0,169,2026-02-04 00:06:53.625513
SPNG,22.7,22.7,23.26,2388700.0,2223300.0,0,0,0,0,0,0,0,0,0,0,0,0,0,0,0,0,0,170,2026-02-04 00:06:54.177080
SMMR,26.39,26.39,26.41,1929000.0,1983000.0,0,0,0,0,0,0,0,0,0,0,0,0,0,0,0,0,0,170,2026-02-04 00:06:54.177080
ATMN,24.36,23.97,24.36,2339200.0,2252100.0,0,0,0,0,0,0,0,0,0,0,0,0,0,0,0,0,0,170,2026-02-04 00:06:54.177080
WNTR,24.12,24.17,24.27,2334000.0,2277200.0,0,0,0,0,0,0,0,0,0,0,0,0,0,0,0,0,0,170,2026-02-04 00:06:54.177080
SPNG,23.08,22.7,23.08,2388700.0,2246800.0,0,0,0,0,0,0,0,0,0,0,0,0,0,0,0,0,0,171,2026-02-04 00:06:55.212898
SMMR,26.38,26.38,26.5,1934200.0,2003900.0,0,0,0,0,0,0,0,0,0,0,0,0,0,0,0,0,0,171,2026-02-04 00:06:55.212898
ATMN,24.42,24.18,24.41,2331400.0,2252000.0,0,0,0,0,0,0,0,0,0,0,0,0,0,0,0,0,0,171,2026-02-04 00:06:55.212898
WNTR,24.17,24.17,24.27,2309300.0,2277200.0,0,0,0,0,0,0,0,0,0,0,0,0,0,0,0,0,0,171,2026-02-04 00:06:55.212898
SPNG,23.12,23.1,23.12,2342000.0,2198100.0,0,0,0,0,0,0,0,0,0,0,0,0,0,0,0,0,0,172,2026-02-04 00:06:56.254102
SMMR,26.41,26.38,26.41,1934200.0,1990200.0,0,0,0,0,0,0,0,0,0,0,0,0,0,0,0,0,0,172,2026-02-04 00:06:56.254102
ATMN,23.97,23.87,23.89,2336700.0,2285000.0,0,0,0,0,0,0,0,0,0,0,0,0,0,0,0,0,0,172,2026-02-04 00:06:56.254102
WNTR,24.32,24.17,24.32,2309300.0,2297500.0,0,0,0,0,0,0,0,0,0,0,0,0,0,0,0,0,0,172,2026-02-04 00:06:56.254102
SPNG,23.1,22.97,23.06,2340000.0,2238100.0,0,0,0,0,0,0,0,0,0,0,0,0,0,0,0,0,0,173,2026-02-04 00:06:57.285172
SMMR,26.46,26.46,26.47,1926000.0,1979300.0,0,0,0,0,0,0,0,0,0,0,0,0,0,0,0,0,0,173,2026-02-04 00:06:57.285172
ATMN,23.89,23.89,24.41,2342700.0,2252000.0,0,0,0,0,0,0,0,0,0,0,0,0,0,0,0,0,0,173,2026-02-04 00:06:57.285172
WNTR,24.37,24.12,24.21,2348000.0,2292600.0,0,0,0,0,0,0,0,0,0,0,0,0,0,0,0,0,0,173,2026-02-04 00:06:57.285172
SPNG,23.08,22.97,23.08,2340000.0,2241000.0,0,0,0,0,0,0,0,0,0,0,0,0,0,0,0,0,0,174,2026-02-04 00:06:58.321177
SMMR,26.37,26.37,26.46,1912500.0,2000500.0,0,0,0,0,0,0,0,0,0,0,0,0,0,0,0,0,0,174,2026-02-04 00:06:58.321177
ATMN,23.84,23.84,24.41,2307700.0,2252000.0,0,0,0,0,0,0,0,0,0,0,0,0,0,0,0,0,0,174,2026-02-04 00:06:58.321177
WNTR,24.04,24.04,24.21,2113200.0,2294300.0,0,0,0,0,0,0,0,0,0,0,0,0,0,0,0,0,0,174,2026-02-04 00:06:58.321177
SPNG,23.14,22.97,23.14,2314400.0,2235600.0,0,0,0,0,0,0,0,0,0,0,0,0,0,0,0,0,0,175,2026-02-04 00:06:59.351967
SMMR,26.47,26.37,26.47,1912500.0,1979400.0,0,0,0,0,0,0,0,0,0,0,0,0,0,0,0,0,0,175,2026-02-04 00:06:59.351967
ATMN,24.42,23.83,24.42,2351800.0,2254200.0,0,0,0,0,0,0,0,0,0,0,0,0,0,0,0,0,0,175,2026-02-04 00:06:59.351967
WNTR,24.21,24.04,24.21,2223200.0,2326000.0,0,0,0,0,0,0,0,0,0,0,0,0,0,0,0,0,0,175,2026-02-04 00:06:59.351967
SPNG,23.14,23.16,23.41,2329000.0,2208000.0,0,0,0,0,0,0,0,0,0,0,0,0,0,0,0,0,0,176,2026-02-04 00:07:00.381978
SMMR,26.54,26.34,26.54,1933700.0,1980600.0,0,0,0,0,0,0,0,0,0,0,0,0,0,0,0,0,0,176,2026-02-04 00:07:00.381978
ATMN,23.8,23.8,24.21,2390900.0,2284100.0,0,0,0,0,0,0,0,0,0,0,0,0,0,0,0,0,0,176,2026-02-04 00:07:00.381978
WNTR,24.08,24.1,24.21,2327300.0,2326000.0,0,0,0,0,0,0,0,0,0,0,0,0,0,0,0,0,0,176,2026-02-04 00:07:00.381978
SPNG,23.16,22.97,23.09,2330200.0,2243500.0,0,0,0,0,0,0,0,0,0,0,0,0,0,0,0,0,0,177,2026-02-04 00:07:01.415187
SMMR,26.55,26.48,26.51,1903900.0,1952200.0,0,0,0,0,0,0,0,0,0,0,0,0,0,0,0,0,0,177,2026-02-04 00:07:01.415187
ATMN,24.21,24.3,24.35,2348900.0,2282300.0,0,0,0,0,0,0,0,0,0,0,0,0,0,0,0,0,0,177,2026-02-04 00:07:01.415187
WNTR,24.08,24.08,24.37,2305800.0,2284600.0,0,0,0,0,0,0,0,0,0,0,0,0,0,0,0,0,0,177,2026-02-04 00:07:01.415187
SPNG,22.96,22.96,23.09,2311600.0,2243500.0,0,0,0,0,0,0,0,0,0,0,0,0,0,0,0,0,0,178,2026-02-04 00:07:02.446744
SMMR,26.55,26.48,26.51,1888600.0,1959500.0,0,0,0,0,0,0,0,0,0,0,0,0,0,0,0,0,0,178,2026-02-04 00:07:02.446744
ATMN,24.3,23.8,23.95,2361400.0,2328500.0,0,0,0,0,0,0,0,0,0,0,0,0,0,0,0,0,0,178,2026-02-04 00:07:02.446744
WNTR,24.07,24.04,24.05,2325700.0,2313100.0,0,0,0,0,0,0,0,0,0,0,0,0,0,0,0,0,0,178,2026-02-04 00:07:02.446744
SPNG,23.41,22.96,23.41,2277700.0,2219500.0,0,0,0,0,0,0,0,0,0,0,0,0,0,0,0,0,0,179,2026-02-04 00:07:03.485275
SMMR,26.55,26.48,26.55,1878400.0,1958500.0,0,0,0,0,0,0,0,0,0,0,0,0,0,0,0,0,0,179,2026-02-04 00:07:03.485275
ATMN,23.95,23.9,23.95,2320700.0,2328500.0,0,0,0,0,0,0,0,0,0,0,0,0,0,0,0,0,0,179,2026-02-04 00:07:03.485275
WNTR,24.37,24.37,24.39,2269200.0,2285800.0,0,0,0,0,0,0,0,0,0,0,0,0,0,0,0,0,0,179,2026-02-04 00:07:03.485275
SPNG,25.05,23.52,23.94,711400.0,729700.0,0,0,0,0,0,0,0,0,0,0,0,0,0,0,0,0,0,180,2026-02-04 00:07:04.530759
SMMR,26.43,25.73,26.04,818600.0,752100.0,0,0,0,0,0,0,0,0,0,0,0,0,0,0,0,0,0,180,2026-02-04 00:07:04.530759
ATMN,23.83,25.25,0.0,200000.0,,0,0,0,0,0,0,0,0,0,0,0,0,0,0,0,0,0,180,2026-02-04 00:07:04.530759
WNTR,24.04,24.16,24.43,874700.0,815400.0,0,0,0,0,0,0,0,0,0,0,0,0,0,0,0,0,0,180,2026-02-04 00:07:04.530759
SPNG,23.94,24.36,24.84,1260100.0,786100.0,0,0,0,0,0,0,0,0,0,0,0,0,0,0,0,0,0,181,2026-02-04 00:07:05.572951
SMMR,25.73,25.73,25.88,812500.0,845400.0,0,0,0,0,0,0,0,0,0,0,0,0,0,0,0,0,0,181,2026-02-04 00:07:05.572951
ATMN,23.83,25.25,26.11,913800.0,1181600.0,0,0,0,0,0,0,0,0,0,0,0,0,0,0,0,0,0,181,2026-02-04 00:07:05.572951
WNTR,24.16,24.04,24.07,990300.0,908200.0,0,0,0,0,0,0,0,0,0,0,0,0,0,0,0,0,0,181,2026-02-04 00:07:05.572951
SPNG,24.84,24.76,24.84,1452100.0,786100.0,0,0,0,0,0,0,0,0,0,0,0,0,0,0,0,0,0,182,2026-02-04 00:07:06.621278
SMMR,25.71,25.75,25.88,1006900.0,936500.0,0,0,0,0,0,0,0,0,0,0,0,0,0,0,0,0,0,182,2026-02-04 00:07:06.621278
ATMN,23.83,25.25,25.33,913800.0,1576500.0,0,0,0,0,0,0,0,0,0,0,0,0,0,0,0,0,0,182,2026-02-04 00:07:06.621278
WNTR,24.23,24.04,24.1,866000.0,1234200.0,0,0,0,0,0,0,0,0,0,0,0,0,0,0,0,0,0,182,2026-02-04 00:07:06.621278
SPNG,25.36,24.76,25.21,1670000.0,869900.0,0,0,0,0,0,0,0,0,0,0,0,0,0,0,0,0,0,183,2026-02-04 00:07:07.665570
SMMR,25.88,25.75,25.88,1006900.0,1116300.0,0,0,0,0,0,0,0,0,0,0,0,0,0,0,0,0,0,183,2026-02-04 00:07:07.665570
ATMN,25.25,25.25,25.33,1020700.0,1576500.0,0,0,0,0,0,0,0,0,0,0,0,0,0,0,0,0,0,183,2026-02-04 00:07:07.665570
WNTR,24.1,24.21,24.24,1029300.0,1212600.0,0,0,0,0,0,0,0,0,0,0,0,0,0,0,0,0,0,183,2026-02-04 00:07:07.665570
SPNG,25.49,24.76,25.49,1670000.0,845600.0,0,0,0,0,0,0,0,0,0,0,0,0,0,0,0,0,0,184,2026-02-04 00:07:08.700847
SMMR,25.88,25.75,25.83,1006900.0,1409300.0,0,0,0,0,0,0,0,0,0,0,0,0,0,0,0,0,0,184,2026-02-04 00:07:08.700847
ATMN,25.57,25.32,25.57,1256800.0,1490500.0,0,0,0,0,0,0,0,0,0,0,0,0,0,0,0,0,0,184,2026-02-04 00:07:08.700847
WNTR,24.21,24.21,24.24,1029300.0,1403200.0,0,0,0,0,0,0,0,0,0,0,0,0,0,0,0,0,0,184,2026-02-04 00:07:08.700847
SPNG,25.49,24.76,25.49,1670000.0,931600.0,0,0,0,0,0,0,0,0,0,0,0,0,0,0,0,0,0,185,2026-02-04 00:07:09.241731
SMMR,25.88,25.75,25.82,1006900.0,1608800.0,0,0,0,0,0,0,0,0,0,0,0,0,0,0,0,0,0,185,2026-02-04 00:07:09.241731
ATMN,25.32,25.32,25.57,1256800.0,1607600.0,0,0,0,0,0,0,0,0,0,0,0,0,0,0,0,0,0,185,2026-02-04 00:07:09.241731
WNTR,24.21,24.04,24.21,897700.0,1619400.0,0,0,0,0,0,0,0,0,0,0,0,0,0,0,0,0,0,185,2026-02-04 00:07:09.241731
SPNG,25.49,24.76,25.49,1670000.0,1110600.0,0,0,0,0,0,0,0,0,0,0,0,0,0,0,0,0,0,186,2026-02-04 00:07:10.279779
SMMR,25.65,25.29,25.64,835100.0,1787800.0,0,0,0,0,0,0,0,0,0,0,0,0,0,0,0,0,0,186,2026-02-04 00:07:10.279779
ATMN,25.32,25.32,25.5,1256800.0,1918100.0,0,0,0,0,0,0,0,0,0,0,0,0,0,0,0,0,0,186,2026-02-04 00:07:10.279779
WNTR,23.63,23.86,23.94,1053900.0,1746600.0,0,0,0,0,0,0,0,0,0,0,0,0,0,0,0,0,0,186,2026-02-04 00:07:10.279779
SPNG,25.49,25.56,25.73,1903100.0,988900.0,0,0,0,0,0,0,0,0,0,0,0,0,0,0,0,0,0,187,2026-02-04 00:07:11.310705
SMMR,25.82,25.64,25.82,1065500.0,1687700.0,0,0,0,0,0,0,0,0,0,0,0,0,0,0,0,0,0,187,2026-02-04 00:07:11.310705
ATMN,25.1,25.1,25.4,926500.0,2132900.0,0,0,0,0,0,0,0,0,0,0,0,0,0,0,0,0,0,187,2026-02-04 00:07:11.310705
WNTR,23.94,24.04,24.21,1464400.0,1619400.0,0,0,0,0,0,0,0,0,0,0,0,0,0,0,0,0,0,187,2026-02-04 00:07:11.310705
SPNG,25.49,25.56,25.58,1903100.0,1384200.0,0,0,0,0,0,0,0,0,0,0,0,0,0,0,0,0,0,188,2026-02-04 00:07:12.350898
SMMR,25.64,25.52,25.58,1041900.0,1804900.0,0,0,0,0,0,0,0,0,0,0,0,0,0,0,0,0,0,188,2026-02-04 00:07:12.350898
ATMN,25.33,25.33,25.37,1030100.0,2166500.0,0,0,0,0,0,0,0,0,0,0,0,0,0,0,0,0,0,188,2026-02-04 00:07:12.350898
WNTR,23.94,24.04,24.19,1464400.0,1933700.0,0,0,0,0,0,0,0,0,0,0,0,0,0,0,0,0,0,188,2026-02-04 00:07:12.350898
SPNG,24.63,24.63,25.58,1569900.0,1496700.0,0,0,0,0,0,0,0,0,0,0,0,0,0,0,0,0,0,189,2026-02-04 00:07:13.381389
SMMR,25.58,25.52,25.58,1252000.0,1804900.0,0,0,0,0,0,0,0,0,0,0,0,0,0,0,0,0,0,189,2026-02-04 00:07:13.381389
ATMN,25.37,25.36,25.37,1049000.0,2166500.0,0,0,0,0,0,0,0,0,0,0,0,0,0,0,0,0,0,189,2026-02-04 00:07:13.381389
WNTR,23.63,23.63,24.19,1326700.0,2065200.0,0,0,0,0,0,0,0,0,0,0,0,0,0,0,0,0,0,189,2026-02-04 00:07:13.381389
SPNG,25.08,25.15,25.45,1694800.0,1714700.0,0,0,0,0,0,0,0,0,0,0,0,0,0,0,0,0,0,190,2026-02-04 00:07:14.422912
SMMR,25.58,25.52,25.58,1544500.0,1804900.0,0,0,0,0,0,0,0,0,0,0,0,0,0,0,0,0,0,190,2026-02-04 00:07:14.422912
ATMN,25.09,25.13,25.29,1054400.0,2209200.0,0,0,0,0,0,0,0,0,0,0,0,0,0,0,0,0,0,190,2026-02-04 00:07:14.422912
WNTR,23.63,23.86,24.03,1456000.0,2100700.0,0,0,0,0,0,0,0,0,0,0,0,0,0,0,0,0,0,190,2026-02-04 00:07:14.422912
SPNG,25.08,25.15,25.23,1694800.0,1914900.0,0,0,0,0,0,0,0,0,0,0,0,0,0,0,0,0,0,191,2026-02-04 00:07:15.458745
SMMR,25.79,25.52,25.66,1650500.0,1796200.0,0,0,0,0,0,0,0,0,0,0,0,0,0,0,0,0,0,191,2026-02-04 00:07:15.458745
ATMN,25.09,25.13,25.29,1378500.0,2185300.0,0,0,0,0,0,0,0,0,0,0,0,0,0,0,0,0,0,191,2026-02-04 00:07:15.458745
WNTR,24.08,23.86,24.0,1456000.0,2100200.0,0,0,0,0,0,0,0,0,0,0,0,0,0,0,0,0,0,191,2026-02-04 00:07:15.458745
SPNG,24.62,24.62,25.23,1583100.0,1967700.0,0,0,0,0,0,0,0,0,0,0,0,0,0,0,0,0,0,192,2026-02-04 00:07:16.493999
SMMR,25.83,25.64,25.83,1846900.0,1585400.0,0,0,0,0,0,0,0,0,0,0,0,0,0,0,0,0,0,192,2026-02-04 00:07:16.493999
ATMN,25.31,25.13,25.17,1378500.0,2152200.0,0,0,0,0,0,0,0,0,0,0,0,0,0,0,0,0,0,192,2026-02-04 00:07:16.493999
WNTR,23.78,23.88,24.0,1458700.0,2100200.0,0,0,0,0,0,0,0,0,0,0,0,0,0,0,0,0,0,192,2026-02-04 00:07:16.493999
SPNG,24.36,24.83,24.91,1570300.0,2002000.0,0,0,0,0,0,0,0,0,0,0,0,0,0,0,0,0,0,193,2026-02-04 00:07:17.527337
SMMR,25.6,25.6,25.83,1875600.0,1699000.0,0,0,0,0,0,0,0,0,0,0,0,0,0,0,0,0,0,193,2026-02-04 00:07:17.527337
ATMN,25.31,25.13,25.17,1599000.0,2148100.0,0,0,0,0,0,0,0,0,0,0,0,0,0,0,0,0,0,193,2026-02-04 00:07:17.527337
WNTR,23.88,23.69,23.74,1559300.0,2112800.0,0,0,0,0,0,0,0,0,0,0,0,0,0,0,0,0,0,193,2026-02-04 00:07:17.527337
SPNG,25.23,24.83,25.23,1667200.0,1967700.0,0,0,0,0,0,0,0,0,0,0,0,0,0,0,0,0,0,194,2026-02-04 00:07:18.577829
SMMR,25.6,25.6,25.68,2072400.0,1794100.0,0,0,0,0,0,0,0,0,0,0,0,0,0,0,0,0,0,194,2026-02-04 00:07:18.577829
ATMN,25.37,25.13,25.37,1719500.0,2168600.0,0,0,0,0,0,0,0,0,0,0,0,0,0,0,0,0,0,194,2026-02-04 00:07:18.577829
WNTR,24.08,24.09,24.19,2047900.0,2065200.0,0,0,0,0,0,0,0,0,0,0,0,0,0,0,0,0,0,194,2026-02-04 00:07:18.577829
SPNG,24.52,24.52,25.45,1484000.0,1950700.0,0,0,0,0,0,0,0,0,0,0,0,0,0,0,0,0,0,195,2026-02-04 00:07:19.657807
SMMR,25.68,25.55,25.68,2072100.0,1794100.0,0,0,0,0,0,0,0,0,0,0,0,0,0,0,0,0,0,195,2026-02-04 00:07:19.657807
ATMN,25.13,25.13,25.39,1719500.0,2149200.0,0,0,0,0,0,0,0,0,0,0,0,0,0,0,0,0,0,195,2026-02-04 00:07:19.657807
WNTR,24.08,24.09,24.19,2047900.0,2084500.0,0,0,0,0,0,0,0,0,0,0,0,0,0,0,0,0,0,195,2026-02-04 00:07:19.657807
SPNG,24.52,25.27,25.45,1586700.0,2002900.0,0,0,0,0,0,0,0,0,0,0,0,0,0,0,0,0,0,196,2026-02-04 00:07:20.702083
SMMR,25.68,25.79,25.81,2041000.0,1872600.0,0,0,0,0,0,0,0,0,0,0,0,0,0,0,0,0,0,196,2026-02-04 00:07:20.702083
ATMN,25.28,25.12,25.19,1627800.0,2164000.0,0,0,0,0,0,0,0,0,0,0,0,0,0,0,0,0,0,196,2026-02-04 00:07:20.702083
WNTR,23.77,23.77,23.81,1931800.0,2142100.0,0,0,0,0,0,0,0,0,0,0,0,0,0,0,0,0,0,196,2026-02-04 00:07:20.702083
SPNG,24.91,24.7,24.91,1580800.0,2030900.0,0,0,0,0,0,0,0,0,0,0,0,0,0,0,0,0,0,197,2026-02-04 00:07:21.749692
SMMR,25.67,25.67,25.81,2069100.0,1872600.0,0,0,0,0,0,0,0,0,0,0,0,0,0,0,0,0,0,197,2026-02-04 00:07:21.749692
ATMN,25.07,25.07,25.39,1626100.0,2135000.0,0,0,0,0,0,0,0,0,0,0,0,0,0,0,0,0,0,197,2026-02-04 00:07:21.749692
WNTR,23.81,23.77,23.81,2142700.0,2142100.0,0,0,0,0,0,0,0,0,0,0,0,0,0,0,0,0,0,197,2026-02-04 00:07:21.749692
SPNG,24.91,24.76,24.91,1801800.0,2030900.0,0,0,0,0,0,0,0,0,0,0,0,0,0,0,0,0,0,198,2026-02-04 00:07:22.292059
SMMR,25.83,25.67,25.83,2069100.0,1887300.0,0,0,0,0,0,0,0,0,0,0,0,0,0,0,0,0,0,198,2026-02-04 00:07:22.292059
ATMN,25.05,25.05,25.39,1499700.0,2150500.0,0,0,0,0,0,0,0,0,0,0,0,0,0,0,0,0,0,198,2026-02-04 00:07:22.292059
WNTR,23.81,23.86,24.11,2255300.0,2160200.0,0,0,0,0,0,0,0,0,0,0,0,0,0,0,0,0,0,198,2026-02-04 00:07:22.292059
SPNG,24.76,24.76,25.45,1801800.0,1996100.0,0,0,0,0,0,0,0,0,0,0,0,0,0,0,0,0,0,199,2026-02-04 00:07:23.331299
SMMR,25.73,25.74,25.83,2048300.0,1895200.0,0,0,0,0,0,0,0,0,0,0,0,0,0,0,0,0,0,199,2026-02-04 00:07:23.331299
ATMN,25.01,25.01,25.33,1494900.0,2152600.0,0,0,0,0,0,0,0,0,0,0,0,0,0,0,0,0,0,199,2026-02-04 00:07:23.331299
WNTR,23.77,23.77,24.11,2142700.0,2160200.0,0,0,0,0,0,0,0,0,0,0,0,0,0,0,0,0,0,199,2026-02-04 00:07:23.331299
SPNG,25.45,24.76,25.45,1801800.0,1998200.0,0,0,0,0,0,0,0,0,0,0,0,0,0,0,0,0,0,200,2026-02-04 00:07:24.380493
SMMR,25.73,25.74,25.78,2048300.0,1934100.0,0,0,0,0,0,0,0,0,0,0,0,0,0,0,0,0,0,200,2026-02-04 00:07:24.380493
ATMN,25.01,25.04,25.33,1861900.0,2152600.0,0,0,0,0,0,0,0,0,0,0,0,0,0,0,0,0,0,200,2026-02-04 00:07:24.380493
WNTR,23.77,24.08,24.11,2385200.0,2182100.0,0,0,0,0,0,0,0,0,0,0,0,0,0,0,0,0,0,200,2026-02-04 00:07:24.380493
SPNG,24.57,25.1,25.45,1686200.0,1998200.0,0,0,0,0,0,0,0,0,0,0,0,0,0,0,0,0,0,201,2026-02-04 00:07:25.459470
SMMR,25.78,25.74,25.78,2052300.0,1967100.0,0,0,0,0,0,0,0,0,0,0,0,0,0,0,0,0,0,201,2026-02-04 00:07:25.459470
ATMN,25.13,25.04,25.13,1972400.0,2140600.0,0,0,0,0,0,0,0,0,0,0,0,0,0,0,0,0,0,201,2026-02-04 00:07:25.459470
WNTR,24.19,23.77,24.1,2253000.0,2168300.0,0,0,0,0,0,0,0,0,0,0,0,0,0,0,0,0,0,201,2026-02-04 00:07:25.459470
SPNG,24.57,25.1,25.37,1686200.0,2084600.0,0,0,0,0,0,0,0,0,0,0,0,0,0,0,0,0,0,202,2026-02-04 00:07:26.494840
SMMR,25.83,25.82,25.83,2055900.0,1927400.0,0,0,0,0,0,0,0,0,0,0,0,0,0,0,0,0,0,202,2026-02-04 00:07:26.494840
ATMN,25.32,25.04,25.32,2222600.0,2130000.0,0,0,0,0,0,0,0,0,0,0,0,0,0,0,0,0,0,202,2026-02-04 00:07:26.494840
WNTR,24.19,24.01,24.07,2379100.0,2179200.0,0,0,0,0,0,0,0,0,0,0,0,0,0,0,0,0,0,202,2026-02-04 00:07:26.494840
SPNG,24.28,24.96,25.37,1500500.0,2124000.0,0,0,0,0,0,0,0,0,0,0,0,0,0,0,0,0,0,203,2026-02-04 00:07:27.532636
SMMR,25.83,25.82,25.83,2055900.0,1994600.0,0,0,0,0,0,0,0,0,0,0,0,0,0,0,0,0,0,203,2026-02-04 00:07:27.532636
ATMN,25.2,25.2,25.23,2340800.0,2122000.0,0,0,0,0,0,0,0,0,0,0,0,0,0,0,0,0,0,203,2026-02-04 00:07:27.532636
WNTR,23.9,23.95,24.07,2352700.0,2178000.0,0,0,0,0,0,0,0,0,0,0,0,0,0,0,0,0,0,203,2026-02-04 00:07:27.532636
SPNG,25.19,24.28,24.83,1529800.0,2143900.0,0,0,0,0,0,0,0,0,0,0,0,0,0,0,0,0,0,204,2026-02-04 00:07:28.564686
SMMR,25.82,25.76,25.77,2010700.0,1994900.0,0,0,0,0,0,0,0,0,0,0,0,0,0,0,0,0,0,204,2026-02-04 00:07:28.564686
ATMN,25.32,25.2,25.32,2340800.0,2175600.0,0,0,0,0,0,0,0,0,0,0,0,0,0,0,0,0,0,204,2026-02-04 00:07:28.564686
WNTR,23.9,23.95,24.01,2298300.0,2201500.0,0,0,0,0,0,0,0,0,0,0,0,0,0,0,0,0,0,204,2026-02-04 00:07:28.564686
SPNG,25.37,24.39,25.03,1639300.0,2141800.0,0,0,0,0,0,0,0,0,0,0,0,0,0,0,0,0,0,205,2026-02-04 00:07:29.596304
SMMR,25.76,25.76,25.77,2024400.0,2007800.0,0,0,0,0,0,0,0,0,0,0,0,0,0,0,0,0,0,205,2026-02-04 00:07:29.596304
ATMN,25.04,25.04,25.13,2318500.0,2165300.0,0,0,0,0,0,0,0,0,0,0,0,0,0,0,0,0,0,205,2026-02-04 00:07:29.596304
WNTR,23.94,23.94,23.96,2318100.0,2221700.0,0,0,0,0,0,0,0,0,0,0,0,0,0,0,0,0,0,205,2026-02-04 00:07:29.596304
SPNG,24.98,24.98,25.03,1974900.0,2141800.0,0,0,0,0,0,0,0,0,0,0,0,0,0,0,0,0,0,206,2026-02-04 00:07:30.646002
SMMR,25.73,25.73,25.77,2040000.0,1967900.0,0,0,0,0,0,0,0,0,0,0,0,0,0,0,0,0,0,206,2026-02-04 00:07:30.646002
ATMN,25.04,25.05,25.13,2275700.0,2165300.0,0,0,0,0,0,0,0,0,0,0,0,0,0,0,0,0,0,206,2026-02-04 00:07:30.646002
WNTR,23.77,23.69,23.74,2338500.0,2276500.0,0,0,0,0,0,0,0,0,0,0,0,0,0,0,0,0,0,206,2026-02-04 00:07:30.646002
SPNG,25.03,24.98,25.03,2062400.0,2158200.0,0,0,0,0,0,0,0,0,0,0,0,0,0,0,0,0,0,207,2026-02-04 00:07:31.692318
SMMR,25.77,25.77,25.83,2055900.0,1967200.0,0,0,0,0,0,0,0,0,0,0,0,0,0,0,0,0,0,207,2026-02-04 00:07:31.692318
ATMN,25.33,25.05,25.33,2251100.0,2184400.0,0,0,0,0,0,0,0,0,0,0,0,0,0,0,0,0,0,207,2026-02-04 00:07:31.692318
WNTR,23.97,23.69,23.9,2314400.0,2224200.0,0,0,0,0,0,0,0,0,0,0,0,0,0,0,0,0,0,207,2026-02-04 00:07:31.692318
SPNG,24.78,24.78,25.03,2138000.0,2154000.0,0,0,0,0,0,0,0,0,0,0,0,0,0,0,0,0,0,208,2026-02-04 00:07:32.727049
SMMR,25.83,25.7,25.83,2044500.0,1967200.0,0,0,0,0,0,0,0,0,0,0,0,0,0,0,0,0,0,208,2026-02-04 00:07:32.727049
ATMN,25.04,25.04,25.23,2283100.0,2193900.0,0,0,0,0,0,0,0,0,0,0,0,0,0,0,0,0,0,208,2026-02-04 00:07:32.727049
WNTR,23.97,23.87,23.9,2289500.0,2224200.0,0,0,0,0,0,0,0,0,0,0,0,0,0,0,0,0,0,208,2026-02-04 00:07:32.727049
SPNG,24.78,24.74,24.75,2020400.0,2137500.0,0,0,0,0,0,0,0,0,0,0,0,0,0,0,0,0,0,209,2026-02-04 00:07:33.761465
SMMR,25.83,25.7,25.83,2044500.0,1969300.0,0,0,0,0,0,0,0,0,0,0,0,0,0,0,0,0,0,209,2026-02-04 00:07:33.761465
ATMN,25.01,25.01,25.23,2261100.0,2193900.0,0,0,0,0,0,0,0,0,0,0,0,0,0,0,0,0,0,209,2026-02-04 00:07:33.761465
WNTR,23.9,23.96,24.01,2263600.0,2201500.0,0,0,0,0,0,0,0,0,0,0,0,0,0,0,0,0,0,209,2026-02-04 00:07:33.761465
SPNG,25.13,25.26,25.37,2113500.0,2129200.0,0,0,0,0,0,0,0,0,0,0,0,0,0,0,0,0,0,210,2026-02-04 00:07:34.800744
SMMR,25.85,25.72,25.85,2048300.0,1977100.0,0,0,0,0,0,0,0,0,0,0,0,0,0,0,0,0,0,210,2026-02-04 00:07:34.800744
ATMN,25.23,25.26,25.3,2232100.0,2208500.0,0,0,0,0,0,0,0,0,0,0,0,0,0,0,0,0,0,210,2026-02-04 00:07:34.800744
WNTR,23.9,23.96,24.01,2268700.0,2201500.0,0,0,0,0,0,0,0,0,0,0,0,0,0,0,0,0,0,210,2026-02-04 00:07:34.800744
SPNG,25.26,24.87,25.05,2111700.0,2153900.0,0,0,0,0,0,0,0,0,0,0,0,0,0,0,0,0,0,211,2026-02-04 00:07:35.340458
SMMR,25.7,25.7,25.77,2044500.0,1986600.0,0,0,0,0,0,0,0,0,0,0,0,0,0,0,0,0,0,211,2026-02-04 00:07:35.340458
ATMN,25.26,25.01,25.26,2288000.0,2205700.0,0,0,0,0,0,0,0,0,0,0,0,0,0,0,0,0,0,211,2026-02-04 00:07:35.340458
WNTR,23.9,23.96,24.01,2270900.0,2201500.0,0,0,0,0,0,0,0,0,0,0,0,0,0,0,0,0,0,211,2026-02-04 00:07:35.340458
SPNG,25.05,25.15,25.37,2094500.0,2129200.0,0,0,0,0,0,0,0,0,0,0,0,0,0,0,0,0,0,212,2026-02-04 00:07:36.375799
SMMR,25.67,25.67,25.77,2072600.0,1966900.0,0,0,0,0,0,0,0,0,0,0,0,0,0,0,0,0,0,212,2026-02-04 00:07:36.375799
ATMN,25.27,25.01,25.27,2246600.0,2202300.0,0,0,0,0,0,0,0,0,0,0,0,0,0,0,0,0,0,212,2026-02-04 00:07:36.375799
WNTR,24.01,24.02,24.07,2267400.0,2178000.0,0,0,0,0,0,0,0,0,0,0,0,0,0,0,0,0,0,212,2026-02-04 00:07:36.375799
SPNG,24.86,24.86,25.37,2129900.0,2143200.0,0,0,0,0,0,0,0,0,0,0,0,0,0,0,0,0,0,213,2026-02-04 00:07:37.409490
SMMR,25.67,25.67,25.74,2052400.0,1989100.0,0,0,0,0,0,0,0,0,0,0,0,0,0,0,0,0,0,213,2026-02-04 00:07:37.409490
ATMN,25.3,25.01,25.3,2241200.0,2208500.0,0,0,0,0,0,0,0,0,0,0,0,0,0,0,0,0,0,213,2026-02-04 00:07:37.409490
WNTR,23.96,23.96,24.07,2265600.0,2163800.0,0,0,0,0,0,0,0,0,0,0,0,0,0,0,0,0,0,213,2026-02-04 00:07:37.409490
SPNG,24.74,25.09,25.37,2097000.0,2143200.0,0,0,0,0,0,0,0,0,0,0,0,0,0,0,0,0,0,214,2026-02-04 00:07:38.447819
SMMR,25.66,25.67,25.74,2052600.0,1989100.0,0,0,0,0,0,0,0,0,0,0,0,0,0,0,0,0,0,214,2026-02-04 00:07:38.447819
ATMN,25.3,25.01,25.04,2241200.0,2212200.0,0,0,0,0,0,0,0,0,0,0,0,0,0,0,0,0,0,214,2026-02-04 00:07:38.447819
WNTR,23.92,23.92,24.07,2285200.0,2172000.0,0,0,0,0,0,0,0,0,0,0,0,0,0,0,0,0,0,214,2026-02-04 00:07:38.447819
SPNG,24.74,24.74,25.23,2133100.0,2118100.0,0,0,0,0,0,0,0,0,0,0,0,0,0,0,0,0,0,215,2026-02-04 00:07:39.479292
SMMR,25.67,25.62,25.66,2065200.0,1981700.0,0,0,0,0,0,0,0,0,0,0,0,0,0,0,0,0,0,215,2026-02-04 00:07:39.479292
ATMN,25.36,25.01,25.36,2248800.0,2182700.0,0,0,0,0,0,0,0,0,0,0,0,0,0,0,0,0,0,215,2026-02-04 00:07:39.479292
WNTR,24.02,24.02,24.07,2258000.0,2183800.0,0,0,0,0,0,0,0,0,0,0,0,0,0,0,0,0,0,215,2026-02-04 00:07:39.479292
SPNG,24.74,24.74,25.21,2133100.0,2161000.0,0,0,0,0,0,0,0,0,0,0,0,0,0,0,0,0,0,216,2026-02-04 00:07:40.517024
SMMR,25.6,25.7,25.85,2044800.0,1934400.0,0,0,0,0,0,0,0,0,0,0,0,0,0,0,0,0,0,216,2026-02-04 00:07:40.517024
ATMN,25.0,25.11,25.22,2245100.0,2194600.0,0,0,0,0,0,0,0,0,0,0,0,0,0,0,0,0,0,216,2026-02-04 00:07:40.517024
WNTR,23.79,23.79,24.07,2261700.0,2183800.0,0,0,0,0,0,0,0,0,0,0,0,0,0,0,0,0,0,216,2026-02-04 00:07:40.517024
SPNG,25.21,24.74,25.21,2102400.0,2146400.0,0,0,0,0,0,0,0,0,0,0,0,0,0,0,0,0,0,217,2026-02-04 00:07:41.548939
SMMR,25.83,25.83,25.85,2024500.0,1934400.0,0,0,0,0,0,0,0,0,0,0,0,0,0,0,0,0,0,217,2026-02-04 00:07:41.548939
ATMN,25.36,25.3,25.36,2269600.0,2182700.0,0,0,0,0,0,0,0,0,0,0,0,0,0,0,0,0,0,217,2026-02-04 00:07:41.548939
WNTR,23.9,23.91,24.07,2246900.0,2183800.0,0,0,0,0,0,0,0,0,0,0,0,0,0,0,0,0,0,217,2026-02-04 00:07:41.548939
SPNG,24.74,24.74,25.23,2088600.0,2160800.0,0,0,0,0,0,0,0,0,0,0,0,0,0,0,0,0,0,218,2026-02-04 00:07:42.579836
SMMR,25.83,25.72,25.75,2029700.0,1949900.0,0,0,0,0,0,0,0,0,0,0,0,0,0,0,0,0,0,218,2026-02-04 00:07:42.579836
ATMN,25.11,25.11,25.4,2245100.0,2146200.0,0,0,0,0,0,0,0,0,0,0,0,0,0,0,0,0,0,218,2026-02-04 00:07:42.579836
WNTR,23.97,23.9,23.97,2230400.0,2201300.0,0,0,0,0,0,0,0,0,0,0,0,0,0,0,0,0,0,218,2026-02-04 00:07:42.579836
SPNG,24.6,24.6,25.27,2102100.0,2160100.0,0,0,0,0,0,0,0,0,0,0,0,0,0,0,0,0,0,219,2026-02-04 00:07:43.614402
SMMR,25.75,25.74,25.75,2006300.0,1958500.0,0,0,0,0,0,0,0,0,0,0,0,0,0,0,0,0,0,219,2026-02-04 00:07:43.614402
ATMN,25.11,25.11,25.16,2269100.0,2150300.0,0,0,0,0,0,0,0,0,0,0,0,0,0,0,0,0,0,219,2026-02-04 00:07:43.614402
WNTR,24.07,23.9,24.07,2240800.0,2183800.0,0,0,0,0,0,0,0,0,0,0,0,0,0,0,0,0,0,219,2026-02-04 00:07:43.614402
SPNG,24.6,24.72,24.89,2104900.0,2178100.0,0,0,0,0,0,0,0,0,0,0,0,0,0,0,0,0,0,220,2026-02-04 00:07:44.644499
SMMR,25.72,25.72,25.75,2004600.0,1958500.0,0,0,0,0,0,0,0,0,0,0,0,0,0,0,0,0,0,220,2026-02-04 00:07:44.644499
ATMN,25.22,25.22,25.42,2290000.0,2168900.0,0,0,0,0,0,0,0,0,0,0,0,0,0,0,0,0,0,220,2026-02-04 00:07:44.644499
WNTR,24.1,23.97,24.1,2244100.0,2154700.0,0,0,0,0,0,0,0,0,0,0,0,0,0,0,0,0,0,220,2026-02-04 00:07:44.644499
SPNG,24.89,24.72,24.89,2096800.0,2178100.0,0,0,0,0,0,0,0,0,0,0,0,0,0,0,0,0,0,221,2026-02-04 00:07:45.681506
SMMR,25.71,25.71,25.75,2013900.0,1929000.0,0,0,0,0,0,0,0,0,0,0,0,0,0,0,0,0,0,221,2026-02-04 00:07:45.681506
ATMN,25.22,25.22,25.42,2298100.0,2168900.0,0,0,0,0,0,0,0,0,0,0,0,0,0,0,0,0,0,221,2026-02-04 00:07:45.681506
WNTR,24.16,24.1,24.16,2221900.0,2146600.0,0,0,0,0,0,0,0,0,0,0,0,0,0,0,0,0,0,221,2026-02-04 00:07:45.681506
SPNG,25.4,24.72,25.4,2057000.0,2117100.0,0,0,0,0,0,0,0,0,0,0,0,0,0,0,0,0,0,222,2026-02-04 00:07:46.730917
SMMR,25.78,25.75,25.78,2032700.0,1912600.0,0,0,0,0,0,0,0,0,0,0,0,0,0,0,0,0,0,222,2026-02-04 00:07:46.730917
ATMN,25.42,25.22,25.42,2298100.0,2183100.0,0,0,0,0,0,0,0,0,0,0,0,0,0,0,0,0,0,222,2026-02-04 00:07:46.730917
WNTR,23.97,23.97,24.01,2219700.0,2150500.0,0,0,0,0,0,0,0,0,0,0,0,0,0,0,0,0,0,222,2026-02-04 00:07:46.730917
SPNG,24.72,25.01,25.4,2073600.0,2117100.0,0,0,0,0,0,0,0,0,0,0,0,0,0,0,0,0,0,223,2026-02-04 00:07:47.793331
SMMR,25.86,25.75,25.86,2032700.0,1939100.0,0,0,0,0,0,0,0,0,0,0,0,0,0,0,0,0,0,223,2026-02-04 00:07:47.793331
ATMN,25.42,25.31,25.42,2300300.0,2194300.0,0,0,0,0,0,0,0,0,0,0,0,0,0,0,0,0,0,223,2026-02-04 00:07:47.793331
WNTR,24.01,23.97,24.01,2219700.0,2137300.0,0,0,0,0,0,0,0,0,0,0,0,0,0,0,0,0,0,223,2026-02-04 00:07:47.793331
SPNG,24.72,24.72,25.4,2057000.0,2118000.0,0,0,0,0,0,0,0,0,0,0,0,0,0,0,0,0,0,224,2026-02-04 00:07:48.835263
SMMR,25.88,25.75,25.88,2032700.0,1932000.0,0,0,0,0,0,0,0,0,0,0,0,0,0,0,0,0,0,224,2026-02-04 00:07:48.835263
ATMN,25.43,25.2,25.43,2285500.0,2183300.0,0,0,0,0,0,0,0,0,0,0,0,0,0,0,0,0,0,224,2026-02-04 00:07:48.835263
WNTR,24.16,24.03,24.16,2238500.0,2102100.0,0,0,0,0,0,0,0,0,0,0,0,0,0,0,0,0,0,224,2026-02-04 00:07:48.835263
SPNG,24.72,24.72,24.86,2072800.0,2133800.0,0,0,0,0,0,0,0,0,0,0,0,0,0,0,0,0,0,225,2026-02-04 00:07:49.877385
SMMR,25.71,25.71,25.77,2013900.0,1926400.0,0,0,0,0,0,0,0,0,0,0,0,0,0,0,0,0,0,225,2026-02-04 00:07:49.877385
ATMN,25.11,25.11,25.34,2265700.0,2202600.0,0,0,0,0,0,0,0,0,0,0,0,0,0,0,0,0,0,225,2026-02-04 00:07:49.877385
WNTR,23.9,23.87,23.89,2243700.0,2113300.0,0,0,0,0,0,0,0,0,0,0,0,0,0,0,0,0,0,225,2026-02-04 00:07:49.877385
SPNG,24.86,25.38,25.4,2058400.0,2118000.0,0,0,0,0,0,0,0,0,0,0,0,0,0,0,0,0,0,226,2026-02-04 00:07:50.924034
SMMR,25.88,25.88,25.89,2016600.0,1917100.0,0,0,0,0,0,0,0,0,0,0,0,0,0,0,0,0,0,226,2026-02-04 00:07:50.924034
ATMN,25.07,25.07,25.34,2255100.0,2202600.0,0,0,0,0,0,0,0,0,0,0,0,0,0,0,0,0,0,226,2026-02-04 00:07:50.924034
WNTR,23.9,23.87,23.89,2252600.0,2129100.0,0,0,0,0,0,0,0,0,0,0,0,0,0,0,0,0,0,226,2026-02-04 00:07:50.924034
SPNG,25.38,24.72,24.95,2072800.0,2121300.0,0,0,0,0,0,0,0,0,0,0,0,0,0,0,0,0,0,227,2026-02-04 00:07:51.461914
SMMR,25.88,25.72,25.8,2035200.0,1927100.0,0,0,0,0,0,0,0,0,0,0,0,0,0,0,0,0,0,227,2026-02-04 00:07:51.461914
ATMN,25.07,25.09,25.22,2294900.0,2202200.0,0,0,0,0,0,0,0,0,0,0,0,0,0,0,0,0,0,227,2026-02-04 00:07:51.461914
WNTR,23.94,23.87,23.94,2257100.0,2115800.0,0,0,0,0,0,0,0,0,0,0,0,0,0,0,0,0,0,227,2026-02-04 00:07:51.461914
SPNG,24.95,25.06,25.4,2114300.0,2121000.0,0,0,0,0,0,0,0,0,0,0,0,0,0,0,0,0,0,228,2026-02-04 00:07:52.509461
SMMR,25.86,25.62,25.69,2029800.0,1924400.0,0,0,0,0,0,0,0,0,0,0,0,0,0,0,0,0,0,228,2026-02-04 00:07:52.509461
ATMN,25.22,25.25,25.34,2314600.0,2207000.0,0,0,0,0,0,0,0,0,0,0,0,0,0,0,0,0,0,228,2026-02-04 00:07:52.509461
WNTR,23.94,23.96,24.16,2255700.0,2103200.0,0,0,0,0,0,0,0,0,0,0,0,0,0,0,0,0,0,228,2026-02-04 00:07:52.509461
SPNG,24.95,25.06,25.18,2114300.0,2120900.0,0,0,0,0,0,0,0,0,0,0,0,0,0,0,0,0,0,229,2026-02-04 00:07:53.554467
SMMR,25.89,25.62,25.84,2029800.0,1898200.0,0,0,0,0,0,0,0,0,0,0,0,0,0,0,0,0,0,229,2026-02-04 00:07:53.554467
ATMN,25.0,25.0,25.34,2225600.0,2216400.0,0,0,0,0,0,0,0,0,0,0,0,0,0,0,0,0,0,229,2026-02-04 00:07:53.554467
WNTR,23.81,23.81,24.01,2262800.0,2094400.0,0,0,0,0,0,0,0,0,0,0,0,0,0,0,0,0,0,229,2026-02-04 00:07:53.554467
SPNG,24.95,25.06,25.18,2114300.0,2097600.0,0,0,0,0,0,0,0,0,0,0,0,0,0,0,0,0,0,230,2026-02-04 00:07:54.584005
SMMR,25.89,25.7,25.89,2018300.0,1922100.0,0,0,0,0,0,0,0,0,0,0,0,0,0,0,0,0,0,230,2026-02-04 00:07:54.584005
ATMN,25.43,25.0,25.43,2255100.0,2208200.0,0,0,0,0,0,0,0,0,0,0,0,0,0,0,0,0,0,230,2026-02-04 00:07:54.584005
WNTR,24.16,23.85,23.95,2225300.0,2121300.0,0,0,0,0,0,0,0,0,0,0,0,0,0,0,0,0,0,230,2026-02-04 00:07:54.584005
SPNG,24.82,25.09,25.1,2088200.0,2111400.0,0,0,0,0,0,0,0,0,0,0,0,0,0,0,0,0,0,231,2026-02-04 00:07:55.625561
SMMR,25.62,25.62,25.83,2029800.0,1903200.0,0,0,0,0,0,0,0,0,0,0,0,0,0,0,0,0,0,231,2026-02-04 00:07:55.625561
ATMN,25.0,25.0,25.43,2254600.0,2208200.0,0,0,0,0,0,0,0,0,0,0,0,0,0,0,0,0,0,231,2026-02-04 00:07:55.625561
WNTR,23.81,23.81,23.95,2258100.0,2121300.0,0,0,0,0,0,0,0,0,0,0,0,0,0,0,0,0,0,231,2026-02-04 00:07:55.625561
SPNG,25.1,24.72,25.1,2098300.0,2107300.0,0,0,0,0,0,0,0,0,0,0,0,0,0,0,0,0,0,232,2026-02-04 00:07:56.666388
