ticker,last_price,bid_price,ask_price,BUY_ANON,SELL_ANON,BUY_UEBR-2,BUY_GIOT-3,SELL_WRSW-3,BUY_LUIS-1,SELL_UOTB-2,SELL_BRCH-3,BUY_LAVL-1,BUY_BRCH-3,BUY_UEBR-1,SELL_BABS-4,SELL_LETH-1,BUY_UOTB-1,BUY_UOTB-2,SELL_LUIS-1,SELL_COLA-3,SELL_CNCD-1,BUY_CNCD-1,BUY_COLA-1,SELL_UOTB-3,SELL_HECM-3,SELL_NAIT-1,BUY_LETH-1,BUY_WRSW-2,SELL_WRSW-1,BUY_CNCD-5,SELL_COLB-2,SELL_COLA-1,BUY_NAIT-1,BUY_WRSW-1,SELL_BRCH-1,BUY_BRCH-2,SELL_UOTB-1,BUY_COLA-3,SELL_LAVL-1,BUY_WRSW-3,BUY_BRCH-1,SELL_UEBR-1,SELL_GIOT-3,BUY_UOTB-3,BUY_BABS-4,BUY_CAMN-1,SELL_CNCD-5,BUY_COLB-2,SELL_WRSW-2,SELL_UEBR-2,SELL_CAMN-1,BUY_HECM-3,SELL_BRCH-2,tick,timestamp
SPNG,0.0,0.0,0.0,2250800.0,2275300.0,0,0,0,0,0,0,0,0,0,0,0,0,0,0,0,0,0,0,0,0,0,0,0,0,0,0,0,0,0,0,0,0,0,0,0,0,0,0,0,0,0,0,0,0,0,0,0,0,0,2026-02-06 03:57:54.147679
SMMR,0.0,0.0,0.0,2228300.0,1961100.0,0,0,0,0,0,0,0,0,0,0,0,0,0,0,0,0,0,0,0,0,0,0,0,0,0,0,0,0,0,0,0,0,0,0,0,0,0,0,0,0,0,0,0,0,0,0,0,0,0,2026-02-06 03:57:54.147679
ATMN,0.0,0.0,0.0,2147000.0,2334100.0,0,0,0,0,0,0,0,0,0,0,0,0,0,0,0,0,0,0,0,0,0,0,0,0,0,0,0,0,0,0,0,0,0,0,0,0,0,0,0,0,0,0,0,0,0,0,0,0,0,2026-02-06 03:57:54.147679
WNTR,24.92,24.92,0.0,2397100.0,1755200.0,0,0,0,0,0,0,0,0,0,0,0,0,0,0,0,0,0,0,0,0,0,0,0,0,0,0,0,0,0,0,0,0,0,0,0,0,0,0,0,0,0,0,0,0,0,0,0,0,0,2026-02-06 03:57:54.147679
SPNG,25.31,25.0,25.31,2250800.0,2280800.0,0,0,0,0,0,0,0,0,0,0,0,0,0,0,0,0,0,0,0,0,0,0,0,0,0,0,0,0,0,0,0,0,0,0,0,0,0,0,0,0,0,0,0,0,0,0,0,0,1,2026-02-06 03:57:54.729378,2.0,1.0,1.0,,Aggregate Position Limit,Your CRO has set the aggregate position limit to 14000 shares for this week.
SMMR,25.02,24.89,25.02,2228300.0,1871100.0,0,0,0,0,0,0,0,0,0,0,0,0,0,0,0,0,0,0,0,0,0,0,0,0,0,0,0,0,0,0,0,0,0,0,0,0,0,0,0,0,0,0,0,0,0,0,0,0,1,2026-02-06 03:57:54.729378,1.0,1.0,1.0,,Welcome to the RITC 2026 Alogithmic Market Making Case - practice server,
ATMN,24.83,24.83,25.1,2147000.0,2334100.0,0,0,0,0,0,0,0,0,0,0,0,0,0,0,0,0,0,0,0,0,0,0,0,0,0,0,0,0,0,0,0,0,0,0,0,0,0,0,0,0,0,0,0,0,0,0,0,0,1,2026-02-06 03:57:54.729378,,,,,,
WNTR,24.92,24.92,25.06,2397100.0,1755200.0,0,0,0,0,0,0,0,0,0,0,0,0,0,0,0,0,0,0,0,0,0,0,0,0,0,0,0,0,0,0,0,0,0,0,0,0,0,0,0,0,0,0,0,0,0,0,0,0,1,2026-02-06 03:57:54.729378,,,,,,
SPNG,25.0,24.78,24.8,2284600.0,2015100.0,6000.0,1983.0,,,0,0,0,0,0,0,0,0,0,0,0,0,0,0,0,0,0,0,0,0,0,0,0,0,0,0,0,0,0,0,0,0,0,0,0,0,0,0,0,0,0,0,0,0,2,2026-02-06 03:57:55.792047
SMMR,25.01,25.01,25.02,2095700.0,1871100.0,6000.0,,8310.0,,0,0,0,0,0,0,0,0,0,0,0,0,0,0,0,0,0,0,0,0,0,0,0,0,0,0,0,0,0,0,0,0,0,0,0,0,0,0,0,0,0,0,0,0,2,2026-02-06 03:57:55.792047
ATMN,24.85,24.83,24.85,2250300.0,2257600.0,,9555.0,,6000.0,0,0,0,0,0,0,0,0,0,0,0,0,0,0,0,0,0,0,0,0,0,0,0,0,0,0,0,0,0,0,0,0,0,0,0,0,0,0,0,0,0,0,0,0,2,2026-02-06 03:57:55.792047
WNTR,25.06,24.93,25.06,2147800.0,1877000.0,,,8500.0,6000.0,0,0,0,0,0,0,0,0,0,0,0,0,0,0,0,0,0,0,0,0,0,0,0,0,0,0,0,0,0,0,0,0,0,0,0,0,0,0,0,0,0,0,0,0,2,2026-02-06 03:57:55.792047
SPNG,24.8,24.84,25.31,2230400.0,2254100.0,,,0,0,0,0,0,0,0,0,0,0,0,0,0,0,0,0,0,0,0,0,0,0,0,0,0,0,0,0,0,0,0,0,0,0,0,0,0,0,0,0,0,0,0,0,0,0,3,2026-02-06 03:57:56.916361
SMMR,24.89,24.9,25.06,2114700.0,1696700.0,8310.0,,0,0,0,0,0,0,0,0,0,0,0,0,0,0,0,0,0,0,0,0,0,0,0,0,0,0,0,0,0,0,0,0,0,0,0,0,0,0,0,0,0,0,0,0,0,0,3,2026-02-06 03:57:56.916361
ATMN,24.85,24.97,25.1,2417300.0,2334100.0,,,0,0,0,0,0,0,0,0,0,0,0,0,0,0,0,0,0,0,0,0,0,0,0,0,0,0,0,0,0,0,0,0,0,0,0,0,0,0,0,0,0,0,0,0,0,0,3,2026-02-06 03:57:56.916361
WNTR,24.81,24.83,25.04,2295900.0,1877000.0,8500.0,8500.0,0,0,0,0,0,0,0,0,0,0,0,0,0,0,0,0,0,0,0,0,0,0,0,0,0,0,0,0,0,0,0,0,0,0,0,0,0,0,0,0,0,0,0,0,0,0,3,2026-02-06 03:57:56.916361
SPNG,25.31,24.84,25.31,2215800.0,2254100.0,,0,0,0,0,0,0,0,0,0,0,0,0,0,0,0,0,0,0,0,0,0,0,0,0,0,0,0,0,0,0,0,0,0,0,0,0,0,0,0,0,0,0,0,0,0,0,0,4,2026-02-06 03:57:58.102191
SMMR,25.12,25.0,25.02,2094400.0,1814300.0,8310.0,0,0,0,0,0,0,0,0,0,0,0,0,0,0,0,0,0,0,0,0,0,0,0,0,0,0,0,0,0,0,0,0,0,0,0,0,0,0,0,0,0,0,0,0,0,0,0,4,2026-02-06 03:57:58.102191
ATMN,25.1,24.97,25.1,2298600.0,2356200.0,861.0,0,0,0,0,0,0,0,0,0,0,0,0,0,0,0,0,0,0,0,0,0,0,0,0,0,0,0,0,0,0,0,0,0,0,0,0,0,0,0,0,0,0,0,0,0,0,0,4,2026-02-06 03:57:58.102191
WNTR,25.08,24.93,25.08,2272400.0,1861600.0,8500.0,0,0,0,0,0,0,0,0,0,0,0,0,0,0,0,0,0,0,0,0,0,0,0,0,0,0,0,0,0,0,0,0,0,0,0,0,0,0,0,0,0,0,0,0,0,0,0,4,2026-02-06 03:57:58.102191
SPNG,25.35,25.35,25.36,2086000.0,9714.0,2219000.0,,0,0,0,0,0,0,0,0,0,0,0,0,0,0,0,0,0,0,0,0,0,0,0,0,0,0,0,0,0,0,0,0,0,0,0,0,0,0,0,0,0,0,0,0,0,0,5,2026-02-06 03:57:59.192228
SMMR,24.92,24.92,25.02,2110300.0,8310.0,1814300.0,4690.0,0,0,0,0,0,0,0,0,0,0,0,0,0,0,0,0,0,0,0,0,0,0,0,0,0,0,0,0,0,0,0,0,0,0,0,0,0,0,0,0,0,0,0,0,0,0,5,2026-02-06 03:57:59.192228
ATMN,24.74,24.74,25.05,2317200.0,,2236200.0,2861.0,0,0,0,0,0,0,0,0,0,0,0,0,0,0,0,0,0,0,0,0,0,0,0,0,0,0,0,0,0,0,0,0,0,0,0,0,0,0,0,0,0,0,0,0,0,0,5,2026-02-06 03:57:59.192228
WNTR,25.11,25.05,25.08,2258700.0,8500.0,1896700.0,4500.0,0,0,0,0,0,0,0,0,0,0,0,0,0,0,0,0,0,0,0,0,0,0,0,0,0,0,0,0,0,0,0,0,0,0,0,0,0,0,0,0,0,0,0,0,0,0,5,2026-02-06 03:57:59.192228
SPNG,25.35,25.35,25.36,2086000.0,9714.0,2219300.0,,0,0,0,0,0,0,0,0,0,0,0,0,0,0,0,0,0,0,0,0,0,0,0,0,0,0,0,0,0,0,0,0,0,0,0,0,0,0,0,0,0,0,0,0,0,0,6,2026-02-06 03:57:59.774107
SMMR,24.92,24.98,25.02,2119300.0,8310.0,1905300.0,4690.0,0,0,0,0,0,0,0,0,0,0,0,0,0,0,0,0,0,0,0,0,0,0,0,0,0,0,0,0,0,0,0,0,0,0,0,0,0,0,0,0,0,0,0,0,0,0,6,2026-02-06 03:57:59.774107
ATMN,25.06,24.74,25.06,2317200.0,,2350200.0,,0,0,0,0,0,0,0,0,0,0,0,0,0,0,0,0,0,0,0,0,0,0,0,0,0,0,0,0,0,0,0,0,0,0,0,0,0,0,0,0,0,0,0,0,0,0,6,2026-02-06 03:57:59.774107
WNTR,25.05,25.05,25.08,2260100.0,8500.0,1896700.0,4500.0,0,0,0,0,0,0,0,0,0,0,0,0,0,0,0,0,0,0,0,0,0,0,0,0,0,0,0,0,0,0,0,0,0,0,0,0,0,0,0,0,0,0,0,0,0,0,6,2026-02-06 03:57:59.774107
SPNG,25.36,24.78,25.36,2211200.0,2084800.0,100.0,,,0,0,0,0,0,0,0,0,0,0,0,0,0,0,0,0,0,0,0,0,0,0,0,0,0,0,0,0,0,0,0,0,0,0,0,0,0,0,0,0,0,0,0,0,0,7,2026-02-06 03:58:00.830214
SMMR,24.96,24.96,25.02,2125100.0,2007200.0,,6000.0,6000.0,0,0,0,0,0,0,0,0,0,0,0,0,0,0,0,0,0,0,0,0,0,0,0,0,0,0,0,0,0,0,0,0,0,0,0,0,0,0,0,0,0,0,0,0,0,7,2026-02-06 03:58:00.830214
ATMN,24.96,24.98,25.04,2279400.0,2236200.0,1311.0,6000.0,,0,0,0,0,0,0,0,0,0,0,0,0,0,0,0,0,0,0,0,0,0,0,0,0,0,0,0,0,0,0,0,0,0,0,0,0,0,0,0,0,0,0,0,0,0,7,2026-02-06 03:58:00.830214
WNTR,24.89,24.95,25.11,2235000.0,1896700.0,,6000.0,,0,0,0,0,0,0,0,0,0,0,0,0,0,0,0,0,0,0,0,0,0,0,0,0,0,0,0,0,0,0,0,0,0,0,0,0,0,0,0,0,0,0,0,0,0,7,2026-02-06 03:58:00.830214
SPNG,25.36,25.05,25.23,6000.0,1966200.0,9538.0,1899400.0,6000.0,200.0,0,0,0,0,0,0,0,0,0,0,0,0,0,0,0,0,0,0,0,0,0,0,0,0,0,0,0,0,0,0,0,0,0,0,0,0,0,0,0,0,0,0,0,0,8,2026-02-06 03:58:01.917368
SMMR,24.96,25.0,25.02,1850.0,1992100.0,9991.0,1936800.0,6000.0,4690.0,0,0,0,0,0,0,0,0,0,0,0,0,0,0,0,0,0,0,0,0,0,0,0,0,0,0,0,0,0,0,0,0,0,0,0,0,0,0,0,0,0,0,0,0,8,2026-02-06 03:58:01.917368
ATMN,24.98,24.98,25.14,6000.0,2279400.0,,2412600.0,,,0,0,0,0,0,0,0,0,0,0,0,0,0,0,0,0,0,0,0,0,0,0,0,0,0,0,0,0,0,0,0,0,0,0,0,0,0,0,0,0,0,0,0,0,8,2026-02-06 03:58:01.917368
WNTR,24.89,24.95,25.04,6000.0,2235000.0,,2127200.0,,4500.0,0,0,0,0,0,0,0,0,0,0,0,0,0,0,0,0,0,0,0,0,0,0,0,0,0,0,0,0,0,0,0,0,0,0,0,0,0,0,0,0,0,0,0,0,8,2026-02-06 03:58:01.917368
SPNG,25.23,24.93,25.23,2202400.0,2215700.0,,,,0,0,0,0,0,0,0,0,0,0,0,0,0,0,0,0,0,0,0,0,0,0,0,0,0,0,0,0,0,0,0,0,0,0,0,0,0,0,0,0,0,0,0,0,0,9,2026-02-06 03:58:03.120741
SMMR,24.98,24.98,25.02,2082800.0,2043900.0,1850.0,6000.0,,0,0,0,0,0,0,0,0,0,0,0,0,0,0,0,0,0,0,0,0,0,0,0,0,0,0,0,0,0,0,0,0,0,0,0,0,0,0,0,0,0,0,0,0,0,9,2026-02-06 03:58:03.120741
ATMN,24.62,24.78,25.01,2318400.0,2176200.0,,6000.0,100.0,0,0,0,0,0,0,0,0,0,0,0,0,0,0,0,0,0,0,0,0,0,0,0,0,0,0,0,0,0,0,0,0,0,0,0,0,0,0,0,0,0,0,0,0,0,9,2026-02-06 03:58:03.120741
WNTR,24.95,24.92,24.93,2233700.0,2348700.0,6000.0,,,0,0,0,0,0,0,0,0,0,0,0,0,0,0,0,0,0,0,0,0,0,0,0,0,0,0,0,0,0,0,0,0,0,0,0,0,0,0,0,0,0,0,0,0,0,9,2026-02-06 03:58:03.120741
SPNG,25.36,24.94,24.95,6000.0,2091100.0,6000.0,2107000.0,,0,0,0,0,0,0,0,0,0,0,0,0,0,0,0,0,0,0,0,0,0,0,0,0,0,0,0,0,0,0,0,0,0,0,0,0,0,0,0,0,0,0,0,0,0,10,2026-02-06 03:58:04.198030
SMMR,25.03,24.98,25.03,1850.0,2086500.0,6000.0,1921000.0,4322.0,0,0,0,0,0,0,0,0,0,0,0,0,0,0,0,0,0,0,0,0,0,0,0,0,0,0,0,0,0,0,0,0,0,0,0,0,0,0,0,0,0,0,0,0,0,10,2026-02-06 03:58:04.198030
ATMN,24.73,24.73,24.98,,2356200.0,6000.0,2145500.0,100.0,0,0,0,0,0,0,0,0,0,0,0,0,0,0,0,0,0,0,0,0,0,0,0,0,0,0,0,0,0,0,0,0,0,0,0,0,0,0,0,0,0,0,0,0,0,10,2026-02-06 03:58:04.198030
WNTR,24.87,24.82,24.86,,2362100.0,6000.0,2127100.0,4500.0,0,0,0,0,0,0,0,0,0,0,0,0,0,0,0,0,0,0,0,0,0,0,0,0,0,0,0,0,0,0,0,0,0,0,0,0,0,0,0,0,0,0,0,0,0,10,2026-02-06 03:58:04.198030
SPNG,24.95,24.93,24.95,2214100.0,2008500.0,500.0,100.0,,0,0,0,0,0,0,0,0,0,0,0,0,0,0,0,0,0,0,0,0,0,0,0,0,0,0,0,0,0,0,0,0,0,0,0,0,0,0,0,0,0,0,0,0,0,11,2026-02-06 03:58:04.773293
SMMR,25.03,25.0,25.03,1965700.0,1947700.0,4750.0,4322.0,6000.0,0,0,0,0,0,0,0,0,0,0,0,0,0,0,0,0,0,0,0,0,0,0,0,0,0,0,0,0,0,0,0,0,0,0,0,0,0,0,0,0,0,0,0,0,0,11,2026-02-06 03:58:04.773293
ATMN,24.9,24.9,24.98,2373900.0,2025900.0,6000.0,200.0,,0,0,0,0,0,0,0,0,0,0,0,0,0,0,0,0,0,0,0,0,0,0,0,0,0,0,0,0,0,0,0,0,0,0,0,0,0,0,0,0,0,0,0,0,0,11,2026-02-06 03:58:04.773293
WNTR,24.86,24.84,24.86,2318500.0,2227200.0,6000.0,,,0,0,0,0,0,0,0,0,0,0,0,0,0,0,0,0,0,0,0,0,0,0,0,0,0,0,0,0,0,0,0,0,0,0,0,0,0,0,0,0,0,0,0,0,0,11,2026-02-06 03:58:04.773293
SPNG,24.76,24.76,24.95,2216100.0,2008500.0,500.0,100.0,,,0,0,0,0,0,0,0,0,0,0,0,0,0,0,0,0,0,0,0,0,0,0,0,0,0,0,0,0,0,0,0,0,0,0,0,0,0,0,0,0,0,0,0,0,12,2026-02-06 03:58:05.823997
SMMR,25.03,24.98,25.03,2109200.0,2044900.0,4750.0,,4150.0,,0,0,0,0,0,0,0,0,0,0,0,0,0,0,0,0,0,0,0,0,0,0,0,0,0,0,0,0,0,0,0,0,0,0,0,0,0,0,0,0,0,0,0,0,12,2026-02-06 03:58:05.823997
ATMN,24.9,24.73,24.79,2356200.0,2408700.0,,,,,0,0,0,0,0,0,0,0,0,0,0,0,0,0,0,0,0,0,0,0,0,0,0,0,0,0,0,0,0,0,0,0,0,0,0,0,0,0,0,0,0,0,0,0,12,2026-02-06 03:58:05.823997
WNTR,25.04,24.84,25.04,2199900.0,2227200.0,,,,9769.0,0,0,0,0,0,0,0,0,0,0,0,0,0,0,0,0,0,0,0,0,0,0,0,0,0,0,0,0,0,0,0,0,0,0,0,0,0,0,0,0,0,0,0,0,12,2026-02-06 03:58:05.823997
SPNG,24.93,24.7,25.36,2229400.0,2197700.0,,,,,0,0,0,0,0,0,0,0,0,0,0,0,0,0,0,0,0,0,0,0,0,0,0,0,0,0,0,0,0,0,0,0,0,0,0,0,0,0,0,0,0,0,0,0,13,2026-02-06 03:58:06.915878
SMMR,25.04,24.99,25.03,1837900.0,2042600.0,9507.0,5900.0,6000.0,,0,0,0,0,0,0,0,0,0,0,0,0,0,0,0,0,0,0,0,0,0,0,0,0,0,0,0,0,0,0,0,0,0,0,0,0,0,0,0,0,0,0,0,0,13,2026-02-06 03:58:06.915878
ATMN,24.86,24.75,24.78,2292900.0,2159000.0,9291.0,,6000.0,9291.0,0,0,0,0,0,0,0,0,0,0,0,0,0,0,0,0,0,0,0,0,0,0,0,0,0,0,0,0,0,0,0,0,0,0,0,0,0,0,0,0,0,0,0,0,13,2026-02-06 03:58:06.915878
WNTR,25.04,24.96,25.04,2041100.0,2227200.0,10000.0,6000.0,6000.0,,0,0,0,0,0,0,0,0,0,0,0,0,0,0,0,0,0,0,0,0,0,0,0,0,0,0,0,0,0,0,0,0,0,0,0,0,0,0,0,0,0,0,0,0,13,2026-02-06 03:58:06.915878
SPNG,25.08,24.76,25.08,6000.0,2117900.0,2133600.0,100.0,,,0,0,0,0,0,0,0,0,0,0,0,0,0,0,0,0,0,0,0,0,0,0,0,0,0,0,0,0,0,0,0,0,0,0,0,0,0,0,0,0,0,0,0,0,14,2026-02-06 03:58:08.178741
SMMR,24.95,24.98,25.01,6000.0,1946600.0,1923400.0,9413.0,4474.0,600.0,0,0,0,0,0,0,0,0,0,0,0,0,0,0,0,0,0,0,0,0,0,0,0,0,0,0,0,0,0,0,0,0,0,0,0,0,0,0,0,0,0,0,0,0,14,2026-02-06 03:58:08.178741
ATMN,25.14,24.9,25.14,6000.0,2174900.0,2418700.0,,100.0,,0,0,0,0,0,0,0,0,0,0,0,0,0,0,0,0,0,0,0,0,0,0,0,0,0,0,0,0,0,0,0,0,0,0,0,0,0,0,0,0,0,0,0,0,14,2026-02-06 03:58:08.178741
WNTR,24.96,24.98,25.02,6000.0,1892800.0,2121800.0,9627.0,16000.0,6000.0,0,0,0,0,0,0,0,0,0,0,0,0,0,0,0,0,0,0,0,0,0,0,0,0,0,0,0,0,0,0,0,0,0,0,0,0,0,0,0,0,0,0,0,0,14,2026-02-06 03:58:08.178741
SPNG,25.08,24.78,24.93,6000.0,100.0,1954400.0,4834.0,2035100.0,,0,0,0,0,0,0,0,0,0,0,0,0,0,0,0,0,0,0,0,0,0,0,0,0,0,0,0,0,0,0,0,0,0,0,0,0,0,0,0,0,0,0,0,0,15,2026-02-06 03:58:08.775560
SMMR,24.95,24.98,25.01,5900.0,,2106500.0,9413.0,1816300.0,6000.0,0,0,0,0,0,0,0,0,0,0,0,0,0,0,0,0,0,0,0,0,0,0,0,0,0,0,0,0,0,0,0,0,0,0,0,0,0,0,0,0,0,0,0,0,15,2026-02-06 03:58:08.775560
ATMN,25.14,24.87,24.96,6000.0,100.0,2161600.0,,2292400.0,500.0,0,0,0,0,0,0,0,0,0,0,0,0,0,0,0,0,0,0,0,0,0,0,0,0,0,0,0,0,0,0,0,0,0,0,0,0,0,0,0,0,0,0,0,0,15,2026-02-06 03:58:08.775560
WNTR,24.98,24.98,25.02,6000.0,10000.0,2037800.0,9627.0,2238100.0,,0,0,0,0,0,0,0,0,0,0,0,0,0,0,0,0,0,0,0,0,0,0,0,0,0,0,0,0,0,0,0,0,0,0,0,0,0,0,0,0,0,0,0,0,15,2026-02-06 03:58:08.775560
SPNG,24.88,25.23,25.37,1955100.0,6000.0,100.0,2213300.0,,,0,0,0,0,0,0,0,0,0,0,0,0,0,0,0,0,0,0,0,0,0,0,0,0,0,0,0,0,0,0,0,0,0,0,0,0,0,0,0,0,0,0,0,0,16,2026-02-06 03:58:09.840467
SMMR,25.03,24.99,25.03,1982400.0,5900.0,1118.0,2053800.0,5400.0,,0,0,0,0,0,0,0,0,0,0,0,0,0,0,0,0,0,0,0,0,0,0,0,0,0,0,0,0,0,0,0,0,0,0,0,0,0,0,0,0,0,0,0,0,16,2026-02-06 03:58:09.840467
ATMN,24.87,24.82,24.86,2397900.0,,,2414200.0,,,0,0,0,0,0,0,0,0,0,0,0,0,0,0,0,0,0,0,0,0,0,0,0,0,0,0,0,0,0,0,0,0,0,0,0,0,0,0,0,0,0,0,0,0,16,2026-02-06 03:58:09.840467
WNTR,24.98,24.98,25.01,2174400.0,6000.0,,2232900.0,,6373.0,0,0,0,0,0,0,0,0,0,0,0,0,0,0,0,0,0,0,0,0,0,0,0,0,0,0,0,0,0,0,0,0,0,0,0,0,0,0,0,0,0,0,0,0,16,2026-02-06 03:58:09.840467
SPNG,25.23,24.73,25.19,100.0,2065700.0,2105200.0,2221.0,,,0,0,0,0,0,0,0,0,0,0,0,0,0,0,0,0,0,0,0,0,0,0,0,0,0,0,0,0,0,0,0,0,0,0,0,0,0,0,0,0,0,0,0,0,17,2026-02-06 03:58:10.891943
SMMR,24.9,24.9,25.02,,2244700.0,2065200.0,9309.0,,,0,0,0,0,0,0,0,0,0,0,0,0,0,0,0,0,0,0,0,0,0,0,0,0,0,0,0,0,0,0,0,0,0,0,0,0,0,0,0,0,0,0,0,0,17,2026-02-06 03:58:10.891943
ATMN,25.15,25.15,25.18,6822.0,2296000.0,2408800.0,,,,0,0,0,0,0,0,0,0,0,0,0,0,0,0,0,0,0,0,0,0,0,0,0,0,0,0,0,0,0,0,0,0,0,0,0,0,0,0,0,0,0,0,0,0,17,2026-02-06 03:58:10.891943
WNTR,24.87,24.94,24.98,,2175600.0,2006600.0,15894.0,6000.0,6000.0,0,0,0,0,0,0,0,0,0,0,0,0,0,0,0,0,0,0,0,0,0,0,0,0,0,0,0,0,0,0,0,0,0,0,0,0,0,0,0,0,0,0,0,0,17,2026-02-06 03:58:10.891943
SPNG,25.16,24.66,24.76,2072200.0,559.0,2200900.0,,,0,0,0,0,0,0,0,0,0,0,0,0,0,0,0,0,0,0,0,0,0,0,0,0,0,0,0,0,0,0,0,0,0,0,0,0,0,0,0,0,0,0,0,0,0,18,2026-02-06 03:58:11.964309
SMMR,25.04,24.9,24.92,2243600.0,,2167000.0,,,0,0,0,0,0,0,0,0,0,0,0,0,0,0,0,0,0,0,0,0,0,0,0,0,0,0,0,0,0,0,0,0,0,0,0,0,0,0,0,0,0,0,0,0,0,18,2026-02-06 03:58:11.964309
ATMN,25.15,24.99,25.13,2297900.0,,2387300.0,6000.0,,0,0,0,0,0,0,0,0,0,0,0,0,0,0,0,0,0,0,0,0,0,0,0,0,0,0,0,0,0,0,0,0,0,0,0,0,0,0,0,0,0,0,0,0,0,18,2026-02-06 03:58:11.964309
WNTR,24.95,24.94,24.95,2304900.0,,2246000.0,,4814.0,0,0,0,0,0,0,0,0,0,0,0,0,0,0,0,0,0,0,0,0,0,0,0,0,0,0,0,0,0,0,0,0,0,0,0,0,0,0,0,0,0,0,0,0,0,18,2026-02-06 03:58:11.964309
SPNG,25.14,24.86,24.96,6000.0,2106100.0,2003600.0,6000.0,497.0,,,,0,0,0,0,0,0,0,0,0,0,0,0,0,0,0,0,0,0,0,0,0,0,0,0,0,0,0,0,0,0,0,0,0,0,0,0,0,0,0,0,0,0,19,2026-02-06 03:58:13.133602
SMMR,24.92,24.96,24.98,5500.0,1781700.0,1970000.0,6000.0,620.0,18335.0,620.0,,0,0,0,0,0,0,0,0,0,0,0,0,0,0,0,0,0,0,0,0,0,0,0,0,0,0,0,0,0,0,0,0,0,0,0,0,0,0,0,0,0,0,19,2026-02-06 03:58:13.133602
ATMN,25.09,24.89,24.92,6000.0,2161600.0,2090600.0,,590.0,,520.0,100.0,0,0,0,0,0,0,0,0,0,0,0,0,0,0,0,0,0,0,0,0,0,0,0,0,0,0,0,0,0,0,0,0,0,0,0,0,0,0,0,0,0,0,19,2026-02-06 03:58:13.133602
WNTR,24.94,24.94,24.95,6000.0,1918400.0,1891400.0,6000.0,650.0,5292.0,650.0,14160.0,0,0,0,0,0,0,0,0,0,0,0,0,0,0,0,0,0,0,0,0,0,0,0,0,0,0,0,0,0,0,0,0,0,0,0,0,0,0,0,0,0,0,19,2026-02-06 03:58:13.133602
SPNG,24.96,24.71,24.76,6000.0,100.0,1823100.0,497.0,6000.0,9884.0,1787100.0,559.0,0,0,0,0,0,0,0,0,0,0,0,0,0,0,0,0,0,0,0,0,0,0,0,0,0,0,0,0,0,0,0,0,0,0,0,0,0,0,0,0,0,0,20,2026-02-06 03:58:14.261080
SMMR,25.01,25.01,25.02,,13029.0,1887500.0,620.0,,2269.0,1970000.0,620.0,0,0,0,0,0,0,0,0,0,0,0,0,0,0,0,0,0,0,0,0,0,0,0,0,0,0,0,0,0,0,0,0,0,0,0,0,0,0,0,0,0,0,20,2026-02-06 03:58:14.261080
ATMN,25.07,25.07,25.08,6000.0,200.0,1912400.0,520.0,,100.0,2219000.0,,0,0,0,0,0,0,0,0,0,0,0,0,0,0,0,0,0,0,0,0,0,0,0,0,0,0,0,0,0,0,0,0,0,0,0,0,0,0,0,0,0,0,20,2026-02-06 03:58:14.261080
WNTR,24.87,24.84,24.85,,,2300800.0,,6000.0,9284.0,1995100.0,650.0,0,0,0,0,0,0,0,0,0,0,0,0,0,0,0,0,0,0,0,0,0,0,0,0,0,0,0,0,0,0,0,0,0,0,0,0,0,0,0,0,0,0,20,2026-02-06 03:58:14.261080
SPNG,24.76,24.71,24.76,100.0,1942600.0,497.0,9884.0,559.0,1905100.0,,,0,0,0,0,0,0,0,0,0,0,0,0,0,0,0,0,0,0,0,0,0,0,0,0,0,0,0,0,0,0,0,0,0,0,0,0,0,0,0,0,0,0,21,2026-02-06 03:58:14.863261
SMMR,24.99,24.99,25.0,9197.0,1886200.0,620.0,2269.0,620.0,1837200.0,3772.0,6000.0,0,0,0,0,0,0,0,0,0,0,0,0,0,0,0,0,0,0,0,0,0,0,0,0,0,0,0,0,0,0,0,0,0,0,0,0,0,0,0,0,0,0,21,2026-02-06 03:58:14.863261
ATMN,24.86,24.96,25.08,,2270800.0,520.0,100.0,,2219000.0,,,0,0,0,0,0,0,0,0,0,0,0,0,0,0,0,0,0,0,0,0,0,0,0,0,0,0,0,0,0,0,0,0,0,0,0,0,0,0,0,0,0,0,21,2026-02-06 03:58:14.863261
WNTR,24.85,24.84,24.85,,2300800.0,,9284.0,650.0,1968500.0,,6000.0,0,0,0,0,0,0,0,0,0,0,0,0,0,0,0,0,0,0,0,0,0,0,0,0,0,0,0,0,0,0,0,0,0,0,0,0,0,0,0,0,0,0,21,2026-02-06 03:58:14.863261
SPNG,25.11,24.76,24.84,1944800.0,100.0,497.0,2187400.0,,,,,0,0,0,0,0,0,0,0,0,0,0,0,0,0,0,0,0,0,0,0,0,0,0,0,0,0,0,0,0,0,0,0,0,0,0,0,0,0,0,0,0,0,22,2026-02-06 03:58:15.933087
SMMR,25.04,25.05,25.07,1963700.0,3833.0,620.0,2065200.0,620.0,,,,0,0,0,0,0,0,0,0,0,0,0,0,0,0,0,0,0,0,0,0,0,0,0,0,0,0,0,0,0,0,0,0,0,0,0,0,0,0,0,0,0,0,22,2026-02-06 03:58:15.933087
ATMN,24.82,24.96,24.97,2161600.0,,590.0,2036800.0,590.0,6000.0,6000.0,100.0,0,0,0,0,0,0,0,0,0,0,0,0,0,0,0,0,0,0,0,0,0,0,0,0,0,0,0,0,0,0,0,0,0,0,0,0,0,0,0,0,0,0,22,2026-02-06 03:58:15.933087
WNTR,24.82,24.82,24.84,2247500.0,,481.0,2311100.0,,,,,0,0,0,0,0,0,0,0,0,0,0,0,0,0,0,0,0,0,0,0,0,0,0,0,0,0,0,0,0,0,0,0,0,0,0,0,0,0,0,0,0,0,22,2026-02-06 03:58:15.933087
SPNG,25.11,24.77,24.83,1915.0,559.0,1725200.0,6000.0,1815.0,559.0,1897000.0,100.0,0,0,0,0,0,0,0,0,0,0,0,0,0,0,0,0,0,0,0,0,0,0,0,0,0,0,0,0,0,0,0,0,0,0,0,0,0,0,0,0,0,0,23,2026-02-06 03:58:17.068580
SMMR,25.05,25.05,25.07,12883.0,620.0,1605500.0,6000.0,6209.0,620.0,1962900.0,,0,0,0,0,0,0,0,0,0,0,0,0,0,0,0,0,0,0,0,0,0,0,0,0,0,0,0,0,0,0,0,0,0,0,0,0,0,0,0,0,0,0,23,2026-02-06 03:58:17.068580
ATMN,24.73,24.8,24.95,100.0,520.0,2201400.0,,8847.0,590.0,1913600.0,6000.0,0,0,0,0,0,0,0,0,0,0,0,0,0,0,0,0,0,0,0,0,0,0,0,0,0,0,0,0,0,0,0,0,0,0,0,0,0,0,0,0,0,0,23,2026-02-06 03:58:17.068580
WNTR,24.81,24.81,24.82,681.0,565.0,2130800.0,,19137.0,650.0,1838900.0,6000.0,0,0,0,0,0,0,0,0,0,0,0,0,0,0,0,0,0,0,0,0,0,0,0,0,0,0,0,0,0,0,0,0,0,0,0,0,0,0,0,0,0,0,23,2026-02-06 03:58:17.068580
SPNG,24.65,24.65,25.56,2229500.0,2211300.0,,,,,,,0,0,0,0,0,0,0,0,0,0,0,0,0,0,0,0,0,0,0,0,0,0,0,0,0,0,0,0,0,0,0,0,0,0,0,0,0,0,0,0,0,0,24,2026-02-06 03:58:18.187186
SMMR,25.05,25.0,25.01,1798200.0,1965400.0,6908.0,620.0,6000.0,8816.0,620.0,,0,0,0,0,0,0,0,0,0,0,0,0,0,0,0,0,0,0,0,0,0,0,0,0,0,0,0,0,0,0,0,0,0,0,0,0,0,0,0,0,0,0,24,2026-02-06 03:58:18.187186
ATMN,24.94,24.83,24.86,2164900.0,2256500.0,,520.0,500.0,,590.0,,0,0,0,0,0,0,0,0,0,0,0,0,0,0,0,0,0,0,0,0,0,0,0,0,0,0,0,0,0,0,0,0,0,0,0,0,0,0,0,0,0,0,24,2026-02-06 03:58:18.187186
WNTR,24.85,24.82,24.85,2131900.0,2172900.0,9018.0,565.0,,,,6000.0,0,0,0,0,0,0,0,0,0,0,0,0,0,0,0,0,0,0,0,0,0,0,0,0,0,0,0,0,0,0,0,0,0,0,0,0,0,0,0,0,0,0,24,2026-02-06 03:58:18.187186
SPNG,24.63,24.68,24.96,497.0,2069200.0,6000.0,1883800.0,559.0,100.0,,,0,0,0,0,0,0,0,0,0,0,0,0,0,0,0,0,0,0,0,0,0,0,0,0,0,0,0,0,0,0,0,0,0,0,0,0,0,0,0,0,0,0,25,2026-02-06 03:58:19.279757
SMMR,25.07,24.96,25.07,620.0,1923900.0,,2064900.0,620.0,,8747.0,,0,0,0,0,0,0,0,0,0,0,0,0,0,0,0,0,0,0,0,0,0,0,0,0,0,0,0,0,0,0,0,0,0,0,0,0,0,0,0,0,0,0,25,2026-02-06 03:58:19.279757
ATMN,24.89,24.89,24.94,520.0,1938700.0,,2362200.0,,,8616.0,6000.0,0,0,0,0,0,0,0,0,0,0,0,0,0,0,0,0,0,0,0,0,0,0,0,0,0,0,0,0,0,0,0,0,0,0,0,0,0,0,0,0,0,0,25,2026-02-06 03:58:19.279757
WNTR,24.83,24.83,24.84,650.0,2011300.0,6000.0,2063500.0,650.0,,13491.0,,0,0,0,0,0,0,0,0,0,0,0,0,0,0,0,0,0,0,0,0,0,0,0,0,0,0,0,0,0,0,0,0,0,0,0,0,0,0,0,0,0,0,25,2026-02-06 03:58:19.279757
SPNG,24.98,24.83,24.95,6000.0,497.0,100.0,1830200.0,4275.0,6000.0,559.0,1761100.0,0,0,0,0,0,0,0,0,0,0,0,0,0,0,0,0,0,0,0,0,0,0,0,0,0,0,0,0,0,0,0,0,0,0,0,0,0,0,0,0,0,0,26,2026-02-06 03:58:19.851367
SMMR,25.12,25.07,25.12,6000.0,620.0,8747.0,1817400.0,,,,2153600.0,0,0,0,0,0,0,0,0,0,0,0,0,0,0,0,0,0,0,0,0,0,0,0,0,0,0,0,0,0,0,0,0,0,0,0,0,0,0,0,0,0,0,26,2026-02-06 03:58:19.851367
ATMN,24.94,24.96,25.08,6000.0,520.0,10149.0,1803700.0,,,,2349700.0,0,0,0,0,0,0,0,0,0,0,0,0,0,0,0,0,0,0,0,0,0,0,0,0,0,0,0,0,0,0,0,0,0,0,0,0,0,0,0,0,0,0,26,2026-02-06 03:58:19.851367
WNTR,24.84,24.83,24.84,,650.0,13491.0,2006700.0,,6000.0,650.0,2063500.0,0,0,0,0,0,0,0,0,0,0,0,0,0,0,0,0,0,0,0,0,0,0,0,0,0,0,0,0,0,0,0,0,0,0,0,0,0,0,0,0,0,0,26,2026-02-06 03:58:19.851367
SPNG,24.98,24.83,24.94,6000.0,497.0,1802500.0,100.0,4375.0,6000.0,559.0,1663300.0,0,0,0,0,0,0,0,0,0,0,0,0,0,0,0,0,0,0,0,0,0,0,0,0,0,0,0,0,0,0,0,0,0,0,0,0,0,0,0,0,0,0,27,2026-02-06 03:58:20.921841
SMMR,25.12,25.07,25.12,6000.0,620.0,1827500.0,8747.0,,,543.0,2035100.0,0,0,0,0,0,0,0,0,0,0,0,0,0,0,0,0,0,0,0,0,0,0,0,0,0,0,0,0,0,0,0,0,0,0,0,0,0,0,0,0,0,0,27,2026-02-06 03:58:20.921841
ATMN,24.88,24.91,25.06,6000.0,,2285700.0,,4443.0,,520.0,2130500.0,0,0,0,0,0,0,0,0,0,0,0,0,0,0,0,0,0,0,0,0,0,0,0,0,0,0,0,0,0,0,0,0,0,0,0,0,0,0,0,0,0,0,27,2026-02-06 03:58:20.921841
WNTR,25.0,24.88,25.0,,650.0,1988800.0,13491.0,,,,2297800.0,0,0,0,0,0,0,0,0,0,0,0,0,0,0,0,0,0,0,0,0,0,0,0,0,0,0,0,0,0,0,0,0,0,0,0,0,0,0,0,0,0,0,27,2026-02-06 03:58:20.921841
SPNG,24.94,24.94,24.95,1757600.0,100.0,6000.0,497.0,6000.0,2077400.0,,0,0,0,0,0,0,0,0,0,0,0,0,0,0,0,0,0,0,0,0,0,0,0,0,0,0,0,0,0,0,0,0,0,0,0,0,0,0,0,0,0,0,0,28,2026-02-06 03:58:22.001837
SMMR,25.12,25.02,25.07,1923400.0,,6000.0,620.0,,2035100.0,620.0,0,0,0,0,0,0,0,0,0,0,0,0,0,0,0,0,0,0,0,0,0,0,0,0,0,0,0,0,0,0,0,0,0,0,0,0,0,0,0,0,0,0,0,28,2026-02-06 03:58:22.001837
ATMN,25.08,24.84,25.08,2296900.0,,6000.0,,,2349700.0,,0,0,0,0,0,0,0,0,0,0,0,0,0,0,0,0,0,0,0,0,0,0,0,0,0,0,0,0,0,0,0,0,0,0,0,0,0,0,0,0,0,0,0,28,2026-02-06 03:58:22.001837
WNTR,24.8,24.8,24.9,2411300.0,,,,500.0,2031700.0,565.0,0,0,0,0,0,0,0,0,0,0,0,0,0,0,0,0,0,0,0,0,0,0,0,0,0,0,0,0,0,0,0,0,0,0,0,0,0,0,0,0,0,0,0,28,2026-02-06 03:58:22.001837
SPNG,25.03,25.11,25.48,559.0,1673400.0,8242.0,6000.0,2105100.0,497.0,,0,0,0,0,0,0,0,0,0,0,0,0,0,0,0,0,0,0,0,0,0,0,0,0,0,0,0,0,0,0,0,0,0,0,0,0,0,0,0,0,0,0,0,29,2026-02-06 03:58:23.106048
SMMR,24.95,24.95,25.07,,2121900.0,,,1944800.0,620.0,4302.0,0,0,0,0,0,0,0,0,0,0,0,0,0,0,0,0,0,0,0,0,0,0,0,0,0,0,0,0,0,0,0,0,0,0,0,0,0,0,0,0,0,0,0,29,2026-02-06 03:58:23.106048
ATMN,25.04,25.04,25.08,528.0,2132100.0,,6000.0,2349700.0,,,0,0,0,0,0,0,0,0,0,0,0,0,0,0,0,0,0,0,0,0,0,0,0,0,0,0,0,0,0,0,0,0,0,0,0,0,0,0,0,0,0,0,0,29,2026-02-06 03:58:23.106048
WNTR,25.01,24.86,25.01,650.0,2028300.0,8647.0,6000.0,2310000.0,,,0,0,0,0,0,0,0,0,0,0,0,0,0,0,0,0,0,0,0,0,0,0,0,0,0,0,0,0,0,0,0,0,0,0,0,0,0,0,0,0,0,0,0,29,2026-02-06 03:58:23.106048
SPNG,25.04,25.04,25.17,1942300.0,497.0,4283.0,559.0,2105800.0,,,,0,0,0,0,0,0,0,0,0,0,0,0,0,0,0,0,0,0,0,0,0,0,0,0,0,0,0,0,0,0,0,0,0,0,0,0,0,0,0,0,0,0,30,2026-02-06 03:58:24.236221
SMMR,25.05,25.12,25.13,1924900.0,,6000.0,,2026000.0,2500.0,155.0,,0,0,0,0,0,0,0,0,0,0,0,0,0,0,0,0,0,0,0,0,0,0,0,0,0,0,0,0,0,0,0,0,0,0,0,0,0,0,0,0,0,0,30,2026-02-06 03:58:24.236221
ATMN,24.79,24.73,24.79,2433200.0,,,581.0,2282300.0,,,,0,0,0,0,0,0,0,0,0,0,0,0,0,0,0,0,0,0,0,0,0,0,0,0,0,0,0,0,0,0,0,0,0,0,0,0,0,0,0,0,0,0,30,2026-02-06 03:58:24.236221
WNTR,24.8,24.82,24.87,2285500.0,,,565.0,1929400.0,8553.0,8568.0,500.0,0,0,0,0,0,0,0,0,0,0,0,0,0,0,0,0,0,0,0,0,0,0,0,0,0,0,0,0,0,0,0,0,0,0,0,0,0,0,0,0,0,0,30,2026-02-06 03:58:24.236221
SPNG,24.97,24.95,24.97,6000.0,2048700.0,2007800.0,2500.0,559.0,,,,0,0,0,0,0,0,0,0,0,0,0,0,0,0,0,0,0,0,0,0,0,0,0,0,0,0,0,0,0,0,0,0,0,0,0,0,0,0,0,0,0,0,31,2026-02-06 03:58:25.306254
SMMR,25.11,25.12,25.13,6000.0,1805800.0,1796500.0,2655.0,543.0,9350.0,620.0,,0,0,0,0,0,0,0,0,0,0,0,0,0,0,0,0,0,0,0,0,0,0,0,0,0,0,0,0,0,0,0,0,0,0,0,0,0,0,0,0,0,0,31,2026-02-06 03:58:25.306254
ATMN,24.78,24.74,24.78,,2127600.0,1944800.0,13913.0,590.0,100.0,528.0,6000.0,0,0,0,0,0,0,0,0,0,0,0,0,0,0,0,0,0,0,0,0,0,0,0,0,0,0,0,0,0,0,0,0,0,0,0,0,0,0,0,0,0,0,31,2026-02-06 03:58:25.306254
WNTR,24.93,24.93,25.02,,2016300.0,2172600.0,,565.0,17041.0,650.0,,0,0,0,0,0,0,0,0,0,0,0,0,0,0,0,0,0,0,0,0,0,0,0,0,0,0,0,0,0,0,0,0,0,0,0,0,0,0,0,0,0,0,31,2026-02-06 03:58:25.306254
SPNG,24.82,24.82,24.97,2048700.0,441.0,1917200.0,559.0,5000.0,,,,0,0,0,0,0,0,0,0,0,0,0,0,0,0,0,0,0,0,0,0,0,0,0,0,0,0,0,0,0,0,0,0,0,0,0,0,0,0,0,0,0,0,32,2026-02-06 03:58:25.888908
SMMR,25.1,25.1,25.13,2028000.0,,1796500.0,543.0,2655.0,6000.0,,,0,0,0,0,0,0,0,0,0,0,0,0,0,0,0,0,0,0,0,0,0,0,0,0,0,0,0,0,0,0,0,0,0,0,0,0,0,0,0,0,0,0,32,2026-02-06 03:58:25.888908
ATMN,24.72,24.72,24.78,2222100.0,528.0,1944800.0,590.0,13913.0,,6000.0,,0,0,0,0,0,0,0,0,0,0,0,0,0,0,0,0,0,0,0,0,0,0,0,0,0,0,0,0,0,0,0,0,0,0,0,0,0,0,0,0,0,0,32,2026-02-06 03:58:25.888908
WNTR,24.93,24.93,24.95,2016300.0,650.0,2152600.0,565.0,,,,17041.0,0,0,0,0,0,0,0,0,0,0,0,0,0,0,0,0,0,0,0,0,0,0,0,0,0,0,0,0,0,0,0,0,0,0,0,0,0,0,0,0,0,0,32,2026-02-06 03:58:25.888908
SPNG,24.92,24.82,24.92,1965300.0,503.0,320.0,559.0,1894200.0,5000.0,0,0,0,0,0,0,0,0,0,0,0,0,0,0,0,0,0,0,0,0,0,0,0,0,0,0,0,0,0,0,0,0,0,0,0,0,0,0,0,0,0,0,0,0,33,2026-02-06 03:58:26.994266
SMMR,25.1,25.11,25.12,1917700.0,620.0,8218.0,620.0,1679000.0,10873.0,0,0,0,0,0,0,0,0,0,0,0,0,0,0,0,0,0,0,0,0,0,0,0,0,0,0,0,0,0,0,0,0,0,0,0,0,0,0,0,0,0,0,0,0,33,2026-02-06 03:58:26.994266
ATMN,24.72,24.76,24.77,2098500.0,528.0,100.0,590.0,1944800.0,17040.0,0,0,0,0,0,0,0,0,0,0,0,0,0,0,0,0,0,0,0,0,0,0,0,0,0,0,0,0,0,0,0,0,0,0,0,0,0,0,0,0,0,0,0,0,33,2026-02-06 03:58:26.994266
WNTR,24.95,24.93,24.95,2232000.0,650.0,,565.0,2003200.0,100.0,0,0,0,0,0,0,0,0,0,0,0,0,0,0,0,0,0,0,0,0,0,0,0,0,0,0,0,0,0,0,0,0,0,0,0,0,0,0,0,0,0,0,0,0,33,2026-02-06 03:58:26.994266
SPNG,25.2,24.95,24.97,559.0,5741.0,1955300.0,6000.0,2105800.0,,,,0,0,0,0,0,0,0,0,0,0,0,0,0,0,0,0,0,0,0,0,0,0,0,0,0,0,0,0,0,0,0,0,0,0,0,0,0,0,0,0,0,0,34,2026-02-06 03:58:28.130509
SMMR,25.06,25.06,25.15,620.0,,2041700.0,,1914000.0,8055.0,620.0,,0,0,0,0,0,0,0,0,0,0,0,0,0,0,0,0,0,0,0,0,0,0,0,0,0,0,0,0,0,0,0,0,0,0,0,0,0,0,0,0,0,0,34,2026-02-06 03:58:28.130509
ATMN,24.84,24.76,24.84,590.0,,2212900.0,6000.0,2124400.0,,581.0,,0,0,0,0,0,0,0,0,0,0,0,0,0,0,0,0,0,0,0,0,0,0,0,0,0,0,0,0,0,0,0,0,0,0,0,0,0,0,0,0,0,0,34,2026-02-06 03:58:28.130509
WNTR,24.97,24.9,24.95,650.0,6000.0,2030100.0,,1910200.0,591.0,650.0,9834.0,0,0,0,0,0,0,0,0,0,0,0,0,0,0,0,0,0,0,0,0,0,0,0,0,0,0,0,0,0,0,0,0,0,0,0,0,0,0,0,0,0,0,34,2026-02-06 03:58:28.130509
SPNG,24.69,24.69,25.34,2181500.0,2240200.0,,,,,,,0,0,0,0,0,0,0,0,0,0,0,0,0,0,0,0,0,0,0,0,0,0,0,0,0,0,0,0,0,0,0,0,0,0,0,0,0,0,0,0,0,0,35,2026-02-06 03:58:29.340523
SMMR,24.95,24.95,25.15,2148800.0,2032000.0,7971.0,,,,,,0,0,0,0,0,0,0,0,0,0,0,0,0,0,0,0,0,0,0,0,0,0,0,0,0,0,0,0,0,0,0,0,0,0,0,0,0,0,0,0,0,0,35,2026-02-06 03:58:29.340523
ATMN,24.84,24.81,24.82,1989800.0,2023100.0,7872.0,8317.0,590.0,6000.0,581.0,,0,0,0,0,0,0,0,0,0,0,0,0,0,0,0,0,0,0,0,0,0,0,0,0,0,0,0,0,0,0,0,0,0,0,0,0,0,0,0,0,0,0,35,2026-02-06 03:58:29.340523
WNTR,24.95,24.9,24.95,2030100.0,2127700.0,,9834.0,650.0,,650.0,6000.0,0,0,0,0,0,0,0,0,0,0,0,0,0,0,0,0,0,0,0,0,0,0,0,0,0,0,0,0,0,0,0,0,0,0,0,0,0,0,0,0,0,0,35,2026-02-06 03:58:29.340523
SPNG,24.96,24.69,24.83,2180600.0,2060800.0,435.0,100.0,,,,,0,0,0,0,0,0,0,0,0,0,0,0,0,0,0,0,0,0,0,0,0,0,0,0,0,0,0,0,0,0,0,0,0,0,0,0,0,0,0,0,0,0,36,2026-02-06 03:58:29.898965
SMMR,24.95,25.06,25.12,1892600.0,1796000.0,620.0,7971.0,6000.0,620.0,6000.0,,0,0,0,0,0,0,0,0,0,0,0,0,0,0,0,0,0,0,0,0,0,0,0,0,0,0,0,0,0,0,0,0,0,0,0,0,0,0,0,0,0,0,36,2026-02-06 03:58:29.898965
ATMN,24.95,24.95,25.06,1965600.0,2364500.0,,,,590.0,,8317.0,0,0,0,0,0,0,0,0,0,0,0,0,0,0,0,0,0,0,0,0,0,0,0,0,0,0,0,0,0,0,0,0,0,0,0,0,0,0,0,0,0,0,36,2026-02-06 03:58:29.898965
WNTR,24.95,24.92,24.95,2152200.0,2112500.0,565.0,,6000.0,,,9834.0,0,0,0,0,0,0,0,0,0,0,0,0,0,0,0,0,0,0,0,0,0,0,0,0,0,0,0,0,0,0,0,0,0,0,0,0,0,0,0,0,0,0,36,2026-02-06 03:58:29.898965
SPNG,24.83,24.7,24.83,100.0,1919400.0,557.0,2060800.0,559.0,6000.0,,,0,0,0,0,0,0,0,0,0,0,0,0,0,0,0,0,0,0,0,0,0,0,0,0,0,0,0,0,0,0,0,0,0,0,0,0,0,0,0,0,0,0,37,2026-02-06 03:58:30.976244
SMMR,25.05,25.05,25.12,,2121900.0,,2032000.0,,6000.0,,,0,0,0,0,0,0,0,0,0,0,0,0,0,0,0,0,0,0,0,0,0,0,0,0,0,0,0,0,0,0,0,0,0,0,0,0,0,0,0,0,0,0,37,2026-02-06 03:58:30.976244
ATMN,24.72,24.82,24.85,,2200200.0,,2023300.0,443.0,500.0,6000.0,2886.0,0,0,0,0,0,0,0,0,0,0,0,0,0,0,0,0,0,0,0,0,0,0,0,0,0,0,0,0,0,0,0,0,0,0,0,0,0,0,0,0,0,0,37,2026-02-06 03:58:30.976244
WNTR,24.85,24.92,24.94,,2124700.0,650.0,2025500.0,650.0,,6000.0,8065.0,0,0,0,0,0,0,0,0,0,0,0,0,0,0,0,0,0,0,0,0,0,0,0,0,0,0,0,0,0,0,0,0,0,0,0,0,0,0,0,0,0,0,37,2026-02-06 03:58:30.976244
SPNG,25.46,25.46,25.48,1740800.0,559.0,6000.0,1961.0,2130000.0,498.0,,,0,0,0,0,0,0,0,0,0,0,0,0,0,0,0,0,0,0,0,0,0,0,0,0,0,0,0,0,0,0,0,0,0,0,0,0,0,0,0,0,0,0,38,2026-02-06 03:58:32.052465
SMMR,24.95,25.06,25.08,1923900.0,543.0,500.0,,1782200.0,620.0,7799.0,6000.0,0,0,0,0,0,0,0,0,0,0,0,0,0,0,0,0,0,0,0,0,0,0,0,0,0,0,0,0,0,0,0,0,0,0,0,0,0,0,0,0,0,0,38,2026-02-06 03:58:32.052465
ATMN,24.83,24.77,24.79,2156500.0,590.0,,,1920400.0,513.0,4069.0,6000.0,0,0,0,0,0,0,0,0,0,0,0,0,0,0,0,0,0,0,0,0,0,0,0,0,0,0,0,0,0,0,0,0,0,0,0,0,0,0,0,0,0,0,38,2026-02-06 03:58:32.052465
WNTR,24.88,24.86,24.88,2245800.0,650.0,,,2036700.0,650.0,8065.0,,0,0,0,0,0,0,0,0,0,0,0,0,0,0,0,0,0,0,0,0,0,0,0,0,0,0,0,0,0,0,0,0,0,0,0,0,0,0,0,0,0,0,38,2026-02-06 03:58:32.052465
SPNG,25.46,25.24,25.26,559.0,1961.0,1821300.0,2057100.0,100.0,498.0,0,0,0,0,0,0,0,0,0,0,0,0,0,0,0,0,0,0,0,0,0,0,0,0,0,0,0,0,0,0,0,0,0,0,0,0,0,0,0,0,0,0,0,0,39,2026-02-06 03:58:33.140078
SMMR,25.16,25.16,25.18,620.0,,2031000.0,2138500.0,,,0,0,0,0,0,0,0,0,0,0,0,0,0,0,0,0,0,0,0,0,0,0,0,0,0,0,0,0,0,0,0,0,0,0,0,0,0,0,0,0,0,0,0,0,39,2026-02-06 03:58:33.140078
ATMN,24.71,24.71,24.79,590.0,,2193200.0,1955200.0,10749.0,582.0,0,0,0,0,0,0,0,0,0,0,0,0,0,0,0,0,0,0,0,0,0,0,0,0,0,0,0,0,0,0,0,0,0,0,0,0,0,0,0,0,0,0,0,0,39,2026-02-06 03:58:33.140078
WNTR,24.85,24.8,24.82,650.0,,2246100.0,1876900.0,16166.0,650.0,0,0,0,0,0,0,0,0,0,0,0,0,0,0,0,0,0,0,0,0,0,0,0,0,0,0,0,0,0,0,0,0,0,0,0,0,0,0,0,0,0,0,0,0,39,2026-02-06 03:58:33.140078
SPNG,24.79,24.69,24.79,2029600.0,557.0,1987300.0,6000.0,559.0,100.0,,0,0,0,0,0,0,0,0,0,0,0,0,0,0,0,0,0,0,0,0,0,0,0,0,0,0,0,0,0,0,0,0,0,0,0,0,0,0,0,0,0,0,0,40,2026-02-06 03:58:34.253785
SMMR,25.05,25.04,25.05,2047700.0,,1674600.0,6000.0,543.0,15176.0,3115.0,0,0,0,0,0,0,0,0,0,0,0,0,0,0,0,0,0,0,0,0,0,0,0,0,0,0,0,0,0,0,0,0,0,0,0,0,0,0,0,0,0,0,0,40,2026-02-06 03:58:34.253785
ATMN,24.68,24.65,24.68,2238500.0,,1948900.0,6000.0,582.0,10100.0,533.0,0,0,0,0,0,0,0,0,0,0,0,0,0,0,0,0,0,0,0,0,0,0,0,0,0,0,0,0,0,0,0,0,0,0,0,0,0,0,0,0,0,0,0,40,2026-02-06 03:58:34.253785
WNTR,24.89,24.91,24.93,1995100.0,650.0,2027600.0,6000.0,,9676.0,12044.0,0,0,0,0,0,0,0,0,0,0,0,0,0,0,0,0,0,0,0,0,0,0,0,0,0,0,0,0,0,0,0,0,0,0,0,0,0,0,0,0,0,0,0,40,2026-02-06 03:58:34.253785
SPNG,25.09,24.7,24.78,100.0,557.0,1941200.0,559.0,2048000.0,100.0,,,0,0,0,0,0,0,0,0,0,0,0,0,0,0,0,0,0,0,0,0,0,0,0,0,0,0,0,0,0,0,0,0,0,0,0,0,0,0,0,0,0,0,41,2026-02-06 03:58:35.330707
SMMR,25.2,25.09,25.12,13115.0,620.0,1713800.0,543.0,1818200.0,561.0,6000.0,6000.0,0,0,0,0,0,0,0,0,0,0,0,0,0,0,0,0,0,0,0,0,0,0,0,0,0,0,0,0,0,0,0,0,0,0,0,0,0,0,0,0,0,0,41,2026-02-06 03:58:35.330707
ATMN,24.79,24.67,24.79,7804.0,526.0,1978900.0,,2330400.0,,,6000.0,0,0,0,0,0,0,0,0,0,0,0,0,0,0,0,0,0,0,0,0,0,0,0,0,0,0,0,0,0,0,0,0,0,0,0,0,0,0,0,0,0,0,41,2026-02-06 03:58:35.330707
WNTR,24.89,24.91,24.92,11197.0,650.0,1995100.0,565.0,1777600.0,17285.0,,6000.0,0,0,0,0,0,0,0,0,0,0,0,0,0,0,0,0,0,0,0,0,0,0,0,0,0,0,0,0,0,0,0,0,0,0,0,0,0,0,0,0,0,0,41,2026-02-06 03:58:35.330707
SPNG,24.78,24.96,24.97,6000.0,4627.0,557.0,1741100.0,2075000.0,6000.0,100.0,,0,0,0,0,0,0,0,0,0,0,0,0,0,0,0,0,0,0,0,0,0,0,0,0,0,0,0,0,0,0,0,0,0,0,0,0,0,0,0,0,0,0,42,2026-02-06 03:58:35.912394
SMMR,25.2,25.09,25.13,6000.0,13115.0,620.0,1752600.0,1804100.0,6000.0,561.0,543.0,0,0,0,0,0,0,0,0,0,0,0,0,0,0,0,0,0,0,0,0,0,0,0,0,0,0,0,0,0,0,0,0,0,0,0,0,0,0,0,0,0,0,42,2026-02-06 03:58:35.912394
ATMN,24.79,24.71,24.77,,7804.0,590.0,1972800.0,2093700.0,6000.0,1817.0,582.0,0,0,0,0,0,0,0,0,0,0,0,0,0,0,0,0,0,0,0,0,0,0,0,0,0,0,0,0,0,0,0,0,0,0,0,0,0,0,0,0,0,0,42,2026-02-06 03:58:35.912394
WNTR,24.98,24.86,24.98,,7795.0,,2248800.0,2171200.0,,,565.0,0,0,0,0,0,0,0,0,0,0,0,0,0,0,0,0,0,0,0,0,0,0,0,0,0,0,0,0,0,0,0,0,0,0,0,0,0,0,0,0,0,0,42,2026-02-06 03:58:35.912394
SPNG,24.69,24.69,24.97,2039300.0,559.0,1994000.0,498.0,447.0,6000.0,,0,0,0,0,0,0,0,0,0,0,0,0,0,0,0,0,0,0,0,0,0,0,0,0,0,0,0,0,0,0,0,0,0,0,0,0,0,0,0,0,0,0,0,43,2026-02-06 03:58:36.972887
SMMR,25.05,25.12,25.13,2028400.0,,1913700.0,543.0,,6000.0,10000.0,0,0,0,0,0,0,0,0,0,0,0,0,0,0,0,0,0,0,0,0,0,0,0,0,0,0,0,0,0,0,0,0,0,0,0,0,0,0,0,0,0,0,0,43,2026-02-06 03:58:36.972887
ATMN,24.64,24.64,24.76,2333600.0,,2118600.0,582.0,100.0,6000.0,,0,0,0,0,0,0,0,0,0,0,0,0,0,0,0,0,0,0,0,0,0,0,0,0,0,0,0,0,0,0,0,0,0,0,0,0,0,0,0,0,0,0,0,43,2026-02-06 03:58:36.972887
WNTR,24.8,24.8,24.9,2367200.0,,1945300.0,650.0,3399.0,6000.0,,0,0,0,0,0,0,0,0,0,0,0,0,0,0,0,0,0,0,0,0,0,0,0,0,0,0,0,0,0,0,0,0,0,0,0,0,0,0,0,0,0,0,0,43,2026-02-06 03:58:36.972887
SPNG,24.69,24.87,24.95,1975400.0,559.0,2942.0,1918.0,1886900.0,6000.0,498.0,,0,0,0,0,0,0,0,0,0,0,0,0,0,0,0,0,0,0,0,0,0,0,0,0,0,0,0,0,0,0,0,0,0,0,0,0,0,0,0,0,0,0,44,2026-02-06 03:58:38.034117
SMMR,25.09,25.06,25.09,1966300.0,620.0,,561.0,1813100.0,6000.0,620.0,500.0,0,0,0,0,0,0,0,0,0,0,0,0,0,0,0,0,0,0,0,0,0,0,0,0,0,0,0,0,0,0,0,0,0,0,0,0,0,0,0,0,0,0,44,2026-02-06 03:58:38.034117
ATMN,24.61,24.61,24.71,2236200.0,463.0,,,2213900.0,6000.0,590.0,,0,0,0,0,0,0,0,0,0,0,0,0,0,0,0,0,0,0,0,0,0,0,0,0,0,0,0,0,0,0,0,0,0,0,0,0,0,0,0,0,0,0,44,2026-02-06 03:58:38.034117
WNTR,24.89,24.82,24.87,2026700.0,650.0,14846.0,5080.0,1925800.0,6000.0,650.0,,0,0,0,0,0,0,0,0,0,0,0,0,0,0,0,0,0,0,0,0,0,0,0,0,0,0,0,0,0,0,0,0,0,0,0,0,0,0,0,0,0,0,44,2026-02-06 03:58:38.034117
SPNG,24.69,24.88,24.95,559.0,2069900.0,498.0,2101600.0,6000.0,0,0,0,0,0,0,0,0,0,0,0,0,0,0,0,0,0,0,0,0,0,0,0,0,0,0,0,0,0,0,0,0,0,0,0,0,0,0,0,0,0,0,0,0,0,45,2026-02-06 03:58:39.109740
SMMR,25.04,25.04,25.09,620.0,2026100.0,620.0,1871900.0,6000.0,0,0,0,0,0,0,0,0,0,0,0,0,0,0,0,0,0,0,0,0,0,0,0,0,0,0,0,0,0,0,0,0,0,0,0,0,0,0,0,0,0,0,0,0,0,45,2026-02-06 03:58:39.109740
ATMN,24.61,24.61,24.79,533.0,2236200.0,590.0,2299500.0,,0,0,0,0,0,0,0,0,0,0,0,0,0,0,0,0,0,0,0,0,0,0,0,0,0,0,0,0,0,0,0,0,0,0,0,0,0,0,0,0,0,0,0,0,0,45,2026-02-06 03:58:39.109740
WNTR,24.79,24.79,24.87,,2378500.0,650.0,2025100.0,6000.0,0,0,0,0,0,0,0,0,0,0,0,0,0,0,0,0,0,0,0,0,0,0,0,0,0,0,0,0,0,0,0,0,0,0,0,0,0,0,0,0,0,0,0,0,0,45,2026-02-06 03:58:39.109740
SPNG,25.04,24.69,25.04,2149600.0,2180600.0,442.0,,,,,,0,0,0,0,0,0,0,0,0,0,0,0,0,0,0,0,0,0,0,0,0,0,0,0,0,0,0,0,0,0,0,0,0,0,0,0,0,0,0,0,0,0,46,2026-02-06 03:58:40.200230
SMMR,24.95,24.95,25.05,2144900.0,1779700.0,620.0,1875.0,6000.0,,,,0,0,0,0,0,0,0,0,0,0,0,0,0,0,0,0,0,0,0,0,0,0,0,0,0,0,0,0,0,0,0,0,0,0,0,0,0,0,0,0,0,0,46,2026-02-06 03:58:40.200230
ATMN,24.68,24.68,24.79,2127000.0,2299500.0,,6901.0,,6000.0,533.0,,0,0,0,0,0,0,0,0,0,0,0,0,0,0,0,0,0,0,0,0,0,0,0,0,0,0,0,0,0,0,0,0,0,0,0,0,0,0,0,0,0,0,46,2026-02-06 03:58:40.200230
WNTR,24.87,24.88,24.91,2151800.0,2037400.0,650.0,,6000.0,,650.0,6074.0,0,0,0,0,0,0,0,0,0,0,0,0,0,0,0,0,0,0,0,0,0,0,0,0,0,0,0,0,0,0,0,0,0,0,0,0,0,0,0,0,0,0,46,2026-02-06 03:58:40.200230
SPNG,24.63,24.95,24.97,2344.0,6000.0,559.0,1830800.0,6000.0,6747.0,1851600.0,518.0,0,0,0,0,0,0,0,0,0,0,0,0,0,0,0,0,0,0,0,0,0,0,0,0,0,0,0,0,0,0,0,0,0,0,0,0,0,0,0,0,0,0,47,2026-02-06 03:58:41.367883
SMMR,24.92,24.92,24.96,1450.0,,,1979900.0,6000.0,19883.0,1696100.0,,0,0,0,0,0,0,0,0,0,0,0,0,0,0,0,0,0,0,0,0,0,0,0,0,0,0,0,0,0,0,0,0,0,0,0,0,0,0,0,0,0,0,47,2026-02-06 03:58:41.367883
ATMN,24.55,24.68,24.77,,6000.0,540.0,2192900.0,5600.0,16206.0,1817600.0,590.0,0,0,0,0,0,0,0,0,0,0,0,0,0,0,0,0,0,0,0,0,0,0,0,0,0,0,0,0,0,0,0,0,0,0,0,0,0,0,0,0,0,0,47,2026-02-06 03:58:41.367883
WNTR,24.79,24.81,24.91,3349.0,6000.0,650.0,2025200.0,6000.0,9118.0,1913000.0,650.0,0,0,0,0,0,0,0,0,0,0,0,0,0,0,0,0,0,0,0,0,0,0,0,0,0,0,0,0,0,0,0,0,0,0,0,0,0,0,0,0,0,0,47,2026-02-06 03:58:41.367883
SPNG,25.02,24.95,25.02,1614.0,6000.0,559.0,1830800.0,2189700.0,518.0,,,0,0,0,0,0,0,0,0,0,0,0,0,0,0,0,0,0,0,0,0,0,0,0,0,0,0,0,0,0,0,0,0,0,0,0,0,0,0,0,0,0,0,48,2026-02-06 03:58:42.462612
SMMR,24.99,24.94,24.97,6765.0,,543.0,1877700.0,1791600.0,620.0,449.0,6000.0,0,0,0,0,0,0,0,0,0,0,0,0,0,0,0,0,0,0,0,0,0,0,0,0,0,0,0,0,0,0,0,0,0,0,0,0,0,0,0,0,0,0,48,2026-02-06 03:58:42.462612
ATMN,24.53,24.61,24.75,6611.0,,590.0,2168700.0,2133900.0,568.0,100.0,,0,0,0,0,0,0,0,0,0,0,0,0,0,0,0,0,0,0,0,0,0,0,0,0,0,0,0,0,0,0,0,0,0,0,0,0,0,0,0,0,0,0,48,2026-02-06 03:58:42.462612
WNTR,24.79,24.84,24.85,3873.0,6000.0,650.0,2027200.0,2030400.0,650.0,,6000.0,0,0,0,0,0,0,0,0,0,0,0,0,0,0,0,0,0,0,0,0,0,0,0,0,0,0,0,0,0,0,0,0,0,0,0,0,0,0,0,0,0,0,48,2026-02-06 03:58:42.462612
SPNG,25.02,24.95,25.01,1614.0,6000.0,559.0,1861400.0,500.0,2064600.0,518.0,,0,0,0,0,0,0,0,0,0,0,0,0,0,0,0,0,0,0,0,0,0,0,0,0,0,0,0,0,0,0,0,0,0,0,0,0,0,0,0,0,0,0,49,2026-02-06 03:58:43.045011
SMMR,24.98,24.98,24.99,6765.0,,,2002400.0,6000.0,1884600.0,620.0,,0,0,0,0,0,0,0,0,0,0,0,0,0,0,0,0,0,0,0,0,0,0,0,0,0,0,0,0,0,0,0,0,0,0,0,0,0,0,0,0,0,0,49,2026-02-06 03:58:43.045011
ATMN,24.53,24.61,24.62,6611.0,6000.0,590.0,2054600.0,6000.0,2034800.0,568.0,100.0,0,0,0,0,0,0,0,0,0,0,0,0,0,0,0,0,0,0,0,0,0,0,0,0,0,0,0,0,0,0,0,0,0,0,0,0,0,0,0,0,0,0,49,2026-02-06 03:58:43.045011
WNTR,24.79,24.84,24.85,3873.0,6000.0,650.0,2027200.0,6000.0,2030400.0,650.0,,0,0,0,0,0,0,0,0,0,0,0,0,0,0,0,0,0,0,0,0,0,0,0,0,0,0,0,0,0,0,0,0,0,0,0,0,0,0,0,0,0,0,49,2026-02-06 03:58:43.045011
SPNG,24.95,24.63,24.72,2098100.0,537.0,1956200.0,559.0,6361.0,500.0,,,0,0,0,0,0,0,0,0,0,0,0,0,0,0,0,0,0,0,0,0,0,0,0,0,0,0,0,0,0,0,0,0,0,0,0,0,0,0,0,0,0,0,50,2026-02-06 03:58:44.117879
SMMR,25.19,25.03,25.19,1779100.0,620.0,2023300.0,543.0,,,13429.0,,0,0,0,0,0,0,0,0,0,0,0,0,0,0,0,0,0,0,0,0,0,0,0,0,0,0,0,0,0,0,0,0,0,0,0,0,0,0,0,0,0,0,50,2026-02-06 03:58:44.117879
ATMN,24.8,24.53,24.8,2249900.0,540.0,2436300.0,,,,,,0,0,0,0,0,0,0,0,0,0,0,0,0,0,0,0,0,0,0,0,0,0,0,0,0,0,0,0,0,0,0,0,0,0,0,0,0,0,0,0,0,0,50,2026-02-06 03:58:44.117879
WNTR,24.79,24.84,24.85,1950200.0,650.0,1935500.0,650.0,6816.0,6000.0,3973.0,6000.0,0,0,0,0,0,0,0,0,0,0,0,0,0,0,0,0,0,0,0,0,0,0,0,0,0,0,0,0,0,0,0,0,0,0,0,0,0,0,0,0,0,0,50,2026-02-06 03:58:44.117879
SPNG,24.72,24.71,24.72,2141000.0,537.0,1956200.0,559.0,6000.0,,,,0,0,0,0,0,0,0,0,0,0,0,0,0,0,0,0,0,0,0,0,0,0,0,0,0,0,0,0,0,0,0,0,0,0,0,0,0,0,0,0,0,0,51,2026-02-06 03:58:45.311299
SMMR,25.09,25.11,25.14,1779100.0,558.0,1893900.0,620.0,,189.0,6000.0,6459.0,0,0,0,0,0,0,0,0,0,0,0,0,0,0,0,0,0,0,0,0,0,0,0,0,0,0,0,0,0,0,0,0,0,0,0,0,0,0,0,0,0,0,51,2026-02-06 03:58:45.311299
ATMN,24.8,24.59,24.6,2129700.0,,2155700.0,568.0,6000.0,1578.0,6000.0,,0,0,0,0,0,0,0,0,0,0,0,0,0,0,0,0,0,0,0,0,0,0,0,0,0,0,0,0,0,0,0,0,0,0,0,0,0,0,0,0,0,0,51,2026-02-06 03:58:45.311299
WNTR,24.79,24.83,24.85,2169600.0,650.0,1935500.0,650.0,6000.0,,6000.0,1312.0,0,0,0,0,0,0,0,0,0,0,0,0,0,0,0,0,0,0,0,0,0,0,0,0,0,0,0,0,0,0,0,0,0,0,0,0,0,0,0,0,0,0,51,2026-02-06 03:58:45.311299
SPNG,24.95,24.99,25.01,2050400.0,537.0,100.0,6000.0,2064600.0,,,,0,0,0,0,0,0,0,0,0,0,0,0,0,0,0,0,0,0,0,0,0,0,0,0,0,0,0,0,0,0,0,0,0,0,0,0,0,0,0,0,0,0,52,2026-02-06 03:58:46.509422
SMMR,24.98,24.98,25.08,1875000.0,558.0,,,1914400.0,6000.0,620.0,6459.0,0,0,0,0,0,0,0,0,0,0,0,0,0,0,0,0,0,0,0,0,0,0,0,0,0,0,0,0,0,0,0,0,0,0,0,0,0,0,0,0,0,0,52,2026-02-06 03:58:46.509422
ATMN,24.5,24.59,24.6,2171900.0,590.0,,6000.0,2048400.0,500.0,568.0,100.0,0,0,0,0,0,0,0,0,0,0,0,0,0,0,0,0,0,0,0,0,0,0,0,0,0,0,0,0,0,0,0,0,0,0,0,0,0,0,0,0,0,0,52,2026-02-06 03:58:46.509422
WNTR,24.96,24.83,24.96,2307500.0,650.0,,,2281800.0,,,,0,0,0,0,0,0,0,0,0,0,0,0,0,0,0,0,0,0,0,0,0,0,0,0,0,0,0,0,0,0,0,0,0,0,0,0,0,0,0,0,0,0,52,2026-02-06 03:58:46.509422
SPNG,25.05,24.86,25.05,2040400.0,559.0,100.0,2183300.0,518.0,,,,0,0,0,0,0,0,0,0,0,0,0,0,0,0,0,0,0,0,0,0,0,0,0,0,0,0,0,0,0,0,0,0,0,0,0,0,0,0,0,0,0,0,53,2026-02-06 03:58:47.089200
SMMR,24.97,24.92,24.97,2094600.0,,,1897300.0,620.0,6459.0,,,0,0,0,0,0,0,0,0,0,0,0,0,0,0,0,0,0,0,0,0,0,0,0,0,0,0,0,0,0,0,0,0,0,0,0,0,0,0,0,0,0,0,53,2026-02-06 03:58:47.089200
ATMN,24.59,24.59,24.6,2171900.0,590.0,,2187100.0,568.0,100.0,500.0,,0,0,0,0,0,0,0,0,0,0,0,0,0,0,0,0,0,0,0,0,0,0,0,0,0,0,0,0,0,0,0,0,0,0,0,0,0,0,0,0,0,0,53,2026-02-06 03:58:47.089200
WNTR,24.96,24.88,24.9,2207200.0,650.0,,2030000.0,565.0,,6000.0,6000.0,0,0,0,0,0,0,0,0,0,0,0,0,0,0,0,0,0,0,0,0,0,0,0,0,0,0,0,0,0,0,0,0,0,0,0,0,0,0,0,0,0,0,53,2026-02-06 03:58:47.089200
SPNG,25.18,24.95,25.18,6000.0,3511.0,559.0,1978300.0,2273900.0,,,,0,0,0,0,0,0,0,0,0,0,0,0,0,0,0,0,0,0,0,0,0,0,0,0,0,0,0,0,0,0,0,0,0,0,0,0,0,0,0,0,0,0,54,2026-02-06 03:58:48.151618
SMMR,24.92,24.92,25.05,,,488.0,1980500.0,1908900.0,620.0,6000.0,,0,0,0,0,0,0,0,0,0,0,0,0,0,0,0,0,0,0,0,0,0,0,0,0,0,0,0,0,0,0,0,0,0,0,0,0,0,0,0,0,0,0,54,2026-02-06 03:58:48.151618
ATMN,24.5,24.6,24.72,,,,2418200.0,2337100.0,568.0,,,0,0,0,0,0,0,0,0,0,0,0,0,0,0,0,0,0,0,0,0,0,0,0,0,0,0,0,0,0,0,0,0,0,0,0,0,0,0,0,0,0,0,54,2026-02-06 03:58:48.151618
WNTR,24.83,24.83,24.89,,,,2386200.0,2040800.0,565.0,,4466.0,0,0,0,0,0,0,0,0,0,0,0,0,0,0,0,0,0,0,0,0,0,0,0,0,0,0,0,0,0,0,0,0,0,0,0,0,0,0,0,0,0,0,54,2026-02-06 03:58:48.151618
SPNG,24.86,24.86,25.3,2260700.0,471.0,2170800.0,,,,0,0,0,0,0,0,0,0,0,0,0,0,0,0,0,0,0,0,0,0,0,0,0,0,0,0,0,0,0,0,0,0,0,0,0,0,0,0,0,0,0,0,0,0,55,2026-02-06 03:58:49.319380
SMMR,25.11,24.99,25.11,1858800.0,,2102900.0,500.0,565.0,,0,0,0,0,0,0,0,0,0,0,0,0,0,0,0,0,0,0,0,0,0,0,0,0,0,0,0,0,0,0,0,0,0,0,0,0,0,0,0,0,0,0,0,0,55,2026-02-06 03:58:49.319380
ATMN,24.9,24.63,24.9,2171600.0,,2474400.0,6000.0,590.0,,0,0,0,0,0,0,0,0,0,0,0,0,0,0,0,0,0,0,0,0,0,0,0,0,0,0,0,0,0,0,0,0,0,0,0,0,0,0,0,0,0,0,0,0,55,2026-02-06 03:58:49.319380
WNTR,24.92,24.95,24.96,2081800.0,,2281800.0,6000.0,650.0,1116.0,0,0,0,0,0,0,0,0,0,0,0,0,0,0,0,0,0,0,0,0,0,0,0,0,0,0,0,0,0,0,0,0,0,0,0,0,0,0,0,0,0,0,0,0,55,2026-02-06 03:58:49.319380
SPNG,24.88,24.86,24.88,2283000.0,2121500.0,534.0,,0,0,0,0,0,0,0,0,0,0,0,0,0,0,0,0,0,0,0,0,0,0,0,0,0,0,0,0,0,0,0,0,0,0,0,0,0,0,0,0,0,0,0,0,0,0,56,2026-02-06 03:58:50.394431
SMMR,25.04,24.99,25.04,1960400.0,2015700.0,620.0,565.0,0,0,0,0,0,0,0,0,0,0,0,0,0,0,0,0,0,0,0,0,0,0,0,0,0,0,0,0,0,0,0,0,0,0,0,0,0,0,0,0,0,0,0,0,0,0,56,2026-02-06 03:58:50.394431
ATMN,24.5,24.5,24.9,2413900.0,2394600.0,437.0,,0,0,0,0,0,0,0,0,0,0,0,0,0,0,0,0,0,0,0,0,0,0,0,0,0,0,0,0,0,0,0,0,0,0,0,0,0,0,0,0,0,0,0,0,0,0,56,2026-02-06 03:58:50.394431
WNTR,24.95,24.93,24.94,2290600.0,2153300.0,565.0,650.0,0,0,0,0,0,0,0,0,0,0,0,0,0,0,0,0,0,0,0,0,0,0,0,0,0,0,0,0,0,0,0,0,0,0,0,0,0,0,0,0,0,0,0,0,0,0,56,2026-02-06 03:58:50.394431
SPNG,24.86,24.86,24.88,2231400.0,521.0,2121500.0,559.0,0,0,0,0,0,0,0,0,0,0,0,0,0,0,0,0,0,0,0,0,0,0,0,0,0,0,0,0,0,0,0,0,0,0,0,0,0,0,0,0,0,0,0,0,0,0,57,2026-02-06 03:58:51.458331
SMMR,25.11,25.02,25.11,1932900.0,565.0,2097500.0,,0,0,0,0,0,0,0,0,0,0,0,0,0,0,0,0,0,0,0,0,0,0,0,0,0,0,0,0,0,0,0,0,0,0,0,0,0,0,0,0,0,0,0,0,0,0,57,2026-02-06 03:58:51.458331
ATMN,24.9,24.9,24.92,2243200.0,590.0,2485600.0,,0,0,0,0,0,0,0,0,0,0,0,0,0,0,0,0,0,0,0,0,0,0,0,0,0,0,0,0,0,0,0,0,0,0,0,0,0,0,0,0,0,0,0,0,0,0,57,2026-02-06 03:58:51.458331
WNTR,24.88,24.83,24.88,2419600.0,,2132500.0,565.0,0,0,0,0,0,0,0,0,0,0,0,0,0,0,0,0,0,0,0,0,0,0,0,0,0,0,0,0,0,0,0,0,0,0,0,0,0,0,0,0,0,0,0,0,0,0,57,2026-02-06 03:58:51.458331
SPNG,25.04,25.25,25.38,2233300.0,521.0,2267100.0,,0,0,0,0,0,0,0,0,0,0,0,0,0,0,0,0,0,0,0,0,0,0,0,0,0,0,0,0,0,0,0,0,0,0,0,0,0,0,0,0,0,0,0,0,0,0,58,2026-02-06 03:58:52.517280
SMMR,25.1,25.1,25.11,1968000.0,620.0,1988500.0,596.0,0,0,0,0,0,0,0,0,0,0,0,0,0,0,0,0,0,0,0,0,0,0,0,0,0,0,0,0,0,0,0,0,0,0,0,0,0,0,0,0,0,0,0,0,0,0,58,2026-02-06 03:58:52.517280
ATMN,24.67,24.5,24.67,2375600.0,,2361500.0,456.0,0,0,0,0,0,0,0,0,0,0,0,0,0,0,0,0,0,0,0,0,0,0,0,0,0,0,0,0,0,0,0,0,0,0,0,0,0,0,0,0,0,0,0,0,0,0,58,2026-02-06 03:58:52.517280
WNTR,24.82,24.82,24.87,2323300.0,565.0,2149100.0,650.0,0,0,0,0,0,0,0,0,0,0,0,0,0,0,0,0,0,0,0,0,0,0,0,0,0,0,0,0,0,0,0,0,0,0,0,0,0,0,0,0,0,0,0,0,0,0,58,2026-02-06 03:58:52.517280
SPNG,25.04,25.25,25.38,2233300.0,559.0,2168400.0,534.0,0,0,0,0,0,0,0,0,0,0,0,0,0,0,0,0,0,0,0,0,0,0,0,0,0,0,0,0,0,0,0,0,0,0,0,0,0,0,0,0,0,0,0,0,0,0,59,2026-02-06 03:58:53.111538
SMMR,25.1,25.04,25.09,1932900.0,620.0,1965000.0,596.0,0,0,0,0,0,0,0,0,0,0,0,0,0,0,0,0,0,0,0,0,0,0,0,0,0,0,0,0,0,0,0,0,0,0,0,0,0,0,0,0,0,0,0,0,0,0,59,2026-02-06 03:58:53.111538
ATMN,24.67,24.7,24.92,2374600.0,,2509800.0,,0,0,0,0,0,0,0,0,0,0,0,0,0,0,0,0,0,0,0,0,0,0,0,0,0,0,0,0,0,0,0,0,0,0,0,0,0,0,0,0,0,0,0,0,0,0,59,2026-02-06 03:58:53.111538
WNTR,24.82,24.82,24.87,2320200.0,565.0,2149100.0,650.0,0,0,0,0,0,0,0,0,0,0,0,0,0,0,0,0,0,0,0,0,0,0,0,0,0,0,0,0,0,0,0,0,0,0,0,0,0,0,0,0,0,0,0,0,0,0,59,2026-02-06 03:58:53.111538
SPNG,24.86,25.0,25.31,1010900.0,521.0,559.0,838500.0,0,0,0,0,0,0,0,0,0,0,0,0,0,0,0,0,0,0,0,0,0,0,0,0,0,0,0,0,0,0,0,0,0,0,0,0,0,0,0,0,0,0,0,0,0,0,60,2026-02-06 03:58:54.225078
SMMR,25.09,25.04,25.09,200000.0,620.0,596.0,,0,0,0,0,0,0,0,0,0,0,0,0,0,0,0,0,0,0,0,0,0,0,0,0,0,0,0,0,0,0,0,0,0,0,0,0,0,0,0,0,0,0,0,0,0,0,60,2026-02-06 03:58:54.225078
ATMN,25.42,25.42,25.53,881900.0,,,645700.0,0,0,0,0,0,0,0,0,0,0,0,0,0,0,0,0,0,0,0,0,0,0,0,0,0,0,0,0,0,0,0,0,0,0,0,0,0,0,0,0,0,0,0,0,0,0,60,2026-02-06 03:58:54.225078
WNTR,25.15,25.15,0.0,200000.0,650.0,,,0,0,0,0,0,0,0,0,0,0,0,0,0,0,0,0,0,0,0,0,0,0,0,0,0,0,0,0,0,0,0,0,0,0,0,0,0,0,0,0,0,0,0,0,0,0,60,2026-02-06 03:58:54.225078
SPNG,25.0,25.0,25.16,1045800.0,1068600.0,559.0,,,,0,0,0,0,0,0,0,0,0,0,0,0,0,0,0,0,0,0,0,0,0,0,0,0,0,0,0,0,0,0,0,0,0,0,0,0,0,0,0,0,0,0,0,0,61,2026-02-06 03:58:55.328190
SMMR,25.04,24.85,24.86,831100.0,1011000.0,620.0,565.0,,,0,0,0,0,0,0,0,0,0,0,0,0,0,0,0,0,0,0,0,0,0,0,0,0,0,0,0,0,0,0,0,0,0,0,0,0,0,0,0,0,0,0,0,0,61,2026-02-06 03:58:55.328190
ATMN,25.42,25.42,25.53,1052200.0,1078400.0,360.0,393.0,,,0,0,0,0,0,0,0,0,0,0,0,0,0,0,0,0,0,0,0,0,0,0,0,0,0,0,0,0,0,0,0,0,0,0,0,0,0,0,0,0,0,0,0,0,61,2026-02-06 03:58:55.328190
WNTR,25.15,25.16,25.2,954700.0,1085400.0,376.0,433.0,10000.0,10000.0,0,0,0,0,0,0,0,0,0,0,0,0,0,0,0,0,0,0,0,0,0,0,0,0,0,0,0,0,0,0,0,0,0,0,0,0,0,0,0,0,0,0,0,0,61,2026-02-06 03:58:55.328190
SPNG,24.58,24.78,25.15,1181400.0,100.0,1168800.0,559.0,,,0,0,0,0,0,0,0,0,0,0,0,0,0,0,0,0,0,0,0,0,0,0,0,0,0,0,0,0,0,0,0,0,0,0,0,0,0,0,0,0,0,0,0,0,62,2026-02-06 03:58:56.389038
SMMR,24.88,24.85,24.88,831100.0,,1014200.0,620.0,9777.0,565.0,0,0,0,0,0,0,0,0,0,0,0,0,0,0,0,0,0,0,0,0,0,0,0,0,0,0,0,0,0,0,0,0,0,0,0,0,0,0,0,0,0,0,0,0,62,2026-02-06 03:58:56.389038
ATMN,25.42,24.96,25.38,1075300.0,,1331600.0,432.0,,,0,0,0,0,0,0,0,0,0,0,0,0,0,0,0,0,0,0,0,0,0,0,0,0,0,0,0,0,0,0,0,0,0,0,0,0,0,0,0,0,0,0,0,0,62,2026-02-06 03:58:56.389038
WNTR,25.09,25.14,25.18,1245300.0,19263.0,1204000.0,496.0,,520.0,0,0,0,0,0,0,0,0,0,0,0,0,0,0,0,0,0,0,0,0,0,0,0,0,0,0,0,0,0,0,0,0,0,0,0,0,0,0,0,0,0,0,0,0,62,2026-02-06 03:58:56.389038
SPNG,25.25,25.25,25.28,1309500.0,412.0,1291700.0,,,,0,0,0,0,0,0,0,0,0,0,0,0,0,0,0,0,0,0,0,0,0,0,0,0,0,0,0,0,0,0,0,0,0,0,0,0,0,0,0,0,0,0,0,0,63,2026-02-06 03:58:57.433151
SMMR,24.73,24.76,24.85,884700.0,565.0,1014200.0,9777.0,9777.0,620.0,0,0,0,0,0,0,0,0,0,0,0,0,0,0,0,0,0,0,0,0,0,0,0,0,0,0,0,0,0,0,0,0,0,0,0,0,0,0,0,0,0,0,0,0,63,2026-02-06 03:58:57.433151
ATMN,25.29,25.36,25.38,1449900.0,582.0,1104000.0,,,590.0,0,0,0,0,0,0,0,0,0,0,0,0,0,0,0,0,0,0,0,0,0,0,0,0,0,0,0,0,0,0,0,0,0,0,0,0,0,0,0,0,0,0,0,0,63,2026-02-06 03:58:57.433151
WNTR,25.11,25.14,25.21,1128400.0,650.0,1329200.0,,,621.0,0,0,0,0,0,0,0,0,0,0,0,0,0,0,0,0,0,0,0,0,0,0,0,0,0,0,0,0,0,0,0,0,0,0,0,0,0,0,0,0,0,0,0,0,63,2026-02-06 03:58:57.433151
SPNG,25.28,24.78,25.28,1304500.0,537.0,1291700.0,100.0,,,0,0,0,0,0,0,0,0,0,0,0,0,0,0,0,0,0,0,0,0,0,0,0,0,0,0,0,0,0,0,0,0,0,0,0,0,0,0,0,0,0,0,0,0,64,2026-02-06 03:58:58.485573
SMMR,24.76,24.73,24.74,1103400.0,565.0,1241700.0,19544.0,3223.0,620.0,0,0,0,0,0,0,0,0,0,0,0,0,0,0,0,0,0,0,0,0,0,0,0,0,0,0,0,0,0,0,0,0,0,0,0,0,0,0,0,0,0,0,0,0,64,2026-02-06 03:58:58.485573
ATMN,25.36,25.36,25.51,1583100.0,590.0,1211400.0,,2388.0,526.0,0,0,0,0,0,0,0,0,0,0,0,0,0,0,0,0,0,0,0,0,0,0,0,0,0,0,0,0,0,0,0,0,0,0,0,0,0,0,0,0,0,0,0,0,64,2026-02-06 03:58:58.485573
WNTR,25.22,25.17,25.2,1128400.0,650.0,1326800.0,,6737.0,621.0,0,0,0,0,0,0,0,0,0,0,0,0,0,0,0,0,0,0,0,0,0,0,0,0,0,0,0,0,0,0,0,0,0,0,0,0,0,0,0,0,0,0,0,0,64,2026-02-06 03:58:58.485573
SPNG,25.07,25.07,25.24,1554500.0,200.0,559.0,200.0,1291700.0,,0,0,0,0,0,0,0,0,0,0,0,0,0,0,0,0,0,0,0,0,0,0,0,0,0,0,0,0,0,0,0,0,0,0,0,0,0,0,0,0,0,0,0,0,65,2026-02-06 03:58:59.544358
SMMR,24.79,24.79,24.85,1547200.0,3223.0,565.0,9777.0,1123900.0,,0,0,0,0,0,0,0,0,0,0,0,0,0,0,0,0,0,0,0,0,0,0,0,0,0,0,0,0,0,0,0,0,0,0,0,0,0,0,0,0,0,0,0,0,65,2026-02-06 03:58:59.544358
ATMN,25.39,25.39,25.5,1714500.0,,582.0,9499.0,1211400.0,590.0,0,0,0,0,0,0,0,0,0,0,0,0,0,0,0,0,0,0,0,0,0,0,0,0,0,0,0,0,0,0,0,0,0,0,0,0,0,0,0,0,0,0,0,0,65,2026-02-06 03:58:59.544358
WNTR,25.19,25.19,25.2,1098100.0,,,9989.0,1591200.0,621.0,0,0,0,0,0,0,0,0,0,0,0,0,0,0,0,0,0,0,0,0,0,0,0,0,0,0,0,0,0,0,0,0,0,0,0,0,0,0,0,0,0,0,0,0,65,2026-02-06 03:58:59.544358
SPNG,25.38,25.07,25.15,1554500.0,6000.0,200.0,559.0,6000.0,1299800.0,,,0,0,0,0,0,0,0,0,0,0,0,0,0,0,0,0,0,0,0,0,0,0,0,0,0,0,0,0,0,0,0,0,0,0,0,0,0,0,0,0,0,0,66,2026-02-06 03:59:00.107648
SMMR,24.85,24.79,24.85,1636500.0,,3223.0,565.0,6000.0,1123900.0,9777.0,,0,0,0,0,0,0,0,0,0,0,0,0,0,0,0,0,0,0,0,0,0,0,0,0,0,0,0,0,0,0,0,0,0,0,0,0,0,0,0,0,0,0,66,2026-02-06 03:59:00.107648
ATMN,25.51,25.39,25.4,1828100.0,6000.0,,582.0,6000.0,1211400.0,9399.0,590.0,0,0,0,0,0,0,0,0,0,0,0,0,0,0,0,0,0,0,0,0,0,0,0,0,0,0,0,0,0,0,0,0,0,0,0,0,0,0,0,0,0,0,66,2026-02-06 03:59:00.107648
WNTR,24.99,25.07,25.2,963700.0,,,,,1591200.0,9989.0,621.0,0,0,0,0,0,0,0,0,0,0,0,0,0,0,0,0,0,0,0,0,0,0,0,0,0,0,0,0,0,0,0,0,0,0,0,0,0,0,0,0,0,0,66,2026-02-06 03:59:00.107648
SPNG,25.3,25.3,25.35,1660900.0,6000.0,2320.0,559.0,1522500.0,461.0,,,0,0,0,0,0,0,0,0,0,0,0,0,0,0,0,0,0,0,0,0,0,0,0,0,0,0,0,0,0,0,0,0,0,0,0,0,0,0,0,0,0,0,67,2026-02-06 03:59:01.155894
SMMR,24.64,24.64,24.9,1394100.0,,,,926100.0,596.0,6000.0,,0,0,0,0,0,0,0,0,0,0,0,0,0,0,0,0,0,0,0,0,0,0,0,0,0,0,0,0,0,0,0,0,0,0,0,0,0,0,0,0,0,0,67,2026-02-06 03:59:01.155894
ATMN,25.69,25.69,25.72,1939800.0,6000.0,7055.0,582.0,983600.0,,,,0,0,0,0,0,0,0,0,0,0,0,0,0,0,0,0,0,0,0,0,0,0,0,0,0,0,0,0,0,0,0,0,0,0,0,0,0,0,0,0,0,0,67,2026-02-06 03:59:01.155894
WNTR,25.17,25.17,25.18,1068500.0,6000.0,4637.0,508.0,1796400.0,,,7459.0,0,0,0,0,0,0,0,0,0,0,0,0,0,0,0,0,0,0,0,0,0,0,0,0,0,0,0,0,0,0,0,0,0,0,0,0,0,0,0,0,0,0,67,2026-02-06 03:59:01.155894
SPNG,25.07,25.14,25.34,6000.0,1554500.0,6942.0,1721900.0,461.0,,,,0,0,0,0,0,0,0,0,0,0,0,0,0,0,0,0,0,0,0,0,0,0,0,0,0,0,0,0,0,0,0,0,0,0,0,0,0,0,0,0,0,0,68,2026-02-06 03:59:02.237893
SMMR,24.83,24.83,24.85,,1607400.0,9697.0,926100.0,620.0,100.0,565.0,6000.0,0,0,0,0,0,0,0,0,0,0,0,0,0,0,0,0,0,0,0,0,0,0,0,0,0,0,0,0,0,0,0,0,0,0,0,0,0,0,0,0,0,0,68,2026-02-06 03:59:02.237893
ATMN,25.49,25.4,25.49,,1921200.0,9477.0,1326200.0,456.0,7055.0,,,0,0,0,0,0,0,0,0,0,0,0,0,0,0,0,0,0,0,0,0,0,0,0,0,0,0,0,0,0,0,0,0,0,0,0,0,0,0,0,0,0,0,68,2026-02-06 03:59:02.237893
WNTR,25.2,25.17,25.19,6000.0,1068500.0,,2057500.0,650.0,4637.0,592.0,,0,0,0,0,0,0,0,0,0,0,0,0,0,0,0,0,0,0,0,0,0,0,0,0,0,0,0,0,0,0,0,0,0,0,0,0,0,0,0,0,0,0,68,2026-02-06 03:59:02.237893
SPNG,24.78,25.09,25.16,6000.0,1538700.0,533.0,6000.0,559.0,1983800.0,,,0,0,0,0,0,0,0,0,0,0,0,0,0,0,0,0,0,0,0,0,0,0,0,0,0,0,0,0,0,0,0,0,0,0,0,0,0,0,0,0,0,0,69,2026-02-06 03:59:03.387855
SMMR,24.83,24.83,24.9,,1490000.0,565.0,6000.0,620.0,1323000.0,1147.0,,0,0,0,0,0,0,0,0,0,0,0,0,0,0,0,0,0,0,0,0,0,0,0,0,0,0,0,0,0,0,0,0,0,0,0,0,0,0,0,0,0,0,69,2026-02-06 03:59:03.387855
ATMN,25.72,25.55,25.72,6000.0,2032400.0,590.0,,,1301600.0,100.0,,0,0,0,0,0,0,0,0,0,0,0,0,0,0,0,0,0,0,0,0,0,0,0,0,0,0,0,0,0,0,0,0,0,0,0,0,0,0,0,0,0,0,69,2026-02-06 03:59:03.387855
WNTR,25.17,25.11,25.15,6000.0,1077300.0,592.0,,650.0,2202200.0,,249.0,0,0,0,0,0,0,0,0,0,0,0,0,0,0,0,0,0,0,0,0,0,0,0,0,0,0,0,0,0,0,0,0,0,0,0,0,0,0,0,0,0,0,69,2026-02-06 03:59:03.387855
SPNG,24.78,25.09,25.16,533.0,100.0,1756300.0,559.0,2106600.0,,,0,0,0,0,0,0,0,0,0,0,0,0,0,0,0,0,0,0,0,0,0,0,0,0,0,0,0,0,0,0,0,0,0,0,0,0,0,0,0,0,0,0,0,70,2026-02-06 03:59:04.462536
SMMR,24.83,24.73,24.77,565.0,8128.0,1608600.0,620.0,1410500.0,9592.0,,0,0,0,0,0,0,0,0,0,0,0,0,0,0,0,0,0,0,0,0,0,0,0,0,0,0,0,0,0,0,0,0,0,0,0,0,0,0,0,0,0,0,0,70,2026-02-06 03:59:04.462536
ATMN,25.55,25.51,25.52,590.0,7055.0,2032400.0,,1429200.0,9374.0,6000.0,0,0,0,0,0,0,0,0,0,0,0,0,0,0,0,0,0,0,0,0,0,0,0,0,0,0,0,0,0,0,0,0,0,0,0,0,0,0,0,0,0,0,0,70,2026-02-06 03:59:04.462536
WNTR,25.11,25.07,25.11,592.0,,1077300.0,650.0,2124100.0,4086.0,,0,0,0,0,0,0,0,0,0,0,0,0,0,0,0,0,0,0,0,0,0,0,0,0,0,0,0,0,0,0,0,0,0,0,0,0,0,0,0,0,0,0,0,70,2026-02-06 03:59:04.462536
SPNG,25.25,25.25,25.27,2020200.0,2389.0,533.0,6000.0,2080300.0,524.0,,,0,0,0,0,0,0,0,0,0,0,0,0,0,0,0,0,0,0,0,0,0,0,0,0,0,0,0,0,0,0,0,0,0,0,0,0,0,0,0,0,0,0,71,2026-02-06 03:59:05.538982
SMMR,24.8,24.73,24.8,1836900.0,8128.0,,,1430600.0,596.0,6210.0,6000.0,0,0,0,0,0,0,0,0,0,0,0,0,0,0,0,0,0,0,0,0,0,0,0,0,0,0,0,0,0,0,0,0,0,0,0,0,0,0,0,0,0,0,71,2026-02-06 03:59:05.538982
ATMN,25.52,25.42,25.52,2253900.0,2900.0,,,1549700.0,526.0,9374.0,,0,0,0,0,0,0,0,0,0,0,0,0,0,0,0,0,0,0,0,0,0,0,0,0,0,0,0,0,0,0,0,0,0,0,0,0,0,0,0,0,0,0,71,2026-02-06 03:59:05.538982
WNTR,25.19,25.02,25.08,980100.0,9769.0,592.0,,2127100.0,,10018.0,6000.0,0,0,0,0,0,0,0,0,0,0,0,0,0,0,0,0,0,0,0,0,0,0,0,0,0,0,0,0,0,0,0,0,0,0,0,0,0,0,0,0,0,0,71,2026-02-06 03:59:05.538982
SPNG,25.07,25.07,25.15,1890500.0,535.0,6000.0,2065300.0,559.0,,,,0,0,0,0,0,0,0,0,0,0,0,0,0,0,0,0,0,0,0,0,0,0,0,0,0,0,0,0,0,0,0,0,0,0,0,0,0,0,0,0,0,0,72,2026-02-06 03:59:06.600181
SMMR,24.73,24.73,24.8,1970200.0,565.0,,1441700.0,620.0,9507.0,,,0,0,0,0,0,0,0,0,0,0,0,0,0,0,0,0,0,0,0,0,0,0,0,0,0,0,0,0,0,0,0,0,0,0,0,0,0,0,0,0,0,0,72,2026-02-06 03:59:06.600181
ATMN,25.83,25.54,25.59,2064200.0,590.0,6000.0,1433400.0,,,6000.0,100.0,0,0,0,0,0,0,0,0,0,0,0,0,0,0,0,0,0,0,0,0,0,0,0,0,0,0,0,0,0,0,0,0,0,0,0,0,0,0,0,0,0,0,72,2026-02-06 03:59:06.600181
WNTR,24.89,24.89,25.08,977400.0,,,2355800.0,621.0,,,,0,0,0,0,0,0,0,0,0,0,0,0,0,0,0,0,0,0,0,0,0,0,0,0,0,0,0,0,0,0,0,0,0,0,0,0,0,0,0,0,0,0,72,2026-02-06 03:59:06.600181
SPNG,25.23,25.09,25.23,100.0,6000.0,1890500.0,535.0,2065300.0,100.0,559.0,,0,0,0,0,0,0,0,0,0,0,0,0,0,0,0,0,0,0,0,0,0,0,0,0,0,0,0,0,0,0,0,0,0,0,0,0,0,0,0,0,0,0,73,2026-02-06 03:59:07.167508
SMMR,24.82,24.75,24.76,,6000.0,1970200.0,565.0,1546200.0,9507.0,,6000.0,0,0,0,0,0,0,0,0,0,0,0,0,0,0,0,0,0,0,0,0,0,0,0,0,0,0,0,0,0,0,0,0,0,0,0,0,0,0,0,0,0,0,73,2026-02-06 03:59:07.167508
ATMN,25.59,25.45,25.59,100.0,,2211900.0,590.0,1525600.0,4645.0,526.0,,0,0,0,0,0,0,0,0,0,0,0,0,0,0,0,0,0,0,0,0,0,0,0,0,0,0,0,0,0,0,0,0,0,0,0,0,0,0,0,0,0,0,73,2026-02-06 03:59:07.167508
WNTR,24.89,25.02,25.08,,,1104900.0,650.0,2355800.0,,621.0,,0,0,0,0,0,0,0,0,0,0,0,0,0,0,0,0,0,0,0,0,0,0,0,0,0,0,0,0,0,0,0,0,0,0,0,0,0,0,0,0,0,0,73,2026-02-06 03:59:07.167508
SPNG,25.31,25.15,25.22,6000.0,200.0,1890500.0,535.0,100.0,559.0,2098700.0,,0,0,0,0,0,0,0,0,0,0,0,0,0,0,0,0,0,0,0,0,0,0,0,0,0,0,0,0,0,0,0,0,0,0,0,0,0,0,0,0,0,0,74,2026-02-06 03:59:08.222525
SMMR,24.82,24.75,24.76,6000.0,8128.0,1845000.0,620.0,17872.0,596.0,1546200.0,6000.0,0,0,0,0,0,0,0,0,0,0,0,0,0,0,0,0,0,0,0,0,0,0,0,0,0,0,0,0,0,0,0,0,0,0,0,0,0,0,0,0,0,0,74,2026-02-06 03:59:08.222525
ATMN,25.6,25.6,25.8,6000.0,2411.0,1826300.0,590.0,4645.0,,1387800.0,,0,0,0,0,0,0,0,0,0,0,0,0,0,0,0,0,0,0,0,0,0,0,0,0,0,0,0,0,0,0,0,0,0,0,0,0,0,0,0,0,0,0,74,2026-02-06 03:59:08.222525
WNTR,25.02,24.96,25.02,,,1236800.0,592.0,19677.0,650.0,1963500.0,6000.0,0,0,0,0,0,0,0,0,0,0,0,0,0,0,0,0,0,0,0,0,0,0,0,0,0,0,0,0,0,0,0,0,0,0,0,0,0,0,0,0,0,0,74,2026-02-06 03:59:08.222525
SPNG,25.07,25.07,25.24,1890500.0,2196700.0,520.0,,,,0,0,0,0,0,0,0,0,0,0,0,0,0,0,0,0,0,0,0,0,0,0,0,0,0,0,0,0,0,0,0,0,0,0,0,0,0,0,0,0,0,0,0,0,75,2026-02-06 03:59:09.317856
SMMR,24.75,24.75,24.76,2091300.0,1546200.0,596.0,620.0,6000.0,,0,0,0,0,0,0,0,0,0,0,0,0,0,0,0,0,0,0,0,0,0,0,0,0,0,0,0,0,0,0,0,0,0,0,0,0,0,0,0,0,0,0,0,0,75,2026-02-06 03:59:09.317856
ATMN,25.62,25.6,25.63,2084600.0,1625700.0,409.0,590.0,,6000.0,0,0,0,0,0,0,0,0,0,0,0,0,0,0,0,0,0,0,0,0,0,0,0,0,0,0,0,0,0,0,0,0,0,0,0,0,0,0,0,0,0,0,0,0,75,2026-02-06 03:59:09.317856
WNTR,25.08,25.05,25.08,1467000.0,2355800.0,,592.0,6000.0,,0,0,0,0,0,0,0,0,0,0,0,0,0,0,0,0,0,0,0,0,0,0,0,0,0,0,0,0,0,0,0,0,0,0,0,0,0,0,0,0,0,0,0,0,75,2026-02-06 03:59:09.317856
SPNG,24.71,24.71,25.15,1466700.0,6000.0,2183000.0,,,,,,0,0,0,0,0,0,0,0,0,0,0,0,0,0,0,0,0,0,0,0,0,0,0,0,0,0,0,0,0,0,0,0,0,0,0,0,0,0,0,0,0,0,76,2026-02-06 03:59:10.447730
SMMR,24.73,24.73,24.81,1985000.0,6000.0,1441700.0,2032.0,620.0,10000.0,596.0,,0,0,0,0,0,0,0,0,0,0,0,0,0,0,0,0,0,0,0,0,0,0,0,0,0,0,0,0,0,0,0,0,0,0,0,0,0,0,0,0,0,0,76,2026-02-06 03:59:10.447730
ATMN,25.62,25.62,25.63,1926500.0,,1850500.0,7087.0,590.0,100.0,409.0,6000.0,0,0,0,0,0,0,0,0,0,0,0,0,0,0,0,0,0,0,0,0,0,0,0,0,0,0,0,0,0,0,0,0,0,0,0,0,0,0,0,0,0,0,76,2026-02-06 03:59:10.447730
WNTR,25.05,25.05,25.07,1582300.0,6000.0,2088800.0,,592.0,6231.0,650.0,,0,0,0,0,0,0,0,0,0,0,0,0,0,0,0,0,0,0,0,0,0,0,0,0,0,0,0,0,0,0,0,0,0,0,0,0,0,0,0,0,0,0,76,2026-02-06 03:59:10.447730
SPNG,24.9,24.71,24.81,1696600.0,1969000.0,6000.0,6664.0,559.0,,,,0,0,0,0,0,0,0,0,0,0,0,0,0,0,0,0,0,0,0,0,0,0,0,0,0,0,0,0,0,0,0,0,0,0,0,0,0,0,0,0,0,0,77,2026-02-06 03:59:11.522125
SMMR,24.69,24.69,24.77,2183000.0,1441700.0,6000.0,20000.0,596.0,,,,0,0,0,0,0,0,0,0,0,0,0,0,0,0,0,0,0,0,0,0,0,0,0,0,0,0,0,0,0,0,0,0,0,0,0,0,0,0,0,0,0,0,77,2026-02-06 03:59:11.522125
ATMN,25.31,25.56,25.58,2349900.0,1737100.0,6000.0,9197.0,409.0,6000.0,,,0,0,0,0,0,0,0,0,0,0,0,0,0,0,0,0,0,0,0,0,0,0,0,0,0,0,0,0,0,0,0,0,0,0,0,0,0,0,0,0,0,0,77,2026-02-06 03:59:11.522125
WNTR,25.06,25.05,25.06,1823300.0,1816100.0,6000.0,22946.0,650.0,,4643.0,592.0,0,0,0,0,0,0,0,0,0,0,0,0,0,0,0,0,0,0,0,0,0,0,0,0,0,0,0,0,0,0,0,0,0,0,0,0,0,0,0,0,0,0,77,2026-02-06 03:59:11.522125
SPNG,24.81,24.71,24.81,1905900.0,478.0,2095600.0,559.0,6000.0,,,0,0,0,0,0,0,0,0,0,0,0,0,0,0,0,0,0,0,0,0,0,0,0,0,0,0,0,0,0,0,0,0,0,0,0,0,0,0,0,0,0,0,0,78,2026-02-06 03:59:12.567857
SMMR,24.85,24.85,24.87,2106400.0,565.0,1441700.0,,,,,0,0,0,0,0,0,0,0,0,0,0,0,0,0,0,0,0,0,0,0,0,0,0,0,0,0,0,0,0,0,0,0,0,0,0,0,0,0,0,0,0,0,0,78,2026-02-06 03:59:12.567857
ATMN,25.31,25.56,25.6,2194900.0,590.0,1986300.0,479.0,6000.0,6000.0,,0,0,0,0,0,0,0,0,0,0,0,0,0,0,0,0,0,0,0,0,0,0,0,0,0,0,0,0,0,0,0,0,0,0,0,0,0,0,0,0,0,0,0,78,2026-02-06 03:59:12.567857
WNTR,25.05,25.04,25.05,1694700.0,592.0,2341100.0,650.0,,6000.0,9407.0,0,0,0,0,0,0,0,0,0,0,0,0,0,0,0,0,0,0,0,0,0,0,0,0,0,0,0,0,0,0,0,0,0,0,0,0,0,0,0,0,0,0,0,78,2026-02-06 03:59:12.567857
SPNG,25.21,25.21,25.25,2069800.0,2294.0,478.0,2287500.0,,,,,0,0,0,0,0,0,0,0,0,0,0,0,0,0,0,0,0,0,0,0,0,0,0,0,0,0,0,0,0,0,0,0,0,0,0,0,0,0,0,0,0,0,79,2026-02-06 03:59:13.627758
SMMR,24.9,24.82,24.9,1987100.0,1125.0,,1323000.0,6000.0,596.0,,,0,0,0,0,0,0,0,0,0,0,0,0,0,0,0,0,0,0,0,0,0,0,0,0,0,0,0,0,0,0,0,0,0,0,0,0,0,0,0,0,0,0,79,2026-02-06 03:59:13.627758
ATMN,25.31,25.57,25.59,2025000.0,3914.0,590.0,1880900.0,,479.0,9031.0,,0,0,0,0,0,0,0,0,0,0,0,0,0,0,0,0,0,0,0,0,0,0,0,0,0,0,0,0,0,0,0,0,0,0,0,0,0,0,0,0,0,0,79,2026-02-06 03:59:13.627758
WNTR,25.1,25.06,25.07,2049800.0,16416.0,592.0,2079100.0,,650.0,4543.0,500.0,0,0,0,0,0,0,0,0,0,0,0,0,0,0,0,0,0,0,0,0,0,0,0,0,0,0,0,0,0,0,0,0,0,0,0,0,0,0,0,0,0,0,79,2026-02-06 03:59:13.627758
SPNG,25.21,25.21,25.25,1848500.0,6000.0,2294.0,478.0,2287500.0,,,0,0,0,0,0,0,0,0,0,0,0,0,0,0,0,0,0,0,0,0,0,0,0,0,0,0,0,0,0,0,0,0,0,0,0,0,0,0,0,0,0,0,0,80,2026-02-06 03:59:14.186023
SMMR,24.9,24.84,24.9,1894400.0,6000.0,1125.0,565.0,1323000.0,620.0,,0,0,0,0,0,0,0,0,0,0,0,0,0,0,0,0,0,0,0,0,0,0,0,0,0,0,0,0,0,0,0,0,0,0,0,0,0,0,0,0,0,0,0,80,2026-02-06 03:59:14.186023
ATMN,25.72,25.57,25.62,1889800.0,6000.0,3914.0,590.0,1966900.0,479.0,6000.0,0,0,0,0,0,0,0,0,0,0,0,0,0,0,0,0,0,0,0,0,0,0,0,0,0,0,0,0,0,0,0,0,0,0,0,0,0,0,0,0,0,0,0,80,2026-02-06 03:59:14.186023
WNTR,25.17,25.17,25.2,1955100.0,6000.0,16416.0,592.0,2364500.0,,,0,0,0,0,0,0,0,0,0,0,0,0,0,0,0,0,0,0,0,0,0,0,0,0,0,0,0,0,0,0,0,0,0,0,0,0,0,0,0,0,0,0,0,80,2026-02-06 03:59:14.186023
SPNG,25.21,25.0,25.11,540.0,6000.0,1862500.0,2294.0,2090700.0,559.0,490.0,0,0,0,0,0,0,0,0,0,0,0,0,0,0,0,0,0,0,0,0,0,0,0,0,0,0,0,0,0,0,0,0,0,0,0,0,0,0,0,0,0,0,0,81,2026-02-06 03:59:15.239528
SMMR,24.84,24.84,24.89,620.0,6000.0,1894400.0,1125.0,1236800.0,596.0,,0,0,0,0,0,0,0,0,0,0,0,0,0,0,0,0,0,0,0,0,0,0,0,0,0,0,0,0,0,0,0,0,0,0,0,0,0,0,0,0,0,0,0,81,2026-02-06 03:59:15.239528
ATMN,25.83,25.57,25.83,590.0,6000.0,1898900.0,3914.0,1945800.0,479.0,,0,0,0,0,0,0,0,0,0,0,0,0,0,0,0,0,0,0,0,0,0,0,0,0,0,0,0,0,0,0,0,0,0,0,0,0,0,0,0,0,0,0,0,81,2026-02-06 03:59:15.239528
WNTR,25.17,25.07,25.11,592.0,6000.0,1933400.0,16416.0,2440100.0,,,0,0,0,0,0,0,0,0,0,0,0,0,0,0,0,0,0,0,0,0,0,0,0,0,0,0,0,0,0,0,0,0,0,0,0,0,0,0,0,0,0,0,0,81,2026-02-06 03:59:15.239528
SPNG,25.26,25.01,25.25,100.0,559.0,6000.0,2000900.0,515.0,2158500.0,,,0,0,0,0,0,0,0,0,0,0,0,0,0,0,0,0,0,0,0,0,0,0,0,0,0,0,0,0,0,0,0,0,0,0,0,0,0,0,0,0,0,0,82,2026-02-06 03:59:16.333996
SMMR,24.7,24.85,24.87,9015.0,,6000.0,1978400.0,596.0,1477400.0,6000.0,8658.0,0,0,0,0,0,0,0,0,0,0,0,0,0,0,0,0,0,0,0,0,0,0,0,0,0,0,0,0,0,0,0,0,0,0,0,0,0,0,0,0,0,0,82,2026-02-06 03:59:16.333996
ATMN,25.83,25.69,25.83,6607.0,590.0,6000.0,2048900.0,,1945800.0,,,0,0,0,0,0,0,0,0,0,0,0,0,0,0,0,0,0,0,0,0,0,0,0,0,0,0,0,0,0,0,0,0,0,0,0,0,0,0,0,0,0,0,82,2026-02-06 03:59:16.333996
WNTR,25.1,25.09,25.1,,,6000.0,2302500.0,536.0,2214800.0,,9220.0,0,0,0,0,0,0,0,0,0,0,0,0,0,0,0,0,0,0,0,0,0,0,0,0,0,0,0,0,0,0,0,0,0,0,0,0,0,0,0,0,0,0,82,2026-02-06 03:59:16.333996
SPNG,25.35,25.06,25.35,559.0,1810600.0,6000.0,200.0,2191600.0,515.0,,,0,0,0,0,0,0,0,0,0,0,0,0,0,0,0,0,0,0,0,0,0,0,0,0,0,0,0,0,0,0,0,0,0,0,0,0,0,0,0,0,0,0,83,2026-02-06 03:59:17.460175
SMMR,24.96,24.75,24.86,494.0,1853700.0,6000.0,6663.0,1388000.0,620.0,8884.0,,0,0,0,0,0,0,0,0,0,0,0,0,0,0,0,0,0,0,0,0,0,0,0,0,0,0,0,0,0,0,0,0,0,0,0,0,0,0,0,0,0,0,83,2026-02-06 03:59:17.460175
ATMN,25.55,25.72,25.74,590.0,2056000.0,6000.0,1855.0,1750500.0,479.0,10100.0,6000.0,0,0,0,0,0,0,0,0,0,0,0,0,0,0,0,0,0,0,0,0,0,0,0,0,0,0,0,0,0,0,0,0,0,0,0,0,0,0,0,0,0,0,83,2026-02-06 03:59:17.460175
WNTR,25.2,25.1,25.2,650.0,1919700.0,6000.0,19154.0,2287600.0,621.0,,,0,0,0,0,0,0,0,0,0,0,0,0,0,0,0,0,0,0,0,0,0,0,0,0,0,0,0,0,0,0,0,0,0,0,0,0,0,0,0,0,0,0,83,2026-02-06 03:59:17.460175
SPNG,25.04,25.04,25.22,2433100.0,515.0,2221200.0,,,,,,0,0,0,0,0,0,0,0,0,0,0,0,0,0,0,0,0,0,0,0,0,0,0,0,0,0,0,0,0,0,0,0,0,0,0,0,0,0,0,0,0,0,84,2026-02-06 03:59:18.520462
SMMR,24.89,24.9,24.96,1884900.0,,1388000.0,3120.0,6000.0,571.0,,,0,0,0,0,0,0,0,0,0,0,0,0,0,0,0,0,0,0,0,0,0,0,0,0,0,0,0,0,0,0,0,0,0,0,0,0,0,0,0,0,0,0,84,2026-02-06 03:59:18.520462
ATMN,25.76,25.76,25.77,2192000.0,492.0,1982600.0,,6000.0,590.0,6000.0,,0,0,0,0,0,0,0,0,0,0,0,0,0,0,0,0,0,0,0,0,0,0,0,0,0,0,0,0,0,0,0,0,0,0,0,0,0,0,0,0,0,0,84,2026-02-06 03:59:18.520462
WNTR,25.05,25.12,25.14,2059900.0,621.0,2217000.0,6846.0,6000.0,650.0,,9018.0,0,0,0,0,0,0,0,0,0,0,0,0,0,0,0,0,0,0,0,0,0,0,0,0,0,0,0,0,0,0,0,0,0,0,0,0,0,0,0,0,0,0,84,2026-02-06 03:59:18.520462
SPNG,25.22,25.1,25.22,6000.0,540.0,100.0,1932400.0,2095300.0,6000.0,100.0,,0,0,0,0,0,0,0,0,0,0,0,0,0,0,0,0,0,0,0,0,0,0,0,0,0,0,0,0,0,0,0,0,0,0,0,0,0,0,0,0,0,0,85,2026-02-06 03:59:19.575030
SMMR,24.8,24.73,24.75,,620.0,,2084400.0,1511300.0,,2340.0,590.0,0,0,0,0,0,0,0,0,0,0,0,0,0,0,0,0,0,0,0,0,0,0,0,0,0,0,0,0,0,0,0,0,0,0,0,0,0,0,0,0,0,0,85,2026-02-06 03:59:19.575030
ATMN,25.73,25.73,25.75,500.0,590.0,3858.0,2032900.0,1891100.0,6000.0,6462.0,561.0,0,0,0,0,0,0,0,0,0,0,0,0,0,0,0,0,0,0,0,0,0,0,0,0,0,0,0,0,0,0,0,0,0,0,0,0,0,0,0,0,0,0,85,2026-02-06 03:59:19.575030
WNTR,25.13,25.13,25.15,6000.0,650.0,6846.0,2035800.0,2083600.0,5500.0,8947.0,621.0,0,0,0,0,0,0,0,0,0,0,0,0,0,0,0,0,0,0,0,0,0,0,0,0,0,0,0,0,0,0,0,0,0,0,0,0,0,0,0,0,0,0,85,2026-02-06 03:59:19.575030
SPNG,24.91,24.93,25.22,100.0,2061600.0,537.0,1882300.0,520.0,6000.0,200.0,0,0,0,0,0,0,0,0,0,0,0,0,0,0,0,0,0,0,0,0,0,0,0,0,0,0,0,0,0,0,0,0,0,0,0,0,0,0,0,0,0,0,0,86,2026-02-06 03:59:20.634318
SMMR,24.75,24.69,24.75,3052.0,2073500.0,,1511300.0,590.0,6000.0,2340.0,0,0,0,0,0,0,0,0,0,0,0,0,0,0,0,0,0,0,0,0,0,0,0,0,0,0,0,0,0,0,0,0,0,0,0,0,0,0,0,0,0,0,0,86,2026-02-06 03:59:20.634318
ATMN,25.72,25.67,25.72,3958.0,2030100.0,590.0,1790200.0,561.0,6000.0,16462.0,0,0,0,0,0,0,0,0,0,0,0,0,0,0,0,0,0,0,0,0,0,0,0,0,0,0,0,0,0,0,0,0,0,0,0,0,0,0,0,0,0,0,0,86,2026-02-06 03:59:20.634318
WNTR,25.08,25.05,25.08,,2443300.0,,1904600.0,621.0,5500.0,18947.0,0,0,0,0,0,0,0,0,0,0,0,0,0,0,0,0,0,0,0,0,0,0,0,0,0,0,0,0,0,0,0,0,0,0,0,0,0,0,0,0,0,0,0,86,2026-02-06 03:59:20.634318
SPNG,25.38,25.05,25.1,500.0,2052700.0,537.0,559.0,2159200.0,,,,0,0,0,0,0,0,0,0,0,0,0,0,0,0,0,0,0,0,0,0,0,0,0,0,0,0,0,0,0,0,0,0,0,0,0,0,0,0,0,0,0,0,87,2026-02-06 03:59:21.699311
SMMR,24.83,24.81,24.83,6000.0,2065600.0,,517.0,1615600.0,8604.0,,,0,0,0,0,0,0,0,0,0,0,0,0,0,0,0,0,0,0,0,0,0,0,0,0,0,0,0,0,0,0,0,0,0,0,0,0,0,0,0,0,0,0,87,2026-02-06 03:59:21.699311
ATMN,25.58,25.67,25.72,,2161200.0,547.0,561.0,1993600.0,,247.0,6000.0,0,0,0,0,0,0,0,0,0,0,0,0,0,0,0,0,0,0,0,0,0,0,0,0,0,0,0,0,0,0,0,0,0,0,0,0,0,0,0,0,0,0,87,2026-02-06 03:59:21.699311
WNTR,25.09,25.05,25.08,,2179600.0,650.0,621.0,2056300.0,6982.0,8800.0,6000.0,0,0,0,0,0,0,0,0,0,0,0,0,0,0,0,0,0,0,0,0,0,0,0,0,0,0,0,0,0,0,0,0,0,0,0,0,0,0,0,0,0,0,87,2026-02-06 03:59:21.699311
SPNG,25.1,25.03,25.1,2155700.0,537.0,6000.0,2159200.0,,,,,0,0,0,0,0,0,0,0,0,0,0,0,0,0,0,0,0,0,0,0,0,0,0,0,0,0,0,0,0,0,0,0,0,0,0,0,0,0,0,0,0,0,88,2026-02-06 03:59:22.259719
SMMR,24.83,24.85,24.9,2057900.0,,500.0,1601000.0,6000.0,8604.0,517.0,,0,0,0,0,0,0,0,0,0,0,0,0,0,0,0,0,0,0,0,0,0,0,0,0,0,0,0,0,0,0,0,0,0,0,0,0,0,0,0,0,0,0,88,2026-02-06 03:59:22.259719
ATMN,25.77,25.53,25.77,2131200.0,547.0,,2182800.0,,,,247.0,0,0,0,0,0,0,0,0,0,0,0,0,0,0,0,0,0,0,0,0,0,0,0,0,0,0,0,0,0,0,0,0,0,0,0,0,0,0,0,0,0,0,88,2026-02-06 03:59:22.259719
WNTR,25.2,25.08,25.2,2142400.0,592.0,,2401200.0,,,,8800.0,0,0,0,0,0,0,0,0,0,0,0,0,0,0,0,0,0,0,0,0,0,0,0,0,0,0,0,0,0,0,0,0,0,0,0,0,0,0,0,0,0,0,88,2026-02-06 03:59:22.259719
SPNG,25.1,25.0,25.1,2285600.0,6000.0,2071900.0,505.0,,,,,0,0,0,0,0,0,0,0,0,0,0,0,0,0,0,0,0,0,0,0,0,0,0,0,0,0,0,0,0,0,0,0,0,0,0,0,0,0,0,0,0,0,89,2026-02-06 03:59:23.326599
SMMR,24.92,24.86,24.88,1716200.0,,1795300.0,593.0,12718.0,620.0,6000.0,8604.0,0,0,0,0,0,0,0,0,0,0,0,0,0,0,0,0,0,0,0,0,0,0,0,0,0,0,0,0,0,0,0,0,0,0,0,0,0,0,0,0,0,0,89,2026-02-06 03:59:23.326599
ATMN,25.57,25.53,25.56,2131200.0,6000.0,1923400.0,561.0,347.0,,,9538.0,0,0,0,0,0,0,0,0,0,0,0,0,0,0,0,0,0,0,0,0,0,0,0,0,0,0,0,0,0,0,0,0,0,0,0,0,0,0,0,0,0,0,89,2026-02-06 03:59:23.326599
WNTR,25.04,25.04,25.13,2434800.0,6000.0,1910500.0,621.0,,,,8947.0,0,0,0,0,0,0,0,0,0,0,0,0,0,0,0,0,0,0,0,0,0,0,0,0,0,0,0,0,0,0,0,0,0,0,0,0,0,0,0,0,0,0,89,2026-02-06 03:59:23.326599
SPNG,24.91,25.09,25.1,6000.0,100.0,1927500.0,551.0,6000.0,1999.0,1966400.0,559.0,0,0,0,0,0,0,0,0,0,0,0,0,0,0,0,0,0,0,0,0,0,0,0,0,0,0,0,0,0,0,0,0,0,0,0,0,0,0,0,0,0,0,90,2026-02-06 03:59:24.718997
SMMR,24.9,24.86,24.9,6000.0,,1929700.0,620.0,,,1858500.0,,0,0,0,0,0,0,0,0,0,0,0,0,0,0,0,0,0,0,0,0,0,0,0,0,0,0,0,0,0,0,0,0,0,0,0,0,0,0,0,0,0,0,90,2026-02-06 03:59:24.718997
ATMN,25.57,25.55,25.56,,707.0,2114800.0,547.0,6000.0,6140.0,1922500.0,590.0,0,0,0,0,0,0,0,0,0,0,0,0,0,0,0,0,0,0,0,0,0,0,0,0,0,0,0,0,0,0,0,0,0,0,0,0,0,0,0,0,0,0,90,2026-02-06 03:59:24.718997
WNTR,25.01,25.01,25.06,,,2281600.0,508.0,6000.0,10000.0,2044500.0,650.0,0,0,0,0,0,0,0,0,0,0,0,0,0,0,0,0,0,0,0,0,0,0,0,0,0,0,0,0,0,0,0,0,0,0,0,0,0,0,0,0,0,0,90,2026-02-06 03:59:24.718997
SPNG,25.26,25.35,25.38,2183400.0,551.0,2267300.0,,,,,,0,0,0,0,0,0,0,0,0,0,0,0,0,0,0,0,0,0,0,0,0,0,0,0,0,0,0,0,0,0,0,0,0,0,0,0,0,0,0,0,0,0,91,2026-02-06 03:59:25.360033
SMMR,24.98,24.82,24.9,2065200.0,,1667500.0,6000.0,6000.0,520.0,,,0,0,0,0,0,0,0,0,0,0,0,0,0,0,0,0,0,0,0,0,0,0,0,0,0,0,0,0,0,0,0,0,0,0,0,0,0,0,0,0,0,0,91,2026-02-06 03:59:25.360033
ATMN,25.56,25.53,25.56,2171500.0,547.0,1902100.0,,6000.0,590.0,6140.0,,0,0,0,0,0,0,0,0,0,0,0,0,0,0,0,0,0,0,0,0,0,0,0,0,0,0,0,0,0,0,0,0,0,0,0,0,0,0,0,0,0,0,91,2026-02-06 03:59:25.360033
WNTR,25.22,25.11,25.19,2151600.0,508.0,2282300.0,,,,8488.0,8488.0,0,0,0,0,0,0,0,0,0,0,0,0,0,0,0,0,0,0,0,0,0,0,0,0,0,0,0,0,0,0,0,0,0,0,0,0,0,0,0,0,0,0,91,2026-02-06 03:59:25.360033
SPNG,25.04,24.93,25.04,7921.0,2178500.0,2182400.0,559.0,,,,,0,0,0,0,0,0,0,0,0,0,0,0,0,0,0,0,0,0,0,0,0,0,0,0,0,0,0,0,0,0,0,0,0,0,0,0,0,0,0,0,0,0,92,2026-02-06 03:59:26.541946
SMMR,24.81,24.85,24.89,8218.0,2074300.0,1668400.0,597.0,16516.0,6000.0,,,0,0,0,0,0,0,0,0,0,0,0,0,0,0,0,0,0,0,0,0,0,0,0,0,0,0,0,0,0,0,0,0,0,0,0,0,0,0,0,0,0,0,92,2026-02-06 03:59:26.541946
ATMN,25.65,25.64,25.65,8110.0,2060000.0,1993400.0,590.0,,6000.0,547.0,,0,0,0,0,0,0,0,0,0,0,0,0,0,0,0,0,0,0,0,0,0,0,0,0,0,0,0,0,0,0,0,0,0,0,0,0,0,0,0,0,0,0,92,2026-02-06 03:59:26.541946
WNTR,25.22,25.08,25.22,756.0,2039000.0,2349600.0,,,,592.0,6000.0,0,0,0,0,0,0,0,0,0,0,0,0,0,0,0,0,0,0,0,0,0,0,0,0,0,0,0,0,0,0,0,0,0,0,0,0,0,0,0,0,0,0,92,2026-02-06 03:59:26.541946
SPNG,25.04,25.03,25.04,2178600.0,489.0,2073900.0,6000.0,559.0,,,0,0,0,0,0,0,0,0,0,0,0,0,0,0,0,0,0,0,0,0,0,0,0,0,0,0,0,0,0,0,0,0,0,0,0,0,0,0,0,0,0,0,0,93,2026-02-06 03:59:27.641018
SMMR,24.68,24.68,24.69,1957900.0,494.0,1882600.0,6000.0,620.0,861.0,,0,0,0,0,0,0,0,0,0,0,0,0,0,0,0,0,0,0,0,0,0,0,0,0,0,0,0,0,0,0,0,0,0,0,0,0,0,0,0,0,0,0,0,93,2026-02-06 03:59:27.641018
ATMN,25.83,25.64,25.74,2197400.0,590.0,1936100.0,6000.0,561.0,,,0,0,0,0,0,0,0,0,0,0,0,0,0,0,0,0,0,0,0,0,0,0,0,0,0,0,0,0,0,0,0,0,0,0,0,0,0,0,0,0,0,0,0,93,2026-02-06 03:59:27.641018
WNTR,24.99,25.05,25.07,2140100.0,650.0,2174200.0,6000.0,650.0,,6000.0,0,0,0,0,0,0,0,0,0,0,0,0,0,0,0,0,0,0,0,0,0,0,0,0,0,0,0,0,0,0,0,0,0,0,0,0,0,0,0,0,0,0,0,93,2026-02-06 03:59:27.641018
SPNG,25.18,25.18,25.27,5766.0,6000.0,2071200.0,1922.0,2103500.0,559.0,,,0,0,0,0,0,0,0,0,0,0,0,0,0,0,0,0,0,0,0,0,0,0,0,0,0,0,0,0,0,0,0,0,0,0,0,0,0,0,0,0,0,0,94,2026-02-06 03:59:28.714830
SMMR,24.71,24.71,24.75,861.0,,2083800.0,8055.0,1788400.0,620.0,6000.0,,0,0,0,0,0,0,0,0,0,0,0,0,0,0,0,0,0,0,0,0,0,0,0,0,0,0,0,0,0,0,0,0,0,0,0,0,0,0,0,0,0,0,94,2026-02-06 03:59:28.714830
ATMN,25.86,25.66,25.75,7872.0,6000.0,2083700.0,7038.0,1924100.0,,6000.0,,0,0,0,0,0,0,0,0,0,0,0,0,0,0,0,0,0,0,0,0,0,0,0,0,0,0,0,0,0,0,0,0,0,0,0,0,0,0,0,0,0,0,94,2026-02-06 03:59:28.714830
WNTR,25.05,25.06,25.07,9344.0,5900.0,1959300.0,8238.0,2044500.0,621.0,6000.0,650.0,0,0,0,0,0,0,0,0,0,0,0,0,0,0,0,0,0,0,0,0,0,0,0,0,0,0,0,0,0,0,0,0,0,0,0,0,0,0,0,0,0,0,94,2026-02-06 03:59:28.714830
SPNG,25.18,25.09,25.16,6000.0,2208900.0,2074000.0,1922.0,559.0,,,,0,0,0,0,0,0,0,0,0,0,0,0,0,0,0,0,0,0,0,0,0,0,0,0,0,0,0,0,0,0,0,0,0,0,0,0,0,0,0,0,0,0,95,2026-02-06 03:59:29.278394
SMMR,24.75,24.71,24.75,,2079300.0,1788400.0,8055.0,620.0,861.0,6000.0,,0,0,0,0,0,0,0,0,0,0,0,0,0,0,0,0,0,0,0,0,0,0,0,0,0,0,0,0,0,0,0,0,0,0,0,0,0,0,0,0,0,0,95,2026-02-06 03:59:29.278394
ATMN,25.87,25.66,25.75,6000.0,1967100.0,2009700.0,,565.0,7872.0,,590.0,0,0,0,0,0,0,0,0,0,0,0,0,0,0,0,0,0,0,0,0,0,0,0,0,0,0,0,0,0,0,0,0,0,0,0,0,0,0,0,0,0,0,95,2026-02-06 03:59:29.278394
WNTR,25.23,25.06,25.23,5900.0,1959300.0,2355800.0,,,9344.0,,650.0,0,0,0,0,0,0,0,0,0,0,0,0,0,0,0,0,0,0,0,0,0,0,0,0,0,0,0,0,0,0,0,0,0,0,0,0,0,0,0,0,0,0,95,2026-02-06 03:59:29.278394
SPNG,24.83,25.05,25.1,6000.0,2102800.0,435.0,559.0,2022.0,1978800.0,,,0,0,0,0,0,0,0,0,0,0,0,0,0,0,0,0,0,0,0,0,0,0,0,0,0,0,0,0,0,0,0,0,0,0,0,0,0,0,0,0,0,0,96,2026-02-06 03:59:30.318877
SMMR,24.71,24.71,24.88,,1986000.0,,620.0,8055.0,1768500.0,1429.0,6000.0,0,0,0,0,0,0,0,0,0,0,0,0,0,0,0,0,0,0,0,0,0,0,0,0,0,0,0,0,0,0,0,0,0,0,0,0,0,0,0,0,0,0,96,2026-02-06 03:59:30.318877
ATMN,25.7,25.75,25.83,6000.0,2066400.0,,568.0,,1815400.0,7500.0,6000.0,0,0,0,0,0,0,0,0,0,0,0,0,0,0,0,0,0,0,0,0,0,0,0,0,0,0,0,0,0,0,0,0,0,0,0,0,0,0,0,0,0,0,96,2026-02-06 03:59:30.318877
WNTR,25.24,25.12,25.21,6000.0,1707700.0,650.0,540.0,,2210100.0,17496.0,600.0,0,0,0,0,0,0,0,0,0,0,0,0,0,0,0,0,0,0,0,0,0,0,0,0,0,0,0,0,0,0,0,0,0,0,0,0,0,0,0,0,0,0,96,2026-02-06 03:59:30.318877
SPNG,24.83,25.06,25.09,100.0,6000.0,1899200.0,446.0,100.0,559.0,6000.0,1978800.0,0,0,0,0,0,0,0,0,0,0,0,0,0,0,0,0,0,0,0,0,0,0,0,0,0,0,0,0,0,0,0,0,0,0,0,0,0,0,0,0,0,0,97,2026-02-06 03:59:31.372778
SMMR,24.85,24.85,24.88,7885.0,,2096200.0,,,620.0,,1874800.0,0,0,0,0,0,0,0,0,0,0,0,0,0,0,0,0,0,0,0,0,0,0,0,0,0,0,0,0,0,0,0,0,0,0,0,0,0,0,0,0,0,0,97,2026-02-06 03:59:31.372778
ATMN,25.89,25.53,25.89,,,2303500.0,,,,,2094800.0,0,0,0,0,0,0,0,0,0,0,0,0,0,0,0,0,0,0,0,0,0,0,0,0,0,0,0,0,0,0,0,0,0,0,0,0,0,0,0,0,0,0,97,2026-02-06 03:59:31.372778
WNTR,25.26,25.15,25.26,4162.0,6000.0,1959300.0,650.0,,540.0,,2316600.0,0,0,0,0,0,0,0,0,0,0,0,0,0,0,0,0,0,0,0,0,0,0,0,0,0,0,0,0,0,0,0,0,0,0,0,0,0,0,0,0,0,0,97,2026-02-06 03:59:31.372778
SPNG,25.01,25.03,25.07,2164700.0,446.0,6000.0,2285.0,559.0,1852500.0,,,0,0,0,0,0,0,0,0,0,0,0,0,0,0,0,0,0,0,0,0,0,0,0,0,0,0,0,0,0,0,0,0,0,0,0,0,0,0,0,0,0,0,98,2026-02-06 03:59:32.527609
SMMR,24.71,24.71,24.77,2104300.0,505.0,6000.0,4580.0,620.0,1782000.0,,,0,0,0,0,0,0,0,0,0,0,0,0,0,0,0,0,0,0,0,0,0,0,0,0,0,0,0,0,0,0,0,0,0,0,0,0,0,0,0,0,0,0,98,2026-02-06 03:59:32.527609
ATMN,25.94,25.82,25.89,1919500.0,590.0,,,562.0,1757500.0,6000.0,9419.0,0,0,0,0,0,0,0,0,0,0,0,0,0,0,0,0,0,0,0,0,0,0,0,0,0,0,0,0,0,0,0,0,0,0,0,0,0,0,0,0,0,0,98,2026-02-06 03:59:32.527609
WNTR,25.26,25.2,25.26,1941200.0,650.0,,,540.0,2326600.0,6000.0,14162.0,0,0,0,0,0,0,0,0,0,0,0,0,0,0,0,0,0,0,0,0,0,0,0,0,0,0,0,0,0,0,0,0,0,0,0,0,0,0,0,0,0,0,98,2026-02-06 03:59:32.527609
SPNG,25.28,25.06,25.28,2036700.0,6000.0,446.0,2307400.0,,,,,0,0,0,0,0,0,0,0,0,0,0,0,0,0,0,0,0,0,0,0,0,0,0,0,0,0,0,0,0,0,0,0,0,0,0,0,0,0,0,0,0,0,99,2026-02-06 03:59:33.585334
SMMR,24.68,24.68,24.85,2207400.0,,,1768500.0,500.0,7622.0,579.0,,0,0,0,0,0,0,0,0,0,0,0,0,0,0,0,0,0,0,0,0,0,0,0,0,0,0,0,0,0,0,0,0,0,0,0,0,0,0,0,0,0,0,99,2026-02-06 03:59:33.585334
ATMN,25.69,25.69,25.82,2325400.0,,,1781700.0,6000.0,,496.0,,0,0,0,0,0,0,0,0,0,0,0,0,0,0,0,0,0,0,0,0,0,0,0,0,0,0,0,0,0,0,0,0,0,0,0,0,0,0,0,0,0,0,99,2026-02-06 03:59:33.585334
WNTR,25.1,25.06,25.07,2288400.0,,,2263400.0,,,540.0,6838.0,0,0,0,0,0,0,0,0,0,0,0,0,0,0,0,0,0,0,0,0,0,0,0,0,0,0,0,0,0,0,0,0,0,0,0,0,0,0,0,0,0,0,99,2026-02-06 03:59:33.585334
SPNG,25.07,25.06,25.07,2253500.0,2179500.0,546.0,,,,,,0,0,0,0,0,0,0,0,0,0,0,0,0,0,0,0,0,0,0,0,0,0,0,0,0,0,0,0,0,0,0,0,0,0,0,0,0,0,0,0,0,0,100,2026-02-06 03:59:34.650683
SMMR,24.77,24.77,24.85,1872900.0,1768500.0,620.0,582.0,6000.0,6958.0,5500.0,7622.0,0,0,0,0,0,0,0,0,0,0,0,0,0,0,0,0,0,0,0,0,0,0,0,0,0,0,0,0,0,0,0,0,0,0,0,0,0,0,0,0,0,0,100,2026-02-06 03:59:34.650683
ATMN,25.53,25.53,25.82,2291500.0,2010700.0,566.0,,,,,,0,0,0,0,0,0,0,0,0,0,0,0,0,0,0,0,0,0,0,0,0,0,0,0,0,0,0,0,0,0,0,0,0,0,0,0,0,0,0,0,0,0,100,2026-02-06 03:59:34.650683
WNTR,25.22,25.21,25.22,2051200.0,2264500.0,,650.0,6000.0,6838.0,,7703.0,0,0,0,0,0,0,0,0,0,0,0,0,0,0,0,0,0,0,0,0,0,0,0,0,0,0,0,0,0,0,0,0,0,0,0,0,0,0,0,0,0,0,100,2026-02-06 03:59:34.650683
SPNG,25.07,25.09,25.1,6000.0,2053100.0,509.0,6000.0,559.0,1950700.0,100.0,,0,0,0,0,0,0,0,0,0,0,0,0,0,0,0,0,0,0,0,0,0,0,0,0,0,0,0,0,0,0,0,0,0,0,0,0,0,0,0,0,0,0,101,2026-02-06 03:59:35.722161
SMMR,24.93,24.77,24.89,6000.0,1842600.0,582.0,,,1874600.0,11511.0,6958.0,0,0,0,0,0,0,0,0,0,0,0,0,0,0,0,0,0,0,0,0,0,0,0,0,0,0,0,0,0,0,0,0,0,0,0,0,0,0,0,0,0,0,101,2026-02-06 03:59:35.722161
ATMN,25.52,25.66,25.78,,2008700.0,479.0,6000.0,590.0,1814100.0,100.0,100.0,0,0,0,0,0,0,0,0,0,0,0,0,0,0,0,0,0,0,0,0,0,0,0,0,0,0,0,0,0,0,0,0,0,0,0,0,0,0,0,0,0,0,101,2026-02-06 03:59:35.722161
WNTR,25.26,25.22,25.26,6000.0,2051200.0,,,473.0,2087500.0,7609.0,14447.0,0,0,0,0,0,0,0,0,0,0,0,0,0,0,0,0,0,0,0,0,0,0,0,0,0,0,0,0,0,0,0,0,0,0,0,0,0,0,0,0,0,0,101,2026-02-06 03:59:35.722161
SPNG,25.09,25.09,25.2,6000.0,1928000.0,100.0,509.0,6000.0,559.0,1950700.0,100.0,0,0,0,0,0,0,0,0,0,0,0,0,0,0,0,0,0,0,0,0,0,0,0,0,0,0,0,0,0,0,0,0,0,0,0,0,0,0,0,0,0,0,102,2026-02-06 03:59:36.289838
SMMR,24.97,24.86,24.95,6000.0,1842600.0,6958.0,620.0,,579.0,1978600.0,,0,0,0,0,0,0,0,0,0,0,0,0,0,0,0,0,0,0,0,0,0,0,0,0,0,0,0,0,0,0,0,0,0,0,0,0,0,0,0,0,0,0,102,2026-02-06 03:59:36.289838
ATMN,25.5,25.61,25.71,,2176400.0,,422.0,6000.0,590.0,1730000.0,8059.0,0,0,0,0,0,0,0,0,0,0,0,0,0,0,0,0,0,0,0,0,0,0,0,0,0,0,0,0,0,0,0,0,0,0,0,0,0,0,0,0,0,0,102,2026-02-06 03:59:36.289838
WNTR,25.27,25.22,25.27,6000.0,1937600.0,14447.0,650.0,,473.0,2194700.0,,0,0,0,0,0,0,0,0,0,0,0,0,0,0,0,0,0,0,0,0,0,0,0,0,0,0,0,0,0,0,0,0,0,0,0,0,0,0,0,0,0,0,102,2026-02-06 03:59:36.289838
SPNG,25.42,25.22,25.42,1877700.0,6000.0,100.0,559.0,2147700.0,100.0,,0,0,0,0,0,0,0,0,0,0,0,0,0,0,0,0,0,0,0,0,0,0,0,0,0,0,0,0,0,0,0,0,0,0,0,0,0,0,0,0,0,0,0,103,2026-02-06 03:59:37.350750
SMMR,24.71,24.72,24.93,2224700.0,,,,1888200.0,3673.0,579.0,0,0,0,0,0,0,0,0,0,0,0,0,0,0,0,0,0,0,0,0,0,0,0,0,0,0,0,0,0,0,0,0,0,0,0,0,0,0,0,0,0,0,0,103,2026-02-06 03:59:37.350750
ATMN,25.83,25.61,25.69,2018800.0,,4331.0,422.0,1995700.0,,590.0,0,0,0,0,0,0,0,0,0,0,0,0,0,0,0,0,0,0,0,0,0,0,0,0,0,0,0,0,0,0,0,0,0,0,0,0,0,0,0,0,0,0,0,103,2026-02-06 03:59:37.350750
WNTR,25.24,25.24,25.27,2151800.0,6000.0,,650.0,2060700.0,3758.0,557.0,0,0,0,0,0,0,0,0,0,0,0,0,0,0,0,0,0,0,0,0,0,0,0,0,0,0,0,0,0,0,0,0,0,0,0,0,0,0,0,0,0,0,0,103,2026-02-06 03:59:37.350750
SPNG,25.21,25.21,25.39,2129200.0,100.0,6000.0,1716300.0,486.0,1646.0,,,0,0,0,0,0,0,0,0,0,0,0,0,0,0,0,0,0,0,0,0,0,0,0,0,0,0,0,0,0,0,0,0,0,0,0,0,0,0,0,0,0,0,104,2026-02-06 03:59:38.429962
SMMR,24.78,24.78,24.91,1907100.0,7253.0,6000.0,1648200.0,620.0,10926.0,505.0,6000.0,0,0,0,0,0,0,0,0,0,0,0,0,0,0,0,0,0,0,0,0,0,0,0,0,0,0,0,0,0,0,0,0,0,0,0,0,0,0,0,0,0,0,104,2026-02-06 03:59:38.429962
ATMN,25.85,25.66,25.67,1802100.0,5518.0,,2118600.0,,,492.0,6000.0,0,0,0,0,0,0,0,0,0,0,0,0,0,0,0,0,0,0,0,0,0,0,0,0,0,0,0,0,0,0,0,0,0,0,0,0,0,0,0,0,0,0,104,2026-02-06 03:59:38.429962
WNTR,25.21,25.23,25.25,2036600.0,7029.0,,1802300.0,557.0,18497.0,650.0,6000.0,0,0,0,0,0,0,0,0,0,0,0,0,0,0,0,0,0,0,0,0,0,0,0,0,0,0,0,0,0,0,0,0,0,0,0,0,0,0,0,0,0,0,104,2026-02-06 03:59:38.429962
SPNG,25.21,25.26,25.28,500.0,2031800.0,559.0,6000.0,2017000.0,548.0,,0,0,0,0,0,0,0,0,0,0,0,0,0,0,0,0,0,0,0,0,0,0,0,0,0,0,0,0,0,0,0,0,0,0,0,0,0,0,0,0,0,0,0,105,2026-02-06 03:59:39.549490
SMMR,24.89,24.89,24.91,6000.0,1998200.0,505.0,6000.0,1883900.0,620.0,,0,0,0,0,0,0,0,0,0,0,0,0,0,0,0,0,0,0,0,0,0,0,0,0,0,0,0,0,0,0,0,0,0,0,0,0,0,0,0,0,0,0,0,105,2026-02-06 03:59:39.549490
ATMN,25.87,25.87,25.88,,2129600.0,561.0,,2121700.0,,,0,0,0,0,0,0,0,0,0,0,0,0,0,0,0,0,0,0,0,0,0,0,0,0,0,0,0,0,0,0,0,0,0,0,0,0,0,0,0,0,0,0,0,105,2026-02-06 03:59:39.549490
WNTR,25.18,25.18,25.22,,2293500.0,650.0,,2026400.0,642.0,7503.0,0,0,0,0,0,0,0,0,0,0,0,0,0,0,0,0,0,0,0,0,0,0,0,0,0,0,0,0,0,0,0,0,0,0,0,0,0,0,0,0,0,0,0,105,2026-02-06 03:59:39.549490
SPNG,25.06,25.12,25.28,559.0,2165800.0,6000.0,100.0,1923200.0,548.0,,,0,0,0,0,0,0,0,0,0,0,0,0,0,0,0,0,0,0,0,0,0,0,0,0,0,0,0,0,0,0,0,0,0,0,0,0,0,0,0,0,0,0,106,2026-02-06 03:59:40.619218
SMMR,24.84,24.86,24.94,505.0,1878400.0,,,1988900.0,620.0,6963.0,6000.0,0,0,0,0,0,0,0,0,0,0,0,0,0,0,0,0,0,0,0,0,0,0,0,0,0,0,0,0,0,0,0,0,0,0,0,0,0,0,0,0,0,0,106,2026-02-06 03:59:40.619218
ATMN,25.88,25.72,25.88,561.0,2018800.0,,2088.0,1922900.0,547.0,,6000.0,0,0,0,0,0,0,0,0,0,0,0,0,0,0,0,0,0,0,0,0,0,0,0,0,0,0,0,0,0,0,0,0,0,0,0,0,0,0,0,0,0,0,106,2026-02-06 03:59:40.619218
WNTR,25.27,25.22,25.24,650.0,2051900.0,6000.0,7122.0,1904600.0,642.0,7122.0,6000.0,0,0,0,0,0,0,0,0,0,0,0,0,0,0,0,0,0,0,0,0,0,0,0,0,0,0,0,0,0,0,0,0,0,0,0,0,0,0,0,0,0,0,106,2026-02-06 03:59:40.619218
SPNG,25.18,25.12,25.18,559.0,3323.0,2032800.0,1803100.0,548.0,6747.0,6000.0,,0,0,0,0,0,0,0,0,0,0,0,0,0,0,0,0,0,0,0,0,0,0,0,0,0,0,0,0,0,0,0,0,0,0,0,0,0,0,0,0,0,0,107,2026-02-06 03:59:41.679565
SMMR,24.98,24.86,24.96,582.0,3877.0,1870400.0,1903200.0,620.0,8572.0,,6000.0,0,0,0,0,0,0,0,0,0,0,0,0,0,0,0,0,0,0,0,0,0,0,0,0,0,0,0,0,0,0,0,0,0,0,0,0,0,0,0,0,0,0,107,2026-02-06 03:59:41.679565
ATMN,25.59,25.64,25.81,495.0,,2137300.0,1922900.0,,8893.0,,,0,0,0,0,0,0,0,0,0,0,0,0,0,0,0,0,0,0,0,0,0,0,0,0,0,0,0,0,0,0,0,0,0,0,0,0,0,0,0,0,0,0,107,2026-02-06 03:59:41.679565
WNTR,25.16,25.15,25.16,650.0,381.0,2194500.0,1810500.0,642.0,17122.0,6000.0,,0,0,0,0,0,0,0,0,0,0,0,0,0,0,0,0,0,0,0,0,0,0,0,0,0,0,0,0,0,0,0,0,0,0,0,0,0,0,0,0,0,0,107,2026-02-06 03:59:41.679565
SPNG,25.06,25.06,25.17,2282800.0,548.0,2025100.0,6000.0,,,,,0,0,0,0,0,0,0,0,0,0,0,0,0,0,0,0,0,0,0,0,0,0,0,0,0,0,0,0,0,0,0,0,0,0,0,0,0,0,0,0,0,0,108,2026-02-06 03:59:42.755004
SMMR,25.0,24.9,24.96,1870400.0,620.0,1901800.0,,8996.0,582.0,6000.0,683.0,0,0,0,0,0,0,0,0,0,0,0,0,0,0,0,0,0,0,0,0,0,0,0,0,0,0,0,0,0,0,0,0,0,0,0,0,0,0,0,0,0,0,108,2026-02-06 03:59:42.755004
ATMN,25.57,25.64,25.77,2249000.0,590.0,1922900.0,6000.0,,,,,0,0,0,0,0,0,0,0,0,0,0,0,0,0,0,0,0,0,0,0,0,0,0,0,0,0,0,0,0,0,0,0,0,0,0,0,0,0,0,0,0,0,108,2026-02-06 03:59:42.755004
WNTR,25.27,25.04,25.07,2313300.0,,2311300.0,,,487.0,,,0,0,0,0,0,0,0,0,0,0,0,0,0,0,0,0,0,0,0,0,0,0,0,0,0,0,0,0,0,0,0,0,0,0,0,0,0,0,0,0,0,0,108,2026-02-06 03:59:42.755004
SPNG,25.03,25.03,25.17,2153400.0,507.0,548.0,2034700.0,6000.0,,,0,0,0,0,0,0,0,0,0,0,0,0,0,0,0,0,0,0,0,0,0,0,0,0,0,0,0,0,0,0,0,0,0,0,0,0,0,0,0,0,0,0,0,109,2026-02-06 03:59:43.370224
SMMR,24.84,24.73,24.79,2121900.0,587.0,,2015100.0,,683.0,,0,0,0,0,0,0,0,0,0,0,0,0,0,0,0,0,0,0,0,0,0,0,0,0,0,0,0,0,0,0,0,0,0,0,0,0,0,0,0,0,0,0,0,109,2026-02-06 03:59:43.370224
ATMN,25.64,25.51,25.59,2053100.0,499.0,590.0,1910600.0,6000.0,,6611.0,0,0,0,0,0,0,0,0,0,0,0,0,0,0,0,0,0,0,0,0,0,0,0,0,0,0,0,0,0,0,0,0,0,0,0,0,0,0,0,0,0,0,0,109,2026-02-06 03:59:43.370224
WNTR,25.12,25.12,25.22,2313300.0,572.0,650.0,2045000.0,6000.0,,,0,0,0,0,0,0,0,0,0,0,0,0,0,0,0,0,0,0,0,0,0,0,0,0,0,0,0,0,0,0,0,0,0,0,0,0,0,0,0,0,0,0,0,109,2026-02-06 03:59:43.370224
SPNG,25.26,25.02,25.26,2249900.0,2230200.0,,,,,,,0,0,0,0,0,0,0,0,0,0,0,0,0,0,0,0,0,0,0,0,0,0,0,0,0,0,0,0,0,0,0,0,0,0,0,0,0,0,0,0,0,0,110,2026-02-06 03:59:44.467171
SMMR,24.79,24.75,24.79,2007000.0,1781800.0,620.0,6664.0,6000.0,574.0,683.0,,0,0,0,0,0,0,0,0,0,0,0,0,0,0,0,0,0,0,0,0,0,0,0,0,0,0,0,0,0,0,0,0,0,0,0,0,0,0,0,0,0,0,110,2026-02-06 03:59:44.467171
ATMN,25.88,25.64,25.68,1807100.0,2037800.0,499.0,13124.0,6000.0,,,6000.0,0,0,0,0,0,0,0,0,0,0,0,0,0,0,0,0,0,0,0,0,0,0,0,0,0,0,0,0,0,0,0,0,0,0,0,0,0,0,0,0,0,0,110,2026-02-06 03:59:44.467171
WNTR,25.27,25.15,25.2,2104100.0,2043300.0,572.0,6816.0,6000.0,650.0,,6000.0,0,0,0,0,0,0,0,0,0,0,0,0,0,0,0,0,0,0,0,0,0,0,0,0,0,0,0,0,0,0,0,0,0,0,0,0,0,0,0,0,0,0,110,2026-02-06 03:59:44.467171
SPNG,25.02,25.02,25.23,2264100.0,559.0,2136400.0,,,,,,0,0,0,0,0,0,0,0,0,0,0,0,0,0,0,0,0,0,0,0,0,0,0,0,0,0,0,0,0,0,0,0,0,0,0,0,0,0,0,0,0,0,111,2026-02-06 03:59:45.665638
SMMR,24.77,24.75,24.76,2000400.0,574.0,1810500.0,4020.0,620.0,7852.0,6000.0,,0,0,0,0,0,0,0,0,0,0,0,0,0,0,0,0,0,0,0,0,0,0,0,0,0,0,0,0,0,0,0,0,0,0,0,0,0,0,0,0,0,0,111,2026-02-06 03:59:45.665638
ATMN,25.48,25.53,25.61,2172900.0,590.0,1925700.0,780.0,,,6000.0,,0,0,0,0,0,0,0,0,0,0,0,0,0,0,0,0,0,0,0,0,0,0,0,0,0,0,0,0,0,0,0,0,0,0,0,0,0,0,0,0,0,0,111,2026-02-06 03:59:45.665638
WNTR,25.14,25.19,25.21,2104100.0,557.0,1947700.0,2056.0,650.0,8031.0,500.0,6000.0,0,0,0,0,0,0,0,0,0,0,0,0,0,0,0,0,0,0,0,0,0,0,0,0,0,0,0,0,0,0,0,0,0,0,0,0,0,0,0,0,0,0,111,2026-02-06 03:59:45.665638
SPNG,25.24,25.29,25.42,6797.0,1896300.0,6000.0,454.0,2122000.0,820.0,,0,0,0,0,0,0,0,0,0,0,0,0,0,0,0,0,0,0,0,0,0,0,0,0,0,0,0,0,0,0,0,0,0,0,0,0,0,0,0,0,0,0,0,112,2026-02-06 03:59:46.735124
SMMR,24.75,24.75,24.81,4020.0,2022100.0,,620.0,1995900.0,,574.0,0,0,0,0,0,0,0,0,0,0,0,0,0,0,0,0,0,0,0,0,0,0,0,0,0,0,0,0,0,0,0,0,0,0,0,0,0,0,0,0,0,0,0,112,2026-02-06 03:59:46.735124
ATMN,25.46,25.46,25.68,,2283100.0,,,1929500.0,100.0,590.0,0,0,0,0,0,0,0,0,0,0,0,0,0,0,0,0,0,0,0,0,0,0,0,0,0,0,0,0,0,0,0,0,0,0,0,0,0,0,0,0,0,0,0,112,2026-02-06 03:59:46.735124
WNTR,25.14,25.17,25.2,2056.0,2219400.0,,650.0,1920000.0,9656.0,557.0,0,0,0,0,0,0,0,0,0,0,0,0,0,0,0,0,0,0,0,0,0,0,0,0,0,0,0,0,0,0,0,0,0,0,0,0,0,0,0,0,0,0,0,112,2026-02-06 03:59:46.735124
SPNG,25.16,25.01,25.14,2263300.0,2184300.0,538.0,,,,0,0,0,0,0,0,0,0,0,0,0,0,0,0,0,0,0,0,0,0,0,0,0,0,0,0,0,0,0,0,0,0,0,0,0,0,0,0,0,0,0,0,0,0,113,2026-02-06 03:59:47.804340
SMMR,24.81,24.78,24.81,2126500.0,1875900.0,574.0,620.0,6000.0,,0,0,0,0,0,0,0,0,0,0,0,0,0,0,0,0,0,0,0,0,0,0,0,0,0,0,0,0,0,0,0,0,0,0,0,0,0,0,0,0,0,0,0,0,113,2026-02-06 03:59:47.804340
ATMN,25.44,25.44,25.61,2267600.0,2021800.0,,,6000.0,,0,0,0,0,0,0,0,0,0,0,0,0,0,0,0,0,0,0,0,0,0,0,0,0,0,0,0,0,0,0,0,0,0,0,0,0,0,0,0,0,0,0,0,0,113,2026-02-06 03:59:47.804340
WNTR,25.14,25.17,25.22,2219400.0,2063500.0,557.0,650.0,6000.0,6000.0,0,0,0,0,0,0,0,0,0,0,0,0,0,0,0,0,0,0,0,0,0,0,0,0,0,0,0,0,0,0,0,0,0,0,0,0,0,0,0,0,0,0,0,0,113,2026-02-06 03:59:47.804340
SPNG,25.14,25.02,25.11,2151900.0,517.0,2084000.0,559.0,6000.0,0,0,0,0,0,0,0,0,0,0,0,0,0,0,0,0,0,0,0,0,0,0,0,0,0,0,0,0,0,0,0,0,0,0,0,0,0,0,0,0,0,0,0,0,0,114,2026-02-06 03:59:48.386677
SMMR,24.81,24.81,24.87,2135400.0,620.0,1899800.0,574.0,6000.0,0,0,0,0,0,0,0,0,0,0,0,0,0,0,0,0,0,0,0,0,0,0,0,0,0,0,0,0,0,0,0,0,0,0,0,0,0,0,0,0,0,0,0,0,0,114,2026-02-06 03:59:48.386677
ATMN,25.95,25.44,25.95,2145700.0,514.0,2123400.0,,,0,0,0,0,0,0,0,0,0,0,0,0,0,0,0,0,0,0,0,0,0,0,0,0,0,0,0,0,0,0,0,0,0,0,0,0,0,0,0,0,0,0,0,0,0,114,2026-02-06 03:59:48.386677
WNTR,25.04,25.04,25.22,2423200.0,,2063500.0,557.0,6000.0,0,0,0,0,0,0,0,0,0,0,0,0,0,0,0,0,0,0,0,0,0,0,0,0,0,0,0,0,0,0,0,0,0,0,0,0,0,0,0,0,0,0,0,0,0,114,2026-02-06 03:59:48.386677
SPNG,25.16,25.26,25.42,2155400.0,517.0,2226500.0,,,,0,0,0,0,0,0,0,0,0,0,0,0,0,0,0,0,0,0,0,0,0,0,0,0,0,0,0,0,0,0,0,0,0,0,0,0,0,0,0,0,0,0,0,0,115,2026-02-06 03:59:49.437755
SMMR,24.78,24.78,24.87,2215400.0,,1899800.0,6000.0,574.0,,0,0,0,0,0,0,0,0,0,0,0,0,0,0,0,0,0,0,0,0,0,0,0,0,0,0,0,0,0,0,0,0,0,0,0,0,0,0,0,0,0,0,0,0,115,2026-02-06 03:59:49.437755
ATMN,25.41,25.65,25.7,2153200.0,,2053000.0,500.0,,6000.0,0,0,0,0,0,0,0,0,0,0,0,0,0,0,0,0,0,0,0,0,0,0,0,0,0,0,0,0,0,0,0,0,0,0,0,0,0,0,0,0,0,0,0,0,115,2026-02-06 03:59:49.437755
WNTR,25.04,25.13,25.21,2294700.0,650.0,2021800.0,6000.0,642.0,,0,0,0,0,0,0,0,0,0,0,0,0,0,0,0,0,0,0,0,0,0,0,0,0,0,0,0,0,0,0,0,0,0,0,0,0,0,0,0,0,0,0,0,0,115,2026-02-06 03:59:49.437755
SPNG,25.02,25.02,25.42,2282400.0,2147600.0,478.0,,0,0,0,0,0,0,0,0,0,0,0,0,0,0,0,0,0,0,0,0,0,0,0,0,0,0,0,0,0,0,0,0,0,0,0,0,0,0,0,0,0,0,0,0,0,0,116,2026-02-06 03:59:50.502546
SMMR,24.88,24.88,24.94,2097400.0,2122500.0,,587.0,0,0,0,0,0,0,0,0,0,0,0,0,0,0,0,0,0,0,0,0,0,0,0,0,0,0,0,0,0,0,0,0,0,0,0,0,0,0,0,0,0,0,0,0,0,0,116,2026-02-06 03:59:50.502546
ATMN,25.4,25.49,25.7,2158700.0,2057400.0,590.0,515.0,0,0,0,0,0,0,0,0,0,0,0,0,0,0,0,0,0,0,0,0,0,0,0,0,0,0,0,0,0,0,0,0,0,0,0,0,0,0,0,0,0,0,0,0,0,0,116,2026-02-06 03:59:50.502546
WNTR,25.06,24.96,25.06,2414800.0,2125100.0,642.0,,0,0,0,0,0,0,0,0,0,0,0,0,0,0,0,0,0,0,0,0,0,0,0,0,0,0,0,0,0,0,0,0,0,0,0,0,0,0,0,0,0,0,0,0,0,0,116,2026-02-06 03:59:50.502546
SPNG,25.07,25.02,25.07,2151900.0,559.0,2181500.0,540.0,0,0,0,0,0,0,0,0,0,0,0,0,0,0,0,0,0,0,0,0,0,0,0,0,0,0,0,0,0,0,0,0,0,0,0,0,0,0,0,0,0,0,0,0,0,0,117,2026-02-06 03:59:51.614865
SMMR,24.88,24.89,24.92,2097400.0,620.0,2010200.0,497.0,0,0,0,0,0,0,0,0,0,0,0,0,0,0,0,0,0,0,0,0,0,0,0,0,0,0,0,0,0,0,0,0,0,0,0,0,0,0,0,0,0,0,0,0,0,0,117,2026-02-06 03:59:51.614865
ATMN,25.39,25.44,25.7,2144900.0,454.0,2057400.0,590.0,0,0,0,0,0,0,0,0,0,0,0,0,0,0,0,0,0,0,0,0,0,0,0,0,0,0,0,0,0,0,0,0,0,0,0,0,0,0,0,0,0,0,0,0,0,0,117,2026-02-06 03:59:51.614865
WNTR,24.99,25.03,25.06,2301500.0,497.0,2232200.0,,0,0,0,0,0,0,0,0,0,0,0,0,0,0,0,0,0,0,0,0,0,0,0,0,0,0,0,0,0,0,0,0,0,0,0,0,0,0,0,0,0,0,0,0,0,0,117,2026-02-06 03:59:51.614865
SPNG,25.07,25.12,25.42,559.0,2138200.0,2164200.0,480.0,0,0,0,0,0,0,0,0,0,0,0,0,0,0,0,0,0,0,0,0,0,0,0,0,0,0,0,0,0,0,0,0,0,0,0,0,0,0,0,0,0,0,0,0,0,0,118,2026-02-06 03:59:52.694472
SMMR,24.88,24.75,24.87,,2222400.0,2006200.0,497.0,0,0,0,0,0,0,0,0,0,0,0,0,0,0,0,0,0,0,0,0,0,0,0,0,0,0,0,0,0,0,0,0,0,0,0,0,0,0,0,0,0,0,0,0,0,0,118,2026-02-06 03:59:52.694472
ATMN,25.81,25.47,25.81,454.0,2135600.0,2166000.0,,0,0,0,0,0,0,0,0,0,0,0,0,0,0,0,0,0,0,0,0,0,0,0,0,0,0,0,0,0,0,0,0,0,0,0,0,0,0,0,0,0,0,0,0,0,0,118,2026-02-06 03:59:52.694472
WNTR,25.08,25.09,25.12,582.0,2278300.0,2260700.0,,0,0,0,0,0,0,0,0,0,0,0,0,0,0,0,0,0,0,0,0,0,0,0,0,0,0,0,0,0,0,0,0,0,0,0,0,0,0,0,0,0,0,0,0,0,0,118,2026-02-06 03:59:52.694472
SPNG,25.42,25.04,25.4,559.0,2119800.0,2230700.0,,0,0,0,0,0,0,0,0,0,0,0,0,0,0,0,0,0,0,0,0,0,0,0,0,0,0,0,0,0,0,0,0,0,0,0,0,0,0,0,0,0,0,0,0,0,0,119,2026-02-06 03:59:53.751035
SMMR,24.75,24.75,24.78,587.0,2109200.0,2016300.0,620.0,0,0,0,0,0,0,0,0,0,0,0,0,0,0,0,0,0,0,0,0,0,0,0,0,0,0,0,0,0,0,0,0,0,0,0,0,0,0,0,0,0,0,0,0,0,0,119,2026-02-06 03:59:53.751035
ATMN,25.37,25.48,25.73,462.0,2146500.0,2076700.0,590.0,0,0,0,0,0,0,0,0,0,0,0,0,0,0,0,0,0,0,0,0,0,0,0,0,0,0,0,0,0,0,0,0,0,0,0,0,0,0,0,0,0,0,0,0,0,0,119,2026-02-06 03:59:53.751035
WNTR,25.03,25.09,25.11,650.0,2301500.0,2137200.0,631.0,0,0,0,0,0,0,0,0,0,0,0,0,0,0,0,0,0,0,0,0,0,0,0,0,0,0,0,0,0,0,0,0,0,0,0,0,0,0,0,0,0,0,0,0,0,0,119,2026-02-06 03:59:53.751035
SPNG,25.43,25.04,25.17,559.0,940500.0,905600.0,,0,0,0,0,0,0,0,0,0,0,0,0,0,0,0,0,0,0,0,0,0,0,0,0,0,0,0,0,0,0,0,0,0,0,0,0,0,0,0,0,0,0,0,0,0,0,120,2026-02-06 03:59:54.814724
SMMR,25.1,25.1,25.28,620.0,880900.0,799700.0,,0,0,0,0,0,0,0,0,0,0,0,0,0,0,0,0,0,0,0,0,0,0,0,0,0,0,0,0,0,0,0,0,0,0,0,0,0,0,0,0,0,0,0,0,0,0,120,2026-02-06 03:59:54.814724
ATMN,25.85,25.48,25.62,462.0,904600.0,954700.0,590.0,0,0,0,0,0,0,0,0,0,0,0,0,0,0,0,0,0,0,0,0,0,0,0,0,0,0,0,0,0,0,0,0,0,0,0,0,0,0,0,0,0,0,0,0,0,0,120,2026-02-06 03:59:54.814724
WNTR,25.98,25.9,25.98,,884900.0,870600.0,,0,0,0,0,0,0,0,0,0,0,0,0,0,0,0,0,0,0,0,0,0,0,0,0,0,0,0,0,0,0,0,0,0,0,0,0,0,0,0,0,0,0,0,0,0,0,120,2026-02-06 03:59:54.814724
SPNG,25.0,25.0,25.16,951500.0,1027000.0,,0,0,0,0,0,0,0,0,0,0,0,0,0,0,0,0,0,0,0,0,0,0,0,0,0,0,0,0,0,0,0,0,0,0,0,0,0,0,0,0,0,0,0,0,0,0,0,121,2026-02-06 03:59:55.481534
SMMR,25.1,24.88,25.08,890500.0,895500.0,574.0,0,0,0,0,0,0,0,0,0,0,0,0,0,0,0,0,0,0,0,0,0,0,0,0,0,0,0,0,0,0,0,0,0,0,0,0,0,0,0,0,0,0,0,0,0,0,0,121,2026-02-06 03:59:55.481534
ATMN,24.98,24.98,25.36,937400.0,1089500.0,,0,0,0,0,0,0,0,0,0,0,0,0,0,0,0,0,0,0,0,0,0,0,0,0,0,0,0,0,0,0,0,0,0,0,0,0,0,0,0,0,0,0,0,0,0,0,0,121,2026-02-06 03:59:55.481534
WNTR,25.9,25.9,25.98,901200.0,969600.0,,0,0,0,0,0,0,0,0,0,0,0,0,0,0,0,0,0,0,0,0,0,0,0,0,0,0,0,0,0,0,0,0,0,0,0,0,0,0,0,0,0,0,0,0,0,0,0,121,2026-02-06 03:59:55.481534
SPNG,24.93,24.76,24.9,559.0,1225900.0,1277900.0,553.0,100.0,,0,0,0,0,0,0,0,0,0,0,0,0,0,0,0,0,0,0,0,0,0,0,0,0,0,0,0,0,0,0,0,0,0,0,0,0,0,0,0,0,0,0,0,0,122,2026-02-06 03:59:56.697865
SMMR,24.99,25.0,25.08,514.0,1194800.0,895500.0,,,9777.0,0,0,0,0,0,0,0,0,0,0,0,0,0,0,0,0,0,0,0,0,0,0,0,0,0,0,0,0,0,0,0,0,0,0,0,0,0,0,0,0,0,0,0,0,122,2026-02-06 03:59:56.697865
ATMN,24.89,24.89,25.15,421.0,926400.0,1307400.0,590.0,8121.0,,0,0,0,0,0,0,0,0,0,0,0,0,0,0,0,0,0,0,0,0,0,0,0,0,0,0,0,0,0,0,0,0,0,0,0,0,0,0,0,0,0,0,0,0,122,2026-02-06 03:59:56.697865
WNTR,25.88,25.72,25.73,,1029700.0,973500.0,520.0,10000.0,,0,0,0,0,0,0,0,0,0,0,0,0,0,0,0,0,0,0,0,0,0,0,0,0,0,0,0,0,0,0,0,0,0,0,0,0,0,0,0,0,0,0,0,0,122,2026-02-06 03:59:56.697865
SPNG,24.79,24.8,24.89,100.0,1584000.0,559.0,100.0,1277900.0,553.0,0,0,0,0,0,0,0,0,0,0,0,0,0,0,0,0,0,0,0,0,0,0,0,0,0,0,0,0,0,0,0,0,0,0,0,0,0,0,0,0,0,0,0,0,123,2026-02-06 03:59:57.818400
SMMR,25.05,25.13,25.21,7332.0,1292000.0,620.0,,799700.0,570.0,0,0,0,0,0,0,0,0,0,0,0,0,0,0,0,0,0,0,0,0,0,0,0,0,0,0,0,0,0,0,0,0,0,0,0,0,0,0,0,0,0,0,0,0,123,2026-02-06 03:59:57.818400
ATMN,24.33,24.18,24.21,,944900.0,371.0,6090.0,1943700.0,590.0,0,0,0,0,0,0,0,0,0,0,0,0,0,0,0,0,0,0,0,0,0,0,0,0,0,0,0,0,0,0,0,0,0,0,0,0,0,0,0,0,0,0,0,0,123,2026-02-06 03:59:57.818400
WNTR,25.88,25.72,25.73,3000.0,1509400.0,544.0,10000.0,973500.0,650.0,0,0,0,0,0,0,0,0,0,0,0,0,0,0,0,0,0,0,0,0,0,0,0,0,0,0,0,0,0,0,0,0,0,0,0,0,0,0,0,0,0,0,0,0,123,2026-02-06 03:59:57.818400
SPNG,24.79,24.8,24.89,100.0,1833900.0,559.0,100.0,1277900.0,553.0,0,0,0,0,0,0,0,0,0,0,0,0,0,0,0,0,0,0,0,0,0,0,0,0,0,0,0,0,0,0,0,0,0,0,0,0,0,0,0,0,0,0,0,0,124,2026-02-06 03:59:58.372686
SMMR,25.13,25.01,25.07,7332.0,1194800.0,620.0,,918300.0,570.0,0,0,0,0,0,0,0,0,0,0,0,0,0,0,0,0,0,0,0,0,0,0,0,0,0,0,0,0,0,0,0,0,0,0,0,0,0,0,0,0,0,0,0,0,124,2026-02-06 03:59:58.372686
ATMN,24.33,23.95,24.21,,944900.0,371.0,6090.0,2084600.0,590.0,0,0,0,0,0,0,0,0,0,0,0,0,0,0,0,0,0,0,0,0,0,0,0,0,0,0,0,0,0,0,0,0,0,0,0,0,0,0,0,0,0,0,0,0,124,2026-02-06 03:59:58.372686
WNTR,25.98,25.72,25.98,3000.0,1509400.0,544.0,,870600.0,,0,0,0,0,0,0,0,0,0,0,0,0,0,0,0,0,0,0,0,0,0,0,0,0,0,0,0,0,0,0,0,0,0,0,0,0,0,0,0,0,0,0,0,0,124,2026-02-06 03:59:58.372686
SPNG,24.79,24.81,24.88,200.0,559.0,2056100.0,200.0,553.0,1393400.0,0,0,0,0,0,0,0,0,0,0,0,0,0,0,0,0,0,0,0,0,0,0,0,0,0,0,0,0,0,0,0,0,0,0,0,0,0,0,0,0,0,0,0,0,125,2026-02-06 03:59:59.518124
SMMR,24.94,24.94,25.07,,,1188000.0,,570.0,1094000.0,0,0,0,0,0,0,0,0,0,0,0,0,0,0,0,0,0,0,0,0,0,0,0,0,0,0,0,0,0,0,0,0,0,0,0,0,0,0,0,0,0,0,0,0,125,2026-02-06 03:59:59.518124
ATMN,23.45,23.91,23.94,2745.0,371.0,944900.0,14446.0,590.0,2056900.0,0,0,0,0,0,0,0,0,0,0,0,0,0,0,0,0,0,0,0,0,0,0,0,0,0,0,0,0,0,0,0,0,0,0,0,0,0,0,0,0,0,0,0,0,125,2026-02-06 03:59:59.518124
WNTR,25.98,25.8,25.96,12989.0,629.0,1890100.0,9989.0,650.0,870600.0,0,0,0,0,0,0,0,0,0,0,0,0,0,0,0,0,0,0,0,0,0,0,0,0,0,0,0,0,0,0,0,0,0,0,0,0,0,0,0,0,0,0,0,0,125,2026-02-06 03:59:59.518124
SPNG,24.9,24.81,24.9,200.0,559.0,2002000.0,1393400.0,6000.0,,,,0,0,0,0,0,0,0,0,0,0,0,0,0,0,0,0,0,0,0,0,0,0,0,0,0,0,0,0,0,0,0,0,0,0,0,0,0,0,0,0,0,0,126,2026-02-06 04:00:00.613708
SMMR,25.07,24.94,25.07,,514.0,1102400.0,1210100.0,6000.0,6000.0,570.0,,0,0,0,0,0,0,0,0,0,0,0,0,0,0,0,0,0,0,0,0,0,0,0,0,0,0,0,0,0,0,0,0,0,0,0,0,0,0,0,0,0,0,126,2026-02-06 04:00:00.613708
ATMN,23.97,23.91,23.97,2745.0,328.0,944900.0,2180200.0,,,,14446.0,0,0,0,0,0,0,0,0,0,0,0,0,0,0,0,0,0,0,0,0,0,0,0,0,0,0,0,0,0,0,0,0,0,0,0,0,0,0,0,0,0,0,126,2026-02-06 04:00:00.613708
WNTR,25.96,25.96,25.99,,650.0,2004600.0,844600.0,,,585.0,,0,0,0,0,0,0,0,0,0,0,0,0,0,0,0,0,0,0,0,0,0,0,0,0,0,0,0,0,0,0,0,0,0,0,0,0,0,0,0,0,0,0,126,2026-02-06 04:00:00.613708
SPNG,24.72,24.72,25.13,2545400.0,491.0,1142500.0,6000.0,,,,,0,0,0,0,0,0,0,0,0,0,0,0,0,0,0,0,0,0,0,0,0,0,0,0,0,0,0,0,0,0,0,0,0,0,0,0,0,0,0,0,0,0,127,2026-02-06 04:00:01.705660
SMMR,25.17,25.14,25.16,1220900.0,620.0,1200200.0,,14070.0,591.0,6000.0,7584.0,0,0,0,0,0,0,0,0,0,0,0,0,0,0,0,0,0,0,0,0,0,0,0,0,0,0,0,0,0,0,0,0,0,0,0,0,0,0,0,0,0,0,127,2026-02-06 04:00:01.705660
ATMN,23.34,22.95,23.34,972100.0,590.0,2067100.0,6000.0,,,,641.0,0,0,0,0,0,0,0,0,0,0,0,0,0,0,0,0,0,0,0,0,0,0,0,0,0,0,0,0,0,0,0,0,0,0,0,0,0,0,0,0,0,0,127,2026-02-06 04:00:01.705660
WNTR,26.05,26.23,26.52,1991700.0,508.0,1176800.0,,9918.0,650.0,6000.0,9918.0,0,0,0,0,0,0,0,0,0,0,0,0,0,0,0,0,0,0,0,0,0,0,0,0,0,0,0,0,0,0,0,0,0,0,0,0,0,0,0,0,0,0,127,2026-02-06 04:00:01.705660
SPNG,24.7,24.7,24.9,2465600.0,6000.0,7042.0,1251100.0,491.0,,,,0,0,0,0,0,0,0,0,0,0,0,0,0,0,0,0,0,0,0,0,0,0,0,0,0,0,0,0,0,0,0,0,0,0,0,0,0,0,0,0,0,0,128,2026-02-06 04:00:02.764526
SMMR,25.17,25.14,25.15,1345200.0,,7584.0,1405300.0,620.0,14170.0,591.0,6000.0,0,0,0,0,0,0,0,0,0,0,0,0,0,0,0,0,0,0,0,0,0,0,0,0,0,0,0,0,0,0,0,0,0,0,0,0,0,0,0,0,0,0,128,2026-02-06 04:00:02.764526
ATMN,22.95,22.53,22.91,1000700.0,6000.0,9768.0,1919900.0,590.0,,,,0,0,0,0,0,0,0,0,0,0,0,0,0,0,0,0,0,0,0,0,0,0,0,0,0,0,0,0,0,0,0,0,0,0,0,0,0,0,0,0,0,0,128,2026-02-06 04:00:02.764526
WNTR,26.05,26.24,26.43,1854800.0,,9918.0,1394300.0,508.0,10018.0,650.0,6000.0,0,0,0,0,0,0,0,0,0,0,0,0,0,0,0,0,0,0,0,0,0,0,0,0,0,0,0,0,0,0,0,0,0,0,0,0,0,0,0,0,0,0,128,2026-02-06 04:00:02.764526
SPNG,24.9,24.93,24.95,2352100.0,100.0,1345700.0,491.0,,,,,0,0,0,0,0,0,0,0,0,0,0,0,0,0,0,0,0,0,0,0,0,0,0,0,0,0,0,0,0,0,0,0,0,0,0,0,0,0,0,0,0,0,129,2026-02-06 04:00:03.805094
SMMR,25.17,25.13,25.15,1441300.0,,1723000.0,620.0,591.0,6000.0,,,0,0,0,0,0,0,0,0,0,0,0,0,0,0,0,0,0,0,0,0,0,0,0,0,0,0,0,0,0,0,0,0,0,0,0,0,0,0,0,0,0,0,129,2026-02-06 04:00:03.805094
ATMN,22.91,22.83,22.84,1364600.0,100.0,2169000.0,590.0,,,6000.0,,0,0,0,0,0,0,0,0,0,0,0,0,0,0,0,0,0,0,0,0,0,0,0,0,0,0,0,0,0,0,0,0,0,0,0,0,0,0,0,0,0,0,129,2026-02-06 04:00:03.805094
WNTR,26.23,26.11,26.18,2094500.0,182.0,1702200.0,508.0,,6000.0,,100.0,0,0,0,0,0,0,0,0,0,0,0,0,0,0,0,0,0,0,0,0,0,0,0,0,0,0,0,0,0,0,0,0,0,0,0,0,0,0,0,0,0,0,129,2026-02-06 04:00:03.805094
SPNG,24.93,24.95,24.99,9156.0,2118300.0,6000.0,9156.0,1470100.0,491.0,,0,0,0,0,0,0,0,0,0,0,0,0,0,0,0,0,0,0,0,0,0,0,0,0,0,0,0,0,0,0,0,0,0,0,0,0,0,0,0,0,0,0,0,130,2026-02-06 04:00:04.848417
SMMR,25.06,25.03,25.06,,1322800.0,6000.0,7584.0,1812700.0,620.0,,0,0,0,0,0,0,0,0,0,0,0,0,0,0,0,0,0,0,0,0,0,0,0,0,0,0,0,0,0,0,0,0,0,0,0,0,0,0,0,0,0,0,0,130,2026-02-06 04:00:04.848417
ATMN,23.07,22.83,23.07,,1364600.0,,,2218000.0,590.0,6000.0,0,0,0,0,0,0,0,0,0,0,0,0,0,0,0,0,0,0,0,0,0,0,0,0,0,0,0,0,0,0,0,0,0,0,0,0,0,0,0,0,0,0,0,130,2026-02-06 04:00:04.848417
WNTR,26.05,25.97,25.98,9811.0,2108900.0,6000.0,9993.0,1838400.0,508.0,,0,0,0,0,0,0,0,0,0,0,0,0,0,0,0,0,0,0,0,0,0,0,0,0,0,0,0,0,0,0,0,0,0,0,0,0,0,0,0,0,0,0,0,130,2026-02-06 04:00:04.848417
SPNG,24.98,24.86,24.98,2397300.0,1571600.0,9156.0,491.0,,,0,0,0,0,0,0,0,0,0,0,0,0,0,0,0,0,0,0,0,0,0,0,0,0,0,0,0,0,0,0,0,0,0,0,0,0,0,0,0,0,0,0,0,0,131,2026-02-06 04:00:05.427041
SMMR,25.03,25.03,25.16,1322800.0,1715100.0,7584.0,620.0,6000.0,,0,0,0,0,0,0,0,0,0,0,0,0,0,0,0,0,0,0,0,0,0,0,0,0,0,0,0,0,0,0,0,0,0,0,0,0,0,0,0,0,0,0,0,0,131,2026-02-06 04:00:05.427041
ATMN,22.77,22.62,22.74,1399600.0,2231100.0,,590.0,,6000.0,0,0,0,0,0,0,0,0,0,0,0,0,0,0,0,0,0,0,0,0,0,0,0,0,0,0,0,0,0,0,0,0,0,0,0,0,0,0,0,0,0,0,0,0,131,2026-02-06 04:00:05.427041
WNTR,26.1,25.93,26.1,1994400.0,1816000.0,182.0,508.0,6000.0,,0,0,0,0,0,0,0,0,0,0,0,0,0,0,0,0,0,0,0,0,0,0,0,0,0,0,0,0,0,0,0,0,0,0,0,0,0,0,0,0,0,0,0,0,131,2026-02-06 04:00:05.427041
SPNG,25.01,24.9,25.01,6000.0,2240000.0,1572700.0,491.0,0,0,0,0,0,0,0,0,0,0,0,0,0,0,0,0,0,0,0,0,0,0,0,0,0,0,0,0,0,0,0,0,0,0,0,0,0,0,0,0,0,0,0,0,0,0,132,2026-02-06 04:00:06.508280
SMMR,25.17,25.17,25.18,6000.0,1625100.0,1599000.0,,0,0,0,0,0,0,0,0,0,0,0,0,0,0,0,0,0,0,0,0,0,0,0,0,0,0,0,0,0,0,0,0,0,0,0,0,0,0,0,0,0,0,0,0,0,0,132,2026-02-06 04:00:06.508280
ATMN,23.04,23.04,23.34,6000.0,1551800.0,2289600.0,590.0,0,0,0,0,0,0,0,0,0,0,0,0,0,0,0,0,0,0,0,0,0,0,0,0,0,0,0,0,0,0,0,0,0,0,0,0,0,0,0,0,0,0,0,0,0,0,132,2026-02-06 04:00:06.508280
WNTR,26.1,25.96,26.1,6000.0,2110600.0,1816000.0,508.0,0,0,0,0,0,0,0,0,0,0,0,0,0,0,0,0,0,0,0,0,0,0,0,0,0,0,0,0,0,0,0,0,0,0,0,0,0,0,0,0,0,0,0,0,0,0,132,2026-02-06 04:00:06.508280
SPNG,24.95,24.95,25.01,6000.0,2271500.0,1572700.0,491.0,,,,0,0,0,0,0,0,0,0,0,0,0,0,0,0,0,0,0,0,0,0,0,0,0,0,0,0,0,0,0,0,0,0,0,0,0,0,0,0,0,0,0,0,0,133,2026-02-06 04:00:07.553977
SMMR,25.12,25.12,25.17,6000.0,1771100.0,1694300.0,,4570.0,,,0,0,0,0,0,0,0,0,0,0,0,0,0,0,0,0,0,0,0,0,0,0,0,0,0,0,0,0,0,0,0,0,0,0,0,0,0,0,0,0,0,0,0,133,2026-02-06 04:00:07.553977
ATMN,22.87,22.83,22.87,6000.0,1399600.0,2142400.0,590.0,100.0,6000.0,,0,0,0,0,0,0,0,0,0,0,0,0,0,0,0,0,0,0,0,0,0,0,0,0,0,0,0,0,0,0,0,0,0,0,0,0,0,0,0,0,0,0,0,133,2026-02-06 04:00:07.553977
WNTR,26.14,25.98,26.11,6000.0,2110600.0,1824300.0,508.0,,,6031.0,0,0,0,0,0,0,0,0,0,0,0,0,0,0,0,0,0,0,0,0,0,0,0,0,0,0,0,0,0,0,0,0,0,0,0,0,0,0,0,0,0,0,0,133,2026-02-06 04:00:07.553977
SPNG,25.05,24.68,25.05,2465800.0,1439300.0,491.0,,,,,0,0,0,0,0,0,0,0,0,0,0,0,0,0,0,0,0,0,0,0,0,0,0,0,0,0,0,0,0,0,0,0,0,0,0,0,0,0,0,0,0,0,0,134,2026-02-06 04:00:08.723727
SMMR,25.12,25.13,25.17,1952600.0,1807200.0,,9413.0,6000.0,4570.0,,0,0,0,0,0,0,0,0,0,0,0,0,0,0,0,0,0,0,0,0,0,0,0,0,0,0,0,0,0,0,0,0,0,0,0,0,0,0,0,0,0,0,0,134,2026-02-06 04:00:08.723727
ATMN,22.87,22.78,22.86,1516000.0,2038300.0,590.0,,1974.0,200.0,6000.0,0,0,0,0,0,0,0,0,0,0,0,0,0,0,0,0,0,0,0,0,0,0,0,0,0,0,0,0,0,0,0,0,0,0,0,0,0,0,0,0,0,0,0,134,2026-02-06 04:00:08.723727
WNTR,26.1,26.09,26.11,2096300.0,1919100.0,508.0,6031.0,6000.0,182.0,,0,0,0,0,0,0,0,0,0,0,0,0,0,0,0,0,0,0,0,0,0,0,0,0,0,0,0,0,0,0,0,0,0,0,0,0,0,0,0,0,0,0,0,134,2026-02-06 04:00:08.723727
SPNG,25.07,24.98,25.01,6000.0,5000.0,2104100.0,6000.0,1336700.0,789.0,491.0,0,0,0,0,0,0,0,0,0,0,0,0,0,0,0,0,0,0,0,0,0,0,0,0,0,0,0,0,0,0,0,0,0,0,0,0,0,0,0,0,0,0,0,135,2026-02-06 04:00:09.809749
SMMR,25.18,25.18,25.19,6000.0,10000.0,1954800.0,,1810800.0,,,0,0,0,0,0,0,0,0,0,0,0,0,0,0,0,0,0,0,0,0,0,0,0,0,0,0,0,0,0,0,0,0,0,0,0,0,0,0,0,0,0,0,0,135,2026-02-06 04:00:09.809749
ATMN,22.59,22.54,22.56,,,1825000.0,6000.0,2165800.0,100.0,590.0,0,0,0,0,0,0,0,0,0,0,0,0,0,0,0,0,0,0,0,0,0,0,0,0,0,0,0,0,0,0,0,0,0,0,0,0,0,0,0,0,0,0,0,135,2026-02-06 04:00:09.809749
WNTR,25.99,25.99,26.1,6000.0,,2110600.0,,1946800.0,9575.0,508.0,0,0,0,0,0,0,0,0,0,0,0,0,0,0,0,0,0,0,0,0,0,0,0,0,0,0,0,0,0,0,0,0,0,0,0,0,0,0,0,0,0,0,0,135,2026-02-06 04:00:09.809749
SPNG,24.99,24.99,25.0,2181500.0,6664.0,6000.0,1453200.0,789.0,491.0,,0,0,0,0,0,0,0,0,0,0,0,0,0,0,0,0,0,0,0,0,0,0,0,0,0,0,0,0,0,0,0,0,0,0,0,0,0,0,0,0,0,0,0,136,2026-02-06 04:00:10.889826
SMMR,25.04,25.04,25.14,1961700.0,,,1910700.0,9309.0,,,0,0,0,0,0,0,0,0,0,0,0,0,0,0,0,0,0,0,0,0,0,0,0,0,0,0,0,0,0,0,0,0,0,0,0,0,0,0,0,0,0,0,0,136,2026-02-06 04:00:10.889826
ATMN,22.77,22.76,22.77,2098500.0,,6000.0,2145100.0,9865.0,590.0,,0,0,0,0,0,0,0,0,0,0,0,0,0,0,0,0,0,0,0,0,0,0,0,0,0,0,0,0,0,0,0,0,0,0,0,0,0,0,0,0,0,0,0,136,2026-02-06 04:00:10.889826
WNTR,26.1,26.03,26.08,2131400.0,9521.0,4025.0,1812400.0,9521.0,508.0,6000.0,0,0,0,0,0,0,0,0,0,0,0,0,0,0,0,0,0,0,0,0,0,0,0,0,0,0,0,0,0,0,0,0,0,0,0,0,0,0,0,0,0,0,0,136,2026-02-06 04:00:10.889826
SPNG,25.13,25.15,25.16,2209500.0,6664.0,1358600.0,,,,,0,0,0,0,0,0,0,0,0,0,0,0,0,0,0,0,0,0,0,0,0,0,0,0,0,0,0,0,0,0,0,0,0,0,0,0,0,0,0,0,0,0,0,137,2026-02-06 04:00:11.462978
