ticker,last_price,bid_price,ask_price,BUY_ANON,SELL_ANON,BUY_WRSW-1,BUY_BRCH-1,SELL_CALG-1,SELL_GIOT-3,BUY_GIOT-3,SELL_WRSW-1,BUY_WRSW-3,SELL_WRSW-3,SELL_COLA-1,BUY_CALG-1,BUY_COLA-1,SELL_BRCH-1,SELL_LUIS-1,BUY_LUIS-1,tick,timestamp,news_news_id,news_period,news_tick,news_ticker,news_headline,news_body
SPNG,24.94,24.73,24.74,1951300.0,2039400.0,0,0,0,0,0,0,0,0,0,0,0,0,0,0,1,2026-02-04 13:52:50.433865,2.0,1.0,1.0,,Aggregate Position Limit,Your CRO has set the aggregate position limit to 9000 shares for this week.
SMMR,24.92,24.92,25.01,2101800.0,1915600.0,0,0,0,0,0,0,0,0,0,0,0,0,0,0,1,2026-02-04 13:52:50.433865,1.0,1.0,1.0,,Welcome to the RITC 2026 Alogithmic Market Making Case - practice server,
ATMN,25.03,24.85,25.03,1927900.0,2353100.0,0,0,0,0,0,0,0,0,0,0,0,0,0,0,1,2026-02-04 13:52:50.433865,,,,,,
WNTR,24.93,24.93,25.04,1896300.0,2119600.0,0,0,0,0,0,0,0,0,0,0,0,0,0,0,1,2026-02-04 13:52:50.433865,,,,,,
SPNG,24.74,24.81,25.07,1964300.0,2026000.0,0,0,0,0,0,0,0,0,0,0,0,0,0,0,2,2026-02-04 13:52:51.468753
SMMR,24.92,24.88,24.92,2110200.0,2097500.0,0,0,0,0,0,0,0,0,0,0,0,0,0,0,2,2026-02-04 13:52:51.468753
ATMN,25.13,24.85,25.13,2043300.0,2339500.0,0,0,0,0,0,0,0,0,0,0,0,0,0,0,2,2026-02-04 13:52:51.468753
WNTR,24.93,24.93,25.04,2138900.0,2128500.0,0,0,0,0,0,0,0,0,0,0,0,0,0,0,2,2026-02-04 13:52:51.468753
SPNG,24.74,24.81,25.07,1964000.0,2026000.0,0,0,0,0,0,0,0,0,0,0,0,0,0,0,3,2026-02-04 13:52:52.503291
SMMR,24.88,24.88,24.92,2086000.0,2097500.0,0,0,0,0,0,0,0,0,0,0,0,0,0,0,3,2026-02-04 13:52:52.503291
ATMN,25.16,24.85,25.16,2275700.0,2360900.0,0,0,0,0,0,0,0,0,0,0,0,0,0,0,3,2026-02-04 13:52:52.503291
WNTR,24.93,25.0,25.04,2162400.0,2128500.0,0,0,0,0,0,0,0,0,0,0,0,0,0,0,3,2026-02-04 13:52:52.503291
SPNG,25.24,24.81,25.24,1964000.0,2032800.0,0,0,0,0,0,0,0,0,0,0,0,0,0,0,4,2026-02-04 13:52:53.028087
SMMR,24.92,24.96,24.97,2138000.0,2004600.0,0,0,0,0,0,0,0,0,0,0,0,0,0,0,4,2026-02-04 13:52:53.028087
ATMN,25.16,24.85,25.16,2260700.0,2360900.0,0,0,0,0,0,0,0,0,0,0,0,0,0,0,4,2026-02-04 13:52:53.028087
WNTR,24.93,25.0,25.04,2169100.0,2096200.0,0,0,0,0,0,0,0,0,0,0,0,0,0,0,4,2026-02-04 13:52:53.028087
SPNG,24.77,25.02,25.04,1964100.0,2034900.0,0,0,0,0,0,0,0,0,0,0,0,0,0,0,5,2026-02-04 13:52:54.087348
SMMR,25.01,24.96,25.01,2138000.0,2149000.0,0,0,0,0,0,0,0,0,0,0,0,0,0,0,5,2026-02-04 13:52:54.087348
ATMN,24.84,24.89,25.1,2250500.0,2361700.0,0,0,0,0,0,0,0,0,0,0,0,0,0,0,5,2026-02-04 13:52:54.087348
WNTR,25.0,24.93,24.96,2163400.0,2090200.0,0,0,0,0,0,0,0,0,0,0,0,0,0,0,5,2026-02-04 13:52:54.087348
SPNG,24.77,25.02,25.04,1964100.0,2024600.0,0,0,0,0,0,0,0,0,0,0,0,0,0,0,6,2026-02-04 13:52:55.123633
SMMR,25.01,24.87,25.01,2093100.0,2129300.0,0,0,0,0,0,0,0,0,0,0,0,0,0,0,6,2026-02-04 13:52:55.123633
ATMN,25.1,24.89,25.1,2241600.0,2361700.0,0,0,0,0,0,0,0,0,0,0,0,0,0,0,6,2026-02-04 13:52:55.123633
WNTR,24.9,24.9,25.08,2151000.0,2134900.0,0,0,0,0,0,0,0,0,0,0,0,0,0,0,6,2026-02-04 13:52:55.123633
SPNG,24.77,25.02,25.04,1964100.0,2027100.0,0,0,0,0,0,0,0,0,0,0,0,0,0,0,7,2026-02-04 13:52:56.152052
SMMR,25.01,24.87,25.01,2093100.0,2132700.0,0,0,0,0,0,0,0,0,0,0,0,0,0,0,7,2026-02-04 13:52:56.152052
ATMN,25.1,24.89,25.1,2268100.0,2371100.0,0,0,0,0,0,0,0,0,0,0,0,0,0,0,7,2026-02-04 13:52:56.152052
WNTR,24.92,25.04,25.08,2157600.0,2136600.0,0,0,0,0,0,0,0,0,0,0,0,0,0,0,7,2026-02-04 13:52:56.152052
SPNG,24.77,24.93,25.16,1950300.0,2000100.0,0,0,0,0,0,0,0,0,0,0,0,0,0,0,8,2026-02-04 13:52:57.191012
SMMR,24.87,24.87,25.01,2127500.0,2132700.0,0,0,0,0,0,0,0,0,0,0,0,0,0,0,8,2026-02-04 13:52:57.191012
ATMN,25.1,25.12,25.16,2281500.0,2357400.0,0,0,0,0,0,0,0,0,0,0,0,0,0,0,8,2026-02-04 13:52:57.191012
WNTR,24.9,24.9,25.08,2151000.0,2104100.0,0,0,0,0,0,0,0,0,0,0,0,0,0,0,8,2026-02-04 13:52:57.191012
SPNG,25.28,24.88,25.28,1937200.0,2040700.0,0,0,0,0,0,0,0,0,0,0,0,0,0,0,9,2026-02-04 13:52:58.224552
SMMR,24.87,24.98,25.01,2141000.0,2108000.0,0,0,0,0,0,0,0,0,0,0,0,0,0,0,9,2026-02-04 13:52:58.224552
ATMN,25.17,25.12,25.17,2281500.0,2346400.0,0,0,0,0,0,0,0,0,0,0,0,0,0,0,9,2026-02-04 13:52:58.224552
WNTR,24.85,24.85,25.08,2112500.0,2125500.0,0,0,0,0,0,0,0,0,0,0,0,0,0,0,9,2026-02-04 13:52:58.224552
SPNG,25.31,24.77,24.85,1932300.0,2048100.0,0,0,0,0,0,0,0,0,0,0,0,0,0,0,10,2026-02-04 13:52:59.333416
SMMR,25.02,24.92,25.02,2149500.0,2116400.0,0,0,0,0,0,0,0,0,0,0,0,0,0,0,10,2026-02-04 13:52:59.333416
ATMN,25.12,24.89,25.0,2278500.0,2360800.0,0,0,0,0,0,0,0,0,0,0,0,0,0,0,10,2026-02-04 13:52:59.333416
WNTR,24.85,25.01,25.08,2095600.0,2112600.0,0,0,0,0,0,0,0,0,0,0,0,0,0,0,10,2026-02-04 13:52:59.333416
SPNG,25.31,24.8,24.85,1938400.0,2048100.0,0,0,0,0,0,0,0,0,0,0,0,0,0,0,11,2026-02-04 13:53:00.528281
SMMR,25.08,25.03,25.08,2142600.0,2116200.0,0,0,0,0,0,0,0,0,0,0,0,0,0,0,11,2026-02-04 13:53:00.528281
ATMN,25.17,24.89,25.17,2287400.0,2330700.0,0,0,0,0,0,0,0,0,0,0,0,0,0,0,11,2026-02-04 13:53:00.528281
WNTR,25.08,24.89,25.08,2096600.0,2112600.0,0,0,0,0,0,0,0,0,0,0,0,0,0,0,11,2026-02-04 13:53:00.528281
SPNG,24.85,24.84,24.85,1999600.0,2048100.0,0,0,0,0,0,0,0,0,0,0,0,0,0,0,12,2026-02-04 13:53:01.558890
SMMR,25.03,24.97,25.02,2147100.0,2168600.0,0,0,0,0,0,0,0,0,0,0,0,0,0,0,12,2026-02-04 13:53:01.558890
ATMN,25.17,25.05,25.14,2308600.0,2319800.0,0,0,0,0,0,0,0,0,0,0,0,0,0,0,12,2026-02-04 13:53:01.558890
WNTR,25.08,24.89,25.02,2096600.0,2146600.0,0,0,0,0,0,0,0,0,0,0,0,0,0,0,12,2026-02-04 13:53:01.558890
SPNG,24.85,24.84,24.85,1993700.0,2048100.0,0,0,0,0,0,0,0,0,0,0,0,0,0,0,13,2026-02-04 13:53:02.594172
SMMR,25.02,25.03,25.08,2159700.0,2140400.0,0,0,0,0,0,0,0,0,0,0,0,0,0,0,13,2026-02-04 13:53:02.594172
ATMN,25.17,24.89,25.17,2285500.0,2346900.0,0,0,0,0,0,0,0,0,0,0,0,0,0,0,13,2026-02-04 13:53:02.594172
WNTR,24.89,24.94,25.02,2108600.0,2146600.0,0,0,0,0,0,0,0,0,0,0,0,0,0,0,13,2026-02-04 13:53:02.594172
SPNG,24.85,24.99,25.31,1983400.0,2042000.0,0,0,0,0,0,0,0,0,0,0,0,0,0,0,14,2026-02-04 13:53:03.118394
SMMR,25.02,25.03,25.08,2159700.0,2140400.0,0,0,0,0,0,0,0,0,0,0,0,0,0,0,14,2026-02-04 13:53:03.118394
ATMN,25.19,24.89,25.19,2271500.0,2353600.0,0,0,0,0,0,0,0,0,0,0,0,0,0,0,14,2026-02-04 13:53:03.118394
WNTR,24.89,24.94,24.95,2108600.0,2129000.0,0,0,0,0,0,0,0,0,0,0,0,0,0,0,14,2026-02-04 13:53:03.118394
SPNG,25.15,24.99,25.15,1983400.0,2036100.0,0,0,0,0,0,0,0,0,0,0,0,0,0,0,15,2026-02-04 13:53:04.147118
SMMR,24.99,24.99,25.08,2158300.0,2171900.0,0,0,0,0,0,0,0,0,0,0,0,0,0,0,15,2026-02-04 13:53:04.147118
ATMN,25.2,24.89,24.94,2264000.0,2391000.0,0,0,0,0,0,0,0,0,0,0,0,0,0,0,15,2026-02-04 13:53:04.147118
WNTR,24.95,24.96,25.02,2137800.0,2127500.0,0,0,0,0,0,0,0,0,0,0,0,0,0,0,15,2026-02-04 13:53:04.147118
SPNG,25.18,24.84,25.18,1993700.0,2027700.0,0,0,0,0,0,0,0,0,0,0,0,0,0,0,16,2026-02-04 13:53:05.178295
SMMR,24.97,24.97,25.06,2147100.0,2168200.0,0,0,0,0,0,0,0,0,0,0,0,0,0,0,16,2026-02-04 13:53:05.178295
ATMN,24.89,24.89,24.94,2306600.0,2391000.0,0,0,0,0,0,0,0,0,0,0,0,0,0,0,16,2026-02-04 13:53:05.178295
WNTR,24.94,24.94,25.02,2108600.0,2100300.0,0,0,0,0,0,0,0,0,0,0,0,0,0,0,16,2026-02-04 13:53:05.178295
SPNG,25.12,24.84,24.95,1993700.0,2053200.0,0,0,0,0,0,0,0,0,0,0,0,0,0,0,17,2026-02-04 13:53:06.210419
SMMR,24.97,24.97,24.98,2165600.0,2165700.0,0,0,0,0,0,0,0,0,0,0,0,0,0,0,17,2026-02-04 13:53:06.210419
ATMN,24.94,24.93,24.94,2335400.0,2391000.0,0,0,0,0,0,0,0,0,0,0,0,0,0,0,17,2026-02-04 13:53:06.210419
WNTR,24.88,24.89,25.02,2119000.0,2082400.0,0,0,0,0,0,0,0,0,0,0,0,0,0,0,17,2026-02-04 13:53:06.210419
SPNG,25.17,24.84,25.02,1993700.0,2038200.0,0,0,0,0,0,0,0,0,0,0,0,0,0,0,18,2026-02-04 13:53:07.240655
SMMR,24.92,24.92,24.96,2149500.0,2181300.0,0,0,0,0,0,0,0,0,0,0,0,0,0,0,18,2026-02-04 13:53:07.240655
ATMN,24.93,24.93,24.94,2333200.0,2364800.0,0,0,0,0,0,0,0,0,0,0,0,0,0,0,18,2026-02-04 13:53:07.240655
WNTR,24.88,24.89,24.98,2119000.0,2061200.0,0,0,0,0,0,0,0,0,0,0,0,0,0,0,18,2026-02-04 13:53:07.240655
SPNG,25.31,24.84,24.87,2019800.0,2063300.0,0,0,0,0,0,0,0,0,0,0,0,0,0,0,19,2026-02-04 13:53:08.282676
SMMR,24.98,24.94,24.98,2196300.0,2181600.0,0,0,0,0,0,0,0,0,0,0,0,0,0,0,19,2026-02-04 13:53:08.282676
ATMN,25.27,24.93,25.01,2304200.0,2366100.0,0,0,0,0,0,0,0,0,0,0,0,0,0,0,19,2026-02-04 13:53:08.282676
WNTR,24.86,24.86,24.98,2089200.0,2061200.0,0,0,0,0,0,0,0,0,0,0,0,0,0,0,19,2026-02-04 13:53:08.282676
SPNG,24.84,24.84,25.31,2012600.0,2023900.0,0,0,0,0,0,0,0,0,0,0,0,0,0,0,20,2026-02-04 13:53:09.318786
SMMR,25.02,24.94,25.02,2196300.0,2177000.0,0,0,0,0,0,0,0,0,0,0,0,0,0,0,20,2026-02-04 13:53:09.318786
ATMN,24.89,24.89,25.01,2283400.0,2366100.0,0,0,0,0,0,0,0,0,0,0,0,0,0,0,20,2026-02-04 13:53:09.318786
WNTR,24.81,24.81,24.98,2015000.0,2120600.0,0,0,0,0,0,0,0,0,0,0,0,0,0,0,20,2026-02-04 13:53:09.318786
SPNG,25.48,24.8,25.41,1996200.0,2030000.0,0,0,0,0,0,0,0,0,0,0,0,0,0,0,21,2026-02-04 13:53:10.354703
SMMR,24.94,24.92,24.93,2171800.0,2243000.0,0,0,0,0,0,0,0,0,0,0,0,0,0,0,21,2026-02-04 13:53:10.354703
ATMN,25.01,25.07,25.27,2332600.0,2375900.0,0,0,0,0,0,0,0,0,0,0,0,0,0,0,21,2026-02-04 13:53:10.354703
WNTR,24.99,24.92,24.99,2163800.0,2097800.0,0,0,0,0,0,0,0,0,0,0,0,0,0,0,21,2026-02-04 13:53:10.354703
SPNG,24.71,24.71,25.41,2092200.0,2017500.0,0,0,0,0,0,0,0,0,0,0,0,0,0,0,22,2026-02-04 13:53:11.389785
SMMR,24.87,24.87,24.93,2165900.0,2243000.0,0,0,0,0,0,0,0,0,0,0,0,0,0,0,22,2026-02-04 13:53:11.389785
ATMN,25.01,25.07,25.27,2332600.0,2360500.0,0,0,0,0,0,0,0,0,0,0,0,0,0,0,22,2026-02-04 13:53:11.389785
WNTR,25.02,24.93,25.02,2173500.0,2096100.0,0,0,0,0,0,0,0,0,0,0,0,0,0,0,22,2026-02-04 13:53:11.389785
SPNG,24.67,24.67,25.05,2065600.0,2048200.0,0,0,0,0,0,0,0,0,0,0,0,0,0,0,23,2026-02-04 13:53:12.418585
SMMR,25.05,24.84,25.05,2152500.0,2203100.0,0,0,0,0,0,0,0,0,0,0,0,0,0,0,23,2026-02-04 13:53:12.418585
ATMN,25.07,24.89,24.98,2335800.0,2298700.0,0,0,0,0,0,0,0,0,0,0,0,0,0,0,23,2026-02-04 13:53:12.418585
WNTR,24.92,24.92,25.03,2163800.0,2091900.0,0,0,0,0,0,0,0,0,0,0,0,0,0,0,23,2026-02-04 13:53:12.418585
SPNG,25.41,24.67,25.41,2092200.0,2017500.0,0,0,0,0,0,0,0,0,0,0,0,0,0,0,24,2026-02-04 13:53:13.452337
SMMR,25.04,24.81,25.02,2129700.0,2225400.0,0,0,0,0,0,0,0,0,0,0,0,0,0,0,24,2026-02-04 13:53:13.452337
ATMN,25.2,24.89,25.1,2302800.0,2296200.0,0,0,0,0,0,0,0,0,0,0,0,0,0,0,24,2026-02-04 13:53:13.452337
WNTR,24.81,24.81,25.03,2183200.0,2091900.0,0,0,0,0,0,0,0,0,0,0,0,0,0,0,24,2026-02-04 13:53:13.452337
SPNG,25.06,24.67,25.06,2073800.0,2038200.0,0,0,0,0,0,0,0,0,0,0,0,0,0,0,25,2026-02-04 13:53:14.484263
SMMR,24.81,24.81,24.9,2123900.0,2261300.0,0,0,0,0,0,0,0,0,0,0,0,0,0,0,25,2026-02-04 13:53:14.484263
ATMN,25.33,24.89,25.33,2337000.0,2318800.0,0,0,0,0,0,0,0,0,0,0,0,0,0,0,25,2026-02-04 13:53:14.484263
WNTR,24.81,24.89,24.94,2207400.0,2135600.0,0,0,0,0,0,0,0,0,0,0,0,0,0,0,25,2026-02-04 13:53:14.484263
SPNG,25.19,24.67,24.93,2079500.0,2020400.0,0,0,0,0,0,0,0,0,0,0,0,0,0,0,26,2026-02-04 13:53:15.509838
SMMR,24.81,24.83,24.9,2165700.0,2261300.0,0,0,0,0,0,0,0,0,0,0,0,0,0,0,26,2026-02-04 13:53:15.509838
ATMN,24.83,25.0,25.33,2373000.0,2318800.0,0,0,0,0,0,0,0,0,0,0,0,0,0,0,26,2026-02-04 13:53:15.509838
WNTR,24.89,24.89,24.92,2207400.0,2161000.0,0,0,0,0,0,0,0,0,0,0,0,0,0,0,26,2026-02-04 13:53:15.509838
SPNG,25.31,25.13,25.31,2061700.0,2039800.0,0,0,0,0,0,0,0,0,0,0,0,0,0,0,27,2026-02-04 13:53:16.541999
SMMR,24.81,24.88,24.9,2185600.0,2261300.0,0,0,0,0,0,0,0,0,0,0,0,0,0,0,27,2026-02-04 13:53:16.541999
ATMN,24.82,24.82,25.33,2375800.0,2328400.0,0,0,0,0,0,0,0,0,0,0,0,0,0,0,27,2026-02-04 13:53:16.541999
WNTR,24.89,24.89,24.92,2198500.0,2161000.0,0,0,0,0,0,0,0,0,0,0,0,0,0,0,27,2026-02-04 13:53:16.541999
SPNG,25.31,25.13,25.24,2061700.0,2054000.0,0,0,0,0,0,0,0,0,0,0,0,0,0,0,28,2026-02-04 13:53:17.593984
SMMR,24.9,25.01,25.02,2197000.0,2225400.0,0,0,0,0,0,0,0,0,0,0,0,0,0,0,28,2026-02-04 13:53:17.593984
ATMN,25.34,24.82,25.09,2375600.0,2321000.0,0,0,0,0,0,0,0,0,0,0,0,0,0,0,28,2026-02-04 13:53:17.593984
WNTR,24.92,24.89,24.92,2165400.0,2157900.0,0,0,0,0,0,0,0,0,0,0,0,0,0,0,28,2026-02-04 13:53:17.593984
SPNG,25.24,25.13,25.24,2075200.0,2049100.0,0,0,0,0,0,0,0,0,0,0,0,0,0,0,29,2026-02-04 13:53:18.647649
SMMR,25.06,25.0,25.06,2175900.0,2204000.0,0,0,0,0,0,0,0,0,0,0,0,0,0,0,29,2026-02-04 13:53:18.647649
ATMN,25.23,24.82,24.87,2375600.0,2302400.0,0,0,0,0,0,0,0,0,0,0,0,0,0,0,29,2026-02-04 13:53:18.647649
WNTR,24.92,24.94,25.03,2186500.0,2148300.0,0,0,0,0,0,0,0,0,0,0,0,0,0,0,29,2026-02-04 13:53:18.647649
SPNG,25.13,24.67,25.0,2098900.0,2044600.0,0,0,0,0,0,0,0,0,0,0,0,0,0,0,30,2026-02-04 13:53:19.194075
SMMR,24.91,24.97,25.06,2191400.0,2204000.0,0,0,0,0,0,0,0,0,0,0,0,0,0,0,30,2026-02-04 13:53:19.194075
ATMN,24.87,24.95,25.36,2356600.0,2301400.0,0,0,0,0,0,0,0,0,0,0,0,0,0,0,30,2026-02-04 13:53:19.194075
WNTR,24.94,24.78,24.92,2185700.0,2147200.0,0,0,0,0,0,0,0,0,0,0,0,0,0,0,30,2026-02-04 13:53:19.194075
SPNG,25.41,24.67,25.41,2098900.0,2040000.0,0,0,0,0,0,0,0,0,0,0,0,0,0,0,31,2026-02-04 13:53:20.224524
SMMR,24.97,24.97,25.06,2191400.0,2223500.0,0,0,0,0,0,0,0,0,0,0,0,0,0,0,31,2026-02-04 13:53:20.224524
ATMN,24.87,24.95,25.36,2356600.0,2314500.0,0,0,0,0,0,0,0,0,0,0,0,0,0,0,31,2026-02-04 13:53:20.224524
WNTR,24.92,24.93,24.99,2202000.0,2125100.0,0,0,0,0,0,0,0,0,0,0,0,0,0,0,31,2026-02-04 13:53:20.224524
SPNG,25.51,24.67,25.51,2127100.0,2024700.0,0,0,0,0,0,0,0,0,0,0,0,0,0,0,32,2026-02-04 13:53:21.254301
SMMR,24.88,24.88,25.03,2176400.0,2234900.0,0,0,0,0,0,0,0,0,0,0,0,0,0,0,32,2026-02-04 13:53:21.254301
ATMN,25.24,24.95,25.02,2356600.0,2341400.0,0,0,0,0,0,0,0,0,0,0,0,0,0,0,32,2026-02-04 13:53:21.254301
WNTR,25.01,24.78,25.01,2185700.0,2144100.0,0,0,0,0,0,0,0,0,0,0,0,0,0,0,32,2026-02-04 13:53:21.254301
SPNG,25.51,24.6,25.51,2128500.0,2024700.0,0,0,0,0,0,0,0,0,0,0,0,0,0,0,33,2026-02-04 13:53:22.284534
SMMR,24.88,24.88,25.03,2168300.0,2224400.0,0,0,0,0,0,0,0,0,0,0,0,0,0,0,33,2026-02-04 13:53:22.284534
ATMN,25.02,25.35,25.36,2372800.0,2314500.0,0,0,0,0,0,0,0,0,0,0,0,0,0,0,33,2026-02-04 13:53:22.284534
WNTR,25.01,24.92,25.01,2121000.0,2144100.0,0,0,0,0,0,0,0,0,0,0,0,0,0,0,33,2026-02-04 13:53:22.284534
SPNG,24.56,24.56,25.51,2095600.0,2024700.0,0,0,0,0,0,0,0,0,0,0,0,0,0,0,34,2026-02-04 13:53:23.324297
SMMR,24.88,24.88,25.03,2157400.0,2224400.0,0,0,0,0,0,0,0,0,0,0,0,0,0,0,34,2026-02-04 13:53:23.324297
ATMN,25.26,25.26,25.36,2367300.0,2312800.0,0,0,0,0,0,0,0,0,0,0,0,0,0,0,34,2026-02-04 13:53:23.324297
WNTR,25.01,24.78,24.8,2151300.0,2145800.0,0,0,0,0,0,0,0,0,0,0,0,0,0,0,34,2026-02-04 13:53:23.324297
SPNG,25.27,24.56,25.27,2092200.0,2031200.0,0,0,0,0,0,0,0,0,0,0,0,0,0,0,35,2026-02-04 13:53:24.370732
SMMR,25.04,24.91,25.04,2168600.0,2256800.0,0,0,0,0,0,0,0,0,0,0,0,0,0,0,35,2026-02-04 13:53:24.370732
ATMN,25.26,25.04,25.15,2353600.0,2354600.0,0,0,0,0,0,0,0,0,0,0,0,0,0,0,35,2026-02-04 13:53:24.370732
WNTR,24.8,24.77,24.8,2165800.0,2178100.0,0,0,0,0,0,0,0,0,0,0,0,0,0,0,35,2026-02-04 13:53:24.370732
SPNG,25.51,24.89,25.51,2087800.0,2024700.0,0,0,0,0,0,0,0,0,0,0,0,0,0,0,36,2026-02-04 13:53:25.415402
SMMR,25.04,24.95,25.04,2184500.0,2244200.0,0,0,0,0,0,0,0,0,0,0,0,0,0,0,36,2026-02-04 13:53:25.415402
ATMN,24.9,24.9,24.98,2365700.0,2339900.0,0,0,0,0,0,0,0,0,0,0,0,0,0,0,36,2026-02-04 13:53:25.415402
WNTR,24.9,24.98,25.01,2160400.0,2152100.0,0,0,0,0,0,0,0,0,0,0,0,0,0,0,36,2026-02-04 13:53:25.415402
SPNG,24.56,24.56,25.16,2110700.0,2036600.0,0,0,0,0,0,0,0,0,0,0,0,0,0,0,37,2026-02-04 13:53:26.451940
SMMR,24.98,24.98,25.06,2206600.0,2246200.0,0,0,0,0,0,0,0,0,0,0,0,0,0,0,37,2026-02-04 13:53:26.451940
ATMN,24.98,24.9,24.98,2371600.0,2339900.0,0,0,0,0,0,0,0,0,0,0,0,0,0,0,37,2026-02-04 13:53:26.451940
WNTR,24.98,24.77,24.98,2165800.0,2173400.0,0,0,0,0,0,0,0,0,0,0,0,0,0,0,37,2026-02-04 13:53:26.451940
SPNG,24.56,24.56,25.16,2065000.0,2036600.0,0,0,0,0,0,0,0,0,0,0,0,0,0,0,38,2026-02-04 13:53:27.493367
SMMR,24.98,24.91,24.93,2173500.0,2223800.0,0,0,0,0,0,0,0,0,0,0,0,0,0,0,38,2026-02-04 13:53:27.493367
ATMN,25.37,24.9,25.37,2371600.0,2297200.0,0,0,0,0,0,0,0,0,0,0,0,0,0,0,38,2026-02-04 13:53:27.493367
WNTR,24.98,24.77,24.81,2143300.0,2148700.0,0,0,0,0,0,0,0,0,0,0,0,0,0,0,38,2026-02-04 13:53:27.493367
SPNG,24.56,24.56,25.51,2067500.0,2018700.0,0,0,0,0,0,0,0,0,0,0,0,0,0,0,39,2026-02-04 13:53:28.537561
SMMR,24.93,25.0,25.06,2213500.0,2246200.0,0,0,0,0,0,0,0,0,0,0,0,0,0,0,39,2026-02-04 13:53:28.537561
ATMN,25.02,24.9,25.02,2371500.0,2297600.0,0,0,0,0,0,0,0,0,0,0,0,0,0,0,39,2026-02-04 13:53:28.537561
WNTR,24.91,24.77,24.88,2143300.0,2163000.0,0,0,0,0,0,0,0,0,0,0,0,0,0,0,39,2026-02-04 13:53:28.537561
SPNG,25.54,25.31,25.54,2019300.0,2026800.0,0,0,0,0,0,0,0,0,0,0,0,0,0,0,40,2026-02-04 13:53:29.584358
SMMR,24.93,25.0,25.06,2196100.0,2216900.0,0,0,0,0,0,0,0,0,0,0,0,0,0,0,40,2026-02-04 13:53:29.584358
ATMN,25.38,25.1,25.38,2350900.0,2318000.0,0,0,0,0,0,0,0,0,0,0,0,0,0,0,40,2026-02-04 13:53:29.584358
WNTR,25.01,24.76,25.01,2185300.0,2124200.0,0,0,0,0,0,0,0,0,0,0,0,0,0,0,40,2026-02-04 13:53:29.584358
SPNG,24.58,24.58,25.34,2039800.0,1999400.0,0,0,0,0,0,0,0,0,0,0,0,0,0,0,41,2026-02-04 13:53:30.625792
SMMR,25.09,25.02,25.04,2209900.0,2208500.0,0,0,0,0,0,0,0,0,0,0,0,0,0,0,41,2026-02-04 13:53:30.625792
ATMN,25.35,25.1,25.11,2350900.0,2306400.0,0,0,0,0,0,0,0,0,0,0,0,0,0,0,41,2026-02-04 13:53:30.625792
WNTR,25.01,24.74,25.01,2186000.0,2124200.0,0,0,0,0,0,0,0,0,0,0,0,0,0,0,41,2026-02-04 13:53:30.625792
SPNG,25.34,25.07,25.34,2035800.0,2001000.0,0,0,0,0,0,0,0,0,0,0,0,0,0,0,42,2026-02-04 13:53:31.702610
SMMR,25.0,25.0,25.04,2196100.0,2204200.0,0,0,0,0,0,0,0,0,0,0,0,0,0,0,42,2026-02-04 13:53:31.702610
ATMN,25.4,25.28,25.4,2350100.0,2288500.0,0,0,0,0,0,0,0,0,0,0,0,0,0,0,42,2026-02-04 13:53:31.702610
WNTR,24.87,24.74,24.87,2158700.0,2127600.0,0,0,0,0,0,0,0,0,0,0,0,0,0,0,42,2026-02-04 13:53:31.702610
SPNG,24.56,24.56,25.34,2067500.0,2001000.0,0,0,0,0,0,0,0,0,0,0,0,0,0,0,43,2026-02-04 13:53:32.279879
SMMR,25.0,25.0,25.04,2212200.0,2204200.0,0,0,0,0,0,0,0,0,0,0,0,0,0,0,43,2026-02-04 13:53:32.279879
ATMN,25.4,25.39,25.4,2354200.0,2307800.0,0,0,0,0,0,0,0,0,0,0,0,0,0,0,43,2026-02-04 13:53:32.279879
WNTR,24.92,24.72,24.92,2170500.0,2151300.0,0,0,0,0,0,0,0,0,0,0,0,0,0,0,43,2026-02-04 13:53:32.279879
SPNG,24.55,24.55,25.34,2097800.0,2001100.0,0,0,0,0,0,0,0,0,0,0,0,0,0,0,44,2026-02-04 13:53:33.324547
SMMR,24.93,24.93,25.04,2219900.0,2204200.0,0,0,0,0,0,0,0,0,0,0,0,0,0,0,44,2026-02-04 13:53:33.324547
ATMN,25.43,25.39,25.43,2372800.0,2299200.0,0,0,0,0,0,0,0,0,0,0,0,0,0,0,44,2026-02-04 13:53:33.324547
WNTR,24.92,24.97,25.01,2205300.0,2124200.0,0,0,0,0,0,0,0,0,0,0,0,0,0,0,44,2026-02-04 13:53:33.324547
SPNG,24.75,24.75,25.19,2071100.0,1997200.0,0,0,0,0,0,0,0,0,0,0,0,0,0,0,45,2026-02-04 13:53:34.357230
SMMR,24.94,24.93,24.94,2219900.0,2237400.0,0,0,0,0,0,0,0,0,0,0,0,0,0,0,45,2026-02-04 13:53:34.357230
ATMN,25.28,25.28,25.43,2370900.0,2324300.0,0,0,0,0,0,0,0,0,0,0,0,0,0,0,45,2026-02-04 13:53:34.357230
WNTR,24.96,24.96,25.01,2229800.0,2135200.0,0,0,0,0,0,0,0,0,0,0,0,0,0,0,45,2026-02-04 13:53:34.357230
SPNG,24.74,24.74,25.34,2077700.0,2001100.0,0,0,0,0,0,0,0,0,0,0,0,0,0,0,46,2026-02-04 13:53:35.397900
SMMR,25.09,25.05,25.09,2224400.0,2225700.0,0,0,0,0,0,0,0,0,0,0,0,0,0,0,46,2026-02-04 13:53:35.397900
ATMN,25.45,25.44,25.45,2350000.0,2324200.0,0,0,0,0,0,0,0,0,0,0,0,0,0,0,46,2026-02-04 13:53:35.397900
WNTR,24.78,24.72,24.77,2170500.0,2142400.0,0,0,0,0,0,0,0,0,0,0,0,0,0,0,46,2026-02-04 13:53:35.397900
SPNG,24.55,24.48,24.5,2088300.0,2006700.0,0,0,0,0,0,0,0,0,0,0,0,0,0,0,47,2026-02-04 13:53:36.428298
SMMR,25.1,25.05,25.1,2224400.0,2192500.0,0,0,0,0,0,0,0,0,0,0,0,0,0,0,47,2026-02-04 13:53:36.428298
ATMN,25.2,25.2,25.45,2384300.0,2334200.0,0,0,0,0,0,0,0,0,0,0,0,0,0,0,47,2026-02-04 13:53:36.428298
WNTR,24.97,24.72,24.73,2170500.0,2163200.0,0,0,0,0,0,0,0,0,0,0,0,0,0,0,47,2026-02-04 13:53:36.428298
SPNG,24.5,24.77,24.98,2057200.0,1977400.0,0,0,0,0,0,0,0,0,0,0,0,0,0,0,48,2026-02-04 13:53:37.464831
SMMR,25.05,25.05,25.1,2224400.0,2192500.0,0,0,0,0,0,0,0,0,0,0,0,0,0,0,48,2026-02-04 13:53:37.464831
ATMN,25.47,25.2,25.47,2384300.0,2264300.0,0,0,0,0,0,0,0,0,0,0,0,0,0,0,48,2026-02-04 13:53:37.464831
WNTR,25.03,24.92,25.03,2182400.0,2107700.0,0,0,0,0,0,0,0,0,0,0,0,0,0,0,48,2026-02-04 13:53:37.464831
SPNG,25.45,24.77,25.45,2064300.0,1988900.0,0,0,0,0,0,0,0,0,0,0,0,0,0,0,49,2026-02-04 13:53:38.505086
SMMR,25.1,25.12,25.13,2222700.0,2217100.0,0,0,0,0,0,0,0,0,0,0,0,0,0,0,49,2026-02-04 13:53:38.505086
ATMN,25.5,25.3,25.5,2376300.0,2284100.0,0,0,0,0,0,0,0,0,0,0,0,0,0,0,49,2026-02-04 13:53:38.505086
WNTR,25.04,24.92,25.04,2180800.0,2172600.0,0,0,0,0,0,0,0,0,0,0,0,0,0,0,49,2026-02-04 13:53:38.505086
SPNG,25.15,25.15,25.3,2059300.0,2008800.0,0,0,0,0,0,0,0,0,0,0,0,0,0,0,50,2026-02-04 13:53:39.535635
SMMR,24.9,24.9,25.13,2207800.0,2188500.0,0,0,0,0,0,0,0,0,0,0,0,0,0,0,50,2026-02-04 13:53:39.535635
ATMN,25.52,25.3,25.52,2388600.0,2283500.0,0,0,0,0,0,0,0,0,0,0,0,0,0,0,50,2026-02-04 13:53:39.535635
WNTR,24.89,24.89,24.99,2209500.0,2153400.0,0,0,0,0,0,0,0,0,0,0,0,0,0,0,50,2026-02-04 13:53:39.535635
SPNG,24.77,25.19,25.3,2034400.0,2027400.0,0,0,0,0,0,0,0,0,0,0,0,0,0,0,51,2026-02-04 13:53:40.560889
SMMR,24.9,25.07,25.13,2216200.0,2190800.0,0,0,0,0,0,0,0,0,0,0,0,0,0,0,51,2026-02-04 13:53:40.560889
ATMN,25.63,25.3,25.63,2388600.0,2228900.0,0,0,0,0,0,0,0,0,0,0,0,0,0,0,51,2026-02-04 13:53:40.560889
WNTR,24.72,24.72,24.9,2221400.0,2136800.0,0,0,0,0,0,0,0,0,0,0,0,0,0,0,51,2026-02-04 13:53:40.560889
SPNG,24.75,24.75,25.3,2082900.0,2018300.0,0,0,0,0,0,0,0,0,0,0,0,0,0,0,52,2026-02-04 13:53:41.593606
SMMR,25.13,24.94,25.13,2231300.0,2190800.0,0,0,0,0,0,0,0,0,0,0,0,0,0,0,52,2026-02-04 13:53:41.593606
ATMN,25.45,25.57,25.64,2389500.0,2246100.0,0,0,0,0,0,0,0,0,0,0,0,0,0,0,52,2026-02-04 13:53:41.593606
WNTR,24.99,24.8,24.92,2216900.0,2114800.0,0,0,0,0,0,0,0,0,0,0,0,0,0,0,52,2026-02-04 13:53:41.593606
SPNG,24.68,24.97,25.3,2080800.0,2035900.0,0,0,0,0,0,0,0,0,0,0,0,0,0,0,53,2026-02-04 13:53:42.630316
SMMR,25.14,24.94,24.97,2231300.0,2166200.0,0,0,0,0,0,0,0,0,0,0,0,0,0,0,53,2026-02-04 13:53:42.630316
ATMN,25.3,25.3,25.64,2388600.0,2246100.0,0,0,0,0,0,0,0,0,0,0,0,0,0,0,53,2026-02-04 13:53:42.630316
WNTR,24.99,24.9,24.99,2167700.0,2153400.0,0,0,0,0,0,0,0,0,0,0,0,0,0,0,53,2026-02-04 13:53:42.630316
SPNG,25.09,24.97,25.09,2080800.0,2029900.0,0,0,0,0,0,0,0,0,0,0,0,0,0,0,54,2026-02-04 13:53:43.667916
SMMR,25.14,24.94,25.14,2231300.0,2191500.0,0,0,0,0,0,0,0,0,0,0,0,0,0,0,54,2026-02-04 13:53:43.667916
ATMN,25.57,25.57,25.64,2365800.0,2246100.0,0,0,0,0,0,0,0,0,0,0,0,0,0,0,54,2026-02-04 13:53:43.667916
WNTR,24.8,24.8,25.04,2188400.0,2153400.0,0,0,0,0,0,0,0,0,0,0,0,0,0,0,54,2026-02-04 13:53:43.667916
SPNG,25.09,24.97,25.03,2057800.0,2018200.0,0,0,0,0,0,0,0,0,0,0,0,0,0,0,55,2026-02-04 13:53:44.699549
SMMR,24.89,24.89,25.14,2192400.0,2191500.0,0,0,0,0,0,0,0,0,0,0,0,0,0,0,55,2026-02-04 13:53:44.699549
ATMN,25.57,25.34,25.48,2353600.0,2262700.0,0,0,0,0,0,0,0,0,0,0,0,0,0,0,55,2026-02-04 13:53:44.699549
WNTR,24.92,24.92,25.04,2171600.0,2153400.0,0,0,0,0,0,0,0,0,0,0,0,0,0,0,55,2026-02-04 13:53:44.699549
SPNG,25.09,25.26,25.3,2065000.0,2032200.0,0,0,0,0,0,0,0,0,0,0,0,0,0,0,56,2026-02-04 13:53:45.739688
SMMR,24.89,24.89,24.97,2192400.0,2217200.0,0,0,0,0,0,0,0,0,0,0,0,0,0,0,56,2026-02-04 13:53:45.739688
ATMN,25.66,25.42,25.66,2374200.0,2249800.0,0,0,0,0,0,0,0,0,0,0,0,0,0,0,56,2026-02-04 13:53:45.739688
WNTR,24.92,24.8,24.9,2149800.0,2120800.0,0,0,0,0,0,0,0,0,0,0,0,0,0,0,56,2026-02-04 13:53:45.739688
SPNG,25.03,25.03,25.3,2075700.0,2009900.0,0,0,0,0,0,0,0,0,0,0,0,0,0,0,57,2026-02-04 13:53:46.772160
SMMR,24.84,24.84,24.97,2158700.0,2217200.0,0,0,0,0,0,0,0,0,0,0,0,0,0,0,57,2026-02-04 13:53:46.772160
ATMN,25.42,25.56,25.66,2364300.0,2241100.0,0,0,0,0,0,0,0,0,0,0,0,0,0,0,57,2026-02-04 13:53:46.772160
WNTR,25.05,24.91,25.05,2215000.0,2142400.0,0,0,0,0,0,0,0,0,0,0,0,0,0,0,57,2026-02-04 13:53:46.772160
SPNG,25.03,25.03,25.09,2070500.0,1970400.0,0,0,0,0,0,0,0,0,0,0,0,0,0,0,58,2026-02-04 13:53:47.833191
SMMR,24.97,24.84,24.94,2158700.0,2207200.0,0,0,0,0,0,0,0,0,0,0,0,0,0,0,58,2026-02-04 13:53:47.833191
ATMN,25.67,25.72,25.73,2372800.0,2249600.0,0,0,0,0,0,0,0,0,0,0,0,0,0,0,58,2026-02-04 13:53:47.833191
WNTR,24.91,25.01,25.05,2157900.0,2142400.0,0,0,0,0,0,0,0,0,0,0,0,0,0,0,58,2026-02-04 13:53:47.833191
SPNG,25.03,25.03,25.09,2054900.0,1970400.0,0,0,0,0,0,0,0,0,0,0,0,0,0,0,59,2026-02-04 13:53:48.406973
SMMR,24.97,24.84,24.94,2181100.0,2207200.0,0,0,0,0,0,0,0,0,0,0,0,0,0,0,59,2026-02-04 13:53:48.406973
ATMN,25.72,25.36,25.68,2370900.0,2254100.0,0,0,0,0,0,0,0,0,0,0,0,0,0,0,59,2026-02-04 13:53:48.406973
WNTR,24.91,25.01,25.05,2157900.0,2121300.0,0,0,0,0,0,0,0,0,0,0,0,0,0,0,59,2026-02-04 13:53:48.406973
SPNG,25.03,25.4,0.0,200000.0,0,0,0,0,0,0,0,0,0,0,0,0,0,0,0,60,2026-02-04 13:53:49.543253
SMMR,24.97,25.53,0.0,200000.0,0,0,0,0,0,0,0,0,0,0,0,0,0,0,0,60,2026-02-04 13:53:49.543253
ATMN,25.72,26.82,0.0,200000.0,0,0,0,0,0,0,0,0,0,0,0,0,0,0,0,60,2026-02-04 13:53:49.543253
WNTR,24.85,25.65,0.0,200000.0,0,0,0,0,0,0,0,0,0,0,0,0,0,0,0,60,2026-02-04 13:53:49.543253
SPNG,25.96,25.96,26.32,879300.0,907300.0,0,0,0,0,0,0,0,0,0,0,0,0,0,0,61,2026-02-04 13:53:50.584415
SMMR,25.53,25.53,25.77,876500.0,880300.0,0,0,0,0,0,0,0,0,0,0,0,0,0,0,61,2026-02-04 13:53:50.584415
ATMN,26.82,26.82,27.21,988400.0,1049500.0,0,0,0,0,0,0,0,0,0,0,0,0,0,0,61,2026-02-04 13:53:50.584415
WNTR,25.65,25.66,25.73,851300.0,780200.0,0,0,0,0,0,0,0,0,0,0,0,0,0,0,61,2026-02-04 13:53:50.584415
SPNG,25.96,25.96,26.09,879300.0,1191200.0,0,0,0,0,0,0,0,0,0,0,0,0,0,0,62,2026-02-04 13:53:51.622884
SMMR,25.53,25.53,25.77,1028100.0,986800.0,0,0,0,0,0,0,0,0,0,0,0,0,0,0,62,2026-02-04 13:53:51.622884
ATMN,26.82,26.82,27.18,988400.0,1486800.0,0,0,0,0,0,0,0,0,0,0,0,0,0,0,62,2026-02-04 13:53:51.622884
WNTR,25.65,25.19,25.58,885600.0,1024700.0,0,0,0,0,0,0,0,0,0,0,0,0,0,0,62,2026-02-04 13:53:51.622884
SPNG,25.43,25.43,26.0,869400.0,1475700.0,0,0,0,0,0,0,0,0,0,0,0,0,0,0,63,2026-02-04 13:53:52.698760
SMMR,25.53,25.53,25.56,1125400.0,1272800.0,0,0,0,0,0,0,0,0,0,0,0,0,0,0,63,2026-02-04 13:53:52.698760
ATMN,26.82,26.82,27.0,1098100.0,1815700.0,0,0,0,0,0,0,0,0,0,0,0,0,0,0,63,2026-02-04 13:53:52.698760
WNTR,25.49,25.49,25.78,1000500.0,798700.0,0,0,0,0,0,0,0,0,0,0,0,0,0,0,63,2026-02-04 13:53:52.698760
SPNG,25.4,25.4,25.7,886600.0,1663100.0,0,0,0,0,0,0,0,0,0,0,0,0,0,0,64,2026-02-04 13:53:53.731794
SMMR,25.69,25.53,25.64,1125400.0,1411900.0,0,0,0,0,0,0,0,0,0,0,0,0,0,0,64,2026-02-04 13:53:53.731794
ATMN,26.82,26.82,26.83,1098100.0,2147500.0,0,0,0,0,0,0,0,0,0,0,0,0,0,0,64,2026-02-04 13:53:53.731794
WNTR,25.49,25.56,25.61,1211600.0,885100.0,0,0,0,0,0,0,0,0,0,0,0,0,0,0,64,2026-02-04 13:53:53.731794
SPNG,25.4,25.19,25.37,1076500.0,1763400.0,0,0,0,0,0,0,0,0,0,0,0,0,0,0,65,2026-02-04 13:53:54.774457
SMMR,25.53,25.53,25.64,998700.0,1597200.0,0,0,0,0,0,0,0,0,0,0,0,0,0,0,65,2026-02-04 13:53:54.774457
ATMN,26.91,26.82,26.91,998100.0,2137300.0,0,0,0,0,0,0,0,0,0,0,0,0,0,0,65,2026-02-04 13:53:54.774457
WNTR,25.78,25.85,25.92,1440800.0,785400.0,0,0,0,0,0,0,0,0,0,0,0,0,0,0,65,2026-02-04 13:53:54.774457
SPNG,25.37,25.56,25.7,1350400.0,1663100.0,0,0,0,0,0,0,0,0,0,0,0,0,0,0,66,2026-02-04 13:53:55.803287
SMMR,25.61,25.61,25.64,1088400.0,1597200.0,0,0,0,0,0,0,0,0,0,0,0,0,0,0,66,2026-02-04 13:53:55.803287
ATMN,26.27,26.72,26.91,1334100.0,2137300.0,0,0,0,0,0,0,0,0,0,0,0,0,0,0,66,2026-02-04 13:53:55.803287
WNTR,25.66,25.56,25.59,1211600.0,1119200.0,0,0,0,0,0,0,0,0,0,0,0,0,0,0,66,2026-02-04 13:53:55.803287
SPNG,25.56,25.42,25.49,1365900.0,1878400.0,0,0,0,0,0,0,0,0,0,0,0,0,0,0,67,2026-02-04 13:53:56.834168
SMMR,25.64,25.37,25.46,901400.0,1689400.0,0,0,0,0,0,0,0,0,0,0,0,0,0,0,67,2026-02-04 13:53:56.834168
ATMN,26.97,26.72,26.97,1556700.0,2030000.0,0,0,0,0,0,0,0,0,0,0,0,0,0,0,67,2026-02-04 13:53:56.834168
WNTR,25.66,25.56,25.59,1548600.0,1119200.0,0,0,0,0,0,0,0,0,0,0,0,0,0,0,67,2026-02-04 13:53:56.834168
SPNG,25.61,25.42,25.47,1479300.0,1878000.0,0,0,0,0,0,0,0,0,0,0,0,0,0,0,68,2026-02-04 13:53:57.866151
SMMR,25.49,25.37,25.46,901400.0,1561700.0,0,0,0,0,0,0,0,0,0,0,0,0,0,0,68,2026-02-04 13:53:57.866151
ATMN,27.0,26.72,27.0,1556700.0,2152700.0,0,0,0,0,0,0,0,0,0,0,0,0,0,0,68,2026-02-04 13:53:57.866151
WNTR,25.56,25.56,25.85,1548600.0,1084600.0,0,0,0,0,0,0,0,0,0,0,0,0,0,0,68,2026-02-04 13:53:57.866151
SPNG,25.61,25.42,25.47,1479300.0,1893800.0,0,0,0,0,0,0,0,0,0,0,0,0,0,0,69,2026-02-04 13:53:58.405143
SMMR,25.69,25.37,25.54,901400.0,1569900.0,0,0,0,0,0,0,0,0,0,0,0,0,0,0,69,2026-02-04 13:53:58.405143
ATMN,26.66,26.66,27.0,1465300.0,2168600.0,0,0,0,0,0,0,0,0,0,0,0,0,0,0,69,2026-02-04 13:53:58.405143
WNTR,25.85,25.63,25.85,1632600.0,1084600.0,0,0,0,0,0,0,0,0,0,0,0,0,0,0,69,2026-02-04 13:53:58.405143
SPNG,25.19,25.19,25.47,1277800.0,1884200.0,0,0,0,0,0,0,0,0,0,0,0,0,0,0,70,2026-02-04 13:53:59.537170
SMMR,25.49,25.37,25.41,1124400.0,1677500.0,0,0,0,0,0,0,0,0,0,0,0,0,0,0,70,2026-02-04 13:53:59.537170
ATMN,26.5,26.5,26.87,1349600.0,2149500.0,0,0,0,0,0,0,0,0,0,0,0,0,0,0,70,2026-02-04 13:53:59.537170
WNTR,25.92,25.63,25.92,1761200.0,1093600.0,0,0,0,0,0,0,0,0,0,0,0,0,0,0,70,2026-02-04 13:53:59.537170
SPNG,25.61,25.19,25.61,1473600.0,1911400.0,0,0,0,0,0,0,0,0,0,0,0,0,0,0,71,2026-02-04 13:54:00.599526
SMMR,25.46,25.37,25.39,1240600.0,1692600.0,0,0,0,0,0,0,0,0,0,0,0,0,0,0,71,2026-02-04 13:54:00.599526
ATMN,26.45,26.7,26.87,1451400.0,2149500.0,0,0,0,0,0,0,0,0,0,0,0,0,0,0,71,2026-02-04 13:54:00.599526
WNTR,25.68,25.63,25.68,1761200.0,1300600.0,0,0,0,0,0,0,0,0,0,0,0,0,0,0,71,2026-02-04 13:54:00.599526
SPNG,25.17,25.17,25.29,1484400.0,1926800.0,0,0,0,0,0,0,0,0,0,0,0,0,0,0,72,2026-02-04 13:54:01.631142
SMMR,25.54,25.37,25.54,1428600.0,1569900.0,0,0,0,0,0,0,0,0,0,0,0,0,0,0,72,2026-02-04 13:54:01.631142
ATMN,26.14,26.14,26.87,1126100.0,2149500.0,0,0,0,0,0,0,0,0,0,0,0,0,0,0,72,2026-02-04 13:54:01.631142
WNTR,25.55,25.55,25.77,1552000.0,1214100.0,0,0,0,0,0,0,0,0,0,0,0,0,0,0,72,2026-02-04 13:54:01.631142
SPNG,25.63,25.17,25.63,1484400.0,1910200.0,0,0,0,0,0,0,0,0,0,0,0,0,0,0,73,2026-02-04 13:54:02.669325
SMMR,25.76,25.37,25.4,1428600.0,1571200.0,0,0,0,0,0,0,0,0,0,0,0,0,0,0,73,2026-02-04 13:54:02.669325
ATMN,26.97,26.19,26.97,1258900.0,2159500.0,0,0,0,0,0,0,0,0,0,0,0,0,0,0,73,2026-02-04 13:54:02.669325
WNTR,25.89,25.55,25.71,1672200.0,1275800.0,0,0,0,0,0,0,0,0,0,0,0,0,0,0,73,2026-02-04 13:54:02.669325
SPNG,25.63,25.17,25.5,1484400.0,1886700.0,0,0,0,0,0,0,0,0,0,0,0,0,0,0,74,2026-02-04 13:54:03.707318
SMMR,25.4,25.45,25.77,1745100.0,1460500.0,0,0,0,0,0,0,0,0,0,0,0,0,0,0,74,2026-02-04 13:54:03.707318
ATMN,27.0,26.48,27.0,1392600.0,2163400.0,0,0,0,0,0,0,0,0,0,0,0,0,0,0,74,2026-02-04 13:54:03.707318
WNTR,25.6,25.6,25.71,1890200.0,1275800.0,0,0,0,0,0,0,0,0,0,0,0,0,0,0,74,2026-02-04 13:54:03.707318
SPNG,25.66,25.16,25.66,1371000.0,1897300.0,0,0,0,0,0,0,0,0,0,0,0,0,0,0,75,2026-02-04 13:54:04.753323
SMMR,25.4,25.58,25.66,1965700.0,1639000.0,0,0,0,0,0,0,0,0,0,0,0,0,0,0,75,2026-02-04 13:54:04.753323
ATMN,27.0,26.48,26.61,1621700.0,2171800.0,0,0,0,0,0,0,0,0,0,0,0,0,0,0,75,2026-02-04 13:54:04.753323
WNTR,25.92,25.98,26.02,2075400.0,1184400.0,0,0,0,0,0,0,0,0,0,0,0,0,0,0,75,2026-02-04 13:54:04.753323
SPNG,25.66,25.17,25.27,1542500.0,1908800.0,0,0,0,0,0,0,0,0,0,0,0,0,0,0,76,2026-02-04 13:54:05.788595
SMMR,25.51,25.51,25.65,1862100.0,1831100.0,0,0,0,0,0,0,0,0,0,0,0,0,0,0,76,2026-02-04 13:54:05.788595
ATMN,26.45,26.45,26.61,1579600.0,2171800.0,0,0,0,0,0,0,0,0,0,0,0,0,0,0,76,2026-02-04 13:54:05.788595
WNTR,25.98,25.6,25.95,1975800.0,1490600.0,0,0,0,0,0,0,0,0,0,0,0,0,0,0,76,2026-02-04 13:54:05.788595
SPNG,25.17,25.17,25.66,1542500.0,1907100.0,0,0,0,0,0,0,0,0,0,0,0,0,0,0,77,2026-02-04 13:54:06.817861
SMMR,25.45,25.45,25.65,1843100.0,1923000.0,0,0,0,0,0,0,0,0,0,0,0,0,0,0,77,2026-02-04 13:54:06.817861
ATMN,26.61,26.45,26.61,1804100.0,2171800.0,0,0,0,0,0,0,0,0,0,0,0,0,0,0,77,2026-02-04 13:54:06.817861
WNTR,25.79,25.79,25.95,2092000.0,1490600.0,0,0,0,0,0,0,0,0,0,0,0,0,0,0,77,2026-02-04 13:54:06.817861
SPNG,25.7,25.16,25.7,1458100.0,1923700.0,0,0,0,0,0,0,0,0,0,0,0,0,0,0,78,2026-02-04 13:54:07.859752
SMMR,25.45,25.38,25.4,1806600.0,1923200.0,0,0,0,0,0,0,0,0,0,0,0,0,0,0,78,2026-02-04 13:54:07.859752
ATMN,26.61,26.45,26.61,2057700.0,2188100.0,0,0,0,0,0,0,0,0,0,0,0,0,0,0,78,2026-02-04 13:54:07.859752
WNTR,25.39,25.39,25.95,1458500.0,1490600.0,0,0,0,0,0,0,0,0,0,0,0,0,0,0,78,2026-02-04 13:54:07.859752
SPNG,25.7,25.69,25.7,1667400.0,1891800.0,0,0,0,0,0,0,0,0,0,0,0,0,0,0,79,2026-02-04 13:54:08.900320
SMMR,25.4,25.55,25.62,2029200.0,1939700.0,0,0,0,0,0,0,0,0,0,0,0,0,0,0,79,2026-02-04 13:54:08.900320
ATMN,26.61,26.74,26.75,2410100.0,2195300.0,0,0,0,0,0,0,0,0,0,0,0,0,0,0,79,2026-02-04 13:54:08.900320
WNTR,25.39,25.63,25.85,1631700.0,1589600.0,0,0,0,0,0,0,0,0,0,0,0,0,0,0,79,2026-02-04 13:54:08.900320
SPNG,25.16,25.16,25.7,1563000.0,1898000.0,0,0,0,0,0,0,0,0,0,0,0,0,0,0,80,2026-02-04 13:54:09.936264
SMMR,25.52,25.52,25.62,1916700.0,1951800.0,0,0,0,0,0,0,0,0,0,0,0,0,0,0,80,2026-02-04 13:54:09.936264
ATMN,26.45,26.45,26.75,2280800.0,2181400.0,0,0,0,0,0,0,0,0,0,0,0,0,0,0,80,2026-02-04 13:54:09.936264
WNTR,25.63,25.41,25.62,1779500.0,1705100.0,0,0,0,0,0,0,0,0,0,0,0,0,0,0,80,2026-02-04 13:54:09.936264
SPNG,25.12,25.12,25.7,1487900.0,1898000.0,0,0,0,0,0,0,0,0,0,0,0,0,0,0,81,2026-02-04 13:54:10.473554
SMMR,25.52,25.41,25.47,1920200.0,1950400.0,0,0,0,0,0,0,0,0,0,0,0,0,0,0,81,2026-02-04 13:54:10.473554
ATMN,26.45,26.45,26.56,2378200.0,2161500.0,0,0,0,0,0,0,0,0,0,0,0,0,0,0,81,2026-02-04 13:54:10.473554
WNTR,25.63,25.41,25.62,1997000.0,1705100.0,0,0,0,0,0,0,0,0,0,0,0,0,0,0,81,2026-02-04 13:54:10.473554
SPNG,25.03,25.57,25.7,1489700.0,1915800.0,0,0,0,0,0,0,0,0,0,0,0,0,0,0,82,2026-02-04 13:54:11.504410
SMMR,25.65,25.49,25.65,2150700.0,1939200.0,0,0,0,0,0,0,0,0,0,0,0,0,0,0,82,2026-02-04 13:54:11.504410
ATMN,26.67,26.54,26.55,2302800.0,2198200.0,0,0,0,0,0,0,0,0,0,0,0,0,0,0,82,2026-02-04 13:54:11.504410
WNTR,25.85,25.64,25.85,2185700.0,1589600.0,0,0,0,0,0,0,0,0,0,0,0,0,0,0,82,2026-02-04 13:54:11.504410
SPNG,25.03,25.57,25.7,1489700.0,1902600.0,0,0,0,0,0,0,0,0,0,0,0,0,0,0,83,2026-02-04 13:54:12.543588
SMMR,25.65,25.49,25.55,2150700.0,2010400.0,0,0,0,0,0,0,0,0,0,0,0,0,0,0,83,2026-02-04 13:54:12.543588
ATMN,26.55,26.69,26.75,2298200.0,2181400.0,0,0,0,0,0,0,0,0,0,0,0,0,0,0,83,2026-02-04 13:54:12.543588
WNTR,25.85,25.83,25.85,2184800.0,1712700.0,0,0,0,0,0,0,0,0,0,0,0,0,0,0,83,2026-02-04 13:54:12.543588
SPNG,25.57,25.57,25.7,1489700.0,1914500.0,0,0,0,0,0,0,0,0,0,0,0,0,0,0,84,2026-02-04 13:54:13.567988
SMMR,25.66,25.49,25.66,2164400.0,1958500.0,0,0,0,0,0,0,0,0,0,0,0,0,0,0,84,2026-02-04 13:54:13.567988
ATMN,26.61,26.61,26.62,2305300.0,2162700.0,0,0,0,0,0,0,0,0,0,0,0,0,0,0,84,2026-02-04 13:54:13.567988
WNTR,25.85,25.93,25.95,2178400.0,1613700.0,0,0,0,0,0,0,0,0,0,0,0,0,0,0,84,2026-02-04 13:54:13.567988
SPNG,25.57,25.03,25.43,1374500.0,1907400.0,0,0,0,0,0,0,0,0,0,0,0,0,0,0,85,2026-02-04 13:54:14.598219
SMMR,25.41,25.41,25.68,2156300.0,1864500.0,0,0,0,0,0,0,0,0,0,0,0,0,0,0,85,2026-02-04 13:54:14.598219
ATMN,26.75,26.42,26.75,2376400.0,2154300.0,0,0,0,0,0,0,0,0,0,0,0,0,0,0,85,2026-02-04 13:54:14.598219
WNTR,25.93,25.6,25.62,2203400.0,1825500.0,0,0,0,0,0,0,0,0,0,0,0,0,0,0,85,2026-02-04 13:54:14.598219
SPNG,25.57,25.05,25.43,1681600.0,1907400.0,0,0,0,0,0,0,0,0,0,0,0,0,0,0,86,2026-02-04 13:54:15.639188
SMMR,25.41,25.53,25.67,2135700.0,1985900.0,0,0,0,0,0,0,0,0,0,0,0,0,0,0,86,2026-02-04 13:54:15.639188
ATMN,26.75,26.65,26.75,2343100.0,2154300.0,0,0,0,0,0,0,0,0,0,0,0,0,0,0,86,2026-02-04 13:54:15.639188
WNTR,25.62,25.6,25.62,2171900.0,1825500.0,0,0,0,0,0,0,0,0,0,0,0,0,0,0,86,2026-02-04 13:54:15.639188
SPNG,25.57,25.05,25.43,1994700.0,1907400.0,0,0,0,0,0,0,0,0,0,0,0,0,0,0,87,2026-02-04 13:54:16.681053
SMMR,25.39,25.64,25.67,2143500.0,1985900.0,0,0,0,0,0,0,0,0,0,0,0,0,0,0,87,2026-02-04 13:54:16.681053
ATMN,26.72,26.72,26.75,2323700.0,2170000.0,0,0,0,0,0,0,0,0,0,0,0,0,0,0,87,2026-02-04 13:54:16.681053
WNTR,25.62,25.73,25.77,2159800.0,1904100.0,0,0,0,0,0,0,0,0,0,0,0,0,0,0,87,2026-02-04 13:54:16.681053
SPNG,25.58,25.05,25.31,2096100.0,1924600.0,0,0,0,0,0,0,0,0,0,0,0,0,0,0,88,2026-02-04 13:54:17.728394
SMMR,25.64,25.64,25.67,2143500.0,2041500.0,0,0,0,0,0,0,0,0,0,0,0,0,0,0,88,2026-02-04 13:54:17.728394
ATMN,26.77,26.65,26.77,2343100.0,2161000.0,0,0,0,0,0,0,0,0,0,0,0,0,0,0,88,2026-02-04 13:54:17.728394
WNTR,25.77,25.78,25.84,2125900.0,1908400.0,0,0,0,0,0,0,0,0,0,0,0,0,0,0,88,2026-02-04 13:54:17.728394
SPNG,25.31,25.05,25.31,2137200.0,1924600.0,0,0,0,0,0,0,0,0,0,0,0,0,0,0,89,2026-02-04 13:54:18.765893
SMMR,25.64,25.38,25.43,2128000.0,2068500.0,0,0,0,0,0,0,0,0,0,0,0,0,0,0,89,2026-02-04 13:54:18.765893
ATMN,26.62,26.62,26.77,2300000.0,2178200.0,0,0,0,0,0,0,0,0,0,0,0,0,0,0,89,2026-02-04 13:54:18.765893
WNTR,25.84,25.73,25.84,2159800.0,1815600.0,0,0,0,0,0,0,0,0,0,0,0,0,0,0,89,2026-02-04 13:54:18.765893
SPNG,25.57,25.19,25.5,2121100.0,1908200.0,0,0,0,0,0,0,0,0,0,0,0,0,0,0,90,2026-02-04 13:54:19.809021
SMMR,25.64,25.38,25.4,2099800.0,2077300.0,0,0,0,0,0,0,0,0,0,0,0,0,0,0,90,2026-02-04 13:54:19.809021
ATMN,26.42,26.36,26.41,2327300.0,2189100.0,0,0,0,0,0,0,0,0,0,0,0,0,0,0,90,2026-02-04 13:54:19.809021
WNTR,25.95,25.66,25.95,2160800.0,1591500.0,0,0,0,0,0,0,0,0,0,0,0,0,0,0,90,2026-02-04 13:54:19.809021
SPNG,25.7,25.19,25.7,2123500.0,1913700.0,0,0,0,0,0,0,0,0,0,0,0,0,0,0,91,2026-02-04 13:54:20.855599
SMMR,25.4,25.42,25.43,2054500.0,2068500.0,0,0,0,0,0,0,0,0,0,0,0,0,0,0,91,2026-02-04 13:54:20.855599
ATMN,26.77,26.63,26.77,2331100.0,2171900.0,0,0,0,0,0,0,0,0,0,0,0,0,0,0,91,2026-02-04 13:54:20.855599
WNTR,25.66,25.66,25.81,2160800.0,1684700.0,0,0,0,0,0,0,0,0,0,0,0,0,0,0,91,2026-02-04 13:54:20.855599
SPNG,25.19,25.19,25.71,2125500.0,1909500.0,0,0,0,0,0,0,0,0,0,0,0,0,0,0,92,2026-02-04 13:54:21.899470
SMMR,25.43,25.53,25.56,2124800.0,2059400.0,0,0,0,0,0,0,0,0,0,0,0,0,0,0,92,2026-02-04 13:54:21.899470
ATMN,26.63,26.36,26.4,2318600.0,2167000.0,0,0,0,0,0,0,0,0,0,0,0,0,0,0,92,2026-02-04 13:54:21.899470
WNTR,25.56,25.56,25.75,2162600.0,1781200.0,0,0,0,0,0,0,0,0,0,0,0,0,0,0,92,2026-02-04 13:54:21.899470
SPNG,25.05,25.05,25.68,2122800.0,1907100.0,0,0,0,0,0,0,0,0,0,0,0,0,0,0,93,2026-02-04 13:54:22.937431
SMMR,25.67,25.45,25.67,2110000.0,2053400.0,0,0,0,0,0,0,0,0,0,0,0,0,0,0,93,2026-02-04 13:54:22.937431
ATMN,26.69,26.37,26.45,2298200.0,2154700.0,0,0,0,0,0,0,0,0,0,0,0,0,0,0,93,2026-02-04 13:54:22.937431
WNTR,25.98,25.56,25.98,2162600.0,1713100.0,0,0,0,0,0,0,0,0,0,0,0,0,0,0,93,2026-02-04 13:54:22.937431
SPNG,25.05,25.57,25.68,2116400.0,1937500.0,0,0,0,0,0,0,0,0,0,0,0,0,0,0,94,2026-02-04 13:54:23.972578
SMMR,25.68,25.45,25.68,2110000.0,2027000.0,0,0,0,0,0,0,0,0,0,0,0,0,0,0,94,2026-02-04 13:54:23.972578
ATMN,26.71,26.37,26.51,2298200.0,2169600.0,0,0,0,0,0,0,0,0,0,0,0,0,0,0,94,2026-02-04 13:54:23.972578
WNTR,25.98,25.56,25.62,2158000.0,1798100.0,0,0,0,0,0,0,0,0,0,0,0,0,0,0,94,2026-02-04 13:54:23.972578
SPNG,25.05,25.05,25.68,2117800.0,1928600.0,0,0,0,0,0,0,0,0,0,0,0,0,0,0,95,2026-02-04 13:54:25.010506
SMMR,25.45,25.45,25.5,2089500.0,2056200.0,0,0,0,0,0,0,0,0,0,0,0,0,0,0,95,2026-02-04 13:54:25.010506
ATMN,26.71,26.4,26.51,2296400.0,2169600.0,0,0,0,0,0,0,0,0,0,0,0,0,0,0,95,2026-02-04 13:54:25.010506
WNTR,25.56,25.56,25.99,2158000.0,1625400.0,0,0,0,0,0,0,0,0,0,0,0,0,0,0,95,2026-02-04 13:54:25.010506
SPNG,25.05,25.05,25.66,2117800.0,1933100.0,0,0,0,0,0,0,0,0,0,0,0,0,0,0,96,2026-02-04 13:54:25.550431
SMMR,25.43,25.45,25.5,2098000.0,2056200.0,0,0,0,0,0,0,0,0,0,0,0,0,0,0,96,2026-02-04 13:54:25.550431
ATMN,26.71,26.4,26.51,2303200.0,2169600.0,0,0,0,0,0,0,0,0,0,0,0,0,0,0,96,2026-02-04 13:54:25.550431
WNTR,25.56,25.56,25.91,2158000.0,1712400.0,0,0,0,0,0,0,0,0,0,0,0,0,0,0,96,2026-02-04 13:54:25.550431
SPNG,25.53,25.25,25.53,2098000.0,1938900.0,0,0,0,0,0,0,0,0,0,0,0,0,0,0,97,2026-02-04 13:54:26.609281
SMMR,25.5,25.62,25.68,2135700.0,2027500.0,0,0,0,0,0,0,0,0,0,0,0,0,0,0,97,2026-02-04 13:54:26.609281
ATMN,26.77,26.53,26.58,2235500.0,2156900.0,0,0,0,0,0,0,0,0,0,0,0,0,0,0,97,2026-02-04 13:54:26.609281
WNTR,25.62,25.84,25.91,2163900.0,1712400.0,0,0,0,0,0,0,0,0,0,0,0,0,0,0,97,2026-02-04 13:54:26.609281
SPNG,25.05,25.45,25.53,2101100.0,1968500.0,0,0,0,0,0,0,0,0,0,0,0,0,0,0,98,2026-02-04 13:54:27.643757
SMMR,25.68,25.42,25.68,2118000.0,2027500.0,0,0,0,0,0,0,0,0,0,0,0,0,0,0,98,2026-02-04 13:54:27.643757
ATMN,26.4,26.4,26.58,2303200.0,2155300.0,0,0,0,0,0,0,0,0,0,0,0,0,0,0,98,2026-02-04 13:54:27.643757
WNTR,25.84,25.84,25.91,2163900.0,1923600.0,0,0,0,0,0,0,0,0,0,0,0,0,0,0,98,2026-02-04 13:54:27.643757
SPNG,25.05,25.05,25.53,2118200.0,1955800.0,0,0,0,0,0,0,0,0,0,0,0,0,0,0,99,2026-02-04 13:54:28.682573
SMMR,25.59,25.45,25.49,2110900.0,2034700.0,0,0,0,0,0,0,0,0,0,0,0,0,0,0,99,2026-02-04 13:54:28.682573
ATMN,26.4,26.4,26.58,2259000.0,2155300.0,0,0,0,0,0,0,0,0,0,0,0,0,0,0,99,2026-02-04 13:54:28.682573
WNTR,25.84,25.84,25.91,2163900.0,2034100.0,0,0,0,0,0,0,0,0,0,0,0,0,0,0,99,2026-02-04 13:54:28.682573
SPNG,25.66,25.1,25.66,2061000.0,1926200.0,0,0,0,0,0,0,0,0,0,0,0,0,0,0,100,2026-02-04 13:54:29.750462
SMMR,25.62,25.64,25.68,2072700.0,2027500.0,0,0,0,0,0,0,0,0,0,0,0,0,0,0,100,2026-02-04 13:54:29.750462
ATMN,26.37,26.37,26.58,2244000.0,2155300.0,0,0,0,0,0,0,0,0,0,0,0,0,0,0,100,2026-02-04 13:54:29.750462
WNTR,25.84,25.84,25.91,2163900.0,2040100.0,0,0,0,0,0,0,0,0,0,0,0,0,0,0,100,2026-02-04 13:54:29.750462
SPNG,25.68,25.1,25.68,2063800.0,1916300.0,0,0,0,0,0,0,0,0,0,0,0,0,0,0,101,2026-02-04 13:54:30.797864
SMMR,25.6,25.6,25.68,2083700.0,2051600.0,0,0,0,0,0,0,0,0,0,0,0,0,0,0,101,2026-02-04 13:54:30.797864
ATMN,26.37,26.37,26.71,2244000.0,2141100.0,0,0,0,0,0,0,0,0,0,0,0,0,0,0,101,2026-02-04 13:54:30.797864
WNTR,25.81,25.57,25.81,2169600.0,2065700.0,0,0,0,0,0,0,0,0,0,0,0,0,0,0,101,2026-02-04 13:54:30.797864
SPNG,25.06,25.31,25.68,2085700.0,1916300.0,0,0,0,0,0,0,0,0,0,0,0,0,0,0,102,2026-02-04 13:54:31.831888
SMMR,25.6,25.5,25.51,2097300.0,2031200.0,0,0,0,0,0,0,0,0,0,0,0,0,0,0,102,2026-02-04 13:54:31.831888
ATMN,26.37,26.37,26.59,2256700.0,2123200.0,0,0,0,0,0,0,0,0,0,0,0,0,0,0,102,2026-02-04 13:54:31.831888
WNTR,25.81,25.59,25.81,2170700.0,2067100.0,0,0,0,0,0,0,0,0,0,0,0,0,0,0,102,2026-02-04 13:54:31.831888
SPNG,25.03,25.31,25.68,2113000.0,1916300.0,0,0,0,0,0,0,0,0,0,0,0,0,0,0,103,2026-02-04 13:54:32.868876
SMMR,25.51,25.57,25.64,2069900.0,2029000.0,0,0,0,0,0,0,0,0,0,0,0,0,0,0,103,2026-02-04 13:54:32.868876
ATMN,26.71,26.36,26.71,2281100.0,2112000.0,0,0,0,0,0,0,0,0,0,0,0,0,0,0,103,2026-02-04 13:54:32.868876
WNTR,25.67,25.67,25.81,2159100.0,2074100.0,0,0,0,0,0,0,0,0,0,0,0,0,0,0,103,2026-02-04 13:54:32.868876
SPNG,25.03,25.31,25.55,2113000.0,1980900.0,0,0,0,0,0,0,0,0,0,0,0,0,0,0,104,2026-02-04 13:54:33.906731
SMMR,25.68,25.57,25.68,2069900.0,2062100.0,0,0,0,0,0,0,0,0,0,0,0,0,0,0,104,2026-02-04 13:54:33.906731
ATMN,26.58,26.58,26.71,2288000.0,2137600.0,0,0,0,0,0,0,0,0,0,0,0,0,0,0,104,2026-02-04 13:54:33.906731
WNTR,25.82,25.67,25.7,2159100.0,2094400.0,0,0,0,0,0,0,0,0,0,0,0,0,0,0,104,2026-02-04 13:54:33.906731
SPNG,25.31,25.11,25.3,2083700.0,2000300.0,0,0,0,0,0,0,0,0,0,0,0,0,0,0,105,2026-02-04 13:54:34.957485
SMMR,25.5,25.5,25.64,2076400.0,2055900.0,0,0,0,0,0,0,0,0,0,0,0,0,0,0,105,2026-02-04 13:54:34.957485
ATMN,26.35,26.65,26.71,2262400.0,2137600.0,0,0,0,0,0,0,0,0,0,0,0,0,0,0,105,2026-02-04 13:54:34.957485
WNTR,25.7,25.74,25.82,2133100.0,2065500.0,0,0,0,0,0,0,0,0,0,0,0,0,0,0,105,2026-02-04 13:54:34.957485
SPNG,25.55,25.15,25.55,2053700.0,1980900.0,0,0,0,0,0,0,0,0,0,0,0,0,0,0,106,2026-02-04 13:54:35.998139
SMMR,25.5,25.5,25.56,2076400.0,2104400.0,0,0,0,0,0,0,0,0,0,0,0,0,0,0,106,2026-02-04 13:54:35.998139
ATMN,26.65,26.35,26.51,2266500.0,2129500.0,0,0,0,0,0,0,0,0,0,0,0,0,0,0,106,2026-02-04 13:54:35.998139
WNTR,25.83,25.78,25.83,2148200.0,2048600.0,0,0,0,0,0,0,0,0,0,0,0,0,0,0,106,2026-02-04 13:54:35.998139
SPNG,25.17,25.45,25.55,2030800.0,1980900.0,0,0,0,0,0,0,0,0,0,0,0,0,0,0,107,2026-02-04 13:54:37.040399
SMMR,25.64,25.48,25.64,2088600.0,2118600.0,0,0,0,0,0,0,0,0,0,0,0,0,0,0,107,2026-02-04 13:54:37.040399
ATMN,26.51,26.39,26.51,2254300.0,2129500.0,0,0,0,0,0,0,0,0,0,0,0,0,0,0,107,2026-02-04 13:54:37.040399
WNTR,25.78,25.59,25.62,2158600.0,2075000.0,0,0,0,0,0,0,0,0,0,0,0,0,0,0,107,2026-02-04 13:54:37.040399
SPNG,25.11,25.11,25.55,2005500.0,1980900.0,0,0,0,0,0,0,0,0,0,0,0,0,0,0,108,2026-02-04 13:54:38.083678
SMMR,25.64,25.48,25.58,2088600.0,2114500.0,0,0,0,0,0,0,0,0,0,0,0,0,0,0,108,2026-02-04 13:54:38.083678
ATMN,26.77,26.39,26.66,2254300.0,2141400.0,0,0,0,0,0,0,0,0,0,0,0,0,0,0,108,2026-02-04 13:54:38.083678
WNTR,25.76,25.59,25.64,2150300.0,2041000.0,0,0,0,0,0,0,0,0,0,0,0,0,0,0,108,2026-02-04 13:54:38.083678
SPNG,25.55,25.67,25.68,2013100.0,1986500.0,0,0,0,0,0,0,0,0,0,0,0,0,0,0,109,2026-02-04 13:54:39.114624
SMMR,25.58,25.48,25.58,2088600.0,2118100.0,0,0,0,0,0,0,0,0,0,0,0,0,0,0,109,2026-02-04 13:54:39.114624
ATMN,26.66,26.35,26.66,2266500.0,2141400.0,0,0,0,0,0,0,0,0,0,0,0,0,0,0,109,2026-02-04 13:54:39.114624
WNTR,25.64,25.77,25.83,2120600.0,2054000.0,0,0,0,0,0,0,0,0,0,0,0,0,0,0,109,2026-02-04 13:54:39.114624
SPNG,25.04,25.04,25.26,2015400.0,1979600.0,0,0,0,0,0,0,0,0,0,0,0,0,0,0,110,2026-02-04 13:54:39.651741
SMMR,25.45,25.45,25.58,2110900.0,2096900.0,0,0,0,0,0,0,0,0,0,0,0,0,0,0,110,2026-02-04 13:54:39.651741
ATMN,26.78,26.63,26.78,2264200.0,2153000.0,0,0,0,0,0,0,0,0,0,0,0,0,0,0,110,2026-02-04 13:54:39.651741
WNTR,25.77,25.77,25.82,2139400.0,2052800.0,0,0,0,0,0,0,0,0,0,0,0,0,0,0,110,2026-02-04 13:54:39.651741
SPNG,25.26,25.04,25.26,2015400.0,1979600.0,0,0,0,0,0,0,0,0,0,0,0,0,0,0,111,2026-02-04 13:54:40.696438
SMMR,25.45,25.5,25.58,2082600.0,2096900.0,0,0,0,0,0,0,0,0,0,0,0,0,0,0,111,2026-02-04 13:54:40.696438
ATMN,26.69,26.71,26.77,2261200.0,2109300.0,0,0,0,0,0,0,0,0,0,0,0,0,0,0,111,2026-02-04 13:54:40.696438
WNTR,25.75,25.68,25.75,2115600.0,2085500.0,0,0,0,0,0,0,0,0,0,0,0,0,0,0,111,2026-02-04 13:54:40.696438
SPNG,25.26,25.08,25.26,2037800.0,1979600.0,0,0,0,0,0,0,0,0,0,0,0,0,0,0,112,2026-02-04 13:54:41.750234
SMMR,25.45,25.57,25.58,2047900.0,2096900.0,0,0,0,0,0,0,0,0,0,0,0,0,0,0,112,2026-02-04 13:54:41.750234
ATMN,26.68,26.74,26.77,2278200.0,2109300.0,0,0,0,0,0,0,0,0,0,0,0,0,0,0,112,2026-02-04 13:54:41.750234
WNTR,25.68,25.68,25.75,2115600.0,2101300.0,0,0,0,0,0,0,0,0,0,0,0,0,0,0,112,2026-02-04 13:54:41.750234
SPNG,25.38,25.38,25.68,2046200.0,1986500.0,0,0,0,0,0,0,0,0,0,0,0,0,0,0,113,2026-02-04 13:54:42.799023
SMMR,25.52,25.52,25.58,2056200.0,2096900.0,0,0,0,0,0,0,0,0,0,0,0,0,0,0,113,2026-02-04 13:54:42.799023
ATMN,26.74,26.35,26.42,2266500.0,2087100.0,0,0,0,0,0,0,0,0,0,0,0,0,0,0,113,2026-02-04 13:54:42.799023
WNTR,25.68,25.59,25.64,2094600.0,2150700.0,0,0,0,0,0,0,0,0,0,0,0,0,0,0,113,2026-02-04 13:54:42.799023
SPNG,25.08,25.09,25.66,2014600.0,2007400.0,0,0,0,0,0,0,0,0,0,0,0,0,0,0,114,2026-02-04 13:54:43.842427
SMMR,25.52,25.52,25.58,2056200.0,2041400.0,0,0,0,0,0,0,0,0,0,0,0,0,0,0,114,2026-02-04 13:54:43.842427
ATMN,26.77,26.34,26.77,2300400.0,2109300.0,0,0,0,0,0,0,0,0,0,0,0,0,0,0,114,2026-02-04 13:54:43.842427
WNTR,25.75,25.69,25.75,2116700.0,2102500.0,0,0,0,0,0,0,0,0,0,0,0,0,0,0,114,2026-02-04 13:54:43.842427
SPNG,25.2,25.25,25.66,2037200.0,2007400.0,0,0,0,0,0,0,0,0,0,0,0,0,0,0,115,2026-02-04 13:54:44.881631
SMMR,25.52,25.52,25.53,2039400.0,2044900.0,0,0,0,0,0,0,0,0,0,0,0,0,0,0,115,2026-02-04 13:54:44.881631
ATMN,26.77,26.34,26.7,2300400.0,2122000.0,0,0,0,0,0,0,0,0,0,0,0,0,0,0,115,2026-02-04 13:54:44.881631
WNTR,25.69,25.69,25.75,2133400.0,2110000.0,0,0,0,0,0,0,0,0,0,0,0,0,0,0,115,2026-02-04 13:54:44.881631
SPNG,25.18,25.18,25.66,2035100.0,2007400.0,0,0,0,0,0,0,0,0,0,0,0,0,0,0,116,2026-02-04 13:54:45.909646
SMMR,25.51,25.51,25.53,2025900.0,2046800.0,0,0,0,0,0,0,0,0,0,0,0,0,0,0,116,2026-02-04 13:54:45.909646
ATMN,26.77,26.55,26.7,2286400.0,2151600.0,0,0,0,0,0,0,0,0,0,0,0,0,0,0,116,2026-02-04 13:54:45.909646
WNTR,25.75,25.75,25.8,2098800.0,2100600.0,0,0,0,0,0,0,0,0,0,0,0,0,0,0,116,2026-02-04 13:54:45.909646
SPNG,25.09,25.09,25.66,2014600.0,2007400.0,0,0,0,0,0,0,0,0,0,0,0,0,0,0,117,2026-02-04 13:54:46.963684
SMMR,25.53,25.51,25.53,2025900.0,2055900.0,0,0,0,0,0,0,0,0,0,0,0,0,0,0,117,2026-02-04 13:54:46.963684
ATMN,26.5,26.5,26.51,2312300.0,2135600.0,0,0,0,0,0,0,0,0,0,0,0,0,0,0,117,2026-02-04 13:54:46.963684
WNTR,25.69,25.69,25.71,2133400.0,2084300.0,0,0,0,0,0,0,0,0,0,0,0,0,0,0,117,2026-02-04 13:54:46.963684
SPNG,25.03,25.03,25.66,1979100.0,2007400.0,0,0,0,0,0,0,0,0,0,0,0,0,0,0,118,2026-02-04 13:54:48.018273
SMMR,25.5,25.5,25.53,2042700.0,2022300.0,0,0,0,0,0,0,0,0,0,0,0,0,0,0,118,2026-02-04 13:54:48.018273
ATMN,26.32,26.32,26.48,2280800.0,2135400.0,0,0,0,0,0,0,0,0,0,0,0,0,0,0,118,2026-02-04 13:54:48.018273
WNTR,25.62,25.65,25.71,2136000.0,2084300.0,0,0,0,0,0,0,0,0,0,0,0,0,0,0,118,2026-02-04 13:54:48.018273
SPNG,25.6,25.13,25.58,2013200.0,2002500.0,0,0,0,0,0,0,0,0,0,0,0,0,0,0,119,2026-02-04 13:54:49.052959
SMMR,25.4,25.4,25.53,2122000.0,2019400.0,0,0,0,0,0,0,0,0,0,0,0,0,0,0,119,2026-02-04 13:54:49.052959
ATMN,26.32,26.32,26.48,2289300.0,2135000.0,0,0,0,0,0,0,0,0,0,0,0,0,0,0,119,2026-02-04 13:54:49.052959
WNTR,25.8,25.65,25.8,2136000.0,2111400.0,0,0,0,0,0,0,0,0,0,0,0,0,0,0,119,2026-02-04 13:54:49.052959
SPNG,25.6,25.15,25.66,918500.0,640400.0,0,0,0,0,0,0,0,0,0,0,0,0,0,0,120,2026-02-04 13:54:50.095108
SMMR,25.57,23.9,24.24,832800.0,877200.0,0,0,0,0,0,0,0,0,0,0,0,0,0,0,120,2026-02-04 13:54:50.095108
ATMN,26.48,26.56,26.63,954700.0,739800.0,0,0,0,0,0,0,0,0,0,0,0,0,0,0,120,2026-02-04 13:54:50.095108
WNTR,25.8,24.26,24.43,859500.0,862400.0,0,0,0,0,0,0,0,0,0,0,0,0,0,0,120,2026-02-04 13:54:50.095108
SPNG,25.06,25.38,25.66,1038400.0,640400.0,0,0,0,0,0,0,0,0,0,0,0,0,0,0,121,2026-02-04 13:54:51.136053
SMMR,23.82,23.82,24.0,843300.0,1094500.0,0,0,0,0,0,0,0,0,0,0,0,0,0,0,121,2026-02-04 13:54:51.136053
ATMN,26.56,26.56,26.63,954700.0,974700.0,0,0,0,0,0,0,0,0,0,0,0,0,0,0,121,2026-02-04 13:54:51.136053
WNTR,25.8,24.26,24.37,859500.0,1198900.0,0,0,0,0,0,0,0,0,0,0,0,0,0,0,121,2026-02-04 13:54:51.136053
SPNG,25.38,25.38,25.66,1038400.0,833900.0,0,0,0,0,0,0,0,0,0,0,0,0,0,0,122,2026-02-04 13:54:52.176993
SMMR,23.45,23.45,23.61,897000.0,1360600.0,0,0,0,0,0,0,0,0,0,0,0,0,0,0,122,2026-02-04 13:54:52.176993
ATMN,26.56,26.56,26.63,1113600.0,1262800.0,0,0,0,0,0,0,0,0,0,0,0,0,0,0,122,2026-02-04 13:54:52.176993
WNTR,24.15,24.15,24.21,871000.0,1297300.0,0,0,0,0,0,0,0,0,0,0,0,0,0,0,122,2026-02-04 13:54:52.176993
SPNG,25.38,25.38,25.6,1038400.0,1141400.0,0,0,0,0,0,0,0,0,0,0,0,0,0,0,123,2026-02-04 13:54:53.217035
SMMR,23.28,23.28,23.54,887600.0,1615000.0,0,0,0,0,0,0,0,0,0,0,0,0,0,0,123,2026-02-04 13:54:53.217035
ATMN,26.47,26.47,26.57,1013600.0,1474000.0,0,0,0,0,0,0,0,0,0,0,0,0,0,0,123,2026-02-04 13:54:53.217035
WNTR,24.37,24.15,24.37,1001200.0,1286700.0,0,0,0,0,0,0,0,0,0,0,0,0,0,0,123,2026-02-04 13:54:53.217035
SPNG,25.38,24.59,24.8,1041800.0,1229600.0,0,0,0,0,0,0,0,0,0,0,0,0,0,0,124,2026-02-04 13:54:53.751879
SMMR,23.28,23.28,23.54,887600.0,1726400.0,0,0,0,0,0,0,0,0,0,0,0,0,0,0,124,2026-02-04 13:54:53.751879
ATMN,26.57,26.18,26.57,1017100.0,1474000.0,0,0,0,0,0,0,0,0,0,0,0,0,0,0,124,2026-02-04 13:54:53.751879
WNTR,23.99,23.99,24.16,901200.0,1386100.0,0,0,0,0,0,0,0,0,0,0,0,0,0,0,124,2026-02-04 13:54:53.751879
SPNG,25.38,24.64,24.8,1307900.0,1229600.0,0,0,0,0,0,0,0,0,0,0,0,0,0,0,125,2026-02-04 13:54:54.788670
SMMR,23.28,23.28,23.54,934800.0,2081100.0,0,0,0,0,0,0,0,0,0,0,0,0,0,0,125,2026-02-04 13:54:54.788670
ATMN,26.61,26.52,26.61,1250400.0,1485700.0,0,0,0,0,0,0,0,0,0,0,0,0,0,0,125,2026-02-04 13:54:54.788670
WNTR,24.04,23.99,24.04,901200.0,1609300.0,0,0,0,0,0,0,0,0,0,0,0,0,0,0,125,2026-02-04 13:54:54.788670
SPNG,25.37,24.88,25.22,1390100.0,1364700.0,0,0,0,0,0,0,0,0,0,0,0,0,0,0,126,2026-02-04 13:54:55.820746
SMMR,23.24,23.06,23.13,1011600.0,2306000.0,0,0,0,0,0,0,0,0,0,0,0,0,0,0,126,2026-02-04 13:54:55.820746
ATMN,26.63,26.52,26.63,1250400.0,1602900.0,0,0,0,0,0,0,0,0,0,0,0,0,0,0,126,2026-02-04 13:54:55.820746
WNTR,23.99,23.57,23.94,1023200.0,1853600.0,0,0,0,0,0,0,0,0,0,0,0,0,0,0,126,2026-02-04 13:54:55.820746
SPNG,24.64,24.64,25.6,1307900.0,1255800.0,0,0,0,0,0,0,0,0,0,0,0,0,0,0,127,2026-02-04 13:54:56.862584
SMMR,23.13,23.26,23.44,1220400.0,2199400.0,0,0,0,0,0,0,0,0,0,0,0,0,0,0,127,2026-02-04 13:54:56.862584
ATMN,26.52,26.52,26.63,1386400.0,1836300.0,0,0,0,0,0,0,0,0,0,0,0,0,0,0,127,2026-02-04 13:54:56.862584
WNTR,24.01,23.59,24.01,1239400.0,1743400.0,0,0,0,0,0,0,0,0,0,0,0,0,0,0,127,2026-02-04 13:54:56.862584
SPNG,25.6,24.64,25.16,1307900.0,1336800.0,0,0,0,0,0,0,0,0,0,0,0,0,0,0,128,2026-02-04 13:54:57.897406
SMMR,23.44,23.06,23.44,1107100.0,2199400.0,0,0,0,0,0,0,0,0,0,0,0,0,0,0,128,2026-02-04 13:54:57.897406
ATMN,26.18,25.89,26.13,1023800.0,1965900.0,0,0,0,0,0,0,0,0,0,0,0,0,0,0,128,2026-02-04 13:54:57.897406
WNTR,24.13,24.12,24.13,1485300.0,1616000.0,0,0,0,0,0,0,0,0,0,0,0,0,0,0,128,2026-02-04 13:54:57.897406
SPNG,25.18,24.64,24.79,1406500.0,1435900.0,0,0,0,0,0,0,0,0,0,0,0,0,0,0,129,2026-02-04 13:54:58.927819
SMMR,23.25,23.25,23.47,1214800.0,2186500.0,0,0,0,0,0,0,0,0,0,0,0,0,0,0,129,2026-02-04 13:54:58.927819
ATMN,26.64,26.3,26.64,1367200.0,1716800.0,0,0,0,0,0,0,0,0,0,0,0,0,0,0,129,2026-02-04 13:54:58.927819
WNTR,24.08,24.09,24.13,1605100.0,1616000.0,0,0,0,0,0,0,0,0,0,0,0,0,0,0,129,2026-02-04 13:54:58.927819
SPNG,24.79,24.84,25.6,1692700.0,1333400.0,0,0,0,0,0,0,0,0,0,0,0,0,0,0,130,2026-02-04 13:54:59.962107
SMMR,23.25,23.25,23.28,1214800.0,2345600.0,0,0,0,0,0,0,0,0,0,0,0,0,0,0,130,2026-02-04 13:54:59.962107
ATMN,26.65,26.31,26.65,1458800.0,1617900.0,0,0,0,0,0,0,0,0,0,0,0,0,0,0,130,2026-02-04 13:54:59.962107
WNTR,24.08,24.09,24.13,1605100.0,1832900.0,0,0,0,0,0,0,0,0,0,0,0,0,0,0,130,2026-02-04 13:54:59.962107
SPNG,24.79,24.88,25.09,1889000.0,1434600.0,0,0,0,0,0,0,0,0,0,0,0,0,0,0,131,2026-02-04 13:55:00.997667
SMMR,23.19,23.19,23.28,1225700.0,2347100.0,0,0,0,0,0,0,0,0,0,0,0,0,0,0,131,2026-02-04 13:55:00.997667
ATMN,26.73,26.31,26.73,1681800.0,1516600.0,0,0,0,0,0,0,0,0,0,0,0,0,0,0,131,2026-02-04 13:55:00.997667
WNTR,24.16,23.96,24.16,1497100.0,1837600.0,0,0,0,0,0,0,0,0,0,0,0,0,0,0,131,2026-02-04 13:55:00.997667
SPNG,25.66,24.88,25.66,2145400.0,1228900.0,0,0,0,0,0,0,0,0,0,0,0,0,0,0,132,2026-02-04 13:55:02.037087
SMMR,23.37,23.06,23.15,1107100.0,2347000.0,0,0,0,0,0,0,0,0,0,0,0,0,0,0,132,2026-02-04 13:55:02.037087
ATMN,26.72,26.31,26.73,1812200.0,1516600.0,0,0,0,0,0,0,0,0,0,0,0,0,0,0,132,2026-02-04 13:55:02.037087
WNTR,24.16,23.96,24.0,1497100.0,2173800.0,0,0,0,0,0,0,0,0,0,0,0,0,0,0,132,2026-02-04 13:55:02.037087
SPNG,25.66,24.88,25.22,2065000.0,1415800.0,0,0,0,0,0,0,0,0,0,0,0,0,0,0,133,2026-02-04 13:55:03.076370
SMMR,23.34,23.06,23.12,1107100.0,2314200.0,0,0,0,0,0,0,0,0,0,0,0,0,0,0,133,2026-02-04 13:55:03.076370
ATMN,26.77,26.31,26.45,1812200.0,1497700.0,0,0,0,0,0,0,0,0,0,0,0,0,0,0,133,2026-02-04 13:55:03.076370
WNTR,24.16,23.96,24.0,1738900.0,2164600.0,0,0,0,0,0,0,0,0,0,0,0,0,0,0,133,2026-02-04 13:55:03.076370
SPNG,25.16,24.97,25.09,2073900.0,1523700.0,0,0,0,0,0,0,0,0,0,0,0,0,0,0,134,2026-02-04 13:55:04.115445
SMMR,23.12,23.12,23.2,1241500.0,2324000.0,0,0,0,0,0,0,0,0,0,0,0,0,0,0,134,2026-02-04 13:55:04.115445
ATMN,26.45,26.55,26.79,2125300.0,1395900.0,0,0,0,0,0,0,0,0,0,0,0,0,0,0,134,2026-02-04 13:55:04.115445
WNTR,23.96,23.96,24.0,1846900.0,2164600.0,0,0,0,0,0,0,0,0,0,0,0,0,0,0,134,2026-02-04 13:55:04.115445
SPNG,25.16,24.97,25.09,2001500.0,1627600.0,0,0,0,0,0,0,0,0,0,0,0,0,0,0,135,2026-02-04 13:55:05.164655
SMMR,23.12,23.12,23.13,1443100.0,2324000.0,0,0,0,0,0,0,0,0,0,0,0,0,0,0,135,2026-02-04 13:55:05.164655
ATMN,26.68,26.68,26.79,2024300.0,1395900.0,0,0,0,0,0,0,0,0,0,0,0,0,0,0,135,2026-02-04 13:55:05.164655
WNTR,24.11,23.86,24.1,1841600.0,2154300.0,0,0,0,0,0,0,0,0,0,0,0,0,0,0,135,2026-02-04 13:55:05.164655
SPNG,24.97,24.97,25.18,1962400.0,1632100.0,0,0,0,0,0,0,0,0,0,0,0,0,0,0,136,2026-02-04 13:55:06.234142
SMMR,23.27,23.12,23.27,1541500.0,2318200.0,0,0,0,0,0,0,0,0,0,0,0,0,0,0,136,2026-02-04 13:55:06.234142
ATMN,26.51,26.51,26.7,2253900.0,1526800.0,0,0,0,0,0,0,0,0,0,0,0,0,0,0,136,2026-02-04 13:55:06.234142
WNTR,24.16,23.98,24.1,1949900.0,2144700.0,0,0,0,0,0,0,0,0,0,0,0,0,0,0,136,2026-02-04 13:55:06.234142
SPNG,24.97,24.97,25.18,1962400.0,1746900.0,0,0,0,0,0,0,0,0,0,0,0,0,0,0,137,2026-02-04 13:55:06.779500
SMMR,23.27,23.2,23.23,1679400.0,2301900.0,0,0,0,0,0,0,0,0,0,0,0,0,0,0,137,2026-02-04 13:55:06.779500
ATMN,26.38,26.38,26.7,2135600.0,1526800.0,0,0,0,0,0,0,0,0,0,0,0,0,0,0,137,2026-02-04 13:55:06.779500
WNTR,24.16,23.98,24.1,2195900.0,2144700.0,0,0,0,0,0,0,0,0,0,0,0,0,0,0,137,2026-02-04 13:55:06.779500
SPNG,24.84,24.84,25.18,2026200.0,1829800.0,0,0,0,0,0,0,0,0,0,0,0,0,0,0,138,2026-02-04 13:55:07.822086
SMMR,23.37,23.2,23.37,1801800.0,2335500.0,0,0,0,0,0,0,0,0,0,0,0,0,0,0,138,2026-02-04 13:55:07.822086
ATMN,26.7,26.42,26.7,2315100.0,1526800.0,0,0,0,0,0,0,0,0,0,0,0,0,0,0,138,2026-02-04 13:55:07.822086
WNTR,24.16,23.98,24.04,2195900.0,2136600.0,0,0,0,0,0,0,0,0,0,0,0,0,0,0,138,2026-02-04 13:55:07.822086
SPNG,25.1,25.1,25.18,1985300.0,1829800.0,0,0,0,0,0,0,0,0,0,0,0,0,0,0,139,2026-02-04 13:55:08.871489
SMMR,23.37,23.27,23.34,1919500.0,2328400.0,0,0,0,0,0,0,0,0,0,0,0,0,0,0,139,2026-02-04 13:55:08.871489
ATMN,26.7,26.71,26.79,2279700.0,1395900.0,0,0,0,0,0,0,0,0,0,0,0,0,0,0,139,2026-02-04 13:55:08.871489
WNTR,24.1,23.94,24.1,2187000.0,2167200.0,0,0,0,0,0,0,0,0,0,0,0,0,0,0,139,2026-02-04 13:55:08.871489
SPNG,25.1,24.84,24.85,2026200.0,1887800.0,0,0,0,0,0,0,0,0,0,0,0,0,0,0,140,2026-02-04 13:55:09.917796
SMMR,23.2,23.2,23.34,1921000.0,2327100.0,0,0,0,0,0,0,0,0,0,0,0,0,0,0,140,2026-02-04 13:55:09.917796
ATMN,26.79,26.71,26.79,2296000.0,1628300.0,0,0,0,0,0,0,0,0,0,0,0,0,0,0,140,2026-02-04 13:55:09.917796
WNTR,24.1,23.98,24.1,2286900.0,2167200.0,0,0,0,0,0,0,0,0,0,0,0,0,0,0,140,2026-02-04 13:55:09.917796
SPNG,24.85,24.89,25.17,2001700.0,1867600.0,0,0,0,0,0,0,0,0,0,0,0,0,0,0,141,2026-02-04 13:55:10.962444
SMMR,23.28,23.31,23.34,2032100.0,2327100.0,0,0,0,0,0,0,0,0,0,0,0,0,0,0,141,2026-02-04 13:55:10.962444
ATMN,26.68,26.68,26.79,2332200.0,1719000.0,0,0,0,0,0,0,0,0,0,0,0,0,0,0,141,2026-02-04 13:55:10.962444
WNTR,24.11,23.98,24.07,2286900.0,2158800.0,0,0,0,0,0,0,0,0,0,0,0,0,0,0,141,2026-02-04 13:55:10.962444
SPNG,24.8,24.8,25.27,2000100.0,1807600.0,0,0,0,0,0,0,0,0,0,0,0,0,0,0,142,2026-02-04 13:55:12.003876
SMMR,23.31,23.31,23.35,2134700.0,2355100.0,0,0,0,0,0,0,0,0,0,0,0,0,0,0,142,2026-02-04 13:55:12.003876
ATMN,26.83,26.68,26.83,2332200.0,1922300.0,0,0,0,0,0,0,0,0,0,0,0,0,0,0,142,2026-02-04 13:55:12.003876
WNTR,24.11,23.98,24.05,2286900.0,2151000.0,0,0,0,0,0,0,0,0,0,0,0,0,0,0,142,2026-02-04 13:55:12.003876
SPNG,24.8,25.03,25.27,2008900.0,1863800.0,0,0,0,0,0,0,0,0,0,0,0,0,0,0,143,2026-02-04 13:55:13.091773
SMMR,23.17,23.17,23.37,1892300.0,2350500.0,0,0,0,0,0,0,0,0,0,0,0,0,0,0,143,2026-02-04 13:55:13.091773
ATMN,26.83,26.78,26.83,2257200.0,2046300.0,0,0,0,0,0,0,0,0,0,0,0,0,0,0,143,2026-02-04 13:55:13.091773
WNTR,24.11,23.98,24.03,2286900.0,2178600.0,0,0,0,0,0,0,0,0,0,0,0,0,0,0,143,2026-02-04 13:55:13.091773
SPNG,25.03,25.03,25.58,2008900.0,1881200.0,0,0,0,0,0,0,0,0,0,0,0,0,0,0,144,2026-02-04 13:55:14.140121
SMMR,23.44,23.37,23.44,1884200.0,2329200.0,0,0,0,0,0,0,0,0,0,0,0,0,0,0,144,2026-02-04 13:55:14.140121
ATMN,26.68,26.68,26.89,2256800.0,1938000.0,0,0,0,0,0,0,0,0,0,0,0,0,0,0,144,2026-02-04 13:55:14.140121
WNTR,24.05,23.99,24.05,2274500.0,2179900.0,0,0,0,0,0,0,0,0,0,0,0,0,0,0,144,2026-02-04 13:55:14.140121
SPNG,24.88,24.8,24.88,2000100.0,1898900.0,0,0,0,0,0,0,0,0,0,0,0,0,0,0,145,2026-02-04 13:55:15.185827
SMMR,23.09,23.18,23.44,1770100.0,2312800.0,0,0,0,0,0,0,0,0,0,0,0,0,0,0,145,2026-02-04 13:55:15.185827
ATMN,26.9,26.68,26.78,2292800.0,1926800.0,0,0,0,0,0,0,0,0,0,0,0,0,0,0,145,2026-02-04 13:55:15.185827
WNTR,24.05,24.06,24.07,2266000.0,2146400.0,0,0,0,0,0,0,0,0,0,0,0,0,0,0,145,2026-02-04 13:55:15.185827
SPNG,25.52,25.52,25.58,1999800.0,1897600.0,0,0,0,0,0,0,0,0,0,0,0,0,0,0,146,2026-02-04 13:55:16.224828
SMMR,23.4,23.4,23.44,1905300.0,2304000.0,0,0,0,0,0,0,0,0,0,0,0,0,0,0,146,2026-02-04 13:55:16.224828
ATMN,26.6,26.6,26.9,2260000.0,1823800.0,0,0,0,0,0,0,0,0,0,0,0,0,0,0,146,2026-02-04 13:55:16.224828
WNTR,24.12,24.06,24.12,2282500.0,2116900.0,0,0,0,0,0,0,0,0,0,0,0,0,0,0,146,2026-02-04 13:55:16.224828
SPNG,24.72,24.72,24.89,2071600.0,1942000.0,0,0,0,0,0,0,0,0,0,0,0,0,0,0,147,2026-02-04 13:55:17.257606
SMMR,23.4,23.18,23.4,1897300.0,2310600.0,0,0,0,0,0,0,0,0,0,0,0,0,0,0,147,2026-02-04 13:55:17.257606
ATMN,26.9,26.9,26.91,2293800.0,1802700.0,0,0,0,0,0,0,0,0,0,0,0,0,0,0,147,2026-02-04 13:55:17.257606
WNTR,24.12,24.06,24.09,2269300.0,2095600.0,0,0,0,0,0,0,0,0,0,0,0,0,0,0,147,2026-02-04 13:55:17.257606
SPNG,24.89,24.8,24.89,2040200.0,1942000.0,0,0,0,0,0,0,0,0,0,0,0,0,0,0,148,2026-02-04 13:55:17.859996
SMMR,23.25,23.18,23.25,1897300.0,2333500.0,0,0,0,0,0,0,0,0,0,0,0,0,0,0,148,2026-02-04 13:55:17.859996
ATMN,26.55,26.55,26.91,2280900.0,1890500.0,0,0,0,0,0,0,0,0,0,0,0,0,0,0,148,2026-02-04 13:55:17.859996
WNTR,24.06,24.06,24.09,2269300.0,2105900.0,0,0,0,0,0,0,0,0,0,0,0,0,0,0,148,2026-02-04 13:55:17.859996
SPNG,24.89,24.93,25.34,2045700.0,1908200.0,0,0,0,0,0,0,0,0,0,0,0,0,0,0,149,2026-02-04 13:55:18.898449
SMMR,23.25,23.18,23.25,2367200.0,2333500.0,0,0,0,0,0,0,0,0,0,0,0,0,0,0,149,2026-02-04 13:55:18.898449
ATMN,26.6,26.6,26.91,2290800.0,1890500.0,0,0,0,0,0,0,0,0,0,0,0,0,0,0,149,2026-02-04 13:55:18.898449
WNTR,24.09,24.06,24.09,2269300.0,2139000.0,0,0,0,0,0,0,0,0,0,0,0,0,0,0,149,2026-02-04 13:55:18.898449
SPNG,25.34,24.93,25.34,2045700.0,1931000.0,0,0,0,0,0,0,0,0,0,0,0,0,0,0,150,2026-02-04 13:55:19.928791
SMMR,23.25,23.29,23.37,2364600.0,2339300.0,0,0,0,0,0,0,0,0,0,0,0,0,0,0,150,2026-02-04 13:55:19.928791
ATMN,26.6,26.85,26.93,2269800.0,1762300.0,0,0,0,0,0,0,0,0,0,0,0,0,0,0,150,2026-02-04 13:55:19.928791
WNTR,24.18,24.06,24.18,2269300.0,2157700.0,0,0,0,0,0,0,0,0,0,0,0,0,0,0,150,2026-02-04 13:55:19.928791
SPNG,24.8,24.8,25.34,2047600.0,1949100.0,0,0,0,0,0,0,0,0,0,0,0,0,0,0,151,2026-02-04 13:55:20.966037
SMMR,23.29,23.18,23.29,2367200.0,2377300.0,0,0,0,0,0,0,0,0,0,0,0,0,0,0,151,2026-02-04 13:55:20.966037
ATMN,26.61,26.63,26.93,2267700.0,1762300.0,0,0,0,0,0,0,0,0,0,0,0,0,0,0,151,2026-02-04 13:55:20.966037
WNTR,24.18,24.05,24.18,2239000.0,2151700.0,0,0,0,0,0,0,0,0,0,0,0,0,0,0,151,2026-02-04 13:55:20.966037
SPNG,24.87,24.9,25.17,2000000.0,1979200.0,0,0,0,0,0,0,0,0,0,0,0,0,0,0,152,2026-02-04 13:55:22.035355
SMMR,23.29,23.31,23.36,2374200.0,2358600.0,0,0,0,0,0,0,0,0,0,0,0,0,0,0,152,2026-02-04 13:55:22.035355
ATMN,26.61,26.79,26.93,2303800.0,1966800.0,0,0,0,0,0,0,0,0,0,0,0,0,0,0,152,2026-02-04 13:55:22.035355
WNTR,24.19,24.12,24.19,2255600.0,2164200.0,0,0,0,0,0,0,0,0,0,0,0,0,0,0,152,2026-02-04 13:55:22.035355
SPNG,25.17,25.01,25.17,1996300.0,1979200.0,0,0,0,0,0,0,0,0,0,0,0,0,0,0,153,2026-02-04 13:55:23.076085
SMMR,23.26,23.18,23.25,2367200.0,2366400.0,0,0,0,0,0,0,0,0,0,0,0,0,0,0,153,2026-02-04 13:55:23.076085
ATMN,26.95,26.92,26.95,2302100.0,1862600.0,0,0,0,0,0,0,0,0,0,0,0,0,0,0,153,2026-02-04 13:55:23.076085
WNTR,24.2,24.12,24.2,2264600.0,2174000.0,0,0,0,0,0,0,0,0,0,0,0,0,0,0,153,2026-02-04 13:55:23.076085
SPNG,25.01,25.05,25.08,2018600.0,1998300.0,0,0,0,0,0,0,0,0,0,0,0,0,0,0,154,2026-02-04 13:55:24.112269
SMMR,23.26,23.18,23.25,2344800.0,2366400.0,0,0,0,0,0,0,0,0,0,0,0,0,0,0,154,2026-02-04 13:55:24.112269
ATMN,26.8,26.93,26.95,2313400.0,1992100.0,0,0,0,0,0,0,0,0,0,0,0,0,0,0,154,2026-02-04 13:55:24.112269
WNTR,24.2,24.12,24.2,2259700.0,2183900.0,0,0,0,0,0,0,0,0,0,0,0,0,0,0,154,2026-02-04 13:55:24.112269
SPNG,25.01,25.05,25.08,2018600.0,2023400.0,0,0,0,0,0,0,0,0,0,0,0,0,0,0,155,2026-02-04 13:55:25.146227
SMMR,23.27,23.32,23.36,2365800.0,2358600.0,0,0,0,0,0,0,0,0,0,0,0,0,0,0,155,2026-02-04 13:55:25.146227
ATMN,26.79,26.79,26.95,2316100.0,2021800.0,0,0,0,0,0,0,0,0,0,0,0,0,0,0,155,2026-02-04 13:55:25.146227
WNTR,24.06,24.06,24.2,2237900.0,2211300.0,0,0,0,0,0,0,0,0,0,0,0,0,0,0,155,2026-02-04 13:55:25.146227
SPNG,24.9,24.9,25.34,2000000.0,1978200.0,0,0,0,0,0,0,0,0,0,0,0,0,0,0,156,2026-02-04 13:55:26.184908
SMMR,23.32,23.18,23.21,2379300.0,2333800.0,0,0,0,0,0,0,0,0,0,0,0,0,0,0,156,2026-02-04 13:55:26.184908
ATMN,26.61,26.83,26.95,2257600.0,2021800.0,0,0,0,0,0,0,0,0,0,0,0,0,0,0,156,2026-02-04 13:55:26.184908
WNTR,24.06,24.06,24.2,2239000.0,2211300.0,0,0,0,0,0,0,0,0,0,0,0,0,0,0,156,2026-02-04 13:55:26.184908
SPNG,24.9,24.9,25.19,1996200.0,2000300.0,0,0,0,0,0,0,0,0,0,0,0,0,0,0,157,2026-02-04 13:55:27.228397
SMMR,23.18,23.18,23.36,2383800.0,2357100.0,0,0,0,0,0,0,0,0,0,0,0,0,0,0,157,2026-02-04 13:55:27.228397
ATMN,26.6,26.6,26.72,2305300.0,2063200.0,0,0,0,0,0,0,0,0,0,0,0,0,0,0,157,2026-02-04 13:55:27.228397
WNTR,24.2,24.06,24.2,2274800.0,2198200.0,0,0,0,0,0,0,0,0,0,0,0,0,0,0,157,2026-02-04 13:55:27.228397
SPNG,25.19,24.92,25.19,2019800.0,2000300.0,0,0,0,0,0,0,0,0,0,0,0,0,0,0,158,2026-02-04 13:55:28.263907
SMMR,23.18,23.19,23.2,2387900.0,2360500.0,0,0,0,0,0,0,0,0,0,0,0,0,0,0,158,2026-02-04 13:55:28.263907
ATMN,26.53,26.53,26.72,2288800.0,2063200.0,0,0,0,0,0,0,0,0,0,0,0,0,0,0,158,2026-02-04 13:55:28.263907
WNTR,24.24,24.09,24.13,2271700.0,2217100.0,0,0,0,0,0,0,0,0,0,0,0,0,0,0,158,2026-02-04 13:55:28.263907
SPNG,25.19,24.92,24.93,1992000.0,1974600.0,0,0,0,0,0,0,0,0,0,0,0,0,0,0,159,2026-02-04 13:55:29.302412
SMMR,23.18,23.18,23.2,2366900.0,2391200.0,0,0,0,0,0,0,0,0,0,0,0,0,0,0,159,2026-02-04 13:55:29.302412
ATMN,26.53,26.53,26.95,2288800.0,2021800.0,0,0,0,0,0,0,0,0,0,0,0,0,0,0,159,2026-02-04 13:55:29.302412
WNTR,24.13,24.09,24.13,2280400.0,2217100.0,0,0,0,0,0,0,0,0,0,0,0,0,0,0,159,2026-02-04 13:55:29.302412
SPNG,24.93,25.11,25.19,1972800.0,1997300.0,0,0,0,0,0,0,0,0,0,0,0,0,0,0,160,2026-02-04 13:55:30.350465
SMMR,23.37,23.13,23.37,2378400.0,2374800.0,0,0,0,0,0,0,0,0,0,0,0,0,0,0,160,2026-02-04 13:55:30.350465
ATMN,26.51,26.88,26.95,2275500.0,2076800.0,0,0,0,0,0,0,0,0,0,0,0,0,0,0,160,2026-02-04 13:55:30.350465
WNTR,24.09,24.06,24.07,2277100.0,2216700.0,0,0,0,0,0,0,0,0,0,0,0,0,0,0,160,2026-02-04 13:55:30.350465
SPNG,25.11,25.11,25.36,1972800.0,2002800.0,0,0,0,0,0,0,0,0,0,0,0,0,0,0,161,2026-02-04 13:55:31.388927
SMMR,23.13,23.11,23.12,2401100.0,2343500.0,0,0,0,0,0,0,0,0,0,0,0,0,0,0,161,2026-02-04 13:55:31.388927
ATMN,26.51,26.88,26.95,2275500.0,2067500.0,0,0,0,0,0,0,0,0,0,0,0,0,0,0,161,2026-02-04 13:55:31.388927
WNTR,24.13,24.15,24.24,2247000.0,2176800.0,0,0,0,0,0,0,0,0,0,0,0,0,0,0,161,2026-02-04 13:55:31.388927
SPNG,25.11,25.11,25.22,1945400.0,2011300.0,0,0,0,0,0,0,0,0,0,0,0,0,0,0,162,2026-02-04 13:55:32.417233
SMMR,23.13,23.11,23.12,2381100.0,2343500.0,0,0,0,0,0,0,0,0,0,0,0,0,0,0,162,2026-02-04 13:55:32.417233
ATMN,26.88,26.58,26.72,2269000.0,2131700.0,0,0,0,0,0,0,0,0,0,0,0,0,0,0,162,2026-02-04 13:55:32.417233
WNTR,24.24,24.12,24.15,2249700.0,2173600.0,0,0,0,0,0,0,0,0,0,0,0,0,0,0,162,2026-02-04 13:55:32.417233
SPNG,25.22,25.08,25.22,1963800.0,2002900.0,0,0,0,0,0,0,0,0,0,0,0,0,0,0,163,2026-02-04 13:55:32.987406
SMMR,23.12,23.19,23.4,2384600.0,2347000.0,0,0,0,0,0,0,0,0,0,0,0,0,0,0,163,2026-02-04 13:55:32.987406
ATMN,26.58,26.58,26.72,2269000.0,2156000.0,0,0,0,0,0,0,0,0,0,0,0,0,0,0,163,2026-02-04 13:55:32.987406
WNTR,24.15,24.15,24.23,2258400.0,2185300.0,0,0,0,0,0,0,0,0,0,0,0,0,0,0,163,2026-02-04 13:55:32.987406
SPNG,25.22,25.08,25.22,1940700.0,2004800.0,0,0,0,0,0,0,0,0,0,0,0,0,0,0,164,2026-02-04 13:55:34.026644
SMMR,23.4,23.24,23.4,2326400.0,2334700.0,0,0,0,0,0,0,0,0,0,0,0,0,0,0,164,2026-02-04 13:55:34.026644
ATMN,26.58,26.58,26.69,2242500.0,2178500.0,0,0,0,0,0,0,0,0,0,0,0,0,0,0,164,2026-02-04 13:55:34.026644
WNTR,24.23,24.15,24.23,2258400.0,2195300.0,0,0,0,0,0,0,0,0,0,0,0,0,0,0,164,2026-02-04 13:55:34.026644
SPNG,24.99,25.1,25.22,1954800.0,1974300.0,0,0,0,0,0,0,0,0,0,0,0,0,0,0,165,2026-02-04 13:55:35.074462
SMMR,23.4,23.19,23.4,2355900.0,2334700.0,0,0,0,0,0,0,0,0,0,0,0,0,0,0,165,2026-02-04 13:55:35.074462
ATMN,26.72,26.58,26.72,2242500.0,2180300.0,0,0,0,0,0,0,0,0,0,0,0,0,0,0,165,2026-02-04 13:55:35.074462
WNTR,24.16,24.16,24.23,2263300.0,2195300.0,0,0,0,0,0,0,0,0,0,0,0,0,0,0,165,2026-02-04 13:55:35.074462
SPNG,24.92,24.92,25.33,1976500.0,1971900.0,0,0,0,0,0,0,0,0,0,0,0,0,0,0,166,2026-02-04 13:55:36.119795
SMMR,23.19,23.19,23.4,2369100.0,2339600.0,0,0,0,0,0,0,0,0,0,0,0,0,0,0,166,2026-02-04 13:55:36.119795
ATMN,26.76,26.58,26.65,2242500.0,2169100.0,0,0,0,0,0,0,0,0,0,0,0,0,0,0,166,2026-02-04 13:55:36.119795
WNTR,24.12,24.12,24.26,2239000.0,2185200.0,0,0,0,0,0,0,0,0,0,0,0,0,0,0,166,2026-02-04 13:55:36.119795
SPNG,25.42,24.92,24.97,1976500.0,1982400.0,0,0,0,0,0,0,0,0,0,0,0,0,0,0,167,2026-02-04 13:55:37.155604
SMMR,23.44,23.22,23.44,2328400.0,2310600.0,0,0,0,0,0,0,0,0,0,0,0,0,0,0,167,2026-02-04 13:55:37.155604
ATMN,26.51,26.51,26.65,2217300.0,2166200.0,0,0,0,0,0,0,0,0,0,0,0,0,0,0,167,2026-02-04 13:55:37.155604
WNTR,24.12,24.16,24.26,2211100.0,2161400.0,0,0,0,0,0,0,0,0,0,0,0,0,0,0,167,2026-02-04 13:55:37.155604
SPNG,25.42,24.92,24.97,1925900.0,1982400.0,0,0,0,0,0,0,0,0,0,0,0,0,0,0,168,2026-02-04 13:55:38.195805
SMMR,23.44,23.22,23.44,2328400.0,2341700.0,0,0,0,0,0,0,0,0,0,0,0,0,0,0,168,2026-02-04 13:55:38.195805
ATMN,26.51,26.51,26.65,2213600.0,2112500.0,0,0,0,0,0,0,0,0,0,0,0,0,0,0,168,2026-02-04 13:55:38.195805
WNTR,24.12,24.16,24.18,2239100.0,2200700.0,0,0,0,0,0,0,0,0,0,0,0,0,0,0,168,2026-02-04 13:55:38.195805
SPNG,24.97,24.94,24.97,1927000.0,1982400.0,0,0,0,0,0,0,0,0,0,0,0,0,0,0,169,2026-02-04 13:55:39.279234
SMMR,23.44,23.22,23.44,2349000.0,2323600.0,0,0,0,0,0,0,0,0,0,0,0,0,0,0,169,2026-02-04 13:55:39.279234
ATMN,26.51,26.51,26.61,2237800.0,2120800.0,0,0,0,0,0,0,0,0,0,0,0,0,0,0,169,2026-02-04 13:55:39.279234
WNTR,24.19,24.16,24.19,2239100.0,2205600.0,0,0,0,0,0,0,0,0,0,0,0,0,0,0,169,2026-02-04 13:55:39.279234
SPNG,24.97,24.94,24.97,1941200.0,1982400.0,0,0,0,0,0,0,0,0,0,0,0,0,0,0,170,2026-02-04 13:55:40.319102
SMMR,23.44,23.22,23.29,2349000.0,2325500.0,0,0,0,0,0,0,0,0,0,0,0,0,0,0,170,2026-02-04 13:55:40.319102
ATMN,26.48,26.48,26.61,2229400.0,2149500.0,0,0,0,0,0,0,0,0,0,0,0,0,0,0,170,2026-02-04 13:55:40.319102
WNTR,24.17,24.16,24.17,2239100.0,2216500.0,0,0,0,0,0,0,0,0,0,0,0,0,0,0,170,2026-02-04 13:55:40.319102
SPNG,25.42,24.94,25.42,1941200.0,1996600.0,0,0,0,0,0,0,0,0,0,0,0,0,0,0,171,2026-02-04 13:55:41.370060
SMMR,23.29,23.22,23.29,2349000.0,2325500.0,0,0,0,0,0,0,0,0,0,0,0,0,0,0,171,2026-02-04 13:55:41.370060
ATMN,26.41,26.41,26.65,2264300.0,2145500.0,0,0,0,0,0,0,0,0,0,0,0,0,0,0,171,2026-02-04 13:55:41.370060
WNTR,24.26,24.16,24.23,2239100.0,2167700.0,0,0,0,0,0,0,0,0,0,0,0,0,0,0,171,2026-02-04 13:55:41.370060
SPNG,24.97,24.97,25.49,1939900.0,2021000.0,0,0,0,0,0,0,0,0,0,0,0,0,0,0,172,2026-02-04 13:55:42.410181
SMMR,23.35,23.25,23.35,2309400.0,2321500.0,0,0,0,0,0,0,0,0,0,0,0,0,0,0,172,2026-02-04 13:55:42.410181
ATMN,26.74,26.41,26.74,2264300.0,2164700.0,0,0,0,0,0,0,0,0,0,0,0,0,0,0,172,2026-02-04 13:55:42.410181
WNTR,24.12,24.12,24.19,2256900.0,2144700.0,0,0,0,0,0,0,0,0,0,0,0,0,0,0,172,2026-02-04 13:55:42.410181
SPNG,25.49,24.92,25.49,1938900.0,2021000.0,0,0,0,0,0,0,0,0,0,0,0,0,0,0,173,2026-02-04 13:55:43.438539
SMMR,23.35,23.37,23.39,2285900.0,2363200.0,0,0,0,0,0,0,0,0,0,0,0,0,0,0,173,2026-02-04 13:55:43.438539
ATMN,26.77,26.41,26.7,2264300.0,2149800.0,0,0,0,0,0,0,0,0,0,0,0,0,0,0,173,2026-02-04 13:55:43.438539
WNTR,24.0,24.0,24.05,2264200.0,2188500.0,0,0,0,0,0,0,0,0,0,0,0,0,0,0,173,2026-02-04 13:55:43.438539
SPNG,25.49,24.92,25.49,1933200.0,2042700.0,0,0,0,0,0,0,0,0,0,0,0,0,0,0,174,2026-02-04 13:55:43.983568
SMMR,23.37,23.25,23.32,2309400.0,2332300.0,0,0,0,0,0,0,0,0,0,0,0,0,0,0,174,2026-02-04 13:55:43.983568
ATMN,26.77,26.41,26.63,2237700.0,2150800.0,0,0,0,0,0,0,0,0,0,0,0,0,0,0,174,2026-02-04 13:55:43.983568
WNTR,24.0,24.0,24.05,2251300.0,2188500.0,0,0,0,0,0,0,0,0,0,0,0,0,0,0,174,2026-02-04 13:55:43.983568
SPNG,24.92,24.92,25.49,1938000.0,2042700.0,0,0,0,0,0,0,0,0,0,0,0,0,0,0,175,2026-02-04 13:55:45.028338
SMMR,23.32,23.34,23.39,2307800.0,2357200.0,0,0,0,0,0,0,0,0,0,0,0,0,0,0,175,2026-02-04 13:55:45.028338
ATMN,26.7,26.39,26.7,2224800.0,2149800.0,0,0,0,0,0,0,0,0,0,0,0,0,0,0,175,2026-02-04 13:55:45.028338
WNTR,24.05,24.12,24.17,2280800.0,2149300.0,0,0,0,0,0,0,0,0,0,0,0,0,0,0,175,2026-02-04 13:55:45.028338
SPNG,24.84,24.84,25.42,1937200.0,2011700.0,0,0,0,0,0,0,0,0,0,0,0,0,0,0,176,2026-02-04 13:55:46.073095
SMMR,23.28,23.28,23.35,2295500.0,2347000.0,0,0,0,0,0,0,0,0,0,0,0,0,0,0,176,2026-02-04 13:55:46.073095
ATMN,26.39,26.39,26.7,2212100.0,2124100.0,0,0,0,0,0,0,0,0,0,0,0,0,0,0,176,2026-02-04 13:55:46.073095
WNTR,24.12,24.0,24.12,2251300.0,2162200.0,0,0,0,0,0,0,0,0,0,0,0,0,0,0,176,2026-02-04 13:55:46.073095
SPNG,24.87,24.84,24.87,1947900.0,1991200.0,0,0,0,0,0,0,0,0,0,0,0,0,0,0,177,2026-02-04 13:55:47.113115
SMMR,23.32,23.25,23.32,2309400.0,2352300.0,0,0,0,0,0,0,0,0,0,0,0,0,0,0,177,2026-02-04 13:55:47.113115
ATMN,26.29,26.29,26.46,2227400.0,2128700.0,0,0,0,0,0,0,0,0,0,0,0,0,0,0,177,2026-02-04 13:55:47.113115
WNTR,24.0,24.0,24.12,2262100.0,2183400.0,0,0,0,0,0,0,0,0,0,0,0,0,0,0,177,2026-02-04 13:55:47.113115
SPNG,25.51,24.84,25.51,1947900.0,2046200.0,0,0,0,0,0,0,0,0,0,0,0,0,0,0,178,2026-02-04 13:55:48.159535
SMMR,23.32,23.25,23.3,2309400.0,2357400.0,0,0,0,0,0,0,0,0,0,0,0,0,0,0,178,2026-02-04 13:55:48.159535
ATMN,26.8,26.29,26.8,2227400.0,2141800.0,0,0,0,0,0,0,0,0,0,0,0,0,0,0,178,2026-02-04 13:55:48.159535
WNTR,24.19,24.0,24.19,2266200.0,2186300.0,0,0,0,0,0,0,0,0,0,0,0,0,0,0,178,2026-02-04 13:55:48.159535
SPNG,25.43,25.43,25.51,1975500.0,2027500.0,0,0,0,0,0,0,0,0,0,0,0,0,0,0,179,2026-02-04 13:55:49.206629
SMMR,23.17,23.17,23.21,2361400.0,2379600.0,0,0,0,0,0,0,0,0,0,0,0,0,0,0,179,2026-02-04 13:55:49.206629
ATMN,26.21,26.31,26.51,2218600.0,2132600.0,0,0,0,0,0,0,0,0,0,0,0,0,0,0,179,2026-02-04 13:55:49.206629
WNTR,24.19,24.0,24.05,2266200.0,2206900.0,0,0,0,0,0,0,0,0,0,0,0,0,0,0,179,2026-02-04 13:55:49.206629
SPNG,25.43,24.67,25.3,900900.0,626100.0,0,0,0,0,0,0,0,0,0,0,0,0,0,0,180,2026-02-04 13:55:50.246327
SMMR,24.53,24.53,24.61,886400.0,745700.0,0,0,0,0,0,0,0,0,0,0,0,0,0,0,180,2026-02-04 13:55:50.246327
ATMN,26.51,25.84,26.57,903300.0,818700.0,0,0,0,0,0,0,0,0,0,0,0,0,0,0,180,2026-02-04 13:55:50.246327
WNTR,24.15,24.15,24.34,772600.0,699500.0,0,0,0,0,0,0,0,0,0,0,0,0,0,0,180,2026-02-04 13:55:50.246327
SPNG,24.67,24.67,25.2,900900.0,830600.0,0,0,0,0,0,0,0,0,0,0,0,0,0,0,181,2026-02-04 13:55:51.302333
SMMR,24.34,24.59,24.61,1140600.0,865400.0,0,0,0,0,0,0,0,0,0,0,0,0,0,0,181,2026-02-04 13:55:51.302333
ATMN,25.84,25.8,25.82,950500.0,1051400.0,0,0,0,0,0,0,0,0,0,0,0,0,0,0,181,2026-02-04 13:55:51.302333
WNTR,23.91,23.99,24.34,1155000.0,822800.0,0,0,0,0,0,0,0,0,0,0,0,0,0,0,181,2026-02-04 13:55:51.302333
SPNG,24.71,24.65,24.71,913600.0,1040800.0,0,0,0,0,0,0,0,0,0,0,0,0,0,0,182,2026-02-04 13:55:52.341749
SMMR,24.76,24.59,24.67,1140600.0,1137800.0,0,0,0,0,0,0,0,0,0,0,0,0,0,0,182,2026-02-04 13:55:52.341749
ATMN,25.84,25.81,25.82,1079800.0,1389800.0,0,0,0,0,0,0,0,0,0,0,0,0,0,0,182,2026-02-04 13:55:52.341749
WNTR,24.49,23.99,24.42,1289800.0,947200.0,0,0,0,0,0,0,0,0,0,0,0,0,0,0,182,2026-02-04 13:55:52.341749
SPNG,24.99,24.65,24.68,1012700.0,1050100.0,0,0,0,0,0,0,0,0,0,0,0,0,0,0,183,2026-02-04 13:55:53.400411
SMMR,24.78,24.73,24.78,1147700.0,1130600.0,0,0,0,0,0,0,0,0,0,0,0,0,0,0,183,2026-02-04 13:55:53.400411
ATMN,25.81,25.81,25.82,1079800.0,1502400.0,0,0,0,0,0,0,0,0,0,0,0,0,0,0,183,2026-02-04 13:55:53.400411
WNTR,24.42,23.99,24.42,1289800.0,947200.0,0,0,0,0,0,0,0,0,0,0,0,0,0,0,183,2026-02-04 13:55:53.400411
SPNG,24.68,24.85,24.99,1020700.0,947700.0,0,0,0,0,0,0,0,0,0,0,0,0,0,0,184,2026-02-04 13:55:54.438561
SMMR,24.73,24.32,24.53,1019400.0,1334500.0,0,0,0,0,0,0,0,0,0,0,0,0,0,0,184,2026-02-04 13:55:54.438561
ATMN,25.81,25.81,25.82,1079800.0,1961300.0,0,0,0,0,0,0,0,0,0,0,0,0,0,0,184,2026-02-04 13:55:54.438561
WNTR,24.42,23.99,24.18,1289800.0,1264100.0,0,0,0,0,0,0,0,0,0,0,0,0,0,0,184,2026-02-04 13:55:54.438561
SPNG,25.2,24.65,24.73,912700.0,930000.0,0,0,0,0,0,0,0,0,0,0,0,0,0,0,185,2026-02-04 13:55:55.479524
SMMR,24.73,24.32,24.47,1130000.0,1335100.0,0,0,0,0,0,0,0,0,0,0,0,0,0,0,185,2026-02-04 13:55:55.479524
ATMN,25.8,25.8,25.82,1095800.0,2088800.0,0,0,0,0,0,0,0,0,0,0,0,0,0,0,185,2026-02-04 13:55:55.479524
WNTR,24.23,23.99,24.16,1289800.0,1281400.0,0,0,0,0,0,0,0,0,0,0,0,0,0,0,185,2026-02-04 13:55:55.479524
SPNG,24.73,24.65,24.73,912700.0,1234800.0,0,0,0,0,0,0,0,0,0,0,0,0,0,0,186,2026-02-04 13:55:56.527687
SMMR,24.47,24.64,24.68,1355600.0,1448400.0,0,0,0,0,0,0,0,0,0,0,0,0,0,0,186,2026-02-04 13:55:56.527687
ATMN,25.85,25.88,25.9,1360000.0,1841300.0,0,0,0,0,0,0,0,0,0,0,0,0,0,0,186,2026-02-04 13:55:56.527687
WNTR,24.42,24.03,24.42,1521900.0,1063900.0,0,0,0,0,0,0,0,0,0,0,0,0,0,0,186,2026-02-04 13:55:56.527687
SPNG,24.65,24.21,24.26,926900.0,1323700.0,0,0,0,0,0,0,0,0,0,0,0,0,0,0,187,2026-02-04 13:55:57.074241
SMMR,24.47,24.64,24.67,1355600.0,1555200.0,0,0,0,0,0,0,0,0,0,0,0,0,0,0,187,2026-02-04 13:55:57.074241
ATMN,25.85,25.88,25.9,1360000.0,2045400.0,0,0,0,0,0,0,0,0,0,0,0,0,0,0,187,2026-02-04 13:55:57.074241
WNTR,23.99,23.99,24.13,1414800.0,1174400.0,0,0,0,0,0,0,0,0,0,0,0,0,0,0,187,2026-02-04 13:55:57.074241
SPNG,24.26,24.26,24.73,1266100.0,1234800.0,0,0,0,0,0,0,0,0,0,0,0,0,0,0,188,2026-02-04 13:55:58.110652
SMMR,24.47,24.64,24.67,1355600.0,1896800.0,0,0,0,0,0,0,0,0,0,0,0,0,0,0,188,2026-02-04 13:55:58.110652
ATMN,25.9,25.97,26.04,1342000.0,2057500.0,0,0,0,0,0,0,0,0,0,0,0,0,0,0,188,2026-02-04 13:55:58.110652
WNTR,23.99,24.03,24.09,1531200.0,1383300.0,0,0,0,0,0,0,0,0,0,0,0,0,0,0,188,2026-02-04 13:55:58.110652
SPNG,25.03,24.26,25.03,1562200.0,1049000.0,0,0,0,0,0,0,0,0,0,0,0,0,0,0,189,2026-02-04 13:55:59.140528
SMMR,24.67,24.32,24.67,1130000.0,1896800.0,0,0,0,0,0,0,0,0,0,0,0,0,0,0,189,2026-02-04 13:55:59.140528
ATMN,25.97,25.63,25.81,1463200.0,2188400.0,0,0,0,0,0,0,0,0,0,0,0,0,0,0,189,2026-02-04 13:55:59.140528
WNTR,24.16,24.03,24.16,1664000.0,1161600.0,0,0,0,0,0,0,0,0,0,0,0,0,0,0,189,2026-02-04 13:55:59.140528
SPNG,25.14,24.49,25.14,1765800.0,946200.0,0,0,0,0,0,0,0,0,0,0,0,0,0,0,190,2026-02-04 13:56:00.179929
SMMR,24.67,24.41,24.43,1471000.0,2026300.0,0,0,0,0,0,0,0,0,0,0,0,0,0,0,190,2026-02-04 13:56:00.179929
ATMN,25.54,25.54,25.76,1487300.0,2248100.0,0,0,0,0,0,0,0,0,0,0,0,0,0,0,190,2026-02-04 13:56:00.179929
WNTR,23.99,23.99,24.27,1547600.0,1157100.0,0,0,0,0,0,0,0,0,0,0,0,0,0,0,190,2026-02-04 13:56:00.179929
SPNG,25.2,24.79,24.87,1863300.0,1012900.0,0,0,0,0,0,0,0,0,0,0,0,0,0,0,191,2026-02-04 13:56:01.216770
SMMR,24.43,24.41,24.43,1692500.0,2026300.0,0,0,0,0,0,0,0,0,0,0,0,0,0,0,191,2026-02-04 13:56:01.216770
ATMN,25.49,25.49,25.81,1484000.0,2211200.0,0,0,0,0,0,0,0,0,0,0,0,0,0,0,191,2026-02-04 13:56:01.216770
WNTR,24.17,23.99,24.17,1547600.0,1368100.0,0,0,0,0,0,0,0,0,0,0,0,0,0,0,191,2026-02-04 13:56:01.216770
SPNG,24.87,24.69,24.87,1883500.0,1012900.0,0,0,0,0,0,0,0,0,0,0,0,0,0,0,192,2026-02-04 13:56:02.253604
SMMR,24.67,24.67,24.68,1822200.0,1790000.0,0,0,0,0,0,0,0,0,0,0,0,0,0,0,192,2026-02-04 13:56:02.253604
ATMN,26.04,25.44,26.04,1459400.0,2154000.0,0,0,0,0,0,0,0,0,0,0,0,0,0,0,192,2026-02-04 13:56:02.253604
WNTR,23.99,23.99,24.01,1448100.0,1581200.0,0,0,0,0,0,0,0,0,0,0,0,0,0,0,192,2026-02-04 13:56:02.253604
SPNG,24.69,24.61,24.66,1869500.0,1120900.0,0,0,0,0,0,0,0,0,0,0,0,0,0,0,193,2026-02-04 13:56:03.345087
SMMR,24.67,24.41,24.45,1692500.0,2279100.0,0,0,0,0,0,0,0,0,0,0,0,0,0,0,193,2026-02-04 13:56:03.345087
ATMN,25.52,25.5,25.52,1588300.0,2149800.0,0,0,0,0,0,0,0,0,0,0,0,0,0,0,193,2026-02-04 13:56:03.345087
WNTR,24.01,23.99,24.01,1705200.0,1581200.0,0,0,0,0,0,0,0,0,0,0,0,0,0,0,193,2026-02-04 13:56:03.345087
SPNG,25.23,24.61,25.23,1869500.0,811400.0,0,0,0,0,0,0,0,0,0,0,0,0,0,0,194,2026-02-04 13:56:04.378709
SMMR,24.45,24.41,24.45,1798500.0,2289000.0,0,0,0,0,0,0,0,0,0,0,0,0,0,0,194,2026-02-04 13:56:04.378709
ATMN,25.5,25.5,25.76,1684100.0,2156400.0,0,0,0,0,0,0,0,0,0,0,0,0,0,0,194,2026-02-04 13:56:04.378709
WNTR,24.2,23.99,24.2,1572400.0,1258800.0,0,0,0,0,0,0,0,0,0,0,0,0,0,0,194,2026-02-04 13:56:04.378709
SPNG,24.35,24.35,24.72,1793200.0,1015200.0,0,0,0,0,0,0,0,0,0,0,0,0,0,0,195,2026-02-04 13:56:05.420039
SMMR,24.45,24.52,24.58,2017000.0,2249400.0,0,0,0,0,0,0,0,0,0,0,0,0,0,0,195,2026-02-04 13:56:05.420039
ATMN,25.5,25.5,25.76,1789600.0,2178500.0,0,0,0,0,0,0,0,0,0,0,0,0,0,0,195,2026-02-04 13:56:05.420039
WNTR,23.99,23.99,24.12,1663200.0,1359700.0,0,0,0,0,0,0,0,0,0,0,0,0,0,0,195,2026-02-04 13:56:05.420039
SPNG,24.35,24.56,24.72,2106000.0,1015200.0,0,0,0,0,0,0,0,0,0,0,0,0,0,0,196,2026-02-04 13:56:06.455724
SMMR,24.44,24.44,24.55,1917300.0,2264600.0,0,0,0,0,0,0,0,0,0,0,0,0,0,0,196,2026-02-04 13:56:06.455724
ATMN,25.76,25.57,25.76,1680100.0,2184900.0,0,0,0,0,0,0,0,0,0,0,0,0,0,0,196,2026-02-04 13:56:06.455724
WNTR,24.2,24.26,24.27,1789200.0,1354200.0,0,0,0,0,0,0,0,0,0,0,0,0,0,0,196,2026-02-04 13:56:06.455724
SPNG,24.72,25.03,25.23,2079800.0,921300.0,0,0,0,0,0,0,0,0,0,0,0,0,0,0,197,2026-02-04 13:56:07.522213
SMMR,24.45,24.44,24.45,2029700.0,2296300.0,0,0,0,0,0,0,0,0,0,0,0,0,0,0,197,2026-02-04 13:56:07.522213
ATMN,25.43,25.53,25.76,1562700.0,2202100.0,0,0,0,0,0,0,0,0,0,0,0,0,0,0,197,2026-02-04 13:56:07.522213
WNTR,23.96,24.1,24.27,1673200.0,1485200.0,0,0,0,0,0,0,0,0,0,0,0,0,0,0,197,2026-02-04 13:56:07.522213
SPNG,25.03,24.35,24.46,1989700.0,1176000.0,0,0,0,0,0,0,0,0,0,0,0,0,0,0,198,2026-02-04 13:56:08.560803
SMMR,24.41,24.41,24.45,2027400.0,2272600.0,0,0,0,0,0,0,0,0,0,0,0,0,0,0,198,2026-02-04 13:56:08.560803
ATMN,25.5,25.5,25.55,1575400.0,2239800.0,0,0,0,0,0,0,0,0,0,0,0,0,0,0,198,2026-02-04 13:56:08.560803
WNTR,24.3,24.1,24.16,1673200.0,1620500.0,0,0,0,0,0,0,0,0,0,0,0,0,0,0,198,2026-02-04 13:56:08.560803
SPNG,24.64,24.35,24.39,1989700.0,1192100.0,0,0,0,0,0,0,0,0,0,0,0,0,0,0,199,2026-02-04 13:56:09.096554
SMMR,24.41,24.37,24.38,2065900.0,2268200.0,0,0,0,0,0,0,0,0,0,0,0,0,0,0,199,2026-02-04 13:56:09.096554
ATMN,25.5,25.5,25.55,1575400.0,2239800.0,0,0,0,0,0,0,0,0,0,0,0,0,0,0,199,2026-02-04 13:56:09.096554
WNTR,24.3,24.1,24.16,1923400.0,1620500.0,0,0,0,0,0,0,0,0,0,0,0,0,0,0,199,2026-02-04 13:56:09.096554
SPNG,24.7,24.35,24.61,1989700.0,1195700.0,0,0,0,0,0,0,0,0,0,0,0,0,0,0,200,2026-02-04 13:56:10.137422
SMMR,24.45,24.45,24.5,2295400.0,2279200.0,0,0,0,0,0,0,0,0,0,0,0,0,0,0,200,2026-02-04 13:56:10.137422
ATMN,25.36,25.45,25.55,1736800.0,2239800.0,0,0,0,0,0,0,0,0,0,0,0,0,0,0,200,2026-02-04 13:56:10.137422
WNTR,24.1,24.1,24.16,2038300.0,1620500.0,0,0,0,0,0,0,0,0,0,0,0,0,0,0,200,2026-02-04 13:56:10.137422
SPNG,25.05,24.46,25.05,2183700.0,1090600.0,0,0,0,0,0,0,0,0,0,0,0,0,0,0,201,2026-02-04 13:56:11.180410
SMMR,24.37,24.37,24.55,2168100.0,2237400.0,0,0,0,0,0,0,0,0,0,0,0,0,0,0,201,2026-02-04 13:56:11.180410
ATMN,25.35,25.35,25.55,1637700.0,2239800.0,0,0,0,0,0,0,0,0,0,0,0,0,0,0,201,2026-02-04 13:56:11.180410
WNTR,24.15,24.15,24.16,2273400.0,1620500.0,0,0,0,0,0,0,0,0,0,0,0,0,0,0,201,2026-02-04 13:56:11.180410
SPNG,24.23,24.75,25.05,1945200.0,1207400.0,0,0,0,0,0,0,0,0,0,0,0,0,0,0,202,2026-02-04 13:56:12.214854
SMMR,24.55,24.37,24.55,2383200.0,2237400.0,0,0,0,0,0,0,0,0,0,0,0,0,0,0,202,2026-02-04 13:56:12.214854
ATMN,25.55,25.35,25.55,2011100.0,2239800.0,0,0,0,0,0,0,0,0,0,0,0,0,0,0,202,2026-02-04 13:56:12.214854
WNTR,24.14,24.14,24.24,2168300.0,1620100.0,0,0,0,0,0,0,0,0,0,0,0,0,0,0,202,2026-02-04 13:56:12.214854
SPNG,24.23,24.75,24.89,1945200.0,1481900.0,0,0,0,0,0,0,0,0,0,0,0,0,0,0,203,2026-02-04 13:56:13.264068
SMMR,24.55,24.37,24.45,2383200.0,2254600.0,0,0,0,0,0,0,0,0,0,0,0,0,0,0,203,2026-02-04 13:56:13.264068
ATMN,25.82,25.55,25.82,2202800.0,2226000.0,0,0,0,0,0,0,0,0,0,0,0,0,0,0,203,2026-02-04 13:56:13.264068
WNTR,24.14,24.14,24.24,2274500.0,1620100.0,0,0,0,0,0,0,0,0,0,0,0,0,0,0,203,2026-02-04 13:56:13.264068
SPNG,24.89,25.03,25.05,2044700.0,1400100.0,0,0,0,0,0,0,0,0,0,0,0,0,0,0,204,2026-02-04 13:56:14.294150
SMMR,24.55,24.37,24.45,2345400.0,2260700.0,0,0,0,0,0,0,0,0,0,0,0,0,0,0,204,2026-02-04 13:56:14.294150
ATMN,25.82,25.35,25.82,2232100.0,2226000.0,0,0,0,0,0,0,0,0,0,0,0,0,0,0,204,2026-02-04 13:56:14.294150
WNTR,24.1,24.03,24.06,1904700.0,1736300.0,0,0,0,0,0,0,0,0,0,0,0,0,0,0,204,2026-02-04 13:56:14.294150
SPNG,24.94,24.36,24.73,2046100.0,1578900.0,0,0,0,0,0,0,0,0,0,0,0,0,0,0,205,2026-02-04 13:56:15.334393
SMMR,24.45,24.46,24.49,2305000.0,2256400.0,0,0,0,0,0,0,0,0,0,0,0,0,0,0,205,2026-02-04 13:56:15.334393
ATMN,25.57,25.57,25.82,2468200.0,2222200.0,0,0,0,0,0,0,0,0,0,0,0,0,0,0,205,2026-02-04 13:56:15.334393
WNTR,24.06,24.09,24.24,2099700.0,1860900.0,0,0,0,0,0,0,0,0,0,0,0,0,0,0,205,2026-02-04 13:56:15.334393
SPNG,25.05,24.67,25.05,2149600.0,1489500.0,0,0,0,0,0,0,0,0,0,0,0,0,0,0,206,2026-02-04 13:56:16.379613
SMMR,24.38,24.38,24.49,2293000.0,2256400.0,0,0,0,0,0,0,0,0,0,0,0,0,0,0,206,2026-02-04 13:56:16.379613
ATMN,25.53,25.53,25.83,2360600.0,2210400.0,0,0,0,0,0,0,0,0,0,0,0,0,0,0,206,2026-02-04 13:56:16.379613
WNTR,24.03,24.03,24.24,2001700.0,1959600.0,0,0,0,0,0,0,0,0,0,0,0,0,0,0,206,2026-02-04 13:56:16.379613
SPNG,25.05,24.67,24.68,2149600.0,1750300.0,0,0,0,0,0,0,0,0,0,0,0,0,0,0,207,2026-02-04 13:56:17.414950
SMMR,24.38,24.41,24.45,2302100.0,2269300.0,0,0,0,0,0,0,0,0,0,0,0,0,0,0,207,2026-02-04 13:56:17.414950
ATMN,25.86,25.53,25.63,2476100.0,2190300.0,0,0,0,0,0,0,0,0,0,0,0,0,0,0,207,2026-02-04 13:56:17.414950
WNTR,24.1,24.1,24.2,2244500.0,2054800.0,0,0,0,0,0,0,0,0,0,0,0,0,0,0,207,2026-02-04 13:56:17.414950
SPNG,24.68,24.77,24.79,2106300.0,1673200.0,0,0,0,0,0,0,0,0,0,0,0,0,0,0,208,2026-02-04 13:56:18.452454
SMMR,24.38,24.41,24.45,2250000.0,2269300.0,0,0,0,0,0,0,0,0,0,0,0,0,0,0,208,2026-02-04 13:56:18.452454
ATMN,25.49,25.58,25.59,2469400.0,2180900.0,0,0,0,0,0,0,0,0,0,0,0,0,0,0,208,2026-02-04 13:56:18.452454
WNTR,24.1,24.1,24.17,2366300.0,2148600.0,0,0,0,0,0,0,0,0,0,0,0,0,0,0,208,2026-02-04 13:56:18.452454
SPNG,24.67,24.78,24.79,2098800.0,1779300.0,0,0,0,0,0,0,0,0,0,0,0,0,0,0,209,2026-02-04 13:56:19.514790
SMMR,24.47,24.47,24.49,2243500.0,2256400.0,0,0,0,0,0,0,0,0,0,0,0,0,0,0,209,2026-02-04 13:56:19.514790
ATMN,25.44,25.5,25.53,2460900.0,2216200.0,0,0,0,0,0,0,0,0,0,0,0,0,0,0,209,2026-02-04 13:56:19.514790
WNTR,24.1,24.1,24.17,2350800.0,2148600.0,0,0,0,0,0,0,0,0,0,0,0,0,0,0,209,2026-02-04 13:56:19.514790
SPNG,24.79,24.36,24.79,2140500.0,1813000.0,0,0,0,0,0,0,0,0,0,0,0,0,0,0,210,2026-02-04 13:56:20.552675
SMMR,24.49,24.41,24.49,2250000.0,2277100.0,0,0,0,0,0,0,0,0,0,0,0,0,0,0,210,2026-02-04 13:56:20.552675
ATMN,25.59,25.5,25.59,2450900.0,2230200.0,0,0,0,0,0,0,0,0,0,0,0,0,0,0,210,2026-02-04 13:56:20.552675
WNTR,24.2,24.1,24.2,2350800.0,2177600.0,0,0,0,0,0,0,0,0,0,0,0,0,0,0,210,2026-02-04 13:56:20.552675
SPNG,24.47,24.47,24.79,2117000.0,1813000.0,0,0,0,0,0,0,0,0,0,0,0,0,0,0,211,2026-02-04 13:56:21.589284
SMMR,24.49,24.41,24.49,2229200.0,2238200.0,0,0,0,0,0,0,0,0,0,0,0,0,0,0,211,2026-02-04 13:56:21.589284
ATMN,25.48,25.48,25.66,2450000.0,2232800.0,0,0,0,0,0,0,0,0,0,0,0,0,0,0,211,2026-02-04 13:56:21.589284
WNTR,24.31,24.1,24.25,2335100.0,1928600.0,0,0,0,0,0,0,0,0,0,0,0,0,0,0,211,2026-02-04 13:56:21.589284
SPNG,24.47,24.66,24.79,2086500.0,1813000.0,0,0,0,0,0,0,0,0,0,0,0,0,0,0,212,2026-02-04 13:56:22.632760
SMMR,24.49,24.43,24.49,2202600.0,2238200.0,0,0,0,0,0,0,0,0,0,0,0,0,0,0,212,2026-02-04 13:56:22.632760
ATMN,25.44,25.44,25.65,2491100.0,2261200.0,0,0,0,0,0,0,0,0,0,0,0,0,0,0,212,2026-02-04 13:56:22.632760
WNTR,24.08,24.08,24.25,2334000.0,1928600.0,0,0,0,0,0,0,0,0,0,0,0,0,0,0,212,2026-02-04 13:56:22.632760
SPNG,24.66,24.66,24.97,2086500.0,1801100.0,0,0,0,0,0,0,0,0,0,0,0,0,0,0,213,2026-02-04 13:56:23.663040
SMMR,24.58,24.43,24.58,2180000.0,2213700.0,0,0,0,0,0,0,0,0,0,0,0,0,0,0,213,2026-02-04 13:56:23.663040
ATMN,25.32,25.32,25.65,2358600.0,2278600.0,0,0,0,0,0,0,0,0,0,0,0,0,0,0,213,2026-02-04 13:56:23.663040
WNTR,24.31,24.08,24.23,2334000.0,1937900.0,0,0,0,0,0,0,0,0,0,0,0,0,0,0,213,2026-02-04 13:56:23.663040
SPNG,24.44,24.44,24.97,2109900.0,1801100.0,0,0,0,0,0,0,0,0,0,0,0,0,0,0,214,2026-02-04 13:56:24.213400
SMMR,24.58,24.43,24.58,2180000.0,2192100.0,0,0,0,0,0,0,0,0,0,0,0,0,0,0,214,2026-02-04 13:56:24.213400
ATMN,25.32,25.32,25.65,2486700.0,2281200.0,0,0,0,0,0,0,0,0,0,0,0,0,0,0,214,2026-02-04 13:56:24.213400
WNTR,24.06,24.06,24.23,2336700.0,2020200.0,0,0,0,0,0,0,0,0,0,0,0,0,0,0,214,2026-02-04 13:56:24.213400
SPNG,24.97,24.36,24.97,2095100.0,1831600.0,0,0,0,0,0,0,0,0,0,0,0,0,0,0,215,2026-02-04 13:56:25.251602
SMMR,24.58,24.43,24.58,2180000.0,2178700.0,0,0,0,0,0,0,0,0,0,0,0,0,0,0,215,2026-02-04 13:56:25.251602
ATMN,25.28,25.28,25.68,2523200.0,2292700.0,0,0,0,0,0,0,0,0,0,0,0,0,0,0,215,2026-02-04 13:56:25.251602
WNTR,24.23,24.06,24.23,2336700.0,2020200.0,0,0,0,0,0,0,0,0,0,0,0,0,0,0,215,2026-02-04 13:56:25.251602
SPNG,24.97,24.36,24.44,2064100.0,1859500.0,0,0,0,0,0,0,0,0,0,0,0,0,0,0,216,2026-02-04 13:56:26.293589
SMMR,24.58,24.54,24.57,2163800.0,2177200.0,0,0,0,0,0,0,0,0,0,0,0,0,0,0,216,2026-02-04 13:56:26.293589
ATMN,25.28,25.28,25.68,2489700.0,2292700.0,0,0,0,0,0,0,0,0,0,0,0,0,0,0,216,2026-02-04 13:56:26.293589
WNTR,24.18,24.18,24.31,2332100.0,1801800.0,0,0,0,0,0,0,0,0,0,0,0,0,0,0,216,2026-02-04 13:56:26.293589
SPNG,25.16,24.35,24.65,2101400.0,1812700.0,0,0,0,0,0,0,0,0,0,0,0,0,0,0,217,2026-02-04 13:56:27.332211
SMMR,24.58,24.52,24.58,2177600.0,2209600.0,0,0,0,0,0,0,0,0,0,0,0,0,0,0,217,2026-02-04 13:56:27.332211
ATMN,25.71,25.52,25.71,2465800.0,2283600.0,0,0,0,0,0,0,0,0,0,0,0,0,0,0,217,2026-02-04 13:56:27.332211
WNTR,24.05,24.05,24.31,2316900.0,1899300.0,0,0,0,0,0,0,0,0,0,0,0,0,0,0,217,2026-02-04 13:56:27.332211
SPNG,24.65,24.95,25.08,2067200.0,1813400.0,0,0,0,0,0,0,0,0,0,0,0,0,0,0,218,2026-02-04 13:56:28.371476
SMMR,24.41,24.41,24.55,2198400.0,2211900.0,0,0,0,0,0,0,0,0,0,0,0,0,0,0,218,2026-02-04 13:56:28.371476
ATMN,25.71,25.52,25.71,2465800.0,2269500.0,0,0,0,0,0,0,0,0,0,0,0,0,0,0,218,2026-02-04 13:56:28.371476
WNTR,24.3,24.18,24.3,2318000.0,2018600.0,0,0,0,0,0,0,0,0,0,0,0,0,0,0,218,2026-02-04 13:56:28.371476
SPNG,24.95,24.5,24.64,2066200.0,1891100.0,0,0,0,0,0,0,0,0,0,0,0,0,0,0,219,2026-02-04 13:56:29.434266
SMMR,24.55,24.4,24.55,2223500.0,2234100.0,0,0,0,0,0,0,0,0,0,0,0,0,0,0,219,2026-02-04 13:56:29.434266
ATMN,25.28,25.28,25.71,2460300.0,2278000.0,0,0,0,0,0,0,0,0,0,0,0,0,0,0,219,2026-02-04 13:56:29.434266
WNTR,24.13,24.05,24.13,2291700.0,2147800.0,0,0,0,0,0,0,0,0,0,0,0,0,0,0,219,2026-02-04 13:56:29.434266
SPNG,24.67,24.5,24.67,2071100.0,1879500.0,0,0,0,0,0,0,0,0,0,0,0,0,0,0,220,2026-02-04 13:56:30.504453
SMMR,24.39,24.39,24.55,2221600.0,2234100.0,0,0,0,0,0,0,0,0,0,0,0,0,0,0,220,2026-02-04 13:56:30.504453
ATMN,25.69,25.28,25.54,2460300.0,2263600.0,0,0,0,0,0,0,0,0,0,0,0,0,0,0,220,2026-02-04 13:56:30.504453
WNTR,24.35,24.03,24.35,2306900.0,1908600.0,0,0,0,0,0,0,0,0,0,0,0,0,0,0,220,2026-02-04 13:56:30.504453
SPNG,25.08,24.5,25.08,2068400.0,1833500.0,0,0,0,0,0,0,0,0,0,0,0,0,0,0,221,2026-02-04 13:56:31.552252
SMMR,24.58,24.42,24.58,2211600.0,2216900.0,0,0,0,0,0,0,0,0,0,0,0,0,0,0,221,2026-02-04 13:56:31.552252
ATMN,25.53,25.53,25.54,2468300.0,2263600.0,0,0,0,0,0,0,0,0,0,0,0,0,0,0,221,2026-02-04 13:56:31.552252
WNTR,24.35,24.21,24.23,2299700.0,2024500.0,0,0,0,0,0,0,0,0,0,0,0,0,0,0,221,2026-02-04 13:56:31.552252
SPNG,24.5,24.5,24.56,2050100.0,1857200.0,0,0,0,0,0,0,0,0,0,0,0,0,0,0,222,2026-02-04 13:56:32.585938
SMMR,24.58,24.42,24.45,2201000.0,2180600.0,0,0,0,0,0,0,0,0,0,0,0,0,0,0,222,2026-02-04 13:56:32.585938
ATMN,25.27,25.27,25.73,2469800.0,2236700.0,0,0,0,0,0,0,0,0,0,0,0,0,0,0,222,2026-02-04 13:56:32.585938
WNTR,24.21,24.21,24.23,2299700.0,2182900.0,0,0,0,0,0,0,0,0,0,0,0,0,0,0,222,2026-02-04 13:56:32.585938
SPNG,25.05,24.5,24.99,2050100.0,1886800.0,0,0,0,0,0,0,0,0,0,0,0,0,0,0,223,2026-02-04 13:56:33.623389
SMMR,24.45,24.47,24.57,2241000.0,2189900.0,0,0,0,0,0,0,0,0,0,0,0,0,0,0,223,2026-02-04 13:56:33.623389
ATMN,25.73,25.76,25.86,2445900.0,2231900.0,0,0,0,0,0,0,0,0,0,0,0,0,0,0,223,2026-02-04 13:56:33.623389
WNTR,24.03,24.03,24.23,2308400.0,2202500.0,0,0,0,0,0,0,0,0,0,0,0,0,0,0,223,2026-02-04 13:56:33.623389
SPNG,25.05,24.5,24.7,2050100.0,1977200.0,0,0,0,0,0,0,0,0,0,0,0,0,0,0,224,2026-02-04 13:56:34.663417
SMMR,24.49,24.48,24.49,2234800.0,2198900.0,0,0,0,0,0,0,0,0,0,0,0,0,0,0,224,2026-02-04 13:56:34.663417
ATMN,25.73,25.76,25.8,2445900.0,2214700.0,0,0,0,0,0,0,0,0,0,0,0,0,0,0,224,2026-02-04 13:56:34.663417
WNTR,24.01,24.01,24.23,2293700.0,2220000.0,0,0,0,0,0,0,0,0,0,0,0,0,0,0,224,2026-02-04 13:56:34.663417
SPNG,24.7,24.45,24.7,2061500.0,1977200.0,0,0,0,0,0,0,0,0,0,0,0,0,0,0,225,2026-02-04 13:56:35.696524
SMMR,24.42,24.42,24.48,2230900.0,2174000.0,0,0,0,0,0,0,0,0,0,0,0,0,0,0,225,2026-02-04 13:56:35.696524
ATMN,25.76,25.29,25.63,2411900.0,2237900.0,0,0,0,0,0,0,0,0,0,0,0,0,0,0,225,2026-02-04 13:56:35.696524
WNTR,23.96,23.96,24.23,2307100.0,2218300.0,0,0,0,0,0,0,0,0,0,0,0,0,0,0,225,2026-02-04 13:56:35.696524
SPNG,24.39,24.39,24.7,2064500.0,1977200.0,0,0,0,0,0,0,0,0,0,0,0,0,0,0,226,2026-02-04 13:56:36.237409
SMMR,24.44,24.42,24.43,2230900.0,2174600.0,0,0,0,0,0,0,0,0,0,0,0,0,0,0,226,2026-02-04 13:56:36.237409
ATMN,25.29,25.29,25.63,2411900.0,2237900.0,0,0,0,0,0,0,0,0,0,0,0,0,0,0,226,2026-02-04 13:56:36.237409
WNTR,23.94,23.94,24.23,2312800.0,2218300.0,0,0,0,0,0,0,0,0,0,0,0,0,0,0,226,2026-02-04 13:56:36.237409
SPNG,24.73,24.74,24.94,2084600.0,1926100.0,0,0,0,0,0,0,0,0,0,0,0,0,0,0,227,2026-02-04 13:56:37.310309
SMMR,24.42,24.42,24.53,2234000.0,2162300.0,0,0,0,0,0,0,0,0,0,0,0,0,0,0,227,2026-02-04 13:56:37.310309
ATMN,25.29,25.44,25.53,2356000.0,2221900.0,0,0,0,0,0,0,0,0,0,0,0,0,0,0,227,2026-02-04 13:56:37.310309
WNTR,24.01,24.22,24.23,2317600.0,2260900.0,0,0,0,0,0,0,0,0,0,0,0,0,0,0,227,2026-02-04 13:56:37.310309
SPNG,24.35,24.35,24.88,2111300.0,1957600.0,0,0,0,0,0,0,0,0,0,0,0,0,0,0,228,2026-02-04 13:56:38.350796
SMMR,24.49,24.42,24.49,2234000.0,2172600.0,0,0,0,0,0,0,0,0,0,0,0,0,0,0,228,2026-02-04 13:56:38.350796
ATMN,25.8,25.3,25.8,2384500.0,2217400.0,0,0,0,0,0,0,0,0,0,0,0,0,0,0,228,2026-02-04 13:56:38.350796
WNTR,23.91,23.91,24.23,2181200.0,2260900.0,0,0,0,0,0,0,0,0,0,0,0,0,0,0,228,2026-02-04 13:56:38.350796
SPNG,24.88,24.35,24.88,2111900.0,1957600.0,0,0,0,0,0,0,0,0,0,0,0,0,0,0,229,2026-02-04 13:56:39.388008
SMMR,24.49,24.42,24.49,2234000.0,2197900.0,0,0,0,0,0,0,0,0,0,0,0,0,0,0,229,2026-02-04 13:56:39.388008
ATMN,25.67,25.67,25.8,2390200.0,2237900.0,0,0,0,0,0,0,0,0,0,0,0,0,0,0,229,2026-02-04 13:56:39.388008
WNTR,24.25,23.91,23.95,2181200.0,2237700.0,0,0,0,0,0,0,0,0,0,0,0,0,0,0,229,2026-02-04 13:56:39.388008
SPNG,24.23,24.23,24.88,2124300.0,1957600.0,0,0,0,0,0,0,0,0,0,0,0,0,0,0,230,2026-02-04 13:56:40.420530
SMMR,24.38,24.38,24.49,2244000.0,2197900.0,0,0,0,0,0,0,0,0,0,0,0,0,0,0,230,2026-02-04 13:56:40.420530
ATMN,25.67,25.3,25.35,2357100.0,2234700.0,0,0,0,0,0,0,0,0,0,0,0,0,0,0,230,2026-02-04 13:56:40.420530
WNTR,24.25,23.92,23.95,2280000.0,2237700.0,0,0,0,0,0,0,0,0,0,0,0,0,0,0,230,2026-02-04 13:56:40.420530
SPNG,24.36,24.59,24.88,2130800.0,1957600.0,0,0,0,0,0,0,0,0,0,0,0,0,0,0,231,2026-02-04 13:56:41.459762
SMMR,24.38,24.38,24.49,2259800.0,2176400.0,0,0,0,0,0,0,0,0,0,0,0,0,0,0,231,2026-02-04 13:56:41.459762
ATMN,25.3,25.55,25.79,2312100.0,2234100.0,0,0,0,0,0,0,0,0,0,0,0,0,0,0,231,2026-02-04 13:56:41.459762
WNTR,24.16,23.97,24.16,2267900.0,2234900.0,0,0,0,0,0,0,0,0,0,0,0,0,0,0,231,2026-02-04 13:56:41.459762
SPNG,24.23,24.82,24.88,2106100.0,1981800.0,0,0,0,0,0,0,0,0,0,0,0,0,0,0,232,2026-02-04 13:56:42.521097
SMMR,24.38,24.37,24.38,2267000.0,2189800.0,0,0,0,0,0,0,0,0,0,0,0,0,0,0,232,2026-02-04 13:56:42.521097
ATMN,25.32,25.55,25.79,2302400.0,2234100.0,0,0,0,0,0,0,0,0,0,0,0,0,0,0,232,2026-02-04 13:56:42.521097
WNTR,24.16,24.11,24.16,2232100.0,2246700.0,0,0,0,0,0,0,0,0,0,0,0,0,0,0,232,2026-02-04 13:56:42.521097
SPNG,24.23,24.82,24.88,2106100.0,1966900.0,0,0,0,0,0,0,0,0,0,0,0,0,0,0,233,2026-02-04 13:56:43.581367
SMMR,24.38,24.37,24.38,2254300.0,2189800.0,0,0,0,0,0,0,0,0,0,0,0,0,0,0,233,2026-02-04 13:56:43.581367
ATMN,25.55,25.55,25.79,2330300.0,2255800.0,0,0,0,0,0,0,0,0,0,0,0,0,0,0,233,2026-02-04 13:56:43.581367
WNTR,24.16,24.11,24.16,2215900.0,2246700.0,0,0,0,0,0,0,0,0,0,0,0,0,0,0,233,2026-02-04 13:56:43.581367
SPNG,24.23,24.23,24.88,2122100.0,1978200.0,0,0,0,0,0,0,0,0,0,0,0,0,0,0,234,2026-02-04 13:56:44.612748
SMMR,24.38,24.41,24.44,2266200.0,2156100.0,0,0,0,0,0,0,0,0,0,0,0,0,0,0,234,2026-02-04 13:56:44.612748
ATMN,25.79,25.58,25.79,2342100.0,2255800.0,0,0,0,0,0,0,0,0,0,0,0,0,0,0,234,2026-02-04 13:56:44.612748
WNTR,24.16,24.21,24.26,2246400.0,2265100.0,0,0,0,0,0,0,0,0,0,0,0,0,0,0,234,2026-02-04 13:56:44.612748
SPNG,24.73,24.23,24.59,2122100.0,1989500.0,0,0,0,0,0,0,0,0,0,0,0,0,0,0,235,2026-02-04 13:56:45.642294
SMMR,24.45,24.43,24.45,2261800.0,2181600.0,0,0,0,0,0,0,0,0,0,0,0,0,0,0,235,2026-02-04 13:56:45.642294
ATMN,25.68,25.58,25.63,2342100.0,2254300.0,0,0,0,0,0,0,0,0,0,0,0,0,0,0,235,2026-02-04 13:56:45.642294
WNTR,24.26,24.21,24.26,2233100.0,2265100.0,0,0,0,0,0,0,0,0,0,0,0,0,0,0,235,2026-02-04 13:56:45.642294
SPNG,24.53,24.53,24.88,2100100.0,1990000.0,0,0,0,0,0,0,0,0,0,0,0,0,0,0,236,2026-02-04 13:56:46.675508
SMMR,24.41,24.41,24.45,2262900.0,2181600.0,0,0,0,0,0,0,0,0,0,0,0,0,0,0,236,2026-02-04 13:56:46.675508
ATMN,25.63,25.77,25.79,2328200.0,2233800.0,0,0,0,0,0,0,0,0,0,0,0,0,0,0,236,2026-02-04 13:56:46.675508
WNTR,24.11,24.11,24.26,2210100.0,2292600.0,0,0,0,0,0,0,0,0,0,0,0,0,0,0,236,2026-02-04 13:56:46.675508
SPNG,24.53,24.65,24.88,2097800.0,1960200.0,0,0,0,0,0,0,0,0,0,0,0,0,0,0,237,2026-02-04 13:56:47.713550
SMMR,24.39,24.39,24.45,2263800.0,2181600.0,0,0,0,0,0,0,0,0,0,0,0,0,0,0,237,2026-02-04 13:56:47.713550
ATMN,25.86,25.59,25.86,2321600.0,2238100.0,0,0,0,0,0,0,0,0,0,0,0,0,0,0,237,2026-02-04 13:56:47.713550
WNTR,24.3,24.11,24.3,2231600.0,2269100.0,0,0,0,0,0,0,0,0,0,0,0,0,0,0,237,2026-02-04 13:56:47.713550
SPNG,24.53,24.65,24.81,2097800.0,1989700.0,0,0,0,0,0,0,0,0,0,0,0,0,0,0,238,2026-02-04 13:56:48.747571
SMMR,24.46,24.42,24.46,2253400.0,2185300.0,0,0,0,0,0,0,0,0,0,0,0,0,0,0,238,2026-02-04 13:56:48.747571
ATMN,25.94,25.59,25.92,2321600.0,2230100.0,0,0,0,0,0,0,0,0,0,0,0,0,0,0,238,2026-02-04 13:56:48.747571
WNTR,24.1,24.1,24.3,2238200.0,2269100.0,0,0,0,0,0,0,0,0,0,0,0,0,0,0,238,2026-02-04 13:56:48.747571
SPNG,24.81,24.78,24.81,2074700.0,1985800.0,0,0,0,0,0,0,0,0,0,0,0,0,0,0,239,2026-02-04 13:56:49.788505
SMMR,24.46,24.42,24.44,2253400.0,2168900.0,0,0,0,0,0,0,0,0,0,0,0,0,0,0,239,2026-02-04 13:56:49.788505
ATMN,25.59,25.59,25.73,2321600.0,2234400.0,0,0,0,0,0,0,0,0,0,0,0,0,0,0,239,2026-02-04 13:56:49.788505
WNTR,24.1,24.1,24.31,2238200.0,2232700.0,0,0,0,0,0,0,0,0,0,0,0,0,0,0,239,2026-02-04 13:56:49.788505
SPNG,24.65,26.91,28.03,929000.0,676600.0,0,0,0,0,0,0,0,0,0,0,0,0,0,0,240,2026-02-04 13:56:50.823888
SMMR,25.03,25.03,25.05,747000.0,734600.0,0,0,0,0,0,0,0,0,0,0,0,0,0,0,240,2026-02-04 13:56:50.823888
ATMN,25.58,24.01,24.4,1007000.0,984600.0,0,0,0,0,0,0,0,0,0,0,0,0,0,0,240,2026-02-04 13:56:50.823888
WNTR,24.31,25.4,0.0,200000.0,,0,0,0,0,0,0,0,0,0,0,0,0,0,0,240,2026-02-04 13:56:50.823888
SPNG,26.91,26.91,28.03,929000.0,770200.0,0,0,0,0,0,0,0,0,0,0,0,0,0,0,241,2026-02-04 13:56:51.387338
SMMR,25.03,25.03,25.05,879500.0,831700.0,0,0,0,0,0,0,0,0,0,0,0,0,0,0,241,2026-02-04 13:56:51.387338
ATMN,24.01,24.01,24.03,1018900.0,1115700.0,0,0,0,0,0,0,0,0,0,0,0,0,0,0,241,2026-02-04 13:56:51.387338
WNTR,25.4,24.99,25.06,1049100.0,831900.0,0,0,0,0,0,0,0,0,0,0,0,0,0,0,241,2026-02-04 13:56:51.387338
SPNG,26.91,26.4,26.82,956000.0,1013000.0,0,0,0,0,0,0,0,0,0,0,0,0,0,0,242,2026-02-04 13:56:52.498390
SMMR,25.03,24.53,24.87,1251400.0,919300.0,0,0,0,0,0,0,0,0,0,0,0,0,0,0,242,2026-02-04 13:56:52.498390
ATMN,23.68,23.74,24.03,1177300.0,1235600.0,0,0,0,0,0,0,0,0,0,0,0,0,0,0,242,2026-02-04 13:56:52.498390
WNTR,25.52,25.55,25.67,1285100.0,924100.0,0,0,0,0,0,0,0,0,0,0,0,0,0,0,242,2026-02-04 13:56:52.498390
SPNG,26.82,26.4,26.82,1137900.0,1013000.0,0,0,0,0,0,0,0,0,0,0,0,0,0,0,243,2026-02-04 13:56:53.529884
SMMR,25.09,24.87,25.09,1476700.0,803400.0,0,0,0,0,0,0,0,0,0,0,0,0,0,0,243,2026-02-04 13:56:53.529884
ATMN,23.64,23.64,24.03,1170800.0,1235600.0,0,0,0,0,0,0,0,0,0,0,0,0,0,0,243,2026-02-04 13:56:53.529884
WNTR,24.99,24.99,25.63,1049100.0,1121000.0,0,0,0,0,0,0,0,0,0,0,0,0,0,0,243,2026-02-04 13:56:53.529884
SPNG,26.82,26.65,26.82,1398300.0,1013000.0,0,0,0,0,0,0,0,0,0,0,0,0,0,0,244,2026-02-04 13:56:54.566412
SMMR,25.1,25.14,25.24,1598800.0,1040100.0,0,0,0,0,0,0,0,0,0,0,0,0,0,0,244,2026-02-04 13:56:54.566412
ATMN,24.09,23.65,24.09,1284600.0,1104500.0,0,0,0,0,0,0,0,0,0,0,0,0,0,0,244,2026-02-04 13:56:54.566412
WNTR,25.49,25.26,25.49,1139600.0,1245600.0,0,0,0,0,0,0,0,0,0,0,0,0,0,0,244,2026-02-04 13:56:54.566412
SPNG,26.66,26.7,28.03,1506800.0,837700.0,0,0,0,0,0,0,0,0,0,0,0,0,0,0,245,2026-02-04 13:56:55.602082
SMMR,25.07,24.87,25.07,1586500.0,1137300.0,0,0,0,0,0,0,0,0,0,0,0,0,0,0,245,2026-02-04 13:56:55.602082
ATMN,24.09,24.16,24.4,1543800.0,984600.0,0,0,0,0,0,0,0,0,0,0,0,0,0,0,245,2026-02-04 13:56:55.602082
WNTR,25.57,25.26,25.45,1139600.0,1446900.0,0,0,0,0,0,0,0,0,0,0,0,0,0,0,245,2026-02-04 13:56:55.602082
SPNG,26.66,26.7,27.21,1506800.0,1079500.0,0,0,0,0,0,0,0,0,0,0,0,0,0,0,246,2026-02-04 13:56:56.631257
SMMR,24.87,24.87,24.92,1679900.0,1257600.0,0,0,0,0,0,0,0,0,0,0,0,0,0,0,246,2026-02-04 13:56:56.631257
ATMN,24.16,23.72,23.78,1702600.0,1104300.0,0,0,0,0,0,0,0,0,0,0,0,0,0,0,246,2026-02-04 13:56:56.631257
WNTR,25.45,25.46,25.59,1459600.0,1350000.0,0,0,0,0,0,0,0,0,0,0,0,0,0,0,246,2026-02-04 13:56:56.631257
