ticker,last_price,bid_price,ask_price,BUY_ANON,SELL_ANON,BUY_WRSW-1,BUY_UEBR-1,BUY_CHUL-1,BUY_BRCH-1,BUY_LAVL-1,SELL_CALG-1,SELL_GIOT-3,SELL_CHUL-4,SELL_LAVL-1,BUY_GIOT-3,BUY_CHUL-4,SELL_UEBR-1,SELL_WRSW-1,BUY_WRSW-3,SELL_WRSW-3,SELL_COLA-1,BUY_CALG-1,BUY_COLA-1,SELL_BRCH-1,SELL_ZUAI-3,BUY_WRSW-4,SELL_LUIS-1,SELL_WRSW-4,BUY_ZUAI-3,SELL_CHUL-1,BUY_LUIS-1,tick,timestamp,news_news_id,news_period,news_tick,news_ticker,news_headline,news_body
SPNG,24.86,24.86,25.02,2152100.0,2030100.0,0,0,0,0,0,0,0,0,0,0,0,0,0,0,0,0,0,0,0,0,0,0,0,0,0,0,1,2026-02-06 05:31:35.255912,2.0,1.0,1.0,,Aggregate Position Limit,Your CRO has set the aggregate position limit to 11000 shares for this week.
SMMR,24.96,25.06,25.07,2361000.0,2308100.0,0,0,0,0,0,0,0,0,0,0,0,0,0,0,0,0,0,0,0,0,0,0,0,0,0,0,1,2026-02-06 05:31:35.255912,1.0,1.0,1.0,,Welcome to the RITC 2026 Alogithmic Market Making Case - practice server,
ATMN,24.57,25.01,25.17,1959900.0,2013700.0,0,0,0,0,0,0,0,0,0,0,0,0,0,0,0,0,0,0,0,0,0,0,0,0,0,0,1,2026-02-06 05:31:35.255912,,,,,,
WNTR,24.89,24.89,25.02,2381100.0,2252500.0,0,0,0,0,0,0,0,0,0,0,0,0,0,0,0,0,0,0,0,0,0,0,0,0,0,0,1,2026-02-06 05:31:35.255912,,,,,,
SPNG,25.21,24.86,25.13,2017300.0,500.0,500.0,1943600.0,0,0,0,0,0,0,0,0,0,0,0,0,0,0,0,0,0,0,0,0,0,0,0,0,2,2026-02-06 05:31:35.875082
SMMR,25.06,24.96,25.02,2265100.0,500.0,500.0,2195900.0,0,0,0,0,0,0,0,0,0,0,0,0,0,0,0,0,0,0,0,0,0,0,0,0,2,2026-02-06 05:31:35.875082
ATMN,24.57,25.01,25.17,1966200.0,,,2024100.0,0,0,0,0,0,0,0,0,0,0,0,0,0,0,0,0,0,0,0,0,0,0,0,0,2,2026-02-06 05:31:35.875082
WNTR,24.89,24.89,25.01,2391000.0,,,2353100.0,0,0,0,0,0,0,0,0,0,0,0,0,0,0,0,0,0,0,0,0,0,0,0,0,2,2026-02-06 05:31:35.875082
SPNG,25.14,24.89,25.14,1997900.0,500.0,2078300.0,,0,0,0,0,0,0,0,0,0,0,0,0,0,0,0,0,0,0,0,0,0,0,0,0,3,2026-02-06 05:31:37.010232
SMMR,24.93,24.82,24.91,2300000.0,500.0,2191400.0,500.0,0,0,0,0,0,0,0,0,0,0,0,0,0,0,0,0,0,0,0,0,0,0,0,0,3,2026-02-06 05:31:37.010232
ATMN,24.71,24.67,24.71,2162700.0,,1912200.0,500.0,0,0,0,0,0,0,0,0,0,0,0,0,0,0,0,0,0,0,0,0,0,0,0,0,3,2026-02-06 05:31:37.010232
WNTR,24.85,24.89,25.01,2264700.0,500.0,2353100.0,,0,0,0,0,0,0,0,0,0,0,0,0,0,0,0,0,0,0,0,0,0,0,0,0,3,2026-02-06 05:31:37.010232
SPNG,25.14,25.04,25.14,2096500.0,2103900.0,,,0,0,0,0,0,0,0,0,0,0,0,0,0,0,0,0,0,0,0,0,0,0,0,0,4,2026-02-06 05:31:37.591701
SMMR,24.91,24.97,25.07,2385800.0,2193000.0,500.0,,0,0,0,0,0,0,0,0,0,0,0,0,0,0,0,0,0,0,0,0,0,0,0,0,4,2026-02-06 05:31:37.591701
ATMN,24.71,24.67,24.71,2162600.0,1912200.0,500.0,,0,0,0,0,0,0,0,0,0,0,0,0,0,0,0,0,0,0,0,0,0,0,0,0,4,2026-02-06 05:31:37.591701
WNTR,24.85,24.89,25.01,2263400.0,2240000.0,500.0,500.0,0,0,0,0,0,0,0,0,0,0,0,0,0,0,0,0,0,0,0,0,0,0,0,0,4,2026-02-06 05:31:37.591701
SPNG,24.89,24.89,25.21,2084900.0,2007400.0,450.0,,0,0,0,0,0,0,0,0,0,0,0,0,0,0,0,0,0,0,0,0,0,0,0,0,5,2026-02-06 05:31:38.641072
SMMR,24.97,24.97,25.07,2266000.0,2313800.0,,500.0,0,0,0,0,0,0,0,0,0,0,0,0,0,0,0,0,0,0,0,0,0,0,0,0,5,2026-02-06 05:31:38.641072
ATMN,24.71,25.11,25.17,2216100.0,1901800.0,500.0,,0,0,0,0,0,0,0,0,0,0,0,0,0,0,0,0,0,0,0,0,0,0,0,0,5,2026-02-06 05:31:38.641072
WNTR,25.06,24.89,25.06,2269200.0,2135600.0,500.0,500.0,0,0,0,0,0,0,0,0,0,0,0,0,0,0,0,0,0,0,0,0,0,0,0,0,5,2026-02-06 05:31:38.641072
SPNG,25.22,24.89,25.22,2084900.0,2004900.0,450.0,,0,0,0,0,0,0,0,0,0,0,0,0,0,0,0,0,0,0,0,0,0,0,0,0,6,2026-02-06 05:31:39.683095
SMMR,24.94,24.94,25.07,2253800.0,2154900.0,500.0,500.0,0,0,0,0,0,0,0,0,0,0,0,0,0,0,0,0,0,0,0,0,0,0,0,0,6,2026-02-06 05:31:39.683095
ATMN,25.11,24.7,24.88,2103600.0,1901700.0,500.0,450.0,0,0,0,0,0,0,0,0,0,0,0,0,0,0,0,0,0,0,0,0,0,0,0,0,6,2026-02-06 05:31:39.683095
WNTR,24.84,24.84,24.88,2265200.0,2253000.0,500.0,500.0,0,0,0,0,0,0,0,0,0,0,0,0,0,0,0,0,0,0,0,0,0,0,0,0,6,2026-02-06 05:31:39.683095
SPNG,25.15,24.89,25.15,2084900.0,2005400.0,450.0,,0,0,0,0,0,0,0,0,0,0,0,0,0,0,0,0,0,0,0,0,0,0,0,0,7,2026-02-06 05:31:40.741286
SMMR,25.07,25.07,25.08,2254500.0,2183200.0,500.0,500.0,0,0,0,0,0,0,0,0,0,0,0,0,0,0,0,0,0,0,0,0,0,0,0,0,7,2026-02-06 05:31:40.741286
ATMN,25.2,24.7,25.16,2129500.0,1975800.0,,450.0,0,0,0,0,0,0,0,0,0,0,0,0,0,0,0,0,0,0,0,0,0,0,0,0,7,2026-02-06 05:31:40.741286
WNTR,24.88,24.96,25.06,2249900.0,2135600.0,1000.0,500.0,0,0,0,0,0,0,0,0,0,0,0,0,0,0,0,0,0,0,0,0,0,0,0,0,7,2026-02-06 05:31:40.741286
SPNG,24.87,24.87,25.31,2105200.0,2069500.0,,,0,0,0,0,0,0,0,0,0,0,0,0,0,0,0,0,0,0,0,0,0,0,0,0,8,2026-02-06 05:31:41.787831
SMMR,25.07,24.97,25.07,2371100.0,2345500.0,,,0,0,0,0,0,0,0,0,0,0,0,0,0,0,0,0,0,0,0,0,0,0,0,0,8,2026-02-06 05:31:41.787831
ATMN,25.26,24.7,24.94,2221200.0,2028400.0,,,0,0,0,0,0,0,0,0,0,0,0,0,0,0,0,0,0,0,0,0,0,0,0,0,8,2026-02-06 05:31:41.787831
WNTR,24.88,24.96,24.97,2235500.0,2135600.0,500.0,1000.0,0,0,0,0,0,0,0,0,0,0,0,0,0,0,0,0,0,0,0,0,0,0,0,0,8,2026-02-06 05:31:41.787831
SPNG,24.87,24.91,25.3,500.0,2027500.0,500.0,1980100.0,0,0,0,0,0,0,0,0,0,0,0,0,0,0,0,0,0,0,0,0,0,0,0,0,9,2026-02-06 05:31:42.923897
SMMR,25.09,24.97,25.09,500.0,2242600.0,500.0,2201300.0,0,0,0,0,0,0,0,0,0,0,0,0,0,0,0,0,0,0,0,0,0,0,0,0,9,2026-02-06 05:31:42.923897
ATMN,24.94,24.92,24.94,350.0,2109000.0,,2028400.0,0,0,0,0,0,0,0,0,0,0,0,0,0,0,0,0,0,0,0,0,0,0,0,0,9,2026-02-06 05:31:42.923897
WNTR,24.97,24.89,24.97,500.0,2230400.0,1000.0,2134800.0,0,0,0,0,0,0,0,0,0,0,0,0,0,0,0,0,0,0,0,0,0,0,0,0,9,2026-02-06 05:31:42.923897
SPNG,24.86,24.86,25.36,2094100.0,2088800.0,,,0,0,0,0,0,0,0,0,0,0,0,0,0,0,0,0,0,0,0,0,0,0,0,0,10,2026-02-06 05:31:43.978439
SMMR,24.99,24.99,25.05,2240900.0,2236700.0,500.0,500.0,0,0,0,0,0,0,0,0,0,0,0,0,0,0,0,0,0,0,0,0,0,0,0,0,10,2026-02-06 05:31:43.978439
ATMN,24.94,24.97,25.26,2103000.0,2004300.0,350.0,,0,0,0,0,0,0,0,0,0,0,0,0,0,0,0,0,0,0,0,0,0,0,0,0,10,2026-02-06 05:31:43.978439
WNTR,24.97,24.98,25.0,2236200.0,2156000.0,500.0,1000.0,0,0,0,0,0,0,0,0,0,0,0,0,0,0,0,0,0,0,0,0,0,0,0,0,10,2026-02-06 05:31:43.978439
SPNG,24.86,24.86,25.27,2094100.0,2076100.0,,,0,0,0,0,0,0,0,0,0,0,0,0,0,0,0,0,0,0,0,0,0,0,0,0,11,2026-02-06 05:31:45.025490
SMMR,24.99,24.99,25.04,2240900.0,2246100.0,500.0,500.0,0,0,0,0,0,0,0,0,0,0,0,0,0,0,0,0,0,0,0,0,0,0,0,0,11,2026-02-06 05:31:45.025490
ATMN,24.94,25.03,25.17,2103200.0,1914600.0,350.0,350.0,0,0,0,0,0,0,0,0,0,0,0,0,0,0,0,0,0,0,0,0,0,0,0,0,11,2026-02-06 05:31:45.025490
WNTR,25.0,25.01,25.06,2105900.0,2157900.0,1000.0,1000.0,0,0,0,0,0,0,0,0,0,0,0,0,0,0,0,0,0,0,0,0,0,0,0,0,11,2026-02-06 05:31:45.025490
SPNG,24.81,24.81,25.1,2093500.0,2099000.0,,,0,0,0,0,0,0,0,0,0,0,0,0,0,0,0,0,0,0,0,0,0,0,0,0,12,2026-02-06 05:31:46.096608
SMMR,24.97,24.97,25.05,2351400.0,2343300.0,,,0,0,0,0,0,0,0,0,0,0,0,0,0,0,0,0,0,0,0,0,0,0,0,0,12,2026-02-06 05:31:46.096608
ATMN,25.26,25.3,25.34,2112200.0,2031000.0,350.0,,0,0,0,0,0,0,0,0,0,0,0,0,0,0,0,0,0,0,0,0,0,0,0,0,12,2026-02-06 05:31:46.096608
WNTR,24.98,25.01,25.06,2078500.0,2148000.0,1000.0,1000.0,0,0,0,0,0,0,0,0,0,0,0,0,0,0,0,0,0,0,0,0,0,0,0,0,12,2026-02-06 05:31:46.096608
SPNG,24.81,24.81,25.1,2060000.0,500.0,2012200.0,500.0,0,0,0,0,0,0,0,0,0,0,0,0,0,0,0,0,0,0,0,0,0,0,0,0,13,2026-02-06 05:31:46.684300
SMMR,24.97,24.97,25.05,2351400.0,,2343300.0,,0,0,0,0,0,0,0,0,0,0,0,0,0,0,0,0,0,0,0,0,0,0,0,0,13,2026-02-06 05:31:46.684300
ATMN,25.3,25.03,25.2,2226100.0,,2038800.0,,0,0,0,0,0,0,0,0,0,0,0,0,0,0,0,0,0,0,0,0,0,0,0,0,13,2026-02-06 05:31:46.684300
WNTR,25.01,25.01,25.05,2078500.0,1000.0,2166400.0,1000.0,0,0,0,0,0,0,0,0,0,0,0,0,0,0,0,0,0,0,0,0,0,0,0,0,13,2026-02-06 05:31:46.684300
SPNG,25.1,24.97,25.1,2066300.0,500.0,2012200.0,500.0,0,0,0,0,0,0,0,0,0,0,0,0,0,0,0,0,0,0,0,0,0,0,0,0,14,2026-02-06 05:31:47.734214
SMMR,24.94,24.94,25.05,2213000.0,500.0,2220500.0,500.0,0,0,0,0,0,0,0,0,0,0,0,0,0,0,0,0,0,0,0,0,0,0,0,0,14,2026-02-06 05:31:47.734214
ATMN,24.92,24.92,25.34,2224000.0,,2034500.0,,0,0,0,0,0,0,0,0,0,0,0,0,0,0,0,0,0,0,0,0,0,0,0,0,14,2026-02-06 05:31:47.734214
WNTR,24.98,24.98,25.04,2141100.0,1000.0,2196700.0,1000.0,0,0,0,0,0,0,0,0,0,0,0,0,0,0,0,0,0,0,0,0,0,0,0,0,14,2026-02-06 05:31:47.734214
SPNG,25.36,24.97,25.36,2082300.0,500.0,2099000.0,,0,0,0,0,0,0,0,0,0,0,0,0,0,0,0,0,0,0,0,0,0,0,0,0,15,2026-02-06 05:31:48.780225
SMMR,24.89,24.89,25.04,2251300.0,500.0,2184300.0,500.0,0,0,0,0,0,0,0,0,0,0,0,0,0,0,0,0,0,0,0,0,0,0,0,0,15,2026-02-06 05:31:48.780225
ATMN,24.73,24.73,25.34,2209600.0,,2053100.0,,0,0,0,0,0,0,0,0,0,0,0,0,0,0,0,0,0,0,0,0,0,0,0,0,15,2026-02-06 05:31:48.780225
WNTR,24.89,24.89,24.97,2126900.0,1000.0,2191800.0,1000.0,0,0,0,0,0,0,0,0,0,0,0,0,0,0,0,0,0,0,0,0,0,0,0,0,15,2026-02-06 05:31:48.780225
SPNG,25.36,24.97,25.36,2082300.0,500.0,2121000.0,,0,0,0,0,0,0,0,0,0,0,0,0,0,0,0,0,0,0,0,0,0,0,0,0,16,2026-02-06 05:31:49.858190
SMMR,24.92,25.02,25.05,2263900.0,500.0,2220500.0,500.0,0,0,0,0,0,0,0,0,0,0,0,0,0,0,0,0,0,0,0,0,0,0,0,0,16,2026-02-06 05:31:49.858190
ATMN,24.73,24.73,25.31,2209600.0,,1945500.0,464.0,0,0,0,0,0,0,0,0,0,0,0,0,0,0,0,0,0,0,0,0,0,0,0,0,16,2026-02-06 05:31:49.858190
WNTR,24.89,24.89,24.97,2130900.0,1000.0,2183700.0,1000.0,0,0,0,0,0,0,0,0,0,0,0,0,0,0,0,0,0,0,0,0,0,0,0,0,16,2026-02-06 05:31:49.858190
SPNG,25.36,25.07,25.17,2054100.0,500.0,2135900.0,,0,0,0,0,0,0,0,0,0,0,0,0,0,0,0,0,0,0,0,0,0,0,0,0,17,2026-02-06 05:31:50.987442
SMMR,24.93,24.93,25.05,2228000.0,500.0,2216400.0,500.0,0,0,0,0,0,0,0,0,0,0,0,0,0,0,0,0,0,0,0,0,0,0,0,0,17,2026-02-06 05:31:50.987442
ATMN,24.73,25.0,25.31,2225300.0,,1971100.0,464.0,0,0,0,0,0,0,0,0,0,0,0,0,0,0,0,0,0,0,0,0,0,0,0,0,17,2026-02-06 05:31:50.987442
WNTR,24.89,24.89,24.93,2130900.0,1000.0,2314700.0,500.0,0,0,0,0,0,0,0,0,0,0,0,0,0,0,0,0,0,0,0,0,0,0,0,0,17,2026-02-06 05:31:50.987442
SPNG,25.06,25.06,25.17,2067900.0,500.0,2098300.0,,0,0,0,0,0,0,0,0,0,0,0,0,0,0,0,0,0,0,0,0,0,0,0,0,18,2026-02-06 05:31:52.066623
SMMR,25.05,25.06,25.07,2233900.0,500.0,2238100.0,500.0,0,0,0,0,0,0,0,0,0,0,0,0,0,0,0,0,0,0,0,0,0,0,0,0,18,2026-02-06 05:31:52.066623
ATMN,24.7,24.7,25.31,2226100.0,,1952100.0,464.0,0,0,0,0,0,0,0,0,0,0,0,0,0,0,0,0,0,0,0,0,0,0,0,0,18,2026-02-06 05:31:52.066623
WNTR,24.93,24.89,24.93,2109900.0,1000.0,2214700.0,1000.0,0,0,0,0,0,0,0,0,0,0,0,0,0,0,0,0,0,0,0,0,0,0,0,0,18,2026-02-06 05:31:52.066623
SPNG,24.86,24.86,25.06,2166000.0,2140000.0,,,0,0,0,0,0,0,0,0,0,0,0,0,0,0,0,0,0,0,0,0,0,0,0,0,19,2026-02-06 05:31:53.139246
SMMR,25.08,24.89,25.08,2351400.0,2362300.0,,,0,0,0,0,0,0,0,0,0,0,0,0,0,0,0,0,0,0,0,0,0,0,0,0,19,2026-02-06 05:31:53.139246
ATMN,25.2,25.2,25.31,2261700.0,2073400.0,,,0,0,0,0,0,0,0,0,0,0,0,0,0,0,0,0,0,0,0,0,0,0,0,0,19,2026-02-06 05:31:53.139246
WNTR,24.97,24.84,24.97,2305200.0,2185300.0,500.0,1000.0,0,0,0,0,0,0,0,0,0,0,0,0,0,0,0,0,0,0,0,0,0,0,0,0,19,2026-02-06 05:31:53.139246
SPNG,24.86,24.97,25.06,2168300.0,2140000.0,,,0,0,0,0,0,0,0,0,0,0,0,0,0,0,0,0,0,0,0,0,0,0,0,0,20,2026-02-06 05:31:53.708075
SMMR,24.9,24.97,25.08,2390600.0,2362300.0,,,0,0,0,0,0,0,0,0,0,0,0,0,0,0,0,0,0,0,0,0,0,0,0,0,20,2026-02-06 05:31:53.708075
ATMN,24.95,24.97,25.31,2215100.0,2073400.0,,,0,0,0,0,0,0,0,0,0,0,0,0,0,0,0,0,0,0,0,0,0,0,0,0,20,2026-02-06 05:31:53.708075
WNTR,24.83,24.83,24.97,2296900.0,2185300.0,500.0,1000.0,0,0,0,0,0,0,0,0,0,0,0,0,0,0,0,0,0,0,0,0,0,0,0,0,20,2026-02-06 05:31:53.708075
SPNG,24.86,24.97,25.06,2078500.0,500.0,2101400.0,,0,0,0,0,0,0,0,0,0,0,0,0,0,0,0,0,0,0,0,0,0,0,0,0,21,2026-02-06 05:31:54.803646
SMMR,24.8,24.8,25.08,2366600.0,,2362300.0,,0,0,0,0,0,0,0,0,0,0,0,0,0,0,0,0,0,0,0,0,0,0,0,0,21,2026-02-06 05:31:54.803646
ATMN,24.95,24.97,25.18,2215100.0,,2077500.0,,0,0,0,0,0,0,0,0,0,0,0,0,0,0,0,0,0,0,0,0,0,0,0,0,21,2026-02-06 05:31:54.803646
WNTR,24.83,24.83,24.95,2296900.0,500.0,2174900.0,1000.0,0,0,0,0,0,0,0,0,0,0,0,0,0,0,0,0,0,0,0,0,0,0,0,0,21,2026-02-06 05:31:54.803646
SPNG,24.93,24.99,25.06,2076500.0,500.0,1996800.0,450.0,0,0,0,0,0,0,0,0,0,0,0,0,0,0,0,0,0,0,0,0,0,0,0,0,22,2026-02-06 05:31:55.877940
SMMR,24.76,24.83,24.86,2251900.0,500.0,2238400.0,500.0,0,0,0,0,0,0,0,0,0,0,0,0,0,0,0,0,0,0,0,0,0,0,0,0,22,2026-02-06 05:31:55.877940
ATMN,24.95,24.97,25.18,2122500.0,485.0,1994300.0,500.0,0,0,0,0,0,0,0,0,0,0,0,0,0,0,0,0,0,0,0,0,0,0,0,0,22,2026-02-06 05:31:55.877940
WNTR,24.82,24.82,24.95,2267300.0,500.0,2324500.0,500.0,0,0,0,0,0,0,0,0,0,0,0,0,0,0,0,0,0,0,0,0,0,0,0,0,22,2026-02-06 05:31:55.877940
SPNG,24.99,24.99,25.06,2083300.0,500.0,1996800.0,450.0,0,0,0,0,0,0,0,0,0,0,0,0,0,0,0,0,0,0,0,0,0,0,0,0,23,2026-02-06 05:31:57.017896
SMMR,24.86,24.87,24.95,2285500.0,500.0,2240400.0,500.0,0,0,0,0,0,0,0,0,0,0,0,0,0,0,0,0,0,0,0,0,0,0,0,0,23,2026-02-06 05:31:57.017896
ATMN,24.95,24.7,24.77,2211900.0,,1981700.0,500.0,0,0,0,0,0,0,0,0,0,0,0,0,0,0,0,0,0,0,0,0,0,0,0,0,23,2026-02-06 05:31:57.017896
WNTR,24.82,24.82,24.86,2267300.0,450.0,2354500.0,500.0,0,0,0,0,0,0,0,0,0,0,0,0,0,0,0,0,0,0,0,0,0,0,0,0,23,2026-02-06 05:31:57.017896
SPNG,25.17,24.86,25.17,2193500.0,2119300.0,,,0,0,0,0,0,0,0,0,0,0,0,0,0,0,0,0,0,0,0,0,0,0,0,0,24,2026-02-06 05:31:58.089516
SMMR,25.08,24.87,24.88,2422000.0,2358900.0,,,0,0,0,0,0,0,0,0,0,0,0,0,0,0,0,0,0,0,0,0,0,0,0,0,24,2026-02-06 05:31:58.089516
ATMN,24.77,24.82,25.18,2194000.0,2007400.0,500.0,,0,0,0,0,0,0,0,0,0,0,0,0,0,0,0,0,0,0,0,0,0,0,0,0,24,2026-02-06 05:31:58.089516
WNTR,24.81,24.81,24.82,2256000.0,2357600.0,500.0,450.0,0,0,0,0,0,0,0,0,0,0,0,0,0,0,0,0,0,0,0,0,0,0,0,0,24,2026-02-06 05:31:58.089516
SPNG,25.3,25.15,25.21,2120600.0,500.0,450.0,2017600.0,0,0,0,0,0,0,0,0,0,0,0,0,0,0,0,0,0,0,0,0,0,0,0,0,25,2026-02-06 05:31:59.136880
SMMR,24.88,25.0,25.08,2401600.0,,,2362300.0,0,0,0,0,0,0,0,0,0,0,0,0,0,0,0,0,0,0,0,0,0,0,0,0,25,2026-02-06 05:31:59.136880
ATMN,24.77,24.88,25.18,2190900.0,,,2105500.0,0,0,0,0,0,0,0,0,0,0,0,0,0,0,0,0,0,0,0,0,0,0,0,0,25,2026-02-06 05:31:59.136880
WNTR,24.82,24.81,24.82,2230800.0,450.0,500.0,2334000.0,0,0,0,0,0,0,0,0,0,0,0,0,0,0,0,0,0,0,0,0,0,0,0,0,25,2026-02-06 05:31:59.136880
SPNG,25.15,25.15,25.21,2120600.0,500.0,450.0,2022900.0,0,0,0,0,0,0,0,0,0,0,0,0,0,0,0,0,0,0,0,0,0,0,0,0,26,2026-02-06 05:31:59.724523
SMMR,24.9,24.9,24.94,2300800.0,500.0,500.0,2240400.0,0,0,0,0,0,0,0,0,0,0,0,0,0,0,0,0,0,0,0,0,0,0,0,0,26,2026-02-06 05:31:59.724523
ATMN,24.88,24.88,25.18,2084600.0,436.0,,2127900.0,0,0,0,0,0,0,0,0,0,0,0,0,0,0,0,0,0,0,0,0,0,0,0,0,26,2026-02-06 05:31:59.724523
WNTR,24.82,24.81,24.82,2226600.0,450.0,500.0,2334000.0,0,0,0,0,0,0,0,0,0,0,0,0,0,0,0,0,0,0,0,0,0,0,0,0,26,2026-02-06 05:31:59.724523
SPNG,25.31,25.15,25.31,2120600.0,500.0,2176700.0,,0,0,0,0,0,0,0,0,0,0,0,0,0,0,0,0,0,0,0,0,0,0,0,0,27,2026-02-06 05:32:00.773937
SMMR,24.89,24.89,24.94,2309200.0,500.0,2240400.0,500.0,0,0,0,0,0,0,0,0,0,0,0,0,0,0,0,0,0,0,0,0,0,0,0,0,27,2026-02-06 05:32:00.773937
ATMN,24.87,24.91,25.18,2070900.0,436.0,2022800.0,500.0,0,0,0,0,0,0,0,0,0,0,0,0,0,0,0,0,0,0,0,0,0,0,0,0,27,2026-02-06 05:32:00.773937
WNTR,24.82,24.82,24.83,2237900.0,450.0,2343100.0,500.0,0,0,0,0,0,0,0,0,0,0,0,0,0,0,0,0,0,0,0,0,0,0,0,0,27,2026-02-06 05:32:00.773937
SPNG,25.15,24.86,24.91,2093000.0,500.0,2158300.0,,0,0,0,0,0,0,0,0,0,0,0,0,0,0,0,0,0,0,0,0,0,0,0,0,28,2026-02-06 05:32:01.860598
SMMR,24.89,25.0,25.08,2338900.0,500.0,2362300.0,,0,0,0,0,0,0,0,0,0,0,0,0,0,0,0,0,0,0,0,0,0,0,0,0,28,2026-02-06 05:32:01.860598
ATMN,24.87,24.91,25.06,2070900.0,436.0,1991000.0,500.0,0,0,0,0,0,0,0,0,0,0,0,0,0,0,0,0,0,0,0,0,0,0,0,0,28,2026-02-06 05:32:01.860598
WNTR,24.81,24.81,24.83,2251700.0,450.0,2345300.0,500.0,0,0,0,0,0,0,0,0,0,0,0,0,0,0,0,0,0,0,0,0,0,0,0,0,28,2026-02-06 05:32:01.860598
SPNG,25.31,24.86,24.98,2193500.0,2167700.0,,,0,0,0,0,0,0,0,0,0,0,0,0,0,0,0,0,0,0,0,0,0,0,0,0,29,2026-02-06 05:32:02.936892
SMMR,25.09,24.87,25.09,2443300.0,2360100.0,,,0,0,0,0,0,0,0,0,0,0,0,0,0,0,0,0,0,0,0,0,0,0,0,0,29,2026-02-06 05:32:02.936892
ATMN,25.18,24.91,25.18,2038800.0,2028800.0,436.0,500.0,0,0,0,0,0,0,0,0,0,0,0,0,0,0,0,0,0,0,0,0,0,0,0,0,29,2026-02-06 05:32:02.936892
WNTR,24.77,24.77,24.83,2257200.0,2330200.0,450.0,500.0,0,0,0,0,0,0,0,0,0,0,0,0,0,0,0,0,0,0,0,0,0,0,0,0,29,2026-02-06 05:32:02.936892
SPNG,25.31,24.92,25.31,2120600.0,500.0,2175200.0,,0,0,0,0,0,0,0,0,0,0,0,0,0,0,0,0,0,0,0,0,0,0,0,0,30,2026-02-06 05:32:04.003362
SMMR,25.09,24.87,24.91,2443300.0,,2360800.0,,0,0,0,0,0,0,0,0,0,0,0,0,0,0,0,0,0,0,0,0,0,0,0,0,30,2026-02-06 05:32:04.003362
ATMN,25.18,24.91,24.98,2126400.0,,2103400.0,,0,0,0,0,0,0,0,0,0,0,0,0,0,0,0,0,0,0,0,0,0,0,0,0,30,2026-02-06 05:32:04.003362
WNTR,24.77,24.77,24.83,2361000.0,,2299700.0,500.0,0,0,0,0,0,0,0,0,0,0,0,0,0,0,0,0,0,0,0,0,0,0,0,0,30,2026-02-06 05:32:04.003362
SPNG,24.92,24.92,25.15,2112200.0,500.0,405.0,2053700.0,0,0,0,0,0,0,0,0,0,0,0,0,0,0,0,0,0,0,0,0,0,0,0,0,31,2026-02-06 05:32:05.091436
SMMR,25.09,24.87,24.91,2343700.0,500.0,450.0,2237600.0,0,0,0,0,0,0,0,0,0,0,0,0,0,0,0,0,0,0,0,0,0,0,0,0,31,2026-02-06 05:32:05.091436
ATMN,24.82,24.82,24.98,2126700.0,,500.0,1999900.0,0,0,0,0,0,0,0,0,0,0,0,0,0,0,0,0,0,0,0,0,0,0,0,0,31,2026-02-06 05:32:05.091436
WNTR,24.73,24.73,24.83,2337600.0,,500.0,2299700.0,0,0,0,0,0,0,0,0,0,0,0,0,0,0,0,0,0,0,0,0,0,0,0,0,31,2026-02-06 05:32:05.091436
SPNG,25.34,24.92,25.34,2218400.0,2175100.0,,,0,0,0,0,0,0,0,0,0,0,0,0,0,0,0,0,0,0,0,0,0,0,0,0,32,2026-02-06 05:32:06.137444
SMMR,24.91,24.98,25.02,2327100.0,2236700.0,500.0,450.0,0,0,0,0,0,0,0,0,0,0,0,0,0,0,0,0,0,0,0,0,0,0,0,0,32,2026-02-06 05:32:06.137444
ATMN,24.81,24.81,24.98,2147000.0,1999900.0,,500.0,0,0,0,0,0,0,0,0,0,0,0,0,0,0,0,0,0,0,0,0,0,0,0,0,32,2026-02-06 05:32:06.137444
WNTR,24.8,24.73,24.78,2233900.0,2193300.0,450.0,1000.0,0,0,0,0,0,0,0,0,0,0,0,0,0,0,0,0,0,0,0,0,0,0,0,0,32,2026-02-06 05:32:06.137444
SPNG,24.86,24.86,24.88,2199200.0,2147900.0,,,0,0,0,0,0,0,0,0,0,0,0,0,0,0,0,0,0,0,0,0,0,0,0,0,33,2026-02-06 05:32:07.207008
SMMR,24.98,24.88,24.98,2307400.0,2255500.0,500.0,450.0,0,0,0,0,0,0,0,0,0,0,0,0,0,0,0,0,0,0,0,0,0,0,0,0,33,2026-02-06 05:32:07.207008
ATMN,24.75,24.91,24.98,2160400.0,1999900.0,,500.0,0,0,0,0,0,0,0,0,0,0,0,0,0,0,0,0,0,0,0,0,0,0,0,0,33,2026-02-06 05:32:07.207008
WNTR,24.72,24.72,24.78,2247200.0,2193300.0,450.0,1000.0,0,0,0,0,0,0,0,0,0,0,0,0,0,0,0,0,0,0,0,0,0,0,0,0,33,2026-02-06 05:32:07.207008
SPNG,24.88,25.27,25.34,2189300.0,2175100.0,,,0,0,0,0,0,0,0,0,0,0,0,0,0,0,0,0,0,0,0,0,0,0,0,0,34,2026-02-06 05:32:07.832003
SMMR,24.86,24.86,24.98,2315900.0,2250600.0,500.0,450.0,0,0,0,0,0,0,0,0,0,0,0,0,0,0,0,0,0,0,0,0,0,0,0,0,34,2026-02-06 05:32:07.832003
ATMN,24.98,24.91,24.98,2160400.0,2019700.0,,500.0,0,0,0,0,0,0,0,0,0,0,0,0,0,0,0,0,0,0,0,0,0,0,0,0,34,2026-02-06 05:32:07.832003
WNTR,24.83,24.72,24.83,2270800.0,2159500.0,450.0,1000.0,0,0,0,0,0,0,0,0,0,0,0,0,0,0,0,0,0,0,0,0,0,0,0,0,34,2026-02-06 05:32:07.832003
SPNG,24.8,24.8,25.34,2174400.0,2183100.0,,,0,0,0,0,0,0,0,0,0,0,0,0,0,0,0,0,0,0,0,0,0,0,0,0,35,2026-02-06 05:32:09.024329
SMMR,24.86,24.91,24.98,2430700.0,2389000.0,,,0,0,0,0,0,0,0,0,0,0,0,0,0,0,0,0,0,0,0,0,0,0,0,0,35,2026-02-06 05:32:09.024329
ATMN,24.93,24.93,24.98,2176000.0,2118300.0,,,0,0,0,0,0,0,0,0,0,0,0,0,0,0,0,0,0,0,0,0,0,0,0,0,35,2026-02-06 05:32:09.024329
WNTR,24.83,24.72,24.83,2270800.0,2191600.0,450.0,1000.0,0,0,0,0,0,0,0,0,0,0,0,0,0,0,0,0,0,0,0,0,0,0,0,0,35,2026-02-06 05:32:09.024329
SPNG,24.9,24.9,25.34,2177000.0,2076100.0,364.0,,0,0,0,0,0,0,0,0,0,0,0,0,0,0,0,0,0,0,0,0,0,0,0,0,36,2026-02-06 05:32:10.097287
SMMR,25.02,24.91,25.02,2302900.0,2277500.0,450.0,500.0,0,0,0,0,0,0,0,0,0,0,0,0,0,0,0,0,0,0,0,0,0,0,0,0,36,2026-02-06 05:32:10.097287
ATMN,25.01,24.93,25.01,2055500.0,2125600.0,,392.0,0,0,0,0,0,0,0,0,0,0,0,0,0,0,0,0,0,0,0,0,0,0,0,0,36,2026-02-06 05:32:10.097287
WNTR,24.83,24.76,24.83,2287900.0,2191600.0,1000.0,450.0,0,0,0,0,0,0,0,0,0,0,0,0,0,0,0,0,0,0,0,0,0,0,0,0,36,2026-02-06 05:32:10.097287
SPNG,25.4,24.78,25.4,2173400.0,2072300.0,364.0,,0,0,0,0,0,0,0,0,0,0,0,0,0,0,0,0,0,0,0,0,0,0,0,0,37,2026-02-06 05:32:11.177493
SMMR,24.91,24.91,24.96,2302900.0,2335000.0,450.0,500.0,0,0,0,0,0,0,0,0,0,0,0,0,0,0,0,0,0,0,0,0,0,0,0,0,37,2026-02-06 05:32:11.177493
ATMN,24.72,25.06,25.14,2177200.0,2007200.0,500.0,,0,0,0,0,0,0,0,0,0,0,0,0,0,0,0,0,0,0,0,0,0,0,0,0,37,2026-02-06 05:32:11.177493
WNTR,24.89,24.75,24.89,2153900.0,2312400.0,500.0,900.0,0,0,0,0,0,0,0,0,0,0,0,0,0,0,0,0,0,0,0,0,0,0,0,0,37,2026-02-06 05:32:11.177493
SPNG,24.85,24.78,24.85,2162200.0,2078400.0,364.0,,0,0,0,0,0,0,0,0,0,0,0,0,0,0,0,0,0,0,0,0,0,0,0,0,38,2026-02-06 05:32:12.232015
SMMR,24.91,24.95,24.96,2269900.0,2335000.0,450.0,500.0,0,0,0,0,0,0,0,0,0,0,0,0,0,0,0,0,0,0,0,0,0,0,0,0,38,2026-02-06 05:32:12.232015
ATMN,24.72,25.06,25.14,2177200.0,2000200.0,500.0,,0,0,0,0,0,0,0,0,0,0,0,0,0,0,0,0,0,0,0,0,0,0,0,0,38,2026-02-06 05:32:12.232015
WNTR,24.71,24.71,24.89,2172200.0,2211000.0,1000.0,900.0,0,0,0,0,0,0,0,0,0,0,0,0,0,0,0,0,0,0,0,0,0,0,0,0,38,2026-02-06 05:32:12.232015
SPNG,24.78,24.78,25.4,2162200.0,2186700.0,,,0,0,0,0,0,0,0,0,0,0,0,0,0,0,0,0,0,0,0,0,0,0,0,0,39,2026-02-06 05:32:12.777608
SMMR,24.91,24.95,24.96,2409100.0,2367000.0,450.0,,0,0,0,0,0,0,0,0,0,0,0,0,0,0,0,0,0,0,0,0,0,0,0,0,39,2026-02-06 05:32:12.777608
ATMN,25.06,25.13,25.14,2178200.0,2000200.0,500.0,,0,0,0,0,0,0,0,0,0,0,0,0,0,0,0,0,0,0,0,0,0,0,0,0,39,2026-02-06 05:32:12.777608
WNTR,24.7,24.7,24.89,2154500.0,2211000.0,1000.0,900.0,0,0,0,0,0,0,0,0,0,0,0,0,0,0,0,0,0,0,0,0,0,0,0,0,39,2026-02-06 05:32:12.777608
SPNG,24.77,25.17,25.4,500.0,2051900.0,2186700.0,,0,0,0,0,0,0,0,0,0,0,0,0,0,0,0,0,0,0,0,0,0,0,0,0,40,2026-02-06 05:32:13.853901
SMMR,24.84,24.99,25.02,,2387400.0,2451700.0,,0,0,0,0,0,0,0,0,0,0,0,0,0,0,0,0,0,0,0,0,0,0,0,0,40,2026-02-06 05:32:13.853901
ATMN,25.06,25.13,25.16,,2178200.0,2097300.0,,0,0,0,0,0,0,0,0,0,0,0,0,0,0,0,0,0,0,0,0,0,0,0,0,40,2026-02-06 05:32:13.853901
WNTR,24.7,24.7,24.89,450.0,2243600.0,2211000.0,1000.0,0,0,0,0,0,0,0,0,0,0,0,0,0,0,0,0,0,0,0,0,0,0,0,0,40,2026-02-06 05:32:13.853901
SPNG,24.77,25.23,25.26,2032700.0,500.0,2054800.0,414.0,0,0,0,0,0,0,0,0,0,0,0,0,0,0,0,0,0,0,0,0,0,0,0,0,41,2026-02-06 05:32:14.899838
SMMR,24.99,24.99,25.04,2259600.0,500.0,2332100.0,450.0,0,0,0,0,0,0,0,0,0,0,0,0,0,0,0,0,0,0,0,0,0,0,0,0,41,2026-02-06 05:32:14.899838
ATMN,25.13,25.13,25.16,2057700.0,353.0,2069500.0,,0,0,0,0,0,0,0,0,0,0,0,0,0,0,0,0,0,0,0,0,0,0,0,0,41,2026-02-06 05:32:14.899838
WNTR,24.72,24.7,24.72,2243600.0,450.0,2214200.0,1000.0,0,0,0,0,0,0,0,0,0,0,0,0,0,0,0,0,0,0,0,0,0,0,0,0,41,2026-02-06 05:32:14.899838
SPNG,24.82,24.82,25.26,2142700.0,2151300.0,,,0,0,0,0,0,0,0,0,0,0,0,0,0,0,0,0,0,0,0,0,0,0,0,0,42,2026-02-06 05:32:15.948357
SMMR,25.04,24.99,25.04,2259600.0,2313600.0,500.0,450.0,0,0,0,0,0,0,0,0,0,0,0,0,0,0,0,0,0,0,0,0,0,0,0,0,42,2026-02-06 05:32:15.948357
ATMN,24.7,25.12,25.14,2173300.0,1926900.0,,500.0,0,0,0,0,0,0,0,0,0,0,0,0,0,0,0,0,0,0,0,0,0,0,0,0,42,2026-02-06 05:32:15.948357
WNTR,24.7,24.7,24.89,2243600.0,2209600.0,450.0,1000.0,0,0,0,0,0,0,0,0,0,0,0,0,0,0,0,0,0,0,0,0,0,0,0,0,42,2026-02-06 05:32:15.948357
SPNG,25.26,25.29,25.31,2016700.0,500.0,2150600.0,,0,0,0,0,0,0,0,0,0,0,0,0,0,0,0,0,0,0,0,0,0,0,0,0,43,2026-02-06 05:32:17.007809
SMMR,24.84,24.84,25.09,2398800.0,,2384300.0,,0,0,0,0,0,0,0,0,0,0,0,0,0,0,0,0,0,0,0,0,0,0,0,0,43,2026-02-06 05:32:17.007809
ATMN,25.18,25.12,25.18,2170000.0,,1952500.0,500.0,0,0,0,0,0,0,0,0,0,0,0,0,0,0,0,0,0,0,0,0,0,0,0,0,43,2026-02-06 05:32:17.007809
WNTR,24.7,24.7,24.77,2380400.0,,2207400.0,1000.0,0,0,0,0,0,0,0,0,0,0,0,0,0,0,0,0,0,0,0,0,0,0,0,0,43,2026-02-06 05:32:17.007809
SPNG,24.94,25.18,25.31,2046600.0,500.0,2170500.0,,0,0,0,0,0,0,0,0,0,0,0,0,0,0,0,0,0,0,0,0,0,0,0,0,44,2026-02-06 05:32:18.161643
SMMR,24.84,24.93,24.99,2224000.0,500.0,2412900.0,,0,0,0,0,0,0,0,0,0,0,0,0,0,0,0,0,0,0,0,0,0,0,0,0,44,2026-02-06 05:32:18.161643
ATMN,25.2,25.12,25.2,2056500.0,318.0,1957900.0,500.0,0,0,0,0,0,0,0,0,0,0,0,0,0,0,0,0,0,0,0,0,0,0,0,0,44,2026-02-06 05:32:18.161643
WNTR,24.7,24.7,24.73,2362600.0,,2176600.0,1000.0,0,0,0,0,0,0,0,0,0,0,0,0,0,0,0,0,0,0,0,0,0,0,0,0,44,2026-02-06 05:32:18.161643
SPNG,24.75,24.75,25.15,2130900.0,2152500.0,,,0,0,0,0,0,0,0,0,0,0,0,0,0,0,0,0,0,0,0,0,0,0,0,0,45,2026-02-06 05:32:19.216807
SMMR,24.95,24.93,24.95,2324900.0,2436000.0,,,0,0,0,0,0,0,0,0,0,0,0,0,0,0,0,0,0,0,0,0,0,0,0,0,45,2026-02-06 05:32:19.216807
ATMN,25.2,24.82,25.08,2174200.0,1924700.0,500.0,,0,0,0,0,0,0,0,0,0,0,0,0,0,0,0,0,0,0,0,0,0,0,0,0,45,2026-02-06 05:32:19.216807
WNTR,24.77,24.7,24.75,2250200.0,2185900.0,1000.0,450.0,0,0,0,0,0,0,0,0,0,0,0,0,0,0,0,0,0,0,0,0,0,0,0,0,45,2026-02-06 05:32:19.216807
SPNG,24.84,24.84,25.15,2131800.0,2028300.0,468.0,,0,0,0,0,0,0,0,0,0,0,0,0,0,0,0,0,0,0,0,0,0,0,0,0,46,2026-02-06 05:32:20.271237
SMMR,24.99,24.93,24.99,2308400.0,2412900.0,,,0,0,0,0,0,0,0,0,0,0,0,0,0,0,0,0,0,0,0,0,0,0,0,0,46,2026-02-06 05:32:20.271237
ATMN,25.2,24.82,24.86,2174200.0,2040100.0,,,0,0,0,0,0,0,0,0,0,0,0,0,0,0,0,0,0,0,0,0,0,0,0,0,46,2026-02-06 05:32:20.271237
WNTR,24.75,24.76,24.77,2256000.0,2212800.0,1000.0,450.0,0,0,0,0,0,0,0,0,0,0,0,0,0,0,0,0,0,0,0,0,0,0,0,0,46,2026-02-06 05:32:20.271237
SPNG,25.19,25.19,25.31,2121200.0,2024000.0,468.0,,0,0,0,0,0,0,0,0,0,0,0,0,0,0,0,0,0,0,0,0,0,0,0,0,47,2026-02-06 05:32:20.849939
SMMR,24.92,24.92,24.96,2204800.0,2296500.0,450.0,500.0,0,0,0,0,0,0,0,0,0,0,0,0,0,0,0,0,0,0,0,0,0,0,0,0,47,2026-02-06 05:32:20.849939
ATMN,25.08,24.82,25.08,2046800.0,2042800.0,,286.0,0,0,0,0,0,0,0,0,0,0,0,0,0,0,0,0,0,0,0,0,0,0,0,0,47,2026-02-06 05:32:20.849939
WNTR,24.76,24.76,24.77,2237900.0,2193000.0,1000.0,450.0,0,0,0,0,0,0,0,0,0,0,0,0,0,0,0,0,0,0,0,0,0,0,0,0,47,2026-02-06 05:32:20.849939
SPNG,24.75,25.27,25.31,2118500.0,2024000.0,468.0,,0,0,0,0,0,0,0,0,0,0,0,0,0,0,0,0,0,0,0,0,0,0,0,0,48,2026-02-06 05:32:21.990675
SMMR,24.96,24.92,24.96,2180600.0,2296500.0,450.0,500.0,0,0,0,0,0,0,0,0,0,0,0,0,0,0,0,0,0,0,0,0,0,0,0,0,48,2026-02-06 05:32:21.990675
ATMN,25.08,25.01,25.08,2036400.0,1924700.0,500.0,286.0,0,0,0,0,0,0,0,0,0,0,0,0,0,0,0,0,0,0,0,0,0,0,0,0,48,2026-02-06 05:32:21.990675
WNTR,24.77,24.76,24.77,2344900.0,2315500.0,500.0,,0,0,0,0,0,0,0,0,0,0,0,0,0,0,0,0,0,0,0,0,0,0,0,0,48,2026-02-06 05:32:21.990675
SPNG,25.31,24.75,25.31,2130900.0,2151500.0,,,0,0,0,0,0,0,0,0,0,0,0,0,0,0,0,0,0,0,0,0,0,0,0,0,49,2026-02-06 05:32:23.070038
SMMR,24.89,24.89,25.09,2341200.0,2384300.0,,,0,0,0,0,0,0,0,0,0,0,0,0,0,0,0,0,0,0,0,0,0,0,0,0,49,2026-02-06 05:32:23.070038
ATMN,25.23,25.01,25.23,2046000.0,2075500.0,286.0,,0,0,0,0,0,0,0,0,0,0,0,0,0,0,0,0,0,0,0,0,0,0,0,0,49,2026-02-06 05:32:23.070038
WNTR,24.7,24.72,24.78,2186800.0,2194900.0,450.0,1000.0,0,0,0,0,0,0,0,0,0,0,0,0,0,0,0,0,0,0,0,0,0,0,0,0,49,2026-02-06 05:32:23.070038
SPNG,25.34,24.82,25.34,2158800.0,2142000.0,,0,0,0,0,0,0,0,0,0,0,0,0,0,0,0,0,0,0,0,0,0,0,0,0,0,50,2026-02-06 05:32:24.137096
SMMR,24.89,24.99,25.09,2333900.0,2384300.0,,0,0,0,0,0,0,0,0,0,0,0,0,0,0,0,0,0,0,0,0,0,0,0,0,0,50,2026-02-06 05:32:24.137096
ATMN,25.05,25.01,25.05,2156800.0,2101200.0,,0,0,0,0,0,0,0,0,0,0,0,0,0,0,0,0,0,0,0,0,0,0,0,0,0,50,2026-02-06 05:32:24.137096
WNTR,24.8,24.72,24.8,2299900.0,2207000.0,1000.0,0,0,0,0,0,0,0,0,0,0,0,0,0,0,0,0,0,0,0,0,0,0,0,0,0,50,2026-02-06 05:32:24.137096
SPNG,25.4,25.15,25.4,2033100.0,481.0,2045300.0,500.0,0,0,0,0,0,0,0,0,0,0,0,0,0,0,0,0,0,0,0,0,0,0,0,0,51,2026-02-06 05:32:25.239567
SMMR,24.99,24.99,25.05,2222700.0,500.0,2415600.0,,0,0,0,0,0,0,0,0,0,0,0,0,0,0,0,0,0,0,0,0,0,0,0,0,51,2026-02-06 05:32:25.239567
ATMN,24.98,24.98,25.22,2167200.0,,2097000.0,,0,0,0,0,0,0,0,0,0,0,0,0,0,0,0,0,0,0,0,0,0,0,0,0,51,2026-02-06 05:32:25.239567
WNTR,24.89,24.79,24.89,2299900.0,,2220700.0,1000.0,0,0,0,0,0,0,0,0,0,0,0,0,0,0,0,0,0,0,0,0,0,0,0,0,51,2026-02-06 05:32:25.239567
SPNG,24.94,25.03,25.4,2166700.0,2045300.0,500.0,,0,0,0,0,0,0,0,0,0,0,0,0,0,0,0,0,0,0,0,0,0,0,0,0,52,2026-02-06 05:32:26.310351
SMMR,24.99,24.99,25.04,2225500.0,2454200.0,,500.0,0,0,0,0,0,0,0,0,0,0,0,0,0,0,0,0,0,0,0,0,0,0,0,0,52,2026-02-06 05:32:26.310351
ATMN,24.98,24.98,25.13,2046700.0,1964700.0,500.0,336.0,0,0,0,0,0,0,0,0,0,0,0,0,0,0,0,0,0,0,0,0,0,0,0,0,52,2026-02-06 05:32:26.310351
WNTR,24.83,24.8,24.83,2272200.0,2218900.0,1000.0,,0,0,0,0,0,0,0,0,0,0,0,0,0,0,0,0,0,0,0,0,0,0,0,0,52,2026-02-06 05:32:26.310351
SPNG,25.03,25.03,25.1,2166700.0,2037500.0,500.0,,0,0,0,0,0,0,0,0,0,0,0,0,0,0,0,0,0,0,0,0,0,0,0,0,53,2026-02-06 05:32:26.890236
SMMR,24.99,24.99,25.04,2225500.0,2412700.0,,500.0,0,0,0,0,0,0,0,0,0,0,0,0,0,0,0,0,0,0,0,0,0,0,0,0,53,2026-02-06 05:32:26.890236
ATMN,25.22,24.98,25.22,2046700.0,1989200.0,500.0,336.0,0,0,0,0,0,0,0,0,0,0,0,0,0,0,0,0,0,0,0,0,0,0,0,0,53,2026-02-06 05:32:26.890236
WNTR,24.83,24.8,24.83,2316400.0,2343900.0,500.0,,0,0,0,0,0,0,0,0,0,0,0,0,0,0,0,0,0,0,0,0,0,0,0,0,53,2026-02-06 05:32:26.890236
SPNG,25.4,25.03,25.4,2144600.0,2078200.0,500.0,,0,0,0,0,0,0,0,0,0,0,0,0,0,0,0,0,0,0,0,0,0,0,0,0,54,2026-02-06 05:32:27.983804
SMMR,24.99,24.97,24.99,2198000.0,2415100.0,,500.0,0,0,0,0,0,0,0,0,0,0,0,0,0,0,0,0,0,0,0,0,0,0,0,0,54,2026-02-06 05:32:27.983804
ATMN,24.82,24.82,25.22,2160300.0,1974200.0,500.0,,0,0,0,0,0,0,0,0,0,0,0,0,0,0,0,0,0,0,0,0,0,0,0,0,54,2026-02-06 05:32:27.983804
WNTR,24.83,24.86,24.89,2307200.0,2346500.0,500.0,,0,0,0,0,0,0,0,0,0,0,0,0,0,0,0,0,0,0,0,0,0,0,0,0,54,2026-02-06 05:32:27.983804
SPNG,24.84,24.82,24.84,2121800.0,2196600.0,,,0,0,0,0,0,0,0,0,0,0,0,0,0,0,0,0,0,0,0,0,0,0,0,0,55,2026-02-06 05:32:29.086883
SMMR,25.04,25.03,25.04,2195500.0,2379200.0,500.0,,0,0,0,0,0,0,0,0,0,0,0,0,0,0,0,0,0,0,0,0,0,0,0,0,55,2026-02-06 05:32:29.086883
ATMN,24.82,24.82,25.18,2135500.0,1949000.0,,500.0,0,0,0,0,0,0,0,0,0,0,0,0,0,0,0,0,0,0,0,0,0,0,0,0,55,2026-02-06 05:32:29.086883
WNTR,24.9,24.8,24.9,2323200.0,2247300.0,,1000.0,0,0,0,0,0,0,0,0,0,0,0,0,0,0,0,0,0,0,0,0,0,0,0,0,55,2026-02-06 05:32:29.086883
SPNG,24.74,24.74,25.43,2111200.0,2151300.0,,0,0,0,0,0,0,0,0,0,0,0,0,0,0,0,0,0,0,0,0,0,0,0,0,0,56,2026-02-06 05:32:30.165303
SMMR,25.05,24.9,25.05,2346000.0,2405600.0,,0,0,0,0,0,0,0,0,0,0,0,0,0,0,0,0,0,0,0,0,0,0,0,0,0,56,2026-02-06 05:32:30.165303
ATMN,25.24,25.07,25.24,2137000.0,2055100.0,,0,0,0,0,0,0,0,0,0,0,0,0,0,0,0,0,0,0,0,0,0,0,0,0,0,56,2026-02-06 05:32:30.165303
WNTR,24.9,24.79,24.9,2337600.0,2230800.0,1000.0,0,0,0,0,0,0,0,0,0,0,0,0,0,0,0,0,0,0,0,0,0,0,0,0,0,56,2026-02-06 05:32:30.165303
SPNG,25.24,24.92,25.24,2131100.0,2187500.0,,0,0,0,0,0,0,0,0,0,0,0,0,0,0,0,0,0,0,0,0,0,0,0,0,0,57,2026-02-06 05:32:31.225353
SMMR,25.0,25.0,25.03,2355900.0,2369600.0,,0,0,0,0,0,0,0,0,0,0,0,0,0,0,0,0,0,0,0,0,0,0,0,0,0,57,2026-02-06 05:32:31.225353
ATMN,25.07,24.82,25.03,2151700.0,2069500.0,,0,0,0,0,0,0,0,0,0,0,0,0,0,0,0,0,0,0,0,0,0,0,0,0,0,57,2026-02-06 05:32:31.225353
WNTR,24.91,24.79,24.91,2324000.0,2251900.0,1000.0,0,0,0,0,0,0,0,0,0,0,0,0,0,0,0,0,0,0,0,0,0,0,0,0,0,57,2026-02-06 05:32:31.225353
SPNG,24.92,24.92,25.24,2008300.0,433.0,2064000.0,500.0,0,0,0,0,0,0,0,0,0,0,0,0,0,0,0,0,0,0,0,0,0,0,0,0,58,2026-02-06 05:32:32.280133
SMMR,24.99,24.99,25.05,2230800.0,500.0,2405600.0,,0,0,0,0,0,0,0,0,0,0,0,0,0,0,0,0,0,0,0,0,0,0,0,0,58,2026-02-06 05:32:32.280133
ATMN,25.07,24.94,25.03,2177500.0,,2069500.0,,0,0,0,0,0,0,0,0,0,0,0,0,0,0,0,0,0,0,0,0,0,0,0,0,58,2026-02-06 05:32:32.280133
WNTR,24.91,24.87,24.91,2269700.0,,2251900.0,1000.0,0,0,0,0,0,0,0,0,0,0,0,0,0,0,0,0,0,0,0,0,0,0,0,0,58,2026-02-06 05:32:32.280133
SPNG,25.32,25.04,25.15,2022400.0,433.0,2164500.0,,0,0,0,0,0,0,0,0,0,0,0,0,0,0,0,0,0,0,0,0,0,0,0,0,59,2026-02-06 05:32:33.318340
SMMR,24.99,24.9,24.94,2224600.0,500.0,2403200.0,,0,0,0,0,0,0,0,0,0,0,0,0,0,0,0,0,0,0,0,0,0,0,0,0,59,2026-02-06 05:32:33.318340
ATMN,25.24,25.13,25.24,2057900.0,353.0,2055100.0,,0,0,0,0,0,0,0,0,0,0,0,0,0,0,0,0,0,0,0,0,0,0,0,0,59,2026-02-06 05:32:33.318340
WNTR,24.83,24.83,24.92,2168400.0,450.0,2356100.0,500.0,0,0,0,0,0,0,0,0,0,0,0,0,0,0,0,0,0,0,0,0,0,0,0,0,59,2026-02-06 05:32:33.318340
SPNG,25.04,24.89,25.14,861100.0,433.0,791800.0,,0,0,0,0,0,0,0,0,0,0,0,0,0,0,0,0,0,0,0,0,0,0,0,0,60,2026-02-06 05:32:34.353952
SMMR,26.22,25.51,25.93,712500.0,500.0,811300.0,,0,0,0,0,0,0,0,0,0,0,0,0,0,0,0,0,0,0,0,0,0,0,0,0,60,2026-02-06 05:32:34.353952
ATMN,25.24,26.2,26.36,967800.0,353.0,743800.0,,0,0,0,0,0,0,0,0,0,0,0,0,0,0,0,0,0,0,0,0,0,0,0,0,60,2026-02-06 05:32:34.353952
WNTR,24.89,24.89,24.95,962700.0,450.0,926900.0,500.0,0,0,0,0,0,0,0,0,0,0,0,0,0,0,0,0,0,0,0,0,0,0,0,0,60,2026-02-06 05:32:34.353952
SPNG,24.88,24.51,24.59,871400.0,1023900.0,,,0,0,0,0,0,0,0,0,0,0,0,0,0,0,0,0,0,0,0,0,0,0,0,0,61,2026-02-06 05:32:34.917746
SMMR,26.22,25.78,25.93,1149500.0,939100.0,500.0,,0,0,0,0,0,0,0,0,0,0,0,0,0,0,0,0,0,0,0,0,0,0,0,0,61,2026-02-06 05:32:34.917746
ATMN,26.39,26.39,26.42,1081500.0,738200.0,353.0,,0,0,0,0,0,0,0,0,0,0,0,0,0,0,0,0,0,0,0,0,0,0,0,0,61,2026-02-06 05:32:34.917746
WNTR,24.89,24.89,24.9,962700.0,1171100.0,450.0,1000.0,0,0,0,0,0,0,0,0,0,0,0,0,0,0,0,0,0,0,0,0,0,0,0,0,61,2026-02-06 05:32:34.917746
SPNG,24.34,24.34,24.59,951300.0,1195700.0,,,0,0,0,0,0,0,0,0,0,0,0,0,0,0,0,0,0,0,0,0,0,0,0,0,62,2026-02-06 05:32:36.045057
SMMR,25.99,26.12,26.16,1391800.0,988400.0,500.0,,0,0,0,0,0,0,0,0,0,0,0,0,0,0,0,0,0,0,0,0,0,0,0,0,62,2026-02-06 05:32:36.045057
ATMN,26.39,26.39,26.42,1081500.0,1031400.0,353.0,,0,0,0,0,0,0,0,0,0,0,0,0,0,0,0,0,0,0,0,0,0,0,0,0,62,2026-02-06 05:32:36.045057
WNTR,24.9,24.89,24.9,1071600.0,1293800.0,450.0,1000.0,0,0,0,0,0,0,0,0,0,0,0,0,0,0,0,0,0,0,0,0,0,0,0,0,62,2026-02-06 05:32:36.045057
SPNG,24.02,23.53,24.02,1235300.0,1293300.0,,0,0,0,0,0,0,0,0,0,0,0,0,0,0,0,0,0,0,0,0,0,0,0,0,0,63,2026-02-06 05:32:37.086270
SMMR,26.09,26.09,26.17,1355700.0,894900.0,,0,0,0,0,0,0,0,0,0,0,0,0,0,0,0,0,0,0,0,0,0,0,0,0,0,63,2026-02-06 05:32:37.086270
ATMN,26.39,26.39,26.42,1081500.0,1296500.0,,0,0,0,0,0,0,0,0,0,0,0,0,0,0,0,0,0,0,0,0,0,0,0,0,0,63,2026-02-06 05:32:37.086270
WNTR,24.99,24.86,24.99,971600.0,1296900.0,500.0,0,0,0,0,0,0,0,0,0,0,0,0,0,0,0,0,0,0,0,0,0,0,0,0,0,63,2026-02-06 05:32:37.086270
SPNG,24.77,23.97,24.77,1450200.0,1087100.0,,,0,0,0,0,0,0,0,0,0,0,0,0,0,0,0,0,0,0,0,0,0,0,0,0,64,2026-02-06 05:32:38.125246
SMMR,26.24,26.09,26.24,1592800.0,1003700.0,500.0,405.0,0,0,0,0,0,0,0,0,0,0,0,0,0,0,0,0,0,0,0,0,0,0,0,0,64,2026-02-06 05:32:38.125246
ATMN,25.75,24.76,25.75,1053700.0,1409300.0,,,0,0,0,0,0,0,0,0,0,0,0,0,0,0,0,0,0,0,0,0,0,0,0,0,64,2026-02-06 05:32:38.125246
WNTR,24.8,24.96,24.99,1198100.0,1296900.0,,500.0,0,0,0,0,0,0,0,0,0,0,0,0,0,0,0,0,0,0,0,0,0,0,0,0,64,2026-02-06 05:32:38.125246
SPNG,24.77,24.23,24.29,1786800.0,1325000.0,,,0,0,0,0,0,0,0,0,0,0,0,0,0,0,0,0,0,0,0,0,0,0,0,0,65,2026-02-06 05:32:39.218371
SMMR,25.95,26.06,26.24,1835900.0,1003700.0,405.0,,0,0,0,0,0,0,0,0,0,0,0,0,0,0,0,0,0,0,0,0,0,0,0,0,65,2026-02-06 05:32:39.218371
ATMN,26.46,25.66,26.46,1270500.0,1198800.0,500.0,,0,0,0,0,0,0,0,0,0,0,0,0,0,0,0,0,0,0,0,0,0,0,0,0,65,2026-02-06 05:32:39.218371
WNTR,24.8,24.97,24.99,1657700.0,1296900.0,500.0,500.0,0,0,0,0,0,0,0,0,0,0,0,0,0,0,0,0,0,0,0,0,0,0,0,0,65,2026-02-06 05:32:39.218371
SPNG,24.41,24.23,24.41,1998000.0,1218100.0,,,0,0,0,0,0,0,0,0,0,0,0,0,0,0,0,0,0,0,0,0,0,0,0,0,66,2026-02-06 05:32:40.330222
SMMR,26.24,26.09,26.1,1951300.0,1131700.0,,,0,0,0,0,0,0,0,0,0,0,0,0,0,0,0,0,0,0,0,0,0,0,0,0,66,2026-02-06 05:32:40.330222
ATMN,26.46,26.2,26.41,1450400.0,1387200.0,500.0,,0,0,0,0,0,0,0,0,0,0,0,0,0,0,0,0,0,0,0,0,0,0,0,0,66,2026-02-06 05:32:40.330222
WNTR,24.96,24.96,25.0,1550200.0,1294000.0,1000.0,500.0,0,0,0,0,0,0,0,0,0,0,0,0,0,0,0,0,0,0,0,0,0,0,0,0,66,2026-02-06 05:32:40.330222
SPNG,24.33,24.23,24.33,1998000.0,1337400.0,,0,0,0,0,0,0,0,0,0,0,0,0,0,0,0,0,0,0,0,0,0,0,0,0,0,67,2026-02-06 05:32:40.894653
SMMR,26.24,26.09,26.1,2045900.0,1249600.0,,0,0,0,0,0,0,0,0,0,0,0,0,0,0,0,0,0,0,0,0,0,0,0,0,0,67,2026-02-06 05:32:40.894653
ATMN,26.46,26.2,26.41,1450400.0,1594700.0,,0,0,0,0,0,0,0,0,0,0,0,0,0,0,0,0,0,0,0,0,0,0,0,0,0,67,2026-02-06 05:32:40.894653
WNTR,24.78,24.78,25.0,1230900.0,1294000.0,1000.0,0,0,0,0,0,0,0,0,0,0,0,0,0,0,0,0,0,0,0,0,0,0,0,0,0,67,2026-02-06 05:32:40.894653
SPNG,24.33,24.37,24.41,1861500.0,1218100.0,500.0,,0,0,0,0,0,0,0,0,0,0,0,0,0,0,0,0,0,0,0,0,0,0,0,0,68,2026-02-06 05:32:41.960199
SMMR,26.1,26.1,26.13,2132900.0,1121600.0,455.0,500.0,0,0,0,0,0,0,0,0,0,0,0,0,0,0,0,0,0,0,0,0,0,0,0,0,68,2026-02-06 05:32:41.960199
ATMN,26.46,26.2,26.41,1450400.0,1877400.0,,,0,0,0,0,0,0,0,0,0,0,0,0,0,0,0,0,0,0,0,0,0,0,0,0,68,2026-02-06 05:32:41.960199
WNTR,25.06,24.78,24.83,1341600.0,1307100.0,500.0,,0,0,0,0,0,0,0,0,0,0,0,0,0,0,0,0,0,0,0,0,0,0,0,0,68,2026-02-06 05:32:41.960199
SPNG,23.97,23.97,24.41,1895200.0,1419700.0,500.0,,0,0,0,0,0,0,0,0,0,0,0,0,0,0,0,0,0,0,0,0,0,0,0,0,69,2026-02-06 05:32:43.029918
SMMR,26.09,26.09,26.36,2161200.0,897100.0,,500.0,0,0,0,0,0,0,0,0,0,0,0,0,0,0,0,0,0,0,0,0,0,0,0,0,69,2026-02-06 05:32:43.029918
ATMN,26.43,26.11,26.43,1484200.0,1781100.0,500.0,362.0,0,0,0,0,0,0,0,0,0,0,0,0,0,0,0,0,0,0,0,0,0,0,0,0,69,2026-02-06 05:32:43.029918
WNTR,24.83,24.92,25.11,1750000.0,1165900.0,500.0,500.0,0,0,0,0,0,0,0,0,0,0,0,0,0,0,0,0,0,0,0,0,0,0,0,0,69,2026-02-06 05:32:43.029918
SPNG,24.51,24.52,24.6,2019900.0,1495400.0,,,0,0,0,0,0,0,0,0,0,0,0,0,0,0,0,0,0,0,0,0,0,0,0,0,70,2026-02-06 05:32:44.082741
SMMR,26.3,26.3,26.31,2140100.0,1015100.0,500.0,,0,0,0,0,0,0,0,0,0,0,0,0,0,0,0,0,0,0,0,0,0,0,0,0,70,2026-02-06 05:32:44.082741
ATMN,26.43,26.11,26.43,1484200.0,1798100.0,362.0,500.0,0,0,0,0,0,0,0,0,0,0,0,0,0,0,0,0,0,0,0,0,0,0,0,0,70,2026-02-06 05:32:44.082741
WNTR,24.83,24.93,25.05,1856100.0,1399500.0,500.0,500.0,0,0,0,0,0,0,0,0,0,0,0,0,0,0,0,0,0,0,0,0,0,0,0,0,70,2026-02-06 05:32:44.082741
SPNG,23.93,23.93,24.59,1799400.0,1706600.0,,,0,0,0,0,0,0,0,0,0,0,0,0,0,0,0,0,0,0,0,0,0,0,0,0,71,2026-02-06 05:32:45.133772
SMMR,26.3,26.09,26.23,2300300.0,1471500.0,,,0,0,0,0,0,0,0,0,0,0,0,0,0,0,0,0,0,0,0,0,0,0,0,0,71,2026-02-06 05:32:45.133772
ATMN,26.08,26.08,26.28,1484200.0,1792300.0,500.0,,0,0,0,0,0,0,0,0,0,0,0,0,0,0,0,0,0,0,0,0,0,0,0,0,71,2026-02-06 05:32:45.133772
WNTR,24.95,24.93,24.95,1856100.0,1506600.0,950.0,500.0,0,0,0,0,0,0,0,0,0,0,0,0,0,0,0,0,0,0,0,0,0,0,0,0,71,2026-02-06 05:32:45.133772
SPNG,23.93,24.16,24.48,1930100.0,1912000.0,,,0,0,0,0,0,0,0,0,0,0,0,0,0,0,0,0,0,0,0,0,0,0,0,0,72,2026-02-06 05:32:46.315634
SMMR,26.23,26.21,26.23,2253500.0,1567500.0,,,0,0,0,0,0,0,0,0,0,0,0,0,0,0,0,0,0,0,0,0,0,0,0,0,72,2026-02-06 05:32:46.315634
ATMN,25.05,25.05,26.28,1284000.0,1894400.0,,,0,0,0,0,0,0,0,0,0,0,0,0,0,0,0,0,0,0,0,0,0,0,0,0,72,2026-02-06 05:32:46.315634
WNTR,24.92,24.78,24.85,1643300.0,1762700.0,500.0,950.0,0,0,0,0,0,0,0,0,0,0,0,0,0,0,0,0,0,0,0,0,0,0,0,0,72,2026-02-06 05:32:46.315634
SPNG,23.91,23.91,24.34,1705500.0,1995100.0,500.0,,0,0,0,0,0,0,0,0,0,0,0,0,0,0,0,0,0,0,0,0,0,0,0,0,73,2026-02-06 05:32:47.382019
SMMR,26.31,26.21,26.28,2121400.0,1450000.0,,500.0,0,0,0,0,0,0,0,0,0,0,0,0,0,0,0,0,0,0,0,0,0,0,0,0,73,2026-02-06 05:32:47.382019
ATMN,25.05,25.54,26.28,1617900.0,1894400.0,,,0,0,0,0,0,0,0,0,0,0,0,0,0,0,0,0,0,0,0,0,0,0,0,0,73,2026-02-06 05:32:47.382019
WNTR,24.92,24.78,24.85,2058700.0,1762700.0,950.0,,0,0,0,0,0,0,0,0,0,0,0,0,0,0,0,0,0,0,0,0,0,0,0,0,73,2026-02-06 05:32:47.382019
SPNG,24.34,23.91,24.34,1826700.0,1995100.0,500.0,,0,0,0,0,0,0,0,0,0,0,0,0,0,0,0,0,0,0,0,0,0,0,0,0,74,2026-02-06 05:32:47.932490
SMMR,26.09,26.09,26.24,2158200.0,1540800.0,409.0,500.0,0,0,0,0,0,0,0,0,0,0,0,0,0,0,0,0,0,0,0,0,0,0,0,0,74,2026-02-06 05:32:47.932490
ATMN,25.05,25.78,26.28,1854500.0,1865100.0,,228.0,0,0,0,0,0,0,0,0,0,0,0,0,0,0,0,0,0,0,0,0,0,0,0,0,74,2026-02-06 05:32:47.932490
WNTR,24.85,24.78,24.85,2182300.0,1762700.0,950.0,,0,0,0,0,0,0,0,0,0,0,0,0,0,0,0,0,0,0,0,0,0,0,0,0,74,2026-02-06 05:32:47.932490
SPNG,24.34,23.91,24.34,2290800.0,1995100.0,500.0,,0,0,0,0,0,0,0,0,0,0,0,0,0,0,0,0,0,0,0,0,0,0,0,0,75,2026-02-06 05:32:49.012240
SMMR,26.07,26.07,26.28,2174900.0,1575700.0,409.0,500.0,0,0,0,0,0,0,0,0,0,0,0,0,0,0,0,0,0,0,0,0,0,0,0,0,75,2026-02-06 05:32:49.012240
ATMN,25.78,25.78,26.28,1854500.0,1894400.0,,228.0,0,0,0,0,0,0,0,0,0,0,0,0,0,0,0,0,0,0,0,0,0,0,0,0,75,2026-02-06 05:32:49.012240
WNTR,24.85,24.9,24.95,2350100.0,1633400.0,850.0,500.0,0,0,0,0,0,0,0,0,0,0,0,0,0,0,0,0,0,0,0,0,0,0,0,0,75,2026-02-06 05:32:49.012240
SPNG,24.39,24.06,24.16,2423500.0,2066400.0,,0,0,0,0,0,0,0,0,0,0,0,0,0,0,0,0,0,0,0,0,0,0,0,0,0,76,2026-02-06 05:32:50.062562
SMMR,26.27,26.27,26.28,2302100.0,1692000.0,,0,0,0,0,0,0,0,0,0,0,0,0,0,0,0,0,0,0,0,0,0,0,0,0,0,76,2026-02-06 05:32:50.062562
ATMN,25.78,26.11,26.28,2031100.0,1906600.0,,0,0,0,0,0,0,0,0,0,0,0,0,0,0,0,0,0,0,0,0,0,0,0,0,0,76,2026-02-06 05:32:50.062562
WNTR,25.08,24.9,25.02,2350100.0,1650400.0,500.0,0,0,0,0,0,0,0,0,0,0,0,0,0,0,0,0,0,0,0,0,0,0,0,0,0,76,2026-02-06 05:32:50.062562
SPNG,24.23,24.41,24.48,2252600.0,406.0,2060900.0,,0,0,0,0,0,0,0,0,0,0,0,0,0,0,0,0,0,0,0,0,0,0,0,0,77,2026-02-06 05:32:51.113227
SMMR,26.28,26.27,26.28,2170000.0,500.0,1918500.0,409.0,0,0,0,0,0,0,0,0,0,0,0,0,0,0,0,0,0,0,0,0,0,0,0,0,77,2026-02-06 05:32:51.113227
ATMN,25.78,25.78,26.28,1948400.0,,1903800.0,,0,0,0,0,0,0,0,0,0,0,0,0,0,0,0,0,0,0,0,0,0,0,0,0,77,2026-02-06 05:32:51.113227
WNTR,24.9,24.9,24.93,2334400.0,500.0,1789300.0,,0,0,0,0,0,0,0,0,0,0,0,0,0,0,0,0,0,0,0,0,0,0,0,0,77,2026-02-06 05:32:51.113227
SPNG,24.48,24.5,24.55,2243200.0,406.0,2067400.0,,0,0,0,0,0,0,0,0,0,0,0,0,0,0,0,0,0,0,0,0,0,0,0,0,78,2026-02-06 05:32:52.157378
SMMR,26.27,26.09,26.15,2174900.0,500.0,1947900.0,409.0,0,0,0,0,0,0,0,0,0,0,0,0,0,0,0,0,0,0,0,0,0,0,0,0,78,2026-02-06 05:32:52.157378
ATMN,26.31,25.84,26.19,1948400.0,361.0,1845400.0,500.0,0,0,0,0,0,0,0,0,0,0,0,0,0,0,0,0,0,0,0,0,0,0,0,0,78,2026-02-06 05:32:52.157378
WNTR,24.87,24.82,24.87,2515500.0,,1924500.0,,0,0,0,0,0,0,0,0,0,0,0,0,0,0,0,0,0,0,0,0,0,0,0,0,78,2026-02-06 05:32:52.157378
SPNG,24.55,24.06,24.29,2250200.0,406.0,2078200.0,,0,0,0,0,0,0,0,0,0,0,0,0,0,0,0,0,0,0,0,0,0,0,0,0,79,2026-02-06 05:32:53.203392
SMMR,26.31,26.06,26.31,2335100.0,,1821300.0,409.0,0,0,0,0,0,0,0,0,0,0,0,0,0,0,0,0,0,0,0,0,0,0,0,0,79,2026-02-06 05:32:53.203392
ATMN,26.38,25.84,26.38,2033700.0,361.0,1907200.0,,0,0,0,0,0,0,0,0,0,0,0,0,0,0,0,0,0,0,0,0,0,0,0,0,79,2026-02-06 05:32:53.203392
WNTR,24.97,24.97,25.02,2467900.0,,1650400.0,,0,0,0,0,0,0,0,0,0,0,0,0,0,0,0,0,0,0,0,0,0,0,0,0,79,2026-02-06 05:32:53.203392
SPNG,24.29,24.38,24.43,2237400.0,406.0,2104600.0,,0,0,0,0,0,0,0,0,0,0,0,0,0,0,0,0,0,0,0,0,0,0,0,0,80,2026-02-06 05:32:54.309960
SMMR,26.05,26.05,26.09,2342200.0,,1942800.0,409.0,0,0,0,0,0,0,0,0,0,0,0,0,0,0,0,0,0,0,0,0,0,0,0,0,80,2026-02-06 05:32:54.309960
ATMN,25.78,25.66,25.7,2067200.0,,1930400.0,,0,0,0,0,0,0,0,0,0,0,0,0,0,0,0,0,0,0,0,0,0,0,0,0,80,2026-02-06 05:32:54.309960
WNTR,24.97,24.97,25.02,2461300.0,,1769000.0,,0,0,0,0,0,0,0,0,0,0,0,0,0,0,0,0,0,0,0,0,0,0,0,0,80,2026-02-06 05:32:54.309960
SPNG,24.06,24.15,24.43,2371500.0,2153500.0,,0,0,0,0,0,0,0,0,0,0,0,0,0,0,0,0,0,0,0,0,0,0,0,0,0,81,2026-02-06 05:32:55.402853
SMMR,26.09,26.06,26.09,2365600.0,1942800.0,,0,0,0,0,0,0,0,0,0,0,0,0,0,0,0,0,0,0,0,0,0,0,0,0,0,81,2026-02-06 05:32:55.402853
ATMN,25.7,25.92,26.21,2310800.0,1936800.0,,0,0,0,0,0,0,0,0,0,0,0,0,0,0,0,0,0,0,0,0,0,0,0,0,0,81,2026-02-06 05:32:55.402853
WNTR,24.96,24.96,25.02,2436000.0,1879700.0,400.0,0,0,0,0,0,0,0,0,0,0,0,0,0,0,0,0,0,0,0,0,0,0,0,0,0,81,2026-02-06 05:32:55.402853
SPNG,24.09,24.09,24.43,456.0,2250200.0,2061600.0,500.0,0,0,0,0,0,0,0,0,0,0,0,0,0,0,0,0,0,0,0,0,0,0,0,0,82,2026-02-06 05:32:55.973393
SMMR,26.31,26.06,26.31,,2345700.0,1705000.0,,0,0,0,0,0,0,0,0,0,0,0,0,0,0,0,0,0,0,0,0,0,0,0,0,82,2026-02-06 05:32:55.973393
ATMN,25.7,26.01,26.21,,2196700.0,1936800.0,,0,0,0,0,0,0,0,0,0,0,0,0,0,0,0,0,0,0,0,0,0,0,0,0,82,2026-02-06 05:32:55.973393
WNTR,24.96,24.96,25.02,,2436000.0,1989000.0,400.0,0,0,0,0,0,0,0,0,0,0,0,0,0,0,0,0,0,0,0,0,0,0,0,0,82,2026-02-06 05:32:55.973393
SPNG,24.43,24.13,24.43,2244600.0,456.0,2061600.0,500.0,0,0,0,0,0,0,0,0,0,0,0,0,0,0,0,0,0,0,0,0,0,0,0,0,83,2026-02-06 05:32:57.077647
SMMR,26.06,26.06,26.27,2217600.0,500.0,1705000.0,459.0,0,0,0,0,0,0,0,0,0,0,0,0,0,0,0,0,0,0,0,0,0,0,0,0,83,2026-02-06 05:32:57.077647
ATMN,25.92,25.86,25.87,2102100.0,375.0,1856000.0,500.0,0,0,0,0,0,0,0,0,0,0,0,0,0,0,0,0,0,0,0,0,0,0,0,0,83,2026-02-06 05:32:57.077647
WNTR,25.05,24.96,25.05,2438200.0,,1742300.0,400.0,0,0,0,0,0,0,0,0,0,0,0,0,0,0,0,0,0,0,0,0,0,0,0,0,83,2026-02-06 05:32:57.077647
SPNG,24.55,24.13,24.19,2355700.0,2201100.0,,,0,0,0,0,0,0,0,0,0,0,0,0,0,0,0,0,0,0,0,0,0,0,0,0,84,2026-02-06 05:32:58.117427
SMMR,26.24,26.0,26.24,2191700.0,1832600.0,500.0,459.0,0,0,0,0,0,0,0,0,0,0,0,0,0,0,0,0,0,0,0,0,0,0,0,0,84,2026-02-06 05:32:58.117427
ATMN,25.89,26.16,26.21,2045200.0,1947500.0,375.0,,0,0,0,0,0,0,0,0,0,0,0,0,0,0,0,0,0,0,0,0,0,0,0,0,84,2026-02-06 05:32:58.117427
WNTR,25.18,25.19,25.26,2284900.0,1538200.0,500.0,400.0,0,0,0,0,0,0,0,0,0,0,0,0,0,0,0,0,0,0,0,0,0,0,0,0,84,2026-02-06 05:32:58.117427
SPNG,24.19,24.13,24.19,2274800.0,2201100.0,,,0,0,0,0,0,0,0,0,0,0,0,0,0,0,0,0,0,0,0,0,0,0,0,0,85,2026-02-06 05:32:59.149659
SMMR,26.24,26.0,26.22,2191700.0,1939900.0,500.0,459.0,0,0,0,0,0,0,0,0,0,0,0,0,0,0,0,0,0,0,0,0,0,0,0,0,85,2026-02-06 05:32:59.149659
ATMN,26.16,25.86,25.93,2027900.0,1964300.0,375.0,,0,0,0,0,0,0,0,0,0,0,0,0,0,0,0,0,0,0,0,0,0,0,0,0,85,2026-02-06 05:32:59.149659
WNTR,25.18,25.19,25.26,2284900.0,1917300.0,500.0,400.0,0,0,0,0,0,0,0,0,0,0,0,0,0,0,0,0,0,0,0,0,0,0,0,0,85,2026-02-06 05:32:59.149659
SPNG,24.19,24.25,24.55,2093500.0,476.0,2186100.0,,0,0,0,0,0,0,0,0,0,0,0,0,0,0,0,0,0,0,0,0,0,0,0,0,86,2026-02-06 05:33:00.185380
SMMR,26.15,26.15,26.2,2314700.0,,2047300.0,,0,0,0,0,0,0,0,0,0,0,0,0,0,0,0,0,0,0,0,0,0,0,0,0,86,2026-02-06 05:33:00.185380
ATMN,25.93,26.07,26.21,2003000.0,375.0,1957900.0,,0,0,0,0,0,0,0,0,0,0,0,0,0,0,0,0,0,0,0,0,0,0,0,0,86,2026-02-06 05:33:00.185380
WNTR,24.96,24.96,25.26,2292900.0,500.0,2157600.0,400.0,0,0,0,0,0,0,0,0,0,0,0,0,0,0,0,0,0,0,0,0,0,0,0,0,86,2026-02-06 05:33:00.185380
SPNG,24.39,24.13,24.39,2227100.0,2104400.0,500.0,,0,0,0,0,0,0,0,0,0,0,0,0,0,0,0,0,0,0,0,0,0,0,0,0,87,2026-02-06 05:33:01.217912
SMMR,25.99,26.1,26.22,2197200.0,1939900.0,459.0,500.0,0,0,0,0,0,0,0,0,0,0,0,0,0,0,0,0,0,0,0,0,0,0,0,0,87,2026-02-06 05:33:01.217912
ATMN,26.12,25.86,26.05,2170200.0,1965700.0,,,0,0,0,0,0,0,0,0,0,0,0,0,0,0,0,0,0,0,0,0,0,0,0,0,87,2026-02-06 05:33:01.217912
WNTR,24.96,25.09,25.17,2295700.0,2317600.0,400.0,500.0,0,0,0,0,0,0,0,0,0,0,0,0,0,0,0,0,0,0,0,0,0,0,0,0,87,2026-02-06 05:33:01.217912
SPNG,24.44,24.44,24.51,2217500.0,2089000.0,500.0,,0,0,0,0,0,0,0,0,0,0,0,0,0,0,0,0,0,0,0,0,0,0,0,0,88,2026-02-06 05:33:02.269539
SMMR,25.99,25.99,26.22,2185700.0,2055200.0,459.0,500.0,0,0,0,0,0,0,0,0,0,0,0,0,0,0,0,0,0,0,0,0,0,0,0,0,88,2026-02-06 05:33:02.269539
ATMN,26.23,26.11,26.23,1994200.0,1931000.0,,425.0,0,0,0,0,0,0,0,0,0,0,0,0,0,0,0,0,0,0,0,0,0,0,0,0,88,2026-02-06 05:33:02.269539
WNTR,25.17,25.22,25.26,2289900.0,2311500.0,400.0,500.0,0,0,0,0,0,0,0,0,0,0,0,0,0,0,0,0,0,0,0,0,0,0,0,0,88,2026-02-06 05:33:02.269539
SPNG,24.08,24.43,24.51,2235100.0,2117700.0,500.0,,0,0,0,0,0,0,0,0,0,0,0,0,0,0,0,0,0,0,0,0,0,0,0,0,89,2026-02-06 05:33:03.509608
SMMR,26.13,25.99,26.06,2203000.0,2242800.0,459.0,500.0,0,0,0,0,0,0,0,0,0,0,0,0,0,0,0,0,0,0,0,0,0,0,0,0,89,2026-02-06 05:33:03.509608
ATMN,26.38,26.11,26.38,1994200.0,1930800.0,,425.0,0,0,0,0,0,0,0,0,0,0,0,0,0,0,0,0,0,0,0,0,0,0,0,0,89,2026-02-06 05:33:03.509608
WNTR,25.22,25.09,25.15,2156800.0,2321300.0,328.0,1000.0,0,0,0,0,0,0,0,0,0,0,0,0,0,0,0,0,0,0,0,0,0,0,0,0,89,2026-02-06 05:33:03.509608
SPNG,24.08,24.43,24.51,2235100.0,2226500.0,,,0,0,0,0,0,0,0,0,0,0,0,0,0,0,0,0,0,0,0,0,0,0,0,0,90,2026-02-06 05:33:04.160913
SMMR,26.13,25.99,26.06,2317000.0,2242800.0,459.0,,0,0,0,0,0,0,0,0,0,0,0,0,0,0,0,0,0,0,0,0,0,0,0,0,90,2026-02-06 05:33:04.160913
ATMN,26.11,25.95,26.08,1987300.0,1947300.0,,425.0,0,0,0,0,0,0,0,0,0,0,0,0,0,0,0,0,0,0,0,0,0,0,0,0,90,2026-02-06 05:33:04.160913
WNTR,25.09,25.09,25.14,2156800.0,2324800.0,328.0,1000.0,0,0,0,0,0,0,0,0,0,0,0,0,0,0,0,0,0,0,0,0,0,0,0,0,90,2026-02-06 05:33:04.160913
SPNG,24.43,24.21,24.23,2106600.0,429.0,2087800.0,500.0,0,0,0,0,0,0,0,0,0,0,0,0,0,0,0,0,0,0,0,0,0,0,0,0,91,2026-02-06 05:33:05.213398
SMMR,26.01,26.0,26.01,2304600.0,,2347100.0,,0,0,0,0,0,0,0,0,0,0,0,0,0,0,0,0,0,0,0,0,0,0,0,0,91,2026-02-06 05:33:05.213398
ATMN,25.85,25.85,26.41,2176100.0,,1920500.0,,0,0,0,0,0,0,0,0,0,0,0,0,0,0,0,0,0,0,0,0,0,0,0,0,91,2026-02-06 05:33:05.213398
WNTR,24.95,24.95,25.04,2297400.0,500.0,2316000.0,328.0,0,0,0,0,0,0,0,0,0,0,0,0,0,0,0,0,0,0,0,0,0,0,0,0,91,2026-02-06 05:33:05.213398
SPNG,24.43,24.21,24.23,2120300.0,429.0,2079100.0,500.0,0,0,0,0,0,0,0,0,0,0,0,0,0,0,0,0,0,0,0,0,0,0,0,0,92,2026-02-06 05:33:06.274168
SMMR,26.01,26.08,26.2,2179900.0,500.0,2213100.0,459.0,0,0,0,0,0,0,0,0,0,0,0,0,0,0,0,0,0,0,0,0,0,0,0,0,92,2026-02-06 05:33:06.274168
ATMN,26.43,26.14,26.43,2053900.0,475.0,1901100.0,,0,0,0,0,0,0,0,0,0,0,0,0,0,0,0,0,0,0,0,0,0,0,0,0,92,2026-02-06 05:33:06.274168
WNTR,24.95,24.95,25.14,2339400.0,500.0,2321400.0,328.0,0,0,0,0,0,0,0,0,0,0,0,0,0,0,0,0,0,0,0,0,0,0,0,0,92,2026-02-06 05:33:06.274168
SPNG,24.43,24.15,24.38,2107900.0,429.0,2203300.0,,0,0,0,0,0,0,0,0,0,0,0,0,0,0,0,0,0,0,0,0,0,0,0,0,93,2026-02-06 05:33:07.455891
SMMR,26.27,26.08,26.27,2179900.0,500.0,2305200.0,,0,0,0,0,0,0,0,0,0,0,0,0,0,0,0,0,0,0,0,0,0,0,0,0,93,2026-02-06 05:33:07.455891
ATMN,26.15,26.17,26.43,2042500.0,475.0,1901100.0,,0,0,0,0,0,0,0,0,0,0,0,0,0,0,0,0,0,0,0,0,0,0,0,0,93,2026-02-06 05:33:07.455891
WNTR,25.08,24.95,25.04,2339400.0,500.0,2293400.0,328.0,0,0,0,0,0,0,0,0,0,0,0,0,0,0,0,0,0,0,0,0,0,0,0,0,93,2026-02-06 05:33:07.455891
SPNG,24.3,24.15,24.3,2107900.0,429.0,2202600.0,,0,0,0,0,0,0,0,0,0,0,0,0,0,0,0,0,0,0,0,0,0,0,0,0,94,2026-02-06 05:33:08.523215
SMMR,26.08,26.11,26.27,2182600.0,500.0,2312100.0,,0,0,0,0,0,0,0,0,0,0,0,0,0,0,0,0,0,0,0,0,0,0,0,0,94,2026-02-06 05:33:08.523215
ATMN,26.15,26.17,26.43,2042500.0,475.0,1922200.0,,0,0,0,0,0,0,0,0,0,0,0,0,0,0,0,0,0,0,0,0,0,0,0,0,94,2026-02-06 05:33:08.523215
WNTR,24.94,24.94,25.04,2351000.0,500.0,2286700.0,378.0,0,0,0,0,0,0,0,0,0,0,0,0,0,0,0,0,0,0,0,0,0,0,0,0,94,2026-02-06 05:33:08.523215
SPNG,24.3,24.15,24.3,2204600.0,2197700.0,,,0,0,0,0,0,0,0,0,0,0,0,0,0,0,0,0,0,0,0,0,0,0,0,0,95,2026-02-06 05:33:09.073861
SMMR,26.11,26.11,26.27,2303000.0,2312100.0,,,0,0,0,0,0,0,0,0,0,0,0,0,0,0,0,0,0,0,0,0,0,0,0,0,95,2026-02-06 05:33:09.073861
ATMN,26.15,26.17,26.24,2172300.0,1934000.0,,,0,0,0,0,0,0,0,0,0,0,0,0,0,0,0,0,0,0,0,0,0,0,0,0,95,2026-02-06 05:33:09.073861
WNTR,25.04,24.94,25.04,2351000.0,2319700.0,500.0,378.0,0,0,0,0,0,0,0,0,0,0,0,0,0,0,0,0,0,0,0,0,0,0,0,0,95,2026-02-06 05:33:09.073861
SPNG,24.06,24.06,24.21,2099100.0,479.0,2103600.0,500.0,0,0,0,0,0,0,0,0,0,0,0,0,0,0,0,0,0,0,0,0,0,0,0,0,96,2026-02-06 05:33:10.158801
SMMR,26.27,26.2,26.27,2207400.0,500.0,2217400.0,413.0,0,0,0,0,0,0,0,0,0,0,0,0,0,0,0,0,0,0,0,0,0,0,0,0,96,2026-02-06 05:33:10.158801
ATMN,26.21,26.21,26.24,2147800.0,,1940000.0,,0,0,0,0,0,0,0,0,0,0,0,0,0,0,0,0,0,0,0,0,0,0,0,0,96,2026-02-06 05:33:10.158801
WNTR,25.04,25.01,25.04,2335200.0,500.0,2319700.0,378.0,0,0,0,0,0,0,0,0,0,0,0,0,0,0,0,0,0,0,0,0,0,0,0,0,96,2026-02-06 05:33:10.158801
SPNG,24.21,24.18,24.21,2122300.0,479.0,2079000.0,500.0,0,0,0,0,0,0,0,0,0,0,0,0,0,0,0,0,0,0,0,0,0,0,0,0,97,2026-02-06 05:33:11.211682
SMMR,26.11,26.11,26.27,2182600.0,500.0,2147400.0,413.0,0,0,0,0,0,0,0,0,0,0,0,0,0,0,0,0,0,0,0,0,0,0,0,0,97,2026-02-06 05:33:11.211682
ATMN,26.24,26.14,26.24,2053900.0,500.0,1864300.0,474.0,0,0,0,0,0,0,0,0,0,0,0,0,0,0,0,0,0,0,0,0,0,0,0,0,97,2026-02-06 05:33:11.211682
WNTR,24.85,24.85,25.04,2478400.0,,2272400.0,378.0,0,0,0,0,0,0,0,0,0,0,0,0,0,0,0,0,0,0,0,0,0,0,0,0,97,2026-02-06 05:33:11.211682
SPNG,24.18,24.06,24.14,2099100.0,479.0,2076500.0,500.0,0,0,0,0,0,0,0,0,0,0,0,0,0,0,0,0,0,0,0,0,0,0,0,0,98,2026-02-06 05:33:12.288096
SMMR,26.08,26.08,26.29,2179900.0,500.0,2137400.0,413.0,0,0,0,0,0,0,0,0,0,0,0,0,0,0,0,0,0,0,0,0,0,0,0,0,98,2026-02-06 05:33:12.288096
ATMN,26.29,26.3,26.43,2033800.0,500.0,1843600.0,474.0,0,0,0,0,0,0,0,0,0,0,0,0,0,0,0,0,0,0,0,0,0,0,0,0,98,2026-02-06 05:33:12.288096
WNTR,24.85,24.89,24.94,2369700.0,500.0,2243800.0,378.0,0,0,0,0,0,0,0,0,0,0,0,0,0,0,0,0,0,0,0,0,0,0,0,0,98,2026-02-06 05:33:12.288096
SPNG,24.38,24.06,24.38,2200300.0,2188200.0,,,0,0,0,0,0,0,0,0,0,0,0,0,0,0,0,0,0,0,0,0,0,0,0,0,99,2026-02-06 05:33:13.399568
SMMR,26.11,26.08,26.09,2190300.0,2169900.0,500.0,413.0,0,0,0,0,0,0,0,0,0,0,0,0,0,0,0,0,0,0,0,0,0,0,0,0,99,2026-02-06 05:33:13.399568
ATMN,26.11,25.76,25.83,2227300.0,1853700.0,,474.0,0,0,0,0,0,0,0,0,0,0,0,0,0,0,0,0,0,0,0,0,0,0,0,0,99,2026-02-06 05:33:13.399568
WNTR,24.89,24.85,24.86,2366100.0,2114000.0,500.0,756.0,0,0,0,0,0,0,0,0,0,0,0,0,0,0,0,0,0,0,0,0,0,0,0,0,99,2026-02-06 05:33:13.399568
SPNG,24.53,24.06,24.26,2200300.0,2222900.0,,,0,0,0,0,0,0,0,0,0,0,0,0,0,0,0,0,0,0,0,0,0,0,0,0,100,2026-02-06 05:33:14.467822
SMMR,26.11,26.08,26.09,2335000.0,2267100.0,,,0,0,0,0,0,0,0,0,0,0,0,0,0,0,0,0,0,0,0,0,0,0,0,0,100,2026-02-06 05:33:14.467822
ATMN,26.43,25.81,26.43,2120000.0,1844000.0,474.0,,0,0,0,0,0,0,0,0,0,0,0,0,0,0,0,0,0,0,0,0,0,0,0,0,100,2026-02-06 05:33:14.467822
WNTR,25.04,25.04,25.08,2350100.0,2101000.0,756.0,500.0,0,0,0,0,0,0,0,0,0,0,0,0,0,0,0,0,0,0,0,0,0,0,0,0,100,2026-02-06 05:33:14.467822
SPNG,24.26,24.06,24.07,2099500.0,479.0,2210500.0,,0,0,0,0,0,0,0,0,0,0,0,0,0,0,0,0,0,0,0,0,0,0,0,0,101,2026-02-06 05:33:15.564678
SMMR,26.29,26.11,26.29,2316800.0,,2244100.0,,0,0,0,0,0,0,0,0,0,0,0,0,0,0,0,0,0,0,0,0,0,0,0,0,101,2026-02-06 05:33:15.564678
ATMN,25.81,25.81,26.43,2083900.0,,1928600.0,,0,0,0,0,0,0,0,0,0,0,0,0,0,0,0,0,0,0,0,0,0,0,0,0,101,2026-02-06 05:33:15.564678
WNTR,25.08,24.96,25.08,2370500.0,500.0,2101000.0,756.0,0,0,0,0,0,0,0,0,0,0,0,0,0,0,0,0,0,0,0,0,0,0,0,0,101,2026-02-06 05:33:15.564678
SPNG,24.26,24.06,24.08,2099500.0,479.0,2112500.0,500.0,0,0,0,0,0,0,0,0,0,0,0,0,0,0,0,0,0,0,0,0,0,0,0,0,102,2026-02-06 05:33:16.154588
SMMR,26.11,26.08,26.1,2211400.0,500.0,2241200.0,,0,0,0,0,0,0,0,0,0,0,0,0,0,0,0,0,0,0,0,0,0,0,0,0,102,2026-02-06 05:33:16.154588
ATMN,26.39,26.39,26.43,2051500.0,,1928600.0,,0,0,0,0,0,0,0,0,0,0,0,0,0,0,0,0,0,0,0,0,0,0,0,0,102,2026-02-06 05:33:16.154588
WNTR,24.96,24.85,24.91,2355100.0,500.0,2106500.0,756.0,0,0,0,0,0,0,0,0,0,0,0,0,0,0,0,0,0,0,0,0,0,0,0,0,102,2026-02-06 05:33:16.154588
SPNG,24.08,24.06,24.08,2136700.0,479.0,2112500.0,500.0,0,0,0,0,0,0,0,0,0,0,0,0,0,0,0,0,0,0,0,0,0,0,0,0,103,2026-02-06 05:33:17.194366
SMMR,26.05,26.05,26.1,2221000.0,500.0,2130600.0,413.0,0,0,0,0,0,0,0,0,0,0,0,0,0,0,0,0,0,0,0,0,0,0,0,0,103,2026-02-06 05:33:17.194366
ATMN,26.39,26.39,26.43,1957600.0,332.0,1947900.0,,0,0,0,0,0,0,0,0,0,0,0,0,0,0,0,0,0,0,0,0,0,0,0,0,103,2026-02-06 05:33:17.194366
WNTR,25.01,24.85,24.94,2238800.0,1000.0,2117200.0,756.0,0,0,0,0,0,0,0,0,0,0,0,0,0,0,0,0,0,0,0,0,0,0,0,0,103,2026-02-06 05:33:17.194366
SPNG,24.49,24.09,24.28,2134200.0,479.0,2188300.0,,0,0,0,0,0,0,0,0,0,0,0,0,0,0,0,0,0,0,0,0,0,0,0,0,104,2026-02-06 05:33:18.246576
SMMR,26.1,26.16,26.17,2217300.0,500.0,2094900.0,413.0,0,0,0,0,0,0,0,0,0,0,0,0,0,0,0,0,0,0,0,0,0,0,0,0,104,2026-02-06 05:33:18.246576
ATMN,25.79,25.77,25.79,2134000.0,,1949800.0,,0,0,0,0,0,0,0,0,0,0,0,0,0,0,0,0,0,0,0,0,0,0,0,0,104,2026-02-06 05:33:18.246576
WNTR,25.01,24.85,24.94,2207800.0,1000.0,2240500.0,378.0,0,0,0,0,0,0,0,0,0,0,0,0,0,0,0,0,0,0,0,0,0,0,0,0,104,2026-02-06 05:33:18.246576
SPNG,24.2,24.09,24.2,2128600.0,479.0,2177300.0,,0,0,0,0,0,0,0,0,0,0,0,0,0,0,0,0,0,0,0,0,0,0,0,0,105,2026-02-06 05:33:19.295672
SMMR,26.05,26.05,26.12,2191300.0,500.0,2075900.0,413.0,0,0,0,0,0,0,0,0,0,0,0,0,0,0,0,0,0,0,0,0,0,0,0,0,105,2026-02-06 05:33:19.295672
ATMN,25.79,25.77,25.79,2063100.0,,1949800.0,,0,0,0,0,0,0,0,0,0,0,0,0,0,0,0,0,0,0,0,0,0,0,0,0,105,2026-02-06 05:33:19.295672
WNTR,25.01,24.85,24.9,2201500.0,1000.0,2140300.0,806.0,0,0,0,0,0,0,0,0,0,0,0,0,0,0,0,0,0,0,0,0,0,0,0,0,105,2026-02-06 05:33:19.295672
SPNG,24.2,24.09,24.2,2216100.0,2177300.0,,,0,0,0,0,0,0,0,0,0,0,0,0,0,0,0,0,0,0,0,0,0,0,0,0,106,2026-02-06 05:33:20.347164
SMMR,26.12,26.05,26.12,2326100.0,2175100.0,,,0,0,0,0,0,0,0,0,0,0,0,0,0,0,0,0,0,0,0,0,0,0,0,0,106,2026-02-06 05:33:20.347164
ATMN,25.77,25.77,26.43,2055800.0,1947900.0,,,0,0,0,0,0,0,0,0,0,0,0,0,0,0,0,0,0,0,0,0,0,0,0,0,106,2026-02-06 05:33:20.347164
WNTR,24.94,25.01,25.08,2311400.0,2130400.0,500.0,806.0,0,0,0,0,0,0,0,0,0,0,0,0,0,0,0,0,0,0,0,0,0,0,0,0,106,2026-02-06 05:33:20.347164
SPNG,24.09,24.09,24.28,2123700.0,500.0,2077400.0,470.0,0,0,0,0,0,0,0,0,0,0,0,0,0,0,0,0,0,0,0,0,0,0,0,0,107,2026-02-06 05:33:21.528540
SMMR,26.05,26.05,26.12,2181300.0,500.0,2079900.0,413.0,0,0,0,0,0,0,0,0,0,0,0,0,0,0,0,0,0,0,0,0,0,0,0,0,107,2026-02-06 05:33:21.528540
ATMN,26.45,25.83,26.45,1991900.0,477.0,1916100.0,,0,0,0,0,0,0,0,0,0,0,0,0,0,0,0,0,0,0,0,0,0,0,0,0,107,2026-02-06 05:33:21.528540
WNTR,24.89,24.95,25.08,2300700.0,500.0,2130400.0,806.0,0,0,0,0,0,0,0,0,0,0,0,0,0,0,0,0,0,0,0,0,0,0,0,0,107,2026-02-06 05:33:21.528540
SPNG,24.06,24.06,24.28,2091200.0,500.0,2067100.0,470.0,0,0,0,0,0,0,0,0,0,0,0,0,0,0,0,0,0,0,0,0,0,0,0,0,108,2026-02-06 05:33:22.130654
SMMR,26.05,26.05,26.12,2281700.0,,2046000.0,413.0,0,0,0,0,0,0,0,0,0,0,0,0,0,0,0,0,0,0,0,0,0,0,0,0,108,2026-02-06 05:33:22.130654
ATMN,26.46,25.83,26.46,1991900.0,477.0,1916400.0,,0,0,0,0,0,0,0,0,0,0,0,0,0,0,0,0,0,0,0,0,0,0,0,0,108,2026-02-06 05:33:22.130654
WNTR,24.89,24.95,25.01,2300700.0,500.0,2116700.0,806.0,0,0,0,0,0,0,0,0,0,0,0,0,0,0,0,0,0,0,0,0,0,0,0,0,108,2026-02-06 05:33:22.130654
SPNG,24.4,24.06,24.4,2188400.0,2218800.0,,,0,0,0,0,0,0,0,0,0,0,0,0,0,0,0,0,0,0,0,0,0,0,0,0,109,2026-02-06 05:33:23.219145
SMMR,26.21,26.05,26.12,2281700.0,2093000.0,413.0,,0,0,0,0,0,0,0,0,0,0,0,0,0,0,0,0,0,0,0,0,0,0,0,0,109,2026-02-06 05:33:23.219145
ATMN,26.46,26.37,26.46,1981800.0,1923000.0,,477.0,0,0,0,0,0,0,0,0,0,0,0,0,0,0,0,0,0,0,0,0,0,0,0,0,109,2026-02-06 05:33:23.219145
WNTR,24.85,24.85,25.01,2455800.0,2109100.0,856.0,,0,0,0,0,0,0,0,0,0,0,0,0,0,0,0,0,0,0,0,0,0,0,0,0,109,2026-02-06 05:33:23.219145
SPNG,24.28,24.06,24.08,2188400.0,2189000.0,,,0,0,0,0,0,0,0,0,0,0,0,0,0,0,0,0,0,0,0,0,0,0,0,0,110,2026-02-06 05:33:24.270242
SMMR,26.12,26.11,26.12,2296200.0,2093000.0,413.0,,0,0,0,0,0,0,0,0,0,0,0,0,0,0,0,0,0,0,0,0,0,0,0,0,110,2026-02-06 05:33:24.270242
ATMN,26.37,26.37,26.46,1981800.0,1931400.0,,477.0,0,0,0,0,0,0,0,0,0,0,0,0,0,0,0,0,0,0,0,0,0,0,0,0,110,2026-02-06 05:33:24.270242
WNTR,25.03,24.85,25.03,2421800.0,2106700.0,856.0,,0,0,0,0,0,0,0,0,0,0,0,0,0,0,0,0,0,0,0,0,0,0,0,0,110,2026-02-06 05:33:24.270242
SPNG,24.08,24.07,24.08,2173500.0,2189000.0,,0,0,0,0,0,0,0,0,0,0,0,0,0,0,0,0,0,0,0,0,0,0,0,0,0,111,2026-02-06 05:33:25.307390
SMMR,26.05,26.1,26.12,2293200.0,2225800.0,,0,0,0,0,0,0,0,0,0,0,0,0,0,0,0,0,0,0,0,0,0,0,0,0,0,111,2026-02-06 05:33:25.307390
ATMN,26.37,26.04,26.36,2098400.0,1947100.0,,0,0,0,0,0,0,0,0,0,0,0,0,0,0,0,0,0,0,0,0,0,0,0,0,0,111,2026-02-06 05:33:25.307390
WNTR,25.09,24.85,25.09,2446000.0,2141600.0,856.0,0,0,0,0,0,0,0,0,0,0,0,0,0,0,0,0,0,0,0,0,0,0,0,0,0,111,2026-02-06 05:33:25.307390
SPNG,24.08,24.07,24.08,2106100.0,500.0,2077300.0,423.0,0,0,0,0,0,0,0,0,0,0,0,0,0,0,0,0,0,0,0,0,0,0,0,0,112,2026-02-06 05:33:26.354314
SMMR,26.12,26.12,26.21,2310400.0,,2093000.0,413.0,0,0,0,0,0,0,0,0,0,0,0,0,0,0,0,0,0,0,0,0,0,0,0,0,112,2026-02-06 05:33:26.354314
ATMN,26.47,25.83,26.47,2105700.0,,1943000.0,,0,0,0,0,0,0,0,0,0,0,0,0,0,0,0,0,0,0,0,0,0,0,0,0,112,2026-02-06 05:33:26.354314
WNTR,25.09,24.85,25.09,2447600.0,,2142800.0,856.0,0,0,0,0,0,0,0,0,0,0,0,0,0,0,0,0,0,0,0,0,0,0,0,0,112,2026-02-06 05:33:26.354314
SPNG,24.04,24.04,24.34,2110000.0,500.0,2189500.0,,0,0,0,0,0,0,0,0,0,0,0,0,0,0,0,0,0,0,0,0,0,0,0,0,113,2026-02-06 05:33:27.404100
SMMR,26.24,26.12,26.13,2310400.0,,2120100.0,413.0,0,0,0,0,0,0,0,0,0,0,0,0,0,0,0,0,0,0,0,0,0,0,0,0,113,2026-02-06 05:33:27.404100
ATMN,25.75,25.87,26.22,2115200.0,,1845800.0,472.0,0,0,0,0,0,0,0,0,0,0,0,0,0,0,0,0,0,0,0,0,0,0,0,0,113,2026-02-06 05:33:27.404100
WNTR,25.1,24.97,25.1,2474900.0,,2154000.0,856.0,0,0,0,0,0,0,0,0,0,0,0,0,0,0,0,0,0,0,0,0,0,0,0,0,113,2026-02-06 05:33:27.404100
SPNG,23.98,24.2,24.34,2069100.0,500.0,2204200.0,,0,0,0,0,0,0,0,0,0,0,0,0,0,0,0,0,0,0,0,0,0,0,0,0,114,2026-02-06 05:33:28.473812
SMMR,26.11,26.11,26.13,2313800.0,,2120100.0,413.0,0,0,0,0,0,0,0,0,0,0,0,0,0,0,0,0,0,0,0,0,0,0,0,0,114,2026-02-06 05:33:28.473812
ATMN,25.87,25.87,25.93,2115200.0,,1842500.0,472.0,0,0,0,0,0,0,0,0,0,0,0,0,0,0,0,0,0,0,0,0,0,0,0,0,114,2026-02-06 05:33:28.473812
WNTR,25.13,25.04,25.13,2295500.0,500.0,2344600.0,428.0,0,0,0,0,0,0,0,0,0,0,0,0,0,0,0,0,0,0,0,0,0,0,0,0,114,2026-02-06 05:33:28.473812
SPNG,24.45,23.98,24.45,2076800.0,500.0,2178000.0,,0,0,0,0,0,0,0,0,0,0,0,0,0,0,0,0,0,0,0,0,0,0,0,0,115,2026-02-06 05:33:29.574868
SMMR,26.26,26.11,26.26,2313800.0,,2126900.0,413.0,0,0,0,0,0,0,0,0,0,0,0,0,0,0,0,0,0,0,0,0,0,0,0,0,115,2026-02-06 05:33:29.574868
ATMN,25.97,26.21,26.47,2103200.0,,1841100.0,472.0,0,0,0,0,0,0,0,0,0,0,0,0,0,0,0,0,0,0,0,0,0,0,0,0,115,2026-02-06 05:33:29.574868
WNTR,25.05,25.05,25.16,2299900.0,500.0,2355300.0,428.0,0,0,0,0,0,0,0,0,0,0,0,0,0,0,0,0,0,0,0,0,0,0,0,0,115,2026-02-06 05:33:29.574868
SPNG,23.91,23.91,24.45,2157400.0,2178000.0,,,0,0,0,0,0,0,0,0,0,0,0,0,0,0,0,0,0,0,0,0,0,0,0,0,116,2026-02-06 05:33:30.680917
SMMR,26.26,26.11,26.18,2313800.0,2163200.0,413.0,,0,0,0,0,0,0,0,0,0,0,0,0,0,0,0,0,0,0,0,0,0,0,0,0,116,2026-02-06 05:33:30.680917
ATMN,26.12,26.33,26.47,2098600.0,1841100.0,472.0,,0,0,0,0,0,0,0,0,0,0,0,0,0,0,0,0,0,0,0,0,0,0,0,0,116,2026-02-06 05:33:30.680917
WNTR,25.18,25.05,25.13,2299900.0,2234100.0,906.0,500.0,0,0,0,0,0,0,0,0,0,0,0,0,0,0,0,0,0,0,0,0,0,0,0,0,116,2026-02-06 05:33:30.680917
SPNG,23.91,23.91,24.41,2157400.0,2175700.0,,,0,0,0,0,0,0,0,0,0,0,0,0,0,0,0,0,0,0,0,0,0,0,0,0,117,2026-02-06 05:33:31.244801
SMMR,26.18,26.11,26.18,2313800.0,2257200.0,,,0,0,0,0,0,0,0,0,0,0,0,0,0,0,0,0,0,0,0,0,0,0,0,0,117,2026-02-06 05:33:31.244801
ATMN,26.12,26.33,26.43,2098600.0,1958700.0,,,0,0,0,0,0,0,0,0,0,0,0,0,0,0,0,0,0,0,0,0,0,0,0,0,117,2026-02-06 05:33:31.244801
WNTR,25.04,24.97,25.03,2337100.0,2212900.0,500.0,906.0,0,0,0,0,0,0,0,0,0,0,0,0,0,0,0,0,0,0,0,0,0,0,0,0,117,2026-02-06 05:33:31.244801
SPNG,23.91,23.91,24.38,2156600.0,266.0,2074200.0,,0,0,0,0,0,0,0,0,0,0,0,0,0,0,0,0,0,0,0,0,0,0,0,0,118,2026-02-06 05:33:32.300747
SMMR,26.1,26.1,26.18,2184500.0,,2261500.0,500.0,0,0,0,0,0,0,0,0,0,0,0,0,0,0,0,0,0,0,0,0,0,0,0,0,118,2026-02-06 05:33:32.300747
ATMN,26.2,25.87,25.98,2115200.0,,1976300.0,,0,0,0,0,0,0,0,0,0,0,0,0,0,0,0,0,0,0,0,0,0,0,0,0,118,2026-02-06 05:33:32.300747
WNTR,25.04,24.97,25.03,2451400.0,906.0,2190100.0,,0,0,0,0,0,0,0,0,0,0,0,0,0,0,0,0,0,0,0,0,0,0,0,0,118,2026-02-06 05:33:32.300747
SPNG,23.87,23.86,23.87,2183500.0,2093400.0,266.0,,0,0,0,0,0,0,0,0,0,0,0,0,0,0,0,0,0,0,0,0,0,0,0,0,119,2026-02-06 05:33:33.348473
SMMR,26.03,26.03,26.23,2146700.0,2137500.0,413.0,500.0,0,0,0,0,0,0,0,0,0,0,0,0,0,0,0,0,0,0,0,0,0,0,0,0,119,2026-02-06 05:33:33.348473
ATMN,25.87,25.87,26.43,2115200.0,1865700.0,500.0,,0,0,0,0,0,0,0,0,0,0,0,0,0,0,0,0,0,0,0,0,0,0,0,0,119,2026-02-06 05:33:33.348473
WNTR,25.18,24.98,25.18,2277500.0,2461500.0,,500.0,0,0,0,0,0,0,0,0,0,0,0,0,0,0,0,0,0,0,0,0,0,0,0,0,119,2026-02-06 05:33:33.348473
SPNG,23.86,26.34,0.0,200000.0,,,,0,0,0,0,0,0,0,0,0,0,0,0,0,0,0,0,0,0,0,0,0,0,0,0,120,2026-02-06 05:33:34.443932
SMMR,26.03,24.56,25.14,988800.0,891200.0,,,0,0,0,0,0,0,0,0,0,0,0,0,0,0,0,0,0,0,0,0,0,0,0,0,120,2026-02-06 05:33:34.443932
ATMN,26.47,25.95,26.22,966500.0,711800.0,500.0,,0,0,0,0,0,0,0,0,0,0,0,0,0,0,0,0,0,0,0,0,0,0,0,0,120,2026-02-06 05:33:34.443932
WNTR,25.27,26.63,0.0,200000.0,,,500.0,0,0,0,0,0,0,0,0,0,0,0,0,0,0,0,0,0,0,0,0,0,0,0,0,120,2026-02-06 05:33:34.443932
SPNG,24.86,25.44,25.56,1021300.0,500.0,764900.0,0,0,0,0,0,0,0,0,0,0,0,0,0,0,0,0,0,0,0,0,0,0,0,0,0,121,2026-02-06 05:33:35.495434
SMMR,24.22,24.22,24.28,1026800.0,,1137400.0,0,0,0,0,0,0,0,0,0,0,0,0,0,0,0,0,0,0,0,0,0,0,0,0,0,121,2026-02-06 05:33:35.495434
ATMN,26.47,25.95,26.22,966500.0,,897600.0,0,0,0,0,0,0,0,0,0,0,0,0,0,0,0,0,0,0,0,0,0,0,0,0,0,121,2026-02-06 05:33:35.495434
WNTR,25.95,25.83,25.95,1222600.0,,840700.0,0,0,0,0,0,0,0,0,0,0,0,0,0,0,0,0,0,0,0,0,0,0,0,0,0,121,2026-02-06 05:33:35.495434
SPNG,25.71,25.59,25.71,1303100.0,500.0,736400.0,0,0,0,0,0,0,0,0,0,0,0,0,0,0,0,0,0,0,0,0,0,0,0,0,0,122,2026-02-06 05:33:36.550277
SMMR,24.22,24.22,24.28,1161900.0,,1258800.0,0,0,0,0,0,0,0,0,0,0,0,0,0,0,0,0,0,0,0,0,0,0,0,0,0,122,2026-02-06 05:33:36.550277
ATMN,25.95,25.95,26.15,966500.0,,1103000.0,0,0,0,0,0,0,0,0,0,0,0,0,0,0,0,0,0,0,0,0,0,0,0,0,0,122,2026-02-06 05:33:36.550277
WNTR,25.95,25.97,26.21,1567500.0,,830200.0,0,0,0,0,0,0,0,0,0,0,0,0,0,0,0,0,0,0,0,0,0,0,0,0,0,122,2026-02-06 05:33:36.550277
SPNG,26.06,26.66,26.93,1536400.0,500.0,704500.0,0,0,0,0,0,0,0,0,0,0,0,0,0,0,0,0,0,0,0,0,0,0,0,0,0,123,2026-02-06 05:33:37.618485
SMMR,24.28,24.02,24.06,1330000.0,,1389500.0,0,0,0,0,0,0,0,0,0,0,0,0,0,0,0,0,0,0,0,0,0,0,0,0,0,123,2026-02-06 05:33:37.618485
ATMN,25.95,24.09,24.54,968600.0,,1378500.0,0,0,0,0,0,0,0,0,0,0,0,0,0,0,0,0,0,0,0,0,0,0,0,0,0,123,2026-02-06 05:33:37.618485
WNTR,26.21,25.97,26.21,1802900.0,,830200.0,0,0,0,0,0,0,0,0,0,0,0,0,0,0,0,0,0,0,0,0,0,0,0,0,0,123,2026-02-06 05:33:37.618485
SPNG,25.54,25.54,26.69,1339800.0,500.0,800400.0,,0,0,0,0,0,0,0,0,0,0,0,0,0,0,0,0,0,0,0,0,0,0,0,0,124,2026-02-06 05:33:38.660830
SMMR,24.06,24.24,24.28,1600200.0,,1258800.0,289.0,0,0,0,0,0,0,0,0,0,0,0,0,0,0,0,0,0,0,0,0,0,0,0,0,124,2026-02-06 05:33:38.660830
ATMN,24.54,25.74,26.15,1404000.0,,1264300.0,,0,0,0,0,0,0,0,0,0,0,0,0,0,0,0,0,0,0,0,0,0,0,0,0,124,2026-02-06 05:33:38.660830
WNTR,26.21,26.28,26.73,2159800.0,,834800.0,,0,0,0,0,0,0,0,0,0,0,0,0,0,0,0,0,0,0,0,0,0,0,0,0,124,2026-02-06 05:33:38.660830
SPNG,25.54,26.1,26.69,1462000.0,500.0,948200.0,,0,0,0,0,0,0,0,0,0,0,0,0,0,0,0,0,0,0,0,0,0,0,0,0,125,2026-02-06 05:33:39.711425
SMMR,24.24,24.24,24.28,1735800.0,,1487700.0,289.0,0,0,0,0,0,0,0,0,0,0,0,0,0,0,0,0,0,0,0,0,0,0,0,0,125,2026-02-06 05:33:39.711425
ATMN,24.54,26.07,26.14,1404000.0,300.0,1588700.0,,0,0,0,0,0,0,0,0,0,0,0,0,0,0,0,0,0,0,0,0,0,0,0,0,125,2026-02-06 05:33:39.711425
WNTR,26.21,26.42,26.58,2368400.0,,941900.0,,0,0,0,0,0,0,0,0,0,0,0,0,0,0,0,0,0,0,0,0,0,0,0,0,125,2026-02-06 05:33:39.711425
SPNG,26.1,26.1,26.69,1462000.0,500.0,1114600.0,,0,0,0,0,0,0,0,0,0,0,0,0,0,0,0,0,0,0,0,0,0,0,0,0,126,2026-02-06 05:33:40.286930
SMMR,24.28,24.24,24.28,1735800.0,,1498700.0,289.0,0,0,0,0,0,0,0,0,0,0,0,0,0,0,0,0,0,0,0,0,0,0,0,0,126,2026-02-06 05:33:40.286930
ATMN,26.14,26.0,26.14,1512700.0,,1588700.0,350.0,0,0,0,0,0,0,0,0,0,0,0,0,0,0,0,0,0,0,0,0,0,0,0,0,126,2026-02-06 05:33:40.286930
WNTR,26.58,26.42,26.58,2368800.0,,941900.0,,0,0,0,0,0,0,0,0,0,0,0,0,0,0,0,0,0,0,0,0,0,0,0,0,126,2026-02-06 05:33:40.286930
SPNG,26.1,25.54,26.1,1339800.0,500.0,1220300.0,,0,0,0,0,0,0,0,0,0,0,0,0,0,0,0,0,0,0,0,0,0,0,0,0,127,2026-02-06 05:33:41.332457
SMMR,24.33,24.11,24.27,1575400.0,,1519700.0,289.0,0,0,0,0,0,0,0,0,0,0,0,0,0,0,0,0,0,0,0,0,0,0,0,0,127,2026-02-06 05:33:41.332457
ATMN,26.14,26.0,26.14,1512700.0,,1785900.0,350.0,0,0,0,0,0,0,0,0,0,0,0,0,0,0,0,0,0,0,0,0,0,0,0,0,127,2026-02-06 05:33:41.332457
WNTR,26.58,26.56,26.58,2337900.0,,941900.0,,0,0,0,0,0,0,0,0,0,0,0,0,0,0,0,0,0,0,0,0,0,0,0,0,127,2026-02-06 05:33:41.332457
SPNG,26.74,25.54,26.73,1339800.0,500.0,1220500.0,,0,0,0,0,0,0,0,0,0,0,0,0,0,0,0,0,0,0,0,0,0,0,0,0,128,2026-02-06 05:33:42.382301
SMMR,24.33,24.11,24.27,1937100.0,,1519700.0,289.0,0,0,0,0,0,0,0,0,0,0,0,0,0,0,0,0,0,0,0,0,0,0,0,0,128,2026-02-06 05:33:42.382301
ATMN,26.14,26.0,26.14,1512700.0,,1819600.0,350.0,0,0,0,0,0,0,0,0,0,0,0,0,0,0,0,0,0,0,0,0,0,0,0,0,128,2026-02-06 05:33:42.382301
WNTR,26.58,26.67,26.71,2225500.0,500.0,965200.0,,0,0,0,0,0,0,0,0,0,0,0,0,0,0,0,0,0,0,0,0,0,0,0,0,128,2026-02-06 05:33:42.382301
SPNG,26.11,26.08,26.11,1458500.0,500.0,1325300.0,,0,0,0,0,0,0,0,0,0,0,0,0,0,0,0,0,0,0,0,0,0,0,0,0,129,2026-02-06 05:33:43.425609
SMMR,24.33,24.11,24.27,2042400.0,,1733000.0,289.0,0,0,0,0,0,0,0,0,0,0,0,0,0,0,0,0,0,0,0,0,0,0,0,0,129,2026-02-06 05:33:43.425609
ATMN,26.0,26.0,26.14,1512700.0,,1871400.0,350.0,0,0,0,0,0,0,0,0,0,0,0,0,0,0,0,0,0,0,0,0,0,0,0,0,129,2026-02-06 05:33:43.425609
WNTR,26.67,26.67,26.71,2231800.0,500.0,1079300.0,,0,0,0,0,0,0,0,0,0,0,0,0,0,0,0,0,0,0,0,0,0,0,0,0,129,2026-02-06 05:33:43.425609
SPNG,26.08,26.08,26.73,1458500.0,1301700.0,0,0,0,0,0,0,0,0,0,0,0,0,0,0,0,0,0,0,0,0,0,0,0,0,0,0,130,2026-02-06 05:33:44.477490
SMMR,24.27,24.11,24.27,2147500.0,1852600.0,0,0,0,0,0,0,0,0,0,0,0,0,0,0,0,0,0,0,0,0,0,0,0,0,0,0,130,2026-02-06 05:33:44.477490
ATMN,26.14,25.68,26.14,1398700.0,1965300.0,0,0,0,0,0,0,0,0,0,0,0,0,0,0,0,0,0,0,0,0,0,0,0,0,0,0,130,2026-02-06 05:33:44.477490
WNTR,26.62,26.62,26.65,2338600.0,1304400.0,0,0,0,0,0,0,0,0,0,0,0,0,0,0,0,0,0,0,0,0,0,0,0,0,0,0,130,2026-02-06 05:33:44.477490
SPNG,26.26,26.57,26.6,1522200.0,261.0,1301700.0,,0,0,0,0,0,0,0,0,0,0,0,0,0,0,0,0,0,0,0,0,0,0,0,0,131,2026-02-06 05:33:45.589285
SMMR,24.27,24.11,24.27,2289500.0,448.0,2269400.0,500.0,0,0,0,0,0,0,0,0,0,0,0,0,0,0,0,0,0,0,0,0,0,0,0,0,131,2026-02-06 05:33:45.589285
ATMN,26.18,25.68,26.18,1501100.0,,1911000.0,,0,0,0,0,0,0,0,0,0,0,0,0,0,0,0,0,0,0,0,0,0,0,0,0,131,2026-02-06 05:33:45.589285
WNTR,26.71,26.62,26.71,2340000.0,,1416200.0,,0,0,0,0,0,0,0,0,0,0,0,0,0,0,0,0,0,0,0,0,0,0,0,0,131,2026-02-06 05:33:45.589285
SPNG,25.52,26.22,26.51,1465100.0,1402900.0,261.0,,0,0,0,0,0,0,0,0,0,0,0,0,0,0,0,0,0,0,0,0,0,0,0,0,132,2026-02-06 05:33:46.715598
SMMR,24.27,24.13,24.24,2405900.0,2284200.0,448.0,500.0,0,0,0,0,0,0,0,0,0,0,0,0,0,0,0,0,0,0,0,0,0,0,0,0,132,2026-02-06 05:33:46.715598
ATMN,26.18,25.93,25.96,1613900.0,1943500.0,,399.0,0,0,0,0,0,0,0,0,0,0,0,0,0,0,0,0,0,0,0,0,0,0,0,0,132,2026-02-06 05:33:46.715598
WNTR,26.77,26.62,26.77,2233100.0,1283000.0,339.0,500.0,0,0,0,0,0,0,0,0,0,0,0,0,0,0,0,0,0,0,0,0,0,0,0,0,132,2026-02-06 05:33:46.715598
SPNG,25.52,26.22,26.44,1465100.0,1810600.0,,,0,0,0,0,0,0,0,0,0,0,0,0,0,0,0,0,0,0,0,0,0,0,0,0,133,2026-02-06 05:33:47.781252
SMMR,24.24,24.14,24.24,2534200.0,2420500.0,,,0,0,0,0,0,0,0,0,0,0,0,0,0,0,0,0,0,0,0,0,0,0,0,0,133,2026-02-06 05:33:47.781252
ATMN,25.96,25.93,25.96,1828400.0,1943500.0,,,0,0,0,0,0,0,0,0,0,0,0,0,0,0,0,0,0,0,0,0,0,0,0,0,133,2026-02-06 05:33:47.781252
WNTR,26.62,26.58,26.62,2252300.0,1487000.0,500.0,339.0,0,0,0,0,0,0,0,0,0,0,0,0,0,0,0,0,0,0,0,0,0,0,0,0,133,2026-02-06 05:33:47.781252
SPNG,25.87,26.24,26.44,1472400.0,1743000.0,409.0,,0,0,0,0,0,0,0,0,0,0,0,0,0,0,0,0,0,0,0,0,0,0,0,0,134,2026-02-06 05:33:48.337477
SMMR,24.24,24.14,24.24,2359700.0,2420500.0,,500.0,0,0,0,0,0,0,0,0,0,0,0,0,0,0,0,0,0,0,0,0,0,0,0,0,134,2026-02-06 05:33:48.337477
ATMN,25.96,25.93,25.96,1923800.0,1943500.0,,,0,0,0,0,0,0,0,0,0,0,0,0,0,0,0,0,0,0,0,0,0,0,0,0,134,2026-02-06 05:33:48.337477
WNTR,26.57,26.57,26.62,2236900.0,1487000.0,339.0,500.0,0,0,0,0,0,0,0,0,0,0,0,0,0,0,0,0,0,0,0,0,0,0,0,0,134,2026-02-06 05:33:48.337477
SPNG,26.24,25.8,25.85,1373300.0,1751000.0,409.0,,0,0,0,0,0,0,0,0,0,0,0,0,0,0,0,0,0,0,0,0,0,0,0,0,135,2026-02-06 05:33:49.406867
SMMR,24.14,24.14,24.24,2359700.0,2313200.0,448.0,500.0,0,0,0,0,0,0,0,0,0,0,0,0,0,0,0,0,0,0,0,0,0,0,0,0,135,2026-02-06 05:33:49.406867
ATMN,25.96,25.93,25.96,2007800.0,1857200.0,500.0,449.0,0,0,0,0,0,0,0,0,0,0,0,0,0,0,0,0,0,0,0,0,0,0,0,0,135,2026-02-06 05:33:49.406867
WNTR,26.56,26.56,26.62,2202300.0,1577500.0,339.0,500.0,0,0,0,0,0,0,0,0,0,0,0,0,0,0,0,0,0,0,0,0,0,0,0,0,135,2026-02-06 05:33:49.406867
SPNG,26.51,26.36,26.51,1561400.0,1677700.0,409.0,,0,0,0,0,0,0,0,0,0,0,0,0,0,0,0,0,0,0,0,0,0,0,0,0,136,2026-02-06 05:33:50.455972
SMMR,24.13,24.13,24.24,2497000.0,2442600.0,,,0,0,0,0,0,0,0,0,0,0,0,0,0,0,0,0,0,0,0,0,0,0,0,0,136,2026-02-06 05:33:50.455972
ATMN,25.89,25.75,25.78,1792600.0,1862500.0,500.0,449.0,0,0,0,0,0,0,0,0,0,0,0,0,0,0,0,0,0,0,0,0,0,0,0,0,136,2026-02-06 05:33:50.455972
WNTR,26.77,26.56,26.77,2095400.0,1658500.0,678.0,1000.0,0,0,0,0,0,0,0,0,0,0,0,0,0,0,0,0,0,0,0,0,0,0,0,0,136,2026-02-06 05:33:50.455972
SPNG,26.36,26.36,26.51,1561400.0,350.0,1877400.0,,0,0,0,0,0,0,0,0,0,0,0,0,0,0,0,0,0,0,0,0,0,0,0,0,137,2026-02-06 05:33:51.521799
SMMR,24.11,24.14,24.15,2386800.0,500.0,2354300.0,448.0,0,0,0,0,0,0,0,0,0,0,0,0,0,0,0,0,0,0,0,0,0,0,0,0,137,2026-02-06 05:33:51.521799
ATMN,25.78,25.75,25.78,1986500.0,449.0,1862500.0,500.0,0,0,0,0,0,0,0,0,0,0,0,0,0,0,0,0,0,0,0,0,0,0,0,0,137,2026-02-06 05:33:51.521799
WNTR,26.53,26.53,26.68,2087400.0,1000.0,1758600.0,678.0,0,0,0,0,0,0,0,0,0,0,0,0,0,0,0,0,0,0,0,0,0,0,0,0,137,2026-02-06 05:33:51.521799
SPNG,26.36,26.36,26.38,1561400.0,350.0,1891600.0,,0,0,0,0,0,0,0,0,0,0,0,0,0,0,0,0,0,0,0,0,0,0,0,0,138,2026-02-06 05:33:52.696280
SMMR,24.29,24.14,24.29,2386800.0,500.0,2326500.0,448.0,0,0,0,0,0,0,0,0,0,0,0,0,0,0,0,0,0,0,0,0,0,0,0,0,138,2026-02-06 05:33:52.696280
ATMN,26.09,25.86,26.09,2032100.0,449.0,1752800.0,1000.0,0,0,0,0,0,0,0,0,0,0,0,0,0,0,0,0,0,0,0,0,0,0,0,0,138,2026-02-06 05:33:52.696280
WNTR,26.53,26.53,26.68,2105900.0,1000.0,1863500.0,339.0,0,0,0,0,0,0,0,0,0,0,0,0,0,0,0,0,0,0,0,0,0,0,0,0,138,2026-02-06 05:33:52.696280
SPNG,26.36,26.2,26.22,1686600.0,1924100.0,,,0,0,0,0,0,0,0,0,0,0,0,0,0,0,0,0,0,0,0,0,0,0,0,0,139,2026-02-06 05:33:53.765271
SMMR,24.1,24.1,24.16,2460100.0,2476800.0,,,0,0,0,0,0,0,0,0,0,0,0,0,0,0,0,0,0,0,0,0,0,0,0,0,139,2026-02-06 05:33:53.765271
ATMN,25.86,25.86,26.12,2002600.0,1735600.0,449.0,1000.0,0,0,0,0,0,0,0,0,0,0,0,0,0,0,0,0,0,0,0,0,0,0,0,0,139,2026-02-06 05:33:53.765271
WNTR,26.53,26.53,26.59,2212800.0,1992100.0,500.0,339.0,0,0,0,0,0,0,0,0,0,0,0,0,0,0,0,0,0,0,0,0,0,0,0,0,139,2026-02-06 05:33:53.765271
SPNG,26.36,26.2,26.22,2021400.0,500.0,1843000.0,427.0,0,0,0,0,0,0,0,0,0,0,0,0,0,0,0,0,0,0,0,0,0,0,0,0,140,2026-02-06 05:33:54.845855
SMMR,24.1,24.1,24.16,2487800.0,500.0,2347400.0,448.0,0,0,0,0,0,0,0,0,0,0,0,0,0,0,0,0,0,0,0,0,0,0,0,0,140,2026-02-06 05:33:54.845855
ATMN,26.0,25.9,25.93,2089900.0,,1752000.0,1000.0,0,0,0,0,0,0,0,0,0,0,0,0,0,0,0,0,0,0,0,0,0,0,0,0,140,2026-02-06 05:33:54.845855
WNTR,26.47,26.47,26.66,2209600.0,500.0,2004800.0,339.0,0,0,0,0,0,0,0,0,0,0,0,0,0,0,0,0,0,0,0,0,0,0,0,0,140,2026-02-06 05:33:54.845855
SPNG,26.38,26.2,26.38,2007100.0,500.0,1808400.0,427.0,0,0,0,0,0,0,0,0,0,0,0,0,0,0,0,0,0,0,0,0,0,0,0,0,141,2026-02-06 05:33:55.398227
SMMR,24.1,24.1,24.16,2434300.0,500.0,2347400.0,448.0,0,0,0,0,0,0,0,0,0,0,0,0,0,0,0,0,0,0,0,0,0,0,0,0,141,2026-02-06 05:33:55.398227
ATMN,25.94,25.98,26.12,1941400.0,449.0,1735600.0,1000.0,0,0,0,0,0,0,0,0,0,0,0,0,0,0,0,0,0,0,0,0,0,0,0,0,141,2026-02-06 05:33:55.398227
WNTR,26.68,26.59,26.68,2184000.0,500.0,2005800.0,339.0,0,0,0,0,0,0,0,0,0,0,0,0,0,0,0,0,0,0,0,0,0,0,0,0,141,2026-02-06 05:33:55.398227
SPNG,26.18,26.18,26.38,2011900.0,500.0,1822200.0,427.0,0,0,0,0,0,0,0,0,0,0,0,0,0,0,0,0,0,0,0,0,0,0,0,0,142,2026-02-06 05:33:56.459914
SMMR,24.18,24.12,24.18,2432700.0,500.0,2327400.0,448.0,0,0,0,0,0,0,0,0,0,0,0,0,0,0,0,0,0,0,0,0,0,0,0,0,142,2026-02-06 05:33:56.459914
ATMN,25.9,25.9,26.12,2028700.0,,1750900.0,1000.0,0,0,0,0,0,0,0,0,0,0,0,0,0,0,0,0,0,0,0,0,0,0,0,0,142,2026-02-06 05:33:56.459914
WNTR,26.69,26.59,26.69,2184000.0,500.0,2002500.0,339.0,0,0,0,0,0,0,0,0,0,0,0,0,0,0,0,0,0,0,0,0,0,0,0,0,142,2026-02-06 05:33:56.459914
SPNG,26.31,26.31,26.38,2129300.0,1826200.0,427.0,0,0,0,0,0,0,0,0,0,0,0,0,0,0,0,0,0,0,0,0,0,0,0,0,0,143,2026-02-06 05:33:57.512145
SMMR,24.3,24.12,24.3,2535200.0,2432500.0,,0,0,0,0,0,0,0,0,0,0,0,0,0,0,0,0,0,0,0,0,0,0,0,0,0,143,2026-02-06 05:33:57.512145
ATMN,25.9,25.86,25.87,2030000.0,1748600.0,1000.0,0,0,0,0,0,0,0,0,0,0,0,0,0,0,0,0,0,0,0,0,0,0,0,0,0,143,2026-02-06 05:33:57.512145
WNTR,26.59,26.47,26.54,2292700.0,2004000.0,339.0,0,0,0,0,0,0,0,0,0,0,0,0,0,0,0,0,0,0,0,0,0,0,0,0,0,143,2026-02-06 05:33:57.512145
SPNG,26.09,26.18,26.35,2162000.0,1915700.0,,0,0,0,0,0,0,0,0,0,0,0,0,0,0,0,0,0,0,0,0,0,0,0,0,0,144,2026-02-06 05:33:58.570365
SMMR,24.3,24.1,24.3,2543100.0,2454700.0,,0,0,0,0,0,0,0,0,0,0,0,0,0,0,0,0,0,0,0,0,0,0,0,0,0,144,2026-02-06 05:33:58.570365
ATMN,25.9,25.86,25.87,2043400.0,1748600.0,1000.0,0,0,0,0,0,0,0,0,0,0,0,0,0,0,0,0,0,0,0,0,0,0,0,0,0,144,2026-02-06 05:33:58.570365
WNTR,26.55,26.47,26.55,2290000.0,2024700.0,339.0,0,0,0,0,0,0,0,0,0,0,0,0,0,0,0,0,0,0,0,0,0,0,0,0,0,144,2026-02-06 05:33:58.570365
SPNG,26.46,26.18,26.38,2033500.0,500.0,1844700.0,427.0,0,0,0,0,0,0,0,0,0,0,0,0,0,0,0,0,0,0,0,0,0,0,0,0,145,2026-02-06 05:33:59.682044
SMMR,24.1,24.1,24.3,2363700.0,500.0,2454700.0,,0,0,0,0,0,0,0,0,0,0,0,0,0,0,0,0,0,0,0,0,0,0,0,0,145,2026-02-06 05:33:59.682044
ATMN,26.13,25.86,26.13,2013300.0,,1836500.0,500.0,0,0,0,0,0,0,0,0,0,0,0,0,0,0,0,0,0,0,0,0,0,0,0,0,145,2026-02-06 05:33:59.682044
WNTR,26.77,26.47,26.48,2218300.0,,1990800.0,339.0,0,0,0,0,0,0,0,0,0,0,0,0,0,0,0,0,0,0,0,0,0,0,0,0,145,2026-02-06 05:33:59.682044
SPNG,26.42,26.45,26.46,2012000.0,500.0,1906900.0,,0,0,0,0,0,0,0,0,0,0,0,0,0,0,0,0,0,0,0,0,0,0,0,0,146,2026-02-06 05:34:00.772582
SMMR,24.1,24.1,24.25,2380800.0,500.0,2321500.0,448.0,0,0,0,0,0,0,0,0,0,0,0,0,0,0,0,0,0,0,0,0,0,0,0,0,146,2026-02-06 05:34:00.772582
ATMN,26.21,25.86,26.21,1901700.0,404.0,1892300.0,,0,0,0,0,0,0,0,0,0,0,0,0,0,0,0,0,0,0,0,0,0,0,0,0,146,2026-02-06 05:34:00.772582
WNTR,26.48,26.47,26.48,2222200.0,,1990800.0,339.0,0,0,0,0,0,0,0,0,0,0,0,0,0,0,0,0,0,0,0,0,0,0,0,0,146,2026-02-06 05:34:00.772582
SPNG,26.0,26.16,26.46,2191300.0,1906900.0,,,0,0,0,0,0,0,0,0,0,0,0,0,0,0,0,0,0,0,0,0,0,0,0,0,147,2026-02-06 05:34:01.876486
SMMR,24.26,24.1,24.26,2334900.0,2297400.0,500.0,448.0,0,0,0,0,0,0,0,0,0,0,0,0,0,0,0,0,0,0,0,0,0,0,0,0,147,2026-02-06 05:34:01.876486
ATMN,26.21,26.04,26.21,1896500.0,1892300.0,404.0,,0,0,0,0,0,0,0,0,0,0,0,0,0,0,0,0,0,0,0,0,0,0,0,0,147,2026-02-06 05:34:01.876486
WNTR,26.44,26.44,26.8,2284500.0,1745400.0,,,0,0,0,0,0,0,0,0,0,0,0,0,0,0,0,0,0,0,0,0,0,0,0,0,147,2026-02-06 05:34:01.876486
SPNG,26.0,26.45,26.46,2154800.0,1906900.0,,,0,0,0,0,0,0,0,0,0,0,0,0,0,0,0,0,0,0,0,0,0,0,0,0,148,2026-02-06 05:34:02.436816
SMMR,24.27,24.1,24.27,2337300.0,2319100.0,500.0,448.0,0,0,0,0,0,0,0,0,0,0,0,0,0,0,0,0,0,0,0,0,0,0,0,0,148,2026-02-06 05:34:02.436816
ATMN,26.21,26.04,26.06,1885000.0,1801400.0,404.0,500.0,0,0,0,0,0,0,0,0,0,0,0,0,0,0,0,0,0,0,0,0,0,0,0,0,148,2026-02-06 05:34:02.436816
WNTR,26.62,26.44,26.62,2155800.0,1874900.0,500.0,339.0,0,0,0,0,0,0,0,0,0,0,0,0,0,0,0,0,0,0,0,0,0,0,0,0,148,2026-02-06 05:34:02.436816
SPNG,26.16,26.26,26.46,500.0,2064600.0,1925700.0,0,0,0,0,0,0,0,0,0,0,0,0,0,0,0,0,0,0,0,0,0,0,0,0,0,149,2026-02-06 05:34:03.479699
SMMR,24.27,24.1,24.2,,2439800.0,2434800.0,0,0,0,0,0,0,0,0,0,0,0,0,0,0,0,0,0,0,0,0,0,0,0,0,0,149,2026-02-06 05:34:03.479699
ATMN,26.22,26.04,26.18,,1992300.0,1896600.0,0,0,0,0,0,0,0,0,0,0,0,0,0,0,0,0,0,0,0,0,0,0,0,0,0,149,2026-02-06 05:34:03.479699
WNTR,26.7,26.72,26.76,500.0,2131200.0,1837400.0,0,0,0,0,0,0,0,0,0,0,0,0,0,0,0,0,0,0,0,0,0,0,0,0,0,149,2026-02-06 05:34:03.479699
SPNG,26.16,26.16,26.46,2191300.0,1836400.0,435.0,,0,0,0,0,0,0,0,0,0,0,0,0,0,0,0,0,0,0,0,0,0,0,0,0,150,2026-02-06 05:34:04.567438
SMMR,24.27,24.18,24.2,2303800.0,2311300.0,448.0,500.0,0,0,0,0,0,0,0,0,0,0,0,0,0,0,0,0,0,0,0,0,0,0,0,0,150,2026-02-06 05:34:04.567438
ATMN,25.86,25.78,25.84,2025200.0,1924200.0,,,0,0,0,0,0,0,0,0,0,0,0,0,0,0,0,0,0,0,0,0,0,0,0,0,150,2026-02-06 05:34:04.567438
WNTR,26.72,26.44,26.52,2155800.0,2040700.0,,500.0,0,0,0,0,0,0,0,0,0,0,0,0,0,0,0,0,0,0,0,0,0,0,0,0,150,2026-02-06 05:34:04.567438
SPNG,26.16,26.16,26.17,2166700.0,1830500.0,435.0,,0,0,0,0,0,0,0,0,0,0,0,0,0,0,0,0,0,0,0,0,0,0,0,0,151,2026-02-06 05:34:05.657517
SMMR,24.31,24.18,24.21,2303800.0,2362000.0,448.0,500.0,0,0,0,0,0,0,0,0,0,0,0,0,0,0,0,0,0,0,0,0,0,0,0,0,151,2026-02-06 05:34:05.657517
ATMN,25.84,25.95,26.18,2010600.0,1896600.0,,,0,0,0,0,0,0,0,0,0,0,0,0,0,0,0,0,0,0,0,0,0,0,0,0,151,2026-02-06 05:34:05.657517
WNTR,26.63,26.63,26.76,2120900.0,2038700.0,,500.0,0,0,0,0,0,0,0,0,0,0,0,0,0,0,0,0,0,0,0,0,0,0,0,0,151,2026-02-06 05:34:05.657517
SPNG,26.16,26.0,26.15,2153800.0,1806000.0,435.0,,0,0,0,0,0,0,0,0,0,0,0,0,0,0,0,0,0,0,0,0,0,0,0,0,152,2026-02-06 05:34:06.757029
SMMR,24.21,24.18,24.21,2276000.0,2362000.0,448.0,500.0,0,0,0,0,0,0,0,0,0,0,0,0,0,0,0,0,0,0,0,0,0,0,0,0,152,2026-02-06 05:34:06.757029
ATMN,26.22,26.23,26.24,2005400.0,1799800.0,500.0,,0,0,0,0,0,0,0,0,0,0,0,0,0,0,0,0,0,0,0,0,0,0,0,0,152,2026-02-06 05:34:06.757029
WNTR,26.76,26.63,26.72,2120900.0,2077800.0,,500.0,0,0,0,0,0,0,0,0,0,0,0,0,0,0,0,0,0,0,0,0,0,0,0,0,152,2026-02-06 05:34:06.757029
SPNG,26.16,26.09,26.15,2205800.0,1921600.0,,,0,0,0,0,0,0,0,0,0,0,0,0,0,0,0,0,0,0,0,0,0,0,0,0,153,2026-02-06 05:34:07.823353
SMMR,24.31,24.18,24.3,2410300.0,2468400.0,,,0,0,0,0,0,0,0,0,0,0,0,0,0,0,0,0,0,0,0,0,0,0,0,0,153,2026-02-06 05:34:07.823353
ATMN,25.78,25.9,26.09,2007800.0,1799100.0,500.0,,0,0,0,0,0,0,0,0,0,0,0,0,0,0,0,0,0,0,0,0,0,0,0,0,153,2026-02-06 05:34:07.823353
WNTR,26.43,26.43,26.68,2125100.0,1968700.0,306.0,500.0,0,0,0,0,0,0,0,0,0,0,0,0,0,0,0,0,0,0,0,0,0,0,0,0,153,2026-02-06 05:34:07.823353
SPNG,26.24,26.09,26.24,2070200.0,490.0,1863900.0,475.0,0,0,0,0,0,0,0,0,0,0,0,0,0,0,0,0,0,0,0,0,0,0,0,0,154,2026-02-06 05:34:08.899475
SMMR,24.18,24.19,24.28,2277100.0,490.0,2362200.0,439.0,0,0,0,0,0,0,0,0,0,0,0,0,0,0,0,0,0,0,0,0,0,0,0,0,154,2026-02-06 05:34:08.899475
ATMN,25.78,25.9,26.05,1897100.0,450.0,1851800.0,500.0,0,0,0,0,0,0,0,0,0,0,0,0,0,0,0,0,0,0,0,0,0,0,0,0,154,2026-02-06 05:34:08.899475
WNTR,26.4,26.4,26.63,2150500.0,500.0,1986000.0,306.0,0,0,0,0,0,0,0,0,0,0,0,0,0,0,0,0,0,0,0,0,0,0,0,0,154,2026-02-06 05:34:08.899475
SPNG,26.47,26.28,26.47,2047000.0,490.0,1920300.0,,0,0,0,0,0,0,0,0,0,0,0,0,0,0,0,0,0,0,0,0,0,0,0,0,155,2026-02-06 05:34:09.482176
SMMR,24.18,24.19,24.28,2277100.0,490.0,2363000.0,439.0,0,0,0,0,0,0,0,0,0,0,0,0,0,0,0,0,0,0,0,0,0,0,0,0,155,2026-02-06 05:34:09.482176
ATMN,25.82,25.78,25.79,1907800.0,450.0,1857300.0,490.0,0,0,0,0,0,0,0,0,0,0,0,0,0,0,0,0,0,0,0,0,0,0,0,0,155,2026-02-06 05:34:09.482176
WNTR,26.4,26.5,26.63,2110700.0,500.0,1986000.0,306.0,0,0,0,0,0,0,0,0,0,0,0,0,0,0,0,0,0,0,0,0,0,0,0,0,155,2026-02-06 05:34:09.482176
SPNG,26.09,26.25,26.47,2060100.0,490.0,1935200.0,,0,0,0,0,0,0,0,0,0,0,0,0,0,0,0,0,0,0,0,0,0,0,0,0,156,2026-02-06 05:34:10.528807
SMMR,24.19,24.23,24.28,2266500.0,490.0,2359200.0,439.0,0,0,0,0,0,0,0,0,0,0,0,0,0,0,0,0,0,0,0,0,0,0,0,0,156,2026-02-06 05:34:10.528807
ATMN,25.92,25.92,26.05,1908400.0,450.0,1851800.0,490.0,0,0,0,0,0,0,0,0,0,0,0,0,0,0,0,0,0,0,0,0,0,0,0,0,156,2026-02-06 05:34:10.528807
WNTR,26.4,26.55,26.63,2118300.0,500.0,1986000.0,306.0,0,0,0,0,0,0,0,0,0,0,0,0,0,0,0,0,0,0,0,0,0,0,0,0,156,2026-02-06 05:34:10.528807
SPNG,26.25,26.25,26.47,2060100.0,490.0,1967400.0,,0,0,0,0,0,0,0,0,0,0,0,0,0,0,0,0,0,0,0,0,0,0,0,0,157,2026-02-06 05:34:11.576388
SMMR,24.28,24.23,24.28,2266500.0,490.0,2346100.0,439.0,0,0,0,0,0,0,0,0,0,0,0,0,0,0,0,0,0,0,0,0,0,0,0,0,157,2026-02-06 05:34:11.576388
ATMN,25.77,25.77,26.05,1887400.0,450.0,1950400.0,,0,0,0,0,0,0,0,0,0,0,0,0,0,0,0,0,0,0,0,0,0,0,0,0,157,2026-02-06 05:34:11.576388
WNTR,26.58,26.58,26.63,1976900.0,990.0,1909000.0,572.0,0,0,0,0,0,0,0,0,0,0,0,0,0,0,0,0,0,0,0,0,0,0,0,0,157,2026-02-06 05:34:11.576388
SPNG,26.51,26.0,26.51,2178500.0,1946600.0,,,0,0,0,0,0,0,0,0,0,0,0,0,0,0,0,0,0,0,0,0,0,0,0,0,158,2026-02-06 05:34:12.606736
SMMR,24.23,24.23,24.26,2412900.0,2460800.0,,,0,0,0,0,0,0,0,0,0,0,0,0,0,0,0,0,0,0,0,0,0,0,0,0,158,2026-02-06 05:34:12.606736
ATMN,25.77,25.95,26.03,1882400.0,1947500.0,450.0,,0,0,0,0,0,0,0,0,0,0,0,0,0,0,0,0,0,0,0,0,0,0,0,0,158,2026-02-06 05:34:12.606736
WNTR,26.6,26.55,26.6,1984800.0,1929100.0,990.0,572.0,0,0,0,0,0,0,0,0,0,0,0,0,0,0,0,0,0,0,0,0,0,0,0,0,158,2026-02-06 05:34:12.606736
SPNG,26.51,26.33,26.51,2041900.0,473.0,1903600.0,414.0,0,0,0,0,0,0,0,0,0,0,0,0,0,0,0,0,0,0,0,0,0,0,0,0,159,2026-02-06 05:34:13.639452
SMMR,24.15,24.15,24.26,2245000.0,473.0,2460800.0,,0,0,0,0,0,0,0,0,0,0,0,0,0,0,0,0,0,0,0,0,0,0,0,0,159,2026-02-06 05:34:13.639452
ATMN,26.09,25.95,26.09,1979800.0,,1938100.0,,0,0,0,0,0,0,0,0,0,0,0,0,0,0,0,0,0,0,0,0,0,0,0,0,159,2026-02-06 05:34:13.639452
WNTR,26.68,26.55,26.68,1984800.0,990.0,1888600.0,572.0,0,0,0,0,0,0,0,0,0,0,0,0,0,0,0,0,0,0,0,0,0,0,0,0,159,2026-02-06 05:34:13.639452
SPNG,26.51,26.0,26.51,2178500.0,1908100.0,414.0,,0,0,0,0,0,0,0,0,0,0,0,0,0,0,0,0,0,0,0,0,0,0,0,0,160,2026-02-06 05:34:14.688565
SMMR,24.1,24.1,24.16,2291700.0,2331000.0,424.0,473.0,0,0,0,0,0,0,0,0,0,0,0,0,0,0,0,0,0,0,0,0,0,0,0,0,160,2026-02-06 05:34:14.688565
ATMN,25.95,25.95,26.09,1878100.0,1969700.0,,434.0,0,0,0,0,0,0,0,0,0,0,0,0,0,0,0,0,0,0,0,0,0,0,0,0,160,2026-02-06 05:34:14.688565
WNTR,26.63,26.55,26.59,1984800.0,1912300.0,572.0,990.0,0,0,0,0,0,0,0,0,0,0,0,0,0,0,0,0,0,0,0,0,0,0,0,0,160,2026-02-06 05:34:14.688565
SPNG,26.0,26.0,26.36,2185200.0,1906700.0,414.0,,0,0,0,0,0,0,0,0,0,0,0,0,0,0,0,0,0,0,0,0,0,0,0,0,161,2026-02-06 05:34:15.752254
SMMR,24.08,24.08,24.26,2277200.0,2353000.0,424.0,473.0,0,0,0,0,0,0,0,0,0,0,0,0,0,0,0,0,0,0,0,0,0,0,0,0,161,2026-02-06 05:34:15.752254
ATMN,26.1,25.96,26.1,2006600.0,1966900.0,,,0,0,0,0,0,0,0,0,0,0,0,0,0,0,0,0,0,0,0,0,0,0,0,0,161,2026-02-06 05:34:15.752254
WNTR,26.39,26.39,26.55,2038800.0,1962100.0,572.0,990.0,0,0,0,0,0,0,0,0,0,0,0,0,0,0,0,0,0,0,0,0,0,0,0,0,161,2026-02-06 05:34:15.752254
SPNG,26.36,25.96,26.36,2207100.0,1906700.0,414.0,,0,0,0,0,0,0,0,0,0,0,0,0,0,0,0,0,0,0,0,0,0,0,0,0,162,2026-02-06 05:34:16.813606
SMMR,24.2,24.2,24.21,2244400.0,2359600.0,424.0,473.0,0,0,0,0,0,0,0,0,0,0,0,0,0,0,0,0,0,0,0,0,0,0,0,0,162,2026-02-06 05:34:16.813606
ATMN,26.16,25.96,26.16,2006600.0,1921800.0,,,0,0,0,0,0,0,0,0,0,0,0,0,0,0,0,0,0,0,0,0,0,0,0,0,162,2026-02-06 05:34:16.813606
WNTR,26.39,26.39,26.55,2026100.0,1962100.0,572.0,990.0,0,0,0,0,0,0,0,0,0,0,0,0,0,0,0,0,0,0,0,0,0,0,0,0,162,2026-02-06 05:34:16.813606
SPNG,26.2,26.2,26.51,2203200.0,1886300.0,414.0,,0,0,0,0,0,0,0,0,0,0,0,0,0,0,0,0,0,0,0,0,0,0,0,0,163,2026-02-06 05:34:17.857094
SMMR,24.2,24.12,24.15,2263200.0,2381800.0,424.0,473.0,0,0,0,0,0,0,0,0,0,0,0,0,0,0,0,0,0,0,0,0,0,0,0,0,163,2026-02-06 05:34:17.857094
ATMN,25.96,25.96,26.16,2014300.0,1976000.0,,,0,0,0,0,0,0,0,0,0,0,0,0,0,0,0,0,0,0,0,0,0,0,0,0,163,2026-02-06 05:34:17.857094
WNTR,26.39,26.39,26.48,1983400.0,1968700.0,572.0,990.0,0,0,0,0,0,0,0,0,0,0,0,0,0,0,0,0,0,0,0,0,0,0,0,0,163,2026-02-06 05:34:17.857094
SPNG,25.93,25.93,26.3,2183200.0,1909300.0,414.0,,0,0,0,0,0,0,0,0,0,0,0,0,0,0,0,0,0,0,0,0,0,0,0,0,164,2026-02-06 05:34:18.907228
SMMR,24.21,24.12,24.21,2263200.0,2374500.0,424.0,473.0,0,0,0,0,0,0,0,0,0,0,0,0,0,0,0,0,0,0,0,0,0,0,0,0,164,2026-02-06 05:34:18.907228
ATMN,26.24,25.95,26.24,1985800.0,1964800.0,,,0,0,0,0,0,0,0,0,0,0,0,0,0,0,0,0,0,0,0,0,0,0,0,0,164,2026-02-06 05:34:18.907228
WNTR,26.39,26.39,26.45,1959100.0,1994700.0,572.0,990.0,0,0,0,0,0,0,0,0,0,0,0,0,0,0,0,0,0,0,0,0,0,0,0,0,164,2026-02-06 05:34:18.907228
SPNG,25.93,26.27,26.3,2144600.0,1909300.0,414.0,,0,0,0,0,0,0,0,0,0,0,0,0,0,0,0,0,0,0,0,0,0,0,0,0,165,2026-02-06 05:34:19.975380
SMMR,24.26,24.12,24.26,2243900.0,2372000.0,424.0,473.0,0,0,0,0,0,0,0,0,0,0,0,0,0,0,0,0,0,0,0,0,0,0,0,0,165,2026-02-06 05:34:19.975380
ATMN,26.24,25.95,26.24,2010500.0,1985800.0,,,0,0,0,0,0,0,0,0,0,0,0,0,0,0,0,0,0,0,0,0,0,0,0,0,165,2026-02-06 05:34:19.975380
WNTR,26.48,26.39,26.48,1967600.0,1968700.0,572.0,990.0,0,0,0,0,0,0,0,0,0,0,0,0,0,0,0,0,0,0,0,0,0,0,0,0,165,2026-02-06 05:34:19.975380
SPNG,25.93,26.27,26.3,2141800.0,1909300.0,414.0,,0,0,0,0,0,0,0,0,0,0,0,0,0,0,0,0,0,0,0,0,0,0,0,0,166,2026-02-06 05:34:20.532998
SMMR,24.28,24.12,24.28,2243900.0,2339000.0,424.0,473.0,0,0,0,0,0,0,0,0,0,0,0,0,0,0,0,0,0,0,0,0,0,0,0,0,166,2026-02-06 05:34:20.532998
ATMN,25.95,25.95,26.24,2010500.0,1985800.0,,,0,0,0,0,0,0,0,0,0,0,0,0,0,0,0,0,0,0,0,0,0,0,0,0,166,2026-02-06 05:34:20.532998
WNTR,26.48,26.39,26.48,1994900.0,1964200.0,572.0,990.0,0,0,0,0,0,0,0,0,0,0,0,0,0,0,0,0,0,0,0,0,0,0,0,0,166,2026-02-06 05:34:20.532998
SPNG,26.08,26.08,26.4,2139200.0,1900800.0,414.0,,0,0,0,0,0,0,0,0,0,0,0,0,0,0,0,0,0,0,0,0,0,0,0,0,167,2026-02-06 05:34:21.600177
SMMR,24.28,24.12,24.22,2247900.0,2329100.0,424.0,473.0,0,0,0,0,0,0,0,0,0,0,0,0,0,0,0,0,0,0,0,0,0,0,0,0,167,2026-02-06 05:34:21.600177
ATMN,25.95,25.95,26.09,2010500.0,2002700.0,,,0,0,0,0,0,0,0,0,0,0,0,0,0,0,0,0,0,0,0,0,0,0,0,0,167,2026-02-06 05:34:21.600177
WNTR,26.48,26.39,26.42,2007500.0,1951200.0,572.0,990.0,0,0,0,0,0,0,0,0,0,0,0,0,0,0,0,0,0,0,0,0,0,0,0,0,167,2026-02-06 05:34:21.600177
SPNG,26.44,26.44,26.46,2160800.0,1847200.0,414.0,,0,0,0,0,0,0,0,0,0,0,0,0,0,0,0,0,0,0,0,0,0,0,0,0,168,2026-02-06 05:34:22.654342
SMMR,24.22,24.12,24.22,2247900.0,2303400.0,424.0,473.0,0,0,0,0,0,0,0,0,0,0,0,0,0,0,0,0,0,0,0,0,0,0,0,0,168,2026-02-06 05:34:22.654342
ATMN,26.17,25.95,26.05,2010500.0,2032400.0,,,0,0,0,0,0,0,0,0,0,0,0,0,0,0,0,0,0,0,0,0,0,0,0,0,168,2026-02-06 05:34:22.654342
WNTR,26.37,26.38,26.42,2120000.0,1951200.0,572.0,500.0,0,0,0,0,0,0,0,0,0,0,0,0,0,0,0,0,0,0,0,0,0,0,0,0,168,2026-02-06 05:34:22.654342
SPNG,26.08,25.93,26.08,2141500.0,1884700.0,414.0,,0,0,0,0,0,0,0,0,0,0,0,0,0,0,0,0,0,0,0,0,0,0,0,0,169,2026-02-06 05:34:23.727488
SMMR,24.1,24.1,24.12,2260700.0,2433300.0,,473.0,0,0,0,0,0,0,0,0,0,0,0,0,0,0,0,0,0,0,0,0,0,0,0,0,169,2026-02-06 05:34:23.727488
ATMN,26.17,25.95,26.05,2008100.0,2032400.0,,,0,0,0,0,0,0,0,0,0,0,0,0,0,0,0,0,0,0,0,0,0,0,0,0,169,2026-02-06 05:34:23.727488
WNTR,26.55,26.38,26.55,2126900.0,1962100.0,572.0,500.0,0,0,0,0,0,0,0,0,0,0,0,0,0,0,0,0,0,0,0,0,0,0,0,0,169,2026-02-06 05:34:23.727488
SPNG,25.91,25.91,25.92,2146000.0,1884800.0,414.0,,0,0,0,0,0,0,0,0,0,0,0,0,0,0,0,0,0,0,0,0,0,0,0,0,170,2026-02-06 05:34:24.796013
SMMR,24.1,24.1,24.22,2250700.0,2307800.0,424.0,473.0,0,0,0,0,0,0,0,0,0,0,0,0,0,0,0,0,0,0,0,0,0,0,0,0,170,2026-02-06 05:34:24.796013
ATMN,26.05,26.07,26.17,2031800.0,2035400.0,,,0,0,0,0,0,0,0,0,0,0,0,0,0,0,0,0,0,0,0,0,0,0,0,0,170,2026-02-06 05:34:24.796013
WNTR,26.55,26.38,26.4,2107300.0,1954600.0,572.0,500.0,0,0,0,0,0,0,0,0,0,0,0,0,0,0,0,0,0,0,0,0,0,0,0,0,170,2026-02-06 05:34:24.796013
SPNG,25.92,25.91,25.92,2139600.0,1884800.0,414.0,,0,0,0,0,0,0,0,0,0,0,0,0,0,0,0,0,0,0,0,0,0,0,0,0,171,2026-02-06 05:34:25.938348
SMMR,24.28,24.1,24.2,2222000.0,2280400.0,424.0,473.0,0,0,0,0,0,0,0,0,0,0,0,0,0,0,0,0,0,0,0,0,0,0,0,0,171,2026-02-06 05:34:25.938348
ATMN,26.05,26.07,26.17,2018500.0,2058200.0,,,0,0,0,0,0,0,0,0,0,0,0,0,0,0,0,0,0,0,0,0,0,0,0,0,171,2026-02-06 05:34:25.938348
WNTR,26.38,26.38,26.4,2119900.0,1935600.0,572.0,500.0,0,0,0,0,0,0,0,0,0,0,0,0,0,0,0,0,0,0,0,0,0,0,0,0,171,2026-02-06 05:34:25.938348
SPNG,26.43,26.21,26.37,2159900.0,1866900.0,414.0,,0,0,0,0,0,0,0,0,0,0,0,0,0,0,0,0,0,0,0,0,0,0,0,0,172,2026-02-06 05:34:27.044516
SMMR,24.28,24.1,24.28,2222000.0,2288000.0,424.0,473.0,0,0,0,0,0,0,0,0,0,0,0,0,0,0,0,0,0,0,0,0,0,0,0,0,172,2026-02-06 05:34:27.044516
ATMN,26.08,26.08,26.17,2004600.0,2058200.0,,,0,0,0,0,0,0,0,0,0,0,0,0,0,0,0,0,0,0,0,0,0,0,0,0,172,2026-02-06 05:34:27.044516
WNTR,26.4,26.54,26.55,2128100.0,1941300.0,572.0,500.0,0,0,0,0,0,0,0,0,0,0,0,0,0,0,0,0,0,0,0,0,0,0,0,0,172,2026-02-06 05:34:27.044516
SPNG,26.37,26.43,26.46,2193400.0,1856700.0,414.0,,0,0,0,0,0,0,0,0,0,0,0,0,0,0,0,0,0,0,0,0,0,0,0,0,173,2026-02-06 05:34:27.636552
SMMR,24.08,24.08,24.28,2248400.0,2256400.0,424.0,473.0,0,0,0,0,0,0,0,0,0,0,0,0,0,0,0,0,0,0,0,0,0,0,0,0,173,2026-02-06 05:34:27.636552
ATMN,26.24,26.08,26.24,2004600.0,2051300.0,,,0,0,0,0,0,0,0,0,0,0,0,0,0,0,0,0,0,0,0,0,0,0,0,0,173,2026-02-06 05:34:27.636552
WNTR,26.36,26.36,26.55,2161400.0,1956100.0,572.0,500.0,0,0,0,0,0,0,0,0,0,0,0,0,0,0,0,0,0,0,0,0,0,0,0,0,173,2026-02-06 05:34:27.636552
SPNG,26.21,25.98,26.2,2154100.0,1893100.0,414.0,,0,0,0,0,0,0,0,0,0,0,0,0,0,0,0,0,0,0,0,0,0,0,0,0,174,2026-02-06 05:34:28.705558
SMMR,24.08,24.08,24.28,2252100.0,2289300.0,424.0,473.0,0,0,0,0,0,0,0,0,0,0,0,0,0,0,0,0,0,0,0,0,0,0,0,0,174,2026-02-06 05:34:28.705558
ATMN,26.24,26.08,26.24,2046300.0,2067500.0,,,0,0,0,0,0,0,0,0,0,0,0,0,0,0,0,0,0,0,0,0,0,0,0,0,174,2026-02-06 05:34:28.705558
WNTR,26.55,26.36,26.55,2160400.0,1941200.0,572.0,500.0,0,0,0,0,0,0,0,0,0,0,0,0,0,0,0,0,0,0,0,0,0,0,0,0,174,2026-02-06 05:34:28.705558
SPNG,26.46,26.48,26.52,2148000.0,1860700.0,414.0,,0,0,0,0,0,0,0,0,0,0,0,0,0,0,0,0,0,0,0,0,0,0,0,0,175,2026-02-06 05:34:29.771359
SMMR,24.08,24.08,24.17,2227300.0,2303800.0,424.0,473.0,0,0,0,0,0,0,0,0,0,0,0,0,0,0,0,0,0,0,0,0,0,0,0,0,175,2026-02-06 05:34:29.771359
ATMN,25.98,26.12,26.24,2039300.0,2054300.0,,,0,0,0,0,0,0,0,0,0,0,0,0,0,0,0,0,0,0,0,0,0,0,0,0,175,2026-02-06 05:34:29.771359
WNTR,26.58,26.36,26.51,2196300.0,1955800.0,572.0,500.0,0,0,0,0,0,0,0,0,0,0,0,0,0,0,0,0,0,0,0,0,0,0,0,0,175,2026-02-06 05:34:29.771359
SPNG,26.52,26.13,26.52,2180200.0,1839000.0,414.0,,0,0,0,0,0,0,0,0,0,0,0,0,0,0,0,0,0,0,0,0,0,0,0,0,176,2026-02-06 05:34:30.857041
SMMR,24.28,24.18,24.28,2231700.0,2289300.0,424.0,473.0,0,0,0,0,0,0,0,0,0,0,0,0,0,0,0,0,0,0,0,0,0,0,0,0,176,2026-02-06 05:34:30.857041
ATMN,26.24,26.21,26.24,2041700.0,2062000.0,,,0,0,0,0,0,0,0,0,0,0,0,0,0,0,0,0,0,0,0,0,0,0,0,0,176,2026-02-06 05:34:30.857041
WNTR,26.35,26.35,26.51,2168000.0,1958400.0,572.0,500.0,0,0,0,0,0,0,0,0,0,0,0,0,0,0,0,0,0,0,0,0,0,0,0,0,176,2026-02-06 05:34:30.857041
SPNG,26.22,26.22,26.57,2206000.0,1910100.0,,,0,0,0,0,0,0,0,0,0,0,0,0,0,0,0,0,0,0,0,0,0,0,0,0,177,2026-02-06 05:34:31.996062
SMMR,24.16,24.08,24.16,2245500.0,2471100.0,473.0,,0,0,0,0,0,0,0,0,0,0,0,0,0,0,0,0,0,0,0,0,0,0,0,0,177,2026-02-06 05:34:31.996062
ATMN,26.24,26.21,26.24,2047700.0,2038300.0,,,0,0,0,0,0,0,0,0,0,0,0,0,0,0,0,0,0,0,0,0,0,0,0,0,177,2026-02-06 05:34:31.996062
WNTR,26.49,26.35,26.49,2168000.0,1967500.0,500.0,572.0,0,0,0,0,0,0,0,0,0,0,0,0,0,0,0,0,0,0,0,0,0,0,0,0,177,2026-02-06 05:34:31.996062
SPNG,26.63,26.22,26.63,2206000.0,1900000.0,,,0,0,0,0,0,0,0,0,0,0,0,0,0,0,0,0,0,0,0,0,0,0,0,0,178,2026-02-06 05:34:32.584926
SMMR,24.2,24.08,24.2,2224100.0,2326200.0,473.0,424.0,0,0,0,0,0,0,0,0,0,0,0,0,0,0,0,0,0,0,0,0,0,0,0,0,178,2026-02-06 05:34:32.584926
ATMN,26.24,26.24,26.29,2022300.0,2037100.0,,,0,0,0,0,0,0,0,0,0,0,0,0,0,0,0,0,0,0,0,0,0,0,0,0,178,2026-02-06 05:34:32.584926
WNTR,26.49,26.35,26.46,2204500.0,1971000.0,500.0,572.0,0,0,0,0,0,0,0,0,0,0,0,0,0,0,0,0,0,0,0,0,0,0,0,0,178,2026-02-06 05:34:32.584926
SPNG,26.22,26.13,26.18,2180200.0,1943500.0,,,0,0,0,0,0,0,0,0,0,0,0,0,0,0,0,0,0,0,0,0,0,0,0,0,179,2026-02-06 05:34:33.684356
SMMR,24.2,24.08,24.09,2224100.0,2454700.0,473.0,,0,0,0,0,0,0,0,0,0,0,0,0,0,0,0,0,0,0,0,0,0,0,0,0,179,2026-02-06 05:34:33.684356
ATMN,26.21,26.21,26.29,2056100.0,2035000.0,,,0,0,0,0,0,0,0,0,0,0,0,0,0,0,0,0,0,0,0,0,0,0,0,0,179,2026-02-06 05:34:33.684356
WNTR,26.49,26.35,26.49,2185100.0,1951100.0,500.0,572.0,0,0,0,0,0,0,0,0,0,0,0,0,0,0,0,0,0,0,0,0,0,0,0,0,179,2026-02-06 05:34:33.684356
SPNG,26.13,26.72,28.1,910300.0,670300.0,,,0,0,0,0,0,0,0,0,0,0,0,0,0,0,0,0,0,0,0,0,0,0,0,0,180,2026-02-06 05:34:34.792169
SMMR,24.08,24.22,24.44,200000.0,,473.0,424.0,0,0,0,0,0,0,0,0,0,0,0,0,0,0,0,0,0,0,0,0,0,0,0,0,180,2026-02-06 05:34:34.792169
ATMN,26.29,24.94,0.0,200000.0,,,,0,0,0,0,0,0,0,0,0,0,0,0,0,0,0,0,0,0,0,0,0,0,0,0,180,2026-02-06 05:34:34.792169
WNTR,26.56,26.34,26.72,200000.0,,500.0,572.0,0,0,0,0,0,0,0,0,0,0,0,0,0,0,0,0,0,0,0,0,0,0,0,0,180,2026-02-06 05:34:34.792169
SPNG,26.7,26.7,27.03,909700.0,977700.0,,,0,0,0,0,0,0,0,0,0,0,0,0,0,0,0,0,0,0,0,0,0,0,0,0,181,2026-02-06 05:34:35.844240
SMMR,24.34,24.4,24.44,1121000.0,927400.0,473.0,424.0,0,0,0,0,0,0,0,0,0,0,0,0,0,0,0,0,0,0,0,0,0,0,0,0,181,2026-02-06 05:34:35.844240
ATMN,26.29,26.57,27.22,890000.0,880400.0,,,0,0,0,0,0,0,0,0,0,0,0,0,0,0,0,0,0,0,0,0,0,0,0,0,181,2026-02-06 05:34:35.844240
WNTR,26.56,26.34,26.45,890100.0,1172200.0,500.0,572.0,0,0,0,0,0,0,0,0,0,0,0,0,0,0,0,0,0,0,0,0,0,0,0,0,181,2026-02-06 05:34:35.844240
SPNG,25.59,25.59,27.03,915800.0,1064100.0,,,0,0,0,0,0,0,0,0,0,0,0,0,0,0,0,0,0,0,0,0,0,0,0,0,182,2026-02-06 05:34:36.916288
SMMR,24.4,24.12,24.24,1003600.0,1272000.0,473.0,424.0,0,0,0,0,0,0,0,0,0,0,0,0,0,0,0,0,0,0,0,0,0,0,0,0,182,2026-02-06 05:34:36.916288
ATMN,26.57,26.4,26.53,886700.0,1154100.0,,,0,0,0,0,0,0,0,0,0,0,0,0,0,0,0,0,0,0,0,0,0,0,0,0,182,2026-02-06 05:34:36.916288
WNTR,26.34,25.95,26.16,890100.0,1503500.0,,572.0,0,0,0,0,0,0,0,0,0,0,0,0,0,0,0,0,0,0,0,0,0,0,0,0,182,2026-02-06 05:34:36.916288
SPNG,25.56,25.56,26.0,913200.0,1281700.0,,,0,0,0,0,0,0,0,0,0,0,0,0,0,0,0,0,0,0,0,0,0,0,0,0,183,2026-02-06 05:34:38.018160
SMMR,24.24,24.12,24.24,1301500.0,1272000.0,473.0,424.0,0,0,0,0,0,0,0,0,0,0,0,0,0,0,0,0,0,0,0,0,0,0,0,0,183,2026-02-06 05:34:38.018160
ATMN,26.57,26.4,26.53,886700.0,1441700.0,,,0,0,0,0,0,0,0,0,0,0,0,0,0,0,0,0,0,0,0,0,0,0,0,0,183,2026-02-06 05:34:38.018160
WNTR,25.36,25.36,25.52,897800.0,1723700.0,,572.0,0,0,0,0,0,0,0,0,0,0,0,0,0,0,0,0,0,0,0,0,0,0,0,0,183,2026-02-06 05:34:38.018160
SPNG,24.56,24.78,25.61,1057400.0,1487400.0,,,0,0,0,0,0,0,0,0,0,0,0,0,0,0,0,0,0,0,0,0,0,0,0,0,184,2026-02-06 05:34:39.064413
SMMR,24.23,24.25,24.42,1427600.0,1157800.0,473.0,424.0,0,0,0,0,0,0,0,0,0,0,0,0,0,0,0,0,0,0,0,0,0,0,0,0,184,2026-02-06 05:34:39.064413
ATMN,26.13,24.94,26.02,913100.0,1760600.0,,,0,0,0,0,0,0,0,0,0,0,0,0,0,0,0,0,0,0,0,0,0,0,0,0,184,2026-02-06 05:34:39.064413
WNTR,25.14,25.19,25.38,1014100.0,1823500.0,,572.0,0,0,0,0,0,0,0,0,0,0,0,0,0,0,0,0,0,0,0,0,0,0,0,0,184,2026-02-06 05:34:39.064413
SPNG,24.56,25.43,25.61,1370200.0,1487400.0,,,0,0,0,0,0,0,0,0,0,0,0,0,0,0,0,0,0,0,0,0,0,0,0,0,185,2026-02-06 05:34:39.611890
SMMR,24.25,24.12,24.18,1420700.0,1419800.0,473.0,424.0,0,0,0,0,0,0,0,0,0,0,0,0,0,0,0,0,0,0,0,0,0,0,0,0,185,2026-02-06 05:34:39.611890
ATMN,24.94,24.94,25.32,915200.0,1883300.0,,,0,0,0,0,0,0,0,0,0,0,0,0,0,0,0,0,0,0,0,0,0,0,0,0,185,2026-02-06 05:34:39.611890
WNTR,25.38,25.41,25.45,1151700.0,1850600.0,,572.0,0,0,0,0,0,0,0,0,0,0,0,0,0,0,0,0,0,0,0,0,0,0,0,0,185,2026-02-06 05:34:39.611890
SPNG,25.24,25.24,25.61,1490300.0,1487400.0,,,0,0,0,0,0,0,0,0,0,0,0,0,0,0,0,0,0,0,0,0,0,0,0,0,186,2026-02-06 05:34:40.663686
SMMR,24.25,24.12,24.18,1913600.0,1419800.0,473.0,424.0,0,0,0,0,0,0,0,0,0,0,0,0,0,0,0,0,0,0,0,0,0,0,0,0,186,2026-02-06 05:34:40.663686
ATMN,25.13,24.94,25.13,915200.0,1903000.0,,,0,0,0,0,0,0,0,0,0,0,0,0,0,0,0,0,0,0,0,0,0,0,0,0,186,2026-02-06 05:34:40.663686
WNTR,25.41,25.19,25.36,1014100.0,2019300.0,,572.0,0,0,0,0,0,0,0,0,0,0,0,0,0,0,0,0,0,0,0,0,0,0,0,0,186,2026-02-06 05:34:40.663686
SPNG,25.95,25.24,25.72,1490300.0,1563700.0,,,0,0,0,0,0,0,0,0,0,0,0,0,0,0,0,0,0,0,0,0,0,0,0,0,187,2026-02-06 05:34:41.704603
SMMR,24.18,24.13,24.18,2152100.0,1419800.0,473.0,424.0,0,0,0,0,0,0,0,0,0,0,0,0,0,0,0,0,0,0,0,0,0,0,0,0,187,2026-02-06 05:34:41.704603
ATMN,24.92,24.92,25.1,922300.0,1932400.0,,,0,0,0,0,0,0,0,0,0,0,0,0,0,0,0,0,0,0,0,0,0,0,0,0,187,2026-02-06 05:34:41.704603
WNTR,25.14,25.14,25.16,949000.0,2158100.0,,306.0,0,0,0,0,0,0,0,0,0,0,0,0,0,0,0,0,0,0,0,0,0,0,0,0,187,2026-02-06 05:34:41.704603
SPNG,26.0,25.28,26.0,1726800.0,1365100.0,,,0,0,0,0,0,0,0,0,0,0,0,0,0,0,0,0,0,0,0,0,0,0,0,0,188,2026-02-06 05:34:42.750377
SMMR,24.42,24.19,24.42,2375300.0,1157800.0,473.0,424.0,0,0,0,0,0,0,0,0,0,0,0,0,0,0,0,0,0,0,0,0,0,0,0,0,188,2026-02-06 05:34:42.750377
ATMN,24.92,24.7,24.88,1070900.0,1997700.0,,,0,0,0,0,0,0,0,0,0,0,0,0,0,0,0,0,0,0,0,0,0,0,0,0,188,2026-02-06 05:34:42.750377
WNTR,25.14,25.14,25.16,949000.0,2300500.0,,,0,0,0,0,0,0,0,0,0,0,0,0,0,0,0,0,0,0,0,0,0,0,0,0,188,2026-02-06 05:34:42.750377
SPNG,25.28,25.28,25.29,1726800.0,1551000.0,,,0,0,0,0,0,0,0,0,0,0,0,0,0,0,0,0,0,0,0,0,0,0,0,0,189,2026-02-06 05:34:43.793221
SMMR,24.13,24.13,24.22,2265900.0,1364900.0,473.0,424.0,0,0,0,0,0,0,0,0,0,0,0,0,0,0,0,0,0,0,0,0,0,0,0,0,189,2026-02-06 05:34:43.793221
ATMN,24.97,24.7,24.97,1179000.0,1947900.0,,,0,0,0,0,0,0,0,0,0,0,0,0,0,0,0,0,0,0,0,0,0,0,0,0,189,2026-02-06 05:34:43.793221
WNTR,25.07,24.9,25.05,1100000.0,2329100.0,,,0,0,0,0,0,0,0,0,0,0,0,0,0,0,0,0,0,0,0,0,0,0,0,0,189,2026-02-06 05:34:43.793221
SPNG,26.0,25.28,25.96,1818600.0,1571100.0,,,0,0,0,0,0,0,0,0,0,0,0,0,0,0,0,0,0,0,0,0,0,0,0,0,190,2026-02-06 05:34:44.837419
SMMR,24.41,24.24,24.34,2401400.0,1363300.0,473.0,424.0,0,0,0,0,0,0,0,0,0,0,0,0,0,0,0,0,0,0,0,0,0,0,0,0,190,2026-02-06 05:34:44.837419
ATMN,24.97,24.87,24.97,1495400.0,1947900.0,,,0,0,0,0,0,0,0,0,0,0,0,0,0,0,0,0,0,0,0,0,0,0,0,0,190,2026-02-06 05:34:44.837419
WNTR,25.11,24.9,25.02,1211600.0,2324500.0,,,0,0,0,0,0,0,0,0,0,0,0,0,0,0,0,0,0,0,0,0,0,0,0,0,190,2026-02-06 05:34:44.837419
SPNG,25.54,25.28,25.54,2036200.0,1693000.0,,,0,0,0,0,0,0,0,0,0,0,0,0,0,0,0,0,0,0,0,0,0,0,0,0,191,2026-02-06 05:34:45.876735
SMMR,24.12,24.12,24.28,2137100.0,1643400.0,473.0,424.0,0,0,0,0,0,0,0,0,0,0,0,0,0,0,0,0,0,0,0,0,0,0,0,0,191,2026-02-06 05:34:45.876735
ATMN,24.87,24.87,24.97,1613500.0,1959000.0,,,0,0,0,0,0,0,0,0,0,0,0,0,0,0,0,0,0,0,0,0,0,0,0,0,191,2026-02-06 05:34:45.876735
WNTR,25.02,25.05,25.16,1428800.0,2306800.0,,,0,0,0,0,0,0,0,0,0,0,0,0,0,0,0,0,0,0,0,0,0,0,0,0,191,2026-02-06 05:34:45.876735
SPNG,25.78,25.78,25.9,2148300.0,1863700.0,,,0,0,0,0,0,0,0,0,0,0,0,0,0,0,0,0,0,0,0,0,0,0,0,0,192,2026-02-06 05:34:46.975064
SMMR,24.12,24.11,24.12,2302600.0,1768700.0,473.0,424.0,0,0,0,0,0,0,0,0,0,0,0,0,0,0,0,0,0,0,0,0,0,0,0,0,192,2026-02-06 05:34:46.975064
ATMN,25.1,24.87,25.01,1721500.0,1960000.0,,,0,0,0,0,0,0,0,0,0,0,0,0,0,0,0,0,0,0,0,0,0,0,0,0,192,2026-02-06 05:34:46.975064
WNTR,25.1,25.1,25.24,1553300.0,2269500.0,,,0,0,0,0,0,0,0,0,0,0,0,0,0,0,0,0,0,0,0,0,0,0,0,0,192,2026-02-06 05:34:46.975064
SPNG,25.48,25.28,25.48,2142700.0,1901800.0,,,0,0,0,0,0,0,0,0,0,0,0,0,0,0,0,0,0,0,0,0,0,0,0,0,193,2026-02-06 05:34:48.081432
SMMR,24.28,24.24,24.28,2347100.0,1643400.0,473.0,424.0,0,0,0,0,0,0,0,0,0,0,0,0,0,0,0,0,0,0,0,0,0,0,0,0,193,2026-02-06 05:34:48.081432
ATMN,25.1,24.87,25.01,2048000.0,1974600.0,,,0,0,0,0,0,0,0,0,0,0,0,0,0,0,0,0,0,0,0,0,0,0,0,0,193,2026-02-06 05:34:48.081432
WNTR,25.1,25.1,25.18,1553300.0,2328200.0,,,0,0,0,0,0,0,0,0,0,0,0,0,0,0,0,0,0,0,0,0,0,0,0,0,193,2026-02-06 05:34:48.081432
SPNG,25.48,25.4,25.48,2232000.0,1901800.0,,,0,0,0,0,0,0,0,0,0,0,0,0,0,0,0,0,0,0,0,0,0,0,0,0,194,2026-02-06 05:34:48.630550
