ticker,last_price,bid_price,ask_price,BUY_ANON,SELL_ANON,BUY_GIOT-3,SELL_WRSW-1,BUY_UEBR-1,SELL_GIOT-4,SELL_UEBR-1,BUY_WRSW-1,BUY_WRSW-2,BUY_GIOT-4,SELL_GIOT-3,SELL_WRSW-2,tick,timestamp
SPNG,0.0,0.0,0.0,1953600.0,2336200.0,0,0,0,0,0,0,0,0,0,0,0,2026-02-03 05:29:11.132989
SMMR,0.0,0.0,0.0,2382500.0,1686900.0,0,0,0,0,0,0,0,0,0,0,0,2026-02-03 05:29:11.132989
ATMN,0.0,0.0,0.0,2208400.0,2350300.0,0,0,0,0,0,0,0,0,0,0,0,2026-02-03 05:29:11.132989
WNTR,0.0,0.0,0.0,2079300.0,2305100.0,0,0,0,0,0,0,0,0,0,0,0,2026-02-03 05:29:11.132989
SPNG,0.0,24.85,25.01,2095000.0,2301000.0,0,0,0,0,0,0,0,0,0,0,1,2026-02-03 05:29:12.211574,2.0,1.0,1.0,,Aggregate Position Limit,Your CRO has set the aggregate position limit to 10000 shares for this week.
SMMR,24.97,24.97,25.08,2382500.0,1807300.0,0,0,0,0,0,0,0,0,0,0,1,2026-02-03 05:29:12.211574,1.0,1.0,1.0,,Welcome to the RITC 2026 Alogithmic Market Making Case - practice server,
ATMN,24.88,24.88,24.92,2014600.0,2366000.0,0,0,0,0,0,0,0,0,0,0,1,2026-02-03 05:29:12.211574,,,,,,
WNTR,24.97,24.89,24.97,2212000.0,2298300.0,0,0,0,0,0,0,0,0,0,0,1,2026-02-03 05:29:12.211574,,,,,,
SPNG,24.82,24.82,25.11,1959900.0,2353900.0,0,0,0,0,0,0,0,0,0,0,2,2026-02-03 05:29:13.251692
SMMR,24.97,24.97,25.01,2382500.0,2167700.0,0,0,0,0,0,0,0,0,0,0,2,2026-02-03 05:29:13.251692
ATMN,24.88,24.88,24.92,2392100.0,2366000.0,0,0,0,0,0,0,0,0,0,0,2,2026-02-03 05:29:13.251692
WNTR,24.97,24.89,24.97,2277300.0,2298300.0,0,0,0,0,0,0,0,0,0,0,2,2026-02-03 05:29:13.251692
SPNG,25.11,24.94,25.11,2226600.0,2349500.0,0,0,0,0,0,0,0,0,0,0,3,2026-02-03 05:29:14.281061
SMMR,25.01,25.02,25.08,2392200.0,2052500.0,0,0,0,0,0,0,0,0,0,0,3,2026-02-03 05:29:14.281061
ATMN,25.36,24.88,25.17,2389900.0,2325500.0,0,0,0,0,0,0,0,0,0,0,3,2026-02-03 05:29:14.281061
WNTR,25.04,24.93,25.04,2285400.0,2293800.0,0,0,0,0,0,0,0,0,0,0,3,2026-02-03 05:29:14.281061
SPNG,25.2,24.82,25.2,2122200.0,2368700.0,0,0,0,0,0,0,0,0,0,0,4,2026-02-03 05:29:15.307897
SMMR,25.08,25.02,25.08,2392200.0,2291200.0,0,0,0,0,0,0,0,0,0,0,4,2026-02-03 05:29:15.307897
ATMN,25.03,25.03,25.04,2394600.0,2323700.0,0,0,0,0,0,0,0,0,0,0,4,2026-02-03 05:29:15.307897
WNTR,25.09,24.93,25.09,2285400.0,2270500.0,0,0,0,0,0,0,0,0,0,0,4,2026-02-03 05:29:15.307897
SPNG,24.8,24.8,25.49,2103900.0,2389700.0,0,0,0,0,0,0,0,0,0,0,5,2026-02-03 05:29:16.332834
SMMR,25.08,25.02,25.03,2386100.0,2279400.0,0,0,0,0,0,0,0,0,0,0,5,2026-02-03 05:29:16.332834
ATMN,25.1,25.03,25.1,2374500.0,2322800.0,0,0,0,0,0,0,0,0,0,0,5,2026-02-03 05:29:16.332834
WNTR,25.11,24.89,25.11,2277300.0,2270700.0,0,0,0,0,0,0,0,0,0,0,5,2026-02-03 05:29:16.332834
SPNG,24.91,25.03,25.4,2222500.0,2380300.0,0,0,0,0,0,0,0,0,0,0,6,2026-02-03 05:29:17.364037
SMMR,25.02,25.02,25.03,2392000.0,2279400.0,0,0,0,0,0,0,0,0,0,0,6,2026-02-03 05:29:17.364037
ATMN,25.35,25.11,25.35,2380000.0,2339900.0,0,0,0,0,0,0,0,0,0,0,6,2026-02-03 05:29:17.364037
WNTR,24.9,24.96,25.11,2300200.0,2270700.0,0,0,0,0,0,0,0,0,0,0,6,2026-02-03 05:29:17.364037
SPNG,25.03,25.03,25.4,2222500.0,2359900.0,0,0,0,0,0,0,0,0,0,0,7,2026-02-03 05:29:17.894061
SMMR,25.03,25.04,25.08,2361300.0,2286500.0,0,0,0,0,0,0,0,0,0,0,7,2026-02-03 05:29:17.894061
ATMN,25.2,25.11,25.2,2380000.0,2330400.0,0,0,0,0,0,0,0,0,0,0,7,2026-02-03 05:29:17.894061
WNTR,25.15,24.96,24.99,2300200.0,2292300.0,0,0,0,0,0,0,0,0,0,0,7,2026-02-03 05:29:17.894061
SPNG,24.61,24.86,24.94,2217600.0,2327000.0,0,0,0,0,0,0,0,0,0,0,8,2026-02-03 05:29:18.928791
SMMR,25.01,25.01,25.09,2382400.0,2235000.0,0,0,0,0,0,0,0,0,0,0,8,2026-02-03 05:29:18.928791
ATMN,25.4,24.96,25.4,2359800.0,2339300.0,0,0,0,0,0,0,0,0,0,0,8,2026-02-03 05:29:18.928791
WNTR,24.85,24.85,24.99,2291200.0,2282100.0,0,0,0,0,0,0,0,0,0,0,8,2026-02-03 05:29:18.928791
SPNG,24.86,24.61,24.81,2100700.0,2336700.0,0,0,0,0,0,0,0,0,0,0,9,2026-02-03 05:29:19.967838
SMMR,25.1,24.98,25.1,2401000.0,2231800.0,0,0,0,0,0,0,0,0,0,0,9,2026-02-03 05:29:19.967838
ATMN,25.4,25.08,25.09,2403500.0,2344800.0,0,0,0,0,0,0,0,0,0,0,9,2026-02-03 05:29:19.967838
WNTR,24.99,24.92,24.96,2294800.0,2295000.0,0,0,0,0,0,0,0,0,0,0,9,2026-02-03 05:29:19.967838
SPNG,24.99,24.82,24.99,2315000.0,2348500.0,0,0,0,0,0,0,0,0,0,0,10,2026-02-03 05:29:21.020411
SMMR,25.09,25.04,25.09,2370000.0,2225600.0,0,0,0,0,0,0,0,0,0,0,10,2026-02-03 05:29:21.020411
ATMN,25.09,25.37,25.4,2398100.0,2339300.0,0,0,0,0,0,0,0,0,0,0,10,2026-02-03 05:29:21.020411
WNTR,24.99,24.92,24.99,2294700.0,2309100.0,0,0,0,0,0,0,0,0,0,0,10,2026-02-03 05:29:21.020411
SPNG,24.82,24.82,25.4,2455200.0,2343600.0,0,0,0,0,0,0,0,0,0,0,11,2026-02-03 05:29:22.166226
SMMR,25.11,25.04,25.11,2370000.0,2210300.0,0,0,0,0,0,0,0,0,0,0,11,2026-02-03 05:29:22.166226
ATMN,25.37,25.37,25.39,2398100.0,2322600.0,0,0,0,0,0,0,0,0,0,0,11,2026-02-03 05:29:22.166226
WNTR,25.04,24.92,25.04,2294700.0,2247900.0,0,0,0,0,0,0,0,0,0,0,11,2026-02-03 05:29:22.166226
SPNG,24.82,24.71,24.72,2448000.0,2349800.0,0,0,0,0,0,0,0,0,0,0,12,2026-02-03 05:29:23.236686
SMMR,25.04,24.98,25.03,2401000.0,2247900.0,0,0,0,0,0,0,0,0,0,0,12,2026-02-03 05:29:23.236686
ATMN,25.37,25.08,25.16,2375900.0,2295400.0,0,0,0,0,0,0,0,0,0,0,12,2026-02-03 05:29:23.236686
WNTR,25.04,24.92,25.02,2326000.0,2253600.0,0,0,0,0,0,0,0,0,0,0,12,2026-02-03 05:29:23.236686
SPNG,24.71,24.71,25.18,2431400.0,2336900.0,0,0,0,0,0,0,0,0,0,0,13,2026-02-03 05:29:24.308160
SMMR,25.11,25.11,25.13,2408100.0,2226800.0,0,0,0,0,0,0,0,0,0,0,13,2026-02-03 05:29:24.308160
ATMN,25.16,25.24,25.36,2439100.0,2289700.0,0,0,0,0,0,0,0,0,0,0,13,2026-02-03 05:29:24.308160
WNTR,25.19,24.94,25.05,2298200.0,2317500.0,0,0,0,0,0,0,0,0,0,0,13,2026-02-03 05:29:24.308160
SPNG,24.69,24.92,25.18,2447400.0,2347100.0,0,0,0,0,0,0,0,0,0,0,14,2026-02-03 05:29:25.339613
SMMR,25.11,24.98,25.08,2384800.0,2226600.0,0,0,0,0,0,0,0,0,0,0,14,2026-02-03 05:29:25.339613
ATMN,25.36,25.08,25.17,2409500.0,2292000.0,0,0,0,0,0,0,0,0,0,0,14,2026-02-03 05:29:25.339613
WNTR,25.05,25.09,25.19,2298400.0,2210000.0,0,0,0,0,0,0,0,0,0,0,14,2026-02-03 05:29:25.339613
SPNG,24.69,24.92,25.04,2449900.0,2333800.0,0,0,0,0,0,0,0,0,0,0,15,2026-02-03 05:29:26.365320
SMMR,25.11,24.98,25.08,2384800.0,2283200.0,0,0,0,0,0,0,0,0,0,0,15,2026-02-03 05:29:26.365320
ATMN,25.17,25.27,25.36,2410100.0,2324700.0,0,0,0,0,0,0,0,0,0,0,15,2026-02-03 05:29:26.365320
WNTR,25.09,24.98,25.07,2277300.0,2321200.0,0,0,0,0,0,0,0,0,0,0,15,2026-02-03 05:29:26.365320
SPNG,24.92,24.92,25.04,2444800.0,2316000.0,0,0,0,0,0,0,0,0,0,0,16,2026-02-03 05:29:27.390807
SMMR,24.97,24.99,25.08,2328200.0,2283200.0,0,0,0,0,0,0,0,0,0,0,16,2026-02-03 05:29:27.390807
ATMN,25.36,25.36,25.39,2410100.0,2291000.0,0,0,0,0,0,0,0,0,0,0,16,2026-02-03 05:29:27.390807
WNTR,24.94,24.98,25.07,2297300.0,2333300.0,0,0,0,0,0,0,0,0,0,0,16,2026-02-03 05:29:27.390807
SPNG,25.15,24.69,25.15,2429400.0,2344000.0,0,0,0,0,0,0,0,0,0,0,17,2026-02-03 05:29:27.922082
SMMR,25.09,24.99,25.04,2328200.0,2307400.0,0,0,0,0,0,0,0,0,0,0,17,2026-02-03 05:29:27.922082
ATMN,25.27,25.08,25.17,2409500.0,2298200.0,0,0,0,0,0,0,0,0,0,0,17,2026-02-03 05:29:27.922082
WNTR,24.94,24.98,25.02,2325000.0,2363400.0,0,0,0,0,0,0,0,0,0,0,17,2026-02-03 05:29:27.922082
SPNG,25.24,24.86,24.94,2420400.0,2349800.0,0,0,0,0,0,0,0,0,0,0,18,2026-02-03 05:29:28.949941
SMMR,25.04,24.99,25.04,2329400.0,2299600.0,0,0,0,0,0,0,0,0,0,0,18,2026-02-03 05:29:28.949941
ATMN,25.39,25.08,25.39,2428400.0,2291000.0,0,0,0,0,0,0,0,0,0,0,18,2026-02-03 05:29:28.949941
WNTR,24.97,24.94,24.96,2281800.0,2385000.0,0,0,0,0,0,0,0,0,0,0,18,2026-02-03 05:29:28.949941
SPNG,24.94,24.92,24.94,2432300.0,2388100.0,0,0,0,0,0,0,0,0,0,0,19,2026-02-03 05:29:29.976689
SMMR,24.95,24.95,25.04,2370200.0,2299600.0,0,0,0,0,0,0,0,0,0,0,19,2026-02-03 05:29:29.976689
ATMN,25.13,25.27,25.39,2390500.0,2291000.0,0,0,0,0,0,0,0,0,0,0,19,2026-02-03 05:29:29.976689
WNTR,25.02,24.95,25.02,2289800.0,2366500.0,0,0,0,0,0,0,0,0,0,0,19,2026-02-03 05:29:29.976689
SPNG,24.94,24.96,24.97,2374400.0,2349300.0,0,0,0,0,0,0,0,0,0,0,20,2026-02-03 05:29:31.008597
SMMR,24.95,24.95,25.03,2376100.0,2297200.0,0,0,0,0,0,0,0,0,0,0,20,2026-02-03 05:29:31.008597
ATMN,25.05,25.05,25.27,2368500.0,2252400.0,0,0,0,0,0,0,0,0,0,0,20,2026-02-03 05:29:31.008597
WNTR,25.02,24.99,25.0,2302800.0,2374000.0,0,0,0,0,0,0,0,0,0,0,20,2026-02-03 05:29:31.008597
SPNG,24.92,24.92,25.24,2403200.0,2361400.0,0,0,0,0,0,0,0,0,0,0,21,2026-02-03 05:29:32.032272
SMMR,25.07,24.95,25.07,2376100.0,2313600.0,0,0,0,0,0,0,0,0,0,0,21,2026-02-03 05:29:32.032272
ATMN,24.96,24.96,25.27,2407500.0,2210600.0,0,0,0,0,0,0,0,0,0,0,21,2026-02-03 05:29:32.032272
WNTR,24.99,24.99,25.0,2326000.0,2374000.0,0,0,0,0,0,0,0,0,0,0,21,2026-02-03 05:29:32.032272
SPNG,24.86,24.86,25.24,2420400.0,2341900.0,0,0,0,0,0,0,0,0,0,0,22,2026-02-03 05:29:33.066946
SMMR,24.95,24.95,25.07,2342000.0,2330700.0,0,0,0,0,0,0,0,0,0,0,22,2026-02-03 05:29:33.066946
ATMN,25.32,24.96,25.02,2375300.0,2221600.0,0,0,0,0,0,0,0,0,0,0,22,2026-02-03 05:29:33.066946
WNTR,25.0,24.99,25.0,2326000.0,2369400.0,0,0,0,0,0,0,0,0,0,0,22,2026-02-03 05:29:33.066946
SPNG,25.32,24.63,25.32,2457500.0,2373300.0,0,0,0,0,0,0,0,0,0,0,23,2026-02-03 05:29:34.104779
SMMR,25.08,25.03,25.08,2325100.0,2335800.0,0,0,0,0,0,0,0,0,0,0,23,2026-02-03 05:29:34.104779
ATMN,25.31,25.08,25.14,2429000.0,2211000.0,0,0,0,0,0,0,0,0,0,0,23,2026-02-03 05:29:34.104779
WNTR,25.0,24.99,25.0,2323400.0,2334100.0,0,0,0,0,0,0,0,0,0,0,23,2026-02-03 05:29:34.104779
SPNG,25.32,25.03,25.32,2436200.0,2373300.0,0,0,0,0,0,0,0,0,0,0,24,2026-02-03 05:29:35.145571
SMMR,24.94,24.94,24.99,2371500.0,2366600.0,0,0,0,0,0,0,0,0,0,0,24,2026-02-03 05:29:35.145571
ATMN,25.14,25.36,25.38,2450300.0,2215200.0,0,0,0,0,0,0,0,0,0,0,24,2026-02-03 05:29:35.145571
WNTR,24.99,24.99,25.0,2323400.0,2334100.0,0,0,0,0,0,0,0,0,0,0,24,2026-02-03 05:29:35.145571
SPNG,24.61,24.62,25.32,2498300.0,2373300.0,0,0,0,0,0,0,0,0,0,0,25,2026-02-03 05:29:36.183891
SMMR,24.94,24.94,25.11,2371500.0,2320300.0,0,0,0,0,0,0,0,0,0,0,25,2026-02-03 05:29:36.183891
ATMN,25.38,25.03,25.38,2429400.0,2210500.0,0,0,0,0,0,0,0,0,0,0,25,2026-02-03 05:29:36.183891
WNTR,24.94,24.94,25.0,2340900.0,2316700.0,0,0,0,0,0,0,0,0,0,0,25,2026-02-03 05:29:36.183891
SPNG,24.61,24.94,25.32,2440500.0,2320300.0,0,0,0,0,0,0,0,0,0,0,26,2026-02-03 05:29:37.216879
SMMR,24.94,24.94,25.13,2371500.0,2296700.0,0,0,0,0,0,0,0,0,0,0,26,2026-02-03 05:29:37.216879
ATMN,25.38,25.21,25.24,2442500.0,2245000.0,0,0,0,0,0,0,0,0,0,0,26,2026-02-03 05:29:37.216879
WNTR,24.92,24.92,24.98,2291900.0,2363000.0,0,0,0,0,0,0,0,0,0,0,26,2026-02-03 05:29:37.216879
SPNG,25.32,24.94,25.32,2440500.0,2300500.0,0,0,0,0,0,0,0,0,0,0,27,2026-02-03 05:29:38.251213
SMMR,25.08,25.08,25.13,2340000.0,2296700.0,0,0,0,0,0,0,0,0,0,0,27,2026-02-03 05:29:38.251213
ATMN,25.03,25.03,25.06,2444600.0,2255400.0,0,0,0,0,0,0,0,0,0,0,27,2026-02-03 05:29:38.251213
WNTR,24.92,24.86,24.92,2244000.0,2439600.0,0,0,0,0,0,0,0,0,0,0,27,2026-02-03 05:29:38.251213
SPNG,25.32,24.94,25.32,2440500.0,2299400.0,0,0,0,0,0,0,0,0,0,0,28,2026-02-03 05:29:39.279433
SMMR,24.92,24.92,24.93,2330600.0,2307200.0,0,0,0,0,0,0,0,0,0,0,28,2026-02-03 05:29:39.279433
ATMN,24.94,24.94,25.24,2454600.0,2245000.0,0,0,0,0,0,0,0,0,0,0,28,2026-02-03 05:29:39.279433
WNTR,24.86,24.86,24.92,2244000.0,2451800.0,0,0,0,0,0,0,0,0,0,0,28,2026-02-03 05:29:39.279433
SPNG,25.32,24.94,25.32,2440500.0,2322000.0,0,0,0,0,0,0,0,0,0,0,29,2026-02-03 05:29:40.311418
SMMR,25.06,24.92,24.93,2330600.0,2313200.0,0,0,0,0,0,0,0,0,0,0,29,2026-02-03 05:29:40.311418
ATMN,25.4,25.12,25.4,2455400.0,2193200.0,0,0,0,0,0,0,0,0,0,0,29,2026-02-03 05:29:40.311418
WNTR,24.98,24.86,24.88,2235600.0,2382700.0,0,0,0,0,0,0,0,0,0,0,29,2026-02-03 05:29:40.311418
SPNG,25.34,24.62,25.34,2498300.0,2283400.0,0,0,0,0,0,0,0,0,0,0,30,2026-02-03 05:29:41.339993
SMMR,25.14,24.91,25.14,2324200.0,2262300.0,0,0,0,0,0,0,0,0,0,0,30,2026-02-03 05:29:41.339993
ATMN,25.08,25.08,25.4,2437800.0,2193200.0,0,0,0,0,0,0,0,0,0,0,30,2026-02-03 05:29:41.339993
WNTR,24.98,24.86,24.98,2272800.0,2455200.0,0,0,0,0,0,0,0,0,0,0,30,2026-02-03 05:29:41.339993
SPNG,25.3,24.62,25.28,2498300.0,2337900.0,0,0,0,0,0,0,0,0,0,0,31,2026-02-03 05:29:42.370440
SMMR,25.14,24.91,24.92,2317500.0,2277400.0,0,0,0,0,0,0,0,0,0,0,31,2026-02-03 05:29:42.370440
ATMN,25.02,25.33,25.4,2402500.0,2193200.0,0,0,0,0,0,0,0,0,0,0,31,2026-02-03 05:29:42.370440
WNTR,24.86,24.84,24.85,2256900.0,2385000.0,0,0,0,0,0,0,0,0,0,0,31,2026-02-03 05:29:42.370440
SPNG,25.3,25.23,25.28,2471200.0,2337900.0,0,0,0,0,0,0,0,0,0,0,32,2026-02-03 05:29:43.394898
SMMR,24.92,25.05,25.14,2317300.0,2262300.0,0,0,0,0,0,0,0,0,0,0,32,2026-02-03 05:29:43.394898
ATMN,25.33,25.01,25.28,2415200.0,2173200.0,0,0,0,0,0,0,0,0,0,0,32,2026-02-03 05:29:43.394898
WNTR,24.85,24.97,25.03,2310500.0,2356200.0,0,0,0,0,0,0,0,0,0,0,32,2026-02-03 05:29:43.394898
SPNG,25.23,24.62,24.93,2450200.0,2327700.0,0,0,0,0,0,0,0,0,0,0,33,2026-02-03 05:29:44.428917
SMMR,25.06,24.9,25.06,2278300.0,2294900.0,0,0,0,0,0,0,0,0,0,0,33,2026-02-03 05:29:44.428917
ATMN,25.33,25.25,25.28,2388100.0,2173200.0,0,0,0,0,0,0,0,0,0,0,33,2026-02-03 05:29:44.428917
WNTR,24.85,24.98,25.03,2298800.0,2343500.0,0,0,0,0,0,0,0,0,0,0,33,2026-02-03 05:29:44.428917
SPNG,25.23,24.84,24.93,2452100.0,2327700.0,0,0,0,0,0,0,0,0,0,0,34,2026-02-03 05:29:45.463043
SMMR,24.95,24.89,24.9,2265700.0,2306900.0,0,0,0,0,0,0,0,0,0,0,34,2026-02-03 05:29:45.463043
ATMN,25.3,25.3,25.4,2387100.0,2164400.0,0,0,0,0,0,0,0,0,0,0,34,2026-02-03 05:29:45.463043
WNTR,24.84,24.84,25.04,2279600.0,2343700.0,0,0,0,0,0,0,0,0,0,0,34,2026-02-03 05:29:45.463043
SPNG,24.93,25.02,25.28,2465300.0,2325500.0,0,0,0,0,0,0,0,0,0,0,35,2026-02-03 05:29:46.492949
SMMR,24.9,25.03,25.06,2248400.0,2294900.0,0,0,0,0,0,0,0,0,0,0,35,2026-02-03 05:29:46.492949
ATMN,25.25,25.25,25.4,2388100.0,2193600.0,0,0,0,0,0,0,0,0,0,0,35,2026-02-03 05:29:46.492949
WNTR,24.88,24.88,25.04,2336500.0,2343700.0,0,0,0,0,0,0,0,0,0,0,35,2026-02-03 05:29:46.492949
SPNG,24.84,24.84,25.28,2452100.0,2325500.0,0,0,0,0,0,0,0,0,0,0,36,2026-02-03 05:29:47.522843
SMMR,24.9,25.03,25.06,2248400.0,2303600.0,0,0,0,0,0,0,0,0,0,0,36,2026-02-03 05:29:47.522843
ATMN,25.25,25.35,25.4,2384900.0,2225900.0,0,0,0,0,0,0,0,0,0,0,36,2026-02-03 05:29:47.522843
WNTR,25.05,24.84,24.88,2314700.0,2325800.0,0,0,0,0,0,0,0,0,0,0,36,2026-02-03 05:29:47.522843
SPNG,24.84,24.62,24.83,2458800.0,2313400.0,0,0,0,0,0,0,0,0,0,0,37,2026-02-03 05:29:48.047904
SMMR,24.9,25.04,25.06,2198600.0,2303600.0,0,0,0,0,0,0,0,0,0,0,37,2026-02-03 05:29:48.047904
ATMN,25.35,25.35,25.4,2384900.0,2225900.0,0,0,0,0,0,0,0,0,0,0,37,2026-02-03 05:29:48.047904
WNTR,24.83,24.83,24.85,2287200.0,2341800.0,0,0,0,0,0,0,0,0,0,0,37,2026-02-03 05:29:48.047904
SPNG,25.28,24.89,25.15,2480100.0,2321700.0,0,0,0,0,0,0,0,0,0,0,38,2026-02-03 05:29:49.072864
SMMR,25.03,24.89,24.98,2261800.0,2308500.0,0,0,0,0,0,0,0,0,0,0,38,2026-02-03 05:29:49.072864
ATMN,24.98,25.04,25.4,2472700.0,2225900.0,0,0,0,0,0,0,0,0,0,0,38,2026-02-03 05:29:49.072864
WNTR,24.83,24.83,24.85,2304200.0,2341800.0,0,0,0,0,0,0,0,0,0,0,38,2026-02-03 05:29:49.072864
SPNG,25.06,24.9,25.06,2492700.0,2323000.0,0,0,0,0,0,0,0,0,0,0,39,2026-02-03 05:29:50.101913
SMMR,24.88,24.88,24.98,2258100.0,2308500.0,0,0,0,0,0,0,0,0,0,0,39,2026-02-03 05:29:50.101913
ATMN,24.94,24.94,25.12,2457000.0,2241600.0,0,0,0,0,0,0,0,0,0,0,39,2026-02-03 05:29:50.101913
WNTR,24.85,24.83,24.85,2323700.0,2359800.0,0,0,0,0,0,0,0,0,0,0,39,2026-02-03 05:29:50.101913
SPNG,24.89,24.89,25.05,2480100.0,2326900.0,0,0,0,0,0,0,0,0,0,0,40,2026-02-03 05:29:51.125214
SMMR,25.12,25.04,25.12,2219400.0,2245600.0,0,0,0,0,0,0,0,0,0,0,40,2026-02-03 05:29:51.125214
ATMN,25.12,24.94,25.12,2434000.0,2241600.0,0,0,0,0,0,0,0,0,0,0,40,2026-02-03 05:29:51.125214
WNTR,24.83,24.83,24.85,2291500.0,2359800.0,0,0,0,0,0,0,0,0,0,0,40,2026-02-03 05:29:51.125214
SPNG,25.15,24.89,25.15,2480000.0,2314200.0,0,0,0,0,0,0,0,0,0,0,41,2026-02-03 05:29:52.151110
SMMR,25.12,25.04,25.05,2219400.0,2296300.0,0,0,0,0,0,0,0,0,0,0,41,2026-02-03 05:29:52.151110
ATMN,25.15,24.94,25.11,2420900.0,2249400.0,0,0,0,0,0,0,0,0,0,0,41,2026-02-03 05:29:52.151110
WNTR,24.8,24.8,24.93,2330600.0,2341200.0,0,0,0,0,0,0,0,0,0,0,41,2026-02-03 05:29:52.151110
SPNG,25.28,24.87,25.28,2456600.0,2307200.0,0,0,0,0,0,0,0,0,0,0,42,2026-02-03 05:29:53.185721
SMMR,25.04,24.93,24.98,2225200.0,2307200.0,0,0,0,0,0,0,0,0,0,0,42,2026-02-03 05:29:53.185721
ATMN,24.93,24.93,25.4,2443000.0,2214100.0,0,0,0,0,0,0,0,0,0,0,42,2026-02-03 05:29:53.185721
WNTR,24.8,24.86,24.89,2292500.0,2361600.0,0,0,0,0,0,0,0,0,0,0,42,2026-02-03 05:29:53.185721
SPNG,25.28,24.87,25.28,2456600.0,2295200.0,0,0,0,0,0,0,0,0,0,0,43,2026-02-03 05:29:54.229639
SMMR,25.05,25.09,25.12,2233900.0,2275200.0,0,0,0,0,0,0,0,0,0,0,43,2026-02-03 05:29:54.229639
ATMN,25.07,24.93,24.99,2420800.0,2254200.0,0,0,0,0,0,0,0,0,0,0,43,2026-02-03 05:29:54.229639
WNTR,24.88,24.88,24.89,2298400.0,2407300.0,0,0,0,0,0,0,0,0,0,0,43,2026-02-03 05:29:54.229639
SPNG,24.62,25.05,25.19,2486000.0,2305300.0,0,0,0,0,0,0,0,0,0,0,44,2026-02-03 05:29:55.272807
SMMR,25.12,25.05,25.12,2259500.0,2282600.0,0,0,0,0,0,0,0,0,0,0,44,2026-02-03 05:29:55.272807
ATMN,24.99,25.14,25.3,2356100.0,2245800.0,0,0,0,0,0,0,0,0,0,0,44,2026-02-03 05:29:55.272807
WNTR,24.86,24.8,24.83,2275200.0,2404900.0,0,0,0,0,0,0,0,0,0,0,44,2026-02-03 05:29:55.272807
SPNG,25.05,25.05,25.19,2486000.0,2299100.0,0,0,0,0,0,0,0,0,0,0,45,2026-02-03 05:29:56.310593
SMMR,24.98,24.98,25.12,2244300.0,2288900.0,0,0,0,0,0,0,0,0,0,0,45,2026-02-03 05:29:56.310593
ATMN,25.41,24.93,25.41,2396600.0,2221700.0,0,0,0,0,0,0,0,0,0,0,45,2026-02-03 05:29:56.310593
WNTR,24.96,24.8,24.96,2277700.0,2387600.0,0,0,0,0,0,0,0,0,0,0,45,2026-02-03 05:29:56.310593
SPNG,25.19,25.24,25.28,2455000.0,2284700.0,0,0,0,0,0,0,0,0,0,0,46,2026-02-03 05:29:57.354147
SMMR,25.14,24.98,25.01,2244300.0,2246500.0,0,0,0,0,0,0,0,0,0,0,46,2026-02-03 05:29:57.354147
ATMN,24.88,24.88,25.41,2395100.0,2221700.0,0,0,0,0,0,0,0,0,0,0,46,2026-02-03 05:29:57.354147
WNTR,24.97,24.79,24.97,2266200.0,2350100.0,0,0,0,0,0,0,0,0,0,0,46,2026-02-03 05:29:57.354147
SPNG,25.28,24.61,25.28,2461600.0,2301600.0,0,0,0,0,0,0,0,0,0,0,47,2026-02-03 05:29:58.397382
SMMR,24.97,24.97,25.01,2256300.0,2243000.0,0,0,0,0,0,0,0,0,0,0,47,2026-02-03 05:29:58.397382
ATMN,25.05,25.05,25.41,2391900.0,2241100.0,0,0,0,0,0,0,0,0,0,0,47,2026-02-03 05:29:58.397382
WNTR,24.78,24.78,24.93,2289000.0,2408200.0,0,0,0,0,0,0,0,0,0,0,47,2026-02-03 05:29:58.397382
SPNG,25.28,25.18,25.24,2488200.0,2309600.0,0,0,0,0,0,0,0,0,0,0,48,2026-02-03 05:29:59.427330
SMMR,25.02,24.97,25.02,2256300.0,2253900.0,0,0,0,0,0,0,0,0,0,0,48,2026-02-03 05:29:59.427330
ATMN,25.05,25.05,25.2,2405700.0,2236300.0,0,0,0,0,0,0,0,0,0,0,48,2026-02-03 05:29:59.427330
WNTR,24.77,24.77,24.85,2284800.0,2387300.0,0,0,0,0,0,0,0,0,0,0,48,2026-02-03 05:29:59.427330
SPNG,25.18,24.61,25.02,2461600.0,2318000.0,0,0,0,0,0,0,0,0,0,0,49,2026-02-03 05:30:00.453513
SMMR,25.05,25.02,25.05,2248900.0,2267300.0,0,0,0,0,0,0,0,0,0,0,49,2026-02-03 05:30:00.453513
ATMN,25.21,25.0,25.21,2388100.0,2235400.0,0,0,0,0,0,0,0,0,0,0,49,2026-02-03 05:30:00.453513
WNTR,24.77,24.77,24.78,2259300.0,2364200.0,0,0,0,0,0,0,0,0,0,0,49,2026-02-03 05:30:00.453513
SPNG,25.24,24.97,25.17,2457300.0,2308500.0,0,0,0,0,0,0,0,0,0,0,50,2026-02-03 05:30:01.484847
SMMR,25.02,24.97,24.98,2268200.0,2259100.0,0,0,0,0,0,0,0,0,0,0,50,2026-02-03 05:30:01.484847
ATMN,24.99,24.99,25.13,2384700.0,2248200.0,0,0,0,0,0,0,0,0,0,0,50,2026-02-03 05:30:01.484847
WNTR,24.78,24.77,24.78,2222100.0,2364200.0,0,0,0,0,0,0,0,0,0,0,50,2026-02-03 05:30:01.484847
SPNG,25.17,24.97,25.17,2424200.0,2309600.0,0,0,0,0,0,0,0,0,0,0,51,2026-02-03 05:30:02.508189
SMMR,24.98,24.96,24.98,2265700.0,2259100.0,0,0,0,0,0,0,0,0,0,0,51,2026-02-03 05:30:02.508189
ATMN,25.13,24.85,25.13,2420500.0,2248200.0,0,0,0,0,0,0,0,0,0,0,51,2026-02-03 05:30:02.508189
WNTR,24.77,24.77,24.85,2228400.0,2342600.0,0,0,0,0,0,0,0,0,0,0,51,2026-02-03 05:30:02.508189
SPNG,25.29,24.97,25.29,2424200.0,2326400.0,0,0,0,0,0,0,0,0,0,0,52,2026-02-03 05:30:03.535980
SMMR,25.01,24.99,25.01,2250600.0,2286800.0,0,0,0,0,0,0,0,0,0,0,52,2026-02-03 05:30:03.535980
ATMN,25.17,24.85,24.97,2420500.0,2246600.0,0,0,0,0,0,0,0,0,0,0,52,2026-02-03 05:30:03.535980
WNTR,24.77,24.77,24.85,2239700.0,2342600.0,0,0,0,0,0,0,0,0,0,0,52,2026-02-03 05:30:03.535980
SPNG,25.29,24.97,25.09,2424200.0,2316000.0,0,0,0,0,0,0,0,0,0,0,53,2026-02-03 05:30:04.561668
SMMR,25.05,25.11,25.14,2253600.0,2274000.0,0,0,0,0,0,0,0,0,0,0,53,2026-02-03 05:30:04.561668
ATMN,25.27,24.81,25.27,2451800.0,2248000.0,0,0,0,0,0,0,0,0,0,0,53,2026-02-03 05:30:04.561668
WNTR,24.77,24.77,24.79,2238800.0,2371700.0,0,0,0,0,0,0,0,0,0,0,53,2026-02-03 05:30:04.561668
SPNG,25.09,24.97,25.09,2437100.0,2316000.0,0,0,0,0,0,0,0,0,0,0,54,2026-02-03 05:30:05.585669
SMMR,24.96,25.08,25.14,2230400.0,2255700.0,0,0,0,0,0,0,0,0,0,0,54,2026-02-03 05:30:05.585669
ATMN,25.41,25.04,25.41,2425300.0,2246100.0,0,0,0,0,0,0,0,0,0,0,54,2026-02-03 05:30:05.585669
WNTR,24.75,24.75,24.8,2228900.0,2330500.0,0,0,0,0,0,0,0,0,0,0,54,2026-02-03 05:30:05.585669
SPNG,24.97,24.97,24.98,2445300.0,2349600.0,0,0,0,0,0,0,0,0,0,0,55,2026-02-03 05:30:06.612091
SMMR,24.96,25.08,25.12,2245800.0,2249900.0,0,0,0,0,0,0,0,0,0,0,55,2026-02-03 05:30:06.612091
ATMN,25.33,24.81,25.33,2427500.0,2239900.0,0,0,0,0,0,0,0,0,0,0,55,2026-02-03 05:30:06.612091
WNTR,24.75,24.75,24.8,2229400.0,2361100.0,0,0,0,0,0,0,0,0,0,0,55,2026-02-03 05:30:06.612091
SPNG,24.97,24.97,24.98,2503500.0,2349600.0,0,0,0,0,0,0,0,0,0,0,56,2026-02-03 05:30:07.638508
SMMR,25.08,24.96,25.01,2257200.0,2271900.0,0,0,0,0,0,0,0,0,0,0,56,2026-02-03 05:30:07.638508
ATMN,25.33,25.02,25.06,2429900.0,2277000.0,0,0,0,0,0,0,0,0,0,0,56,2026-02-03 05:30:07.638508
WNTR,24.85,24.75,24.85,2207700.0,2339300.0,0,0,0,0,0,0,0,0,0,0,56,2026-02-03 05:30:07.638508
SPNG,25.28,24.97,25.28,2503500.0,2339800.0,0,0,0,0,0,0,0,0,0,0,57,2026-02-03 05:30:08.664849
SMMR,25.15,24.96,25.15,2257200.0,2255700.0,0,0,0,0,0,0,0,0,0,0,57,2026-02-03 05:30:08.664849
ATMN,25.42,25.02,25.42,2429900.0,2246200.0,0,0,0,0,0,0,0,0,0,0,57,2026-02-03 05:30:08.664849
WNTR,24.75,24.75,24.85,2199600.0,2339300.0,0,0,0,0,0,0,0,0,0,0,57,2026-02-03 05:30:08.664849
SPNG,25.2,25.2,25.28,2516600.0,2339800.0,0,0,0,0,0,0,0,0,0,0,58,2026-02-03 05:30:09.195941
SMMR,25.15,24.96,25.05,2257200.0,2277400.0,0,0,0,0,0,0,0,0,0,0,58,2026-02-03 05:30:09.195941
ATMN,25.42,25.2,25.25,2440700.0,2222900.0,0,0,0,0,0,0,0,0,0,0,58,2026-02-03 05:30:09.195941
WNTR,24.75,24.77,24.85,2193100.0,2354600.0,0,0,0,0,0,0,0,0,0,0,58,2026-02-03 05:30:09.195941
SPNG,25.29,24.83,25.29,2472600.0,2330700.0,0,0,0,0,0,0,0,0,0,0,59,2026-02-03 05:30:10.225946
SMMR,25.15,25.09,25.15,2274800.0,2255700.0,0,0,0,0,0,0,0,0,0,0,59,2026-02-03 05:30:10.225946
ATMN,25.02,25.02,25.42,2429900.0,2246200.0,0,0,0,0,0,0,0,0,0,0,59,2026-02-03 05:30:10.225946
WNTR,24.77,24.78,24.85,2180300.0,2354600.0,0,0,0,0,0,0,0,0,0,0,59,2026-02-03 05:30:10.225946
SPNG,24.83,26.34,0.0,200000.0,0,0,0,0,0,0,0,0,0,0,0,60,2026-02-03 05:30:11.309931
SMMR,25.15,24.32,0.0,200000.0,0,0,0,0,0,0,0,0,0,0,0,60,2026-02-03 05:30:11.309931
ATMN,24.99,24.13,0.0,200000.0,0,0,0,0,0,0,0,0,0,0,0,60,2026-02-03 05:30:11.309931
WNTR,24.78,25.31,0.0,200000.0,0,0,0,0,0,0,0,0,0,0,0,60,2026-02-03 05:30:11.309931
SPNG,26.34,26.41,27.11,913700.0,846300.0,0,0,0,0,0,0,0,0,0,0,61,2026-02-03 05:30:12.359978
SMMR,25.15,24.5,24.55,1023200.0,1044100.0,0,0,0,0,0,0,0,0,0,0,61,2026-02-03 05:30:12.359978
ATMN,24.13,24.13,24.16,1091500.0,994300.0,0,0,0,0,0,0,0,0,0,0,61,2026-02-03 05:30:12.359978
WNTR,25.31,25.31,25.42,949700.0,860000.0,0,0,0,0,0,0,0,0,0,0,61,2026-02-03 05:30:12.359978
SPNG,26.41,26.34,26.38,940900.0,1144900.0,0,0,0,0,0,0,0,0,0,0,62,2026-02-03 05:30:13.403777
SMMR,24.5,24.5,24.55,1023200.0,1245500.0,0,0,0,0,0,0,0,0,0,0,62,2026-02-03 05:30:13.403777
ATMN,24.13,24.13,24.16,1225800.0,994300.0,0,0,0,0,0,0,0,0,0,0,62,2026-02-03 05:30:13.403777
WNTR,25.31,24.96,25.27,952100.0,1312400.0,0,0,0,0,0,0,0,0,0,0,62,2026-02-03 05:30:13.403777
SPNG,26.41,26.34,26.38,1096600.0,1330700.0,0,0,0,0,0,0,0,0,0,0,63,2026-02-03 05:30:14.436165
SMMR,24.5,24.34,24.42,1010500.0,1487400.0,0,0,0,0,0,0,0,0,0,0,63,2026-02-03 05:30:14.436165
ATMN,24.53,24.13,24.22,1361400.0,998100.0,0,0,0,0,0,0,0,0,0,0,63,2026-02-03 05:30:14.436165
WNTR,25.31,25.24,25.27,1168500.0,1417700.0,0,0,0,0,0,0,0,0,0,0,63,2026-02-03 05:30:14.436165
SPNG,26.34,24.84,26.34,1141300.0,1585600.0,0,0,0,0,0,0,0,0,0,0,64,2026-02-03 05:30:15.464177
SMMR,24.48,24.32,24.48,905200.0,1637900.0,0,0,0,0,0,0,0,0,0,0,64,2026-02-03 05:30:15.464177
ATMN,24.53,24.63,24.9,1363200.0,955900.0,0,0,0,0,0,0,0,0,0,0,64,2026-02-03 05:30:15.464177
WNTR,25.27,25.24,25.27,1168500.0,1504000.0,0,0,0,0,0,0,0,0,0,0,64,2026-02-03 05:30:15.464177
SPNG,26.34,26.02,26.34,1565600.0,1585600.0,0,0,0,0,0,0,0,0,0,0,65,2026-02-03 05:30:16.493877
SMMR,24.32,24.32,24.48,913500.0,1749900.0,0,0,0,0,0,0,0,0,0,0,65,2026-02-03 05:30:16.493877
ATMN,23.84,24.37,24.53,1248300.0,1089000.0,0,0,0,0,0,0,0,0,0,0,65,2026-02-03 05:30:16.493877
WNTR,25.4,25.24,25.4,1168500.0,1270400.0,0,0,0,0,0,0,0,0,0,0,65,2026-02-03 05:30:16.493877
SPNG,26.38,26.02,26.38,1830600.0,1460200.0,0,0,0,0,0,0,0,0,0,0,66,2026-02-03 05:30:17.520746
SMMR,24.32,24.32,24.41,913500.0,2103200.0,0,0,0,0,0,0,0,0,0,0,66,2026-02-03 05:30:17.520746
ATMN,24.37,23.84,24.26,1127100.0,1433700.0,0,0,0,0,0,0,0,0,0,0,66,2026-02-03 05:30:17.520746
WNTR,25.3,25.3,25.4,1293700.0,1270400.0,0,0,0,0,0,0,0,0,0,0,66,2026-02-03 05:30:17.520746
SPNG,26.59,26.36,26.59,1926200.0,1352700.0,0,0,0,0,0,0,0,0,0,0,67,2026-02-03 05:30:18.547126
SMMR,24.32,24.32,24.33,913500.0,2351400.0,0,0,0,0,0,0,0,0,0,0,67,2026-02-03 05:30:18.547126
ATMN,24.26,23.84,23.99,1264600.0,1679400.0,0,0,0,0,0,0,0,0,0,0,67,2026-02-03 05:30:18.547126
WNTR,25.3,25.3,25.4,1425800.0,1594200.0,0,0,0,0,0,0,0,0,0,0,67,2026-02-03 05:30:18.547126
SPNG,26.36,26.02,26.05,1830600.0,1716400.0,0,0,0,0,0,0,0,0,0,0,68,2026-02-03 05:30:19.574692
SMMR,24.41,24.32,24.41,1033500.0,2228400.0,0,0,0,0,0,0,0,0,0,0,68,2026-02-03 05:30:19.574692
ATMN,24.26,23.95,23.99,1655800.0,1679400.0,0,0,0,0,0,0,0,0,0,0,68,2026-02-03 05:30:19.574692
WNTR,25.15,25.15,25.28,1276800.0,1687100.0,0,0,0,0,0,0,0,0,0,0,68,2026-02-03 05:30:19.574692
SPNG,26.05,26.15,26.5,2056400.0,1680700.0,0,0,0,0,0,0,0,0,0,0,69,2026-02-03 05:30:20.603323
SMMR,24.41,24.36,24.41,1131300.0,2388000.0,0,0,0,0,0,0,0,0,0,0,69,2026-02-03 05:30:20.603323
ATMN,23.99,24.0,24.26,1910600.0,1552100.0,0,0,0,0,0,0,0,0,0,0,69,2026-02-03 05:30:20.603323
WNTR,25.15,25.15,25.21,1513400.0,1805300.0,0,0,0,0,0,0,0,0,0,0,69,2026-02-03 05:30:20.603323
SPNG,26.05,26.46,26.5,2150500.0,2016800.0,0,0,0,0,0,0,0,0,0,0,70,2026-02-03 05:30:21.633209
SMMR,24.36,24.32,24.33,1252500.0,2360300.0,0,0,0,0,0,0,0,0,0,0,70,2026-02-03 05:30:21.633209
ATMN,23.99,24.02,24.14,2010500.0,1807100.0,0,0,0,0,0,0,0,0,0,0,70,2026-02-03 05:30:21.633209
WNTR,25.15,25.17,25.21,1839100.0,1919500.0,0,0,0,0,0,0,0,0,0,0,70,2026-02-03 05:30:21.633209
SPNG,26.15,26.44,26.5,2178600.0,2064200.0,0,0,0,0,0,0,0,0,0,0,71,2026-02-03 05:30:22.660273
SMMR,24.4,24.32,24.34,1145700.0,2330200.0,0,0,0,0,0,0,0,0,0,0,71,2026-02-03 05:30:22.660273
ATMN,23.95,23.95,24.14,2033600.0,1807100.0,0,0,0,0,0,0,0,0,0,0,71,2026-02-03 05:30:22.660273
WNTR,25.21,25.17,25.19,1961300.0,2026400.0,0,0,0,0,0,0,0,0,0,0,71,2026-02-03 05:30:22.660273
SPNG,26.48,26.15,26.48,2056400.0,2120200.0,0,0,0,0,0,0,0,0,0,0,72,2026-02-03 05:30:23.687616
SMMR,24.32,24.32,24.39,1151200.0,2356300.0,0,0,0,0,0,0,0,0,0,0,72,2026-02-03 05:30:23.687616
ATMN,24.14,24.25,24.26,2274900.0,1863500.0,0,0,0,0,0,0,0,0,0,0,72,2026-02-03 05:30:23.687616
WNTR,25.21,25.17,25.21,2220700.0,1801300.0,0,0,0,0,0,0,0,0,0,0,72,2026-02-03 05:30:23.687616
SPNG,26.51,26.15,26.51,2186300.0,2100700.0,0,0,0,0,0,0,0,0,0,0,73,2026-02-03 05:30:24.717587
SMMR,24.32,24.32,24.36,1151200.0,2390100.0,0,0,0,0,0,0,0,0,0,0,73,2026-02-03 05:30:24.717587
ATMN,24.03,24.09,24.26,2296500.0,1970500.0,0,0,0,0,0,0,0,0,0,0,73,2026-02-03 05:30:24.717587
WNTR,25.28,25.32,25.4,2332800.0,1694300.0,0,0,0,0,0,0,0,0,0,0,73,2026-02-03 05:30:24.717587
SPNG,26.14,26.27,26.51,2195100.0,2159600.0,0,0,0,0,0,0,0,0,0,0,74,2026-02-03 05:30:25.750817
SMMR,24.37,24.32,24.37,1265800.0,2358900.0,0,0,0,0,0,0,0,0,0,0,74,2026-02-03 05:30:25.750817
ATMN,24.17,23.95,24.17,2033600.0,2210300.0,0,0,0,0,0,0,0,0,0,0,74,2026-02-03 05:30:25.750817
WNTR,25.4,25.34,25.4,2296700.0,1717900.0,0,0,0,0,0,0,0,0,0,0,74,2026-02-03 05:30:25.750817
SPNG,26.27,26.27,26.51,2293900.0,2159600.0,0,0,0,0,0,0,0,0,0,0,75,2026-02-03 05:30:26.277331
SMMR,24.39,24.32,24.33,1265800.0,2333400.0,0,0,0,0,0,0,0,0,0,0,75,2026-02-03 05:30:26.277331
ATMN,23.91,23.91,24.17,2035800.0,2210300.0,0,0,0,0,0,0,0,0,0,0,75,2026-02-03 05:30:26.277331
WNTR,25.4,25.34,25.39,2296700.0,1976200.0,0,0,0,0,0,0,0,0,0,0,75,2026-02-03 05:30:26.277331
SPNG,26.54,26.14,26.54,2160700.0,2107100.0,0,0,0,0,0,0,0,0,0,0,76,2026-02-03 05:30:27.301270
SMMR,24.39,24.32,24.33,1536500.0,2350300.0,0,0,0,0,0,0,0,0,0,0,76,2026-02-03 05:30:27.301270
ATMN,23.84,23.88,24.17,1944600.0,2210300.0,0,0,0,0,0,0,0,0,0,0,76,2026-02-03 05:30:27.301270
WNTR,25.32,25.32,25.39,2332800.0,2245500.0,0,0,0,0,0,0,0,0,0,0,76,2026-02-03 05:30:27.301270
SPNG,26.51,26.51,26.61,2274700.0,2101500.0,0,0,0,0,0,0,0,0,0,0,77,2026-02-03 05:30:28.327953
SMMR,24.33,24.32,24.33,1773000.0,2350300.0,0,0,0,0,0,0,0,0,0,0,77,2026-02-03 05:30:28.327953
ATMN,23.88,23.88,24.34,2049900.0,1969400.0,0,0,0,0,0,0,0,0,0,0,77,2026-02-03 05:30:28.327953
WNTR,25.32,25.17,25.24,2319600.0,2286600.0,0,0,0,0,0,0,0,0,0,0,77,2026-02-03 05:30:28.327953
SPNG,26.51,26.51,26.61,2274700.0,2139700.0,0,0,0,0,0,0,0,0,0,0,78,2026-02-03 05:30:29.359095
SMMR,24.47,24.32,24.43,1898300.0,2367800.0,0,0,0,0,0,0,0,0,0,0,78,2026-02-03 05:30:29.359095
ATMN,24.14,24.14,24.4,2166900.0,1949400.0,0,0,0,0,0,0,0,0,0,0,78,2026-02-03 05:30:29.359095
WNTR,25.36,25.17,25.22,2296300.0,2292800.0,0,0,0,0,0,0,0,0,0,0,78,2026-02-03 05:30:29.359095
SPNG,26.61,26.02,26.61,2186300.0,2139700.0,0,0,0,0,0,0,0,0,0,0,79,2026-02-03 05:30:30.397374
SMMR,24.47,24.32,24.43,2240700.0,2367800.0,0,0,0,0,0,0,0,0,0,0,79,2026-02-03 05:30:30.397374
ATMN,24.2,24.2,24.4,1915800.0,2079300.0,0,0,0,0,0,0,0,0,0,0,79,2026-02-03 05:30:30.397374
WNTR,25.28,25.17,25.28,2318200.0,2286100.0,0,0,0,0,0,0,0,0,0,0,79,2026-02-03 05:30:30.397374
SPNG,26.02,26.4,26.61,2319600.0,2140700.0,0,0,0,0,0,0,0,0,0,0,80,2026-02-03 05:30:31.438013
SMMR,24.47,24.36,24.47,2270000.0,2353000.0,0,0,0,0,0,0,0,0,0,0,80,2026-02-03 05:30:31.438013
ATMN,24.2,24.2,24.4,1915800.0,2235300.0,0,0,0,0,0,0,0,0,0,0,80,2026-02-03 05:30:31.438013
WNTR,25.28,25.17,25.18,2332000.0,2302500.0,0,0,0,0,0,0,0,0,0,0,80,2026-02-03 05:30:31.438013
SPNG,26.4,26.02,26.18,2186300.0,2155800.0,0,0,0,0,0,0,0,0,0,0,81,2026-02-03 05:30:32.478608
SMMR,24.36,24.36,24.47,2399900.0,2335800.0,0,0,0,0,0,0,0,0,0,0,81,2026-02-03 05:30:32.478608
ATMN,24.4,24.4,24.41,2002600.0,2179400.0,0,0,0,0,0,0,0,0,0,0,81,2026-02-03 05:30:32.478608
WNTR,25.17,25.17,25.18,2319200.0,2321600.0,0,0,0,0,0,0,0,0,0,0,81,2026-02-03 05:30:32.478608
SPNG,26.61,26.02,26.61,2439200.0,2145800.0,0,0,0,0,0,0,0,0,0,0,82,2026-02-03 05:30:33.519901
SMMR,24.3,24.3,24.44,2152000.0,2360000.0,0,0,0,0,0,0,0,0,0,0,82,2026-02-03 05:30:33.519901
ATMN,24.04,24.04,24.41,1896500.0,2210400.0,0,0,0,0,0,0,0,0,0,0,82,2026-02-03 05:30:33.519901
WNTR,25.17,25.17,25.18,2317700.0,2318700.0,0,0,0,0,0,0,0,0,0,0,82,2026-02-03 05:30:33.519901
SPNG,26.61,26.02,26.34,2455300.0,2156200.0,0,0,0,0,0,0,0,0,0,0,83,2026-02-03 05:30:34.553174
SMMR,24.44,24.43,24.44,2359200.0,2329300.0,0,0,0,0,0,0,0,0,0,0,83,2026-02-03 05:30:34.553174
ATMN,24.41,24.11,24.41,2032000.0,2276900.0,0,0,0,0,0,0,0,0,0,0,83,2026-02-03 05:30:34.553174
WNTR,25.29,25.16,25.29,2290900.0,2317400.0,0,0,0,0,0,0,0,0,0,0,83,2026-02-03 05:30:34.553174
SPNG,26.61,26.27,26.34,2423300.0,2167100.0,0,0,0,0,0,0,0,0,0,0,84,2026-02-03 05:30:35.582688
SMMR,24.3,24.3,24.44,2152000.0,2345300.0,0,0,0,0,0,0,0,0,0,0,84,2026-02-03 05:30:35.582688
ATMN,24.44,24.11,24.44,2287000.0,2252100.0,0,0,0,0,0,0,0,0,0,0,84,2026-02-03 05:30:35.582688
WNTR,25.29,25.17,25.29,2276900.0,2317400.0,0,0,0,0,0,0,0,0,0,0,84,2026-02-03 05:30:35.582688
SPNG,26.36,26.27,26.36,2423300.0,2191700.0,0,0,0,0,0,0,0,0,0,0,85,2026-02-03 05:30:36.622135
SMMR,24.45,24.29,24.45,2132600.0,2338900.0,0,0,0,0,0,0,0,0,0,0,85,2026-02-03 05:30:36.622135
ATMN,24.04,24.15,24.44,2260500.0,2264800.0,0,0,0,0,0,0,0,0,0,0,85,2026-02-03 05:30:36.622135
WNTR,25.14,25.14,25.36,2236000.0,2322900.0,0,0,0,0,0,0,0,0,0,0,85,2026-02-03 05:30:36.622135
SPNG,26.15,26.15,26.36,2460700.0,2191700.0,0,0,0,0,0,0,0,0,0,0,86,2026-02-03 05:30:37.662057
SMMR,24.29,24.43,24.45,2143000.0,2326700.0,0,0,0,0,0,0,0,0,0,0,86,2026-02-03 05:30:37.662057
ATMN,24.47,24.19,24.47,2359500.0,2262000.0,0,0,0,0,0,0,0,0,0,0,86,2026-02-03 05:30:37.662057
WNTR,25.36,25.35,25.36,2262900.0,2294600.0,0,0,0,0,0,0,0,0,0,0,86,2026-02-03 05:30:37.662057
SPNG,26.17,26.15,26.17,2460700.0,2239700.0,0,0,0,0,0,0,0,0,0,0,87,2026-02-03 05:30:38.699052
SMMR,24.25,24.25,24.45,2029600.0,2344400.0,0,0,0,0,0,0,0,0,0,0,87,2026-02-03 05:30:38.699052
ATMN,24.47,24.2,24.3,2497900.0,2274400.0,0,0,0,0,0,0,0,0,0,0,87,2026-02-03 05:30:38.699052
WNTR,25.35,25.18,25.32,2268300.0,2304300.0,0,0,0,0,0,0,0,0,0,0,87,2026-02-03 05:30:38.699052
SPNG,26.63,26.15,26.63,2416700.0,2154600.0,0,0,0,0,0,0,0,0,0,0,88,2026-02-03 05:30:39.736335
SMMR,24.25,24.25,24.36,2029600.0,2389700.0,0,0,0,0,0,0,0,0,0,0,88,2026-02-03 05:30:39.736335
ATMN,24.3,24.37,24.47,2600300.0,2253300.0,0,0,0,0,0,0,0,0,0,0,88,2026-02-03 05:30:39.736335
WNTR,25.36,25.29,25.36,2294700.0,2294600.0,0,0,0,0,0,0,0,0,0,0,88,2026-02-03 05:30:39.736335
SPNG,26.63,26.15,26.6,2416700.0,2201800.0,0,0,0,0,0,0,0,0,0,0,89,2026-02-03 05:30:40.775777
SMMR,24.2,24.2,24.36,1795300.0,2396200.0,0,0,0,0,0,0,0,0,0,0,89,2026-02-03 05:30:40.775777
ATMN,24.53,24.2,24.53,2563400.0,2232200.0,0,0,0,0,0,0,0,0,0,0,89,2026-02-03 05:30:40.775777
WNTR,25.18,25.18,25.19,2305300.0,2303300.0,0,0,0,0,0,0,0,0,0,0,89,2026-02-03 05:30:40.775777
SPNG,26.02,26.02,26.6,2438100.0,2198600.0,0,0,0,0,0,0,0,0,0,0,90,2026-02-03 05:30:41.814920
SMMR,24.47,24.19,24.47,1670000.0,2278300.0,0,0,0,0,0,0,0,0,0,0,90,2026-02-03 05:30:41.814920
ATMN,24.53,24.35,24.48,2555100.0,2246500.0,0,0,0,0,0,0,0,0,0,0,90,2026-02-03 05:30:41.814920
WNTR,25.16,25.16,25.19,2296400.0,2299700.0,0,0,0,0,0,0,0,0,0,0,90,2026-02-03 05:30:41.814920
SPNG,26.49,26.02,26.35,2438100.0,2212200.0,0,0,0,0,0,0,0,0,0,0,91,2026-02-03 05:30:42.346558
SMMR,24.48,24.37,24.48,1670500.0,2299500.0,0,0,0,0,0,0,0,0,0,0,91,2026-02-03 05:30:42.346558
ATMN,24.48,24.35,24.48,2545300.0,2252800.0,0,0,0,0,0,0,0,0,0,0,91,2026-02-03 05:30:42.346558
WNTR,25.36,25.31,25.36,2297300.0,2269200.0,0,0,0,0,0,0,0,0,0,0,91,2026-02-03 05:30:42.346558
SPNG,26.45,26.02,26.4,2394100.0,2203000.0,0,0,0,0,0,0,0,0,0,0,92,2026-02-03 05:30:43.379579
SMMR,24.48,24.37,24.48,1670500.0,2312700.0,0,0,0,0,0,0,0,0,0,0,92,2026-02-03 05:30:43.379579
ATMN,24.35,24.35,24.48,2545300.0,2245000.0,0,0,0,0,0,0,0,0,0,0,92,2026-02-03 05:30:43.379579
WNTR,25.16,25.16,25.33,2290700.0,2266000.0,0,0,0,0,0,0,0,0,0,0,92,2026-02-03 05:30:43.379579
SPNG,26.6,26.02,26.6,2394100.0,2198600.0,0,0,0,0,0,0,0,0,0,0,93,2026-02-03 05:30:44.410432
SMMR,24.18,24.19,24.48,1577400.0,2312700.0,0,0,0,0,0,0,0,0,0,0,93,2026-02-03 05:30:44.410432
ATMN,24.22,24.22,24.48,2469800.0,2249100.0,0,0,0,0,0,0,0,0,0,0,93,2026-02-03 05:30:44.410432
WNTR,25.29,25.3,25.33,2270300.0,2284900.0,0,0,0,0,0,0,0,0,0,0,93,2026-02-03 05:30:44.410432
SPNG,26.01,26.01,26.6,2452000.0,2207200.0,0,0,0,0,0,0,0,0,0,0,94,2026-02-03 05:30:45.440452
SMMR,24.18,24.18,24.44,1442400.0,2361600.0,0,0,0,0,0,0,0,0,0,0,94,2026-02-03 05:30:45.440452
ATMN,24.19,24.19,24.48,2479400.0,2294100.0,0,0,0,0,0,0,0,0,0,0,94,2026-02-03 05:30:45.440452
WNTR,25.28,25.28,25.33,2243000.0,2277600.0,0,0,0,0,0,0,0,0,0,0,94,2026-02-03 05:30:45.440452
SPNG,26.04,26.01,26.04,2439500.0,2205300.0,0,0,0,0,0,0,0,0,0,0,95,2026-02-03 05:30:46.472001
SMMR,24.36,24.19,24.33,1684700.0,2383100.0,0,0,0,0,0,0,0,0,0,0,95,2026-02-03 05:30:46.472001
ATMN,24.19,24.46,24.48,2472000.0,2331900.0,0,0,0,0,0,0,0,0,0,0,95,2026-02-03 05:30:46.472001
WNTR,25.15,25.15,25.33,2294600.0,2284100.0,0,0,0,0,0,0,0,0,0,0,95,2026-02-03 05:30:46.472001
SPNG,26.2,26.15,26.2,2394500.0,2197700.0,0,0,0,0,0,0,0,0,0,0,96,2026-02-03 05:30:47.513289
SMMR,24.36,24.21,24.32,1813100.0,2367500.0,0,0,0,0,0,0,0,0,0,0,96,2026-02-03 05:30:47.513289
ATMN,24.46,24.21,24.43,2502300.0,2294600.0,0,0,0,0,0,0,0,0,0,0,96,2026-02-03 05:30:47.513289
WNTR,25.34,25.25,25.34,2236300.0,2261600.0,0,0,0,0,0,0,0,0,0,0,96,2026-02-03 05:30:47.513289
SPNG,26.62,26.15,26.62,2378900.0,2180900.0,0,0,0,0,0,0,0,0,0,0,97,2026-02-03 05:30:48.597676
SMMR,24.21,24.21,24.33,1935600.0,2383100.0,0,0,0,0,0,0,0,0,0,0,97,2026-02-03 05:30:48.597676
ATMN,24.21,24.21,24.23,2502300.0,2309400.0,0,0,0,0,0,0,0,0,0,0,97,2026-02-03 05:30:48.597676
WNTR,25.39,25.35,25.39,2223200.0,2296200.0,0,0,0,0,0,0,0,0,0,0,97,2026-02-03 05:30:48.597676
SPNG,26.62,26.15,26.62,2378900.0,2180900.0,0,0,0,0,0,0,0,0,0,0,98,2026-02-03 05:30:49.638043
SMMR,24.33,24.41,24.44,2167700.0,2351700.0,0,0,0,0,0,0,0,0,0,0,98,2026-02-03 05:30:49.638043
ATMN,24.43,24.21,24.43,2436500.0,2282800.0,0,0,0,0,0,0,0,0,0,0,98,2026-02-03 05:30:49.638043
WNTR,25.35,25.25,25.3,2214000.0,2266800.0,0,0,0,0,0,0,0,0,0,0,98,2026-02-03 05:30:49.638043
SPNG,26.63,25.98,26.63,2408200.0,2184100.0,0,0,0,0,0,0,0,0,0,0,99,2026-02-03 05:30:50.680751
SMMR,24.33,24.41,24.44,2167700.0,2297100.0,0,0,0,0,0,0,0,0,0,0,99,2026-02-03 05:30:50.680751
ATMN,24.56,24.21,24.56,2436500.0,2296700.0,0,0,0,0,0,0,0,0,0,0,99,2026-02-03 05:30:50.680751
WNTR,25.25,25.25,25.39,2179200.0,2271200.0,0,0,0,0,0,0,0,0,0,0,99,2026-02-03 05:30:50.680751
SPNG,26.5,25.98,26.5,2408200.0,2210900.0,0,0,0,0,0,0,0,0,0,0,100,2026-02-03 05:30:51.713744
SMMR,24.19,24.19,24.44,1807200.0,2297100.0,0,0,0,0,0,0,0,0,0,0,100,2026-02-03 05:30:51.713744
ATMN,24.52,24.21,24.42,2436500.0,2319100.0,0,0,0,0,0,0,0,0,0,0,100,2026-02-03 05:30:51.713744
WNTR,25.34,25.34,25.4,2154200.0,2242800.0,0,0,0,0,0,0,0,0,0,0,100,2026-02-03 05:30:51.713744
SPNG,26.28,26.29,26.5,2388300.0,2210900.0,0,0,0,0,0,0,0,0,0,0,101,2026-02-03 05:30:52.741745
SMMR,24.19,24.19,24.29,2047600.0,2276200.0,0,0,0,0,0,0,0,0,0,0,101,2026-02-03 05:30:52.741745
ATMN,24.21,24.21,24.49,2436500.0,2306500.0,0,0,0,0,0,0,0,0,0,0,101,2026-02-03 05:30:52.741745
WNTR,25.35,25.35,25.4,2147100.0,2293600.0,0,0,0,0,0,0,0,0,0,0,101,2026-02-03 05:30:52.741745
SPNG,26.28,26.29,26.37,2388300.0,2233300.0,0,0,0,0,0,0,0,0,0,0,102,2026-02-03 05:30:53.772935
SMMR,24.2,24.24,24.44,2276800.0,2297100.0,0,0,0,0,0,0,0,0,0,0,102,2026-02-03 05:30:53.772935
ATMN,24.21,24.19,24.2,2437000.0,2296800.0,0,0,0,0,0,0,0,0,0,0,102,2026-02-03 05:30:53.772935
WNTR,25.15,25.23,25.35,2176000.0,2270400.0,0,0,0,0,0,0,0,0,0,0,102,2026-02-03 05:30:53.772935
SPNG,25.98,26.28,26.37,2361300.0,2204300.0,0,0,0,0,0,0,0,0,0,0,103,2026-02-03 05:30:54.804174
SMMR,24.3,24.3,24.44,2415900.0,2297100.0,0,0,0,0,0,0,0,0,0,0,103,2026-02-03 05:30:54.804174
ATMN,24.2,24.36,24.49,2408700.0,2319200.0,0,0,0,0,0,0,0,0,0,0,103,2026-02-03 05:30:54.804174
WNTR,25.35,25.36,25.4,2196600.0,2293600.0,0,0,0,0,0,0,0,0,0,0,103,2026-02-03 05:30:54.804174
SPNG,26.37,25.98,26.37,2415700.0,2204300.0,0,0,0,0,0,0,0,0,0,0,104,2026-02-03 05:30:55.830517
SMMR,24.3,24.37,24.38,2423300.0,2271900.0,0,0,0,0,0,0,0,0,0,0,104,2026-02-03 05:30:55.830517
ATMN,24.17,24.17,24.37,2490900.0,2349200.0,0,0,0,0,0,0,0,0,0,0,104,2026-02-03 05:30:55.830517
WNTR,25.4,25.23,25.4,2176000.0,2293600.0,0,0,0,0,0,0,0,0,0,0,104,2026-02-03 05:30:55.830517
SPNG,26.49,26.41,26.49,2362000.0,2221400.0,0,0,0,0,0,0,0,0,0,0,105,2026-02-03 05:30:56.858029
SMMR,24.33,24.33,24.38,2409100.0,2271900.0,0,0,0,0,0,0,0,0,0,0,105,2026-02-03 05:30:56.858029
ATMN,24.17,24.17,24.2,2473400.0,2344400.0,0,0,0,0,0,0,0,0,0,0,105,2026-02-03 05:30:56.858029
WNTR,25.4,25.23,25.25,2167800.0,2289000.0,0,0,0,0,0,0,0,0,0,0,105,2026-02-03 05:30:56.858029
SPNG,26.5,26.15,26.5,2390800.0,2199000.0,0,0,0,0,0,0,0,0,0,0,106,2026-02-03 05:30:57.887297
SMMR,24.38,24.38,24.44,2384100.0,2267200.0,0,0,0,0,0,0,0,0,0,0,106,2026-02-03 05:30:57.887297
ATMN,24.2,24.28,24.37,2424900.0,2352600.0,0,0,0,0,0,0,0,0,0,0,106,2026-02-03 05:30:57.887297
WNTR,25.3,25.33,25.39,2117200.0,2288500.0,0,0,0,0,0,0,0,0,0,0,106,2026-02-03 05:30:57.887297
SPNG,26.58,26.06,26.58,2389400.0,2208600.0,0,0,0,0,0,0,0,0,0,0,107,2026-02-03 05:30:58.923523
SMMR,24.38,24.33,24.37,2409100.0,2265700.0,0,0,0,0,0,0,0,0,0,0,107,2026-02-03 05:30:58.923523
ATMN,24.24,24.34,24.37,2514300.0,2352600.0,0,0,0,0,0,0,0,0,0,0,107,2026-02-03 05:30:58.923523
WNTR,25.23,25.25,25.31,2089100.0,2309700.0,0,0,0,0,0,0,0,0,0,0,107,2026-02-03 05:30:58.923523
SPNG,25.96,26.07,26.58,2405400.0,2208600.0,0,0,0,0,0,0,0,0,0,0,108,2026-02-03 05:30:59.516262
SMMR,24.38,24.33,24.37,2404300.0,2257200.0,0,0,0,0,0,0,0,0,0,0,108,2026-02-03 05:30:59.516262
ATMN,24.14,24.14,24.37,2566000.0,2352600.0,0,0,0,0,0,0,0,0,0,0,108,2026-02-03 05:30:59.516262
WNTR,25.21,25.21,25.31,2112500.0,2309700.0,0,0,0,0,0,0,0,0,0,0,108,2026-02-03 05:30:59.516262
SPNG,25.94,26.31,26.58,2454300.0,2208600.0,0,0,0,0,0,0,0,0,0,0,109,2026-02-03 05:31:00.596167
SMMR,24.47,24.33,24.47,2404100.0,2241400.0,0,0,0,0,0,0,0,0,0,0,109,2026-02-03 05:31:00.596167
ATMN,24.37,24.36,24.37,2459600.0,2352600.0,0,0,0,0,0,0,0,0,0,0,109,2026-02-03 05:31:00.596167
WNTR,25.28,25.21,25.28,2151300.0,2310600.0,0,0,0,0,0,0,0,0,0,0,109,2026-02-03 05:31:00.596167
SPNG,26.7,26.24,26.7,2433700.0,2214800.0,0,0,0,0,0,0,0,0,0,0,110,2026-02-03 05:31:01.733323
SMMR,24.47,24.37,24.4,2397600.0,2250100.0,0,0,0,0,0,0,0,0,0,0,110,2026-02-03 05:31:01.733323
ATMN,24.14,24.14,24.31,2566000.0,2367100.0,0,0,0,0,0,0,0,0,0,0,110,2026-02-03 05:31:01.733323
WNTR,25.39,25.23,25.39,2142800.0,2288500.0,0,0,0,0,0,0,0,0,0,0,110,2026-02-03 05:31:01.733323
SPNG,25.94,26.05,26.7,2442200.0,2207100.0,0,0,0,0,0,0,0,0,0,0,111,2026-02-03 05:31:02.759726
SMMR,24.49,24.37,24.41,2397600.0,2241700.0,0,0,0,0,0,0,0,0,0,0,111,2026-02-03 05:31:02.759726
ATMN,24.37,24.16,24.2,2548300.0,2374100.0,0,0,0,0,0,0,0,0,0,0,111,2026-02-03 05:31:02.759726
WNTR,25.4,25.38,25.4,2111700.0,2309200.0,0,0,0,0,0,0,0,0,0,0,111,2026-02-03 05:31:02.759726
SPNG,25.94,25.94,26.7,2446400.0,2204400.0,0,0,0,0,0,0,0,0,0,0,112,2026-02-03 05:31:03.784728
SMMR,24.49,24.37,24.41,2397600.0,2298400.0,0,0,0,0,0,0,0,0,0,0,112,2026-02-03 05:31:03.784728
ATMN,24.49,24.3,24.49,2505000.0,2308500.0,0,0,0,0,0,0,0,0,0,0,112,2026-02-03 05:31:03.784728
WNTR,25.41,25.38,25.39,2111700.0,2261400.0,0,0,0,0,0,0,0,0,0,0,112,2026-02-03 05:31:03.784728
SPNG,25.94,26.01,26.13,2452500.0,2207700.0,0,0,0,0,0,0,0,0,0,0,113,2026-02-03 05:31:04.812945
SMMR,24.37,24.37,24.45,2397600.0,2317000.0,0,0,0,0,0,0,0,0,0,0,113,2026-02-03 05:31:04.812945
ATMN,24.31,24.16,24.29,2548300.0,2346500.0,0,0,0,0,0,0,0,0,0,0,113,2026-02-03 05:31:04.812945
WNTR,25.42,25.21,25.42,2151300.0,2275600.0,0,0,0,0,0,0,0,0,0,0,113,2026-02-03 05:31:04.812945
SPNG,26.03,26.22,26.59,2421800.0,2203200.0,0,0,0,0,0,0,0,0,0,0,114,2026-02-03 05:31:05.840039
SMMR,24.45,24.37,24.45,2397600.0,2288800.0,0,0,0,0,0,0,0,0,0,0,114,2026-02-03 05:31:05.840039
ATMN,24.5,24.24,24.5,2523700.0,2342200.0,0,0,0,0,0,0,0,0,0,0,114,2026-02-03 05:31:05.840039
WNTR,25.42,25.41,25.42,2117100.0,2275600.0,0,0,0,0,0,0,0,0,0,0,114,2026-02-03 05:31:05.840039
SPNG,26.01,26.01,26.16,2414500.0,2221400.0,0,0,0,0,0,0,0,0,0,0,115,2026-02-03 05:31:06.869353
SMMR,24.33,24.3,24.31,2429200.0,2347900.0,0,0,0,0,0,0,0,0,0,0,115,2026-02-03 05:31:06.869353
ATMN,24.16,24.16,24.5,2548300.0,2361300.0,0,0,0,0,0,0,0,0,0,0,115,2026-02-03 05:31:06.869353
WNTR,25.37,25.38,25.42,2149800.0,2246900.0,0,0,0,0,0,0,0,0,0,0,115,2026-02-03 05:31:06.869353
SPNG,26.16,26.46,26.59,2381500.0,2203200.0,0,0,0,0,0,0,0,0,0,0,116,2026-02-03 05:31:07.902094
SMMR,24.37,24.36,24.37,2447300.0,2338500.0,0,0,0,0,0,0,0,0,0,0,116,2026-02-03 05:31:07.902094
ATMN,24.16,24.16,24.31,2548300.0,2364700.0,0,0,0,0,0,0,0,0,0,0,116,2026-02-03 05:31:07.902094
WNTR,25.3,25.3,25.42,2181700.0,2246900.0,0,0,0,0,0,0,0,0,0,0,116,2026-02-03 05:31:07.902094
SPNG,26.16,26.46,26.48,2381500.0,2180300.0,0,0,0,0,0,0,0,0,0,0,117,2026-02-03 05:31:08.932145
SMMR,24.37,24.36,24.37,2451900.0,2323000.0,0,0,0,0,0,0,0,0,0,0,117,2026-02-03 05:31:08.932145
ATMN,24.1,24.1,24.31,2560500.0,2364700.0,0,0,0,0,0,0,0,0,0,0,117,2026-02-03 05:31:08.932145
WNTR,25.3,25.3,25.37,2159200.0,2233100.0,0,0,0,0,0,0,0,0,0,0,117,2026-02-03 05:31:08.932145
SPNG,25.82,26.03,26.48,2392700.0,2180300.0,0,0,0,0,0,0,0,0,0,0,118,2026-02-03 05:31:09.961764
SMMR,24.37,24.36,24.37,2455700.0,2357300.0,0,0,0,0,0,0,0,0,0,0,118,2026-02-03 05:31:09.961764
ATMN,24.35,24.1,24.33,2560500.0,2404600.0,0,0,0,0,0,0,0,0,0,0,118,2026-02-03 05:31:09.961764
WNTR,25.37,25.37,25.42,2165300.0,2246900.0,0,0,0,0,0,0,0,0,0,0,118,2026-02-03 05:31:09.961764
SPNG,26.48,26.03,26.48,2392700.0,2192300.0,0,0,0,0,0,0,0,0,0,0,119,2026-02-03 05:31:10.990769
SMMR,24.33,24.28,24.3,2461700.0,2396900.0,0,0,0,0,0,0,0,0,0,0,119,2026-02-03 05:31:10.990769
ATMN,24.33,24.1,24.33,2587300.0,2439000.0,0,0,0,0,0,0,0,0,0,0,119,2026-02-03 05:31:10.990769
WNTR,25.28,25.32,25.42,2131100.0,2246900.0,0,0,0,0,0,0,0,0,0,0,119,2026-02-03 05:31:10.990769
SPNG,25.82,23.87,24.35,1185100.0,816800.0,0,0,0,0,0,0,0,0,0,0,120,2026-02-03 05:31:12.022163
SMMR,25.32,24.78,24.93,711500.0,807300.0,0,0,0,0,0,0,0,0,0,0,120,2026-02-03 05:31:12.022163
ATMN,26.65,25.29,26.47,661700.0,752900.0,0,0,0,0,0,0,0,0,0,0,120,2026-02-03 05:31:12.022163
WNTR,26.25,26.02,26.07,560600.0,775900.0,0,0,0,0,0,0,0,0,0,0,120,2026-02-03 05:31:12.022163
SPNG,25.82,23.87,23.99,1185100.0,1154800.0,0,0,0,0,0,0,0,0,0,0,121,2026-02-03 05:31:12.574649
SMMR,25.32,24.78,24.93,1037900.0,909500.0,0,0,0,0,0,0,0,0,0,0,121,2026-02-03 05:31:12.574649
ATMN,26.65,25.91,26.47,1178300.0,856900.0,0,0,0,0,0,0,0,0,0,0,121,2026-02-03 05:31:12.574649
WNTR,26.25,26.02,26.07,1117800.0,893900.0,0,0,0,0,0,0,0,0,0,0,121,2026-02-03 05:31:12.574649
SPNG,23.87,23.58,23.78,1214800.0,1517100.0,0,0,0,0,0,0,0,0,0,0,122,2026-02-03 05:31:13.640447
SMMR,24.93,24.78,24.93,1267200.0,909500.0,0,0,0,0,0,0,0,0,0,0,122,2026-02-03 05:31:13.640447
ATMN,26.65,26.22,26.47,1538300.0,856900.0,0,0,0,0,0,0,0,0,0,0,122,2026-02-03 05:31:13.640447
WNTR,26.21,26.12,26.21,1326900.0,896000.0,0,0,0,0,0,0,0,0,0,0,122,2026-02-03 05:31:13.640447
SPNG,23.58,22.94,23.44,1325300.0,1770400.0,0,0,0,0,0,0,0,0,0,0,123,2026-02-03 05:31:14.689879
SMMR,26.02,25.43,25.58,1474100.0,889300.0,0,0,0,0,0,0,0,0,0,0,123,2026-02-03 05:31:14.689879
ATMN,26.22,26.22,26.65,1538300.0,1038400.0,0,0,0,0,0,0,0,0,0,0,123,2026-02-03 05:31:14.689879
WNTR,26.21,26.12,26.21,1545200.0,896000.0,0,0,0,0,0,0,0,0,0,0,123,2026-02-03 05:31:14.689879
SPNG,23.58,23.33,23.44,1835100.0,1770400.0,0,0,0,0,0,0,0,0,0,0,124,2026-02-03 05:31:15.733584
SMMR,26.02,25.43,25.44,1474100.0,1232500.0,0,0,0,0,0,0,0,0,0,0,124,2026-02-03 05:31:15.733584
ATMN,26.22,26.52,26.65,1857700.0,1038400.0,0,0,0,0,0,0,0,0,0,0,124,2026-02-03 05:31:15.733584
WNTR,26.21,26.13,26.21,1965800.0,896000.0,0,0,0,0,0,0,0,0,0,0,124,2026-02-03 05:31:15.733584
SPNG,23.7,23.33,23.7,2096400.0,1633400.0,0,0,0,0,0,0,0,0,0,0,125,2026-02-03 05:31:16.768816
SMMR,25.4,25.07,25.37,1504800.0,1357300.0,0,0,0,0,0,0,0,0,0,0,125,2026-02-03 05:31:16.768816
ATMN,26.76,26.52,26.76,1965400.0,1028500.0,0,0,0,0,0,0,0,0,0,0,125,2026-02-03 05:31:16.768816
WNTR,26.69,26.5,26.51,2204100.0,891700.0,0,0,0,0,0,0,0,0,0,0,125,2026-02-03 05:31:16.768816
SPNG,23.91,23.33,23.91,2288300.0,1508400.0,0,0,0,0,0,0,0,0,0,0,126,2026-02-03 05:31:17.801346
SMMR,25.46,25.18,25.31,1611000.0,1255800.0,0,0,0,0,0,0,0,0,0,0,126,2026-02-03 05:31:17.801346
ATMN,26.76,27.01,27.19,2062100.0,1012900.0,0,0,0,0,0,0,0,0,0,0,126,2026-02-03 05:31:17.801346
WNTR,26.57,26.6,26.69,2198700.0,891800.0,0,0,0,0,0,0,0,0,0,0,126,2026-02-03 05:31:17.801346
SPNG,23.33,23.33,23.58,2288300.0,1889400.0,0,0,0,0,0,0,0,0,0,0,127,2026-02-03 05:31:18.828539
SMMR,25.31,25.18,25.31,1737900.0,1358400.0,0,0,0,0,0,0,0,0,0,0,127,2026-02-03 05:31:18.828539
ATMN,26.77,26.92,27.19,2075300.0,1114900.0,0,0,0,0,0,0,0,0,0,0,127,2026-02-03 05:31:18.828539
WNTR,26.57,26.6,26.69,2225500.0,1004300.0,0,0,0,0,0,0,0,0,0,0,127,2026-02-03 05:31:18.828539
SPNG,23.58,23.47,23.58,2590800.0,1889400.0,0,0,0,0,0,0,0,0,0,0,128,2026-02-03 05:31:19.858220
SMMR,25.46,25.26,25.46,1847500.0,1135600.0,0,0,0,0,0,0,0,0,0,0,128,2026-02-03 05:31:19.858220
ATMN,26.62,26.52,26.62,1965400.0,1472600.0,0,0,0,0,0,0,0,0,0,0,128,2026-02-03 05:31:19.858220
WNTR,26.5,26.61,26.69,2249500.0,1120600.0,0,0,0,0,0,0,0,0,0,0,128,2026-02-03 05:31:19.858220
SPNG,23.58,23.64,23.84,2974200.0,1895600.0,0,0,0,0,0,0,0,0,0,0,129,2026-02-03 05:31:20.883645
SMMR,25.26,25.26,25.46,1847500.0,1242800.0,0,0,0,0,0,0,0,0,0,0,129,2026-02-03 05:31:20.883645
ATMN,26.73,26.79,26.85,2083700.0,1559300.0,0,0,0,0,0,0,0,0,0,0,129,2026-02-03 05:31:20.883645
WNTR,26.7,26.61,26.67,2260700.0,1109200.0,0,0,0,0,0,0,0,0,0,0,129,2026-02-03 05:31:20.883645
SPNG,23.3,23.17,23.3,2438400.0,2016000.0,0,0,0,0,0,0,0,0,0,0,130,2026-02-03 05:31:21.912713
SMMR,25.26,25.27,25.36,2072000.0,1355200.0,0,0,0,0,0,0,0,0,0,0,130,2026-02-03 05:31:21.912713
ATMN,26.43,26.43,26.5,1871000.0,1747600.0,0,0,0,0,0,0,0,0,0,0,130,2026-02-03 05:31:21.912713
WNTR,26.63,26.63,26.67,2269500.0,1234900.0,0,0,0,0,0,0,0,0,0,0,130,2026-02-03 05:31:21.912713
SPNG,23.57,23.57,23.84,2567500.0,2000500.0,0,0,0,0,0,0,0,0,0,0,131,2026-02-03 05:31:22.942151
SMMR,25.27,25.27,25.36,2205800.0,1480300.0,0,0,0,0,0,0,0,0,0,0,131,2026-02-03 05:31:22.942151
ATMN,26.73,26.43,26.49,2018700.0,1779900.0,0,0,0,0,0,0,0,0,0,0,131,2026-02-03 05:31:22.942151
WNTR,26.62,26.62,26.72,2260400.0,1261100.0,0,0,0,0,0,0,0,0,0,0,131,2026-02-03 05:31:22.942151
SPNG,23.28,23.41,23.84,2725600.0,2000500.0,0,0,0,0,0,0,0,0,0,0,132,2026-02-03 05:31:23.973661
SMMR,25.17,25.17,25.26,1982100.0,1610000.0,0,0,0,0,0,0,0,0,0,0,132,2026-02-03 05:31:23.973661
ATMN,26.49,26.67,26.71,2129100.0,1992700.0,0,0,0,0,0,0,0,0,0,0,132,2026-02-03 05:31:23.973661
WNTR,26.62,26.62,26.67,2258700.0,1372900.0,0,0,0,0,0,0,0,0,0,0,132,2026-02-03 05:31:23.973661
SPNG,23.48,23.41,23.48,2945900.0,2132500.0,0,0,0,0,0,0,0,0,0,0,133,2026-02-03 05:31:25.004042
SMMR,25.17,25.18,25.26,2354500.0,1610000.0,0,0,0,0,0,0,0,0,0,0,133,2026-02-03 05:31:25.004042
ATMN,26.49,26.67,26.69,2244900.0,2102000.0,0,0,0,0,0,0,0,0,0,0,133,2026-02-03 05:31:25.004042
WNTR,26.61,26.61,26.66,2246300.0,1480500.0,0,0,0,0,0,0,0,0,0,0,133,2026-02-03 05:31:25.004042
SPNG,23.48,23.41,23.48,2731600.0,2132500.0,0,0,0,0,0,0,0,0,0,0,134,2026-02-03 05:31:26.030805
SMMR,25.17,25.23,25.26,2341100.0,1610000.0,0,0,0,0,0,0,0,0,0,0,134,2026-02-03 05:31:26.030805
ATMN,26.65,26.65,26.69,2134500.0,2122700.0,0,0,0,0,0,0,0,0,0,0,134,2026-02-03 05:31:26.030805
WNTR,26.66,26.64,26.66,2269300.0,1604000.0,0,0,0,0,0,0,0,0,0,0,134,2026-02-03 05:31:26.030805
SPNG,23.36,23.36,23.48,2801500.0,2144000.0,0,0,0,0,0,0,0,0,0,0,135,2026-02-03 05:31:27.058599
SMMR,25.36,25.23,25.33,2341100.0,1603600.0,0,0,0,0,0,0,0,0,0,0,135,2026-02-03 05:31:27.058599
ATMN,26.69,26.69,26.71,2220800.0,2121300.0,0,0,0,0,0,0,0,0,0,0,135,2026-02-03 05:31:27.058599
WNTR,26.72,26.76,26.81,2294000.0,1488300.0,0,0,0,0,0,0,0,0,0,0,135,2026-02-03 05:31:27.058599
SPNG,23.48,23.38,23.48,2706400.0,2144000.0,0,0,0,0,0,0,0,0,0,0,136,2026-02-03 05:31:28.093502
SMMR,25.33,25.24,25.32,2317000.0,1732800.0,0,0,0,0,0,0,0,0,0,0,136,2026-02-03 05:31:28.093502
ATMN,26.69,26.69,26.71,2220800.0,2044200.0,0,0,0,0,0,0,0,0,0,0,136,2026-02-03 05:31:28.093502
WNTR,26.76,26.76,26.85,2294000.0,1473500.0,0,0,0,0,0,0,0,0,0,0,136,2026-02-03 05:31:28.093502
SPNG,23.48,23.75,23.84,2727600.0,2000500.0,0,0,0,0,0,0,0,0,0,0,137,2026-02-03 05:31:29.123842
SMMR,25.46,25.26,25.46,2307400.0,1367900.0,0,0,0,0,0,0,0,0,0,0,137,2026-02-03 05:31:29.123842
ATMN,26.71,26.43,26.71,2230300.0,2054700.0,0,0,0,0,0,0,0,0,0,0,137,2026-02-03 05:31:29.123842
WNTR,26.64,26.64,26.68,2265400.0,1709300.0,0,0,0,0,0,0,0,0,0,0,137,2026-02-03 05:31:29.123842
SPNG,23.3,23.3,23.32,2713400.0,2148300.0,0,0,0,0,0,0,0,0,0,0,138,2026-02-03 05:31:29.658688
SMMR,25.46,25.33,25.46,2304500.0,1367900.0,0,0,0,0,0,0,0,0,0,0,138,2026-02-03 05:31:29.658688
ATMN,26.71,26.43,26.71,2302200.0,2054700.0,0,0,0,0,0,0,0,0,0,0,138,2026-02-03 05:31:29.658688
WNTR,26.64,26.64,26.68,2265400.0,1889100.0,0,0,0,0,0,0,0,0,0,0,138,2026-02-03 05:31:29.658688
SPNG,23.3,23.3,23.32,2676300.0,2148300.0,0,0,0,0,0,0,0,0,0,0,139,2026-02-03 05:31:30.688922
SMMR,25.44,25.33,25.44,2304500.0,1600800.0,0,0,0,0,0,0,0,0,0,0,139,2026-02-03 05:31:30.688922
ATMN,26.75,26.35,26.75,2271200.0,2049600.0,0,0,0,0,0,0,0,0,0,0,139,2026-02-03 05:31:30.688922
WNTR,26.59,26.59,26.68,2213000.0,2135500.0,0,0,0,0,0,0,0,0,0,0,139,2026-02-03 05:31:30.688922
SPNG,23.3,23.3,23.84,2637600.0,2000500.0,0,0,0,0,0,0,0,0,0,0,140,2026-02-03 05:31:31.722676
SMMR,25.26,25.26,25.39,2307400.0,1708400.0,0,0,0,0,0,0,0,0,0,0,140,2026-02-03 05:31:31.722676
ATMN,26.75,26.45,26.48,2230900.0,2044700.0,0,0,0,0,0,0,0,0,0,0,140,2026-02-03 05:31:31.722676
WNTR,26.62,26.67,26.68,2227100.0,2135500.0,0,0,0,0,0,0,0,0,0,0,140,2026-02-03 05:31:31.722676
SPNG,23.29,23.29,23.58,2616900.0,2147600.0,0,0,0,0,0,0,0,0,0,0,141,2026-02-03 05:31:32.760199
SMMR,25.39,25.4,25.44,2308000.0,1720700.0,0,0,0,0,0,0,0,0,0,0,141,2026-02-03 05:31:32.760199
ATMN,26.75,26.53,26.61,2236800.0,2029300.0,0,0,0,0,0,0,0,0,0,0,141,2026-02-03 05:31:32.760199
WNTR,26.7,26.68,26.7,2236700.0,2028000.0,0,0,0,0,0,0,0,0,0,0,141,2026-02-03 05:31:32.760199
SPNG,23.91,23.53,23.91,2593600.0,1865800.0,0,0,0,0,0,0,0,0,0,0,142,2026-02-03 05:31:33.803852
SMMR,25.55,25.4,25.48,2308000.0,1731400.0,0,0,0,0,0,0,0,0,0,0,142,2026-02-03 05:31:33.803852
ATMN,26.61,26.61,26.75,2225300.0,2055600.0,0,0,0,0,0,0,0,0,0,0,142,2026-02-03 05:31:33.803852
WNTR,26.76,26.69,26.76,2186700.0,1937900.0,0,0,0,0,0,0,0,0,0,0,142,2026-02-03 05:31:33.803852
SPNG,23.91,23.53,23.78,2593600.0,2226600.0,0,0,0,0,0,0,0,0,0,0,143,2026-02-03 05:31:34.836380
SMMR,25.55,25.4,25.48,2308000.0,2172000.0,0,0,0,0,0,0,0,0,0,0,143,2026-02-03 05:31:34.836380
ATMN,26.53,26.53,26.75,2236800.0,2093900.0,0,0,0,0,0,0,0,0,0,0,143,2026-02-03 05:31:34.836380
WNTR,26.62,26.62,26.76,2224800.0,2179500.0,0,0,0,0,0,0,0,0,0,0,143,2026-02-03 05:31:34.836380
SPNG,23.24,23.24,23.44,2686900.0,2229100.0,0,0,0,0,0,0,0,0,0,0,144,2026-02-03 05:31:35.863203
SMMR,25.48,25.24,25.3,2317000.0,2267400.0,0,0,0,0,0,0,0,0,0,0,144,2026-02-03 05:31:35.863203
ATMN,26.45,26.45,26.78,2224200.0,2052700.0,0,0,0,0,0,0,0,0,0,0,144,2026-02-03 05:31:35.863203
WNTR,26.76,26.62,26.71,2224800.0,2255100.0,0,0,0,0,0,0,0,0,0,0,144,2026-02-03 05:31:35.863203
SPNG,23.44,23.49,23.78,2679700.0,2226600.0,0,0,0,0,0,0,0,0,0,0,145,2026-02-03 05:31:36.970695
SMMR,25.24,25.24,25.48,2317000.0,2172000.0,0,0,0,0,0,0,0,0,0,0,145,2026-02-03 05:31:36.970695
ATMN,26.78,26.45,26.78,2230200.0,2052700.0,0,0,0,0,0,0,0,0,0,0,145,2026-02-03 05:31:36.970695
WNTR,26.59,26.59,26.65,2249500.0,2242200.0,0,0,0,0,0,0,0,0,0,0,145,2026-02-03 05:31:36.970695
SPNG,23.44,23.63,23.78,2633000.0,2251300.0,0,0,0,0,0,0,0,0,0,0,146,2026-02-03 05:31:38.006861
SMMR,25.46,25.46,25.48,2306500.0,2172000.0,0,0,0,0,0,0,0,0,0,0,146,2026-02-03 05:31:38.006861
ATMN,26.78,26.66,26.78,2277100.0,2058500.0,0,0,0,0,0,0,0,0,0,0,146,2026-02-03 05:31:38.006861
WNTR,26.59,26.59,26.65,2240100.0,2206400.0,0,0,0,0,0,0,0,0,0,0,146,2026-02-03 05:31:38.006861
SPNG,23.44,23.63,23.78,2633000.0,2364000.0,0,0,0,0,0,0,0,0,0,0,147,2026-02-03 05:31:39.036175
SMMR,25.46,25.24,25.28,2309900.0,2284400.0,0,0,0,0,0,0,0,0,0,0,147,2026-02-03 05:31:39.036175
ATMN,26.81,26.66,26.81,2278500.0,2051100.0,0,0,0,0,0,0,0,0,0,0,147,2026-02-03 05:31:39.036175
WNTR,26.65,26.59,26.65,2227200.0,2187700.0,0,0,0,0,0,0,0,0,0,0,147,2026-02-03 05:31:39.036175
SPNG,23.21,23.21,23.78,2720000.0,2430000.0,0,0,0,0,0,0,0,0,0,0,148,2026-02-03 05:31:40.122444
SMMR,25.46,25.24,25.28,2305600.0,2278000.0,0,0,0,0,0,0,0,0,0,0,148,2026-02-03 05:31:40.122444
ATMN,26.66,26.48,26.61,2246300.0,2035800.0,0,0,0,0,0,0,0,0,0,0,148,2026-02-03 05:31:40.122444
WNTR,26.55,26.55,26.65,2240300.0,2153700.0,0,0,0,0,0,0,0,0,0,0,148,2026-02-03 05:31:40.122444
SPNG,23.78,23.66,23.78,2669900.0,2430000.0,0,0,0,0,0,0,0,0,0,0,149,2026-02-03 05:31:41.179452
SMMR,25.46,25.25,25.28,2389900.0,2278000.0,0,0,0,0,0,0,0,0,0,0,149,2026-02-03 05:31:41.179452
ATMN,26.8,26.48,26.72,2219900.0,2065400.0,0,0,0,0,0,0,0,0,0,0,149,2026-02-03 05:31:41.179452
WNTR,26.55,26.5,26.53,2227100.0,2184300.0,0,0,0,0,0,0,0,0,0,0,149,2026-02-03 05:31:41.179452
SPNG,23.21,23.52,23.78,2661000.0,2430000.0,0,0,0,0,0,0,0,0,0,0,150,2026-02-03 05:31:42.214138
SMMR,25.46,25.26,25.28,2315400.0,2278000.0,0,0,0,0,0,0,0,0,0,0,150,2026-02-03 05:31:42.214138
ATMN,26.8,26.69,26.72,2183200.0,2065400.0,0,0,0,0,0,0,0,0,0,0,150,2026-02-03 05:31:42.214138
WNTR,26.71,26.5,26.58,2227100.0,2219000.0,0,0,0,0,0,0,0,0,0,0,150,2026-02-03 05:31:42.214138
SPNG,23.52,23.52,23.54,2661000.0,2418500.0,0,0,0,0,0,0,0,0,0,0,151,2026-02-03 05:31:42.742695
SMMR,25.32,25.26,25.32,2315400.0,2263200.0,0,0,0,0,0,0,0,0,0,0,151,2026-02-03 05:31:42.742695
ATMN,26.81,26.69,26.81,2192500.0,2051100.0,0,0,0,0,0,0,0,0,0,0,151,2026-02-03 05:31:42.742695
WNTR,26.48,26.48,26.58,2213400.0,2219000.0,0,0,0,0,0,0,0,0,0,0,151,2026-02-03 05:31:42.742695
SPNG,23.52,23.52,23.54,2602600.0,2418500.0,0,0,0,0,0,0,0,0,0,0,152,2026-02-03 05:31:43.780074
SMMR,25.32,25.46,25.48,2298200.0,2274200.0,0,0,0,0,0,0,0,0,0,0,152,2026-02-03 05:31:43.780074
ATMN,26.71,26.6,26.71,2210700.0,2059600.0,0,0,0,0,0,0,0,0,0,0,152,2026-02-03 05:31:43.780074
WNTR,26.48,26.48,26.51,2231400.0,2169500.0,0,0,0,0,0,0,0,0,0,0,152,2026-02-03 05:31:43.780074
SPNG,23.43,23.43,23.54,2619900.0,2418500.0,0,0,0,0,0,0,0,0,0,0,153,2026-02-03 05:31:44.821092
SMMR,25.25,25.25,25.48,2325200.0,2265900.0,0,0,0,0,0,0,0,0,0,0,153,2026-02-03 05:31:44.821092
ATMN,26.54,26.54,26.85,2234000.0,2074200.0,0,0,0,0,0,0,0,0,0,0,153,2026-02-03 05:31:44.821092
WNTR,26.48,26.48,26.51,2253300.0,2169500.0,0,0,0,0,0,0,0,0,0,0,153,2026-02-03 05:31:44.821092
SPNG,23.54,23.43,23.54,2617200.0,2418500.0,0,0,0,0,0,0,0,0,0,0,154,2026-02-03 05:31:45.865642
SMMR,25.25,25.25,25.33,2325200.0,2256000.0,0,0,0,0,0,0,0,0,0,0,154,2026-02-03 05:31:45.865642
ATMN,26.54,26.54,26.85,2223600.0,2074200.0,0,0,0,0,0,0,0,0,0,0,154,2026-02-03 05:31:45.865642
WNTR,26.51,26.51,26.53,2234300.0,2165700.0,0,0,0,0,0,0,0,0,0,0,154,2026-02-03 05:31:45.865642
SPNG,23.8,23.37,23.47,2599000.0,2443600.0,0,0,0,0,0,0,0,0,0,0,155,2026-02-03 05:31:46.902549
SMMR,25.33,25.4,25.48,2341400.0,2261600.0,0,0,0,0,0,0,0,0,0,0,155,2026-02-03 05:31:46.902549
ATMN,26.85,26.72,26.85,2259200.0,2100300.0,0,0,0,0,0,0,0,0,0,0,155,2026-02-03 05:31:46.902549
WNTR,26.45,26.45,26.53,2211500.0,2136200.0,0,0,0,0,0,0,0,0,0,0,155,2026-02-03 05:31:46.902549
SPNG,23.34,23.34,23.84,2599500.0,2368300.0,0,0,0,0,0,0,0,0,0,0,156,2026-02-03 05:31:47.946088
SMMR,25.4,25.25,25.3,2325200.0,2263300.0,0,0,0,0,0,0,0,0,0,0,156,2026-02-03 05:31:47.946088
ATMN,26.72,26.72,26.92,2259200.0,2130400.0,0,0,0,0,0,0,0,0,0,0,156,2026-02-03 05:31:47.946088
WNTR,26.45,26.45,26.53,2230400.0,2114500.0,0,0,0,0,0,0,0,0,0,0,156,2026-02-03 05:31:47.946088
SPNG,23.91,23.34,23.56,2606800.0,2354100.0,0,0,0,0,0,0,0,0,0,0,157,2026-02-03 05:31:48.977624
SMMR,25.4,25.25,25.27,2325200.0,2241400.0,0,0,0,0,0,0,0,0,0,0,157,2026-02-03 05:31:48.977624
ATMN,26.48,26.77,26.92,2229700.0,2130400.0,0,0,0,0,0,0,0,0,0,0,157,2026-02-03 05:31:48.977624
WNTR,26.45,26.45,26.53,2230400.0,2103800.0,0,0,0,0,0,0,0,0,0,0,157,2026-02-03 05:31:48.977624
SPNG,23.99,23.42,23.99,2555700.0,2326200.0,0,0,0,0,0,0,0,0,0,0,158,2026-02-03 05:31:50.006369
SMMR,25.38,25.25,25.31,2325200.0,2271300.0,0,0,0,0,0,0,0,0,0,0,158,2026-02-03 05:31:50.006369
ATMN,26.77,26.7,26.75,2226400.0,2152900.0,0,0,0,0,0,0,0,0,0,0,158,2026-02-03 05:31:50.006369
WNTR,26.49,26.43,26.49,2233400.0,2114900.0,0,0,0,0,0,0,0,0,0,0,158,2026-02-03 05:31:50.006369
SPNG,23.99,23.42,23.46,2555700.0,2374800.0,0,0,0,0,0,0,0,0,0,0,159,2026-02-03 05:31:51.033849
SMMR,25.48,25.33,25.42,2337800.0,2248100.0,0,0,0,0,0,0,0,0,0,0,159,2026-02-03 05:31:51.033849
ATMN,26.75,26.94,26.98,2223600.0,2133200.0,0,0,0,0,0,0,0,0,0,0,159,2026-02-03 05:31:51.033849
WNTR,26.49,26.41,26.49,2233200.0,2114900.0,0,0,0,0,0,0,0,0,0,0,159,2026-02-03 05:31:51.033849
SPNG,23.34,23.34,23.46,2596600.0,2374800.0,0,0,0,0,0,0,0,0,0,0,160,2026-02-03 05:31:52.062094
SMMR,25.41,25.35,25.39,2319700.0,2250600.0,0,0,0,0,0,0,0,0,0,0,160,2026-02-03 05:31:52.062094
ATMN,26.94,26.7,26.86,2226200.0,2128900.0,0,0,0,0,0,0,0,0,0,0,160,2026-02-03 05:31:52.062094
WNTR,26.38,26.38,26.53,2233700.0,2101100.0,0,0,0,0,0,0,0,0,0,0,160,2026-02-03 05:31:52.062094
SPNG,23.34,23.34,23.46,2578100.0,2374800.0,0,0,0,0,0,0,0,0,0,0,161,2026-02-03 05:31:53.093256
SMMR,25.35,25.35,25.39,2284900.0,2227600.0,0,0,0,0,0,0,0,0,0,0,161,2026-02-03 05:31:53.093256
ATMN,26.94,26.7,26.94,2226200.0,2116500.0,0,0,0,0,0,0,0,0,0,0,161,2026-02-03 05:31:53.093256
WNTR,26.38,26.41,26.51,2244200.0,2110700.0,0,0,0,0,0,0,0,0,0,0,161,2026-02-03 05:31:53.093256
SPNG,23.34,23.37,23.46,2594500.0,2410100.0,0,0,0,0,0,0,0,0,0,0,162,2026-02-03 05:31:54.124271
SMMR,25.29,25.29,25.39,2310500.0,2235400.0,0,0,0,0,0,0,0,0,0,0,162,2026-02-03 05:31:54.124271
ATMN,26.98,26.82,26.98,2218100.0,2125100.0,0,0,0,0,0,0,0,0,0,0,162,2026-02-03 05:31:54.124271
WNTR,26.4,26.4,26.49,2235900.0,2108400.0,0,0,0,0,0,0,0,0,0,0,162,2026-02-03 05:31:54.124271
SPNG,23.37,23.34,23.35,2590300.0,2438600.0,0,0,0,0,0,0,0,0,0,0,163,2026-02-03 05:31:55.151982
SMMR,25.42,25.29,25.32,2310500.0,2290200.0,0,0,0,0,0,0,0,0,0,0,163,2026-02-03 05:31:55.151982
ATMN,26.82,26.82,26.94,2218100.0,2113400.0,0,0,0,0,0,0,0,0,0,0,163,2026-02-03 05:31:55.151982
WNTR,26.37,26.37,26.49,2253900.0,2071000.0,0,0,0,0,0,0,0,0,0,0,163,2026-02-03 05:31:55.151982
SPNG,23.37,23.34,23.35,2628700.0,2438600.0,0,0,0,0,0,0,0,0,0,0,164,2026-02-03 05:31:56.189604
SMMR,25.32,25.3,25.32,2296900.0,2290200.0,0,0,0,0,0,0,0,0,0,0,164,2026-02-03 05:31:56.189604
ATMN,26.82,26.62,26.65,2215100.0,2110500.0,0,0,0,0,0,0,0,0,0,0,164,2026-02-03 05:31:56.189604
WNTR,26.37,26.47,26.49,2242600.0,2082500.0,0,0,0,0,0,0,0,0,0,0,164,2026-02-03 05:31:56.189604
SPNG,23.89,23.34,23.89,2628700.0,2382800.0,0,0,0,0,0,0,0,0,0,0,165,2026-02-03 05:31:57.217244
SMMR,25.32,25.35,25.42,2280700.0,2263700.0,0,0,0,0,0,0,0,0,0,0,165,2026-02-03 05:31:57.217244
ATMN,26.65,26.77,26.92,2234200.0,2088500.0,0,0,0,0,0,0,0,0,0,0,165,2026-02-03 05:31:57.217244
WNTR,26.35,26.35,26.49,2233700.0,2090500.0,0,0,0,0,0,0,0,0,0,0,165,2026-02-03 05:31:57.217244
SPNG,23.24,23.24,23.43,2622500.0,2400300.0,0,0,0,0,0,0,0,0,0,0,166,2026-02-03 05:31:58.244271
SMMR,25.32,25.35,25.42,2253200.0,2263700.0,0,0,0,0,0,0,0,0,0,0,166,2026-02-03 05:31:58.244271
ATMN,26.62,26.62,26.92,2206200.0,2113700.0,0,0,0,0,0,0,0,0,0,0,166,2026-02-03 05:31:58.244271
WNTR,26.28,26.28,26.49,2222200.0,2074700.0,0,0,0,0,0,0,0,0,0,0,166,2026-02-03 05:31:58.244271
SPNG,23.24,23.33,23.43,2607100.0,2400300.0,0,0,0,0,0,0,0,0,0,0,167,2026-02-03 05:31:59.278320
SMMR,25.32,25.32,25.36,2271300.0,2261900.0,0,0,0,0,0,0,0,0,0,0,167,2026-02-03 05:31:59.278320
ATMN,26.94,26.62,26.94,2206200.0,2090900.0,0,0,0,0,0,0,0,0,0,0,167,2026-02-03 05:31:59.278320
WNTR,26.26,26.33,26.38,2199900.0,2097800.0,0,0,0,0,0,0,0,0,0,0,167,2026-02-03 05:31:59.278320
SPNG,23.21,23.21,23.8,2631100.0,2434800.0,0,0,0,0,0,0,0,0,0,0,168,2026-02-03 05:32:00.306228
SMMR,25.36,25.39,25.42,2302600.0,2243300.0,0,0,0,0,0,0,0,0,0,0,168,2026-02-03 05:32:00.306228
ATMN,26.94,26.62,26.94,2206200.0,2109000.0,0,0,0,0,0,0,0,0,0,0,168,2026-02-03 05:32:00.306228
WNTR,26.38,26.38,26.39,2177000.0,2082600.0,0,0,0,0,0,0,0,0,0,0,168,2026-02-03 05:32:00.306228
SPNG,23.21,23.21,23.22,2631100.0,2431100.0,0,0,0,0,0,0,0,0,0,0,169,2026-02-03 05:32:00.832683
SMMR,25.45,25.29,25.45,2288200.0,2233800.0,0,0,0,0,0,0,0,0,0,0,169,2026-02-03 05:32:00.832683
ATMN,26.94,26.62,26.94,2206200.0,2109000.0,0,0,0,0,0,0,0,0,0,0,169,2026-02-03 05:32:00.832683
WNTR,26.38,26.33,26.35,2199900.0,2097300.0,0,0,0,0,0,0,0,0,0,0,169,2026-02-03 05:32:00.832683
SPNG,23.22,23.22,23.8,2628700.0,2437700.0,0,0,0,0,0,0,0,0,0,0,170,2026-02-03 05:32:01.861258
SMMR,25.48,25.47,25.48,2283600.0,2260400.0,0,0,0,0,0,0,0,0,0,0,170,2026-02-03 05:32:01.861258
ATMN,26.55,26.55,26.87,2191500.0,2125000.0,0,0,0,0,0,0,0,0,0,0,170,2026-02-03 05:32:01.861258
WNTR,26.35,26.45,26.49,2206200.0,2124600.0,0,0,0,0,0,0,0,0,0,0,170,2026-02-03 05:32:01.861258
SPNG,23.19,23.19,23.8,2604600.0,2465900.0,0,0,0,0,0,0,0,0,0,0,171,2026-02-03 05:32:02.903443
SMMR,25.47,25.29,25.3,2310800.0,2270700.0,0,0,0,0,0,0,0,0,0,0,171,2026-02-03 05:32:02.903443
ATMN,26.45,26.56,26.87,2219000.0,2125000.0,0,0,0,0,0,0,0,0,0,0,171,2026-02-03 05:32:02.903443
WNTR,26.35,26.45,26.49,2206200.0,2172600.0,0,0,0,0,0,0,0,0,0,0,171,2026-02-03 05:32:02.903443
SPNG,23.19,23.76,23.8,2630400.0,2456900.0,0,0,0,0,0,0,0,0,0,0,172,2026-02-03 05:32:03.958595
SMMR,25.3,25.29,25.3,2291700.0,2255300.0,0,0,0,0,0,0,0,0,0,0,172,2026-02-03 05:32:03.958595
ATMN,26.97,26.56,26.97,2219000.0,2127300.0,0,0,0,0,0,0,0,0,0,0,172,2026-02-03 05:32:03.958595
WNTR,26.49,26.17,26.49,2220900.0,2172600.0,0,0,0,0,0,0,0,0,0,0,172,2026-02-03 05:32:03.958595
SPNG,23.19,23.76,23.8,2630400.0,2490600.0,0,0,0,0,0,0,0,0,0,0,173,2026-02-03 05:32:04.998721
SMMR,25.3,25.29,25.3,2291700.0,2235600.0,0,0,0,0,0,0,0,0,0,0,173,2026-02-03 05:32:04.998721
ATMN,26.97,26.97,26.98,2200600.0,2111200.0,0,0,0,0,0,0,0,0,0,0,173,2026-02-03 05:32:04.998721
WNTR,26.22,26.28,26.49,2222000.0,2150200.0,0,0,0,0,0,0,0,0,0,0,173,2026-02-03 05:32:04.998721
SPNG,23.76,23.32,23.59,2630300.0,2541600.0,0,0,0,0,0,0,0,0,0,0,174,2026-02-03 05:32:06.036684
SMMR,25.29,25.29,25.46,2291700.0,2239900.0,0,0,0,0,0,0,0,0,0,0,174,2026-02-03 05:32:06.036684
ATMN,26.59,26.66,26.98,2238300.0,2121600.0,0,0,0,0,0,0,0,0,0,0,174,2026-02-03 05:32:06.036684
WNTR,26.13,26.13,26.4,2261700.0,2165600.0,0,0,0,0,0,0,0,0,0,0,174,2026-02-03 05:32:06.036684
SPNG,23.8,23.73,23.8,2651600.0,2490600.0,0,0,0,0,0,0,0,0,0,0,175,2026-02-03 05:32:07.063520
SMMR,25.29,25.29,25.47,2305200.0,2252100.0,0,0,0,0,0,0,0,0,0,0,175,2026-02-03 05:32:07.063520
ATMN,26.56,26.45,26.53,2221500.0,2121900.0,0,0,0,0,0,0,0,0,0,0,175,2026-02-03 05:32:07.063520
WNTR,26.28,26.13,26.17,2249200.0,2169300.0,0,0,0,0,0,0,0,0,0,0,175,2026-02-03 05:32:07.063520
SPNG,23.46,23.46,23.8,2641700.0,2505800.0,0,0,0,0,0,0,0,0,0,0,176,2026-02-03 05:32:08.095593
SMMR,25.29,25.29,25.47,2313800.0,2252100.0,0,0,0,0,0,0,0,0,0,0,176,2026-02-03 05:32:08.095593
ATMN,26.56,26.47,26.53,2193100.0,2121900.0,0,0,0,0,0,0,0,0,0,0,176,2026-02-03 05:32:08.095593
WNTR,26.17,26.2,26.4,2224700.0,2165600.0,0,0,0,0,0,0,0,0,0,0,176,2026-02-03 05:32:08.095593
SPNG,23.32,23.19,23.21,2604600.0,2506200.0,0,0,0,0,0,0,0,0,0,0,177,2026-02-03 05:32:09.124070
SMMR,25.48,25.28,25.48,2315000.0,2273100.0,0,0,0,0,0,0,0,0,0,0,177,2026-02-03 05:32:09.124070
ATMN,26.44,26.44,27.0,2194800.0,2122300.0,0,0,0,0,0,0,0,0,0,0,177,2026-02-03 05:32:09.124070
WNTR,26.39,26.2,26.39,2224700.0,2165500.0,0,0,0,0,0,0,0,0,0,0,177,2026-02-03 05:32:09.124070
SPNG,23.18,23.18,23.8,2629700.0,2505800.0,0,0,0,0,0,0,0,0,0,0,178,2026-02-03 05:32:10.152946
SMMR,25.27,25.27,25.3,2310700.0,2302800.0,0,0,0,0,0,0,0,0,0,0,178,2026-02-03 05:32:10.152946
ATMN,26.43,26.7,26.88,2188000.0,2129500.0,0,0,0,0,0,0,0,0,0,0,178,2026-02-03 05:32:10.152946
WNTR,26.4,26.36,26.4,2241200.0,2167100.0,0,0,0,0,0,0,0,0,0,0,178,2026-02-03 05:32:10.152946
SPNG,23.8,23.18,23.8,2629700.0,2505800.0,0,0,0,0,0,0,0,0,0,0,179,2026-02-03 05:32:11.182096
SMMR,25.34,25.27,25.34,2305600.0,2276700.0,0,0,0,0,0,0,0,0,0,0,179,2026-02-03 05:32:11.182096
ATMN,26.7,26.43,26.56,2172600.0,2155500.0,0,0,0,0,0,0,0,0,0,0,179,2026-02-03 05:32:11.182096
WNTR,26.13,26.13,26.47,2235300.0,2186500.0,0,0,0,0,0,0,0,0,0,0,179,2026-02-03 05:32:11.182096
SPNG,23.17,25.09,0.0,200000.0,,0,0,0,0,0,0,0,0,0,0,180,2026-02-03 05:32:12.215305
SMMR,25.34,25.64,25.74,861000.0,841600.0,0,0,0,0,0,0,0,0,0,0,180,2026-02-03 05:32:12.215305
ATMN,26.56,25.89,26.15,1068900.0,828800.0,0,0,0,0,0,0,0,0,0,0,180,2026-02-03 05:32:12.215305
WNTR,26.13,25.34,25.53,903400.0,843600.0,0,0,0,0,0,0,0,0,0,0,180,2026-02-03 05:32:12.215305
SPNG,25.09,24.11,24.81,1063000.0,1097100.0,0,0,0,0,0,0,0,0,0,0,181,2026-02-03 05:32:13.242329
SMMR,25.64,25.54,25.64,870800.0,1159600.0,0,0,0,0,0,0,0,0,0,0,181,2026-02-03 05:32:13.242329
ATMN,25.89,25.89,26.08,1176100.0,963200.0,0,0,0,0,0,0,0,0,0,0,181,2026-02-03 05:32:13.242329
WNTR,25.34,25.34,25.44,903400.0,1159800.0,0,0,0,0,0,0,0,0,0,0,181,2026-02-03 05:32:13.242329
SPNG,25.09,24.56,24.81,1432600.0,1097100.0,0,0,0,0,0,0,0,0,0,0,182,2026-02-03 05:32:14.270716
SMMR,24.82,24.82,25.2,890200.0,1388800.0,0,0,0,0,0,0,0,0,0,0,182,2026-02-03 05:32:14.270716
ATMN,26.04,25.93,26.04,1288100.0,1083200.0,0,0,0,0,0,0,0,0,0,0,182,2026-02-03 05:32:14.270716
WNTR,25.13,25.13,25.2,883000.0,1404300.0,0,0,0,0,0,0,0,0,0,0,182,2026-02-03 05:32:14.270716
SPNG,24.81,25.1,25.18,1689300.0,1061700.0,0,0,0,0,0,0,0,0,0,0,183,2026-02-03 05:32:15.300567
SMMR,24.82,24.82,24.84,1003700.0,1625300.0,0,0,0,0,0,0,0,0,0,0,183,2026-02-03 05:32:15.300567
ATMN,25.89,25.77,25.8,1424600.0,1194300.0,0,0,0,0,0,0,0,0,0,0,183,2026-02-03 05:32:15.300567
WNTR,25.19,25.06,25.19,994300.0,1507500.0,0,0,0,0,0,0,0,0,0,0,183,2026-02-03 05:32:15.300567
SPNG,24.81,25.1,25.18,1927000.0,1181600.0,0,0,0,0,0,0,0,0,0,0,184,2026-02-03 05:32:16.327877
SMMR,24.82,24.82,24.84,925200.0,1759800.0,0,0,0,0,0,0,0,0,0,0,184,2026-02-03 05:32:16.327877
ATMN,26.08,25.85,26.08,1540200.0,1149000.0,0,0,0,0,0,0,0,0,0,0,184,2026-02-03 05:32:16.327877
WNTR,25.2,25.06,25.07,1129600.0,1610000.0,0,0,0,0,0,0,0,0,0,0,184,2026-02-03 05:32:16.327877
SPNG,24.9,24.9,25.18,1790700.0,1181600.0,0,0,0,0,0,0,0,0,0,0,185,2026-02-03 05:32:17.358050
SMMR,24.84,24.82,24.84,925200.0,1994600.0,0,0,0,0,0,0,0,0,0,0,185,2026-02-03 05:32:17.358050
ATMN,26.08,26.12,26.15,1459300.0,1109300.0,0,0,0,0,0,0,0,0,0,0,185,2026-02-03 05:32:17.358050
WNTR,25.06,25.06,25.1,1029600.0,1621600.0,0,0,0,0,0,0,0,0,0,0,185,2026-02-03 05:32:17.358050
SPNG,24.9,24.9,25.01,2179500.0,1319500.0,0,0,0,0,0,0,0,0,0,0,186,2026-02-03 05:32:18.388847
SMMR,24.74,24.74,24.75,923800.0,2206300.0,0,0,0,0,0,0,0,0,0,0,186,2026-02-03 05:32:18.388847
ATMN,26.15,25.75,26.07,1327600.0,1364400.0,0,0,0,0,0,0,0,0,0,0,186,2026-02-03 05:32:18.388847
WNTR,25.02,25.02,25.1,1065100.0,1835200.0,0,0,0,0,0,0,0,0,0,0,186,2026-02-03 05:32:18.388847
SPNG,25.18,24.9,25.18,2179500.0,1181600.0,0,0,0,0,0,0,0,0,0,0,187,2026-02-03 05:32:18.920157
SMMR,24.74,24.74,24.75,1160800.0,2206300.0,0,0,0,0,0,0,0,0,0,0,187,2026-02-03 05:32:18.920157
ATMN,26.07,25.75,26.07,1327600.0,1479600.0,0,0,0,0,0,0,0,0,0,0,187,2026-02-03 05:32:18.920157
WNTR,25.02,25.02,25.04,1160900.0,1949600.0,0,0,0,0,0,0,0,0,0,0,187,2026-02-03 05:32:18.920157
SPNG,24.68,24.68,25.28,1943100.0,1055700.0,0,0,0,0,0,0,0,0,0,0,188,2026-02-03 05:32:19.945289
SMMR,24.75,24.74,24.75,1272900.0,2213600.0,0,0,0,0,0,0,0,0,0,0,188,2026-02-03 05:32:19.945289
ATMN,26.04,25.68,26.04,1226000.0,1668000.0,0,0,0,0,0,0,0,0,0,0,188,2026-02-03 05:32:19.945289
WNTR,25.1,25.02,25.1,1257500.0,1971200.0,0,0,0,0,0,0,0,0,0,0,188,2026-02-03 05:32:19.945289
SPNG,24.67,24.67,25.28,1807300.0,1055700.0,0,0,0,0,0,0,0,0,0,0,189,2026-02-03 05:32:20.986046
SMMR,24.76,24.74,24.76,1368600.0,2198300.0,0,0,0,0,0,0,0,0,0,0,189,2026-02-03 05:32:20.986046
ATMN,26.07,25.68,25.76,1354900.0,1799000.0,0,0,0,0,0,0,0,0,0,0,189,2026-02-03 05:32:20.986046
WNTR,25.2,25.01,25.12,1160600.0,1981800.0,0,0,0,0,0,0,0,0,0,0,189,2026-02-03 05:32:20.986046
SPNG,25.28,25.41,25.69,1921400.0,1272200.0,0,0,0,0,0,0,0,0,0,0,190,2026-02-03 05:32:22.031245
SMMR,24.84,24.74,24.84,1495000.0,2174300.0,0,0,0,0,0,0,0,0,0,0,190,2026-02-03 05:32:22.031245
ATMN,26.07,25.68,25.76,1694400.0,1799000.0,0,0,0,0,0,0,0,0,0,0,190,2026-02-03 05:32:22.031245
WNTR,25.02,25.01,25.02,1160600.0,2182100.0,0,0,0,0,0,0,0,0,0,0,190,2026-02-03 05:32:22.031245
SPNG,25.13,25.23,25.69,1925700.0,1471400.0,0,0,0,0,0,0,0,0,0,0,191,2026-02-03 05:32:23.076818
SMMR,24.88,24.74,24.88,1495000.0,2077000.0,0,0,0,0,0,0,0,0,0,0,191,2026-02-03 05:32:23.076818
ATMN,26.03,25.76,26.02,1952200.0,1823100.0,0,0,0,0,0,0,0,0,0,0,191,2026-02-03 05:32:23.076818
WNTR,25.01,24.84,25.0,1178600.0,2157400.0,0,0,0,0,0,0,0,0,0,0,191,2026-02-03 05:32:23.076818
SPNG,25.11,25.18,25.61,1935800.0,1567700.0,0,0,0,0,0,0,0,0,0,0,192,2026-02-03 05:32:24.117369
SMMR,24.74,24.74,24.88,1635700.0,2077000.0,0,0,0,0,0,0,0,0,0,0,192,2026-02-03 05:32:24.117369
ATMN,26.21,25.68,26.21,1946100.0,1366200.0,0,0,0,0,0,0,0,0,0,0,192,2026-02-03 05:32:24.117369
WNTR,25.12,24.92,25.12,1412300.0,2168800.0,0,0,0,0,0,0,0,0,0,0,192,2026-02-03 05:32:24.117369
SPNG,24.66,25.19,25.31,7500.0,1686900.0,1803700.0,7500.0,0,0,0,0,0,0,0,0,193,2026-02-03 05:32:25.177176
SMMR,24.74,24.75,24.88,7500.0,1775300.0,2208500.0,,0,0,0,0,0,0,0,0,193,2026-02-03 05:32:25.177176
ATMN,26.22,25.69,26.22,7500.0,1946100.0,1245800.0,,0,0,0,0,0,0,0,0,193,2026-02-03 05:32:25.177176
WNTR,24.87,24.84,24.87,,1484900.0,2084000.0,7500.0,0,0,0,0,0,0,0,0,193,2026-02-03 05:32:25.177176
SPNG,25.31,24.68,25.07,1942300.0,7500.0,1803700.0,0,0,0,0,0,0,0,0,0,194,2026-02-03 05:32:26.215518
SMMR,24.75,24.75,24.86,2023100.0,3750.0,2101600.0,0,0,0,0,0,0,0,0,0,194,2026-02-03 05:32:26.215518
ATMN,26.22,25.87,26.22,2138200.0,,1454200.0,0,0,0,0,0,0,0,0,0,194,2026-02-03 05:32:26.215518
WNTR,25.21,24.84,25.16,1620600.0,,2061100.0,0,0,0,0,0,0,0,0,0,194,2026-02-03 05:32:26.215518
SPNG,25.31,25.04,25.07,2323700.0,7500.0,1803700.0,,0,0,0,0,0,0,0,0,195,2026-02-03 05:32:27.246171
SMMR,24.88,24.75,24.88,2250000.0,,2165000.0,,0,0,0,0,0,0,0,0,195,2026-02-03 05:32:27.246171
ATMN,25.8,25.76,25.8,2039500.0,4687.0,1355400.0,,0,0,0,0,0,0,0,0,195,2026-02-03 05:32:27.246171
WNTR,24.86,24.95,25.16,1752200.0,,2061100.0,4687.0,0,0,0,0,0,0,0,0,195,2026-02-03 05:32:27.246171
SPNG,25.31,24.9,25.31,2215200.0,1803700.0,,0,0,0,0,0,0,0,0,0,196,2026-02-03 05:32:28.279220
SMMR,24.82,24.81,24.82,2345100.0,2193400.0,,0,0,0,0,0,0,0,0,0,196,2026-02-03 05:32:28.279220
ATMN,26.48,26.19,26.48,2166100.0,1362700.0,,0,0,0,0,0,0,0,0,0,196,2026-02-03 05:32:28.279220
WNTR,24.94,24.94,25.07,1734900.0,2043300.0,4453.0,0,0,0,0,0,0,0,0,0,196,2026-02-03 05:32:28.279220
SPNG,25.01,25.21,25.3,2315000.0,2011300.0,,0,0,0,0,0,0,0,0,0,197,2026-02-03 05:32:29.309926
SMMR,24.91,24.81,24.82,2345100.0,2096300.0,6796.0,0,0,0,0,0,0,0,0,0,197,2026-02-03 05:32:29.309926
ATMN,26.04,26.4,26.51,2229900.0,1239700.0,,0,0,0,0,0,0,0,0,0,197,2026-02-03 05:32:29.309926
WNTR,24.84,24.84,24.96,1620600.0,2162600.0,,0,0,0,0,0,0,0,0,0,197,2026-02-03 05:32:29.309926
SPNG,25.21,24.9,25.09,2215200.0,2150000.0,,,0,0,0,0,0,0,0,0,198,2026-02-03 05:32:30.340504
SMMR,24.78,24.82,24.9,2116700.0,2096300.0,6298.0,6298.0,0,0,0,0,0,0,0,0,198,2026-02-03 05:32:30.340504
ATMN,26.5,25.76,26.28,2134200.0,1350600.0,,,0,0,0,0,0,0,0,0,198,2026-02-03 05:32:30.340504
WNTR,24.97,24.84,24.9,1753200.0,2119300.0,,6796.0,0,0,0,0,0,0,0,0,198,2026-02-03 05:32:30.340504
SPNG,24.9,24.68,24.83,2085600.0,2068900.0,7200.0,0,0,0,0,0,0,0,0,0,199,2026-02-03 05:32:31.371368
SMMR,24.86,24.86,24.9,2238500.0,2091800.0,5300.0,0,0,0,0,0,0,0,0,0,199,2026-02-03 05:32:31.371368
ATMN,26.08,26.03,26.08,2449400.0,1461900.0,,0,0,0,0,0,0,0,0,0,199,2026-02-03 05:32:31.371368
WNTR,24.97,24.84,24.95,1753200.0,2107100.0,7200.0,0,0,0,0,0,0,0,0,0,199,2026-02-03 05:32:31.371368
SPNG,25.09,24.69,25.09,2356600.0,2146800.0,0,0,0,0,0,0,0,0,0,0,200,2026-02-03 05:32:32.403189
SMMR,24.74,24.74,24.78,2225900.0,2188300.0,0,0,0,0,0,0,0,0,0,0,200,2026-02-03 05:32:32.403189
ATMN,26.11,26.15,26.51,2399900.0,1354400.0,0,0,0,0,0,0,0,0,0,0,200,2026-02-03 05:32:32.403189
WNTR,24.95,24.98,25.03,1742900.0,2170400.0,0,0,0,0,0,0,0,0,0,0,200,2026-02-03 05:32:32.403189
SPNG,24.69,24.83,25.09,2552800.0,2146800.0,,0,0,0,0,0,0,0,0,0,201,2026-02-03 05:32:33.432940
SMMR,24.75,24.75,24.93,2362000.0,2091800.0,,0,0,0,0,0,0,0,0,0,201,2026-02-03 05:32:33.432940
ATMN,26.15,26.03,26.13,2382000.0,1563500.0,5725.0,0,0,0,0,0,0,0,0,0,201,2026-02-03 05:32:33.432940
WNTR,24.81,24.81,24.95,1648400.0,2215900.0,,0,0,0,0,0,0,0,0,0,201,2026-02-03 05:32:33.432940
SPNG,25.09,25.1,25.3,2483700.0,2159700.0,,,0,0,0,0,0,0,0,0,202,2026-02-03 05:32:34.462639
SMMR,24.93,24.87,24.92,2313200.0,2091800.0,7050.0,,0,0,0,0,0,0,0,0,202,2026-02-03 05:32:34.462639
ATMN,26.04,26.04,26.34,2242000.0,1584600.0,,7050.0,0,0,0,0,0,0,0,0,202,2026-02-03 05:32:34.462639
WNTR,24.95,24.99,25.02,1771900.0,2242300.0,,,0,0,0,0,0,0,0,0,202,2026-02-03 05:32:34.462639
SPNG,25.1,24.69,24.95,2500300.0,2158000.0,,0,0,0,0,0,0,0,0,0,203,2026-02-03 05:32:35.492384
SMMR,24.77,24.88,24.93,2201600.0,2259900.0,7337.0,0,0,0,0,0,0,0,0,0,203,2026-02-03 05:32:35.492384
ATMN,25.98,25.91,25.98,2396500.0,1774400.0,,0,0,0,0,0,0,0,0,0,203,2026-02-03 05:32:35.492384
WNTR,24.81,24.81,24.89,1535300.0,2214600.0,,0,0,0,0,0,0,0,0,0,203,2026-02-03 05:32:35.492384
SPNG,25.1,24.79,24.95,2534900.0,2062000.0,7050.0,,0,0,0,0,0,0,0,0,204,2026-02-03 05:32:36.022079
SMMR,24.88,24.77,24.84,2326700.0,2232300.0,,,0,0,0,0,0,0,0,0,204,2026-02-03 05:32:36.022079
ATMN,25.98,25.91,25.98,2256500.0,1981800.0,,5075.0,0,0,0,0,0,0,0,0,204,2026-02-03 05:32:36.022079
WNTR,24.74,24.74,24.88,1575100.0,2121500.0,7006.0,,0,0,0,0,0,0,0,0,204,2026-02-03 05:32:36.022079
SPNG,24.95,24.79,24.95,2546300.0,7050.0,2027500.0,0,0,0,0,0,0,0,0,0,205,2026-02-03 05:32:37.048660
SMMR,24.73,24.73,24.84,2209100.0,12591.0,2045000.0,0,0,0,0,0,0,0,0,0,205,2026-02-03 05:32:37.048660
ATMN,25.76,25.76,26.06,2501500.0,,1884900.0,0,0,0,0,0,0,0,0,0,205,2026-02-03 05:32:37.048660
WNTR,24.88,24.9,24.93,1534600.0,,2238300.0,0,0,0,0,0,0,0,0,0,205,2026-02-03 05:32:37.048660
SPNG,24.78,24.78,24.95,2551600.0,7600.0,1931500.0,,0,0,0,0,0,0,0,0,206,2026-02-03 05:32:38.075485
SMMR,24.84,24.73,24.81,2209100.0,12591.0,2044200.0,,0,0,0,0,0,0,0,0,206,2026-02-03 05:32:38.075485
ATMN,25.81,25.76,25.81,2440500.0,,1990800.0,,0,0,0,0,0,0,0,0,206,2026-02-03 05:32:38.075485
WNTR,24.93,24.74,24.93,1664200.0,,2238300.0,3402.0,0,0,0,0,0,0,0,0,206,2026-02-03 05:32:38.075485
SPNG,24.78,24.86,24.95,2573600.0,3800.0,2027500.0,0,0,0,0,0,0,0,0,0,207,2026-02-03 05:32:39.105158
SMMR,24.76,24.73,24.75,2209100.0,12591.0,2067700.0,0,0,0,0,0,0,0,0,0,207,2026-02-03 05:32:39.105158
ATMN,26.34,25.76,26.34,2400300.0,,1790100.0,0,0,0,0,0,0,0,0,0,207,2026-02-03 05:32:39.105158
WNTR,24.91,24.73,24.91,1808000.0,,2236300.0,0,0,0,0,0,0,0,0,0,207,2026-02-03 05:32:39.105158
SPNG,24.86,24.86,24.98,2573600.0,2174800.0,,0,0,0,0,0,0,0,0,0,208,2026-02-03 05:32:40.149164
SMMR,24.73,24.74,24.75,2089700.0,2034800.0,12591.0,0,0,0,0,0,0,0,0,0,208,2026-02-03 05:32:40.149164
ATMN,25.81,26.24,26.34,2370600.0,2000400.0,,0,0,0,0,0,0,0,0,0,208,2026-02-03 05:32:40.149164
WNTR,24.91,24.84,24.9,2167800.0,2159500.0,2133.0,0,0,0,0,0,0,0,0,0,208,2026-02-03 05:32:40.149164
SPNG,24.86,24.87,24.98,6966.0,2463500.0,2174800.0,,0,0,0,0,0,0,0,0,209,2026-02-03 05:32:41.199963
SMMR,24.75,24.77,24.84,,2316900.0,2243700.0,,0,0,0,0,0,0,0,0,209,2026-02-03 05:32:41.199963
ATMN,25.81,26.25,26.27,3819.0,2221400.0,1988600.0,6966.0,0,0,0,0,0,0,0,0,209,2026-02-03 05:32:41.199963
WNTR,24.9,24.84,24.9,,2167800.0,2156500.0,2133.0,0,0,0,0,0,0,0,0,209,2026-02-03 05:32:41.199963
SPNG,25.1,25.26,25.31,2316100.0,13932.0,2165900.0,,0,0,0,0,0,0,0,0,210,2026-02-03 05:32:42.241562
SMMR,24.74,24.78,24.84,2171200.0,6966.0,2241600.0,,0,0,0,0,0,0,0,0,210,2026-02-03 05:32:42.241562
ATMN,25.76,26.01,26.22,2411700.0,,2144400.0,,0,0,0,0,0,0,0,0,210,2026-02-03 05:32:42.241562
WNTR,24.8,24.86,24.9,2265400.0,,2156500.0,2133.0,0,0,0,0,0,0,0,0,210,2026-02-03 05:32:42.241562
SPNG,24.78,24.78,25.31,2597100.0,2153700.0,,0,0,0,0,0,0,0,0,0,211,2026-02-03 05:32:43.278277
SMMR,24.72,24.72,24.75,1985400.0,2139400.0,6966.0,0,0,0,0,0,0,0,0,0,211,2026-02-03 05:32:43.278277
ATMN,26.25,25.76,26.25,2430000.0,2123100.0,,0,0,0,0,0,0,0,0,0,211,2026-02-03 05:32:43.278277
WNTR,24.75,24.75,24.97,2149700.0,2237700.0,,0,0,0,0,0,0,0,0,0,211,2026-02-03 05:32:43.278277
SPNG,24.68,24.79,25.3,5758.0,2442200.0,5758.0,2037400.0,0,0,0,0,0,0,0,0,212,2026-02-03 05:32:44.332817
SMMR,24.7,24.7,24.75,,1891300.0,,2247200.0,0,0,0,0,0,0,0,0,212,2026-02-03 05:32:44.332817
ATMN,26.25,25.93,26.19,5758.0,2274700.0,5758.0,2027400.0,0,0,0,0,0,0,0,0,212,2026-02-03 05:32:44.332817
WNTR,24.98,24.98,25.0,5758.0,2233900.0,,2252100.0,0,0,0,0,0,0,0,0,212,2026-02-03 05:32:44.332817
SPNG,24.91,24.79,24.87,5758.0,2442200.0,2158400.0,,0,0,0,0,0,0,0,0,213,2026-02-03 05:32:45.363140
SMMR,24.7,24.7,24.71,,1891300.0,2206100.0,6966.0,0,0,0,0,0,0,0,0,213,2026-02-03 05:32:45.363140
ATMN,25.93,25.94,26.12,6362.0,2274700.0,2028400.0,6362.0,0,0,0,0,0,0,0,0,213,2026-02-03 05:32:45.363140
WNTR,24.98,24.77,24.98,,2398600.0,2206100.0,,0,0,0,0,0,0,0,0,213,2026-02-03 05:32:45.363140
SPNG,24.66,24.68,25.32,5758.0,2401400.0,2161900.0,,0,0,0,0,0,0,0,0,214,2026-02-03 05:32:46.398085
SMMR,24.7,24.7,24.71,,1883900.0,2230300.0,6966.0,0,0,0,0,0,0,0,0,214,2026-02-03 05:32:46.398085
ATMN,25.73,25.73,26.11,,2408900.0,2052900.0,7198.0,0,0,0,0,0,0,0,0,214,2026-02-03 05:32:46.398085
WNTR,24.98,24.81,24.98,,2377400.0,2206100.0,,0,0,0,0,0,0,0,0,214,2026-02-03 05:32:46.398085
SPNG,24.66,25.01,25.06,2533700.0,2105900.0,5549.0,,0,0,0,0,0,0,0,0,215,2026-02-03 05:32:47.431672
SMMR,24.71,24.7,24.71,1978200.0,2242000.0,6966.0,,0,0,0,0,0,0,0,0,215,2026-02-03 05:32:47.431672
ATMN,25.73,25.82,26.08,2388700.0,2039900.0,836.0,,0,0,0,0,0,0,0,0,215,2026-02-03 05:32:47.431672
WNTR,25.0,24.83,25.0,2280900.0,2237000.0,,4110.0,0,0,0,0,0,0,0,0,215,2026-02-03 05:32:47.431672
SPNG,25.06,25.01,25.06,2533700.0,2123200.0,5758.0,0,0,0,0,0,0,0,0,0,216,2026-02-03 05:32:48.463493
SMMR,24.69,24.69,24.71,2092200.0,2242000.0,6966.0,0,0,0,0,0,0,0,0,0,216,2026-02-03 05:32:48.463493
ATMN,26.08,25.82,26.08,2388700.0,2145700.0,,0,0,0,0,0,0,0,0,0,216,2026-02-03 05:32:48.463493
WNTR,24.81,24.81,24.92,2407300.0,2192000.0,,0,0,0,0,0,0,0,0,0,216,2026-02-03 05:32:48.463493
SPNG,24.84,24.66,24.84,2554800.0,2103700.0,5758.0,,0,0,0,0,0,0,0,0,217,2026-02-03 05:32:49.497310
SMMR,24.68,24.68,24.75,1980100.0,2325700.0,,,0,0,0,0,0,0,0,0,217,2026-02-03 05:32:49.497310
ATMN,25.82,25.82,26.07,2388700.0,2032200.0,6060.0,,0,0,0,0,0,0,0,0,217,2026-02-03 05:32:49.497310
WNTR,24.95,24.95,25.0,2239300.0,2179900.0,,6060.0,0,0,0,0,0,0,0,0,217,2026-02-03 05:32:49.497310
SPNG,24.84,24.77,24.84,2512300.0,2199200.0,0,0,0,0,0,0,0,0,0,0,218,2026-02-03 05:32:50.528992
SMMR,24.72,24.7,24.72,2097000.0,2326800.0,0,0,0,0,0,0,0,0,0,0,218,2026-02-03 05:32:50.528992
ATMN,26.08,25.82,26.08,2388700.0,2129600.0,0,0,0,0,0,0,0,0,0,0,218,2026-02-03 05:32:50.528992
WNTR,24.9,24.81,24.85,2386800.0,2205000.0,0,0,0,0,0,0,0,0,0,0,218,2026-02-03 05:32:50.528992
SPNG,25.66,24.77,24.82,2535500.0,7481.0,2059400.0,,0,0,0,0,0,0,0,0,219,2026-02-03 05:32:51.561526
SMMR,24.78,24.7,24.78,2336300.0,,2295500.0,,0,0,0,0,0,0,0,0,219,2026-02-03 05:32:51.561526
ATMN,25.63,25.63,26.07,2405700.0,,2131300.0,,0,0,0,0,0,0,0,0,219,2026-02-03 05:32:51.561526
WNTR,24.9,24.82,24.9,2254200.0,,2197800.0,7481.0,0,0,0,0,0,0,0,0,219,2026-02-03 05:32:51.561526
SPNG,24.82,25.28,25.56,2378700.0,7481.0,2177100.0,0,0,0,0,0,0,0,0,0,220,2026-02-03 05:32:52.594320
SMMR,24.78,24.72,24.78,2296800.0,,2311300.0,0,0,0,0,0,0,0,0,0,220,2026-02-03 05:32:52.594320
ATMN,26.08,25.87,26.08,2357900.0,,2129600.0,0,0,0,0,0,0,0,0,0,220,2026-02-03 05:32:52.594320
WNTR,24.79,24.86,24.9,2270900.0,5648.0,2195300.0,0,0,0,0,0,0,0,0,0,220,2026-02-03 05:32:52.594320
SPNG,25.28,24.77,25.23,2535500.0,2225000.0,,0,0,0,0,0,0,0,0,0,221,2026-02-03 05:32:53.626451
SMMR,24.81,24.72,24.75,2332200.0,2195100.0,7481.0,0,0,0,0,0,0,0,0,0,221,2026-02-03 05:32:53.626451
ATMN,25.63,25.63,25.82,2405700.0,2020800.0,75.0,0,0,0,0,0,0,0,0,0,221,2026-02-03 05:32:53.626451
WNTR,25.0,24.86,24.9,2403500.0,2105400.0,7481.0,0,0,0,0,0,0,0,0,0,221,2026-02-03 05:32:53.626451
SPNG,24.76,24.76,25.23,2545900.0,2228600.0,,,0,0,0,0,0,0,0,0,222,2026-02-03 05:32:54.154549
SMMR,24.77,24.77,24.81,2254900.0,2290300.0,7481.0,,0,0,0,0,0,0,0,0,222,2026-02-03 05:32:54.154549
ATMN,26.08,25.64,25.81,2256200.0,2036800.0,7041.0,7041.0,0,0,0,0,0,0,0,0,222,2026-02-03 05:32:54.154549
WNTR,24.9,24.95,24.99,2402800.0,2221200.0,,,0,0,0,0,0,0,0,0,222,2026-02-03 05:32:54.154549
SPNG,24.74,24.74,25.22,2550200.0,4217.0,2135800.0,,0,0,0,0,0,0,0,0,223,2026-02-03 05:32:55.188142
SMMR,24.7,24.7,24.81,2357600.0,,2290300.0,,0,0,0,0,0,0,0,0,223,2026-02-03 05:32:55.188142
ATMN,25.81,26.01,26.07,2172000.0,4217.0,2036800.0,4217.0,0,0,0,0,0,0,0,0,223,2026-02-03 05:32:55.188142
WNTR,24.95,24.95,24.96,2267700.0,,2252000.0,5648.0,0,0,0,0,0,0,0,0,223,2026-02-03 05:32:55.188142
SPNG,24.66,24.66,24.96,2552200.0,2123400.0,4217.0,,0,0,0,0,0,0,0,0,224,2026-02-03 05:32:56.229
SMMR,24.68,24.72,24.78,2240700.0,2202200.0,4923.0,4923.0,0,0,0,0,0,0,0,0,224,2026-02-03 05:32:56.229
ATMN,25.62,25.62,26.08,2373000.0,2136300.0,,,0,0,0,0,0,0,0,0,224,2026-02-03 05:32:56.229
WNTR,24.95,24.95,24.96,2267700.0,2277500.0,,7481.0,0,0,0,0,0,0,0,0,224,2026-02-03 05:32:56.229
SPNG,24.66,24.77,24.86,2534300.0,2013200.0,8434.0,,0,0,0,0,0,0,0,0,225,2026-02-03 05:32:57.272271
SMMR,24.68,24.71,24.78,2248300.0,2306300.0,,5391.0,0,0,0,0,0,0,0,0,225,2026-02-03 05:32:57.272271
ATMN,26.05,25.62,25.86,2364800.0,2047100.0,4217.0,,0,0,0,0,0,0,0,0,225,2026-02-03 05:32:57.272271
WNTR,24.95,24.86,24.95,2398900.0,2300500.0,,,0,0,0,0,0,0,0,0,225,2026-02-03 05:32:57.272271
SPNG,24.86,24.77,24.86,2538400.0,2146700.0,4217.0,0,0,0,0,0,0,0,0,0,226,2026-02-03 05:32:58.312531
SMMR,24.78,24.7,24.72,2358400.0,2304300.0,,0,0,0,0,0,0,0,0,0,226,2026-02-03 05:32:58.312531
ATMN,26.19,25.74,26.19,2334800.0,2133800.0,,0,0,0,0,0,0,0,0,0,226,2026-02-03 05:32:58.312531
WNTR,24.8,24.79,24.8,2392300.0,2302400.0,,0,0,0,0,0,0,0,0,0,226,2026-02-03 05:32:58.312531
SPNG,24.86,24.77,24.86,2519800.0,2126900.0,4217.0,0,0,0,0,0,0,0,0,0,227,2026-02-03 05:32:59.347183
SMMR,24.83,24.75,24.83,2359500.0,2286100.0,,0,0,0,0,0,0,0,0,0,227,2026-02-03 05:32:59.347183
ATMN,25.74,25.62,25.63,2364800.0,2174700.0,,0,0,0,0,0,0,0,0,0,227,2026-02-03 05:32:59.347183
WNTR,24.96,24.92,24.95,2391300.0,2173000.0,782.0,0,0,0,0,0,0,0,0,0,227,2026-02-03 05:32:59.347183
SPNG,24.95,24.77,24.95,2519800.0,2274100.0,,,0,0,0,0,0,0,0,0,228,2026-02-03 05:33:00.375668
SMMR,24.81,24.81,24.83,2280600.0,2296700.0,5391.0,,0,0,0,0,0,0,0,0,228,2026-02-03 05:33:00.375668
ATMN,25.74,25.62,25.63,2237500.0,2068700.0,,5098.0,0,0,0,0,0,0,0,0,228,2026-02-03 05:33:00.375668
WNTR,24.96,24.92,24.96,2252400.0,2277500.0,4609.0,,0,0,0,0,0,0,0,0,228,2026-02-03 05:33:00.375668
SPNG,24.95,24.85,24.94,2353600.0,4926.0,4926.0,2162000.0,0,0,0,0,0,0,0,0,229,2026-02-03 05:33:01.402620
SMMR,24.81,24.81,24.83,2381200.0,,,2291600.0,0,0,0,0,0,0,0,0,229,2026-02-03 05:33:01.402620
ATMN,26.15,25.63,26.15,2234200.0,,,2147200.0,0,0,0,0,0,0,0,0,229,2026-02-03 05:33:01.402620
WNTR,24.99,24.92,24.99,2365200.0,,,2252500.0,0,0,0,0,0,0,0,0,229,2026-02-03 05:33:01.402620
SPNG,25.03,24.86,25.03,3652.0,2353600.0,2267400.0,0,0,0,0,0,0,0,0,0,230,2026-02-03 05:33:02.432372
SMMR,24.81,24.81,24.82,10782.0,2141000.0,2318800.0,0,0,0,0,0,0,0,0,0,230,2026-02-03 05:33:02.432372
ATMN,26.13,25.63,26.05,,2234200.0,2177500.0,0,0,0,0,0,0,0,0,0,230,2026-02-03 05:33:02.432372
WNTR,24.9,24.9,25.0,,2385900.0,2240700.0,0,0,0,0,0,0,0,0,0,230,2026-02-03 05:33:02.432372
SPNG,24.77,24.77,25.03,2519600.0,2267400.0,,,0,0,0,0,0,0,0,0,231,2026-02-03 05:33:03.461253
SMMR,24.7,24.68,24.7,2372700.0,2264800.0,,,0,0,0,0,0,0,0,0,231,2026-02-03 05:33:03.461253
ATMN,26.28,25.64,26.28,2115900.0,2139700.0,5355.0,,0,0,0,0,0,0,0,0,231,2026-02-03 05:33:03.461253
WNTR,25.02,24.82,25.0,2359700.0,2150600.0,,5355.0,0,0,0,0,0,0,0,0,231,2026-02-03 05:33:03.461253
SPNG,25.14,24.89,25.14,2508700.0,2250700.0,,,0,0,0,0,0,0,0,0,232,2026-02-03 05:33:04.494296
SMMR,24.73,24.69,24.73,2371700.0,2282900.0,,,0,0,0,0,0,0,0,0,232,2026-02-03 05:33:04.494296
ATMN,26.34,25.78,26.34,2138200.0,2127500.0,5355.0,,0,0,0,0,0,0,0,0,232,2026-02-03 05:33:04.494296
WNTR,25.03,24.95,24.99,2202900.0,2121100.0,5355.0,1782.0,0,0,0,0,0,0,0,0,232,2026-02-03 05:33:04.494296
SPNG,24.83,24.62,24.83,2509300.0,2287000.0,,0,0,0,0,0,0,0,0,0,233,2026-02-03 05:33:05.525534
SMMR,24.75,24.75,24.81,2242300.0,2309000.0,6161.0,0,0,0,0,0,0,0,0,0,233,2026-02-03 05:33:05.525534
ATMN,25.97,25.78,25.97,2138200.0,2133300.0,5355.0,0,0,0,0,0,0,0,0,0,233,2026-02-03 05:33:05.525534
WNTR,24.95,24.82,24.94,2359700.0,2275900.0,,0,0,0,0,0,0,0,0,0,233,2026-02-03 05:33:05.525534
SPNG,24.91,24.62,24.9,2502300.0,4621.0,2143600.0,,0,0,0,0,0,0,0,0,234,2026-02-03 05:33:06.554785
SMMR,24.75,24.75,24.79,2242300.0,,2324900.0,6161.0,0,0,0,0,0,0,0,0,234,2026-02-03 05:33:06.554785
ATMN,26.34,25.78,26.01,2137700.0,,2148400.0,5355.0,0,0,0,0,0,0,0,0,234,2026-02-03 05:33:06.554785
WNTR,24.95,24.83,24.93,2193100.0,6161.0,2148500.0,6161.0,0,0,0,0,0,0,0,0,234,2026-02-03 05:33:06.554785
SPNG,24.91,24.94,25.14,2480100.0,2250700.0,,0,0,0,0,0,0,0,0,0,235,2026-02-03 05:33:07.580167
SMMR,24.68,24.68,24.76,2333200.0,2347700.0,,0,0,0,0,0,0,0,0,0,235,2026-02-03 05:33:07.580167
ATMN,26.01,26.14,26.34,2284500.0,2127500.0,,0,0,0,0,0,0,0,0,0,235,2026-02-03 05:33:07.580167
WNTR,25.03,25.02,25.03,2220200.0,2232000.0,2100.0,0,0,0,0,0,0,0,0,0,235,2026-02-03 05:33:07.580167
SPNG,24.84,24.74,24.84,2475100.0,2294600.0,0,0,0,0,0,0,0,0,0,0,236,2026-02-03 05:33:08.605842
SMMR,24.68,24.68,24.73,2350500.0,2389300.0,0,0,0,0,0,0,0,0,0,0,236,2026-02-03 05:33:08.605842
ATMN,26.14,26.14,26.37,2284500.0,2142900.0,0,0,0,0,0,0,0,0,0,0,236,2026-02-03 05:33:08.605842
WNTR,25.03,24.86,25.03,2330000.0,2232000.0,0,0,0,0,0,0,0,0,0,0,236,2026-02-03 05:33:08.605842
SPNG,25.07,24.74,25.07,2450000.0,2286800.0,0,0,0,0,0,0,0,0,0,0,237,2026-02-03 05:33:09.634459
SMMR,24.67,24.67,24.73,2326500.0,2395400.0,0,0,0,0,0,0,0,0,0,0,237,2026-02-03 05:33:09.634459
ATMN,26.21,26.14,26.16,2284500.0,2145600.0,0,0,0,0,0,0,0,0,0,0,237,2026-02-03 05:33:09.634459
WNTR,25.03,24.94,25.03,2346400.0,2232000.0,0,0,0,0,0,0,0,0,0,0,237,2026-02-03 05:33:09.634459
SPNG,24.72,24.72,25.05,2418000.0,2313700.0,0,0,0,0,0,0,0,0,0,0,238,2026-02-03 05:33:10.662526
SMMR,24.71,24.67,24.71,2326500.0,2390100.0,0,0,0,0,0,0,0,0,0,0,238,2026-02-03 05:33:10.662526
ATMN,26.14,26.04,26.11,2254600.0,2126200.0,0,0,0,0,0,0,0,0,0,0,238,2026-02-03 05:33:10.662526
WNTR,25.04,24.86,25.01,2330000.0,2237500.0,0,0,0,0,0,0,0,0,0,0,238,2026-02-03 05:33:10.662526
SPNG,25.07,24.66,25.07,2437300.0,2274500.0,0,0,0,0,0,0,0,0,0,0,239,2026-02-03 05:33:11.692464
SMMR,24.67,24.67,24.71,2327400.0,2390100.0,0,0,0,0,0,0,0,0,0,0,239,2026-02-03 05:33:11.692464
ATMN,26.16,26.29,26.37,2284100.0,2118100.0,0,0,0,0,0,0,0,0,0,0,239,2026-02-03 05:33:11.692464
WNTR,24.86,24.86,25.01,2330000.0,2237500.0,0,0,0,0,0,0,0,0,0,0,239,2026-02-03 05:33:11.692464
SPNG,25.07,25.59,27.07,907300.0,867800.0,0,0,0,0,0,0,0,0,0,0,240,2026-02-03 05:33:12.718607
SMMR,25.59,25.59,26.22,644300.0,609200.0,0,0,0,0,0,0,0,0,0,0,240,2026-02-03 05:33:12.718607
ATMN,26.42,25.67,26.2,933700.0,873900.0,0,0,0,0,0,0,0,0,0,0,240,2026-02-03 05:33:12.718607
WNTR,25.8,25.8,26.1,883800.0,793300.0,0,0,0,0,0,0,0,0,0,0,240,2026-02-03 05:33:12.718607
SPNG,25.59,25.59,25.84,945400.0,1086400.0,0,0,0,0,0,0,0,0,0,0,241,2026-02-03 05:33:13.745278
SMMR,25.59,26.01,26.14,1096700.0,839700.0,0,0,0,0,0,0,0,0,0,0,241,2026-02-03 05:33:13.745278
ATMN,26.42,25.67,25.74,933700.0,1316000.0,0,0,0,0,0,0,0,0,0,0,241,2026-02-03 05:33:13.745278
WNTR,25.39,25.53,25.97,942900.0,1146100.0,0,0,0,0,0,0,0,0,0,0,241,2026-02-03 05:33:13.745278
SPNG,25.59,25.59,25.64,945400.0,1319300.0,0,0,0,0,0,0,0,0,0,0,242,2026-02-03 05:33:14.275290
SMMR,26.22,26.01,26.22,1202600.0,817300.0,0,0,0,0,0,0,0,0,0,0,242,2026-02-03 05:33:14.275290
ATMN,26.42,25.67,25.71,933700.0,1566000.0,0,0,0,0,0,0,0,0,0,0,242,2026-02-03 05:33:14.275290
WNTR,25.39,25.56,25.71,1049800.0,1245300.0,0,0,0,0,0,0,0,0,0,0,242,2026-02-03 05:33:14.275290
SPNG,25.45,25.45,25.84,965400.0,1428000.0,0,0,0,0,0,0,0,0,0,0,243,2026-02-03 05:33:15.297624
SMMR,26.22,26.01,26.06,1313100.0,910900.0,0,0,0,0,0,0,0,0,0,0,243,2026-02-03 05:33:15.297624
ATMN,26.42,25.67,25.71,933700.0,1891000.0,0,0,0,0,0,0,0,0,0,0,243,2026-02-03 05:33:15.297624
WNTR,25.39,25.7,25.71,1436100.0,1245300.0,0,0,0,0,0,0,0,0,0,0,243,2026-02-03 05:33:15.297624
SPNG,25.45,25.45,25.84,965400.0,1524500.0,0,0,0,0,0,0,0,0,0,0,244,2026-02-03 05:33:16.323476
SMMR,26.06,26.0,26.06,1101000.0,910900.0,0,0,0,0,0,0,0,0,0,0,244,2026-02-03 05:33:16.323476
ATMN,25.64,25.64,25.69,1037100.0,2000500.0,0,0,0,0,0,0,0,0,0,0,244,2026-02-03 05:33:16.323476
WNTR,25.71,25.89,25.97,1768100.0,1146100.0,0,0,0,0,0,0,0,0,0,0,244,2026-02-03 05:33:16.323476
SPNG,25.23,25.61,25.84,1066000.0,1628300.0,0,0,0,0,0,0,0,0,0,0,245,2026-02-03 05:33:17.365278
SMMR,26.37,26.07,26.37,1339600.0,780000.0,0,0,0,0,0,0,0,0,0,0,245,2026-02-03 05:33:17.365278
ATMN,25.64,25.64,25.69,937100.0,2216500.0,0,0,0,0,0,0,0,0,0,0,245,2026-02-03 05:33:17.365278
WNTR,25.81,25.7,25.81,1549100.0,1393100.0,0,0,0,0,0,0,0,0,0,0,245,2026-02-03 05:33:17.365278
SPNG,25.06,25.25,25.84,1203700.0,1724600.0,,,0,0,0,0,0,0,0,0,246,2026-02-03 05:33:18.405382
SMMR,26.0,26.0,26.17,1337800.0,870400.0,7500.0,,0,0,0,0,0,0,0,0,246,2026-02-03 05:33:18.405382
ATMN,25.71,25.64,25.71,1152100.0,2223100.0,,,0,0,0,0,0,0,0,0,246,2026-02-03 05:33:18.405382
WNTR,25.7,25.79,25.8,1769000.0,1265000.0,7500.0,7500.0,0,0,0,0,0,0,0,0,246,2026-02-03 05:33:18.405382
SPNG,25.82,25.25,25.47,1203700.0,1830900.0,7500.0,0,0,0,0,0,0,0,0,0,247,2026-02-03 05:33:19.443246
SMMR,26.17,26.1,26.15,1590400.0,876900.0,7500.0,0,0,0,0,0,0,0,0,0,247,2026-02-03 05:33:19.443246
ATMN,25.71,25.52,25.71,1188700.0,2223100.0,,0,0,0,0,0,0,0,0,0,247,2026-02-03 05:33:19.443246
WNTR,25.98,25.98,26.01,2025800.0,1133600.0,,0,0,0,0,0,0,0,0,0,247,2026-02-03 05:33:19.443246
SPNG,25.47,25.52,25.63,1551000.0,1832000.0,,,0,0,0,0,0,0,0,0,248,2026-02-03 05:33:20.479815
SMMR,26.1,26.1,26.15,1590400.0,1100600.0,7500.0,,0,0,0,0,0,0,0,0,248,2026-02-03 05:33:20.479815
ATMN,25.74,25.62,25.74,1554600.0,2087500.0,,3750.0,0,0,0,0,0,0,0,0,248,2026-02-03 05:33:20.479815
WNTR,25.98,25.98,26.01,2025800.0,1559600.0,,,0,0,0,0,0,0,0,0,248,2026-02-03 05:33:20.479815
SPNG,25.52,25.4,25.5,1679400.0,1971600.0,,,0,0,0,0,0,0,0,0,249,2026-02-03 05:33:21.511998
SMMR,26.08,26.08,26.15,1696700.0,1100600.0,7500.0,,0,0,0,0,0,0,0,0,249,2026-02-03 05:33:21.511998
ATMN,25.77,25.64,25.77,1805800.0,1883800.0,,,0,0,0,0,0,0,0,0,249,2026-02-03 05:33:21.511998
WNTR,26.0,26.0,26.01,2024300.0,1688100.0,,5625.0,0,0,0,0,0,0,0,0,249,2026-02-03 05:33:21.511998
SPNG,25.5,25.42,25.5,2068100.0,1971600.0,5625.0,,0,0,0,0,0,0,0,0,250,2026-02-03 05:33:22.547302
SMMR,26.15,26.15,26.24,1896400.0,1198500.0,,,0,0,0,0,0,0,0,0,250,2026-02-03 05:33:22.547302
ATMN,25.78,25.65,25.76,2143800.0,1786000.0,5625.0,,0,0,0,0,0,0,0,0,250,2026-02-03 05:33:22.547302
WNTR,26.06,26.0,26.06,1893400.0,1681100.0,,5625.0,0,0,0,0,0,0,0,0,250,2026-02-03 05:33:22.547302
SPNG,25.5,25.61,25.63,2308700.0,1832000.0,0,0,0,0,0,0,0,0,0,0,251,2026-02-03 05:33:23.575468
SMMR,26.13,26.13,26.19,1791500.0,1422500.0,0,0,0,0,0,0,0,0,0,0,251,2026-02-03 05:33:23.575468
ATMN,25.78,25.69,25.78,2358300.0,1786000.0,0,0,0,0,0,0,0,0,0,0,251,2026-02-03 05:33:23.575468
WNTR,26.0,25.79,25.92,1991100.0,1889000.0,0,0,0,0,0,0,0,0,0,0,251,2026-02-03 05:33:23.575468
SPNG,25.61,25.42,25.58,2432700.0,1951400.0,,,0,0,0,0,0,0,0,0,252,2026-02-03 05:33:24.604121
SMMR,26.24,26.14,26.18,1902500.0,1416900.0,9140.0,,0,0,0,0,0,0,0,0,252,2026-02-03 05:33:24.604121
ATMN,25.69,25.69,26.0,2102400.0,1555700.0,,11718.0,0,0,0,0,0,0,0,0,252,2026-02-03 05:33:24.604121
WNTR,25.97,25.76,25.97,2026200.0,1895000.0,,,0,0,0,0,0,0,0,0,252,2026-02-03 05:33:24.604121
SPNG,25.42,25.54,25.56,2295800.0,3428.0,3428.0,1951400.0,0,0,0,0,0,0,0,0,253,2026-02-03 05:33:25.636351
SMMR,26.15,26.14,26.15,1902500.0,,,1750400.0,0,0,0,0,0,0,0,0,253,2026-02-03 05:33:25.636351
ATMN,25.65,25.65,26.01,2353800.0,,,1552500.0,0,0,0,0,0,0,0,0,253,2026-02-03 05:33:25.636351
WNTR,25.97,25.84,25.97,2127700.0,,,1895000.0,0,0,0,0,0,0,0,0,253,2026-02-03 05:33:25.636351
SPNG,25.77,25.54,25.75,2415800.0,1846000.0,,,0,0,0,0,0,0,0,0,254,2026-02-03 05:33:26.663489
SMMR,26.15,26.13,26.15,1889400.0,1750400.0,4570.0,,0,0,0,0,0,0,0,0,254,2026-02-03 05:33:26.663489
ATMN,25.92,25.92,26.01,2298500.0,1552500.0,,,0,0,0,0,0,0,0,0,254,2026-02-03 05:33:26.663489
WNTR,26.03,25.95,26.03,2245700.0,1882400.0,,4570.0,0,0,0,0,0,0,0,0,254,2026-02-03 05:33:26.663489
SPNG,25.77,25.55,25.74,6357.0,2270900.0,6357.0,1969800.0,0,0,0,0,0,0,0,0,255,2026-02-03 05:33:27.689228
SMMR,26.03,26.03,26.15,,1791300.0,4570.0,1857800.0,0,0,0,0,0,0,0,0,255,2026-02-03 05:33:27.689228
ATMN,25.64,25.64,26.01,,2331500.0,,1572900.0,0,0,0,0,0,0,0,0,255,2026-02-03 05:33:27.689228
WNTR,25.82,25.82,25.85,,2140200.0,,1989900.0,0,0,0,0,0,0,0,0,255,2026-02-03 05:33:27.689228
SPNG,25.87,25.76,25.83,2263200.0,6357.0,1843900.0,,0,0,0,0,0,0,0,0,256,2026-02-03 05:33:28.713966
SMMR,26.0,26.02,26.06,1776200.0,,1976400.0,4570.0,0,0,0,0,0,0,0,0,256,2026-02-03 05:33:28.713966
ATMN,26.15,25.64,26.15,2331500.0,,1453900.0,,0,0,0,0,0,0,0,0,256,2026-02-03 05:33:28.713966
WNTR,26.03,25.85,26.02,2248200.0,6357.0,2008800.0,6357.0,0,0,0,0,0,0,0,0,256,2026-02-03 05:33:28.713966
SPNG,25.4,25.4,25.83,2388300.0,1843900.0,,,0,0,0,0,0,0,0,0,257,2026-02-03 05:33:29.742544
SMMR,25.99,26.0,26.06,1656000.0,1976400.0,4570.0,,0,0,0,0,0,0,0,0,257,2026-02-03 05:33:29.742544
ATMN,26.15,25.75,26.15,2153300.0,1553600.0,,6357.0,0,0,0,0,0,0,0,0,257,2026-02-03 05:33:29.742544
WNTR,26.06,25.88,26.02,2367100.0,2024400.0,,,0,0,0,0,0,0,0,0,257,2026-02-03 05:33:29.742544
SPNG,25.74,25.58,25.74,2388300.0,2080300.0,4594.0,,0,0,0,0,0,0,0,0,258,2026-02-03 05:33:30.775287
SMMR,26.06,26.13,26.15,1897000.0,1950000.0,,,0,0,0,0,0,0,0,0,258,2026-02-03 05:33:30.775287
ATMN,25.64,25.86,26.15,2291700.0,1645600.0,,,0,0,0,0,0,0,0,0,258,2026-02-03 05:33:30.775287
WNTR,25.88,25.89,25.93,2254900.0,2001100.0,14106.0,7053.0,0,0,0,0,0,0,0,0,258,2026-02-03 05:33:30.775287
SPNG,25.89,25.4,25.42,2388300.0,1741300.0,4594.0,,0,0,0,0,0,0,0,0,259,2026-02-03 05:33:31.810169
SMMR,26.19,26.13,26.19,2113200.0,1871400.0,,,0,0,0,0,0,0,0,0,259,2026-02-03 05:33:31.810169
ATMN,26.15,25.87,26.1,2188400.0,1902600.0,4588.0,4588.0,0,0,0,0,0,0,0,0,259,2026-02-03 05:33:31.810169
WNTR,25.87,25.87,25.93,2371100.0,2094500.0,7053.0,,0,0,0,0,0,0,0,0,259,2026-02-03 05:33:31.810169
SPNG,25.74,25.4,25.5,2372900.0,1734500.0,,0,0,0,0,0,0,0,0,0,260,2026-02-03 05:33:32.842454
SMMR,26.0,26.0,26.19,1900800.0,1871400.0,,0,0,0,0,0,0,0,0,0,260,2026-02-03 05:33:32.842454
ATMN,26.15,25.86,25.88,2323900.0,2034300.0,,0,0,0,0,0,0,0,0,0,260,2026-02-03 05:33:32.842454
WNTR,25.87,25.92,25.93,2350000.0,2074400.0,7053.0,0,0,0,0,0,0,0,0,0,260,2026-02-03 05:33:32.842454
SPNG,25.5,25.4,25.5,2235300.0,4594.0,1734500.0,,0,0,0,0,0,0,0,0,261,2026-02-03 05:33:33.381550
SMMR,26.0,26.04,26.19,1993300.0,,1995800.0,5736.0,0,0,0,0,0,0,0,0,261,2026-02-03 05:33:33.381550
ATMN,25.77,25.77,25.88,2312900.0,,2034300.0,,0,0,0,0,0,0,0,0,261,2026-02-03 05:33:33.381550
WNTR,25.87,25.92,25.93,2350000.0,,2089200.0,7053.0,0,0,0,0,0,0,0,0,261,2026-02-03 05:33:33.381550
SPNG,25.4,25.4,25.89,2348600.0,1705700.0,,,0,0,0,0,0,0,0,0,262,2026-02-03 05:33:34.440613
SMMR,26.19,26.11,26.19,2081000.0,1871800.0,5736.0,,0,0,0,0,0,0,0,0,262,2026-02-03 05:33:34.440613
ATMN,26.19,25.79,26.19,2199500.0,1660300.0,,5378.0,0,0,0,0,0,0,0,0,262,2026-02-03 05:33:34.440613
WNTR,25.85,25.85,25.93,2353700.0,2103500.0,7053.0,,0,0,0,0,0,0,0,0,262,2026-02-03 05:33:34.440613
SPNG,25.38,25.38,25.93,2350500.0,1567800.0,,0,0,0,0,0,0,0,0,0,263,2026-02-03 05:33:35.488721
SMMR,26.24,26.11,26.21,2081000.0,2007500.0,,0,0,0,0,0,0,0,0,0,263,2026-02-03 05:33:35.488721
ATMN,26.19,25.79,26.19,2239000.0,1883100.0,4302.0,0,0,0,0,0,0,0,0,0,263,2026-02-03 05:33:35.488721
WNTR,25.85,25.85,25.94,2353700.0,2217800.0,,0,0,0,0,0,0,0,0,0,263,2026-02-03 05:33:35.488721
SPNG,25.26,25.26,25.93,2373600.0,1567800.0,,,0,0,0,0,0,0,0,0,264,2026-02-03 05:33:36.532828
SMMR,26.24,26.12,26.2,2072500.0,2006300.0,6155.0,6155.0,0,0,0,0,0,0,0,0,264,2026-02-03 05:33:36.532828
ATMN,26.19,25.93,25.98,2234700.0,2091400.0,4302.0,,0,0,0,0,0,0,0,0,264,2026-02-03 05:33:36.532828
WNTR,25.95,25.87,25.93,2356800.0,2094800.0,,6155.0,0,0,0,0,0,0,0,0,264,2026-02-03 05:33:36.532828
SPNG,26.06,25.35,25.97,2356400.0,1565200.0,,0,0,0,0,0,0,0,0,0,265,2026-02-03 05:33:37.601004
SMMR,26.21,26.11,26.2,2061200.0,2124000.0,6155.0,0,0,0,0,0,0,0,0,0,265,2026-02-03 05:33:37.601004
ATMN,26.19,25.93,25.94,2234700.0,2226800.0,4302.0,0,0,0,0,0,0,0,0,0,265,2026-02-03 05:33:37.601004
