ticker,last_price,bid_price,ask_price,BUY_ANON,SELL_ANON,BUY_WRSW-2,SELL_WRSW-1,SELL_COLB-2,SELL_COLA-1,BUY_NAIT-1,BUY_WRSW-1,SELL_BRCH-1,BUY_GIOT-3,SELL_WRSW-3,BUY_LUIS-1,SELL_UOTB-2,BUY_LAVL-1,SELL_UOTB-1,BUY_UEBR-1,BUY_COLA-3,SELL_LAVL-1,BUY_WRSW-3,BUY_BRCH-1,SELL_UEBR-1,BUY_UOTB-1,SELL_GIOT-3,BUY_UOTB-2,SELL_LUIS-1,BUY_UOTB-3,SELL_COLA-3,BUY_COLB-2,SELL_WRSW-2,BUY_COLA-1,SELL_UOTB-3,SELL_NAIT-1,tick,timestamp,news_news_id,news_period,news_tick,news_ticker,news_headline,news_body
SPNG,25.17,24.95,25.17,2271800.0,2114800.0,0,0,0,0,0,0,0,0,0,0,0,0,0,0,0,0,0,0,0,0,0,0,0,0,0,0,0,0,0,0,1,2026-02-05 05:57:00.648232,2.0,1.0,1.0,,Aggregate Position Limit,Your CRO has set the aggregate position limit to 14000 shares for this week.
SMMR,24.89,24.89,25.03,2294900.0,2235800.0,0,0,0,0,0,0,0,0,0,0,0,0,0,0,0,0,0,0,0,0,0,0,0,0,0,0,0,0,0,0,1,2026-02-05 05:57:00.648232,1.0,1.0,1.0,,Welcome to the RITC 2026 Alogithmic Market Making Case - practice server,
ATMN,25.12,24.93,25.12,2297600.0,2094100.0,0,0,0,0,0,0,0,0,0,0,0,0,0,0,0,0,0,0,0,0,0,0,0,0,0,0,0,0,0,0,1,2026-02-05 05:57:00.648232,,,,,,
WNTR,24.95,24.95,25.04,2079100.0,2202100.0,0,0,0,0,0,0,0,0,0,0,0,0,0,0,0,0,0,0,0,0,0,0,0,0,0,0,0,0,0,0,1,2026-02-05 05:57:00.648232,,,,,,
SPNG,25.17,24.95,25.17,2280000.0,2208100.0,0,0,0,0,0,0,0,0,0,0,0,0,0,0,0,0,0,0,0,0,0,0,0,0,0,0,0,0,0,0,2,2026-02-05 05:57:01.718063
SMMR,24.89,24.91,25.03,2282400.0,2235800.0,0,0,0,0,0,0,0,0,0,0,0,0,0,0,0,0,0,0,0,0,0,0,0,0,0,0,0,0,0,0,2,2026-02-05 05:57:01.718063
ATMN,25.12,24.93,25.12,2269600.0,2094100.0,0,0,0,0,0,0,0,0,0,0,0,0,0,0,0,0,0,0,0,0,0,0,0,0,0,0,0,0,0,0,2,2026-02-05 05:57:01.718063
WNTR,24.94,24.94,25.05,1843400.0,2191600.0,0,0,0,0,0,0,0,0,0,0,0,0,0,0,0,0,0,0,0,0,0,0,0,0,0,0,0,0,0,0,2,2026-02-05 05:57:01.718063
SPNG,25.05,25.09,25.17,2160.0,2186100.0,2204000.0,0,0,0,0,0,0,0,0,0,0,0,0,0,0,0,0,0,0,0,0,0,0,0,0,0,0,0,0,0,3,2026-02-05 05:57:02.777687
SMMR,24.91,24.91,25.0,,2291100.0,2229400.0,0,0,0,0,0,0,0,0,0,0,0,0,0,0,0,0,0,0,0,0,0,0,0,0,0,0,0,0,0,3,2026-02-05 05:57:02.777687
ATMN,24.85,24.85,25.12,,2279600.0,2094100.0,0,0,0,0,0,0,0,0,0,0,0,0,0,0,0,0,0,0,0,0,0,0,0,0,0,0,0,0,0,3,2026-02-05 05:57:02.777687
WNTR,24.94,24.78,24.79,,2094000.0,2218200.0,0,0,0,0,0,0,0,0,0,0,0,0,0,0,0,0,0,0,0,0,0,0,0,0,0,0,0,0,0,3,2026-02-05 05:57:02.777687
SPNG,24.95,24.95,25.13,2280000.0,4320.0,1998100.0,,0,0,0,0,0,0,0,0,0,0,0,0,0,0,0,0,0,0,0,0,0,0,0,0,0,0,0,0,4,2026-02-05 05:57:03.369011
SMMR,24.91,24.94,24.99,2170100.0,,2219800.0,2160.0,0,0,0,0,0,0,0,0,0,0,0,0,0,0,0,0,0,0,0,0,0,0,0,0,0,0,0,0,4,2026-02-05 05:57:03.369011
ATMN,24.85,24.85,24.89,2307400.0,,2312300.0,,0,0,0,0,0,0,0,0,0,0,0,0,0,0,0,0,0,0,0,0,0,0,0,0,0,0,0,0,4,2026-02-05 05:57:03.369011
WNTR,24.79,24.91,25.05,2336500.0,,2191600.0,,0,0,0,0,0,0,0,0,0,0,0,0,0,0,0,0,0,0,0,0,0,0,0,0,0,0,0,0,4,2026-02-05 05:57:03.369011
SPNG,24.86,24.86,25.05,2288300.0,1998400.0,4320.0,,0,0,0,0,0,0,0,0,0,0,0,0,0,0,0,0,0,0,0,0,0,0,0,0,0,0,0,0,5,2026-02-05 05:57:04.411603
SMMR,25.03,24.9,25.03,2258000.0,2235800.0,,,0,0,0,0,0,0,0,0,0,0,0,0,0,0,0,0,0,0,0,0,0,0,0,0,0,0,0,0,5,2026-02-05 05:57:04.411603
ATMN,24.89,24.85,24.89,2082100.0,2096100.0,4320.0,4320.0,0,0,0,0,0,0,0,0,0,0,0,0,0,0,0,0,0,0,0,0,0,0,0,0,0,0,0,0,5,2026-02-05 05:57:04.411603
WNTR,25.05,25.11,25.13,2367200.0,2215700.0,,,0,0,0,0,0,0,0,0,0,0,0,0,0,0,0,0,0,0,0,0,0,0,0,0,0,0,0,0,5,2026-02-05 05:57:04.411603
SPNG,25.21,24.91,25.21,2246.0,2035200.0,2227300.0,0,0,0,0,0,0,0,0,0,0,0,0,0,0,0,0,0,0,0,0,0,0,0,0,0,0,0,0,0,6,2026-02-05 05:57:05.464837
SMMR,25.04,24.95,25.04,,2234800.0,2229700.0,0,0,0,0,0,0,0,0,0,0,0,0,0,0,0,0,0,0,0,0,0,0,0,0,0,0,0,0,0,6,2026-02-05 05:57:05.464837
ATMN,24.85,24.85,25.12,4320.0,2076200.0,2203200.0,0,0,0,0,0,0,0,0,0,0,0,0,0,0,0,0,0,0,0,0,0,0,0,0,0,0,0,0,0,6,2026-02-05 05:57:05.464837
WNTR,25.11,25.11,25.13,4320.0,2125200.0,2205700.0,0,0,0,0,0,0,0,0,0,0,0,0,0,0,0,0,0,0,0,0,0,0,0,0,0,0,0,0,0,6,2026-02-05 05:57:05.464837
SPNG,24.84,24.84,24.96,2246600.0,2246.0,1991000.0,0,0,0,0,0,0,0,0,0,0,0,0,0,0,0,0,0,0,0,0,0,0,0,0,0,0,0,0,0,7,2026-02-05 05:57:06.507661
SMMR,24.9,24.9,25.01,2248400.0,4320.0,2000700.0,0,0,0,0,0,0,0,0,0,0,0,0,0,0,0,0,0,0,0,0,0,0,0,0,0,0,0,0,0,7,2026-02-05 05:57:06.507661
ATMN,24.82,24.82,25.12,2320600.0,,2296700.0,0,0,0,0,0,0,0,0,0,0,0,0,0,0,0,0,0,0,0,0,0,0,0,0,0,0,0,0,0,7,2026-02-05 05:57:06.507661
WNTR,24.89,24.78,24.88,2359400.0,,2151700.0,0,0,0,0,0,0,0,0,0,0,0,0,0,0,0,0,0,0,0,0,0,0,0,0,0,0,0,0,0,7,2026-02-05 05:57:06.507661
SPNG,25.22,24.84,25.22,2245900.0,2210800.0,,,0,0,0,0,0,0,0,0,0,0,0,0,0,0,0,0,0,0,0,0,0,0,0,0,0,0,0,0,8,2026-02-05 05:57:07.559456
SMMR,25.01,25.04,25.05,2273500.0,2213600.0,,,0,0,0,0,0,0,0,0,0,0,0,0,0,0,0,0,0,0,0,0,0,0,0,0,0,0,0,0,8,2026-02-05 05:57:07.559456
ATMN,24.8,24.8,25.05,2300800.0,2096200.0,2246.0,,0,0,0,0,0,0,0,0,0,0,0,0,0,0,0,0,0,0,0,0,0,0,0,0,0,0,0,0,8,2026-02-05 05:57:07.559456
WNTR,24.88,24.87,24.88,2243300.0,2151700.0,,1123.0,0,0,0,0,0,0,0,0,0,0,0,0,0,0,0,0,0,0,0,0,0,0,0,0,0,0,0,0,8,2026-02-05 05:57:07.559456
SPNG,25.13,25.13,25.22,2226800.0,2210800.0,,0,0,0,0,0,0,0,0,0,0,0,0,0,0,0,0,0,0,0,0,0,0,0,0,0,0,0,0,0,9,2026-02-05 05:57:08.593297
SMMR,25.04,25.04,25.05,2273300.0,2213600.0,,0,0,0,0,0,0,0,0,0,0,0,0,0,0,0,0,0,0,0,0,0,0,0,0,0,0,0,0,0,9,2026-02-05 05:57:08.593297
ATMN,24.74,24.74,25.23,2324900.0,2309400.0,,0,0,0,0,0,0,0,0,0,0,0,0,0,0,0,0,0,0,0,0,0,0,0,0,0,0,0,0,0,9,2026-02-05 05:57:08.593297
WNTR,25.13,24.94,24.99,2098200.0,2159400.0,2246.0,0,0,0,0,0,0,0,0,0,0,0,0,0,0,0,0,0,0,0,0,0,0,0,0,0,0,0,0,0,9,2026-02-05 05:57:08.593297
SPNG,24.92,25.1,25.22,2261300.0,2213800.0,,,0,0,0,0,0,0,0,0,0,0,0,0,0,0,0,0,0,0,0,0,0,0,0,0,0,0,0,0,10,2026-02-05 05:57:09.643602
SMMR,25.05,25.04,25.05,2037500.0,2022500.0,4320.0,4320.0,0,0,0,0,0,0,0,0,0,0,0,0,0,0,0,0,0,0,0,0,0,0,0,0,0,0,0,0,10,2026-02-05 05:57:09.643602
ATMN,25.23,24.96,25.23,2098100.0,2327600.0,4320.0,,0,0,0,0,0,0,0,0,0,0,0,0,0,0,0,0,0,0,0,0,0,0,0,0,0,0,0,0,10,2026-02-05 05:57:09.643602
WNTR,24.94,24.94,24.99,2100200.0,2159400.0,2246.0,,0,0,0,0,0,0,0,0,0,0,0,0,0,0,0,0,0,0,0,0,0,0,0,0,0,0,0,0,10,2026-02-05 05:57:09.643602
SPNG,25.1,24.8,24.88,2266200.0,2182500.0,,,0,0,0,0,0,0,0,0,0,0,0,0,0,0,0,0,0,0,0,0,0,0,0,0,0,0,0,0,11,2026-02-05 05:57:10.689055
SMMR,24.97,24.9,24.92,2258400.0,2050300.0,4320.0,,0,0,0,0,0,0,0,0,0,0,0,0,0,0,0,0,0,0,0,0,0,0,0,0,0,0,0,0,11,2026-02-05 05:57:10.689055
ATMN,25.23,24.96,25.0,2098100.0,2090300.0,4320.0,4320.0,0,0,0,0,0,0,0,0,0,0,0,0,0,0,0,0,0,0,0,0,0,0,0,0,0,0,0,0,11,2026-02-05 05:57:10.689055
WNTR,25.04,25.04,25.11,1972000.0,2138000.0,,4903.0,0,0,0,0,0,0,0,0,0,0,0,0,0,0,0,0,0,0,0,0,0,0,0,0,0,0,0,0,11,2026-02-05 05:57:10.689055
SPNG,24.89,24.82,24.89,4320.0,2051000.0,2169500.0,,0,0,0,0,0,0,0,0,0,0,0,0,0,0,0,0,0,0,0,0,0,0,0,0,0,0,0,0,12,2026-02-05 05:57:11.735394
SMMR,25.06,24.89,24.9,2246.0,2005300.0,2029700.0,3283.0,0,0,0,0,0,0,0,0,0,0,0,0,0,0,0,0,0,0,0,0,0,0,0,0,0,0,0,0,12,2026-02-05 05:57:11.735394
ATMN,24.73,24.73,24.85,,2329000.0,2045600.0,4320.0,0,0,0,0,0,0,0,0,0,0,0,0,0,0,0,0,0,0,0,0,0,0,0,0,0,0,0,0,12,2026-02-05 05:57:11.735394
WNTR,25.12,24.94,25.12,1123.0,2227000.0,2118500.0,,0,0,0,0,0,0,0,0,0,0,0,0,0,0,0,0,0,0,0,0,0,0,0,0,0,0,0,0,12,2026-02-05 05:57:11.735394
SPNG,24.79,24.79,24.89,2290100.0,2205800.0,,,0,0,0,0,0,0,0,0,0,0,0,0,0,0,0,0,0,0,0,0,0,0,0,0,0,0,0,0,13,2026-02-05 05:57:12.774314
SMMR,25.13,24.89,25.13,2026000.0,2237500.0,2246.0,,0,0,0,0,0,0,0,0,0,0,0,0,0,0,0,0,0,0,0,0,0,0,0,0,0,0,0,0,13,2026-02-05 05:57:12.774314
ATMN,24.67,24.67,24.84,2370400.0,1954300.0,,6480.0,0,0,0,0,0,0,0,0,0,0,0,0,0,0,0,0,0,0,0,0,0,0,0,0,0,0,0,0,13,2026-02-05 05:57:12.774314
WNTR,24.87,24.78,24.86,2382900.0,2170200.0,,,0,0,0,0,0,0,0,0,0,0,0,0,0,0,0,0,0,0,0,0,0,0,0,0,0,0,0,0,13,2026-02-05 05:57:12.774314
SPNG,25.15,24.9,25.15,4320.0,2075400.0,2197600.0,,0,0,0,0,0,0,0,0,0,0,0,0,0,0,0,0,0,0,0,0,0,0,0,0,0,0,0,0,14,2026-02-05 05:57:13.818765
SMMR,25.13,25.02,25.13,2246.0,2061500.0,2259500.0,,0,0,0,0,0,0,0,0,0,0,0,0,0,0,0,0,0,0,0,0,0,0,0,0,0,0,0,0,14,2026-02-05 05:57:13.818765
ATMN,24.48,24.54,24.84,,2355800.0,1954300.0,6480.0,0,0,0,0,0,0,0,0,0,0,0,0,0,0,0,0,0,0,0,0,0,0,0,0,0,0,0,0,14,2026-02-05 05:57:13.818765
WNTR,24.86,24.82,24.86,,2359100.0,1965500.0,2334.0,0,0,0,0,0,0,0,0,0,0,0,0,0,0,0,0,0,0,0,0,0,0,0,0,0,0,0,0,14,2026-02-05 05:57:13.818765
SPNG,24.78,24.92,24.94,2293100.0,4320.0,1992200.0,,0,0,0,0,0,0,0,0,0,0,0,0,0,0,0,0,0,0,0,0,0,0,0,0,0,0,0,0,15,2026-02-05 05:57:14.387779
SMMR,25.13,25.02,25.13,2154000.0,,2252000.0,1123.0,0,0,0,0,0,0,0,0,0,0,0,0,0,0,0,0,0,0,0,0,0,0,0,0,0,0,0,0,15,2026-02-05 05:57:14.387779
ATMN,24.48,24.61,24.84,2368300.0,6480.0,1954300.0,,0,0,0,0,0,0,0,0,0,0,0,0,0,0,0,0,0,0,0,0,0,0,0,0,0,0,0,0,15,2026-02-05 05:57:14.387779
WNTR,24.86,24.88,25.01,2369600.0,2334.0,1940900.0,,0,0,0,0,0,0,0,0,0,0,0,0,0,0,0,0,0,0,0,0,0,0,0,0,0,0,0,0,15,2026-02-05 05:57:14.387779
SPNG,24.76,24.76,24.94,2310400.0,4320.0,1992200.0,,0,0,0,0,0,0,0,0,0,0,0,0,0,0,0,0,0,0,0,0,0,0,0,0,0,0,0,0,16,2026-02-05 05:57:15.443074
SMMR,24.89,24.89,25.1,2134600.0,4278.0,2045100.0,1123.0,0,0,0,0,0,0,0,0,0,0,0,0,0,0,0,0,0,0,0,0,0,0,0,0,0,0,0,0,16,2026-02-05 05:57:15.443074
ATMN,25.06,24.68,25.06,2380400.0,,2326400.0,,0,0,0,0,0,0,0,0,0,0,0,0,0,0,0,0,0,0,0,0,0,0,0,0,0,0,0,0,16,2026-02-05 05:57:15.443074
WNTR,24.92,24.9,24.92,2365400.0,2334.0,1955800.0,,0,0,0,0,0,0,0,0,0,0,0,0,0,0,0,0,0,0,0,0,0,0,0,0,0,0,0,0,16,2026-02-05 05:57:15.443074
SPNG,24.96,25.04,25.15,4320.0,2065900.0,2179800.0,,0,0,0,0,0,0,0,0,0,0,0,0,0,0,0,0,0,0,0,0,0,0,0,0,0,0,0,0,17,2026-02-05 05:57:16.505815
SMMR,24.89,24.95,25.0,1123.0,2163100.0,2054000.0,4278.0,0,0,0,0,0,0,0,0,0,0,0,0,0,0,0,0,0,0,0,0,0,0,0,0,0,0,0,0,17,2026-02-05 05:57:16.505815
ATMN,25.07,24.61,25.07,,2364900.0,2320500.0,,0,0,0,0,0,0,0,0,0,0,0,0,0,0,0,0,0,0,0,0,0,0,0,0,0,0,0,0,17,2026-02-05 05:57:16.505815
WNTR,24.92,24.9,24.92,,2374400.0,1881500.0,4905.0,0,0,0,0,0,0,0,0,0,0,0,0,0,0,0,0,0,0,0,0,0,0,0,0,0,0,0,0,17,2026-02-05 05:57:16.505815
SPNG,24.73,24.73,25.07,2333900.0,1966100.0,4320.0,,0,0,0,0,0,0,0,0,0,0,0,0,0,0,0,0,0,0,0,0,0,0,0,0,0,0,0,0,18,2026-02-05 05:57:17.538583
SMMR,24.98,24.98,25.02,1946600.0,2141000.0,2139.0,3429.0,0,0,0,0,0,0,0,0,0,0,0,0,0,0,0,0,0,0,0,0,0,0,0,0,0,0,0,0,18,2026-02-05 05:57:17.538583
ATMN,24.63,24.64,25.07,2352900.0,2334000.0,,,0,0,0,0,0,0,0,0,0,0,0,0,0,0,0,0,0,0,0,0,0,0,0,0,0,0,0,0,18,2026-02-05 05:57:17.538583
WNTR,24.94,24.94,25.01,2337200.0,2065700.0,1167.0,,0,0,0,0,0,0,0,0,0,0,0,0,0,0,0,0,0,0,0,0,0,0,0,0,0,0,0,0,18,2026-02-05 05:57:17.538583
SPNG,24.73,24.73,25.07,2355400.0,1962400.0,4320.0,,0,0,0,0,0,0,0,0,0,0,0,0,0,0,0,0,0,0,0,0,0,0,0,0,0,0,0,0,19,2026-02-05 05:57:18.574007
SMMR,25.02,24.95,25.02,1957600.0,2134900.0,2139.0,3429.0,0,0,0,0,0,0,0,0,0,0,0,0,0,0,0,0,0,0,0,0,0,0,0,0,0,0,0,0,19,2026-02-05 05:57:18.574007
ATMN,24.84,24.81,24.84,2092900.0,2079800.0,3282.0,3282.0,0,0,0,0,0,0,0,0,0,0,0,0,0,0,0,0,0,0,0,0,0,0,0,0,0,0,0,0,19,2026-02-05 05:57:18.574007
WNTR,24.94,24.94,24.95,2333100.0,1892300.0,3327.0,,0,0,0,0,0,0,0,0,0,0,0,0,0,0,0,0,0,0,0,0,0,0,0,0,0,0,0,0,19,2026-02-05 05:57:18.574007
SPNG,24.97,24.97,25.07,2115800.0,2246.0,2082200.0,2160.0,0,0,0,0,0,0,0,0,0,0,0,0,0,0,0,0,0,0,0,0,0,0,0,0,0,0,0,0,20,2026-02-05 05:57:19.608884
SMMR,25.02,24.95,25.02,2028100.0,2276.0,2134900.0,2139.0,0,0,0,0,0,0,0,0,0,0,0,0,0,0,0,0,0,0,0,0,0,0,0,0,0,0,0,0,20,2026-02-05 05:57:19.608884
ATMN,24.61,24.61,24.71,2364900.0,,2102100.0,3282.0,0,0,0,0,0,0,0,0,0,0,0,0,0,0,0,0,0,0,0,0,0,0,0,0,0,0,0,0,20,2026-02-05 05:57:19.608884
WNTR,24.93,24.93,25.01,2356700.0,,2061000.0,1167.0,0,0,0,0,0,0,0,0,0,0,0,0,0,0,0,0,0,0,0,0,0,0,0,0,0,0,0,0,20,2026-02-05 05:57:19.608884
SPNG,24.97,24.97,25.05,2115800.0,2246.0,2036900.0,2160.0,0,0,0,0,0,0,0,0,0,0,0,0,0,0,0,0,0,0,0,0,0,0,0,0,0,0,0,0,21,2026-02-05 05:57:20.651249
SMMR,24.95,24.95,25.1,1794800.0,5690.0,2248800.0,,0,0,0,0,0,0,0,0,0,0,0,0,0,0,0,0,0,0,0,0,0,0,0,0,0,0,0,0,21,2026-02-05 05:57:20.651249
ATMN,24.54,24.45,24.46,2310200.0,,2201200.0,1641.0,0,0,0,0,0,0,0,0,0,0,0,0,0,0,0,0,0,0,0,0,0,0,0,0,0,0,0,0,21,2026-02-05 05:57:20.651249
WNTR,24.93,25.0,25.01,2360300.0,,2065200.0,1167.0,0,0,0,0,0,0,0,0,0,0,0,0,0,0,0,0,0,0,0,0,0,0,0,0,0,0,0,0,21,2026-02-05 05:57:20.651249
SPNG,24.97,24.9,24.97,2246.0,2116300.0,2056800.0,2160.0,0,0,0,0,0,0,0,0,0,0,0,0,0,0,0,0,0,0,0,0,0,0,0,0,0,0,0,0,22,2026-02-05 05:57:21.693347
SMMR,24.99,24.95,24.99,5690.0,1794800.0,2233000.0,,0,0,0,0,0,0,0,0,0,0,0,0,0,0,0,0,0,0,0,0,0,0,0,0,0,0,0,0,22,2026-02-05 05:57:21.693347
ATMN,24.61,24.67,24.71,,2286800.0,2208700.0,1641.0,0,0,0,0,0,0,0,0,0,0,0,0,0,0,0,0,0,0,0,0,0,0,0,0,0,0,0,0,22,2026-02-05 05:57:21.693347
WNTR,24.96,24.96,25.01,,2339100.0,1902900.0,4905.0,0,0,0,0,0,0,0,0,0,0,0,0,0,0,0,0,0,0,0,0,0,0,0,0,0,0,0,0,22,2026-02-05 05:57:21.693347
SPNG,24.97,24.87,24.97,3324.0,2104700.0,2056800.0,2160.0,0,0,0,0,0,0,0,0,0,0,0,0,0,0,0,0,0,0,0,0,0,0,0,0,0,0,0,0,23,2026-02-05 05:57:22.734226
SMMR,24.92,24.92,24.99,2276.0,1980000.0,2233000.0,,0,0,0,0,0,0,0,0,0,0,0,0,0,0,0,0,0,0,0,0,0,0,0,0,0,0,0,0,23,2026-02-05 05:57:22.734226
ATMN,24.71,24.67,24.71,,2286800.0,2208700.0,1641.0,0,0,0,0,0,0,0,0,0,0,0,0,0,0,0,0,0,0,0,0,0,0,0,0,0,0,0,0,23,2026-02-05 05:57:22.734226
WNTR,24.9,24.9,25.01,,2360200.0,1928400.0,4905.0,0,0,0,0,0,0,0,0,0,0,0,0,0,0,0,0,0,0,0,0,0,0,0,0,0,0,0,0,23,2026-02-05 05:57:22.734226
SPNG,24.87,24.72,24.8,2369500.0,2035600.0,2160.0,,0,0,0,0,0,0,0,0,0,0,0,0,0,0,0,0,0,0,0,0,0,0,0,0,0,0,0,0,24,2026-02-05 05:57:23.774576
SMMR,25.04,25.08,25.09,1790900.0,2247900.0,,4834.0,0,0,0,0,0,0,0,0,0,0,0,0,0,0,0,0,0,0,0,0,0,0,0,0,0,0,0,0,24,2026-02-05 05:57:23.774576
ATMN,24.84,24.45,24.84,2308100.0,2207800.0,1641.0,,0,0,0,0,0,0,0,0,0,0,0,0,0,0,0,0,0,0,0,0,0,0,0,0,0,0,0,0,24,2026-02-05 05:57:23.774576
WNTR,24.9,24.92,25.01,2374400.0,1958800.0,4526.0,,0,0,0,0,0,0,0,0,0,0,0,0,0,0,0,0,0,0,0,0,0,0,0,0,0,0,0,0,24,2026-02-05 05:57:23.774576
SPNG,24.71,24.81,24.85,2784.0,2155000.0,4944.0,1833200.0,0,0,0,0,0,0,0,0,0,0,0,0,0,0,0,0,0,0,0,0,0,0,0,0,0,0,0,0,25,2026-02-05 05:57:24.812124
SMMR,24.95,25.03,25.14,2276.0,2018200.0,,2219500.0,0,0,0,0,0,0,0,0,0,0,0,0,0,0,0,0,0,0,0,0,0,0,0,0,0,0,0,0,25,2026-02-05 05:57:24.812124
ATMN,24.84,24.62,24.82,,2308200.0,1641.0,2195400.0,0,0,0,0,0,0,0,0,0,0,0,0,0,0,0,0,0,0,0,0,0,0,0,0,0,0,0,0,25,2026-02-05 05:57:24.812124
WNTR,24.82,24.97,25.02,,2357900.0,1167.0,2180700.0,0,0,0,0,0,0,0,0,0,0,0,0,0,0,0,0,0,0,0,0,0,0,0,0,0,0,0,0,25,2026-02-05 05:57:24.812124
SPNG,24.81,24.81,24.92,1392.0,2255500.0,2051000.0,2160.0,0,0,0,0,0,0,0,0,0,0,0,0,0,0,0,0,0,0,0,0,0,0,0,0,0,0,0,0,26,2026-02-05 05:57:25.847823
SMMR,24.95,25.13,25.14,4436.0,1787400.0,2050800.0,2160.0,0,0,0,0,0,0,0,0,0,0,0,0,0,0,0,0,0,0,0,0,0,0,0,0,0,0,0,0,26,2026-02-05 05:57:25.847823
ATMN,24.82,24.62,24.68,,2308200.0,1962300.0,3801.0,0,0,0,0,0,0,0,0,0,0,0,0,0,0,0,0,0,0,0,0,0,0,0,0,0,0,0,0,26,2026-02-05 05:57:25.847823
WNTR,24.82,25.01,25.02,,2333100.0,2082900.0,2247.0,0,0,0,0,0,0,0,0,0,0,0,0,0,0,0,0,0,0,0,0,0,0,0,0,0,0,0,0,26,2026-02-05 05:57:25.847823
SPNG,25.07,24.81,25.07,2115000.0,3208.0,2028100.0,2160.0,0,0,0,0,0,0,0,0,0,0,0,0,0,0,0,0,0,0,0,0,0,0,0,0,0,0,0,0,27,2026-02-05 05:57:26.890043
SMMR,25.14,25.13,25.14,1787400.0,4436.0,2085700.0,2160.0,0,0,0,0,0,0,0,0,0,0,0,0,0,0,0,0,0,0,0,0,0,0,0,0,0,0,0,0,27,2026-02-05 05:57:26.890043
ATMN,24.86,24.62,24.86,2302700.0,,2276200.0,,0,0,0,0,0,0,0,0,0,0,0,0,0,0,0,0,0,0,0,0,0,0,0,0,0,0,0,0,27,2026-02-05 05:57:26.890043
WNTR,24.82,24.88,25.02,2387600.0,,1974700.0,3327.0,0,0,0,0,0,0,0,0,0,0,0,0,0,0,0,0,0,0,0,0,0,0,0,0,0,0,0,0,27,2026-02-05 05:57:26.890043
SPNG,24.71,24.71,25.07,2407500.0,2028100.0,2160.0,,0,0,0,0,0,0,0,0,0,0,0,0,0,0,0,0,0,0,0,0,0,0,0,0,0,0,0,0,28,2026-02-05 05:57:27.470739
SMMR,25.03,25.13,25.14,1787400.0,2182300.0,1080.0,5654.0,0,0,0,0,0,0,0,0,0,0,0,0,0,0,0,0,0,0,0,0,0,0,0,0,0,0,0,0,28,2026-02-05 05:57:27.470739
ATMN,24.85,24.85,24.86,2344600.0,2276200.0,,,0,0,0,0,0,0,0,0,0,0,0,0,0,0,0,0,0,0,0,0,0,0,0,0,0,0,0,0,28,2026-02-05 05:57:27.470739
WNTR,24.82,24.97,25.02,2370700.0,1974700.0,3327.0,,0,0,0,0,0,0,0,0,0,0,0,0,0,0,0,0,0,0,0,0,0,0,0,0,0,0,0,0,28,2026-02-05 05:57:27.470739
SPNG,24.71,24.71,25.07,2407500.0,2008900.0,2160.0,,0,0,0,0,0,0,0,0,0,0,0,0,0,0,0,0,0,0,0,0,0,0,0,0,0,0,0,0,29,2026-02-05 05:57:28.520421
SMMR,25.13,24.94,25.12,2109700.0,1978200.0,4458.0,1123.0,0,0,0,0,0,0,0,0,0,0,0,0,0,0,0,0,0,0,0,0,0,0,0,0,0,0,0,0,29,2026-02-05 05:57:28.520421
ATMN,24.86,24.62,24.86,2302700.0,2045900.0,2160.0,,0,0,0,0,0,0,0,0,0,0,0,0,0,0,0,0,0,0,0,0,0,0,0,0,0,0,0,0,29,2026-02-05 05:57:28.520421
WNTR,25.04,24.98,25.04,2121100.0,2177500.0,1167.0,3878.0,0,0,0,0,0,0,0,0,0,0,0,0,0,0,0,0,0,0,0,0,0,0,0,0,0,0,0,0,29,2026-02-05 05:57:28.520421
SPNG,24.93,24.93,24.95,2101200.0,3208.0,2009800.0,2160.0,0,0,0,0,0,0,0,0,0,0,0,0,0,0,0,0,0,0,0,0,0,0,0,0,0,0,0,0,30,2026-02-05 05:57:29.597155
SMMR,24.94,25.03,25.14,2010400.0,2406.0,1953600.0,4458.0,0,0,0,0,0,0,0,0,0,0,0,0,0,0,0,0,0,0,0,0,0,0,0,0,0,0,0,0,30,2026-02-05 05:57:29.597155
ATMN,24.9,24.62,24.89,2318800.0,,2325700.0,,0,0,0,0,0,0,0,0,0,0,0,0,0,0,0,0,0,0,0,0,0,0,0,0,0,0,0,0,30,2026-02-05 05:57:29.597155
WNTR,24.99,24.88,24.96,2387600.0,,1960600.0,5045.0,0,0,0,0,0,0,0,0,0,0,0,0,0,0,0,0,0,0,0,0,0,0,0,0,0,0,0,0,30,2026-02-05 05:57:29.597155
SPNG,24.61,24.61,24.95,2392700.0,2024300.0,2160.0,,0,0,0,0,0,0,0,0,0,0,0,0,0,0,0,0,0,0,0,0,0,0,0,0,0,0,0,0,31,2026-02-05 05:57:30.782363
SMMR,25.15,25.11,25.15,1910300.0,2078900.0,2769.0,3689.0,0,0,0,0,0,0,0,0,0,0,0,0,0,0,0,0,0,0,0,0,0,0,0,0,0,0,0,0,31,2026-02-05 05:57:30.782363
ATMN,24.45,24.71,24.73,2077400.0,2352200.0,,3532.0,0,0,0,0,0,0,0,0,0,0,0,0,0,0,0,0,0,0,0,0,0,0,0,0,0,0,0,0,31,2026-02-05 05:57:30.782363
WNTR,25.05,24.88,24.97,2387600.0,2287400.0,,,0,0,0,0,0,0,0,0,0,0,0,0,0,0,0,0,0,0,0,0,0,0,0,0,0,0,0,0,31,2026-02-05 05:57:30.782363
SPNG,24.95,24.61,24.95,2378400.0,2024300.0,2160.0,,0,0,0,0,0,0,0,0,0,0,0,0,0,0,0,0,0,0,0,0,0,0,0,0,0,0,0,0,32,2026-02-05 05:57:31.824879
SMMR,24.94,25.14,25.15,2106200.0,2090800.0,2769.0,1123.0,0,0,0,0,0,0,0,0,0,0,0,0,0,0,0,0,0,0,0,0,0,0,0,0,0,0,0,0,32,2026-02-05 05:57:31.824879
ATMN,24.43,24.83,24.89,2290500.0,2350900.0,,,0,0,0,0,0,0,0,0,0,0,0,0,0,0,0,0,0,0,0,0,0,0,0,0,0,0,0,0,32,2026-02-05 05:57:31.824879
WNTR,24.78,24.78,24.86,2362100.0,2057100.0,3724.0,,0,0,0,0,0,0,0,0,0,0,0,0,0,0,0,0,0,0,0,0,0,0,0,0,0,0,0,0,32,2026-02-05 05:57:31.824879
SPNG,24.84,24.84,24.97,2171000.0,3208.0,2039200.0,2160.0,0,0,0,0,0,0,0,0,0,0,0,0,0,0,0,0,0,0,0,0,0,0,0,0,0,0,0,0,33,2026-02-05 05:57:32.876164
SMMR,25.18,24.94,25.18,2109700.0,1123.0,2068100.0,2769.0,0,0,0,0,0,0,0,0,0,0,0,0,0,0,0,0,0,0,0,0,0,0,0,0,0,0,0,0,33,2026-02-05 05:57:32.876164
ATMN,24.77,24.43,24.56,2294700.0,,2372100.0,,0,0,0,0,0,0,0,0,0,0,0,0,0,0,0,0,0,0,0,0,0,0,0,0,0,0,0,0,33,2026-02-05 05:57:32.876164
WNTR,24.77,24.77,24.86,2395500.0,,2057100.0,3724.0,0,0,0,0,0,0,0,0,0,0,0,0,0,0,0,0,0,0,0,0,0,0,0,0,0,0,0,0,33,2026-02-05 05:57:32.876164
SPNG,24.84,24.84,24.97,2171000.0,3208.0,2019900.0,2160.0,0,0,0,0,0,0,0,0,0,0,0,0,0,0,0,0,0,0,0,0,0,0,0,0,0,0,0,0,34,2026-02-05 05:57:33.925268
SMMR,25.09,25.14,25.15,2134800.0,1123.0,1858100.0,5335.0,0,0,0,0,0,0,0,0,0,0,0,0,0,0,0,0,0,0,0,0,0,0,0,0,0,0,0,0,34,2026-02-05 05:57:33.925268
ATMN,24.61,24.61,24.89,2075300.0,4070.0,2350900.0,,0,0,0,0,0,0,0,0,0,0,0,0,0,0,0,0,0,0,0,0,0,0,0,0,0,0,0,0,34,2026-02-05 05:57:33.925268
WNTR,24.97,24.8,24.97,2285500.0,1843.0,2287400.0,,0,0,0,0,0,0,0,0,0,0,0,0,0,0,0,0,0,0,0,0,0,0,0,0,0,0,0,0,34,2026-02-05 05:57:33.925268
SPNG,24.84,24.84,24.87,2171000.0,3208.0,2065200.0,2160.0,0,0,0,0,0,0,0,0,0,0,0,0,0,0,0,0,0,0,0,0,0,0,0,0,0,0,0,0,35,2026-02-05 05:57:34.490305
SMMR,25.14,25.14,25.15,2134800.0,1123.0,1853300.0,5335.0,0,0,0,0,0,0,0,0,0,0,0,0,0,0,0,0,0,0,0,0,0,0,0,0,0,0,0,0,35,2026-02-05 05:57:34.490305
ATMN,24.43,24.85,24.89,2312800.0,,2353100.0,,0,0,0,0,0,0,0,0,0,0,0,0,0,0,0,0,0,0,0,0,0,0,0,0,0,0,0,0,35,2026-02-05 05:57:34.490305
WNTR,24.76,24.76,24.83,2393500.0,,2065200.0,3686.0,0,0,0,0,0,0,0,0,0,0,0,0,0,0,0,0,0,0,0,0,0,0,0,0,0,0,0,0,35,2026-02-05 05:57:34.490305
SPNG,24.61,24.61,24.87,2378400.0,1849900.0,6050.0,,0,0,0,0,0,0,0,0,0,0,0,0,0,0,0,0,0,0,0,0,0,0,0,0,0,0,0,0,36,2026-02-05 05:57:35.546739
SMMR,24.99,24.89,24.99,2140600.0,1867900.0,5132.0,1123.0,0,0,0,0,0,0,0,0,0,0,0,0,0,0,0,0,0,0,0,0,0,0,0,0,0,0,0,0,36,2026-02-05 05:57:35.546739
ATMN,24.89,24.91,24.97,2291500.0,2309200.0,,,0,0,0,0,0,0,0,0,0,0,0,0,0,0,0,0,0,0,0,0,0,0,0,0,0,0,0,0,36,2026-02-05 05:57:35.546739
WNTR,24.74,24.74,24.84,2387700.0,2306600.0,,,0,0,0,0,0,0,0,0,0,0,0,0,0,0,0,0,0,0,0,0,0,0,0,0,0,0,0,0,36,2026-02-05 05:57:35.546739
SPNG,24.97,24.61,24.97,2346000.0,2014700.0,2160.0,,0,0,0,0,0,0,0,0,0,0,0,0,0,0,0,0,0,0,0,0,0,0,0,0,0,0,0,0,37,2026-02-05 05:57:36.603424
SMMR,24.99,24.92,24.99,2204400.0,1771300.0,6212.0,1123.0,0,0,0,0,0,0,0,0,0,0,0,0,0,0,0,0,0,0,0,0,0,0,0,0,0,0,0,0,37,2026-02-05 05:57:36.603424
ATMN,24.97,24.71,24.97,2298600.0,2086500.0,4070.0,,0,0,0,0,0,0,0,0,0,0,0,0,0,0,0,0,0,0,0,0,0,0,0,0,0,0,0,0,37,2026-02-05 05:57:36.603424
WNTR,24.74,24.75,24.81,2184100.0,2291600.0,,3706.0,0,0,0,0,0,0,0,0,0,0,0,0,0,0,0,0,0,0,0,0,0,0,0,0,0,0,0,0,37,2026-02-05 05:57:36.603424
SPNG,24.97,24.83,24.87,3978.0,2112700.0,6138.0,1797500.0,0,0,0,0,0,0,0,0,0,0,0,0,0,0,0,0,0,0,0,0,0,0,0,0,0,0,0,0,38,2026-02-05 05:57:37.654764
SMMR,24.92,24.92,25.18,1123.0,2223800.0,2769.0,2094400.0,0,0,0,0,0,0,0,0,0,0,0,0,0,0,0,0,0,0,0,0,0,0,0,0,0,0,0,0,38,2026-02-05 05:57:37.654764
ATMN,24.97,24.71,24.88,,2298600.0,4070.0,2064200.0,0,0,0,0,0,0,0,0,0,0,0,0,0,0,0,0,0,0,0,0,0,0,0,0,0,0,0,0,38,2026-02-05 05:57:37.654764
WNTR,24.84,24.75,24.8,3706.0,2184100.0,,2283200.0,0,0,0,0,0,0,0,0,0,0,0,0,0,0,0,0,0,0,0,0,0,0,0,0,0,0,0,0,38,2026-02-05 05:57:37.654764
SPNG,25.07,24.83,25.07,3978.0,2112700.0,1998900.0,2160.0,0,0,0,0,0,0,0,0,0,0,0,0,0,0,0,0,0,0,0,0,0,0,0,0,0,0,0,0,39,2026-02-05 05:57:38.699388
SMMR,25.04,24.96,25.04,1123.0,2237100.0,2098300.0,2769.0,0,0,0,0,0,0,0,0,0,0,0,0,0,0,0,0,0,0,0,0,0,0,0,0,0,0,0,0,39,2026-02-05 05:57:38.699388
ATMN,24.88,24.71,24.88,,2298600.0,2181500.0,2035.0,0,0,0,0,0,0,0,0,0,0,0,0,0,0,0,0,0,0,0,0,0,0,0,0,0,0,0,0,39,2026-02-05 05:57:38.699388
WNTR,24.74,24.74,24.77,,2407700.0,2283300.0,,0,0,0,0,0,0,0,0,0,0,0,0,0,0,0,0,0,0,0,0,0,0,0,0,0,0,0,0,39,2026-02-05 05:57:38.699388
SPNG,25.09,24.83,25.09,1989.0,2246800.0,2123500.0,,0,0,0,0,0,0,0,0,0,0,0,0,0,0,0,0,0,0,0,0,0,0,0,0,0,0,0,0,40,2026-02-05 05:57:39.742324
SMMR,24.92,24.92,25.18,1123.0,2223800.0,2082500.0,2769.0,0,0,0,0,0,0,0,0,0,0,0,0,0,0,0,0,0,0,0,0,0,0,0,0,0,0,0,0,40,2026-02-05 05:57:39.742324
ATMN,24.88,24.71,24.86,,2301400.0,2051100.0,3342.0,0,0,0,0,0,0,0,0,0,0,0,0,0,0,0,0,0,0,0,0,0,0,0,0,0,0,0,0,40,2026-02-05 05:57:39.742324
WNTR,24.77,24.74,24.77,,2425400.0,2044000.0,3164.0,0,0,0,0,0,0,0,0,0,0,0,0,0,0,0,0,0,0,0,0,0,0,0,0,0,0,0,0,40,2026-02-05 05:57:39.742324
SPNG,24.96,24.83,24.84,1989.0,2237400.0,2137600.0,,0,0,0,0,0,0,0,0,0,0,0,0,0,0,0,0,0,0,0,0,0,0,0,0,0,0,0,0,41,2026-02-05 05:57:40.784040
SMMR,25.05,25.1,25.14,5147.0,2024800.0,1874100.0,6793.0,0,0,0,0,0,0,0,0,0,0,0,0,0,0,0,0,0,0,0,0,0,0,0,0,0,0,0,0,41,2026-02-05 05:57:40.784040
ATMN,24.98,24.71,24.98,,2301400.0,2331300.0,,0,0,0,0,0,0,0,0,0,0,0,0,0,0,0,0,0,0,0,0,0,0,0,0,0,0,0,0,41,2026-02-05 05:57:40.784040
WNTR,24.84,24.76,24.84,,2438400.0,2306600.0,,0,0,0,0,0,0,0,0,0,0,0,0,0,0,0,0,0,0,0,0,0,0,0,0,0,0,0,0,41,2026-02-05 05:57:40.784040
SPNG,24.84,24.83,24.84,1989.0,2279500.0,2137600.0,,0,0,0,0,0,0,0,0,0,0,0,0,0,0,0,0,0,0,0,0,0,0,0,0,0,0,0,0,42,2026-02-05 05:57:41.828549
SMMR,24.89,24.89,25.01,1123.0,2187500.0,1881100.0,6793.0,0,0,0,0,0,0,0,0,0,0,0,0,0,0,0,0,0,0,0,0,0,0,0,0,0,0,0,0,42,2026-02-05 05:57:41.828549
ATMN,24.98,24.71,24.98,,2301400.0,2331300.0,,0,0,0,0,0,0,0,0,0,0,0,0,0,0,0,0,0,0,0,0,0,0,0,0,0,0,0,0,42,2026-02-05 05:57:41.828549
WNTR,24.84,24.79,24.84,3956.0,2149400.0,2306600.0,,0,0,0,0,0,0,0,0,0,0,0,0,0,0,0,0,0,0,0,0,0,0,0,0,0,0,0,0,42,2026-02-05 05:57:41.828549
SPNG,24.92,24.83,24.9,2750.0,2181300.0,1375.0,2025200.0,0,0,0,0,0,0,0,0,0,0,0,0,0,0,0,0,0,0,0,0,0,0,0,0,0,0,0,0,43,2026-02-05 05:57:42.887123
SMMR,25.18,24.89,25.18,1123.0,2187500.0,2769.0,2075700.0,0,0,0,0,0,0,0,0,0,0,0,0,0,0,0,0,0,0,0,0,0,0,0,0,0,0,0,0,43,2026-02-05 05:57:42.887123
ATMN,24.69,24.69,24.98,,2277500.0,,2320700.0,0,0,0,0,0,0,0,0,0,0,0,0,0,0,0,0,0,0,0,0,0,0,0,0,0,0,0,0,43,2026-02-05 05:57:42.887123
WNTR,24.79,24.79,24.82,3956.0,2138700.0,3956.0,2080300.0,0,0,0,0,0,0,0,0,0,0,0,0,0,0,0,0,0,0,0,0,0,0,0,0,0,0,0,0,43,2026-02-05 05:57:42.887123
SPNG,25.11,24.83,25.02,2750.0,2181300.0,2138500.0,,0,0,0,0,0,0,0,0,0,0,0,0,0,0,0,0,0,0,0,0,0,0,0,0,0,0,0,0,44,2026-02-05 05:57:43.947257
SMMR,25.18,24.98,25.02,3283.0,1962700.0,1848900.0,4929.0,0,0,0,0,0,0,0,0,0,0,0,0,0,0,0,0,0,0,0,0,0,0,0,0,0,0,0,0,44,2026-02-05 05:57:43.947257
ATMN,24.65,24.43,24.65,,2294600.0,2330600.0,,0,0,0,0,0,0,0,0,0,0,0,0,0,0,0,0,0,0,0,0,0,0,0,0,0,0,0,0,44,2026-02-05 05:57:43.947257
WNTR,24.84,24.92,25.06,3956.0,2153200.0,2314200.0,,0,0,0,0,0,0,0,0,0,0,0,0,0,0,0,0,0,0,0,0,0,0,0,0,0,0,0,0,44,2026-02-05 05:57:43.947257
SPNG,24.6,24.6,25.12,2360900.0,2154600.0,,,0,0,0,0,0,0,0,0,0,0,0,0,0,0,0,0,0,0,0,0,0,0,0,0,0,0,0,0,45,2026-02-05 05:57:44.998298
SMMR,25.15,25.03,25.15,1950900.0,2089700.0,3283.0,2769.0,0,0,0,0,0,0,0,0,0,0,0,0,0,0,0,0,0,0,0,0,0,0,0,0,0,0,0,0,45,2026-02-05 05:57:44.998298
ATMN,24.89,24.94,25.11,2305800.0,2340900.0,,,0,0,0,0,0,0,0,0,0,0,0,0,0,0,0,0,0,0,0,0,0,0,0,0,0,0,0,0,45,2026-02-05 05:57:44.998298
WNTR,24.92,24.79,24.89,2277300.0,2149000.0,1978.0,1582.0,0,0,0,0,0,0,0,0,0,0,0,0,0,0,0,0,0,0,0,0,0,0,0,0,0,0,0,0,45,2026-02-05 05:57:44.998298
SPNG,24.6,24.89,24.93,3704.0,2146800.0,3704.0,1942000.0,0,0,0,0,0,0,0,0,0,0,0,0,0,0,0,0,0,0,0,0,0,0,0,0,0,0,0,0,46,2026-02-05 05:57:45.551055
SMMR,25.15,25.03,25.15,3283.0,1955400.0,2769.0,2078600.0,0,0,0,0,0,0,0,0,0,0,0,0,0,0,0,0,0,0,0,0,0,0,0,0,0,0,0,0,46,2026-02-05 05:57:45.551055
ATMN,24.63,24.53,24.55,,2299400.0,,2338300.0,0,0,0,0,0,0,0,0,0,0,0,0,0,0,0,0,0,0,0,0,0,0,0,0,0,0,0,0,46,2026-02-05 05:57:45.551055
WNTR,24.92,24.79,24.89,1978.0,2277300.0,3164.0,2064500.0,0,0,0,0,0,0,0,0,0,0,0,0,0,0,0,0,0,0,0,0,0,0,0,0,0,0,0,0,46,2026-02-05 05:57:45.551055
SPNG,24.89,24.6,24.71,2378800.0,1947500.0,3704.0,,0,0,0,0,0,0,0,0,0,0,0,0,0,0,0,0,0,0,0,0,0,0,0,0,0,0,0,0,47,2026-02-05 05:57:46.740458
SMMR,24.95,25.03,25.1,2191800.0,1865100.0,6345.0,1123.0,0,0,0,0,0,0,0,0,0,0,0,0,0,0,0,0,0,0,0,0,0,0,0,0,0,0,0,0,47,2026-02-05 05:57:46.740458
ATMN,24.55,24.82,24.96,2048100.0,2344500.0,,3592.0,0,0,0,0,0,0,0,0,0,0,0,0,0,0,0,0,0,0,0,0,0,0,0,0,0,0,0,0,47,2026-02-05 05:57:46.740458
WNTR,24.92,24.87,24.89,2301200.0,2064500.0,3164.0,1978.0,0,0,0,0,0,0,0,0,0,0,0,0,0,0,0,0,0,0,0,0,0,0,0,0,0,0,0,0,47,2026-02-05 05:57:46.740458
SPNG,24.71,24.66,24.71,2373900.0,1947500.0,3704.0,,0,0,0,0,0,0,0,0,0,0,0,0,0,0,0,0,0,0,0,0,0,0,0,0,0,0,0,0,48,2026-02-05 05:57:47.801918
SMMR,25.07,25.08,25.1,2183600.0,1884100.0,6345.0,1123.0,0,0,0,0,0,0,0,0,0,0,0,0,0,0,0,0,0,0,0,0,0,0,0,0,0,0,0,0,48,2026-02-05 05:57:47.801918
ATMN,24.82,24.53,24.61,2080100.0,2333100.0,,3592.0,0,0,0,0,0,0,0,0,0,0,0,0,0,0,0,0,0,0,0,0,0,0,0,0,0,0,0,0,48,2026-02-05 05:57:47.801918
WNTR,24.87,24.87,24.89,2297400.0,2064500.0,2974.0,1978.0,0,0,0,0,0,0,0,0,0,0,0,0,0,0,0,0,0,0,0,0,0,0,0,0,0,0,0,0,48,2026-02-05 05:57:47.801918
SPNG,24.71,24.77,24.9,2358500.0,2047200.0,1852.0,,0,0,0,0,0,0,0,0,0,0,0,0,0,0,0,0,0,0,0,0,0,0,0,0,0,0,0,0,49,2026-02-05 05:57:48.853240
SMMR,24.93,24.93,25.03,1961400.0,1863400.0,6288.0,4585.0,0,0,0,0,0,0,0,0,0,0,0,0,0,0,0,0,0,0,0,0,0,0,0,0,0,0,0,0,49,2026-02-05 05:57:48.853240
ATMN,25.11,24.53,25.11,2080100.0,2341100.0,,3592.0,0,0,0,0,0,0,0,0,0,0,0,0,0,0,0,0,0,0,0,0,0,0,0,0,0,0,0,0,49,2026-02-05 05:57:48.853240
WNTR,24.87,24.87,24.89,2298800.0,1951400.0,4366.0,1978.0,0,0,0,0,0,0,0,0,0,0,0,0,0,0,0,0,0,0,0,0,0,0,0,0,0,0,0,0,49,2026-02-05 05:57:48.853240
SPNG,24.9,24.77,24.9,2392600.0,2047200.0,1852.0,,0,0,0,0,0,0,0,0,0,0,0,0,0,0,0,0,0,0,0,0,0,0,0,0,0,0,0,0,50,2026-02-05 05:57:49.972955
SMMR,25.03,24.93,24.94,1961400.0,1790500.0,8019.0,4585.0,0,0,0,0,0,0,0,0,0,0,0,0,0,0,0,0,0,0,0,0,0,0,0,0,0,0,0,0,50,2026-02-05 05:57:49.972955
ATMN,25.11,24.53,25.11,2193200.0,2322100.0,,1796.0,0,0,0,0,0,0,0,0,0,0,0,0,0,0,0,0,0,0,0,0,0,0,0,0,0,0,0,0,50,2026-02-05 05:57:49.972955
WNTR,25.06,24.87,25.06,2298800.0,2314200.0,,1978.0,0,0,0,0,0,0,0,0,0,0,0,0,0,0,0,0,0,0,0,0,0,0,0,0,0,0,0,0,50,2026-02-05 05:57:49.972955
SPNG,25.15,24.81,25.06,2261400.0,2500.0,2199000.0,,0,0,0,0,0,0,0,0,0,0,0,0,0,0,0,0,0,0,0,0,0,0,0,0,0,0,0,0,51,2026-02-05 05:57:51.491613
SMMR,25.05,25.11,25.16,1973800.0,4585.0,2075600.0,2769.0,0,0,0,0,0,0,0,0,0,0,0,0,0,0,0,0,0,0,0,0,0,0,0,0,0,0,0,0,51,2026-02-05 05:57:51.491613
ATMN,24.7,24.7,25.11,2193200.0,1796.0,2314500.0,,0,0,0,0,0,0,0,0,0,0,0,0,0,0,0,0,0,0,0,0,0,0,0,0,0,0,0,0,51,2026-02-05 05:57:51.491613
WNTR,24.9,24.87,24.9,2286400.0,1978.0,2087700.0,4038.0,0,0,0,0,0,0,0,0,0,0,0,0,0,0,0,0,0,0,0,0,0,0,0,0,0,0,0,0,51,2026-02-05 05:57:51.491613
SPNG,25.16,24.85,25.16,2107700.0,5000.0,2231900.0,,0,0,0,0,0,0,0,0,0,0,0,0,0,0,0,0,0,0,0,0,0,0,0,0,0,0,0,0,52,2026-02-05 05:57:52.209318
SMMR,25.1,24.89,25.1,1994200.0,4585.0,2091500.0,2769.0,0,0,0,0,0,0,0,0,0,0,0,0,0,0,0,0,0,0,0,0,0,0,0,0,0,0,0,0,52,2026-02-05 05:57:52.209318
ATMN,24.54,24.74,25.11,2192900.0,1796.0,2309100.0,,0,0,0,0,0,0,0,0,0,0,0,0,0,0,0,0,0,0,0,0,0,0,0,0,0,0,0,0,52,2026-02-05 05:57:52.209318
WNTR,24.9,24.9,25.06,2303600.0,1978.0,2094100.0,4038.0,0,0,0,0,0,0,0,0,0,0,0,0,0,0,0,0,0,0,0,0,0,0,0,0,0,0,0,0,52,2026-02-05 05:57:52.209318
SPNG,24.81,24.81,25.16,2132400.0,5000.0,2231900.0,,0,0,0,0,0,0,0,0,0,0,0,0,0,0,0,0,0,0,0,0,0,0,0,0,0,0,0,0,53,2026-02-05 05:57:52.789805
SMMR,25.1,25.02,25.1,1998800.0,4585.0,2091500.0,2769.0,0,0,0,0,0,0,0,0,0,0,0,0,0,0,0,0,0,0,0,0,0,0,0,0,0,0,0,0,53,2026-02-05 05:57:52.789805
ATMN,25.0,24.74,25.0,2192900.0,1796.0,2335900.0,,0,0,0,0,0,0,0,0,0,0,0,0,0,0,0,0,0,0,0,0,0,0,0,0,0,0,0,0,53,2026-02-05 05:57:52.789805
WNTR,25.0,24.9,25.0,2303600.0,1978.0,2090400.0,4038.0,0,0,0,0,0,0,0,0,0,0,0,0,0,0,0,0,0,0,0,0,0,0,0,0,0,0,0,0,53,2026-02-05 05:57:52.789805
SPNG,24.77,25.1,25.16,2111000.0,5000.0,2207500.0,,0,0,0,0,0,0,0,0,0,0,0,0,0,0,0,0,0,0,0,0,0,0,0,0,0,0,0,0,54,2026-02-05 05:57:53.841867
SMMR,25.02,25.02,25.03,1998800.0,4585.0,2087400.0,2769.0,0,0,0,0,0,0,0,0,0,0,0,0,0,0,0,0,0,0,0,0,0,0,0,0,0,0,0,0,54,2026-02-05 05:57:53.841867
ATMN,25.0,24.74,25.0,2192900.0,1796.0,2109800.0,4984.0,0,0,0,0,0,0,0,0,0,0,0,0,0,0,0,0,0,0,0,0,0,0,0,0,0,0,0,0,54,2026-02-05 05:57:53.841867
WNTR,25.0,25.02,25.03,2065900.0,6978.0,2095100.0,4519.0,0,0,0,0,0,0,0,0,0,0,0,0,0,0,0,0,0,0,0,0,0,0,0,0,0,0,0,0,54,2026-02-05 05:57:53.841867
SPNG,25.0,24.77,25.0,2392600.0,2232300.0,,0,0,0,0,0,0,0,0,0,0,0,0,0,0,0,0,0,0,0,0,0,0,0,0,0,0,0,0,0,55,2026-02-05 05:57:54.896287
SMMR,25.05,24.89,25.05,2310100.0,2197100.0,1679.0,0,0,0,0,0,0,0,0,0,0,0,0,0,0,0,0,0,0,0,0,0,0,0,0,0,0,0,0,0,55,2026-02-05 05:57:54.896287
ATMN,25.0,24.74,24.75,2324300.0,2121900.0,5816.0,0,0,0,0,0,0,0,0,0,0,0,0,0,0,0,0,0,0,0,0,0,0,0,0,0,0,0,0,0,55,2026-02-05 05:57:54.896287
WNTR,25.1,24.9,25.1,2418000.0,2345200.0,,0,0,0,0,0,0,0,0,0,0,0,0,0,0,0,0,0,0,0,0,0,0,0,0,0,0,0,0,0,55,2026-02-05 05:57:54.896287
SPNG,25.0,24.77,25.0,2379000.0,2232300.0,0,0,0,0,0,0,0,0,0,0,0,0,0,0,0,0,0,0,0,0,0,0,0,0,0,0,0,0,0,0,56,2026-02-05 05:57:55.963059
SMMR,24.89,24.89,25.05,2310100.0,2296300.0,0,0,0,0,0,0,0,0,0,0,0,0,0,0,0,0,0,0,0,0,0,0,0,0,0,0,0,0,0,0,56,2026-02-05 05:57:55.963059
ATMN,25.0,24.74,24.89,2305200.0,2369900.0,0,0,0,0,0,0,0,0,0,0,0,0,0,0,0,0,0,0,0,0,0,0,0,0,0,0,0,0,0,0,56,2026-02-05 05:57:55.963059
WNTR,24.85,24.85,25.03,2391200.0,2358300.0,0,0,0,0,0,0,0,0,0,0,0,0,0,0,0,0,0,0,0,0,0,0,0,0,0,0,0,0,0,0,56,2026-02-05 05:57:55.963059
SPNG,24.76,24.76,24.81,2394500.0,1572.0,2102400.0,0,0,0,0,0,0,0,0,0,0,0,0,0,0,0,0,0,0,0,0,0,0,0,0,0,0,0,0,0,57,2026-02-05 05:57:57.009018
SMMR,24.89,25.0,25.05,2350700.0,3358.0,2114600.0,0,0,0,0,0,0,0,0,0,0,0,0,0,0,0,0,0,0,0,0,0,0,0,0,0,0,0,0,0,57,2026-02-05 05:57:57.009018
ATMN,24.74,24.74,24.89,2297400.0,,2369900.0,0,0,0,0,0,0,0,0,0,0,0,0,0,0,0,0,0,0,0,0,0,0,0,0,0,0,0,0,0,57,2026-02-05 05:57:57.009018
WNTR,25.03,24.99,25.03,2390800.0,,2358300.0,0,0,0,0,0,0,0,0,0,0,0,0,0,0,0,0,0,0,0,0,0,0,0,0,0,0,0,0,0,57,2026-02-05 05:57:57.009018
SPNG,24.76,24.87,25.16,2398600.0,2220900.0,0,0,0,0,0,0,0,0,0,0,0,0,0,0,0,0,0,0,0,0,0,0,0,0,0,0,0,0,0,0,58,2026-02-05 05:57:58.078018
SMMR,24.95,24.95,25.05,2321800.0,2326900.0,0,0,0,0,0,0,0,0,0,0,0,0,0,0,0,0,0,0,0,0,0,0,0,0,0,0,0,0,0,0,58,2026-02-05 05:57:58.078018
ATMN,24.84,24.84,24.89,2307600.0,2390400.0,0,0,0,0,0,0,0,0,0,0,0,0,0,0,0,0,0,0,0,0,0,0,0,0,0,0,0,0,0,0,58,2026-02-05 05:57:58.078018
WNTR,24.99,24.85,24.89,2373700.0,2374500.0,0,0,0,0,0,0,0,0,0,0,0,0,0,0,0,0,0,0,0,0,0,0,0,0,0,0,0,0,0,0,58,2026-02-05 05:57:58.078018
SPNG,24.76,24.76,25.16,2371900.0,2220700.0,0,0,0,0,0,0,0,0,0,0,0,0,0,0,0,0,0,0,0,0,0,0,0,0,0,0,0,0,0,0,59,2026-02-05 05:57:59.192680
SMMR,25.1,24.97,25.04,2306300.0,2358000.0,0,0,0,0,0,0,0,0,0,0,0,0,0,0,0,0,0,0,0,0,0,0,0,0,0,0,0,0,0,0,59,2026-02-05 05:57:59.192680
ATMN,24.7,24.7,24.89,2330200.0,2390400.0,0,0,0,0,0,0,0,0,0,0,0,0,0,0,0,0,0,0,0,0,0,0,0,0,0,0,0,0,0,0,59,2026-02-05 05:57:59.192680
WNTR,24.83,25.0,25.03,2389300.0,2358300.0,0,0,0,0,0,0,0,0,0,0,0,0,0,0,0,0,0,0,0,0,0,0,0,0,0,0,0,0,0,0,59,2026-02-05 05:57:59.192680
SPNG,24.76,24.19,24.37,1066800.0,831200.0,0,0,0,0,0,0,0,0,0,0,0,0,0,0,0,0,0,0,0,0,0,0,0,0,0,0,0,0,0,0,60,2026-02-05 05:57:59.808082
SMMR,25.04,26.25,0.0,200000.0,,0,0,0,0,0,0,0,0,0,0,0,0,0,0,0,0,0,0,0,0,0,0,0,0,0,0,0,0,0,0,60,2026-02-05 05:57:59.808082
ATMN,24.67,25.05,0.0,200000.0,,0,0,0,0,0,0,0,0,0,0,0,0,0,0,0,0,0,0,0,0,0,0,0,0,0,0,0,0,0,0,60,2026-02-05 05:57:59.808082
WNTR,25.03,26.18,0.0,200000.0,,0,0,0,0,0,0,0,0,0,0,0,0,0,0,0,0,0,0,0,0,0,0,0,0,0,0,0,0,0,0,60,2026-02-05 05:57:59.808082
SPNG,24.19,23.34,23.69,1210500.0,957400.0,0,0,0,0,0,0,0,0,0,0,0,0,0,0,0,0,0,0,0,0,0,0,0,0,0,0,0,0,0,0,61,2026-02-05 05:58:00.868039
SMMR,25.97,25.96,25.97,1211300.0,868100.0,0,0,0,0,0,0,0,0,0,0,0,0,0,0,0,0,0,0,0,0,0,0,0,0,0,0,0,0,0,0,61,2026-02-05 05:58:00.868039
ATMN,24.67,25.06,25.27,1196400.0,965200.0,0,0,0,0,0,0,0,0,0,0,0,0,0,0,0,0,0,0,0,0,0,0,0,0,0,0,0,0,0,0,61,2026-02-05 05:58:00.868039
WNTR,26.18,25.76,26.15,951000.0,1105300.0,0,0,0,0,0,0,0,0,0,0,0,0,0,0,0,0,0,0,0,0,0,0,0,0,0,0,0,0,0,0,61,2026-02-05 05:58:00.868039
SPNG,24.37,24.49,25.68,1562600.0,891000.0,0,0,0,0,0,0,0,0,0,0,0,0,0,0,0,0,0,0,0,0,0,0,0,0,0,0,0,0,0,0,62,2026-02-05 05:58:01.924737
SMMR,26.13,25.96,26.13,1651100.0,874800.0,0,0,0,0,0,0,0,0,0,0,0,0,0,0,0,0,0,0,0,0,0,0,0,0,0,0,0,0,0,0,62,2026-02-05 05:58:01.924737
ATMN,25.05,25.05,25.12,1069500.0,1213700.0,0,0,0,0,0,0,0,0,0,0,0,0,0,0,0,0,0,0,0,0,0,0,0,0,0,0,0,0,0,0,62,2026-02-05 05:58:01.924737
WNTR,25.97,25.97,26.52,1149000.0,986900.0,0,0,0,0,0,0,0,0,0,0,0,0,0,0,0,0,0,0,0,0,0,0,0,0,0,0,0,0,0,0,62,2026-02-05 05:58:01.924737
SPNG,24.49,24.06,24.46,1782.0,1672200.0,1002300.0,0,0,0,0,0,0,0,0,0,0,0,0,0,0,0,0,0,0,0,0,0,0,0,0,0,0,0,0,0,63,2026-02-05 05:58:02.983481
SMMR,26.13,26.09,26.13,,2084500.0,874800.0,0,0,0,0,0,0,0,0,0,0,0,0,0,0,0,0,0,0,0,0,0,0,0,0,0,0,0,0,0,63,2026-02-05 05:58:02.983481
ATMN,25.05,24.93,24.97,,1086100.0,1337100.0,0,0,0,0,0,0,0,0,0,0,0,0,0,0,0,0,0,0,0,0,0,0,0,0,0,0,0,0,0,63,2026-02-05 05:58:02.983481
WNTR,25.76,25.82,26.11,,1157600.0,1075100.0,0,0,0,0,0,0,0,0,0,0,0,0,0,0,0,0,0,0,0,0,0,0,0,0,0,0,0,0,0,63,2026-02-05 05:58:02.983481
SPNG,23.76,23.34,23.41,1577700.0,1120500.0,,0,0,0,0,0,0,0,0,0,0,0,0,0,0,0,0,0,0,0,0,0,0,0,0,0,0,0,0,0,64,2026-02-05 05:58:04.048635
SMMR,26.54,26.54,26.55,2075500.0,1001500.0,3514.0,0,0,0,0,0,0,0,0,0,0,0,0,0,0,0,0,0,0,0,0,0,0,0,0,0,0,0,0,0,64,2026-02-05 05:58:04.048635
ATMN,24.85,24.8,24.81,1268100.0,1459600.0,,0,0,0,0,0,0,0,0,0,0,0,0,0,0,0,0,0,0,0,0,0,0,0,0,0,0,0,0,0,64,2026-02-05 05:58:04.048635
WNTR,25.82,25.97,26.11,1272600.0,1075100.0,,0,0,0,0,0,0,0,0,0,0,0,0,0,0,0,0,0,0,0,0,0,0,0,0,0,0,0,0,0,64,2026-02-05 05:58:04.048635
SPNG,23.41,24.2,24.25,1828300.0,1261200.0,,0,0,0,0,0,0,0,0,0,0,0,0,0,0,0,0,0,0,0,0,0,0,0,0,0,0,0,0,0,65,2026-02-05 05:58:05.127422
SMMR,26.32,26.09,26.32,2084500.0,1346200.0,3514.0,0,0,0,0,0,0,0,0,0,0,0,0,0,0,0,0,0,0,0,0,0,0,0,0,0,0,0,0,0,65,2026-02-05 05:58:05.127422
ATMN,24.87,25.06,25.12,1471200.0,1213700.0,2924.0,0,0,0,0,0,0,0,0,0,0,0,0,0,0,0,0,0,0,0,0,0,0,0,0,0,0,0,0,0,65,2026-02-05 05:58:05.127422
WNTR,25.84,25.82,25.84,1157600.0,1081500.0,,0,0,0,0,0,0,0,0,0,0,0,0,0,0,0,0,0,0,0,0,0,0,0,0,0,0,0,0,0,65,2026-02-05 05:58:05.127422
SPNG,24.18,23.34,23.98,1577700.0,1379900.0,1782.0,,0,0,0,0,0,0,0,0,0,0,0,0,0,0,0,0,0,0,0,0,0,0,0,0,0,0,0,0,66,2026-02-05 05:58:05.817080
SMMR,26.32,26.24,26.32,2038600.0,1346200.0,,3514.0,0,0,0,0,0,0,0,0,0,0,0,0,0,0,0,0,0,0,0,0,0,0,0,0,0,0,0,0,66,2026-02-05 05:58:05.817080
ATMN,24.8,24.8,25.12,1587800.0,1213700.0,,2924.0,0,0,0,0,0,0,0,0,0,0,0,0,0,0,0,0,0,0,0,0,0,0,0,0,0,0,0,0,66,2026-02-05 05:58:05.817080
WNTR,25.84,26.02,26.24,1518100.0,986900.0,3528.0,,0,0,0,0,0,0,0,0,0,0,0,0,0,0,0,0,0,0,0,0,0,0,0,0,0,0,0,0,66,2026-02-05 05:58:05.817080
SPNG,24.25,23.34,24.25,1721100.0,1261200.0,,,0,0,0,0,0,0,0,0,0,0,0,0,0,0,0,0,0,0,0,0,0,0,0,0,0,0,0,0,67,2026-02-05 05:58:06.908017
SMMR,26.29,26.24,26.25,2158000.0,1452500.0,1757.0,3438.0,0,0,0,0,0,0,0,0,0,0,0,0,0,0,0,0,0,0,0,0,0,0,0,0,0,0,0,0,67,2026-02-05 05:58:06.908017
ATMN,25.27,24.8,25.27,1848100.0,1082800.0,2924.0,,0,0,0,0,0,0,0,0,0,0,0,0,0,0,0,0,0,0,0,0,0,0,0,0,0,0,0,0,67,2026-02-05 05:58:06.908017
WNTR,26.15,26.17,26.24,1769300.0,986900.0,,3528.0,0,0,0,0,0,0,0,0,0,0,0,0,0,0,0,0,0,0,0,0,0,0,0,0,0,0,0,0,67,2026-02-05 05:58:06.908017
SPNG,24.07,23.34,23.77,1721100.0,1506400.0,,,0,0,0,0,0,0,0,0,0,0,0,0,0,0,0,0,0,0,0,0,0,0,0,0,0,0,0,0,68,2026-02-05 05:58:07.979307
SMMR,26.42,26.24,26.42,2119800.0,1322800.0,1757.0,,0,0,0,0,0,0,0,0,0,0,0,0,0,0,0,0,0,0,0,0,0,0,0,0,0,0,0,0,68,2026-02-05 05:58:07.979307
ATMN,24.8,24.8,25.49,1848100.0,1042100.0,1462.0,,0,0,0,0,0,0,0,0,0,0,0,0,0,0,0,0,0,0,0,0,0,0,0,0,0,0,0,0,68,2026-02-05 05:58:07.979307
WNTR,26.17,26.04,26.16,1748300.0,1308400.0,,3924.0,0,0,0,0,0,0,0,0,0,0,0,0,0,0,0,0,0,0,0,0,0,0,0,0,0,0,0,0,68,2026-02-05 05:58:07.979307
SPNG,24.34,24.38,24.77,1959300.0,1217400.0,,,0,0,0,0,0,0,0,0,0,0,0,0,0,0,0,0,0,0,0,0,0,0,0,0,0,0,0,0,69,2026-02-05 05:58:09.039881
SMMR,26.42,26.33,26.36,1861300.0,1445800.0,5195.0,1719.0,0,0,0,0,0,0,0,0,0,0,0,0,0,0,0,0,0,0,0,0,0,0,0,0,0,0,0,0,69,2026-02-05 05:58:09.039881
ATMN,24.91,25.07,25.49,1946200.0,1042100.0,1462.0,,0,0,0,0,0,0,0,0,0,0,0,0,0,0,0,0,0,0,0,0,0,0,0,0,0,0,0,0,69,2026-02-05 05:58:09.039881
WNTR,26.16,26.04,26.16,1965100.0,1181600.0,,3924.0,0,0,0,0,0,0,0,0,0,0,0,0,0,0,0,0,0,0,0,0,0,0,0,0,0,0,0,0,69,2026-02-05 05:58:09.039881
SPNG,24.77,23.34,24.77,1721100.0,1217400.0,,,0,0,0,0,0,0,0,0,0,0,0,0,0,0,0,0,0,0,0,0,0,0,0,0,0,0,0,0,70,2026-02-05 05:58:10.085827
SMMR,26.42,26.33,26.36,1862200.0,1648700.0,5195.0,3438.0,0,0,0,0,0,0,0,0,0,0,0,0,0,0,0,0,0,0,0,0,0,0,0,0,0,0,0,0,70,2026-02-05 05:58:10.085827
ATMN,24.8,24.59,24.72,1724400.0,1386900.0,,,0,0,0,0,0,0,0,0,0,0,0,0,0,0,0,0,0,0,0,0,0,0,0,0,0,0,0,0,70,2026-02-05 05:58:10.085827
WNTR,26.27,26.04,26.14,1965100.0,1400600.0,,,0,0,0,0,0,0,0,0,0,0,0,0,0,0,0,0,0,0,0,0,0,0,0,0,0,0,0,0,70,2026-02-05 05:58:10.085827
SPNG,24.23,24.23,24.77,1826900.0,3564.0,1553100.0,,0,0,0,0,0,0,0,0,0,0,0,0,0,0,0,0,0,0,0,0,0,0,0,0,0,0,0,0,71,2026-02-05 05:58:11.187342
SMMR,26.2,26.15,26.2,2079500.0,1757.0,1891100.0,3438.0,0,0,0,0,0,0,0,0,0,0,0,0,0,0,0,0,0,0,0,0,0,0,0,0,0,0,0,0,71,2026-02-05 05:58:11.187342
ATMN,24.72,25.27,25.37,1977800.0,,1455800.0,,0,0,0,0,0,0,0,0,0,0,0,0,0,0,0,0,0,0,0,0,0,0,0,0,0,0,0,0,71,2026-02-05 05:58:11.187342
WNTR,26.05,26.04,26.05,2089300.0,,1520000.0,,0,0,0,0,0,0,0,0,0,0,0,0,0,0,0,0,0,0,0,0,0,0,0,0,0,0,0,0,71,2026-02-05 05:58:11.187342
SPNG,23.28,23.28,24.14,1615800.0,1677800.0,,,0,0,0,0,0,0,0,0,0,0,0,0,0,0,0,0,0,0,0,0,0,0,0,0,0,0,0,0,72,2026-02-05 05:58:11.772933
SMMR,26.2,26.27,26.34,2074300.0,1763300.0,1757.0,5157.0,0,0,0,0,0,0,0,0,0,0,0,0,0,0,0,0,0,0,0,0,0,0,0,0,0,0,0,0,72,2026-02-05 05:58:11.772933
ATMN,25.27,25.36,25.37,1977800.0,1455800.0,1278.0,,0,0,0,0,0,0,0,0,0,0,0,0,0,0,0,0,0,0,0,0,0,0,0,0,0,0,0,0,72,2026-02-05 05:58:11.772933
WNTR,26.28,26.04,26.28,2212900.0,1272000.0,,,0,0,0,0,0,0,0,0,0,0,0,0,0,0,0,0,0,0,0,0,0,0,0,0,0,0,0,0,72,2026-02-05 05:58:11.772933
SPNG,24.14,24.5,24.77,2013700.0,1553100.0,,,0,0,0,0,0,0,0,0,0,0,0,0,0,0,0,0,0,0,0,0,0,0,0,0,0,0,0,0,73,2026-02-05 05:58:12.835278
SMMR,26.4,26.37,26.4,2080200.0,1749900.0,1757.0,,0,0,0,0,0,0,0,0,0,0,0,0,0,0,0,0,0,0,0,0,0,0,0,0,0,0,0,0,73,2026-02-05 05:58:12.835278
ATMN,25.27,25.0,25.02,1973200.0,1657500.0,,2556.0,0,0,0,0,0,0,0,0,0,0,0,0,0,0,0,0,0,0,0,0,0,0,0,0,0,0,0,0,73,2026-02-05 05:58:12.835278
WNTR,26.09,26.06,26.09,2073900.0,1504100.0,4236.0,2118.0,0,0,0,0,0,0,0,0,0,0,0,0,0,0,0,0,0,0,0,0,0,0,0,0,0,0,0,0,73,2026-02-05 05:58:12.835278
SPNG,24.5,23.86,24.38,2002900.0,1773400.0,3564.0,,0,0,0,0,0,0,0,0,0,0,0,0,0,0,0,0,0,0,0,0,0,0,0,0,0,0,0,0,74,2026-02-05 05:58:13.883572
SMMR,26.27,26.15,26.17,1961400.0,1967400.0,,3889.0,0,0,0,0,0,0,0,0,0,0,0,0,0,0,0,0,0,0,0,0,0,0,0,0,0,0,0,0,74,2026-02-05 05:58:13.883572
ATMN,25.37,25.0,25.07,2087900.0,1657500.0,2556.0,,0,0,0,0,0,0,0,0,0,0,0,0,0,0,0,0,0,0,0,0,0,0,0,0,0,0,0,0,74,2026-02-05 05:58:13.883572
WNTR,26.11,25.9,26.11,1985100.0,1373200.0,,,0,0,0,0,0,0,0,0,0,0,0,0,0,0,0,0,0,0,0,0,0,0,0,0,0,0,0,0,74,2026-02-05 05:58:13.883572
SPNG,24.01,24.01,24.38,2223400.0,1870200.0,3564.0,,0,0,0,0,0,0,0,0,0,0,0,0,0,0,0,0,0,0,0,0,0,0,0,0,0,0,0,0,75,2026-02-05 05:58:14.933081
SMMR,26.4,26.27,26.4,1852100.0,1835500.0,,6021.0,0,0,0,0,0,0,0,0,0,0,0,0,0,0,0,0,0,0,0,0,0,0,0,0,0,0,0,0,75,2026-02-05 05:58:14.933081
ATMN,25.07,25.0,25.02,2256400.0,1657500.0,4394.0,3116.0,0,0,0,0,0,0,0,0,0,0,0,0,0,0,0,0,0,0,0,0,0,0,0,0,0,0,0,0,75,2026-02-05 05:58:14.933081
WNTR,26.28,26.15,26.28,2180900.0,1181000.0,,,0,0,0,0,0,0,0,0,0,0,0,0,0,0,0,0,0,0,0,0,0,0,0,0,0,0,0,0,75,2026-02-05 05:58:14.933081
SPNG,23.86,23.86,24.64,2195700.0,1782.0,1649900.0,,0,0,0,0,0,0,0,0,0,0,0,0,0,0,0,0,0,0,0,0,0,0,0,0,0,0,0,0,76,2026-02-05 05:58:15.989798
SMMR,26.4,26.27,26.34,1830100.0,,1936200.0,6021.0,0,0,0,0,0,0,0,0,0,0,0,0,0,0,0,0,0,0,0,0,0,0,0,0,0,0,0,0,76,2026-02-05 05:58:15.989798
ATMN,25.37,25.0,25.37,2168800.0,1278.0,1553100.0,3116.0,0,0,0,0,0,0,0,0,0,0,0,0,0,0,0,0,0,0,0,0,0,0,0,0,0,0,0,0,76,2026-02-05 05:58:15.989798
WNTR,26.15,26.15,26.47,2180900.0,,1291300.0,,0,0,0,0,0,0,0,0,0,0,0,0,0,0,0,0,0,0,0,0,0,0,0,0,0,0,0,0,76,2026-02-05 05:58:15.989798
SPNG,24.19,24.28,24.64,2542100.0,1782.0,1649900.0,,0,0,0,0,0,0,0,0,0,0,0,0,0,0,0,0,0,0,0,0,0,0,0,0,0,0,0,0,77,2026-02-05 05:58:17.056710
SMMR,26.27,26.27,26.34,1928900.0,2216.0,1966200.0,3889.0,0,0,0,0,0,0,0,0,0,0,0,0,0,0,0,0,0,0,0,0,0,0,0,0,0,0,0,0,77,2026-02-05 05:58:17.056710
ATMN,24.89,25.17,25.2,2467100.0,1278.0,1677100.0,,0,0,0,0,0,0,0,0,0,0,0,0,0,0,0,0,0,0,0,0,0,0,0,0,0,0,0,0,77,2026-02-05 05:58:17.056710
WNTR,26.09,26.09,26.24,2088300.0,,1596000.0,,0,0,0,0,0,0,0,0,0,0,0,0,0,0,0,0,0,0,0,0,0,0,0,0,0,0,0,0,77,2026-02-05 05:58:17.056710
SPNG,23.82,23.82,24.58,2196400.0,1846700.0,1782.0,,0,0,0,0,0,0,0,0,0,0,0,0,0,0,0,0,0,0,0,0,0,0,0,0,0,0,0,0,78,2026-02-05 05:58:18.118155
SMMR,26.4,26.18,26.4,1950200.0,2162900.0,,3889.0,0,0,0,0,0,0,0,0,0,0,0,0,0,0,0,0,0,0,0,0,0,0,0,0,0,0,0,0,78,2026-02-05 05:58:18.118155
ATMN,25.17,24.76,24.94,2495000.0,1788900.0,5304.0,,0,0,0,0,0,0,0,0,0,0,0,0,0,0,0,0,0,0,0,0,0,0,0,0,0,0,0,0,78,2026-02-05 05:58:18.118155
WNTR,26.18,26.16,26.18,2083700.0,1723800.0,,2952.0,0,0,0,0,0,0,0,0,0,0,0,0,0,0,0,0,0,0,0,0,0,0,0,0,0,0,0,0,78,2026-02-05 05:58:18.118155
SPNG,23.82,24.23,24.27,1445.0,2196400.0,4672.0,1791500.0,0,0,0,0,0,0,0,0,0,0,0,0,0,0,0,0,0,0,0,0,0,0,0,0,0,0,0,0,79,2026-02-05 05:58:19.162906
SMMR,26.4,26.18,26.19,3889.0,1961200.0,,2190600.0,0,0,0,0,0,0,0,0,0,0,0,0,0,0,0,0,0,0,0,0,0,0,0,0,0,0,0,0,79,2026-02-05 05:58:19.162906
ATMN,24.94,25.12,25.2,,2383400.0,5304.0,1812000.0,0,0,0,0,0,0,0,0,0,0,0,0,0,0,0,0,0,0,0,0,0,0,0,0,0,0,0,0,79,2026-02-05 05:58:19.162906
WNTR,26.47,26.16,26.4,2952.0,2083700.0,,1592200.0,0,0,0,0,0,0,0,0,0,0,0,0,0,0,0,0,0,0,0,0,0,0,0,0,0,0,0,0,79,2026-02-05 05:58:19.162906
SPNG,23.64,24.06,24.27,2316200.0,4672.0,1791500.0,,0,0,0,0,0,0,0,0,0,0,0,0,0,0,0,0,0,0,0,0,0,0,0,0,0,0,0,0,80,2026-02-05 05:58:20.229428
SMMR,26.27,26.21,26.27,1750000.0,2216.0,1983600.0,6105.0,0,0,0,0,0,0,0,0,0,0,0,0,0,0,0,0,0,0,0,0,0,0,0,0,0,0,0,0,80,2026-02-05 05:58:20.229428
ATMN,24.94,24.94,25.13,2375200.0,5451.0,1735200.0,,0,0,0,0,0,0,0,0,0,0,0,0,0,0,0,0,0,0,0,0,0,0,0,0,0,0,0,0,80,2026-02-05 05:58:20.229428
WNTR,26.25,26.16,26.25,2083700.0,,1820100.0,2952.0,0,0,0,0,0,0,0,0,0,0,0,0,0,0,0,0,0,0,0,0,0,0,0,0,0,0,0,0,80,2026-02-05 05:58:20.229428
SPNG,24.36,23.64,24.36,2204600.0,1982200.0,1782.0,,0,0,0,0,0,0,0,0,0,0,0,0,0,0,0,0,0,0,0,0,0,0,0,0,0,0,0,0,81,2026-02-05 05:58:20.817829
SMMR,26.42,26.21,26.42,1750000.0,2155800.0,,6105.0,0,0,0,0,0,0,0,0,0,0,0,0,0,0,0,0,0,0,0,0,0,0,0,0,0,0,0,0,81,2026-02-05 05:58:20.817829
ATMN,24.94,25.11,25.13,2347600.0,1735200.0,5451.0,,0,0,0,0,0,0,0,0,0,0,0,0,0,0,0,0,0,0,0,0,0,0,0,0,0,0,0,0,81,2026-02-05 05:58:20.817829
WNTR,26.18,25.95,26.14,2199300.0,1936800.0,3884.0,,0,0,0,0,0,0,0,0,0,0,0,0,0,0,0,0,0,0,0,0,0,0,0,0,0,0,0,0,81,2026-02-05 05:58:20.817829
SPNG,24.05,24.09,24.19,2253600.0,2890.0,1967500.0,1782.0,0,0,0,0,0,0,0,0,0,0,0,0,0,0,0,0,0,0,0,0,0,0,0,0,0,0,0,0,82,2026-02-05 05:58:21.885968
SMMR,26.14,26.14,26.32,2066600.0,1757.0,2171100.0,,0,0,0,0,0,0,0,0,0,0,0,0,0,0,0,0,0,0,0,0,0,0,0,0,0,0,0,0,82,2026-02-05 05:58:21.885968
ATMN,25.2,25.11,25.2,2302900.0,,1908600.0,3291.0,0,0,0,0,0,0,0,0,0,0,0,0,0,0,0,0,0,0,0,0,0,0,0,0,0,0,0,0,82,2026-02-05 05:58:21.885968
WNTR,26.14,25.95,26.14,2312700.0,,1936800.0,3884.0,0,0,0,0,0,0,0,0,0,0,0,0,0,0,0,0,0,0,0,0,0,0,0,0,0,0,0,0,82,2026-02-05 05:58:21.885968
SPNG,24.01,23.64,23.98,2332100.0,2039700.0,1782.0,,0,0,0,0,0,0,0,0,0,0,0,0,0,0,0,0,0,0,0,0,0,0,0,0,0,0,0,0,83,2026-02-05 05:58:22.933409
SMMR,26.36,26.14,26.36,2066600.0,2175800.0,,1757.0,0,0,0,0,0,0,0,0,0,0,0,0,0,0,0,0,0,0,0,0,0,0,0,0,0,0,0,0,83,2026-02-05 05:58:22.933409
ATMN,25.27,25.11,25.27,2286700.0,1777300.0,1278.0,,0,0,0,0,0,0,0,0,0,0,0,0,0,0,0,0,0,0,0,0,0,0,0,0,0,0,0,0,83,2026-02-05 05:58:22.933409
WNTR,25.93,26.13,26.21,2067400.0,1801100.0,,3598.0,0,0,0,0,0,0,0,0,0,0,0,0,0,0,0,0,0,0,0,0,0,0,0,0,0,0,0,0,83,2026-02-05 05:58:22.933409
SPNG,24.21,24.21,24.3,2243700.0,2890.0,1983100.0,1782.0,0,0,0,0,0,0,0,0,0,0,0,0,0,0,0,0,0,0,0,0,0,0,0,0,0,0,0,0,84,2026-02-05 05:58:23.976189
SMMR,26.3,26.14,26.19,2066600.0,1757.0,2209700.0,,0,0,0,0,0,0,0,0,0,0,0,0,0,0,0,0,0,0,0,0,0,0,0,0,0,0,0,0,84,2026-02-05 05:58:23.976189
ATMN,25.11,25.11,25.27,2305900.0,,1777300.0,1278.0,0,0,0,0,0,0,0,0,0,0,0,0,0,0,0,0,0,0,0,0,0,0,0,0,0,0,0,0,84,2026-02-05 05:58:23.976189
WNTR,26.21,26.29,26.4,2295200.0,,1693000.0,,0,0,0,0,0,0,0,0,0,0,0,0,0,0,0,0,0,0,0,0,0,0,0,0,0,0,0,0,84,2026-02-05 05:58:23.976189
SPNG,24.12,24.12,24.29,2268300.0,2890.0,2050600.0,1782.0,0,0,0,0,0,0,0,0,0,0,0,0,0,0,0,0,0,0,0,0,0,0,0,0,0,0,0,0,85,2026-02-05 05:58:25.036273
SMMR,26.2,26.2,26.31,1902900.0,6033.0,2201000.0,,0,0,0,0,0,0,0,0,0,0,0,0,0,0,0,0,0,0,0,0,0,0,0,0,0,0,0,0,85,2026-02-05 05:58:25.036273
ATMN,25.11,25.19,25.27,2064900.0,4224.0,1942100.0,1278.0,0,0,0,0,0,0,0,0,0,0,0,0,0,0,0,0,0,0,0,0,0,0,0,0,0,0,0,0,85,2026-02-05 05:58:25.036273
WNTR,26.36,26.29,26.36,2295200.0,,2048800.0,,0,0,0,0,0,0,0,0,0,0,0,0,0,0,0,0,0,0,0,0,0,0,0,0,0,0,0,0,85,2026-02-05 05:58:25.036273
SPNG,24.12,23.91,23.95,2890.0,2238300.0,2052000.0,1782.0,0,0,0,0,0,0,0,0,0,0,0,0,0,0,0,0,0,0,0,0,0,0,0,0,0,0,0,0,86,2026-02-05 05:58:26.113055
SMMR,26.36,26.2,26.36,6033.0,1902900.0,2175800.0,,0,0,0,0,0,0,0,0,0,0,0,0,0,0,0,0,0,0,0,0,0,0,0,0,0,0,0,0,86,2026-02-05 05:58:26.113055
ATMN,25.22,25.25,25.38,4224.0,2047300.0,1829900.0,,0,0,0,0,0,0,0,0,0,0,0,0,0,0,0,0,0,0,0,0,0,0,0,0,0,0,0,0,86,2026-02-05 05:58:26.113055
WNTR,26.36,26.32,26.33,3176.0,2019200.0,2038800.0,1588.0,0,0,0,0,0,0,0,0,0,0,0,0,0,0,0,0,0,0,0,0,0,0,0,0,0,0,0,0,86,2026-02-05 05:58:26.113055
SPNG,24.12,24.12,24.29,2093300.0,5723.0,2050600.0,1782.0,0,0,0,0,0,0,0,0,0,0,0,0,0,0,0,0,0,0,0,0,0,0,0,0,0,0,0,0,87,2026-02-05 05:58:27.165061
SMMR,26.16,26.16,26.5,1872500.0,6033.0,2135700.0,,0,0,0,0,0,0,0,0,0,0,0,0,0,0,0,0,0,0,0,0,0,0,0,0,0,0,0,0,87,2026-02-05 05:58:27.165061
ATMN,25.11,25.11,25.22,2317800.0,,2084800.0,,0,0,0,0,0,0,0,0,0,0,0,0,0,0,0,0,0,0,0,0,0,0,0,0,0,0,0,0,87,2026-02-05 05:58:27.165061
WNTR,26.25,26.25,26.33,2233700.0,,1900400.0,3176.0,0,0,0,0,0,0,0,0,0,0,0,0,0,0,0,0,0,0,0,0,0,0,0,0,0,0,0,0,87,2026-02-05 05:58:27.165061
SPNG,24.3,24.12,24.27,2057000.0,5723.0,2019500.0,1782.0,0,0,0,0,0,0,0,0,0,0,0,0,0,0,0,0,0,0,0,0,0,0,0,0,0,0,0,0,88,2026-02-05 05:58:28.204625
SMMR,26.34,26.34,26.5,1777900.0,6119.0,2121200.0,,0,0,0,0,0,0,0,0,0,0,0,0,0,0,0,0,0,0,0,0,0,0,0,0,0,0,0,0,88,2026-02-05 05:58:28.204625
ATMN,25.38,25.14,25.38,2064900.0,2160.0,1953200.0,,0,0,0,0,0,0,0,0,0,0,0,0,0,0,0,0,0,0,0,0,0,0,0,0,0,0,0,0,88,2026-02-05 05:58:28.204625
WNTR,26.25,26.18,26.24,2218500.0,,1957200.0,3176.0,0,0,0,0,0,0,0,0,0,0,0,0,0,0,0,0,0,0,0,0,0,0,0,0,0,0,0,0,88,2026-02-05 05:58:28.204625
SPNG,23.97,24.14,24.15,4737.0,2059400.0,2046200.0,1782.0,0,0,0,0,0,0,0,0,0,0,0,0,0,0,0,0,0,0,0,0,0,0,0,0,0,0,0,0,89,2026-02-05 05:58:29.264574
SMMR,26.37,26.34,26.37,6119.0,1777900.0,2106400.0,,0,0,0,0,0,0,0,0,0,0,0,0,0,0,0,0,0,0,0,0,0,0,0,0,0,0,0,0,89,2026-02-05 05:58:29.264574
ATMN,25.42,25.05,25.19,,2279200.0,1983100.0,,0,0,0,0,0,0,0,0,0,0,0,0,0,0,0,0,0,0,0,0,0,0,0,0,0,0,0,0,89,2026-02-05 05:58:29.264574
WNTR,26.12,26.23,26.24,,2228500.0,1862200.0,4764.0,0,0,0,0,0,0,0,0,0,0,0,0,0,0,0,0,0,0,0,0,0,0,0,0,0,0,0,0,89,2026-02-05 05:58:29.264574
SPNG,24.27,24.14,24.22,5890.0,1944100.0,4088.0,1829700.0,0,0,0,0,0,0,0,0,0,0,0,0,0,0,0,0,0,0,0,0,0,0,0,0,0,0,0,0,90,2026-02-05 05:58:29.826699
SMMR,26.34,26.34,26.37,6119.0,1777900.0,,2109100.0,0,0,0,0,0,0,0,0,0,0,0,0,0,0,0,0,0,0,0,0,0,0,0,0,0,0,0,0,90,2026-02-05 05:58:29.826699
ATMN,25.42,25.15,25.19,,2257400.0,,1983100.0,0,0,0,0,0,0,0,0,0,0,0,0,0,0,0,0,0,0,0,0,0,0,0,0,0,0,0,0,90,2026-02-05 05:58:29.826699
WNTR,26.23,26.23,26.24,,2228500.0,4764.0,1872800.0,0,0,0,0,0,0,0,0,0,0,0,0,0,0,0,0,0,0,0,0,0,0,0,0,0,0,0,0,90,2026-02-05 05:58:29.826699
SPNG,24.3,24.14,24.3,5890.0,1954400.0,2054400.0,1782.0,0,0,0,0,0,0,0,0,0,0,0,0,0,0,0,0,0,0,0,0,0,0,0,0,0,0,0,0,91,2026-02-05 05:58:30.922708
SMMR,26.39,26.39,26.5,6087.0,1753600.0,2115400.0,,0,0,0,0,0,0,0,0,0,0,0,0,0,0,0,0,0,0,0,0,0,0,0,0,0,0,0,0,91,2026-02-05 05:58:30.922708
ATMN,24.94,24.94,25.19,,2301300.0,1983100.0,,0,0,0,0,0,0,0,0,0,0,0,0,0,0,0,0,0,0,0,0,0,0,0,0,0,0,0,0,91,2026-02-05 05:58:30.922708
WNTR,26.24,26.23,26.24,,2255700.0,1859600.0,4764.0,0,0,0,0,0,0,0,0,0,0,0,0,0,0,0,0,0,0,0,0,0,0,0,0,0,0,0,0,91,2026-02-05 05:58:30.922708
SPNG,24.3,24.03,24.3,2200900.0,3584.0,2054400.0,1782.0,0,0,0,0,0,0,0,0,0,0,0,0,0,0,0,0,0,0,0,0,0,0,0,0,0,0,0,0,92,2026-02-05 05:58:31.992527
SMMR,26.39,26.39,26.5,1753600.0,6087.0,2148900.0,,0,0,0,0,0,0,0,0,0,0,0,0,0,0,0,0,0,0,0,0,0,0,0,0,0,0,0,0,92,2026-02-05 05:58:31.992527
ATMN,25.19,25.3,25.42,2303300.0,,1966300.0,,0,0,0,0,0,0,0,0,0,0,0,0,0,0,0,0,0,0,0,0,0,0,0,0,0,0,0,0,92,2026-02-05 05:58:31.992527
WNTR,26.21,26.21,26.33,2271900.0,,2043800.0,1588.0,0,0,0,0,0,0,0,0,0,0,0,0,0,0,0,0,0,0,0,0,0,0,0,0,0,0,0,0,92,2026-02-05 05:58:31.992527
SPNG,23.98,23.98,24.48,2175900.0,3584.0,2028200.0,1782.0,0,0,0,0,0,0,0,0,0,0,0,0,0,0,0,0,0,0,0,0,0,0,0,0,0,0,0,0,93,2026-02-05 05:58:33.062360
SMMR,26.47,26.13,26.47,2123200.0,1757.0,2162700.0,,0,0,0,0,0,0,0,0,0,0,0,0,0,0,0,0,0,0,0,0,0,0,0,0,0,0,0,0,93,2026-02-05 05:58:33.062360
ATMN,25.19,25.3,25.35,2303300.0,,2070500.0,,0,0,0,0,0,0,0,0,0,0,0,0,0,0,0,0,0,0,0,0,0,0,0,0,0,0,0,0,93,2026-02-05 05:58:33.062360
WNTR,26.35,26.3,26.35,2245900.0,,2037300.0,1588.0,0,0,0,0,0,0,0,0,0,0,0,0,0,0,0,0,0,0,0,0,0,0,0,0,0,0,0,0,93,2026-02-05 05:58:33.062360
SPNG,23.9,23.74,23.9,2460000.0,2034500.0,1782.0,,0,0,0,0,0,0,0,0,0,0,0,0,0,0,0,0,0,0,0,0,0,0,0,0,0,0,0,0,94,2026-02-05 05:58:34.102114
SMMR,26.5,26.32,26.5,2153200.0,2148900.0,,1757.0,0,0,0,0,0,0,0,0,0,0,0,0,0,0,0,0,0,0,0,0,0,0,0,0,0,0,0,0,94,2026-02-05 05:58:34.102114
ATMN,25.3,25.12,25.17,2319700.0,2115900.0,,,0,0,0,0,0,0,0,0,0,0,0,0,0,0,0,0,0,0,0,0,0,0,0,0,0,0,0,0,94,2026-02-05 05:58:34.102114
WNTR,26.36,26.35,26.36,2215900.0,1985000.0,1588.0,,0,0,0,0,0,0,0,0,0,0,0,0,0,0,0,0,0,0,0,0,0,0,0,0,0,0,0,0,94,2026-02-05 05:58:34.102114
SPNG,23.9,23.88,23.9,2400100.0,2034500.0,1782.0,,0,0,0,0,0,0,0,0,0,0,0,0,0,0,0,0,0,0,0,0,0,0,0,0,0,0,0,0,95,2026-02-05 05:58:35.152179
SMMR,26.32,26.32,26.4,2153200.0,2147000.0,,1757.0,0,0,0,0,0,0,0,0,0,0,0,0,0,0,0,0,0,0,0,0,0,0,0,0,0,0,0,0,95,2026-02-05 05:58:35.152179
ATMN,25.12,25.12,25.17,2322800.0,2128900.0,,,0,0,0,0,0,0,0,0,0,0,0,0,0,0,0,0,0,0,0,0,0,0,0,0,0,0,0,0,95,2026-02-05 05:58:35.152179
WNTR,26.41,26.21,26.41,2250500.0,1975300.0,,,0,0,0,0,0,0,0,0,0,0,0,0,0,0,0,0,0,0,0,0,0,0,0,0,0,0,0,0,95,2026-02-05 05:58:35.152179
SPNG,24.47,23.88,24.06,2400100.0,2073300.0,1782.0,,0,0,0,0,0,0,0,0,0,0,0,0,0,0,0,0,0,0,0,0,0,0,0,0,0,0,0,0,96,2026-02-05 05:58:36.214271
SMMR,26.4,26.13,26.4,2168400.0,2147000.0,,1757.0,0,0,0,0,0,0,0,0,0,0,0,0,0,0,0,0,0,0,0,0,0,0,0,0,0,0,0,0,96,2026-02-05 05:58:36.214271
ATMN,25.04,25.04,25.17,2324200.0,2154700.0,,,0,0,0,0,0,0,0,0,0,0,0,0,0,0,0,0,0,0,0,0,0,0,0,0,0,0,0,0,96,2026-02-05 05:58:36.214271
WNTR,26.41,26.15,26.41,2224300.0,1874500.0,,,0,0,0,0,0,0,0,0,0,0,0,0,0,0,0,0,0,0,0,0,0,0,0,0,0,0,0,0,96,2026-02-05 05:58:36.214271
SPNG,23.81,23.81,24.48,2423600.0,2044000.0,1782.0,,0,0,0,0,0,0,0,0,0,0,0,0,0,0,0,0,0,0,0,0,0,0,0,0,0,0,0,0,97,2026-02-05 05:58:37.277301
SMMR,26.34,26.23,26.25,2159700.0,2134300.0,,1757.0,0,0,0,0,0,0,0,0,0,0,0,0,0,0,0,0,0,0,0,0,0,0,0,0,0,0,0,0,97,2026-02-05 05:58:37.277301
ATMN,24.89,24.89,25.33,2343900.0,2179600.0,,,0,0,0,0,0,0,0,0,0,0,0,0,0,0,0,0,0,0,0,0,0,0,0,0,0,0,0,0,97,2026-02-05 05:58:37.277301
WNTR,26.43,26.14,26.39,2242500.0,1914900.0,,,0,0,0,0,0,0,0,0,0,0,0,0,0,0,0,0,0,0,0,0,0,0,0,0,0,0,0,0,97,2026-02-05 05:58:37.277301
SPNG,23.96,23.96,24.48,2443100.0,2044000.0,1782.0,,0,0,0,0,0,0,0,0,0,0,0,0,0,0,0,0,0,0,0,0,0,0,0,0,0,0,0,0,98,2026-02-05 05:58:38.322655
SMMR,26.5,26.23,26.5,2155400.0,2164800.0,,1757.0,0,0,0,0,0,0,0,0,0,0,0,0,0,0,0,0,0,0,0,0,0,0,0,0,0,0,0,0,98,2026-02-05 05:58:38.322655
ATMN,25.17,24.89,25.02,2343900.0,2172500.0,,,0,0,0,0,0,0,0,0,0,0,0,0,0,0,0,0,0,0,0,0,0,0,0,0,0,0,0,0,98,2026-02-05 05:58:38.322655
WNTR,26.12,26.12,26.26,2235400.0,2126600.0,,,0,0,0,0,0,0,0,0,0,0,0,0,0,0,0,0,0,0,0,0,0,0,0,0,0,0,0,0,98,2026-02-05 05:58:38.322655
SPNG,23.81,23.81,24.48,2445600.0,2044000.0,1782.0,,0,0,0,0,0,0,0,0,0,0,0,0,0,0,0,0,0,0,0,0,0,0,0,0,0,0,0,0,99,2026-02-05 05:58:38.862596
SMMR,26.5,26.23,26.25,2155400.0,2163400.0,,1757.0,0,0,0,0,0,0,0,0,0,0,0,0,0,0,0,0,0,0,0,0,0,0,0,0,0,0,0,0,99,2026-02-05 05:58:38.862596
ATMN,25.06,24.89,25.06,2343900.0,2209900.0,,,0,0,0,0,0,0,0,0,0,0,0,0,0,0,0,0,0,0,0,0,0,0,0,0,0,0,0,0,99,2026-02-05 05:58:38.862596
WNTR,26.26,26.15,26.26,2216800.0,2126600.0,,,0,0,0,0,0,0,0,0,0,0,0,0,0,0,0,0,0,0,0,0,0,0,0,0,0,0,0,0,99,2026-02-05 05:58:38.862596
SPNG,23.84,24.2,24.48,2456800.0,2062000.0,1782.0,,0,0,0,0,0,0,0,0,0,0,0,0,0,0,0,0,0,0,0,0,0,0,0,0,0,0,0,0,100,2026-02-05 05:58:39.934087
SMMR,26.12,26.12,26.5,2156100.0,2162500.0,,1757.0,0,0,0,0,0,0,0,0,0,0,0,0,0,0,0,0,0,0,0,0,0,0,0,0,0,0,0,0,100,2026-02-05 05:58:39.934087
ATMN,24.89,24.88,24.89,2364300.0,2221900.0,,,0,0,0,0,0,0,0,0,0,0,0,0,0,0,0,0,0,0,0,0,0,0,0,0,0,0,0,0,100,2026-02-05 05:58:39.934087
WNTR,26.22,26.25,26.39,2211700.0,2004700.0,,,0,0,0,0,0,0,0,0,0,0,0,0,0,0,0,0,0,0,0,0,0,0,0,0,0,0,0,0,100,2026-02-05 05:58:39.934087
SPNG,23.74,24.46,24.48,2429800.0,2093300.0,1782.0,,0,0,0,0,0,0,0,0,0,0,0,0,0,0,0,0,0,0,0,0,0,0,0,0,0,0,0,0,101,2026-02-05 05:58:41.025255
SMMR,26.12,26.36,26.41,2120700.0,2137000.0,,1757.0,0,0,0,0,0,0,0,0,0,0,0,0,0,0,0,0,0,0,0,0,0,0,0,0,0,0,0,0,101,2026-02-05 05:58:41.025255
ATMN,24.9,24.98,25.06,2298000.0,2201700.0,,,0,0,0,0,0,0,0,0,0,0,0,0,0,0,0,0,0,0,0,0,0,0,0,0,0,0,0,0,101,2026-02-05 05:58:41.025255
WNTR,26.43,26.35,26.43,2217000.0,1771000.0,,,0,0,0,0,0,0,0,0,0,0,0,0,0,0,0,0,0,0,0,0,0,0,0,0,0,0,0,0,101,2026-02-05 05:58:41.025255
SPNG,24.48,23.74,24.48,2452200.0,2071500.0,1782.0,,0,0,0,0,0,0,0,0,0,0,0,0,0,0,0,0,0,0,0,0,0,0,0,0,0,0,0,0,102,2026-02-05 05:58:42.097199
SMMR,26.12,26.12,26.41,2146500.0,2132600.0,,1757.0,0,0,0,0,0,0,0,0,0,0,0,0,0,0,0,0,0,0,0,0,0,0,0,0,0,0,0,0,102,2026-02-05 05:58:42.097199
ATMN,24.76,24.76,24.96,2305700.0,2216100.0,,,0,0,0,0,0,0,0,0,0,0,0,0,0,0,0,0,0,0,0,0,0,0,0,0,0,0,0,0,102,2026-02-05 05:58:42.097199
WNTR,26.25,26.15,26.22,2216800.0,1770000.0,,,0,0,0,0,0,0,0,0,0,0,0,0,0,0,0,0,0,0,0,0,0,0,0,0,0,0,0,0,102,2026-02-05 05:58:42.097199
SPNG,23.74,24.05,24.48,2411800.0,2071500.0,1782.0,,0,0,0,0,0,0,0,0,0,0,0,0,0,0,0,0,0,0,0,0,0,0,0,0,0,0,0,0,103,2026-02-05 05:58:43.152013
SMMR,26.45,26.3,26.45,2127200.0,2131800.0,,1757.0,0,0,0,0,0,0,0,0,0,0,0,0,0,0,0,0,0,0,0,0,0,0,0,0,0,0,0,0,103,2026-02-05 05:58:43.152013
ATMN,24.74,24.74,24.96,2280500.0,2216100.0,,,0,0,0,0,0,0,0,0,0,0,0,0,0,0,0,0,0,0,0,0,0,0,0,0,0,0,0,0,103,2026-02-05 05:58:43.152013
WNTR,26.25,26.15,26.22,2148100.0,1770000.0,,,0,0,0,0,0,0,0,0,0,0,0,0,0,0,0,0,0,0,0,0,0,0,0,0,0,0,0,0,103,2026-02-05 05:58:43.152013
SPNG,24.58,23.74,24.58,2452200.0,2049100.0,1782.0,,0,0,0,0,0,0,0,0,0,0,0,0,0,0,0,0,0,0,0,0,0,0,0,0,0,0,0,0,104,2026-02-05 05:58:44.191134
SMMR,26.45,26.23,26.45,2144000.0,2131800.0,,1757.0,0,0,0,0,0,0,0,0,0,0,0,0,0,0,0,0,0,0,0,0,0,0,0,0,0,0,0,0,104,2026-02-05 05:58:44.191134
ATMN,25.06,24.74,24.84,2266100.0,2183700.0,,,0,0,0,0,0,0,0,0,0,0,0,0,0,0,0,0,0,0,0,0,0,0,0,0,0,0,0,0,104,2026-02-05 05:58:44.191134
WNTR,26.37,26.37,26.47,2149400.0,1775400.0,,,0,0,0,0,0,0,0,0,0,0,0,0,0,0,0,0,0,0,0,0,0,0,0,0,0,0,0,0,104,2026-02-05 05:58:44.191134
SPNG,23.67,23.67,24.58,2481700.0,2049100.0,1782.0,,0,0,0,0,0,0,0,0,0,0,0,0,0,0,0,0,0,0,0,0,0,0,0,0,0,0,0,0,105,2026-02-05 05:58:45.232460
SMMR,26.11,26.22,26.4,2112700.0,2134900.0,,1757.0,0,0,0,0,0,0,0,0,0,0,0,0,0,0,0,0,0,0,0,0,0,0,0,0,0,0,0,0,105,2026-02-05 05:58:45.232460
ATMN,24.74,24.74,24.84,2265800.0,2183700.0,,,0,0,0,0,0,0,0,0,0,0,0,0,0,0,0,0,0,0,0,0,0,0,0,0,0,0,0,0,105,2026-02-05 05:58:45.232460
WNTR,26.15,26.15,26.3,2159200.0,1897800.0,,,0,0,0,0,0,0,0,0,0,0,0,0,0,0,0,0,0,0,0,0,0,0,0,0,0,0,0,0,105,2026-02-05 05:58:45.232460
SPNG,24.62,24.21,24.54,2470100.0,2061400.0,1782.0,,0,0,0,0,0,0,0,0,0,0,0,0,0,0,0,0,0,0,0,0,0,0,0,0,0,0,0,0,106,2026-02-05 05:58:46.295943
SMMR,26.11,26.15,26.4,2137700.0,2134900.0,,1757.0,0,0,0,0,0,0,0,0,0,0,0,0,0,0,0,0,0,0,0,0,0,0,0,0,0,0,0,0,106,2026-02-05 05:58:46.295943
ATMN,24.63,24.63,25.06,2279600.0,2201700.0,,,0,0,0,0,0,0,0,0,0,0,0,0,0,0,0,0,0,0,0,0,0,0,0,0,0,0,0,0,106,2026-02-05 05:58:46.295943
WNTR,26.17,26.17,26.3,2166800.0,1897800.0,,,0,0,0,0,0,0,0,0,0,0,0,0,0,0,0,0,0,0,0,0,0,0,0,0,0,0,0,0,106,2026-02-05 05:58:46.295943
SPNG,23.67,23.67,24.46,2448700.0,2092800.0,1782.0,,0,0,0,0,0,0,0,0,0,0,0,0,0,0,0,0,0,0,0,0,0,0,0,0,0,0,0,0,107,2026-02-05 05:58:47.338259
SMMR,26.15,26.15,26.37,2137800.0,2151700.0,,1757.0,0,0,0,0,0,0,0,0,0,0,0,0,0,0,0,0,0,0,0,0,0,0,0,0,0,0,0,0,107,2026-02-05 05:58:47.338259
ATMN,25.06,24.63,25.06,2276000.0,2201700.0,,,0,0,0,0,0,0,0,0,0,0,0,0,0,0,0,0,0,0,0,0,0,0,0,0,0,0,0,0,107,2026-02-05 05:58:47.338259
WNTR,26.48,26.17,26.23,2166800.0,1983800.0,,,0,0,0,0,0,0,0,0,0,0,0,0,0,0,0,0,0,0,0,0,0,0,0,0,0,0,0,0,107,2026-02-05 05:58:47.338259
SPNG,23.67,23.93,24.28,2432800.0,2108400.0,1782.0,,0,0,0,0,0,0,0,0,0,0,0,0,0,0,0,0,0,0,0,0,0,0,0,0,0,0,0,0,108,2026-02-05 05:58:47.889849
SMMR,26.1,26.1,26.29,2096000.0,2183600.0,,1757.0,0,0,0,0,0,0,0,0,0,0,0,0,0,0,0,0,0,0,0,0,0,0,0,0,0,0,0,0,108,2026-02-05 05:58:47.889849
ATMN,24.62,24.62,25.06,2271400.0,2219900.0,,,0,0,0,0,0,0,0,0,0,0,0,0,0,0,0,0,0,0,0,0,0,0,0,0,0,0,0,0,108,2026-02-05 05:58:47.889849
WNTR,26.23,26.28,26.32,2186400.0,1950600.0,,,0,0,0,0,0,0,0,0,0,0,0,0,0,0,0,0,0,0,0,0,0,0,0,0,0,0,0,0,108,2026-02-05 05:58:47.889849
SPNG,23.67,24.14,24.28,2402900.0,2108400.0,1782.0,,0,0,0,0,0,0,0,0,0,0,0,0,0,0,0,0,0,0,0,0,0,0,0,0,0,0,0,0,109,2026-02-05 05:58:48.935599
SMMR,26.09,26.17,26.29,2072300.0,2183600.0,,1757.0,0,0,0,0,0,0,0,0,0,0,0,0,0,0,0,0,0,0,0,0,0,0,0,0,0,0,0,0,109,2026-02-05 05:58:48.935599
ATMN,24.62,24.76,24.94,2287700.0,2216400.0,,,0,0,0,0,0,0,0,0,0,0,0,0,0,0,0,0,0,0,0,0,0,0,0,0,0,0,0,0,109,2026-02-05 05:58:48.935599
WNTR,26.28,26.28,26.45,2186400.0,1859200.0,,,0,0,0,0,0,0,0,0,0,0,0,0,0,0,0,0,0,0,0,0,0,0,0,0,0,0,0,0,109,2026-02-05 05:58:48.935599
SPNG,23.98,23.98,24.19,2415000.0,2089800.0,1782.0,,0,0,0,0,0,0,0,0,0,0,0,0,0,0,0,0,0,0,0,0,0,0,0,0,0,0,0,0,110,2026-02-05 05:58:49.991399
SMMR,26.29,26.17,26.29,2093600.0,2183100.0,,1757.0,0,0,0,0,0,0,0,0,0,0,0,0,0,0,0,0,0,0,0,0,0,0,0,0,0,0,0,0,110,2026-02-05 05:58:49.991399
ATMN,24.64,24.64,24.94,2281900.0,2218000.0,,,0,0,0,0,0,0,0,0,0,0,0,0,0,0,0,0,0,0,0,0,0,0,0,0,0,0,0,0,110,2026-02-05 05:58:49.991399
WNTR,26.36,26.28,26.36,2198100.0,1970800.0,,,0,0,0,0,0,0,0,0,0,0,0,0,0,0,0,0,0,0,0,0,0,0,0,0,0,0,0,0,110,2026-02-05 05:58:49.991399
SPNG,23.97,23.97,24.19,2394000.0,2104500.0,1782.0,,0,0,0,0,0,0,0,0,0,0,0,0,0,0,0,0,0,0,0,0,0,0,0,0,0,0,0,0,111,2026-02-05 05:58:51.056803
SMMR,26.09,26.1,26.29,2079800.0,2182300.0,,1757.0,0,0,0,0,0,0,0,0,0,0,0,0,0,0,0,0,0,0,0,0,0,0,0,0,0,0,0,0,111,2026-02-05 05:58:51.056803
ATMN,24.62,24.62,24.9,2265100.0,2258700.0,,,0,0,0,0,0,0,0,0,0,0,0,0,0,0,0,0,0,0,0,0,0,0,0,0,0,0,0,0,111,2026-02-05 05:58:51.056803
WNTR,26.36,26.35,26.36,2159900.0,2087000.0,,,0,0,0,0,0,0,0,0,0,0,0,0,0,0,0,0,0,0,0,0,0,0,0,0,0,0,0,0,111,2026-02-05 05:58:51.056803
SPNG,24.28,23.93,24.28,2376700.0,2108000.0,1782.0,,0,0,0,0,0,0,0,0,0,0,0,0,0,0,0,0,0,0,0,0,0,0,0,0,0,0,0,0,112,2026-02-05 05:58:52.139814
SMMR,26.32,26.1,26.32,2062200.0,2154400.0,,1757.0,0,0,0,0,0,0,0,0,0,0,0,0,0,0,0,0,0,0,0,0,0,0,0,0,0,0,0,0,112,2026-02-05 05:58:52.139814
ATMN,24.9,24.68,24.9,2263000.0,2258700.0,,,0,0,0,0,0,0,0,0,0,0,0,0,0,0,0,0,0,0,0,0,0,0,0,0,0,0,0,0,112,2026-02-05 05:58:52.139814
WNTR,26.18,26.18,26.28,2156800.0,2063800.0,,,0,0,0,0,0,0,0,0,0,0,0,0,0,0,0,0,0,0,0,0,0,0,0,0,0,0,0,0,112,2026-02-05 05:58:52.139814
SPNG,24.09,24.09,24.28,2369500.0,2108000.0,1782.0,,0,0,0,0,0,0,0,0,0,0,0,0,0,0,0,0,0,0,0,0,0,0,0,0,0,0,0,0,113,2026-02-05 05:58:53.198429
SMMR,26.37,26.19,26.37,2072100.0,2154900.0,,1757.0,0,0,0,0,0,0,0,0,0,0,0,0,0,0,0,0,0,0,0,0,0,0,0,0,0,0,0,0,113,2026-02-05 05:58:53.198429
ATMN,25.02,24.77,25.02,2251600.0,2215500.0,,,0,0,0,0,0,0,0,0,0,0,0,0,0,0,0,0,0,0,0,0,0,0,0,0,0,0,0,0,113,2026-02-05 05:58:53.198429
WNTR,26.18,26.26,26.28,2123200.0,2063800.0,,,0,0,0,0,0,0,0,0,0,0,0,0,0,0,0,0,0,0,0,0,0,0,0,0,0,0,0,0,113,2026-02-05 05:58:53.198429
SPNG,24.45,24.09,24.24,2369500.0,2116100.0,1782.0,,0,0,0,0,0,0,0,0,0,0,0,0,0,0,0,0,0,0,0,0,0,0,0,0,0,0,0,0,114,2026-02-05 05:58:54.239243
SMMR,26.37,26.26,26.37,2059800.0,2143800.0,,1757.0,0,0,0,0,0,0,0,0,0,0,0,0,0,0,0,0,0,0,0,0,0,0,0,0,0,0,0,0,114,2026-02-05 05:58:54.239243
ATMN,24.95,24.77,24.89,2251600.0,2239000.0,,,0,0,0,0,0,0,0,0,0,0,0,0,0,0,0,0,0,0,0,0,0,0,0,0,0,0,0,0,114,2026-02-05 05:58:54.239243
WNTR,26.18,26.26,26.28,2143700.0,2063800.0,,,0,0,0,0,0,0,0,0,0,0,0,0,0,0,0,0,0,0,0,0,0,0,0,0,0,0,0,0,114,2026-02-05 05:58:54.239243
SPNG,23.93,23.93,24.46,2367600.0,2102200.0,1782.0,,0,0,0,0,0,0,0,0,0,0,0,0,0,0,0,0,0,0,0,0,0,0,0,0,0,0,0,0,115,2026-02-05 05:58:55.276643
SMMR,26.19,26.1,26.12,2060200.0,2167500.0,,1757.0,0,0,0,0,0,0,0,0,0,0,0,0,0,0,0,0,0,0,0,0,0,0,0,0,0,0,0,0,115,2026-02-05 05:58:55.276643
ATMN,24.68,24.68,24.89,2263000.0,2239000.0,,,0,0,0,0,0,0,0,0,0,0,0,0,0,0,0,0,0,0,0,0,0,0,0,0,0,0,0,0,115,2026-02-05 05:58:55.276643
WNTR,26.36,26.28,26.36,2166800.0,2062700.0,,,0,0,0,0,0,0,0,0,0,0,0,0,0,0,0,0,0,0,0,0,0,0,0,0,0,0,0,0,115,2026-02-05 05:58:55.276643
SPNG,24.46,23.93,24.33,2367600.0,2099000.0,1782.0,,0,0,0,0,0,0,0,0,0,0,0,0,0,0,0,0,0,0,0,0,0,0,0,0,0,0,0,0,116,2026-02-05 05:58:56.321177
SMMR,26.19,26.1,26.12,2040400.0,2167500.0,,1757.0,0,0,0,0,0,0,0,0,0,0,0,0,0,0,0,0,0,0,0,0,0,0,0,0,0,0,0,0,116,2026-02-05 05:58:56.321177
ATMN,24.7,24.68,24.7,2258700.0,2220500.0,,,0,0,0,0,0,0,0,0,0,0,0,0,0,0,0,0,0,0,0,0,0,0,0,0,0,0,0,0,116,2026-02-05 05:58:56.321177
WNTR,26.45,26.29,26.45,2142200.0,1971900.0,,,0,0,0,0,0,0,0,0,0,0,0,0,0,0,0,0,0,0,0,0,0,0,0,0,0,0,0,0,116,2026-02-05 05:58:56.321177
SPNG,24.33,24.2,24.33,2364600.0,2123700.0,1782.0,,0,0,0,0,0,0,0,0,0,0,0,0,0,0,0,0,0,0,0,0,0,0,0,0,0,0,0,0,117,2026-02-05 05:58:57.364496
SMMR,26.39,26.17,26.39,2076600.0,2144000.0,,1757.0,0,0,0,0,0,0,0,0,0,0,0,0,0,0,0,0,0,0,0,0,0,0,0,0,0,0,0,0,117,2026-02-05 05:58:57.364496
ATMN,24.95,24.98,25.02,2248500.0,2253400.0,,,0,0,0,0,0,0,0,0,0,0,0,0,0,0,0,0,0,0,0,0,0,0,0,0,0,0,0,0,117,2026-02-05 05:58:57.364496
WNTR,26.45,26.29,26.41,2142200.0,2067800.0,,,0,0,0,0,0,0,0,0,0,0,0,0,0,0,0,0,0,0,0,0,0,0,0,0,0,0,0,0,117,2026-02-05 05:58:57.364496
SPNG,24.2,24.2,24.33,2364600.0,2181200.0,1782.0,,0,0,0,0,0,0,0,0,0,0,0,0,0,0,0,0,0,0,0,0,0,0,0,0,0,0,0,0,118,2026-02-05 05:58:58.422686
SMMR,26.17,26.1,26.12,2040100.0,2182900.0,,1757.0,0,0,0,0,0,0,0,0,0,0,0,0,0,0,0,0,0,0,0,0,0,0,0,0,0,0,0,0,118,2026-02-05 05:58:58.422686
ATMN,25.33,24.7,25.33,2258500.0,2222400.0,,,0,0,0,0,0,0,0,0,0,0,0,0,0,0,0,0,0,0,0,0,0,0,0,0,0,0,0,0,118,2026-02-05 05:58:58.422686
WNTR,26.41,26.28,26.41,2166800.0,2057200.0,,,0,0,0,0,0,0,0,0,0,0,0,0,0,0,0,0,0,0,0,0,0,0,0,0,0,0,0,0,118,2026-02-05 05:58:58.422686
SPNG,24.2,24.2,24.33,2364600.0,2172600.0,1782.0,,0,0,0,0,0,0,0,0,0,0,0,0,0,0,0,0,0,0,0,0,0,0,0,0,0,0,0,0,119,2026-02-05 05:58:59.471979
SMMR,26.1,26.1,26.29,2040700.0,2176700.0,,1757.0,0,0,0,0,0,0,0,0,0,0,0,0,0,0,0,0,0,0,0,0,0,0,0,0,0,0,0,0,119,2026-02-05 05:58:59.471979
ATMN,25.35,24.7,25.06,2268400.0,2210800.0,,,0,0,0,0,0,0,0,0,0,0,0,0,0,0,0,0,0,0,0,0,0,0,0,0,0,0,0,0,119,2026-02-05 05:58:59.471979
WNTR,26.41,26.28,26.4,2166800.0,2103700.0,,,0,0,0,0,0,0,0,0,0,0,0,0,0,0,0,0,0,0,0,0,0,0,0,0,0,0,0,0,119,2026-02-05 05:58:59.471979
SPNG,23.64,23.69,24.64,200000.0,1782.0,,0,0,0,0,0,0,0,0,0,0,0,0,0,0,0,0,0,0,0,0,0,0,0,0,0,0,0,0,0,120,2026-02-05 05:59:00.009810
SMMR,26.3,26.07,0.0,200000.0,,1757.0,0,0,0,0,0,0,0,0,0,0,0,0,0,0,0,0,0,0,0,0,0,0,0,0,0,0,0,0,0,120,2026-02-05 05:59:00.009810
ATMN,25.35,24.55,0.0,200000.0,,,0,0,0,0,0,0,0,0,0,0,0,0,0,0,0,0,0,0,0,0,0,0,0,0,0,0,0,0,0,120,2026-02-05 05:59:00.009810
WNTR,26.41,23.68,0.0,200000.0,,,0,0,0,0,0,0,0,0,0,0,0,0,0,0,0,0,0,0,0,0,0,0,0,0,0,0,0,0,0,120,2026-02-05 05:59:00.009810
SPNG,23.69,23.69,24.2,994000.0,909200.0,1782.0,,0,0,0,0,0,0,0,0,0,0,0,0,0,0,0,0,0,0,0,0,0,0,0,0,0,0,0,0,121,2026-02-05 05:59:01.139567
SMMR,26.3,26.07,26.12,895000.0,1190900.0,,1757.0,0,0,0,0,0,0,0,0,0,0,0,0,0,0,0,0,0,0,0,0,0,0,0,0,0,0,0,0,121,2026-02-05 05:59:01.139567
ATMN,24.59,24.55,24.59,976400.0,978000.0,,,0,0,0,0,0,0,0,0,0,0,0,0,0,0,0,0,0,0,0,0,0,0,0,0,0,0,0,0,121,2026-02-05 05:59:01.139567
WNTR,26.41,24.01,24.14,940600.0,1242800.0,,,0,0,0,0,0,0,0,0,0,0,0,0,0,0,0,0,0,0,0,0,0,0,0,0,0,0,0,0,121,2026-02-05 05:59:01.139567
SPNG,23.76,23.69,23.76,994000.0,1287000.0,1782.0,0,0,0,0,0,0,0,0,0,0,0,0,0,0,0,0,0,0,0,0,0,0,0,0,0,0,0,0,0,122,2026-02-05 05:59:02.198539
SMMR,25.88,25.88,26.04,895000.0,1402700.0,,0,0,0,0,0,0,0,0,0,0,0,0,0,0,0,0,0,0,0,0,0,0,0,0,0,0,0,0,0,122,2026-02-05 05:59:02.198539
ATMN,24.76,24.55,24.69,976400.0,978400.0,,0,0,0,0,0,0,0,0,0,0,0,0,0,0,0,0,0,0,0,0,0,0,0,0,0,0,0,0,0,122,2026-02-05 05:59:02.198539
WNTR,26.41,24.01,24.02,940600.0,1630000.0,,0,0,0,0,0,0,0,0,0,0,0,0,0,0,0,0,0,0,0,0,0,0,0,0,0,0,0,0,0,122,2026-02-05 05:59:02.198539
SPNG,23.76,23.69,23.76,994000.0,1636700.0,1782.0,0,0,0,0,0,0,0,0,0,0,0,0,0,0,0,0,0,0,0,0,0,0,0,0,0,0,0,0,0,123,2026-02-05 05:59:03.242516
SMMR,25.88,25.88,26.04,895000.0,1746400.0,,0,0,0,0,0,0,0,0,0,0,0,0,0,0,0,0,0,0,0,0,0,0,0,0,0,0,0,0,0,123,2026-02-05 05:59:03.242516
ATMN,24.05,24.05,24.69,1108800.0,1085200.0,,0,0,0,0,0,0,0,0,0,0,0,0,0,0,0,0,0,0,0,0,0,0,0,0,0,0,0,0,0,123,2026-02-05 05:59:03.242516
WNTR,23.68,23.68,23.85,916600.0,1861200.0,,0,0,0,0,0,0,0,0,0,0,0,0,0,0,0,0,0,0,0,0,0,0,0,0,0,0,0,0,0,123,2026-02-05 05:59:03.242516
SPNG,23.85,23.05,23.85,1221400.0,1377100.0,1782.0,0,0,0,0,0,0,0,0,0,0,0,0,0,0,0,0,0,0,0,0,0,0,0,0,0,0,0,0,0,124,2026-02-05 05:59:04.285533
SMMR,25.88,25.65,25.69,902600.0,2176700.0,,0,0,0,0,0,0,0,0,0,0,0,0,0,0,0,0,0,0,0,0,0,0,0,0,0,0,0,0,0,124,2026-02-05 05:59:04.285533
ATMN,24.02,24.02,24.27,1105600.0,1214400.0,,0,0,0,0,0,0,0,0,0,0,0,0,0,0,0,0,0,0,0,0,0,0,0,0,0,0,0,0,0,124,2026-02-05 05:59:04.285533
WNTR,23.68,23.68,23.85,1075900.0,1983600.0,,0,0,0,0,0,0,0,0,0,0,0,0,0,0,0,0,0,0,0,0,0,0,0,0,0,0,0,0,0,124,2026-02-05 05:59:04.285533
SPNG,23.85,23.12,23.85,1344700.0,1377100.0,1782.0,0,0,0,0,0,0,0,0,0,0,0,0,0,0,0,0,0,0,0,0,0,0,0,0,0,0,0,0,0,125,2026-02-05 05:59:05.337716
SMMR,25.65,25.24,25.35,875100.0,2155300.0,,0,0,0,0,0,0,0,0,0,0,0,0,0,0,0,0,0,0,0,0,0,0,0,0,0,0,0,0,0,125,2026-02-05 05:59:05.337716
ATMN,24.69,24.69,24.79,1446200.0,960100.0,,0,0,0,0,0,0,0,0,0,0,0,0,0,0,0,0,0,0,0,0,0,0,0,0,0,0,0,0,0,125,2026-02-05 05:59:05.337716
WNTR,23.8,23.68,23.75,1309600.0,2114900.0,,0,0,0,0,0,0,0,0,0,0,0,0,0,0,0,0,0,0,0,0,0,0,0,0,0,0,0,0,0,125,2026-02-05 05:59:05.337716
SPNG,23.12,23.12,24.2,1344700.0,1122500.0,1782.0,0,0,0,0,0,0,0,0,0,0,0,0,0,0,0,0,0,0,0,0,0,0,0,0,0,0,0,0,0,126,2026-02-05 05:59:06.383869
SMMR,24.84,24.84,24.92,884500.0,2180800.0,,0,0,0,0,0,0,0,0,0,0,0,0,0,0,0,0,0,0,0,0,0,0,0,0,0,0,0,0,0,126,2026-02-05 05:59:06.383869
ATMN,24.26,24.08,24.26,1326000.0,1089000.0,,0,0,0,0,0,0,0,0,0,0,0,0,0,0,0,0,0,0,0,0,0,0,0,0,0,0,0,0,0,126,2026-02-05 05:59:06.383869
WNTR,23.86,23.81,23.86,1408400.0,2021200.0,,0,0,0,0,0,0,0,0,0,0,0,0,0,0,0,0,0,0,0,0,0,0,0,0,0,0,0,0,0,126,2026-02-05 05:59:06.383869
SPNG,23.12,23.94,24.2,1551400.0,1367300.0,1782.0,0,0,0,0,0,0,0,0,0,0,0,0,0,0,0,0,0,0,0,0,0,0,0,0,0,0,0,0,0,127,2026-02-05 05:59:07.435447
SMMR,24.76,24.76,24.92,908100.0,2208600.0,,0,0,0,0,0,0,0,0,0,0,0,0,0,0,0,0,0,0,0,0,0,0,0,0,0,0,0,0,0,127,2026-02-05 05:59:07.435447
ATMN,24.26,24.47,24.74,1563600.0,1064100.0,,0,0,0,0,0,0,0,0,0,0,0,0,0,0,0,0,0,0,0,0,0,0,0,0,0,0,0,0,0,127,2026-02-05 05:59:07.435447
WNTR,23.91,23.68,23.91,1309600.0,1985800.0,,0,0,0,0,0,0,0,0,0,0,0,0,0,0,0,0,0,0,0,0,0,0,0,0,0,0,0,0,0,127,2026-02-05 05:59:07.435447
SPNG,23.66,23.38,23.61,1446400.0,1616500.0,1782.0,0,0,0,0,0,0,0,0,0,0,0,0,0,0,0,0,0,0,0,0,0,0,0,0,0,0,0,0,0,128,2026-02-05 05:59:08.488835
SMMR,24.76,24.64,24.73,963100.0,2178200.0,,0,0,0,0,0,0,0,0,0,0,0,0,0,0,0,0,0,0,0,0,0,0,0,0,0,0,0,0,0,128,2026-02-05 05:59:08.488835
ATMN,24.26,24.47,24.66,1563600.0,1403900.0,,0,0,0,0,0,0,0,0,0,0,0,0,0,0,0,0,0,0,0,0,0,0,0,0,0,0,0,0,0,128,2026-02-05 05:59:08.488835
WNTR,23.91,23.73,23.91,1679600.0,1985800.0,,0,0,0,0,0,0,0,0,0,0,0,0,0,0,0,0,0,0,0,0,0,0,0,0,0,0,0,0,0,128,2026-02-05 05:59:08.488835
SPNG,23.66,23.53,23.61,1911700.0,1616500.0,1782.0,0,0,0,0,0,0,0,0,0,0,0,0,0,0,0,0,0,0,0,0,0,0,0,0,0,0,0,0,0,129,2026-02-05 05:59:09.557912
SMMR,24.64,24.64,24.72,963100.0,2233400.0,,0,0,0,0,0,0,0,0,0,0,0,0,0,0,0,0,0,0,0,0,0,0,0,0,0,0,0,0,0,129,2026-02-05 05:59:09.557912
ATMN,24.47,24.23,24.27,1542100.0,1628100.0,,0,0,0,0,0,0,0,0,0,0,0,0,0,0,0,0,0,0,0,0,0,0,0,0,0,0,0,0,0,129,2026-02-05 05:59:09.557912
WNTR,23.91,23.77,23.91,2050300.0,1858800.0,,0,0,0,0,0,0,0,0,0,0,0,0,0,0,0,0,0,0,0,0,0,0,0,0,0,0,0,0,0,129,2026-02-05 05:59:09.557912
SPNG,23.66,23.53,23.61,2125100.0,1616500.0,1782.0,0,0,0,0,0,0,0,0,0,0,0,0,0,0,0,0,0,0,0,0,0,0,0,0,0,0,0,0,0,130,2026-02-05 05:59:10.094171
SMMR,24.62,24.62,24.64,949300.0,2242400.0,,0,0,0,0,0,0,0,0,0,0,0,0,0,0,0,0,0,0,0,0,0,0,0,0,0,0,0,0,0,130,2026-02-05 05:59:10.094171
ATMN,24.27,24.64,24.66,1672800.0,1615800.0,,0,0,0,0,0,0,0,0,0,0,0,0,0,0,0,0,0,0,0,0,0,0,0,0,0,0,0,0,0,130,2026-02-05 05:59:10.094171
WNTR,23.91,23.97,24.02,2348100.0,1752400.0,,0,0,0,0,0,0,0,0,0,0,0,0,0,0,0,0,0,0,0,0,0,0,0,0,0,0,0,0,0,130,2026-02-05 05:59:10.094171
SPNG,23.75,23.8,24.2,2426700.0,1459400.0,1782.0,0,0,0,0,0,0,0,0,0,0,0,0,0,0,0,0,0,0,0,0,0,0,0,0,0,0,0,0,0,131,2026-02-05 05:59:11.154439
SMMR,23.43,23.55,23.8,988100.0,2283500.0,,0,0,0,0,0,0,0,0,0,0,0,0,0,0,0,0,0,0,0,0,0,0,0,0,0,0,0,0,0,131,2026-02-05 05:59:11.154439
ATMN,24.09,24.22,24.6,1547300.0,1730400.0,,0,0,0,0,0,0,0,0,0,0,0,0,0,0,0,0,0,0,0,0,0,0,0,0,0,0,0,0,0,131,2026-02-05 05:59:11.154439
WNTR,23.82,23.92,24.02,2352700.0,1874800.0,,0,0,0,0,0,0,0,0,0,0,0,0,0,0,0,0,0,0,0,0,0,0,0,0,0,0,0,0,0,131,2026-02-05 05:59:11.154439
SPNG,24.29,23.93,24.1,2435800.0,1467400.0,1782.0,0,0,0,0,0,0,0,0,0,0,0,0,0,0,0,0,0,0,0,0,0,0,0,0,0,0,0,0,0,132,2026-02-05 05:59:12.227278
SMMR,23.43,23.43,23.8,987800.0,2317200.0,,0,0,0,0,0,0,0,0,0,0,0,0,0,0,0,0,0,0,0,0,0,0,0,0,0,0,0,0,0,132,2026-02-05 05:59:12.227278
ATMN,24.28,24.22,24.26,1692800.0,1848300.0,,0,0,0,0,0,0,0,0,0,0,0,0,0,0,0,0,0,0,0,0,0,0,0,0,0,0,0,0,0,132,2026-02-05 05:59:12.227278
WNTR,23.75,23.75,24.02,2218200.0,1994700.0,,0,0,0,0,0,0,0,0,0,0,0,0,0,0,0,0,0,0,0,0,0,0,0,0,0,0,0,0,0,132,2026-02-05 05:59:12.227278
SPNG,23.53,23.53,23.57,2432700.0,1676400.0,1782.0,0,0,0,0,0,0,0,0,0,0,0,0,0,0,0,0,0,0,0,0,0,0,0,0,0,0,0,0,0,133,2026-02-05 05:59:13.287510
SMMR,23.43,23.43,23.53,987800.0,2364600.0,,0,0,0,0,0,0,0,0,0,0,0,0,0,0,0,0,0,0,0,0,0,0,0,0,0,0,0,0,0,133,2026-02-05 05:59:13.287510
ATMN,24.28,24.22,24.26,2055700.0,1848300.0,,0,0,0,0,0,0,0,0,0,0,0,0,0,0,0,0,0,0,0,0,0,0,0,0,0,0,0,0,0,133,2026-02-05 05:59:13.287510
WNTR,24.02,24.02,24.08,2324100.0,1873900.0,,0,0,0,0,0,0,0,0,0,0,0,0,0,0,0,0,0,0,0,0,0,0,0,0,0,0,0,0,0,133,2026-02-05 05:59:13.287510
SPNG,23.87,23.87,24.02,2560000.0,1567000.0,1782.0,0,0,0,0,0,0,0,0,0,0,0,0,0,0,0,0,0,0,0,0,0,0,0,0,0,0,0,0,0,134,2026-02-05 05:59:14.330856
SMMR,23.38,23.38,23.48,989300.0,2413500.0,,0,0,0,0,0,0,0,0,0,0,0,0,0,0,0,0,0,0,0,0,0,0,0,0,0,0,0,0,0,134,2026-02-05 05:59:14.330856
ATMN,24.66,24.22,24.29,2162200.0,1747400.0,,0,0,0,0,0,0,0,0,0,0,0,0,0,0,0,0,0,0,0,0,0,0,0,0,0,0,0,0,0,134,2026-02-05 05:59:14.330856
WNTR,23.87,23.88,24.08,2460500.0,1873900.0,,0,0,0,0,0,0,0,0,0,0,0,0,0,0,0,0,0,0,0,0,0,0,0,0,0,0,0,0,0,134,2026-02-05 05:59:14.330856
SPNG,23.53,23.46,23.49,2573400.0,1679300.0,1782.0,0,0,0,0,0,0,0,0,0,0,0,0,0,0,0,0,0,0,0,0,0,0,0,0,0,0,0,0,0,135,2026-02-05 05:59:15.375472
SMMR,23.48,23.25,23.48,978500.0,2455500.0,,0,0,0,0,0,0,0,0,0,0,0,0,0,0,0,0,0,0,0,0,0,0,0,0,0,0,0,0,0,135,2026-02-05 05:59:15.375472
ATMN,24.66,24.22,24.29,2422100.0,1872900.0,,0,0,0,0,0,0,0,0,0,0,0,0,0,0,0,0,0,0,0,0,0,0,0,0,0,0,0,0,0,135,2026-02-05 05:59:15.375472
WNTR,23.73,23.76,23.8,2464800.0,2102900.0,,0,0,0,0,0,0,0,0,0,0,0,0,0,0,0,0,0,0,0,0,0,0,0,0,0,0,0,0,0,135,2026-02-05 05:59:15.375472
SPNG,24.02,23.46,24.02,2460800.0,1567000.0,1782.0,0,0,0,0,0,0,0,0,0,0,0,0,0,0,0,0,0,0,0,0,0,0,0,0,0,0,0,0,0,136,2026-02-05 05:59:16.424694
SMMR,23.42,23.25,23.27,1020000.0,2444800.0,,0,0,0,0,0,0,0,0,0,0,0,0,0,0,0,0,0,0,0,0,0,0,0,0,0,0,0,0,0,136,2026-02-05 05:59:16.424694
ATMN,24.66,24.22,24.28,2379700.0,2006900.0,,0,0,0,0,0,0,0,0,0,0,0,0,0,0,0,0,0,0,0,0,0,0,0,0,0,0,0,0,0,136,2026-02-05 05:59:16.424694
WNTR,24.16,23.76,24.16,2464800.0,1747800.0,,0,0,0,0,0,0,0,0,0,0,0,0,0,0,0,0,0,0,0,0,0,0,0,0,0,0,0,0,0,136,2026-02-05 05:59:16.424694
SPNG,24.29,23.46,24.29,2460800.0,1468300.0,1782.0,0,0,0,0,0,0,0,0,0,0,0,0,0,0,0,0,0,0,0,0,0,0,0,0,0,0,0,0,0,137,2026-02-05 05:59:17.483278
SMMR,23.3,23.32,23.48,1305100.0,2432900.0,,0,0,0,0,0,0,0,0,0,0,0,0,0,0,0,0,0,0,0,0,0,0,0,0,0,0,0,0,0,137,2026-02-05 05:59:17.483278
ATMN,24.28,24.22,24.28,2359500.0,2106600.0,,0,0,0,0,0,0,0,0,0,0,0,0,0,0,0,0,0,0,0,0,0,0,0,0,0,0,0,0,0,137,2026-02-05 05:59:17.483278
WNTR,24.16,23.76,23.94,2403200.0,1883600.0,,0,0,0,0,0,0,0,0,0,0,0,0,0,0,0,0,0,0,0,0,0,0,0,0,0,0,0,0,0,137,2026-02-05 05:59:17.483278
SPNG,23.99,23.99,24.13,2431200.0,1699900.0,1782.0,0,0,0,0,0,0,0,0,0,0,0,0,0,0,0,0,0,0,0,0,0,0,0,0,0,0,0,0,0,138,2026-02-05 05:59:18.529126
SMMR,23.47,23.22,23.46,1059900.0,2419300.0,,0,0,0,0,0,0,0,0,0,0,0,0,0,0,0,0,0,0,0,0,0,0,0,0,0,0,0,0,0,138,2026-02-05 05:59:18.529126
ATMN,24.66,24.08,24.66,2398000.0,1841000.0,,0,0,0,0,0,0,0,0,0,0,0,0,0,0,0,0,0,0,0,0,0,0,0,0,0,0,0,0,0,138,2026-02-05 05:59:18.529126
WNTR,24.16,23.76,24.16,2403200.0,1747800.0,,0,0,0,0,0,0,0,0,0,0,0,0,0,0,0,0,0,0,0,0,0,0,0,0,0,0,0,0,0,138,2026-02-05 05:59:18.529126
SPNG,23.94,23.46,23.94,2420900.0,1814200.0,1782.0,0,0,0,0,0,0,0,0,0,0,0,0,0,0,0,0,0,0,0,0,0,0,0,0,0,0,0,0,0,139,2026-02-05 05:59:19.594405
SMMR,23.28,23.28,23.32,1192400.0,2426800.0,,0,0,0,0,0,0,0,0,0,0,0,0,0,0,0,0,0,0,0,0,0,0,0,0,0,0,0,0,0,139,2026-02-05 05:59:19.594405
ATMN,24.7,24.08,24.29,2349900.0,1931300.0,,0,0,0,0,0,0,0,0,0,0,0,0,0,0,0,0,0,0,0,0,0,0,0,0,0,0,0,0,0,139,2026-02-05 05:59:19.594405
WNTR,24.16,23.76,23.81,2397700.0,2025500.0,,0,0,0,0,0,0,0,0,0,0,0,0,0,0,0,0,0,0,0,0,0,0,0,0,0,0,0,0,0,139,2026-02-05 05:59:19.594405
SPNG,24.13,23.46,24.13,2413400.0,1699900.0,1782.0,0,0,0,0,0,0,0,0,0,0,0,0,0,0,0,0,0,0,0,0,0,0,0,0,0,0,0,0,0,140,2026-02-05 05:59:20.167413
SMMR,23.46,23.28,23.4,1192400.0,2465300.0,,0,0,0,0,0,0,0,0,0,0,0,0,0,0,0,0,0,0,0,0,0,0,0,0,0,0,0,0,0,140,2026-02-05 05:59:20.167413
ATMN,24.29,24.21,24.29,2374000.0,1931300.0,,0,0,0,0,0,0,0,0,0,0,0,0,0,0,0,0,0,0,0,0,0,0,0,0,0,0,0,0,0,140,2026-02-05 05:59:20.167413
WNTR,23.81,23.76,23.81,2385800.0,2025500.0,,0,0,0,0,0,0,0,0,0,0,0,0,0,0,0,0,0,0,0,0,0,0,0,0,0,0,0,0,0,140,2026-02-05 05:59:20.167413
SPNG,24.43,23.46,24.17,2413400.0,1751100.0,1782.0,0,0,0,0,0,0,0,0,0,0,0,0,0,0,0,0,0,0,0,0,0,0,0,0,0,0,0,0,0,141,2026-02-05 05:59:21.237803
SMMR,23.46,23.38,23.4,1573700.0,2465300.0,,0,0,0,0,0,0,0,0,0,0,0,0,0,0,0,0,0,0,0,0,0,0,0,0,0,0,0,0,0,141,2026-02-05 05:59:21.237803
ATMN,24.08,24.08,24.7,2349900.0,1840600.0,,0,0,0,0,0,0,0,0,0,0,0,0,0,0,0,0,0,0,0,0,0,0,0,0,0,0,0,0,0,141,2026-02-05 05:59:21.237803
WNTR,24.16,24.07,24.16,2343200.0,1607800.0,,0,0,0,0,0,0,0,0,0,0,0,0,0,0,0,0,0,0,0,0,0,0,0,0,0,0,0,0,0,141,2026-02-05 05:59:21.237803
SPNG,23.79,23.46,23.79,2421900.0,1947900.0,1782.0,0,0,0,0,0,0,0,0,0,0,0,0,0,0,0,0,0,0,0,0,0,0,0,0,0,0,0,0,0,142,2026-02-05 05:59:22.308604
SMMR,23.3,23.34,23.4,1442300.0,2465300.0,,0,0,0,0,0,0,0,0,0,0,0,0,0,0,0,0,0,0,0,0,0,0,0,0,0,0,0,0,0,142,2026-02-05 05:59:22.308604
ATMN,24.06,24.06,24.39,2385600.0,2057200.0,,0,0,0,0,0,0,0,0,0,0,0,0,0,0,0,0,0,0,0,0,0,0,0,0,0,0,0,0,0,142,2026-02-05 05:59:22.308604
WNTR,24.07,23.76,23.82,2334800.0,1824700.0,,0,0,0,0,0,0,0,0,0,0,0,0,0,0,0,0,0,0,0,0,0,0,0,0,0,0,0,0,0,142,2026-02-05 05:59:22.308604
SPNG,24.43,23.46,24.43,2396600.0,1723800.0,1782.0,0,0,0,0,0,0,0,0,0,0,0,0,0,0,0,0,0,0,0,0,0,0,0,0,0,0,0,0,0,143,2026-02-05 05:59:23.365968
SMMR,23.3,23.34,23.4,1675600.0,2515200.0,,0,0,0,0,0,0,0,0,0,0,0,0,0,0,0,0,0,0,0,0,0,0,0,0,0,0,0,0,0,143,2026-02-05 05:59:23.365968
ATMN,24.3,24.37,24.53,2348500.0,1961400.0,,0,0,0,0,0,0,0,0,0,0,0,0,0,0,0,0,0,0,0,0,0,0,0,0,0,0,0,0,0,143,2026-02-05 05:59:23.365968
WNTR,23.91,23.91,23.99,2349100.0,1947900.0,,0,0,0,0,0,0,0,0,0,0,0,0,0,0,0,0,0,0,0,0,0,0,0,0,0,0,0,0,0,143,2026-02-05 05:59:23.365968
SPNG,24.43,23.46,24.43,2396600.0,1723800.0,1782.0,0,0,0,0,0,0,0,0,0,0,0,0,0,0,0,0,0,0,0,0,0,0,0,0,0,0,0,0,0,144,2026-02-05 05:59:24.407977
SMMR,23.32,23.26,23.28,1462100.0,2439400.0,,0,0,0,0,0,0,0,0,0,0,0,0,0,0,0,0,0,0,0,0,0,0,0,0,0,0,0,0,0,144,2026-02-05 05:59:24.407977
ATMN,24.06,24.06,24.41,2385600.0,2219200.0,,0,0,0,0,0,0,0,0,0,0,0,0,0,0,0,0,0,0,0,0,0,0,0,0,0,0,0,0,0,144,2026-02-05 05:59:24.407977
WNTR,23.91,23.97,23.99,2384700.0,2072300.0,,0,0,0,0,0,0,0,0,0,0,0,0,0,0,0,0,0,0,0,0,0,0,0,0,0,0,0,0,0,144,2026-02-05 05:59:24.407977
SPNG,23.44,23.57,23.97,2398400.0,1920000.0,1782.0,0,0,0,0,0,0,0,0,0,0,0,0,0,0,0,0,0,0,0,0,0,0,0,0,0,0,0,0,0,145,2026-02-05 05:59:25.457671
SMMR,23.4,23.33,23.4,1827300.0,2491400.0,,0,0,0,0,0,0,0,0,0,0,0,0,0,0,0,0,0,0,0,0,0,0,0,0,0,0,0,0,0,145,2026-02-05 05:59:25.457671
ATMN,24.04,24.26,24.41,2405100.0,2219200.0,,0,0,0,0,0,0,0,0,0,0,0,0,0,0,0,0,0,0,0,0,0,0,0,0,0,0,0,0,0,145,2026-02-05 05:59:25.457671
WNTR,23.91,23.97,23.98,2426100.0,2181700.0,,0,0,0,0,0,0,0,0,0,0,0,0,0,0,0,0,0,0,0,0,0,0,0,0,0,0,0,0,0,145,2026-02-05 05:59:25.457671
SPNG,23.44,23.74,23.97,2353400.0,1920000.0,1782.0,0,0,0,0,0,0,0,0,0,0,0,0,0,0,0,0,0,0,0,0,0,0,0,0,0,0,0,0,0,146,2026-02-05 05:59:26.531068
SMMR,23.41,23.33,23.37,2073700.0,2455400.0,,0,0,0,0,0,0,0,0,0,0,0,0,0,0,0,0,0,0,0,0,0,0,0,0,0,0,0,0,0,146,2026-02-05 05:59:26.531068
ATMN,24.04,24.04,24.42,2469200.0,2220100.0,,0,0,0,0,0,0,0,0,0,0,0,0,0,0,0,0,0,0,0,0,0,0,0,0,0,0,0,0,0,146,2026-02-05 05:59:26.531068
WNTR,23.97,23.97,23.99,2452900.0,2072300.0,,0,0,0,0,0,0,0,0,0,0,0,0,0,0,0,0,0,0,0,0,0,0,0,0,0,0,0,0,0,146,2026-02-05 05:59:26.531068
SPNG,23.74,23.74,23.87,2353400.0,2083100.0,1782.0,0,0,0,0,0,0,0,0,0,0,0,0,0,0,0,0,0,0,0,0,0,0,0,0,0,0,0,0,0,147,2026-02-05 05:59:27.589886
SMMR,23.41,23.33,23.37,2436200.0,2437000.0,,0,0,0,0,0,0,0,0,0,0,0,0,0,0,0,0,0,0,0,0,0,0,0,0,0,0,0,0,0,147,2026-02-05 05:59:27.589886
ATMN,24.02,24.02,24.46,2360000.0,2225400.0,,0,0,0,0,0,0,0,0,0,0,0,0,0,0,0,0,0,0,0,0,0,0,0,0,0,0,0,0,0,147,2026-02-05 05:59:27.589886
WNTR,24.06,23.97,24.06,2452900.0,1944000.0,,0,0,0,0,0,0,0,0,0,0,0,0,0,0,0,0,0,0,0,0,0,0,0,0,0,0,0,0,0,147,2026-02-05 05:59:27.589886
SPNG,23.74,23.74,23.87,2353400.0,2091700.0,1782.0,0,0,0,0,0,0,0,0,0,0,0,0,0,0,0,0,0,0,0,0,0,0,0,0,0,0,0,0,0,148,2026-02-05 05:59:28.253241
SMMR,23.47,23.33,23.47,2436200.0,2483700.0,,0,0,0,0,0,0,0,0,0,0,0,0,0,0,0,0,0,0,0,0,0,0,0,0,0,0,0,0,0,148,2026-02-05 05:59:28.253241
ATMN,24.02,24.02,24.27,2241800.0,2226600.0,,0,0,0,0,0,0,0,0,0,0,0,0,0,0,0,0,0,0,0,0,0,0,0,0,0,0,0,0,0,148,2026-02-05 05:59:28.253241
WNTR,24.08,23.97,24.08,2419600.0,1819600.0,,0,0,0,0,0,0,0,0,0,0,0,0,0,0,0,0,0,0,0,0,0,0,0,0,0,0,0,0,0,148,2026-02-05 05:59:28.253241
SPNG,23.74,23.57,23.66,2346700.0,2100300.0,1782.0,0,0,0,0,0,0,0,0,0,0,0,0,0,0,0,0,0,0,0,0,0,0,0,0,0,0,0,0,0,149,2026-02-05 05:59:29.343989
SMMR,23.31,23.31,23.47,2435500.0,2483900.0,,0,0,0,0,0,0,0,0,0,0,0,0,0,0,0,0,0,0,0,0,0,0,0,0,0,0,0,0,0,149,2026-02-05 05:59:29.343989
ATMN,24.02,24.1,24.27,2464200.0,2226600.0,,0,0,0,0,0,0,0,0,0,0,0,0,0,0,0,0,0,0,0,0,0,0,0,0,0,0,0,0,0,149,2026-02-05 05:59:29.343989
WNTR,24.05,23.97,24.05,2420900.0,2072000.0,,0,0,0,0,0,0,0,0,0,0,0,0,0,0,0,0,0,0,0,0,0,0,0,0,0,0,0,0,0,149,2026-02-05 05:59:29.343989
SPNG,23.55,23.64,23.97,2377400.0,2081000.0,1782.0,0,0,0,0,0,0,0,0,0,0,0,0,0,0,0,0,0,0,0,0,0,0,0,0,0,0,0,0,0,150,2026-02-05 05:59:30.416266
SMMR,23.47,23.28,23.47,2456700.0,2466000.0,,0,0,0,0,0,0,0,0,0,0,0,0,0,0,0,0,0,0,0,0,0,0,0,0,0,0,0,0,0,150,2026-02-05 05:59:30.416266
ATMN,23.93,23.93,24.27,2421000.0,2260200.0,,0,0,0,0,0,0,0,0,0,0,0,0,0,0,0,0,0,0,0,0,0,0,0,0,0,0,0,0,0,150,2026-02-05 05:59:30.416266
WNTR,24.05,24.05,24.07,2430400.0,1936000.0,,0,0,0,0,0,0,0,0,0,0,0,0,0,0,0,0,0,0,0,0,0,0,0,0,0,0,0,0,0,150,2026-02-05 05:59:30.416266
SPNG,23.52,23.56,23.97,2356500.0,2081000.0,1782.0,0,0,0,0,0,0,0,0,0,0,0,0,0,0,0,0,0,0,0,0,0,0,0,0,0,0,0,0,0,151,2026-02-05 05:59:31.472510
SMMR,23.27,23.27,23.4,2448300.0,2443700.0,,0,0,0,0,0,0,0,0,0,0,0,0,0,0,0,0,0,0,0,0,0,0,0,0,0,0,0,0,0,151,2026-02-05 05:59:31.472510
ATMN,24.46,24.46,24.53,2467600.0,2225800.0,,0,0,0,0,0,0,0,0,0,0,0,0,0,0,0,0,0,0,0,0,0,0,0,0,0,0,0,0,0,151,2026-02-05 05:59:31.472510
WNTR,23.91,23.91,24.02,2448200.0,2248200.0,,0,0,0,0,0,0,0,0,0,0,0,0,0,0,0,0,0,0,0,0,0,0,0,0,0,0,0,0,0,151,2026-02-05 05:59:31.472510
SPNG,24.0,23.98,24.0,2358900.0,2099200.0,1782.0,0,0,0,0,0,0,0,0,0,0,0,0,0,0,0,0,0,0,0,0,0,0,0,0,0,0,0,0,0,152,2026-02-05 05:59:32.528998
SMMR,23.27,23.27,23.4,2540100.0,2485800.0,,0,0,0,0,0,0,0,0,0,0,0,0,0,0,0,0,0,0,0,0,0,0,0,0,0,0,0,0,0,152,2026-02-05 05:59:32.528998
ATMN,23.93,23.93,24.34,2524300.0,2263800.0,,0,0,0,0,0,0,0,0,0,0,0,0,0,0,0,0,0,0,0,0,0,0,0,0,0,0,0,0,0,152,2026-02-05 05:59:32.528998
WNTR,24.07,23.9,24.07,2457100.0,2152500.0,,0,0,0,0,0,0,0,0,0,0,0,0,0,0,0,0,0,0,0,0,0,0,0,0,0,0,0,0,0,152,2026-02-05 05:59:32.528998
SPNG,23.9,23.87,23.9,2376300.0,2102300.0,1782.0,0,0,0,0,0,0,0,0,0,0,0,0,0,0,0,0,0,0,0,0,0,0,0,0,0,0,0,0,0,153,2026-02-05 05:59:33.578626
SMMR,23.4,23.4,23.45,2532200.0,2483000.0,,0,0,0,0,0,0,0,0,0,0,0,0,0,0,0,0,0,0,0,0,0,0,0,0,0,0,0,0,0,153,2026-02-05 05:59:33.578626
ATMN,23.92,24.3,24.34,2523200.0,2244900.0,,0,0,0,0,0,0,0,0,0,0,0,0,0,0,0,0,0,0,0,0,0,0,0,0,0,0,0,0,0,153,2026-02-05 05:59:33.578626
WNTR,24.07,24.06,24.07,2456000.0,2298000.0,,0,0,0,0,0,0,0,0,0,0,0,0,0,0,0,0,0,0,0,0,0,0,0,0,0,0,0,0,0,153,2026-02-05 05:59:33.578626
SPNG,23.56,23.56,24.39,2358100.0,2066400.0,1782.0,0,0,0,0,0,0,0,0,0,0,0,0,0,0,0,0,0,0,0,0,0,0,0,0,0,0,0,0,0,154,2026-02-05 05:59:34.623619
SMMR,23.4,23.4,23.43,2527200.0,2451700.0,,0,0,0,0,0,0,0,0,0,0,0,0,0,0,0,0,0,0,0,0,0,0,0,0,0,0,0,0,0,154,2026-02-05 05:59:34.623619
ATMN,23.92,24.3,24.34,2523200.0,2247000.0,,0,0,0,0,0,0,0,0,0,0,0,0,0,0,0,0,0,0,0,0,0,0,0,0,0,0,0,0,0,154,2026-02-05 05:59:34.623619
WNTR,23.87,23.81,23.86,2430300.0,2318400.0,,0,0,0,0,0,0,0,0,0,0,0,0,0,0,0,0,0,0,0,0,0,0,0,0,0,0,0,0,0,154,2026-02-05 05:59:34.623619
SPNG,23.65,23.56,23.65,2395700.0,2096400.0,1782.0,0,0,0,0,0,0,0,0,0,0,0,0,0,0,0,0,0,0,0,0,0,0,0,0,0,0,0,0,0,155,2026-02-05 05:59:35.681725
SMMR,23.42,23.4,23.42,2527200.0,2472700.0,,0,0,0,0,0,0,0,0,0,0,0,0,0,0,0,0,0,0,0,0,0,0,0,0,0,0,0,0,0,155,2026-02-05 05:59:35.681725
ATMN,24.3,24.3,24.34,2523200.0,2288400.0,,0,0,0,0,0,0,0,0,0,0,0,0,0,0,0,0,0,0,0,0,0,0,0,0,0,0,0,0,0,155,2026-02-05 05:59:35.681725
WNTR,24.02,23.81,23.88,2452500.0,2326800.0,,0,0,0,0,0,0,0,0,0,0,0,0,0,0,0,0,0,0,0,0,0,0,0,0,0,0,0,0,0,155,2026-02-05 05:59:35.681725
SPNG,23.65,24.14,24.38,2389300.0,2096000.0,1782.0,0,0,0,0,0,0,0,0,0,0,0,0,0,0,0,0,0,0,0,0,0,0,0,0,0,0,0,0,0,156,2026-02-05 05:59:36.228633
SMMR,23.4,23.4,23.45,2527200.0,2465300.0,,0,0,0,0,0,0,0,0,0,0,0,0,0,0,0,0,0,0,0,0,0,0,0,0,0,0,0,0,0,156,2026-02-05 05:59:36.228633
ATMN,24.27,23.92,24.27,2420700.0,2302600.0,,0,0,0,0,0,0,0,0,0,0,0,0,0,0,0,0,0,0,0,0,0,0,0,0,0,0,0,0,0,156,2026-02-05 05:59:36.228633
WNTR,23.88,23.93,24.07,2472100.0,2298000.0,,0,0,0,0,0,0,0,0,0,0,0,0,0,0,0,0,0,0,0,0,0,0,0,0,0,0,0,0,0,156,2026-02-05 05:59:36.228633
SPNG,24.14,23.56,24.14,2395700.0,2099700.0,1782.0,0,0,0,0,0,0,0,0,0,0,0,0,0,0,0,0,0,0,0,0,0,0,0,0,0,0,0,0,0,157,2026-02-05 05:59:37.298080
SMMR,23.48,23.26,23.48,2527800.0,2451300.0,,0,0,0,0,0,0,0,0,0,0,0,0,0,0,0,0,0,0,0,0,0,0,0,0,0,0,0,0,0,157,2026-02-05 05:59:37.298080
ATMN,24.13,23.92,24.13,2546100.0,2329100.0,,0,0,0,0,0,0,0,0,0,0,0,0,0,0,0,0,0,0,0,0,0,0,0,0,0,0,0,0,0,157,2026-02-05 05:59:37.298080
WNTR,24.09,23.83,24.07,2448000.0,2269000.0,,0,0,0,0,0,0,0,0,0,0,0,0,0,0,0,0,0,0,0,0,0,0,0,0,0,0,0,0,0,157,2026-02-05 05:59:37.298080
SPNG,24.38,23.56,24.38,2395700.0,2110400.0,1782.0,0,0,0,0,0,0,0,0,0,0,0,0,0,0,0,0,0,0,0,0,0,0,0,0,0,0,0,0,0,158,2026-02-05 05:59:38.372371
SMMR,23.27,23.26,23.27,2491600.0,2457600.0,,0,0,0,0,0,0,0,0,0,0,0,0,0,0,0,0,0,0,0,0,0,0,0,0,0,0,0,0,0,158,2026-02-05 05:59:38.372371
ATMN,24.44,23.92,24.44,2546100.0,2261500.0,,0,0,0,0,0,0,0,0,0,0,0,0,0,0,0,0,0,0,0,0,0,0,0,0,0,0,0,0,0,158,2026-02-05 05:59:38.372371
WNTR,23.81,23.83,24.04,2444400.0,2284900.0,,0,0,0,0,0,0,0,0,0,0,0,0,0,0,0,0,0,0,0,0,0,0,0,0,0,0,0,0,0,158,2026-02-05 05:59:38.372371
SPNG,23.44,23.44,24.3,2452200.0,2087400.0,1782.0,0,0,0,0,0,0,0,0,0,0,0,0,0,0,0,0,0,0,0,0,0,0,0,0,0,0,0,0,0,159,2026-02-05 05:59:39.434861
SMMR,23.47,23.31,23.4,2468600.0,2421900.0,,0,0,0,0,0,0,0,0,0,0,0,0,0,0,0,0,0,0,0,0,0,0,0,0,0,0,0,0,0,159,2026-02-05 05:59:39.434861
ATMN,24.44,23.92,24.15,2470500.0,2267500.0,,0,0,0,0,0,0,0,0,0,0,0,0,0,0,0,0,0,0,0,0,0,0,0,0,0,0,0,0,0,159,2026-02-05 05:59:39.434861
WNTR,23.83,23.83,24.04,2437100.0,2284900.0,,0,0,0,0,0,0,0,0,0,0,0,0,0,0,0,0,0,0,0,0,0,0,0,0,0,0,0,0,0,159,2026-02-05 05:59:39.434861
SPNG,23.44,23.44,24.1,2444800.0,2085700.0,1782.0,0,0,0,0,0,0,0,0,0,0,0,0,0,0,0,0,0,0,0,0,0,0,0,0,0,0,0,0,0,160,2026-02-05 05:59:40.491716
SMMR,23.48,23.33,23.48,2441100.0,2430100.0,,0,0,0,0,0,0,0,0,0,0,0,0,0,0,0,0,0,0,0,0,0,0,0,0,0,0,0,0,0,160,2026-02-05 05:59:40.491716
ATMN,24.43,23.92,24.43,2453900.0,2271900.0,,0,0,0,0,0,0,0,0,0,0,0,0,0,0,0,0,0,0,0,0,0,0,0,0,0,0,0,0,0,160,2026-02-05 05:59:40.491716
WNTR,24.0,24.0,24.07,2472700.0,2292900.0,,0,0,0,0,0,0,0,0,0,0,0,0,0,0,0,0,0,0,0,0,0,0,0,0,0,0,0,0,0,160,2026-02-05 05:59:40.491716
SPNG,24.1,23.44,24.1,2444800.0,2085700.0,1782.0,0,0,0,0,0,0,0,0,0,0,0,0,0,0,0,0,0,0,0,0,0,0,0,0,0,0,0,0,0,161,2026-02-05 05:59:41.530252
SMMR,23.41,23.31,23.41,2440600.0,2438200.0,,0,0,0,0,0,0,0,0,0,0,0,0,0,0,0,0,0,0,0,0,0,0,0,0,0,0,0,0,0,161,2026-02-05 05:59:41.530252
ATMN,24.43,24.37,24.43,2411500.0,2313500.0,,0,0,0,0,0,0,0,0,0,0,0,0,0,0,0,0,0,0,0,0,0,0,0,0,0,0,0,0,0,161,2026-02-05 05:59:41.530252
WNTR,23.81,24.01,24.07,2395100.0,2314000.0,,0,0,0,0,0,0,0,0,0,0,0,0,0,0,0,0,0,0,0,0,0,0,0,0,0,0,0,0,0,161,2026-02-05 05:59:41.530252
SPNG,23.43,23.43,24.3,2451100.0,2087200.0,1782.0,0,0,0,0,0,0,0,0,0,0,0,0,0,0,0,0,0,0,0,0,0,0,0,0,0,0,0,0,0,162,2026-02-05 05:59:42.580810
SMMR,23.41,23.41,23.43,2438800.0,2410000.0,,0,0,0,0,0,0,0,0,0,0,0,0,0,0,0,0,0,0,0,0,0,0,0,0,0,0,0,0,0,162,2026-02-05 05:59:42.580810
ATMN,23.91,23.77,23.85,2556000.0,2294100.0,,0,0,0,0,0,0,0,0,0,0,0,0,0,0,0,0,0,0,0,0,0,0,0,0,0,0,0,0,0,162,2026-02-05 05:59:42.580810
WNTR,23.81,23.79,23.8,2406900.0,2350400.0,,0,0,0,0,0,0,0,0,0,0,0,0,0,0,0,0,0,0,0,0,0,0,0,0,0,0,0,0,0,162,2026-02-05 05:59:42.580810
SPNG,23.39,23.39,23.8,2432200.0,2083500.0,1782.0,0,0,0,0,0,0,0,0,0,0,0,0,0,0,0,0,0,0,0,0,0,0,0,0,0,0,0,0,0,163,2026-02-05 05:59:43.631555
SMMR,23.41,23.26,23.35,2475900.0,2341500.0,,0,0,0,0,0,0,0,0,0,0,0,0,0,0,0,0,0,0,0,0,0,0,0,0,0,0,0,0,0,163,2026-02-05 05:59:43.631555
ATMN,23.85,23.86,24.41,2461600.0,2324000.0,,0,0,0,0,0,0,0,0,0,0,0,0,0,0,0,0,0,0,0,0,0,0,0,0,0,0,0,0,0,163,2026-02-05 05:59:43.631555
WNTR,24.08,23.97,24.08,2390800.0,2325400.0,,0,0,0,0,0,0,0,0,0,0,0,0,0,0,0,0,0,0,0,0,0,0,0,0,0,0,0,0,0,163,2026-02-05 05:59:43.631555
SPNG,23.8,23.75,23.8,2409000.0,2092900.0,1782.0,0,0,0,0,0,0,0,0,0,0,0,0,0,0,0,0,0,0,0,0,0,0,0,0,0,0,0,0,0,164,2026-02-05 05:59:44.675441
SMMR,23.24,23.24,23.37,2466500.0,2347500.0,,0,0,0,0,0,0,0,0,0,0,0,0,0,0,0,0,0,0,0,0,0,0,0,0,0,0,0,0,0,164,2026-02-05 05:59:44.675441
ATMN,24.22,23.86,24.22,2461600.0,2356400.0,,0,0,0,0,0,0,0,0,0,0,0,0,0,0,0,0,0,0,0,0,0,0,0,0,0,0,0,0,0,164,2026-02-05 05:59:44.675441
WNTR,24.2,23.97,24.06,2390800.0,2297600.0,,0,0,0,0,0,0,0,0,0,0,0,0,0,0,0,0,0,0,0,0,0,0,0,0,0,0,0,0,0,164,2026-02-05 05:59:44.675441
SPNG,23.75,23.75,23.8,2379800.0,2092900.0,1782.0,0,0,0,0,0,0,0,0,0,0,0,0,0,0,0,0,0,0,0,0,0,0,0,0,0,0,0,0,0,165,2026-02-05 05:59:45.715417
SMMR,23.2,23.28,23.37,2484800.0,2347500.0,,0,0,0,0,0,0,0,0,0,0,0,0,0,0,0,0,0,0,0,0,0,0,0,0,0,0,0,0,0,165,2026-02-05 05:59:45.715417
ATMN,24.22,23.77,24.22,2477800.0,2356400.0,,0,0,0,0,0,0,0,0,0,0,0,0,0,0,0,0,0,0,0,0,0,0,0,0,0,0,0,0,0,165,2026-02-05 05:59:45.715417
WNTR,23.97,23.97,24.06,2390800.0,2315400.0,,0,0,0,0,0,0,0,0,0,0,0,0,0,0,0,0,0,0,0,0,0,0,0,0,0,0,0,0,0,165,2026-02-05 05:59:45.715417
SPNG,24.3,23.75,24.07,2379800.0,2091700.0,1782.0,0,0,0,0,0,0,0,0,0,0,0,0,0,0,0,0,0,0,0,0,0,0,0,0,0,0,0,0,0,166,2026-02-05 05:59:46.261093
SMMR,23.46,23.28,23.46,2470600.0,2392600.0,,0,0,0,0,0,0,0,0,0,0,0,0,0,0,0,0,0,0,0,0,0,0,0,0,0,0,0,0,0,166,2026-02-05 05:59:46.261093
ATMN,24.22,24.1,24.17,2423200.0,2398300.0,,0,0,0,0,0,0,0,0,0,0,0,0,0,0,0,0,0,0,0,0,0,0,0,0,0,0,0,0,0,166,2026-02-05 05:59:46.261093
WNTR,24.06,23.84,24.06,2391800.0,2315400.0,,0,0,0,0,0,0,0,0,0,0,0,0,0,0,0,0,0,0,0,0,0,0,0,0,0,0,0,0,0,166,2026-02-05 05:59:46.261093
SPNG,23.47,23.47,24.07,2425800.0,2091700.0,1782.0,0,0,0,0,0,0,0,0,0,0,0,0,0,0,0,0,0,0,0,0,0,0,0,0,0,0,0,0,0,167,2026-02-05 05:59:47.340702
SMMR,23.46,23.28,23.46,2454400.0,2377600.0,,0,0,0,0,0,0,0,0,0,0,0,0,0,0,0,0,0,0,0,0,0,0,0,0,0,0,0,0,0,167,2026-02-05 05:59:47.340702
ATMN,24.14,24.1,24.14,2389100.0,2420000.0,,0,0,0,0,0,0,0,0,0,0,0,0,0,0,0,0,0,0,0,0,0,0,0,0,0,0,0,0,0,167,2026-02-05 05:59:47.340702
WNTR,24.06,23.94,23.97,2359200.0,2312200.0,,0,0,0,0,0,0,0,0,0,0,0,0,0,0,0,0,0,0,0,0,0,0,0,0,0,0,0,0,0,167,2026-02-05 05:59:47.340702
SPNG,23.58,23.78,24.07,2376900.0,2091700.0,1782.0,0,0,0,0,0,0,0,0,0,0,0,0,0,0,0,0,0,0,0,0,0,0,0,0,0,0,0,0,0,168,2026-02-05 05:59:48.405046
SMMR,23.28,23.26,23.28,2451300.0,2419800.0,,0,0,0,0,0,0,0,0,0,0,0,0,0,0,0,0,0,0,0,0,0,0,0,0,0,0,0,0,0,168,2026-02-05 05:59:48.405046
ATMN,24.17,24.1,24.17,2375100.0,2413400.0,,0,0,0,0,0,0,0,0,0,0,0,0,0,0,0,0,0,0,0,0,0,0,0,0,0,0,0,0,0,168,2026-02-05 05:59:48.405046
WNTR,24.06,23.94,23.97,2356700.0,2333000.0,,0,0,0,0,0,0,0,0,0,0,0,0,0,0,0,0,0,0,0,0,0,0,0,0,0,0,0,0,0,168,2026-02-05 05:59:48.405046
SPNG,23.47,23.47,24.07,2425800.0,2091700.0,1782.0,0,0,0,0,0,0,0,0,0,0,0,0,0,0,0,0,0,0,0,0,0,0,0,0,0,0,0,0,0,169,2026-02-05 05:59:49.466057
SMMR,23.28,23.33,23.39,2498200.0,2411100.0,,0,0,0,0,0,0,0,0,0,0,0,0,0,0,0,0,0,0,0,0,0,0,0,0,0,0,0,0,0,169,2026-02-05 05:59:49.466057
ATMN,24.17,24.1,24.17,2367400.0,2380500.0,,0,0,0,0,0,0,0,0,0,0,0,0,0,0,0,0,0,0,0,0,0,0,0,0,0,0,0,0,0,169,2026-02-05 05:59:49.466057
WNTR,23.97,23.94,23.97,2358500.0,2333000.0,,0,0,0,0,0,0,0,0,0,0,0,0,0,0,0,0,0,0,0,0,0,0,0,0,0,0,0,0,0,169,2026-02-05 05:59:49.466057
SPNG,23.46,23.82,24.07,2365400.0,2091700.0,1782.0,0,0,0,0,0,0,0,0,0,0,0,0,0,0,0,0,0,0,0,0,0,0,0,0,0,0,0,0,0,170,2026-02-05 05:59:50.515892
SMMR,23.2,23.2,23.39,2484700.0,2418600.0,,0,0,0,0,0,0,0,0,0,0,0,0,0,0,0,0,0,0,0,0,0,0,0,0,0,0,0,0,0,170,2026-02-05 05:59:50.515892
ATMN,23.96,23.96,24.17,2385800.0,2380500.0,,0,0,0,0,0,0,0,0,0,0,0,0,0,0,0,0,0,0,0,0,0,0,0,0,0,0,0,0,0,170,2026-02-05 05:59:50.515892
WNTR,23.94,23.94,23.98,2387500.0,2353100.0,,0,0,0,0,0,0,0,0,0,0,0,0,0,0,0,0,0,0,0,0,0,0,0,0,0,0,0,0,0,170,2026-02-05 05:59:50.515892
SPNG,23.82,23.39,23.67,2363600.0,2094400.0,1782.0,0,0,0,0,0,0,0,0,0,0,0,0,0,0,0,0,0,0,0,0,0,0,0,0,0,0,0,0,0,171,2026-02-05 05:59:51.560911
SMMR,23.2,23.27,23.39,2524600.0,2395800.0,,0,0,0,0,0,0,0,0,0,0,0,0,0,0,0,0,0,0,0,0,0,0,0,0,0,0,0,0,0,171,2026-02-05 05:59:51.560911
ATMN,23.96,24.06,24.17,2420300.0,2410500.0,,0,0,0,0,0,0,0,0,0,0,0,0,0,0,0,0,0,0,0,0,0,0,0,0,0,0,0,0,0,171,2026-02-05 05:59:51.560911
WNTR,23.86,23.86,23.98,2439900.0,2347800.0,,0,0,0,0,0,0,0,0,0,0,0,0,0,0,0,0,0,0,0,0,0,0,0,0,0,0,0,0,0,171,2026-02-05 05:59:51.560911
SPNG,23.67,23.76,24.07,2389400.0,2097400.0,1782.0,0,0,0,0,0,0,0,0,0,0,0,0,0,0,0,0,0,0,0,0,0,0,0,0,0,0,0,0,0,172,2026-02-05 05:59:52.621956
SMMR,23.2,23.36,23.39,2523800.0,2442600.0,,0,0,0,0,0,0,0,0,0,0,0,0,0,0,0,0,0,0,0,0,0,0,0,0,0,0,0,0,0,172,2026-02-05 05:59:52.621956
ATMN,24.06,24.06,24.23,2420300.0,2335300.0,,0,0,0,0,0,0,0,0,0,0,0,0,0,0,0,0,0,0,0,0,0,0,0,0,0,0,0,0,0,172,2026-02-05 05:59:52.621956
WNTR,23.98,23.86,23.89,2439900.0,2381900.0,,0,0,0,0,0,0,0,0,0,0,0,0,0,0,0,0,0,0,0,0,0,0,0,0,0,0,0,0,0,172,2026-02-05 05:59:52.621956
SPNG,23.38,23.95,24.07,2373200.0,2101800.0,1782.0,0,0,0,0,0,0,0,0,0,0,0,0,0,0,0,0,0,0,0,0,0,0,0,0,0,0,0,0,0,173,2026-02-05 05:59:53.792213
SMMR,23.36,23.27,23.31,2524600.0,2440800.0,,0,0,0,0,0,0,0,0,0,0,0,0,0,0,0,0,0,0,0,0,0,0,0,0,0,0,0,0,0,173,2026-02-05 05:59:53.792213
ATMN,23.94,23.77,23.78,2413800.0,2342600.0,,0,0,0,0,0,0,0,0,0,0,0,0,0,0,0,0,0,0,0,0,0,0,0,0,0,0,0,0,0,173,2026-02-05 05:59:53.792213
WNTR,23.79,23.79,23.89,2383700.0,2412600.0,,0,0,0,0,0,0,0,0,0,0,0,0,0,0,0,0,0,0,0,0,0,0,0,0,0,0,0,0,0,173,2026-02-05 05:59:53.792213
SPNG,23.32,23.32,24.07,2418000.0,2106300.0,1782.0,0,0,0,0,0,0,0,0,0,0,0,0,0,0,0,0,0,0,0,0,0,0,0,0,0,0,0,0,0,174,2026-02-05 05:59:54.401161
SMMR,23.31,23.27,23.31,2541000.0,2440800.0,,0,0,0,0,0,0,0,0,0,0,0,0,0,0,0,0,0,0,0,0,0,0,0,0,0,0,0,0,0,174,2026-02-05 05:59:54.401161
ATMN,23.78,24.14,24.23,2431000.0,2371000.0,,0,0,0,0,0,0,0,0,0,0,0,0,0,0,0,0,0,0,0,0,0,0,0,0,0,0,0,0,0,174,2026-02-05 05:59:54.401161
WNTR,23.76,23.79,23.89,2325600.0,2462900.0,,0,0,0,0,0,0,0,0,0,0,0,0,0,0,0,0,0,0,0,0,0,0,0,0,0,0,0,0,0,174,2026-02-05 05:59:54.401161
SPNG,23.32,23.64,24.07,2414900.0,2106300.0,1782.0,0,0,0,0,0,0,0,0,0,0,0,0,0,0,0,0,0,0,0,0,0,0,0,0,0,0,0,0,0,175,2026-02-05 05:59:55.498223
SMMR,23.2,23.2,23.41,2504800.0,2437000.0,,0,0,0,0,0,0,0,0,0,0,0,0,0,0,0,0,0,0,0,0,0,0,0,0,0,0,0,0,0,175,2026-02-05 05:59:55.498223
ATMN,24.14,24.14,24.23,2431000.0,2392300.0,,0,0,0,0,0,0,0,0,0,0,0,0,0,0,0,0,0,0,0,0,0,0,0,0,0,0,0,0,0,175,2026-02-05 05:59:55.498223
WNTR,23.94,23.76,23.94,2360200.0,2462200.0,,0,0,0,0,0,0,0,0,0,0,0,0,0,0,0,0,0,0,0,0,0,0,0,0,0,0,0,0,0,175,2026-02-05 05:59:55.498223
SPNG,23.32,23.32,23.93,2443200.0,2117500.0,1782.0,0,0,0,0,0,0,0,0,0,0,0,0,0,0,0,0,0,0,0,0,0,0,0,0,0,0,0,0,0,176,2026-02-05 05:59:56.565211
SMMR,23.39,23.2,23.39,2508900.0,2457400.0,,0,0,0,0,0,0,0,0,0,0,0,0,0,0,0,0,0,0,0,0,0,0,0,0,0,0,0,0,0,176,2026-02-05 05:59:56.565211
ATMN,24.14,24.14,24.23,2431000.0,2389500.0,,0,0,0,0,0,0,0,0,0,0,0,0,0,0,0,0,0,0,0,0,0,0,0,0,0,0,0,0,0,176,2026-02-05 05:59:56.565211
WNTR,23.75,23.76,23.83,2388200.0,2468300.0,,0,0,0,0,0,0,0,0,0,0,0,0,0,0,0,0,0,0,0,0,0,0,0,0,0,0,0,0,0,176,2026-02-05 05:59:56.565211
SPNG,23.93,23.38,23.93,2406600.0,2117500.0,1782.0,0,0,0,0,0,0,0,0,0,0,0,0,0,0,0,0,0,0,0,0,0,0,0,0,0,0,0,0,0,177,2026-02-05 05:59:57.621501
SMMR,23.39,23.2,23.38,2523000.0,2469300.0,,0,0,0,0,0,0,0,0,0,0,0,0,0,0,0,0,0,0,0,0,0,0,0,0,0,0,0,0,0,177,2026-02-05 05:59:57.621501
ATMN,24.29,23.77,24.29,2413800.0,2376400.0,,0,0,0,0,0,0,0,0,0,0,0,0,0,0,0,0,0,0,0,0,0,0,0,0,0,0,0,0,0,177,2026-02-05 05:59:57.621501
WNTR,23.76,23.76,23.83,2388200.0,2468400.0,,0,0,0,0,0,0,0,0,0,0,0,0,0,0,0,0,0,0,0,0,0,0,0,0,0,0,0,0,0,177,2026-02-05 05:59:57.621501
SPNG,24.2,23.38,24.2,2406600.0,2109900.0,1782.0,0,0,0,0,0,0,0,0,0,0,0,0,0,0,0,0,0,0,0,0,0,0,0,0,0,0,0,0,0,178,2026-02-05 05:59:58.670363
SMMR,23.23,23.23,23.38,2527800.0,2485700.0,,0,0,0,0,0,0,0,0,0,0,0,0,0,0,0,0,0,0,0,0,0,0,0,0,0,0,0,0,0,178,2026-02-05 05:59:58.670363
ATMN,23.74,24.0,24.29,2419400.0,2376400.0,,0,0,0,0,0,0,0,0,0,0,0,0,0,0,0,0,0,0,0,0,0,0,0,0,0,0,0,0,0,178,2026-02-05 05:59:58.670363
WNTR,23.75,23.74,23.75,2347700.0,2469100.0,,0,0,0,0,0,0,0,0,0,0,0,0,0,0,0,0,0,0,0,0,0,0,0,0,0,0,0,0,0,178,2026-02-05 05:59:58.670363
SPNG,23.75,23.75,23.91,2427700.0,2128200.0,1782.0,0,0,0,0,0,0,0,0,0,0,0,0,0,0,0,0,0,0,0,0,0,0,0,0,0,0,0,0,0,179,2026-02-05 05:59:59.727002
SMMR,23.41,23.19,23.24,2536200.0,2461800.0,,0,0,0,0,0,0,0,0,0,0,0,0,0,0,0,0,0,0,0,0,0,0,0,0,0,0,0,0,0,179,2026-02-05 05:59:59.727002
ATMN,24.31,24.02,24.31,2401500.0,2349700.0,,0,0,0,0,0,0,0,0,0,0,0,0,0,0,0,0,0,0,0,0,0,0,0,0,0,0,0,0,0,179,2026-02-05 05:59:59.727002
WNTR,23.98,23.84,23.98,2359700.0,2425500.0,,0,0,0,0,0,0,0,0,0,0,0,0,0,0,0,0,0,0,0,0,0,0,0,0,0,0,0,0,0,179,2026-02-05 05:59:59.727002
SPNG,24.64,25.19,25.73,937400.0,778500.0,0,0,0,0,0,0,0,0,0,0,0,0,0,0,0,0,0,0,0,0,0,0,0,0,0,0,0,0,0,0,180,2026-02-05 06:00:00.777691
SMMR,24.5,23.74,24.14,744000.0,797800.0,0,0,0,0,0,0,0,0,0,0,0,0,0,0,0,0,0,0,0,0,0,0,0,0,0,0,0,0,0,0,180,2026-02-05 06:00:00.777691
ATMN,24.31,24.8,0.0,868200.0,760700.0,0,0,0,0,0,0,0,0,0,0,0,0,0,0,0,0,0,0,0,0,0,0,0,0,0,0,0,0,0,0,180,2026-02-05 06:00:00.777691
WNTR,23.89,24.93,0.0,726100.0,778400.0,0,0,0,0,0,0,0,0,0,0,0,0,0,0,0,0,0,0,0,0,0,0,0,0,0,0,0,0,0,0,180,2026-02-05 06:00:00.777691
SPNG,24.6,24.6,25.45,1010500.0,1011400.0,0,0,0,0,0,0,0,0,0,0,0,0,0,0,0,0,0,0,0,0,0,0,0,0,0,0,0,0,0,0,181,2026-02-05 06:00:01.840483
SMMR,24.5,24.07,24.5,1339600.0,915700.0,0,0,0,0,0,0,0,0,0,0,0,0,0,0,0,0,0,0,0,0,0,0,0,0,0,0,0,0,0,0,181,2026-02-05 06:00:01.840483
ATMN,24.8,24.8,25.8,1075000.0,1071700.0,0,0,0,0,0,0,0,0,0,0,0,0,0,0,0,0,0,0,0,0,0,0,0,0,0,0,0,0,0,0,181,2026-02-05 06:00:01.840483
WNTR,24.61,24.7,24.79,1076100.0,1014600.0,0,0,0,0,0,0,0,0,0,0,0,0,0,0,0,0,0,0,0,0,0,0,0,0,0,0,0,0,0,0,181,2026-02-05 06:00:01.840483
SPNG,25.28,24.6,24.69,1010500.0,1138800.0,0,0,0,0,0,0,0,0,0,0,0,0,0,0,0,0,0,0,0,0,0,0,0,0,0,0,0,0,0,0,182,2026-02-05 06:00:02.397516
SMMR,24.5,24.34,24.5,1460500.0,915700.0,0,0,0,0,0,0,0,0,0,0,0,0,0,0,0,0,0,0,0,0,0,0,0,0,0,0,0,0,0,0,182,2026-02-05 06:00:02.397516
ATMN,24.8,24.8,25.14,1075000.0,1312200.0,0,0,0,0,0,0,0,0,0,0,0,0,0,0,0,0,0,0,0,0,0,0,0,0,0,0,0,0,0,0,182,2026-02-05 06:00:02.397516
WNTR,24.61,24.7,24.79,1275300.0,1014600.0,0,0,0,0,0,0,0,0,0,0,0,0,0,0,0,0,0,0,0,0,0,0,0,0,0,0,0,0,0,0,182,2026-02-05 06:00:02.397516
SPNG,25.73,24.6,25.73,1010500.0,984500.0,0,0,0,0,0,0,0,0,0,0,0,0,0,0,0,0,0,0,0,0,0,0,0,0,0,0,0,0,0,0,183,2026-02-05 06:00:03.486541
SMMR,24.86,24.34,24.57,1460500.0,1240700.0,0,0,0,0,0,0,0,0,0,0,0,0,0,0,0,0,0,0,0,0,0,0,0,0,0,0,0,0,0,0,183,2026-02-05 06:00:03.486541
ATMN,24.74,25.0,25.14,1213900.0,1312200.0,0,0,0,0,0,0,0,0,0,0,0,0,0,0,0,0,0,0,0,0,0,0,0,0,0,0,0,0,0,0,183,2026-02-05 06:00:03.486541
WNTR,24.6,24.6,24.93,1164200.0,919100.0,0,0,0,0,0,0,0,0,0,0,0,0,0,0,0,0,0,0,0,0,0,0,0,0,0,0,0,0,0,0,183,2026-02-05 06:00:03.486541
SPNG,24.6,24.6,25.39,1010500.0,1198000.0,0,0,0,0,0,0,0,0,0,0,0,0,0,0,0,0,0,0,0,0,0,0,0,0,0,0,0,0,0,0,184,2026-02-05 06:00:04.547651
SMMR,24.73,24.34,24.73,1581000.0,1123100.0,0,0,0,0,0,0,0,0,0,0,0,0,0,0,0,0,0,0,0,0,0,0,0,0,0,0,0,0,0,0,184,2026-02-05 06:00:04.547651
