ticker,last_price,bid_price,ask_price,BUY_ANON,SELL_ANON,BUY_GIOT-3,SELL_WRSW-3,BUY_LUIS-1,SELL_UOTB-2,SELL_BRCH-3,BUY_LAVL-1,BUY_BRCH-3,BUY_UEBR-1,BUY_UOTB-1,BUY_UOTB-2,SELL_LUIS-1,SELL_COLA-3,BUY_COLA-1,SELL_UOTB-3,SELL_NAIT-1,BUY_WRSW-2,SELL_WRSW-1,BUY_CNCD-5,SELL_COLB-2,SELL_COLA-1,BUY_NAIT-1,BUY_WRSW-1,SELL_BRCH-1,BUY_BRCH-2,SELL_UOTB-1,BUY_COLA-3,SELL_LAVL-1,BUY_WRSW-3,BUY_BRCH-1,SELL_UEBR-1,SELL_GIOT-3,BUY_UOTB-3,SELL_CNCD-5,BUY_COLB-2,SELL_WRSW-2,SELL_BRCH-2,tick,timestamp
SPNG,0.0,0.0,0.0,2011200.0,1649400.0,0,0,0,0,0,0,0,0,0,0,0,0,0,0,0,0,0,0,0,0,0,0,0,0,0,0,0,0,0,0,0,0,0,0,0,0,0,2026-02-05 17:24:09.976490
SMMR,25.0,0.0,25.0,2053900.0,2243800.0,0,0,0,0,0,0,0,0,0,0,0,0,0,0,0,0,0,0,0,0,0,0,0,0,0,0,0,0,0,0,0,0,0,0,0,0,0,2026-02-05 17:24:09.976490
ATMN,25.03,0.0,25.03,2102300.0,2169900.0,0,0,0,0,0,0,0,0,0,0,0,0,0,0,0,0,0,0,0,0,0,0,0,0,0,0,0,0,0,0,0,0,0,0,0,0,0,2026-02-05 17:24:09.976490
WNTR,24.97,24.97,25.05,1842600.0,2174200.0,0,0,0,0,0,0,0,0,0,0,0,0,0,0,0,0,0,0,0,0,0,0,0,0,0,0,0,0,0,0,0,0,0,0,0,0,0,2026-02-05 17:24:09.976490
SPNG,25.18,25.18,25.21,1931400.0,6000.0,1746300.0,,0,0,0,0,0,0,0,0,0,0,0,0,0,0,0,0,0,0,0,0,0,0,0,0,0,0,0,0,0,0,0,0,0,0,1,2026-02-05 17:24:10.544425,2.0,1.0,1.0,,Aggregate Position Limit,Your CRO has set the aggregate position limit to 9000 shares for this week.
SMMR,25.0,24.99,25.0,2191200.0,,2122600.0,6000.0,0,0,0,0,0,0,0,0,0,0,0,0,0,0,0,0,0,0,0,0,0,0,0,0,0,0,0,0,0,0,0,0,0,0,1,2026-02-05 17:24:10.544425,1.0,1.0,1.0,,Welcome to the RITC 2026 Alogithmic Market Making Case - practice server,
ATMN,24.97,24.97,25.03,2125800.0,,2063600.0,6000.0,0,0,0,0,0,0,0,0,0,0,0,0,0,0,0,0,0,0,0,0,0,0,0,0,0,0,0,0,0,0,0,0,0,0,1,2026-02-05 17:24:10.544425,,,,,,
WNTR,25.0,24.99,25.05,1946000.0,,2174200.0,,0,0,0,0,0,0,0,0,0,0,0,0,0,0,0,0,0,0,0,0,0,0,0,0,0,0,0,0,0,0,0,0,0,0,1,2026-02-05 17:24:10.544425,,,,,,
SPNG,25.21,25.28,25.4,1826000.0,1125.0,3000.0,1761500.0,,0,0,0,0,0,0,0,0,0,0,0,0,0,0,0,0,0,0,0,0,0,0,0,0,0,0,0,0,0,0,0,0,0,2,2026-02-05 17:24:11.598350
SMMR,24.99,24.99,25.0,1996200.0,3375.0,,1985000.0,3375.0,0,0,0,0,0,0,0,0,0,0,0,0,0,0,0,0,0,0,0,0,0,0,0,0,0,0,0,0,0,0,0,0,0,2,2026-02-05 17:24:11.598350
ATMN,25.06,24.76,25.02,2127900.0,1125.0,,2058500.0,1125.0,0,0,0,0,0,0,0,0,0,0,0,0,0,0,0,0,0,0,0,0,0,0,0,0,0,0,0,0,0,0,0,0,0,2,2026-02-05 17:24:11.598350
WNTR,24.97,24.97,25.02,2022700.0,1125.0,,1936200.0,4500.0,0,0,0,0,0,0,0,0,0,0,0,0,0,0,0,0,0,0,0,0,0,0,0,0,0,0,0,0,0,0,0,0,0,2,2026-02-05 17:24:11.598350
SPNG,24.53,24.67,24.78,562.0,1811100.0,5000.0,5000.0,1865600.0,281.0,0,0,0,0,0,0,0,0,0,0,0,0,0,0,0,0,0,0,0,0,0,0,0,0,0,0,0,0,0,0,0,0,3,2026-02-05 17:24:12.651889
SMMR,24.93,24.88,24.93,281.0,1992200.0,5000.0,5000.0,1985900.0,562.0,0,0,0,0,0,0,0,0,0,0,0,0,0,0,0,0,0,0,0,0,0,0,0,0,0,0,0,0,0,0,0,0,3,2026-02-05 17:24:12.651889
ATMN,24.85,24.86,25.01,,2188900.0,5000.0,5000.0,2058500.0,,0,0,0,0,0,0,0,0,0,0,0,0,0,0,0,0,0,0,0,0,0,0,0,0,0,0,0,0,0,0,0,0,3,2026-02-05 17:24:12.651889
WNTR,25.05,24.97,25.05,,2122200.0,,,2141700.0,,0,0,0,0,0,0,0,0,0,0,0,0,0,0,0,0,0,0,0,0,0,0,0,0,0,0,0,0,0,0,0,0,3,2026-02-05 17:24:12.651889
SPNG,24.53,24.67,24.78,562.0,1812600.0,3000.0,3000.0,1566700.0,5500.0,281.0,,0,0,0,0,0,0,0,0,0,0,0,0,0,0,0,0,0,0,0,0,0,0,0,0,0,0,0,0,0,0,4,2026-02-05 17:24:13.189509
SMMR,24.93,24.88,24.93,281.0,2095100.0,,,2097700.0,,562.0,,0,0,0,0,0,0,0,0,0,0,0,0,0,0,0,0,0,0,0,0,0,0,0,0,0,0,0,0,0,0,4,2026-02-05 17:24:13.189509
ATMN,25.32,24.87,25.18,,1700900.0,2250.0,,2024200.0,5000.0,,10500.0,0,0,0,0,0,0,0,0,0,0,0,0,0,0,0,0,0,0,0,0,0,0,0,0,0,0,0,0,0,0,4,2026-02-05 17:24:13.189509
WNTR,24.97,24.89,24.9,,2104500.0,,,2125000.0,,,,0,0,0,0,0,0,0,0,0,0,0,0,0,0,0,0,0,0,0,0,0,0,0,0,0,0,0,0,0,0,4,2026-02-05 17:24:13.189509
SPNG,25.12,25.12,25.39,1089600.0,8850.0,1968.0,9000.0,3000.0,1761500.0,,,0,0,0,0,0,0,0,0,0,0,0,0,0,0,0,0,0,0,0,0,0,0,0,0,0,0,0,0,0,0,5,2026-02-05 17:24:14.238404
SMMR,24.88,24.88,25.02,2009100.0,,984.0,,,2218800.0,,,0,0,0,0,0,0,0,0,0,0,0,0,0,0,0,0,0,0,0,0,0,0,0,0,0,0,0,0,0,0,5,2026-02-05 17:24:14.238404
ATMN,24.75,24.75,25.16,2093500.0,5000.0,,2250.0,4500.0,1331400.0,703.0,11050.0,0,0,0,0,0,0,0,0,0,0,0,0,0,0,0,0,0,0,0,0,0,0,0,0,0,0,0,0,0,0,5,2026-02-05 17:24:14.238404
WNTR,25.1,24.98,25.1,1876900.0,5000.0,703.0,,,2137800.0,,,0,0,0,0,0,0,0,0,0,0,0,0,0,0,0,0,0,0,0,0,0,0,0,0,0,0,0,0,0,0,5,2026-02-05 17:24:14.238404
SPNG,25.12,24.72,24.99,5000.0,12000.0,1469000.0,5000.0,1884700.0,1124.0,,,,0,0,0,0,0,0,0,0,0,0,0,0,0,0,0,0,0,0,0,0,0,0,0,0,0,0,0,0,0,6,2026-02-05 17:24:15.292313
SMMR,24.88,24.88,25.06,,,2009100.0,,2216900.0,,250.0,1124.0,,0,0,0,0,0,0,0,0,0,0,0,0,0,0,0,0,0,0,0,0,0,0,0,0,0,0,0,0,0,6,2026-02-05 17:24:15.292313
ATMN,25.14,24.77,25.09,5000.0,6750.0,1631100.0,5277.0,1340300.0,,6000.0,1124.0,9000.0,0,0,0,0,0,0,0,0,0,0,0,0,0,0,0,0,0,0,0,0,0,0,0,0,0,0,0,0,0,6,2026-02-05 17:24:15.292313
WNTR,25.11,24.89,25.11,,,2104500.0,,2153700.0,,,,,0,0,0,0,0,0,0,0,0,0,0,0,0,0,0,0,0,0,0,0,0,0,0,0,0,0,0,0,0,6,2026-02-05 17:24:15.292313
SPNG,25.0,24.88,25.0,18000.0,1006600.0,14740.0,1548.0,1884700.0,6000.0,1124.0,,,,0,0,0,0,0,0,0,0,0,0,0,0,0,0,0,0,0,0,0,0,0,0,0,0,0,0,0,0,7,2026-02-05 17:24:16.369484
SMMR,25.07,24.85,24.87,,1989400.0,5000.0,,1860900.0,6000.0,,6000.0,2324.0,,0,0,0,0,0,0,0,0,0,0,0,0,0,0,0,0,0,0,0,0,0,0,0,0,0,0,0,0,7,2026-02-05 17:24:16.369484
ATMN,24.76,24.75,24.76,11250.0,1631100.0,,1124.0,1053300.0,6000.0,1548.0,,5277.0,11250.0,0,0,0,0,0,0,0,0,0,0,0,0,0,0,0,0,0,0,0,0,0,0,0,0,0,0,0,0,7,2026-02-05 17:24:16.369484
WNTR,24.86,24.93,25.02,,1882100.0,5000.0,,1811900.0,6000.0,1548.0,250.0,5000.0,,0,0,0,0,0,0,0,0,0,0,0,0,0,0,0,0,0,0,0,0,0,0,0,0,0,0,0,0,7,2026-02-05 17:24:16.369484
SPNG,24.98,24.94,24.98,913100.0,16792.0,1188.0,18000.0,5000.0,1792600.0,594.0,6000.0,,,0,0,0,0,0,0,0,0,0,0,0,0,0,0,0,0,0,0,0,0,0,0,0,0,0,0,0,0,8,2026-02-05 17:24:17.438242
SMMR,25.1,24.86,24.98,1997100.0,,594.0,,,2132900.0,,6000.0,6000.0,,0,0,0,0,0,0,0,0,0,0,0,0,0,0,0,0,0,0,0,0,0,0,0,0,0,0,0,0,8,2026-02-05 17:24:17.438242
ATMN,24.75,24.75,25.09,1661800.0,,594.0,9000.0,5277.0,1238700.0,,,250.0,11250.0,0,0,0,0,0,0,0,0,0,0,0,0,0,0,0,0,0,0,0,0,0,0,0,0,0,0,0,0,8,2026-02-05 17:24:17.438242
WNTR,24.99,24.99,25.1,1897400.0,,,,,2151200.0,,,250.0,,0,0,0,0,0,0,0,0,0,0,0,0,0,0,0,0,0,0,0,0,0,0,0,0,0,0,0,0,8,2026-02-05 17:24:17.438242
SPNG,25.06,24.96,25.16,3862.0,18000.0,823500.0,16792.0,1973300.0,,,,,0,0,0,0,0,0,0,0,0,0,0,0,0,0,0,0,0,0,0,0,0,0,0,0,0,0,0,0,0,9,2026-02-05 17:24:18.486563
SMMR,25.1,24.99,25.1,1931.0,,1596800.0,4656.0,2226700.0,6000.0,,,,0,0,0,0,0,0,0,0,0,0,0,0,0,0,0,0,0,0,0,0,0,0,0,0,0,0,0,0,0,9,2026-02-05 17:24:18.486563
ATMN,25.14,25.14,25.16,594.0,11250.0,1482800.0,,1528900.0,6000.0,11250.0,,,0,0,0,0,0,0,0,0,0,0,0,0,0,0,0,0,0,0,0,0,0,0,0,0,0,0,0,0,0,9,2026-02-05 17:24:18.486563
WNTR,24.84,24.86,24.95,,,1774300.0,5000.0,1931600.0,6000.0,,500.0,2674.0,0,0,0,0,0,0,0,0,0,0,0,0,0,0,0,0,0,0,0,0,0,0,0,0,0,0,0,0,0,9,2026-02-05 17:24:18.486563
SPNG,25.16,25.08,25.16,911000.0,11396.0,100.0,6000.0,18000.0,1906400.0,100.0,3000.0,,0,0,0,0,0,0,0,0,0,0,0,0,0,0,0,0,0,0,0,0,0,0,0,0,0,0,0,0,0,10,2026-02-05 17:24:19.520541
SMMR,25.0,24.97,25.0,2112900.0,,,6000.0,,1758900.0,9666.0,,465.0,0,0,0,0,0,0,0,0,0,0,0,0,0,0,0,0,0,0,0,0,0,0,0,0,0,0,0,0,0,10,2026-02-05 17:24:19.520541
ATMN,25.14,24.77,24.91,1588600.0,5000.0,,6000.0,11250.0,1357600.0,3966.0,13500.0,,0,0,0,0,0,0,0,0,0,0,0,0,0,0,0,0,0,0,0,0,0,0,0,0,0,0,0,0,0,10,2026-02-05 17:24:19.520541
WNTR,24.98,25.0,25.05,1878300.0,,10000.0,6000.0,,2158400.0,,,,0,0,0,0,0,0,0,0,0,0,0,0,0,0,0,0,0,0,0,0,0,0,0,0,0,0,0,0,0,10,2026-02-05 17:24:19.520541
SPNG,25.16,25.11,25.16,5935.0,14119.0,21000.0,633900.0,6000.0,1708300.0,1033.0,6000.0,0,0,0,0,0,0,0,0,0,0,0,0,0,0,0,0,0,0,0,0,0,0,0,0,0,0,0,0,0,0,11,2026-02-05 17:24:20.553328
SMMR,25.16,24.97,25.16,1167.0,,,2028800.0,6000.0,2201900.0,,,0,0,0,0,0,0,0,0,0,0,0,0,0,0,0,0,0,0,0,0,0,0,0,0,0,0,0,0,0,0,11,2026-02-05 17:24:20.553328
ATMN,25.18,24.87,25.18,1182.0,13734.0,13500.0,984700.0,6000.0,2016400.0,,2250.0,0,0,0,0,0,0,0,0,0,0,0,0,0,0,0,0,0,0,0,0,0,0,0,0,0,0,0,0,0,0,11,2026-02-05 17:24:20.553328
WNTR,25.1,25.02,25.1,18362.0,550.0,,1442100.0,6000.0,2134800.0,,,0,0,0,0,0,0,0,0,0,0,0,0,0,0,0,0,0,0,0,0,0,0,0,0,0,0,0,0,0,0,11,2026-02-05 17:24:20.553328
SPNG,24.63,24.88,25.16,3000.0,1916400.0,7686.0,1802300.0,,,,,,0,0,0,0,0,0,0,0,0,0,0,0,0,0,0,0,0,0,0,0,0,0,0,0,0,0,0,0,0,12,2026-02-05 17:24:21.590237
SMMR,25.2,24.95,25.14,,2016100.0,6.0,1732700.0,6708.0,6000.0,8944.0,,,0,0,0,0,0,0,0,0,0,0,0,0,0,0,0,0,0,0,0,0,0,0,0,0,0,0,0,0,0,12,2026-02-05 17:24:21.590237
ATMN,25.24,25.02,25.23,15750.0,1223200.0,5000.0,1813700.0,100.0,6000.0,2969.0,5000.0,2250.0,0,0,0,0,0,0,0,0,0,0,0,0,0,0,0,0,0,0,0,0,0,0,0,0,0,0,0,0,0,12,2026-02-05 17:24:21.590237
WNTR,25.0,24.99,25.0,,1799800.0,,2056800.0,1795.0,6000.0,8944.0,200.0,,0,0,0,0,0,0,0,0,0,0,0,0,0,0,0,0,0,0,0,0,0,0,0,0,0,0,0,0,0,12,2026-02-05 17:24:21.590237
SPNG,25.0,24.63,24.81,1916400.0,751.0,2023900.0,3000.0,,,,,,,0,0,0,0,0,0,0,0,0,0,0,0,0,0,0,0,0,0,0,0,0,0,0,0,0,0,0,0,13,2026-02-05 17:24:22.619867
SMMR,24.92,24.92,25.09,2034300.0,3157.0,1617100.0,,6000.0,11428.0,6.0,,,,0,0,0,0,0,0,0,0,0,0,0,0,0,0,0,0,0,0,0,0,0,0,0,0,0,0,0,0,13,2026-02-05 17:24:22.619867
ATMN,25.24,25.12,25.24,1353500.0,10000.0,1914300.0,,,3069.0,,4064.0,13500.0,,0,0,0,0,0,0,0,0,0,0,0,0,0,0,0,0,0,0,0,0,0,0,0,0,0,0,0,0,13,2026-02-05 17:24:22.619867
WNTR,24.89,24.82,24.87,1906300.0,8165.0,1740900.0,,,16000.0,5000.0,5000.0,,6000.0,0,0,0,0,0,0,0,0,0,0,0,0,0,0,0,0,0,0,0,0,0,0,0,0,0,0,0,0,13,2026-02-05 17:24:22.619867
SPNG,25.54,24.94,25.52,6391.0,5000.0,1493900.0,3000.0,5000.0,6000.0,1814600.0,,,,0,0,0,0,0,0,0,0,0,0,0,0,0,0,0,0,0,0,0,0,0,0,0,0,0,0,0,0,14,2026-02-05 17:24:23.655490
SMMR,24.92,24.92,24.93,3257.0,,1947100.0,,6.0,,1522200.0,6000.0,11528.0,,0,0,0,0,0,0,0,0,0,0,0,0,0,0,0,0,0,0,0,0,0,0,0,0,0,0,0,0,14,2026-02-05 17:24:23.655490
ATMN,25.15,25.14,25.15,10000.0,4064.0,1107400.0,15750.0,,,1806200.0,6000.0,3069.0,6000.0,0,0,0,0,0,0,0,0,0,0,0,0,0,0,0,0,0,0,0,0,0,0,0,0,0,0,0,0,14,2026-02-05 17:24:23.655490
WNTR,24.89,24.98,24.99,16095.0,,1884600.0,,38.0,,1643100.0,,8944.0,6000.0,0,0,0,0,0,0,0,0,0,0,0,0,0,0,0,0,0,0,0,0,0,0,0,0,0,0,0,0,14,2026-02-05 17:24:23.655490
SPNG,25.09,25.09,25.1,1236700.0,100.0,6000.0,4408.0,9000.0,1804700.0,9000.0,,,,0,0,0,0,0,0,0,0,0,0,0,0,0,0,0,0,0,0,0,0,0,0,0,0,0,0,0,0,15,2026-02-05 17:24:24.686271
SMMR,24.91,24.92,24.94,2035600.0,2004.0,6000.0,,,1732700.0,,100.0,6.0,,0,0,0,0,0,0,0,0,0,0,0,0,0,0,0,0,0,0,0,0,0,0,0,0,0,0,0,0,15,2026-02-05 17:24:24.686271
ATMN,25.15,25.14,25.15,988800.0,,6000.0,2794.0,18000.0,1919500.0,2250.0,,,5900.0,0,0,0,0,0,0,0,0,0,0,0,0,0,0,0,0,0,0,0,0,0,0,0,0,0,0,0,0,15,2026-02-05 17:24:24.686271
WNTR,24.84,24.84,25.01,2127800.0,,,,,1917800.0,,,28.0,,0,0,0,0,0,0,0,0,0,0,0,0,0,0,0,0,0,0,0,0,0,0,0,0,0,0,0,0,15,2026-02-05 17:24:24.686271
SPNG,25.01,25.19,25.53,6748.0,6000.0,4408.0,1215600.0,9000.0,6000.0,1914200.0,,,0,0,0,0,0,0,0,0,0,0,0,0,0,0,0,0,0,0,0,0,0,0,0,0,0,0,0,0,0,16,2026-02-05 17:24:25.720575
SMMR,24.98,25.07,25.2,5011.0,6000.0,,1951700.0,,,2214700.0,,,0,0,0,0,0,0,0,0,0,0,0,0,0,0,0,0,0,0,0,0,0,0,0,0,0,0,0,0,0,16,2026-02-05 17:24:25.720575
ATMN,24.98,24.98,25.21,,,,1469200.0,18000.0,,1928200.0,1916.0,5000.0,0,0,0,0,0,0,0,0,0,0,0,0,0,0,0,0,0,0,0,0,0,0,0,0,0,0,0,0,0,16,2026-02-05 17:24:25.720575
WNTR,25.03,24.93,25.03,8191.0,6000.0,5472.0,1569500.0,,,2132700.0,,,0,0,0,0,0,0,0,0,0,0,0,0,0,0,0,0,0,0,0,0,0,0,0,0,0,0,0,0,0,16,2026-02-05 17:24:25.720575
SPNG,24.98,24.64,24.93,5000.0,1522800.0,12000.0,5000.0,1599300.0,9000.0,4978.0,,,0,0,0,0,0,0,0,0,0,0,0,0,0,0,0,0,0,0,0,0,0,0,0,0,0,0,0,0,0,17,2026-02-05 17:24:26.261902
SMMR,24.98,25.07,25.11,,1951700.0,,,2180000.0,,,5011.0,6000.0,0,0,0,0,0,0,0,0,0,0,0,0,0,0,0,0,0,0,0,0,0,0,0,0,0,0,0,0,0,17,2026-02-05 17:24:26.261902
ATMN,25.45,24.99,25.45,2794.0,975600.0,20250.0,,2090700.0,,,,,0,0,0,0,0,0,0,0,0,0,0,0,0,0,0,0,0,0,0,0,0,0,0,0,0,0,0,0,0,17,2026-02-05 17:24:26.261902
WNTR,24.86,25.0,25.03,5472.0,1787600.0,,,2132700.0,,,,,0,0,0,0,0,0,0,0,0,0,0,0,0,0,0,0,0,0,0,0,0,0,0,0,0,0,0,0,0,17,2026-02-05 17:24:26.261902
SPNG,24.86,25.04,25.06,6000.0,6782.0,15000.0,942100.0,100.0,2000.0,1709900.0,4978.0,6000.0,0,0,0,0,0,0,0,0,0,0,0,0,0,0,0,0,0,0,0,0,0,0,0,0,0,0,0,0,0,18,2026-02-05 17:24:27.308522
SMMR,25.07,25.07,25.1,6000.0,,,1951700.0,5011.0,,2060500.0,9415.0,,0,0,0,0,0,0,0,0,0,0,0,0,0,0,0,0,0,0,0,0,0,0,0,0,0,0,0,0,0,18,2026-02-05 17:24:27.308522
ATMN,25.49,25.14,25.49,6000.0,,11250.0,1586200.0,4666.0,,2079600.0,,,0,0,0,0,0,0,0,0,0,0,0,0,0,0,0,0,0,0,0,0,0,0,0,0,0,0,0,0,0,18,2026-02-05 17:24:27.308522
WNTR,24.79,24.89,25.02,6000.0,,,2064900.0,,,2001100.0,9602.0,,0,0,0,0,0,0,0,0,0,0,0,0,0,0,0,0,0,0,0,0,0,0,0,0,0,0,0,0,0,18,2026-02-05 17:24:27.308522
SPNG,25.02,25.44,25.55,1245900.0,5400.0,959.0,18000.0,1711000.0,12000.0,,,,0,0,0,0,0,0,0,0,0,0,0,0,0,0,0,0,0,0,0,0,0,0,0,0,0,0,0,0,0,19,2026-02-05 17:24:28.360272
SMMR,24.84,24.84,25.08,2228600.0,,,,2042300.0,,9511.0,,,0,0,0,0,0,0,0,0,0,0,0,0,0,0,0,0,0,0,0,0,0,0,0,0,0,0,0,0,0,19,2026-02-05 17:24:28.360272
ATMN,24.72,24.73,25.46,2256600.0,,,2250.0,1524100.0,2250.0,100.0,7802.0,,0,0,0,0,0,0,0,0,0,0,0,0,0,0,0,0,0,0,0,0,0,0,0,0,0,0,0,0,0,19,2026-02-05 17:24:28.360272
WNTR,24.82,24.82,24.86,2143300.0,,,,1470900.0,,10000.0,17067.0,6000.0,0,0,0,0,0,0,0,0,0,0,0,0,0,0,0,0,0,0,0,0,0,0,0,0,0,0,0,0,0,19,2026-02-05 17:24:28.360272
SPNG,25.5,25.44,25.5,870900.0,5824.0,3616.0,6000.0,18000.0,5000.0,3118.0,1402900.0,15000.0,,0,0,0,0,0,0,0,0,0,0,0,0,0,0,0,0,0,0,0,0,0,0,0,0,0,0,0,0,20,2026-02-05 17:24:29.407451
SMMR,24.84,24.84,25.02,2106200.0,,1052.0,,,5000.0,9511.0,1807600.0,,4942.0,0,0,0,0,0,0,0,0,0,0,0,0,0,0,0,0,0,0,0,0,0,0,0,0,0,0,0,0,20,2026-02-05 17:24:29.407451
ATMN,25.32,25.32,25.41,2191100.0,,5567.0,6000.0,,7802.0,5667.0,1305400.0,4500.0,,0,0,0,0,0,0,0,0,0,0,0,0,0,0,0,0,0,0,0,0,0,0,0,0,0,0,0,0,20,2026-02-05 17:24:29.407451
WNTR,25.09,24.95,25.0,1894100.0,,835.0,500.0,,,,1981300.0,,6000.0,0,0,0,0,0,0,0,0,0,0,0,0,0,0,0,0,0,0,0,0,0,0,0,0,0,0,0,0,20,2026-02-05 17:24:29.407451
SPNG,25.38,25.04,25.16,6000.0,959.0,24000.0,1039100.0,1237300.0,3118.0,21000.0,,,,0,0,0,0,0,0,0,0,0,0,0,0,0,0,0,0,0,0,0,0,0,0,0,0,0,0,0,0,21,2026-02-05 17:24:30.460007
SMMR,24.83,24.98,25.02,,1052.0,,1997600.0,1927900.0,,,5000.0,1058.0,5000.0,0,0,0,0,0,0,0,0,0,0,0,0,0,0,0,0,0,0,0,0,0,0,0,0,0,0,0,0,21,2026-02-05 17:24:30.460007
ATMN,25.41,25.11,25.39,,,,2249100.0,1305400.0,100.0,9000.0,5000.0,,9226.0,0,0,0,0,0,0,0,0,0,0,0,0,0,0,0,0,0,0,0,0,0,0,0,0,0,0,0,0,21,2026-02-05 17:24:30.460007
WNTR,25.11,24.99,25.11,500.0,10835.0,,1749400.0,2113800.0,,,,,,0,0,0,0,0,0,0,0,0,0,0,0,0,0,0,0,0,0,0,0,0,0,0,0,0,0,0,0,21,2026-02-05 17:24:30.460007
SPNG,25.16,25.31,25.49,855600.0,30000.0,6000.0,138.0,1247400.0,24000.0,,,,,0,0,0,0,0,0,0,0,0,0,0,0,0,0,0,0,0,0,0,0,0,0,0,0,0,0,0,0,22,2026-02-05 17:24:31.508051
SMMR,24.86,24.92,24.98,1990900.0,,5676.0,,1807600.0,,5000.0,6000.0,5000.0,5531.0,0,0,0,0,0,0,0,0,0,0,0,0,0,0,0,0,0,0,0,0,0,0,0,0,0,0,0,0,22,2026-02-05 17:24:31.508051
ATMN,24.81,24.8,24.81,2365000.0,,,,1203800.0,13500.0,,6000.0,1932.0,5163.0,0,0,0,0,0,0,0,0,0,0,0,0,0,0,0,0,0,0,0,0,0,0,0,0,0,0,0,0,22,2026-02-05 17:24:31.508051
WNTR,24.97,24.95,24.96,1669000.0,,6000.0,,2032300.0,,4546.0,,,473.0,0,0,0,0,0,0,0,0,0,0,0,0,0,0,0,0,0,0,0,0,0,0,0,0,0,0,0,0,22,2026-02-05 17:24:31.508051
SPNG,25.13,25.33,25.47,5000.0,30000.0,739500.0,6000.0,138.0,5000.0,33000.0,6528.0,759500.0,,0,0,0,0,0,0,0,0,0,0,0,0,0,0,0,0,0,0,0,0,0,0,0,0,0,0,0,0,23,2026-02-05 17:24:32.557313
SMMR,24.89,24.9,24.97,,,2104900.0,5676.0,,5500.0,,13211.0,1466400.0,6000.0,0,0,0,0,0,0,0,0,0,0,0,0,0,0,0,0,0,0,0,0,0,0,0,0,0,0,0,0,23,2026-02-05 17:24:32.557313
ATMN,25.46,24.8,25.3,,,2161900.0,,10880.0,,6750.0,,1825200.0,,0,0,0,0,0,0,0,0,0,0,0,0,0,0,0,0,0,0,0,0,0,0,0,0,0,0,0,0,23,2026-02-05 17:24:32.557313
WNTR,24.82,24.82,24.96,,,2054800.0,,7668.0,5956.0,,8141.0,1592200.0,,0,0,0,0,0,0,0,0,0,0,0,0,0,0,0,0,0,0,0,0,0,0,0,0,0,0,0,0,23,2026-02-05 17:24:32.557313
SPNG,24.77,24.77,25.32,1848500.0,6000.0,513600.0,36000.0,1746.0,,,,,,0,0,0,0,0,0,0,0,0,0,0,0,0,0,0,0,0,0,0,0,0,0,0,0,0,0,0,0,24,2026-02-05 17:24:33.590511
SMMR,25.11,24.92,24.95,1908700.0,,2043500.0,,5000.0,6751.0,5000.0,324.0,,,0,0,0,0,0,0,0,0,0,0,0,0,0,0,0,0,0,0,0,0,0,0,0,0,0,0,0,0,24,2026-02-05 17:24:33.590511
ATMN,25.21,25.21,25.3,1774300.0,2250.0,1716000.0,9000.0,,,531.0,6000.0,,,0,0,0,0,0,0,0,0,0,0,0,0,0,0,0,0,0,0,0,0,0,0,0,0,0,0,0,0,24,2026-02-05 17:24:33.590511
WNTR,24.96,24.97,24.98,1928300.0,,1901500.0,,,6090.0,,6000.0,1118.0,6000.0,0,0,0,0,0,0,0,0,0,0,0,0,0,0,0,0,0,0,0,0,0,0,0,0,0,0,0,0,24,2026-02-05 17:24:33.590511
SPNG,24.77,25.09,25.1,6000.0,1871100.0,182.0,6000.0,36000.0,300000.0,3026.0,1746.0,,,0,0,0,0,0,0,0,0,0,0,0,0,0,0,0,0,0,0,0,0,0,0,0,0,0,0,0,0,25,2026-02-05 17:24:34.628788
SMMR,25.11,24.96,25.0,6000.0,1909600.0,15510.0,5676.0,,1930200.0,608.0,,,,0,0,0,0,0,0,0,0,0,0,0,0,0,0,0,0,0,0,0,0,0,0,0,0,0,0,0,0,25,2026-02-05 17:24:34.628788
ATMN,25.3,24.81,25.3,,2161900.0,4688.0,,9000.0,1594900.0,412.0,,2250.0,,0,0,0,0,0,0,0,0,0,0,0,0,0,0,0,0,0,0,0,0,0,0,0,0,0,0,0,0,25,2026-02-05 17:24:34.628788
WNTR,25.08,25.08,25.1,6000.0,1694400.0,14247.0,,,2029700.0,915.0,,,5000.0,0,0,0,0,0,0,0,0,0,0,0,0,0,0,0,0,0,0,0,0,0,0,0,0,0,0,0,0,25,2026-02-05 17:24:34.628788
SPNG,25.08,25.04,25.08,5000.0,448.0,1730100.0,11851.0,1746.0,6000.0,386300.0,30000.0,,,0,0,0,0,0,0,0,0,0,0,0,0,0,0,0,0,0,0,0,0,0,0,0,0,0,0,0,0,26,2026-02-05 17:24:35.669821
SMMR,24.92,24.88,24.89,,1397.0,2110100.0,7168.0,,5676.0,1820100.0,,,,0,0,0,0,0,0,0,0,0,0,0,0,0,0,0,0,0,0,0,0,0,0,0,0,0,0,0,0,26,2026-02-05 17:24:35.669821
ATMN,25.11,24.9,25.1,10448.0,6172.0,1330900.0,412.0,5000.0,6000.0,1284500.0,11250.0,6750.0,,0,0,0,0,0,0,0,0,0,0,0,0,0,0,0,0,0,0,0,0,0,0,0,0,0,0,0,0,26,2026-02-05 17:24:35.669821
WNTR,25.1,25.1,25.11,5000.0,21512.0,1576200.0,815.0,,,2033900.0,,,6000.0,0,0,0,0,0,0,0,0,0,0,0,0,0,0,0,0,0,0,0,0,0,0,0,0,0,0,0,0,26,2026-02-05 17:24:35.669821
SPNG,25.03,25.03,25.09,2065200.0,1746.0,6000.0,33000.0,506200.0,,,,,,0,0,0,0,0,0,0,0,0,0,0,0,0,0,0,0,0,0,0,0,0,0,0,0,0,0,0,0,27,2026-02-05 17:24:36.707763
SMMR,24.98,25.0,25.1,2118600.0,,,,2183200.0,6484.0,,,,,0,0,0,0,0,0,0,0,0,0,0,0,0,0,0,0,0,0,0,0,0,0,0,0,0,0,0,0,27,2026-02-05 17:24:36.707763
ATMN,25.11,25.07,25.08,1314900.0,5000.0,6000.0,15750.0,1170800.0,1959.0,10448.0,9000.0,,,0,0,0,0,0,0,0,0,0,0,0,0,0,0,0,0,0,0,0,0,0,0,0,0,0,0,0,0,27,2026-02-05 17:24:36.707763
WNTR,25.11,24.94,25.06,1500200.0,5000.0,,,1950100.0,686.0,10530.0,,6000.0,10000.0,0,0,0,0,0,0,0,0,0,0,0,0,0,0,0,0,0,0,0,0,0,0,0,0,0,0,0,0,27,2026-02-05 17:24:36.707763
SPNG,24.94,24.95,25.07,5000.0,1962200.0,12246.0,6000.0,33000.0,386300.0,,,,,0,0,0,0,0,0,0,0,0,0,0,0,0,0,0,0,0,0,0,0,0,0,0,0,0,0,0,0,28,2026-02-05 17:24:37.746896
SMMR,25.03,25.01,25.03,5000.0,1760000.0,5000.0,,,1963000.0,6484.0,6000.0,2374.0,,0,0,0,0,0,0,0,0,0,0,0,0,0,0,0,0,0,0,0,0,0,0,0,0,0,0,0,0,28,2026-02-05 17:24:37.746896
ATMN,25.19,25.19,25.29,10448.0,1040800.0,,,11250.0,1602200.0,9337.0,,,11250.0,0,0,0,0,0,0,0,0,0,0,0,0,0,0,0,0,0,0,0,0,0,0,0,0,0,0,0,0,28,2026-02-05 17:24:37.746896
WNTR,24.82,24.82,25.0,,2141900.0,12158.0,,,1514000.0,,,19566.0,,0,0,0,0,0,0,0,0,0,0,0,0,0,0,0,0,0,0,0,0,0,0,0,0,0,0,0,0,28,2026-02-05 17:24:37.746896
SPNG,24.8,24.8,25.24,2074600.0,24000.0,1236000.0,,,,,,,0,0,0,0,0,0,0,0,0,0,0,0,0,0,0,0,0,0,0,0,0,0,0,0,0,0,0,0,0,29,2026-02-05 17:24:38.790265
SMMR,25.09,25.09,25.1,2118400.0,,2175900.0,3075.0,,,,,,0,0,0,0,0,0,0,0,0,0,0,0,0,0,0,0,0,0,0,0,0,0,0,0,0,0,0,0,0,29,2026-02-05 17:24:38.790265
ATMN,25.19,25.23,25.27,1551300.0,15750.0,1285600.0,,5000.0,6000.0,11250.0,5000.0,,0,0,0,0,0,0,0,0,0,0,0,0,0,0,0,0,0,0,0,0,0,0,0,0,0,0,0,0,0,29,2026-02-05 17:24:38.790265
WNTR,25.05,24.99,25.05,1580100.0,,2056100.0,10000.0,2148.0,6000.0,,,1817.0,0,0,0,0,0,0,0,0,0,0,0,0,0,0,0,0,0,0,0,0,0,0,0,0,0,0,0,0,0,29,2026-02-05 17:24:38.790265
SPNG,24.78,24.78,25.0,3000.0,1981600.0,605400.0,6000.0,12367.0,27000.0,,,,,0,0,0,0,0,0,0,0,0,0,0,0,0,0,0,0,0,0,0,0,0,0,0,0,0,0,0,0,30,2026-02-05 17:24:39.826134
SMMR,24.97,24.9,24.97,,2000200.0,2067200.0,1914.0,,,6000.0,100.0,,,0,0,0,0,0,0,0,0,0,0,0,0,0,0,0,0,0,0,0,0,0,0,0,0,0,0,0,0,30,2026-02-05 17:24:39.826134
ATMN,25.22,25.23,25.26,13500.0,1321200.0,750900.0,,5052.0,18000.0,6000.0,1391.0,5000.0,6413.0,0,0,0,0,0,0,0,0,0,0,0,0,0,0,0,0,0,0,0,0,0,0,0,0,0,0,0,0,30,2026-02-05 17:24:39.826134
WNTR,25.05,25.03,25.04,,1479600.0,1942300.0,,5000.0,,6000.0,10000.0,7148.0,1721.0,0,0,0,0,0,0,0,0,0,0,0,0,0,0,0,0,0,0,0,0,0,0,0,0,0,0,0,0,30,2026-02-05 17:24:39.826134
SPNG,25.32,24.79,25.32,5000.0,118.0,1893400.0,1755200.0,9000.0,,,,,0,0,0,0,0,0,0,0,0,0,0,0,0,0,0,0,0,0,0,0,0,0,0,0,0,0,0,0,0,31,2026-02-05 17:24:40.370521
SMMR,25.1,24.91,25.1,5000.0,,2018500.0,2175900.0,,6000.0,,,,0,0,0,0,0,0,0,0,0,0,0,0,0,0,0,0,0,0,0,0,0,0,0,0,0,0,0,0,0,31,2026-02-05 17:24:40.370521
ATMN,25.3,25.24,25.29,5000.0,1391.0,1325900.0,1609600.0,9000.0,6000.0,13500.0,5000.0,,0,0,0,0,0,0,0,0,0,0,0,0,0,0,0,0,0,0,0,0,0,0,0,0,0,0,0,0,0,31,2026-02-05 17:24:40.370521
WNTR,24.98,24.97,24.98,1562.0,,1804400.0,1963500.0,,6000.0,,5000.0,1721.0,0,0,0,0,0,0,0,0,0,0,0,0,0,0,0,0,0,0,0,0,0,0,0,0,0,0,0,0,0,31,2026-02-05 17:24:40.370521
SPNG,25.1,25.09,25.1,6000.0,3000.0,1359400.0,11638.0,100.0,6000.0,8102.0,1476500.0,5000.0,9000.0,0,0,0,0,0,0,0,0,0,0,0,0,0,0,0,0,0,0,0,0,0,0,0,0,0,0,0,0,32,2026-02-05 17:24:41.419636
SMMR,24.93,24.86,24.88,,,2221400.0,,,6000.0,782.0,1806100.0,5000.0,,0,0,0,0,0,0,0,0,0,0,0,0,0,0,0,0,0,0,0,0,0,0,0,0,0,0,0,0,32,2026-02-05 17:24:41.419636
ATMN,25.17,25.17,25.28,,11250.0,1684000.0,5000.0,,,,1634100.0,11050.0,2250.0,0,0,0,0,0,0,0,0,0,0,0,0,0,0,0,0,0,0,0,0,0,0,0,0,0,0,0,0,32,2026-02-05 17:24:41.419636
WNTR,24.98,24.97,24.98,,,1811300.0,1562.0,5958.0,,7679.0,1852100.0,5000.0,,0,0,0,0,0,0,0,0,0,0,0,0,0,0,0,0,0,0,0,0,0,0,0,0,0,0,0,0,32,2026-02-05 17:24:41.419636
SPNG,25.21,25.1,25.11,6000.0,3000.0,239.0,1269800.0,11638.0,100.0,1582800.0,5000.0,9000.0,,0,0,0,0,0,0,0,0,0,0,0,0,0,0,0,0,0,0,0,0,0,0,0,0,0,0,0,0,33,2026-02-05 17:24:42.489705
SMMR,24.89,24.9,25.05,1500.0,,4539.0,1916800.0,5000.0,6000.0,1423500.0,12150.0,,782.0,0,0,0,0,0,0,0,0,0,0,0,0,0,0,0,0,0,0,0,0,0,0,0,0,0,0,0,0,33,2026-02-05 17:24:42.489705
ATMN,25.11,25.2,25.52,,11250.0,,1465700.0,7315.0,,2176600.0,,,,0,0,0,0,0,0,0,0,0,0,0,0,0,0,0,0,0,0,0,0,0,0,0,0,0,0,0,0,33,2026-02-05 17:24:42.489705
WNTR,25.05,25.05,25.07,6000.0,,,1821300.0,1562.0,,2178100.0,,,,0,0,0,0,0,0,0,0,0,0,0,0,0,0,0,0,0,0,0,0,0,0,0,0,0,0,0,0,33,2026-02-05 17:24:42.489705
SPNG,25.1,25.1,25.11,6000.0,5000.0,1709900.0,6000.0,6000.0,100.0,1216300.0,15000.0,,,0,0,0,0,0,0,0,0,0,0,0,0,0,0,0,0,0,0,0,0,0,0,0,0,0,0,0,0,34,2026-02-05 17:24:43.545143
SMMR,25.0,24.99,25.0,6000.0,,1948900.0,,5000.0,698.0,1594100.0,,7792.0,220.0,0,0,0,0,0,0,0,0,0,0,0,0,0,0,0,0,0,0,0,0,0,0,0,0,0,0,0,0,34,2026-02-05 17:24:43.545143
ATMN,25.08,25.18,25.22,6000.0,,1445300.0,15750.0,6000.0,489.0,1976900.0,,,,0,0,0,0,0,0,0,0,0,0,0,0,0,0,0,0,0,0,0,0,0,0,0,0,0,0,0,0,34,2026-02-05 17:24:43.545143
WNTR,24.95,24.96,24.98,6000.0,,1925200.0,,,8338.0,2077000.0,,8338.0,,0,0,0,0,0,0,0,0,0,0,0,0,0,0,0,0,0,0,0,0,0,0,0,0,0,0,0,0,34,2026-02-05 17:24:43.545143
SPNG,24.71,24.62,24.71,5000.0,12000.0,1570800.0,7057.0,21000.0,717200.0,5100.0,,,0,0,0,0,0,0,0,0,0,0,0,0,0,0,0,0,0,0,0,0,0,0,0,0,0,0,0,0,0,35,2026-02-05 17:24:44.585722
SMMR,25.11,24.99,25.11,,,2171300.0,,,2133000.0,,7792.0,,0,0,0,0,0,0,0,0,0,0,0,0,0,0,0,0,0,0,0,0,0,0,0,0,0,0,0,0,0,35,2026-02-05 17:24:44.585722
ATMN,25.51,25.51,25.52,5000.0,11250.0,1556300.0,1754.0,,1756200.0,489.0,,6000.0,0,0,0,0,0,0,0,0,0,0,0,0,0,0,0,0,0,0,0,0,0,0,0,0,0,0,0,0,0,35,2026-02-05 17:24:44.585722
WNTR,25.09,25.05,25.09,,,1909600.0,215.0,,1854000.0,,18338.0,,0,0,0,0,0,0,0,0,0,0,0,0,0,0,0,0,0,0,0,0,0,0,0,0,0,0,0,0,0,35,2026-02-05 17:24:44.585722
SPNG,25.1,25.09,25.21,1050900.0,10651.0,18000.0,1422800.0,18000.0,,,,,0,0,0,0,0,0,0,0,0,0,0,0,0,0,0,0,0,0,0,0,0,0,0,0,0,0,0,0,0,36,2026-02-05 17:24:45.618291
SMMR,25.05,25.0,25.05,1846800.0,10522.0,,1999300.0,,5000.0,,,,0,0,0,0,0,0,0,0,0,0,0,0,0,0,0,0,0,0,0,0,0,0,0,0,0,0,0,0,0,36,2026-02-05 17:24:45.618291
ATMN,25.51,25.03,25.22,1808400.0,,11250.0,1774300.0,,1754.0,6000.0,,,0,0,0,0,0,0,0,0,0,0,0,0,0,0,0,0,0,0,0,0,0,0,0,0,0,0,0,0,0,36,2026-02-05 17:24:45.618291
WNTR,25.09,25.09,25.1,2017900.0,,,1843100.0,,156.0,,6129.0,10000.0,0,0,0,0,0,0,0,0,0,0,0,0,0,0,0,0,0,0,0,0,0,0,0,0,0,0,0,0,0,36,2026-02-05 17:24:45.618291
SPNG,24.61,24.61,24.73,15000.0,1579400.0,13506.0,1455900.0,6000.0,3000.0,,,,,0,0,0,0,0,0,0,0,0,0,0,0,0,0,0,0,0,0,0,0,0,0,0,0,0,0,0,0,37,2026-02-05 17:24:46.656680
SMMR,24.88,24.91,25.03,,2053400.0,7739.0,1460000.0,5000.0,,9666.0,6000.0,2722.0,,0,0,0,0,0,0,0,0,0,0,0,0,0,0,0,0,0,0,0,0,0,0,0,0,0,0,0,0,37,2026-02-05 17:24:46.656680
ATMN,25.18,25.03,25.18,11250.0,1808400.0,638.0,1982500.0,6000.0,,,,,,0,0,0,0,0,0,0,0,0,0,0,0,0,0,0,0,0,0,0,0,0,0,0,0,0,0,0,0,37,2026-02-05 17:24:46.656680
WNTR,24.92,25.05,25.07,,1820000.0,5151.0,1553900.0,,,7959.0,6000.0,17662.0,5000.0,0,0,0,0,0,0,0,0,0,0,0,0,0,0,0,0,0,0,0,0,0,0,0,0,0,0,0,0,37,2026-02-05 17:24:46.656680
SPNG,25.18,25.1,25.17,21000.0,8052.0,100.0,953300.0,3000.0,1957800.0,,,0,0,0,0,0,0,0,0,0,0,0,0,0,0,0,0,0,0,0,0,0,0,0,0,0,0,0,0,0,0,38,2026-02-05 17:24:47.693527
SMMR,24.86,24.86,24.96,,,419.0,2135200.0,,1460000.0,21794.0,6589.0,0,0,0,0,0,0,0,0,0,0,0,0,0,0,0,0,0,0,0,0,0,0,0,0,0,0,0,0,0,0,38,2026-02-05 17:24:47.693527
ATMN,25.03,25.03,25.53,11250.0,,4127.0,1691800.0,2250.0,1994100.0,,5000.0,0,0,0,0,0,0,0,0,0,0,0,0,0,0,0,0,0,0,0,0,0,0,0,0,0,0,0,0,0,0,38,2026-02-05 17:24:47.693527
WNTR,25.04,24.93,24.95,,5000.0,245.0,1920500.0,,1413500.0,25621.0,5151.0,0,0,0,0,0,0,0,0,0,0,0,0,0,0,0,0,0,0,0,0,0,0,0,0,0,0,0,0,0,0,38,2026-02-05 17:24:47.693527
SPNG,25.1,25.1,25.17,941.0,6000.0,1676300.0,3000.0,1957800.0,,,,,0,0,0,0,0,0,0,0,0,0,0,0,0,0,0,0,0,0,0,0,0,0,0,0,0,0,0,0,0,39,2026-02-05 17:24:48.736145
SMMR,25.04,25.03,25.04,,,2234700.0,,2107700.0,,,,,0,0,0,0,0,0,0,0,0,0,0,0,0,0,0,0,0,0,0,0,0,0,0,0,0,0,0,0,0,39,2026-02-05 17:24:48.736145
ATMN,25.55,25.18,25.55,,6000.0,1573900.0,,1990700.0,13500.0,3960.0,,,0,0,0,0,0,0,0,0,0,0,0,0,0,0,0,0,0,0,0,0,0,0,0,0,0,0,0,0,0,39,2026-02-05 17:24:48.736145
WNTR,24.97,24.99,25.04,5000.0,6000.0,1763800.0,,1659500.0,,5151.0,6472.0,6000.0,0,0,0,0,0,0,0,0,0,0,0,0,0,0,0,0,0,0,0,0,0,0,0,0,0,0,0,0,0,39,2026-02-05 17:24:48.736145
SPNG,25.11,25.11,25.15,5000.0,6000.0,1868500.0,17185.0,9000.0,1341000.0,,,,,0,0,0,0,0,0,0,0,0,0,0,0,0,0,0,0,0,0,0,0,0,0,0,0,0,0,0,0,40,2026-02-05 17:24:49.768811
SMMR,25.03,24.89,24.9,,6000.0,1992700.0,,,1818000.0,7847.0,8049.0,5000.0,,0,0,0,0,0,0,0,0,0,0,0,0,0,0,0,0,0,0,0,0,0,0,0,0,0,0,0,0,40,2026-02-05 17:24:49.768811
ATMN,25.55,25.22,25.54,5000.0,6000.0,1198200.0,5000.0,2250.0,1978600.0,,,,18000.0,0,0,0,0,0,0,0,0,0,0,0,0,0,0,0,0,0,0,0,0,0,0,0,0,0,0,0,0,40,2026-02-05 17:24:49.768811
WNTR,24.91,25.01,25.02,,,1968000.0,5151.0,,1555700.0,569.0,10000.0,6000.0,,0,0,0,0,0,0,0,0,0,0,0,0,0,0,0,0,0,0,0,0,0,0,0,0,0,0,0,0,40,2026-02-05 17:24:49.768811
SPNG,24.54,24.54,25.36,2087300.0,2058400.0,,,,,,0,0,0,0,0,0,0,0,0,0,0,0,0,0,0,0,0,0,0,0,0,0,0,0,0,0,0,0,0,0,0,41,2026-02-05 17:24:50.819027
SMMR,25.05,24.96,25.05,1926800.0,1989600.0,17847.0,5000.0,202.0,,,0,0,0,0,0,0,0,0,0,0,0,0,0,0,0,0,0,0,0,0,0,0,0,0,0,0,0,0,0,0,0,41,2026-02-05 17:24:50.819027
ATMN,25.51,25.03,25.55,1808400.0,2004600.0,,,,11250.0,4500.0,0,0,0,0,0,0,0,0,0,0,0,0,0,0,0,0,0,0,0,0,0,0,0,0,0,0,0,0,0,0,0,41,2026-02-05 17:24:50.819027
WNTR,25.12,25.01,25.03,1565200.0,2052300.0,9719.0,16.0,9150.0,,,0,0,0,0,0,0,0,0,0,0,0,0,0,0,0,0,0,0,0,0,0,0,0,0,0,0,0,0,0,0,0,41,2026-02-05 17:24:50.819027
SPNG,25.35,25.1,25.35,6000.0,17179.0,6000.0,1483200.0,6000.0,1852800.0,,,,,0,0,0,0,0,0,0,0,0,0,0,0,0,0,0,0,0,0,0,0,0,0,0,0,0,0,0,0,42,2026-02-05 17:24:51.875981
SMMR,24.93,24.92,24.93,6000.0,,,2032200.0,,1971500.0,2793.0,5000.0,,,0,0,0,0,0,0,0,0,0,0,0,0,0,0,0,0,0,0,0,0,0,0,0,0,0,0,0,0,42,2026-02-05 17:24:51.875981
ATMN,25.38,25.38,25.55,6000.0,,13500.0,1527000.0,2250.0,1734100.0,,,9094.0,,0,0,0,0,0,0,0,0,0,0,0,0,0,0,0,0,0,0,0,0,0,0,0,0,0,0,0,0,42,2026-02-05 17:24:51.875981
WNTR,24.82,24.83,24.93,,5000.0,,1893700.0,,1831700.0,520.0,6000.0,5000.0,10000.0,0,0,0,0,0,0,0,0,0,0,0,0,0,0,0,0,0,0,0,0,0,0,0,0,0,0,0,0,42,2026-02-05 17:24:51.875981
SPNG,25.36,24.54,25.06,1962400.0,3000.0,5000.0,1831300.0,1578.0,,,,,0,0,0,0,0,0,0,0,0,0,0,0,0,0,0,0,0,0,0,0,0,0,0,0,0,0,0,0,0,43,2026-02-05 17:24:52.927381
SMMR,24.92,24.92,24.93,1842500.0,,,1781000.0,14428.0,11572.0,6000.0,5000.0,,0,0,0,0,0,0,0,0,0,0,0,0,0,0,0,0,0,0,0,0,0,0,0,0,0,0,0,0,0,43,2026-02-05 17:24:52.927381
ATMN,25.24,25.21,25.24,1542500.0,13500.0,7276.0,1321900.0,8086.0,,6000.0,,6750.0,0,0,0,0,0,0,0,0,0,0,0,0,0,0,0,0,0,0,0,0,0,0,0,0,0,0,0,0,0,43,2026-02-05 17:24:52.927381
WNTR,25.03,24.93,24.95,1880100.0,,,1955200.0,8961.0,9481.0,,6000.0,,0,0,0,0,0,0,0,0,0,0,0,0,0,0,0,0,0,0,0,0,0,0,0,0,0,0,0,0,0,43,2026-02-05 17:24:52.927381
SPNG,25.06,24.78,25.04,5000.0,1771300.0,6000.0,5000.0,3000.0,6000.0,2125.0,1527900.0,,,0,0,0,0,0,0,0,0,0,0,0,0,0,0,0,0,0,0,0,0,0,0,0,0,0,0,0,0,44,2026-02-05 17:24:53.470648
SMMR,24.93,24.92,24.93,,1965200.0,,,,5000.0,7967.0,1861800.0,8779.0,6000.0,0,0,0,0,0,0,0,0,0,0,0,0,0,0,0,0,0,0,0,0,0,0,0,0,0,0,0,0,44,2026-02-05 17:24:53.470648
ATMN,25.59,25.22,25.23,5000.0,1293900.0,15750.0,8316.0,2250.0,,,1665500.0,,6000.0,0,0,0,0,0,0,0,0,0,0,0,0,0,0,0,0,0,0,0,0,0,0,0,0,0,0,0,0,44,2026-02-05 17:24:53.470648
WNTR,24.92,24.92,24.96,,1998300.0,,,,6000.0,,2039300.0,520.0,,0,0,0,0,0,0,0,0,0,0,0,0,0,0,0,0,0,0,0,0,0,0,0,0,0,0,0,0,44,2026-02-05 17:24:53.470648
SPNG,25.46,24.79,25.46,16578.0,12000.0,1247400.0,2060600.0,,,,,0,0,0,0,0,0,0,0,0,0,0,0,0,0,0,0,0,0,0,0,0,0,0,0,0,0,0,0,0,0,45,2026-02-05 17:24:54.519251
SMMR,25.05,24.9,24.91,,,2195200.0,1995200.0,5000.0,,,,0,0,0,0,0,0,0,0,0,0,0,0,0,0,0,0,0,0,0,0,0,0,0,0,0,0,0,0,0,0,45,2026-02-05 17:24:54.519251
ATMN,25.2,25.21,25.57,5000.0,18000.0,1275300.0,2003000.0,,5000.0,2250.0,,0,0,0,0,0,0,0,0,0,0,0,0,0,0,0,0,0,0,0,0,0,0,0,0,0,0,0,0,0,0,45,2026-02-05 17:24:54.519251
WNTR,24.92,24.82,24.9,,,1986400.0,2012000.0,6000.0,,,520.0,0,0,0,0,0,0,0,0,0,0,0,0,0,0,0,0,0,0,0,0,0,0,0,0,0,0,0,0,0,0,45,2026-02-05 17:24:54.519251
SPNG,25.07,24.79,25.09,16578.0,18000.0,1028900.0,2054700.0,,,,,,,0,0,0,0,0,0,0,0,0,0,0,0,0,0,0,0,0,0,0,0,0,0,0,0,0,0,0,0,46,2026-02-05 17:24:55.564955
SMMR,24.91,24.9,24.91,,,2091000.0,1866900.0,4000.0,2000.0,6000.0,,,,0,0,0,0,0,0,0,0,0,0,0,0,0,0,0,0,0,0,0,0,0,0,0,0,0,0,0,0,46,2026-02-05 17:24:55.564955
ATMN,25.23,25.37,25.62,,18000.0,1280300.0,2098000.0,,,,6000.0,2250.0,,0,0,0,0,0,0,0,0,0,0,0,0,0,0,0,0,0,0,0,0,0,0,0,0,0,0,0,0,46,2026-02-05 17:24:55.564955
WNTR,24.91,24.84,24.91,5000.0,,1856000.0,1836200.0,1000.0,,6000.0,,,4000.0,0,0,0,0,0,0,0,0,0,0,0,0,0,0,0,0,0,0,0,0,0,0,0,0,0,0,0,0,46,2026-02-05 17:24:55.564955
SPNG,25.07,24.77,25.21,10736.0,1599700.0,9000.0,2029300.0,,,,0,0,0,0,0,0,0,0,0,0,0,0,0,0,0,0,0,0,0,0,0,0,0,0,0,0,0,0,0,0,0,47,2026-02-05 17:24:56.602613
SMMR,24.91,24.9,24.91,,2072200.0,,2080700.0,3000.0,,,0,0,0,0,0,0,0,0,0,0,0,0,0,0,0,0,0,0,0,0,0,0,0,0,0,0,0,0,0,0,0,47,2026-02-05 17:24:56.602613
ATMN,25.3,25.18,25.3,,1401200.0,18000.0,1461000.0,,9997.0,6750.0,0,0,0,0,0,0,0,0,0,0,0,0,0,0,0,0,0,0,0,0,0,0,0,0,0,0,0,0,0,0,0,47,2026-02-05 17:24:56.602613
WNTR,25.03,24.87,25.03,7359.0,1596700.0,,2106800.0,5000.0,,,0,0,0,0,0,0,0,0,0,0,0,0,0,0,0,0,0,0,0,0,0,0,0,0,0,0,0,0,0,0,0,47,2026-02-05 17:24:56.602613
SPNG,25.1,25.1,25.2,1410900.0,2131.0,12000.0,3000.0,1916600.0,,,,0,0,0,0,0,0,0,0,0,0,0,0,0,0,0,0,0,0,0,0,0,0,0,0,0,0,0,0,0,0,48,2026-02-05 17:24:57.639531
SMMR,24.91,24.9,24.91,2179500.0,,,,2117400.0,,,,0,0,0,0,0,0,0,0,0,0,0,0,0,0,0,0,0,0,0,0,0,0,0,0,0,0,0,0,0,0,48,2026-02-05 17:24:57.639531
ATMN,25.64,25.22,25.54,1150700.0,5000.0,18000.0,,1810800.0,6000.0,8498.0,,0,0,0,0,0,0,0,0,0,0,0,0,0,0,0,0,0,0,0,0,0,0,0,0,0,0,0,0,0,0,48,2026-02-05 17:24:57.639531
WNTR,25.02,24.88,25.01,1661600.0,10888.0,,,1929000.0,,5000.0,4000.0,0,0,0,0,0,0,0,0,0,0,0,0,0,0,0,0,0,0,0,0,0,0,0,0,0,0,0,0,0,0,48,2026-02-05 17:24:57.639531
SPNG,24.68,24.68,25.02,1492100.0,5000.0,15000.0,6000.0,1493400.0,5714.0,,,0,0,0,0,0,0,0,0,0,0,0,0,0,0,0,0,0,0,0,0,0,0,0,0,0,0,0,0,0,0,49,2026-02-05 17:24:58.676209
SMMR,24.91,24.9,24.91,2135800.0,,,,2043900.0,,6000.0,,0,0,0,0,0,0,0,0,0,0,0,0,0,0,0,0,0,0,0,0,0,0,0,0,0,0,0,0,0,0,49,2026-02-05 17:24:58.676209
ATMN,25.64,25.24,25.32,1508900.0,5000.0,13500.0,,1855500.0,8498.0,,,0,0,0,0,0,0,0,0,0,0,0,0,0,0,0,0,0,0,0,0,0,0,0,0,0,0,0,0,0,0,49,2026-02-05 17:24:58.676209
WNTR,25.0,24.89,24.99,1663500.0,10888.0,,,1824400.0,5000.0,6000.0,1734.0,0,0,0,0,0,0,0,0,0,0,0,0,0,0,0,0,0,0,0,0,0,0,0,0,0,0,0,0,0,0,49,2026-02-05 17:24:58.676209
SPNG,25.07,24.73,25.07,5000.0,1373400.0,18000.0,6000.0,5000.0,1815500.0,,0,0,0,0,0,0,0,0,0,0,0,0,0,0,0,0,0,0,0,0,0,0,0,0,0,0,0,0,0,0,0,50,2026-02-05 17:24:59.712164
SMMR,25.04,24.88,25.04,,2198600.0,,6000.0,,2009700.0,,0,0,0,0,0,0,0,0,0,0,0,0,0,0,0,0,0,0,0,0,0,0,0,0,0,0,0,0,0,0,0,50,2026-02-05 17:24:59.712164
ATMN,25.0,24.98,25.0,,2149100.0,4500.0,,8498.0,1889900.0,,0,0,0,0,0,0,0,0,0,0,0,0,0,0,0,0,0,0,0,0,0,0,0,0,0,0,0,0,0,0,0,50,2026-02-05 17:24:59.712164
WNTR,24.98,24.95,24.98,10888.0,1545800.0,,6000.0,,2020500.0,1604.0,0,0,0,0,0,0,0,0,0,0,0,0,0,0,0,0,0,0,0,0,0,0,0,0,0,0,0,0,0,0,0,50,2026-02-05 17:24:59.712164
SPNG,24.71,25.09,25.25,3740.0,1500600.0,12000.0,5000.0,1902500.0,,,,0,0,0,0,0,0,0,0,0,0,0,0,0,0,0,0,0,0,0,0,0,0,0,0,0,0,0,0,0,0,51,2026-02-05 17:25:00.753608
SMMR,25.04,24.89,24.97,5786.0,1948700.0,,,2009700.0,100.0,,,0,0,0,0,0,0,0,0,0,0,0,0,0,0,0,0,0,0,0,0,0,0,0,0,0,0,0,0,0,0,51,2026-02-05 17:25:00.753608
ATMN,25.0,25.26,25.31,,2014900.0,6750.0,8498.0,1770600.0,,6000.0,,0,0,0,0,0,0,0,0,0,0,0,0,0,0,0,0,0,0,0,0,0,0,0,0,0,0,0,0,0,0,51,2026-02-05 17:25:00.753608
WNTR,25.02,24.97,25.02,19534.0,1572400.0,,5000.0,2020300.0,,,2234.0,0,0,0,0,0,0,0,0,0,0,0,0,0,0,0,0,0,0,0,0,0,0,0,0,0,0,0,0,0,0,51,2026-02-05 17:25:00.753608
SPNG,24.69,24.69,25.08,5000.0,12000.0,1606900.0,6000.0,1390900.0,11014.0,3000.0,,,,0,0,0,0,0,0,0,0,0,0,0,0,0,0,0,0,0,0,0,0,0,0,0,0,0,0,0,0,52,2026-02-05 17:25:01.788440
SMMR,24.94,24.9,24.91,13382.0,,1723000.0,6000.0,1967200.0,5000.0,,,,,0,0,0,0,0,0,0,0,0,0,0,0,0,0,0,0,0,0,0,0,0,0,0,0,0,0,0,0,52,2026-02-05 17:25:01.788440
ATMN,25.33,25.38,25.43,5000.0,11250.0,1471300.0,,2183700.0,,2250.0,500.0,,,0,0,0,0,0,0,0,0,0,0,0,0,0,0,0,0,0,0,0,0,0,0,0,0,0,0,0,0,52,2026-02-05 17:25:01.788440
WNTR,24.95,24.95,24.96,10570.0,,1777900.0,6000.0,1945800.0,,,,2030.0,2030.0,0,0,0,0,0,0,0,0,0,0,0,0,0,0,0,0,0,0,0,0,0,0,0,0,0,0,0,0,52,2026-02-05 17:25:01.788440
SPNG,24.54,25.06,25.07,6000.0,1926100.0,3000.0,11014.0,6000.0,6000.0,1304000.0,,,,0,0,0,0,0,0,0,0,0,0,0,0,0,0,0,0,0,0,0,0,0,0,0,0,0,0,0,0,53,2026-02-05 17:25:02.819056
SMMR,24.86,24.9,24.94,,1986900.0,,5000.0,6000.0,,1949800.0,5000.0,939.0,,0,0,0,0,0,0,0,0,0,0,0,0,0,0,0,0,0,0,0,0,0,0,0,0,0,0,0,0,53,2026-02-05 17:25:02.819056
ATMN,25.38,25.39,25.43,6000.0,1357400.0,13500.0,,,4500.0,2121500.0,5000.0,,,0,0,0,0,0,0,0,0,0,0,0,0,0,0,0,0,0,0,0,0,0,0,0,0,0,0,0,0,53,2026-02-05 17:25:02.819056
WNTR,25.03,24.97,25.02,,1550000.0,,,6000.0,,1945000.0,11716.0,939.0,939.0,0,0,0,0,0,0,0,0,0,0,0,0,0,0,0,0,0,0,0,0,0,0,0,0,0,0,0,0,53,2026-02-05 17:25:02.819056
SPNG,25.21,24.54,25.21,2105200.0,1928200.0,3000.0,,,,0,0,0,0,0,0,0,0,0,0,0,0,0,0,0,0,0,0,0,0,0,0,0,0,0,0,0,0,0,0,0,0,54,2026-02-05 17:25:03.868058
SMMR,25.04,24.86,25.04,2129900.0,2132200.0,,311.0,,,0,0,0,0,0,0,0,0,0,0,0,0,0,0,0,0,0,0,0,0,0,0,0,0,0,0,0,0,0,0,0,0,54,2026-02-05 17:25:03.868058
ATMN,25.04,24.98,25.04,1265800.0,2017500.0,6750.0,,13500.0,2700.0,0,0,0,0,0,0,0,0,0,0,0,0,0,0,0,0,0,0,0,0,0,0,0,0,0,0,0,0,0,0,0,0,54,2026-02-05 17:25:03.868058
WNTR,25.03,25.03,25.04,1842000.0,2137300.0,,311.0,,5000.0,0,0,0,0,0,0,0,0,0,0,0,0,0,0,0,0,0,0,0,0,0,0,0,0,0,0,0,0,0,0,0,0,54,2026-02-05 17:25:03.868058
SPNG,25.06,25.06,25.21,6000.0,3000.0,1895000.0,1784100.0,6000.0,,0,0,0,0,0,0,0,0,0,0,0,0,0,0,0,0,0,0,0,0,0,0,0,0,0,0,0,0,0,0,0,0,55,2026-02-05 17:25:04.913234
SMMR,24.84,24.84,24.85,,,2244800.0,2062100.0,,6000.0,0,0,0,0,0,0,0,0,0,0,0,0,0,0,0,0,0,0,0,0,0,0,0,0,0,0,0,0,0,0,0,0,55,2026-02-05 17:25:04.913234
ATMN,25.34,25.29,25.34,500.0,,2231100.0,2131100.0,2250.0,6000.0,0,0,0,0,0,0,0,0,0,0,0,0,0,0,0,0,0,0,0,0,0,0,0,0,0,0,0,0,0,0,0,0,55,2026-02-05 17:25:04.913234
WNTR,25.04,25.03,25.04,6000.0,,1946100.0,2148100.0,,,0,0,0,0,0,0,0,0,0,0,0,0,0,0,0,0,0,0,0,0,0,0,0,0,0,0,0,0,0,0,0,0,55,2026-02-05 17:25:04.913234
SPNG,25.35,24.65,25.25,1898300.0,6000.0,9000.0,1732100.0,,0,0,0,0,0,0,0,0,0,0,0,0,0,0,0,0,0,0,0,0,0,0,0,0,0,0,0,0,0,0,0,0,0,56,2026-02-05 17:25:05.954035
SMMR,24.84,24.84,24.92,2244800.0,,,2042600.0,536.0,0,0,0,0,0,0,0,0,0,0,0,0,0,0,0,0,0,0,0,0,0,0,0,0,0,0,0,0,0,0,0,0,0,56,2026-02-05 17:25:05.954035
ATMN,25.43,24.97,25.43,2363200.0,,2250.0,2263500.0,,0,0,0,0,0,0,0,0,0,0,0,0,0,0,0,0,0,0,0,0,0,0,0,0,0,0,0,0,0,0,0,0,0,56,2026-02-05 17:25:05.954035
WNTR,25.04,25.03,25.04,2068700.0,,,2161300.0,,0,0,0,0,0,0,0,0,0,0,0,0,0,0,0,0,0,0,0,0,0,0,0,0,0,0,0,0,0,0,0,0,0,56,2026-02-05 17:25:05.954035
SPNG,25.4,24.7,25.4,2094300.0,2035000.0,,,0,0,0,0,0,0,0,0,0,0,0,0,0,0,0,0,0,0,0,0,0,0,0,0,0,0,0,0,0,0,0,0,0,0,57,2026-02-05 17:25:07.016375
SMMR,25.09,24.84,24.99,2244800.0,2036100.0,268.0,,0,0,0,0,0,0,0,0,0,0,0,0,0,0,0,0,0,0,0,0,0,0,0,0,0,0,0,0,0,0,0,0,0,0,57,2026-02-05 17:25:07.016375
ATMN,25.45,25.32,25.45,2366600.0,2348900.0,,,0,0,0,0,0,0,0,0,0,0,0,0,0,0,0,0,0,0,0,0,0,0,0,0,0,0,0,0,0,0,0,0,0,0,57,2026-02-05 17:25:07.016375
WNTR,25.0,24.96,25.0,1963400.0,2170700.0,,778.0,0,0,0,0,0,0,0,0,0,0,0,0,0,0,0,0,0,0,0,0,0,0,0,0,0,0,0,0,0,0,0,0,0,0,57,2026-02-05 17:25:07.016375
SPNG,24.7,24.7,25.38,2100300.0,2064100.0,,,0,0,0,0,0,0,0,0,0,0,0,0,0,0,0,0,0,0,0,0,0,0,0,0,0,0,0,0,0,0,0,0,0,0,58,2026-02-05 17:25:07.577638
SMMR,24.83,24.83,24.99,2248100.0,2036100.0,268.0,,0,0,0,0,0,0,0,0,0,0,0,0,0,0,0,0,0,0,0,0,0,0,0,0,0,0,0,0,0,0,0,0,0,0,58,2026-02-05 17:25:07.577638
ATMN,25.32,25.32,25.45,2369500.0,2348900.0,,,0,0,0,0,0,0,0,0,0,0,0,0,0,0,0,0,0,0,0,0,0,0,0,0,0,0,0,0,0,0,0,0,0,0,58,2026-02-05 17:25:07.577638
WNTR,25.02,25.02,25.03,1936200.0,2192800.0,,778.0,0,0,0,0,0,0,0,0,0,0,0,0,0,0,0,0,0,0,0,0,0,0,0,0,0,0,0,0,0,0,0,0,0,0,58,2026-02-05 17:25:07.577638
SPNG,25.01,25.01,25.38,2135500.0,2064100.0,0,0,0,0,0,0,0,0,0,0,0,0,0,0,0,0,0,0,0,0,0,0,0,0,0,0,0,0,0,0,0,0,0,0,0,0,59,2026-02-05 17:25:08.684277
SMMR,24.99,24.83,24.99,2254300.0,2130300.0,0,0,0,0,0,0,0,0,0,0,0,0,0,0,0,0,0,0,0,0,0,0,0,0,0,0,0,0,0,0,0,0,0,0,0,0,59,2026-02-05 17:25:08.684277
ATMN,25.54,25.32,25.54,2364100.0,2334300.0,0,0,0,0,0,0,0,0,0,0,0,0,0,0,0,0,0,0,0,0,0,0,0,0,0,0,0,0,0,0,0,0,0,0,0,0,59,2026-02-05 17:25:08.684277
WNTR,25.03,25.02,25.03,2049500.0,2192800.0,0,0,0,0,0,0,0,0,0,0,0,0,0,0,0,0,0,0,0,0,0,0,0,0,0,0,0,0,0,0,0,0,0,0,0,0,59,2026-02-05 17:25:08.684277
SPNG,24.53,25.59,0.0,200000.0,,0,0,0,0,0,0,0,0,0,0,0,0,0,0,0,0,0,0,0,0,0,0,0,0,0,0,0,0,0,0,0,0,0,0,0,0,60,2026-02-05 17:25:09.747190
SMMR,24.83,25.44,0.0,200000.0,,0,0,0,0,0,0,0,0,0,0,0,0,0,0,0,0,0,0,0,0,0,0,0,0,0,0,0,0,0,0,0,0,0,0,0,0,60,2026-02-05 17:25:09.747190
ATMN,25.42,25.42,25.49,900300.0,890700.0,0,0,0,0,0,0,0,0,0,0,0,0,0,0,0,0,0,0,0,0,0,0,0,0,0,0,0,0,0,0,0,0,0,0,0,0,60,2026-02-05 17:25:09.747190
WNTR,25.05,24.89,0.0,200000.0,,0,0,0,0,0,0,0,0,0,0,0,0,0,0,0,0,0,0,0,0,0,0,0,0,0,0,0,0,0,0,0,0,0,0,0,0,60,2026-02-05 17:25:09.747190
SPNG,24.06,24.06,26.43,1002500.0,698300.0,0,0,0,0,0,0,0,0,0,0,0,0,0,0,0,0,0,0,0,0,0,0,0,0,0,0,0,0,0,0,0,0,0,0,0,0,61,2026-02-05 17:25:10.789463
SMMR,24.83,25.44,25.47,1157200.0,906300.0,0,0,0,0,0,0,0,0,0,0,0,0,0,0,0,0,0,0,0,0,0,0,0,0,0,0,0,0,0,0,0,0,0,0,0,0,61,2026-02-05 17:25:10.789463
ATMN,25.22,25.22,25.49,1035200.0,1025300.0,0,0,0,0,0,0,0,0,0,0,0,0,0,0,0,0,0,0,0,0,0,0,0,0,0,0,0,0,0,0,0,0,0,0,0,0,61,2026-02-05 17:25:10.789463
WNTR,25.06,24.95,25.06,877500.0,962000.0,0,0,0,0,0,0,0,0,0,0,0,0,0,0,0,0,0,0,0,0,0,0,0,0,0,0,0,0,0,0,0,0,0,0,0,0,61,2026-02-05 17:25:10.789463
SPNG,24.06,25.93,26.31,1215700.0,4010.0,759.0,776800.0,0,0,0,0,0,0,0,0,0,0,0,0,0,0,0,0,0,0,0,0,0,0,0,0,0,0,0,0,0,0,0,0,0,0,62,2026-02-05 17:25:11.831030
SMMR,25.47,25.44,25.47,1157200.0,759.0,,1103300.0,0,0,0,0,0,0,0,0,0,0,0,0,0,0,0,0,0,0,0,0,0,0,0,0,0,0,0,0,0,0,0,0,0,0,62,2026-02-05 17:25:11.831030
ATMN,24.88,24.88,25.69,1017000.0,,,900000.0,0,0,0,0,0,0,0,0,0,0,0,0,0,0,0,0,0,0,0,0,0,0,0,0,0,0,0,0,0,0,0,0,0,0,62,2026-02-05 17:25:11.831030
WNTR,24.89,24.89,24.9,861400.0,851.0,759.0,1072500.0,0,0,0,0,0,0,0,0,0,0,0,0,0,0,0,0,0,0,0,0,0,0,0,0,0,0,0,0,0,0,0,0,0,0,62,2026-02-05 17:25:11.831030
SPNG,24.06,24.07,26.2,5000.0,1002500.0,5000.0,961500.0,1610.0,,0,0,0,0,0,0,0,0,0,0,0,0,0,0,0,0,0,0,0,0,0,0,0,0,0,0,0,0,0,0,0,0,63,2026-02-05 17:25:12.899534
SMMR,25.44,25.45,25.47,,1393400.0,,1103300.0,851.0,2461.0,0,0,0,0,0,0,0,0,0,0,0,0,0,0,0,0,0,0,0,0,0,0,0,0,0,0,0,0,0,0,0,0,63,2026-02-05 17:25:12.899534
ATMN,25.95,25.31,25.38,,1017000.0,,958300.0,,1702.0,0,0,0,0,0,0,0,0,0,0,0,0,0,0,0,0,0,0,0,0,0,0,0,0,0,0,0,0,0,0,0,0,63,2026-02-05 17:25:12.899534
WNTR,24.89,24.89,24.9,,869800.0,,1294000.0,1610.0,851.0,0,0,0,0,0,0,0,0,0,0,0,0,0,0,0,0,0,0,0,0,0,0,0,0,0,0,0,0,0,0,0,0,63,2026-02-05 17:25:12.899534
SPNG,26.21,24.18,25.55,5000.0,698.0,6000.0,1297900.0,5000.0,4408.0,961500.0,3000.0,0,0,0,0,0,0,0,0,0,0,0,0,0,0,0,0,0,0,0,0,0,0,0,0,0,0,0,0,0,0,64,2026-02-05 17:25:13.938992
SMMR,25.47,25.47,25.48,,1396.0,,1616600.0,,698.0,1093400.0,,0,0,0,0,0,0,0,0,0,0,0,0,0,0,0,0,0,0,0,0,0,0,0,0,0,0,0,0,0,0,64,2026-02-05 17:25:13.938992
ATMN,25.95,25.33,25.36,5000.0,1396.0,2250.0,1412900.0,5000.0,698.0,958300.0,2250.0,0,0,0,0,0,0,0,0,0,0,0,0,0,0,0,0,0,0,0,0,0,0,0,0,0,0,0,0,0,0,64,2026-02-05 17:25:13.938992
WNTR,24.85,24.85,24.86,,543.0,,973200.0,,1784.0,1391500.0,,0,0,0,0,0,0,0,0,0,0,0,0,0,0,0,0,0,0,0,0,0,0,0,0,0,0,0,0,0,0,64,2026-02-05 17:25:13.938992
SPNG,26.21,25.0,26.21,12000.0,5500.0,1554000.0,961500.0,9000.0,,,,0,0,0,0,0,0,0,0,0,0,0,0,0,0,0,0,0,0,0,0,0,0,0,0,0,0,0,0,0,0,65,2026-02-05 17:25:14.978880
SMMR,25.46,25.44,25.46,,,1641300.0,1250100.0,,,,,0,0,0,0,0,0,0,0,0,0,0,0,0,0,0,0,0,0,0,0,0,0,0,0,0,0,0,0,0,0,65,2026-02-05 17:25:14.978880
ATMN,24.87,24.88,25.68,,5000.0,1298100.0,1082000.0,2250.0,5000.0,,,0,0,0,0,0,0,0,0,0,0,0,0,0,0,0,0,0,0,0,0,0,0,0,0,0,0,0,0,0,0,65,2026-02-05 17:25:14.978880
WNTR,24.9,24.86,24.89,,,1198900.0,1306600.0,,,155.0,155.0,0,0,0,0,0,0,0,0,0,0,0,0,0,0,0,0,0,0,0,0,0,0,0,0,0,0,0,0,0,0,65,2026-02-05 17:25:14.978880
SPNG,25.59,25.33,25.59,18000.0,958900.0,5500.0,1418.0,1244000.0,6000.0,2526.0,12000.0,,0,0,0,0,0,0,0,0,0,0,0,0,0,0,0,0,0,0,0,0,0,0,0,0,0,0,0,0,0,66,2026-02-05 17:25:16.021112
SMMR,25.39,25.38,25.39,,1786900.0,,1263.0,1360300.0,6000.0,2681.0,,,0,0,0,0,0,0,0,0,0,0,0,0,0,0,0,0,0,0,0,0,0,0,0,0,0,0,0,0,0,66,2026-02-05 17:25:16.021112
ATMN,25.15,25.15,25.26,2250.0,1553300.0,5000.0,2526.0,1082000.0,250.0,155.0,6750.0,,0,0,0,0,0,0,0,0,0,0,0,0,0,0,0,0,0,0,0,0,0,0,0,0,0,0,0,0,0,66,2026-02-05 17:25:16.021112
WNTR,24.94,24.91,24.93,,1440500.0,,2681.0,1196700.0,6000.0,1263.0,,250.0,0,0,0,0,0,0,0,0,0,0,0,0,0,0,0,0,0,0,0,0,0,0,0,0,0,0,0,0,0,66,2026-02-05 17:25:16.021112
SPNG,25.61,25.34,25.57,11600.0,18000.0,742900.0,5000.0,1160900.0,12000.0,,,,,0,0,0,0,0,0,0,0,0,0,0,0,0,0,0,0,0,0,0,0,0,0,0,0,0,0,0,0,67,2026-02-05 17:25:17.065233
SMMR,25.38,25.38,25.39,,,1929800.0,,1360300.0,,947.0,1894.0,6000.0,,0,0,0,0,0,0,0,0,0,0,0,0,0,0,0,0,0,0,0,0,0,0,0,0,0,0,0,0,67,2026-02-05 17:25:17.065233
ATMN,25.68,25.18,25.19,12315.0,6750.0,1295700.0,,1082000.0,9000.0,1894.0,947.0,6000.0,6000.0,0,0,0,0,0,0,0,0,0,0,0,0,0,0,0,0,0,0,0,0,0,0,0,0,0,0,0,0,67,2026-02-05 17:25:17.065233
WNTR,24.91,24.86,24.87,,,1630500.0,,1288900.0,,,947.0,6000.0,,0,0,0,0,0,0,0,0,0,0,0,0,0,0,0,0,0,0,0,0,0,0,0,0,0,0,0,0,67,2026-02-05 17:25:17.065233
SPNG,25.32,25.32,25.6,1300800.0,6400.0,947.0,15000.0,6000.0,15000.0,1160900.0,,,0,0,0,0,0,0,0,0,0,0,0,0,0,0,0,0,0,0,0,0,0,0,0,0,0,0,0,0,0,68,2026-02-05 17:25:17.611021
SMMR,25.38,25.38,25.39,2146800.0,,947.0,,6000.0,,1360300.0,1894.0,,0,0,0,0,0,0,0,0,0,0,0,0,0,0,0,0,0,0,0,0,0,0,0,0,0,0,0,0,0,68,2026-02-05 17:25:17.611021
ATMN,25.42,25.31,25.42,1190200.0,10852.0,1894.0,9000.0,6000.0,11250.0,1082000.0,,6000.0,0,0,0,0,0,0,0,0,0,0,0,0,0,0,0,0,0,0,0,0,0,0,0,0,0,0,0,0,0,68,2026-02-05 17:25:17.611021
WNTR,24.94,24.86,24.94,1630500.0,,,,,,1196700.0,,,0,0,0,0,0,0,0,0,0,0,0,0,0,0,0,0,0,0,0,0,0,0,0,0,0,0,0,0,0,68,2026-02-05 17:25:17.611021
SPNG,25.32,25.58,25.59,706.0,2569.0,9400.0,730300.0,18000.0,5000.0,6000.0,987600.0,18000.0,811.0,0,0,0,0,0,0,0,0,0,0,0,0,0,0,0,0,0,0,0,0,0,0,0,0,0,0,0,0,69,2026-02-05 17:25:18.660573
SMMR,25.57,25.59,25.76,6000.0,1758.0,5000.0,1917000.0,,5000.0,,1022400.0,,,0,0,0,0,0,0,0,0,0,0,0,0,0,0,0,0,0,0,0,0,0,0,0,0,0,0,0,0,69,2026-02-05 17:25:18.660573
ATMN,25.69,25.5,25.68,5553.0,1894.0,7494.0,1092400.0,11250.0,,,1082000.0,4500.0,,0,0,0,0,0,0,0,0,0,0,0,0,0,0,0,0,0,0,0,0,0,0,0,0,0,0,0,0,69,2026-02-05 17:25:18.660573
WNTR,24.94,24.9,24.93,6000.0,811.0,5000.0,1809400.0,,5000.0,6000.0,1413400.0,,811.0,0,0,0,0,0,0,0,0,0,0,0,0,0,0,0,0,0,0,0,0,0,0,0,0,0,0,0,0,69,2026-02-05 17:25:18.660573
SPNG,25.59,25.34,25.59,14900.0,828300.0,24000.0,987600.0,100.0,6000.0,21000.0,,,,0,0,0,0,0,0,0,0,0,0,0,0,0,0,0,0,0,0,0,0,0,0,0,0,0,0,0,0,70,2026-02-05 17:25:19.708525
SMMR,25.61,25.61,25.73,5000.0,2022200.0,,1488500.0,9666.0,,,9666.0,6000.0,10500.0,0,0,0,0,0,0,0,0,0,0,0,0,0,0,0,0,0,0,0,0,0,0,0,0,0,0,0,0,70,2026-02-05 17:25:19.708525
ATMN,25.67,25.62,25.67,,1444000.0,13500.0,1309500.0,3966.0,,,5949.0,6000.0,,0,0,0,0,0,0,0,0,0,0,0,0,0,0,0,0,0,0,0,0,0,0,0,0,0,0,0,0,70,2026-02-05 17:25:19.708525
WNTR,24.94,24.91,24.92,5000.0,1822800.0,,1607000.0,10000.0,6000.0,,10000.0,6000.0,5000.0,0,0,0,0,0,0,0,0,0,0,0,0,0,0,0,0,0,0,0,0,0,0,0,0,0,0,0,0,70,2026-02-05 17:25:19.708525
SPNG,25.19,25.19,25.59,1269900.0,24000.0,906400.0,100.0,6000.0,24000.0,,,,,0,0,0,0,0,0,0,0,0,0,0,0,0,0,0,0,0,0,0,0,0,0,0,0,0,0,0,0,71,2026-02-05 17:25:20.752530
SMMR,25.37,25.36,25.37,1912400.0,,1570700.0,9957.0,,,11580.0,,,,0,0,0,0,0,0,0,0,0,0,0,0,0,0,0,0,0,0,0,0,0,0,0,0,0,0,0,0,71,2026-02-05 17:25:20.752530
ATMN,25.67,25.66,25.67,977400.0,13500.0,1492600.0,3966.0,,,,7994.0,6049.0,6000.0,0,0,0,0,0,0,0,0,0,0,0,0,0,0,0,0,0,0,0,0,0,0,0,0,0,0,0,0,71,2026-02-05 17:25:20.752530
WNTR,24.94,24.91,24.94,1705600.0,,1713200.0,,6000.0,,,5000.0,12635.0,6000.0,0,0,0,0,0,0,0,0,0,0,0,0,0,0,0,0,0,0,0,0,0,0,0,0,0,0,0,0,71,2026-02-05 17:25:20.752530
SPNG,25.05,25.48,25.55,951500.0,5000.0,100.0,27000.0,16215.0,200.0,468700.0,27000.0,,0,0,0,0,0,0,0,0,0,0,0,0,0,0,0,0,0,0,0,0,0,0,0,0,0,0,0,0,0,72,2026-02-05 17:25:21.794427
SMMR,25.51,25.51,25.52,2114200.0,,231.0,,7520.0,9957.0,1578400.0,,6000.0,0,0,0,0,0,0,0,0,0,0,0,0,0,0,0,0,0,0,0,0,0,0,0,0,0,0,0,0,0,72,2026-02-05 17:25:21.794427
ATMN,25.66,25.62,25.66,1444000.0,7994.0,6049.0,6750.0,,7819.0,1697500.0,,,0,0,0,0,0,0,0,0,0,0,0,0,0,0,0,0,0,0,0,0,0,0,0,0,0,0,0,0,0,72,2026-02-05 17:25:21.794427
WNTR,24.99,24.92,24.99,2064300.0,,9672.0,,,,1590100.0,,,0,0,0,0,0,0,0,0,0,0,0,0,0,0,0,0,0,0,0,0,0,0,0,0,0,0,0,0,0,72,2026-02-05 17:25:21.794427
SPNG,25.0,25.0,25.54,21000.0,1420500.0,6000.0,19473.0,1005700.0,12000.0,,,,,0,0,0,0,0,0,0,0,0,0,0,0,0,0,0,0,0,0,0,0,0,0,0,0,0,0,0,0,73,2026-02-05 17:25:22.837003
SMMR,25.51,25.51,25.52,,2081400.0,6000.0,7520.0,1688400.0,,7249.0,6000.0,4801.0,,0,0,0,0,0,0,0,0,0,0,0,0,0,0,0,0,0,0,0,0,0,0,0,0,0,0,0,0,73,2026-02-05 17:25:22.837003
ATMN,25.69,25.63,25.65,11250.0,1185000.0,,,1484600.0,4500.0,100.0,6000.0,1983.0,7994.0,0,0,0,0,0,0,0,0,0,0,0,0,0,0,0,0,0,0,0,0,0,0,0,0,0,0,0,0,73,2026-02-05 17:25:22.837003
WNTR,24.94,24.93,24.94,,1936000.0,4081.0,5000.0,1724300.0,,,6000.0,10000.0,5000.0,0,0,0,0,0,0,0,0,0,0,0,0,0,0,0,0,0,0,0,0,0,0,0,0,0,0,0,0,73,2026-02-05 17:25:22.837003
SPNG,25.7,25.7,26.05,1155800.0,6000.0,21000.0,100.0,1332500.0,,,,,0,0,0,0,0,0,0,0,0,0,0,0,0,0,0,0,0,0,0,0,0,0,0,0,0,0,0,0,0,74,2026-02-05 17:25:23.876635
SMMR,25.36,25.36,25.41,2119100.0,,,,1578400.0,7520.0,14467.0,6000.0,,0,0,0,0,0,0,0,0,0,0,0,0,0,0,0,0,0,0,0,0,0,0,0,0,0,0,0,0,0,74,2026-02-05 17:25:23.876635
ATMN,25.56,25.63,25.65,1631700.0,6000.0,9000.0,1983.0,1371100.0,2398.0,3966.0,,6750.0,0,0,0,0,0,0,0,0,0,0,0,0,0,0,0,0,0,0,0,0,0,0,0,0,0,0,0,0,0,74,2026-02-05 17:25:23.876635
WNTR,24.86,24.86,24.93,2096300.0,,,,1333500.0,10500.0,16328.0,1919.0,,0,0,0,0,0,0,0,0,0,0,0,0,0,0,0,0,0,0,0,0,0,0,0,0,0,0,0,0,0,74,2026-02-05 17:25:23.876635
SPNG,25.42,25.3,25.41,1260200.0,24000.0,9749.0,1192300.0,6000.0,6000.0,,,,0,0,0,0,0,0,0,0,0,0,0,0,0,0,0,0,0,0,0,0,0,0,0,0,0,0,0,0,0,75,2026-02-05 17:25:24.940544
SMMR,25.41,25.37,25.4,2245100.0,,5000.0,1804600.0,6000.0,,8324.0,766.0,,0,0,0,0,0,0,0,0,0,0,0,0,0,0,0,0,0,0,0,0,0,0,0,0,0,0,0,0,0,75,2026-02-05 17:25:24.940544
ATMN,25.69,25.68,25.69,1547600.0,13500.0,,1921100.0,,,,,6000.0,0,0,0,0,0,0,0,0,0,0,0,0,0,0,0,0,0,0,0,0,0,0,0,0,0,0,0,0,0,75,2026-02-05 17:25:24.940544
WNTR,24.9,24.88,24.89,2096300.0,,10500.0,1317000.0,6000.0,,1195.0,182.0,,0,0,0,0,0,0,0,0,0,0,0,0,0,0,0,0,0,0,0,0,0,0,0,0,0,0,0,0,0,75,2026-02-05 17:25:24.940544
SPNG,25.42,25.52,25.54,6000.0,21000.0,1274700.0,6000.0,1424300.0,,,,,,0,0,0,0,0,0,0,0,0,0,0,0,0,0,0,0,0,0,0,0,0,0,0,0,0,0,0,0,76,2026-02-05 17:25:26.009933
SMMR,25.45,25.38,25.45,6000.0,,2110300.0,6000.0,1904800.0,8324.0,8628.0,,,,0,0,0,0,0,0,0,0,0,0,0,0,0,0,0,0,0,0,0,0,0,0,0,0,0,0,0,0,76,2026-02-05 17:25:26.009933
ATMN,25.68,25.61,25.68,6000.0,6750.0,1744300.0,,1690500.0,,8728.0,5000.0,5000.0,4500.0,0,0,0,0,0,0,0,0,0,0,0,0,0,0,0,0,0,0,0,0,0,0,0,0,0,0,0,0,76,2026-02-05 17:25:26.009933
WNTR,24.9,24.88,24.89,,,1981400.0,6000.0,1240900.0,2433.0,10182.0,,10500.0,,0,0,0,0,0,0,0,0,0,0,0,0,0,0,0,0,0,0,0,0,0,0,0,0,0,0,0,0,76,2026-02-05 17:25:26.009933
SPNG,26.0,25.8,25.99,10554.0,3000.0,1611200.0,5000.0,1509400.0,,,,,,0,0,0,0,0,0,0,0,0,0,0,0,0,0,0,0,0,0,0,0,0,0,0,0,0,0,0,0,77,2026-02-05 17:25:27.125633
SMMR,25.58,25.57,25.58,,,2068700.0,38.0,1782900.0,6000.0,8324.0,3789.0,,,0,0,0,0,0,0,0,0,0,0,0,0,0,0,0,0,0,0,0,0,0,0,0,0,0,0,0,0,77,2026-02-05 17:25:27.125633
ATMN,25.51,25.65,25.67,7612.0,9000.0,1187800.0,5000.0,1582600.0,6000.0,2241.0,8728.0,5883.0,4500.0,0,0,0,0,0,0,0,0,0,0,0,0,0,0,0,0,0,0,0,0,0,0,0,0,0,0,0,0,77,2026-02-05 17:25:27.125633
WNTR,24.83,24.88,24.89,,,1863800.0,10500.0,1130900.0,,840.0,19061.0,6000.0,,0,0,0,0,0,0,0,0,0,0,0,0,0,0,0,0,0,0,0,0,0,0,0,0,0,0,0,0,77,2026-02-05 17:25:27.125633
SPNG,25.52,25.0,25.44,2263300.0,7768.0,1542100.0,3000.0,,,,,,0,0,0,0,0,0,0,0,0,0,0,0,0,0,0,0,0,0,0,0,0,0,0,0,0,0,0,0,0,78,2026-02-05 17:25:27.781316
SMMR,25.54,25.55,25.58,1858200.0,,1782900.0,,5464.0,6000.0,,,,0,0,0,0,0,0,0,0,0,0,0,0,0,0,0,0,0,0,0,0,0,0,0,0,0,0,0,0,0,78,2026-02-05 17:25:27.781316
ATMN,25.49,25.49,25.67,2196900.0,5000.0,1582600.0,6750.0,,,2250.0,6000.0,,0,0,0,0,0,0,0,0,0,0,0,0,0,0,0,0,0,0,0,0,0,0,0,0,0,0,0,0,0,78,2026-02-05 17:25:27.781316
WNTR,24.88,24.83,24.85,1863800.0,10500.0,1455700.0,,,,,6000.0,274.0,0,0,0,0,0,0,0,0,0,0,0,0,0,0,0,0,0,0,0,0,0,0,0,0,0,0,0,0,0,78,2026-02-05 17:25:27.781316
SPNG,25.66,25.66,25.68,1819900.0,500.0,5000.0,100.0,1706300.0,3000.0,,,,0,0,0,0,0,0,0,0,0,0,0,0,0,0,0,0,0,0,0,0,0,0,0,0,0,0,0,0,0,79,2026-02-05 17:25:28.888008
SMMR,25.48,25.48,25.57,1873900.0,6000.0,5464.0,,2003400.0,,6421.0,,,0,0,0,0,0,0,0,0,0,0,0,0,0,0,0,0,0,0,0,0,0,0,0,0,0,0,0,0,0,79,2026-02-05 17:25:28.888008
ATMN,25.72,25.27,25.41,2183500.0,,5000.0,,1916000.0,2250.0,,5000.0,,0,0,0,0,0,0,0,0,0,0,0,0,0,0,0,0,0,0,0,0,0,0,0,0,0,0,0,0,0,79,2026-02-05 17:25:28.888008
WNTR,24.82,24.82,24.84,1873600.0,,,3366.0,1445200.0,,9617.0,10500.0,6000.0,0,0,0,0,0,0,0,0,0,0,0,0,0,0,0,0,0,0,0,0,0,0,0,0,0,0,0,0,0,79,2026-02-05 17:25:28.888008
SPNG,25.28,25.28,25.32,1690600.0,261.0,100.0,9000.0,1390600.0,500.0,5001.0,,,,0,0,0,0,0,0,0,0,0,0,0,0,0,0,0,0,0,0,0,0,0,0,0,0,0,0,0,0,80,2026-02-05 17:25:29.924883
SMMR,25.62,25.57,25.58,1621900.0,10964.0,17847.0,,2137000.0,,,6000.0,,,0,0,0,0,0,0,0,0,0,0,0,0,0,0,0,0,0,0,0,0,0,0,0,0,0,0,0,0,80,2026-02-05 17:25:29.924883
ATMN,25.64,25.5,25.64,1750800.0,19943.0,845.0,2250.0,1953400.0,6000.0,,,2250.0,,0,0,0,0,0,0,0,0,0,0,0,0,0,0,0,0,0,0,0,0,0,0,0,0,0,0,0,0,80,2026-02-05 17:25:29.924883
WNTR,24.82,24.82,24.83,1963700.0,,11477.0,,1556100.0,6000.0,6083.0,,,11000.0,0,0,0,0,0,0,0,0,0,0,0,0,0,0,0,0,0,0,0,0,0,0,0,0,0,0,0,0,80,2026-02-05 17:25:29.924883
SPNG,25.39,25.28,25.39,1677900.0,261.0,3000.0,1557200.0,6000.0,6000.0,,,,,0,0,0,0,0,0,0,0,0,0,0,0,0,0,0,0,0,0,0,0,0,0,0,0,0,0,0,0,81,2026-02-05 17:25:30.960581
SMMR,25.58,25.48,25.58,2236800.0,,,2132600.0,,,6000.0,,,,0,0,0,0,0,0,0,0,0,0,0,0,0,0,0,0,0,0,0,0,0,0,0,0,0,0,0,0,81,2026-02-05 17:25:30.960581
ATMN,25.71,25.27,25.59,2089400.0,5000.0,2250.0,1553900.0,6000.0,4500.0,,4788.0,,,0,0,0,0,0,0,0,0,0,0,0,0,0,0,0,0,0,0,0,0,0,0,0,0,0,0,0,0,81,2026-02-05 17:25:30.960581
WNTR,24.89,24.86,24.88,1942500.0,5000.0,,1736900.0,6000.0,,,5000.0,10000.0,1047.0,0,0,0,0,0,0,0,0,0,0,0,0,0,0,0,0,0,0,0,0,0,0,0,0,0,0,0,0,81,2026-02-05 17:25:30.960581
SPNG,25.02,25.02,25.38,2190400.0,6000.0,6000.0,1535700.0,,,,,,,0,0,0,0,0,0,0,0,0,0,0,0,0,0,0,0,0,0,0,0,0,0,0,0,0,0,0,0,82,2026-02-05 17:25:31.995258
SMMR,25.58,25.49,25.55,1628800.0,,,2034800.0,3883.0,2211.0,6000.0,9788.0,,,0,0,0,0,0,0,0,0,0,0,0,0,0,0,0,0,0,0,0,0,0,0,0,0,0,0,0,0,82,2026-02-05 17:25:31.995258
ATMN,25.63,25.57,25.58,2079500.0,9000.0,6000.0,1235900.0,,,6000.0,7958.0,2250.0,4788.0,0,0,0,0,0,0,0,0,0,0,0,0,0,0,0,0,0,0,0,0,0,0,0,0,0,0,0,0,82,2026-02-05 17:25:31.995258
WNTR,24.79,24.79,24.86,1738000.0,,6000.0,1649300.0,,,,9476.0,,5000.0,0,0,0,0,0,0,0,0,0,0,0,0,0,0,0,0,0,0,0,0,0,0,0,0,0,0,0,0,82,2026-02-05 17:25:31.995258
SPNG,25.02,25.04,25.43,5000.0,3000.0,1935000.0,6000.0,5000.0,1360900.0,9000.0,,,,0,0,0,0,0,0,0,0,0,0,0,0,0,0,0,0,0,0,0,0,0,0,0,0,0,0,0,0,83,2026-02-05 17:25:33.028185
SMMR,25.48,25.48,25.53,1548.0,,1751600.0,,,1929600.0,,468.0,6000.0,16954.0,0,0,0,0,0,0,0,0,0,0,0,0,0,0,0,0,0,0,0,0,0,0,0,0,0,0,0,0,83,2026-02-05 17:25:33.028185
ATMN,25.57,25.36,25.47,,4500.0,2067100.0,6000.0,4788.0,1120900.0,9000.0,,,8058.0,0,0,0,0,0,0,0,0,0,0,0,0,0,0,0,0,0,0,0,0,0,0,0,0,0,0,0,0,83,2026-02-05 17:25:33.028185
WNTR,24.89,24.88,24.9,,,1842600.0,6000.0,,1964500.0,,,,,0,0,0,0,0,0,0,0,0,0,0,0,0,0,0,0,0,0,0,0,0,0,0,0,0,0,0,0,83,2026-02-05 17:25:33.028185
SPNG,25.42,25.51,25.67,5000.0,1780200.0,6000.0,5000.0,1347400.0,12000.0,,,,0,0,0,0,0,0,0,0,0,0,0,0,0,0,0,0,0,0,0,0,0,0,0,0,0,0,0,0,0,84,2026-02-05 17:25:34.081453
SMMR,25.46,25.46,25.49,563.0,2145300.0,,,2151400.0,,6000.0,,,0,0,0,0,0,0,0,0,0,0,0,0,0,0,0,0,0,0,0,0,0,0,0,0,0,0,0,0,0,84,2026-02-05 17:25:34.081453
ATMN,25.72,25.37,25.72,,1839200.0,9000.0,,2133100.0,,,,,0,0,0,0,0,0,0,0,0,0,0,0,0,0,0,0,0,0,0,0,0,0,0,0,0,0,0,0,0,84,2026-02-05 17:25:34.081453
WNTR,24.82,24.79,24.81,,1738000.0,,4950.0,1560700.0,,,7768.0,6000.0,0,0,0,0,0,0,0,0,0,0,0,0,0,0,0,0,0,0,0,0,0,0,0,0,0,0,0,0,0,84,2026-02-05 17:25:34.081453
SPNG,25.0,25.0,25.54,2068500.0,1264.0,5839.0,834800.0,5995.0,18000.0,,,,,0,0,0,0,0,0,0,0,0,0,0,0,0,0,0,0,0,0,0,0,0,0,0,0,0,0,0,0,85,2026-02-05 17:25:35.161080
SMMR,25.46,25.46,25.48,1904600.0,702.0,9660.0,1908000.0,,,563.0,6000.0,,,0,0,0,0,0,0,0,0,0,0,0,0,0,0,0,0,0,0,0,0,0,0,0,0,0,0,0,0,85,2026-02-05 17:25:35.161080
ATMN,25.46,25.6,25.63,1276900.0,8831.0,2514.0,1798500.0,5000.0,,5000.0,5900.0,11250.0,6000.0,0,0,0,0,0,0,0,0,0,0,0,0,0,0,0,0,0,0,0,0,0,0,0,0,0,0,0,0,85,2026-02-05 17:25:35.161080
WNTR,24.81,24.83,24.85,2047700.0,1688.0,15388.0,1465300.0,4950.0,,,,,6000.0,0,0,0,0,0,0,0,0,0,0,0,0,0,0,0,0,0,0,0,0,0,0,0,0,0,0,0,0,85,2026-02-05 17:25:35.161080
SPNG,25.57,25.57,25.68,1892800.0,6000.0,1264.0,1109100.0,100.0,21000.0,,,0,0,0,0,0,0,0,0,0,0,0,0,0,0,0,0,0,0,0,0,0,0,0,0,0,0,0,0,0,0,86,2026-02-05 17:25:35.761266
SMMR,25.44,25.44,25.48,2357400.0,,,1908000.0,9660.0,,,,0,0,0,0,0,0,0,0,0,0,0,0,0,0,0,0,0,0,0,0,0,0,0,0,0,0,0,0,0,0,86,2026-02-05 17:25:35.761266
ATMN,25.36,25.35,25.36,1838100.0,,,1909400.0,2514.0,,9000.0,5000.0,0,0,0,0,0,0,0,0,0,0,0,0,0,0,0,0,0,0,0,0,0,0,0,0,0,0,0,0,0,0,86,2026-02-05 17:25:35.761266
WNTR,24.83,24.82,24.83,2015800.0,,,1578100.0,15388.0,,,4950.0,0,0,0,0,0,0,0,0,0,0,0,0,0,0,0,0,0,0,0,0,0,0,0,0,0,0,0,0,0,0,86,2026-02-05 17:25:35.761266
SPNG,25.58,25.56,25.58,8588.0,6000.0,1580700.0,1264.0,940000.0,1351.0,24000.0,,,,0,0,0,0,0,0,0,0,0,0,0,0,0,0,0,0,0,0,0,0,0,0,0,0,0,0,0,0,87,2026-02-05 17:25:36.807269
SMMR,25.58,25.44,25.57,,6000.0,2112500.0,228.0,1900800.0,,,5338.0,,,0,0,0,0,0,0,0,0,0,0,0,0,0,0,0,0,0,0,0,0,0,0,0,0,0,0,0,0,87,2026-02-05 17:25:36.807269
ATMN,25.39,25.4,25.63,,,1713900.0,4031.0,1905600.0,2514.0,,,9000.0,6000.0,0,0,0,0,0,0,0,0,0,0,0,0,0,0,0,0,0,0,0,0,0,0,0,0,0,0,0,0,87,2026-02-05 17:25:36.807269
WNTR,24.82,24.82,24.83,,,2015800.0,926.0,1411100.0,15388.0,,4950.0,,6000.0,0,0,0,0,0,0,0,0,0,0,0,0,0,0,0,0,0,0,0,0,0,0,0,0,0,0,0,0,87,2026-02-05 17:25:36.807269
SPNG,25.0,25.42,25.45,6000.0,2068500.0,665400.0,21393.0,24000.0,100.0,,,,0,0,0,0,0,0,0,0,0,0,0,0,0,0,0,0,0,0,0,0,0,0,0,0,0,0,0,0,0,88,2026-02-05 17:25:37.852104
SMMR,25.41,25.43,25.53,6000.0,2207500.0,1575300.0,11738.0,,807.0,,,,0,0,0,0,0,0,0,0,0,0,0,0,0,0,0,0,0,0,0,0,0,0,0,0,0,0,0,0,0,88,2026-02-05 17:25:37.852104
ATMN,25.4,25.4,25.63,,1718400.0,1628600.0,5500.0,2250.0,,11250.0,6000.0,,0,0,0,0,0,0,0,0,0,0,0,0,0,0,0,0,0,0,0,0,0,0,0,0,0,0,0,0,0,88,2026-02-05 17:25:37.852104
WNTR,24.82,24.82,24.83,,2051100.0,1651400.0,4950.0,,,,6000.0,8858.0,0,0,0,0,0,0,0,0,0,0,0,0,0,0,0,0,0,0,0,0,0,0,0,0,0,0,0,0,0,88,2026-02-05 17:25:37.852104
SPNG,25.45,25.41,25.45,6000.0,2068500.0,659900.0,6243.0,21393.0,21000.0,,,,,0,0,0,0,0,0,0,0,0,0,0,0,0,0,0,0,0,0,0,0,0,0,0,0,0,0,0,0,89,2026-02-05 17:25:38.909208
SMMR,25.51,25.59,25.62,6000.0,2044100.0,2091400.0,,,,7228.0,,,,0,0,0,0,0,0,0,0,0,0,0,0,0,0,0,0,0,0,0,0,0,0,0,0,0,0,0,0,89,2026-02-05 17:25:38.909208
ATMN,25.34,25.34,25.38,,2059000.0,1520700.0,10000.0,5000.0,6750.0,,4500.0,6000.0,,0,0,0,0,0,0,0,0,0,0,0,0,0,0,0,0,0,0,0,0,0,0,0,0,0,0,0,0,89,2026-02-05 17:25:38.909208
WNTR,24.87,24.82,24.86,,1922800.0,1538600.0,,9950.0,,702.0,,6000.0,5000.0,0,0,0,0,0,0,0,0,0,0,0,0,0,0,0,0,0,0,0,0,0,0,0,0,0,0,0,0,89,2026-02-05 17:25:38.909208
SPNG,24.99,25.41,25.44,2178100.0,15000.0,13115.0,1141800.0,,,,,0,0,0,0,0,0,0,0,0,0,0,0,0,0,0,0,0,0,0,0,0,0,0,0,0,0,0,0,0,0,90,2026-02-05 17:25:39.967130
SMMR,25.47,25.47,25.61,2190200.0,,,2099900.0,6000.0,,,,0,0,0,0,0,0,0,0,0,0,0,0,0,0,0,0,0,0,0,0,0,0,0,0,0,0,0,0,0,0,90,2026-02-05 17:25:39.967130
ATMN,25.62,25.75,25.77,1826900.0,6750.0,,1830100.0,,5000.0,6750.0,,0,0,0,0,0,0,0,0,0,0,0,0,0,0,0,0,0,0,0,0,0,0,0,0,0,0,0,0,0,0,90,2026-02-05 17:25:39.967130
WNTR,24.79,24.79,24.84,1820800.0,,8465.0,1551600.0,,,,6000.0,0,0,0,0,0,0,0,0,0,0,0,0,0,0,0,0,0,0,0,0,0,0,0,0,0,0,0,0,0,0,90,2026-02-05 17:25:39.967130
SPNG,25.31,24.99,25.31,2222500.0,1149800.0,6000.0,5757.0,9538.0,12000.0,,,,0,0,0,0,0,0,0,0,0,0,0,0,0,0,0,0,0,0,0,0,0,0,0,0,0,0,0,0,0,91,2026-02-05 17:25:41.010464
SMMR,25.66,25.49,25.66,1687100.0,2082300.0,,,,,6774.0,6017.0,6000.0,0,0,0,0,0,0,0,0,0,0,0,0,0,0,0,0,0,0,0,0,0,0,0,0,0,0,0,0,0,91,2026-02-05 17:25:41.010464
ATMN,25.81,25.61,25.63,2153400.0,1921200.0,3250.0,572.0,,,,,6000.0,0,0,0,0,0,0,0,0,0,0,0,0,0,0,0,0,0,0,0,0,0,0,0,0,0,0,0,0,0,91,2026-02-05 17:25:41.010464
WNTR,24.76,24.76,24.89,1704200.0,1854100.0,6000.0,,5000.0,,,,,0,0,0,0,0,0,0,0,0,0,0,0,0,0,0,0,0,0,0,0,0,0,0,0,0,0,0,0,0,91,2026-02-05 17:25:41.010464
SPNG,25.01,25.01,25.23,5000.0,6000.0,1674200.0,435.0,10757.0,11556.0,15000.0,780000.0,6000.0,,0,0,0,0,0,0,0,0,0,0,0,0,0,0,0,0,0,0,0,0,0,0,0,0,0,0,0,0,92,2026-02-05 17:25:42.066664
SMMR,25.43,25.41,25.43,7758.0,,1947200.0,,4781.0,5000.0,,1732800.0,1725.0,,0,0,0,0,0,0,0,0,0,0,0,0,0,0,0,0,0,0,0,0,0,0,0,0,0,0,0,0,92,2026-02-05 17:25:42.066664
ATMN,25.6,25.6,25.62,550.0,4500.0,1471900.0,100.0,572.0,,2250.0,1860000.0,6000.0,6000.0,0,0,0,0,0,0,0,0,0,0,0,0,0,0,0,0,0,0,0,0,0,0,0,0,0,0,0,0,92,2026-02-05 17:25:42.066664
WNTR,24.75,24.77,24.86,,,1720700.0,495.0,8550.0,,,1858700.0,6000.0,,0,0,0,0,0,0,0,0,0,0,0,0,0,0,0,0,0,0,0,0,0,0,0,0,0,0,0,0,92,2026-02-05 17:25:42.066664
SPNG,25.41,25.02,25.41,6154.0,12000.0,1328800.0,6000.0,1236000.0,18000.0,,,,,0,0,0,0,0,0,0,0,0,0,0,0,0,0,0,0,0,0,0,0,0,0,0,0,0,0,0,0,93,2026-02-05 17:25:43.120354
SMMR,25.61,25.6,25.61,11207.0,,1569000.0,,2079300.0,,8283.0,6000.0,,,0,0,0,0,0,0,0,0,0,0,0,0,0,0,0,0,0,0,0,0,0,0,0,0,0,0,0,0,93,2026-02-05 17:25:43.120354
ATMN,25.64,25.64,25.65,,,2121300.0,,1752500.0,6750.0,8283.0,2533.0,20.0,,0,0,0,0,0,0,0,0,0,0,0,0,0,0,0,0,0,0,0,0,0,0,0,0,0,0,0,0,93,2026-02-05 17:25:43.120354
WNTR,24.92,24.82,24.89,7978.0,,1477500.0,6000.0,1838300.0,,8781.0,6000.0,,6610.0,0,0,0,0,0,0,0,0,0,0,0,0,0,0,0,0,0,0,0,0,0,0,0,0,0,0,0,0,93,2026-02-05 17:25:43.120354
SPNG,25.5,25.41,25.5,500.0,9923.0,10000.0,15000.0,900100.0,1595200.0,9000.0,,,0,0,0,0,0,0,0,0,0,0,0,0,0,0,0,0,0,0,0,0,0,0,0,0,0,0,0,0,0,94,2026-02-05 17:25:43.747097
SMMR,25.61,25.61,25.66,6000.0,11207.0,8283.0,,1534200.0,2082300.0,,,,0,0,0,0,0,0,0,0,0,0,0,0,0,0,0,0,0,0,0,0,0,0,0,0,0,0,0,0,0,94,2026-02-05 17:25:43.747097
ATMN,25.39,25.34,25.39,,5000.0,8283.0,,2103700.0,1797700.0,6750.0,3950.0,,0,0,0,0,0,0,0,0,0,0,0,0,0,0,0,0,0,0,0,0,0,0,0,0,0,0,0,0,0,94,2026-02-05 17:25:43.747097
WNTR,24.81,24.8,24.81,,6166.0,8781.0,,1833500.0,1810100.0,,6000.0,6610.0,0,0,0,0,0,0,0,0,0,0,0,0,0,0,0,0,0,0,0,0,0,0,0,0,0,0,0,0,0,94,2026-02-05 17:25:43.747097
SPNG,25.5,25.12,25.5,10000.0,21000.0,1214100.0,1771500.0,245.0,,,,,0,0,0,0,0,0,0,0,0,0,0,0,0,0,0,0,0,0,0,0,0,0,0,0,0,0,0,0,0,95,2026-02-05 17:25:44.803436
SMMR,25.62,25.6,25.61,8283.0,,1573600.0,1975200.0,4250.0,11207.0,6000.0,,,0,0,0,0,0,0,0,0,0,0,0,0,0,0,0,0,0,0,0,0,0,0,0,0,0,0,0,0,0,95,2026-02-05 17:25:44.803436
ATMN,25.78,25.72,25.78,8383.0,,1541000.0,1756300.0,,10503.0,17.0,9000.0,,0,0,0,0,0,0,0,0,0,0,0,0,0,0,0,0,0,0,0,0,0,0,0,0,0,0,0,0,0,95,2026-02-05 17:25:44.803436
WNTR,24.82,24.83,24.89,,,1923400.0,1838300.0,6610.0,5000.0,,,6000.0,0,0,0,0,0,0,0,0,0,0,0,0,0,0,0,0,0,0,0,0,0,0,0,0,0,0,0,0,0,95,2026-02-05 17:25:44.803436
SPNG,25.29,25.22,25.29,7373.0,10100.0,27000.0,512100.0,1597000.0,6000.0,454.0,,,0,0,0,0,0,0,0,0,0,0,0,0,0,0,0,0,0,0,0,0,0,0,0,0,0,0,0,0,0,96,2026-02-05 17:25:45.887300
SMMR,25.66,25.6,25.66,11207.0,9799.0,,1446800.0,2087000.0,,,6000.0,,0,0,0,0,0,0,0,0,0,0,0,0,0,0,0,0,0,0,0,0,0,0,0,0,0,0,0,0,0,96,2026-02-05 17:25:45.887300
ATMN,25.81,25.57,25.81,14903.0,8383.0,2250.0,1310100.0,2125100.0,,,6000.0,,0,0,0,0,0,0,0,0,0,0,0,0,0,0,0,0,0,0,0,0,0,0,0,0,0,0,0,0,0,96,2026-02-05 17:25:45.887300
WNTR,24.86,24.86,24.88,,474.0,,1992500.0,1435200.0,6000.0,6610.0,,13044.0,0,0,0,0,0,0,0,0,0,0,0,0,0,0,0,0,0,0,0,0,0,0,0,0,0,0,0,0,0,96,2026-02-05 17:25:45.887300
SPNG,25.29,25.41,25.5,591900.0,30000.0,100.0,7373.0,1840900.0,,,,,0,0,0,0,0,0,0,0,0,0,0,0,0,0,0,0,0,0,0,0,0,0,0,0,0,0,0,0,0,97,2026-02-05 17:25:46.933307
SMMR,25.63,25.5,25.55,2035100.0,,8010.0,5000.0,1891100.0,5000.0,153.0,,,0,0,0,0,0,0,0,0,0,0,0,0,0,0,0,0,0,0,0,0,0,0,0,0,0,0,0,0,0,97,2026-02-05 17:25:46.933307
ATMN,25.8,25.59,25.8,1659800.0,4500.0,6187.0,7392.0,1972900.0,,,4500.0,,0,0,0,0,0,0,0,0,0,0,0,0,0,0,0,0,0,0,0,0,0,0,0,0,0,0,0,0,0,97,2026-02-05 17:25:46.933307
WNTR,24.81,24.79,24.8,2057400.0,,8010.0,,1524100.0,803.0,8010.0,,6000.0,0,0,0,0,0,0,0,0,0,0,0,0,0,0,0,0,0,0,0,0,0,0,0,0,0,0,0,0,0,97,2026-02-05 17:25:46.933307
SPNG,25.26,25.38,25.39,6000.0,1136000.0,100.0,21000.0,6000.0,5000.0,1699900.0,,,,0,0,0,0,0,0,0,0,0,0,0,0,0,0,0,0,0,0,0,0,0,0,0,0,0,0,0,0,98,2026-02-05 17:25:47.990140
SMMR,25.56,25.55,25.56,,1823500.0,8010.0,,,,2008900.0,4966.0,153.0,,0,0,0,0,0,0,0,0,0,0,0,0,0,0,0,0,0,0,0,0,0,0,0,0,0,0,0,0,98,2026-02-05 17:25:47.990140
ATMN,25.62,25.62,25.73,6000.0,1874200.0,,6750.0,,10088.0,1244300.0,,6796.0,9000.0,0,0,0,0,0,0,0,0,0,0,0,0,0,0,0,0,0,0,0,0,0,0,0,0,0,0,0,0,98,2026-02-05 17:25:47.990140
WNTR,24.93,24.83,24.88,6000.0,1719900.0,11311.0,,6000.0,11303.0,1432400.0,5000.0,762.0,,0,0,0,0,0,0,0,0,0,0,0,0,0,0,0,0,0,0,0,0,0,0,0,0,0,0,0,0,98,2026-02-05 17:25:47.990140
SPNG,25.39,25.38,25.39,6000.0,18000.0,1357600.0,3092.0,5000.0,1699900.0,,,,,0,0,0,0,0,0,0,0,0,0,0,0,0,0,0,0,0,0,0,0,0,0,0,0,0,0,0,0,99,2026-02-05 17:25:49.037813
SMMR,25.56,25.6,25.62,6000.0,,1803300.0,,,2086500.0,4966.0,,,,0,0,0,0,0,0,0,0,0,0,0,0,0,0,0,0,0,0,0,0,0,0,0,0,0,0,0,0,99,2026-02-05 17:25:49.037813
ATMN,25.68,25.68,25.72,6000.0,2250.0,1954000.0,,13833.0,1244300.0,5000.0,11250.0,,,0,0,0,0,0,0,0,0,0,0,0,0,0,0,0,0,0,0,0,0,0,0,0,0,0,0,0,0,99,2026-02-05 17:25:49.037813
WNTR,24.79,24.81,24.85,,,1904800.0,6000.0,10044.0,1432400.0,5000.0,,6278.0,6278.0,0,0,0,0,0,0,0,0,0,0,0,0,0,0,0,0,0,0,0,0,0,0,0,0,0,0,0,0,99,2026-02-05 17:25:49.037813
SPNG,25.27,25.38,25.39,6000.0,1565100.0,12000.0,6000.0,1505700.0,2362.0,,,,,0,0,0,0,0,0,0,0,0,0,0,0,0,0,0,0,0,0,0,0,0,0,0,0,0,0,0,0,100,2026-02-05 17:25:50.082684
SMMR,25.55,25.56,25.59,,1823500.0,,,1879000.0,,8179.0,4966.0,6973.0,,0,0,0,0,0,0,0,0,0,0,0,0,0,0,0,0,0,0,0,0,0,0,0,0,0,0,0,0,100,2026-02-05 17:25:50.082684
ATMN,25.59,25.27,25.56,,2201400.0,,,1256000.0,5000.0,,5000.0,8537.0,15750.0,0,0,0,0,0,0,0,0,0,0,0,0,0,0,0,0,0,0,0,0,0,0,0,0,0,0,0,0,100,2026-02-05 17:25:50.082684
WNTR,24.93,24.83,24.87,6000.0,1457900.0,,6000.0,1869300.0,,13726.0,6006.0,7448.0,,0,0,0,0,0,0,0,0,0,0,0,0,0,0,0,0,0,0,0,0,0,0,0,0,0,0,0,0,100,2026-02-05 17:25:50.082684
SPNG,25.07,24.99,25.07,1720100.0,9000.0,1448300.0,2362.0,1225.0,3000.0,,,,,0,0,0,0,0,0,0,0,0,0,0,0,0,0,0,0,0,0,0,0,0,0,0,0,0,0,0,0,101,2026-02-05 17:25:51.134464
SMMR,25.61,25.58,25.61,1918200.0,,1895000.0,,2432.0,,18179.0,6000.0,,,0,0,0,0,0,0,0,0,0,0,0,0,0,0,0,0,0,0,0,0,0,0,0,0,0,0,0,0,101,2026-02-05 17:25:51.134464
ATMN,25.26,25.37,25.55,2076100.0,,1010200.0,7067.0,,15750.0,7149.0,,6000.0,,0,0,0,0,0,0,0,0,0,0,0,0,0,0,0,0,0,0,0,0,0,0,0,0,0,0,0,0,101,2026-02-05 17:25:51.134464
WNTR,24.93,24.85,24.89,1493200.0,,1859100.0,,10769.0,,15231.0,,,6006.0,0,0,0,0,0,0,0,0,0,0,0,0,0,0,0,0,0,0,0,0,0,0,0,0,0,0,0,0,101,2026-02-05 17:25:51.134464
SPNG,25.49,24.99,25.26,1508100.0,12000.0,960.0,1688600.0,1225.0,3000.0,,,0,0,0,0,0,0,0,0,0,0,0,0,0,0,0,0,0,0,0,0,0,0,0,0,0,0,0,0,0,0,102,2026-02-05 17:25:51.862348
SMMR,25.48,25.48,25.61,2157100.0,,,1905300.0,2432.0,,6000.0,,0,0,0,0,0,0,0,0,0,0,0,0,0,0,0,0,0,0,0,0,0,0,0,0,0,0,0,0,0,0,102,2026-02-05 17:25:51.862348
ATMN,25.37,25.37,25.73,2113800.0,,7149.0,1578300.0,,13500.0,,,0,0,0,0,0,0,0,0,0,0,0,0,0,0,0,0,0,0,0,0,0,0,0,0,0,0,0,0,0,0,102,2026-02-05 17:25:51.862348
WNTR,24.87,24.88,24.89,1367100.0,,15231.0,1857900.0,10769.0,,6000.0,6006.0,0,0,0,0,0,0,0,0,0,0,0,0,0,0,0,0,0,0,0,0,0,0,0,0,0,0,0,0,0,0,102,2026-02-05 17:25:51.862348
SPNG,25.37,25.01,25.18,5000.0,1318200.0,15000.0,100.0,5000.0,6075.0,1505700.0,6000.0,,0,0,0,0,0,0,0,0,0,0,0,0,0,0,0,0,0,0,0,0,0,0,0,0,0,0,0,0,0,103,2026-02-05 17:25:52.920498
SMMR,25.51,25.5,25.51,,2157100.0,,886.0,5498.0,10000.0,1576200.0,,,0,0,0,0,0,0,0,0,0,0,0,0,0,0,0,0,0,0,0,0,0,0,0,0,0,0,0,0,0,103,2026-02-05 17:25:52.920498
ATMN,25.38,25.56,25.59,5000.0,1995600.0,2250.0,,18747.0,773.0,879500.0,15750.0,6000.0,0,0,0,0,0,0,0,0,0,0,0,0,0,0,0,0,0,0,0,0,0,0,0,0,0,0,0,0,0,103,2026-02-05 17:25:52.920498
WNTR,24.96,24.88,24.96,4804.0,1794900.0,,,,,2105800.0,,,0,0,0,0,0,0,0,0,0,0,0,0,0,0,0,0,0,0,0,0,0,0,0,0,0,0,0,0,0,103,2026-02-05 17:25:52.920498
SPNG,24.98,24.98,25.57,1720700.0,2192.0,6309.0,9000.0,1596300.0,,,,,0,0,0,0,0,0,0,0,0,0,0,0,0,0,0,0,0,0,0,0,0,0,0,0,0,0,0,0,0,104,2026-02-05 17:25:53.960898
SMMR,25.54,25.54,25.56,2156700.0,,,,1664700.0,6000.0,5998.0,10000.0,,0,0,0,0,0,0,0,0,0,0,0,0,0,0,0,0,0,0,0,0,0,0,0,0,0,0,0,0,0,104,2026-02-05 17:25:53.960898
ATMN,25.35,25.39,25.49,2206200.0,5000.0,,18000.0,869500.0,,5000.0,873.0,6000.0,0,0,0,0,0,0,0,0,0,0,0,0,0,0,0,0,0,0,0,0,0,0,0,0,0,0,0,0,0,104,2026-02-05 17:25:53.960898
WNTR,24.88,24.89,24.94,1722200.0,4804.0,,,1986600.0,6000.0,,7699.0,,0,0,0,0,0,0,0,0,0,0,0,0,0,0,0,0,0,0,0,0,0,0,0,0,0,0,0,0,0,104,2026-02-05 17:25:53.960898
SPNG,25.39,25.39,25.57,1590700.0,602.0,100.0,15000.0,1402100.0,,,,,,0,0,0,0,0,0,0,0,0,0,0,0,0,0,0,0,0,0,0,0,0,0,0,0,0,0,0,0,105,2026-02-05 17:25:55.011802
SMMR,25.48,25.48,25.56,2185600.0,,,,1664700.0,6000.0,5998.0,10000.0,,,0,0,0,0,0,0,0,0,0,0,0,0,0,0,0,0,0,0,0,0,0,0,0,0,0,0,0,0,105,2026-02-05 17:25:55.011802
ATMN,25.49,25.5,25.6,1993200.0,5000.0,,11250.0,1471000.0,,,773.0,4500.0,6000.0,0,0,0,0,0,0,0,0,0,0,0,0,0,0,0,0,0,0,0,0,0,0,0,0,0,0,0,0,105,2026-02-05 17:25:55.011802
WNTR,24.96,24.81,24.96,2052800.0,,,,2103000.0,6000.0,,,,,0,0,0,0,0,0,0,0,0,0,0,0,0,0,0,0,0,0,0,0,0,0,0,0,0,0,0,0,105,2026-02-05 17:25:55.011802
SPNG,25.39,25.39,25.45,1590700.0,6000.0,602.0,1214500.0,21000.0,,,0,0,0,0,0,0,0,0,0,0,0,0,0,0,0,0,0,0,0,0,0,0,0,0,0,0,0,0,0,0,0,106,2026-02-05 17:25:56.057424
SMMR,25.48,25.48,25.56,2284700.0,,,1789400.0,,4799.0,,0,0,0,0,0,0,0,0,0,0,0,0,0,0,0,0,0,0,0,0,0,0,0,0,0,0,0,0,0,0,0,106,2026-02-05 17:25:56.057424
ATMN,25.5,25.51,25.6,1882400.0,,5000.0,1350300.0,15750.0,5000.0,6750.0,0,0,0,0,0,0,0,0,0,0,0,0,0,0,0,0,0,0,0,0,0,0,0,0,0,0,0,0,0,0,0,106,2026-02-05 17:25:56.057424
WNTR,24.96,24.82,24.96,2052800.0,,5000.0,1797100.0,,5764.0,,0,0,0,0,0,0,0,0,0,0,0,0,0,0,0,0,0,0,0,0,0,0,0,0,0,0,0,0,0,0,0,106,2026-02-05 17:25:56.057424
SPNG,25.39,25.39,25.43,2021200.0,669600.0,9898.0,27000.0,,,0,0,0,0,0,0,0,0,0,0,0,0,0,0,0,0,0,0,0,0,0,0,0,0,0,0,0,0,0,0,0,0,107,2026-02-05 17:25:57.105337
SMMR,25.41,25.41,25.55,2318100.0,1676100.0,9799.0,,,,0,0,0,0,0,0,0,0,0,0,0,0,0,0,0,0,0,0,0,0,0,0,0,0,0,0,0,0,0,0,0,0,107,2026-02-05 17:25:57.105337
ATMN,25.33,25.26,25.33,2301800.0,811000.0,5360.0,20250.0,,,0,0,0,0,0,0,0,0,0,0,0,0,0,0,0,0,0,0,0,0,0,0,0,0,0,0,0,0,0,0,0,0,107,2026-02-05 17:25:57.105337
WNTR,24.92,24.92,24.97,1937200.0,1760800.0,264.0,,5000.0,6000.0,0,0,0,0,0,0,0,0,0,0,0,0,0,0,0,0,0,0,0,0,0,0,0,0,0,0,0,0,0,0,0,0,107,2026-02-05 17:25:57.105337
SPNG,25.39,25.01,25.03,5000.0,3000.0,1798600.0,1425400.0,15398.0,3000.0,,0,0,0,0,0,0,0,0,0,0,0,0,0,0,0,0,0,0,0,0,0,0,0,0,0,0,0,0,0,0,0,108,2026-02-05 17:25:58.144333
SMMR,25.46,25.47,25.56,5000.0,,2058800.0,1889800.0,7996.0,,6000.0,0,0,0,0,0,0,0,0,0,0,0,0,0,0,0,0,0,0,0,0,0,0,0,0,0,0,0,0,0,0,0,108,2026-02-05 17:25:58.144333
ATMN,25.62,25.42,25.62,,,2319000.0,2029100.0,3974.0,,,0,0,0,0,0,0,0,0,0,0,0,0,0,0,0,0,0,0,0,0,0,0,0,0,0,0,0,0,0,0,0,108,2026-02-05 17:25:58.144333
WNTR,24.92,24.83,24.87,5000.0,,2014000.0,1855000.0,192.0,,,0,0,0,0,0,0,0,0,0,0,0,0,0,0,0,0,0,0,0,0,0,0,0,0,0,0,0,0,0,0,0,108,2026-02-05 17:25:58.144333
SPNG,25.39,25.01,25.02,5000.0,6000.0,1689500.0,6000.0,1230000.0,1891.0,15398.0,0,0,0,0,0,0,0,0,0,0,0,0,0,0,0,0,0,0,0,0,0,0,0,0,0,0,0,0,0,0,0,109,2026-02-05 17:25:58.895220
SMMR,25.46,25.46,25.51,,,2294600.0,,1814900.0,,8239.0,0,0,0,0,0,0,0,0,0,0,0,0,0,0,0,0,0,0,0,0,0,0,0,0,0,0,0,0,0,0,0,109,2026-02-05 17:25:58.895220
ATMN,25.52,25.52,25.6,3350.0,2250.0,1499900.0,2250.0,2029100.0,,5000.0,0,0,0,0,0,0,0,0,0,0,0,0,0,0,0,0,0,0,0,0,0,0,0,0,0,0,0,0,0,0,0,109,2026-02-05 17:25:58.895220
WNTR,24.92,24.83,24.87,5000.0,,2014000.0,,1869700.0,,192.0,0,0,0,0,0,0,0,0,0,0,0,0,0,0,0,0,0,0,0,0,0,0,0,0,0,0,0,0,0,0,0,109,2026-02-05 17:25:58.895220
SPNG,25.02,25.01,25.02,5000.0,9000.0,1568000.0,6000.0,1135900.0,6000.0,15398.0,,0,0,0,0,0,0,0,0,0,0,0,0,0,0,0,0,0,0,0,0,0,0,0,0,0,0,0,0,0,0,110,2026-02-05 17:25:59.935614
SMMR,25.51,25.57,25.58,5825.0,,1691200.0,,2003100.0,1498.0,,6000.0,0,0,0,0,0,0,0,0,0,0,0,0,0,0,0,0,0,0,0,0,0,0,0,0,0,0,0,0,0,0,110,2026-02-05 17:25:59.935614
ATMN,25.52,25.55,25.58,5000.0,9000.0,1620300.0,6750.0,1573900.0,6000.0,6043.0,6000.0,0,0,0,0,0,0,0,0,0,0,0,0,0,0,0,0,0,0,0,0,0,0,0,0,0,0,0,0,0,0,110,2026-02-05 17:25:59.935614
WNTR,24.97,24.86,24.97,10313.0,,1566700.0,,2104700.0,,,6000.0,0,0,0,0,0,0,0,0,0,0,0,0,0,0,0,0,0,0,0,0,0,0,0,0,0,0,0,0,0,0,110,2026-02-05 17:25:59.935614
SPNG,25.03,25.07,25.39,1594900.0,5000.0,9000.0,6000.0,15398.0,3000.0,1238400.0,,0,0,0,0,0,0,0,0,0,0,0,0,0,0,0,0,0,0,0,0,0,0,0,0,0,0,0,0,0,0,111,2026-02-05 17:26:00.975141
SMMR,25.47,25.5,25.57,1693700.0,9785.0,,1498.0,5000.0,,1890900.0,6000.0,0,0,0,0,0,0,0,0,0,0,0,0,0,0,0,0,0,0,0,0,0,0,0,0,0,0,0,0,0,0,111,2026-02-05 17:26:00.975141
ATMN,25.46,25.46,25.57,2325500.0,,,6000.0,9325.0,13500.0,1092800.0,,0,0,0,0,0,0,0,0,0,0,0,0,0,0,0,0,0,0,0,0,0,0,0,0,0,0,0,0,0,0,111,2026-02-05 17:26:00.975141
WNTR,24.98,24.88,24.97,1905200.0,5000.0,,,5000.0,,2002200.0,6000.0,0,0,0,0,0,0,0,0,0,0,0,0,0,0,0,0,0,0,0,0,0,0,0,0,0,0,0,0,0,0,111,2026-02-05 17:26:00.975141
SPNG,25.36,25.36,25.37,1599500.0,12000.0,6000.0,8319.0,6000.0,1352200.0,,,0,0,0,0,0,0,0,0,0,0,0,0,0,0,0,0,0,0,0,0,0,0,0,0,0,0,0,0,0,0,112,2026-02-05 17:26:02.015227
SMMR,25.44,25.44,25.56,2318800.0,,1498.0,5000.0,,1877500.0,,,0,0,0,0,0,0,0,0,0,0,0,0,0,0,0,0,0,0,0,0,0,0,0,0,0,0,0,0,0,0,112,2026-02-05 17:26:02.015227
ATMN,25.46,25.47,25.55,2228000.0,,6000.0,5000.0,18000.0,1092800.0,5000.0,,0,0,0,0,0,0,0,0,0,0,0,0,0,0,0,0,0,0,0,0,0,0,0,0,0,0,0,0,0,0,112,2026-02-05 17:26:02.015227
WNTR,24.98,24.87,24.88,1659500.0,,,,,2116300.0,14152.0,6000.0,0,0,0,0,0,0,0,0,0,0,0,0,0,0,0,0,0,0,0,0,0,0,0,0,0,0,0,0,0,0,112,2026-02-05 17:26:02.015227
SPNG,25.07,25.08,25.42,7497.0,1309000.0,9000.0,5000.0,3000.0,1749700.0,,,0,0,0,0,0,0,0,0,0,0,0,0,0,0,0,0,0,0,0,0,0,0,0,0,0,0,0,0,0,0,113,2026-02-05 17:26:03.058882
SMMR,25.4,25.4,25.45,,2326000.0,,5000.0,,1762800.0,6000.0,,0,0,0,0,0,0,0,0,0,0,0,0,0,0,0,0,0,0,0,0,0,0,0,0,0,0,0,0,0,0,113,2026-02-05 17:26:03.058882
ATMN,25.46,25.46,25.61,,2325500.0,,1961.0,4500.0,1707100.0,,,0,0,0,0,0,0,0,0,0,0,0,0,0,0,0,0,0,0,0,0,0,0,0,0,0,0,0,0,0,0,113,2026-02-05 17:26:03.058882
WNTR,24.88,24.87,24.88,14152.0,1672100.0,,,,2116300.0,,6000.0,0,0,0,0,0,0,0,0,0,0,0,0,0,0,0,0,0,0,0,0,0,0,0,0,0,0,0,0,0,0,113,2026-02-05 17:26:03.058882
SPNG,25.45,25.36,25.44,5000.0,6000.0,15000.0,1292000.0,5000.0,1822400.0,,0,0,0,0,0,0,0,0,0,0,0,0,0,0,0,0,0,0,0,0,0,0,0,0,0,0,0,0,0,0,0,114,2026-02-05 17:26:04.102752
SMMR,25.45,25.4,25.45,,,,2328600.0,5979.0,1648500.0,6000.0,0,0,0,0,0,0,0,0,0,0,0,0,0,0,0,0,0,0,0,0,0,0,0,0,0,0,0,0,0,0,0,114,2026-02-05 17:26:04.102752
ATMN,25.45,25.34,25.45,,,2250.0,2181600.0,7461.0,1799400.0,6000.0,0,0,0,0,0,0,0,0,0,0,0,0,0,0,0,0,0,0,0,0,0,0,0,0,0,0,0,0,0,0,0,114,2026-02-05 17:26:04.102752
WNTR,24.99,24.87,24.99,11322.0,6000.0,,1660100.0,,2133400.0,,0,0,0,0,0,0,0,0,0,0,0,0,0,0,0,0,0,0,0,0,0,0,0,0,0,0,0,0,0,0,0,114,2026-02-05 17:26:04.102752
SPNG,25.34,25.34,25.53,1123300.0,4652.0,21000.0,1948500.0,,,,,0,0,0,0,0,0,0,0,0,0,0,0,0,0,0,0,0,0,0,0,0,0,0,0,0,0,0,0,0,0,115,2026-02-05 17:26:05.157731
SMMR,25.37,25.38,25.44,2206200.0,5000.0,,1875600.0,5000.0,6000.0,,,0,0,0,0,0,0,0,0,0,0,0,0,0,0,0,0,0,0,0,0,0,0,0,0,0,0,0,0,0,0,115,2026-02-05 17:26:05.157731
ATMN,25.62,25.46,25.54,1964400.0,,6750.0,1593000.0,3262.0,6000.0,4500.0,,0,0,0,0,0,0,0,0,0,0,0,0,0,0,0,0,0,0,0,0,0,0,0,0,0,0,0,0,0,0,115,2026-02-05 17:26:05.157731
WNTR,24.99,24.87,24.88,1660100.0,11322.0,,2122200.0,,,,6000.0,0,0,0,0,0,0,0,0,0,0,0,0,0,0,0,0,0,0,0,0,0,0,0,0,0,0,0,0,0,0,115,2026-02-05 17:26:05.157731
SPNG,25.0,25.0,25.52,1991800.0,3000.0,1559400.0,1919.0,,,,,0,0,0,0,0,0,0,0,0,0,0,0,0,0,0,0,0,0,0,0,0,0,0,0,0,0,0,0,0,0,116,2026-02-05 17:26:06.202385
SMMR,25.36,25.36,25.42,2339900.0,,1681500.0,71.0,205.0,,,,0,0,0,0,0,0,0,0,0,0,0,0,0,0,0,0,0,0,0,0,0,0,0,0,0,0,0,0,0,0,116,2026-02-05 17:26:06.202385
ATMN,25.62,25.47,25.53,1852200.0,,2189100.0,5000.0,,5000.0,6750.0,,0,0,0,0,0,0,0,0,0,0,0,0,0,0,0,0,0,0,0,0,0,0,0,0,0,0,0,0,0,0,116,2026-02-05 17:26:06.202385
WNTR,24.99,24.93,24.99,1698600.0,,2126900.0,,,11322.0,,1115.0,0,0,0,0,0,0,0,0,0,0,0,0,0,0,0,0,0,0,0,0,0,0,0,0,0,0,0,0,0,0,116,2026-02-05 17:26:06.202385
SPNG,25.28,25.28,25.52,1989800.0,7419.0,1661800.0,,,,0,0,0,0,0,0,0,0,0,0,0,0,0,0,0,0,0,0,0,0,0,0,0,0,0,0,0,0,0,0,0,0,117,2026-02-05 17:26:07.335222
SMMR,25.36,25.36,25.4,2288100.0,71.0,1674600.0,205.0,,,0,0,0,0,0,0,0,0,0,0,0,0,0,0,0,0,0,0,0,0,0,0,0,0,0,0,0,0,0,0,0,0,117,2026-02-05 17:26:07.335222
ATMN,25.68,25.46,25.68,1970100.0,,2275800.0,,3916.0,,0,0,0,0,0,0,0,0,0,0,0,0,0,0,0,0,0,0,0,0,0,0,0,0,0,0,0,0,0,0,0,0,117,2026-02-05 17:26:07.335222
WNTR,24.99,24.94,24.98,1877000.0,5000.0,2031200.0,,5000.0,558.0,0,0,0,0,0,0,0,0,0,0,0,0,0,0,0,0,0,0,0,0,0,0,0,0,0,0,0,0,0,0,0,0,117,2026-02-05 17:26:07.335222
SPNG,25.21,25.21,25.51,2000700.0,10934.0,1557900.0,,,0,0,0,0,0,0,0,0,0,0,0,0,0,0,0,0,0,0,0,0,0,0,0,0,0,0,0,0,0,0,0,0,0,118,2026-02-05 17:26:07.895290
SMMR,25.35,25.35,25.4,2295600.0,71.0,1669600.0,205.0,,0,0,0,0,0,0,0,0,0,0,0,0,0,0,0,0,0,0,0,0,0,0,0,0,0,0,0,0,0,0,0,0,0,118,2026-02-05 17:26:07.895290
ATMN,25.47,25.45,25.46,1958500.0,5000.0,2168300.0,,9416.0,0,0,0,0,0,0,0,0,0,0,0,0,0,0,0,0,0,0,0,0,0,0,0,0,0,0,0,0,0,0,0,0,0,118,2026-02-05 17:26:07.895290
WNTR,24.91,24.91,25.0,1992500.0,,2112800.0,,635.0,0,0,0,0,0,0,0,0,0,0,0,0,0,0,0,0,0,0,0,0,0,0,0,0,0,0,0,0,0,0,0,0,0,118,2026-02-05 17:26:07.895290
SPNG,24.99,25.28,25.53,1987600.0,1958400.0,0,0,0,0,0,0,0,0,0,0,0,0,0,0,0,0,0,0,0,0,0,0,0,0,0,0,0,0,0,0,0,0,0,0,0,0,119,2026-02-05 17:26:08.975046
SMMR,25.5,25.36,25.5,2298400.0,2136300.0,0,0,0,0,0,0,0,0,0,0,0,0,0,0,0,0,0,0,0,0,0,0,0,0,0,0,0,0,0,0,0,0,0,0,0,0,119,2026-02-05 17:26:08.975046
ATMN,25.75,25.45,25.75,2310800.0,2250900.0,0,0,0,0,0,0,0,0,0,0,0,0,0,0,0,0,0,0,0,0,0,0,0,0,0,0,0,0,0,0,0,0,0,0,0,0,119,2026-02-05 17:26:08.975046
WNTR,24.94,24.94,25.0,2105800.0,2087900.0,0,0,0,0,0,0,0,0,0,0,0,0,0,0,0,0,0,0,0,0,0,0,0,0,0,0,0,0,0,0,0,0,0,0,0,0,119,2026-02-05 17:26:08.975046
SPNG,24.95,25.59,0.0,200000.0,0,0,0,0,0,0,0,0,0,0,0,0,0,0,0,0,0,0,0,0,0,0,0,0,0,0,0,0,0,0,0,0,0,0,0,0,0,120,2026-02-05 17:26:10.021749
SMMR,25.36,23.19,0.0,200000.0,0,0,0,0,0,0,0,0,0,0,0,0,0,0,0,0,0,0,0,0,0,0,0,0,0,0,0,0,0,0,0,0,0,0,0,0,0,120,2026-02-05 17:26:10.021749
ATMN,25.75,23.64,0.0,200000.0,0,0,0,0,0,0,0,0,0,0,0,0,0,0,0,0,0,0,0,0,0,0,0,0,0,0,0,0,0,0,0,0,0,0,0,0,0,120,2026-02-05 17:26:10.021749
WNTR,24.94,23.13,0.0,200000.0,0,0,0,0,0,0,0,0,0,0,0,0,0,0,0,0,0,0,0,0,0,0,0,0,0,0,0,0,0,0,0,0,0,0,0,0,0,120,2026-02-05 17:26:10.021749
SPNG,25.81,25.81,26.14,953200.0,790900.0,0,0,0,0,0,0,0,0,0,0,0,0,0,0,0,0,0,0,0,0,0,0,0,0,0,0,0,0,0,0,0,0,0,0,0,0,121,2026-02-05 17:26:11.073018
SMMR,25.36,23.51,23.79,931400.0,1174400.0,0,0,0,0,0,0,0,0,0,0,0,0,0,0,0,0,0,0,0,0,0,0,0,0,0,0,0,0,0,0,0,0,0,0,0,0,121,2026-02-05 17:26:11.073018
ATMN,25.75,23.64,23.91,958900.0,1252400.0,0,0,0,0,0,0,0,0,0,0,0,0,0,0,0,0,0,0,0,0,0,0,0,0,0,0,0,0,0,0,0,0,0,0,0,0,121,2026-02-05 17:26:11.073018
WNTR,24.94,23.43,23.51,931400.0,1140800.0,0,0,0,0,0,0,0,0,0,0,0,0,0,0,0,0,0,0,0,0,0,0,0,0,0,0,0,0,0,0,0,0,0,0,0,0,121,2026-02-05 17:26:11.073018
SPNG,25.59,24.51,25.46,973800.0,1057900.0,1336.0,0,0,0,0,0,0,0,0,0,0,0,0,0,0,0,0,0,0,0,0,0,0,0,0,0,0,0,0,0,0,0,0,0,0,0,122,2026-02-05 17:26:12.136131
SMMR,23.19,23.26,23.55,889400.0,1425000.0,668.0,0,0,0,0,0,0,0,0,0,0,0,0,0,0,0,0,0,0,0,0,0,0,0,0,0,0,0,0,0,0,0,0,0,0,0,122,2026-02-05 17:26:12.136131
ATMN,23.55,22.38,22.67,1048700.0,1356400.0,3813.0,0,0,0,0,0,0,0,0,0,0,0,0,0,0,0,0,0,0,0,0,0,0,0,0,0,0,0,0,0,0,0,0,0,0,0,122,2026-02-05 17:26:12.136131
WNTR,23.43,23.43,23.5,931400.0,1364800.0,668.0,0,0,0,0,0,0,0,0,0,0,0,0,0,0,0,0,0,0,0,0,0,0,0,0,0,0,0,0,0,0,0,0,0,0,0,122,2026-02-05 17:26:12.136131
SPNG,25.02,24.92,25.02,1069300.0,5000.0,3000.0,1064300.0,,,,0,0,0,0,0,0,0,0,0,0,0,0,0,0,0,0,0,0,0,0,0,0,0,0,0,0,0,0,0,0,0,123,2026-02-05 17:26:13.193539
SMMR,23.26,23.29,23.33,1056700.0,5000.0,,1795000.0,593.0,1186.0,10500.0,0,0,0,0,0,0,0,0,0,0,0,0,0,0,0,0,0,0,0,0,0,0,0,0,0,0,0,0,0,0,0,123,2026-02-05 17:26:13.193539
ATMN,22.66,22.45,22.65,1342400.0,5308.0,,1252400.0,1186.0,,5000.0,0,0,0,0,0,0,0,0,0,0,0,0,0,0,0,0,0,0,0,0,0,0,0,0,0,0,0,0,0,0,0,123,2026-02-05 17:26:13.193539
WNTR,23.24,23.13,23.24,922300.0,,,1852500.0,,1186.0,,0,0,0,0,0,0,0,0,0,0,0,0,0,0,0,0,0,0,0,0,0,0,0,0,0,0,0,0,0,0,0,123,2026-02-05 17:26:13.193539
SPNG,24.92,25.42,26.04,10500.0,6000.0,1174500.0,593.0,5000.0,961000.0,6000.0,,0,0,0,0,0,0,0,0,0,0,0,0,0,0,0,0,0,0,0,0,0,0,0,0,0,0,0,0,0,0,124,2026-02-05 17:26:14.244877
SMMR,23.28,23.28,23.3,,,1056700.0,1186.0,10500.0,1708100.0,,2372.0,0,0,0,0,0,0,0,0,0,0,0,0,0,0,0,0,0,0,0,0,0,0,0,0,0,0,0,0,0,0,124,2026-02-05 17:26:14.244877
ATMN,23.9,23.57,23.9,10808.0,4500.0,1584200.0,2372.0,5000.0,1390000.0,4500.0,593.0,0,0,0,0,0,0,0,0,0,0,0,0,0,0,0,0,0,0,0,0,0,0,0,0,0,0,0,0,0,0,124,2026-02-05 17:26:14.244877
WNTR,23.13,23.13,23.2,,,1210600.0,593.0,,1852500.0,,2372.0,0,0,0,0,0,0,0,0,0,0,0,0,0,0,0,0,0,0,0,0,0,0,0,0,0,0,0,0,0,0,124,2026-02-05 17:26:14.244877
SPNG,24.92,25.43,25.92,10500.0,12000.0,1378600.0,5000.0,1164200.0,12000.0,,,0,0,0,0,0,0,0,0,0,0,0,0,0,0,0,0,0,0,0,0,0,0,0,0,0,0,0,0,0,0,125,2026-02-05 17:26:15.370722
SMMR,23.22,23.19,23.22,,,1142400.0,10500.0,1937500.0,,,,0,0,0,0,0,0,0,0,0,0,0,0,0,0,0,0,0,0,0,0,0,0,0,0,0,0,0,0,0,0,125,2026-02-05 17:26:15.370722
ATMN,23.32,22.82,23.32,,4500.0,1453100.0,6083.0,1510800.0,6750.0,889.0,,0,0,0,0,0,0,0,0,0,0,0,0,0,0,0,0,0,0,0,0,0,0,0,0,0,0,0,0,0,0,125,2026-02-05 17:26:15.370722
WNTR,23.13,23.14,23.17,5000.0,,1339000.0,5000.0,2010800.0,,1778.0,889.0,0,0,0,0,0,0,0,0,0,0,0,0,0,0,0,0,0,0,0,0,0,0,0,0,0,0,0,0,0,0,125,2026-02-05 17:26:15.370722
SPNG,25.42,25.42,25.82,1471200.0,9000.0,889.0,6000.0,1778.0,15000.0,1241200.0,,,0,0,0,0,0,0,0,0,0,0,0,0,0,0,0,0,0,0,0,0,0,0,0,0,0,0,0,0,0,126,2026-02-05 17:26:15.985987
SMMR,23.26,23.22,23.3,1142400.0,,,6000.0,,,2249800.0,5000.0,,0,0,0,0,0,0,0,0,0,0,0,0,0,0,0,0,0,0,0,0,0,0,0,0,0,0,0,0,0,126,2026-02-05 17:26:15.985987
ATMN,23.33,23.33,23.34,1748100.0,6750.0,,,889.0,9000.0,1482500.0,3538.0,5000.0,0,0,0,0,0,0,0,0,0,0,0,0,0,0,0,0,0,0,0,0,0,0,0,0,0,0,0,0,0,126,2026-02-05 17:26:15.985987
WNTR,23.14,23.14,23.15,1579000.0,,2445.0,6000.0,4890.0,,1902500.0,5000.0,,0,0,0,0,0,0,0,0,0,0,0,0,0,0,0,0,0,0,0,0,0,0,0,0,0,0,0,0,0,126,2026-02-05 17:26:15.985987
SPNG,25.16,25.92,26.04,6000.0,1371800.0,6000.0,21000.0,1171200.0,,,0,0,0,0,0,0,0,0,0,0,0,0,0,0,0,0,0,0,0,0,0,0,0,0,0,0,0,0,0,0,0,127,2026-02-05 17:26:17.034488
SMMR,23.26,23.26,23.27,,1379700.0,6000.0,,2159000.0,6400.0,,0,0,0,0,0,0,0,0,0,0,0,0,0,0,0,0,0,0,0,0,0,0,0,0,0,0,0,0,0,0,0,127,2026-02-05 17:26:17.034488
ATMN,23.35,23.45,23.89,9000.0,1890800.0,6000.0,11250.0,1482500.0,5000.0,5000.0,0,0,0,0,0,0,0,0,0,0,0,0,0,0,0,0,0,0,0,0,0,0,0,0,0,0,0,0,0,0,0,127,2026-02-05 17:26:17.034488
WNTR,23.14,23.14,23.22,,1713500.0,6000.0,,2113700.0,5000.0,,0,0,0,0,0,0,0,0,0,0,0,0,0,0,0,0,0,0,0,0,0,0,0,0,0,0,0,0,0,0,0,127,2026-02-05 17:26:17.034488
SPNG,25.08,25.08,26.04,1266600.0,24000.0,1018300.0,1090.0,,,,,,0,0,0,0,0,0,0,0,0,0,0,0,0,0,0,0,0,0,0,0,0,0,0,0,0,0,0,0,0,128,2026-02-05 17:26:18.086057
SMMR,23.41,23.29,23.35,1379700.0,,2131100.0,,3482.0,6000.0,,,,0,0,0,0,0,0,0,0,0,0,0,0,0,0,0,0,0,0,0,0,0,0,0,0,0,0,0,0,0,128,2026-02-05 17:26:18.086057
ATMN,23.9,23.87,23.89,1605500.0,15750.0,972600.0,1090.0,2180.0,6000.0,5000.0,11250.0,6796.0,0,0,0,0,0,0,0,0,0,0,0,0,0,0,0,0,0,0,0,0,0,0,0,0,0,0,0,0,0,128,2026-02-05 17:26:18.086057
WNTR,23.11,23.15,23.18,1612300.0,,1693100.0,1196.0,3482.0,6000.0,5000.0,,16000.0,0,0,0,0,0,0,0,0,0,0,0,0,0,0,0,0,0,0,0,0,0,0,0,0,0,0,0,0,0,128,2026-02-05 17:26:18.086057
SPNG,25.14,25.41,25.9,1455000.0,6000.0,5000.0,27000.0,908000.0,,,,,0,0,0,0,0,0,0,0,0,0,0,0,0,0,0,0,0,0,0,0,0,0,0,0,0,0,0,0,0,129,2026-02-05 17:26:19.131995
SMMR,23.19,23.19,23.33,1042400.0,,,,2361200.0,,,,,0,0,0,0,0,0,0,0,0,0,0,0,0,0,0,0,0,0,0,0,0,0,0,0,0,0,0,0,0,129,2026-02-05 17:26:19.131995
ATMN,23.69,23.54,23.69,1615800.0,6000.0,6796.0,20250.0,856700.0,5000.0,13500.0,,,0,0,0,0,0,0,0,0,0,0,0,0,0,0,0,0,0,0,0,0,0,0,0,0,0,0,0,0,0,129,2026-02-05 17:26:19.131995
WNTR,23.13,23.13,23.18,1628500.0,6000.0,14300.0,,1809500.0,,,8500.0,8500.0,0,0,0,0,0,0,0,0,0,0,0,0,0,0,0,0,0,0,0,0,0,0,0,0,0,0,0,0,0,129,2026-02-05 17:26:19.131995
SPNG,25.86,25.45,25.85,100.0,1565800.0,6000.0,5000.0,760000.0,100.0,30000.0,,,0,0,0,0,0,0,0,0,0,0,0,0,0,0,0,0,0,0,0,0,0,0,0,0,0,0,0,0,0,130,2026-02-05 17:26:20.192642
SMMR,23.19,23.28,23.31,11509.0,1042400.0,6000.0,5264.0,1758500.0,8216.0,,,,0,0,0,0,0,0,0,0,0,0,0,0,0,0,0,0,0,0,0,0,0,0,0,0,0,0,0,0,0,130,2026-02-05 17:26:20.192642
ATMN,23.37,23.51,23.67,,1589600.0,,6796.0,657800.0,7933.0,22500.0,18000.0,,0,0,0,0,0,0,0,0,0,0,0,0,0,0,0,0,0,0,0,0,0,0,0,0,0,0,0,0,0,130,2026-02-05 17:26:20.192642
WNTR,23.13,23.12,23.13,961.0,1673100.0,,14300.0,1601100.0,18500.0,,,6000.0,0,0,0,0,0,0,0,0,0,0,0,0,0,0,0,0,0,0,0,0,0,0,0,0,0,0,0,0,0,130,2026-02-05 17:26:20.192642
SPNG,25.22,25.22,25.63,1588000.0,6000.0,5000.0,30000.0,773500.0,100.0,,,,0,0,0,0,0,0,0,0,0,0,0,0,0,0,0,0,0,0,0,0,0,0,0,0,0,0,0,0,0,131,2026-02-05 17:26:21.281577
SMMR,23.33,23.28,23.33,1137600.0,6000.0,264.0,,2010000.0,,11509.0,,,0,0,0,0,0,0,0,0,0,0,0,0,0,0,0,0,0,0,0,0,0,0,0,0,0,0,0,0,0,131,2026-02-05 17:26:21.281577
ATMN,23.36,23.41,23.65,1060100.0,6000.0,10836.0,24750.0,520600.0,7933.0,5794.0,20250.0,,0,0,0,0,0,0,0,0,0,0,0,0,0,0,0,0,0,0,0,0,0,0,0,0,0,0,0,0,0,131,2026-02-05 17:26:21.281577
WNTR,23.08,23.08,23.11,1678700.0,,16440.0,,1418900.0,18600.0,2906.0,,6000.0,0,0,0,0,0,0,0,0,0,0,0,0,0,0,0,0,0,0,0,0,0,0,0,0,0,0,0,0,0,131,2026-02-05 17:26:21.281577
SPNG,25.65,25.49,25.6,5000.0,1927900.0,6000.0,5000.0,24000.0,1026700.0,,,,0,0,0,0,0,0,0,0,0,0,0,0,0,0,0,0,0,0,0,0,0,0,0,0,0,0,0,0,0,132,2026-02-05 17:26:22.377909
SMMR,23.33,23.32,23.33,,1255600.0,6000.0,264.0,,1990100.0,,,,0,0,0,0,0,0,0,0,0,0,0,0,0,0,0,0,0,0,0,0,0,0,0,0,0,0,0,0,0,132,2026-02-05 17:26:22.377909
ATMN,23.41,23.57,23.63,,1059900.0,6000.0,5000.0,29250.0,657800.0,3133.0,22500.0,100.0,0,0,0,0,0,0,0,0,0,0,0,0,0,0,0,0,0,0,0,0,0,0,0,0,0,0,0,0,0,132,2026-02-05 17:26:22.377909
WNTR,23.16,23.16,23.17,,1913900.0,,,,2268000.0,1992.0,,,0,0,0,0,0,0,0,0,0,0,0,0,0,0,0,0,0,0,0,0,0,0,0,0,0,0,0,0,0,132,2026-02-05 17:26:22.377909
SPNG,25.65,25.51,25.58,10500.0,100.0,1466600.0,6000.0,5000.0,100.0,21000.0,1026700.0,,0,0,0,0,0,0,0,0,0,0,0,0,0,0,0,0,0,0,0,0,0,0,0,0,0,0,0,0,0,133,2026-02-05 17:26:22.969062
SMMR,23.25,23.25,23.33,,,1137600.0,6000.0,264.0,,,1970400.0,,0,0,0,0,0,0,0,0,0,0,0,0,0,0,0,0,0,0,0,0,0,0,0,0,0,0,0,0,0,133,2026-02-05 17:26:22.969062
ATMN,23.57,23.57,23.61,,3133.0,1061400.0,6000.0,8772.0,100.0,31500.0,272000.0,22500.0,0,0,0,0,0,0,0,0,0,0,0,0,0,0,0,0,0,0,0,0,0,0,0,0,0,0,0,0,0,133,2026-02-05 17:26:22.969062
WNTR,23.16,23.16,23.17,,1992.0,2004900.0,2100.0,,,,2271100.0,,0,0,0,0,0,0,0,0,0,0,0,0,0,0,0,0,0,0,0,0,0,0,0,0,0,0,0,0,0,133,2026-02-05 17:26:22.969062
SPNG,25.43,25.53,25.56,5000.0,100.0,6000.0,1564400.0,6000.0,5000.0,100.0,1551000.0,0,0,0,0,0,0,0,0,0,0,0,0,0,0,0,0,0,0,0,0,0,0,0,0,0,0,0,0,0,0,134,2026-02-05 17:26:24.007120
SMMR,23.25,23.25,23.31,,,,1137600.0,6000.0,264.0,9666.0,1851500.0,0,0,0,0,0,0,0,0,0,0,0,0,0,0,0,0,0,0,0,0,0,0,0,0,0,0,0,0,0,0,134,2026-02-05 17:26:24.007120
ATMN,23.91,23.58,23.91,,10132.0,24750.0,768900.0,6000.0,,,1691900.0,0,0,0,0,0,0,0,0,0,0,0,0,0,0,0,0,0,0,0,0,0,0,0,0,0,0,0,0,0,0,134,2026-02-05 17:26:24.007120
WNTR,23.16,23.16,23.18,,11992.0,,1866100.0,6000.0,,,2272000.0,0,0,0,0,0,0,0,0,0,0,0,0,0,0,0,0,0,0,0,0,0,0,0,0,0,0,0,0,0,0,134,2026-02-05 17:26:24.007120
SPNG,25.59,25.44,25.58,5000.0,1967500.0,6000.0,5000.0,1669000.0,,,0,0,0,0,0,0,0,0,0,0,0,0,0,0,0,0,0,0,0,0,0,0,0,0,0,0,0,0,0,0,0,135,2026-02-05 17:26:25.064233
SMMR,22.96,22.96,23.26,,942400.0,,264.0,1685600.0,17134.0,,0,0,0,0,0,0,0,0,0,0,0,0,0,0,0,0,0,0,0,0,0,0,0,0,0,0,0,0,0,0,0,135,2026-02-05 17:26:25.064233
ATMN,23.54,23.41,23.54,,2537600.0,6000.0,2868.0,1798600.0,271.0,,0,0,0,0,0,0,0,0,0,0,0,0,0,0,0,0,0,0,0,0,0,0,0,0,0,0,0,0,0,0,0,135,2026-02-05 17:26:25.064233
WNTR,23.09,23.09,23.21,,1889900.0,,,2265800.0,,1992.0,0,0,0,0,0,0,0,0,0,0,0,0,0,0,0,0,0,0,0,0,0,0,0,0,0,0,0,0,0,0,0,135,2026-02-05 17:26:25.064233
SPNG,25.88,25.9,26.04,5000.0,3000.0,1776400.0,6000.0,3000.0,5000.0,1650000.0,,,,0,0,0,0,0,0,0,0,0,0,0,0,0,0,0,0,0,0,0,0,0,0,0,0,0,0,0,0,136,2026-02-05 17:26:26.149591
SMMR,23.13,23.13,23.23,,,1184400.0,,,264.0,1798300.0,903.0,6000.0,,0,0,0,0,0,0,0,0,0,0,0,0,0,0,0,0,0,0,0,0,0,0,0,0,0,0,0,0,136,2026-02-05 17:26:26.149591
ATMN,23.59,23.59,23.88,,2250.0,2264100.0,6000.0,,5214.0,1915400.0,720.0,,,0,0,0,0,0,0,0,0,0,0,0,0,0,0,0,0,0,0,0,0,0,0,0,0,0,0,0,0,136,2026-02-05 17:26:26.149591
WNTR,23.17,23.08,23.17,8932.0,,1798900.0,,,,2168300.0,,,8838.0,0,0,0,0,0,0,0,0,0,0,0,0,0,0,0,0,0,0,0,0,0,0,0,0,0,0,0,0,136,2026-02-05 17:26:26.149591
SPNG,25.6,25.61,26.03,5000.0,3000.0,1782100.0,6000.0,5000.0,6000.0,1493700.0,2343.0,,,0,0,0,0,0,0,0,0,0,0,0,0,0,0,0,0,0,0,0,0,0,0,0,0,0,0,0,0,137,2026-02-05 17:26:27.234606
SMMR,23.19,23.19,23.26,5000.0,,1288400.0,,96.0,,2093400.0,,7466.0,6000.0,0,0,0,0,0,0,0,0,0,0,0,0,0,0,0,0,0,0,0,0,0,0,0,0,0,0,0,0,137,2026-02-05 17:26:27.234606
ATMN,23.79,23.79,23.86,5000.0,2250.0,2096400.0,6000.0,10214.0,4500.0,1584500.0,8199.0,8199.0,,0,0,0,0,0,0,0,0,0,0,0,0,0,0,0,0,0,0,0,0,0,0,0,0,0,0,0,0,137,2026-02-05 17:26:27.234606
WNTR,23.1,23.05,23.1,,,1896200.0,,7679.0,,1371400.0,24523.0,1010.0,6000.0,0,0,0,0,0,0,0,0,0,0,0,0,0,0,0,0,0,0,0,0,0,0,0,0,0,0,0,0,137,2026-02-05 17:26:27.234606
SPNG,25.61,25.61,25.89,6000.0,1782100.0,6000.0,1016200.0,12000.0,10500.0,2443.0,,,0,0,0,0,0,0,0,0,0,0,0,0,0,0,0,0,0,0,0,0,0,0,0,0,0,0,0,0,0,138,2026-02-05 17:26:28.275053
SMMR,23.15,22.96,23.15,,1181200.0,,1788500.0,,11542.0,,640.0,6000.0,0,0,0,0,0,0,0,0,0,0,0,0,0,0,0,0,0,0,0,0,0,0,0,0,0,0,0,0,0,138,2026-02-05 17:26:28.275053
ATMN,23.2,23.2,23.85,,2541500.0,6000.0,1803800.0,9000.0,5000.0,,,,0,0,0,0,0,0,0,0,0,0,0,0,0,0,0,0,0,0,0,0,0,0,0,0,0,0,0,0,0,138,2026-02-05 17:26:28.275053
WNTR,23.1,23.1,23.13,,1893600.0,,1757200.0,,7679.0,,4902.0,6000.0,0,0,0,0,0,0,0,0,0,0,0,0,0,0,0,0,0,0,0,0,0,0,0,0,0,0,0,0,0,138,2026-02-05 17:26:28.275053
SPNG,25.4,25.23,25.38,2140400.0,1014900.0,2952.0,9400.0,15000.0,,,,,0,0,0,0,0,0,0,0,0,0,0,0,0,0,0,0,0,0,0,0,0,0,0,0,0,0,0,0,0,139,2026-02-05 17:26:29.309011
SMMR,23.33,23.33,23.34,1431800.0,2361200.0,,,,8917.0,5000.0,,,0,0,0,0,0,0,0,0,0,0,0,0,0,0,0,0,0,0,0,0,0,0,0,0,0,0,0,0,0,139,2026-02-05 17:26:29.309011
ATMN,23.55,23.52,23.55,1815700.0,1310400.0,19446.0,,13500.0,1671.0,6971.0,6000.0,6000.0,0,0,0,0,0,0,0,0,0,0,0,0,0,0,0,0,0,0,0,0,0,0,0,0,0,0,0,0,0,139,2026-02-05 17:26:29.309011
WNTR,23.21,23.18,23.19,2010900.0,2207600.0,10000.0,,,1267.0,,,,0,0,0,0,0,0,0,0,0,0,0,0,0,0,0,0,0,0,0,0,0,0,0,0,0,0,0,0,0,139,2026-02-05 17:26:29.309011
SPNG,25.23,25.23,25.87,2140400.0,8228.0,2420.0,24000.0,714200.0,,,,,,0,0,0,0,0,0,0,0,0,0,0,0,0,0,0,0,0,0,0,0,0,0,0,0,0,0,0,0,140,2026-02-05 17:26:30.374452
SMMR,23.11,23.2,23.26,1610000.0,100.0,5000.0,,1975600.0,7368.0,5130.0,6000.0,6000.0,,0,0,0,0,0,0,0,0,0,0,0,0,0,0,0,0,0,0,0,0,0,0,0,0,0,0,0,0,140,2026-02-05 17:26:30.374452
ATMN,23.91,23.54,23.61,1534200.0,126.0,,2250.0,2041700.0,10819.0,5577.0,6000.0,,2250.0,0,0,0,0,0,0,0,0,0,0,0,0,0,0,0,0,0,0,0,0,0,0,0,0,0,0,0,0,140,2026-02-05 17:26:30.374452
WNTR,23.18,23.17,23.18,1893600.0,20000.0,,,2112000.0,2297.0,,500.0,,,0,0,0,0,0,0,0,0,0,0,0,0,0,0,0,0,0,0,0,0,0,0,0,0,0,0,0,0,140,2026-02-05 17:26:30.374452
SPNG,25.68,25.68,25.7,1970100.0,5000.0,6000.0,805900.0,2420.0,27000.0,,,,,0,0,0,0,0,0,0,0,0,0,0,0,0,0,0,0,0,0,0,0,0,0,0,0,0,0,0,0,141,2026-02-05 17:26:31.492664
SMMR,23.15,23.11,23.22,1613500.0,,,1702400.0,5519.0,,2017.0,7120.0,6000.0,,0,0,0,0,0,0,0,0,0,0,0,0,0,0,0,0,0,0,0,0,0,0,0,0,0,0,0,0,141,2026-02-05 17:26:31.492664
ATMN,23.89,23.72,23.89,1667500.0,9961.0,6000.0,2168900.0,5000.0,,,,,6750.0,0,0,0,0,0,0,0,0,0,0,0,0,0,0,0,0,0,0,0,0,0,0,0,0,0,0,0,0,141,2026-02-05 17:26:31.492664
WNTR,23.15,23.15,23.18,1776200.0,5000.0,,2112000.0,5000.0,,,4413.0,,,0,0,0,0,0,0,0,0,0,0,0,0,0,0,0,0,0,0,0,0,0,0,0,0,0,0,0,0,141,2026-02-05 17:26:31.492664
SPNG,25.68,25.69,25.87,3000.0,1711700.0,172.0,5000.0,6000.0,18000.0,1421000.0,,,,0,0,0,0,0,0,0,0,0,0,0,0,0,0,0,0,0,0,0,0,0,0,0,0,0,0,0,0,142,2026-02-05 17:26:32.073062
SMMR,23.17,23.17,23.22,,1755800.0,2017.0,,,,1702400.0,7120.0,4416.0,6000.0,0,0,0,0,0,0,0,0,0,0,0,0,0,0,0,0,0,0,0,0,0,0,0,0,0,0,0,0,142,2026-02-05 17:26:32.073062
ATMN,23.89,23.76,23.91,9000.0,1557400.0,5708.0,4461.0,,,2247700.0,100.0,,,0,0,0,0,0,0,0,0,0,0,0,0,0,0,0,0,0,0,0,0,0,0,0,0,0,0,0,0,142,2026-02-05 17:26:32.073062
WNTR,23.03,23.02,23.03,,1685200.0,,,,,2244000.0,4413.0,,,0,0,0,0,0,0,0,0,0,0,0,0,0,0,0,0,0,0,0,0,0,0,0,0,0,0,0,0,142,2026-02-05 17:26:32.073062
SPNG,25.42,25.47,25.82,2115700.0,3000.0,6076.0,1724.0,24000.0,819400.0,,,,0,0,0,0,0,0,0,0,0,0,0,0,0,0,0,0,0,0,0,0,0,0,0,0,0,0,0,0,0,143,2026-02-05 17:26:33.116015
SMMR,23.33,23.33,23.35,1885400.0,,,,,2359900.0,4996.0,3967.0,,0,0,0,0,0,0,0,0,0,0,0,0,0,0,0,0,0,0,0,0,0,0,0,0,0,0,0,0,0,143,2026-02-05 17:26:33.116015
ATMN,23.82,23.82,23.9,2436600.0,,200.0,5446.0,,1704800.0,6000.0,,5000.0,0,0,0,0,0,0,0,0,0,0,0,0,0,0,0,0,0,0,0,0,0,0,0,0,0,0,0,0,0,143,2026-02-05 17:26:33.116015
WNTR,23.03,23.03,23.17,1808200.0,,4413.0,5000.0,,2112000.0,,2666.0,5000.0,0,0,0,0,0,0,0,0,0,0,0,0,0,0,0,0,0,0,0,0,0,0,0,0,0,0,0,0,0,143,2026-02-05 17:26:33.116015
SPNG,25.73,25.73,25.88,1352300.0,5173.0,6000.0,6000.0,5000.0,1854200.0,,,,0,0,0,0,0,0,0,0,0,0,0,0,0,0,0,0,0,0,0,0,0,0,0,0,0,0,0,0,0,144,2026-02-05 17:26:34.167806
SMMR,23.33,23.33,23.35,1885400.0,,,6000.0,,2328600.0,,,,0,0,0,0,0,0,0,0,0,0,0,0,0,0,0,0,0,0,0,0,0,0,0,0,0,0,0,0,0,144,2026-02-05 17:26:34.167806
ATMN,23.12,23.41,23.9,2565800.0,,2250.0,,,2200000.0,4500.0,,,0,0,0,0,0,0,0,0,0,0,0,0,0,0,0,0,0,0,0,0,0,0,0,0,0,0,0,0,0,144,2026-02-05 17:26:34.167806
WNTR,23.02,23.1,23.13,1904000.0,5000.0,,4795.0,7173.0,1763200.0,,2122.0,6000.0,0,0,0,0,0,0,0,0,0,0,0,0,0,0,0,0,0,0,0,0,0,0,0,0,0,0,0,0,0,144,2026-02-05 17:26:34.167806
SPNG,25.69,25.56,25.68,9000.0,1606800.0,47.0,6000.0,5000.0,1794900.0,100.0,,,0,0,0,0,0,0,0,0,0,0,0,0,0,0,0,0,0,0,0,0,0,0,0,0,0,0,0,0,0,145,2026-02-05 17:26:35.213993
SMMR,23.33,23.17,23.29,,1755800.0,,6000.0,,2178600.0,8570.0,3183.0,,0,0,0,0,0,0,0,0,0,0,0,0,0,0,0,0,0,0,0,0,0,0,0,0,0,0,0,0,0,145,2026-02-05 17:26:35.213993
ATMN,23.98,23.53,23.55,,2211500.0,5000.0,4519.0,,2279200.0,,649.0,6000.0,0,0,0,0,0,0,0,0,0,0,0,0,0,0,0,0,0,0,0,0,0,0,0,0,0,0,0,0,0,145,2026-02-05 17:26:35.213993
WNTR,23.05,23.05,23.09,,1904000.0,,,12673.0,1522200.0,19164.0,806.0,6000.0,0,0,0,0,0,0,0,0,0,0,0,0,0,0,0,0,0,0,0,0,0,0,0,0,0,0,0,0,0,145,2026-02-05 17:26:35.213993
SPNG,25.89,25.83,25.89,15000.0,1027000.0,5673.0,1517.0,6000.0,1953700.0,,,,,0,0,0,0,0,0,0,0,0,0,0,0,0,0,0,0,0,0,0,0,0,0,0,0,0,0,0,0,146,2026-02-05 17:26:36.275844
SMMR,23.35,23.15,23.35,,1613500.0,,7692.0,6000.0,1832500.0,8570.0,5057.0,,,0,0,0,0,0,0,0,0,0,0,0,0,0,0,0,0,0,0,0,0,0,0,0,0,0,0,0,0,146,2026-02-05 17:26:36.275844
ATMN,23.76,23.53,23.55,,2090800.0,,2813.0,6000.0,2053100.0,,5000.0,4500.0,,0,0,0,0,0,0,0,0,0,0,0,0,0,0,0,0,0,0,0,0,0,0,0,0,0,0,0,0,146,2026-02-05 17:26:36.275844
WNTR,23.01,23.01,23.06,,1783700.0,,644.0,,1395000.0,23746.0,12673.0,,6000.0,0,0,0,0,0,0,0,0,0,0,0,0,0,0,0,0,0,0,0,0,0,0,0,0,0,0,0,0,146,2026-02-05 17:26:36.275844
SPNG,25.56,25.87,25.88,1700800.0,4538.0,3000.0,3000.0,1873500.0,,,,,0,0,0,0,0,0,0,0,0,0,0,0,0,0,0,0,0,0,0,0,0,0,0,0,0,0,0,0,0,147,2026-02-05 17:26:37.334950
SMMR,23.16,23.15,23.16,1752300.0,,,,2229200.0,6000.0,5000.0,,,0,0,0,0,0,0,0,0,0,0,0,0,0,0,0,0,0,0,0,0,0,0,0,0,0,0,0,0,0,147,2026-02-05 17:26:37.334950
ATMN,23.41,23.63,23.96,1957800.0,6515.0,2250.0,6750.0,1933000.0,,5000.0,,,0,0,0,0,0,0,0,0,0,0,0,0,0,0,0,0,0,0,0,0,0,0,0,0,0,0,0,0,0,147,2026-02-05 17:26:37.334950
WNTR,23.01,23.01,23.05,1898800.0,,,,1782500.0,,12673.0,638.0,6000.0,0,0,0,0,0,0,0,0,0,0,0,0,0,0,0,0,0,0,0,0,0,0,0,0,0,0,0,0,0,147,2026-02-05 17:26:37.334950
SPNG,25.89,25.58,25.89,500.0,2090700.0,1953700.0,,,,,,,0,0,0,0,0,0,0,0,0,0,0,0,0,0,0,0,0,0,0,0,0,0,0,0,0,0,0,0,0,148,2026-02-05 17:26:38.381397
SMMR,23.16,23.15,23.16,6000.0,1847800.0,2089900.0,7426.0,443.0,11799.0,,,,0,0,0,0,0,0,0,0,0,0,0,0,0,0,0,0,0,0,0,0,0,0,0,0,0,0,0,0,0,148,2026-02-05 17:26:38.381397
ATMN,23.57,23.72,23.86,,2618400.0,1202400.0,,,7909.0,13132.0,11250.0,,0,0,0,0,0,0,0,0,0,0,0,0,0,0,0,0,0,0,0,0,0,0,0,0,0,0,0,0,0,148,2026-02-05 17:26:38.381397
WNTR,23.13,23.05,23.08,,2016600.0,1886900.0,1259.0,,10000.0,5580.0,,6000.0,0,0,0,0,0,0,0,0,0,0,0,0,0,0,0,0,0,0,0,0,0,0,0,0,0,0,0,0,0,148,2026-02-05 17:26:38.381397
SPNG,25.53,25.48,25.53,5000.0,1948000.0,100.0,1404200.0,5954.0,6000.0,6000.0,,,0,0,0,0,0,0,0,0,0,0,0,0,0,0,0,0,0,0,0,0,0,0,0,0,0,0,0,0,0,149,2026-02-05 17:26:39.457537
SMMR,23.16,23.15,23.16,443.0,1861800.0,7426.0,2077200.0,,,,5315.0,,0,0,0,0,0,0,0,0,0,0,0,0,0,0,0,0,0,0,0,0,0,0,0,0,0,0,0,0,0,149,2026-02-05 17:26:39.457537
ATMN,23.57,23.72,23.75,,2330400.0,985.0,706800.0,13132.0,,18000.0,16180.0,6000.0,0,0,0,0,0,0,0,0,0,0,0,0,0,0,0,0,0,0,0,0,0,0,0,0,0,0,0,0,0,149,2026-02-05 17:26:39.457537
WNTR,23.07,23.07,23.08,,2138200.0,941.0,1978200.0,5580.0,,,10000.0,,0,0,0,0,0,0,0,0,0,0,0,0,0,0,0,0,0,0,0,0,0,0,0,0,0,0,0,0,0,149,2026-02-05 17:26:39.457537
SPNG,25.74,25.48,25.59,3000.0,2059100.0,1529900.0,5000.0,9000.0,303.0,,,,0,0,0,0,0,0,0,0,0,0,0,0,0,0,0,0,0,0,0,0,0,0,0,0,0,0,0,0,0,150,2026-02-05 17:26:40.557256
SMMR,23.35,23.15,23.35,,1794600.0,2321300.0,,,,4863.0,443.0,6000.0,0,0,0,0,0,0,0,0,0,0,0,0,0,0,0,0,0,0,0,0,0,0,0,0,0,0,0,0,0,150,2026-02-05 17:26:40.557256
ATMN,23.58,23.58,23.67,,2657300.0,948800.0,9879.0,15750.0,906.0,,,,0,0,0,0,0,0,0,0,0,0,0,0,0,0,0,0,0,0,0,0,0,0,0,0,0,0,0,0,0,150,2026-02-05 17:26:40.557256
WNTR,23.13,23.15,23.17,,1930200.0,2326200.0,,,,8806.0,4733.0,,0,0,0,0,0,0,0,0,0,0,0,0,0,0,0,0,0,0,0,0,0,0,0,0,0,0,0,0,0,150,2026-02-05 17:26:40.557256
SPNG,25.89,25.49,25.89,5000.0,3000.0,1963300.0,1861800.0,303.0,,,,,0,0,0,0,0,0,0,0,0,0,0,0,0,0,0,0,0,0,0,0,0,0,0,0,0,0,0,0,0,151,2026-02-05 17:26:41.110037
SMMR,23.35,23.16,23.26,5443.0,,1711200.0,2241800.0,,4863.0,6000.0,5000.0,,0,0,0,0,0,0,0,0,0,0,0,0,0,0,0,0,0,0,0,0,0,0,0,0,0,0,0,0,0,151,2026-02-05 17:26:41.110037
ATMN,23.34,23.34,23.67,,,2664400.0,1086400.0,906.0,,,9879.0,13500.0,0,0,0,0,0,0,0,0,0,0,0,0,0,0,0,0,0,0,0,0,0,0,0,0,0,0,0,0,0,151,2026-02-05 17:26:41.110037
WNTR,23.18,23.15,23.18,4733.0,,1814200.0,2293600.0,,8806.0,6000.0,,,0,0,0,0,0,0,0,0,0,0,0,0,0,0,0,0,0,0,0,0,0,0,0,0,0,0,0,0,0,151,2026-02-05 17:26:41.110037
SPNG,25.52,25.5,25.52,11105.0,9000.0,1389400.0,5000.0,1618900.0,3000.0,831.0,,,0,0,0,0,0,0,0,0,0,0,0,0,0,0,0,0,0,0,0,0,0,0,0,0,0,0,0,0,0,152,2026-02-05 17:26:42.158429
SMMR,23.14,23.19,23.21,5443.0,,1910500.0,5000.0,2131700.0,,7667.0,,,0,0,0,0,0,0,0,0,0,0,0,0,0,0,0,0,0,0,0,0,0,0,0,0,0,0,0,0,0,152,2026-02-05 17:26:42.158429
ATMN,23.57,23.58,23.59,5000.0,,2257300.0,15379.0,821600.0,15750.0,9928.0,6000.0,1540.0,0,0,0,0,0,0,0,0,0,0,0,0,0,0,0,0,0,0,0,0,0,0,0,0,0,0,0,0,0,152,2026-02-05 17:26:42.158429
WNTR,23.15,23.15,23.18,4733.0,,1938000.0,,2148300.0,,4760.0,,8806.0,0,0,0,0,0,0,0,0,0,0,0,0,0,0,0,0,0,0,0,0,0,0,0,0,0,0,0,0,0,152,2026-02-05 17:26:42.158429
SPNG,25.52,25.5,25.52,11105.0,12000.0,1312700.0,6000.0,1437000.0,2673.0,6000.0,,,,0,0,0,0,0,0,0,0,0,0,0,0,0,0,0,0,0,0,0,0,0,0,0,0,0,0,0,0,153,2026-02-05 17:26:43.208562
SMMR,23.23,23.19,23.23,443.0,,1931000.0,,2093800.0,7667.0,,6000.0,5000.0,,0,0,0,0,0,0,0,0,0,0,0,0,0,0,0,0,0,0,0,0,0,0,0,0,0,0,0,0,153,2026-02-05 17:26:43.208562
ATMN,23.47,23.35,23.47,8613.0,2250.0,1978100.0,9000.0,1887700.0,,,,,1540.0,0,0,0,0,0,0,0,0,0,0,0,0,0,0,0,0,0,0,0,0,0,0,0,0,0,0,0,0,153,2026-02-05 17:26:43.208562
WNTR,23.05,23.05,23.1,,,2140400.0,,2039800.0,10428.0,,,,,0,0,0,0,0,0,0,0,0,0,0,0,0,0,0,0,0,0,0,0,0,0,0,0,0,0,0,0,153,2026-02-05 17:26:43.208562
SPNG,25.91,25.52,25.91,6026.0,11105.0,12000.0,1212600.0,1962900.0,,,,,,0,0,0,0,0,0,0,0,0,0,0,0,0,0,0,0,0,0,0,0,0,0,0,0,0,0,0,0,154,2026-02-05 17:26:44.257029
SMMR,23.14,23.17,23.21,,,,2289300.0,1821500.0,6000.0,3615.0,7744.0,,,0,0,0,0,0,0,0,0,0,0,0,0,0,0,0,0,0,0,0,0,0,0,0,0,0,0,0,0,154,2026-02-05 17:26:44.257029
ATMN,23.84,23.84,23.93,6377.0,,4500.0,2006500.0,1547000.0,500.0,,4306.0,9000.0,,0,0,0,0,0,0,0,0,0,0,0,0,0,0,0,0,0,0,0,0,0,0,0,0,0,0,0,0,154,2026-02-05 17:26:44.257029
WNTR,22.99,23.06,23.12,,5000.0,,1905900.0,2130700.0,,,,,6000.0,0,0,0,0,0,0,0,0,0,0,0,0,0,0,0,0,0,0,0,0,0,0,0,0,0,0,0,0,154,2026-02-05 17:26:44.257029
SPNG,25.61,25.61,25.67,12153.0,1108900.0,10384.0,15000.0,1908700.0,1252.0,,0,0,0,0,0,0,0,0,0,0,0,0,0,0,0,0,0,0,0,0,0,0,0,0,0,0,0,0,0,0,0,155,2026-02-05 17:26:45.303209
SMMR,23.26,23.18,23.26,831.0,1835200.0,7321.0,,2340700.0,,,0,0,0,0,0,0,0,0,0,0,0,0,0,0,0,0,0,0,0,0,0,0,0,0,0,0,0,0,0,0,0,155,2026-02-05 17:26:45.303209
ATMN,23.84,23.4,23.59,6377.0,1433800.0,6194.0,9000.0,1692600.0,231.0,11250.0,0,0,0,0,0,0,0,0,0,0,0,0,0,0,0,0,0,0,0,0,0,0,0,0,0,0,0,0,0,0,0,155,2026-02-05 17:26:45.303209
WNTR,23.18,23.06,23.18,3139.0,1877400.0,5027.0,,2277600.0,,,0,0,0,0,0,0,0,0,0,0,0,0,0,0,0,0,0,0,0,0,0,0,0,0,0,0,0,0,0,0,0,155,2026-02-05 17:26:45.303209
SPNG,25.66,25.6,25.66,1220300.0,8308.0,6000.0,15000.0,3000.0,1908700.0,0,0,0,0,0,0,0,0,0,0,0,0,0,0,0,0,0,0,0,0,0,0,0,0,0,0,0,0,0,0,0,0,156,2026-02-05 17:26:46.353806
SMMR,23.31,23.18,23.29,1835200.0,7321.0,6000.0,,,2337900.0,0,0,0,0,0,0,0,0,0,0,0,0,0,0,0,0,0,0,0,0,0,0,0,0,0,0,0,0,0,0,0,0,156,2026-02-05 17:26:46.353806
ATMN,23.57,23.56,23.57,1695700.0,868.0,,11250.0,13500.0,1679800.0,0,0,0,0,0,0,0,0,0,0,0,0,0,0,0,0,0,0,0,0,0,0,0,0,0,0,0,0,0,0,0,0,156,2026-02-05 17:26:46.353806
WNTR,23.08,23.09,23.1,2126100.0,5000.0,500.0,,,2302100.0,0,0,0,0,0,0,0,0,0,0,0,0,0,0,0,0,0,0,0,0,0,0,0,0,0,0,0,0,0,0,0,0,156,2026-02-05 17:26:46.353806
