ticker,last_price,bid_price,ask_price,BUY_LUIS-1,BUY_ANON,SELL_LUIS-1,SELL_ANON,SELL_WRSW-2,BUY_WRSW-2,BUY_GIOT-3,BUY_ZUAI-2,SELL_UEBR-1,SELL_GIOT-4,BUY_WRSW-1,BUY_GIOT-4,BUY_UEBR-1,SELL_IESE-1,BUY_LUIS-4,SELL_GIOT-3,SELL_WRSW-3,SELL_WRSW-1,BUY_WRSW-3,BUY_IESE-1,SELL_LUIS-4,tick,timestamp,news_news_id,news_period,news_tick,news_ticker,news_headline,news_body
SPNG,25.42,24.73,25.41,4500.0,2014700.0,2250.0,2140800.0,,,0,0,0,0,0,0,0,0,0,0,0,0,0,0,0,1,2026-02-04 07:35:31.188628,2.0,1.0,1.0,,Aggregate Position Limit,Your CRO has set the aggregate position limit to 9000 shares for this week.
SMMR,25.04,25.02,25.03,,2293600.0,,1195600.0,7500.0,,0,0,0,0,0,0,0,0,0,0,0,0,0,0,0,1,2026-02-04 07:35:31.188628,1.0,1.0,1.0,,Welcome to the RITC 2026 Alogithmic Market Making Case - practice server,
ATMN,24.87,24.87,25.27,,2271000.0,,1962200.0,,,0,0,0,0,0,0,0,0,0,0,0,0,0,0,0,1,2026-02-04 07:35:31.188628,,,,,,
WNTR,24.92,25.02,25.03,,1893400.0,,2004000.0,,7500.0,0,0,0,0,0,0,0,0,0,0,0,0,0,0,0,1,2026-02-04 07:35:31.188628,,,,,,
SPNG,25.42,24.73,25.42,4500.0,2014700.0,2252100.0,,0,0,0,0,0,0,0,0,0,0,0,0,0,0,0,0,0,2,2026-02-04 07:35:31.729888
SMMR,25.06,25.02,25.06,,2307500.0,1089300.0,,0,0,0,0,0,0,0,0,0,0,0,0,0,0,0,0,0,2,2026-02-04 07:35:31.729888
ATMN,24.79,24.88,24.91,4500.0,2027000.0,1935200.0,4500.0,0,0,0,0,0,0,0,0,0,0,0,0,0,0,0,0,0,2,2026-02-04 07:35:31.729888
WNTR,24.92,25.02,25.03,,2001000.0,2004000.0,,0,0,0,0,0,0,0,0,0,0,0,0,0,0,0,0,0,2,2026-02-04 07:35:31.729888
SPNG,25.43,24.72,25.43,2229500.0,2237700.0,,0,0,0,0,0,0,0,0,0,0,0,0,0,0,0,0,0,0,3,2026-02-04 07:35:32.264244
SMMR,25.06,25.02,25.06,2307500.0,1218200.0,,0,0,0,0,0,0,0,0,0,0,0,0,0,0,0,0,0,0,3,2026-02-04 07:35:32.264244
ATMN,25.27,24.88,25.27,2027000.0,2082200.0,4500.0,0,0,0,0,0,0,0,0,0,0,0,0,0,0,0,0,0,0,3,2026-02-04 07:35:32.264244
WNTR,25.02,24.84,24.94,2024600.0,2103100.0,,0,0,0,0,0,0,0,0,0,0,0,0,0,0,0,0,0,0,3,2026-02-04 07:35:32.264244
SPNG,24.89,24.73,24.89,2008000.0,4500.0,2014300.0,4500.0,0,0,0,0,0,0,0,0,0,0,0,0,0,0,0,0,0,4,2026-02-04 07:35:33.304218
SMMR,25.02,24.99,25.02,2284300.0,,1345100.0,,0,0,0,0,0,0,0,0,0,0,0,0,0,0,0,0,0,4,2026-02-04 07:35:33.304218
ATMN,25.16,24.88,25.16,2027000.0,4500.0,2196300.0,,0,0,0,0,0,0,0,0,0,0,0,0,0,0,0,0,0,4,2026-02-04 07:35:33.304218
WNTR,25.04,24.84,24.89,2050300.0,,2003500.0,,0,0,0,0,0,0,0,0,0,0,0,0,0,0,0,0,0,4,2026-02-04 07:35:33.304218
SPNG,25.43,25.43,25.47,2024000.0,4500.0,4500.0,2018800.0,0,0,0,0,0,0,0,0,0,0,0,0,0,0,0,0,0,5,2026-02-04 07:35:34.341584
SMMR,25.06,25.06,25.15,2294600.0,,,1092800.0,0,0,0,0,0,0,0,0,0,0,0,0,0,0,0,0,0,5,2026-02-04 07:35:34.341584
ATMN,25.17,24.88,25.14,1821300.0,9000.0,4500.0,1977500.0,0,0,0,0,0,0,0,0,0,0,0,0,0,0,0,0,0,5,2026-02-04 07:35:34.341584
WNTR,24.89,24.88,24.89,2029000.0,,,2003500.0,0,0,0,0,0,0,0,0,0,0,0,0,0,0,0,0,0,5,2026-02-04 07:35:34.341584
SPNG,24.73,25.44,25.47,2001400.0,4500.0,9000.0,1791500.0,,,0,0,0,0,0,0,0,0,0,0,0,0,0,0,0,6,2026-02-04 07:35:35.378302
SMMR,25.15,25.07,25.14,2163200.0,,,1322000.0,10000.0,10000.0,0,0,0,0,0,0,0,0,0,0,0,0,0,0,0,6,2026-02-04 07:35:35.378302
ATMN,25.17,24.89,24.92,1616400.0,11250.0,6750.0,1800000.0,10000.0,10000.0,0,0,0,0,0,0,0,0,0,0,0,0,0,0,0,6,2026-02-04 07:35:35.378302
WNTR,24.89,25.02,25.05,2029500.0,,,2109000.0,,,0,0,0,0,0,0,0,0,0,0,0,0,0,0,0,6,2026-02-04 07:35:35.378302
SPNG,24.58,25.06,25.34,2250.0,2128200.0,1630100.0,10000.0,9000.0,,0,0,0,0,0,0,0,0,0,0,0,0,0,0,0,7,2026-02-04 07:35:36.408301
SMMR,24.99,25.08,25.15,,2179800.0,1424900.0,,,3750.0,0,0,0,0,0,0,0,0,0,0,0,0,0,0,0,7,2026-02-04 07:35:36.408301
ATMN,24.93,24.89,24.93,13500.0,1608500.0,1997400.0,,4500.0,,0,0,0,0,0,0,0,0,0,0,0,0,0,0,0,7,2026-02-04 07:35:36.408301
WNTR,25.05,24.93,25.05,,1930000.0,2109000.0,,,2812.0,0,0,0,0,0,0,0,0,0,0,0,0,0,0,0,7,2026-02-04 07:35:36.408301
SPNG,25.05,25.05,25.33,2229100.0,10000.0,1304900.0,2812.0,13500.0,,,0,0,0,0,0,0,0,0,0,0,0,0,0,0,8,2026-02-04 07:35:37.449345
SMMR,24.96,24.96,25.11,2267900.0,10000.0,1540400.0,2812.0,,,,0,0,0,0,0,0,0,0,0,0,0,0,0,0,8,2026-02-04 07:35:37.449345
ATMN,24.88,24.9,24.92,1218900.0,,1959500.0,2812.0,2250.0,2812.0,18000.0,0,0,0,0,0,0,0,0,0,0,0,0,0,0,8,2026-02-04 07:35:37.449345
WNTR,24.84,24.84,24.97,2002700.0,,2006300.0,2812.0,,,,0,0,0,0,0,0,0,0,0,0,0,0,0,0,8,2026-02-04 07:35:37.449345
SPNG,25.34,24.7,24.98,2206700.0,10000.0,1196200.0,16750.0,,,,0,0,0,0,0,0,0,0,0,0,0,0,0,0,9,2026-02-04 07:35:38.485132
SMMR,24.96,25.0,25.01,2143100.0,10000.0,1787400.0,,2812.0,3750.0,,0,0,0,0,0,0,0,0,0,0,0,0,0,0,9,2026-02-04 07:35:38.485132
ATMN,24.88,25.24,25.27,1298500.0,,1959500.0,4500.0,,,18000.0,0,0,0,0,0,0,0,0,0,0,0,0,0,0,9,2026-02-04 07:35:38.485132
WNTR,24.99,24.84,24.99,2002700.0,,2124700.0,,,,,0,0,0,0,0,0,0,0,0,0,0,0,0,0,9,2026-02-04 07:35:38.485132
SPNG,24.7,24.98,25.01,1070.0,1916300.0,1017.0,535.0,1017.0,1083000.0,16750.0,,,0,0,0,0,0,0,0,0,0,0,0,0,10,2026-02-04 07:35:39.606883
SMMR,25.01,24.96,25.01,1070.0,2013100.0,,535.0,3750.0,1896700.0,,,,0,0,0,0,0,0,0,0,0,0,0,0,10,2026-02-04 07:35:39.606883
ATMN,25.24,25.15,25.16,535.0,1178200.0,,535.0,,2062200.0,,18000.0,,0,0,0,0,0,0,0,0,0,0,0,0,10,2026-02-04 07:35:39.606883
WNTR,25.05,24.84,25.04,,2018300.0,,1070.0,,1770300.0,,,10000.0,0,0,0,0,0,0,0,0,0,0,0,0,10,2026-02-04 07:35:39.606883
SPNG,24.96,25.19,25.24,3745.0,1471100.0,1610.0,16750.0,540000.0,,,0,0,0,0,0,0,0,0,0,0,0,0,0,0,11,2026-02-04 07:35:40.645480
SMMR,25.0,25.0,25.01,3210.0,1616600.0,2292.0,,1458200.0,3750.0,,0,0,0,0,0,0,0,0,0,0,0,0,0,0,11,2026-02-04 07:35:40.645480
ATMN,25.16,25.14,25.16,1530.0,1683900.0,3745.0,,1474600.0,,,0,0,0,0,0,0,0,0,0,0,0,0,0,0,11,2026-02-04 07:35:40.645480
WNTR,25.02,24.99,25.02,1836.0,1487000.0,3745.0,,1336500.0,,3261.0,0,0,0,0,0,0,0,0,0,0,0,0,0,0,11,2026-02-04 07:35:40.645480
SPNG,25.17,25.14,25.17,1605.0,10000.0,571.0,1725700.0,568800.0,2142.0,16750.0,,0,0,0,0,0,0,0,0,0,0,0,0,0,12,2026-02-04 07:35:41.692374
SMMR,25.0,25.0,25.02,3745.0,,,1478900.0,1467000.0,2674.0,,,0,0,0,0,0,0,0,0,0,0,0,0,0,12,2026-02-04 07:35:41.692374
ATMN,25.02,24.8,24.89,,,,2027100.0,1246800.0,3745.0,4500.0,4500.0,0,0,0,0,0,0,0,0,0,0,0,0,0,12,2026-02-04 07:35:41.692374
WNTR,25.02,25.01,25.02,1255.0,,,1520500.0,1333700.0,3745.0,,,0,0,0,0,0,0,0,0,0,0,0,0,0,12,2026-02-04 07:35:41.692374
SPNG,25.08,24.63,25.07,2216100.0,20000.0,332100.0,3745.0,,,0,0,0,0,0,0,0,0,0,0,0,0,0,0,0,13,2026-02-04 07:35:42.754595
SMMR,24.93,24.93,25.0,1838900.0,1500.0,1372500.0,2674.0,2140.0,,0,0,0,0,0,0,0,0,0,0,0,0,0,0,0,13,2026-02-04 07:35:42.754595
ATMN,24.91,24.91,25.16,1788400.0,6750.0,1138700.0,3745.0,,9000.0,0,0,0,0,0,0,0,0,0,0,0,0,0,0,0,13,2026-02-04 07:35:42.754595
WNTR,25.01,24.84,24.91,1985700.0,,1452700.0,3210.0,,,0,0,0,0,0,0,0,0,0,0,0,0,0,0,0,13,2026-02-04 07:35:42.754595
SPNG,25.08,25.06,25.08,2218000.0,332100.0,3745.0,20000.0,,,,,0,0,0,0,0,0,0,0,0,0,0,0,0,14,2026-02-04 07:35:43.797431
SMMR,24.92,24.97,24.99,1875700.0,798500.0,2981.0,,1836.0,4697.0,,,0,0,0,0,0,0,0,0,0,0,0,0,0,14,2026-02-04 07:35:43.797431
ATMN,25.16,24.91,25.16,1649600.0,1020500.0,3745.0,9000.0,,,571.0,9000.0,0,0,0,0,0,0,0,0,0,0,0,0,0,14,2026-02-04 07:35:43.797431
WNTR,25.01,24.84,25.01,1984400.0,1339500.0,3745.0,,,,,,0,0,0,0,0,0,0,0,0,0,0,0,0,14,2026-02-04 07:35:43.797431
SPNG,24.63,24.63,25.08,2210700.0,452000.0,3745.0,17750.0,,,,0,0,0,0,0,0,0,0,0,0,0,0,0,0,15,2026-02-04 07:35:44.346634
SMMR,25.05,25.05,25.08,1441700.0,1751600.0,2140.0,,2597.0,4697.0,,0,0,0,0,0,0,0,0,0,0,0,0,0,0,15,2026-02-04 07:35:44.346634
ATMN,25.21,25.07,25.21,1537800.0,1391200.0,3210.0,4500.0,,571.0,11250.0,0,0,0,0,0,0,0,0,0,0,0,0,0,0,15,2026-02-04 07:35:44.346634
WNTR,24.83,24.83,25.01,1979900.0,1339500.0,3745.0,,,,,0,0,0,0,0,0,0,0,0,0,0,0,0,0,15,2026-02-04 07:35:44.346634
SPNG,25.07,25.05,25.07,1380.0,1178400.0,10000.0,2250.0,4697.0,10000.0,3745.0,446900.0,16750.0,0,0,0,0,0,0,0,0,0,0,0,0,16,2026-02-04 07:35:45.379692
SMMR,25.05,25.05,25.06,3745.0,1549100.0,,,,,1902.0,1546900.0,,0,0,0,0,0,0,0,0,0,0,0,0,16,2026-02-04 07:35:45.379692
ATMN,25.1,25.16,25.2,,1752700.0,,9000.0,,,3745.0,1160000.0,6750.0,0,0,0,0,0,0,0,0,0,0,0,0,16,2026-02-04 07:35:45.379692
WNTR,25.06,24.83,25.06,,1974900.0,,,,,2675.0,1525000.0,,0,0,0,0,0,0,0,0,0,0,0,0,16,2026-02-04 07:35:45.379692
SPNG,25.08,25.06,25.08,230.0,1182.0,1178400.0,4500.0,3745.0,562000.0,16750.0,0,0,0,0,0,0,0,0,0,0,0,0,0,0,17,2026-02-04 07:35:46.408069
SMMR,24.89,24.98,25.05,,3745.0,1522100.0,,1904.0,1452500.0,,0,0,0,0,0,0,0,0,0,0,0,0,0,0,17,2026-02-04 07:35:46.408069
ATMN,25.07,24.91,25.07,,,1552300.0,13500.0,3745.0,1147200.0,6750.0,0,0,0,0,0,0,0,0,0,0,0,0,0,0,17,2026-02-04 07:35:46.408069
WNTR,24.88,24.87,24.88,,140.0,1764900.0,,3745.0,1324600.0,,0,0,0,0,0,0,0,0,0,0,0,0,0,0,17,2026-02-04 07:35:46.408069
SPNG,24.66,24.82,25.08,2103700.0,2250.0,3745.0,16750.0,562000.0,,,0,0,0,0,0,0,0,0,0,0,0,0,0,0,18,2026-02-04 07:35:47.442863
SMMR,25.09,24.97,25.09,1416000.0,,1824.0,,1773600.0,2211.0,3745.0,0,0,0,0,0,0,0,0,0,0,0,0,0,0,18,2026-02-04 07:35:47.442863
ATMN,25.21,25.21,25.22,1470500.0,13500.0,3210.0,,1576500.0,571.0,,0,0,0,0,0,0,0,0,0,0,0,0,0,0,18,2026-02-04 07:35:47.442863
WNTR,25.07,25.03,25.07,1257700.0,,2675.0,,1527600.0,,140.0,0,0,0,0,0,0,0,0,0,0,0,0,0,0,18,2026-02-04 07:35:47.442863
SPNG,24.88,24.83,24.88,10000.0,1862700.0,4500.0,662700.0,10000.0,3745.0,12250.0,,,,0,0,0,0,0,0,0,0,0,0,0,19,2026-02-04 07:35:48.471831
SMMR,24.99,24.99,25.01,10000.0,1170500.0,3000.0,1324100.0,10000.0,1170.0,,4934.0,3745.0,4934.0,0,0,0,0,0,0,0,0,0,0,0,19,2026-02-04 07:35:48.471831
ATMN,24.79,24.8,25.19,,2172800.0,2250.0,1332800.0,,3745.0,2250.0,,,,0,0,0,0,0,0,0,0,0,0,0,19,2026-02-04 07:35:48.471831
WNTR,25.02,24.99,25.02,,965700.0,,1312400.0,,3745.0,,,1494.0,,0,0,0,0,0,0,0,0,0,0,0,19,2026-02-04 07:35:48.471831
SPNG,24.82,24.82,25.08,1974400.0,4500.0,3745.0,562000.0,16750.0,,,,0,0,0,0,0,0,0,0,0,0,0,0,0,20,2026-02-04 07:35:49.498811
SMMR,25.15,24.97,25.15,1422000.0,3000.0,501.0,1624900.0,,3745.0,,,0,0,0,0,0,0,0,0,0,0,0,0,0,20,2026-02-04 07:35:49.498811
ATMN,24.83,25.06,25.18,2044800.0,2250.0,3745.0,1094800.0,4500.0,,2413.0,2413.0,0,0,0,0,0,0,0,0,0,0,0,0,0,20,2026-02-04 07:35:49.498811
WNTR,24.96,24.93,24.96,872900.0,,3325.0,1350000.0,,2140.0,,,0,0,0,0,0,0,0,0,0,0,0,0,0,20,2026-02-04 07:35:49.498811
SPNG,24.82,24.93,25.07,1752100.0,6750.0,4408.0,4408.0,3745.0,677400.0,12250.0,,0,0,0,0,0,0,0,0,0,0,0,0,0,21,2026-02-04 07:35:50.531700
SMMR,25.15,25.15,25.17,1421700.0,3000.0,,,,1533300.0,,3745.0,0,0,0,0,0,0,0,0,0,0,0,0,0,21,2026-02-04 07:35:50.531700
ATMN,25.22,25.06,25.22,1908300.0,6750.0,,,3210.0,1338800.0,4500.0,,0,0,0,0,0,0,0,0,0,0,0,0,0,21,2026-02-04 07:35:50.531700
WNTR,24.82,24.82,24.96,1984700.0,,,,3745.0,1350000.0,,,0,0,0,0,0,0,0,0,0,0,0,0,0,21,2026-02-04 07:35:50.531700
SPNG,25.14,25.16,25.17,11250.0,1649700.0,702200.0,2140.0,21250.0,,,,0,0,0,0,0,0,0,0,0,0,0,0,0,22,2026-02-04 07:35:51.572128
SMMR,24.9,24.9,25.14,,1860300.0,1634700.0,,,2140.0,195.0,,0,0,0,0,0,0,0,0,0,0,0,0,0,22,2026-02-04 07:35:51.572128
ATMN,25.03,25.03,25.22,6750.0,1903000.0,1218800.0,3745.0,4500.0,,,,0,0,0,0,0,0,0,0,0,0,0,0,0,22,2026-02-04 07:35:51.572128
WNTR,25.15,24.83,25.15,,1874300.0,1885100.0,1070.0,,,,4474.0,0,0,0,0,0,0,0,0,0,0,0,0,0,22,2026-02-04 07:35:51.572128
SPNG,25.16,25.15,25.16,1098400.0,1603.0,6750.0,944200.0,2140.0,16750.0,,,,0,0,0,0,0,0,0,0,0,0,0,0,23,2026-02-04 07:35:52.617219
SMMR,24.9,24.99,25.1,1417800.0,3745.0,,1215300.0,966.0,,10000.0,10000.0,3460.0,0,0,0,0,0,0,0,0,0,0,0,0,23,2026-02-04 07:35:52.617219
ATMN,24.99,25.07,25.2,1687300.0,,9000.0,1093300.0,3745.0,4500.0,10000.0,10000.0,,0,0,0,0,0,0,0,0,0,0,0,0,23,2026-02-04 07:35:52.617219
WNTR,25.02,25.03,25.05,1595100.0,1384.0,,1426700.0,3210.0,,,,,0,0,0,0,0,0,0,0,0,0,0,0,23,2026-02-04 07:35:52.617219
SPNG,25.15,25.15,25.16,242100.0,3210.0,945600.0,1532.0,16750.0,,,,0,0,0,0,0,0,0,0,0,0,0,0,0,24,2026-02-04 07:35:53.661891
SMMR,25.0,24.92,24.96,1663800.0,3210.0,1212700.0,2569.0,,,,,0,0,0,0,0,0,0,0,0,0,0,0,0,24,2026-02-04 07:35:53.661891
ATMN,24.97,24.96,24.97,1551100.0,327.0,1090000.0,3745.0,4500.0,6750.0,10000.0,,0,0,0,0,0,0,0,0,0,0,0,0,0,24,2026-02-04 07:35:53.661891
WNTR,25.02,25.03,25.05,558700.0,3745.0,1422900.0,2940.0,,,,4474.0,0,0,0,0,0,0,0,0,0,0,0,0,0,24,2026-02-04 07:35:53.661891
SPNG,25.08,25.08,25.11,3130.0,3210.0,121500.0,1314.0,3130.0,2025.0,14500.0,580800.0,,0,0,0,0,0,0,0,0,0,0,0,0,25,2026-02-04 07:35:54.708561
SMMR,24.91,24.92,24.93,,3745.0,1525200.0,3640.0,,,,887500.0,,0,0,0,0,0,0,0,0,0,0,0,0,25,2026-02-04 07:35:54.708561
ATMN,24.91,24.91,25.22,,,1888700.0,3745.0,,,9000.0,973300.0,6750.0,0,0,0,0,0,0,0,0,0,0,0,0,25,2026-02-04 07:35:54.708561
WNTR,25.05,25.05,25.08,,3745.0,678100.0,2100.0,,,,1519300.0,,0,0,0,0,0,0,0,0,0,0,0,0,25,2026-02-04 07:35:54.708561
SPNG,24.93,24.93,24.95,1277400.0,3745.0,2250.0,3130.0,444600.0,1316.0,14500.0,2025.0,,0,0,0,0,0,0,0,0,0,0,0,0,26,2026-02-04 07:35:55.746349
SMMR,24.88,24.85,24.88,1771600.0,2675.0,,,1569200.0,3120.0,,,,0,0,0,0,0,0,0,0,0,0,0,0,26,2026-02-04 07:35:55.746349
ATMN,25.4,25.0,25.4,1761300.0,,6750.0,,2026700.0,535.0,,,2025.0,0,0,0,0,0,0,0,0,0,0,0,0,26,2026-02-04 07:35:55.746349
WNTR,25.11,25.11,25.12,671500.0,3745.0,,,1641500.0,920.0,,,,0,0,0,0,0,0,0,0,0,0,0,0,26,2026-02-04 07:35:55.746349
SPNG,24.6,24.6,25.13,2215600.0,437400.0,2675.0,12250.0,,,,0,0,0,0,0,0,0,0,0,0,0,0,0,0,27,2026-02-04 07:35:56.788936
SMMR,25.13,25.13,25.14,1516600.0,1535500.0,918.0,,3745.0,,,0,0,0,0,0,0,0,0,0,0,0,0,0,0,27,2026-02-04 07:35:56.788936
ATMN,25.3,25.31,25.33,898500.0,1174100.0,3210.0,4500.0,3045.0,11250.0,10000.0,0,0,0,0,0,0,0,0,0,0,0,0,0,0,27,2026-02-04 07:35:56.788936
WNTR,25.02,24.99,25.0,1385100.0,1429500.0,72.0,,3210.0,,,0,0,0,0,0,0,0,0,0,0,0,0,0,0,27,2026-02-04 07:35:56.788936
SPNG,24.79,24.9,24.95,1503100.0,170.0,2250.0,2025.0,2502.0,3130.0,7750.0,437400.0,,,0,0,0,0,0,0,0,0,0,0,0,28,2026-02-04 07:35:57.832763
SMMR,25.13,25.03,25.09,1376400.0,3210.0,,917.0,917.0,10000.0,,1248300.0,917.0,10000.0,0,0,0,0,0,0,0,0,0,0,0,28,2026-02-04 07:35:57.832763
ATMN,25.32,24.96,25.26,1569800.0,,11250.0,,3745.0,610.0,4500.0,1031200.0,2025.0,,0,0,0,0,0,0,0,0,0,0,0,28,2026-02-04 07:35:57.832763
WNTR,25.0,24.99,25.0,1414400.0,3210.0,,,522.0,,,924400.0,,,0,0,0,0,0,0,0,0,0,0,0,28,2026-02-04 07:35:57.832763
SPNG,24.91,24.9,24.91,1157400.0,1001.0,4500.0,1161400.0,1070.0,16750.0,,0,0,0,0,0,0,0,0,0,0,0,0,0,0,29,2026-02-04 07:35:58.864807
SMMR,25.03,25.02,25.03,1484900.0,3745.0,,1503500.0,917.0,,,0,0,0,0,0,0,0,0,0,0,0,0,0,0,29,2026-02-04 07:35:58.864807
ATMN,25.32,25.18,25.25,1472600.0,,15750.0,814600.0,3745.0,9000.0,610.0,0,0,0,0,0,0,0,0,0,0,0,0,0,0,29,2026-02-04 07:35:58.864807
WNTR,25.17,24.99,25.17,1413500.0,3210.0,,1435300.0,326.0,,,0,0,0,0,0,0,0,0,0,0,0,0,0,0,29,2026-02-04 07:35:58.864807
SPNG,25.16,24.91,25.04,8170.0,314500.0,3675.0,4500.0,3745.0,8170.0,696200.0,13500.0,,0,0,0,0,0,0,0,0,0,0,0,0,30,2026-02-04 07:35:59.403699
SMMR,25.03,25.02,25.03,,1484900.0,3745.0,,917.0,,1499300.0,,,0,0,0,0,0,0,0,0,0,0,0,0,30,2026-02-04 07:35:59.403699
ATMN,25.32,25.18,25.24,,1368500.0,,15750.0,3745.0,610.0,819000.0,9000.0,2025.0,0,0,0,0,0,0,0,0,0,0,0,0,30,2026-02-04 07:35:59.403699
WNTR,24.83,24.83,25.04,,1997400.0,,,861.0,,1136400.0,,,0,0,0,0,0,0,0,0,0,0,0,0,30,2026-02-04 07:35:59.403699
SPNG,24.83,24.84,25.0,6750.0,1053400.0,3675.0,672100.0,8170.0,3242.0,3210.0,13500.0,0,0,0,0,0,0,0,0,0,0,0,0,0,31,2026-02-04 07:36:00.439766
SMMR,25.02,25.02,25.03,,1484900.0,3745.0,1634000.0,,3242.0,655.0,,0,0,0,0,0,0,0,0,0,0,0,0,0,31,2026-02-04 07:36:00.439766
ATMN,25.18,25.18,25.22,18000.0,1368500.0,,714500.0,610.0,,3745.0,11250.0,0,0,0,0,0,0,0,0,0,0,0,0,0,31,2026-02-04 07:36:00.439766
WNTR,24.93,24.9,24.93,,1703200.0,1239.0,621600.0,3660.0,,3210.0,,0,0,0,0,0,0,0,0,0,0,0,0,0,31,2026-02-04 07:36:00.439766
SPNG,24.79,24.79,24.99,1984800.0,4500.0,8170.0,672100.0,3242.0,3210.0,13500.0,,,0,0,0,0,0,0,0,0,0,0,0,0,32,2026-02-04 07:36:01.480669
SMMR,25.02,25.02,25.03,1476600.0,,,1541300.0,3242.0,564.0,,3745.0,,0,0,0,0,0,0,0,0,0,0,0,0,32,2026-02-04 07:36:01.480669
ATMN,25.1,25.21,25.25,1181400.0,20250.0,,714500.0,,3745.0,13500.0,,2025.0,0,0,0,0,0,0,0,0,0,0,0,0,32,2026-02-04 07:36:01.480669
WNTR,25.17,25.02,25.03,1355700.0,,,1332000.0,,3745.0,,1239.0,,0,0,0,0,0,0,0,0,0,0,0,0,32,2026-02-04 07:36:01.480669
SPNG,25.16,24.79,25.16,1740000.0,9000.0,825700.0,2675.0,18000.0,,,,0,0,0,0,0,0,0,0,0,0,0,0,0,33,2026-02-04 07:36:02.521683
SMMR,25.0,25.0,25.01,1483900.0,,1405700.0,560.0,,3745.0,3242.0,,0,0,0,0,0,0,0,0,0,0,0,0,0,33,2026-02-04 07:36:02.521683
ATMN,25.01,25.01,25.22,1685500.0,11250.0,1032400.0,3745.0,4500.0,,,10000.0,0,0,0,0,0,0,0,0,0,0,0,0,0,33,2026-02-04 07:36:02.521683
WNTR,25.04,24.91,25.04,1469000.0,,1332000.0,3584.0,,1605.0,,,0,0,0,0,0,0,0,0,0,0,0,0,0,33,2026-02-04 07:36:02.521683
SPNG,24.6,25.09,25.14,1071.0,4500.0,1177700.0,3210.0,707000.0,18000.0,,,,0,0,0,0,0,0,0,0,0,0,0,0,34,2026-02-04 07:36:03.562037
SMMR,25.03,25.0,25.03,3210.0,,1591700.0,480.0,1623800.0,,,,,0,0,0,0,0,0,0,0,0,0,0,0,34,2026-02-04 07:36:03.562037
ATMN,25.21,25.04,25.21,,11250.0,1643700.0,3745.0,1032400.0,4500.0,10000.0,,,0,0,0,0,0,0,0,0,0,0,0,0,34,2026-02-04 07:36:03.562037
WNTR,24.91,25.02,25.03,1771.0,3000.0,1197600.0,3745.0,1231800.0,,,2201.0,2201.0,0,0,0,0,0,0,0,0,0,0,0,0,34,2026-02-04 07:36:03.562037
SPNG,24.6,24.87,25.12,1395000.0,1071.0,3242.0,2675.0,707000.0,18000.0,,0,0,0,0,0,0,0,0,0,0,0,0,0,0,35,2026-02-04 07:36:04.596971
SMMR,24.85,24.85,24.98,2192000.0,535.0,,805.0,1141100.0,,,0,0,0,0,0,0,0,0,0,0,0,0,0,0,35,2026-02-04 07:36:04.596971
ATMN,25.21,25.04,25.19,1474700.0,,7975.0,3745.0,838100.0,9000.0,15750.0,0,0,0,0,0,0,0,0,0,0,0,0,0,0,35,2026-02-04 07:36:04.596971
WNTR,25.06,25.08,25.09,1928900.0,253.0,,2675.0,1555800.0,,,0,0,0,0,0,0,0,0,0,0,0,0,0,0,35,2026-02-04 07:36:04.596971
SPNG,24.74,24.82,25.12,2219900.0,9585.0,2086.0,2675.0,581500.0,18000.0,,,0,0,0,0,0,0,0,0,0,0,0,0,0,36,2026-02-04 07:36:05.629213
SMMR,24.84,24.82,24.84,1941200.0,830.0,,3210.0,1454500.0,,1401.0,,0,0,0,0,0,0,0,0,0,0,0,0,0,36,2026-02-04 07:36:05.629213
ATMN,25.22,25.17,25.22,1349300.0,,,3745.0,1128900.0,4500.0,,18000.0,0,0,0,0,0,0,0,0,0,0,0,0,0,36,2026-02-04 07:36:05.629213
WNTR,25.1,25.1,25.11,1364800.0,,,2675.0,1554300.0,,1323.0,,0,0,0,0,0,0,0,0,0,0,0,0,0,36,2026-02-04 07:36:05.629213
SPNG,25.15,24.97,25.15,2210200.0,814400.0,2675.0,18000.0,,,,,,0,0,0,0,0,0,0,0,0,0,0,0,37,2026-02-04 07:36:06.683169
SMMR,24.94,24.91,24.93,1613500.0,1349500.0,3210.0,,1200.0,830.0,1883.0,,,0,0,0,0,0,0,0,0,0,0,0,0,37,2026-02-04 07:36:06.683169
ATMN,25.22,25.18,25.21,1348600.0,874800.0,3745.0,9000.0,,10000.0,,9170.0,15750.0,0,0,0,0,0,0,0,0,0,0,0,0,37,2026-02-04 07:36:06.683169
WNTR,24.97,24.94,24.96,1251700.0,1455700.0,2675.0,,1672.0,,2201.0,,,0,0,0,0,0,0,0,0,0,0,0,0,37,2026-02-04 07:36:06.683169
SPNG,24.6,24.66,25.11,763.0,10000.0,1291500.0,2675.0,10000.0,573800.0,19000.0,,,0,0,0,0,0,0,0,0,0,0,0,0,38,2026-02-04 07:36:07.740564
SMMR,24.93,24.9,24.93,520.0,,1709400.0,3210.0,830.0,1354800.0,,1883.0,,0,0,0,0,0,0,0,0,0,0,0,0,38,2026-02-04 07:36:07.740564
ATMN,25.06,25.07,25.21,,,1327800.0,3210.0,9170.0,782800.0,13500.0,,18000.0,0,0,0,0,0,0,0,0,0,0,0,0,38,2026-02-04 07:36:07.740564
WNTR,25.01,24.94,25.01,1568.0,,1274900.0,3210.0,,1471900.0,,,,0,0,0,0,0,0,0,0,0,0,0,0,38,2026-02-04 07:36:07.740564
SPNG,25.25,24.97,25.11,2905.0,10000.0,5328.0,926900.0,4500.0,3210.0,18000.0,737300.0,,0,0,0,0,0,0,0,0,0,0,0,0,39,2026-02-04 07:36:08.822191
SMMR,24.98,24.96,24.98,525.0,,,1495000.0,,3210.0,,1610900.0,,0,0,0,0,0,0,0,0,0,0,0,0,39,2026-02-04 07:36:08.822191
ATMN,25.04,25.08,25.2,,,4126.0,1479000.0,13500.0,3745.0,4500.0,1029200.0,4126.0,0,0,0,0,0,0,0,0,0,0,0,0,39,2026-02-04 07:36:08.822191
WNTR,25.01,25.02,25.03,1176.0,,,1396100.0,,3745.0,,1349300.0,,0,0,0,0,0,0,0,0,0,0,0,0,39,2026-02-04 07:36:08.822191
SPNG,24.79,24.6,24.78,1942800.0,4500.0,1077900.0,1605.0,16750.0,,,0,0,0,0,0,0,0,0,0,0,0,0,0,0,40,2026-02-04 07:36:09.916071
SMMR,24.93,24.9,24.92,1810700.0,,1735700.0,2675.0,,300.0,,0,0,0,0,0,0,0,0,0,0,0,0,0,0,40,2026-02-04 07:36:09.916071
ATMN,25.13,25.13,25.26,1262900.0,18000.0,941300.0,3745.0,9000.0,,9170.0,0,0,0,0,0,0,0,0,0,0,0,0,0,0,40,2026-02-04 07:36:09.916071
WNTR,25.04,25.01,25.04,1313300.0,1500.0,1445700.0,3210.0,,1176.0,,0,0,0,0,0,0,0,0,0,0,0,0,0,0,40,2026-02-04 07:36:09.916071
SPNG,24.97,24.66,24.67,2142.0,10000.0,806400.0,9000.0,605800.0,3745.0,15750.0,10000.0,,0,0,0,0,0,0,0,0,0,0,0,0,41,2026-02-04 07:36:10.957774
SMMR,24.92,24.9,24.92,401.0,,1482000.0,,1495400.0,3210.0,,,2073.0,0,0,0,0,0,0,0,0,0,0,0,0,41,2026-02-04 07:36:10.957774
ATMN,25.14,25.07,25.08,,9170.0,1489900.0,13500.0,851200.0,3745.0,9000.0,,2073.0,0,0,0,0,0,0,0,0,0,0,0,0,41,2026-02-04 07:36:10.957774
WNTR,24.91,24.91,25.03,516.0,,1488300.0,,1550000.0,2140.0,,830.0,,0,0,0,0,0,0,0,0,0,0,0,0,41,2026-02-04 07:36:10.957774
SPNG,25.25,24.66,25.25,2142.0,921700.0,9000.0,1432200.0,535.0,14500.0,,0,0,0,0,0,0,0,0,0,0,0,0,0,0,42,2026-02-04 07:36:11.491932
SMMR,25.0,24.9,25.0,401.0,1482000.0,,1501500.0,3210.0,,2073.0,0,0,0,0,0,0,0,0,0,0,0,0,0,0,42,2026-02-04 07:36:11.491932
ATMN,25.04,25.04,25.08,,1586400.0,13500.0,851200.0,3745.0,9000.0,2073.0,0,0,0,0,0,0,0,0,0,0,0,0,0,0,42,2026-02-04 07:36:11.491932
WNTR,24.91,24.91,25.0,516.0,1404800.0,1500.0,1550000.0,2140.0,,2073.0,0,0,0,0,0,0,0,0,0,0,0,0,0,0,42,2026-02-04 07:36:11.491932
SPNG,24.58,24.58,24.95,2125200.0,18000.0,601300.0,3745.0,,,,,0,0,0,0,0,0,0,0,0,0,0,0,0,43,2026-02-04 07:36:12.525361
SMMR,24.88,24.85,24.86,2029400.0,,1496000.0,3210.0,114.0,7453.0,,,0,0,0,0,0,0,0,0,0,0,0,0,0,43,2026-02-04 07:36:12.525361
ATMN,25.08,25.04,25.08,1614800.0,9000.0,851200.0,3745.0,,,13500.0,2073.0,0,0,0,0,0,0,0,0,0,0,0,0,0,43,2026-02-04 07:36:12.525361
WNTR,25.18,24.97,25.18,1367400.0,,1954500.0,535.0,1818.0,,1500.0,,0,0,0,0,0,0,0,0,0,0,0,0,0,43,2026-02-04 07:36:12.525361
SPNG,24.58,24.67,24.94,2088400.0,10000.0,3134.0,460.0,12250.0,1194100.0,,,0,0,0,0,0,0,0,0,0,0,0,0,0,44,2026-02-04 07:36:13.554471
SMMR,25.03,24.96,25.03,1601900.0,,,3210.0,,1614900.0,102.0,,0,0,0,0,0,0,0,0,0,0,0,0,0,44,2026-02-04 07:36:13.554471
ATMN,24.96,24.96,25.08,1766500.0,,2073.0,3745.0,13500.0,654900.0,,9000.0,0,0,0,0,0,0,0,0,0,0,0,0,0,44,2026-02-04 07:36:13.554471
WNTR,25.18,24.97,25.18,964100.0,,,704.0,,1863900.0,2675.0,1500.0,0,0,0,0,0,0,0,0,0,0,0,0,0,44,2026-02-04 07:36:13.554471
SPNG,24.67,24.89,24.92,4067.0,1123700.0,2250.0,3290.0,10000.0,3745.0,15750.0,366200.0,,,0,0,0,0,0,0,0,0,0,0,0,45,2026-02-04 07:36:15.668936
SMMR,24.99,24.97,24.98,4067.0,1488100.0,,84.0,,3210.0,,1487900.0,1994.0,,0,0,0,0,0,0,0,0,0,0,0,45,2026-02-04 07:36:15.668936
ATMN,25.26,24.97,25.13,,1653900.0,9000.0,,4980.0,3745.0,13500.0,629600.0,,2490.0,0,0,0,0,0,0,0,0,0,0,0,45,2026-02-04 07:36:15.668936
WNTR,25.04,25.05,25.07,,1370200.0,,3745.0,,1062.0,,1481000.0,,,0,0,0,0,0,0,0,0,0,0,0,45,2026-02-04 07:36:15.668936
SPNG,25.27,24.88,24.92,1224700.0,2250.0,3290.0,3745.0,1192600.0,5500.0,,,0,0,0,0,0,0,0,0,0,0,0,0,0,46,2026-02-04 07:36:16.708760
SMMR,24.96,24.95,24.96,1599000.0,,486.0,3210.0,1473200.0,1500.0,,,0,0,0,0,0,0,0,0,0,0,0,0,0,46,2026-02-04 07:36:16.708760
ATMN,25.13,24.98,25.13,1444200.0,13500.0,,3745.0,533100.0,18000.0,2530.0,,0,0,0,0,0,0,0,0,0,0,0,0,0,46,2026-02-04 07:36:16.708760
WNTR,25.05,25.05,25.07,1485700.0,,2675.0,2082.0,844900.0,1500.0,,1770.0,0,0,0,0,0,0,0,0,0,0,0,0,0,46,2026-02-04 07:36:16.708760
SPNG,24.89,24.88,24.89,1224700.0,2250.0,3290.0,1740100.0,10000.0,,,0,0,0,0,0,0,0,0,0,0,0,0,0,0,47,2026-02-04 07:36:17.746769
SMMR,24.98,24.95,24.96,1578900.0,,486.0,1378900.0,1500.0,4053.0,3210.0,0,0,0,0,0,0,0,0,0,0,0,0,0,0,47,2026-02-04 07:36:17.746769
ATMN,24.93,24.86,24.91,1989200.0,4500.0,,661600.0,13500.0,1170.0,3745.0,0,0,0,0,0,0,0,0,0,0,0,0,0,0,47,2026-02-04 07:36:17.746769
WNTR,25.05,24.92,24.97,1751400.0,,1605.0,958300.0,1500.0,,1905.0,0,0,0,0,0,0,0,0,0,0,0,0,0,0,47,2026-02-04 07:36:17.746769
SPNG,25.07,25.09,25.1,449900.0,2250.0,10000.0,3745.0,65.0,10000.0,1612700.0,,0,0,0,0,0,0,0,0,0,0,0,0,0,48,2026-02-04 07:36:18.786990
SMMR,25.03,24.94,25.03,1578900.0,,,408.0,2675.0,,1741000.0,,0,0,0,0,0,0,0,0,0,0,0,0,0,48,2026-02-04 07:36:18.786990
ATMN,24.86,24.86,25.13,2030200.0,4500.0,,,3745.0,18000.0,533100.0,,0,0,0,0,0,0,0,0,0,0,0,0,0,48,2026-02-04 07:36:18.786990
WNTR,24.98,24.98,25.04,1517900.0,,,2190.0,3056.0,1500.0,426300.0,4738.0,0,0,0,0,0,0,0,0,0,0,0,0,0,48,2026-02-04 07:36:18.786990
SPNG,25.07,24.89,24.95,6750.0,1027000.0,3745.0,1511700.0,14500.0,,,,,0,0,0,0,0,0,0,0,0,0,0,0,49,2026-02-04 07:36:19.834558
SMMR,25.03,24.96,24.98,,1205100.0,406.0,1370700.0,,7470.0,2488.0,3745.0,2488.0,0,0,0,0,0,0,0,0,0,0,0,0,49,2026-02-04 07:36:19.834558
ATMN,24.93,24.86,24.93,4500.0,2053900.0,,763600.0,13500.0,,,3210.0,1170.0,0,0,0,0,0,0,0,0,0,0,0,0,49,2026-02-04 07:36:19.834558
WNTR,25.02,24.99,25.02,,1517900.0,1878.0,1470800.0,,,,1070.0,,0,0,0,0,0,0,0,0,0,0,0,0,49,2026-02-04 07:36:19.834558
SPNG,25.26,24.93,25.26,3210.0,3495.0,6750.0,1007600.0,1738800.0,10000.0,,,0,0,0,0,0,0,0,0,0,0,0,0,0,50,2026-02-04 07:36:20.892606
SMMR,25.03,24.96,24.99,1266.0,,,848400.0,1723400.0,,2675.0,,0,0,0,0,0,0,0,0,0,0,0,0,0,50,2026-02-04 07:36:20.892606
ATMN,25.22,25.22,25.24,,,,2166800.0,686200.0,16750.0,3210.0,2530.0,0,0,0,0,0,0,0,0,0,0,0,0,0,50,2026-02-04 07:36:20.892606
WNTR,25.02,25.01,25.02,3745.0,,,1399500.0,1371800.0,,2625.0,,0,0,0,0,0,0,0,0,0,0,0,0,0,50,2026-02-04 07:36:20.892606
SPNG,24.88,24.88,24.9,1320600.0,6750.0,2140.0,1507000.0,14500.0,,,,0,0,0,0,0,0,0,0,0,0,0,0,0,51,2026-02-04 07:36:21.944587
SMMR,25.04,24.96,25.04,744500.0,,1266.0,1718100.0,,2488.0,2675.0,,0,0,0,0,0,0,0,0,0,0,0,0,0,51,2026-02-04 07:36:21.944587
ATMN,25.22,24.87,24.93,2185500.0,,,792600.0,16750.0,,2675.0,10000.0,0,0,0,0,0,0,0,0,0,0,0,0,0,51,2026-02-04 07:36:21.944587
WNTR,24.98,24.98,25.04,1511500.0,,3210.0,1467000.0,,,2250.0,,0,0,0,0,0,0,0,0,0,0,0,0,0,51,2026-02-04 07:36:21.944587
SPNG,24.9,24.89,24.9,1415.0,1967900.0,1379300.0,14500.0,1415.0,,,0,0,0,0,0,0,0,0,0,0,0,0,0,0,52,2026-02-04 07:36:22.987842
SMMR,25.04,24.96,24.98,2488.0,524900.0,1479400.0,,,1667.0,3745.0,0,0,0,0,0,0,0,0,0,0,0,0,0,0,52,2026-02-04 07:36:22.987842
ATMN,25.23,24.91,24.92,1415.0,2080600.0,571200.0,20000.0,1415.0,76.0,2140.0,0,0,0,0,0,0,0,0,0,0,0,0,0,0,52,2026-02-04 07:36:22.987842
WNTR,25.16,24.98,25.1,,1511500.0,1813700.0,1500.0,,3210.0,840.0,0,0,0,0,0,0,0,0,0,0,0,0,0,0,52,2026-02-04 07:36:22.987842
SPNG,24.93,24.93,25.04,1433500.0,3210.0,602.0,683400.0,10000.0,13500.0,,0,0,0,0,0,0,0,0,0,0,0,0,0,0,53,2026-02-04 07:36:24.025260
SMMR,25.04,24.96,24.98,658100.0,1667.0,2675.0,1601000.0,,1500.0,,0,0,0,0,0,0,0,0,0,0,0,0,0,0,53,2026-02-04 07:36:24.025260
ATMN,25.27,25.07,25.27,1481800.0,77.0,2675.0,1006300.0,,13500.0,,0,0,0,0,0,0,0,0,0,0,0,0,0,0,53,2026-02-04 07:36:24.025260
WNTR,25.04,25.05,25.1,1307400.0,3745.0,,2002100.0,,1500.0,4734.0,0,0,0,0,0,0,0,0,0,0,0,0,0,0,53,2026-02-04 07:36:24.025260
SPNG,24.84,24.81,24.82,1070.0,4500.0,1632600.0,636700.0,10000.0,602.0,13500.0,,,0,0,0,0,0,0,0,0,0,0,0,0,54,2026-02-04 07:36:25.061414
SMMR,24.92,24.96,24.98,1150.0,,996800.0,1601000.0,,2675.0,1500.0,2488.0,,0,0,0,0,0,0,0,0,0,0,0,0,54,2026-02-04 07:36:25.061414
ATMN,25.27,25.08,25.18,77.0,,1391500.0,973700.0,,2675.0,13500.0,,10000.0,0,0,0,0,0,0,0,0,0,0,0,0,54,2026-02-04 07:36:25.061414
WNTR,24.92,24.92,25.1,1605.0,,1820900.0,1893600.0,10000.0,,1500.0,,,0,0,0,0,0,0,0,0,0,0,0,0,54,2026-02-04 07:36:25.061414
SPNG,24.92,24.77,24.81,4500.0,1884300.0,10000.0,3803.0,18000.0,1135000.0,,,0,0,0,0,0,0,0,0,0,0,0,0,0,55,2026-02-04 07:36:26.093477
SMMR,24.98,25.01,25.04,,2157200.0,,,,2282900.0,2488.0,,0,0,0,0,0,0,0,0,0,0,0,0,0,55,2026-02-04 07:36:26.093477
ATMN,24.95,24.97,25.12,,2201800.0,,3803.0,18000.0,1222500.0,,7401.0,0,0,0,0,0,0,0,0,0,0,0,0,0,55,2026-02-04 07:36:26.093477
WNTR,24.91,24.91,25.08,,2105300.0,5752.0,3803.0,1500.0,1784700.0,,,0,0,0,0,0,0,0,0,0,0,0,0,0,55,2026-02-04 07:36:26.093477
SPNG,25.05,25.05,25.06,9000.0,1657800.0,20250.0,1254900.0,,,,0,0,0,0,0,0,0,0,0,0,0,0,0,0,56,2026-02-04 07:36:26.628690
SMMR,25.01,25.01,25.04,,2157200.0,,2301300.0,2488.0,,,0,0,0,0,0,0,0,0,0,0,0,0,0,0,56,2026-02-04 07:36:26.628690
ATMN,25.13,24.95,25.13,,2318400.0,13500.0,1414200.0,,3803.0,,0,0,0,0,0,0,0,0,0,0,0,0,0,0,56,2026-02-04 07:36:26.628690
WNTR,24.91,24.91,24.97,,2105300.0,1500.0,1778700.0,,3803.0,5752.0,0,0,0,0,0,0,0,0,0,0,0,0,0,0,56,2026-02-04 07:36:26.628690
SPNG,24.76,24.76,25.07,2081400.0,1580600.0,13500.0,,,,0,0,0,0,0,0,0,0,0,0,0,0,0,0,0,57,2026-02-04 07:36:27.666368
SMMR,24.94,24.94,25.02,2264800.0,2314500.0,,,,,0,0,0,0,0,0,0,0,0,0,0,0,0,0,0,57,2026-02-04 07:36:27.666368
ATMN,25.18,25.04,25.17,1973400.0,1312800.0,18000.0,4500.0,7401.0,,0,0,0,0,0,0,0,0,0,0,0,0,0,0,0,57,2026-02-04 07:36:27.666368
WNTR,24.91,24.91,24.96,2105300.0,1867500.0,1500.0,,,5752.0,0,0,0,0,0,0,0,0,0,0,0,0,0,0,0,57,2026-02-04 07:36:27.666368
SPNG,24.76,25.08,25.15,3803.0,1988000.0,2269900.0,0,0,0,0,0,0,0,0,0,0,0,0,0,0,0,0,0,0,58,2026-02-04 07:36:28.701993
SMMR,25.03,24.94,25.03,,2264800.0,2307600.0,0,0,0,0,0,0,0,0,0,0,0,0,0,0,0,0,0,0,58,2026-02-04 07:36:28.701993
ATMN,24.96,24.96,25.24,,2318000.0,2150700.0,0,0,0,0,0,0,0,0,0,0,0,0,0,0,0,0,0,0,58,2026-02-04 07:36:28.701993
WNTR,25.02,25.0,25.02,,2135500.0,2087300.0,0,0,0,0,0,0,0,0,0,0,0,0,0,0,0,0,0,0,58,2026-02-04 07:36:28.701993
SPNG,25.15,24.67,24.74,2060300.0,2259600.0,,0,0,0,0,0,0,0,0,0,0,0,0,0,0,0,0,0,0,59,2026-02-04 07:36:29.733306
SMMR,25.03,24.94,25.03,2264800.0,2338800.0,,0,0,0,0,0,0,0,0,0,0,0,0,0,0,0,0,0,0,59,2026-02-04 07:36:29.733306
ATMN,25.27,25.23,25.27,2201400.0,2139400.0,7401.0,0,0,0,0,0,0,0,0,0,0,0,0,0,0,0,0,0,0,59,2026-02-04 07:36:29.733306
WNTR,24.94,24.96,24.99,2139600.0,2090100.0,,0,0,0,0,0,0,0,0,0,0,0,0,0,0,0,0,0,0,59,2026-02-04 07:36:29.733306
SPNG,25.26,25.2,0.0,200000.0,,0,0,0,0,0,0,0,0,0,0,0,0,0,0,0,0,0,0,0,60,2026-02-04 07:36:30.771132
SMMR,25.05,24.51,0.0,200000.0,,0,0,0,0,0,0,0,0,0,0,0,0,0,0,0,0,0,0,0,60,2026-02-04 07:36:30.771132
ATMN,25.32,24.63,0.0,881700.0,775000.0,0,0,0,0,0,0,0,0,0,0,0,0,0,0,0,0,0,0,0,60,2026-02-04 07:36:30.771132
WNTR,24.99,25.73,0.0,200000.0,,0,0,0,0,0,0,0,0,0,0,0,0,0,0,0,0,0,0,0,60,2026-02-04 07:36:30.771132
SPNG,25.2,24.35,24.95,1364600.0,848200.0,0,0,0,0,0,0,0,0,0,0,0,0,0,0,0,0,0,0,0,61,2026-02-04 07:36:31.804139
SMMR,25.05,24.51,24.6,868100.0,1236500.0,0,0,0,0,0,0,0,0,0,0,0,0,0,0,0,0,0,0,0,61,2026-02-04 07:36:31.804139
ATMN,25.32,24.66,25.39,881700.0,1112700.0,0,0,0,0,0,0,0,0,0,0,0,0,0,0,0,0,0,0,0,61,2026-02-04 07:36:31.804139
WNTR,25.73,25.3,25.7,860500.0,1055500.0,0,0,0,0,0,0,0,0,0,0,0,0,0,0,0,0,0,0,0,61,2026-02-04 07:36:31.804139
SPNG,24.95,25.27,25.49,4500.0,1565700.0,4500.0,845500.0,0,0,0,0,0,0,0,0,0,0,0,0,0,0,0,0,0,62,2026-02-04 07:36:32.835568
SMMR,24.43,24.43,24.6,,929800.0,,1236500.0,0,0,0,0,0,0,0,0,0,0,0,0,0,0,0,0,0,62,2026-02-04 07:36:32.835568
ATMN,24.63,24.63,24.89,,950700.0,,1224900.0,0,0,0,0,0,0,0,0,0,0,0,0,0,0,0,0,0,62,2026-02-04 07:36:32.835568
WNTR,25.88,25.44,25.88,,1036100.0,,851400.0,0,0,0,0,0,0,0,0,0,0,0,0,0,0,0,0,0,62,2026-02-04 07:36:32.835568
SPNG,24.85,24.85,25.49,1454600.0,4500.0,1040700.0,,0,0,0,0,0,0,0,0,0,0,0,0,0,0,0,0,0,63,2026-02-04 07:36:33.868715
SMMR,24.69,24.44,24.58,1051600.0,,1298700.0,,0,0,0,0,0,0,0,0,0,0,0,0,0,0,0,0,0,63,2026-02-04 07:36:33.868715
ATMN,24.63,24.58,24.62,964000.0,4500.0,1593000.0,4500.0,0,0,0,0,0,0,0,0,0,0,0,0,0,0,0,0,0,63,2026-02-04 07:36:33.868715
WNTR,25.72,25.61,25.72,1142000.0,,954400.0,,0,0,0,0,0,0,0,0,0,0,0,0,0,0,0,0,0,63,2026-02-04 07:36:33.868715
SPNG,25.31,25.32,25.48,10000.0,1580200.0,4500.0,10000.0,9000.0,1260200.0,0,0,0,0,0,0,0,0,0,0,0,0,0,0,0,64,2026-02-04 07:36:34.907232
SMMR,24.44,24.44,24.57,,1196900.0,,10000.0,,1298700.0,0,0,0,0,0,0,0,0,0,0,0,0,0,0,0,64,2026-02-04 07:36:34.907232
ATMN,24.62,24.85,24.88,,1063600.0,4500.0,,4500.0,1771800.0,0,0,0,0,0,0,0,0,0,0,0,0,0,0,0,64,2026-02-04 07:36:34.907232
WNTR,25.61,25.72,25.77,,1238500.0,,,,955800.0,0,0,0,0,0,0,0,0,0,0,0,0,0,0,0,64,2026-02-04 07:36:34.907232
SPNG,24.35,24.78,25.49,1458800.0,9000.0,1353100.0,,,0,0,0,0,0,0,0,0,0,0,0,0,0,0,0,0,65,2026-02-04 07:36:35.940050
SMMR,24.69,24.45,24.56,1327400.0,,1296900.0,7500.0,7500.0,0,0,0,0,0,0,0,0,0,0,0,0,0,0,0,0,65,2026-02-04 07:36:35.940050
ATMN,24.57,24.57,24.72,964000.0,9000.0,1697700.0,,,0,0,0,0,0,0,0,0,0,0,0,0,0,0,0,0,65,2026-02-04 07:36:35.940050
WNTR,25.61,25.72,25.77,1238500.0,1500.0,1229600.0,7500.0,,0,0,0,0,0,0,0,0,0,0,0,0,0,0,0,0,65,2026-02-04 07:36:35.940050
SPNG,25.3,24.79,25.04,4500.0,1555400.0,1302900.0,7500.0,13500.0,,0,0,0,0,0,0,0,0,0,0,0,0,0,0,0,66,2026-02-04 07:36:36.970516
SMMR,24.56,24.57,24.58,,1781800.0,1296900.0,,,7500.0,0,0,0,0,0,0,0,0,0,0,0,0,0,0,0,66,2026-02-04 07:36:36.970516
ATMN,24.6,24.57,24.6,,1083300.0,1728800.0,,9000.0,,0,0,0,0,0,0,0,0,0,0,0,0,0,0,0,66,2026-02-04 07:36:36.970516
WNTR,25.77,25.72,25.76,,1339400.0,1332400.0,7500.0,1500.0,7500.0,0,0,0,0,0,0,0,0,0,0,0,0,0,0,0,66,2026-02-04 07:36:36.970516
SPNG,25.04,25.21,25.49,1777200.0,4500.0,13500.0,1353100.0,,0,0,0,0,0,0,0,0,0,0,0,0,0,0,0,0,67,2026-02-04 07:36:38.026970
SMMR,24.58,24.63,24.69,1920100.0,,,1409100.0,7500.0,0,0,0,0,0,0,0,0,0,0,0,0,0,0,0,0,67,2026-02-04 07:36:38.026970
ATMN,24.89,24.57,24.89,1206400.0,4500.0,,1860000.0,,0,0,0,0,0,0,0,0,0,0,0,0,0,0,0,0,67,2026-02-04 07:36:38.026970
WNTR,25.72,25.61,25.63,1340600.0,,1500.0,1613400.0,,0,0,0,0,0,0,0,0,0,0,0,0,0,0,0,0,67,2026-02-04 07:36:38.026970
SPNG,25.2,25.09,25.2,1879300.0,9000.0,1215300.0,18000.0,,0,0,0,0,0,0,0,0,0,0,0,0,0,0,0,0,68,2026-02-04 07:36:39.088184
SMMR,24.69,24.58,24.69,1920100.0,,1659600.0,,,0,0,0,0,0,0,0,0,0,0,0,0,0,0,0,0,68,2026-02-04 07:36:39.088184
ATMN,24.48,24.48,24.81,1209900.0,,1992900.0,,10000.0,0,0,0,0,0,0,0,0,0,0,0,0,0,0,0,0,68,2026-02-04 07:36:39.088184
WNTR,25.57,25.61,25.63,1521700.0,,1613400.0,1500.0,,0,0,0,0,0,0,0,0,0,0,0,0,0,0,0,0,68,2026-02-04 07:36:39.088184
SPNG,25.46,25.09,25.21,1823900.0,9000.0,1252500.0,18000.0,,,0,0,0,0,0,0,0,0,0,0,0,0,0,0,0,69,2026-02-04 07:36:40.155216
SMMR,24.57,24.57,24.69,1781800.0,,1637000.0,,,,0,0,0,0,0,0,0,0,0,0,0,0,0,0,0,69,2026-02-04 07:36:40.155216
ATMN,24.54,24.48,24.54,1111100.0,4500.0,1745400.0,4500.0,10000.0,3750.0,0,0,0,0,0,0,0,0,0,0,0,0,0,0,0,69,2026-02-04 07:36:40.155216
WNTR,25.7,25.7,25.78,1611600.0,,1309700.0,,,3750.0,0,0,0,0,0,0,0,0,0,0,0,0,0,0,0,69,2026-02-04 07:36:40.155216
SPNG,25.42,25.1,25.2,13500.0,1488200.0,22500.0,1030800.0,,,,0,0,0,0,0,0,0,0,0,0,0,0,0,0,70,2026-02-04 07:36:41.201428
SMMR,24.71,24.63,24.71,,1797700.0,,1423500.0,,,,0,0,0,0,0,0,0,0,0,0,0,0,0,0,70,2026-02-04 07:36:41.201428
ATMN,24.54,24.49,24.52,4500.0,1232000.0,4500.0,1736600.0,3750.0,10000.0,3750.0,0,0,0,0,0,0,0,0,0,0,0,0,0,0,70,2026-02-04 07:36:41.201428
WNTR,25.57,25.57,25.78,,1432200.0,,1505000.0,,,3750.0,0,0,0,0,0,0,0,0,0,0,0,0,0,0,70,2026-02-04 07:36:41.201428
SPNG,25.42,25.39,25.42,3210.0,727300.0,937.0,13500.0,562200.0,3745.0,18000.0,0,0,0,0,0,0,0,0,0,0,0,0,0,0,71,2026-02-04 07:36:41.770290
SMMR,24.71,24.49,24.52,3210.0,1671000.0,,,1423500.0,3745.0,,0,0,0,0,0,0,0,0,0,0,0,0,0,0,71,2026-02-04 07:36:41.770290
ATMN,24.68,24.68,24.69,3745.0,1080800.0,,9000.0,1626100.0,535.0,9000.0,0,0,0,0,0,0,0,0,0,0,0,0,0,0,71,2026-02-04 07:36:41.770290
WNTR,25.7,25.68,25.73,3210.0,1436100.0,,,1607500.0,2140.0,,0,0,0,0,0,0,0,0,0,0,0,0,0,0,71,2026-02-04 07:36:41.770290
SPNG,25.35,24.78,25.18,2043600.0,4500.0,414500.0,3210.0,22500.0,,0,0,0,0,0,0,0,0,0,0,0,0,0,0,0,72,2026-02-04 07:36:42.812492
SMMR,24.7,24.7,24.71,1630400.0,,1535900.0,,,3210.0,0,0,0,0,0,0,0,0,0,0,0,0,0,0,0,72,2026-02-04 07:36:42.812492
ATMN,24.43,24.43,24.69,1124900.0,,1529600.0,1070.0,9000.0,1605.0,0,0,0,0,0,0,0,0,0,0,0,0,0,0,0,72,2026-02-04 07:36:42.812492
WNTR,25.68,25.68,25.79,1436100.0,,1607400.0,2140.0,,3210.0,0,0,0,0,0,0,0,0,0,0,0,0,0,0,0,72,2026-02-04 07:36:42.812492
SPNG,25.31,24.79,24.89,10000.0,1810500.0,4500.0,446200.0,2675.0,3515.0,22500.0,,,0,0,0,0,0,0,0,0,0,0,0,0,73,2026-02-04 07:36:43.845694
SMMR,24.58,24.58,24.65,,1380200.0,,1764200.0,,,,3745.0,3515.0,0,0,0,0,0,0,0,0,0,0,0,0,73,2026-02-04 07:36:43.845694
ATMN,24.02,24.49,24.51,,993000.0,,1314400.0,2142.0,,2250.0,3745.0,,0,0,0,0,0,0,0,0,0,0,0,0,73,2026-02-04 07:36:43.845694
WNTR,25.73,25.73,25.76,,1328600.0,,1244600.0,2292.0,3750.0,1500.0,3745.0,,0,0,0,0,0,0,0,0,0,0,0,0,73,2026-02-04 07:36:43.845694
SPNG,25.41,24.79,25.41,10000.0,2005100.0,25750.0,648700.0,1070.0,,0,0,0,0,0,0,0,0,0,0,0,0,0,0,0,74,2026-02-04 07:36:44.884576
SMMR,24.4,24.4,24.67,,1562000.0,,1666600.0,,1605.0,0,0,0,0,0,0,0,0,0,0,0,0,0,0,0,74,2026-02-04 07:36:44.884576
ATMN,24.32,24.39,24.51,,1243900.0,2250.0,1314400.0,2142.0,535.0,0,0,0,0,0,0,0,0,0,0,0,0,0,0,0,74,2026-02-04 07:36:44.884576
WNTR,25.57,25.57,25.83,,1667800.0,,1621700.0,1146.0,535.0,0,0,0,0,0,0,0,0,0,0,0,0,0,0,0,74,2026-02-04 07:36:44.884576
SPNG,24.92,24.92,25.31,2127600.0,3210.0,25750.0,188900.0,,,0,0,0,0,0,0,0,0,0,0,0,0,0,0,0,75,2026-02-04 07:36:45.926605
SMMR,24.4,24.43,24.67,1870000.0,,,1666600.0,1605.0,,0,0,0,0,0,0,0,0,0,0,0,0,0,0,0,75,2026-02-04 07:36:45.926605
ATMN,24.32,24.48,24.49,1343000.0,3745.0,6750.0,1114900.0,3745.0,4500.0,0,0,0,0,0,0,0,0,0,0,0,0,0,0,0,75,2026-02-04 07:36:45.926605
WNTR,25.47,25.47,26.01,1658700.0,,,1395500.0,,,0,0,0,0,0,0,0,0,0,0,0,0,0,0,0,75,2026-02-04 07:36:45.926605
SPNG,24.78,25.16,25.23,1603.0,1298400.0,3745.0,20000.0,295700.0,,,,0,0,0,0,0,0,0,0,0,0,0,0,0,76,2026-02-04 07:36:46.968554
SMMR,24.67,24.67,24.7,3745.0,1264000.0,306.0,,1535900.0,10000.0,5577.0,,0,0,0,0,0,0,0,0,0,0,0,0,0,76,2026-02-04 07:36:46.968554
ATMN,24.57,24.48,24.51,539.0,1217300.0,1070.0,9000.0,1554200.0,,,6750.0,0,0,0,0,0,0,0,0,0,0,0,0,0,76,2026-02-04 07:36:46.968554
WNTR,25.71,25.68,25.71,3210.0,1421400.0,2219.0,,1337700.0,,,,0,0,0,0,0,0,0,0,0,0,0,0,0,76,2026-02-04 07:36:46.968554
SPNG,25.4,25.4,25.41,1324400.0,1603.0,29000.0,535.0,523100.0,,,,,0,0,0,0,0,0,0,0,0,0,0,0,77,2026-02-04 07:36:48.011834
SMMR,24.67,24.67,24.69,1264000.0,3745.0,,306.0,1854800.0,10000.0,5577.0,,,0,0,0,0,0,0,0,0,0,0,0,0,77,2026-02-04 07:36:48.011834
ATMN,24.62,24.55,24.62,1081300.0,539.0,6750.0,,1855700.0,,,9000.0,,0,0,0,0,0,0,0,0,0,0,0,0,77,2026-02-04 07:36:48.011834
WNTR,25.71,25.68,25.71,1328400.0,3210.0,,2219.0,1244100.0,,5577.0,,5577.0,0,0,0,0,0,0,0,0,0,0,0,0,77,2026-02-04 07:36:48.011834
SPNG,25.12,25.06,25.12,1603.0,1288000.0,417000.0,3745.0,16500.0,,,,0,0,0,0,0,0,0,0,0,0,0,0,0,78,2026-02-04 07:36:49.043747
SMMR,24.6,24.6,24.68,3745.0,1440100.0,1854800.0,174.0,,,,,0,0,0,0,0,0,0,0,0,0,0,0,0,78,2026-02-04 07:36:49.043747
ATMN,24.63,24.63,24.64,2140.0,591100.0,1443200.0,546.0,11250.0,10000.0,3151.0,13500.0,0,0,0,0,0,0,0,0,0,0,0,0,0,78,2026-02-04 07:36:49.043747
WNTR,25.89,25.68,25.89,3210.0,1409400.0,1599800.0,393.0,,,,,0,0,0,0,0,0,0,0,0,0,0,0,0,78,2026-02-04 07:36:49.043747
SPNG,25.42,25.06,25.11,1603.0,1285700.0,2364.0,402800.0,30000.0,,,0,0,0,0,0,0,0,0,0,0,0,0,0,0,79,2026-02-04 07:36:50.074118
SMMR,24.47,24.61,24.71,2675.0,1688900.0,,1746900.0,,87.0,,0,0,0,0,0,0,0,0,0,0,0,0,0,0,79,2026-02-04 07:36:50.074118
ATMN,24.63,24.63,24.64,2140.0,829000.0,,1403900.0,11250.0,546.0,13500.0,0,0,0,0,0,0,0,0,0,0,0,0,0,0,79,2026-02-04 07:36:50.074118
WNTR,25.7,25.88,25.89,3210.0,1415000.0,,1683700.0,,393.0,,0,0,0,0,0,0,0,0,0,0,0,0,0,0,79,2026-02-04 07:36:50.074118
SPNG,25.15,25.1,25.15,3745.0,10000.0,2364.0,1080200.0,402800.0,2240.0,21000.0,0,0,0,0,0,0,0,0,0,0,0,0,0,0,80,2026-02-04 07:36:51.120988
SMMR,24.7,24.7,24.76,3745.0,10000.0,5577.0,1226700.0,1723400.0,,,0,0,0,0,0,0,0,0,0,0,0,0,0,0,80,2026-02-04 07:36:51.120988
ATMN,24.47,24.47,24.8,3745.0,,,983300.0,1382900.0,,15750.0,0,0,0,0,0,0,0,0,0,0,0,0,0,0,80,2026-02-04 07:36:51.120988
WNTR,25.88,25.71,25.79,3745.0,,2364.0,1190500.0,1774500.0,133.0,1500.0,0,0,0,0,0,0,0,0,0,0,0,0,0,0,80,2026-02-04 07:36:51.120988
SPNG,25.11,25.08,25.11,3210.0,1435100.0,28750.0,509500.0,,,0,0,0,0,0,0,0,0,0,0,0,0,0,0,0,81,2026-02-04 07:36:52.163600
SMMR,24.61,24.61,24.64,3745.0,1446000.0,1500.0,1358000.0,582.0,3529.0,0,0,0,0,0,0,0,0,0,0,0,0,0,0,0,81,2026-02-04 07:36:52.163600
ATMN,24.41,24.64,24.8,3745.0,1087100.0,15750.0,1382900.0,,,0,0,0,0,0,0,0,0,0,0,0,0,0,0,0,81,2026-02-04 07:36:52.163600
WNTR,25.67,25.73,25.74,3745.0,1293300.0,1500.0,1233600.0,133.0,,0,0,0,0,0,0,0,0,0,0,0,0,0,0,0,81,2026-02-04 07:36:52.163600
SPNG,25.12,25.14,25.15,1336300.0,3210.0,2364.0,402800.0,32250.0,,,,,0,0,0,0,0,0,0,0,0,0,0,0,82,2026-02-04 07:36:53.201705
SMMR,24.61,24.61,24.64,1446000.0,3745.0,,1387400.0,1500.0,582.0,3529.0,,,0,0,0,0,0,0,0,0,0,0,0,0,82,2026-02-04 07:36:53.201705
ATMN,24.87,24.65,24.84,958100.0,3745.0,,2019900.0,,,,10000.0,10000.0,0,0,0,0,0,0,0,0,0,0,0,0,82,2026-02-04 07:36:53.201705
WNTR,25.73,25.73,25.83,1184400.0,3745.0,2364.0,1613100.0,1500.0,57.0,,,,0,0,0,0,0,0,0,0,0,0,0,0,82,2026-02-04 07:36:53.201705
SPNG,24.96,24.96,25.15,1923500.0,535.0,2376.0,424400.0,22500.0,,,,0,0,0,0,0,0,0,0,0,0,0,0,0,83,2026-02-04 07:36:54.237019
SMMR,24.7,24.7,24.73,1458300.0,3745.0,249.0,1883900.0,,,,,0,0,0,0,0,0,0,0,0,0,0,0,0,83,2026-02-04 07:36:54.237019
ATMN,24.73,24.74,24.83,818000.0,3745.0,,1837000.0,4500.0,4500.0,2061.0,2061.0,0,0,0,0,0,0,0,0,0,0,0,0,0,83,2026-02-04 07:36:54.237019
WNTR,25.73,25.73,25.76,1263600.0,3745.0,1032.0,1414400.0,,,,,0,0,0,0,0,0,0,0,0,0,0,0,0,83,2026-02-04 07:36:54.237019
SPNG,25.17,25.16,25.17,1843500.0,2364.0,535.0,301100.0,1980.0,27000.0,,,,0,0,0,0,0,0,0,0,0,0,0,0,84,2026-02-04 07:36:55.274437
SMMR,24.7,24.63,24.69,1454300.0,,3745.0,1857900.0,249.0,,3529.0,,,0,0,0,0,0,0,0,0,0,0,0,0,84,2026-02-04 07:36:55.274437
ATMN,24.74,24.65,24.66,958100.0,,3745.0,1994200.0,,,,4500.0,10000.0,0,0,0,0,0,0,0,0,0,0,0,0,84,2026-02-04 07:36:55.274437
WNTR,25.68,25.68,25.84,1482300.0,,2675.0,1584300.0,516.0,,,,10000.0,0,0,0,0,0,0,0,0,0,0,0,0,84,2026-02-04 07:36:55.274437
SPNG,25.48,25.17,25.48,2364.0,1282000.0,3745.0,1262000.0,18000.0,,,,0,0,0,0,0,0,0,0,0,0,0,0,0,85,2026-02-04 07:36:56.307206
SMMR,24.74,24.63,24.74,,1349000.0,3745.0,1916700.0,,4500.0,108.0,,0,0,0,0,0,0,0,0,0,0,0,0,0,85,2026-02-04 07:36:56.307206
ATMN,24.49,24.39,24.49,,1307600.0,3745.0,1901800.0,4500.0,,,,0,0,0,0,0,0,0,0,0,0,0,0,0,85,2026-02-04 07:36:56.307206
WNTR,25.66,25.66,25.73,,1587900.0,2140.0,1214900.0,,,952.0,10000.0,0,0,0,0,0,0,0,0,0,0,0,0,0,85,2026-02-04 07:36:56.307206
SPNG,25.16,25.16,25.3,1282000.0,2364.0,3745.0,1274400.0,18000.0,,,0,0,0,0,0,0,0,0,0,0,0,0,0,0,86,2026-02-04 07:36:56.844161
SMMR,24.74,24.63,24.74,1250400.0,2568.0,3745.0,1967700.0,,4500.0,108.0,0,0,0,0,0,0,0,0,0,0,0,0,0,0,86,2026-02-04 07:36:56.844161
ATMN,24.49,24.49,24.87,1292800.0,,3745.0,1903400.0,4500.0,,,0,0,0,0,0,0,0,0,0,0,0,0,0,0,86,2026-02-04 07:36:56.844161
WNTR,25.86,25.86,25.88,1444200.0,,2140.0,1802600.0,,3000.0,272.0,0,0,0,0,0,0,0,0,0,0,0,0,0,0,86,2026-02-04 07:36:56.844161
SPNG,25.5,25.0,25.5,2250.0,1759000.0,1070.0,1990600.0,,,,,0,0,0,0,0,0,0,0,0,0,0,0,0,87,2026-02-04 07:36:57.882291
SMMR,24.65,24.65,24.66,4500.0,1364100.0,3745.0,1632800.0,114.0,,,,0,0,0,0,0,0,0,0,0,0,0,0,0,87,2026-02-04 07:36:57.882291
ATMN,24.49,24.5,24.65,,1292800.0,3745.0,1782200.0,,5211.0,5211.0,4500.0,0,0,0,0,0,0,0,0,0,0,0,0,0,87,2026-02-04 07:36:57.882291
WNTR,25.68,25.66,25.68,3000.0,1327000.0,2675.0,1648200.0,890.0,,,,0,0,0,0,0,0,0,0,0,0,0,0,0,87,2026-02-04 07:36:57.882291
SPNG,25.5,25.01,25.12,3712.0,2250.0,1667400.0,1070.0,1944800.0,3712.0,,0,0,0,0,0,0,0,0,0,0,0,0,0,0,88,2026-02-04 07:36:58.930629
SMMR,24.74,24.65,24.74,2568.0,4500.0,1235000.0,3745.0,2006900.0,,57.0,0,0,0,0,0,0,0,0,0,0,0,0,0,0,88,2026-02-04 07:36:58.930629
ATMN,24.89,24.77,24.89,,4500.0,1146600.0,3745.0,2090200.0,,,0,0,0,0,0,0,0,0,0,0,0,0,0,0,88,2026-02-04 07:36:58.930629
WNTR,25.89,25.79,25.89,,4500.0,1239000.0,2675.0,1828400.0,,445.0,0,0,0,0,0,0,0,0,0,0,0,0,0,0,88,2026-02-04 07:36:58.930629
SPNG,24.93,24.93,25.5,2023900.0,2035200.0,,,,0,0,0,0,0,0,0,0,0,0,0,0,0,0,0,0,89,2026-02-04 07:36:59.962283
SMMR,24.62,24.61,24.62,1550300.0,1565900.0,3210.0,7.0,,0,0,0,0,0,0,0,0,0,0,0,0,0,0,0,0,89,2026-02-04 07:36:59.962283
ATMN,24.77,24.49,24.71,1533700.0,2128300.0,3745.0,,,0,0,0,0,0,0,0,0,0,0,0,0,0,0,0,0,89,2026-02-04 07:36:59.962283
WNTR,25.79,25.79,25.81,1224000.0,1514100.0,3745.0,1120.0,2930.0,0,0,0,0,0,0,0,0,0,0,0,0,0,0,0,0,89,2026-02-04 07:36:59.962283
SPNG,25.0,24.94,25.0,10000.0,1697600.0,4500.0,1650600.0,10000.0,2930.0,4500.0,,,,0,0,0,0,0,0,0,0,0,0,0,90,2026-02-04 07:37:00.994909
SMMR,24.47,24.47,24.74,,2108200.0,,2016100.0,,,,1070.0,3.0,,0,0,0,0,0,0,0,0,0,0,0,90,2026-02-04 07:37:00.994909
ATMN,24.71,24.51,24.71,,1500600.0,,2128300.0,,,,3745.0,,,0,0,0,0,0,0,0,0,0,0,0,90,2026-02-04 07:37:00.994909
WNTR,25.79,25.8,25.81,,1148000.0,,1514100.0,,2930.0,,3745.0,1120.0,2930.0,0,0,0,0,0,0,0,0,0,0,0,90,2026-02-04 07:37:00.994909
SPNG,25.0,24.97,25.0,535.0,1694400.0,4500.0,998400.0,693.0,6642.0,4500.0,,0,0,0,0,0,0,0,0,0,0,0,0,0,91,2026-02-04 07:37:02.030305
SMMR,24.66,24.68,24.69,1605.0,1783100.0,,1643300.0,345.0,1339.0,,1339.0,0,0,0,0,0,0,0,0,0,0,0,0,0,91,2026-02-04 07:37:02.030305
ATMN,24.98,24.52,24.98,3745.0,1146100.0,4500.0,2104800.0,,,,1339.0,0,0,0,0,0,0,0,0,0,0,0,0,0,91,2026-02-04 07:37:02.030305
WNTR,25.97,25.97,25.99,3745.0,1251700.0,,2019400.0,,,,,0,0,0,0,0,0,0,0,0,0,0,0,0,91,2026-02-04 07:37:02.030305
SPNG,24.9,24.9,25.19,2020200.0,1279300.0,594.0,4500.0,,,,,0,0,0,0,0,0,0,0,0,0,0,0,0,92,2026-02-04 07:37:03.061440
SMMR,24.66,24.68,24.69,1913300.0,1764000.0,345.0,,1605.0,,,,0,0,0,0,0,0,0,0,0,0,0,0,0,92,2026-02-04 07:37:03.061440
ATMN,24.98,24.59,24.97,1232600.0,2037700.0,,,2675.0,6750.0,10000.0,10000.0,0,0,0,0,0,0,0,0,0,0,0,0,0,92,2026-02-04 07:37:03.061440
WNTR,25.99,25.77,25.99,1246000.0,2015500.0,,,3745.0,,,,0,0,0,0,0,0,0,0,0,0,0,0,0,92,2026-02-04 07:37:03.061440
SPNG,24.88,24.88,25.23,2030400.0,2140.0,1070000.0,4500.0,,,,,0,0,0,0,0,0,0,0,0,0,0,0,0,93,2026-02-04 07:37:04.085488
SMMR,24.68,24.68,24.7,1427300.0,1770.0,1738300.0,,3745.0,,,,0,0,0,0,0,0,0,0,0,0,0,0,0,93,2026-02-04 07:37:04.085488
ATMN,24.98,24.76,24.78,871300.0,,1982600.0,4500.0,3745.0,1339.0,9000.0,,0,0,0,0,0,0,0,0,0,0,0,0,0,93,2026-02-04 07:37:04.085488
WNTR,26.01,25.78,25.98,1172000.0,,1934800.0,,3745.0,3174.0,,3174.0,0,0,0,0,0,0,0,0,0,0,0,0,0,93,2026-02-04 07:37:04.085488
SPNG,24.76,24.78,25.23,1957300.0,10000.0,2140.0,9000.0,856000.0,,,0,0,0,0,0,0,0,0,0,0,0,0,0,0,94,2026-02-04 07:37:05.115260
SMMR,24.68,24.68,24.7,1427300.0,,1770.0,,1750700.0,3745.0,,0,0,0,0,0,0,0,0,0,0,0,0,0,0,94,2026-02-04 07:37:05.115260
ATMN,24.57,24.58,24.78,792100.0,,,6750.0,1876200.0,3745.0,13500.0,0,0,0,0,0,0,0,0,0,0,0,0,0,0,94,2026-02-04 07:37:05.115260
WNTR,25.78,25.99,26.01,1291000.0,,,,2037600.0,3745.0,,0,0,0,0,0,0,0,0,0,0,0,0,0,0,94,2026-02-04 07:37:05.115260
SPNG,24.94,24.78,24.91,1947600.0,4711.0,853400.0,3745.0,4711.0,9000.0,,0,0,0,0,0,0,0,0,0,0,0,0,0,0,95,2026-02-04 07:37:06.162020
SMMR,24.68,24.69,24.7,1452900.0,,1740700.0,1265.0,,,3745.0,0,0,0,0,0,0,0,0,0,0,0,0,0,0,95,2026-02-04 07:37:06.162020
ATMN,24.54,24.51,24.54,1748400.0,,1782600.0,,,9000.0,2675.0,0,0,0,0,0,0,0,0,0,0,0,0,0,0,95,2026-02-04 07:37:06.162020
WNTR,25.7,25.73,25.77,1253100.0,,1960700.0,,,1500.0,3745.0,0,0,0,0,0,0,0,0,0,0,0,0,0,0,95,2026-02-04 07:37:06.162020
SPNG,24.94,24.81,24.91,2038000.0,735400.0,3745.0,12250.0,,,,,0,0,0,0,0,0,0,0,0,0,0,0,0,96,2026-02-04 07:37:07.215060
SMMR,24.66,24.66,24.7,1459400.0,1740700.0,1012.0,1500.0,3745.0,,,,0,0,0,0,0,0,0,0,0,0,0,0,0,96,2026-02-04 07:37:07.215060
ATMN,24.54,24.66,24.78,1525100.0,1552400.0,,13500.0,2675.0,4500.0,,,0,0,0,0,0,0,0,0,0,0,0,0,0,96,2026-02-04 07:37:07.215060
WNTR,25.77,25.74,25.77,1161600.0,1855300.0,,1500.0,3745.0,,2281.0,2281.0,0,0,0,0,0,0,0,0,0,0,0,0,0,96,2026-02-04 07:37:07.215060
SPNG,25.18,25.18,25.27,1952100.0,4958.0,1303400.0,15500.0,,,,,0,0,0,0,0,0,0,0,0,0,0,0,0,97,2026-02-04 07:37:08.260850
SMMR,24.7,24.66,24.7,2027700.0,,2212400.0,1500.0,1070.0,,,,0,0,0,0,0,0,0,0,0,0,0,0,0,97,2026-02-04 07:37:08.260850
ATMN,24.77,24.47,24.64,1776100.0,,1216300.0,13500.0,1070.0,10000.0,4500.0,792.0,0,0,0,0,0,0,0,0,0,0,0,0,0,97,2026-02-04 07:37:08.260850
WNTR,25.77,25.77,25.82,1652400.0,4958.0,1820800.0,1500.0,1070.0,,,77.0,0,0,0,0,0,0,0,0,0,0,0,0,0,97,2026-02-04 07:37:08.260850
SPNG,24.78,24.78,25.21,2034000.0,2140.0,858500.0,15500.0,,,,,,0,0,0,0,0,0,0,0,0,0,0,0,98,2026-02-04 07:37:09.300376
SMMR,24.59,24.59,24.61,1682800.0,724.0,1529700.0,3000.0,2675.0,1971.0,,,,0,0,0,0,0,0,0,0,0,0,0,0,98,2026-02-04 07:37:09.300376
ATMN,24.95,24.53,24.94,1055800.0,,1763700.0,9000.0,3210.0,,10000.0,9000.0,,0,0,0,0,0,0,0,0,0,0,0,0,98,2026-02-04 07:37:09.300376
WNTR,25.7,25.77,25.79,1268000.0,385.0,1451600.0,1500.0,3210.0,,,,4958.0,0,0,0,0,0,0,0,0,0,0,0,0,98,2026-02-04 07:37:09.300376
SPNG,24.78,24.88,24.98,2000400.0,10000.0,10000.0,18750.0,562400.0,2140.0,,,,,0,0,0,0,0,0,0,0,0,0,0,99,2026-02-04 07:37:10.338532
SMMR,24.75,24.59,24.75,1682300.0,,,,1872500.0,724.0,2675.0,,,,0,0,0,0,0,0,0,0,0,0,0,99,2026-02-04 07:37:10.338532
ATMN,24.81,24.51,24.77,1305500.0,,,9000.0,1634900.0,,3745.0,4500.0,2796.0,,0,0,0,0,0,0,0,0,0,0,0,99,2026-02-04 07:37:10.338532
WNTR,25.81,25.71,25.78,1361500.0,,,1500.0,1452800.0,308.0,2675.0,,2796.0,2796.0,0,0,0,0,0,0,0,0,0,0,0,99,2026-02-04 07:37:10.338532
SPNG,24.99,24.95,24.99,764.0,1773500.0,2796.0,447300.0,3745.0,2796.0,15500.0,,0,0,0,0,0,0,0,0,0,0,0,0,0,100,2026-02-04 07:37:11.377104
SMMR,24.66,24.68,24.69,2675.0,1702700.0,,1417300.0,1178.0,,,,0,0,0,0,0,0,0,0,0,0,0,0,0,100,2026-02-04 07:37:11.377104
ATMN,24.72,24.73,24.75,3745.0,941600.0,2796.0,1055500.0,942.0,2796.0,13500.0,9000.0,0,0,0,0,0,0,0,0,0,0,0,0,0,100,2026-02-04 07:37:11.377104
WNTR,25.66,25.66,25.92,2675.0,1450200.0,,1939700.0,,,1500.0,,0,0,0,0,0,0,0,0,0,0,0,0,0,100,2026-02-04 07:37:11.377104
SPNG,25.34,24.96,24.98,10000.0,3670.0,764.0,4500.0,1486300.0,3670.0,1029000.0,20000.0,,,0,0,0,0,0,0,0,0,0,0,0,101,2026-02-04 07:37:12.415815
SMMR,24.66,24.59,24.66,,,2675.0,,1682300.0,,1675300.0,,924.0,,0,0,0,0,0,0,0,0,0,0,0,101,2026-02-04 07:37:12.415815
ATMN,24.73,24.59,24.7,,,3745.0,11250.0,944500.0,,1170900.0,13500.0,942.0,,0,0,0,0,0,0,0,0,0,0,0,101,2026-02-04 07:37:12.415815
WNTR,26.01,25.71,25.86,10000.0,,2675.0,,1362100.0,,1835000.0,1500.0,,10000.0,0,0,0,0,0,0,0,0,0,0,0,101,2026-02-04 07:37:12.415815
SPNG,24.98,25.18,25.31,10000.0,1089100.0,763.0,4500.0,1142100.0,20000.0,,,,0,0,0,0,0,0,0,0,0,0,0,0,102,2026-02-04 07:37:12.944486
SMMR,24.76,24.65,24.66,,1484900.0,3745.0,,1182800.0,,1571.0,2801.0,,0,0,0,0,0,0,0,0,0,0,0,0,102,2026-02-04 07:37:12.944486
ATMN,24.73,24.66,24.69,,1195800.0,2140.0,13500.0,541600.0,13500.0,1071.0,2801.0,,0,0,0,0,0,0,0,0,0,0,0,0,102,2026-02-04 07:37:12.944486
WNTR,26.01,25.8,25.83,,1340100.0,2675.0,,1949300.0,1500.0,,,2801.0,0,0,0,0,0,0,0,0,0,0,0,0,102,2026-02-04 07:37:12.944486
SPNG,24.96,24.89,24.96,4500.0,1679900.0,218.0,1008200.0,22250.0,,,,0,0,0,0,0,0,0,0,0,0,0,0,0,103,2026-02-04 07:37:13.981761
SMMR,24.61,24.59,24.61,,1720500.0,2675.0,1321400.0,,1206.0,2801.0,,0,0,0,0,0,0,0,0,0,0,0,0,0,103,2026-02-04 07:37:13.981761
ATMN,24.82,24.66,24.69,13500.0,1176700.0,1605.0,1494300.0,9000.0,306.0,,2801.0,0,0,0,0,0,0,0,0,0,0,0,0,0,103,2026-02-04 07:37:13.981761
WNTR,25.83,25.8,25.83,,1340100.0,2675.0,1858800.0,1500.0,,2801.0,2801.0,0,0,0,0,0,0,0,0,0,0,0,0,0,103,2026-02-04 07:37:13.981761
SPNG,24.96,24.98,25.3,2080000.0,22250.0,1017800.0,,,,,,,0,0,0,0,0,0,0,0,0,0,0,0,104,2026-02-04 07:37:15.014674
SMMR,24.59,24.59,24.6,1724300.0,,1451600.0,2675.0,2801.0,1079.0,,,,0,0,0,0,0,0,0,0,0,0,0,0,104,2026-02-04 07:37:15.014674
ATMN,24.82,24.66,24.82,1295700.0,9000.0,1507400.0,1605.0,,306.0,13500.0,,,0,0,0,0,0,0,0,0,0,0,0,0,104,2026-02-04 07:37:15.014674
WNTR,25.71,25.72,25.82,1341000.0,1500.0,1866500.0,2675.0,,,,6466.0,6466.0,0,0,0,0,0,0,0,0,0,0,0,0,104,2026-02-04 07:37:15.014674
SPNG,24.72,24.72,24.92,2083200.0,592400.0,2982.0,15500.0,,,,,,0,0,0,0,0,0,0,0,0,0,0,0,105,2026-02-04 07:37:16.051294
SMMR,24.72,24.72,24.75,1861600.0,1638000.0,699.0,,2140.0,,,,,0,0,0,0,0,0,0,0,0,0,0,0,105,2026-02-04 07:37:16.051294
ATMN,24.94,24.77,24.93,1025700.0,1636600.0,,11250.0,1070.0,15750.0,7068.0,2801.0,,0,0,0,0,0,0,0,0,0,0,0,0,105,2026-02-04 07:37:16.051294
WNTR,25.71,25.73,25.78,1359500.0,1141700.0,1071.0,1500.0,3210.0,,,,2801.0,0,0,0,0,0,0,0,0,0,0,0,0,105,2026-02-04 07:37:16.051294
SPNG,25.31,24.72,25.31,2083200.0,1142100.0,20000.0,,,,,,,0,0,0,0,0,0,0,0,0,0,0,0,106,2026-02-04 07:37:17.088902
SMMR,24.59,24.59,24.76,1813600.0,1657000.0,,2140.0,699.0,,,,,0,0,0,0,0,0,0,0,0,0,0,0,106,2026-02-04 07:37:17.088902
ATMN,24.94,24.9,24.93,1018700.0,1506400.0,13500.0,535.0,,7068.0,18000.0,2801.0,,0,0,0,0,0,0,0,0,0,0,0,0,106,2026-02-04 07:37:17.088902
WNTR,25.83,25.73,25.78,1363400.0,1357800.0,1500.0,3210.0,765.0,,,,2801.0,0,0,0,0,0,0,0,0,0,0,0,0,106,2026-02-04 07:37:17.088902
SPNG,24.69,25.09,25.11,10000.0,1983400.0,9398.0,763.0,567200.0,13250.0,,,,,0,0,0,0,0,0,0,0,0,0,0,107,2026-02-04 07:37:18.120118
SMMR,24.69,24.66,24.69,,1388800.0,,1976.0,1200200.0,,3192.0,1744.0,1744.0,,0,0,0,0,0,0,0,0,0,0,0,107,2026-02-04 07:37:18.120118
ATMN,24.66,24.66,24.82,,1054700.0,,,1286600.0,18000.0,2675.0,,,13500.0,0,0,0,0,0,0,0,0,0,0,0,107,2026-02-04 07:37:18.120118
WNTR,25.73,25.73,25.83,,1363400.0,,612.0,1440900.0,1500.0,3210.0,,2801.0,,0,0,0,0,0,0,0,0,0,0,0,107,2026-02-04 07:37:18.120118
SPNG,24.8,25.1,25.19,1875600.0,4500.0,567200.0,436.0,22250.0,,,,0,0,0,0,0,0,0,0,0,0,0,0,0,108,2026-02-04 07:37:19.150869
SMMR,24.69,24.66,24.67,1492500.0,,1421800.0,1674.0,,3192.0,,,0,0,0,0,0,0,0,0,0,0,0,0,0,108,2026-02-04 07:37:19.150869
ATMN,24.96,24.67,24.96,801700.0,13500.0,1697500.0,,9000.0,2675.0,7068.0,2801.0,0,0,0,0,0,0,0,0,0,0,0,0,0,108,2026-02-04 07:37:19.150869
WNTR,25.75,25.75,25.88,1456600.0,,1648600.0,459.0,1500.0,2675.0,,,0,0,0,0,0,0,0,0,0,0,0,0,0,108,2026-02-04 07:37:19.150869
SPNG,25.05,25.05,25.12,1158800.0,2982.0,4500.0,3418.0,449900.0,7099.0,7750.0,,,0,0,0,0,0,0,0,0,0,0,0,0,109,2026-02-04 07:37:20.183154
SMMR,24.56,24.54,24.56,1571500.0,1605.0,,2410.0,1292700.0,,,,,0,0,0,0,0,0,0,0,0,0,0,0,109,2026-02-04 07:37:20.183154
ATMN,24.58,24.72,24.77,805900.0,2140.0,18000.0,28.0,735700.0,,13500.0,7068.0,,0,0,0,0,0,0,0,0,0,0,0,0,109,2026-02-04 07:37:20.183154
WNTR,25.91,25.75,25.76,1339200.0,2675.0,,616.0,1242300.0,,1500.0,,2801.0,0,0,0,0,0,0,0,0,0,0,0,0,109,2026-02-04 07:37:20.183154
SPNG,24.84,24.7,24.84,9000.0,1662800.0,557300.0,3418.0,7750.0,,,0,0,0,0,0,0,0,0,0,0,0,0,0,0,110,2026-02-04 07:37:21.217553
SMMR,24.51,24.51,24.56,,1803400.0,1292700.0,2410.0,,1070.0,,0,0,0,0,0,0,0,0,0,0,0,0,0,0,110,2026-02-04 07:37:21.217553
ATMN,24.98,24.72,24.98,18000.0,805900.0,1829700.0,12.0,,2140.0,3250.0,0,0,0,0,0,0,0,0,0,0,0,0,0,0,110,2026-02-04 07:37:21.217553
WNTR,25.78,25.79,25.81,,1527200.0,1345200.0,528.0,1500.0,2140.0,,0,0,0,0,0,0,0,0,0,0,0,0,0,0,110,2026-02-04 07:37:21.217553
SPNG,24.89,24.89,25.22,1668700.0,9000.0,688900.0,1605.0,15500.0,,,,0,0,0,0,0,0,0,0,0,0,0,0,0,111,2026-02-04 07:37:22.261585
SMMR,24.51,24.51,24.55,1813800.0,,1173700.0,2410.0,,1070.0,278.0,,0,0,0,0,0,0,0,0,0,0,0,0,0,111,2026-02-04 07:37:22.261585
ATMN,24.98,24.72,24.78,694900.0,22500.0,1605800.0,12.0,4500.0,2140.0,,,0,0,0,0,0,0,0,0,0,0,0,0,0,111,2026-02-04 07:37:22.261585
WNTR,26.02,25.79,26.02,1527200.0,,2022000.0,,,1605.0,,2801.0,0,0,0,0,0,0,0,0,0,0,0,0,0,111,2026-02-04 07:37:22.261585
SPNG,25.23,24.65,25.23,2084100.0,689500.0,1070.0,18750.0,,,0,0,0,0,0,0,0,0,0,0,0,0,0,0,0,112,2026-02-04 07:37:23.308789
SMMR,24.59,24.59,24.66,1740800.0,1189700.0,1282.0,,1630.0,,0,0,0,0,0,0,0,0,0,0,0,0,0,0,0,112,2026-02-04 07:37:23.308789
ATMN,24.58,24.58,24.78,1528900.0,1275100.0,1624.0,2250.0,535.0,13500.0,0,0,0,0,0,0,0,0,0,0,0,0,0,0,0,112,2026-02-04 07:37:23.308789
WNTR,25.93,25.95,25.96,1459200.0,1911700.0,44.0,,1605.0,3000.0,0,0,0,0,0,0,0,0,0,0,0,0,0,0,0,112,2026-02-04 07:37:23.308789
SPNG,25.08,25.18,25.23,1967400.0,524.0,675000.0,1070.0,18750.0,,,,,,0,0,0,0,0,0,0,0,0,0,0,113,2026-02-04 07:37:24.339250
SMMR,24.65,24.48,24.65,2046800.0,,1406600.0,1372.0,,7670.0,326.0,10000.0,,,0,0,0,0,0,0,0,0,0,0,0,113,2026-02-04 07:37:24.339250
ATMN,24.95,24.58,24.77,1271400.0,,1349800.0,1392.0,,,535.0,,16750.0,524.0,0,0,0,0,0,0,0,0,0,0,0,113,2026-02-04 07:37:24.339250
WNTR,25.95,25.95,25.96,1439600.0,,1911700.0,44.0,,,1605.0,,3000.0,,0,0,0,0,0,0,0,0,0,0,0,113,2026-02-04 07:37:24.339250
SPNG,25.03,25.04,25.18,6188.0,1954900.0,1605.0,693600.0,17750.0,,,,,0,0,0,0,0,0,0,0,0,0,0,0,114,2026-02-04 07:37:25.373430
SMMR,24.57,24.56,24.57,,2184000.0,1372.0,1532600.0,,326.0,,,,0,0,0,0,0,0,0,0,0,0,0,0,114,2026-02-04 07:37:25.373430
ATMN,24.52,24.53,24.76,324.0,1757400.0,1392.0,1349800.0,,,9000.0,324.0,,0,0,0,0,0,0,0,0,0,0,0,0,114,2026-02-04 07:37:25.373430
WNTR,26.02,25.95,26.02,,1431400.0,,2021200.0,,2140.0,,,2801.0,0,0,0,0,0,0,0,0,0,0,0,0,114,2026-02-04 07:37:25.373430
SPNG,25.25,24.65,25.25,2082300.0,811600.0,535.0,21000.0,,,,,0,0,0,0,0,0,0,0,0,0,0,0,0,115,2026-02-04 07:37:26.407415
SMMR,24.57,24.56,24.57,1707700.0,1077400.0,2998.0,,1728.0,6406.0,6406.0,,0,0,0,0,0,0,0,0,0,0,0,0,0,115,2026-02-04 07:37:26.407415
ATMN,24.49,24.74,24.87,1639800.0,1308100.0,1617.0,,,,,12250.0,0,0,0,0,0,0,0,0,0,0,0,0,0,115,2026-02-04 07:37:26.407415
WNTR,25.73,25.73,26.02,1438000.0,2006700.0,,,2675.0,,,,0,0,0,0,0,0,0,0,0,0,0,0,0,115,2026-02-04 07:37:26.407415
SPNG,25.25,25.04,25.14,524.0,1955200.0,919100.0,18750.0,535.0,,,,,,0,0,0,0,0,0,0,0,0,0,0,116,2026-02-04 07:37:27.443188
SMMR,24.66,24.67,24.69,,1869000.0,1284000.0,,2516.0,1728.0,,,,,0,0,0,0,0,0,0,0,0,0,0,116,2026-02-04 07:37:27.443188
ATMN,24.74,24.75,24.86,,1398300.0,1147200.0,2250.0,1386.0,,3256.0,14500.0,3256.0,524.0,0,0,0,0,0,0,0,0,0,0,0,116,2026-02-04 07:37:27.443188
WNTR,25.73,25.73,25.75,,1548700.0,1904200.0,,,2140.0,,,,2801.0,0,0,0,0,0,0,0,0,0,0,0,116,2026-02-04 07:37:27.443188
SPNG,24.75,24.66,24.69,2065100.0,2266300.0,0,0,0,0,0,0,0,0,0,0,0,0,0,0,0,0,0,0,0,117,2026-02-04 07:37:28.482765
SMMR,24.49,24.49,24.63,2276200.0,2259100.0,0,0,0,0,0,0,0,0,0,0,0,0,0,0,0,0,0,0,0,117,2026-02-04 07:37:28.482765
ATMN,24.87,24.49,24.87,2363200.0,2084400.0,0,0,0,0,0,0,0,0,0,0,0,0,0,0,0,0,0,0,0,117,2026-02-04 07:37:28.482765
WNTR,25.73,25.81,26.02,1998600.0,2006700.0,0,0,0,0,0,0,0,0,0,0,0,0,0,0,0,0,0,0,0,117,2026-02-04 07:37:28.482765
SPNG,24.69,25.13,25.14,2060800.0,2256000.0,0,0,0,0,0,0,0,0,0,0,0,0,0,0,0,0,0,0,0,118,2026-02-04 07:37:29.031866
SMMR,24.63,24.65,24.77,2297100.0,2278500.0,0,0,0,0,0,0,0,0,0,0,0,0,0,0,0,0,0,0,0,118,2026-02-04 07:37:29.031866
ATMN,24.49,24.61,24.87,2330700.0,2084400.0,0,0,0,0,0,0,0,0,0,0,0,0,0,0,0,0,0,0,0,118,2026-02-04 07:37:29.031866
WNTR,25.81,25.81,25.91,1998600.0,2019800.0,0,0,0,0,0,0,0,0,0,0,0,0,0,0,0,0,0,0,0,118,2026-02-04 07:37:29.031866
SPNG,25.25,25.19,25.25,2063800.0,2245500.0,0,0,0,0,0,0,0,0,0,0,0,0,0,0,0,0,0,0,0,119,2026-02-04 07:37:30.107356
SMMR,24.47,24.45,24.47,2312100.0,2319800.0,0,0,0,0,0,0,0,0,0,0,0,0,0,0,0,0,0,0,0,119,2026-02-04 07:37:30.107356
ATMN,24.49,24.85,24.87,2342600.0,2060800.0,0,0,0,0,0,0,0,0,0,0,0,0,0,0,0,0,0,0,0,119,2026-02-04 07:37:30.107356
WNTR,25.81,25.84,25.91,1973200.0,2023900.0,0,0,0,0,0,0,0,0,0,0,0,0,0,0,0,0,0,0,0,119,2026-02-04 07:37:30.107356
SPNG,29.63,27.37,28.9,731600.0,3210.0,663300.0,0,0,0,0,0,0,0,0,0,0,0,0,0,0,0,0,0,0,120,2026-02-04 07:37:31.169348
SMMR,24.45,24.12,24.31,975600.0,,959200.0,0,0,0,0,0,0,0,0,0,0,0,0,0,0,0,0,0,0,120,2026-02-04 07:37:31.169348
ATMN,24.49,24.68,25.94,971700.0,,805000.0,0,0,0,0,0,0,0,0,0,0,0,0,0,0,0,0,0,0,120,2026-02-04 07:37:31.169348
WNTR,25.73,25.73,25.84,834000.0,,716700.0,0,0,0,0,0,0,0,0,0,0,0,0,0,0,0,0,0,0,120,2026-02-04 07:37:31.169348
SPNG,29.63,27.37,28.23,848300.0,3210.0,966000.0,0,0,0,0,0,0,0,0,0,0,0,0,0,0,0,0,0,0,121,2026-02-04 07:37:32.202835
SMMR,24.01,24.01,24.12,977600.0,,1186900.0,0,0,0,0,0,0,0,0,0,0,0,0,0,0,0,0,0,0,121,2026-02-04 07:37:32.202835
ATMN,24.68,23.87,24.36,1012500.0,,1132500.0,0,0,0,0,0,0,0,0,0,0,0,0,0,0,0,0,0,0,121,2026-02-04 07:37:32.202835
WNTR,25.73,25.77,25.84,1016700.0,,716700.0,0,0,0,0,0,0,0,0,0,0,0,0,0,0,0,0,0,0,121,2026-02-04 07:37:32.202835
SPNG,27.37,26.71,26.76,4500.0,892900.0,3210.0,1260900.0,4500.0,0,0,0,0,0,0,0,0,0,0,0,0,0,0,0,0,122,2026-02-04 07:37:33.242233
SMMR,24.04,24.06,24.12,,1117200.0,,1319400.0,,0,0,0,0,0,0,0,0,0,0,0,0,0,0,0,0,122,2026-02-04 07:37:33.242233
ATMN,23.88,23.87,23.88,,1012500.0,,1463200.0,,0,0,0,0,0,0,0,0,0,0,0,0,0,0,0,0,122,2026-02-04 07:37:33.242233
WNTR,25.77,25.73,25.77,,925500.0,,923100.0,,0,0,0,0,0,0,0,0,0,0,0,0,0,0,0,0,122,2026-02-04 07:37:33.242233
SPNG,26.7,26.7,26.76,892900.0,3210.0,1547900.0,4500.0,0,0,0,0,0,0,0,0,0,0,0,0,0,0,0,0,0,123,2026-02-04 07:37:34.290223
SMMR,23.9,23.9,24.12,1015500.0,,1528000.0,,0,0,0,0,0,0,0,0,0,0,0,0,0,0,0,0,0,123,2026-02-04 07:37:34.290223
ATMN,23.88,23.92,24.18,1154600.0,,1487400.0,4500.0,0,0,0,0,0,0,0,0,0,0,0,0,0,0,0,0,0,123,2026-02-04 07:37:34.290223
WNTR,25.85,25.73,25.85,1043700.0,,715200.0,,0,0,0,0,0,0,0,0,0,0,0,0,0,0,0,0,0,123,2026-02-04 07:37:34.290223
SPNG,26.89,26.72,26.75,10000.0,4500.0,892900.0,3210.0,10000.0,1571300.0,4500.0,0,0,0,0,0,0,0,0,0,0,0,0,0,0,124,2026-02-04 07:37:35.362442
SMMR,23.9,24.05,24.1,10000.0,,1157700.0,,10000.0,1739700.0,,0,0,0,0,0,0,0,0,0,0,0,0,0,0,124,2026-02-04 07:37:35.362442
ATMN,23.87,23.84,23.86,10000.0,2250.0,1288300.0,,10000.0,1590900.0,6750.0,0,0,0,0,0,0,0,0,0,0,0,0,0,0,124,2026-02-04 07:37:35.362442
WNTR,25.56,25.56,25.93,,,852200.0,,,708800.0,,0,0,0,0,0,0,0,0,0,0,0,0,0,0,124,2026-02-04 07:37:35.362442
SPNG,26.75,26.82,26.88,1117400.0,6750.0,3210.0,1717200.0,4500.0,,,0,0,0,0,0,0,0,0,0,0,0,0,0,0,125,2026-02-04 07:37:36.405465
SMMR,24.05,24.06,24.09,1157700.0,,,1971100.0,,7500.0,7500.0,0,0,0,0,0,0,0,0,0,0,0,0,0,0,125,2026-02-04 07:37:36.405465
ATMN,23.87,23.84,23.87,1646600.0,4500.0,,1590900.0,9000.0,,,0,0,0,0,0,0,0,0,0,0,0,0,0,0,125,2026-02-04 07:37:36.405465
WNTR,25.93,25.75,25.92,1053900.0,,,708800.0,,7500.0,7500.0,0,0,0,0,0,0,0,0,0,0,0,0,0,0,125,2026-02-04 07:37:36.405465
SPNG,26.71,26.71,26.88,9000.0,1015900.0,1629600.0,9000.0,0,0,0,0,0,0,0,0,0,0,0,0,0,0,0,0,0,126,2026-02-04 07:37:37.448878
SMMR,23.9,23.9,24.09,,1015500.0,2102500.0,,0,0,0,0,0,0,0,0,0,0,0,0,0,0,0,0,0,126,2026-02-04 07:37:37.448878
ATMN,23.76,23.85,23.87,6750.0,1741600.0,1512400.0,13500.0,0,0,0,0,0,0,0,0,0,0,0,0,0,0,0,0,0,126,2026-02-04 07:37:37.448878
WNTR,25.75,25.83,25.93,,1156500.0,911700.0,,0,0,0,0,0,0,0,0,0,0,0,0,0,0,0,0,0,126,2026-02-04 07:37:37.448878
SPNG,26.51,26.52,26.87,2250.0,918200.0,1875.0,11250.0,1401600.0,,0,0,0,0,0,0,0,0,0,0,0,0,0,0,0,127,2026-02-04 07:37:38.497241
SMMR,23.9,24.06,24.09,,1015500.0,,,2354200.0,7500.0,0,0,0,0,0,0,0,0,0,0,0,0,0,0,0,127,2026-02-04 07:37:38.497241
ATMN,23.73,23.77,23.8,4500.0,1744300.0,,13500.0,1570600.0,,0,0,0,0,0,0,0,0,0,0,0,0,0,0,0,127,2026-02-04 07:37:38.497241
WNTR,25.93,25.56,25.93,,1154700.0,,,821500.0,,0,0,0,0,0,0,0,0,0,0,0,0,0,0,0,127,2026-02-04 07:37:38.497241
SPNG,26.51,26.53,26.86,10000.0,2250.0,1208900.0,10000.0,13500.0,1308800.0,0,0,0,0,0,0,0,0,0,0,0,0,0,0,0,128,2026-02-04 07:37:39.042650
SMMR,23.48,23.59,24.09,,,1002400.0,,1500.0,2286000.0,0,0,0,0,0,0,0,0,0,0,0,0,0,0,0,128,2026-02-04 07:37:39.042650
ATMN,23.73,23.73,23.79,,4500.0,1745000.0,,15750.0,1460300.0,0,0,0,0,0,0,0,0,0,0,0,0,0,0,0,128,2026-02-04 07:37:39.042650
WNTR,25.71,25.71,25.92,,,1071800.0,10000.0,,821500.0,0,0,0,0,0,0,0,0,0,0,0,0,0,0,0,128,2026-02-04 07:37:39.042650
SPNG,26.5,26.54,26.86,1310400.0,1875.0,10000.0,13500.0,1226100.0,,,0,0,0,0,0,0,0,0,0,0,0,0,0,0,129,2026-02-04 07:37:40.098246
SMMR,23.86,23.86,24.09,1138600.0,,,1500.0,2286000.0,,,0,0,0,0,0,0,0,0,0,0,0,0,0,0,129,2026-02-04 07:37:40.098246
ATMN,23.71,23.71,23.8,1766400.0,,,13500.0,1570600.0,4500.0,,0,0,0,0,0,0,0,0,0,0,0,0,0,0,129,2026-02-04 07:37:40.098246
WNTR,26.0,25.84,25.91,1182300.0,468.0,,,826300.0,,468.0,0,0,0,0,0,0,0,0,0,0,0,0,0,0,129,2026-02-04 07:37:40.098246
SPNG,26.88,26.54,26.88,1448400.0,1612600.0,9000.0,,,,0,0,0,0,0,0,0,0,0,0,0,0,0,0,0,130,2026-02-04 07:37:41.139776
SMMR,24.1,23.91,24.08,1271100.0,2149400.0,1500.0,4101.0,4101.0,,0,0,0,0,0,0,0,0,0,0,0,0,0,0,0,130,2026-02-04 07:37:41.139776
ATMN,23.71,23.72,23.74,1976100.0,1486100.0,15750.0,,,9000.0,0,0,0,0,0,0,0,0,0,0,0,0,0,0,0,130,2026-02-04 07:37:41.139776
WNTR,25.75,25.75,25.9,1273100.0,928600.0,,,4101.0,,0,0,0,0,0,0,0,0,0,0,0,0,0,0,0,130,2026-02-04 07:37:41.139776
SPNG,26.81,26.81,26.88,1383400.0,10000.0,2250.0,1503600.0,11250.0,0,0,0,0,0,0,0,0,0,0,0,0,0,0,0,0,131,2026-02-04 07:37:42.174096
SMMR,23.86,23.97,23.99,1262500.0,,,2278800.0,1500.0,0,0,0,0,0,0,0,0,0,0,0,0,0,0,0,0,131,2026-02-04 07:37:42.174096
ATMN,24.18,24.18,24.19,1938200.0,,9000.0,1735100.0,,0,0,0,0,0,0,0,0,0,0,0,0,0,0,0,0,131,2026-02-04 07:37:42.174096
WNTR,25.9,25.97,26.0,1381200.0,,,928600.0,,0,0,0,0,0,0,0,0,0,0,0,0,0,0,0,0,131,2026-02-04 07:37:42.174096
SPNG,26.47,26.53,26.87,1372900.0,4500.0,3282.0,3282.0,1445100.0,11250.0,,0,0,0,0,0,0,0,0,0,0,0,0,0,0,132,2026-02-04 07:37:43.205667
SMMR,23.99,23.99,24.09,1272200.0,1500.0,,4101.0,2273000.0,,10000.0,0,0,0,0,0,0,0,0,0,0,0,0,0,0,132,2026-02-04 07:37:43.205667
ATMN,24.18,23.72,23.97,1711400.0,13500.0,,,2115600.0,2250.0,,0,0,0,0,0,0,0,0,0,0,0,0,0,0,132,2026-02-04 07:37:43.205667
WNTR,25.97,25.73,25.8,1378500.0,,,,1161300.0,,,0,0,0,0,0,0,0,0,0,0,0,0,0,0,132,2026-02-04 07:37:43.205667
SPNG,26.54,26.54,26.56,2109.0,1222800.0,3210.0,4500.0,385.0,1063200.0,2109.0,9000.0,,0,0,0,0,0,0,0,0,0,0,0,0,133,2026-02-04 07:37:44.255740
SMMR,23.99,24.0,24.01,,1376300.0,3745.0,1500.0,1070.0,2128700.0,,,10000.0,0,0,0,0,0,0,0,0,0,0,0,0,133,2026-02-04 07:37:44.255740
ATMN,23.97,23.71,23.94,,1836400.0,,4500.0,3745.0,1299900.0,,4500.0,,0,0,0,0,0,0,0,0,0,0,0,0,133,2026-02-04 07:37:44.255740
WNTR,25.73,25.73,25.74,,1235100.0,3745.0,1500.0,3210.0,1251900.0,,,,0,0,0,0,0,0,0,0,0,0,0,0,133,2026-02-04 07:37:44.255740
SPNG,26.82,26.53,26.69,1092900.0,3210.0,9000.0,1566200.0,2051.0,9000.0,,,0,0,0,0,0,0,0,0,0,0,0,0,0,134,2026-02-04 07:37:45.284896
SMMR,24.13,23.99,24.09,1376300.0,3745.0,1500.0,2237100.0,2051.0,,,,0,0,0,0,0,0,0,0,0,0,0,0,0,134,2026-02-04 07:37:45.284896
ATMN,23.94,23.72,23.78,1836400.0,,9000.0,1307000.0,,6750.0,2051.0,3210.0,0,0,0,0,0,0,0,0,0,0,0,0,0,134,2026-02-04 07:37:45.284896
WNTR,26.0,25.74,25.79,1146400.0,3745.0,1500.0,1142400.0,2051.0,,2051.0,,0,0,0,0,0,0,0,0,0,0,0,0,0,134,2026-02-04 07:37:45.284896
SPNG,26.69,26.56,26.68,10000.0,2051.0,863900.0,3210.0,9000.0,10000.0,1464200.0,2051.0,9000.0,,0,0,0,0,0,0,0,0,0,0,0,135,2026-02-04 07:37:46.324044
SMMR,24.13,24.01,24.09,10000.0,2051.0,1243200.0,3745.0,1500.0,,2225100.0,2051.0,,,0,0,0,0,0,0,0,0,0,0,0,135,2026-02-04 07:37:46.324044
ATMN,23.69,23.69,23.78,,,1846400.0,,4500.0,,1229600.0,2051.0,9000.0,2675.0,0,0,0,0,0,0,0,0,0,0,0,135,2026-02-04 07:37:46.324044
WNTR,25.71,25.71,25.79,,,1334400.0,3745.0,,,1142400.0,2051.0,,,0,0,0,0,0,0,0,0,0,0,0,135,2026-02-04 07:37:46.324044
SPNG,26.39,26.4,26.58,9890.0,1729900.0,1605.0,275.0,154.0,13500.0,862300.0,,,,0,0,0,0,0,0,0,0,0,0,0,136,2026-02-04 07:37:47.373372
SMMR,24.01,24.01,24.02,9541.0,1239500.0,3745.0,612.0,3857.0,,1714300.0,3857.0,1500.0,,0,0,0,0,0,0,0,0,0,0,0,136,2026-02-04 07:37:47.373372
ATMN,23.71,23.7,23.71,10000.0,1846400.0,,3745.0,,6750.0,1093000.0,,4500.0,569.0,0,0,0,0,0,0,0,0,0,0,0,136,2026-02-04 07:37:47.373372
WNTR,25.66,25.66,25.75,,1540700.0,2675.0,2754.0,2051.0,,1238400.0,,,,0,0,0,0,0,0,0,0,0,0,0,136,2026-02-04 07:37:47.373372
SPNG,26.39,26.39,26.58,1837400.0,1605.0,275.0,154.0,13500.0,862300.0,,0,0,0,0,0,0,0,0,0,0,0,0,0,0,137,2026-02-04 07:37:48.425152
SMMR,23.92,23.92,24.02,1519800.0,3745.0,612.0,,,1848600.0,1500.0,0,0,0,0,0,0,0,0,0,0,0,0,0,0,137,2026-02-04 07:37:48.425152
ATMN,23.58,23.58,23.71,1627800.0,,3210.0,2051.0,9000.0,1093000.0,4500.0,0,0,0,0,0,0,0,0,0,0,0,0,0,0,137,2026-02-04 07:37:48.425152
WNTR,25.84,25.69,25.75,1528700.0,2675.0,918.0,2051.0,1500.0,1432500.0,,0,0,0,0,0,0,0,0,0,0,0,0,0,0,137,2026-02-04 07:37:48.425152
SPNG,26.91,26.41,26.5,3745.0,1359700.0,2030.0,1227700.0,2250.0,,,,0,0,0,0,0,0,0,0,0,0,0,0,0,138,2026-02-04 07:37:49.484541
SMMR,23.92,23.98,24.02,3745.0,1519800.0,,2079200.0,1500.0,1500.0,3857.0,,0,0,0,0,0,0,0,0,0,0,0,0,0,138,2026-02-04 07:37:49.484541
ATMN,23.58,23.51,23.56,,1608400.0,3745.0,863100.0,9000.0,9000.0,2051.0,10000.0,0,0,0,0,0,0,0,0,0,0,0,0,0,138,2026-02-04 07:37:49.484541
WNTR,25.84,25.69,25.76,2675.0,1538800.0,,1524600.0,1500.0,,,,0,0,0,0,0,0,0,0,0,0,0,0,0,138,2026-02-04 07:37:49.484541
SPNG,26.95,26.42,26.6,9890.0,1127400.0,3210.0,4500.0,1722300.0,6750.0,,,,,0,0,0,0,0,0,0,0,0,0,0,139,2026-02-04 07:37:50.527154
SMMR,23.9,23.9,24.12,,1415700.0,2140.0,1500.0,2242900.0,,10000.0,,,,0,0,0,0,0,0,0,0,0,0,0,139,2026-02-04 07:37:50.527154
ATMN,23.58,23.51,23.55,,1969100.0,,9000.0,863100.0,9000.0,10000.0,2051.0,3745.0,,0,0,0,0,0,0,0,0,0,0,0,139,2026-02-04 07:37:50.527154
WNTR,25.84,25.71,25.75,,1455100.0,2675.0,,1328200.0,1500.0,,5471.0,,5471.0,0,0,0,0,0,0,0,0,0,0,0,139,2026-02-04 07:37:50.527154
SPNG,26.6,26.51,26.6,1008000.0,3652.0,9890.0,3210.0,4500.0,1632400.0,9000.0,,,0,0,0,0,0,0,0,0,0,0,0,0,140,2026-02-04 07:37:51.553657
SMMR,23.9,23.92,24.03,1548500.0,3652.0,,2140.0,3000.0,2256300.0,,10000.0,,0,0,0,0,0,0,0,0,0,0,0,0,140,2026-02-04 07:37:51.553657
ATMN,23.55,23.55,23.61,1657400.0,,,,13500.0,1068000.0,9000.0,,3745.0,0,0,0,0,0,0,0,0,0,0,0,0,140,2026-02-04 07:37:51.553657
WNTR,25.75,25.71,25.75,1545500.0,,,2675.0,,1315200.0,,110.0,,0,0,0,0,0,0,0,0,0,0,0,0,140,2026-02-04 07:37:51.553657
SPNG,26.95,26.52,26.95,9000.0,9890.0,785500.0,3745.0,1625300.0,9000.0,,,0,0,0,0,0,0,0,0,0,0,0,0,0,141,2026-02-04 07:37:52.577880
SMMR,23.9,24.0,24.02,3000.0,,1508500.0,3745.0,2256300.0,,10000.0,,0,0,0,0,0,0,0,0,0,0,0,0,0,141,2026-02-04 07:37:52.577880
ATMN,23.51,23.51,23.61,9000.0,,1928900.0,,1068000.0,9000.0,,3745.0,0,0,0,0,0,0,0,0,0,0,0,0,0,141,2026-02-04 07:37:52.577880
WNTR,25.97,25.97,25.98,,,1361000.0,3745.0,1320400.0,,,,0,0,0,0,0,0,0,0,0,0,0,0,0,141,2026-02-04 07:37:52.577880
SPNG,26.95,26.69,26.95,878700.0,9000.0,3745.0,1598800.0,9000.0,,,,,0,0,0,0,0,0,0,0,0,0,0,0,142,2026-02-04 07:37:53.109616
SMMR,24.0,23.97,24.0,1816400.0,,3210.0,2247200.0,,10000.0,,,,0,0,0,0,0,0,0,0,0,0,0,0,142,2026-02-04 07:37:53.109616
ATMN,23.61,23.52,23.61,1808100.0,9000.0,,1068000.0,9000.0,,10000.0,3745.0,,0,0,0,0,0,0,0,0,0,0,0,0,142,2026-02-04 07:37:53.109616
WNTR,25.82,25.8,25.82,1248300.0,,3745.0,1556400.0,,,,,5471.0,0,0,0,0,0,0,0,0,0,0,0,0,142,2026-02-04 07:37:53.109616
SPNG,26.95,26.7,26.75,9890.0,783400.0,9000.0,3745.0,1610600.0,9000.0,,0,0,0,0,0,0,0,0,0,0,0,0,0,0,143,2026-02-04 07:37:54.148660
SMMR,24.12,23.97,24.12,,1816400.0,,3210.0,2373800.0,,,0,0,0,0,0,0,0,0,0,0,0,0,0,0,143,2026-02-04 07:37:54.148660
ATMN,23.61,23.51,23.61,,1684300.0,13500.0,,1068000.0,9000.0,3745.0,0,0,0,0,0,0,0,0,0,0,0,0,0,0,143,2026-02-04 07:37:54.148660
WNTR,25.71,25.71,25.77,,1270400.0,1500.0,3745.0,1729700.0,,,0,0,0,0,0,0,0,0,0,0,0,0,0,0,143,2026-02-04 07:37:54.148660
SPNG,26.6,26.69,26.74,3652.0,716100.0,9890.0,13500.0,2675.0,13500.0,1447700.0,,,,0,0,0,0,0,0,0,0,0,0,0,144,2026-02-04 07:37:55.182663
SMMR,23.91,23.91,24.02,,1683600.0,,,1605.0,,2358200.0,,,,0,0,0,0,0,0,0,0,0,0,0,144,2026-02-04 07:37:55.182663
ATMN,23.5,23.51,23.59,,2272300.0,110.0,,,9000.0,800100.0,3793.0,110.0,3745.0,0,0,0,0,0,0,0,0,0,0,0,144,2026-02-04 07:37:55.182663
WNTR,25.66,25.66,25.76,,1667300.0,,,2140.0,,1729700.0,3793.0,10000.0,,0,0,0,0,0,0,0,0,0,0,0,144,2026-02-04 07:37:55.182663
SPNG,26.69,26.69,26.71,716100.0,9890.0,3210.0,13500.0,148.0,9000.0,1290900.0,0,0,0,0,0,0,0,0,0,0,0,0,0,0,145,2026-02-04 07:37:56.210412
SMMR,24.02,23.86,24.02,1425300.0,,3210.0,,720.0,,1632900.0,0,0,0,0,0,0,0,0,0,0,0,0,0,0,145,2026-02-04 07:37:56.210412
ATMN,23.71,23.51,23.67,2165500.0,,,4500.0,3745.0,13500.0,793000.0,0,0,0,0,0,0,0,0,0,0,0,0,0,0,145,2026-02-04 07:37:56.210412
WNTR,25.81,25.8,25.81,1282000.0,10000.0,3745.0,,,,1752300.0,0,0,0,0,0,0,0,0,0,0,0,0,0,0,145,2026-02-04 07:37:56.210412
SPNG,26.75,26.7,26.71,18000.0,622700.0,3210.0,111.0,9000.0,1404500.0,74.0,,,0,0,0,0,0,0,0,0,0,0,0,0,146,2026-02-04 07:37:57.246474
SMMR,24.02,23.96,24.02,,1423200.0,3210.0,,,1632900.0,720.0,3734.0,9890.0,0,0,0,0,0,0,0,0,0,0,0,0,146,2026-02-04 07:37:57.246474
ATMN,23.5,23.5,23.76,,2468900.0,,,13500.0,815900.0,3745.0,,,0,0,0,0,0,0,0,0,0,0,0,0,146,2026-02-04 07:37:57.246474
WNTR,25.74,25.74,25.75,,1387800.0,3745.0,,,1957100.0,,,,0,0,0,0,0,0,0,0,0,0,0,0,146,2026-02-04 07:37:57.246474
SPNG,26.51,26.51,26.71,1207600.0,3210.0,4500.0,111.0,9000.0,1404500.0,74.0,0,0,0,0,0,0,0,0,0,0,0,0,0,0,147,2026-02-04 07:37:58.274724
SMMR,23.81,23.79,23.81,1270300.0,2140.0,,2773.0,,1580000.0,720.0,0,0,0,0,0,0,0,0,0,0,0,0,0,0,147,2026-02-04 07:37:58.274724
ATMN,23.48,23.48,23.66,2460200.0,,,2773.0,18000.0,445900.0,3745.0,0,0,0,0,0,0,0,0,0,0,0,0,0,0,147,2026-02-04 07:37:58.274724
WNTR,25.81,25.69,25.81,1799000.0,1605.0,,,,1929300.0,,0,0,0,0,0,0,0,0,0,0,0,0,0,0,147,2026-02-04 07:37:58.274724
SPNG,26.51,26.58,26.65,3745.0,898800.0,9000.0,147.0,111.0,13500.0,655500.0,,0,0,0,0,0,0,0,0,0,0,0,0,0,148,2026-02-04 07:37:59.305779
SMMR,23.81,23.93,24.0,2140.0,1638100.0,,3395.0,,,1537400.0,,0,0,0,0,0,0,0,0,0,0,0,0,0,148,2026-02-04 07:37:59.305779
ATMN,23.48,23.49,23.66,,2437100.0,,3745.0,2773.0,16750.0,463600.0,,0,0,0,0,0,0,0,0,0,0,0,0,0,148,2026-02-04 07:37:59.305779
WNTR,25.81,25.7,25.73,1605.0,1677900.0,,385.0,4912.0,,1216100.0,4912.0,0,0,0,0,0,0,0,0,0,0,0,0,0,148,2026-02-04 07:37:59.305779
SPNG,26.39,26.49,26.65,1622700.0,9000.0,111.0,1394500.0,42.0,9000.0,,,,0,0,0,0,0,0,0,0,0,0,0,0,149,2026-02-04 07:38:00.339702
SMMR,23.88,23.95,24.0,1648100.0,,,1535000.0,3395.0,,961.0,2140.0,,0,0,0,0,0,0,0,0,0,0,0,0,149,2026-02-04 07:38:00.339702
ATMN,23.57,23.49,23.56,2437100.0,,2773.0,476000.0,3210.0,16750.0,,,220.0,0,0,0,0,0,0,0,0,0,0,0,0,149,2026-02-04 07:38:00.339702
WNTR,25.69,25.69,25.73,1799000.0,,,1172000.0,385.0,1500.0,,1605.0,,0,0,0,0,0,0,0,0,0,0,0,0,149,2026-02-04 07:38:00.339702
SPNG,26.83,26.66,26.83,1858500.0,4500.0,1774100.0,21.0,4500.0,,,,,0,0,0,0,0,0,0,0,0,0,0,0,150,2026-02-04 07:38:01.382861
SMMR,23.79,23.77,23.79,1624900.0,,1387300.0,3395.0,1500.0,1605.0,,,,0,0,0,0,0,0,0,0,0,0,0,0,150,2026-02-04 07:38:01.382861
ATMN,23.47,23.47,23.55,2456000.0,,479800.0,2140.0,20000.0,,220.0,2773.0,,0,0,0,0,0,0,0,0,0,0,0,0,150,2026-02-04 07:38:01.382861
WNTR,25.78,25.7,25.72,1650400.0,,1411700.0,275.0,,1605.0,,3868.0,3868.0,0,0,0,0,0,0,0,0,0,0,0,0,150,2026-02-04 07:38:01.382861
SPNG,26.67,26.67,26.68,9000.0,2929.0,827700.0,3745.0,285.0,1404700.0,6750.0,0,0,0,0,0,0,0,0,0,0,0,0,0,0,151,2026-02-04 07:38:02.415532
SMMR,24.03,23.84,24.03,,961.0,1467100.0,2492.0,3210.0,1031900.0,,0,0,0,0,0,0,0,0,0,0,0,0,0,0,151,2026-02-04 07:38:02.415532
ATMN,23.74,23.74,23.76,,,2402100.0,,535.0,825000.0,24500.0,0,0,0,0,0,0,0,0,0,0,0,0,0,0,151,2026-02-04 07:38:02.415532
WNTR,25.66,25.66,25.74,,,1654800.0,2140.0,2520.0,1340100.0,,0,0,0,0,0,0,0,0,0,0,0,0,0,0,151,2026-02-04 07:38:02.415532
SPNG,26.84,26.67,26.84,9000.0,923300.0,3745.0,1712800.0,9000.0,,,,0,0,0,0,0,0,0,0,0,0,0,0,0,152,2026-02-04 07:38:03.445888
SMMR,24.03,23.85,24.02,,1501100.0,2492.0,909900.0,,10000.0,10000.0,3210.0,0,0,0,0,0,0,0,0,0,0,0,0,0,152,2026-02-04 07:38:03.445888
ATMN,23.46,23.46,23.76,,2482900.0,,577300.0,27750.0,,,535.0,0,0,0,0,0,0,0,0,0,0,0,0,0,152,2026-02-04 07:38:03.445888
WNTR,25.64,25.65,25.73,,1608700.0,2140.0,1225800.0,,10000.0,10000.0,2520.0,0,0,0,0,0,0,0,0,0,0,0,0,0,152,2026-02-04 07:38:03.445888
SPNG,26.53,26.53,26.84,3745.0,1090700.0,4500.0,10000.0,1393800.0,13500.0,,0,0,0,0,0,0,0,0,0,0,0,0,0,0,153,2026-02-04 07:38:04.495833
SMMR,24.03,23.85,23.87,2492.0,1600300.0,,,959100.0,,3210.0,0,0,0,0,0,0,0,0,0,0,0,0,0,0,153,2026-02-04 07:38:04.495833
ATMN,23.74,23.46,23.59,,2464100.0,,,532500.0,26500.0,535.0,0,0,0,0,0,0,0,0,0,0,0,0,0,0,153,2026-02-04 07:38:04.495833
WNTR,25.83,25.65,25.83,1605.0,1851100.0,,,1605800.0,,1440.0,0,0,0,0,0,0,0,0,0,0,0,0,0,0,153,2026-02-04 07:38:04.495833
SPNG,26.8,26.8,26.83,1008100.0,3528.0,6750.0,535.0,1294900.0,15750.0,0,0,0,0,0,0,0,0,0,0,0,0,0,0,0,154,2026-02-04 07:38:05.559791
SMMR,23.82,23.82,23.87,2300800.0,356.0,,3745.0,1489000.0,,0,0,0,0,0,0,0,0,0,0,0,0,0,0,0,154,2026-02-04 07:38:05.559791
ATMN,23.44,23.53,23.54,1581600.0,3213.0,,3745.0,553600.0,13000.0,0,0,0,0,0,0,0,0,0,0,0,0,0,0,0,154,2026-02-04 07:38:05.559791
WNTR,25.8,25.63,25.8,1726500.0,2020.0,,2140.0,1601800.0,,0,0,0,0,0,0,0,0,0,0,0,0,0,0,0,154,2026-02-04 07:38:05.559791
SPNG,26.68,26.68,26.83,1625800.0,6750.0,504.0,535.0,1173800.0,18000.0,,,0,0,0,0,0,0,0,0,0,0,0,0,0,155,2026-02-04 07:38:06.600894
SMMR,23.93,23.84,23.86,2278700.0,,356.0,3745.0,1247100.0,1500.0,3294.0,3294.0,0,0,0,0,0,0,0,0,0,0,0,0,0,155,2026-02-04 07:38:06.600894
ATMN,23.41,23.41,23.54,2065300.0,,1377.0,3210.0,582000.0,13000.0,,2929.0,0,0,0,0,0,0,0,0,0,0,0,0,0,155,2026-02-04 07:38:06.600894
WNTR,25.61,25.61,25.78,1819600.0,,1515.0,1605.0,1688500.0,,,,0,0,0,0,0,0,0,0,0,0,0,0,0,155,2026-02-04 07:38:06.600894
SPNG,26.38,26.41,26.81,1728100.0,4500.0,504.0,10000.0,20250.0,535.0,963700.0,,0,0,0,0,0,0,0,0,0,0,0,0,0,156,2026-02-04 07:38:07.648994
SMMR,23.93,23.84,23.86,2367000.0,,356.0,,1500.0,3745.0,1369100.0,,0,0,0,0,0,0,0,0,0,0,0,0,0,156,2026-02-04 07:38:07.648994
ATMN,23.58,23.41,23.58,2029500.0,,1377.0,,13000.0,3745.0,614700.0,,0,0,0,0,0,0,0,0,0,0,0,0,0,156,2026-02-04 07:38:07.648994
WNTR,25.67,25.62,25.67,1692300.0,,1515.0,,1500.0,1605.0,1602400.0,2434.0,0,0,0,0,0,0,0,0,0,0,0,0,0,156,2026-02-04 07:38:07.648994
SPNG,26.68,26.41,26.51,1728100.0,4500.0,504.0,850500.0,10000.0,22500.0,535.0,,0,0,0,0,0,0,0,0,0,0,0,0,0,157,2026-02-04 07:38:08.189950
SMMR,23.86,23.94,24.0,2356500.0,,356.0,1376400.0,,1500.0,3745.0,,0,0,0,0,0,0,0,0,0,0,0,0,0,157,2026-02-04 07:38:08.189950
ATMN,23.59,23.41,23.54,2032100.0,,1377.0,488900.0,,13000.0,3745.0,2929.0,0,0,0,0,0,0,0,0,0,0,0,0,0,157,2026-02-04 07:38:08.189950
WNTR,25.61,25.61,25.67,1774500.0,,1515.0,1508100.0,,1500.0,1605.0,2434.0,0,0,0,0,0,0,0,0,0,0,0,0,0,157,2026-02-04 07:38:08.189950
SPNG,26.38,26.38,26.68,2054700.0,833.0,3080.0,18000.0,431100.0,,0,0,0,0,0,0,0,0,0,0,0,0,0,0,0,158,2026-02-04 07:38:09.223076
SMMR,23.92,23.89,23.9,1816700.0,3745.0,,1500.0,1377100.0,255.0,0,0,0,0,0,0,0,0,0,0,0,0,0,0,0,158,2026-02-04 07:38:09.223076
ATMN,23.38,23.38,23.59,1906400.0,2675.0,2929.0,17500.0,488000.0,1836.0,0,0,0,0,0,0,0,0,0,0,0,0,0,0,0,158,2026-02-04 07:38:09.223076
WNTR,25.67,25.64,25.66,1692300.0,3325.0,,3000.0,1062400.0,2140.0,0,0,0,0,0,0,0,0,0,0,0,0,0,0,0,158,2026-02-04 07:38:09.223076
SPNG,26.4,26.38,26.4,2054700.0,432500.0,3294.0,833.0,16750.0,,0,0,0,0,0,0,0,0,0,0,0,0,0,0,0,159,2026-02-04 07:38:10.255567
SMMR,23.9,23.89,23.9,1805900.0,1237700.0,,3745.0,3000.0,255.0,0,0,0,0,0,0,0,0,0,0,0,0,0,0,0,159,2026-02-04 07:38:10.255567
ATMN,23.3,23.3,23.69,2342300.0,488000.0,,2675.0,19750.0,459.0,0,0,0,0,0,0,0,0,0,0,0,0,0,0,0,159,2026-02-04 07:38:10.255567
WNTR,25.67,25.68,25.74,1680600.0,1080400.0,,3325.0,3000.0,2140.0,0,0,0,0,0,0,0,0,0,0,0,0,0,0,0,159,2026-02-04 07:38:10.255567
SPNG,26.37,26.62,26.71,2035800.0,714.0,23500.0,320300.0,,,0,0,0,0,0,0,0,0,0,0,0,0,0,0,0,160,2026-02-04 07:38:11.293794
SMMR,23.9,23.89,23.9,1829900.0,3745.0,3000.0,1237700.0,255.0,,0,0,0,0,0,0,0,0,0,0,0,0,0,0,0,160,2026-02-04 07:38:11.293794
ATMN,23.36,23.3,23.35,2293000.0,2675.0,16250.0,478100.0,459.0,4118.0,0,0,0,0,0,0,0,0,0,0,0,0,0,0,0,160,2026-02-04 07:38:11.293794
WNTR,25.78,25.68,25.78,1655600.0,2375.0,1500.0,1423300.0,2140.0,,0,0,0,0,0,0,0,0,0,0,0,0,0,0,0,160,2026-02-04 07:38:11.293794
SPNG,26.37,26.62,26.66,1315500.0,2506.0,3745.0,3080.0,17750.0,293900.0,,0,0,0,0,0,0,0,0,0,0,0,0,0,0,161,2026-02-04 07:38:12.323940
SMMR,23.84,23.84,23.93,2115900.0,132.0,3745.0,,3000.0,1244800.0,,0,0,0,0,0,0,0,0,0,0,0,0,0,0,161,2026-02-04 07:38:12.323940
ATMN,23.35,23.33,23.35,1962600.0,394.0,2675.0,4118.0,16250.0,478100.0,4118.0,0,0,0,0,0,0,0,0,0,0,0,0,0,0,161,2026-02-04 07:38:12.323940
WNTR,25.87,25.73,25.76,1355200.0,2826.0,1070.0,,1500.0,1721900.0,2434.0,0,0,0,0,0,0,0,0,0,0,0,0,0,0,161,2026-02-04 07:38:12.323940
SPNG,26.35,26.38,26.65,10000.0,1971800.0,10000.0,3745.0,3080.0,14250.0,293900.0,,0,0,0,0,0,0,0,0,0,0,0,0,0,162,2026-02-04 07:38:13.351300
SMMR,23.84,23.84,23.99,,2115900.0,,3745.0,,1500.0,1373300.0,132.0,0,0,0,0,0,0,0,0,0,0,0,0,0,162,2026-02-04 07:38:13.351300
ATMN,23.35,23.33,23.36,,2070100.0,,2675.0,,18500.0,478100.0,394.0,0,0,0,0,0,0,0,0,0,0,0,0,0,162,2026-02-04 07:38:13.351300
WNTR,25.73,25.73,25.87,,1435600.0,,1070.0,,,1824300.0,2826.0,0,0,0,0,0,0,0,0,0,0,0,0,0,162,2026-02-04 07:38:13.351300
SPNG,26.35,26.46,26.56,2068700.0,384600.0,3745.0,3080.0,14250.0,,,0,0,0,0,0,0,0,0,0,0,0,0,0,0,163,2026-02-04 07:38:14.387869
SMMR,24.01,23.93,24.01,2129700.0,1654400.0,3210.0,,,132.0,,0,0,0,0,0,0,0,0,0,0,0,0,0,0,163,2026-02-04 07:38:14.387869
ATMN,23.3,23.3,23.59,2194000.0,364900.0,2675.0,,19500.0,197.0,,0,0,0,0,0,0,0,0,0,0,0,0,0,0,163,2026-02-04 07:38:14.387869
WNTR,25.87,25.73,25.87,1320700.0,1814800.0,1070.0,,,2826.0,2434.0,0,0,0,0,0,0,0,0,0,0,0,0,0,0,163,2026-02-04 07:38:14.387869
SPNG,26.56,26.47,26.56,10000.0,1239600.0,2534.0,3080.0,3745.0,1307800.0,,,0,0,0,0,0,0,0,0,0,0,0,0,0,164,2026-02-04 07:38:15.426107
SMMR,23.96,23.94,23.96,,1513500.0,210.0,2058.0,3745.0,1275100.0,2058.0,10000.0,0,0,0,0,0,0,0,0,0,0,0,0,0,164,2026-02-04 07:38:15.426107
ATMN,23.3,23.3,23.59,,2300800.0,,,3745.0,1534100.0,,,0,0,0,0,0,0,0,0,0,0,0,0,0,164,2026-02-04 07:38:15.426107
WNTR,25.96,25.73,25.96,,1309200.0,3210.0,,,1960500.0,2434.0,,0,0,0,0,0,0,0,0,0,0,0,0,0,164,2026-02-04 07:38:15.426107
SPNG,26.4,26.41,26.56,4500.0,1142700.0,2534.0,1480.0,2250.0,1826600.0,535.0,0,0,0,0,0,0,0,0,0,0,0,0,0,0,165,2026-02-04 07:38:16.454964
SMMR,24.09,23.97,24.09,,1642800.0,210.0,,,1962600.0,1605.0,0,0,0,0,0,0,0,0,0,0,0,0,0,0,165,2026-02-04 07:38:16.454964
ATMN,23.3,23.3,23.32,,2300800.0,,,,1532100.0,3745.0,0,0,0,0,0,0,0,0,0,0,0,0,0,0,165,2026-02-04 07:38:16.454964
WNTR,25.69,25.69,25.94,,1588500.0,2140.0,,,1971500.0,,0,0,0,0,0,0,0,0,0,0,0,0,0,0,165,2026-02-04 07:38:16.454964
SPNG,26.76,26.42,26.53,10000.0,4500.0,1026000.0,2534.0,2056400.0,535.0,,0,0,0,0,0,0,0,0,0,0,0,0,0,0,166,2026-02-04 07:38:17.486710
SMMR,24.0,23.97,24.0,,,1750200.0,180.0,2009900.0,1605.0,,0,0,0,0,0,0,0,0,0,0,0,0,0,0,166,2026-02-04 07:38:17.486710
ATMN,23.29,23.28,23.29,,,2344800.0,,1402700.0,3745.0,4500.0,0,0,0,0,0,0,0,0,0,0,0,0,0,0,166,2026-02-04 07:38:17.486710
WNTR,25.94,25.8,25.94,,,1575700.0,2140.0,1971500.0,,,0,0,0,0,0,0,0,0,0,0,0,0,0,0,166,2026-02-04 07:38:17.486710
SPNG,26.61,26.42,26.61,10000.0,9000.0,908400.0,2172.0,1817200.0,4500.0,535.0,,0,0,0,0,0,0,0,0,0,0,0,0,0,167,2026-02-04 07:38:18.521173
SMMR,24.04,24.04,24.08,,,1745900.0,180.0,1980100.0,,1605.0,,0,0,0,0,0,0,0,0,0,0,0,0,0,167,2026-02-04 07:38:18.521173
ATMN,23.3,23.28,23.3,,,2330600.0,,1399200.0,4500.0,3745.0,,0,0,0,0,0,0,0,0,0,0,0,0,0,167,2026-02-04 07:38:18.521173
WNTR,25.75,25.89,25.93,,,1590300.0,2140.0,1891800.0,,,5126.0,0,0,0,0,0,0,0,0,0,0,0,0,0,167,2026-02-04 07:38:18.521173
SPNG,26.57,26.54,26.57,28.0,11250.0,797200.0,1702600.0,2140.0,,,0,0,0,0,0,0,0,0,0,0,0,0,0,0,168,2026-02-04 07:38:19.555467
SMMR,24.04,24.04,24.08,795.0,,1170400.0,1996600.0,1605.0,2058.0,,0,0,0,0,0,0,0,0,0,0,0,0,0,0,168,2026-02-04 07:38:19.555467
ATMN,23.32,23.28,23.29,,,2320000.0,1475400.0,3745.0,,4476.0,0,0,0,0,0,0,0,0,0,0,0,0,0,0,168,2026-02-04 07:38:19.555467
WNTR,25.75,25.89,25.93,2140.0,,1588300.0,1891800.0,,,5126.0,0,0,0,0,0,0,0,0,0,0,0,0,0,0,168,2026-02-04 07:38:19.555467
SPNG,26.82,26.54,26.79,1480.0,10000.0,1443700.0,9000.0,2117200.0,,,,0,0,0,0,0,0,0,0,0,0,0,0,0,169,2026-02-04 07:38:20.609227
SMMR,23.96,23.94,23.96,,,1125400.0,,2037600.0,825.0,1605.0,,0,0,0,0,0,0,0,0,0,0,0,0,0,169,2026-02-04 07:38:20.609227
ATMN,23.28,23.28,23.29,,,2312100.0,,1475400.0,,3745.0,4476.0,0,0,0,0,0,0,0,0,0,0,0,0,0,169,2026-02-04 07:38:20.609227
WNTR,25.93,25.69,25.93,,,1595000.0,,2003000.0,2140.0,,,0,0,0,0,0,0,0,0,0,0,0,0,0,169,2026-02-04 07:38:20.609227
SPNG,26.79,26.36,26.79,10000.0,1321000.0,13500.0,1911000.0,4500.0,,,,0,0,0,0,0,0,0,0,0,0,0,0,0,170,2026-02-04 07:38:21.652962
SMMR,23.96,23.94,23.96,,1269300.0,,2037600.0,,795.0,1605.0,,0,0,0,0,0,0,0,0,0,0,0,0,0,170,2026-02-04 07:38:21.652962
ATMN,23.26,23.26,23.41,,2285400.0,,1551800.0,,,3745.0,,0,0,0,0,0,0,0,0,0,0,0,0,0,170,2026-02-04 07:38:21.652962
WNTR,25.9,25.69,25.85,,1595000.0,,1866200.0,,2140.0,,1291.0,0,0,0,0,0,0,0,0,0,0,0,0,0,170,2026-02-04 07:38:21.652962
SPNG,26.33,26.55,26.66,3241.0,9000.0,952300.0,2140.0,1475100.0,4500.0,,,0,0,0,0,0,0,0,0,0,0,0,0,0,171,2026-02-04 07:38:22.689685
SMMR,24.06,24.06,24.07,2820.0,,1615400.0,2140.0,1808100.0,,2058.0,10000.0,0,0,0,0,0,0,0,0,0,0,0,0,0,171,2026-02-04 07:38:22.689685
ATMN,23.24,23.24,23.4,,,2362700.0,3745.0,1253900.0,4500.0,,10000.0,0,0,0,0,0,0,0,0,0,0,0,0,0,171,2026-02-04 07:38:22.689685
WNTR,25.69,25.73,25.97,3210.0,,1351300.0,,1978900.0,,,,0,0,0,0,0,0,0,0,0,0,0,0,0,171,2026-02-04 07:38:22.689685
SPNG,26.32,26.32,26.65,2081900.0,10000.0,2140.0,1161700.0,9000.0,,,,0,0,0,0,0,0,0,0,0,0,0,0,0,172,2026-02-04 07:38:23.725861
SMMR,23.94,23.94,24.08,1844000.0,,1605.0,2054500.0,,2350.0,,,0,0,0,0,0,0,0,0,0,0,0,0,0,172,2026-02-04 07:38:23.725861
ATMN,23.24,23.25,23.4,2211600.0,,3745.0,1115900.0,6750.0,,2250.0,3610.0,0,0,0,0,0,0,0,0,0,0,0,0,0,172,2026-02-04 07:38:23.725861
WNTR,25.98,25.69,25.98,1595000.0,,,1867500.0,,2140.0,,,0,0,0,0,0,0,0,0,0,0,0,0,0,172,2026-02-04 07:38:23.725861
SPNG,26.32,26.33,26.66,3650.0,1992500.0,2140.0,1251300.0,9000.0,,,,,0,0,0,0,0,0,0,0,0,0,0,0,173,2026-02-04 07:38:24.265166
SMMR,23.94,23.96,24.07,3650.0,1727100.0,1605.0,1910900.0,,2350.0,10000.0,,,0,0,0,0,0,0,0,0,0,0,0,0,173,2026-02-04 07:38:24.265166
ATMN,23.24,23.25,23.27,,2225800.0,3210.0,1123800.0,9000.0,,,2250.0,3650.0,0,0,0,0,0,0,0,0,0,0,0,0,173,2026-02-04 07:38:24.265166
WNTR,25.98,25.79,25.98,,1568400.0,,1867500.0,1500.0,2140.0,,,,0,0,0,0,0,0,0,0,0,0,0,0,173,2026-02-04 07:38:24.265166
SPNG,26.26,26.33,26.65,2250.0,1961400.0,3650.0,10000.0,2140.0,832200.0,13500.0,,0,0,0,0,0,0,0,0,0,0,0,0,0,174,2026-02-04 07:38:25.301474
SMMR,23.98,23.94,23.98,,1700100.0,3650.0,10000.0,1605.0,1759900.0,,2820.0,0,0,0,0,0,0,0,0,0,0,0,0,0,174,2026-02-04 07:38:25.301474
ATMN,23.27,23.24,23.27,,2350400.0,3650.0,,3210.0,1123800.0,9000.0,,0,0,0,0,0,0,0,0,0,0,0,0,0,174,2026-02-04 07:38:25.301474
WNTR,25.79,25.79,25.8,,1568400.0,,,,1903200.0,1500.0,2140.0,0,0,0,0,0,0,0,0,0,0,0,0,0,174,2026-02-04 07:38:25.301474
SPNG,26.83,26.54,26.58,3745.0,1347900.0,1610.0,1386900.0,,0,0,0,0,0,0,0,0,0,0,0,0,0,0,0,0,175,2026-02-04 07:38:26.330091
SMMR,23.98,23.98,23.99,3745.0,1617100.0,2604.0,1518500.0,,0,0,0,0,0,0,0,0,0,0,0,0,0,0,0,0,175,2026-02-04 07:38:26.330091
ATMN,23.22,23.22,23.26,,2372900.0,2140.0,1253700.0,13500.0,0,0,0,0,0,0,0,0,0,0,0,0,0,0,0,0,175,2026-02-04 07:38:26.330091
WNTR,25.8,25.93,25.98,1605.0,1650900.0,,1817800.0,3000.0,0,0,0,0,0,0,0,0,0,0,0,0,0,0,0,0,175,2026-02-04 07:38:26.330091
SPNG,26.25,26.27,26.31,10000.0,4500.0,1784300.0,1827000.0,10000.0,4500.0,,,,,0,0,0,0,0,0,0,0,0,0,0,176,2026-02-04 07:38:27.382676
SMMR,23.99,24.0,24.02,10000.0,,1547900.0,1615800.0,,,1874.0,3210.0,1860.0,1874.0,0,0,0,0,0,0,0,0,0,0,0,176,2026-02-04 07:38:27.382676
ATMN,23.22,23.22,23.41,,,2372900.0,1113800.0,,9000.0,,,3745.0,,0,0,0,0,0,0,0,0,0,0,0,176,2026-02-04 07:38:27.382676
WNTR,25.85,25.85,25.97,,,1571400.0,1758800.0,,3000.0,,2140.0,,1874.0,0,0,0,0,0,0,0,0,0,0,0,176,2026-02-04 07:38:27.382676
SPNG,26.88,26.26,26.88,4500.0,1905200.0,2157400.0,,,,,0,0,0,0,0,0,0,0,0,0,0,0,0,0,177,2026-02-04 07:38:28.411386
SMMR,24.08,23.98,24.08,,1740000.0,1912400.0,3210.0,1488.0,,,0,0,0,0,0,0,0,0,0,0,0,0,0,0,177,2026-02-04 07:38:28.411386
ATMN,23.16,23.16,23.38,,2430100.0,1223100.0,,2140.0,12250.0,,0,0,0,0,0,0,0,0,0,0,0,0,0,0,177,2026-02-04 07:38:28.411386
WNTR,25.99,25.91,25.97,,1458200.0,2022900.0,2140.0,,,1874.0,0,0,0,0,0,0,0,0,0,0,0,0,0,0,177,2026-02-04 07:38:28.411386
SPNG,26.35,26.26,26.35,9000.0,1689000.0,1932600.0,4500.0,,,0,0,0,0,0,0,0,0,0,0,0,0,0,0,0,178,2026-02-04 07:38:29.446393
SMMR,23.97,23.96,23.97,,1735500.0,1891000.0,,3210.0,1488.0,0,0,0,0,0,0,0,0,0,0,0,0,0,0,0,178,2026-02-04 07:38:29.446393
ATMN,23.41,23.12,23.41,2250.0,2310200.0,1105200.0,14500.0,,2140.0,0,0,0,0,0,0,0,0,0,0,0,0,0,0,0,178,2026-02-04 07:38:29.446393
WNTR,25.82,25.82,25.97,,1682400.0,2022900.0,,1605.0,,0,0,0,0,0,0,0,0,0,0,0,0,0,0,0,178,2026-02-04 07:38:29.446393
SPNG,26.37,26.26,26.32,9000.0,1689000.0,1995600.0,2250.0,0,0,0,0,0,0,0,0,0,0,0,0,0,0,0,0,0,179,2026-02-04 07:38:30.480002
SMMR,23.96,23.96,24.04,,2462700.0,2438300.0,,0,0,0,0,0,0,0,0,0,0,0,0,0,0,0,0,0,179,2026-02-04 07:38:30.480002
ATMN,23.12,23.12,23.41,4500.0,2178900.0,1424300.0,16750.0,0,0,0,0,0,0,0,0,0,0,0,0,0,0,0,0,0,179,2026-02-04 07:38:30.480002
WNTR,25.99,25.82,25.84,3000.0,1912400.0,2002400.0,,0,0,0,0,0,0,0,0,0,0,0,0,0,0,0,0,0,179,2026-02-04 07:38:30.480002
SPNG,26.88,26.62,0.0,3650.0,200000.0,,0,0,0,0,0,0,0,0,0,0,0,0,0,0,0,0,0,0,180,2026-02-04 07:38:31.508913
SMMR,24.81,24.81,24.85,,722500.0,689600.0,0,0,0,0,0,0,0,0,0,0,0,0,0,0,0,0,0,0,180,2026-02-04 07:38:31.508913
ATMN,24.88,24.09,24.62,,752000.0,710800.0,0,0,0,0,0,0,0,0,0,0,0,0,0,0,0,0,0,0,180,2026-02-04 07:38:31.508913
WNTR,25.84,24.73,0.0,,200000.0,,0,0,0,0,0,0,0,0,0,0,0,0,0,0,0,0,0,0,180,2026-02-04 07:38:31.508913
SPNG,26.62,25.83,25.93,953900.0,935400.0,,0,0,0,0,0,0,0,0,0,0,0,0,0,0,0,0,0,0,181,2026-02-04 07:38:32.554458
SMMR,24.92,24.99,25.07,1187400.0,887800.0,63.0,0,0,0,0,0,0,0,0,0,0,0,0,0,0,0,0,0,0,181,2026-02-04 07:38:32.554458
ATMN,24.88,24.59,24.62,1201800.0,801600.0,,0,0,0,0,0,0,0,0,0,0,0,0,0,0,0,0,0,0,181,2026-02-04 07:38:32.554458
WNTR,24.83,24.83,25.07,842000.0,960900.0,,0,0,0,0,0,0,0,0,0,0,0,0,0,0,0,0,0,0,181,2026-02-04 07:38:32.554458
SPNG,25.6,25.61,25.93,2250.0,965900.0,1141000.0,3745.0,4500.0,0,0,0,0,0,0,0,0,0,0,0,0,0,0,0,0,182,2026-02-04 07:38:33.588919
SMMR,25.07,25.0,25.07,,1281700.0,887800.0,,,0,0,0,0,0,0,0,0,0,0,0,0,0,0,0,0,182,2026-02-04 07:38:33.588919
ATMN,24.62,24.97,25.04,,1504000.0,782600.0,,,0,0,0,0,0,0,0,0,0,0,0,0,0,0,0,0,182,2026-02-04 07:38:33.588919
WNTR,24.55,24.56,25.07,,1017300.0,960900.0,,,0,0,0,0,0,0,0,0,0,0,0,0,0,0,0,0,182,2026-02-04 07:38:33.588919
SPNG,25.6,25.33,25.43,968700.0,1471800.0,3650.0,3745.0,4500.0,,0,0,0,0,0,0,0,0,0,0,0,0,0,0,0,183,2026-02-04 07:38:34.635801
SMMR,25.41,25.45,25.97,1519700.0,877100.0,,,,,0,0,0,0,0,0,0,0,0,0,0,0,0,0,0,183,2026-02-04 07:38:34.635801
ATMN,24.62,24.97,24.99,1504000.0,1106300.0,,,4500.0,4500.0,0,0,0,0,0,0,0,0,0,0,0,0,0,0,0,183,2026-02-04 07:38:34.635801
WNTR,24.56,24.56,24.82,1017300.0,1061200.0,,,,,0,0,0,0,0,0,0,0,0,0,0,0,0,0,0,183,2026-02-04 07:38:34.635801
SPNG,23.95,23.95,24.43,1025100.0,10000.0,1305900.0,3650.0,9000.0,3745.0,,0,0,0,0,0,0,0,0,0,0,0,0,0,0,184,2026-02-04 07:38:35.684604
SMMR,25.41,25.46,25.47,1519700.0,10000.0,1229200.0,,,,10000.0,0,0,0,0,0,0,0,0,0,0,0,0,0,0,184,2026-02-04 07:38:35.684604
ATMN,24.74,24.73,24.74,1594400.0,,1232100.0,,4500.0,,,0,0,0,0,0,0,0,0,0,0,0,0,0,0,184,2026-02-04 07:38:35.684604
WNTR,24.56,24.45,24.46,1133400.0,,1083600.0,,,,,0,0,0,0,0,0,0,0,0,0,0,0,0,0,184,2026-02-04 07:38:35.684604
SPNG,23.95,23.61,23.95,2250.0,1175900.0,1221600.0,10000.0,3650.0,11250.0,3745.0,0,0,0,0,0,0,0,0,0,0,0,0,0,0,185,2026-02-04 07:38:36.744738
SMMR,25.64,25.62,25.64,,1640500.0,1229500.0,,,,,0,0,0,0,0,0,0,0,0,0,0,0,0,0,185,2026-02-04 07:38:36.744738
ATMN,24.99,24.73,24.76,,1711300.0,1229500.0,,,4500.0,,0,0,0,0,0,0,0,0,0,0,0,0,0,0,185,2026-02-04 07:38:36.744738
WNTR,24.46,24.58,25.07,,1468600.0,1057500.0,,,,,0,0,0,0,0,0,0,0,0,0,0,0,0,0,185,2026-02-04 07:38:36.744738
SPNG,23.6,22.03,22.3,1167900.0,1359200.0,10000.0,3650.0,13500.0,,,0,0,0,0,0,0,0,0,0,0,0,0,0,0,186,2026-02-04 07:38:37.818612
SMMR,25.12,25.0,25.11,1281700.0,1544100.0,,,,,,0,0,0,0,0,0,0,0,0,0,0,0,0,0,186,2026-02-04 07:38:37.818612
ATMN,24.89,24.89,24.98,1934100.0,1300600.0,,6587.0,4500.0,6587.0,4500.0,0,0,0,0,0,0,0,0,0,0,0,0,0,0,186,2026-02-04 07:38:37.818612
WNTR,24.61,24.76,24.81,1785300.0,1074200.0,,,,,,0,0,0,0,0,0,0,0,0,0,0,0,0,0,186,2026-02-04 07:38:37.818612
SPNG,22.3,22.31,24.06,2250.0,1308900.0,10000.0,1334100.0,3650.0,13500.0,0,0,0,0,0,0,0,0,0,0,0,0,0,0,0,187,2026-02-04 07:38:38.355204
SMMR,25.12,25.0,25.11,,1515500.0,,1544100.0,,,0,0,0,0,0,0,0,0,0,0,0,0,0,0,0,187,2026-02-04 07:38:38.355204
ATMN,24.89,24.89,24.99,4500.0,1934100.0,,1403100.0,,4500.0,0,0,0,0,0,0,0,0,0,0,0,0,0,0,0,187,2026-02-04 07:38:38.355204
WNTR,24.76,24.58,24.73,,1673400.0,,1267600.0,,,0,0,0,0,0,0,0,0,0,0,0,0,0,0,0,187,2026-02-04 07:38:38.355204
SPNG,24.09,23.96,24.06,1553800.0,4500.0,18000.0,3650.0,1174300.0,,,0,0,0,0,0,0,0,0,0,0,0,0,0,0,188,2026-02-04 07:38:39.389904
SMMR,25.4,25.4,25.63,1625100.0,,,,1427800.0,10000.0,10000.0,0,0,0,0,0,0,0,0,0,0,0,0,0,0,188,2026-02-04 07:38:39.389904
ATMN,24.75,24.73,24.75,1806200.0,9000.0,6750.0,,1627600.0,,,0,0,0,0,0,0,0,0,0,0,0,0,0,0,188,2026-02-04 07:38:39.389904
WNTR,24.83,24.65,24.8,1778300.0,,,,1065100.0,10000.0,10000.0,0,0,0,0,0,0,0,0,0,0,0,0,0,0,188,2026-02-04 07:38:39.389904
SPNG,23.21,23.35,24.06,1563700.0,18000.0,3650.0,1174300.0,,,0,0,0,0,0,0,0,0,0,0,0,0,0,0,0,189,2026-02-04 07:38:40.423607
SMMR,25.7,25.4,25.7,1732100.0,,,1213300.0,4028.0,,0,0,0,0,0,0,0,0,0,0,0,0,0,0,0,189,2026-02-04 07:38:40.423607
ATMN,24.75,24.72,24.75,1945000.0,9000.0,4028.0,1536000.0,,,0,0,0,0,0,0,0,0,0,0,0,0,0,0,0,189,2026-02-04 07:38:40.423607
WNTR,24.59,24.58,24.59,1886200.0,,4028.0,1175400.0,,9500.0,0,0,0,0,0,0,0,0,0,0,0,0,0,0,0,189,2026-02-04 07:38:40.423607
SPNG,23.21,23.71,24.06,1805400.0,19000.0,1153400.0,,0,0,0,0,0,0,0,0,0,0,0,0,0,0,0,0,0,190,2026-02-04 07:38:41.455388
SMMR,25.59,25.56,25.59,1857300.0,1500.0,1345500.0,,0,0,0,0,0,0,0,0,0,0,0,0,0,0,0,0,0,190,2026-02-04 07:38:41.455388
ATMN,24.7,24.7,24.99,1977200.0,13500.0,1402900.0,,0,0,0,0,0,0,0,0,0,0,0,0,0,0,0,0,0,190,2026-02-04 07:38:41.455388
WNTR,24.6,24.58,24.6,2002900.0,,1149400.0,9500.0,0,0,0,0,0,0,0,0,0,0,0,0,0,0,0,0,0,190,2026-02-04 07:38:41.455388
SPNG,24.3,23.72,24.0,2250.0,1612.0,1898100.0,1321500.0,15750.0,0,0,0,0,0,0,0,0,0,0,0,0,0,0,0,0,191,2026-02-04 07:38:42.493380
SMMR,25.78,25.56,25.59,,4028.0,1857300.0,1454700.0,,0,0,0,0,0,0,0,0,0,0,0,0,0,0,0,0,191,2026-02-04 07:38:42.493380
ATMN,25.04,24.77,25.04,,,1959200.0,1396800.0,4500.0,0,0,0,0,0,0,0,0,0,0,0,0,0,0,0,0,191,2026-02-04 07:38:42.493380
WNTR,24.59,24.75,24.84,,,2114400.0,1065100.0,1500.0,0,0,0,0,0,0,0,0,0,0,0,0,0,0,0,0,191,2026-02-04 07:38:42.493380
SPNG,24.3,23.73,23.99,10000.0,4500.0,2164200.0,10000.0,1132000.0,18000.0,,0,0,0,0,0,0,0,0,0,0,0,0,0,0,192,2026-02-04 07:38:43.524945
SMMR,25.59,25.56,25.59,,,1857300.0,,1688500.0,,,0,0,0,0,0,0,0,0,0,0,0,0,0,0,192,2026-02-04 07:38:43.524945
ATMN,24.68,24.77,25.03,10000.0,,1954400.0,10000.0,1514600.0,7750.0,,0,0,0,0,0,0,0,0,0,0,0,0,0,0,192,2026-02-04 07:38:43.524945
WNTR,25.07,24.76,25.07,,,2002900.0,,1057000.0,,2666.0,0,0,0,0,0,0,0,0,0,0,0,0,0,0,192,2026-02-04 07:38:43.524945
SPNG,24.19,24.19,24.2,2298200.0,4500.0,1261000.0,18000.0,,,0,0,0,0,0,0,0,0,0,0,0,0,0,0,0,193,2026-02-04 07:38:44.568158
SMMR,25.6,25.64,25.65,2113700.0,,1445200.0,,10000.0,,0,0,0,0,0,0,0,0,0,0,0,0,0,0,0,193,2026-02-04 07:38:44.568158
ATMN,24.91,24.91,25.04,2076500.0,,1627000.0,7750.0,,4028.0,0,0,0,0,0,0,0,0,0,0,0,0,0,0,0,193,2026-02-04 07:38:44.568158
WNTR,25.07,24.58,24.66,2002900.0,,1480900.0,,,,0,0,0,0,0,0,0,0,0,0,0,0,0,0,0,193,2026-02-04 07:38:44.568158
SPNG,23.65,23.65,24.2,2033400.0,1254900.0,18000.0,,,,0,0,0,0,0,0,0,0,0,0,0,0,0,0,0,194,2026-02-04 07:38:45.604927
SMMR,25.56,25.56,25.65,1724200.0,1677300.0,,2675.0,1880.0,,0,0,0,0,0,0,0,0,0,0,0,0,0,0,0,194,2026-02-04 07:38:45.604927
ATMN,24.77,24.77,24.79,1130700.0,1394700.0,6750.0,3745.0,2140.0,4500.0,0,0,0,0,0,0,0,0,0,0,0,0,0,0,0,194,2026-02-04 07:38:45.604927
WNTR,24.63,24.61,24.62,1973700.0,1302400.0,,1070.0,3745.0,,0,0,0,0,0,0,0,0,0,0,0,0,0,0,0,194,2026-02-04 07:38:45.604927
SPNG,24.3,23.66,24.29,10000.0,2275600.0,4500.0,20250.0,1119300.0,,,0,0,0,0,0,0,0,0,0,0,0,0,0,0,195,2026-02-04 07:38:46.641608
SMMR,25.56,25.56,25.65,,1724200.0,,,1693400.0,2675.0,1880.0,0,0,0,0,0,0,0,0,0,0,0,0,0,0,195,2026-02-04 07:38:46.641608
ATMN,24.93,25.0,25.04,,1142600.0,4500.0,6750.0,1654900.0,3745.0,,0,0,0,0,0,0,0,0,0,0,0,0,0,0,195,2026-02-04 07:38:46.641608
WNTR,24.54,24.54,24.6,,2013900.0,,,1345500.0,,3745.0,0,0,0,0,0,0,0,0,0,0,0,0,0,0,195,2026-02-04 07:38:46.641608
SPNG,24.3,23.87,24.19,2050200.0,10000.0,2986.0,4500.0,2986.0,1224500.0,15750.0,,,,0,0,0,0,0,0,0,0,0,0,0,196,2026-02-04 07:38:47.682093
SMMR,25.56,25.57,25.64,1595000.0,10000.0,,,,1610000.0,,2675.0,10000.0,1880.0,0,0,0,0,0,0,0,0,0,0,0,196,2026-02-04 07:38:47.682093
ATMN,24.91,24.91,25.05,1019100.0,,4028.0,4500.0,,1644800.0,4500.0,3745.0,,,0,0,0,0,0,0,0,0,0,0,0,196,2026-02-04 07:38:47.682093
WNTR,24.66,24.58,24.66,2077100.0,,,1500.0,,1306300.0,,,,3745.0,0,0,0,0,0,0,0,0,0,0,0,196,2026-02-04 07:38:47.682093
SPNG,23.87,23.89,24.18,10000.0,3267.0,1714800.0,9000.0,3267.0,15750.0,1236700.0,,,0,0,0,0,0,0,0,0,0,0,0,0,197,2026-02-04 07:38:48.712595
SMMR,25.4,25.4,25.48,,,1863600.0,,,,1700800.0,1880.0,,0,0,0,0,0,0,0,0,0,0,0,0,197,2026-02-04 07:38:48.712595
ATMN,24.9,24.9,25.05,,,1137700.0,4500.0,,4500.0,1751800.0,,3745.0,0,0,0,0,0,0,0,0,0,0,0,0,197,2026-02-04 07:38:48.712595
WNTR,24.66,24.6,24.66,,,2106700.0,1500.0,,,1333300.0,3745.0,,0,0,0,0,0,0,0,0,0,0,0,0,197,2026-02-04 07:38:48.712595
SPNG,24.25,23.67,24.25,10000.0,958500.0,9000.0,3745.0,1465200.0,13500.0,,,,0,0,0,0,0,0,0,0,0,0,0,0,198,2026-02-04 07:38:49.765040
SMMR,25.48,25.45,25.48,,1986600.0,,1605.0,1487500.0,,1876.0,,,0,0,0,0,0,0,0,0,0,0,0,0,198,2026-02-04 07:38:49.765040
ATMN,24.9,24.91,25.03,,848000.0,9000.0,3745.0,1672300.0,9000.0,,4028.0,,0,0,0,0,0,0,0,0,0,0,0,0,198,2026-02-04 07:38:49.765040
WNTR,24.66,24.64,24.65,,1439900.0,1500.0,1380.0,1213600.0,,3745.0,,3269.0,0,0,0,0,0,0,0,0,0,0,0,0,198,2026-02-04 07:38:49.765040
SPNG,23.64,23.64,24.16,1369900.0,4500.0,3745.0,1448000.0,13500.0,,,,0,0,0,0,0,0,0,0,0,0,0,0,0,199,2026-02-04 07:38:50.818081
SMMR,25.38,25.38,25.48,2088100.0,1500.0,,1487500.0,,1876.0,,,0,0,0,0,0,0,0,0,0,0,0,0,0,199,2026-02-04 07:38:50.818081
ATMN,24.9,25.0,25.02,874000.0,9000.0,3745.0,1577700.0,9000.0,,476.0,476.0,0,0,0,0,0,0,0,0,0,0,0,0,0,199,2026-02-04 07:38:50.818081
WNTR,24.56,24.56,24.61,1880900.0,,690.0,1317800.0,,3745.0,,,0,0,0,0,0,0,0,0,0,0,0,0,0,199,2026-02-04 07:38:50.818081
SPNG,23.65,23.9,24.16,1263300.0,9524.0,4500.0,3745.0,1448000.0,13500.0,,,0,0,0,0,0,0,0,0,0,0,0,0,0,200,2026-02-04 07:38:51.851159
SMMR,25.38,25.4,25.47,2034900.0,10000.0,1500.0,,1374700.0,,9524.0,1876.0,0,0,0,0,0,0,0,0,0,0,0,0,0,200,2026-02-04 07:38:51.851159
ATMN,24.99,24.99,25.05,978500.0,,9000.0,3745.0,1498900.0,13500.0,,,0,0,0,0,0,0,0,0,0,0,0,0,0,200,2026-02-04 07:38:51.851159
WNTR,24.61,24.55,24.61,1957200.0,,,460.0,1317800.0,,,3745.0,0,0,0,0,0,0,0,0,0,0,0,0,0,200,2026-02-04 07:38:51.851159
SPNG,23.92,23.92,24.16,1514400.0,6424.0,3745.0,1162100.0,3267.0,16750.0,,,,,0,0,0,0,0,0,0,0,0,0,0,201,2026-02-04 07:38:52.886066
SMMR,25.38,25.41,25.47,1895700.0,3100.0,,1248200.0,4858.0,,4858.0,1500.0,3100.0,1876.0,0,0,0,0,0,0,0,0,0,0,0,201,2026-02-04 07:38:52.886066
ATMN,25.06,25.0,25.06,1153800.0,,3210.0,1760100.0,,6750.0,,6750.0,,,0,0,0,0,0,0,0,0,0,0,0,201,2026-02-04 07:38:52.886066
WNTR,24.61,24.61,24.66,1863500.0,,460.0,1317500.0,,,4858.0,,,3745.0,0,0,0,0,0,0,0,0,0,0,0,201,2026-02-04 07:38:52.886066
SPNG,23.61,23.61,24.15,1657900.0,3745.0,9048.0,19000.0,977900.0,3267.0,,,0,0,0,0,0,0,0,0,0,0,0,0,0,202,2026-02-04 07:38:53.921785
SMMR,25.56,25.58,25.59,1785400.0,342.0,,,1602400.0,,1500.0,3210.0,0,0,0,0,0,0,0,0,0,0,0,0,0,202,2026-02-04 07:38:53.921785
ATMN,24.91,24.91,25.07,1086500.0,3745.0,,4500.0,1831000.0,,6750.0,,0,0,0,0,0,0,0,0,0,0,0,0,0,202,2026-02-04 07:38:53.921785
WNTR,24.66,24.61,24.66,1616800.0,220.0,,,1324500.0,,,3745.0,0,0,0,0,0,0,0,0,0,0,0,0,0,202,2026-02-04 07:38:53.921785
SPNG,23.61,23.61,24.14,1628900.0,3745.0,9048.0,20000.0,886300.0,3267.0,,,,,0,0,0,0,0,0,0,0,0,0,0,203,2026-02-04 07:38:54.452306
SMMR,25.64,25.58,25.64,1546500.0,342.0,,,1812300.0,,7376.0,1336.0,1500.0,2140.0,0,0,0,0,0,0,0,0,0,0,0,203,2026-02-04 07:38:54.452306
ATMN,24.91,24.86,24.88,963300.0,3745.0,,4500.0,1831300.0,,,,9000.0,,0,0,0,0,0,0,0,0,0,0,0,203,2026-02-04 07:38:54.452306
WNTR,24.66,24.61,24.64,1525300.0,220.0,,,1350700.0,,,4858.0,,3745.0,0,0,0,0,0,0,0,0,0,0,0,203,2026-02-04 07:38:54.452306
SPNG,23.61,23.61,24.13,1652900.0,3745.0,9048.0,1162100.0,16750.0,,,0,0,0,0,0,0,0,0,0,0,0,0,0,0,204,2026-02-04 07:38:55.484049
SMMR,25.66,25.58,25.66,1779800.0,342.0,,1920200.0,,1500.0,1605.0,0,0,0,0,0,0,0,0,0,0,0,0,0,0,204,2026-02-04 07:38:55.484049
ATMN,24.88,24.92,25.07,861700.0,3745.0,,1653100.0,9000.0,11250.0,,0,0,0,0,0,0,0,0,0,0,0,0,0,0,204,2026-02-04 07:38:55.484049
WNTR,24.64,24.57,24.64,2094000.0,44.0,,1350700.0,,,3745.0,0,0,0,0,0,0,0,0,0,0,0,0,0,0,204,2026-02-04 07:38:55.484049
SPNG,23.61,24.0,24.13,6900.0,1220300.0,3745.0,4500.0,3267.0,7376.0,886300.0,21250.0,,,0,0,0,0,0,0,0,0,0,0,0,205,2026-02-04 07:38:56.524744
