ticker,last_price,bid_price,ask_price,BUY_ANON,SELL_ANON,BUY_CNCD-1,SELL_CNCD-1,BUY_LAVL-1,BUY_GIOT-3,SELL_WRSW-3,BUY_LUIS-1,SELL_UOTB-2,SELL_BRCH-3,BUY_BRCH-3,BUY_UEBR-1,SELL_BABS-4,SELL_LETH-1,BUY_UOTB-1,BUY_UOTB-2,SELL_LUIS-1,SELL_COLA-3,BUY_COLA-1,SELL_UOTB-3,SELL_NAIT-1,BUY_LETH-1,BUY_WRSW-2,SELL_WRSW-1,BUY_CNCD-5,SELL_COLB-2,SELL_COLA-1,BUY_NAIT-1,BUY_WRSW-1,SELL_BRCH-1,BUY_BRCH-2,SELL_UOTB-1,BUY_COLA-3,SELL_LAVL-1,BUY_WRSW-3,BUY_BRCH-1,SELL_UEBR-1,SELL_GIOT-3,BUY_UOTB-3,BUY_BABS-4,BUY_CAMN-1,SELL_CNCD-5,BUY_COLB-2,SELL_WRSW-2,SELL_CAMN-1,SELL_BRCH-2,tick,timestamp,news_news_id,news_period,news_tick,news_ticker,news_headline,news_body
SPNG,24.95,24.95,24.96,2165200.0,1354100.0,,,,0,0,0,0,0,0,0,0,0,0,0,0,0,0,0,0,0,0,0,0,0,0,0,0,0,0,0,0,0,0,0,0,0,0,0,0,0,0,0,0,0,1,2026-02-05 22:20:51.581160,2.0,1.0,1.0,,Aggregate Position Limit,Your CRO has set the aggregate position limit to 14000 shares for this week.
SMMR,25.08,24.95,25.08,1852300.0,2103400.0,3000.0,,,0,0,0,0,0,0,0,0,0,0,0,0,0,0,0,0,0,0,0,0,0,0,0,0,0,0,0,0,0,0,0,0,0,0,0,0,0,0,0,0,0,1,2026-02-05 22:20:51.581160,1.0,1.0,1.0,,Welcome to the RITC 2026 Alogithmic Market Making Case - practice server,
ATMN,25.12,24.95,25.12,2421300.0,2228900.0,,3000.0,,0,0,0,0,0,0,0,0,0,0,0,0,0,0,0,0,0,0,0,0,0,0,0,0,0,0,0,0,0,0,0,0,0,0,0,0,0,0,0,0,0,1,2026-02-05 22:20:51.581160,,,,,,
WNTR,25.03,25.04,25.09,1729000.0,2130000.0,,,4750.0,0,0,0,0,0,0,0,0,0,0,0,0,0,0,0,0,0,0,0,0,0,0,0,0,0,0,0,0,0,0,0,0,0,0,0,0,0,0,0,0,0,1,2026-02-05 22:20:51.581160,,,,,,
SPNG,24.91,24.91,24.96,2174100.0,1354100.0,4750.0,,,,0,0,0,0,0,0,0,0,0,0,0,0,0,0,0,0,0,0,0,0,0,0,0,0,0,0,0,0,0,0,0,0,0,0,0,0,0,0,0,0,2,2026-02-05 22:20:52.290573
SMMR,25.02,24.96,25.02,1852300.0,1862800.0,4750.0,4750.0,3000.0,,0,0,0,0,0,0,0,0,0,0,0,0,0,0,0,0,0,0,0,0,0,0,0,0,0,0,0,0,0,0,0,0,0,0,0,0,0,0,0,0,2,2026-02-05 22:20:52.290573
ATMN,24.95,24.95,25.11,2421300.0,2009200.0,4750.0,,6000.0,,0,0,0,0,0,0,0,0,0,0,0,0,0,0,0,0,0,0,0,0,0,0,0,0,0,0,0,0,0,0,0,0,0,0,0,0,0,0,0,0,2,2026-02-05 22:20:52.290573
WNTR,25.03,25.03,25.05,1729000.0,2003300.0,4750.0,,,3000.0,0,0,0,0,0,0,0,0,0,0,0,0,0,0,0,0,0,0,0,0,0,0,0,0,0,0,0,0,0,0,0,0,0,0,0,0,0,0,0,0,2,2026-02-05 22:20:52.290573
SPNG,24.96,24.91,24.96,2167900.0,1354100.0,3000.0,4750.0,,,,,0,0,0,0,0,0,0,0,0,0,0,0,0,0,0,0,0,0,0,0,0,0,0,0,0,0,0,0,0,0,0,0,0,0,0,0,0,0,3,2026-02-05 22:20:53.344096
SMMR,25.02,25.0,25.04,1852300.0,1756200.0,6000.0,4750.0,3000.0,4750.0,,,0,0,0,0,0,0,0,0,0,0,0,0,0,0,0,0,0,0,0,0,0,0,0,0,0,0,0,0,0,0,0,0,0,0,0,0,0,0,3,2026-02-05 22:20:53.344096
ATMN,24.95,24.95,24.98,2322500.0,1958700.0,9000.0,4750.0,3000.0,,,,0,0,0,0,0,0,0,0,0,0,0,0,0,0,0,0,0,0,0,0,0,0,0,0,0,0,0,0,0,0,0,0,0,0,0,0,0,0,3,2026-02-05 22:20:53.344096
WNTR,25.03,24.93,25.09,1959000.0,2030800.0,,,,,1100.0,1100.0,0,0,0,0,0,0,0,0,0,0,0,0,0,0,0,0,0,0,0,0,0,0,0,0,0,0,0,0,0,0,0,0,0,0,0,0,0,0,3,2026-02-05 22:20:53.344096
SPNG,25.16,25.17,25.18,2172600.0,1226400.0,,,,,,,,,0,0,0,0,0,0,0,0,0,0,0,0,0,0,0,0,0,0,0,0,0,0,0,0,0,0,0,0,0,0,0,0,0,0,0,0,4,2026-02-05 22:20:54.411640
SMMR,25.02,25.01,25.02,1827500.0,1766500.0,3000.0,4750.0,6000.0,4750.0,,,,,0,0,0,0,0,0,0,0,0,0,0,0,0,0,0,0,0,0,0,0,0,0,0,0,0,0,0,0,0,0,0,0,0,0,0,0,4,2026-02-05 22:20:54.411640
ATMN,24.71,24.92,24.98,2198300.0,1975700.0,3000.0,,9000.0,4750.0,1100.0,,,,0,0,0,0,0,0,0,0,0,0,0,0,0,0,0,0,0,0,0,0,0,0,0,0,0,0,0,0,0,0,0,0,0,0,0,0,4,2026-02-05 22:20:54.411640
WNTR,24.89,25.12,25.14,1861300.0,1913300.0,,,,,1100.0,5000.0,5000.0,1100.0,0,0,0,0,0,0,0,0,0,0,0,0,0,0,0,0,0,0,0,0,0,0,0,0,0,0,0,0,0,0,0,0,0,0,0,0,4,2026-02-05 22:20:54.411640
SPNG,25.18,25.17,25.18,4060.0,9000.0,1881400.0,1473000.0,3000.0,,,,,0,0,0,0,0,0,0,0,0,0,0,0,0,0,0,0,0,0,0,0,0,0,0,0,0,0,0,0,0,0,0,0,0,0,0,0,0,5,2026-02-05 22:20:55.483701
SMMR,24.9,24.88,24.9,,,2059500.0,1591300.0,9000.0,1100.0,5000.0,4750.0,,0,0,0,0,0,0,0,0,0,0,0,0,0,0,0,0,0,0,0,0,0,0,0,0,0,0,0,0,0,0,0,0,0,0,0,0,0,5,2026-02-05 22:20:55.483701
ATMN,25.02,25.1,25.13,,3000.0,2176900.0,2272800.0,3000.0,,,,1100.0,0,0,0,0,0,0,0,0,0,0,0,0,0,0,0,0,0,0,0,0,0,0,0,0,0,0,0,0,0,0,0,0,0,0,0,0,0,5,2026-02-05 22:20:55.483701
WNTR,25.12,24.99,25.02,,,1959600.0,1906600.0,,1100.0,5000.0,,1100.0,0,0,0,0,0,0,0,0,0,0,0,0,0,0,0,0,0,0,0,0,0,0,0,0,0,0,0,0,0,0,0,0,0,0,0,0,0,5,2026-02-05 22:20:55.483701
SPNG,25.18,24.91,25.18,2180700.0,1582100.0,4060.0,1100.0,6000.0,,,,0,0,0,0,0,0,0,0,0,0,0,0,0,0,0,0,0,0,0,0,0,0,0,0,0,0,0,0,0,0,0,0,0,0,0,0,0,0,6,2026-02-05 22:20:56.532936
SMMR,24.91,24.91,24.92,1854200.0,1878400.0,5000.0,,,1100.0,3000.0,4750.0,0,0,0,0,0,0,0,0,0,0,0,0,0,0,0,0,0,0,0,0,0,0,0,0,0,0,0,0,0,0,0,0,0,0,0,0,0,0,6,2026-02-05 22:20:56.532936
ATMN,24.88,24.8,24.88,2313500.0,2239000.0,,1100.0,,1100.0,,,0,0,0,0,0,0,0,0,0,0,0,0,0,0,0,0,0,0,0,0,0,0,0,0,0,0,0,0,0,0,0,0,0,0,0,0,0,0,6,2026-02-05 22:20:56.532936
WNTR,25.02,25.12,25.15,1964600.0,2134800.0,,,,1100.0,,,0,0,0,0,0,0,0,0,0,0,0,0,0,0,0,0,0,0,0,0,0,0,0,0,0,0,0,0,0,0,0,0,0,0,0,0,0,0,6,2026-02-05 22:20:56.532936
SPNG,24.91,24.91,24.93,2079900.0,3000.0,3000.0,1100.0,1587300.0,,,0,0,0,0,0,0,0,0,0,0,0,0,0,0,0,0,0,0,0,0,0,0,0,0,0,0,0,0,0,0,0,0,0,0,0,0,0,0,0,7,2026-02-05 22:20:57.578655
SMMR,24.88,24.88,24.92,1945100.0,3000.0,6000.0,,1790900.0,4750.0,,0,0,0,0,0,0,0,0,0,0,0,0,0,0,0,0,0,0,0,0,0,0,0,0,0,0,0,0,0,0,0,0,0,0,0,0,0,0,0,7,2026-02-05 22:20:57.578655
ATMN,25.14,24.85,24.86,2317400.0,3000.0,7900.0,,2111500.0,,,0,0,0,0,0,0,0,0,0,0,0,0,0,0,0,0,0,0,0,0,0,0,0,0,0,0,0,0,0,0,0,0,0,0,0,0,0,0,0,7,2026-02-05 22:20:57.578655
WNTR,25.16,24.84,25.16,1878800.0,3000.0,6000.0,,1886400.0,,1100.0,0,0,0,0,0,0,0,0,0,0,0,0,0,0,0,0,0,0,0,0,0,0,0,0,0,0,0,0,0,0,0,0,0,0,0,0,0,0,0,7,2026-02-05 22:20:57.578655
SPNG,24.88,24.88,24.9,2074800.0,3000.0,3000.0,1779800.0,,,,,0,0,0,0,0,0,0,0,0,0,0,0,0,0,0,0,0,0,0,0,0,0,0,0,0,0,0,0,0,0,0,0,0,0,0,0,0,0,8,2026-02-05 22:20:58.639272
SMMR,24.92,24.86,24.89,1949300.0,3000.0,,1947900.0,4750.0,,,,0,0,0,0,0,0,0,0,0,0,0,0,0,0,0,0,0,0,0,0,0,0,0,0,0,0,0,0,0,0,0,0,0,0,0,0,0,0,8,2026-02-05 22:20:58.639272
ATMN,25.11,25.08,25.14,2208000.0,3000.0,10900.0,2083300.0,,1100.0,,,0,0,0,0,0,0,0,0,0,0,0,0,0,0,0,0,0,0,0,0,0,0,0,0,0,0,0,0,0,0,0,0,0,0,0,0,0,0,8,2026-02-05 22:20:58.639272
WNTR,24.82,24.82,25.08,1781800.0,3000.0,,1870900.0,,1100.0,4000.0,1100.0,0,0,0,0,0,0,0,0,0,0,0,0,0,0,0,0,0,0,0,0,0,0,0,0,0,0,0,0,0,0,0,0,0,0,0,0,0,0,8,2026-02-05 22:20:58.639272
SPNG,25.01,25.03,25.31,2169100.0,1868400.0,3000.0,,,,,,,0,0,0,0,0,0,0,0,0,0,0,0,0,0,0,0,0,0,0,0,0,0,0,0,0,0,0,0,0,0,0,0,0,0,0,0,0,9,2026-02-05 22:20:59.762261
SMMR,24.9,24.9,25.04,1910600.0,1958800.0,,9000.0,4750.0,,,,,0,0,0,0,0,0,0,0,0,0,0,0,0,0,0,0,0,0,0,0,0,0,0,0,0,0,0,0,0,0,0,0,0,0,0,0,0,9,2026-02-05 22:20:59.762261
ATMN,24.96,25.13,25.16,2110900.0,2234000.0,3000.0,3000.0,,1100.0,940.0,,,0,0,0,0,0,0,0,0,0,0,0,0,0,0,0,0,0,0,0,0,0,0,0,0,0,0,0,0,0,0,0,0,0,0,0,0,0,9,2026-02-05 22:20:59.762261
WNTR,24.82,24.96,25.04,1884300.0,1878400.0,,,,1100.0,4000.0,1100.0,4000.0,0,0,0,0,0,0,0,0,0,0,0,0,0,0,0,0,0,0,0,0,0,0,0,0,0,0,0,0,0,0,0,0,0,0,0,0,0,9,2026-02-05 22:20:59.762261
SPNG,24.95,24.88,24.95,2193900.0,1851500.0,1100.0,6000.0,,,,,,0,0,0,0,0,0,0,0,0,0,0,0,0,0,0,0,0,0,0,0,0,0,0,0,0,0,0,0,0,0,0,0,0,0,0,0,0,10,2026-02-05 22:21:00.344002
SMMR,24.91,24.93,25.04,1687800.0,1864500.0,1100.0,,4000.0,12000.0,1100.0,4750.0,,0,0,0,0,0,0,0,0,0,0,0,0,0,0,0,0,0,0,0,0,0,0,0,0,0,0,0,0,0,0,0,0,0,0,0,0,0,10,2026-02-05 22:21:00.344002
ATMN,25.22,24.71,25.22,2248700.0,2098400.0,,10900.0,,3000.0,1100.0,,,0,0,0,0,0,0,0,0,0,0,0,0,0,0,0,0,0,0,0,0,0,0,0,0,0,0,0,0,0,0,0,0,0,0,0,0,0,10,2026-02-05 22:21:00.344002
WNTR,25.04,24.96,24.98,1916800.0,1878400.0,1100.0,,4000.0,,1100.0,,4000.0,0,0,0,0,0,0,0,0,0,0,0,0,0,0,0,0,0,0,0,0,0,0,0,0,0,0,0,0,0,0,0,0,0,0,0,0,0,10,2026-02-05 22:21:00.344002
SPNG,25.05,24.93,24.97,3000.0,2074800.0,9000.0,1100.0,1855000.0,,,,0,0,0,0,0,0,0,0,0,0,0,0,0,0,0,0,0,0,0,0,0,0,0,0,0,0,0,0,0,0,0,0,0,0,0,0,0,0,11,2026-02-05 22:21:01.614255
SMMR,24.84,24.84,25.0,,2095700.0,,2200.0,1668300.0,4000.0,4750.0,,0,0,0,0,0,0,0,0,0,0,0,0,0,0,0,0,0,0,0,0,0,0,0,0,0,0,0,0,0,0,0,0,0,0,0,0,0,0,11,2026-02-05 22:21:01.614255
ATMN,25.01,24.71,24.74,3000.0,2362800.0,10900.0,,2107300.0,,,,0,0,0,0,0,0,0,0,0,0,0,0,0,0,0,0,0,0,0,0,0,0,0,0,0,0,0,0,0,0,0,0,0,0,0,0,0,0,11,2026-02-05 22:21:01.614255
WNTR,25.04,24.96,25.04,,2013400.0,,,2099900.0,,,4000.0,0,0,0,0,0,0,0,0,0,0,0,0,0,0,0,0,0,0,0,0,0,0,0,0,0,0,0,0,0,0,0,0,0,0,0,0,0,0,11,2026-02-05 22:21:01.614255
SPNG,25.11,25.08,25.11,3000.0,2200.0,3000.0,1751300.0,1985000.0,9000.0,,0,0,0,0,0,0,0,0,0,0,0,0,0,0,0,0,0,0,0,0,0,0,0,0,0,0,0,0,0,0,0,0,0,0,0,0,0,0,0,12,2026-02-05 22:21:02.668470
SMMR,25.08,25.02,25.03,6000.0,1100.0,,1842800.0,1966800.0,3000.0,,0,0,0,0,0,0,0,0,0,0,0,0,0,0,0,0,0,0,0,0,0,0,0,0,0,0,0,0,0,0,0,0,0,0,0,0,0,0,0,12,2026-02-05 22:21:02.668470
ATMN,24.74,24.99,25.04,3000.0,1100.0,,2256200.0,2339900.0,,,0,0,0,0,0,0,0,0,0,0,0,0,0,0,0,0,0,0,0,0,0,0,0,0,0,0,0,0,0,0,0,0,0,0,0,0,0,0,0,12,2026-02-05 22:21:02.668470
WNTR,25.04,24.96,25.04,,1100.0,4000.0,1904900.0,1937600.0,3000.0,1100.0,0,0,0,0,0,0,0,0,0,0,0,0,0,0,0,0,0,0,0,0,0,0,0,0,0,0,0,0,0,0,0,0,0,0,0,0,0,0,0,12,2026-02-05 22:21:02.668470
SPNG,24.93,24.88,24.89,2169800.0,2069700.0,3000.0,,,,,,0,0,0,0,0,0,0,0,0,0,0,0,0,0,0,0,0,0,0,0,0,0,0,0,0,0,0,0,0,0,0,0,0,0,0,0,0,0,13,2026-02-05 22:21:03.319913
SMMR,25.02,24.85,24.96,2137400.0,1941500.0,3000.0,,,,,,0,0,0,0,0,0,0,0,0,0,0,0,0,0,0,0,0,0,0,0,0,0,0,0,0,0,0,0,0,0,0,0,0,0,0,0,0,0,13,2026-02-05 22:21:03.319913
ATMN,25.52,25.4,25.43,2123100.0,2128500.0,3000.0,6000.0,1100.0,1100.0,,,0,0,0,0,0,0,0,0,0,0,0,0,0,0,0,0,0,0,0,0,0,0,0,0,0,0,0,0,0,0,0,0,0,0,0,0,0,0,13,2026-02-05 22:21:03.319913
WNTR,25.0,24.98,25.0,1904900.0,1736700.0,6000.0,,1100.0,1100.0,4000.0,4000.0,0,0,0,0,0,0,0,0,0,0,0,0,0,0,0,0,0,0,0,0,0,0,0,0,0,0,0,0,0,0,0,0,0,0,0,0,0,0,13,2026-02-05 22:21:03.319913
SPNG,24.95,24.93,24.97,2106300.0,3000.0,4100.0,1973300.0,,,,,0,0,0,0,0,0,0,0,0,0,0,0,0,0,0,0,0,0,0,0,0,0,0,0,0,0,0,0,0,0,0,0,0,0,0,0,0,0,14,2026-02-05 22:21:04.366798
SMMR,24.92,24.99,25.01,2057600.0,3000.0,6000.0,1730800.0,5000.0,,,,0,0,0,0,0,0,0,0,0,0,0,0,0,0,0,0,0,0,0,0,0,0,0,0,0,0,0,0,0,0,0,0,0,0,0,0,0,0,14,2026-02-05 22:21:04.366798
ATMN,25.11,24.99,25.11,2362700.0,,,2100600.0,4000.0,1100.0,1100.0,,0,0,0,0,0,0,0,0,0,0,0,0,0,0,0,0,0,0,0,0,0,0,0,0,0,0,0,0,0,0,0,0,0,0,0,0,0,0,14,2026-02-05 22:21:04.366798
WNTR,25.0,24.98,25.0,1921400.0,,,1941500.0,4000.0,1100.0,1100.0,4000.0,0,0,0,0,0,0,0,0,0,0,0,0,0,0,0,0,0,0,0,0,0,0,0,0,0,0,0,0,0,0,0,0,0,0,0,0,0,0,14,2026-02-05 22:21:04.366798
SPNG,24.9,24.88,24.9,2073900.0,3000.0,2200.0,6000.0,1758300.0,,,,0,0,0,0,0,0,0,0,0,0,0,0,0,0,0,0,0,0,0,0,0,0,0,0,0,0,0,0,0,0,0,0,0,0,0,0,0,0,15,2026-02-05 22:21:05.432364
SMMR,24.93,24.93,25.01,1940900.0,3000.0,1100.0,,1828700.0,1100.0,5000.0,,0,0,0,0,0,0,0,0,0,0,0,0,0,0,0,0,0,0,0,0,0,0,0,0,0,0,0,0,0,0,0,0,0,0,0,0,0,0,15,2026-02-05 22:21:05.432364
ATMN,24.74,24.75,25.08,2348900.0,,,,2219400.0,1100.0,1800.0,,0,0,0,0,0,0,0,0,0,0,0,0,0,0,0,0,0,0,0,0,0,0,0,0,0,0,0,0,0,0,0,0,0,0,0,0,0,0,15,2026-02-05 22:21:05.432364
WNTR,25.07,24.98,25.0,1921400.0,,1100.0,,2005300.0,1100.0,,4000.0,0,0,0,0,0,0,0,0,0,0,0,0,0,0,0,0,0,0,0,0,0,0,0,0,0,0,0,0,0,0,0,0,0,0,0,0,0,0,15,2026-02-05 22:21:05.432364
SPNG,24.9,24.88,24.9,2193100.0,2124700.0,1100.0,,,0,0,0,0,0,0,0,0,0,0,0,0,0,0,0,0,0,0,0,0,0,0,0,0,0,0,0,0,0,0,0,0,0,0,0,0,0,0,0,0,0,16,2026-02-05 22:21:06.491815
SMMR,24.92,24.92,24.94,1940900.0,1955900.0,1100.0,1100.0,5000.0,0,0,0,0,0,0,0,0,0,0,0,0,0,0,0,0,0,0,0,0,0,0,0,0,0,0,0,0,0,0,0,0,0,0,0,0,0,0,0,0,0,16,2026-02-05 22:21:06.491815
ATMN,25.15,24.82,25.15,2334500.0,2341300.0,,,4000.0,0,0,0,0,0,0,0,0,0,0,0,0,0,0,0,0,0,0,0,0,0,0,0,0,0,0,0,0,0,0,0,0,0,0,0,0,0,0,0,0,0,16,2026-02-05 22:21:06.491815
WNTR,25.04,24.98,25.04,1929500.0,2029900.0,1100.0,1100.0,4000.0,0,0,0,0,0,0,0,0,0,0,0,0,0,0,0,0,0,0,0,0,0,0,0,0,0,0,0,0,0,0,0,0,0,0,0,0,0,0,0,0,0,16,2026-02-05 22:21:06.491815
SPNG,24.87,25.04,25.08,3000.0,1941500.0,1300.0,3000.0,1836300.0,1100.0,5300.0,,0,0,0,0,0,0,0,0,0,0,0,0,0,0,0,0,0,0,0,0,0,0,0,0,0,0,0,0,0,0,0,0,0,0,0,0,0,0,17,2026-02-05 22:21:07.590792
SMMR,24.87,24.91,24.93,3000.0,1915800.0,,3900.0,1759700.0,1100.0,,1100.0,0,0,0,0,0,0,0,0,0,0,0,0,0,0,0,0,0,0,0,0,0,0,0,0,0,0,0,0,0,0,0,0,0,0,0,0,0,0,17,2026-02-05 22:21:07.590792
ATMN,24.82,24.71,24.78,,2467600.0,,,2344800.0,,,,0,0,0,0,0,0,0,0,0,0,0,0,0,0,0,0,0,0,0,0,0,0,0,0,0,0,0,0,0,0,0,0,0,0,0,0,0,0,17,2026-02-05 22:21:07.590792
WNTR,25.11,25.05,25.09,,1949200.0,1300.0,,1970800.0,1100.0,,1100.0,0,0,0,0,0,0,0,0,0,0,0,0,0,0,0,0,0,0,0,0,0,0,0,0,0,0,0,0,0,0,0,0,0,0,0,0,0,0,17,2026-02-05 22:21:07.590792
SPNG,25.13,24.87,25.13,1813200.0,5200.0,1300.0,2047200.0,5300.0,,,,0,0,0,0,0,0,0,0,0,0,0,0,0,0,0,0,0,0,0,0,0,0,0,0,0,0,0,0,0,0,0,0,0,0,0,0,0,0,18,2026-02-05 22:21:08.796803
SMMR,24.88,24.9,24.92,2035500.0,3000.0,,1847200.0,,5800.0,,,0,0,0,0,0,0,0,0,0,0,0,0,0,0,0,0,0,0,0,0,0,0,0,0,0,0,0,0,0,0,0,0,0,0,0,0,0,0,18,2026-02-05 22:21:08.796803
ATMN,25.1,25.1,25.52,2191700.0,3000.0,4000.0,2358700.0,,,,,0,0,0,0,0,0,0,0,0,0,0,0,0,0,0,0,0,0,0,0,0,0,0,0,0,0,0,0,0,0,0,0,0,0,0,0,0,0,18,2026-02-05 22:21:08.796803
WNTR,24.97,25.03,25.09,2043900.0,,,1972000.0,,,1100.0,1100.0,0,0,0,0,0,0,0,0,0,0,0,0,0,0,0,0,0,0,0,0,0,0,0,0,0,0,0,0,0,0,0,0,0,0,0,0,0,0,18,2026-02-05 22:21:08.796803
SPNG,25.18,25.11,25.15,8200.0,1813200.0,1300.0,3000.0,2050400.0,,,0,0,0,0,0,0,0,0,0,0,0,0,0,0,0,0,0,0,0,0,0,0,0,0,0,0,0,0,0,0,0,0,0,0,0,0,0,0,0,19,2026-02-05 22:21:09.520552
SMMR,24.88,24.88,24.89,6000.0,1951000.0,,3000.0,1955900.0,,,0,0,0,0,0,0,0,0,0,0,0,0,0,0,0,0,0,0,0,0,0,0,0,0,0,0,0,0,0,0,0,0,0,0,0,0,0,0,0,19,2026-02-05 22:21:09.520552
ATMN,25.1,25.1,25.38,3000.0,2073100.0,4000.0,,2218200.0,1100.0,1100.0,0,0,0,0,0,0,0,0,0,0,0,0,0,0,0,0,0,0,0,0,0,0,0,0,0,0,0,0,0,0,0,0,0,0,0,0,0,0,0,19,2026-02-05 22:21:09.520552
WNTR,24.97,25.01,25.05,,2043900.0,,,1996900.0,1100.0,1100.0,0,0,0,0,0,0,0,0,0,0,0,0,0,0,0,0,0,0,0,0,0,0,0,0,0,0,0,0,0,0,0,0,0,0,0,0,0,0,0,19,2026-02-05 22:21:09.520552
SPNG,25.15,25.12,25.18,3000.0,2034000.0,1942600.0,5900.0,,,,0,0,0,0,0,0,0,0,0,0,0,0,0,0,0,0,0,0,0,0,0,0,0,0,0,0,0,0,0,0,0,0,0,0,0,0,0,0,0,20,2026-02-05 22:21:10.630665
SMMR,25.03,25.03,25.07,12000.0,1929400.0,2070600.0,,,,,0,0,0,0,0,0,0,0,0,0,0,0,0,0,0,0,0,0,0,0,0,0,0,0,0,0,0,0,0,0,0,0,0,0,0,0,0,0,0,20,2026-02-05 22:21:10.630665
ATMN,25.37,25.37,25.38,12000.0,2063400.0,2337000.0,,4000.0,,,0,0,0,0,0,0,0,0,0,0,0,0,0,0,0,0,0,0,0,0,0,0,0,0,0,0,0,0,0,0,0,0,0,0,0,0,0,0,0,20,2026-02-05 22:21:10.630665
WNTR,25.07,25.05,25.07,3000.0,1947000.0,1805400.0,7360.0,,1100.0,1100.0,0,0,0,0,0,0,0,0,0,0,0,0,0,0,0,0,0,0,0,0,0,0,0,0,0,0,0,0,0,0,0,0,0,0,0,0,0,0,0,20,2026-02-05 22:21:10.630665
SPNG,24.75,24.75,25.15,2159100.0,1817000.0,4000.0,5900.0,,,,0,0,0,0,0,0,0,0,0,0,0,0,0,0,0,0,0,0,0,0,0,0,0,0,0,0,0,0,0,0,0,0,0,0,0,0,0,0,0,21,2026-02-05 22:21:11.675442
SMMR,24.88,24.88,24.89,2043200.0,1892200.0,,9000.0,3000.0,,,0,0,0,0,0,0,0,0,0,0,0,0,0,0,0,0,0,0,0,0,0,0,0,0,0,0,0,0,0,0,0,0,0,0,0,0,0,0,0,21,2026-02-05 22:21:11.675442
ATMN,25.51,25.34,25.42,2088900.0,2225000.0,,3000.0,9000.0,1100.0,,0,0,0,0,0,0,0,0,0,0,0,0,0,0,0,0,0,0,0,0,0,0,0,0,0,0,0,0,0,0,0,0,0,0,0,0,0,0,0,21,2026-02-05 22:21:11.675442
WNTR,25.11,25.05,25.11,1950800.0,2009600.0,,,3000.0,1100.0,1100.0,0,0,0,0,0,0,0,0,0,0,0,0,0,0,0,0,0,0,0,0,0,0,0,0,0,0,0,0,0,0,0,0,0,0,0,0,0,0,0,21,2026-02-05 22:21:11.675442
SPNG,25.07,25.07,25.15,1944400.0,6000.0,2058300.0,4000.0,,,,,0,0,0,0,0,0,0,0,0,0,0,0,0,0,0,0,0,0,0,0,0,0,0,0,0,0,0,0,0,0,0,0,0,0,0,0,0,0,22,2026-02-05 22:21:12.728892
SMMR,25.07,25.06,25.07,1951900.0,6000.0,1971000.0,,3000.0,,,,0,0,0,0,0,0,0,0,0,0,0,0,0,0,0,0,0,0,0,0,0,0,0,0,0,0,0,0,0,0,0,0,0,0,0,0,0,0,22,2026-02-05 22:21:12.728892
ATMN,25.34,25.3,25.34,2357800.0,3000.0,2035900.0,4000.0,3000.0,,,,0,0,0,0,0,0,0,0,0,0,0,0,0,0,0,0,0,0,0,0,0,0,0,0,0,0,0,0,0,0,0,0,0,0,0,0,0,0,22,2026-02-05 22:21:12.728892
WNTR,25.14,25.0,25.14,1933200.0,,2008600.0,,,4000.0,1100.0,1100.0,0,0,0,0,0,0,0,0,0,0,0,0,0,0,0,0,0,0,0,0,0,0,0,0,0,0,0,0,0,0,0,0,0,0,0,0,0,0,22,2026-02-05 22:21:12.728892
SPNG,25.07,25.09,25.1,4000.0,1845500.0,9000.0,1100.0,3000.0,4000.0,1799900.0,,0,0,0,0,0,0,0,0,0,0,0,0,0,0,0,0,0,0,0,0,0,0,0,0,0,0,0,0,0,0,0,0,0,0,0,0,0,0,23,2026-02-05 22:21:13.834972
SMMR,25.05,25.04,25.05,,2163400.0,,,3000.0,,1964800.0,,0,0,0,0,0,0,0,0,0,0,0,0,0,0,0,0,0,0,0,0,0,0,0,0,0,0,0,0,0,0,0,0,0,0,0,0,0,0,23,2026-02-05 22:21:13.834972
ATMN,25.29,25.05,25.24,,2490900.0,,,,,2276300.0,,0,0,0,0,0,0,0,0,0,0,0,0,0,0,0,0,0,0,0,0,0,0,0,0,0,0,0,0,0,0,0,0,0,0,0,0,0,0,23,2026-02-05 22:21:13.834972
WNTR,25.12,25.0,25.02,4000.0,1933100.0,,,,,2141200.0,1100.0,0,0,0,0,0,0,0,0,0,0,0,0,0,0,0,0,0,0,0,0,0,0,0,0,0,0,0,0,0,0,0,0,0,0,0,0,0,0,23,2026-02-05 22:21:13.834972
SPNG,25.07,25.09,25.1,4000.0,1845500.0,9000.0,1100.0,3000.0,4000.0,1806300.0,,0,0,0,0,0,0,0,0,0,0,0,0,0,0,0,0,0,0,0,0,0,0,0,0,0,0,0,0,0,0,0,0,0,0,0,0,0,0,24,2026-02-05 22:21:14.404358
SMMR,25.12,25.04,25.06,5000.0,1842500.0,3000.0,,3000.0,,1971200.0,1100.0,0,0,0,0,0,0,0,0,0,0,0,0,0,0,0,0,0,0,0,0,0,0,0,0,0,0,0,0,0,0,0,0,0,0,0,0,0,0,24,2026-02-05 22:21:14.404358
ATMN,25.36,25.19,25.36,,2220700.0,3000.0,,,,2315800.0,1100.0,0,0,0,0,0,0,0,0,0,0,0,0,0,0,0,0,0,0,0,0,0,0,0,0,0,0,0,0,0,0,0,0,0,0,0,0,0,0,24,2026-02-05 22:21:14.404358
WNTR,25.02,25.0,25.02,4000.0,1937200.0,,1100.0,,5000.0,1909500.0,1100.0,0,0,0,0,0,0,0,0,0,0,0,0,0,0,0,0,0,0,0,0,0,0,0,0,0,0,0,0,0,0,0,0,0,0,0,0,0,0,24,2026-02-05 22:21:14.404358
SPNG,25.07,25.09,25.1,4000.0,1845500.0,9000.0,1100.0,3000.0,4000.0,1808000.0,,0,0,0,0,0,0,0,0,0,0,0,0,0,0,0,0,0,0,0,0,0,0,0,0,0,0,0,0,0,0,0,0,0,0,0,0,0,0,25,2026-02-05 22:21:15.451615
SMMR,24.98,25.04,25.06,,1931700.0,3000.0,,3000.0,5000.0,1852700.0,1100.0,0,0,0,0,0,0,0,0,0,0,0,0,0,0,0,0,0,0,0,0,0,0,0,0,0,0,0,0,0,0,0,0,0,0,0,0,0,0,25,2026-02-05 22:21:15.451615
ATMN,24.74,24.74,25.36,,2467400.0,,,,,2284500.0,,0,0,0,0,0,0,0,0,0,0,0,0,0,0,0,0,0,0,0,0,0,0,0,0,0,0,0,0,0,0,0,0,0,0,0,0,0,0,25,2026-02-05 22:21:15.451615
WNTR,25.08,25.08,25.12,4000.0,1941000.0,,,,,2116200.0,1100.0,0,0,0,0,0,0,0,0,0,0,0,0,0,0,0,0,0,0,0,0,0,0,0,0,0,0,0,0,0,0,0,0,0,0,0,0,0,0,25,2026-02-05 22:21:15.451615
SPNG,24.72,24.72,24.75,1940200.0,1100.0,3000.0,6000.0,1824000.0,1100.0,0,0,0,0,0,0,0,0,0,0,0,0,0,0,0,0,0,0,0,0,0,0,0,0,0,0,0,0,0,0,0,0,0,0,0,0,0,0,0,0,26,2026-02-05 22:21:16.513450
SMMR,25.0,25.02,25.06,1816100.0,1100.0,7100.0,3000.0,1998500.0,,0,0,0,0,0,0,0,0,0,0,0,0,0,0,0,0,0,0,0,0,0,0,0,0,0,0,0,0,0,0,0,0,0,0,0,0,0,0,0,0,26,2026-02-05 22:21:16.513450
ATMN,25.21,25.21,25.26,2187900.0,1100.0,3000.0,3000.0,2164900.0,,0,0,0,0,0,0,0,0,0,0,0,0,0,0,0,0,0,0,0,0,0,0,0,0,0,0,0,0,0,0,0,0,0,0,0,0,0,0,0,0,26,2026-02-05 22:21:16.513450
WNTR,25.14,25.08,25.1,2063100.0,1100.0,,,2123300.0,,0,0,0,0,0,0,0,0,0,0,0,0,0,0,0,0,0,0,0,0,0,0,0,0,0,0,0,0,0,0,0,0,0,0,0,0,0,0,0,0,26,2026-02-05 22:21:16.513450
SPNG,25.15,25.12,25.15,12000.0,1948000.0,2005700.0,3000.0,,,0,0,0,0,0,0,0,0,0,0,0,0,0,0,0,0,0,0,0,0,0,0,0,0,0,0,0,0,0,0,0,0,0,0,0,0,0,0,0,0,27,2026-02-05 22:21:17.571704
SMMR,24.88,24.95,24.99,3000.0,1931900.0,1998500.0,3000.0,1100.0,,0,0,0,0,0,0,0,0,0,0,0,0,0,0,0,0,0,0,0,0,0,0,0,0,0,0,0,0,0,0,0,0,0,0,0,0,0,0,0,0,27,2026-02-05 22:21:17.571704
ATMN,25.52,25.21,25.29,,2322100.0,2335300.0,,1100.0,,0,0,0,0,0,0,0,0,0,0,0,0,0,0,0,0,0,0,0,0,0,0,0,0,0,0,0,0,0,0,0,0,0,0,0,0,0,0,0,0,27,2026-02-05 22:21:17.571704
WNTR,24.99,25.08,25.1,,2066300.0,2019900.0,,1100.0,1300.0,0,0,0,0,0,0,0,0,0,0,0,0,0,0,0,0,0,0,0,0,0,0,0,0,0,0,0,0,0,0,0,0,0,0,0,0,0,0,0,0,27,2026-02-05 22:21:17.571704
SPNG,25.09,25.09,25.1,7900.0,6000.0,1849100.0,6000.0,1100.0,1788900.0,3000.0,,0,0,0,0,0,0,0,0,0,0,0,0,0,0,0,0,0,0,0,0,0,0,0,0,0,0,0,0,0,0,0,0,0,0,0,0,0,0,28,2026-02-05 22:21:18.643471
SMMR,25.1,24.88,25.02,,,2155800.0,,1100.0,1879500.0,3000.0,,0,0,0,0,0,0,0,0,0,0,0,0,0,0,0,0,0,0,0,0,0,0,0,0,0,0,0,0,0,0,0,0,0,0,0,0,0,0,28,2026-02-05 22:21:18.643471
ATMN,25.27,25.28,25.29,3000.0,4000.0,2089500.0,,,2058200.0,6000.0,1100.0,0,0,0,0,0,0,0,0,0,0,0,0,0,0,0,0,0,0,0,0,0,0,0,0,0,0,0,0,0,0,0,0,0,0,0,0,0,0,28,2026-02-05 22:21:18.643471
WNTR,25.09,25.09,25.1,3000.0,,1945700.0,1300.0,1100.0,1934600.0,,1100.0,0,0,0,0,0,0,0,0,0,0,0,0,0,0,0,0,0,0,0,0,0,0,0,0,0,0,0,0,0,0,0,0,0,0,0,0,0,0,28,2026-02-05 22:21:18.643471
SPNG,24.72,24.72,24.73,2069400.0,3000.0,1711600.0,1100.0,12800.0,6000.0,,0,0,0,0,0,0,0,0,0,0,0,0,0,0,0,0,0,0,0,0,0,0,0,0,0,0,0,0,0,0,0,0,0,0,0,0,0,0,0,29,2026-02-05 22:21:19.690941
SMMR,25.02,25.0,25.02,2039400.0,3000.0,1778100.0,,9000.0,2300.0,,0,0,0,0,0,0,0,0,0,0,0,0,0,0,0,0,0,0,0,0,0,0,0,0,0,0,0,0,0,0,0,0,0,0,0,0,0,0,0,29,2026-02-05 22:21:19.690941
ATMN,25.21,25.16,25.17,2190000.0,3000.0,2045800.0,,9000.0,,800.0,0,0,0,0,0,0,0,0,0,0,0,0,0,0,0,0,0,0,0,0,0,0,0,0,0,0,0,0,0,0,0,0,0,0,0,0,0,0,0,29,2026-02-05 22:21:19.690941
WNTR,25.16,25.13,25.16,1954200.0,9000.0,2019000.0,,3000.0,,,0,0,0,0,0,0,0,0,0,0,0,0,0,0,0,0,0,0,0,0,0,0,0,0,0,0,0,0,0,0,0,0,0,0,0,0,0,0,0,29,2026-02-05 22:21:19.690941
SPNG,24.96,24.72,24.96,1970500.0,6000.0,2013400.0,1100.0,,,,,0,0,0,0,0,0,0,0,0,0,0,0,0,0,0,0,0,0,0,0,0,0,0,0,0,0,0,0,0,0,0,0,0,0,0,0,0,0,30,2026-02-05 22:21:20.733577
SMMR,25.04,25.1,25.13,1884300.0,5300.0,1901700.0,,2300.0,3000.0,,,0,0,0,0,0,0,0,0,0,0,0,0,0,0,0,0,0,0,0,0,0,0,0,0,0,0,0,0,0,0,0,0,0,0,0,0,0,0,30,2026-02-05 22:21:20.733577
ATMN,25.52,25.24,25.34,2087100.0,6000.0,2184600.0,,,3000.0,800.0,,0,0,0,0,0,0,0,0,0,0,0,0,0,0,0,0,0,0,0,0,0,0,0,0,0,0,0,0,0,0,0,0,0,0,0,0,0,0,30,2026-02-05 22:21:20.733577
WNTR,25.16,25.14,25.16,1766000.0,6000.0,1973100.0,,,3000.0,5000.0,1100.0,0,0,0,0,0,0,0,0,0,0,0,0,0,0,0,0,0,0,0,0,0,0,0,0,0,0,0,0,0,0,0,0,0,0,0,0,0,0,30,2026-02-05 22:21:20.733577
SPNG,25.25,24.93,25.04,9000.0,1100.0,1870900.0,1981900.0,1100.0,,,0,0,0,0,0,0,0,0,0,0,0,0,0,0,0,0,0,0,0,0,0,0,0,0,0,0,0,0,0,0,0,0,0,0,0,0,0,0,0,31,2026-02-05 22:21:21.430086
SMMR,24.91,24.91,25.21,,,2125900.0,1970800.0,1100.0,,,0,0,0,0,0,0,0,0,0,0,0,0,0,0,0,0,0,0,0,0,0,0,0,0,0,0,0,0,0,0,0,0,0,0,0,0,0,0,0,31,2026-02-05 22:21:21.430086
ATMN,24.74,24.74,25.53,,,2448900.0,2189800.0,,3000.0,,0,0,0,0,0,0,0,0,0,0,0,0,0,0,0,0,0,0,0,0,0,0,0,0,0,0,0,0,0,0,0,0,0,0,0,0,0,0,0,31,2026-02-05 22:21:21.430086
WNTR,25.14,25.03,25.04,,1100.0,1964300.0,1958800.0,,3000.0,5000.0,0,0,0,0,0,0,0,0,0,0,0,0,0,0,0,0,0,0,0,0,0,0,0,0,0,0,0,0,0,0,0,0,0,0,0,0,0,0,0,31,2026-02-05 22:21:21.430086
SPNG,24.96,24.72,24.84,2170200.0,1877700.0,3300.0,3000.0,,,,,0,0,0,0,0,0,0,0,0,0,0,0,0,0,0,0,0,0,0,0,0,0,0,0,0,0,0,0,0,0,0,0,0,0,0,0,0,0,32,2026-02-05 22:21:22.485916
SMMR,25.15,25.15,25.17,1769500.0,1873300.0,,3000.0,1100.0,6000.0,1100.0,,0,0,0,0,0,0,0,0,0,0,0,0,0,0,0,0,0,0,0,0,0,0,0,0,0,0,0,0,0,0,0,0,0,0,0,0,0,0,32,2026-02-05 22:21:22.485916
ATMN,25.04,25.22,25.31,2036600.0,2013100.0,4000.0,,1100.0,6000.0,1100.0,,0,0,0,0,0,0,0,0,0,0,0,0,0,0,0,0,0,0,0,0,0,0,0,0,0,0,0,0,0,0,0,0,0,0,0,0,0,0,32,2026-02-05 22:21:22.485916
WNTR,25.17,25.03,25.06,1879500.0,1985800.0,,3000.0,1100.0,3000.0,,5000.0,0,0,0,0,0,0,0,0,0,0,0,0,0,0,0,0,0,0,0,0,0,0,0,0,0,0,0,0,0,0,0,0,0,0,0,0,0,0,32,2026-02-05 22:21:22.485916
SPNG,24.84,24.84,24.87,1100.0,3000.0,1961000.0,9000.0,1847000.0,,,0,0,0,0,0,0,0,0,0,0,0,0,0,0,0,0,0,0,0,0,0,0,0,0,0,0,0,0,0,0,0,0,0,0,0,0,0,0,0,33,2026-02-05 22:21:23.538495
SMMR,24.89,24.89,25.09,,,2128900.0,3300.0,1794400.0,1900.0,,0,0,0,0,0,0,0,0,0,0,0,0,0,0,0,0,0,0,0,0,0,0,0,0,0,0,0,0,0,0,0,0,0,0,0,0,0,0,0,33,2026-02-05 22:21:23.538495
ATMN,25.31,25.22,25.27,,12000.0,2159700.0,3000.0,1970400.0,4000.0,,0,0,0,0,0,0,0,0,0,0,0,0,0,0,0,0,0,0,0,0,0,0,0,0,0,0,0,0,0,0,0,0,0,0,0,0,0,0,0,33,2026-02-05 22:21:23.538495
WNTR,25.22,25.03,25.22,1100.0,,1968700.0,,2052300.0,,5000.0,0,0,0,0,0,0,0,0,0,0,0,0,0,0,0,0,0,0,0,0,0,0,0,0,0,0,0,0,0,0,0,0,0,0,0,0,0,0,0,33,2026-02-05 22:21:23.538495
SPNG,25.17,25.17,25.25,1952000.0,3700.0,2068100.0,,,,,0,0,0,0,0,0,0,0,0,0,0,0,0,0,0,0,0,0,0,0,0,0,0,0,0,0,0,0,0,0,0,0,0,0,0,0,0,0,0,34,2026-02-05 22:21:24.584249
SMMR,24.93,25.03,25.16,1900600.0,6000.0,1794400.0,2200.0,1900.0,,,0,0,0,0,0,0,0,0,0,0,0,0,0,0,0,0,0,0,0,0,0,0,0,0,0,0,0,0,0,0,0,0,0,0,0,0,0,0,0,34,2026-02-05 22:21:24.584249
ATMN,25.16,24.99,25.05,2286700.0,,1761000.0,2200.0,4000.0,1100.0,3000.0,0,0,0,0,0,0,0,0,0,0,0,0,0,0,0,0,0,0,0,0,0,0,0,0,0,0,0,0,0,0,0,0,0,0,0,0,0,0,0,34,2026-02-05 22:21:24.584249
WNTR,25.08,25.03,25.04,2180600.0,,1967000.0,,4000.0,,,0,0,0,0,0,0,0,0,0,0,0,0,0,0,0,0,0,0,0,0,0,0,0,0,0,0,0,0,0,0,0,0,0,0,0,0,0,0,0,34,2026-02-05 22:21:24.584249
SPNG,25.17,25.17,25.2,1100.0,6700.0,1832700.0,3000.0,1100.0,1887300.0,,0,0,0,0,0,0,0,0,0,0,0,0,0,0,0,0,0,0,0,0,0,0,0,0,0,0,0,0,0,0,0,0,0,0,0,0,0,0,0,35,2026-02-05 22:21:25.634355
SMMR,25.12,25.12,25.13,1100.0,12000.0,1780500.0,,1100.0,1899100.0,4000.0,0,0,0,0,0,0,0,0,0,0,0,0,0,0,0,0,0,0,0,0,0,0,0,0,0,0,0,0,0,0,0,0,0,0,0,0,0,0,0,35,2026-02-05 22:21:25.634355
ATMN,25.05,25.14,25.16,1100.0,,2280900.0,,,2113300.0,4000.0,0,0,0,0,0,0,0,0,0,0,0,0,0,0,0,0,0,0,0,0,0,0,0,0,0,0,0,0,0,0,0,0,0,0,0,0,0,0,0,35,2026-02-05 22:21:25.634355
WNTR,25.11,25.11,25.17,1100.0,,2094200.0,,,1957400.0,4000.0,0,0,0,0,0,0,0,0,0,0,0,0,0,0,0,0,0,0,0,0,0,0,0,0,0,0,0,0,0,0,0,0,0,0,0,0,0,0,0,35,2026-02-05 22:21:25.634355
SPNG,25.02,25.16,25.28,4000.0,3000.0,1961000.0,2059800.0,,,,0,0,0,0,0,0,0,0,0,0,0,0,0,0,0,0,0,0,0,0,0,0,0,0,0,0,0,0,0,0,0,0,0,0,0,0,0,0,0,36,2026-02-05 22:21:26.692884
SMMR,24.9,24.89,24.92,,3000.0,2024100.0,1763500.0,10500.0,4000.0,,0,0,0,0,0,0,0,0,0,0,0,0,0,0,0,0,0,0,0,0,0,0,0,0,0,0,0,0,0,0,0,0,0,0,0,0,0,0,0,36,2026-02-05 22:21:26.692884
ATMN,25.14,25.18,25.34,4000.0,,2295500.0,2199600.0,,,,0,0,0,0,0,0,0,0,0,0,0,0,0,0,0,0,0,0,0,0,0,0,0,0,0,0,0,0,0,0,0,0,0,0,0,0,0,0,0,36,2026-02-05 22:21:26.692884
WNTR,25.21,25.21,25.22,,,2081400.0,2083600.0,,,1100.0,0,0,0,0,0,0,0,0,0,0,0,0,0,0,0,0,0,0,0,0,0,0,0,0,0,0,0,0,0,0,0,0,0,0,0,0,0,0,0,36,2026-02-05 22:21:26.692884
SPNG,24.86,24.86,25.13,1954500.0,1100.0,3000.0,1100.0,4000.0,1887900.0,0,0,0,0,0,0,0,0,0,0,0,0,0,0,0,0,0,0,0,0,0,0,0,0,0,0,0,0,0,0,0,0,0,0,0,0,0,0,0,0,37,2026-02-05 22:21:27.744177
SMMR,25.05,25.05,25.16,1994100.0,,3000.0,,,2079900.0,0,0,0,0,0,0,0,0,0,0,0,0,0,0,0,0,0,0,0,0,0,0,0,0,0,0,0,0,0,0,0,0,0,0,0,0,0,0,0,0,37,2026-02-05 22:21:27.744177
ATMN,25.31,25.07,25.25,2296300.0,1100.0,,1100.0,,2115400.0,0,0,0,0,0,0,0,0,0,0,0,0,0,0,0,0,0,0,0,0,0,0,0,0,0,0,0,0,0,0,0,0,0,0,0,0,0,0,0,0,37,2026-02-05 22:21:27.744177
WNTR,25.21,25.21,25.25,2080300.0,1100.0,,,,2067500.0,0,0,0,0,0,0,0,0,0,0,0,0,0,0,0,0,0,0,0,0,0,0,0,0,0,0,0,0,0,0,0,0,0,0,0,0,0,0,0,0,37,2026-02-05 22:21:27.744177
SPNG,24.75,24.72,24.75,2085300.0,3000.0,1996800.0,1100.0,,,0,0,0,0,0,0,0,0,0,0,0,0,0,0,0,0,0,0,0,0,0,0,0,0,0,0,0,0,0,0,0,0,0,0,0,0,0,0,0,0,38,2026-02-05 22:21:28.781984
SMMR,25.05,25.05,25.09,1895900.0,3000.0,1889700.0,1100.0,1100.0,2900.0,0,0,0,0,0,0,0,0,0,0,0,0,0,0,0,0,0,0,0,0,0,0,0,0,0,0,0,0,0,0,0,0,0,0,0,0,0,0,0,0,38,2026-02-05 22:21:28.781984
ATMN,25.21,25.21,25.25,2302600.0,,2207800.0,,1100.0,,0,0,0,0,0,0,0,0,0,0,0,0,0,0,0,0,0,0,0,0,0,0,0,0,0,0,0,0,0,0,0,0,0,0,0,0,0,0,0,0,38,2026-02-05 22:21:28.781984
WNTR,25.16,25.11,25.16,2181600.0,,2069300.0,,,,0,0,0,0,0,0,0,0,0,0,0,0,0,0,0,0,0,0,0,0,0,0,0,0,0,0,0,0,0,0,0,0,0,0,0,0,0,0,0,0,38,2026-02-05 22:21:28.781984
SPNG,24.81,24.72,24.81,1949300.0,3000.0,3160.0,2085100.0,,,,0,0,0,0,0,0,0,0,0,0,0,0,0,0,0,0,0,0,0,0,0,0,0,0,0,0,0,0,0,0,0,0,0,0,0,0,0,0,0,39,2026-02-05 22:21:29.820446
SMMR,24.98,24.98,24.99,2020300.0,3000.0,,1997300.0,2900.0,,,0,0,0,0,0,0,0,0,0,0,0,0,0,0,0,0,0,0,0,0,0,0,0,0,0,0,0,0,0,0,0,0,0,0,0,0,0,0,0,39,2026-02-05 22:21:29.820446
ATMN,24.99,24.99,25.25,2381400.0,,,2199200.0,,,,0,0,0,0,0,0,0,0,0,0,0,0,0,0,0,0,0,0,0,0,0,0,0,0,0,0,0,0,0,0,0,0,0,0,0,0,0,0,0,39,2026-02-05 22:21:29.820446
WNTR,25.17,25.17,25.25,1964600.0,,4000.0,1955900.0,,1100.0,1100.0,0,0,0,0,0,0,0,0,0,0,0,0,0,0,0,0,0,0,0,0,0,0,0,0,0,0,0,0,0,0,0,0,0,0,0,0,0,0,0,39,2026-02-05 22:21:29.820446
SPNG,25.24,25.24,25.28,1959700.0,2000.0,3000.0,2114800.0,,0,0,0,0,0,0,0,0,0,0,0,0,0,0,0,0,0,0,0,0,0,0,0,0,0,0,0,0,0,0,0,0,0,0,0,0,0,0,0,0,0,40,2026-02-05 22:21:30.860223
SMMR,24.92,24.98,24.99,2014500.0,,3000.0,1997300.0,1100.0,0,0,0,0,0,0,0,0,0,0,0,0,0,0,0,0,0,0,0,0,0,0,0,0,0,0,0,0,0,0,0,0,0,0,0,0,0,0,0,0,0,40,2026-02-05 22:21:30.860223
ATMN,24.67,25.08,25.25,2475300.0,,,2200300.0,,0,0,0,0,0,0,0,0,0,0,0,0,0,0,0,0,0,0,0,0,0,0,0,0,0,0,0,0,0,0,0,0,0,0,0,0,0,0,0,0,0,40,2026-02-05 22:21:30.860223
WNTR,25.26,25.17,25.25,2204400.0,,,2041400.0,,0,0,0,0,0,0,0,0,0,0,0,0,0,0,0,0,0,0,0,0,0,0,0,0,0,0,0,0,0,0,0,0,0,0,0,0,0,0,0,0,0,40,2026-02-05 22:21:30.860223
SPNG,25.24,24.72,24.78,2077600.0,3000.0,2128000.0,,0,0,0,0,0,0,0,0,0,0,0,0,0,0,0,0,0,0,0,0,0,0,0,0,0,0,0,0,0,0,0,0,0,0,0,0,0,0,0,0,0,0,41,2026-02-05 22:21:31.921874
SMMR,25.09,25.12,25.16,2142600.0,,2091200.0,,0,0,0,0,0,0,0,0,0,0,0,0,0,0,0,0,0,0,0,0,0,0,0,0,0,0,0,0,0,0,0,0,0,0,0,0,0,0,0,0,0,0,41,2026-02-05 22:21:31.921874
ATMN,25.28,25.08,25.28,2342200.0,,2219800.0,1100.0,0,0,0,0,0,0,0,0,0,0,0,0,0,0,0,0,0,0,0,0,0,0,0,0,0,0,0,0,0,0,0,0,0,0,0,0,0,0,0,0,0,0,41,2026-02-05 22:21:31.921874
WNTR,25.28,25.24,25.28,2069400.0,,2059100.0,1100.0,0,0,0,0,0,0,0,0,0,0,0,0,0,0,0,0,0,0,0,0,0,0,0,0,0,0,0,0,0,0,0,0,0,0,0,0,0,0,0,0,0,0,41,2026-02-05 22:21:31.921874
SPNG,24.78,24.96,25.1,2056800.0,3000.0,2120400.0,,,0,0,0,0,0,0,0,0,0,0,0,0,0,0,0,0,0,0,0,0,0,0,0,0,0,0,0,0,0,0,0,0,0,0,0,0,0,0,0,0,0,42,2026-02-05 22:21:32.964791
SMMR,24.85,24.85,25.01,2151200.0,,1985100.0,1100.0,,0,0,0,0,0,0,0,0,0,0,0,0,0,0,0,0,0,0,0,0,0,0,0,0,0,0,0,0,0,0,0,0,0,0,0,0,0,0,0,0,0,42,2026-02-05 22:21:32.964791
ATMN,25.08,24.67,25.06,2326700.0,,2134100.0,1100.0,1100.0,0,0,0,0,0,0,0,0,0,0,0,0,0,0,0,0,0,0,0,0,0,0,0,0,0,0,0,0,0,0,0,0,0,0,0,0,0,0,0,0,0,42,2026-02-05 22:21:32.964791
WNTR,25.33,25.24,25.33,2036000.0,,2062500.0,,1100.0,0,0,0,0,0,0,0,0,0,0,0,0,0,0,0,0,0,0,0,0,0,0,0,0,0,0,0,0,0,0,0,0,0,0,0,0,0,0,0,0,0,42,2026-02-05 22:21:32.964791
SPNG,24.78,24.96,25.0,1953700.0,1100.0,3000.0,2035300.0,1100.0,0,0,0,0,0,0,0,0,0,0,0,0,0,0,0,0,0,0,0,0,0,0,0,0,0,0,0,0,0,0,0,0,0,0,0,0,0,0,0,0,0,43,2026-02-05 22:21:33.505075
SMMR,25.07,24.89,25.07,2156300.0,,,2093400.0,,0,0,0,0,0,0,0,0,0,0,0,0,0,0,0,0,0,0,0,0,0,0,0,0,0,0,0,0,0,0,0,0,0,0,0,0,0,0,0,0,0,43,2026-02-05 22:21:33.505075
ATMN,25.06,24.67,25.06,2459800.0,,,2236400.0,,0,0,0,0,0,0,0,0,0,0,0,0,0,0,0,0,0,0,0,0,0,0,0,0,0,0,0,0,0,0,0,0,0,0,0,0,0,0,0,0,0,43,2026-02-05 22:21:33.505075
WNTR,25.33,25.24,25.31,2036000.0,1100.0,,2058100.0,,0,0,0,0,0,0,0,0,0,0,0,0,0,0,0,0,0,0,0,0,0,0,0,0,0,0,0,0,0,0,0,0,0,0,0,0,0,0,0,0,0,43,2026-02-05 22:21:33.505075
SPNG,24.96,24.96,25.0,1845100.0,2200.0,3000.0,2027200.0,1100.0,0,0,0,0,0,0,0,0,0,0,0,0,0,0,0,0,0,0,0,0,0,0,0,0,0,0,0,0,0,0,0,0,0,0,0,0,0,0,0,0,0,44,2026-02-05 22:21:34.550291
SMMR,24.89,24.97,25.07,2171100.0,,,1885500.0,2200.0,0,0,0,0,0,0,0,0,0,0,0,0,0,0,0,0,0,0,0,0,0,0,0,0,0,0,0,0,0,0,0,0,0,0,0,0,0,0,0,0,0,44,2026-02-05 22:21:34.550291
ATMN,25.36,25.06,25.36,2296600.0,1100.0,,2236300.0,,0,0,0,0,0,0,0,0,0,0,0,0,0,0,0,0,0,0,0,0,0,0,0,0,0,0,0,0,0,0,0,0,0,0,0,0,0,0,0,0,0,44,2026-02-05 22:21:34.550291
WNTR,25.32,25.24,25.32,2034900.0,1100.0,,2052700.0,,0,0,0,0,0,0,0,0,0,0,0,0,0,0,0,0,0,0,0,0,0,0,0,0,0,0,0,0,0,0,0,0,0,0,0,0,0,0,0,0,0,44,2026-02-05 22:21:34.550291
SPNG,25.0,24.68,24.98,2103800.0,1100.0,1100.0,2026200.0,0,0,0,0,0,0,0,0,0,0,0,0,0,0,0,0,0,0,0,0,0,0,0,0,0,0,0,0,0,0,0,0,0,0,0,0,0,0,0,0,0,0,45,2026-02-05 22:21:35.605166
SMMR,24.95,25.05,25.16,2061100.0,1100.0,1100.0,1987400.0,0,0,0,0,0,0,0,0,0,0,0,0,0,0,0,0,0,0,0,0,0,0,0,0,0,0,0,0,0,0,0,0,0,0,0,0,0,0,0,0,0,0,45,2026-02-05 22:21:35.605166
ATMN,25.38,24.97,25.18,2276300.0,1100.0,,2221700.0,0,0,0,0,0,0,0,0,0,0,0,0,0,0,0,0,0,0,0,0,0,0,0,0,0,0,0,0,0,0,0,0,0,0,0,0,0,0,0,0,0,0,45,2026-02-05 22:21:35.605166
WNTR,25.36,25.24,25.36,2034900.0,1100.0,,2046800.0,0,0,0,0,0,0,0,0,0,0,0,0,0,0,0,0,0,0,0,0,0,0,0,0,0,0,0,0,0,0,0,0,0,0,0,0,0,0,0,0,0,0,45,2026-02-05 22:21:35.605166
SPNG,25.04,24.68,25.04,2103800.0,1100.0,2015400.0,1100.0,0,0,0,0,0,0,0,0,0,0,0,0,0,0,0,0,0,0,0,0,0,0,0,0,0,0,0,0,0,0,0,0,0,0,0,0,0,0,0,0,0,0,46,2026-02-05 22:21:36.648683
SMMR,25.2,25.11,25.19,2026800.0,1100.0,1980600.0,1100.0,0,0,0,0,0,0,0,0,0,0,0,0,0,0,0,0,0,0,0,0,0,0,0,0,0,0,0,0,0,0,0,0,0,0,0,0,0,0,0,0,0,0,46,2026-02-05 22:21:36.648683
ATMN,25.41,24.97,25.41,2276300.0,1100.0,2245800.0,,0,0,0,0,0,0,0,0,0,0,0,0,0,0,0,0,0,0,0,0,0,0,0,0,0,0,0,0,0,0,0,0,0,0,0,0,0,0,0,0,0,0,46,2026-02-05 22:21:36.648683
WNTR,25.39,25.31,25.39,2019100.0,1100.0,2025800.0,,0,0,0,0,0,0,0,0,0,0,0,0,0,0,0,0,0,0,0,0,0,0,0,0,0,0,0,0,0,0,0,0,0,0,0,0,0,0,0,0,0,0,46,2026-02-05 22:21:36.648683
SPNG,24.82,24.99,25.04,1100.0,2082000.0,1915500.0,3000.0,1100.0,0,0,0,0,0,0,0,0,0,0,0,0,0,0,0,0,0,0,0,0,0,0,0,0,0,0,0,0,0,0,0,0,0,0,0,0,0,0,0,0,0,47,2026-02-05 22:21:37.701666
SMMR,25.05,24.95,25.04,,2167700.0,1994900.0,3000.0,,0,0,0,0,0,0,0,0,0,0,0,0,0,0,0,0,0,0,0,0,0,0,0,0,0,0,0,0,0,0,0,0,0,0,0,0,0,0,0,0,0,47,2026-02-05 22:21:37.701666
ATMN,24.86,24.68,24.86,,2406300.0,2031800.0,9000.0,,0,0,0,0,0,0,0,0,0,0,0,0,0,0,0,0,0,0,0,0,0,0,0,0,0,0,0,0,0,0,0,0,0,0,0,0,0,0,0,0,0,47,2026-02-05 22:21:37.701666
WNTR,25.39,25.31,25.39,,2109100.0,1918800.0,3000.0,,0,0,0,0,0,0,0,0,0,0,0,0,0,0,0,0,0,0,0,0,0,0,0,0,0,0,0,0,0,0,0,0,0,0,0,0,0,0,0,0,0,47,2026-02-05 22:21:37.701666
SPNG,24.68,24.68,25.04,2216400.0,1919500.0,4900.0,,,,0,0,0,0,0,0,0,0,0,0,0,0,0,0,0,0,0,0,0,0,0,0,0,0,0,0,0,0,0,0,0,0,0,0,0,0,0,0,0,0,48,2026-02-05 22:21:38.752061
SMMR,25.05,25.02,25.04,2059500.0,1674200.0,6000.0,3000.0,2200.0,,0,0,0,0,0,0,0,0,0,0,0,0,0,0,0,0,0,0,0,0,0,0,0,0,0,0,0,0,0,0,0,0,0,0,0,0,0,0,0,0,48,2026-02-05 22:21:38.752061
ATMN,24.86,24.89,25.41,2247200.0,2146700.0,,,1100.0,1100.0,0,0,0,0,0,0,0,0,0,0,0,0,0,0,0,0,0,0,0,0,0,0,0,0,0,0,0,0,0,0,0,0,0,0,0,0,0,0,0,0,48,2026-02-05 22:21:38.752061
WNTR,25.38,25.35,25.38,2042000.0,1834700.0,9000.0,,,1100.0,0,0,0,0,0,0,0,0,0,0,0,0,0,0,0,0,0,0,0,0,0,0,0,0,0,0,0,0,0,0,0,0,0,0,0,0,0,0,0,0,48,2026-02-05 22:21:38.752061
SPNG,24.59,24.59,24.68,2104700.0,3000.0,6000.0,1883400.0,,,0,0,0,0,0,0,0,0,0,0,0,0,0,0,0,0,0,0,0,0,0,0,0,0,0,0,0,0,0,0,0,0,0,0,0,0,0,0,0,0,49,2026-02-05 22:21:39.802574
SMMR,25.1,25.08,25.1,1884400.0,3000.0,3000.0,1885700.0,1100.0,1100.0,0,0,0,0,0,0,0,0,0,0,0,0,0,0,0,0,0,0,0,0,0,0,0,0,0,0,0,0,0,0,0,0,0,0,0,0,0,0,0,0,49,2026-02-05 22:21:39.802574
ATMN,25.4,25.4,25.41,2377300.0,,,2245800.0,,,0,0,0,0,0,0,0,0,0,0,0,0,0,0,0,0,0,0,0,0,0,0,0,0,0,0,0,0,0,0,0,0,0,0,0,0,0,0,0,0,49,2026-02-05 22:21:39.802574
WNTR,25.38,25.35,25.38,2059900.0,,,2029000.0,1100.0,,0,0,0,0,0,0,0,0,0,0,0,0,0,0,0,0,0,0,0,0,0,0,0,0,0,0,0,0,0,0,0,0,0,0,0,0,0,0,0,0,49,2026-02-05 22:21:39.802574
SPNG,24.96,24.96,25.05,1979200.0,6000.0,3000.0,1996500.0,,,0,0,0,0,0,0,0,0,0,0,0,0,0,0,0,0,0,0,0,0,0,0,0,0,0,0,0,0,0,0,0,0,0,0,0,0,0,0,0,0,50,2026-02-05 22:21:40.870573
SMMR,24.95,24.95,24.98,1884400.0,3000.0,3000.0,1886300.0,1100.0,1100.0,0,0,0,0,0,0,0,0,0,0,0,0,0,0,0,0,0,0,0,0,0,0,0,0,0,0,0,0,0,0,0,0,0,0,0,0,0,0,0,0,50,2026-02-05 22:21:40.870573
ATMN,25.26,24.89,25.26,2247200.0,,,2175800.0,1100.0,1100.0,0,0,0,0,0,0,0,0,0,0,0,0,0,0,0,0,0,0,0,0,0,0,0,0,0,0,0,0,0,0,0,0,0,0,0,0,0,0,0,0,50,2026-02-05 22:21:40.870573
WNTR,25.35,25.35,25.38,2039500.0,,,2029000.0,1100.0,,0,0,0,0,0,0,0,0,0,0,0,0,0,0,0,0,0,0,0,0,0,0,0,0,0,0,0,0,0,0,0,0,0,0,0,0,0,0,0,0,50,2026-02-05 22:21:40.870573
SPNG,24.67,24.62,24.67,2113900.0,3000.0,1875700.0,9000.0,,,,0,0,0,0,0,0,0,0,0,0,0,0,0,0,0,0,0,0,0,0,0,0,0,0,0,0,0,0,0,0,0,0,0,0,0,0,0,0,0,51,2026-02-05 22:21:41.917225
SMMR,24.95,24.95,25.14,1884400.0,3000.0,1988200.0,,1100.0,1100.0,,0,0,0,0,0,0,0,0,0,0,0,0,0,0,0,0,0,0,0,0,0,0,0,0,0,0,0,0,0,0,0,0,0,0,0,0,0,0,0,51,2026-02-05 22:21:41.917225
ATMN,25.26,25.3,25.41,2249600.0,,2245800.0,,1100.0,,,0,0,0,0,0,0,0,0,0,0,0,0,0,0,0,0,0,0,0,0,0,0,0,0,0,0,0,0,0,0,0,0,0,0,0,0,0,0,0,51,2026-02-05 22:21:41.917225
WNTR,25.4,25.37,25.4,1943800.0,,2027700.0,,1100.0,,4000.0,0,0,0,0,0,0,0,0,0,0,0,0,0,0,0,0,0,0,0,0,0,0,0,0,0,0,0,0,0,0,0,0,0,0,0,0,0,0,0,51,2026-02-05 22:21:41.917225
SPNG,24.67,24.66,24.67,2000.0,1992000.0,3000.0,1975600.0,3000.0,,,0,0,0,0,0,0,0,0,0,0,0,0,0,0,0,0,0,0,0,0,0,0,0,0,0,0,0,0,0,0,0,0,0,0,0,0,0,0,0,52,2026-02-05 22:21:42.969087
SMMR,25.21,24.95,24.98,,2112900.0,,2000100.0,,1100.0,,0,0,0,0,0,0,0,0,0,0,0,0,0,0,0,0,0,0,0,0,0,0,0,0,0,0,0,0,0,0,0,0,0,0,0,0,0,0,0,52,2026-02-05 22:21:42.969087
ATMN,25.14,24.89,25.11,,2383100.0,,2139800.0,,1100.0,,0,0,0,0,0,0,0,0,0,0,0,0,0,0,0,0,0,0,0,0,0,0,0,0,0,0,0,0,0,0,0,0,0,0,0,0,0,0,0,52,2026-02-05 22:21:42.969087
WNTR,25.41,25.36,25.41,,2046600.0,,2015700.0,,,1100.0,0,0,0,0,0,0,0,0,0,0,0,0,0,0,0,0,0,0,0,0,0,0,0,0,0,0,0,0,0,0,0,0,0,0,0,0,0,0,0,52,2026-02-05 22:21:42.969087
SPNG,24.67,24.71,25.1,2094900.0,2000.0,2123700.0,0,0,0,0,0,0,0,0,0,0,0,0,0,0,0,0,0,0,0,0,0,0,0,0,0,0,0,0,0,0,0,0,0,0,0,0,0,0,0,0,0,0,0,53,2026-02-05 22:21:44.009048
SMMR,25.2,24.96,25.2,2078400.0,,2095200.0,0,0,0,0,0,0,0,0,0,0,0,0,0,0,0,0,0,0,0,0,0,0,0,0,0,0,0,0,0,0,0,0,0,0,0,0,0,0,0,0,0,0,0,53,2026-02-05 22:21:44.009048
ATMN,25.32,25.32,25.41,2384600.0,,2258300.0,0,0,0,0,0,0,0,0,0,0,0,0,0,0,0,0,0,0,0,0,0,0,0,0,0,0,0,0,0,0,0,0,0,0,0,0,0,0,0,0,0,0,0,53,2026-02-05 22:21:44.009048
WNTR,25.41,25.33,25.41,2147600.0,,1994400.0,0,0,0,0,0,0,0,0,0,0,0,0,0,0,0,0,0,0,0,0,0,0,0,0,0,0,0,0,0,0,0,0,0,0,0,0,0,0,0,0,0,0,0,53,2026-02-05 22:21:44.009048
SPNG,24.67,24.74,24.75,2000.0,1998900.0,3000.0,1100.0,1996500.0,,0,0,0,0,0,0,0,0,0,0,0,0,0,0,0,0,0,0,0,0,0,0,0,0,0,0,0,0,0,0,0,0,0,0,0,0,0,0,0,0,54,2026-02-05 22:21:44.554701
SMMR,25.16,24.96,25.2,,2078400.0,,1100.0,2004900.0,,0,0,0,0,0,0,0,0,0,0,0,0,0,0,0,0,0,0,0,0,0,0,0,0,0,0,0,0,0,0,0,0,0,0,0,0,0,0,0,0,54,2026-02-05 22:21:44.554701
ATMN,25.32,25.32,25.41,,2274100.0,,,2267700.0,1100.0,0,0,0,0,0,0,0,0,0,0,0,0,0,0,0,0,0,0,0,0,0,0,0,0,0,0,0,0,0,0,0,0,0,0,0,0,0,0,0,0,54,2026-02-05 22:21:44.554701
WNTR,25.41,25.33,25.41,,2065500.0,,,1994400.0,1100.0,0,0,0,0,0,0,0,0,0,0,0,0,0,0,0,0,0,0,0,0,0,0,0,0,0,0,0,0,0,0,0,0,0,0,0,0,0,0,0,0,54,2026-02-05 22:21:44.554701
SPNG,24.74,24.71,24.74,2106300.0,3000.0,9000.0,1100.0,1783500.0,,0,0,0,0,0,0,0,0,0,0,0,0,0,0,0,0,0,0,0,0,0,0,0,0,0,0,0,0,0,0,0,0,0,0,0,0,0,0,0,0,55,2026-02-05 22:21:45.597429
SMMR,24.95,24.97,25.0,1962000.0,3000.0,6000.0,1100.0,1779400.0,,0,0,0,0,0,0,0,0,0,0,0,0,0,0,0,0,0,0,0,0,0,0,0,0,0,0,0,0,0,0,0,0,0,0,0,0,0,0,0,0,55,2026-02-05 22:21:45.597429
ATMN,25.41,25.21,25.41,2031900.0,6000.0,3000.0,,2175300.0,1100.0,0,0,0,0,0,0,0,0,0,0,0,0,0,0,0,0,0,0,0,0,0,0,0,0,0,0,0,0,0,0,0,0,0,0,0,0,0,0,0,0,55,2026-02-05 22:21:45.597429
WNTR,25.44,25.43,25.44,1918900.0,3000.0,3000.0,,1887100.0,1100.0,0,0,0,0,0,0,0,0,0,0,0,0,0,0,0,0,0,0,0,0,0,0,0,0,0,0,0,0,0,0,0,0,0,0,0,0,0,0,0,0,55,2026-02-05 22:21:45.597429
SPNG,25.18,25.18,25.28,1985300.0,7100.0,2124600.0,,,,0,0,0,0,0,0,0,0,0,0,0,0,0,0,0,0,0,0,0,0,0,0,0,0,0,0,0,0,0,0,0,0,0,0,0,0,0,0,0,0,56,2026-02-05 22:21:46.646738
SMMR,25.0,24.97,25.0,1988000.0,3000.0,1782500.0,1100.0,6000.0,,0,0,0,0,0,0,0,0,0,0,0,0,0,0,0,0,0,0,0,0,0,0,0,0,0,0,0,0,0,0,0,0,0,0,0,0,0,0,0,0,56,2026-02-05 22:21:46.646738
ATMN,25.38,25.3,25.38,2031900.0,6000.0,2181200.0,,3000.0,1100.0,0,0,0,0,0,0,0,0,0,0,0,0,0,0,0,0,0,0,0,0,0,0,0,0,0,0,0,0,0,0,0,0,0,0,0,0,0,0,0,0,56,2026-02-05 22:21:46.646738
WNTR,25.57,25.36,25.47,2145500.0,,2015600.0,,,,0,0,0,0,0,0,0,0,0,0,0,0,0,0,0,0,0,0,0,0,0,0,0,0,0,0,0,0,0,0,0,0,0,0,0,0,0,0,0,0,56,2026-02-05 22:21:46.646738
SPNG,25.28,25.19,25.26,13000.0,1986400.0,2048900.0,3000.0,,,0,0,0,0,0,0,0,0,0,0,0,0,0,0,0,0,0,0,0,0,0,0,0,0,0,0,0,0,0,0,0,0,0,0,0,0,0,0,0,0,57,2026-02-05 22:21:47.701430
SMMR,24.93,24.93,24.97,3000.0,1996000.0,1681900.0,6000.0,2200.0,,0,0,0,0,0,0,0,0,0,0,0,0,0,0,0,0,0,0,0,0,0,0,0,0,0,0,0,0,0,0,0,0,0,0,0,0,0,0,0,0,57,2026-02-05 22:21:47.701430
ATMN,25.43,25.32,25.38,3000.0,2169800.0,1943700.0,3000.0,2200.0,1100.0,0,0,0,0,0,0,0,0,0,0,0,0,0,0,0,0,0,0,0,0,0,0,0,0,0,0,0,0,0,0,0,0,0,0,0,0,0,0,0,0,57,2026-02-05 22:21:47.701430
WNTR,25.47,25.38,25.47,,2008500.0,2014800.0,,,1100.0,0,0,0,0,0,0,0,0,0,0,0,0,0,0,0,0,0,0,0,0,0,0,0,0,0,0,0,0,0,0,0,0,0,0,0,0,0,0,0,0,57,2026-02-05 22:21:47.701430
SPNG,25.26,24.77,25.26,2105500.0,1100.0,1924100.0,2200.0,0,0,0,0,0,0,0,0,0,0,0,0,0,0,0,0,0,0,0,0,0,0,0,0,0,0,0,0,0,0,0,0,0,0,0,0,0,0,0,0,0,0,58,2026-02-05 22:21:48.755916
SMMR,25.2,24.93,25.2,2119500.0,,2118200.0,,0,0,0,0,0,0,0,0,0,0,0,0,0,0,0,0,0,0,0,0,0,0,0,0,0,0,0,0,0,0,0,0,0,0,0,0,0,0,0,0,0,0,58,2026-02-05 22:21:48.755916
ATMN,25.06,25.06,25.43,2280300.0,1100.0,2134800.0,1100.0,0,0,0,0,0,0,0,0,0,0,0,0,0,0,0,0,0,0,0,0,0,0,0,0,0,0,0,0,0,0,0,0,0,0,0,0,0,0,0,0,0,0,58,2026-02-05 22:21:48.755916
WNTR,25.57,25.58,25.65,2036500.0,1100.0,2025500.0,,0,0,0,0,0,0,0,0,0,0,0,0,0,0,0,0,0,0,0,0,0,0,0,0,0,0,0,0,0,0,0,0,0,0,0,0,0,0,0,0,0,0,58,2026-02-05 22:21:48.755916
SPNG,24.77,25.04,25.07,2205700.0,2122900.0,0,0,0,0,0,0,0,0,0,0,0,0,0,0,0,0,0,0,0,0,0,0,0,0,0,0,0,0,0,0,0,0,0,0,0,0,0,0,0,0,0,0,0,0,59,2026-02-05 22:21:49.813782
SMMR,24.89,24.89,25.03,2131400.0,2101200.0,0,0,0,0,0,0,0,0,0,0,0,0,0,0,0,0,0,0,0,0,0,0,0,0,0,0,0,0,0,0,0,0,0,0,0,0,0,0,0,0,0,0,0,0,59,2026-02-05 22:21:49.813782
ATMN,25.51,25.06,25.51,2404300.0,2259400.0,0,0,0,0,0,0,0,0,0,0,0,0,0,0,0,0,0,0,0,0,0,0,0,0,0,0,0,0,0,0,0,0,0,0,0,0,0,0,0,0,0,0,0,0,59,2026-02-05 22:21:49.813782
WNTR,25.58,25.36,25.46,2147000.0,2101900.0,0,0,0,0,0,0,0,0,0,0,0,0,0,0,0,0,0,0,0,0,0,0,0,0,0,0,0,0,0,0,0,0,0,0,0,0,0,0,0,0,0,0,0,0,59,2026-02-05 22:21:49.813782
SPNG,24.7,24.7,25.13,1025600.0,864000.0,0,0,0,0,0,0,0,0,0,0,0,0,0,0,0,0,0,0,0,0,0,0,0,0,0,0,0,0,0,0,0,0,0,0,0,0,0,0,0,0,0,0,0,0,60,2026-02-05 22:21:50.870296
SMMR,25.53,25.3,25.38,578000.0,584400.0,0,0,0,0,0,0,0,0,0,0,0,0,0,0,0,0,0,0,0,0,0,0,0,0,0,0,0,0,0,0,0,0,0,0,0,0,0,0,0,0,0,0,0,0,60,2026-02-05 22:21:50.870296
ATMN,25.24,25.24,26.29,994200.0,817400.0,0,0,0,0,0,0,0,0,0,0,0,0,0,0,0,0,0,0,0,0,0,0,0,0,0,0,0,0,0,0,0,0,0,0,0,0,0,0,0,0,0,0,0,0,60,2026-02-05 22:21:50.870296
WNTR,25.33,24.17,24.82,927800.0,845800.0,0,0,0,0,0,0,0,0,0,0,0,0,0,0,0,0,0,0,0,0,0,0,0,0,0,0,0,0,0,0,0,0,0,0,0,0,0,0,0,0,0,0,0,0,60,2026-02-05 22:21:50.870296
SPNG,24.51,24.51,24.81,1033100.0,1100700.0,0,0,0,0,0,0,0,0,0,0,0,0,0,0,0,0,0,0,0,0,0,0,0,0,0,0,0,0,0,0,0,0,0,0,0,0,0,0,0,0,0,0,0,0,61,2026-02-05 22:21:51.919629
SMMR,25.56,25.4,25.55,903600.0,881500.0,0,0,0,0,0,0,0,0,0,0,0,0,0,0,0,0,0,0,0,0,0,0,0,0,0,0,0,0,0,0,0,0,0,0,0,0,0,0,0,0,0,0,0,0,61,2026-02-05 22:21:51.919629
ATMN,25.24,24.65,25.15,1284800.0,942900.0,0,0,0,0,0,0,0,0,0,0,0,0,0,0,0,0,0,0,0,0,0,0,0,0,0,0,0,0,0,0,0,0,0,0,0,0,0,0,0,0,0,0,0,0,61,2026-02-05 22:21:51.919629
WNTR,24.17,24.23,24.35,935900.0,1090000.0,0,0,0,0,0,0,0,0,0,0,0,0,0,0,0,0,0,0,0,0,0,0,0,0,0,0,0,0,0,0,0,0,0,0,0,0,0,0,0,0,0,0,0,0,61,2026-02-05 22:21:51.919629
SPNG,24.81,24.51,24.81,1033100.0,1100700.0,,0,0,0,0,0,0,0,0,0,0,0,0,0,0,0,0,0,0,0,0,0,0,0,0,0,0,0,0,0,0,0,0,0,0,0,0,0,0,0,0,0,0,0,62,2026-02-05 22:21:52.972133
SMMR,25.53,25.4,25.46,1023800.0,1003500.0,,0,0,0,0,0,0,0,0,0,0,0,0,0,0,0,0,0,0,0,0,0,0,0,0,0,0,0,0,0,0,0,0,0,0,0,0,0,0,0,0,0,0,0,62,2026-02-05 22:21:52.972133
ATMN,25.15,25.49,26.29,1655000.0,817400.0,,0,0,0,0,0,0,0,0,0,0,0,0,0,0,0,0,0,0,0,0,0,0,0,0,0,0,0,0,0,0,0,0,0,0,0,0,0,0,0,0,0,0,0,62,2026-02-05 22:21:52.972133
WNTR,24.17,24.23,24.31,1028300.0,1313800.0,1100.0,0,0,0,0,0,0,0,0,0,0,0,0,0,0,0,0,0,0,0,0,0,0,0,0,0,0,0,0,0,0,0,0,0,0,0,0,0,0,0,0,0,0,0,62,2026-02-05 22:21:52.972133
SPNG,22.96,24.18,24.71,1159200.0,1191000.0,,,0,0,0,0,0,0,0,0,0,0,0,0,0,0,0,0,0,0,0,0,0,0,0,0,0,0,0,0,0,0,0,0,0,0,0,0,0,0,0,0,0,0,63,2026-02-05 22:21:54.017754
SMMR,25.71,25.53,25.6,1114900.0,961900.0,,,0,0,0,0,0,0,0,0,0,0,0,0,0,0,0,0,0,0,0,0,0,0,0,0,0,0,0,0,0,0,0,0,0,0,0,0,0,0,0,0,0,0,63,2026-02-05 22:21:54.017754
ATMN,25.08,24.65,25.08,1426900.0,1051600.0,,,0,0,0,0,0,0,0,0,0,0,0,0,0,0,0,0,0,0,0,0,0,0,0,0,0,0,0,0,0,0,0,0,0,0,0,0,0,0,0,0,0,0,63,2026-02-05 22:21:54.017754
WNTR,24.35,24.19,24.2,920200.0,1317800.0,1100.0,1100.0,0,0,0,0,0,0,0,0,0,0,0,0,0,0,0,0,0,0,0,0,0,0,0,0,0,0,0,0,0,0,0,0,0,0,0,0,0,0,0,0,0,0,63,2026-02-05 22:21:54.017754
SPNG,24.52,24.5,24.52,1531500.0,3000.0,4100.0,989700.0,,,,,0,0,0,0,0,0,0,0,0,0,0,0,0,0,0,0,0,0,0,0,0,0,0,0,0,0,0,0,0,0,0,0,0,0,0,0,0,0,64,2026-02-05 22:21:55.066255
SMMR,25.6,25.62,25.64,1220900.0,9000.0,3000.0,1102700.0,4000.0,1100.0,1100.0,,0,0,0,0,0,0,0,0,0,0,0,0,0,0,0,0,0,0,0,0,0,0,0,0,0,0,0,0,0,0,0,0,0,0,0,0,0,0,64,2026-02-05 22:21:55.066255
ATMN,25.08,24.94,25.08,1792100.0,3000.0,3000.0,1051600.0,,,,,0,0,0,0,0,0,0,0,0,0,0,0,0,0,0,0,0,0,0,0,0,0,0,0,0,0,0,0,0,0,0,0,0,0,0,0,0,0,64,2026-02-05 22:21:55.066255
WNTR,24.07,24.0,24.07,941000.0,,,1331600.0,,,1100.0,5000.0,0,0,0,0,0,0,0,0,0,0,0,0,0,0,0,0,0,0,0,0,0,0,0,0,0,0,0,0,0,0,0,0,0,0,0,0,0,0,64,2026-02-05 22:21:55.066255
SPNG,24.58,24.58,24.73,4000.0,1100.0,1289700.0,3000.0,4000.0,1089600.0,1100.0,,0,0,0,0,0,0,0,0,0,0,0,0,0,0,0,0,0,0,0,0,0,0,0,0,0,0,0,0,0,0,0,0,0,0,0,0,0,0,65,2026-02-05 22:21:56.099625
SMMR,25.56,25.53,25.55,,1100.0,1221000.0,3000.0,4000.0,1404900.0,1100.0,6000.0,0,0,0,0,0,0,0,0,0,0,0,0,0,0,0,0,0,0,0,0,0,0,0,0,0,0,0,0,0,0,0,0,0,0,0,0,0,0,65,2026-02-05 22:21:56.099625
ATMN,25.48,25.48,25.62,4000.0,1100.0,1902400.0,9000.0,,1264800.0,1100.0,3000.0,0,0,0,0,0,0,0,0,0,0,0,0,0,0,0,0,0,0,0,0,0,0,0,0,0,0,0,0,0,0,0,0,0,0,0,0,0,0,65,2026-02-05 22:21:56.099625
WNTR,24.35,24.0,24.35,,,1185400.0,3000.0,,1217300.0,,,0,0,0,0,0,0,0,0,0,0,0,0,0,0,0,0,0,0,0,0,0,0,0,0,0,0,0,0,0,0,0,0,0,0,0,0,0,0,65,2026-02-05 22:21:56.099625
SPNG,24.18,24.26,24.73,6000.0,1289700.0,4000.0,1089600.0,3000.0,,0,0,0,0,0,0,0,0,0,0,0,0,0,0,0,0,0,0,0,0,0,0,0,0,0,0,0,0,0,0,0,0,0,0,0,0,0,0,0,0,66,2026-02-05 22:21:56.640592
SMMR,25.56,25.53,25.56,3000.0,1221000.0,4000.0,1410200.0,6000.0,,0,0,0,0,0,0,0,0,0,0,0,0,0,0,0,0,0,0,0,0,0,0,0,0,0,0,0,0,0,0,0,0,0,0,0,0,0,0,0,0,66,2026-02-05 22:21:56.640592
ATMN,25.48,25.34,25.44,9000.0,1792100.0,,1368000.0,3000.0,4000.0,0,0,0,0,0,0,0,0,0,0,0,0,0,0,0,0,0,0,0,0,0,0,0,0,0,0,0,0,0,0,0,0,0,0,0,0,0,0,0,0,66,2026-02-05 22:21:56.640592
WNTR,24.16,24.16,24.35,,1311600.0,,1217300.0,,860.0,0,0,0,0,0,0,0,0,0,0,0,0,0,0,0,0,0,0,0,0,0,0,0,0,0,0,0,0,0,0,0,0,0,0,0,0,0,0,0,0,66,2026-02-05 22:21:56.640592
SPNG,25.13,24.18,25.13,1690700.0,6000.0,963900.0,,,,0,0,0,0,0,0,0,0,0,0,0,0,0,0,0,0,0,0,0,0,0,0,0,0,0,0,0,0,0,0,0,0,0,0,0,0,0,0,0,0,67,2026-02-05 22:21:57.696744
SMMR,25.5,25.49,25.5,1129900.0,3000.0,1611700.0,5000.0,9000.0,,0,0,0,0,0,0,0,0,0,0,0,0,0,0,0,0,0,0,0,0,0,0,0,0,0,0,0,0,0,0,0,0,0,0,0,0,0,0,0,0,67,2026-02-05 22:21:57.696744
ATMN,25.48,25.35,25.44,1893700.0,3000.0,1588800.0,,,,0,0,0,0,0,0,0,0,0,0,0,0,0,0,0,0,0,0,0,0,0,0,0,0,0,0,0,0,0,0,0,0,0,0,0,0,0,0,0,0,67,2026-02-05 22:21:57.696744
WNTR,24.16,24.16,24.3,1430600.0,,1420400.0,,,860.0,0,0,0,0,0,0,0,0,0,0,0,0,0,0,0,0,0,0,0,0,0,0,0,0,0,0,0,0,0,0,0,0,0,0,0,0,0,0,0,0,67,2026-02-05 22:21:57.696744
SPNG,25.2,24.18,25.2,1690700.0,3000.0,872500.0,,,,,,0,0,0,0,0,0,0,0,0,0,0,0,0,0,0,0,0,0,0,0,0,0,0,0,0,0,0,0,0,0,0,0,0,0,0,0,0,0,68,2026-02-05 22:21:58.749758
SMMR,25.4,25.4,25.44,1135900.0,3000.0,1726800.0,3000.0,1100.0,5000.0,,,0,0,0,0,0,0,0,0,0,0,0,0,0,0,0,0,0,0,0,0,0,0,0,0,0,0,0,0,0,0,0,0,0,0,0,0,0,0,68,2026-02-05 22:21:58.749758
ATMN,25.24,24.93,25.24,2138300.0,,1702700.0,,,,,,0,0,0,0,0,0,0,0,0,0,0,0,0,0,0,0,0,0,0,0,0,0,0,0,0,0,0,0,0,0,0,0,0,0,0,0,0,0,68,2026-02-05 22:21:58.749758
WNTR,24.29,24.29,24.3,1741700.0,,1542800.0,,1100.0,,5000.0,1100.0,0,0,0,0,0,0,0,0,0,0,0,0,0,0,0,0,0,0,0,0,0,0,0,0,0,0,0,0,0,0,0,0,0,0,0,0,0,0,68,2026-02-05 22:21:58.749758
SPNG,24.29,24.18,24.29,1690700.0,1087200.0,1100.0,3000.0,,,,,0,0,0,0,0,0,0,0,0,0,0,0,0,0,0,0,0,0,0,0,0,0,0,0,0,0,0,0,0,0,0,0,0,0,0,0,0,0,69,2026-02-05 22:21:59.784219
SMMR,25.56,25.46,25.5,1218400.0,1609100.0,1100.0,3000.0,1100.0,4000.0,6000.0,,0,0,0,0,0,0,0,0,0,0,0,0,0,0,0,0,0,0,0,0,0,0,0,0,0,0,0,0,0,0,0,0,0,0,0,0,0,0,69,2026-02-05 22:21:59.784219
ATMN,25.27,25.15,25.25,2269200.0,1688000.0,1100.0,3000.0,,,3000.0,,0,0,0,0,0,0,0,0,0,0,0,0,0,0,0,0,0,0,0,0,0,0,0,0,0,0,0,0,0,0,0,0,0,0,0,0,0,0,69,2026-02-05 22:21:59.784219
WNTR,24.29,24.28,24.29,1649800.0,1639400.0,1100.0,,,,,4000.0,0,0,0,0,0,0,0,0,0,0,0,0,0,0,0,0,0,0,0,0,0,0,0,0,0,0,0,0,0,0,0,0,0,0,0,0,0,0,69,2026-02-05 22:21:59.784219
SPNG,24.6,24.6,24.68,1100.0,4000.0,1920300.0,3000.0,1058300.0,7900.0,,,0,0,0,0,0,0,0,0,0,0,0,0,0,0,0,0,0,0,0,0,0,0,0,0,0,0,0,0,0,0,0,0,0,0,0,0,0,0,70,2026-02-05 22:22:00.822121
SMMR,25.48,25.51,25.53,1100.0,4000.0,1218400.0,3000.0,1805900.0,3000.0,1100.0,,0,0,0,0,0,0,0,0,0,0,0,0,0,0,0,0,0,0,0,0,0,0,0,0,0,0,0,0,0,0,0,0,0,0,0,0,0,0,70,2026-02-05 22:22:00.822121
ATMN,25.44,25.0,25.25,,,2492800.0,,1588800.0,,1100.0,4000.0,0,0,0,0,0,0,0,0,0,0,0,0,0,0,0,0,0,0,0,0,0,0,0,0,0,0,0,0,0,0,0,0,0,0,0,0,0,0,70,2026-02-05 22:22:00.822121
WNTR,24.28,24.28,24.29,1100.0,,1881700.0,,1752800.0,,1100.0,4000.0,0,0,0,0,0,0,0,0,0,0,0,0,0,0,0,0,0,0,0,0,0,0,0,0,0,0,0,0,0,0,0,0,0,0,0,0,0,0,70,2026-02-05 22:22:00.822121
SPNG,24.54,24.47,24.54,2324600.0,4000.0,3000.0,4000.0,1058300.0,3000.0,,0,0,0,0,0,0,0,0,0,0,0,0,0,0,0,0,0,0,0,0,0,0,0,0,0,0,0,0,0,0,0,0,0,0,0,0,0,0,0,71,2026-02-05 22:22:01.862766
SMMR,25.48,25.46,25.47,1337500.0,5000.0,,,1998800.0,,,0,0,0,0,0,0,0,0,0,0,0,0,0,0,0,0,0,0,0,0,0,0,0,0,0,0,0,0,0,0,0,0,0,0,0,0,0,0,0,71,2026-02-05 22:22:01.862766
ATMN,24.96,24.96,25.56,2361900.0,,,,1496600.0,,,0,0,0,0,0,0,0,0,0,0,0,0,0,0,0,0,0,0,0,0,0,0,0,0,0,0,0,0,0,0,0,0,0,0,0,0,0,0,0,71,2026-02-05 22:22:01.862766
WNTR,24.28,24.28,24.29,1881700.0,,,4000.0,2045000.0,,1100.0,0,0,0,0,0,0,0,0,0,0,0,0,0,0,0,0,0,0,0,0,0,0,0,0,0,0,0,0,0,0,0,0,0,0,0,0,0,0,0,71,2026-02-05 22:22:01.862766
SPNG,24.68,24.47,24.68,2303300.0,4000.0,3000.0,1058300.0,7900.0,,,,0,0,0,0,0,0,0,0,0,0,0,0,0,0,0,0,0,0,0,0,0,0,0,0,0,0,0,0,0,0,0,0,0,0,0,0,0,0,72,2026-02-05 22:22:02.901374
SMMR,25.48,25.46,25.47,1544500.0,5000.0,3000.0,1519800.0,3700.0,2200.0,2200.0,5000.0,0,0,0,0,0,0,0,0,0,0,0,0,0,0,0,0,0,0,0,0,0,0,0,0,0,0,0,0,0,0,0,0,0,0,0,0,0,0,72,2026-02-05 22:22:02.901374
ATMN,24.96,25.01,25.11,2309600.0,,3000.0,1616000.0,3000.0,,1100.0,4000.0,0,0,0,0,0,0,0,0,0,0,0,0,0,0,0,0,0,0,0,0,0,0,0,0,0,0,0,0,0,0,0,0,0,0,0,0,0,0,72,2026-02-05 22:22:02.901374
WNTR,24.26,24.22,24.23,1625000.0,,9000.0,1823400.0,3000.0,,1100.0,4000.0,0,0,0,0,0,0,0,0,0,0,0,0,0,0,0,0,0,0,0,0,0,0,0,0,0,0,0,0,0,0,0,0,0,0,0,0,0,0,72,2026-02-05 22:22:02.901374
SPNG,24.47,24.47,24.88,2642800.0,1082100.0,3000.0,,,0,0,0,0,0,0,0,0,0,0,0,0,0,0,0,0,0,0,0,0,0,0,0,0,0,0,0,0,0,0,0,0,0,0,0,0,0,0,0,0,0,73,2026-02-05 22:22:03.938114
SMMR,25.41,25.43,25.47,1749000.0,1710600.0,3700.0,3000.0,5000.0,0,0,0,0,0,0,0,0,0,0,0,0,0,0,0,0,0,0,0,0,0,0,0,0,0,0,0,0,0,0,0,0,0,0,0,0,0,0,0,0,0,73,2026-02-05 22:22:03.938114
ATMN,24.96,25.05,25.08,2308400.0,1616000.0,10100.0,3000.0,4000.0,0,0,0,0,0,0,0,0,0,0,0,0,0,0,0,0,0,0,0,0,0,0,0,0,0,0,0,0,0,0,0,0,0,0,0,0,0,0,0,0,0,73,2026-02-05 22:22:03.938114
WNTR,24.26,24.22,24.23,1723700.0,2006200.0,3000.0,9000.0,,0,0,0,0,0,0,0,0,0,0,0,0,0,0,0,0,0,0,0,0,0,0,0,0,0,0,0,0,0,0,0,0,0,0,0,0,0,0,0,0,0,73,2026-02-05 22:22:03.938114
SPNG,24.75,24.85,24.88,2401600.0,3000.0,1082100.0,1100.0,4900.0,,0,0,0,0,0,0,0,0,0,0,0,0,0,0,0,0,0,0,0,0,0,0,0,0,0,0,0,0,0,0,0,0,0,0,0,0,0,0,0,0,74,2026-02-05 22:22:04.975658
SMMR,25.52,25.52,25.53,1729800.0,6000.0,2006100.0,,,1100.0,0,0,0,0,0,0,0,0,0,0,0,0,0,0,0,0,0,0,0,0,0,0,0,0,0,0,0,0,0,0,0,0,0,0,0,0,0,0,0,0,74,2026-02-05 22:22:04.975658
ATMN,25.08,25.05,25.11,2300700.0,3000.0,1616000.0,1100.0,9000.0,,0,0,0,0,0,0,0,0,0,0,0,0,0,0,0,0,0,0,0,0,0,0,0,0,0,0,0,0,0,0,0,0,0,0,0,0,0,0,0,0,74,2026-02-05 22:22:04.975658
WNTR,24.26,24.22,24.23,1952500.0,9000.0,1898400.0,1100.0,3000.0,,0,0,0,0,0,0,0,0,0,0,0,0,0,0,0,0,0,0,0,0,0,0,0,0,0,0,0,0,0,0,0,0,0,0,0,0,0,0,0,0,74,2026-02-05 22:22:04.975658
SPNG,24.41,24.34,24.41,2513100.0,1299500.0,1100.0,4900.0,,,0,0,0,0,0,0,0,0,0,0,0,0,0,0,0,0,0,0,0,0,0,0,0,0,0,0,0,0,0,0,0,0,0,0,0,0,0,0,0,0,75,2026-02-05 22:22:06.013390
SMMR,25.52,25.52,25.53,1818000.0,1830200.0,,3000.0,8000.0,3860.0,0,0,0,0,0,0,0,0,0,0,0,0,0,0,0,0,0,0,0,0,0,0,0,0,0,0,0,0,0,0,0,0,0,0,0,0,0,0,0,0,75,2026-02-05 22:22:06.013390
ATMN,25.09,25.18,25.21,2167900.0,1633400.0,,3000.0,6000.0,,0,0,0,0,0,0,0,0,0,0,0,0,0,0,0,0,0,0,0,0,0,0,0,0,0,0,0,0,0,0,0,0,0,0,0,0,0,0,0,0,75,2026-02-05 22:22:06.013390
WNTR,24.2,24.2,24.23,2094400.0,2006200.0,,,3000.0,2000.0,0,0,0,0,0,0,0,0,0,0,0,0,0,0,0,0,0,0,0,0,0,0,0,0,0,0,0,0,0,0,0,0,0,0,0,0,0,0,0,0,75,2026-02-05 22:22:06.013390
SPNG,24.74,24.85,24.88,2206800.0,1100.0,3000.0,1190300.0,,,,0,0,0,0,0,0,0,0,0,0,0,0,0,0,0,0,0,0,0,0,0,0,0,0,0,0,0,0,0,0,0,0,0,0,0,0,0,0,0,76,2026-02-05 22:22:07.057214
SMMR,25.53,25.42,25.53,1713000.0,1100.0,8000.0,1815300.0,1100.0,3860.0,,0,0,0,0,0,0,0,0,0,0,0,0,0,0,0,0,0,0,0,0,0,0,0,0,0,0,0,0,0,0,0,0,0,0,0,0,0,0,0,76,2026-02-05 22:22:07.057214
ATMN,25.05,25.05,25.21,2446600.0,,,1633400.0,1100.0,6000.0,3000.0,0,0,0,0,0,0,0,0,0,0,0,0,0,0,0,0,0,0,0,0,0,0,0,0,0,0,0,0,0,0,0,0,0,0,0,0,0,0,0,76,2026-02-05 22:22:07.057214
WNTR,24.18,24.18,24.23,2077900.0,,3000.0,1892800.0,1100.0,2000.0,,0,0,0,0,0,0,0,0,0,0,0,0,0,0,0,0,0,0,0,0,0,0,0,0,0,0,0,0,0,0,0,0,0,0,0,0,0,0,0,76,2026-02-05 22:22:07.057214
SPNG,24.85,24.59,24.83,7100.0,4000.0,2093600.0,1527700.0,1100.0,3000.0,,0,0,0,0,0,0,0,0,0,0,0,0,0,0,0,0,0,0,0,0,0,0,0,0,0,0,0,0,0,0,0,0,0,0,0,0,0,0,0,77,2026-02-05 22:22:08.102977
SMMR,25.41,25.49,25.56,3000.0,,1931500.0,1889100.0,,3000.0,,0,0,0,0,0,0,0,0,0,0,0,0,0,0,0,0,0,0,0,0,0,0,0,0,0,0,0,0,0,0,0,0,0,0,0,0,0,0,0,77,2026-02-05 22:22:08.102977
ATMN,25.56,25.18,25.56,6000.0,,2201100.0,1496600.0,,,,0,0,0,0,0,0,0,0,0,0,0,0,0,0,0,0,0,0,0,0,0,0,0,0,0,0,0,0,0,0,0,0,0,0,0,0,0,0,0,77,2026-02-05 22:22:08.102977
WNTR,24.3,24.18,24.22,3000.0,,2077900.0,1998200.0,,3000.0,1100.0,0,0,0,0,0,0,0,0,0,0,0,0,0,0,0,0,0,0,0,0,0,0,0,0,0,0,0,0,0,0,0,0,0,0,0,0,0,0,0,77,2026-02-05 22:22:08.102977
SPNG,24.83,24.57,24.83,7100.0,2209000.0,1649600.0,3000.0,,,0,0,0,0,0,0,0,0,0,0,0,0,0,0,0,0,0,0,0,0,0,0,0,0,0,0,0,0,0,0,0,0,0,0,0,0,0,0,0,0,78,2026-02-05 22:22:09.160808
SMMR,25.55,25.55,25.57,6000.0,1805300.0,1614500.0,3000.0,,,0,0,0,0,0,0,0,0,0,0,0,0,0,0,0,0,0,0,0,0,0,0,0,0,0,0,0,0,0,0,0,0,0,0,0,0,0,0,0,0,78,2026-02-05 22:22:09.160808
ATMN,25.47,25.05,25.27,3000.0,2304200.0,1727500.0,,1100.0,,0,0,0,0,0,0,0,0,0,0,0,0,0,0,0,0,0,0,0,0,0,0,0,0,0,0,0,0,0,0,0,0,0,0,0,0,0,0,0,0,78,2026-02-05 22:22:09.160808
WNTR,24.34,24.26,24.34,,2187500.0,1987200.0,,1100.0,1100.0,0,0,0,0,0,0,0,0,0,0,0,0,0,0,0,0,0,0,0,0,0,0,0,0,0,0,0,0,0,0,0,0,0,0,0,0,0,0,0,0,78,2026-02-05 22:22:09.160808
SPNG,24.53,24.57,24.77,7100.0,2209000.0,2700.0,1767500.0,1100.0,3000.0,,,0,0,0,0,0,0,0,0,0,0,0,0,0,0,0,0,0,0,0,0,0,0,0,0,0,0,0,0,0,0,0,0,0,0,0,0,0,0,79,2026-02-05 22:22:09.721735
SMMR,25.41,25.56,25.6,9000.0,1843100.0,,1521300.0,,3000.0,,,0,0,0,0,0,0,0,0,0,0,0,0,0,0,0,0,0,0,0,0,0,0,0,0,0,0,0,0,0,0,0,0,0,0,0,0,0,0,79,2026-02-05 22:22:09.721735
ATMN,25.27,25.12,25.27,,2418400.0,4000.0,1727500.0,,3000.0,,,0,0,0,0,0,0,0,0,0,0,0,0,0,0,0,0,0,0,0,0,0,0,0,0,0,0,0,0,0,0,0,0,0,0,0,0,0,0,79,2026-02-05 22:22:09.721735
WNTR,24.39,24.35,24.38,9000.0,1793600.0,,1960100.0,,3000.0,4000.0,1100.0,0,0,0,0,0,0,0,0,0,0,0,0,0,0,0,0,0,0,0,0,0,0,0,0,0,0,0,0,0,0,0,0,0,0,0,0,0,0,79,2026-02-05 22:22:09.721735
SPNG,24.99,24.74,24.99,6000.0,2209000.0,1747500.0,3000.0,,,,0,0,0,0,0,0,0,0,0,0,0,0,0,0,0,0,0,0,0,0,0,0,0,0,0,0,0,0,0,0,0,0,0,0,0,0,0,0,0,80,2026-02-05 22:22:10.772316
SMMR,25.6,25.62,25.64,3000.0,1812900.0,1418700.0,6000.0,4000.0,,,0,0,0,0,0,0,0,0,0,0,0,0,0,0,0,0,0,0,0,0,0,0,0,0,0,0,0,0,0,0,0,0,0,0,0,0,0,0,0,80,2026-02-05 22:22:10.772316
ATMN,25.05,25.44,25.56,3000.0,2203400.0,1595900.0,3000.0,4000.0,,,0,0,0,0,0,0,0,0,0,0,0,0,0,0,0,0,0,0,0,0,0,0,0,0,0,0,0,0,0,0,0,0,0,0,0,0,0,0,0,80,2026-02-05 22:22:10.772316
WNTR,24.26,24.32,24.43,,2135400.0,1874200.0,,,1100.0,1100.0,0,0,0,0,0,0,0,0,0,0,0,0,0,0,0,0,0,0,0,0,0,0,0,0,0,0,0,0,0,0,0,0,0,0,0,0,0,0,0,80,2026-02-05 22:22:10.772316
SPNG,24.77,24.59,24.77,4000.0,1100.0,1917000.0,4900.0,1944200.0,3000.0,,0,0,0,0,0,0,0,0,0,0,0,0,0,0,0,0,0,0,0,0,0,0,0,0,0,0,0,0,0,0,0,0,0,0,0,0,0,0,0,81,2026-02-05 22:22:11.823914
SMMR,25.59,25.59,25.66,4000.0,1100.0,1746300.0,3000.0,1418700.0,6000.0,,0,0,0,0,0,0,0,0,0,0,0,0,0,0,0,0,0,0,0,0,0,0,0,0,0,0,0,0,0,0,0,0,0,0,0,0,0,0,0,81,2026-02-05 22:22:11.823914
ATMN,25.2,25.14,25.2,4000.0,,2305400.0,,1804300.0,,1100.0,0,0,0,0,0,0,0,0,0,0,0,0,0,0,0,0,0,0,0,0,0,0,0,0,0,0,0,0,0,0,0,0,0,0,0,0,0,0,0,81,2026-02-05 22:22:11.823914
WNTR,24.26,24.25,24.26,,,2175600.0,,1985300.0,,1100.0,0,0,0,0,0,0,0,0,0,0,0,0,0,0,0,0,0,0,0,0,0,0,0,0,0,0,0,0,0,0,0,0,0,0,0,0,0,0,0,81,2026-02-05 22:22:11.823914
SPNG,24.47,24.47,24.71,2578800.0,4000.0,1856900.0,1100.0,3000.0,,,,0,0,0,0,0,0,0,0,0,0,0,0,0,0,0,0,0,0,0,0,0,0,0,0,0,0,0,0,0,0,0,0,0,0,0,0,0,0,82,2026-02-05 22:22:12.886794
SMMR,25.56,25.56,25.57,1756700.0,,1514300.0,,3000.0,1100.0,3000.0,4000.0,0,0,0,0,0,0,0,0,0,0,0,0,0,0,0,0,0,0,0,0,0,0,0,0,0,0,0,0,0,0,0,0,0,0,0,0,0,0,82,2026-02-05 22:22:12.886794
ATMN,25.14,25.05,25.1,2439300.0,,2038900.0,1100.0,,,,,0,0,0,0,0,0,0,0,0,0,0,0,0,0,0,0,0,0,0,0,0,0,0,0,0,0,0,0,0,0,0,0,0,0,0,0,0,0,82,2026-02-05 22:22:12.886794
WNTR,24.49,24.27,24.49,2151500.0,,1751800.0,1100.0,,,,5000.0,0,0,0,0,0,0,0,0,0,0,0,0,0,0,0,0,0,0,0,0,0,0,0,0,0,0,0,0,0,0,0,0,0,0,0,0,0,0,82,2026-02-05 22:22:12.886794
SPNG,24.47,24.47,24.71,2326100.0,3000.0,4000.0,1856900.0,6000.0,,,0,0,0,0,0,0,0,0,0,0,0,0,0,0,0,0,0,0,0,0,0,0,0,0,0,0,0,0,0,0,0,0,0,0,0,0,0,0,0,83,2026-02-05 22:22:13.927088
SMMR,25.57,25.62,25.66,1851300.0,3000.0,,1524500.0,3000.0,4000.0,,0,0,0,0,0,0,0,0,0,0,0,0,0,0,0,0,0,0,0,0,0,0,0,0,0,0,0,0,0,0,0,0,0,0,0,0,0,0,0,83,2026-02-05 22:22:13.927088
ATMN,25.58,25.06,25.09,2225300.0,3000.0,4000.0,1703800.0,9000.0,4000.0,,0,0,0,0,0,0,0,0,0,0,0,0,0,0,0,0,0,0,0,0,0,0,0,0,0,0,0,0,0,0,0,0,0,0,0,0,0,0,0,83,2026-02-05 22:22:13.927088
WNTR,24.25,24.44,24.49,2056900.0,,,1751800.0,,5000.0,1100.0,0,0,0,0,0,0,0,0,0,0,0,0,0,0,0,0,0,0,0,0,0,0,0,0,0,0,0,0,0,0,0,0,0,0,0,0,0,0,0,83,2026-02-05 22:22:13.927088
SPNG,24.47,24.47,24.65,2280400.0,3000.0,1300.0,1862800.0,6000.0,,,,0,0,0,0,0,0,0,0,0,0,0,0,0,0,0,0,0,0,0,0,0,0,0,0,0,0,0,0,0,0,0,0,0,0,0,0,0,0,84,2026-02-05 22:22:14.973856
SMMR,25.57,25.56,25.61,1834600.0,3000.0,,1797100.0,5000.0,4000.0,,,0,0,0,0,0,0,0,0,0,0,0,0,0,0,0,0,0,0,0,0,0,0,0,0,0,0,0,0,0,0,0,0,0,0,0,0,0,0,84,2026-02-05 22:22:14.973856
ATMN,25.09,25.46,25.58,2017200.0,3000.0,,1823200.0,9000.0,4000.0,1100.0,1100.0,0,0,0,0,0,0,0,0,0,0,0,0,0,0,0,0,0,0,0,0,0,0,0,0,0,0,0,0,0,0,0,0,0,0,0,0,0,0,84,2026-02-05 22:22:14.973856
WNTR,24.44,24.44,24.47,2044400.0,3000.0,,1847800.0,,,1100.0,1100.0,0,0,0,0,0,0,0,0,0,0,0,0,0,0,0,0,0,0,0,0,0,0,0,0,0,0,0,0,0,0,0,0,0,0,0,0,0,0,84,2026-02-05 22:22:14.973856
SPNG,24.78,24.47,24.78,2170400.0,1100.0,3000.0,2083300.0,,,,0,0,0,0,0,0,0,0,0,0,0,0,0,0,0,0,0,0,0,0,0,0,0,0,0,0,0,0,0,0,0,0,0,0,0,0,0,0,0,85,2026-02-05 22:22:16.013376
SMMR,25.55,25.53,25.55,1828900.0,1100.0,3000.0,1647600.0,1100.0,4000.0,5000.0,0,0,0,0,0,0,0,0,0,0,0,0,0,0,0,0,0,0,0,0,0,0,0,0,0,0,0,0,0,0,0,0,0,0,0,0,0,0,0,85,2026-02-05 22:22:16.013376
ATMN,25.05,25.05,25.21,2331300.0,,3000.0,1811900.0,1100.0,,9000.0,0,0,0,0,0,0,0,0,0,0,0,0,0,0,0,0,0,0,0,0,0,0,0,0,0,0,0,0,0,0,0,0,0,0,0,0,0,0,0,85,2026-02-05 22:22:16.013376
WNTR,24.49,24.44,24.49,2044400.0,1100.0,3000.0,1763100.0,1100.0,,3000.0,0,0,0,0,0,0,0,0,0,0,0,0,0,0,0,0,0,0,0,0,0,0,0,0,0,0,0,0,0,0,0,0,0,0,0,0,0,0,0,85,2026-02-05 22:22:16.013376
SPNG,24.47,24.42,24.45,2474500.0,2077700.0,3000.0,,,,,,0,0,0,0,0,0,0,0,0,0,0,0,0,0,0,0,0,0,0,0,0,0,0,0,0,0,0,0,0,0,0,0,0,0,0,0,0,0,86,2026-02-05 22:22:17.061244
SMMR,25.55,25.53,25.54,1847000.0,1720900.0,5000.0,1100.0,3000.0,4000.0,,,0,0,0,0,0,0,0,0,0,0,0,0,0,0,0,0,0,0,0,0,0,0,0,0,0,0,0,0,0,0,0,0,0,0,0,0,0,0,86,2026-02-05 22:22:17.061244
ATMN,25.17,25.09,25.17,2189200.0,1725200.0,9000.0,,3000.0,4000.0,4000.0,1100.0,0,0,0,0,0,0,0,0,0,0,0,0,0,0,0,0,0,0,0,0,0,0,0,0,0,0,0,0,0,0,0,0,0,0,0,0,0,0,86,2026-02-05 22:22:17.061244
WNTR,24.49,24.44,24.49,2168700.0,1763100.0,,,3000.0,,,1100.0,0,0,0,0,0,0,0,0,0,0,0,0,0,0,0,0,0,0,0,0,0,0,0,0,0,0,0,0,0,0,0,0,0,0,0,0,0,0,86,2026-02-05 22:22:17.061244
SPNG,24.63,24.42,24.63,2067400.0,2200.0,3000.0,1972200.0,1100.0,3000.0,,,0,0,0,0,0,0,0,0,0,0,0,0,0,0,0,0,0,0,0,0,0,0,0,0,0,0,0,0,0,0,0,0,0,0,0,0,0,0,87,2026-02-05 22:22:18.115731
SMMR,25.55,25.53,25.55,1954300.0,1100.0,,1939700.0,,,4000.0,,0,0,0,0,0,0,0,0,0,0,0,0,0,0,0,0,0,0,0,0,0,0,0,0,0,0,0,0,0,0,0,0,0,0,0,0,0,0,87,2026-02-05 22:22:18.115731
ATMN,25.58,25.11,25.29,2302300.0,,,2017200.0,1100.0,,,4000.0,0,0,0,0,0,0,0,0,0,0,0,0,0,0,0,0,0,0,0,0,0,0,0,0,0,0,0,0,0,0,0,0,0,0,0,0,0,0,87,2026-02-05 22:22:18.115731
WNTR,24.49,24.29,24.49,2111400.0,,,1763100.0,1100.0,,,4000.0,0,0,0,0,0,0,0,0,0,0,0,0,0,0,0,0,0,0,0,0,0,0,0,0,0,0,0,0,0,0,0,0,0,0,0,0,0,0,87,2026-02-05 22:22:18.115731
SPNG,24.68,24.42,24.68,2397500.0,2183200.0,,,0,0,0,0,0,0,0,0,0,0,0,0,0,0,0,0,0,0,0,0,0,0,0,0,0,0,0,0,0,0,0,0,0,0,0,0,0,0,0,0,0,0,88,2026-02-05 22:22:19.160938
SMMR,25.61,25.62,25.63,1969200.0,1995500.0,5000.0,,0,0,0,0,0,0,0,0,0,0,0,0,0,0,0,0,0,0,0,0,0,0,0,0,0,0,0,0,0,0,0,0,0,0,0,0,0,0,0,0,0,0,88,2026-02-05 22:22:19.160938
ATMN,25.09,25.09,25.58,2331300.0,2036700.0,4000.0,1100.0,0,0,0,0,0,0,0,0,0,0,0,0,0,0,0,0,0,0,0,0,0,0,0,0,0,0,0,0,0,0,0,0,0,0,0,0,0,0,0,0,0,0,88,2026-02-05 22:22:19.160938
WNTR,24.41,24.34,24.41,2096700.0,1892400.0,4000.0,1100.0,0,0,0,0,0,0,0,0,0,0,0,0,0,0,0,0,0,0,0,0,0,0,0,0,0,0,0,0,0,0,0,0,0,0,0,0,0,0,0,0,0,0,88,2026-02-05 22:22:19.160938
SPNG,24.78,24.43,24.78,1100.0,3000.0,2180800.0,1971700.0,6000.0,,0,0,0,0,0,0,0,0,0,0,0,0,0,0,0,0,0,0,0,0,0,0,0,0,0,0,0,0,0,0,0,0,0,0,0,0,0,0,0,0,89,2026-02-05 22:22:19.770278
SMMR,25.54,25.54,25.61,,3000.0,1868100.0,1908500.0,3000.0,5000.0,0,0,0,0,0,0,0,0,0,0,0,0,0,0,0,0,0,0,0,0,0,0,0,0,0,0,0,0,0,0,0,0,0,0,0,0,0,0,0,0,89,2026-02-05 22:22:19.770278
ATMN,25.28,25.28,25.58,,,2291000.0,2150300.0,,4000.0,0,0,0,0,0,0,0,0,0,0,0,0,0,0,0,0,0,0,0,0,0,0,0,0,0,0,0,0,0,0,0,0,0,0,0,0,0,0,0,0,89,2026-02-05 22:22:19.770278
WNTR,24.36,24.36,24.41,1100.0,,2127800.0,1892400.0,,,0,0,0,0,0,0,0,0,0,0,0,0,0,0,0,0,0,0,0,0,0,0,0,0,0,0,0,0,0,0,0,0,0,0,0,0,0,0,0,0,89,2026-02-05 22:22:19.770278
SPNG,24.42,24.52,24.64,4000.0,2148300.0,3000.0,9000.0,1888800.0,4000.0,,,0,0,0,0,0,0,0,0,0,0,0,0,0,0,0,0,0,0,0,0,0,0,0,0,0,0,0,0,0,0,0,0,0,0,0,0,0,0,90,2026-02-05 22:22:20.885839
SMMR,25.47,25.49,25.51,,1851100.0,9000.0,3000.0,1894700.0,,,,0,0,0,0,0,0,0,0,0,0,0,0,0,0,0,0,0,0,0,0,0,0,0,0,0,0,0,0,0,0,0,0,0,0,0,0,0,0,90,2026-02-05 22:22:20.885839
ATMN,25.05,25.05,25.46,,2429800.0,,,2051700.0,4000.0,,,0,0,0,0,0,0,0,0,0,0,0,0,0,0,0,0,0,0,0,0,0,0,0,0,0,0,0,0,0,0,0,0,0,0,0,0,0,0,90,2026-02-05 22:22:20.885839
WNTR,24.51,24.31,24.41,,2109900.0,,,1635000.0,,1100.0,1100.0,0,0,0,0,0,0,0,0,0,0,0,0,0,0,0,0,0,0,0,0,0,0,0,0,0,0,0,0,0,0,0,0,0,0,0,0,0,0,90,2026-02-05 22:22:20.885839
SPNG,24.65,24.52,24.53,4000.0,6000.0,2020900.0,2018200.0,4000.0,3000.0,,,0,0,0,0,0,0,0,0,0,0,0,0,0,0,0,0,0,0,0,0,0,0,0,0,0,0,0,0,0,0,0,0,0,0,0,0,0,0,91,2026-02-05 22:22:21.955941
SMMR,25.66,25.62,25.66,,,1934400.0,1993300.0,,,1100.0,,0,0,0,0,0,0,0,0,0,0,0,0,0,0,0,0,0,0,0,0,0,0,0,0,0,0,0,0,0,0,0,0,0,0,0,0,0,0,91,2026-02-05 22:22:21.955941
ATMN,25.05,25.05,25.15,,,2439700.0,1980300.0,4000.0,,,1100.0,0,0,0,0,0,0,0,0,0,0,0,0,0,0,0,0,0,0,0,0,0,0,0,0,0,0,0,0,0,0,0,0,0,0,0,0,0,0,91,2026-02-05 22:22:21.955941
WNTR,24.61,24.61,24.82,4000.0,,1981500.0,1661000.0,,,1100.0,1100.0,0,0,0,0,0,0,0,0,0,0,0,0,0,0,0,0,0,0,0,0,0,0,0,0,0,0,0,0,0,0,0,0,0,0,0,0,0,0,91,2026-02-05 22:22:21.955941
SPNG,24.34,24.41,24.53,3000.0,2301100.0,2132400.0,4000.0,,,,0,0,0,0,0,0,0,0,0,0,0,0,0,0,0,0,0,0,0,0,0,0,0,0,0,0,0,0,0,0,0,0,0,0,0,0,0,0,0,92,2026-02-05 22:22:23.003980
SMMR,25.66,25.49,25.66,,2036000.0,1997100.0,,,,,0,0,0,0,0,0,0,0,0,0,0,0,0,0,0,0,0,0,0,0,0,0,0,0,0,0,0,0,0,0,0,0,0,0,0,0,0,0,0,92,2026-02-05 22:22:23.003980
ATMN,25.35,25.35,25.58,,2429400.0,2150300.0,,,,,0,0,0,0,0,0,0,0,0,0,0,0,0,0,0,0,0,0,0,0,0,0,0,0,0,0,0,0,0,0,0,0,0,0,0,0,0,0,0,92,2026-02-05 22:22:23.003980
WNTR,24.45,24.41,24.45,,2004800.0,1905600.0,,1100.0,4000.0,1100.0,0,0,0,0,0,0,0,0,0,0,0,0,0,0,0,0,0,0,0,0,0,0,0,0,0,0,0,0,0,0,0,0,0,0,0,0,0,0,0,92,2026-02-05 22:22:23.003980
SPNG,24.61,24.61,24.65,2084100.0,1100.0,3000.0,1903600.0,1100.0,6000.0,,,0,0,0,0,0,0,0,0,0,0,0,0,0,0,0,0,0,0,0,0,0,0,0,0,0,0,0,0,0,0,0,0,0,0,0,0,0,0,93,2026-02-05 22:22:24.070708
SMMR,25.6,25.6,25.66,1830700.0,1100.0,3000.0,1885200.0,1100.0,,,,0,0,0,0,0,0,0,0,0,0,0,0,0,0,0,0,0,0,0,0,0,0,0,0,0,0,0,0,0,0,0,0,0,0,0,0,0,0,93,2026-02-05 22:22:24.070708
ATMN,25.35,25.18,25.26,2414700.0,,,2124800.0,1100.0,,,,0,0,0,0,0,0,0,0,0,0,0,0,0,0,0,0,0,0,0,0,0,0,0,0,0,0,0,0,0,0,0,0,0,0,0,0,0,0,93,2026-02-05 22:22:24.070708
WNTR,24.55,24.55,24.59,2023600.0,1100.0,,1891900.0,1100.0,,4000.0,3100.0,0,0,0,0,0,0,0,0,0,0,0,0,0,0,0,0,0,0,0,0,0,0,0,0,0,0,0,0,0,0,0,0,0,0,0,0,0,0,93,2026-02-05 22:22:24.070708
SPNG,24.34,24.34,24.65,2094800.0,1100.0,3000.0,2243700.0,,,,0,0,0,0,0,0,0,0,0,0,0,0,0,0,0,0,0,0,0,0,0,0,0,0,0,0,0,0,0,0,0,0,0,0,0,0,0,0,0,94,2026-02-05 22:22:25.121367
SMMR,25.47,25.47,25.65,2062100.0,,,1903300.0,1100.0,,,0,0,0,0,0,0,0,0,0,0,0,0,0,0,0,0,0,0,0,0,0,0,0,0,0,0,0,0,0,0,0,0,0,0,0,0,0,0,0,94,2026-02-05 22:22:25.121367
ATMN,25.26,25.18,25.26,2283400.0,1100.0,,2023500.0,1100.0,4000.0,,0,0,0,0,0,0,0,0,0,0,0,0,0,0,0,0,0,0,0,0,0,0,0,0,0,0,0,0,0,0,0,0,0,0,0,0,0,0,0,94,2026-02-05 22:22:25.121367
WNTR,24.58,24.55,24.58,2023600.0,1100.0,,1962400.0,1100.0,,4000.0,0,0,0,0,0,0,0,0,0,0,0,0,0,0,0,0,0,0,0,0,0,0,0,0,0,0,0,0,0,0,0,0,0,0,0,0,0,0,0,94,2026-02-05 22:22:25.121367
SPNG,24.72,24.34,24.72,2184000.0,3000.0,2212400.0,,,,0,0,0,0,0,0,0,0,0,0,0,0,0,0,0,0,0,0,0,0,0,0,0,0,0,0,0,0,0,0,0,0,0,0,0,0,0,0,0,0,95,2026-02-05 22:22:26.166145
SMMR,25.44,25.47,25.58,1960400.0,,1836900.0,1100.0,1100.0,3000.0,0,0,0,0,0,0,0,0,0,0,0,0,0,0,0,0,0,0,0,0,0,0,0,0,0,0,0,0,0,0,0,0,0,0,0,0,0,0,0,0,95,2026-02-05 22:22:26.166145
ATMN,25.26,25.18,25.26,2194500.0,6600.0,2023500.0,,1100.0,3000.0,0,0,0,0,0,0,0,0,0,0,0,0,0,0,0,0,0,0,0,0,0,0,0,0,0,0,0,0,0,0,0,0,0,0,0,0,0,0,0,0,95,2026-02-05 22:22:26.166145
WNTR,24.58,24.41,24.58,2250600.0,,1752100.0,,1100.0,12000.0,0,0,0,0,0,0,0,0,0,0,0,0,0,0,0,0,0,0,0,0,0,0,0,0,0,0,0,0,0,0,0,0,0,0,0,0,0,0,0,0,95,2026-02-05 22:22:26.166145
SPNG,24.72,24.61,24.69,2200.0,6000.0,1802900.0,900.0,2200.0,1856200.0,3000.0,0,0,0,0,0,0,0,0,0,0,0,0,0,0,0,0,0,0,0,0,0,0,0,0,0,0,0,0,0,0,0,0,0,0,0,0,0,0,0,96,2026-02-05 22:22:27.210463
SMMR,25.45,25.44,25.45,2200.0,3000.0,1753400.0,,2200.0,1640600.0,6000.0,0,0,0,0,0,0,0,0,0,0,0,0,0,0,0,0,0,0,0,0,0,0,0,0,0,0,0,0,0,0,0,0,0,0,0,0,0,0,0,96,2026-02-05 22:22:27.210463
ATMN,25.26,25.18,25.24,,6600.0,2149900.0,4000.0,1100.0,1900900.0,3000.0,0,0,0,0,0,0,0,0,0,0,0,0,0,0,0,0,0,0,0,0,0,0,0,0,0,0,0,0,0,0,0,0,0,0,0,0,0,0,0,96,2026-02-05 22:22:27.210463
WNTR,24.41,24.41,24.51,,,2250600.0,,1100.0,1997300.0,,0,0,0,0,0,0,0,0,0,0,0,0,0,0,0,0,0,0,0,0,0,0,0,0,0,0,0,0,0,0,0,0,0,0,0,0,0,0,0,96,2026-02-05 22:22:27.210463
SPNG,24.81,24.64,24.69,3400.0,6000.0,1100.0,1768500.0,1100.0,2017200.0,3000.0,,0,0,0,0,0,0,0,0,0,0,0,0,0,0,0,0,0,0,0,0,0,0,0,0,0,0,0,0,0,0,0,0,0,0,0,0,0,0,97,2026-02-05 22:22:28.254562
SMMR,25.58,25.61,25.65,3000.0,6000.0,1100.0,1683000.0,,1990300.0,,,0,0,0,0,0,0,0,0,0,0,0,0,0,0,0,0,0,0,0,0,0,0,0,0,0,0,0,0,0,0,0,0,0,0,0,0,0,0,97,2026-02-05 22:22:28.254562
ATMN,25.58,25.2,25.58,4000.0,6600.0,,1980700.0,,2184500.0,,,0,0,0,0,0,0,0,0,0,0,0,0,0,0,0,0,0,0,0,0,0,0,0,0,0,0,0,0,0,0,0,0,0,0,0,0,0,0,97,2026-02-05 22:22:28.254562
WNTR,24.51,24.41,24.5,,,1100.0,2126800.0,1100.0,1922600.0,,3000.0,0,0,0,0,0,0,0,0,0,0,0,0,0,0,0,0,0,0,0,0,0,0,0,0,0,0,0,0,0,0,0,0,0,0,0,0,0,0,97,2026-02-05 22:22:28.254562
SPNG,24.34,24.34,24.68,2288700.0,6000.0,2017200.0,,,0,0,0,0,0,0,0,0,0,0,0,0,0,0,0,0,0,0,0,0,0,0,0,0,0,0,0,0,0,0,0,0,0,0,0,0,0,0,0,0,0,98,2026-02-05 22:22:28.799101
SMMR,25.54,25.49,25.51,1936700.0,3000.0,1916900.0,3000.0,,0,0,0,0,0,0,0,0,0,0,0,0,0,0,0,0,0,0,0,0,0,0,0,0,0,0,0,0,0,0,0,0,0,0,0,0,0,0,0,0,0,98,2026-02-05 22:22:28.799101
ATMN,25.58,25.49,25.58,1962400.0,3000.0,2074700.0,4000.0,9600.0,0,0,0,0,0,0,0,0,0,0,0,0,0,0,0,0,0,0,0,0,0,0,0,0,0,0,0,0,0,0,0,0,0,0,0,0,0,0,0,0,0,98,2026-02-05 22:22:28.799101
WNTR,24.36,24.44,24.5,2125500.0,,2119900.0,,3000.0,0,0,0,0,0,0,0,0,0,0,0,0,0,0,0,0,0,0,0,0,0,0,0,0,0,0,0,0,0,0,0,0,0,0,0,0,0,0,0,0,0,98,2026-02-05 22:22:28.799101
SPNG,24.7,24.7,24.81,2031800.0,6000.0,2261200.0,,,,0,0,0,0,0,0,0,0,0,0,0,0,0,0,0,0,0,0,0,0,0,0,0,0,0,0,0,0,0,0,0,0,0,0,0,0,0,0,0,0,99,2026-02-05 22:22:29.855806
SMMR,25.54,25.5,25.51,1835700.0,3000.0,1728100.0,3900.0,900.0,6000.0,0,0,0,0,0,0,0,0,0,0,0,0,0,0,0,0,0,0,0,0,0,0,0,0,0,0,0,0,0,0,0,0,0,0,0,0,0,0,0,0,99,2026-02-05 22:22:29.855806
ATMN,25.31,25.48,25.58,1926300.0,6000.0,2064500.0,4000.0,,3000.0,0,0,0,0,0,0,0,0,0,0,0,0,0,0,0,0,0,0,0,0,0,0,0,0,0,0,0,0,0,0,0,0,0,0,0,0,0,0,0,0,99,2026-02-05 22:22:29.855806
WNTR,24.36,24.39,24.48,2203100.0,,2050200.0,,4000.0,,0,0,0,0,0,0,0,0,0,0,0,0,0,0,0,0,0,0,0,0,0,0,0,0,0,0,0,0,0,0,0,0,0,0,0,0,0,0,0,0,99,2026-02-05 22:22:29.855806
SPNG,24.34,24.61,24.79,6000.0,2201800.0,1100.0,3000.0,2047700.0,,,,0,0,0,0,0,0,0,0,0,0,0,0,0,0,0,0,0,0,0,0,0,0,0,0,0,0,0,0,0,0,0,0,0,0,0,0,0,0,100,2026-02-05 22:22:30.905103
SMMR,25.51,25.52,25.55,3000.0,1852000.0,,6000.0,1820400.0,3900.0,,,0,0,0,0,0,0,0,0,0,0,0,0,0,0,0,0,0,0,0,0,0,0,0,0,0,0,0,0,0,0,0,0,0,0,0,0,0,0,100,2026-02-05 22:22:30.905103
ATMN,25.16,25.16,25.25,3000.0,2251500.0,,3000.0,1954700.0,,3160.0,,0,0,0,0,0,0,0,0,0,0,0,0,0,0,0,0,0,0,0,0,0,0,0,0,0,0,0,0,0,0,0,0,0,0,0,0,0,0,100,2026-02-05 22:22:30.905103
WNTR,24.51,24.39,24.51,,2127600.0,,,2129600.0,,,1100.0,0,0,0,0,0,0,0,0,0,0,0,0,0,0,0,0,0,0,0,0,0,0,0,0,0,0,0,0,0,0,0,0,0,0,0,0,0,0,100,2026-02-05 22:22:30.905103
SPNG,24.52,24.43,24.52,3000.0,2193200.0,2167900.0,4000.0,,,,0,0,0,0,0,0,0,0,0,0,0,0,0,0,0,0,0,0,0,0,0,0,0,0,0,0,0,0,0,0,0,0,0,0,0,0,0,0,0,101,2026-02-05 22:22:31.962865
SMMR,25.61,25.52,25.61,,1934600.0,2007200.0,,3900.0,,,0,0,0,0,0,0,0,0,0,0,0,0,0,0,0,0,0,0,0,0,0,0,0,0,0,0,0,0,0,0,0,0,0,0,0,0,0,0,0,101,2026-02-05 22:22:31.962865
ATMN,25.32,25.32,25.56,,2236100.0,2176600.0,,,1100.0,,0,0,0,0,0,0,0,0,0,0,0,0,0,0,0,0,0,0,0,0,0,0,0,0,0,0,0,0,0,0,0,0,0,0,0,0,0,0,0,101,2026-02-05 22:22:31.962865
WNTR,24.38,24.4,24.51,,2128000.0,2005000.0,,3160.0,,1100.0,0,0,0,0,0,0,0,0,0,0,0,0,0,0,0,0,0,0,0,0,0,0,0,0,0,0,0,0,0,0,0,0,0,0,0,0,0,0,0,101,2026-02-05 22:22:31.962865
SPNG,24.92,24.92,24.99,2301700.0,2230400.0,,,,,0,0,0,0,0,0,0,0,0,0,0,0,0,0,0,0,0,0,0,0,0,0,0,0,0,0,0,0,0,0,0,0,0,0,0,0,0,0,0,0,102,2026-02-05 22:22:33.018423
SMMR,25.62,25.64,25.65,1682200.0,2004100.0,2200.0,5000.0,,,0,0,0,0,0,0,0,0,0,0,0,0,0,0,0,0,0,0,0,0,0,0,0,0,0,0,0,0,0,0,0,0,0,0,0,0,0,0,0,0,102,2026-02-05 22:22:33.018423
ATMN,25.16,25.32,25.41,2239700.0,2099200.0,1100.0,,1100.0,,0,0,0,0,0,0,0,0,0,0,0,0,0,0,0,0,0,0,0,0,0,0,0,0,0,0,0,0,0,0,0,0,0,0,0,0,0,0,0,0,102,2026-02-05 22:22:33.018423
WNTR,24.38,24.38,24.43,2222400.0,2034100.0,,,,3460.0,0,0,0,0,0,0,0,0,0,0,0,0,0,0,0,0,0,0,0,0,0,0,0,0,0,0,0,0,0,0,0,0,0,0,0,0,0,0,0,0,102,2026-02-05 22:22:33.018423
SPNG,24.29,24.29,24.38,2222200.0,3000.0,3000.0,2143900.0,,,,0,0,0,0,0,0,0,0,0,0,0,0,0,0,0,0,0,0,0,0,0,0,0,0,0,0,0,0,0,0,0,0,0,0,0,0,0,0,0,103,2026-02-05 22:22:34.083003
SMMR,25.56,25.52,25.56,1934600.0,,3000.0,1902700.0,1100.0,,,0,0,0,0,0,0,0,0,0,0,0,0,0,0,0,0,0,0,0,0,0,0,0,0,0,0,0,0,0,0,0,0,0,0,0,0,0,0,0,103,2026-02-05 22:22:34.083003
ATMN,25.16,25.18,25.21,2340200.0,,,1986100.0,,1100.0,4000.0,0,0,0,0,0,0,0,0,0,0,0,0,0,0,0,0,0,0,0,0,0,0,0,0,0,0,0,0,0,0,0,0,0,0,0,0,0,0,0,103,2026-02-05 22:22:34.083003
WNTR,24.31,24.31,24.43,2207700.0,,,1920500.0,,1100.0,3460.0,0,0,0,0,0,0,0,0,0,0,0,0,0,0,0,0,0,0,0,0,0,0,0,0,0,0,0,0,0,0,0,0,0,0,0,0,0,0,0,103,2026-02-05 22:22:34.083003
SPNG,24.37,24.5,24.83,2202500.0,3000.0,4000.0,2143900.0,,,0,0,0,0,0,0,0,0,0,0,0,0,0,0,0,0,0,0,0,0,0,0,0,0,0,0,0,0,0,0,0,0,0,0,0,0,0,0,0,0,104,2026-02-05 22:22:35.135702
SMMR,25.51,25.53,25.56,1964500.0,,,1991600.0,2900.0,,0,0,0,0,0,0,0,0,0,0,0,0,0,0,0,0,0,0,0,0,0,0,0,0,0,0,0,0,0,0,0,0,0,0,0,0,0,0,0,0,104,2026-02-05 22:22:35.135702
ATMN,25.47,25.47,25.48,2336600.0,,,2230300.0,,,0,0,0,0,0,0,0,0,0,0,0,0,0,0,0,0,0,0,0,0,0,0,0,0,0,0,0,0,0,0,0,0,0,0,0,0,0,0,0,0,104,2026-02-05 22:22:35.135702
WNTR,24.4,24.31,24.33,2207700.0,,3460.0,1921800.0,,1100.0,0,0,0,0,0,0,0,0,0,0,0,0,0,0,0,0,0,0,0,0,0,0,0,0,0,0,0,0,0,0,0,0,0,0,0,0,0,0,0,0,104,2026-02-05 22:22:35.135702
SPNG,24.6,24.68,24.83,2111100.0,12000.0,4000.0,2148700.0,,,,,0,0,0,0,0,0,0,0,0,0,0,0,0,0,0,0,0,0,0,0,0,0,0,0,0,0,0,0,0,0,0,0,0,0,0,0,0,0,105,2026-02-05 22:22:36.225725
SMMR,25.54,25.53,25.55,1610800.0,6000.0,840.0,1801100.0,2900.0,1100.0,3000.0,,0,0,0,0,0,0,0,0,0,0,0,0,0,0,0,0,0,0,0,0,0,0,0,0,0,0,0,0,0,0,0,0,0,0,0,0,0,0,105,2026-02-05 22:22:36.225725
ATMN,25.18,25.18,25.43,2340200.0,,,2002400.0,,,3000.0,1100.0,0,0,0,0,0,0,0,0,0,0,0,0,0,0,0,0,0,0,0,0,0,0,0,0,0,0,0,0,0,0,0,0,0,0,0,0,0,0,105,2026-02-05 22:22:36.225725
WNTR,24.51,24.34,24.46,2084400.0,3000.0,,1820100.0,,,9000.0,1100.0,0,0,0,0,0,0,0,0,0,0,0,0,0,0,0,0,0,0,0,0,0,0,0,0,0,0,0,0,0,0,0,0,0,0,0,0,0,0,105,2026-02-05 22:22:36.225725
SPNG,24.72,24.68,24.7,1100.0,3500.0,1985600.0,2200.0,4000.0,3000.0,1828900.0,,0,0,0,0,0,0,0,0,0,0,0,0,0,0,0,0,0,0,0,0,0,0,0,0,0,0,0,0,0,0,0,0,0,0,0,0,0,0,106,2026-02-05 22:22:37.285682
SMMR,25.56,25.53,25.56,,6000.0,1729400.0,,,3000.0,1888400.0,2900.0,0,0,0,0,0,0,0,0,0,0,0,0,0,0,0,0,0,0,0,0,0,0,0,0,0,0,0,0,0,0,0,0,0,0,0,0,0,0,106,2026-02-05 22:22:37.285682
ATMN,25.26,25.18,25.26,,3000.0,2203000.0,,4840.0,6000.0,1908900.0,,0,0,0,0,0,0,0,0,0,0,0,0,0,0,0,0,0,0,0,0,0,0,0,0,0,0,0,0,0,0,0,0,0,0,0,0,0,0,106,2026-02-05 22:22:37.285682
WNTR,24.31,24.43,24.51,,3000.0,2079000.0,1100.0,,,2055100.0,,0,0,0,0,0,0,0,0,0,0,0,0,0,0,0,0,0,0,0,0,0,0,0,0,0,0,0,0,0,0,0,0,0,0,0,0,0,0,106,2026-02-05 22:22:37.285682
SPNG,24.62,24.26,24.36,2085100.0,3500.0,3000.0,4000.0,1100.0,1921000.0,,,0,0,0,0,0,0,0,0,0,0,0,0,0,0,0,0,0,0,0,0,0,0,0,0,0,0,0,0,0,0,0,0,0,0,0,0,0,0,107,2026-02-05 22:22:37.892213
SMMR,25.56,25.53,25.56,1592900.0,3000.0,,,1100.0,1883500.0,2900.0,2200.0,0,0,0,0,0,0,0,0,0,0,0,0,0,0,0,0,0,0,0,0,0,0,0,0,0,0,0,0,0,0,0,0,0,0,0,0,0,0,107,2026-02-05 22:22:37.892213
ATMN,25.26,25.3,25.34,2067400.0,,,4840.0,1100.0,2002400.0,160.0,1100.0,0,0,0,0,0,0,0,0,0,0,0,0,0,0,0,0,0,0,0,0,0,0,0,0,0,0,0,0,0,0,0,0,0,0,0,0,0,0,107,2026-02-05 22:22:37.892213
WNTR,24.43,24.32,24.37,2085300.0,,,,1100.0,2055100.0,160.0,,0,0,0,0,0,0,0,0,0,0,0,0,0,0,0,0,0,0,0,0,0,0,0,0,0,0,0,0,0,0,0,0,0,0,0,0,0,0,107,2026-02-05 22:22:37.892213
SPNG,24.46,24.49,24.86,2084200.0,3000.0,3060.0,2254000.0,,,,0,0,0,0,0,0,0,0,0,0,0,0,0,0,0,0,0,0,0,0,0,0,0,0,0,0,0,0,0,0,0,0,0,0,0,0,0,0,0,108,2026-02-05 22:22:39.054882
SMMR,25.62,25.52,25.55,1971700.0,,,1897700.0,1100.0,1100.0,,0,0,0,0,0,0,0,0,0,0,0,0,0,0,0,0,0,0,0,0,0,0,0,0,0,0,0,0,0,0,0,0,0,0,0,0,0,0,0,108,2026-02-05 22:22:39.054882
ATMN,25.16,25.19,25.3,2201400.0,3000.0,,2012900.0,,,4400.0,0,0,0,0,0,0,0,0,0,0,0,0,0,0,0,0,0,0,0,0,0,0,0,0,0,0,0,0,0,0,0,0,0,0,0,0,0,0,0,108,2026-02-05 22:22:39.054882
WNTR,24.3,24.25,24.3,2085300.0,,,2181100.0,1100.0,,,0,0,0,0,0,0,0,0,0,0,0,0,0,0,0,0,0,0,0,0,0,0,0,0,0,0,0,0,0,0,0,0,0,0,0,0,0,0,0,108,2026-02-05 22:22:39.054882
SPNG,24.59,24.89,24.99,9500.0,1926300.0,3060.0,2157300.0,3000.0,,0,0,0,0,0,0,0,0,0,0,0,0,0,0,0,0,0,0,0,0,0,0,0,0,0,0,0,0,0,0,0,0,0,0,0,0,0,0,0,0,109,2026-02-05 22:22:40.244749
SMMR,25.54,25.54,25.69,,2036000.0,,1991600.0,,,0,0,0,0,0,0,0,0,0,0,0,0,0,0,0,0,0,0,0,0,0,0,0,0,0,0,0,0,0,0,0,0,0,0,0,0,0,0,0,0,109,2026-02-05 22:22:40.244749
ATMN,25.48,25.13,25.3,3000.0,2238300.0,,2151500.0,,1100.0,0,0,0,0,0,0,0,0,0,0,0,0,0,0,0,0,0,0,0,0,0,0,0,0,0,0,0,0,0,0,0,0,0,0,0,0,0,0,0,0,109,2026-02-05 22:22:40.244749
WNTR,24.3,24.3,24.52,,2048500.0,4000.0,2155500.0,,,0,0,0,0,0,0,0,0,0,0,0,0,0,0,0,0,0,0,0,0,0,0,0,0,0,0,0,0,0,0,0,0,0,0,0,0,0,0,0,0,109,2026-02-05 22:22:40.244749
SPNG,24.55,24.55,24.65,2195800.0,3000.0,6000.0,2015700.0,,,,0,0,0,0,0,0,0,0,0,0,0,0,0,0,0,0,0,0,0,0,0,0,0,0,0,0,0,0,0,0,0,0,0,0,0,0,0,0,0,110,2026-02-05 22:22:41.337800
SMMR,25.65,25.62,25.66,1687500.0,4100.0,3000.0,1908500.0,1100.0,,,0,0,0,0,0,0,0,0,0,0,0,0,0,0,0,0,0,0,0,0,0,0,0,0,0,0,0,0,0,0,0,0,0,0,0,0,0,0,0,110,2026-02-05 22:22:41.337800
ATMN,25.4,25.25,25.26,2073300.0,3000.0,4400.0,1894000.0,,4000.0,1100.0,0,0,0,0,0,0,0,0,0,0,0,0,0,0,0,0,0,0,0,0,0,0,0,0,0,0,0,0,0,0,0,0,0,0,0,0,0,0,0,110,2026-02-05 22:22:41.337800
WNTR,24.42,24.26,24.27,1783100.0,6000.0,3000.0,2088200.0,1100.0,4000.0,,0,0,0,0,0,0,0,0,0,0,0,0,0,0,0,0,0,0,0,0,0,0,0,0,0,0,0,0,0,0,0,0,0,0,0,0,0,0,0,110,2026-02-05 22:22:41.337800
SPNG,25.01,24.56,24.74,3000.0,2200.0,1981400.0,7040.0,1100.0,3920.0,1798400.0,,0,0,0,0,0,0,0,0,0,0,0,0,0,0,0,0,0,0,0,0,0,0,0,0,0,0,0,0,0,0,0,0,0,0,0,0,0,0,111,2026-02-05 22:22:42.043230
SMMR,25.62,25.64,25.65,3000.0,1100.0,1782600.0,3000.0,1100.0,,1797500.0,,0,0,0,0,0,0,0,0,0,0,0,0,0,0,0,0,0,0,0,0,0,0,0,0,0,0,0,0,0,0,0,0,0,0,0,0,0,0,111,2026-02-05 22:22:42.043230
ATMN,25.26,25.25,25.26,,,2185600.0,7400.0,1100.0,,1894000.0,4000.0,0,0,0,0,0,0,0,0,0,0,0,0,0,0,0,0,0,0,0,0,0,0,0,0,0,0,0,0,0,0,0,0,0,0,0,0,0,0,111,2026-02-05 22:22:42.043230
WNTR,24.21,24.27,24.33,4900.0,,1980900.0,3000.0,1100.0,,2004300.0,,0,0,0,0,0,0,0,0,0,0,0,0,0,0,0,0,0,0,0,0,0,0,0,0,0,0,0,0,0,0,0,0,0,0,0,0,0,0,111,2026-02-05 22:22:42.043230
SPNG,24.83,24.73,24.83,3000.0,2230600.0,2045900.0,6000.0,,0,0,0,0,0,0,0,0,0,0,0,0,0,0,0,0,0,0,0,0,0,0,0,0,0,0,0,0,0,0,0,0,0,0,0,0,0,0,0,0,0,112,2026-02-05 22:22:43.100518
SMMR,25.62,25.64,25.65,3000.0,1782600.0,1895500.0,3000.0,4000.0,0,0,0,0,0,0,0,0,0,0,0,0,0,0,0,0,0,0,0,0,0,0,0,0,0,0,0,0,0,0,0,0,0,0,0,0,0,0,0,0,0,112,2026-02-05 22:22:43.100518
ATMN,25.26,25.19,25.26,3000.0,2185600.0,1990600.0,10400.0,,0,0,0,0,0,0,0,0,0,0,0,0,0,0,0,0,0,0,0,0,0,0,0,0,0,0,0,0,0,0,0,0,0,0,0,0,0,0,0,0,0,112,2026-02-05 22:22:43.100518
WNTR,24.52,24.27,24.52,,2208400.0,2155500.0,,,0,0,0,0,0,0,0,0,0,0,0,0,0,0,0,0,0,0,0,0,0,0,0,0,0,0,0,0,0,0,0,0,0,0,0,0,0,0,0,0,0,112,2026-02-05 22:22:43.100518
SPNG,24.6,24.64,24.74,3000.0,2189900.0,3920.0,1935500.0,12000.0,,,0,0,0,0,0,0,0,0,0,0,0,0,0,0,0,0,0,0,0,0,0,0,0,0,0,0,0,0,0,0,0,0,0,0,0,0,0,0,0,113,2026-02-05 22:22:44.156728
SMMR,25.51,25.51,25.57,3000.0,1968700.0,,1878300.0,3000.0,,,0,0,0,0,0,0,0,0,0,0,0,0,0,0,0,0,0,0,0,0,0,0,0,0,0,0,0,0,0,0,0,0,0,0,0,0,0,0,0,113,2026-02-05 22:22:44.156728
ATMN,25.07,25.07,25.56,,2352800.0,,2246700.0,,,,0,0,0,0,0,0,0,0,0,0,0,0,0,0,0,0,0,0,0,0,0,0,0,0,0,0,0,0,0,0,0,0,0,0,0,0,0,0,0,113,2026-02-05 22:22:44.156728
WNTR,24.52,24.46,24.52,,2104200.0,,2072800.0,,1100.0,1100.0,0,0,0,0,0,0,0,0,0,0,0,0,0,0,0,0,0,0,0,0,0,0,0,0,0,0,0,0,0,0,0,0,0,0,0,0,0,0,0,113,2026-02-05 22:22:44.156728
SPNG,24.6,24.6,24.65,2180100.0,3000.0,3520.0,1908200.0,9000.0,0,0,0,0,0,0,0,0,0,0,0,0,0,0,0,0,0,0,0,0,0,0,0,0,0,0,0,0,0,0,0,0,0,0,0,0,0,0,0,0,0,114,2026-02-05 22:22:45.216274
SMMR,25.49,25.66,25.69,1943700.0,3000.0,,2017100.0,,0,0,0,0,0,0,0,0,0,0,0,0,0,0,0,0,0,0,0,0,0,0,0,0,0,0,0,0,0,0,0,0,0,0,0,0,0,0,0,0,0,114,2026-02-05 22:22:45.216274
ATMN,25.05,25.05,25.56,2372800.0,,,2246700.0,,0,0,0,0,0,0,0,0,0,0,0,0,0,0,0,0,0,0,0,0,0,0,0,0,0,0,0,0,0,0,0,0,0,0,0,0,0,0,0,0,0,114,2026-02-05 22:22:45.216274
WNTR,24.44,24.27,24.4,2208500.0,,,2237600.0,,0,0,0,0,0,0,0,0,0,0,0,0,0,0,0,0,0,0,0,0,0,0,0,0,0,0,0,0,0,0,0,0,0,0,0,0,0,0,0,0,0,114,2026-02-05 22:22:45.216274
SPNG,24.6,24.6,24.61,1980900.0,2200.0,3000.0,3520.0,2200.0,1804300.0,3000.0,0,0,0,0,0,0,0,0,0,0,0,0,0,0,0,0,0,0,0,0,0,0,0,0,0,0,0,0,0,0,0,0,0,0,0,0,0,0,0,115,2026-02-05 22:22:46.267698
SMMR,25.66,25.49,25.52,1943700.0,1100.0,,,2200.0,1750800.0,,0,0,0,0,0,0,0,0,0,0,0,0,0,0,0,0,0,0,0,0,0,0,0,0,0,0,0,0,0,0,0,0,0,0,0,0,0,0,0,115,2026-02-05 22:22:46.267698
ATMN,25.59,25.29,25.59,2205200.0,1100.0,,,,2236000.0,,0,0,0,0,0,0,0,0,0,0,0,0,0,0,0,0,0,0,0,0,0,0,0,0,0,0,0,0,0,0,0,0,0,0,0,0,0,0,0,115,2026-02-05 22:22:46.267698
WNTR,24.33,24.27,24.33,2106600.0,1100.0,,,1100.0,2168800.0,,0,0,0,0,0,0,0,0,0,0,0,0,0,0,0,0,0,0,0,0,0,0,0,0,0,0,0,0,0,0,0,0,0,0,0,0,0,0,0,115,2026-02-05 22:22:46.267698
SPNG,24.6,24.6,24.61,2086300.0,1100.0,3000.0,3520.0,1100.0,1804300.0,9000.0,0,0,0,0,0,0,0,0,0,0,0,0,0,0,0,0,0,0,0,0,0,0,0,0,0,0,0,0,0,0,0,0,0,0,0,0,0,0,0,116,2026-02-05 22:22:47.333973
SMMR,25.48,25.49,25.52,1943300.0,1100.0,,,1100.0,1663200.0,6000.0,0,0,0,0,0,0,0,0,0,0,0,0,0,0,0,0,0,0,0,0,0,0,0,0,0,0,0,0,0,0,0,0,0,0,0,0,0,0,0,116,2026-02-05 22:22:47.333973
ATMN,25.05,25.04,25.05,2365900.0,,,,1100.0,2026300.0,3000.0,0,0,0,0,0,0,0,0,0,0,0,0,0,0,0,0,0,0,0,0,0,0,0,0,0,0,0,0,0,0,0,0,0,0,0,0,0,0,0,116,2026-02-05 22:22:47.333973
WNTR,24.22,24.27,24.33,2109000.0,,3000.0,,1100.0,1936700.0,9000.0,0,0,0,0,0,0,0,0,0,0,0,0,0,0,0,0,0,0,0,0,0,0,0,0,0,0,0,0,0,0,0,0,0,0,0,0,0,0,0,116,2026-02-05 22:22:47.333973
SPNG,24.6,24.6,24.61,2205400.0,3000.0,2039500.0,9000.0,,,0,0,0,0,0,0,0,0,0,0,0,0,0,0,0,0,0,0,0,0,0,0,0,0,0,0,0,0,0,0,0,0,0,0,0,0,0,0,0,0,117,2026-02-05 22:22:47.916262
SMMR,25.44,25.44,25.49,1941200.0,3000.0,1776600.0,9000.0,,,0,0,0,0,0,0,0,0,0,0,0,0,0,0,0,0,0,0,0,0,0,0,0,0,0,0,0,0,0,0,0,0,0,0,0,0,0,0,0,0,117,2026-02-05 22:22:47.916262
ATMN,25.06,25.06,25.45,2213000.0,3000.0,2270000.0,,,,0,0,0,0,0,0,0,0,0,0,0,0,0,0,0,0,0,0,0,0,0,0,0,0,0,0,0,0,0,0,0,0,0,0,0,0,0,0,0,0,117,2026-02-05 22:22:47.916262
WNTR,24.22,24.21,24.28,2109000.0,,2150900.0,,1100.0,1100.0,0,0,0,0,0,0,0,0,0,0,0,0,0,0,0,0,0,0,0,0,0,0,0,0,0,0,0,0,0,0,0,0,0,0,0,0,0,0,0,0,117,2026-02-05 22:22:47.916262
SPNG,24.61,24.64,24.66,2327200.0,2228000.0,,0,0,0,0,0,0,0,0,0,0,0,0,0,0,0,0,0,0,0,0,0,0,0,0,0,0,0,0,0,0,0,0,0,0,0,0,0,0,0,0,0,0,0,118,2026-02-05 22:22:48.989474
SMMR,25.52,25.44,25.52,2055700.0,1963800.0,,0,0,0,0,0,0,0,0,0,0,0,0,0,0,0,0,0,0,0,0,0,0,0,0,0,0,0,0,0,0,0,0,0,0,0,0,0,0,0,0,0,0,0,118,2026-02-05 22:22:48.989474
ATMN,25.06,25.06,25.08,2213000.0,2238800.0,1100.0,0,0,0,0,0,0,0,0,0,0,0,0,0,0,0,0,0,0,0,0,0,0,0,0,0,0,0,0,0,0,0,0,0,0,0,0,0,0,0,0,0,0,0,118,2026-02-05 22:22:48.989474
WNTR,24.33,24.38,24.4,2115200.0,2235300.0,1100.0,0,0,0,0,0,0,0,0,0,0,0,0,0,0,0,0,0,0,0,0,0,0,0,0,0,0,0,0,0,0,0,0,0,0,0,0,0,0,0,0,0,0,0,118,2026-02-05 22:22:48.989474
SPNG,24.6,24.55,24.56,2343400.0,2261300.0,0,0,0,0,0,0,0,0,0,0,0,0,0,0,0,0,0,0,0,0,0,0,0,0,0,0,0,0,0,0,0,0,0,0,0,0,0,0,0,0,0,0,0,0,119,2026-02-05 22:22:50.096717
SMMR,25.52,25.44,25.52,2049700.0,1963800.0,0,0,0,0,0,0,0,0,0,0,0,0,0,0,0,0,0,0,0,0,0,0,0,0,0,0,0,0,0,0,0,0,0,0,0,0,0,0,0,0,0,0,0,0,119,2026-02-05 22:22:50.096717
ATMN,25.06,25.06,25.08,2315100.0,2238800.0,0,0,0,0,0,0,0,0,0,0,0,0,0,0,0,0,0,0,0,0,0,0,0,0,0,0,0,0,0,0,0,0,0,0,0,0,0,0,0,0,0,0,0,0,119,2026-02-05 22:22:50.096717
WNTR,24.38,24.38,24.39,2218900.0,2215800.0,0,0,0,0,0,0,0,0,0,0,0,0,0,0,0,0,0,0,0,0,0,0,0,0,0,0,0,0,0,0,0,0,0,0,0,0,0,0,0,0,0,0,0,0,119,2026-02-05 22:22:50.096717
SPNG,26.45,26.45,26.52,911400.0,692600.0,0,0,0,0,0,0,0,0,0,0,0,0,0,0,0,0,0,0,0,0,0,0,0,0,0,0,0,0,0,0,0,0,0,0,0,0,0,0,0,0,0,0,0,0,120,2026-02-05 22:22:51.193942
SMMR,26.53,26.53,26.56,709400.0,541300.0,0,0,0,0,0,0,0,0,0,0,0,0,0,0,0,0,0,0,0,0,0,0,0,0,0,0,0,0,0,0,0,0,0,0,0,0,0,0,0,0,0,0,0,0,120,2026-02-05 22:22:51.193942
ATMN,25.04,25.24,25.5,886200.0,827800.0,0,0,0,0,0,0,0,0,0,0,0,0,0,0,0,0,0,0,0,0,0,0,0,0,0,0,0,0,0,0,0,0,0,0,0,0,0,0,0,0,0,0,0,0,120,2026-02-05 22:22:51.193942
WNTR,25.19,24.84,24.9,663500.0,670300.0,0,0,0,0,0,0,0,0,0,0,0,0,0,0,0,0,0,0,0,0,0,0,0,0,0,0,0,0,0,0,0,0,0,0,0,0,0,0,0,0,0,0,0,0,120,2026-02-05 22:22:51.193942
SPNG,25.94,26.05,26.52,1259800.0,769800.0,0,0,0,0,0,0,0,0,0,0,0,0,0,0,0,0,0,0,0,0,0,0,0,0,0,0,0,0,0,0,0,0,0,0,0,0,0,0,0,0,0,0,0,0,121,2026-02-05 22:22:52.305967
SMMR,26.66,26.53,26.66,916300.0,758800.0,0,0,0,0,0,0,0,0,0,0,0,0,0,0,0,0,0,0,0,0,0,0,0,0,0,0,0,0,0,0,0,0,0,0,0,0,0,0,0,0,0,0,0,0,121,2026-02-05 22:22:52.305967
ATMN,25.04,25.24,25.39,886200.0,1205000.0,0,0,0,0,0,0,0,0,0,0,0,0,0,0,0,0,0,0,0,0,0,0,0,0,0,0,0,0,0,0,0,0,0,0,0,0,0,0,0,0,0,0,0,0,121,2026-02-05 22:22:52.305967
WNTR,24.9,24.96,25.05,1089600.0,772500.0,0,0,0,0,0,0,0,0,0,0,0,0,0,0,0,0,0,0,0,0,0,0,0,0,0,0,0,0,0,0,0,0,0,0,0,0,0,0,0,0,0,0,0,0,121,2026-02-05 22:22:52.305967
SPNG,26.79,26.05,26.73,1386700.0,897100.0,0,0,0,0,0,0,0,0,0,0,0,0,0,0,0,0,0,0,0,0,0,0,0,0,0,0,0,0,0,0,0,0,0,0,0,0,0,0,0,0,0,0,0,0,122,2026-02-05 22:22:53.367553
SMMR,27.0,26.52,26.96,926200.0,738100.0,0,0,0,0,0,0,0,0,0,0,0,0,0,0,0,0,0,0,0,0,0,0,0,0,0,0,0,0,0,0,0,0,0,0,0,0,0,0,0,0,0,0,0,0,122,2026-02-05 22:22:53.367553
ATMN,25.39,25.24,25.39,1040500.0,1205000.0,0,0,0,0,0,0,0,0,0,0,0,0,0,0,0,0,0,0,0,0,0,0,0,0,0,0,0,0,0,0,0,0,0,0,0,0,0,0,0,0,0,0,0,0,122,2026-02-05 22:22:53.367553
WNTR,25.06,24.96,25.06,1182700.0,777900.0,0,0,0,0,0,0,0,0,0,0,0,0,0,0,0,0,0,0,0,0,0,0,0,0,0,0,0,0,0,0,0,0,0,0,0,0,0,0,0,0,0,0,0,0,122,2026-02-05 22:22:53.367553
SPNG,26.73,26.01,26.73,1375700.0,897100.0,0,0,0,0,0,0,0,0,0,0,0,0,0,0,0,0,0,0,0,0,0,0,0,0,0,0,0,0,0,0,0,0,0,0,0,0,0,0,0,0,0,0,0,0,123,2026-02-05 22:22:53.970825
SMMR,26.47,26.47,26.88,817000.0,830000.0,0,0,0,0,0,0,0,0,0,0,0,0,0,0,0,0,0,0,0,0,0,0,0,0,0,0,0,0,0,0,0,0,0,0,0,0,0,0,0,0,0,0,0,0,123,2026-02-05 22:22:53.970825
ATMN,25.09,25.09,25.16,940500.0,1307300.0,0,0,0,0,0,0,0,0,0,0,0,0,0,0,0,0,0,0,0,0,0,0,0,0,0,0,0,0,0,0,0,0,0,0,0,0,0,0,0,0,0,0,0,0,123,2026-02-05 22:22:53.970825
WNTR,25.06,25.01,25.06,1378400.0,777900.0,0,0,0,0,0,0,0,0,0,0,0,0,0,0,0,0,0,0,0,0,0,0,0,0,0,0,0,0,0,0,0,0,0,0,0,0,0,0,0,0,0,0,0,0,123,2026-02-05 22:22:53.970825
SPNG,26.73,26.49,26.56,3000.0,1373500.0,988500.0,,,0,0,0,0,0,0,0,0,0,0,0,0,0,0,0,0,0,0,0,0,0,0,0,0,0,0,0,0,0,0,0,0,0,0,0,0,0,0,0,0,0,124,2026-02-05 22:22:55.036847
SMMR,26.54,26.54,26.74,,930300.0,1002300.0,4000.0,,0,0,0,0,0,0,0,0,0,0,0,0,0,0,0,0,0,0,0,0,0,0,0,0,0,0,0,0,0,0,0,0,0,0,0,0,0,0,0,0,0,124,2026-02-05 22:22:55.036847
ATMN,25.09,24.89,25.09,,1043400.0,1334600.0,,1100.0,0,0,0,0,0,0,0,0,0,0,0,0,0,0,0,0,0,0,0,0,0,0,0,0,0,0,0,0,0,0,0,0,0,0,0,0,0,0,0,0,0,124,2026-02-05 22:22:55.036847
WNTR,24.96,24.96,25.67,,1276100.0,757300.0,,,0,0,0,0,0,0,0,0,0,0,0,0,0,0,0,0,0,0,0,0,0,0,0,0,0,0,0,0,0,0,0,0,0,0,0,0,0,0,0,0,0,124,2026-02-05 22:22:55.036847
SPNG,26.51,26.51,26.56,4000.0,1100.0,3000.0,1373500.0,1099700.0,3000.0,,0,0,0,0,0,0,0,0,0,0,0,0,0,0,0,0,0,0,0,0,0,0,0,0,0,0,0,0,0,0,0,0,0,0,0,0,0,0,0,125,2026-02-05 22:22:56.096478
SMMR,26.49,26.49,26.57,,,3000.0,930300.0,1311100.0,3000.0,,0,0,0,0,0,0,0,0,0,0,0,0,0,0,0,0,0,0,0,0,0,0,0,0,0,0,0,0,0,0,0,0,0,0,0,0,0,0,0,125,2026-02-05 22:22:56.096478
ATMN,25.14,25.26,25.39,4000.0,1100.0,3000.0,1437200.0,1205000.0,,,0,0,0,0,0,0,0,0,0,0,0,0,0,0,0,0,0,0,0,0,0,0,0,0,0,0,0,0,0,0,0,0,0,0,0,0,0,0,0,125,2026-02-05 22:22:56.096478
WNTR,25.08,25.53,25.67,,,3000.0,1384500.0,757300.0,3000.0,1100.0,0,0,0,0,0,0,0,0,0,0,0,0,0,0,0,0,0,0,0,0,0,0,0,0,0,0,0,0,0,0,0,0,0,0,0,0,0,0,0,125,2026-02-05 22:22:56.096478
SPNG,26.34,26.44,26.56,1618000.0,3000.0,1099700.0,3000.0,,,0,0,0,0,0,0,0,0,0,0,0,0,0,0,0,0,0,0,0,0,0,0,0,0,0,0,0,0,0,0,0,0,0,0,0,0,0,0,0,0,126,2026-02-05 22:22:57.153482
SMMR,26.49,26.49,26.51,930300.0,6000.0,1371300.0,3000.0,4000.0,,0,0,0,0,0,0,0,0,0,0,0,0,0,0,0,0,0,0,0,0,0,0,0,0,0,0,0,0,0,0,0,0,0,0,0,0,0,0,0,0,126,2026-02-05 22:22:57.153482
ATMN,25.5,25.45,25.5,1304900.0,9000.0,1201300.0,3000.0,,4000.0,0,0,0,0,0,0,0,0,0,0,0,0,0,0,0,0,0,0,0,0,0,0,0,0,0,0,0,0,0,0,0,0,0,0,0,0,0,0,0,0,126,2026-02-05 22:22:57.153482
WNTR,25.14,25.14,25.67,1398500.0,3000.0,842100.0,,,,0,0,0,0,0,0,0,0,0,0,0,0,0,0,0,0,0,0,0,0,0,0,0,0,0,0,0,0,0,0,0,0,0,0,0,0,0,0,0,0,126,2026-02-05 22:22:57.153482
SPNG,26.44,26.47,26.55,4000.0,1729200.0,3000.0,3000.0,1099700.0,,,0,0,0,0,0,0,0,0,0,0,0,0,0,0,0,0,0,0,0,0,0,0,0,0,0,0,0,0,0,0,0,0,0,0,0,0,0,0,0,127,2026-02-05 22:22:58.210185
SMMR,26.19,25.91,26.19,,800100.0,,3000.0,1381700.0,,,0,0,0,0,0,0,0,0,0,0,0,0,0,0,0,0,0,0,0,0,0,0,0,0,0,0,0,0,0,0,0,0,0,0,0,0,0,0,0,127,2026-02-05 22:22:58.210185
ATMN,25.43,25.43,25.47,4000.0,1439100.0,3000.0,3000.0,1288600.0,,,0,0,0,0,0,0,0,0,0,0,0,0,0,0,0,0,0,0,0,0,0,0,0,0,0,0,0,0,0,0,0,0,0,0,0,0,0,0,0,127,2026-02-05 22:22:58.210185
WNTR,25.14,25.14,25.39,,1398500.0,,,1111300.0,1100.0,1100.0,0,0,0,0,0,0,0,0,0,0,0,0,0,0,0,0,0,0,0,0,0,0,0,0,0,0,0,0,0,0,0,0,0,0,0,0,0,0,0,127,2026-02-05 22:22:58.210185
SPNG,26.44,26.25,26.43,1846600.0,3000.0,1211600.0,1100.0,3000.0,,0,0,0,0,0,0,0,0,0,0,0,0,0,0,0,0,0,0,0,0,0,0,0,0,0,0,0,0,0,0,0,0,0,0,0,0,0,0,0,0,128,2026-02-05 22:22:59.252127
SMMR,26.2,26.22,26.61,1175500.0,3000.0,1292500.0,,,1100.0,0,0,0,0,0,0,0,0,0,0,0,0,0,0,0,0,0,0,0,0,0,0,0,0,0,0,0,0,0,0,0,0,0,0,0,0,0,0,0,0,128,2026-02-05 22:22:59.252127
ATMN,25.43,25.43,25.47,1439100.0,3000.0,1616300.0,,3000.0,,0,0,0,0,0,0,0,0,0,0,0,0,0,0,0,0,0,0,0,0,0,0,0,0,0,0,0,0,0,0,0,0,0,0,0,0,0,0,0,0,128,2026-02-05 22:22:59.252127
WNTR,25.32,25.36,25.37,1403400.0,,1198000.0,1100.0,,,0,0,0,0,0,0,0,0,0,0,0,0,0,0,0,0,0,0,0,0,0,0,0,0,0,0,0,0,0,0,0,0,0,0,0,0,0,0,0,0,128,2026-02-05 22:22:59.252127
SPNG,26.63,26.59,26.63,1963600.0,3000.0,4000.0,1108700.0,3000.0,,,,0,0,0,0,0,0,0,0,0,0,0,0,0,0,0,0,0,0,0,0,0,0,0,0,0,0,0,0,0,0,0,0,0,0,0,0,0,0,129,2026-02-05 22:23:00.296091
SMMR,26.28,26.2,26.36,1265800.0,7100.0,,1292500.0,3000.0,1100.0,1100.0,,0,0,0,0,0,0,0,0,0,0,0,0,0,0,0,0,0,0,0,0,0,0,0,0,0,0,0,0,0,0,0,0,0,0,0,0,0,0,129,2026-02-05 22:23:00.296091
ATMN,24.94,24.94,25.0,1438000.0,3000.0,,1744900.0,,,,4000.0,0,0,0,0,0,0,0,0,0,0,0,0,0,0,0,0,0,0,0,0,0,0,0,0,0,0,0,0,0,0,0,0,0,0,0,0,0,0,129,2026-02-05 22:23:00.296091
WNTR,25.36,24.89,25.12,1291100.0,,,1521700.0,,,,,0,0,0,0,0,0,0,0,0,0,0,0,0,0,0,0,0,0,0,0,0,0,0,0,0,0,0,0,0,0,0,0,0,0,0,0,0,0,129,2026-02-05 22:23:00.296091
SPNG,26.44,26.33,26.44,4000.0,1966100.0,3000.0,1312500.0,6000.0,,,0,0,0,0,0,0,0,0,0,0,0,0,0,0,0,0,0,0,0,0,0,0,0,0,0,0,0,0,0,0,0,0,0,0,0,0,0,0,0,130,2026-02-05 22:23:01.351589
SMMR,26.4,26.4,26.61,,1560800.0,3000.0,1292500.0,,,,0,0,0,0,0,0,0,0,0,0,0,0,0,0,0,0,0,0,0,0,0,0,0,0,0,0,0,0,0,0,0,0,0,0,0,0,0,0,0,130,2026-02-05 22:23:01.351589
ATMN,25.02,25.3,25.47,,1827700.0,,1616300.0,,4000.0,,0,0,0,0,0,0,0,0,0,0,0,0,0,0,0,0,0,0,0,0,0,0,0,0,0,0,0,0,0,0,0,0,0,0,0,0,0,0,0,130,2026-02-05 22:23:01.351589
WNTR,25.08,25.09,25.12,,1517600.0,,1521700.0,,5000.0,1100.0,0,0,0,0,0,0,0,0,0,0,0,0,0,0,0,0,0,0,0,0,0,0,0,0,0,0,0,0,0,0,0,0,0,0,0,0,0,0,0,130,2026-02-05 22:23:01.351589
SPNG,26.44,26.36,26.44,4000.0,3000.0,2136000.0,1312500.0,1100.0,6000.0,,,0,0,0,0,0,0,0,0,0,0,0,0,0,0,0,0,0,0,0,0,0,0,0,0,0,0,0,0,0,0,0,0,0,0,0,0,0,0,131,2026-02-05 22:23:02.403007
SMMR,26.53,26.53,26.67,,3000.0,1553000.0,1213300.0,,,,,0,0,0,0,0,0,0,0,0,0,0,0,0,0,0,0,0,0,0,0,0,0,0,0,0,0,0,0,0,0,0,0,0,0,0,0,0,0,131,2026-02-05 22:23:02.403007
ATMN,25.18,25.18,25.38,4000.0,,1700100.0,1746900.0,2200.0,,1100.0,,0,0,0,0,0,0,0,0,0,0,0,0,0,0,0,0,0,0,0,0,0,0,0,0,0,0,0,0,0,0,0,0,0,0,0,0,0,0,131,2026-02-05 22:23:02.403007
WNTR,25.13,25.13,25.37,,,1755000.0,1535500.0,1100.0,,1100.0,5000.0,0,0,0,0,0,0,0,0,0,0,0,0,0,0,0,0,0,0,0,0,0,0,0,0,0,0,0,0,0,0,0,0,0,0,0,0,0,0,131,2026-02-05 22:23:02.403007
SPNG,26.73,26.73,27.16,2135900.0,4000.0,3000.0,995600.0,,,0,0,0,0,0,0,0,0,0,0,0,0,0,0,0,0,0,0,0,0,0,0,0,0,0,0,0,0,0,0,0,0,0,0,0,0,0,0,0,0,132,2026-02-05 22:23:02.988373
SMMR,26.53,26.53,26.61,1553000.0,,6000.0,1423300.0,3000.0,,0,0,0,0,0,0,0,0,0,0,0,0,0,0,0,0,0,0,0,0,0,0,0,0,0,0,0,0,0,0,0,0,0,0,0,0,0,0,0,0,132,2026-02-05 22:23:02.988373
ATMN,25.5,25.18,25.19,1700100.0,4000.0,3000.0,1756000.0,9000.0,,0,0,0,0,0,0,0,0,0,0,0,0,0,0,0,0,0,0,0,0,0,0,0,0,0,0,0,0,0,0,0,0,0,0,0,0,0,0,0,0,132,2026-02-05 22:23:02.988373
WNTR,25.09,25.09,25.21,1643400.0,,3000.0,1652700.0,3000.0,1100.0,0,0,0,0,0,0,0,0,0,0,0,0,0,0,0,0,0,0,0,0,0,0,0,0,0,0,0,0,0,0,0,0,0,0,0,0,0,0,0,0,132,2026-02-05 22:23:02.988373
SPNG,26.48,26.44,26.48,2222300.0,3000.0,1119900.0,9000.0,,,,0,0,0,0,0,0,0,0,0,0,0,0,0,0,0,0,0,0,0,0,0,0,0,0,0,0,0,0,0,0,0,0,0,0,0,0,0,0,0,133,2026-02-05 22:23:04.047688
SMMR,26.45,26.48,26.56,1548400.0,3000.0,1538500.0,,4000.0,,,0,0,0,0,0,0,0,0,0,0,0,0,0,0,0,0,0,0,0,0,0,0,0,0,0,0,0,0,0,0,0,0,0,0,0,0,0,0,0,133,2026-02-05 22:23:04.047688
ATMN,24.94,25.18,25.19,1675100.0,3000.0,1860000.0,6000.0,,1100.0,1100.0,0,0,0,0,0,0,0,0,0,0,0,0,0,0,0,0,0,0,0,0,0,0,0,0,0,0,0,0,0,0,0,0,0,0,0,0,0,0,0,133,2026-02-05 22:23:04.047688
WNTR,25.25,25.25,25.29,1751500.0,,1753400.0,,,1100.0,1100.0,0,0,0,0,0,0,0,0,0,0,0,0,0,0,0,0,0,0,0,0,0,0,0,0,0,0,0,0,0,0,0,0,0,0,0,0,0,0,0,133,2026-02-05 22:23:04.047688
SPNG,26.53,26.53,26.7,6000.0,2066900.0,1118200.0,1100.0,3000.0,,,0,0,0,0,0,0,0,0,0,0,0,0,0,0,0,0,0,0,0,0,0,0,0,0,0,0,0,0,0,0,0,0,0,0,0,0,0,0,0,134,2026-02-05 22:23:05.172955
SMMR,26.54,26.54,26.56,,1656500.0,1523400.0,,3000.0,2200.0,4000.0,0,0,0,0,0,0,0,0,0,0,0,0,0,0,0,0,0,0,0,0,0,0,0,0,0,0,0,0,0,0,0,0,0,0,0,0,0,0,0,134,2026-02-05 22:23:05.172955
ATMN,25.19,25.11,25.19,3000.0,1896400.0,1742300.0,1100.0,,1100.0,,0,0,0,0,0,0,0,0,0,0,0,0,0,0,0,0,0,0,0,0,0,0,0,0,0,0,0,0,0,0,0,0,0,0,0,0,0,0,0,134,2026-02-05 22:23:05.172955
WNTR,25.14,25.09,25.14,,1416900.0,1878500.0,1100.0,,1100.0,,0,0,0,0,0,0,0,0,0,0,0,0,0,0,0,0,0,0,0,0,0,0,0,0,0,0,0,0,0,0,0,0,0,0,0,0,0,0,0,134,2026-02-05 22:23:05.172955
SPNG,26.86,26.86,27.16,2038600.0,1860.0,3000.0,995600.0,,0,0,0,0,0,0,0,0,0,0,0,0,0,0,0,0,0,0,0,0,0,0,0,0,0,0,0,0,0,0,0,0,0,0,0,0,0,0,0,0,0,135,2026-02-05 22:23:06.214971
SMMR,26.54,26.31,26.39,1456000.0,,3000.0,1530000.0,6000.0,0,0,0,0,0,0,0,0,0,0,0,0,0,0,0,0,0,0,0,0,0,0,0,0,0,0,0,0,0,0,0,0,0,0,0,0,0,0,0,0,0,135,2026-02-05 22:23:06.214971
ATMN,25.36,25.04,25.16,1896400.0,4000.0,,1881500.0,,0,0,0,0,0,0,0,0,0,0,0,0,0,0,0,0,0,0,0,0,0,0,0,0,0,0,0,0,0,0,0,0,0,0,0,0,0,0,0,0,0,135,2026-02-05 22:23:06.214971
WNTR,25.14,25.04,25.14,1644000.0,,,1961800.0,,0,0,0,0,0,0,0,0,0,0,0,0,0,0,0,0,0,0,0,0,0,0,0,0,0,0,0,0,0,0,0,0,0,0,0,0,0,0,0,0,0,135,2026-02-05 22:23:06.214971
SPNG,26.86,26.69,26.8,3000.0,1860.0,2091000.0,1384100.0,1100.0,,0,0,0,0,0,0,0,0,0,0,0,0,0,0,0,0,0,0,0,0,0,0,0,0,0,0,0,0,0,0,0,0,0,0,0,0,0,0,0,0,136,2026-02-05 22:23:07.254601
SMMR,26.43,26.56,26.67,,,1660000.0,1530000.0,,,0,0,0,0,0,0,0,0,0,0,0,0,0,0,0,0,0,0,0,0,0,0,0,0,0,0,0,0,0,0,0,0,0,0,0,0,0,0,0,0,136,2026-02-05 22:23:07.254601
ATMN,25.16,25.04,25.16,,4000.0,2115300.0,1881500.0,,,0,0,0,0,0,0,0,0,0,0,0,0,0,0,0,0,0,0,0,0,0,0,0,0,0,0,0,0,0,0,0,0,0,0,0,0,0,0,0,0,136,2026-02-05 22:23:07.254601
WNTR,25.07,25.06,25.07,,1860.0,1644000.0,2001900.0,,1100.0,0,0,0,0,0,0,0,0,0,0,0,0,0,0,0,0,0,0,0,0,0,0,0,0,0,0,0,0,0,0,0,0,0,0,0,0,0,0,0,0,136,2026-02-05 22:23:07.254601
SPNG,26.58,26.28,26.58,2334500.0,1504500.0,1100.0,3000.0,,,,0,0,0,0,0,0,0,0,0,0,0,0,0,0,0,0,0,0,0,0,0,0,0,0,0,0,0,0,0,0,0,0,0,0,0,0,0,0,0,137,2026-02-05 22:23:08.313125
SMMR,26.57,26.59,26.63,1761500.0,1798400.0,,,4000.0,3000.0,,0,0,0,0,0,0,0,0,0,0,0,0,0,0,0,0,0,0,0,0,0,0,0,0,0,0,0,0,0,0,0,0,0,0,0,0,0,0,0,137,2026-02-05 22:23:08.313125
ATMN,25.49,25.38,25.49,2217200.0,1999500.0,,,4000.0,,,0,0,0,0,0,0,0,0,0,0,0,0,0,0,0,0,0,0,0,0,0,0,0,0,0,0,0,0,0,0,0,0,0,0,0,0,0,0,0,137,2026-02-05 22:23:08.313125
WNTR,25.04,25.06,25.17,1765600.0,1965800.0,,,,,1100.0,0,0,0,0,0,0,0,0,0,0,0,0,0,0,0,0,0,0,0,0,0,0,0,0,0,0,0,0,0,0,0,0,0,0,0,0,0,0,0,137,2026-02-05 22:23:08.313125
SPNG,26.42,26.44,26.58,2297400.0,1504500.0,2200.0,1860.0,,,0,0,0,0,0,0,0,0,0,0,0,0,0,0,0,0,0,0,0,0,0,0,0,0,0,0,0,0,0,0,0,0,0,0,0,0,0,0,0,0,138,2026-02-05 22:23:09.374439
SMMR,26.64,26.59,26.62,1761500.0,1857200.0,,2140.0,4000.0,1100.0,0,0,0,0,0,0,0,0,0,0,0,0,0,0,0,0,0,0,0,0,0,0,0,0,0,0,0,0,0,0,0,0,0,0,0,0,0,0,0,0,138,2026-02-05 22:23:09.374439
ATMN,24.99,24.99,25.49,2115300.0,2210000.0,,,,,0,0,0,0,0,0,0,0,0,0,0,0,0,0,0,0,0,0,0,0,0,0,0,0,0,0,0,0,0,0,0,0,0,0,0,0,0,0,0,0,138,2026-02-05 22:23:09.374439
WNTR,25.04,25.04,25.1,1765600.0,1909600.0,1100.0,,,,0,0,0,0,0,0,0,0,0,0,0,0,0,0,0,0,0,0,0,0,0,0,0,0,0,0,0,0,0,0,0,0,0,0,0,0,0,0,0,0,138,2026-02-05 22:23:09.374439
SPNG,26.42,26.57,26.58,1920500.0,4000.0,6000.0,1585500.0,3000.0,1860.0,,,0,0,0,0,0,0,0,0,0,0,0,0,0,0,0,0,0,0,0,0,0,0,0,0,0,0,0,0,0,0,0,0,0,0,0,0,0,0,139,2026-02-05 22:23:10.427444
SMMR,26.3,26.29,26.3,1539500.0,,,1758600.0,3000.0,2140.0,1100.0,,0,0,0,0,0,0,0,0,0,0,0,0,0,0,0,0,0,0,0,0,0,0,0,0,0,0,0,0,0,0,0,0,0,0,0,0,0,0,139,2026-02-05 22:23:10.427444
ATMN,25.26,25.26,25.47,2120200.0,,3000.0,2039500.0,,2140.0,1100.0,1100.0,0,0,0,0,0,0,0,0,0,0,0,0,0,0,0,0,0,0,0,0,0,0,0,0,0,0,0,0,0,0,0,0,0,0,0,0,0,0,139,2026-02-05 22:23:10.427444
WNTR,25.0,25.0,25.05,1749800.0,,4920.0,1851800.0,3000.0,,,1100.0,0,0,0,0,0,0,0,0,0,0,0,0,0,0,0,0,0,0,0,0,0,0,0,0,0,0,0,0,0,0,0,0,0,0,0,0,0,0,139,2026-02-05 22:23:10.427444
SPNG,26.58,26.31,26.58,2046700.0,6000.0,1585500.0,3000.0,,0,0,0,0,0,0,0,0,0,0,0,0,0,0,0,0,0,0,0,0,0,0,0,0,0,0,0,0,0,0,0,0,0,0,0,0,0,0,0,0,0,140,2026-02-05 22:23:11.507799
SMMR,26.3,26.3,26.38,1873100.0,3000.0,1649500.0,6000.0,2140.0,0,0,0,0,0,0,0,0,0,0,0,0,0,0,0,0,0,0,0,0,0,0,0,0,0,0,0,0,0,0,0,0,0,0,0,0,0,0,0,0,0,140,2026-02-05 22:23:11.507799
ATMN,25.47,25.4,25.48,2080900.0,12000.0,2169700.0,3000.0,,0,0,0,0,0,0,0,0,0,0,0,0,0,0,0,0,0,0,0,0,0,0,0,0,0,0,0,0,0,0,0,0,0,0,0,0,0,0,0,0,0,140,2026-02-05 22:23:11.507799
WNTR,24.98,24.98,25.0,1517300.0,4920.0,1957700.0,3000.0,,0,0,0,0,0,0,0,0,0,0,0,0,0,0,0,0,0,0,0,0,0,0,0,0,0,0,0,0,0,0,0,0,0,0,0,0,0,0,0,0,0,140,2026-02-05 22:23:11.507799
SPNG,26.8,26.42,26.8,6000.0,1100.0,1964900.0,1465100.0,,,,0,0,0,0,0,0,0,0,0,0,0,0,0,0,0,0,0,0,0,0,0,0,0,0,0,0,0,0,0,0,0,0,0,0,0,0,0,0,0,141,2026-02-05 22:23:12.099921
SMMR,26.63,26.32,26.38,3000.0,1100.0,1662800.0,1858900.0,4000.0,1100.0,,0,0,0,0,0,0,0,0,0,0,0,0,0,0,0,0,0,0,0,0,0,0,0,0,0,0,0,0,0,0,0,0,0,0,0,0,0,0,0,141,2026-02-05 22:23:12.099921
ATMN,25.47,25.4,25.48,9000.0,1100.0,1958300.0,2104100.0,,1100.0,3000.0,0,0,0,0,0,0,0,0,0,0,0,0,0,0,0,0,0,0,0,0,0,0,0,0,0,0,0,0,0,0,0,0,0,0,0,0,0,0,0,141,2026-02-05 22:23:12.099921
WNTR,25.05,24.98,25.05,4920.0,,1627400.0,1941000.0,,,3000.0,0,0,0,0,0,0,0,0,0,0,0,0,0,0,0,0,0,0,0,0,0,0,0,0,0,0,0,0,0,0,0,0,0,0,0,0,0,0,0,141,2026-02-05 22:23:12.099921
SPNG,26.62,26.49,26.55,3000.0,2147300.0,1670600.0,6000.0,,,,0,0,0,0,0,0,0,0,0,0,0,0,0,0,0,0,0,0,0,0,0,0,0,0,0,0,0,0,0,0,0,0,0,0,0,0,0,0,0,142,2026-02-05 22:23:13.152332
SMMR,26.29,26.47,26.56,3000.0,1742300.0,1764100.0,4000.0,1100.0,,,0,0,0,0,0,0,0,0,0,0,0,0,0,0,0,0,0,0,0,0,0,0,0,0,0,0,0,0,0,0,0,0,0,0,0,0,0,0,0,142,2026-02-05 22:23:13.152332
ATMN,25.32,25.36,25.4,3000.0,1968700.0,2020800.0,6000.0,1100.0,4000.0,1100.0,0,0,0,0,0,0,0,0,0,0,0,0,0,0,0,0,0,0,0,0,0,0,0,0,0,0,0,0,0,0,0,0,0,0,0,0,0,0,0,142,2026-02-05 22:23:13.152332
WNTR,25.05,24.98,25.05,4920.0,1818800.0,1851800.0,3000.0,1100.0,,1100.0,0,0,0,0,0,0,0,0,0,0,0,0,0,0,0,0,0,0,0,0,0,0,0,0,0,0,0,0,0,0,0,0,0,0,0,0,0,0,0,142,2026-02-05 22:23:13.152332
SPNG,26.55,26.41,26.55,3000.0,2140.0,2052800.0,1781400.0,6000.0,,,,0,0,0,0,0,0,0,0,0,0,0,0,0,0,0,0,0,0,0,0,0,0,0,0,0,0,0,0,0,0,0,0,0,0,0,0,0,0,143,2026-02-05 22:23:14.225589
SMMR,26.47,26.41,26.47,6000.0,,1728700.0,1789200.0,3000.0,4000.0,,,0,0,0,0,0,0,0,0,0,0,0,0,0,0,0,0,0,0,0,0,0,0,0,0,0,0,0,0,0,0,0,0,0,0,0,0,0,0,143,2026-02-05 22:23:14.225589
ATMN,25.26,25.26,25.4,3000.0,,2113400.0,2134300.0,6000.0,,1100.0,,0,0,0,0,0,0,0,0,0,0,0,0,0,0,0,0,0,0,0,0,0,0,0,0,0,0,0,0,0,0,0,0,0,0,0,0,0,0,143,2026-02-05 22:23:14.225589
WNTR,24.97,24.97,25.05,4920.0,,1792900.0,1853200.0,3000.0,,,1100.0,0,0,0,0,0,0,0,0,0,0,0,0,0,0,0,0,0,0,0,0,0,0,0,0,0,0,0,0,0,0,0,0,0,0,0,0,0,0,143,2026-02-05 22:23:14.225589
SPNG,26.57,26.57,26.62,2031400.0,3000.0,2420.0,1669300.0,1100.0,6000.0,,,0,0,0,0,0,0,0,0,0,0,0,0,0,0,0,0,0,0,0,0,0,0,0,0,0,0,0,0,0,0,0,0,0,0,0,0,0,0,144,2026-02-05 22:23:15.287232
SMMR,26.47,26.41,26.47,1546500.0,6000.0,2420.0,1716000.0,1100.0,3000.0,1100.0,4000.0,0,0,0,0,0,0,0,0,0,0,0,0,0,0,0,0,0,0,0,0,0,0,0,0,0,0,0,0,0,0,0,0,0,0,0,0,0,0,144,2026-02-05 22:23:15.287232
ATMN,25.34,25.37,25.38,2120900.0,3000.0,,2134300.0,1100.0,,1100.0,6000.0,0,0,0,0,0,0,0,0,0,0,0,0,0,0,0,0,0,0,0,0,0,0,0,0,0,0,0,0,0,0,0,0,0,0,0,0,0,0,144,2026-02-05 22:23:15.287232
WNTR,24.97,24.92,24.93,1808300.0,,,1942400.0,1100.0,,1100.0,,0,0,0,0,0,0,0,0,0,0,0,0,0,0,0,0,0,0,0,0,0,0,0,0,0,0,0,0,0,0,0,0,0,0,0,0,0,0,144,2026-02-05 22:23:15.287232
SPNG,26.56,26.32,26.56,3000.0,2159100.0,1789300.0,9000.0,,,0,0,0,0,0,0,0,0,0,0,0,0,0,0,0,0,0,0,0,0,0,0,0,0,0,0,0,0,0,0,0,0,0,0,0,0,0,0,0,0,145,2026-02-05 22:23:16.340296
SMMR,26.38,26.34,26.38,,1911300.0,1988800.0,,,,0,0,0,0,0,0,0,0,0,0,0,0,0,0,0,0,0,0,0,0,0,0,0,0,0,0,0,0,0,0,0,0,0,0,0,0,0,0,0,0,145,2026-02-05 22:23:16.340296
ATMN,25.38,25.46,25.48,,2222100.0,2352600.0,,1100.0,,0,0,0,0,0,0,0,0,0,0,0,0,0,0,0,0,0,0,0,0,0,0,0,0,0,0,0,0,0,0,0,0,0,0,0,0,0,0,0,0,145,2026-02-05 22:23:16.340296
WNTR,24.93,24.92,24.93,,2010500.0,1942400.0,,1100.0,1100.0,0,0,0,0,0,0,0,0,0,0,0,0,0,0,0,0,0,0,0,0,0,0,0,0,0,0,0,0,0,0,0,0,0,0,0,0,0,0,0,0,145,2026-02-05 22:23:16.340296
SPNG,26.31,26.31,26.56,2253600.0,1737800.0,1100.0,9000.0,,,,,0,0,0,0,0,0,0,0,0,0,0,0,0,0,0,0,0,0,0,0,0,0,0,0,0,0,0,0,0,0,0,0,0,0,0,0,0,0,146,2026-02-05 22:23:17.401989
SMMR,26.45,26.41,26.45,1754400.0,1700800.0,2200.0,3000.0,1100.0,3000.0,,,0,0,0,0,0,0,0,0,0,0,0,0,0,0,0,0,0,0,0,0,0,0,0,0,0,0,0,0,0,0,0,0,0,0,0,0,0,0,146,2026-02-05 22:23:17.401989
ATMN,25.48,25.46,25.48,1997400.0,2253300.0,,3000.0,1100.0,9000.0,,,0,0,0,0,0,0,0,0,0,0,0,0,0,0,0,0,0,0,0,0,0,0,0,0,0,0,0,0,0,0,0,0,0,0,0,0,0,0,146,2026-02-05 22:23:17.401989
WNTR,24.93,24.92,24.93,1785300.0,1695300.0,1100.0,6000.0,1100.0,3000.0,2140.0,4000.0,0,0,0,0,0,0,0,0,0,0,0,0,0,0,0,0,0,0,0,0,0,0,0,0,0,0,0,0,0,0,0,0,0,0,0,0,0,0,146,2026-02-05 22:23:17.401989
