ticker,last_price,bid_price,ask_price,BUY_ANON,SELL_ANON,BUY_WRSW-1,BUY_UEBR-1,BUY_CHUL-1,BUY_BRCH-1,BUY_LAVL-1,SELL_CALG-1,SELL_GIOT-3,SELL_CHUL-4,SELL_LAVL-1,BUY_GIOT-3,BUY_CHUL-4,SELL_UEBR-1,SELL_WRSW-1,BUY_WRSW-3,SELL_WRSW-3,SELL_COLA-1,BUY_CALG-1,BUY_COLA-1,SELL_BRCH-1,SELL_ZUAI-3,BUY_WRSW-4,SELL_LUIS-1,SELL_WRSW-4,BUY_ZUAI-3,SELL_CHUL-1,BUY_LUIS-1,tick,timestamp,news_news_id,news_period,news_tick,news_ticker,news_headline,news_body
SPNG,25.21,24.94,25.21,2284200.0,2390400.0,0,0,0,0,0,0,0,0,0,0,0,0,0,0,0,0,0,0,0,0,0,0,0,0,0,0,1,2026-02-06 05:13:26.417793,2.0,1.0,1.0,,Aggregate Position Limit,Your CRO has set the aggregate position limit to 12000 shares for this week.
SMMR,24.9,24.9,25.04,1910000.0,2412300.0,0,0,0,0,0,0,0,0,0,0,0,0,0,0,0,0,0,0,0,0,0,0,0,0,0,0,1,2026-02-06 05:13:26.417793,1.0,1.0,1.0,,Welcome to the RITC 2026 Alogithmic Market Making Case - practice server,
ATMN,25.08,24.87,25.08,1860300.0,2029900.0,0,0,0,0,0,0,0,0,0,0,0,0,0,0,0,0,0,0,0,0,0,0,0,0,0,0,1,2026-02-06 05:13:26.417793,,,,,,
WNTR,25.04,25.08,25.13,2152300.0,2059700.0,0,0,0,0,0,0,0,0,0,0,0,0,0,0,0,0,0,0,0,0,0,0,0,0,0,0,1,2026-02-06 05:13:26.417793,,,,,,
SPNG,24.86,24.86,25.11,2170200.0,2318300.0,0,0,0,0,0,0,0,0,0,0,0,0,0,0,0,0,0,0,0,0,0,0,0,0,0,0,2,2026-02-06 05:13:27.502052
SMMR,25.05,24.9,24.98,1910000.0,2394800.0,0,0,0,0,0,0,0,0,0,0,0,0,0,0,0,0,0,0,0,0,0,0,0,0,0,0,2,2026-02-06 05:13:27.502052
ATMN,25.08,25.04,25.08,1847100.0,2023200.0,0,0,0,0,0,0,0,0,0,0,0,0,0,0,0,0,0,0,0,0,0,0,0,0,0,0,2,2026-02-06 05:13:27.502052
WNTR,25.13,25.08,25.13,2152300.0,2270000.0,0,0,0,0,0,0,0,0,0,0,0,0,0,0,0,0,0,0,0,0,0,0,0,0,0,0,2,2026-02-06 05:13:27.502052
SPNG,25.22,24.86,25.22,2305500.0,2347300.0,0,0,0,0,0,0,0,0,0,0,0,0,0,0,0,0,0,0,0,0,0,0,0,0,0,0,3,2026-02-06 05:13:28.561089
SMMR,24.51,24.51,24.98,1888900.0,2394800.0,0,0,0,0,0,0,0,0,0,0,0,0,0,0,0,0,0,0,0,0,0,0,0,0,0,0,3,2026-02-06 05:13:28.561089
ATMN,24.87,24.87,25.29,1866200.0,2005100.0,0,0,0,0,0,0,0,0,0,0,0,0,0,0,0,0,0,0,0,0,0,0,0,0,0,0,3,2026-02-06 05:13:28.561089
WNTR,25.08,24.97,25.0,2169800.0,2275300.0,0,0,0,0,0,0,0,0,0,0,0,0,0,0,0,0,0,0,0,0,0,0,0,0,0,0,3,2026-02-06 05:13:28.561089
SPNG,24.81,24.81,25.22,2184800.0,2347300.0,0,0,0,0,0,0,0,0,0,0,0,0,0,0,0,0,0,0,0,0,0,0,0,0,0,0,4,2026-02-06 05:13:29.122894
SMMR,24.51,24.86,24.98,2138000.0,2394800.0,0,0,0,0,0,0,0,0,0,0,0,0,0,0,0,0,0,0,0,0,0,0,0,0,0,0,4,2026-02-06 05:13:29.122894
ATMN,24.87,24.75,24.8,1870800.0,2012400.0,0,0,0,0,0,0,0,0,0,0,0,0,0,0,0,0,0,0,0,0,0,0,0,0,0,0,4,2026-02-06 05:13:29.122894
WNTR,25.09,24.97,25.09,2131500.0,2271300.0,0,0,0,0,0,0,0,0,0,0,0,0,0,0,0,0,0,0,0,0,0,0,0,0,0,0,4,2026-02-06 05:13:29.122894
SPNG,24.99,24.81,24.99,2322500.0,2314600.0,0,0,0,0,0,0,0,0,0,0,0,0,0,0,0,0,0,0,0,0,0,0,0,0,0,0,5,2026-02-06 05:13:30.171319
SMMR,24.86,24.86,24.98,2138000.0,2394800.0,0,0,0,0,0,0,0,0,0,0,0,0,0,0,0,0,0,0,0,0,0,0,0,0,0,0,5,2026-02-06 05:13:30.171319
ATMN,24.8,25.12,25.27,1875900.0,2032200.0,0,0,0,0,0,0,0,0,0,0,0,0,0,0,0,0,0,0,0,0,0,0,0,0,0,0,5,2026-02-06 05:13:30.171319
WNTR,24.95,24.95,25.0,2170000.0,2267400.0,0,0,0,0,0,0,0,0,0,0,0,0,0,0,0,0,0,0,0,0,0,0,0,0,0,0,5,2026-02-06 05:13:30.171319
SPNG,25.22,24.83,25.22,2445200.0,2311900.0,0,0,0,0,0,0,0,0,0,0,0,0,0,0,0,0,0,0,0,0,0,0,0,0,0,0,6,2026-02-06 05:13:31.211348
SMMR,25.08,24.86,25.08,2138000.0,2359900.0,0,0,0,0,0,0,0,0,0,0,0,0,0,0,0,0,0,0,0,0,0,0,0,0,0,0,6,2026-02-06 05:13:31.211348
ATMN,24.8,25.12,25.27,1875900.0,2029800.0,0,0,0,0,0,0,0,0,0,0,0,0,0,0,0,0,0,0,0,0,0,0,0,0,0,0,6,2026-02-06 05:13:31.211348
WNTR,24.88,24.88,25.0,2147600.0,2267400.0,0,0,0,0,0,0,0,0,0,0,0,0,0,0,0,0,0,0,0,0,0,0,0,0,0,0,6,2026-02-06 05:13:31.211348
SPNG,24.83,24.83,25.22,2405600.0,2302600.0,0,0,0,0,0,0,0,0,0,0,0,0,0,0,0,0,0,0,0,0,0,0,0,0,0,0,7,2026-02-06 05:13:32.258657
SMMR,24.91,24.86,24.91,2265400.0,2395500.0,0,0,0,0,0,0,0,0,0,0,0,0,0,0,0,0,0,0,0,0,0,0,0,0,0,0,7,2026-02-06 05:13:32.258657
ATMN,25.29,25.12,25.14,1875900.0,2036100.0,0,0,0,0,0,0,0,0,0,0,0,0,0,0,0,0,0,0,0,0,0,0,0,0,0,0,7,2026-02-06 05:13:32.258657
WNTR,25.0,24.88,25.0,2147600.0,2251800.0,0,0,0,0,0,0,0,0,0,0,0,0,0,0,0,0,0,0,0,0,0,0,0,0,0,0,7,2026-02-06 05:13:32.258657
SPNG,25.22,24.9,25.22,2366600.0,2302600.0,0,0,0,0,0,0,0,0,0,0,0,0,0,0,0,0,0,0,0,0,0,0,0,0,0,0,8,2026-02-06 05:13:33.411894
SMMR,24.59,24.85,24.91,2353700.0,2370000.0,0,0,0,0,0,0,0,0,0,0,0,0,0,0,0,0,0,0,0,0,0,0,0,0,0,0,8,2026-02-06 05:13:33.411894
ATMN,25.06,25.06,25.14,1866500.0,2062200.0,0,0,0,0,0,0,0,0,0,0,0,0,0,0,0,0,0,0,0,0,0,0,0,0,0,0,8,2026-02-06 05:13:33.411894
WNTR,25.17,24.88,25.17,2165900.0,2286800.0,0,0,0,0,0,0,0,0,0,0,0,0,0,0,0,0,0,0,0,0,0,0,0,0,0,0,8,2026-02-06 05:13:33.411894
SPNG,24.9,24.83,24.87,2390300.0,2350200.0,0,0,0,0,0,0,0,0,0,0,0,0,0,0,0,0,0,0,0,0,0,0,0,0,0,0,9,2026-02-06 05:13:34.498535
SMMR,25.09,24.89,25.03,2366600.0,2322600.0,0,0,0,0,0,0,0,0,0,0,0,0,0,0,0,0,0,0,0,0,0,0,0,0,0,0,9,2026-02-06 05:13:34.498535
ATMN,24.75,25.07,25.13,1880300.0,2078400.0,0,0,0,0,0,0,0,0,0,0,0,0,0,0,0,0,0,0,0,0,0,0,0,0,0,0,9,2026-02-06 05:13:34.498535
WNTR,25.17,24.93,24.96,2185600.0,2338200.0,0,0,0,0,0,0,0,0,0,0,0,0,0,0,0,0,0,0,0,0,0,0,0,0,0,0,9,2026-02-06 05:13:34.498535
SPNG,25.27,24.83,25.27,2380100.0,2318300.0,0,0,0,0,0,0,0,0,0,0,0,0,0,0,0,0,0,0,0,0,0,0,0,0,0,0,10,2026-02-06 05:13:35.676834
SMMR,24.93,24.93,24.96,2383200.0,2318100.0,0,0,0,0,0,0,0,0,0,0,0,0,0,0,0,0,0,0,0,0,0,0,0,0,0,0,10,2026-02-06 05:13:35.676834
ATMN,24.71,24.85,25.13,1871800.0,2078400.0,0,0,0,0,0,0,0,0,0,0,0,0,0,0,0,0,0,0,0,0,0,0,0,0,0,0,10,2026-02-06 05:13:35.676834
WNTR,24.88,24.88,24.96,2165300.0,2338200.0,0,0,0,0,0,0,0,0,0,0,0,0,0,0,0,0,0,0,0,0,0,0,0,0,0,0,10,2026-02-06 05:13:35.676834
SPNG,24.8,24.8,25.18,2384000.0,2295200.0,0,0,0,0,0,0,0,0,0,0,0,0,0,0,0,0,0,0,0,0,0,0,0,0,0,0,11,2026-02-06 05:13:36.468753
SMMR,25.03,24.93,25.03,2383200.0,2308800.0,0,0,0,0,0,0,0,0,0,0,0,0,0,0,0,0,0,0,0,0,0,0,0,0,0,0,11,2026-02-06 05:13:36.468753
ATMN,25.13,24.85,25.13,1871800.0,2078400.0,0,0,0,0,0,0,0,0,0,0,0,0,0,0,0,0,0,0,0,0,0,0,0,0,0,0,11,2026-02-06 05:13:36.468753
WNTR,25.0,24.88,25.0,2165300.0,2339900.0,0,0,0,0,0,0,0,0,0,0,0,0,0,0,0,0,0,0,0,0,0,0,0,0,0,0,11,2026-02-06 05:13:36.468753
SPNG,24.8,24.8,25.18,2341500.0,2295200.0,0,0,0,0,0,0,0,0,0,0,0,0,0,0,0,0,0,0,0,0,0,0,0,0,0,0,12,2026-02-06 05:13:37.551533
SMMR,25.03,24.93,25.03,2358300.0,2302100.0,0,0,0,0,0,0,0,0,0,0,0,0,0,0,0,0,0,0,0,0,0,0,0,0,0,0,12,2026-02-06 05:13:37.551533
ATMN,25.13,24.87,25.09,1899100.0,2095300.0,0,0,0,0,0,0,0,0,0,0,0,0,0,0,0,0,0,0,0,0,0,0,0,0,0,0,12,2026-02-06 05:13:37.551533
WNTR,24.86,24.86,25.17,2165600.0,2313800.0,0,0,0,0,0,0,0,0,0,0,0,0,0,0,0,0,0,0,0,0,0,0,0,0,0,0,12,2026-02-06 05:13:37.551533
SPNG,25.18,24.8,25.18,2341500.0,2295200.0,0,0,0,0,0,0,0,0,0,0,0,0,0,0,0,0,0,0,0,0,0,0,0,0,0,0,13,2026-02-06 05:13:38.609306
SMMR,25.09,24.9,25.09,2348800.0,2326600.0,0,0,0,0,0,0,0,0,0,0,0,0,0,0,0,0,0,0,0,0,0,0,0,0,0,0,13,2026-02-06 05:13:38.609306
ATMN,25.09,24.87,25.09,1909900.0,2095300.0,0,0,0,0,0,0,0,0,0,0,0,0,0,0,0,0,0,0,0,0,0,0,0,0,0,0,13,2026-02-06 05:13:38.609306
WNTR,24.85,24.85,25.22,2221200.0,2300300.0,0,0,0,0,0,0,0,0,0,0,0,0,0,0,0,0,0,0,0,0,0,0,0,0,0,0,13,2026-02-06 05:13:38.609306
SPNG,25.35,24.8,25.26,2368900.0,2301200.0,0,0,0,0,0,0,0,0,0,0,0,0,0,0,0,0,0,0,0,0,0,0,0,0,0,0,14,2026-02-06 05:13:39.665028
SMMR,25.09,24.9,24.99,2315300.0,2338600.0,0,0,0,0,0,0,0,0,0,0,0,0,0,0,0,0,0,0,0,0,0,0,0,0,0,0,14,2026-02-06 05:13:39.665028
ATMN,25.14,24.87,25.14,1965600.0,2062200.0,0,0,0,0,0,0,0,0,0,0,0,0,0,0,0,0,0,0,0,0,0,0,0,0,0,0,14,2026-02-06 05:13:39.665028
WNTR,24.85,24.85,24.97,2221200.0,2275100.0,0,0,0,0,0,0,0,0,0,0,0,0,0,0,0,0,0,0,0,0,0,0,0,0,0,0,14,2026-02-06 05:13:39.665028
SPNG,24.71,24.8,25.26,2334200.0,2301200.0,0,0,0,0,0,0,0,0,0,0,0,0,0,0,0,0,0,0,0,0,0,0,0,0,0,0,15,2026-02-06 05:13:40.212305
SMMR,24.99,24.9,24.99,2315300.0,2323000.0,0,0,0,0,0,0,0,0,0,0,0,0,0,0,0,0,0,0,0,0,0,0,0,0,0,0,15,2026-02-06 05:13:40.212305
ATMN,25.27,24.87,25.27,1965600.0,2037200.0,0,0,0,0,0,0,0,0,0,0,0,0,0,0,0,0,0,0,0,0,0,0,0,0,0,0,15,2026-02-06 05:13:40.212305
WNTR,24.88,24.85,24.88,2221200.0,2280500.0,0,0,0,0,0,0,0,0,0,0,0,0,0,0,0,0,0,0,0,0,0,0,0,0,0,0,15,2026-02-06 05:13:40.212305
SPNG,25.26,24.8,25.26,2335700.0,2301200.0,0,0,0,0,0,0,0,0,0,0,0,0,0,0,0,0,0,0,0,0,0,0,0,0,0,0,16,2026-02-06 05:13:41.269138
SMMR,24.85,24.89,24.99,2326100.0,2332900.0,0,0,0,0,0,0,0,0,0,0,0,0,0,0,0,0,0,0,0,0,0,0,0,0,0,0,16,2026-02-06 05:13:41.269138
ATMN,25.27,25.2,25.27,1944800.0,2064800.0,0,0,0,0,0,0,0,0,0,0,0,0,0,0,0,0,0,0,0,0,0,0,0,0,0,0,16,2026-02-06 05:13:41.269138
WNTR,24.84,24.84,24.92,2202600.0,2284400.0,0,0,0,0,0,0,0,0,0,0,0,0,0,0,0,0,0,0,0,0,0,0,0,0,0,0,16,2026-02-06 05:13:41.269138
SPNG,24.79,24.79,25.26,2354200.0,2313500.0,0,0,0,0,0,0,0,0,0,0,0,0,0,0,0,0,0,0,0,0,0,0,0,0,0,0,17,2026-02-06 05:13:42.375531
SMMR,24.99,25.0,25.09,2301600.0,2319900.0,0,0,0,0,0,0,0,0,0,0,0,0,0,0,0,0,0,0,0,0,0,0,0,0,0,0,17,2026-02-06 05:13:42.375531
ATMN,25.27,24.87,25.27,2005600.0,2038700.0,0,0,0,0,0,0,0,0,0,0,0,0,0,0,0,0,0,0,0,0,0,0,0,0,0,0,17,2026-02-06 05:13:42.375531
WNTR,24.92,24.84,24.92,2230200.0,2284400.0,0,0,0,0,0,0,0,0,0,0,0,0,0,0,0,0,0,0,0,0,0,0,0,0,0,0,17,2026-02-06 05:13:42.375531
SPNG,25.26,24.9,25.26,2370400.0,2313500.0,0,0,0,0,0,0,0,0,0,0,0,0,0,0,0,0,0,0,0,0,0,0,0,0,0,0,18,2026-02-06 05:13:43.467037
SMMR,24.89,24.89,25.1,2326100.0,2302100.0,0,0,0,0,0,0,0,0,0,0,0,0,0,0,0,0,0,0,0,0,0,0,0,0,0,0,18,2026-02-06 05:13:43.467037
ATMN,25.27,25.08,25.27,2023300.0,2056300.0,0,0,0,0,0,0,0,0,0,0,0,0,0,0,0,0,0,0,0,0,0,0,0,0,0,0,18,2026-02-06 05:13:43.467037
WNTR,24.84,24.84,24.92,2230200.0,2283100.0,0,0,0,0,0,0,0,0,0,0,0,0,0,0,0,0,0,0,0,0,0,0,0,0,0,0,18,2026-02-06 05:13:43.467037
SPNG,24.9,24.9,25.26,2370400.0,2313500.0,0,0,0,0,0,0,0,0,0,0,0,0,0,0,0,0,0,0,0,0,0,0,0,0,0,0,19,2026-02-06 05:13:44.530940
SMMR,25.08,24.89,25.01,2305400.0,2310800.0,0,0,0,0,0,0,0,0,0,0,0,0,0,0,0,0,0,0,0,0,0,0,0,0,0,0,19,2026-02-06 05:13:44.530940
ATMN,25.08,25.08,25.13,2023300.0,2030700.0,0,0,0,0,0,0,0,0,0,0,0,0,0,0,0,0,0,0,0,0,0,0,0,0,0,0,19,2026-02-06 05:13:44.530940
WNTR,24.84,24.84,24.92,2253800.0,2283100.0,0,0,0,0,0,0,0,0,0,0,0,0,0,0,0,0,0,0,0,0,0,0,0,0,0,0,19,2026-02-06 05:13:44.530940
SPNG,25.18,24.9,25.05,2370400.0,2292000.0,0,0,0,0,0,0,0,0,0,0,0,0,0,0,0,0,0,0,0,0,0,0,0,0,0,0,20,2026-02-06 05:13:45.573622
SMMR,25.01,24.89,25.01,2317300.0,2310800.0,0,0,0,0,0,0,0,0,0,0,0,0,0,0,0,0,0,0,0,0,0,0,0,0,0,0,20,2026-02-06 05:13:45.573622
ATMN,25.27,24.87,25.27,2028100.0,2036900.0,0,0,0,0,0,0,0,0,0,0,0,0,0,0,0,0,0,0,0,0,0,0,0,0,0,0,20,2026-02-06 05:13:45.573622
WNTR,24.89,24.89,24.92,2234900.0,2283100.0,0,0,0,0,0,0,0,0,0,0,0,0,0,0,0,0,0,0,0,0,0,0,0,0,0,0,20,2026-02-06 05:13:45.573622
SPNG,24.9,24.9,25.26,2395200.0,2307700.0,0,0,0,0,0,0,0,0,0,0,0,0,0,0,0,0,0,0,0,0,0,0,0,0,0,0,21,2026-02-06 05:13:46.661447
SMMR,24.86,24.86,25.01,2315700.0,2328800.0,0,0,0,0,0,0,0,0,0,0,0,0,0,0,0,0,0,0,0,0,0,0,0,0,0,0,21,2026-02-06 05:13:46.661447
ATMN,24.87,24.87,24.94,2028100.0,2057300.0,0,0,0,0,0,0,0,0,0,0,0,0,0,0,0,0,0,0,0,0,0,0,0,0,0,0,21,2026-02-06 05:13:46.661447
WNTR,25.01,24.89,25.01,2285800.0,2301900.0,0,0,0,0,0,0,0,0,0,0,0,0,0,0,0,0,0,0,0,0,0,0,0,0,0,0,21,2026-02-06 05:13:46.661447
SPNG,25.35,24.9,25.35,2395200.0,2355800.0,0,0,0,0,0,0,0,0,0,0,0,0,0,0,0,0,0,0,0,0,0,0,0,0,0,0,22,2026-02-06 05:13:47.214820
SMMR,24.86,24.86,24.93,2315700.0,2332900.0,0,0,0,0,0,0,0,0,0,0,0,0,0,0,0,0,0,0,0,0,0,0,0,0,0,0,22,2026-02-06 05:13:47.214820
ATMN,24.94,25.24,25.27,2049100.0,2036900.0,0,0,0,0,0,0,0,0,0,0,0,0,0,0,0,0,0,0,0,0,0,0,0,0,0,0,22,2026-02-06 05:13:47.214820
WNTR,24.84,24.84,25.01,2224400.0,2301900.0,0,0,0,0,0,0,0,0,0,0,0,0,0,0,0,0,0,0,0,0,0,0,0,0,0,0,22,2026-02-06 05:13:47.214820
SPNG,25.35,24.9,25.35,2407100.0,2319600.0,0,0,0,0,0,0,0,0,0,0,0,0,0,0,0,0,0,0,0,0,0,0,0,0,0,0,23,2026-02-06 05:13:48.295220
SMMR,24.92,24.86,24.91,2315700.0,2357200.0,0,0,0,0,0,0,0,0,0,0,0,0,0,0,0,0,0,0,0,0,0,0,0,0,0,0,23,2026-02-06 05:13:48.295220
ATMN,24.94,25.24,25.27,2049100.0,2059300.0,0,0,0,0,0,0,0,0,0,0,0,0,0,0,0,0,0,0,0,0,0,0,0,0,0,0,23,2026-02-06 05:13:48.295220
WNTR,25.05,24.92,25.05,2251100.0,2297900.0,0,0,0,0,0,0,0,0,0,0,0,0,0,0,0,0,0,0,0,0,0,0,0,0,0,0,23,2026-02-06 05:13:48.295220
SPNG,25.37,25.25,25.37,2375000.0,2349300.0,0,0,0,0,0,0,0,0,0,0,0,0,0,0,0,0,0,0,0,0,0,0,0,0,0,0,24,2026-02-06 05:13:49.337045
SMMR,24.91,24.85,24.89,2315300.0,2354100.0,0,0,0,0,0,0,0,0,0,0,0,0,0,0,0,0,0,0,0,0,0,0,0,0,0,0,24,2026-02-06 05:13:49.337045
ATMN,25.24,25.24,25.27,2049100.0,2048100.0,0,0,0,0,0,0,0,0,0,0,0,0,0,0,0,0,0,0,0,0,0,0,0,0,0,0,24,2026-02-06 05:13:49.337045
WNTR,24.83,24.83,24.95,2245200.0,2285700.0,0,0,0,0,0,0,0,0,0,0,0,0,0,0,0,0,0,0,0,0,0,0,0,0,0,0,24,2026-02-06 05:13:49.337045
SPNG,25.25,24.9,25.15,2407100.0,2337100.0,0,0,0,0,0,0,0,0,0,0,0,0,0,0,0,0,0,0,0,0,0,0,0,0,0,0,25,2026-02-06 05:13:50.399047
SMMR,24.85,24.84,24.85,2336200.0,2354000.0,0,0,0,0,0,0,0,0,0,0,0,0,0,0,0,0,0,0,0,0,0,0,0,0,0,0,25,2026-02-06 05:13:50.399047
ATMN,25.27,24.86,25.27,1989700.0,2032100.0,0,0,0,0,0,0,0,0,0,0,0,0,0,0,0,0,0,0,0,0,0,0,0,0,0,0,25,2026-02-06 05:13:50.399047
WNTR,24.92,24.83,24.92,2245200.0,2330100.0,0,0,0,0,0,0,0,0,0,0,0,0,0,0,0,0,0,0,0,0,0,0,0,0,0,0,25,2026-02-06 05:13:50.399047
SPNG,25.25,24.98,25.15,2407000.0,2337100.0,0,0,0,0,0,0,0,0,0,0,0,0,0,0,0,0,0,0,0,0,0,0,0,0,0,0,26,2026-02-06 05:13:51.492544
SMMR,24.84,24.84,24.99,2336200.0,2371900.0,0,0,0,0,0,0,0,0,0,0,0,0,0,0,0,0,0,0,0,0,0,0,0,0,0,0,26,2026-02-06 05:13:51.492544
ATMN,25.29,24.86,25.29,1989700.0,2028300.0,0,0,0,0,0,0,0,0,0,0,0,0,0,0,0,0,0,0,0,0,0,0,0,0,0,0,26,2026-02-06 05:13:51.492544
WNTR,24.92,24.83,24.92,2247200.0,2306100.0,0,0,0,0,0,0,0,0,0,0,0,0,0,0,0,0,0,0,0,0,0,0,0,0,0,0,26,2026-02-06 05:13:51.492544
SPNG,25.4,24.98,25.31,2407000.0,2371500.0,0,0,0,0,0,0,0,0,0,0,0,0,0,0,0,0,0,0,0,0,0,0,0,0,0,0,27,2026-02-06 05:13:52.578197
SMMR,24.84,24.83,24.84,2330400.0,2379300.0,0,0,0,0,0,0,0,0,0,0,0,0,0,0,0,0,0,0,0,0,0,0,0,0,0,0,27,2026-02-06 05:13:52.578197
ATMN,24.7,24.7,25.29,1965000.0,2028300.0,0,0,0,0,0,0,0,0,0,0,0,0,0,0,0,0,0,0,0,0,0,0,0,0,0,0,27,2026-02-06 05:13:52.578197
WNTR,24.82,24.82,24.95,2266900.0,2292500.0,0,0,0,0,0,0,0,0,0,0,0,0,0,0,0,0,0,0,0,0,0,0,0,0,0,0,27,2026-02-06 05:13:52.578197
SPNG,24.97,24.97,25.31,2429900.0,2355500.0,0,0,0,0,0,0,0,0,0,0,0,0,0,0,0,0,0,0,0,0,0,0,0,0,0,0,28,2026-02-06 05:13:53.626245
SMMR,24.8,24.8,24.84,2333900.0,2379300.0,0,0,0,0,0,0,0,0,0,0,0,0,0,0,0,0,0,0,0,0,0,0,0,0,0,0,28,2026-02-06 05:13:53.626245
ATMN,25.19,24.7,25.11,1965000.0,2043300.0,0,0,0,0,0,0,0,0,0,0,0,0,0,0,0,0,0,0,0,0,0,0,0,0,0,0,28,2026-02-06 05:13:53.626245
WNTR,24.81,24.81,24.95,2255700.0,2292500.0,0,0,0,0,0,0,0,0,0,0,0,0,0,0,0,0,0,0,0,0,0,0,0,0,0,0,28,2026-02-06 05:13:53.626245
SPNG,25.31,25.11,25.24,2434100.0,2337100.0,0,0,0,0,0,0,0,0,0,0,0,0,0,0,0,0,0,0,0,0,0,0,0,0,0,0,29,2026-02-06 05:13:54.656706
SMMR,24.76,24.66,24.73,2368800.0,2400500.0,0,0,0,0,0,0,0,0,0,0,0,0,0,0,0,0,0,0,0,0,0,0,0,0,0,0,29,2026-02-06 05:13:54.656706
ATMN,25.19,24.94,25.11,2000400.0,2006300.0,0,0,0,0,0,0,0,0,0,0,0,0,0,0,0,0,0,0,0,0,0,0,0,0,0,0,29,2026-02-06 05:13:54.656706
WNTR,24.81,24.81,24.94,2293500.0,2319500.0,0,0,0,0,0,0,0,0,0,0,0,0,0,0,0,0,0,0,0,0,0,0,0,0,0,0,29,2026-02-06 05:13:54.656706
SPNG,24.97,24.97,25.24,2428400.0,2329900.0,0,0,0,0,0,0,0,0,0,0,0,0,0,0,0,0,0,0,0,0,0,0,0,0,0,0,30,2026-02-06 05:13:55.710702
SMMR,24.84,24.79,24.84,2362000.0,2379300.0,0,0,0,0,0,0,0,0,0,0,0,0,0,0,0,0,0,0,0,0,0,0,0,0,0,0,30,2026-02-06 05:13:55.710702
ATMN,25.19,25.05,25.11,2033800.0,2006300.0,0,0,0,0,0,0,0,0,0,0,0,0,0,0,0,0,0,0,0,0,0,0,0,0,0,0,30,2026-02-06 05:13:55.710702
WNTR,24.78,24.78,24.87,2255800.0,2317200.0,0,0,0,0,0,0,0,0,0,0,0,0,0,0,0,0,0,0,0,0,0,0,0,0,0,0,30,2026-02-06 05:13:55.710702
SPNG,25.38,24.97,25.38,2428400.0,2348500.0,0,0,0,0,0,0,0,0,0,0,0,0,0,0,0,0,0,0,0,0,0,0,0,0,0,0,31,2026-02-06 05:13:56.268616
SMMR,24.84,24.99,25.01,2393200.0,2379700.0,0,0,0,0,0,0,0,0,0,0,0,0,0,0,0,0,0,0,0,0,0,0,0,0,0,0,31,2026-02-06 05:13:56.268616
ATMN,24.98,24.98,25.11,2037800.0,2006300.0,0,0,0,0,0,0,0,0,0,0,0,0,0,0,0,0,0,0,0,0,0,0,0,0,0,0,31,2026-02-06 05:13:56.268616
WNTR,24.94,24.94,24.95,2275200.0,2286600.0,0,0,0,0,0,0,0,0,0,0,0,0,0,0,0,0,0,0,0,0,0,0,0,0,0,0,31,2026-02-06 05:13:56.268616
SPNG,25.4,24.9,25.4,2418800.0,2364500.0,0,0,0,0,0,0,0,0,0,0,0,0,0,0,0,0,0,0,0,0,0,0,0,0,0,0,32,2026-02-06 05:13:57.318933
SMMR,24.63,24.63,24.85,2369200.0,2391100.0,0,0,0,0,0,0,0,0,0,0,0,0,0,0,0,0,0,0,0,0,0,0,0,0,0,0,32,2026-02-06 05:13:57.318933
ATMN,25.16,24.98,25.16,2067500.0,2021600.0,0,0,0,0,0,0,0,0,0,0,0,0,0,0,0,0,0,0,0,0,0,0,0,0,0,0,32,2026-02-06 05:13:57.318933
WNTR,24.96,24.78,24.96,2255800.0,2290400.0,0,0,0,0,0,0,0,0,0,0,0,0,0,0,0,0,0,0,0,0,0,0,0,0,0,0,32,2026-02-06 05:13:57.318933
SPNG,24.79,25.21,25.4,2344700.0,2364500.0,0,0,0,0,0,0,0,0,0,0,0,0,0,0,0,0,0,0,0,0,0,0,0,0,0,0,33,2026-02-06 05:13:58.377714
SMMR,24.85,24.63,24.85,2369200.0,2391100.0,0,0,0,0,0,0,0,0,0,0,0,0,0,0,0,0,0,0,0,0,0,0,0,0,0,0,33,2026-02-06 05:13:58.377714
ATMN,24.94,24.94,25.16,2059300.0,2021600.0,0,0,0,0,0,0,0,0,0,0,0,0,0,0,0,0,0,0,0,0,0,0,0,0,0,0,33,2026-02-06 05:13:58.377714
WNTR,24.96,24.9,24.95,2273300.0,2319100.0,0,0,0,0,0,0,0,0,0,0,0,0,0,0,0,0,0,0,0,0,0,0,0,0,0,0,33,2026-02-06 05:13:58.377714
SPNG,25.21,25.07,25.11,2346100.0,2349700.0,0,0,0,0,0,0,0,0,0,0,0,0,0,0,0,0,0,0,0,0,0,0,0,0,0,0,34,2026-02-06 05:13:59.543095
SMMR,24.85,24.82,24.85,2360600.0,2386500.0,0,0,0,0,0,0,0,0,0,0,0,0,0,0,0,0,0,0,0,0,0,0,0,0,0,0,34,2026-02-06 05:13:59.543095
ATMN,25.16,24.94,25.15,2068500.0,2004400.0,0,0,0,0,0,0,0,0,0,0,0,0,0,0,0,0,0,0,0,0,0,0,0,0,0,0,34,2026-02-06 05:13:59.543095
WNTR,24.95,24.9,24.95,2273300.0,2319100.0,0,0,0,0,0,0,0,0,0,0,0,0,0,0,0,0,0,0,0,0,0,0,0,0,0,0,34,2026-02-06 05:13:59.543095
SPNG,24.79,24.79,25.43,2371000.0,2347900.0,0,0,0,0,0,0,0,0,0,0,0,0,0,0,0,0,0,0,0,0,0,0,0,0,0,0,35,2026-02-06 05:14:00.749990
SMMR,25.0,24.82,24.96,2360600.0,2388900.0,0,0,0,0,0,0,0,0,0,0,0,0,0,0,0,0,0,0,0,0,0,0,0,0,0,0,35,2026-02-06 05:14:00.749990
ATMN,25.16,25.07,25.15,2070800.0,2055900.0,0,0,0,0,0,0,0,0,0,0,0,0,0,0,0,0,0,0,0,0,0,0,0,0,0,0,35,2026-02-06 05:14:00.749990
WNTR,24.98,24.76,24.98,2255400.0,2294000.0,0,0,0,0,0,0,0,0,0,0,0,0,0,0,0,0,0,0,0,0,0,0,0,0,0,0,35,2026-02-06 05:14:00.749990
SPNG,25.44,25.18,25.44,2364700.0,2353700.0,0,0,0,0,0,0,0,0,0,0,0,0,0,0,0,0,0,0,0,0,0,0,0,0,0,0,36,2026-02-06 05:14:01.379231
SMMR,25.0,24.82,24.9,2360600.0,2378800.0,0,0,0,0,0,0,0,0,0,0,0,0,0,0,0,0,0,0,0,0,0,0,0,0,0,0,36,2026-02-06 05:14:01.379231
ATMN,25.16,25.12,25.15,2080500.0,2034000.0,0,0,0,0,0,0,0,0,0,0,0,0,0,0,0,0,0,0,0,0,0,0,0,0,0,0,36,2026-02-06 05:14:01.379231
WNTR,24.98,24.76,24.89,2262500.0,2285900.0,0,0,0,0,0,0,0,0,0,0,0,0,0,0,0,0,0,0,0,0,0,0,0,0,0,0,36,2026-02-06 05:14:01.379231
SPNG,24.84,25.16,25.44,2413100.0,2353700.0,0,0,0,0,0,0,0,0,0,0,0,0,0,0,0,0,0,0,0,0,0,0,0,0,0,0,37,2026-02-06 05:14:02.466369
SMMR,24.65,24.89,24.9,2354000.0,2410200.0,0,0,0,0,0,0,0,0,0,0,0,0,0,0,0,0,0,0,0,0,0,0,0,0,0,0,37,2026-02-06 05:14:02.466369
ATMN,25.08,25.08,25.15,2067400.0,2034000.0,0,0,0,0,0,0,0,0,0,0,0,0,0,0,0,0,0,0,0,0,0,0,0,0,0,0,37,2026-02-06 05:14:02.466369
WNTR,24.98,24.84,24.98,2262500.0,2297700.0,0,0,0,0,0,0,0,0,0,0,0,0,0,0,0,0,0,0,0,0,0,0,0,0,0,0,37,2026-02-06 05:14:02.466369
SPNG,24.94,24.94,25.25,2390600.0,2292600.0,0,0,0,0,0,0,0,0,0,0,0,0,0,0,0,0,0,0,0,0,0,0,0,0,0,0,38,2026-02-06 05:14:03.562462
SMMR,24.9,24.9,24.96,2369900.0,2421600.0,0,0,0,0,0,0,0,0,0,0,0,0,0,0,0,0,0,0,0,0,0,0,0,0,0,0,38,2026-02-06 05:14:03.562462
ATMN,25.07,25.07,25.15,2046100.0,2045700.0,0,0,0,0,0,0,0,0,0,0,0,0,0,0,0,0,0,0,0,0,0,0,0,0,0,0,38,2026-02-06 05:14:03.562462
WNTR,25.02,24.8,25.02,2294100.0,2315800.0,0,0,0,0,0,0,0,0,0,0,0,0,0,0,0,0,0,0,0,0,0,0,0,0,0,0,38,2026-02-06 05:14:03.562462
SPNG,24.94,25.06,25.25,2348800.0,2292600.0,0,0,0,0,0,0,0,0,0,0,0,0,0,0,0,0,0,0,0,0,0,0,0,0,0,0,39,2026-02-06 05:14:04.626050
SMMR,24.57,24.52,24.54,2350600.0,2427700.0,0,0,0,0,0,0,0,0,0,0,0,0,0,0,0,0,0,0,0,0,0,0,0,0,0,0,39,2026-02-06 05:14:04.626050
ATMN,25.16,25.2,25.23,2057300.0,2073700.0,0,0,0,0,0,0,0,0,0,0,0,0,0,0,0,0,0,0,0,0,0,0,0,0,0,0,39,2026-02-06 05:14:04.626050
WNTR,25.04,24.8,25.04,2294100.0,2313700.0,0,0,0,0,0,0,0,0,0,0,0,0,0,0,0,0,0,0,0,0,0,0,0,0,0,0,39,2026-02-06 05:14:04.626050
SPNG,25.41,24.93,24.98,2349000.0,2316800.0,0,0,0,0,0,0,0,0,0,0,0,0,0,0,0,0,0,0,0,0,0,0,0,0,0,0,40,2026-02-06 05:14:05.677234
SMMR,24.97,24.59,24.74,2351000.0,2433400.0,0,0,0,0,0,0,0,0,0,0,0,0,0,0,0,0,0,0,0,0,0,0,0,0,0,0,40,2026-02-06 05:14:05.677234
ATMN,24.98,24.98,25.13,2040400.0,2070500.0,0,0,0,0,0,0,0,0,0,0,0,0,0,0,0,0,0,0,0,0,0,0,0,0,0,0,40,2026-02-06 05:14:05.677234
WNTR,24.76,24.76,25.04,2237600.0,2313700.0,0,0,0,0,0,0,0,0,0,0,0,0,0,0,0,0,0,0,0,0,0,0,0,0,0,0,40,2026-02-06 05:14:05.677234
SPNG,25.44,24.93,25.44,2349000.0,2353700.0,0,0,0,0,0,0,0,0,0,0,0,0,0,0,0,0,0,0,0,0,0,0,0,0,0,0,41,2026-02-06 05:14:06.734704
SMMR,24.74,24.77,24.97,2332400.0,2424100.0,0,0,0,0,0,0,0,0,0,0,0,0,0,0,0,0,0,0,0,0,0,0,0,0,0,0,41,2026-02-06 05:14:06.734704
ATMN,24.92,24.92,25.08,2035300.0,2073300.0,0,0,0,0,0,0,0,0,0,0,0,0,0,0,0,0,0,0,0,0,0,0,0,0,0,0,41,2026-02-06 05:14:06.734704
WNTR,24.76,24.76,24.91,2268100.0,2321000.0,0,0,0,0,0,0,0,0,0,0,0,0,0,0,0,0,0,0,0,0,0,0,0,0,0,0,41,2026-02-06 05:14:06.734704
SPNG,24.91,24.91,25.44,2361700.0,2362100.0,0,0,0,0,0,0,0,0,0,0,0,0,0,0,0,0,0,0,0,0,0,0,0,0,0,0,42,2026-02-06 05:14:07.345738
SMMR,24.67,24.67,24.73,2323400.0,2424100.0,0,0,0,0,0,0,0,0,0,0,0,0,0,0,0,0,0,0,0,0,0,0,0,0,0,0,42,2026-02-06 05:14:07.345738
ATMN,24.92,24.92,25.08,2050000.0,2073300.0,0,0,0,0,0,0,0,0,0,0,0,0,0,0,0,0,0,0,0,0,0,0,0,0,0,0,42,2026-02-06 05:14:07.345738
WNTR,25.04,24.76,25.04,2268100.0,2296200.0,0,0,0,0,0,0,0,0,0,0,0,0,0,0,0,0,0,0,0,0,0,0,0,0,0,0,42,2026-02-06 05:14:07.345738
SPNG,24.83,24.83,25.44,2372300.0,2370600.0,0,0,0,0,0,0,0,0,0,0,0,0,0,0,0,0,0,0,0,0,0,0,0,0,0,0,43,2026-02-06 05:14:08.404946
SMMR,24.82,24.74,24.82,2354700.0,2403400.0,0,0,0,0,0,0,0,0,0,0,0,0,0,0,0,0,0,0,0,0,0,0,0,0,0,0,43,2026-02-06 05:14:08.404946
ATMN,25.23,24.94,25.23,2077300.0,2073700.0,0,0,0,0,0,0,0,0,0,0,0,0,0,0,0,0,0,0,0,0,0,0,0,0,0,0,43,2026-02-06 05:14:08.404946
WNTR,25.06,24.76,25.03,2293500.0,2318000.0,0,0,0,0,0,0,0,0,0,0,0,0,0,0,0,0,0,0,0,0,0,0,0,0,0,0,43,2026-02-06 05:14:08.404946
SPNG,25.57,24.99,25.57,2365700.0,2407100.0,0,0,0,0,0,0,0,0,0,0,0,0,0,0,0,0,0,0,0,0,0,0,0,0,0,0,44,2026-02-06 05:14:09.486695
SMMR,24.78,24.87,24.97,2355000.0,2442700.0,0,0,0,0,0,0,0,0,0,0,0,0,0,0,0,0,0,0,0,0,0,0,0,0,0,0,44,2026-02-06 05:14:09.486695
ATMN,24.94,25.18,25.23,2073200.0,2073700.0,0,0,0,0,0,0,0,0,0,0,0,0,0,0,0,0,0,0,0,0,0,0,0,0,0,0,44,2026-02-06 05:14:09.486695
WNTR,25.0,24.76,24.88,2293500.0,2311100.0,0,0,0,0,0,0,0,0,0,0,0,0,0,0,0,0,0,0,0,0,0,0,0,0,0,0,44,2026-02-06 05:14:09.486695
SPNG,24.99,24.83,24.92,2372300.0,2438700.0,0,0,0,0,0,0,0,0,0,0,0,0,0,0,0,0,0,0,0,0,0,0,0,0,0,0,45,2026-02-06 05:14:10.595692
SMMR,24.87,24.76,24.87,2345500.0,2415200.0,0,0,0,0,0,0,0,0,0,0,0,0,0,0,0,0,0,0,0,0,0,0,0,0,0,0,45,2026-02-06 05:14:10.595692
ATMN,24.92,25.22,25.23,2087200.0,2073700.0,0,0,0,0,0,0,0,0,0,0,0,0,0,0,0,0,0,0,0,0,0,0,0,0,0,0,45,2026-02-06 05:14:10.595692
WNTR,24.95,24.76,24.91,2293500.0,2303500.0,0,0,0,0,0,0,0,0,0,0,0,0,0,0,0,0,0,0,0,0,0,0,0,0,0,0,45,2026-02-06 05:14:10.595692
SPNG,24.75,24.75,25.58,2374200.0,2441600.0,0,0,0,0,0,0,0,0,0,0,0,0,0,0,0,0,0,0,0,0,0,0,0,0,0,0,46,2026-02-06 05:14:11.688996
SMMR,24.87,24.76,24.81,2300800.0,2442600.0,0,0,0,0,0,0,0,0,0,0,0,0,0,0,0,0,0,0,0,0,0,0,0,0,0,0,46,2026-02-06 05:14:11.688996
ATMN,24.9,24.9,25.15,2094000.0,2055800.0,0,0,0,0,0,0,0,0,0,0,0,0,0,0,0,0,0,0,0,0,0,0,0,0,0,0,46,2026-02-06 05:14:11.688996
WNTR,24.95,24.76,24.83,2293500.0,2310000.0,0,0,0,0,0,0,0,0,0,0,0,0,0,0,0,0,0,0,0,0,0,0,0,0,0,0,46,2026-02-06 05:14:11.688996
SPNG,24.75,24.93,25.64,2369200.0,2441600.0,0,0,0,0,0,0,0,0,0,0,0,0,0,0,0,0,0,0,0,0,0,0,0,0,0,0,47,2026-02-06 05:14:12.758618
SMMR,24.87,24.89,24.91,2309500.0,2418100.0,0,0,0,0,0,0,0,0,0,0,0,0,0,0,0,0,0,0,0,0,0,0,0,0,0,0,47,2026-02-06 05:14:12.758618
ATMN,24.87,25.09,25.12,2070900.0,2072600.0,0,0,0,0,0,0,0,0,0,0,0,0,0,0,0,0,0,0,0,0,0,0,0,0,0,0,47,2026-02-06 05:14:12.758618
WNTR,24.87,24.75,24.87,2251600.0,2319100.0,0,0,0,0,0,0,0,0,0,0,0,0,0,0,0,0,0,0,0,0,0,0,0,0,0,0,47,2026-02-06 05:14:12.758618
SPNG,24.75,25.28,25.64,2392800.0,2441600.0,0,0,0,0,0,0,0,0,0,0,0,0,0,0,0,0,0,0,0,0,0,0,0,0,0,0,48,2026-02-06 05:14:13.389312
SMMR,24.87,24.89,24.91,2309500.0,2418100.0,0,0,0,0,0,0,0,0,0,0,0,0,0,0,0,0,0,0,0,0,0,0,0,0,0,0,48,2026-02-06 05:14:13.389312
ATMN,25.23,25.09,25.23,2070900.0,2073700.0,0,0,0,0,0,0,0,0,0,0,0,0,0,0,0,0,0,0,0,0,0,0,0,0,0,0,48,2026-02-06 05:14:13.389312
WNTR,24.99,24.75,24.99,2264500.0,2343500.0,0,0,0,0,0,0,0,0,0,0,0,0,0,0,0,0,0,0,0,0,0,0,0,0,0,0,48,2026-02-06 05:14:13.389312
SPNG,24.84,24.84,25.64,2402800.0,2441600.0,0,0,0,0,0,0,0,0,0,0,0,0,0,0,0,0,0,0,0,0,0,0,0,0,0,0,49,2026-02-06 05:14:14.451598
SMMR,24.71,24.83,24.91,2318600.0,2418100.0,0,0,0,0,0,0,0,0,0,0,0,0,0,0,0,0,0,0,0,0,0,0,0,0,0,0,49,2026-02-06 05:14:14.451598
ATMN,25.29,24.83,25.29,2070800.0,2054600.0,0,0,0,0,0,0,0,0,0,0,0,0,0,0,0,0,0,0,0,0,0,0,0,0,0,0,49,2026-02-06 05:14:14.451598
WNTR,24.99,24.75,24.99,2264500.0,2343500.0,0,0,0,0,0,0,0,0,0,0,0,0,0,0,0,0,0,0,0,0,0,0,0,0,0,0,49,2026-02-06 05:14:14.451598
SPNG,25.39,24.9,25.14,2401100.0,2407000.0,0,0,0,0,0,0,0,0,0,0,0,0,0,0,0,0,0,0,0,0,0,0,0,0,0,0,50,2026-02-06 05:14:15.612989
SMMR,24.71,24.83,24.91,2298200.0,2426000.0,0,0,0,0,0,0,0,0,0,0,0,0,0,0,0,0,0,0,0,0,0,0,0,0,0,0,50,2026-02-06 05:14:15.612989
ATMN,24.82,24.82,25.3,2059500.0,2036400.0,0,0,0,0,0,0,0,0,0,0,0,0,0,0,0,0,0,0,0,0,0,0,0,0,0,0,50,2026-02-06 05:14:15.612989
WNTR,24.75,24.75,24.99,2282300.0,2343500.0,0,0,0,0,0,0,0,0,0,0,0,0,0,0,0,0,0,0,0,0,0,0,0,0,0,0,50,2026-02-06 05:14:15.612989
SPNG,24.9,24.9,25.64,2401100.0,2412200.0,0,0,0,0,0,0,0,0,0,0,0,0,0,0,0,0,0,0,0,0,0,0,0,0,0,0,51,2026-02-06 05:14:16.668816
SMMR,24.83,24.73,24.78,2286600.0,2465200.0,0,0,0,0,0,0,0,0,0,0,0,0,0,0,0,0,0,0,0,0,0,0,0,0,0,0,51,2026-02-06 05:14:16.668816
ATMN,25.13,25.13,25.3,2068700.0,2051300.0,0,0,0,0,0,0,0,0,0,0,0,0,0,0,0,0,0,0,0,0,0,0,0,0,0,0,51,2026-02-06 05:14:16.668816
WNTR,24.94,24.75,24.78,2282300.0,2320100.0,0,0,0,0,0,0,0,0,0,0,0,0,0,0,0,0,0,0,0,0,0,0,0,0,0,0,51,2026-02-06 05:14:16.668816
SPNG,24.84,25.36,25.64,2398100.0,2422300.0,0,0,0,0,0,0,0,0,0,0,0,0,0,0,0,0,0,0,0,0,0,0,0,0,0,0,52,2026-02-06 05:14:17.721403
SMMR,24.72,24.72,24.78,2295000.0,2465200.0,0,0,0,0,0,0,0,0,0,0,0,0,0,0,0,0,0,0,0,0,0,0,0,0,0,0,52,2026-02-06 05:14:17.721403
ATMN,24.96,25.06,25.3,2038200.0,2047200.0,0,0,0,0,0,0,0,0,0,0,0,0,0,0,0,0,0,0,0,0,0,0,0,0,0,0,52,2026-02-06 05:14:17.721403
WNTR,24.75,24.77,24.99,2291500.0,2343500.0,0,0,0,0,0,0,0,0,0,0,0,0,0,0,0,0,0,0,0,0,0,0,0,0,0,0,52,2026-02-06 05:14:17.721403
SPNG,25.04,25.25,25.64,2406600.0,2390000.0,0,0,0,0,0,0,0,0,0,0,0,0,0,0,0,0,0,0,0,0,0,0,0,0,0,0,53,2026-02-06 05:14:18.769449
SMMR,24.67,24.67,24.78,2347300.0,2465200.0,0,0,0,0,0,0,0,0,0,0,0,0,0,0,0,0,0,0,0,0,0,0,0,0,0,0,53,2026-02-06 05:14:18.769449
ATMN,24.82,25.08,25.3,2077500.0,2051700.0,0,0,0,0,0,0,0,0,0,0,0,0,0,0,0,0,0,0,0,0,0,0,0,0,0,0,53,2026-02-06 05:14:18.769449
WNTR,24.75,24.95,24.99,2271900.0,2343500.0,0,0,0,0,0,0,0,0,0,0,0,0,0,0,0,0,0,0,0,0,0,0,0,0,0,0,53,2026-02-06 05:14:18.769449
SPNG,25.25,24.84,25.03,2402800.0,2378000.0,0,0,0,0,0,0,0,0,0,0,0,0,0,0,0,0,0,0,0,0,0,0,0,0,0,0,54,2026-02-06 05:14:19.836472
SMMR,24.78,24.83,24.92,2378300.0,2427800.0,0,0,0,0,0,0,0,0,0,0,0,0,0,0,0,0,0,0,0,0,0,0,0,0,0,0,54,2026-02-06 05:14:19.836472
ATMN,25.08,24.82,25.06,2047100.0,2037000.0,0,0,0,0,0,0,0,0,0,0,0,0,0,0,0,0,0,0,0,0,0,0,0,0,0,0,54,2026-02-06 05:14:19.836472
WNTR,24.95,24.9,24.92,2288500.0,2369100.0,0,0,0,0,0,0,0,0,0,0,0,0,0,0,0,0,0,0,0,0,0,0,0,0,0,0,54,2026-02-06 05:14:19.836472
SPNG,25.25,24.84,25.03,2435000.0,2378000.0,0,0,0,0,0,0,0,0,0,0,0,0,0,0,0,0,0,0,0,0,0,0,0,0,0,0,55,2026-02-06 05:14:20.905991
SMMR,24.6,24.78,24.9,2345200.0,2458000.0,0,0,0,0,0,0,0,0,0,0,0,0,0,0,0,0,0,0,0,0,0,0,0,0,0,0,55,2026-02-06 05:14:20.905991
ATMN,24.82,24.82,25.3,2047100.0,2036000.0,0,0,0,0,0,0,0,0,0,0,0,0,0,0,0,0,0,0,0,0,0,0,0,0,0,0,55,2026-02-06 05:14:20.905991
WNTR,24.83,24.83,24.92,2283500.0,2365100.0,0,0,0,0,0,0,0,0,0,0,0,0,0,0,0,0,0,0,0,0,0,0,0,0,0,0,55,2026-02-06 05:14:20.905991
SPNG,25.03,25.42,25.49,2448600.0,2369900.0,0,0,0,0,0,0,0,0,0,0,0,0,0,0,0,0,0,0,0,0,0,0,0,0,0,0,56,2026-02-06 05:14:21.449795
SMMR,24.92,24.82,24.92,2351000.0,2427800.0,0,0,0,0,0,0,0,0,0,0,0,0,0,0,0,0,0,0,0,0,0,0,0,0,0,0,56,2026-02-06 05:14:21.449795
ATMN,24.81,24.81,25.3,2097600.0,2036000.0,0,0,0,0,0,0,0,0,0,0,0,0,0,0,0,0,0,0,0,0,0,0,0,0,0,0,56,2026-02-06 05:14:21.449795
WNTR,24.83,24.83,24.92,2283500.0,2344600.0,0,0,0,0,0,0,0,0,0,0,0,0,0,0,0,0,0,0,0,0,0,0,0,0,0,0,56,2026-02-06 05:14:21.449795
SPNG,25.64,24.84,25.15,2435000.0,2369000.0,0,0,0,0,0,0,0,0,0,0,0,0,0,0,0,0,0,0,0,0,0,0,0,0,0,0,57,2026-02-06 05:14:22.496541
SMMR,24.82,24.78,24.92,2345200.0,2486000.0,0,0,0,0,0,0,0,0,0,0,0,0,0,0,0,0,0,0,0,0,0,0,0,0,0,0,57,2026-02-06 05:14:22.496541
ATMN,24.75,24.75,25.28,2073100.0,2025700.0,0,0,0,0,0,0,0,0,0,0,0,0,0,0,0,0,0,0,0,0,0,0,0,0,0,0,57,2026-02-06 05:14:22.496541
WNTR,24.99,25.01,25.02,2298100.0,2328000.0,0,0,0,0,0,0,0,0,0,0,0,0,0,0,0,0,0,0,0,0,0,0,0,0,0,0,57,2026-02-06 05:14:22.496541
SPNG,25.15,25.43,25.64,2395600.0,2390000.0,0,0,0,0,0,0,0,0,0,0,0,0,0,0,0,0,0,0,0,0,0,0,0,0,0,0,58,2026-02-06 05:14:23.593964
SMMR,24.6,24.67,24.93,2340200.0,2500700.0,0,0,0,0,0,0,0,0,0,0,0,0,0,0,0,0,0,0,0,0,0,0,0,0,0,0,58,2026-02-06 05:14:23.593964
ATMN,24.75,25.09,25.22,2097500.0,2025400.0,0,0,0,0,0,0,0,0,0,0,0,0,0,0,0,0,0,0,0,0,0,0,0,0,0,0,58,2026-02-06 05:14:23.593964
WNTR,25.02,25.01,25.02,2298100.0,2332100.0,0,0,0,0,0,0,0,0,0,0,0,0,0,0,0,0,0,0,0,0,0,0,0,0,0,0,58,2026-02-06 05:14:23.593964
SPNG,25.28,25.39,25.64,2388700.0,2346100.0,0,0,0,0,0,0,0,0,0,0,0,0,0,0,0,0,0,0,0,0,0,0,0,0,0,0,59,2026-02-06 05:14:24.664003
SMMR,24.89,24.67,24.69,2340200.0,2515700.0,0,0,0,0,0,0,0,0,0,0,0,0,0,0,0,0,0,0,0,0,0,0,0,0,0,0,59,2026-02-06 05:14:24.664003
ATMN,24.75,24.75,25.22,2073100.0,2025400.0,0,0,0,0,0,0,0,0,0,0,0,0,0,0,0,0,0,0,0,0,0,0,0,0,0,0,59,2026-02-06 05:14:24.664003
WNTR,25.03,25.01,25.03,2313500.0,2345800.0,0,0,0,0,0,0,0,0,0,0,0,0,0,0,0,0,0,0,0,0,0,0,0,0,0,0,59,2026-02-06 05:14:24.664003
SPNG,25.13,26.25,0.0,200000.0,,0,0,0,0,0,0,0,0,0,0,0,0,0,0,0,0,0,0,0,0,0,0,0,0,0,0,60,2026-02-06 05:14:25.736421
SMMR,24.93,23.51,0.0,200000.0,,0,0,0,0,0,0,0,0,0,0,0,0,0,0,0,0,0,0,0,0,0,0,0,0,0,0,60,2026-02-06 05:14:25.736421
ATMN,24.89,24.65,25.02,933600.0,776800.0,0,0,0,0,0,0,0,0,0,0,0,0,0,0,0,0,0,0,0,0,0,0,0,0,0,0,60,2026-02-06 05:14:25.736421
WNTR,25.71,24.93,25.53,883200.0,824800.0,0,0,0,0,0,0,0,0,0,0,0,0,0,0,0,0,0,0,0,0,0,0,0,0,0,0,60,2026-02-06 05:14:25.736421
SPNG,25.92,25.48,25.92,1174800.0,791000.0,0,0,0,0,0,0,0,0,0,0,0,0,0,0,0,0,0,0,0,0,0,0,0,0,0,0,61,2026-02-06 05:14:26.806968
SMMR,23.51,23.51,23.53,1170000.0,1193200.0,0,0,0,0,0,0,0,0,0,0,0,0,0,0,0,0,0,0,0,0,0,0,0,0,0,0,61,2026-02-06 05:14:26.806968
ATMN,23.6,23.6,25.02,975800.0,987100.0,0,0,0,0,0,0,0,0,0,0,0,0,0,0,0,0,0,0,0,0,0,0,0,0,0,0,61,2026-02-06 05:14:26.806968
WNTR,25.38,25.38,25.8,883200.0,940700.0,0,0,0,0,0,0,0,0,0,0,0,0,0,0,0,0,0,0,0,0,0,0,0,0,0,0,61,2026-02-06 05:14:26.806968
SPNG,25.92,25.86,25.92,1502100.0,791000.0,0,0,0,0,0,0,0,0,0,0,0,0,0,0,0,0,0,0,0,0,0,0,0,0,0,0,62,2026-02-06 05:14:27.856225
SMMR,23.55,23.58,23.79,1207200.0,916300.0,0,0,0,0,0,0,0,0,0,0,0,0,0,0,0,0,0,0,0,0,0,0,0,0,0,0,62,2026-02-06 05:14:27.856225
ATMN,25.07,24.37,24.87,1069300.0,1006300.0,0,0,0,0,0,0,0,0,0,0,0,0,0,0,0,0,0,0,0,0,0,0,0,0,0,0,62,2026-02-06 05:14:27.856225
WNTR,25.91,25.9,25.91,978400.0,819300.0,0,0,0,0,0,0,0,0,0,0,0,0,0,0,0,0,0,0,0,0,0,0,0,0,0,0,62,2026-02-06 05:14:27.856225
SPNG,26.13,26.15,26.57,1594600.0,1002300.0,0,0,0,0,0,0,0,0,0,0,0,0,0,0,0,0,0,0,0,0,0,0,0,0,0,0,63,2026-02-06 05:14:28.907478
SMMR,23.58,23.47,23.57,1208700.0,1197300.0,0,0,0,0,0,0,0,0,0,0,0,0,0,0,0,0,0,0,0,0,0,0,0,0,0,0,63,2026-02-06 05:14:28.907478
ATMN,24.53,24.61,24.87,1152200.0,1098600.0,0,0,0,0,0,0,0,0,0,0,0,0,0,0,0,0,0,0,0,0,0,0,0,0,0,0,63,2026-02-06 05:14:28.907478
WNTR,25.9,25.57,25.73,977300.0,1133800.0,0,0,0,0,0,0,0,0,0,0,0,0,0,0,0,0,0,0,0,0,0,0,0,0,0,0,63,2026-02-06 05:14:28.907478
SPNG,26.13,26.15,26.27,1594600.0,1324400.0,0,0,0,0,0,0,0,0,0,0,0,0,0,0,0,0,0,0,0,0,0,0,0,0,0,0,64,2026-02-06 05:14:29.465582
SMMR,23.58,23.47,23.52,1340900.0,1455000.0,0,0,0,0,0,0,0,0,0,0,0,0,0,0,0,0,0,0,0,0,0,0,0,0,0,0,64,2026-02-06 05:14:29.465582
ATMN,24.61,24.37,24.6,1069300.0,1301000.0,0,0,0,0,0,0,0,0,0,0,0,0,0,0,0,0,0,0,0,0,0,0,0,0,0,0,64,2026-02-06 05:14:29.465582
WNTR,25.9,25.57,25.73,1115200.0,1133800.0,0,0,0,0,0,0,0,0,0,0,0,0,0,0,0,0,0,0,0,0,0,0,0,0,0,0,64,2026-02-06 05:14:29.465582
SPNG,26.27,26.15,26.27,1710000.0,1422000.0,0,0,0,0,0,0,0,0,0,0,0,0,0,0,0,0,0,0,0,0,0,0,0,0,0,0,65,2026-02-06 05:14:30.524342
SMMR,23.53,23.47,23.53,1340900.0,1459600.0,0,0,0,0,0,0,0,0,0,0,0,0,0,0,0,0,0,0,0,0,0,0,0,0,0,0,65,2026-02-06 05:14:30.524342
ATMN,24.6,24.7,24.8,1368200.0,1217600.0,0,0,0,0,0,0,0,0,0,0,0,0,0,0,0,0,0,0,0,0,0,0,0,0,0,0,65,2026-02-06 05:14:30.524342
WNTR,25.69,25.69,25.73,1224800.0,1225300.0,0,0,0,0,0,0,0,0,0,0,0,0,0,0,0,0,0,0,0,0,0,0,0,0,0,0,65,2026-02-06 05:14:30.524342
SPNG,26.06,26.06,26.37,1617500.0,1328600.0,0,0,0,0,0,0,0,0,0,0,0,0,0,0,0,0,0,0,0,0,0,0,0,0,0,0,66,2026-02-06 05:14:31.627011
SMMR,23.46,23.5,23.51,1444100.0,1572800.0,0,0,0,0,0,0,0,0,0,0,0,0,0,0,0,0,0,0,0,0,0,0,0,0,0,0,66,2026-02-06 05:14:31.627011
ATMN,24.7,24.42,24.46,1631500.0,1336000.0,0,0,0,0,0,0,0,0,0,0,0,0,0,0,0,0,0,0,0,0,0,0,0,0,0,0,66,2026-02-06 05:14:31.627011
WNTR,25.78,25.78,25.91,1427500.0,1124800.0,0,0,0,0,0,0,0,0,0,0,0,0,0,0,0,0,0,0,0,0,0,0,0,0,0,0,66,2026-02-06 05:14:31.627011
SPNG,25.86,25.86,26.37,1881300.0,1328600.0,0,0,0,0,0,0,0,0,0,0,0,0,0,0,0,0,0,0,0,0,0,0,0,0,0,0,67,2026-02-06 05:14:32.732230
SMMR,23.45,23.45,23.51,1195900.0,1692400.0,0,0,0,0,0,0,0,0,0,0,0,0,0,0,0,0,0,0,0,0,0,0,0,0,0,0,67,2026-02-06 05:14:32.732230
ATMN,24.64,24.42,24.58,1723200.0,1305300.0,0,0,0,0,0,0,0,0,0,0,0,0,0,0,0,0,0,0,0,0,0,0,0,0,0,0,67,2026-02-06 05:14:32.732230
WNTR,25.67,25.67,25.72,1208000.0,1444500.0,0,0,0,0,0,0,0,0,0,0,0,0,0,0,0,0,0,0,0,0,0,0,0,0,0,0,67,2026-02-06 05:14:32.732230
SPNG,26.47,26.47,26.57,2234200.0,1115800.0,0,0,0,0,0,0,0,0,0,0,0,0,0,0,0,0,0,0,0,0,0,0,0,0,0,0,68,2026-02-06 05:14:33.805917
SMMR,23.57,23.6,23.79,1464900.0,1311000.0,0,0,0,0,0,0,0,0,0,0,0,0,0,0,0,0,0,0,0,0,0,0,0,0,0,0,68,2026-02-06 05:14:33.805917
ATMN,24.58,24.78,24.8,2038300.0,1217600.0,0,0,0,0,0,0,0,0,0,0,0,0,0,0,0,0,0,0,0,0,0,0,0,0,0,0,68,2026-02-06 05:14:33.805917
WNTR,25.67,25.68,25.72,1446000.0,1536100.0,0,0,0,0,0,0,0,0,0,0,0,0,0,0,0,0,0,0,0,0,0,0,0,0,0,0,68,2026-02-06 05:14:33.805917
SPNG,26.47,26.47,26.57,2234200.0,1429500.0,0,0,0,0,0,0,0,0,0,0,0,0,0,0,0,0,0,0,0,0,0,0,0,0,0,0,69,2026-02-06 05:14:34.873681
SMMR,23.57,23.6,23.79,1464900.0,1704100.0,0,0,0,0,0,0,0,0,0,0,0,0,0,0,0,0,0,0,0,0,0,0,0,0,0,0,69,2026-02-06 05:14:34.873681
ATMN,24.87,24.42,24.52,2062100.0,1186000.0,0,0,0,0,0,0,0,0,0,0,0,0,0,0,0,0,0,0,0,0,0,0,0,0,0,0,69,2026-02-06 05:14:34.873681
WNTR,25.72,25.68,25.72,1577100.0,1626300.0,0,0,0,0,0,0,0,0,0,0,0,0,0,0,0,0,0,0,0,0,0,0,0,0,0,0,69,2026-02-06 05:14:34.873681
SPNG,26.47,25.86,26.3,2115200.0,1830600.0,0,0,0,0,0,0,0,0,0,0,0,0,0,0,0,0,0,0,0,0,0,0,0,0,0,0,70,2026-02-06 05:14:35.931160
SMMR,23.43,23.43,23.55,1063200.0,1805200.0,0,0,0,0,0,0,0,0,0,0,0,0,0,0,0,0,0,0,0,0,0,0,0,0,0,0,70,2026-02-06 05:14:35.931160
ATMN,24.41,24.41,24.87,2062700.0,1098600.0,0,0,0,0,0,0,0,0,0,0,0,0,0,0,0,0,0,0,0,0,0,0,0,0,0,0,70,2026-02-06 05:14:35.931160
WNTR,25.75,25.68,25.75,1577100.0,1606000.0,0,0,0,0,0,0,0,0,0,0,0,0,0,0,0,0,0,0,0,0,0,0,0,0,0,0,70,2026-02-06 05:14:35.931160
SPNG,26.5,26.1,26.5,2241100.0,1713300.0,0,0,0,0,0,0,0,0,0,0,0,0,0,0,0,0,0,0,0,0,0,0,0,0,0,0,71,2026-02-06 05:14:36.493996
SMMR,23.43,23.49,23.55,1213400.0,2064200.0,0,0,0,0,0,0,0,0,0,0,0,0,0,0,0,0,0,0,0,0,0,0,0,0,0,0,71,2026-02-06 05:14:36.493996
ATMN,24.69,24.41,24.69,2062700.0,1211400.0,0,0,0,0,0,0,0,0,0,0,0,0,0,0,0,0,0,0,0,0,0,0,0,0,0,0,71,2026-02-06 05:14:36.493996
WNTR,25.75,25.68,25.75,1577100.0,1731700.0,0,0,0,0,0,0,0,0,0,0,0,0,0,0,0,0,0,0,0,0,0,0,0,0,0,0,71,2026-02-06 05:14:36.493996
SPNG,26.57,25.84,26.57,2014000.0,1617200.0,0,0,0,0,0,0,0,0,0,0,0,0,0,0,0,0,0,0,0,0,0,0,0,0,0,0,72,2026-02-06 05:14:37.729056
SMMR,23.52,23.49,23.52,1213400.0,2317200.0,0,0,0,0,0,0,0,0,0,0,0,0,0,0,0,0,0,0,0,0,0,0,0,0,0,0,72,2026-02-06 05:14:37.729056
ATMN,24.69,24.48,24.49,2241600.0,1314900.0,0,0,0,0,0,0,0,0,0,0,0,0,0,0,0,0,0,0,0,0,0,0,0,0,0,0,72,2026-02-06 05:14:37.729056
WNTR,25.71,25.68,25.71,1785900.0,1855400.0,0,0,0,0,0,0,0,0,0,0,0,0,0,0,0,0,0,0,0,0,0,0,0,0,0,0,72,2026-02-06 05:14:37.729056
SPNG,26.13,26.47,26.57,2414700.0,1617200.0,0,0,0,0,0,0,0,0,0,0,0,0,0,0,0,0,0,0,0,0,0,0,0,0,0,0,73,2026-02-06 05:14:38.838393
SMMR,23.49,23.49,23.61,1213400.0,2189700.0,0,0,0,0,0,0,0,0,0,0,0,0,0,0,0,0,0,0,0,0,0,0,0,0,0,0,73,2026-02-06 05:14:38.838393
ATMN,24.48,24.48,24.69,2182200.0,1211400.0,0,0,0,0,0,0,0,0,0,0,0,0,0,0,0,0,0,0,0,0,0,0,0,0,0,0,73,2026-02-06 05:14:38.838393
WNTR,25.78,25.71,25.76,1875900.0,1854300.0,0,0,0,0,0,0,0,0,0,0,0,0,0,0,0,0,0,0,0,0,0,0,0,0,0,0,73,2026-02-06 05:14:38.838393
SPNG,25.59,25.59,26.57,2297600.0,1861900.0,0,0,0,0,0,0,0,0,0,0,0,0,0,0,0,0,0,0,0,0,0,0,0,0,0,0,74,2026-02-06 05:14:39.933346
SMMR,23.43,23.28,23.3,1067100.0,2336000.0,0,0,0,0,0,0,0,0,0,0,0,0,0,0,0,0,0,0,0,0,0,0,0,0,0,0,74,2026-02-06 05:14:39.933346
ATMN,24.48,24.64,24.69,2171100.0,1411400.0,0,0,0,0,0,0,0,0,0,0,0,0,0,0,0,0,0,0,0,0,0,0,0,0,0,0,74,2026-02-06 05:14:39.933346
WNTR,25.78,25.71,25.76,2248500.0,1854300.0,0,0,0,0,0,0,0,0,0,0,0,0,0,0,0,0,0,0,0,0,0,0,0,0,0,0,74,2026-02-06 05:14:39.933346
SPNG,26.58,25.86,26.58,2415100.0,1746600.0,0,0,0,0,0,0,0,0,0,0,0,0,0,0,0,0,0,0,0,0,0,0,0,0,0,0,75,2026-02-06 05:14:40.991313
SMMR,23.3,23.28,23.3,1362500.0,2336000.0,0,0,0,0,0,0,0,0,0,0,0,0,0,0,0,0,0,0,0,0,0,0,0,0,0,0,75,2026-02-06 05:14:40.991313
ATMN,24.74,24.48,24.74,2182200.0,1298600.0,0,0,0,0,0,0,0,0,0,0,0,0,0,0,0,0,0,0,0,0,0,0,0,0,0,0,75,2026-02-06 05:14:40.991313
WNTR,25.76,25.71,25.76,2248500.0,1977700.0,0,0,0,0,0,0,0,0,0,0,0,0,0,0,0,0,0,0,0,0,0,0,0,0,0,0,75,2026-02-06 05:14:40.991313
SPNG,25.86,25.86,26.58,2415100.0,1746600.0,0,0,0,0,0,0,0,0,0,0,0,0,0,0,0,0,0,0,0,0,0,0,0,0,0,0,76,2026-02-06 05:14:41.561026
SMMR,23.3,23.51,23.61,1631100.0,2189700.0,0,0,0,0,0,0,0,0,0,0,0,0,0,0,0,0,0,0,0,0,0,0,0,0,0,0,76,2026-02-06 05:14:41.561026
ATMN,24.74,24.48,24.74,2182200.0,1401500.0,0,0,0,0,0,0,0,0,0,0,0,0,0,0,0,0,0,0,0,0,0,0,0,0,0,0,76,2026-02-06 05:14:41.561026
WNTR,25.76,25.71,25.76,2258100.0,2102300.0,0,0,0,0,0,0,0,0,0,0,0,0,0,0,0,0,0,0,0,0,0,0,0,0,0,0,76,2026-02-06 05:14:41.561026
SPNG,26.06,25.86,26.06,2358500.0,1952700.0,0,0,0,0,0,0,0,0,0,0,0,0,0,0,0,0,0,0,0,0,0,0,0,0,0,0,77,2026-02-06 05:14:42.709053
SMMR,23.3,23.51,23.52,1894000.0,2419600.0,0,0,0,0,0,0,0,0,0,0,0,0,0,0,0,0,0,0,0,0,0,0,0,0,0,0,77,2026-02-06 05:14:42.709053
ATMN,24.74,24.41,24.74,2181200.0,1303600.0,0,0,0,0,0,0,0,0,0,0,0,0,0,0,0,0,0,0,0,0,0,0,0,0,0,0,77,2026-02-06 05:14:42.709053
WNTR,25.67,25.67,25.76,2279600.0,2083800.0,0,0,0,0,0,0,0,0,0,0,0,0,0,0,0,0,0,0,0,0,0,0,0,0,0,0,77,2026-02-06 05:14:42.709053
SPNG,26.64,25.9,26.64,2311800.0,1729700.0,0,0,0,0,0,0,0,0,0,0,0,0,0,0,0,0,0,0,0,0,0,0,0,0,0,0,78,2026-02-06 05:14:43.792120
SMMR,23.49,23.28,23.4,1625400.0,2419500.0,0,0,0,0,0,0,0,0,0,0,0,0,0,0,0,0,0,0,0,0,0,0,0,0,0,0,78,2026-02-06 05:14:43.792120
ATMN,24.55,24.41,24.55,2164900.0,1405300.0,0,0,0,0,0,0,0,0,0,0,0,0,0,0,0,0,0,0,0,0,0,0,0,0,0,0,78,2026-02-06 05:14:43.792120
WNTR,25.67,25.74,25.76,2269600.0,2083800.0,0,0,0,0,0,0,0,0,0,0,0,0,0,0,0,0,0,0,0,0,0,0,0,0,0,0,78,2026-02-06 05:14:43.792120
SPNG,26.64,25.9,26.06,2292100.0,1934000.0,0,0,0,0,0,0,0,0,0,0,0,0,0,0,0,0,0,0,0,0,0,0,0,0,0,0,79,2026-02-06 05:14:44.949807
SMMR,23.61,23.44,23.61,1888800.0,2277800.0,0,0,0,0,0,0,0,0,0,0,0,0,0,0,0,0,0,0,0,0,0,0,0,0,0,0,79,2026-02-06 05:14:44.949807
ATMN,24.73,24.47,24.6,2160000.0,1408800.0,0,0,0,0,0,0,0,0,0,0,0,0,0,0,0,0,0,0,0,0,0,0,0,0,0,0,79,2026-02-06 05:14:44.949807
WNTR,25.67,25.67,25.72,2279600.0,2097100.0,0,0,0,0,0,0,0,0,0,0,0,0,0,0,0,0,0,0,0,0,0,0,0,0,0,0,79,2026-02-06 05:14:44.949807
SPNG,26.64,25.9,26.06,2298200.0,1934000.0,0,0,0,0,0,0,0,0,0,0,0,0,0,0,0,0,0,0,0,0,0,0,0,0,0,0,80,2026-02-06 05:14:45.562609
SMMR,23.61,23.62,23.66,2003200.0,2277900.0,0,0,0,0,0,0,0,0,0,0,0,0,0,0,0,0,0,0,0,0,0,0,0,0,0,0,80,2026-02-06 05:14:45.562609
ATMN,24.73,24.47,24.6,2180100.0,1517000.0,0,0,0,0,0,0,0,0,0,0,0,0,0,0,0,0,0,0,0,0,0,0,0,0,0,0,80,2026-02-06 05:14:45.562609
WNTR,25.62,25.62,25.71,2306800.0,2116700.0,0,0,0,0,0,0,0,0,0,0,0,0,0,0,0,0,0,0,0,0,0,0,0,0,0,0,80,2026-02-06 05:14:45.562609
SPNG,26.06,26.2,26.64,2302800.0,1815000.0,0,0,0,0,0,0,0,0,0,0,0,0,0,0,0,0,0,0,0,0,0,0,0,0,0,0,81,2026-02-06 05:14:46.610793
SMMR,23.28,23.28,23.55,1776400.0,2424500.0,0,0,0,0,0,0,0,0,0,0,0,0,0,0,0,0,0,0,0,0,0,0,0,0,0,0,81,2026-02-06 05:14:46.610793
ATMN,24.66,24.47,24.52,2145600.0,1523300.0,0,0,0,0,0,0,0,0,0,0,0,0,0,0,0,0,0,0,0,0,0,0,0,0,0,0,81,2026-02-06 05:14:46.610793
WNTR,25.62,25.62,25.71,2306400.0,2116700.0,0,0,0,0,0,0,0,0,0,0,0,0,0,0,0,0,0,0,0,0,0,0,0,0,0,0,81,2026-02-06 05:14:46.610793
SPNG,26.2,25.94,26.14,2344100.0,1916900.0,0,0,0,0,0,0,0,0,0,0,0,0,0,0,0,0,0,0,0,0,0,0,0,0,0,0,82,2026-02-06 05:14:47.667598
SMMR,23.66,23.53,23.6,1908300.0,2390400.0,0,0,0,0,0,0,0,0,0,0,0,0,0,0,0,0,0,0,0,0,0,0,0,0,0,0,82,2026-02-06 05:14:47.667598
ATMN,24.68,24.54,24.68,2117400.0,1503300.0,0,0,0,0,0,0,0,0,0,0,0,0,0,0,0,0,0,0,0,0,0,0,0,0,0,0,82,2026-02-06 05:14:47.667598
WNTR,25.65,25.62,25.65,2326100.0,2126000.0,0,0,0,0,0,0,0,0,0,0,0,0,0,0,0,0,0,0,0,0,0,0,0,0,0,0,82,2026-02-06 05:14:47.667598
SPNG,25.94,25.94,26.64,2344100.0,1919000.0,0,0,0,0,0,0,0,0,0,0,0,0,0,0,0,0,0,0,0,0,0,0,0,0,0,0,83,2026-02-06 05:14:48.779699
SMMR,23.66,23.53,23.66,2179200.0,2277900.0,0,0,0,0,0,0,0,0,0,0,0,0,0,0,0,0,0,0,0,0,0,0,0,0,0,0,83,2026-02-06 05:14:48.779699
ATMN,24.54,24.54,24.68,2071800.0,1503300.0,0,0,0,0,0,0,0,0,0,0,0,0,0,0,0,0,0,0,0,0,0,0,0,0,0,0,83,2026-02-06 05:14:48.779699
WNTR,25.59,25.59,25.71,2297000.0,2110700.0,0,0,0,0,0,0,0,0,0,0,0,0,0,0,0,0,0,0,0,0,0,0,0,0,0,0,83,2026-02-06 05:14:48.779699
SPNG,26.64,26.13,26.64,2323200.0,1919000.0,0,0,0,0,0,0,0,0,0,0,0,0,0,0,0,0,0,0,0,0,0,0,0,0,0,0,84,2026-02-06 05:14:49.838323
SMMR,23.53,23.4,23.42,2329900.0,2432400.0,0,0,0,0,0,0,0,0,0,0,0,0,0,0,0,0,0,0,0,0,0,0,0,0,0,0,84,2026-02-06 05:14:49.838323
ATMN,24.41,24.41,24.6,2094500.0,1787200.0,0,0,0,0,0,0,0,0,0,0,0,0,0,0,0,0,0,0,0,0,0,0,0,0,0,0,84,2026-02-06 05:14:49.838323
WNTR,25.59,25.59,25.71,2293700.0,2110700.0,0,0,0,0,0,0,0,0,0,0,0,0,0,0,0,0,0,0,0,0,0,0,0,0,0,0,84,2026-02-06 05:14:49.838323
SPNG,26.13,26.13,26.55,2323200.0,2035400.0,0,0,0,0,0,0,0,0,0,0,0,0,0,0,0,0,0,0,0,0,0,0,0,0,0,0,85,2026-02-06 05:14:50.901497
SMMR,23.42,23.55,23.66,2457600.0,2423000.0,0,0,0,0,0,0,0,0,0,0,0,0,0,0,0,0,0,0,0,0,0,0,0,0,0,0,85,2026-02-06 05:14:50.901497
ATMN,24.68,24.64,24.68,2066600.0,1692100.0,0,0,0,0,0,0,0,0,0,0,0,0,0,0,0,0,0,0,0,0,0,0,0,0,0,0,85,2026-02-06 05:14:50.901497
WNTR,25.77,25.61,25.77,2314800.0,2069100.0,0,0,0,0,0,0,0,0,0,0,0,0,0,0,0,0,0,0,0,0,0,0,0,0,0,0,85,2026-02-06 05:14:50.901497
SPNG,25.9,25.9,26.55,2318700.0,2067400.0,0,0,0,0,0,0,0,0,0,0,0,0,0,0,0,0,0,0,0,0,0,0,0,0,0,0,86,2026-02-06 05:14:51.946762
SMMR,23.55,23.55,23.66,2457600.0,2461000.0,0,0,0,0,0,0,0,0,0,0,0,0,0,0,0,0,0,0,0,0,0,0,0,0,0,0,86,2026-02-06 05:14:51.946762
ATMN,24.83,24.41,24.51,2094500.0,1508900.0,0,0,0,0,0,0,0,0,0,0,0,0,0,0,0,0,0,0,0,0,0,0,0,0,0,0,86,2026-02-06 05:14:51.946762
WNTR,25.59,25.64,25.78,2279400.0,2027500.0,0,0,0,0,0,0,0,0,0,0,0,0,0,0,0,0,0,0,0,0,0,0,0,0,0,0,86,2026-02-06 05:14:51.946762
SPNG,25.89,25.89,26.21,2329200.0,2072500.0,0,0,0,0,0,0,0,0,0,0,0,0,0,0,0,0,0,0,0,0,0,0,0,0,0,0,87,2026-02-06 05:14:53.003136
SMMR,23.34,23.34,23.74,2186200.0,2459500.0,0,0,0,0,0,0,0,0,0,0,0,0,0,0,0,0,0,0,0,0,0,0,0,0,0,0,87,2026-02-06 05:14:53.003136
ATMN,24.83,24.41,24.83,2076900.0,1397700.0,0,0,0,0,0,0,0,0,0,0,0,0,0,0,0,0,0,0,0,0,0,0,0,0,0,0,87,2026-02-06 05:14:53.003136
WNTR,25.78,25.57,25.78,2277000.0,2021600.0,0,0,0,0,0,0,0,0,0,0,0,0,0,0,0,0,0,0,0,0,0,0,0,0,0,0,87,2026-02-06 05:14:53.003136
SPNG,25.89,26.12,26.21,2337700.0,2072500.0,0,0,0,0,0,0,0,0,0,0,0,0,0,0,0,0,0,0,0,0,0,0,0,0,0,0,88,2026-02-06 05:14:54.050578
SMMR,23.34,23.34,23.74,2316600.0,2456700.0,0,0,0,0,0,0,0,0,0,0,0,0,0,0,0,0,0,0,0,0,0,0,0,0,0,0,88,2026-02-06 05:14:54.050578
ATMN,24.6,24.6,24.83,2059700.0,1397700.0,0,0,0,0,0,0,0,0,0,0,0,0,0,0,0,0,0,0,0,0,0,0,0,0,0,0,88,2026-02-06 05:14:54.050578
WNTR,25.62,25.57,25.62,2277000.0,2047300.0,0,0,0,0,0,0,0,0,0,0,0,0,0,0,0,0,0,0,0,0,0,0,0,0,0,0,88,2026-02-06 05:14:54.050578
SPNG,26.21,26.25,26.31,2321500.0,2071100.0,0,0,0,0,0,0,0,0,0,0,0,0,0,0,0,0,0,0,0,0,0,0,0,0,0,0,89,2026-02-06 05:14:54.600105
SMMR,23.34,23.34,23.73,2316600.0,2450100.0,0,0,0,0,0,0,0,0,0,0,0,0,0,0,0,0,0,0,0,0,0,0,0,0,0,0,89,2026-02-06 05:14:54.600105
ATMN,24.38,24.38,24.62,2068700.0,1512400.0,0,0,0,0,0,0,0,0,0,0,0,0,0,0,0,0,0,0,0,0,0,0,0,0,0,0,89,2026-02-06 05:14:54.600105
WNTR,25.57,25.57,25.62,2283400.0,2047300.0,0,0,0,0,0,0,0,0,0,0,0,0,0,0,0,0,0,0,0,0,0,0,0,0,0,0,89,2026-02-06 05:14:54.600105
SPNG,26.12,26.12,26.23,2327400.0,2103000.0,0,0,0,0,0,0,0,0,0,0,0,0,0,0,0,0,0,0,0,0,0,0,0,0,0,0,90,2026-02-06 05:14:55.660375
SMMR,23.3,23.3,23.73,2163600.0,2448300.0,0,0,0,0,0,0,0,0,0,0,0,0,0,0,0,0,0,0,0,0,0,0,0,0,0,0,90,2026-02-06 05:14:55.660375
ATMN,24.38,24.43,24.62,2030300.0,1512400.0,0,0,0,0,0,0,0,0,0,0,0,0,0,0,0,0,0,0,0,0,0,0,0,0,0,0,90,2026-02-06 05:14:55.660375
WNTR,25.64,25.57,25.64,2316400.0,2024300.0,0,0,0,0,0,0,0,0,0,0,0,0,0,0,0,0,0,0,0,0,0,0,0,0,0,0,90,2026-02-06 05:14:55.660375
SPNG,26.12,26.12,26.23,2323000.0,2189600.0,0,0,0,0,0,0,0,0,0,0,0,0,0,0,0,0,0,0,0,0,0,0,0,0,0,0,91,2026-02-06 05:14:56.752078
SMMR,23.35,23.3,23.35,2294200.0,2460100.0,0,0,0,0,0,0,0,0,0,0,0,0,0,0,0,0,0,0,0,0,0,0,0,0,0,0,91,2026-02-06 05:14:56.752078
ATMN,25.07,24.43,25.07,2030300.0,1095500.0,0,0,0,0,0,0,0,0,0,0,0,0,0,0,0,0,0,0,0,0,0,0,0,0,0,0,91,2026-02-06 05:14:56.752078
WNTR,25.81,25.57,25.6,2315900.0,2003300.0,0,0,0,0,0,0,0,0,0,0,0,0,0,0,0,0,0,0,0,0,0,0,0,0,0,0,91,2026-02-06 05:14:56.752078
SPNG,26.23,26.28,26.31,2367200.0,2171800.0,0,0,0,0,0,0,0,0,0,0,0,0,0,0,0,0,0,0,0,0,0,0,0,0,0,0,92,2026-02-06 05:14:57.828989
SMMR,23.63,23.3,23.63,2294200.0,2482600.0,0,0,0,0,0,0,0,0,0,0,0,0,0,0,0,0,0,0,0,0,0,0,0,0,0,0,92,2026-02-06 05:14:57.828989
ATMN,24.38,24.59,24.86,2042200.0,1207200.0,0,0,0,0,0,0,0,0,0,0,0,0,0,0,0,0,0,0,0,0,0,0,0,0,0,0,92,2026-02-06 05:14:57.828989
WNTR,25.81,25.59,25.61,2306700.0,2022200.0,0,0,0,0,0,0,0,0,0,0,0,0,0,0,0,0,0,0,0,0,0,0,0,0,0,0,92,2026-02-06 05:14:57.828989
SPNG,25.86,25.96,26.31,2338700.0,2199100.0,0,0,0,0,0,0,0,0,0,0,0,0,0,0,0,0,0,0,0,0,0,0,0,0,0,0,93,2026-02-06 05:14:58.869762
SMMR,23.74,23.3,23.39,2294200.0,2435000.0,0,0,0,0,0,0,0,0,0,0,0,0,0,0,0,0,0,0,0,0,0,0,0,0,0,0,93,2026-02-06 05:14:58.869762
ATMN,24.38,24.64,24.85,2019700.0,1400900.0,0,0,0,0,0,0,0,0,0,0,0,0,0,0,0,0,0,0,0,0,0,0,0,0,0,0,93,2026-02-06 05:14:58.869762
WNTR,25.59,25.59,25.81,2293000.0,2002900.0,0,0,0,0,0,0,0,0,0,0,0,0,0,0,0,0,0,0,0,0,0,0,0,0,0,0,93,2026-02-06 05:14:58.869762
SPNG,25.84,25.84,26.31,2316100.0,2207300.0,0,0,0,0,0,0,0,0,0,0,0,0,0,0,0,0,0,0,0,0,0,0,0,0,0,0,94,2026-02-06 05:14:59.934330
SMMR,23.49,23.65,23.74,2569100.0,2437000.0,0,0,0,0,0,0,0,0,0,0,0,0,0,0,0,0,0,0,0,0,0,0,0,0,0,0,94,2026-02-06 05:14:59.934330
ATMN,24.59,24.38,24.53,2052000.0,1488600.0,0,0,0,0,0,0,0,0,0,0,0,0,0,0,0,0,0,0,0,0,0,0,0,0,0,0,94,2026-02-06 05:14:59.934330
WNTR,25.77,25.59,25.77,2293000.0,2039300.0,0,0,0,0,0,0,0,0,0,0,0,0,0,0,0,0,0,0,0,0,0,0,0,0,0,0,94,2026-02-06 05:14:59.934330
SPNG,25.84,26.22,26.31,2344300.0,2235100.0,0,0,0,0,0,0,0,0,0,0,0,0,0,0,0,0,0,0,0,0,0,0,0,0,0,0,95,2026-02-06 05:15:00.991013
SMMR,23.65,23.48,23.58,2688900.0,2443000.0,0,0,0,0,0,0,0,0,0,0,0,0,0,0,0,0,0,0,0,0,0,0,0,0,0,0,95,2026-02-06 05:15:00.991013
ATMN,24.53,24.64,24.85,2038300.0,1521400.0,0,0,0,0,0,0,0,0,0,0,0,0,0,0,0,0,0,0,0,0,0,0,0,0,0,0,95,2026-02-06 05:15:00.991013
WNTR,25.74,25.74,25.77,2252000.0,2039300.0,0,0,0,0,0,0,0,0,0,0,0,0,0,0,0,0,0,0,0,0,0,0,0,0,0,0,95,2026-02-06 05:15:00.991013
SPNG,26.02,25.84,26.02,2320100.0,2256000.0,0,0,0,0,0,0,0,0,0,0,0,0,0,0,0,0,0,0,0,0,0,0,0,0,0,0,96,2026-02-06 05:15:02.093297
SMMR,23.4,23.4,23.58,2564000.0,2443000.0,0,0,0,0,0,0,0,0,0,0,0,0,0,0,0,0,0,0,0,0,0,0,0,0,0,0,96,2026-02-06 05:15:02.093297
ATMN,24.37,24.37,24.85,2049000.0,1521400.0,0,0,0,0,0,0,0,0,0,0,0,0,0,0,0,0,0,0,0,0,0,0,0,0,0,0,96,2026-02-06 05:15:02.093297
WNTR,25.74,25.6,25.71,2245700.0,2064200.0,0,0,0,0,0,0,0,0,0,0,0,0,0,0,0,0,0,0,0,0,0,0,0,0,0,0,96,2026-02-06 05:15:02.093297
SPNG,26.02,25.89,26.02,2305300.0,2256000.0,0,0,0,0,0,0,0,0,0,0,0,0,0,0,0,0,0,0,0,0,0,0,0,0,0,0,97,2026-02-06 05:15:02.650166
SMMR,23.4,23.4,23.58,2704100.0,2443000.0,0,0,0,0,0,0,0,0,0,0,0,0,0,0,0,0,0,0,0,0,0,0,0,0,0,0,97,2026-02-06 05:15:02.650166
ATMN,24.58,24.58,24.85,2057800.0,1521400.0,0,0,0,0,0,0,0,0,0,0,0,0,0,0,0,0,0,0,0,0,0,0,0,0,0,0,97,2026-02-06 05:15:02.650166
WNTR,25.81,25.6,25.81,2245700.0,2017300.0,0,0,0,0,0,0,0,0,0,0,0,0,0,0,0,0,0,0,0,0,0,0,0,0,0,0,97,2026-02-06 05:15:02.650166
SPNG,26.31,25.92,26.31,2358000.0,2235100.0,0,0,0,0,0,0,0,0,0,0,0,0,0,0,0,0,0,0,0,0,0,0,0,0,0,0,98,2026-02-06 05:15:03.706110
SMMR,23.45,23.51,23.58,2686500.0,2443000.0,0,0,0,0,0,0,0,0,0,0,0,0,0,0,0,0,0,0,0,0,0,0,0,0,0,0,98,2026-02-06 05:15:03.706110
ATMN,24.86,24.56,24.86,2055400.0,1418600.0,0,0,0,0,0,0,0,0,0,0,0,0,0,0,0,0,0,0,0,0,0,0,0,0,0,0,98,2026-02-06 05:15:03.706110
WNTR,25.64,25.75,25.81,2259400.0,2073700.0,0,0,0,0,0,0,0,0,0,0,0,0,0,0,0,0,0,0,0,0,0,0,0,0,0,0,98,2026-02-06 05:15:03.706110
SPNG,26.15,26.15,26.31,2351000.0,2235100.0,0,0,0,0,0,0,0,0,0,0,0,0,0,0,0,0,0,0,0,0,0,0,0,0,0,0,99,2026-02-06 05:15:04.804731
SMMR,23.58,23.72,23.74,2582400.0,2437200.0,0,0,0,0,0,0,0,0,0,0,0,0,0,0,0,0,0,0,0,0,0,0,0,0,0,0,99,2026-02-06 05:15:04.804731
ATMN,24.56,24.33,24.39,2073600.0,1611200.0,0,0,0,0,0,0,0,0,0,0,0,0,0,0,0,0,0,0,0,0,0,0,0,0,0,0,99,2026-02-06 05:15:04.804731
WNTR,25.69,25.6,25.69,2271400.0,2082600.0,0,0,0,0,0,0,0,0,0,0,0,0,0,0,0,0,0,0,0,0,0,0,0,0,0,0,99,2026-02-06 05:15:04.804731
SPNG,26.15,26.15,26.31,2375400.0,2224800.0,0,0,0,0,0,0,0,0,0,0,0,0,0,0,0,0,0,0,0,0,0,0,0,0,0,0,100,2026-02-06 05:15:05.866557
SMMR,23.25,23.25,23.74,2182600.0,2437200.0,0,0,0,0,0,0,0,0,0,0,0,0,0,0,0,0,0,0,0,0,0,0,0,0,0,0,100,2026-02-06 05:15:05.866557
ATMN,24.86,24.35,24.86,2040200.0,1501400.0,0,0,0,0,0,0,0,0,0,0,0,0,0,0,0,0,0,0,0,0,0,0,0,0,0,0,100,2026-02-06 05:15:05.866557
WNTR,25.6,25.63,25.82,2253200.0,2049300.0,0,0,0,0,0,0,0,0,0,0,0,0,0,0,0,0,0,0,0,0,0,0,0,0,0,0,100,2026-02-06 05:15:05.866557
SPNG,26.32,26.15,26.32,2375400.0,2211400.0,0,0,0,0,0,0,0,0,0,0,0,0,0,0,0,0,0,0,0,0,0,0,0,0,0,0,101,2026-02-06 05:15:06.931650
SMMR,23.53,23.71,23.74,2432500.0,2437200.0,0,0,0,0,0,0,0,0,0,0,0,0,0,0,0,0,0,0,0,0,0,0,0,0,0,0,101,2026-02-06 05:15:06.931650
ATMN,24.32,24.32,24.86,2075800.0,1785600.0,0,0,0,0,0,0,0,0,0,0,0,0,0,0,0,0,0,0,0,0,0,0,0,0,0,0,101,2026-02-06 05:15:06.931650
WNTR,25.6,25.68,25.73,2202700.0,2054800.0,0,0,0,0,0,0,0,0,0,0,0,0,0,0,0,0,0,0,0,0,0,0,0,0,0,0,101,2026-02-06 05:15:06.931650
SPNG,25.92,25.92,26.32,2348000.0,2211400.0,0,0,0,0,0,0,0,0,0,0,0,0,0,0,0,0,0,0,0,0,0,0,0,0,0,0,102,2026-02-06 05:15:07.976357
SMMR,23.53,23.71,23.73,2432500.0,2447200.0,0,0,0,0,0,0,0,0,0,0,0,0,0,0,0,0,0,0,0,0,0,0,0,0,0,0,102,2026-02-06 05:15:07.976357
ATMN,24.57,24.32,24.57,2077500.0,1886700.0,0,0,0,0,0,0,0,0,0,0,0,0,0,0,0,0,0,0,0,0,0,0,0,0,0,0,102,2026-02-06 05:15:07.976357
WNTR,25.75,25.68,25.75,2202700.0,2087500.0,0,0,0,0,0,0,0,0,0,0,0,0,0,0,0,0,0,0,0,0,0,0,0,0,0,0,102,2026-02-06 05:15:07.976357
SPNG,26.33,25.92,26.33,2335300.0,2211200.0,0,0,0,0,0,0,0,0,0,0,0,0,0,0,0,0,0,0,0,0,0,0,0,0,0,0,103,2026-02-06 05:15:09.022052
SMMR,23.71,23.46,23.55,2291400.0,2408800.0,0,0,0,0,0,0,0,0,0,0,0,0,0,0,0,0,0,0,0,0,0,0,0,0,0,0,103,2026-02-06 05:15:09.022052
ATMN,24.57,24.35,24.57,2062900.0,1978600.0,0,0,0,0,0,0,0,0,0,0,0,0,0,0,0,0,0,0,0,0,0,0,0,0,0,0,103,2026-02-06 05:15:09.022052
WNTR,25.75,25.71,25.75,2201600.0,2111800.0,0,0,0,0,0,0,0,0,0,0,0,0,0,0,0,0,0,0,0,0,0,0,0,0,0,0,103,2026-02-06 05:15:09.022052
SPNG,26.36,26.06,26.36,2377100.0,2194500.0,0,0,0,0,0,0,0,0,0,0,0,0,0,0,0,0,0,0,0,0,0,0,0,0,0,0,104,2026-02-06 05:15:10.084141
SMMR,23.25,23.25,23.68,2182600.0,2438400.0,0,0,0,0,0,0,0,0,0,0,0,0,0,0,0,0,0,0,0,0,0,0,0,0,0,0,104,2026-02-06 05:15:10.084141
ATMN,24.57,24.63,24.86,2052200.0,1959400.0,0,0,0,0,0,0,0,0,0,0,0,0,0,0,0,0,0,0,0,0,0,0,0,0,0,0,104,2026-02-06 05:15:10.084141
WNTR,25.75,25.71,25.75,2165600.0,2135700.0,0,0,0,0,0,0,0,0,0,0,0,0,0,0,0,0,0,0,0,0,0,0,0,0,0,0,104,2026-02-06 05:15:10.084141
SPNG,26.05,26.05,26.36,2354200.0,2194500.0,0,0,0,0,0,0,0,0,0,0,0,0,0,0,0,0,0,0,0,0,0,0,0,0,0,0,105,2026-02-06 05:15:10.639997
SMMR,23.25,23.62,23.68,2411700.0,2438400.0,0,0,0,0,0,0,0,0,0,0,0,0,0,0,0,0,0,0,0,0,0,0,0,0,0,0,105,2026-02-06 05:15:10.639997
ATMN,24.4,24.4,24.61,2048300.0,1975300.0,0,0,0,0,0,0,0,0,0,0,0,0,0,0,0,0,0,0,0,0,0,0,0,0,0,0,105,2026-02-06 05:15:10.639997
WNTR,25.86,25.71,25.86,2165600.0,2117400.0,0,0,0,0,0,0,0,0,0,0,0,0,0,0,0,0,0,0,0,0,0,0,0,0,0,0,105,2026-02-06 05:15:10.639997
SPNG,26.53,26.05,26.53,2338600.0,2159000.0,0,0,0,0,0,0,0,0,0,0,0,0,0,0,0,0,0,0,0,0,0,0,0,0,0,0,106,2026-02-06 05:15:11.696536
SMMR,23.62,23.25,23.54,2307400.0,2446400.0,0,0,0,0,0,0,0,0,0,0,0,0,0,0,0,0,0,0,0,0,0,0,0,0,0,0,106,2026-02-06 05:15:11.696536
ATMN,24.4,24.35,24.39,2070400.0,1997400.0,0,0,0,0,0,0,0,0,0,0,0,0,0,0,0,0,0,0,0,0,0,0,0,0,0,0,106,2026-02-06 05:15:11.696536
WNTR,25.63,25.63,25.81,2186800.0,2111100.0,0,0,0,0,0,0,0,0,0,0,0,0,0,0,0,0,0,0,0,0,0,0,0,0,0,0,106,2026-02-06 05:15:11.696536
SPNG,26.53,26.05,26.11,2338600.0,2139600.0,0,0,0,0,0,0,0,0,0,0,0,0,0,0,0,0,0,0,0,0,0,0,0,0,0,0,107,2026-02-06 05:15:12.740116
SMMR,23.62,23.29,23.31,2579700.0,2452700.0,0,0,0,0,0,0,0,0,0,0,0,0,0,0,0,0,0,0,0,0,0,0,0,0,0,0,107,2026-02-06 05:15:12.740116
ATMN,24.39,24.35,24.39,2057400.0,1997400.0,0,0,0,0,0,0,0,0,0,0,0,0,0,0,0,0,0,0,0,0,0,0,0,0,0,0,107,2026-02-06 05:15:12.740116
WNTR,25.71,25.71,25.81,2222700.0,2136600.0,0,0,0,0,0,0,0,0,0,0,0,0,0,0,0,0,0,0,0,0,0,0,0,0,0,0,107,2026-02-06 05:15:12.740116
SPNG,26.11,26.13,26.45,2375100.0,2166000.0,0,0,0,0,0,0,0,0,0,0,0,0,0,0,0,0,0,0,0,0,0,0,0,0,0,0,108,2026-02-06 05:15:13.792014
SMMR,23.54,23.6,23.68,2647800.0,2419800.0,0,0,0,0,0,0,0,0,0,0,0,0,0,0,0,0,0,0,0,0,0,0,0,0,0,0,108,2026-02-06 05:15:13.792014
ATMN,24.86,24.35,24.7,2057400.0,1980100.0,0,0,0,0,0,0,0,0,0,0,0,0,0,0,0,0,0,0,0,0,0,0,0,0,0,0,108,2026-02-06 05:15:13.792014
WNTR,25.81,25.59,25.81,2203100.0,2136600.0,0,0,0,0,0,0,0,0,0,0,0,0,0,0,0,0,0,0,0,0,0,0,0,0,0,0,108,2026-02-06 05:15:13.792014
SPNG,26.08,25.9,26.08,2334500.0,2188000.0,0,0,0,0,0,0,0,0,0,0,0,0,0,0,0,0,0,0,0,0,0,0,0,0,0,0,109,2026-02-06 05:15:14.923495
SMMR,23.44,23.44,23.45,2647800.0,2444100.0,0,0,0,0,0,0,0,0,0,0,0,0,0,0,0,0,0,0,0,0,0,0,0,0,0,0,109,2026-02-06 05:15:14.923495
ATMN,24.37,24.59,24.7,2025300.0,1980100.0,0,0,0,0,0,0,0,0,0,0,0,0,0,0,0,0,0,0,0,0,0,0,0,0,0,0,109,2026-02-06 05:15:14.923495
WNTR,25.86,25.59,25.86,2189100.0,2113900.0,0,0,0,0,0,0,0,0,0,0,0,0,0,0,0,0,0,0,0,0,0,0,0,0,0,0,109,2026-02-06 05:15:14.923495
SPNG,26.08,25.95,26.08,2358300.0,2188000.0,0,0,0,0,0,0,0,0,0,0,0,0,0,0,0,0,0,0,0,0,0,0,0,0,0,0,110,2026-02-06 05:15:16.009135
SMMR,23.45,23.44,23.45,2602000.0,2444100.0,0,0,0,0,0,0,0,0,0,0,0,0,0,0,0,0,0,0,0,0,0,0,0,0,0,0,110,2026-02-06 05:15:16.009135
ATMN,24.35,24.36,24.59,2035700.0,2001700.0,0,0,0,0,0,0,0,0,0,0,0,0,0,0,0,0,0,0,0,0,0,0,0,0,0,0,110,2026-02-06 05:15:16.009135
WNTR,25.86,25.78,25.79,2189900.0,2090300.0,0,0,0,0,0,0,0,0,0,0,0,0,0,0,0,0,0,0,0,0,0,0,0,0,0,0,110,2026-02-06 05:15:16.009135
SPNG,26.45,25.95,26.14,2343400.0,2195800.0,0,0,0,0,0,0,0,0,0,0,0,0,0,0,0,0,0,0,0,0,0,0,0,0,0,0,111,2026-02-06 05:15:17.061420
SMMR,23.4,23.44,23.45,2549500.0,2444100.0,0,0,0,0,0,0,0,0,0,0,0,0,0,0,0,0,0,0,0,0,0,0,0,0,0,0,111,2026-02-06 05:15:17.061420
ATMN,24.49,24.49,24.59,2043700.0,1979400.0,0,0,0,0,0,0,0,0,0,0,0,0,0,0,0,0,0,0,0,0,0,0,0,0,0,0,111,2026-02-06 05:15:17.061420
WNTR,25.78,25.78,25.79,2189900.0,2151300.0,0,0,0,0,0,0,0,0,0,0,0,0,0,0,0,0,0,0,0,0,0,0,0,0,0,0,111,2026-02-06 05:15:17.061420
SPNG,26.14,26.44,26.45,2356000.0,2157900.0,0,0,0,0,0,0,0,0,0,0,0,0,0,0,0,0,0,0,0,0,0,0,0,0,0,0,112,2026-02-06 05:15:18.123841
SMMR,23.7,23.44,23.7,2549500.0,2415700.0,0,0,0,0,0,0,0,0,0,0,0,0,0,0,0,0,0,0,0,0,0,0,0,0,0,0,112,2026-02-06 05:15:18.123841
ATMN,24.42,24.36,24.42,2035700.0,1972100.0,0,0,0,0,0,0,0,0,0,0,0,0,0,0,0,0,0,0,0,0,0,0,0,0,0,0,112,2026-02-06 05:15:18.123841
WNTR,25.78,25.59,25.62,2167200.0,2207300.0,0,0,0,0,0,0,0,0,0,0,0,0,0,0,0,0,0,0,0,0,0,0,0,0,0,0,112,2026-02-06 05:15:18.123841
SPNG,25.95,25.95,26.45,2343400.0,2157900.0,0,0,0,0,0,0,0,0,0,0,0,0,0,0,0,0,0,0,0,0,0,0,0,0,0,0,113,2026-02-06 05:15:18.695936
SMMR,23.7,23.54,23.7,2578900.0,2415700.0,0,0,0,0,0,0,0,0,0,0,0,0,0,0,0,0,0,0,0,0,0,0,0,0,0,0,113,2026-02-06 05:15:18.695936
ATMN,24.49,24.36,24.49,2035700.0,1974200.0,0,0,0,0,0,0,0,0,0,0,0,0,0,0,0,0,0,0,0,0,0,0,0,0,0,0,113,2026-02-06 05:15:18.695936
WNTR,25.57,25.57,25.62,2205900.0,2207300.0,0,0,0,0,0,0,0,0,0,0,0,0,0,0,0,0,0,0,0,0,0,0,0,0,0,0,113,2026-02-06 05:15:18.695936
SPNG,26.47,25.95,26.47,2343400.0,2150700.0,0,0,0,0,0,0,0,0,0,0,0,0,0,0,0,0,0,0,0,0,0,0,0,0,0,0,114,2026-02-06 05:15:19.742887
SMMR,23.46,23.61,23.7,2607200.0,2415700.0,0,0,0,0,0,0,0,0,0,0,0,0,0,0,0,0,0,0,0,0,0,0,0,0,0,0,114,2026-02-06 05:15:19.742887
ATMN,24.59,24.36,24.4,2035700.0,2059400.0,0,0,0,0,0,0,0,0,0,0,0,0,0,0,0,0,0,0,0,0,0,0,0,0,0,0,114,2026-02-06 05:15:19.742887
WNTR,25.57,25.57,25.62,2188800.0,2207300.0,0,0,0,0,0,0,0,0,0,0,0,0,0,0,0,0,0,0,0,0,0,0,0,0,0,0,114,2026-02-06 05:15:19.742887
SPNG,26.22,26.19,26.22,2321300.0,2176300.0,0,0,0,0,0,0,0,0,0,0,0,0,0,0,0,0,0,0,0,0,0,0,0,0,0,0,115,2026-02-06 05:15:20.780660
SMMR,23.44,23.44,23.63,2548900.0,2413700.0,0,0,0,0,0,0,0,0,0,0,0,0,0,0,0,0,0,0,0,0,0,0,0,0,0,0,115,2026-02-06 05:15:20.780660
ATMN,24.4,24.41,24.59,2080000.0,2033100.0,0,0,0,0,0,0,0,0,0,0,0,0,0,0,0,0,0,0,0,0,0,0,0,0,0,0,115,2026-02-06 05:15:20.780660
WNTR,25.57,25.57,25.79,2176100.0,2176600.0,0,0,0,0,0,0,0,0,0,0,0,0,0,0,0,0,0,0,0,0,0,0,0,0,0,0,115,2026-02-06 05:15:20.780660
SPNG,26.22,26.42,26.47,2293200.0,2149900.0,0,0,0,0,0,0,0,0,0,0,0,0,0,0,0,0,0,0,0,0,0,0,0,0,0,0,116,2026-02-06 05:15:21.916968
SMMR,23.44,23.44,23.49,2561700.0,2451800.0,0,0,0,0,0,0,0,0,0,0,0,0,0,0,0,0,0,0,0,0,0,0,0,0,0,0,116,2026-02-06 05:15:21.916968
ATMN,24.31,24.31,24.7,2104700.0,1994900.0,0,0,0,0,0,0,0,0,0,0,0,0,0,0,0,0,0,0,0,0,0,0,0,0,0,0,116,2026-02-06 05:15:21.916968
WNTR,25.69,25.69,25.76,2206600.0,2212400.0,0,0,0,0,0,0,0,0,0,0,0,0,0,0,0,0,0,0,0,0,0,0,0,0,0,0,116,2026-02-06 05:15:21.916968
SPNG,26.22,26.42,26.47,2293200.0,2171600.0,0,0,0,0,0,0,0,0,0,0,0,0,0,0,0,0,0,0,0,0,0,0,0,0,0,0,117,2026-02-06 05:15:22.959615
SMMR,23.4,23.47,23.49,2559900.0,2451800.0,0,0,0,0,0,0,0,0,0,0,0,0,0,0,0,0,0,0,0,0,0,0,0,0,0,0,117,2026-02-06 05:15:22.959615
ATMN,24.31,24.66,24.7,2127300.0,1994900.0,0,0,0,0,0,0,0,0,0,0,0,0,0,0,0,0,0,0,0,0,0,0,0,0,0,0,117,2026-02-06 05:15:22.959615
WNTR,25.76,25.69,25.76,2180600.0,2219600.0,0,0,0,0,0,0,0,0,0,0,0,0,0,0,0,0,0,0,0,0,0,0,0,0,0,0,117,2026-02-06 05:15:22.959615
SPNG,25.9,25.9,26.43,2331500.0,2161000.0,0,0,0,0,0,0,0,0,0,0,0,0,0,0,0,0,0,0,0,0,0,0,0,0,0,0,118,2026-02-06 05:15:24.001347
SMMR,23.49,23.52,23.59,2591600.0,2419000.0,0,0,0,0,0,0,0,0,0,0,0,0,0,0,0,0,0,0,0,0,0,0,0,0,0,0,118,2026-02-06 05:15:24.001347
ATMN,24.62,24.67,24.7,2110400.0,1989500.0,0,0,0,0,0,0,0,0,0,0,0,0,0,0,0,0,0,0,0,0,0,0,0,0,0,0,118,2026-02-06 05:15:24.001347
WNTR,25.76,25.7,25.76,2175600.0,2211700.0,0,0,0,0,0,0,0,0,0,0,0,0,0,0,0,0,0,0,0,0,0,0,0,0,0,0,118,2026-02-06 05:15:24.001347
SPNG,25.89,26.23,26.49,2335400.0,2176200.0,0,0,0,0,0,0,0,0,0,0,0,0,0,0,0,0,0,0,0,0,0,0,0,0,0,0,119,2026-02-06 05:15:25.038872
SMMR,23.34,23.36,23.4,2591900.0,2419600.0,0,0,0,0,0,0,0,0,0,0,0,0,0,0,0,0,0,0,0,0,0,0,0,0,0,0,119,2026-02-06 05:15:25.038872
ATMN,24.67,24.31,24.67,2142400.0,2006400.0,0,0,0,0,0,0,0,0,0,0,0,0,0,0,0,0,0,0,0,0,0,0,0,0,0,0,119,2026-02-06 05:15:25.038872
WNTR,25.76,25.7,25.76,2175600.0,2211700.0,0,0,0,0,0,0,0,0,0,0,0,0,0,0,0,0,0,0,0,0,0,0,0,0,0,0,119,2026-02-06 05:15:25.038872
SPNG,25.89,23.73,24.79,1081900.0,832300.0,0,0,0,0,0,0,0,0,0,0,0,0,0,0,0,0,0,0,0,0,0,0,0,0,0,0,120,2026-02-06 05:15:26.081907
SMMR,24.01,24.01,24.03,886200.0,858400.0,0,0,0,0,0,0,0,0,0,0,0,0,0,0,0,0,0,0,0,0,0,0,0,0,0,0,120,2026-02-06 05:15:26.081907
ATMN,29.49,26.73,28.19,752400.0,660700.0,0,0,0,0,0,0,0,0,0,0,0,0,0,0,0,0,0,0,0,0,0,0,0,0,0,0,120,2026-02-06 05:15:26.081907
WNTR,25.76,26.05,26.77,895000.0,738500.0,0,0,0,0,0,0,0,0,0,0,0,0,0,0,0,0,0,0,0,0,0,0,0,0,0,0,120,2026-02-06 05:15:26.081907
SPNG,23.73,23.73,24.68,1128200.0,1040200.0,0,0,0,0,0,0,0,0,0,0,0,0,0,0,0,0,0,0,0,0,0,0,0,0,0,0,121,2026-02-06 05:15:27.119067
SMMR,24.0,24.0,24.03,1153400.0,976700.0,0,0,0,0,0,0,0,0,0,0,0,0,0,0,0,0,0,0,0,0,0,0,0,0,0,0,121,2026-02-06 05:15:27.119067
ATMN,26.73,26.73,26.83,857800.0,842300.0,0,0,0,0,0,0,0,0,0,0,0,0,0,0,0,0,0,0,0,0,0,0,0,0,0,0,121,2026-02-06 05:15:27.119067
WNTR,25.76,26.05,26.28,895000.0,1055100.0,0,0,0,0,0,0,0,0,0,0,0,0,0,0,0,0,0,0,0,0,0,0,0,0,0,0,121,2026-02-06 05:15:27.119067
SPNG,23.53,23.71,24.09,1313700.0,1148800.0,0,0,0,0,0,0,0,0,0,0,0,0,0,0,0,0,0,0,0,0,0,0,0,0,0,0,122,2026-02-06 05:15:28.203958
SMMR,24.06,23.87,23.96,1276700.0,1097500.0,0,0,0,0,0,0,0,0,0,0,0,0,0,0,0,0,0,0,0,0,0,0,0,0,0,0,122,2026-02-06 05:15:28.203958
ATMN,26.64,26.64,26.83,871000.0,1008100.0,0,0,0,0,0,0,0,0,0,0,0,0,0,0,0,0,0,0,0,0,0,0,0,0,0,0,122,2026-02-06 05:15:28.203958
WNTR,25.71,25.71,26.08,903800.0,1388700.0,0,0,0,0,0,0,0,0,0,0,0,0,0,0,0,0,0,0,0,0,0,0,0,0,0,0,122,2026-02-06 05:15:28.203958
SPNG,23.53,23.71,24.09,1313700.0,1254100.0,0,0,0,0,0,0,0,0,0,0,0,0,0,0,0,0,0,0,0,0,0,0,0,0,0,0,123,2026-02-06 05:15:28.796987
SMMR,24.07,23.87,24.07,1276700.0,984200.0,0,0,0,0,0,0,0,0,0,0,0,0,0,0,0,0,0,0,0,0,0,0,0,0,0,0,123,2026-02-06 05:15:28.796987
ATMN,26.45,25.98,26.36,848600.0,1107000.0,0,0,0,0,0,0,0,0,0,0,0,0,0,0,0,0,0,0,0,0,0,0,0,0,0,0,123,2026-02-06 05:15:28.796987
WNTR,25.71,25.71,25.77,903800.0,1617600.0,0,0,0,0,0,0,0,0,0,0,0,0,0,0,0,0,0,0,0,0,0,0,0,0,0,0,123,2026-02-06 05:15:28.796987
SPNG,23.41,23.41,23.91,1172700.0,1582000.0,0,0,0,0,0,0,0,0,0,0,0,0,0,0,0,0,0,0,0,0,0,0,0,0,0,0,124,2026-02-06 05:15:29.870934
SMMR,24.07,23.87,24.07,1496600.0,984200.0,0,0,0,0,0,0,0,0,0,0,0,0,0,0,0,0,0,0,0,0,0,0,0,0,0,0,124,2026-02-06 05:15:29.870934
ATMN,26.36,26.38,26.48,1038600.0,1096100.0,0,0,0,0,0,0,0,0,0,0,0,0,0,0,0,0,0,0,0,0,0,0,0,0,0,0,124,2026-02-06 05:15:29.870934
WNTR,25.71,25.72,25.77,1015800.0,1721200.0,0,0,0,0,0,0,0,0,0,0,0,0,0,0,0,0,0,0,0,0,0,0,0,0,0,0,124,2026-02-06 05:15:29.870934
SPNG,23.93,23.8,23.93,1275800.0,1598300.0,0,0,0,0,0,0,0,0,0,0,0,0,0,0,0,0,0,0,0,0,0,0,0,0,0,0,125,2026-02-06 05:15:30.937191
SMMR,23.89,24.05,24.07,1507100.0,1081200.0,0,0,0,0,0,0,0,0,0,0,0,0,0,0,0,0,0,0,0,0,0,0,0,0,0,0,125,2026-02-06 05:15:30.937191
ATMN,26.36,26.38,26.48,1237400.0,1195700.0,0,0,0,0,0,0,0,0,0,0,0,0,0,0,0,0,0,0,0,0,0,0,0,0,0,0,125,2026-02-06 05:15:30.937191
WNTR,25.71,25.71,25.77,1048300.0,1820900.0,0,0,0,0,0,0,0,0,0,0,0,0,0,0,0,0,0,0,0,0,0,0,0,0,0,0,125,2026-02-06 05:15:30.937191
SPNG,23.41,23.41,23.93,1172700.0,1933800.0,0,0,0,0,0,0,0,0,0,0,0,0,0,0,0,0,0,0,0,0,0,0,0,0,0,0,126,2026-02-06 05:15:32.033848
SMMR,23.87,23.98,24.12,1500000.0,1085400.0,0,0,0,0,0,0,0,0,0,0,0,0,0,0,0,0,0,0,0,0,0,0,0,0,0,0,126,2026-02-06 05:15:32.033848
ATMN,26.59,26.33,26.59,1057900.0,1107700.0,0,0,0,0,0,0,0,0,0,0,0,0,0,0,0,0,0,0,0,0,0,0,0,0,0,0,126,2026-02-06 05:15:32.033848
WNTR,25.64,25.74,25.77,1164600.0,1948300.0,0,0,0,0,0,0,0,0,0,0,0,0,0,0,0,0,0,0,0,0,0,0,0,0,0,0,126,2026-02-06 05:15:32.033848
SPNG,23.41,23.51,23.93,1317400.0,1933800.0,0,0,0,0,0,0,0,0,0,0,0,0,0,0,0,0,0,0,0,0,0,0,0,0,0,0,127,2026-02-06 05:15:33.114637
SMMR,24.12,24.04,24.08,1626800.0,1333400.0,0,0,0,0,0,0,0,0,0,0,0,0,0,0,0,0,0,0,0,0,0,0,0,0,0,0,127,2026-02-06 05:15:33.114637
ATMN,26.59,26.47,26.59,1172700.0,1107700.0,0,0,0,0,0,0,0,0,0,0,0,0,0,0,0,0,0,0,0,0,0,0,0,0,0,0,127,2026-02-06 05:15:33.114637
WNTR,25.77,25.64,25.77,1173100.0,1948400.0,0,0,0,0,0,0,0,0,0,0,0,0,0,0,0,0,0,0,0,0,0,0,0,0,0,0,127,2026-02-06 05:15:33.114637
SPNG,23.95,23.51,23.95,1317400.0,2053900.0,0,0,0,0,0,0,0,0,0,0,0,0,0,0,0,0,0,0,0,0,0,0,0,0,0,0,128,2026-02-06 05:15:34.166324
SMMR,24.04,24.04,24.08,1626800.0,1740000.0,0,0,0,0,0,0,0,0,0,0,0,0,0,0,0,0,0,0,0,0,0,0,0,0,0,0,128,2026-02-06 05:15:34.166324
ATMN,26.47,26.33,26.46,1260500.0,1189200.0,0,0,0,0,0,0,0,0,0,0,0,0,0,0,0,0,0,0,0,0,0,0,0,0,0,0,128,2026-02-06 05:15:34.166324
WNTR,25.77,25.75,25.77,1527300.0,1948400.0,0,0,0,0,0,0,0,0,0,0,0,0,0,0,0,0,0,0,0,0,0,0,0,0,0,0,128,2026-02-06 05:15:34.166324
SPNG,23.61,23.51,23.61,1422800.0,2181500.0,0,0,0,0,0,0,0,0,0,0,0,0,0,0,0,0,0,0,0,0,0,0,0,0,0,0,129,2026-02-06 05:15:35.277543
SMMR,24.04,24.04,24.08,1743100.0,2085100.0,0,0,0,0,0,0,0,0,0,0,0,0,0,0,0,0,0,0,0,0,0,0,0,0,0,0,129,2026-02-06 05:15:35.277543
ATMN,26.46,26.49,26.59,1267100.0,1193100.0,0,0,0,0,0,0,0,0,0,0,0,0,0,0,0,0,0,0,0,0,0,0,0,0,0,0,129,2026-02-06 05:15:35.277543
WNTR,25.75,25.75,25.77,1632900.0,2041800.0,0,0,0,0,0,0,0,0,0,0,0,0,0,0,0,0,0,0,0,0,0,0,0,0,0,0,129,2026-02-06 05:15:35.277543
SPNG,23.61,23.68,23.73,1563100.0,2187500.0,0,0,0,0,0,0,0,0,0,0,0,0,0,0,0,0,0,0,0,0,0,0,0,0,0,0,130,2026-02-06 05:15:35.832562
SMMR,23.9,23.98,24.08,1626600.0,2085100.0,0,0,0,0,0,0,0,0,0,0,0,0,0,0,0,0,0,0,0,0,0,0,0,0,0,0,130,2026-02-06 05:15:35.832562
ATMN,26.59,26.49,26.59,1379100.0,1193100.0,0,0,0,0,0,0,0,0,0,0,0,0,0,0,0,0,0,0,0,0,0,0,0,0,0,0,130,2026-02-06 05:15:35.832562
WNTR,25.77,25.75,25.77,1746700.0,2057000.0,0,0,0,0,0,0,0,0,0,0,0,0,0,0,0,0,0,0,0,0,0,0,0,0,0,0,130,2026-02-06 05:15:35.832562
SPNG,23.68,23.68,23.73,1683400.0,2249200.0,0,0,0,0,0,0,0,0,0,0,0,0,0,0,0,0,0,0,0,0,0,0,0,0,0,0,131,2026-02-06 05:15:36.896594
SMMR,23.98,23.84,23.95,1631500.0,2259200.0,0,0,0,0,0,0,0,0,0,0,0,0,0,0,0,0,0,0,0,0,0,0,0,0,0,0,131,2026-02-06 05:15:36.896594
ATMN,26.58,26.49,26.58,1379100.0,1495100.0,0,0,0,0,0,0,0,0,0,0,0,0,0,0,0,0,0,0,0,0,0,0,0,0,0,0,131,2026-02-06 05:15:36.896594
WNTR,25.77,25.75,25.77,1880700.0,2125800.0,0,0,0,0,0,0,0,0,0,0,0,0,0,0,0,0,0,0,0,0,0,0,0,0,0,0,131,2026-02-06 05:15:36.896594
SPNG,23.68,23.68,23.7,1799200.0,2267900.0,0,0,0,0,0,0,0,0,0,0,0,0,0,0,0,0,0,0,0,0,0,0,0,0,0,0,132,2026-02-06 05:15:37.960850
SMMR,24.0,23.84,23.86,1745100.0,2261400.0,0,0,0,0,0,0,0,0,0,0,0,0,0,0,0,0,0,0,0,0,0,0,0,0,0,0,132,2026-02-06 05:15:37.960850
ATMN,26.48,26.48,26.56,1378000.0,1578900.0,0,0,0,0,0,0,0,0,0,0,0,0,0,0,0,0,0,0,0,0,0,0,0,0,0,0,132,2026-02-06 05:15:37.960850
WNTR,25.64,25.64,25.77,1649700.0,2145200.0,0,0,0,0,0,0,0,0,0,0,0,0,0,0,0,0,0,0,0,0,0,0,0,0,0,0,132,2026-02-06 05:15:37.960850
SPNG,23.73,23.69,23.73,1794200.0,2249200.0,0,0,0,0,0,0,0,0,0,0,0,0,0,0,0,0,0,0,0,0,0,0,0,0,0,0,133,2026-02-06 05:15:39.035153
SMMR,23.86,23.91,24.1,2256700.0,2115500.0,0,0,0,0,0,0,0,0,0,0,0,0,0,0,0,0,0,0,0,0,0,0,0,0,0,0,133,2026-02-06 05:15:39.035153
ATMN,26.48,26.48,26.51,1597000.0,1691900.0,0,0,0,0,0,0,0,0,0,0,0,0,0,0,0,0,0,0,0,0,0,0,0,0,0,0,133,2026-02-06 05:15:39.035153
WNTR,25.64,25.67,25.77,1983000.0,2145200.0,0,0,0,0,0,0,0,0,0,0,0,0,0,0,0,0,0,0,0,0,0,0,0,0,0,0,133,2026-02-06 05:15:39.035153
SPNG,23.73,23.69,23.73,1906500.0,2272700.0,0,0,0,0,0,0,0,0,0,0,0,0,0,0,0,0,0,0,0,0,0,0,0,0,0,0,134,2026-02-06 05:15:40.112719
SMMR,23.86,23.96,24.1,2511900.0,2215100.0,0,0,0,0,0,0,0,0,0,0,0,0,0,0,0,0,0,0,0,0,0,0,0,0,0,0,134,2026-02-06 05:15:40.112719
ATMN,26.51,26.42,26.51,1485000.0,1773100.0,0,0,0,0,0,0,0,0,0,0,0,0,0,0,0,0,0,0,0,0,0,0,0,0,0,0,134,2026-02-06 05:15:40.112719
WNTR,25.71,25.67,25.71,1983000.0,2180300.0,0,0,0,0,0,0,0,0,0,0,0,0,0,0,0,0,0,0,0,0,0,0,0,0,0,0,134,2026-02-06 05:15:40.112719
SPNG,23.56,23.56,23.73,1932500.0,2272700.0,0,0,0,0,0,0,0,0,0,0,0,0,0,0,0,0,0,0,0,0,0,0,0,0,0,0,135,2026-02-06 05:15:41.162551
SMMR,23.95,23.95,24.07,2525600.0,2219500.0,0,0,0,0,0,0,0,0,0,0,0,0,0,0,0,0,0,0,0,0,0,0,0,0,0,0,135,2026-02-06 05:15:41.162551
ATMN,26.56,26.42,26.56,1485000.0,1754900.0,0,0,0,0,0,0,0,0,0,0,0,0,0,0,0,0,0,0,0,0,0,0,0,0,0,0,135,2026-02-06 05:15:41.162551
WNTR,25.71,25.67,25.71,2078000.0,2202400.0,0,0,0,0,0,0,0,0,0,0,0,0,0,0,0,0,0,0,0,0,0,0,0,0,0,0,135,2026-02-06 05:15:41.162551
SPNG,23.51,23.51,23.73,1802500.0,2272700.0,0,0,0,0,0,0,0,0,0,0,0,0,0,0,0,0,0,0,0,0,0,0,0,0,0,0,136,2026-02-06 05:15:42.208670
SMMR,24.13,23.95,24.13,2525200.0,1831400.0,0,0,0,0,0,0,0,0,0,0,0,0,0,0,0,0,0,0,0,0,0,0,0,0,0,0,136,2026-02-06 05:15:42.208670
ATMN,26.42,26.3,26.42,1475600.0,1865600.0,0,0,0,0,0,0,0,0,0,0,0,0,0,0,0,0,0,0,0,0,0,0,0,0,0,0,136,2026-02-06 05:15:42.208670
WNTR,25.71,25.67,25.71,2354500.0,2202400.0,0,0,0,0,0,0,0,0,0,0,0,0,0,0,0,0,0,0,0,0,0,0,0,0,0,0,136,2026-02-06 05:15:42.208670
SPNG,23.51,23.51,23.59,2087200.0,2323000.0,0,0,0,0,0,0,0,0,0,0,0,0,0,0,0,0,0,0,0,0,0,0,0,0,0,0,137,2026-02-06 05:15:43.258441
SMMR,24.05,23.95,24.05,2517600.0,1824200.0,0,0,0,0,0,0,0,0,0,0,0,0,0,0,0,0,0,0,0,0,0,0,0,0,0,0,137,2026-02-06 05:15:43.258441
ATMN,26.66,26.27,26.66,1475200.0,1382300.0,0,0,0,0,0,0,0,0,0,0,0,0,0,0,0,0,0,0,0,0,0,0,0,0,0,0,137,2026-02-06 05:15:43.258441
WNTR,25.67,25.67,25.68,2345100.0,2147600.0,0,0,0,0,0,0,0,0,0,0,0,0,0,0,0,0,0,0,0,0,0,0,0,0,0,0,137,2026-02-06 05:15:43.258441
SPNG,23.59,23.51,23.59,2201600.0,2323000.0,0,0,0,0,0,0,0,0,0,0,0,0,0,0,0,0,0,0,0,0,0,0,0,0,0,0,138,2026-02-06 05:15:43.855060
SMMR,24.05,23.95,24.05,2517600.0,1824200.0,0,0,0,0,0,0,0,0,0,0,0,0,0,0,0,0,0,0,0,0,0,0,0,0,0,0,138,2026-02-06 05:15:43.855060
ATMN,26.1,26.1,26.49,1261600.0,1475800.0,0,0,0,0,0,0,0,0,0,0,0,0,0,0,0,0,0,0,0,0,0,0,0,0,0,0,138,2026-02-06 05:15:43.855060
WNTR,25.68,25.72,25.78,2355100.0,2147500.0,0,0,0,0,0,0,0,0,0,0,0,0,0,0,0,0,0,0,0,0,0,0,0,0,0,0,138,2026-02-06 05:15:43.855060
SPNG,23.73,23.47,23.73,2308200.0,2291300.0,0,0,0,0,0,0,0,0,0,0,0,0,0,0,0,0,0,0,0,0,0,0,0,0,0,0,139,2026-02-06 05:15:44.896302
SMMR,24.05,24.01,24.05,2506700.0,1944000.0,0,0,0,0,0,0,0,0,0,0,0,0,0,0,0,0,0,0,0,0,0,0,0,0,0,0,139,2026-02-06 05:15:44.896302
ATMN,26.1,26.1,26.49,1270400.0,1572700.0,0,0,0,0,0,0,0,0,0,0,0,0,0,0,0,0,0,0,0,0,0,0,0,0,0,0,139,2026-02-06 05:15:44.896302
WNTR,25.64,25.64,25.78,2348200.0,2147500.0,0,0,0,0,0,0,0,0,0,0,0,0,0,0,0,0,0,0,0,0,0,0,0,0,0,0,139,2026-02-06 05:15:44.896302
SPNG,23.9,23.47,23.9,2308200.0,2259000.0,0,0,0,0,0,0,0,0,0,0,0,0,0,0,0,0,0,0,0,0,0,0,0,0,0,0,140,2026-02-06 05:15:45.957046
SMMR,24.01,24.01,24.05,2506700.0,2291300.0,0,0,0,0,0,0,0,0,0,0,0,0,0,0,0,0,0,0,0,0,0,0,0,0,0,0,140,2026-02-06 05:15:45.957046
ATMN,26.35,26.1,26.35,1270400.0,1743600.0,0,0,0,0,0,0,0,0,0,0,0,0,0,0,0,0,0,0,0,0,0,0,0,0,0,0,140,2026-02-06 05:15:45.957046
WNTR,25.63,25.63,25.76,2332600.0,2184300.0,0,0,0,0,0,0,0,0,0,0,0,0,0,0,0,0,0,0,0,0,0,0,0,0,0,0,140,2026-02-06 05:15:45.957046
SPNG,23.47,23.47,23.64,2308200.0,2258000.0,0,0,0,0,0,0,0,0,0,0,0,0,0,0,0,0,0,0,0,0,0,0,0,0,0,0,141,2026-02-06 05:15:47.013963
SMMR,23.91,23.91,24.05,2473900.0,2419200.0,0,0,0,0,0,0,0,0,0,0,0,0,0,0,0,0,0,0,0,0,0,0,0,0,0,0,141,2026-02-06 05:15:47.013963
ATMN,26.35,26.43,26.49,1464900.0,1747000.0,0,0,0,0,0,0,0,0,0,0,0,0,0,0,0,0,0,0,0,0,0,0,0,0,0,0,141,2026-02-06 05:15:47.013963
WNTR,25.62,25.62,25.7,2168000.0,2216700.0,0,0,0,0,0,0,0,0,0,0,0,0,0,0,0,0,0,0,0,0,0,0,0,0,0,0,141,2026-02-06 05:15:47.013963
SPNG,23.41,23.41,23.64,2294800.0,2258000.0,0,0,0,0,0,0,0,0,0,0,0,0,0,0,0,0,0,0,0,0,0,0,0,0,0,0,142,2026-02-06 05:15:48.105258
SMMR,24.09,23.97,24.09,2446100.0,2416600.0,0,0,0,0,0,0,0,0,0,0,0,0,0,0,0,0,0,0,0,0,0,0,0,0,0,0,142,2026-02-06 05:15:48.105258
ATMN,26.52,26.31,26.52,1456500.0,1653500.0,0,0,0,0,0,0,0,0,0,0,0,0,0,0,0,0,0,0,0,0,0,0,0,0,0,0,142,2026-02-06 05:15:48.105258
WNTR,25.7,25.6,25.7,2160900.0,2216700.0,0,0,0,0,0,0,0,0,0,0,0,0,0,0,0,0,0,0,0,0,0,0,0,0,0,0,142,2026-02-06 05:15:48.105258
SPNG,23.9,23.46,23.9,2374600.0,2259000.0,0,0,0,0,0,0,0,0,0,0,0,0,0,0,0,0,0,0,0,0,0,0,0,0,0,0,143,2026-02-06 05:15:49.195105
SMMR,24.01,24.01,24.09,2424300.0,2428200.0,0,0,0,0,0,0,0,0,0,0,0,0,0,0,0,0,0,0,0,0,0,0,0,0,0,0,143,2026-02-06 05:15:49.195105
ATMN,26.31,26.31,26.52,1768800.0,1653500.0,0,0,0,0,0,0,0,0,0,0,0,0,0,0,0,0,0,0,0,0,0,0,0,0,0,0,143,2026-02-06 05:15:49.195105
WNTR,25.7,25.61,25.7,2288900.0,2178900.0,0,0,0,0,0,0,0,0,0,0,0,0,0,0,0,0,0,0,0,0,0,0,0,0,0,0,143,2026-02-06 05:15:49.195105
SPNG,23.46,23.83,23.9,2507000.0,2292800.0,0,0,0,0,0,0,0,0,0,0,0,0,0,0,0,0,0,0,0,0,0,0,0,0,0,0,144,2026-02-06 05:15:50.250596
SMMR,24.01,23.97,23.99,2439700.0,2465200.0,0,0,0,0,0,0,0,0,0,0,0,0,0,0,0,0,0,0,0,0,0,0,0,0,0,0,144,2026-02-06 05:15:50.250596
ATMN,26.31,26.1,26.19,1743000.0,1666000.0,0,0,0,0,0,0,0,0,0,0,0,0,0,0,0,0,0,0,0,0,0,0,0,0,0,0,144,2026-02-06 05:15:50.250596
WNTR,25.72,25.61,25.72,2284600.0,2163500.0,0,0,0,0,0,0,0,0,0,0,0,0,0,0,0,0,0,0,0,0,0,0,0,0,0,0,144,2026-02-06 05:15:50.250596
SPNG,23.83,23.83,23.9,2507000.0,2344400.0,0,0,0,0,0,0,0,0,0,0,0,0,0,0,0,0,0,0,0,0,0,0,0,0,0,0,145,2026-02-06 05:15:51.299237
SMMR,24.0,23.97,24.0,2446200.0,2437200.0,0,0,0,0,0,0,0,0,0,0,0,0,0,0,0,0,0,0,0,0,0,0,0,0,0,0,145,2026-02-06 05:15:51.299237
ATMN,26.77,26.38,26.77,1916700.0,1556600.0,0,0,0,0,0,0,0,0,0,0,0,0,0,0,0,0,0,0,0,0,0,0,0,0,0,0,145,2026-02-06 05:15:51.299237
WNTR,25.72,25.75,25.76,2268500.0,2188000.0,0,0,0,0,0,0,0,0,0,0,0,0,0,0,0,0,0,0,0,0,0,0,0,0,0,0,145,2026-02-06 05:15:51.299237
SPNG,23.45,23.45,23.78,2271100.0,2373100.0,0,0,0,0,0,0,0,0,0,0,0,0,0,0,0,0,0,0,0,0,0,0,0,0,0,0,146,2026-02-06 05:15:51.852720
SMMR,24.0,23.97,24.0,2476100.0,2469900.0,0,0,0,0,0,0,0,0,0,0,0,0,0,0,0,0,0,0,0,0,0,0,0,0,0,0,146,2026-02-06 05:15:51.852720
ATMN,26.8,26.38,26.8,2030800.0,1381100.0,0,0,0,0,0,0,0,0,0,0,0,0,0,0,0,0,0,0,0,0,0,0,0,0,0,0,146,2026-02-06 05:15:51.852720
WNTR,25.75,25.75,25.76,2268500.0,2193100.0,0,0,0,0,0,0,0,0,0,0,0,0,0,0,0,0,0,0,0,0,0,0,0,0,0,0,146,2026-02-06 05:15:51.852720
SPNG,24.01,23.43,24.01,2252600.0,2334300.0,0,0,0,0,0,0,0,0,0,0,0,0,0,0,0,0,0,0,0,0,0,0,0,0,0,0,147,2026-02-06 05:15:52.912753
SMMR,23.96,23.96,24.0,2503200.0,2469900.0,0,0,0,0,0,0,0,0,0,0,0,0,0,0,0,0,0,0,0,0,0,0,0,0,0,0,147,2026-02-06 05:15:52.912753
ATMN,26.42,26.42,26.8,2046800.0,1381100.0,0,0,0,0,0,0,0,0,0,0,0,0,0,0,0,0,0,0,0,0,0,0,0,0,0,0,147,2026-02-06 05:15:52.912753
WNTR,25.78,25.75,25.78,2268500.0,2190900.0,0,0,0,0,0,0,0,0,0,0,0,0,0,0,0,0,0,0,0,0,0,0,0,0,0,0,147,2026-02-06 05:15:52.912753
SPNG,23.4,23.4,24.01,2023100.0,2334300.0,0,0,0,0,0,0,0,0,0,0,0,0,0,0,0,0,0,0,0,0,0,0,0,0,0,0,148,2026-02-06 05:15:53.956170
SMMR,24.0,23.96,24.0,2532800.0,2469900.0,0,0,0,0,0,0,0,0,0,0,0,0,0,0,0,0,0,0,0,0,0,0,0,0,0,0,148,2026-02-06 05:15:53.956170
ATMN,26.16,26.47,26.8,2032400.0,1381100.0,0,0,0,0,0,0,0,0,0,0,0,0,0,0,0,0,0,0,0,0,0,0,0,0,0,0,148,2026-02-06 05:15:53.956170
WNTR,25.78,25.75,25.78,2268500.0,2214600.0,0,0,0,0,0,0,0,0,0,0,0,0,0,0,0,0,0,0,0,0,0,0,0,0,0,0,148,2026-02-06 05:15:53.956170
SPNG,23.39,23.39,23.94,1890100.0,2345200.0,0,0,0,0,0,0,0,0,0,0,0,0,0,0,0,0,0,0,0,0,0,0,0,0,0,0,149,2026-02-06 05:15:55.009667
SMMR,23.94,23.93,23.94,2489700.0,2491700.0,0,0,0,0,0,0,0,0,0,0,0,0,0,0,0,0,0,0,0,0,0,0,0,0,0,0,149,2026-02-06 05:15:55.009667
ATMN,26.16,26.52,26.78,1984800.0,1488200.0,0,0,0,0,0,0,0,0,0,0,0,0,0,0,0,0,0,0,0,0,0,0,0,0,0,0,149,2026-02-06 05:15:55.009667
WNTR,25.78,25.75,25.78,2300200.0,2237600.0,0,0,0,0,0,0,0,0,0,0,0,0,0,0,0,0,0,0,0,0,0,0,0,0,0,0,149,2026-02-06 05:15:55.009667
SPNG,23.34,23.34,23.94,1872000.0,2345200.0,0,0,0,0,0,0,0,0,0,0,0,0,0,0,0,0,0,0,0,0,0,0,0,0,0,0,150,2026-02-06 05:15:56.057643
SMMR,23.94,23.93,23.94,2483600.0,2502400.0,0,0,0,0,0,0,0,0,0,0,0,0,0,0,0,0,0,0,0,0,0,0,0,0,0,0,150,2026-02-06 05:15:56.057643
ATMN,26.78,26.52,26.65,1977800.0,1693300.0,0,0,0,0,0,0,0,0,0,0,0,0,0,0,0,0,0,0,0,0,0,0,0,0,0,0,150,2026-02-06 05:15:56.057643
WNTR,25.8,25.75,25.8,2300200.0,2249100.0,0,0,0,0,0,0,0,0,0,0,0,0,0,0,0,0,0,0,0,0,0,0,0,0,0,0,150,2026-02-06 05:15:56.057643
SPNG,23.34,23.54,23.69,1985400.0,2340900.0,0,0,0,0,0,0,0,0,0,0,0,0,0,0,0,0,0,0,0,0,0,0,0,0,0,0,151,2026-02-06 05:15:57.112789
SMMR,23.93,23.93,24.09,2463800.0,2483900.0,0,0,0,0,0,0,0,0,0,0,0,0,0,0,0,0,0,0,0,0,0,0,0,0,0,0,151,2026-02-06 05:15:57.112789
ATMN,26.65,26.52,26.65,1971700.0,1693300.0,0,0,0,0,0,0,0,0,0,0,0,0,0,0,0,0,0,0,0,0,0,0,0,0,0,0,151,2026-02-06 05:15:57.112789
WNTR,25.69,25.69,25.83,2291500.0,2250600.0,0,0,0,0,0,0,0,0,0,0,0,0,0,0,0,0,0,0,0,0,0,0,0,0,0,0,151,2026-02-06 05:15:57.112789
SPNG,23.94,23.64,23.87,2105200.0,2339600.0,0,0,0,0,0,0,0,0,0,0,0,0,0,0,0,0,0,0,0,0,0,0,0,0,0,0,152,2026-02-06 05:15:58.277421
SMMR,23.93,23.93,23.97,2463800.0,2501600.0,0,0,0,0,0,0,0,0,0,0,0,0,0,0,0,0,0,0,0,0,0,0,0,0,0,0,152,2026-02-06 05:15:58.277421
ATMN,26.47,26.47,26.65,1971400.0,1796400.0,0,0,0,0,0,0,0,0,0,0,0,0,0,0,0,0,0,0,0,0,0,0,0,0,0,0,152,2026-02-06 05:15:58.277421
WNTR,25.84,25.69,25.84,2265800.0,2208500.0,0,0,0,0,0,0,0,0,0,0,0,0,0,0,0,0,0,0,0,0,0,0,0,0,0,0,152,2026-02-06 05:15:58.277421
SPNG,23.34,23.34,23.87,1984400.0,2339600.0,0,0,0,0,0,0,0,0,0,0,0,0,0,0,0,0,0,0,0,0,0,0,0,0,0,0,153,2026-02-06 05:15:59.327264
SMMR,23.94,23.94,24.09,2463700.0,2483900.0,0,0,0,0,0,0,0,0,0,0,0,0,0,0,0,0,0,0,0,0,0,0,0,0,0,0,153,2026-02-06 05:15:59.327264
ATMN,26.47,26.47,26.78,1960300.0,1683600.0,0,0,0,0,0,0,0,0,0,0,0,0,0,0,0,0,0,0,0,0,0,0,0,0,0,0,153,2026-02-06 05:15:59.327264
WNTR,25.84,25.81,25.84,2299700.0,2214200.0,0,0,0,0,0,0,0,0,0,0,0,0,0,0,0,0,0,0,0,0,0,0,0,0,0,0,153,2026-02-06 05:15:59.327264
SPNG,23.94,23.34,23.94,2114800.0,2327300.0,0,0,0,0,0,0,0,0,0,0,0,0,0,0,0,0,0,0,0,0,0,0,0,0,0,0,154,2026-02-06 05:16:00.379555
SMMR,24.11,23.93,24.11,2463800.0,2494200.0,0,0,0,0,0,0,0,0,0,0,0,0,0,0,0,0,0,0,0,0,0,0,0,0,0,0,154,2026-02-06 05:16:00.379555
ATMN,26.8,26.47,26.8,1955800.0,1576500.0,0,0,0,0,0,0,0,0,0,0,0,0,0,0,0,0,0,0,0,0,0,0,0,0,0,0,154,2026-02-06 05:16:00.379555
WNTR,25.84,25.81,25.84,2286700.0,2215100.0,0,0,0,0,0,0,0,0,0,0,0,0,0,0,0,0,0,0,0,0,0,0,0,0,0,0,154,2026-02-06 05:16:00.379555
SPNG,23.78,23.78,23.94,2259700.0,2327300.0,0,0,0,0,0,0,0,0,0,0,0,0,0,0,0,0,0,0,0,0,0,0,0,0,0,0,155,2026-02-06 05:16:00.938266
SMMR,24.13,23.93,24.07,2463800.0,2488000.0,0,0,0,0,0,0,0,0,0,0,0,0,0,0,0,0,0,0,0,0,0,0,0,0,0,0,155,2026-02-06 05:16:00.938266
ATMN,26.57,26.47,26.52,1955800.0,1591300.0,0,0,0,0,0,0,0,0,0,0,0,0,0,0,0,0,0,0,0,0,0,0,0,0,0,0,155,2026-02-06 05:16:00.938266
WNTR,25.84,25.81,25.84,2286700.0,2239500.0,0,0,0,0,0,0,0,0,0,0,0,0,0,0,0,0,0,0,0,0,0,0,0,0,0,0,155,2026-02-06 05:16:00.938266
SPNG,23.78,23.34,23.5,2253300.0,2366200.0,0,0,0,0,0,0,0,0,0,0,0,0,0,0,0,0,0,0,0,0,0,0,0,0,0,0,156,2026-02-06 05:16:01.995080
SMMR,24.16,23.93,24.16,2463800.0,2481100.0,0,0,0,0,0,0,0,0,0,0,0,0,0,0,0,0,0,0,0,0,0,0,0,0,0,0,156,2026-02-06 05:16:01.995080
ATMN,26.52,26.59,26.6,1932400.0,1692200.0,0,0,0,0,0,0,0,0,0,0,0,0,0,0,0,0,0,0,0,0,0,0,0,0,0,0,156,2026-02-06 05:16:01.995080
WNTR,25.79,25.79,25.84,2283000.0,2239500.0,0,0,0,0,0,0,0,0,0,0,0,0,0,0,0,0,0,0,0,0,0,0,0,0,0,0,156,2026-02-06 05:16:01.995080
SPNG,23.78,23.35,23.5,2624800.0,2366200.0,0,0,0,0,0,0,0,0,0,0,0,0,0,0,0,0,0,0,0,0,0,0,0,0,0,0,157,2026-02-06 05:16:03.048109
SMMR,24.19,23.93,24.19,2463800.0,2333400.0,0,0,0,0,0,0,0,0,0,0,0,0,0,0,0,0,0,0,0,0,0,0,0,0,0,0,157,2026-02-06 05:16:03.048109
ATMN,26.6,26.59,26.6,1927100.0,1692200.0,0,0,0,0,0,0,0,0,0,0,0,0,0,0,0,0,0,0,0,0,0,0,0,0,0,0,157,2026-02-06 05:16:03.048109
WNTR,25.69,25.83,25.84,2293100.0,2237100.0,0,0,0,0,0,0,0,0,0,0,0,0,0,0,0,0,0,0,0,0,0,0,0,0,0,0,157,2026-02-06 05:16:03.048109
SPNG,23.94,23.4,23.94,2546600.0,2338900.0,0,0,0,0,0,0,0,0,0,0,0,0,0,0,0,0,0,0,0,0,0,0,0,0,0,0,158,2026-02-06 05:16:04.115256
SMMR,24.19,23.93,24.05,2453000.0,2471100.0,0,0,0,0,0,0,0,0,0,0,0,0,0,0,0,0,0,0,0,0,0,0,0,0,0,0,158,2026-02-06 05:16:04.115256
ATMN,26.83,26.59,26.83,1927100.0,1485100.0,0,0,0,0,0,0,0,0,0,0,0,0,0,0,0,0,0,0,0,0,0,0,0,0,0,0,158,2026-02-06 05:16:04.115256
WNTR,25.85,25.83,25.85,2282500.0,2239800.0,0,0,0,0,0,0,0,0,0,0,0,0,0,0,0,0,0,0,0,0,0,0,0,0,0,0,158,2026-02-06 05:16:04.115256
SPNG,23.94,23.4,23.71,2567000.0,2398000.0,0,0,0,0,0,0,0,0,0,0,0,0,0,0,0,0,0,0,0,0,0,0,0,0,0,0,159,2026-02-06 05:16:05.253203
SMMR,23.91,23.91,24.05,2422500.0,2471100.0,0,0,0,0,0,0,0,0,0,0,0,0,0,0,0,0,0,0,0,0,0,0,0,0,0,0,159,2026-02-06 05:16:05.253203
ATMN,26.54,26.54,26.65,1948400.0,1659000.0,0,0,0,0,0,0,0,0,0,0,0,0,0,0,0,0,0,0,0,0,0,0,0,0,0,0,159,2026-02-06 05:16:05.253203
WNTR,25.87,25.83,25.87,2282500.0,2193300.0,0,0,0,0,0,0,0,0,0,0,0,0,0,0,0,0,0,0,0,0,0,0,0,0,0,0,159,2026-02-06 05:16:05.253203
SPNG,23.94,23.42,23.71,2540900.0,2398000.0,0,0,0,0,0,0,0,0,0,0,0,0,0,0,0,0,0,0,0,0,0,0,0,0,0,0,160,2026-02-06 05:16:06.325629
SMMR,23.91,23.91,24.19,2418700.0,2438300.0,0,0,0,0,0,0,0,0,0,0,0,0,0,0,0,0,0,0,0,0,0,0,0,0,0,0,160,2026-02-06 05:16:06.325629
ATMN,26.65,26.55,26.65,1919300.0,1659000.0,0,0,0,0,0,0,0,0,0,0,0,0,0,0,0,0,0,0,0,0,0,0,0,0,0,0,160,2026-02-06 05:16:06.325629
WNTR,25.82,25.85,25.87,2288800.0,2193300.0,0,0,0,0,0,0,0,0,0,0,0,0,0,0,0,0,0,0,0,0,0,0,0,0,0,0,160,2026-02-06 05:16:06.325629
SPNG,23.4,23.4,23.71,2544000.0,2396000.0,0,0,0,0,0,0,0,0,0,0,0,0,0,0,0,0,0,0,0,0,0,0,0,0,0,0,161,2026-02-06 05:16:07.423200
SMMR,23.91,24.17,24.19,2405700.0,2476400.0,0,0,0,0,0,0,0,0,0,0,0,0,0,0,0,0,0,0,0,0,0,0,0,0,0,0,161,2026-02-06 05:16:07.423200
ATMN,26.77,26.77,26.83,1950900.0,1485100.0,0,0,0,0,0,0,0,0,0,0,0,0,0,0,0,0,0,0,0,0,0,0,0,0,0,0,161,2026-02-06 05:16:07.423200
WNTR,25.85,25.74,25.8,2313600.0,2180100.0,0,0,0,0,0,0,0,0,0,0,0,0,0,0,0,0,0,0,0,0,0,0,0,0,0,0,161,2026-02-06 05:16:07.423200
SPNG,23.35,23.35,23.79,2556200.0,2385600.0,0,0,0,0,0,0,0,0,0,0,0,0,0,0,0,0,0,0,0,0,0,0,0,0,0,0,162,2026-02-06 05:16:07.974194
SMMR,23.91,24.17,24.19,2405700.0,2461700.0,0,0,0,0,0,0,0,0,0,0,0,0,0,0,0,0,0,0,0,0,0,0,0,0,0,0,162,2026-02-06 05:16:07.974194
ATMN,26.77,26.55,26.63,1919300.0,1665300.0,0,0,0,0,0,0,0,0,0,0,0,0,0,0,0,0,0,0,0,0,0,0,0,0,0,0,162,2026-02-06 05:16:07.974194
WNTR,25.89,25.84,25.89,2310600.0,2159600.0,0,0,0,0,0,0,0,0,0,0,0,0,0,0,0,0,0,0,0,0,0,0,0,0,0,0,162,2026-02-06 05:16:07.974194
SPNG,23.35,23.35,23.79,2531500.0,2390800.0,0,0,0,0,0,0,0,0,0,0,0,0,0,0,0,0,0,0,0,0,0,0,0,0,0,0,163,2026-02-06 05:16:09.018177
SMMR,23.91,23.91,24.19,2418700.0,2470600.0,0,0,0,0,0,0,0,0,0,0,0,0,0,0,0,0,0,0,0,0,0,0,0,0,0,0,163,2026-02-06 05:16:09.018177
ATMN,26.4,26.4,26.83,1927400.0,1573400.0,0,0,0,0,0,0,0,0,0,0,0,0,0,0,0,0,0,0,0,0,0,0,0,0,0,0,163,2026-02-06 05:16:09.018177
WNTR,25.92,25.84,25.92,2310600.0,2107100.0,0,0,0,0,0,0,0,0,0,0,0,0,0,0,0,0,0,0,0,0,0,0,0,0,0,0,163,2026-02-06 05:16:09.018177
SPNG,23.94,23.35,23.94,2531500.0,2417200.0,0,0,0,0,0,0,0,0,0,0,0,0,0,0,0,0,0,0,0,0,0,0,0,0,0,0,164,2026-02-06 05:16:10.073443
SMMR,24.19,23.91,24.19,2418700.0,2463800.0,0,0,0,0,0,0,0,0,0,0,0,0,0,0,0,0,0,0,0,0,0,0,0,0,0,0,164,2026-02-06 05:16:10.073443
ATMN,26.84,26.4,26.84,1909400.0,1489100.0,0,0,0,0,0,0,0,0,0,0,0,0,0,0,0,0,0,0,0,0,0,0,0,0,0,0,164,2026-02-06 05:16:10.073443
WNTR,25.84,25.84,25.92,2278700.0,2107100.0,0,0,0,0,0,0,0,0,0,0,0,0,0,0,0,0,0,0,0,0,0,0,0,0,0,0,164,2026-02-06 05:16:10.073443
SPNG,23.94,23.35,23.94,2531500.0,2476700.0,0,0,0,0,0,0,0,0,0,0,0,0,0,0,0,0,0,0,0,0,0,0,0,0,0,0,165,2026-02-06 05:16:11.116287
SMMR,24.19,23.91,24.0,2418700.0,2463000.0,0,0,0,0,0,0,0,0,0,0,0,0,0,0,0,0,0,0,0,0,0,0,0,0,0,0,165,2026-02-06 05:16:11.116287
ATMN,26.39,26.39,26.84,1930100.0,1578300.0,0,0,0,0,0,0,0,0,0,0,0,0,0,0,0,0,0,0,0,0,0,0,0,0,0,0,165,2026-02-06 05:16:11.116287
WNTR,25.88,25.92,25.96,2261500.0,2118400.0,0,0,0,0,0,0,0,0,0,0,0,0,0,0,0,0,0,0,0,0,0,0,0,0,0,0,165,2026-02-06 05:16:11.116287
SPNG,23.31,23.31,23.34,2547000.0,2495000.0,0,0,0,0,0,0,0,0,0,0,0,0,0,0,0,0,0,0,0,0,0,0,0,0,0,0,166,2026-02-06 05:16:12.247934
SMMR,24.2,24.0,24.2,2427900.0,2479700.0,0,0,0,0,0,0,0,0,0,0,0,0,0,0,0,0,0,0,0,0,0,0,0,0,0,0,166,2026-02-06 05:16:12.247934
ATMN,26.39,26.69,26.75,1922600.0,1665100.0,0,0,0,0,0,0,0,0,0,0,0,0,0,0,0,0,0,0,0,0,0,0,0,0,0,0,166,2026-02-06 05:16:12.247934
WNTR,25.88,25.88,25.96,2262700.0,2153200.0,0,0,0,0,0,0,0,0,0,0,0,0,0,0,0,0,0,0,0,0,0,0,0,0,0,0,166,2026-02-06 05:16:12.247934
SPNG,23.34,23.31,23.34,2497700.0,2495000.0,0,0,0,0,0,0,0,0,0,0,0,0,0,0,0,0,0,0,0,0,0,0,0,0,0,0,167,2026-02-06 05:16:13.371061
SMMR,24.2,24.0,24.2,2427900.0,2479700.0,0,0,0,0,0,0,0,0,0,0,0,0,0,0,0,0,0,0,0,0,0,0,0,0,0,0,167,2026-02-06 05:16:13.371061
ATMN,26.57,26.41,26.57,1930100.0,1757000.0,0,0,0,0,0,0,0,0,0,0,0,0,0,0,0,0,0,0,0,0,0,0,0,0,0,0,167,2026-02-06 05:16:13.371061
WNTR,25.84,25.84,25.92,2253400.0,2133800.0,0,0,0,0,0,0,0,0,0,0,0,0,0,0,0,0,0,0,0,0,0,0,0,0,0,0,167,2026-02-06 05:16:13.371061
SPNG,23.31,23.82,23.94,2522200.0,2476700.0,0,0,0,0,0,0,0,0,0,0,0,0,0,0,0,0,0,0,0,0,0,0,0,0,0,0,168,2026-02-06 05:16:14.487100
SMMR,24.18,23.91,24.09,2416900.0,2435100.0,0,0,0,0,0,0,0,0,0,0,0,0,0,0,0,0,0,0,0,0,0,0,0,0,0,0,168,2026-02-06 05:16:14.487100
ATMN,26.39,26.39,26.87,1930000.0,1389600.0,0,0,0,0,0,0,0,0,0,0,0,0,0,0,0,0,0,0,0,0,0,0,0,0,0,0,168,2026-02-06 05:16:14.487100
WNTR,25.96,25.88,25.96,2262700.0,2153200.0,0,0,0,0,0,0,0,0,0,0,0,0,0,0,0,0,0,0,0,0,0,0,0,0,0,0,168,2026-02-06 05:16:14.487100
SPNG,23.31,23.82,23.94,2522200.0,2490200.0,0,0,0,0,0,0,0,0,0,0,0,0,0,0,0,0,0,0,0,0,0,0,0,0,0,0,169,2026-02-06 05:16:15.039634
SMMR,23.9,23.9,24.06,2435200.0,2422700.0,0,0,0,0,0,0,0,0,0,0,0,0,0,0,0,0,0,0,0,0,0,0,0,0,0,0,169,2026-02-06 05:16:15.039634
ATMN,26.39,26.39,26.87,1936900.0,1484400.0,0,0,0,0,0,0,0,0,0,0,0,0,0,0,0,0,0,0,0,0,0,0,0,0,0,0,169,2026-02-06 05:16:15.039634
WNTR,25.96,25.88,25.91,2262700.0,2143400.0,0,0,0,0,0,0,0,0,0,0,0,0,0,0,0,0,0,0,0,0,0,0,0,0,0,0,169,2026-02-06 05:16:15.039634
SPNG,23.61,23.73,23.94,2523400.0,2520300.0,0,0,0,0,0,0,0,0,0,0,0,0,0,0,0,0,0,0,0,0,0,0,0,0,0,0,170,2026-02-06 05:16:16.096791
SMMR,23.88,23.88,24.03,2459200.0,2446800.0,0,0,0,0,0,0,0,0,0,0,0,0,0,0,0,0,0,0,0,0,0,0,0,0,0,0,170,2026-02-06 05:16:16.096791
ATMN,26.87,26.39,26.87,1936900.0,1567700.0,0,0,0,0,0,0,0,0,0,0,0,0,0,0,0,0,0,0,0,0,0,0,0,0,0,0,170,2026-02-06 05:16:16.096791
WNTR,25.88,25.88,25.91,2245800.0,2173300.0,0,0,0,0,0,0,0,0,0,0,0,0,0,0,0,0,0,0,0,0,0,0,0,0,0,0,170,2026-02-06 05:16:16.096791
SPNG,23.61,23.73,23.92,2523400.0,2505800.0,0,0,0,0,0,0,0,0,0,0,0,0,0,0,0,0,0,0,0,0,0,0,0,0,0,0,171,2026-02-06 05:16:17.142531
SMMR,23.86,23.86,24.09,2462500.0,2435100.0,0,0,0,0,0,0,0,0,0,0,0,0,0,0,0,0,0,0,0,0,0,0,0,0,0,0,171,2026-02-06 05:16:17.142531
ATMN,26.76,26.39,26.59,1936900.0,1758400.0,0,0,0,0,0,0,0,0,0,0,0,0,0,0,0,0,0,0,0,0,0,0,0,0,0,0,171,2026-02-06 05:16:17.142531
WNTR,25.87,25.87,25.9,2227300.0,2162700.0,0,0,0,0,0,0,0,0,0,0,0,0,0,0,0,0,0,0,0,0,0,0,0,0,0,0,171,2026-02-06 05:16:17.142531
SPNG,23.73,23.73,23.74,2523400.0,2487000.0,0,0,0,0,0,0,0,0,0,0,0,0,0,0,0,0,0,0,0,0,0,0,0,0,0,0,172,2026-02-06 05:16:18.194576
SMMR,24.21,23.86,24.1,2455600.0,2434600.0,0,0,0,0,0,0,0,0,0,0,0,0,0,0,0,0,0,0,0,0,0,0,0,0,0,0,172,2026-02-06 05:16:18.194576
ATMN,26.39,26.37,26.39,1946900.0,1853100.0,0,0,0,0,0,0,0,0,0,0,0,0,0,0,0,0,0,0,0,0,0,0,0,0,0,0,172,2026-02-06 05:16:18.194576
WNTR,25.82,25.82,25.86,2231400.0,2135100.0,0,0,0,0,0,0,0,0,0,0,0,0,0,0,0,0,0,0,0,0,0,0,0,0,0,0,172,2026-02-06 05:16:18.194576
SPNG,23.73,23.31,23.52,2509700.0,2559200.0,0,0,0,0,0,0,0,0,0,0,0,0,0,0,0,0,0,0,0,0,0,0,0,0,0,0,173,2026-02-06 05:16:19.283309
SMMR,24.13,23.86,24.0,2434100.0,2457800.0,0,0,0,0,0,0,0,0,0,0,0,0,0,0,0,0,0,0,0,0,0,0,0,0,0,0,173,2026-02-06 05:16:19.283309
ATMN,26.39,26.37,26.39,1921900.0,1852900.0,0,0,0,0,0,0,0,0,0,0,0,0,0,0,0,0,0,0,0,0,0,0,0,0,0,0,173,2026-02-06 05:16:19.283309
WNTR,25.82,25.82,25.9,2242000.0,2140500.0,0,0,0,0,0,0,0,0,0,0,0,0,0,0,0,0,0,0,0,0,0,0,0,0,0,0,173,2026-02-06 05:16:19.283309
SPNG,23.85,23.42,23.85,2506700.0,2510900.0,0,0,0,0,0,0,0,0,0,0,0,0,0,0,0,0,0,0,0,0,0,0,0,0,0,0,174,2026-02-06 05:16:20.348285
SMMR,23.86,23.86,24.0,2419000.0,2457800.0,0,0,0,0,0,0,0,0,0,0,0,0,0,0,0,0,0,0,0,0,0,0,0,0,0,0,174,2026-02-06 05:16:20.348285
ATMN,26.37,26.37,26.39,1919400.0,1852900.0,0,0,0,0,0,0,0,0,0,0,0,0,0,0,0,0,0,0,0,0,0,0,0,0,0,0,174,2026-02-06 05:16:20.348285
WNTR,25.82,25.82,25.9,2242000.0,2161700.0,0,0,0,0,0,0,0,0,0,0,0,0,0,0,0,0,0,0,0,0,0,0,0,0,0,0,174,2026-02-06 05:16:20.348285
SPNG,23.42,23.42,23.92,2506700.0,2500900.0,0,0,0,0,0,0,0,0,0,0,0,0,0,0,0,0,0,0,0,0,0,0,0,0,0,0,175,2026-02-06 05:16:21.404836
SMMR,24.16,23.86,23.96,2419000.0,2452600.0,0,0,0,0,0,0,0,0,0,0,0,0,0,0,0,0,0,0,0,0,0,0,0,0,0,0,175,2026-02-06 05:16:21.404836
ATMN,26.45,26.37,26.45,1919400.0,1841700.0,0,0,0,0,0,0,0,0,0,0,0,0,0,0,0,0,0,0,0,0,0,0,0,0,0,0,175,2026-02-06 05:16:21.404836
WNTR,25.96,25.82,25.96,2242000.0,2140500.0,0,0,0,0,0,0,0,0,0,0,0,0,0,0,0,0,0,0,0,0,0,0,0,0,0,0,175,2026-02-06 05:16:21.404836
SPNG,23.95,23.42,23.95,2478900.0,2526400.0,0,0,0,0,0,0,0,0,0,0,0,0,0,0,0,0,0,0,0,0,0,0,0,0,0,0,176,2026-02-06 05:16:22.492622
SMMR,23.96,23.97,24.16,2430100.0,2461600.0,0,0,0,0,0,0,0,0,0,0,0,0,0,0,0,0,0,0,0,0,0,0,0,0,0,0,176,2026-02-06 05:16:22.492622
ATMN,26.56,26.37,26.46,1919400.0,1862800.0,0,0,0,0,0,0,0,0,0,0,0,0,0,0,0,0,0,0,0,0,0,0,0,0,0,0,176,2026-02-06 05:16:22.492622
WNTR,25.97,25.83,25.97,2241900.0,2148600.0,0,0,0,0,0,0,0,0,0,0,0,0,0,0,0,0,0,0,0,0,0,0,0,0,0,0,176,2026-02-06 05:16:22.492622
SPNG,23.95,23.6,23.89,2472800.0,2497900.0,0,0,0,0,0,0,0,0,0,0,0,0,0,0,0,0,0,0,0,0,0,0,0,0,0,0,177,2026-02-06 05:16:23.061692
SMMR,23.96,23.97,24.0,2430100.0,2466300.0,0,0,0,0,0,0,0,0,0,0,0,0,0,0,0,0,0,0,0,0,0,0,0,0,0,0,177,2026-02-06 05:16:23.061692
ATMN,26.52,26.37,26.52,1919400.0,1866500.0,0,0,0,0,0,0,0,0,0,0,0,0,0,0,0,0,0,0,0,0,0,0,0,0,0,0,177,2026-02-06 05:16:23.061692
WNTR,25.97,25.93,25.97,2244500.0,2148600.0,0,0,0,0,0,0,0,0,0,0,0,0,0,0,0,0,0,0,0,0,0,0,0,0,0,0,177,2026-02-06 05:16:23.061692
SPNG,23.6,23.6,23.72,2472800.0,2508700.0,0,0,0,0,0,0,0,0,0,0,0,0,0,0,0,0,0,0,0,0,0,0,0,0,0,0,178,2026-02-06 05:16:24.107167
SMMR,23.98,23.97,23.98,2430100.0,2465500.0,0,0,0,0,0,0,0,0,0,0,0,0,0,0,0,0,0,0,0,0,0,0,0,0,0,0,178,2026-02-06 05:16:24.107167
ATMN,26.52,26.37,26.52,1912700.0,1866500.0,0,0,0,0,0,0,0,0,0,0,0,0,0,0,0,0,0,0,0,0,0,0,0,0,0,0,178,2026-02-06 05:16:24.107167
WNTR,25.97,25.93,25.97,2232200.0,2158300.0,0,0,0,0,0,0,0,0,0,0,0,0,0,0,0,0,0,0,0,0,0,0,0,0,0,0,178,2026-02-06 05:16:24.107167
SPNG,23.52,23.52,23.55,2482700.0,2538600.0,0,0,0,0,0,0,0,0,0,0,0,0,0,0,0,0,0,0,0,0,0,0,0,0,0,0,179,2026-02-06 05:16:25.159107
SMMR,23.93,23.93,23.98,2416400.0,2462200.0,0,0,0,0,0,0,0,0,0,0,0,0,0,0,0,0,0,0,0,0,0,0,0,0,0,0,179,2026-02-06 05:16:25.159107
ATMN,26.59,26.59,26.69,1960200.0,1731800.0,0,0,0,0,0,0,0,0,0,0,0,0,0,0,0,0,0,0,0,0,0,0,0,0,0,0,179,2026-02-06 05:16:25.159107
WNTR,25.99,25.93,25.99,2232200.0,2165300.0,0,0,0,0,0,0,0,0,0,0,0,0,0,0,0,0,0,0,0,0,0,0,0,0,0,0,179,2026-02-06 05:16:25.159107
SPNG,23.72,24.74,0.0,200000.0,0,0,0,0,0,0,0,0,0,0,0,0,0,0,0,0,0,0,0,0,0,0,0,0,0,0,0,180,2026-02-06 05:16:26.197835
SMMR,23.93,24.75,0.0,200000.0,0,0,0,0,0,0,0,0,0,0,0,0,0,0,0,0,0,0,0,0,0,0,0,0,0,0,0,180,2026-02-06 05:16:26.197835
ATMN,26.69,24.15,0.0,200000.0,0,0,0,0,0,0,0,0,0,0,0,0,0,0,0,0,0,0,0,0,0,0,0,0,0,0,0,180,2026-02-06 05:16:26.197835
WNTR,26.01,25.46,0.0,200000.0,0,0,0,0,0,0,0,0,0,0,0,0,0,0,0,0,0,0,0,0,0,0,0,0,0,0,0,180,2026-02-06 05:16:26.197835
SPNG,24.74,24.26,24.66,1156800.0,1089100.0,0,0,0,0,0,0,0,0,0,0,0,0,0,0,0,0,0,0,0,0,0,0,0,0,0,0,181,2026-02-06 05:16:27.228033
SMMR,24.75,24.39,24.64,1298300.0,943800.0,0,0,0,0,0,0,0,0,0,0,0,0,0,0,0,0,0,0,0,0,0,0,0,0,0,0,181,2026-02-06 05:16:27.228033
ATMN,24.25,24.15,24.25,1006900.0,907400.0,0,0,0,0,0,0,0,0,0,0,0,0,0,0,0,0,0,0,0,0,0,0,0,0,0,0,181,2026-02-06 05:16:27.228033
WNTR,25.46,25.46,25.49,1115100.0,989700.0,0,0,0,0,0,0,0,0,0,0,0,0,0,0,0,0,0,0,0,0,0,0,0,0,0,0,181,2026-02-06 05:16:27.228033
SPNG,24.9,24.38,24.9,1373800.0,970000.0,0,0,0,0,0,0,0,0,0,0,0,0,0,0,0,0,0,0,0,0,0,0,0,0,0,0,182,2026-02-06 05:16:28.312986
SMMR,24.75,24.6,24.64,1688800.0,943800.0,0,0,0,0,0,0,0,0,0,0,0,0,0,0,0,0,0,0,0,0,0,0,0,0,0,0,182,2026-02-06 05:16:28.312986
ATMN,24.25,24.55,24.88,1114500.0,994300.0,0,0,0,0,0,0,0,0,0,0,0,0,0,0,0,0,0,0,0,0,0,0,0,0,0,0,182,2026-02-06 05:16:28.312986
WNTR,25.44,25.46,25.49,1203500.0,989700.0,0,0,0,0,0,0,0,0,0,0,0,0,0,0,0,0,0,0,0,0,0,0,0,0,0,0,182,2026-02-06 05:16:28.312986
SPNG,24.34,24.34,24.9,1408900.0,1083400.0,0,0,0,0,0,0,0,0,0,0,0,0,0,0,0,0,0,0,0,0,0,0,0,0,0,0,183,2026-02-06 05:16:29.408281
SMMR,24.83,24.86,25.02,2174300.0,930100.0,0,0,0,0,0,0,0,0,0,0,0,0,0,0,0,0,0,0,0,0,0,0,0,0,0,0,183,2026-02-06 05:16:29.408281
ATMN,24.15,24.15,24.38,1006900.0,1203600.0,0,0,0,0,0,0,0,0,0,0,0,0,0,0,0,0,0,0,0,0,0,0,0,0,0,0,183,2026-02-06 05:16:29.408281
WNTR,25.49,25.46,25.49,1449800.0,989700.0,0,0,0,0,0,0,0,0,0,0,0,0,0,0,0,0,0,0,0,0,0,0,0,0,0,0,183,2026-02-06 05:16:29.408281
SPNG,24.9,24.34,24.9,1537000.0,1102700.0,0,0,0,0,0,0,0,0,0,0,0,0,0,0,0,0,0,0,0,0,0,0,0,0,0,0,184,2026-02-06 05:16:30.465506
SMMR,24.81,24.98,25.02,2341600.0,1044300.0,0,0,0,0,0,0,0,0,0,0,0,0,0,0,0,0,0,0,0,0,0,0,0,0,0,0,184,2026-02-06 05:16:30.465506
ATMN,24.38,23.69,24.38,1051700.0,1203600.0,0,0,0,0,0,0,0,0,0,0,0,0,0,0,0,0,0,0,0,0,0,0,0,0,0,0,184,2026-02-06 05:16:30.465506
WNTR,25.68,25.35,25.46,1253900.0,995300.0,0,0,0,0,0,0,0,0,0,0,0,0,0,0,0,0,0,0,0,0,0,0,0,0,0,0,184,2026-02-06 05:16:30.465506
SPNG,24.92,24.34,24.91,1653800.0,1087600.0,0,0,0,0,0,0,0,0,0,0,0,0,0,0,0,0,0,0,0,0,0,0,0,0,0,0,185,2026-02-06 05:16:31.515783
SMMR,24.98,24.61,24.8,2203400.0,1514000.0,0,0,0,0,0,0,0,0,0,0,0,0,0,0,0,0,0,0,0,0,0,0,0,0,0,0,185,2026-02-06 05:16:31.515783
ATMN,24.88,23.69,24.88,1051700.0,1102900.0,0,0,0,0,0,0,0,0,0,0,0,0,0,0,0,0,0,0,0,0,0,0,0,0,0,0,185,2026-02-06 05:16:31.515783
WNTR,25.68,25.35,25.68,1491900.0,882400.0,0,0,0,0,0,0,0,0,0,0,0,0,0,0,0,0,0,0,0,0,0,0,0,0,0,0,185,2026-02-06 05:16:31.515783
SPNG,24.96,24.55,24.96,1760000.0,972300.0,0,0,0,0,0,0,0,0,0,0,0,0,0,0,0,0,0,0,0,0,0,0,0,0,0,0,186,2026-02-06 05:16:32.080666
SMMR,24.98,24.76,24.8,2428200.0,1514000.0,0,0,0,0,0,0,0,0,0,0,0,0,0,0,0,0,0,0,0,0,0,0,0,0,0,0,186,2026-02-06 05:16:32.080666
ATMN,22.8,22.8,24.55,1086800.0,1195500.0,0,0,0,0,0,0,0,0,0,0,0,0,0,0,0,0,0,0,0,0,0,0,0,0,0,0,186,2026-02-06 05:16:32.080666
WNTR,25.68,25.6,25.65,1617400.0,1081000.0,0,0,0,0,0,0,0,0,0,0,0,0,0,0,0,0,0,0,0,0,0,0,0,0,0,0,186,2026-02-06 05:16:32.080666
SPNG,25.01,24.63,25.01,1858800.0,983700.0,0,0,0,0,0,0,0,0,0,0,0,0,0,0,0,0,0,0,0,0,0,0,0,0,0,0,187,2026-02-06 05:16:33.147986
SMMR,24.8,24.86,25.02,2475200.0,1514500.0,0,0,0,0,0,0,0,0,0,0,0,0,0,0,0,0,0,0,0,0,0,0,0,0,0,0,187,2026-02-06 05:16:33.147986
ATMN,22.8,22.8,24.55,1179400.0,1195500.0,0,0,0,0,0,0,0,0,0,0,0,0,0,0,0,0,0,0,0,0,0,0,0,0,0,0,187,2026-02-06 05:16:33.147986
WNTR,25.34,25.34,25.54,1357800.0,1337400.0,0,0,0,0,0,0,0,0,0,0,0,0,0,0,0,0,0,0,0,0,0,0,0,0,0,0,187,2026-02-06 05:16:33.147986
SPNG,24.55,24.34,24.35,1653800.0,1214800.0,0,0,0,0,0,0,0,0,0,0,0,0,0,0,0,0,0,0,0,0,0,0,0,0,0,0,188,2026-02-06 05:16:34.187137
SMMR,24.8,24.86,25.02,2475200.0,2001300.0,0,0,0,0,0,0,0,0,0,0,0,0,0,0,0,0,0,0,0,0,0,0,0,0,0,0,188,2026-02-06 05:16:34.187137
ATMN,22.8,23.27,24.13,1415200.0,1298400.0,0,0,0,0,0,0,0,0,0,0,0,0,0,0,0,0,0,0,0,0,0,0,0,0,0,0,188,2026-02-06 05:16:34.187137
WNTR,25.71,25.34,25.53,1357800.0,1224100.0,0,0,0,0,0,0,0,0,0,0,0,0,0,0,0,0,0,0,0,0,0,0,0,0,0,0,188,2026-02-06 05:16:34.187137
SPNG,25.15,24.34,25.15,1901900.0,962500.0,0,0,0,0,0,0,0,0,0,0,0,0,0,0,0,0,0,0,0,0,0,0,0,0,0,0,189,2026-02-06 05:16:35.232949
SMMR,24.61,24.77,24.97,2445600.0,2100800.0,0,0,0,0,0,0,0,0,0,0,0,0,0,0,0,0,0,0,0,0,0,0,0,0,0,0,189,2026-02-06 05:16:35.232949
ATMN,22.8,23.73,24.13,1803200.0,1298400.0,0,0,0,0,0,0,0,0,0,0,0,0,0,0,0,0,0,0,0,0,0,0,0,0,0,0,189,2026-02-06 05:16:35.232949
WNTR,25.44,25.51,25.53,1327600.0,1224100.0,0,0,0,0,0,0,0,0,0,0,0,0,0,0,0,0,0,0,0,0,0,0,0,0,0,0,189,2026-02-06 05:16:35.232949
SPNG,25.15,24.34,24.75,2019100.0,1171300.0,0,0,0,0,0,0,0,0,0,0,0,0,0,0,0,0,0,0,0,0,0,0,0,0,0,0,190,2026-02-06 05:16:36.283830
SMMR,25.02,24.61,25.02,2600900.0,2133000.0,0,0,0,0,0,0,0,0,0,0,0,0,0,0,0,0,0,0,0,0,0,0,0,0,0,0,190,2026-02-06 05:16:36.283830
ATMN,24.13,24.0,24.13,2005400.0,1298400.0,0,0,0,0,0,0,0,0,0,0,0,0,0,0,0,0,0,0,0,0,0,0,0,0,0,0,190,2026-02-06 05:16:36.283830
WNTR,25.51,25.48,25.5,1330400.0,1330600.0,0,0,0,0,0,0,0,0,0,0,0,0,0,0,0,0,0,0,0,0,0,0,0,0,0,0,190,2026-02-06 05:16:36.283830
SPNG,24.34,24.34,24.9,1914900.0,1165300.0,0,0,0,0,0,0,0,0,0,0,0,0,0,0,0,0,0,0,0,0,0,0,0,0,0,0,191,2026-02-06 05:16:37.423277
SMMR,24.6,24.78,24.79,2572900.0,2265200.0,0,0,0,0,0,0,0,0,0,0,0,0,0,0,0,0,0,0,0,0,0,0,0,0,0,0,191,2026-02-06 05:16:37.423277
ATMN,24.0,23.73,23.78,2143700.0,1388900.0,0,0,0,0,0,0,0,0,0,0,0,0,0,0,0,0,0,0,0,0,0,0,0,0,0,0,191,2026-02-06 05:16:37.423277
WNTR,25.54,25.48,25.54,1444700.0,1213400.0,0,0,0,0,0,0,0,0,0,0,0,0,0,0,0,0,0,0,0,0,0,0,0,0,0,0,191,2026-02-06 05:16:37.423277
SPNG,24.9,24.34,24.9,1914900.0,1288800.0,0,0,0,0,0,0,0,0,0,0,0,0,0,0,0,0,0,0,0,0,0,0,0,0,0,0,192,2026-02-06 05:16:38.517835
SMMR,24.79,24.78,24.79,2572900.0,2376900.0,0,0,0,0,0,0,0,0,0,0,0,0,0,0,0,0,0,0,0,0,0,0,0,0,0,0,192,2026-02-06 05:16:38.517835
ATMN,23.78,23.84,24.13,2384000.0,1298400.0,0,0,0,0,0,0,0,0,0,0,0,0,0,0,0,0,0,0,0,0,0,0,0,0,0,0,192,2026-02-06 05:16:38.517835
WNTR,25.54,25.69,25.71,1454800.0,1237300.0,0,0,0,0,0,0,0,0,0,0,0,0,0,0,0,0,0,0,0,0,0,0,0,0,0,0,192,2026-02-06 05:16:38.517835
SPNG,24.33,24.33,24.9,1928300.0,1426200.0,0,0,0,0,0,0,0,0,0,0,0,0,0,0,0,0,0,0,0,0,0,0,0,0,0,0,193,2026-02-06 05:16:39.120092
SMMR,24.78,24.78,24.79,2572900.0,2340000.0,0,0,0,0,0,0,0,0,0,0,0,0,0,0,0,0,0,0,0,0,0,0,0,0,0,0,193,2026-02-06 05:16:39.120092
ATMN,23.73,23.73,24.13,2453200.0,1385400.0,0,0,0,0,0,0,0,0,0,0,0,0,0,0,0,0,0,0,0,0,0,0,0,0,0,0,193,2026-02-06 05:16:39.120092
WNTR,25.42,25.42,25.71,1465600.0,1237300.0,0,0,0,0,0,0,0,0,0,0,0,0,0,0,0,0,0,0,0,0,0,0,0,0,0,0,193,2026-02-06 05:16:39.120092
SPNG,24.26,24.26,24.9,1833200.0,1426200.0,0,0,0,0,0,0,0,0,0,0,0,0,0,0,0,0,0,0,0,0,0,0,0,0,0,0,194,2026-02-06 05:16:40.161109
SMMR,24.83,24.6,24.83,2591700.0,2341600.0,0,0,0,0,0,0,0,0,0,0,0,0,0,0,0,0,0,0,0,0,0,0,0,0,0,0,194,2026-02-06 05:16:40.161109
ATMN,23.94,23.94,24.0,2405600.0,1591000.0,0,0,0,0,0,0,0,0,0,0,0,0,0,0,0,0,0,0,0,0,0,0,0,0,0,0,194,2026-02-06 05:16:40.161109
WNTR,25.31,25.39,25.41,1348800.0,1482400.0,0,0,0,0,0,0,0,0,0,0,0,0,0,0,0,0,0,0,0,0,0,0,0,0,0,0,194,2026-02-06 05:16:40.161109
SPNG,24.09,24.09,24.9,1697700.0,1625900.0,0,0,0,0,0,0,0,0,0,0,0,0,0,0,0,0,0,0,0,0,0,0,0,0,0,0,195,2026-02-06 05:16:41.199502
SMMR,24.83,24.6,24.83,2579600.0,2341600.0,0,0,0,0,0,0,0,0,0,0,0,0,0,0,0,0,0,0,0,0,0,0,0,0,0,0,195,2026-02-06 05:16:41.199502
ATMN,24.0,23.73,24.0,2399900.0,1591000.0,0,0,0,0,0,0,0,0,0,0,0,0,0,0,0,0,0,0,0,0,0,0,0,0,0,0,195,2026-02-06 05:16:41.199502
WNTR,25.43,25.39,25.43,1348800.0,1471900.0,0,0,0,0,0,0,0,0,0,0,0,0,0,0,0,0,0,0,0,0,0,0,0,0,0,0,195,2026-02-06 05:16:41.199502
SPNG,24.09,24.49,24.83,1822000.0,1997400.0,0,0,0,0,0,0,0,0,0,0,0,0,0,0,0,0,0,0,0,0,0,0,0,0,0,0,196,2026-02-06 05:16:42.231420
SMMR,24.74,24.6,24.74,2577500.0,2369900.0,0,0,0,0,0,0,0,0,0,0,0,0,0,0,0,0,0,0,0,0,0,0,0,0,0,0,196,2026-02-06 05:16:42.231420
ATMN,24.13,23.73,24.13,2431200.0,1499100.0,0,0,0,0,0,0,0,0,0,0,0,0,0,0,0,0,0,0,0,0,0,0,0,0,0,0,196,2026-02-06 05:16:42.231420
WNTR,25.39,25.39,25.43,1459500.0,1600400.0,0,0,0,0,0,0,0,0,0,0,0,0,0,0,0,0,0,0,0,0,0,0,0,0,0,0,196,2026-02-06 05:16:42.231420
SPNG,24.49,24.32,24.47,1954500.0,2126800.0,0,0,0,0,0,0,0,0,0,0,0,0,0,0,0,0,0,0,0,0,0,0,0,0,0,0,197,2026-02-06 05:16:43.272857
SMMR,24.74,24.78,24.79,2522800.0,2348800.0,0,0,0,0,0,0,0,0,0,0,0,0,0,0,0,0,0,0,0,0,0,0,0,0,0,0,197,2026-02-06 05:16:43.272857
ATMN,23.8,23.8,24.13,2381100.0,1597200.0,0,0,0,0,0,0,0,0,0,0,0,0,0,0,0,0,0,0,0,0,0,0,0,0,0,0,197,2026-02-06 05:16:43.272857
WNTR,25.63,25.39,25.63,1459500.0,1696800.0,0,0,0,0,0,0,0,0,0,0,0,0,0,0,0,0,0,0,0,0,0,0,0,0,0,0,197,2026-02-06 05:16:43.272857
SPNG,24.83,24.32,24.83,2091500.0,2101200.0,0,0,0,0,0,0,0,0,0,0,0,0,0,0,0,0,0,0,0,0,0,0,0,0,0,0,198,2026-02-06 05:16:44.326484
SMMR,24.78,24.65,24.77,2568800.0,2364200.0,0,0,0,0,0,0,0,0,0,0,0,0,0,0,0,0,0,0,0,0,0,0,0,0,0,0,198,2026-02-06 05:16:44.326484
ATMN,24.13,23.8,24.13,2313900.0,1597200.0,0,0,0,0,0,0,0,0,0,0,0,0,0,0,0,0,0,0,0,0,0,0,0,0,0,0,198,2026-02-06 05:16:44.326484
WNTR,25.31,25.31,25.55,1357900.0,2045700.0,0,0,0,0,0,0,0,0,0,0,0,0,0,0,0,0,0,0,0,0,0,0,0,0,0,0,198,2026-02-06 05:16:44.326484
SPNG,24.41,24.41,24.83,2218600.0,2101200.0,0,0,0,0,0,0,0,0,0,0,0,0,0,0,0,0,0,0,0,0,0,0,0,0,0,0,199,2026-02-06 05:16:45.431887
SMMR,24.79,24.75,24.79,2525000.0,2360800.0,0,0,0,0,0,0,0,0,0,0,0,0,0,0,0,0,0,0,0,0,0,0,0,0,0,0,199,2026-02-06 05:16:45.431887
