ticker,last_price,bid_price,ask_price,BUY_ANON,SELL_ANON,SELL_WRSW-3,BUY_GIOT-3,BUY_LUIS-1,SELL_UOTB-2,SELL_BRCH-3,BUY_LAVL-1,BUY_BRCH-3,BUY_UEBR-1,SELL_BABS-4,SELL_LETH-1,BUY_UOTB-1,BUY_UOTB-2,SELL_LUIS-1,SELL_COLA-3,SELL_CNCD-1,BUY_CNCD-1,BUY_COLA-1,SELL_UOTB-3,SELL_NAIT-1,BUY_LETH-1,BUY_WRSW-2,SELL_WRSW-1,BUY_CNCD-5,SELL_COLB-2,SELL_COLA-1,BUY_NAIT-1,BUY_WRSW-1,SELL_BRCH-1,BUY_BRCH-2,SELL_UOTB-1,BUY_COLA-3,SELL_LAVL-1,BUY_WRSW-3,BUY_BRCH-1,SELL_UEBR-1,SELL_GIOT-3,BUY_UOTB-3,BUY_BABS-4,BUY_CAMN-1,SELL_CNCD-5,BUY_COLB-2,SELL_WRSW-2,SELL_CAMN-1,SELL_BRCH-2,tick,timestamp,news_news_id,news_period,news_tick,news_ticker,news_headline,news_body
SPNG,25.0,24.77,25.11,2276700.0,2165400.0,,0,0,0,0,0,0,0,0,0,0,0,0,0,0,0,0,0,0,0,0,0,0,0,0,0,0,0,0,0,0,0,0,0,0,0,0,0,0,0,0,0,0,0,1,2026-02-06 00:35:59.833067,2.0,1.0,1.0,,Aggregate Position Limit,Your CRO has set the aggregate position limit to 13000 shares for this week.
SMMR,0.0,24.96,25.0,2384700.0,2284400.0,6000.0,0,0,0,0,0,0,0,0,0,0,0,0,0,0,0,0,0,0,0,0,0,0,0,0,0,0,0,0,0,0,0,0,0,0,0,0,0,0,0,0,0,0,0,1,2026-02-06 00:35:59.833067,1.0,1.0,1.0,,Welcome to the RITC 2026 Alogithmic Market Making Case - practice server,
ATMN,25.09,24.96,25.0,1951700.0,1898600.0,6000.0,0,0,0,0,0,0,0,0,0,0,0,0,0,0,0,0,0,0,0,0,0,0,0,0,0,0,0,0,0,0,0,0,0,0,0,0,0,0,0,0,0,0,0,1,2026-02-06 00:35:59.833067,,,,,,
WNTR,24.94,24.94,25.0,2333500.0,2162700.0,6000.0,0,0,0,0,0,0,0,0,0,0,0,0,0,0,0,0,0,0,0,0,0,0,0,0,0,0,0,0,0,0,0,0,0,0,0,0,0,0,0,0,0,0,0,1,2026-02-06 00:35:59.833067,,,,,,
SPNG,24.75,24.78,25.08,1910300.0,2573.0,2333.0,1629500.0,5000.0,,0,0,0,0,0,0,0,0,0,0,0,0,0,0,0,0,0,0,0,0,0,0,0,0,0,0,0,0,0,0,0,0,0,0,0,0,0,0,0,0,2,2026-02-06 00:36:00.936395
SMMR,25.0,24.97,25.01,1640900.0,4523.0,,1882100.0,4000.0,9777.0,0,0,0,0,0,0,0,0,0,0,0,0,0,0,0,0,0,0,0,0,0,0,0,0,0,0,0,0,0,0,0,0,0,0,0,0,0,0,0,0,2,2026-02-06 00:36:00.936395
ATMN,24.98,24.96,24.98,1438200.0,4523.0,,1502600.0,5000.0,,0,0,0,0,0,0,0,0,0,0,0,0,0,0,0,0,0,0,0,0,0,0,0,0,0,0,0,0,0,0,0,0,0,0,0,0,0,0,0,0,2,2026-02-06 00:36:00.936395
WNTR,25.02,24.94,25.02,1994700.0,1950.0,,2274000.0,,8500.0,0,0,0,0,0,0,0,0,0,0,0,0,0,0,0,0,0,0,0,0,0,0,0,0,0,0,0,0,0,0,0,0,0,0,0,0,0,0,0,0,2,2026-02-06 00:36:00.936395
SPNG,24.63,24.74,25.07,1498.0,2040200.0,5000.0,1729300.0,,,0,0,0,0,0,0,0,0,0,0,0,0,0,0,0,0,0,0,0,0,0,0,0,0,0,0,0,0,0,0,0,0,0,0,0,0,0,0,0,0,3,2026-02-06 00:36:02.062915
SMMR,24.97,24.96,24.97,4380.0,1667300.0,4985.0,1598300.0,9777.0,9777.0,0,0,0,0,0,0,0,0,0,0,0,0,0,0,0,0,0,0,0,0,0,0,0,0,0,0,0,0,0,0,0,0,0,0,0,0,0,0,0,0,3,2026-02-06 00:36:02.062915
ATMN,25.05,25.13,25.17,875.0,1842300.0,,1883000.0,,,0,0,0,0,0,0,0,0,0,0,0,0,0,0,0,0,0,0,0,0,0,0,0,0,0,0,0,0,0,0,0,0,0,0,0,0,0,0,0,0,3,2026-02-06 00:36:02.062915
WNTR,25.1,24.96,24.98,4337.0,1636900.0,7000.0,1424200.0,8500.0,,0,0,0,0,0,0,0,0,0,0,0,0,0,0,0,0,0,0,0,0,0,0,0,0,0,0,0,0,0,0,0,0,0,0,0,0,0,0,0,0,3,2026-02-06 00:36:02.062915
SPNG,25.24,24.74,25.24,3859.0,1702400.0,1757000.0,5000.0,,,0,0,0,0,0,0,0,0,0,0,0,0,0,0,0,0,0,0,0,0,0,0,0,0,0,0,0,0,0,0,0,0,0,0,0,0,0,0,0,0,4,2026-02-06 00:36:03.158249
SMMR,24.97,24.96,24.97,4380.0,1656800.0,1598300.0,5000.0,9777.0,9777.0,0,0,0,0,0,0,0,0,0,0,0,0,0,0,0,0,0,0,0,0,0,0,0,0,0,0,0,0,0,0,0,0,0,0,0,0,0,0,0,0,4,2026-02-06 00:36:03.158249
ATMN,24.67,24.67,24.94,,1837200.0,1888900.0,1000.0,,,0,0,0,0,0,0,0,0,0,0,0,0,0,0,0,0,0,0,0,0,0,0,0,0,0,0,0,0,0,0,0,0,0,0,0,0,0,0,0,0,4,2026-02-06 00:36:03.158249
WNTR,24.94,24.94,24.98,4337.0,1775100.0,1310400.0,7000.0,,4500.0,0,0,0,0,0,0,0,0,0,0,0,0,0,0,0,0,0,0,0,0,0,0,0,0,0,0,0,0,0,0,0,0,0,0,0,0,0,0,0,0,4,2026-02-06 00:36:03.158249
SPNG,24.58,24.76,25.05,200.0,1458300.0,3756.0,100.0,1627600.0,5000.0,0,0,0,0,0,0,0,0,0,0,0,0,0,0,0,0,0,0,0,0,0,0,0,0,0,0,0,0,0,0,0,0,0,0,0,0,0,0,0,0,5,2026-02-06 00:36:04.234338
SMMR,24.93,24.93,24.97,,1959400.0,2528.0,13000.0,1504700.0,5000.0,0,0,0,0,0,0,0,0,0,0,0,0,0,0,0,0,0,0,0,0,0,0,0,0,0,0,0,0,0,0,0,0,0,0,0,0,0,0,0,0,5,2026-02-06 00:36:04.234338
ATMN,24.9,24.69,24.88,4056.0,1837200.0,,12174.0,1611900.0,2000.0,0,0,0,0,0,0,0,0,0,0,0,0,0,0,0,0,0,0,0,0,0,0,0,0,0,0,0,0,0,0,0,0,0,0,0,0,0,0,0,0,5,2026-02-06 00:36:04.234338
WNTR,24.94,24.96,24.98,8491.0,1621500.0,4523.0,12991.0,1438900.0,5000.0,0,0,0,0,0,0,0,0,0,0,0,0,0,0,0,0,0,0,0,0,0,0,0,0,0,0,0,0,0,0,0,0,0,0,0,0,0,0,0,0,5,2026-02-06 00:36:04.234338
SPNG,25.28,24.76,25.28,200.0,2025100.0,2196100.0,6000.0,,,,0,0,0,0,0,0,0,0,0,0,0,0,0,0,0,0,0,0,0,0,0,0,0,0,0,0,0,0,0,0,0,0,0,0,0,0,0,0,0,6,2026-02-06 00:36:04.806722
SMMR,25.05,24.93,25.05,,1959400.0,2386100.0,,2528.0,,,0,0,0,0,0,0,0,0,0,0,0,0,0,0,0,0,0,0,0,0,0,0,0,0,0,0,0,0,0,0,0,0,0,0,0,0,0,0,0,6,2026-02-06 00:36:04.806722
ATMN,24.87,24.69,24.87,4056.0,1335600.0,1106600.0,6000.0,3632.0,16647.0,5000.0,0,0,0,0,0,0,0,0,0,0,0,0,0,0,0,0,0,0,0,0,0,0,0,0,0,0,0,0,0,0,0,0,0,0,0,0,0,0,0,6,2026-02-06 00:36:04.806722
WNTR,24.92,24.91,24.92,,1943900.0,1465400.0,,2485.0,12991.0,5000.0,0,0,0,0,0,0,0,0,0,0,0,0,0,0,0,0,0,0,0,0,0,0,0,0,0,0,0,0,0,0,0,0,0,0,0,0,0,0,0,6,2026-02-06 00:36:04.806722
SPNG,25.06,25.05,25.06,1589700.0,100.0,4637.0,2000.0,100.0,1885900.0,6000.0,,0,0,0,0,0,0,0,0,0,0,0,0,0,0,0,0,0,0,0,0,0,0,0,0,0,0,0,0,0,0,0,0,0,0,0,0,0,0,7,2026-02-06 00:36:05.871683
SMMR,24.91,24.92,24.96,1999400.0,9697.0,1773.0,3000.0,3000.0,1751900.0,6000.0,,0,0,0,0,0,0,0,0,0,0,0,0,0,0,0,0,0,0,0,0,0,0,0,0,0,0,0,0,0,0,0,0,0,0,0,0,0,0,7,2026-02-06 00:36:05.871683
ATMN,24.96,24.96,25.17,1354400.0,1073.0,3632.0,,,2004600.0,,,0,0,0,0,0,0,0,0,0,0,0,0,0,0,0,0,0,0,0,0,0,0,0,0,0,0,0,0,0,0,0,0,0,0,0,0,0,0,7,2026-02-06 00:36:05.871683
WNTR,25.01,24.94,25.01,1584200.0,4509.0,3136.0,,,2268500.0,,6000.0,0,0,0,0,0,0,0,0,0,0,0,0,0,0,0,0,0,0,0,0,0,0,0,0,0,0,0,0,0,0,0,0,0,0,0,0,0,0,7,2026-02-06 00:36:05.871683
SPNG,24.42,24.42,25.06,2290100.0,9356.0,3727.0,1553100.0,6000.0,,,,0,0,0,0,0,0,0,0,0,0,0,0,0,0,0,0,0,0,0,0,0,0,0,0,0,0,0,0,0,0,0,0,0,0,0,0,0,0,8,2026-02-06 00:36:06.936402
SMMR,24.89,24.88,24.89,2353600.0,12697.0,4880.0,1397500.0,6000.0,,,,0,0,0,0,0,0,0,0,0,0,0,0,0,0,0,0,0,0,0,0,0,0,0,0,0,0,0,0,0,0,0,0,0,0,0,0,0,0,8,2026-02-06 00:36:06.936402
ATMN,25.19,25.2,25.25,1383600.0,,,1996100.0,,1173.0,6000.0,2290.0,0,0,0,0,0,0,0,0,0,0,0,0,0,0,0,0,0,0,0,0,0,0,0,0,0,0,0,0,0,0,0,0,0,0,0,0,0,0,8,2026-02-06 00:36:06.936402
WNTR,24.83,24.83,25.1,2323100.0,,,2306800.0,,,,,0,0,0,0,0,0,0,0,0,0,0,0,0,0,0,0,0,0,0,0,0,0,0,0,0,0,0,0,0,0,0,0,0,0,0,0,0,0,8,2026-02-06 00:36:06.936402
SPNG,25.15,24.98,25.06,1676300.0,4232.0,6000.0,1000.0,2104000.0,,0,0,0,0,0,0,0,0,0,0,0,0,0,0,0,0,0,0,0,0,0,0,0,0,0,0,0,0,0,0,0,0,0,0,0,0,0,0,0,0,9,2026-02-06 00:36:07.995271
SMMR,25.06,24.89,25.06,2219600.0,,,,2391000.0,6000.0,0,0,0,0,0,0,0,0,0,0,0,0,0,0,0,0,0,0,0,0,0,0,0,0,0,0,0,0,0,0,0,0,0,0,0,0,0,0,0,0,9,2026-02-06 00:36:07.995271
ATMN,25.0,25.17,25.18,1361500.0,4858.0,,4929.0,1488000.0,6000.0,0,0,0,0,0,0,0,0,0,0,0,0,0,0,0,0,0,0,0,0,0,0,0,0,0,0,0,0,0,0,0,0,0,0,0,0,0,0,0,0,9,2026-02-06 00:36:07.995271
WNTR,25.05,24.94,25.03,1975500.0,1866.0,,3000.0,1922500.0,6000.0,0,0,0,0,0,0,0,0,0,0,0,0,0,0,0,0,0,0,0,0,0,0,0,0,0,0,0,0,0,0,0,0,0,0,0,0,0,0,0,0,9,2026-02-06 00:36:07.995271
SPNG,25.28,25.15,25.19,6000.0,7944.0,1906100.0,935.0,2105600.0,500.0,884.0,,0,0,0,0,0,0,0,0,0,0,0,0,0,0,0,0,0,0,0,0,0,0,0,0,0,0,0,0,0,0,0,0,0,0,0,0,0,0,10,2026-02-06 00:36:09.125309
SMMR,25.1,25.08,25.1,6000.0,17389.0,1398800.0,4931.0,2137800.0,,,1863.0,0,0,0,0,0,0,0,0,0,0,0,0,0,0,0,0,0,0,0,0,0,0,0,0,0,0,0,0,0,0,0,0,0,0,0,0,0,0,10,2026-02-06 00:36:09.125309
ATMN,25.04,25.04,25.05,6000.0,2288.0,1297400.0,4858.0,1787100.0,,7999.0,940.0,0,0,0,0,0,0,0,0,0,0,0,0,0,0,0,0,0,0,0,0,0,0,0,0,0,0,0,0,0,0,0,0,0,0,0,0,0,0,10,2026-02-06 00:36:09.125309
WNTR,24.91,24.91,25.01,,,2201700.0,936.0,1815700.0,,14501.0,1872.0,0,0,0,0,0,0,0,0,0,0,0,0,0,0,0,0,0,0,0,0,0,0,0,0,0,0,0,0,0,0,0,0,0,0,0,0,0,0,10,2026-02-06 00:36:09.125309
SPNG,25.18,25.18,25.19,17944.0,4555.0,6000.0,1366500.0,1531000.0,2975.0,984.0,0,0,0,0,0,0,0,0,0,0,0,0,0,0,0,0,0,0,0,0,0,0,0,0,0,0,0,0,0,0,0,0,0,0,0,0,0,0,0,11,2026-02-06 00:36:10.230449
SMMR,25.1,25.09,25.1,17389.0,5000.0,6000.0,1374700.0,1760700.0,3317.0,,0,0,0,0,0,0,0,0,0,0,0,0,0,0,0,0,0,0,0,0,0,0,0,0,0,0,0,0,0,0,0,0,0,0,0,0,0,0,0,11,2026-02-06 00:36:10.230449
ATMN,24.96,25.01,25.23,,2000.0,6000.0,1648400.0,1902200.0,,100.0,0,0,0,0,0,0,0,0,0,0,0,0,0,0,0,0,0,0,0,0,0,0,0,0,0,0,0,0,0,0,0,0,0,0,0,0,0,0,0,11,2026-02-06 00:36:10.230449
WNTR,24.83,24.94,25.12,,,6000.0,2184600.0,2162300.0,,2943.0,0,0,0,0,0,0,0,0,0,0,0,0,0,0,0,0,0,0,0,0,0,0,0,0,0,0,0,0,0,0,0,0,0,0,0,0,0,0,0,11,2026-02-06 00:36:10.230449
SPNG,24.98,24.98,25.12,2251700.0,1537400.0,2975.0,984.0,,,,0,0,0,0,0,0,0,0,0,0,0,0,0,0,0,0,0,0,0,0,0,0,0,0,0,0,0,0,0,0,0,0,0,0,0,0,0,0,0,12,2026-02-06 00:36:10.794968
SMMR,25.06,25.06,25.1,1863200.0,1760700.0,3317.0,,2000.0,10000.0,6000.0,0,0,0,0,0,0,0,0,0,0,0,0,0,0,0,0,0,0,0,0,0,0,0,0,0,0,0,0,0,0,0,0,0,0,0,0,0,0,0,12,2026-02-06 00:36:10.794968
ATMN,24.96,25.06,25.08,1387300.0,1499800.0,2746.0,100.0,5000.0,,6000.0,0,0,0,0,0,0,0,0,0,0,0,0,0,0,0,0,0,0,0,0,0,0,0,0,0,0,0,0,0,0,0,0,0,0,0,0,0,0,0,12,2026-02-06 00:36:10.794968
WNTR,24.93,24.83,24.93,2323100.0,1826600.0,2394.0,2943.0,,,,0,0,0,0,0,0,0,0,0,0,0,0,0,0,0,0,0,0,0,0,0,0,0,0,0,0,0,0,0,0,0,0,0,0,0,0,0,0,0,12,2026-02-06 00:36:10.794968
SPNG,25.07,24.98,25.07,1612100.0,4333.0,1811.0,1507900.0,6888.0,6000.0,5000.0,,0,0,0,0,0,0,0,0,0,0,0,0,0,0,0,0,0,0,0,0,0,0,0,0,0,0,0,0,0,0,0,0,0,0,0,0,0,0,13,2026-02-06 00:36:11.858073
SMMR,24.93,25.05,25.07,1856500.0,2931.0,,1737500.0,9507.0,,3863.0,6000.0,0,0,0,0,0,0,0,0,0,0,0,0,0,0,0,0,0,0,0,0,0,0,0,0,0,0,0,0,0,0,0,0,0,0,0,0,0,0,13,2026-02-06 00:36:11.858073
ATMN,24.91,24.91,25.0,1974400.0,,,1397700.0,9291.0,6000.0,2746.0,,0,0,0,0,0,0,0,0,0,0,0,0,0,0,0,0,0,0,0,0,0,0,0,0,0,0,0,0,0,0,0,0,0,0,0,0,0,0,13,2026-02-06 00:36:11.858073
WNTR,24.93,24.85,24.91,2181700.0,,7293.0,1602600.0,8556.0,6000.0,3089.0,,0,0,0,0,0,0,0,0,0,0,0,0,0,0,0,0,0,0,0,0,0,0,0,0,0,0,0,0,0,0,0,0,0,0,0,0,0,0,13,2026-02-06 00:36:11.858073
SPNG,25.04,25.06,25.07,1469500.0,500.0,3690.0,2264.0,1894900.0,6000.0,6888.0,2000.0,0,0,0,0,0,0,0,0,0,0,0,0,0,0,0,0,0,0,0,0,0,0,0,0,0,0,0,0,0,0,0,0,0,0,0,0,0,0,14,2026-02-06 00:36:12.943861
SMMR,24.91,24.91,25.07,2230300.0,6000.0,,,1504700.0,,14376.0,4771.0,0,0,0,0,0,0,0,0,0,0,0,0,0,0,0,0,0,0,0,0,0,0,0,0,0,0,0,0,0,0,0,0,0,0,0,0,0,0,14,2026-02-06 00:36:12.943861
ATMN,25.04,25.04,25.28,1737400.0,500.0,,100.0,2009100.0,,,,0,0,0,0,0,0,0,0,0,0,0,0,0,0,0,0,0,0,0,0,0,0,0,0,0,0,0,0,0,0,0,0,0,0,0,0,0,0,14,2026-02-06 00:36:12.943861
WNTR,25.06,24.9,24.95,1434100.0,,4596.0,7393.0,1835200.0,,,3695.0,0,0,0,0,0,0,0,0,0,0,0,0,0,0,0,0,0,0,0,0,0,0,0,0,0,0,0,0,0,0,0,0,0,0,0,0,0,0,14,2026-02-06 00:36:12.943861
SPNG,24.61,24.61,25.06,2290900.0,6000.0,1628700.0,5000.0,,,,,0,0,0,0,0,0,0,0,0,0,0,0,0,0,0,0,0,0,0,0,0,0,0,0,0,0,0,0,0,0,0,0,0,0,0,0,0,0,15,2026-02-06 00:36:14.005450
SMMR,25.06,25.06,25.07,1477500.0,,1739400.0,3908.0,6654.0,6000.0,4044.0,4074.0,0,0,0,0,0,0,0,0,0,0,0,0,0,0,0,0,0,0,0,0,0,0,0,0,0,0,0,0,0,0,0,0,0,0,0,0,0,0,15,2026-02-06 00:36:14.005450
ATMN,25.04,25.05,25.23,1403800.0,,1492300.0,4613.0,,6000.0,5000.0,,0,0,0,0,0,0,0,0,0,0,0,0,0,0,0,0,0,0,0,0,0,0,0,0,0,0,0,0,0,0,0,0,0,0,0,0,0,0,15,2026-02-06 00:36:14.005450
WNTR,24.9,24.91,25.16,1820500.0,,2286000.0,,,,3969.0,,0,0,0,0,0,0,0,0,0,0,0,0,0,0,0,0,0,0,0,0,0,0,0,0,0,0,0,0,0,0,0,0,0,0,0,0,0,0,15,2026-02-06 00:36:14.005450
SPNG,25.12,25.06,25.12,6000.0,1617800.0,3312.0,2258400.0,6000.0,,,,0,0,0,0,0,0,0,0,0,0,0,0,0,0,0,0,0,0,0,0,0,0,0,0,0,0,0,0,0,0,0,0,0,0,0,0,0,0,16,2026-02-06 00:36:15.086770
SMMR,25.07,25.06,25.07,6000.0,1339800.0,4271.0,1495300.0,,7550.0,4908.0,13383.0,0,0,0,0,0,0,0,0,0,0,0,0,0,0,0,0,0,0,0,0,0,0,0,0,0,0,0,0,0,0,0,0,0,0,0,0,0,0,16,2026-02-06 00:36:15.086770
ATMN,25.23,24.97,25.11,6000.0,1862500.0,,1422200.0,,,4613.0,100.0,0,0,0,0,0,0,0,0,0,0,0,0,0,0,0,0,0,0,0,0,0,0,0,0,0,0,0,0,0,0,0,0,0,0,0,0,0,0,16,2026-02-06 00:36:15.086770
WNTR,25.17,24.95,25.08,6000.0,1437900.0,4890.0,2137400.0,,9521.0,,9521.0,0,0,0,0,0,0,0,0,0,0,0,0,0,0,0,0,0,0,0,0,0,0,0,0,0,0,0,0,0,0,0,0,0,0,0,0,0,0,16,2026-02-06 00:36:15.086770
SPNG,25.14,25.09,25.11,1695900.0,3698.0,6000.0,1664700.0,5000.0,,,,0,0,0,0,0,0,0,0,0,0,0,0,0,0,0,0,0,0,0,0,0,0,0,0,0,0,0,0,0,0,0,0,0,0,0,0,0,0,17,2026-02-06 00:36:16.170207
SMMR,25.07,25.07,25.08,1600700.0,2894.0,,1717700.0,3908.0,9254.0,6000.0,9254.0,0,0,0,0,0,0,0,0,0,0,0,0,0,0,0,0,0,0,0,0,0,0,0,0,0,0,0,0,0,0,0,0,0,0,0,0,0,0,17,2026-02-06 00:36:16.170207
ATMN,24.88,24.88,24.99,1971800.0,,,1324300.0,5000.0,,,3437.0,0,0,0,0,0,0,0,0,0,0,0,0,0,0,0,0,0,0,0,0,0,0,0,0,0,0,0,0,0,0,0,0,0,0,0,0,0,0,17,2026-02-06 00:36:16.170207
WNTR,25.0,24.94,24.99,1535600.0,3890.0,6000.0,1776600.0,770.0,4668.0,6000.0,18986.0,0,0,0,0,0,0,0,0,0,0,0,0,0,0,0,0,0,0,0,0,0,0,0,0,0,0,0,0,0,0,0,0,0,0,0,0,0,0,17,2026-02-06 00:36:16.170207
SPNG,25.06,25.05,25.06,3461.0,800.0,1719400.0,6000.0,5000.0,1627600.0,,,0,0,0,0,0,0,0,0,0,0,0,0,0,0,0,0,0,0,0,0,0,0,0,0,0,0,0,0,0,0,0,0,0,0,0,0,0,0,18,2026-02-06 00:36:17.278110
SMMR,25.02,24.92,24.96,,6000.0,2068900.0,,4908.0,1586800.0,4129.0,9290.0,0,0,0,0,0,0,0,0,0,0,0,0,0,0,0,0,0,0,0,0,0,0,0,0,0,0,0,0,0,0,0,0,0,0,0,0,0,0,18,2026-02-06 00:36:17.278110
ATMN,25.11,24.98,25.11,2266.0,500.0,1525600.0,,,2024600.0,,,0,0,0,0,0,0,0,0,0,0,0,0,0,0,0,0,0,0,0,0,0,0,0,0,0,0,0,0,0,0,0,0,0,0,0,0,0,0,18,2026-02-06 00:36:17.278110
WNTR,25.05,25.06,25.1,4890.0,6000.0,1567400.0,,4163.0,1551100.0,,,0,0,0,0,0,0,0,0,0,0,0,0,0,0,0,0,0,0,0,0,0,0,0,0,0,0,0,0,0,0,0,0,0,0,0,0,0,0,18,2026-02-06 00:36:17.278110
SPNG,24.93,24.88,24.93,2320000.0,1721700.0,5000.0,,,,,,0,0,0,0,0,0,0,0,0,0,0,0,0,0,0,0,0,0,0,0,0,0,0,0,0,0,0,0,0,0,0,0,0,0,0,0,0,0,19,2026-02-06 00:36:17.837509
SMMR,25.02,24.92,24.96,1586900.0,1586800.0,5000.0,4129.0,2733.0,9290.0,,,0,0,0,0,0,0,0,0,0,0,0,0,0,0,0,0,0,0,0,0,0,0,0,0,0,0,0,0,0,0,0,0,0,0,0,0,0,0,19,2026-02-06 00:36:17.837509
ATMN,24.98,24.98,25.03,1347100.0,1926200.0,,,3611.0,,5500.0,6000.0,0,0,0,0,0,0,0,0,0,0,0,0,0,0,0,0,0,0,0,0,0,0,0,0,0,0,0,0,0,0,0,0,0,0,0,0,0,0,19,2026-02-06 00:36:17.837509
WNTR,25.06,25.06,25.08,1669900.0,1659800.0,2643.0,9407.0,3890.0,1759.0,,,0,0,0,0,0,0,0,0,0,0,0,0,0,0,0,0,0,0,0,0,0,0,0,0,0,0,0,0,0,0,0,0,0,0,0,0,0,0,19,2026-02-06 00:36:17.837509
SPNG,24.99,24.89,24.94,100.0,1638100.0,3438.0,3000.0,1875200.0,6000.0,,,0,0,0,0,0,0,0,0,0,0,0,0,0,0,0,0,0,0,0,0,0,0,0,0,0,0,0,0,0,0,0,0,0,0,0,0,0,0,20,2026-02-06 00:36:18.933205
SMMR,25.02,24.92,24.94,4129.0,1477000.0,2733.0,3000.0,1680400.0,,6000.0,18557.0,0,0,0,0,0,0,0,0,0,0,0,0,0,0,0,0,0,0,0,0,0,0,0,0,0,0,0,0,0,0,0,0,0,0,0,0,0,0,20,2026-02-06 00:36:18.933205
ATMN,24.74,24.67,24.74,,1967800.0,,,1931500.0,,,2893.0,0,0,0,0,0,0,0,0,0,0,0,0,0,0,0,0,0,0,0,0,0,0,0,0,0,0,0,0,0,0,0,0,0,0,0,0,0,0,20,2026-02-06 00:36:18.933205
WNTR,25.08,25.07,25.08,4726.0,1532300.0,4000.0,3254.0,1423800.0,,6000.0,11105.0,0,0,0,0,0,0,0,0,0,0,0,0,0,0,0,0,0,0,0,0,0,0,0,0,0,0,0,0,0,0,0,0,0,0,0,0,0,0,20,2026-02-06 00:36:18.933205
SPNG,25.19,24.89,25.19,100.0,3819.0,1608800.0,1761400.0,5000.0,,,0,0,0,0,0,0,0,0,0,0,0,0,0,0,0,0,0,0,0,0,0,0,0,0,0,0,0,0,0,0,0,0,0,0,0,0,0,0,0,21,2026-02-06 00:36:19.990735
SMMR,24.99,25.04,25.1,4129.0,2621.0,1492600.0,2347700.0,,6000.0,,0,0,0,0,0,0,0,0,0,0,0,0,0,0,0,0,0,0,0,0,0,0,0,0,0,0,0,0,0,0,0,0,0,0,0,0,0,0,0,21,2026-02-06 00:36:19.990735
ATMN,25.11,24.96,24.99,1253.0,1545.0,1672800.0,1505800.0,5000.0,,,0,0,0,0,0,0,0,0,0,0,0,0,0,0,0,0,0,0,0,0,0,0,0,0,0,0,0,0,0,0,0,0,0,0,0,0,0,0,0,21,2026-02-06 00:36:19.990735
WNTR,25.08,25.07,25.08,5726.0,7000.0,1102500.0,1329900.0,3905.0,6000.0,11105.0,0,0,0,0,0,0,0,0,0,0,0,0,0,0,0,0,0,0,0,0,0,0,0,0,0,0,0,0,0,0,0,0,0,0,0,0,0,0,0,21,2026-02-06 00:36:19.990735
SPNG,24.88,25.03,25.11,4561.0,1746500.0,500.0,2208100.0,,,,,0,0,0,0,0,0,0,0,0,0,0,0,0,0,0,0,0,0,0,0,0,0,0,0,0,0,0,0,0,0,0,0,0,0,0,0,0,0,22,2026-02-06 00:36:21.073141
SMMR,25.06,25.04,25.05,1555.0,1735600.0,,2186600.0,8950.0,6000.0,8950.0,,0,0,0,0,0,0,0,0,0,0,0,0,0,0,0,0,0,0,0,0,0,0,0,0,0,0,0,0,0,0,0,0,0,0,0,0,0,0,22,2026-02-06 00:36:21.073141
ATMN,24.67,24.99,25.03,,1772700.0,500.0,1909400.0,4373.0,6000.0,,,0,0,0,0,0,0,0,0,0,0,0,0,0,0,0,0,0,0,0,0,0,0,0,0,0,0,0,0,0,0,0,0,0,0,0,0,0,0,22,2026-02-06 00:36:21.073141
WNTR,25.08,25.08,25.1,1000.0,1885400.0,,1428100.0,7039.0,6000.0,9154.0,3844.0,0,0,0,0,0,0,0,0,0,0,0,0,0,0,0,0,0,0,0,0,0,0,0,0,0,0,0,0,0,0,0,0,0,0,0,0,0,0,22,2026-02-06 00:36:21.073141
SPNG,24.98,24.88,24.98,2306800.0,1483300.0,6000.0,9916.0,5000.0,,,,0,0,0,0,0,0,0,0,0,0,0,0,0,0,0,0,0,0,0,0,0,0,0,0,0,0,0,0,0,0,0,0,0,0,0,0,0,0,23,2026-02-06 00:36:22.155515
SMMR,25.04,25.04,25.05,1873200.0,1455000.0,,10000.0,5000.0,8884.0,1595.0,6000.0,0,0,0,0,0,0,0,0,0,0,0,0,0,0,0,0,0,0,0,0,0,0,0,0,0,0,0,0,0,0,0,0,0,0,0,0,0,0,23,2026-02-06 00:36:22.155515
ATMN,25.0,24.96,25.0,1875800.0,1329300.0,6000.0,8747.0,4991.0,,,3831.0,0,0,0,0,0,0,0,0,0,0,0,0,0,0,0,0,0,0,0,0,0,0,0,0,0,0,0,0,0,0,0,0,0,0,0,0,0,0,23,2026-02-06 00:36:22.155515
WNTR,25.15,25.09,25.15,1623200.0,2226400.0,,,,9310.0,2000.0,6000.0,0,0,0,0,0,0,0,0,0,0,0,0,0,0,0,0,0,0,0,0,0,0,0,0,0,0,0,0,0,0,0,0,0,0,0,0,0,0,23,2026-02-06 00:36:22.155515
SPNG,24.99,25.0,25.11,6000.0,2187800.0,6000.0,2220200.0,,,,,0,0,0,0,0,0,0,0,0,0,0,0,0,0,0,0,0,0,0,0,0,0,0,0,0,0,0,0,0,0,0,0,0,0,0,0,0,0,24,2026-02-06 00:36:23.205677
SMMR,24.92,25.01,25.02,6000.0,1631500.0,6000.0,1918200.0,1026.0,2738.0,10000.0,1000.0,0,0,0,0,0,0,0,0,0,0,0,0,0,0,0,0,0,0,0,0,0,0,0,0,0,0,0,0,0,0,0,0,0,0,0,0,0,0,24,2026-02-06 00:36:23.205677
ATMN,24.85,24.85,24.99,,1991400.0,6000.0,1434300.0,,,,4991.0,0,0,0,0,0,0,0,0,0,0,0,0,0,0,0,0,0,0,0,0,0,0,0,0,0,0,0,0,0,0,0,0,0,0,0,0,0,0,24,2026-02-06 00:36:23.205677
WNTR,25.05,24.99,25.02,6000.0,1424600.0,,1734900.0,9018.0,4850.0,9018.0,2935.0,0,0,0,0,0,0,0,0,0,0,0,0,0,0,0,0,0,0,0,0,0,0,0,0,0,0,0,0,0,0,0,0,0,0,0,0,0,0,24,2026-02-06 00:36:23.205677
SPNG,25.37,24.63,25.37,2300800.0,2366600.0,,,,,,,0,0,0,0,0,0,0,0,0,0,0,0,0,0,0,0,0,0,0,0,0,0,0,0,0,0,0,0,0,0,0,0,0,0,0,0,0,0,25,2026-02-06 00:36:24.254522
SMMR,25.01,24.95,25.01,1496700.0,2068500.0,1026.0,6000.0,3339.0,10000.0,1000.0,,0,0,0,0,0,0,0,0,0,0,0,0,0,0,0,0,0,0,0,0,0,0,0,0,0,0,0,0,0,0,0,0,0,0,0,0,0,0,25,2026-02-06 00:36:24.254522
ATMN,24.87,24.87,24.98,2014300.0,1359200.0,,,,7663.0,4000.0,6000.0,0,0,0,0,0,0,0,0,0,0,0,0,0,0,0,0,0,0,0,0,0,0,0,0,0,0,0,0,0,0,0,0,0,0,0,0,0,0,25,2026-02-06 00:36:24.254522
WNTR,24.97,24.97,25.03,1645300.0,1419600.0,,,4850.0,5556.0,5649.0,,0,0,0,0,0,0,0,0,0,0,0,0,0,0,0,0,0,0,0,0,0,0,0,0,0,0,0,0,0,0,0,0,0,0,0,0,0,0,25,2026-02-06 00:36:24.254522
SPNG,24.67,24.64,24.67,4970.0,1726600.0,1559200.0,6000.0,100.0,4787.0,,,0,0,0,0,0,0,0,0,0,0,0,0,0,0,0,0,0,0,0,0,0,0,0,0,0,0,0,0,0,0,0,0,0,0,0,0,0,0,26,2026-02-06 00:36:25.333956
SMMR,24.92,24.99,25.0,1900.0,1862900.0,1921000.0,,16000.0,1000.0,8676.0,,0,0,0,0,0,0,0,0,0,0,0,0,0,0,0,0,0,0,0,0,0,0,0,0,0,0,0,0,0,0,0,0,0,0,0,0,0,0,26,2026-02-06 00:36:25.333956
ATMN,24.99,24.91,24.99,553.0,1784700.0,1454800.0,6000.0,5526.0,4000.0,5490.0,,0,0,0,0,0,0,0,0,0,0,0,0,0,0,0,0,0,0,0,0,0,0,0,0,0,0,0,0,0,0,0,0,0,0,0,0,0,0,26,2026-02-06 00:36:25.333956
WNTR,25.14,25.14,25.15,5850.0,1327100.0,2097100.0,,8874.0,,8035.0,6000.0,0,0,0,0,0,0,0,0,0,0,0,0,0,0,0,0,0,0,0,0,0,0,0,0,0,0,0,0,0,0,0,0,0,0,0,0,0,0,26,2026-02-06 00:36:25.333956
SPNG,25.18,25.18,25.21,1605500.0,4141.0,4940.0,100.0,2214600.0,,,,0,0,0,0,0,0,0,0,0,0,0,0,0,0,0,0,0,0,0,0,0,0,0,0,0,0,0,0,0,0,0,0,0,0,0,0,0,0,27,2026-02-06 00:36:25.887502
SMMR,24.92,24.99,25.0,1502600.0,8676.0,3471.0,16000.0,1819900.0,6000.0,1000.0,6000.0,0,0,0,0,0,0,0,0,0,0,0,0,0,0,0,0,0,0,0,0,0,0,0,0,0,0,0,0,0,0,0,0,0,0,0,0,0,0,27,2026-02-06 00:36:25.887502
ATMN,25.04,24.91,25.04,1809000.0,5490.0,553.0,,2042100.0,,,,0,0,0,0,0,0,0,0,0,0,0,0,0,0,0,0,0,0,0,0,0,0,0,0,0,0,0,0,0,0,0,0,0,0,0,0,0,0,27,2026-02-06 00:36:25.887502
WNTR,25.17,25.14,25.17,1327100.0,8035.0,5850.0,,2189200.0,6000.0,,,0,0,0,0,0,0,0,0,0,0,0,0,0,0,0,0,0,0,0,0,0,0,0,0,0,0,0,0,0,0,0,0,0,0,0,0,0,0,27,2026-02-06 00:36:25.887502
SPNG,25.0,24.63,24.8,1726600.0,4940.0,1788400.0,3113.0,6000.0,,,,0,0,0,0,0,0,0,0,0,0,0,0,0,0,0,0,0,0,0,0,0,0,0,0,0,0,0,0,0,0,0,0,0,0,0,0,0,0,28,2026-02-06 00:36:26.961772
SMMR,24.92,24.97,25.0,2253000.0,,1452300.0,4000.0,6000.0,6000.0,5263.0,,0,0,0,0,0,0,0,0,0,0,0,0,0,0,0,0,0,0,0,0,0,0,0,0,0,0,0,0,0,0,0,0,0,0,0,0,0,0,28,2026-02-06 00:36:26.961772
ATMN,25.14,24.96,25.14,1681400.0,478.0,1879800.0,,500.0,6000.0,,10000.0,0,0,0,0,0,0,0,0,0,0,0,0,0,0,0,0,0,0,0,0,0,0,0,0,0,0,0,0,0,0,0,0,0,0,0,0,0,0,28,2026-02-06 00:36:26.961772
WNTR,25.16,25.15,25.16,1678700.0,3000.0,1545400.0,2606.0,,6000.0,2252.0,8874.0,0,0,0,0,0,0,0,0,0,0,0,0,0,0,0,0,0,0,0,0,0,0,0,0,0,0,0,0,0,0,0,0,0,0,0,0,0,0,28,2026-02-06 00:36:26.961772
SPNG,24.8,24.63,24.8,1736600.0,4940.0,1788400.0,3629.0,,,0,0,0,0,0,0,0,0,0,0,0,0,0,0,0,0,0,0,0,0,0,0,0,0,0,0,0,0,0,0,0,0,0,0,0,0,0,0,0,0,29,2026-02-06 00:36:28.025384
SMMR,25.05,25.03,25.05,1767400.0,2754.0,2199600.0,,10000.0,2037.0,0,0,0,0,0,0,0,0,0,0,0,0,0,0,0,0,0,0,0,0,0,0,0,0,0,0,0,0,0,0,0,0,0,0,0,0,0,0,0,0,29,2026-02-06 00:36:28.025384
ATMN,24.85,24.69,24.78,1976600.0,,1871600.0,,,1442.0,0,0,0,0,0,0,0,0,0,0,0,0,0,0,0,0,0,0,0,0,0,0,0,0,0,0,0,0,0,0,0,0,0,0,0,0,0,0,0,0,29,2026-02-06 00:36:28.025384
WNTR,25.16,25.15,25.16,1673800.0,4000.0,1390200.0,3020.0,8874.0,5128.0,0,0,0,0,0,0,0,0,0,0,0,0,0,0,0,0,0,0,0,0,0,0,0,0,0,0,0,0,0,0,0,0,0,0,0,0,0,0,0,0,29,2026-02-06 00:36:28.025384
SPNG,24.8,24.75,24.8,1689000.0,4940.0,1654100.0,3629.0,6000.0,,0,0,0,0,0,0,0,0,0,0,0,0,0,0,0,0,0,0,0,0,0,0,0,0,0,0,0,0,0,0,0,0,0,0,0,0,0,0,0,0,30,2026-02-06 00:36:29.095694
SMMR,24.97,24.97,25.05,2253000.0,,1591200.0,4614.0,6000.0,6000.0,0,0,0,0,0,0,0,0,0,0,0,0,0,0,0,0,0,0,0,0,0,0,0,0,0,0,0,0,0,0,0,0,0,0,0,0,0,0,0,0,30,2026-02-06 00:36:29.095694
ATMN,24.74,24.69,24.77,1481200.0,3202.0,1382700.0,5000.0,6000.0,,0,0,0,0,0,0,0,0,0,0,0,0,0,0,0,0,0,0,0,0,0,0,0,0,0,0,0,0,0,0,0,0,0,0,0,0,0,0,0,0,30,2026-02-06 00:36:29.095694
WNTR,25.17,25.13,25.17,2075100.0,1000.0,1629500.0,2476.0,,,0,0,0,0,0,0,0,0,0,0,0,0,0,0,0,0,0,0,0,0,0,0,0,0,0,0,0,0,0,0,0,0,0,0,0,0,0,0,0,0,30,2026-02-06 00:36:29.095694
SPNG,24.86,24.99,25.14,1557100.0,5000.0,100.0,6000.0,2227400.0,,,,0,0,0,0,0,0,0,0,0,0,0,0,0,0,0,0,0,0,0,0,0,0,0,0,0,0,0,0,0,0,0,0,0,0,0,0,0,0,31,2026-02-06 00:36:30.181910
SMMR,25.1,24.97,25.01,1660400.0,3693.0,,,2203200.0,6000.0,1000.0,,0,0,0,0,0,0,0,0,0,0,0,0,0,0,0,0,0,0,0,0,0,0,0,0,0,0,0,0,0,0,0,0,0,0,0,0,0,0,31,2026-02-06 00:36:30.181910
ATMN,24.77,24.7,24.73,1376200.0,3282.0,100.0,6000.0,1286800.0,,5000.0,7572.0,0,0,0,0,0,0,0,0,0,0,0,0,0,0,0,0,0,0,0,0,0,0,0,0,0,0,0,0,0,0,0,0,0,0,0,0,0,0,31,2026-02-06 00:36:30.181910
WNTR,25.17,25.02,25.17,1954900.0,,8488.0,,1917600.0,6000.0,963.0,,0,0,0,0,0,0,0,0,0,0,0,0,0,0,0,0,0,0,0,0,0,0,0,0,0,0,0,0,0,0,0,0,0,0,0,0,0,0,31,2026-02-06 00:36:30.181910
SPNG,24.85,25.0,25.13,200.0,5000.0,1451500.0,1980.0,6000.0,1773100.0,1892.0,,0,0,0,0,0,0,0,0,0,0,0,0,0,0,0,0,0,0,0,0,0,0,0,0,0,0,0,0,0,0,0,0,0,0,0,0,0,0,32,2026-02-06 00:36:31.249715
SMMR,24.92,24.95,24.99,8218.0,665.0,2024400.0,15212.0,,1976300.0,1000.0,6000.0,0,0,0,0,0,0,0,0,0,0,0,0,0,0,0,0,0,0,0,0,0,0,0,0,0,0,0,0,0,0,0,0,0,0,0,0,0,0,32,2026-02-06 00:36:31.249715
ATMN,25.28,24.74,25.04,7887.0,3282.0,1277500.0,,,1959500.0,,,0,0,0,0,0,0,0,0,0,0,0,0,0,0,0,0,0,0,0,0,0,0,0,0,0,0,0,0,0,0,0,0,0,0,0,0,0,0,32,2026-02-06 00:36:31.249715
WNTR,25.19,25.13,25.19,8488.0,3000.0,1617500.0,,,1594800.0,3810.0,6000.0,0,0,0,0,0,0,0,0,0,0,0,0,0,0,0,0,0,0,0,0,0,0,0,0,0,0,0,0,0,0,0,0,0,0,0,0,0,0,32,2026-02-06 00:36:31.249715
SPNG,24.85,24.88,25.05,3000.0,1867100.0,2217300.0,6000.0,,,,,0,0,0,0,0,0,0,0,0,0,0,0,0,0,0,0,0,0,0,0,0,0,0,0,0,0,0,0,0,0,0,0,0,0,0,0,0,0,33,2026-02-06 00:36:32.304828
SMMR,25.01,24.93,25.01,3076.0,1630500.0,1732100.0,,6000.0,1245.0,8298.0,4000.0,0,0,0,0,0,0,0,0,0,0,0,0,0,0,0,0,0,0,0,0,0,0,0,0,0,0,0,0,0,0,0,0,0,0,0,0,0,0,33,2026-02-06 00:36:32.304828
ATMN,25.13,25.13,25.28,3649.0,1373700.0,1957600.0,,6000.0,,,,0,0,0,0,0,0,0,0,0,0,0,0,0,0,0,0,0,0,0,0,0,0,0,0,0,0,0,0,0,0,0,0,0,0,0,0,0,0,33,2026-02-06 00:36:32.304828
WNTR,25.19,25.13,25.19,,2083600.0,1097600.0,,6000.0,,,8074.0,0,0,0,0,0,0,0,0,0,0,0,0,0,0,0,0,0,0,0,0,0,0,0,0,0,0,0,0,0,0,0,0,0,0,0,0,0,0,33,2026-02-06 00:36:32.304828
SPNG,24.98,24.85,24.98,2239200.0,1520200.0,100.0,3001.0,6000.0,,,,0,0,0,0,0,0,0,0,0,0,0,0,0,0,0,0,0,0,0,0,0,0,0,0,0,0,0,0,0,0,0,0,0,0,0,0,0,0,34,2026-02-06 00:36:33.367099
SMMR,25.02,25.02,25.03,1406500.0,2055700.0,,2000.0,,6000.0,3883.0,2490.0,0,0,0,0,0,0,0,0,0,0,0,0,0,0,0,0,0,0,0,0,0,0,0,0,0,0,0,0,0,0,0,0,0,0,0,0,0,0,34,2026-02-06 00:36:33.367099
ATMN,24.95,25.13,25.28,1269400.0,1645300.0,1082.0,2000.0,,6000.0,4023.0,10000.0,0,0,0,0,0,0,0,0,0,0,0,0,0,0,0,0,0,0,0,0,0,0,0,0,0,0,0,0,0,0,0,0,0,0,0,0,0,0,34,2026-02-06 00:36:33.367099
WNTR,25.08,24.98,25.08,2068600.0,1097600.0,,8074.0,,,,8238.0,0,0,0,0,0,0,0,0,0,0,0,0,0,0,0,0,0,0,0,0,0,0,0,0,0,0,0,0,0,0,0,0,0,0,0,0,0,0,34,2026-02-06 00:36:33.367099
SPNG,25.15,24.87,25.15,3000.0,1867100.0,2352900.0,,,,,0,0,0,0,0,0,0,0,0,0,0,0,0,0,0,0,0,0,0,0,0,0,0,0,0,0,0,0,0,0,0,0,0,0,0,0,0,0,0,35,2026-02-06 00:36:33.944257
SMMR,25.04,25.06,25.09,3883.0,1410800.0,2325300.0,6000.0,2490.0,,,0,0,0,0,0,0,0,0,0,0,0,0,0,0,0,0,0,0,0,0,0,0,0,0,0,0,0,0,0,0,0,0,0,0,0,0,0,0,0,35,2026-02-06 00:36:33.944257
ATMN,24.95,25.13,25.28,4023.0,1269400.0,1359000.0,6000.0,10000.0,4156.0,1082.0,0,0,0,0,0,0,0,0,0,0,0,0,0,0,0,0,0,0,0,0,0,0,0,0,0,0,0,0,0,0,0,0,0,0,0,0,0,0,0,35,2026-02-06 00:36:33.944257
WNTR,25.13,25.18,25.19,1000.0,1863800.0,1400500.0,6000.0,8238.0,5672.0,,0,0,0,0,0,0,0,0,0,0,0,0,0,0,0,0,0,0,0,0,0,0,0,0,0,0,0,0,0,0,0,0,0,0,0,0,0,0,0,35,2026-02-06 00:36:33.944257
SPNG,24.98,24.98,25.06,1567300.0,5000.0,1178.0,1781.0,4056.0,1971700.0,0,0,0,0,0,0,0,0,0,0,0,0,0,0,0,0,0,0,0,0,0,0,0,0,0,0,0,0,0,0,0,0,0,0,0,0,0,0,0,0,36,2026-02-06 00:36:35.006391
SMMR,25.01,25.0,25.01,1771400.0,2702.0,2490.0,2947.0,2622.0,1844000.0,0,0,0,0,0,0,0,0,0,0,0,0,0,0,0,0,0,0,0,0,0,0,0,0,0,0,0,0,0,0,0,0,0,0,0,0,0,0,0,0,36,2026-02-06 00:36:35.006391
ATMN,24.84,24.74,24.84,1958400.0,,,4941.0,1813.0,1265000.0,0,0,0,0,0,0,0,0,0,0,0,0,0,0,0,0,0,0,0,0,0,0,0,0,0,0,0,0,0,0,0,0,0,0,0,0,0,0,0,0,36,2026-02-06 00:36:35.006391
WNTR,25.15,24.98,25.15,2089800.0,,8238.0,4264.0,,1606100.0,0,0,0,0,0,0,0,0,0,0,0,0,0,0,0,0,0,0,0,0,0,0,0,0,0,0,0,0,0,0,0,0,0,0,0,0,0,0,0,0,36,2026-02-06 00:36:35.006391
SPNG,25.11,25.0,25.11,5000.0,1541000.0,100.0,2106000.0,1277.0,,,,0,0,0,0,0,0,0,0,0,0,0,0,0,0,0,0,0,0,0,0,0,0,0,0,0,0,0,0,0,0,0,0,0,0,0,0,0,0,37,2026-02-06 00:36:36.082503
SMMR,25.08,25.08,25.09,2610.0,1917600.0,,2325300.0,,6000.0,,,0,0,0,0,0,0,0,0,0,0,0,0,0,0,0,0,0,0,0,0,0,0,0,0,0,0,0,0,0,0,0,0,0,0,0,0,0,0,37,2026-02-06 00:36:36.082503
ATMN,24.8,24.79,24.8,,1835100.0,837.0,1361100.0,4000.0,,9248.0,6000.0,0,0,0,0,0,0,0,0,0,0,0,0,0,0,0,0,0,0,0,0,0,0,0,0,0,0,0,0,0,0,0,0,0,0,0,0,0,0,37,2026-02-06 00:36:36.082503
WNTR,24.93,24.93,25.14,,2185700.0,,1624100.0,4264.0,,,,0,0,0,0,0,0,0,0,0,0,0,0,0,0,0,0,0,0,0,0,0,0,0,0,0,0,0,0,0,0,0,0,0,0,0,0,0,0,37,2026-02-06 00:36:36.082503
SPNG,25.26,25.02,25.26,9038.0,5000.0,6000.0,1306600.0,2337200.0,,,,0,0,0,0,0,0,0,0,0,0,0,0,0,0,0,0,0,0,0,0,0,0,0,0,0,0,0,0,0,0,0,0,0,0,0,0,0,0,38,2026-02-06 00:36:37.137210
SMMR,24.97,24.96,24.97,,855.0,6000.0,2104400.0,2200300.0,3684.0,,,0,0,0,0,0,0,0,0,0,0,0,0,0,0,0,0,0,0,0,0,0,0,0,0,0,0,0,0,0,0,0,0,0,0,0,0,0,0,38,2026-02-06 00:36:37.137210
ATMN,24.87,24.91,24.93,9988.0,3583.0,,1289300.0,1853400.0,,6000.0,,0,0,0,0,0,0,0,0,0,0,0,0,0,0,0,0,0,0,0,0,0,0,0,0,0,0,0,0,0,0,0,0,0,0,0,0,0,0,38,2026-02-06 00:36:37.137210
WNTR,25.03,24.99,25.03,10000.0,4328.0,,1501400.0,1400900.0,3072.0,6000.0,4895.0,0,0,0,0,0,0,0,0,0,0,0,0,0,0,0,0,0,0,0,0,0,0,0,0,0,0,0,0,0,0,0,0,0,0,0,0,0,0,38,2026-02-06 00:36:37.137210
SPNG,24.83,24.96,25.1,6000.0,2093700.0,6000.0,1459100.0,2648.0,,,,0,0,0,0,0,0,0,0,0,0,0,0,0,0,0,0,0,0,0,0,0,0,0,0,0,0,0,0,0,0,0,0,0,0,0,0,0,0,39,2026-02-06 00:36:38.219267
SMMR,24.94,24.97,24.98,6000.0,1657100.0,6000.0,1463300.0,4909.0,2279.0,3881.0,9372.0,0,0,0,0,0,0,0,0,0,0,0,0,0,0,0,0,0,0,0,0,0,0,0,0,0,0,0,0,0,0,0,0,0,0,0,0,0,0,39,2026-02-06 00:36:38.219267
ATMN,24.91,24.91,24.93,,1472200.0,6000.0,1766200.0,1000.0,,4664.0,,0,0,0,0,0,0,0,0,0,0,0,0,0,0,0,0,0,0,0,0,0,0,0,0,0,0,0,0,0,0,0,0,0,0,0,0,0,0,39,2026-02-06 00:36:38.219267
WNTR,24.9,24.92,25.01,,2080200.0,6000.0,1546500.0,4000.0,100.0,,9585.0,0,0,0,0,0,0,0,0,0,0,0,0,0,0,0,0,0,0,0,0,0,0,0,0,0,0,0,0,0,0,0,0,0,0,0,0,0,0,39,2026-02-06 00:36:38.219267
SPNG,24.75,24.75,25.14,2241600.0,500.0,1568800.0,3181.0,,,,0,0,0,0,0,0,0,0,0,0,0,0,0,0,0,0,0,0,0,0,0,0,0,0,0,0,0,0,0,0,0,0,0,0,0,0,0,0,0,40,2026-02-06 00:36:39.309926
SMMR,25.06,24.94,25.06,2237900.0,,2328200.0,,7531.0,,,0,0,0,0,0,0,0,0,0,0,0,0,0,0,0,0,0,0,0,0,0,0,0,0,0,0,0,0,0,0,0,0,0,0,0,0,0,0,0,40,2026-02-06 00:36:39.309926
ATMN,24.79,24.86,24.93,1833000.0,,1349200.0,4957.0,5520.0,9159.0,,0,0,0,0,0,0,0,0,0,0,0,0,0,0,0,0,0,0,0,0,0,0,0,0,0,0,0,0,0,0,0,0,0,0,0,0,0,0,0,40,2026-02-06 00:36:39.309926
WNTR,24.9,25.0,25.01,1842800.0,6000.0,1296100.0,5000.0,7803.0,13172.0,627.0,0,0,0,0,0,0,0,0,0,0,0,0,0,0,0,0,0,0,0,0,0,0,0,0,0,0,0,0,0,0,0,0,0,0,0,0,0,0,0,40,2026-02-06 00:36:39.309926
SPNG,24.89,24.75,24.89,2241600.0,1697500.0,6000.0,2608.0,,,,,0,0,0,0,0,0,0,0,0,0,0,0,0,0,0,0,0,0,0,0,0,0,0,0,0,0,0,0,0,0,0,0,0,0,0,0,0,0,41,2026-02-06 00:36:39.978001
SMMR,24.92,24.97,25.03,2237900.0,1934600.0,6000.0,1808.0,6000.0,,,,0,0,0,0,0,0,0,0,0,0,0,0,0,0,0,0,0,0,0,0,0,0,0,0,0,0,0,0,0,0,0,0,0,0,0,0,0,0,41,2026-02-06 00:36:39.978001
ATMN,25.02,25.02,25.28,1290100.0,1949700.0,,,6000.0,5520.0,3659.0,,0,0,0,0,0,0,0,0,0,0,0,0,0,0,0,0,0,0,0,0,0,0,0,0,0,0,0,0,0,0,0,0,0,0,0,0,0,0,41,2026-02-06 00:36:39.978001
WNTR,24.9,24.98,24.99,1737400.0,1186000.0,6000.0,6000.0,,,1980.0,13172.0,0,0,0,0,0,0,0,0,0,0,0,0,0,0,0,0,0,0,0,0,0,0,0,0,0,0,0,0,0,0,0,0,0,0,0,0,0,0,41,2026-02-06 00:36:39.978001
SPNG,25.39,24.56,25.39,2269100.0,2298800.0,,,,,0,0,0,0,0,0,0,0,0,0,0,0,0,0,0,0,0,0,0,0,0,0,0,0,0,0,0,0,0,0,0,0,0,0,0,0,0,0,0,0,42,2026-02-06 00:36:41.064679
SMMR,24.97,24.94,24.97,1686200.0,1580000.0,6000.0,4781.0,4771.0,6000.0,0,0,0,0,0,0,0,0,0,0,0,0,0,0,0,0,0,0,0,0,0,0,0,0,0,0,0,0,0,0,0,0,0,0,0,0,0,0,0,0,42,2026-02-06 00:36:41.064679
ATMN,24.93,24.95,25.02,1360800.0,1467500.0,6000.0,4000.0,4979.0,,0,0,0,0,0,0,0,0,0,0,0,0,0,0,0,0,0,0,0,0,0,0,0,0,0,0,0,0,0,0,0,0,0,0,0,0,0,0,0,0,42,2026-02-06 00:36:41.064679
WNTR,25.1,24.97,25.1,1617200.0,2078900.0,,2300.0,,6000.0,0,0,0,0,0,0,0,0,0,0,0,0,0,0,0,0,0,0,0,0,0,0,0,0,0,0,0,0,0,0,0,0,0,0,0,0,0,0,0,0,42,2026-02-06 00:36:41.064679
SPNG,25.39,24.89,25.1,6000.0,1438500.0,4695.0,100.0,6000.0,1917.0,3988.0,1564800.0,0,0,0,0,0,0,0,0,0,0,0,0,0,0,0,0,0,0,0,0,0,0,0,0,0,0,0,0,0,0,0,0,0,0,0,0,0,0,43,2026-02-06 00:36:42.129364
SMMR,24.97,24.95,24.96,500.0,1560100.0,4781.0,6950.0,6000.0,7347.0,4881.0,1488200.0,0,0,0,0,0,0,0,0,0,0,0,0,0,0,0,0,0,0,0,0,0,0,0,0,0,0,0,0,0,0,0,0,0,0,0,0,0,0,43,2026-02-06 00:36:42.129364
ATMN,25.1,25.12,25.28,6000.0,1470800.0,2957.0,7088.0,,,,1949700.0,0,0,0,0,0,0,0,0,0,0,0,0,0,0,0,0,0,0,0,0,0,0,0,0,0,0,0,0,0,0,0,0,0,0,0,0,0,0,43,2026-02-06 00:36:42.129364
WNTR,24.9,25.01,25.1,,2208900.0,,,6000.0,,,2078900.0,0,0,0,0,0,0,0,0,0,0,0,0,0,0,0,0,0,0,0,0,0,0,0,0,0,0,0,0,0,0,0,0,0,0,0,0,0,0,43,2026-02-06 00:36:42.129364
SPNG,25.43,24.9,25.43,2000.0,6000.0,3342.0,1657500.0,2309900.0,,,,0,0,0,0,0,0,0,0,0,0,0,0,0,0,0,0,0,0,0,0,0,0,0,0,0,0,0,0,0,0,0,0,0,0,0,0,0,0,44,2026-02-06 00:36:43.199878
SMMR,24.94,24.94,24.95,4781.0,500.0,,1663100.0,1269200.0,24600.0,4881.0,6000.0,0,0,0,0,0,0,0,0,0,0,0,0,0,0,0,0,0,0,0,0,0,0,0,0,0,0,0,0,0,0,0,0,0,0,0,0,0,0,44,2026-02-06 00:36:43.199878
ATMN,25.28,25.28,25.33,4729.0,6000.0,,1385200.0,1958400.0,,,,0,0,0,0,0,0,0,0,0,0,0,0,0,0,0,0,0,0,0,0,0,0,0,0,0,0,0,0,0,0,0,0,0,0,0,0,0,0,44,2026-02-06 00:36:43.199878
WNTR,25.1,25.09,25.1,3595.0,,7418.0,1510300.0,1684300.0,,4000.0,6000.0,0,0,0,0,0,0,0,0,0,0,0,0,0,0,0,0,0,0,0,0,0,0,0,0,0,0,0,0,0,0,0,0,0,0,0,0,0,0,44,2026-02-06 00:36:43.199878
SPNG,24.49,24.49,25.14,2295500.0,500.0,1595300.0,4326.0,,,,0,0,0,0,0,0,0,0,0,0,0,0,0,0,0,0,0,0,0,0,0,0,0,0,0,0,0,0,0,0,0,0,0,0,0,0,0,0,0,45,2026-02-06 00:36:44.303701
SMMR,24.94,25.03,25.04,1552100.0,6000.0,2170000.0,,10000.0,500.0,4901.0,0,0,0,0,0,0,0,0,0,0,0,0,0,0,0,0,0,0,0,0,0,0,0,0,0,0,0,0,0,0,0,0,0,0,0,0,0,0,0,45,2026-02-06 00:36:44.303701
ATMN,25.28,24.95,25.01,1378700.0,,1455600.0,4655.0,,6000.0,4729.0,0,0,0,0,0,0,0,0,0,0,0,0,0,0,0,0,0,0,0,0,0,0,0,0,0,0,0,0,0,0,0,0,0,0,0,0,0,0,0,45,2026-02-06 00:36:44.303701
WNTR,25.09,25.09,25.1,1612900.0,6000.0,1209700.0,8000.0,,,3656.0,0,0,0,0,0,0,0,0,0,0,0,0,0,0,0,0,0,0,0,0,0,0,0,0,0,0,0,0,0,0,0,0,0,0,0,0,0,0,0,45,2026-02-06 00:36:44.303701
SPNG,25.29,25.29,25.43,1446000.0,6000.0,4683.0,1738.0,2314900.0,,,,0,0,0,0,0,0,0,0,0,0,0,0,0,0,0,0,0,0,0,0,0,0,0,0,0,0,0,0,0,0,0,0,0,0,0,0,0,0,46,2026-02-06 00:36:45.397452
SMMR,25.02,25.01,25.02,2132500.0,,1000.0,6963.0,1468300.0,7914.0,4190.0,,0,0,0,0,0,0,0,0,0,0,0,0,0,0,0,0,0,0,0,0,0,0,0,0,0,0,0,0,0,0,0,0,0,0,0,0,0,0,46,2026-02-06 00:36:45.397452
ATMN,25.07,24.97,25.07,1186500.0,6000.0,4729.0,7875.0,1961200.0,,,,0,0,0,0,0,0,0,0,0,0,0,0,0,0,0,0,0,0,0,0,0,0,0,0,0,0,0,0,0,0,0,0,0,0,0,0,0,0,46,2026-02-06 00:36:45.397452
WNTR,24.99,24.92,24.98,2200100.0,,,,991300.0,14344.0,8000.0,6000.0,0,0,0,0,0,0,0,0,0,0,0,0,0,0,0,0,0,0,0,0,0,0,0,0,0,0,0,0,0,0,0,0,0,0,0,0,0,0,46,2026-02-06 00:36:45.397452
SPNG,25.29,25.29,25.43,1814300.0,2936.0,1738.0,2302800.0,,,,,0,0,0,0,0,0,0,0,0,0,0,0,0,0,0,0,0,0,0,0,0,0,0,0,0,0,0,0,0,0,0,0,0,0,0,0,0,0,47,2026-02-06 00:36:45.960988
SMMR,25.01,24.95,24.97,2132500.0,,6963.0,1385800.0,6000.0,7914.0,6000.0,4190.0,0,0,0,0,0,0,0,0,0,0,0,0,0,0,0,0,0,0,0,0,0,0,0,0,0,0,0,0,0,0,0,0,0,0,0,0,0,0,47,2026-02-06 00:36:45.960988
ATMN,24.85,24.85,25.05,1952500.0,,,1739300.0,,,,1734.0,0,0,0,0,0,0,0,0,0,0,0,0,0,0,0,0,0,0,0,0,0,0,0,0,0,0,0,0,0,0,0,0,0,0,0,0,0,0,47,2026-02-06 00:36:45.960988
WNTR,25.08,25.07,25.08,1736400.0,2924.0,,1299500.0,,14344.0,6000.0,5000.0,0,0,0,0,0,0,0,0,0,0,0,0,0,0,0,0,0,0,0,0,0,0,0,0,0,0,0,0,0,0,0,0,0,0,0,0,0,0,47,2026-02-06 00:36:45.960988
SPNG,24.82,24.82,25.28,2133500.0,1738.0,1702100.0,4327.0,,,,,0,0,0,0,0,0,0,0,0,0,0,0,0,0,0,0,0,0,0,0,0,0,0,0,0,0,0,0,0,0,0,0,0,0,0,0,0,0,48,2026-02-06 00:36:47.049788
SMMR,25.0,25.0,25.02,1412300.0,13828.0,1959300.0,,4609.0,6000.0,7914.0,6000.0,0,0,0,0,0,0,0,0,0,0,0,0,0,0,0,0,0,0,0,0,0,0,0,0,0,0,0,0,0,0,0,0,0,0,0,0,0,0,48,2026-02-06 00:36:47.049788
ATMN,24.87,24.87,24.97,1775400.0,6709.0,1669200.0,1734.0,,6000.0,100.0,,0,0,0,0,0,0,0,0,0,0,0,0,0,0,0,0,0,0,0,0,0,0,0,0,0,0,0,0,0,0,0,0,0,0,0,0,0,0,48,2026-02-06 00:36:47.049788
WNTR,24.87,24.87,24.96,2206700.0,,1225800.0,5000.0,,,18582.0,6000.0,0,0,0,0,0,0,0,0,0,0,0,0,0,0,0,0,0,0,0,0,0,0,0,0,0,0,0,0,0,0,0,0,0,0,0,0,0,0,48,2026-02-06 00:36:47.049788
SPNG,24.65,24.65,24.98,2132100.0,1000.0,2153800.0,100.0,,,,0,0,0,0,0,0,0,0,0,0,0,0,0,0,0,0,0,0,0,0,0,0,0,0,0,0,0,0,0,0,0,0,0,0,0,0,0,0,0,49,2026-02-06 00:36:48.121565
SMMR,25.05,25.01,25.02,1641500.0,4609.0,2174100.0,,3129.0,500.0,,0,0,0,0,0,0,0,0,0,0,0,0,0,0,0,0,0,0,0,0,0,0,0,0,0,0,0,0,0,0,0,0,0,0,0,0,0,0,0,49,2026-02-06 00:36:48.121565
ATMN,24.77,24.77,24.91,1956200.0,,1408000.0,6611.0,,,4413.0,0,0,0,0,0,0,0,0,0,0,0,0,0,0,0,0,0,0,0,0,0,0,0,0,0,0,0,0,0,0,0,0,0,0,0,0,0,0,0,49,2026-02-06 00:36:48.121565
WNTR,24.92,24.95,24.96,1493800.0,2738.0,1660800.0,,427.0,,5000.0,0,0,0,0,0,0,0,0,0,0,0,0,0,0,0,0,0,0,0,0,0,0,0,0,0,0,0,0,0,0,0,0,0,0,0,0,0,0,0,49,2026-02-06 00:36:48.121565
SPNG,25.02,24.79,24.9,2029400.0,2703.0,851.0,6000.0,5507.0,2991.0,1582100.0,0,0,0,0,0,0,0,0,0,0,0,0,0,0,0,0,0,0,0,0,0,0,0,0,0,0,0,0,0,0,0,0,0,0,0,0,0,0,0,50,2026-02-06 00:36:49.185756
SMMR,25.02,25.01,25.02,1889200.0,,4000.0,,5862.0,4416.0,1595100.0,0,0,0,0,0,0,0,0,0,0,0,0,0,0,0,0,0,0,0,0,0,0,0,0,0,0,0,0,0,0,0,0,0,0,0,0,0,0,0,50,2026-02-06 00:36:49.185756
ATMN,24.77,24.77,25.05,1956200.0,,,,,2673.0,1652800.0,0,0,0,0,0,0,0,0,0,0,0,0,0,0,0,0,0,0,0,0,0,0,0,0,0,0,0,0,0,0,0,0,0,0,0,0,0,0,0,50,2026-02-06 00:36:49.185756
WNTR,24.95,24.95,24.96,1404000.0,7243.0,2738.0,6000.0,6816.0,5000.0,1460900.0,0,0,0,0,0,0,0,0,0,0,0,0,0,0,0,0,0,0,0,0,0,0,0,0,0,0,0,0,0,0,0,0,0,0,0,0,0,0,0,50,2026-02-06 00:36:49.185756
SPNG,25.28,24.88,25.28,6000.0,2803.0,1824000.0,851.0,2132500.0,6000.0,,,0,0,0,0,0,0,0,0,0,0,0,0,0,0,0,0,0,0,0,0,0,0,0,0,0,0,0,0,0,0,0,0,0,0,0,0,0,0,51,2026-02-06 00:36:50.252145
SMMR,25.02,25.01,25.02,6000.0,,1889200.0,3000.0,1498200.0,6000.0,328.0,4416.0,0,0,0,0,0,0,0,0,0,0,0,0,0,0,0,0,0,0,0,0,0,0,0,0,0,0,0,0,0,0,0,0,0,0,0,0,0,0,51,2026-02-06 00:36:50.252145
ATMN,24.89,24.85,24.87,6000.0,6312.0,1769200.0,,1969600.0,,,,0,0,0,0,0,0,0,0,0,0,0,0,0,0,0,0,0,0,0,0,0,0,0,0,0,0,0,0,0,0,0,0,0,0,0,0,0,0,51,2026-02-06 00:36:50.252145
WNTR,24.87,24.92,24.93,,,1848200.0,1183.0,1469100.0,6000.0,7467.0,5000.0,0,0,0,0,0,0,0,0,0,0,0,0,0,0,0,0,0,0,0,0,0,0,0,0,0,0,0,0,0,0,0,0,0,0,0,0,0,0,51,2026-02-06 00:36:50.252145
SPNG,24.92,24.88,24.92,6000.0,949.0,2064200.0,2135400.0,6000.0,,,,0,0,0,0,0,0,0,0,0,0,0,0,0,0,0,0,0,0,0,0,0,0,0,0,0,0,0,0,0,0,0,0,0,0,0,0,0,0,52,2026-02-06 00:36:51.355914
SMMR,24.89,24.89,25.01,,,2399800.0,2065900.0,6000.0,328.0,,,0,0,0,0,0,0,0,0,0,0,0,0,0,0,0,0,0,0,0,0,0,0,0,0,0,0,0,0,0,0,0,0,0,0,0,0,0,0,52,2026-02-06 00:36:51.355914
ATMN,25.06,25.06,25.1,6000.0,,1799000.0,1948200.0,,,6312.0,,0,0,0,0,0,0,0,0,0,0,0,0,0,0,0,0,0,0,0,0,0,0,0,0,0,0,0,0,0,0,0,0,0,0,0,0,0,0,52,2026-02-06 00:36:51.355914
WNTR,24.93,24.9,24.93,,,2199000.0,1674700.0,6000.0,,,7207.0,0,0,0,0,0,0,0,0,0,0,0,0,0,0,0,0,0,0,0,0,0,0,0,0,0,0,0,0,0,0,0,0,0,0,0,0,0,0,52,2026-02-06 00:36:51.355914
SPNG,24.92,24.88,24.92,6000.0,332.0,2060000.0,2135400.0,6000.0,,0,0,0,0,0,0,0,0,0,0,0,0,0,0,0,0,0,0,0,0,0,0,0,0,0,0,0,0,0,0,0,0,0,0,0,0,0,0,0,0,53,2026-02-06 00:36:52.460414
SMMR,24.89,24.94,25.01,500.0,,2268600.0,2077400.0,6000.0,291.0,0,0,0,0,0,0,0,0,0,0,0,0,0,0,0,0,0,0,0,0,0,0,0,0,0,0,0,0,0,0,0,0,0,0,0,0,0,0,0,0,53,2026-02-06 00:36:52.460414
ATMN,24.74,24.85,24.91,6000.0,343.0,1746100.0,1857400.0,6000.0,,0,0,0,0,0,0,0,0,0,0,0,0,0,0,0,0,0,0,0,0,0,0,0,0,0,0,0,0,0,0,0,0,0,0,0,0,0,0,0,0,53,2026-02-06 00:36:52.460414
WNTR,24.96,24.89,24.96,,,2201500.0,2086700.0,6000.0,,0,0,0,0,0,0,0,0,0,0,0,0,0,0,0,0,0,0,0,0,0,0,0,0,0,0,0,0,0,0,0,0,0,0,0,0,0,0,0,0,53,2026-02-06 00:36:52.460414
SPNG,25.28,25.38,25.43,2040400.0,288.0,6000.0,2225200.0,,,0,0,0,0,0,0,0,0,0,0,0,0,0,0,0,0,0,0,0,0,0,0,0,0,0,0,0,0,0,0,0,0,0,0,0,0,0,0,0,0,54,2026-02-06 00:36:53.019934
SMMR,25.02,25.02,25.05,2134500.0,,6000.0,2162500.0,248.0,,0,0,0,0,0,0,0,0,0,0,0,0,0,0,0,0,0,0,0,0,0,0,0,0,0,0,0,0,0,0,0,0,0,0,0,0,0,0,0,0,54,2026-02-06 00:36:53.019934
ATMN,25.06,24.86,25.06,1746100.0,343.0,6000.0,1966800.0,,,0,0,0,0,0,0,0,0,0,0,0,0,0,0,0,0,0,0,0,0,0,0,0,0,0,0,0,0,0,0,0,0,0,0,0,0,0,0,0,0,54,2026-02-06 00:36:53.019934
WNTR,24.96,25.0,25.04,2192400.0,,,2089100.0,,6000.0,0,0,0,0,0,0,0,0,0,0,0,0,0,0,0,0,0,0,0,0,0,0,0,0,0,0,0,0,0,0,0,0,0,0,0,0,0,0,0,0,54,2026-02-06 00:36:53.019934
SPNG,25.38,24.92,25.1,6000.0,2168900.0,2216600.0,,0,0,0,0,0,0,0,0,0,0,0,0,0,0,0,0,0,0,0,0,0,0,0,0,0,0,0,0,0,0,0,0,0,0,0,0,0,0,0,0,0,0,55,2026-02-06 00:36:54.075054
SMMR,24.89,24.89,25.05,,2414300.0,2298400.0,,0,0,0,0,0,0,0,0,0,0,0,0,0,0,0,0,0,0,0,0,0,0,0,0,0,0,0,0,0,0,0,0,0,0,0,0,0,0,0,0,0,0,55,2026-02-06 00:36:54.075054
ATMN,25.08,25.02,25.08,6000.0,1833300.0,1940800.0,,0,0,0,0,0,0,0,0,0,0,0,0,0,0,0,0,0,0,0,0,0,0,0,0,0,0,0,0,0,0,0,0,0,0,0,0,0,0,0,0,0,0,55,2026-02-06 00:36:54.075054
WNTR,25.0,25.0,25.02,,2186500.0,2091100.0,6000.0,0,0,0,0,0,0,0,0,0,0,0,0,0,0,0,0,0,0,0,0,0,0,0,0,0,0,0,0,0,0,0,0,0,0,0,0,0,0,0,0,0,0,55,2026-02-06 00:36:54.075054
SPNG,24.91,24.84,24.91,2294200.0,2189100.0,0,0,0,0,0,0,0,0,0,0,0,0,0,0,0,0,0,0,0,0,0,0,0,0,0,0,0,0,0,0,0,0,0,0,0,0,0,0,0,0,0,0,0,0,56,2026-02-06 00:36:55.115374
SMMR,25.06,24.89,25.06,2414300.0,2291100.0,0,0,0,0,0,0,0,0,0,0,0,0,0,0,0,0,0,0,0,0,0,0,0,0,0,0,0,0,0,0,0,0,0,0,0,0,0,0,0,0,0,0,0,0,56,2026-02-06 00:36:55.115374
ATMN,25.22,25.2,25.22,1946200.0,1943100.0,0,0,0,0,0,0,0,0,0,0,0,0,0,0,0,0,0,0,0,0,0,0,0,0,0,0,0,0,0,0,0,0,0,0,0,0,0,0,0,0,0,0,0,0,56,2026-02-06 00:36:55.115374
WNTR,24.98,24.87,24.98,2225000.0,2263200.0,0,0,0,0,0,0,0,0,0,0,0,0,0,0,0,0,0,0,0,0,0,0,0,0,0,0,0,0,0,0,0,0,0,0,0,0,0,0,0,0,0,0,0,0,56,2026-02-06 00:36:55.115374
SPNG,24.95,24.95,25.1,2269500.0,2218900.0,0,0,0,0,0,0,0,0,0,0,0,0,0,0,0,0,0,0,0,0,0,0,0,0,0,0,0,0,0,0,0,0,0,0,0,0,0,0,0,0,0,0,0,0,57,2026-02-06 00:36:56.163901
SMMR,25.06,24.89,24.99,2414300.0,2298900.0,0,0,0,0,0,0,0,0,0,0,0,0,0,0,0,0,0,0,0,0,0,0,0,0,0,0,0,0,0,0,0,0,0,0,0,0,0,0,0,0,0,0,0,0,57,2026-02-06 00:36:56.163901
ATMN,24.8,24.8,25.22,1931600.0,1949900.0,0,0,0,0,0,0,0,0,0,0,0,0,0,0,0,0,0,0,0,0,0,0,0,0,0,0,0,0,0,0,0,0,0,0,0,0,0,0,0,0,0,0,0,0,57,2026-02-06 00:36:56.163901
WNTR,24.89,24.89,24.98,2246400.0,2263200.0,0,0,0,0,0,0,0,0,0,0,0,0,0,0,0,0,0,0,0,0,0,0,0,0,0,0,0,0,0,0,0,0,0,0,0,0,0,0,0,0,0,0,0,0,57,2026-02-06 00:36:56.163901
SPNG,24.95,24.95,25.1,2279300.0,2207100.0,0,0,0,0,0,0,0,0,0,0,0,0,0,0,0,0,0,0,0,0,0,0,0,0,0,0,0,0,0,0,0,0,0,0,0,0,0,0,0,0,0,0,0,0,58,2026-02-06 00:36:57.213844
SMMR,24.99,24.89,24.99,2414300.0,2292800.0,0,0,0,0,0,0,0,0,0,0,0,0,0,0,0,0,0,0,0,0,0,0,0,0,0,0,0,0,0,0,0,0,0,0,0,0,0,0,0,0,0,0,0,0,58,2026-02-06 00:36:57.213844
ATMN,24.8,24.88,25.22,1970600.0,1949900.0,0,0,0,0,0,0,0,0,0,0,0,0,0,0,0,0,0,0,0,0,0,0,0,0,0,0,0,0,0,0,0,0,0,0,0,0,0,0,0,0,0,0,0,0,58,2026-02-06 00:36:57.213844
WNTR,24.86,24.86,24.98,2252600.0,2263200.0,0,0,0,0,0,0,0,0,0,0,0,0,0,0,0,0,0,0,0,0,0,0,0,0,0,0,0,0,0,0,0,0,0,0,0,0,0,0,0,0,0,0,0,0,58,2026-02-06 00:36:57.213844
SPNG,24.95,25.07,25.1,2255300.0,2190000.0,0,0,0,0,0,0,0,0,0,0,0,0,0,0,0,0,0,0,0,0,0,0,0,0,0,0,0,0,0,0,0,0,0,0,0,0,0,0,0,0,0,0,0,0,59,2026-02-06 00:36:58.446997
SMMR,24.89,24.89,24.91,2405900.0,2302400.0,0,0,0,0,0,0,0,0,0,0,0,0,0,0,0,0,0,0,0,0,0,0,0,0,0,0,0,0,0,0,0,0,0,0,0,0,0,0,0,0,0,0,0,0,59,2026-02-06 00:36:58.446997
ATMN,25.27,24.8,25.27,1930700.0,1965900.0,0,0,0,0,0,0,0,0,0,0,0,0,0,0,0,0,0,0,0,0,0,0,0,0,0,0,0,0,0,0,0,0,0,0,0,0,0,0,0,0,0,0,0,0,59,2026-02-06 00:36:58.446997
WNTR,24.85,24.85,25.09,2264200.0,2219100.0,0,0,0,0,0,0,0,0,0,0,0,0,0,0,0,0,0,0,0,0,0,0,0,0,0,0,0,0,0,0,0,0,0,0,0,0,0,0,0,0,0,0,0,0,59,2026-02-06 00:36:58.446997
SPNG,24.95,23.7,24.92,4854.0,1010700.0,822200.0,0,0,0,0,0,0,0,0,0,0,0,0,0,0,0,0,0,0,0,0,0,0,0,0,0,0,0,0,0,0,0,0,0,0,0,0,0,0,0,0,0,0,0,60,2026-02-06 00:36:59.492351
SMMR,25.46,25.46,25.71,,862800.0,740900.0,0,0,0,0,0,0,0,0,0,0,0,0,0,0,0,0,0,0,0,0,0,0,0,0,0,0,0,0,0,0,0,0,0,0,0,0,0,0,0,0,0,0,0,60,2026-02-06 00:36:59.492351
ATMN,25.27,25.17,25.97,,920900.0,685400.0,0,0,0,0,0,0,0,0,0,0,0,0,0,0,0,0,0,0,0,0,0,0,0,0,0,0,0,0,0,0,0,0,0,0,0,0,0,0,0,0,0,0,0,60,2026-02-06 00:36:59.492351
WNTR,23.75,23.75,23.95,,994200.0,1005800.0,0,0,0,0,0,0,0,0,0,0,0,0,0,0,0,0,0,0,0,0,0,0,0,0,0,0,0,0,0,0,0,0,0,0,0,0,0,0,0,0,0,0,0,60,2026-02-06 00:36:59.492351
SPNG,23.18,23.66,24.05,1712.0,1069700.0,1088800.0,2000.0,,,0,0,0,0,0,0,0,0,0,0,0,0,0,0,0,0,0,0,0,0,0,0,0,0,0,0,0,0,0,0,0,0,0,0,0,0,0,0,0,0,61,2026-02-06 00:37:00.607716
SMMR,25.46,25.19,25.44,,1042300.0,1014300.0,,9777.0,,0,0,0,0,0,0,0,0,0,0,0,0,0,0,0,0,0,0,0,0,0,0,0,0,0,0,0,0,0,0,0,0,0,0,0,0,0,0,0,0,61,2026-02-06 00:37:00.607716
ATMN,25.17,25.19,25.36,,920900.0,886700.0,,9555.0,9555.0,0,0,0,0,0,0,0,0,0,0,0,0,0,0,0,0,0,0,0,0,0,0,0,0,0,0,0,0,0,0,0,0,0,0,0,0,0,0,0,0,61,2026-02-06 00:37:00.607716
WNTR,23.65,23.52,23.63,,1275000.0,1147100.0,5000.0,8500.0,8500.0,0,0,0,0,0,0,0,0,0,0,0,0,0,0,0,0,0,0,0,0,0,0,0,0,0,0,0,0,0,0,0,0,0,0,0,0,0,0,0,0,61,2026-02-06 00:37:00.607716
SPNG,22.95,22.95,24.05,1061700.0,1201400.0,1983.0,4980.0,,,0,0,0,0,0,0,0,0,0,0,0,0,0,0,0,0,0,0,0,0,0,0,0,0,0,0,0,0,0,0,0,0,0,0,0,0,0,0,0,0,62,2026-02-06 00:37:01.170772
SMMR,25.44,25.43,25.44,1140400.0,1111100.0,9777.0,5000.0,1579.0,,0,0,0,0,0,0,0,0,0,0,0,0,0,0,0,0,0,0,0,0,0,0,0,0,0,0,0,0,0,0,0,0,0,0,0,0,0,0,0,0,62,2026-02-06 00:37:01.170772
ATMN,25.17,25.19,25.32,920900.0,1080600.0,9555.0,,2000.0,9555.0,0,0,0,0,0,0,0,0,0,0,0,0,0,0,0,0,0,0,0,0,0,0,0,0,0,0,0,0,0,0,0,0,0,0,0,0,0,0,0,0,62,2026-02-06 00:37:01.170772
WNTR,23.95,23.63,23.95,1394200.0,1005800.0,,5000.0,,8500.0,0,0,0,0,0,0,0,0,0,0,0,0,0,0,0,0,0,0,0,0,0,0,0,0,0,0,0,0,0,0,0,0,0,0,0,0,0,0,0,0,62,2026-02-06 00:37:01.170772
SPNG,22.95,23.83,24.05,1413600.0,1058.0,1201400.0,,,,0,0,0,0,0,0,0,0,0,0,0,0,0,0,0,0,0,0,0,0,0,0,0,0,0,0,0,0,0,0,0,0,0,0,0,0,0,0,0,0,63,2026-02-06 00:37:02.223885
SMMR,25.42,25.19,25.37,1140400.0,,1288700.0,5000.0,,,0,0,0,0,0,0,0,0,0,0,0,0,0,0,0,0,0,0,0,0,0,0,0,0,0,0,0,0,0,0,0,0,0,0,0,0,0,0,0,0,63,2026-02-06 00:37:02.223885
ATMN,24.65,24.65,24.72,975100.0,,1287500.0,4913.0,,,0,0,0,0,0,0,0,0,0,0,0,0,0,0,0,0,0,0,0,0,0,0,0,0,0,0,0,0,0,0,0,0,0,0,0,0,0,0,0,0,63,2026-02-06 00:37:02.223885
WNTR,23.52,23.53,23.62,1540800.0,2349.0,1144900.0,7000.0,8500.0,4500.0,0,0,0,0,0,0,0,0,0,0,0,0,0,0,0,0,0,0,0,0,0,0,0,0,0,0,0,0,0,0,0,0,0,0,0,0,0,0,0,0,63,2026-02-06 00:37:02.223885
SPNG,23.83,23.19,23.77,1308700.0,1678.0,1639200.0,1983.0,5000.0,,0,0,0,0,0,0,0,0,0,0,0,0,0,0,0,0,0,0,0,0,0,0,0,0,0,0,0,0,0,0,0,0,0,0,0,0,0,0,0,0,64,2026-02-06 00:37:03.281838
SMMR,25.37,25.31,25.34,1393500.0,,1422700.0,19994.0,5000.0,,0,0,0,0,0,0,0,0,0,0,0,0,0,0,0,0,0,0,0,0,0,0,0,0,0,0,0,0,0,0,0,0,0,0,0,0,0,0,0,0,64,2026-02-06 00:37:03.281838
ATMN,24.65,24.68,24.71,1190100.0,,1402700.0,4777.0,2000.0,8888.0,0,0,0,0,0,0,0,0,0,0,0,0,0,0,0,0,0,0,0,0,0,0,0,0,0,0,0,0,0,0,0,0,0,0,0,0,0,0,0,0,64,2026-02-06 00:37:03.281838
WNTR,23.71,23.58,23.7,1540800.0,2349.0,1144800.0,,2000.0,17993.0,0,0,0,0,0,0,0,0,0,0,0,0,0,0,0,0,0,0,0,0,0,0,0,0,0,0,0,0,0,0,0,0,0,0,0,0,0,0,0,0,64,2026-02-06 00:37:03.281838
SPNG,23.77,23.72,23.77,1547100.0,1678.0,1527400.0,2083.0,5000.0,,0,0,0,0,0,0,0,0,0,0,0,0,0,0,0,0,0,0,0,0,0,0,0,0,0,0,0,0,0,0,0,0,0,0,0,0,0,0,0,0,65,2026-02-06 00:37:04.332501
SMMR,25.31,25.31,25.34,1716000.0,,1421200.0,19994.0,5000.0,,0,0,0,0,0,0,0,0,0,0,0,0,0,0,0,0,0,0,0,0,0,0,0,0,0,0,0,0,0,0,0,0,0,0,0,0,0,0,0,0,65,2026-02-06 00:37:04.332501
ATMN,24.75,24.85,25.11,1277700.0,2346.0,1303500.0,,,4877.0,0,0,0,0,0,0,0,0,0,0,0,0,0,0,0,0,0,0,0,0,0,0,0,0,0,0,0,0,0,0,0,0,0,0,0,0,0,0,0,0,65,2026-02-06 00:37:04.332501
WNTR,23.67,23.67,23.7,1536500.0,2349.0,1144800.0,,,26000.0,0,0,0,0,0,0,0,0,0,0,0,0,0,0,0,0,0,0,0,0,0,0,0,0,0,0,0,0,0,0,0,0,0,0,0,0,0,0,0,0,65,2026-02-06 00:37:04.332501
SPNG,23.76,23.76,23.77,1675100.0,3494.0,4000.0,1809900.0,,,,0,0,0,0,0,0,0,0,0,0,0,0,0,0,0,0,0,0,0,0,0,0,0,0,0,0,0,0,0,0,0,0,0,0,0,0,0,0,0,66,2026-02-06 00:37:05.423837
SMMR,25.37,25.32,25.33,1937100.0,,,1517400.0,4504.0,6000.0,375.0,0,0,0,0,0,0,0,0,0,0,0,0,0,0,0,0,0,0,0,0,0,0,0,0,0,0,0,0,0,0,0,0,0,0,0,0,0,0,0,66,2026-02-06 00:37:05.423837
ATMN,24.65,24.65,25.0,1067800.0,,,1590700.0,,,,0,0,0,0,0,0,0,0,0,0,0,0,0,0,0,0,0,0,0,0,0,0,0,0,0,0,0,0,0,0,0,0,0,0,0,0,0,0,0,66,2026-02-06 00:37:05.423837
WNTR,23.78,23.78,23.81,1777400.0,2349.0,,1126100.0,,6000.0,4000.0,0,0,0,0,0,0,0,0,0,0,0,0,0,0,0,0,0,0,0,0,0,0,0,0,0,0,0,0,0,0,0,0,0,0,0,0,0,0,0,66,2026-02-06 00:37:05.423837
SPNG,23.76,23.76,23.77,1777200.0,100.0,3494.0,250.0,3000.0,1809900.0,,,0,0,0,0,0,0,0,0,0,0,0,0,0,0,0,0,0,0,0,0,0,0,0,0,0,0,0,0,0,0,0,0,0,0,0,0,0,0,67,2026-02-06 00:37:06.510259
SMMR,25.47,25.46,25.47,1451900.0,14201.0,2757.0,,,1315600.0,6000.0,9697.0,0,0,0,0,0,0,0,0,0,0,0,0,0,0,0,0,0,0,0,0,0,0,0,0,0,0,0,0,0,0,0,0,0,0,0,0,0,0,67,2026-02-06 00:37:06.510259
ATMN,24.66,24.63,24.66,966400.0,9477.0,,6000.0,4844.0,1316100.0,,100.0,0,0,0,0,0,0,0,0,0,0,0,0,0,0,0,0,0,0,0,0,0,0,0,0,0,0,0,0,0,0,0,0,0,0,0,0,0,0,67,2026-02-06 00:37:06.510259
WNTR,23.81,23.66,23.71,1885100.0,8430.0,1012.0,6000.0,,1218500.0,6000.0,4000.0,0,0,0,0,0,0,0,0,0,0,0,0,0,0,0,0,0,0,0,0,0,0,0,0,0,0,0,0,0,0,0,0,0,0,0,0,0,0,67,2026-02-06 00:37:06.510259
SPNG,23.96,23.76,23.79,1499400.0,7968.0,6000.0,3811.0,2000.0,1765100.0,,,0,0,0,0,0,0,0,0,0,0,0,0,0,0,0,0,0,0,0,0,0,0,0,0,0,0,0,0,0,0,0,0,0,0,0,0,0,0,68,2026-02-06 00:37:07.569413
SMMR,25.35,25.31,25.35,1937100.0,,,,,1448600.0,19362.0,,0,0,0,0,0,0,0,0,0,0,0,0,0,0,0,0,0,0,0,0,0,0,0,0,0,0,0,0,0,0,0,0,0,0,0,0,0,0,68,2026-02-06 00:37:07.569413
ATMN,24.42,24.67,24.72,1171700.0,,,,4844.0,1303500.0,100.0,6000.0,0,0,0,0,0,0,0,0,0,0,0,0,0,0,0,0,0,0,0,0,0,0,0,0,0,0,0,0,0,0,0,0,0,0,0,0,0,0,68,2026-02-06 00:37:07.569413
WNTR,23.7,23.7,23.71,2148000.0,4201.0,,749.0,4000.0,1218500.0,4000.0,6000.0,0,0,0,0,0,0,0,0,0,0,0,0,0,0,0,0,0,0,0,0,0,0,0,0,0,0,0,0,0,0,0,0,0,0,0,0,0,0,68,2026-02-06 00:37:07.569413
SPNG,23.97,23.77,23.97,6000.0,1379500.0,8068.0,3811.0,1773000.0,,,0,0,0,0,0,0,0,0,0,0,0,0,0,0,0,0,0,0,0,0,0,0,0,0,0,0,0,0,0,0,0,0,0,0,0,0,0,0,0,69,2026-02-06 00:37:08.163005
SMMR,25.46,25.31,25.41,,1937100.0,,,1433400.0,9697.0,4000.0,0,0,0,0,0,0,0,0,0,0,0,0,0,0,0,0,0,0,0,0,0,0,0,0,0,0,0,0,0,0,0,0,0,0,0,0,0,0,0,69,2026-02-06 00:37:08.163005
ATMN,24.88,24.88,24.92,,1200400.0,100.0,605.0,1698200.0,100.0,,0,0,0,0,0,0,0,0,0,0,0,0,0,0,0,0,0,0,0,0,0,0,0,0,0,0,0,0,0,0,0,0,0,0,0,0,0,0,0,69,2026-02-06 00:37:08.163005
WNTR,23.95,23.7,23.95,,2148000.0,4201.0,749.0,1098200.0,,,0,0,0,0,0,0,0,0,0,0,0,0,0,0,0,0,0,0,0,0,0,0,0,0,0,0,0,0,0,0,0,0,0,0,0,0,0,0,0,69,2026-02-06 00:37:08.163005
SPNG,23.85,23.84,23.85,1896.0,1911200.0,1590800.0,100.0,4895.0,,,,0,0,0,0,0,0,0,0,0,0,0,0,0,0,0,0,0,0,0,0,0,0,0,0,0,0,0,0,0,0,0,0,0,0,0,0,0,0,70,2026-02-06 00:37:09.230698
SMMR,25.46,25.35,25.39,,2288300.0,1433400.0,4978.0,,9630.0,,,0,0,0,0,0,0,0,0,0,0,0,0,0,0,0,0,0,0,0,0,0,0,0,0,0,0,0,0,0,0,0,0,0,0,0,0,0,0,70,2026-02-06 00:37:09.230698
ATMN,24.7,24.7,24.85,605.0,1078500.0,1821300.0,100.0,,,6000.0,,0,0,0,0,0,0,0,0,0,0,0,0,0,0,0,0,0,0,0,0,0,0,0,0,0,0,0,0,0,0,0,0,0,0,0,0,0,0,70,2026-02-06 00:37:09.230698
WNTR,23.9,23.76,23.81,1538.0,2025500.0,1455600.0,,,9437.0,5500.0,6000.0,0,0,0,0,0,0,0,0,0,0,0,0,0,0,0,0,0,0,0,0,0,0,0,0,0,0,0,0,0,0,0,0,0,0,0,0,0,0,70,2026-02-06 00:37:09.230698
SPNG,23.6,23.6,23.78,1775000.0,6000.0,1395000.0,2389.0,4895.0,,,,0,0,0,0,0,0,0,0,0,0,0,0,0,0,0,0,0,0,0,0,0,0,0,0,0,0,0,0,0,0,0,0,0,0,0,0,0,0,71,2026-02-06 00:37:10.307772
SMMR,25.46,25.37,25.38,1498900.0,6000.0,1345300.0,14570.0,5000.0,6000.0,3234.0,9630.0,0,0,0,0,0,0,0,0,0,0,0,0,0,0,0,0,0,0,0,0,0,0,0,0,0,0,0,0,0,0,0,0,0,0,0,0,0,0,71,2026-02-06 00:37:10.307772
ATMN,24.79,24.73,24.79,1171500.0,,1296000.0,9474.0,5000.0,6000.0,,2343.0,0,0,0,0,0,0,0,0,0,0,0,0,0,0,0,0,0,0,0,0,0,0,0,0,0,0,0,0,0,0,0,0,0,0,0,0,0,0,71,2026-02-06 00:37:10.307772
WNTR,23.8,23.79,23.8,2017100.0,6000.0,1675100.0,,,6000.0,,19437.0,0,0,0,0,0,0,0,0,0,0,0,0,0,0,0,0,0,0,0,0,0,0,0,0,0,0,0,0,0,0,0,0,0,0,0,0,0,0,71,2026-02-06 00:37:10.307772
SPNG,23.38,23.38,23.76,1533000.0,6000.0,1626600.0,3000.0,2389.0,,,,0,0,0,0,0,0,0,0,0,0,0,0,0,0,0,0,0,0,0,0,0,0,0,0,0,0,0,0,0,0,0,0,0,0,0,0,0,0,72,2026-02-06 00:37:11.379823
SMMR,25.5,25.37,25.41,1498900.0,,1342200.0,1000.0,,6000.0,3101.0,9630.0,0,0,0,0,0,0,0,0,0,0,0,0,0,0,0,0,0,0,0,0,0,0,0,0,0,0,0,0,0,0,0,0,0,0,0,0,0,0,72,2026-02-06 00:37:11.379823
ATMN,24.62,24.42,24.62,1078500.0,,1860400.0,1000.0,,,,,0,0,0,0,0,0,0,0,0,0,0,0,0,0,0,0,0,0,0,0,0,0,0,0,0,0,0,0,0,0,0,0,0,0,0,0,0,0,72,2026-02-06 00:37:11.379823
WNTR,23.7,23.7,23.82,2148000.0,,1438900.0,4300.0,,,,,0,0,0,0,0,0,0,0,0,0,0,0,0,0,0,0,0,0,0,0,0,0,0,0,0,0,0,0,0,0,0,0,0,0,0,0,0,0,72,2026-02-06 00:37:11.379823
SPNG,23.85,23.61,23.85,6000.0,2778.0,1743400.0,1992.0,2070100.0,,,,0,0,0,0,0,0,0,0,0,0,0,0,0,0,0,0,0,0,0,0,0,0,0,0,0,0,0,0,0,0,0,0,0,0,0,0,0,0,73,2026-02-06 00:37:12.441862
SMMR,25.41,25.49,25.5,6000.0,3101.0,1427800.0,17603.0,1565400.0,,,,0,0,0,0,0,0,0,0,0,0,0,0,0,0,0,0,0,0,0,0,0,0,0,0,0,0,0,0,0,0,0,0,0,0,0,0,0,0,73,2026-02-06 00:37:12.441862
ATMN,24.94,24.62,24.94,500.0,,1173400.0,6968.0,1888600.0,,,,0,0,0,0,0,0,0,0,0,0,0,0,0,0,0,0,0,0,0,0,0,0,0,0,0,0,0,0,0,0,0,0,0,0,0,0,0,0,73,2026-02-06 00:37:12.441862
WNTR,23.7,23.62,23.64,,,2026200.0,,856000.0,16828.0,9249.0,6000.0,0,0,0,0,0,0,0,0,0,0,0,0,0,0,0,0,0,0,0,0,0,0,0,0,0,0,0,0,0,0,0,0,0,0,0,0,0,0,73,2026-02-06 00:37:12.441862
SPNG,23.55,23.55,23.88,1743400.0,1992.0,500.0,100.0,1992000.0,,,,0,0,0,0,0,0,0,0,0,0,0,0,0,0,0,0,0,0,0,0,0,0,0,0,0,0,0,0,0,0,0,0,0,0,0,0,0,0,74,2026-02-06 00:37:13.517954
SMMR,25.48,25.49,25.5,1427800.0,12099.0,,7603.0,1546900.0,4580.0,6000.0,5000.0,0,0,0,0,0,0,0,0,0,0,0,0,0,0,0,0,0,0,0,0,0,0,0,0,0,0,0,0,0,0,0,0,0,0,0,0,0,0,74,2026-02-06 00:37:13.517954
ATMN,24.6,24.62,24.73,1367100.0,7068.0,6000.0,100.0,1272600.0,3587.0,500.0,5000.0,0,0,0,0,0,0,0,0,0,0,0,0,0,0,0,0,0,0,0,0,0,0,0,0,0,0,0,0,0,0,0,0,0,0,0,0,0,0,74,2026-02-06 00:37:13.517954
WNTR,23.64,23.69,23.73,2145800.0,,6000.0,26000.0,1033900.0,,500.0,6660.0,0,0,0,0,0,0,0,0,0,0,0,0,0,0,0,0,0,0,0,0,0,0,0,0,0,0,0,0,0,0,0,0,0,0,0,0,0,0,74,2026-02-06 00:37:13.517954
SPNG,23.55,23.6,23.76,6000.0,1576600.0,4538.0,1992.0,6000.0,3000.0,100.0,1695800.0,0,0,0,0,0,0,0,0,0,0,0,0,0,0,0,0,0,0,0,0,0,0,0,0,0,0,0,0,0,0,0,0,0,0,0,0,0,0,75,2026-02-06 00:37:14.154321
SMMR,25.51,25.49,25.51,6000.0,1427800.0,4580.0,12099.0,,4000.0,,1649000.0,0,0,0,0,0,0,0,0,0,0,0,0,0,0,0,0,0,0,0,0,0,0,0,0,0,0,0,0,0,0,0,0,0,0,0,0,0,0,75,2026-02-06 00:37:14.154321
ATMN,24.87,24.87,24.93,6000.0,1201900.0,3587.0,7068.0,,5000.0,,1513600.0,0,0,0,0,0,0,0,0,0,0,0,0,0,0,0,0,0,0,0,0,0,0,0,0,0,0,0,0,0,0,0,0,0,0,0,0,0,0,75,2026-02-06 00:37:14.154321
WNTR,23.8,23.72,23.8,500.0,2145800.0,740.0,,,4949.0,,1656400.0,0,0,0,0,0,0,0,0,0,0,0,0,0,0,0,0,0,0,0,0,0,0,0,0,0,0,0,0,0,0,0,0,0,0,0,0,0,0,75,2026-02-06 00:37:14.154321
SPNG,23.79,23.79,23.88,1560400.0,6000.0,5134.0,4538.0,5000.0,1715600.0,,,0,0,0,0,0,0,0,0,0,0,0,0,0,0,0,0,0,0,0,0,0,0,0,0,0,0,0,0,0,0,0,0,0,0,0,0,0,0,76,2026-02-06 00:37:15.210254
SMMR,25.54,25.35,25.54,2388300.0,,,,1967.0,1552200.0,,,0,0,0,0,0,0,0,0,0,0,0,0,0,0,0,0,0,0,0,0,0,0,0,0,0,0,0,0,0,0,0,0,0,0,0,0,0,0,76,2026-02-06 00:37:15.210254
ATMN,24.82,24.62,24.63,1269800.0,6000.0,,,5000.0,1399700.0,3816.0,,0,0,0,0,0,0,0,0,0,0,0,0,0,0,0,0,0,0,0,0,0,0,0,0,0,0,0,0,0,0,0,0,0,0,0,0,0,0,76,2026-02-06 00:37:15.210254
WNTR,23.68,23.7,23.77,1897100.0,5500.0,,2636.0,5000.0,1561100.0,,6000.0,0,0,0,0,0,0,0,0,0,0,0,0,0,0,0,0,0,0,0,0,0,0,0,0,0,0,0,0,0,0,0,0,0,0,0,0,0,0,76,2026-02-06 00:37:15.210254
SPNG,23.79,23.79,23.87,1544100.0,2210.0,6000.0,5134.0,100.0,3852.0,1623900.0,,0,0,0,0,0,0,0,0,0,0,0,0,0,0,0,0,0,0,0,0,0,0,0,0,0,0,0,0,0,0,0,0,0,0,0,0,0,0,77,2026-02-06 00:37:16.280735
SMMR,25.54,25.44,25.46,1570300.0,2073.0,6000.0,9309.0,9309.0,3000.0,1682900.0,6000.0,0,0,0,0,0,0,0,0,0,0,0,0,0,0,0,0,0,0,0,0,0,0,0,0,0,0,0,0,0,0,0,0,0,0,0,0,0,0,77,2026-02-06 00:37:16.280735
ATMN,24.88,24.88,24.92,1385400.0,,6000.0,2274.0,3816.0,3000.0,1611800.0,,0,0,0,0,0,0,0,0,0,0,0,0,0,0,0,0,0,0,0,0,0,0,0,0,0,0,0,0,0,0,0,0,0,0,0,0,0,0,77,2026-02-06 00:37:16.280735
WNTR,23.68,23.68,23.83,2026200.0,,,9465.0,,1000.0,1533300.0,,0,0,0,0,0,0,0,0,0,0,0,0,0,0,0,0,0,0,0,0,0,0,0,0,0,0,0,0,0,0,0,0,0,0,0,0,0,0,77,2026-02-06 00:37:16.280735
SPNG,23.77,23.76,23.77,555.0,6000.0,2078500.0,1599600.0,6000.0,4388.0,,,0,0,0,0,0,0,0,0,0,0,0,0,0,0,0,0,0,0,0,0,0,0,0,0,0,0,0,0,0,0,0,0,0,0,0,0,0,0,78,2026-02-06 00:37:17.369090
SMMR,25.47,25.44,25.47,,6000.0,2263500.0,1788500.0,6000.0,2000.0,,,0,0,0,0,0,0,0,0,0,0,0,0,0,0,0,0,0,0,0,0,0,0,0,0,0,0,0,0,0,0,0,0,0,0,0,0,0,0,78,2026-02-06 00:37:17.369090
ATMN,24.99,24.87,24.99,,,1270800.0,1957900.0,,,,,0,0,0,0,0,0,0,0,0,0,0,0,0,0,0,0,0,0,0,0,0,0,0,0,0,0,0,0,0,0,0,0,0,0,0,0,0,0,78,2026-02-06 00:37:17.369090
WNTR,23.57,23.54,23.56,,,2126200.0,1579600.0,6000.0,3000.0,3267.0,9407.0,0,0,0,0,0,0,0,0,0,0,0,0,0,0,0,0,0,0,0,0,0,0,0,0,0,0,0,0,0,0,0,0,0,0,0,0,0,0,78,2026-02-06 00:37:17.369090
SPNG,24.02,23.77,24.02,3555.0,1461.0,6000.0,1680200.0,2151700.0,,,,0,0,0,0,0,0,0,0,0,0,0,0,0,0,0,0,0,0,0,0,0,0,0,0,0,0,0,0,0,0,0,0,0,0,0,0,0,0,79,2026-02-06 00:37:18.456858
SMMR,25.54,25.45,25.54,3378.0,9138.0,6000.0,1552000.0,1657800.0,,,,0,0,0,0,0,0,0,0,0,0,0,0,0,0,0,0,0,0,0,0,0,0,0,0,0,0,0,0,0,0,0,0,0,0,0,0,0,0,79,2026-02-06 00:37:18.456858
ATMN,24.82,24.63,24.67,,100.0,6000.0,1177100.0,1832800.0,1000.0,8521.0,,0,0,0,0,0,0,0,0,0,0,0,0,0,0,0,0,0,0,0,0,0,0,0,0,0,0,0,0,0,0,0,0,0,0,0,0,0,0,79,2026-02-06 00:37:18.456858
WNTR,23.57,23.56,23.57,,12613.0,,2217900.0,1135400.0,7000.0,9346.0,6000.0,0,0,0,0,0,0,0,0,0,0,0,0,0,0,0,0,0,0,0,0,0,0,0,0,0,0,0,0,0,0,0,0,0,0,0,0,0,0,79,2026-02-06 00:37:18.456858
SPNG,24.02,23.66,24.02,2357600.0,1669800.0,3961.0,,,,,,0,0,0,0,0,0,0,0,0,0,0,0,0,0,0,0,0,0,0,0,0,0,0,0,0,0,0,0,0,0,0,0,0,0,0,0,0,0,80,2026-02-06 00:37:19.530572
SMMR,25.38,25.41,25.51,2231200.0,1519400.0,757.0,4538.0,,,,,0,0,0,0,0,0,0,0,0,0,0,0,0,0,0,0,0,0,0,0,0,0,0,0,0,0,0,0,0,0,0,0,0,0,0,0,0,0,80,2026-02-06 00:37:19.530572
ATMN,24.41,24.68,24.89,1293300.0,1409800.0,5000.0,,6000.0,8521.0,,,0,0,0,0,0,0,0,0,0,0,0,0,0,0,0,0,0,0,0,0,0,0,0,0,0,0,0,0,0,0,0,0,0,0,0,0,0,0,80,2026-02-06 00:37:19.530572
WNTR,23.79,23.79,23.8,1556300.0,1649600.0,2000.0,15942.0,,,2077.0,6000.0,0,0,0,0,0,0,0,0,0,0,0,0,0,0,0,0,0,0,0,0,0,0,0,0,0,0,0,0,0,0,0,0,0,0,0,0,0,0,80,2026-02-06 00:37:19.530572
SPNG,23.66,23.73,23.77,6000.0,1662000.0,4201.0,6000.0,1574300.0,5000.0,,0,0,0,0,0,0,0,0,0,0,0,0,0,0,0,0,0,0,0,0,0,0,0,0,0,0,0,0,0,0,0,0,0,0,0,0,0,0,0,81,2026-02-06 00:37:20.616833
SMMR,25.42,25.42,25.57,6000.0,1898100.0,2477.0,,1519400.0,,100.0,0,0,0,0,0,0,0,0,0,0,0,0,0,0,0,0,0,0,0,0,0,0,0,0,0,0,0,0,0,0,0,0,0,0,0,0,0,0,0,81,2026-02-06 00:37:20.616833
ATMN,24.56,24.56,24.86,,1293300.0,,6000.0,1916800.0,,,0,0,0,0,0,0,0,0,0,0,0,0,0,0,0,0,0,0,0,0,0,0,0,0,0,0,0,0,0,0,0,0,0,0,0,0,0,0,0,81,2026-02-06 00:37:20.616833
WNTR,23.79,23.56,23.6,,1821400.0,2533.0,6000.0,1825600.0,2000.0,,0,0,0,0,0,0,0,0,0,0,0,0,0,0,0,0,0,0,0,0,0,0,0,0,0,0,0,0,0,0,0,0,0,0,0,0,0,0,0,81,2026-02-06 00:37:20.616833
SPNG,24.05,23.67,24.05,1393.0,1662000.0,4201.0,1971100.0,2000.0,,,,0,0,0,0,0,0,0,0,0,0,0,0,0,0,0,0,0,0,0,0,0,0,0,0,0,0,0,0,0,0,0,0,0,0,0,0,0,0,82,2026-02-06 00:37:21.172442
SMMR,25.6,25.42,25.52,,1898100.0,2477.0,1634500.0,,6000.0,,,0,0,0,0,0,0,0,0,0,0,0,0,0,0,0,0,0,0,0,0,0,0,0,0,0,0,0,0,0,0,0,0,0,0,0,0,0,0,82,2026-02-06 00:37:21.172442
ATMN,24.56,24.76,24.79,8601.0,1384200.0,2967.0,1303700.0,5000.0,500.0,6000.0,100.0,0,0,0,0,0,0,0,0,0,0,0,0,0,0,0,0,0,0,0,0,0,0,0,0,0,0,0,0,0,0,0,0,0,0,0,0,0,0,82,2026-02-06 00:37:21.172442
WNTR,23.6,23.56,23.6,,2444300.0,,1825600.0,2000.0,,6000.0,,0,0,0,0,0,0,0,0,0,0,0,0,0,0,0,0,0,0,0,0,0,0,0,0,0,0,0,0,0,0,0,0,0,0,0,0,0,0,82,2026-02-06 00:37:21.172442
SPNG,24.09,24.23,24.27,1378100.0,6000.0,1493.0,4104.0,2028700.0,,,,0,0,0,0,0,0,0,0,0,0,0,0,0,0,0,0,0,0,0,0,0,0,0,0,0,0,0,0,0,0,0,0,0,0,0,0,0,0,83,2026-02-06 00:37:22.241194
SMMR,25.41,25.44,25.5,1763900.0,1866.0,,3609.0,1332000.0,6000.0,8950.0,4474.0,0,0,0,0,0,0,0,0,0,0,0,0,0,0,0,0,0,0,0,0,0,0,0,0,0,0,0,0,0,0,0,0,0,0,0,0,0,0,83,2026-02-06 00:37:22.241194
ATMN,24.62,24.58,24.62,1293300.0,,8601.0,,1694500.0,6000.0,6898.0,,0,0,0,0,0,0,0,0,0,0,0,0,0,0,0,0,0,0,0,0,0,0,0,0,0,0,0,0,0,0,0,0,0,0,0,0,0,0,83,2026-02-06 00:37:22.241194
WNTR,23.72,23.72,23.8,2307900.0,,9154.0,,1896800.0,6000.0,,,0,0,0,0,0,0,0,0,0,0,0,0,0,0,0,0,0,0,0,0,0,0,0,0,0,0,0,0,0,0,0,0,0,0,0,0,0,0,83,2026-02-06 00:37:22.241194
SPNG,24.09,24.25,24.27,1000.0,1778500.0,1593.0,6000.0,2033400.0,100.0,,,0,0,0,0,0,0,0,0,0,0,0,0,0,0,0,0,0,0,0,0,0,0,0,0,0,0,0,0,0,0,0,0,0,0,0,0,0,0,84,2026-02-06 00:37:23.316055
SMMR,25.51,25.44,25.5,3609.0,1628000.0,1032.0,1866.0,1619700.0,,4474.0,,0,0,0,0,0,0,0,0,0,0,0,0,0,0,0,0,0,0,0,0,0,0,0,0,0,0,0,0,0,0,0,0,0,0,0,0,0,0,84,2026-02-06 00:37:23.316055
ATMN,24.62,24.58,24.62,,1565100.0,8701.0,,1099000.0,11271.0,5000.0,6000.0,0,0,0,0,0,0,0,0,0,0,0,0,0,0,0,0,0,0,0,0,0,0,0,0,0,0,0,0,0,0,0,0,0,0,0,0,0,0,84,2026-02-06 00:37:23.316055
WNTR,23.62,23.78,23.8,3009.0,1813200.0,,,2024700.0,846.0,,6000.0,0,0,0,0,0,0,0,0,0,0,0,0,0,0,0,0,0,0,0,0,0,0,0,0,0,0,0,0,0,0,0,0,0,0,0,0,0,0,84,2026-02-06 00:37:23.316055
SPNG,23.96,23.68,23.96,6000.0,2324300.0,1612600.0,4223.0,4139.0,,,,0,0,0,0,0,0,0,0,0,0,0,0,0,0,0,0,0,0,0,0,0,0,0,0,0,0,0,0,0,0,0,0,0,0,0,0,0,0,85,2026-02-06 00:37:24.372231
SMMR,25.44,25.42,25.44,6000.0,2241000.0,1462300.0,3752.0,4376.0,4634.0,,,0,0,0,0,0,0,0,0,0,0,0,0,0,0,0,0,0,0,0,0,0,0,0,0,0,0,0,0,0,0,0,0,0,0,0,0,0,0,85,2026-02-06 00:37:24.372231
ATMN,24.62,24.59,24.62,,1887700.0,1894500.0,,,6000.0,100.0,807.0,0,0,0,0,0,0,0,0,0,0,0,0,0,0,0,0,0,0,0,0,0,0,0,0,0,0,0,0,0,0,0,0,0,0,0,0,0,0,85,2026-02-06 00:37:24.372231
WNTR,23.78,23.78,23.8,,1649700.0,2041500.0,9018.0,,6000.0,8500.0,3009.0,0,0,0,0,0,0,0,0,0,0,0,0,0,0,0,0,0,0,0,0,0,0,0,0,0,0,0,0,0,0,0,0,0,0,0,0,0,0,85,2026-02-06 00:37:24.372231
SPNG,23.96,23.76,23.77,6000.0,2984.0,1777800.0,100.0,2001000.0,4323.0,,,0,0,0,0,0,0,0,0,0,0,0,0,0,0,0,0,0,0,0,0,0,0,0,0,0,0,0,0,0,0,0,0,0,0,0,0,0,0,86,2026-02-06 00:37:25.421214
SMMR,25.52,25.5,25.52,6000.0,,2004100.0,17720.0,1611600.0,3752.0,4376.0,,0,0,0,0,0,0,0,0,0,0,0,0,0,0,0,0,0,0,0,0,0,0,0,0,0,0,0,0,0,0,0,0,0,0,0,0,0,0,86,2026-02-06 00:37:25.421214
ATMN,24.57,24.57,24.79,,1872.0,1600600.0,,1892900.0,,,6000.0,0,0,0,0,0,0,0,0,0,0,0,0,0,0,0,0,0,0,0,0,0,0,0,0,0,0,0,0,0,0,0,0,0,0,0,0,0,0,86,2026-02-06 00:37:25.421214
WNTR,23.78,23.78,23.8,,4418.0,1649700.0,8500.0,1983100.0,17500.0,,6000.0,0,0,0,0,0,0,0,0,0,0,0,0,0,0,0,0,0,0,0,0,0,0,0,0,0,0,0,0,0,0,0,0,0,0,0,0,0,0,86,2026-02-06 00:37:25.421214
SPNG,23.77,23.7,23.77,200.0,4807.0,1537900.0,1471700.0,4323.0,4955.0,,0,0,0,0,0,0,0,0,0,0,0,0,0,0,0,0,0,0,0,0,0,0,0,0,0,0,0,0,0,0,0,0,0,0,0,0,0,0,0,87,2026-02-06 00:37:26.465820
SMMR,25.46,25.46,25.52,8747.0,4072.0,1487900.0,1477900.0,4350.0,4376.0,6000.0,0,0,0,0,0,0,0,0,0,0,0,0,0,0,0,0,0,0,0,0,0,0,0,0,0,0,0,0,0,0,0,0,0,0,0,0,0,0,0,87,2026-02-06 00:37:26.465820
ATMN,24.89,24.65,24.77,4239.0,3004.0,1444600.0,1489700.0,,5000.0,,0,0,0,0,0,0,0,0,0,0,0,0,0,0,0,0,0,0,0,0,0,0,0,0,0,0,0,0,0,0,0,0,0,0,0,0,0,0,0,87,2026-02-06 00:37:26.465820
WNTR,23.56,23.56,23.8,,4418.0,1818200.0,2312200.0,,,,0,0,0,0,0,0,0,0,0,0,0,0,0,0,0,0,0,0,0,0,0,0,0,0,0,0,0,0,0,0,0,0,0,0,0,0,0,0,0,87,2026-02-06 00:37:26.465820
SPNG,23.63,23.63,24.01,2446400.0,6000.0,2053400.0,,,,,0,0,0,0,0,0,0,0,0,0,0,0,0,0,0,0,0,0,0,0,0,0,0,0,0,0,0,0,0,0,0,0,0,0,0,0,0,0,0,88,2026-02-06 00:37:27.541395
SMMR,25.55,25.42,25.48,1646600.0,,1589400.0,8529.0,3818.0,8529.0,4665.0,0,0,0,0,0,0,0,0,0,0,0,0,0,0,0,0,0,0,0,0,0,0,0,0,0,0,0,0,0,0,0,0,0,0,0,0,0,0,0,88,2026-02-06 00:37:27.541395
ATMN,24.89,24.68,24.74,1303800.0,,1779200.0,12558.0,2819.0,3507.0,1000.0,0,0,0,0,0,0,0,0,0,0,0,0,0,0,0,0,0,0,0,0,0,0,0,0,0,0,0,0,0,0,0,0,0,0,0,0,0,0,0,88,2026-02-06 00:37:27.541395
WNTR,23.76,23.76,23.78,1681400.0,,1756200.0,8724.0,4293.0,8500.0,3915.0,0,0,0,0,0,0,0,0,0,0,0,0,0,0,0,0,0,0,0,0,0,0,0,0,0,0,0,0,0,0,0,0,0,0,0,0,0,0,0,88,2026-02-06 00:37:27.541395
SPNG,23.51,23.51,24.02,2488900.0,4299.0,1689600.0,,,,,0,0,0,0,0,0,0,0,0,0,0,0,0,0,0,0,0,0,0,0,0,0,0,0,0,0,0,0,0,0,0,0,0,0,0,0,0,0,0,89,2026-02-06 00:37:28.588851
SMMR,25.39,25.38,25.39,1925300.0,5000.0,1447200.0,2234.0,8454.0,8454.0,6000.0,0,0,0,0,0,0,0,0,0,0,0,0,0,0,0,0,0,0,0,0,0,0,0,0,0,0,0,0,0,0,0,0,0,0,0,0,0,0,0,89,2026-02-06 00:37:28.588851
ATMN,24.58,24.57,24.58,1976500.0,1000.0,1588600.0,,100.0,11769.0,6000.0,0,0,0,0,0,0,0,0,0,0,0,0,0,0,0,0,0,0,0,0,0,0,0,0,0,0,0,0,0,0,0,0,0,0,0,0,0,0,0,89,2026-02-06 00:37:28.588851
WNTR,23.76,23.59,23.73,1555700.0,4915.0,1538600.0,4293.0,17371.0,8500.0,6000.0,0,0,0,0,0,0,0,0,0,0,0,0,0,0,0,0,0,0,0,0,0,0,0,0,0,0,0,0,0,0,0,0,0,0,0,0,0,0,0,89,2026-02-06 00:37:28.588851
SPNG,23.93,23.93,23.99,1663200.0,4706.0,966.0,4484.0,1722200.0,,,,0,0,0,0,0,0,0,0,0,0,0,0,0,0,0,0,0,0,0,0,0,0,0,0,0,0,0,0,0,0,0,0,0,0,0,0,0,0,90,2026-02-06 00:37:29.632460
SMMR,25.56,25.56,25.6,2057700.0,1000.0,10000.0,,2073000.0,6000.0,195.0,,0,0,0,0,0,0,0,0,0,0,0,0,0,0,0,0,0,0,0,0,0,0,0,0,0,0,0,0,0,0,0,0,0,0,0,0,0,0,90,2026-02-06 00:37:29.632460
ATMN,24.87,24.63,24.8,1837500.0,,4093.0,,1798400.0,6000.0,1951.0,6000.0,0,0,0,0,0,0,0,0,0,0,0,0,0,0,0,0,0,0,0,0,0,0,0,0,0,0,0,0,0,0,0,0,0,0,0,0,0,0,90,2026-02-06 00:37:29.632460
WNTR,23.72,23.61,23.68,2279400.0,,2053.0,5915.0,1548600.0,,,6000.0,0,0,0,0,0,0,0,0,0,0,0,0,0,0,0,0,0,0,0,0,0,0,0,0,0,0,0,0,0,0,0,0,0,0,0,0,0,0,90,2026-02-06 00:37:29.632460
SPNG,23.71,23.51,23.71,2488900.0,1513500.0,6000.0,100.0,4484.0,,,0,0,0,0,0,0,0,0,0,0,0,0,0,0,0,0,0,0,0,0,0,0,0,0,0,0,0,0,0,0,0,0,0,0,0,0,0,0,0,91,2026-02-06 00:37:30.205701
SMMR,25.54,25.54,25.55,1919400.0,1539800.0,,195.0,4285.0,4000.0,,0,0,0,0,0,0,0,0,0,0,0,0,0,0,0,0,0,0,0,0,0,0,0,0,0,0,0,0,0,0,0,0,0,0,0,0,0,0,0,91,2026-02-06 00:37:30.205701
ATMN,24.94,24.57,24.86,1532900.0,1797500.0,,,2000.0,3861.0,,0,0,0,0,0,0,0,0,0,0,0,0,0,0,0,0,0,0,0,0,0,0,0,0,0,0,0,0,0,0,0,0,0,0,0,0,0,0,0,91,2026-02-06 00:37:30.205701
WNTR,23.73,23.61,23.73,2279400.0,1674700.0,,,5915.0,,2053.0,0,0,0,0,0,0,0,0,0,0,0,0,0,0,0,0,0,0,0,0,0,0,0,0,0,0,0,0,0,0,0,0,0,0,0,0,0,0,0,91,2026-02-06 00:37:30.205701
SPNG,23.71,23.51,23.66,1669700.0,3682.0,2647.0,5100.0,1000.0,1960900.0,0,0,0,0,0,0,0,0,0,0,0,0,0,0,0,0,0,0,0,0,0,0,0,0,0,0,0,0,0,0,0,0,0,0,0,0,0,0,0,0,92,2026-02-06 00:37:31.280543
SMMR,25.38,25.38,25.44,2352600.0,,,8493.0,4285.0,1441900.0,0,0,0,0,0,0,0,0,0,0,0,0,0,0,0,0,0,0,0,0,0,0,0,0,0,0,0,0,0,0,0,0,0,0,0,0,0,0,0,0,92,2026-02-06 00:37:31.280543
ATMN,24.54,24.7,24.84,1649700.0,2197.0,8110.0,8110.0,5000.0,1408100.0,0,0,0,0,0,0,0,0,0,0,0,0,0,0,0,0,0,0,0,0,0,0,0,0,0,0,0,0,0,0,0,0,0,0,0,0,0,0,0,0,92,2026-02-06 00:37:31.280543
WNTR,23.61,23.61,23.84,2410900.0,,,,,2301800.0,0,0,0,0,0,0,0,0,0,0,0,0,0,0,0,0,0,0,0,0,0,0,0,0,0,0,0,0,0,0,0,0,0,0,0,0,0,0,0,0,92,2026-02-06 00:37:31.280543
SPNG,23.71,23.51,23.7,1751400.0,3682.0,5000.0,1633600.0,6000.0,,0,0,0,0,0,0,0,0,0,0,0,0,0,0,0,0,0,0,0,0,0,0,0,0,0,0,0,0,0,0,0,0,0,0,0,0,0,0,0,0,93,2026-02-06 00:37:32.345029
SMMR,25.43,25.38,25.4,1758200.0,4330.0,3900.0,1643600.0,6000.0,,0,0,0,0,0,0,0,0,0,0,0,0,0,0,0,0,0,0,0,0,0,0,0,0,0,0,0,0,0,0,0,0,0,0,0,0,0,0,0,0,93,2026-02-06 00:37:32.345029
ATMN,24.58,24.57,24.58,1656000.0,2929.0,5000.0,1415400.0,6000.0,,0,0,0,0,0,0,0,0,0,0,0,0,0,0,0,0,0,0,0,0,0,0,0,0,0,0,0,0,0,0,0,0,0,0,0,0,0,0,0,0,93,2026-02-06 00:37:32.345029
WNTR,23.69,23.69,23.7,1913400.0,2095.0,4000.0,1737100.0,6000.0,9537.0,0,0,0,0,0,0,0,0,0,0,0,0,0,0,0,0,0,0,0,0,0,0,0,0,0,0,0,0,0,0,0,0,0,0,0,0,0,0,0,0,93,2026-02-06 00:37:32.345029
SPNG,23.94,23.71,23.74,1894100.0,2205.0,100.0,2160800.0,6000.0,,,0,0,0,0,0,0,0,0,0,0,0,0,0,0,0,0,0,0,0,0,0,0,0,0,0,0,0,0,0,0,0,0,0,0,0,0,0,0,0,94,2026-02-06 00:37:33.412538
SMMR,25.4,25.38,25.4,1758200.0,4330.0,,1476700.0,6000.0,5000.0,1782.0,0,0,0,0,0,0,0,0,0,0,0,0,0,0,0,0,0,0,0,0,0,0,0,0,0,0,0,0,0,0,0,0,0,0,0,0,0,0,0,94,2026-02-06 00:37:33.412538
ATMN,24.67,24.8,24.83,1511900.0,2793.0,896.0,1999600.0,,,,0,0,0,0,0,0,0,0,0,0,0,0,0,0,0,0,0,0,0,0,0,0,0,0,0,0,0,0,0,0,0,0,0,0,0,0,0,0,0,94,2026-02-06 00:37:33.412538
WNTR,23.71,23.71,23.72,1677800.0,3841.0,9537.0,1528500.0,6000.0,4000.0,3135.0,0,0,0,0,0,0,0,0,0,0,0,0,0,0,0,0,0,0,0,0,0,0,0,0,0,0,0,0,0,0,0,0,0,0,0,0,0,0,0,94,2026-02-06 00:37:33.412538
SPNG,23.98,24.09,24.18,1522900.0,4749.0,200.0,2252200.0,,,,0,0,0,0,0,0,0,0,0,0,0,0,0,0,0,0,0,0,0,0,0,0,0,0,0,0,0,0,0,0,0,0,0,0,0,0,0,0,0,95,2026-02-06 00:37:34.563301
SMMR,25.37,25.37,25.41,1899400.0,3330.0,,1544200.0,5000.0,1782.0,,0,0,0,0,0,0,0,0,0,0,0,0,0,0,0,0,0,0,0,0,0,0,0,0,0,0,0,0,0,0,0,0,0,0,0,0,0,0,0,95,2026-02-06 00:37:34.563301
ATMN,24.67,24.67,24.83,1831400.0,,896.0,1429400.0,5000.0,7872.0,6000.0,0,0,0,0,0,0,0,0,0,0,0,0,0,0,0,0,0,0,0,0,0,0,0,0,0,0,0,0,0,0,0,0,0,0,0,0,0,0,0,95,2026-02-06 00:37:34.563301
WNTR,23.69,23.71,23.72,1785900.0,2879.0,5316.0,1535100.0,4000.0,11287.0,,0,0,0,0,0,0,0,0,0,0,0,0,0,0,0,0,0,0,0,0,0,0,0,0,0,0,0,0,0,0,0,0,0,0,0,0,0,0,0,95,2026-02-06 00:37:34.563301
SPNG,23.81,23.71,23.81,2368700.0,1752200.0,4238.0,,,,,,0,0,0,0,0,0,0,0,0,0,0,0,0,0,0,0,0,0,0,0,0,0,0,0,0,0,0,0,0,0,0,0,0,0,0,0,0,0,96,2026-02-06 00:37:35.634877
SMMR,25.59,25.57,25.58,1648300.0,2081700.0,,6000.0,4093.0,2596.0,,,0,0,0,0,0,0,0,0,0,0,0,0,0,0,0,0,0,0,0,0,0,0,0,0,0,0,0,0,0,0,0,0,0,0,0,0,0,0,96,2026-02-06 00:37:35.634877
ATMN,24.64,24.64,24.77,1566300.0,1436100.0,5000.0,6000.0,1883.0,4466.0,953.0,,0,0,0,0,0,0,0,0,0,0,0,0,0,0,0,0,0,0,0,0,0,0,0,0,0,0,0,0,0,0,0,0,0,0,0,0,0,0,96,2026-02-06 00:37:35.634877
WNTR,23.71,23.7,23.71,2147300.0,1654800.0,5000.0,,1786.0,,,6000.0,0,0,0,0,0,0,0,0,0,0,0,0,0,0,0,0,0,0,0,0,0,0,0,0,0,0,0,0,0,0,0,0,0,0,0,0,0,0,96,2026-02-06 00:37:35.634877
SPNG,23.99,23.99,24.04,1638300.0,6000.0,4744.0,2065800.0,7544.0,,,,0,0,0,0,0,0,0,0,0,0,0,0,0,0,0,0,0,0,0,0,0,0,0,0,0,0,0,0,0,0,0,0,0,0,0,0,0,0,97,2026-02-06 00:37:36.689763
SMMR,25.46,25.44,25.46,2231400.0,6000.0,,1824600.0,10395.0,500.0,,,0,0,0,0,0,0,0,0,0,0,0,0,0,0,0,0,0,0,0,0,0,0,0,0,0,0,0,0,0,0,0,0,0,0,0,0,0,0,97,2026-02-06 00:37:36.689763
ATMN,24.68,24.64,24.65,1446900.0,6000.0,1883.0,1370600.0,13371.0,,3764.0,5000.0,0,0,0,0,0,0,0,0,0,0,0,0,0,0,0,0,0,0,0,0,0,0,0,0,0,0,0,0,0,0,0,0,0,0,0,0,0,0,97,2026-02-06 00:37:36.689763
WNTR,23.69,23.61,23.63,2276100.0,,,1414100.0,7977.0,6000.0,7977.0,6000.0,0,0,0,0,0,0,0,0,0,0,0,0,0,0,0,0,0,0,0,0,0,0,0,0,0,0,0,0,0,0,0,0,0,0,0,0,0,0,97,2026-02-06 00:37:36.689763
SPNG,23.71,23.71,24.04,1769900.0,4744.0,2065800.0,7544.0,,,,,0,0,0,0,0,0,0,0,0,0,0,0,0,0,0,0,0,0,0,0,0,0,0,0,0,0,0,0,0,0,0,0,0,0,0,0,0,0,98,2026-02-06 00:37:37.243654
SMMR,25.44,25.37,25.4,2352400.0,,1321700.0,10395.0,500.0,4285.0,,,0,0,0,0,0,0,0,0,0,0,0,0,0,0,0,0,0,0,0,0,0,0,0,0,0,0,0,0,0,0,0,0,0,0,0,0,0,0,98,2026-02-06 00:37:37.243654
ATMN,24.68,24.64,24.65,1235400.0,2923.0,1776700.0,13371.0,,1000.0,3764.0,6000.0,0,0,0,0,0,0,0,0,0,0,0,0,0,0,0,0,0,0,0,0,0,0,0,0,0,0,0,0,0,0,0,0,0,0,0,0,0,0,98,2026-02-06 00:37:37.243654
WNTR,23.69,23.61,23.63,2259700.0,,1443300.0,7977.0,6000.0,6000.0,7977.0,,0,0,0,0,0,0,0,0,0,0,0,0,0,0,0,0,0,0,0,0,0,0,0,0,0,0,0,0,0,0,0,0,0,0,0,0,0,0,98,2026-02-06 00:37:37.243654
SPNG,23.93,23.92,23.93,2000.0,2132300.0,6000.0,4244.0,1422200.0,7544.0,,,0,0,0,0,0,0,0,0,0,0,0,0,0,0,0,0,0,0,0,0,0,0,0,0,0,0,0,0,0,0,0,0,0,0,0,0,0,0,99,2026-02-06 00:37:38.308117
SMMR,25.44,25.37,25.43,,2255400.0,500.0,3514.0,1532100.0,2596.0,100.0,,0,0,0,0,0,0,0,0,0,0,0,0,0,0,0,0,0,0,0,0,0,0,0,0,0,0,0,0,0,0,0,0,0,0,0,0,0,0,99,2026-02-06 00:37:38.308117
ATMN,24.6,24.61,24.77,1700.0,1455600.0,,3000.0,1779100.0,,3764.0,6000.0,0,0,0,0,0,0,0,0,0,0,0,0,0,0,0,0,0,0,0,0,0,0,0,0,0,0,0,0,0,0,0,0,0,0,0,0,0,0,99,2026-02-06 00:37:38.308117
WNTR,23.63,23.61,23.63,,2127200.0,6000.0,6000.0,1321500.0,16000.0,8482.0,,0,0,0,0,0,0,0,0,0,0,0,0,0,0,0,0,0,0,0,0,0,0,0,0,0,0,0,0,0,0,0,0,0,0,0,0,0,0,99,2026-02-06 00:37:38.308117
SPNG,23.66,23.66,23.96,2395500.0,6000.0,2069600.0,764.0,,,,,0,0,0,0,0,0,0,0,0,0,0,0,0,0,0,0,0,0,0,0,0,0,0,0,0,0,0,0,0,0,0,0,0,0,0,0,0,0,100,2026-02-06 00:37:39.439054
SMMR,25.6,25.43,25.6,1611500.0,,2184300.0,,3715.0,6000.0,7622.0,,0,0,0,0,0,0,0,0,0,0,0,0,0,0,0,0,0,0,0,0,0,0,0,0,0,0,0,0,0,0,0,0,0,0,0,0,0,0,100,2026-02-06 00:37:39.439054
ATMN,24.98,24.75,24.8,1422300.0,,1997700.0,1000.0,2319.0,6000.0,7449.0,,0,0,0,0,0,0,0,0,0,0,0,0,0,0,0,0,0,0,0,0,0,0,0,0,0,0,0,0,0,0,0,0,0,0,0,0,0,0,100,2026-02-06 00:37:39.439054
WNTR,23.53,23.59,23.63,1680800.0,6000.0,1557600.0,5000.0,3087.0,,5777.0,7703.0,0,0,0,0,0,0,0,0,0,0,0,0,0,0,0,0,0,0,0,0,0,0,0,0,0,0,0,0,0,0,0,0,0,0,0,0,0,0,100,2026-02-06 00:37:39.439054
SPNG,24.18,23.87,23.93,6000.0,1567000.0,100.0,5000.0,2500.0,7189.0,1529900.0,4416.0,0,0,0,0,0,0,0,0,0,0,0,0,0,0,0,0,0,0,0,0,0,0,0,0,0,0,0,0,0,0,0,0,0,0,0,0,0,0,101,2026-02-06 00:37:40.524537
SMMR,25.44,25.42,25.44,,1884800.0,7622.0,2763.0,500.0,14971.0,1305900.0,4609.0,0,0,0,0,0,0,0,0,0,0,0,0,0,0,0,0,0,0,0,0,0,0,0,0,0,0,0,0,0,0,0,0,0,0,0,0,0,0,101,2026-02-06 00:37:40.524537
ATMN,24.98,24.76,24.79,6000.0,1198400.0,7549.0,4067.0,,7360.0,1668100.0,3000.0,0,0,0,0,0,0,0,0,0,0,0,0,0,0,0,0,0,0,0,0,0,0,0,0,0,0,0,0,0,0,0,0,0,0,0,0,0,0,101,2026-02-06 00:37:40.524537
WNTR,23.65,23.61,23.65,,1559600.0,13386.0,3087.0,6000.0,,2024100.0,2000.0,0,0,0,0,0,0,0,0,0,0,0,0,0,0,0,0,0,0,0,0,0,0,0,0,0,0,0,0,0,0,0,0,0,0,0,0,0,0,101,2026-02-06 00:37:40.524537
SPNG,23.87,23.87,23.94,4000.0,1900400.0,4416.0,2500.0,1638400.0,,,,0,0,0,0,0,0,0,0,0,0,0,0,0,0,0,0,0,0,0,0,0,0,0,0,0,0,0,0,0,0,0,0,0,0,0,0,0,0,102,2026-02-06 00:37:41.586426
SMMR,25.5,25.5,25.55,,2265000.0,,6000.0,1988200.0,6000.0,,,0,0,0,0,0,0,0,0,0,0,0,0,0,0,0,0,0,0,0,0,0,0,0,0,0,0,0,0,0,0,0,0,0,0,0,0,0,0,102,2026-02-06 00:37:41.586426
ATMN,24.72,24.71,24.72,1503.0,1754300.0,5000.0,,1528400.0,,6000.0,,0,0,0,0,0,0,0,0,0,0,0,0,0,0,0,0,0,0,0,0,0,0,0,0,0,0,0,0,0,0,0,0,0,0,0,0,0,0,102,2026-02-06 00:37:41.586426
WNTR,23.72,23.63,23.7,2921.0,1696600.0,,6000.0,2149600.0,2899.0,,7514.0,0,0,0,0,0,0,0,0,0,0,0,0,0,0,0,0,0,0,0,0,0,0,0,0,0,0,0,0,0,0,0,0,0,0,0,0,0,0,102,2026-02-06 00:37:41.586426
SPNG,23.93,23.93,23.96,4000.0,1680200.0,5000.0,4264.0,6000.0,100.0,1529900.0,,0,0,0,0,0,0,0,0,0,0,0,0,0,0,0,0,0,0,0,0,0,0,0,0,0,0,0,0,0,0,0,0,0,0,0,0,0,0,103,2026-02-06 00:37:42.652285
SMMR,25.46,25.4,25.44,,1883100.0,1953.0,4536.0,6000.0,7500.0,1447200.0,6100.0,0,0,0,0,0,0,0,0,0,0,0,0,0,0,0,0,0,0,0,0,0,0,0,0,0,0,0,0,0,0,0,0,0,0,0,0,0,0,103,2026-02-06 00:37:42.652285
ATMN,24.74,24.75,24.84,6000.0,1549800.0,1503.0,,,,2071500.0,12473.0,0,0,0,0,0,0,0,0,0,0,0,0,0,0,0,0,0,0,0,0,0,0,0,0,0,0,0,0,0,0,0,0,0,0,0,0,0,0,103,2026-02-06 00:37:42.652285
WNTR,23.7,23.71,23.72,,2274800.0,,,6000.0,,2255300.0,7418.0,0,0,0,0,0,0,0,0,0,0,0,0,0,0,0,0,0,0,0,0,0,0,0,0,0,0,0,0,0,0,0,0,0,0,0,0,0,0,103,2026-02-06 00:37:42.652285
SPNG,23.93,23.95,23.97,5292.0,4000.0,1000.0,1886900.0,6000.0,2546.0,100.0,1738900.0,0,0,0,0,0,0,0,0,0,0,0,0,0,0,0,0,0,0,0,0,0,0,0,0,0,0,0,0,0,0,0,0,0,0,0,0,0,0,104,2026-02-06 00:37:43.734142
SMMR,25.51,25.41,25.44,13600.0,,1953.0,1733300.0,6000.0,4536.0,1212.0,1441200.0,0,0,0,0,0,0,0,0,0,0,0,0,0,0,0,0,0,0,0,0,0,0,0,0,0,0,0,0,0,0,0,0,0,0,0,0,0,0,104,2026-02-06 00:37:43.734142
ATMN,24.71,24.71,24.83,12473.0,6000.0,3487.0,1212100.0,,,243.0,1987100.0,0,0,0,0,0,0,0,0,0,0,0,0,0,0,0,0,0,0,0,0,0,0,0,0,0,0,0,0,0,0,0,0,0,0,0,0,0,0,104,2026-02-06 00:37:43.734142
WNTR,23.65,23.62,23.65,7418.0,,1722.0,2041600.0,6000.0,2000.0,,2052200.0,0,0,0,0,0,0,0,0,0,0,0,0,0,0,0,0,0,0,0,0,0,0,0,0,0,0,0,0,0,0,0,0,0,0,0,0,0,0,104,2026-02-06 00:37:43.734142
SPNG,23.85,23.85,23.98,2400000.0,4289.0,100.0,1630400.0,,,0,0,0,0,0,0,0,0,0,0,0,0,0,0,0,0,0,0,0,0,0,0,0,0,0,0,0,0,0,0,0,0,0,0,0,0,0,0,0,0,105,2026-02-06 00:37:44.304594
SMMR,25.39,25.39,25.44,1893400.0,4906.0,1212.0,1534900.0,2564.0,6000.0,0,0,0,0,0,0,0,0,0,0,0,0,0,0,0,0,0,0,0,0,0,0,0,0,0,0,0,0,0,0,0,0,0,0,0,0,0,0,0,0,105,2026-02-06 00:37:44.304594
ATMN,24.83,24.76,24.83,1316100.0,3000.0,243.0,1651100.0,4350.0,12473.0,0,0,0,0,0,0,0,0,0,0,0,0,0,0,0,0,0,0,0,0,0,0,0,0,0,0,0,0,0,0,0,0,0,0,0,0,0,0,0,0,105,2026-02-06 00:37:44.304594
WNTR,23.65,23.62,23.65,2067500.0,2000.0,,2147300.0,1722.0,7418.0,0,0,0,0,0,0,0,0,0,0,0,0,0,0,0,0,0,0,0,0,0,0,0,0,0,0,0,0,0,0,0,0,0,0,0,0,0,0,0,0,105,2026-02-06 00:37:44.304594
SPNG,23.76,23.66,23.76,2385600.0,1853000.0,6000.0,6740.0,2000.0,,,0,0,0,0,0,0,0,0,0,0,0,0,0,0,0,0,0,0,0,0,0,0,0,0,0,0,0,0,0,0,0,0,0,0,0,0,0,0,0,106,2026-02-06 00:37:45.367145
SMMR,25.39,25.39,25.42,1758900.0,1534900.0,,7490.0,5000.0,4066.0,,0,0,0,0,0,0,0,0,0,0,0,0,0,0,0,0,0,0,0,0,0,0,0,0,0,0,0,0,0,0,0,0,0,0,0,0,0,0,0,106,2026-02-06 00:37:45.367145
ATMN,24.62,24.65,24.86,1981600.0,1784100.0,,,3000.0,,6000.0,0,0,0,0,0,0,0,0,0,0,0,0,0,0,0,0,0,0,0,0,0,0,0,0,0,0,0,0,0,0,0,0,0,0,0,0,0,0,0,106,2026-02-06 00:37:45.367145
WNTR,23.6,23.6,23.64,2076600.0,1918000.0,,7222.0,3000.0,2283.0,,0,0,0,0,0,0,0,0,0,0,0,0,0,0,0,0,0,0,0,0,0,0,0,0,0,0,0,0,0,0,0,0,0,0,0,0,0,0,0,106,2026-02-06 00:37:45.367145
SPNG,23.75,23.94,23.99,6000.0,6647.0,4727.0,1521200.0,6000.0,1623900.0,4979.0,,0,0,0,0,0,0,0,0,0,0,0,0,0,0,0,0,0,0,0,0,0,0,0,0,0,0,0,0,0,0,0,0,0,0,0,0,0,0,107,2026-02-06 00:37:46.437184
SMMR,25.39,25.39,25.51,,4974.0,3899.0,1635800.0,6000.0,2115200.0,,,0,0,0,0,0,0,0,0,0,0,0,0,0,0,0,0,0,0,0,0,0,0,0,0,0,0,0,0,0,0,0,0,0,0,0,0,0,0,107,2026-02-06 00:37:46.437184
ATMN,24.6,24.6,24.86,,,,2073000.0,,1448100.0,5000.0,256.0,0,0,0,0,0,0,0,0,0,0,0,0,0,0,0,0,0,0,0,0,0,0,0,0,0,0,0,0,0,0,0,0,0,0,0,0,0,0,107,2026-02-06 00:37:46.437184
WNTR,23.6,23.61,23.64,,,3129.0,1905800.0,6000.0,1321300.0,5995.0,8611.0,0,0,0,0,0,0,0,0,0,0,0,0,0,0,0,0,0,0,0,0,0,0,0,0,0,0,0,0,0,0,0,0,0,0,0,0,0,0,107,2026-02-06 00:37:46.437184
SPNG,23.75,23.93,23.99,5900.0,2220200.0,6000.0,2138500.0,,,,0,0,0,0,0,0,0,0,0,0,0,0,0,0,0,0,0,0,0,0,0,0,0,0,0,0,0,0,0,0,0,0,0,0,0,0,0,0,0,108,2026-02-06 00:37:47.506538
SMMR,25.42,25.39,25.47,,1763700.0,6000.0,2019700.0,3899.0,4781.0,,0,0,0,0,0,0,0,0,0,0,0,0,0,0,0,0,0,0,0,0,0,0,0,0,0,0,0,0,0,0,0,0,0,0,0,0,0,0,0,108,2026-02-06 00:37:47.506538
ATMN,24.54,24.54,24.86,,2072300.0,,1557700.0,,,5000.0,0,0,0,0,0,0,0,0,0,0,0,0,0,0,0,0,0,0,0,0,0,0,0,0,0,0,0,0,0,0,0,0,0,0,0,0,0,0,0,108,2026-02-06 00:37:47.506538
WNTR,23.56,23.56,23.63,,2310900.0,6000.0,1453700.0,775.0,,6995.0,0,0,0,0,0,0,0,0,0,0,0,0,0,0,0,0,0,0,0,0,0,0,0,0,0,0,0,0,0,0,0,0,0,0,0,0,0,0,0,108,2026-02-06 00:37:47.506538
SPNG,23.88,23.88,23.99,2349500.0,6000.0,4979.0,100.0,1515400.0,,,,0,0,0,0,0,0,0,0,0,0,0,0,0,0,0,0,0,0,0,0,0,0,0,0,0,0,0,0,0,0,0,0,0,0,0,0,0,0,109,2026-02-06 00:37:48.561470
SMMR,25.5,25.46,25.5,1727600.0,6000.0,4712.0,,1556100.0,4852.0,,,0,0,0,0,0,0,0,0,0,0,0,0,0,0,0,0,0,0,0,0,0,0,0,0,0,0,0,0,0,0,0,0,0,0,0,0,0,0,109,2026-02-06 00:37:48.561470
ATMN,24.98,24.73,24.75,1860600.0,6000.0,,100.0,1912800.0,736.0,6000.0,,0,0,0,0,0,0,0,0,0,0,0,0,0,0,0,0,0,0,0,0,0,0,0,0,0,0,0,0,0,0,0,0,0,0,0,0,0,0,109,2026-02-06 00:37:48.561470
WNTR,23.6,23.57,23.59,2189700.0,6000.0,4995.0,6816.0,1585800.0,775.0,,6816.0,0,0,0,0,0,0,0,0,0,0,0,0,0,0,0,0,0,0,0,0,0,0,0,0,0,0,0,0,0,0,0,0,0,0,0,0,0,0,109,2026-02-06 00:37:48.561470
SPNG,23.92,23.87,23.91,3710.0,1760000.0,1424000.0,6000.0,4979.0,2682.0,,,0,0,0,0,0,0,0,0,0,0,0,0,0,0,0,0,0,0,0,0,0,0,0,0,0,0,0,0,0,0,0,0,0,0,0,0,0,0,110,2026-02-06 00:37:49.631920
SMMR,25.5,25.5,25.51,5000.0,1640800.0,1440200.0,6000.0,4570.0,6562.0,6562.0,,0,0,0,0,0,0,0,0,0,0,0,0,0,0,0,0,0,0,0,0,0,0,0,0,0,0,0,0,0,0,0,0,0,0,0,0,0,0,110,2026-02-06 00:37:49.631920
ATMN,24.88,24.88,24.98,4293.0,1346200.0,2106700.0,,,,3112.0,6000.0,0,0,0,0,0,0,0,0,0,0,0,0,0,0,0,0,0,0,0,0,0,0,0,0,0,0,0,0,0,0,0,0,0,0,0,0,0,0,110,2026-02-06 00:37:49.631920
WNTR,23.65,23.65,23.66,775.0,2182500.0,1781400.0,6000.0,3995.0,,6816.0,,0,0,0,0,0,0,0,0,0,0,0,0,0,0,0,0,0,0,0,0,0,0,0,0,0,0,0,0,0,0,0,0,0,0,0,0,0,0,110,2026-02-06 00:37:49.631920
SPNG,23.65,23.65,23.91,2315800.0,2088200.0,2816.0,6000.0,,,,0,0,0,0,0,0,0,0,0,0,0,0,0,0,0,0,0,0,0,0,0,0,0,0,0,0,0,0,0,0,0,0,0,0,0,0,0,0,0,111,2026-02-06 00:37:50.699462
SMMR,25.51,25.54,25.6,2105900.0,2183200.0,,,6459.0,6000.0,,0,0,0,0,0,0,0,0,0,0,0,0,0,0,0,0,0,0,0,0,0,0,0,0,0,0,0,0,0,0,0,0,0,0,0,0,0,0,0,111,2026-02-06 00:37:50.699462
ATMN,24.69,24.69,24.98,1943200.0,2058900.0,,,,6000.0,,0,0,0,0,0,0,0,0,0,0,0,0,0,0,0,0,0,0,0,0,0,0,0,0,0,0,0,0,0,0,0,0,0,0,0,0,0,0,0,111,2026-02-06 00:37:50.699462
WNTR,23.64,23.65,23.66,2305800.0,2043900.0,1000.0,6000.0,1828.0,,2104.0,0,0,0,0,0,0,0,0,0,0,0,0,0,0,0,0,0,0,0,0,0,0,0,0,0,0,0,0,0,0,0,0,0,0,0,0,0,0,0,111,2026-02-06 00:37:50.699462
SPNG,23.91,23.65,23.91,2181200.0,656.0,2088200.0,1886.0,6000.0,,,,0,0,0,0,0,0,0,0,0,0,0,0,0,0,0,0,0,0,0,0,0,0,0,0,0,0,0,0,0,0,0,0,0,0,0,0,0,0,112,2026-02-06 00:37:51.313828
SMMR,25.54,25.54,25.6,1866500.0,6459.0,2187400.0,,,1356.0,6000.0,,0,0,0,0,0,0,0,0,0,0,0,0,0,0,0,0,0,0,0,0,0,0,0,0,0,0,0,0,0,0,0,0,0,0,0,0,0,0,112,2026-02-06 00:37:51.313828
ATMN,24.69,24.67,24.69,2045200.0,,1963800.0,,,,,6669.0,0,0,0,0,0,0,0,0,0,0,0,0,0,0,0,0,0,0,0,0,0,0,0,0,0,0,0,0,0,0,0,0,0,0,0,0,0,0,112,2026-02-06 00:37:51.313828
WNTR,23.67,23.65,23.67,2207400.0,1828.0,2280300.0,,6000.0,1094.0,,,0,0,0,0,0,0,0,0,0,0,0,0,0,0,0,0,0,0,0,0,0,0,0,0,0,0,0,0,0,0,0,0,0,0,0,0,0,0,112,2026-02-06 00:37:51.313828
SPNG,24.09,23.87,24.09,2210200.0,656.0,2244100.0,,,,0,0,0,0,0,0,0,0,0,0,0,0,0,0,0,0,0,0,0,0,0,0,0,0,0,0,0,0,0,0,0,0,0,0,0,0,0,0,0,0,113,2026-02-06 00:37:52.397527
SMMR,25.4,25.43,25.6,2228000.0,,2160800.0,6000.0,,,0,0,0,0,0,0,0,0,0,0,0,0,0,0,0,0,0,0,0,0,0,0,0,0,0,0,0,0,0,0,0,0,0,0,0,0,0,0,0,0,113,2026-02-06 00:37:52.397527
ATMN,24.67,24.54,24.62,2058700.0,,1980300.0,,6669.0,,0,0,0,0,0,0,0,0,0,0,0,0,0,0,0,0,0,0,0,0,0,0,0,0,0,0,0,0,0,0,0,0,0,0,0,0,0,0,0,0,113,2026-02-06 00:37:52.397527
WNTR,23.56,23.56,23.67,2437500.0,,2319700.0,,,6000.0,0,0,0,0,0,0,0,0,0,0,0,0,0,0,0,0,0,0,0,0,0,0,0,0,0,0,0,0,0,0,0,0,0,0,0,0,0,0,0,0,113,2026-02-06 00:37:52.397527
SPNG,23.87,23.91,23.93,6000.0,2210200.0,6000.0,2188400.0,0,0,0,0,0,0,0,0,0,0,0,0,0,0,0,0,0,0,0,0,0,0,0,0,0,0,0,0,0,0,0,0,0,0,0,0,0,0,0,0,0,0,114,2026-02-06 00:37:53.476094
SMMR,25.44,25.51,25.6,6000.0,2222900.0,,2160800.0,0,0,0,0,0,0,0,0,0,0,0,0,0,0,0,0,0,0,0,0,0,0,0,0,0,0,0,0,0,0,0,0,0,0,0,0,0,0,0,0,0,0,114,2026-02-06 00:37:53.476094
ATMN,24.62,24.61,24.62,,2074000.0,6000.0,1980300.0,0,0,0,0,0,0,0,0,0,0,0,0,0,0,0,0,0,0,0,0,0,0,0,0,0,0,0,0,0,0,0,0,0,0,0,0,0,0,0,0,0,0,114,2026-02-06 00:37:53.476094
WNTR,23.75,23.62,23.75,4460.0,2322300.0,,2430800.0,0,0,0,0,0,0,0,0,0,0,0,0,0,0,0,0,0,0,0,0,0,0,0,0,0,0,0,0,0,0,0,0,0,0,0,0,0,0,0,0,0,0,114,2026-02-06 00:37:53.476094
SPNG,23.75,23.88,23.93,6000.0,2190000.0,6000.0,2206200.0,0,0,0,0,0,0,0,0,0,0,0,0,0,0,0,0,0,0,0,0,0,0,0,0,0,0,0,0,0,0,0,0,0,0,0,0,0,0,0,0,0,0,115,2026-02-06 00:37:54.615037
SMMR,25.43,25.57,25.6,6000.0,2244100.0,,2169200.0,0,0,0,0,0,0,0,0,0,0,0,0,0,0,0,0,0,0,0,0,0,0,0,0,0,0,0,0,0,0,0,0,0,0,0,0,0,0,0,0,0,0,115,2026-02-06 00:37:54.615037
ATMN,24.61,24.61,24.73,,2074000.0,6000.0,1941400.0,0,0,0,0,0,0,0,0,0,0,0,0,0,0,0,0,0,0,0,0,0,0,0,0,0,0,0,0,0,0,0,0,0,0,0,0,0,0,0,0,0,0,115,2026-02-06 00:37:54.615037
WNTR,23.53,23.61,23.65,6000.0,2293800.0,6000.0,2193800.0,0,0,0,0,0,0,0,0,0,0,0,0,0,0,0,0,0,0,0,0,0,0,0,0,0,0,0,0,0,0,0,0,0,0,0,0,0,0,0,0,0,0,115,2026-02-06 00:37:54.615037
SPNG,23.59,23.59,24.0,2283900.0,2318200.0,0,0,0,0,0,0,0,0,0,0,0,0,0,0,0,0,0,0,0,0,0,0,0,0,0,0,0,0,0,0,0,0,0,0,0,0,0,0,0,0,0,0,0,0,116,2026-02-06 00:37:55.687204
SMMR,25.42,25.42,25.52,2359100.0,2196100.0,0,0,0,0,0,0,0,0,0,0,0,0,0,0,0,0,0,0,0,0,0,0,0,0,0,0,0,0,0,0,0,0,0,0,0,0,0,0,0,0,0,0,0,0,116,2026-02-06 00:37:55.687204
ATMN,24.48,24.48,24.9,2068700.0,2045200.0,0,0,0,0,0,0,0,0,0,0,0,0,0,0,0,0,0,0,0,0,0,0,0,0,0,0,0,0,0,0,0,0,0,0,0,0,0,0,0,0,0,0,0,0,116,2026-02-06 00:37:55.687204
WNTR,23.64,23.73,23.75,2406500.0,2424800.0,0,0,0,0,0,0,0,0,0,0,0,0,0,0,0,0,0,0,0,0,0,0,0,0,0,0,0,0,0,0,0,0,0,0,0,0,0,0,0,0,0,0,0,0,116,2026-02-06 00:37:55.687204
SPNG,24.02,24.02,24.06,2284400.0,2296300.0,0,0,0,0,0,0,0,0,0,0,0,0,0,0,0,0,0,0,0,0,0,0,0,0,0,0,0,0,0,0,0,0,0,0,0,0,0,0,0,0,0,0,0,0,117,2026-02-06 00:37:56.796472
SMMR,25.52,25.42,25.52,2369400.0,2196100.0,0,0,0,0,0,0,0,0,0,0,0,0,0,0,0,0,0,0,0,0,0,0,0,0,0,0,0,0,0,0,0,0,0,0,0,0,0,0,0,0,0,0,0,0,117,2026-02-06 00:37:56.796472
ATMN,24.9,24.45,24.9,2041300.0,2045200.0,0,0,0,0,0,0,0,0,0,0,0,0,0,0,0,0,0,0,0,0,0,0,0,0,0,0,0,0,0,0,0,0,0,0,0,0,0,0,0,0,0,0,0,0,117,2026-02-06 00:37:56.796472
WNTR,23.53,23.53,23.54,2445400.0,2436300.0,0,0,0,0,0,0,0,0,0,0,0,0,0,0,0,0,0,0,0,0,0,0,0,0,0,0,0,0,0,0,0,0,0,0,0,0,0,0,0,0,0,0,0,0,117,2026-02-06 00:37:56.796472
SPNG,24.09,23.59,24.09,2283900.0,2271200.0,0,0,0,0,0,0,0,0,0,0,0,0,0,0,0,0,0,0,0,0,0,0,0,0,0,0,0,0,0,0,0,0,0,0,0,0,0,0,0,0,0,0,0,0,118,2026-02-06 00:37:57.376186
SMMR,25.61,25.42,25.61,2369400.0,2173600.0,0,0,0,0,0,0,0,0,0,0,0,0,0,0,0,0,0,0,0,0,0,0,0,0,0,0,0,0,0,0,0,0,0,0,0,0,0,0,0,0,0,0,0,0,118,2026-02-06 00:37:57.376186
ATMN,24.9,24.64,24.9,2069100.0,2080900.0,0,0,0,0,0,0,0,0,0,0,0,0,0,0,0,0,0,0,0,0,0,0,0,0,0,0,0,0,0,0,0,0,0,0,0,0,0,0,0,0,0,0,0,0,118,2026-02-06 00:37:57.376186
WNTR,23.52,23.52,23.56,2442500.0,2436300.0,0,0,0,0,0,0,0,0,0,0,0,0,0,0,0,0,0,0,0,0,0,0,0,0,0,0,0,0,0,0,0,0,0,0,0,0,0,0,0,0,0,0,0,0,118,2026-02-06 00:37:57.376186
SPNG,24.0,23.59,23.94,2283900.0,2300100.0,0,0,0,0,0,0,0,0,0,0,0,0,0,0,0,0,0,0,0,0,0,0,0,0,0,0,0,0,0,0,0,0,0,0,0,0,0,0,0,0,0,0,0,0,119,2026-02-06 00:37:58.512391
SMMR,25.61,25.56,25.61,2354000.0,2173600.0,0,0,0,0,0,0,0,0,0,0,0,0,0,0,0,0,0,0,0,0,0,0,0,0,0,0,0,0,0,0,0,0,0,0,0,0,0,0,0,0,0,0,0,0,119,2026-02-06 00:37:58.512391
ATMN,24.64,24.45,24.5,2043800.0,2055200.0,0,0,0,0,0,0,0,0,0,0,0,0,0,0,0,0,0,0,0,0,0,0,0,0,0,0,0,0,0,0,0,0,0,0,0,0,0,0,0,0,0,0,0,0,119,2026-02-06 00:37:58.512391
WNTR,23.56,23.68,23.69,2442600.0,2421400.0,0,0,0,0,0,0,0,0,0,0,0,0,0,0,0,0,0,0,0,0,0,0,0,0,0,0,0,0,0,0,0,0,0,0,0,0,0,0,0,0,0,0,0,0,119,2026-02-06 00:37:58.512391
SPNG,24.16,24.69,0.0,200000.0,0,0,0,0,0,0,0,0,0,0,0,0,0,0,0,0,0,0,0,0,0,0,0,0,0,0,0,0,0,0,0,0,0,0,0,0,0,0,0,0,0,0,0,0,0,120,2026-02-06 00:37:59.590063
SMMR,25.56,24.21,0.0,200000.0,0,0,0,0,0,0,0,0,0,0,0,0,0,0,0,0,0,0,0,0,0,0,0,0,0,0,0,0,0,0,0,0,0,0,0,0,0,0,0,0,0,0,0,0,0,120,2026-02-06 00:37:59.590063
ATMN,24.5,23.46,0.0,200000.0,0,0,0,0,0,0,0,0,0,0,0,0,0,0,0,0,0,0,0,0,0,0,0,0,0,0,0,0,0,0,0,0,0,0,0,0,0,0,0,0,0,0,0,0,0,120,2026-02-06 00:37:59.590063
WNTR,23.56,26.5,0.0,200000.0,0,0,0,0,0,0,0,0,0,0,0,0,0,0,0,0,0,0,0,0,0,0,0,0,0,0,0,0,0,0,0,0,0,0,0,0,0,0,0,0,0,0,0,0,0,120,2026-02-06 00:37:59.590063
SPNG,24.69,24.69,25.26,991500.0,2871.0,1012800.0,5000.0,,,0,0,0,0,0,0,0,0,0,0,0,0,0,0,0,0,0,0,0,0,0,0,0,0,0,0,0,0,0,0,0,0,0,0,0,0,0,0,0,0,121,2026-02-06 00:38:00.640857
SMMR,24.46,24.45,24.46,970400.0,3655.0,1297200.0,4996.0,9777.0,9777.0,0,0,0,0,0,0,0,0,0,0,0,0,0,0,0,0,0,0,0,0,0,0,0,0,0,0,0,0,0,0,0,0,0,0,0,0,0,0,0,0,121,2026-02-06 00:38:00.640857
ATMN,24.5,23.94,24.07,944700.0,4623.0,974600.0,1000.0,,,0,0,0,0,0,0,0,0,0,0,0,0,0,0,0,0,0,0,0,0,0,0,0,0,0,0,0,0,0,0,0,0,0,0,0,0,0,0,0,0,121,2026-02-06 00:38:00.640857
WNTR,26.03,25.08,25.23,1188700.0,,802200.0,,8500.0,8500.0,0,0,0,0,0,0,0,0,0,0,0,0,0,0,0,0,0,0,0,0,0,0,0,0,0,0,0,0,0,0,0,0,0,0,0,0,0,0,0,0,121,2026-02-06 00:38:00.640857
SPNG,23.44,23.44,24.86,983100.0,1134300.0,100.0,3000.0,,,0,0,0,0,0,0,0,0,0,0,0,0,0,0,0,0,0,0,0,0,0,0,0,0,0,0,0,0,0,0,0,0,0,0,0,0,0,0,0,0,122,2026-02-06 00:38:01.787372
SMMR,24.46,24.45,24.46,970400.0,1635800.0,9777.0,4996.0,3655.0,9777.0,0,0,0,0,0,0,0,0,0,0,0,0,0,0,0,0,0,0,0,0,0,0,0,0,0,0,0,0,0,0,0,0,0,0,0,0,0,0,0,0,122,2026-02-06 00:38:01.787372
ATMN,23.9,23.58,23.61,939900.0,1207900.0,21011.0,5000.0,,1722.0,0,0,0,0,0,0,0,0,0,0,0,0,0,0,0,0,0,0,0,0,0,0,0,0,0,0,0,0,0,0,0,0,0,0,0,0,0,0,0,0,122,2026-02-06 00:38:01.787372
WNTR,26.03,25.19,25.22,1542400.0,802200.0,8500.0,4866.0,4927.0,8500.0,0,0,0,0,0,0,0,0,0,0,0,0,0,0,0,0,0,0,0,0,0,0,0,0,0,0,0,0,0,0,0,0,0,0,0,0,0,0,0,0,122,2026-02-06 00:38:01.787372
SPNG,23.44,24.21,24.86,1243100.0,1134300.0,100.0,5000.0,,,0,0,0,0,0,0,0,0,0,0,0,0,0,0,0,0,0,0,0,0,0,0,0,0,0,0,0,0,0,0,0,0,0,0,0,0,0,0,0,0,123,2026-02-06 00:38:02.348577
SMMR,24.46,24.45,24.46,970400.0,1648000.0,9777.0,5000.0,4429.0,9777.0,0,0,0,0,0,0,0,0,0,0,0,0,0,0,0,0,0,0,0,0,0,0,0,0,0,0,0,0,0,0,0,0,0,0,0,0,0,0,0,0,123,2026-02-06 00:38:02.348577
ATMN,23.55,23.46,23.55,967400.0,1514400.0,21011.0,,,,0,0,0,0,0,0,0,0,0,0,0,0,0,0,0,0,0,0,0,0,0,0,0,0,0,0,0,0,0,0,0,0,0,0,0,0,0,0,0,0,123,2026-02-06 00:38:02.348577
WNTR,26.03,25.19,25.22,1530900.0,802200.0,8500.0,4866.0,4927.0,8500.0,0,0,0,0,0,0,0,0,0,0,0,0,0,0,0,0,0,0,0,0,0,0,0,0,0,0,0,0,0,0,0,0,0,0,0,0,0,0,0,0,123,2026-02-06 00:38:02.348577
SPNG,24.81,24.81,24.86,1376800.0,583.0,1333400.0,,,,0,0,0,0,0,0,0,0,0,0,0,0,0,0,0,0,0,0,0,0,0,0,0,0,0,0,0,0,0,0,0,0,0,0,0,0,0,0,0,0,124,2026-02-06 00:38:03.498896
SMMR,24.21,24.1,24.12,1234800.0,,1675800.0,5000.0,805.0,,0,0,0,0,0,0,0,0,0,0,0,0,0,0,0,0,0,0,0,0,0,0,0,0,0,0,0,0,0,0,0,0,0,0,0,0,0,0,0,0,124,2026-02-06 00:38:03.498896
ATMN,23.46,23.05,23.35,1324700.0,,1541300.0,5000.0,,,0,0,0,0,0,0,0,0,0,0,0,0,0,0,0,0,0,0,0,0,0,0,0,0,0,0,0,0,0,0,0,0,0,0,0,0,0,0,0,0,124,2026-02-06 00:38:03.498896
WNTR,25.23,25.19,25.23,1436400.0,4765.0,802200.0,4771.0,8491.0,8591.0,0,0,0,0,0,0,0,0,0,0,0,0,0,0,0,0,0,0,0,0,0,0,0,0,0,0,0,0,0,0,0,0,0,0,0,0,0,0,0,0,124,2026-02-06 00:38:03.498896
SPNG,24.45,24.35,24.45,1380600.0,1451000.0,5000.0,7924.0,,,0,0,0,0,0,0,0,0,0,0,0,0,0,0,0,0,0,0,0,0,0,0,0,0,0,0,0,0,0,0,0,0,0,0,0,0,0,0,0,0,125,2026-02-06 00:38:04.652018
SMMR,24.1,24.1,24.14,1234800.0,1949400.0,2000.0,805.0,8301.0,2177.0,0,0,0,0,0,0,0,0,0,0,0,0,0,0,0,0,0,0,0,0,0,0,0,0,0,0,0,0,0,0,0,0,0,0,0,0,0,0,0,0,125,2026-02-06 00:38:04.652018
ATMN,23.38,23.12,23.21,1419900.0,1631400.0,,,1723.0,615.0,0,0,0,0,0,0,0,0,0,0,0,0,0,0,0,0,0,0,0,0,0,0,0,0,0,0,0,0,0,0,0,0,0,0,0,0,0,0,0,0,125,2026-02-06 00:38:04.652018
WNTR,25.28,25.54,25.61,1390800.0,815400.0,,3384.0,8591.0,4765.0,0,0,0,0,0,0,0,0,0,0,0,0,0,0,0,0,0,0,0,0,0,0,0,0,0,0,0,0,0,0,0,0,0,0,0,0,0,0,0,0,125,2026-02-06 00:38:04.652018
SPNG,24.86,24.35,24.86,1623900.0,609.0,1333400.0,,,0,0,0,0,0,0,0,0,0,0,0,0,0,0,0,0,0,0,0,0,0,0,0,0,0,0,0,0,0,0,0,0,0,0,0,0,0,0,0,0,0,126,2026-02-06 00:38:05.708077
SMMR,24.04,24.04,24.14,1225800.0,2177.0,2089100.0,2000.0,,0,0,0,0,0,0,0,0,0,0,0,0,0,0,0,0,0,0,0,0,0,0,0,0,0,0,0,0,0,0,0,0,0,0,0,0,0,0,0,0,0,126,2026-02-06 00:38:05.708077
ATMN,23.37,23.54,23.55,1715300.0,2784.0,1614700.0,,,0,0,0,0,0,0,0,0,0,0,0,0,0,0,0,0,0,0,0,0,0,0,0,0,0,0,0,0,0,0,0,0,0,0,0,0,0,0,0,0,0,126,2026-02-06 00:38:05.708077
WNTR,25.57,25.57,25.62,1278900.0,6902.0,815400.0,,6000.0,0,0,0,0,0,0,0,0,0,0,0,0,0,0,0,0,0,0,0,0,0,0,0,0,0,0,0,0,0,0,0,0,0,0,0,0,0,0,0,0,0,126,2026-02-06 00:38:05.708077
SPNG,24.76,24.35,24.58,1623900.0,1413.0,1679300.0,6000.0,100.0,,,,0,0,0,0,0,0,0,0,0,0,0,0,0,0,0,0,0,0,0,0,0,0,0,0,0,0,0,0,0,0,0,0,0,0,0,0,0,0,127,2026-02-06 00:38:06.776883
SMMR,24.18,24.1,24.17,1611900.0,3615.0,2089100.0,,4417.0,6000.0,2066.0,1000.0,0,0,0,0,0,0,0,0,0,0,0,0,0,0,0,0,0,0,0,0,0,0,0,0,0,0,0,0,0,0,0,0,0,0,0,0,0,0,127,2026-02-06 00:38:06.776883
ATMN,23.12,23.34,23.37,1640100.0,2784.0,1735200.0,6000.0,5179.0,,,,0,0,0,0,0,0,0,0,0,0,0,0,0,0,0,0,0,0,0,0,0,0,0,0,0,0,0,0,0,0,0,0,0,0,0,0,0,0,127,2026-02-06 00:38:06.776883
WNTR,25.62,25.82,25.93,1292900.0,4137.0,835200.0,,,250.0,19478.0,,0,0,0,0,0,0,0,0,0,0,0,0,0,0,0,0,0,0,0,0,0,0,0,0,0,0,0,0,0,0,0,0,0,0,0,0,0,0,127,2026-02-06 00:38:06.776883
SPNG,24.35,24.75,24.76,2996.0,711.0,1623900.0,300.0,1000.0,6000.0,1630500.0,,0,0,0,0,0,0,0,0,0,0,0,0,0,0,0,0,0,0,0,0,0,0,0,0,0,0,0,0,0,0,0,0,0,0,0,0,0,0,128,2026-02-06 00:38:07.848083
SMMR,24.01,24.12,24.16,,8215.0,1685000.0,6801.0,1000.0,,1997400.0,6000.0,0,0,0,0,0,0,0,0,0,0,0,0,0,0,0,0,0,0,0,0,0,0,0,0,0,0,0,0,0,0,0,0,0,0,0,0,0,0,128,2026-02-06 00:38:07.848083
ATMN,23.45,23.32,23.45,2784.0,2361.0,1519200.0,100.0,,,1735200.0,,0,0,0,0,0,0,0,0,0,0,0,0,0,0,0,0,0,0,0,0,0,0,0,0,0,0,0,0,0,0,0,0,0,0,0,0,0,0,128,2026-02-06 00:38:07.848083
WNTR,26.01,25.99,26.01,5000.0,19478.0,1315400.0,,,,835200.0,6000.0,0,0,0,0,0,0,0,0,0,0,0,0,0,0,0,0,0,0,0,0,0,0,0,0,0,0,0,0,0,0,0,0,0,0,0,0,0,0,128,2026-02-06 00:38:07.848083
SPNG,24.71,24.57,24.58,250.0,1731700.0,1252800.0,6000.0,300.0,5000.0,,,0,0,0,0,0,0,0,0,0,0,0,0,0,0,0,0,0,0,0,0,0,0,0,0,0,0,0,0,0,0,0,0,0,0,0,0,0,0,129,2026-02-06 00:38:08.427128
SMMR,24.1,24.09,24.1,6000.0,1467600.0,1544900.0,,6801.0,5000.0,2402.0,,0,0,0,0,0,0,0,0,0,0,0,0,0,0,0,0,0,0,0,0,0,0,0,0,0,0,0,0,0,0,0,0,0,0,0,0,0,0,129,2026-02-06 00:38:08.427128
ATMN,23.45,23.32,23.45,,1861000.0,1735200.0,,100.0,,1200.0,2361.0,0,0,0,0,0,0,0,0,0,0,0,0,0,0,0,0,0,0,0,0,0,0,0,0,0,0,0,0,0,0,0,0,0,0,0,0,0,0,129,2026-02-06 00:38:08.427128
WNTR,26.01,25.99,26.01,6000.0,1321500.0,835200.0,,,,5000.0,19478.0,0,0,0,0,0,0,0,0,0,0,0,0,0,0,0,0,0,0,0,0,0,0,0,0,0,0,0,0,0,0,0,0,0,0,0,0,0,0,129,2026-02-06 00:38:08.427128
SPNG,24.68,24.68,24.76,2056900.0,5000.0,1675500.0,,,,,0,0,0,0,0,0,0,0,0,0,0,0,0,0,0,0,0,0,0,0,0,0,0,0,0,0,0,0,0,0,0,0,0,0,0,0,0,0,0,130,2026-02-06 00:38:09.598866
SMMR,24.04,24.04,24.14,1577600.0,,1949400.0,9592.0,6000.0,,,0,0,0,0,0,0,0,0,0,0,0,0,0,0,0,0,0,0,0,0,0,0,0,0,0,0,0,0,0,0,0,0,0,0,0,0,0,0,0,130,2026-02-06 00:38:09.598866
ATMN,23.34,23.35,23.38,1492600.0,4907.0,1459300.0,9374.0,6000.0,4882.0,,0,0,0,0,0,0,0,0,0,0,0,0,0,0,0,0,0,0,0,0,0,0,0,0,0,0,0,0,0,0,0,0,0,0,0,0,0,0,0,130,2026-02-06 00:38:09.598866
WNTR,26.06,26.06,26.07,1414300.0,1090.0,814000.0,10000.0,,5000.0,6000.0,0,0,0,0,0,0,0,0,0,0,0,0,0,0,0,0,0,0,0,0,0,0,0,0,0,0,0,0,0,0,0,0,0,0,0,0,0,0,0,130,2026-02-06 00:38:09.598866
SPNG,24.68,24.66,24.68,2317.0,1117.0,1652600.0,1817800.0,6000.0,,,,0,0,0,0,0,0,0,0,0,0,0,0,0,0,0,0,0,0,0,0,0,0,0,0,0,0,0,0,0,0,0,0,0,0,0,0,0,0,131,2026-02-06 00:38:10.655911
SMMR,24.13,24.28,24.35,4397.0,9592.0,1581900.0,2069900.0,,500.0,5424.0,,0,0,0,0,0,0,0,0,0,0,0,0,0,0,0,0,0,0,0,0,0,0,0,0,0,0,0,0,0,0,0,0,0,0,0,0,0,0,131,2026-02-06 00:38:10.655911
ATMN,23.31,23.35,23.42,3917.0,,1698700.0,1717400.0,,,,1907.0,0,0,0,0,0,0,0,0,0,0,0,0,0,0,0,0,0,0,0,0,0,0,0,0,0,0,0,0,0,0,0,0,0,0,0,0,0,0,131,2026-02-06 00:38:10.655911
WNTR,26.16,26.23,26.42,5000.0,20000.0,1283800.0,814000.0,,6000.0,,,0,0,0,0,0,0,0,0,0,0,0,0,0,0,0,0,0,0,0,0,0,0,0,0,0,0,0,0,0,0,0,0,0,0,0,0,0,0,131,2026-02-06 00:38:10.655911
SPNG,24.9,24.32,24.9,1590300.0,1683800.0,,,,,0,0,0,0,0,0,0,0,0,0,0,0,0,0,0,0,0,0,0,0,0,0,0,0,0,0,0,0,0,0,0,0,0,0,0,0,0,0,0,0,132,2026-02-06 00:38:11.728112
SMMR,24.1,24.04,24.1,1577600.0,1783700.0,6000.0,1965.0,,,0,0,0,0,0,0,0,0,0,0,0,0,0,0,0,0,0,0,0,0,0,0,0,0,0,0,0,0,0,0,0,0,0,0,0,0,0,0,0,0,132,2026-02-06 00:38:11.728112
ATMN,23.54,23.5,23.54,1480000.0,1733600.0,6000.0,,3678.0,3917.0,0,0,0,0,0,0,0,0,0,0,0,0,0,0,0,0,0,0,0,0,0,0,0,0,0,0,0,0,0,0,0,0,0,0,0,0,0,0,0,0,132,2026-02-06 00:38:11.728112
WNTR,26.31,26.3,26.31,1511000.0,930600.0,6000.0,,,5000.0,0,0,0,0,0,0,0,0,0,0,0,0,0,0,0,0,0,0,0,0,0,0,0,0,0,0,0,0,0,0,0,0,0,0,0,0,0,0,0,0,132,2026-02-06 00:38:11.728112
SPNG,24.62,24.66,24.71,212.0,6000.0,1696200.0,6000.0,1683800.0,,,,0,0,0,0,0,0,0,0,0,0,0,0,0,0,0,0,0,0,0,0,0,0,0,0,0,0,0,0,0,0,0,0,0,0,0,0,0,0,133,2026-02-06 00:38:12.816908
SMMR,24.28,24.2,24.26,,6000.0,1711100.0,,1607900.0,9461.0,9461.0,1965.0,0,0,0,0,0,0,0,0,0,0,0,0,0,0,0,0,0,0,0,0,0,0,0,0,0,0,0,0,0,0,0,0,0,0,0,0,0,0,133,2026-02-06 00:38:12.816908
ATMN,23.31,23.31,23.53,1000.0,,2066400.0,,1964200.0,,1417.0,,0,0,0,0,0,0,0,0,0,0,0,0,0,0,0,0,0,0,0,0,0,0,0,0,0,0,0,0,0,0,0,0,0,0,0,0,0,0,133,2026-02-06 00:38:12.816908
WNTR,26.31,26.3,26.31,5000.0,6000.0,1413700.0,,1120500.0,9677.0,,1764.0,0,0,0,0,0,0,0,0,0,0,0,0,0,0,0,0,0,0,0,0,0,0,0,0,0,0,0,0,0,0,0,0,0,0,0,0,0,0,133,2026-02-06 00:38:12.816908
SPNG,24.93,24.93,25.03,1701800.0,1097.0,410.0,2492.0,1647000.0,,,,0,0,0,0,0,0,0,0,0,0,0,0,0,0,0,0,0,0,0,0,0,0,0,0,0,0,0,0,0,0,0,0,0,0,0,0,0,0,134,2026-02-06 00:38:13.909899
SMMR,24.28,24.21,24.25,1438900.0,13666.0,6000.0,12334.0,1890200.0,500.0,2000.0,,0,0,0,0,0,0,0,0,0,0,0,0,0,0,0,0,0,0,0,0,0,0,0,0,0,0,0,0,0,0,0,0,0,0,0,0,0,0,134,2026-02-06 00:38:13.909899
ATMN,23.17,23.31,23.37,1939100.0,100.0,6000.0,10616.0,1269800.0,,882.0,6000.0,0,0,0,0,0,0,0,0,0,0,0,0,0,0,0,0,0,0,0,0,0,0,0,0,0,0,0,0,0,0,0,0,0,0,0,0,0,0,134,2026-02-06 00:38:13.909899
WNTR,26.34,26.3,26.34,1413700.0,12083.0,6000.0,,1095900.0,4000.0,1374.0,,0,0,0,0,0,0,0,0,0,0,0,0,0,0,0,0,0,0,0,0,0,0,0,0,0,0,0,0,0,0,0,0,0,0,0,0,0,0,134,2026-02-06 00:38:13.909899
SPNG,24.75,24.75,25.03,1684800.0,6000.0,2492.0,1647000.0,,,,,0,0,0,0,0,0,0,0,0,0,0,0,0,0,0,0,0,0,0,0,0,0,0,0,0,0,0,0,0,0,0,0,0,0,0,0,0,0,135,2026-02-06 00:38:14.474536
SMMR,24.28,24.21,24.25,1438900.0,6000.0,12334.0,1900400.0,13666.0,500.0,2000.0,,0,0,0,0,0,0,0,0,0,0,0,0,0,0,0,0,0,0,0,0,0,0,0,0,0,0,0,0,0,0,0,0,0,0,0,0,0,0,135,2026-02-06 00:38:14.474536
ATMN,23.13,23.13,23.36,2100900.0,,10616.0,1269800.0,,,882.0,6000.0,0,0,0,0,0,0,0,0,0,0,0,0,0,0,0,0,0,0,0,0,0,0,0,0,0,0,0,0,0,0,0,0,0,0,0,0,0,0,135,2026-02-06 00:38:14.474536
WNTR,26.34,26.33,26.34,1413700.0,6000.0,,1102100.0,12083.0,4000.0,3138.0,,0,0,0,0,0,0,0,0,0,0,0,0,0,0,0,0,0,0,0,0,0,0,0,0,0,0,0,0,0,0,0,0,0,0,0,0,0,0,135,2026-02-06 00:38:14.474536
SPNG,24.71,24.62,24.66,6000.0,1573300.0,1553700.0,100.0,4177.0,,,0,0,0,0,0,0,0,0,0,0,0,0,0,0,0,0,0,0,0,0,0,0,0,0,0,0,0,0,0,0,0,0,0,0,0,0,0,0,0,136,2026-02-06 00:38:15.548026
SMMR,24.09,24.08,24.09,6000.0,2036700.0,1803800.0,,4495.0,,,0,0,0,0,0,0,0,0,0,0,0,0,0,0,0,0,0,0,0,0,0,0,0,0,0,0,0,0,0,0,0,0,0,0,0,0,0,0,0,136,2026-02-06 00:38:15.548026
ATMN,23.07,23.07,23.34,,1996500.0,1700000.0,100.0,380.0,6000.0,,0,0,0,0,0,0,0,0,0,0,0,0,0,0,0,0,0,0,0,0,0,0,0,0,0,0,0,0,0,0,0,0,0,0,0,0,0,0,0,136,2026-02-06 00:38:15.548026
WNTR,26.3,26.3,26.37,6000.0,1980400.0,1317000.0,,2378.0,,1000.0,0,0,0,0,0,0,0,0,0,0,0,0,0,0,0,0,0,0,0,0,0,0,0,0,0,0,0,0,0,0,0,0,0,0,0,0,0,0,0,136,2026-02-06 00:38:15.548026
SPNG,24.66,24.7,24.71,1647500.0,852.0,6000.0,6000.0,100.0,1854400.0,,,0,0,0,0,0,0,0,0,0,0,0,0,0,0,0,0,0,0,0,0,0,0,0,0,0,0,0,0,0,0,0,0,0,0,0,0,0,0,137,2026-02-06 00:38:16.642747
SMMR,24.24,24.24,24.25,2260900.0,,6000.0,,,1772300.0,4495.0,,0,0,0,0,0,0,0,0,0,0,0,0,0,0,0,0,0,0,0,0,0,0,0,0,0,0,0,0,0,0,0,0,0,0,0,0,0,0,137,2026-02-06 00:38:16.642747
ATMN,23.54,23.31,23.37,1355000.0,3245.0,6000.0,6000.0,,1938300.0,,5710.0,0,0,0,0,0,0,0,0,0,0,0,0,0,0,0,0,0,0,0,0,0,0,0,0,0,0,0,0,0,0,0,0,0,0,0,0,0,0,137,2026-02-06 00:38:16.642747
WNTR,26.42,26.42,26.45,1869800.0,1000.0,6000.0,,,1331600.0,,5976.0,0,0,0,0,0,0,0,0,0,0,0,0,0,0,0,0,0,0,0,0,0,0,0,0,0,0,0,0,0,0,0,0,0,0,0,0,0,0,137,2026-02-06 00:38:16.642747
SPNG,24.49,24.27,24.49,1738600.0,1775000.0,3000.0,,,,,0,0,0,0,0,0,0,0,0,0,0,0,0,0,0,0,0,0,0,0,0,0,0,0,0,0,0,0,0,0,0,0,0,0,0,0,0,0,0,138,2026-02-06 00:38:17.743840
SMMR,24.24,24.1,24.21,1675200.0,2242100.0,,6000.0,3605.0,10000.0,,0,0,0,0,0,0,0,0,0,0,0,0,0,0,0,0,0,0,0,0,0,0,0,0,0,0,0,0,0,0,0,0,0,0,0,0,0,0,0,138,2026-02-06 00:38:17.743840
ATMN,23.44,23.31,23.44,1490100.0,1983200.0,1000.0,6000.0,5000.0,,,0,0,0,0,0,0,0,0,0,0,0,0,0,0,0,0,0,0,0,0,0,0,0,0,0,0,0,0,0,0,0,0,0,0,0,0,0,0,0,138,2026-02-06 00:38:17.743840
WNTR,26.29,26.29,26.32,1963800.0,1521500.0,,6000.0,,9407.0,2351.0,0,0,0,0,0,0,0,0,0,0,0,0,0,0,0,0,0,0,0,0,0,0,0,0,0,0,0,0,0,0,0,0,0,0,0,0,0,0,0,138,2026-02-06 00:38:17.743840
SPNG,24.24,24.33,24.42,5660.0,1762500.0,1955.0,5000.0,1604100.0,,,0,0,0,0,0,0,0,0,0,0,0,0,0,0,0,0,0,0,0,0,0,0,0,0,0,0,0,0,0,0,0,0,0,0,0,0,0,0,0,139,2026-02-06 00:38:18.839647
SMMR,24.24,24.11,24.14,,1716200.0,3605.0,,2108300.0,6000.0,15000.0,0,0,0,0,0,0,0,0,0,0,0,0,0,0,0,0,0,0,0,0,0,0,0,0,0,0,0,0,0,0,0,0,0,0,0,0,0,0,0,139,2026-02-06 00:38:18.839647
ATMN,23.34,23.33,23.34,10000.0,1377100.0,5000.0,4587.0,1476700.0,6000.0,100.0,0,0,0,0,0,0,0,0,0,0,0,0,0,0,0,0,0,0,0,0,0,0,0,0,0,0,0,0,0,0,0,0,0,0,0,0,0,0,0,139,2026-02-06 00:38:18.839647
WNTR,26.28,26.26,26.28,7673.0,1965900.0,,2949.0,1338900.0,6000.0,18327.0,0,0,0,0,0,0,0,0,0,0,0,0,0,0,0,0,0,0,0,0,0,0,0,0,0,0,0,0,0,0,0,0,0,0,0,0,0,0,0,139,2026-02-06 00:38:18.839647
SPNG,24.71,23.93,24.71,1559300.0,6000.0,200.0,1811000.0,,,,,0,0,0,0,0,0,0,0,0,0,0,0,0,0,0,0,0,0,0,0,0,0,0,0,0,0,0,0,0,0,0,0,0,0,0,0,0,0,140,2026-02-06 00:38:19.943096
SMMR,24.14,24.11,24.12,1772400.0,,15100.0,1423600.0,6000.0,3866.0,4823.0,,0,0,0,0,0,0,0,0,0,0,0,0,0,0,0,0,0,0,0,0,0,0,0,0,0,0,0,0,0,0,0,0,0,0,0,0,0,0,140,2026-02-06 00:38:19.943096
ATMN,23.47,23.47,23.54,1359000.0,,,1943300.0,6000.0,5000.0,,10000.0,0,0,0,0,0,0,0,0,0,0,0,0,0,0,0,0,0,0,0,0,0,0,0,0,0,0,0,0,0,0,0,0,0,0,0,0,0,0,140,2026-02-06 00:38:19.943096
WNTR,26.28,26.26,26.28,2054800.0,,18327.0,1338900.0,6000.0,,2949.0,,0,0,0,0,0,0,0,0,0,0,0,0,0,0,0,0,0,0,0,0,0,0,0,0,0,0,0,0,0,0,0,0,0,0,0,0,0,0,140,2026-02-06 00:38:19.943096
SPNG,24.71,24.62,24.71,100.0,1636600.0,2861.0,6000.0,2000.0,200.0,1627300.0,,0,0,0,0,0,0,0,0,0,0,0,0,0,0,0,0,0,0,0,0,0,0,0,0,0,0,0,0,0,0,0,0,0,0,0,0,0,0,141,2026-02-06 00:38:20.490866
SMMR,24.11,24.11,24.12,6000.0,1785100.0,3866.0,,4823.0,15100.0,1423600.0,,0,0,0,0,0,0,0,0,0,0,0,0,0,0,0,0,0,0,0,0,0,0,0,0,0,0,0,0,0,0,0,0,0,0,0,0,0,0,141,2026-02-06 00:38:20.490866
ATMN,23.47,23.47,23.49,6000.0,1354000.0,5000.0,,,,2058900.0,10000.0,0,0,0,0,0,0,0,0,0,0,0,0,0,0,0,0,0,0,0,0,0,0,0,0,0,0,0,0,0,0,0,0,0,0,0,0,0,0,141,2026-02-06 00:38:20.490866
WNTR,26.19,26.19,26.28,6000.0,2059600.0,,,6410.0,18327.0,803700.0,,0,0,0,0,0,0,0,0,0,0,0,0,0,0,0,0,0,0,0,0,0,0,0,0,0,0,0,0,0,0,0,0,0,0,0,0,0,0,141,2026-02-06 00:38:20.490866
SPNG,24.9,24.71,24.83,5000.0,100.0,1515600.0,2861.0,2150800.0,,,0,0,0,0,0,0,0,0,0,0,0,0,0,0,0,0,0,0,0,0,0,0,0,0,0,0,0,0,0,0,0,0,0,0,0,0,0,0,0,142,2026-02-06 00:38:21.552860
SMMR,24.11,24.11,24.12,6000.0,,1778800.0,3444.0,1777000.0,3864.0,,0,0,0,0,0,0,0,0,0,0,0,0,0,0,0,0,0,0,0,0,0,0,0,0,0,0,0,0,0,0,0,0,0,0,0,0,0,0,0,142,2026-02-06 00:38:21.552860
ATMN,23.23,23.45,23.49,,,2010300.0,1000.0,1512900.0,2939.0,100.0,0,0,0,0,0,0,0,0,0,0,0,0,0,0,0,0,0,0,0,0,0,0,0,0,0,0,0,0,0,0,0,0,0,0,0,0,0,0,0,142,2026-02-06 00:38:21.552860
WNTR,26.42,26.42,26.43,6000.0,7673.0,1982500.0,,1767700.0,,9154.0,0,0,0,0,0,0,0,0,0,0,0,0,0,0,0,0,0,0,0,0,0,0,0,0,0,0,0,0,0,0,0,0,0,0,0,0,0,0,0,142,2026-02-06 00:38:21.552860
SPNG,24.03,24.62,24.71,5100.0,1647800.0,5000.0,6000.0,1659.0,7262.0,1666400.0,,0,0,0,0,0,0,0,0,0,0,0,0,0,0,0,0,0,0,0,0,0,0,0,0,0,0,0,0,0,0,0,0,0,0,0,0,0,0,143,2026-02-06 00:38:22.612775
SMMR,24.25,24.11,24.25,6000.0,1665500.0,3444.0,,,,2364500.0,5000.0,0,0,0,0,0,0,0,0,0,0,0,0,0,0,0,0,0,0,0,0,0,0,0,0,0,0,0,0,0,0,0,0,0,0,0,0,0,0,143,2026-02-06 00:38:22.612775
ATMN,23.48,23.45,23.46,6000.0,1905400.0,1000.0,,2939.0,200.0,1408100.0,,0,0,0,0,0,0,0,0,0,0,0,0,0,0,0,0,0,0,0,0,0,0,0,0,0,0,0,0,0,0,0,0,0,0,0,0,0,0,143,2026-02-06 00:38:22.612775
WNTR,26.25,26.21,26.25,6000.0,1973600.0,,,,9154.0,1881300.0,7673.0,0,0,0,0,0,0,0,0,0,0,0,0,0,0,0,0,0,0,0,0,0,0,0,0,0,0,0,0,0,0,0,0,0,0,0,0,0,0,143,2026-02-06 00:38:22.612775
