ticker,last_price,bid_price,ask_price,BUY_ANON,SELL_ANON,BUY_WRSW-1,BUY_UEBR-1,BUY_CHUL-1,BUY_BRCH-1,BUY_LAVL-1,SELL_CALG-1,SELL_CHUL-2,SELL_GIOT-3,SELL_CHUL-4,SELL_LAVL-1,BUY_GIOT-3,BUY_CHUL-4,SELL_UEBR-1,SELL_WRSW-1,BUY_WRSW-3,SELL_CHUL-3,SELL_WRSW-3,BUY_NAIT-4,SELL_COLA-1,BUY_CALG-1,BUY_COLA-1,SELL_BRCH-1,SELL_ZUAI-3,BUY_WRSW-4,SELL_LUIS-1,SELL_WRSW-4,SELL_NAIT-4,BUY_ZUAI-3,BUY_CHUL-3,BUY_CHUL-2,SELL_CHUL-1,BUY_LUIS-1,tick,timestamp
SPNG,25.08,0.0,25.08,1595100.0,2129000.0,0,0,0,0,0,0,0,0,0,0,0,0,0,0,0,0,0,0,0,0,0,0,0,0,0,0,0,0,0,0,0,0,0,2026-02-06 20:41:33.403539
SMMR,0.0,0.0,0.0,1758600.0,2310600.0,0,0,0,0,0,0,0,0,0,0,0,0,0,0,0,0,0,0,0,0,0,0,0,0,0,0,0,0,0,0,0,0,0,2026-02-06 20:41:33.403539
ATMN,0.0,0.0,25.0,1815400.0,2170100.0,0,0,0,0,0,0,0,0,0,0,0,0,0,0,0,0,0,0,0,0,0,0,0,0,0,0,0,0,0,0,0,0,0,2026-02-06 20:41:33.403539
WNTR,24.96,24.96,25.04,1917500.0,2052300.0,0,0,0,0,0,0,0,0,0,0,0,0,0,0,0,0,0,0,0,0,0,0,0,0,0,0,0,0,0,0,0,0,0,2026-02-06 20:41:33.403539
SPNG,25.13,24.91,25.07,5133.0,1595100.0,5133.0,1991800.0,0,0,0,0,0,0,0,0,0,0,0,0,0,0,0,0,0,0,0,0,0,0,0,0,0,0,0,0,0,0,1,2026-02-06 20:41:34.077107,2.0,1.0,1.0,,Aggregate Position Limit,Your CRO has set the aggregate position limit to 10000 shares for this week.
SMMR,25.01,24.99,25.01,5377.0,1872100.0,5377.0,2199600.0,0,0,0,0,0,0,0,0,0,0,0,0,0,0,0,0,0,0,0,0,0,0,0,0,0,0,0,0,0,0,1,2026-02-06 20:41:34.077107,1.0,1.0,1.0,,Welcome to the RITC 2026 Alogithmic Market Making Case - practice server,
ATMN,24.96,24.92,24.95,4466.0,1815400.0,4466.0,2072600.0,0,0,0,0,0,0,0,0,0,0,0,0,0,0,0,0,0,0,0,0,0,0,0,0,0,0,0,0,0,0,1,2026-02-06 20:41:34.077107,,,,,,
WNTR,24.97,24.97,25.02,5500.0,1924200.0,5500.0,1939900.0,0,0,0,0,0,0,0,0,0,0,0,0,0,0,0,0,0,0,0,0,0,0,0,0,0,0,0,0,0,0,1,2026-02-06 20:41:34.077107,,,,,,
SPNG,25.13,24.91,25.07,5133.0,1713500.0,5133.0,1984400.0,0,0,0,0,0,0,0,0,0,0,0,0,0,0,0,0,0,0,0,0,0,0,0,0,0,0,0,0,0,0,2,2026-02-06 20:41:34.675101
SMMR,25.04,25.03,25.04,8354.0,2001000.0,,2307000.0,0,0,0,0,0,0,0,0,0,0,0,0,0,0,0,0,0,0,0,0,0,0,0,0,0,0,0,0,0,0,2,2026-02-06 20:41:34.675101
ATMN,24.81,24.84,24.95,,1798400.0,4466.0,2072600.0,0,0,0,0,0,0,0,0,0,0,0,0,0,0,0,0,0,0,0,0,0,0,0,0,0,0,0,0,0,0,2,2026-02-06 20:41:34.675101
WNTR,24.97,24.91,24.92,5500.0,1917500.0,5500.0,1942300.0,0,0,0,0,0,0,0,0,0,0,0,0,0,0,0,0,0,0,0,0,0,0,0,0,0,0,0,0,0,0,2,2026-02-06 20:41:34.675101
SPNG,25.13,24.91,25.06,5133.0,1713500.0,2097300.0,0,0,0,0,0,0,0,0,0,0,0,0,0,0,0,0,0,0,0,0,0,0,0,0,0,0,0,0,0,0,0,3,2026-02-06 20:41:35.792973
SMMR,24.99,24.99,25.04,5377.0,1872100.0,2289800.0,0,0,0,0,0,0,0,0,0,0,0,0,0,0,0,0,0,0,0,0,0,0,0,0,0,0,0,0,0,0,0,3,2026-02-06 20:41:35.792973
ATMN,25.1,24.84,25.1,859.0,1798400.0,2143200.0,0,0,0,0,0,0,0,0,0,0,0,0,0,0,0,0,0,0,0,0,0,0,0,0,0,0,0,0,0,0,0,3,2026-02-06 20:41:35.792973
WNTR,25.04,24.98,25.04,5500.0,1915900.0,2034900.0,0,0,0,0,0,0,0,0,0,0,0,0,0,0,0,0,0,0,0,0,0,0,0,0,0,0,0,0,0,0,0,3,2026-02-06 20:41:35.792973
SPNG,25.06,24.9,25.06,1713500.0,2084100.0,0,0,0,0,0,0,0,0,0,0,0,0,0,0,0,0,0,0,0,0,0,0,0,0,0,0,0,0,0,0,0,0,4,2026-02-06 20:41:36.925327
SMMR,24.95,24.95,25.09,1728000.0,2327300.0,0,0,0,0,0,0,0,0,0,0,0,0,0,0,0,0,0,0,0,0,0,0,0,0,0,0,0,0,0,0,0,0,4,2026-02-06 20:41:36.925327
ATMN,25.1,24.84,25.1,2149700.0,2143200.0,0,0,0,0,0,0,0,0,0,0,0,0,0,0,0,0,0,0,0,0,0,0,0,0,0,0,0,0,0,0,0,0,4,2026-02-06 20:41:36.925327
WNTR,25.01,24.98,25.01,2020500.0,2030300.0,0,0,0,0,0,0,0,0,0,0,0,0,0,0,0,0,0,0,0,0,0,0,0,0,0,0,0,0,0,0,0,0,4,2026-02-06 20:41:36.925327
SPNG,25.06,24.9,25.06,1833300.0,2084100.0,0,0,0,0,0,0,0,0,0,0,0,0,0,0,0,0,0,0,0,0,0,0,0,0,0,0,0,0,0,0,0,0,5,2026-02-06 20:41:37.477971
SMMR,25.11,24.95,25.11,1629700.0,2329600.0,0,0,0,0,0,0,0,0,0,0,0,0,0,0,0,0,0,0,0,0,0,0,0,0,0,0,0,0,0,0,0,0,5,2026-02-06 20:41:37.477971
ATMN,24.87,24.84,24.87,2149700.0,2178100.0,0,0,0,0,0,0,0,0,0,0,0,0,0,0,0,0,0,0,0,0,0,0,0,0,0,0,0,0,0,0,0,0,5,2026-02-06 20:41:37.477971
WNTR,25.14,24.98,25.14,2026300.0,2040200.0,0,0,0,0,0,0,0,0,0,0,0,0,0,0,0,0,0,0,0,0,0,0,0,0,0,0,0,0,0,0,0,0,5,2026-02-06 20:41:37.477971
SPNG,24.88,24.86,24.87,1615000.0,2114200.0,0,0,0,0,0,0,0,0,0,0,0,0,0,0,0,0,0,0,0,0,0,0,0,0,0,0,0,0,0,0,0,0,6,2026-02-06 20:41:38.532653
SMMR,24.94,24.94,25.01,1616300.0,2326900.0,0,0,0,0,0,0,0,0,0,0,0,0,0,0,0,0,0,0,0,0,0,0,0,0,0,0,0,0,0,0,0,0,6,2026-02-06 20:41:38.532653
ATMN,25.04,24.84,24.93,2153400.0,2155600.0,0,0,0,0,0,0,0,0,0,0,0,0,0,0,0,0,0,0,0,0,0,0,0,0,0,0,0,0,0,0,0,0,6,2026-02-06 20:41:38.532653
WNTR,25.14,24.98,25.08,2026300.0,2095000.0,0,0,0,0,0,0,0,0,0,0,0,0,0,0,0,0,0,0,0,0,0,0,0,0,0,0,0,0,0,0,0,0,6,2026-02-06 20:41:38.532653
SPNG,24.99,24.86,24.88,1615000.0,9172.0,2158200.0,,0,0,0,0,0,0,0,0,0,0,0,0,0,0,0,0,0,0,0,0,0,0,0,0,0,0,0,0,0,0,7,2026-02-06 20:41:39.591688
SMMR,24.93,24.93,25.0,1587600.0,,2219300.0,4259.0,0,0,0,0,0,0,0,0,0,0,0,0,0,0,0,0,0,0,0,0,0,0,0,0,0,0,0,0,0,0,7,2026-02-06 20:41:39.591688
ATMN,25.19,24.85,25.19,2097100.0,7829.0,2187200.0,,0,0,0,0,0,0,0,0,0,0,0,0,0,0,0,0,0,0,0,0,0,0,0,0,0,0,0,0,0,0,7,2026-02-06 20:41:39.591688
WNTR,25.03,24.98,25.03,2027600.0,,1985700.0,5125.0,0,0,0,0,0,0,0,0,0,0,0,0,0,0,0,0,0,0,0,0,0,0,0,0,0,0,0,0,0,0,7,2026-02-06 20:41:39.591688
SPNG,25.02,24.96,25.02,1714600.0,9272.0,2119800.0,,0,0,0,0,0,0,0,0,0,0,0,0,0,0,0,0,0,0,0,0,0,0,0,0,0,0,0,0,0,0,8,2026-02-06 20:41:40.647600
SMMR,25.01,24.94,25.01,1865900.0,5670.0,2318100.0,,0,0,0,0,0,0,0,0,0,0,0,0,0,0,0,0,0,0,0,0,0,0,0,0,0,0,0,0,0,0,8,2026-02-06 20:41:40.647600
ATMN,25.19,24.99,25.0,2013700.0,7929.0,2077700.0,2294.0,0,0,0,0,0,0,0,0,0,0,0,0,0,0,0,0,0,0,0,0,0,0,0,0,0,0,0,0,0,0,8,2026-02-06 20:41:40.647600
WNTR,24.88,24.92,25.02,2006000.0,,1898600.0,13625.0,0,0,0,0,0,0,0,0,0,0,0,0,0,0,0,0,0,0,0,0,0,0,0,0,0,0,0,0,0,0,8,2026-02-06 20:41:40.647600
SPNG,25.09,24.97,25.09,9372.0,1714600.0,2119500.0,,0,0,0,0,0,0,0,0,0,0,0,0,0,0,0,0,0,0,0,0,0,0,0,0,0,0,0,0,0,0,9,2026-02-06 20:41:41.686879
SMMR,25.01,24.97,25.0,13149.0,1994100.0,2257700.0,100.0,0,0,0,0,0,0,0,0,0,0,0,0,0,0,0,0,0,0,0,0,0,0,0,0,0,0,0,0,0,0,9,2026-02-06 20:41:41.686879
ATMN,25.03,25.03,25.19,7929.0,2016700.0,2048900.0,2294.0,0,0,0,0,0,0,0,0,0,0,0,0,0,0,0,0,0,0,0,0,0,0,0,0,0,0,0,0,0,0,9,2026-02-06 20:41:41.686879
WNTR,24.98,24.92,24.98,358.0,1918300.0,1794000.0,21125.0,0,0,0,0,0,0,0,0,0,0,0,0,0,0,0,0,0,0,0,0,0,0,0,0,0,0,0,0,0,0,9,2026-02-06 20:41:41.686879
SPNG,24.96,25.07,25.13,3024.0,1838700.0,946.0,2015700.0,0,0,0,0,0,0,0,0,0,0,0,0,0,0,0,0,0,0,0,0,0,0,0,0,0,0,0,0,0,0,10,2026-02-06 20:41:42.810949
SMMR,25.01,24.97,25.01,,2494300.0,,2357900.0,0,0,0,0,0,0,0,0,0,0,0,0,0,0,0,0,0,0,0,0,0,0,0,0,0,0,0,0,0,0,10,2026-02-06 20:41:42.810949
ATMN,25.03,24.99,25.01,,2217800.0,,2174100.0,0,0,0,0,0,0,0,0,0,0,0,0,0,0,0,0,0,0,0,0,0,0,0,0,0,0,0,0,0,0,10,2026-02-06 20:41:42.810949
WNTR,24.85,24.85,24.89,,1941400.0,,2128800.0,0,0,0,0,0,0,0,0,0,0,0,0,0,0,0,0,0,0,0,0,0,0,0,0,0,0,0,0,0,0,10,2026-02-06 20:41:42.810949
SPNG,24.96,25.07,25.13,3024.0,1838700.0,946.0,2023300.0,0,0,0,0,0,0,0,0,0,0,0,0,0,0,0,0,0,0,0,0,0,0,0,0,0,0,0,0,0,0,11,2026-02-06 20:41:44.003007
SMMR,24.97,24.97,25.04,,2494300.0,,2368700.0,0,0,0,0,0,0,0,0,0,0,0,0,0,0,0,0,0,0,0,0,0,0,0,0,0,0,0,0,0,0,11,2026-02-06 20:41:44.003007
ATMN,25.05,24.99,25.05,9542.0,2021500.0,100.0,2071300.0,0,0,0,0,0,0,0,0,0,0,0,0,0,0,0,0,0,0,0,0,0,0,0,0,0,0,0,0,0,0,11,2026-02-06 20:41:44.003007
WNTR,24.85,24.88,24.89,7100.0,1928400.0,9882.0,2018700.0,0,0,0,0,0,0,0,0,0,0,0,0,0,0,0,0,0,0,0,0,0,0,0,0,0,0,0,0,0,0,11,2026-02-06 20:41:44.003007
SPNG,25.14,24.86,25.14,1739100.0,2119100.0,,,0,0,0,0,0,0,0,0,0,0,0,0,0,0,0,0,0,0,0,0,0,0,0,0,0,0,0,0,0,0,12,2026-02-06 20:41:44.595298
SMMR,25.12,24.97,25.12,2494300.0,2368700.0,,,0,0,0,0,0,0,0,0,0,0,0,0,0,0,0,0,0,0,0,0,0,0,0,0,0,0,0,0,0,0,12,2026-02-06 20:41:44.595298
ATMN,24.99,24.87,24.99,2238900.0,2113700.0,100.0,,0,0,0,0,0,0,0,0,0,0,0,0,0,0,0,0,0,0,0,0,0,0,0,0,0,0,0,0,0,0,12,2026-02-06 20:41:44.595298
WNTR,24.93,24.88,24.93,1928400.0,2109400.0,,7100.0,0,0,0,0,0,0,0,0,0,0,0,0,0,0,0,0,0,0,0,0,0,0,0,0,0,0,0,0,0,0,12,2026-02-06 20:41:44.595298
SPNG,24.95,25.12,25.14,1859700.0,2119100.0,,,0,0,0,0,0,0,0,0,0,0,0,0,0,0,0,0,0,0,0,0,0,0,0,0,0,0,0,0,0,0,13,2026-02-06 20:41:45.647942
SMMR,24.97,24.93,24.96,2462800.0,2250300.0,9625.0,,0,0,0,0,0,0,0,0,0,0,0,0,0,0,0,0,0,0,0,0,0,0,0,0,0,0,0,0,0,0,13,2026-02-06 20:41:45.647942
ATMN,25.0,24.95,25.0,2118500.0,2094400.0,100.0,2048.0,0,0,0,0,0,0,0,0,0,0,0,0,0,0,0,0,0,0,0,0,0,0,0,0,0,0,0,0,0,0,13,2026-02-06 20:41:45.647942
WNTR,25.08,24.89,24.97,1814700.0,2129100.0,,14483.0,0,0,0,0,0,0,0,0,0,0,0,0,0,0,0,0,0,0,0,0,0,0,0,0,0,0,0,0,0,0,13,2026-02-06 20:41:45.647942
SPNG,24.81,24.81,25.23,1760800.0,2127500.0,,,0,0,0,0,0,0,0,0,0,0,0,0,0,0,0,0,0,0,0,0,0,0,0,0,0,0,0,0,0,0,14,2026-02-06 20:41:46.695335
SMMR,24.96,25.04,25.09,2340100.0,2229000.0,4369.0,9625.0,0,0,0,0,0,0,0,0,0,0,0,0,0,0,0,0,0,0,0,0,0,0,0,0,0,0,0,0,0,0,14,2026-02-06 20:41:46.695335
ATMN,24.99,24.99,25.05,2017400.0,2192900.0,8419.0,,0,0,0,0,0,0,0,0,0,0,0,0,0,0,0,0,0,0,0,0,0,0,0,0,0,0,0,0,0,0,14,2026-02-06 20:41:46.695335
WNTR,24.83,24.83,25.0,2034200.0,2101500.0,,,0,0,0,0,0,0,0,0,0,0,0,0,0,0,0,0,0,0,0,0,0,0,0,0,0,0,0,0,0,0,14,2026-02-06 20:41:46.695335
SPNG,24.81,24.81,24.93,1872700.0,2127200.0,0,0,0,0,0,0,0,0,0,0,0,0,0,0,0,0,0,0,0,0,0,0,0,0,0,0,0,0,0,0,0,0,15,2026-02-06 20:41:47.751342
SMMR,25.04,25.04,25.07,2475600.0,2372100.0,0,0,0,0,0,0,0,0,0,0,0,0,0,0,0,0,0,0,0,0,0,0,0,0,0,0,0,0,0,0,0,0,15,2026-02-06 20:41:47.751342
ATMN,25.2,24.99,25.2,2228300.0,2150800.0,0,0,0,0,0,0,0,0,0,0,0,0,0,0,0,0,0,0,0,0,0,0,0,0,0,0,0,0,0,0,0,0,15,2026-02-06 20:41:47.751342
WNTR,24.82,24.82,24.94,1915100.0,2102500.0,0,0,0,0,0,0,0,0,0,0,0,0,0,0,0,0,0,0,0,0,0,0,0,0,0,0,0,0,0,0,0,0,15,2026-02-06 20:41:47.751342
SPNG,25.12,24.89,25.12,1969800.0,2149700.0,,,0,0,0,0,0,0,0,0,0,0,0,0,0,0,0,0,0,0,0,0,0,0,0,0,0,0,0,0,0,0,16,2026-02-06 20:41:48.811142
SMMR,25.04,25.04,25.05,2337000.0,2136100.0,4369.0,20000.0,0,0,0,0,0,0,0,0,0,0,0,0,0,0,0,0,0,0,0,0,0,0,0,0,0,0,0,0,0,0,16,2026-02-06 20:41:48.811142
ATMN,24.99,24.99,25.07,2228300.0,2176300.0,,,0,0,0,0,0,0,0,0,0,0,0,0,0,0,0,0,0,0,0,0,0,0,0,0,0,0,0,0,0,0,16,2026-02-06 20:41:48.811142
WNTR,24.94,24.85,24.94,2035300.0,2102500.0,,,0,0,0,0,0,0,0,0,0,0,0,0,0,0,0,0,0,0,0,0,0,0,0,0,0,0,0,0,0,0,16,2026-02-06 20:41:48.811142
SPNG,25.23,24.84,25.23,10000.0,1748600.0,2155600.0,,0,0,0,0,0,0,0,0,0,0,0,0,0,0,0,0,0,0,0,0,0,0,0,0,0,0,0,0,0,0,17,2026-02-06 20:41:49.973713
SMMR,25.09,25.06,25.09,14369.0,2203700.0,2228300.0,1631.0,0,0,0,0,0,0,0,0,0,0,0,0,0,0,0,0,0,0,0,0,0,0,0,0,0,0,0,0,0,0,17,2026-02-06 20:41:49.973713
ATMN,25.07,25.1,25.18,12610.0,2013100.0,2058000.0,100.0,0,0,0,0,0,0,0,0,0,0,0,0,0,0,0,0,0,0,0,0,0,0,0,0,0,0,0,0,0,0,17,2026-02-06 20:41:49.973713
WNTR,24.76,24.81,24.87,333.0,1724700.0,1934500.0,19667.0,0,0,0,0,0,0,0,0,0,0,0,0,0,0,0,0,0,0,0,0,0,0,0,0,0,0,0,0,0,0,17,2026-02-06 20:41:49.973713
SPNG,24.67,24.89,25.12,6168.0,1639900.0,1821.0,1976500.0,0,0,0,0,0,0,0,0,0,0,0,0,0,0,0,0,0,0,0,0,0,0,0,0,0,0,0,0,0,0,18,2026-02-06 20:41:51.028691
SMMR,25.0,25.0,25.1,,2486300.0,,2372100.0,0,0,0,0,0,0,0,0,0,0,0,0,0,0,0,0,0,0,0,0,0,0,0,0,0,0,0,0,0,0,18,2026-02-06 20:41:51.028691
ATMN,25.0,25.0,25.13,,2239500.0,4492.0,1958700.0,0,0,0,0,0,0,0,0,0,0,0,0,0,0,0,0,0,0,0,0,0,0,0,0,0,0,0,0,0,0,18,2026-02-06 20:41:51.028691
WNTR,25.08,24.83,24.86,7157.0,1724700.0,3442.0,2040800.0,0,0,0,0,0,0,0,0,0,0,0,0,0,0,0,0,0,0,0,0,0,0,0,0,0,0,0,0,0,0,18,2026-02-06 20:41:51.028691
SPNG,25.23,24.89,25.23,6168.0,1639900.0,2156900.0,,0,0,0,0,0,0,0,0,0,0,0,0,0,0,0,0,0,0,0,0,0,0,0,0,0,0,0,0,0,0,19,2026-02-06 20:41:51.562609
SMMR,24.92,24.92,25.0,,2469800.0,2400800.0,,0,0,0,0,0,0,0,0,0,0,0,0,0,0,0,0,0,0,0,0,0,0,0,0,0,0,0,0,0,0,19,2026-02-06 20:41:51.562609
ATMN,24.99,24.95,24.99,,2226700.0,1945100.0,4492.0,0,0,0,0,0,0,0,0,0,0,0,0,0,0,0,0,0,0,0,0,0,0,0,0,0,0,0,0,0,0,19,2026-02-06 20:41:51.562609
WNTR,24.76,24.76,24.86,,1714200.0,2040800.0,3442.0,0,0,0,0,0,0,0,0,0,0,0,0,0,0,0,0,0,0,0,0,0,0,0,0,0,0,0,0,0,0,19,2026-02-06 20:41:51.562609
SPNG,24.92,24.89,24.92,6168.0,1736700.0,2197400.0,,0,0,0,0,0,0,0,0,0,0,0,0,0,0,0,0,0,0,0,0,0,0,0,0,0,0,0,0,0,0,20,2026-02-06 20:41:52.598454
SMMR,25.1,24.91,24.96,,2458800.0,2384900.0,,0,0,0,0,0,0,0,0,0,0,0,0,0,0,0,0,0,0,0,0,0,0,0,0,0,0,0,0,0,0,20,2026-02-06 20:41:52.598454
ATMN,24.87,24.87,24.99,,2246800.0,1986500.0,4492.0,0,0,0,0,0,0,0,0,0,0,0,0,0,0,0,0,0,0,0,0,0,0,0,0,0,0,0,0,0,0,20,2026-02-06 20:41:52.598454
WNTR,24.86,24.93,24.99,,1846900.0,2042300.0,3442.0,0,0,0,0,0,0,0,0,0,0,0,0,0,0,0,0,0,0,0,0,0,0,0,0,0,0,0,0,0,0,20,2026-02-06 20:41:52.598454
SPNG,24.92,24.89,24.92,100.0,2098200.0,2068900.0,100.0,0,0,0,0,0,0,0,0,0,0,0,0,0,0,0,0,0,0,0,0,0,0,0,0,0,0,0,0,0,0,21,2026-02-06 20:41:53.630840
SMMR,25.13,24.92,25.13,9237.0,2345400.0,2335700.0,,0,0,0,0,0,0,0,0,0,0,0,0,0,0,0,0,0,0,0,0,0,0,0,0,0,0,0,0,0,0,21,2026-02-06 20:41:53.630840
ATMN,25.13,24.84,25.13,,2240500.0,2202300.0,,0,0,0,0,0,0,0,0,0,0,0,0,0,0,0,0,0,0,0,0,0,0,0,0,0,0,0,0,0,0,21,2026-02-06 20:41:53.630840
WNTR,24.84,24.84,24.99,,1737300.0,2042300.0,100.0,0,0,0,0,0,0,0,0,0,0,0,0,0,0,0,0,0,0,0,0,0,0,0,0,0,0,0,0,0,0,21,2026-02-06 20:41:53.630840
SPNG,25.05,24.89,25.05,200.0,1919000.0,2160700.0,,0,0,0,0,0,0,0,0,0,0,0,0,0,0,0,0,0,0,0,0,0,0,0,0,0,0,0,0,0,0,22,2026-02-06 20:41:54.667203
SMMR,24.86,24.86,25.11,,2431700.0,2224100.0,4923.0,0,0,0,0,0,0,0,0,0,0,0,0,0,0,0,0,0,0,0,0,0,0,0,0,0,0,0,0,0,0,22,2026-02-06 20:41:54.667203
ATMN,25.13,24.84,25.09,5486.0,2133400.0,2062400.0,9644.0,0,0,0,0,0,0,0,0,0,0,0,0,0,0,0,0,0,0,0,0,0,0,0,0,0,0,0,0,0,0,22,2026-02-06 20:41:54.667203
WNTR,24.94,24.88,24.91,,1706700.0,1933900.0,9488.0,0,0,0,0,0,0,0,0,0,0,0,0,0,0,0,0,0,0,0,0,0,0,0,0,0,0,0,0,0,0,22,2026-02-06 20:41:54.667203
SPNG,25.3,24.78,25.3,2166800.0,2149400.0,,,0,0,0,0,0,0,0,0,0,0,0,0,0,0,0,0,0,0,0,0,0,0,0,0,0,0,0,0,0,0,23,2026-02-06 20:41:55.714322
SMMR,25.03,25.06,25.07,2458600.0,2100100.0,2121.0,14923.0,0,0,0,0,0,0,0,0,0,0,0,0,0,0,0,0,0,0,0,0,0,0,0,0,0,0,0,0,0,0,23,2026-02-06 20:41:55.714322
ATMN,24.84,24.84,25.13,2142700.0,2151400.0,5486.0,,0,0,0,0,0,0,0,0,0,0,0,0,0,0,0,0,0,0,0,0,0,0,0,0,0,0,0,0,0,0,23,2026-02-06 20:41:55.714322
WNTR,24.97,24.92,24.97,1742800.0,1933800.0,,9488.0,0,0,0,0,0,0,0,0,0,0,0,0,0,0,0,0,0,0,0,0,0,0,0,0,0,0,0,0,0,0,23,2026-02-06 20:41:55.714322
SPNG,24.78,24.82,24.97,8979.0,2056800.0,2084000.0,100.0,0,0,0,0,0,0,0,0,0,0,0,0,0,0,0,0,0,0,0,0,0,0,0,0,0,0,0,0,0,0,24,2026-02-06 20:41:56.751057
SMMR,25.02,25.02,25.07,2121.0,2456700.0,2100100.0,14923.0,0,0,0,0,0,0,0,0,0,0,0,0,0,0,0,0,0,0,0,0,0,0,0,0,0,0,0,0,0,0,24,2026-02-06 20:41:56.751057
ATMN,24.83,24.84,24.95,,2251100.0,2033000.0,100.0,0,0,0,0,0,0,0,0,0,0,0,0,0,0,0,0,0,0,0,0,0,0,0,0,0,0,0,0,0,0,24,2026-02-06 20:41:56.751057
WNTR,25.08,25.07,25.08,9262.0,1862400.0,2073300.0,,0,0,0,0,0,0,0,0,0,0,0,0,0,0,0,0,0,0,0,0,0,0,0,0,0,0,0,0,0,0,24,2026-02-06 20:41:56.751057
SPNG,24.81,24.81,24.97,2158700.0,2171200.0,0,0,0,0,0,0,0,0,0,0,0,0,0,0,0,0,0,0,0,0,0,0,0,0,0,0,0,0,0,0,0,0,25,2026-02-06 20:41:57.812675
SMMR,25.15,24.96,25.15,2571900.0,2348400.0,0,0,0,0,0,0,0,0,0,0,0,0,0,0,0,0,0,0,0,0,0,0,0,0,0,0,0,0,0,0,0,0,25,2026-02-06 20:41:57.812675
ATMN,24.95,25.08,25.13,2270900.0,2151400.0,0,0,0,0,0,0,0,0,0,0,0,0,0,0,0,0,0,0,0,0,0,0,0,0,0,0,0,0,0,0,0,0,25,2026-02-06 20:41:57.812675
WNTR,24.76,24.77,25.08,1705500.0,2074300.0,0,0,0,0,0,0,0,0,0,0,0,0,0,0,0,0,0,0,0,0,0,0,0,0,0,0,0,0,0,0,0,0,25,2026-02-06 20:41:57.812675
SPNG,24.97,24.83,24.97,2229.0,1918500.0,2171200.0,,0,0,0,0,0,0,0,0,0,0,0,0,0,0,0,0,0,0,0,0,0,0,0,0,0,0,0,0,0,0,26,2026-02-06 20:41:59.073709
SMMR,25.17,25.06,25.15,4047.0,2403500.0,2201800.0,9897.0,0,0,0,0,0,0,0,0,0,0,0,0,0,0,0,0,0,0,0,0,0,0,0,0,0,0,0,0,0,0,26,2026-02-06 20:41:59.073709
ATMN,24.81,24.81,25.08,,2264400.0,1931900.0,13722.0,0,0,0,0,0,0,0,0,0,0,0,0,0,0,0,0,0,0,0,0,0,0,0,0,0,0,0,0,0,0,26,2026-02-06 20:41:59.073709
WNTR,24.91,24.91,24.98,,1815800.0,1838600.0,20000.0,0,0,0,0,0,0,0,0,0,0,0,0,0,0,0,0,0,0,0,0,0,0,0,0,0,0,0,0,0,0,26,2026-02-06 20:41:59.073709
SPNG,25.3,24.83,25.15,2229.0,1901900.0,2155900.0,,0,0,0,0,0,0,0,0,0,0,0,0,0,0,0,0,0,0,0,0,0,0,0,0,0,0,0,0,0,0,27,2026-02-06 20:41:59.694842
SMMR,25.18,24.86,25.18,,2576900.0,2327400.0,,0,0,0,0,0,0,0,0,0,0,0,0,0,0,0,0,0,0,0,0,0,0,0,0,0,0,0,0,0,0,27,2026-02-06 20:41:59.694842
ATMN,25.19,24.81,25.19,,2264400.0,2119600.0,,0,0,0,0,0,0,0,0,0,0,0,0,0,0,0,0,0,0,0,0,0,0,0,0,0,0,0,0,0,0,27,2026-02-06 20:41:59.694842
WNTR,25.03,25.0,25.03,,1906600.0,1984700.0,10000.0,0,0,0,0,0,0,0,0,0,0,0,0,0,0,0,0,0,0,0,0,0,0,0,0,0,0,0,0,0,0,27,2026-02-06 20:41:59.694842
SPNG,24.81,24.81,25.11,2141500.0,2076500.0,100.0,,0,0,0,0,0,0,0,0,0,0,0,0,0,0,0,0,0,0,0,0,0,0,0,0,0,0,0,0,0,0,28,2026-02-06 20:42:00.746143
SMMR,24.88,24.9,25.18,2544700.0,2215800.0,100.0,,0,0,0,0,0,0,0,0,0,0,0,0,0,0,0,0,0,0,0,0,0,0,0,0,0,0,0,0,0,0,28,2026-02-06 20:42:00.746143
ATMN,25.2,24.8,25.2,2277600.0,2111400.0,,,0,0,0,0,0,0,0,0,0,0,0,0,0,0,0,0,0,0,0,0,0,0,0,0,0,0,0,0,0,0,28,2026-02-06 20:42:00.746143
WNTR,24.77,24.89,25.02,1890600.0,1851100.0,14411.0,8913.0,0,0,0,0,0,0,0,0,0,0,0,0,0,0,0,0,0,0,0,0,0,0,0,0,0,0,0,0,0,0,28,2026-02-06 20:42:00.746143
SPNG,24.67,24.67,25.15,2120300.0,2167900.0,,,0,0,0,0,0,0,0,0,0,0,0,0,0,0,0,0,0,0,0,0,0,0,0,0,0,0,0,0,0,0,29,2026-02-06 20:42:01.797017
SMMR,25.18,24.95,25.11,2267300.0,2190800.0,18715.0,100.0,0,0,0,0,0,0,0,0,0,0,0,0,0,0,0,0,0,0,0,0,0,0,0,0,0,0,0,0,0,0,29,2026-02-06 20:42:01.797017
ATMN,24.94,24.83,24.94,2178800.0,1987400.0,8517.0,8517.0,0,0,0,0,0,0,0,0,0,0,0,0,0,0,0,0,0,0,0,0,0,0,0,0,0,0,0,0,0,0,29,2026-02-06 20:42:01.797017
WNTR,25.06,25.03,25.06,1889100.0,2085700.0,8913.0,,0,0,0,0,0,0,0,0,0,0,0,0,0,0,0,0,0,0,0,0,0,0,0,0,0,0,0,0,0,0,29,2026-02-06 20:42:01.797017
SPNG,25.33,25.05,25.33,2110200.0,2113200.0,,0,0,0,0,0,0,0,0,0,0,0,0,0,0,0,0,0,0,0,0,0,0,0,0,0,0,0,0,0,0,0,30,2026-02-06 20:42:02.840952
SMMR,24.86,24.93,25.11,2511300.0,2296300.0,,0,0,0,0,0,0,0,0,0,0,0,0,0,0,0,0,0,0,0,0,0,0,0,0,0,0,0,0,0,0,0,30,2026-02-06 20:42:02.840952
ATMN,25.05,24.89,25.05,2290700.0,2102900.0,,0,0,0,0,0,0,0,0,0,0,0,0,0,0,0,0,0,0,0,0,0,0,0,0,0,0,0,0,0,0,0,30,2026-02-06 20:42:02.840952
WNTR,25.06,24.9,25.06,1890600.0,2061800.0,100.0,0,0,0,0,0,0,0,0,0,0,0,0,0,0,0,0,0,0,0,0,0,0,0,0,0,0,0,0,0,0,0,30,2026-02-06 20:42:02.840952
SPNG,25.34,24.88,25.34,2063300.0,2098400.0,,,0,0,0,0,0,0,0,0,0,0,0,0,0,0,0,0,0,0,0,0,0,0,0,0,0,0,0,0,0,0,31,2026-02-06 20:42:03.908832
SMMR,24.93,24.96,25.01,2196800.0,2045400.0,9466.0,15332.0,0,0,0,0,0,0,0,0,0,0,0,0,0,0,0,0,0,0,0,0,0,0,0,0,0,0,0,0,0,0,31,2026-02-06 20:42:03.908832
ATMN,24.92,24.92,25.2,2217200.0,2111400.0,100.0,,0,0,0,0,0,0,0,0,0,0,0,0,0,0,0,0,0,0,0,0,0,0,0,0,0,0,0,0,0,0,31,2026-02-06 20:42:03.908832
WNTR,25.1,25.09,25.1,1889200.0,1964400.0,100.0,1238.0,0,0,0,0,0,0,0,0,0,0,0,0,0,0,0,0,0,0,0,0,0,0,0,0,0,0,0,0,0,0,31,2026-02-06 20:42:03.908832
SPNG,25.37,24.88,25.37,1948200.0,4286.0,2115800.0,,0,0,0,0,0,0,0,0,0,0,0,0,0,0,0,0,0,0,0,0,0,0,0,0,0,0,0,0,0,0,32,2026-02-06 20:42:04.969734
SMMR,25.02,24.87,24.92,2416200.0,3983.0,2043800.0,16979.0,0,0,0,0,0,0,0,0,0,0,0,0,0,0,0,0,0,0,0,0,0,0,0,0,0,0,0,0,0,0,32,2026-02-06 20:42:04.969734
ATMN,24.89,24.89,25.19,2289700.0,,2024100.0,4148.0,0,0,0,0,0,0,0,0,0,0,0,0,0,0,0,0,0,0,0,0,0,0,0,0,0,0,0,0,0,0,32,2026-02-06 20:42:04.969734
WNTR,24.87,24.91,24.96,1886000.0,8604.0,1823700.0,9842.0,0,0,0,0,0,0,0,0,0,0,0,0,0,0,0,0,0,0,0,0,0,0,0,0,0,0,0,0,0,0,32,2026-02-06 20:42:04.969734
SPNG,25.37,24.92,25.37,4386.0,1832200.0,2118000.0,,0,0,0,0,0,0,0,0,0,0,0,0,0,0,0,0,0,0,0,0,0,0,0,0,0,0,0,0,0,0,33,2026-02-06 20:42:06.027853
SMMR,24.84,24.84,24.92,996.0,2324000.0,2043800.0,16979.0,0,0,0,0,0,0,0,0,0,0,0,0,0,0,0,0,0,0,0,0,0,0,0,0,0,0,0,0,0,0,33,2026-02-06 20:42:06.027853
ATMN,24.89,24.97,25.13,100.0,2233200.0,1907700.0,12369.0,0,0,0,0,0,0,0,0,0,0,0,0,0,0,0,0,0,0,0,0,0,0,0,0,0,0,0,0,0,0,33,2026-02-06 20:42:06.027853
WNTR,25.1,25.02,25.1,17949.0,1779600.0,1816100.0,2591.0,0,0,0,0,0,0,0,0,0,0,0,0,0,0,0,0,0,0,0,0,0,0,0,0,0,0,0,0,0,0,33,2026-02-06 20:42:06.027853
SPNG,25.16,24.95,25.16,4486.0,1727300.0,2037400.0,100.0,0,0,0,0,0,0,0,0,0,0,0,0,0,0,0,0,0,0,0,0,0,0,0,0,0,0,0,0,0,0,34,2026-02-06 20:42:07.082413
SMMR,25.11,24.9,25.01,10702.0,2319800.0,2196300.0,100.0,0,0,0,0,0,0,0,0,0,0,0,0,0,0,0,0,0,0,0,0,0,0,0,0,0,0,0,0,0,0,34,2026-02-06 20:42:07.082413
ATMN,25.13,24.98,25.13,4132.0,2110700.0,1907700.0,12369.0,0,0,0,0,0,0,0,0,0,0,0,0,0,0,0,0,0,0,0,0,0,0,0,0,0,0,0,0,0,0,34,2026-02-06 20:42:07.082413
WNTR,25.1,25.06,25.1,23409.0,1670300.0,1804900.0,2591.0,0,0,0,0,0,0,0,0,0,0,0,0,0,0,0,0,0,0,0,0,0,0,0,0,0,0,0,0,0,0,34,2026-02-06 20:42:07.082413
SPNG,25.37,24.97,25.37,5699.0,1630400.0,2139300.0,,0,0,0,0,0,0,0,0,0,0,0,0,0,0,0,0,0,0,0,0,0,0,0,0,0,0,0,0,0,0,35,2026-02-06 20:42:07.669218
SMMR,25.15,24.9,25.15,10702.0,2284300.0,2325100.0,,0,0,0,0,0,0,0,0,0,0,0,0,0,0,0,0,0,0,0,0,0,0,0,0,0,0,0,0,0,0,35,2026-02-06 20:42:07.669218
ATMN,25.25,25.1,25.25,4132.0,2111000.0,2119300.0,,0,0,0,0,0,0,0,0,0,0,0,0,0,0,0,0,0,0,0,0,0,0,0,0,0,0,0,0,0,0,35,2026-02-06 20:42:07.669218
WNTR,24.97,25.04,25.1,8604.0,1866600.0,1804900.0,2591.0,0,0,0,0,0,0,0,0,0,0,0,0,0,0,0,0,0,0,0,0,0,0,0,0,0,0,0,0,0,0,35,2026-02-06 20:42:07.669218
SPNG,24.84,24.84,25.19,2070700.0,2104000.0,100.0,0,0,0,0,0,0,0,0,0,0,0,0,0,0,0,0,0,0,0,0,0,0,0,0,0,0,0,0,0,0,0,36,2026-02-06 20:42:08.720777
SMMR,25.15,24.85,25.15,2518200.0,2195900.0,1160.0,0,0,0,0,0,0,0,0,0,0,0,0,0,0,0,0,0,0,0,0,0,0,0,0,0,0,0,0,0,0,0,36,2026-02-06 20:42:08.720777
ATMN,24.89,24.89,25.25,2338500.0,2021200.0,4445.0,0,0,0,0,0,0,0,0,0,0,0,0,0,0,0,0,0,0,0,0,0,0,0,0,0,0,0,0,0,0,0,36,2026-02-06 20:42:08.720777
WNTR,25.1,25.04,25.1,1972400.0,2003600.0,,0,0,0,0,0,0,0,0,0,0,0,0,0,0,0,0,0,0,0,0,0,0,0,0,0,0,0,0,0,0,0,36,2026-02-06 20:42:08.720777
SPNG,24.84,24.87,25.16,6561.0,1941200.0,200.0,1988100.0,0,0,0,0,0,0,0,0,0,0,0,0,0,0,0,0,0,0,0,0,0,0,0,0,0,0,0,0,0,0,37,2026-02-06 20:42:09.761296
SMMR,25.12,25.12,25.13,8086.0,2395600.0,7224.0,2079700.0,0,0,0,0,0,0,0,0,0,0,0,0,0,0,0,0,0,0,0,0,0,0,0,0,0,0,0,0,0,0,37,2026-02-06 20:42:09.761296
ATMN,24.89,25.12,25.22,8154.0,2198700.0,6111.0,1883000.0,0,0,0,0,0,0,0,0,0,0,0,0,0,0,0,0,0,0,0,0,0,0,0,0,0,0,0,0,0,0,37,2026-02-06 20:42:09.761296
WNTR,25.12,25.08,25.09,8270.0,1866300.0,8270.0,1927900.0,0,0,0,0,0,0,0,0,0,0,0,0,0,0,0,0,0,0,0,0,0,0,0,0,0,0,0,0,0,0,37,2026-02-06 20:42:09.761296
SPNG,25.19,24.89,25.1,7047.0,1847300.0,2104200.0,100.0,0,0,0,0,0,0,0,0,0,0,0,0,0,0,0,0,0,0,0,0,0,0,0,0,0,0,0,0,0,0,38,2026-02-06 20:42:10.805696
SMMR,24.87,24.85,24.87,,2513000.0,2083500.0,7224.0,0,0,0,0,0,0,0,0,0,0,0,0,0,0,0,0,0,0,0,0,0,0,0,0,0,0,0,0,0,0,38,2026-02-06 20:42:10.805696
ATMN,25.12,25.12,25.2,8154.0,2198700.0,1905100.0,6111.0,0,0,0,0,0,0,0,0,0,0,0,0,0,0,0,0,0,0,0,0,0,0,0,0,0,0,0,0,0,0,38,2026-02-06 20:42:10.805696
WNTR,25.13,25.05,25.13,8270.0,1887000.0,2048800.0,,0,0,0,0,0,0,0,0,0,0,0,0,0,0,0,0,0,0,0,0,0,0,0,0,0,0,0,0,0,0,38,2026-02-06 20:42:10.805696
SPNG,24.73,24.73,25.19,2089500.0,2099000.0,100.0,,0,0,0,0,0,0,0,0,0,0,0,0,0,0,0,0,0,0,0,0,0,0,0,0,0,0,0,0,0,0,39,2026-02-06 20:42:11.842459
SMMR,24.87,24.98,25.05,2479500.0,2021900.0,7224.0,,0,0,0,0,0,0,0,0,0,0,0,0,0,0,0,0,0,0,0,0,0,0,0,0,0,0,0,0,0,0,39,2026-02-06 20:42:11.842459
ATMN,25.15,25.12,25.15,2198700.0,1802500.0,6767.0,8154.0,0,0,0,0,0,0,0,0,0,0,0,0,0,0,0,0,0,0,0,0,0,0,0,0,0,0,0,0,0,0,39,2026-02-06 20:42:11.842459
WNTR,25.14,25.1,25.14,1676600.0,2074900.0,,17287.0,0,0,0,0,0,0,0,0,0,0,0,0,0,0,0,0,0,0,0,0,0,0,0,0,0,0,0,0,0,0,39,2026-02-06 20:42:11.842459
SPNG,24.73,24.73,25.19,2084300.0,2192200.0,0,0,0,0,0,0,0,0,0,0,0,0,0,0,0,0,0,0,0,0,0,0,0,0,0,0,0,0,0,0,0,0,40,2026-02-06 20:42:12.895024
SMMR,25.11,24.98,25.03,2479500.0,2312400.0,0,0,0,0,0,0,0,0,0,0,0,0,0,0,0,0,0,0,0,0,0,0,0,0,0,0,0,0,0,0,0,0,40,2026-02-06 20:42:12.895024
ATMN,25.12,24.89,25.07,2338500.0,2102600.0,0,0,0,0,0,0,0,0,0,0,0,0,0,0,0,0,0,0,0,0,0,0,0,0,0,0,0,0,0,0,0,0,40,2026-02-06 20:42:12.895024
WNTR,25.15,25.08,25.15,1966500.0,2065400.0,0,0,0,0,0,0,0,0,0,0,0,0,0,0,0,0,0,0,0,0,0,0,0,0,0,0,0,0,0,0,0,0,40,2026-02-06 20:42:12.895024
SPNG,24.95,24.73,24.94,1954500.0,100.0,2101700.0,100.0,0,0,0,0,0,0,0,0,0,0,0,0,0,0,0,0,0,0,0,0,0,0,0,0,0,0,0,0,0,0,41,2026-02-06 20:42:13.961763
SMMR,25.11,25.0,25.02,2340900.0,100.0,2193900.0,961.0,0,0,0,0,0,0,0,0,0,0,0,0,0,0,0,0,0,0,0,0,0,0,0,0,0,0,0,0,0,0,41,2026-02-06 20:42:13.961763
ATMN,24.82,24.82,25.05,2335600.0,,2002700.0,4423.0,0,0,0,0,0,0,0,0,0,0,0,0,0,0,0,0,0,0,0,0,0,0,0,0,0,0,0,0,0,0,41,2026-02-06 20:42:13.961763
WNTR,25.04,25.09,25.11,1899500.0,8120.0,1965000.0,4630.0,0,0,0,0,0,0,0,0,0,0,0,0,0,0,0,0,0,0,0,0,0,0,0,0,0,0,0,0,0,0,41,2026-02-06 20:42:13.961763
SPNG,25.08,25.08,25.19,1864100.0,1268.0,2192200.0,0,0,0,0,0,0,0,0,0,0,0,0,0,0,0,0,0,0,0,0,0,0,0,0,0,0,0,0,0,0,0,42,2026-02-06 20:42:15.026048
SMMR,25.03,25.0,25.03,2193000.0,7746.0,2283500.0,0,0,0,0,0,0,0,0,0,0,0,0,0,0,0,0,0,0,0,0,0,0,0,0,0,0,0,0,0,0,0,42,2026-02-06 20:42:15.026048
ATMN,25.07,24.84,24.89,2222100.0,7472.0,2113900.0,0,0,0,0,0,0,0,0,0,0,0,0,0,0,0,0,0,0,0,0,0,0,0,0,0,0,0,0,0,0,0,42,2026-02-06 20:42:15.026048
WNTR,25.17,25.12,25.17,1776600.0,16238.0,2065000.0,0,0,0,0,0,0,0,0,0,0,0,0,0,0,0,0,0,0,0,0,0,0,0,0,0,0,0,0,0,0,0,42,2026-02-06 20:42:15.026048
SPNG,24.73,24.73,24.76,1879400.0,1162.0,2112200.0,100.0,0,0,0,0,0,0,0,0,0,0,0,0,0,0,0,0,0,0,0,0,0,0,0,0,0,0,0,0,0,0,43,2026-02-06 20:42:16.127342
SMMR,25.03,24.97,25.01,2330300.0,100.0,2176300.0,7461.0,0,0,0,0,0,0,0,0,0,0,0,0,0,0,0,0,0,0,0,0,0,0,0,0,0,0,0,0,0,0,43,2026-02-06 20:42:16.127342
ATMN,25.08,25.1,25.14,2108800.0,7572.0,2026700.0,7291.0,0,0,0,0,0,0,0,0,0,0,0,0,0,0,0,0,0,0,0,0,0,0,0,0,0,0,0,0,0,0,43,2026-02-06 20:42:16.127342
WNTR,25.04,25.08,25.1,1989800.0,,1965500.0,7631.0,0,0,0,0,0,0,0,0,0,0,0,0,0,0,0,0,0,0,0,0,0,0,0,0,0,0,0,0,0,0,43,2026-02-06 20:42:16.127342
SPNG,24.73,24.73,24.76,1877500.0,1162.0,2112200.0,100.0,0,0,0,0,0,0,0,0,0,0,0,0,0,0,0,0,0,0,0,0,0,0,0,0,0,0,0,0,0,0,44,2026-02-06 20:42:16.725845
SMMR,24.97,24.97,25.01,2297400.0,100.0,2174500.0,7461.0,0,0,0,0,0,0,0,0,0,0,0,0,0,0,0,0,0,0,0,0,0,0,0,0,0,0,0,0,0,0,44,2026-02-06 20:42:16.725845
ATMN,24.87,24.89,25.14,2221000.0,7472.0,2026700.0,7291.0,0,0,0,0,0,0,0,0,0,0,0,0,0,0,0,0,0,0,0,0,0,0,0,0,0,0,0,0,0,0,44,2026-02-06 20:42:16.725845
WNTR,25.04,25.08,25.1,1989800.0,,1931500.0,7631.0,0,0,0,0,0,0,0,0,0,0,0,0,0,0,0,0,0,0,0,0,0,0,0,0,0,0,0,0,0,0,44,2026-02-06 20:42:16.725845
SPNG,24.76,24.89,25.25,1873900.0,1162.0,2185400.0,,0,0,0,0,0,0,0,0,0,0,0,0,0,0,0,0,0,0,0,0,0,0,0,0,0,0,0,0,0,0,45,2026-02-06 20:42:17.783006
SMMR,25.05,24.88,25.05,2437900.0,,2247400.0,,0,0,0,0,0,0,0,0,0,0,0,0,0,0,0,0,0,0,0,0,0,0,0,0,0,0,0,0,0,0,45,2026-02-06 20:42:17.783006
ATMN,24.79,24.79,24.85,2299000.0,,1909100.0,9297.0,0,0,0,0,0,0,0,0,0,0,0,0,0,0,0,0,0,0,0,0,0,0,0,0,0,0,0,0,0,0,45,2026-02-06 20:42:17.783006
WNTR,25.08,25.08,25.09,2013800.0,,1821200.0,15991.0,0,0,0,0,0,0,0,0,0,0,0,0,0,0,0,0,0,0,0,0,0,0,0,0,0,0,0,0,0,0,45,2026-02-06 20:42:17.783006
SPNG,24.67,24.77,25.22,2086800.0,100.0,2065000.0,,0,0,0,0,0,0,0,0,0,0,0,0,0,0,0,0,0,0,0,0,0,0,0,0,0,0,0,0,0,0,46,2026-02-06 20:42:18.845060
SMMR,25.05,24.9,24.97,2264600.0,7270.0,2138000.0,7270.0,0,0,0,0,0,0,0,0,0,0,0,0,0,0,0,0,0,0,0,0,0,0,0,0,0,0,0,0,0,0,46,2026-02-06 20:42:18.845060
ATMN,25.02,24.8,24.97,2203700.0,,2152700.0,7105.0,0,0,0,0,0,0,0,0,0,0,0,0,0,0,0,0,0,0,0,0,0,0,0,0,0,0,0,0,0,0,46,2026-02-06 20:42:18.845060
WNTR,25.13,25.05,25.13,2035100.0,,2040700.0,,0,0,0,0,0,0,0,0,0,0,0,0,0,0,0,0,0,0,0,0,0,0,0,0,0,0,0,0,0,0,46,2026-02-06 20:42:18.845060
SPNG,24.67,24.92,25.19,1991000.0,100.0,5920.0,1960100.0,0,0,0,0,0,0,0,0,0,0,0,0,0,0,0,0,0,0,0,0,0,0,0,0,0,0,0,0,0,0,47,2026-02-06 20:42:19.939587
SMMR,24.95,24.94,24.95,2039500.0,17311.0,,2281600.0,0,0,0,0,0,0,0,0,0,0,0,0,0,0,0,0,0,0,0,0,0,0,0,0,0,0,0,0,0,0,47,2026-02-06 20:42:19.939587
ATMN,24.79,24.79,24.95,2289400.0,,7010.0,2053100.0,0,0,0,0,0,0,0,0,0,0,0,0,0,0,0,0,0,0,0,0,0,0,0,0,0,0,0,0,0,0,47,2026-02-06 20:42:19.939587
WNTR,25.05,25.08,25.1,1929800.0,1365.0,14573.0,1784300.0,0,0,0,0,0,0,0,0,0,0,0,0,0,0,0,0,0,0,0,0,0,0,0,0,0,0,0,0,0,0,47,2026-02-06 20:42:19.939587
SPNG,24.94,25.33,25.4,1988000.0,100.0,2186900.0,,0,0,0,0,0,0,0,0,0,0,0,0,0,0,0,0,0,0,0,0,0,0,0,0,0,0,0,0,0,0,48,2026-02-06 20:42:21.114700
SMMR,24.87,24.85,24.86,2269200.0,6976.0,2087100.0,6976.0,0,0,0,0,0,0,0,0,0,0,0,0,0,0,0,0,0,0,0,0,0,0,0,0,0,0,0,0,0,0,48,2026-02-06 20:42:21.114700
ATMN,24.79,24.8,24.9,2221200.0,100.0,1974600.0,11051.0,0,0,0,0,0,0,0,0,0,0,0,0,0,0,0,0,0,0,0,0,0,0,0,0,0,0,0,0,0,0,48,2026-02-06 20:42:21.114700
WNTR,25.11,25.09,25.11,1843200.0,8500.0,1898000.0,7337.0,0,0,0,0,0,0,0,0,0,0,0,0,0,0,0,0,0,0,0,0,0,0,0,0,0,0,0,0,0,0,48,2026-02-06 20:42:21.114700
SPNG,24.61,24.61,25.41,2090600.0,2174200.0,,,0,0,0,0,0,0,0,0,0,0,0,0,0,0,0,0,0,0,0,0,0,0,0,0,0,0,0,0,0,0,49,2026-02-06 20:42:22.174821
SMMR,25.08,24.85,24.86,2110700.0,2115300.0,8689.0,5156.0,0,0,0,0,0,0,0,0,0,0,0,0,0,0,0,0,0,0,0,0,0,0,0,0,0,0,0,0,0,0,49,2026-02-06 20:42:22.174821
ATMN,24.8,24.8,25.02,2080300.0,2164300.0,2927.0,,0,0,0,0,0,0,0,0,0,0,0,0,0,0,0,0,0,0,0,0,0,0,0,0,0,0,0,0,0,0,49,2026-02-06 20:42:22.174821
WNTR,25.09,25.09,25.1,1908000.0,1792000.0,7032.0,14472.0,0,0,0,0,0,0,0,0,0,0,0,0,0,0,0,0,0,0,0,0,0,0,0,0,0,0,0,0,0,0,49,2026-02-06 20:42:22.174821
SPNG,25.02,24.69,24.96,1899.0,1982900.0,2183800.0,,0,0,0,0,0,0,0,0,0,0,0,0,0,0,0,0,0,0,0,0,0,0,0,0,0,0,0,0,0,0,50,2026-02-06 20:42:23.255261
SMMR,25.06,25.06,25.08,,2358200.0,2222500.0,,0,0,0,0,0,0,0,0,0,0,0,0,0,0,0,0,0,0,0,0,0,0,0,0,0,0,0,0,0,0,50,2026-02-06 20:42:23.255261
ATMN,25.02,25.0,25.02,,2330200.0,2164300.0,,0,0,0,0,0,0,0,0,0,0,0,0,0,0,0,0,0,0,0,0,0,0,0,0,0,0,0,0,0,0,50,2026-02-06 20:42:23.255261
WNTR,25.09,25.02,25.04,,2048700.0,1977000.0,100.0,0,0,0,0,0,0,0,0,0,0,0,0,0,0,0,0,0,0,0,0,0,0,0,0,0,0,0,0,0,0,50,2026-02-06 20:42:23.255261
SPNG,25.02,24.69,24.96,1899.0,2009600.0,2183800.0,0,0,0,0,0,0,0,0,0,0,0,0,0,0,0,0,0,0,0,0,0,0,0,0,0,0,0,0,0,0,0,51,2026-02-06 20:42:23.820823
SMMR,25.11,25.06,25.11,,2358200.0,2239700.0,0,0,0,0,0,0,0,0,0,0,0,0,0,0,0,0,0,0,0,0,0,0,0,0,0,0,0,0,0,0,0,51,2026-02-06 20:42:23.820823
ATMN,25.0,24.91,24.96,,2322400.0,2168700.0,0,0,0,0,0,0,0,0,0,0,0,0,0,0,0,0,0,0,0,0,0,0,0,0,0,0,0,0,0,0,0,51,2026-02-06 20:42:23.820823
WNTR,25.17,25.02,25.17,,2039700.0,2098200.0,0,0,0,0,0,0,0,0,0,0,0,0,0,0,0,0,0,0,0,0,0,0,0,0,0,0,0,0,0,0,0,51,2026-02-06 20:42:23.820823
SPNG,25.41,24.71,25.41,7311.0,1904300.0,2174200.0,,0,0,0,0,0,0,0,0,0,0,0,0,0,0,0,0,0,0,0,0,0,0,0,0,0,0,0,0,0,0,52,2026-02-06 20:42:24.896104
SMMR,24.89,24.89,24.9,,2358000.0,2162300.0,6670.0,0,0,0,0,0,0,0,0,0,0,0,0,0,0,0,0,0,0,0,0,0,0,0,0,0,0,0,0,0,0,52,2026-02-06 20:42:24.896104
ATMN,24.79,24.79,24.95,,2310000.0,2057300.0,6519.0,0,0,0,0,0,0,0,0,0,0,0,0,0,0,0,0,0,0,0,0,0,0,0,0,0,0,0,0,0,0,52,2026-02-06 20:42:24.896104
WNTR,25.17,25.08,25.17,,2039300.0,2098200.0,,0,0,0,0,0,0,0,0,0,0,0,0,0,0,0,0,0,0,0,0,0,0,0,0,0,0,0,0,0,0,52,2026-02-06 20:42:24.896104
SPNG,25.41,25.42,25.45,1776300.0,7411.0,2154700.0,,0,0,0,0,0,0,0,0,0,0,0,0,0,0,0,0,0,0,0,0,0,0,0,0,0,0,0,0,0,0,53,2026-02-06 20:42:25.993112
SMMR,24.87,24.85,24.86,2366700.0,,2237800.0,6670.0,0,0,0,0,0,0,0,0,0,0,0,0,0,0,0,0,0,0,0,0,0,0,0,0,0,0,0,0,0,0,53,2026-02-06 20:42:25.993112
ATMN,24.96,24.81,24.93,2004600.0,12731.0,1938300.0,7076.0,0,0,0,0,0,0,0,0,0,0,0,0,0,0,0,0,0,0,0,0,0,0,0,0,0,0,0,0,0,0,53,2026-02-06 20:42:25.993112
WNTR,25.18,25.1,25.18,1857600.0,13324.0,2082100.0,,0,0,0,0,0,0,0,0,0,0,0,0,0,0,0,0,0,0,0,0,0,0,0,0,0,0,0,0,0,0,53,2026-02-06 20:42:25.993112
SPNG,25.17,24.79,25.17,7411.0,1822100.0,2056700.0,100.0,0,0,0,0,0,0,0,0,0,0,0,0,0,0,0,0,0,0,0,0,0,0,0,0,0,0,0,0,0,0,54,2026-02-06 20:42:27.162526
SMMR,24.9,24.86,24.9,6461.0,2206600.0,2208400.0,6670.0,0,0,0,0,0,0,0,0,0,0,0,0,0,0,0,0,0,0,0,0,0,0,0,0,0,0,0,0,0,0,54,2026-02-06 20:42:27.162526
ATMN,24.96,24.83,24.96,12731.0,2004600.0,2127400.0,,0,0,0,0,0,0,0,0,0,0,0,0,0,0,0,0,0,0,0,0,0,0,0,0,0,0,0,0,0,0,54,2026-02-06 20:42:27.162526
WNTR,25.12,25.1,25.12,6716.0,1948300.0,2026900.0,,0,0,0,0,0,0,0,0,0,0,0,0,0,0,0,0,0,0,0,0,0,0,0,0,0,0,0,0,0,0,54,2026-02-06 20:42:27.162526
SPNG,24.97,25.01,25.38,2161900.0,2156700.0,0,0,0,0,0,0,0,0,0,0,0,0,0,0,0,0,0,0,0,0,0,0,0,0,0,0,0,0,0,0,0,0,55,2026-02-06 20:42:28.221226
SMMR,24.87,24.87,24.91,2348300.0,2236100.0,0,0,0,0,0,0,0,0,0,0,0,0,0,0,0,0,0,0,0,0,0,0,0,0,0,0,0,0,0,0,0,0,55,2026-02-06 20:42:28.221226
ATMN,24.8,24.89,24.96,2261000.0,2127400.0,0,0,0,0,0,0,0,0,0,0,0,0,0,0,0,0,0,0,0,0,0,0,0,0,0,0,0,0,0,0,0,0,55,2026-02-06 20:42:28.221226
WNTR,25.04,25.04,25.19,2028100.0,2026900.0,0,0,0,0,0,0,0,0,0,0,0,0,0,0,0,0,0,0,0,0,0,0,0,0,0,0,0,0,0,0,0,0,55,2026-02-06 20:42:28.221226
SPNG,24.97,25.01,25.38,2161900.0,2175700.0,0,0,0,0,0,0,0,0,0,0,0,0,0,0,0,0,0,0,0,0,0,0,0,0,0,0,0,0,0,0,0,0,56,2026-02-06 20:42:28.810109
SMMR,24.87,24.87,25.04,2348300.0,2233600.0,0,0,0,0,0,0,0,0,0,0,0,0,0,0,0,0,0,0,0,0,0,0,0,0,0,0,0,0,0,0,0,0,56,2026-02-06 20:42:28.810109
ATMN,24.8,24.89,24.96,2261000.0,2127400.0,0,0,0,0,0,0,0,0,0,0,0,0,0,0,0,0,0,0,0,0,0,0,0,0,0,0,0,0,0,0,0,0,56,2026-02-06 20:42:28.810109
WNTR,25.02,25.07,25.19,2038700.0,2026900.0,0,0,0,0,0,0,0,0,0,0,0,0,0,0,0,0,0,0,0,0,0,0,0,0,0,0,0,0,0,0,0,0,56,2026-02-06 20:42:28.810109
SPNG,25.01,25.01,25.2,2161900.0,2175300.0,0,0,0,0,0,0,0,0,0,0,0,0,0,0,0,0,0,0,0,0,0,0,0,0,0,0,0,0,0,0,0,0,57,2026-02-06 20:42:29.912882
SMMR,25.04,24.84,25.04,2324500.0,2242300.0,0,0,0,0,0,0,0,0,0,0,0,0,0,0,0,0,0,0,0,0,0,0,0,0,0,0,0,0,0,0,0,0,57,2026-02-06 20:42:29.912882
ATMN,25.02,24.92,25.02,2260500.0,2139900.0,0,0,0,0,0,0,0,0,0,0,0,0,0,0,0,0,0,0,0,0,0,0,0,0,0,0,0,0,0,0,0,0,57,2026-02-06 20:42:29.912882
WNTR,25.07,25.07,25.19,2061500.0,2026900.0,0,0,0,0,0,0,0,0,0,0,0,0,0,0,0,0,0,0,0,0,0,0,0,0,0,0,0,0,0,0,0,0,57,2026-02-06 20:42:29.912882
SPNG,24.84,24.61,24.84,2149900.0,2200600.0,0,0,0,0,0,0,0,0,0,0,0,0,0,0,0,0,0,0,0,0,0,0,0,0,0,0,0,0,0,0,0,0,58,2026-02-06 20:42:31.018295
SMMR,24.83,24.83,24.88,2303100.0,2268400.0,0,0,0,0,0,0,0,0,0,0,0,0,0,0,0,0,0,0,0,0,0,0,0,0,0,0,0,0,0,0,0,0,58,2026-02-06 20:42:31.018295
ATMN,25.02,25.02,25.1,2219200.0,2159300.0,0,0,0,0,0,0,0,0,0,0,0,0,0,0,0,0,0,0,0,0,0,0,0,0,0,0,0,0,0,0,0,0,58,2026-02-06 20:42:31.018295
WNTR,25.07,25.07,25.09,2061500.0,2008600.0,0,0,0,0,0,0,0,0,0,0,0,0,0,0,0,0,0,0,0,0,0,0,0,0,0,0,0,0,0,0,0,0,58,2026-02-06 20:42:31.018295
SPNG,24.84,25.12,25.2,2200600.0,2175300.0,0,0,0,0,0,0,0,0,0,0,0,0,0,0,0,0,0,0,0,0,0,0,0,0,0,0,0,0,0,0,0,0,59,2026-02-06 20:42:32.141095
SMMR,24.83,24.83,24.88,2282700.0,2280300.0,0,0,0,0,0,0,0,0,0,0,0,0,0,0,0,0,0,0,0,0,0,0,0,0,0,0,0,0,0,0,0,0,59,2026-02-06 20:42:32.141095
ATMN,24.89,24.89,25.15,2261000.0,2183900.0,0,0,0,0,0,0,0,0,0,0,0,0,0,0,0,0,0,0,0,0,0,0,0,0,0,0,0,0,0,0,0,0,59,2026-02-06 20:42:32.141095
WNTR,25.09,25.07,25.09,2073300.0,2012200.0,0,0,0,0,0,0,0,0,0,0,0,0,0,0,0,0,0,0,0,0,0,0,0,0,0,0,0,0,0,0,0,0,59,2026-02-06 20:42:32.141095
SPNG,25.38,24.21,24.62,1006200.0,817100.0,0,0,0,0,0,0,0,0,0,0,0,0,0,0,0,0,0,0,0,0,0,0,0,0,0,0,0,0,0,0,0,0,60,2026-02-06 20:42:33.244262
SMMR,24.83,23.89,23.99,960500.0,1049700.0,0,0,0,0,0,0,0,0,0,0,0,0,0,0,0,0,0,0,0,0,0,0,0,0,0,0,0,0,0,0,0,0,60,2026-02-06 20:42:33.244262
ATMN,24.79,25.42,25.51,871300.0,788000.0,0,0,0,0,0,0,0,0,0,0,0,0,0,0,0,0,0,0,0,0,0,0,0,0,0,0,0,0,0,0,0,0,60,2026-02-06 20:42:33.244262
WNTR,23.85,23.85,24.02,894600.0,905500.0,0,0,0,0,0,0,0,0,0,0,0,0,0,0,0,0,0,0,0,0,0,0,0,0,0,0,0,0,0,0,0,0,60,2026-02-06 20:42:33.244262
SPNG,23.84,23.84,24.03,1027700.0,921100.0,0,0,0,0,0,0,0,0,0,0,0,0,0,0,0,0,0,0,0,0,0,0,0,0,0,0,0,0,0,0,0,0,61,2026-02-06 20:42:33.834949
SMMR,23.89,23.89,23.99,1087500.0,1049700.0,0,0,0,0,0,0,0,0,0,0,0,0,0,0,0,0,0,0,0,0,0,0,0,0,0,0,0,0,0,0,0,0,61,2026-02-06 20:42:33.834949
ATMN,24.79,25.42,25.51,994700.0,875700.0,0,0,0,0,0,0,0,0,0,0,0,0,0,0,0,0,0,0,0,0,0,0,0,0,0,0,0,0,0,0,0,0,61,2026-02-06 20:42:33.834949
WNTR,23.85,23.85,23.89,894600.0,1124300.0,0,0,0,0,0,0,0,0,0,0,0,0,0,0,0,0,0,0,0,0,0,0,0,0,0,0,0,0,0,0,0,0,61,2026-02-06 20:42:33.834949
SPNG,23.84,23.84,24.03,1027700.0,1381900.0,,0,0,0,0,0,0,0,0,0,0,0,0,0,0,0,0,0,0,0,0,0,0,0,0,0,0,0,0,0,0,0,62,2026-02-06 20:42:35.012143
SMMR,23.91,23.91,23.98,1141000.0,1049700.0,5377.0,0,0,0,0,0,0,0,0,0,0,0,0,0,0,0,0,0,0,0,0,0,0,0,0,0,0,0,0,0,0,0,62,2026-02-06 20:42:35.012143
ATMN,25.42,25.42,25.49,894700.0,1148500.0,5255.0,0,0,0,0,0,0,0,0,0,0,0,0,0,0,0,0,0,0,0,0,0,0,0,0,0,0,0,0,0,0,0,62,2026-02-06 20:42:35.012143
WNTR,23.89,23.68,23.89,909300.0,1124300.0,4675.0,0,0,0,0,0,0,0,0,0,0,0,0,0,0,0,0,0,0,0,0,0,0,0,0,0,0,0,0,0,0,0,62,2026-02-06 20:42:35.012143
SPNG,23.84,23.99,24.03,1200000.0,1477700.0,0,0,0,0,0,0,0,0,0,0,0,0,0,0,0,0,0,0,0,0,0,0,0,0,0,0,0,0,0,0,0,0,63,2026-02-06 20:42:36.224015
SMMR,23.91,23.93,23.94,1364200.0,1296800.0,0,0,0,0,0,0,0,0,0,0,0,0,0,0,0,0,0,0,0,0,0,0,0,0,0,0,0,0,0,0,0,0,63,2026-02-06 20:42:36.224015
ATMN,25.44,25.44,25.51,1133100.0,1247400.0,0,0,0,0,0,0,0,0,0,0,0,0,0,0,0,0,0,0,0,0,0,0,0,0,0,0,0,0,0,0,0,0,63,2026-02-06 20:42:36.224015
WNTR,23.55,23.84,23.89,1236100.0,1124300.0,0,0,0,0,0,0,0,0,0,0,0,0,0,0,0,0,0,0,0,0,0,0,0,0,0,0,0,0,0,0,0,0,63,2026-02-06 20:42:36.224015
SPNG,23.84,22.72,23.75,1133100.0,1712400.0,0,0,0,0,0,0,0,0,0,0,0,0,0,0,0,0,0,0,0,0,0,0,0,0,0,0,0,0,0,0,0,0,64,2026-02-06 20:42:36.833894
SMMR,23.99,23.89,23.99,1225300.0,1185900.0,0,0,0,0,0,0,0,0,0,0,0,0,0,0,0,0,0,0,0,0,0,0,0,0,0,0,0,0,0,0,0,0,64,2026-02-06 20:42:36.833894
ATMN,25.44,25.48,25.51,1230300.0,1247400.0,0,0,0,0,0,0,0,0,0,0,0,0,0,0,0,0,0,0,0,0,0,0,0,0,0,0,0,0,0,0,0,0,64,2026-02-06 20:42:36.833894
WNTR,23.55,23.84,23.89,1435500.0,1124300.0,0,0,0,0,0,0,0,0,0,0,0,0,0,0,0,0,0,0,0,0,0,0,0,0,0,0,0,0,0,0,0,0,64,2026-02-06 20:42:36.833894
SPNG,24.03,23.24,24.03,1394300.0,1601900.0,0,0,0,0,0,0,0,0,0,0,0,0,0,0,0,0,0,0,0,0,0,0,0,0,0,0,0,0,0,0,0,0,65,2026-02-06 20:42:37.893142
SMMR,23.99,23.89,23.99,1464200.0,1284500.0,0,0,0,0,0,0,0,0,0,0,0,0,0,0,0,0,0,0,0,0,0,0,0,0,0,0,0,0,0,0,0,0,65,2026-02-06 20:42:37.893142
ATMN,25.4,25.4,25.45,925600.0,1368900.0,0,0,0,0,0,0,0,0,0,0,0,0,0,0,0,0,0,0,0,0,0,0,0,0,0,0,0,0,0,0,0,0,65,2026-02-06 20:42:37.893142
WNTR,24.02,23.84,24.02,1435500.0,1019100.0,0,0,0,0,0,0,0,0,0,0,0,0,0,0,0,0,0,0,0,0,0,0,0,0,0,0,0,0,0,0,0,0,65,2026-02-06 20:42:37.893142
SPNG,23.54,23.54,24.03,1493700.0,1601900.0,0,0,0,0,0,0,0,0,0,0,0,0,0,0,0,0,0,0,0,0,0,0,0,0,0,0,0,0,0,0,0,0,66,2026-02-06 20:42:38.942269
SMMR,23.81,23.81,23.99,1258100.0,1284500.0,0,0,0,0,0,0,0,0,0,0,0,0,0,0,0,0,0,0,0,0,0,0,0,0,0,0,0,0,0,0,0,0,66,2026-02-06 20:42:38.942269
ATMN,25.4,25.34,25.35,961500.0,1597700.0,0,0,0,0,0,0,0,0,0,0,0,0,0,0,0,0,0,0,0,0,0,0,0,0,0,0,0,0,0,0,0,0,66,2026-02-06 20:42:38.942269
WNTR,23.84,23.84,24.01,1435500.0,1313100.0,0,0,0,0,0,0,0,0,0,0,0,0,0,0,0,0,0,0,0,0,0,0,0,0,0,0,0,0,0,0,0,0,66,2026-02-06 20:42:38.942269
SPNG,23.42,23.7,23.99,1689700.0,100.0,7647.0,1601900.0,0,0,0,0,0,0,0,0,0,0,0,0,0,0,0,0,0,0,0,0,0,0,0,0,0,0,0,0,0,0,67,2026-02-06 20:42:40.011788
SMMR,23.89,23.89,23.98,1390500.0,4262.0,8011.0,1428800.0,0,0,0,0,0,0,0,0,0,0,0,0,0,0,0,0,0,0,0,0,0,0,0,0,0,0,0,0,0,0,67,2026-02-06 20:42:40.011788
ATMN,25.34,25.34,25.51,961500.0,4901.0,,1454200.0,0,0,0,0,0,0,0,0,0,0,0,0,0,0,0,0,0,0,0,0,0,0,0,0,0,0,0,0,0,0,67,2026-02-06 20:42:40.011788
WNTR,23.76,23.6,23.76,1345400.0,3947.0,15837.0,1425300.0,0,0,0,0,0,0,0,0,0,0,0,0,0,0,0,0,0,0,0,0,0,0,0,0,0,0,0,0,0,0,67,2026-02-06 20:42:40.011788
SPNG,24.03,23.72,24.03,1984.0,1689700.0,1721700.0,,0,0,0,0,0,0,0,0,0,0,0,0,0,0,0,0,0,0,0,0,0,0,0,0,0,0,0,0,0,0,68,2026-02-06 20:42:41.174068
SMMR,24.05,23.75,23.8,7479.0,1258400.0,1416900.0,100.0,0,0,0,0,0,0,0,0,0,0,0,0,0,0,0,0,0,0,0,0,0,0,0,0,0,0,0,0,0,0,68,2026-02-06 20:42:41.174068
ATMN,25.34,25.39,25.42,13380.0,1184700.0,1679200.0,200.0,0,0,0,0,0,0,0,0,0,0,0,0,0,0,0,0,0,0,0,0,0,0,0,0,0,0,0,0,0,0,68,2026-02-06 20:42:41.174068
WNTR,23.69,23.69,23.72,3947.0,1787000.0,1425300.0,15837.0,0,0,0,0,0,0,0,0,0,0,0,0,0,0,0,0,0,0,0,0,0,0,0,0,0,0,0,0,0,0,68,2026-02-06 20:42:41.174068
SPNG,24.1,23.88,24.05,2084.0,1890000.0,1502.0,1617700.0,0,0,0,0,0,0,0,0,0,0,0,0,0,0,0,0,0,0,0,0,0,0,0,0,0,0,0,0,0,0,69,2026-02-06 20:42:42.274026
SMMR,23.8,23.55,23.78,7595.0,1287300.0,7994.0,1416900.0,0,0,0,0,0,0,0,0,0,0,0,0,0,0,0,0,0,0,0,0,0,0,0,0,0,0,0,0,0,0,69,2026-02-06 20:42:42.274026
ATMN,25.34,25.34,25.41,4901.0,1062400.0,4738.0,1681800.0,0,0,0,0,0,0,0,0,0,0,0,0,0,0,0,0,0,0,0,0,0,0,0,0,0,0,0,0,0,0,69,2026-02-06 20:42:42.274026
WNTR,23.69,23.69,23.72,10163.0,2004800.0,15837.0,1425300.0,0,0,0,0,0,0,0,0,0,0,0,0,0,0,0,0,0,0,0,0,0,0,0,0,0,0,0,0,0,0,69,2026-02-06 20:42:42.274026
SPNG,24.1,23.88,24.05,2084.0,2002900.0,1502.0,1733500.0,0,0,0,0,0,0,0,0,0,0,0,0,0,0,0,0,0,0,0,0,0,0,0,0,0,0,0,0,0,0,70,2026-02-06 20:42:42.857946
SMMR,23.8,23.71,23.78,7595.0,1682900.0,7994.0,1416900.0,0,0,0,0,0,0,0,0,0,0,0,0,0,0,0,0,0,0,0,0,0,0,0,0,0,0,0,0,0,0,70,2026-02-06 20:42:42.857946
ATMN,25.43,25.34,25.43,4901.0,1062400.0,100.0,1892200.0,0,0,0,0,0,0,0,0,0,0,0,0,0,0,0,0,0,0,0,0,0,0,0,0,0,0,0,0,0,0,70,2026-02-06 20:42:42.857946
WNTR,24.02,24.06,24.08,10163.0,1979600.0,,1108900.0,0,0,0,0,0,0,0,0,0,0,0,0,0,0,0,0,0,0,0,0,0,0,0,0,0,0,0,0,0,0,70,2026-02-06 20:42:42.857946
SPNG,23.92,23.86,23.92,2134500.0,1947700.0,751.0,,0,0,0,0,0,0,0,0,0,0,0,0,0,0,0,0,0,0,0,0,0,0,0,0,0,0,0,0,0,0,71,2026-02-06 20:42:43.962416
SMMR,23.8,23.84,24.0,1824400.0,1533300.0,,,0,0,0,0,0,0,0,0,0,0,0,0,0,0,0,0,0,0,0,0,0,0,0,0,0,0,0,0,0,0,71,2026-02-06 20:42:43.962416
ATMN,25.17,25.35,25.42,1031700.0,1918700.0,100.0,4799.0,0,0,0,0,0,0,0,0,0,0,0,0,0,0,0,0,0,0,0,0,0,0,0,0,0,0,0,0,0,0,71,2026-02-06 20:42:43.962416
WNTR,24.08,23.83,24.08,2231700.0,1108900.0,,,0,0,0,0,0,0,0,0,0,0,0,0,0,0,0,0,0,0,0,0,0,0,0,0,0,0,0,0,0,0,71,2026-02-06 20:42:43.962416
SPNG,23.86,23.87,23.91,2336.0,2134500.0,851.0,2009900.0,0,0,0,0,0,0,0,0,0,0,0,0,0,0,0,0,0,0,0,0,0,0,0,0,0,0,0,0,0,0,72,2026-02-06 20:42:45.086525
SMMR,23.71,23.74,24.1,9625.0,1682900.0,,1246400.0,0,0,0,0,0,0,0,0,0,0,0,0,0,0,0,0,0,0,0,0,0,0,0,0,0,0,0,0,0,0,72,2026-02-06 20:42:45.086525
ATMN,25.43,25.37,25.43,11300.0,1220100.0,,1902900.0,0,0,0,0,0,0,0,0,0,0,0,0,0,0,0,0,0,0,0,0,0,0,0,0,0,0,0,0,0,0,72,2026-02-06 20:42:45.086525
WNTR,23.83,23.83,23.93,,2231700.0,4941.0,1394600.0,0,0,0,0,0,0,0,0,0,0,0,0,0,0,0,0,0,0,0,0,0,0,0,0,0,0,0,0,0,0,72,2026-02-06 20:42:45.086525
SPNG,23.9,23.9,23.91,2074300.0,100.0,951.0,1921900.0,0,0,0,0,0,0,0,0,0,0,0,0,0,0,0,0,0,0,0,0,0,0,0,0,0,0,0,0,0,0,73,2026-02-06 20:42:46.288665
SMMR,23.59,23.6,23.62,1667400.0,1019.0,19625.0,1373500.0,0,0,0,0,0,0,0,0,0,0,0,0,0,0,0,0,0,0,0,0,0,0,0,0,0,0,0,0,0,0,73,2026-02-06 20:42:46.288665
ATMN,25.2,25.2,25.43,1345800.0,100.0,100.0,1914700.0,0,0,0,0,0,0,0,0,0,0,0,0,0,0,0,0,0,0,0,0,0,0,0,0,0,0,0,0,0,0,73,2026-02-06 20:42:46.288665
WNTR,23.83,23.69,23.82,2216900.0,,19882.0,1694700.0,0,0,0,0,0,0,0,0,0,0,0,0,0,0,0,0,0,0,0,0,0,0,0,0,0,0,0,0,0,0,73,2026-02-06 20:42:46.288665
SPNG,23.77,23.77,23.91,1950500.0,951.0,1956800.0,,0,0,0,0,0,0,0,0,0,0,0,0,0,0,0,0,0,0,0,0,0,0,0,0,0,0,0,0,0,0,74,2026-02-06 20:42:46.895463
SMMR,23.62,23.6,23.62,1808800.0,19625.0,1373500.0,1019.0,0,0,0,0,0,0,0,0,0,0,0,0,0,0,0,0,0,0,0,0,0,0,0,0,0,0,0,0,0,0,74,2026-02-06 20:42:46.895463
ATMN,25.51,25.2,25.36,1345800.0,,1916200.0,100.0,0,0,0,0,0,0,0,0,0,0,0,0,0,0,0,0,0,0,0,0,0,0,0,0,0,0,0,0,0,0,74,2026-02-06 20:42:46.895463
WNTR,23.88,23.69,23.88,2216900.0,14786.0,1691900.0,,0,0,0,0,0,0,0,0,0,0,0,0,0,0,0,0,0,0,0,0,0,0,0,0,0,0,0,0,0,0,74,2026-02-06 20:42:46.895463
SPNG,23.7,23.63,23.7,2054200.0,1966200.0,951.0,,0,0,0,0,0,0,0,0,0,0,0,0,0,0,0,0,0,0,0,0,0,0,0,0,0,0,0,0,0,0,75,2026-02-06 20:42:47.982619
SMMR,23.72,23.97,24.0,2073400.0,1246400.0,19625.0,,0,0,0,0,0,0,0,0,0,0,0,0,0,0,0,0,0,0,0,0,0,0,0,0,0,0,0,0,0,0,75,2026-02-06 20:42:47.982619
ATMN,25.36,25.26,25.36,1589900.0,1916200.0,,9427.0,0,0,0,0,0,0,0,0,0,0,0,0,0,0,0,0,0,0,0,0,0,0,0,0,0,0,0,0,0,0,75,2026-02-06 20:42:47.982619
WNTR,23.88,23.92,23.93,2110000.0,1502300.0,14786.0,5096.0,0,0,0,0,0,0,0,0,0,0,0,0,0,0,0,0,0,0,0,0,0,0,0,0,0,0,0,0,0,0,75,2026-02-06 20:42:47.982619
SPNG,23.91,23.64,23.91,1953400.0,2243900.0,,,0,0,0,0,0,0,0,0,0,0,0,0,0,0,0,0,0,0,0,0,0,0,0,0,0,0,0,0,0,0,76,2026-02-06 20:42:49.054162
SMMR,23.66,23.66,23.8,1951500.0,1617800.0,100.0,10000.0,0,0,0,0,0,0,0,0,0,0,0,0,0,0,0,0,0,0,0,0,0,0,0,0,0,0,0,0,0,0,76,2026-02-06 20:42:49.054162
ATMN,25.53,25.28,25.53,1728900.0,1679900.0,100.0,,0,0,0,0,0,0,0,0,0,0,0,0,0,0,0,0,0,0,0,0,0,0,0,0,0,0,0,0,0,0,76,2026-02-06 20:42:49.054162
WNTR,23.71,23.73,23.78,2114500.0,1502300.0,5096.0,9910.0,0,0,0,0,0,0,0,0,0,0,0,0,0,0,0,0,0,0,0,0,0,0,0,0,0,0,0,0,0,0,76,2026-02-06 20:42:49.054162
SPNG,23.54,23.73,23.89,2067800.0,6766.0,2155900.0,,0,0,0,0,0,0,0,0,0,0,0,0,0,0,0,0,0,0,0,0,0,0,0,0,0,0,0,0,0,0,77,2026-02-06 20:42:50.242990
SMMR,23.71,23.66,23.68,1951500.0,100.0,1762600.0,9501.0,0,0,0,0,0,0,0,0,0,0,0,0,0,0,0,0,0,0,0,0,0,0,0,0,0,0,0,0,0,0,77,2026-02-06 20:42:50.242990
ATMN,25.37,25.37,25.51,1947500.0,8543.0,1679900.0,9336.0,0,0,0,0,0,0,0,0,0,0,0,0,0,0,0,0,0,0,0,0,0,0,0,0,0,0,0,0,0,0,77,2026-02-06 20:42:50.242990
WNTR,23.77,23.83,23.89,2004400.0,7212.0,1701700.0,14712.0,0,0,0,0,0,0,0,0,0,0,0,0,0,0,0,0,0,0,0,0,0,0,0,0,0,0,0,0,0,0,77,2026-02-06 20:42:50.242990
SPNG,23.73,23.73,23.92,2067800.0,100.0,2219800.0,,0,0,0,0,0,0,0,0,0,0,0,0,0,0,0,0,0,0,0,0,0,0,0,0,0,0,0,0,0,0,78,2026-02-06 20:42:50.895364
SMMR,24.1,23.66,23.73,2097200.0,9501.0,1614400.0,,0,0,0,0,0,0,0,0,0,0,0,0,0,0,0,0,0,0,0,0,0,0,0,0,0,0,0,0,0,0,78,2026-02-06 20:42:50.895364
ATMN,25.58,25.39,25.56,1947500.0,11366.0,1792100.0,,0,0,0,0,0,0,0,0,0,0,0,0,0,0,0,0,0,0,0,0,0,0,0,0,0,0,0,0,0,0,78,2026-02-06 20:42:50.895364
WNTR,23.77,23.83,23.88,2004400.0,14712.0,1941800.0,7212.0,0,0,0,0,0,0,0,0,0,0,0,0,0,0,0,0,0,0,0,0,0,0,0,0,0,0,0,0,0,0,78,2026-02-06 20:42:50.895364
SPNG,24.09,24.09,24.14,2166500.0,5100.0,2019700.0,0,0,0,0,0,0,0,0,0,0,0,0,0,0,0,0,0,0,0,0,0,0,0,0,0,0,0,0,0,0,0,79,2026-02-06 20:42:52.037447
SMMR,23.87,23.67,23.81,2240000.0,10200.0,1634400.0,0,0,0,0,0,0,0,0,0,0,0,0,0,0,0,0,0,0,0,0,0,0,0,0,0,0,0,0,0,0,0,79,2026-02-06 20:42:52.037447
ATMN,25.56,25.43,25.56,1748300.0,21366.0,1792100.0,0,0,0,0,0,0,0,0,0,0,0,0,0,0,0,0,0,0,0,0,0,0,0,0,0,0,0,0,0,0,0,79,2026-02-06 20:42:52.037447
WNTR,23.81,23.81,23.91,2134500.0,5096.0,1910100.0,0,0,0,0,0,0,0,0,0,0,0,0,0,0,0,0,0,0,0,0,0,0,0,0,0,0,0,0,0,0,0,79,2026-02-06 20:42:52.037447
SPNG,24.14,23.99,24.01,2039700.0,2119900.0,,,0,0,0,0,0,0,0,0,0,0,0,0,0,0,0,0,0,0,0,0,0,0,0,0,0,0,0,0,0,0,80,2026-02-06 20:42:53.272862
SMMR,23.81,23.69,23.8,2512700.0,1780600.0,3733.0,9237.0,0,0,0,0,0,0,0,0,0,0,0,0,0,0,0,0,0,0,0,0,0,0,0,0,0,0,0,0,0,0,80,2026-02-06 20:42:53.272862
ATMN,25.36,25.36,25.56,2055300.0,1792100.0,,,0,0,0,0,0,0,0,0,0,0,0,0,0,0,0,0,0,0,0,0,0,0,0,0,0,0,0,0,0,0,80,2026-02-06 20:42:53.272862
WNTR,23.99,23.85,23.91,2134500.0,1610200.0,5091.0,8501.0,0,0,0,0,0,0,0,0,0,0,0,0,0,0,0,0,0,0,0,0,0,0,0,0,0,0,0,0,0,0,80,2026-02-06 20:42:53.272862
SPNG,23.54,24.0,24.01,100.0,1943600.0,2163400.0,,0,0,0,0,0,0,0,0,0,0,0,0,0,0,0,0,0,0,0,0,0,0,0,0,0,0,0,0,0,0,81,2026-02-06 20:42:54.015703
SMMR,23.81,23.69,23.81,3733.0,2505600.0,1780600.0,,0,0,0,0,0,0,0,0,0,0,0,0,0,0,0,0,0,0,0,0,0,0,0,0,0,0,0,0,0,0,81,2026-02-06 20:42:54.015703
ATMN,25.33,25.33,25.47,,1925800.0,1906600.0,100.0,0,0,0,0,0,0,0,0,0,0,0,0,0,0,0,0,0,0,0,0,0,0,0,0,0,0,0,0,0,0,81,2026-02-06 20:42:54.015703
WNTR,23.75,23.88,23.91,,2262200.0,1703700.0,8501.0,0,0,0,0,0,0,0,0,0,0,0,0,0,0,0,0,0,0,0,0,0,0,0,0,0,0,0,0,0,0,81,2026-02-06 20:42:54.015703
SPNG,23.73,23.75,23.97,100.0,2078000.0,2180700.0,,0,0,0,0,0,0,0,0,0,0,0,0,0,0,0,0,0,0,0,0,0,0,0,0,0,0,0,0,0,0,82,2026-02-06 20:42:55.308811
SMMR,23.9,23.95,23.99,23733.0,2227900.0,2020500.0,2048.0,0,0,0,0,0,0,0,0,0,0,0,0,0,0,0,0,0,0,0,0,0,0,0,0,0,0,0,0,0,0,82,2026-02-06 20:42:55.308811
ATMN,25.33,25.46,25.47,4455.0,2134800.0,1810000.0,6783.0,0,0,0,0,0,0,0,0,0,0,0,0,0,0,0,0,0,0,0,0,0,0,0,0,0,0,0,0,0,0,82,2026-02-06 20:42:55.308811
WNTR,23.75,23.88,23.89,9326.0,2147500.0,1779400.0,13592.0,0,0,0,0,0,0,0,0,0,0,0,0,0,0,0,0,0,0,0,0,0,0,0,0,0,0,0,0,0,0,82,2026-02-06 20:42:55.308811
SPNG,23.73,23.54,23.57,2083600.0,2114100.0,100.0,,0,0,0,0,0,0,0,0,0,0,0,0,0,0,0,0,0,0,0,0,0,0,0,0,0,0,0,0,0,0,83,2026-02-06 20:42:55.892126
SMMR,23.9,23.9,23.99,2334700.0,2136000.0,2048.0,13733.0,0,0,0,0,0,0,0,0,0,0,0,0,0,0,0,0,0,0,0,0,0,0,0,0,0,0,0,0,0,0,83,2026-02-06 20:42:55.892126
ATMN,25.33,25.33,25.47,2174200.0,1825400.0,6783.0,,0,0,0,0,0,0,0,0,0,0,0,0,0,0,0,0,0,0,0,0,0,0,0,0,0,0,0,0,0,0,83,2026-02-06 20:42:55.892126
WNTR,23.97,23.88,23.97,2137000.0,1984300.0,,9326.0,0,0,0,0,0,0,0,0,0,0,0,0,0,0,0,0,0,0,0,0,0,0,0,0,0,0,0,0,0,0,83,2026-02-06 20:42:55.892126
SPNG,23.97,23.54,23.57,2320000.0,100.0,1836.0,2092700.0,0,0,0,0,0,0,0,0,0,0,0,0,0,0,0,0,0,0,0,0,0,0,0,0,0,0,0,0,0,0,84,2026-02-06 20:42:57.008092
SMMR,23.89,23.74,23.89,2351700.0,13733.0,6575.0,2173900.0,0,0,0,0,0,0,0,0,0,0,0,0,0,0,0,0,0,0,0,0,0,0,0,0,0,0,0,0,0,0,84,2026-02-06 20:42:57.008092
ATMN,25.47,25.28,25.47,2180700.0,8787.0,6783.0,1837400.0,0,0,0,0,0,0,0,0,0,0,0,0,0,0,0,0,0,0,0,0,0,0,0,0,0,0,0,0,0,0,84,2026-02-06 20:42:57.008092
WNTR,24.02,23.93,24.02,1980600.0,11826.0,,1890800.0,0,0,0,0,0,0,0,0,0,0,0,0,0,0,0,0,0,0,0,0,0,0,0,0,0,0,0,0,0,0,84,2026-02-06 20:42:57.008092
SPNG,23.97,23.56,23.97,2464000.0,2180700.0,0,0,0,0,0,0,0,0,0,0,0,0,0,0,0,0,0,0,0,0,0,0,0,0,0,0,0,0,0,0,0,0,85,2026-02-06 20:42:58.090769
SMMR,23.89,23.92,23.95,2626800.0,2417300.0,0,0,0,0,0,0,0,0,0,0,0,0,0,0,0,0,0,0,0,0,0,0,0,0,0,0,0,0,0,0,0,0,85,2026-02-06 20:42:58.090769
ATMN,25.47,25.35,25.4,2250800.0,2036300.0,0,0,0,0,0,0,0,0,0,0,0,0,0,0,0,0,0,0,0,0,0,0,0,0,0,0,0,0,0,0,0,0,85,2026-02-06 20:42:58.090769
WNTR,23.88,24.04,24.06,2214700.0,1890300.0,0,0,0,0,0,0,0,0,0,0,0,0,0,0,0,0,0,0,0,0,0,0,0,0,0,0,0,0,0,0,0,0,85,2026-02-06 20:42:58.090769
SPNG,23.54,23.6,24.04,3593.0,2316300.0,5389.0,2063200.0,0,0,0,0,0,0,0,0,0,0,0,0,0,0,0,0,0,0,0,0,0,0,0,0,0,0,0,0,0,0,86,2026-02-06 20:42:59.311177
SMMR,23.83,23.83,23.94,8856.0,2429900.0,100.0,2300700.0,0,0,0,0,0,0,0,0,0,0,0,0,0,0,0,0,0,0,0,0,0,0,0,0,0,0,0,0,0,0,86,2026-02-06 20:42:59.311177
ATMN,25.26,25.28,25.32,8655.0,2133800.0,9770.0,1862400.0,0,0,0,0,0,0,0,0,0,0,0,0,0,0,0,0,0,0,0,0,0,0,0,0,0,0,0,0,0,0,86,2026-02-06 20:42:59.311177
WNTR,23.9,23.88,23.9,,2210200.0,2700.0,1847600.0,0,0,0,0,0,0,0,0,0,0,0,0,0,0,0,0,0,0,0,0,0,0,0,0,0,0,0,0,0,0,86,2026-02-06 20:42:59.311177
SPNG,23.54,23.6,24.04,3593.0,2316300.0,5389.0,2069100.0,0,0,0,0,0,0,0,0,0,0,0,0,0,0,0,0,0,0,0,0,0,0,0,0,0,0,0,0,0,0,87,2026-02-06 20:42:59.934924
SMMR,23.68,23.68,23.77,8856.0,2432400.0,100.0,2297900.0,0,0,0,0,0,0,0,0,0,0,0,0,0,0,0,0,0,0,0,0,0,0,0,0,0,0,0,0,0,0,87,2026-02-06 20:42:59.934924
ATMN,25.32,25.36,25.37,8655.0,2147100.0,9770.0,1836800.0,0,0,0,0,0,0,0,0,0,0,0,0,0,0,0,0,0,0,0,0,0,0,0,0,0,0,0,0,0,0,87,2026-02-06 20:42:59.934924
WNTR,23.9,23.88,23.9,,2210200.0,2700.0,1851900.0,0,0,0,0,0,0,0,0,0,0,0,0,0,0,0,0,0,0,0,0,0,0,0,0,0,0,0,0,0,0,87,2026-02-06 20:42:59.934924
SPNG,23.74,23.67,23.74,2174800.0,3693.0,2001600.0,5489.0,0,0,0,0,0,0,0,0,0,0,0,0,0,0,0,0,0,0,0,0,0,0,0,0,0,0,0,0,0,0,88,2026-02-06 20:43:01.022289
SMMR,23.77,23.68,23.77,2434400.0,8856.0,2297900.0,100.0,0,0,0,0,0,0,0,0,0,0,0,0,0,0,0,0,0,0,0,0,0,0,0,0,0,0,0,0,0,0,88,2026-02-06 20:43:01.022289
ATMN,25.4,25.21,25.4,2233400.0,,2036300.0,,0,0,0,0,0,0,0,0,0,0,0,0,0,0,0,0,0,0,0,0,0,0,0,0,0,0,0,0,0,0,88,2026-02-06 20:43:01.022289
WNTR,23.85,23.85,24.06,2189100.0,,1846600.0,2700.0,0,0,0,0,0,0,0,0,0,0,0,0,0,0,0,0,0,0,0,0,0,0,0,0,0,0,0,0,0,0,88,2026-02-06 20:43:01.022289
SPNG,24.02,24.02,24.08,2031700.0,3793.0,2185500.0,,0,0,0,0,0,0,0,0,0,0,0,0,0,0,0,0,0,0,0,0,0,0,0,0,0,0,0,0,0,0,89,2026-02-06 20:43:02.228267
SMMR,23.77,23.7,23.74,2287700.0,16171.0,2078700.0,9829.0,0,0,0,0,0,0,0,0,0,0,0,0,0,0,0,0,0,0,0,0,0,0,0,0,0,0,0,0,0,0,89,2026-02-06 20:43:02.228267
ATMN,25.47,25.37,25.47,1987700.0,13643.0,2058600.0,,0,0,0,0,0,0,0,0,0,0,0,0,0,0,0,0,0,0,0,0,0,0,0,0,0,0,0,0,0,0,89,2026-02-06 20:43:02.228267
WNTR,23.84,23.87,24.01,2074000.0,100.0,1612500.0,5028.0,0,0,0,0,0,0,0,0,0,0,0,0,0,0,0,0,0,0,0,0,0,0,0,0,0,0,0,0,0,0,89,2026-02-06 20:43:02.228267
SPNG,23.67,23.67,24.08,2145500.0,3693.0,2097500.0,100.0,0,0,0,0,0,0,0,0,0,0,0,0,0,0,0,0,0,0,0,0,0,0,0,0,0,0,0,0,0,0,90,2026-02-06 20:43:02.925719
SMMR,23.65,23.65,23.95,2510400.0,,2417300.0,,0,0,0,0,0,0,0,0,0,0,0,0,0,0,0,0,0,0,0,0,0,0,0,0,0,0,0,0,0,0,90,2026-02-06 20:43:02.925719
ATMN,25.19,25.19,25.47,2261700.0,,2058600.0,,0,0,0,0,0,0,0,0,0,0,0,0,0,0,0,0,0,0,0,0,0,0,0,0,0,0,0,0,0,0,90,2026-02-06 20:43:02.925719
WNTR,24.0,23.84,23.91,2195200.0,,1601000.0,5028.0,0,0,0,0,0,0,0,0,0,0,0,0,0,0,0,0,0,0,0,0,0,0,0,0,0,0,0,0,0,0,90,2026-02-06 20:43:02.925719
SPNG,24.01,23.7,24.01,100.0,2280100.0,2121700.0,4089.0,0,0,0,0,0,0,0,0,0,0,0,0,0,0,0,0,0,0,0,0,0,0,0,0,0,0,0,0,0,0,91,2026-02-06 20:43:04.020587
SMMR,23.69,23.87,23.93,8567.0,2368300.0,2297700.0,8567.0,0,0,0,0,0,0,0,0,0,0,0,0,0,0,0,0,0,0,0,0,0,0,0,0,0,0,0,0,0,0,91,2026-02-06 20:43:04.020587
ATMN,25.19,25.19,25.45,,2253300.0,1961900.0,8372.0,0,0,0,0,0,0,0,0,0,0,0,0,0,0,0,0,0,0,0,0,0,0,0,0,0,0,0,0,0,0,91,2026-02-06 20:43:04.020587
WNTR,23.86,23.85,23.86,,2166400.0,1920800.0,8762.0,0,0,0,0,0,0,0,0,0,0,0,0,0,0,0,0,0,0,0,0,0,0,0,0,0,0,0,0,0,0,91,2026-02-06 20:43:04.020587
SPNG,23.83,23.72,23.83,100.0,2280100.0,2021200.0,4189.0,0,0,0,0,0,0,0,0,0,0,0,0,0,0,0,0,0,0,0,0,0,0,0,0,0,0,0,0,0,0,92,2026-02-06 20:43:05.085028
SMMR,23.62,23.7,23.88,,2553300.0,2078500.0,26000.0,0,0,0,0,0,0,0,0,0,0,0,0,0,0,0,0,0,0,0,0,0,0,0,0,0,0,0,0,0,0,92,2026-02-06 20:43:05.085028
ATMN,25.51,25.21,25.51,1288.0,2137500.0,2015600.0,,0,0,0,0,0,0,0,0,0,0,0,0,0,0,0,0,0,0,0,0,0,0,0,0,0,0,0,0,0,0,92,2026-02-06 20:43:05.085028
WNTR,23.91,23.9,23.91,2306.0,2011400.0,2040300.0,,0,0,0,0,0,0,0,0,0,0,0,0,0,0,0,0,0,0,0,0,0,0,0,0,0,0,0,0,0,0,92,2026-02-06 20:43:05.085028
SPNG,23.67,23.55,23.57,2371600.0,2038400.0,4189.0,,0,0,0,0,0,0,0,0,0,0,0,0,0,0,0,0,0,0,0,0,0,0,0,0,0,0,0,0,0,0,93,2026-02-06 20:43:06.232271
SMMR,23.7,23.7,23.92,2416000.0,2187600.0,16171.0,4166.0,0,0,0,0,0,0,0,0,0,0,0,0,0,0,0,0,0,0,0,0,0,0,0,0,0,0,0,0,0,0,93,2026-02-06 20:43:06.232271
ATMN,25.33,25.33,25.49,2026800.0,1785200.0,200.0,9509.0,0,0,0,0,0,0,0,0,0,0,0,0,0,0,0,0,0,0,0,0,0,0,0,0,0,0,0,0,0,0,93,2026-02-06 20:43:06.232271
WNTR,23.91,23.9,23.91,1800500.0,1885400.0,5499.0,18668.0,0,0,0,0,0,0,0,0,0,0,0,0,0,0,0,0,0,0,0,0,0,0,0,0,0,0,0,0,0,0,93,2026-02-06 20:43:06.232271
SPNG,23.57,23.97,23.99,2354400.0,4289.0,1911900.0,,0,0,0,0,0,0,0,0,0,0,0,0,0,0,0,0,0,0,0,0,0,0,0,0,0,0,0,0,0,0,94,2026-02-06 20:43:07.401962
SMMR,23.93,23.72,23.84,2450800.0,12733.0,2216000.0,8252.0,0,0,0,0,0,0,0,0,0,0,0,0,0,0,0,0,0,0,0,0,0,0,0,0,0,0,0,0,0,0,94,2026-02-06 20:43:07.401962
ATMN,25.56,25.41,25.55,1962800.0,7597.0,1851800.0,9609.0,0,0,0,0,0,0,0,0,0,0,0,0,0,0,0,0,0,0,0,0,0,0,0,0,0,0,0,0,0,0,94,2026-02-06 20:43:07.401962
WNTR,23.89,23.85,23.86,2047200.0,14822.0,1863000.0,2306.0,0,0,0,0,0,0,0,0,0,0,0,0,0,0,0,0,0,0,0,0,0,0,0,0,0,0,0,0,0,0,94,2026-02-06 20:43:07.401962
SPNG,23.57,23.97,23.99,2354400.0,4289.0,1902300.0,,0,0,0,0,0,0,0,0,0,0,0,0,0,0,0,0,0,0,0,0,0,0,0,0,0,0,0,0,0,0,95,2026-02-06 20:43:08.019768
SMMR,23.93,23.74,23.84,2456100.0,12733.0,2216000.0,8252.0,0,0,0,0,0,0,0,0,0,0,0,0,0,0,0,0,0,0,0,0,0,0,0,0,0,0,0,0,0,0,95,2026-02-06 20:43:08.019768
ATMN,25.58,25.41,25.58,1959300.0,,1762900.0,9609.0,0,0,0,0,0,0,0,0,0,0,0,0,0,0,0,0,0,0,0,0,0,0,0,0,0,0,0,0,0,0,95,2026-02-06 20:43:08.019768
WNTR,23.9,23.85,23.9,2063300.0,14822.0,1829200.0,2306.0,0,0,0,0,0,0,0,0,0,0,0,0,0,0,0,0,0,0,0,0,0,0,0,0,0,0,0,0,0,0,95,2026-02-06 20:43:08.019768
SPNG,23.57,23.97,23.99,2230700.0,1808.0,100.0,2084000.0,0,0,0,0,0,0,0,0,0,0,0,0,0,0,0,0,0,0,0,0,0,0,0,0,0,0,0,0,0,0,96,2026-02-06 20:43:09.089048
SMMR,23.84,23.74,23.84,2559500.0,,,2427800.0,0,0,0,0,0,0,0,0,0,0,0,0,0,0,0,0,0,0,0,0,0,0,0,0,0,0,0,0,0,0,96,2026-02-06 20:43:09.089048
ATMN,25.62,25.45,25.62,2148300.0,100.0,,1644300.0,0,0,0,0,0,0,0,0,0,0,0,0,0,0,0,0,0,0,0,0,0,0,0,0,0,0,0,0,0,0,96,2026-02-06 20:43:09.089048
WNTR,23.93,23.86,23.89,1935900.0,8868.0,8370.0,1824700.0,0,0,0,0,0,0,0,0,0,0,0,0,0,0,0,0,0,0,0,0,0,0,0,0,0,0,0,0,0,0,96,2026-02-06 20:43:09.089048
SPNG,23.55,23.55,23.99,2339300.0,7963.0,1964600.0,,0,0,0,0,0,0,0,0,0,0,0,0,0,0,0,0,0,0,0,0,0,0,0,0,0,0,0,0,0,0,97,2026-02-06 20:43:10.288159
SMMR,23.84,23.92,23.94,2567400.0,,2422400.0,,0,0,0,0,0,0,0,0,0,0,0,0,0,0,0,0,0,0,0,0,0,0,0,0,0,0,0,0,0,0,97,2026-02-06 20:43:10.288159
ATMN,25.61,25.35,25.61,2249200.0,,1758400.0,,0,0,0,0,0,0,0,0,0,0,0,0,0,0,0,0,0,0,0,0,0,0,0,0,0,0,0,0,0,0,97,2026-02-06 20:43:10.288159
WNTR,23.84,23.89,23.96,2054400.0,8183.0,1895200.0,8183.0,0,0,0,0,0,0,0,0,0,0,0,0,0,0,0,0,0,0,0,0,0,0,0,0,0,0,0,0,0,0,97,2026-02-06 20:43:10.288159
SPNG,23.57,23.55,23.57,2218900.0,100.0,1861200.0,10055.0,0,0,0,0,0,0,0,0,0,0,0,0,0,0,0,0,0,0,0,0,0,0,0,0,0,0,0,0,0,0,98,2026-02-06 20:43:11.468802
SMMR,23.92,23.82,23.83,2519300.0,,2217300.0,18000.0,0,0,0,0,0,0,0,0,0,0,0,0,0,0,0,0,0,0,0,0,0,0,0,0,0,0,0,0,0,0,98,2026-02-06 20:43:11.468802
ATMN,25.29,25.19,25.28,2183500.0,,1769700.0,10200.0,0,0,0,0,0,0,0,0,0,0,0,0,0,0,0,0,0,0,0,0,0,0,0,0,0,0,0,0,0,0,98,2026-02-06 20:43:11.468802
WNTR,23.83,23.83,23.86,2065100.0,100.0,1921400.0,8183.0,0,0,0,0,0,0,0,0,0,0,0,0,0,0,0,0,0,0,0,0,0,0,0,0,0,0,0,0,0,0,98,2026-02-06 20:43:11.468802
SPNG,23.57,23.69,23.7,2184700.0,100.0,1844600.0,10055.0,0,0,0,0,0,0,0,0,0,0,0,0,0,0,0,0,0,0,0,0,0,0,0,0,0,0,0,0,0,0,99,2026-02-06 20:43:12.053787
SMMR,23.92,23.82,23.83,2519300.0,,2233900.0,18000.0,0,0,0,0,0,0,0,0,0,0,0,0,0,0,0,0,0,0,0,0,0,0,0,0,0,0,0,0,0,0,99,2026-02-06 20:43:12.053787
ATMN,25.63,25.3,25.63,2203500.0,,1538300.0,,0,0,0,0,0,0,0,0,0,0,0,0,0,0,0,0,0,0,0,0,0,0,0,0,0,0,0,0,0,0,99,2026-02-06 20:43:12.053787
WNTR,23.86,23.9,23.96,2039900.0,100.0,1895200.0,8183.0,0,0,0,0,0,0,0,0,0,0,0,0,0,0,0,0,0,0,0,0,0,0,0,0,0,0,0,0,0,0,99,2026-02-06 20:43:12.053787
SPNG,24.07,23.69,23.84,2040100.0,3835.0,2210000.0,,0,0,0,0,0,0,0,0,0,0,0,0,0,0,0,0,0,0,0,0,0,0,0,0,0,0,0,0,0,0,100,2026-02-06 20:43:13.129474
SMMR,23.79,23.7,23.75,2528300.0,,2219400.0,18000.0,0,0,0,0,0,0,0,0,0,0,0,0,0,0,0,0,0,0,0,0,0,0,0,0,0,0,0,0,0,0,100,2026-02-06 20:43:13.129474
ATMN,25.35,25.35,25.63,2226200.0,,1648400.0,,0,0,0,0,0,0,0,0,0,0,0,0,0,0,0,0,0,0,0,0,0,0,0,0,0,0,0,0,0,0,100,2026-02-06 20:43:13.129474
WNTR,23.92,23.9,23.92,2066800.0,2083.0,1946500.0,8769.0,0,0,0,0,0,0,0,0,0,0,0,0,0,0,0,0,0,0,0,0,0,0,0,0,0,0,0,0,0,0,100,2026-02-06 20:43:13.129474
SPNG,23.7,23.55,23.7,2324500.0,2092800.0,100.0,,0,0,0,0,0,0,0,0,0,0,0,0,0,0,0,0,0,0,0,0,0,0,0,0,0,0,0,0,0,0,101,2026-02-06 20:43:14.365231
SMMR,23.77,23.7,23.77,2471700.0,2503400.0,,100.0,0,0,0,0,0,0,0,0,0,0,0,0,0,0,0,0,0,0,0,0,0,0,0,0,0,0,0,0,0,0,101,2026-02-06 20:43:14.365231
ATMN,25.72,25.48,25.72,2033500.0,1445100.0,,12242.0,0,0,0,0,0,0,0,0,0,0,0,0,0,0,0,0,0,0,0,0,0,0,0,0,0,0,0,0,0,0,101,2026-02-06 20:43:14.365231
WNTR,23.88,23.88,23.9,2076400.0,1858400.0,18769.0,100.0,0,0,0,0,0,0,0,0,0,0,0,0,0,0,0,0,0,0,0,0,0,0,0,0,0,0,0,0,0,0,101,2026-02-06 20:43:14.365231
SPNG,23.7,23.7,23.84,2143800.0,1187.0,2082500.0,100.0,0,0,0,0,0,0,0,0,0,0,0,0,0,0,0,0,0,0,0,0,0,0,0,0,0,0,0,0,0,0,102,2026-02-06 20:43:15.025541
SMMR,23.77,23.7,23.75,2471700.0,100.0,2482700.0,,0,0,0,0,0,0,0,0,0,0,0,0,0,0,0,0,0,0,0,0,0,0,0,0,0,0,0,0,0,0,102,2026-02-06 20:43:15.025541
ATMN,25.46,25.46,25.65,2159900.0,7561.0,1445100.0,8800.0,0,0,0,0,0,0,0,0,0,0,0,0,0,0,0,0,0,0,0,0,0,0,0,0,0,0,0,0,0,0,102,2026-02-06 20:43:15.025541
WNTR,23.88,23.88,23.91,2076400.0,100.0,1943300.0,8769.0,0,0,0,0,0,0,0,0,0,0,0,0,0,0,0,0,0,0,0,0,0,0,0,0,0,0,0,0,0,0,102,2026-02-06 20:43:15.025541
SPNG,23.7,23.7,23.84,2119900.0,1187.0,2082500.0,100.0,0,0,0,0,0,0,0,0,0,0,0,0,0,0,0,0,0,0,0,0,0,0,0,0,0,0,0,0,0,0,103,2026-02-06 20:43:16.125267
SMMR,23.68,23.68,23.74,2561600.0,,2367900.0,100.0,0,0,0,0,0,0,0,0,0,0,0,0,0,0,0,0,0,0,0,0,0,0,0,0,0,0,0,0,0,0,103,2026-02-06 20:43:16.125267
ATMN,25.39,25.39,25.64,2184500.0,7561.0,1445100.0,9970.0,0,0,0,0,0,0,0,0,0,0,0,0,0,0,0,0,0,0,0,0,0,0,0,0,0,0,0,0,0,0,103,2026-02-06 20:43:16.125267
WNTR,23.96,23.89,23.96,1952500.0,7826.0,2023400.0,,0,0,0,0,0,0,0,0,0,0,0,0,0,0,0,0,0,0,0,0,0,0,0,0,0,0,0,0,0,0,103,2026-02-06 20:43:16.125267
SPNG,24.07,23.72,24.07,2058100.0,1287.0,2208700.0,,0,0,0,0,0,0,0,0,0,0,0,0,0,0,0,0,0,0,0,0,0,0,0,0,0,0,0,0,0,0,104,2026-02-06 20:43:17.450045
SMMR,23.75,23.71,23.75,2364800.0,3830.0,2482700.0,,0,0,0,0,0,0,0,0,0,0,0,0,0,0,0,0,0,0,0,0,0,0,0,0,0,0,0,0,0,0,104,2026-02-06 20:43:17.450045
ATMN,25.39,25.57,25.61,2183800.0,7561.0,1534800.0,18144.0,0,0,0,0,0,0,0,0,0,0,0,0,0,0,0,0,0,0,0,0,0,0,0,0,0,0,0,0,0,0,104,2026-02-06 20:43:17.450045
WNTR,23.96,23.9,23.93,1982900.0,5750.0,1947100.0,7534.0,0,0,0,0,0,0,0,0,0,0,0,0,0,0,0,0,0,0,0,0,0,0,0,0,0,0,0,0,0,0,104,2026-02-06 20:43:17.450045
SPNG,23.55,23.55,24.04,2281100.0,100.0,2070100.0,,0,0,0,0,0,0,0,0,0,0,0,0,0,0,0,0,0,0,0,0,0,0,0,0,0,0,0,0,0,0,105,2026-02-06 20:43:18.140171
SMMR,23.84,23.72,23.84,2359400.0,,2466500.0,3830.0,0,0,0,0,0,0,0,0,0,0,0,0,0,0,0,0,0,0,0,0,0,0,0,0,0,0,0,0,0,0,105,2026-02-06 20:43:18.140171
ATMN,25.63,25.57,25.63,2180100.0,9970.0,1648500.0,7561.0,0,0,0,0,0,0,0,0,0,0,0,0,0,0,0,0,0,0,0,0,0,0,0,0,0,0,0,0,0,0,105,2026-02-06 20:43:18.140171
WNTR,23.84,23.84,23.93,2169800.0,7534.0,1947100.0,,0,0,0,0,0,0,0,0,0,0,0,0,0,0,0,0,0,0,0,0,0,0,0,0,0,0,0,0,0,0,105,2026-02-06 20:43:18.140171
SPNG,23.42,23.42,23.83,2335400.0,2091800.0,100.0,,0,0,0,0,0,0,0,0,0,0,0,0,0,0,0,0,0,0,0,0,0,0,0,0,0,0,0,0,0,0,106,2026-02-06 20:43:19.204649
SMMR,23.87,23.75,23.87,2463100.0,2451200.0,,8675.0,0,0,0,0,0,0,0,0,0,0,0,0,0,0,0,0,0,0,0,0,0,0,0,0,0,0,0,0,0,0,106,2026-02-06 20:43:19.204649
ATMN,25.72,25.58,25.72,2180100.0,1548900.0,,7105.0,0,0,0,0,0,0,0,0,0,0,0,0,0,0,0,0,0,0,0,0,0,0,0,0,0,0,0,0,0,0,106,2026-02-06 20:43:19.204649
WNTR,23.82,23.83,23.9,2188400.0,1947100.0,5832.0,,0,0,0,0,0,0,0,0,0,0,0,0,0,0,0,0,0,0,0,0,0,0,0,0,0,0,0,0,0,0,106,2026-02-06 20:43:19.204649
SPNG,23.53,23.42,23.53,2329700.0,1956400.0,6948.0,0,0,0,0,0,0,0,0,0,0,0,0,0,0,0,0,0,0,0,0,0,0,0,0,0,0,0,0,0,0,0,107,2026-02-06 20:43:20.273657
SMMR,23.9,23.93,23.94,2611400.0,2361000.0,9886.0,0,0,0,0,0,0,0,0,0,0,0,0,0,0,0,0,0,0,0,0,0,0,0,0,0,0,0,0,0,0,0,107,2026-02-06 20:43:20.273657
ATMN,25.39,25.39,25.7,2297900.0,1555200.0,7010.0,0,0,0,0,0,0,0,0,0,0,0,0,0,0,0,0,0,0,0,0,0,0,0,0,0,0,0,0,0,0,0,107,2026-02-06 20:43:20.273657
WNTR,23.93,23.93,23.96,2175900.0,2005000.0,,0,0,0,0,0,0,0,0,0,0,0,0,0,0,0,0,0,0,0,0,0,0,0,0,0,0,0,0,0,0,0,107,2026-02-06 20:43:20.273657
SPNG,23.53,23.43,23.52,6659.0,2178700.0,7048.0,1855700.0,0,0,0,0,0,0,0,0,0,0,0,0,0,0,0,0,0,0,0,0,0,0,0,0,0,0,0,0,0,0,108,2026-02-06 20:43:21.425441
SMMR,23.94,23.71,23.92,6976.0,2476400.0,100.0,2353000.0,0,0,0,0,0,0,0,0,0,0,0,0,0,0,0,0,0,0,0,0,0,0,0,0,0,0,0,0,0,0,108,2026-02-06 20:43:21.425441
ATMN,25.72,25.72,25.75,7370.0,2170400.0,,1330600.0,0,0,0,0,0,0,0,0,0,0,0,0,0,0,0,0,0,0,0,0,0,0,0,0,0,0,0,0,0,0,108,2026-02-06 20:43:21.425441
WNTR,23.83,23.84,23.85,7135.0,2052700.0,11185.0,1838100.0,0,0,0,0,0,0,0,0,0,0,0,0,0,0,0,0,0,0,0,0,0,0,0,0,0,0,0,0,0,0,108,2026-02-06 20:43:21.425441
SPNG,24.13,23.43,24.01,6659.0,2178700.0,2209600.0,,0,0,0,0,0,0,0,0,0,0,0,0,0,0,0,0,0,0,0,0,0,0,0,0,0,0,0,0,0,0,109,2026-02-06 20:43:22.528329
SMMR,23.95,23.84,23.88,15901.0,2367000.0,2322100.0,3285.0,0,0,0,0,0,0,0,0,0,0,0,0,0,0,0,0,0,0,0,0,0,0,0,0,0,0,0,0,0,0,109,2026-02-06 20:43:22.528329
ATMN,25.49,25.47,25.48,8723.0,2166900.0,1442200.0,3211.0,0,0,0,0,0,0,0,0,0,0,0,0,0,0,0,0,0,0,0,0,0,0,0,0,0,0,0,0,0,0,109,2026-02-06 20:43:22.528329
WNTR,23.93,23.92,23.93,7135.0,2084800.0,1956500.0,396.0,0,0,0,0,0,0,0,0,0,0,0,0,0,0,0,0,0,0,0,0,0,0,0,0,0,0,0,0,0,0,109,2026-02-06 20:43:22.528329
SPNG,24.13,23.48,24.01,8789.0,2080400.0,2090200.0,100.0,0,0,0,0,0,0,0,0,0,0,0,0,0,0,0,0,0,0,0,0,0,0,0,0,0,0,0,0,0,0,110,2026-02-06 20:43:23.116678
SMMR,23.82,23.83,23.88,6976.0,2474500.0,2322100.0,3285.0,0,0,0,0,0,0,0,0,0,0,0,0,0,0,0,0,0,0,0,0,0,0,0,0,0,0,0,0,0,0,110,2026-02-06 20:43:23.116678
ATMN,25.49,25.72,25.75,8723.0,2182400.0,1330600.0,,0,0,0,0,0,0,0,0,0,0,0,0,0,0,0,0,0,0,0,0,0,0,0,0,0,0,0,0,0,0,110,2026-02-06 20:43:23.116678
WNTR,23.96,23.92,23.95,7135.0,2084800.0,2035200.0,,0,0,0,0,0,0,0,0,0,0,0,0,0,0,0,0,0,0,0,0,0,0,0,0,0,0,0,0,0,0,110,2026-02-06 20:43:23.116678
SPNG,23.67,23.67,23.97,2310700.0,100.0,2092800.0,,0,0,0,0,0,0,0,0,0,0,0,0,0,0,0,0,0,0,0,0,0,0,0,0,0,0,0,0,0,0,111,2026-02-06 20:43:24.198376
SMMR,23.95,23.84,23.95,2474500.0,,2429700.0,100.0,0,0,0,0,0,0,0,0,0,0,0,0,0,0,0,0,0,0,0,0,0,0,0,0,0,0,0,0,0,0,111,2026-02-06 20:43:24.198376
ATMN,25.39,25.36,25.39,2278900.0,4964.0,1652200.0,,0,0,0,0,0,0,0,0,0,0,0,0,0,0,0,0,0,0,0,0,0,0,0,0,0,0,0,0,0,0,111,2026-02-06 20:43:24.198376
WNTR,23.97,23.93,23.94,1946700.0,10000.0,1854400.0,12018.0,0,0,0,0,0,0,0,0,0,0,0,0,0,0,0,0,0,0,0,0,0,0,0,0,0,0,0,0,0,0,111,2026-02-06 20:43:24.198376
SPNG,24.01,23.42,24.01,921.0,2178700.0,2196000.0,,0,0,0,0,0,0,0,0,0,0,0,0,0,0,0,0,0,0,0,0,0,0,0,0,0,0,0,0,0,0,112,2026-02-06 20:43:25.414120
SMMR,23.69,23.84,23.93,3862.0,2495000.0,2135900.0,8210.0,0,0,0,0,0,0,0,0,0,0,0,0,0,0,0,0,0,0,0,0,0,0,0,0,0,0,0,0,0,0,112,2026-02-06 20:43:25.414120
ATMN,25.39,25.65,25.73,3775.0,2169200.0,1529000.0,5064.0,0,0,0,0,0,0,0,0,0,0,0,0,0,0,0,0,0,0,0,0,0,0,0,0,0,0,0,0,0,0,112,2026-02-06 20:43:25.414120
WNTR,23.92,23.92,23.93,3145.0,2070900.0,2045600.0,,0,0,0,0,0,0,0,0,0,0,0,0,0,0,0,0,0,0,0,0,0,0,0,0,0,0,0,0,0,0,112,2026-02-06 20:43:25.414120
SPNG,23.51,23.46,23.51,921.0,2178700.0,2067500.0,5806.0,0,0,0,0,0,0,0,0,0,0,0,0,0,0,0,0,0,0,0,0,0,0,0,0,0,0,0,0,0,0,113,2026-02-06 20:43:26.063575
SMMR,23.84,23.73,23.79,,2612900.0,2148700.0,8210.0,0,0,0,0,0,0,0,0,0,0,0,0,0,0,0,0,0,0,0,0,0,0,0,0,0,0,0,0,0,0,113,2026-02-06 20:43:26.063575
ATMN,25.36,25.36,25.73,,2299300.0,1630000.0,5064.0,0,0,0,0,0,0,0,0,0,0,0,0,0,0,0,0,0,0,0,0,0,0,0,0,0,0,0,0,0,0,113,2026-02-06 20:43:26.063575
WNTR,23.97,23.96,23.97,3145.0,2070900.0,2065400.0,,0,0,0,0,0,0,0,0,0,0,0,0,0,0,0,0,0,0,0,0,0,0,0,0,0,0,0,0,0,0,113,2026-02-06 20:43:26.063575
SPNG,23.46,23.46,23.97,5242.0,2178700.0,5806.0,2086800.0,0,0,0,0,0,0,0,0,0,0,0,0,0,0,0,0,0,0,0,0,0,0,0,0,0,0,0,0,0,0,114,2026-02-06 20:43:27.235938
SMMR,23.79,23.74,23.79,5712.0,2464600.0,8210.0,2126100.0,0,0,0,0,0,0,0,0,0,0,0,0,0,0,0,0,0,0,0,0,0,0,0,0,0,0,0,0,0,0,114,2026-02-06 20:43:27.235938
ATMN,25.32,25.32,25.57,,2266100.0,5164.0,1651600.0,0,0,0,0,0,0,0,0,0,0,0,0,0,0,0,0,0,0,0,0,0,0,0,0,0,0,0,0,0,0,114,2026-02-06 20:43:27.235938
WNTR,24.0,23.97,24.0,10266.0,1955600.0,,2068500.0,0,0,0,0,0,0,0,0,0,0,0,0,0,0,0,0,0,0,0,0,0,0,0,0,0,0,0,0,0,0,114,2026-02-06 20:43:27.235938
SPNG,23.42,23.42,24.01,2343700.0,2220700.0,0,0,0,0,0,0,0,0,0,0,0,0,0,0,0,0,0,0,0,0,0,0,0,0,0,0,0,0,0,0,0,0,115,2026-02-06 20:43:28.499758
SMMR,23.74,23.73,23.74,2597500.0,2367300.0,0,0,0,0,0,0,0,0,0,0,0,0,0,0,0,0,0,0,0,0,0,0,0,0,0,0,0,0,0,0,0,0,115,2026-02-06 20:43:28.499758
ATMN,25.32,25.32,25.57,2276100.0,1630000.0,0,0,0,0,0,0,0,0,0,0,0,0,0,0,0,0,0,0,0,0,0,0,0,0,0,0,0,0,0,0,0,0,115,2026-02-06 20:43:28.499758
WNTR,23.92,23.92,24.03,2184900.0,2055300.0,0,0,0,0,0,0,0,0,0,0,0,0,0,0,0,0,0,0,0,0,0,0,0,0,0,0,0,0,0,0,0,0,115,2026-02-06 20:43:28.499758
SPNG,23.73,23.42,23.73,2307600.0,2220700.0,0,0,0,0,0,0,0,0,0,0,0,0,0,0,0,0,0,0,0,0,0,0,0,0,0,0,0,0,0,0,0,0,116,2026-02-06 20:43:29.109527
SMMR,23.79,23.76,23.79,2587900.0,2354500.0,0,0,0,0,0,0,0,0,0,0,0,0,0,0,0,0,0,0,0,0,0,0,0,0,0,0,0,0,0,0,0,0,116,2026-02-06 20:43:29.109527
ATMN,25.77,25.36,25.77,2268900.0,1434300.0,0,0,0,0,0,0,0,0,0,0,0,0,0,0,0,0,0,0,0,0,0,0,0,0,0,0,0,0,0,0,0,0,116,2026-02-06 20:43:29.109527
WNTR,23.93,23.92,23.93,2184900.0,2096800.0,0,0,0,0,0,0,0,0,0,0,0,0,0,0,0,0,0,0,0,0,0,0,0,0,0,0,0,0,0,0,0,0,116,2026-02-06 20:43:29.109527
SPNG,23.53,23.58,23.73,2283800.0,2220700.0,0,0,0,0,0,0,0,0,0,0,0,0,0,0,0,0,0,0,0,0,0,0,0,0,0,0,0,0,0,0,0,0,117,2026-02-06 20:43:30.176998
SMMR,23.86,23.92,23.95,2613800.0,2353900.0,0,0,0,0,0,0,0,0,0,0,0,0,0,0,0,0,0,0,0,0,0,0,0,0,0,0,0,0,0,0,0,0,117,2026-02-06 20:43:30.176998
ATMN,25.94,25.36,25.94,2268900.0,1361600.0,0,0,0,0,0,0,0,0,0,0,0,0,0,0,0,0,0,0,0,0,0,0,0,0,0,0,0,0,0,0,0,0,117,2026-02-06 20:43:30.176998
WNTR,24.03,23.9,24.03,2188800.0,2055300.0,0,0,0,0,0,0,0,0,0,0,0,0,0,0,0,0,0,0,0,0,0,0,0,0,0,0,0,0,0,0,0,0,117,2026-02-06 20:43:30.176998
SPNG,23.73,23.87,24.01,2267000.0,2188600.0,0,0,0,0,0,0,0,0,0,0,0,0,0,0,0,0,0,0,0,0,0,0,0,0,0,0,0,0,0,0,0,0,118,2026-02-06 20:43:31.244483
SMMR,23.95,23.92,23.95,2615700.0,2388400.0,0,0,0,0,0,0,0,0,0,0,0,0,0,0,0,0,0,0,0,0,0,0,0,0,0,0,0,0,0,0,0,0,118,2026-02-06 20:43:31.244483
ATMN,26.04,25.59,26.04,2224300.0,1262700.0,0,0,0,0,0,0,0,0,0,0,0,0,0,0,0,0,0,0,0,0,0,0,0,0,0,0,0,0,0,0,0,0,118,2026-02-06 20:43:31.244483
WNTR,24.04,23.9,24.04,2195900.0,2024900.0,0,0,0,0,0,0,0,0,0,0,0,0,0,0,0,0,0,0,0,0,0,0,0,0,0,0,0,0,0,0,0,0,118,2026-02-06 20:43:31.244483
SPNG,24.13,23.5,24.13,2319700.0,2185100.0,0,0,0,0,0,0,0,0,0,0,0,0,0,0,0,0,0,0,0,0,0,0,0,0,0,0,0,0,0,0,0,0,119,2026-02-06 20:43:32.493854
SMMR,23.92,23.92,23.93,2589200.0,2394200.0,0,0,0,0,0,0,0,0,0,0,0,0,0,0,0,0,0,0,0,0,0,0,0,0,0,0,0,0,0,0,0,0,119,2026-02-06 20:43:32.493854
ATMN,25.36,25.36,26.1,2250400.0,1172800.0,0,0,0,0,0,0,0,0,0,0,0,0,0,0,0,0,0,0,0,0,0,0,0,0,0,0,0,0,0,0,0,0,119,2026-02-06 20:43:32.493854
WNTR,23.9,23.9,24.06,2195900.0,1996100.0,0,0,0,0,0,0,0,0,0,0,0,0,0,0,0,0,0,0,0,0,0,0,0,0,0,0,0,0,0,0,0,0,119,2026-02-06 20:43:32.493854
SPNG,23.39,26.85,0.0,200000.0,,0,0,0,0,0,0,0,0,0,0,0,0,0,0,0,0,0,0,0,0,0,0,0,0,0,0,0,0,0,0,0,0,120,2026-02-06 20:43:33.122058
SMMR,23.93,26.63,0.0,200000.0,,0,0,0,0,0,0,0,0,0,0,0,0,0,0,0,0,0,0,0,0,0,0,0,0,0,0,0,0,0,0,0,0,120,2026-02-06 20:43:33.122058
ATMN,25.36,26.91,0.0,200000.0,,0,0,0,0,0,0,0,0,0,0,0,0,0,0,0,0,0,0,0,0,0,0,0,0,0,0,0,0,0,0,0,0,120,2026-02-06 20:43:33.122058
WNTR,24.07,24.16,24.4,805200.0,845100.0,0,0,0,0,0,0,0,0,0,0,0,0,0,0,0,0,0,0,0,0,0,0,0,0,0,0,0,0,0,0,0,0,120,2026-02-06 20:43:33.122058
SPNG,23.39,26.85,27.18,1001800.0,943000.0,,,0,0,0,0,0,0,0,0,0,0,0,0,0,0,0,0,0,0,0,0,0,0,0,0,0,0,0,0,0,0,121,2026-02-06 20:43:34.303934
SMMR,26.63,25.58,25.69,1240700.0,928600.0,4570.0,4570.0,0,0,0,0,0,0,0,0,0,0,0,0,0,0,0,0,0,0,0,0,0,0,0,0,0,0,0,0,0,0,121,2026-02-06 20:43:34.303934
ATMN,26.91,26.91,27.1,875800.0,1091600.0,,,0,0,0,0,0,0,0,0,0,0,0,0,0,0,0,0,0,0,0,0,0,0,0,0,0,0,0,0,0,0,121,2026-02-06 20:43:34.303934
WNTR,24.19,24.11,24.19,843300.0,951300.0,,5500.0,0,0,0,0,0,0,0,0,0,0,0,0,0,0,0,0,0,0,0,0,0,0,0,0,0,0,0,0,0,0,121,2026-02-06 20:43:34.303934
SPNG,26.85,26.85,27.07,1001800.0,9922.0,1337800.0,,0,0,0,0,0,0,0,0,0,0,0,0,0,0,0,0,0,0,0,0,0,0,0,0,0,0,0,0,0,0,122,2026-02-06 20:43:35.507885
SMMR,25.78,25.64,25.68,1591700.0,4570.0,928600.0,4570.0,0,0,0,0,0,0,0,0,0,0,0,0,0,0,0,0,0,0,0,0,0,0,0,0,0,0,0,0,0,0,122,2026-02-06 20:43:35.507885
ATMN,26.91,26.92,27.09,980900.0,4466.0,1307300.0,4466.0,0,0,0,0,0,0,0,0,0,0,0,0,0,0,0,0,0,0,0,0,0,0,0,0,0,0,0,0,0,0,122,2026-02-06 20:43:35.507885
WNTR,24.11,24.11,24.15,1026700.0,9732.0,1068200.0,721.0,0,0,0,0,0,0,0,0,0,0,0,0,0,0,0,0,0,0,0,0,0,0,0,0,0,0,0,0,0,0,122,2026-02-06 20:43:35.507885
SPNG,26.85,24.96,26.65,1023900.0,1512300.0,,,0,0,0,0,0,0,0,0,0,0,0,0,0,0,0,0,0,0,0,0,0,0,0,0,0,0,0,0,0,0,123,2026-02-06 20:43:36.584826
SMMR,25.83,25.95,26.06,2027700.0,890400.0,706.0,353.0,0,0,0,0,0,0,0,0,0,0,0,0,0,0,0,0,0,0,0,0,0,0,0,0,0,0,0,0,0,0,123,2026-02-06 20:43:36.584826
ATMN,27.1,26.89,27.1,880900.0,1414200.0,,,0,0,0,0,0,0,0,0,0,0,0,0,0,0,0,0,0,0,0,0,0,0,0,0,0,0,0,0,0,0,123,2026-02-06 20:43:36.584826
WNTR,24.2,24.12,24.14,1142900.0,1171500.0,706.0,353.0,0,0,0,0,0,0,0,0,0,0,0,0,0,0,0,0,0,0,0,0,0,0,0,0,0,0,0,0,0,0,123,2026-02-06 20:43:36.584826
SPNG,27.12,24.96,27.12,1124000.0,1427300.0,,,0,0,0,0,0,0,0,0,0,0,0,0,0,0,0,0,0,0,0,0,0,0,0,0,0,0,0,0,0,0,124,2026-02-06 20:43:37.161491
SMMR,26.06,25.95,26.06,2158200.0,877100.0,706.0,353.0,0,0,0,0,0,0,0,0,0,0,0,0,0,0,0,0,0,0,0,0,0,0,0,0,0,0,0,0,0,0,124,2026-02-06 20:43:37.161491
ATMN,27.1,26.92,27.07,998100.0,1576400.0,353.0,353.0,0,0,0,0,0,0,0,0,0,0,0,0,0,0,0,0,0,0,0,0,0,0,0,0,0,0,0,0,0,0,124,2026-02-06 20:43:37.161491
WNTR,24.2,24.12,24.14,1229600.0,1367400.0,2146.0,353.0,0,0,0,0,0,0,0,0,0,0,0,0,0,0,0,0,0,0,0,0,0,0,0,0,0,0,0,0,0,0,124,2026-02-06 20:43:37.161491
SPNG,27.12,26.24,26.93,1411100.0,1530600.0,0,0,0,0,0,0,0,0,0,0,0,0,0,0,0,0,0,0,0,0,0,0,0,0,0,0,0,0,0,0,0,0,125,2026-02-06 20:43:38.258103
SMMR,26.4,26.28,26.4,2333700.0,871400.0,0,0,0,0,0,0,0,0,0,0,0,0,0,0,0,0,0,0,0,0,0,0,0,0,0,0,0,0,0,0,0,0,125,2026-02-06 20:43:38.258103
ATMN,27.25,26.89,27.04,998100.0,1658900.0,0,0,0,0,0,0,0,0,0,0,0,0,0,0,0,0,0,0,0,0,0,0,0,0,0,0,0,0,0,0,0,0,125,2026-02-06 20:43:38.258103
WNTR,24.09,24.09,24.14,942900.0,1465100.0,0,0,0,0,0,0,0,0,0,0,0,0,0,0,0,0,0,0,0,0,0,0,0,0,0,0,0,0,0,0,0,0,125,2026-02-06 20:43:38.258103
SPNG,26.41,26.68,26.93,1626800.0,726.0,1617400.0,,0,0,0,0,0,0,0,0,0,0,0,0,0,0,0,0,0,0,0,0,0,0,0,0,0,0,0,0,0,0,126,2026-02-06 20:43:39.327666
SMMR,26.46,26.52,26.53,2146300.0,4668.0,904600.0,,0,0,0,0,0,0,0,0,0,0,0,0,0,0,0,0,0,0,0,0,0,0,0,0,0,0,0,0,0,0,126,2026-02-06 20:43:39.327666
ATMN,26.93,26.93,26.96,1088000.0,,1771000.0,726.0,0,0,0,0,0,0,0,0,0,0,0,0,0,0,0,0,0,0,0,0,0,0,0,0,0,0,0,0,0,0,126,2026-02-06 20:43:39.327666
WNTR,24.0,24.01,24.03,918300.0,8000.0,1477500.0,8726.0,0,0,0,0,0,0,0,0,0,0,0,0,0,0,0,0,0,0,0,0,0,0,0,0,0,0,0,0,0,0,126,2026-02-06 20:43:39.327666
SPNG,26.83,26.7,26.83,7072.0,1718100.0,1790700.0,100.0,0,0,0,0,0,0,0,0,0,0,0,0,0,0,0,0,0,0,0,0,0,0,0,0,0,0,0,0,0,0,127,2026-02-06 20:43:40.522934
SMMR,26.69,26.52,26.56,11337.0,2008300.0,1009100.0,,0,0,0,0,0,0,0,0,0,0,0,0,0,0,0,0,0,0,0,0,0,0,0,0,0,0,0,0,0,0,127,2026-02-06 20:43:40.522934
ATMN,26.89,26.89,26.96,,1112900.0,1813100.0,7222.0,0,0,0,0,0,0,0,0,0,0,0,0,0,0,0,0,0,0,0,0,0,0,0,0,0,0,0,0,0,0,127,2026-02-06 20:43:40.522934
WNTR,23.85,23.91,24.0,5644.0,947800.0,1686500.0,17307.0,0,0,0,0,0,0,0,0,0,0,0,0,0,0,0,0,0,0,0,0,0,0,0,0,0,0,0,0,0,0,127,2026-02-06 20:43:40.522934
SPNG,26.33,26.79,26.9,1825400.0,826.0,100.0,1600100.0,0,0,0,0,0,0,0,0,0,0,0,0,0,0,0,0,0,0,0,0,0,0,0,0,0,0,0,0,0,0,128,2026-02-06 20:43:41.627754
SMMR,26.54,26.53,26.54,1988600.0,11337.0,2239.0,1268300.0,0,0,0,0,0,0,0,0,0,0,0,0,0,0,0,0,0,0,0,0,0,0,0,0,0,0,0,0,0,0,128,2026-02-06 20:43:41.627754
ATMN,26.99,26.99,27.04,1454100.0,1500.0,726.0,1780600.0,0,0,0,0,0,0,0,0,0,0,0,0,0,0,0,0,0,0,0,0,0,0,0,0,0,0,0,0,0,0,128,2026-02-06 20:43:41.627754
WNTR,23.93,23.91,23.93,1132000.0,5644.0,20356.0,1686500.0,0,0,0,0,0,0,0,0,0,0,0,0,0,0,0,0,0,0,0,0,0,0,0,0,0,0,0,0,0,0,128,2026-02-06 20:43:41.627754
SPNG,26.33,26.79,26.81,1825400.0,826.0,1716300.0,100.0,0,0,0,0,0,0,0,0,0,0,0,0,0,0,0,0,0,0,0,0,0,0,0,0,0,0,0,0,0,0,129,2026-02-06 20:43:42.197116
SMMR,26.54,26.53,26.54,1972800.0,11337.0,1268300.0,2239.0,0,0,0,0,0,0,0,0,0,0,0,0,0,0,0,0,0,0,0,0,0,0,0,0,0,0,0,0,0,0,129,2026-02-06 20:43:42.197116
ATMN,26.99,26.99,27.04,1574200.0,1500.0,1780600.0,726.0,0,0,0,0,0,0,0,0,0,0,0,0,0,0,0,0,0,0,0,0,0,0,0,0,0,0,0,0,0,0,129,2026-02-06 20:43:42.197116
WNTR,24.04,23.91,24.04,1226200.0,5644.0,1576900.0,726.0,0,0,0,0,0,0,0,0,0,0,0,0,0,0,0,0,0,0,0,0,0,0,0,0,0,0,0,0,0,0,129,2026-02-06 20:43:42.197116
SPNG,26.51,26.62,26.81,1814300.0,1716300.0,,,0,0,0,0,0,0,0,0,0,0,0,0,0,0,0,0,0,0,0,0,0,0,0,0,0,0,0,0,0,0,130,2026-02-06 20:43:43.378975
SMMR,26.56,26.53,26.54,2333000.0,1134500.0,1969.0,,0,0,0,0,0,0,0,0,0,0,0,0,0,0,0,0,0,0,0,0,0,0,0,0,0,0,0,0,0,0,130,2026-02-06 20:43:43.378975
ATMN,27.04,26.88,27.04,1338000.0,1895100.0,,,0,0,0,0,0,0,0,0,0,0,0,0,0,0,0,0,0,0,0,0,0,0,0,0,0,0,0,0,0,0,130,2026-02-06 20:43:43.378975
WNTR,24.16,24.07,24.16,1454200.0,1580400.0,,100.0,0,0,0,0,0,0,0,0,0,0,0,0,0,0,0,0,0,0,0,0,0,0,0,0,0,0,0,0,0,0,130,2026-02-06 20:43:43.378975
SPNG,26.81,26.81,26.98,2001300.0,722.0,1696400.0,,0,0,0,0,0,0,0,0,0,0,0,0,0,0,0,0,0,0,0,0,0,0,0,0,0,0,0,0,0,0,131,2026-02-06 20:43:44.519471
SMMR,26.6,26.54,26.56,2210700.0,10000.0,1000000.0,5348.0,0,0,0,0,0,0,0,0,0,0,0,0,0,0,0,0,0,0,0,0,0,0,0,0,0,0,0,0,0,0,131,2026-02-06 20:43:44.519471
ATMN,27.2,27.02,27.2,1531300.0,100.0,1781200.0,,0,0,0,0,0,0,0,0,0,0,0,0,0,0,0,0,0,0,0,0,0,0,0,0,0,0,0,0,0,0,131,2026-02-06 20:43:44.519471
WNTR,24.03,23.91,24.03,1329100.0,,1925200.0,100.0,0,0,0,0,0,0,0,0,0,0,0,0,0,0,0,0,0,0,0,0,0,0,0,0,0,0,0,0,0,0,131,2026-02-06 20:43:44.519471
SPNG,26.81,26.81,26.94,1896600.0,6069.0,100.0,1820900.0,0,0,0,0,0,0,0,0,0,0,0,0,0,0,0,0,0,0,0,0,0,0,0,0,0,0,0,0,0,0,132,2026-02-06 20:43:45.601370
SMMR,26.54,26.67,26.7,2071900.0,17500.0,1343.0,874600.0,0,0,0,0,0,0,0,0,0,0,0,0,0,0,0,0,0,0,0,0,0,0,0,0,0,0,0,0,0,0,132,2026-02-06 20:43:45.601370
ATMN,26.78,26.78,27.2,1445500.0,100.0,,1769900.0,0,0,0,0,0,0,0,0,0,0,0,0,0,0,0,0,0,0,0,0,0,0,0,0,0,0,0,0,0,0,132,2026-02-06 20:43:45.601370
WNTR,24.03,24.02,24.03,1541800.0,9845.0,100.0,2020900.0,0,0,0,0,0,0,0,0,0,0,0,0,0,0,0,0,0,0,0,0,0,0,0,0,0,0,0,0,0,0,132,2026-02-06 20:43:45.601370
SPNG,27.12,26.81,27.12,1896600.0,6069.0,1946200.0,,0,0,0,0,0,0,0,0,0,0,0,0,0,0,0,0,0,0,0,0,0,0,0,0,0,0,0,0,0,0,133,2026-02-06 20:43:46.211980
SMMR,26.7,26.67,26.68,2071900.0,17500.0,987000.0,1343.0,0,0,0,0,0,0,0,0,0,0,0,0,0,0,0,0,0,0,0,0,0,0,0,0,0,0,0,0,0,0,133,2026-02-06 20:43:46.211980
ATMN,27.23,27.23,27.25,1445500.0,100.0,1993400.0,,0,0,0,0,0,0,0,0,0,0,0,0,0,0,0,0,0,0,0,0,0,0,0,0,0,0,0,0,0,0,133,2026-02-06 20:43:46.211980
WNTR,24.16,24.02,24.16,1541800.0,9845.0,2048000.0,100.0,0,0,0,0,0,0,0,0,0,0,0,0,0,0,0,0,0,0,0,0,0,0,0,0,0,0,0,0,0,0,133,2026-02-06 20:43:46.211980
SPNG,26.72,26.72,27.07,1904300.0,722.0,100.0,1863800.0,0,0,0,0,0,0,0,0,0,0,0,0,0,0,0,0,0,0,0,0,0,0,0,0,0,0,0,0,0,0,134,2026-02-06 20:43:47.288046
SMMR,26.94,26.53,26.69,2347300.0,,,974500.0,0,0,0,0,0,0,0,0,0,0,0,0,0,0,0,0,0,0,0,0,0,0,0,0,0,0,0,0,0,0,134,2026-02-06 20:43:47.288046
ATMN,27.23,26.84,27.03,1454600.0,100.0,100.0,1948500.0,0,0,0,0,0,0,0,0,0,0,0,0,0,0,0,0,0,0,0,0,0,0,0,0,0,0,0,0,0,0,134,2026-02-06 20:43:47.288046
WNTR,24.16,24.07,24.16,1541800.0,19845.0,255.0,1919800.0,0,0,0,0,0,0,0,0,0,0,0,0,0,0,0,0,0,0,0,0,0,0,0,0,0,0,0,0,0,0,134,2026-02-06 20:43:47.288046
SPNG,26.72,26.72,26.79,2110300.0,722.0,1789200.0,6774.0,0,0,0,0,0,0,0,0,0,0,0,0,0,0,0,0,0,0,0,0,0,0,0,0,0,0,0,0,0,0,135,2026-02-06 20:43:48.359757
SMMR,26.65,26.65,26.66,2174800.0,1343.0,1100000.0,,0,0,0,0,0,0,0,0,0,0,0,0,0,0,0,0,0,0,0,0,0,0,0,0,0,0,0,0,0,0,135,2026-02-06 20:43:48.359757
ATMN,27.25,26.96,27.02,1789700.0,200.0,1826200.0,4630.0,0,0,0,0,0,0,0,0,0,0,0,0,0,0,0,0,0,0,0,0,0,0,0,0,0,0,0,0,0,0,135,2026-02-06 20:43:48.359757
WNTR,24.02,24.02,24.16,1541800.0,9845.0,1914000.0,255.0,0,0,0,0,0,0,0,0,0,0,0,0,0,0,0,0,0,0,0,0,0,0,0,0,0,0,0,0,0,0,135,2026-02-06 20:43:48.359757
SPNG,27.07,26.74,26.87,2207200.0,1985400.0,,,0,0,0,0,0,0,0,0,0,0,0,0,0,0,0,0,0,0,0,0,0,0,0,0,0,0,0,0,0,0,136,2026-02-06 20:43:49.512156
SMMR,26.65,26.65,26.66,2077200.0,1213000.0,8432.0,17568.0,0,0,0,0,0,0,0,0,0,0,0,0,0,0,0,0,0,0,0,0,0,0,0,0,0,0,0,0,0,0,136,2026-02-06 20:43:49.512156
ATMN,27.12,27.01,27.02,2010800.0,2035300.0,5100.0,,0,0,0,0,0,0,0,0,0,0,0,0,0,0,0,0,0,0,0,0,0,0,0,0,0,0,0,0,0,0,136,2026-02-06 20:43:49.512156
WNTR,23.91,23.94,24.01,1537900.0,1870800.0,9667.0,16155.0,0,0,0,0,0,0,0,0,0,0,0,0,0,0,0,0,0,0,0,0,0,0,0,0,0,0,0,0,0,0,136,2026-02-06 20:43:49.512156
SPNG,26.87,26.72,26.87,2194500.0,1879100.0,100.0,,0,0,0,0,0,0,0,0,0,0,0,0,0,0,0,0,0,0,0,0,0,0,0,0,0,0,0,0,0,0,137,2026-02-06 20:43:50.582645
SMMR,26.78,26.78,26.79,2085300.0,1102100.0,,12060.0,0,0,0,0,0,0,0,0,0,0,0,0,0,0,0,0,0,0,0,0,0,0,0,0,0,0,0,0,0,0,137,2026-02-06 20:43:50.582645
ATMN,27.27,27.06,27.27,1882100.0,1988900.0,,5200.0,0,0,0,0,0,0,0,0,0,0,0,0,0,0,0,0,0,0,0,0,0,0,0,0,0,0,0,0,0,0,137,2026-02-06 20:43:50.582645
WNTR,23.99,23.99,24.01,1769600.0,1887300.0,16155.0,9845.0,0,0,0,0,0,0,0,0,0,0,0,0,0,0,0,0,0,0,0,0,0,0,0,0,0,0,0,0,0,0,137,2026-02-06 20:43:50.582645
SPNG,26.66,26.74,26.79,2188100.0,300.0,1726700.0,,0,0,0,0,0,0,0,0,0,0,0,0,0,0,0,0,0,0,0,0,0,0,0,0,0,0,0,0,0,0,138,2026-02-06 20:43:51.650699
SMMR,26.65,26.65,26.79,2071700.0,,1436600.0,12060.0,0,0,0,0,0,0,0,0,0,0,0,0,0,0,0,0,0,0,0,0,0,0,0,0,0,0,0,0,0,0,138,2026-02-06 20:43:51.650699
ATMN,26.81,26.87,27.24,1798200.0,5661.0,1819300.0,4572.0,0,0,0,0,0,0,0,0,0,0,0,0,0,0,0,0,0,0,0,0,0,0,0,0,0,0,0,0,0,0,138,2026-02-06 20:43:51.650699
WNTR,24.03,23.99,24.03,1879100.0,9715.0,1980000.0,9845.0,0,0,0,0,0,0,0,0,0,0,0,0,0,0,0,0,0,0,0,0,0,0,0,0,0,0,0,0,0,0,138,2026-02-06 20:43:51.650699
SPNG,26.54,26.54,27.07,1897500.0,1969500.0,,,0,0,0,0,0,0,0,0,0,0,0,0,0,0,0,0,0,0,0,0,0,0,0,0,0,0,0,0,0,0,139,2026-02-06 20:43:52.707943
SMMR,26.56,26.56,26.57,2205500.0,1676100.0,3940.0,,0,0,0,0,0,0,0,0,0,0,0,0,0,0,0,0,0,0,0,0,0,0,0,0,0,0,0,0,0,0,139,2026-02-06 20:43:52.707943
ATMN,26.96,26.97,27.3,1906000.0,1948500.0,4672.0,,0,0,0,0,0,0,0,0,0,0,0,0,0,0,0,0,0,0,0,0,0,0,0,0,0,0,0,0,0,0,139,2026-02-06 20:43:52.707943
WNTR,23.94,23.96,24.01,2008400.0,1887300.0,6440.0,19221.0,0,0,0,0,0,0,0,0,0,0,0,0,0,0,0,0,0,0,0,0,0,0,0,0,0,0,0,0,0,0,139,2026-02-06 20:43:52.707943
SPNG,26.76,26.62,26.76,1148.0,1987500.0,1881700.0,10000.0,0,0,0,0,0,0,0,0,0,0,0,0,0,0,0,0,0,0,0,0,0,0,0,0,0,0,0,0,0,0,140,2026-02-06 20:43:53.259812
SMMR,26.57,26.68,26.75,3940.0,2205500.0,1777700.0,,0,0,0,0,0,0,0,0,0,0,0,0,0,0,0,0,0,0,0,0,0,0,0,0,0,0,0,0,0,0,140,2026-02-06 20:43:53.259812
ATMN,27.33,26.97,27.12,4672.0,1906000.0,1958600.0,,0,0,0,0,0,0,0,0,0,0,0,0,0,0,0,0,0,0,0,0,0,0,0,0,0,0,0,0,0,0,140,2026-02-06 20:43:53.259812
WNTR,24.01,24.01,24.03,6440.0,1961300.0,1998700.0,9715.0,0,0,0,0,0,0,0,0,0,0,0,0,0,0,0,0,0,0,0,0,0,0,0,0,0,0,0,0,0,0,140,2026-02-06 20:43:53.259812
SPNG,26.76,26.68,26.72,2000800.0,861.0,100.0,1911800.0,0,0,0,0,0,0,0,0,0,0,0,0,0,0,0,0,0,0,0,0,0,0,0,0,0,0,0,0,0,0,141,2026-02-06 20:43:54.362088
SMMR,26.68,26.73,26.75,2186000.0,9237.0,,1665400.0,0,0,0,0,0,0,0,0,0,0,0,0,0,0,0,0,0,0,0,0,0,0,0,0,0,0,0,0,0,0,141,2026-02-06 20:43:54.362088
ATMN,26.88,26.81,26.88,1999400.0,,,1955600.0,0,0,0,0,0,0,0,0,0,0,0,0,0,0,0,0,0,0,0,0,0,0,0,0,0,0,0,0,0,0,141,2026-02-06 20:43:54.362088
WNTR,24.09,24.12,24.16,2087000.0,,,2154000.0,0,0,0,0,0,0,0,0,0,0,0,0,0,0,0,0,0,0,0,0,0,0,0,0,0,0,0,0,0,0,141,2026-02-06 20:43:54.362088
SPNG,26.85,26.68,26.85,1835000.0,961.0,1985400.0,,0,0,0,0,0,0,0,0,0,0,0,0,0,0,0,0,0,0,0,0,0,0,0,0,0,0,0,0,0,0,142,2026-02-06 20:43:55.487319
SMMR,26.75,26.58,26.75,2205500.0,9237.0,1912800.0,9179.0,0,0,0,0,0,0,0,0,0,0,0,0,0,0,0,0,0,0,0,0,0,0,0,0,0,0,0,0,0,0,142,2026-02-06 20:43:55.487319
ATMN,26.9,27.02,27.12,2081100.0,5000.0,1959900.0,,0,0,0,0,0,0,0,0,0,0,0,0,0,0,0,0,0,0,0,0,0,0,0,0,0,0,0,0,0,0,142,2026-02-06 20:43:55.487319
WNTR,24.16,24.05,24.16,1974500.0,9326.0,2161400.0,,0,0,0,0,0,0,0,0,0,0,0,0,0,0,0,0,0,0,0,0,0,0,0,0,0,0,0,0,0,0,142,2026-02-06 20:43:55.487319
SPNG,26.68,26.76,26.8,1719100.0,1061.0,1910600.0,100.0,0,0,0,0,0,0,0,0,0,0,0,0,0,0,0,0,0,0,0,0,0,0,0,0,0,0,0,0,0,0,143,2026-02-06 20:43:56.667036
SMMR,26.79,26.62,26.78,2086000.0,19153.0,1894200.0,3792.0,0,0,0,0,0,0,0,0,0,0,0,0,0,0,0,0,0,0,0,0,0,0,0,0,0,0,0,0,0,0,143,2026-02-06 20:43:56.667036
ATMN,26.81,26.81,27.12,2123500.0,,1986500.0,,0,0,0,0,0,0,0,0,0,0,0,0,0,0,0,0,0,0,0,0,0,0,0,0,0,0,0,0,0,0,143,2026-02-06 20:43:56.667036
WNTR,24.05,24.05,24.09,2102600.0,,1941600.0,19326.0,0,0,0,0,0,0,0,0,0,0,0,0,0,0,0,0,0,0,0,0,0,0,0,0,0,0,0,0,0,0,143,2026-02-06 20:43:56.667036
SPNG,26.8,26.76,26.8,1728000.0,1061.0,1814300.0,200.0,0,0,0,0,0,0,0,0,0,0,0,0,0,0,0,0,0,0,0,0,0,0,0,0,0,0,0,0,0,0,144,2026-02-06 20:43:57.762281
SMMR,26.65,26.62,26.65,2086000.0,19153.0,2115100.0,3792.0,0,0,0,0,0,0,0,0,0,0,0,0,0,0,0,0,0,0,0,0,0,0,0,0,0,0,0,0,0,0,144,2026-02-06 20:43:57.762281
ATMN,27.12,26.96,27.1,2210100.0,,1883900.0,2595.0,0,0,0,0,0,0,0,0,0,0,0,0,0,0,0,0,0,0,0,0,0,0,0,0,0,0,0,0,0,0,144,2026-02-06 20:43:57.762281
WNTR,24.18,24.05,24.12,2129100.0,,2049100.0,5433.0,0,0,0,0,0,0,0,0,0,0,0,0,0,0,0,0,0,0,0,0,0,0,0,0,0,0,0,0,0,0,144,2026-02-06 20:43:57.762281
SPNG,27.12,26.56,27.12,2137000.0,1958100.0,,,0,0,0,0,0,0,0,0,0,0,0,0,0,0,0,0,0,0,0,0,0,0,0,0,0,0,0,0,0,0,145,2026-02-06 20:43:58.310054
SMMR,26.72,26.62,26.72,2086000.0,2081000.0,19153.0,3792.0,0,0,0,0,0,0,0,0,0,0,0,0,0,0,0,0,0,0,0,0,0,0,0,0,0,0,0,0,0,0,145,2026-02-06 20:43:58.310054
ATMN,27.12,26.96,26.97,2210100.0,1895500.0,,2595.0,0,0,0,0,0,0,0,0,0,0,0,0,0,0,0,0,0,0,0,0,0,0,0,0,0,0,0,0,0,0,145,2026-02-06 20:43:58.310054
WNTR,24.05,24.05,24.12,2126700.0,2049100.0,,5433.0,0,0,0,0,0,0,0,0,0,0,0,0,0,0,0,0,0,0,0,0,0,0,0,0,0,0,0,0,0,0,145,2026-02-06 20:43:58.310054
SPNG,27.12,26.81,26.88,1951700.0,6389.0,1940600.0,0,0,0,0,0,0,0,0,0,0,0,0,0,0,0,0,0,0,0,0,0,0,0,0,0,0,0,0,0,0,0,146,2026-02-06 20:43:59.366124
SMMR,26.68,26.68,26.77,2319900.0,,2219800.0,0,0,0,0,0,0,0,0,0,0,0,0,0,0,0,0,0,0,0,0,0,0,0,0,0,0,0,0,0,0,0,146,2026-02-06 20:43:59.366124
ATMN,27.15,26.96,27.15,2037400.0,8722.0,2015200.0,0,0,0,0,0,0,0,0,0,0,0,0,0,0,0,0,0,0,0,0,0,0,0,0,0,0,0,0,0,0,0,146,2026-02-06 20:43:59.366124
WNTR,24.18,24.01,24.18,2110000.0,,2185600.0,0,0,0,0,0,0,0,0,0,0,0,0,0,0,0,0,0,0,0,0,0,0,0,0,0,0,0,0,0,0,0,146,2026-02-06 20:43:59.366124
SPNG,27.12,26.82,26.87,7730.0,1851600.0,100.0,1868000.0,0,0,0,0,0,0,0,0,0,0,0,0,0,0,0,0,0,0,0,0,0,0,0,0,0,0,0,0,0,0,147,2026-02-06 20:44:00.412388
SMMR,26.56,26.56,26.77,,2335500.0,,2219800.0,0,0,0,0,0,0,0,0,0,0,0,0,0,0,0,0,0,0,0,0,0,0,0,0,0,0,0,0,0,0,147,2026-02-06 20:44:00.412388
ATMN,27.15,26.82,27.15,,2200000.0,,1988600.0,0,0,0,0,0,0,0,0,0,0,0,0,0,0,0,0,0,0,0,0,0,0,0,0,0,0,0,0,0,0,147,2026-02-06 20:44:00.412388
WNTR,24.16,24.17,24.18,,2093200.0,,2198900.0,0,0,0,0,0,0,0,0,0,0,0,0,0,0,0,0,0,0,0,0,0,0,0,0,0,0,0,0,0,0,147,2026-02-06 20:44:00.412388
SPNG,26.81,26.6,26.76,6389.0,1956200.0,1766900.0,4293.0,0,0,0,0,0,0,0,0,0,0,0,0,0,0,0,0,0,0,0,0,0,0,0,0,0,0,0,0,0,0,148,2026-02-06 20:44:01.465755
SMMR,26.56,26.53,26.56,,2337100.0,2127100.0,8786.0,0,0,0,0,0,0,0,0,0,0,0,0,0,0,0,0,0,0,0,0,0,0,0,0,0,0,0,0,0,0,148,2026-02-06 20:44:01.465755
ATMN,27.17,27.0,27.17,100.0,2051700.0,1959800.0,,0,0,0,0,0,0,0,0,0,0,0,0,0,0,0,0,0,0,0,0,0,0,0,0,0,0,0,0,0,0,148,2026-02-06 20:44:01.465755
WNTR,24.16,24.17,24.18,8987.0,1990800.0,2066400.0,8987.0,0,0,0,0,0,0,0,0,0,0,0,0,0,0,0,0,0,0,0,0,0,0,0,0,0,0,0,0,0,0,148,2026-02-06 20:44:01.465755
SPNG,26.6,26.56,26.6,2137000.0,1808700.0,4293.0,,0,0,0,0,0,0,0,0,0,0,0,0,0,0,0,0,0,0,0,0,0,0,0,0,0,0,0,0,0,0,149,2026-02-06 20:44:02.537865
SMMR,26.52,26.55,26.67,2180900.0,1997200.0,17285.0,8641.0,0,0,0,0,0,0,0,0,0,0,0,0,0,0,0,0,0,0,0,0,0,0,0,0,0,0,0,0,0,0,149,2026-02-06 20:44:02.537865
ATMN,26.81,26.81,27.17,2217500.0,1974600.0,,,0,0,0,0,0,0,0,0,0,0,0,0,0,0,0,0,0,0,0,0,0,0,0,0,0,0,0,0,0,0,149,2026-02-06 20:44:02.537865
WNTR,24.13,24.1,24.13,1983700.0,1972800.0,13167.0,306.0,0,0,0,0,0,0,0,0,0,0,0,0,0,0,0,0,0,0,0,0,0,0,0,0,0,0,0,0,0,0,149,2026-02-06 20:44:02.537865
SPNG,26.76,26.56,26.76,2049000.0,1969700.0,,,0,0,0,0,0,0,0,0,0,0,0,0,0,0,0,0,0,0,0,0,0,0,0,0,0,0,0,0,0,0,150,2026-02-06 20:44:03.606387
SMMR,26.49,26.72,26.73,2193900.0,2096900.0,8567.0,8567.0,0,0,0,0,0,0,0,0,0,0,0,0,0,0,0,0,0,0,0,0,0,0,0,0,0,0,0,0,0,0,150,2026-02-06 20:44:03.606387
ATMN,27.0,27.0,27.17,2174700.0,1974600.0,,,0,0,0,0,0,0,0,0,0,0,0,0,0,0,0,0,0,0,0,0,0,0,0,0,0,0,0,0,0,0,150,2026-02-06 20:44:03.606387
WNTR,24.05,24.05,24.1,2067400.0,2191000.0,,,0,0,0,0,0,0,0,0,0,0,0,0,0,0,0,0,0,0,0,0,0,0,0,0,0,0,0,0,0,0,150,2026-02-06 20:44:03.606387
SPNG,26.54,26.54,26.8,1936400.0,729.0,1975000.0,,0,0,0,0,0,0,0,0,0,0,0,0,0,0,0,0,0,0,0,0,0,0,0,0,0,0,0,0,0,0,151,2026-02-06 20:44:04.661050
SMMR,26.72,26.49,26.58,2324400.0,,1996600.0,18567.0,0,0,0,0,0,0,0,0,0,0,0,0,0,0,0,0,0,0,0,0,0,0,0,0,0,0,0,0,0,0,151,2026-02-06 20:44:04.661050
ATMN,27.0,27.02,27.13,1916400.0,200.0,1931000.0,1447.0,0,0,0,0,0,0,0,0,0,0,0,0,0,0,0,0,0,0,0,0,0,0,0,0,0,0,0,0,0,0,151,2026-02-06 20:44:04.661050
WNTR,23.95,23.95,24.1,2068000.0,,2120600.0,4413.0,0,0,0,0,0,0,0,0,0,0,0,0,0,0,0,0,0,0,0,0,0,0,0,0,0,0,0,0,0,0,151,2026-02-06 20:44:04.661050
SPNG,26.61,26.65,26.7,1854100.0,829.0,1874800.0,10000.0,0,0,0,0,0,0,0,0,0,0,0,0,0,0,0,0,0,0,0,0,0,0,0,0,0,0,0,0,0,0,152,2026-02-06 20:44:05.711863
SMMR,26.63,26.51,26.63,2193900.0,6309.0,2096100.0,8567.0,0,0,0,0,0,0,0,0,0,0,0,0,0,0,0,0,0,0,0,0,0,0,0,0,0,0,0,0,0,0,152,2026-02-06 20:44:05.711863
ATMN,26.81,26.78,26.81,2207100.0,,1823200.0,7720.0,0,0,0,0,0,0,0,0,0,0,0,0,0,0,0,0,0,0,0,0,0,0,0,0,0,0,0,0,0,0,152,2026-02-06 20:44:05.711863
WNTR,24.18,23.98,24.18,1974300.0,6418.0,2176000.0,,0,0,0,0,0,0,0,0,0,0,0,0,0,0,0,0,0,0,0,0,0,0,0,0,0,0,0,0,0,0,152,2026-02-06 20:44:05.711863
SPNG,26.58,26.52,26.58,2073800.0,1897500.0,10000.0,,0,0,0,0,0,0,0,0,0,0,0,0,0,0,0,0,0,0,0,0,0,0,0,0,0,0,0,0,0,0,153,2026-02-06 20:44:06.767290
SMMR,26.46,26.46,26.56,2194700.0,1902400.0,16094.0,3697.0,0,0,0,0,0,0,0,0,0,0,0,0,0,0,0,0,0,0,0,0,0,0,0,0,0,0,0,0,0,0,153,2026-02-06 20:44:06.767290
ATMN,26.81,26.78,26.81,2074000.0,2027800.0,,100.0,0,0,0,0,0,0,0,0,0,0,0,0,0,0,0,0,0,0,0,0,0,0,0,0,0,0,0,0,0,0,153,2026-02-06 20:44:06.767290
WNTR,24.18,24.0,24.09,1883400.0,2068300.0,8523.0,14941.0,0,0,0,0,0,0,0,0,0,0,0,0,0,0,0,0,0,0,0,0,0,0,0,0,0,0,0,0,0,0,153,2026-02-06 20:44:06.767290
SPNG,26.52,26.52,26.7,1971800.0,100.0,1874800.0,10000.0,0,0,0,0,0,0,0,0,0,0,0,0,0,0,0,0,0,0,0,0,0,0,0,0,0,0,0,0,0,0,154,2026-02-06 20:44:07.333582
SMMR,26.45,26.45,26.56,2316800.0,,1919500.0,16094.0,0,0,0,0,0,0,0,0,0,0,0,0,0,0,0,0,0,0,0,0,0,0,0,0,0,0,0,0,0,0,154,2026-02-06 20:44:07.333582
ATMN,27.17,26.78,27.17,2058200.0,100.0,2039900.0,,0,0,0,0,0,0,0,0,0,0,0,0,0,0,0,0,0,0,0,0,0,0,0,0,0,0,0,0,0,0,154,2026-02-06 20:44:07.333582
WNTR,24.11,24.0,24.11,1883400.0,14941.0,2173900.0,,0,0,0,0,0,0,0,0,0,0,0,0,0,0,0,0,0,0,0,0,0,0,0,0,0,0,0,0,0,0,154,2026-02-06 20:44:07.333582
SPNG,26.7,26.51,26.67,1145.0,2047800.0,1882500.0,10000.0,0,0,0,0,0,0,0,0,0,0,0,0,0,0,0,0,0,0,0,0,0,0,0,0,0,0,0,0,0,0,155,2026-02-06 20:44:08.476591
SMMR,26.51,26.52,26.56,,2285700.0,1905900.0,16094.0,0,0,0,0,0,0,0,0,0,0,0,0,0,0,0,0,0,0,0,0,0,0,0,0,0,0,0,0,0,0,155,2026-02-06 20:44:08.476591
ATMN,27.17,27.17,27.23,2821.0,2047700.0,2047000.0,,0,0,0,0,0,0,0,0,0,0,0,0,0,0,0,0,0,0,0,0,0,0,0,0,0,0,0,0,0,0,155,2026-02-06 20:44:08.476591
WNTR,24.05,24.04,24.05,20621.0,1793500.0,2116000.0,2455.0,0,0,0,0,0,0,0,0,0,0,0,0,0,0,0,0,0,0,0,0,0,0,0,0,0,0,0,0,0,0,155,2026-02-06 20:44:08.476591
SPNG,26.67,26.49,26.6,100.0,2159100.0,1975400.0,,0,0,0,0,0,0,0,0,0,0,0,0,0,0,0,0,0,0,0,0,0,0,0,0,0,0,0,0,0,0,156,2026-02-06 20:44:09.542888
SMMR,26.53,26.49,26.52,,2237800.0,2126700.0,100.0,0,0,0,0,0,0,0,0,0,0,0,0,0,0,0,0,0,0,0,0,0,0,0,0,0,0,0,0,0,0,156,2026-02-06 20:44:09.542888
ATMN,27.01,27.08,27.13,,2182300.0,1958500.0,100.0,0,0,0,0,0,0,0,0,0,0,0,0,0,0,0,0,0,0,0,0,0,0,0,0,0,0,0,0,0,0,156,2026-02-06 20:44:09.542888
WNTR,24.01,23.99,24.01,8411.0,1989900.0,2219900.0,,0,0,0,0,0,0,0,0,0,0,0,0,0,0,0,0,0,0,0,0,0,0,0,0,0,0,0,0,0,0,156,2026-02-06 20:44:09.542888
SPNG,26.35,26.35,26.56,2221900.0,9706.0,1902400.0,,0,0,0,0,0,0,0,0,0,0,0,0,0,0,0,0,0,0,0,0,0,0,0,0,0,0,0,0,0,0,157,2026-02-06 20:44:10.626591
SMMR,26.55,26.59,26.63,2122800.0,,2232400.0,3140.0,0,0,0,0,0,0,0,0,0,0,0,0,0,0,0,0,0,0,0,0,0,0,0,0,0,0,0,0,0,0,157,2026-02-06 20:44:10.626591
ATMN,26.76,26.76,26.94,2168400.0,5100.0,1901000.0,,0,0,0,0,0,0,0,0,0,0,0,0,0,0,0,0,0,0,0,0,0,0,0,0,0,0,0,0,0,0,157,2026-02-06 20:44:10.626591
WNTR,23.98,23.96,23.98,1975000.0,5379.0,2118800.0,8183.0,0,0,0,0,0,0,0,0,0,0,0,0,0,0,0,0,0,0,0,0,0,0,0,0,0,0,0,0,0,0,157,2026-02-06 20:44:10.626591
SPNG,26.8,26.37,26.8,2983.0,2069100.0,1961800.0,,0,0,0,0,0,0,0,0,0,0,0,0,0,0,0,0,0,0,0,0,0,0,0,0,0,0,0,0,0,0,158,2026-02-06 20:44:11.769408
SMMR,26.55,26.6,26.62,12264.0,1960200.0,2021300.0,8100.0,0,0,0,0,0,0,0,0,0,0,0,0,0,0,0,0,0,0,0,0,0,0,0,0,0,0,0,0,0,0,158,2026-02-06 20:44:11.769408
ATMN,27.13,26.93,26.94,7834.0,1917500.0,1787600.0,5200.0,0,0,0,0,0,0,0,0,0,0,0,0,0,0,0,0,0,0,0,0,0,0,0,0,0,0,0,0,0,0,158,2026-02-06 20:44:11.769408
WNTR,24.07,23.97,24.07,16363.0,1924300.0,2179600.0,,0,0,0,0,0,0,0,0,0,0,0,0,0,0,0,0,0,0,0,0,0,0,0,0,0,0,0,0,0,0,158,2026-02-06 20:44:11.769408
SPNG,26.8,26.39,26.54,1927100.0,2983.0,100.0,1863700.0,0,0,0,0,0,0,0,0,0,0,0,0,0,0,0,0,0,0,0,0,0,0,0,0,0,0,0,0,0,0,159,2026-02-06 20:44:12.380621
SMMR,26.55,26.6,26.62,1960200.0,12264.0,8100.0,1998000.0,0,0,0,0,0,0,0,0,0,0,0,0,0,0,0,0,0,0,0,0,0,0,0,0,0,0,0,0,0,0,159,2026-02-06 20:44:12.380621
ATMN,27.23,26.76,27.23,2105800.0,,100.0,1959700.0,0,0,0,0,0,0,0,0,0,0,0,0,0,0,0,0,0,0,0,0,0,0,0,0,0,0,0,0,0,0,159,2026-02-06 20:44:12.380621
WNTR,24.07,24.01,24.07,1902400.0,16363.0,,2190200.0,0,0,0,0,0,0,0,0,0,0,0,0,0,0,0,0,0,0,0,0,0,0,0,0,0,0,0,0,0,0,159,2026-02-06 20:44:12.380621
SPNG,26.8,26.4,26.53,3083.0,1833200.0,100.0,1863700.0,0,0,0,0,0,0,0,0,0,0,0,0,0,0,0,0,0,0,0,0,0,0,0,0,0,0,0,0,0,0,160,2026-02-06 20:44:13.503165
SMMR,26.59,26.59,26.65,9436.0,2157700.0,,2248100.0,0,0,0,0,0,0,0,0,0,0,0,0,0,0,0,0,0,0,0,0,0,0,0,0,0,0,0,0,0,0,160,2026-02-06 20:44:13.503165
ATMN,26.74,26.74,27.15,,2116700.0,,2054300.0,0,0,0,0,0,0,0,0,0,0,0,0,0,0,0,0,0,0,0,0,0,0,0,0,0,0,0,0,0,0,160,2026-02-06 20:44:13.503165
WNTR,24.08,24.04,24.08,,2116500.0,,2181100.0,0,0,0,0,0,0,0,0,0,0,0,0,0,0,0,0,0,0,0,0,0,0,0,0,0,0,0,0,0,0,160,2026-02-06 20:44:13.503165
SPNG,26.35,26.35,26.8,2145700.0,1961800.0,,,0,0,0,0,0,0,0,0,0,0,0,0,0,0,0,0,0,0,0,0,0,0,0,0,0,0,0,0,0,0,161,2026-02-06 20:44:14.602714
SMMR,26.52,26.53,26.54,2153000.0,2026200.0,7440.0,12406.0,0,0,0,0,0,0,0,0,0,0,0,0,0,0,0,0,0,0,0,0,0,0,0,0,0,0,0,0,0,0,161,2026-02-06 20:44:14.602714
ATMN,26.77,26.67,26.7,2129300.0,1981100.0,,4653.0,0,0,0,0,0,0,0,0,0,0,0,0,0,0,0,0,0,0,0,0,0,0,0,0,0,0,0,0,0,0,161,2026-02-06 20:44:14.602714
WNTR,24.08,24.01,24.08,2116500.0,2215100.0,,,0,0,0,0,0,0,0,0,0,0,0,0,0,0,0,0,0,0,0,0,0,0,0,0,0,0,0,0,0,0,161,2026-02-06 20:44:14.602714
SPNG,26.33,26.26,26.27,2107800.0,1877700.0,100.0,,0,0,0,0,0,0,0,0,0,0,0,0,0,0,0,0,0,0,0,0,0,0,0,0,0,0,0,0,0,0,162,2026-02-06 20:44:15.654088
SMMR,26.52,26.53,26.54,2185100.0,1894500.0,18560.0,7440.0,0,0,0,0,0,0,0,0,0,0,0,0,0,0,0,0,0,0,0,0,0,0,0,0,0,0,0,0,0,0,162,2026-02-06 20:44:15.654088
ATMN,26.7,26.86,27.12,2024900.0,1967300.0,4653.0,7472.0,0,0,0,0,0,0,0,0,0,0,0,0,0,0,0,0,0,0,0,0,0,0,0,0,0,0,0,0,0,0,162,2026-02-06 20:44:15.654088
WNTR,24.01,23.96,23.99,2045200.0,2109400.0,7726.0,100.0,0,0,0,0,0,0,0,0,0,0,0,0,0,0,0,0,0,0,0,0,0,0,0,0,0,0,0,0,0,0,162,2026-02-06 20:44:15.654088
SPNG,26.9,26.3,26.38,2016300.0,100.0,1962200.0,,0,0,0,0,0,0,0,0,0,0,0,0,0,0,0,0,0,0,0,0,0,0,0,0,0,0,0,0,0,0,163,2026-02-06 20:44:16.721569
SMMR,26.49,26.49,26.53,2247800.0,,1811300.0,26000.0,0,0,0,0,0,0,0,0,0,0,0,0,0,0,0,0,0,0,0,0,0,0,0,0,0,0,0,0,0,0,163,2026-02-06 20:44:16.721569
ATMN,27.0,26.9,27.0,1826700.0,12763.0,1959000.0,4653.0,0,0,0,0,0,0,0,0,0,0,0,0,0,0,0,0,0,0,0,0,0,0,0,0,0,0,0,0,0,0,163,2026-02-06 20:44:16.721569
WNTR,24.01,23.97,23.98,1931400.0,7731.0,1994400.0,8150.0,0,0,0,0,0,0,0,0,0,0,0,0,0,0,0,0,0,0,0,0,0,0,0,0,0,0,0,0,0,0,163,2026-02-06 20:44:16.721569
SPNG,26.34,26.35,26.38,1861800.0,200.0,1962200.0,,0,0,0,0,0,0,0,0,0,0,0,0,0,0,0,0,0,0,0,0,0,0,0,0,0,0,0,0,0,0,164,2026-02-06 20:44:17.774921
SMMR,26.49,26.49,26.53,2296300.0,,1811300.0,26000.0,0,0,0,0,0,0,0,0,0,0,0,0,0,0,0,0,0,0,0,0,0,0,0,0,0,0,0,0,0,0,164,2026-02-06 20:44:17.774921
ATMN,27.08,26.86,27.08,1810200.0,8999.0,1955400.0,4653.0,0,0,0,0,0,0,0,0,0,0,0,0,0,0,0,0,0,0,0,0,0,0,0,0,0,0,0,0,0,0,164,2026-02-06 20:44:17.774921
WNTR,23.96,23.96,23.98,2145900.0,,1845600.0,9422.0,0,0,0,0,0,0,0,0,0,0,0,0,0,0,0,0,0,0,0,0,0,0,0,0,0,0,0,0,0,0,164,2026-02-06 20:44:17.774921
SPNG,26.9,27.04,27.09,2107100.0,1949100.0,,,0,0,0,0,0,0,0,0,0,0,0,0,0,0,0,0,0,0,0,0,0,0,0,0,0,0,0,0,0,0,165,2026-02-06 20:44:18.830215
SMMR,26.46,26.46,26.54,2231700.0,2264800.0,,,0,0,0,0,0,0,0,0,0,0,0,0,0,0,0,0,0,0,0,0,0,0,0,0,0,0,0,0,0,0,165,2026-02-06 20:44:18.830215
ATMN,26.86,26.71,26.81,2026100.0,2063900.0,1776.0,,0,0,0,0,0,0,0,0,0,0,0,0,0,0,0,0,0,0,0,0,0,0,0,0,0,0,0,0,0,0,165,2026-02-06 20:44:18.830215
WNTR,23.92,23.99,24.05,2033700.0,2117700.0,7436.0,7436.0,0,0,0,0,0,0,0,0,0,0,0,0,0,0,0,0,0,0,0,0,0,0,0,0,0,0,0,0,0,0,165,2026-02-06 20:44:18.830215
SPNG,26.3,26.3,27.09,2012100.0,100.0,1951200.0,,0,0,0,0,0,0,0,0,0,0,0,0,0,0,0,0,0,0,0,0,0,0,0,0,0,0,0,0,0,0,166,2026-02-06 20:44:19.387190
SMMR,26.45,26.45,26.54,2218800.0,,2264800.0,,0,0,0,0,0,0,0,0,0,0,0,0,0,0,0,0,0,0,0,0,0,0,0,0,0,0,0,0,0,0,166,2026-02-06 20:44:19.387190
ATMN,26.86,26.71,26.8,2051500.0,1776.0,1952300.0,100.0,0,0,0,0,0,0,0,0,0,0,0,0,0,0,0,0,0,0,0,0,0,0,0,0,0,0,0,0,0,0,166,2026-02-06 20:44:19.387190
WNTR,23.92,23.92,24.05,2174300.0,,2117700.0,7436.0,0,0,0,0,0,0,0,0,0,0,0,0,0,0,0,0,0,0,0,0,0,0,0,0,0,0,0,0,0,0,166,2026-02-06 20:44:19.387190
SPNG,26.28,26.73,27.0,1949400.0,100.0,7840.0,1853600.0,0,0,0,0,0,0,0,0,0,0,0,0,0,0,0,0,0,0,0,0,0,0,0,0,0,0,0,0,0,0,167,2026-02-06 20:44:20.451028
SMMR,26.54,26.54,26.65,2217400.0,,,2253900.0,0,0,0,0,0,0,0,0,0,0,0,0,0,0,0,0,0,0,0,0,0,0,0,0,0,0,0,0,0,0,167,2026-02-06 20:44:20.451028
ATMN,26.81,26.97,27.08,1924100.0,5760.0,,2058900.0,0,0,0,0,0,0,0,0,0,0,0,0,0,0,0,0,0,0,0,0,0,0,0,0,0,0,0,0,0,0,167,2026-02-06 20:44:20.451028
WNTR,23.91,24.0,24.02,2110100.0,,15267.0,1996000.0,0,0,0,0,0,0,0,0,0,0,0,0,0,0,0,0,0,0,0,0,0,0,0,0,0,0,0,0,0,0,167,2026-02-06 20:44:20.451028
SPNG,26.82,26.27,26.75,100.0,1954600.0,1744500.0,7940.0,0,0,0,0,0,0,0,0,0,0,0,0,0,0,0,0,0,0,0,0,0,0,0,0,0,0,0,0,0,0,168,2026-02-06 20:44:21.507809
SMMR,26.56,26.54,26.56,,2217400.0,2270300.0,,0,0,0,0,0,0,0,0,0,0,0,0,0,0,0,0,0,0,0,0,0,0,0,0,0,0,0,0,0,0,168,2026-02-06 20:44:21.507809
ATMN,26.84,26.72,26.84,5760.0,1929200.0,1934800.0,617.0,0,0,0,0,0,0,0,0,0,0,0,0,0,0,0,0,0,0,0,0,0,0,0,0,0,0,0,0,0,0,168,2026-02-06 20:44:21.507809
WNTR,24.08,23.91,24.08,,2112200.0,2205400.0,,0,0,0,0,0,0,0,0,0,0,0,0,0,0,0,0,0,0,0,0,0,0,0,0,0,0,0,0,0,0,168,2026-02-06 20:44:21.507809
SPNG,27.09,26.28,26.68,3384.0,1828300.0,100.0,1853600.0,0,0,0,0,0,0,0,0,0,0,0,0,0,0,0,0,0,0,0,0,0,0,0,0,0,0,0,0,0,0,169,2026-02-06 20:44:22.568952
SMMR,26.54,26.6,26.66,7145.0,2122200.0,,2260900.0,0,0,0,0,0,0,0,0,0,0,0,0,0,0,0,0,0,0,0,0,0,0,0,0,0,0,0,0,0,0,169,2026-02-06 20:44:22.568952
ATMN,26.83,26.83,26.84,13206.0,1787500.0,717.0,1843600.0,0,0,0,0,0,0,0,0,0,0,0,0,0,0,0,0,0,0,0,0,0,0,0,0,0,0,0,0,0,0,169,2026-02-06 20:44:22.568952
WNTR,24.08,23.95,24.08,7135.0,2052600.0,,2217300.0,0,0,0,0,0,0,0,0,0,0,0,0,0,0,0,0,0,0,0,0,0,0,0,0,0,0,0,0,0,0,169,2026-02-06 20:44:22.568952
SPNG,27.03,27.03,27.09,1708000.0,3484.0,1970700.0,,0,0,0,0,0,0,0,0,0,0,0,0,0,0,0,0,0,0,0,0,0,0,0,0,0,0,0,0,0,0,170,2026-02-06 20:44:23.614255
SMMR,26.67,26.62,26.67,2029400.0,17145.0,2265900.0,,0,0,0,0,0,0,0,0,0,0,0,0,0,0,0,0,0,0,0,0,0,0,0,0,0,0,0,0,0,0,170,2026-02-06 20:44:23.614255
ATMN,26.8,27.03,27.08,1735800.0,13206.0,1955400.0,617.0,0,0,0,0,0,0,0,0,0,0,0,0,0,0,0,0,0,0,0,0,0,0,0,0,0,0,0,0,0,0,170,2026-02-06 20:44:23.614255
WNTR,24.08,23.98,24.06,1932600.0,17135.0,2126300.0,173.0,0,0,0,0,0,0,0,0,0,0,0,0,0,0,0,0,0,0,0,0,0,0,0,0,0,0,0,0,0,0,170,2026-02-06 20:44:23.614255
SPNG,27.09,26.27,27.09,2048600.0,1881400.0,1382.0,,0,0,0,0,0,0,0,0,0,0,0,0,0,0,0,0,0,0,0,0,0,0,0,0,0,0,0,0,0,0,171,2026-02-06 20:44:24.665976
SMMR,26.67,26.64,26.67,2132200.0,2174500.0,2550.0,100.0,0,0,0,0,0,0,0,0,0,0,0,0,0,0,0,0,0,0,0,0,0,0,0,0,0,0,0,0,0,0,171,2026-02-06 20:44:24.665976
ATMN,26.75,26.75,27.07,2095100.0,1955400.0,3330.0,,0,0,0,0,0,0,0,0,0,0,0,0,0,0,0,0,0,0,0,0,0,0,0,0,0,0,0,0,0,0,171,2026-02-06 20:44:24.665976
WNTR,23.95,23.95,24.06,2157400.0,2217500.0,,,0,0,0,0,0,0,0,0,0,0,0,0,0,0,0,0,0,0,0,0,0,0,0,0,0,0,0,0,0,0,171,2026-02-06 20:44:24.665976
SPNG,26.26,26.26,27.02,2078900.0,1904600.0,1382.0,,0,0,0,0,0,0,0,0,0,0,0,0,0,0,0,0,0,0,0,0,0,0,0,0,0,0,0,0,0,0,172,2026-02-06 20:44:25.710447
SMMR,26.67,26.45,26.67,2129100.0,2023100.0,3037.0,6566.0,0,0,0,0,0,0,0,0,0,0,0,0,0,0,0,0,0,0,0,0,0,0,0,0,0,0,0,0,0,0,172,2026-02-06 20:44:25.710447
ATMN,26.75,26.67,26.68,2122400.0,1837500.0,3430.0,,0,0,0,0,0,0,0,0,0,0,0,0,0,0,0,0,0,0,0,0,0,0,0,0,0,0,0,0,0,0,172,2026-02-06 20:44:25.710447
WNTR,23.95,23.98,24.04,2042600.0,2085000.0,273.0,10000.0,0,0,0,0,0,0,0,0,0,0,0,0,0,0,0,0,0,0,0,0,0,0,0,0,0,0,0,0,0,0,172,2026-02-06 20:44:25.710447
SPNG,26.25,26.25,26.87,2094900.0,1805500.0,7193.0,,0,0,0,0,0,0,0,0,0,0,0,0,0,0,0,0,0,0,0,0,0,0,0,0,0,0,0,0,0,0,173,2026-02-06 20:44:26.763364
SMMR,26.46,26.6,26.67,2176100.0,2023100.0,3037.0,6566.0,0,0,0,0,0,0,0,0,0,0,0,0,0,0,0,0,0,0,0,0,0,0,0,0,0,0,0,0,0,0,173,2026-02-06 20:44:26.763364
ATMN,27.15,26.71,27.15,1891600.0,2054300.0,,10673.0,0,0,0,0,0,0,0,0,0,0,0,0,0,0,0,0,0,0,0,0,0,0,0,0,0,0,0,0,0,0,173,2026-02-06 20:44:26.763364
WNTR,24.08,24.0,24.08,1942800.0,2210600.0,,15855.0,0,0,0,0,0,0,0,0,0,0,0,0,0,0,0,0,0,0,0,0,0,0,0,0,0,0,0,0,0,0,173,2026-02-06 20:44:26.763364
SPNG,26.24,26.24,26.86,2097400.0,1809400.0,7193.0,,0,0,0,0,0,0,0,0,0,0,0,0,0,0,0,0,0,0,0,0,0,0,0,0,0,0,0,0,0,0,174,2026-02-06 20:44:27.841167
SMMR,26.6,26.6,26.65,2239400.0,1910000.0,3137.0,6566.0,0,0,0,0,0,0,0,0,0,0,0,0,0,0,0,0,0,0,0,0,0,0,0,0,0,0,0,0,0,0,174,2026-02-06 20:44:27.841167
ATMN,27.17,26.71,27.17,1891600.0,2052600.0,,10673.0,0,0,0,0,0,0,0,0,0,0,0,0,0,0,0,0,0,0,0,0,0,0,0,0,0,0,0,0,0,0,174,2026-02-06 20:44:27.841167
WNTR,23.91,23.91,24.1,2126400.0,2203500.0,,,0,0,0,0,0,0,0,0,0,0,0,0,0,0,0,0,0,0,0,0,0,0,0,0,0,0,0,0,0,0,174,2026-02-06 20:44:27.841167
SPNG,26.56,26.56,26.86,2090200.0,2026400.0,,0,0,0,0,0,0,0,0,0,0,0,0,0,0,0,0,0,0,0,0,0,0,0,0,0,0,0,0,0,0,0,175,2026-02-06 20:44:28.893923
