ticker,last_price,bid_price,ask_price,BUY_ANON,SELL_ANON,BUY_GIOT-3,BUY_ZUAI-2,SELL_UEBR-1,SELL_GIOT-4,BUY_WRSW-1,BUY_WRSW-2,BUY_GIOT-4,BUY_UEBR-1,SELL_IESE-1,BUY_LUIS-4,SELL_GIOT-3,SELL_WRSW-2,SELL_WRSW-3,SELL_WRSW-1,BUY_LUIS-1,BUY_WRSW-3,SELL_LUIS-1,BUY_IESE-1,SELL_LUIS-4,tick,timestamp,news_news_id,news_period,news_tick,news_ticker,news_headline,news_body
SPNG,0.0,24.81,25.09,2087600.0,2026700.0,0,0,0,0,0,0,0,0,0,0,0,0,0,0,0,0,0,0,0,1,2026-02-04 06:09:52.490988,2.0,1.0,1.0,,Aggregate Position Limit,Your CRO has set the aggregate position limit to 14000 shares for this week.
SMMR,0.0,24.97,25.0,2004100.0,1913000.0,0,0,0,0,0,0,0,0,0,0,0,0,0,0,0,0,0,0,0,1,2026-02-04 06:09:52.490988,1.0,1.0,1.0,,Welcome to the RITC 2026 Alogithmic Market Making Case - practice server,
ATMN,25.17,25.21,25.49,2022600.0,1939300.0,0,0,0,0,0,0,0,0,0,0,0,0,0,0,0,0,0,0,0,1,2026-02-04 06:09:52.490988,,,,,,
WNTR,24.85,24.85,25.01,1591400.0,2129300.0,0,0,0,0,0,0,0,0,0,0,0,0,0,0,0,0,0,0,0,1,2026-02-04 06:09:52.490988,,,,,,
SPNG,25.09,25.07,25.09,2080200.0,2026700.0,0,0,0,0,0,0,0,0,0,0,0,0,0,0,0,0,0,0,0,2,2026-02-04 06:09:53.534748
SMMR,25.02,25.05,25.21,2013300.0,1846000.0,0,0,0,0,0,0,0,0,0,0,0,0,0,0,0,0,0,0,0,2,2026-02-04 06:09:53.534748
ATMN,25.21,24.81,24.94,2019500.0,2013900.0,0,0,0,0,0,0,0,0,0,0,0,0,0,0,0,0,0,0,0,2,2026-02-04 06:09:53.534748
WNTR,25.01,24.85,25.01,1591400.0,2136200.0,0,0,0,0,0,0,0,0,0,0,0,0,0,0,0,0,0,0,0,2,2026-02-04 06:09:53.534748
SPNG,25.07,25.07,25.09,2080200.0,2219800.0,,0,0,0,0,0,0,0,0,0,0,0,0,0,0,0,0,0,0,3,2026-02-04 06:09:54.585721
SMMR,25.03,24.97,25.03,2002300.0,1812500.0,7500.0,0,0,0,0,0,0,0,0,0,0,0,0,0,0,0,0,0,0,3,2026-02-04 06:09:54.585721
ATMN,24.94,25.18,25.4,2048000.0,2029000.0,,0,0,0,0,0,0,0,0,0,0,0,0,0,0,0,0,0,0,3,2026-02-04 06:09:54.585721
WNTR,25.02,24.85,24.88,1687700.0,2106500.0,,0,0,0,0,0,0,0,0,0,0,0,0,0,0,0,0,0,0,3,2026-02-04 06:09:54.585721
SPNG,25.07,24.81,24.92,2103300.0,2251100.0,0,0,0,0,0,0,0,0,0,0,0,0,0,0,0,0,0,0,0,4,2026-02-04 06:09:55.674229
SMMR,24.93,24.93,25.17,1916200.0,1938900.0,0,0,0,0,0,0,0,0,0,0,0,0,0,0,0,0,0,0,0,4,2026-02-04 06:09:55.674229
ATMN,24.81,24.81,25.26,2039800.0,2011400.0,0,0,0,0,0,0,0,0,0,0,0,0,0,0,0,0,0,0,0,4,2026-02-04 06:09:55.674229
WNTR,25.02,24.86,24.88,2120800.0,2106500.0,0,0,0,0,0,0,0,0,0,0,0,0,0,0,0,0,0,0,0,4,2026-02-04 06:09:55.674229
SPNG,24.81,24.81,24.92,2149700.0,2251100.0,,0,0,0,0,0,0,0,0,0,0,0,0,0,0,0,0,0,0,5,2026-02-04 06:09:56.778180
SMMR,24.93,24.87,24.88,2008300.0,1842200.0,7500.0,0,0,0,0,0,0,0,0,0,0,0,0,0,0,0,0,0,0,5,2026-02-04 06:09:56.778180
ATMN,24.81,25.11,25.12,2042400.0,2014600.0,,0,0,0,0,0,0,0,0,0,0,0,0,0,0,0,0,0,0,5,2026-02-04 06:09:56.778180
WNTR,25.02,25.02,25.04,2143100.0,2160300.0,,0,0,0,0,0,0,0,0,0,0,0,0,0,0,0,0,0,0,5,2026-02-04 06:09:56.778180
SPNG,24.92,25.02,25.09,2176600.0,2219800.0,0,0,0,0,0,0,0,0,0,0,0,0,0,0,0,0,0,0,0,6,2026-02-04 06:09:57.820062
SMMR,24.93,24.95,25.08,1999200.0,1913400.0,0,0,0,0,0,0,0,0,0,0,0,0,0,0,0,0,0,0,0,6,2026-02-04 06:09:57.820062
ATMN,25.26,25.11,25.26,2042400.0,2032500.0,0,0,0,0,0,0,0,0,0,0,0,0,0,0,0,0,0,0,0,6,2026-02-04 06:09:57.820062
WNTR,25.02,25.03,25.04,2141200.0,2133600.0,0,0,0,0,0,0,0,0,0,0,0,0,0,0,0,0,0,0,0,6,2026-02-04 06:09:57.820062
SPNG,25.09,25.03,25.08,1875.0,2080700.0,1875.0,2108300.0,0,0,0,0,0,0,0,0,0,0,0,0,0,0,0,0,0,7,2026-02-04 06:09:58.860976
SMMR,25.08,24.95,24.98,7500.0,1941100.0,,1906200.0,0,0,0,0,0,0,0,0,0,0,0,0,0,0,0,0,0,7,2026-02-04 06:09:58.860976
ATMN,24.62,24.99,25.25,,2060600.0,1875.0,1928500.0,0,0,0,0,0,0,0,0,0,0,0,0,0,0,0,0,0,7,2026-02-04 06:09:58.860976
WNTR,25.02,25.02,25.1,,2143100.0,,2139300.0,0,0,0,0,0,0,0,0,0,0,0,0,0,0,0,0,0,7,2026-02-04 06:09:58.860976
SPNG,24.77,25.03,25.07,2166900.0,10000.0,1875.0,2003100.0,,,0,0,0,0,0,0,0,0,0,0,0,0,0,0,0,8,2026-02-04 06:09:59.400969
SMMR,25.08,24.95,24.98,1955000.0,,,1904800.0,7500.0,,0,0,0,0,0,0,0,0,0,0,0,0,0,0,0,8,2026-02-04 06:09:59.400969
ATMN,24.62,25.12,25.18,1810700.0,10000.0,1875.0,1850900.0,1875.0,10000.0,0,0,0,0,0,0,0,0,0,0,0,0,0,0,0,8,2026-02-04 06:09:59.400969
WNTR,25.02,25.04,25.09,2049000.0,10000.0,,2009300.0,,10000.0,0,0,0,0,0,0,0,0,0,0,0,0,0,0,0,8,2026-02-04 06:09:59.400969
SPNG,25.21,24.72,25.21,2135500.0,2230000.0,,,0,0,0,0,0,0,0,0,0,0,0,0,0,0,0,0,0,9,2026-02-04 06:10:00.438339
SMMR,24.95,24.92,24.94,2061500.0,1927700.0,,,0,0,0,0,0,0,0,0,0,0,0,0,0,0,0,0,0,9,2026-02-04 06:10:00.438339
ATMN,24.62,25.13,25.14,1926300.0,1922700.0,3281.0,3281.0,0,0,0,0,0,0,0,0,0,0,0,0,0,0,0,0,0,9,2026-02-04 06:10:00.438339
WNTR,25.1,25.04,25.1,2156400.0,2124100.0,,,0,0,0,0,0,0,0,0,0,0,0,0,0,0,0,0,0,9,2026-02-04 06:10:00.438339
SPNG,24.64,24.96,25.21,2147300.0,2230000.0,0,0,0,0,0,0,0,0,0,0,0,0,0,0,0,0,0,0,0,10,2026-02-04 06:10:01.470846
SMMR,25.04,24.92,25.02,2061500.0,1934800.0,0,0,0,0,0,0,0,0,0,0,0,0,0,0,0,0,0,0,0,10,2026-02-04 06:10:01.470846
ATMN,25.18,25.05,25.18,2054100.0,2049200.0,0,0,0,0,0,0,0,0,0,0,0,0,0,0,0,0,0,0,0,10,2026-02-04 06:10:01.470846
WNTR,25.1,25.04,25.1,2156400.0,2088100.0,0,0,0,0,0,0,0,0,0,0,0,0,0,0,0,0,0,0,0,10,2026-02-04 06:10:01.470846
SPNG,24.63,24.63,25.05,2159400.0,2187900.0,0,0,0,0,0,0,0,0,0,0,0,0,0,0,0,0,0,0,0,11,2026-02-04 06:10:02.512100
SMMR,24.94,24.94,25.02,2085100.0,1953800.0,0,0,0,0,0,0,0,0,0,0,0,0,0,0,0,0,0,0,0,11,2026-02-04 06:10:02.512100
ATMN,25.05,25.05,25.26,2054100.0,2009700.0,0,0,0,0,0,0,0,0,0,0,0,0,0,0,0,0,0,0,0,11,2026-02-04 06:10:02.512100
WNTR,24.88,24.88,25.1,2148600.0,2088100.0,0,0,0,0,0,0,0,0,0,0,0,0,0,0,0,0,0,0,0,11,2026-02-04 06:10:02.512100
SPNG,25.04,25.04,25.05,2078000.0,10000.0,2083700.0,2539.0,,0,0,0,0,0,0,0,0,0,0,0,0,0,0,0,0,12,2026-02-04 06:10:03.551807
SMMR,25.06,24.92,25.06,1977900.0,,1966900.0,,7500.0,0,0,0,0,0,0,0,0,0,0,0,0,0,0,0,0,12,2026-02-04 06:10:03.551807
ATMN,25.26,25.15,25.18,2030700.0,,1936500.0,3281.0,,0,0,0,0,0,0,0,0,0,0,0,0,0,0,0,0,12,2026-02-04 06:10:03.551807
WNTR,25.0,24.92,25.0,2156800.0,,1978000.0,2539.0,,0,0,0,0,0,0,0,0,0,0,0,0,0,0,0,0,12,2026-02-04 06:10:03.551807
SPNG,25.04,24.92,25.02,2172200.0,2061300.0,2539.0,,0,0,0,0,0,0,0,0,0,0,0,0,0,0,0,0,0,13,2026-02-04 06:10:04.582685
SMMR,24.87,24.87,25.02,2008300.0,1965500.0,,,0,0,0,0,0,0,0,0,0,0,0,0,0,0,0,0,0,13,2026-02-04 06:10:04.582685
ATMN,24.92,25.16,25.17,1936500.0,1904600.0,605.0,605.0,0,0,0,0,0,0,0,0,0,0,0,0,0,0,0,0,0,13,2026-02-04 06:10:04.582685
WNTR,24.92,24.92,25.11,2156800.0,2049300.0,,,0,0,0,0,0,0,0,0,0,0,0,0,0,0,0,0,0,13,2026-02-04 06:10:04.582685
SPNG,24.92,24.92,25.02,2172200.0,2055700.0,2539.0,0,0,0,0,0,0,0,0,0,0,0,0,0,0,0,0,0,0,14,2026-02-04 06:10:05.624281
SMMR,25.05,25.05,25.06,2029900.0,1966100.0,,0,0,0,0,0,0,0,0,0,0,0,0,0,0,0,0,0,0,14,2026-02-04 06:10:05.624281
ATMN,25.16,25.0,25.1,2020200.0,2006900.0,,0,0,0,0,0,0,0,0,0,0,0,0,0,0,0,0,0,0,14,2026-02-04 06:10:05.624281
WNTR,24.92,24.98,25.06,2153700.0,2052800.0,,0,0,0,0,0,0,0,0,0,0,0,0,0,0,0,0,0,0,14,2026-02-04 06:10:05.624281
SPNG,24.92,24.63,24.83,2166000.0,2147400.0,0,0,0,0,0,0,0,0,0,0,0,0,0,0,0,0,0,0,0,15,2026-02-04 06:10:06.666335
SMMR,24.87,24.87,24.96,1926200.0,1969200.0,0,0,0,0,0,0,0,0,0,0,0,0,0,0,0,0,0,0,0,15,2026-02-04 06:10:06.666335
ATMN,25.1,25.0,25.1,2015500.0,2006900.0,0,0,0,0,0,0,0,0,0,0,0,0,0,0,0,0,0,0,0,15,2026-02-04 06:10:06.666335
WNTR,25.11,24.98,25.11,2153700.0,2045000.0,0,0,0,0,0,0,0,0,0,0,0,0,0,0,0,0,0,0,0,15,2026-02-04 06:10:06.666335
SPNG,24.83,24.85,25.02,2255800.0,2157200.0,,,0,0,0,0,0,0,0,0,0,0,0,0,0,0,0,0,0,16,2026-02-04 06:10:07.721763
SMMR,24.84,24.84,24.95,1813400.0,1891600.0,4301.0,,0,0,0,0,0,0,0,0,0,0,0,0,0,0,0,0,0,16,2026-02-04 06:10:07.721763
ATMN,25.36,25.0,25.36,1917500.0,2016400.0,,10000.0,0,0,0,0,0,0,0,0,0,0,0,0,0,0,0,0,0,16,2026-02-04 06:10:07.721763
WNTR,25.11,24.98,25.11,2155100.0,2068500.0,,,0,0,0,0,0,0,0,0,0,0,0,0,0,0,0,0,0,16,2026-02-04 06:10:07.721763
SPNG,24.71,24.71,25.02,2220800.0,2152100.0,0,0,0,0,0,0,0,0,0,0,0,0,0,0,0,0,0,0,0,17,2026-02-04 06:10:08.781255
SMMR,24.96,24.84,24.96,1926900.0,1973800.0,0,0,0,0,0,0,0,0,0,0,0,0,0,0,0,0,0,0,0,17,2026-02-04 06:10:08.781255
ATMN,25.02,25.0,25.02,2028700.0,2019800.0,0,0,0,0,0,0,0,0,0,0,0,0,0,0,0,0,0,0,0,17,2026-02-04 06:10:08.781255
WNTR,24.93,24.92,24.93,2149300.0,2067000.0,0,0,0,0,0,0,0,0,0,0,0,0,0,0,0,0,0,0,0,17,2026-02-04 06:10:08.781255
SPNG,24.61,24.72,25.02,3364.0,2063500.0,2152100.0,,0,0,0,0,0,0,0,0,0,0,0,0,0,0,0,0,0,18,2026-02-04 06:10:09.835584
SMMR,24.96,24.86,24.96,,2018700.0,1973800.0,,0,0,0,0,0,0,0,0,0,0,0,0,0,0,0,0,0,18,2026-02-04 06:10:09.835584
ATMN,25.0,25.0,25.35,,2028700.0,1932200.0,1654.0,0,0,0,0,0,0,0,0,0,0,0,0,0,0,0,0,0,18,2026-02-04 06:10:09.835584
WNTR,24.93,24.93,25.11,,2120200.0,2068500.0,,0,0,0,0,0,0,0,0,0,0,0,0,0,0,0,0,0,18,2026-02-04 06:10:09.835584
SPNG,25.14,24.57,25.14,2140400.0,2138300.0,,0,0,0,0,0,0,0,0,0,0,0,0,0,0,0,0,0,0,19,2026-02-04 06:10:10.874528
SMMR,24.96,24.99,25.06,2045500.0,1980100.0,,0,0,0,0,0,0,0,0,0,0,0,0,0,0,0,0,0,0,19,2026-02-04 06:10:10.874528
ATMN,24.92,24.92,25.35,2016600.0,1950700.0,1654.0,0,0,0,0,0,0,0,0,0,0,0,0,0,0,0,0,0,0,19,2026-02-04 06:10:10.874528
WNTR,24.93,25.04,25.11,2108800.0,2068800.0,,0,0,0,0,0,0,0,0,0,0,0,0,0,0,0,0,0,0,19,2026-02-04 06:10:10.874528
SPNG,25.17,24.57,25.17,2140400.0,2116500.0,0,0,0,0,0,0,0,0,0,0,0,0,0,0,0,0,0,0,0,20,2026-02-04 06:10:11.920414
SMMR,24.87,24.86,24.87,2026000.0,2016300.0,0,0,0,0,0,0,0,0,0,0,0,0,0,0,0,0,0,0,0,20,2026-02-04 06:10:11.920414
ATMN,25.4,24.92,25.4,2016600.0,2047200.0,0,0,0,0,0,0,0,0,0,0,0,0,0,0,0,0,0,0,0,20,2026-02-04 06:10:11.920414
WNTR,25.14,25.04,25.14,2108800.0,2079200.0,0,0,0,0,0,0,0,0,0,0,0,0,0,0,0,0,0,0,0,20,2026-02-04 06:10:11.920414
SPNG,25.03,25.15,25.17,1952400.0,2335.0,10000.0,2116500.0,0,0,0,0,0,0,0,0,0,0,0,0,0,0,0,0,0,21,2026-02-04 06:10:12.966520
SMMR,24.84,24.84,24.87,2042800.0,,,2016300.0,0,0,0,0,0,0,0,0,0,0,0,0,0,0,0,0,0,21,2026-02-04 06:10:12.966520
ATMN,25.47,24.92,25.47,2016600.0,,,2036300.0,0,0,0,0,0,0,0,0,0,0,0,0,0,0,0,0,0,21,2026-02-04 06:10:12.966520
WNTR,25.04,24.93,25.0,2120200.0,,,2081900.0,0,0,0,0,0,0,0,0,0,0,0,0,0,0,0,0,0,21,2026-02-04 06:10:12.966520
SPNG,25.15,25.15,25.17,1952400.0,10000.0,1654.0,2127700.0,,0,0,0,0,0,0,0,0,0,0,0,0,0,0,0,0,22,2026-02-04 06:10:14.001496
SMMR,25.02,24.86,24.92,1926900.0,,5955.0,2033600.0,,0,0,0,0,0,0,0,0,0,0,0,0,0,0,0,0,22,2026-02-04 06:10:14.001496
ATMN,25.13,25.13,25.39,1934100.0,,1654.0,1932300.0,1654.0,0,0,0,0,0,0,0,0,0,0,0,0,0,0,0,0,22,2026-02-04 06:10:14.001496
WNTR,25.14,25.04,25.14,1984400.0,,1361.0,2084200.0,,0,0,0,0,0,0,0,0,0,0,0,0,0,0,0,0,22,2026-02-04 06:10:14.001496
SPNG,25.15,25.15,25.17,2053700.0,10000.0,2060800.0,0,0,0,0,0,0,0,0,0,0,0,0,0,0,0,0,0,0,23,2026-02-04 06:10:15.039381
SMMR,25.02,24.9,24.92,2036900.0,,2048200.0,0,0,0,0,0,0,0,0,0,0,0,0,0,0,0,0,0,0,23,2026-02-04 06:10:15.039381
ATMN,24.92,24.96,25.49,2001200.0,,2017100.0,0,0,0,0,0,0,0,0,0,0,0,0,0,0,0,0,0,0,23,2026-02-04 06:10:15.039381
WNTR,25.05,25.03,25.05,2110000.0,,2077300.0,0,0,0,0,0,0,0,0,0,0,0,0,0,0,0,0,0,0,23,2026-02-04 06:10:15.039381
SPNG,25.15,24.58,25.06,2066400.0,10000.0,10000.0,1962500.0,,0,0,0,0,0,0,0,0,0,0,0,0,0,0,0,0,24,2026-02-04 06:10:15.577205
SMMR,24.9,24.84,24.86,2037100.0,,,2066300.0,,0,0,0,0,0,0,0,0,0,0,0,0,0,0,0,0,24,2026-02-04 06:10:15.577205
ATMN,24.92,25.3,25.48,1882600.0,10000.0,10000.0,1940000.0,,0,0,0,0,0,0,0,0,0,0,0,0,0,0,0,0,24,2026-02-04 06:10:15.577205
WNTR,25.05,25.03,25.05,2028100.0,,,2074800.0,1361.0,0,0,0,0,0,0,0,0,0,0,0,0,0,0,0,0,24,2026-02-04 06:10:15.577205
SPNG,24.57,24.57,25.05,2137500.0,1954500.0,5427.0,,0,0,0,0,0,0,0,0,0,0,0,0,0,0,0,0,0,25,2026-02-04 06:10:16.607192
SMMR,24.97,24.84,24.9,2032700.0,2008700.0,,,0,0,0,0,0,0,0,0,0,0,0,0,0,0,0,0,0,25,2026-02-04 06:10:16.607192
ATMN,25.28,25.3,25.49,1899200.0,2030200.0,,1654.0,0,0,0,0,0,0,0,0,0,0,0,0,0,0,0,0,0,25,2026-02-04 06:10:16.607192
WNTR,25.03,24.99,25.03,2106400.0,2050200.0,,,0,0,0,0,0,0,0,0,0,0,0,0,0,0,0,0,0,25,2026-02-04 06:10:16.607192
SPNG,24.57,24.72,25.05,2170000.0,2073400.0,,,0,0,0,0,0,0,0,0,0,0,0,0,0,0,0,0,0,26,2026-02-04 06:10:17.638161
SMMR,24.84,24.84,24.89,2042400.0,1923500.0,3297.0,,0,0,0,0,0,0,0,0,0,0,0,0,0,0,0,0,0,26,2026-02-04 06:10:17.638161
ATMN,25.28,25.31,25.49,1899200.0,2061500.0,,10000.0,0,0,0,0,0,0,0,0,0,0,0,0,0,0,0,0,0,26,2026-02-04 06:10:17.638161
WNTR,25.03,25.02,25.03,2125900.0,2050200.0,,,0,0,0,0,0,0,0,0,0,0,0,0,0,0,0,0,0,26,2026-02-04 06:10:17.638161
SPNG,25.05,24.91,25.05,2043100.0,10000.0,2073400.0,,0,0,0,0,0,0,0,0,0,0,0,0,0,0,0,0,0,27,2026-02-04 06:10:18.666731
SMMR,24.85,24.84,25.06,1958800.0,,1996700.0,3297.0,0,0,0,0,0,0,0,0,0,0,0,0,0,0,0,0,0,27,2026-02-04 06:10:18.666731
ATMN,24.96,24.96,25.51,2006800.0,,2025700.0,,0,0,0,0,0,0,0,0,0,0,0,0,0,0,0,0,0,27,2026-02-04 06:10:18.666731
WNTR,25.15,25.02,25.15,2125900.0,,2089100.0,,0,0,0,0,0,0,0,0,0,0,0,0,0,0,0,0,0,27,2026-02-04 06:10:18.666731
SPNG,24.91,24.92,25.04,10000.0,1951600.0,3741.0,3741.0,1956600.0,,0,0,0,0,0,0,0,0,0,0,0,0,0,0,0,28,2026-02-04 06:10:19.697661
SMMR,25.07,24.84,25.05,10000.0,1924900.0,,,1882100.0,10000.0,0,0,0,0,0,0,0,0,0,0,0,0,0,0,0,28,2026-02-04 06:10:19.697661
ATMN,25.53,25.5,25.53,,1845200.0,1654.0,,2051600.0,,0,0,0,0,0,0,0,0,0,0,0,0,0,0,0,28,2026-02-04 06:10:19.697661
WNTR,25.15,25.07,25.15,,2122700.0,,,2108900.0,,0,0,0,0,0,0,0,0,0,0,0,0,0,0,0,28,2026-02-04 06:10:19.697661
SPNG,24.91,24.93,25.03,10000.0,2517.0,1951600.0,2517.0,1948500.0,,0,0,0,0,0,0,0,0,0,0,0,0,0,0,0,29,2026-02-04 06:10:20.735942
SMMR,24.81,24.92,25.05,,,2012600.0,2515.0,1802400.0,10000.0,0,0,0,0,0,0,0,0,0,0,0,0,0,0,0,29,2026-02-04 06:10:20.735942
ATMN,25.56,24.96,25.56,,,1982100.0,,2034100.0,,0,0,0,0,0,0,0,0,0,0,0,0,0,0,0,29,2026-02-04 06:10:20.735942
WNTR,25.02,25.02,25.18,,1361.0,1992800.0,,2108800.0,,0,0,0,0,0,0,0,0,0,0,0,0,0,0,0,29,2026-02-04 06:10:20.735942
SPNG,24.65,24.58,24.65,10000.0,2068900.0,1954400.0,3318.0,0,0,0,0,0,0,0,0,0,0,0,0,0,0,0,0,0,30,2026-02-04 06:10:21.791357
SMMR,25.07,24.96,25.06,,2086500.0,1947700.0,,0,0,0,0,0,0,0,0,0,0,0,0,0,0,0,0,0,30,2026-02-04 06:10:21.791357
ATMN,25.34,24.96,25.34,,1982100.0,2040900.0,,0,0,0,0,0,0,0,0,0,0,0,0,0,0,0,0,0,30,2026-02-04 06:10:21.791357
WNTR,25.18,25.02,25.18,,2112000.0,2099400.0,,0,0,0,0,0,0,0,0,0,0,0,0,0,0,0,0,0,30,2026-02-04 06:10:21.791357
SPNG,24.66,24.66,25.07,2167100.0,2035400.0,,0,0,0,0,0,0,0,0,0,0,0,0,0,0,0,0,0,0,31,2026-02-04 06:10:22.861734
SMMR,24.95,24.95,25.07,2052000.0,1951800.0,,0,0,0,0,0,0,0,0,0,0,0,0,0,0,0,0,0,0,31,2026-02-04 06:10:22.861734
ATMN,25.34,25.34,25.58,1858600.0,2008800.0,2625.0,0,0,0,0,0,0,0,0,0,0,0,0,0,0,0,0,0,0,31,2026-02-04 06:10:22.861734
WNTR,25.19,25.05,25.19,2022500.0,2102700.0,1361.0,0,0,0,0,0,0,0,0,0,0,0,0,0,0,0,0,0,0,31,2026-02-04 06:10:22.861734
SPNG,24.55,24.55,25.07,2197100.0,2075700.0,,0,0,0,0,0,0,0,0,0,0,0,0,0,0,0,0,0,0,32,2026-02-04 06:10:23.927289
SMMR,25.07,25.07,25.08,2008400.0,1964300.0,2730.0,0,0,0,0,0,0,0,0,0,0,0,0,0,0,0,0,0,0,32,2026-02-04 06:10:23.927289
ATMN,25.4,25.54,25.58,1969800.0,2008800.0,,0,0,0,0,0,0,0,0,0,0,0,0,0,0,0,0,0,0,32,2026-02-04 06:10:23.927289
WNTR,25.19,25.05,25.19,2152300.0,2087900.0,,0,0,0,0,0,0,0,0,0,0,0,0,0,0,0,0,0,0,32,2026-02-04 06:10:23.927289
SPNG,24.55,24.96,25.05,2165800.0,10000.0,1965100.0,,0,0,0,0,0,0,0,0,0,0,0,0,0,0,0,0,0,33,2026-02-04 06:10:24.972879
SMMR,24.92,24.92,25.0,2051400.0,,1983800.0,,0,0,0,0,0,0,0,0,0,0,0,0,0,0,0,0,0,33,2026-02-04 06:10:24.972879
ATMN,25.06,25.54,25.58,1887100.0,,2008900.0,2625.0,0,0,0,0,0,0,0,0,0,0,0,0,0,0,0,0,0,33,2026-02-04 06:10:24.972879
WNTR,25.19,25.17,25.19,2034200.0,,2125400.0,1361.0,0,0,0,0,0,0,0,0,0,0,0,0,0,0,0,0,0,33,2026-02-04 06:10:24.972879
SPNG,24.55,24.97,24.99,4335.0,2074300.0,1857600.0,10000.0,4335.0,0,0,0,0,0,0,0,0,0,0,0,0,0,0,0,0,34,2026-02-04 06:10:26.011479
SMMR,24.91,24.93,24.99,4335.0,1952000.0,1791600.0,10000.0,4335.0,0,0,0,0,0,0,0,0,0,0,0,0,0,0,0,0,34,2026-02-04 06:10:26.011479
ATMN,25.06,25.54,25.58,,1995300.0,2017300.0,,,0,0,0,0,0,0,0,0,0,0,0,0,0,0,0,0,34,2026-02-04 06:10:26.011479
WNTR,25.2,25.17,25.2,,2145900.0,2131600.0,,,0,0,0,0,0,0,0,0,0,0,0,0,0,0,0,0,34,2026-02-04 06:10:26.011479
SPNG,24.55,24.55,24.99,2197100.0,1979800.0,10000.0,0,0,0,0,0,0,0,0,0,0,0,0,0,0,0,0,0,0,35,2026-02-04 06:10:26.551188
SMMR,25.06,25.06,25.08,2072500.0,1976300.0,,0,0,0,0,0,0,0,0,0,0,0,0,0,0,0,0,0,0,35,2026-02-04 06:10:26.551188
ATMN,25.06,25.54,25.58,1995300.0,2049100.0,,0,0,0,0,0,0,0,0,0,0,0,0,0,0,0,0,0,0,35,2026-02-04 06:10:26.551188
WNTR,25.22,25.17,25.22,2145900.0,2133400.0,,0,0,0,0,0,0,0,0,0,0,0,0,0,0,0,0,0,0,35,2026-02-04 06:10:26.551188
SPNG,24.99,24.92,24.99,2205000.0,2074400.0,0,0,0,0,0,0,0,0,0,0,0,0,0,0,0,0,0,0,0,36,2026-02-04 06:10:27.587504
SMMR,24.91,24.91,25.08,2035600.0,1998800.0,0,0,0,0,0,0,0,0,0,0,0,0,0,0,0,0,0,0,0,36,2026-02-04 06:10:27.587504
ATMN,25.54,25.54,25.58,1995300.0,2070400.0,0,0,0,0,0,0,0,0,0,0,0,0,0,0,0,0,0,0,0,36,2026-02-04 06:10:27.587504
WNTR,25.22,25.05,25.22,2167200.0,2114400.0,0,0,0,0,0,0,0,0,0,0,0,0,0,0,0,0,0,0,0,36,2026-02-04 06:10:27.587504
SPNG,25.06,25.06,25.07,2200500.0,2062500.0,,0,0,0,0,0,0,0,0,0,0,0,0,0,0,0,0,0,0,37,2026-02-04 06:10:28.626262
SMMR,24.85,24.85,24.92,2041500.0,2022000.0,,0,0,0,0,0,0,0,0,0,0,0,0,0,0,0,0,0,0,37,2026-02-04 06:10:28.626262
ATMN,25.13,25.13,25.58,2013400.0,2070400.0,,0,0,0,0,0,0,0,0,0,0,0,0,0,0,0,0,0,0,37,2026-02-04 06:10:28.626262
WNTR,25.0,25.16,25.21,2113200.0,2016300.0,2841.0,0,0,0,0,0,0,0,0,0,0,0,0,0,0,0,0,0,0,37,2026-02-04 06:10:28.626262
SPNG,24.54,24.55,24.77,10000.0,2101500.0,1949600.0,10000.0,,,0,0,0,0,0,0,0,0,0,0,0,0,0,0,0,38,2026-02-04 06:10:29.696844
SMMR,24.92,24.89,24.92,10000.0,1855500.0,2022000.0,,3427.0,,0,0,0,0,0,0,0,0,0,0,0,0,0,0,0,38,2026-02-04 06:10:29.696844
ATMN,25.13,25.34,25.58,,1905800.0,2085200.0,,2625.0,,0,0,0,0,0,0,0,0,0,0,0,0,0,0,0,38,2026-02-04 06:10:29.696844
WNTR,25.0,25.13,25.21,,2131300.0,2037700.0,,,2841.0,0,0,0,0,0,0,0,0,0,0,0,0,0,0,0,38,2026-02-04 06:10:29.696844
SPNG,25.07,25.08,25.11,2107100.0,2999.0,2037600.0,,0,0,0,0,0,0,0,0,0,0,0,0,0,0,0,0,0,39,2026-02-04 06:10:30.736739
SMMR,24.9,24.81,24.9,1942900.0,,2046700.0,10000.0,0,0,0,0,0,0,0,0,0,0,0,0,0,0,0,0,0,39,2026-02-04 06:10:30.736739
ATMN,25.34,25.13,25.19,1993000.0,,2113400.0,,0,0,0,0,0,0,0,0,0,0,0,0,0,0,0,0,0,39,2026-02-04 06:10:30.736739
WNTR,25.13,25.13,25.23,2131300.0,,2126400.0,,0,0,0,0,0,0,0,0,0,0,0,0,0,0,0,0,0,39,2026-02-04 06:10:30.736739
SPNG,25.08,24.7,24.96,2187200.0,2075500.0,,0,0,0,0,0,0,0,0,0,0,0,0,0,0,0,0,0,0,40,2026-02-04 06:10:31.782314
SMMR,24.8,24.87,24.9,1967400.0,2028700.0,3106.0,0,0,0,0,0,0,0,0,0,0,0,0,0,0,0,0,0,0,40,2026-02-04 06:10:31.782314
ATMN,25.19,25.37,25.58,1860800.0,2115800.0,2625.0,0,0,0,0,0,0,0,0,0,0,0,0,0,0,0,0,0,0,40,2026-02-04 06:10:31.782314
WNTR,25.13,25.13,25.17,2134000.0,2128300.0,,0,0,0,0,0,0,0,0,0,0,0,0,0,0,0,0,0,0,40,2026-02-04 06:10:31.782314
SPNG,25.08,24.7,24.96,2095700.0,2999.0,2082000.0,0,0,0,0,0,0,0,0,0,0,0,0,0,0,0,0,0,0,41,2026-02-04 06:10:32.821937
SMMR,24.87,24.87,25.01,2060100.0,,1990000.0,0,0,0,0,0,0,0,0,0,0,0,0,0,0,0,0,0,0,41,2026-02-04 06:10:32.821937
ATMN,25.29,25.29,25.58,1982300.0,,2093900.0,0,0,0,0,0,0,0,0,0,0,0,0,0,0,0,0,0,0,41,2026-02-04 06:10:32.821937
WNTR,25.1,25.1,25.23,2126400.0,,2126400.0,0,0,0,0,0,0,0,0,0,0,0,0,0,0,0,0,0,0,41,2026-02-04 06:10:32.821937
SPNG,25.0,24.7,24.76,2219500.0,10000.0,1946300.0,,,0,0,0,0,0,0,0,0,0,0,0,0,0,0,0,0,42,2026-02-04 06:10:33.902788
SMMR,25.0,24.87,24.88,1967400.0,,1971400.0,3106.0,,0,0,0,0,0,0,0,0,0,0,0,0,0,0,0,0,42,2026-02-04 06:10:33.902788
ATMN,25.29,25.57,25.58,1866700.0,,2055600.0,2625.0,,0,0,0,0,0,0,0,0,0,0,0,0,0,0,0,0,42,2026-02-04 06:10:33.902788
WNTR,25.11,25.11,25.23,1885400.0,,2118500.0,3106.0,10000.0,0,0,0,0,0,0,0,0,0,0,0,0,0,0,0,0,42,2026-02-04 06:10:33.902788
SPNG,25.0,24.7,24.83,2102800.0,2999.0,2062800.0,0,0,0,0,0,0,0,0,0,0,0,0,0,0,0,0,0,0,43,2026-02-04 06:10:35.004825
SMMR,24.87,24.87,24.99,2060100.0,,1984900.0,0,0,0,0,0,0,0,0,0,0,0,0,0,0,0,0,0,0,43,2026-02-04 06:10:35.004825
ATMN,25.13,25.46,25.58,2007600.0,,2055600.0,0,0,0,0,0,0,0,0,0,0,0,0,0,0,0,0,0,0,43,2026-02-04 06:10:35.004825
WNTR,25.07,25.07,25.23,2106800.0,,2118500.0,0,0,0,0,0,0,0,0,0,0,0,0,0,0,0,0,0,0,43,2026-02-04 06:10:35.004825
SPNG,24.88,24.88,25.0,2105200.0,7600.0,2036900.0,,,0,0,0,0,0,0,0,0,0,0,0,0,0,0,0,0,44,2026-02-04 06:10:36.058353
SMMR,24.8,24.8,24.88,2011600.0,,1974900.0,,,0,0,0,0,0,0,0,0,0,0,0,0,0,0,0,0,44,2026-02-04 06:10:36.058353
ATMN,25.09,25.14,25.57,1898100.0,,1935600.0,1320.0,1320.0,0,0,0,0,0,0,0,0,0,0,0,0,0,0,0,0,44,2026-02-04 06:10:36.058353
WNTR,25.07,25.19,25.23,1989600.0,,2118500.0,3106.0,,0,0,0,0,0,0,0,0,0,0,0,0,0,0,0,0,44,2026-02-04 06:10:36.058353
SPNG,24.82,24.82,24.83,2105200.0,7600.0,2053600.0,0,0,0,0,0,0,0,0,0,0,0,0,0,0,0,0,0,0,45,2026-02-04 06:10:36.620835
SMMR,24.99,24.8,24.99,2011600.0,,1984900.0,0,0,0,0,0,0,0,0,0,0,0,0,0,0,0,0,0,0,45,2026-02-04 06:10:36.620835
ATMN,25.58,25.09,25.58,2004900.0,,2035000.0,0,0,0,0,0,0,0,0,0,0,0,0,0,0,0,0,0,0,45,2026-02-04 06:10:36.620835
WNTR,25.25,25.19,25.25,2090200.0,,2108700.0,0,0,0,0,0,0,0,0,0,0,0,0,0,0,0,0,0,0,45,2026-02-04 06:10:36.620835
SPNG,24.66,24.66,25.0,2237100.0,2063300.0,,,,0,0,0,0,0,0,0,0,0,0,0,0,0,0,0,0,46,2026-02-04 06:10:37.662382
SMMR,24.99,24.81,24.99,1844100.0,1984900.0,2778.0,10000.0,,0,0,0,0,0,0,0,0,0,0,0,0,0,0,0,0,46,2026-02-04 06:10:37.662382
ATMN,25.68,25.32,25.67,1785700.0,1926100.0,2778.0,7200.0,4800.0,0,0,0,0,0,0,0,0,0,0,0,0,0,0,0,0,46,2026-02-04 06:10:37.662382
WNTR,25.07,25.0,25.04,2138400.0,2099400.0,,,,0,0,0,0,0,0,0,0,0,0,0,0,0,0,0,0,46,2026-02-04 06:10:37.662382
SPNG,25.04,24.83,25.04,3552.0,2117000.0,2063700.0,,0,0,0,0,0,0,0,0,0,0,0,0,0,0,0,0,0,47,2026-02-04 06:10:38.694575
SMMR,24.82,24.83,24.92,,1940000.0,2002000.0,10000.0,0,0,0,0,0,0,0,0,0,0,0,0,0,0,0,0,0,47,2026-02-04 06:10:38.694575
ATMN,25.68,25.66,25.68,,1988200.0,2040700.0,,0,0,0,0,0,0,0,0,0,0,0,0,0,0,0,0,0,47,2026-02-04 06:10:38.694575
WNTR,25.25,25.16,25.25,3106.0,2026500.0,2099100.0,,0,0,0,0,0,0,0,0,0,0,0,0,0,0,0,0,0,47,2026-02-04 06:10:38.694575
SPNG,24.88,24.84,24.88,8000.0,2081700.0,2004900.0,5200.0,0,0,0,0,0,0,0,0,0,0,0,0,0,0,0,0,0,48,2026-02-04 06:10:39.732437
SMMR,24.92,24.82,24.86,,2066900.0,2036500.0,,0,0,0,0,0,0,0,0,0,0,0,0,0,0,0,0,0,48,2026-02-04 06:10:39.732437
ATMN,25.62,25.53,25.62,,1981300.0,2041300.0,,0,0,0,0,0,0,0,0,0,0,0,0,0,0,0,0,0,48,2026-02-04 06:10:39.732437
WNTR,25.15,25.15,25.27,,2118300.0,2089800.0,,0,0,0,0,0,0,0,0,0,0,0,0,0,0,0,0,0,48,2026-02-04 06:10:39.732437
SPNG,24.51,24.67,25.11,2208700.0,2072800.0,,0,0,0,0,0,0,0,0,0,0,0,0,0,0,0,0,0,0,49,2026-02-04 06:10:40.763646
SMMR,24.92,24.94,24.99,1973100.0,2012900.0,2778.0,0,0,0,0,0,0,0,0,0,0,0,0,0,0,0,0,0,0,49,2026-02-04 06:10:40.763646
ATMN,25.68,25.32,25.68,2015200.0,2023800.0,,0,0,0,0,0,0,0,0,0,0,0,0,0,0,0,0,0,0,49,2026-02-04 06:10:40.763646
WNTR,25.29,25.18,25.29,2153800.0,2067200.0,,0,0,0,0,0,0,0,0,0,0,0,0,0,0,0,0,0,0,49,2026-02-04 06:10:40.763646
SPNG,24.51,24.84,24.98,3552.0,2083100.0,1973200.0,10000.0,,,0,0,0,0,0,0,0,0,0,0,0,0,0,0,0,50,2026-02-04 06:10:41.804776
SMMR,25.01,24.95,25.01,2778.0,1874100.0,2014600.0,,10000.0,,0,0,0,0,0,0,0,0,0,0,0,0,0,0,0,50,2026-02-04 06:10:41.804776
ATMN,25.68,25.54,25.61,3948.0,1869400.0,1944000.0,,,3948.0,0,0,0,0,0,0,0,0,0,0,0,0,0,0,0,50,2026-02-04 06:10:41.804776
WNTR,25.18,25.18,25.26,3948.0,2045300.0,1969100.0,,,3948.0,0,0,0,0,0,0,0,0,0,0,0,0,0,0,0,50,2026-02-04 06:10:41.804776
SPNG,24.84,24.67,24.71,2184100.0,2117600.0,,,0,0,0,0,0,0,0,0,0,0,0,0,0,0,0,0,0,51,2026-02-04 06:10:42.843607
SMMR,24.95,24.94,24.95,2064000.0,1932200.0,10000.0,,0,0,0,0,0,0,0,0,0,0,0,0,0,0,0,0,0,51,2026-02-04 06:10:42.843607
ATMN,25.68,25.55,25.68,1887300.0,2027400.0,,2682.0,0,0,0,0,0,0,0,0,0,0,0,0,0,0,0,0,0,51,2026-02-04 06:10:42.843607
WNTR,25.07,25.07,25.2,2125700.0,2072200.0,,,0,0,0,0,0,0,0,0,0,0,0,0,0,0,0,0,0,51,2026-02-04 06:10:42.843607
SPNG,24.67,24.67,24.98,2180700.0,2119000.0,,,,0,0,0,0,0,0,0,0,0,0,0,0,0,0,0,0,52,2026-02-04 06:10:43.873987
SMMR,24.95,24.94,24.95,1980400.0,1935600.0,2778.0,10000.0,,0,0,0,0,0,0,0,0,0,0,0,0,0,0,0,0,52,2026-02-04 06:10:43.873987
ATMN,25.71,25.41,25.67,1868400.0,1932900.0,2328.0,,2328.0,0,0,0,0,0,0,0,0,0,0,0,0,0,0,0,0,52,2026-02-04 06:10:43.873987
WNTR,25.28,25.07,25.28,2125700.0,2066700.0,,,,0,0,0,0,0,0,0,0,0,0,0,0,0,0,0,0,52,2026-02-04 06:10:43.873987
SPNG,24.8,24.78,24.8,1915600.0,2800.0,4382.0,1880200.0,2800.0,4382.0,0,0,0,0,0,0,0,0,0,0,0,0,0,0,0,53,2026-02-04 06:10:44.909651
SMMR,24.95,24.94,24.95,2087000.0,,,2057900.0,,,0,0,0,0,0,0,0,0,0,0,0,0,0,0,0,53,2026-02-04 06:10:44.909651
ATMN,25.71,25.68,25.71,1981400.0,,,2051800.0,,,0,0,0,0,0,0,0,0,0,0,0,0,0,0,0,53,2026-02-04 06:10:44.909651
WNTR,25.0,25.0,25.12,2089800.0,,,2092700.0,,,0,0,0,0,0,0,0,0,0,0,0,0,0,0,0,53,2026-02-04 06:10:44.909651
SPNG,24.67,24.68,24.8,2170200.0,2124900.0,,,0,0,0,0,0,0,0,0,0,0,0,0,0,0,0,0,0,54,2026-02-04 06:10:45.951013
SMMR,24.95,24.94,24.95,2020300.0,1952300.0,2778.0,10000.0,0,0,0,0,0,0,0,0,0,0,0,0,0,0,0,0,0,54,2026-02-04 06:10:45.951013
ATMN,25.68,25.68,25.72,1858400.0,2063300.0,5010.0,,0,0,0,0,0,0,0,0,0,0,0,0,0,0,0,0,0,54,2026-02-04 06:10:45.951013
WNTR,25.12,25.13,25.28,2096000.0,2067900.0,,,0,0,0,0,0,0,0,0,0,0,0,0,0,0,0,0,0,54,2026-02-04 06:10:45.951013
SPNG,25.07,24.68,25.07,2158600.0,2127900.0,,,0,0,0,0,0,0,0,0,0,0,0,0,0,0,0,0,0,55,2026-02-04 06:10:47.004873
SMMR,24.79,24.79,24.95,2092500.0,2068200.0,,,0,0,0,0,0,0,0,0,0,0,0,0,0,0,0,0,0,55,2026-02-04 06:10:47.004873
ATMN,25.72,25.4,25.72,1949700.0,2063300.0,,,0,0,0,0,0,0,0,0,0,0,0,0,0,0,0,0,0,55,2026-02-04 06:10:47.004873
WNTR,25.29,25.14,25.29,1908700.0,2075800.0,10000.0,4809.0,0,0,0,0,0,0,0,0,0,0,0,0,0,0,0,0,0,55,2026-02-04 06:10:47.004873
SPNG,25.11,24.68,25.11,2158600.0,2094200.0,0,0,0,0,0,0,0,0,0,0,0,0,0,0,0,0,0,0,0,56,2026-02-04 06:10:48.045625
SMMR,24.96,24.79,24.96,2092500.0,2070300.0,0,0,0,0,0,0,0,0,0,0,0,0,0,0,0,0,0,0,0,56,2026-02-04 06:10:48.045625
ATMN,25.74,25.47,25.74,1938000.0,2033000.0,0,0,0,0,0,0,0,0,0,0,0,0,0,0,0,0,0,0,0,56,2026-02-04 06:10:48.045625
WNTR,25.12,25.12,25.3,2102100.0,2055200.0,0,0,0,0,0,0,0,0,0,0,0,0,0,0,0,0,0,0,0,56,2026-02-04 06:10:48.045625
SPNG,25.12,24.69,25.12,4400.0,2041900.0,2105800.0,,,0,0,0,0,0,0,0,0,0,0,0,0,0,0,0,0,57,2026-02-04 06:10:49.082973
SMMR,24.96,24.79,24.9,,2092500.0,1959800.0,10000.0,,0,0,0,0,0,0,0,0,0,0,0,0,0,0,0,0,57,2026-02-04 06:10:49.082973
ATMN,25.77,25.47,25.77,,1911400.0,2037000.0,,,0,0,0,0,0,0,0,0,0,0,0,0,0,0,0,0,57,2026-02-04 06:10:49.082973
WNTR,25.12,25.08,25.1,,2094900.0,1941000.0,,4809.0,0,0,0,0,0,0,0,0,0,0,0,0,0,0,0,0,57,2026-02-04 06:10:49.082973
SPNG,25.12,24.67,24.8,2161200.0,2084700.0,0,0,0,0,0,0,0,0,0,0,0,0,0,0,0,0,0,0,0,58,2026-02-04 06:10:50.121596
SMMR,24.78,24.78,24.79,2123700.0,2058900.0,0,0,0,0,0,0,0,0,0,0,0,0,0,0,0,0,0,0,0,58,2026-02-04 06:10:50.121596
ATMN,25.83,25.4,25.83,1917100.0,2041200.0,0,0,0,0,0,0,0,0,0,0,0,0,0,0,0,0,0,0,0,58,2026-02-04 06:10:50.121596
WNTR,25.08,25.08,25.32,2075000.0,2045500.0,0,0,0,0,0,0,0,0,0,0,0,0,0,0,0,0,0,0,0,58,2026-02-04 06:10:50.121596
SPNG,24.8,24.86,25.12,2133200.0,2077100.0,0,0,0,0,0,0,0,0,0,0,0,0,0,0,0,0,0,0,0,59,2026-02-04 06:10:51.164059
SMMR,24.79,24.78,24.79,2131800.0,2058900.0,0,0,0,0,0,0,0,0,0,0,0,0,0,0,0,0,0,0,0,59,2026-02-04 06:10:51.164059
ATMN,25.46,25.46,25.83,1935100.0,2041200.0,0,0,0,0,0,0,0,0,0,0,0,0,0,0,0,0,0,0,0,59,2026-02-04 06:10:51.164059
WNTR,25.08,25.08,25.17,2071100.0,2040500.0,0,0,0,0,0,0,0,0,0,0,0,0,0,0,0,0,0,0,0,59,2026-02-04 06:10:51.164059
SPNG,24.51,24.82,0.0,200000.0,0,0,0,0,0,0,0,0,0,0,0,0,0,0,0,0,0,0,0,0,60,2026-02-04 06:10:51.701385
SMMR,24.79,25.84,0.0,200000.0,0,0,0,0,0,0,0,0,0,0,0,0,0,0,0,0,0,0,0,0,60,2026-02-04 06:10:51.701385
ATMN,25.46,26.05,0.0,200000.0,0,0,0,0,0,0,0,0,0,0,0,0,0,0,0,0,0,0,0,0,60,2026-02-04 06:10:51.701385
WNTR,25.32,25.2,0.0,200000.0,0,0,0,0,0,0,0,0,0,0,0,0,0,0,0,0,0,0,0,0,60,2026-02-04 06:10:51.701385
SPNG,24.51,24.82,25.16,995600.0,1038400.0,0,0,0,0,0,0,0,0,0,0,0,0,0,0,0,0,0,0,0,61,2026-02-04 06:10:52.767172
SMMR,25.84,25.34,25.54,911200.0,723800.0,0,0,0,0,0,0,0,0,0,0,0,0,0,0,0,0,0,0,0,61,2026-02-04 06:10:52.767172
ATMN,26.05,26.05,26.13,815200.0,767800.0,0,0,0,0,0,0,0,0,0,0,0,0,0,0,0,0,0,0,0,61,2026-02-04 06:10:52.767172
WNTR,25.2,24.7,25.18,858000.0,990400.0,0,0,0,0,0,0,0,0,0,0,0,0,0,0,0,0,0,0,0,61,2026-02-04 06:10:52.767172
SPNG,24.59,24.59,25.16,987400.0,1124900.0,0,0,0,0,0,0,0,0,0,0,0,0,0,0,0,0,0,0,0,62,2026-02-04 06:10:53.806025
SMMR,25.61,25.34,25.6,911200.0,822400.0,0,0,0,0,0,0,0,0,0,0,0,0,0,0,0,0,0,0,0,62,2026-02-04 06:10:53.806025
ATMN,26.28,26.05,26.06,815200.0,846200.0,0,0,0,0,0,0,0,0,0,0,0,0,0,0,0,0,0,0,0,62,2026-02-04 06:10:53.806025
WNTR,25.2,24.86,25.18,1305600.0,990400.0,0,0,0,0,0,0,0,0,0,0,0,0,0,0,0,0,0,0,0,62,2026-02-04 06:10:53.806025
SPNG,24.59,25.03,25.16,1106600.0,1323900.0,0,0,0,0,0,0,0,0,0,0,0,0,0,0,0,0,0,0,0,63,2026-02-04 06:10:54.837299
SMMR,25.88,25.62,25.88,1001400.0,831800.0,0,0,0,0,0,0,0,0,0,0,0,0,0,0,0,0,0,0,0,63,2026-02-04 06:10:54.837299
ATMN,26.28,26.05,26.06,1134100.0,941400.0,0,0,0,0,0,0,0,0,0,0,0,0,0,0,0,0,0,0,0,63,2026-02-04 06:10:54.837299
WNTR,25.1,24.86,25.1,1305600.0,1200600.0,0,0,0,0,0,0,0,0,0,0,0,0,0,0,0,0,0,0,0,63,2026-02-04 06:10:54.837299
SPNG,25.03,25.04,25.15,10000.0,1106600.0,10000.0,1517900.0,0,0,0,0,0,0,0,0,0,0,0,0,0,0,0,0,0,64,2026-02-04 06:10:55.879411
SMMR,25.62,25.62,25.67,,1001400.0,,999000.0,0,0,0,0,0,0,0,0,0,0,0,0,0,0,0,0,0,64,2026-02-04 06:10:55.879411
ATMN,26.03,26.03,26.06,,1141600.0,,941400.0,0,0,0,0,0,0,0,0,0,0,0,0,0,0,0,0,0,64,2026-02-04 06:10:55.879411
WNTR,25.1,25.13,25.17,10000.0,1533000.0,10000.0,1197600.0,0,0,0,0,0,0,0,0,0,0,0,0,0,0,0,0,0,64,2026-02-04 06:10:55.879411
SPNG,25.05,24.59,24.95,987400.0,1496500.0,10000.0,,,0,0,0,0,0,0,0,0,0,0,0,0,0,0,0,0,65,2026-02-04 06:10:56.914033
SMMR,25.85,25.71,25.85,1178300.0,919200.0,,7500.0,,0,0,0,0,0,0,0,0,0,0,0,0,0,0,0,0,65,2026-02-04 06:10:56.914033
ATMN,26.06,26.11,26.27,1240800.0,950200.0,,,,0,0,0,0,0,0,0,0,0,0,0,0,0,0,0,0,65,2026-02-04 06:10:56.914033
WNTR,25.12,25.14,25.16,1635300.0,1299700.0,,7500.0,7500.0,0,0,0,0,0,0,0,0,0,0,0,0,0,0,0,0,65,2026-02-04 06:10:56.914033
SPNG,24.59,24.18,24.49,987400.0,1640600.0,0,0,0,0,0,0,0,0,0,0,0,0,0,0,0,0,0,0,0,66,2026-02-04 06:10:57.951410
SMMR,25.85,25.71,25.85,1283600.0,1115800.0,0,0,0,0,0,0,0,0,0,0,0,0,0,0,0,0,0,0,0,66,2026-02-04 06:10:57.951410
ATMN,26.11,26.03,26.04,1252100.0,1233800.0,0,0,0,0,0,0,0,0,0,0,0,0,0,0,0,0,0,0,0,66,2026-02-04 06:10:57.951410
WNTR,25.24,25.2,25.24,1842100.0,1200100.0,0,0,0,0,0,0,0,0,0,0,0,0,0,0,0,0,0,0,0,66,2026-02-04 06:10:57.951410
SPNG,24.54,24.73,24.89,1181900.0,1638400.0,0,0,0,0,0,0,0,0,0,0,0,0,0,0,0,0,0,0,0,67,2026-02-04 06:10:58.982348
SMMR,25.85,25.71,25.85,1283600.0,1028400.0,0,0,0,0,0,0,0,0,0,0,0,0,0,0,0,0,0,0,0,67,2026-02-04 06:10:58.982348
ATMN,26.04,26.22,26.27,1446600.0,1133500.0,0,0,0,0,0,0,0,0,0,0,0,0,0,0,0,0,0,0,0,67,2026-02-04 06:10:58.982348
WNTR,25.14,25.12,25.14,1941700.0,1417100.0,0,0,0,0,0,0,0,0,0,0,0,0,0,0,0,0,0,0,0,67,2026-02-04 06:10:58.982348
SPNG,24.77,24.74,24.77,10000.0,1181900.0,1603800.0,10000.0,0,0,0,0,0,0,0,0,0,0,0,0,0,0,0,0,0,68,2026-02-04 06:11:00.023916
SMMR,25.63,25.72,25.8,10000.0,1203000.0,1250200.0,10000.0,0,0,0,0,0,0,0,0,0,0,0,0,0,0,0,0,0,68,2026-02-04 06:11:00.023916
ATMN,26.27,26.03,26.27,,1336600.0,1133500.0,,0,0,0,0,0,0,0,0,0,0,0,0,0,0,0,0,0,68,2026-02-04 06:11:00.023916
WNTR,25.19,25.15,25.19,,1953900.0,1324100.0,,0,0,0,0,0,0,0,0,0,0,0,0,0,0,0,0,0,68,2026-02-04 06:11:00.023916
SPNG,24.55,24.18,24.5,1110400.0,1636800.0,0,0,0,0,0,0,0,0,0,0,0,0,0,0,0,0,0,0,0,69,2026-02-04 06:11:01.069953
SMMR,25.63,25.76,25.8,1287300.0,1425900.0,0,0,0,0,0,0,0,0,0,0,0,0,0,0,0,0,0,0,0,69,2026-02-04 06:11:01.069953
ATMN,25.95,25.95,26.27,1232100.0,1209200.0,0,0,0,0,0,0,0,0,0,0,0,0,0,0,0,0,0,0,0,69,2026-02-04 06:11:01.069953
WNTR,25.14,25.14,25.19,2033600.0,1324100.0,0,0,0,0,0,0,0,0,0,0,0,0,0,0,0,0,0,0,0,69,2026-02-04 06:11:01.069953
SPNG,24.5,24.54,25.18,1622900.0,1875.0,1513100.0,,0,0,0,0,0,0,0,0,0,0,0,0,0,0,0,0,0,70,2026-02-04 06:11:02.168931
SMMR,25.63,25.76,25.77,1392800.0,1875.0,1635300.0,1875.0,0,0,0,0,0,0,0,0,0,0,0,0,0,0,0,0,0,70,2026-02-04 06:11:02.168931
ATMN,25.88,25.88,26.27,1137600.0,,1209200.0,,0,0,0,0,0,0,0,0,0,0,0,0,0,0,0,0,0,70,2026-02-04 06:11:02.168931
WNTR,25.14,25.16,25.18,2013200.0,1875.0,1324100.0,1875.0,0,0,0,0,0,0,0,0,0,0,0,0,0,0,0,0,0,70,2026-02-04 06:11:02.168931
SPNG,24.8,24.54,24.72,1622900.0,1544000.0,,,0,0,0,0,0,0,0,0,0,0,0,0,0,0,0,0,0,71,2026-02-04 06:11:02.875707
SMMR,25.77,25.76,25.77,1486900.0,1635300.0,1875.0,1875.0,0,0,0,0,0,0,0,0,0,0,0,0,0,0,0,0,0,71,2026-02-04 06:11:02.875707
ATMN,25.88,25.88,26.26,1323000.0,1209200.0,,1875.0,0,0,0,0,0,0,0,0,0,0,0,0,0,0,0,0,0,71,2026-02-04 06:11:02.875707
WNTR,25.25,25.16,25.25,2142300.0,1098000.0,,,0,0,0,0,0,0,0,0,0,0,0,0,0,0,0,0,0,71,2026-02-04 06:11:02.875707
SPNG,24.8,24.59,24.71,2003900.0,10000.0,5156.0,1544000.0,,,0,0,0,0,0,0,0,0,0,0,0,0,0,0,0,72,2026-02-04 06:11:03.960279
SMMR,25.65,25.66,25.76,1606400.0,10000.0,,1541800.0,,,0,0,0,0,0,0,0,0,0,0,0,0,0,0,0,72,2026-02-04 06:11:03.960279
ATMN,25.98,25.89,25.98,1323000.0,10000.0,,1219800.0,10000.0,,0,0,0,0,0,0,0,0,0,0,0,0,0,0,0,72,2026-02-04 06:11:03.960279
WNTR,25.06,25.08,25.24,2138200.0,,,1216500.0,,5156.0,0,0,0,0,0,0,0,0,0,0,0,0,0,0,0,72,2026-02-04 06:11:03.960279
SPNG,25.32,24.59,24.71,2240100.0,5156.0,5156.0,1340400.0,0,0,0,0,0,0,0,0,0,0,0,0,0,0,0,0,0,73,2026-02-04 06:11:05.012330
SMMR,25.65,25.65,25.8,1606400.0,,,1642700.0,0,0,0,0,0,0,0,0,0,0,0,0,0,0,0,0,0,73,2026-02-04 06:11:05.012330
ATMN,26.32,25.88,26.19,1323000.0,,,1222100.0,0,0,0,0,0,0,0,0,0,0,0,0,0,0,0,0,0,73,2026-02-04 06:11:05.012330
WNTR,25.32,25.17,25.21,2021700.0,5156.0,,1338800.0,0,0,0,0,0,0,0,0,0,0,0,0,0,0,0,0,0,73,2026-02-04 06:11:05.012330
SPNG,25.34,24.6,25.34,937.0,2240100.0,1427200.0,,0,0,0,0,0,0,0,0,0,0,0,0,0,0,0,0,0,74,2026-02-04 06:11:06.042167
SMMR,25.7,25.73,25.79,,1703200.0,1731000.0,937.0,0,0,0,0,0,0,0,0,0,0,0,0,0,0,0,0,0,74,2026-02-04 06:11:06.042167
ATMN,26.32,25.88,26.32,,1323000.0,1230100.0,,0,0,0,0,0,0,0,0,0,0,0,0,0,0,0,0,0,74,2026-02-04 06:11:06.042167
WNTR,25.36,25.11,25.36,,2144400.0,1237900.0,,0,0,0,0,0,0,0,0,0,0,0,0,0,0,0,0,0,74,2026-02-04 06:11:06.042167
SPNG,25.07,24.83,25.07,2294400.0,937.0,1527100.0,,0,0,0,0,0,0,0,0,0,0,0,0,0,0,0,0,0,75,2026-02-04 06:11:07.071460
SMMR,25.82,25.66,25.82,1614800.0,937.0,1618600.0,,0,0,0,0,0,0,0,0,0,0,0,0,0,0,0,0,0,75,2026-02-04 06:11:07.071460
ATMN,26.32,26.08,26.09,1419600.0,937.0,1419400.0,937.0,0,0,0,0,0,0,0,0,0,0,0,0,0,0,0,0,0,75,2026-02-04 06:11:07.071460
WNTR,25.06,25.06,25.36,2143700.0,,1459900.0,,0,0,0,0,0,0,0,0,0,0,0,0,0,0,0,0,0,75,2026-02-04 06:11:07.071460
SPNG,24.78,24.84,24.87,10000.0,2356200.0,1741100.0,10000.0,,,0,0,0,0,0,0,0,0,0,0,0,0,0,0,0,76,2026-02-04 06:11:08.144214
SMMR,25.76,25.76,25.82,10000.0,1704400.0,1704000.0,,,,0,0,0,0,0,0,0,0,0,0,0,0,0,0,0,76,2026-02-04 06:11:08.144214
ATMN,25.88,25.88,26.09,,1323000.0,1600100.0,,,,0,0,0,0,0,0,0,0,0,0,0,0,0,0,0,76,2026-02-04 06:11:08.144214
WNTR,25.06,25.08,25.15,10000.0,1941000.0,1657900.0,10000.0,5976.0,5976.0,0,0,0,0,0,0,0,0,0,0,0,0,0,0,0,76,2026-02-04 06:11:08.144214
SPNG,24.83,24.78,24.83,2466700.0,1734300.0,,0,0,0,0,0,0,0,0,0,0,0,0,0,0,0,0,0,0,77,2026-02-04 06:11:09.195831
SMMR,25.88,25.8,25.88,1795800.0,1292900.0,,0,0,0,0,0,0,0,0,0,0,0,0,0,0,0,0,0,0,77,2026-02-04 06:11:09.195831
ATMN,25.81,25.94,26.08,1412400.0,1600100.0,4277.0,0,0,0,0,0,0,0,0,0,0,0,0,0,0,0,0,0,0,77,2026-02-04 06:11:09.195831
WNTR,25.14,25.08,25.14,2157100.0,1760900.0,,0,0,0,0,0,0,0,0,0,0,0,0,0,0,0,0,0,0,77,2026-02-04 06:11:09.195831
SPNG,24.83,24.79,24.82,2264300.0,10000.0,10000.0,1838400.0,0,0,0,0,0,0,0,0,0,0,0,0,0,0,0,0,0,78,2026-02-04 06:11:10.248086
SMMR,25.76,25.65,25.7,1614800.0,,,1478000.0,0,0,0,0,0,0,0,0,0,0,0,0,0,0,0,0,0,78,2026-02-04 06:11:10.248086
ATMN,25.75,25.96,26.09,1507500.0,,,1600100.0,0,0,0,0,0,0,0,0,0,0,0,0,0,0,0,0,0,78,2026-02-04 06:11:10.248086
WNTR,25.08,25.08,25.16,2152600.0,,,1657900.0,0,0,0,0,0,0,0,0,0,0,0,0,0,0,0,0,0,78,2026-02-04 06:11:10.248086
SPNG,24.83,24.79,24.82,2185200.0,2393.0,2393.0,1838400.0,0,0,0,0,0,0,0,0,0,0,0,0,0,0,0,0,0,79,2026-02-04 06:11:10.801690
SMMR,25.88,25.65,25.88,1614800.0,,,1492400.0,0,0,0,0,0,0,0,0,0,0,0,0,0,0,0,0,0,79,2026-02-04 06:11:10.801690
ATMN,25.96,25.96,26.07,1507500.0,,,1721000.0,0,0,0,0,0,0,0,0,0,0,0,0,0,0,0,0,0,79,2026-02-04 06:11:10.801690
WNTR,25.08,25.11,25.16,2129000.0,,,1657900.0,0,0,0,0,0,0,0,0,0,0,0,0,0,0,0,0,0,79,2026-02-04 06:11:10.801690
SPNG,24.92,25.13,25.2,2162600.0,10000.0,10000.0,1639000.0,,,0,0,0,0,0,0,0,0,0,0,0,0,0,0,0,80,2026-02-04 06:11:11.843002
SMMR,25.76,25.84,25.87,1614800.0,10000.0,10000.0,1589400.0,,,0,0,0,0,0,0,0,0,0,0,0,0,0,0,0,80,2026-02-04 06:11:11.843002
ATMN,25.85,25.71,25.85,1534600.0,,,1691500.0,2136.0,,0,0,0,0,0,0,0,0,0,0,0,0,0,0,0,80,2026-02-04 06:11:11.843002
WNTR,25.11,25.12,25.18,2009500.0,,,1566600.0,,2136.0,0,0,0,0,0,0,0,0,0,0,0,0,0,0,0,80,2026-02-04 06:11:11.843002
SPNG,24.78,24.78,25.21,2420100.0,1745600.0,0,0,0,0,0,0,0,0,0,0,0,0,0,0,0,0,0,0,0,81,2026-02-04 06:11:12.885573
SMMR,25.9,25.81,25.9,1720500.0,1584000.0,0,0,0,0,0,0,0,0,0,0,0,0,0,0,0,0,0,0,0,81,2026-02-04 06:11:12.885573
ATMN,26.09,25.71,26.09,1621400.0,1698000.0,0,0,0,0,0,0,0,0,0,0,0,0,0,0,0,0,0,0,0,81,2026-02-04 06:11:12.885573
WNTR,25.18,25.23,25.36,2124200.0,1459900.0,0,0,0,0,0,0,0,0,0,0,0,0,0,0,0,0,0,0,0,81,2026-02-04 06:11:12.885573
SPNG,24.99,24.79,24.98,2393.0,2276400.0,10000.0,1997100.0,0,0,0,0,0,0,0,0,0,0,0,0,0,0,0,0,0,82,2026-02-04 06:11:13.923402
SMMR,25.91,25.81,25.91,,1912200.0,,1498600.0,0,0,0,0,0,0,0,0,0,0,0,0,0,0,0,0,0,82,2026-02-04 06:11:13.923402
ATMN,26.09,25.96,26.09,,1913300.0,,1698000.0,0,0,0,0,0,0,0,0,0,0,0,0,0,0,0,0,0,82,2026-02-04 06:11:13.923402
WNTR,25.08,25.08,25.36,,2069600.0,,1560700.0,0,0,0,0,0,0,0,0,0,0,0,0,0,0,0,0,0,82,2026-02-04 06:11:13.923402
SPNG,24.72,24.74,25.05,2398000.0,1971100.0,,,0,0,0,0,0,0,0,0,0,0,0,0,0,0,0,0,0,83,2026-02-04 06:11:14.962213
SMMR,25.81,25.81,25.94,1912200.0,1510700.0,,,0,0,0,0,0,0,0,0,0,0,0,0,0,0,0,0,0,83,2026-02-04 06:11:14.962213
ATMN,26.09,25.97,26.08,1881500.0,1675300.0,10000.0,10000.0,0,0,0,0,0,0,0,0,0,0,0,0,0,0,0,0,0,83,2026-02-04 06:11:14.962213
WNTR,25.12,25.17,25.36,2101100.0,1560700.0,,,0,0,0,0,0,0,0,0,0,0,0,0,0,0,0,0,0,83,2026-02-04 06:11:14.962213
SPNG,25.05,24.75,25.05,10000.0,2254300.0,1977800.0,,0,0,0,0,0,0,0,0,0,0,0,0,0,0,0,0,0,84,2026-02-04 06:11:15.996072
SMMR,25.83,25.81,25.83,,2024300.0,1612200.0,,0,0,0,0,0,0,0,0,0,0,0,0,0,0,0,0,0,84,2026-02-04 06:11:15.996072
ATMN,26.09,26.09,26.12,,1876700.0,1693700.0,3483.0,0,0,0,0,0,0,0,0,0,0,0,0,0,0,0,0,0,84,2026-02-04 06:11:15.996072
WNTR,25.02,25.02,25.36,,2117000.0,1658200.0,,0,0,0,0,0,0,0,0,0,0,0,0,0,0,0,0,0,84,2026-02-04 06:11:15.996072
SPNG,25.29,24.76,25.29,10000.0,1919.0,2066300.0,1933400.0,0,0,0,0,0,0,0,0,0,0,0,0,0,0,0,0,0,85,2026-02-04 06:11:17.023904
SMMR,25.92,25.92,25.94,,,2026300.0,1715300.0,0,0,0,0,0,0,0,0,0,0,0,0,0,0,0,0,0,85,2026-02-04 06:11:17.023904
ATMN,26.09,26.09,26.12,,,1971900.0,1750100.0,0,0,0,0,0,0,0,0,0,0,0,0,0,0,0,0,0,85,2026-02-04 06:11:17.023904
WNTR,25.02,25.22,25.24,,,2117400.0,1831300.0,0,0,0,0,0,0,0,0,0,0,0,0,0,0,0,0,0,85,2026-02-04 06:11:17.023904
SPNG,24.74,24.76,25.03,4190.0,2174600.0,4190.0,1932900.0,0,0,0,0,0,0,0,0,0,0,0,0,0,0,0,0,0,86,2026-02-04 06:11:18.049837
SMMR,25.92,25.92,25.93,,2026300.0,4700.0,1816000.0,0,0,0,0,0,0,0,0,0,0,0,0,0,0,0,0,0,86,2026-02-04 06:11:18.049837
ATMN,25.96,25.86,25.9,,1989300.0,,1809300.0,0,0,0,0,0,0,0,0,0,0,0,0,0,0,0,0,0,86,2026-02-04 06:11:18.049837
WNTR,25.36,25.26,25.36,,2078900.0,,1747800.0,0,0,0,0,0,0,0,0,0,0,0,0,0,0,0,0,0,86,2026-02-04 06:11:18.049837
SPNG,24.72,24.72,25.12,2384500.0,2057400.0,,,0,0,0,0,0,0,0,0,0,0,0,0,0,0,0,0,0,87,2026-02-04 06:11:19.081026
SMMR,25.73,25.73,25.74,1918600.0,1938800.0,,,0,0,0,0,0,0,0,0,0,0,0,0,0,0,0,0,0,87,2026-02-04 06:11:19.081026
ATMN,25.86,25.87,25.89,1894600.0,1729800.0,3143.0,3143.0,0,0,0,0,0,0,0,0,0,0,0,0,0,0,0,0,0,87,2026-02-04 06:11:19.081026
WNTR,25.23,25.22,25.23,2117400.0,1971900.0,,3143.0,0,0,0,0,0,0,0,0,0,0,0,0,0,0,0,0,0,87,2026-02-04 06:11:19.081026
SPNG,24.72,25.02,25.11,2075600.0,10000.0,1919.0,10000.0,1977000.0,,0,0,0,0,0,0,0,0,0,0,0,0,0,0,0,88,2026-02-04 06:11:20.109827
SMMR,25.8,25.73,25.8,1918600.0,,,,1948200.0,,0,0,0,0,0,0,0,0,0,0,0,0,0,0,0,88,2026-02-04 06:11:20.109827
ATMN,26.12,25.86,26.12,1978300.0,,,,1771300.0,,0,0,0,0,0,0,0,0,0,0,0,0,0,0,0,88,2026-02-04 06:11:20.109827
WNTR,25.22,25.06,25.13,1986200.0,10000.0,,10000.0,1899000.0,3143.0,0,0,0,0,0,0,0,0,0,0,0,0,0,0,0,88,2026-02-04 06:11:20.109827
SPNG,24.93,25.02,25.12,2348700.0,2090200.0,,0,0,0,0,0,0,0,0,0,0,0,0,0,0,0,0,0,0,89,2026-02-04 06:11:21.143258
SMMR,25.93,25.79,25.93,2003300.0,1930400.0,,0,0,0,0,0,0,0,0,0,0,0,0,0,0,0,0,0,0,89,2026-02-04 06:11:21.143258
ATMN,26.25,25.86,26.02,1989700.0,1696900.0,5142.0,0,0,0,0,0,0,0,0,0,0,0,0,0,0,0,0,0,0,89,2026-02-04 06:11:21.143258
WNTR,25.23,25.05,25.09,2075400.0,2078200.0,,0,0,0,0,0,0,0,0,0,0,0,0,0,0,0,0,0,0,89,2026-02-04 06:11:21.143258
SPNG,25.02,24.72,24.86,2343700.0,2113200.0,0,0,0,0,0,0,0,0,0,0,0,0,0,0,0,0,0,0,0,90,2026-02-04 06:11:22.221187
SMMR,25.93,25.92,25.93,1993300.0,1954000.0,0,0,0,0,0,0,0,0,0,0,0,0,0,0,0,0,0,0,0,90,2026-02-04 06:11:22.221187
ATMN,26.02,25.79,26.02,1967600.0,1807500.0,0,0,0,0,0,0,0,0,0,0,0,0,0,0,0,0,0,0,0,90,2026-02-04 06:11:22.221187
WNTR,25.3,25.05,25.17,2093400.0,1975000.0,0,0,0,0,0,0,0,0,0,0,0,0,0,0,0,0,0,0,0,90,2026-02-04 06:11:22.221187
SPNG,24.72,24.9,25.12,10000.0,2198300.0,2090200.0,0,0,0,0,0,0,0,0,0,0,0,0,0,0,0,0,0,0,91,2026-02-04 06:11:23.265750
SMMR,25.92,25.92,25.93,,1993300.0,1972600.0,0,0,0,0,0,0,0,0,0,0,0,0,0,0,0,0,0,0,91,2026-02-04 06:11:23.265750
ATMN,25.79,25.93,26.02,,1992600.0,1816300.0,0,0,0,0,0,0,0,0,0,0,0,0,0,0,0,0,0,0,91,2026-02-04 06:11:23.265750
WNTR,25.17,25.15,25.17,,2054600.0,1975000.0,0,0,0,0,0,0,0,0,0,0,0,0,0,0,0,0,0,0,91,2026-02-04 06:11:23.265750
SPNG,24.59,24.59,24.98,2421100.0,2081800.0,,,0,0,0,0,0,0,0,0,0,0,0,0,0,0,0,0,0,92,2026-02-04 06:11:24.332110
SMMR,25.93,25.79,25.9,2003300.0,1952200.0,,,0,0,0,0,0,0,0,0,0,0,0,0,0,0,0,0,0,92,2026-02-04 06:11:24.332110
ATMN,26.02,26.16,26.18,1903700.0,1796900.0,10000.0,,0,0,0,0,0,0,0,0,0,0,0,0,0,0,0,0,0,92,2026-02-04 06:11:24.332110
WNTR,25.17,25.15,25.17,1975700.0,1975000.0,,3143.0,0,0,0,0,0,0,0,0,0,0,0,0,0,0,0,0,0,92,2026-02-04 06:11:24.332110
SPNG,24.98,24.59,24.98,2369000.0,2081800.0,0,0,0,0,0,0,0,0,0,0,0,0,0,0,0,0,0,0,0,93,2026-02-04 06:11:24.883735
SMMR,25.93,25.82,25.88,1989500.0,1952500.0,0,0,0,0,0,0,0,0,0,0,0,0,0,0,0,0,0,0,0,93,2026-02-04 06:11:24.883735
ATMN,26.16,26.16,26.18,1990500.0,1803500.0,0,0,0,0,0,0,0,0,0,0,0,0,0,0,0,0,0,0,0,93,2026-02-04 06:11:24.883735
WNTR,25.17,25.26,25.32,2073100.0,1855600.0,0,0,0,0,0,0,0,0,0,0,0,0,0,0,0,0,0,0,0,93,2026-02-04 06:11:24.883735
SPNG,24.59,24.59,24.98,2307300.0,1979000.0,1919.0,,0,0,0,0,0,0,0,0,0,0,0,0,0,0,0,0,0,94,2026-02-04 06:11:25.928450
SMMR,25.75,25.75,25.87,2003000.0,1846300.0,3837.0,,0,0,0,0,0,0,0,0,0,0,0,0,0,0,0,0,0,94,2026-02-04 06:11:25.928450
ATMN,26.16,25.93,26.05,1992600.0,1795400.0,,,0,0,0,0,0,0,0,0,0,0,0,0,0,0,0,0,0,94,2026-02-04 06:11:25.928450
WNTR,25.32,25.29,25.32,2002100.0,2068800.0,,3143.0,0,0,0,0,0,0,0,0,0,0,0,0,0,0,0,0,0,94,2026-02-04 06:11:25.928450
SPNG,25.12,24.9,24.96,2274100.0,1919.0,1986800.0,,0,0,0,0,0,0,0,0,0,0,0,0,0,0,0,0,0,95,2026-02-04 06:11:26.971909
SMMR,25.75,25.86,25.87,2009800.0,3837.0,1841400.0,,0,0,0,0,0,0,0,0,0,0,0,0,0,0,0,0,0,95,2026-02-04 06:11:26.971909
ATMN,26.05,26.15,26.18,1872200.0,,1826500.0,5142.0,0,0,0,0,0,0,0,0,0,0,0,0,0,0,0,0,0,95,2026-02-04 06:11:26.971909
WNTR,25.32,25.29,25.32,2087100.0,,2056900.0,,0,0,0,0,0,0,0,0,0,0,0,0,0,0,0,0,0,95,2026-02-04 06:11:26.971909
SPNG,24.9,24.91,24.95,1795.0,2129500.0,1795.0,1976300.0,0,0,0,0,0,0,0,0,0,0,0,0,0,0,0,0,0,96,2026-02-04 06:11:28.012592
SMMR,25.86,25.86,25.87,,2009800.0,3837.0,1872700.0,0,0,0,0,0,0,0,0,0,0,0,0,0,0,0,0,0,96,2026-02-04 06:11:28.012592
ATMN,25.75,25.74,25.75,,1977400.0,,1825200.0,0,0,0,0,0,0,0,0,0,0,0,0,0,0,0,0,0,96,2026-02-04 06:11:28.012592
WNTR,25.29,25.29,25.36,3143.0,2008500.0,,2015000.0,0,0,0,0,0,0,0,0,0,0,0,0,0,0,0,0,0,96,2026-02-04 06:11:28.012592
SPNG,25.16,24.92,25.16,1755.0,2129500.0,2086100.0,,0,0,0,0,0,0,0,0,0,0,0,0,0,0,0,0,0,97,2026-02-04 06:11:29.051716
SMMR,25.73,25.65,25.7,,1994800.0,1880900.0,3837.0,0,0,0,0,0,0,0,0,0,0,0,0,0,0,0,0,0,97,2026-02-04 06:11:29.051716
ATMN,25.75,25.97,26.18,,1987300.0,1826500.0,,0,0,0,0,0,0,0,0,0,0,0,0,0,0,0,0,0,97,2026-02-04 06:11:29.051716
WNTR,25.26,25.26,25.36,,2080800.0,2054000.0,,0,0,0,0,0,0,0,0,0,0,0,0,0,0,0,0,0,97,2026-02-04 06:11:29.051716
SPNG,24.75,24.9,25.16,3550.0,2146700.0,2084600.0,0,0,0,0,0,0,0,0,0,0,0,0,0,0,0,0,0,0,98,2026-02-04 06:11:30.090961
SMMR,25.83,25.83,25.88,,1979800.0,1993900.0,0,0,0,0,0,0,0,0,0,0,0,0,0,0,0,0,0,0,98,2026-02-04 06:11:30.090961
ATMN,25.72,26.09,26.18,,1962900.0,1826500.0,0,0,0,0,0,0,0,0,0,0,0,0,0,0,0,0,0,0,98,2026-02-04 06:11:30.090961
WNTR,25.19,25.18,25.19,,2071500.0,2032000.0,0,0,0,0,0,0,0,0,0,0,0,0,0,0,0,0,0,0,98,2026-02-04 06:11:30.090961
SPNG,24.53,24.91,24.99,10000.0,2122000.0,1958500.0,10000.0,,,0,0,0,0,0,0,0,0,0,0,0,0,0,0,0,99,2026-02-04 06:11:31.128559
SMMR,25.78,25.84,25.87,10000.0,1787200.0,1996900.0,,3837.0,,0,0,0,0,0,0,0,0,0,0,0,0,0,0,0,99,2026-02-04 06:11:31.128559
ATMN,26.09,25.86,26.09,,1980400.0,1742200.0,,,3734.0,0,0,0,0,0,0,0,0,0,0,0,0,0,0,0,99,2026-02-04 06:11:31.128559
WNTR,25.18,25.18,25.36,,2085600.0,2046900.0,,,,0,0,0,0,0,0,0,0,0,0,0,0,0,0,0,99,2026-02-04 06:11:31.128559
SPNG,25.04,24.9,24.98,10000.0,2131000.0,10000.0,1755.0,1877300.0,,0,0,0,0,0,0,0,0,0,0,0,0,0,0,0,100,2026-02-04 06:11:32.156547
SMMR,25.78,25.78,25.87,,1993800.0,,,2010700.0,,0,0,0,0,0,0,0,0,0,0,0,0,0,0,0,100,2026-02-04 06:11:32.156547
ATMN,25.71,25.71,26.18,,1992400.0,,,1826500.0,,0,0,0,0,0,0,0,0,0,0,0,0,0,0,0,100,2026-02-04 06:11:32.156547
WNTR,25.15,25.19,25.35,,1970900.0,,3521.0,1927500.0,3521.0,0,0,0,0,0,0,0,0,0,0,0,0,0,0,0,100,2026-02-04 06:11:32.156547
SPNG,24.89,24.89,24.98,2237500.0,1755.0,1964600.0,0,0,0,0,0,0,0,0,0,0,0,0,0,0,0,0,0,0,101,2026-02-04 06:11:33.191697
SMMR,25.88,25.65,25.88,2014400.0,,2027900.0,0,0,0,0,0,0,0,0,0,0,0,0,0,0,0,0,0,0,101,2026-02-04 06:11:33.191697
ATMN,25.71,26.07,26.17,2000800.0,2416.0,1749900.0,0,0,0,0,0,0,0,0,0,0,0,0,0,0,0,0,0,0,101,2026-02-04 06:11:33.191697
WNTR,25.4,25.15,25.16,2080300.0,,2062600.0,0,0,0,0,0,0,0,0,0,0,0,0,0,0,0,0,0,0,101,2026-02-04 06:11:33.191697
SPNG,24.89,24.89,24.96,2237500.0,1828900.0,5300.0,1755.0,0,0,0,0,0,0,0,0,0,0,0,0,0,0,0,0,0,102,2026-02-04 06:11:34.230593
SMMR,25.88,25.84,25.88,2002200.0,2027900.0,,,0,0,0,0,0,0,0,0,0,0,0,0,0,0,0,0,0,102,2026-02-04 06:11:34.230593
ATMN,25.71,26.07,26.18,1967200.0,1841300.0,,,0,0,0,0,0,0,0,0,0,0,0,0,0,0,0,0,0,102,2026-02-04 06:11:34.230593
WNTR,25.16,25.15,25.16,2071900.0,2062600.0,,,0,0,0,0,0,0,0,0,0,0,0,0,0,0,0,0,0,102,2026-02-04 06:11:34.230593
SPNG,24.89,24.89,24.91,2253100.0,1833100.0,5300.0,1755.0,,0,0,0,0,0,0,0,0,0,0,0,0,0,0,0,0,103,2026-02-04 06:11:35.267670
SMMR,25.89,25.84,25.89,1917000.0,2008700.0,,,3837.0,0,0,0,0,0,0,0,0,0,0,0,0,0,0,0,0,103,2026-02-04 06:11:35.267670
ATMN,26.07,25.79,25.92,1991100.0,1742000.0,,1218.0,,0,0,0,0,0,0,0,0,0,0,0,0,0,0,0,0,103,2026-02-04 06:11:35.267670
WNTR,25.41,25.15,25.38,1976500.0,2089800.0,,,3521.0,0,0,0,0,0,0,0,0,0,0,0,0,0,0,0,0,103,2026-02-04 06:11:35.267670
SPNG,24.79,24.79,24.96,2227600.0,2008100.0,,,0,0,0,0,0,0,0,0,0,0,0,0,0,0,0,0,0,104,2026-02-04 06:11:36.304769
SMMR,25.85,25.65,25.76,2034100.0,1937600.0,10000.0,,0,0,0,0,0,0,0,0,0,0,0,0,0,0,0,0,0,104,2026-02-04 06:11:36.304769
ATMN,25.92,26.11,26.15,1943800.0,1752300.0,,1157.0,0,0,0,0,0,0,0,0,0,0,0,0,0,0,0,0,0,104,2026-02-04 06:11:36.304769
WNTR,25.38,25.38,25.41,2039500.0,2058000.0,,,0,0,0,0,0,0,0,0,0,0,0,0,0,0,0,0,0,104,2026-02-04 06:11:36.304769
SPNG,24.79,24.9,24.94,3556.0,2122700.0,5300.0,3556.0,1802100.0,0,0,0,0,0,0,0,0,0,0,0,0,0,0,0,0,105,2026-02-04 06:11:37.384877
SMMR,25.84,25.65,25.74,3837.0,1913500.0,7300.0,,1929200.0,0,0,0,0,0,0,0,0,0,0,0,0,0,0,0,0,105,2026-02-04 06:11:37.384877
ATMN,25.97,25.79,25.97,,1962200.0,,1218.0,1730500.0,0,0,0,0,0,0,0,0,0,0,0,0,0,0,0,0,105,2026-02-04 06:11:37.384877
WNTR,25.16,25.18,25.41,3521.0,1910200.0,,,2058000.0,0,0,0,0,0,0,0,0,0,0,0,0,0,0,0,0,105,2026-02-04 06:11:37.384877
SPNG,25.06,24.89,25.06,2217000.0,2040800.0,0,0,0,0,0,0,0,0,0,0,0,0,0,0,0,0,0,0,0,106,2026-02-04 06:11:38.436772
SMMR,25.9,25.87,25.9,2036700.0,1997900.0,0,0,0,0,0,0,0,0,0,0,0,0,0,0,0,0,0,0,0,106,2026-02-04 06:11:38.436772
ATMN,26.26,26.26,26.29,1976100.0,1828800.0,0,0,0,0,0,0,0,0,0,0,0,0,0,0,0,0,0,0,0,106,2026-02-04 06:11:38.436772
WNTR,25.12,25.12,25.41,2025300.0,2058000.0,0,0,0,0,0,0,0,0,0,0,0,0,0,0,0,0,0,0,0,106,2026-02-04 06:11:38.436772
SPNG,24.89,24.89,24.92,2217000.0,5300.0,1924000.0,,,,0,0,0,0,0,0,0,0,0,0,0,0,0,0,0,107,2026-02-04 06:11:38.979754
SMMR,25.9,25.87,25.9,1945100.0,,1986600.0,7300.0,,,0,0,0,0,0,0,0,0,0,0,0,0,0,0,0,107,2026-02-04 06:11:38.979754
ATMN,26.26,26.26,26.29,1869800.0,,1828800.0,,1218.0,,0,0,0,0,0,0,0,0,0,0,0,0,0,0,0,107,2026-02-04 06:11:38.979754
WNTR,25.12,25.13,25.32,1899900.0,,1956800.0,,4449.0,4449.0,0,0,0,0,0,0,0,0,0,0,0,0,0,0,0,107,2026-02-04 06:11:38.979754
SPNG,24.83,24.83,24.95,2209100.0,10000.0,1851100.0,4449.0,,,0,0,0,0,0,0,0,0,0,0,0,0,0,0,0,108,2026-02-04 06:11:40.010511
SMMR,25.87,25.88,25.9,1846500.0,,1987100.0,,7300.0,3837.0,0,0,0,0,0,0,0,0,0,0,0,0,0,0,0,108,2026-02-04 06:11:40.010511
ATMN,26.26,25.79,25.99,1991500.0,,1838300.0,,,,0,0,0,0,0,0,0,0,0,0,0,0,0,0,0,108,2026-02-04 06:11:40.010511
WNTR,25.32,25.31,25.32,1914200.0,,1956800.0,4449.0,,4449.0,0,0,0,0,0,0,0,0,0,0,0,0,0,0,0,108,2026-02-04 06:11:40.010511
SPNG,24.63,24.91,24.94,2746.0,2099600.0,10000.0,2746.0,1851100.0,,0,0,0,0,0,0,0,0,0,0,0,0,0,0,0,109,2026-02-04 06:11:41.053470
SMMR,25.79,25.88,25.9,,1939600.0,,,1979100.0,7300.0,0,0,0,0,0,0,0,0,0,0,0,0,0,0,0,109,2026-02-04 06:11:41.053470
ATMN,25.98,26.14,26.29,,1982200.0,,,1827400.0,,0,0,0,0,0,0,0,0,0,0,0,0,0,0,0,109,2026-02-04 06:11:41.053470
WNTR,25.42,25.31,25.42,,2001200.0,,,2042300.0,,0,0,0,0,0,0,0,0,0,0,0,0,0,0,0,109,2026-02-04 06:11:41.053470
SPNG,24.67,24.68,24.96,2207100.0,2056200.0,0,0,0,0,0,0,0,0,0,0,0,0,0,0,0,0,0,0,0,110,2026-02-04 06:11:42.088270
SMMR,25.79,25.8,25.89,2027400.0,1969100.0,0,0,0,0,0,0,0,0,0,0,0,0,0,0,0,0,0,0,0,110,2026-02-04 06:11:42.088270
ATMN,26.14,26.14,26.29,1982200.0,1852200.0,0,0,0,0,0,0,0,0,0,0,0,0,0,0,0,0,0,0,0,110,2026-02-04 06:11:42.088270
WNTR,25.44,25.32,25.39,2022500.0,2042700.0,0,0,0,0,0,0,0,0,0,0,0,0,0,0,0,0,0,0,0,110,2026-02-04 06:11:42.088270
SPNG,24.89,24.89,24.94,2224800.0,4449.0,1968300.0,,,0,0,0,0,0,0,0,0,0,0,0,0,0,0,0,0,111,2026-02-04 06:11:43.130210
SMMR,25.79,25.79,25.89,2040000.0,,1969100.0,,,0,0,0,0,0,0,0,0,0,0,0,0,0,0,0,0,111,2026-02-04 06:11:43.130210
ATMN,25.93,25.78,25.93,1955000.0,553.0,1675600.0,10000.0,,0,0,0,0,0,0,0,0,0,0,0,0,0,0,0,0,111,2026-02-04 06:11:43.130210
WNTR,25.39,25.32,25.39,1908300.0,,2063000.0,,4449.0,0,0,0,0,0,0,0,0,0,0,0,0,0,0,0,0,111,2026-02-04 06:11:43.130210
SPNG,24.89,24.9,24.93,7300.0,2119700.0,10000.0,7195.0,1723000.0,0,0,0,0,0,0,0,0,0,0,0,0,0,0,0,0,112,2026-02-04 06:11:44.162081
SMMR,25.79,25.85,25.86,,2026800.0,,,1989800.0,0,0,0,0,0,0,0,0,0,0,0,0,0,0,0,0,112,2026-02-04 06:11:44.162081
ATMN,25.92,25.93,26.29,,1930100.0,,,1855600.0,0,0,0,0,0,0,0,0,0,0,0,0,0,0,0,0,112,2026-02-04 06:11:44.162081
WNTR,25.41,25.29,25.41,,1987100.0,,,2058200.0,0,0,0,0,0,0,0,0,0,0,0,0,0,0,0,0,112,2026-02-04 06:11:44.162081
SPNG,24.63,24.68,24.93,2229200.0,7195.0,1950500.0,0,0,0,0,0,0,0,0,0,0,0,0,0,0,0,0,0,0,113,2026-02-04 06:11:45.210203
SMMR,25.86,25.68,25.86,2020400.0,,1989800.0,0,0,0,0,0,0,0,0,0,0,0,0,0,0,0,0,0,0,113,2026-02-04 06:11:45.210203
ATMN,25.93,26.27,26.29,1907800.0,,1858900.0,0,0,0,0,0,0,0,0,0,0,0,0,0,0,0,0,0,0,113,2026-02-04 06:11:45.210203
WNTR,25.41,25.29,25.4,1943400.0,776.0,1965100.0,0,0,0,0,0,0,0,0,0,0,0,0,0,0,0,0,0,0,113,2026-02-04 06:11:45.210203
SPNG,24.96,24.68,24.96,2244800.0,2056900.0,0,0,0,0,0,0,0,0,0,0,0,0,0,0,0,0,0,0,0,114,2026-02-04 06:11:46.245750
SMMR,25.89,25.68,25.89,1998800.0,1969100.0,0,0,0,0,0,0,0,0,0,0,0,0,0,0,0,0,0,0,0,114,2026-02-04 06:11:46.245750
ATMN,26.27,25.98,26.17,1932900.0,1875400.0,0,0,0,0,0,0,0,0,0,0,0,0,0,0,0,0,0,0,0,114,2026-02-04 06:11:46.245750
WNTR,25.41,25.38,25.4,1982600.0,2072800.0,0,0,0,0,0,0,0,0,0,0,0,0,0,0,0,0,0,0,0,114,2026-02-04 06:11:46.245750
SPNG,25.11,24.99,25.11,2115500.0,826.0,2065800.0,,0,0,0,0,0,0,0,0,0,0,0,0,0,0,0,0,0,115,2026-02-04 06:11:47.274046
SMMR,25.89,25.69,25.85,1878100.0,826.0,1867000.0,826.0,0,0,0,0,0,0,0,0,0,0,0,0,0,0,0,0,0,115,2026-02-04 06:11:47.274046
ATMN,25.98,25.98,26.17,1932900.0,,1773200.0,776.0,0,0,0,0,0,0,0,0,0,0,0,0,0,0,0,0,0,115,2026-02-04 06:11:47.274046
WNTR,25.36,25.36,25.4,1960000.0,,2073700.0,,0,0,0,0,0,0,0,0,0,0,0,0,0,0,0,0,0,115,2026-02-04 06:11:47.274046
SPNG,24.99,24.99,25.1,2213600.0,7300.0,1959000.0,,,0,0,0,0,0,0,0,0,0,0,0,0,0,0,0,0,116,2026-02-04 06:11:48.311918
SMMR,25.89,25.82,25.83,1876500.0,,1979800.0,2895.0,,0,0,0,0,0,0,0,0,0,0,0,0,0,0,0,0,116,2026-02-04 06:11:48.311918
ATMN,25.93,25.78,25.84,1940600.0,,1776200.0,,776.0,0,0,0,0,0,0,0,0,0,0,0,0,0,0,0,0,116,2026-02-04 06:11:48.311918
WNTR,25.29,25.37,25.39,1846600.0,,1985400.0,2895.0,2895.0,0,0,0,0,0,0,0,0,0,0,0,0,0,0,0,0,116,2026-02-04 06:11:48.311918
SPNG,24.68,24.68,24.94,2196200.0,7300.0,1970500.0,0,0,0,0,0,0,0,0,0,0,0,0,0,0,0,0,0,0,117,2026-02-04 06:11:49.344146
SMMR,25.68,25.68,25.83,1995900.0,,1979800.0,0,0,0,0,0,0,0,0,0,0,0,0,0,0,0,0,0,0,117,2026-02-04 06:11:49.344146
ATMN,26.15,26.14,26.15,1929100.0,,1858700.0,0,0,0,0,0,0,0,0,0,0,0,0,0,0,0,0,0,0,117,2026-02-04 06:11:49.344146
WNTR,25.4,25.29,25.4,1943400.0,,2074200.0,0,0,0,0,0,0,0,0,0,0,0,0,0,0,0,0,0,0,117,2026-02-04 06:11:49.344146
SPNG,25.15,24.98,25.06,2221700.0,2075500.0,0,0,0,0,0,0,0,0,0,0,0,0,0,0,0,0,0,0,0,118,2026-02-04 06:11:50.448944
SMMR,25.68,25.82,25.83,1984500.0,1979800.0,0,0,0,0,0,0,0,0,0,0,0,0,0,0,0,0,0,0,0,118,2026-02-04 06:11:50.448944
ATMN,26.14,26.14,26.15,1904300.0,1849300.0,0,0,0,0,0,0,0,0,0,0,0,0,0,0,0,0,0,0,0,118,2026-02-04 06:11:50.448944
WNTR,25.45,25.29,25.45,1956500.0,2028000.0,0,0,0,0,0,0,0,0,0,0,0,0,0,0,0,0,0,0,0,118,2026-02-04 06:11:50.448944
SPNG,24.98,24.68,24.85,2239800.0,2071000.0,0,0,0,0,0,0,0,0,0,0,0,0,0,0,0,0,0,0,0,119,2026-02-04 06:11:51.029875
SMMR,25.82,25.82,25.85,1984500.0,1977300.0,0,0,0,0,0,0,0,0,0,0,0,0,0,0,0,0,0,0,0,119,2026-02-04 06:11:51.029875
ATMN,26.14,25.78,26.12,1910900.0,1834100.0,0,0,0,0,0,0,0,0,0,0,0,0,0,0,0,0,0,0,0,119,2026-02-04 06:11:51.029875
WNTR,25.47,25.29,25.47,1956500.0,2060200.0,0,0,0,0,0,0,0,0,0,0,0,0,0,0,0,0,0,0,0,119,2026-02-04 06:11:51.029875
SPNG,24.85,23.08,23.37,1050900.0,871900.0,0,0,0,0,0,0,0,0,0,0,0,0,0,0,0,0,0,0,0,120,2026-02-04 06:11:52.115829
SMMR,25.88,24.85,0.0,200000.0,,0,0,0,0,0,0,0,0,0,0,0,0,0,0,0,0,0,0,0,120,2026-02-04 06:11:52.115829
ATMN,25.78,24.31,24.95,948000.0,756900.0,0,0,0,0,0,0,0,0,0,0,0,0,0,0,0,0,0,0,0,120,2026-02-04 06:11:52.115829
WNTR,25.48,24.19,0.0,200000.0,,0,0,0,0,0,0,0,0,0,0,0,0,0,0,0,0,0,0,0,120,2026-02-04 06:11:52.115829
SPNG,23.08,23.15,23.34,1056500.0,1096200.0,0,0,0,0,0,0,0,0,0,0,0,0,0,0,0,0,0,0,0,121,2026-02-04 06:11:53.145391
SMMR,25.88,24.85,25.12,887800.0,954000.0,0,0,0,0,0,0,0,0,0,0,0,0,0,0,0,0,0,0,0,121,2026-02-04 06:11:53.145391
ATMN,24.01,24.01,24.68,976200.0,868800.0,0,0,0,0,0,0,0,0,0,0,0,0,0,0,0,0,0,0,0,121,2026-02-04 06:11:53.145391
WNTR,24.19,24.19,24.35,900200.0,913800.0,0,0,0,0,0,0,0,0,0,0,0,0,0,0,0,0,0,0,0,121,2026-02-04 06:11:53.145391
SPNG,23.08,23.08,23.34,1103000.0,1300500.0,0,0,0,0,0,0,0,0,0,0,0,0,0,0,0,0,0,0,0,122,2026-02-04 06:11:54.187841
SMMR,25.08,24.85,25.02,972800.0,1049100.0,0,0,0,0,0,0,0,0,0,0,0,0,0,0,0,0,0,0,0,122,2026-02-04 06:11:54.187841
ATMN,24.01,24.01,24.09,976200.0,1259200.0,0,0,0,0,0,0,0,0,0,0,0,0,0,0,0,0,0,0,0,122,2026-02-04 06:11:54.187841
WNTR,24.35,24.19,24.35,900200.0,1119300.0,0,0,0,0,0,0,0,0,0,0,0,0,0,0,0,0,0,0,0,122,2026-02-04 06:11:54.187841
SPNG,23.08,23.08,23.23,1231300.0,1596800.0,0,0,0,0,0,0,0,0,0,0,0,0,0,0,0,0,0,0,0,123,2026-02-04 06:11:55.218103
SMMR,25.02,25.05,25.12,1158000.0,954000.0,0,0,0,0,0,0,0,0,0,0,0,0,0,0,0,0,0,0,0,123,2026-02-04 06:11:55.218103
ATMN,24.01,24.01,24.09,1017600.0,1467700.0,0,0,0,0,0,0,0,0,0,0,0,0,0,0,0,0,0,0,0,123,2026-02-04 06:11:55.218103
WNTR,24.38,23.81,24.38,1020300.0,994500.0,0,0,0,0,0,0,0,0,0,0,0,0,0,0,0,0,0,0,0,123,2026-02-04 06:11:55.218103
SPNG,23.08,22.55,22.72,1131300.0,1817200.0,0,0,0,0,0,0,0,0,0,0,0,0,0,0,0,0,0,0,0,124,2026-02-04 06:11:56.255643
SMMR,25.05,24.85,24.99,1191700.0,1138500.0,0,0,0,0,0,0,0,0,0,0,0,0,0,0,0,0,0,0,0,124,2026-02-04 06:11:56.255643
ATMN,24.01,23.66,23.94,1164100.0,1560200.0,0,0,0,0,0,0,0,0,0,0,0,0,0,0,0,0,0,0,0,124,2026-02-04 06:11:56.255643
WNTR,24.32,24.05,24.32,1139500.0,999400.0,0,0,0,0,0,0,0,0,0,0,0,0,0,0,0,0,0,0,0,124,2026-02-04 06:11:56.255643
SPNG,23.34,22.61,23.34,1370300.0,7500.0,1617900.0,,,0,0,0,0,0,0,0,0,0,0,0,0,0,0,0,0,125,2026-02-04 06:11:57.289974
SMMR,24.85,24.85,24.96,1091700.0,,1358000.0,10000.0,7500.0,0,0,0,0,0,0,0,0,0,0,0,0,0,0,0,0,125,2026-02-04 06:11:57.289974
ATMN,24.02,24.02,24.09,1269400.0,,1555200.0,,,0,0,0,0,0,0,0,0,0,0,0,0,0,0,0,0,125,2026-02-04 06:11:57.289974
WNTR,24.05,24.05,24.17,1139500.0,,910400.0,,,0,0,0,0,0,0,0,0,0,0,0,0,0,0,0,0,125,2026-02-04 06:11:57.289974
SPNG,23.39,22.61,23.39,1495000.0,7500.0,1368100.0,,,0,0,0,0,0,0,0,0,0,0,0,0,0,0,0,0,126,2026-02-04 06:11:58.321509
SMMR,24.86,24.82,24.85,991700.0,,1668600.0,10000.0,7500.0,0,0,0,0,0,0,0,0,0,0,0,0,0,0,0,0,126,2026-02-04 06:11:58.321509
ATMN,23.66,23.66,24.09,1164100.0,,1641200.0,,,0,0,0,0,0,0,0,0,0,0,0,0,0,0,0,0,126,2026-02-04 06:11:58.321509
WNTR,24.05,24.11,24.17,1480900.0,7500.0,910400.0,,7500.0,0,0,0,0,0,0,0,0,0,0,0,0,0,0,0,0,126,2026-02-04 06:11:58.321509
SPNG,22.55,22.55,23.39,1397100.0,1368100.0,,0,0,0,0,0,0,0,0,0,0,0,0,0,0,0,0,0,0,127,2026-02-04 06:11:59.360059
SMMR,24.77,24.77,24.78,891000.0,1873900.0,10000.0,0,0,0,0,0,0,0,0,0,0,0,0,0,0,0,0,0,0,127,2026-02-04 06:11:59.360059
ATMN,23.66,23.45,23.48,1038800.0,1967800.0,,0,0,0,0,0,0,0,0,0,0,0,0,0,0,0,0,0,0,127,2026-02-04 06:11:59.360059
WNTR,24.22,24.11,24.21,1480900.0,980600.0,,0,0,0,0,0,0,0,0,0,0,0,0,0,0,0,0,0,0,127,2026-02-04 06:11:59.360059
SPNG,23.39,23.03,23.25,10000.0,1502700.0,1574100.0,10000.0,0,0,0,0,0,0,0,0,0,0,0,0,0,0,0,0,0,128,2026-02-04 06:12:00.396170
SMMR,24.77,24.77,24.78,,1080900.0,1976800.0,,0,0,0,0,0,0,0,0,0,0,0,0,0,0,0,0,0,128,2026-02-04 06:12:00.396170
ATMN,24.06,23.49,24.05,,1250900.0,1842500.0,10000.0,0,0,0,0,0,0,0,0,0,0,0,0,0,0,0,0,0,128,2026-02-04 06:12:00.396170
WNTR,24.58,24.4,24.44,,1605200.0,974500.0,,0,0,0,0,0,0,0,0,0,0,0,0,0,0,0,0,0,128,2026-02-04 06:12:00.396170
SPNG,22.82,23.03,23.16,5625.0,1397100.0,1781100.0,5625.0,,0,0,0,0,0,0,0,0,0,0,0,0,0,0,0,0,129,2026-02-04 06:12:01.437466
SMMR,24.73,24.73,24.79,,1081700.0,1889600.0,,10000.0,0,0,0,0,0,0,0,0,0,0,0,0,0,0,0,0,129,2026-02-04 06:12:01.437466
ATMN,24.07,23.49,23.68,,1250900.0,1874300.0,,,0,0,0,0,0,0,0,0,0,0,0,0,0,0,0,0,129,2026-02-04 06:12:01.437466
WNTR,24.2,24.11,24.2,,1582300.0,1009600.0,5625.0,,0,0,0,0,0,0,0,0,0,0,0,0,0,0,0,0,129,2026-02-04 06:12:01.437466
SPNG,23.16,23.04,23.16,10000.0,1652700.0,1781100.0,5625.0,,0,0,0,0,0,0,0,0,0,0,0,0,0,0,0,0,130,2026-02-04 06:12:02.496384
SMMR,24.89,24.73,24.89,,1194600.0,1889100.0,,,0,0,0,0,0,0,0,0,0,0,0,0,0,0,0,0,130,2026-02-04 06:12:02.496384
ATMN,23.91,23.83,23.91,,1368700.0,1845200.0,5625.0,5625.0,0,0,0,0,0,0,0,0,0,0,0,0,0,0,0,0,130,2026-02-04 06:12:02.496384
WNTR,24.2,24.34,24.57,,1816000.0,888600.0,5625.0,,0,0,0,0,0,0,0,0,0,0,0,0,0,0,0,0,130,2026-02-04 06:12:02.496384
SPNG,23.25,22.91,22.98,10000.0,1885600.0,3000.0,1667400.0,0,0,0,0,0,0,0,0,0,0,0,0,0,0,0,0,0,131,2026-02-04 06:12:03.548331
SMMR,24.89,24.88,24.89,,1398900.0,,1992700.0,0,0,0,0,0,0,0,0,0,0,0,0,0,0,0,0,0,131,2026-02-04 06:12:03.548331
ATMN,23.73,23.49,23.73,,1359400.0,,1971200.0,0,0,0,0,0,0,0,0,0,0,0,0,0,0,0,0,0,131,2026-02-04 06:12:03.548331
WNTR,24.34,24.28,24.32,,1828400.0,,1114500.0,0,0,0,0,0,0,0,0,0,0,0,0,0,0,0,0,0,131,2026-02-04 06:12:03.548331
SPNG,22.87,22.88,23.24,10000.0,1895300.0,10000.0,1667400.0,,,0,0,0,0,0,0,0,0,0,0,0,0,0,0,0,132,2026-02-04 06:12:04.108639
SMMR,24.88,24.88,24.96,,1398900.0,,2013600.0,,,0,0,0,0,0,0,0,0,0,0,0,0,0,0,0,132,2026-02-04 06:12:04.108639
ATMN,24.09,23.5,23.9,,1359400.0,,1784100.0,500.0,,0,0,0,0,0,0,0,0,0,0,0,0,0,0,0,132,2026-02-04 06:12:04.108639
WNTR,24.38,24.35,24.37,,1949200.0,,996700.0,500.0,500.0,0,0,0,0,0,0,0,0,0,0,0,0,0,0,0,132,2026-02-04 06:12:04.108639
SPNG,23.5,22.87,22.98,2107400.0,3000.0,1450500.0,,0,0,0,0,0,0,0,0,0,0,0,0,0,0,0,0,0,133,2026-02-04 06:12:05.143828
SMMR,24.98,24.89,24.92,1398900.0,,2002200.0,4937.0,0,0,0,0,0,0,0,0,0,0,0,0,0,0,0,0,0,133,2026-02-04 06:12:05.143828
ATMN,23.7,23.5,23.7,1487300.0,500.0,1842000.0,,0,0,0,0,0,0,0,0,0,0,0,0,0,0,0,0,0,133,2026-02-04 06:12:05.143828
WNTR,24.38,24.28,24.37,1949200.0,,1339900.0,,0,0,0,0,0,0,0,0,0,0,0,0,0,0,0,0,0,133,2026-02-04 06:12:05.143828
SPNG,22.98,22.98,23.14,2365800.0,1551000.0,10000.0,,0,0,0,0,0,0,0,0,0,0,0,0,0,0,0,0,0,134,2026-02-04 06:12:06.184294
SMMR,24.72,24.72,24.73,1164300.0,2040000.0,,,0,0,0,0,0,0,0,0,0,0,0,0,0,0,0,0,0,134,2026-02-04 06:12:06.184294
ATMN,24.02,23.5,23.7,1595600.0,1815100.0,,500.0,0,0,0,0,0,0,0,0,0,0,0,0,0,0,0,0,0,134,2026-02-04 06:12:06.184294
WNTR,24.33,24.28,24.33,1949200.0,1545000.0,,,0,0,0,0,0,0,0,0,0,0,0,0,0,0,0,0,0,134,2026-02-04 06:12:06.184294
SPNG,22.82,22.82,23.13,2338300.0,10000.0,1649000.0,0,0,0,0,0,0,0,0,0,0,0,0,0,0,0,0,0,0,135,2026-02-04 06:12:07.216818
SMMR,24.92,24.72,24.92,1372000.0,,2007600.0,0,0,0,0,0,0,0,0,0,0,0,0,0,0,0,0,0,0,135,2026-02-04 06:12:07.216818
ATMN,23.91,23.91,23.93,1713800.0,,1920700.0,0,0,0,0,0,0,0,0,0,0,0,0,0,0,0,0,0,0,135,2026-02-04 06:12:07.216818
WNTR,24.37,24.28,24.36,1949200.0,,1770900.0,0,0,0,0,0,0,0,0,0,0,0,0,0,0,0,0,0,0,135,2026-02-04 06:12:07.216818
SPNG,22.82,23.0,23.12,2575600.0,4035.0,10000.0,4035.0,1756700.0,0,0,0,0,0,0,0,0,0,0,0,0,0,0,0,0,136,2026-02-04 06:12:08.253712
SMMR,24.72,24.72,24.91,1275900.0,,10000.0,,1931300.0,0,0,0,0,0,0,0,0,0,0,0,0,0,0,0,0,136,2026-02-04 06:12:08.253712
ATMN,23.91,23.91,23.93,1713800.0,500.0,,,1945200.0,0,0,0,0,0,0,0,0,0,0,0,0,0,0,0,0,136,2026-02-04 06:12:08.253712
WNTR,24.28,24.29,24.32,2065900.0,4035.0,,4035.0,1860500.0,0,0,0,0,0,0,0,0,0,0,0,0,0,0,0,0,136,2026-02-04 06:12:08.253712
SPNG,22.82,22.82,23.11,2459600.0,1880900.0,,,,0,0,0,0,0,0,0,0,0,0,0,0,0,0,0,0,137,2026-02-04 06:12:09.294377
SMMR,24.72,24.73,24.89,1275900.0,1854700.0,2314.0,10000.0,2314.0,0,0,0,0,0,0,0,0,0,0,0,0,0,0,0,0,137,2026-02-04 06:12:09.294377
ATMN,23.5,23.5,23.93,1595600.0,1960500.0,,,,0,0,0,0,0,0,0,0,0,0,0,0,0,0,0,0,137,2026-02-04 06:12:09.294377
WNTR,24.19,24.26,24.32,2046100.0,1860500.0,,,,0,0,0,0,0,0,0,0,0,0,0,0,0,0,0,0,137,2026-02-04 06:12:09.294377
SPNG,23.11,22.87,23.1,2592800.0,3191.0,1997200.0,,0,0,0,0,0,0,0,0,0,0,0,0,0,0,0,0,0,138,2026-02-04 06:12:10.332401
SMMR,24.72,24.83,24.88,1272100.0,,1951400.0,10000.0,0,0,0,0,0,0,0,0,0,0,0,0,0,0,0,0,0,138,2026-02-04 06:12:10.332401
ATMN,23.87,23.5,23.87,1692000.0,,1976000.0,,0,0,0,0,0,0,0,0,0,0,0,0,0,0,0,0,0,138,2026-02-04 06:12:10.332401
WNTR,24.36,24.26,24.32,2265800.0,4035.0,1770900.0,,0,0,0,0,0,0,0,0,0,0,0,0,0,0,0,0,0,138,2026-02-04 06:12:10.332401
SPNG,23.1,22.87,23.11,2592800.0,3191.0,2164500.0,,0,0,0,0,0,0,0,0,0,0,0,0,0,0,0,0,0,139,2026-02-04 06:12:11.371311
SMMR,24.72,24.83,24.84,1272100.0,,1949600.0,10000.0,0,0,0,0,0,0,0,0,0,0,0,0,0,0,0,0,0,139,2026-02-04 06:12:11.371311
ATMN,23.95,23.51,23.94,1692000.0,3191.0,1951300.0,,0,0,0,0,0,0,0,0,0,0,0,0,0,0,0,0,0,139,2026-02-04 06:12:11.371311
WNTR,24.42,24.38,24.42,2261200.0,,1429100.0,,0,0,0,0,0,0,0,0,0,0,0,0,0,0,0,0,0,139,2026-02-04 06:12:11.371311
SPNG,22.87,22.87,23.07,2592800.0,2161100.0,,,0,0,0,0,0,0,0,0,0,0,0,0,0,0,0,0,0,140,2026-02-04 06:12:12.400863
SMMR,24.69,24.69,24.85,1075100.0,1936300.0,10000.0,,0,0,0,0,0,0,0,0,0,0,0,0,0,0,0,0,0,140,2026-02-04 06:12:12.400863
ATMN,23.94,23.84,23.93,1914300.0,1852600.0,10000.0,10000.0,0,0,0,0,0,0,0,0,0,0,0,0,0,0,0,0,0,140,2026-02-04 06:12:12.400863
WNTR,24.25,24.25,24.42,2283400.0,1429100.0,,,0,0,0,0,0,0,0,0,0,0,0,0,0,0,0,0,0,140,2026-02-04 06:12:12.400863
SPNG,23.07,22.75,23.07,2595900.0,2161100.0,,,0,0,0,0,0,0,0,0,0,0,0,0,0,0,0,0,0,141,2026-02-04 06:12:13.457509
SMMR,24.68,24.68,24.73,963000.0,1960900.0,10000.0,,0,0,0,0,0,0,0,0,0,0,0,0,0,0,0,0,0,141,2026-02-04 06:12:13.457509
ATMN,23.84,23.68,23.75,1917900.0,1975800.0,,3191.0,0,0,0,0,0,0,0,0,0,0,0,0,0,0,0,0,0,141,2026-02-04 06:12:13.457509
WNTR,24.47,24.24,24.47,2283500.0,1309000.0,,,0,0,0,0,0,0,0,0,0,0,0,0,0,0,0,0,0,141,2026-02-04 06:12:13.457509
SPNG,23.07,22.9,23.06,2567600.0,3417.0,10000.0,1969900.0,,0,0,0,0,0,0,0,0,0,0,0,0,0,0,0,0,142,2026-02-04 06:12:14.558253
SMMR,24.74,24.7,24.74,963000.0,3417.0,,1936200.0,3417.0,0,0,0,0,0,0,0,0,0,0,0,0,0,0,0,0,142,2026-02-04 06:12:14.558253
ATMN,23.75,23.68,23.75,2177500.0,,,1975800.0,,0,0,0,0,0,0,0,0,0,0,0,0,0,0,0,0,142,2026-02-04 06:12:14.558253
WNTR,24.24,24.24,24.48,2283500.0,,,1343000.0,,0,0,0,0,0,0,0,0,0,0,0,0,0,0,0,0,142,2026-02-04 06:12:14.558253
SPNG,23.18,22.9,23.05,2553000.0,2129400.0,,,,0,0,0,0,0,0,0,0,0,0,0,0,0,0,0,0,143,2026-02-04 06:12:15.616388
SMMR,24.69,24.69,24.74,1081000.0,2020300.0,,,,0,0,0,0,0,0,0,0,0,0,0,0,0,0,0,0,143,2026-02-04 06:12:15.616388
ATMN,23.68,23.69,23.74,2092900.0,1852600.0,10000.0,3191.0,10000.0,0,0,0,0,0,0,0,0,0,0,0,0,0,0,0,0,143,2026-02-04 06:12:15.616388
WNTR,24.24,24.4,24.48,2280700.0,1555900.0,,,,0,0,0,0,0,0,0,0,0,0,0,0,0,0,0,0,143,2026-02-04 06:12:15.616388
SPNG,23.05,23.06,23.18,2561200.0,2024100.0,,,0,0,0,0,0,0,0,0,0,0,0,0,0,0,0,0,0,144,2026-02-04 06:12:16.152729
SMMR,24.74,24.83,24.9,1197900.0,2021500.0,,,0,0,0,0,0,0,0,0,0,0,0,0,0,0,0,0,0,144,2026-02-04 06:12:16.152729
ATMN,23.98,23.68,23.98,2214500.0,1924200.0,3191.0,,0,0,0,0,0,0,0,0,0,0,0,0,0,0,0,0,0,144,2026-02-04 06:12:16.152729
WNTR,24.24,24.14,24.15,2166700.0,1675500.0,,3285.0,0,0,0,0,0,0,0,0,0,0,0,0,0,0,0,0,0,144,2026-02-04 06:12:16.152729
SPNG,22.9,22.9,23.19,2537100.0,1996400.0,,,0,0,0,0,0,0,0,0,0,0,0,0,0,0,0,0,0,145,2026-02-04 06:12:17.181501
SMMR,24.83,24.83,24.9,1315200.0,1904600.0,2464.0,,0,0,0,0,0,0,0,0,0,0,0,0,0,0,0,0,0,145,2026-02-04 06:12:17.181501
ATMN,23.98,23.68,23.84,2340400.0,1928900.0,,,0,0,0,0,0,0,0,0,0,0,0,0,0,0,0,0,0,145,2026-02-04 06:12:17.181501
WNTR,24.15,24.41,24.46,2161400.0,1555900.0,2464.0,2464.0,0,0,0,0,0,0,0,0,0,0,0,0,0,0,0,0,0,145,2026-02-04 06:12:17.181501
SPNG,23.18,23.18,23.19,2564100.0,2108200.0,,,0,0,0,0,0,0,0,0,0,0,0,0,0,0,0,0,0,146,2026-02-04 06:12:18.207047
SMMR,24.83,24.69,24.7,1198300.0,1803700.0,10000.0,2464.0,0,0,0,0,0,0,0,0,0,0,0,0,0,0,0,0,0,146,2026-02-04 06:12:18.207047
ATMN,23.52,23.52,23.83,2257500.0,1836000.0,10000.0,,0,0,0,0,0,0,0,0,0,0,0,0,0,0,0,0,0,146,2026-02-04 06:12:18.207047
WNTR,24.41,24.22,24.4,2259900.0,1773600.0,,3285.0,0,0,0,0,0,0,0,0,0,0,0,0,0,0,0,0,0,146,2026-02-04 06:12:18.207047
SPNG,23.19,22.91,23.19,3155.0,2414500.0,2108200.0,,,0,0,0,0,0,0,0,0,0,0,0,0,0,0,0,0,147,2026-02-04 06:12:19.233480
SMMR,24.7,24.69,24.7,,1433700.0,1803700.0,10000.0,2464.0,0,0,0,0,0,0,0,0,0,0,0,0,0,0,0,0,147,2026-02-04 06:12:19.233480
ATMN,23.49,23.49,23.82,,2059600.0,1938400.0,,,0,0,0,0,0,0,0,0,0,0,0,0,0,0,0,0,147,2026-02-04 06:12:19.233480
WNTR,24.41,24.3,24.4,,2246400.0,1773600.0,,3285.0,0,0,0,0,0,0,0,0,0,0,0,0,0,0,0,0,147,2026-02-04 06:12:19.233480
SPNG,23.28,23.28,23.42,2428400.0,2313.0,2076800.0,,0,0,0,0,0,0,0,0,0,0,0,0,0,0,0,0,0,148,2026-02-04 06:12:20.261440
SMMR,24.83,24.83,24.9,1647500.0,,1984400.0,,0,0,0,0,0,0,0,0,0,0,0,0,0,0,0,0,0,148,2026-02-04 06:12:20.261440
ATMN,23.49,23.49,23.82,1936300.0,,1949300.0,,0,0,0,0,0,0,0,0,0,0,0,0,0,0,0,0,0,148,2026-02-04 06:12:20.261440
WNTR,24.4,24.38,24.4,2220200.0,,1773600.0,5749.0,0,0,0,0,0,0,0,0,0,0,0,0,0,0,0,0,0,148,2026-02-04 06:12:20.261440
SPNG,22.82,22.82,23.37,2529800.0,2114800.0,,,,,0,0,0,0,0,0,0,0,0,0,0,0,0,0,0,149,2026-02-04 06:12:21.287821
SMMR,24.83,24.83,24.88,1748200.0,1787000.0,10000.0,2464.0,,,0,0,0,0,0,0,0,0,0,0,0,0,0,0,0,149,2026-02-04 06:12:21.287821
ATMN,23.82,23.5,23.82,2058900.0,1949300.0,,,620.0,10000.0,0,0,0,0,0,0,0,0,0,0,0,0,0,0,0,149,2026-02-04 06:12:21.287821
WNTR,24.46,24.38,24.46,2213500.0,1646500.0,,,,,0,0,0,0,0,0,0,0,0,0,0,0,0,0,0,149,2026-02-04 06:12:21.287821
SPNG,22.88,22.83,22.88,10000.0,2387900.0,2018800.0,10000.0,0,0,0,0,0,0,0,0,0,0,0,0,0,0,0,0,0,150,2026-02-04 06:12:22.317008
SMMR,24.91,24.83,24.91,,1832100.0,1989900.0,,0,0,0,0,0,0,0,0,0,0,0,0,0,0,0,0,0,150,2026-02-04 06:12:22.317008
ATMN,24.26,23.49,24.26,,2145800.0,1935700.0,,0,0,0,0,0,0,0,0,0,0,0,0,0,0,0,0,0,150,2026-02-04 06:12:22.317008
WNTR,24.51,24.38,24.51,,2231600.0,1334000.0,,0,0,0,0,0,0,0,0,0,0,0,0,0,0,0,0,0,150,2026-02-04 06:12:22.317008
SPNG,22.82,23.15,23.36,10000.0,2247400.0,3155.0,10000.0,2012000.0,0,0,0,0,0,0,0,0,0,0,0,0,0,0,0,0,151,2026-02-04 06:12:23.347663
SMMR,24.78,24.78,24.91,,1649700.0,,,1989900.0,0,0,0,0,0,0,0,0,0,0,0,0,0,0,0,0,151,2026-02-04 06:12:23.347663
ATMN,23.77,24.08,24.26,,2237800.0,620.0,,1935700.0,0,0,0,0,0,0,0,0,0,0,0,0,0,0,0,0,151,2026-02-04 06:12:23.347663
WNTR,24.51,24.47,24.51,,2125600.0,1100.0,,1334000.0,0,0,0,0,0,0,0,0,0,0,0,0,0,0,0,0,151,2026-02-04 06:12:23.347663
SPNG,22.78,23.15,23.2,2497200.0,2148100.0,,,0,0,0,0,0,0,0,0,0,0,0,0,0,0,0,0,0,152,2026-02-04 06:12:24.398430
SMMR,24.78,24.81,24.9,1770600.0,1886200.0,3798.0,3798.0,0,0,0,0,0,0,0,0,0,0,0,0,0,0,0,0,0,152,2026-02-04 06:12:24.398430
ATMN,23.49,23.49,24.13,2183600.0,1958500.0,,,0,0,0,0,0,0,0,0,0,0,0,0,0,0,0,0,0,152,2026-02-04 06:12:24.398430
WNTR,24.51,24.47,24.5,2125600.0,1660800.0,1100.0,,0,0,0,0,0,0,0,0,0,0,0,0,0,0,0,0,0,152,2026-02-04 06:12:24.398430
SPNG,23.09,22.75,23.09,2480200.0,2192900.0,,,0,0,0,0,0,0,0,0,0,0,0,0,0,0,0,0,0,153,2026-02-04 06:12:25.440391
SMMR,24.92,24.82,24.89,1861200.0,1864600.0,2848.0,2848.0,0,0,0,0,0,0,0,0,0,0,0,0,0,0,0,0,0,153,2026-02-04 06:12:25.440391
ATMN,23.68,23.75,24.13,2269600.0,1958500.0,620.0,,0,0,0,0,0,0,0,0,0,0,0,0,0,0,0,0,0,153,2026-02-04 06:12:25.440391
WNTR,24.32,24.32,24.5,2217200.0,1750400.0,,,0,0,0,0,0,0,0,0,0,0,0,0,0,0,0,0,0,153,2026-02-04 06:12:25.440391
SPNG,23.09,22.99,23.08,2289800.0,5049.0,5049.0,2079600.0,,0,0,0,0,0,0,0,0,0,0,0,0,0,0,0,0,154,2026-02-04 06:12:26.473860
SMMR,24.81,24.81,24.84,1861200.0,,,1863800.0,10000.0,0,0,0,0,0,0,0,0,0,0,0,0,0,0,0,0,154,2026-02-04 06:12:26.473860
ATMN,23.75,23.49,23.6,2308100.0,,,1988800.0,,0,0,0,0,0,0,0,0,0,0,0,0,0,0,0,0,154,2026-02-04 06:12:26.473860
WNTR,24.5,24.49,24.5,2135900.0,1100.0,,1857400.0,,0,0,0,0,0,0,0,0,0,0,0,0,0,0,0,0,154,2026-02-04 06:12:26.473860
SPNG,23.37,22.99,23.42,2390200.0,2104800.0,0,0,0,0,0,0,0,0,0,0,0,0,0,0,0,0,0,0,0,155,2026-02-04 06:12:27.510872
SMMR,24.89,24.89,24.92,1972300.0,1963500.0,0,0,0,0,0,0,0,0,0,0,0,0,0,0,0,0,0,0,0,155,2026-02-04 06:12:27.510872
ATMN,23.75,23.49,23.6,2370700.0,1988800.0,0,0,0,0,0,0,0,0,0,0,0,0,0,0,0,0,0,0,0,155,2026-02-04 06:12:27.510872
WNTR,24.49,24.49,24.5,2232600.0,2082000.0,0,0,0,0,0,0,0,0,0,0,0,0,0,0,0,0,0,0,0,155,2026-02-04 06:12:27.510872
SPNG,23.5,22.99,23.5,2275700.0,5049.0,2091500.0,,0,0,0,0,0,0,0,0,0,0,0,0,0,0,0,0,0,156,2026-02-04 06:12:28.543949
SMMR,24.89,24.81,24.87,1948500.0,,1873300.0,10000.0,0,0,0,0,0,0,0,0,0,0,0,0,0,0,0,0,0,156,2026-02-04 06:12:28.543949
ATMN,23.6,23.49,23.6,2209200.0,620.0,1988800.0,,0,0,0,0,0,0,0,0,0,0,0,0,0,0,0,0,0,156,2026-02-04 06:12:28.543949
WNTR,24.3,24.3,24.44,2234700.0,,2124900.0,,0,0,0,0,0,0,0,0,0,0,0,0,0,0,0,0,0,156,2026-02-04 06:12:28.543949
SPNG,22.81,23.0,23.23,2578.0,2274600.0,2128700.0,,,0,0,0,0,0,0,0,0,0,0,0,0,0,0,0,0,157,2026-02-04 06:12:29.610499
SMMR,24.88,24.82,24.87,2578.0,1948500.0,1856700.0,2578.0,,0,0,0,0,0,0,0,0,0,0,0,0,0,0,0,0,157,2026-02-04 06:12:29.610499
ATMN,23.84,23.84,24.13,,2193600.0,1956800.0,,10000.0,0,0,0,0,0,0,0,0,0,0,0,0,0,0,0,0,157,2026-02-04 06:12:29.610499
WNTR,24.53,24.29,24.43,,2223000.0,1840100.0,2578.0,,0,0,0,0,0,0,0,0,0,0,0,0,0,0,0,0,157,2026-02-04 06:12:29.610499
SPNG,22.75,23.15,23.23,2392600.0,2128700.0,,0,0,0,0,0,0,0,0,0,0,0,0,0,0,0,0,0,0,158,2026-02-04 06:12:30.669329
SMMR,24.61,24.61,24.88,1433300.0,1972500.0,,0,0,0,0,0,0,0,0,0,0,0,0,0,0,0,0,0,0,158,2026-02-04 06:12:30.669329
ATMN,23.84,23.49,23.5,2316100.0,2017500.0,,0,0,0,0,0,0,0,0,0,0,0,0,0,0,0,0,0,0,158,2026-02-04 06:12:30.669329
WNTR,24.57,24.32,24.35,2126300.0,1835800.0,1443.0,0,0,0,0,0,0,0,0,0,0,0,0,0,0,0,0,0,0,158,2026-02-04 06:12:30.669329
SPNG,22.75,22.75,23.22,2421400.0,1443.0,2040200.0,,,0,0,0,0,0,0,0,0,0,0,0,0,0,0,0,0,159,2026-02-04 06:12:31.238617
SMMR,24.9,24.71,24.9,1527700.0,,1944200.0,,,0,0,0,0,0,0,0,0,0,0,0,0,0,0,0,0,159,2026-02-04 06:12:31.238617
ATMN,23.88,23.49,23.88,2165200.0,,2016100.0,10000.0,,0,0,0,0,0,0,0,0,0,0,0,0,0,0,0,0,159,2026-02-04 06:12:31.238617
WNTR,24.57,24.32,24.35,2107100.0,,1835800.0,,1443.0,0,0,0,0,0,0,0,0,0,0,0,0,0,0,0,0,159,2026-02-04 06:12:31.238617
SPNG,23.21,23.21,23.22,2387300.0,1443.0,2036300.0,,0,0,0,0,0,0,0,0,0,0,0,0,0,0,0,0,0,160,2026-02-04 06:12:32.279605
SMMR,24.83,24.71,24.83,1527700.0,2578.0,1890400.0,,0,0,0,0,0,0,0,0,0,0,0,0,0,0,0,0,0,160,2026-02-04 06:12:32.279605
ATMN,24.13,23.66,23.87,2159400.0,3684.0,1907200.0,10000.0,0,0,0,0,0,0,0,0,0,0,0,0,0,0,0,0,0,160,2026-02-04 06:12:32.279605
WNTR,24.57,24.29,24.51,2223200.0,,1712400.0,,0,0,0,0,0,0,0,0,0,0,0,0,0,0,0,0,0,160,2026-02-04 06:12:32.279605
SPNG,23.42,23.42,23.5,2272700.0,10000.0,2138000.0,,,0,0,0,0,0,0,0,0,0,0,0,0,0,0,0,0,161,2026-02-04 06:12:33.321312
SMMR,24.74,24.76,24.82,1639200.0,10000.0,1890400.0,10000.0,,0,0,0,0,0,0,0,0,0,0,0,0,0,0,0,0,161,2026-02-04 06:12:33.321312
ATMN,23.87,24.02,24.13,2285700.0,,1972400.0,,,0,0,0,0,0,0,0,0,0,0,0,0,0,0,0,0,161,2026-02-04 06:12:33.321312
WNTR,24.51,24.57,24.58,2092300.0,,1607600.0,,4021.0,0,0,0,0,0,0,0,0,0,0,0,0,0,0,0,0,161,2026-02-04 06:12:33.321312
SPNG,23.05,23.05,23.06,2408300.0,2144100.0,0,0,0,0,0,0,0,0,0,0,0,0,0,0,0,0,0,0,0,162,2026-02-04 06:12:34.360494
SMMR,24.83,24.83,24.9,1636100.0,1959800.0,0,0,0,0,0,0,0,0,0,0,0,0,0,0,0,0,0,0,0,162,2026-02-04 06:12:34.360494
ATMN,23.85,23.49,23.59,2276400.0,2013400.0,0,0,0,0,0,0,0,0,0,0,0,0,0,0,0,0,0,0,0,162,2026-02-04 06:12:34.360494
WNTR,24.23,24.39,24.58,2235300.0,1607600.0,0,0,0,0,0,0,0,0,0,0,0,0,0,0,0,0,0,0,0,162,2026-02-04 06:12:34.360494
SPNG,23.06,23.05,23.06,2325200.0,2144100.0,,,0,0,0,0,0,0,0,0,0,0,0,0,0,0,0,0,0,163,2026-02-04 06:12:35.393036
SMMR,24.83,24.71,24.74,1527700.0,1873000.0,1714.0,,0,0,0,0,0,0,0,0,0,0,0,0,0,0,0,0,0,163,2026-02-04 06:12:35.393036
ATMN,23.59,23.49,23.59,2253200.0,2013400.0,,,0,0,0,0,0,0,0,0,0,0,0,0,0,0,0,0,0,163,2026-02-04 06:12:35.393036
WNTR,24.57,24.58,24.59,2138700.0,1508000.0,,1714.0,0,0,0,0,0,0,0,0,0,0,0,0,0,0,0,0,0,163,2026-02-04 06:12:35.393036
SPNG,23.46,23.05,23.39,2325200.0,2189200.0,0,0,0,0,0,0,0,0,0,0,0,0,0,0,0,0,0,0,0,164,2026-02-04 06:12:36.425991
SMMR,24.74,24.71,24.74,1859900.0,1977900.0,0,0,0,0,0,0,0,0,0,0,0,0,0,0,0,0,0,0,0,164,2026-02-04 06:12:36.425991
ATMN,23.49,23.95,24.13,2258100.0,1972400.0,0,0,0,0,0,0,0,0,0,0,0,0,0,0,0,0,0,0,0,164,2026-02-04 06:12:36.425991
WNTR,24.62,24.56,24.62,2244900.0,1490100.0,0,0,0,0,0,0,0,0,0,0,0,0,0,0,0,0,0,0,0,164,2026-02-04 06:12:36.425991
SPNG,23.5,22.94,23.5,10000.0,2212700.0,2138700.0,,,0,0,0,0,0,0,0,0,0,0,0,0,0,0,0,0,165,2026-02-04 06:12:37.474600
SMMR,24.74,24.8,24.85,,1857700.0,1967900.0,,,0,0,0,0,0,0,0,0,0,0,0,0,0,0,0,0,165,2026-02-04 06:12:37.474600
ATMN,23.82,23.89,24.12,,2260000.0,1781600.0,10000.0,3684.0,0,0,0,0,0,0,0,0,0,0,0,0,0,0,0,0,165,2026-02-04 06:12:37.474600
WNTR,24.62,24.56,24.62,,2244900.0,1817000.0,,,0,0,0,0,0,0,0,0,0,0,0,0,0,0,0,0,165,2026-02-04 06:12:37.474600
SPNG,23.37,23.48,23.5,10000.0,2212700.0,2142000.0,,0,0,0,0,0,0,0,0,0,0,0,0,0,0,0,0,0,166,2026-02-04 06:12:38.506948
SMMR,24.73,24.73,24.74,,1988500.0,1874100.0,1714.0,0,0,0,0,0,0,0,0,0,0,0,0,0,0,0,0,0,166,2026-02-04 06:12:38.506948
ATMN,24.26,23.49,23.88,,2253200.0,1971300.0,,0,0,0,0,0,0,0,0,0,0,0,0,0,0,0,0,0,166,2026-02-04 06:12:38.506948
WNTR,24.5,24.5,24.52,,2229300.0,1814500.0,,0,0,0,0,0,0,0,0,0,0,0,0,0,0,0,0,0,166,2026-02-04 06:12:38.506948
SPNG,23.51,22.93,23.51,2364800.0,2126600.0,,0,0,0,0,0,0,0,0,0,0,0,0,0,0,0,0,0,0,167,2026-02-04 06:12:39.538858
SMMR,24.85,24.7,24.85,1778800.0,1971500.0,,0,0,0,0,0,0,0,0,0,0,0,0,0,0,0,0,0,0,167,2026-02-04 06:12:39.538858
ATMN,23.88,23.72,23.88,2113800.0,1971300.0,2752.0,0,0,0,0,0,0,0,0,0,0,0,0,0,0,0,0,0,0,167,2026-02-04 06:12:39.538858
WNTR,24.5,24.5,24.52,2229600.0,2028600.0,,0,0,0,0,0,0,0,0,0,0,0,0,0,0,0,0,0,0,167,2026-02-04 06:12:39.538858
SPNG,22.79,22.79,23.51,2396600.0,2184100.0,,,0,0,0,0,0,0,0,0,0,0,0,0,0,0,0,0,0,168,2026-02-04 06:12:40.571017
SMMR,24.63,24.61,24.63,1798500.0,1880500.0,1635.0,,0,0,0,0,0,0,0,0,0,0,0,0,0,0,0,0,0,168,2026-02-04 06:12:40.571017
ATMN,23.88,23.99,24.07,2017700.0,2004200.0,,4387.0,0,0,0,0,0,0,0,0,0,0,0,0,0,0,0,0,0,168,2026-02-04 06:12:40.571017
WNTR,24.48,24.48,24.52,2260300.0,2028600.0,,,0,0,0,0,0,0,0,0,0,0,0,0,0,0,0,0,0,168,2026-02-04 06:12:40.571017
SPNG,23.17,23.06,23.17,2327100.0,2218400.0,,,0,0,0,0,0,0,0,0,0,0,0,0,0,0,0,0,0,169,2026-02-04 06:12:41.606201
SMMR,24.63,24.7,24.83,2133600.0,1877400.0,2156.0,,0,0,0,0,0,0,0,0,0,0,0,0,0,0,0,0,0,169,2026-02-04 06:12:41.606201
ATMN,23.53,23.52,23.53,2258100.0,2018200.0,,,0,0,0,0,0,0,0,0,0,0,0,0,0,0,0,0,0,169,2026-02-04 06:12:41.606201
WNTR,24.53,24.49,24.53,2139300.0,1941500.0,,2156.0,0,0,0,0,0,0,0,0,0,0,0,0,0,0,0,0,0,169,2026-02-04 06:12:41.606201
SPNG,23.06,23.06,23.16,2327100.0,3682.0,2106600.0,0,0,0,0,0,0,0,0,0,0,0,0,0,0,0,0,0,0,170,2026-02-04 06:12:42.676830
SMMR,24.62,24.62,24.74,2030000.0,,1962400.0,0,0,0,0,0,0,0,0,0,0,0,0,0,0,0,0,0,0,170,2026-02-04 06:12:42.676830
ATMN,23.72,23.52,23.72,2258100.0,,2005000.0,0,0,0,0,0,0,0,0,0,0,0,0,0,0,0,0,0,0,170,2026-02-04 06:12:42.676830
WNTR,24.57,24.46,24.57,2247900.0,,1851800.0,0,0,0,0,0,0,0,0,0,0,0,0,0,0,0,0,0,0,170,2026-02-04 06:12:42.676830
SPNG,23.1,23.1,23.51,2181700.0,10000.0,2184100.0,,0,0,0,0,0,0,0,0,0,0,0,0,0,0,0,0,0,171,2026-02-04 06:12:43.725666
SMMR,24.62,24.71,24.74,2168800.0,,1962400.0,4935.0,0,0,0,0,0,0,0,0,0,0,0,0,0,0,0,0,0,171,2026-02-04 06:12:43.725666
ATMN,24.07,23.52,24.07,2245800.0,,2004200.0,,0,0,0,0,0,0,0,0,0,0,0,0,0,0,0,0,0,171,2026-02-04 06:12:43.725666
WNTR,24.57,24.46,24.57,2116800.0,,1851800.0,2156.0,0,0,0,0,0,0,0,0,0,0,0,0,0,0,0,0,0,171,2026-02-04 06:12:43.725666
SPNG,23.06,23.11,23.47,10000.0,2186000.0,2195100.0,0,0,0,0,0,0,0,0,0,0,0,0,0,0,0,0,0,0,172,2026-02-04 06:12:44.782356
SMMR,24.88,24.75,24.88,,2285600.0,1983700.0,0,0,0,0,0,0,0,0,0,0,0,0,0,0,0,0,0,0,172,2026-02-04 06:12:44.782356
ATMN,23.52,23.52,23.89,,2245800.0,2010700.0,0,0,0,0,0,0,0,0,0,0,0,0,0,0,0,0,0,0,172,2026-02-04 06:12:44.782356
WNTR,24.64,24.51,24.64,,2238800.0,1812900.0,0,0,0,0,0,0,0,0,0,0,0,0,0,0,0,0,0,0,172,2026-02-04 06:12:44.782356
SPNG,23.1,23.07,23.1,2339.0,2186000.0,2201300.0,,,0,0,0,0,0,0,0,0,0,0,0,0,0,0,0,0,173,2026-02-04 06:12:45.321066
SMMR,24.88,24.76,24.83,4935.0,2031600.0,1891800.0,10000.0,10000.0,0,0,0,0,0,0,0,0,0,0,0,0,0,0,0,0,173,2026-02-04 06:12:45.321066
ATMN,24.27,23.52,24.27,,2245800.0,1958100.0,,,0,0,0,0,0,0,0,0,0,0,0,0,0,0,0,0,173,2026-02-04 06:12:45.321066
WNTR,24.51,24.51,24.66,,2238800.0,1727500.0,,,0,0,0,0,0,0,0,0,0,0,0,0,0,0,0,0,173,2026-02-04 06:12:45.321066
SPNG,23.16,23.16,23.46,2219900.0,2339.0,2339.0,2102700.0,0,0,0,0,0,0,0,0,0,0,0,0,0,0,0,0,0,174,2026-02-04 06:12:46.367869
SMMR,24.62,24.62,24.83,2285900.0,,,1984600.0,0,0,0,0,0,0,0,0,0,0,0,0,0,0,0,0,0,174,2026-02-04 06:12:46.367869
ATMN,24.27,24.02,24.27,2251700.0,,,2009900.0,0,0,0,0,0,0,0,0,0,0,0,0,0,0,0,0,0,174,2026-02-04 06:12:46.367869
WNTR,24.55,24.58,24.66,2234500.0,,,1854300.0,0,0,0,0,0,0,0,0,0,0,0,0,0,0,0,0,0,174,2026-02-04 06:12:46.367869
SPNG,22.86,22.87,23.46,10000.0,2210400.0,10000.0,2082800.0,,,0,0,0,0,0,0,0,0,0,0,0,0,0,0,0,175,2026-02-04 06:12:47.398888
SMMR,24.83,24.62,24.77,,2261200.0,10000.0,1886700.0,,,0,0,0,0,0,0,0,0,0,0,0,0,0,0,0,175,2026-02-04 06:12:47.398888
ATMN,24.02,23.53,23.82,,2131700.0,,1935700.0,1390.0,1390.0,0,0,0,0,0,0,0,0,0,0,0,0,0,0,0,175,2026-02-04 06:12:47.398888
WNTR,24.55,24.58,24.66,,2188700.0,,1947700.0,,,0,0,0,0,0,0,0,0,0,0,0,0,0,0,0,175,2026-02-04 06:12:47.398888
SPNG,22.69,22.69,23.46,2403100.0,4447.0,2114200.0,,0,0,0,0,0,0,0,0,0,0,0,0,0,0,0,0,0,176,2026-02-04 06:12:48.428630
SMMR,24.83,24.75,24.77,2088900.0,4447.0,1886700.0,4447.0,0,0,0,0,0,0,0,0,0,0,0,0,0,0,0,0,0,176,2026-02-04 06:12:48.428630
ATMN,24.15,23.77,24.15,2220300.0,,2005100.0,,0,0,0,0,0,0,0,0,0,0,0,0,0,0,0,0,0,176,2026-02-04 06:12:48.428630
WNTR,24.57,24.52,24.57,2160300.0,4447.0,1988600.0,,0,0,0,0,0,0,0,0,0,0,0,0,0,0,0,0,0,176,2026-02-04 06:12:48.428630
SPNG,22.88,22.88,22.96,10000.0,2270400.0,2100900.0,10000.0,0,0,0,0,0,0,0,0,0,0,0,0,0,0,0,0,0,177,2026-02-04 06:12:49.457921
SMMR,24.83,24.75,24.77,,2149600.0,1985600.0,,0,0,0,0,0,0,0,0,0,0,0,0,0,0,0,0,0,177,2026-02-04 06:12:49.457921
ATMN,23.89,23.77,23.89,,2220300.0,1997300.0,,0,0,0,0,0,0,0,0,0,0,0,0,0,0,0,0,0,177,2026-02-04 06:12:49.457921
WNTR,24.52,24.52,24.57,,2146600.0,2114700.0,,0,0,0,0,0,0,0,0,0,0,0,0,0,0,0,0,0,177,2026-02-04 06:12:49.457921
SPNG,23.47,22.91,23.47,2380300.0,2232200.0,0,0,0,0,0,0,0,0,0,0,0,0,0,0,0,0,0,0,0,178,2026-02-04 06:12:50.487066
SMMR,24.77,24.81,24.83,2148500.0,2003000.0,0,0,0,0,0,0,0,0,0,0,0,0,0,0,0,0,0,0,0,178,2026-02-04 06:12:50.487066
ATMN,24.15,23.93,24.15,2201000.0,2032000.0,0,0,0,0,0,0,0,0,0,0,0,0,0,0,0,0,0,0,0,178,2026-02-04 06:12:50.487066
WNTR,24.66,24.52,24.66,2116800.0,1956800.0,0,0,0,0,0,0,0,0,0,0,0,0,0,0,0,0,0,0,0,178,2026-02-04 06:12:50.487066
SPNG,22.91,22.91,23.14,2380300.0,2220700.0,0,0,0,0,0,0,0,0,0,0,0,0,0,0,0,0,0,0,0,179,2026-02-04 06:12:51.521288
SMMR,24.87,24.81,24.87,2127300.0,1998000.0,0,0,0,0,0,0,0,0,0,0,0,0,0,0,0,0,0,0,0,179,2026-02-04 06:12:51.521288
ATMN,24.15,23.97,24.13,2202900.0,2076600.0,0,0,0,0,0,0,0,0,0,0,0,0,0,0,0,0,0,0,0,179,2026-02-04 06:12:51.521288
WNTR,24.68,24.52,24.68,2099800.0,1917600.0,0,0,0,0,0,0,0,0,0,0,0,0,0,0,0,0,0,0,0,179,2026-02-04 06:12:51.521288
SPNG,22.91,24.08,0.0,200000.0,0,0,0,0,0,0,0,0,0,0,0,0,0,0,0,0,0,0,0,0,180,2026-02-04 06:12:52.564691
SMMR,24.79,24.6,0.0,200000.0,0,0,0,0,0,0,0,0,0,0,0,0,0,0,0,0,0,0,0,0,180,2026-02-04 06:12:52.564691
ATMN,23.97,26.05,0.0,200000.0,0,0,0,0,0,0,0,0,0,0,0,0,0,0,0,0,0,0,0,0,180,2026-02-04 06:12:52.564691
WNTR,24.46,24.19,0.0,200000.0,0,0,0,0,0,0,0,0,0,0,0,0,0,0,0,0,0,0,0,0,180,2026-02-04 06:12:52.564691
SPNG,22.91,24.08,24.09,1165600.0,1054000.0,0,0,0,0,0,0,0,0,0,0,0,0,0,0,0,0,0,0,0,181,2026-02-04 06:12:53.591184
SMMR,24.6,24.6,24.8,828900.0,764200.0,0,0,0,0,0,0,0,0,0,0,0,0,0,0,0,0,0,0,0,181,2026-02-04 06:12:53.591184
ATMN,26.05,24.7,25.69,990100.0,694500.0,0,0,0,0,0,0,0,0,0,0,0,0,0,0,0,0,0,0,0,181,2026-02-04 06:12:53.591184
WNTR,24.46,24.19,24.22,888200.0,1033100.0,0,0,0,0,0,0,0,0,0,0,0,0,0,0,0,0,0,0,0,181,2026-02-04 06:12:53.591184
SPNG,24.09,24.08,24.09,1297600.0,1156600.0,0,0,0,0,0,0,0,0,0,0,0,0,0,0,0,0,0,0,0,182,2026-02-04 06:12:54.621766
SMMR,24.6,24.6,24.62,828900.0,1058500.0,0,0,0,0,0,0,0,0,0,0,0,0,0,0,0,0,0,0,0,182,2026-02-04 06:12:54.621766
ATMN,25.69,25.97,26.15,1184100.0,900200.0,0,0,0,0,0,0,0,0,0,0,0,0,0,0,0,0,0,0,0,182,2026-02-04 06:12:54.621766
WNTR,24.19,24.19,24.22,1039400.0,1149300.0,0,0,0,0,0,0,0,0,0,0,0,0,0,0,0,0,0,0,0,182,2026-02-04 06:12:54.621766
SPNG,24.08,24.08,24.09,1197600.0,1354300.0,0,0,0,0,0,0,0,0,0,0,0,0,0,0,0,0,0,0,0,183,2026-02-04 06:12:55.657182
SMMR,24.62,24.6,24.62,832300.0,1058500.0,0,0,0,0,0,0,0,0,0,0,0,0,0,0,0,0,0,0,0,183,2026-02-04 06:12:55.657182
ATMN,25.69,25.97,26.06,1262700.0,1092300.0,0,0,0,0,0,0,0,0,0,0,0,0,0,0,0,0,0,0,0,183,2026-02-04 06:12:55.657182
WNTR,24.19,24.19,24.22,1039400.0,1598500.0,0,0,0,0,0,0,0,0,0,0,0,0,0,0,0,0,0,0,0,183,2026-02-04 06:12:55.657182
SPNG,24.08,23.79,23.91,1097600.0,1432600.0,0,0,0,0,0,0,0,0,0,0,0,0,0,0,0,0,0,0,0,184,2026-02-04 06:12:56.710909
SMMR,24.66,24.6,24.63,832300.0,1065600.0,0,0,0,0,0,0,0,0,0,0,0,0,0,0,0,0,0,0,0,184,2026-02-04 06:12:56.710909
ATMN,26.06,25.97,26.06,1372000.0,1202800.0,0,0,0,0,0,0,0,0,0,0,0,0,0,0,0,0,0,0,0,184,2026-02-04 06:12:56.710909
WNTR,24.06,24.06,24.22,1045600.0,1598500.0,0,0,0,0,0,0,0,0,0,0,0,0,0,0,0,0,0,0,0,184,2026-02-04 06:12:56.710909
SPNG,24.63,23.81,24.39,1368600.0,7300.0,1319000.0,,0,0,0,0,0,0,0,0,0,0,0,0,0,0,0,0,0,185,2026-02-04 06:12:57.767804
SMMR,24.63,24.6,24.62,1034800.0,10000.0,1163900.0,,0,0,0,0,0,0,0,0,0,0,0,0,0,0,0,0,0,185,2026-02-04 06:12:57.767804
ATMN,26.19,25.72,26.19,1292900.0,,1057000.0,7500.0,0,0,0,0,0,0,0,0,0,0,0,0,0,0,0,0,0,185,2026-02-04 06:12:57.767804
WNTR,24.2,24.0,24.2,919100.0,,1598500.0,,0,0,0,0,0,0,0,0,0,0,0,0,0,0,0,0,0,185,2026-02-04 06:12:57.767804
SPNG,24.51,24.51,24.63,1700000.0,7500.0,1410600.0,,0,0,0,0,0,0,0,0,0,0,0,0,0,0,0,0,0,186,2026-02-04 06:12:58.819284
SMMR,24.63,24.6,24.62,1154800.0,,1366100.0,10000.0,0,0,0,0,0,0,0,0,0,0,0,0,0,0,0,0,0,186,2026-02-04 06:12:58.819284
ATMN,25.72,25.72,25.95,1405200.0,,1136500.0,,0,0,0,0,0,0,0,0,0,0,0,0,0,0,0,0,0,186,2026-02-04 06:12:58.819284
WNTR,24.22,24.12,24.22,1020500.0,7500.0,1694700.0,,0,0,0,0,0,0,0,0,0,0,0,0,0,0,0,0,0,186,2026-02-04 06:12:58.819284
SPNG,24.63,24.51,24.63,1700000.0,1766300.0,0,0,0,0,0,0,0,0,0,0,0,0,0,0,0,0,0,0,0,187,2026-02-04 06:12:59.866567
SMMR,24.68,24.6,24.68,1369700.0,1371600.0,0,0,0,0,0,0,0,0,0,0,0,0,0,0,0,0,0,0,0,187,2026-02-04 06:12:59.866567
ATMN,25.95,26.05,26.19,1680700.0,1057000.0,0,0,0,0,0,0,0,0,0,0,0,0,0,0,0,0,0,0,0,187,2026-02-04 06:12:59.866567
WNTR,24.06,24.0,24.06,919100.0,1902800.0,0,0,0,0,0,0,0,0,0,0,0,0,0,0,0,0,0,0,0,187,2026-02-04 06:12:59.866567
SPNG,24.63,24.51,24.63,1700000.0,1988900.0,0,0,0,0,0,0,0,0,0,0,0,0,0,0,0,0,0,0,0,188,2026-02-04 06:13:00.411377
SMMR,24.68,24.6,24.64,1474600.0,1489600.0,0,0,0,0,0,0,0,0,0,0,0,0,0,0,0,0,0,0,0,188,2026-02-04 06:13:00.411377
ATMN,26.19,26.2,26.29,1768300.0,1042800.0,0,0,0,0,0,0,0,0,0,0,0,0,0,0,0,0,0,0,0,188,2026-02-04 06:13:00.411377
WNTR,24.06,24.03,24.06,1108400.0,1902800.0,0,0,0,0,0,0,0,0,0,0,0,0,0,0,0,0,0,0,0,188,2026-02-04 06:13:00.411377
SPNG,24.18,23.84,24.18,10000.0,1603100.0,2114700.0,0,0,0,0,0,0,0,0,0,0,0,0,0,0,0,0,0,0,189,2026-02-04 06:13:01.442889
SMMR,24.6,24.6,24.64,,1286100.0,1489600.0,0,0,0,0,0,0,0,0,0,0,0,0,0,0,0,0,0,0,189,2026-02-04 06:13:01.442889
ATMN,26.2,26.2,26.21,,1768300.0,1234500.0,0,0,0,0,0,0,0,0,0,0,0,0,0,0,0,0,0,0,189,2026-02-04 06:13:01.442889
WNTR,24.03,24.03,24.22,,1095500.0,1694700.0,0,0,0,0,0,0,0,0,0,0,0,0,0,0,0,0,0,0,189,2026-02-04 06:13:01.442889
SPNG,24.31,23.83,24.31,1709400.0,2015000.0,1875.0,0,0,0,0,0,0,0,0,0,0,0,0,0,0,0,0,0,0,190,2026-02-04 06:13:02.480956
SMMR,24.51,24.51,24.63,1312300.0,1607500.0,1875.0,0,0,0,0,0,0,0,0,0,0,0,0,0,0,0,0,0,0,190,2026-02-04 06:13:02.480956
ATMN,26.21,25.86,26.21,1596200.0,1234500.0,1875.0,0,0,0,0,0,0,0,0,0,0,0,0,0,0,0,0,0,0,190,2026-02-04 06:13:02.480956
WNTR,24.02,24.21,24.22,1103400.0,1589700.0,,0,0,0,0,0,0,0,0,0,0,0,0,0,0,0,0,0,0,190,2026-02-04 06:13:02.480956
SPNG,24.31,23.83,23.89,1909100.0,2021000.0,1875.0,0,0,0,0,0,0,0,0,0,0,0,0,0,0,0,0,0,0,191,2026-02-04 06:13:03.509234
SMMR,24.68,24.51,24.68,1413000.0,1273300.0,,0,0,0,0,0,0,0,0,0,0,0,0,0,0,0,0,0,0,191,2026-02-04 06:13:03.509234
ATMN,25.86,25.86,26.21,1596200.0,1119900.0,1875.0,0,0,0,0,0,0,0,0,0,0,0,0,0,0,0,0,0,0,191,2026-02-04 06:13:03.509234
WNTR,24.21,24.03,24.1,1202000.0,1713900.0,,0,0,0,0,0,0,0,0,0,0,0,0,0,0,0,0,0,0,191,2026-02-04 06:13:03.509234
SPNG,23.89,23.97,24.31,2255300.0,2122400.0,,,,,0,0,0,0,0,0,0,0,0,0,0,0,0,0,0,192,2026-02-04 06:13:04.546485
SMMR,24.5,24.59,24.67,1441600.0,1273300.0,10000.0,10000.0,,,0,0,0,0,0,0,0,0,0,0,0,0,0,0,0,192,2026-02-04 06:13:04.546485
ATMN,26.27,25.86,26.27,1596200.0,1310200.0,,,3750.0,,0,0,0,0,0,0,0,0,0,0,0,0,0,0,0,192,2026-02-04 06:13:04.546485
WNTR,24.22,24.03,24.22,1434300.0,1589700.0,,,,3750.0,0,0,0,0,0,0,0,0,0,0,0,0,0,0,0,192,2026-02-04 06:13:04.546485
SPNG,24.23,24.24,24.31,10000.0,2374000.0,2126900.0,,,,0,0,0,0,0,0,0,0,0,0,0,0,0,0,0,193,2026-02-04 06:13:05.576356
SMMR,24.75,24.59,24.66,,1441600.0,1384400.0,10000.0,,,0,0,0,0,0,0,0,0,0,0,0,0,0,0,0,193,2026-02-04 06:13:05.576356
ATMN,25.72,26.14,26.16,,1286300.0,1486700.0,,3750.0,3750.0,0,0,0,0,0,0,0,0,0,0,0,0,0,0,0,193,2026-02-04 06:13:05.576356
WNTR,24.24,24.1,24.24,,1469500.0,1597200.0,,,,0,0,0,0,0,0,0,0,0,0,0,0,0,0,0,193,2026-02-04 06:13:05.576356
SPNG,24.23,24.24,24.3,3750.0,10000.0,2221700.0,3750.0,2045400.0,0,0,0,0,0,0,0,0,0,0,0,0,0,0,0,0,194,2026-02-04 06:13:06.604528
SMMR,24.59,24.64,24.66,,10000.0,1441600.0,3750.0,1486300.0,0,0,0,0,0,0,0,0,0,0,0,0,0,0,0,0,194,2026-02-04 06:13:06.604528
ATMN,26.16,26.23,26.27,,,1505500.0,,1403300.0,0,0,0,0,0,0,0,0,0,0,0,0,0,0,0,0,194,2026-02-04 06:13:06.604528
WNTR,24.25,24.1,24.23,,,1469500.0,3750.0,1680500.0,0,0,0,0,0,0,0,0,0,0,0,0,0,0,0,0,194,2026-02-04 06:13:06.604528
SPNG,24.31,24.25,24.29,10000.0,2150500.0,10000.0,2071000.0,,,0,0,0,0,0,0,0,0,0,0,0,0,0,0,0,195,2026-02-04 06:13:07.636235
SMMR,24.5,24.6,24.62,,1437100.0,,1573900.0,3750.0,,0,0,0,0,0,0,0,0,0,0,0,0,0,0,0,195,2026-02-04 06:13:07.636235
ATMN,25.88,26.23,26.27,,1399700.0,,1513800.0,,1875.0,0,0,0,0,0,0,0,0,0,0,0,0,0,0,0,195,2026-02-04 06:13:07.636235
WNTR,24.25,24.19,24.22,,1675900.0,,1769000.0,312.0,,0,0,0,0,0,0,0,0,0,0,0,0,0,0,0,195,2026-02-04 06:13:07.636235
SPNG,24.11,23.83,24.11,2274700.0,1864800.0,20000.0,312.0,,0,0,0,0,0,0,0,0,0,0,0,0,0,0,0,0,196,2026-02-04 06:13:08.669574
SMMR,24.6,24.6,24.62,1560100.0,1669400.0,,3750.0,,0,0,0,0,0,0,0,0,0,0,0,0,0,0,0,0,196,2026-02-04 06:13:08.669574
ATMN,25.88,26.23,26.27,1399700.0,1821600.0,,,1875.0,0,0,0,0,0,0,0,0,0,0,0,0,0,0,0,0,196,2026-02-04 06:13:08.669574
WNTR,24.19,24.11,24.18,1588100.0,2019400.0,,312.0,312.0,0,0,0,0,0,0,0,0,0,0,0,0,0,0,0,0,196,2026-02-04 06:13:08.669574
SPNG,24.41,23.83,24.1,2505500.0,20000.0,1937500.0,,0,0,0,0,0,0,0,0,0,0,0,0,0,0,0,0,0,197,2026-02-04 06:13:09.704692
SMMR,24.47,24.47,24.62,1415600.0,,1669400.0,3750.0,0,0,0,0,0,0,0,0,0,0,0,0,0,0,0,0,0,197,2026-02-04 06:13:09.704692
ATMN,26.29,25.88,26.29,1511800.0,,1811900.0,,0,0,0,0,0,0,0,0,0,0,0,0,0,0,0,0,0,197,2026-02-04 06:13:09.704692
WNTR,24.1,24.1,24.18,1686600.0,,2019400.0,,0,0,0,0,0,0,0,0,0,0,0,0,0,0,0,0,0,197,2026-02-04 06:13:09.704692
SPNG,24.41,24.02,24.41,2462600.0,2121000.0,,0,0,0,0,0,0,0,0,0,0,0,0,0,0,0,0,0,0,198,2026-02-04 06:13:10.735722
SMMR,24.47,24.56,24.62,1739000.0,1669400.0,,0,0,0,0,0,0,0,0,0,0,0,0,0,0,0,0,0,0,198,2026-02-04 06:13:10.735722
ATMN,26.31,25.88,26.02,1600300.0,1802600.0,1875.0,0,0,0,0,0,0,0,0,0,0,0,0,0,0,0,0,0,0,198,2026-02-04 06:13:10.735722
WNTR,24.22,24.1,24.22,1686600.0,1862500.0,,0,0,0,0,0,0,0,0,0,0,0,0,0,0,0,0,0,0,198,2026-02-04 06:13:10.735722
SPNG,23.81,23.81,24.28,2521500.0,1939000.0,10000.0,312.0,0,0,0,0,0,0,0,0,0,0,0,0,0,0,0,0,0,199,2026-02-04 06:13:11.795673
SMMR,24.61,24.62,24.63,1966100.0,1581800.0,,,0,0,0,0,0,0,0,0,0,0,0,0,0,0,0,0,0,199,2026-02-04 06:13:11.795673
ATMN,26.31,26.0,26.02,1860500.0,1802600.0,,,0,0,0,0,0,0,0,0,0,0,0,0,0,0,0,0,0,199,2026-02-04 06:13:11.795673
WNTR,24.0,24.0,24.2,1453900.0,1974100.0,,6093.0,0,0,0,0,0,0,0,0,0,0,0,0,0,0,0,0,0,199,2026-02-04 06:13:11.795673
SPNG,24.28,24.02,24.27,2240500.0,3477.0,10000.0,3477.0,1939000.0,0,0,0,0,0,0,0,0,0,0,0,0,0,0,0,0,200,2026-02-04 06:13:12.851450
SMMR,24.63,24.72,24.73,2174900.0,,,,1719000.0,0,0,0,0,0,0,0,0,0,0,0,0,0,0,0,0,200,2026-02-04 06:13:12.851450
ATMN,25.75,26.0,26.36,1660100.0,1875.0,,,1766900.0,0,0,0,0,0,0,0,0,0,0,0,0,0,0,0,0,200,2026-02-04 06:13:12.851450
WNTR,23.94,24.17,24.21,1628200.0,,,3477.0,1974100.0,0,0,0,0,0,0,0,0,0,0,0,0,0,0,0,0,200,2026-02-04 06:13:12.851450
SPNG,24.28,24.02,24.05,2378200.0,2169500.0,,0,0,0,0,0,0,0,0,0,0,0,0,0,0,0,0,0,0,201,2026-02-04 06:13:13.899871
SMMR,24.73,24.63,24.73,2083300.0,1719000.0,10000.0,0,0,0,0,0,0,0,0,0,0,0,0,0,0,0,0,0,0,201,2026-02-04 06:13:13.899871
ATMN,26.36,26.46,26.54,1758800.0,1663900.0,,0,0,0,0,0,0,0,0,0,0,0,0,0,0,0,0,0,0,201,2026-02-04 06:13:13.899871
WNTR,24.22,24.05,24.22,1532900.0,1974200.0,,0,0,0,0,0,0,0,0,0,0,0,0,0,0,0,0,0,0,201,2026-02-04 06:13:13.899871
SPNG,24.05,24.02,24.05,2335700.0,2169500.0,,,0,0,0,0,0,0,0,0,0,0,0,0,0,0,0,0,0,202,2026-02-04 06:13:14.943939
SMMR,24.62,24.64,24.67,2083300.0,1945500.0,10000.0,293.0,0,0,0,0,0,0,0,0,0,0,0,0,0,0,0,0,0,202,2026-02-04 06:13:14.943939
ATMN,26.46,26.13,26.44,1872900.0,1780800.0,,,0,0,0,0,0,0,0,0,0,0,0,0,0,0,0,0,0,202,2026-02-04 06:13:14.943939
WNTR,24.07,24.13,24.21,1627600.0,1974200.0,,6093.0,0,0,0,0,0,0,0,0,0,0,0,0,0,0,0,0,0,202,2026-02-04 06:13:14.943939
SPNG,23.89,23.89,24.28,2371400.0,2157100.0,,,0,0,0,0,0,0,0,0,0,0,0,0,0,0,0,0,0,203,2026-02-04 06:13:15.992764
SMMR,24.62,24.64,24.66,2073500.0,1941800.0,2900.0,2900.0,0,0,0,0,0,0,0,0,0,0,0,0,0,0,0,0,0,203,2026-02-04 06:13:15.992764
ATMN,26.35,26.13,26.35,1872900.0,1662500.0,,2900.0,0,0,0,0,0,0,0,0,0,0,0,0,0,0,0,0,0,203,2026-02-04 06:13:15.992764
WNTR,24.13,24.05,24.1,1643300.0,2015300.0,,6093.0,0,0,0,0,0,0,0,0,0,0,0,0,0,0,0,0,0,203,2026-02-04 06:13:15.992764
SPNG,24.41,23.9,24.41,10000.0,2239900.0,2122800.0,0,0,0,0,0,0,0,0,0,0,0,0,0,0,0,0,0,0,204,2026-02-04 06:13:16.536255
SMMR,24.66,24.67,24.69,10000.0,2095100.0,2049500.0,0,0,0,0,0,0,0,0,0,0,0,0,0,0,0,0,0,0,204,2026-02-04 06:13:16.536255
ATMN,25.89,25.89,26.35,,1765400.0,1774700.0,0,0,0,0,0,0,0,0,0,0,0,0,0,0,0,0,0,0,204,2026-02-04 06:13:16.536255
WNTR,24.23,24.04,24.23,,1543400.0,1971200.0,0,0,0,0,0,0,0,0,0,0,0,0,0,0,0,0,0,0,204,2026-02-04 06:13:16.536255
SPNG,24.56,23.82,24.56,10000.0,2267700.0,2094400.0,,0,0,0,0,0,0,0,0,0,0,0,0,0,0,0,0,0,205,2026-02-04 06:13:17.602766
SMMR,24.63,24.68,24.73,10000.0,2092200.0,1945500.0,,0,0,0,0,0,0,0,0,0,0,0,0,0,0,0,0,0,205,2026-02-04 06:13:17.602766
ATMN,25.96,25.9,25.96,10000.0,1976900.0,1722900.0,1766.0,0,0,0,0,0,0,0,0,0,0,0,0,0,0,0,0,0,205,2026-02-04 06:13:17.602766
WNTR,23.94,23.94,24.1,,1433000.0,2019600.0,6093.0,0,0,0,0,0,0,0,0,0,0,0,0,0,0,0,0,0,205,2026-02-04 06:13:17.602766
SPNG,24.56,23.83,23.88,2392800.0,2116000.0,,,0,0,0,0,0,0,0,0,0,0,0,0,0,0,0,0,0,206,2026-02-04 06:13:18.637452
SMMR,24.73,24.57,24.61,2048900.0,1933500.0,10000.0,10000.0,0,0,0,0,0,0,0,0,0,0,0,0,0,0,0,0,0,206,2026-02-04 06:13:18.637452
ATMN,25.96,25.89,25.96,2078500.0,1813700.0,,,0,0,0,0,0,0,0,0,0,0,0,0,0,0,0,0,0,206,2026-02-04 06:13:18.637452
WNTR,23.92,23.92,24.08,1423300.0,2108800.0,,,0,0,0,0,0,0,0,0,0,0,0,0,0,0,0,0,0,206,2026-02-04 06:13:18.637452
SPNG,23.79,23.79,24.56,2365500.0,2134300.0,,0,0,0,0,0,0,0,0,0,0,0,0,0,0,0,0,0,0,207,2026-02-04 06:13:19.666081
SMMR,24.67,24.57,24.67,2071500.0,2033300.0,2900.0,0,0,0,0,0,0,0,0,0,0,0,0,0,0,0,0,0,0,207,2026-02-04 06:13:19.666081
ATMN,25.89,25.89,25.96,2054300.0,1813700.0,,0,0,0,0,0,0,0,0,0,0,0,0,0,0,0,0,0,0,207,2026-02-04 06:13:19.666081
WNTR,23.92,23.84,23.86,1527600.0,2085700.0,,0,0,0,0,0,0,0,0,0,0,0,0,0,0,0,0,0,0,207,2026-02-04 06:13:19.666081
SPNG,23.87,24.23,24.56,2266500.0,2772.0,2134300.0,,0,0,0,0,0,0,0,0,0,0,0,0,0,0,0,0,0,208,2026-02-04 06:13:20.695155
SMMR,24.67,24.58,24.67,2071000.0,2900.0,2033300.0,,0,0,0,0,0,0,0,0,0,0,0,0,0,0,0,0,0,208,2026-02-04 06:13:20.695155
ATMN,25.89,25.89,25.96,1964200.0,,1722900.0,4666.0,0,0,0,0,0,0,0,0,0,0,0,0,0,0,0,0,0,208,2026-02-04 06:13:20.695155
WNTR,24.06,23.93,23.95,1641500.0,2772.0,1994000.0,2772.0,0,0,0,0,0,0,0,0,0,0,0,0,0,0,0,0,0,208,2026-02-04 06:13:20.695155
SPNG,23.87,24.23,24.32,2398000.0,2161800.0,,,,,0,0,0,0,0,0,0,0,0,0,0,0,0,0,0,209,2026-02-04 06:13:21.733189
SMMR,24.58,24.58,24.67,2171200.0,2033300.0,,,,,0,0,0,0,0,0,0,0,0,0,0,0,0,0,0,209,2026-02-04 06:13:21.733189
ATMN,26.35,25.9,25.95,1737100.0,1634100.0,839.0,10000.0,839.0,10000.0,0,0,0,0,0,0,0,0,0,0,0,0,0,0,0,209,2026-02-04 06:13:21.733189
WNTR,23.95,23.98,24.08,1772100.0,2120400.0,,,,,0,0,0,0,0,0,0,0,0,0,0,0,0,0,0,209,2026-02-04 06:13:21.733189
SPNG,23.82,23.82,24.25,2360800.0,2173400.0,,,0,0,0,0,0,0,0,0,0,0,0,0,0,0,0,0,0,210,2026-02-04 06:13:22.772910
SMMR,24.58,24.58,24.59,2026400.0,2041800.0,2900.0,,0,0,0,0,0,0,0,0,0,0,0,0,0,0,0,0,0,210,2026-02-04 06:13:22.772910
ATMN,26.37,26.21,26.33,1905000.0,1826400.0,,,0,0,0,0,0,0,0,0,0,0,0,0,0,0,0,0,0,210,2026-02-04 06:13:22.772910
WNTR,23.9,24.02,24.07,2102000.0,2022400.0,,2153.0,0,0,0,0,0,0,0,0,0,0,0,0,0,0,0,0,0,210,2026-02-04 06:13:22.772910
SPNG,23.77,23.77,24.25,2398400.0,2173400.0,,0,0,0,0,0,0,0,0,0,0,0,0,0,0,0,0,0,0,211,2026-02-04 06:13:23.807453
SMMR,24.56,24.48,24.53,2183300.0,2083700.0,,0,0,0,0,0,0,0,0,0,0,0,0,0,0,0,0,0,0,211,2026-02-04 06:13:23.807453
ATMN,25.83,26.02,26.33,1801700.0,1826400.0,10000.0,0,0,0,0,0,0,0,0,0,0,0,0,0,0,0,0,0,0,211,2026-02-04 06:13:23.807453
WNTR,23.9,23.9,23.96,2083800.0,2132900.0,,0,0,0,0,0,0,0,0,0,0,0,0,0,0,0,0,0,0,211,2026-02-04 06:13:23.807453
SPNG,24.25,23.78,24.24,10000.0,2253000.0,10000.0,2069200.0,,,0,0,0,0,0,0,0,0,0,0,0,0,0,0,0,212,2026-02-04 06:13:24.867266
SMMR,24.59,24.53,24.59,,2147100.0,,2041800.0,,,0,0,0,0,0,0,0,0,0,0,0,0,0,0,0,212,2026-02-04 06:13:24.867266
ATMN,25.83,26.09,26.33,10000.0,1737100.0,,1829500.0,5505.0,,0,0,0,0,0,0,0,0,0,0,0,0,0,0,0,212,2026-02-04 06:13:24.867266
WNTR,24.0,23.9,23.97,,2083800.0,,2049800.0,,3957.0,0,0,0,0,0,0,0,0,0,0,0,0,0,0,0,212,2026-02-04 06:13:24.867266
SPNG,24.46,24.08,24.25,2396300.0,2772.0,2065000.0,0,0,0,0,0,0,0,0,0,0,0,0,0,0,0,0,0,0,213,2026-02-04 06:13:25.915033
SMMR,24.59,24.53,24.58,2125500.0,2179.0,1979200.0,0,0,0,0,0,0,0,0,0,0,0,0,0,0,0,0,0,0,213,2026-02-04 06:13:25.915033
ATMN,26.33,26.09,26.33,1919400.0,,1829500.0,0,0,0,0,0,0,0,0,0,0,0,0,0,0,0,0,0,0,213,2026-02-04 06:13:25.915033
WNTR,24.13,24.13,24.23,2214300.0,,2121800.0,0,0,0,0,0,0,0,0,0,0,0,0,0,0,0,0,0,0,213,2026-02-04 06:13:25.915033
SPNG,24.58,24.16,24.25,2407700.0,2146900.0,,0,0,0,0,0,0,0,0,0,0,0,0,0,0,0,0,0,0,214,2026-02-04 06:13:26.960815
SMMR,24.67,24.69,24.73,2120400.0,2032900.0,,0,0,0,0,0,0,0,0,0,0,0,0,0,0,0,0,0,0,214,2026-02-04 06:13:26.960815
ATMN,26.43,26.23,26.43,1794100.0,1807600.0,5505.0,0,0,0,0,0,0,0,0,0,0,0,0,0,0,0,0,0,0,214,2026-02-04 06:13:26.960815
WNTR,24.13,23.93,24.08,2190000.0,2128300.0,,0,0,0,0,0,0,0,0,0,0,0,0,0,0,0,0,0,0,214,2026-02-04 06:13:26.960815
SPNG,24.16,24.16,24.25,2367500.0,2143900.0,0,0,0,0,0,0,0,0,0,0,0,0,0,0,0,0,0,0,0,215,2026-02-04 06:13:28.002399
SMMR,24.53,24.64,24.73,2118400.0,2032900.0,0,0,0,0,0,0,0,0,0,0,0,0,0,0,0,0,0,0,0,215,2026-02-04 06:13:28.002399
ATMN,26.03,26.03,26.43,1920300.0,1796100.0,0,0,0,0,0,0,0,0,0,0,0,0,0,0,0,0,0,0,0,215,2026-02-04 06:13:28.002399
WNTR,23.87,23.87,24.08,2204600.0,2141600.0,0,0,0,0,0,0,0,0,0,0,0,0,0,0,0,0,0,0,0,215,2026-02-04 06:13:28.002399
SPNG,24.08,24.08,24.21,2349800.0,2063500.0,1084.0,,,,0,0,0,0,0,0,0,0,0,0,0,0,0,0,0,216,2026-02-04 06:13:29.057154
SMMR,24.53,24.65,24.66,2013000.0,1970300.0,,10000.0,10000.0,,0,0,0,0,0,0,0,0,0,0,0,0,0,0,0,216,2026-02-04 06:13:29.057154
ATMN,25.88,25.88,26.42,1887300.0,1719500.0,,,10000.0,,0,0,0,0,0,0,0,0,0,0,0,0,0,0,0,216,2026-02-04 06:13:29.057154
WNTR,24.14,24.05,24.14,2103700.0,2110100.0,,,,1084.0,0,0,0,0,0,0,0,0,0,0,0,0,0,0,0,216,2026-02-04 06:13:29.057154
SPNG,24.25,24.09,24.25,10000.0,2217700.0,2143900.0,,0,0,0,0,0,0,0,0,0,0,0,0,0,0,0,0,0,217,2026-02-04 06:13:29.607784
SMMR,24.53,24.64,24.66,,2118400.0,2107100.0,,0,0,0,0,0,0,0,0,0,0,0,0,0,0,0,0,0,217,2026-02-04 06:13:29.607784
ATMN,25.88,26.03,26.42,,1894600.0,1719500.0,4707.0,0,0,0,0,0,0,0,0,0,0,0,0,0,0,0,0,0,217,2026-02-04 06:13:29.607784
WNTR,24.05,23.87,24.05,,2204400.0,2142200.0,,0,0,0,0,0,0,0,0,0,0,0,0,0,0,0,0,0,217,2026-02-04 06:13:29.607784
SPNG,24.04,24.04,24.2,2330400.0,4707.0,2044600.0,,0,0,0,0,0,0,0,0,0,0,0,0,0,0,0,0,0,218,2026-02-04 06:13:30.637799
SMMR,24.53,24.64,24.66,2035200.0,,2093900.0,2179.0,0,0,0,0,0,0,0,0,0,0,0,0,0,0,0,0,0,218,2026-02-04 06:13:30.637799
ATMN,25.9,26.17,26.42,1878000.0,4707.0,1719500.0,,0,0,0,0,0,0,0,0,0,0,0,0,0,0,0,0,0,218,2026-02-04 06:13:30.637799
WNTR,24.22,23.87,24.05,2204400.0,,2125900.0,,0,0,0,0,0,0,0,0,0,0,0,0,0,0,0,0,0,218,2026-02-04 06:13:30.637799
SPNG,24.25,24.05,24.25,10000.0,2215100.0,2146400.0,,0,0,0,0,0,0,0,0,0,0,0,0,0,0,0,0,0,219,2026-02-04 06:13:31.672692
SMMR,24.66,24.62,24.66,,2138400.0,2103900.0,,0,0,0,0,0,0,0,0,0,0,0,0,0,0,0,0,0,219,2026-02-04 06:13:31.672692
ATMN,26.34,26.34,26.43,,1834900.0,1812400.0,,0,0,0,0,0,0,0,0,0,0,0,0,0,0,0,0,0,219,2026-02-04 06:13:31.672692
WNTR,24.22,23.87,23.96,,2094700.0,2154400.0,1084.0,0,0,0,0,0,0,0,0,0,0,0,0,0,0,0,0,0,219,2026-02-04 06:13:31.672692
SPNG,24.25,24.05,24.23,10000.0,2225200.0,2124900.0,,,0,0,0,0,0,0,0,0,0,0,0,0,0,0,0,0,220,2026-02-04 06:13:32.704495
SMMR,24.66,24.62,24.66,,2010100.0,2100200.0,2179.0,,0,0,0,0,0,0,0,0,0,0,0,0,0,0,0,0,220,2026-02-04 06:13:32.704495
