ticker,last_price,bid_price,ask_price,BUY_ANON,SELL_ANON,BUY_GIOT-3,BUY_ZUAI-2,SELL_UEBR-1,SELL_GIOT-4,BUY_WRSW-1,BUY_WRSW-2,BUY_GIOT-4,BUY_UEBR-1,SELL_IESE-1,BUY_LUIS-4,SELL_GIOT-3,SELL_WRSW-2,SELL_WRSW-3,SELL_WRSW-1,BUY_WRSW-3,BUY_IESE-1,SELL_LUIS-4,tick,timestamp,news_news_id,news_period,news_tick,news_ticker,news_headline,news_body
SPNG,24.63,24.8,25.17,2163500.0,2086500.0,0,0,0,0,0,0,0,0,0,0,0,0,0,0,0,0,0,1,2026-02-04 03:42:46.836388,2.0,1.0,1.0,,Aggregate Position Limit,Your CRO has set the aggregate position limit to 10000 shares for this week.
SMMR,25.01,24.92,25.01,2442000.0,2357100.0,0,0,0,0,0,0,0,0,0,0,0,0,0,0,0,0,0,1,2026-02-04 03:42:46.836388,1.0,1.0,1.0,,Welcome to the RITC 2026 Alogithmic Market Making Case - practice server,
ATMN,25.02,24.87,25.02,2311800.0,2265200.0,0,0,0,0,0,0,0,0,0,0,0,0,0,0,0,0,0,1,2026-02-04 03:42:46.836388,,,,,,
WNTR,0.0,24.98,25.02,2102000.0,1815200.0,0,0,0,0,0,0,0,0,0,0,0,0,0,0,0,0,0,1,2026-02-04 03:42:46.836388,,,,,,
SPNG,24.8,24.8,25.17,2171000.0,2086500.0,0,0,0,0,0,0,0,0,0,0,0,0,0,0,0,0,0,2,2026-02-04 03:42:47.875532
SMMR,24.92,24.92,25.01,2442000.0,2357100.0,0,0,0,0,0,0,0,0,0,0,0,0,0,0,0,0,0,2,2026-02-04 03:42:47.875532
ATMN,25.14,25.17,25.27,2332700.0,2281100.0,0,0,0,0,0,0,0,0,0,0,0,0,0,0,0,0,0,2,2026-02-04 03:42:47.875532
WNTR,24.94,24.94,24.96,2103000.0,1997100.0,0,0,0,0,0,0,0,0,0,0,0,0,0,0,0,0,0,2,2026-02-04 03:42:47.875532
SPNG,24.8,24.8,24.95,2190600.0,2203900.0,0,0,0,0,0,0,0,0,0,0,0,0,0,0,0,0,0,3,2026-02-04 03:42:48.911994
SMMR,24.87,24.87,25.06,2454100.0,2330100.0,0,0,0,0,0,0,0,0,0,0,0,0,0,0,0,0,0,3,2026-02-04 03:42:48.911994
ATMN,25.17,24.87,25.02,2327300.0,2237800.0,0,0,0,0,0,0,0,0,0,0,0,0,0,0,0,0,0,3,2026-02-04 03:42:48.911994
WNTR,24.94,24.94,24.95,2111000.0,2000800.0,0,0,0,0,0,0,0,0,0,0,0,0,0,0,0,0,0,3,2026-02-04 03:42:48.911994
SPNG,24.62,24.62,25.17,2211500.0,2193300.0,0,0,0,0,0,0,0,0,0,0,0,0,0,0,0,0,0,4,2026-02-04 03:42:49.940078
SMMR,24.87,24.89,25.06,2437400.0,2460900.0,0,0,0,0,0,0,0,0,0,0,0,0,0,0,0,0,0,4,2026-02-04 03:42:49.940078
ATMN,24.87,24.69,24.79,2361000.0,2251400.0,0,0,0,0,0,0,0,0,0,0,0,0,0,0,0,0,0,4,2026-02-04 03:42:49.940078
WNTR,24.96,24.93,24.96,2107400.0,1977700.0,0,0,0,0,0,0,0,0,0,0,0,0,0,0,0,0,0,4,2026-02-04 03:42:49.940078
SPNG,24.62,24.95,25.17,2227800.0,2172400.0,0,0,0,0,0,0,0,0,0,0,0,0,0,0,0,0,0,5,2026-02-04 03:42:50.466032
SMMR,25.06,24.89,24.97,2437400.0,2466900.0,0,0,0,0,0,0,0,0,0,0,0,0,0,0,0,0,0,5,2026-02-04 03:42:50.466032
ATMN,25.02,24.95,25.02,2359300.0,2237800.0,0,0,0,0,0,0,0,0,0,0,0,0,0,0,0,0,0,5,2026-02-04 03:42:50.466032
WNTR,24.96,24.93,24.96,2107400.0,1991400.0,0,0,0,0,0,0,0,0,0,0,0,0,0,0,0,0,0,5,2026-02-04 03:42:50.466032
SPNG,25.0,24.96,24.99,10000.0,2069800.0,10000.0,2104100.0,0,0,0,0,0,0,0,0,0,0,0,0,0,0,0,6,2026-02-04 03:42:51.506104
SMMR,25.06,24.94,24.96,5000.0,2307800.0,5000.0,2332100.0,0,0,0,0,0,0,0,0,0,0,0,0,0,0,0,6,2026-02-04 03:42:51.506104
ATMN,24.95,24.8,24.82,,2352800.0,,2240300.0,0,0,0,0,0,0,0,0,0,0,0,0,0,0,0,6,2026-02-04 03:42:51.506104
WNTR,24.88,24.88,25.02,,2105000.0,,2002200.0,0,0,0,0,0,0,0,0,0,0,0,0,0,0,0,6,2026-02-04 03:42:51.506104
SPNG,25.17,24.96,25.16,5000.0,2088100.0,10000.0,2089100.0,0,0,0,0,0,0,0,0,0,0,0,0,0,0,0,7,2026-02-04 03:42:52.540135
SMMR,24.97,24.94,24.97,,2441900.0,,2466900.0,0,0,0,0,0,0,0,0,0,0,0,0,0,0,0,7,2026-02-04 03:42:52.540135
ATMN,25.27,24.8,25.02,,2337700.0,5000.0,2148800.0,0,0,0,0,0,0,0,0,0,0,0,0,0,0,0,7,2026-02-04 03:42:52.540135
WNTR,25.03,24.89,24.95,,2097100.0,,2024100.0,0,0,0,0,0,0,0,0,0,0,0,0,0,0,0,7,2026-02-04 03:42:52.540135
SPNG,25.17,24.96,24.98,2180900.0,2055200.0,5000.0,,0,0,0,0,0,0,0,0,0,0,0,0,0,0,0,8,2026-02-04 03:42:53.575461
SMMR,24.9,24.9,24.97,2416200.0,2466900.0,,,0,0,0,0,0,0,0,0,0,0,0,0,0,0,0,8,2026-02-04 03:42:53.575461
ATMN,25.16,25.04,25.16,2339600.0,2260300.0,,,0,0,0,0,0,0,0,0,0,0,0,0,0,0,0,8,2026-02-04 03:42:53.575461
WNTR,24.88,24.93,24.95,2006700.0,2024100.0,,10000.0,0,0,0,0,0,0,0,0,0,0,0,0,0,0,0,8,2026-02-04 03:42:53.575461
SPNG,25.17,24.95,25.17,2215100.0,2190400.0,,0,0,0,0,0,0,0,0,0,0,0,0,0,0,0,0,9,2026-02-04 03:42:54.638637
SMMR,24.97,25.02,25.06,2452300.0,2478400.0,,0,0,0,0,0,0,0,0,0,0,0,0,0,0,0,0,9,2026-02-04 03:42:54.638637
ATMN,25.16,25.04,25.16,2370400.0,2260300.0,,0,0,0,0,0,0,0,0,0,0,0,0,0,0,0,0,9,2026-02-04 03:42:54.638637
WNTR,24.94,24.94,24.95,2017400.0,2008500.0,10000.0,0,0,0,0,0,0,0,0,0,0,0,0,0,0,0,0,9,2026-02-04 03:42:54.638637
SPNG,25.26,24.96,25.26,10000.0,2118300.0,2173700.0,0,0,0,0,0,0,0,0,0,0,0,0,0,0,0,0,10,2026-02-04 03:42:55.707361
SMMR,25.11,25.02,25.11,,2451300.0,2481800.0,0,0,0,0,0,0,0,0,0,0,0,0,0,0,0,0,10,2026-02-04 03:42:55.707361
ATMN,25.0,24.86,25.0,,2362700.0,2239800.0,0,0,0,0,0,0,0,0,0,0,0,0,0,0,0,0,10,2026-02-04 03:42:55.707361
WNTR,24.94,24.94,24.95,,2130200.0,2025900.0,0,0,0,0,0,0,0,0,0,0,0,0,0,0,0,0,10,2026-02-04 03:42:55.707361
SPNG,24.87,24.62,24.74,2178000.0,2114500.0,5000.0,0,0,0,0,0,0,0,0,0,0,0,0,0,0,0,0,11,2026-02-04 03:42:56.786148
SMMR,25.11,25.02,25.1,2451300.0,2414000.0,,0,0,0,0,0,0,0,0,0,0,0,0,0,0,0,0,11,2026-02-04 03:42:56.786148
ATMN,25.0,24.86,25.0,2355200.0,2221700.0,,0,0,0,0,0,0,0,0,0,0,0,0,0,0,0,0,11,2026-02-04 03:42:56.786148
WNTR,24.93,24.93,24.95,2133900.0,2055200.0,,0,0,0,0,0,0,0,0,0,0,0,0,0,0,0,0,11,2026-02-04 03:42:56.786148
SPNG,24.87,24.87,25.32,2209300.0,2193700.0,0,0,0,0,0,0,0,0,0,0,0,0,0,0,0,0,0,12,2026-02-04 03:42:57.819167
SMMR,25.1,25.05,25.1,2462700.0,2375200.0,0,0,0,0,0,0,0,0,0,0,0,0,0,0,0,0,0,12,2026-02-04 03:42:57.819167
ATMN,25.0,25.05,25.16,2358800.0,2248200.0,0,0,0,0,0,0,0,0,0,0,0,0,0,0,0,0,0,12,2026-02-04 03:42:57.819167
WNTR,24.91,24.91,25.03,2137200.0,2060100.0,0,0,0,0,0,0,0,0,0,0,0,0,0,0,0,0,0,12,2026-02-04 03:42:57.819167
SPNG,25.34,24.89,25.34,2074100.0,5000.0,2083300.0,0,0,0,0,0,0,0,0,0,0,0,0,0,0,0,0,13,2026-02-04 03:42:58.855084
SMMR,25.13,25.03,25.13,2340800.0,5000.0,2374600.0,0,0,0,0,0,0,0,0,0,0,0,0,0,0,0,0,13,2026-02-04 03:42:58.855084
ATMN,24.86,24.86,25.06,2363000.0,,2235700.0,0,0,0,0,0,0,0,0,0,0,0,0,0,0,0,0,13,2026-02-04 03:42:58.855084
WNTR,25.01,24.91,24.93,2137200.0,,2027200.0,0,0,0,0,0,0,0,0,0,0,0,0,0,0,0,0,13,2026-02-04 03:42:58.855084
SPNG,24.75,24.75,25.34,2191000.0,2083300.0,,0,0,0,0,0,0,0,0,0,0,0,0,0,0,0,0,14,2026-02-04 03:42:59.895099
SMMR,25.06,25.03,25.06,2340800.0,2380200.0,5000.0,0,0,0,0,0,0,0,0,0,0,0,0,0,0,0,0,14,2026-02-04 03:42:59.895099
ATMN,25.17,24.86,25.17,2337400.0,2226000.0,,0,0,0,0,0,0,0,0,0,0,0,0,0,0,0,0,14,2026-02-04 03:42:59.895099
WNTR,25.01,24.91,24.93,2148800.0,2024300.0,,0,0,0,0,0,0,0,0,0,0,0,0,0,0,0,0,14,2026-02-04 03:42:59.895099
SPNG,24.75,25.25,25.34,2172700.0,2179400.0,,0,0,0,0,0,0,0,0,0,0,0,0,0,0,0,0,15,2026-02-04 03:43:00.939510
SMMR,25.02,25.03,25.13,2340800.0,2415300.0,5000.0,0,0,0,0,0,0,0,0,0,0,0,0,0,0,0,0,15,2026-02-04 03:43:00.939510
ATMN,25.31,24.85,25.31,2348200.0,2216700.0,,0,0,0,0,0,0,0,0,0,0,0,0,0,0,0,0,15,2026-02-04 03:43:00.939510
WNTR,25.06,24.93,25.06,2056500.0,2077200.0,10000.0,0,0,0,0,0,0,0,0,0,0,0,0,0,0,0,0,15,2026-02-04 03:43:00.939510
SPNG,24.75,25.26,25.34,5000.0,2045600.0,2139800.0,0,0,0,0,0,0,0,0,0,0,0,0,0,0,0,0,16,2026-02-04 03:43:01.982061
SMMR,24.98,24.98,25.14,,2451700.0,2427800.0,0,0,0,0,0,0,0,0,0,0,0,0,0,0,0,0,16,2026-02-04 03:43:01.982061
ATMN,25.31,25.46,25.52,5000.0,2213900.0,2212900.0,0,0,0,0,0,0,0,0,0,0,0,0,0,0,0,0,16,2026-02-04 03:43:01.982061
WNTR,25.06,25.05,25.06,,2152200.0,2045400.0,0,0,0,0,0,0,0,0,0,0,0,0,0,0,0,0,16,2026-02-04 03:43:01.982061
SPNG,25.25,24.75,25.24,2191000.0,2174400.0,0,0,0,0,0,0,0,0,0,0,0,0,0,0,0,0,0,17,2026-02-04 03:43:03.013449
SMMR,25.02,25.11,25.14,2464000.0,2416500.0,0,0,0,0,0,0,0,0,0,0,0,0,0,0,0,0,0,17,2026-02-04 03:43:03.013449
ATMN,24.81,24.81,25.42,2358300.0,2210100.0,0,0,0,0,0,0,0,0,0,0,0,0,0,0,0,0,0,17,2026-02-04 03:43:03.013449
WNTR,25.05,25.05,25.06,2134700.0,2046900.0,0,0,0,0,0,0,0,0,0,0,0,0,0,0,0,0,0,17,2026-02-04 03:43:03.013449
SPNG,25.25,25.18,25.23,2169900.0,5000.0,2061400.0,,0,0,0,0,0,0,0,0,0,0,0,0,0,0,0,18,2026-02-04 03:43:03.541719
SMMR,25.02,25.12,25.14,2335700.0,,2386000.0,5000.0,0,0,0,0,0,0,0,0,0,0,0,0,0,0,0,18,2026-02-04 03:43:03.541719
ATMN,25.27,24.81,25.06,2358300.0,,2203600.0,,0,0,0,0,0,0,0,0,0,0,0,0,0,0,0,18,2026-02-04 03:43:03.541719
WNTR,25.05,25.05,25.06,2137200.0,,2015500.0,,0,0,0,0,0,0,0,0,0,0,0,0,0,0,0,18,2026-02-04 03:43:03.541719
SPNG,25.25,25.18,25.21,2169900.0,15000.0,1930300.0,0,0,0,0,0,0,0,0,0,0,0,0,0,0,0,0,19,2026-02-04 03:43:04.583220
SMMR,24.98,24.9,24.96,2431400.0,,2373700.0,0,0,0,0,0,0,0,0,0,0,0,0,0,0,0,0,19,2026-02-04 03:43:04.583220
ATMN,25.05,25.08,25.42,2354200.0,,2210100.0,0,0,0,0,0,0,0,0,0,0,0,0,0,0,0,0,19,2026-02-04 03:43:04.583220
WNTR,24.99,24.99,25.06,2139500.0,,2010900.0,0,0,0,0,0,0,0,0,0,0,0,0,0,0,0,0,19,2026-02-04 03:43:04.583220
SPNG,25.18,25.18,25.21,2169900.0,15000.0,1934000.0,0,0,0,0,0,0,0,0,0,0,0,0,0,0,0,0,20,2026-02-04 03:43:05.622011
SMMR,25.11,24.9,25.11,2431400.0,,2422500.0,0,0,0,0,0,0,0,0,0,0,0,0,0,0,0,0,20,2026-02-04 03:43:05.622011
ATMN,24.81,24.81,25.34,2368100.0,,2186400.0,0,0,0,0,0,0,0,0,0,0,0,0,0,0,0,0,20,2026-02-04 03:43:05.622011
WNTR,24.99,24.99,25.06,2124700.0,,2058900.0,0,0,0,0,0,0,0,0,0,0,0,0,0,0,0,0,20,2026-02-04 03:43:05.622011
SPNG,25.18,24.83,25.11,2149900.0,1904600.0,15000.0,0,0,0,0,0,0,0,0,0,0,0,0,0,0,0,0,21,2026-02-04 03:43:06.658014
SMMR,25.14,24.9,25.14,2431400.0,2383200.0,,0,0,0,0,0,0,0,0,0,0,0,0,0,0,0,0,21,2026-02-04 03:43:06.658014
ATMN,24.8,24.8,25.07,2353100.0,2192200.0,,0,0,0,0,0,0,0,0,0,0,0,0,0,0,0,0,21,2026-02-04 03:43:06.658014
WNTR,24.94,24.94,25.08,2144100.0,2028000.0,,0,0,0,0,0,0,0,0,0,0,0,0,0,0,0,0,21,2026-02-04 03:43:06.658014
SPNG,25.11,24.83,25.1,2147400.0,5000.0,2022700.0,0,0,0,0,0,0,0,0,0,0,0,0,0,0,0,0,22,2026-02-04 03:43:07.691618
SMMR,25.1,24.9,24.91,2431400.0,,2415600.0,0,0,0,0,0,0,0,0,0,0,0,0,0,0,0,0,22,2026-02-04 03:43:07.691618
ATMN,25.13,25.13,25.34,2339700.0,,2186400.0,0,0,0,0,0,0,0,0,0,0,0,0,0,0,0,0,22,2026-02-04 03:43:07.691618
WNTR,24.94,24.94,25.01,2158000.0,,2029300.0,0,0,0,0,0,0,0,0,0,0,0,0,0,0,0,0,22,2026-02-04 03:43:07.691618
SPNG,25.11,25.12,25.24,2078400.0,10000.0,2165500.0,0,0,0,0,0,0,0,0,0,0,0,0,0,0,0,0,23,2026-02-04 03:43:08.723670
SMMR,24.9,24.9,25.14,2472500.0,,2382000.0,0,0,0,0,0,0,0,0,0,0,0,0,0,0,0,0,23,2026-02-04 03:43:08.723670
ATMN,24.98,25.14,25.32,2217900.0,10000.0,2185800.0,0,0,0,0,0,0,0,0,0,0,0,0,0,0,0,0,23,2026-02-04 03:43:08.723670
WNTR,24.96,24.96,25.01,2001800.0,10000.0,2029300.0,0,0,0,0,0,0,0,0,0,0,0,0,0,0,0,0,23,2026-02-04 03:43:08.723670
SPNG,24.83,24.83,25.24,2191000.0,2138900.0,0,0,0,0,0,0,0,0,0,0,0,0,0,0,0,0,0,24,2026-02-04 03:43:09.761428
SMMR,25.15,25.05,25.15,2467900.0,2411700.0,0,0,0,0,0,0,0,0,0,0,0,0,0,0,0,0,0,24,2026-02-04 03:43:09.761428
ATMN,24.78,24.78,25.25,2353100.0,2203900.0,0,0,0,0,0,0,0,0,0,0,0,0,0,0,0,0,0,24,2026-02-04 03:43:09.761428
WNTR,24.93,24.93,25.01,2101000.0,2029300.0,0,0,0,0,0,0,0,0,0,0,0,0,0,0,0,0,0,24,2026-02-04 03:43:09.761428
SPNG,25.24,24.84,25.24,5000.0,2070900.0,2138900.0,0,0,0,0,0,0,0,0,0,0,0,0,0,0,0,0,25,2026-02-04 03:43:10.801238
SMMR,25.05,25.06,25.15,10000.0,2362300.0,2411400.0,0,0,0,0,0,0,0,0,0,0,0,0,0,0,0,0,25,2026-02-04 03:43:10.801238
ATMN,24.83,24.79,24.83,10000.0,2214100.0,2199600.0,0,0,0,0,0,0,0,0,0,0,0,0,0,0,0,0,25,2026-02-04 03:43:10.801238
WNTR,25.08,25.03,25.08,,2089000.0,2018700.0,0,0,0,0,0,0,0,0,0,0,0,0,0,0,0,0,25,2026-02-04 03:43:10.801238
SPNG,24.75,24.75,25.35,2208300.0,2141500.0,,0,0,0,0,0,0,0,0,0,0,0,0,0,0,0,0,26,2026-02-04 03:43:11.840165
SMMR,25.05,25.07,25.15,2357900.0,2411500.0,10000.0,0,0,0,0,0,0,0,0,0,0,0,0,0,0,0,0,26,2026-02-04 03:43:11.840165
ATMN,24.88,24.89,24.96,2211100.0,2174100.0,10000.0,0,0,0,0,0,0,0,0,0,0,0,0,0,0,0,0,26,2026-02-04 03:43:11.840165
WNTR,24.97,24.97,25.08,2047400.0,2018700.0,,0,0,0,0,0,0,0,0,0,0,0,0,0,0,0,0,26,2026-02-04 03:43:11.840165
SPNG,24.75,24.82,24.85,2176500.0,10000.0,2011200.0,0,0,0,0,0,0,0,0,0,0,0,0,0,0,0,0,27,2026-02-04 03:43:12.881413
SMMR,25.07,25.05,25.07,2490600.0,10000.0,2289500.0,0,0,0,0,0,0,0,0,0,0,0,0,0,0,0,0,27,2026-02-04 03:43:12.881413
ATMN,24.71,24.71,24.95,2375900.0,10000.0,2037100.0,0,0,0,0,0,0,0,0,0,0,0,0,0,0,0,0,27,2026-02-04 03:43:12.881413
WNTR,24.97,24.99,25.07,2074300.0,10000.0,1953100.0,0,0,0,0,0,0,0,0,0,0,0,0,0,0,0,0,27,2026-02-04 03:43:12.881413
SPNG,24.86,24.84,24.86,2180200.0,2129900.0,,0,0,0,0,0,0,0,0,0,0,0,0,0,0,0,0,28,2026-02-04 03:43:13.924693
SMMR,25.07,25.05,25.07,2463400.0,2274200.0,10000.0,0,0,0,0,0,0,0,0,0,0,0,0,0,0,0,0,28,2026-02-04 03:43:13.924693
ATMN,24.69,24.69,24.97,2371500.0,2185600.0,,0,0,0,0,0,0,0,0,0,0,0,0,0,0,0,0,28,2026-02-04 03:43:13.924693
WNTR,24.97,24.97,25.07,2075600.0,2053200.0,,0,0,0,0,0,0,0,0,0,0,0,0,0,0,0,0,28,2026-02-04 03:43:13.924693
SPNG,24.82,24.82,25.39,2193600.0,2121400.0,,0,0,0,0,0,0,0,0,0,0,0,0,0,0,0,0,29,2026-02-04 03:43:14.965397
SMMR,24.89,24.89,25.06,2459200.0,2238800.0,10000.0,0,0,0,0,0,0,0,0,0,0,0,0,0,0,0,0,29,2026-02-04 03:43:14.965397
ATMN,24.97,24.69,24.97,2335200.0,2185600.0,,0,0,0,0,0,0,0,0,0,0,0,0,0,0,0,0,29,2026-02-04 03:43:14.965397
WNTR,24.91,24.99,25.05,2106000.0,1953100.0,10000.0,0,0,0,0,0,0,0,0,0,0,0,0,0,0,0,0,29,2026-02-04 03:43:14.965397
SPNG,24.79,24.92,25.38,2222200.0,10000.0,2020700.0,0,0,0,0,0,0,0,0,0,0,0,0,0,0,0,0,30,2026-02-04 03:43:15.992475
SMMR,25.05,25.05,25.07,2491700.0,,2362900.0,0,0,0,0,0,0,0,0,0,0,0,0,0,0,0,0,30,2026-02-04 03:43:15.992475
ATMN,24.97,24.74,24.97,2364000.0,,2185600.0,0,0,0,0,0,0,0,0,0,0,0,0,0,0,0,0,30,2026-02-04 03:43:15.992475
WNTR,24.99,24.99,25.07,2093400.0,,2053200.0,0,0,0,0,0,0,0,0,0,0,0,0,0,0,0,0,30,2026-02-04 03:43:15.992475
SPNG,24.66,24.66,25.39,2185800.0,2134100.0,0,0,0,0,0,0,0,0,0,0,0,0,0,0,0,0,0,31,2026-02-04 03:43:17.027737
SMMR,25.15,25.05,25.15,2491700.0,2357100.0,0,0,0,0,0,0,0,0,0,0,0,0,0,0,0,0,0,31,2026-02-04 03:43:17.027737
ATMN,24.68,24.87,24.97,2384800.0,2185600.0,0,0,0,0,0,0,0,0,0,0,0,0,0,0,0,0,0,31,2026-02-04 03:43:17.027737
WNTR,25.04,25.04,25.07,2093500.0,2053200.0,0,0,0,0,0,0,0,0,0,0,0,0,0,0,0,0,0,31,2026-02-04 03:43:17.027737
SPNG,25.39,24.67,25.39,5000.0,2098200.0,2121300.0,,0,0,0,0,0,0,0,0,0,0,0,0,0,0,0,32,2026-02-04 03:43:18.060837
SMMR,24.89,24.89,24.98,,2469000.0,2221500.0,10000.0,0,0,0,0,0,0,0,0,0,0,0,0,0,0,0,32,2026-02-04 03:43:18.060837
ATMN,25.25,24.87,24.96,,2402100.0,2086300.0,5000.0,0,0,0,0,0,0,0,0,0,0,0,0,0,0,0,32,2026-02-04 03:43:18.060837
WNTR,24.99,24.99,25.06,,2071900.0,2036000.0,,0,0,0,0,0,0,0,0,0,0,0,0,0,0,0,32,2026-02-04 03:43:18.060837
SPNG,25.39,24.67,24.76,10000.0,2109700.0,2115900.0,,0,0,0,0,0,0,0,0,0,0,0,0,0,0,0,33,2026-02-04 03:43:19.089079
SMMR,24.98,25.14,25.15,,2458300.0,2339200.0,,0,0,0,0,0,0,0,0,0,0,0,0,0,0,0,33,2026-02-04 03:43:19.089079
ATMN,24.87,24.88,25.15,5000.0,2281200.0,2075100.0,10000.0,0,0,0,0,0,0,0,0,0,0,0,0,0,0,0,33,2026-02-04 03:43:19.089079
WNTR,25.06,24.96,25.05,,2078500.0,1935900.0,10000.0,0,0,0,0,0,0,0,0,0,0,0,0,0,0,0,33,2026-02-04 03:43:19.089079
SPNG,24.76,24.71,24.76,2218000.0,2115900.0,0,0,0,0,0,0,0,0,0,0,0,0,0,0,0,0,0,34,2026-02-04 03:43:19.615801
SMMR,24.89,24.89,25.06,2473700.0,2342200.0,0,0,0,0,0,0,0,0,0,0,0,0,0,0,0,0,0,34,2026-02-04 03:43:19.615801
ATMN,24.87,24.7,24.81,2385500.0,2191700.0,0,0,0,0,0,0,0,0,0,0,0,0,0,0,0,0,0,34,2026-02-04 03:43:19.615801
WNTR,25.08,24.96,25.08,2078500.0,2046000.0,0,0,0,0,0,0,0,0,0,0,0,0,0,0,0,0,0,34,2026-02-04 03:43:19.615801
SPNG,24.71,24.71,25.41,2234400.0,2111100.0,0,0,0,0,0,0,0,0,0,0,0,0,0,0,0,0,0,35,2026-02-04 03:43:20.654932
SMMR,25.06,25.0,25.06,2477300.0,2300100.0,0,0,0,0,0,0,0,0,0,0,0,0,0,0,0,0,0,35,2026-02-04 03:43:20.654932
ATMN,24.7,24.7,25.16,2403400.0,2180900.0,0,0,0,0,0,0,0,0,0,0,0,0,0,0,0,0,0,35,2026-02-04 03:43:20.654932
WNTR,25.08,25.02,25.08,2069000.0,2022700.0,0,0,0,0,0,0,0,0,0,0,0,0,0,0,0,0,0,35,2026-02-04 03:43:20.654932
SPNG,24.72,24.71,25.37,2234400.0,2078900.0,0,0,0,0,0,0,0,0,0,0,0,0,0,0,0,0,0,36,2026-02-04 03:43:21.693236
SMMR,25.08,25.08,25.13,2464200.0,2317000.0,0,0,0,0,0,0,0,0,0,0,0,0,0,0,0,0,0,36,2026-02-04 03:43:21.693236
ATMN,24.68,24.68,25.16,2418600.0,2193700.0,0,0,0,0,0,0,0,0,0,0,0,0,0,0,0,0,0,36,2026-02-04 03:43:21.693236
WNTR,24.99,24.99,25.08,2099200.0,2016500.0,0,0,0,0,0,0,0,0,0,0,0,0,0,0,0,0,0,36,2026-02-04 03:43:21.693236
SPNG,25.01,24.71,25.01,2251400.0,2087700.0,0,0,0,0,0,0,0,0,0,0,0,0,0,0,0,0,0,37,2026-02-04 03:43:22.738809
SMMR,24.89,24.89,25.13,2473700.0,2359100.0,0,0,0,0,0,0,0,0,0,0,0,0,0,0,0,0,0,37,2026-02-04 03:43:22.738809
ATMN,24.72,24.89,25.16,2409900.0,2193700.0,0,0,0,0,0,0,0,0,0,0,0,0,0,0,0,0,0,37,2026-02-04 03:43:22.738809
WNTR,24.96,24.93,24.95,2082700.0,1988200.0,0,0,0,0,0,0,0,0,0,0,0,0,0,0,0,0,0,37,2026-02-04 03:43:22.738809
SPNG,24.97,24.97,25.0,2246500.0,10000.0,1994600.0,,0,0,0,0,0,0,0,0,0,0,0,0,0,0,0,38,2026-02-04 03:43:23.773749
SMMR,25.12,24.9,24.94,2363200.0,,2330900.0,5000.0,0,0,0,0,0,0,0,0,0,0,0,0,0,0,0,38,2026-02-04 03:43:23.773749
ATMN,24.68,24.68,24.94,2386100.0,4700.0,2106900.0,,0,0,0,0,0,0,0,0,0,0,0,0,0,0,0,38,2026-02-04 03:43:23.773749
WNTR,25.08,24.93,25.08,2078900.0,,2000700.0,,0,0,0,0,0,0,0,0,0,0,0,0,0,0,0,38,2026-02-04 03:43:23.773749
SPNG,24.8,24.72,24.8,10000.0,2116300.0,2087000.0,0,0,0,0,0,0,0,0,0,0,0,0,0,0,0,0,39,2026-02-04 03:43:24.816693
SMMR,25.12,24.9,24.94,5000.0,2348900.0,2340500.0,0,0,0,0,0,0,0,0,0,0,0,0,0,0,0,0,39,2026-02-04 03:43:24.816693
ATMN,24.68,24.68,24.94,,2358400.0,2198400.0,0,0,0,0,0,0,0,0,0,0,0,0,0,0,0,0,39,2026-02-04 03:43:24.816693
WNTR,25.08,24.93,25.0,,2087200.0,1977200.0,0,0,0,0,0,0,0,0,0,0,0,0,0,0,0,0,39,2026-02-04 03:43:24.816693
SPNG,25.41,24.71,25.41,2245400.0,2090900.0,,0,0,0,0,0,0,0,0,0,0,0,0,0,0,0,0,40,2026-02-04 03:43:25.849826
SMMR,24.9,24.89,24.9,2477200.0,2344400.0,,0,0,0,0,0,0,0,0,0,0,0,0,0,0,0,0,40,2026-02-04 03:43:25.849826
ATMN,24.68,24.68,24.93,2393500.0,2033200.0,10000.0,0,0,0,0,0,0,0,0,0,0,0,0,0,0,0,0,40,2026-02-04 03:43:25.849826
WNTR,25.0,24.93,25.0,2087200.0,1977200.0,,0,0,0,0,0,0,0,0,0,0,0,0,0,0,0,0,40,2026-02-04 03:43:25.849826
SPNG,25.41,24.72,25.31,10000.0,2131900.0,2095200.0,0,0,0,0,0,0,0,0,0,0,0,0,0,0,0,0,41,2026-02-04 03:43:26.894894
SMMR,24.96,24.92,24.96,,2475900.0,2353500.0,0,0,0,0,0,0,0,0,0,0,0,0,0,0,0,0,41,2026-02-04 03:43:26.894894
ATMN,24.67,24.67,24.94,,2377900.0,2166600.0,0,0,0,0,0,0,0,0,0,0,0,0,0,0,0,0,41,2026-02-04 03:43:26.894894
WNTR,25.09,25.07,25.09,10000.0,1971700.0,2035800.0,0,0,0,0,0,0,0,0,0,0,0,0,0,0,0,0,41,2026-02-04 03:43:26.894894
SPNG,24.97,25.12,25.24,2098000.0,10000.0,2096400.0,0,0,0,0,0,0,0,0,0,0,0,0,0,0,0,0,42,2026-02-04 03:43:27.943037
SMMR,24.96,24.92,24.96,2460300.0,,2353500.0,0,0,0,0,0,0,0,0,0,0,0,0,0,0,0,0,42,2026-02-04 03:43:27.943037
ATMN,24.66,24.66,24.93,2366100.0,,2184900.0,0,0,0,0,0,0,0,0,0,0,0,0,0,0,0,0,42,2026-02-04 03:43:27.943037
WNTR,25.1,25.07,25.1,2065500.0,,1997800.0,0,0,0,0,0,0,0,0,0,0,0,0,0,0,0,0,42,2026-02-04 03:43:27.943037
SPNG,24.65,24.65,25.24,2228700.0,2083500.0,,,0,0,0,0,0,0,0,0,0,0,0,0,0,0,0,43,2026-02-04 03:43:28.983316
SMMR,25.16,24.92,25.16,2477300.0,2301400.0,,,0,0,0,0,0,0,0,0,0,0,0,0,0,0,0,43,2026-02-04 03:43:28.983316
ATMN,24.65,24.85,24.92,2347700.0,2069200.0,5000.0,,0,0,0,0,0,0,0,0,0,0,0,0,0,0,0,43,2026-02-04 03:43:28.983316
WNTR,24.93,25.05,25.1,1951800.0,1997800.0,,5000.0,0,0,0,0,0,0,0,0,0,0,0,0,0,0,0,43,2026-02-04 03:43:28.983316
SPNG,25.13,24.7,24.87,2223000.0,2105800.0,,0,0,0,0,0,0,0,0,0,0,0,0,0,0,0,0,44,2026-02-04 03:43:30.033013
SMMR,25.16,24.92,24.93,2473600.0,2304700.0,,0,0,0,0,0,0,0,0,0,0,0,0,0,0,0,0,44,2026-02-04 03:43:30.033013
ATMN,24.65,24.65,24.9,2349600.0,2112600.0,10000.0,0,0,0,0,0,0,0,0,0,0,0,0,0,0,0,0,44,2026-02-04 03:43:30.033013
WNTR,25.1,25.05,25.1,2059200.0,1989300.0,,0,0,0,0,0,0,0,0,0,0,0,0,0,0,0,0,44,2026-02-04 03:43:30.033013
SPNG,24.87,24.91,25.23,2204500.0,2077700.0,,0,0,0,0,0,0,0,0,0,0,0,0,0,0,0,0,45,2026-02-04 03:43:31.061816
SMMR,24.89,24.89,25.16,2506300.0,2320500.0,,0,0,0,0,0,0,0,0,0,0,0,0,0,0,0,0,45,2026-02-04 03:43:31.061816
ATMN,24.65,24.65,24.88,2322700.0,2102800.0,10000.0,0,0,0,0,0,0,0,0,0,0,0,0,0,0,0,0,45,2026-02-04 03:43:31.061816
WNTR,25.12,25.07,25.12,2044300.0,2010400.0,,0,0,0,0,0,0,0,0,0,0,0,0,0,0,0,0,45,2026-02-04 03:43:31.061816
SPNG,24.91,24.7,24.82,2191600.0,2081600.0,,,0,0,0,0,0,0,0,0,0,0,0,0,0,0,0,46,2026-02-04 03:43:32.096449
SMMR,24.94,24.94,25.16,2391500.0,2216300.0,10000.0,5000.0,0,0,0,0,0,0,0,0,0,0,0,0,0,0,0,46,2026-02-04 03:43:32.096449
ATMN,24.62,24.62,24.84,2332800.0,2142600.0,,10000.0,0,0,0,0,0,0,0,0,0,0,0,0,0,0,0,46,2026-02-04 03:43:32.096449
WNTR,25.12,25.08,25.12,1911500.0,2001800.0,10000.0,,0,0,0,0,0,0,0,0,0,0,0,0,0,0,0,46,2026-02-04 03:43:32.096449
SPNG,24.91,24.7,24.82,2191600.0,2081600.0,,,0,0,0,0,0,0,0,0,0,0,0,0,0,0,0,47,2026-02-04 03:43:33.133679
SMMR,24.89,24.87,24.89,2492100.0,2199900.0,10000.0,,0,0,0,0,0,0,0,0,0,0,0,0,0,0,0,47,2026-02-04 03:43:33.133679
ATMN,24.6,24.6,24.82,2331300.0,2142600.0,10000.0,,0,0,0,0,0,0,0,0,0,0,0,0,0,0,0,47,2026-02-04 03:43:33.133679
WNTR,25.15,25.09,25.15,1936000.0,1989200.0,,10000.0,0,0,0,0,0,0,0,0,0,0,0,0,0,0,0,47,2026-02-04 03:43:33.133679
SPNG,24.81,24.81,24.82,2222800.0,2081600.0,,0,0,0,0,0,0,0,0,0,0,0,0,0,0,0,0,48,2026-02-04 03:43:34.171914
SMMR,24.96,25.11,25.17,2427600.0,2337400.0,,0,0,0,0,0,0,0,0,0,0,0,0,0,0,0,0,48,2026-02-04 03:43:34.171914
ATMN,24.62,24.62,24.81,2335900.0,2142600.0,10000.0,0,0,0,0,0,0,0,0,0,0,0,0,0,0,0,0,48,2026-02-04 03:43:34.171914
WNTR,25.18,25.07,25.18,2044300.0,1976900.0,,0,0,0,0,0,0,0,0,0,0,0,0,0,0,0,0,48,2026-02-04 03:43:34.171914
SPNG,24.82,24.85,25.11,2196700.0,2106800.0,,0,0,0,0,0,0,0,0,0,0,0,0,0,0,0,0,49,2026-02-04 03:43:34.704066
SMMR,25.11,25.11,25.17,2427600.0,2337400.0,,0,0,0,0,0,0,0,0,0,0,0,0,0,0,0,0,49,2026-02-04 03:43:34.704066
ATMN,24.93,24.62,24.65,2335900.0,2201100.0,,0,0,0,0,0,0,0,0,0,0,0,0,0,0,0,0,49,2026-02-04 03:43:34.704066
WNTR,25.18,25.08,25.18,1946400.0,1955900.0,10000.0,0,0,0,0,0,0,0,0,0,0,0,0,0,0,0,0,49,2026-02-04 03:43:34.704066
SPNG,24.85,24.85,25.11,2190500.0,2106800.0,,,0,0,0,0,0,0,0,0,0,0,0,0,0,0,0,50,2026-02-04 03:43:35.744572
SMMR,25.09,24.98,25.0,2336700.0,2204100.0,5000.0,5000.0,0,0,0,0,0,0,0,0,0,0,0,0,0,0,0,50,2026-02-04 03:43:35.744572
ATMN,24.58,24.58,24.65,2365900.0,2215900.0,,,0,0,0,0,0,0,0,0,0,0,0,0,0,0,0,50,2026-02-04 03:43:35.744572
WNTR,25.07,25.1,25.11,2042000.0,1972400.0,,,0,0,0,0,0,0,0,0,0,0,0,0,0,0,0,50,2026-02-04 03:43:35.744572
SPNG,25.24,24.85,25.24,2196600.0,2086700.0,,,0,0,0,0,0,0,0,0,0,0,0,0,0,0,0,51,2026-02-04 03:43:36.786905
SMMR,24.87,24.94,24.99,2323200.0,2187500.0,2300.0,2700.0,0,0,0,0,0,0,0,0,0,0,0,0,0,0,0,51,2026-02-04 03:43:36.786905
ATMN,24.57,24.57,24.85,2347900.0,2208700.0,,,0,0,0,0,0,0,0,0,0,0,0,0,0,0,0,51,2026-02-04 03:43:36.786905
WNTR,25.11,25.08,25.11,2059600.0,1972400.0,,,0,0,0,0,0,0,0,0,0,0,0,0,0,0,0,51,2026-02-04 03:43:36.786905
SPNG,24.74,24.86,25.07,10000.0,2066300.0,2114100.0,,0,0,0,0,0,0,0,0,0,0,0,0,0,0,0,52,2026-02-04 03:43:37.825139
SMMR,25.0,24.95,25.0,10000.0,2324400.0,2316600.0,,0,0,0,0,0,0,0,0,0,0,0,0,0,0,0,52,2026-02-04 03:43:37.825139
ATMN,24.55,24.55,24.84,,2336100.0,2134400.0,7700.0,0,0,0,0,0,0,0,0,0,0,0,0,0,0,0,52,2026-02-04 03:43:37.825139
WNTR,25.12,25.1,25.12,,2031800.0,1967100.0,,0,0,0,0,0,0,0,0,0,0,0,0,0,0,0,52,2026-02-04 03:43:37.825139
SPNG,25.07,25.11,25.24,2174900.0,2086400.0,,0,0,0,0,0,0,0,0,0,0,0,0,0,0,0,0,53,2026-02-04 03:43:38.862241
SMMR,25.0,24.94,25.0,2428300.0,2268900.0,,0,0,0,0,0,0,0,0,0,0,0,0,0,0,0,0,53,2026-02-04 03:43:38.862241
ATMN,24.5,24.5,24.85,2313500.0,2250100.0,,0,0,0,0,0,0,0,0,0,0,0,0,0,0,0,0,53,2026-02-04 03:43:38.862241
WNTR,25.17,25.1,25.16,2007100.0,1851800.0,2700.0,0,0,0,0,0,0,0,0,0,0,0,0,0,0,0,0,53,2026-02-04 03:43:38.862241
SPNG,24.74,24.74,25.24,2181100.0,2101400.0,,,0,0,0,0,0,0,0,0,0,0,0,0,0,0,0,54,2026-02-04 03:43:39.907563
SMMR,24.91,24.87,24.88,2435100.0,2277100.0,,,0,0,0,0,0,0,0,0,0,0,0,0,0,0,0,54,2026-02-04 03:43:39.907563
ATMN,24.89,24.5,24.84,2338000.0,2127700.0,7700.0,,0,0,0,0,0,0,0,0,0,0,0,0,0,0,0,54,2026-02-04 03:43:39.907563
WNTR,25.17,25.14,25.15,1964500.0,1851800.0,2700.0,10000.0,0,0,0,0,0,0,0,0,0,0,0,0,0,0,0,54,2026-02-04 03:43:39.907563
SPNG,24.72,24.72,25.29,2187300.0,2111100.0,,0,0,0,0,0,0,0,0,0,0,0,0,0,0,0,0,55,2026-02-04 03:43:40.948172
SMMR,25.06,24.87,25.06,2435100.0,2233800.0,,0,0,0,0,0,0,0,0,0,0,0,0,0,0,0,0,55,2026-02-04 03:43:40.948172
ATMN,24.48,24.48,24.57,2325000.0,2127500.0,7700.0,0,0,0,0,0,0,0,0,0,0,0,0,0,0,0,0,55,2026-02-04 03:43:40.948172
WNTR,25.18,25.1,25.18,2021300.0,1936200.0,,0,0,0,0,0,0,0,0,0,0,0,0,0,0,0,0,55,2026-02-04 03:43:40.948172
SPNG,24.72,24.72,25.29,2187300.0,2107100.0,,,0,0,0,0,0,0,0,0,0,0,0,0,0,0,0,56,2026-02-04 03:43:41.999597
SMMR,25.06,24.88,25.05,2342100.0,2138800.0,10000.0,10000.0,0,0,0,0,0,0,0,0,0,0,0,0,0,0,0,56,2026-02-04 03:43:41.999597
ATMN,24.56,24.73,24.77,2221700.0,2148900.0,5000.0,5000.0,0,0,0,0,0,0,0,0,0,0,0,0,0,0,0,56,2026-02-04 03:43:41.999597
WNTR,25.19,25.1,25.19,2021300.0,1978900.0,,,0,0,0,0,0,0,0,0,0,0,0,0,0,0,0,56,2026-02-04 03:43:41.999597
SPNG,25.3,24.7,25.3,2221200.0,2112000.0,,,0,0,0,0,0,0,0,0,0,0,0,0,0,0,0,57,2026-02-04 03:43:43.037913
SMMR,25.08,24.94,25.08,2327000.0,2218600.0,10000.0,,0,0,0,0,0,0,0,0,0,0,0,0,0,0,0,57,2026-02-04 03:43:43.037913
ATMN,24.72,24.48,24.65,2325000.0,2132700.0,,5000.0,0,0,0,0,0,0,0,0,0,0,0,0,0,0,0,57,2026-02-04 03:43:43.037913
WNTR,25.19,25.1,25.19,2049700.0,1983000.0,,,0,0,0,0,0,0,0,0,0,0,0,0,0,0,0,57,2026-02-04 03:43:43.037913
SPNG,24.65,24.82,25.3,2209800.0,2112000.0,0,0,0,0,0,0,0,0,0,0,0,0,0,0,0,0,0,58,2026-02-04 03:43:44.076638
SMMR,25.08,24.87,25.08,2432300.0,2218600.0,0,0,0,0,0,0,0,0,0,0,0,0,0,0,0,0,0,58,2026-02-04 03:43:44.076638
ATMN,24.68,24.48,24.68,2317400.0,2255900.0,0,0,0,0,0,0,0,0,0,0,0,0,0,0,0,0,0,58,2026-02-04 03:43:44.076638
WNTR,25.2,25.1,25.2,2049700.0,1949700.0,0,0,0,0,0,0,0,0,0,0,0,0,0,0,0,0,0,58,2026-02-04 03:43:44.076638
SPNG,24.65,24.97,25.3,2229700.0,2092700.0,0,0,0,0,0,0,0,0,0,0,0,0,0,0,0,0,0,59,2026-02-04 03:43:45.112558
SMMR,25.06,24.91,25.02,2456700.0,2238100.0,0,0,0,0,0,0,0,0,0,0,0,0,0,0,0,0,0,59,2026-02-04 03:43:45.112558
ATMN,24.48,24.59,24.68,2305000.0,2255400.0,0,0,0,0,0,0,0,0,0,0,0,0,0,0,0,0,0,59,2026-02-04 03:43:45.112558
WNTR,25.2,25.1,25.2,2029200.0,1949700.0,0,0,0,0,0,0,0,0,0,0,0,0,0,0,0,0,0,59,2026-02-04 03:43:45.112558
SPNG,25.1,23.78,0.0,200000.0,,0,0,0,0,0,0,0,0,0,0,0,0,0,0,0,0,0,60,2026-02-04 03:43:46.146828
SMMR,25.06,24.19,0.0,200000.0,,0,0,0,0,0,0,0,0,0,0,0,0,0,0,0,0,0,60,2026-02-04 03:43:46.146828
ATMN,24.69,25.4,26.1,1094600.0,817900.0,0,0,0,0,0,0,0,0,0,0,0,0,0,0,0,0,0,60,2026-02-04 03:43:46.146828
WNTR,25.2,24.51,24.68,834500.0,823200.0,0,0,0,0,0,0,0,0,0,0,0,0,0,0,0,0,0,60,2026-02-04 03:43:46.146828
SPNG,22.72,22.72,24.59,1063500.0,892700.0,0,0,0,0,0,0,0,0,0,0,0,0,0,0,0,0,0,61,2026-02-04 03:43:47.175272
SMMR,25.06,24.49,24.96,942900.0,1214900.0,0,0,0,0,0,0,0,0,0,0,0,0,0,0,0,0,0,61,2026-02-04 03:43:47.175272
ATMN,25.4,25.4,25.62,1221200.0,908400.0,0,0,0,0,0,0,0,0,0,0,0,0,0,0,0,0,0,61,2026-02-04 03:43:47.175272
WNTR,24.44,24.44,24.5,837400.0,946800.0,0,0,0,0,0,0,0,0,0,0,0,0,0,0,0,0,0,61,2026-02-04 03:43:47.175272
SPNG,22.72,23.74,23.85,1280900.0,1012900.0,0,0,0,0,0,0,0,0,0,0,0,0,0,0,0,0,0,62,2026-02-04 03:43:48.212333
SMMR,24.49,24.49,24.69,942900.0,1458200.0,0,0,0,0,0,0,0,0,0,0,0,0,0,0,0,0,0,62,2026-02-04 03:43:48.212333
ATMN,25.62,25.7,25.85,1352700.0,1018600.0,0,0,0,0,0,0,0,0,0,0,0,0,0,0,0,0,0,62,2026-02-04 03:43:48.212333
WNTR,24.16,24.24,24.5,945900.0,946800.0,0,0,0,0,0,0,0,0,0,0,0,0,0,0,0,0,0,62,2026-02-04 03:43:48.212333
SPNG,23.49,22.72,23.21,1230400.0,1030000.0,0,0,0,0,0,0,0,0,0,0,0,0,0,0,0,0,0,63,2026-02-04 03:43:49.243157
SMMR,24.43,24.43,24.49,929900.0,1728000.0,0,0,0,0,0,0,0,0,0,0,0,0,0,0,0,0,0,63,2026-02-04 03:43:49.243157
ATMN,25.64,25.69,25.85,1310500.0,1137700.0,0,0,0,0,0,0,0,0,0,0,0,0,0,0,0,0,0,63,2026-02-04 03:43:49.243157
WNTR,24.5,24.34,24.5,1033600.0,1143200.0,0,0,0,0,0,0,0,0,0,0,0,0,0,0,0,0,0,63,2026-02-04 03:43:49.243157
SPNG,23.22,23.22,24.03,1625600.0,1024000.0,,0,0,0,0,0,0,0,0,0,0,0,0,0,0,0,0,64,2026-02-04 03:43:50.280759
SMMR,24.19,24.19,24.47,983200.0,1829700.0,5000.0,0,0,0,0,0,0,0,0,0,0,0,0,0,0,0,0,64,2026-02-04 03:43:50.280759
ATMN,25.4,24.99,25.27,1121200.0,1540700.0,10000.0,0,0,0,0,0,0,0,0,0,0,0,0,0,0,0,0,64,2026-02-04 03:43:50.280759
WNTR,24.61,24.24,24.38,945900.0,1107200.0,,0,0,0,0,0,0,0,0,0,0,0,0,0,0,0,0,64,2026-02-04 03:43:50.280759
SPNG,24.03,23.9,24.03,1743700.0,10000.0,1024000.0,,0,0,0,0,0,0,0,0,0,0,0,0,0,0,0,65,2026-02-04 03:43:50.806156
SMMR,24.19,24.35,24.46,1126800.0,,1829700.0,5000.0,0,0,0,0,0,0,0,0,0,0,0,0,0,0,0,65,2026-02-04 03:43:50.806156
ATMN,25.27,25.48,25.78,1377700.0,,1439300.0,,0,0,0,0,0,0,0,0,0,0,0,0,0,0,0,65,2026-02-04 03:43:50.806156
WNTR,24.61,24.28,24.37,1146600.0,,1107200.0,10000.0,0,0,0,0,0,0,0,0,0,0,0,0,0,0,0,65,2026-02-04 03:43:50.806156
SPNG,24.03,23.9,23.95,1743700.0,1351200.0,,0,0,0,0,0,0,0,0,0,0,0,0,0,0,0,0,66,2026-02-04 03:43:51.849119
SMMR,24.19,24.06,24.07,1015100.0,2062100.0,5000.0,0,0,0,0,0,0,0,0,0,0,0,0,0,0,0,0,66,2026-02-04 03:43:51.849119
ATMN,25.48,25.48,25.58,1493000.0,1572600.0,10000.0,0,0,0,0,0,0,0,0,0,0,0,0,0,0,0,0,66,2026-02-04 03:43:51.849119
WNTR,24.38,24.38,24.61,1612700.0,1019600.0,,0,0,0,0,0,0,0,0,0,0,0,0,0,0,0,0,66,2026-02-04 03:43:51.849119
SPNG,23.97,23.91,23.94,5000.0,1493800.0,10000.0,1259600.0,0,0,0,0,0,0,0,0,0,0,0,0,0,0,0,67,2026-02-04 03:43:52.885345
SMMR,24.3,24.22,24.28,,1124200.0,,2079400.0,0,0,0,0,0,0,0,0,0,0,0,0,0,0,0,67,2026-02-04 03:43:52.885345
ATMN,24.99,24.99,25.78,,1373500.0,,1439300.0,0,0,0,0,0,0,0,0,0,0,0,0,0,0,0,67,2026-02-04 03:43:52.885345
WNTR,24.38,24.38,24.61,,1612700.0,,1338900.0,0,0,0,0,0,0,0,0,0,0,0,0,0,0,0,67,2026-02-04 03:43:52.885345
SPNG,23.97,23.05,23.97,1843900.0,1259600.0,,,0,0,0,0,0,0,0,0,0,0,0,0,0,0,0,68,2026-02-04 03:43:53.925760
SMMR,23.91,23.91,24.27,1018100.0,2219400.0,5000.0,,0,0,0,0,0,0,0,0,0,0,0,0,0,0,0,68,2026-02-04 03:43:53.925760
ATMN,25.78,25.0,25.78,1373500.0,1439300.0,,10000.0,0,0,0,0,0,0,0,0,0,0,0,0,0,0,0,68,2026-02-04 03:43:53.925760
WNTR,24.43,24.38,24.43,1803600.0,1422500.0,,,0,0,0,0,0,0,0,0,0,0,0,0,0,0,0,68,2026-02-04 03:43:53.925760
SPNG,24.03,23.47,23.95,2067200.0,5000.0,1152800.0,0,0,0,0,0,0,0,0,0,0,0,0,0,0,0,0,69,2026-02-04 03:43:54.968061
SMMR,23.91,24.22,24.27,1250300.0,,2326900.0,0,0,0,0,0,0,0,0,0,0,0,0,0,0,0,0,69,2026-02-04 03:43:54.968061
ATMN,24.94,24.94,25.78,1244600.0,,1550000.0,0,0,0,0,0,0,0,0,0,0,0,0,0,0,0,0,69,2026-02-04 03:43:54.968061
WNTR,24.38,24.34,24.35,1781200.0,,1322500.0,0,0,0,0,0,0,0,0,0,0,0,0,0,0,0,0,69,2026-02-04 03:43:54.968061
SPNG,22.96,23.03,24.61,1946200.0,1053800.0,,,0,0,0,0,0,0,0,0,0,0,0,0,0,0,0,70,2026-02-04 03:43:56.002330
SMMR,24.22,24.1,24.14,1142400.0,2282600.0,10000.0,,0,0,0,0,0,0,0,0,0,0,0,0,0,0,0,70,2026-02-04 03:43:56.002330
ATMN,24.94,25.15,25.69,1473400.0,1676000.0,,10000.0,0,0,0,0,0,0,0,0,0,0,0,0,0,0,0,70,2026-02-04 03:43:56.002330
WNTR,24.38,24.34,24.35,1900300.0,1531100.0,,10000.0,0,0,0,0,0,0,0,0,0,0,0,0,0,0,0,70,2026-02-04 03:43:56.002330
SPNG,22.96,23.62,23.96,2046100.0,1283700.0,,,0,0,0,0,0,0,0,0,0,0,0,0,0,0,0,71,2026-02-04 03:43:57.038885
SMMR,24.14,24.1,24.12,1406600.0,2282600.0,10000.0,,0,0,0,0,0,0,0,0,0,0,0,0,0,0,0,71,2026-02-04 03:43:57.038885
ATMN,25.15,25.4,25.69,1689400.0,1676000.0,,10000.0,0,0,0,0,0,0,0,0,0,0,0,0,0,0,0,71,2026-02-04 03:43:57.038885
WNTR,24.36,24.34,24.36,2019400.0,1444700.0,,10000.0,0,0,0,0,0,0,0,0,0,0,0,0,0,0,0,71,2026-02-04 03:43:57.038885
SPNG,24.04,23.62,23.74,2046100.0,1545200.0,,0,0,0,0,0,0,0,0,0,0,0,0,0,0,0,0,72,2026-02-04 03:43:58.080262
SMMR,24.1,24.1,24.36,1406600.0,2215300.0,,0,0,0,0,0,0,0,0,0,0,0,0,0,0,0,0,72,2026-02-04 03:43:58.080262
ATMN,25.85,25.19,25.85,1599400.0,1437000.0,10000.0,0,0,0,0,0,0,0,0,0,0,0,0,0,0,0,0,72,2026-02-04 03:43:58.080262
WNTR,24.36,24.46,24.67,1951300.0,1324100.0,10000.0,0,0,0,0,0,0,0,0,0,0,0,0,0,0,0,0,72,2026-02-04 03:43:58.080262
SPNG,24.12,23.84,23.99,2294500.0,5000.0,1514900.0,0,0,0,0,0,0,0,0,0,0,0,0,0,0,0,0,73,2026-02-04 03:43:59.128449
SMMR,24.07,24.07,24.26,1282300.0,,2328700.0,0,0,0,0,0,0,0,0,0,0,0,0,0,0,0,0,73,2026-02-04 03:43:59.128449
ATMN,25.36,25.21,25.23,1599400.0,10000.0,1530100.0,0,0,0,0,0,0,0,0,0,0,0,0,0,0,0,0,73,2026-02-04 03:43:59.128449
WNTR,24.67,24.46,24.67,1951300.0,,1605400.0,0,0,0,0,0,0,0,0,0,0,0,0,0,0,0,0,73,2026-02-04 03:43:59.128449
SPNG,23.84,23.84,23.99,2513500.0,1514900.0,0,0,0,0,0,0,0,0,0,0,0,0,0,0,0,0,0,74,2026-02-04 03:44:00.171786
SMMR,24.26,24.11,24.26,1393800.0,2353100.0,0,0,0,0,0,0,0,0,0,0,0,0,0,0,0,0,0,74,2026-02-04 03:44:00.171786
ATMN,25.32,25.81,25.85,1710800.0,1535500.0,0,0,0,0,0,0,0,0,0,0,0,0,0,0,0,0,0,74,2026-02-04 03:44:00.171786
WNTR,24.46,24.32,24.44,1828000.0,1895800.0,0,0,0,0,0,0,0,0,0,0,0,0,0,0,0,0,0,74,2026-02-04 03:44:00.171786
SPNG,23.76,23.76,23.99,2491700.0,1514900.0,0,0,0,0,0,0,0,0,0,0,0,0,0,0,0,0,0,75,2026-02-04 03:44:01.216679
SMMR,24.36,24.11,24.36,1605000.0,2328300.0,0,0,0,0,0,0,0,0,0,0,0,0,0,0,0,0,0,75,2026-02-04 03:44:01.216679
ATMN,25.81,25.29,25.35,1724200.0,1749600.0,0,0,0,0,0,0,0,0,0,0,0,0,0,0,0,0,0,75,2026-02-04 03:44:01.216679
WNTR,24.51,24.49,24.51,2004900.0,1876900.0,0,0,0,0,0,0,0,0,0,0,0,0,0,0,0,0,0,75,2026-02-04 03:44:01.216679
SPNG,23.62,23.62,24.12,2548800.0,1417500.0,,,0,0,0,0,0,0,0,0,0,0,0,0,0,0,0,76,2026-02-04 03:44:02.268417
SMMR,24.18,24.11,24.18,1605000.0,2275100.0,10000.0,,0,0,0,0,0,0,0,0,0,0,0,0,0,0,0,76,2026-02-04 03:44:02.268417
ATMN,25.35,25.48,25.69,1952300.0,1743800.0,,10000.0,0,0,0,0,0,0,0,0,0,0,0,0,0,0,0,76,2026-02-04 03:44:02.268417
WNTR,24.51,24.32,24.51,1921900.0,1876900.0,,,0,0,0,0,0,0,0,0,0,0,0,0,0,0,0,76,2026-02-04 03:44:02.268417
SPNG,24.07,23.38,24.07,2542500.0,1507900.0,,,0,0,0,0,0,0,0,0,0,0,0,0,0,0,0,77,2026-02-04 03:44:03.304991
SMMR,24.11,24.11,24.3,1605000.0,2255700.0,10000.0,,0,0,0,0,0,0,0,0,0,0,0,0,0,0,0,77,2026-02-04 03:44:03.304991
ATMN,25.35,25.49,25.55,2175700.0,1866200.0,,10000.0,0,0,0,0,0,0,0,0,0,0,0,0,0,0,0,77,2026-02-04 03:44:03.304991
WNTR,24.56,24.41,24.56,2033500.0,1709600.0,,10000.0,0,0,0,0,0,0,0,0,0,0,0,0,0,0,0,77,2026-02-04 03:44:03.304991
SPNG,24.07,23.57,23.65,2668700.0,1753800.0,,0,0,0,0,0,0,0,0,0,0,0,0,0,0,0,0,78,2026-02-04 03:44:04.352502
SMMR,24.36,24.11,24.17,1605000.0,2387100.0,,0,0,0,0,0,0,0,0,0,0,0,0,0,0,0,0,78,2026-02-04 03:44:04.352502
ATMN,25.35,25.49,25.55,2175700.0,2086400.0,10000.0,0,0,0,0,0,0,0,0,0,0,0,0,0,0,0,0,78,2026-02-04 03:44:04.352502
WNTR,24.55,24.55,24.56,2141400.0,1807000.0,,0,0,0,0,0,0,0,0,0,0,0,0,0,0,0,0,78,2026-02-04 03:44:04.352502
SPNG,24.07,23.61,23.65,2327300.0,10000.0,1753800.0,0,0,0,0,0,0,0,0,0,0,0,0,0,0,0,0,79,2026-02-04 03:44:05.384612
SMMR,24.1,24.1,24.17,1493500.0,,2403100.0,0,0,0,0,0,0,0,0,0,0,0,0,0,0,0,0,79,2026-02-04 03:44:05.384612
ATMN,25.48,25.34,25.36,2150400.0,,2101800.0,0,0,0,0,0,0,0,0,0,0,0,0,0,0,0,0,79,2026-02-04 03:44:05.384612
WNTR,24.68,24.41,24.5,2033500.0,10000.0,1666700.0,0,0,0,0,0,0,0,0,0,0,0,0,0,0,0,0,79,2026-02-04 03:44:05.384612
SPNG,23.65,23.84,24.07,2390000.0,1636800.0,0,0,0,0,0,0,0,0,0,0,0,0,0,0,0,0,0,80,2026-02-04 03:44:05.917898
SMMR,24.29,24.29,24.35,1532900.0,2381300.0,0,0,0,0,0,0,0,0,0,0,0,0,0,0,0,0,0,80,2026-02-04 03:44:05.917898
ATMN,25.53,25.34,25.53,2262700.0,2090900.0,0,0,0,0,0,0,0,0,0,0,0,0,0,0,0,0,0,80,2026-02-04 03:44:05.917898
WNTR,24.5,24.54,24.68,2033300.0,1677000.0,0,0,0,0,0,0,0,0,0,0,0,0,0,0,0,0,0,80,2026-02-04 03:44:05.917898
SPNG,24.21,23.84,24.18,2394500.0,1634000.0,10000.0,0,0,0,0,0,0,0,0,0,0,0,0,0,0,0,0,81,2026-02-04 03:44:06.958003
SMMR,24.29,24.07,24.27,1647600.0,2303300.0,10000.0,0,0,0,0,0,0,0,0,0,0,0,0,0,0,0,0,81,2026-02-04 03:44:06.958003
ATMN,25.52,25.34,25.44,2262700.0,2096600.0,,0,0,0,0,0,0,0,0,0,0,0,0,0,0,0,0,81,2026-02-04 03:44:06.958003
WNTR,24.31,24.31,24.57,1811200.0,1881400.0,,0,0,0,0,0,0,0,0,0,0,0,0,0,0,0,0,81,2026-02-04 03:44:06.958003
SPNG,23.76,23.76,24.16,2457400.0,1726000.0,0,0,0,0,0,0,0,0,0,0,0,0,0,0,0,0,0,82,2026-02-04 03:44:07.991573
SMMR,24.29,24.07,24.08,1784000.0,2440200.0,0,0,0,0,0,0,0,0,0,0,0,0,0,0,0,0,0,82,2026-02-04 03:44:07.991573
ATMN,25.34,25.34,25.44,2258500.0,2096600.0,0,0,0,0,0,0,0,0,0,0,0,0,0,0,0,0,0,82,2026-02-04 03:44:07.991573
WNTR,24.31,24.41,24.57,2017200.0,1968900.0,0,0,0,0,0,0,0,0,0,0,0,0,0,0,0,0,0,82,2026-02-04 03:44:07.991573
SPNG,24.16,23.61,24.16,2378700.0,1726000.0,,0,0,0,0,0,0,0,0,0,0,0,0,0,0,0,0,83,2026-02-04 03:44:09.028770
SMMR,24.09,24.19,24.27,1913800.0,2284400.0,10000.0,0,0,0,0,0,0,0,0,0,0,0,0,0,0,0,0,83,2026-02-04 03:44:09.028770
ATMN,25.43,25.34,25.44,2526000.0,2096600.0,,0,0,0,0,0,0,0,0,0,0,0,0,0,0,0,0,83,2026-02-04 03:44:09.028770
WNTR,24.29,24.29,24.57,1803300.0,1968900.0,,0,0,0,0,0,0,0,0,0,0,0,0,0,0,0,0,83,2026-02-04 03:44:09.028770
SPNG,23.74,23.7,23.74,2233200.0,5000.0,1820200.0,,0,0,0,0,0,0,0,0,0,0,0,0,0,0,0,84,2026-02-04 03:44:10.067670
SMMR,24.19,24.07,24.14,1784000.0,,2413600.0,,0,0,0,0,0,0,0,0,0,0,0,0,0,0,0,84,2026-02-04 03:44:10.067670
ATMN,25.55,25.35,25.44,2363300.0,1800.0,2087300.0,,0,0,0,0,0,0,0,0,0,0,0,0,0,0,0,84,2026-02-04 03:44:10.067670
WNTR,24.29,24.43,24.53,1995500.0,10000.0,1857000.0,8200.0,0,0,0,0,0,0,0,0,0,0,0,0,0,0,0,84,2026-02-04 03:44:10.067670
SPNG,23.74,23.72,23.74,5000.0,2163600.0,1820200.0,0,0,0,0,0,0,0,0,0,0,0,0,0,0,0,0,85,2026-02-04 03:44:11.116503
SMMR,24.22,24.07,24.22,,1784000.0,2442500.0,0,0,0,0,0,0,0,0,0,0,0,0,0,0,0,0,85,2026-02-04 03:44:11.116503
ATMN,25.44,25.35,25.44,1800.0,2363300.0,2090400.0,0,0,0,0,0,0,0,0,0,0,0,0,0,0,0,0,85,2026-02-04 03:44:11.116503
WNTR,24.42,24.46,24.53,10000.0,2024200.0,1971200.0,0,0,0,0,0,0,0,0,0,0,0,0,0,0,0,0,85,2026-02-04 03:44:11.116503
SPNG,24.6,23.71,23.72,2292300.0,1601900.0,0,0,0,0,0,0,0,0,0,0,0,0,0,0,0,0,0,86,2026-02-04 03:44:12.164642
SMMR,24.17,24.07,24.15,1784000.0,2441000.0,0,0,0,0,0,0,0,0,0,0,0,0,0,0,0,0,0,86,2026-02-04 03:44:12.164642
ATMN,25.29,25.29,25.51,2413700.0,2079000.0,0,0,0,0,0,0,0,0,0,0,0,0,0,0,0,0,0,86,2026-02-04 03:44:12.164642
WNTR,24.42,24.52,24.53,2109800.0,2014400.0,0,0,0,0,0,0,0,0,0,0,0,0,0,0,0,0,0,86,2026-02-04 03:44:12.164642
SPNG,23.7,23.7,24.58,2304600.0,5000.0,1630500.0,0,0,0,0,0,0,0,0,0,0,0,0,0,0,0,0,87,2026-02-04 03:44:13.209513
SMMR,24.0,24.0,24.21,1645100.0,10000.0,2280200.0,0,0,0,0,0,0,0,0,0,0,0,0,0,0,0,0,87,2026-02-04 03:44:13.209513
ATMN,25.29,25.29,25.5,2411100.0,5000.0,1969700.0,0,0,0,0,0,0,0,0,0,0,0,0,0,0,0,0,87,2026-02-04 03:44:13.209513
WNTR,24.28,24.28,24.49,1782600.0,,2031100.0,0,0,0,0,0,0,0,0,0,0,0,0,0,0,0,0,87,2026-02-04 03:44:13.209513
SPNG,23.7,23.7,23.87,2300500.0,1733200.0,10000.0,0,0,0,0,0,0,0,0,0,0,0,0,0,0,0,0,88,2026-02-04 03:44:14.258669
SMMR,24.0,24.0,24.18,1884300.0,2401200.0,,0,0,0,0,0,0,0,0,0,0,0,0,0,0,0,0,88,2026-02-04 03:44:14.258669
ATMN,25.29,25.29,25.49,2491800.0,1975400.0,5000.0,0,0,0,0,0,0,0,0,0,0,0,0,0,0,0,0,88,2026-02-04 03:44:14.258669
WNTR,24.53,24.43,24.53,2073000.0,2014400.0,,0,0,0,0,0,0,0,0,0,0,0,0,0,0,0,0,88,2026-02-04 03:44:14.258669
SPNG,24.6,23.7,24.6,2303300.0,1630500.0,,0,0,0,0,0,0,0,0,0,0,0,0,0,0,0,0,89,2026-02-04 03:44:15.295483
SMMR,24.18,24.0,24.17,2131100.0,2292000.0,10000.0,0,0,0,0,0,0,0,0,0,0,0,0,0,0,0,0,89,2026-02-04 03:44:15.295483
ATMN,25.47,25.5,25.55,2424400.0,2065900.0,,0,0,0,0,0,0,0,0,0,0,0,0,0,0,0,0,89,2026-02-04 03:44:15.295483
WNTR,24.57,24.43,24.57,2073000.0,2027000.0,,0,0,0,0,0,0,0,0,0,0,0,0,0,0,0,0,89,2026-02-04 03:44:15.295483
SPNG,23.71,23.7,23.71,2314500.0,1736300.0,10000.0,,0,0,0,0,0,0,0,0,0,0,0,0,0,0,0,90,2026-02-04 03:44:16.332200
SMMR,24.21,24.2,24.21,2343500.0,2404500.0,,10000.0,0,0,0,0,0,0,0,0,0,0,0,0,0,0,0,90,2026-02-04 03:44:16.332200
ATMN,25.26,25.54,25.55,2435500.0,2065900.0,,,0,0,0,0,0,0,0,0,0,0,0,0,0,0,0,90,2026-02-04 03:44:16.332200
WNTR,24.43,24.43,24.57,2067800.0,2031000.0,,,0,0,0,0,0,0,0,0,0,0,0,0,0,0,0,90,2026-02-04 03:44:16.332200
SPNG,24.21,23.7,24.06,2314500.0,1961900.0,5000.0,,0,0,0,0,0,0,0,0,0,0,0,0,0,0,0,91,2026-02-04 03:44:17.371989
SMMR,24.2,24.2,24.21,2460600.0,2400600.0,,,0,0,0,0,0,0,0,0,0,0,0,0,0,0,0,91,2026-02-04 03:44:17.371989
ATMN,25.54,25.54,25.55,2435500.0,2095100.0,,,0,0,0,0,0,0,0,0,0,0,0,0,0,0,0,91,2026-02-04 03:44:17.371989
WNTR,24.6,24.49,24.6,1929000.0,2020700.0,,5000.0,0,0,0,0,0,0,0,0,0,0,0,0,0,0,0,91,2026-02-04 03:44:17.371989
SPNG,24.06,24.06,24.07,2325000.0,1957400.0,,,0,0,0,0,0,0,0,0,0,0,0,0,0,0,0,92,2026-02-04 03:44:18.417591
SMMR,24.28,24.0,24.28,2248200.0,2415900.0,,,0,0,0,0,0,0,0,0,0,0,0,0,0,0,0,92,2026-02-04 03:44:18.417591
ATMN,25.25,25.25,25.55,2532300.0,2131200.0,,,0,0,0,0,0,0,0,0,0,0,0,0,0,0,0,92,2026-02-04 03:44:18.417591
WNTR,24.43,24.44,24.5,1938500.0,1924700.0,10000.0,5000.0,0,0,0,0,0,0,0,0,0,0,0,0,0,0,0,92,2026-02-04 03:44:18.417591
SPNG,24.06,23.61,24.06,2280600.0,2163100.0,,0,0,0,0,0,0,0,0,0,0,0,0,0,0,0,0,93,2026-02-04 03:44:19.442249
SMMR,24.35,24.26,24.35,2366000.0,2408700.0,10000.0,0,0,0,0,0,0,0,0,0,0,0,0,0,0,0,0,93,2026-02-04 03:44:19.442249
ATMN,25.25,25.25,25.55,2532300.0,2131200.0,,0,0,0,0,0,0,0,0,0,0,0,0,0,0,0,0,93,2026-02-04 03:44:19.442249
WNTR,24.45,24.45,24.5,2055400.0,2031000.0,,0,0,0,0,0,0,0,0,0,0,0,0,0,0,0,0,93,2026-02-04 03:44:19.442249
SPNG,23.61,23.61,24.06,2280600.0,2163100.0,,,0,0,0,0,0,0,0,0,0,0,0,0,0,0,0,94,2026-02-04 03:44:20.468208
SMMR,24.26,24.05,24.25,2362000.0,2405000.0,10000.0,,0,0,0,0,0,0,0,0,0,0,0,0,0,0,0,94,2026-02-04 03:44:20.468208
ATMN,25.21,25.21,25.55,2443900.0,2008800.0,,5000.0,0,0,0,0,0,0,0,0,0,0,0,0,0,0,0,94,2026-02-04 03:44:20.468208
WNTR,24.51,24.57,24.58,1939800.0,2005300.0,10000.0,,0,0,0,0,0,0,0,0,0,0,0,0,0,0,0,94,2026-02-04 03:44:20.468208
SPNG,23.61,23.62,24.06,5000.0,2154300.0,2192000.0,,0,0,0,0,0,0,0,0,0,0,0,0,0,0,0,95,2026-02-04 03:44:20.994912
SMMR,24.36,24.05,24.36,,2484700.0,2346400.0,,0,0,0,0,0,0,0,0,0,0,0,0,0,0,0,95,2026-02-04 03:44:20.994912
ATMN,25.57,25.21,25.54,,2556200.0,2016200.0,5000.0,0,0,0,0,0,0,0,0,0,0,0,0,0,0,0,95,2026-02-04 03:44:20.994912
WNTR,24.37,24.37,24.58,,1977700.0,2016600.0,,0,0,0,0,0,0,0,0,0,0,0,0,0,0,0,95,2026-02-04 03:44:20.994912
SPNG,24.06,23.63,24.06,10000.0,2141600.0,2192000.0,0,0,0,0,0,0,0,0,0,0,0,0,0,0,0,0,96,2026-02-04 03:44:22.028935
SMMR,24.02,24.02,24.32,,2370900.0,2343300.0,0,0,0,0,0,0,0,0,0,0,0,0,0,0,0,0,96,2026-02-04 03:44:22.028935
ATMN,25.28,25.22,25.28,5000.0,2393500.0,2104700.0,0,0,0,0,0,0,0,0,0,0,0,0,0,0,0,0,96,2026-02-04 03:44:22.028935
WNTR,24.35,24.38,24.43,10000.0,1967800.0,2029400.0,0,0,0,0,0,0,0,0,0,0,0,0,0,0,0,0,96,2026-02-04 03:44:22.028935
SPNG,24.24,23.62,23.92,2276800.0,2154300.0,0,0,0,0,0,0,0,0,0,0,0,0,0,0,0,0,0,97,2026-02-04 03:44:23.065126
SMMR,24.37,24.02,24.37,2523800.0,2326500.0,0,0,0,0,0,0,0,0,0,0,0,0,0,0,0,0,0,97,2026-02-04 03:44:23.065126
ATMN,25.59,25.61,25.69,2466000.0,2094800.0,0,0,0,0,0,0,0,0,0,0,0,0,0,0,0,0,0,97,2026-02-04 03:44:23.065126
WNTR,24.43,24.41,24.43,2053000.0,2059300.0,0,0,0,0,0,0,0,0,0,0,0,0,0,0,0,0,0,97,2026-02-04 03:44:23.065126
SPNG,23.92,23.94,24.24,2297900.0,2167100.0,,,0,0,0,0,0,0,0,0,0,0,0,0,0,0,0,98,2026-02-04 03:44:24.102966
SMMR,24.37,24.1,24.24,2356800.0,2209100.0,5000.0,10000.0,0,0,0,0,0,0,0,0,0,0,0,0,0,0,0,98,2026-02-04 03:44:24.102966
ATMN,25.18,25.18,25.69,2556600.0,2140300.0,,,0,0,0,0,0,0,0,0,0,0,0,0,0,0,0,98,2026-02-04 03:44:24.102966
WNTR,24.46,24.41,24.46,2038500.0,2033600.0,,,0,0,0,0,0,0,0,0,0,0,0,0,0,0,0,98,2026-02-04 03:44:24.102966
SPNG,23.44,23.71,24.23,2254600.0,10000.0,2068900.0,0,0,0,0,0,0,0,0,0,0,0,0,0,0,0,0,99,2026-02-04 03:44:25.139182
SMMR,24.25,24.1,24.24,2485200.0,,2353200.0,0,0,0,0,0,0,0,0,0,0,0,0,0,0,0,0,99,2026-02-04 03:44:25.139182
ATMN,25.17,25.17,25.59,2565900.0,,2119200.0,0,0,0,0,0,0,0,0,0,0,0,0,0,0,0,0,99,2026-02-04 03:44:25.139182
WNTR,24.46,24.5,24.58,2007000.0,,2016600.0,0,0,0,0,0,0,0,0,0,0,0,0,0,0,0,0,99,2026-02-04 03:44:25.139182
SPNG,23.68,23.68,24.3,2267000.0,2170600.0,0,0,0,0,0,0,0,0,0,0,0,0,0,0,0,0,0,100,2026-02-04 03:44:26.177376
SMMR,24.22,24.22,24.24,2419500.0,2353200.0,0,0,0,0,0,0,0,0,0,0,0,0,0,0,0,0,0,100,2026-02-04 03:44:26.177376
ATMN,25.17,25.43,25.59,2519500.0,2110000.0,0,0,0,0,0,0,0,0,0,0,0,0,0,0,0,0,0,100,2026-02-04 03:44:26.177376
WNTR,24.54,24.54,24.58,2048000.0,2016600.0,0,0,0,0,0,0,0,0,0,0,0,0,0,0,0,0,0,100,2026-02-04 03:44:26.177376
SPNG,23.68,23.73,24.11,2249600.0,5000.0,2131000.0,0,0,0,0,0,0,0,0,0,0,0,0,0,0,0,0,101,2026-02-04 03:44:27.214506
SMMR,24.22,24.22,24.24,2422200.0,,2400100.0,0,0,0,0,0,0,0,0,0,0,0,0,0,0,0,0,101,2026-02-04 03:44:27.214506
ATMN,25.69,25.43,25.52,2519500.0,,2121000.0,0,0,0,0,0,0,0,0,0,0,0,0,0,0,0,0,101,2026-02-04 03:44:27.214506
WNTR,24.42,24.48,24.58,2064100.0,,2017600.0,0,0,0,0,0,0,0,0,0,0,0,0,0,0,0,0,101,2026-02-04 03:44:27.214506
SPNG,23.73,23.73,24.1,2251000.0,5000.0,2114600.0,,0,0,0,0,0,0,0,0,0,0,0,0,0,0,0,102,2026-02-04 03:44:28.242251
SMMR,24.22,24.22,24.24,2301300.0,,2400100.0,10000.0,0,0,0,0,0,0,0,0,0,0,0,0,0,0,0,102,2026-02-04 03:44:28.242251
ATMN,25.52,25.44,25.52,2330900.0,,2117400.0,10000.0,0,0,0,0,0,0,0,0,0,0,0,0,0,0,0,102,2026-02-04 03:44:28.242251
WNTR,24.48,24.48,24.58,2058200.0,,2017600.0,,0,0,0,0,0,0,0,0,0,0,0,0,0,0,0,102,2026-02-04 03:44:28.242251
SPNG,24.12,24.19,24.3,2137000.0,10000.0,2187100.0,0,0,0,0,0,0,0,0,0,0,0,0,0,0,0,0,103,2026-02-04 03:44:29.289029
SMMR,24.18,24.22,24.24,2307100.0,10000.0,2433600.0,0,0,0,0,0,0,0,0,0,0,0,0,0,0,0,0,103,2026-02-04 03:44:29.289029
ATMN,25.52,25.44,25.52,2283000.0,10000.0,2169300.0,0,0,0,0,0,0,0,0,0,0,0,0,0,0,0,0,103,2026-02-04 03:44:29.289029
WNTR,24.62,24.48,24.62,2058200.0,,2017400.0,0,0,0,0,0,0,0,0,0,0,0,0,0,0,0,0,103,2026-02-04 03:44:29.289029
SPNG,24.19,24.19,24.3,2272100.0,2224600.0,0,0,0,0,0,0,0,0,0,0,0,0,0,0,0,0,0,104,2026-02-04 03:44:30.328183
SMMR,24.24,24.21,24.24,2455100.0,2389900.0,0,0,0,0,0,0,0,0,0,0,0,0,0,0,0,0,0,104,2026-02-04 03:44:30.328183
ATMN,25.69,25.43,25.69,2443800.0,2158300.0,0,0,0,0,0,0,0,0,0,0,0,0,0,0,0,0,0,104,2026-02-04 03:44:30.328183
WNTR,24.42,24.42,24.68,2060300.0,1972600.0,0,0,0,0,0,0,0,0,0,0,0,0,0,0,0,0,0,104,2026-02-04 03:44:30.328183
SPNG,24.19,24.19,24.3,2272100.0,2232600.0,,0,0,0,0,0,0,0,0,0,0,0,0,0,0,0,0,105,2026-02-04 03:44:31.365619
SMMR,24.21,24.21,24.33,2455100.0,2329000.0,,0,0,0,0,0,0,0,0,0,0,0,0,0,0,0,0,105,2026-02-04 03:44:31.365619
ATMN,25.54,25.43,25.46,2394700.0,2167800.0,,0,0,0,0,0,0,0,0,0,0,0,0,0,0,0,0,105,2026-02-04 03:44:31.365619
WNTR,24.42,24.48,24.49,2051600.0,1869300.0,5000.0,0,0,0,0,0,0,0,0,0,0,0,0,0,0,0,0,105,2026-02-04 03:44:31.365619
SPNG,24.19,23.73,24.09,2262500.0,2129700.0,10000.0,,0,0,0,0,0,0,0,0,0,0,0,0,0,0,0,106,2026-02-04 03:44:32.401608
SMMR,24.17,24.19,24.36,2429600.0,2353700.0,,,0,0,0,0,0,0,0,0,0,0,0,0,0,0,0,106,2026-02-04 03:44:32.401608
ATMN,25.71,25.52,25.71,2256200.0,2153900.0,,10000.0,0,0,0,0,0,0,0,0,0,0,0,0,0,0,0,106,2026-02-04 03:44:32.401608
WNTR,24.68,24.48,24.68,2051600.0,1988000.0,,,0,0,0,0,0,0,0,0,0,0,0,0,0,0,0,106,2026-02-04 03:44:32.401608
SPNG,24.09,24.09,24.3,2262900.0,2208600.0,,,0,0,0,0,0,0,0,0,0,0,0,0,0,0,0,107,2026-02-04 03:44:33.452488
SMMR,24.2,24.19,24.2,2429600.0,2249200.0,10000.0,,0,0,0,0,0,0,0,0,0,0,0,0,0,0,0,107,2026-02-04 03:44:33.452488
ATMN,25.43,25.53,25.71,2242900.0,2198100.0,,10000.0,0,0,0,0,0,0,0,0,0,0,0,0,0,0,0,107,2026-02-04 03:44:33.452488
WNTR,24.69,24.6,24.69,2060500.0,1984800.0,,,0,0,0,0,0,0,0,0,0,0,0,0,0,0,0,107,2026-02-04 03:44:33.452488
SPNG,24.09,24.09,24.14,2262900.0,2228600.0,,,0,0,0,0,0,0,0,0,0,0,0,0,0,0,0,108,2026-02-04 03:44:34.487180
SMMR,24.28,24.29,24.35,2299800.0,2267800.0,5000.0,10000.0,0,0,0,0,0,0,0,0,0,0,0,0,0,0,0,108,2026-02-04 03:44:34.487180
ATMN,25.35,25.35,25.71,2369600.0,2213900.0,,,0,0,0,0,0,0,0,0,0,0,0,0,0,0,0,108,2026-02-04 03:44:34.487180
WNTR,24.7,24.6,24.7,2063200.0,2008200.0,,,0,0,0,0,0,0,0,0,0,0,0,0,0,0,0,108,2026-02-04 03:44:34.487180
SPNG,23.44,23.62,24.13,2252800.0,10000.0,2129000.0,,0,0,0,0,0,0,0,0,0,0,0,0,0,0,0,109,2026-02-04 03:44:35.521371
SMMR,24.38,24.28,24.38,2422300.0,,2328000.0,,0,0,0,0,0,0,0,0,0,0,0,0,0,0,0,109,2026-02-04 03:44:35.521371
ATMN,25.35,25.35,25.59,2369600.0,,2228200.0,,0,0,0,0,0,0,0,0,0,0,0,0,0,0,0,109,2026-02-04 03:44:35.521371
WNTR,24.72,24.61,24.72,1970700.0,,1824400.0,5000.0,0,0,0,0,0,0,0,0,0,0,0,0,0,0,0,109,2026-02-04 03:44:35.521371
SPNG,23.44,23.62,24.11,2264800.0,15000.0,2024900.0,0,0,0,0,0,0,0,0,0,0,0,0,0,0,0,0,110,2026-02-04 03:44:36.057712
SMMR,24.16,24.16,24.26,2432300.0,5000.0,2231800.0,0,0,0,0,0,0,0,0,0,0,0,0,0,0,0,0,110,2026-02-04 03:44:36.057712
ATMN,25.35,25.35,25.59,2311300.0,,2240400.0,0,0,0,0,0,0,0,0,0,0,0,0,0,0,0,0,110,2026-02-04 03:44:36.057712
WNTR,24.72,24.55,24.72,2091400.0,,1824400.0,0,0,0,0,0,0,0,0,0,0,0,0,0,0,0,0,110,2026-02-04 03:44:36.057712
SPNG,23.97,23.97,24.29,2253600.0,5000.0,2117100.0,0,0,0,0,0,0,0,0,0,0,0,0,0,0,0,0,111,2026-02-04 03:44:37.094506
SMMR,24.26,24.16,24.25,2432300.0,10000.0,2230800.0,0,0,0,0,0,0,0,0,0,0,0,0,0,0,0,0,111,2026-02-04 03:44:37.094506
ATMN,25.28,25.28,25.59,2351400.0,,2231600.0,0,0,0,0,0,0,0,0,0,0,0,0,0,0,0,0,111,2026-02-04 03:44:37.094506
WNTR,24.56,24.56,24.72,2066400.0,,1824400.0,0,0,0,0,0,0,0,0,0,0,0,0,0,0,0,0,111,2026-02-04 03:44:37.094506
SPNG,23.98,24.1,24.28,2272700.0,5000.0,2117100.0,0,0,0,0,0,0,0,0,0,0,0,0,0,0,0,0,112,2026-02-04 03:44:38.134812
SMMR,24.26,24.16,24.26,2415400.0,,2354700.0,0,0,0,0,0,0,0,0,0,0,0,0,0,0,0,0,112,2026-02-04 03:44:38.134812
ATMN,25.59,25.28,25.31,2327300.0,,2241500.0,0,0,0,0,0,0,0,0,0,0,0,0,0,0,0,0,112,2026-02-04 03:44:38.134812
WNTR,24.56,24.68,24.72,2082600.0,,1824400.0,0,0,0,0,0,0,0,0,0,0,0,0,0,0,0,0,112,2026-02-04 03:44:38.134812
SPNG,24.1,24.1,24.26,2272700.0,5000.0,2151200.0,0,0,0,0,0,0,0,0,0,0,0,0,0,0,0,0,113,2026-02-04 03:44:39.174642
SMMR,24.15,24.15,24.21,2405900.0,,2360800.0,0,0,0,0,0,0,0,0,0,0,0,0,0,0,0,0,113,2026-02-04 03:44:39.174642
ATMN,25.31,25.4,25.58,2353500.0,10000.0,2119200.0,0,0,0,0,0,0,0,0,0,0,0,0,0,0,0,0,113,2026-02-04 03:44:39.174642
WNTR,24.68,24.68,24.72,2093500.0,,2005800.0,0,0,0,0,0,0,0,0,0,0,0,0,0,0,0,0,113,2026-02-04 03:44:39.174642
SPNG,23.62,23.62,24.3,2264800.0,2276000.0,,0,0,0,0,0,0,0,0,0,0,0,0,0,0,0,0,114,2026-02-04 03:44:40.220583
SMMR,24.34,24.15,24.34,2411200.0,2372100.0,,0,0,0,0,0,0,0,0,0,0,0,0,0,0,0,0,114,2026-02-04 03:44:40.220583
ATMN,25.31,25.48,25.57,2325600.0,2149700.0,10000.0,0,0,0,0,0,0,0,0,0,0,0,0,0,0,0,0,114,2026-02-04 03:44:40.220583
WNTR,24.75,24.64,24.75,2095300.0,1884000.0,,0,0,0,0,0,0,0,0,0,0,0,0,0,0,0,0,114,2026-02-04 03:44:40.220583
SPNG,23.62,23.91,24.22,2228700.0,2131800.0,5000.0,0,0,0,0,0,0,0,0,0,0,0,0,0,0,0,0,115,2026-02-04 03:44:41.259503
SMMR,24.11,24.11,24.34,2436700.0,2372100.0,,0,0,0,0,0,0,0,0,0,0,0,0,0,0,0,0,115,2026-02-04 03:44:41.259503
ATMN,25.61,25.48,25.61,2325600.0,2242900.0,,0,0,0,0,0,0,0,0,0,0,0,0,0,0,0,0,115,2026-02-04 03:44:41.259503
WNTR,24.75,24.73,24.75,2107400.0,1884000.0,,0,0,0,0,0,0,0,0,0,0,0,0,0,0,0,0,115,2026-02-04 03:44:41.259503
SPNG,24.22,23.69,24.22,2231400.0,2221000.0,,,0,0,0,0,0,0,0,0,0,0,0,0,0,0,0,116,2026-02-04 03:44:42.308971
SMMR,24.13,24.32,24.33,2283400.0,2261600.0,10000.0,10000.0,0,0,0,0,0,0,0,0,0,0,0,0,0,0,0,116,2026-02-04 03:44:42.308971
ATMN,25.48,25.48,25.61,2325600.0,2223400.0,,,0,0,0,0,0,0,0,0,0,0,0,0,0,0,0,116,2026-02-04 03:44:42.308971
WNTR,24.73,24.73,24.74,2107400.0,2018100.0,,,0,0,0,0,0,0,0,0,0,0,0,0,0,0,0,116,2026-02-04 03:44:42.308971
SPNG,23.91,23.91,24.2,2211600.0,2243100.0,0,0,0,0,0,0,0,0,0,0,0,0,0,0,0,0,0,117,2026-02-04 03:44:43.340797
SMMR,24.32,24.11,24.27,2430800.0,2383400.0,0,0,0,0,0,0,0,0,0,0,0,0,0,0,0,0,0,117,2026-02-04 03:44:43.340797
ATMN,25.62,25.38,25.62,2297500.0,2219800.0,0,0,0,0,0,0,0,0,0,0,0,0,0,0,0,0,0,117,2026-02-04 03:44:43.340797
WNTR,24.64,24.64,24.74,2078900.0,2033100.0,0,0,0,0,0,0,0,0,0,0,0,0,0,0,0,0,0,117,2026-02-04 03:44:43.340797
SPNG,23.69,23.69,24.2,2231400.0,2243100.0,0,0,0,0,0,0,0,0,0,0,0,0,0,0,0,0,0,118,2026-02-04 03:44:44.391182
SMMR,24.32,24.15,24.27,2449600.0,2388400.0,0,0,0,0,0,0,0,0,0,0,0,0,0,0,0,0,0,118,2026-02-04 03:44:44.391182
ATMN,25.65,25.38,25.65,2297500.0,2178000.0,0,0,0,0,0,0,0,0,0,0,0,0,0,0,0,0,0,118,2026-02-04 03:44:44.391182
WNTR,24.64,24.64,24.74,2078900.0,2013000.0,0,0,0,0,0,0,0,0,0,0,0,0,0,0,0,0,0,118,2026-02-04 03:44:44.391182
SPNG,24.26,23.69,24.26,2244200.0,2248400.0,0,0,0,0,0,0,0,0,0,0,0,0,0,0,0,0,0,119,2026-02-04 03:44:45.425600
SMMR,24.34,24.19,24.34,2433400.0,2379700.0,0,0,0,0,0,0,0,0,0,0,0,0,0,0,0,0,0,119,2026-02-04 03:44:45.425600
ATMN,25.65,25.38,25.65,2361900.0,2178000.0,0,0,0,0,0,0,0,0,0,0,0,0,0,0,0,0,0,119,2026-02-04 03:44:45.425600
WNTR,24.74,24.64,24.74,2085000.0,2013000.0,0,0,0,0,0,0,0,0,0,0,0,0,0,0,0,0,0,119,2026-02-04 03:44:45.425600
SPNG,25.53,25.53,26.56,877100.0,632200.0,0,0,0,0,0,0,0,0,0,0,0,0,0,0,0,0,0,120,2026-02-04 03:44:46.460034
SMMR,28.21,25.69,26.42,777400.0,872300.0,0,0,0,0,0,0,0,0,0,0,0,0,0,0,0,0,0,120,2026-02-04 03:44:46.460034
ATMN,25.65,23.98,24.61,990600.0,897800.0,0,0,0,0,0,0,0,0,0,0,0,0,0,0,0,0,0,120,2026-02-04 03:44:46.460034
WNTR,24.76,23.94,24.33,845200.0,785900.0,0,0,0,0,0,0,0,0,0,0,0,0,0,0,0,0,0,120,2026-02-04 03:44:46.460034
SPNG,24.7,25.37,25.86,1103400.0,719400.0,0,0,0,0,0,0,0,0,0,0,0,0,0,0,0,0,0,121,2026-02-04 03:44:47.498707
SMMR,28.21,25.69,26.08,877800.0,1206500.0,0,0,0,0,0,0,0,0,0,0,0,0,0,0,0,0,0,121,2026-02-04 03:44:47.498707
ATMN,25.65,23.98,24.31,990600.0,1256700.0,0,0,0,0,0,0,0,0,0,0,0,0,0,0,0,0,0,121,2026-02-04 03:44:47.498707
WNTR,23.77,23.77,24.04,884500.0,911800.0,0,0,0,0,0,0,0,0,0,0,0,0,0,0,0,0,0,121,2026-02-04 03:44:47.498707
SPNG,25.86,25.37,25.71,1203200.0,952000.0,0,0,0,0,0,0,0,0,0,0,0,0,0,0,0,0,0,122,2026-02-04 03:44:48.548513
SMMR,25.7,25.7,25.79,1033800.0,1340700.0,0,0,0,0,0,0,0,0,0,0,0,0,0,0,0,0,0,122,2026-02-04 03:44:48.548513
ATMN,25.65,23.98,23.99,990600.0,1616700.0,0,0,0,0,0,0,0,0,0,0,0,0,0,0,0,0,0,122,2026-02-04 03:44:48.548513
WNTR,24.01,23.79,24.0,986700.0,1024500.0,0,0,0,0,0,0,0,0,0,0,0,0,0,0,0,0,0,122,2026-02-04 03:44:48.548513
SPNG,25.71,25.18,25.71,1230500.0,952000.0,0,0,0,0,0,0,0,0,0,0,0,0,0,0,0,0,0,123,2026-02-04 03:44:49.592685
SMMR,25.59,25.65,25.79,1140800.0,1340700.0,0,0,0,0,0,0,0,0,0,0,0,0,0,0,0,0,0,123,2026-02-04 03:44:49.592685
ATMN,23.98,23.43,23.53,984500.0,1843300.0,0,0,0,0,0,0,0,0,0,0,0,0,0,0,0,0,0,123,2026-02-04 03:44:49.592685
WNTR,23.79,24.01,24.33,1081900.0,785900.0,0,0,0,0,0,0,0,0,0,0,0,0,0,0,0,0,0,123,2026-02-04 03:44:49.592685
SPNG,25.47,25.18,25.47,1326400.0,1062200.0,0,0,0,0,0,0,0,0,0,0,0,0,0,0,0,0,0,124,2026-02-04 03:44:50.620826
SMMR,25.65,25.53,25.57,1041900.0,1570800.0,0,0,0,0,0,0,0,0,0,0,0,0,0,0,0,0,0,124,2026-02-04 03:44:50.620826
ATMN,23.43,23.43,23.5,1019400.0,2083800.0,0,0,0,0,0,0,0,0,0,0,0,0,0,0,0,0,0,124,2026-02-04 03:44:50.620826
WNTR,23.79,24.01,24.14,1081900.0,1074900.0,0,0,0,0,0,0,0,0,0,0,0,0,0,0,0,0,0,124,2026-02-04 03:44:50.620826
SPNG,25.47,25.19,25.46,10000.0,1641200.0,10000.0,1062200.0,0,0,0,0,0,0,0,0,0,0,0,0,0,0,0,125,2026-02-04 03:44:51.152368
SMMR,25.57,25.53,25.57,,1426600.0,,1570800.0,0,0,0,0,0,0,0,0,0,0,0,0,0,0,0,125,2026-02-04 03:44:51.152368
ATMN,23.43,23.18,23.36,5000.0,1199400.0,5000.0,2230700.0,0,0,0,0,0,0,0,0,0,0,0,0,0,0,0,125,2026-02-04 03:44:51.152368
WNTR,23.79,23.79,24.07,,986700.0,,1298600.0,0,0,0,0,0,0,0,0,0,0,0,0,0,0,0,125,2026-02-04 03:44:51.152368
SPNG,25.65,25.8,26.31,1742100.0,741700.0,0,0,0,0,0,0,0,0,0,0,0,0,0,0,0,0,0,126,2026-02-04 03:44:52.183519
SMMR,25.79,25.53,25.79,1630500.0,1456700.0,0,0,0,0,0,0,0,0,0,0,0,0,0,0,0,0,0,126,2026-02-04 03:44:52.183519
ATMN,23.37,23.17,23.37,1510300.0,2343900.0,0,0,0,0,0,0,0,0,0,0,0,0,0,0,0,0,0,126,2026-02-04 03:44:52.183519
WNTR,23.91,23.84,23.91,1091600.0,1416400.0,0,0,0,0,0,0,0,0,0,0,0,0,0,0,0,0,0,126,2026-02-04 03:44:52.183519
SPNG,25.8,25.18,25.54,1641200.0,1168200.0,,0,0,0,0,0,0,0,0,0,0,0,0,0,0,0,0,127,2026-02-04 03:44:53.219214
SMMR,25.52,25.52,25.82,1675300.0,1322500.0,,0,0,0,0,0,0,0,0,0,0,0,0,0,0,0,0,127,2026-02-04 03:44:53.219214
ATMN,23.5,23.23,23.5,1759200.0,2213100.0,5000.0,0,0,0,0,0,0,0,0,0,0,0,0,0,0,0,0,127,2026-02-04 03:44:53.219214
WNTR,24.04,24.05,24.07,1337000.0,1298600.0,,0,0,0,0,0,0,0,0,0,0,0,0,0,0,0,0,127,2026-02-04 03:44:53.219214
SPNG,25.68,25.19,25.68,20000.0,1865700.0,1076700.0,,0,0,0,0,0,0,0,0,0,0,0,0,0,0,0,128,2026-02-04 03:44:54.250865
SMMR,25.68,25.68,25.81,,1804600.0,1447400.0,10000.0,0,0,0,0,0,0,0,0,0,0,0,0,0,0,0,128,2026-02-04 03:44:54.250865
ATMN,23.6,23.25,23.6,10000.0,1765600.0,1969900.0,,0,0,0,0,0,0,0,0,0,0,0,0,0,0,0,128,2026-02-04 03:44:54.250865
WNTR,23.84,24.02,24.07,10000.0,1329900.0,1508000.0,,0,0,0,0,0,0,0,0,0,0,0,0,0,0,0,128,2026-02-04 03:44:54.250865
SPNG,25.59,25.09,25.26,1765900.0,1163300.0,,,0,0,0,0,0,0,0,0,0,0,0,0,0,0,0,129,2026-02-04 03:44:55.284124
SMMR,25.68,25.81,25.82,1901500.0,1675100.0,10000.0,,0,0,0,0,0,0,0,0,0,0,0,0,0,0,0,129,2026-02-04 03:44:55.284124
ATMN,23.6,23.44,23.6,2054300.0,2065200.0,,10000.0,0,0,0,0,0,0,0,0,0,0,0,0,0,0,0,129,2026-02-04 03:44:55.284124
WNTR,23.77,23.77,23.9,1005100.0,1744300.0,,,0,0,0,0,0,0,0,0,0,0,0,0,0,0,0,129,2026-02-04 03:44:55.284124
SPNG,25.92,25.16,25.97,2069800.0,973600.0,,0,0,0,0,0,0,0,0,0,0,0,0,0,0,0,0,130,2026-02-04 03:44:56.323572
SMMR,25.68,25.81,25.82,1901500.0,2054200.0,10000.0,0,0,0,0,0,0,0,0,0,0,0,0,0,0,0,0,130,2026-02-04 03:44:56.323572
ATMN,23.6,23.44,23.57,2054300.0,2300600.0,,0,0,0,0,0,0,0,0,0,0,0,0,0,0,0,0,130,2026-02-04 03:44:56.323572
WNTR,23.9,23.85,23.9,1220100.0,1744300.0,,0,0,0,0,0,0,0,0,0,0,0,0,0,0,0,0,130,2026-02-04 03:44:56.323572
SPNG,25.09,25.1,25.23,5500.0,2099600.0,1090600.0,,0,0,0,0,0,0,0,0,0,0,0,0,0,0,0,131,2026-02-04 03:44:57.363959
SMMR,25.84,25.52,25.83,,1675300.0,2063700.0,10000.0,0,0,0,0,0,0,0,0,0,0,0,0,0,0,0,131,2026-02-04 03:44:57.363959
ATMN,23.6,23.44,23.6,,2054300.0,2317300.0,,0,0,0,0,0,0,0,0,0,0,0,0,0,0,0,131,2026-02-04 03:44:57.363959
WNTR,23.77,23.86,23.9,10000.0,1460400.0,1744300.0,,0,0,0,0,0,0,0,0,0,0,0,0,0,0,0,131,2026-02-04 03:44:57.363959
SPNG,25.23,25.26,25.97,2126000.0,5000.0,973600.0,0,0,0,0,0,0,0,0,0,0,0,0,0,0,0,0,132,2026-02-04 03:44:58.411808
SMMR,25.84,25.52,25.84,1781100.0,,1935400.0,0,0,0,0,0,0,0,0,0,0,0,0,0,0,0,0,132,2026-02-04 03:44:58.411808
ATMN,23.61,23.45,23.61,2054300.0,10000.0,2343400.0,0,0,0,0,0,0,0,0,0,0,0,0,0,0,0,0,132,2026-02-04 03:44:58.411808
WNTR,23.77,23.77,23.9,1769500.0,,1744300.0,0,0,0,0,0,0,0,0,0,0,0,0,0,0,0,0,132,2026-02-04 03:44:58.411808
SPNG,25.71,25.27,25.71,5500.0,2126000.0,1208800.0,0,0,0,0,0,0,0,0,0,0,0,0,0,0,0,0,133,2026-02-04 03:44:59.454608
SMMR,25.84,25.52,25.72,,2003200.0,2032200.0,0,0,0,0,0,0,0,0,0,0,0,0,0,0,0,0,133,2026-02-04 03:44:59.454608
ATMN,23.61,23.45,23.52,10000.0,2186700.0,2397600.0,0,0,0,0,0,0,0,0,0,0,0,0,0,0,0,0,133,2026-02-04 03:44:59.454608
WNTR,23.86,23.86,23.95,,1996200.0,1619200.0,0,0,0,0,0,0,0,0,0,0,0,0,0,0,0,0,133,2026-02-04 03:44:59.454608
SPNG,25.22,25.22,25.71,2198400.0,1325800.0,,0,0,0,0,0,0,0,0,0,0,0,0,0,0,0,0,134,2026-02-04 03:45:00.493443
SMMR,25.84,25.71,25.84,2135600.0,1935400.0,10000.0,0,0,0,0,0,0,0,0,0,0,0,0,0,0,0,0,134,2026-02-04 03:45:00.493443
ATMN,23.44,23.44,23.52,2186700.0,2419400.0,,0,0,0,0,0,0,0,0,0,0,0,0,0,0,0,0,134,2026-02-04 03:45:00.493443
WNTR,23.79,23.91,23.95,2088400.0,1619200.0,10000.0,0,0,0,0,0,0,0,0,0,0,0,0,0,0,0,0,134,2026-02-04 03:45:00.493443
SPNG,25.88,25.22,25.74,2303700.0,1325700.0,,0,0,0,0,0,0,0,0,0,0,0,0,0,0,0,0,135,2026-02-04 03:45:01.535457
SMMR,25.71,25.52,25.61,2097200.0,2163900.0,9500.0,0,0,0,0,0,0,0,0,0,0,0,0,0,0,0,0,135,2026-02-04 03:45:01.535457
ATMN,23.17,23.2,23.51,2420600.0,2301800.0,10000.0,0,0,0,0,0,0,0,0,0,0,0,0,0,0,0,0,135,2026-02-04 03:45:01.535457
WNTR,23.78,23.77,23.78,1895100.0,1736000.0,,0,0,0,0,0,0,0,0,0,0,0,0,0,0,0,0,135,2026-02-04 03:45:01.535457
SPNG,25.74,25.41,25.5,2225100.0,1542500.0,,0,0,0,0,0,0,0,0,0,0,0,0,0,0,0,0,136,2026-02-04 03:45:02.576170
SMMR,25.84,25.52,25.59,2202900.0,2160000.0,10000.0,0,0,0,0,0,0,0,0,0,0,0,0,0,0,0,0,136,2026-02-04 03:45:02.576170
ATMN,23.17,23.44,23.49,2646800.0,2286100.0,10000.0,0,0,0,0,0,0,0,0,0,0,0,0,0,0,0,0,136,2026-02-04 03:45:02.576170
WNTR,23.78,23.77,23.78,2215500.0,1736000.0,,0,0,0,0,0,0,0,0,0,0,0,0,0,0,0,0,136,2026-02-04 03:45:02.576170
SPNG,25.5,25.42,25.5,5500.0,2109000.0,1742000.0,0,0,0,0,0,0,0,0,0,0,0,0,0,0,0,0,137,2026-02-04 03:45:03.621953
SMMR,25.6,25.65,25.84,,2312200.0,2130300.0,0,0,0,0,0,0,0,0,0,0,0,0,0,0,0,0,137,2026-02-04 03:45:03.621953
ATMN,23.61,23.45,23.61,10000.0,2503800.0,2343300.0,0,0,0,0,0,0,0,0,0,0,0,0,0,0,0,0,137,2026-02-04 03:45:03.621953
WNTR,23.78,23.77,23.78,,2205800.0,1736000.0,0,0,0,0,0,0,0,0,0,0,0,0,0,0,0,0,137,2026-02-04 03:45:03.621953
SPNG,25.79,25.38,25.4,10000.0,2143400.0,1647700.0,,0,0,0,0,0,0,0,0,0,0,0,0,0,0,0,138,2026-02-04 03:45:04.665186
SMMR,25.52,25.68,25.84,10000.0,2186100.0,2130300.0,,0,0,0,0,0,0,0,0,0,0,0,0,0,0,0,138,2026-02-04 03:45:04.665186
ATMN,23.63,23.2,23.62,,2688200.0,2220900.0,500.0,0,0,0,0,0,0,0,0,0,0,0,0,0,0,0,138,2026-02-04 03:45:04.665186
WNTR,23.92,23.79,24.07,,2200300.0,1618700.0,,0,0,0,0,0,0,0,0,0,0,0,0,0,0,0,138,2026-02-04 03:45:04.665186
SPNG,25.4,25.37,25.4,2209500.0,1647700.0,,0,0,0,0,0,0,0,0,0,0,0,0,0,0,0,0,139,2026-02-04 03:45:05.697986
SMMR,25.84,25.58,25.84,2326500.0,2123400.0,,0,0,0,0,0,0,0,0,0,0,0,0,0,0,0,0,139,2026-02-04 03:45:05.697986
ATMN,23.63,23.41,23.59,2638600.0,2243800.0,500.0,0,0,0,0,0,0,0,0,0,0,0,0,0,0,0,0,139,2026-02-04 03:45:05.697986
WNTR,23.97,23.85,23.91,2173900.0,1861700.0,6300.0,0,0,0,0,0,0,0,0,0,0,0,0,0,0,0,0,139,2026-02-04 03:45:05.697986
SPNG,25.97,25.37,25.97,2218900.0,1290100.0,,0,0,0,0,0,0,0,0,0,0,0,0,0,0,0,0,140,2026-02-04 03:45:06.228292
SMMR,25.84,25.58,25.66,2326500.0,2224500.0,,0,0,0,0,0,0,0,0,0,0,0,0,0,0,0,0,140,2026-02-04 03:45:06.228292
ATMN,23.63,23.41,23.55,2625600.0,2251700.0,500.0,0,0,0,0,0,0,0,0,0,0,0,0,0,0,0,0,140,2026-02-04 03:45:06.228292
WNTR,23.97,23.89,23.9,2186300.0,1861700.0,6300.0,0,0,0,0,0,0,0,0,0,0,0,0,0,0,0,0,140,2026-02-04 03:45:06.228292
SPNG,25.09,25.09,25.68,2231800.0,1396000.0,10000.0,,0,0,0,0,0,0,0,0,0,0,0,0,0,0,0,141,2026-02-04 03:45:07.267390
SMMR,25.73,25.61,25.73,2229400.0,2253100.0,,10000.0,0,0,0,0,0,0,0,0,0,0,0,0,0,0,0,141,2026-02-04 03:45:07.267390
ATMN,23.41,23.22,23.23,2632700.0,2282100.0,500.0,,0,0,0,0,0,0,0,0,0,0,0,0,0,0,0,141,2026-02-04 03:45:07.267390
WNTR,23.91,23.87,23.91,2163100.0,1861700.0,6300.0,,0,0,0,0,0,0,0,0,0,0,0,0,0,0,0,141,2026-02-04 03:45:07.267390
SPNG,25.09,25.27,25.53,2203900.0,1483100.0,10000.0,,0,0,0,0,0,0,0,0,0,0,0,0,0,0,0,142,2026-02-04 03:45:08.303409
SMMR,25.73,25.65,25.73,2244900.0,2244400.0,,10000.0,0,0,0,0,0,0,0,0,0,0,0,0,0,0,0,142,2026-02-04 03:45:08.303409
ATMN,23.59,23.45,23.59,2513100.0,2359900.0,,500.0,0,0,0,0,0,0,0,0,0,0,0,0,0,0,0,142,2026-02-04 03:45:08.303409
WNTR,23.85,23.85,24.06,2181300.0,1736400.0,10000.0,,0,0,0,0,0,0,0,0,0,0,0,0,0,0,0,142,2026-02-04 03:45:08.303409
SPNG,25.68,25.68,25.8,2191900.0,1484100.0,,0,0,0,0,0,0,0,0,0,0,0,0,0,0,0,0,143,2026-02-04 03:45:09.336424
SMMR,25.73,25.65,25.73,2360700.0,2225200.0,,0,0,0,0,0,0,0,0,0,0,0,0,0,0,0,0,143,2026-02-04 03:45:09.336424
ATMN,23.45,23.45,23.59,2638000.0,2368500.0,,0,0,0,0,0,0,0,0,0,0,0,0,0,0,0,0,143,2026-02-04 03:45:09.336424
WNTR,23.85,23.85,23.86,2177200.0,1948800.0,5500.0,0,0,0,0,0,0,0,0,0,0,0,0,0,0,0,0,143,2026-02-04 03:45:09.336424
SPNG,25.07,25.07,25.8,2239300.0,1572600.0,,0,0,0,0,0,0,0,0,0,0,0,0,0,0,0,0,144,2026-02-04 03:45:10.376072
SMMR,25.75,25.65,25.75,2360700.0,2214600.0,,0,0,0,0,0,0,0,0,0,0,0,0,0,0,0,0,144,2026-02-04 03:45:10.376072
ATMN,23.31,23.22,23.31,2632700.0,2384300.0,,0,0,0,0,0,0,0,0,0,0,0,0,0,0,0,0,144,2026-02-04 03:45:10.376072
WNTR,23.86,23.85,23.86,2152200.0,1948800.0,5500.0,0,0,0,0,0,0,0,0,0,0,0,0,0,0,0,0,144,2026-02-04 03:45:10.376072
SPNG,25.39,25.71,25.8,2132400.0,10000.0,1572600.0,,0,0,0,0,0,0,0,0,0,0,0,0,0,0,0,145,2026-02-04 03:45:11.411026
SMMR,25.58,25.58,25.75,2326500.0,,2214600.0,,0,0,0,0,0,0,0,0,0,0,0,0,0,0,0,145,2026-02-04 03:45:11.411026
ATMN,23.31,23.23,23.3,2492600.0,4000.0,2271300.0,500.0,0,0,0,0,0,0,0,0,0,0,0,0,0,0,0,145,2026-02-04 03:45:11.411026
WNTR,23.86,23.85,23.86,2175800.0,,1948800.0,,0,0,0,0,0,0,0,0,0,0,0,0,0,0,0,145,2026-02-04 03:45:11.411026
SPNG,25.14,25.55,25.79,2241400.0,10000.0,1681100.0,0,0,0,0,0,0,0,0,0,0,0,0,0,0,0,0,146,2026-02-04 03:45:12.443418
SMMR,25.78,25.74,25.78,2341200.0,,2238000.0,0,0,0,0,0,0,0,0,0,0,0,0,0,0,0,0,146,2026-02-04 03:45:12.443418
ATMN,23.2,23.2,23.31,2610700.0,,2382000.0,0,0,0,0,0,0,0,0,0,0,0,0,0,0,0,0,146,2026-02-04 03:45:12.443418
WNTR,23.86,23.85,23.86,2181000.0,5500.0,1948800.0,0,0,0,0,0,0,0,0,0,0,0,0,0,0,0,0,146,2026-02-04 03:45:12.443418
SPNG,25.07,25.59,25.79,2146600.0,1000.0,9000.0,1681100.0,0,0,0,0,0,0,0,0,0,0,0,0,0,0,0,147,2026-02-04 03:45:13.485877
SMMR,25.74,25.58,25.63,2326500.0,,,2251400.0,0,0,0,0,0,0,0,0,0,0,0,0,0,0,0,147,2026-02-04 03:45:13.485877
ATMN,23.23,23.2,23.22,2584800.0,,4000.0,2335600.0,0,0,0,0,0,0,0,0,0,0,0,0,0,0,0,147,2026-02-04 03:45:13.485877
WNTR,23.92,23.92,24.07,2206300.0,,,1736400.0,0,0,0,0,0,0,0,0,0,0,0,0,0,0,0,147,2026-02-04 03:45:13.485877
SPNG,25.59,25.44,25.53,2243900.0,1774600.0,,0,0,0,0,0,0,0,0,0,0,0,0,0,0,0,0,148,2026-02-04 03:45:14.526244
SMMR,25.63,25.74,25.78,2361300.0,2223800.0,,0,0,0,0,0,0,0,0,0,0,0,0,0,0,0,0,148,2026-02-04 03:45:14.526244
ATMN,23.23,23.16,23.21,2594100.0,2335600.0,4000.0,0,0,0,0,0,0,0,0,0,0,0,0,0,0,0,0,148,2026-02-04 03:45:14.526244
WNTR,24.05,23.92,24.03,2193400.0,1931800.0,,0,0,0,0,0,0,0,0,0,0,0,0,0,0,0,0,148,2026-02-04 03:45:14.526244
SPNG,25.59,25.44,25.53,2232700.0,1860200.0,,0,0,0,0,0,0,0,0,0,0,0,0,0,0,0,0,149,2026-02-04 03:45:15.572273
SMMR,25.69,25.58,25.61,2375700.0,2121700.0,1000.0,0,0,0,0,0,0,0,0,0,0,0,0,0,0,0,0,149,2026-02-04 03:45:15.572273
ATMN,23.24,23.24,23.31,2583800.0,2426900.0,,0,0,0,0,0,0,0,0,0,0,0,0,0,0,0,0,149,2026-02-04 03:45:15.572273
WNTR,24.07,23.92,24.02,2193400.0,1924400.0,6000.0,0,0,0,0,0,0,0,0,0,0,0,0,0,0,0,0,149,2026-02-04 03:45:15.572273
SPNG,25.61,25.51,25.61,2119400.0,10000.0,1861700.0,0,0,0,0,0,0,0,0,0,0,0,0,0,0,0,0,150,2026-02-04 03:45:16.619011
SMMR,25.7,25.7,25.77,2361900.0,,2277000.0,0,0,0,0,0,0,0,0,0,0,0,0,0,0,0,0,150,2026-02-04 03:45:16.619011
ATMN,23.57,23.25,23.57,2450600.0,10000.0,2421100.0,0,0,0,0,0,0,0,0,0,0,0,0,0,0,0,0,150,2026-02-04 03:45:16.619011
WNTR,24.12,23.92,23.96,2193400.0,,2075100.0,0,0,0,0,0,0,0,0,0,0,0,0,0,0,0,0,150,2026-02-04 03:45:16.619011
SPNG,25.61,25.52,25.56,6000.0,2132800.0,1967600.0,0,0,0,0,0,0,0,0,0,0,0,0,0,0,0,0,151,2026-02-04 03:45:17.661334
SMMR,25.63,25.63,25.77,,2429900.0,2277000.0,0,0,0,0,0,0,0,0,0,0,0,0,0,0,0,0,151,2026-02-04 03:45:17.661334
ATMN,23.18,23.14,23.18,,2560400.0,2405500.0,0,0,0,0,0,0,0,0,0,0,0,0,0,0,0,0,151,2026-02-04 03:45:17.661334
WNTR,24.06,23.92,24.06,,2195600.0,2045900.0,0,0,0,0,0,0,0,0,0,0,0,0,0,0,0,0,151,2026-02-04 03:45:17.661334
SPNG,25.51,25.51,25.56,2248800.0,1998900.0,,,0,0,0,0,0,0,0,0,0,0,0,0,0,0,0,152,2026-02-04 03:45:18.705932
SMMR,25.63,25.63,25.76,2429900.0,2197100.0,3000.0,,0,0,0,0,0,0,0,0,0,0,0,0,0,0,0,152,2026-02-04 03:45:18.705932
ATMN,23.18,23.5,23.52,2601600.0,2419400.0,,,0,0,0,0,0,0,0,0,0,0,0,0,0,0,0,152,2026-02-04 03:45:18.705932
WNTR,24.12,23.95,24.12,2080800.0,1842400.0,,6000.0,0,0,0,0,0,0,0,0,0,0,0,0,0,0,0,152,2026-02-04 03:45:18.705932
SPNG,25.51,25.44,25.48,2232800.0,2026000.0,,,0,0,0,0,0,0,0,0,0,0,0,0,0,0,0,153,2026-02-04 03:45:19.735171
SMMR,25.63,25.69,25.71,2409700.0,2210300.0,10000.0,,0,0,0,0,0,0,0,0,0,0,0,0,0,0,0,153,2026-02-04 03:45:19.735171
ATMN,23.04,23.04,23.35,2611200.0,2378900.0,,,0,0,0,0,0,0,0,0,0,0,0,0,0,0,0,153,2026-02-04 03:45:19.735171
WNTR,24.14,23.96,24.14,2099100.0,1830800.0,,6000.0,0,0,0,0,0,0,0,0,0,0,0,0,0,0,0,153,2026-02-04 03:45:19.735171
SPNG,25.56,25.44,25.56,2218000.0,2000000.0,,0,0,0,0,0,0,0,0,0,0,0,0,0,0,0,0,154,2026-02-04 03:45:20.762390
SMMR,25.71,25.69,25.71,2395000.0,2210300.0,10000.0,0,0,0,0,0,0,0,0,0,0,0,0,0,0,0,0,154,2026-02-04 03:45:20.762390
ATMN,23.04,23.22,23.3,2569600.0,2277400.0,8000.0,0,0,0,0,0,0,0,0,0,0,0,0,0,0,0,0,154,2026-02-04 03:45:20.762390
WNTR,24.14,23.95,23.99,2222700.0,2029500.0,,0,0,0,0,0,0,0,0,0,0,0,0,0,0,0,0,154,2026-02-04 03:45:20.762390
SPNG,25.61,25.44,25.61,2205300.0,1985500.0,,0,0,0,0,0,0,0,0,0,0,0,0,0,0,0,0,155,2026-02-04 03:45:21.792397
SMMR,25.63,25.63,25.65,2391500.0,2198800.0,10000.0,0,0,0,0,0,0,0,0,0,0,0,0,0,0,0,0,155,2026-02-04 03:45:21.792397
ATMN,23.03,23.03,23.26,2565700.0,2268300.0,8000.0,0,0,0,0,0,0,0,0,0,0,0,0,0,0,0,0,155,2026-02-04 03:45:21.792397
WNTR,24.03,23.94,24.03,2219400.0,2023800.0,,0,0,0,0,0,0,0,0,0,0,0,0,0,0,0,0,155,2026-02-04 03:45:21.792397
SPNG,25.74,25.45,25.74,10000.0,2051400.0,1972000.0,,0,0,0,0,0,0,0,0,0,0,0,0,0,0,0,156,2026-02-04 03:45:22.824017
SMMR,25.59,25.62,25.65,,2381200.0,2198800.0,10000.0,0,0,0,0,0,0,0,0,0,0,0,0,0,0,0,156,2026-02-04 03:45:22.824017
ATMN,23.01,23.01,23.25,,2553600.0,2268300.0,8000.0,0,0,0,0,0,0,0,0,0,0,0,0,0,0,0,156,2026-02-04 03:45:22.824017
WNTR,23.98,23.96,23.98,,2257300.0,1973400.0,10000.0,0,0,0,0,0,0,0,0,0,0,0,0,0,0,0,156,2026-02-04 03:45:22.824017
SPNG,25.41,25.41,25.8,2184700.0,1992000.0,,0,0,0,0,0,0,0,0,0,0,0,0,0,0,0,0,157,2026-02-04 03:45:23.849813
SMMR,25.71,25.62,25.71,2326700.0,2310200.0,,0,0,0,0,0,0,0,0,0,0,0,0,0,0,0,0,157,2026-02-04 03:45:23.849813
ATMN,23.13,23.13,23.15,2573800.0,2319300.0,8000.0,0,0,0,0,0,0,0,0,0,0,0,0,0,0,0,0,157,2026-02-04 03:45:23.849813
WNTR,23.96,23.96,24.1,2217700.0,2023600.0,,0,0,0,0,0,0,0,0,0,0,0,0,0,0,0,0,157,2026-02-04 03:45:23.849813
SPNG,25.41,25.41,25.79,2195600.0,10000.0,1923100.0,0,0,0,0,0,0,0,0,0,0,0,0,0,0,0,0,158,2026-02-04 03:45:24.382056
SMMR,25.77,25.62,25.77,2326700.0,,2275500.0,0,0,0,0,0,0,0,0,0,0,0,0,0,0,0,0,158,2026-02-04 03:45:24.382056
ATMN,23.13,23.13,23.15,2575700.0,,2416000.0,0,0,0,0,0,0,0,0,0,0,0,0,0,0,0,0,158,2026-02-04 03:45:24.382056
WNTR,23.96,23.96,23.98,2217700.0,,2054700.0,0,0,0,0,0,0,0,0,0,0,0,0,0,0,0,0,158,2026-02-04 03:45:24.382056
SPNG,25.74,25.42,25.74,10000.0,2076100.0,2038900.0,,0,0,0,0,0,0,0,0,0,0,0,0,0,0,0,159,2026-02-04 03:45:25.414929
SMMR,25.77,25.63,25.76,10000.0,2205700.0,2167800.0,10000.0,0,0,0,0,0,0,0,0,0,0,0,0,0,0,0,159,2026-02-04 03:45:25.414929
ATMN,23.13,23.13,23.15,,2545000.0,2305700.0,8000.0,0,0,0,0,0,0,0,0,0,0,0,0,0,0,0,159,2026-02-04 03:45:25.414929
WNTR,23.96,23.96,23.98,,2225500.0,2076500.0,,0,0,0,0,0,0,0,0,0,0,0,0,0,0,0,159,2026-02-04 03:45:25.414929
SPNG,25.65,25.35,25.65,10000.0,2054200.0,2068100.0,,0,0,0,0,0,0,0,0,0,0,0,0,0,0,0,160,2026-02-04 03:45:26.455482
SMMR,25.62,25.62,25.76,,2326400.0,2184600.0,10000.0,0,0,0,0,0,0,0,0,0,0,0,0,0,0,0,160,2026-02-04 03:45:26.455482
ATMN,23.0,23.0,23.15,,2541800.0,2434300.0,,0,0,0,0,0,0,0,0,0,0,0,0,0,0,0,160,2026-02-04 03:45:26.455482
WNTR,23.98,23.96,23.98,,2225500.0,2076500.0,,0,0,0,0,0,0,0,0,0,0,0,0,0,0,0,160,2026-02-04 03:45:26.455482
SPNG,25.34,25.34,25.65,2151600.0,1988000.0,10000.0,0,0,0,0,0,0,0,0,0,0,0,0,0,0,0,0,161,2026-02-04 03:45:27.491883
SMMR,25.76,25.62,25.75,2326400.0,2213600.0,3000.0,0,0,0,0,0,0,0,0,0,0,0,0,0,0,0,0,161,2026-02-04 03:45:27.491883
ATMN,23.15,22.96,23.15,2553900.0,2434300.0,,0,0,0,0,0,0,0,0,0,0,0,0,0,0,0,0,161,2026-02-04 03:45:27.491883
WNTR,23.95,23.95,24.08,2199900.0,2089500.0,,0,0,0,0,0,0,0,0,0,0,0,0,0,0,0,0,161,2026-02-04 03:45:27.491883
SPNG,25.7,25.4,25.7,10000.0,2031200.0,2067900.0,,0,0,0,0,0,0,0,0,0,0,0,0,0,0,0,162,2026-02-04 03:45:28.538505
SMMR,25.76,25.63,25.75,7000.0,2205700.0,2207100.0,5000.0,0,0,0,0,0,0,0,0,0,0,0,0,0,0,0,162,2026-02-04 03:45:28.538505
ATMN,23.15,22.96,23.15,,2560200.0,2501100.0,,0,0,0,0,0,0,0,0,0,0,0,0,0,0,0,162,2026-02-04 03:45:28.538505
WNTR,23.94,23.94,24.07,,2230300.0,2088100.0,,0,0,0,0,0,0,0,0,0,0,0,0,0,0,0,162,2026-02-04 03:45:28.538505
SPNG,25.46,25.42,25.46,3000.0,2000100.0,1991100.0,5000.0,0,0,0,0,0,0,0,0,0,0,0,0,0,0,0,163,2026-02-04 03:45:29.575959
SMMR,25.75,25.62,25.75,,2326400.0,2336900.0,,0,0,0,0,0,0,0,0,0,0,0,0,0,0,0,163,2026-02-04 03:45:29.575959
ATMN,23.15,22.96,23.15,,2540000.0,2501100.0,,0,0,0,0,0,0,0,0,0,0,0,0,0,0,0,163,2026-02-04 03:45:29.575959
WNTR,23.94,23.96,24.07,,2212300.0,2088100.0,,0,0,0,0,0,0,0,0,0,0,0,0,0,0,0,163,2026-02-04 03:45:29.575959
SPNG,25.46,25.4,25.46,10000.0,1990900.0,2094700.0,,0,0,0,0,0,0,0,0,0,0,0,0,0,0,0,164,2026-02-04 03:45:30.629786
SMMR,25.75,25.62,25.75,,2305600.0,2339900.0,,0,0,0,0,0,0,0,0,0,0,0,0,0,0,0,164,2026-02-04 03:45:30.629786
ATMN,23.05,23.05,23.15,,2539900.0,2501100.0,,0,0,0,0,0,0,0,0,0,0,0,0,0,0,0,164,2026-02-04 03:45:30.629786
WNTR,24.0,24.0,24.06,,2178200.0,1975600.0,5000.0,0,0,0,0,0,0,0,0,0,0,0,0,0,0,0,164,2026-02-04 03:45:30.629786
SPNG,25.8,25.39,25.8,2103400.0,2002600.0,,,0,0,0,0,0,0,0,0,0,0,0,0,0,0,0,165,2026-02-04 03:45:31.675988
SMMR,25.56,25.6,25.77,2208700.0,2173400.0,10000.0,10000.0,0,0,0,0,0,0,0,0,0,0,0,0,0,0,0,165,2026-02-04 03:45:31.675988
ATMN,23.05,22.96,23.02,2540000.0,2349900.0,,2000.0,0,0,0,0,0,0,0,0,0,0,0,0,0,0,0,165,2026-02-04 03:45:31.675988
WNTR,24.07,24.0,24.04,2178200.0,2077500.0,,,0,0,0,0,0,0,0,0,0,0,0,0,0,0,0,165,2026-02-04 03:45:31.675988
SPNG,25.8,25.4,25.54,11000.0,1915700.0,2024500.0,,0,0,0,0,0,0,0,0,0,0,0,0,0,0,0,166,2026-02-04 03:45:32.726999
SMMR,25.7,25.56,25.69,,2347300.0,2272000.0,,0,0,0,0,0,0,0,0,0,0,0,0,0,0,0,166,2026-02-04 03:45:32.726999
ATMN,23.25,22.97,23.25,2000.0,2395000.0,2488900.0,,0,0,0,0,0,0,0,0,0,0,0,0,0,0,0,166,2026-02-04 03:45:32.726999
WNTR,23.96,23.97,24.03,8000.0,2089400.0,1982000.0,2000.0,0,0,0,0,0,0,0,0,0,0,0,0,0,0,0,166,2026-02-04 03:45:32.726999
SPNG,25.54,25.69,25.8,1889400.0,11000.0,2016700.0,,0,0,0,0,0,0,0,0,0,0,0,0,0,0,0,167,2026-02-04 03:45:33.772742
SMMR,25.69,25.56,25.68,2347300.0,,2151600.0,5000.0,0,0,0,0,0,0,0,0,0,0,0,0,0,0,0,167,2026-02-04 03:45:33.772742
ATMN,23.25,22.98,23.25,2388100.0,2000.0,2488900.0,,0,0,0,0,0,0,0,0,0,0,0,0,0,0,0,167,2026-02-04 03:45:33.772742
WNTR,23.96,23.97,24.03,2084000.0,10000.0,1999300.0,7000.0,0,0,0,0,0,0,0,0,0,0,0,0,0,0,0,167,2026-02-04 03:45:33.772742
SPNG,25.61,25.61,25.8,2130600.0,2016700.0,0,0,0,0,0,0,0,0,0,0,0,0,0,0,0,0,0,168,2026-02-04 03:45:34.815350
SMMR,25.54,25.54,25.66,2343100.0,2275300.0,0,0,0,0,0,0,0,0,0,0,0,0,0,0,0,0,0,168,2026-02-04 03:45:34.815350
ATMN,23.25,23.0,23.25,2535600.0,2488900.0,0,0,0,0,0,0,0,0,0,0,0,0,0,0,0,0,0,168,2026-02-04 03:45:34.815350
WNTR,24.08,23.96,24.01,2192700.0,2125700.0,0,0,0,0,0,0,0,0,0,0,0,0,0,0,0,0,0,168,2026-02-04 03:45:34.815350
SPNG,25.35,25.35,25.8,2070900.0,2025700.0,0,0,0,0,0,0,0,0,0,0,0,0,0,0,0,0,0,169,2026-02-04 03:45:35.866281
SMMR,25.66,25.55,25.66,2328200.0,2275300.0,0,0,0,0,0,0,0,0,0,0,0,0,0,0,0,0,0,169,2026-02-04 03:45:35.866281
ATMN,23.25,23.22,23.25,2523500.0,2444400.0,0,0,0,0,0,0,0,0,0,0,0,0,0,0,0,0,0,169,2026-02-04 03:45:35.866281
WNTR,23.94,23.96,24.01,2174100.0,2125700.0,0,0,0,0,0,0,0,0,0,0,0,0,0,0,0,0,0,169,2026-02-04 03:45:35.866281
SPNG,25.86,25.37,25.86,2089800.0,2005400.0,0,0,0,0,0,0,0,0,0,0,0,0,0,0,0,0,0,170,2026-02-04 03:45:36.907776
SMMR,25.78,25.55,25.78,2305500.0,2276500.0,0,0,0,0,0,0,0,0,0,0,0,0,0,0,0,0,0,170,2026-02-04 03:45:36.907776
ATMN,23.0,23.0,23.25,2535600.0,2484900.0,0,0,0,0,0,0,0,0,0,0,0,0,0,0,0,0,0,170,2026-02-04 03:45:36.907776
WNTR,23.94,23.94,23.97,2211900.0,2142700.0,0,0,0,0,0,0,0,0,0,0,0,0,0,0,0,0,0,170,2026-02-04 03:45:36.907776
SPNG,25.3,25.3,25.86,2064500.0,2005400.0,0,0,0,0,0,0,0,0,0,0,0,0,0,0,0,0,0,171,2026-02-04 03:45:37.947802
SMMR,25.79,25.61,25.79,2291000.0,2269200.0,0,0,0,0,0,0,0,0,0,0,0,0,0,0,0,0,0,171,2026-02-04 03:45:37.947802
ATMN,23.26,23.0,23.26,2511900.0,2437900.0,0,0,0,0,0,0,0,0,0,0,0,0,0,0,0,0,0,171,2026-02-04 03:45:37.947802
WNTR,23.92,23.92,23.97,2173600.0,2167700.0,0,0,0,0,0,0,0,0,0,0,0,0,0,0,0,0,0,171,2026-02-04 03:45:37.947802
SPNG,25.3,25.3,25.5,2097800.0,2027700.0,0,0,0,0,0,0,0,0,0,0,0,0,0,0,0,0,0,172,2026-02-04 03:45:38.528224
SMMR,25.79,25.61,25.79,2255200.0,2287200.0,0,0,0,0,0,0,0,0,0,0,0,0,0,0,0,0,0,172,2026-02-04 03:45:38.528224
ATMN,23.3,23.3,23.34,2506100.0,2461000.0,0,0,0,0,0,0,0,0,0,0,0,0,0,0,0,0,0,172,2026-02-04 03:45:38.528224
WNTR,23.9,23.9,23.97,2186000.0,2167700.0,0,0,0,0,0,0,0,0,0,0,0,0,0,0,0,0,0,172,2026-02-04 03:45:38.528224
SPNG,25.89,25.31,25.89,1000.0,1992500.0,2001400.0,0,0,0,0,0,0,0,0,0,0,0,0,0,0,0,0,173,2026-02-04 03:45:39.559712
SMMR,25.61,25.61,25.62,,2282600.0,2268500.0,0,0,0,0,0,0,0,0,0,0,0,0,0,0,0,0,173,2026-02-04 03:45:39.559712
ATMN,23.26,23.0,23.25,,2508300.0,2501700.0,0,0,0,0,0,0,0,0,0,0,0,0,0,0,0,0,173,2026-02-04 03:45:39.559712
WNTR,23.87,23.91,23.97,10000.0,2099000.0,2132100.0,0,0,0,0,0,0,0,0,0,0,0,0,0,0,0,0,173,2026-02-04 03:45:39.559712
SPNG,25.4,25.87,25.89,2080800.0,1992300.0,,0,0,0,0,0,0,0,0,0,0,0,0,0,0,0,0,174,2026-02-04 03:45:40.596412
SMMR,25.69,25.65,25.69,2282500.0,2267900.0,,0,0,0,0,0,0,0,0,0,0,0,0,0,0,0,0,174,2026-02-04 03:45:40.596412
ATMN,23.25,23.0,23.25,2530900.0,2376700.0,10000.0,0,0,0,0,0,0,0,0,0,0,0,0,0,0,0,0,174,2026-02-04 03:45:40.596412
WNTR,24.01,23.87,24.01,2178600.0,2156300.0,,0,0,0,0,0,0,0,0,0,0,0,0,0,0,0,0,174,2026-02-04 03:45:40.596412
SPNG,25.3,25.3,25.89,2097800.0,1991200.0,,0,0,0,0,0,0,0,0,0,0,0,0,0,0,0,0,175,2026-02-04 03:45:41.638880
SMMR,25.69,25.66,25.69,2281300.0,2280600.0,,0,0,0,0,0,0,0,0,0,0,0,0,0,0,0,0,175,2026-02-04 03:45:41.638880
ATMN,22.97,22.97,23.25,2515200.0,2354900.0,10000.0,0,0,0,0,0,0,0,0,0,0,0,0,0,0,0,0,175,2026-02-04 03:45:41.638880
WNTR,23.87,23.87,24.01,2200600.0,2168500.0,,0,0,0,0,0,0,0,0,0,0,0,0,0,0,0,0,175,2026-02-04 03:45:41.638880
SPNG,25.92,25.77,25.88,1939400.0,5000.0,10000.0,1887900.0,0,0,0,0,0,0,0,0,0,0,0,0,0,0,0,176,2026-02-04 03:45:42.683940
SMMR,25.8,25.66,25.78,2281300.0,,,2272800.0,0,0,0,0,0,0,0,0,0,0,0,0,0,0,0,176,2026-02-04 03:45:42.683940
ATMN,22.96,22.96,23.24,2540100.0,,5000.0,2365300.0,0,0,0,0,0,0,0,0,0,0,0,0,0,0,0,176,2026-02-04 03:45:42.683940
WNTR,24.01,23.87,24.01,2200600.0,,,2113300.0,0,0,0,0,0,0,0,0,0,0,0,0,0,0,0,176,2026-02-04 03:45:42.683940
SPNG,25.28,25.6,25.92,2110900.0,1980300.0,,0,0,0,0,0,0,0,0,0,0,0,0,0,0,0,0,177,2026-02-04 03:45:43.732251
SMMR,25.7,25.66,25.7,2281300.0,2178100.0,10000.0,0,0,0,0,0,0,0,0,0,0,0,0,0,0,0,0,177,2026-02-04 03:45:43.732251
ATMN,23.27,22.96,23.27,2558000.0,2480100.0,,0,0,0,0,0,0,0,0,0,0,0,0,0,0,0,0,177,2026-02-04 03:45:43.732251
WNTR,23.82,23.82,23.85,2182200.0,1975700.0,5000.0,0,0,0,0,0,0,0,0,0,0,0,0,0,0,0,0,177,2026-02-04 03:45:43.732251
SPNG,25.28,25.28,25.4,2104300.0,1968700.0,0,0,0,0,0,0,0,0,0,0,0,0,0,0,0,0,0,178,2026-02-04 03:45:44.779708
SMMR,25.66,25.66,25.7,2271900.0,2290700.0,0,0,0,0,0,0,0,0,0,0,0,0,0,0,0,0,0,178,2026-02-04 03:45:44.779708
ATMN,22.93,22.93,23.27,2563200.0,2499400.0,0,0,0,0,0,0,0,0,0,0,0,0,0,0,0,0,0,178,2026-02-04 03:45:44.779708
WNTR,23.91,23.84,23.91,2184900.0,2119200.0,0,0,0,0,0,0,0,0,0,0,0,0,0,0,0,0,0,178,2026-02-04 03:45:44.779708
SPNG,25.92,25.28,25.92,2102800.0,1980300.0,0,0,0,0,0,0,0,0,0,0,0,0,0,0,0,0,0,179,2026-02-04 03:45:45.839330
SMMR,25.65,25.65,25.7,2284400.0,2290700.0,0,0,0,0,0,0,0,0,0,0,0,0,0,0,0,0,0,179,2026-02-04 03:45:45.839330
ATMN,23.07,23.1,23.24,2598000.0,2467400.0,0,0,0,0,0,0,0,0,0,0,0,0,0,0,0,0,0,179,2026-02-04 03:45:45.839330
WNTR,24.02,23.84,24.02,2184900.0,2107700.0,0,0,0,0,0,0,0,0,0,0,0,0,0,0,0,0,0,179,2026-02-04 03:45:45.839330
SPNG,25.92,25.03,25.08,1071100.0,749800.0,0,0,0,0,0,0,0,0,0,0,0,0,0,0,0,0,0,180,2026-02-04 03:45:46.888229
SMMR,25.65,25.25,25.54,922200.0,871500.0,0,0,0,0,0,0,0,0,0,0,0,0,0,0,0,0,0,180,2026-02-04 03:45:46.888229
ATMN,22.92,25.15,0.0,200000.0,,0,0,0,0,0,0,0,0,0,0,0,0,0,0,0,0,0,180,2026-02-04 03:45:46.888229
WNTR,25.7,24.74,25.1,693600.0,685400.0,0,0,0,0,0,0,0,0,0,0,0,0,0,0,0,0,0,180,2026-02-04 03:45:46.888229
SPNG,25.08,25.03,25.08,1080100.0,847300.0,0,0,0,0,0,0,0,0,0,0,0,0,0,0,0,0,0,181,2026-02-04 03:45:47.922014
SMMR,25.25,25.25,25.45,922200.0,1125600.0,0,0,0,0,0,0,0,0,0,0,0,0,0,0,0,0,0,181,2026-02-04 03:45:47.922014
ATMN,25.15,24.65,25.08,1299300.0,767100.0,0,0,0,0,0,0,0,0,0,0,0,0,0,0,0,0,0,181,2026-02-04 03:45:47.922014
WNTR,25.1,25.37,25.73,1133800.0,766000.0,0,0,0,0,0,0,0,0,0,0,0,0,0,0,0,0,0,181,2026-02-04 03:45:47.922014
SPNG,25.11,25.03,25.11,1290700.0,842600.0,0,0,0,0,0,0,0,0,0,0,0,0,0,0,0,0,0,182,2026-02-04 03:45:48.957536
SMMR,25.19,25.2,25.38,938700.0,1363400.0,0,0,0,0,0,0,0,0,0,0,0,0,0,0,0,0,0,182,2026-02-04 03:45:48.957536
ATMN,26.0,24.78,25.82,1419400.0,867200.0,0,0,0,0,0,0,0,0,0,0,0,0,0,0,0,0,0,182,2026-02-04 03:45:48.957536
WNTR,25.73,25.63,25.73,1339300.0,766000.0,0,0,0,0,0,0,0,0,0,0,0,0,0,0,0,0,0,182,2026-02-04 03:45:48.957536
SPNG,25.14,25.03,25.14,1290700.0,919600.0,0,0,0,0,0,0,0,0,0,0,0,0,0,0,0,0,0,183,2026-02-04 03:45:49.994901
SMMR,25.42,25.19,25.42,942700.0,1362600.0,0,0,0,0,0,0,0,0,0,0,0,0,0,0,0,0,0,183,2026-02-04 03:45:49.994901
ATMN,25.13,25.14,25.82,1651600.0,867200.0,0,0,0,0,0,0,0,0,0,0,0,0,0,0,0,0,0,183,2026-02-04 03:45:49.994901
WNTR,25.73,25.73,25.79,1454700.0,973100.0,0,0,0,0,0,0,0,0,0,0,0,0,0,0,0,0,0,183,2026-02-04 03:45:49.994901
SPNG,25.2,25.04,25.13,10000.0,1290700.0,10000.0,1030200.0,0,0,0,0,0,0,0,0,0,0,0,0,0,0,0,184,2026-02-04 03:45:50.521298
SMMR,25.42,25.19,25.41,,942700.0,5000.0,1461800.0,0,0,0,0,0,0,0,0,0,0,0,0,0,0,0,184,2026-02-04 03:45:50.521298
ATMN,25.13,25.14,25.82,,1651600.0,,1183100.0,0,0,0,0,0,0,0,0,0,0,0,0,0,0,0,184,2026-02-04 03:45:50.521298
WNTR,25.73,25.73,25.79,,1454700.0,,1064100.0,0,0,0,0,0,0,0,0,0,0,0,0,0,0,0,184,2026-02-04 03:45:50.521298
SPNG,25.06,25.06,25.27,1315500.0,926100.0,0,0,0,0,0,0,0,0,0,0,0,0,0,0,0,0,0,185,2026-02-04 03:45:51.558859
SMMR,24.85,25.22,25.42,1251800.0,1461800.0,0,0,0,0,0,0,0,0,0,0,0,0,0,0,0,0,0,185,2026-02-04 03:45:51.558859
ATMN,24.78,24.78,25.21,1638700.0,1292500.0,0,0,0,0,0,0,0,0,0,0,0,0,0,0,0,0,0,185,2026-02-04 03:45:51.558859
WNTR,25.79,25.73,25.79,1571600.0,1142400.0,0,0,0,0,0,0,0,0,0,0,0,0,0,0,0,0,0,185,2026-02-04 03:45:51.558859
SPNG,23.7,25.24,25.27,1239500.0,926100.0,0,0,0,0,0,0,0,0,0,0,0,0,0,0,0,0,0,186,2026-02-04 03:45:52.589983
SMMR,25.22,24.91,25.21,1139100.0,1928300.0,0,0,0,0,0,0,0,0,0,0,0,0,0,0,0,0,0,186,2026-02-04 03:45:52.589983
ATMN,25.21,24.91,25.21,1883400.0,1292500.0,0,0,0,0,0,0,0,0,0,0,0,0,0,0,0,0,0,186,2026-02-04 03:45:52.589983
WNTR,25.63,25.57,25.61,1355600.0,1444200.0,0,0,0,0,0,0,0,0,0,0,0,0,0,0,0,0,0,186,2026-02-04 03:45:52.589983
SPNG,25.24,23.7,25.1,1333300.0,10000.0,1048000.0,0,0,0,0,0,0,0,0,0,0,0,0,0,0,0,0,187,2026-02-04 03:45:53.623494
SMMR,25.37,25.31,25.36,1382600.0,5000.0,1807400.0,0,0,0,0,0,0,0,0,0,0,0,0,0,0,0,0,187,2026-02-04 03:45:53.623494
ATMN,24.91,24.91,25.21,2001200.0,,1292500.0,0,0,0,0,0,0,0,0,0,0,0,0,0,0,0,0,187,2026-02-04 03:45:53.623494
WNTR,25.65,25.57,25.65,1578500.0,,1338800.0,0,0,0,0,0,0,0,0,0,0,0,0,0,0,0,0,187,2026-02-04 03:45:53.623494
SPNG,25.24,24.97,25.11,1546500.0,1160200.0,0,0,0,0,0,0,0,0,0,0,0,0,0,0,0,0,0,188,2026-02-04 03:45:54.655249
SMMR,25.07,25.1,25.37,1478700.0,1807400.0,0,0,0,0,0,0,0,0,0,0,0,0,0,0,0,0,0,188,2026-02-04 03:45:54.655249
ATMN,25.21,25.56,25.82,2196400.0,1183100.0,0,0,0,0,0,0,0,0,0,0,0,0,0,0,0,0,0,188,2026-02-04 03:45:54.655249
WNTR,25.72,25.57,25.64,1578500.0,1351300.0,0,0,0,0,0,0,0,0,0,0,0,0,0,0,0,0,0,188,2026-02-04 03:45:54.655249
SPNG,25.11,24.97,25.11,1660500.0,1160200.0,,0,0,0,0,0,0,0,0,0,0,0,0,0,0,0,0,189,2026-02-04 03:45:55.688798
SMMR,25.42,25.17,25.27,1590200.0,1781900.0,10000.0,0,0,0,0,0,0,0,0,0,0,0,0,0,0,0,0,189,2026-02-04 03:45:55.688798
ATMN,25.56,24.91,25.02,2105800.0,1533400.0,,0,0,0,0,0,0,0,0,0,0,0,0,0,0,0,0,189,2026-02-04 03:45:55.688798
WNTR,25.8,25.58,25.77,1674100.0,1339900.0,5000.0,0,0,0,0,0,0,0,0,0,0,0,0,0,0,0,0,189,2026-02-04 03:45:55.688798
SPNG,25.24,24.98,25.1,10000.0,1660500.0,5000.0,1245700.0,0,0,0,0,0,0,0,0,0,0,0,0,0,0,0,190,2026-02-04 03:45:56.721591
SMMR,25.27,25.17,25.27,,1590200.0,,1930800.0,0,0,0,0,0,0,0,0,0,0,0,0,0,0,0,190,2026-02-04 03:45:56.721591
ATMN,25.43,25.16,25.43,10000.0,2206700.0,,1512000.0,0,0,0,0,0,0,0,0,0,0,0,0,0,0,0,190,2026-02-04 03:45:56.721591
WNTR,25.86,25.75,25.86,,1967400.0,,1155700.0,0,0,0,0,0,0,0,0,0,0,0,0,0,0,0,190,2026-02-04 03:45:56.721591
SPNG,24.93,24.94,25.13,10000.0,1542200.0,1577400.0,0,0,0,0,0,0,0,0,0,0,0,0,0,0,0,0,191,2026-02-04 03:45:57.745416
SMMR,24.94,24.94,25.44,,1353200.0,1704400.0,0,0,0,0,0,0,0,0,0,0,0,0,0,0,0,0,191,2026-02-04 03:45:57.745416
ATMN,25.35,25.35,25.39,,2487000.0,1621100.0,0,0,0,0,0,0,0,0,0,0,0,0,0,0,0,0,191,2026-02-04 03:45:57.745416
WNTR,25.75,25.76,25.85,10000.0,1967400.0,1338900.0,0,0,0,0,0,0,0,0,0,0,0,0,0,0,0,0,191,2026-02-04 03:45:57.745416
SPNG,24.93,24.94,25.12,5000.0,1542200.0,10000.0,1865700.0,0,0,0,0,0,0,0,0,0,0,0,0,0,0,0,192,2026-02-04 03:45:58.782293
SMMR,25.35,25.0,25.28,,1489500.0,,1835500.0,0,0,0,0,0,0,0,0,0,0,0,0,0,0,0,192,2026-02-04 03:45:58.782293
ATMN,25.18,25.18,25.39,,2368200.0,,1732100.0,0,0,0,0,0,0,0,0,0,0,0,0,0,0,0,192,2026-02-04 03:45:58.782293
WNTR,25.75,25.75,25.85,,2066400.0,,1456000.0,0,0,0,0,0,0,0,0,0,0,0,0,0,0,0,192,2026-02-04 03:45:58.782293
SPNG,24.93,24.38,24.73,1551200.0,1994500.0,,,0,0,0,0,0,0,0,0,0,0,0,0,0,0,0,193,2026-02-04 03:45:59.832253
SMMR,25.0,25.3,25.33,1489500.0,1828700.0,5000.0,10000.0,0,0,0,0,0,0,0,0,0,0,0,0,0,0,0,193,2026-02-04 03:45:59.832253
ATMN,25.18,24.91,24.92,2370400.0,1960700.0,,,0,0,0,0,0,0,0,0,0,0,0,0,0,0,0,193,2026-02-04 03:45:59.832253
WNTR,25.85,25.75,25.85,2165100.0,1371300.0,,,0,0,0,0,0,0,0,0,0,0,0,0,0,0,0,193,2026-02-04 03:45:59.832253
SPNG,24.93,24.38,24.71,1967500.0,5000.0,1912200.0,0,0,0,0,0,0,0,0,0,0,0,0,0,0,0,0,194,2026-02-04 03:46:00.863430
SMMR,25.3,25.0,25.21,1622100.0,5000.0,2045800.0,0,0,0,0,0,0,0,0,0,0,0,0,0,0,0,0,194,2026-02-04 03:46:00.863430
ATMN,24.92,24.91,24.92,2391400.0,,1960700.0,0,0,0,0,0,0,0,0,0,0,0,0,0,0,0,0,194,2026-02-04 03:46:00.863430
WNTR,25.75,25.75,25.81,2156500.0,,1536100.0,0,0,0,0,0,0,0,0,0,0,0,0,0,0,0,0,194,2026-02-04 03:46:00.863430
SPNG,25.13,24.53,25.13,2303800.0,1986900.0,,0,0,0,0,0,0,0,0,0,0,0,0,0,0,0,0,195,2026-02-04 03:46:01.898648
SMMR,25.3,25.04,25.2,1973800.0,2045800.0,5000.0,0,0,0,0,0,0,0,0,0,0,0,0,0,0,0,0,195,2026-02-04 03:46:01.898648
ATMN,25.39,24.91,25.38,2391400.0,1962700.0,10000.0,0,0,0,0,0,0,0,0,0,0,0,0,0,0,0,0,195,2026-02-04 03:46:01.898648
WNTR,25.85,25.75,25.85,2134800.0,1468100.0,,0,0,0,0,0,0,0,0,0,0,0,0,0,0,0,0,195,2026-02-04 03:46:01.898648
SPNG,24.69,24.78,25.13,2440900.0,1986900.0,,,0,0,0,0,0,0,0,0,0,0,0,0,0,0,0,196,2026-02-04 03:46:02.932006
SMMR,25.22,25.29,25.3,2217900.0,2041600.0,,,0,0,0,0,0,0,0,0,0,0,0,0,0,0,0,196,2026-02-04 03:46:02.932006
ATMN,25.39,24.92,25.19,2190900.0,2078700.0,10000.0,5000.0,0,0,0,0,0,0,0,0,0,0,0,0,0,0,0,196,2026-02-04 03:46:02.932006
WNTR,25.86,25.82,25.86,2004700.0,1273200.0,10000.0,,0,0,0,0,0,0,0,0,0,0,0,0,0,0,0,196,2026-02-04 03:46:02.932006
SPNG,25.3,24.79,24.9,5000.0,2245100.0,1847200.0,0,0,0,0,0,0,0,0,0,0,0,0,0,0,0,0,197,2026-02-04 03:46:03.964231
SMMR,25.33,25.37,25.44,,2175800.0,1811000.0,0,0,0,0,0,0,0,0,0,0,0,0,0,0,0,0,197,2026-02-04 03:46:03.964231
ATMN,25.39,25.17,25.19,,2319200.0,2169500.0,0,0,0,0,0,0,0,0,0,0,0,0,0,0,0,0,197,2026-02-04 03:46:03.964231
WNTR,25.95,25.82,25.95,,2131600.0,1170700.0,0,0,0,0,0,0,0,0,0,0,0,0,0,0,0,0,197,2026-02-04 03:46:03.964231
SPNG,25.36,24.79,25.36,5000.0,2245100.0,1623900.0,,0,0,0,0,0,0,0,0,0,0,0,0,0,0,0,198,2026-02-04 03:46:04.999359
SMMR,25.31,25.19,25.29,,2079500.0,2143200.0,10000.0,0,0,0,0,0,0,0,0,0,0,0,0,0,0,0,198,2026-02-04 03:46:04.999359
ATMN,25.19,25.17,25.19,,2324000.0,2201400.0,,0,0,0,0,0,0,0,0,0,0,0,0,0,0,0,198,2026-02-04 03:46:04.999359
WNTR,26.01,25.82,26.01,,2085000.0,1066400.0,,0,0,0,0,0,0,0,0,0,0,0,0,0,0,0,198,2026-02-04 03:46:04.999359
SPNG,25.36,24.78,24.93,2341800.0,1824900.0,,,0,0,0,0,0,0,0,0,0,0,0,0,0,0,0,199,2026-02-04 03:46:06.039397
SMMR,25.26,25.26,25.28,2210600.0,2037900.0,10000.0,,0,0,0,0,0,0,0,0,0,0,0,0,0,0,0,199,2026-02-04 03:46:06.039397
ATMN,25.19,25.17,25.19,2359000.0,2227400.0,,,0,0,0,0,0,0,0,0,0,0,0,0,0,0,0,199,2026-02-04 03:46:06.039397
WNTR,25.93,25.98,26.01,1967800.0,1149100.0,,10000.0,0,0,0,0,0,0,0,0,0,0,0,0,0,0,0,199,2026-02-04 03:46:06.039397
SPNG,24.93,24.78,24.93,2235200.0,1824900.0,,0,0,0,0,0,0,0,0,0,0,0,0,0,0,0,0,200,2026-02-04 03:46:07.074677
SMMR,25.04,25.27,25.31,1973800.0,2266800.0,10000.0,0,0,0,0,0,0,0,0,0,0,0,0,0,0,0,0,200,2026-02-04 03:46:07.074677
ATMN,25.33,25.17,25.33,2359000.0,2232600.0,,0,0,0,0,0,0,0,0,0,0,0,0,0,0,0,0,200,2026-02-04 03:46:07.074677
WNTR,25.82,25.95,25.96,1958400.0,1088300.0,10000.0,0,0,0,0,0,0,0,0,0,0,0,0,0,0,0,0,200,2026-02-04 03:46:07.074677
SPNG,24.93,25.12,25.36,2093100.0,5000.0,1824600.0,0,0,0,0,0,0,0,0,0,0,0,0,0,0,0,0,201,2026-02-04 03:46:08.108611
SMMR,24.94,24.97,25.31,1963300.0,,2266800.0,0,0,0,0,0,0,0,0,0,0,0,0,0,0,0,0,201,2026-02-04 03:46:08.108611
ATMN,25.17,25.17,25.33,2359000.0,,2269700.0,0,0,0,0,0,0,0,0,0,0,0,0,0,0,0,0,201,2026-02-04 03:46:08.108611
WNTR,25.82,25.95,25.96,2051400.0,,1259100.0,0,0,0,0,0,0,0,0,0,0,0,0,0,0,0,0,201,2026-02-04 03:46:08.108611
SPNG,24.68,24.68,25.19,2247300.0,1978800.0,,0,0,0,0,0,0,0,0,0,0,0,0,0,0,0,0,202,2026-02-04 03:46:09.146598
SMMR,25.38,25.38,25.39,2347600.0,2135000.0,,0,0,0,0,0,0,0,0,0,0,0,0,0,0,0,0,202,2026-02-04 03:46:09.146598
ATMN,25.39,24.91,25.32,2318600.0,2151800.0,10000.0,0,0,0,0,0,0,0,0,0,0,0,0,0,0,0,0,202,2026-02-04 03:46:09.146598
WNTR,25.92,25.82,25.89,2085000.0,1341700.0,,0,0,0,0,0,0,0,0,0,0,0,0,0,0,0,0,202,2026-02-04 03:46:09.146598
SPNG,24.68,25.0,25.19,2090000.0,5000.0,2011300.0,0,0,0,0,0,0,0,0,0,0,0,0,0,0,0,0,203,2026-02-04 03:46:09.673240
SMMR,25.27,25.37,25.39,2209100.0,10000.0,2221500.0,0,0,0,0,0,0,0,0,0,0,0,0,0,0,0,0,203,2026-02-04 03:46:09.673240
ATMN,25.32,25.32,25.39,2343800.0,,2258700.0,0,0,0,0,0,0,0,0,0,0,0,0,0,0,0,0,203,2026-02-04 03:46:09.673240
WNTR,25.9,25.9,25.96,2047500.0,,1259100.0,0,0,0,0,0,0,0,0,0,0,0,0,0,0,0,0,203,2026-02-04 03:46:09.673240
SPNG,24.68,25.0,25.19,2210800.0,2070300.0,,0,0,0,0,0,0,0,0,0,0,0,0,0,0,0,0,204,2026-02-04 03:46:10.712494
SMMR,24.95,24.95,25.36,1999900.0,2268000.0,,0,0,0,0,0,0,0,0,0,0,0,0,0,0,0,0,204,2026-02-04 03:46:10.712494
ATMN,25.32,24.91,25.25,2318600.0,2270800.0,,0,0,0,0,0,0,0,0,0,0,0,0,0,0,0,0,204,2026-02-04 03:46:10.712494
WNTR,26.02,25.91,25.97,1929400.0,1439500.0,5000.0,0,0,0,0,0,0,0,0,0,0,0,0,0,0,0,0,204,2026-02-04 03:46:10.712494
SPNG,24.68,25.0,25.19,2217600.0,2107200.0,0,0,0,0,0,0,0,0,0,0,0,0,0,0,0,0,0,205,2026-02-04 03:46:11.755399
SMMR,24.95,25.13,25.16,2205700.0,2304600.0,0,0,0,0,0,0,0,0,0,0,0,0,0,0,0,0,0,205,2026-02-04 03:46:11.755399
ATMN,25.32,25.15,25.25,2331400.0,2204000.0,0,0,0,0,0,0,0,0,0,0,0,0,0,0,0,0,0,205,2026-02-04 03:46:11.755399
WNTR,25.9,25.82,25.85,2062300.0,1733000.0,0,0,0,0,0,0,0,0,0,0,0,0,0,0,0,0,0,205,2026-02-04 03:46:11.755399
SPNG,24.95,25.14,25.19,2240200.0,2107200.0,0,0,0,0,0,0,0,0,0,0,0,0,0,0,0,0,0,206,2026-02-04 03:46:12.790771
SMMR,25.13,25.07,25.13,2249500.0,2298600.0,0,0,0,0,0,0,0,0,0,0,0,0,0,0,0,0,0,206,2026-02-04 03:46:12.790771
ATMN,25.15,25.15,25.25,2331400.0,2163300.0,0,0,0,0,0,0,0,0,0,0,0,0,0,0,0,0,0,206,2026-02-04 03:46:12.790771
WNTR,25.79,25.79,25.85,2071500.0,1848100.0,0,0,0,0,0,0,0,0,0,0,0,0,0,0,0,0,0,206,2026-02-04 03:46:12.790771
SPNG,25.19,25.03,25.17,2239800.0,10000.0,1994600.0,0,0,0,0,0,0,0,0,0,0,0,0,0,0,0,0,207,2026-02-04 03:46:13.839911
SMMR,24.98,25.11,25.13,2388200.0,,2298600.0,0,0,0,0,0,0,0,0,0,0,0,0,0,0,0,0,207,2026-02-04 03:46:13.839911
ATMN,25.15,24.91,25.03,2366300.0,10000.0,2058400.0,0,0,0,0,0,0,0,0,0,0,0,0,0,0,0,0,207,2026-02-04 03:46:13.839911
WNTR,26.02,25.79,26.02,2071500.0,,1664400.0,0,0,0,0,0,0,0,0,0,0,0,0,0,0,0,0,207,2026-02-04 03:46:13.839911
SPNG,25.03,25.03,25.19,2239800.0,2081600.0,,0,0,0,0,0,0,0,0,0,0,0,0,0,0,0,0,208,2026-02-04 03:46:14.895767
SMMR,25.11,25.11,25.13,2488600.0,2298600.0,,0,0,0,0,0,0,0,0,0,0,0,0,0,0,0,0,208,2026-02-04 03:46:14.895767
ATMN,25.33,24.92,24.93,2244900.0,2211100.0,10000.0,0,0,0,0,0,0,0,0,0,0,0,0,0,0,0,0,208,2026-02-04 03:46:14.895767
WNTR,25.83,25.87,26.02,1948600.0,1664400.0,5000.0,0,0,0,0,0,0,0,0,0,0,0,0,0,0,0,0,208,2026-02-04 03:46:14.895767
SPNG,25.04,25.04,25.19,2254000.0,2083800.0,0,0,0,0,0,0,0,0,0,0,0,0,0,0,0,0,0,209,2026-02-04 03:46:15.942028
SMMR,25.36,25.11,25.36,2461900.0,2268000.0,0,0,0,0,0,0,0,0,0,0,0,0,0,0,0,0,0,209,2026-02-04 03:46:15.942028
ATMN,25.33,24.91,24.93,2364300.0,2211100.0,0,0,0,0,0,0,0,0,0,0,0,0,0,0,0,0,0,209,2026-02-04 03:46:15.942028
WNTR,25.79,25.87,25.92,2077200.0,1773200.0,0,0,0,0,0,0,0,0,0,0,0,0,0,0,0,0,0,209,2026-02-04 03:46:15.942028
SPNG,25.19,24.68,25.19,2223200.0,2083800.0,0,0,0,0,0,0,0,0,0,0,0,0,0,0,0,0,0,210,2026-02-04 03:46:17.001029
SMMR,25.05,25.05,25.1,2459700.0,2280400.0,0,0,0,0,0,0,0,0,0,0,0,0,0,0,0,0,0,210,2026-02-04 03:46:17.001029
ATMN,25.33,24.91,24.93,2361900.0,2211100.0,0,0,0,0,0,0,0,0,0,0,0,0,0,0,0,0,0,210,2026-02-04 03:46:17.001029
WNTR,25.87,25.87,26.02,2077200.0,1744100.0,0,0,0,0,0,0,0,0,0,0,0,0,0,0,0,0,0,210,2026-02-04 03:46:17.001029
SPNG,24.65,25.25,25.31,2212500.0,10000.0,1980600.0,,0,0,0,0,0,0,0,0,0,0,0,0,0,0,0,211,2026-02-04 03:46:18.038137
SMMR,25.1,25.12,25.36,2472600.0,,2285300.0,,0,0,0,0,0,0,0,0,0,0,0,0,0,0,0,211,2026-02-04 03:46:18.038137
ATMN,24.93,24.91,24.93,2360000.0,,2211100.0,,0,0,0,0,0,0,0,0,0,0,0,0,0,0,0,211,2026-02-04 03:46:18.038137
WNTR,25.79,25.76,25.79,1949800.0,,1930200.0,5000.0,0,0,0,0,0,0,0,0,0,0,0,0,0,0,0,211,2026-02-04 03:46:18.038137
SPNG,24.85,25.21,25.3,2208000.0,10000.0,1980600.0,,0,0,0,0,0,0,0,0,0,0,0,0,0,0,0,212,2026-02-04 03:46:19.075786
SMMR,25.1,25.22,25.35,2349300.0,10000.0,2169700.0,5000.0,0,0,0,0,0,0,0,0,0,0,0,0,0,0,0,212,2026-02-04 03:46:19.075786
ATMN,24.91,24.91,25.33,2253000.0,,2168000.0,10000.0,0,0,0,0,0,0,0,0,0,0,0,0,0,0,0,212,2026-02-04 03:46:19.075786
WNTR,25.94,25.78,25.94,2034300.0,,1950400.0,,0,0,0,0,0,0,0,0,0,0,0,0,0,0,0,212,2026-02-04 03:46:19.075786
SPNG,24.6,25.04,25.32,2123900.0,10000.0,2071100.0,0,0,0,0,0,0,0,0,0,0,0,0,0,0,0,0,213,2026-02-04 03:46:20.114160
SMMR,25.3,25.31,25.36,2348800.0,10000.0,2268900.0,0,0,0,0,0,0,0,0,0,0,0,0,0,0,0,0,213,2026-02-04 03:46:20.114160
ATMN,25.33,25.05,25.17,2265800.0,10000.0,2167500.0,0,0,0,0,0,0,0,0,0,0,0,0,0,0,0,0,213,2026-02-04 03:46:20.114160
WNTR,25.94,25.87,25.94,2036400.0,,1918600.0,0,0,0,0,0,0,0,0,0,0,0,0,0,0,0,0,213,2026-02-04 03:46:20.114160
SPNG,25.04,25.04,25.21,2223000.0,2129200.0,0,0,0,0,0,0,0,0,0,0,0,0,0,0,0,0,0,214,2026-02-04 03:46:21.151607
SMMR,25.39,25.3,25.39,2448200.0,2272600.0,0,0,0,0,0,0,0,0,0,0,0,0,0,0,0,0,0,214,2026-02-04 03:46:21.151607
ATMN,25.17,25.05,25.17,2374100.0,2167500.0,0,0,0,0,0,0,0,0,0,0,0,0,0,0,0,0,0,214,2026-02-04 03:46:21.151607
WNTR,26.03,25.87,26.03,2036400.0,1931400.0,0,0,0,0,0,0,0,0,0,0,0,0,0,0,0,0,0,214,2026-02-04 03:46:21.151607
SPNG,25.04,25.04,25.21,2223000.0,2169500.0,0,0,0,0,0,0,0,0,0,0,0,0,0,0,0,0,0,215,2026-02-04 03:46:22.181067
SMMR,25.3,25.26,25.28,2448700.0,2249100.0,0,0,0,0,0,0,0,0,0,0,0,0,0,0,0,0,0,215,2026-02-04 03:46:22.181067
ATMN,25.05,25.05,25.39,2374100.0,2264900.0,0,0,0,0,0,0,0,0,0,0,0,0,0,0,0,0,0,215,2026-02-04 03:46:22.181067
WNTR,26.03,25.99,26.02,2008100.0,1931900.0,0,0,0,0,0,0,0,0,0,0,0,0,0,0,0,0,0,215,2026-02-04 03:46:22.181067
SPNG,25.05,24.6,24.77,2192700.0,2050600.0,10000.0,,0,0,0,0,0,0,0,0,0,0,0,0,0,0,0,216,2026-02-04 03:46:22.716541
SMMR,25.3,25.26,25.28,2440200.0,2171100.0,10000.0,,0,0,0,0,0,0,0,0,0,0,0,0,0,0,0,216,2026-02-04 03:46:22.716541
ATMN,25.05,25.23,25.39,2253000.0,2248100.0,,10000.0,0,0,0,0,0,0,0,0,0,0,0,0,0,0,0,216,2026-02-04 03:46:22.716541
WNTR,25.88,25.95,26.02,2024300.0,1931900.0,,,0,0,0,0,0,0,0,0,0,0,0,0,0,0,0,216,2026-02-04 03:46:22.716541
SPNG,24.77,24.84,25.08,10000.0,2125600.0,2168000.0,0,0,0,0,0,0,0,0,0,0,0,0,0,0,0,0,217,2026-02-04 03:46:23.821519
SMMR,25.22,25.22,25.39,,2474300.0,2275500.0,0,0,0,0,0,0,0,0,0,0,0,0,0,0,0,0,217,2026-02-04 03:46:23.821519
ATMN,25.4,25.23,25.4,,2370800.0,2235200.0,0,0,0,0,0,0,0,0,0,0,0,0,0,0,0,0,217,2026-02-04 03:46:23.821519
WNTR,25.89,25.87,26.02,,2036400.0,1931900.0,0,0,0,0,0,0,0,0,0,0,0,0,0,0,0,0,217,2026-02-04 03:46:23.821519
SPNG,25.08,24.83,25.08,2228500.0,2168000.0,,0,0,0,0,0,0,0,0,0,0,0,0,0,0,0,0,218,2026-02-04 03:46:24.857032
SMMR,25.22,25.22,25.38,2496500.0,2163200.0,8000.0,0,0,0,0,0,0,0,0,0,0,0,0,0,0,0,0,218,2026-02-04 03:46:24.857032
ATMN,25.18,25.26,25.4,2388200.0,2235200.0,,0,0,0,0,0,0,0,0,0,0,0,0,0,0,0,0,218,2026-02-04 03:46:24.857032
WNTR,26.02,25.87,25.89,2001200.0,1857500.0,3000.0,0,0,0,0,0,0,0,0,0,0,0,0,0,0,0,0,218,2026-02-04 03:46:24.857032
SPNG,24.8,24.85,25.08,2217100.0,2168000.0,0,0,0,0,0,0,0,0,0,0,0,0,0,0,0,0,0,219,2026-02-04 03:46:25.890638
SMMR,25.15,25.2,25.38,2512100.0,2262400.0,0,0,0,0,0,0,0,0,0,0,0,0,0,0,0,0,0,219,2026-02-04 03:46:25.890638
ATMN,25.27,25.05,25.19,2374100.0,2185800.0,0,0,0,0,0,0,0,0,0,0,0,0,0,0,0,0,0,219,2026-02-04 03:46:25.890638
WNTR,25.89,25.91,26.02,1977100.0,1952800.0,0,0,0,0,0,0,0,0,0,0,0,0,0,0,0,0,0,219,2026-02-04 03:46:25.890638
SPNG,24.8,24.86,25.07,10000.0,2116900.0,10000.0,2049100.0,0,0,0,0,0,0,0,0,0,0,0,0,0,0,0,220,2026-02-04 03:46:26.920825
SMMR,25.15,25.3,25.32,5000.0,2388700.0,5000.0,2154200.0,0,0,0,0,0,0,0,0,0,0,0,0,0,0,0,220,2026-02-04 03:46:26.920825
ATMN,25.27,25.05,25.19,,2339900.0,,2185800.0,0,0,0,0,0,0,0,0,0,0,0,0,0,0,0,220,2026-02-04 03:46:26.920825
WNTR,26.03,25.87,26.03,,1985900.0,,1938600.0,0,0,0,0,0,0,0,0,0,0,0,0,0,0,0,220,2026-02-04 03:46:26.920825
SPNG,25.21,24.86,25.07,10000.0,2111400.0,5000.0,2015100.0,0,0,0,0,0,0,0,0,0,0,0,0,0,0,0,221,2026-02-04 03:46:27.953963
SMMR,25.38,25.3,25.37,,2496200.0,,2280900.0,0,0,0,0,0,0,0,0,0,0,0,0,0,0,0,221,2026-02-04 03:46:27.953963
ATMN,25.07,25.15,25.4,,2322400.0,,2217700.0,0,0,0,0,0,0,0,0,0,0,0,0,0,0,0,221,2026-02-04 03:46:27.953963
WNTR,25.98,25.9,25.98,,1958200.0,,1946200.0,0,0,0,0,0,0,0,0,0,0,0,0,0,0,0,221,2026-02-04 03:46:27.953963
SPNG,24.85,24.85,25.32,2229000.0,2125600.0,,0,0,0,0,0,0,0,0,0,0,0,0,0,0,0,0,222,2026-02-04 03:46:28.990696
SMMR,25.38,25.3,25.36,2491700.0,2163900.0,10000.0,0,0,0,0,0,0,0,0,0,0,0,0,0,0,0,0,222,2026-02-04 03:46:28.990696
ATMN,25.42,25.15,25.42,2322400.0,2224200.0,,0,0,0,0,0,0,0,0,0,0,0,0,0,0,0,0,222,2026-02-04 03:46:28.990696
WNTR,26.05,25.9,26.03,1958200.0,1920600.0,,0,0,0,0,0,0,0,0,0,0,0,0,0,0,0,0,222,2026-02-04 03:46:28.990696
SPNG,24.85,24.85,25.22,2219800.0,2104700.0,,,0,0,0,0,0,0,0,0,0,0,0,0,0,0,0,223,2026-02-04 03:46:30.031639
SMMR,25.3,25.21,25.25,2466700.0,2162500.0,5000.0,,0,0,0,0,0,0,0,0,0,0,0,0,0,0,0,223,2026-02-04 03:46:30.031639
ATMN,25.43,25.16,25.43,2172200.0,2224500.0,,5000.0,0,0,0,0,0,0,0,0,0,0,0,0,0,0,0,223,2026-02-04 03:46:30.031639
WNTR,26.05,25.97,26.03,1969200.0,1918800.0,,,0,0,0,0,0,0,0,0,0,0,0,0,0,0,0,223,2026-02-04 03:46:30.031639
SPNG,24.85,24.85,25.22,2228900.0,2078300.0,,,0,0,0,0,0,0,0,0,0,0,0,0,0,0,0,224,2026-02-04 03:46:31.065521
SMMR,25.2,25.15,25.16,2473200.0,2142800.0,5000.0,,0,0,0,0,0,0,0,0,0,0,0,0,0,0,0,224,2026-02-04 03:46:31.065521
ATMN,25.45,25.46,25.47,2209100.0,2251400.0,,5000.0,0,0,0,0,0,0,0,0,0,0,0,0,0,0,0,224,2026-02-04 03:46:31.065521
WNTR,26.03,25.97,26.03,1949600.0,1946000.0,,,0,0,0,0,0,0,0,0,0,0,0,0,0,0,0,224,2026-02-04 03:46:31.065521
SPNG,24.85,24.86,24.91,5000.0,2127300.0,2062800.0,0,0,0,0,0,0,0,0,0,0,0,0,0,0,0,0,225,2026-02-04 03:46:32.098161
SMMR,25.36,25.15,25.36,,2436100.0,2281600.0,0,0,0,0,0,0,0,0,0,0,0,0,0,0,0,0,225,2026-02-04 03:46:32.098161
ATMN,25.45,25.46,25.47,,2334900.0,2219800.0,0,0,0,0,0,0,0,0,0,0,0,0,0,0,0,0,225,2026-02-04 03:46:32.098161
WNTR,26.03,25.98,26.03,10000.0,1832100.0,1945200.0,0,0,0,0,0,0,0,0,0,0,0,0,0,0,0,0,225,2026-02-04 03:46:32.098161
SPNG,25.32,24.86,25.32,5000.0,2106300.0,2098700.0,0,0,0,0,0,0,0,0,0,0,0,0,0,0,0,0,226,2026-02-04 03:46:33.138338
SMMR,25.38,25.22,25.38,,2440300.0,2272500.0,0,0,0,0,0,0,0,0,0,0,0,0,0,0,0,0,226,2026-02-04 03:46:33.138338
ATMN,25.45,25.05,25.39,,2334000.0,2176800.0,0,0,0,0,0,0,0,0,0,0,0,0,0,0,0,0,226,2026-02-04 03:46:33.138338
WNTR,25.97,25.98,26.03,10000.0,1839900.0,1945200.0,0,0,0,0,0,0,0,0,0,0,0,0,0,0,0,0,226,2026-02-04 03:46:33.138338
SPNG,24.91,24.85,24.91,2224100.0,2068700.0,0,0,0,0,0,0,0,0,0,0,0,0,0,0,0,0,0,227,2026-02-04 03:46:34.174057
SMMR,25.22,25.15,25.22,2436100.0,2298900.0,0,0,0,0,0,0,0,0,0,0,0,0,0,0,0,0,0,227,2026-02-04 03:46:34.174057
ATMN,25.0,25.08,25.39,2292600.0,2176800.0,0,0,0,0,0,0,0,0,0,0,0,0,0,0,0,0,0,227,2026-02-04 03:46:34.174057
WNTR,25.93,25.9,25.91,1920700.0,1963500.0,0,0,0,0,0,0,0,0,0,0,0,0,0,0,0,0,0,227,2026-02-04 03:46:34.174057
SPNG,25.34,24.87,25.34,2185300.0,2116800.0,,0,0,0,0,0,0,0,0,0,0,0,0,0,0,0,0,228,2026-02-04 03:46:35.216690
SMMR,25.31,25.15,25.31,2454200.0,2265000.0,,0,0,0,0,0,0,0,0,0,0,0,0,0,0,0,0,228,2026-02-04 03:46:35.216690
ATMN,25.47,25.08,25.38,2292600.0,2049800.0,10000.0,0,0,0,0,0,0,0,0,0,0,0,0,0,0,0,0,228,2026-02-04 03:46:35.216690
WNTR,25.9,25.9,26.03,1954100.0,1945200.0,,0,0,0,0,0,0,0,0,0,0,0,0,0,0,0,0,228,2026-02-04 03:46:35.216690
SPNG,25.34,24.88,25.34,5000.0,2071500.0,2116800.0,,0,0,0,0,0,0,0,0,0,0,0,0,0,0,0,229,2026-02-04 03:46:36.253399
SMMR,25.15,25.22,25.3,10000.0,2384200.0,2125500.0,10000.0,0,0,0,0,0,0,0,0,0,0,0,0,0,0,0,229,2026-02-04 03:46:36.253399
ATMN,25.08,25.19,25.47,,2319400.0,2177900.0,,0,0,0,0,0,0,0,0,0,0,0,0,0,0,0,229,2026-02-04 03:46:36.253399
