ticker,last_price,bid_price,ask_price,BUY_ANON,SELL_ANON,BUY_GIOT-3,SELL_WRSW-1,BUY_UEBR-1,SELL_GIOT-4,SELL_UEBR-1,BUY_WRSW-1,BUY_WRSW-2,BUY_GIOT-4,SELL_GIOT-3,SELL_WRSW-2,tick,timestamp,news_news_id,news_period,news_tick,news_ticker,news_headline,news_body
SPNG,24.96,24.96,25.15,2154300.0,2383300.0,0,0,0,0,0,0,0,0,0,0,1,2026-02-03 05:23:04.255612,2.0,1.0,1.0,,Aggregate Position Limit,Your CRO has set the aggregate position limit to 14000 shares for this week.
SMMR,25.06,24.99,25.04,2301300.0,2311800.0,0,0,0,0,0,0,0,0,0,0,1,2026-02-03 05:23:04.255612,1.0,1.0,1.0,,Welcome to the RITC 2026 Alogithmic Market Making Case - practice server,
ATMN,24.81,24.75,24.8,2318200.0,2220700.0,0,0,0,0,0,0,0,0,0,0,1,2026-02-03 05:23:04.255612,,,,,,
WNTR,25.13,24.94,25.0,2172200.0,2081100.0,0,0,0,0,0,0,0,0,0,0,1,2026-02-03 05:23:04.255612,,,,,,
SPNG,25.15,25.37,25.38,2413800.0,2335700.0,0,0,0,0,0,0,0,0,0,0,2,2026-02-03 05:23:05.309433
SMMR,24.98,24.91,24.92,2320100.0,2439300.0,0,0,0,0,0,0,0,0,0,0,2,2026-02-03 05:23:05.309433
ATMN,25.2,25.0,25.2,2344000.0,1822100.0,0,0,0,0,0,0,0,0,0,0,2,2026-02-03 05:23:05.309433
WNTR,24.94,24.94,25.0,2179000.0,2081100.0,0,0,0,0,0,0,0,0,0,0,2,2026-02-03 05:23:05.309433
SPNG,24.96,24.96,25.38,2279200.0,2340400.0,0,0,0,0,0,0,0,0,0,0,3,2026-02-03 05:23:06.359214
SMMR,24.91,24.91,24.92,2310800.0,2439300.0,0,0,0,0,0,0,0,0,0,0,3,2026-02-03 05:23:06.359214
ATMN,25.0,25.0,25.2,2362900.0,1916400.0,0,0,0,0,0,0,0,0,0,0,3,2026-02-03 05:23:06.359214
WNTR,25.15,24.94,25.15,2179000.0,1884200.0,0,0,0,0,0,0,0,0,0,0,3,2026-02-03 05:23:06.359214
SPNG,24.96,24.96,25.07,2279200.0,2299300.0,0,0,0,0,0,0,0,0,0,0,4,2026-02-03 05:23:07.387815
SMMR,24.89,24.89,25.04,2326900.0,2311800.0,0,0,0,0,0,0,0,0,0,0,4,2026-02-03 05:23:07.387815
ATMN,25.26,25.02,25.26,2335800.0,1686100.0,0,0,0,0,0,0,0,0,0,0,4,2026-02-03 05:23:07.387815
WNTR,24.95,25.0,25.15,2181000.0,1999000.0,0,0,0,0,0,0,0,0,0,0,4,2026-02-03 05:23:07.387815
SPNG,25.28,24.96,25.03,2279200.0,2349500.0,0,0,0,0,0,0,0,0,0,0,5,2026-02-03 05:23:08.423672
SMMR,24.89,24.94,25.04,2327200.0,2428600.0,0,0,0,0,0,0,0,0,0,0,5,2026-02-03 05:23:08.423672
ATMN,25.02,25.02,25.32,2335800.0,1675400.0,0,0,0,0,0,0,0,0,0,0,5,2026-02-03 05:23:08.423672
WNTR,24.95,25.0,25.02,2181000.0,2239500.0,0,0,0,0,0,0,0,0,0,0,5,2026-02-03 05:23:08.423672
SPNG,25.03,24.96,25.03,2411200.0,2319600.0,0,0,0,0,0,0,0,0,0,0,6,2026-02-03 05:23:09.454337
SMMR,25.04,25.0,25.04,2333500.0,2428600.0,0,0,0,0,0,0,0,0,0,0,6,2026-02-03 05:23:09.454337
ATMN,24.75,24.75,25.32,2330000.0,1675400.0,0,0,0,0,0,0,0,0,0,0,6,2026-02-03 05:23:09.454337
WNTR,25.02,25.01,25.02,2187400.0,2217100.0,0,0,0,0,0,0,0,0,0,0,6,2026-02-03 05:23:09.454337
SPNG,25.28,24.91,25.02,2432600.0,7500.0,2194400.0,,0,0,0,0,0,0,0,0,7,2026-02-03 05:23:10.482484
SMMR,24.94,24.94,24.97,2336100.0,7500.0,2300500.0,,0,0,0,0,0,0,0,0,7,2026-02-03 05:23:10.482484
ATMN,24.94,24.95,25.31,2251700.0,7500.0,1675400.0,7500.0,0,0,0,0,0,0,0,0,7,2026-02-03 05:23:10.482484
WNTR,24.79,24.79,25.02,2060600.0,,2221500.0,,0,0,0,0,0,0,0,0,7,2026-02-03 05:23:10.482484
SPNG,25.09,25.09,25.28,2200400.0,15000.0,2280200.0,,,,0,0,0,0,0,0,8,2026-02-03 05:23:11.508440
SMMR,25.04,24.96,25.04,2310200.0,,2428600.0,,,,0,0,0,0,0,0,8,2026-02-03 05:23:11.508440
ATMN,24.75,24.75,25.32,2367700.0,,1774800.0,,,,0,0,0,0,0,0,8,2026-02-03 05:23:11.508440
WNTR,24.73,24.95,25.01,1899500.0,7500.0,1979300.0,7500.0,7500.0,7500.0,0,0,0,0,0,0,8,2026-02-03 05:23:11.508440
SPNG,25.09,25.09,25.17,2070800.0,7500.0,15000.0,2132200.0,7500.0,,0,0,0,0,0,0,9,2026-02-03 05:23:12.536353
SMMR,25.04,25.02,25.04,2242800.0,7500.0,,2185600.0,7500.0,7500.0,0,0,0,0,0,0,9,2026-02-03 05:23:12.536353
ATMN,24.75,24.94,25.14,2265900.0,7500.0,,2117900.0,7500.0,,0,0,0,0,0,0,9,2026-02-03 05:23:12.536353
WNTR,24.95,24.81,24.88,2152500.0,,,2216300.0,,,0,0,0,0,0,0,9,2026-02-03 05:23:12.536353
SPNG,24.88,24.88,25.17,2445000.0,2254800.0,,,,,0,0,0,0,0,0,10,2026-02-03 05:23:13.559900
SMMR,25.06,25.07,25.11,2282600.0,2344500.0,5625.0,5625.0,,,0,0,0,0,0,0,10,2026-02-03 05:23:13.559900
ATMN,25.25,24.96,24.97,2265900.0,2142400.0,,,5625.0,5625.0,0,0,0,0,0,0,10,2026-02-03 05:23:13.559900
WNTR,24.86,24.86,24.87,2027400.0,2095200.0,,,5625.0,5625.0,0,0,0,0,0,0,10,2026-02-03 05:23:13.559900
SPNG,25.28,25.29,25.38,2301600.0,6093.0,2291400.0,,,0,0,0,0,0,0,0,11,2026-02-03 05:23:14.581466
SMMR,25.15,24.96,25.15,2322200.0,,2454000.0,,,0,0,0,0,0,0,0,11,2026-02-03 05:23:14.581466
ATMN,24.97,25.25,25.29,2144000.0,,2134500.0,13125.0,1875.0,0,0,0,0,0,0,0,11,2026-02-03 05:23:14.581466
WNTR,24.86,24.86,25.02,1914300.0,5625.0,2198600.0,7500.0,,0,0,0,0,0,0,0,11,2026-02-03 05:23:14.581466
SPNG,25.18,25.21,25.26,2190800.0,2197200.0,7500.0,,,,0,0,0,0,0,0,12,2026-02-03 05:23:15.610657
SMMR,24.89,24.97,25.08,2060800.0,2092200.0,14531.0,4570.0,7031.0,4570.0,0,0,0,0,0,0,12,2026-02-03 05:23:15.610657
ATMN,24.88,25.05,25.3,2364200.0,2249500.0,,,,,0,0,0,0,0,0,12,2026-02-03 05:23:15.610657
WNTR,24.88,24.86,24.88,1914300.0,2239100.0,,5625.0,7500.0,,0,0,0,0,0,0,12,2026-02-03 05:23:15.610657
SPNG,25.06,24.84,24.99,2077800.0,2232100.0,7031.0,,,,0,0,0,0,0,0,13,2026-02-03 05:23:16.640538
SMMR,24.89,24.89,25.05,2318800.0,2446900.0,,,,,0,0,0,0,0,0,13,2026-02-03 05:23:16.640538
ATMN,25.13,25.13,25.14,2234300.0,2097200.0,,1875.0,6093.0,,0,0,0,0,0,0,13,2026-02-03 05:23:16.640538
WNTR,24.88,24.86,24.88,1933500.0,2249300.0,,7500.0,,5625.0,0,0,0,0,0,0,13,2026-02-03 05:23:16.640538
SPNG,25.06,24.84,24.99,2077800.0,12186.0,2108200.0,,,,0,0,0,0,0,0,14,2026-02-03 05:23:17.666287
SMMR,24.89,24.89,24.95,2334800.0,7383.0,2203700.0,500.0,,,0,0,0,0,0,0,14,2026-02-03 05:23:17.666287
ATMN,25.05,25.0,25.01,2336100.0,,2240400.0,,,,0,0,0,0,0,0,14,2026-02-03 05:23:17.666287
WNTR,24.88,24.9,25.02,1968600.0,,2236200.0,,7500.0,5625.0,0,0,0,0,0,0,14,2026-02-03 05:23:17.666287
SPNG,24.65,24.65,24.99,1876400.0,6093.0,6218.0,2108200.0,0,0,0,0,0,0,0,0,15,2026-02-03 05:23:18.690621
SMMR,24.87,24.87,24.94,2313200.0,,500.0,2321100.0,0,0,0,0,0,0,0,0,15,2026-02-03 05:23:18.690621
ATMN,25.14,25.0,25.04,2336100.0,4072.0,,2134500.0,0,0,0,0,0,0,0,0,15,2026-02-03 05:23:18.690621
WNTR,24.86,24.86,24.92,2161100.0,,,2190200.0,0,0,0,0,0,0,0,0,15,2026-02-03 05:23:18.690621
SPNG,25.26,24.84,24.99,1282.0,2066500.0,1282.0,2208300.0,,,0,0,0,0,0,0,16,2026-02-03 05:23:19.722426
SMMR,24.87,24.9,24.94,,2330200.0,7500.0,1969400.0,13242.0,,0,0,0,0,0,0,16,2026-02-03 05:23:19.722426
ATMN,24.69,25.0,25.05,,2247000.0,7500.0,2134500.0,,4747.0,0,0,0,0,0,0,16,2026-02-03 05:23:19.722426
WNTR,24.74,24.74,24.92,,2170800.0,7500.0,2095000.0,,,0,0,0,0,0,0,16,2026-02-03 05:23:19.722426
SPNG,25.26,24.84,24.92,3157.0,2066500.0,2223800.0,1875.0,,,0,0,0,0,0,0,17,2026-02-03 05:23:20.746787
SMMR,24.94,24.9,24.94,,2292300.0,2098300.0,7500.0,13242.0,,0,0,0,0,0,0,17,2026-02-03 05:23:20.746787
ATMN,25.32,25.2,25.32,,2240400.0,2226700.0,,,675.0,0,0,0,0,0,0,17,2026-02-03 05:23:20.746787
WNTR,24.89,24.75,24.89,,2077100.0,1994800.0,7500.0,4358.0,4358.0,0,0,0,0,0,0,17,2026-02-03 05:23:20.746787
SPNG,24.84,24.86,24.92,2323600.0,4358.0,2223800.0,4358.0,,0,0,0,0,0,0,0,18,2026-02-03 05:23:21.776363
SMMR,25.08,24.93,25.08,2287400.0,,2441700.0,,,0,0,0,0,0,0,0,18,2026-02-03 05:23:21.776363
ATMN,25.2,25.2,25.23,2240400.0,675.0,2214700.0,,,0,0,0,0,0,0,0,18,2026-02-03 05:23:21.776363
WNTR,24.73,24.79,24.87,2080200.0,4358.0,2090200.0,,7500.0,0,0,0,0,0,0,0,18,2026-02-03 05:23:21.776363
SPNG,24.65,24.65,24.91,2654800.0,8716.0,2002800.0,5625.0,,,0,0,0,0,0,0,19,2026-02-03 05:23:22.800817
SMMR,24.93,24.93,25.08,2212400.0,,2317900.0,5625.0,5625.0,,0,0,0,0,0,0,19,2026-02-03 05:23:22.800817
ATMN,25.0,24.74,24.87,2356800.0,,2104300.0,5625.0,,,0,0,0,0,0,0,19,2026-02-03 05:23:22.800817
WNTR,24.73,24.85,24.86,2083400.0,6410.0,2001400.0,7500.0,,6410.0,0,0,0,0,0,0,19,2026-02-03 05:23:22.800817
SPNG,24.48,24.65,24.98,5625.0,2404600.0,2351000.0,,,0,0,0,0,0,0,0,20,2026-02-03 05:23:23.827254
SMMR,24.93,24.95,25.07,5625.0,2227800.0,2208700.0,6735.0,5625.0,0,0,0,0,0,0,0,20,2026-02-03 05:23:23.827254
ATMN,25.23,24.74,25.23,,2418100.0,2080400.0,1300.0,,0,0,0,0,0,0,0,20,2026-02-03 05:23:23.827254
WNTR,24.85,24.85,24.86,,2190300.0,2081200.0,,7500.0,0,0,0,0,0,0,0,20,2026-02-03 05:23:23.827254
SPNG,24.98,25.1,25.26,2509300.0,5625.0,2309100.0,,0,0,0,0,0,0,0,0,21,2026-02-03 05:23:24.850458
SMMR,24.93,24.95,24.96,2367100.0,,2469600.0,,0,0,0,0,0,0,0,0,21,2026-02-03 05:23:24.850458
ATMN,25.27,25.03,25.27,2293400.0,,2187400.0,5110.0,0,0,0,0,0,0,0,0,21,2026-02-03 05:23:24.850458
WNTR,24.86,24.85,24.87,2219100.0,,2185600.0,,0,0,0,0,0,0,0,0,21,2026-02-03 05:23:24.850458
SPNG,25.1,25.1,25.26,2319200.0,5625.0,6222.0,2334200.0,,0,0,0,0,0,0,0,22,2026-02-03 05:23:25.375645
SMMR,24.96,24.95,24.96,2353300.0,,,2469600.0,,0,0,0,0,0,0,0,22,2026-02-03 05:23:25.375645
ATMN,25.27,25.03,25.27,2415100.0,,,2092400.0,6568.0,0,0,0,0,0,0,0,22,2026-02-03 05:23:25.375645
WNTR,24.84,24.84,24.86,2200100.0,,,1971400.0,3800.0,0,0,0,0,0,0,0,22,2026-02-03 05:23:25.375645
SPNG,24.48,25.11,25.26,5625.0,2544100.0,2346000.0,,,0,0,0,0,0,0,0,23,2026-02-03 05:23:26.405954
SMMR,25.08,24.95,25.06,,2353300.0,2191100.0,4667.0,6568.0,0,0,0,0,0,0,0,23,2026-02-03 05:23:26.405954
ATMN,25.36,24.82,25.36,,2430400.0,2217800.0,,,0,0,0,0,0,0,0,23,2026-02-03 05:23:26.405954
WNTR,24.9,24.73,24.9,,2193200.0,2153100.0,,,0,0,0,0,0,0,0,23,2026-02-03 05:23:26.405954
SPNG,24.73,24.48,24.53,2404600.0,2330800.0,,,0,0,0,0,0,0,0,0,24,2026-02-03 05:23:27.432380
SMMR,25.09,25.07,25.08,2316400.0,2437800.0,,,0,0,0,0,0,0,0,0,24,2026-02-03 05:23:27.432380
ATMN,24.74,25.15,25.21,2258100.0,2196400.0,7500.0,,0,0,0,0,0,0,0,0,24,2026-02-03 05:23:27.432380
WNTR,24.79,24.73,24.79,2197900.0,2077900.0,,7222.0,0,0,0,0,0,0,0,0,24,2026-02-03 05:23:27.432380
SPNG,24.53,24.51,24.53,2650600.0,2330800.0,,,,0,0,0,0,0,0,0,25,2026-02-03 05:23:28.460408
SMMR,24.98,25.05,25.08,2355300.0,2437800.0,,,,0,0,0,0,0,0,0,25,2026-02-03 05:23:28.460408
ATMN,25.36,24.95,25.36,2273500.0,2217800.0,4139.0,,,0,0,0,0,0,0,0,25,2026-02-03 05:23:28.460408
WNTR,24.9,24.79,24.85,2089900.0,2058800.0,,7500.0,7500.0,0,0,0,0,0,0,0,25,2026-02-03 05:23:28.460408
SPNG,24.92,24.51,24.53,2234700.0,11250.0,6222.0,2103900.0,3750.0,0,0,0,0,0,0,0,26,2026-02-03 05:23:29.487485
SMMR,25.1,24.95,25.1,2318800.0,,,2419000.0,,0,0,0,0,0,0,0,26,2026-02-03 05:23:29.487485
ATMN,24.95,24.95,25.36,2273500.0,3750.0,,2113300.0,3750.0,0,0,0,0,0,0,0,26,2026-02-03 05:23:29.487485
WNTR,24.79,24.79,24.9,2193000.0,,,2175600.0,,0,0,0,0,0,0,0,26,2026-02-03 05:23:29.487485
SPNG,24.92,24.51,24.53,2481300.0,6222.0,2202200.0,,0,0,0,0,0,0,0,0,27,2026-02-03 05:23:30.512038
SMMR,25.12,24.95,25.12,2238800.0,,2432000.0,3750.0,0,0,0,0,0,0,0,0,27,2026-02-03 05:23:30.512038
ATMN,24.95,24.95,25.09,2369700.0,,2254500.0,,0,0,0,0,0,0,0,0,27,2026-02-03 05:23:30.512038
WNTR,24.92,24.79,24.92,2005200.0,,2173700.0,15000.0,0,0,0,0,0,0,0,0,27,2026-02-03 05:23:30.512038
SPNG,24.51,24.51,25.26,2487000.0,2352400.0,,,0,0,0,0,0,0,0,0,28,2026-02-03 05:23:31.539455
SMMR,24.94,24.93,24.94,2324400.0,2431800.0,,,0,0,0,0,0,0,0,0,28,2026-02-03 05:23:31.539455
ATMN,24.82,24.74,24.82,2345800.0,2057600.0,4694.0,6173.0,0,0,0,0,0,0,0,0,28,2026-02-03 05:23:31.539455
WNTR,24.77,24.77,24.88,2211500.0,2066200.0,,4675.0,0,0,0,0,0,0,0,0,28,2026-02-03 05:23:31.539455
SPNG,25.28,24.51,25.26,2403100.0,5081.0,5081.0,2236400.0,0,0,0,0,0,0,0,0,29,2026-02-03 05:23:32.577290
SMMR,25.04,24.93,24.95,2367100.0,,,2451900.0,0,0,0,0,0,0,0,0,29,2026-02-03 05:23:32.577290
ATMN,24.87,24.87,25.12,2342700.0,,4694.0,2167300.0,0,0,0,0,0,0,0,0,29,2026-02-03 05:23:32.577290
WNTR,24.72,24.87,24.88,2209500.0,,1222.0,2066200.0,0,0,0,0,0,0,0,0,29,2026-02-03 05:23:32.577290
SPNG,24.81,24.81,25.25,2280300.0,6560.0,4788.0,6560.0,2236400.0,,0,0,0,0,0,0,30,2026-02-03 05:23:33.610268
SMMR,24.92,24.92,24.95,2366000.0,,,,2451900.0,,0,0,0,0,0,0,30,2026-02-03 05:23:33.610268
ATMN,24.72,24.88,25.12,2218600.0,,4773.0,,2261000.0,,0,0,0,0,0,0,30,2026-02-03 05:23:33.610268
WNTR,24.87,24.87,24.88,2221900.0,,,,1941000.0,14675.0,0,0,0,0,0,0,30,2026-02-03 05:23:33.610268
SPNG,24.92,24.92,25.07,2543400.0,2268700.0,4773.0,,0,0,0,0,0,0,0,0,31,2026-02-03 05:23:34.641537
SMMR,24.9,24.9,24.95,2368200.0,2450100.0,,,0,0,0,0,0,0,0,0,31,2026-02-03 05:23:34.641537
ATMN,25.3,24.68,25.3,2232400.0,2263700.0,,5860.0,0,0,0,0,0,0,0,0,31,2026-02-03 05:23:34.641537
WNTR,24.9,24.87,24.88,2221900.0,2027900.0,6231.0,,0,0,0,0,0,0,0,0,31,2026-02-03 05:23:34.641537
SPNG,24.53,24.51,24.53,2510000.0,2206200.0,4749.0,7500.0,,,0,0,0,0,0,0,32,2026-02-03 05:23:35.678079
SMMR,24.95,25.08,25.11,2373000.0,2431500.0,,,,,0,0,0,0,0,0,32,2026-02-03 05:23:35.678079
ATMN,25.36,25.23,25.36,2207700.0,2113300.0,6312.0,,6312.0,,0,0,0,0,0,0,32,2026-02-03 05:23:35.678079
WNTR,25.0,25.0,25.02,2118100.0,2172200.0,,,,6035.0,0,0,0,0,0,0,32,2026-02-03 05:23:35.678079
SPNG,24.53,24.9,25.06,6035.0,5942.0,2244700.0,6035.0,2343600.0,,0,0,0,0,0,0,33,2026-02-03 05:23:36.707353
SMMR,24.97,24.97,25.11,,,2383500.0,,2454600.0,,0,0,0,0,0,0,33,2026-02-03 05:23:36.707353
ATMN,24.52,25.23,25.36,,,2371700.0,,2137200.0,5942.0,0,0,0,0,0,0,33,2026-02-03 05:23:36.707353
WNTR,25.0,24.89,24.98,,6231.0,2098700.0,,2176400.0,,0,0,0,0,0,0,33,2026-02-03 05:23:36.707353
SPNG,24.9,24.9,25.07,2516500.0,2456700.0,,,0,0,0,0,0,0,0,0,34,2026-02-03 05:23:37.734078
SMMR,25.11,25.08,25.11,2256900.0,2428500.0,7500.0,,0,0,0,0,0,0,0,0,34,2026-02-03 05:23:37.734078
ATMN,24.99,24.99,25.04,2336400.0,2235400.0,,,0,0,0,0,0,0,0,0,34,2026-02-03 05:23:37.734078
WNTR,24.92,24.89,24.92,2007600.0,2163500.0,6035.0,196.0,0,0,0,0,0,0,0,0,34,2026-02-03 05:23:37.734078
SPNG,25.04,24.51,25.04,2510000.0,2281400.0,4116.0,,,,0,0,0,0,0,0,35,2026-02-03 05:23:38.759574
SMMR,25.11,24.97,25.11,2386000.0,2424900.0,,,,,0,0,0,0,0,0,35,2026-02-03 05:23:38.759574
ATMN,24.99,25.0,25.03,2081100.0,1993400.0,4116.0,7500.0,4116.0,7500.0,0,0,0,0,0,0,35,2026-02-03 05:23:38.759574
WNTR,24.92,24.83,24.92,2184400.0,2163500.0,,,,,0,0,0,0,0,0,35,2026-02-03 05:23:38.759574
SPNG,25.11,24.58,25.11,2382600.0,7500.0,2420800.0,,,,0,0,0,0,0,0,36,2026-02-03 05:23:39.784287
SMMR,24.92,24.97,25.1,2266300.0,,2179200.0,6471.0,7500.0,6471.0,0,0,0,0,0,0,36,2026-02-03 05:23:39.784287
ATMN,25.04,25.0,25.04,2191400.0,,2226200.0,6471.0,,,0,0,0,0,0,0,36,2026-02-03 05:23:39.784287
WNTR,24.74,24.72,24.74,2172000.0,,2187700.0,,,,0,0,0,0,0,0,36,2026-02-03 05:23:39.784287
SPNG,25.11,24.98,25.07,2389600.0,7500.0,2367800.0,,,0,0,0,0,0,0,0,37,2026-02-03 05:23:40.812838
SMMR,24.92,24.92,25.05,2278900.0,,2400100.0,4007.0,,0,0,0,0,0,0,0,37,2026-02-03 05:23:40.812838
ATMN,24.48,24.8,24.85,2223000.0,7500.0,2118500.0,,7500.0,0,0,0,0,0,0,0,37,2026-02-03 05:23:40.812838
WNTR,24.92,24.93,24.99,2203000.0,,2178300.0,,,0,0,0,0,0,0,0,37,2026-02-03 05:23:40.812838
SPNG,24.98,24.98,25.07,7500.0,2409100.0,2371500.0,,,,0,0,0,0,0,0,38,2026-02-03 05:23:41.845310
SMMR,25.07,24.92,24.97,,2278900.0,2248200.0,4007.0,15000.0,,0,0,0,0,0,0,38,2026-02-03 05:23:41.845310
ATMN,25.11,24.8,24.85,5625.0,2223000.0,2109200.0,,,5625.0,0,0,0,0,0,0,38,2026-02-03 05:23:41.845310
WNTR,24.93,24.9,24.92,,2220300.0,1974800.0,,6093.0,6029.0,0,0,0,0,0,0,38,2026-02-03 05:23:41.845310
SPNG,24.98,24.58,24.72,2516000.0,2398000.0,,0,0,0,0,0,0,0,0,0,39,2026-02-03 05:23:42.876660
SMMR,25.07,24.92,25.07,2409700.0,2453500.0,,0,0,0,0,0,0,0,0,0,39,2026-02-03 05:23:42.876660
ATMN,25.05,25.05,25.11,2224200.0,2202900.0,10000.0,0,0,0,0,0,0,0,0,0,39,2026-02-03 05:23:42.876660
WNTR,24.92,24.92,24.99,2216400.0,2201300.0,,0,0,0,0,0,0,0,0,0,39,2026-02-03 05:23:42.876660
SPNG,24.98,24.6,24.72,2373800.0,7100.0,2398000.0,,0,0,0,0,0,0,0,0,40,2026-02-03 05:23:43.476703
SMMR,25.08,24.92,25.08,2272800.0,4007.0,2439700.0,,0,0,0,0,0,0,0,0,40,2026-02-03 05:23:43.476703
ATMN,24.78,24.78,24.9,2372000.0,,2189600.0,,0,0,0,0,0,0,0,0,40,2026-02-03 05:23:43.476703
WNTR,24.71,24.71,24.99,2184700.0,,2095600.0,6093.0,0,0,0,0,0,0,0,0,40,2026-02-03 05:23:43.476703
SPNG,24.98,24.61,24.71,4477.0,2286400.0,7100.0,4477.0,2295200.0,,0,0,0,0,0,0,41,2026-02-03 05:23:44.505925
SMMR,25.1,24.92,25.04,,2304400.0,4007.0,,2428000.0,,0,0,0,0,0,0,41,2026-02-03 05:23:44.505925
ATMN,24.9,25.05,25.11,,2061700.0,9446.0,,2093700.0,4723.0,0,0,0,0,0,0,41,2026-02-03 05:23:44.505925
WNTR,24.87,24.82,24.87,,2193100.0,,6093.0,2095300.0,,0,0,0,0,0,0,41,2026-02-03 05:23:44.505925
SPNG,24.71,24.9,25.07,2163000.0,11953.0,7100.0,2371300.0,0,0,0,0,0,0,0,0,42,2026-02-03 05:23:45.530883
SMMR,25.1,24.92,25.1,2210700.0,5999.0,4007.0,2448600.0,0,0,0,0,0,0,0,0,42,2026-02-03 05:23:45.530883
ATMN,25.11,25.21,25.27,2324300.0,,,2219600.0,0,0,0,0,0,0,0,0,42,2026-02-03 05:23:45.530883
WNTR,24.95,24.82,24.95,2193100.0,,,2180000.0,0,0,0,0,0,0,0,0,42,2026-02-03 05:23:45.530883
SPNG,25.07,24.9,24.91,11953.0,2286400.0,2375900.0,,,,0,0,0,0,0,0,43,2026-02-03 05:23:46.554240
SMMR,25.03,25.03,25.1,5999.0,2208700.0,2436100.0,4007.0,,,0,0,0,0,0,0,43,2026-02-03 05:23:46.554240
ATMN,25.11,25.21,25.27,,2202600.0,2098700.0,4723.0,4723.0,,0,0,0,0,0,0,43,2026-02-03 05:23:46.554240
WNTR,24.82,24.71,24.73,,2184700.0,2103900.0,,,3012.0,0,0,0,0,0,0,43,2026-02-03 05:23:46.554240
SPNG,24.91,24.9,24.91,11953.0,2310100.0,2397700.0,,,,0,0,0,0,0,0,44,2026-02-03 05:23:47.576847
SMMR,25.02,25.09,25.1,5999.0,2183300.0,2436100.0,4007.0,,,0,0,0,0,0,0,44,2026-02-03 05:23:47.576847
ATMN,25.21,24.69,24.93,,2332600.0,2059200.0,,3012.0,,0,0,0,0,0,0,44,2026-02-03 05:23:47.576847
WNTR,24.7,24.7,24.83,,2194600.0,2096800.0,,,4723.0,0,0,0,0,0,0,44,2026-02-03 05:23:47.576847
SPNG,24.9,24.75,24.85,2529500.0,2411500.0,,,0,0,0,0,0,0,0,0,45,2026-02-03 05:23:48.607693
SMMR,25.12,25.12,25.14,2444800.0,2410500.0,,,0,0,0,0,0,0,0,0,45,2026-02-03 05:23:48.607693
ATMN,24.93,25.13,25.24,2076900.0,2207700.0,13375.0,,0,0,0,0,0,0,0,0,45,2026-02-03 05:23:48.607693
WNTR,24.87,24.89,24.95,2150700.0,2177100.0,,3012.0,0,0,0,0,0,0,0,0,45,2026-02-03 05:23:48.607693
SPNG,24.85,24.75,24.85,5158.0,2411700.0,2303700.0,5158.0,,,0,0,0,0,0,0,46,2026-02-03 05:23:49.638309
SMMR,25.07,25.07,25.14,,2442200.0,2174600.0,4007.0,5999.0,,0,0,0,0,0,0,46,2026-02-03 05:23:49.638309
ATMN,25.13,24.8,24.9,,2319700.0,2070600.0,,6753.0,,0,0,0,0,0,0,46,2026-02-03 05:23:49.638309
WNTR,24.89,24.89,24.95,6498.0,2038700.0,2143000.0,,,3012.0,0,0,0,0,0,0,46,2026-02-03 05:23:49.638309
SPNG,24.89,24.77,24.85,4312.0,4779.0,2251500.0,4779.0,2307300.0,,0,0,0,0,0,0,47,2026-02-03 05:23:50.667863
SMMR,24.96,24.91,24.96,,,2433500.0,4007.0,2281600.0,,0,0,0,0,0,0,47,2026-02-03 05:23:50.667863
ATMN,24.9,24.86,24.9,,,2333800.0,6877.0,1972400.0,6753.0,0,0,0,0,0,0,47,2026-02-03 05:23:50.667863
WNTR,24.69,24.69,24.82,,,2233400.0,,2160400.0,,0,0,0,0,0,0,47,2026-02-03 05:23:50.667863
SPNG,25.17,24.77,25.17,5065.0,4779.0,2124900.0,2368900.0,,,0,0,0,0,0,0,48,2026-02-03 05:23:51.698835
SMMR,24.96,24.95,24.96,,,2412400.0,2187700.0,4007.0,5999.0,0,0,0,0,0,0,48,2026-02-03 05:23:51.698835
ATMN,25.05,24.86,25.05,,,2317600.0,2174200.0,,,0,0,0,0,0,0,48,2026-02-03 05:23:51.698835
WNTR,24.95,24.95,24.99,5578.0,5973.0,2024200.0,2131600.0,,,0,0,0,0,0,0,48,2026-02-03 05:23:51.698835
SPNG,25.01,25.01,25.17,1980800.0,5065.0,9558.0,2368900.0,0,0,0,0,0,0,0,0,49,2026-02-03 05:23:52.733208
SMMR,24.96,24.99,25.06,2376300.0,,,2385400.0,0,0,0,0,0,0,0,0,49,2026-02-03 05:23:52.733208
ATMN,24.81,24.81,25.05,2321200.0,,,2174200.0,0,0,0,0,0,0,0,0,49,2026-02-03 05:23:52.733208
WNTR,24.87,24.71,24.87,2300400.0,,,2118100.0,0,0,0,0,0,0,0,0,49,2026-02-03 05:23:52.733208
SPNG,25.17,24.6,25.17,2517800.0,2368900.0,,,,,0,0,0,0,0,0,50,2026-02-03 05:23:53.772261
SMMR,24.95,24.95,25.0,2384500.0,2404600.0,,,,,0,0,0,0,0,0,50,2026-02-03 05:23:53.772261
ATMN,24.81,24.93,25.04,2111600.0,1967100.0,7500.0,6603.0,6339.0,6603.0,0,0,0,0,0,0,50,2026-02-03 05:23:53.772261
WNTR,24.92,24.71,24.89,2175900.0,2118700.0,,7500.0,,,0,0,0,0,0,0,50,2026-02-03 05:23:53.772261
SPNG,25.09,24.6,24.83,2488700.0,15000.0,2135000.0,,0,0,0,0,0,0,0,0,51,2026-02-03 05:23:54.801283
SMMR,24.95,24.96,25.0,2379100.0,,2404600.0,,0,0,0,0,0,0,0,0,51,2026-02-03 05:23:54.801283
ATMN,24.93,24.81,24.86,2321200.0,,2039200.0,7500.0,0,0,0,0,0,0,0,0,51,2026-02-03 05:23:54.801283
WNTR,24.92,24.88,24.92,2297400.0,,2139000.0,,0,0,0,0,0,0,0,0,51,2026-02-03 05:23:54.801283
SPNG,25.1,24.61,25.09,7500.0,2366400.0,2358100.0,,,0,0,0,0,0,0,0,52,2026-02-03 05:23:55.836359
SMMR,24.95,24.95,25.0,,2372500.0,2404600.0,,,0,0,0,0,0,0,0,52,2026-02-03 05:23:55.836359
ATMN,24.8,24.95,25.23,,2316300.0,2051300.0,2450.0,,0,0,0,0,0,0,0,52,2026-02-03 05:23:55.836359
WNTR,24.88,24.88,24.89,5625.0,2205800.0,2033700.0,,5625.0,0,0,0,0,0,0,0,52,2026-02-03 05:23:55.836359
SPNG,25.09,25.02,25.09,2234700.0,7500.0,5200.0,2358100.0,,,0,0,0,0,0,0,53,2026-02-03 05:23:56.863822
SMMR,24.95,24.95,25.0,2372500.0,,,2307700.0,5625.0,,0,0,0,0,0,0,53,2026-02-03 05:23:56.863822
ATMN,24.95,24.95,25.23,2088000.0,5625.0,2450.0,1977600.0,5625.0,2450.0,0,0,0,0,0,0,53,2026-02-03 05:23:56.863822
WNTR,24.8,24.71,24.8,2185500.0,5625.0,,2027300.0,5625.0,,0,0,0,0,0,0,53,2026-02-03 05:23:56.863822
SPNG,25.02,24.6,24.91,2474800.0,2367600.0,,,,,0,0,0,0,0,0,54,2026-02-03 05:23:57.895922
SMMR,24.95,24.95,25.07,2254300.0,2414600.0,7500.0,,,,0,0,0,0,0,0,54,2026-02-03 05:23:57.895922
ATMN,24.73,24.69,24.7,2316000.0,2150300.0,,5625.0,,,0,0,0,0,0,0,54,2026-02-03 05:23:57.895922
WNTR,24.8,24.71,24.79,2188000.0,1922900.0,,5625.0,5625.0,5625.0,0,0,0,0,0,0,54,2026-02-03 05:23:57.895922
SPNG,25.18,24.95,25.03,2310600.0,5625.0,2415900.0,,,0,0,0,0,0,0,0,55,2026-02-03 05:23:58.920826
SMMR,25.07,24.95,25.07,2158100.0,7500.0,2416400.0,5625.0,,0,0,0,0,0,0,0,55,2026-02-03 05:23:58.920826
ATMN,24.7,24.94,25.12,2316300.0,,2112100.0,,5625.0,0,0,0,0,0,0,0,55,2026-02-03 05:23:58.920826
WNTR,24.8,24.73,24.8,2180300.0,,2151300.0,7500.0,,0,0,0,0,0,0,0,55,2026-02-03 05:23:58.920826
SPNG,24.6,24.6,25.03,2474800.0,1875.0,2296000.0,,0,0,0,0,0,0,0,0,56,2026-02-03 05:23:59.986272
SMMR,25.12,24.95,25.12,2250400.0,,2395000.0,5625.0,0,0,0,0,0,0,0,0,56,2026-02-03 05:23:59.986272
ATMN,25.13,24.99,25.13,2335700.0,,2220800.0,,0,0,0,0,0,0,0,0,56,2026-02-03 05:23:59.986272
WNTR,24.8,24.8,24.89,2278400.0,,2125300.0,,0,0,0,0,0,0,0,0,56,2026-02-03 05:23:59.986272
SPNG,25.24,24.78,25.24,2452100.0,2401400.0,0,0,0,0,0,0,0,0,0,0,57,2026-02-03 05:24:01.015634
SMMR,25.14,24.95,25.02,2358500.0,2400600.0,0,0,0,0,0,0,0,0,0,0,57,2026-02-03 05:24:01.015634
ATMN,25.13,25.16,25.22,2318500.0,2215800.0,0,0,0,0,0,0,0,0,0,0,57,2026-02-03 05:24:01.015634
WNTR,24.69,24.69,24.98,2234000.0,2143900.0,0,0,0,0,0,0,0,0,0,0,57,2026-02-03 05:24:01.015634
SPNG,25.27,25.27,25.28,2441300.0,2425600.0,0,0,0,0,0,0,0,0,0,0,58,2026-02-03 05:24:02.044875
SMMR,25.05,24.95,25.04,2358500.0,2408500.0,0,0,0,0,0,0,0,0,0,0,58,2026-02-03 05:24:02.044875
ATMN,24.99,24.94,24.98,2316300.0,2218500.0,0,0,0,0,0,0,0,0,0,0,58,2026-02-03 05:24:02.044875
WNTR,24.99,24.68,24.99,2225500.0,2129400.0,0,0,0,0,0,0,0,0,0,0,58,2026-02-03 05:24:02.044875
SPNG,24.95,24.78,24.95,2452100.0,2437000.0,0,0,0,0,0,0,0,0,0,0,59,2026-02-03 05:24:03.076991
SMMR,24.95,24.95,25.09,2362100.0,2401000.0,0,0,0,0,0,0,0,0,0,0,59,2026-02-03 05:24:03.076991
ATMN,24.98,24.69,24.98,2329900.0,2218500.0,0,0,0,0,0,0,0,0,0,0,59,2026-02-03 05:24:03.076991
WNTR,25.01,24.74,24.98,2226800.0,2134400.0,0,0,0,0,0,0,0,0,0,0,59,2026-02-03 05:24:03.076991
SPNG,25.28,24.78,0.0,200000.0,0,0,0,0,0,0,0,0,0,0,0,60,2026-02-03 05:24:03.615961
SMMR,24.95,24.79,0.0,200000.0,0,0,0,0,0,0,0,0,0,0,0,60,2026-02-03 05:24:03.615961
ATMN,24.69,24.2,0.0,200000.0,0,0,0,0,0,0,0,0,0,0,0,60,2026-02-03 05:24:03.615961
WNTR,25.01,25.3,0.0,200000.0,0,0,0,0,0,0,0,0,0,0,0,60,2026-02-03 05:24:03.615961
SPNG,24.78,24.78,24.99,1084300.0,897100.0,0,0,0,0,0,0,0,0,0,0,61,2026-02-03 05:24:04.660201
SMMR,24.41,24.82,24.85,1269700.0,974100.0,0,0,0,0,0,0,0,0,0,0,61,2026-02-03 05:24:04.660201
ATMN,24.69,24.2,24.33,935100.0,1115900.0,0,0,0,0,0,0,0,0,0,0,61,2026-02-03 05:24:04.660201
WNTR,25.28,25.12,25.28,858900.0,969100.0,0,0,0,0,0,0,0,0,0,0,61,2026-02-03 05:24:04.660201
SPNG,24.78,23.57,24.42,1133900.0,1246400.0,0,0,0,0,0,0,0,0,0,0,62,2026-02-03 05:24:05.720315
SMMR,24.82,24.82,24.85,1401600.0,1091400.0,0,0,0,0,0,0,0,0,0,0,62,2026-02-03 05:24:05.720315
ATMN,24.2,24.2,24.21,1076000.0,1238900.0,0,0,0,0,0,0,0,0,0,0,62,2026-02-03 05:24:05.720315
WNTR,25.28,25.21,25.28,1336800.0,969100.0,0,0,0,0,0,0,0,0,0,0,62,2026-02-03 05:24:05.720315
SPNG,24.42,24.76,24.99,1491300.0,1137100.0,0,0,0,0,0,0,0,0,0,0,63,2026-02-03 05:24:06.748279
SMMR,24.82,24.82,24.85,1548000.0,1411700.0,0,0,0,0,0,0,0,0,0,0,63,2026-02-03 05:24:06.748279
ATMN,24.33,24.2,24.33,1321200.0,1115900.0,0,0,0,0,0,0,0,0,0,0,63,2026-02-03 05:24:06.748279
WNTR,25.22,25.21,25.22,1443000.0,1064800.0,0,0,0,0,0,0,0,0,0,0,63,2026-02-03 05:24:06.748279
SPNG,24.99,25.07,25.26,1640400.0,1022400.0,0,0,0,0,0,0,0,0,0,0,64,2026-02-03 05:24:07.781656
SMMR,24.84,24.78,24.84,1439700.0,1532200.0,0,0,0,0,0,0,0,0,0,0,64,2026-02-03 05:24:07.781656
ATMN,24.2,24.2,24.24,1434800.0,1254200.0,0,0,0,0,0,0,0,0,0,0,64,2026-02-03 05:24:07.781656
WNTR,25.28,25.31,25.49,1675300.0,983800.0,0,0,0,0,0,0,0,0,0,0,64,2026-02-03 05:24:07.781656
SPNG,24.27,24.33,25.26,1506900.0,1153800.0,0,0,0,0,0,0,0,0,0,0,65,2026-02-03 05:24:08.811237
SMMR,24.76,24.76,24.84,1562300.0,1532200.0,0,0,0,0,0,0,0,0,0,0,65,2026-02-03 05:24:08.811237
ATMN,24.2,24.2,24.24,1806400.0,1254200.0,0,0,0,0,0,0,0,0,0,0,65,2026-02-03 05:24:08.811237
WNTR,25.32,25.21,25.26,1566300.0,1195000.0,0,0,0,0,0,0,0,0,0,0,65,2026-02-03 05:24:08.811237
SPNG,25.36,24.34,25.34,7500.0,1506900.0,7500.0,1251800.0,,0,0,0,0,0,0,0,66,2026-02-03 05:24:09.839861
SMMR,24.83,24.83,24.84,,1821000.0,,1532200.0,7500.0,0,0,0,0,0,0,0,66,2026-02-03 05:24:09.839861
ATMN,24.2,24.21,24.24,7500.0,2171000.0,7500.0,1254200.0,7500.0,0,0,0,0,0,0,0,66,2026-02-03 05:24:09.839861
WNTR,25.41,25.41,25.43,7500.0,1680800.0,7500.0,1282100.0,,0,0,0,0,0,0,0,66,2026-02-03 05:24:09.839861
SPNG,25.07,25.07,25.26,1641200.0,5625.0,5625.0,1346400.0,0,0,0,0,0,0,0,0,67,2026-02-03 05:24:10.875204
SMMR,24.79,24.79,24.84,1804200.0,,,1641000.0,0,0,0,0,0,0,0,0,67,2026-02-03 05:24:10.875204
ATMN,24.24,24.29,24.33,2458600.0,,,1249300.0,0,0,0,0,0,0,0,0,67,2026-02-03 05:24:10.875204
WNTR,25.43,25.47,25.49,1679800.0,,,1283100.0,0,0,0,0,0,0,0,0,67,2026-02-03 05:24:10.875204
SPNG,25.07,25.07,25.19,1641200.0,7500.0,1697200.0,,0,0,0,0,0,0,0,0,68,2026-02-03 05:24:11.906521
SMMR,24.74,24.8,24.84,1427100.0,7031.0,1737000.0,,0,0,0,0,0,0,0,0,68,2026-02-03 05:24:11.906521
ATMN,24.46,24.47,24.62,2141800.0,3750.0,1035700.0,,0,0,0,0,0,0,0,0,68,2026-02-03 05:24:11.906521
WNTR,25.34,25.17,25.34,1438700.0,,1374900.0,7500.0,0,0,0,0,0,0,0,0,68,2026-02-03 05:24:11.906521
SPNG,24.72,24.82,25.19,1604600.0,6093.0,1814900.0,,0,0,0,0,0,0,0,0,69,2026-02-03 05:24:12.932505
SMMR,24.71,24.69,24.71,1555000.0,,1748000.0,7500.0,0,0,0,0,0,0,0,0,69,2026-02-03 05:24:12.932505
ATMN,24.17,24.22,24.62,2396800.0,,1035700.0,,0,0,0,0,0,0,0,0,69,2026-02-03 05:24:12.932505
WNTR,25.29,25.21,25.29,1562700.0,5625.0,1379600.0,,0,0,0,0,0,0,0,0,69,2026-02-03 05:24:12.932505
SPNG,24.82,24.47,24.71,1754200.0,6093.0,1947400.0,,0,0,0,0,0,0,0,0,70,2026-02-03 05:24:13.961193
SMMR,24.71,24.84,24.85,1797700.0,6093.0,1725500.0,,0,0,0,0,0,0,0,0,70,2026-02-03 05:24:13.961193
ATMN,24.17,24.49,24.62,2140200.0,6093.0,1167600.0,5625.0,0,0,0,0,0,0,0,0,70,2026-02-03 05:24:13.961193
WNTR,25.29,25.18,25.29,2003600.0,,1379600.0,,0,0,0,0,0,0,0,0,70,2026-02-03 05:24:13.961193
SPNG,24.71,25.0,25.19,2033900.0,7148.0,1927800.0,,,,0,0,0,0,0,0,71,2026-02-03 05:24:14.996761
SMMR,24.69,24.69,24.85,1805100.0,,1725500.0,6093.0,,,0,0,0,0,0,0,71,2026-02-03 05:24:14.996761
ATMN,24.12,24.38,24.62,2370600.0,,1290700.0,,,,0,0,0,0,0,0,71,2026-02-03 05:24:14.996761
WNTR,25.29,25.23,25.28,2180600.0,,1379600.0,,7148.0,4453.0,0,0,0,0,0,0,71,2026-02-03 05:24:14.996761
SPNG,25.0,24.47,24.95,1908500.0,2187300.0,,,,,0,0,0,0,0,0,72,2026-02-03 05:24:16.019631
SMMR,24.85,24.69,24.85,2047100.0,1600200.0,7500.0,,,,0,0,0,0,0,0,72,2026-02-03 05:24:16.019631
ATMN,24.62,24.14,24.32,2145700.0,1544500.0,2051.0,4863.0,2051.0,4863.0,0,0,0,0,0,0,72,2026-02-03 05:24:16.019631
WNTR,25.23,25.33,25.45,1928800.0,1402300.0,,8906.0,,,0,0,0,0,0,0,72,2026-02-03 05:24:16.019631
SPNG,25.0,24.6,24.7,2132300.0,2186300.0,,,0,0,0,0,0,0,0,0,73,2026-02-03 05:24:17.046804
SMMR,24.86,24.69,24.86,2167700.0,1491400.0,7500.0,6386.0,0,0,0,0,0,0,0,0,73,2026-02-03 05:24:17.046804
ATMN,24.62,24.66,24.69,2126400.0,1553200.0,11426.0,,0,0,0,0,0,0,0,0,73,2026-02-03 05:24:17.046804
WNTR,25.23,25.23,25.42,2180600.0,1488000.0,,,0,0,0,0,0,0,0,0,73,2026-02-03 05:24:17.046804
SPNG,24.85,24.85,24.89,2409800.0,3684.0,2196700.0,,,,0,0,0,0,0,0,74,2026-02-03 05:24:18.076552
SMMR,24.88,24.69,24.73,1852900.0,7500.0,1382400.0,11249.0,1114.0,,0,0,0,0,0,0,74,2026-02-03 05:24:18.076552
ATMN,24.66,24.11,24.51,2405200.0,,1914100.0,,,,0,0,0,0,0,0,74,2026-02-03 05:24:18.076552
WNTR,25.19,25.23,25.28,2083100.0,,1281900.0,7500.0,,3684.0,0,0,0,0,0,0,74,2026-02-03 05:24:18.076552
SPNG,24.67,24.63,24.67,2677300.0,2254700.0,,,,,0,0,0,0,0,0,75,2026-02-03 05:24:19.106971
SMMR,24.75,24.75,24.88,1721700.0,1382400.0,7500.0,12363.0,,,0,0,0,0,0,0,75,2026-02-03 05:24:19.106971
ATMN,24.29,24.38,24.5,2253200.0,1914100.0,5625.0,,5625.0,,0,0,0,0,0,0,75,2026-02-03 05:24:19.106971
WNTR,25.28,25.25,25.28,2176200.0,1281900.0,,,3684.0,2812.0,0,0,0,0,0,0,75,2026-02-03 05:24:19.106971
SPNG,24.67,24.63,24.66,2503700.0,5112.0,6546.0,2160900.0,,,0,0,0,0,0,0,76,2026-02-03 05:24:20.135587
SMMR,24.67,24.67,24.88,2019200.0,,,1604500.0,,,0,0,0,0,0,0,76,2026-02-03 05:24:20.135587
ATMN,24.25,24.25,24.46,2388200.0,,,2052400.0,3237.0,,0,0,0,0,0,0,76,2026-02-03 05:24:20.135587
WNTR,25.27,25.37,25.49,2062100.0,,7031.0,1172500.0,,7031.0,0,0,0,0,0,0,76,2026-02-03 05:24:20.135587
SPNG,24.89,24.63,24.67,2324000.0,6690.0,1578.0,2115600.0,0,0,0,0,0,0,0,0,77,2026-02-03 05:24:21.162559
SMMR,24.67,24.67,24.79,1906300.0,,6690.0,1734400.0,0,0,0,0,0,0,0,0,77,2026-02-03 05:24:21.162559
ATMN,24.25,24.11,24.18,2376300.0,,3237.0,2288200.0,0,0,0,0,0,0,0,0,77,2026-02-03 05:24:21.162559
WNTR,25.57,25.27,25.57,2186100.0,,,1180700.0,0,0,0,0,0,0,0,0,77,2026-02-03 05:24:21.162559
SPNG,24.69,24.63,24.69,2330000.0,5112.0,6546.0,2240700.0,,0,0,0,0,0,0,0,78,2026-02-03 05:24:22.192651
SMMR,24.7,24.67,24.7,1906300.0,7031.0,,1873900.0,7031.0,0,0,0,0,0,0,0,78,2026-02-03 05:24:22.192651
ATMN,24.46,24.5,24.51,2393000.0,,,2127700.0,,0,0,0,0,0,0,0,78,2026-02-03 05:24:22.192651
WNTR,25.61,25.27,25.57,1982700.0,7031.0,6093.0,1179700.0,7031.0,0,0,0,0,0,0,0,78,2026-02-03 05:24:22.192651
SPNG,24.6,24.6,25.19,2606200.0,2150300.0,,,0,0,0,0,0,0,0,0,79,2026-02-03 05:24:23.220305
SMMR,24.7,24.67,24.7,2244400.0,1873900.0,6690.0,,0,0,0,0,0,0,0,0,79,2026-02-03 05:24:23.220305
ATMN,24.46,24.5,24.51,2393000.0,2339200.0,,,0,0,0,0,0,0,0,0,79,2026-02-03 05:24:23.220305
WNTR,25.5,25.27,25.39,2079700.0,1391800.0,,6093.0,0,0,0,0,0,0,0,0,79,2026-02-03 05:24:23.220305
SPNG,24.6,24.6,25.09,2609400.0,2178300.0,,,0,0,0,0,0,0,0,0,80,2026-02-03 05:24:23.752469
SMMR,24.7,24.7,24.79,2447900.0,1734400.0,,,0,0,0,0,0,0,0,0,80,2026-02-03 05:24:23.752469
ATMN,24.54,24.11,24.54,2376300.0,2348200.0,,,0,0,0,0,0,0,0,0,80,2026-02-03 05:24:23.752469
WNTR,25.27,25.27,25.39,2079700.0,1391800.0,6093.0,7105.0,0,0,0,0,0,0,0,0,80,2026-02-03 05:24:23.752469
SPNG,25.09,24.61,25.09,5976.0,2350700.0,7500.0,2097200.0,7500.0,0,0,0,0,0,0,0,81,2026-02-03 05:24:24.784271
SMMR,24.82,24.82,24.88,5976.0,2157300.0,7500.0,1604500.0,,0,0,0,0,0,0,0,81,2026-02-03 05:24:24.784271
ATMN,24.54,24.59,24.62,5976.0,2123600.0,7500.0,2378400.0,,0,0,0,0,0,0,0,81,2026-02-03 05:24:24.784271
WNTR,25.29,25.29,25.39,6093.0,2090400.0,,1391800.0,,0,0,0,0,0,0,0,81,2026-02-03 05:24:24.784271
SPNG,24.47,24.47,25.09,2678900.0,2178300.0,,0,0,0,0,0,0,0,0,0,82,2026-02-03 05:24:25.816821
SMMR,24.88,24.82,24.88,2428300.0,1709100.0,,0,0,0,0,0,0,0,0,0,82,2026-02-03 05:24:25.816821
ATMN,24.43,24.54,24.57,2228900.0,2382500.0,7500.0,0,0,0,0,0,0,0,0,0,82,2026-02-03 05:24:25.816821
WNTR,25.25,25.25,25.37,2215300.0,1464400.0,,0,0,0,0,0,0,0,0,0,82,2026-02-03 05:24:25.816821
SPNG,24.47,24.47,24.78,2626300.0,1917700.0,15000.0,5976.0,,,0,0,0,0,0,0,83,2026-02-03 05:24:26.850695
SMMR,24.9,24.82,24.9,2157300.0,1853600.0,,,7500.0,5976.0,0,0,0,0,0,0,83,2026-02-03 05:24:26.850695
ATMN,24.58,24.08,24.3,2378000.0,2263000.0,2524.0,,,,0,0,0,0,0,0,83,2026-02-03 05:24:26.850695
WNTR,25.37,25.41,25.44,2203700.0,1368500.0,,,,,0,0,0,0,0,0,83,2026-02-03 05:24:26.850695
SPNG,24.78,24.78,25.09,2610500.0,2199400.0,,,,0,0,0,0,0,0,0,84,2026-02-03 05:24:27.879124
SMMR,24.82,24.79,24.81,2425600.0,2067800.0,,,,0,0,0,0,0,0,0,84,2026-02-03 05:24:27.879124
ATMN,24.58,24.09,24.29,2133500.0,2037700.0,6091.0,12089.0,7500.0,0,0,0,0,0,0,0,84,2026-02-03 05:24:27.879124
WNTR,25.34,25.34,25.36,2178800.0,1368500.0,,5633.0,,0,0,0,0,0,0,0,84,2026-02-03 05:24:27.879124
SPNG,24.47,24.47,24.91,2624300.0,1980900.0,5625.0,5976.0,,,0,0,0,0,0,0,85,2026-02-03 05:24:28.910451
SMMR,24.81,24.79,24.81,2399700.0,2103000.0,,,,,0,0,0,0,0,0,85,2026-02-03 05:24:28.910451
ATMN,24.58,24.28,24.29,2244700.0,2131000.0,15000.0,,6091.0,,0,0,0,0,0,0,85,2026-02-03 05:24:28.910451
WNTR,25.26,25.26,25.3,2100100.0,1489200.0,4218.0,5633.0,,4218.0,0,0,0,0,0,0,85,2026-02-03 05:24:28.910451
SPNG,24.91,24.95,25.09,2591300.0,2199400.0,,,,0,0,0,0,0,0,0,86,2026-02-03 05:24:29.937754
SMMR,24.9,24.79,24.9,2380700.0,2087700.0,,,,0,0,0,0,0,0,0,86,2026-02-03 05:24:29.937754
ATMN,24.28,24.31,24.62,2168100.0,2290300.0,6091.0,6093.0,6093.0,0,0,0,0,0,0,0,86,2026-02-03 05:24:29.937754
WNTR,25.27,25.27,25.44,2225100.0,1477600.0,,,,0,0,0,0,0,0,0,86,2026-02-03 05:24:29.937754
SPNG,24.96,24.44,24.74,2636000.0,2121400.0,5977.0,,,0,0,0,0,0,0,0,87,2026-02-03 05:24:30.964497
SMMR,24.7,24.79,24.89,2305500.0,2191100.0,5977.0,7500.0,,0,0,0,0,0,0,0,87,2026-02-03 05:24:30.964497
ATMN,24.28,24.31,24.48,2268200.0,2438100.0,,,6091.0,0,0,0,0,0,0,0,87,2026-02-03 05:24:30.964497
WNTR,25.28,25.41,25.43,2209400.0,1368500.0,5977.0,,,0,0,0,0,0,0,0,87,2026-02-03 05:24:30.964497
SPNG,24.96,24.44,24.67,2458100.0,7500.0,2017100.0,11954.0,,0,0,0,0,0,0,0,88,2026-02-03 05:24:31.992614
SMMR,24.7,24.7,24.89,2425700.0,,2322600.0,,,0,0,0,0,0,0,0,88,2026-02-03 05:24:31.992614
ATMN,24.24,24.24,24.48,2343100.0,,2373800.0,,7500.0,0,0,0,0,0,0,0,88,2026-02-03 05:24:31.992614
WNTR,25.38,25.38,25.44,2158300.0,,1368500.0,,,0,0,0,0,0,0,0,88,2026-02-03 05:24:31.992614
SPNG,24.96,24.44,24.67,2544800.0,2121300.0,5977.0,,,0,0,0,0,0,0,0,89,2026-02-03 05:24:33.020467
SMMR,24.67,24.67,24.86,2442600.0,1966300.0,6005.0,15000.0,,0,0,0,0,0,0,0,89,2026-02-03 05:24:33.020467
ATMN,24.24,24.25,24.5,2364000.0,2472400.0,,,,0,0,0,0,0,0,0,89,2026-02-03 05:24:33.020467
WNTR,25.44,25.38,25.43,2041700.0,1552600.0,,11250.0,3750.0,0,0,0,0,0,0,0,89,2026-02-03 05:24:33.020467
SPNG,25.45,24.44,25.19,2405100.0,3750.0,5812.0,2021600.0,,0,0,0,0,0,0,0,90,2026-02-03 05:24:34.050001
SMMR,24.87,24.67,24.87,2386900.0,,,2315500.0,,0,0,0,0,0,0,0,90,2026-02-03 05:24:34.050001
ATMN,24.32,24.32,24.5,2264200.0,3750.0,5812.0,2251800.0,,0,0,0,0,0,0,0,90,2026-02-03 05:24:34.050001
WNTR,25.43,25.39,25.43,2049300.0,,,1478800.0,7471.0,0,0,0,0,0,0,0,90,2026-02-03 05:24:34.050001
SPNG,25.45,24.44,25.45,2264100.0,5812.0,2121300.0,,,,0,0,0,0,0,0,91,2026-02-03 05:24:35.074517
SMMR,24.87,24.68,24.71,2264400.0,,1973900.0,4131.0,15000.0,4131.0,0,0,0,0,0,0,91,2026-02-03 05:24:35.074517
ATMN,24.5,24.08,24.5,2359800.0,,2251800.0,,5812.0,4131.0,0,0,0,0,0,0,91,2026-02-03 05:24:35.074517
WNTR,25.43,25.39,25.43,2164800.0,,1571400.0,,,,0,0,0,0,0,0,91,2026-02-03 05:24:35.074517
SPNG,24.76,24.46,24.63,4131.0,2405100.0,2058200.0,4131.0,,0,0,0,0,0,0,0,92,2026-02-03 05:24:36.106698
SMMR,24.72,24.72,24.86,,2353400.0,2182700.0,,10000.0,0,0,0,0,0,0,0,92,2026-02-03 05:24:36.106698
ATMN,24.08,24.08,24.42,,2349800.0,2366100.0,,5812.0,0,0,0,0,0,0,0,92,2026-02-03 05:24:36.106698
WNTR,25.35,25.35,25.43,,2146900.0,1570500.0,,4687.0,0,0,0,0,0,0,0,92,2026-02-03 05:24:36.106698
SPNG,24.63,24.81,25.45,2243300.0,7500.0,9562.0,2121300.0,,0,0,0,0,0,0,0,93,2026-02-03 05:24:37.132666
SMMR,24.72,24.73,24.87,2116600.0,7500.0,6778.0,2279700.0,,0,0,0,0,0,0,0,93,2026-02-03 05:24:37.132666
ATMN,24.49,24.35,24.49,2229900.0,4131.0,,2493600.0,,0,0,0,0,0,0,0,93,2026-02-03 05:24:37.132666
WNTR,25.35,25.29,25.3,2180800.0,,,1757200.0,863.0,0,0,0,0,0,0,0,93,2026-02-03 05:24:37.132666
SPNG,24.42,24.42,25.45,2549400.0,2121300.0,,,,,0,0,0,0,0,0,94,2026-02-03 05:24:38.158255
SMMR,24.67,24.73,24.85,2217200.0,1819600.0,5325.0,15000.0,12103.0,,0,0,0,0,0,0,94,2026-02-03 05:24:38.158255
ATMN,24.51,24.08,24.51,2349800.0,2455200.0,,,,,0,0,0,0,0,0,94,2026-02-03 05:24:38.158255
WNTR,25.31,25.31,25.34,2087400.0,1668700.0,,,,4592.0,0,0,0,0,0,0,94,2026-02-03 05:24:38.158255
SPNG,24.69,24.69,24.84,2254700.0,5953.0,4592.0,2057800.0,5953.0,,0,0,0,0,0,0,95,2026-02-03 05:24:39.186257
SMMR,24.75,24.75,24.85,2334100.0,,,2046700.0,7500.0,7500.0,0,0,0,0,0,0,95,2026-02-03 05:24:39.186257
ATMN,24.29,24.09,24.28,2229000.0,,6773.0,2336600.0,,6773.0,0,0,0,0,0,0,95,2026-02-03 05:24:39.186257
WNTR,25.34,25.32,25.34,2112400.0,,4592.0,1900000.0,,,0,0,0,0,0,0,95,2026-02-03 05:24:39.186257
SPNG,24.69,24.69,25.23,2400700.0,7500.0,2137100.0,,0,0,0,0,0,0,0,0,96,2026-02-03 05:24:40.214353
SMMR,24.75,24.75,24.78,2198100.0,4293.0,2176100.0,4293.0,0,0,0,0,0,0,0,0,96,2026-02-03 05:24:40.214353
ATMN,24.27,24.45,24.51,2249000.0,5325.0,2455200.0,,0,0,0,0,0,0,0,0,96,2026-02-03 05:24:40.214353
WNTR,25.43,25.32,25.37,2206900.0,,1887000.0,,0,0,0,0,0,0,0,0,96,2026-02-03 05:24:40.214353
SPNG,24.69,24.42,24.57,2538000.0,2157200.0,,,,,0,0,0,0,0,0,97,2026-02-03 05:24:41.242512
SMMR,24.75,24.75,24.78,2315100.0,2170200.0,7500.0,,,,0,0,0,0,0,0,97,2026-02-03 05:24:41.242512
ATMN,24.26,24.45,24.48,2130500.0,2475100.0,,13546.0,,,0,0,0,0,0,0,97,2026-02-03 05:24:41.242512
WNTR,25.32,25.32,25.37,2116400.0,1998100.0,,,6168.0,6168.0,0,0,0,0,0,0,97,2026-02-03 05:24:41.242512
SPNG,24.69,24.43,24.55,11696.0,2023500.0,7242.0,6856.0,13410.0,1865900.0,0,0,0,0,0,0,98,2026-02-03 05:24:42.270793
SMMR,24.82,24.75,24.82,,2315100.0,,,,2294600.0,0,0,0,0,0,0,98,2026-02-03 05:24:42.270793
ATMN,24.48,24.08,24.48,,2369200.0,,,,2494500.0,0,0,0,0,0,0,98,2026-02-03 05:24:42.270793
WNTR,25.36,25.36,25.37,,2237200.0,,,4293.0,2004500.0,0,0,0,0,0,0,98,2026-02-03 05:24:42.270793
SPNG,24.57,24.7,25.23,2359400.0,1074.0,2181600.0,,,0,0,0,0,0,0,0,99,2026-02-03 05:24:42.803866
SMMR,24.82,24.75,24.82,2207500.0,6426.0,2170900.0,6426.0,,0,0,0,0,0,0,0,99,2026-02-03 05:24:42.803866
ATMN,24.51,24.09,24.51,2130500.0,6426.0,2511800.0,,7500.0,0,0,0,0,0,0,0,99,2026-02-03 05:24:42.803866
WNTR,25.36,25.36,25.37,2237200.0,,1976200.0,4293.0,,0,0,0,0,0,0,0,99,2026-02-03 05:24:42.803866
SPNG,24.51,24.96,25.23,2518000.0,2211800.0,,,0,0,0,0,0,0,0,0,100,2026-02-03 05:24:43.829414
SMMR,24.67,24.67,24.82,2327800.0,2211700.0,540.0,,0,0,0,0,0,0,0,0,100,2026-02-03 05:24:43.829414
ATMN,24.23,24.35,24.51,2255200.0,2511800.0,,7427.0,0,0,0,0,0,0,0,0,100,2026-02-03 05:24:43.829414
WNTR,25.31,25.31,25.37,2197600.0,2007700.0,4293.0,,0,0,0,0,0,0,0,0,100,2026-02-03 05:24:43.829414
SPNG,24.96,24.42,24.65,2514100.0,2089300.0,5643.0,,0,0,0,0,0,0,0,0,101,2026-02-03 05:24:44.858525
SMMR,24.67,24.67,24.81,2303500.0,2211700.0,,6426.0,0,0,0,0,0,0,0,0,101,2026-02-03 05:24:44.858525
ATMN,24.35,24.19,24.26,2366900.0,2471400.0,,,0,0,0,0,0,0,0,0,101,2026-02-03 05:24:44.858525
WNTR,25.36,25.31,25.35,2197600.0,1876200.0,5643.0,4293.0,0,0,0,0,0,0,0,0,101,2026-02-03 05:24:44.858525
SPNG,24.58,24.42,24.58,2514100.0,2248300.0,,,0,0,0,0,0,0,0,0,102,2026-02-03 05:24:45.883816
SMMR,24.84,24.76,24.77,2273000.0,2205400.0,5643.0,,0,0,0,0,0,0,0,0,102,2026-02-03 05:24:45.883816
ATMN,24.25,24.25,24.51,2387400.0,2504300.0,,,0,0,0,0,0,0,0,0,102,2026-02-03 05:24:45.883816
WNTR,25.23,25.23,25.38,2196900.0,2009400.0,,4496.0,0,0,0,0,0,0,0,0,102,2026-02-03 05:24:45.883816
SPNG,24.73,24.43,24.54,7054.0,2379600.0,2235200.0,,,,0,0,0,0,0,0,103,2026-02-03 05:24:46.911717
SMMR,24.74,24.76,24.77,,2266200.0,2335500.0,,,,0,0,0,0,0,0,103,2026-02-03 05:24:46.911717
ATMN,24.25,24.35,24.51,5736.0,2208100.0,2537800.0,6102.0,,,0,0,0,0,0,0,103,2026-02-03 05:24:46.911717
WNTR,25.22,25.22,25.37,,2195000.0,1877900.0,,7054.0,6102.0,0,0,0,0,0,0,103,2026-02-03 05:24:46.911717
SPNG,24.42,24.42,25.26,2512900.0,2207900.0,,,,0,0,0,0,0,0,0,104,2026-02-03 05:24:47.936802
SMMR,24.67,24.67,24.7,2277100.0,2350200.0,,,,0,0,0,0,0,0,0,104,2026-02-03 05:24:47.936802
ATMN,24.25,24.3,24.51,2325900.0,2524100.0,4577.0,,,0,0,0,0,0,0,0,104,2026-02-03 05:24:47.936802
WNTR,25.22,25.22,25.34,2195000.0,1883400.0,,6102.0,7054.0,0,0,0,0,0,0,0,104,2026-02-03 05:24:47.936802
SPNG,24.88,24.38,24.88,2496200.0,2121300.0,5974.0,,0,0,0,0,0,0,0,0,105,2026-02-03 05:24:48.960825
SMMR,24.66,24.66,24.75,2287700.0,2332200.0,,,0,0,0,0,0,0,0,0,105,2026-02-03 05:24:48.960825
ATMN,24.3,24.3,24.31,2462300.0,2296300.0,,12132.0,0,0,0,0,0,0,0,0,105,2026-02-03 05:24:48.960825
WNTR,25.22,25.22,25.34,2209100.0,1853700.0,6102.0,7054.0,0,0,0,0,0,0,0,0,105,2026-02-03 05:24:48.960825
SPNG,24.88,24.93,25.06,2473500.0,2126300.0,5736.0,,,0,0,0,0,0,0,0,106,2026-02-03 05:24:49.997101
SMMR,24.75,24.69,24.75,2136600.0,2243900.0,,2786.0,1397.0,0,0,0,0,0,0,0,106,2026-02-03 05:24:49.997101
ATMN,24.19,24.19,24.51,2422400.0,2524100.0,,,,0,0,0,0,0,0,0,106,2026-02-03 05:24:49.997101
WNTR,25.34,25.29,25.34,2205700.0,1962900.0,7054.0,,,0,0,0,0,0,0,0,106,2026-02-03 05:24:49.997101
SPNG,24.88,24.93,25.04,2340200.0,7199.0,2022700.0,5736.0,7199.0,,0,0,0,0,0,0,107,2026-02-03 05:24:51.023973
SMMR,24.75,24.7,24.73,2061200.0,7199.0,1991300.0,5819.0,8596.0,2786.0,0,0,0,0,0,0,107,2026-02-03 05:24:51.023973
ATMN,24.3,24.19,24.23,2299700.0,7199.0,2392900.0,,7199.0,,0,0,0,0,0,0,107,2026-02-03 05:24:51.023973
WNTR,25.29,25.29,25.34,2205700.0,,1993200.0,,1202.0,,0,0,0,0,0,0,107,2026-02-03 05:24:51.023973
SPNG,25.04,24.38,25.04,2496200.0,2222300.0,,,,0,0,0,0,0,0,0,108,2026-02-03 05:24:52.049207
SMMR,24.7,24.73,24.75,2212300.0,2218600.0,7199.0,7199.0,,0,0,0,0,0,0,0,108,2026-02-03 05:24:52.049207
ATMN,24.23,24.2,24.23,2286900.0,2423800.0,,7199.0,6762.0,0,0,0,0,0,0,0,108,2026-02-03 05:24:52.049207
WNTR,25.3,25.25,25.41,2214300.0,2087500.0,,,,0,0,0,0,0,0,0,108,2026-02-03 05:24:52.049207
SPNG,24.83,24.84,24.95,5413.0,2368700.0,2219800.0,,0,0,0,0,0,0,0,0,109,2026-02-03 05:24:53.076392
SMMR,24.67,24.67,24.75,,2280200.0,2338800.0,,0,0,0,0,0,0,0,0,109,2026-02-03 05:24:53.076392
ATMN,24.32,24.2,24.32,6762.0,2149300.0,2526200.0,3504.0,0,0,0,0,0,0,0,0,109,2026-02-03 05:24:53.076392
WNTR,25.31,25.31,25.35,,2109700.0,2085100.0,1202.0,0,0,0,0,0,0,0,0,109,2026-02-03 05:24:53.076392
SPNG,24.95,24.85,24.91,6110.0,12646.0,2127700.0,6110.0,1917500.0,12646.0,0,0,0,0,0,0,110,2026-02-03 05:24:54.105145
SMMR,24.81,24.69,24.81,,6323.0,2214300.0,,2314600.0,,0,0,0,0,0,0,110,2026-02-03 05:24:54.105145
ATMN,24.32,24.24,24.32,,3504.0,2272500.0,,2526200.0,,0,0,0,0,0,0,110,2026-02-03 05:24:54.105145
WNTR,25.28,25.25,25.28,,,2214300.0,,2094700.0,,0,0,0,0,0,0,110,2026-02-03 05:24:54.105145
SPNG,25.04,25.04,25.06,2250100.0,6323.0,6110.0,2218400.0,,0,0,0,0,0,0,0,111,2026-02-03 05:24:55.130432
SMMR,24.81,24.78,24.8,2351900.0,,,2218600.0,5809.0,0,0,0,0,0,0,0,111,2026-02-03 05:24:55.130432
ATMN,24.52,24.24,24.52,2170400.0,3504.0,6762.0,2469700.0,,0,0,0,0,0,0,0,111,2026-02-03 05:24:55.130432
WNTR,25.22,25.22,25.41,2209100.0,,,2087500.0,,0,0,0,0,0,0,0,111,2026-02-03 05:24:55.130432
SPNG,25.27,24.85,25.27,6110.0,2226400.0,5043.0,2200800.0,,,0,0,0,0,0,0,112,2026-02-03 05:24:56.156389
SMMR,24.78,24.78,24.81,,2247500.0,6323.0,2313300.0,,,0,0,0,0,0,0,112,2026-02-03 05:24:56.156389
ATMN,24.24,24.2,24.24,,2402900.0,,2462500.0,,,0,0,0,0,0,0,112,2026-02-03 05:24:56.156389
WNTR,25.22,25.26,25.4,5972.0,1988500.0,3462.0,1767700.0,4282.0,5043.0,0,0,0,0,0,0,112,2026-02-03 05:24:56.156389
SPNG,25.27,24.92,24.99,2380300.0,6110.0,2212500.0,,,0,0,0,0,0,0,0,113,2026-02-03 05:24:57.184904
SMMR,24.78,24.78,24.8,2232300.0,,2318900.0,6323.0,,0,0,0,0,0,0,0,113,2026-02-03 05:24:57.184904
ATMN,24.23,24.23,24.24,2179800.0,5972.0,2358800.0,5919.0,5919.0,0,0,0,0,0,0,0,113,2026-02-03 05:24:57.184904
WNTR,25.2,25.27,25.28,2076600.0,5972.0,1952600.0,,5043.0,0,0,0,0,0,0,0,113,2026-02-03 05:24:57.184904
SPNG,24.92,24.92,24.99,2380300.0,6110.0,2232600.0,,,0,0,0,0,0,0,0,114,2026-02-03 05:24:58.220323
SMMR,24.69,24.69,24.8,2345100.0,,2318900.0,,,0,0,0,0,0,0,0,114,2026-02-03 05:24:58.220323
ATMN,24.39,24.28,24.39,2312900.0,5972.0,2493600.0,,,0,0,0,0,0,0,0,114,2026-02-03 05:24:58.220323
WNTR,25.19,25.19,25.28,2193100.0,,1854400.0,5043.0,5972.0,0,0,0,0,0,0,0,114,2026-02-03 05:24:58.220323
SPNG,24.92,24.92,24.99,2267900.0,6239.0,2002300.0,6239.0,,0,0,0,0,0,0,0,115,2026-02-03 05:24:59.245895
SMMR,24.81,24.7,24.81,2229100.0,,2313300.0,,5972.0,0,0,0,0,0,0,0,115,2026-02-03 05:24:59.245895
ATMN,24.39,24.36,24.39,2289300.0,6239.0,2389900.0,6239.0,,0,0,0,0,0,0,0,115,2026-02-03 05:24:59.245895
WNTR,25.28,25.18,25.28,2193700.0,,1952600.0,5043.0,,0,0,0,0,0,0,0,115,2026-02-03 05:24:59.245895
SPNG,24.82,24.81,24.82,2509600.0,2195900.0,,,,0,0,0,0,0,0,0,116,2026-02-03 05:25:00.271385
SMMR,24.86,24.7,24.86,2095800.0,2324100.0,5940.0,5972.0,,0,0,0,0,0,0,0,116,2026-02-03 05:25:00.271385
ATMN,24.28,24.4,24.52,2294600.0,2359700.0,,5972.0,5940.0,0,0,0,0,0,0,0,116,2026-02-03 05:25:00.271385
WNTR,25.18,25.18,25.2,2190400.0,2093000.0,,,,0,0,0,0,0,0,0,116,2026-02-03 05:25:00.271385
SPNG,25.27,24.81,25.27,2540000.0,2202700.0,,0,0,0,0,0,0,0,0,0,117,2026-02-03 05:25:01.295291
SMMR,24.86,24.81,24.86,2200200.0,2324100.0,5972.0,0,0,0,0,0,0,0,0,0,117,2026-02-03 05:25:01.295291
ATMN,24.52,24.28,24.52,2393400.0,2439900.0,,0,0,0,0,0,0,0,0,0,117,2026-02-03 05:25:01.295291
WNTR,25.18,25.18,25.41,2186100.0,2068900.0,,0,0,0,0,0,0,0,0,0,117,2026-02-03 05:25:01.295291
SPNG,24.81,24.81,25.27,2540000.0,2175400.0,0,0,0,0,0,0,0,0,0,0,118,2026-02-03 05:25:02.324110
SMMR,24.86,24.69,24.86,2309100.0,2314100.0,0,0,0,0,0,0,0,0,0,0,118,2026-02-03 05:25:02.324110
ATMN,24.55,24.28,24.55,2393400.0,2420000.0,0,0,0,0,0,0,0,0,0,0,118,2026-02-03 05:25:02.324110
WNTR,25.28,25.38,25.39,2179600.0,2084100.0,0,0,0,0,0,0,0,0,0,0,118,2026-02-03 05:25:02.324110
SPNG,24.75,24.75,25.34,2529900.0,2189300.0,0,0,0,0,0,0,0,0,0,0,119,2026-02-03 05:25:03.355463
SMMR,24.66,24.66,24.84,2314600.0,2304900.0,0,0,0,0,0,0,0,0,0,0,119,2026-02-03 05:25:03.355463
ATMN,24.56,24.35,24.56,2396400.0,2431500.0,0,0,0,0,0,0,0,0,0,0,119,2026-02-03 05:25:03.355463
WNTR,25.17,25.17,25.38,2184900.0,2093200.0,0,0,0,0,0,0,0,0,0,0,119,2026-02-03 05:25:03.355463
SPNG,24.72,23.28,23.6,1042100.0,853300.0,0,0,0,0,0,0,0,0,0,0,120,2026-02-03 05:25:04.387227
SMMR,24.65,24.81,24.82,906800.0,935400.0,0,0,0,0,0,0,0,0,0,0,120,2026-02-03 05:25:04.387227
ATMN,27.2,25.84,26.27,781800.0,811600.0,0,0,0,0,0,0,0,0,0,0,120,2026-02-03 05:25:04.387227
WNTR,25.17,25.3,25.31,814800.0,903400.0,0,0,0,0,0,0,0,0,0,0,120,2026-02-03 05:25:04.387227
SPNG,22.85,23.09,23.6,1268600.0,853300.0,0,0,0,0,0,0,0,0,0,0,121,2026-02-03 05:25:05.409788
SMMR,24.79,24.79,24.9,950500.0,1075500.0,0,0,0,0,0,0,0,0,0,0,121,2026-02-03 05:25:05.409788
ATMN,25.67,25.55,25.59,913200.0,1157600.0,0,0,0,0,0,0,0,0,0,0,121,2026-02-03 05:25:05.409788
WNTR,25.17,25.3,25.31,1051600.0,1113000.0,0,0,0,0,0,0,0,0,0,0,121,2026-02-03 05:25:05.409788
SPNG,22.85,23.09,23.6,1388300.0,959500.0,0,0,0,0,0,0,0,0,0,0,122,2026-02-03 05:25:05.937883
SMMR,24.79,24.79,24.85,950500.0,1389500.0,0,0,0,0,0,0,0,0,0,0,122,2026-02-03 05:25:05.937883
ATMN,25.55,25.45,25.52,979800.0,1134200.0,0,0,0,0,0,0,0,0,0,0,122,2026-02-03 05:25:05.937883
WNTR,25.17,25.3,25.31,1173600.0,1227100.0,0,0,0,0,0,0,0,0,0,0,122,2026-02-03 05:25:05.937883
SPNG,23.04,23.04,23.6,1265100.0,1205700.0,0,0,0,0,0,0,0,0,0,0,123,2026-02-03 05:25:06.972464
SMMR,24.79,24.79,24.9,980100.0,1287300.0,0,0,0,0,0,0,0,0,0,0,123,2026-02-03 05:25:06.972464
ATMN,25.45,25.45,26.09,1106900.0,1036600.0,0,0,0,0,0,0,0,0,0,0,123,2026-02-03 05:25:06.972464
WNTR,25.3,25.21,25.23,1094800.0,1240200.0,0,0,0,0,0,0,0,0,0,0,123,2026-02-03 05:25:06.972464
SPNG,23.04,23.04,23.6,1386200.0,1205700.0,0,0,0,0,0,0,0,0,0,0,124,2026-02-03 05:25:08.000619
SMMR,24.84,24.79,24.84,980100.0,1522300.0,0,0,0,0,0,0,0,0,0,0,124,2026-02-03 05:25:08.000619
ATMN,25.45,25.39,25.45,1021700.0,1298300.0,0,0,0,0,0,0,0,0,0,0,124,2026-02-03 05:25:08.000619
WNTR,25.31,25.21,25.31,1283400.0,1118900.0,0,0,0,0,0,0,0,0,0,0,124,2026-02-03 05:25:08.000619
SPNG,23.04,23.55,23.6,1518100.0,1531100.0,0,0,0,0,0,0,0,0,0,0,125,2026-02-03 05:25:09.028994
SMMR,24.91,24.79,24.91,980100.0,1369500.0,0,0,0,0,0,0,0,0,0,0,125,2026-02-03 05:25:09.028994
ATMN,25.45,25.39,25.45,1258500.0,1298300.0,0,0,0,0,0,0,0,0,0,0,125,2026-02-03 05:25:09.028994
WNTR,25.35,25.43,25.44,1628100.0,906000.0,0,0,0,0,0,0,0,0,0,0,125,2026-02-03 05:25:09.028994
SPNG,23.04,23.55,23.6,7500.0,1386200.0,7500.0,1766600.0,7500.0,,0,0,0,0,0,0,126,2026-02-03 05:25:10.053203
SMMR,24.95,24.8,24.95,7500.0,1024100.0,,1368400.0,,7500.0,0,0,0,0,0,0,126,2026-02-03 05:25:10.053203
ATMN,25.39,25.39,25.44,7500.0,1382600.0,7500.0,1291400.0,,,0,0,0,0,0,0,126,2026-02-03 05:25:10.053203
WNTR,25.45,25.43,25.45,,1628100.0,,995100.0,,,0,0,0,0,0,0,126,2026-02-03 05:25:10.053203
SPNG,22.95,22.95,23.6,1266500.0,1766600.0,7500.0,,,0,0,0,0,0,0,0,127,2026-02-03 05:25:11.076309
SMMR,24.95,24.8,24.88,1268100.0,1594500.0,,7500.0,13125.0,0,0,0,0,0,0,0,127,2026-02-03 05:25:11.076309
ATMN,25.39,25.39,25.44,1885100.0,1291400.0,7500.0,,7500.0,0,0,0,0,0,0,0,127,2026-02-03 05:25:11.076309
WNTR,25.45,25.52,25.88,1741900.0,1094000.0,5625.0,5625.0,,0,0,0,0,0,0,0,127,2026-02-03 05:25:11.076309
SPNG,23.23,23.41,23.6,5625.0,1408700.0,1766600.0,,,0,0,0,0,0,0,0,128,2026-02-03 05:25:12.102129
SMMR,24.88,24.88,24.94,5625.0,1260900.0,1610300.0,,,0,0,0,0,0,0,0,128,2026-02-03 05:25:12.102129
ATMN,25.39,25.4,25.65,,2190500.0,1420100.0,,,0,0,0,0,0,0,0,128,2026-02-03 05:25:12.102129
WNTR,25.45,25.52,25.64,5156.0,1741900.0,1505100.0,7500.0,7500.0,0,0,0,0,0,0,0,128,2026-02-03 05:25:12.102129
SPNG,22.94,22.88,22.94,1407800.0,1895300.0,5625.0,,0,0,0,0,0,0,0,0,129,2026-02-03 05:25:13.130414
SMMR,24.88,24.69,24.75,1354300.0,1724500.0,,5625.0,0,0,0,0,0,0,0,0,129,2026-02-03 05:25:13.130414
ATMN,25.65,25.83,25.89,2425600.0,1394200.0,,,0,0,0,0,0,0,0,0,129,2026-02-03 05:25:13.130414
WNTR,25.51,25.43,25.5,1628100.0,1788900.0,,,0,0,0,0,0,0,0,0,129,2026-02-03 05:25:13.130414
SPNG,23.48,22.93,23.24,1548600.0,1871200.0,,,0,0,0,0,0,0,0,0,130,2026-02-03 05:25:14.153310
SMMR,24.8,24.8,24.81,1483400.0,1953100.0,,,0,0,0,0,0,0,0,0,130,2026-02-03 05:25:14.153310
ATMN,25.73,25.55,25.73,2306000.0,1679900.0,4687.0,,0,0,0,0,0,0,0,0,130,2026-02-03 05:25:14.153310
WNTR,25.22,25.22,25.46,1656700.0,1984600.0,,5625.0,0,0,0,0,0,0,0,0,130,2026-02-03 05:25:14.153310
SPNG,23.39,22.94,23.23,6328.0,1830300.0,6328.0,1766600.0,,0,0,0,0,0,0,0,131,2026-02-03 05:25:15.178078
SMMR,24.81,24.69,24.81,,1354300.0,,1924900.0,,0,0,0,0,0,0,0,131,2026-02-03 05:25:15.178078
ATMN,25.89,25.4,25.89,,2190500.0,,1582800.0,,0,0,0,0,0,0,0,131,2026-02-03 05:25:15.178078
WNTR,25.21,25.21,25.41,,1529200.0,5625.0,1916400.0,5625.0,0,0,0,0,0,0,0,131,2026-02-03 05:25:15.178078
SPNG,23.67,23.21,23.67,1945300.0,5300.0,1777000.0,,,,0,0,0,0,0,0,132,2026-02-03 05:25:16.201194
SMMR,24.86,24.8,24.86,1354300.0,11250.0,2023600.0,6328.0,,,0,0,0,0,0,0,132,2026-02-03 05:25:16.201194
ATMN,25.89,25.41,25.73,2190500.0,6175.0,2020300.0,2813.0,6175.0,,0,0,0,0,0,0,132,2026-02-03 05:25:16.201194
WNTR,25.41,25.31,25.41,1737200.0,,1916400.0,,5625.0,5625.0,0,0,0,0,0,0,132,2026-02-03 05:25:16.201194
SPNG,23.67,23.32,23.67,2171600.0,7500.0,6328.0,1891400.0,,0,0,0,0,0,0,0,133,2026-02-03 05:25:17.225262
SMMR,24.79,24.8,24.86,1470200.0,4921.0,,2023600.0,,0,0,0,0,0,0,0,133,2026-02-03 05:25:17.225262
ATMN,25.49,25.42,25.48,2190500.0,2813.0,4511.0,2044600.0,4511.0,0,0,0,0,0,0,0,133,2026-02-03 05:25:17.225262
WNTR,25.5,25.31,25.5,1737200.0,,,2097000.0,,0,0,0,0,0,0,0,133,2026-02-03 05:25:17.225262
SPNG,23.21,22.93,23.01,1952900.0,2240300.0,,,,,0,0,0,0,0,0,134,2026-02-03 05:25:18.255952
SMMR,24.94,24.91,24.94,1695900.0,1797800.0,5625.0,,,,0,0,0,0,0,0,134,2026-02-03 05:25:18.255952
ATMN,25.41,25.41,25.48,2330300.0,1941900.0,,5918.0,5918.0,5625.0,0,0,0,0,0,0,134,2026-02-03 05:25:18.255952
WNTR,25.2,25.2,25.33,1608000.0,1874900.0,,,5918.0,5625.0,0,0,0,0,0,0,134,2026-02-03 05:25:18.255952
SPNG,22.93,22.93,23.37,1952900.0,7324.0,2157600.0,6623.0,,,0,0,0,0,0,0,135,2026-02-03 05:25:19.281088
SMMR,24.8,24.8,24.94,1831500.0,,1797800.0,,,,0,0,0,0,0,0,135,2026-02-03 05:25:19.281088
ATMN,25.41,25.45,25.48,2001600.0,12949.0,1931700.0,,2411.0,7324.0,0,0,0,0,0,0,135,2026-02-03 05:25:19.281088
WNTR,25.33,25.44,25.5,1721000.0,,2097000.0,,,,0,0,0,0,0,0,135,2026-02-03 05:25:19.281088
SPNG,22.93,22.93,23.37,2056300.0,2157600.0,6623.0,,,0,0,0,0,0,0,0,136,2026-02-03 05:25:20.308614
SMMR,24.93,24.81,24.93,1702200.0,1912200.0,,6447.0,4921.0,0,0,0,0,0,0,0,136,2026-02-03 05:25:20.308614
ATMN,25.73,25.42,25.73,2210900.0,2120200.0,,2411.0,,0,0,0,0,0,0,0,136,2026-02-03 05:25:20.308614
WNTR,25.44,25.2,25.42,1608000.0,1969100.0,,,5625.0,0,0,0,0,0,0,0,136,2026-02-03 05:25:20.308614
SPNG,23.37,23.42,23.64,2295000.0,7324.0,2279400.0,,0,0,0,0,0,0,0,0,137,2026-02-03 05:25:21.337237
SMMR,24.81,24.73,24.75,1817300.0,,2151800.0,,0,0,0,0,0,0,0,0,137,2026-02-03 05:25:21.337237
ATMN,25.4,25.42,25.73,2210900.0,6899.0,2174000.0,,0,0,0,0,0,0,0,0,137,2026-02-03 05:25:21.337237
WNTR,25.51,25.47,25.51,1724000.0,5625.0,2116800.0,5285.0,0,0,0,0,0,0,0,0,137,2026-02-03 05:25:21.337237
SPNG,23.64,22.93,23.64,2165400.0,2295100.0,,0,0,0,0,0,0,0,0,0,138,2026-02-03 05:25:22.367269
SMMR,24.93,24.73,24.93,2017300.0,1912200.0,,0,0,0,0,0,0,0,0,0,138,2026-02-03 05:25:22.367269
ATMN,25.4,25.69,25.73,2190200.0,2218700.0,6899.0,0,0,0,0,0,0,0,0,0,138,2026-02-03 05:25:22.367269
WNTR,25.47,25.2,25.4,1608000.0,2098500.0,,0,0,0,0,0,0,0,0,0,138,2026-02-03 05:25:22.367269
SPNG,22.93,22.93,23.63,2165400.0,7005.0,5764.0,2094800.0,7324.0,0,0,0,0,0,0,0,139,2026-02-03 05:25:23.394660
SMMR,24.94,24.73,24.82,2142300.0,,6447.0,1900300.0,,0,0,0,0,0,0,0,139,2026-02-03 05:25:23.394660
ATMN,25.4,25.4,25.54,2294600.0,,,2242500.0,,0,0,0,0,0,0,0,139,2026-02-03 05:25:23.394660
WNTR,25.47,25.2,25.46,1608000.0,5669.0,,2102200.0,,0,0,0,0,0,0,0,139,2026-02-03 05:25:23.394660
SPNG,22.92,22.92,23.14,2300800.0,1997600.0,11049.0,319.0,,,0,0,0,0,0,0,140,2026-02-03 05:25:24.430671
SMMR,25.03,24.73,24.82,2242300.0,1475100.0,6447.0,,6162.0,,0,0,0,0,0,0,140,2026-02-03 05:25:24.430671
ATMN,25.54,25.4,25.54,2179800.0,2065700.0,5764.0,6162.0,6162.0,,0,0,0,0,0,0,140,2026-02-03 05:25:24.430671
WNTR,25.46,25.35,25.37,1599400.0,2009800.0,1685.0,,,1685.0,0,0,0,0,0,0,140,2026-02-03 05:25:24.430671
SPNG,22.92,23.11,23.14,2703000.0,2220700.0,7324.0,,0,0,0,0,0,0,0,0,141,2026-02-03 05:25:25.453032
SMMR,25.06,24.99,25.06,2194900.0,1381600.0,,6162.0,0,0,0,0,0,0,0,0,141,2026-02-03 05:25:25.453032
ATMN,25.4,25.4,25.58,2180200.0,2165600.0,5792.0,5792.0,0,0,0,0,0,0,0,0,141,2026-02-03 05:25:25.453032
WNTR,25.35,25.35,25.37,1599400.0,2017800.0,5669.0,,0,0,0,0,0,0,0,0,141,2026-02-03 05:25:25.453032
SPNG,23.39,23.11,23.31,2623100.0,2290200.0,,,,,0,0,0,0,0,0,142,2026-02-03 05:25:26.482176
SMMR,24.72,24.74,24.92,2236500.0,1381600.0,3612.0,3612.0,4251.0,,0,0,0,0,0,0,142,2026-02-03 05:25:26.482176
ATMN,25.4,25.4,25.54,2202700.0,2046300.0,,,10043.0,4251.0,0,0,0,0,0,0,142,2026-02-03 05:25:26.482176
WNTR,25.19,25.19,25.37,1602100.0,2017800.0,3612.0,,5669.0,,0,0,0,0,0,0,142,2026-02-03 05:25:26.482176
SPNG,23.67,23.42,23.67,2592800.0,2280600.0,,,,,0,0,0,0,0,0,143,2026-02-03 05:25:27.508585
SMMR,24.72,24.74,25.13,2208800.0,1258400.0,4251.0,,,,0,0,0,0,0,0,143,2026-02-03 05:25:27.508585
ATMN,25.5,25.5,25.58,2309600.0,2267500.0,,,,,0,0,0,0,0,0,143,2026-02-03 05:25:27.508585
WNTR,25.27,25.27,25.36,1906500.0,1919600.0,,4515.0,3612.0,5669.0,0,0,0,0,0,0,143,2026-02-03 05:25:27.508585
SPNG,23.43,23.42,23.43,6068.0,2453000.0,2089000.0,7500.0,6068.0,,0,0,0,0,0,0,144,2026-02-03 05:25:28.534763
SMMR,25.01,24.74,25.01,4251.0,2208800.0,1256700.0,,,,0,0,0,0,0,0,144,2026-02-03 05:25:28.534763
ATMN,25.61,25.51,25.61,7145.0,2058400.0,2285700.0,,,7500.0,0,0,0,0,0,0,144,2026-02-03 05:25:28.534763
WNTR,25.27,25.21,25.27,,1901500.0,2035900.0,,5669.0,,0,0,0,0,0,0,144,2026-02-03 05:25:28.534763
SPNG,23.43,23.26,23.43,2586300.0,2089000.0,6068.0,6100.0,,,0,0,0,0,0,0,145,2026-02-03 05:25:29.561420
SMMR,25.01,24.75,25.0,2062500.0,1388500.0,,7150.0,7150.0,4251.0,0,0,0,0,0,0,145,2026-02-03 05:25:29.561420
ATMN,25.5,25.4,25.42,2324500.0,2203500.0,5628.0,,,,0,0,0,0,0,0,145,2026-02-03 05:25:29.561420
WNTR,25.27,25.27,25.37,2005700.0,2030000.0,5669.0,,7150.0,,0,0,0,0,0,0,145,2026-02-03 05:25:29.561420
SPNG,23.43,23.26,23.43,2586300.0,2079500.0,6068.0,7500.0,,0,0,0,0,0,0,0,146,2026-02-03 05:25:30.083119
SMMR,25.01,24.75,24.94,2159200.0,1497400.0,,,4251.0,0,0,0,0,0,0,0,146,2026-02-03 05:25:30.083119
ATMN,25.58,25.4,25.42,2222900.0,2165100.0,,7500.0,5628.0,0,0,0,0,0,0,0,146,2026-02-03 05:25:30.083119
WNTR,25.27,25.36,25.37,2129800.0,1898200.0,7045.0,,,0,0,0,0,0,0,0,146,2026-02-03 05:25:30.083119
SPNG,23.43,23.34,23.43,2551800.0,2097100.0,6068.0,7500.0,,,0,0,0,0,0,0,147,2026-02-03 05:25:31.107368
SMMR,24.94,24.97,24.98,2165100.0,1607600.0,,,4251.0,,0,0,0,0,0,0,147,2026-02-03 05:25:31.107368
ATMN,25.53,25.66,25.73,2337500.0,2282500.0,,,,,0,0,0,0,0,0,147,2026-02-03 05:25:31.107368
WNTR,25.36,25.36,25.37,1907900.0,2103100.0,,,,13750.0,0,0,0,0,0,0,147,2026-02-03 05:25:31.107368
SPNG,23.34,23.34,23.36,2551800.0,2109500.0,6068.0,7500.0,,,0,0,0,0,0,0,148,2026-02-03 05:25:32.131381
SMMR,24.74,24.74,24.9,2159200.0,1731200.0,,,4251.0,,0,0,0,0,0,0,148,2026-02-03 05:25:32.131381
ATMN,25.76,25.67,25.76,2197700.0,2297800.0,,,,6650.0,0,0,0,0,0,0,148,2026-02-03 05:25:32.131381
WNTR,25.32,25.27,25.3,2005700.0,2085000.0,,,,,0,0,0,0,0,0,148,2026-02-03 05:25:32.131381
SPNG,23.39,23.34,23.39,2551800.0,2331600.0,,,,,0,0,0,0,0,0,149,2026-02-03 05:25:33.155419
SMMR,24.8,24.8,24.81,2291900.0,1983600.0,7287.0,,,,0,0,0,0,0,0,149,2026-02-03 05:25:33.155419
ATMN,25.86,25.72,25.74,1964100.0,2334000.0,,14090.0,6650.0,,0,0,0,0,0,0,149,2026-02-03 05:25:33.155419
WNTR,25.4,25.27,25.29,2005700.0,1882000.0,7287.0,,,6193.0,0,0,0,0,0,0,149,2026-02-03 05:25:33.155419
SPNG,23.67,23.34,23.67,2557100.0,2380900.0,0,0,0,0,0,0,0,0,0,0,150,2026-02-03 05:25:34.185463
SMMR,24.98,24.74,24.98,2277500.0,1727000.0,0,0,0,0,0,0,0,0,0,0,150,2026-02-03 05:25:34.185463
ATMN,25.52,25.52,25.74,2351800.0,2334000.0,0,0,0,0,0,0,0,0,0,0,150,2026-02-03 05:25:34.185463
WNTR,25.21,25.21,25.34,1901500.0,2078300.0,0,0,0,0,0,0,0,0,0,0,150,2026-02-03 05:25:34.185463
SPNG,23.67,23.35,23.45,2571400.0,2254600.0,7500.0,,0,0,0,0,0,0,0,0,151,2026-02-03 05:25:35.212958
SMMR,24.98,24.74,24.77,2007600.0,2060100.0,13238.0,7500.0,0,0,0,0,0,0,0,0,151,2026-02-03 05:25:35.212958
ATMN,25.39,25.39,25.74,2344400.0,2334000.0,,,0,0,0,0,0,0,0,0,151,2026-02-03 05:25:35.212958
WNTR,25.21,25.21,25.34,2004900.0,2011100.0,7500.0,7500.0,0,0,0,0,0,0,0,0,151,2026-02-03 05:25:35.212958
SPNG,23.72,23.36,23.44,7500.0,2295000.0,7500.0,7500.0,2273900.0,,0,0,0,0,0,0,152,2026-02-03 05:25:36.243832
SMMR,24.86,24.74,24.86,,2234800.0,,,1952200.0,,0,0,0,0,0,0,152,2026-02-03 05:25:36.243832
ATMN,25.36,25.69,25.73,7500.0,2236500.0,,7500.0,2091500.0,7500.0,0,0,0,0,0,0,152,2026-02-03 05:25:36.243832
WNTR,25.16,25.16,25.39,,1681400.0,,7500.0,2016300.0,,0,0,0,0,0,0,152,2026-02-03 05:25:36.243832
SPNG,23.72,23.74,23.79,2306100.0,7500.0,7500.0,2350900.0,,,0,0,0,0,0,0,153,2026-02-03 05:25:37.273769
SMMR,24.72,24.72,24.81,2308500.0,,,1952200.0,7500.0,7500.0,0,0,0,0,0,0,153,2026-02-03 05:25:37.273769
ATMN,25.52,25.47,25.52,2095100.0,7500.0,7500.0,1977000.0,7500.0,15000.0,0,0,0,0,0,0,153,2026-02-03 05:25:37.273769
WNTR,25.33,25.23,25.33,1804500.0,7500.0,7500.0,1926800.0,7500.0,7500.0,0,0,0,0,0,0,153,2026-02-03 05:25:37.273769
SPNG,23.29,23.29,23.79,2524300.0,2350900.0,,,,0,0,0,0,0,0,0,154,2026-02-03 05:25:38.300565
SMMR,24.98,24.79,24.88,2190700.0,1946200.0,7500.0,,,0,0,0,0,0,0,0,154,2026-02-03 05:25:38.300565
ATMN,25.52,25.66,25.74,2304800.0,2312700.0,,,,0,0,0,0,0,0,0,154,2026-02-03 05:25:38.300565
WNTR,25.38,25.38,25.4,1923900.0,2013800.0,,7500.0,7500.0,0,0,0,0,0,0,0,154,2026-02-03 05:25:38.300565
SPNG,23.26,23.26,23.52,2537100.0,2286000.0,5625.0,,0,0,0,0,0,0,0,0,155,2026-02-03 05:25:39.327630
SMMR,24.88,24.79,24.88,2308800.0,2054000.0,,,0,0,0,0,0,0,0,0,155,2026-02-03 05:25:39.327630
ATMN,25.86,25.47,25.86,2332900.0,2301700.0,,,0,0,0,0,0,0,0,0,155,2026-02-03 05:25:39.327630
WNTR,25.25,25.35,25.37,2005300.0,2138500.0,,7500.0,0,0,0,0,0,0,0,0,155,2026-02-03 05:25:39.327630
SPNG,23.16,23.39,23.51,2518200.0,5625.0,2172900.0,5625.0,,,0,0,0,0,0,0,156,2026-02-03 05:25:40.355200
SMMR,24.93,24.81,24.83,2095300.0,,2201000.0,,5625.0,7500.0,0,0,0,0,0,0,156,2026-02-03 05:25:40.355200
ATMN,25.89,25.48,25.89,2082100.0,,2279600.0,,5625.0,7500.0,0,0,0,0,0,0,156,2026-02-03 05:25:40.355200
WNTR,25.37,25.22,25.33,1903800.0,,2040800.0,5156.0,7500.0,,0,0,0,0,0,0,156,2026-02-03 05:25:40.355200
SPNG,23.11,23.27,23.52,2545500.0,2292500.0,5625.0,,0,0,0,0,0,0,0,0,157,2026-02-03 05:25:41.383321
SMMR,24.79,24.79,24.83,2181800.0,2201000.0,,5625.0,0,0,0,0,0,0,0,0,157,2026-02-03 05:25:41.383321
ATMN,25.82,25.49,25.62,2210100.0,2311600.0,,7500.0,0,0,0,0,0,0,0,0,157,2026-02-03 05:25:41.383321
WNTR,25.29,25.29,25.33,1676800.0,2040800.0,7500.0,7500.0,0,0,0,0,0,0,0,0,157,2026-02-03 05:25:41.383321
SPNG,23.62,23.27,23.62,2545500.0,2380600.0,,,,0,0,0,0,0,0,0,158,2026-02-03 05:25:42.415432
SMMR,24.9,24.77,24.9,2271500.0,2285800.0,,,,0,0,0,0,0,0,0,158,2026-02-03 05:25:42.415432
ATMN,25.89,25.47,25.62,2198300.0,2182600.0,6679.0,6679.0,,0,0,0,0,0,0,0,158,2026-02-03 05:25:42.415432
WNTR,25.25,25.32,25.33,1694800.0,2040800.0,,,7500.0,0,0,0,0,0,0,0,158,2026-02-03 05:25:42.415432
SPNG,23.28,23.27,23.48,2561000.0,2384500.0,,,0,0,0,0,0,0,0,0,159,2026-02-03 05:25:43.446950
SMMR,24.74,24.74,24.81,2308500.0,2329000.0,,,0,0,0,0,0,0,0,0,159,2026-02-03 05:25:43.446950
ATMN,25.47,25.47,25.86,2320600.0,2334900.0,,,0,0,0,0,0,0,0,0,159,2026-02-03 05:25:43.446950
WNTR,25.11,25.11,25.33,1722900.0,1935700.0,7500.0,5156.0,0,0,0,0,0,0,0,0,159,2026-02-03 05:25:43.446950
SPNG,23.62,23.46,23.62,2527400.0,2380600.0,,,,0,0,0,0,0,0,0,160,2026-02-03 05:25:44.476101
SMMR,24.81,24.78,24.81,2299200.0,2104400.0,4804.0,6406.0,,0,0,0,0,0,0,0,160,2026-02-03 05:25:44.476101
ATMN,25.47,25.48,25.85,2211600.0,2225000.0,,2617.0,2617.0,0,0,0,0,0,0,0,160,2026-02-03 05:25:44.476101
WNTR,25.34,25.22,25.34,1974800.0,2152800.0,,,,0,0,0,0,0,0,0,160,2026-02-03 05:25:44.476101
SPNG,23.46,23.46,23.48,2527400.0,11250.0,2188400.0,,,,0,0,0,0,0,0,161,2026-02-03 05:25:45.499134
SMMR,24.74,24.74,24.81,2293300.0,6406.0,2104400.0,4804.0,,,0,0,0,0,0,0,161,2026-02-03 05:25:45.499134
ATMN,25.74,25.48,25.74,2218300.0,,2336300.0,,6299.0,,0,0,0,0,0,0,161,2026-02-03 05:25:45.499134
WNTR,25.33,25.23,25.31,1974800.0,,2116300.0,,,4492.0,0,0,0,0,0,0,161,2026-02-03 05:25:45.499134
SPNG,23.29,23.44,23.74,2542700.0,2393300.0,,,,,0,0,0,0,0,0,162,2026-02-03 05:25:46.527189
SMMR,24.94,24.76,24.94,2302500.0,2333500.0,,,,,0,0,0,0,0,0,162,2026-02-03 05:25:46.527189
ATMN,25.74,25.66,25.68,2219100.0,2091500.0,6377.0,10869.0,,,0,0,0,0,0,0,162,2026-02-03 05:25:46.527189
WNTR,25.31,25.23,25.31,1994500.0,1951400.0,4492.0,,6299.0,7500.0,0,0,0,0,0,0,162,2026-02-03 05:25:46.527189
SPNG,23.23,23.11,23.22,2545800.0,2203700.0,6377.0,7500.0,,,0,0,0,0,0,0,163,2026-02-03 05:25:47.552466
SMMR,24.94,24.77,24.84,2062100.0,2144500.0,6377.0,7500.0,6377.0,7500.0,0,0,0,0,0,0,163,2026-02-03 05:25:47.552466
ATMN,25.66,25.66,25.68,2341900.0,2337300.0,,,,,0,0,0,0,0,0,163,2026-02-03 05:25:47.552466
WNTR,25.22,25.2,25.21,2057300.0,2198600.0,,,,,0,0,0,0,0,0,163,2026-02-03 05:25:47.552466
SPNG,23.54,23.11,23.44,2546100.0,2279100.0,6377.0,,,0,0,0,0,0,0,0,164,2026-02-03 05:25:48.578050
SMMR,24.84,24.78,24.84,2068800.0,2385400.0,,5905.0,2175.0,0,0,0,0,0,0,0,164,2026-02-03 05:25:48.578050
ATMN,25.66,25.66,25.68,2326700.0,2323500.0,,,,0,0,0,0,0,0,0,164,2026-02-03 05:25:48.578050
WNTR,25.32,25.2,25.29,2057300.0,2150000.0,,,,0,0,0,0,0,0,0,164,2026-02-03 05:25:48.578050
SPNG,23.46,23.12,23.45,7500.0,2399900.0,2442700.0,,,0,0,0,0,0,0,0,165,2026-02-03 05:25:49.603123
SMMR,24.97,24.79,24.84,7500.0,2190000.0,2249600.0,3450.0,,0,0,0,0,0,0,0,165,2026-02-03 05:25:49.603123
ATMN,25.86,25.51,25.86,,2372300.0,2350900.0,,,0,0,0,0,0,0,0,165,2026-02-03 05:25:49.603123
WNTR,25.19,25.21,25.24,7500.0,1843600.0,2031700.0,5625.0,5625.0,0,0,0,0,0,0,0,165,2026-02-03 05:25:49.603123
SPNG,23.74,23.12,23.45,7500.0,6956.0,2275800.0,6956.0,2306300.0,0,0,0,0,0,0,0,166,2026-02-03 05:25:50.627759
SMMR,24.76,24.79,24.84,5905.0,2175.0,2068800.0,,2344600.0,0,0,0,0,0,0,0,166,2026-02-03 05:25:50.627759
ATMN,25.86,25.52,25.86,4148.0,6956.0,2155900.0,6956.0,2193400.0,0,0,0,0,0,0,0,166,2026-02-03 05:25:50.627759
WNTR,25.08,25.08,25.24,,,1588200.0,,2144200.0,0,0,0,0,0,0,0,166,2026-02-03 05:25:50.627759
SPNG,23.09,23.12,23.74,6637.0,2414200.0,2402300.0,,,0,0,0,0,0,0,0,167,2026-02-03 05:25:51.660558
SMMR,24.87,24.79,24.87,,2068800.0,2380300.0,7500.0,,0,0,0,0,0,0,0,167,2026-02-03 05:25:51.660558
ATMN,25.86,25.64,25.86,,2128600.0,2192500.0,8296.0,6637.0,0,0,0,0,0,0,0,167,2026-02-03 05:25:51.660558
WNTR,25.08,25.08,25.24,,1709500.0,2150000.0,,,0,0,0,0,0,0,0,167,2026-02-03 05:25:51.660558
SPNG,23.79,23.24,23.79,2562800.0,2389700.0,,,0,0,0,0,0,0,0,0,168,2026-02-03 05:25:52.193032
SMMR,24.74,24.74,24.75,2314800.0,2403800.0,,,0,0,0,0,0,0,0,0,168,2026-02-03 05:25:52.193032
ATMN,25.86,25.71,25.73,2238800.0,2294600.0,4148.0,,0,0,0,0,0,0,0,0,168,2026-02-03 05:25:52.193032
WNTR,25.08,25.08,25.18,1588200.0,2034400.0,,6637.0,0,0,0,0,0,0,0,0,168,2026-02-03 05:25:52.193032
SPNG,23.24,23.24,23.82,2275100.0,11615.0,2377300.0,,,,0,0,0,0,0,0,169,2026-02-03 05:25:53.224723
SMMR,24.82,24.82,24.87,2302100.0,,2393100.0,,,,0,0,0,0,0,0,169,2026-02-03 05:25:53.224723
ATMN,25.64,25.51,25.57,2372300.0,,2320100.0,,,,0,0,0,0,0,0,169,2026-02-03 05:25:53.224723
WNTR,25.18,25.09,25.16,1588200.0,,1976800.0,6463.0,6463.0,6637.0,0,0,0,0,0,0,169,2026-02-03 05:25:53.224723
SPNG,23.24,23.71,23.79,2162100.0,1037.0,11615.0,2340200.0,7500.0,0,0,0,0,0,0,0,170,2026-02-03 05:25:54.248268
SMMR,24.87,24.83,24.85,2091500.0,7500.0,312.0,2379800.0,,0,0,0,0,0,0,0,170,2026-02-03 05:25:54.248268
ATMN,25.86,25.51,25.86,2354700.0,,,2321000.0,,0,0,0,0,0,0,0,170,2026-02-03 05:25:54.248268
WNTR,25.29,25.3,25.34,1801700.0,,,2182800.0,,0,0,0,0,0,0,0,170,2026-02-03 05:25:54.248268
SPNG,23.28,23.24,23.28,2562800.0,2477400.0,,,0,0,0,0,0,0,0,0,171,2026-02-03 05:25:55.274570
SMMR,24.76,24.74,24.76,2318100.0,2375900.0,,,0,0,0,0,0,0,0,0,171,2026-02-03 05:25:55.274570
ATMN,25.47,25.47,25.85,2307000.0,2083500.0,5625.0,4518.0,0,0,0,0,0,0,0,0,171,2026-02-03 05:25:55.274570
WNTR,25.13,25.08,25.13,1700400.0,2069900.0,,4518.0,0,0,0,0,0,0,0,0,171,2026-02-03 05:25:55.274570
SPNG,23.28,23.31,23.79,2315200.0,6562.0,1615.0,2483900.0,,,0,0,0,0,0,0,172,2026-02-03 05:25:56.302646
SMMR,24.76,24.74,24.76,2306300.0,,,2375900.0,,,0,0,0,0,0,0,172,2026-02-03 05:25:56.302646
ATMN,25.86,25.66,25.7,2296300.0,,,2204400.0,4518.0,,0,0,0,0,0,0,172,2026-02-03 05:25:56.302646
WNTR,25.05,25.12,25.13,1909700.0,1875.0,,1965400.0,4518.0,5625.0,0,0,0,0,0,0,172,2026-02-03 05:25:56.302646
SPNG,23.15,23.09,23.15,2563200.0,2470500.0,0,0,0,0,0,0,0,0,0,0,173,2026-02-03 05:25:57.325402
SMMR,24.76,24.74,24.76,2283100.0,2384800.0,0,0,0,0,0,0,0,0,0,0,173,2026-02-03 05:25:57.325402
ATMN,25.7,25.66,25.7,2290800.0,2332900.0,0,0,0,0,0,0,0,0,0,0,173,2026-02-03 05:25:57.325402
WNTR,25.13,25.23,25.3,2112200.0,2140900.0,0,0,0,0,0,0,0,0,0,0,173,2026-02-03 05:25:57.325402
SPNG,23.07,23.07,23.15,2546900.0,6370.0,2361200.0,0,0,0,0,0,0,0,0,0,174,2026-02-03 05:25:58.350649
SMMR,24.81,24.74,24.81,2283100.0,,2414000.0,0,0,0,0,0,0,0,0,0,174,2026-02-03 05:25:58.350649
ATMN,25.7,25.72,25.86,2301400.0,,2301400.0,0,0,0,0,0,0,0,0,0,174,2026-02-03 05:25:58.350649
WNTR,25.14,25.13,25.14,2137000.0,,2137900.0,0,0,0,0,0,0,0,0,0,174,2026-02-03 05:25:58.350649
SPNG,23.24,23.39,23.74,2375900.0,7500.0,2361200.0,6370.0,,0,0,0,0,0,0,0,175,2026-02-03 05:25:59.380224
SMMR,24.82,24.77,24.81,2162200.0,,2308900.0,4315.0,4315.0,0,0,0,0,0,0,0,175,2026-02-03 05:25:59.380224
ATMN,25.71,25.71,25.86,2327800.0,,2201200.0,4315.0,,0,0,0,0,0,0,0,175,2026-02-03 05:25:59.380224
WNTR,25.3,25.13,25.14,2137000.0,,2036400.0,6370.0,,0,0,0,0,0,0,0,175,2026-02-03 05:25:59.380224
SPNG,23.44,23.42,23.44,2383900.0,4828.0,2348800.0,4828.0,,,0,0,0,0,0,0,176,2026-02-03 05:26:00.410288
SMMR,24.74,24.81,24.82,2161700.0,,2426100.0,,7500.0,,0,0,0,0,0,0,176,2026-02-03 05:26:00.410288
ATMN,25.73,25.66,25.72,2317300.0,,2179500.0,,,7500.0,0,0,0,0,0,0,176,2026-02-03 05:26:00.410288
WNTR,25.22,25.12,25.21,2015700.0,,2016600.0,,,7500.0,0,0,0,0,0,0,176,2026-02-03 05:26:00.410288
SPNG,23.44,23.42,23.44,2555400.0,2477500.0,0,0,0,0,0,0,0,0,0,0,177,2026-02-03 05:26:01.435652
SMMR,24.81,24.74,24.76,2283100.0,2407400.0,0,0,0,0,0,0,0,0,0,0,177,2026-02-03 05:26:01.435652
ATMN,25.63,25.63,25.65,2342800.0,2310400.0,0,0,0,0,0,0,0,0,0,0,177,2026-02-03 05:26:01.435652
WNTR,25.19,25.12,25.19,2015700.0,2151400.0,0,0,0,0,0,0,0,0,0,0,177,2026-02-03 05:26:01.435652
SPNG,23.74,23.42,23.45,2542300.0,2463300.0,,0,0,0,0,0,0,0,0,0,178,2026-02-03 05:26:02.466756
SMMR,24.76,24.74,24.76,2257700.0,2429000.0,,0,0,0,0,0,0,0,0,0,178,2026-02-03 05:26:02.466756
ATMN,25.7,25.7,25.72,2377400.0,2321700.0,,0,0,0,0,0,0,0,0,0,178,2026-02-03 05:26:02.466756
WNTR,25.34,25.26,25.31,2007900.0,2183500.0,7500.0,0,0,0,0,0,0,0,0,0,178,2026-02-03 05:26:02.466756
SPNG,23.42,23.42,23.74,2542300.0,2477800.0,0,0,0,0,0,0,0,0,0,0,179,2026-02-03 05:26:03.493637
SMMR,24.81,24.74,24.81,2257700.0,2447800.0,0,0,0,0,0,0,0,0,0,0,179,2026-02-03 05:26:03.493637
ATMN,25.7,25.65,25.7,2343500.0,2358000.0,0,0,0,0,0,0,0,0,0,0,179,2026-02-03 05:26:03.493637
WNTR,25.31,25.26,25.31,2108900.0,2171800.0,0,0,0,0,0,0,0,0,0,0,179,2026-02-03 05:26:03.493637
SPNG,27.89,25.81,27.01,830100.0,717400.0,0,0,0,0,0,0,0,0,0,0,180,2026-02-03 05:26:04.523961
SMMR,24.81,24.29,0.0,200000.0,,0,0,0,0,0,0,0,0,0,0,180,2026-02-03 05:26:04.523961
ATMN,25.76,24.95,25.23,974900.0,786400.0,0,0,0,0,0,0,0,0,0,0,180,2026-02-03 05:26:04.523961
WNTR,25.12,24.8,25.14,920700.0,833100.0,0,0,0,0,0,0,0,0,0,0,180,2026-02-03 05:26:04.523961
SPNG,25.76,24.59,24.98,1014700.0,924000.0,0,0,0,0,0,0,0,0,0,0,181,2026-02-03 05:26:05.552053
SMMR,24.66,24.66,24.67,932100.0,1169800.0,0,0,0,0,0,0,0,0,0,0,181,2026-02-03 05:26:05.552053
ATMN,25.04,24.95,25.04,1095900.0,1033400.0,0,0,0,0,0,0,0,0,0,0,181,2026-02-03 05:26:05.552053
WNTR,25.12,24.8,24.86,1034600.0,1043200.0,0,0,0,0,0,0,0,0,0,0,181,2026-02-03 05:26:05.552053
SPNG,25.76,24.59,24.9,1014700.0,1288200.0,0,0,0,0,0,0,0,0,0,0,182,2026-02-03 05:26:06.574635
SMMR,24.63,24.63,24.67,967700.0,1374400.0,0,0,0,0,0,0,0,0,0,0,182,2026-02-03 05:26:06.574635
ATMN,25.23,24.95,25.09,1095900.0,1107200.0,0,0,0,0,0,0,0,0,0,0,182,2026-02-03 05:26:06.574635
WNTR,24.8,24.8,24.86,1044300.0,1149300.0,0,0,0,0,0,0,0,0,0,0,182,2026-02-03 05:26:06.574635
SPNG,25.76,24.59,24.89,1014700.0,1596700.0,0,0,0,0,0,0,0,0,0,0,183,2026-02-03 05:26:07.601756
SMMR,24.63,24.35,24.36,997200.0,1742500.0,0,0,0,0,0,0,0,0,0,0,183,2026-02-03 05:26:07.601756
ATMN,25.23,24.95,25.22,995900.0,1220900.0,0,0,0,0,0,0,0,0,0,0,183,2026-02-03 05:26:07.601756
WNTR,24.86,24.8,24.86,1144900.0,1344100.0,0,0,0,0,0,0,0,0,0,0,183,2026-02-03 05:26:07.601756
SPNG,24.53,24.53,24.62,1090400.0,1833600.0,0,0,0,0,0,0,0,0,0,0,184,2026-02-03 05:26:08.625496
SMMR,24.35,24.35,24.37,997200.0,1847200.0,0,0,0,0,0,0,0,0,0,0,184,2026-02-03 05:26:08.625496
ATMN,24.95,24.78,24.85,1024700.0,1588100.0,0,0,0,0,0,0,0,0,0,0,184,2026-02-03 05:26:08.625496
WNTR,24.87,24.8,24.87,1144900.0,1250800.0,0,0,0,0,0,0,0,0,0,0,184,2026-02-03 05:26:08.625496
SPNG,24.53,24.53,24.62,1187600.0,2074500.0,0,0,0,0,0,0,0,0,0,0,185,2026-02-03 05:26:09.649561
SMMR,24.38,24.29,24.38,1011200.0,1985600.0,0,0,0,0,0,0,0,0,0,0,185,2026-02-03 05:26:09.649561
ATMN,25.05,24.86,25.05,1261800.0,1455700.0,0,0,0,0,0,0,0,0,0,0,185,2026-02-03 05:26:09.649561
WNTR,24.75,24.71,24.74,1158600.0,1144100.0,0,0,0,0,0,0,0,0,0,0,185,2026-02-03 05:26:09.649561
SPNG,24.32,24.54,24.61,7500.0,1131400.0,7500.0,1969500.0,7500.0,,0,0,0,0,0,0,186,2026-02-03 05:26:10.673115
SMMR,24.37,24.41,24.42,7500.0,1130500.0,,2003600.0,,7500.0,0,0,0,0,0,0,186,2026-02-03 05:26:10.673115
ATMN,25.08,24.87,25.08,7500.0,1365500.0,,1532700.0,,7500.0,0,0,0,0,0,0,186,2026-02-03 05:26:10.673115
WNTR,24.99,24.72,24.99,,1500000.0,,1041000.0,,,0,0,0,0,0,0,186,2026-02-03 05:26:10.673115
SPNG,23.81,23.14,23.81,1301600.0,2105100.0,7500.0,,,0,0,0,0,0,0,0,187,2026-02-03 05:26:11.696198
SMMR,24.37,24.41,24.42,1143400.0,2116000.0,,7500.0,15000.0,0,0,0,0,0,0,0,187,2026-02-03 05:26:11.696198
ATMN,24.84,24.87,24.96,1406500.0,1779800.0,,7500.0,7500.0,0,0,0,0,0,0,0,187,2026-02-03 05:26:11.696198
WNTR,24.99,24.75,24.98,1622600.0,1275700.0,5625.0,,5625.0,0,0,0,0,0,0,0,187,2026-02-03 05:26:11.696198
SPNG,23.81,23.8,23.81,1705000.0,2006500.0,7500.0,3750.0,,0,0,0,0,0,0,0,188,2026-02-03 05:26:12.719470
SMMR,24.38,24.38,24.42,1242700.0,2218300.0,,,,0,0,0,0,0,0,0,188,2026-02-03 05:26:12.719470
ATMN,25.08,24.78,25.08,1269500.0,1532700.0,,,5625.0,0,0,0,0,0,0,0,188,2026-02-03 05:26:12.719470
WNTR,24.98,24.75,24.98,1622600.0,1464700.0,,,,0,0,0,0,0,0,0,188,2026-02-03 05:26:12.719470
SPNG,23.81,23.8,23.81,2132000.0,2006500.0,7500.0,3750.0,,0,0,0,0,0,0,0,189,2026-02-03 05:26:13.745298
SMMR,24.3,24.15,24.3,1094900.0,2337100.0,,,,0,0,0,0,0,0,0,189,2026-02-03 05:26:13.745298
ATMN,24.74,24.78,24.83,1253100.0,1554200.0,,,4218.0,0,0,0,0,0,0,0,189,2026-02-03 05:26:13.745298
WNTR,24.75,24.75,24.8,1814700.0,1576500.0,,6797.0,,0,0,0,0,0,0,0,189,2026-02-03 05:26:13.745298
SPNG,24.49,23.87,24.42,2255700.0,2191200.0,0,0,0,0,0,0,0,0,0,0,190,2026-02-03 05:26:14.768953
SMMR,24.29,24.29,24.3,1465000.0,2337100.0,0,0,0,0,0,0,0,0,0,0,190,2026-02-03 05:26:14.768953
ATMN,24.83,24.96,25.16,1287200.0,1548700.0,0,0,0,0,0,0,0,0,0,0,190,2026-02-03 05:26:14.768953
WNTR,24.81,24.89,24.98,2269200.0,1464700.0,0,0,0,0,0,0,0,0,0,0,190,2026-02-03 05:26:14.768953
SPNG,24.49,23.88,24.28,6914.0,2255700.0,2114100.0,6914.0,,0,0,0,0,0,0,0,191,2026-02-03 05:26:15.812955
SMMR,24.15,24.29,24.3,,1550000.0,2337100.0,,,0,0,0,0,0,0,0,191,2026-02-03 05:26:15.812955
ATMN,24.83,25.06,25.16,4219.0,1378700.0,1681500.0,,,0,0,0,0,0,0,0,191,2026-02-03 05:26:15.812955
WNTR,24.89,24.89,24.92,,2128300.0,1706800.0,6562.0,4218.0,0,0,0,0,0,0,0,191,2026-02-03 05:26:15.812955
SPNG,24.52,23.89,24.52,7500.0,2255700.0,2192500.0,,,0,0,0,0,0,0,0,192,2026-02-03 05:26:16.334744
SMMR,24.3,24.29,24.3,,1688200.0,2248800.0,7500.0,7500.0,0,0,0,0,0,0,0,192,2026-02-03 05:26:16.334744
ATMN,25.06,25.06,25.16,,1378700.0,1954700.0,,,0,0,0,0,0,0,0,192,2026-02-03 05:26:16.334744
WNTR,24.72,24.72,24.92,,2017400.0,1706800.0,,,0,0,0,0,0,0,0,192,2026-02-03 05:26:16.334744
SPNG,24.52,23.87,24.52,2659000.0,2192500.0,,,0,0,0,0,0,0,0,0,193,2026-02-03 05:26:17.362579
SMMR,24.3,24.37,24.42,2151000.0,2218300.0,,,0,0,0,0,0,0,0,0,193,2026-02-03 05:26:17.362579
ATMN,25.07,25.06,25.07,1378700.0,2222300.0,4218.0,,0,0,0,0,0,0,0,0,193,2026-02-03 05:26:17.362579
WNTR,24.74,24.74,24.85,2131900.0,1832500.0,,13124.0,0,0,0,0,0,0,0,0,193,2026-02-03 05:26:17.362579
SPNG,24.81,24.06,24.81,2631600.0,4787.0,1933500.0,,,0,0,0,0,0,0,0,194,2026-02-03 05:26:18.387264
SMMR,24.42,24.38,24.42,2272100.0,3670.0,2336000.0,7500.0,,0,0,0,0,0,0,0,194,2026-02-03 05:26:18.387264
ATMN,25.07,24.69,25.07,1358900.0,,2239500.0,,,0,0,0,0,0,0,0,194,2026-02-03 05:26:18.387264
WNTR,24.72,24.76,24.77,2134800.0,,1949500.0,,5742.0,0,0,0,0,0,0,0,194,2026-02-03 05:26:18.387264
SPNG,24.81,24.44,24.57,2555200.0,7060.0,2075700.0,7060.0,0,0,0,0,0,0,0,0,195,2026-02-03 05:26:19.411184
SMMR,24.33,24.38,24.42,2251500.0,7500.0,2372000.0,,0,0,0,0,0,0,0,0,195,2026-02-03 05:26:19.411184
ATMN,25.07,24.69,25.07,1341900.0,7060.0,2131400.0,7060.0,0,0,0,0,0,0,0,0,195,2026-02-03 05:26:19.411184
WNTR,24.77,24.72,24.77,2017400.0,,1955400.0,5742.0,0,0,0,0,0,0,0,0,195,2026-02-03 05:26:19.411184
SPNG,24.57,24.44,24.57,2333500.0,4787.0,5675.0,2086600.0,5675.0,0,0,0,0,0,0,0,196,2026-02-03 05:26:20.435386
SMMR,24.38,24.33,24.34,2309700.0,,7500.0,2383600.0,,0,0,0,0,0,0,0,196,2026-02-03 05:26:20.435386
ATMN,25.12,24.6,25.12,1746900.0,,5675.0,2217300.0,,0,0,0,0,0,0,0,196,2026-02-03 05:26:20.435386
WNTR,24.8,24.74,24.75,2230600.0,,,2083600.0,200.0,0,0,0,0,0,0,0,196,2026-02-03 05:26:20.435386
SPNG,24.68,24.44,24.68,2496700.0,4787.0,2180500.0,,,0,0,0,0,0,0,0,197,2026-02-03 05:26:21.480943
SMMR,24.36,24.34,24.36,2453000.0,,2387200.0,,,0,0,0,0,0,0,0,197,2026-02-03 05:26:21.480943
ATMN,25.12,24.87,25.02,1981000.0,,2169000.0,5974.0,,0,0,0,0,0,0,0,197,2026-02-03 05:26:21.480943
WNTR,24.75,24.74,24.75,2160600.0,,1986200.0,7220.0,200.0,0,0,0,0,0,0,0,197,2026-02-03 05:26:21.480943
SPNG,24.81,24.44,24.81,2333500.0,4787.0,6650.0,2169600.0,0,0,0,0,0,0,0,0,198,2026-02-03 05:26:22.529324
SMMR,24.36,24.34,24.36,2461800.0,,,2444200.0,0,0,0,0,0,0,0,0,198,2026-02-03 05:26:22.529324
ATMN,25.02,24.97,24.99,2083500.0,,18550.0,2317200.0,0,0,0,0,0,0,0,0,198,2026-02-03 05:26:22.529324
WNTR,24.74,24.75,24.79,2034700.0,6303.0,,2030300.0,0,0,0,0,0,0,0,0,198,2026-02-03 05:26:22.529324
SPNG,24.81,24.44,24.45,2336300.0,4787.0,6650.0,2204800.0,0,0,0,0,0,0,0,0,199,2026-02-03 05:26:23.562583
SMMR,24.36,24.37,24.42,2417400.0,,,2446400.0,0,0,0,0,0,0,0,0,199,2026-02-03 05:26:23.562583
ATMN,24.97,24.98,25.02,2083500.0,,9275.0,2303300.0,0,0,0,0,0,0,0,0,199,2026-02-03 05:26:23.562583
WNTR,24.92,24.71,24.92,2178200.0,,,1810800.0,0,0,0,0,0,0,0,0,199,2026-02-03 05:26:23.562583
SPNG,24.23,24.11,24.12,2731000.0,2221300.0,,,,,0,0,0,0,0,0,200,2026-02-03 05:26:24.602343
SMMR,24.34,24.37,24.4,2297300.0,2212400.0,879.0,3327.0,879.0,,0,0,0,0,0,0,200,2026-02-03 05:26:24.602343
ATMN,24.91,24.91,25.04,2202000.0,2265700.0,,,,,0,0,0,0,0,0,200,2026-02-03 05:26:24.602343
WNTR,24.67,24.71,24.92,1927900.0,1810800.0,3518.0,,3518.0,4903.0,0,0,0,0,0,0,200,2026-02-03 05:26:24.602343
SPNG,24.11,24.11,24.86,2731000.0,2188400.0,,,0,0,0,0,0,0,0,0,201,2026-02-03 05:26:25.638761
SMMR,24.29,24.39,24.44,2220900.0,2443800.0,7500.0,879.0,0,0,0,0,0,0,0,0,201,2026-02-03 05:26:25.638761
ATMN,25.12,24.91,25.0,2299700.0,2259200.0,,9275.0,0,0,0,0,0,0,0,0,201,2026-02-03 05:26:25.638761
WNTR,24.67,24.82,24.86,2194800.0,1915400.0,,,0,0,0,0,0,0,0,0,201,2026-02-03 05:26:25.638761
SPNG,24.28,24.68,24.86,2516600.0,5048.0,2217800.0,0,0,0,0,0,0,0,0,0,202,2026-02-03 05:26:26.672586
SMMR,24.27,24.27,24.42,2273100.0,,2465100.0,0,0,0,0,0,0,0,0,0,202,2026-02-03 05:26:26.672586
ATMN,25.14,24.91,24.97,2278700.0,5048.0,2264800.0,0,0,0,0,0,0,0,0,0,202,2026-02-03 05:26:26.672586
WNTR,24.86,24.88,24.92,2197300.0,,2030300.0,0,0,0,0,0,0,0,0,0,202,2026-02-03 05:26:26.672586
SPNG,24.58,24.62,24.86,2615100.0,2085500.0,5181.0,,,,0,0,0,0,0,0,203,2026-02-03 05:26:27.704989
SMMR,24.27,24.28,24.42,2344200.0,2111000.0,5181.0,5181.0,12403.0,,0,0,0,0,0,0,203,2026-02-03 05:26:27.704989
ATMN,25.22,24.96,25.22,2417800.0,2073100.0,,,,,0,0,0,0,0,0,203,2026-02-03 05:26:27.704989
WNTR,24.88,24.88,24.89,1934000.0,2089700.0,5181.0,5181.0,,7500.0,0,0,0,0,0,0,203,2026-02-03 05:26:27.704989
SPNG,24.62,24.62,24.86,2316400.0,11185.0,2219500.0,0,0,0,0,0,0,0,0,0,204,2026-02-03 05:26:28.735012
SMMR,24.44,24.28,24.44,2476200.0,,2443800.0,0,0,0,0,0,0,0,0,0,204,2026-02-03 05:26:28.735012
ATMN,24.91,24.87,24.88,2411100.0,,2249400.0,0,0,0,0,0,0,0,0,0,204,2026-02-03 05:26:28.735012
WNTR,24.66,24.81,24.89,2190700.0,,2215900.0,0,0,0,0,0,0,0,0,0,204,2026-02-03 05:26:28.735012
SPNG,24.53,24.71,24.86,2579600.0,2138000.0,5181.0,,0,0,0,0,0,0,0,0,205,2026-02-03 05:26:29.766826
SMMR,24.46,24.28,24.46,2468600.0,2331800.0,2888.0,,0,0,0,0,0,0,0,0,205,2026-02-03 05:26:29.766826
ATMN,25.25,24.87,24.88,2408100.0,1880500.0,19250.0,,0,0,0,0,0,0,0,0,205,2026-02-03 05:26:29.766826
WNTR,24.94,24.81,24.94,2190700.0,2011000.0,2888.0,7500.0,0,0,0,0,0,0,0,0,205,2026-02-03 05:26:29.766826
SPNG,24.6,24.25,24.57,7500.0,2475600.0,2155600.0,5181.0,,,0,0,0,0,0,0,206,2026-02-03 05:26:30.805858
SMMR,24.48,24.29,24.45,7500.0,2317300.0,2303000.0,,7500.0,,0,0,0,0,0,0,206,2026-02-03 05:26:30.805858
ATMN,25.34,25.06,25.21,7500.0,2250000.0,2106700.0,,7500.0,,0,0,0,0,0,0,206,2026-02-03 05:26:30.805858
WNTR,24.81,24.81,24.89,,2073500.0,2205700.0,,,3316.0,0,0,0,0,0,0,206,2026-02-03 05:26:30.805858
SPNG,24.06,24.06,24.51,2664300.0,2062400.0,5181.0,7500.0,,0,0,0,0,0,0,0,207,2026-02-03 05:26:31.840147
SMMR,24.48,24.35,24.38,2332500.0,2410100.0,,,6204.0,0,0,0,0,0,0,0,207,2026-02-03 05:26:31.840147
ATMN,24.95,25.17,25.27,2333700.0,2183800.0,,,,0,0,0,0,0,0,0,207,2026-02-03 05:26:31.840147
WNTR,24.98,24.81,24.98,2190700.0,2179400.0,,,,0,0,0,0,0,0,0,207,2026-02-03 05:26:31.840147
SPNG,24.06,24.06,24.51,2583700.0,2185300.0,5181.0,,0,0,0,0,0,0,0,0,208,2026-02-03 05:26:32.864835
SMMR,24.35,24.28,24.33,2495800.0,2323400.0,2900.0,,0,0,0,0,0,0,0,0,208,2026-02-03 05:26:32.864835
ATMN,24.99,25.0,25.27,2206600.0,2183800.0,,6204.0,0,0,0,0,0,0,0,0,208,2026-02-03 05:26:32.864835
WNTR,24.65,24.65,24.74,1988800.0,2087600.0,7030.0,,0,0,0,0,0,0,0,0,208,2026-02-03 05:26:32.864835
SPNG,24.06,24.06,24.51,2563400.0,2062400.0,5181.0,7500.0,,0,0,0,0,0,0,0,209,2026-02-03 05:26:33.400818
SMMR,24.38,24.28,24.38,2467000.0,2410100.0,,,,0,0,0,0,0,0,0,209,2026-02-03 05:26:33.400818
ATMN,25.0,24.87,24.93,2320100.0,2245500.0,,,,0,0,0,0,0,0,0,209,2026-02-03 05:26:33.400818
WNTR,24.65,24.65,24.69,1883900.0,2189800.0,,,6204.0,0,0,0,0,0,0,0,209,2026-02-03 05:26:33.400818
SPNG,24.33,24.33,24.57,2505100.0,2267200.0,,,,0,0,0,0,0,0,0,210,2026-02-03 05:26:34.428657
SMMR,24.38,24.34,24.38,2520100.0,2310600.0,6204.0,,,0,0,0,0,0,0,0,210,2026-02-03 05:26:34.428657
ATMN,25.21,25.21,25.27,2059600.0,2217600.0,,2896.0,7500.0,0,0,0,0,0,0,0,210,2026-02-03 05:26:34.428657
WNTR,24.64,24.64,24.68,1791400.0,2208200.0,,,,0,0,0,0,0,0,0,210,2026-02-03 05:26:34.428657
SPNG,24.33,24.44,24.57,2497900.0,2264300.0,,,,,0,0,0,0,0,0,211,2026-02-03 05:26:35.454635
SMMR,24.45,24.35,24.39,2388100.0,2461700.0,7500.0,,,,0,0,0,0,0,0,211,2026-02-03 05:26:35.454635
ATMN,25.27,25.21,25.27,1924500.0,2264200.0,7500.0,5792.0,,,0,0,0,0,0,0,211,2026-02-03 05:26:35.454635
WNTR,24.63,24.63,24.68,1953700.0,1982800.0,,,7030.0,7500.0,0,0,0,0,0,0,211,2026-02-03 05:26:35.454635
SPNG,24.45,24.33,24.45,2381800.0,5742.0,2201800.0,7500.0,,0,0,0,0,0,0,0,212,2026-02-03 05:26:36.481180
SMMR,24.5,24.36,24.37,2488000.0,,2318000.0,,5742.0,0,0,0,0,0,0,0,212,2026-02-03 05:26:36.481180
ATMN,24.87,24.87,24.96,2261800.0,,2301300.0,,,0,0,0,0,0,0,0,212,2026-02-03 05:26:36.481180
WNTR,24.69,24.71,24.74,2194800.0,,2182600.0,,,0,0,0,0,0,0,0,212,2026-02-03 05:26:36.481180
SPNG,24.56,24.33,24.56,2519500.0,5625.0,2180900.0,0,0,0,0,0,0,0,0,0,213,2026-02-03 05:26:37.503117
SMMR,24.39,24.39,24.5,2495300.0,,2442500.0,0,0,0,0,0,0,0,0,0,213,2026-02-03 05:26:37.503117
ATMN,25.02,24.87,25.34,2272700.0,,2172400.0,0,0,0,0,0,0,0,0,0,213,2026-02-03 05:26:37.503117
WNTR,24.89,24.69,24.89,2262300.0,,2177200.0,0,0,0,0,0,0,0,0,0,213,2026-02-03 05:26:37.503117
SPNG,24.06,24.33,24.45,7500.0,2396800.0,13125.0,7500.0,1986100.0,,0,0,0,0,0,0,214,2026-02-03 05:26:38.530433
SMMR,24.39,24.49,24.5,,2515300.0,,,2491800.0,,0,0,0,0,0,0,214,2026-02-03 05:26:38.530433
ATMN,25.02,25.02,25.11,7500.0,2153100.0,2200.0,7500.0,2034500.0,,0,0,0,0,0,0,214,2026-02-03 05:26:38.530433
WNTR,24.82,24.82,24.88,7500.0,1998100.0,1793.0,7500.0,1975500.0,1793.0,0,0,0,0,0,0,214,2026-02-03 05:26:38.530433
SPNG,24.86,24.33,24.45,6643.0,2380500.0,7500.0,6643.0,2042900.0,,0,0,0,0,0,0,215,2026-02-03 05:26:39.557250
SMMR,24.49,24.4,24.45,6643.0,2268500.0,,6643.0,2411800.0,5625.0,0,0,0,0,0,0,215,2026-02-03 05:26:39.557250
ATMN,25.02,25.03,25.11,3425.0,2074200.0,,,2246200.0,5625.0,0,0,0,0,0,0,215,2026-02-03 05:26:39.557250
WNTR,24.64,24.64,24.69,,2168900.0,5625.0,6643.0,1976400.0,,0,0,0,0,0,0,215,2026-02-03 05:26:39.557250
SPNG,24.86,24.33,24.44,6695.0,2237300.0,2162600.0,6695.0,,0,0,0,0,0,0,0,216,2026-02-03 05:26:40.581716
SMMR,24.46,24.46,24.5,52.0,2368200.0,2519900.0,,,0,0,0,0,0,0,0,216,2026-02-03 05:26:40.581716
ATMN,25.02,25.03,25.09,3425.0,2173700.0,2169900.0,,4218.0,0,0,0,0,0,0,0,216,2026-02-03 05:26:40.581716
WNTR,24.64,24.64,24.69,,2288500.0,2093800.0,6643.0,,0,0,0,0,0,0,0,216,2026-02-03 05:26:40.581716
SPNG,24.44,24.05,24.44,2512900.0,2053900.0,7500.0,6695.0,,,0,0,0,0,0,0,217,2026-02-03 05:26:41.606954
SMMR,24.43,24.43,24.49,2480000.0,2401600.0,4218.0,,,,0,0,0,0,0,0,217,2026-02-03 05:26:41.606954
ATMN,25.11,25.05,25.11,2147300.0,2255600.0,,,4218.0,3425.0,0,0,0,0,0,0,217,2026-02-03 05:26:41.606954
WNTR,24.69,24.75,24.89,2260800.0,2187500.0,,,,,0,0,0,0,0,0,217,2026-02-03 05:26:41.606954
SPNG,24.3,24.05,24.3,2512900.0,2088000.0,7500.0,6695.0,,,0,0,0,0,0,0,218,2026-02-03 05:26:42.633441
SMMR,24.33,24.26,24.3,2479200.0,2404000.0,,6682.0,,,0,0,0,0,0,0,218,2026-02-03 05:26:42.633441
ATMN,25.11,25.2,25.34,2129500.0,2230700.0,,,4218.0,3425.0,0,0,0,0,0,0,218,2026-02-03 05:26:42.633441
WNTR,24.75,24.7,24.75,2294900.0,1953300.0,6679.0,6682.0,,,0,0,0,0,0,0,218,2026-02-03 05:26:42.633441
SPNG,24.58,24.64,24.86,2479300.0,2253500.0,,,,,0,0,0,0,0,0,219,2026-02-03 05:26:43.657459
SMMR,24.3,24.27,24.3,2355800.0,2170400.0,6679.0,13364.0,6679.0,,0,0,0,0,0,0,219,2026-02-03 05:26:43.657459
ATMN,25.11,25.2,25.34,2129500.0,2290700.0,4218.0,,,3425.0,0,0,0,0,0,0,219,2026-02-03 05:26:43.657459
WNTR,24.61,24.61,24.75,2190400.0,2070700.0,,,6679.0,,0,0,0,0,0,0,219,2026-02-03 05:26:43.657459
SPNG,24.87,24.64,24.87,7500.0,2338900.0,2265500.0,0,0,0,0,0,0,0,0,0,220,2026-02-03 05:26:44.687105
SMMR,24.33,24.4,24.5,,2479600.0,2511800.0,0,0,0,0,0,0,0,0,0,220,2026-02-03 05:26:44.687105
ATMN,25.36,25.2,25.36,4218.0,2257400.0,2264200.0,0,0,0,0,0,0,0,0,0,220,2026-02-03 05:26:44.687105
WNTR,24.91,24.8,24.91,,2287900.0,2149400.0,0,0,0,0,0,0,0,0,0,220,2026-02-03 05:26:44.687105
SPNG,24.25,24.67,24.87,2406000.0,7500.0,2265400.0,,,,0,0,0,0,0,0,221,2026-02-03 05:26:45.713057
SMMR,24.4,24.41,24.49,2178500.0,4570.0,2379500.0,6246.0,4570.0,,0,0,0,0,0,0,221,2026-02-03 05:26:45.713057
ATMN,25.41,25.0,25.41,2382800.0,,2283300.0,,,,0,0,0,0,0,0,221,2026-02-03 05:26:45.713057
WNTR,24.79,24.61,24.73,2190400.0,,1916600.0,,4570.0,6246.0,0,0,0,0,0,0,221,2026-02-03 05:26:45.713057
SPNG,24.67,24.15,24.25,2372700.0,7500.0,2195100.0,2485.0,,,0,0,0,0,0,0,222,2026-02-03 05:26:46.736170
SMMR,24.4,24.4,24.5,2321200.0,,2492000.0,,6246.0,,0,0,0,0,0,0,222,2026-02-03 05:26:46.736170
ATMN,24.98,25.17,25.4,2158000.0,6767.0,2168500.0,,6246.0,6767.0,0,0,0,0,0,0,222,2026-02-03 05:26:46.736170
WNTR,24.61,24.61,24.73,2174600.0,,1918600.0,6246.0,,4570.0,0,0,0,0,0,0,222,2026-02-03 05:26:46.736170
SPNG,24.15,24.15,24.89,2372000.0,5015.0,2250800.0,,,0,0,0,0,0,0,0,223,2026-02-03 05:26:47.761534
SMMR,24.26,24.35,24.5,2487300.0,,2479700.0,,,0,0,0,0,0,0,0,223,2026-02-03 05:26:47.761534
ATMN,25.23,25.18,25.23,2173900.0,6246.0,2189600.0,6767.0,6246.0,0,0,0,0,0,0,0,223,2026-02-03 05:26:47.761534
WNTR,24.74,24.74,24.78,2251200.0,,2156900.0,,,0,0,0,0,0,0,0,223,2026-02-03 05:26:47.761534
SPNG,24.23,24.46,24.74,2113500.0,7500.0,7500.0,2237300.0,,,0,0,0,0,0,0,224,2026-02-03 05:26:48.789400
SMMR,24.26,24.35,24.45,2487800.0,,,2361600.0,5625.0,,0,0,0,0,0,0,224,2026-02-03 05:26:48.789400
ATMN,25.26,25.38,25.41,2296100.0,,5625.0,2259800.0,,,0,0,0,0,0,0,224,2026-02-03 05:26:48.789400
WNTR,24.91,24.61,24.78,2167200.0,,,2038200.0,,5625.0,0,0,0,0,0,0,224,2026-02-03 05:26:48.789400
SPNG,24.01,24.01,24.74,2507300.0,2237300.0,,,0,0,0,0,0,0,0,0,225,2026-02-03 05:26:49.813005
SMMR,24.35,24.35,24.45,2487800.0,2464500.0,,,0,0,0,0,0,0,0,0,225,2026-02-03 05:26:49.813005
ATMN,25.17,25.38,25.41,2273300.0,2246100.0,6767.0,7500.0,0,0,0,0,0,0,0,0,225,2026-02-03 05:26:49.813005
WNTR,24.91,24.7,24.78,2120600.0,2026300.0,3933.0,5625.0,0,0,0,0,0,0,0,0,225,2026-02-03 05:26:49.813005
SPNG,24.01,24.01,24.74,2468700.0,2015400.0,7500.0,5625.0,,0,0,0,0,0,0,0,226,2026-02-03 05:26:50.839559
SMMR,24.35,24.36,24.44,2356100.0,2213200.0,7316.0,7500.0,7316.0,0,0,0,0,0,0,0,226,2026-02-03 05:26:50.839559
ATMN,25.02,25.1,25.29,2413900.0,2254700.0,,7500.0,,0,0,0,0,0,0,0,226,2026-02-03 05:26:50.839559
WNTR,24.7,24.7,24.77,2263200.0,1986300.0,3933.0,,,0,0,0,0,0,0,0,226,2026-02-03 05:26:50.839559
SPNG,24.01,24.01,24.3,2468700.0,2094100.0,7500.0,3750.0,,0,0,0,0,0,0,0,227,2026-02-03 05:26:51.868304
SMMR,24.36,24.35,24.36,2492000.0,2448700.0,,,,0,0,0,0,0,0,0,227,2026-02-03 05:26:51.868304
ATMN,25.02,25.21,25.28,2258900.0,2258000.0,3796.0,,3796.0,0,0,0,0,0,0,0,227,2026-02-03 05:26:51.868304
WNTR,24.83,24.7,24.74,2263200.0,1986300.0,,3750.0,,0,0,0,0,0,0,0,227,2026-02-03 05:26:51.868304
SPNG,24.89,24.01,24.89,2468700.0,2312700.0,,,,0,0,0,0,0,0,0,228,2026-02-03 05:26:52.893886
SMMR,24.31,24.31,24.36,2496400.0,2330200.0,7316.0,,,0,0,0,0,0,0,0,228,2026-02-03 05:26:52.893886
ATMN,25.1,25.1,25.39,2392600.0,2223700.0,3796.0,,,0,0,0,0,0,0,0,228,2026-02-03 05:26:52.893886
WNTR,24.83,24.7,24.74,2075200.0,1974300.0,,1406.0,1406.0,0,0,0,0,0,0,0,228,2026-02-03 05:26:52.893886
SPNG,23.89,24.5,24.71,2479300.0,2330700.0,,,0,0,0,0,0,0,0,0,229,2026-02-03 05:26:53.919837
SMMR,24.36,24.31,24.36,2479300.0,2225500.0,13125.0,,0,0,0,0,0,0,0,0,229,2026-02-03 05:26:53.919837
ATMN,25.26,25.32,25.39,2250600.0,2229800.0,4218.0,4218.0,0,0,0,0,0,0,0,0,229,2026-02-03 05:26:53.919837
WNTR,24.83,24.7,24.8,2192500.0,2053900.0,,,0,0,0,0,0,0,0,0,229,2026-02-03 05:26:53.919837
SPNG,23.89,23.89,24.67,2342400.0,5225.0,2151900.0,4722.0,5225.0,0,0,0,0,0,0,0,230,2026-02-03 05:26:54.951192
SMMR,24.31,24.26,24.3,2484900.0,,2471800.0,,,0,0,0,0,0,0,0,230,2026-02-03 05:26:54.951192
ATMN,25.32,25.32,25.4,2114500.0,5225.0,2331400.0,,,0,0,0,0,0,0,0,230,2026-02-03 05:26:54.951192
WNTR,24.74,24.61,24.74,2224400.0,,2061700.0,,,0,0,0,0,0,0,0,230,2026-02-03 05:26:54.951192
SPNG,23.97,24.56,24.67,2459600.0,2151900.0,7500.0,,,,0,0,0,0,0,0,231,2026-02-03 05:26:55.979588
SMMR,24.44,24.35,24.44,2181300.0,2444600.0,,7500.0,6193.0,,0,0,0,0,0,0,231,2026-02-03 05:26:55.979588
ATMN,25.29,25.29,25.43,2392100.0,2374500.0,,,,,0,0,0,0,0,0,231,2026-02-03 05:26:55.979588
WNTR,24.61,24.61,24.7,2061600.0,1971100.0,,,6193.0,6193.0,0,0,0,0,0,0,231,2026-02-03 05:26:55.979588
SPNG,24.56,24.56,24.67,2459600.0,2247800.0,7500.0,,,0,0,0,0,0,0,0,232,2026-02-03 05:26:57.005892
SMMR,24.44,24.42,24.44,2351200.0,2444600.0,,6193.0,,0,0,0,0,0,0,0,232,2026-02-03 05:26:57.005892
ATMN,25.29,25.33,25.35,2253300.0,2404700.0,,5225.0,,0,0,0,0,0,0,0,232,2026-02-03 05:26:57.005892
WNTR,24.6,24.6,24.71,2198300.0,1985200.0,,,5951.0,0,0,0,0,0,0,0,232,2026-02-03 05:26:57.005892
SPNG,23.87,23.87,24.67,2504200.0,2136900.0,7500.0,5951.0,,,0,0,0,0,0,0,233,2026-02-03 05:26:57.529680
SMMR,24.42,24.31,24.42,2222300.0,2436000.0,,,6193.0,7500.0,0,0,0,0,0,0,233,2026-02-03 05:26:57.529680
ATMN,25.29,25.29,25.35,2392100.0,2183800.0,7500.0,5951.0,,,0,0,0,0,0,0,233,2026-02-03 05:26:57.529680
WNTR,24.6,24.62,24.7,1960500.0,1879100.0,7500.0,5951.0,5951.0,7500.0,0,0,0,0,0,0,233,2026-02-03 05:26:57.529680
SPNG,23.83,23.83,24.67,2488700.0,2136900.0,7500.0,5951.0,,0,0,0,0,0,0,0,234,2026-02-03 05:26:58.558312
SMMR,24.49,24.26,24.49,2484900.0,2453600.0,,,,0,0,0,0,0,0,0,234,2026-02-03 05:26:58.558312
ATMN,25.35,25.1,25.35,2424500.0,2213800.0,7500.0,5951.0,,0,0,0,0,0,0,0,234,2026-02-03 05:26:58.558312
WNTR,24.59,24.62,24.7,2066400.0,1972700.0,,6072.0,6072.0,0,0,0,0,0,0,0,234,2026-02-03 05:26:58.558312
SPNG,23.83,24.48,24.67,2512400.0,2136900.0,7500.0,5951.0,,0,0,0,0,0,0,0,235,2026-02-03 05:26:59.595392
SMMR,24.49,24.26,24.3,2355800.0,2336200.0,,4524.0,3036.0,0,0,0,0,0,0,0,235,2026-02-03 05:26:59.595392
ATMN,25.35,25.41,25.43,2408800.0,2404900.0,,,,0,0,0,0,0,0,0,235,2026-02-03 05:26:59.595392
WNTR,24.59,24.62,24.67,2208800.0,1858700.0,5625.0,5951.0,,0,0,0,0,0,0,0,235,2026-02-03 05:26:59.595392
SPNG,24.48,24.48,24.67,2512400.0,2172000.0,7500.0,5951.0,,0,0,0,0,0,0,0,236,2026-02-03 05:27:00.627609
SMMR,24.3,24.27,24.3,2361900.0,2454700.0,,,5625.0,0,0,0,0,0,0,0,236,2026-02-03 05:27:00.627609
ATMN,25.1,25.02,25.1,2389900.0,2375500.0,,,,0,0,0,0,0,0,0,236,2026-02-03 05:27:00.627609
WNTR,24.73,24.62,24.73,2208800.0,2060200.0,,,,0,0,0,0,0,0,0,236,2026-02-03 05:27:00.627609
SPNG,24.24,23.83,24.24,2488700.0,2210300.0,7500.0,5951.0,,,0,0,0,0,0,0,237,2026-02-03 05:27:01.666892
SMMR,24.51,24.37,24.51,2483400.0,2463200.0,,,,,0,0,0,0,0,0,237,2026-02-03 05:27:01.666892
ATMN,25.22,25.22,25.39,2123200.0,2381800.0,,,7031.0,6012.0,0,0,0,0,0,0,237,2026-02-03 05:27:01.666892
WNTR,24.66,24.66,24.71,1978900.0,1950300.0,,6012.0,5625.0,6012.0,0,0,0,0,0,0,237,2026-02-03 05:27:01.666892
SPNG,24.67,24.21,24.67,2491400.0,2378300.0,,0,0,0,0,0,0,0,0,0,238,2026-02-03 05:27:02.775727
SMMR,24.46,24.37,24.46,2490700.0,2464600.0,,0,0,0,0,0,0,0,0,0,238,2026-02-03 05:27:02.775727
ATMN,25.39,25.15,25.39,2250200.0,2381800.0,6012.0,0,0,0,0,0,0,0,0,0,238,2026-02-03 05:27:02.775727
WNTR,24.7,24.66,24.7,2210600.0,2082400.0,,0,0,0,0,0,0,0,0,0,238,2026-02-03 05:27:02.775727
SPNG,24.14,24.14,24.67,2499000.0,2418100.0,0,0,0,0,0,0,0,0,0,0,239,2026-02-03 05:27:03.837307
SMMR,24.37,24.37,24.43,2490700.0,2455900.0,0,0,0,0,0,0,0,0,0,0,239,2026-02-03 05:27:03.837307
ATMN,25.39,25.38,25.39,2341200.0,2381800.0,0,0,0,0,0,0,0,0,0,0,239,2026-02-03 05:27:03.837307
WNTR,24.58,24.58,24.63,2185900.0,2097100.0,0,0,0,0,0,0,0,0,0,0,239,2026-02-03 05:27:03.837307
SPNG,24.39,26.53,0.0,200000.0,,0,0,0,0,0,0,0,0,0,0,240,2026-02-03 05:27:04.868532
SMMR,24.47,24.29,24.6,1017800.0,902700.0,0,0,0,0,0,0,0,0,0,0,240,2026-02-03 05:27:04.868532
ATMN,25.39,25.2,0.0,200000.0,,0,0,0,0,0,0,0,0,0,0,240,2026-02-03 05:27:04.868532
WNTR,24.8,24.56,24.88,806100.0,841500.0,0,0,0,0,0,0,0,0,0,0,240,2026-02-03 05:27:04.868532
SPNG,25.64,26.57,26.72,1181400.0,838000.0,0,0,0,0,0,0,0,0,0,0,241,2026-02-03 05:27:05.904398
SMMR,24.47,24.29,24.38,1017800.0,1272700.0,0,0,0,0,0,0,0,0,0,0,241,2026-02-03 05:27:05.904398
ATMN,25.65,25.2,25.34,982000.0,1150000.0,0,0,0,0,0,0,0,0,0,0,241,2026-02-03 05:27:05.904398
WNTR,24.55,24.55,24.76,800200.0,1019300.0,0,0,0,0,0,0,0,0,0,0,241,2026-02-03 05:27:05.904398
SPNG,25.64,26.57,26.65,1181400.0,1252300.0,0,0,0,0,0,0,0,0,0,0,242,2026-02-03 05:27:06.935287
SMMR,24.29,24.29,24.38,1017800.0,1511900.0,0,0,0,0,0,0,0,0,0,0,242,2026-02-03 05:27:06.935287
ATMN,25.2,25.2,25.34,1010700.0,1255900.0,0,0,0,0,0,0,0,0,0,0,242,2026-02-03 05:27:06.935287
WNTR,24.55,24.55,24.67,923400.0,1309700.0,0,0,0,0,0,0,0,0,0,0,242,2026-02-03 05:27:06.935287
SPNG,25.26,25.92,26.65,1317200.0,1252300.0,0,0,0,0,0,0,0,0,0,0,243,2026-02-03 05:27:07.961020
SMMR,24.29,24.04,24.28,1010600.0,1999000.0,0,0,0,0,0,0,0,0,0,0,243,2026-02-03 05:27:07.961020
ATMN,25.15,25.17,25.34,1142500.0,1364200.0,0,0,0,0,0,0,0,0,0,0,243,2026-02-03 05:27:07.961020
WNTR,24.67,24.55,24.67,923400.0,1532600.0,0,0,0,0,0,0,0,0,0,0,243,2026-02-03 05:27:07.961020
SPNG,26.69,26.36,26.69,1448800.0,1269200.0,0,0,0,0,0,0,0,0,0,0,244,2026-02-03 05:27:08.992963
SMMR,24.04,24.04,24.09,1025700.0,2241000.0,0,0,0,0,0,0,0,0,0,0,244,2026-02-03 05:27:08.992963
ATMN,24.63,24.63,25.34,1045900.0,1471300.0,0,0,0,0,0,0,0,0,0,0,244,2026-02-03 05:27:08.992963
WNTR,24.58,24.6,24.71,1046800.0,1434500.0,0,0,0,0,0,0,0,0,0,0,244,2026-02-03 05:27:08.992963
SPNG,25.92,25.92,26.69,1317200.0,1466200.0,0,0,0,0,0,0,0,0,0,0,245,2026-02-03 05:27:10.020263
SMMR,23.66,23.97,24.09,1257900.0,2376700.0,0,0,0,0,0,0,0,0,0,0,245,2026-02-03 05:27:10.020263
ATMN,25.17,24.65,25.06,1178400.0,1585600.0,0,0,0,0,0,0,0,0,0,0,245,2026-02-03 05:27:10.020263
WNTR,24.53,24.53,24.71,823400.0,1653900.0,0,0,0,0,0,0,0,0,0,0,245,2026-02-03 05:27:10.020263
SPNG,26.36,25.89,25.94,1209300.0,1592700.0,7500.0,,,,0,0,0,0,0,0,246,2026-02-03 05:27:11.050724
SMMR,24.09,23.74,24.09,1159700.0,2253400.0,7500.0,,,,0,0,0,0,0,0,246,2026-02-03 05:27:11.050724
ATMN,25.36,24.82,25.36,1472200.0,1368500.0,,,,,0,0,0,0,0,0,246,2026-02-03 05:27:11.050724
WNTR,24.34,24.61,24.7,932500.0,1742900.0,7500.0,7500.0,7500.0,7500.0,0,0,0,0,0,0,246,2026-02-03 05:27:11.050724
SPNG,26.36,25.89,25.94,1551000.0,1592700.0,7500.0,,0,0,0,0,0,0,0,0,247,2026-02-03 05:27:12.075808
SMMR,24.09,23.92,24.09,1271200.0,2251200.0,7500.0,,0,0,0,0,0,0,0,0,247,2026-02-03 05:27:12.075808
ATMN,25.36,25.05,25.14,1698200.0,1470600.0,,7500.0,0,0,0,0,0,0,0,0,247,2026-02-03 05:27:12.075808
WNTR,24.63,24.63,24.71,1072700.0,1742900.0,,,0,0,0,0,0,0,0,0,247,2026-02-03 05:27:12.075808
SPNG,25.94,25.95,26.69,1783900.0,1466200.0,,0,0,0,0,0,0,0,0,0,248,2026-02-03 05:27:13.103364
SMMR,24.12,23.92,24.0,1271200.0,2264900.0,1200.0,0,0,0,0,0,0,0,0,0,248,2026-02-03 05:27:13.103364
ATMN,24.82,24.82,25.36,1610600.0,1368500.0,,0,0,0,0,0,0,0,0,0,248,2026-02-03 05:27:13.103364
WNTR,24.63,24.34,24.5,1082000.0,1983500.0,7500.0,0,0,0,0,0,0,0,0,0,248,2026-02-03 05:27:13.103364
SPNG,25.94,26.57,26.69,1894800.0,1557200.0,,,,0,0,0,0,0,0,0,249,2026-02-03 05:27:13.624747
SMMR,23.98,23.93,23.98,1271200.0,2064200.0,5625.0,6825.0,7500.0,0,0,0,0,0,0,0,249,2026-02-03 05:27:13.624747
ATMN,25.37,24.89,24.99,1610600.0,1398400.0,5625.0,5625.0,,0,0,0,0,0,0,0,249,2026-02-03 05:27:13.624747
WNTR,24.74,24.34,24.36,1082000.0,1740600.0,,,,0,0,0,0,0,0,0,249,2026-02-03 05:27:13.624747
SPNG,25.95,26.09,26.69,2022300.0,1557200.0,,,,,0,0,0,0,0,0,250,2026-02-03 05:27:14.655832
SMMR,23.98,23.82,23.98,1299800.0,2195800.0,1875.0,7500.0,,,0,0,0,0,0,0,250,2026-02-03 05:27:14.655832
ATMN,25.29,25.29,25.36,1832600.0,1395300.0,7031.0,,7031.0,7500.0,0,0,0,0,0,0,250,2026-02-03 05:27:14.655832
WNTR,24.36,24.45,24.73,1312400.0,1728200.0,7031.0,,7031.0,,0,0,0,0,0,0,250,2026-02-03 05:27:14.655832
SPNG,26.69,26.09,26.69,2022300.0,7031.0,1557200.0,7500.0,,,0,0,0,0,0,0,251,2026-02-03 05:27:15.688964
SMMR,23.98,23.85,23.98,1661300.0,,2195800.0,7500.0,1875.0,,0,0,0,0,0,0,251,2026-02-03 05:27:15.688964
ATMN,25.29,24.94,24.98,1979200.0,7031.0,1534600.0,,7031.0,,0,0,0,0,0,0,251,2026-02-03 05:27:15.688964
WNTR,24.75,24.61,24.72,1439700.0,,1869300.0,7500.0,,7500.0,0,0,0,0,0,0,251,2026-02-03 05:27:15.688964
SPNG,25.89,25.89,26.58,1778900.0,7031.0,1649000.0,,0,0,0,0,0,0,0,0,252,2026-02-03 05:27:16.711271
SMMR,24.0,23.85,24.0,1884200.0,,2400700.0,,0,0,0,0,0,0,0,0,252,2026-02-03 05:27:16.711271
ATMN,24.93,24.93,25.37,2083000.0,,1395300.0,,0,0,0,0,0,0,0,0,252,2026-02-03 05:27:16.711271
WNTR,24.72,24.62,24.72,1439700.0,7031.0,1869300.0,7031.0,0,0,0,0,0,0,0,0,252,2026-02-03 05:27:16.711271
SPNG,26.72,26.36,26.4,7031.0,7031.0,1778900.0,1724700.0,,,0,0,0,0,0,0,253,2026-02-03 05:27:17.734649
SMMR,23.85,23.85,24.0,,,1884200.0,2407300.0,,,0,0,0,0,0,0,253,2026-02-03 05:27:17.734649
ATMN,24.99,24.93,24.99,,,2463400.0,1509100.0,,,0,0,0,0,0,0,253,2026-02-03 05:27:17.734649
WNTR,24.58,24.45,24.58,,,1505500.0,1903700.0,4453.0,7031.0,0,0,0,0,0,0,253,2026-02-03 05:27:17.734649
SPNG,26.36,26.18,26.27,1878500.0,1934200.0,4336.0,,,,0,0,0,0,0,0,254,2026-02-03 05:27:18.762967
SMMR,23.85,23.9,23.99,2005700.0,2220900.0,4336.0,6386.0,4336.0,6386.0,0,0,0,0,0,0,254,2026-02-03 05:27:18.762967
ATMN,25.37,24.93,24.99,2595400.0,1532400.0,5625.0,,,7031.0,0,0,0,0,0,0,254,2026-02-03 05:27:18.762967
WNTR,24.45,24.53,24.58,1635300.0,1798900.0,14062.0,,,4453.0,0,0,0,0,0,0,254,2026-02-03 05:27:18.762967
SPNG,26.4,26.21,26.4,1986700.0,1809900.0,,,,0,0,0,0,0,0,0,255,2026-02-03 05:27:19.786962
SMMR,24.11,23.9,23.99,2005700.0,2267300.0,5009.0,1407.0,,0,0,0,0,0,0,0,255,2026-02-03 05:27:19.786962
ATMN,25.05,25.05,25.08,2508300.0,1664600.0,,,,0,0,0,0,0,0,0,255,2026-02-03 05:27:19.786962
WNTR,24.53,24.53,24.58,1731800.0,1906500.0,,7031.0,4453.0,0,0,0,0,0,0,0,255,2026-02-03 05:27:19.786962
SPNG,26.21,26.21,26.25,2695.0,1972200.0,5859.0,1603400.0,,,0,0,0,0,0,0,256,2026-02-03 05:27:20.811420
SMMR,24.11,23.91,24.03,5009.0,2241200.0,,2387200.0,10000.0,,0,0,0,0,0,0,256,2026-02-03 05:27:20.811420
ATMN,24.93,24.93,25.08,,2508700.0,,1664600.0,,,0,0,0,0,0,0,256,2026-02-03 05:27:20.811420
WNTR,24.45,24.52,24.55,,1581000.0,4453.0,1897700.0,,7031.0,0,0,0,0,0,0,256,2026-02-03 05:27:20.811420
SPNG,26.25,26.42,26.63,2075300.0,12084.0,1825900.0,,,0,0,0,0,0,0,0,257,2026-02-03 05:27:21.836314
SMMR,23.9,23.85,23.89,2399100.0,,2451100.0,,,0,0,0,0,0,0,0,257,2026-02-03 05:27:21.836314
ATMN,25.01,24.93,25.01,2508700.0,,1904900.0,7331.0,,0,0,0,0,0,0,0,257,2026-02-03 05:27:21.836314
WNTR,24.45,24.45,24.58,1693500.0,,2002100.0,,4453.0,0,0,0,0,0,0,0,257,2026-02-03 05:27:21.836314
SPNG,26.42,26.42,26.63,12084.0,1695.0,2096700.0,2039400.0,,0,0,0,0,0,0,0,258,2026-02-03 05:27:22.875988
