ticker,last_price,bid_price,ask_price,BUY_ANON,SELL_ANON,BUY_GIOT-3,SELL_WRSW-3,BUY_LUIS-1,SELL_UOTB-2,SELL_BRCH-3,BUY_LAVL-1,BUY_BRCH-3,BUY_UEBR-1,BUY_UOTB-1,BUY_UOTB-2,SELL_LUIS-1,SELL_COLA-3,BUY_COLA-1,SELL_UOTB-3,SELL_NAIT-1,BUY_WRSW-2,SELL_WRSW-1,SELL_COLB-2,SELL_COLA-1,BUY_NAIT-1,BUY_WRSW-1,SELL_BRCH-1,BUY_BRCH-2,SELL_UOTB-1,BUY_COLA-3,SELL_LAVL-1,BUY_WRSW-3,BUY_BRCH-1,SELL_UEBR-1,SELL_GIOT-3,BUY_UOTB-3,BUY_COLB-2,SELL_WRSW-2,SELL_BRCH-2,tick,timestamp,news_news_id,news_period,news_tick,news_ticker,news_headline,news_body
SPNG,24.77,24.77,25.07,2109800.0,2292300.0,0,0,0,0,0,0,0,0,0,0,0,0,0,0,0,0,0,0,0,0,0,0,0,0,0,0,0,0,0,0,0,0,0,0,0,2026-02-05 13:06:04.150950,2.0,1.0,1.0,,Aggregate Position Limit,Your CRO has set the aggregate position limit to 11000 shares for this week.
SMMR,25.03,24.99,25.03,2045400.0,2036900.0,0,0,0,0,0,0,0,0,0,0,0,0,0,0,0,0,0,0,0,0,0,0,0,0,0,0,0,0,0,0,0,0,0,0,0,2026-02-05 13:06:04.150950,1.0,1.0,1.0,,Welcome to the RITC 2026 Alogithmic Market Making Case - practice server,
ATMN,0.0,24.93,25.07,1975900.0,1676500.0,0,0,0,0,0,0,0,0,0,0,0,0,0,0,0,0,0,0,0,0,0,0,0,0,0,0,0,0,0,0,0,0,0,0,0,2026-02-05 13:06:04.150950,,,,,,
WNTR,25.04,24.99,25.04,2225900.0,2452300.0,0,0,0,0,0,0,0,0,0,0,0,0,0,0,0,0,0,0,0,0,0,0,0,0,0,0,0,0,0,0,0,0,0,0,0,2026-02-05 13:06:04.150950,,,,,,
SPNG,24.77,24.77,25.07,2229100.0,2292300.0,,,0,0,0,0,0,0,0,0,0,0,0,0,0,0,0,0,0,0,0,0,0,0,0,0,0,0,0,0,0,0,0,0,1,2026-02-05 13:06:04.709242
SMMR,25.03,25.0,25.02,1930500.0,1948300.0,7466.0,7466.0,0,0,0,0,0,0,0,0,0,0,0,0,0,0,0,0,0,0,0,0,0,0,0,0,0,0,0,0,0,0,0,0,1,2026-02-05 13:06:04.709242
ATMN,24.69,24.57,24.69,1986900.0,1787400.0,,,0,0,0,0,0,0,0,0,0,0,0,0,0,0,0,0,0,0,0,0,0,0,0,0,0,0,0,0,0,0,0,0,1,2026-02-05 13:06:04.709242
WNTR,24.99,25.0,25.03,2225900.0,2330300.0,8400.0,8400.0,0,0,0,0,0,0,0,0,0,0,0,0,0,0,0,0,0,0,0,0,0,0,0,0,0,0,0,0,0,0,0,0,1,2026-02-05 13:06:04.709242
SPNG,24.77,24.84,25.0,5600.0,2194800.0,5600.0,2164000.0,0,0,0,0,0,0,0,0,0,0,0,0,0,0,0,0,0,0,0,0,0,0,0,0,0,0,0,0,0,0,0,0,2,2026-02-05 13:06:05.258267
SMMR,24.94,24.94,25.02,,1937100.0,7466.0,1948300.0,0,0,0,0,0,0,0,0,0,0,0,0,0,0,0,0,0,0,0,0,0,0,0,0,0,0,0,0,0,0,0,0,2,2026-02-05 13:06:05.258267
ATMN,25.07,24.58,25.07,,1988000.0,,1676500.0,0,0,0,0,0,0,0,0,0,0,0,0,0,0,0,0,0,0,0,0,0,0,0,0,0,0,0,0,0,0,0,0,2,2026-02-05 13:06:05.258267
WNTR,25.09,25.0,25.09,8400.0,2225900.0,,2442800.0,0,0,0,0,0,0,0,0,0,0,0,0,0,0,0,0,0,0,0,0,0,0,0,0,0,0,0,0,0,0,0,0,2,2026-02-05 13:06:05.258267
SPNG,25.07,24.98,25.07,2063400.0,5700.0,2292300.0,,0,0,0,0,0,0,0,0,0,0,0,0,0,0,0,0,0,0,0,0,0,0,0,0,0,0,0,0,0,0,0,0,3,2026-02-05 13:06:06.369406
SMMR,25.07,24.98,25.02,1854800.0,13552.0,1923200.0,100.0,0,0,0,0,0,0,0,0,0,0,0,0,0,0,0,0,0,0,0,0,0,0,0,0,0,0,0,0,0,0,0,0,3,2026-02-05 13:06:06.369406
ATMN,25.03,24.69,24.85,1905200.0,1633.0,1782300.0,,0,0,0,0,0,0,0,0,0,0,0,0,0,0,0,0,0,0,0,0,0,0,0,0,0,0,0,0,0,0,0,0,3,2026-02-05 13:06:06.369406
WNTR,25.06,25.07,25.09,2080600.0,21400.0,2305300.0,4600.0,0,0,0,0,0,0,0,0,0,0,0,0,0,0,0,0,0,0,0,0,0,0,0,0,0,0,0,0,0,0,0,0,3,2026-02-05 13:06:06.369406
SPNG,25.07,24.98,25.07,1907100.0,5800.0,2292300.0,0,0,0,0,0,0,0,0,0,0,0,0,0,0,0,0,0,0,0,0,0,0,0,0,0,0,0,0,0,0,0,0,0,4,2026-02-05 13:06:07.415024
SMMR,25.07,24.99,25.07,1855100.0,13552.0,1827100.0,0,0,0,0,0,0,0,0,0,0,0,0,0,0,0,0,0,0,0,0,0,0,0,0,0,0,0,0,0,0,0,0,0,4,2026-02-05 13:06:07.415024
ATMN,24.73,24.69,24.71,1905200.0,1633.0,1680900.0,0,0,0,0,0,0,0,0,0,0,0,0,0,0,0,0,0,0,0,0,0,0,0,0,0,0,0,0,0,0,0,0,0,4,2026-02-05 13:06:07.415024
WNTR,25.09,24.96,25.09,2082300.0,,2420100.0,0,0,0,0,0,0,0,0,0,0,0,0,0,0,0,0,0,0,0,0,0,0,0,0,0,0,0,0,0,0,0,0,0,4,2026-02-05 13:06:07.415024
SPNG,24.98,24.92,24.97,2309000.0,2263100.0,,,0,0,0,0,0,0,0,0,0,0,0,0,0,0,0,0,0,0,0,0,0,0,0,0,0,0,0,0,0,0,0,0,5,2026-02-05 13:06:08.482940
SMMR,25.07,25.04,25.07,1970000.0,1895400.0,5808.0,3146.0,0,0,0,0,0,0,0,0,0,0,0,0,0,0,0,0,0,0,0,0,0,0,0,0,0,0,0,0,0,0,0,0,5,2026-02-05 13:06:08.482940
ATMN,25.4,24.97,25.4,2005500.0,1578000.0,,,0,0,0,0,0,0,0,0,0,0,0,0,0,0,0,0,0,0,0,0,0,0,0,0,0,0,0,0,0,0,0,0,5,2026-02-05 13:06:08.482940
WNTR,24.91,24.91,25.05,2065000.0,2274400.0,,7261.0,0,0,0,0,0,0,0,0,0,0,0,0,0,0,0,0,0,0,0,0,0,0,0,0,0,0,0,0,0,0,0,0,5,2026-02-05 13:06:08.482940
SPNG,25.32,24.93,24.97,3731.0,2040000.0,3631.0,2138300.0,0,0,0,0,0,0,0,0,0,0,0,0,0,0,0,0,0,0,0,0,0,0,0,0,0,0,0,0,0,0,0,0,6,2026-02-05 13:06:09.552346
SMMR,25.05,25.04,25.05,9687.0,1910500.0,6988.0,1652300.0,0,0,0,0,0,0,0,0,0,0,0,0,0,0,0,0,0,0,0,0,0,0,0,0,0,0,0,0,0,0,0,0,6,2026-02-05 13:06:09.552346
ATMN,24.58,24.84,25.2,,2001000.0,8099.0,1683700.0,0,0,0,0,0,0,0,0,0,0,0,0,0,0,0,0,0,0,0,0,0,0,0,0,0,0,0,0,0,0,0,0,6,2026-02-05 13:06:09.552346
WNTR,25.01,25.03,25.04,3512.0,2194300.0,12303.0,2133200.0,0,0,0,0,0,0,0,0,0,0,0,0,0,0,0,0,0,0,0,0,0,0,0,0,0,0,0,0,0,0,0,0,6,2026-02-05 13:06:09.552346
SPNG,24.92,24.92,25.14,2309000.0,2245200.0,,,0,0,0,0,0,0,0,0,0,0,0,0,0,0,0,0,0,0,0,0,0,0,0,0,0,0,0,0,0,0,0,0,7,2026-02-05 13:06:10.610845
SMMR,25.07,25.04,25.07,1970000.0,1973800.0,4588.0,,0,0,0,0,0,0,0,0,0,0,0,0,0,0,0,0,0,0,0,0,0,0,0,0,0,0,0,0,0,0,0,0,7,2026-02-05 13:06:10.610845
ATMN,24.58,24.93,25.23,2001900.0,1769200.0,,,0,0,0,0,0,0,0,0,0,0,0,0,0,0,0,0,0,0,0,0,0,0,0,0,0,0,0,0,0,0,0,0,7,2026-02-05 13:06:10.610845
WNTR,25.02,24.91,24.93,2206500.0,2245400.0,1620.0,5964.0,0,0,0,0,0,0,0,0,0,0,0,0,0,0,0,0,0,0,0,0,0,0,0,0,0,0,0,0,0,0,0,0,7,2026-02-05 13:06:10.610845
SPNG,24.77,24.77,25.1,2346500.0,2294.0,2117700.0,,0,0,0,0,0,0,0,0,0,0,0,0,0,0,0,0,0,0,0,0,0,0,0,0,0,0,0,0,0,0,0,0,8,2026-02-05 13:06:11.658274
SMMR,25.07,25.04,25.05,1884500.0,10064.0,1759800.0,10064.0,0,0,0,0,0,0,0,0,0,0,0,0,0,0,0,0,0,0,0,0,0,0,0,0,0,0,0,0,0,0,0,0,8,2026-02-05 13:06:11.658274
ATMN,25.0,25.2,25.23,1875100.0,,1769200.0,460.0,0,0,0,0,0,0,0,0,0,0,0,0,0,0,0,0,0,0,0,0,0,0,0,0,0,0,0,0,0,0,0,0,8,2026-02-05 13:06:11.658274
WNTR,24.88,24.92,25.05,2221500.0,7118.0,2276400.0,5080.0,0,0,0,0,0,0,0,0,0,0,0,0,0,0,0,0,0,0,0,0,0,0,0,0,0,0,0,0,0,0,0,0,8,2026-02-05 13:06:11.658274
SPNG,24.86,24.77,24.86,2340200.0,1987500.0,7770.0,,0,0,0,0,0,0,0,0,0,0,0,0,0,0,0,0,0,0,0,0,0,0,0,0,0,0,0,0,0,0,0,0,9,2026-02-05 13:06:12.218085
SMMR,25.07,25.04,25.05,1857500.0,1759800.0,10064.0,10064.0,0,0,0,0,0,0,0,0,0,0,0,0,0,0,0,0,0,0,0,0,0,0,0,0,0,0,0,0,0,0,0,0,9,2026-02-05 13:06:12.218085
ATMN,24.84,24.84,25.23,2014600.0,1769200.0,,,0,0,0,0,0,0,0,0,0,0,0,0,0,0,0,0,0,0,0,0,0,0,0,0,0,0,0,0,0,0,0,0,9,2026-02-05 13:06:12.218085
WNTR,25.14,24.92,25.05,2221500.0,2417400.0,,5080.0,0,0,0,0,0,0,0,0,0,0,0,0,0,0,0,0,0,0,0,0,0,0,0,0,0,0,0,0,0,0,0,0,9,2026-02-05 13:06:12.218085
SPNG,25.33,24.77,25.3,2340200.0,2212700.0,,0,0,0,0,0,0,0,0,0,0,0,0,0,0,0,0,0,0,0,0,0,0,0,0,0,0,0,0,0,0,0,0,0,10,2026-02-05 13:06:13.440734
SMMR,25.03,25.03,25.07,1951800.0,1938500.0,7618.0,0,0,0,0,0,0,0,0,0,0,0,0,0,0,0,0,0,0,0,0,0,0,0,0,0,0,0,0,0,0,0,0,0,10,2026-02-05 13:06:13.440734
ATMN,24.84,25.01,25.04,2023300.0,1981800.0,,0,0,0,0,0,0,0,0,0,0,0,0,0,0,0,0,0,0,0,0,0,0,0,0,0,0,0,0,0,0,0,0,0,10,2026-02-05 13:06:13.440734
WNTR,25.04,24.97,25.04,2352900.0,2435500.0,738.0,0,0,0,0,0,0,0,0,0,0,0,0,0,0,0,0,0,0,0,0,0,0,0,0,0,0,0,0,0,0,0,0,0,10,2026-02-05 13:06:13.440734
SPNG,24.69,24.97,25.3,2327400.0,2107600.0,202.0,,0,0,0,0,0,0,0,0,0,0,0,0,0,0,0,0,0,0,0,0,0,0,0,0,0,0,0,0,0,0,0,0,11,2026-02-05 13:06:14.692897
SMMR,25.0,25.0,25.05,2078500.0,1834600.0,7276.0,,0,0,0,0,0,0,0,0,0,0,0,0,0,0,0,0,0,0,0,0,0,0,0,0,0,0,0,0,0,0,0,0,11,2026-02-05 13:06:14.692897
ATMN,24.84,25.03,25.04,1799100.0,1764000.0,6000.0,10571.0,0,0,0,0,0,0,0,0,0,0,0,0,0,0,0,0,0,0,0,0,0,0,0,0,0,0,0,0,0,0,0,0,11,2026-02-05 13:06:14.692897
WNTR,25.04,24.94,25.02,2338900.0,2299100.0,5266.0,7274.0,0,0,0,0,0,0,0,0,0,0,0,0,0,0,0,0,0,0,0,0,0,0,0,0,0,0,0,0,0,0,0,0,11,2026-02-05 13:06:14.692897
SPNG,24.69,24.98,25.22,5820.0,2193500.0,987.0,1983000.0,0,0,0,0,0,0,0,0,0,0,0,0,0,0,0,0,0,0,0,0,0,0,0,0,0,0,0,0,0,0,0,0,12,2026-02-05 13:06:15.233691
SMMR,25.0,25.01,25.05,,2100200.0,7276.0,1834600.0,0,0,0,0,0,0,0,0,0,0,0,0,0,0,0,0,0,0,0,0,0,0,0,0,0,0,0,0,0,0,0,0,12,2026-02-05 13:06:15.233691
ATMN,25.04,25.01,25.04,,1992800.0,6000.0,1764000.0,0,0,0,0,0,0,0,0,0,0,0,0,0,0,0,0,0,0,0,0,0,0,0,0,0,0,0,0,0,0,0,0,12,2026-02-05 13:06:15.233691
WNTR,24.9,24.9,25.02,,2442800.0,5266.0,2299100.0,0,0,0,0,0,0,0,0,0,0,0,0,0,0,0,0,0,0,0,0,0,0,0,0,0,0,0,0,0,0,0,0,12,2026-02-05 13:06:15.233691
SPNG,24.97,24.97,25.06,2327400.0,1906900.0,3824.0,,0,0,0,0,0,0,0,0,0,0,0,0,0,0,0,0,0,0,0,0,0,0,0,0,0,0,0,0,0,0,0,0,13,2026-02-05 13:06:16.316048
SMMR,25.01,25.01,25.07,2087400.0,1943700.0,,,0,0,0,0,0,0,0,0,0,0,0,0,0,0,0,0,0,0,0,0,0,0,0,0,0,0,0,0,0,0,0,0,13,2026-02-05 13:06:16.316048
ATMN,25.04,25.01,25.03,2034700.0,1983100.0,,,0,0,0,0,0,0,0,0,0,0,0,0,0,0,0,0,0,0,0,0,0,0,0,0,0,0,0,0,0,0,0,0,13,2026-02-05 13:06:16.316048
WNTR,24.86,24.89,24.99,2324800.0,2432800.0,,7173.0,0,0,0,0,0,0,0,0,0,0,0,0,0,0,0,0,0,0,0,0,0,0,0,0,0,0,0,0,0,0,0,0,13,2026-02-05 13:06:16.316048
SPNG,25.04,25.17,25.18,2287700.0,2208800.0,,,0,0,0,0,0,0,0,0,0,0,0,0,0,0,0,0,0,0,0,0,0,0,0,0,0,0,0,0,0,0,0,0,14,2026-02-05 13:06:17.452777
SMMR,25.01,25.01,25.06,2067400.0,1869800.0,6584.0,,0,0,0,0,0,0,0,0,0,0,0,0,0,0,0,0,0,0,0,0,0,0,0,0,0,0,0,0,0,0,0,0,14,2026-02-05 13:06:17.452777
ATMN,25.23,25.0,25.23,1913800.0,1978800.0,,578.0,0,0,0,0,0,0,0,0,0,0,0,0,0,0,0,0,0,0,0,0,0,0,0,0,0,0,0,0,0,0,0,0,14,2026-02-05 13:06:17.452777
WNTR,25.12,24.94,25.02,2187700.0,2298100.0,8560.0,15676.0,0,0,0,0,0,0,0,0,0,0,0,0,0,0,0,0,0,0,0,0,0,0,0,0,0,0,0,0,0,0,0,0,14,2026-02-05 13:06:17.452777
SPNG,25.3,24.89,25.3,100.0,2226100.0,2222100.0,,0,0,0,0,0,0,0,0,0,0,0,0,0,0,0,0,0,0,0,0,0,0,0,0,0,0,0,0,0,0,0,0,15,2026-02-05 13:06:18.501355
SMMR,25.0,25.0,25.05,,2056200.0,1810700.0,15144.0,0,0,0,0,0,0,0,0,0,0,0,0,0,0,0,0,0,0,0,0,0,0,0,0,0,0,0,0,0,0,0,0,15,2026-02-05 13:06:18.501355
ATMN,24.81,24.81,25.17,,2029300.0,1864300.0,8491.0,0,0,0,0,0,0,0,0,0,0,0,0,0,0,0,0,0,0,0,0,0,0,0,0,0,0,0,0,0,0,0,0,15,2026-02-05 13:06:18.501355
WNTR,25.16,25.0,25.13,21949.0,2083600.0,2348500.0,1764.0,0,0,0,0,0,0,0,0,0,0,0,0,0,0,0,0,0,0,0,0,0,0,0,0,0,0,0,0,0,0,0,0,15,2026-02-05 13:06:18.501355
SPNG,25.3,25.17,25.3,2357100.0,2236800.0,,0,0,0,0,0,0,0,0,0,0,0,0,0,0,0,0,0,0,0,0,0,0,0,0,0,0,0,0,0,0,0,0,0,16,2026-02-05 13:06:19.539724
SMMR,25.07,25.03,25.07,1949800.0,1989500.0,4475.0,0,0,0,0,0,0,0,0,0,0,0,0,0,0,0,0,0,0,0,0,0,0,0,0,0,0,0,0,0,0,0,0,0,16,2026-02-05 13:06:19.539724
ATMN,24.83,24.81,24.83,2025500.0,1976300.0,,0,0,0,0,0,0,0,0,0,0,0,0,0,0,0,0,0,0,0,0,0,0,0,0,0,0,0,0,0,0,0,0,0,16,2026-02-05 13:06:19.539724
WNTR,25.17,25.02,25.06,2324800.0,2456500.0,4051.0,0,0,0,0,0,0,0,0,0,0,0,0,0,0,0,0,0,0,0,0,0,0,0,0,0,0,0,0,0,0,0,0,0,16,2026-02-05 13:06:19.539724
SPNG,25.17,25.17,25.22,2357100.0,679.0,2133700.0,,0,0,0,0,0,0,0,0,0,0,0,0,0,0,0,0,0,0,0,0,0,0,0,0,0,0,0,0,0,0,0,0,17,2026-02-05 13:06:20.573985
SMMR,25.08,25.08,25.09,1934500.0,,2009000.0,6128.0,0,0,0,0,0,0,0,0,0,0,0,0,0,0,0,0,0,0,0,0,0,0,0,0,0,0,0,0,0,0,0,0,17,2026-02-05 13:06:20.573985
ATMN,25.23,25.24,25.28,1941500.0,,1952300.0,1533.0,0,0,0,0,0,0,0,0,0,0,0,0,0,0,0,0,0,0,0,0,0,0,0,0,0,0,0,0,0,0,0,0,17,2026-02-05 13:06:20.573985
WNTR,25.11,25.05,25.11,2187700.0,,2450400.0,12017.0,0,0,0,0,0,0,0,0,0,0,0,0,0,0,0,0,0,0,0,0,0,0,0,0,0,0,0,0,0,0,0,0,17,2026-02-05 13:06:20.573985
SPNG,25.17,24.79,24.89,2303500.0,2041200.0,4355.0,,0,0,0,0,0,0,0,0,0,0,0,0,0,0,0,0,0,0,0,0,0,0,0,0,0,0,0,0,0,0,0,0,18,2026-02-05 13:06:21.607845
SMMR,25.12,25.09,25.12,1818900.0,2030400.0,,13879.0,0,0,0,0,0,0,0,0,0,0,0,0,0,0,0,0,0,0,0,0,0,0,0,0,0,0,0,0,0,0,0,0,18,2026-02-05 13:06:21.607845
ATMN,25.23,24.88,25.12,1936100.0,1828600.0,6372.0,1533.0,0,0,0,0,0,0,0,0,0,0,0,0,0,0,0,0,0,0,0,0,0,0,0,0,0,0,0,0,0,0,0,0,18,2026-02-05 13:06:21.607845
WNTR,25.02,24.97,25.0,2332800.0,2342200.0,5963.0,5963.0,0,0,0,0,0,0,0,0,0,0,0,0,0,0,0,0,0,0,0,0,0,0,0,0,0,0,0,0,0,0,0,0,18,2026-02-05 13:06:21.607845
SPNG,25.23,24.79,25.23,2303500.0,2245900.0,,,0,0,0,0,0,0,0,0,0,0,0,0,0,0,0,0,0,0,0,0,0,0,0,0,0,0,0,0,0,0,0,0,19,2026-02-05 13:06:22.642680
SMMR,25.12,25.09,25.12,2016600.0,2030400.0,,,0,0,0,0,0,0,0,0,0,0,0,0,0,0,0,0,0,0,0,0,0,0,0,0,0,0,0,0,0,0,0,0,19,2026-02-05 13:06:22.642680
ATMN,24.88,24.88,25.08,2033600.0,1953800.0,,,0,0,0,0,0,0,0,0,0,0,0,0,0,0,0,0,0,0,0,0,0,0,0,0,0,0,0,0,0,0,0,0,19,2026-02-05 13:06:22.642680
WNTR,25.02,24.98,25.02,2354600.0,2342200.0,7109.0,4882.0,0,0,0,0,0,0,0,0,0,0,0,0,0,0,0,0,0,0,0,0,0,0,0,0,0,0,0,0,0,0,0,0,19,2026-02-05 13:06:22.642680
SPNG,24.69,24.69,25.33,2324100.0,2237900.0,,,0,0,0,0,0,0,0,0,0,0,0,0,0,0,0,0,0,0,0,0,0,0,0,0,0,0,0,0,0,0,0,0,20,2026-02-05 13:06:23.685183
SMMR,25.13,25.11,25.13,1938500.0,2029000.0,5776.0,,0,0,0,0,0,0,0,0,0,0,0,0,0,0,0,0,0,0,0,0,0,0,0,0,0,0,0,0,0,0,0,0,20,2026-02-05 13:06:23.685183
ATMN,24.81,24.81,25.0,2040900.0,1873700.0,,4265.0,0,0,0,0,0,0,0,0,0,0,0,0,0,0,0,0,0,0,0,0,0,0,0,0,0,0,0,0,0,0,0,0,20,2026-02-05 13:06:23.685183
WNTR,24.95,24.95,24.96,2354600.0,2348500.0,5776.0,5776.0,0,0,0,0,0,0,0,0,0,0,0,0,0,0,0,0,0,0,0,0,0,0,0,0,0,0,0,0,0,0,0,0,20,2026-02-05 13:06:23.685183
SPNG,25.03,24.81,24.84,2307900.0,2151700.0,3745.0,,0,0,0,0,0,0,0,0,0,0,0,0,0,0,0,0,0,0,0,0,0,0,0,0,0,0,0,0,0,0,0,0,21,2026-02-05 13:06:24.723775
SMMR,25.11,25.12,25.14,1825600.0,1934500.0,4951.0,10727.0,0,0,0,0,0,0,0,0,0,0,0,0,0,0,0,0,0,0,0,0,0,0,0,0,0,0,0,0,0,0,0,0,21,2026-02-05 13:06:24.723775
ATMN,25.08,24.73,24.9,2039200.0,1873700.0,3861.0,,0,0,0,0,0,0,0,0,0,0,0,0,0,0,0,0,0,0,0,0,0,0,0,0,0,0,0,0,0,0,0,0,21,2026-02-05 13:06:24.723775
WNTR,25.21,25.02,25.17,2241300.0,2344100.0,2505.0,12212.0,0,0,0,0,0,0,0,0,0,0,0,0,0,0,0,0,0,0,0,0,0,0,0,0,0,0,0,0,0,0,0,0,21,2026-02-05 13:06:24.723775
SPNG,24.84,24.81,24.84,2307300.0,2060200.0,3845.0,0,0,0,0,0,0,0,0,0,0,0,0,0,0,0,0,0,0,0,0,0,0,0,0,0,0,0,0,0,0,0,0,0,22,2026-02-05 13:06:25.272577
SMMR,25.14,25.0,25.05,2058900.0,1956400.0,4951.0,0,0,0,0,0,0,0,0,0,0,0,0,0,0,0,0,0,0,0,0,0,0,0,0,0,0,0,0,0,0,0,0,0,22,2026-02-05 13:06:25.272577
ATMN,25.09,24.73,25.09,2014200.0,1955500.0,,0,0,0,0,0,0,0,0,0,0,0,0,0,0,0,0,0,0,0,0,0,0,0,0,0,0,0,0,0,0,0,0,0,22,2026-02-05 13:06:25.272577
WNTR,24.91,24.91,25.17,2449600.0,2344100.0,2505.0,0,0,0,0,0,0,0,0,0,0,0,0,0,0,0,0,0,0,0,0,0,0,0,0,0,0,0,0,0,0,0,0,0,22,2026-02-05 13:06:25.272577
SPNG,24.81,24.81,25.11,2307300.0,2259100.0,,,0,0,0,0,0,0,0,0,0,0,0,0,0,0,0,0,0,0,0,0,0,0,0,0,0,0,0,0,0,0,0,0,23,2026-02-05 13:06:26.358564
SMMR,25.0,24.99,25.0,2034000.0,1987900.0,10000.0,,0,0,0,0,0,0,0,0,0,0,0,0,0,0,0,0,0,0,0,0,0,0,0,0,0,0,0,0,0,0,0,0,23,2026-02-05 13:06:26.358564
ATMN,24.61,24.67,25.12,1925500.0,1942400.0,,1633.0,0,0,0,0,0,0,0,0,0,0,0,0,0,0,0,0,0,0,0,0,0,0,0,0,0,0,0,0,0,0,0,0,23,2026-02-05 13:06:26.358564
WNTR,24.91,24.97,24.99,2346300.0,2340800.0,8189.0,8189.0,0,0,0,0,0,0,0,0,0,0,0,0,0,0,0,0,0,0,0,0,0,0,0,0,0,0,0,0,0,0,0,0,23,2026-02-05 13:06:26.358564
SPNG,25.12,24.9,25.12,2181500.0,2662.0,2258100.0,,0,0,0,0,0,0,0,0,0,0,0,0,0,0,0,0,0,0,0,0,0,0,0,0,0,0,0,0,0,0,0,0,24,2026-02-05 13:06:27.449427
SMMR,24.99,24.99,25.0,2034000.0,,1886800.0,18651.0,0,0,0,0,0,0,0,0,0,0,0,0,0,0,0,0,0,0,0,0,0,0,0,0,0,0,0,0,0,0,0,0,24,2026-02-05 13:06:27.449427
ATMN,24.73,24.67,24.73,1921900.0,1633.0,1897500.0,2180.0,0,0,0,0,0,0,0,0,0,0,0,0,0,0,0,0,0,0,0,0,0,0,0,0,0,0,0,0,0,0,0,0,24,2026-02-05 13:06:27.449427
WNTR,25.21,25.04,25.21,2272600.0,11283.0,2484200.0,,0,0,0,0,0,0,0,0,0,0,0,0,0,0,0,0,0,0,0,0,0,0,0,0,0,0,0,0,0,0,0,0,24,2026-02-05 13:06:27.449427
SPNG,25.12,24.95,25.06,5985.0,2045900.0,100.0,2151400.0,0,0,0,0,0,0,0,0,0,0,0,0,0,0,0,0,0,0,0,0,0,0,0,0,0,0,0,0,0,0,0,0,25,2026-02-05 13:06:28.500441
SMMR,25.02,24.99,25.02,,2029100.0,10000.0,1973400.0,0,0,0,0,0,0,0,0,0,0,0,0,0,0,0,0,0,0,0,0,0,0,0,0,0,0,0,0,0,0,0,0,25,2026-02-05 13:06:28.500441
ATMN,25.03,25.11,25.12,6064.0,1840600.0,,1978700.0,0,0,0,0,0,0,0,0,0,0,0,0,0,0,0,0,0,0,0,0,0,0,0,0,0,0,0,0,0,0,0,0,25,2026-02-05 13:06:28.500441
WNTR,25.04,25.04,25.18,11283.0,2234800.0,,2459600.0,0,0,0,0,0,0,0,0,0,0,0,0,0,0,0,0,0,0,0,0,0,0,0,0,0,0,0,0,0,0,0,0,25,2026-02-05 13:06:28.500441
SPNG,24.75,24.75,25.12,2285700.0,2245900.0,0,0,0,0,0,0,0,0,0,0,0,0,0,0,0,0,0,0,0,0,0,0,0,0,0,0,0,0,0,0,0,0,0,0,26,2026-02-05 13:06:29.553346
SMMR,24.97,24.97,25.02,2009200.0,2064600.0,0,0,0,0,0,0,0,0,0,0,0,0,0,0,0,0,0,0,0,0,0,0,0,0,0,0,0,0,0,0,0,0,0,0,26,2026-02-05 13:06:29.553346
ATMN,25.28,24.67,25.28,2024600.0,1965700.0,0,0,0,0,0,0,0,0,0,0,0,0,0,0,0,0,0,0,0,0,0,0,0,0,0,0,0,0,0,0,0,0,0,0,26,2026-02-05 13:06:29.553346
WNTR,25.18,24.93,25.18,2446800.0,2459600.0,0,0,0,0,0,0,0,0,0,0,0,0,0,0,0,0,0,0,0,0,0,0,0,0,0,0,0,0,0,0,0,0,0,0,26,2026-02-05 13:06:29.553346
SPNG,24.73,25.0,25.05,5600.0,2194200.0,2192700.0,4200.0,0,0,0,0,0,0,0,0,0,0,0,0,0,0,0,0,0,0,0,0,0,0,0,0,0,0,0,0,0,0,0,0,27,2026-02-05 13:06:30.599113
SMMR,24.97,24.97,25.0,6544.0,1862600.0,1868000.0,10100.0,0,0,0,0,0,0,0,0,0,0,0,0,0,0,0,0,0,0,0,0,0,0,0,0,0,0,0,0,0,0,0,0,27,2026-02-05 13:06:30.599113
ATMN,25.28,24.81,24.84,6532.0,1945000.0,1928900.0,6532.0,0,0,0,0,0,0,0,0,0,0,0,0,0,0,0,0,0,0,0,0,0,0,0,0,0,0,0,0,0,0,0,0,27,2026-02-05 13:06:30.599113
WNTR,25.16,25.03,25.09,18043.0,2251800.0,2494400.0,,0,0,0,0,0,0,0,0,0,0,0,0,0,0,0,0,0,0,0,0,0,0,0,0,0,0,0,0,0,0,0,0,27,2026-02-05 13:06:30.599113
SPNG,25.28,24.73,25.26,2313500.0,2240700.0,0,0,0,0,0,0,0,0,0,0,0,0,0,0,0,0,0,0,0,0,0,0,0,0,0,0,0,0,0,0,0,0,0,0,28,2026-02-05 13:06:31.645244
SMMR,25.02,24.97,25.02,1959900.0,2063900.0,0,0,0,0,0,0,0,0,0,0,0,0,0,0,0,0,0,0,0,0,0,0,0,0,0,0,0,0,0,0,0,0,0,0,28,2026-02-05 13:06:31.645244
ATMN,25.01,24.67,24.83,2032400.0,2018100.0,0,0,0,0,0,0,0,0,0,0,0,0,0,0,0,0,0,0,0,0,0,0,0,0,0,0,0,0,0,0,0,0,0,0,28,2026-02-05 13:06:31.645244
WNTR,25.16,25.07,25.09,2467100.0,2466400.0,0,0,0,0,0,0,0,0,0,0,0,0,0,0,0,0,0,0,0,0,0,0,0,0,0,0,0,0,0,0,0,0,0,0,28,2026-02-05 13:06:31.645244
SPNG,24.67,25.11,25.26,2319800.0,2240700.0,,,,0,0,0,0,0,0,0,0,0,0,0,0,0,0,0,0,0,0,0,0,0,0,0,0,0,0,0,0,0,0,0,29,2026-02-05 13:06:32.683969
SMMR,25.07,25.1,25.14,1680300.0,1934500.0,13309.0,2000.0,6667.0,0,0,0,0,0,0,0,0,0,0,0,0,0,0,0,0,0,0,0,0,0,0,0,0,0,0,0,0,0,0,0,29,2026-02-05 13:06:32.683969
ATMN,24.83,24.67,24.83,1962100.0,2025900.0,5333.0,,,0,0,0,0,0,0,0,0,0,0,0,0,0,0,0,0,0,0,0,0,0,0,0,0,0,0,0,0,0,0,0,29,2026-02-05 13:06:32.683969
WNTR,25.11,25.15,25.18,2235800.0,2486000.0,16624.0,,,0,0,0,0,0,0,0,0,0,0,0,0,0,0,0,0,0,0,0,0,0,0,0,0,0,0,0,0,0,0,0,29,2026-02-05 13:06:32.683969
SPNG,25.26,24.87,24.93,1800.0,100.0,2064400.0,1800.0,2051100.0,2800.0,0,0,0,0,0,0,0,0,0,0,0,0,0,0,0,0,0,0,0,0,0,0,0,0,0,0,0,0,0,0,30,2026-02-05 13:06:33.729283
SMMR,25.09,24.99,25.03,,9218.0,1742000.0,,1871900.0,14091.0,0,0,0,0,0,0,0,0,0,0,0,0,0,0,0,0,0,0,0,0,0,0,0,0,0,0,0,0,0,0,30,2026-02-05 13:06:33.729283
ATMN,25.15,24.7,24.9,,100.0,1941100.0,,1918300.0,5939.0,0,0,0,0,0,0,0,0,0,0,0,0,0,0,0,0,0,0,0,0,0,0,0,0,0,0,0,0,0,0,30,2026-02-05 13:06:33.729283
WNTR,25.21,25.16,25.19,2000.0,26000.0,1965100.0,2000.0,2330000.0,,0,0,0,0,0,0,0,0,0,0,0,0,0,0,0,0,0,0,0,0,0,0,0,0,0,0,0,0,0,0,30,2026-02-05 13:06:33.729283
SPNG,25.18,25.18,25.26,2098100.0,910.0,1400.0,2152800.0,910.0,,0,0,0,0,0,0,0,0,0,0,0,0,0,0,0,0,0,0,0,0,0,0,0,0,0,0,0,0,0,0,31,2026-02-05 13:06:34.788635
SMMR,25.14,25.04,25.14,1735300.0,1980.0,7712.0,1933300.0,1980.0,,0,0,0,0,0,0,0,0,0,0,0,0,0,0,0,0,0,0,0,0,0,0,0,0,0,0,0,0,0,0,31,2026-02-05 13:06:34.788635
ATMN,24.87,25.17,25.19,1967600.0,,4626.0,1905600.0,,6169.0,0,0,0,0,0,0,0,0,0,0,0,0,0,0,0,0,0,0,0,0,0,0,0,0,0,0,0,0,0,0,31,2026-02-05 13:06:34.788635
WNTR,25.15,25.07,25.11,2445800.0,,,2284400.0,,10000.0,0,0,0,0,0,0,0,0,0,0,0,0,0,0,0,0,0,0,0,0,0,0,0,0,0,0,0,0,0,0,31,2026-02-05 13:06:34.788635
SPNG,25.28,24.75,25.28,1400.0,2205800.0,2124300.0,1000.0,,,0,0,0,0,0,0,0,0,0,0,0,0,0,0,0,0,0,0,0,0,0,0,0,0,0,0,0,0,0,0,32,2026-02-05 13:06:35.348881
SMMR,24.97,24.97,25.13,,1823800.0,1933300.0,1980.0,1980.0,,0,0,0,0,0,0,0,0,0,0,0,0,0,0,0,0,0,0,0,0,0,0,0,0,0,0,0,0,0,0,32,2026-02-05 13:06:35.348881
ATMN,24.87,25.17,25.19,4626.0,1967600.0,1902100.0,,,6169.0,0,0,0,0,0,0,0,0,0,0,0,0,0,0,0,0,0,0,0,0,0,0,0,0,0,0,0,0,0,0,32,2026-02-05 13:06:35.348881
WNTR,25.15,25.07,25.11,,2445800.0,2264600.0,,,10000.0,0,0,0,0,0,0,0,0,0,0,0,0,0,0,0,0,0,0,0,0,0,0,0,0,0,0,0,0,0,0,32,2026-02-05 13:06:35.348881
SPNG,25.33,24.9,25.33,4200.0,2099800.0,2225500.0,,,,0,0,0,0,0,0,0,0,0,0,0,0,0,0,0,0,0,0,0,0,0,0,0,0,0,0,0,0,0,0,33,2026-02-05 13:06:36.433002
SMMR,25.16,25.12,25.16,7310.0,1740900.0,1903900.0,990.0,990.0,,0,0,0,0,0,0,0,0,0,0,0,0,0,0,0,0,0,0,0,0,0,0,0,0,0,0,0,0,0,0,33,2026-02-05 13:06:36.433002
ATMN,24.88,24.62,24.82,,2028500.0,1736000.0,,475.0,8536.0,0,0,0,0,0,0,0,0,0,0,0,0,0,0,0,0,0,0,0,0,0,0,0,0,0,0,0,0,0,0,33,2026-02-05 13:06:36.433002
WNTR,25.11,25.01,25.05,,2330200.0,2134800.0,1600.0,1600.0,10000.0,0,0,0,0,0,0,0,0,0,0,0,0,0,0,0,0,0,0,0,0,0,0,0,0,0,0,0,0,0,0,33,2026-02-05 13:06:36.433002
SPNG,25.03,25.16,25.24,1861400.0,4300.0,486.0,100.0,2019100.0,486.0,0,0,0,0,0,0,0,0,0,0,0,0,0,0,0,0,0,0,0,0,0,0,0,0,0,0,0,0,0,0,34,2026-02-05 13:06:37.501558
SMMR,25.18,25.13,25.16,1644700.0,13992.0,1980.0,5011.0,1797300.0,1980.0,0,0,0,0,0,0,0,0,0,0,0,0,0,0,0,0,0,0,0,0,0,0,0,0,0,0,0,0,0,0,34,2026-02-05 13:06:37.501558
ATMN,25.24,24.65,24.87,1961800.0,4018.0,,,1987200.0,,0,0,0,0,0,0,0,0,0,0,0,0,0,0,0,0,0,0,0,0,0,0,0,0,0,0,0,0,0,0,34,2026-02-05 13:06:37.501558
WNTR,25.17,25.03,25.06,2204800.0,6682.0,1680.0,10000.0,2275300.0,,0,0,0,0,0,0,0,0,0,0,0,0,0,0,0,0,0,0,0,0,0,0,0,0,0,0,0,0,0,0,34,2026-02-05 13:06:37.501558
SPNG,25.03,25.18,25.23,1400.0,2115900.0,973.0,100.0,2104800.0,973.0,0,0,0,0,0,0,0,0,0,0,0,0,0,0,0,0,0,0,0,0,0,0,0,0,0,0,0,0,0,0,35,2026-02-05 13:06:38.549240
SMMR,25.18,25.17,25.18,13810.0,1654900.0,1980.0,1958.0,1804100.0,1980.0,0,0,0,0,0,0,0,0,0,0,0,0,0,0,0,0,0,0,0,0,0,0,0,0,0,0,0,0,0,0,35,2026-02-05 13:06:38.549240
ATMN,24.79,24.7,24.79,100.0,1844100.0,486.0,,1928500.0,486.0,0,0,0,0,0,0,0,0,0,0,0,0,0,0,0,0,0,0,0,0,0,0,0,0,0,0,0,0,0,0,35,2026-02-05 13:06:38.549240
WNTR,25.0,25.04,25.05,6824.0,2324300.0,,6824.0,2281400.0,,0,0,0,0,0,0,0,0,0,0,0,0,0,0,0,0,0,0,0,0,0,0,0,0,0,0,0,0,0,0,35,2026-02-05 13:06:38.549240
SPNG,25.03,25.19,25.23,6859.0,1996600.0,973.0,4194.0,1926500.0,973.0,0,0,0,0,0,0,0,0,0,0,0,0,0,0,0,0,0,0,0,0,0,0,0,0,0,0,0,0,0,0,36,2026-02-05 13:06:39.651254
SMMR,25.2,25.18,25.2,22483.0,1570200.0,1980.0,1958.0,1793000.0,1980.0,0,0,0,0,0,0,0,0,0,0,0,0,0,0,0,0,0,0,0,0,0,0,0,0,0,0,0,0,0,0,36,2026-02-05 13:06:39.651254
ATMN,24.73,24.72,24.73,5559.0,1738500.0,973.0,,1920200.0,973.0,0,0,0,0,0,0,0,0,0,0,0,0,0,0,0,0,0,0,0,0,0,0,0,0,0,0,0,0,0,0,36,2026-02-05 13:06:39.651254
WNTR,24.97,25.02,25.08,,2351500.0,1848.0,100.0,2252800.0,,0,0,0,0,0,0,0,0,0,0,0,0,0,0,0,0,0,0,0,0,0,0,0,0,0,0,0,0,0,0,36,2026-02-05 13:06:39.651254
SPNG,25.02,24.65,24.82,2341000.0,2149600.0,973.0,,,,0,0,0,0,0,0,0,0,0,0,0,0,0,0,0,0,0,0,0,0,0,0,0,0,0,0,0,0,0,0,37,2026-02-05 13:06:40.728474
SMMR,25.12,25.03,25.08,1938100.0,1880300.0,1980.0,,,,0,0,0,0,0,0,0,0,0,0,0,0,0,0,0,0,0,0,0,0,0,0,0,0,0,0,0,0,0,0,37,2026-02-05 13:06:40.728474
ATMN,24.95,24.73,24.77,1927400.0,1922600.0,973.0,973.0,,,0,0,0,0,0,0,0,0,0,0,0,0,0,0,0,0,0,0,0,0,0,0,0,0,0,0,0,0,0,0,37,2026-02-05 13:06:40.728474
WNTR,24.91,24.96,25.03,2202000.0,2252800.0,,924.0,492.0,6099.0,0,0,0,0,0,0,0,0,0,0,0,0,0,0,0,0,0,0,0,0,0,0,0,0,0,0,0,0,0,0,37,2026-02-05 13:06:40.728474
SPNG,25.02,24.68,24.82,2345200.0,2149600.0,3441.0,,,,0,0,0,0,0,0,0,0,0,0,0,0,0,0,0,0,0,0,0,0,0,0,0,0,0,0,0,0,0,0,38,2026-02-05 13:06:41.771770
SMMR,25.2,25.03,25.2,1831000.0,1999900.0,,1782.0,,,0,0,0,0,0,0,0,0,0,0,0,0,0,0,0,0,0,0,0,0,0,0,0,0,0,0,0,0,0,0,38,2026-02-05 13:06:41.771770
ATMN,25.0,24.62,25.0,1956600.0,1904600.0,,973.0,973.0,,0,0,0,0,0,0,0,0,0,0,0,0,0,0,0,0,0,0,0,0,0,0,0,0,0,0,0,0,0,0,38,2026-02-05 13:06:41.771770
WNTR,25.14,24.96,24.97,2180900.0,2251900.0,,831.0,831.0,492.0,0,0,0,0,0,0,0,0,0,0,0,0,0,0,0,0,0,0,0,0,0,0,0,0,0,0,0,0,0,0,38,2026-02-05 13:06:41.771770
SPNG,25.25,24.89,25.25,2318200.0,2241500.0,,,0,0,0,0,0,0,0,0,0,0,0,0,0,0,0,0,0,0,0,0,0,0,0,0,0,0,0,0,0,0,0,0,39,2026-02-05 13:06:42.823770
SMMR,25.2,25.1,25.13,1815300.0,1860600.0,980.0,980.0,0,0,0,0,0,0,0,0,0,0,0,0,0,0,0,0,0,0,0,0,0,0,0,0,0,0,0,0,0,0,0,0,39,2026-02-05 13:06:42.823770
ATMN,25.24,24.62,24.78,2048000.0,1984400.0,,,0,0,0,0,0,0,0,0,0,0,0,0,0,0,0,0,0,0,0,0,0,0,0,0,0,0,0,0,0,0,0,0,39,2026-02-05 13:06:42.823770
WNTR,25.16,25.16,25.21,2295100.0,2388100.0,877.0,,0,0,0,0,0,0,0,0,0,0,0,0,0,0,0,0,0,0,0,0,0,0,0,0,0,0,0,0,0,0,0,0,39,2026-02-05 13:06:42.823770
SPNG,25.03,24.89,25.03,2318200.0,2276500.0,,,0,0,0,0,0,0,0,0,0,0,0,0,0,0,0,0,0,0,0,0,0,0,0,0,0,0,0,0,0,0,0,0,40,2026-02-05 13:06:43.393453
SMMR,25.16,25.15,25.2,1827600.0,1863900.0,999.0,999.0,0,0,0,0,0,0,0,0,0,0,0,0,0,0,0,0,0,0,0,0,0,0,0,0,0,0,0,0,0,0,0,0,40,2026-02-05 13:06:43.393453
ATMN,24.78,24.71,24.78,1966900.0,1890700.0,973.0,973.0,0,0,0,0,0,0,0,0,0,0,0,0,0,0,0,0,0,0,0,0,0,0,0,0,0,0,0,0,0,0,0,0,40,2026-02-05 13:06:43.393453
WNTR,25.16,25.16,25.21,2424300.0,2418900.0,,,0,0,0,0,0,0,0,0,0,0,0,0,0,0,0,0,0,0,0,0,0,0,0,0,0,0,0,0,0,0,0,0,40,2026-02-05 13:06:43.393453
SPNG,25.26,24.89,25.26,2190800.0,925.0,2232500.0,,0,0,0,0,0,0,0,0,0,0,0,0,0,0,0,0,0,0,0,0,0,0,0,0,0,0,0,0,0,0,0,0,41,2026-02-05 13:06:44.494064
SMMR,25.2,25.1,25.18,1816600.0,1999.0,1858200.0,1999.0,0,0,0,0,0,0,0,0,0,0,0,0,0,0,0,0,0,0,0,0,0,0,0,0,0,0,0,0,0,0,0,0,41,2026-02-05 13:06:44.494064
ATMN,24.77,24.77,24.78,1979200.0,486.0,1890700.0,486.0,0,0,0,0,0,0,0,0,0,0,0,0,0,0,0,0,0,0,0,0,0,0,0,0,0,0,0,0,0,0,0,0,41,2026-02-05 13:06:44.494064
WNTR,24.96,25.0,25.21,2318600.0,1926.0,2387300.0,,0,0,0,0,0,0,0,0,0,0,0,0,0,0,0,0,0,0,0,0,0,0,0,0,0,0,0,0,0,0,0,0,41,2026-02-05 13:06:44.494064
SPNG,24.7,24.7,24.81,2308200.0,2123700.0,485.0,,0,0,0,0,0,0,0,0,0,0,0,0,0,0,0,0,0,0,0,0,0,0,0,0,0,0,0,0,0,0,0,0,42,2026-02-05 13:06:45.590591
SMMR,25.21,25.1,25.13,1816600.0,1811200.0,999.0,999.0,0,0,0,0,0,0,0,0,0,0,0,0,0,0,0,0,0,0,0,0,0,0,0,0,0,0,0,0,0,0,0,0,42,2026-02-05 13:06:45.590591
ATMN,24.71,24.62,24.78,1978100.0,1912600.0,486.0,486.0,0,0,0,0,0,0,0,0,0,0,0,0,0,0,0,0,0,0,0,0,0,0,0,0,0,0,0,0,0,0,0,0,42,2026-02-05 13:06:45.590591
WNTR,25.21,25.2,25.21,2429100.0,2352300.0,,,0,0,0,0,0,0,0,0,0,0,0,0,0,0,0,0,0,0,0,0,0,0,0,0,0,0,0,0,0,0,0,0,42,2026-02-05 13:06:45.590591
SPNG,24.81,24.91,25.02,2326900.0,2225700.0,,,0,0,0,0,0,0,0,0,0,0,0,0,0,0,0,0,0,0,0,0,0,0,0,0,0,0,0,0,0,0,0,0,43,2026-02-05 13:06:46.642413
SMMR,25.14,25.1,25.14,1816600.0,1830000.0,1999.0,1999.0,0,0,0,0,0,0,0,0,0,0,0,0,0,0,0,0,0,0,0,0,0,0,0,0,0,0,0,0,0,0,0,0,43,2026-02-05 13:06:46.642413
ATMN,24.78,24.79,24.96,1962300.0,1915000.0,486.0,486.0,0,0,0,0,0,0,0,0,0,0,0,0,0,0,0,0,0,0,0,0,0,0,0,0,0,0,0,0,0,0,0,0,43,2026-02-05 13:06:46.642413
WNTR,25.2,25.05,25.17,2318600.0,2199700.0,1881.0,1881.0,0,0,0,0,0,0,0,0,0,0,0,0,0,0,0,0,0,0,0,0,0,0,0,0,0,0,0,0,0,0,0,0,43,2026-02-05 13:06:46.642413
SPNG,24.81,24.97,25.02,2311300.0,2225700.0,,,0,0,0,0,0,0,0,0,0,0,0,0,0,0,0,0,0,0,0,0,0,0,0,0,0,0,0,0,0,0,0,0,44,2026-02-05 13:06:47.692092
SMMR,25.17,25.1,25.17,1816600.0,1945900.0,1999.0,,0,0,0,0,0,0,0,0,0,0,0,0,0,0,0,0,0,0,0,0,0,0,0,0,0,0,0,0,0,0,0,0,44,2026-02-05 13:06:47.692092
ATMN,24.59,24.59,25.06,2061900.0,1928600.0,,973.0,0,0,0,0,0,0,0,0,0,0,0,0,0,0,0,0,0,0,0,0,0,0,0,0,0,0,0,0,0,0,0,0,44,2026-02-05 13:06:47.692092
WNTR,25.08,24.98,25.08,2307300.0,2248900.0,940.0,940.0,0,0,0,0,0,0,0,0,0,0,0,0,0,0,0,0,0,0,0,0,0,0,0,0,0,0,0,0,0,0,0,0,44,2026-02-05 13:06:47.692092
SPNG,25.24,24.97,25.1,2191400.0,947.0,2096800.0,947.0,0,0,0,0,0,0,0,0,0,0,0,0,0,0,0,0,0,0,0,0,0,0,0,0,0,0,0,0,0,0,0,0,45,2026-02-05 13:06:48.741929
SMMR,25.02,25.02,25.12,1938000.0,,1978700.0,,0,0,0,0,0,0,0,0,0,0,0,0,0,0,0,0,0,0,0,0,0,0,0,0,0,0,0,0,0,0,0,0,45,2026-02-05 13:06:48.741929
ATMN,24.57,24.57,25.06,2035400.0,,1928600.0,973.0,0,0,0,0,0,0,0,0,0,0,0,0,0,0,0,0,0,0,0,0,0,0,0,0,0,0,0,0,0,0,0,0,45,2026-02-05 13:06:48.741929
WNTR,25.08,24.98,25.04,2314400.0,940.0,2218700.0,940.0,0,0,0,0,0,0,0,0,0,0,0,0,0,0,0,0,0,0,0,0,0,0,0,0,0,0,0,0,0,0,0,0,45,2026-02-05 13:06:48.741929
SPNG,25.19,24.97,24.99,2311300.0,2096000.0,111.0,,0,0,0,0,0,0,0,0,0,0,0,0,0,0,0,0,0,0,0,0,0,0,0,0,0,0,0,0,0,0,0,0,46,2026-02-05 13:06:49.784331
SMMR,25.06,25.02,25.06,1933400.0,1916600.0,1799.0,,0,0,0,0,0,0,0,0,0,0,0,0,0,0,0,0,0,0,0,0,0,0,0,0,0,0,0,0,0,0,0,0,46,2026-02-05 13:06:49.784331
ATMN,24.57,24.6,24.73,1942800.0,1964900.0,488.0,488.0,0,0,0,0,0,0,0,0,0,0,0,0,0,0,0,0,0,0,0,0,0,0,0,0,0,0,0,0,0,0,0,0,46,2026-02-05 13:06:49.784331
WNTR,25.04,24.94,25.04,2314400.0,2218700.0,965.0,965.0,0,0,0,0,0,0,0,0,0,0,0,0,0,0,0,0,0,0,0,0,0,0,0,0,0,0,0,0,0,0,0,0,46,2026-02-05 13:06:49.784331
SPNG,24.91,24.91,24.99,2323100.0,2096000.0,111.0,0,0,0,0,0,0,0,0,0,0,0,0,0,0,0,0,0,0,0,0,0,0,0,0,0,0,0,0,0,0,0,0,0,47,2026-02-05 13:06:50.821676
SMMR,25.02,25.02,25.17,1933400.0,1945900.0,,0,0,0,0,0,0,0,0,0,0,0,0,0,0,0,0,0,0,0,0,0,0,0,0,0,0,0,0,0,0,0,0,0,47,2026-02-05 13:06:50.821676
ATMN,24.73,24.67,24.73,2035600.0,1964900.0,448.0,0,0,0,0,0,0,0,0,0,0,0,0,0,0,0,0,0,0,0,0,0,0,0,0,0,0,0,0,0,0,0,0,0,47,2026-02-05 13:06:50.821676
WNTR,25.06,24.93,25.06,2447000.0,2309200.0,,0,0,0,0,0,0,0,0,0,0,0,0,0,0,0,0,0,0,0,0,0,0,0,0,0,0,0,0,0,0,0,0,0,47,2026-02-05 13:06:50.821676
SPNG,25.19,25.22,25.25,2342800.0,2242900.0,,,0,0,0,0,0,0,0,0,0,0,0,0,0,0,0,0,0,0,0,0,0,0,0,0,0,0,0,0,0,0,0,0,48,2026-02-05 13:06:51.858791
SMMR,25.0,25.02,25.13,1830600.0,1893100.0,2000.0,2000.0,0,0,0,0,0,0,0,0,0,0,0,0,0,0,0,0,0,0,0,0,0,0,0,0,0,0,0,0,0,0,0,0,48,2026-02-05 13:06:51.858791
ATMN,24.73,24.67,24.73,2044300.0,1964900.0,,448.0,0,0,0,0,0,0,0,0,0,0,0,0,0,0,0,0,0,0,0,0,0,0,0,0,0,0,0,0,0,0,0,0,48,2026-02-05 13:06:51.858791
WNTR,24.95,24.93,24.95,2333800.0,2212600.0,1000.0,1000.0,0,0,0,0,0,0,0,0,0,0,0,0,0,0,0,0,0,0,0,0,0,0,0,0,0,0,0,0,0,0,0,0,48,2026-02-05 13:06:51.858791
SPNG,24.65,24.65,25.24,2330400.0,2221300.0,,,0,0,0,0,0,0,0,0,0,0,0,0,0,0,0,0,0,0,0,0,0,0,0,0,0,0,0,0,0,0,0,0,49,2026-02-05 13:06:52.894413
SMMR,25.13,25.0,25.13,1919800.0,1893100.0,2000.0,,0,0,0,0,0,0,0,0,0,0,0,0,0,0,0,0,0,0,0,0,0,0,0,0,0,0,0,0,0,0,0,0,49,2026-02-05 13:06:52.894413
ATMN,24.73,24.73,25.06,2026400.0,2073300.0,,,0,0,0,0,0,0,0,0,0,0,0,0,0,0,0,0,0,0,0,0,0,0,0,0,0,0,0,0,0,0,0,0,49,2026-02-05 13:06:52.894413
WNTR,25.17,24.96,25.12,2333800.0,2227500.0,1000.0,1000.0,0,0,0,0,0,0,0,0,0,0,0,0,0,0,0,0,0,0,0,0,0,0,0,0,0,0,0,0,0,0,0,0,49,2026-02-05 13:06:52.894413
SPNG,24.65,24.65,25.24,2347300.0,2221300.0,,0,0,0,0,0,0,0,0,0,0,0,0,0,0,0,0,0,0,0,0,0,0,0,0,0,0,0,0,0,0,0,0,0,50,2026-02-05 13:06:53.928597
SMMR,25.09,25.0,25.09,1919800.0,1914700.0,2000.0,0,0,0,0,0,0,0,0,0,0,0,0,0,0,0,0,0,0,0,0,0,0,0,0,0,0,0,0,0,0,0,0,0,50,2026-02-05 13:06:53.928597
ATMN,24.91,24.67,24.88,2044300.0,1952900.0,2000.0,0,0,0,0,0,0,0,0,0,0,0,0,0,0,0,0,0,0,0,0,0,0,0,0,0,0,0,0,0,0,0,0,0,50,2026-02-05 13:06:53.928597
WNTR,25.12,24.93,25.12,2455800.0,2332600.0,,0,0,0,0,0,0,0,0,0,0,0,0,0,0,0,0,0,0,0,0,0,0,0,0,0,0,0,0,0,0,0,0,0,50,2026-02-05 13:06:53.928597
SPNG,24.65,24.91,25.24,2301500.0,2221300.0,,,0,0,0,0,0,0,0,0,0,0,0,0,0,0,0,0,0,0,0,0,0,0,0,0,0,0,0,0,0,0,0,0,51,2026-02-05 13:06:54.486081
SMMR,24.97,24.97,25.14,1922700.0,1974800.0,,,0,0,0,0,0,0,0,0,0,0,0,0,0,0,0,0,0,0,0,0,0,0,0,0,0,0,0,0,0,0,0,0,51,2026-02-05 13:06:54.486081
ATMN,24.91,24.67,24.88,2004100.0,1952900.0,2000.0,,0,0,0,0,0,0,0,0,0,0,0,0,0,0,0,0,0,0,0,0,0,0,0,0,0,0,0,0,0,0,0,0,51,2026-02-05 13:06:54.486081
WNTR,25.17,25.18,25.21,2298100.0,2299000.0,,1000.0,0,0,0,0,0,0,0,0,0,0,0,0,0,0,0,0,0,0,0,0,0,0,0,0,0,0,0,0,0,0,0,0,51,2026-02-05 13:06:54.486081
SPNG,25.25,24.91,25.25,2160000.0,611.0,2227700.0,,0,0,0,0,0,0,0,0,0,0,0,0,0,0,0,0,0,0,0,0,0,0,0,0,0,0,0,0,0,0,0,0,52,2026-02-05 13:06:55.558511
SMMR,25.18,25.11,25.18,1810800.0,1000.0,1977400.0,,0,0,0,0,0,0,0,0,0,0,0,0,0,0,0,0,0,0,0,0,0,0,0,0,0,0,0,0,0,0,0,0,52,2026-02-05 13:06:55.558511
ATMN,24.66,24.66,24.88,2022800.0,,1928100.0,2000.0,0,0,0,0,0,0,0,0,0,0,0,0,0,0,0,0,0,0,0,0,0,0,0,0,0,0,0,0,0,0,0,0,52,2026-02-05 13:06:55.558511
WNTR,24.92,24.92,25.03,2448200.0,,2342900.0,,0,0,0,0,0,0,0,0,0,0,0,0,0,0,0,0,0,0,0,0,0,0,0,0,0,0,0,0,0,0,0,0,52,2026-02-05 13:06:55.558511
SPNG,24.79,24.79,25.05,2286000.0,2216200.0,,,0,0,0,0,0,0,0,0,0,0,0,0,0,0,0,0,0,0,0,0,0,0,0,0,0,0,0,0,0,0,0,0,53,2026-02-05 13:06:56.616341
SMMR,25.18,24.97,25.18,1811800.0,1977400.0,1000.0,,0,0,0,0,0,0,0,0,0,0,0,0,0,0,0,0,0,0,0,0,0,0,0,0,0,0,0,0,0,0,0,0,53,2026-02-05 13:06:56.616341
ATMN,24.57,24.57,24.88,2038200.0,1928100.0,,2000.0,0,0,0,0,0,0,0,0,0,0,0,0,0,0,0,0,0,0,0,0,0,0,0,0,0,0,0,0,0,0,0,0,53,2026-02-05 13:06:56.616341
WNTR,24.92,24.92,25.03,2461600.0,2369100.0,,,0,0,0,0,0,0,0,0,0,0,0,0,0,0,0,0,0,0,0,0,0,0,0,0,0,0,0,0,0,0,0,0,53,2026-02-05 13:06:56.616341
SPNG,24.79,24.99,25.05,2178300.0,1000.0,2087200.0,1000.0,0,0,0,0,0,0,0,0,0,0,0,0,0,0,0,0,0,0,0,0,0,0,0,0,0,0,0,0,0,0,0,0,54,2026-02-05 13:06:57.653660
SMMR,25.02,25.13,25.18,1905200.0,,1978000.0,,0,0,0,0,0,0,0,0,0,0,0,0,0,0,0,0,0,0,0,0,0,0,0,0,0,0,0,0,0,0,0,0,54,2026-02-05 13:06:57.653660
ATMN,24.68,24.68,24.88,2070900.0,,1934100.0,2000.0,0,0,0,0,0,0,0,0,0,0,0,0,0,0,0,0,0,0,0,0,0,0,0,0,0,0,0,0,0,0,0,0,54,2026-02-05 13:06:57.653660
WNTR,24.92,25.01,25.03,2434900.0,,2193800.0,1000.0,0,0,0,0,0,0,0,0,0,0,0,0,0,0,0,0,0,0,0,0,0,0,0,0,0,0,0,0,0,0,0,0,54,2026-02-05 13:06:57.653660
SPNG,25.05,24.99,25.05,2209200.0,1000.0,2216200.0,,0,0,0,0,0,0,0,0,0,0,0,0,0,0,0,0,0,0,0,0,0,0,0,0,0,0,0,0,0,0,0,0,55,2026-02-05 13:06:58.687231
SMMR,25.01,25.01,25.18,1926300.0,,1978000.0,,0,0,0,0,0,0,0,0,0,0,0,0,0,0,0,0,0,0,0,0,0,0,0,0,0,0,0,0,0,0,0,0,55,2026-02-05 13:06:58.687231
ATMN,24.54,24.54,24.9,2050500.0,,1911900.0,2000.0,0,0,0,0,0,0,0,0,0,0,0,0,0,0,0,0,0,0,0,0,0,0,0,0,0,0,0,0,0,0,0,0,55,2026-02-05 13:06:58.687231
WNTR,25.15,25.15,25.18,2291200.0,2000.0,2246200.0,2000.0,0,0,0,0,0,0,0,0,0,0,0,0,0,0,0,0,0,0,0,0,0,0,0,0,0,0,0,0,0,0,0,0,55,2026-02-05 13:06:58.687231
SPNG,24.79,24.79,25.15,2291500.0,2076100.0,1000.0,,0,0,0,0,0,0,0,0,0,0,0,0,0,0,0,0,0,0,0,0,0,0,0,0,0,0,0,0,0,0,0,0,56,2026-02-05 13:06:59.723656
SMMR,25.01,25.02,25.07,1928200.0,2017900.0,,,0,0,0,0,0,0,0,0,0,0,0,0,0,0,0,0,0,0,0,0,0,0,0,0,0,0,0,0,0,0,0,0,56,2026-02-05 13:06:59.723656
ATMN,24.91,24.54,24.7,1923400.0,2032700.0,,2000.0,0,0,0,0,0,0,0,0,0,0,0,0,0,0,0,0,0,0,0,0,0,0,0,0,0,0,0,0,0,0,0,0,56,2026-02-05 13:06:59.723656
WNTR,25.14,25.01,25.14,2305700.0,2383900.0,,1000.0,0,0,0,0,0,0,0,0,0,0,0,0,0,0,0,0,0,0,0,0,0,0,0,0,0,0,0,0,0,0,0,0,56,2026-02-05 13:06:59.723656
SPNG,24.79,24.79,24.86,2276900.0,2065600.0,1000.0,,0,0,0,0,0,0,0,0,0,0,0,0,0,0,0,0,0,0,0,0,0,0,0,0,0,0,0,0,0,0,0,0,57,2026-02-05 13:07:00.757491
SMMR,25.01,25.01,25.09,1926300.0,2010400.0,,,0,0,0,0,0,0,0,0,0,0,0,0,0,0,0,0,0,0,0,0,0,0,0,0,0,0,0,0,0,0,0,0,57,2026-02-05 13:07:00.757491
ATMN,25.07,24.54,24.7,1924700.0,2002200.0,,2000.0,0,0,0,0,0,0,0,0,0,0,0,0,0,0,0,0,0,0,0,0,0,0,0,0,0,0,0,0,0,0,0,0,57,2026-02-05 13:07:00.757491
WNTR,24.92,24.94,25.12,2323900.0,2275400.0,2000.0,2000.0,0,0,0,0,0,0,0,0,0,0,0,0,0,0,0,0,0,0,0,0,0,0,0,0,0,0,0,0,0,0,0,0,57,2026-02-05 13:07:00.757491
SPNG,24.86,24.87,25.15,2254300.0,2205100.0,0,0,0,0,0,0,0,0,0,0,0,0,0,0,0,0,0,0,0,0,0,0,0,0,0,0,0,0,0,0,0,0,0,0,58,2026-02-05 13:07:01.794870
SMMR,25.02,25.07,25.09,1908200.0,2010400.0,0,0,0,0,0,0,0,0,0,0,0,0,0,0,0,0,0,0,0,0,0,0,0,0,0,0,0,0,0,0,0,0,0,0,58,2026-02-05 13:07:01.794870
ATMN,24.52,24.52,24.61,2032000.0,2002600.0,0,0,0,0,0,0,0,0,0,0,0,0,0,0,0,0,0,0,0,0,0,0,0,0,0,0,0,0,0,0,0,0,0,0,58,2026-02-05 13:07:01.794870
WNTR,25.0,24.96,25.0,2408100.0,2343400.0,0,0,0,0,0,0,0,0,0,0,0,0,0,0,0,0,0,0,0,0,0,0,0,0,0,0,0,0,0,0,0,0,0,0,58,2026-02-05 13:07:01.794870
SPNG,25.25,24.95,25.25,2257400.0,2228800.0,0,0,0,0,0,0,0,0,0,0,0,0,0,0,0,0,0,0,0,0,0,0,0,0,0,0,0,0,0,0,0,0,0,0,59,2026-02-05 13:07:02.846572
SMMR,25.09,25.07,25.09,1936400.0,2016100.0,0,0,0,0,0,0,0,0,0,0,0,0,0,0,0,0,0,0,0,0,0,0,0,0,0,0,0,0,0,0,0,0,0,0,59,2026-02-05 13:07:02.846572
ATMN,24.7,24.52,24.7,2037000.0,2002200.0,0,0,0,0,0,0,0,0,0,0,0,0,0,0,0,0,0,0,0,0,0,0,0,0,0,0,0,0,0,0,0,0,0,0,59,2026-02-05 13:07:02.846572
WNTR,24.91,24.91,25.0,2420200.0,2349900.0,0,0,0,0,0,0,0,0,0,0,0,0,0,0,0,0,0,0,0,0,0,0,0,0,0,0,0,0,0,0,0,0,0,0,59,2026-02-05 13:07:02.846572
SPNG,24.96,24.96,25.92,970200.0,788500.0,0,0,0,0,0,0,0,0,0,0,0,0,0,0,0,0,0,0,0,0,0,0,0,0,0,0,0,0,0,0,0,0,0,0,60,2026-02-05 13:07:03.887202
SMMR,25.2,25.88,0.0,200000.0,,0,0,0,0,0,0,0,0,0,0,0,0,0,0,0,0,0,0,0,0,0,0,0,0,0,0,0,0,0,0,0,0,0,0,60,2026-02-05 13:07:03.887202
ATMN,25.17,25.17,25.55,813500.0,591600.0,0,0,0,0,0,0,0,0,0,0,0,0,0,0,0,0,0,0,0,0,0,0,0,0,0,0,0,0,0,0,0,0,0,0,60,2026-02-05 13:07:03.887202
WNTR,24.91,24.5,24.67,935300.0,904300.0,0,0,0,0,0,0,0,0,0,0,0,0,0,0,0,0,0,0,0,0,0,0,0,0,0,0,0,0,0,0,0,0,0,0,60,2026-02-05 13:07:03.887202
SPNG,24.96,24.96,25.25,970200.0,500.0,1121200.0,500.0,,,0,0,0,0,0,0,0,0,0,0,0,0,0,0,0,0,0,0,0,0,0,0,0,0,0,0,0,0,0,0,61,2026-02-05 13:07:04.925300
SMMR,25.89,25.89,26.07,940400.0,1000.0,744800.0,,,,0,0,0,0,0,0,0,0,0,0,0,0,0,0,0,0,0,0,0,0,0,0,0,0,0,0,0,0,0,0,61,2026-02-05 13:07:04.925300
ATMN,24.91,24.91,25.3,902700.0,,894500.0,1000.0,,,0,0,0,0,0,0,0,0,0,0,0,0,0,0,0,0,0,0,0,0,0,0,0,0,0,0,0,0,0,0,61,2026-02-05 13:07:04.925300
WNTR,24.4,24.45,24.59,934600.0,,1038700.0,2000.0,7591.0,8360.0,0,0,0,0,0,0,0,0,0,0,0,0,0,0,0,0,0,0,0,0,0,0,0,0,0,0,0,0,0,0,61,2026-02-05 13:07:04.925300
SPNG,24.26,24.26,25.02,100.0,1019600.0,5058.0,1121200.0,,,0,0,0,0,0,0,0,0,0,0,0,0,0,0,0,0,0,0,0,0,0,0,0,0,0,0,0,0,0,0,62,2026-02-05 13:07:05.968178
SMMR,25.94,25.9,25.94,12524.0,940400.0,5058.0,1053100.0,,,0,0,0,0,0,0,0,0,0,0,0,0,0,0,0,0,0,0,0,0,0,0,0,0,0,0,0,0,0,0,62,2026-02-05 13:07:05.968178
ATMN,25.2,25.03,25.07,2372.0,993800.0,13107.0,1192900.0,475.0,475.0,0,0,0,0,0,0,0,0,0,0,0,0,0,0,0,0,0,0,0,0,0,0,0,0,0,0,0,0,0,0,62,2026-02-05 13:07:05.968178
WNTR,24.5,24.26,24.5,,1087600.0,8360.0,1184500.0,,,0,0,0,0,0,0,0,0,0,0,0,0,0,0,0,0,0,0,0,0,0,0,0,0,0,0,0,0,0,0,62,2026-02-05 13:07:05.968178
SPNG,25.25,24.76,24.83,1248300.0,100.0,487.0,487.0,5058.0,1121200.0,0,0,0,0,0,0,0,0,0,0,0,0,0,0,0,0,0,0,0,0,0,0,0,0,0,0,0,0,0,0,63,2026-02-05 13:07:06.513077
SMMR,25.94,26.02,26.06,1049600.0,12524.0,,,,1036600.0,0,0,0,0,0,0,0,0,0,0,0,0,0,0,0,0,0,0,0,0,0,0,0,0,0,0,0,0,0,0,63,2026-02-05 13:07:06.513077
ATMN,25.2,25.03,25.06,993800.0,2372.0,950.0,,13107.0,1276200.0,0,0,0,0,0,0,0,0,0,0,0,0,0,0,0,0,0,0,0,0,0,0,0,0,0,0,0,0,0,0,63,2026-02-05 13:07:06.513077
WNTR,24.5,24.16,24.44,1208300.0,,900.0,900.0,8360.0,1287400.0,0,0,0,0,0,0,0,0,0,0,0,0,0,0,0,0,0,0,0,0,0,0,0,0,0,0,0,0,0,0,63,2026-02-05 13:07:06.513077
SPNG,25.2,25.2,25.25,1363400.0,3310.0,1226300.0,,,,0,0,0,0,0,0,0,0,0,0,0,0,0,0,0,0,0,0,0,0,0,0,0,0,0,0,0,0,0,0,64,2026-02-05 13:07:07.643626
SMMR,25.65,25.65,26.06,838400.0,7466.0,1131700.0,667.0,475.0,,0,0,0,0,0,0,0,0,0,0,0,0,0,0,0,0,0,0,0,0,0,0,0,0,0,0,0,0,0,0,64,2026-02-05 13:07:07.643626
ATMN,25.06,25.03,25.06,993800.0,6388.0,1445000.0,6532.0,475.0,475.0,0,0,0,0,0,0,0,0,0,0,0,0,0,0,0,0,0,0,0,0,0,0,0,0,0,0,0,0,0,0,64,2026-02-05 13:07:07.643626
WNTR,24.5,24.21,24.5,1455900.0,4068.0,1184500.0,8360.0,,1800.0,0,0,0,0,0,0,0,0,0,0,0,0,0,0,0,0,0,0,0,0,0,0,0,0,0,0,0,0,0,0,64,2026-02-05 13:07:07.643626
SPNG,25.31,24.88,25.31,1343100.0,1103500.0,,,,,0,0,0,0,0,0,0,0,0,0,0,0,0,0,0,0,0,0,0,0,0,0,0,0,0,0,0,0,0,0,65,2026-02-05 13:07:08.691507
SMMR,25.65,25.64,25.65,951600.0,1348200.0,1604.0,,,,0,0,0,0,0,0,0,0,0,0,0,0,0,0,0,0,0,0,0,0,0,0,0,0,0,0,0,0,0,0,65,2026-02-05 13:07:08.691507
ATMN,25.04,25.04,25.05,1205100.0,1445000.0,100.0,4812.0,475.0,475.0,0,0,0,0,0,0,0,0,0,0,0,0,0,0,0,0,0,0,0,0,0,0,0,0,0,0,0,0,0,0,65,2026-02-05 13:07:08.691507
WNTR,24.43,24.48,24.5,1568100.0,1409700.0,,2607.0,1800.0,1800.0,0,0,0,0,0,0,0,0,0,0,0,0,0,0,0,0,0,0,0,0,0,0,0,0,0,0,0,0,0,0,65,2026-02-05 13:07:08.691507
SPNG,24.99,24.88,24.99,1609800.0,499.0,1198700.0,499.0,1832.0,,0,0,0,0,0,0,0,0,0,0,0,0,0,0,0,0,0,0,0,0,0,0,0,0,0,0,0,0,0,0,66,2026-02-05 13:07:09.749347
SMMR,25.82,25.64,25.82,1149300.0,,1241800.0,,1604.0,6188.0,0,0,0,0,0,0,0,0,0,0,0,0,0,0,0,0,0,0,0,0,0,0,0,0,0,0,0,0,0,0,66,2026-02-05 13:07:09.749347
ATMN,25.04,25.04,25.05,1398600.0,475.0,1527700.0,475.0,6288.0,11000.0,0,0,0,0,0,0,0,0,0,0,0,0,0,0,0,0,0,0,0,0,0,0,0,0,0,0,0,0,0,0,66,2026-02-05 13:07:09.749347
WNTR,24.34,24.43,24.5,1594800.0,,1510300.0,,6188.0,2607.0,0,0,0,0,0,0,0,0,0,0,0,0,0,0,0,0,0,0,0,0,0,0,0,0,0,0,0,0,0,0,66,2026-02-05 13:07:09.749347
SPNG,24.77,24.77,24.9,1621700.0,499.0,1307900.0,3232.0,499.0,,0,0,0,0,0,0,0,0,0,0,0,0,0,0,0,0,0,0,0,0,0,0,0,0,0,0,0,0,0,0,67,2026-02-05 13:07:10.799446
SMMR,25.68,25.67,25.68,1343200.0,973.0,1349700.0,3470.0,973.0,6188.0,0,0,0,0,0,0,0,0,0,0,0,0,0,0,0,0,0,0,0,0,0,0,0,0,0,0,0,0,0,0,67,2026-02-05 13:07:10.799446
ATMN,25.3,25.04,25.3,1507100.0,475.0,1227300.0,,475.0,11535.0,0,0,0,0,0,0,0,0,0,0,0,0,0,0,0,0,0,0,0,0,0,0,0,0,0,0,0,0,0,0,67,2026-02-05 13:07:10.799446
WNTR,24.21,24.21,24.48,1592800.0,1980.0,1510300.0,16188.0,,,0,0,0,0,0,0,0,0,0,0,0,0,0,0,0,0,0,0,0,0,0,0,0,0,0,0,0,0,0,0,67,2026-02-05 13:07:10.799446
SPNG,25.04,24.81,24.82,100.0,1756600.0,999.0,1229600.0,999.0,,0,0,0,0,0,0,0,0,0,0,0,0,0,0,0,0,0,0,0,0,0,0,0,0,0,0,0,0,0,0,68,2026-02-05 13:07:11.863243
SMMR,25.98,26.04,26.06,3733.0,1545000.0,973.0,1131700.0,,,0,0,0,0,0,0,0,0,0,0,0,0,0,0,0,0,0,0,0,0,0,0,0,0,0,0,0,0,0,0,68,2026-02-05 13:07:11.863243
ATMN,24.98,24.98,25.25,6476.0,1391300.0,,1346600.0,950.0,7573.0,0,0,0,0,0,0,0,0,0,0,0,0,0,0,0,0,0,0,0,0,0,0,0,0,0,0,0,0,0,0,68,2026-02-05 13:07:11.863243
WNTR,24.45,24.41,24.45,,1839700.0,891.0,1751900.0,891.0,8418.0,0,0,0,0,0,0,0,0,0,0,0,0,0,0,0,0,0,0,0,0,0,0,0,0,0,0,0,0,0,0,68,2026-02-05 13:07:11.863243
SPNG,25.1,25.14,25.31,1995600.0,5800.0,499.0,1103500.0,,,0,0,0,0,0,0,0,0,0,0,0,0,0,0,0,0,0,0,0,0,0,0,0,0,0,0,0,0,0,0,69,2026-02-05 13:07:12.932251
SMMR,25.67,25.69,25.77,1519500.0,8125.0,,1244900.0,12820.0,,0,0,0,0,0,0,0,0,0,0,0,0,0,0,0,0,0,0,0,0,0,0,0,0,0,0,0,0,0,0,69,2026-02-05 13:07:12.932251
ATMN,24.98,25.1,25.16,1506500.0,8062.0,463.0,1545500.0,7990.0,,0,0,0,0,0,0,0,0,0,0,0,0,0,0,0,0,0,0,0,0,0,0,0,0,0,0,0,0,0,0,69,2026-02-05 13:07:12.932251
WNTR,24.49,24.48,24.49,1839700.0,6345.0,891.0,1864200.0,6345.0,891.0,0,0,0,0,0,0,0,0,0,0,0,0,0,0,0,0,0,0,0,0,0,0,0,0,0,0,0,0,0,0,69,2026-02-05 13:07:12.932251
SPNG,24.76,24.76,24.86,2007500.0,1430500.0,,,,,0,0,0,0,0,0,0,0,0,0,0,0,0,0,0,0,0,0,0,0,0,0,0,0,0,0,0,0,0,0,70,2026-02-05 13:07:13.989382
SMMR,25.64,25.77,25.98,1424600.0,1131700.0,5177.0,100.0,925.0,,0,0,0,0,0,0,0,0,0,0,0,0,0,0,0,0,0,0,0,0,0,0,0,0,0,0,0,0,0,0,70,2026-02-05 13:07:13.989382
ATMN,25.1,25.11,25.17,1506500.0,1658900.0,2588.0,,,,0,0,0,0,0,0,0,0,0,0,0,0,0,0,0,0,0,0,0,0,0,0,0,0,0,0,0,0,0,0,70,2026-02-05 13:07:13.989382
WNTR,24.48,24.48,24.49,1956200.0,1864200.0,2356.0,,,891.0,0,0,0,0,0,0,0,0,0,0,0,0,0,0,0,0,0,0,0,0,0,0,0,0,0,0,0,0,0,0,70,2026-02-05 13:07:13.989382
SPNG,24.86,24.76,24.86,2120200.0,1430500.0,,,,0,0,0,0,0,0,0,0,0,0,0,0,0,0,0,0,0,0,0,0,0,0,0,0,0,0,0,0,0,0,0,71,2026-02-05 13:07:14.559439
SMMR,25.77,25.64,25.72,1424600.0,1148800.0,,,,0,0,0,0,0,0,0,0,0,0,0,0,0,0,0,0,0,0,0,0,0,0,0,0,0,0,0,0,0,0,0,71,2026-02-05 13:07:14.559439
ATMN,25.32,25.32,25.34,1613600.0,1567000.0,2588.0,926.0,,0,0,0,0,0,0,0,0,0,0,0,0,0,0,0,0,0,0,0,0,0,0,0,0,0,0,0,0,0,0,0,71,2026-02-05 13:07:14.559439
WNTR,24.48,24.34,24.39,1831800.0,2103500.0,2356.0,1782.0,1782.0,0,0,0,0,0,0,0,0,0,0,0,0,0,0,0,0,0,0,0,0,0,0,0,0,0,0,0,0,0,0,0,71,2026-02-05 13:07:14.559439
SPNG,24.76,24.76,24.78,2120200.0,1417300.0,,,,0,0,0,0,0,0,0,0,0,0,0,0,0,0,0,0,0,0,0,0,0,0,0,0,0,0,0,0,0,0,0,72,2026-02-05 13:07:15.698695
SMMR,25.72,25.72,26.07,1815400.0,1045000.0,7108.0,,,0,0,0,0,0,0,0,0,0,0,0,0,0,0,0,0,0,0,0,0,0,0,0,0,0,0,0,0,0,0,0,72,2026-02-05 13:07:15.698695
ATMN,25.32,25.33,25.34,1613600.0,1855800.0,10754.0,7573.0,,0,0,0,0,0,0,0,0,0,0,0,0,0,0,0,0,0,0,0,0,0,0,0,0,0,0,0,0,0,0,0,72,2026-02-05 13:07:15.698695
WNTR,24.34,24.34,24.52,1816900.0,1682900.0,8665.0,,935.0,0,0,0,0,0,0,0,0,0,0,0,0,0,0,0,0,0,0,0,0,0,0,0,0,0,0,0,0,0,0,0,72,2026-02-05 13:07:15.698695
SPNG,25.18,25.18,25.29,2236700.0,1596600.0,,,0,0,0,0,0,0,0,0,0,0,0,0,0,0,0,0,0,0,0,0,0,0,0,0,0,0,0,0,0,0,0,0,73,2026-02-05 13:07:16.766132
SMMR,25.8,25.72,25.8,1815400.0,1255700.0,,,0,0,0,0,0,0,0,0,0,0,0,0,0,0,0,0,0,0,0,0,0,0,0,0,0,0,0,0,0,0,0,0,73,2026-02-05 13:07:16.766132
ATMN,24.91,24.59,24.8,1115900.0,1976000.0,,,0,0,0,0,0,0,0,0,0,0,0,0,0,0,0,0,0,0,0,0,0,0,0,0,0,0,0,0,0,0,0,0,73,2026-02-05 13:07:16.766132
WNTR,24.21,24.39,24.41,1715800.0,1950000.0,177.0,5242.0,0,0,0,0,0,0,0,0,0,0,0,0,0,0,0,0,0,0,0,0,0,0,0,0,0,0,0,0,0,0,0,0,73,2026-02-05 13:07:16.766132
SPNG,24.89,24.71,24.89,2016600.0,1724700.0,4200.0,,0,0,0,0,0,0,0,0,0,0,0,0,0,0,0,0,0,0,0,0,0,0,0,0,0,0,0,0,0,0,0,0,74,2026-02-05 13:07:17.815916
SMMR,26.08,25.83,26.08,1739300.0,1143600.0,,6313.0,0,0,0,0,0,0,0,0,0,0,0,0,0,0,0,0,0,0,0,0,0,0,0,0,0,0,0,0,0,0,0,0,74,2026-02-05 13:07:17.815916
ATMN,25.34,24.86,25.34,1330900.0,1947800.0,,,0,0,0,0,0,0,0,0,0,0,0,0,0,0,0,0,0,0,0,0,0,0,0,0,0,0,0,0,0,0,0,0,74,2026-02-05 13:07:17.815916
WNTR,24.52,24.4,24.46,1854000.0,1805100.0,10000.0,5419.0,0,0,0,0,0,0,0,0,0,0,0,0,0,0,0,0,0,0,0,0,0,0,0,0,0,0,0,0,0,0,0,0,74,2026-02-05 13:07:17.815916
SPNG,24.89,24.76,24.86,5600.0,2435800.0,7912.0,1724700.0,,,0,0,0,0,0,0,0,0,0,0,0,0,0,0,0,0,0,0,0,0,0,0,0,0,0,0,0,0,0,0,75,2026-02-05 13:07:18.865349
SMMR,26.08,25.9,25.93,8877.0,1545800.0,6313.0,1336700.0,485.0,485.0,0,0,0,0,0,0,0,0,0,0,0,0,0,0,0,0,0,0,0,0,0,0,0,0,0,0,0,0,0,0,75,2026-02-05 13:07:18.865349
ATMN,24.95,24.86,24.88,,1330900.0,6313.0,1704800.0,,948.0,0,0,0,0,0,0,0,0,0,0,0,0,0,0,0,0,0,0,0,0,0,0,0,0,0,0,0,0,0,0,75,2026-02-05 13:07:18.865349
WNTR,24.37,24.44,24.45,,1991700.0,18335.0,1923000.0,933.0,933.0,0,0,0,0,0,0,0,0,0,0,0,0,0,0,0,0,0,0,0,0,0,0,0,0,0,0,0,0,0,0,75,2026-02-05 13:07:18.865349
SPNG,25.03,24.71,24.87,2426200.0,950.0,1711700.0,,,,0,0,0,0,0,0,0,0,0,0,0,0,0,0,0,0,0,0,0,0,0,0,0,0,0,0,0,0,0,0,76,2026-02-05 13:07:19.905996
SMMR,25.83,25.81,25.83,1856100.0,485.0,1432700.0,485.0,,,0,0,0,0,0,0,0,0,0,0,0,0,0,0,0,0,0,0,0,0,0,0,0,0,0,0,0,0,0,0,76,2026-02-05 13:07:19.905996
ATMN,24.96,24.96,25.34,1535400.0,1801.0,1962300.0,,,,0,0,0,0,0,0,0,0,0,0,0,0,0,0,0,0,0,0,0,0,0,0,0,0,0,0,0,0,0,0,76,2026-02-05 13:07:19.905996
WNTR,24.46,24.5,24.52,2240400.0,1866.0,2024700.0,1866.0,4866.0,4866.0,0,0,0,0,0,0,0,0,0,0,0,0,0,0,0,0,0,0,0,0,0,0,0,0,0,0,0,0,0,0,76,2026-02-05 13:07:19.905996
SPNG,25.03,24.79,24.87,5059.0,2202500.0,950.0,1711700.0,950.0,,0,0,0,0,0,0,0,0,0,0,0,0,0,0,0,0,0,0,0,0,0,0,0,0,0,0,0,0,0,0,77,2026-02-05 13:07:20.937303
SMMR,25.93,25.84,25.87,9181.0,1675000.0,1942.0,1420400.0,,5428.0,0,0,0,0,0,0,0,0,0,0,0,0,0,0,0,0,0,0,0,0,0,0,0,0,0,0,0,0,0,0,77,2026-02-05 13:07:20.937303
ATMN,25.39,24.96,25.39,4656.0,1555600.0,1981.0,1938800.0,,,0,0,0,0,0,0,0,0,0,0,0,0,0,0,0,0,0,0,0,0,0,0,0,0,0,0,0,0,0,0,77,2026-02-05 13:07:20.937303
WNTR,24.44,24.44,24.52,,2124200.0,1866.0,1984300.0,1866.0,7665.0,0,0,0,0,0,0,0,0,0,0,0,0,0,0,0,0,0,0,0,0,0,0,0,0,0,0,0,0,0,0,77,2026-02-05 13:07:20.937303
SPNG,25.11,25.23,25.29,2020300.0,8587.0,950.0,1596600.0,,,0,0,0,0,0,0,0,0,0,0,0,0,0,0,0,0,0,0,0,0,0,0,0,0,0,0,0,0,0,0,78,2026-02-05 13:07:21.974440
SMMR,25.76,25.82,25.89,1644300.0,8689.0,971.0,1442300.0,4936.0,971.0,0,0,0,0,0,0,0,0,0,0,0,0,0,0,0,0,0,0,0,0,0,0,0,0,0,0,0,0,0,0,78,2026-02-05 13:07:21.974440
ATMN,24.69,24.91,25.47,1351000.0,4936.0,910.0,1826800.0,,,0,0,0,0,0,0,0,0,0,0,0,0,0,0,0,0,0,0,0,0,0,0,0,0,0,0,0,0,0,0,78,2026-02-05 13:07:21.974440
WNTR,24.43,24.44,24.49,1986500.0,5940.0,1866.0,1915100.0,15687.0,1866.0,0,0,0,0,0,0,0,0,0,0,0,0,0,0,0,0,0,0,0,0,0,0,0,0,0,0,0,0,0,0,78,2026-02-05 13:07:21.974440
SPNG,24.85,25.16,25.29,2439900.0,1712300.0,,,,,0,0,0,0,0,0,0,0,0,0,0,0,0,0,0,0,0,0,0,0,0,0,0,0,0,0,0,0,0,0,79,2026-02-05 13:07:23.013109
SMMR,26.05,25.86,25.93,1755100.0,1534300.0,7805.0,1845.0,1951.0,1845.0,0,0,0,0,0,0,0,0,0,0,0,0,0,0,0,0,0,0,0,0,0,0,0,0,0,0,0,0,0,0,79,2026-02-05 13:07:23.013109
ATMN,25.04,25.04,25.42,1445300.0,1744100.0,,,,963.0,0,0,0,0,0,0,0,0,0,0,0,0,0,0,0,0,0,0,0,0,0,0,0,0,0,0,0,0,0,0,79,2026-02-05 13:07:23.013109
WNTR,24.43,24.39,24.41,1854000.0,2192500.0,7805.0,1866.0,7805.0,1866.0,0,0,0,0,0,0,0,0,0,0,0,0,0,0,0,0,0,0,0,0,0,0,0,0,0,0,0,0,0,0,79,2026-02-05 13:07:23.013109
SPNG,24.77,24.77,25.26,2450300.0,2043300.0,,,,,0,0,0,0,0,0,0,0,0,0,0,0,0,0,0,0,0,0,0,0,0,0,0,0,0,0,0,0,0,0,80,2026-02-05 13:07:24.081219
SMMR,25.82,25.84,25.9,1722500.0,1534300.0,7701.0,1845.0,7726.0,1845.0,0,0,0,0,0,0,0,0,0,0,0,0,0,0,0,0,0,0,0,0,0,0,0,0,0,0,0,0,0,0,80,2026-02-05 13:07:24.081219
ATMN,25.04,25.23,25.25,1445300.0,1668100.0,12404.0,1976.0,1661.0,1976.0,0,0,0,0,0,0,0,0,0,0,0,0,0,0,0,0,0,0,0,0,0,0,0,0,0,0,0,0,0,0,80,2026-02-05 13:07:24.081219
WNTR,24.43,24.4,24.41,1854000.0,2045600.0,15506.0,933.0,9570.0,933.0,0,0,0,0,0,0,0,0,0,0,0,0,0,0,0,0,0,0,0,0,0,0,0,0,0,0,0,0,0,0,80,2026-02-05 13:07:24.081219
SPNG,25.19,24.77,24.99,2425100.0,1859200.0,100.0,902.0,,,0,0,0,0,0,0,0,0,0,0,0,0,0,0,0,0,0,0,0,0,0,0,0,0,0,0,0,0,0,0,81,2026-02-05 13:07:24.614050
SMMR,25.82,25.84,25.9,1723300.0,1625800.0,7726.0,1845.0,7701.0,1845.0,0,0,0,0,0,0,0,0,0,0,0,0,0,0,0,0,0,0,0,0,0,0,0,0,0,0,0,0,0,0,81,2026-02-05 13:07:24.614050
ATMN,25.23,25.18,25.19,1445300.0,1674600.0,1661.0,988.0,6244.0,988.0,0,0,0,0,0,0,0,0,0,0,0,0,0,0,0,0,0,0,0,0,0,0,0,0,0,0,0,0,0,0,81,2026-02-05 13:07:24.614050
WNTR,24.43,24.4,24.41,1989300.0,2072100.0,9570.0,933.0,15506.0,933.0,0,0,0,0,0,0,0,0,0,0,0,0,0,0,0,0,0,0,0,0,0,0,0,0,0,0,0,0,0,0,81,2026-02-05 13:07:24.614050
SPNG,24.99,24.96,24.99,2411300.0,2043900.0,,,0,0,0,0,0,0,0,0,0,0,0,0,0,0,0,0,0,0,0,0,0,0,0,0,0,0,0,0,0,0,0,0,82,2026-02-05 13:07:25.740445
SMMR,25.82,25.82,25.89,1807300.0,1832500.0,1845.0,1845.0,0,0,0,0,0,0,0,0,0,0,0,0,0,0,0,0,0,0,0,0,0,0,0,0,0,0,0,0,0,0,0,0,82,2026-02-05 13:07:25.740445
ATMN,25.19,25.04,25.19,1766900.0,1858200.0,988.0,988.0,0,0,0,0,0,0,0,0,0,0,0,0,0,0,0,0,0,0,0,0,0,0,0,0,0,0,0,0,0,0,0,0,82,2026-02-05 13:07:25.740445
WNTR,24.38,24.38,24.41,1995600.0,2305500.0,933.0,933.0,0,0,0,0,0,0,0,0,0,0,0,0,0,0,0,0,0,0,0,0,0,0,0,0,0,0,0,0,0,0,0,0,82,2026-02-05 13:07:25.740445
SPNG,24.96,24.96,24.99,2210600.0,947.0,1854300.0,3049.0,947.0,,0,0,0,0,0,0,0,0,0,0,0,0,0,0,0,0,0,0,0,0,0,0,0,0,0,0,0,0,0,0,83,2026-02-05 13:07:26.778648
SMMR,25.82,25.82,25.87,1813500.0,1845.0,1718000.0,2260.0,1845.0,,0,0,0,0,0,0,0,0,0,0,0,0,0,0,0,0,0,0,0,0,0,0,0,0,0,0,0,0,0,0,83,2026-02-05 13:07:26.778648
ATMN,24.97,25.12,25.45,1553400.0,988.0,1855600.0,,988.0,,0,0,0,0,0,0,0,0,0,0,0,0,0,0,0,0,0,0,0,0,0,0,0,0,0,0,0,0,0,0,83,2026-02-05 13:07:26.778648
WNTR,24.16,24.32,24.38,1723200.0,1866.0,2182800.0,9666.0,1866.0,6119.0,0,0,0,0,0,0,0,0,0,0,0,0,0,0,0,0,0,0,0,0,0,0,0,0,0,0,0,0,0,0,83,2026-02-05 13:07:26.778648
SPNG,25.29,24.97,25.27,4550.0,2076700.0,900.0,900.0,1954400.0,,0,0,0,0,0,0,0,0,0,0,0,0,0,0,0,0,0,0,0,0,0,0,0,0,0,0,0,0,0,0,84,2026-02-05 13:07:27.810460
SMMR,25.89,25.82,25.89,7436.0,1724900.0,922.0,,1942000.0,,0,0,0,0,0,0,0,0,0,0,0,0,0,0,0,0,0,0,0,0,0,0,0,0,0,0,0,0,0,0,84,2026-02-05 13:07:27.810460
ATMN,24.97,25.19,25.38,5948.0,1553400.0,1924.0,1924.0,1764000.0,5948.0,0,0,0,0,0,0,0,0,0,0,0,0,0,0,0,0,0,0,0,0,0,0,0,0,0,0,0,0,0,0,84,2026-02-05 13:07:27.810460
WNTR,24.49,24.34,24.38,12949.0,1842500.0,933.0,933.0,2116800.0,3415.0,0,0,0,0,0,0,0,0,0,0,0,0,0,0,0,0,0,0,0,0,0,0,0,0,0,0,0,0,0,0,84,2026-02-05 13:07:27.810460
SPNG,24.81,24.77,24.81,2413000.0,1996600.0,472.0,,,0,0,0,0,0,0,0,0,0,0,0,0,0,0,0,0,0,0,0,0,0,0,0,0,0,0,0,0,0,0,0,85,2026-02-05 13:07:28.841359
SMMR,25.9,25.87,25.9,1814100.0,1828400.0,1845.0,1845.0,,0,0,0,0,0,0,0,0,0,0,0,0,0,0,0,0,0,0,0,0,0,0,0,0,0,0,0,0,0,0,0,85,2026-02-05 13:07:28.841359
ATMN,24.71,24.71,25.4,1445100.0,1871200.0,1924.0,,,0,0,0,0,0,0,0,0,0,0,0,0,0,0,0,0,0,0,0,0,0,0,0,0,0,0,0,0,0,0,0,85,2026-02-05 13:07:28.841359
WNTR,24.49,24.52,24.54,1948400.0,2373700.0,,1947.0,4688.0,0,0,0,0,0,0,0,0,0,0,0,0,0,0,0,0,0,0,0,0,0,0,0,0,0,0,0,0,0,0,0,85,2026-02-05 13:07:28.841359
SPNG,24.81,24.77,24.81,2240000.0,968.0,1901500.0,968.0,4454.0,,0,0,0,0,0,0,0,0,0,0,0,0,0,0,0,0,0,0,0,0,0,0,0,0,0,0,0,0,0,0,86,2026-02-05 13:07:29.876404
SMMR,25.82,25.82,25.89,1813500.0,1845.0,1688500.0,1845.0,5568.0,,0,0,0,0,0,0,0,0,0,0,0,0,0,0,0,0,0,0,0,0,0,0,0,0,0,0,0,0,0,0,86,2026-02-05 13:07:29.876404
ATMN,24.71,25.13,25.16,1547500.0,1882.0,1878900.0,,5790.0,100.0,0,0,0,0,0,0,0,0,0,0,0,0,0,0,0,0,0,0,0,0,0,0,0,0,0,0,0,0,0,0,86,2026-02-05 13:07:29.876404
WNTR,24.47,24.25,24.41,1974600.0,,2050000.0,1947.0,11488.0,6764.0,0,0,0,0,0,0,0,0,0,0,0,0,0,0,0,0,0,0,0,0,0,0,0,0,0,0,0,0,0,0,86,2026-02-05 13:07:29.876404
SPNG,25.13,25.2,25.26,9362.0,2101600.0,2103500.0,,,,0,0,0,0,0,0,0,0,0,0,0,0,0,0,0,0,0,0,0,0,0,0,0,0,0,0,0,0,0,0,87,2026-02-05 13:07:30.910031
SMMR,25.82,25.85,25.89,10563.0,1724900.0,1685600.0,7515.0,,,0,0,0,0,0,0,0,0,0,0,0,0,0,0,0,0,0,0,0,0,0,0,0,0,0,0,0,0,0,0,87,2026-02-05 13:07:30.910031
ATMN,25.13,25.13,25.15,380.0,1660500.0,1672000.0,7548.0,941.0,941.0,0,0,0,0,0,0,0,0,0,0,0,0,0,0,0,0,0,0,0,0,0,0,0,0,0,0,0,0,0,0,87,2026-02-05 13:07:30.910031
WNTR,24.45,24.28,24.34,11704.0,1974600.0,2286100.0,5435.0,,,0,0,0,0,0,0,0,0,0,0,0,0,0,0,0,0,0,0,0,0,0,0,0,0,0,0,0,0,0,0,87,2026-02-05 13:07:30.910031
SPNG,25.26,24.77,25.26,2348400.0,2103500.0,,,,0,0,0,0,0,0,0,0,0,0,0,0,0,0,0,0,0,0,0,0,0,0,0,0,0,0,0,0,0,0,0,88,2026-02-05 13:07:31.942333
SMMR,25.82,25.89,25.9,1838800.0,1799900.0,4544.0,1845.0,,0,0,0,0,0,0,0,0,0,0,0,0,0,0,0,0,0,0,0,0,0,0,0,0,0,0,0,0,0,0,0,88,2026-02-05 13:07:31.942333
ATMN,25.1,24.93,25.1,1558100.0,1875400.0,,941.0,941.0,0,0,0,0,0,0,0,0,0,0,0,0,0,0,0,0,0,0,0,0,0,0,0,0,0,0,0,0,0,0,0,88,2026-02-05 13:07:31.942333
WNTR,24.55,24.36,24.51,1974600.0,2224900.0,4544.0,1947.0,1947.0,0,0,0,0,0,0,0,0,0,0,0,0,0,0,0,0,0,0,0,0,0,0,0,0,0,0,0,0,0,0,0,88,2026-02-05 13:07:31.942333
SPNG,24.82,25.13,25.26,2255500.0,2796.0,2119900.0,,,,0,0,0,0,0,0,0,0,0,0,0,0,0,0,0,0,0,0,0,0,0,0,0,0,0,0,0,0,0,0,89,2026-02-05 13:07:32.980576
SMMR,25.76,25.84,25.85,1794400.0,5366.0,1711300.0,892.0,892.0,5366.0,0,0,0,0,0,0,0,0,0,0,0,0,0,0,0,0,0,0,0,0,0,0,0,0,0,0,0,0,0,0,89,2026-02-05 13:07:32.980576
ATMN,25.05,25.06,25.1,1669500.0,,1973500.0,1882.0,,,0,0,0,0,0,0,0,0,0,0,0,0,0,0,0,0,0,0,0,0,0,0,0,0,0,0,0,0,0,0,89,2026-02-05 13:07:32.980576
WNTR,24.56,24.56,24.57,2107200.0,11519.0,2179100.0,973.0,973.0,2598.0,0,0,0,0,0,0,0,0,0,0,0,0,0,0,0,0,0,0,0,0,0,0,0,0,0,0,0,0,0,0,89,2026-02-05 13:07:32.980576
SPNG,25.13,25.13,25.14,2255500.0,2796.0,2036300.0,4292.0,,,0,0,0,0,0,0,0,0,0,0,0,0,0,0,0,0,0,0,0,0,0,0,0,0,0,0,0,0,0,0,90,2026-02-05 13:07:34.016831
SMMR,25.76,25.78,25.83,1804100.0,6999.0,1617100.0,14699.0,892.0,892.0,0,0,0,0,0,0,0,0,0,0,0,0,0,0,0,0,0,0,0,0,0,0,0,0,0,0,0,0,0,0,90,2026-02-05 13:07:34.016831
ATMN,24.59,24.59,25.32,1249900.0,,1898700.0,,,1740.0,0,0,0,0,0,0,0,0,0,0,0,0,0,0,0,0,0,0,0,0,0,0,0,0,0,0,0,0,0,0,90,2026-02-05 13:07:34.016831
WNTR,24.57,24.37,24.41,1974600.0,14224.0,2070200.0,9573.0,876.0,876.0,0,0,0,0,0,0,0,0,0,0,0,0,0,0,0,0,0,0,0,0,0,0,0,0,0,0,0,0,0,0,90,2026-02-05 13:07:34.016831
SPNG,24.8,24.77,24.8,2314300.0,2166300.0,,,,0,0,0,0,0,0,0,0,0,0,0,0,0,0,0,0,0,0,0,0,0,0,0,0,0,0,0,0,0,0,0,91,2026-02-05 13:07:35.058235
SMMR,25.87,25.78,25.79,1773500.0,1822700.0,100.0,1785.0,779.0,0,0,0,0,0,0,0,0,0,0,0,0,0,0,0,0,0,0,0,0,0,0,0,0,0,0,0,0,0,0,0,91,2026-02-05 13:07:35.058235
ATMN,24.59,25.12,25.32,1357700.0,2006300.0,,,,0,0,0,0,0,0,0,0,0,0,0,0,0,0,0,0,0,0,0,0,0,0,0,0,0,0,0,0,0,0,0,91,2026-02-05 13:07:35.058235
WNTR,24.57,24.53,24.57,2244100.0,2411600.0,6883.0,1839.0,,0,0,0,0,0,0,0,0,0,0,0,0,0,0,0,0,0,0,0,0,0,0,0,0,0,0,0,0,0,0,0,91,2026-02-05 13:07:35.058235
SPNG,24.92,25.01,25.14,2358000.0,2137200.0,,,,,0,0,0,0,0,0,0,0,0,0,0,0,0,0,0,0,0,0,0,0,0,0,0,0,0,0,0,0,0,0,92,2026-02-05 13:07:36.155905
SMMR,25.87,25.78,25.79,1680400.0,1617100.0,9366.0,1963.0,10045.0,1963.0,0,0,0,0,0,0,0,0,0,0,0,0,0,0,0,0,0,0,0,0,0,0,0,0,0,0,0,0,0,0,92,2026-02-05 13:07:36.155905
ATMN,25.12,24.59,24.88,1249900.0,1917300.0,,,3932.0,,0,0,0,0,0,0,0,0,0,0,0,0,0,0,0,0,0,0,0,0,0,0,0,0,0,0,0,0,0,0,92,2026-02-05 13:07:36.155905
WNTR,24.52,24.45,24.47,2113000.0,2047900.0,,1839.0,9266.0,3678.0,0,0,0,0,0,0,0,0,0,0,0,0,0,0,0,0,0,0,0,0,0,0,0,0,0,0,0,0,0,0,92,2026-02-05 13:07:36.155905
SPNG,24.84,24.87,25.14,920.0,2241500.0,2018500.0,920.0,,0,0,0,0,0,0,0,0,0,0,0,0,0,0,0,0,0,0,0,0,0,0,0,0,0,0,0,0,0,0,0,93,2026-02-05 13:07:36.716978
SMMR,25.81,25.84,25.87,1963.0,1879400.0,1934400.0,,,0,0,0,0,0,0,0,0,0,0,0,0,0,0,0,0,0,0,0,0,0,0,0,0,0,0,0,0,0,0,0,93,2026-02-05 13:07:36.716978
ATMN,24.88,24.59,24.88,,1332700.0,1828900.0,,12423.0,0,0,0,0,0,0,0,0,0,0,0,0,0,0,0,0,0,0,0,0,0,0,0,0,0,0,0,0,0,0,0,93,2026-02-05 13:07:36.716978
WNTR,24.45,24.32,24.43,919.0,2266300.0,2190400.0,919.0,9266.0,0,0,0,0,0,0,0,0,0,0,0,0,0,0,0,0,0,0,0,0,0,0,0,0,0,0,0,0,0,0,0,93,2026-02-05 13:07:36.716978
SPNG,25.02,24.95,25.0,100.0,2122600.0,460.0,2097300.0,1400.0,,0,0,0,0,0,0,0,0,0,0,0,0,0,0,0,0,0,0,0,0,0,0,0,0,0,0,0,0,0,0,94,2026-02-05 13:07:37.791369
SMMR,25.76,25.84,25.86,,1885600.0,1839.0,1728800.0,7071.0,1839.0,0,0,0,0,0,0,0,0,0,0,0,0,0,0,0,0,0,0,0,0,0,0,0,0,0,0,0,0,0,0,94,2026-02-05 13:07:37.791369
ATMN,25.32,24.78,25.32,1363.0,1656700.0,,2006300.0,,,0,0,0,0,0,0,0,0,0,0,0,0,0,0,0,0,0,0,0,0,0,0,0,0,0,0,0,0,0,0,94,2026-02-05 13:07:37.791369
WNTR,24.43,24.39,24.43,7071.0,2250400.0,1976.0,2190400.0,9266.0,1976.0,0,0,0,0,0,0,0,0,0,0,0,0,0,0,0,0,0,0,0,0,0,0,0,0,0,0,0,0,0,0,94,2026-02-05 13:07:37.791369
SPNG,25.02,24.96,24.99,5600.0,2097800.0,920.0,100.0,2005300.0,920.0,0,0,0,0,0,0,0,0,0,0,0,0,0,0,0,0,0,0,0,0,0,0,0,0,0,0,0,0,0,0,95,2026-02-05 13:07:38.844583
SMMR,25.83,25.78,25.82,,1893600.0,1976.0,2436.0,1746000.0,1976.0,0,0,0,0,0,0,0,0,0,0,0,0,0,0,0,0,0,0,0,0,0,0,0,0,0,0,0,0,0,0,95,2026-02-05 13:07:38.844583
ATMN,25.17,24.93,25.17,7797.0,1656700.0,,1098.0,1891200.0,,0,0,0,0,0,0,0,0,0,0,0,0,0,0,0,0,0,0,0,0,0,0,0,0,0,0,0,0,0,0,95,2026-02-05 13:07:38.844583
WNTR,24.43,24.4,24.42,7253.0,2193300.0,1976.0,2410.0,2190400.0,1976.0,0,0,0,0,0,0,0,0,0,0,0,0,0,0,0,0,0,0,0,0,0,0,0,0,0,0,0,0,0,0,95,2026-02-05 13:07:38.844583
SPNG,24.93,24.93,25.05,2224900.0,460.0,2055400.0,460.0,,,0,0,0,0,0,0,0,0,0,0,0,0,0,0,0,0,0,0,0,0,0,0,0,0,0,0,0,0,0,0,96,2026-02-05 13:07:39.910521
SMMR,25.83,25.78,25.82,1889400.0,988.0,1746000.0,988.0,2436.0,,0,0,0,0,0,0,0,0,0,0,0,0,0,0,0,0,0,0,0,0,0,0,0,0,0,0,0,0,0,0,96,2026-02-05 13:07:39.910521
ATMN,25.32,24.78,25.32,1656700.0,,2006300.0,,,,0,0,0,0,0,0,0,0,0,0,0,0,0,0,0,0,0,0,0,0,0,0,0,0,0,0,0,0,0,0,96,2026-02-05 13:07:39.910521
WNTR,24.56,24.4,24.46,2249500.0,,2436900.0,,,13277.0,0,0,0,0,0,0,0,0,0,0,0,0,0,0,0,0,0,0,0,0,0,0,0,0,0,0,0,0,0,0,96,2026-02-05 13:07:39.910521
SPNG,25.14,24.84,25.14,2241500.0,920.0,2018500.0,920.0,,,0,0,0,0,0,0,0,0,0,0,0,0,0,0,0,0,0,0,0,0,0,0,0,0,0,0,0,0,0,0,97,2026-02-05 13:07:40.960926
SMMR,25.78,25.78,25.84,1889400.0,,1851300.0,962.0,7583.0,,0,0,0,0,0,0,0,0,0,0,0,0,0,0,0,0,0,0,0,0,0,0,0,0,0,0,0,0,0,0,97,2026-02-05 13:07:40.960926
ATMN,25.32,25.08,25.15,1840300.0,,1901400.0,,6066.0,6066.0,0,0,0,0,0,0,0,0,0,0,0,0,0,0,0,0,0,0,0,0,0,0,0,0,0,0,0,0,0,0,97,2026-02-05 13:07:40.960926
WNTR,24.57,24.49,24.57,2157400.0,913.0,2184800.0,913.0,13277.0,3242.0,0,0,0,0,0,0,0,0,0,0,0,0,0,0,0,0,0,0,0,0,0,0,0,0,0,0,0,0,0,0,97,2026-02-05 13:07:40.960926
SPNG,25.14,24.84,24.97,2241500.0,920.0,1975200.0,100.0,920.0,,0,0,0,0,0,0,0,0,0,0,0,0,0,0,0,0,0,0,0,0,0,0,0,0,0,0,0,0,0,0,98,2026-02-05 13:07:42.019534
SMMR,25.92,25.88,25.92,1770800.0,1978.0,1954800.0,,,9333.0,0,0,0,0,0,0,0,0,0,0,0,0,0,0,0,0,0,0,0,0,0,0,0,0,0,0,0,0,0,0,98,2026-02-05 13:07:42.019534
ATMN,25.1,25.01,25.09,1832600.0,957.0,1800400.0,824.0,957.0,,0,0,0,0,0,0,0,0,0,0,0,0,0,0,0,0,0,0,0,0,0,0,0,0,0,0,0,0,0,0,98,2026-02-05 13:07:42.019534
WNTR,24.57,24.5,24.55,2273500.0,1826.0,2184800.0,9481.0,1826.0,5000.0,0,0,0,0,0,0,0,0,0,0,0,0,0,0,0,0,0,0,0,0,0,0,0,0,0,0,0,0,0,0,98,2026-02-05 13:07:42.019534
SPNG,24.71,24.71,25.14,2336900.0,2018500.0,1841.0,,0,0,0,0,0,0,0,0,0,0,0,0,0,0,0,0,0,0,0,0,0,0,0,0,0,0,0,0,0,0,0,0,99,2026-02-05 13:07:43.084482
SMMR,25.92,25.89,25.92,1870300.0,1848400.0,1823.0,1823.0,0,0,0,0,0,0,0,0,0,0,0,0,0,0,0,0,0,0,0,0,0,0,0,0,0,0,0,0,0,0,0,0,99,2026-02-05 13:07:43.084482
ATMN,24.95,25.01,25.09,1826400.0,1987000.0,,478.0,0,0,0,0,0,0,0,0,0,0,0,0,0,0,0,0,0,0,0,0,0,0,0,0,0,0,0,0,0,0,0,0,99,2026-02-05 13:07:43.084482
WNTR,24.55,24.55,24.57,2407700.0,2292700.0,1826.0,1826.0,0,0,0,0,0,0,0,0,0,0,0,0,0,0,0,0,0,0,0,0,0,0,0,0,0,0,0,0,0,0,0,0,99,2026-02-05 13:07:43.084482
SPNG,25.14,24.71,25.14,2336900.0,2142800.0,,,0,0,0,0,0,0,0,0,0,0,0,0,0,0,0,0,0,0,0,0,0,0,0,0,0,0,0,0,0,0,0,0,100,2026-02-05 13:07:44.142351
SMMR,25.93,25.92,25.93,1892400.0,1847200.0,911.0,911.0,0,0,0,0,0,0,0,0,0,0,0,0,0,0,0,0,0,0,0,0,0,0,0,0,0,0,0,0,0,0,0,0,100,2026-02-05 13:07:44.142351
ATMN,25.14,25.01,25.14,1972800.0,1895700.0,957.0,957.0,0,0,0,0,0,0,0,0,0,0,0,0,0,0,0,0,0,0,0,0,0,0,0,0,0,0,0,0,0,0,0,0,100,2026-02-05 13:07:44.142351
WNTR,24.39,24.39,24.58,2396400.0,2299600.0,1826.0,1826.0,0,0,0,0,0,0,0,0,0,0,0,0,0,0,0,0,0,0,0,0,0,0,0,0,0,0,0,0,0,0,0,0,100,2026-02-05 13:07:44.142351
SPNG,24.67,24.68,24.75,888.0,2212400.0,2041000.0,888.0,0,0,0,0,0,0,0,0,0,0,0,0,0,0,0,0,0,0,0,0,0,0,0,0,0,0,0,0,0,0,0,0,101,2026-02-05 13:07:45.191909
SMMR,25.93,25.93,25.94,,1962800.0,1841500.0,1823.0,0,0,0,0,0,0,0,0,0,0,0,0,0,0,0,0,0,0,0,0,0,0,0,0,0,0,0,0,0,0,0,0,101,2026-02-05 13:07:45.191909
ATMN,25.32,25.32,25.41,957.0,1939400.0,2006900.0,,0,0,0,0,0,0,0,0,0,0,0,0,0,0,0,0,0,0,0,0,0,0,0,0,0,0,0,0,0,0,0,0,101,2026-02-05 13:07:45.191909
WNTR,24.59,24.46,24.54,913.0,2443300.0,2275200.0,913.0,0,0,0,0,0,0,0,0,0,0,0,0,0,0,0,0,0,0,0,0,0,0,0,0,0,0,0,0,0,0,0,0,101,2026-02-05 13:07:45.191909
SPNG,24.67,24.74,24.75,2153900.0,888.0,2041000.0,888.0,0,0,0,0,0,0,0,0,0,0,0,0,0,0,0,0,0,0,0,0,0,0,0,0,0,0,0,0,0,0,0,0,102,2026-02-05 13:07:46.246555
SMMR,25.91,25.91,25.94,1976800.0,,1847500.0,1806.0,0,0,0,0,0,0,0,0,0,0,0,0,0,0,0,0,0,0,0,0,0,0,0,0,0,0,0,0,0,0,0,0,102,2026-02-05 13:07:46.246555
ATMN,25.32,25.01,25.08,2089200.0,,2017200.0,,0,0,0,0,0,0,0,0,0,0,0,0,0,0,0,0,0,0,0,0,0,0,0,0,0,0,0,0,0,0,0,0,102,2026-02-05 13:07:46.246555
WNTR,24.6,24.45,24.6,2410000.0,913.0,2272200.0,913.0,0,0,0,0,0,0,0,0,0,0,0,0,0,0,0,0,0,0,0,0,0,0,0,0,0,0,0,0,0,0,0,0,102,2026-02-05 13:07:46.246555
SPNG,24.75,24.92,25.26,2171700.0,1777.0,2140000.0,,0,0,0,0,0,0,0,0,0,0,0,0,0,0,0,0,0,0,0,0,0,0,0,0,0,0,0,0,0,0,0,0,103,2026-02-05 13:07:46.806990
SMMR,25.94,25.91,25.94,1976800.0,,1847500.0,1806.0,0,0,0,0,0,0,0,0,0,0,0,0,0,0,0,0,0,0,0,0,0,0,0,0,0,0,0,0,0,0,0,0,103,2026-02-05 13:07:46.806990
ATMN,25.32,25.01,25.08,2056000.0,,2017200.0,,0,0,0,0,0,0,0,0,0,0,0,0,0,0,0,0,0,0,0,0,0,0,0,0,0,0,0,0,0,0,0,0,103,2026-02-05 13:07:46.806990
WNTR,24.6,24.49,24.6,2410000.0,1826.0,2275400.0,1826.0,0,0,0,0,0,0,0,0,0,0,0,0,0,0,0,0,0,0,0,0,0,0,0,0,0,0,0,0,0,0,0,0,103,2026-02-05 13:07:46.806990
SPNG,24.92,24.92,24.99,2187800.0,1955.0,2049600.0,1955.0,0,0,0,0,0,0,0,0,0,0,0,0,0,0,0,0,0,0,0,0,0,0,0,0,0,0,0,0,0,0,0,0,104,2026-02-05 13:07:47.858311
SMMR,25.88,25.88,25.94,1887500.0,1814.0,1957100.0,,0,0,0,0,0,0,0,0,0,0,0,0,0,0,0,0,0,0,0,0,0,0,0,0,0,0,0,0,0,0,0,0,104,2026-02-05 13:07:47.858311
ATMN,25.08,25.12,25.28,2074400.0,,1983100.0,,0,0,0,0,0,0,0,0,0,0,0,0,0,0,0,0,0,0,0,0,0,0,0,0,0,0,0,0,0,0,0,0,104,2026-02-05 13:07:47.858311
WNTR,24.6,24.49,24.57,2434100.0,913.0,2345300.0,913.0,0,0,0,0,0,0,0,0,0,0,0,0,0,0,0,0,0,0,0,0,0,0,0,0,0,0,0,0,0,0,0,0,104,2026-02-05 13:07:47.858311
SPNG,24.99,24.92,24.99,2187800.0,1955.0,2049600.0,1955.0,0,0,0,0,0,0,0,0,0,0,0,0,0,0,0,0,0,0,0,0,0,0,0,0,0,0,0,0,0,0,0,0,105,2026-02-05 13:07:48.911969
SMMR,25.95,25.88,25.95,1860300.0,1996.0,1879000.0,1996.0,0,0,0,0,0,0,0,0,0,0,0,0,0,0,0,0,0,0,0,0,0,0,0,0,0,0,0,0,0,0,0,0,105,2026-02-05 13:07:48.911969
ATMN,25.08,25.12,25.19,1944700.0,454.0,1969700.0,,0,0,0,0,0,0,0,0,0,0,0,0,0,0,0,0,0,0,0,0,0,0,0,0,0,0,0,0,0,0,0,0,105,2026-02-05 13:07:48.911969
WNTR,24.49,24.48,24.49,2439500.0,913.0,2339800.0,913.0,0,0,0,0,0,0,0,0,0,0,0,0,0,0,0,0,0,0,0,0,0,0,0,0,0,0,0,0,0,0,0,0,105,2026-02-05 13:07:48.911969
SPNG,24.92,24.92,24.97,2264400.0,2116800.0,449.0,,0,0,0,0,0,0,0,0,0,0,0,0,0,0,0,0,0,0,0,0,0,0,0,0,0,0,0,0,0,0,0,0,106,2026-02-05 13:07:49.980960
SMMR,25.95,25.88,25.95,1940300.0,1879000.0,40.0,,0,0,0,0,0,0,0,0,0,0,0,0,0,0,0,0,0,0,0,0,0,0,0,0,0,0,0,0,0,0,0,0,106,2026-02-05 13:07:49.980960
ATMN,24.96,25.12,25.19,1996700.0,1969700.0,,1810.0,0,0,0,0,0,0,0,0,0,0,0,0,0,0,0,0,0,0,0,0,0,0,0,0,0,0,0,0,0,0,0,0,106,2026-02-05 13:07:49.980960
WNTR,24.57,24.54,24.57,2440400.0,2442600.0,,825.0,0,0,0,0,0,0,0,0,0,0,0,0,0,0,0,0,0,0,0,0,0,0,0,0,0,0,0,0,0,0,0,0,106,2026-02-05 13:07:49.980960
SPNG,24.78,24.78,24.97,2314500.0,2116800.0,449.0,,0,0,0,0,0,0,0,0,0,0,0,0,0,0,0,0,0,0,0,0,0,0,0,0,0,0,0,0,0,0,0,0,107,2026-02-05 13:07:51.023123
SMMR,25.87,25.87,25.95,1940500.0,1911500.0,40.0,,0,0,0,0,0,0,0,0,0,0,0,0,0,0,0,0,0,0,0,0,0,0,0,0,0,0,0,0,0,0,0,0,107,2026-02-05 13:07:51.023123
ATMN,24.95,24.95,25.03,2032500.0,1948000.0,,1000.0,0,0,0,0,0,0,0,0,0,0,0,0,0,0,0,0,0,0,0,0,0,0,0,0,0,0,0,0,0,0,0,0,107,2026-02-05 13:07:51.023123
WNTR,24.54,24.54,24.59,2416100.0,2413700.0,,825.0,0,0,0,0,0,0,0,0,0,0,0,0,0,0,0,0,0,0,0,0,0,0,0,0,0,0,0,0,0,0,0,0,107,2026-02-05 13:07:51.023123
SPNG,24.74,24.74,25.05,2288900.0,2000.0,2042000.0,,0,0,0,0,0,0,0,0,0,0,0,0,0,0,0,0,0,0,0,0,0,0,0,0,0,0,0,0,0,0,0,0,108,2026-02-05 13:07:52.060035
SMMR,25.95,25.91,25.95,1925600.0,40.0,1890800.0,,0,0,0,0,0,0,0,0,0,0,0,0,0,0,0,0,0,0,0,0,0,0,0,0,0,0,0,0,0,0,0,0,108,2026-02-05 13:07:52.060035
ATMN,24.85,24.92,25.01,2050400.0,1000.0,1852900.0,1000.0,0,0,0,0,0,0,0,0,0,0,0,0,0,0,0,0,0,0,0,0,0,0,0,0,0,0,0,0,0,0,0,0,108,2026-02-05 13:07:52.060035
WNTR,24.52,24.56,24.59,2393100.0,,2413700.0,825.0,0,0,0,0,0,0,0,0,0,0,0,0,0,0,0,0,0,0,0,0,0,0,0,0,0,0,0,0,0,0,0,0,108,2026-02-05 13:07:52.060035
SPNG,24.74,24.85,25.05,2299600.0,2000.0,2049300.0,,0,0,0,0,0,0,0,0,0,0,0,0,0,0,0,0,0,0,0,0,0,0,0,0,0,0,0,0,0,0,0,0,109,2026-02-05 13:07:53.094991
SMMR,25.95,25.91,25.92,1942300.0,40.0,1889900.0,,0,0,0,0,0,0,0,0,0,0,0,0,0,0,0,0,0,0,0,0,0,0,0,0,0,0,0,0,0,0,0,0,109,2026-02-05 13:07:53.094991
ATMN,25.03,24.92,25.03,1991300.0,2000.0,1824100.0,2000.0,0,0,0,0,0,0,0,0,0,0,0,0,0,0,0,0,0,0,0,0,0,0,0,0,0,0,0,0,0,0,0,0,109,2026-02-05 13:07:53.094991
WNTR,24.6,24.6,24.63,2394200.0,2000.0,2261400.0,2000.0,0,0,0,0,0,0,0,0,0,0,0,0,0,0,0,0,0,0,0,0,0,0,0,0,0,0,0,0,0,0,0,0,109,2026-02-05 13:07:53.094991
SPNG,25.16,24.71,25.05,2299200.0,2000.0,2047800.0,,0,0,0,0,0,0,0,0,0,0,0,0,0,0,0,0,0,0,0,0,0,0,0,0,0,0,0,0,0,0,0,0,110,2026-02-05 13:07:54.138996
SMMR,25.95,25.91,25.95,1942800.0,,1984000.0,,0,0,0,0,0,0,0,0,0,0,0,0,0,0,0,0,0,0,0,0,0,0,0,0,0,0,0,0,0,0,0,0,110,2026-02-05 13:07:54.138996
ATMN,25.03,25.06,25.15,1941800.0,,1931500.0,1000.0,0,0,0,0,0,0,0,0,0,0,0,0,0,0,0,0,0,0,0,0,0,0,0,0,0,0,0,0,0,0,0,0,110,2026-02-05 13:07:54.138996
WNTR,24.66,24.57,24.66,2363600.0,2000.0,2260500.0,2000.0,0,0,0,0,0,0,0,0,0,0,0,0,0,0,0,0,0,0,0,0,0,0,0,0,0,0,0,0,0,0,0,0,110,2026-02-05 13:07:54.138996
SPNG,25.16,24.71,25.05,2338600.0,2000.0,2031100.0,,0,0,0,0,0,0,0,0,0,0,0,0,0,0,0,0,0,0,0,0,0,0,0,0,0,0,0,0,0,0,0,0,111,2026-02-05 13:07:55.177398
SMMR,25.85,25.85,25.97,1913200.0,2000.0,1874700.0,,0,0,0,0,0,0,0,0,0,0,0,0,0,0,0,0,0,0,0,0,0,0,0,0,0,0,0,0,0,0,0,0,111,2026-02-05 13:07:55.177398
ATMN,25.13,25.03,25.13,1981300.0,2000.0,1857600.0,2000.0,0,0,0,0,0,0,0,0,0,0,0,0,0,0,0,0,0,0,0,0,0,0,0,0,0,0,0,0,0,0,0,0,111,2026-02-05 13:07:55.177398
WNTR,24.69,24.57,24.69,2363600.0,,2378900.0,2000.0,0,0,0,0,0,0,0,0,0,0,0,0,0,0,0,0,0,0,0,0,0,0,0,0,0,0,0,0,0,0,0,0,111,2026-02-05 13:07:55.177398
SPNG,25.04,25.04,25.05,2330200.0,2000.0,2031100.0,,0,0,0,0,0,0,0,0,0,0,0,0,0,0,0,0,0,0,0,0,0,0,0,0,0,0,0,0,0,0,0,0,112,2026-02-05 13:07:56.220252
SMMR,25.96,25.85,25.86,1902600.0,2000.0,1870100.0,,0,0,0,0,0,0,0,0,0,0,0,0,0,0,0,0,0,0,0,0,0,0,0,0,0,0,0,0,0,0,0,0,112,2026-02-05 13:07:56.220252
ATMN,25.15,25.03,25.15,1941100.0,2000.0,1829400.0,2000.0,0,0,0,0,0,0,0,0,0,0,0,0,0,0,0,0,0,0,0,0,0,0,0,0,0,0,0,0,0,0,0,0,112,2026-02-05 13:07:56.220252
WNTR,24.7,24.59,24.7,2363600.0,,2359400.0,2000.0,0,0,0,0,0,0,0,0,0,0,0,0,0,0,0,0,0,0,0,0,0,0,0,0,0,0,0,0,0,0,0,0,112,2026-02-05 13:07:56.220252
SPNG,25.04,25.04,25.05,2330200.0,2000.0,1998200.0,,0,0,0,0,0,0,0,0,0,0,0,0,0,0,0,0,0,0,0,0,0,0,0,0,0,0,0,0,0,0,0,0,113,2026-02-05 13:07:57.273495
SMMR,26.04,25.92,26.04,1818600.0,,1975000.0,1000.0,0,0,0,0,0,0,0,0,0,0,0,0,0,0,0,0,0,0,0,0,0,0,0,0,0,0,0,0,0,0,0,0,113,2026-02-05 13:07:57.273495
ATMN,25.03,25.03,25.19,1941100.0,2000.0,1816700.0,2000.0,0,0,0,0,0,0,0,0,0,0,0,0,0,0,0,0,0,0,0,0,0,0,0,0,0,0,0,0,0,0,0,0,113,2026-02-05 13:07:57.273495
WNTR,24.7,24.59,24.66,2334900.0,,2340900.0,4000.0,0,0,0,0,0,0,0,0,0,0,0,0,0,0,0,0,0,0,0,0,0,0,0,0,0,0,0,0,0,0,0,0,113,2026-02-05 13:07:57.273495
SPNG,25.16,24.79,25.16,2328700.0,2113900.0,,,0,0,0,0,0,0,0,0,0,0,0,0,0,0,0,0,0,0,0,0,0,0,0,0,0,0,0,0,0,0,0,0,114,2026-02-05 13:07:57.832320
SMMR,26.04,25.85,26.04,1905100.0,1996100.0,,,0,0,0,0,0,0,0,0,0,0,0,0,0,0,0,0,0,0,0,0,0,0,0,0,0,0,0,0,0,0,0,0,114,2026-02-05 13:07:57.832320
ATMN,24.92,24.97,25.19,1958800.0,1819000.0,2000.0,2000.0,0,0,0,0,0,0,0,0,0,0,0,0,0,0,0,0,0,0,0,0,0,0,0,0,0,0,0,0,0,0,0,0,114,2026-02-05 13:07:57.832320
WNTR,24.7,24.59,24.62,2334900.0,2325600.0,4000.0,,0,0,0,0,0,0,0,0,0,0,0,0,0,0,0,0,0,0,0,0,0,0,0,0,0,0,0,0,0,0,0,0,114,2026-02-05 13:07:57.832320
SPNG,24.71,24.82,25.03,2000.0,2226200.0,2000.0,2024600.0,0,0,0,0,0,0,0,0,0,0,0,0,0,0,0,0,0,0,0,0,0,0,0,0,0,0,0,0,0,0,0,0,115,2026-02-05 13:07:58.903681
SMMR,26.03,25.85,26.03,,1905100.0,,2007100.0,0,0,0,0,0,0,0,0,0,0,0,0,0,0,0,0,0,0,0,0,0,0,0,0,0,0,0,0,0,0,0,0,115,2026-02-05 13:07:58.903681
ATMN,25.19,25.2,25.21,1000.0,1925900.0,1000.0,1829300.0,0,0,0,0,0,0,0,0,0,0,0,0,0,0,0,0,0,0,0,0,0,0,0,0,0,0,0,0,0,0,0,0,115,2026-02-05 13:07:58.903681
WNTR,24.62,24.64,24.66,4000.0,2359500.0,,2336500.0,0,0,0,0,0,0,0,0,0,0,0,0,0,0,0,0,0,0,0,0,0,0,0,0,0,0,0,0,0,0,0,0,115,2026-02-05 13:07:58.903681
SPNG,24.7,24.7,24.97,2334400.0,2008300.0,398.0,,0,0,0,0,0,0,0,0,0,0,0,0,0,0,0,0,0,0,0,0,0,0,0,0,0,0,0,0,0,0,0,0,116,2026-02-05 13:07:59.940525
SMMR,26.03,25.91,25.93,1792000.0,1907300.0,2000.0,2000.0,0,0,0,0,0,0,0,0,0,0,0,0,0,0,0,0,0,0,0,0,0,0,0,0,0,0,0,0,0,0,0,0,116,2026-02-05 13:07:59.940525
ATMN,25.2,25.2,25.28,1925900.0,1831700.0,2000.0,2000.0,0,0,0,0,0,0,0,0,0,0,0,0,0,0,0,0,0,0,0,0,0,0,0,0,0,0,0,0,0,0,0,0,116,2026-02-05 13:07:59.940525
WNTR,24.62,24.64,24.66,2359500.0,2370900.0,,4000.0,0,0,0,0,0,0,0,0,0,0,0,0,0,0,0,0,0,0,0,0,0,0,0,0,0,0,0,0,0,0,0,0,116,2026-02-05 13:07:59.940525
SPNG,24.97,24.97,25.1,2357800.0,2121300.0,,,,0,0,0,0,0,0,0,0,0,0,0,0,0,0,0,0,0,0,0,0,0,0,0,0,0,0,0,0,0,0,0,117,2026-02-05 13:08:00.978572
SMMR,25.85,25.85,25.93,1889500.0,1907300.0,1000.0,,,0,0,0,0,0,0,0,0,0,0,0,0,0,0,0,0,0,0,0,0,0,0,0,0,0,0,0,0,0,0,0,117,2026-02-05 13:08:00.978572
ATMN,25.29,25.0,25.25,1934800.0,1855700.0,2000.0,2000.0,,0,0,0,0,0,0,0,0,0,0,0,0,0,0,0,0,0,0,0,0,0,0,0,0,0,0,0,0,0,0,0,117,2026-02-05 13:08:00.978572
WNTR,24.62,24.65,24.66,2214700.0,2354400.0,,4000.0,1000.0,0,0,0,0,0,0,0,0,0,0,0,0,0,0,0,0,0,0,0,0,0,0,0,0,0,0,0,0,0,0,0,117,2026-02-05 13:08:00.978572
SPNG,25.08,24.97,25.08,2357800.0,2166100.0,,0,0,0,0,0,0,0,0,0,0,0,0,0,0,0,0,0,0,0,0,0,0,0,0,0,0,0,0,0,0,0,0,0,118,2026-02-05 13:08:02.010724
SMMR,25.92,25.85,25.92,1889500.0,1972900.0,,0,0,0,0,0,0,0,0,0,0,0,0,0,0,0,0,0,0,0,0,0,0,0,0,0,0,0,0,0,0,0,0,0,118,2026-02-05 13:08:02.010724
ATMN,24.79,24.79,25.08,2173200.0,1854100.0,2000.0,0,0,0,0,0,0,0,0,0,0,0,0,0,0,0,0,0,0,0,0,0,0,0,0,0,0,0,0,0,0,0,0,0,118,2026-02-05 13:08:02.010724
WNTR,24.52,24.52,24.56,2512800.0,2346300.0,,0,0,0,0,0,0,0,0,0,0,0,0,0,0,0,0,0,0,0,0,0,0,0,0,0,0,0,0,0,0,0,0,0,118,2026-02-05 13:08:02.010724
SPNG,24.8,24.8,25.03,2359400.0,2175700.0,0,0,0,0,0,0,0,0,0,0,0,0,0,0,0,0,0,0,0,0,0,0,0,0,0,0,0,0,0,0,0,0,0,0,119,2026-02-05 13:08:03.046861
SMMR,25.83,25.96,26.04,1917600.0,1987500.0,0,0,0,0,0,0,0,0,0,0,0,0,0,0,0,0,0,0,0,0,0,0,0,0,0,0,0,0,0,0,0,0,0,0,119,2026-02-05 13:08:03.046861
ATMN,24.79,24.8,25.08,2094100.0,1962700.0,0,0,0,0,0,0,0,0,0,0,0,0,0,0,0,0,0,0,0,0,0,0,0,0,0,0,0,0,0,0,0,0,0,0,119,2026-02-05 13:08:03.046861
WNTR,24.52,24.52,24.55,2512800.0,2425400.0,0,0,0,0,0,0,0,0,0,0,0,0,0,0,0,0,0,0,0,0,0,0,0,0,0,0,0,0,0,0,0,0,0,0,119,2026-02-05 13:08:03.046861
SPNG,24.7,26.96,0.0,200000.0,,0,0,0,0,0,0,0,0,0,0,0,0,0,0,0,0,0,0,0,0,0,0,0,0,0,0,0,0,0,0,0,0,0,0,120,2026-02-05 13:08:04.080863
SMMR,26.14,26.14,26.5,850300.0,684400.0,0,0,0,0,0,0,0,0,0,0,0,0,0,0,0,0,0,0,0,0,0,0,0,0,0,0,0,0,0,0,0,0,0,0,120,2026-02-05 13:08:04.080863
ATMN,25.38,26.16,0.0,200000.0,,0,0,0,0,0,0,0,0,0,0,0,0,0,0,0,0,0,0,0,0,0,0,0,0,0,0,0,0,0,0,0,0,0,0,120,2026-02-05 13:08:04.080863
WNTR,25.15,24.79,25.1,758100.0,809200.0,0,0,0,0,0,0,0,0,0,0,0,0,0,0,0,0,0,0,0,0,0,0,0,0,0,0,0,0,0,0,0,0,0,0,120,2026-02-05 13:08:04.080863
SPNG,26.96,26.5,26.87,1000.0,863500.0,926000.0,1000.0,0,0,0,0,0,0,0,0,0,0,0,0,0,0,0,0,0,0,0,0,0,0,0,0,0,0,0,0,0,0,0,0,121,2026-02-05 13:08:05.113650
SMMR,26.14,26.16,26.3,2000.0,846700.0,879500.0,2000.0,0,0,0,0,0,0,0,0,0,0,0,0,0,0,0,0,0,0,0,0,0,0,0,0,0,0,0,0,0,0,0,0,121,2026-02-05 13:08:05.113650
ATMN,26.09,26.45,26.7,1000.0,860500.0,805400.0,,0,0,0,0,0,0,0,0,0,0,0,0,0,0,0,0,0,0,0,0,0,0,0,0,0,0,0,0,0,0,0,0,121,2026-02-05 13:08:05.113650
WNTR,25.15,24.79,25.1,,1238100.0,918500.0,,0,0,0,0,0,0,0,0,0,0,0,0,0,0,0,0,0,0,0,0,0,0,0,0,0,0,0,0,0,0,0,0,121,2026-02-05 13:08:05.113650
SPNG,26.96,26.59,26.79,1203800.0,5600.0,100.0,926000.0,,,0,0,0,0,0,0,0,0,0,0,0,0,0,0,0,0,0,0,0,0,0,0,0,0,0,0,0,0,0,0,122,2026-02-05 13:08:06.153042
SMMR,25.88,25.6,25.78,937400.0,,9333.0,1055500.0,,,0,0,0,0,0,0,0,0,0,0,0,0,0,0,0,0,0,0,0,0,0,0,0,0,0,0,0,0,0,0,122,2026-02-05 13:08:06.153042
ATMN,26.09,26.51,26.53,860500.0,6532.0,6532.0,1072600.0,500.0,500.0,0,0,0,0,0,0,0,0,0,0,0,0,0,0,0,0,0,0,0,0,0,0,0,0,0,0,0,0,0,0,122,2026-02-05 13:08:06.153042
WNTR,25.01,24.91,25.01,1377200.0,10000.0,,1029700.0,,1000.0,0,0,0,0,0,0,0,0,0,0,0,0,0,0,0,0,0,0,0,0,0,0,0,0,0,0,0,0,0,0,122,2026-02-05 13:08:06.153042
SPNG,26.86,26.63,27.0,5700.0,1203800.0,916700.0,,0,0,0,0,0,0,0,0,0,0,0,0,0,0,0,0,0,0,0,0,0,0,0,0,0,0,0,0,0,0,0,0,123,2026-02-05 13:08:07.192908
SMMR,26.27,26.28,26.3,3788.0,1153000.0,1056800.0,3872.0,0,0,0,0,0,0,0,0,0,0,0,0,0,0,0,0,0,0,0,0,0,0,0,0,0,0,0,0,0,0,0,0,123,2026-02-05 13:08:07.192908
ATMN,25.79,25.79,25.86,5199.0,1013700.0,1161500.0,10277.0,0,0,0,0,0,0,0,0,0,0,0,0,0,0,0,0,0,0,0,0,0,0,0,0,0,0,0,0,0,0,0,0,123,2026-02-05 13:08:07.192908
WNTR,24.91,25.01,25.38,15609.0,1513600.0,1044400.0,5609.0,0,0,0,0,0,0,0,0,0,0,0,0,0,0,0,0,0,0,0,0,0,0,0,0,0,0,0,0,0,0,0,0,123,2026-02-05 13:08:07.192908
SPNG,26.86,26.82,26.96,1298700.0,1000.0,1121900.0,1000.0,,,0,0,0,0,0,0,0,0,0,0,0,0,0,0,0,0,0,0,0,0,0,0,0,0,0,0,0,0,0,0,124,2026-02-05 13:08:08.232645
SMMR,26.07,26.06,26.07,1242200.0,,1152900.0,,5499.0,,0,0,0,0,0,0,0,0,0,0,0,0,0,0,0,0,0,0,0,0,0,0,0,0,0,0,0,0,0,0,124,2026-02-05 13:08:08.232645
ATMN,25.86,25.8,25.86,1212600.0,,1161500.0,,,100.0,0,0,0,0,0,0,0,0,0,0,0,0,0,0,0,0,0,0,0,0,0,0,0,0,0,0,0,0,0,0,124,2026-02-05 13:08:08.232645
WNTR,25.22,25.22,25.34,1648600.0,,1412800.0,,,3221.0,0,0,0,0,0,0,0,0,0,0,0,0,0,0,0,0,0,0,0,0,0,0,0,0,0,0,0,0,0,0,124,2026-02-05 13:08:08.232645
SPNG,27.0,26.68,27.0,5323.0,1316000.0,500.0,1116200.0,,,0,0,0,0,0,0,0,0,0,0,0,0,0,0,0,0,0,0,0,0,0,0,0,0,0,0,0,0,0,0,125,2026-02-05 13:08:09.274480
SMMR,26.13,26.18,26.28,6919.0,1431000.0,,1050600.0,4611.0,,0,0,0,0,0,0,0,0,0,0,0,0,0,0,0,0,0,0,0,0,0,0,0,0,0,0,0,0,0,0,125,2026-02-05 13:08:09.274480
ATMN,25.86,26.21,26.35,5423.0,1301700.0,,1174600.0,5323.0,,0,0,0,0,0,0,0,0,0,0,0,0,0,0,0,0,0,0,0,0,0,0,0,0,0,0,0,0,0,0,125,2026-02-05 13:08:09.274480
WNTR,25.22,25.25,25.34,10140.0,1648600.0,855.0,1611800.0,,855.0,0,0,0,0,0,0,0,0,0,0,0,0,0,0,0,0,0,0,0,0,0,0,0,0,0,0,0,0,0,0,125,2026-02-05 13:08:09.274480
SPNG,27.23,27.18,27.23,1422600.0,5423.0,1000.0,1107900.0,1000.0,,0,0,0,0,0,0,0,0,0,0,0,0,0,0,0,0,0,0,0,0,0,0,0,0,0,0,0,0,0,0,126,2026-02-05 13:08:10.315461
SMMR,26.3,26.13,26.23,1333200.0,8026.0,800.0,1163700.0,800.0,8026.0,0,0,0,0,0,0,0,0,0,0,0,0,0,0,0,0,0,0,0,0,0,0,0,0,0,0,0,0,0,0,126,2026-02-05 13:08:10.315461
ATMN,25.86,26.24,26.3,1301700.0,8940.0,,1556400.0,,5323.0,0,0,0,0,0,0,0,0,0,0,0,0,0,0,0,0,0,0,0,0,0,0,0,0,0,0,0,0,0,0,126,2026-02-05 13:08:10.315461
WNTR,25.22,25.26,25.27,1648600.0,11567.0,427.0,1858300.0,,,0,0,0,0,0,0,0,0,0,0,0,0,0,0,0,0,0,0,0,0,0,0,0,0,0,0,0,0,0,0,126,2026-02-05 13:08:10.315461
SPNG,26.99,26.6,26.99,1316000.0,1312700.0,,,,,0,0,0,0,0,0,0,0,0,0,0,0,0,0,0,0,0,0,0,0,0,0,0,0,0,0,0,0,0,0,127,2026-02-05 13:08:11.356209
SMMR,26.16,26.06,26.12,1242200.0,1384500.0,800.0,800.0,,,0,0,0,0,0,0,0,0,0,0,0,0,0,0,0,0,0,0,0,0,0,0,0,0,0,0,0,0,0,0,127,2026-02-05 13:08:11.356209
ATMN,26.3,25.89,26.16,1315500.0,1556400.0,,,100.0,6802.0,0,0,0,0,0,0,0,0,0,0,0,0,0,0,0,0,0,0,0,0,0,0,0,0,0,0,0,0,0,0,127,2026-02-05 13:08:11.356209
WNTR,25.18,25.01,25.04,1377200.0,2127900.0,855.0,855.0,,5233.0,0,0,0,0,0,0,0,0,0,0,0,0,0,0,0,0,0,0,0,0,0,0,0,0,0,0,0,0,0,0,127,2026-02-05 13:08:11.356209
SPNG,27.23,26.96,27.23,100.0,1553600.0,1205900.0,,,,0,0,0,0,0,0,0,0,0,0,0,0,0,0,0,0,0,0,0,0,0,0,0,0,0,0,0,0,0,0,128,2026-02-05 13:08:12.407815
SMMR,26.12,26.07,26.1,3495.0,1445600.0,1384500.0,4661.0,,,0,0,0,0,0,0,0,0,0,0,0,0,0,0,0,0,0,0,0,0,0,0,0,0,0,0,0,0,0,0,128,2026-02-05 13:08:12.407815
ATMN,25.73,25.93,26.08,293.0,1335800.0,1583600.0,12861.0,487.0,487.0,0,0,0,0,0,0,0,0,0,0,0,0,0,0,0,0,0,0,0,0,0,0,0,0,0,0,0,0,0,0,128,2026-02-05 13:08:12.407815
WNTR,25.18,24.92,25.0,2281.0,1770400.0,1999300.0,11292.0,855.0,855.0,0,0,0,0,0,0,0,0,0,0,0,0,0,0,0,0,0,0,0,0,0,0,0,0,0,0,0,0,0,0,128,2026-02-05 13:08:12.407815
SPNG,27.23,26.96,26.98,100.0,1553600.0,4661.0,1433700.0,,,0,0,0,0,0,0,0,0,0,0,0,0,0,0,0,0,0,0,0,0,0,0,0,0,0,0,0,0,0,0,129,2026-02-05 13:08:12.989900
SMMR,26.12,26.14,26.22,3495.0,1545600.0,,1383200.0,800.0,,0,0,0,0,0,0,0,0,0,0,0,0,0,0,0,0,0,0,0,0,0,0,0,0,0,0,0,0,0,0,129,2026-02-05 13:08:12.989900
ATMN,26.16,26.16,26.18,293.0,1421700.0,,1664500.0,487.0,487.0,0,0,0,0,0,0,0,0,0,0,0,0,0,0,0,0,0,0,0,0,0,0,0,0,0,0,0,0,0,0,129,2026-02-05 13:08:12.989900
WNTR,25.04,25.04,25.08,2281.0,1904100.0,5233.0,2087200.0,855.0,855.0,0,0,0,0,0,0,0,0,0,0,0,0,0,0,0,0,0,0,0,0,0,0,0,0,0,0,0,0,0,0,129,2026-02-05 13:08:12.989900
SPNG,26.95,26.95,27.06,1641700.0,1000.0,1433700.0,1000.0,,,0,0,0,0,0,0,0,0,0,0,0,0,0,0,0,0,0,0,0,0,0,0,0,0,0,0,0,0,0,0,130,2026-02-05 13:08:14.051620
SMMR,26.14,26.07,26.08,1554000.0,800.0,1687300.0,800.0,3495.0,7078.0,0,0,0,0,0,0,0,0,0,0,0,0,0,0,0,0,0,0,0,0,0,0,0,0,0,0,0,0,0,0,130,2026-02-05 13:08:14.051620
ATMN,26.16,25.89,25.98,1335800.0,487.0,1705300.0,487.0,,100.0,0,0,0,0,0,0,0,0,0,0,0,0,0,0,0,0,0,0,0,0,0,0,0,0,0,0,0,0,0,0,130,2026-02-05 13:08:14.051620
WNTR,25.11,25.06,25.11,2118400.0,855.0,2128200.0,855.0,8340.0,5233.0,0,0,0,0,0,0,0,0,0,0,0,0,0,0,0,0,0,0,0,0,0,0,0,0,0,0,0,0,0,0,130,2026-02-05 13:08:14.051620
SPNG,26.95,26.98,27.04,1400.0,1843000.0,1000.0,1400.0,1535600.0,,0,0,0,0,0,0,0,0,0,0,0,0,0,0,0,0,0,0,0,0,0,0,0,0,0,0,0,0,0,0,131,2026-02-05 13:08:15.110056
SMMR,26.14,26.07,26.08,7970.0,1770400.0,800.0,8049.0,1742100.0,800.0,0,0,0,0,0,0,0,0,0,0,0,0,0,0,0,0,0,0,0,0,0,0,0,0,0,0,0,0,0,0,131,2026-02-05 13:08:15.110056
ATMN,26.02,25.9,25.97,1609.0,1335800.0,487.0,,1924900.0,,0,0,0,0,0,0,0,0,0,0,0,0,0,0,0,0,0,0,0,0,0,0,0,0,0,0,0,0,0,0,131,2026-02-05 13:08:15.110056
WNTR,25.11,25.13,25.22,14756.0,2090100.0,427.0,5175.0,2137400.0,427.0,0,0,0,0,0,0,0,0,0,0,0,0,0,0,0,0,0,0,0,0,0,0,0,0,0,0,0,0,0,0,131,2026-02-05 13:08:15.110056
SPNG,27.0,26.75,26.99,950.0,1756200.0,1631200.0,2800.0,950.0,,0,0,0,0,0,0,0,0,0,0,0,0,0,0,0,0,0,0,0,0,0,0,0,0,0,0,0,0,0,0,132,2026-02-05 13:08:16.153763
SMMR,26.12,26.08,26.12,800.0,1664700.0,1743400.0,3983.0,800.0,15470.0,0,0,0,0,0,0,0,0,0,0,0,0,0,0,0,0,0,0,0,0,0,0,0,0,0,0,0,0,0,0,132,2026-02-05 13:08:16.153763
ATMN,25.97,25.92,25.97,487.0,1417300.0,1868100.0,,487.0,8007.0,0,0,0,0,0,0,0,0,0,0,0,0,0,0,0,0,0,0,0,0,0,0,0,0,0,0,0,0,0,0,132,2026-02-05 13:08:16.153763
WNTR,25.11,25.17,25.19,855.0,1980100.0,2179600.0,5175.0,855.0,20767.0,0,0,0,0,0,0,0,0,0,0,0,0,0,0,0,0,0,0,0,0,0,0,0,0,0,0,0,0,0,0,132,2026-02-05 13:08:16.153763
SPNG,27.0,26.88,26.99,2121000.0,950.0,1631200.0,950.0,,,0,0,0,0,0,0,0,0,0,0,0,0,0,0,0,0,0,0,0,0,0,0,0,0,0,0,0,0,0,0,133,2026-02-05 13:08:17.193052
SMMR,26.06,26.05,26.06,1772700.0,,1861500.0,,1300.0,,0,0,0,0,0,0,0,0,0,0,0,0,0,0,0,0,0,0,0,0,0,0,0,0,0,0,0,0,0,0,133,2026-02-05 13:08:17.193052
ATMN,26.3,25.76,26.3,1417300.0,,1882000.0,,,,0,0,0,0,0,0,0,0,0,0,0,0,0,0,0,0,0,0,0,0,0,0,0,0,0,0,0,0,0,0,133,2026-02-05 13:08:17.193052
WNTR,25.06,25.06,25.07,2118400.0,1710.0,2184400.0,1710.0,,7138.0,0,0,0,0,0,0,0,0,0,0,0,0,0,0,0,0,0,0,0,0,0,0,0,0,0,0,0,0,0,0,133,2026-02-05 13:08:17.193052
SPNG,27.05,26.99,27.05,1945600.0,100.0,475.0,1632300.0,475.0,,0,0,0,0,0,0,0,0,0,0,0,0,0,0,0,0,0,0,0,0,0,0,0,0,0,0,0,0,0,0,134,2026-02-05 13:08:18.239473
SMMR,26.04,26.04,26.06,1665300.0,6547.0,1600.0,1772800.0,1600.0,7138.0,0,0,0,0,0,0,0,0,0,0,0,0,0,0,0,0,0,0,0,0,0,0,0,0,0,0,0,0,0,0,134,2026-02-05 13:08:18.239473
ATMN,26.37,25.8,26.17,1227900.0,,999.0,1787700.0,999.0,,0,0,0,0,0,0,0,0,0,0,0,0,0,0,0,0,0,0,0,0,0,0,0,0,0,0,0,0,0,0,134,2026-02-05 13:08:18.239473
WNTR,25.04,25.06,25.13,2006500.0,7138.0,855.0,2164800.0,855.0,8199.0,0,0,0,0,0,0,0,0,0,0,0,0,0,0,0,0,0,0,0,0,0,0,0,0,0,0,0,0,0,0,134,2026-02-05 13:08:18.239473
SPNG,26.88,26.88,27.05,2245300.0,1637100.0,,,,0,0,0,0,0,0,0,0,0,0,0,0,0,0,0,0,0,0,0,0,0,0,0,0,0,0,0,0,0,0,0,135,2026-02-05 13:08:19.290303
SMMR,26.06,26.06,26.07,1643500.0,1854000.0,11234.0,1600.0,2055.0,0,0,0,0,0,0,0,0,0,0,0,0,0,0,0,0,0,0,0,0,0,0,0,0,0,0,0,0,0,0,0,135,2026-02-05 13:08:19.290303
ATMN,26.29,26.29,26.37,1341900.0,1787700.0,7783.0,499.0,,0,0,0,0,0,0,0,0,0,0,0,0,0,0,0,0,0,0,0,0,0,0,0,0,0,0,0,0,0,0,0,135,2026-02-05 13:08:19.290303
WNTR,25.11,25.11,25.12,2132200.0,2180500.0,,1710.0,12886.0,0,0,0,0,0,0,0,0,0,0,0,0,0,0,0,0,0,0,0,0,0,0,0,0,0,0,0,0,0,0,0,135,2026-02-05 13:08:19.290303
SPNG,26.88,26.88,27.05,2085300.0,475.0,1954400.0,475.0,,,0,0,0,0,0,0,0,0,0,0,0,0,0,0,0,0,0,0,0,0,0,0,0,0,0,0,0,0,0,0,136,2026-02-05 13:08:20.353406
SMMR,26.14,26.16,26.22,1826300.0,1760.0,1768500.0,,4366.0,260.0,0,0,0,0,0,0,0,0,0,0,0,0,0,0,0,0,0,0,0,0,0,0,0,0,0,0,0,0,0,0,136,2026-02-05 13:08:20.353406
ATMN,26.37,25.93,26.37,1227900.0,,1787700.0,,2687.0,,0,0,0,0,0,0,0,0,0,0,0,0,0,0,0,0,0,0,0,0,0,0,0,0,0,0,0,0,0,0,136,2026-02-05 13:08:20.353406
WNTR,24.85,24.91,25.04,1733700.0,940.0,2204500.0,940.0,,4366.0,0,0,0,0,0,0,0,0,0,0,0,0,0,0,0,0,0,0,0,0,0,0,0,0,0,0,0,0,0,0,136,2026-02-05 13:08:20.353406
SPNG,26.67,26.93,27.02,4112.0,2135400.0,4212.0,1790500.0,950.0,,0,0,0,0,0,0,0,0,0,0,0,0,0,0,0,0,0,0,0,0,0,0,0,0,0,0,0,0,0,0,137,2026-02-05 13:08:21.390431
SMMR,26.14,26.18,26.22,9711.0,1713500.0,260.0,1753800.0,944.0,944.0,0,0,0,0,0,0,0,0,0,0,0,0,0,0,0,0,0,0,0,0,0,0,0,0,0,0,0,0,0,0,137,2026-02-05 13:08:21.390431
ATMN,25.93,25.64,25.67,3289.0,1364500.0,4632.0,1730000.0,,,0,0,0,0,0,0,0,0,0,0,0,0,0,0,0,0,0,0,0,0,0,0,0,0,0,0,0,0,0,0,137,2026-02-05 13:08:21.390431
WNTR,25.08,25.09,25.19,,2068000.0,,2437400.0,,,0,0,0,0,0,0,0,0,0,0,0,0,0,0,0,0,0,0,0,0,0,0,0,0,0,0,0,0,0,0,137,2026-02-05 13:08:21.390431
SPNG,27.17,27.17,27.23,1988500.0,479.0,4112.0,1977500.0,479.0,,0,0,0,0,0,0,0,0,0,0,0,0,0,0,0,0,0,0,0,0,0,0,0,0,0,0,0,0,0,0,138,2026-02-05 13:08:22.427797
SMMR,26.22,26.1,26.19,1842800.0,1888.0,8103.0,1756700.0,,8363.0,0,0,0,0,0,0,0,0,0,0,0,0,0,0,0,0,0,0,0,0,0,0,0,0,0,0,0,0,0,0,138,2026-02-05 13:08:22.427797
ATMN,25.71,25.64,25.71,1364500.0,,3289.0,1766600.0,,1443.0,0,0,0,0,0,0,0,0,0,0,0,0,0,0,0,0,0,0,0,0,0,0,0,0,0,0,0,0,0,0,138,2026-02-05 13:08:22.427797
WNTR,25.05,25.13,25.14,2055300.0,1930.0,8103.0,2201100.0,1930.0,8103.0,0,0,0,0,0,0,0,0,0,0,0,0,0,0,0,0,0,0,0,0,0,0,0,0,0,0,0,0,0,0,138,2026-02-05 13:08:22.427797
SPNG,27.23,27.02,27.23,2115900.0,2046900.0,,,,,0,0,0,0,0,0,0,0,0,0,0,0,0,0,0,0,0,0,0,0,0,0,0,0,0,0,0,0,0,0,139,2026-02-05 13:08:23.459795
SMMR,26.24,26.15,26.18,1842800.0,1745000.0,8114.0,1982.0,1982.0,1608.0,0,0,0,0,0,0,0,0,0,0,0,0,0,0,0,0,0,0,0,0,0,0,0,0,0,0,0,0,0,0,139,2026-02-05 13:08:23.459795
ATMN,25.71,25.65,25.69,1707600.0,1766600.0,3373.0,487.0,487.0,4993.0,0,0,0,0,0,0,0,0,0,0,0,0,0,0,0,0,0,0,0,0,0,0,0,0,0,0,0,0,0,0,139,2026-02-05 13:08:23.459795
WNTR,25.19,25.15,25.19,2055300.0,2204700.0,6242.0,1836.0,1836.0,6242.0,0,0,0,0,0,0,0,0,0,0,0,0,0,0,0,0,0,0,0,0,0,0,0,0,0,0,0,0,0,0,139,2026-02-05 13:08:23.459795
SPNG,27.02,27.02,27.06,1991600.0,1936.0,100.0,1936.0,1977500.0,,0,0,0,0,0,0,0,0,0,0,0,0,0,0,0,0,0,0,0,0,0,0,0,0,0,0,0,0,0,0,140,2026-02-05 13:08:23.991726
SMMR,26.24,26.16,26.18,1829900.0,896.0,8114.0,896.0,1753600.0,1608.0,0,0,0,0,0,0,0,0,0,0,0,0,0,0,0,0,0,0,0,0,0,0,0,0,0,0,0,0,0,0,140,2026-02-05 13:08:23.991726
ATMN,25.71,25.65,25.69,1924200.0,975.0,3373.0,975.0,1766600.0,4993.0,0,0,0,0,0,0,0,0,0,0,0,0,0,0,0,0,0,0,0,0,0,0,0,0,0,0,0,0,0,0,140,2026-02-05 13:08:23.991726
WNTR,25.02,25.13,25.19,1955100.0,1836.0,,1836.0,2226800.0,6242.0,0,0,0,0,0,0,0,0,0,0,0,0,0,0,0,0,0,0,0,0,0,0,0,0,0,0,0,0,0,0,140,2026-02-05 13:08:23.991726
SPNG,26.6,26.6,27.05,1931400.0,100.0,968.0,1838100.0,,,0,0,0,0,0,0,0,0,0,0,0,0,0,0,0,0,0,0,0,0,0,0,0,0,0,0,0,0,0,0,141,2026-02-05 13:08:25.043156
SMMR,26.16,26.17,26.2,1829900.0,1608.0,1793.0,1784700.0,1793.0,8114.0,0,0,0,0,0,0,0,0,0,0,0,0,0,0,0,0,0,0,0,0,0,0,0,0,0,0,0,0,0,0,141,2026-02-05 13:08:25.043156
ATMN,25.71,25.65,25.68,1833600.0,8011.0,,1766600.0,975.0,7787.0,0,0,0,0,0,0,0,0,0,0,0,0,0,0,0,0,0,0,0,0,0,0,0,0,0,0,0,0,0,0,141,2026-02-05 13:08:25.043156
WNTR,25.02,25.14,25.18,1955100.0,13788.0,1979.0,2107200.0,1979.0,7546.0,0,0,0,0,0,0,0,0,0,0,0,0,0,0,0,0,0,0,0,0,0,0,0,0,0,0,0,0,0,0,141,2026-02-05 13:08:25.043156
SPNG,26.59,26.59,26.8,2049600.0,874.0,874.0,200.0,1720800.0,,0,0,0,0,0,0,0,0,0,0,0,0,0,0,0,0,0,0,0,0,0,0,0,0,0,0,0,0,0,0,142,2026-02-05 13:08:26.082143
SMMR,26.24,26.17,26.24,1822100.0,896.0,896.0,1608.0,1780400.0,8114.0,0,0,0,0,0,0,0,0,0,0,0,0,0,0,0,0,0,0,0,0,0,0,0,0,0,0,0,0,0,0,142,2026-02-05 13:08:26.082143
ATMN,25.71,25.65,25.67,1826300.0,975.0,975.0,1633.0,1766600.0,7787.0,0,0,0,0,0,0,0,0,0,0,0,0,0,0,0,0,0,0,0,0,0,0,0,0,0,0,0,0,0,0,142,2026-02-05 13:08:26.082143
WNTR,25.06,24.95,25.06,1735800.0,1979.0,1979.0,14428.0,1988000.0,,0,0,0,0,0,0,0,0,0,0,0,0,0,0,0,0,0,0,0,0,0,0,0,0,0,0,0,0,0,0,142,2026-02-05 13:08:26.082143
SPNG,26.77,26.77,27.01,1835.0,100.0,2057000.0,1835.0,1978500.0,,0,0,0,0,0,0,0,0,0,0,0,0,0,0,0,0,0,0,0,0,0,0,0,0,0,0,0,0,0,0,143,2026-02-05 13:08:27.119076
SMMR,26.24,26.09,26.24,1883.0,,1910500.0,,1860600.0,476.0,0,0,0,0,0,0,0,0,0,0,0,0,0,0,0,0,0,0,0,0,0,0,0,0,0,0,0,0,0,0,143,2026-02-05 13:08:27.119076
ATMN,26.04,25.66,26.04,487.0,3868.0,1938400.0,,1903900.0,,0,0,0,0,0,0,0,0,0,0,0,0,0,0,0,0,0,0,0,0,0,0,0,0,0,0,0,0,0,0,143,2026-02-05 13:08:27.119076
WNTR,24.96,24.88,24.89,,,1968800.0,,2345500.0,7546.0,0,0,0,0,0,0,0,0,0,0,0,0,0,0,0,0,0,0,0,0,0,0,0,0,0,0,0,0,0,0,143,2026-02-05 13:08:27.119076
SPNG,26.96,27.04,27.24,2163900.0,1651.0,2089800.0,,,,0,0,0,0,0,0,0,0,0,0,0,0,0,0,0,0,0,0,0,0,0,0,0,0,0,0,0,0,0,0,144,2026-02-05 13:08:28.163953
SMMR,26.02,26.02,26.14,1732900.0,,1677600.0,8013.0,847.0,,0,0,0,0,0,0,0,0,0,0,0,0,0,0,0,0,0,0,0,0,0,0,0,0,0,0,0,0,0,0,144,2026-02-05 13:08:28.163953
ATMN,26.04,25.78,25.96,1852000.0,951.0,1765900.0,6029.0,951.0,9897.0,0,0,0,0,0,0,0,0,0,0,0,0,0,0,0,0,0,0,0,0,0,0,0,0,0,0,0,0,0,0,144,2026-02-05 13:08:28.163953
WNTR,25.18,25.18,25.19,2308800.0,1781.0,2449400.0,,,,0,0,0,0,0,0,0,0,0,0,0,0,0,0,0,0,0,0,0,0,0,0,0,0,0,0,0,0,0,0,144,2026-02-05 13:08:28.163953
SPNG,27.09,26.8,26.92,743.0,2181300.0,1811000.0,743.0,100.0,,0,0,0,0,0,0,0,0,0,0,0,0,0,0,0,0,0,0,0,0,0,0,0,0,0,0,0,0,0,0,145,2026-02-05 13:08:29.201099
SMMR,26.24,25.95,26.24,1625.0,1626800.0,1874400.0,,476.0,,0,0,0,0,0,0,0,0,0,0,0,0,0,0,0,0,0,0,0,0,0,0,0,0,0,0,0,0,0,0,145,2026-02-05 13:08:29.201099
ATMN,25.77,25.72,25.76,951.0,1872400.0,1711900.0,951.0,7047.0,3868.0,0,0,0,0,0,0,0,0,0,0,0,0,0,0,0,0,0,0,0,0,0,0,0,0,0,0,0,0,0,0,145,2026-02-05 13:08:29.201099
WNTR,25.19,24.95,25.08,,2192300.0,2208600.0,935.0,8656.0,,0,0,0,0,0,0,0,0,0,0,0,0,0,0,0,0,0,0,0,0,0,0,0,0,0,0,0,0,0,0,145,2026-02-05 13:08:29.201099
SPNG,26.89,26.89,26.92,2032300.0,100.0,743.0,1929700.0,743.0,,0,0,0,0,0,0,0,0,0,0,0,0,0,0,0,0,0,0,0,0,0,0,0,0,0,0,0,0,0,0,146,2026-02-05 13:08:30.239900
SMMR,26.24,26.14,26.16,1822100.0,1962.0,1640.0,1786600.0,1640.0,7850.0,0,0,0,0,0,0,0,0,0,0,0,0,0,0,0,0,0,0,0,0,0,0,0,0,0,0,0,0,0,0,146,2026-02-05 13:08:30.239900
ATMN,25.76,25.63,25.76,1956600.0,,951.0,1874200.0,951.0,,0,0,0,0,0,0,0,0,0,0,0,0,0,0,0,0,0,0,0,0,0,0,0,0,0,0,0,0,0,0,146,2026-02-05 13:08:30.239900
WNTR,25.22,25.11,25.22,2057300.0,16176.0,977.0,2411300.0,,,0,0,0,0,0,0,0,0,0,0,0,0,0,0,0,0,0,0,0,0,0,0,0,0,0,0,0,0,0,0,146,2026-02-05 13:08:30.239900
SPNG,26.68,26.59,26.68,2298600.0,1944700.0,1486.0,,,,0,0,0,0,0,0,0,0,0,0,0,0,0,0,0,0,0,0,0,0,0,0,0,0,0,0,0,0,0,0,147,2026-02-05 13:08:31.284243
SMMR,25.94,25.94,26.18,1712900.0,1974700.0,,,,,0,0,0,0,0,0,0,0,0,0,0,0,0,0,0,0,0,0,0,0,0,0,0,0,0,0,0,0,0,0,147,2026-02-05 13:08:31.284243
ATMN,25.76,25.86,25.92,1832000.0,1839500.0,475.0,8166.0,475.0,,0,0,0,0,0,0,0,0,0,0,0,0,0,0,0,0,0,0,0,0,0,0,0,0,0,0,0,0,0,0,147,2026-02-05 13:08:31.284243
WNTR,25.16,25.11,25.16,2057300.0,2170800.0,1947.0,16176.0,1947.0,9216.0,0,0,0,0,0,0,0,0,0,0,0,0,0,0,0,0,0,0,0,0,0,0,0,0,0,0,0,0,0,0,147,2026-02-05 13:08:31.284243
SPNG,26.68,26.92,27.19,2244800.0,2063000.0,,,0,0,0,0,0,0,0,0,0,0,0,0,0,0,0,0,0,0,0,0,0,0,0,0,0,0,0,0,0,0,0,0,148,2026-02-05 13:08:32.323542
SMMR,25.94,26.02,26.18,1910900.0,1869600.0,861.0,861.0,0,0,0,0,0,0,0,0,0,0,0,0,0,0,0,0,0,0,0,0,0,0,0,0,0,0,0,0,0,0,0,0,148,2026-02-05 13:08:32.323542
ATMN,26.1,25.86,25.94,1941800.0,1851000.0,1902.0,1902.0,0,0,0,0,0,0,0,0,0,0,0,0,0,0,0,0,0,0,0,0,0,0,0,0,0,0,0,0,0,0,0,0,148,2026-02-05 13:08:32.323542
WNTR,25.17,25.19,25.22,2299700.0,2289200.0,973.0,973.0,0,0,0,0,0,0,0,0,0,0,0,0,0,0,0,0,0,0,0,0,0,0,0,0,0,0,0,0,0,0,0,0,148,2026-02-05 13:08:32.323542
SPNG,26.68,27.0,27.14,100.0,2135700.0,100.0,1935100.0,,,0,0,0,0,0,0,0,0,0,0,0,0,0,0,0,0,0,0,0,0,0,0,0,0,0,0,0,0,0,0,149,2026-02-05 13:08:33.364342
SMMR,26.06,26.14,26.24,7107.0,1700600.0,,1940400.0,1550.0,,0,0,0,0,0,0,0,0,0,0,0,0,0,0,0,0,0,0,0,0,0,0,0,0,0,0,0,0,0,0,149,2026-02-05 13:08:33.364342
ATMN,25.94,25.88,25.94,200.0,1819000.0,,1851000.0,1902.0,1902.0,0,0,0,0,0,0,0,0,0,0,0,0,0,0,0,0,0,0,0,0,0,0,0,0,0,0,0,0,0,0,149,2026-02-05 13:08:33.364342
WNTR,25.17,25.2,25.22,9109.0,2179900.0,,2290100.0,1947.0,1947.0,0,0,0,0,0,0,0,0,0,0,0,0,0,0,0,0,0,0,0,0,0,0,0,0,0,0,0,0,0,0,149,2026-02-05 13:08:33.364342
SPNG,26.55,26.55,26.99,2296300.0,1822900.0,200.0,,,0,0,0,0,0,0,0,0,0,0,0,0,0,0,0,0,0,0,0,0,0,0,0,0,0,0,0,0,0,0,0,150,2026-02-05 13:08:34.402894
SMMR,26.19,26.1,26.19,1797000.0,1829400.0,,7107.0,1550.0,0,0,0,0,0,0,0,0,0,0,0,0,0,0,0,0,0,0,0,0,0,0,0,0,0,0,0,0,0,0,0,150,2026-02-05 13:08:34.402894
ATMN,26.12,25.94,26.12,1712200.0,1709300.0,2041.0,14083.0,1902.0,0,0,0,0,0,0,0,0,0,0,0,0,0,0,0,0,0,0,0,0,0,0,0,0,0,0,0,0,0,0,0,150,2026-02-05 13:08:34.402894
WNTR,25.08,24.99,25.06,2268800.0,2305700.0,9025.0,9025.0,,0,0,0,0,0,0,0,0,0,0,0,0,0,0,0,0,0,0,0,0,0,0,0,0,0,0,0,0,0,0,0,150,2026-02-05 13:08:34.402894
SPNG,26.55,26.69,26.99,2150300.0,100.0,2012400.0,,0,0,0,0,0,0,0,0,0,0,0,0,0,0,0,0,0,0,0,0,0,0,0,0,0,0,0,0,0,0,0,0,151,2026-02-05 13:08:35.470816
SMMR,26.14,26.06,26.08,2018100.0,,1916700.0,,0,0,0,0,0,0,0,0,0,0,0,0,0,0,0,0,0,0,0,0,0,0,0,0,0,0,0,0,0,0,0,0,151,2026-02-05 13:08:35.470816
ATMN,26.22,26.2,26.22,2002900.0,,1799700.0,2363.0,0,0,0,0,0,0,0,0,0,0,0,0,0,0,0,0,0,0,0,0,0,0,0,0,0,0,0,0,0,0,0,0,151,2026-02-05 13:08:35.470816
WNTR,25.23,25.12,25.23,2271100.0,7681.0,2385300.0,,0,0,0,0,0,0,0,0,0,0,0,0,0,0,0,0,0,0,0,0,0,0,0,0,0,0,0,0,0,0,0,0,151,2026-02-05 13:08:35.470816
SPNG,26.55,26.69,26.99,2134500.0,100.0,2012400.0,,0,0,0,0,0,0,0,0,0,0,0,0,0,0,0,0,0,0,0,0,0,0,0,0,0,0,0,0,0,0,0,0,152,2026-02-05 13:08:36.016101
SMMR,26.08,26.09,26.19,2002000.0,,1942800.0,,0,0,0,0,0,0,0,0,0,0,0,0,0,0,0,0,0,0,0,0,0,0,0,0,0,0,0,0,0,0,0,0,152,2026-02-05 13:08:36.016101
ATMN,26.22,26.2,26.22,2002900.0,,1816000.0,2363.0,0,0,0,0,0,0,0,0,0,0,0,0,0,0,0,0,0,0,0,0,0,0,0,0,0,0,0,0,0,0,0,0,152,2026-02-05 13:08:36.016101
WNTR,24.92,24.92,25.23,2406900.0,,2385300.0,,0,0,0,0,0,0,0,0,0,0,0,0,0,0,0,0,0,0,0,0,0,0,0,0,0,0,0,0,0,0,0,0,152,2026-02-05 13:08:36.016101
SPNG,27.19,26.76,27.19,7100.0,2037000.0,2032400.0,,0,0,0,0,0,0,0,0,0,0,0,0,0,0,0,0,0,0,0,0,0,0,0,0,0,0,0,0,0,0,0,0,153,2026-02-05 13:08:37.088976
SMMR,26.24,26.09,26.24,,2002000.0,1945900.0,,0,0,0,0,0,0,0,0,0,0,0,0,0,0,0,0,0,0,0,0,0,0,0,0,0,0,0,0,0,0,0,0,153,2026-02-05 13:08:37.088976
ATMN,25.85,25.85,26.06,,2042300.0,1765700.0,2463.0,0,0,0,0,0,0,0,0,0,0,0,0,0,0,0,0,0,0,0,0,0,0,0,0,0,0,0,0,0,0,0,0,153,2026-02-05 13:08:37.088976
WNTR,25.23,25.08,25.23,8884.0,2263600.0,2387100.0,,0,0,0,0,0,0,0,0,0,0,0,0,0,0,0,0,0,0,0,0,0,0,0,0,0,0,0,0,0,0,0,0,153,2026-02-05 13:08:37.088976
SPNG,26.76,26.69,26.72,2142700.0,100.0,1941300.0,5150.0,0,0,0,0,0,0,0,0,0,0,0,0,0,0,0,0,0,0,0,0,0,0,0,0,0,0,0,0,0,0,0,0,154,2026-02-05 13:08:38.168646
SMMR,26.13,26.09,26.1,2002000.0,,1983100.0,,0,0,0,0,0,0,0,0,0,0,0,0,0,0,0,0,0,0,0,0,0,0,0,0,0,0,0,0,0,0,0,0,154,2026-02-05 13:08:38.168646
ATMN,26.22,25.89,26.22,1928100.0,5150.0,1747300.0,2463.0,0,0,0,0,0,0,0,0,0,0,0,0,0,0,0,0,0,0,0,0,0,0,0,0,0,0,0,0,0,0,0,0,154,2026-02-05 13:08:38.168646
WNTR,25.01,24.92,25.0,2399900.0,,2373600.0,,0,0,0,0,0,0,0,0,0,0,0,0,0,0,0,0,0,0,0,0,0,0,0,0,0,0,0,0,0,0,0,0,154,2026-02-05 13:08:38.168646
SPNG,26.76,26.69,26.71,2259000.0,7280.0,1941300.0,,0,0,0,0,0,0,0,0,0,0,0,0,0,0,0,0,0,0,0,0,0,0,0,0,0,0,0,0,0,0,0,0,155,2026-02-05 13:08:39.215071
SMMR,26.1,26.1,26.11,1893900.0,7133.0,1870100.0,3566.0,0,0,0,0,0,0,0,0,0,0,0,0,0,0,0,0,0,0,0,0,0,0,0,0,0,0,0,0,0,0,0,0,155,2026-02-05 13:08:39.215071
ATMN,25.83,25.83,25.97,2053500.0,5706.0,1840600.0,,0,0,0,0,0,0,0,0,0,0,0,0,0,0,0,0,0,0,0,0,0,0,0,0,0,0,0,0,0,0,0,0,155,2026-02-05 13:08:39.215071
WNTR,25.01,24.93,24.98,2260700.0,7133.0,2257600.0,7133.0,0,0,0,0,0,0,0,0,0,0,0,0,0,0,0,0,0,0,0,0,0,0,0,0,0,0,0,0,0,0,0,0,155,2026-02-05 13:08:39.215071
SPNG,26.72,26.81,27.19,2142100.0,100.0,2000800.0,0,0,0,0,0,0,0,0,0,0,0,0,0,0,0,0,0,0,0,0,0,0,0,0,0,0,0,0,0,0,0,0,0,156,2026-02-05 13:08:40.273773
SMMR,26.12,26.17,26.24,1799500.0,7122.0,2002800.0,0,0,0,0,0,0,0,0,0,0,0,0,0,0,0,0,0,0,0,0,0,0,0,0,0,0,0,0,0,0,0,0,0,156,2026-02-05 13:08:40.273773
ATMN,25.75,25.75,26.22,2057500.0,,1907300.0,0,0,0,0,0,0,0,0,0,0,0,0,0,0,0,0,0,0,0,0,0,0,0,0,0,0,0,0,0,0,0,0,0,156,2026-02-05 13:08:40.273773
WNTR,25.19,24.93,25.0,2047400.0,13044.0,2387100.0,0,0,0,0,0,0,0,0,0,0,0,0,0,0,0,0,0,0,0,0,0,0,0,0,0,0,0,0,0,0,0,0,0,156,2026-02-05 13:08:40.273773
SPNG,26.69,26.69,26.95,2252700.0,2025000.0,,0,0,0,0,0,0,0,0,0,0,0,0,0,0,0,0,0,0,0,0,0,0,0,0,0,0,0,0,0,0,0,0,0,157,2026-02-05 13:08:41.322131
SMMR,26.26,26.1,26.26,1992600.0,1988000.0,,0,0,0,0,0,0,0,0,0,0,0,0,0,0,0,0,0,0,0,0,0,0,0,0,0,0,0,0,0,0,0,0,0,157,2026-02-05 13:08:41.322131
ATMN,26.14,26.32,26.37,2058100.0,1912300.0,,0,0,0,0,0,0,0,0,0,0,0,0,0,0,0,0,0,0,0,0,0,0,0,0,0,0,0,0,0,0,0,0,0,157,2026-02-05 13:08:41.322131
WNTR,24.96,24.92,24.96,2406300.0,2260200.0,2077.0,0,0,0,0,0,0,0,0,0,0,0,0,0,0,0,0,0,0,0,0,0,0,0,0,0,0,0,0,0,0,0,0,0,157,2026-02-05 13:08:41.322131
SPNG,26.69,26.76,26.95,2704.0,2140400.0,1944400.0,100.0,0,0,0,0,0,0,0,0,0,0,0,0,0,0,0,0,0,0,0,0,0,0,0,0,0,0,0,0,0,0,0,0,158,2026-02-05 13:08:42.372196
SMMR,26.14,26.11,26.13,,1992200.0,1887900.0,2579.0,0,0,0,0,0,0,0,0,0,0,0,0,0,0,0,0,0,0,0,0,0,0,0,0,0,0,0,0,0,0,0,0,158,2026-02-05 13:08:42.372196
ATMN,26.32,26.32,26.37,3708.0,1948300.0,1934700.0,,0,0,0,0,0,0,0,0,0,0,0,0,0,0,0,0,0,0,0,0,0,0,0,0,0,0,0,0,0,0,0,0,158,2026-02-05 13:08:42.372196
WNTR,25.07,25.12,25.23,,2390000.0,2360400.0,,0,0,0,0,0,0,0,0,0,0,0,0,0,0,0,0,0,0,0,0,0,0,0,0,0,0,0,0,0,0,0,0,158,2026-02-05 13:08:42.372196
SPNG,26.82,26.75,26.82,2242900.0,2048300.0,0,0,0,0,0,0,0,0,0,0,0,0,0,0,0,0,0,0,0,0,0,0,0,0,0,0,0,0,0,0,0,0,0,0,159,2026-02-05 13:08:43.418418
SMMR,26.16,26.11,26.16,1992200.0,1997600.0,0,0,0,0,0,0,0,0,0,0,0,0,0,0,0,0,0,0,0,0,0,0,0,0,0,0,0,0,0,0,0,0,0,0,159,2026-02-05 13:08:43.418418
ATMN,26.25,25.75,26.02,2057500.0,1908100.0,0,0,0,0,0,0,0,0,0,0,0,0,0,0,0,0,0,0,0,0,0,0,0,0,0,0,0,0,0,0,0,0,0,0,159,2026-02-05 13:08:43.418418
WNTR,25.07,25.12,25.23,2390000.0,2366400.0,0,0,0,0,0,0,0,0,0,0,0,0,0,0,0,0,0,0,0,0,0,0,0,0,0,0,0,0,0,0,0,0,0,0,159,2026-02-05 13:08:43.418418
SPNG,26.95,26.75,26.95,2242900.0,2042300.0,0,0,0,0,0,0,0,0,0,0,0,0,0,0,0,0,0,0,0,0,0,0,0,0,0,0,0,0,0,0,0,0,0,0,160,2026-02-05 13:08:44.472063
SMMR,26.09,26.09,26.16,1996300.0,1997600.0,0,0,0,0,0,0,0,0,0,0,0,0,0,0,0,0,0,0,0,0,0,0,0,0,0,0,0,0,0,0,0,0,0,0,160,2026-02-05 13:08:44.472063
ATMN,26.02,25.75,26.02,2054800.0,1908100.0,0,0,0,0,0,0,0,0,0,0,0,0,0,0,0,0,0,0,0,0,0,0,0,0,0,0,0,0,0,0,0,0,0,0,160,2026-02-05 13:08:44.472063
WNTR,24.96,25.03,25.08,2397500.0,2359500.0,0,0,0,0,0,0,0,0,0,0,0,0,0,0,0,0,0,0,0,0,0,0,0,0,0,0,0,0,0,0,0,0,0,0,160,2026-02-05 13:08:44.472063
SPNG,26.96,26.68,26.75,2240400.0,2030200.0,0,0,0,0,0,0,0,0,0,0,0,0,0,0,0,0,0,0,0,0,0,0,0,0,0,0,0,0,0,0,0,0,0,0,161,2026-02-05 13:08:45.543718
SMMR,26.18,26.09,26.18,2038300.0,1977400.0,0,0,0,0,0,0,0,0,0,0,0,0,0,0,0,0,0,0,0,0,0,0,0,0,0,0,0,0,0,0,0,0,0,0,161,2026-02-05 13:08:45.543718
ATMN,26.38,25.75,26.38,2035500.0,1931700.0,0,0,0,0,0,0,0,0,0,0,0,0,0,0,0,0,0,0,0,0,0,0,0,0,0,0,0,0,0,0,0,0,0,0,161,2026-02-05 13:08:45.543718
WNTR,25.03,24.92,24.96,2406300.0,2373500.0,0,0,0,0,0,0,0,0,0,0,0,0,0,0,0,0,0,0,0,0,0,0,0,0,0,0,0,0,0,0,0,0,0,0,161,2026-02-05 13:08:45.543718
SPNG,26.57,26.57,26.75,2228500.0,2030200.0,0,0,0,0,0,0,0,0,0,0,0,0,0,0,0,0,0,0,0,0,0,0,0,0,0,0,0,0,0,0,0,0,0,0,162,2026-02-05 13:08:46.091111
SMMR,26.18,26.09,26.14,2040700.0,1982400.0,0,0,0,0,0,0,0,0,0,0,0,0,0,0,0,0,0,0,0,0,0,0,0,0,0,0,0,0,0,0,0,0,0,0,162,2026-02-05 13:08:46.091111
ATMN,26.38,25.75,26.04,2035500.0,1932200.0,0,0,0,0,0,0,0,0,0,0,0,0,0,0,0,0,0,0,0,0,0,0,0,0,0,0,0,0,0,0,0,0,0,0,162,2026-02-05 13:08:46.091111
WNTR,25.03,24.92,24.96,2420900.0,2373500.0,0,0,0,0,0,0,0,0,0,0,0,0,0,0,0,0,0,0,0,0,0,0,0,0,0,0,0,0,0,0,0,0,0,0,162,2026-02-05 13:08:46.091111
SPNG,26.57,26.57,26.95,2228500.0,2041300.0,0,0,0,0,0,0,0,0,0,0,0,0,0,0,0,0,0,0,0,0,0,0,0,0,0,0,0,0,0,0,0,0,0,0,163,2026-02-05 13:08:47.164750
SMMR,26.14,26.09,26.14,2014000.0,1982400.0,0,0,0,0,0,0,0,0,0,0,0,0,0,0,0,0,0,0,0,0,0,0,0,0,0,0,0,0,0,0,0,0,0,0,163,2026-02-05 13:08:47.164750
ATMN,26.17,25.99,26.01,2017100.0,1953700.0,0,0,0,0,0,0,0,0,0,0,0,0,0,0,0,0,0,0,0,0,0,0,0,0,0,0,0,0,0,0,0,0,0,0,163,2026-02-05 13:08:47.164750
WNTR,25.11,24.93,25.11,2440100.0,2395000.0,0,0,0,0,0,0,0,0,0,0,0,0,0,0,0,0,0,0,0,0,0,0,0,0,0,0,0,0,0,0,0,0,0,0,163,2026-02-05 13:08:47.164750
SPNG,26.55,26.55,26.95,2214000.0,2072500.0,0,0,0,0,0,0,0,0,0,0,0,0,0,0,0,0,0,0,0,0,0,0,0,0,0,0,0,0,0,0,0,0,0,0,164,2026-02-05 13:08:48.218878
SMMR,26.21,26.09,26.2,1997600.0,1980000.0,0,0,0,0,0,0,0,0,0,0,0,0,0,0,0,0,0,0,0,0,0,0,0,0,0,0,0,0,0,0,0,0,0,0,164,2026-02-05 13:08:48.218878
ATMN,26.01,25.96,26.01,2029200.0,1953700.0,0,0,0,0,0,0,0,0,0,0,0,0,0,0,0,0,0,0,0,0,0,0,0,0,0,0,0,0,0,0,0,0,0,0,164,2026-02-05 13:08:48.218878
WNTR,25.11,24.97,25.0,2449900.0,2454100.0,0,0,0,0,0,0,0,0,0,0,0,0,0,0,0,0,0,0,0,0,0,0,0,0,0,0,0,0,0,0,0,0,0,0,164,2026-02-05 13:08:48.218878
SPNG,26.55,26.68,26.95,2215600.0,2072500.0,0,0,0,0,0,0,0,0,0,0,0,0,0,0,0,0,0,0,0,0,0,0,0,0,0,0,0,0,0,0,0,0,0,0,165,2026-02-05 13:08:49.272309
SMMR,26.21,26.18,26.2,1986300.0,1980000.0,0,0,0,0,0,0,0,0,0,0,0,0,0,0,0,0,0,0,0,0,0,0,0,0,0,0,0,0,0,0,0,0,0,0,165,2026-02-05 13:08:49.272309
ATMN,25.96,25.96,26.26,2029200.0,1926500.0,0,0,0,0,0,0,0,0,0,0,0,0,0,0,0,0,0,0,0,0,0,0,0,0,0,0,0,0,0,0,0,0,0,0,165,2026-02-05 13:08:49.272309
WNTR,25.11,24.97,25.0,2464200.0,2457700.0,0,0,0,0,0,0,0,0,0,0,0,0,0,0,0,0,0,0,0,0,0,0,0,0,0,0,0,0,0,0,0,0,0,0,165,2026-02-05 13:08:49.272309
SPNG,26.48,26.48,26.95,2203600.0,1989800.0,5000.0,0,0,0,0,0,0,0,0,0,0,0,0,0,0,0,0,0,0,0,0,0,0,0,0,0,0,0,0,0,0,0,0,0,166,2026-02-05 13:08:50.318579
SMMR,26.09,26.09,26.21,1971200.0,2011500.0,,0,0,0,0,0,0,0,0,0,0,0,0,0,0,0,0,0,0,0,0,0,0,0,0,0,0,0,0,0,0,0,0,0,166,2026-02-05 13:08:50.318579
ATMN,25.96,25.96,26.08,1998200.0,1936900.0,,0,0,0,0,0,0,0,0,0,0,0,0,0,0,0,0,0,0,0,0,0,0,0,0,0,0,0,0,0,0,0,0,0,166,2026-02-05 13:08:50.318579
WNTR,25.0,24.97,25.0,2464200.0,2340500.0,1420.0,0,0,0,0,0,0,0,0,0,0,0,0,0,0,0,0,0,0,0,0,0,0,0,0,0,0,0,0,0,0,0,0,0,166,2026-02-05 13:08:50.318579
SPNG,26.95,26.73,26.95,2191000.0,1989800.0,5000.0,,0,0,0,0,0,0,0,0,0,0,0,0,0,0,0,0,0,0,0,0,0,0,0,0,0,0,0,0,0,0,0,0,167,2026-02-05 13:08:51.354440
SMMR,26.06,26.14,26.21,1891400.0,1996900.0,,2000.0,0,0,0,0,0,0,0,0,0,0,0,0,0,0,0,0,0,0,0,0,0,0,0,0,0,0,0,0,0,0,0,0,167,2026-02-05 13:08:51.354440
ATMN,25.96,25.73,25.92,1997500.0,1947700.0,,,0,0,0,0,0,0,0,0,0,0,0,0,0,0,0,0,0,0,0,0,0,0,0,0,0,0,0,0,0,0,0,0,167,2026-02-05 13:08:51.354440
WNTR,24.93,24.93,25.0,2463500.0,2327800.0,1420.0,,0,0,0,0,0,0,0,0,0,0,0,0,0,0,0,0,0,0,0,0,0,0,0,0,0,0,0,0,0,0,0,0,167,2026-02-05 13:08:51.354440
SPNG,26.95,26.73,26.95,2202600.0,2105300.0,,,0,0,0,0,0,0,0,0,0,0,0,0,0,0,0,0,0,0,0,0,0,0,0,0,0,0,0,0,0,0,0,0,168,2026-02-05 13:08:52.395017
