ticker,last_price,bid_price,ask_price,BUY_ANON,SELL_ANON,BUY_UEBR-1,BUY_BRCH-1,BUY_LAVL-1,SELL_CALG-1,SELL_CHUL-2,SELL_GIOT-3,SELL_CHUL-4,BUY_CHUL-4,SELL_CHUL-3,BUY_CALG-1,SELL_ZUAI-3,BUY_WRSW-4,SELL_LUIS-1,SELL_WRSW-4,SELL_NAIT-4,BUY_CHUL-2,SELL_CHUL-1,BUY_WRSW-1,BUY_CHUL-1,SELL_LAVL-1,BUY_GIOT-3,SELL_UEBR-1,SELL_WRSW-1,BUY_WRSW-3,SELL_WRSW-3,BUY_NAIT-4,SELL_CALG-6,SELL_COLA-1,BUY_CALG-6,BUY_COLA-1,SELL_BRCH-1,BUY_ZUAI-3,BUY_CHUL-3,BUY_LUIS-1,tick,timestamp
SPNG,24.92,24.92,0.0,2058600.0,2329800.0,0,0,0,0,0,0,0,0,0,0,0,0,0,0,0,0,0,0,0,0,0,0,0,0,0,0,0,0,0,0,0,0,0,0,0,2026-02-07 11:24:09.529301
SMMR,0.0,0.0,0.0,2200200.0,1492500.0,0,0,0,0,0,0,0,0,0,0,0,0,0,0,0,0,0,0,0,0,0,0,0,0,0,0,0,0,0,0,0,0,0,0,0,2026-02-07 11:24:09.529301
ATMN,0.0,0.0,0.0,2352300.0,2371000.0,0,0,0,0,0,0,0,0,0,0,0,0,0,0,0,0,0,0,0,0,0,0,0,0,0,0,0,0,0,0,0,0,0,0,0,2026-02-07 11:24:09.529301
WNTR,0.0,0.0,24.99,2224700.0,2207400.0,0,0,0,0,0,0,0,0,0,0,0,0,0,0,0,0,0,0,0,0,0,0,0,0,0,0,0,0,0,0,0,0,0,0,0,2026-02-07 11:24:09.529301
SPNG,24.92,24.63,24.88,2043900.0,2336500.0,0,0,0,0,0,0,0,0,0,0,0,0,0,0,0,0,0,0,0,0,0,0,0,0,0,0,0,0,0,0,0,0,0,0,1,2026-02-07 11:24:10.280598,2.0,1.0,1.0,,Aggregate Position Limit,Your CRO has set the aggregate position limit to 10000 shares for this week.
SMMR,0.0,24.94,24.99,2192700.0,1749100.0,0,0,0,0,0,0,0,0,0,0,0,0,0,0,0,0,0,0,0,0,0,0,0,0,0,0,0,0,0,0,0,0,0,0,1,2026-02-07 11:24:10.280598,1.0,1.0,1.0,,Welcome to the RITC 2026 Alogithmic Market Making Case - practice server,
ATMN,24.99,24.99,25.01,2352300.0,2364400.0,0,0,0,0,0,0,0,0,0,0,0,0,0,0,0,0,0,0,0,0,0,0,0,0,0,0,0,0,0,0,0,0,0,0,1,2026-02-07 11:24:10.280598,,,,,,
WNTR,24.93,24.93,24.99,2224700.0,2210100.0,0,0,0,0,0,0,0,0,0,0,0,0,0,0,0,0,0,0,0,0,0,0,0,0,0,0,0,0,0,0,0,0,0,0,1,2026-02-07 11:24:10.280598,,,,,,
SPNG,24.88,24.63,24.88,2168900.0,2336500.0,0,0,0,0,0,0,0,0,0,0,0,0,0,0,0,0,0,0,0,0,0,0,0,0,0,0,0,0,0,0,0,0,0,0,2,2026-02-07 11:24:11.413534
SMMR,25.12,24.94,25.12,2227600.0,1397800.0,0,0,0,0,0,0,0,0,0,0,0,0,0,0,0,0,0,0,0,0,0,0,0,0,0,0,0,0,0,0,0,0,0,0,2,2026-02-07 11:24:11.413534
ATMN,24.96,24.96,25.14,2233700.0,2407400.0,0,0,0,0,0,0,0,0,0,0,0,0,0,0,0,0,0,0,0,0,0,0,0,0,0,0,0,0,0,0,0,0,0,0,2,2026-02-07 11:24:11.413534
WNTR,24.93,24.95,24.99,2374500.0,2210100.0,0,0,0,0,0,0,0,0,0,0,0,0,0,0,0,0,0,0,0,0,0,0,0,0,0,0,0,0,0,0,0,0,0,0,2,2026-02-07 11:24:11.413534
SPNG,24.63,25.09,25.12,2162900.0,2329800.0,0,0,0,0,0,0,0,0,0,0,0,0,0,0,0,0,0,0,0,0,0,0,0,0,0,0,0,0,0,0,0,0,0,0,3,2026-02-07 11:24:12.048008
SMMR,25.04,25.04,25.12,2205700.0,1397800.0,0,0,0,0,0,0,0,0,0,0,0,0,0,0,0,0,0,0,0,0,0,0,0,0,0,0,0,0,0,0,0,0,0,0,3,2026-02-07 11:24:12.048008
ATMN,24.96,25.01,25.07,2337200.0,2376100.0,0,0,0,0,0,0,0,0,0,0,0,0,0,0,0,0,0,0,0,0,0,0,0,0,0,0,0,0,0,0,0,0,0,0,3,2026-02-07 11:24:12.048008
WNTR,24.93,24.97,24.99,2399700.0,2210100.0,0,0,0,0,0,0,0,0,0,0,0,0,0,0,0,0,0,0,0,0,0,0,0,0,0,0,0,0,0,0,0,0,0,0,3,2026-02-07 11:24:12.048008
SPNG,25.12,24.63,25.12,2170600.0,2329800.0,0,0,0,0,0,0,0,0,0,0,0,0,0,0,0,0,0,0,0,0,0,0,0,0,0,0,0,0,0,0,0,0,0,0,4,2026-02-07 11:24:13.086795
SMMR,24.94,24.98,25.12,2204000.0,1486400.0,0,0,0,0,0,0,0,0,0,0,0,0,0,0,0,0,0,0,0,0,0,0,0,0,0,0,0,0,0,0,0,0,0,0,4,2026-02-07 11:24:13.086795
ATMN,25.14,25.01,25.14,2337200.0,2411400.0,0,0,0,0,0,0,0,0,0,0,0,0,0,0,0,0,0,0,0,0,0,0,0,0,0,0,0,0,0,0,0,0,0,0,4,2026-02-07 11:24:13.086795
WNTR,24.97,25.04,25.08,2367900.0,2221800.0,0,0,0,0,0,0,0,0,0,0,0,0,0,0,0,0,0,0,0,0,0,0,0,0,0,0,0,0,0,0,0,0,0,0,4,2026-02-07 11:24:13.086795
SPNG,24.6,24.6,25.55,2158100.0,2321800.0,0,0,0,0,0,0,0,0,0,0,0,0,0,0,0,0,0,0,0,0,0,0,0,0,0,0,0,0,0,0,0,0,0,0,5,2026-02-07 11:24:14.128872
SMMR,24.94,24.98,25.06,2226000.0,1730400.0,0,0,0,0,0,0,0,0,0,0,0,0,0,0,0,0,0,0,0,0,0,0,0,0,0,0,0,0,0,0,0,0,0,0,5,2026-02-07 11:24:14.128872
ATMN,25.14,25.01,25.14,2337200.0,2377400.0,0,0,0,0,0,0,0,0,0,0,0,0,0,0,0,0,0,0,0,0,0,0,0,0,0,0,0,0,0,0,0,0,0,0,5,2026-02-07 11:24:14.128872
WNTR,24.9,24.9,24.94,2354200.0,2196300.0,0,0,0,0,0,0,0,0,0,0,0,0,0,0,0,0,0,0,0,0,0,0,0,0,0,0,0,0,0,0,0,0,0,0,5,2026-02-07 11:24:14.128872
SPNG,24.56,25.06,25.55,2054600.0,500.0,2295300.0,0,0,0,0,0,0,0,0,0,0,0,0,0,0,0,0,0,0,0,0,0,0,0,0,0,0,0,0,0,0,0,0,0,0,6,2026-02-07 11:24:15.182936
SMMR,24.94,24.94,25.06,2226200.0,,1730400.0,0,0,0,0,0,0,0,0,0,0,0,0,0,0,0,0,0,0,0,0,0,0,0,0,0,0,0,0,0,0,0,0,0,0,6,2026-02-07 11:24:15.182936
ATMN,24.96,24.96,25.14,2233700.0,,2373600.0,0,0,0,0,0,0,0,0,0,0,0,0,0,0,0,0,0,0,0,0,0,0,0,0,0,0,0,0,0,0,0,0,0,0,6,2026-02-07 11:24:15.182936
WNTR,24.94,25.03,25.08,2344400.0,,2221800.0,0,0,0,0,0,0,0,0,0,0,0,0,0,0,0,0,0,0,0,0,0,0,0,0,0,0,0,0,0,0,0,0,0,0,6,2026-02-07 11:24:15.182936
SPNG,24.56,25.09,25.35,2426.0,2066200.0,2159200.0,2426.0,,0,0,0,0,0,0,0,0,0,0,0,0,0,0,0,0,0,0,0,0,0,0,0,0,0,0,0,0,0,0,0,0,7,2026-02-07 11:24:16.233158
SMMR,24.89,24.9,24.95,,2158700.0,1848300.0,,500.0,0,0,0,0,0,0,0,0,0,0,0,0,0,0,0,0,0,0,0,0,0,0,0,0,0,0,0,0,0,0,0,0,7,2026-02-07 11:24:16.233158
ATMN,24.78,24.78,25.19,,1991900.0,2370500.0,,,0,0,0,0,0,0,0,0,0,0,0,0,0,0,0,0,0,0,0,0,0,0,0,0,0,0,0,0,0,0,0,0,7,2026-02-07 11:24:16.233158
WNTR,24.94,25.03,25.07,9724.0,2249200.0,2089000.0,9724.0,,0,0,0,0,0,0,0,0,0,0,0,0,0,0,0,0,0,0,0,0,0,0,0,0,0,0,0,0,0,0,0,0,7,2026-02-07 11:24:16.233158
SPNG,25.09,24.56,24.9,2172300.0,2013200.0,5069.0,,,0,0,0,0,0,0,0,0,0,0,0,0,0,0,0,0,0,0,0,0,0,0,0,0,0,0,0,0,0,0,0,0,8,2026-02-07 11:24:17.288100
SMMR,24.95,24.91,24.94,2154700.0,1848300.0,6863.0,6863.0,,0,0,0,0,0,0,0,0,0,0,0,0,0,0,0,0,0,0,0,0,0,0,0,0,0,0,0,0,0,0,0,0,8,2026-02-07 11:24:17.288100
ATMN,24.85,24.98,25.15,1989900.0,2110500.0,9969.0,9969.0,500.0,0,0,0,0,0,0,0,0,0,0,0,0,0,0,0,0,0,0,0,0,0,0,0,0,0,0,0,0,0,0,0,0,8,2026-02-07 11:24:17.288100
WNTR,25.08,25.07,25.08,2109300.0,2193600.0,,13000.0,,0,0,0,0,0,0,0,0,0,0,0,0,0,0,0,0,0,0,0,0,0,0,0,0,0,0,0,0,0,0,0,0,8,2026-02-07 11:24:17.288100
SPNG,24.9,24.83,24.9,2093500.0,100.0,2013200.0,5069.0,0,0,0,0,0,0,0,0,0,0,0,0,0,0,0,0,0,0,0,0,0,0,0,0,0,0,0,0,0,0,0,0,0,9,2026-02-07 11:24:18.450723
SMMR,25.0,25.0,25.06,2174100.0,100.0,1730400.0,,0,0,0,0,0,0,0,0,0,0,0,0,0,0,0,0,0,0,0,0,0,0,0,0,0,0,0,0,0,0,0,0,0,9,2026-02-07 11:24:18.450723
ATMN,24.99,25.09,25.15,2028400.0,10069.0,2078300.0,9969.0,0,0,0,0,0,0,0,0,0,0,0,0,0,0,0,0,0,0,0,0,0,0,0,0,0,0,0,0,0,0,0,0,0,9,2026-02-07 11:24:18.450723
WNTR,25.08,25.07,25.08,1982600.0,13100.0,2113200.0,3750.0,0,0,0,0,0,0,0,0,0,0,0,0,0,0,0,0,0,0,0,0,0,0,0,0,0,0,0,0,0,0,0,0,0,9,2026-02-07 11:24:18.450723
SPNG,24.9,24.83,24.89,2128100.0,100.0,5169.0,1911400.0,,,0,0,0,0,0,0,0,0,0,0,0,0,0,0,0,0,0,0,0,0,0,0,0,0,0,0,0,0,0,0,0,0,10,2026-02-07 11:24:19.034892
SMMR,25.12,24.88,25.12,2290900.0,,,1504700.0,,,0,0,0,0,0,0,0,0,0,0,0,0,0,0,0,0,0,0,0,0,0,0,0,0,0,0,0,0,0,0,0,0,10,2026-02-07 11:24:19.034892
ATMN,25.09,25.09,25.15,2028400.0,10069.0,9969.0,2071600.0,,,0,0,0,0,0,0,0,0,0,0,0,0,0,0,0,0,0,0,0,0,0,0,0,0,0,0,0,0,0,0,0,0,10,2026-02-07 11:24:19.034892
WNTR,25.08,25.07,25.08,1873800.0,13100.0,3750.0,1983100.0,500.0,500.0,0,0,0,0,0,0,0,0,0,0,0,0,0,0,0,0,0,0,0,0,0,0,0,0,0,0,0,0,0,0,0,0,10,2026-02-07 11:24:19.034892
SPNG,24.9,24.86,24.89,2003700.0,100.0,500.0,100.0,2013200.0,500.0,0,0,0,0,0,0,0,0,0,0,0,0,0,0,0,0,0,0,0,0,0,0,0,0,0,0,0,0,0,0,0,0,11,2026-02-07 11:24:20.105520
SMMR,24.97,24.97,25.1,2160600.0,10000.0,,100.0,1504700.0,,0,0,0,0,0,0,0,0,0,0,0,0,0,0,0,0,0,0,0,0,0,0,0,0,0,0,0,0,0,0,0,0,11,2026-02-07 11:24:20.105520
ATMN,24.98,24.96,24.98,2123200.0,,,100.0,2208800.0,,0,0,0,0,0,0,0,0,0,0,0,0,0,0,0,0,0,0,0,0,0,0,0,0,0,0,0,0,0,0,0,0,11,2026-02-07 11:24:20.105520
WNTR,24.93,24.93,25.08,2348900.0,,,100.0,2083500.0,,0,0,0,0,0,0,0,0,0,0,0,0,0,0,0,0,0,0,0,0,0,0,0,0,0,0,0,0,0,0,0,0,11,2026-02-07 11:24:20.105520
SPNG,24.94,24.94,25.35,2044400.0,7931.0,2271200.0,,,0,0,0,0,0,0,0,0,0,0,0,0,0,0,0,0,0,0,0,0,0,0,0,0,0,0,0,0,0,0,0,0,0,12,2026-02-07 11:24:21.176720
SMMR,25.11,25.11,25.12,1948500.0,20000.0,1623100.0,500.0,,0,0,0,0,0,0,0,0,0,0,0,0,0,0,0,0,0,0,0,0,0,0,0,0,0,0,0,0,0,0,0,0,0,12,2026-02-07 11:24:21.176720
ATMN,24.98,24.96,24.98,2243500.0,,2201700.0,,100.0,0,0,0,0,0,0,0,0,0,0,0,0,0,0,0,0,0,0,0,0,0,0,0,0,0,0,0,0,0,0,0,0,0,12,2026-02-07 11:24:21.176720
WNTR,25.08,24.93,25.08,2361500.0,,2190600.0,,,0,0,0,0,0,0,0,0,0,0,0,0,0,0,0,0,0,0,0,0,0,0,0,0,0,0,0,0,0,0,0,0,0,12,2026-02-07 11:24:21.176720
SPNG,24.86,24.86,25.32,2001100.0,7931.0,100.0,2098000.0,0,0,0,0,0,0,0,0,0,0,0,0,0,0,0,0,0,0,0,0,0,0,0,0,0,0,0,0,0,0,0,0,0,0,13,2026-02-07 11:24:22.219858
SMMR,25.12,25.13,25.15,2041500.0,20000.0,,1504500.0,0,0,0,0,0,0,0,0,0,0,0,0,0,0,0,0,0,0,0,0,0,0,0,0,0,0,0,0,0,0,0,0,0,0,13,2026-02-07 11:24:22.219858
ATMN,24.78,24.95,24.98,2382600.0,,3815.0,2088400.0,0,0,0,0,0,0,0,0,0,0,0,0,0,0,0,0,0,0,0,0,0,0,0,0,0,0,0,0,0,0,0,0,0,0,13,2026-02-07 11:24:22.219858
WNTR,25.01,24.95,25.01,2228700.0,100.0,7776.0,2081600.0,0,0,0,0,0,0,0,0,0,0,0,0,0,0,0,0,0,0,0,0,0,0,0,0,0,0,0,0,0,0,0,0,0,0,13,2026-02-07 11:24:22.219858
SPNG,24.8,25.07,25.16,2252700.0,1994700.0,200.0,,0,0,0,0,0,0,0,0,0,0,0,0,0,0,0,0,0,0,0,0,0,0,0,0,0,0,0,0,0,0,0,0,0,0,14,2026-02-07 11:24:23.280335
SMMR,25.26,25.08,25.26,1930100.0,1655900.0,,23755.0,0,0,0,0,0,0,0,0,0,0,0,0,0,0,0,0,0,0,0,0,0,0,0,0,0,0,0,0,0,0,0,0,0,0,14,2026-02-07 11:24:23.280335
ATMN,25.27,24.96,25.01,2249300.0,2279700.0,,100.0,0,0,0,0,0,0,0,0,0,0,0,0,0,0,0,0,0,0,0,0,0,0,0,0,0,0,0,0,0,0,0,0,0,0,14,2026-02-07 11:24:23.280335
WNTR,25.12,24.98,25.12,2103900.0,2182400.0,,3712.0,0,0,0,0,0,0,0,0,0,0,0,0,0,0,0,0,0,0,0,0,0,0,0,0,0,0,0,0,0,0,0,0,0,0,14,2026-02-07 11:24:23.280335
SPNG,25.07,25.07,25.16,2252700.0,2215900.0,,,,0,0,0,0,0,0,0,0,0,0,0,0,0,0,0,0,0,0,0,0,0,0,0,0,0,0,0,0,0,0,0,0,0,15,2026-02-07 11:24:24.408982
SMMR,24.97,24.97,25.12,2265500.0,1987500.0,,,,0,0,0,0,0,0,0,0,0,0,0,0,0,0,0,0,0,0,0,0,0,0,0,0,0,0,0,0,0,0,0,0,0,15,2026-02-07 11:24:24.408982
ATMN,25.01,24.95,25.01,2349400.0,2279700.0,,,,0,0,0,0,0,0,0,0,0,0,0,0,0,0,0,0,0,0,0,0,0,0,0,0,0,0,0,0,0,0,0,0,0,15,2026-02-07 11:24:24.408982
WNTR,25.15,25.02,25.1,2092500.0,2048400.0,3596.0,500.0,500.0,0,0,0,0,0,0,0,0,0,0,0,0,0,0,0,0,0,0,0,0,0,0,0,0,0,0,0,0,0,0,0,0,0,15,2026-02-07 11:24:24.408982
SPNG,24.8,24.8,25.16,2218700.0,2086300.0,500.0,,,0,0,0,0,0,0,0,0,0,0,0,0,0,0,0,0,0,0,0,0,0,0,0,0,0,0,0,0,0,0,0,0,0,16,2026-02-07 11:24:25.504473
SMMR,25.11,25.01,25.1,2177800.0,2118900.0,,8351.0,2109.0,0,0,0,0,0,0,0,0,0,0,0,0,0,0,0,0,0,0,0,0,0,0,0,0,0,0,0,0,0,0,0,0,0,16,2026-02-07 11:24:25.504473
ATMN,24.95,24.95,25.25,2349400.0,2127000.0,,,3763.0,0,0,0,0,0,0,0,0,0,0,0,0,0,0,0,0,0,0,0,0,0,0,0,0,0,0,0,0,0,0,0,0,0,16,2026-02-07 11:24:25.504473
WNTR,25.15,25.05,25.15,2092500.0,2234500.0,,12135.0,,0,0,0,0,0,0,0,0,0,0,0,0,0,0,0,0,0,0,0,0,0,0,0,0,0,0,0,0,0,0,0,0,0,16,2026-02-07 11:24:25.504473
SPNG,24.8,24.8,25.03,2218700.0,2191900.0,,,,0,0,0,0,0,0,0,0,0,0,0,0,0,0,0,0,0,0,0,0,0,0,0,0,0,0,0,0,0,0,0,0,0,17,2026-02-07 11:24:26.094617
SMMR,25.1,25.01,25.1,2052600.0,2128500.0,8351.0,500.0,2109.0,0,0,0,0,0,0,0,0,0,0,0,0,0,0,0,0,0,0,0,0,0,0,0,0,0,0,0,0,0,0,0,0,0,17,2026-02-07 11:24:26.094617
ATMN,25.27,24.95,25.27,2349400.0,2269300.0,,,,0,0,0,0,0,0,0,0,0,0,0,0,0,0,0,0,0,0,0,0,0,0,0,0,0,0,0,0,0,0,0,0,0,17,2026-02-07 11:24:26.094617
WNTR,25.15,25.05,25.13,2092500.0,2210900.0,12135.0,,,0,0,0,0,0,0,0,0,0,0,0,0,0,0,0,0,0,0,0,0,0,0,0,0,0,0,0,0,0,0,0,0,0,17,2026-02-07 11:24:26.094617
SPNG,24.61,24.61,25.16,2242200.0,2179300.0,,,0,0,0,0,0,0,0,0,0,0,0,0,0,0,0,0,0,0,0,0,0,0,0,0,0,0,0,0,0,0,0,0,0,0,18,2026-02-07 11:24:27.135333
SMMR,25.1,25.05,25.1,2099000.0,2012600.0,18351.0,2245.0,0,0,0,0,0,0,0,0,0,0,0,0,0,0,0,0,0,0,0,0,0,0,0,0,0,0,0,0,0,0,0,0,0,0,18,2026-02-07 11:24:27.135333
ATMN,25.15,24.97,25.15,2256400.0,2158200.0,100.0,2557.0,0,0,0,0,0,0,0,0,0,0,0,0,0,0,0,0,0,0,0,0,0,0,0,0,0,0,0,0,0,0,0,0,0,0,18,2026-02-07 11:24:27.135333
WNTR,25.08,25.05,25.07,2092500.0,2204600.0,12135.0,,0,0,0,0,0,0,0,0,0,0,0,0,0,0,0,0,0,0,0,0,0,0,0,0,0,0,0,0,0,0,0,0,0,0,18,2026-02-07 11:24:27.135333
SPNG,25.19,24.81,25.19,2147500.0,5381.0,2209400.0,,0,0,0,0,0,0,0,0,0,0,0,0,0,0,0,0,0,0,0,0,0,0,0,0,0,0,0,0,0,0,0,0,0,0,19,2026-02-07 11:24:28.167287
SMMR,24.96,24.96,25.1,2316900.0,,2025900.0,2245.0,0,0,0,0,0,0,0,0,0,0,0,0,0,0,0,0,0,0,0,0,0,0,0,0,0,0,0,0,0,0,0,0,0,0,19,2026-02-07 11:24:28.167287
ATMN,25.34,24.97,25.19,2118500.0,200.0,2273500.0,,0,0,0,0,0,0,0,0,0,0,0,0,0,0,0,0,0,0,0,0,0,0,0,0,0,0,0,0,0,0,0,0,0,0,19,2026-02-07 11:24:28.167287
WNTR,25.02,24.96,25.0,2305000.0,,2201800.0,,0,0,0,0,0,0,0,0,0,0,0,0,0,0,0,0,0,0,0,0,0,0,0,0,0,0,0,0,0,0,0,0,0,0,19,2026-02-07 11:24:28.167287
SPNG,25.19,24.85,25.05,15381.0,2021700.0,2197300.0,,,0,0,0,0,0,0,0,0,0,0,0,0,0,0,0,0,0,0,0,0,0,0,0,0,0,0,0,0,0,0,0,0,0,20,2026-02-07 11:24:29.213884
SMMR,24.93,24.93,25.06,,2322900.0,1894100.0,12245.0,,0,0,0,0,0,0,0,0,0,0,0,0,0,0,0,0,0,0,0,0,0,0,0,0,0,0,0,0,0,0,0,0,0,20,2026-02-07 11:24:29.213884
ATMN,25.15,24.97,25.0,200.0,2118500.0,2173700.0,8705.0,,0,0,0,0,0,0,0,0,0,0,0,0,0,0,0,0,0,0,0,0,0,0,0,0,0,0,0,0,0,0,0,0,0,20,2026-02-07 11:24:29.213884
WNTR,25.0,25.03,25.06,,2165500.0,2221300.0,,500.0,0,0,0,0,0,0,0,0,0,0,0,0,0,0,0,0,0,0,0,0,0,0,0,0,0,0,0,0,0,0,0,0,0,20,2026-02-07 11:24:29.213884
SPNG,25.35,24.89,25.05,2152700.0,500.0,500.0,2089200.0,,,0,0,0,0,0,0,0,0,0,0,0,0,0,0,0,0,0,0,0,0,0,0,0,0,0,0,0,0,0,0,0,0,21,2026-02-07 11:24:30.254966
SMMR,24.93,24.93,25.02,2322900.0,,,2147000.0,10000.0,,0,0,0,0,0,0,0,0,0,0,0,0,0,0,0,0,0,0,0,0,0,0,0,0,0,0,0,0,0,0,0,0,21,2026-02-07 11:24:30.254966
ATMN,25.19,25.08,25.19,2385600.0,,,2281600.0,,,0,0,0,0,0,0,0,0,0,0,0,0,0,0,0,0,0,0,0,0,0,0,0,0,0,0,0,0,0,0,0,0,21,2026-02-07 11:24:30.254966
WNTR,25.06,25.04,25.06,2148000.0,,,2221300.0,,5035.0,0,0,0,0,0,0,0,0,0,0,0,0,0,0,0,0,0,0,0,0,0,0,0,0,0,0,0,0,0,0,0,0,21,2026-02-07 11:24:30.254966
SPNG,24.83,24.83,25.08,2271200.0,836.0,2118100.0,,,,0,0,0,0,0,0,0,0,0,0,0,0,0,0,0,0,0,0,0,0,0,0,0,0,0,0,0,0,0,0,0,0,22,2026-02-07 11:24:31.295730
SMMR,24.93,24.93,24.98,2265400.0,20000.0,1897900.0,500.0,500.0,,0,0,0,0,0,0,0,0,0,0,0,0,0,0,0,0,0,0,0,0,0,0,0,0,0,0,0,0,0,0,0,0,22,2026-02-07 11:24:31.295730
ATMN,25.19,25.1,25.18,2249100.0,8705.0,2181800.0,,,8970.0,0,0,0,0,0,0,0,0,0,0,0,0,0,0,0,0,0,0,0,0,0,0,0,0,0,0,0,0,0,0,0,0,22,2026-02-07 11:24:31.295730
WNTR,24.96,24.96,24.97,2315100.0,,2196200.0,,,,0,0,0,0,0,0,0,0,0,0,0,0,0,0,0,0,0,0,0,0,0,0,0,0,0,0,0,0,0,0,0,0,22,2026-02-07 11:24:31.295730
SPNG,24.83,24.9,25.08,2158900.0,100.0,3338.0,1988500.0,,0,0,0,0,0,0,0,0,0,0,0,0,0,0,0,0,0,0,0,0,0,0,0,0,0,0,0,0,0,0,0,0,0,23,2026-02-07 11:24:32.335178
SMMR,25.12,24.93,25.12,2372100.0,,,2256600.0,,0,0,0,0,0,0,0,0,0,0,0,0,0,0,0,0,0,0,0,0,0,0,0,0,0,0,0,0,0,0,0,0,0,23,2026-02-07 11:24:32.335178
ATMN,25.01,25.08,25.18,2254400.0,,8705.0,2203400.0,500.0,0,0,0,0,0,0,0,0,0,0,0,0,0,0,0,0,0,0,0,0,0,0,0,0,0,0,0,0,0,0,0,0,0,23,2026-02-07 11:24:32.335178
WNTR,25.13,25.04,25.1,2326500.0,,9262.0,2086100.0,,0,0,0,0,0,0,0,0,0,0,0,0,0,0,0,0,0,0,0,0,0,0,0,0,0,0,0,0,0,0,0,0,0,23,2026-02-07 11:24:32.335178
SPNG,24.76,24.83,25.04,100.0,2161100.0,1998600.0,3338.0,0,0,0,0,0,0,0,0,0,0,0,0,0,0,0,0,0,0,0,0,0,0,0,0,0,0,0,0,0,0,0,0,0,0,24,2026-02-07 11:24:33.510948
SMMR,25.13,25.08,25.13,10100.0,2137200.0,2258400.0,,0,0,0,0,0,0,0,0,0,0,0,0,0,0,0,0,0,0,0,0,0,0,0,0,0,0,0,0,0,0,0,0,0,0,24,2026-02-07 11:24:33.510948
ATMN,24.95,25.08,25.16,,2349200.0,2088900.0,10952.0,0,0,0,0,0,0,0,0,0,0,0,0,0,0,0,0,0,0,0,0,0,0,0,0,0,0,0,0,0,0,0,0,0,0,24,2026-02-07 11:24:33.510948
WNTR,24.97,24.95,24.97,738.0,2217300.0,1994600.0,14496.0,0,0,0,0,0,0,0,0,0,0,0,0,0,0,0,0,0,0,0,0,0,0,0,0,0,0,0,0,0,0,0,0,0,0,24,2026-02-07 11:24:33.510948
SPNG,25.35,24.94,25.35,2260300.0,2247800.0,,,0,0,0,0,0,0,0,0,0,0,0,0,0,0,0,0,0,0,0,0,0,0,0,0,0,0,0,0,0,0,0,0,0,0,25,2026-02-07 11:24:34.597509
SMMR,25.09,25.0,25.09,2386300.0,2265000.0,,,0,0,0,0,0,0,0,0,0,0,0,0,0,0,0,0,0,0,0,0,0,0,0,0,0,0,0,0,0,0,0,0,0,0,25,2026-02-07 11:24:34.597509
ATMN,24.78,24.81,25.13,2227100.0,2206200.0,4358.0,100.0,0,0,0,0,0,0,0,0,0,0,0,0,0,0,0,0,0,0,0,0,0,0,0,0,0,0,0,0,0,0,0,0,0,0,25,2026-02-07 11:24:34.597509
WNTR,25.0,25.03,25.06,2183700.0,2079300.0,5234.0,6847.0,0,0,0,0,0,0,0,0,0,0,0,0,0,0,0,0,0,0,0,0,0,0,0,0,0,0,0,0,0,0,0,0,0,0,25,2026-02-07 11:24:34.597509
SPNG,24.94,24.76,24.88,2286900.0,2047600.0,100.0,500.0,,0,0,0,0,0,0,0,0,0,0,0,0,0,0,0,0,0,0,0,0,0,0,0,0,0,0,0,0,0,0,0,0,0,26,2026-02-07 11:24:35.150059
SMMR,24.93,24.96,24.99,2362000.0,2254000.0,,,,0,0,0,0,0,0,0,0,0,0,0,0,0,0,0,0,0,0,0,0,0,0,0,0,0,0,0,0,0,0,0,0,0,26,2026-02-07 11:24:35.150059
ATMN,24.78,25.01,25.13,2233600.0,2206200.0,100.0,,4358.0,0,0,0,0,0,0,0,0,0,0,0,0,0,0,0,0,0,0,0,0,0,0,0,0,0,0,0,0,0,0,0,0,0,26,2026-02-07 11:24:35.150059
WNTR,24.95,24.95,25.06,2318800.0,2086000.0,6847.0,,,0,0,0,0,0,0,0,0,0,0,0,0,0,0,0,0,0,0,0,0,0,0,0,0,0,0,0,0,0,0,0,0,0,26,2026-02-07 11:24:35.150059
SPNG,24.61,24.79,24.87,2281200.0,2157300.0,100.0,,,,0,0,0,0,0,0,0,0,0,0,0,0,0,0,0,0,0,0,0,0,0,0,0,0,0,0,0,0,0,0,0,0,27,2026-02-07 11:24:36.207016
SMMR,24.96,24.96,24.98,2255300.0,1983600.0,8856.0,500.0,500.0,,0,0,0,0,0,0,0,0,0,0,0,0,0,0,0,0,0,0,0,0,0,0,0,0,0,0,0,0,0,0,0,0,27,2026-02-07 11:24:36.207016
ATMN,25.1,25.18,25.22,2096000.0,2308300.0,,,,5811.0,0,0,0,0,0,0,0,0,0,0,0,0,0,0,0,0,0,0,0,0,0,0,0,0,0,0,0,0,0,0,0,0,27,2026-02-07 11:24:36.207016
WNTR,24.93,24.93,24.97,2312900.0,1882300.0,26000.0,,,,0,0,0,0,0,0,0,0,0,0,0,0,0,0,0,0,0,0,0,0,0,0,0,0,0,0,0,0,0,0,0,0,27,2026-02-07 11:24:36.207016
SPNG,24.79,24.79,25.38,2273600.0,2225500.0,,,,,0,0,0,0,0,0,0,0,0,0,0,0,0,0,0,0,0,0,0,0,0,0,0,0,0,0,0,0,0,0,0,0,28,2026-02-07 11:24:37.301051
SMMR,25.09,25.02,25.07,2063600.0,2126700.0,15859.0,1951.0,,,0,0,0,0,0,0,0,0,0,0,0,0,0,0,0,0,0,0,0,0,0,0,0,0,0,0,0,0,0,0,0,0,28,2026-02-07 11:24:37.301051
ATMN,25.25,25.18,25.21,1974600.0,2194200.0,5811.0,,500.0,500.0,0,0,0,0,0,0,0,0,0,0,0,0,0,0,0,0,0,0,0,0,0,0,0,0,0,0,0,0,0,0,0,0,28,2026-02-07 11:24:37.301051
WNTR,24.93,24.93,24.95,2286000.0,1888000.0,,26000.0,,,0,0,0,0,0,0,0,0,0,0,0,0,0,0,0,0,0,0,0,0,0,0,0,0,0,0,0,0,0,0,0,0,28,2026-02-07 11:24:37.301051
SPNG,24.79,24.88,25.26,100.0,2147800.0,2126600.0,100.0,,0,0,0,0,0,0,0,0,0,0,0,0,0,0,0,0,0,0,0,0,0,0,0,0,0,0,0,0,0,0,0,0,0,29,2026-02-07 11:24:38.343644
SMMR,25.09,25.03,25.06,17611.0,1937000.0,2121600.0,1951.0,,0,0,0,0,0,0,0,0,0,0,0,0,0,0,0,0,0,0,0,0,0,0,0,0,0,0,0,0,0,0,0,0,0,29,2026-02-07 11:24:38.343644
ATMN,25.01,25.01,25.24,4358.0,2187500.0,2194200.0,100.0,,0,0,0,0,0,0,0,0,0,0,0,0,0,0,0,0,0,0,0,0,0,0,0,0,0,0,0,0,0,0,0,0,0,29,2026-02-07 11:24:38.343644
WNTR,24.97,24.92,24.97,8839.0,2054000.0,2011300.0,16847.0,500.0,0,0,0,0,0,0,0,0,0,0,0,0,0,0,0,0,0,0,0,0,0,0,0,0,0,0,0,0,0,0,0,0,0,29,2026-02-07 11:24:38.343644
SPNG,24.56,24.56,25.38,2281900.0,2213200.0,,,0,0,0,0,0,0,0,0,0,0,0,0,0,0,0,0,0,0,0,0,0,0,0,0,0,0,0,0,0,0,0,0,0,0,30,2026-02-07 11:24:39.389952
SMMR,24.93,24.93,25.01,2211300.0,2105200.0,585.0,10000.0,0,0,0,0,0,0,0,0,0,0,0,0,0,0,0,0,0,0,0,0,0,0,0,0,0,0,0,0,0,0,0,0,0,0,30,2026-02-07 11:24:39.389952
ATMN,25.01,25.01,25.25,2297700.0,2313600.0,,,0,0,0,0,0,0,0,0,0,0,0,0,0,0,0,0,0,0,0,0,0,0,0,0,0,0,0,0,0,0,0,0,0,0,30,2026-02-07 11:24:39.389952
WNTR,24.96,24.9,24.96,2314600.0,2259100.0,,,0,0,0,0,0,0,0,0,0,0,0,0,0,0,0,0,0,0,0,0,0,0,0,0,0,0,0,0,0,0,0,0,0,0,30,2026-02-07 11:24:39.389952
SPNG,24.5,24.71,24.82,2313300.0,1979000.0,100.0,500.0,,0,0,0,0,0,0,0,0,0,0,0,0,0,0,0,0,0,0,0,0,0,0,0,0,0,0,0,0,0,0,0,0,0,31,2026-02-07 11:24:40.500987
SMMR,24.92,24.92,24.94,2370900.0,1980200.0,20000.0,,,0,0,0,0,0,0,0,0,0,0,0,0,0,0,0,0,0,0,0,0,0,0,0,0,0,0,0,0,0,0,0,0,0,31,2026-02-07 11:24:40.500987
ATMN,24.88,24.88,25.28,2287700.0,2331300.0,,,,0,0,0,0,0,0,0,0,0,0,0,0,0,0,0,0,0,0,0,0,0,0,0,0,0,0,0,0,0,0,0,0,0,31,2026-02-07 11:24:40.500987
WNTR,24.96,24.94,24.95,2043600.0,2145200.0,8684.0,,8998.0,0,0,0,0,0,0,0,0,0,0,0,0,0,0,0,0,0,0,0,0,0,0,0,0,0,0,0,0,0,0,0,0,0,31,2026-02-07 11:24:40.500987
SPNG,25.38,24.77,25.26,2285700.0,2132000.0,100.0,,,0,0,0,0,0,0,0,0,0,0,0,0,0,0,0,0,0,0,0,0,0,0,0,0,0,0,0,0,0,0,0,0,0,32,2026-02-07 11:24:41.153777
SMMR,25.06,24.92,25.06,2246900.0,2224800.0,,500.0,,0,0,0,0,0,0,0,0,0,0,0,0,0,0,0,0,0,0,0,0,0,0,0,0,0,0,0,0,0,0,0,0,0,32,2026-02-07 11:24:41.153777
ATMN,24.88,25.1,25.26,2104700.0,2200700.0,9126.0,,9126.0,0,0,0,0,0,0,0,0,0,0,0,0,0,0,0,0,0,0,0,0,0,0,0,0,0,0,0,0,0,0,0,0,0,32,2026-02-07 11:24:41.153777
WNTR,24.97,24.98,25.0,2044400.0,2226100.0,,,8998.0,0,0,0,0,0,0,0,0,0,0,0,0,0,0,0,0,0,0,0,0,0,0,0,0,0,0,0,0,0,0,0,0,0,32,2026-02-07 11:24:41.153777
SPNG,24.71,24.71,25.03,2313300.0,2019100.0,932.0,,0,0,0,0,0,0,0,0,0,0,0,0,0,0,0,0,0,0,0,0,0,0,0,0,0,0,0,0,0,0,0,0,0,0,33,2026-02-07 11:24:42.199968
SMMR,25.06,24.95,25.06,2216000.0,2190700.0,,10000.0,0,0,0,0,0,0,0,0,0,0,0,0,0,0,0,0,0,0,0,0,0,0,0,0,0,0,0,0,0,0,0,0,0,0,33,2026-02-07 11:24:42.199968
ATMN,25.02,25.02,25.26,2235100.0,2103500.0,9226.0,,0,0,0,0,0,0,0,0,0,0,0,0,0,0,0,0,0,0,0,0,0,0,0,0,0,0,0,0,0,0,0,0,0,0,33,2026-02-07 11:24:42.199968
WNTR,24.97,24.98,24.99,1942900.0,2137700.0,100.0,17837.0,0,0,0,0,0,0,0,0,0,0,0,0,0,0,0,0,0,0,0,0,0,0,0,0,0,0,0,0,0,0,0,0,0,0,33,2026-02-07 11:24:42.199968
SPNG,25.03,24.73,25.01,1690.0,2195300.0,2622.0,1913800.0,,0,0,0,0,0,0,0,0,0,0,0,0,0,0,0,0,0,0,0,0,0,0,0,0,0,0,0,0,0,0,0,0,0,34,2026-02-07 11:24:43.240254
SMMR,25.08,24.98,25.08,10100.0,2105800.0,,2206600.0,,0,0,0,0,0,0,0,0,0,0,0,0,0,0,0,0,0,0,0,0,0,0,0,0,0,0,0,0,0,0,0,0,0,34,2026-02-07 11:24:43.240254
ATMN,25.33,25.09,25.33,,2225400.0,,2320000.0,,0,0,0,0,0,0,0,0,0,0,0,0,0,0,0,0,0,0,0,0,0,0,0,0,0,0,0,0,0,0,0,0,0,34,2026-02-07 11:24:43.240254
WNTR,24.9,24.9,24.99,,2174600.0,8163.0,2008500.0,500.0,0,0,0,0,0,0,0,0,0,0,0,0,0,0,0,0,0,0,0,0,0,0,0,0,0,0,0,0,0,0,0,0,0,34,2026-02-07 11:24:43.240254
SPNG,25.2,24.75,25.2,1790.0,2069500.0,2007800.0,932.0,0,0,0,0,0,0,0,0,0,0,0,0,0,0,0,0,0,0,0,0,0,0,0,0,0,0,0,0,0,0,0,0,0,0,35,2026-02-07 11:24:44.291333
SMMR,25.01,24.98,25.01,10100.0,2105800.0,2232900.0,,0,0,0,0,0,0,0,0,0,0,0,0,0,0,0,0,0,0,0,0,0,0,0,0,0,0,0,0,0,0,0,0,0,0,35,2026-02-07 11:24:44.291333
ATMN,25.33,25.11,25.29,8065.0,2124400.0,2208800.0,8065.0,0,0,0,0,0,0,0,0,0,0,0,0,0,0,0,0,0,0,0,0,0,0,0,0,0,0,0,0,0,0,0,0,0,0,35,2026-02-07 11:24:44.291333
WNTR,24.89,24.89,24.92,,2299400.0,1885700.0,18163.0,0,0,0,0,0,0,0,0,0,0,0,0,0,0,0,0,0,0,0,0,0,0,0,0,0,0,0,0,0,0,0,0,0,0,35,2026-02-07 11:24:44.291333
SPNG,24.71,24.71,25.0,2289800.0,500.0,100.0,2019100.0,,0,0,0,0,0,0,0,0,0,0,0,0,0,0,0,0,0,0,0,0,0,0,0,0,0,0,0,0,0,0,0,0,0,36,2026-02-07 11:24:45.332709
SMMR,25.13,24.99,25.13,2198200.0,,,2219000.0,1475.0,0,0,0,0,0,0,0,0,0,0,0,0,0,0,0,0,0,0,0,0,0,0,0,0,0,0,0,0,0,0,0,0,0,36,2026-02-07 11:24:45.332709
ATMN,25.33,25.11,25.27,2102300.0,,1854.0,2208800.0,100.0,0,0,0,0,0,0,0,0,0,0,0,0,0,0,0,0,0,0,0,0,0,0,0,0,0,0,0,0,0,0,0,0,0,36,2026-02-07 11:24:45.332709
WNTR,24.88,24.88,24.91,2296400.0,,7837.0,2133000.0,,0,0,0,0,0,0,0,0,0,0,0,0,0,0,0,0,0,0,0,0,0,0,0,0,0,0,0,0,0,0,0,0,0,36,2026-02-07 11:24:45.332709
SPNG,25.2,25.2,25.26,2247300.0,2246300.0,,,,,0,0,0,0,0,0,0,0,0,0,0,0,0,0,0,0,0,0,0,0,0,0,0,0,0,0,0,0,0,0,0,0,37,2026-02-07 11:24:46.374384
SMMR,25.09,24.99,25.07,2085400.0,1961800.0,1475.0,500.0,9900.0,500.0,0,0,0,0,0,0,0,0,0,0,0,0,0,0,0,0,0,0,0,0,0,0,0,0,0,0,0,0,0,0,0,0,37,2026-02-07 11:24:46.374384
ATMN,25.09,25.09,25.24,2226700.0,2229600.0,,,9920.0,,0,0,0,0,0,0,0,0,0,0,0,0,0,0,0,0,0,0,0,0,0,0,0,0,0,0,0,0,0,0,0,0,37,2026-02-07 11:24:46.374384
WNTR,24.87,24.87,24.92,2329000.0,2234000.0,,,,,0,0,0,0,0,0,0,0,0,0,0,0,0,0,0,0,0,0,0,0,0,0,0,0,0,0,0,0,0,0,0,0,37,2026-02-07 11:24:46.374384
SPNG,25.18,24.53,25.02,2285700.0,2106100.0,100.0,,,,0,0,0,0,0,0,0,0,0,0,0,0,0,0,0,0,0,0,0,0,0,0,0,0,0,0,0,0,0,0,0,0,38,2026-02-07 11:24:47.423341
SMMR,25.09,25.05,25.07,2223300.0,2055100.0,9900.0,1475.0,,,0,0,0,0,0,0,0,0,0,0,0,0,0,0,0,0,0,0,0,0,0,0,0,0,0,0,0,0,0,0,0,0,38,2026-02-07 11:24:47.423341
ATMN,25.09,25.1,25.23,2161200.0,1978500.0,10020.0,,500.0,500.0,0,0,0,0,0,0,0,0,0,0,0,0,0,0,0,0,0,0,0,0,0,0,0,0,0,0,0,0,0,0,0,0,38,2026-02-07 11:24:47.423341
WNTR,24.86,24.86,24.91,2348700.0,2092200.0,7961.0,,,,0,0,0,0,0,0,0,0,0,0,0,0,0,0,0,0,0,0,0,0,0,0,0,0,0,0,0,0,0,0,0,0,38,2026-02-07 11:24:47.423341
SPNG,24.92,24.92,24.94,2178500.0,160.0,5100.0,2000100.0,,,0,0,0,0,0,0,0,0,0,0,0,0,0,0,0,0,0,0,0,0,0,0,0,0,0,0,0,0,0,0,0,0,39,2026-02-07 11:24:48.491448
SMMR,25.09,25.06,25.07,2127800.0,9301.0,9900.0,2055100.0,,,0,0,0,0,0,0,0,0,0,0,0,0,0,0,0,0,0,0,0,0,0,0,0,0,0,0,0,0,0,0,0,0,39,2026-02-07 11:24:48.491448
ATMN,25.35,25.3,25.35,2277200.0,,,2326700.0,,,0,0,0,0,0,0,0,0,0,0,0,0,0,0,0,0,0,0,0,0,0,0,0,0,0,0,0,0,0,0,0,0,39,2026-02-07 11:24:48.491448
WNTR,24.86,24.84,24.86,2072200.0,8804.0,8624.0,1852200.0,500.0,500.0,0,0,0,0,0,0,0,0,0,0,0,0,0,0,0,0,0,0,0,0,0,0,0,0,0,0,0,0,0,0,0,0,39,2026-02-07 11:24:48.491448
SPNG,24.61,24.61,25.02,2080800.0,500.0,261.0,2205000.0,,0,0,0,0,0,0,0,0,0,0,0,0,0,0,0,0,0,0,0,0,0,0,0,0,0,0,0,0,0,0,0,0,0,40,2026-02-07 11:24:49.602805
SMMR,25.08,25.05,25.06,2343200.0,,,2169900.0,,0,0,0,0,0,0,0,0,0,0,0,0,0,0,0,0,0,0,0,0,0,0,0,0,0,0,0,0,0,0,0,0,0,40,2026-02-07 11:24:49.602805
ATMN,25.1,25.1,25.34,2264100.0,,,2213400.0,7561.0,0,0,0,0,0,0,0,0,0,0,0,0,0,0,0,0,0,0,0,0,0,0,0,0,0,0,0,0,0,0,0,0,0,40,2026-02-07 11:24:49.602805
WNTR,24.92,24.97,24.98,2207300.0,,7732.0,2088800.0,1991.0,0,0,0,0,0,0,0,0,0,0,0,0,0,0,0,0,0,0,0,0,0,0,0,0,0,0,0,0,0,0,0,0,0,40,2026-02-07 11:24:49.602805
SPNG,25.02,25.08,25.24,2100400.0,500.0,261.0,2192300.0,0,0,0,0,0,0,0,0,0,0,0,0,0,0,0,0,0,0,0,0,0,0,0,0,0,0,0,0,0,0,0,0,0,0,41,2026-02-07 11:24:50.203405
SMMR,25.13,25.05,25.13,2343200.0,,,2172900.0,0,0,0,0,0,0,0,0,0,0,0,0,0,0,0,0,0,0,0,0,0,0,0,0,0,0,0,0,0,0,0,0,0,0,41,2026-02-07 11:24:50.203405
ATMN,25.36,25.19,25.36,2282900.0,,,2331800.0,0,0,0,0,0,0,0,0,0,0,0,0,0,0,0,0,0,0,0,0,0,0,0,0,0,0,0,0,0,0,0,0,0,0,41,2026-02-07 11:24:50.203405
WNTR,24.98,24.83,24.98,2311200.0,,,2220200.0,0,0,0,0,0,0,0,0,0,0,0,0,0,0,0,0,0,0,0,0,0,0,0,0,0,0,0,0,0,0,0,0,0,0,41,2026-02-07 11:24:50.203405
SPNG,24.9,25.04,25.19,2250200.0,261.0,6048.0,2093400.0,,0,0,0,0,0,0,0,0,0,0,0,0,0,0,0,0,0,0,0,0,0,0,0,0,0,0,0,0,0,0,0,0,0,42,2026-02-07 11:24:51.249868
SMMR,25.01,25.01,25.11,2330600.0,,7646.0,1947100.0,500.0,0,0,0,0,0,0,0,0,0,0,0,0,0,0,0,0,0,0,0,0,0,0,0,0,0,0,0,0,0,0,0,0,0,42,2026-02-07 11:24:51.249868
ATMN,25.36,25.27,25.36,2174900.0,7472.0,,2317800.0,,0,0,0,0,0,0,0,0,0,0,0,0,0,0,0,0,0,0,0,0,0,0,0,0,0,0,0,0,0,0,0,0,0,42,2026-02-07 11:24:51.249868
WNTR,24.83,24.83,24.92,2333100.0,,7732.0,2129000.0,,0,0,0,0,0,0,0,0,0,0,0,0,0,0,0,0,0,0,0,0,0,0,0,0,0,0,0,0,0,0,0,0,0,42,2026-02-07 11:24:51.249868
SPNG,25.04,24.61,24.89,2230900.0,261.0,2006200.0,6148.0,0,0,0,0,0,0,0,0,0,0,0,0,0,0,0,0,0,0,0,0,0,0,0,0,0,0,0,0,0,0,0,0,0,0,43,2026-02-07 11:24:52.291321
SMMR,25.08,25.08,25.11,2189100.0,3777.0,2061300.0,7646.0,0,0,0,0,0,0,0,0,0,0,0,0,0,0,0,0,0,0,0,0,0,0,0,0,0,0,0,0,0,0,0,0,0,0,43,2026-02-07 11:24:52.291321
ATMN,25.19,25.19,25.37,2282900.0,,2195200.0,2288.0,0,0,0,0,0,0,0,0,0,0,0,0,0,0,0,0,0,0,0,0,0,0,0,0,0,0,0,0,0,0,0,0,0,0,43,2026-02-07 11:24:52.291321
WNTR,24.92,24.85,24.88,2206400.0,7726.0,2135200.0,7732.0,0,0,0,0,0,0,0,0,0,0,0,0,0,0,0,0,0,0,0,0,0,0,0,0,0,0,0,0,0,0,0,0,0,0,43,2026-02-07 11:24:52.291321
SPNG,24.89,24.8,24.89,2199800.0,261.0,2006200.0,6148.0,0,0,0,0,0,0,0,0,0,0,0,0,0,0,0,0,0,0,0,0,0,0,0,0,0,0,0,0,0,0,0,0,0,0,44,2026-02-07 11:24:53.331436
SMMR,25.07,25.12,25.21,2234100.0,3777.0,2193700.0,,0,0,0,0,0,0,0,0,0,0,0,0,0,0,0,0,0,0,0,0,0,0,0,0,0,0,0,0,0,0,0,0,0,0,44,2026-02-07 11:24:53.331436
ATMN,25.19,25.2,25.35,2179200.0,100.0,2088900.0,5933.0,0,0,0,0,0,0,0,0,0,0,0,0,0,0,0,0,0,0,0,0,0,0,0,0,0,0,0,0,0,0,0,0,0,0,44,2026-02-07 11:24:53.331436
WNTR,24.81,24.81,24.85,2326400.0,,2008300.0,8608.0,0,0,0,0,0,0,0,0,0,0,0,0,0,0,0,0,0,0,0,0,0,0,0,0,0,0,0,0,0,0,0,0,0,0,44,2026-02-07 11:24:53.331436
SPNG,24.89,24.8,24.86,2208500.0,261.0,10718.0,1854800.0,,,0,0,0,0,0,0,0,0,0,0,0,0,0,0,0,0,0,0,0,0,0,0,0,0,0,0,0,0,0,0,0,0,45,2026-02-07 11:24:54.373565
SMMR,25.05,25.05,25.09,2216200.0,3777.0,7366.0,2092300.0,,,0,0,0,0,0,0,0,0,0,0,0,0,0,0,0,0,0,0,0,0,0,0,0,0,0,0,0,0,0,0,0,0,45,2026-02-07 11:24:54.373565
ATMN,25.39,25.22,25.39,2061100.0,200.0,,2353500.0,,,0,0,0,0,0,0,0,0,0,0,0,0,0,0,0,0,0,0,0,0,0,0,0,0,0,0,0,0,0,0,0,0,45,2026-02-07 11:24:54.373565
WNTR,24.83,24.84,24.85,2090000.0,2035.0,8608.0,1881100.0,500.0,500.0,0,0,0,0,0,0,0,0,0,0,0,0,0,0,0,0,0,0,0,0,0,0,0,0,0,0,0,0,0,0,0,0,45,2026-02-07 11:24:54.373565
SPNG,24.78,24.74,24.78,2345300.0,2220300.0,,,0,0,0,0,0,0,0,0,0,0,0,0,0,0,0,0,0,0,0,0,0,0,0,0,0,0,0,0,0,0,0,0,0,0,46,2026-02-07 11:24:55.422573
SMMR,25.05,25.06,25.08,2237800.0,2092300.0,7270.0,7270.0,0,0,0,0,0,0,0,0,0,0,0,0,0,0,0,0,0,0,0,0,0,0,0,0,0,0,0,0,0,0,0,0,0,0,46,2026-02-07 11:24:55.422573
ATMN,25.39,25.28,25.39,2285200.0,2235000.0,,100.0,0,0,0,0,0,0,0,0,0,0,0,0,0,0,0,0,0,0,0,0,0,0,0,0,0,0,0,0,0,0,0,0,0,0,46,2026-02-07 11:24:55.422573
WNTR,24.88,24.84,24.88,2081300.0,2234400.0,12159.0,,0,0,0,0,0,0,0,0,0,0,0,0,0,0,0,0,0,0,0,0,0,0,0,0,0,0,0,0,0,0,0,0,0,0,46,2026-02-07 11:24:55.422573
SPNG,24.77,24.97,25.15,2357200.0,2193700.0,,,,0,0,0,0,0,0,0,0,0,0,0,0,0,0,0,0,0,0,0,0,0,0,0,0,0,0,0,0,0,0,0,0,0,47,2026-02-07 11:24:56.502389
SMMR,25.07,25.07,25.08,2212400.0,2092300.0,500.0,7270.0,,0,0,0,0,0,0,0,0,0,0,0,0,0,0,0,0,0,0,0,0,0,0,0,0,0,0,0,0,0,0,0,0,0,47,2026-02-07 11:24:56.502389
ATMN,25.19,25.1,25.17,2288000.0,2014300.0,,1200.0,,0,0,0,0,0,0,0,0,0,0,0,0,0,0,0,0,0,0,0,0,0,0,0,0,0,0,0,0,0,0,0,0,0,47,2026-02-07 11:24:56.502389
WNTR,24.88,24.85,24.86,1948800.0,2139100.0,,6504.0,19395.0,0,0,0,0,0,0,0,0,0,0,0,0,0,0,0,0,0,0,0,0,0,0,0,0,0,0,0,0,0,0,0,0,0,47,2026-02-07 11:24:56.502389
SPNG,24.72,24.78,25.09,2048.0,2212700.0,2106700.0,100.0,,,0,0,0,0,0,0,0,0,0,0,0,0,0,0,0,0,0,0,0,0,0,0,0,0,0,0,0,0,0,0,0,0,48,2026-02-07 11:24:57.618833
SMMR,25.07,25.07,25.09,,2309600.0,2079900.0,3367.0,,,0,0,0,0,0,0,0,0,0,0,0,0,0,0,0,0,0,0,0,0,0,0,0,0,0,0,0,0,0,0,0,0,48,2026-02-07 11:24:57.618833
ATMN,25.39,25.21,25.36,8386.0,2071300.0,1803600.0,5270.0,500.0,500.0,0,0,0,0,0,0,0,0,0,0,0,0,0,0,0,0,0,0,0,0,0,0,0,0,0,0,0,0,0,0,0,0,48,2026-02-07 11:24:57.618833
WNTR,24.84,24.84,24.88,7436.0,2209400.0,2234400.0,,,,0,0,0,0,0,0,0,0,0,0,0,0,0,0,0,0,0,0,0,0,0,0,0,0,0,0,0,0,0,0,0,0,48,2026-02-07 11:24:57.618833
SPNG,24.72,24.8,24.97,2148.0,2112800.0,3766.0,1882100.0,0,0,0,0,0,0,0,0,0,0,0,0,0,0,0,0,0,0,0,0,0,0,0,0,0,0,0,0,0,0,0,0,0,0,49,2026-02-07 11:24:58.674804
SMMR,25.07,25.05,25.06,4301.0,2201600.0,,2211500.0,0,0,0,0,0,0,0,0,0,0,0,0,0,0,0,0,0,0,0,0,0,0,0,0,0,0,0,0,0,0,0,0,0,0,49,2026-02-07 11:24:58.674804
ATMN,25.09,25.27,25.31,662.0,2075800.0,15270.0,1778900.0,0,0,0,0,0,0,0,0,0,0,0,0,0,0,0,0,0,0,0,0,0,0,0,0,0,0,0,0,0,0,0,0,0,0,49,2026-02-07 11:24:58.674804
WNTR,24.88,24.9,24.92,7436.0,2177300.0,,2228200.0,0,0,0,0,0,0,0,0,0,0,0,0,0,0,0,0,0,0,0,0,0,0,0,0,0,0,0,0,0,0,0,0,0,0,49,2026-02-07 11:24:58.674804
SPNG,24.85,24.85,25.09,2343400.0,2242200.0,,,0,0,0,0,0,0,0,0,0,0,0,0,0,0,0,0,0,0,0,0,0,0,0,0,0,0,0,0,0,0,0,0,0,0,50,2026-02-07 11:24:59.729536
SMMR,25.07,25.05,25.06,2161400.0,2075400.0,8804.0,8804.0,0,0,0,0,0,0,0,0,0,0,0,0,0,0,0,0,0,0,0,0,0,0,0,0,0,0,0,0,0,0,0,0,0,0,50,2026-02-07 11:24:59.729536
ATMN,25.32,25.12,25.31,2176300.0,2358000.0,6453.0,,0,0,0,0,0,0,0,0,0,0,0,0,0,0,0,0,0,0,0,0,0,0,0,0,0,0,0,0,0,0,0,0,0,0,50,2026-02-07 11:24:59.729536
WNTR,24.81,24.81,24.86,2322500.0,2148100.0,,9022.0,0,0,0,0,0,0,0,0,0,0,0,0,0,0,0,0,0,0,0,0,0,0,0,0,0,0,0,0,0,0,0,0,0,0,50,2026-02-07 11:24:59.729536
SPNG,24.61,24.61,25.01,2351700.0,10003.0,2016700.0,,0,0,0,0,0,0,0,0,0,0,0,0,0,0,0,0,0,0,0,0,0,0,0,0,0,0,0,0,0,0,0,0,0,0,51,2026-02-07 11:25:00.274434
SMMR,25.07,25.05,25.06,2131800.0,8804.0,2077300.0,8804.0,0,0,0,0,0,0,0,0,0,0,0,0,0,0,0,0,0,0,0,0,0,0,0,0,0,0,0,0,0,0,0,0,0,0,51,2026-02-07 11:25:00.274434
ATMN,25.32,25.28,25.31,2070500.0,8604.0,2240700.0,7792.0,0,0,0,0,0,0,0,0,0,0,0,0,0,0,0,0,0,0,0,0,0,0,0,0,0,0,0,0,0,0,0,0,0,0,51,2026-02-07 11:25:00.274434
WNTR,24.96,24.81,24.9,2322500.0,,2232900.0,,0,0,0,0,0,0,0,0,0,0,0,0,0,0,0,0,0,0,0,0,0,0,0,0,0,0,0,0,0,0,0,0,0,0,51,2026-02-07 11:25:00.274434
SPNG,24.87,24.91,25.0,2249500.0,100.0,100.0,2115400.0,0,0,0,0,0,0,0,0,0,0,0,0,0,0,0,0,0,0,0,0,0,0,0,0,0,0,0,0,0,0,0,0,0,0,52,2026-02-07 11:25:01.317354
SMMR,25.12,25.21,25.26,2010900.0,8904.0,,2182900.0,0,0,0,0,0,0,0,0,0,0,0,0,0,0,0,0,0,0,0,0,0,0,0,0,0,0,0,0,0,0,0,0,0,0,52,2026-02-07 11:25:01.317354
ATMN,25.31,25.29,25.3,1858900.0,7992.0,8704.0,2148100.0,0,0,0,0,0,0,0,0,0,0,0,0,0,0,0,0,0,0,0,0,0,0,0,0,0,0,0,0,0,0,0,0,0,0,52,2026-02-07 11:25:01.317354
WNTR,24.91,24.8,24.91,2331700.0,,,2193100.0,0,0,0,0,0,0,0,0,0,0,0,0,0,0,0,0,0,0,0,0,0,0,0,0,0,0,0,0,0,0,0,0,0,0,52,2026-02-07 11:25:01.317354
SPNG,25.0,25.06,25.09,2019000.0,5903.0,2217600.0,,0,0,0,0,0,0,0,0,0,0,0,0,0,0,0,0,0,0,0,0,0,0,0,0,0,0,0,0,0,0,0,0,0,0,53,2026-02-07 11:25:02.359251
SMMR,24.94,24.94,25.15,2303400.0,,2048100.0,493.0,0,0,0,0,0,0,0,0,0,0,0,0,0,0,0,0,0,0,0,0,0,0,0,0,0,0,0,0,0,0,0,0,0,0,53,2026-02-07 11:25:02.359251
ATMN,25.28,25.28,25.29,2103100.0,7792.0,2015800.0,10012.0,0,0,0,0,0,0,0,0,0,0,0,0,0,0,0,0,0,0,0,0,0,0,0,0,0,0,0,0,0,0,0,0,0,0,53,2026-02-07 11:25:02.359251
WNTR,24.99,24.8,24.99,2325400.0,,2213300.0,,0,0,0,0,0,0,0,0,0,0,0,0,0,0,0,0,0,0,0,0,0,0,0,0,0,0,0,0,0,0,0,0,0,0,53,2026-02-07 11:25:02.359251
SPNG,24.91,24.87,24.9,2226700.0,100.0,2121000.0,3404.0,0,0,0,0,0,0,0,0,0,0,0,0,0,0,0,0,0,0,0,0,0,0,0,0,0,0,0,0,0,0,0,0,0,0,54,2026-02-07 11:25:03.395977
SMMR,25.26,24.97,25.18,2183700.0,6299.0,2154500.0,,0,0,0,0,0,0,0,0,0,0,0,0,0,0,0,0,0,0,0,0,0,0,0,0,0,0,0,0,0,0,0,0,0,0,54,2026-02-07 11:25:03.395977
ATMN,25.3,25.28,25.3,1928300.0,8435.0,2014300.0,10012.0,0,0,0,0,0,0,0,0,0,0,0,0,0,0,0,0,0,0,0,0,0,0,0,0,0,0,0,0,0,0,0,0,0,0,54,2026-02-07 11:25:03.395977
WNTR,24.99,24.82,24.88,2193800.0,100.0,2116800.0,8590.0,0,0,0,0,0,0,0,0,0,0,0,0,0,0,0,0,0,0,0,0,0,0,0,0,0,0,0,0,0,0,0,0,0,0,54,2026-02-07 11:25:03.395977
SPNG,24.9,24.87,24.9,2220500.0,100.0,2125100.0,3404.0,0,0,0,0,0,0,0,0,0,0,0,0,0,0,0,0,0,0,0,0,0,0,0,0,0,0,0,0,0,0,0,0,0,0,55,2026-02-07 11:25:04.429075
SMMR,25.18,24.94,25.18,2327500.0,,2154500.0,,0,0,0,0,0,0,0,0,0,0,0,0,0,0,0,0,0,0,0,0,0,0,0,0,0,0,0,0,0,0,0,0,0,0,55,2026-02-07 11:25:04.429075
ATMN,25.3,25.28,25.3,1919600.0,8435.0,2014300.0,10012.0,0,0,0,0,0,0,0,0,0,0,0,0,0,0,0,0,0,0,0,0,0,0,0,0,0,0,0,0,0,0,0,0,0,0,55,2026-02-07 11:25:04.429075
WNTR,24.88,24.8,24.88,2325400.0,,2116800.0,8590.0,0,0,0,0,0,0,0,0,0,0,0,0,0,0,0,0,0,0,0,0,0,0,0,0,0,0,0,0,0,0,0,0,0,0,55,2026-02-07 11:25:04.429075
SPNG,24.97,24.72,24.86,2356600.0,100.0,2087700.0,,0,0,0,0,0,0,0,0,0,0,0,0,0,0,0,0,0,0,0,0,0,0,0,0,0,0,0,0,0,0,0,0,0,0,56,2026-02-07 11:25:05.505267
SMMR,24.94,24.99,25.1,2346700.0,405.0,2040300.0,,0,0,0,0,0,0,0,0,0,0,0,0,0,0,0,0,0,0,0,0,0,0,0,0,0,0,0,0,0,0,0,0,0,0,56,2026-02-07 11:25:05.505267
ATMN,25.43,25.36,25.43,2155800.0,,2328300.0,1831.0,0,0,0,0,0,0,0,0,0,0,0,0,0,0,0,0,0,0,0,0,0,0,0,0,0,0,0,0,0,0,0,0,0,0,56,2026-02-07 11:25:05.505267
WNTR,24.9,24.89,24.9,2287600.0,,2223200.0,,0,0,0,0,0,0,0,0,0,0,0,0,0,0,0,0,0,0,0,0,0,0,0,0,0,0,0,0,0,0,0,0,0,0,56,2026-02-07 11:25:05.505267
SPNG,24.81,24.81,25.15,2324500.0,2188200.0,,0,0,0,0,0,0,0,0,0,0,0,0,0,0,0,0,0,0,0,0,0,0,0,0,0,0,0,0,0,0,0,0,0,0,0,57,2026-02-07 11:25:06.570320
SMMR,25.06,25.06,25.17,2312900.0,2150600.0,,0,0,0,0,0,0,0,0,0,0,0,0,0,0,0,0,0,0,0,0,0,0,0,0,0,0,0,0,0,0,0,0,0,0,0,57,2026-02-07 11:25:06.570320
ATMN,25.43,25.45,25.47,2151900.0,2327600.0,2441.0,0,0,0,0,0,0,0,0,0,0,0,0,0,0,0,0,0,0,0,0,0,0,0,0,0,0,0,0,0,0,0,0,0,0,0,57,2026-02-07 11:25:06.570320
WNTR,24.85,24.89,24.9,2284400.0,2223200.0,,0,0,0,0,0,0,0,0,0,0,0,0,0,0,0,0,0,0,0,0,0,0,0,0,0,0,0,0,0,0,0,0,0,0,0,57,2026-02-07 11:25:06.570320
SPNG,24.72,24.72,24.87,2333300.0,2194300.0,0,0,0,0,0,0,0,0,0,0,0,0,0,0,0,0,0,0,0,0,0,0,0,0,0,0,0,0,0,0,0,0,0,0,0,0,58,2026-02-07 11:25:07.687969
SMMR,25.06,25.06,25.12,2298900.0,2155700.0,0,0,0,0,0,0,0,0,0,0,0,0,0,0,0,0,0,0,0,0,0,0,0,0,0,0,0,0,0,0,0,0,0,0,0,0,58,2026-02-07 11:25:07.687969
ATMN,25.48,25.47,25.48,2266700.0,2344400.0,0,0,0,0,0,0,0,0,0,0,0,0,0,0,0,0,0,0,0,0,0,0,0,0,0,0,0,0,0,0,0,0,0,0,0,0,58,2026-02-07 11:25:07.687969
WNTR,24.98,24.98,24.99,2298200.0,2213300.0,0,0,0,0,0,0,0,0,0,0,0,0,0,0,0,0,0,0,0,0,0,0,0,0,0,0,0,0,0,0,0,0,0,0,0,0,58,2026-02-07 11:25:07.687969
SPNG,25.24,25.06,25.24,2330600.0,2217600.0,0,0,0,0,0,0,0,0,0,0,0,0,0,0,0,0,0,0,0,0,0,0,0,0,0,0,0,0,0,0,0,0,0,0,0,0,59,2026-02-07 11:25:08.738398
SMMR,25.17,25.05,25.17,2283700.0,2150600.0,0,0,0,0,0,0,0,0,0,0,0,0,0,0,0,0,0,0,0,0,0,0,0,0,0,0,0,0,0,0,0,0,0,0,0,0,59,2026-02-07 11:25:08.738398
ATMN,25.48,25.47,25.48,2295900.0,2344400.0,0,0,0,0,0,0,0,0,0,0,0,0,0,0,0,0,0,0,0,0,0,0,0,0,0,0,0,0,0,0,0,0,0,0,0,0,59,2026-02-07 11:25:08.738398
WNTR,24.99,24.91,24.99,2287400.0,2213300.0,0,0,0,0,0,0,0,0,0,0,0,0,0,0,0,0,0,0,0,0,0,0,0,0,0,0,0,0,0,0,0,0,0,0,0,0,59,2026-02-07 11:25:08.738398
SPNG,25.06,24.01,25.14,983900.0,801800.0,0,0,0,0,0,0,0,0,0,0,0,0,0,0,0,0,0,0,0,0,0,0,0,0,0,0,0,0,0,0,0,0,0,0,0,0,60,2026-02-07 11:25:09.309112
SMMR,25.04,25.1,0.0,200000.0,,0,0,0,0,0,0,0,0,0,0,0,0,0,0,0,0,0,0,0,0,0,0,0,0,0,0,0,0,0,0,0,0,0,0,0,0,60,2026-02-07 11:25:09.309112
ATMN,25.49,24.81,0.0,200000.0,,0,0,0,0,0,0,0,0,0,0,0,0,0,0,0,0,0,0,0,0,0,0,0,0,0,0,0,0,0,0,0,0,0,0,0,0,60,2026-02-07 11:25:09.309112
WNTR,24.99,23.69,0.0,200000.0,,0,0,0,0,0,0,0,0,0,0,0,0,0,0,0,0,0,0,0,0,0,0,0,0,0,0,0,0,0,0,0,0,0,0,0,0,60,2026-02-07 11:25:09.309112
SPNG,24.01,24.01,24.49,1022500.0,999400.0,0,0,0,0,0,0,0,0,0,0,0,0,0,0,0,0,0,0,0,0,0,0,0,0,0,0,0,0,0,0,0,0,0,0,0,0,61,2026-02-07 11:25:10.386748
SMMR,25.34,25.34,25.51,1036800.0,972700.0,0,0,0,0,0,0,0,0,0,0,0,0,0,0,0,0,0,0,0,0,0,0,0,0,0,0,0,0,0,0,0,0,0,0,0,0,61,2026-02-07 11:25:10.386748
ATMN,24.81,24.81,25.09,928300.0,981400.0,0,0,0,0,0,0,0,0,0,0,0,0,0,0,0,0,0,0,0,0,0,0,0,0,0,0,0,0,0,0,0,0,0,0,0,0,61,2026-02-07 11:25:10.386748
WNTR,24.99,23.69,23.72,963800.0,1170400.0,0,0,0,0,0,0,0,0,0,0,0,0,0,0,0,0,0,0,0,0,0,0,0,0,0,0,0,0,0,0,0,0,0,0,0,0,61,2026-02-07 11:25:10.386748
SPNG,24.01,23.82,23.91,1307700.0,1140400.0,0,0,0,0,0,0,0,0,0,0,0,0,0,0,0,0,0,0,0,0,0,0,0,0,0,0,0,0,0,0,0,0,0,0,0,0,62,2026-02-07 11:25:11.441425
SMMR,25.34,25.34,25.51,1036800.0,1301500.0,0,0,0,0,0,0,0,0,0,0,0,0,0,0,0,0,0,0,0,0,0,0,0,0,0,0,0,0,0,0,0,0,0,0,0,0,62,2026-02-07 11:25:11.441425
ATMN,24.81,24.81,25.04,928300.0,1336200.0,0,0,0,0,0,0,0,0,0,0,0,0,0,0,0,0,0,0,0,0,0,0,0,0,0,0,0,0,0,0,0,0,0,0,0,0,62,2026-02-07 11:25:11.441425
WNTR,23.72,23.91,24.0,1108600.0,1196100.0,0,0,0,0,0,0,0,0,0,0,0,0,0,0,0,0,0,0,0,0,0,0,0,0,0,0,0,0,0,0,0,0,0,0,0,0,62,2026-02-07 11:25:11.441425
SPNG,23.82,23.82,24.49,1307700.0,999400.0,0,0,0,0,0,0,0,0,0,0,0,0,0,0,0,0,0,0,0,0,0,0,0,0,0,0,0,0,0,0,0,0,0,0,0,0,63,2026-02-07 11:25:12.475894
SMMR,25.34,25.34,25.43,1036800.0,1702200.0,0,0,0,0,0,0,0,0,0,0,0,0,0,0,0,0,0,0,0,0,0,0,0,0,0,0,0,0,0,0,0,0,0,0,0,0,63,2026-02-07 11:25:12.475894
ATMN,24.65,24.65,24.91,986700.0,1447400.0,0,0,0,0,0,0,0,0,0,0,0,0,0,0,0,0,0,0,0,0,0,0,0,0,0,0,0,0,0,0,0,0,0,0,0,0,63,2026-02-07 11:25:12.475894
WNTR,23.62,23.62,24.0,1017700.0,1404900.0,0,0,0,0,0,0,0,0,0,0,0,0,0,0,0,0,0,0,0,0,0,0,0,0,0,0,0,0,0,0,0,0,0,0,0,0,63,2026-02-07 11:25:12.475894
SPNG,23.82,23.82,24.39,1307700.0,1364600.0,0,0,0,0,0,0,0,0,0,0,0,0,0,0,0,0,0,0,0,0,0,0,0,0,0,0,0,0,0,0,0,0,0,0,0,0,64,2026-02-07 11:25:13.513992
SMMR,24.86,24.86,25.13,916000.0,1928300.0,0,0,0,0,0,0,0,0,0,0,0,0,0,0,0,0,0,0,0,0,0,0,0,0,0,0,0,0,0,0,0,0,0,0,0,0,64,2026-02-07 11:25:13.513992
ATMN,25.04,24.82,25.04,1088600.0,1336200.0,0,0,0,0,0,0,0,0,0,0,0,0,0,0,0,0,0,0,0,0,0,0,0,0,0,0,0,0,0,0,0,0,0,0,0,0,64,2026-02-07 11:25:13.513992
WNTR,23.8,23.8,24.0,1153800.0,1524600.0,0,0,0,0,0,0,0,0,0,0,0,0,0,0,0,0,0,0,0,0,0,0,0,0,0,0,0,0,0,0,0,0,0,0,0,0,64,2026-02-07 11:25:13.513992
SPNG,23.78,23.78,24.35,1055300.0,1600900.0,,0,0,0,0,0,0,0,0,0,0,0,0,0,0,0,0,0,0,0,0,0,0,0,0,0,0,0,0,0,0,0,0,0,0,0,65,2026-02-07 11:25:14.546658
SMMR,24.89,24.86,24.89,1168300.0,2038200.0,,0,0,0,0,0,0,0,0,0,0,0,0,0,0,0,0,0,0,0,0,0,0,0,0,0,0,0,0,0,0,0,0,0,0,0,65,2026-02-07 11:25:14.546658
ATMN,25.04,24.95,25.04,1088600.0,1712900.0,200.0,0,0,0,0,0,0,0,0,0,0,0,0,0,0,0,0,0,0,0,0,0,0,0,0,0,0,0,0,0,0,0,0,0,0,0,65,2026-02-07 11:25:14.546658
WNTR,23.8,23.62,23.66,1138900.0,1758900.0,,0,0,0,0,0,0,0,0,0,0,0,0,0,0,0,0,0,0,0,0,0,0,0,0,0,0,0,0,0,0,0,0,0,0,0,65,2026-02-07 11:25:14.546658
SPNG,23.73,23.73,24.14,1188800.0,1842700.0,,0,0,0,0,0,0,0,0,0,0,0,0,0,0,0,0,0,0,0,0,0,0,0,0,0,0,0,0,0,0,0,0,0,0,0,66,2026-02-07 11:25:15.598189
SMMR,24.89,24.87,24.89,1546800.0,2038200.0,,0,0,0,0,0,0,0,0,0,0,0,0,0,0,0,0,0,0,0,0,0,0,0,0,0,0,0,0,0,0,0,0,0,0,0,66,2026-02-07 11:25:15.598189
ATMN,24.65,24.65,24.97,986700.0,1948700.0,,0,0,0,0,0,0,0,0,0,0,0,0,0,0,0,0,0,0,0,0,0,0,0,0,0,0,0,0,0,0,0,0,0,0,0,66,2026-02-07 11:25:15.598189
WNTR,24.0,23.65,23.79,1138900.0,1626600.0,9724.0,0,0,0,0,0,0,0,0,0,0,0,0,0,0,0,0,0,0,0,0,0,0,0,0,0,0,0,0,0,0,0,0,0,0,0,66,2026-02-07 11:25:15.598189
SPNG,24.35,23.8,24.35,1235900.0,9074.0,1714600.0,,0,0,0,0,0,0,0,0,0,0,0,0,0,0,0,0,0,0,0,0,0,0,0,0,0,0,0,0,0,0,0,0,0,0,67,2026-02-07 11:25:16.676712
SMMR,25.13,25.07,25.08,1660800.0,,2058500.0,,0,0,0,0,0,0,0,0,0,0,0,0,0,0,0,0,0,0,0,0,0,0,0,0,0,0,0,0,0,0,0,0,0,0,67,2026-02-07 11:25:16.676712
ATMN,24.65,24.65,24.84,986700.0,,2300700.0,,0,0,0,0,0,0,0,0,0,0,0,0,0,0,0,0,0,0,0,0,0,0,0,0,0,0,0,0,0,0,0,0,0,0,67,2026-02-07 11:25:16.676712
WNTR,23.47,23.65,23.75,1135500.0,3251.0,1626600.0,19724.0,0,0,0,0,0,0,0,0,0,0,0,0,0,0,0,0,0,0,0,0,0,0,0,0,0,0,0,0,0,0,0,0,0,0,67,2026-02-07 11:25:16.676712
SPNG,23.8,23.94,24.16,19174.0,1535200.0,983.0,1837000.0,0,0,0,0,0,0,0,0,0,0,0,0,0,0,0,0,0,0,0,0,0,0,0,0,0,0,0,0,0,0,0,0,0,0,68,2026-02-07 11:25:17.746103
SMMR,25.07,25.03,25.06,6291.0,1875900.0,9012.0,2088300.0,0,0,0,0,0,0,0,0,0,0,0,0,0,0,0,0,0,0,0,0,0,0,0,0,0,0,0,0,0,0,0,0,0,0,68,2026-02-07 11:25:17.746103
ATMN,24.63,24.5,24.63,,1101000.0,,2311700.0,0,0,0,0,0,0,0,0,0,0,0,0,0,0,0,0,0,0,0,0,0,0,0,0,0,0,0,0,0,0,0,0,0,0,68,2026-02-07 11:25:17.746103
WNTR,23.96,23.96,23.97,13251.0,1522700.0,9724.0,1524600.0,0,0,0,0,0,0,0,0,0,0,0,0,0,0,0,0,0,0,0,0,0,0,0,0,0,0,0,0,0,0,0,0,0,0,68,2026-02-07 11:25:17.746103
SPNG,22.66,23.58,24.1,1395800.0,100.0,10983.0,1837000.0,0,0,0,0,0,0,0,0,0,0,0,0,0,0,0,0,0,0,0,0,0,0,0,0,0,0,0,0,0,0,0,0,0,0,69,2026-02-07 11:25:18.815115
SMMR,25.08,25.04,25.07,2070700.0,6391.0,12907.0,2064800.0,0,0,0,0,0,0,0,0,0,0,0,0,0,0,0,0,0,0,0,0,0,0,0,0,0,0,0,0,0,0,0,0,0,0,69,2026-02-07 11:25:18.815115
ATMN,24.63,24.8,24.87,1349300.0,100.0,,2321100.0,0,0,0,0,0,0,0,0,0,0,0,0,0,0,0,0,0,0,0,0,0,0,0,0,0,0,0,0,0,0,0,0,0,0,69,2026-02-07 11:25:18.815115
WNTR,23.96,23.96,23.97,1522700.0,14007.0,11993.0,1832800.0,0,0,0,0,0,0,0,0,0,0,0,0,0,0,0,0,0,0,0,0,0,0,0,0,0,0,0,0,0,0,0,0,0,0,69,2026-02-07 11:25:18.815115
SPNG,24.1,24.13,24.16,1654300.0,100.0,983.0,1837000.0,0,0,0,0,0,0,0,0,0,0,0,0,0,0,0,0,0,0,0,0,0,0,0,0,0,0,0,0,0,0,0,0,0,0,70,2026-02-07 11:25:19.378763
SMMR,25.1,25.08,25.1,2095600.0,6391.0,,2035200.0,0,0,0,0,0,0,0,0,0,0,0,0,0,0,0,0,0,0,0,0,0,0,0,0,0,0,0,0,0,0,0,0,0,0,70,2026-02-07 11:25:19.378763
ATMN,24.8,24.51,24.63,1340100.0,100.0,,2348800.0,0,0,0,0,0,0,0,0,0,0,0,0,0,0,0,0,0,0,0,0,0,0,0,0,0,0,0,0,0,0,0,0,0,0,70,2026-02-07 11:25:19.378763
WNTR,24.0,23.65,24.0,1271300.0,3251.0,,1832800.0,0,0,0,0,0,0,0,0,0,0,0,0,0,0,0,0,0,0,0,0,0,0,0,0,0,0,0,0,0,0,0,0,0,0,70,2026-02-07 11:25:19.378763
SPNG,23.58,23.58,24.16,1395800.0,100.0,1951800.0,0,0,0,0,0,0,0,0,0,0,0,0,0,0,0,0,0,0,0,0,0,0,0,0,0,0,0,0,0,0,0,0,0,0,0,71,2026-02-07 11:25:20.421043
SMMR,25.1,25.12,25.13,2188800.0,,1928300.0,0,0,0,0,0,0,0,0,0,0,0,0,0,0,0,0,0,0,0,0,0,0,0,0,0,0,0,0,0,0,0,0,0,0,0,71,2026-02-07 11:25:20.421043
ATMN,24.87,24.54,24.87,1594000.0,,2321100.0,0,0,0,0,0,0,0,0,0,0,0,0,0,0,0,0,0,0,0,0,0,0,0,0,0,0,0,0,0,0,0,0,0,0,0,71,2026-02-07 11:25:20.421043
WNTR,24.0,23.91,23.95,1521000.0,7104.0,1959800.0,0,0,0,0,0,0,0,0,0,0,0,0,0,0,0,0,0,0,0,0,0,0,0,0,0,0,0,0,0,0,0,0,0,0,0,71,2026-02-07 11:25:20.421043
SPNG,23.58,23.78,24.15,1623200.0,200.0,1997200.0,,0,0,0,0,0,0,0,0,0,0,0,0,0,0,0,0,0,0,0,0,0,0,0,0,0,0,0,0,0,0,0,0,0,0,72,2026-02-07 11:25:21.482567
SMMR,25.37,25.12,25.25,2303100.0,,1797500.0,,0,0,0,0,0,0,0,0,0,0,0,0,0,0,0,0,0,0,0,0,0,0,0,0,0,0,0,0,0,0,0,0,0,0,72,2026-02-07 11:25:21.482567
ATMN,25.04,24.57,25.04,1690100.0,,2200100.0,10000.0,0,0,0,0,0,0,0,0,0,0,0,0,0,0,0,0,0,0,0,0,0,0,0,0,0,0,0,0,0,0,0,0,0,0,72,2026-02-07 11:25:21.482567
WNTR,23.72,23.72,23.94,1390800.0,10756.0,2091800.0,,0,0,0,0,0,0,0,0,0,0,0,0,0,0,0,0,0,0,0,0,0,0,0,0,0,0,0,0,0,0,0,0,0,0,72,2026-02-07 11:25:21.482567
SPNG,24.16,23.58,24.16,1626300.0,2190200.0,,,0,0,0,0,0,0,0,0,0,0,0,0,0,0,0,0,0,0,0,0,0,0,0,0,0,0,0,0,0,0,0,0,0,0,73,2026-02-07 11:25:22.523887
SMMR,25.37,25.17,25.25,2164900.0,1922300.0,10000.0,100.0,0,0,0,0,0,0,0,0,0,0,0,0,0,0,0,0,0,0,0,0,0,0,0,0,0,0,0,0,0,0,0,0,0,0,73,2026-02-07 11:25:22.523887
ATMN,25.07,24.54,25.07,1594000.0,2213000.0,,,0,0,0,0,0,0,0,0,0,0,0,0,0,0,0,0,0,0,0,0,0,0,0,0,0,0,0,0,0,0,0,0,0,0,73,2026-02-07 11:25:22.523887
WNTR,23.72,23.65,23.68,1271300.0,2209700.0,,7104.0,0,0,0,0,0,0,0,0,0,0,0,0,0,0,0,0,0,0,0,0,0,0,0,0,0,0,0,0,0,0,0,0,0,0,73,2026-02-07 11:25:22.523887
SPNG,24.27,23.65,24.27,1944.0,1626300.0,2183600.0,,0,0,0,0,0,0,0,0,0,0,0,0,0,0,0,0,0,0,0,0,0,0,0,0,0,0,0,0,0,0,0,0,0,0,74,2026-02-07 11:25:23.569876
SMMR,25.36,25.11,25.36,,2297200.0,1827000.0,,0,0,0,0,0,0,0,0,0,0,0,0,0,0,0,0,0,0,0,0,0,0,0,0,0,0,0,0,0,0,0,0,0,0,74,2026-02-07 11:25:23.569876
ATMN,25.09,24.85,25.01,100.0,1730600.0,2223400.0,10000.0,0,0,0,0,0,0,0,0,0,0,0,0,0,0,0,0,0,0,0,0,0,0,0,0,0,0,0,0,0,0,0,0,0,0,74,2026-02-07 11:25:23.569876
WNTR,23.68,23.69,23.95,9805.0,1655400.0,2091800.0,7104.0,0,0,0,0,0,0,0,0,0,0,0,0,0,0,0,0,0,0,0,0,0,0,0,0,0,0,0,0,0,0,0,0,0,0,74,2026-02-07 11:25:23.569876
SPNG,24.39,23.58,24.39,1487700.0,1944400.0,,,0,0,0,0,0,0,0,0,0,0,0,0,0,0,0,0,0,0,0,0,0,0,0,0,0,0,0,0,0,0,0,0,0,0,75,2026-02-07 11:25:24.616467
SMMR,25.36,25.13,25.19,2169100.0,2179000.0,100.0,2500.0,0,0,0,0,0,0,0,0,0,0,0,0,0,0,0,0,0,0,0,0,0,0,0,0,0,0,0,0,0,0,0,0,0,0,75,2026-02-07 11:25:24.616467
ATMN,24.54,24.54,24.8,1594000.0,2260600.0,,100.0,0,0,0,0,0,0,0,0,0,0,0,0,0,0,0,0,0,0,0,0,0,0,0,0,0,0,0,0,0,0,0,0,0,0,75,2026-02-07 11:25:24.616467
WNTR,23.69,23.74,23.95,1888700.0,2091800.0,,9091.0,0,0,0,0,0,0,0,0,0,0,0,0,0,0,0,0,0,0,0,0,0,0,0,0,0,0,0,0,0,0,0,0,0,0,75,2026-02-07 11:25:24.616467
SPNG,23.64,23.58,23.64,1600900.0,2058700.0,100.0,,0,0,0,0,0,0,0,0,0,0,0,0,0,0,0,0,0,0,0,0,0,0,0,0,0,0,0,0,0,0,0,0,0,0,76,2026-02-07 11:25:25.800116
SMMR,25.29,25.29,25.36,2020600.0,2286300.0,,3646.0,0,0,0,0,0,0,0,0,0,0,0,0,0,0,0,0,0,0,0,0,0,0,0,0,0,0,0,0,0,0,0,0,0,0,76,2026-02-07 11:25:25.800116
ATMN,24.82,24.54,24.76,1594000.0,2243500.0,10000.0,100.0,0,0,0,0,0,0,0,0,0,0,0,0,0,0,0,0,0,0,0,0,0,0,0,0,0,0,0,0,0,0,0,0,0,0,76,2026-02-07 11:25:25.800116
WNTR,23.86,23.88,23.92,1888700.0,2100900.0,16195.0,5865.0,0,0,0,0,0,0,0,0,0,0,0,0,0,0,0,0,0,0,0,0,0,0,0,0,0,0,0,0,0,0,0,0,0,0,76,2026-02-07 11:25:25.800116
SPNG,23.64,23.74,24.24,1838800.0,1057.0,2063500.0,100.0,0,0,0,0,0,0,0,0,0,0,0,0,0,0,0,0,0,0,0,0,0,0,0,0,0,0,0,0,0,0,0,0,0,0,77,2026-02-07 11:25:26.356768
SMMR,25.29,25.29,25.33,2020600.0,3646.0,2258000.0,,0,0,0,0,0,0,0,0,0,0,0,0,0,0,0,0,0,0,0,0,0,0,0,0,0,0,0,0,0,0,0,0,0,0,77,2026-02-07 11:25:26.356768
ATMN,24.82,24.54,24.76,1841100.0,100.0,2243500.0,10000.0,0,0,0,0,0,0,0,0,0,0,0,0,0,0,0,0,0,0,0,0,0,0,0,0,0,0,0,0,0,0,0,0,0,0,77,2026-02-07 11:25:26.356768
WNTR,23.86,23.88,23.92,1888700.0,5865.0,2108300.0,16195.0,0,0,0,0,0,0,0,0,0,0,0,0,0,0,0,0,0,0,0,0,0,0,0,0,0,0,0,0,0,0,0,0,0,0,77,2026-02-07 11:25:26.356768
SPNG,23.56,23.95,24.14,1708900.0,2083600.0,100.0,,0,0,0,0,0,0,0,0,0,0,0,0,0,0,0,0,0,0,0,0,0,0,0,0,0,0,0,0,0,0,0,0,0,0,78,2026-02-07 11:25:27.402831
SMMR,25.16,25.16,25.26,2054500.0,2147700.0,100.0,3646.0,0,0,0,0,0,0,0,0,0,0,0,0,0,0,0,0,0,0,0,0,0,0,0,0,0,0,0,0,0,0,0,0,0,0,78,2026-02-07 11:25:27.402831
ATMN,24.82,24.61,24.72,2233800.0,2149300.0,10100.0,100.0,0,0,0,0,0,0,0,0,0,0,0,0,0,0,0,0,0,0,0,0,0,0,0,0,0,0,0,0,0,0,0,0,0,0,78,2026-02-07 11:25:27.402831
WNTR,23.74,23.65,23.7,1626500.0,2111500.0,16195.0,,0,0,0,0,0,0,0,0,0,0,0,0,0,0,0,0,0,0,0,0,0,0,0,0,0,0,0,0,0,0,0,0,0,0,78,2026-02-07 11:25:27.402831
SPNG,24.03,24.03,24.13,1845700.0,100.0,8594.0,1977600.0,0,0,0,0,0,0,0,0,0,0,0,0,0,0,0,0,0,0,0,0,0,0,0,0,0,0,0,0,0,0,0,0,0,0,79,2026-02-07 11:25:28.448289
SMMR,25.07,25.18,25.26,2328300.0,,100.0,2147700.0,0,0,0,0,0,0,0,0,0,0,0,0,0,0,0,0,0,0,0,0,0,0,0,0,0,0,0,0,0,0,0,0,0,0,79,2026-02-07 11:25:28.448289
ATMN,24.68,24.69,24.72,2263400.0,100.0,10100.0,2149300.0,0,0,0,0,0,0,0,0,0,0,0,0,0,0,0,0,0,0,0,0,0,0,0,0,0,0,0,0,0,0,0,0,0,0,79,2026-02-07 11:25:28.448289
WNTR,23.74,23.66,23.67,1998700.0,,25182.0,1986000.0,0,0,0,0,0,0,0,0,0,0,0,0,0,0,0,0,0,0,0,0,0,0,0,0,0,0,0,0,0,0,0,0,0,0,79,2026-02-07 11:25:28.448289
SPNG,24.13,23.74,24.14,1722600.0,2182500.0,0,0,0,0,0,0,0,0,0,0,0,0,0,0,0,0,0,0,0,0,0,0,0,0,0,0,0,0,0,0,0,0,0,0,0,0,80,2026-02-07 11:25:29.508168
SMMR,25.36,25.18,25.3,2328300.0,2244100.0,0,0,0,0,0,0,0,0,0,0,0,0,0,0,0,0,0,0,0,0,0,0,0,0,0,0,0,0,0,0,0,0,0,0,0,0,80,2026-02-07 11:25:29.508168
ATMN,24.72,24.75,24.82,2431600.0,2343900.0,0,0,0,0,0,0,0,0,0,0,0,0,0,0,0,0,0,0,0,0,0,0,0,0,0,0,0,0,0,0,0,0,0,0,0,0,80,2026-02-07 11:25:29.508168
WNTR,23.77,23.66,23.77,2123500.0,2337500.0,0,0,0,0,0,0,0,0,0,0,0,0,0,0,0,0,0,0,0,0,0,0,0,0,0,0,0,0,0,0,0,0,0,0,0,0,80,2026-02-07 11:25:29.508168
SPNG,24.14,23.58,24.14,1592900.0,2182500.0,,,0,0,0,0,0,0,0,0,0,0,0,0,0,0,0,0,0,0,0,0,0,0,0,0,0,0,0,0,0,0,0,0,0,0,81,2026-02-07 11:25:30.555109
SMMR,25.24,25.24,25.28,2325000.0,2139600.0,100.0,,0,0,0,0,0,0,0,0,0,0,0,0,0,0,0,0,0,0,0,0,0,0,0,0,0,0,0,0,0,0,0,0,0,0,81,2026-02-07 11:25:30.555109
ATMN,24.82,24.86,24.88,2305300.0,2349900.0,,100.0,0,0,0,0,0,0,0,0,0,0,0,0,0,0,0,0,0,0,0,0,0,0,0,0,0,0,0,0,0,0,0,0,0,0,81,2026-02-07 11:25:30.555109
WNTR,23.77,23.75,23.77,2380500.0,2337500.0,,9805.0,0,0,0,0,0,0,0,0,0,0,0,0,0,0,0,0,0,0,0,0,0,0,0,0,0,0,0,0,0,0,0,0,0,0,81,2026-02-07 11:25:30.555109
SPNG,24.18,23.65,23.85,100.0,1592900.0,2213200.0,,0,0,0,0,0,0,0,0,0,0,0,0,0,0,0,0,0,0,0,0,0,0,0,0,0,0,0,0,0,0,0,0,0,0,82,2026-02-07 11:25:31.594923
SMMR,25.02,25.02,25.2,,2281700.0,1892500.0,20100.0,0,0,0,0,0,0,0,0,0,0,0,0,0,0,0,0,0,0,0,0,0,0,0,0,0,0,0,0,0,0,0,0,0,0,82,2026-02-07 11:25:31.594923
ATMN,24.89,24.86,24.89,5930.0,2210400.0,2358000.0,,0,0,0,0,0,0,0,0,0,0,0,0,0,0,0,0,0,0,0,0,0,0,0,0,0,0,0,0,0,0,0,0,0,0,82,2026-02-07 11:25:31.594923
WNTR,23.77,23.76,23.77,9805.0,2355600.0,2344700.0,,0,0,0,0,0,0,0,0,0,0,0,0,0,0,0,0,0,0,0,0,0,0,0,0,0,0,0,0,0,0,0,0,0,0,82,2026-02-07 11:25:31.594923
SPNG,23.8,23.68,23.8,4908.0,1592900.0,2208900.0,,0,0,0,0,0,0,0,0,0,0,0,0,0,0,0,0,0,0,0,0,0,0,0,0,0,0,0,0,0,0,0,0,0,0,83,2026-02-07 11:25:32.631128
SMMR,25.0,25.0,25.17,,2146300.0,1760300.0,21575.0,0,0,0,0,0,0,0,0,0,0,0,0,0,0,0,0,0,0,0,0,0,0,0,0,0,0,0,0,0,0,0,0,0,0,83,2026-02-07 11:25:32.631128
ATMN,24.89,24.86,24.89,9333.0,2073100.0,2276300.0,8911.0,0,0,0,0,0,0,0,0,0,0,0,0,0,0,0,0,0,0,0,0,0,0,0,0,0,0,0,0,0,0,0,0,0,0,83,2026-02-07 11:25:32.631128
WNTR,23.92,23.76,23.88,9805.0,2355600.0,2242000.0,2547.0,0,0,0,0,0,0,0,0,0,0,0,0,0,0,0,0,0,0,0,0,0,0,0,0,0,0,0,0,0,0,0,0,0,0,83,2026-02-07 11:25:32.631128
SPNG,23.58,23.58,23.75,1711400.0,2231100.0,,,0,0,0,0,0,0,0,0,0,0,0,0,0,0,0,0,0,0,0,0,0,0,0,0,0,0,0,0,0,0,0,0,0,0,84,2026-02-07 11:25:33.663846
SMMR,25.0,25.0,25.13,2274500.0,1639000.0,21675.0,,0,0,0,0,0,0,0,0,0,0,0,0,0,0,0,0,0,0,0,0,0,0,0,0,0,0,0,0,0,0,0,0,0,0,84,2026-02-07 11:25:33.663846
ATMN,25.02,24.86,25.02,1939900.0,2364800.0,,10184.0,0,0,0,0,0,0,0,0,0,0,0,0,0,0,0,0,0,0,0,0,0,0,0,0,0,0,0,0,0,0,0,0,0,0,84,2026-02-07 11:25:33.663846
WNTR,23.75,23.75,23.86,2355400.0,2122900.0,7145.0,9805.0,0,0,0,0,0,0,0,0,0,0,0,0,0,0,0,0,0,0,0,0,0,0,0,0,0,0,0,0,0,0,0,0,0,0,84,2026-02-07 11:25:33.663846
SPNG,24.21,23.58,23.72,1858000.0,2232200.0,,0,0,0,0,0,0,0,0,0,0,0,0,0,0,0,0,0,0,0,0,0,0,0,0,0,0,0,0,0,0,0,0,0,0,0,85,2026-02-07 11:25:34.715908
SMMR,24.97,24.97,25.3,2276000.0,2255900.0,,0,0,0,0,0,0,0,0,0,0,0,0,0,0,0,0,0,0,0,0,0,0,0,0,0,0,0,0,0,0,0,0,0,0,0,85,2026-02-07 11:25:34.715908
ATMN,25.02,24.86,24.87,2463900.0,2369000.0,,0,0,0,0,0,0,0,0,0,0,0,0,0,0,0,0,0,0,0,0,0,0,0,0,0,0,0,0,0,0,0,0,0,0,0,85,2026-02-07 11:25:34.715908
WNTR,23.75,23.75,23.84,2465500.0,2229800.0,100.0,0,0,0,0,0,0,0,0,0,0,0,0,0,0,0,0,0,0,0,0,0,0,0,0,0,0,0,0,0,0,0,0,0,0,0,85,2026-02-07 11:25:34.715908
SPNG,23.72,23.65,23.72,100.0,2068700.0,2232200.0,,0,0,0,0,0,0,0,0,0,0,0,0,0,0,0,0,0,0,0,0,0,0,0,0,0,0,0,0,0,0,0,0,0,0,86,2026-02-07 11:25:35.790123
SMMR,25.32,25.08,25.32,,2286500.0,2260500.0,,0,0,0,0,0,0,0,0,0,0,0,0,0,0,0,0,0,0,0,0,0,0,0,0,0,0,0,0,0,0,0,0,0,0,86,2026-02-07 11:25:35.790123
ATMN,25.09,24.88,25.06,9520.0,2349500.0,2254200.0,9520.0,0,0,0,0,0,0,0,0,0,0,0,0,0,0,0,0,0,0,0,0,0,0,0,0,0,0,0,0,0,0,0,0,0,0,86,2026-02-07 11:25:35.790123
WNTR,23.75,23.78,23.84,9058.0,2357500.0,2241500.0,100.0,0,0,0,0,0,0,0,0,0,0,0,0,0,0,0,0,0,0,0,0,0,0,0,0,0,0,0,0,0,0,0,0,0,0,86,2026-02-07 11:25:35.790123
SPNG,23.82,23.82,24.21,2357400.0,4216.0,2210200.0,,0,0,0,0,0,0,0,0,0,0,0,0,0,0,0,0,0,0,0,0,0,0,0,0,0,0,0,0,0,0,0,0,0,0,87,2026-02-07 11:25:36.861
SMMR,25.32,25.08,25.32,2091100.0,8886.0,2136700.0,2196.0,0,0,0,0,0,0,0,0,0,0,0,0,0,0,0,0,0,0,0,0,0,0,0,0,0,0,0,0,0,0,0,0,0,0,87,2026-02-07 11:25:36.861
ATMN,24.86,24.76,24.82,2353200.0,4999.0,2152000.0,18906.0,0,0,0,0,0,0,0,0,0,0,0,0,0,0,0,0,0,0,0,0,0,0,0,0,0,0,0,0,0,0,0,0,0,0,87,2026-02-07 11:25:36.861
WNTR,23.75,23.81,23.83,2369900.0,747.0,2157700.0,9158.0,0,0,0,0,0,0,0,0,0,0,0,0,0,0,0,0,0,0,0,0,0,0,0,0,0,0,0,0,0,0,0,0,0,0,87,2026-02-07 11:25:36.861
SPNG,23.5,23.5,23.82,2096600.0,2245000.0,,,0,0,0,0,0,0,0,0,0,0,0,0,0,0,0,0,0,0,0,0,0,0,0,0,0,0,0,0,0,0,0,0,0,0,88,2026-02-07 11:25:37.465802
SMMR,25.02,25.22,25.25,2291100.0,2136700.0,2196.0,,0,0,0,0,0,0,0,0,0,0,0,0,0,0,0,0,0,0,0,0,0,0,0,0,0,0,0,0,0,0,0,0,0,0,88,2026-02-07 11:25:37.465802
ATMN,24.85,24.76,24.85,2334200.0,2280400.0,9520.0,4999.0,0,0,0,0,0,0,0,0,0,0,0,0,0,0,0,0,0,0,0,0,0,0,0,0,0,0,0,0,0,0,0,0,0,0,88,2026-02-07 11:25:37.465802
WNTR,23.81,23.81,23.83,2369900.0,2157700.0,9158.0,747.0,0,0,0,0,0,0,0,0,0,0,0,0,0,0,0,0,0,0,0,0,0,0,0,0,0,0,0,0,0,0,0,0,0,0,88,2026-02-07 11:25:37.465802
SPNG,23.79,23.79,23.82,2363300.0,100.0,2128800.0,100.0,0,0,0,0,0,0,0,0,0,0,0,0,0,0,0,0,0,0,0,0,0,0,0,0,0,0,0,0,0,0,0,0,0,0,89,2026-02-07 11:25:38.511811
SMMR,25.22,25.22,25.34,2165400.0,910.0,2294000.0,,0,0,0,0,0,0,0,0,0,0,0,0,0,0,0,0,0,0,0,0,0,0,0,0,0,0,0,0,0,0,0,0,0,0,89,2026-02-07 11:25:38.511811
ATMN,25.06,25.08,25.09,2220400.0,14367.0,2351100.0,,0,0,0,0,0,0,0,0,0,0,0,0,0,0,0,0,0,0,0,0,0,0,0,0,0,0,0,0,0,0,0,0,0,0,89,2026-02-07 11:25:38.511811
WNTR,23.81,23.82,23.83,2225000.0,9660.0,2042200.0,15253.0,0,0,0,0,0,0,0,0,0,0,0,0,0,0,0,0,0,0,0,0,0,0,0,0,0,0,0,0,0,0,0,0,0,0,89,2026-02-07 11:25:38.511811
SPNG,23.85,23.91,24.21,2455600.0,100.0,2220300.0,,0,0,0,0,0,0,0,0,0,0,0,0,0,0,0,0,0,0,0,0,0,0,0,0,0,0,0,0,0,0,0,0,0,0,90,2026-02-07 11:25:39.546628
SMMR,25.23,25.0,25.02,2282400.0,,2098100.0,100.0,0,0,0,0,0,0,0,0,0,0,0,0,0,0,0,0,0,0,0,0,0,0,0,0,0,0,0,0,0,0,0,0,0,0,90,2026-02-07 11:25:39.546628
ATMN,24.75,24.75,24.89,2471500.0,,2381700.0,,0,0,0,0,0,0,0,0,0,0,0,0,0,0,0,0,0,0,0,0,0,0,0,0,0,0,0,0,0,0,0,0,0,0,90,2026-02-07 11:25:39.546628
WNTR,23.88,23.75,23.88,2460200.0,,2394800.0,,0,0,0,0,0,0,0,0,0,0,0,0,0,0,0,0,0,0,0,0,0,0,0,0,0,0,0,0,0,0,0,0,0,0,90,2026-02-07 11:25:39.546628
SPNG,23.93,23.91,23.93,2574900.0,2101200.0,3950.0,0,0,0,0,0,0,0,0,0,0,0,0,0,0,0,0,0,0,0,0,0,0,0,0,0,0,0,0,0,0,0,0,0,0,0,91,2026-02-07 11:25:40.597162
SMMR,25.0,25.0,25.02,2328700.0,2230100.0,,0,0,0,0,0,0,0,0,0,0,0,0,0,0,0,0,0,0,0,0,0,0,0,0,0,0,0,0,0,0,0,0,0,0,0,91,2026-02-07 11:25:40.597162
ATMN,24.89,24.69,24.89,2453800.0,2381700.0,,0,0,0,0,0,0,0,0,0,0,0,0,0,0,0,0,0,0,0,0,0,0,0,0,0,0,0,0,0,0,0,0,0,0,0,91,2026-02-07 11:25:40.597162
WNTR,23.74,23.74,23.79,2444800.0,2292400.0,8762.0,0,0,0,0,0,0,0,0,0,0,0,0,0,0,0,0,0,0,0,0,0,0,0,0,0,0,0,0,0,0,0,0,0,0,0,91,2026-02-07 11:25:40.597162
SPNG,23.89,23.89,23.93,2588500.0,2036900.0,8980.0,,0,0,0,0,0,0,0,0,0,0,0,0,0,0,0,0,0,0,0,0,0,0,0,0,0,0,0,0,0,0,0,0,0,0,92,2026-02-07 11:25:41.646228
SMMR,25.34,25.12,25.34,2218700.0,2274600.0,,10000.0,0,0,0,0,0,0,0,0,0,0,0,0,0,0,0,0,0,0,0,0,0,0,0,0,0,0,0,0,0,0,0,0,0,0,92,2026-02-07 11:25:41.646228
ATMN,24.83,24.72,24.73,2316500.0,2414800.0,,2500.0,0,0,0,0,0,0,0,0,0,0,0,0,0,0,0,0,0,0,0,0,0,0,0,0,0,0,0,0,0,0,0,0,0,0,92,2026-02-07 11:25:41.646228
WNTR,23.71,23.71,23.79,2480000.0,2292400.0,8762.0,,0,0,0,0,0,0,0,0,0,0,0,0,0,0,0,0,0,0,0,0,0,0,0,0,0,0,0,0,0,0,0,0,0,0,92,2026-02-07 11:25:41.646228
SPNG,23.93,23.93,23.96,2321600.0,100.0,2165900.0,3950.0,0,0,0,0,0,0,0,0,0,0,0,0,0,0,0,0,0,0,0,0,0,0,0,0,0,0,0,0,0,0,0,0,0,0,93,2026-02-07 11:25:42.705718
SMMR,25.0,25.0,25.25,2227500.0,10000.0,2337200.0,,0,0,0,0,0,0,0,0,0,0,0,0,0,0,0,0,0,0,0,0,0,0,0,0,0,0,0,0,0,0,0,0,0,0,93,2026-02-07 11:25:42.705718
ATMN,24.73,24.82,24.89,2204900.0,3832.0,2420500.0,,0,0,0,0,0,0,0,0,0,0,0,0,0,0,0,0,0,0,0,0,0,0,0,0,0,0,0,0,0,0,0,0,0,0,93,2026-02-07 11:25:42.705718
WNTR,23.79,23.71,23.79,2450500.0,,2292400.0,8762.0,0,0,0,0,0,0,0,0,0,0,0,0,0,0,0,0,0,0,0,0,0,0,0,0,0,0,0,0,0,0,0,0,0,0,93,2026-02-07 11:25:42.705718
SPNG,23.96,23.82,23.86,100.0,2314300.0,9050.0,2070800.0,0,0,0,0,0,0,0,0,0,0,0,0,0,0,0,0,0,0,0,0,0,0,0,0,0,0,0,0,0,0,0,0,0,0,94,2026-02-07 11:25:43.774658
SMMR,25.4,25.02,25.4,10000.0,2241400.0,,2328900.0,0,0,0,0,0,0,0,0,0,0,0,0,0,0,0,0,0,0,0,0,0,0,0,0,0,0,0,0,0,0,0,0,0,0,94,2026-02-07 11:25:43.774658
ATMN,24.69,24.73,24.86,100.0,2285900.0,10000.0,2299800.0,0,0,0,0,0,0,0,0,0,0,0,0,0,0,0,0,0,0,0,0,0,0,0,0,0,0,0,0,0,0,0,0,0,0,94,2026-02-07 11:25:43.774658
WNTR,23.79,23.73,23.77,10000.0,2300800.0,16000.0,2187600.0,0,0,0,0,0,0,0,0,0,0,0,0,0,0,0,0,0,0,0,0,0,0,0,0,0,0,0,0,0,0,0,0,0,0,94,2026-02-07 11:25:43.774658
SPNG,23.96,23.81,23.88,2474300.0,2261800.0,,0,0,0,0,0,0,0,0,0,0,0,0,0,0,0,0,0,0,0,0,0,0,0,0,0,0,0,0,0,0,0,0,0,0,0,95,2026-02-07 11:25:44.925908
SMMR,25.15,25.15,25.4,2341900.0,2328900.0,,0,0,0,0,0,0,0,0,0,0,0,0,0,0,0,0,0,0,0,0,0,0,0,0,0,0,0,0,0,0,0,0,0,0,0,95,2026-02-07 11:25:44.925908
ATMN,24.91,24.73,24.89,2392400.0,2293000.0,100.0,0,0,0,0,0,0,0,0,0,0,0,0,0,0,0,0,0,0,0,0,0,0,0,0,0,0,0,0,0,0,0,0,0,0,0,95,2026-02-07 11:25:44.925908
WNTR,23.71,23.71,23.8,2427600.0,2400300.0,,0,0,0,0,0,0,0,0,0,0,0,0,0,0,0,0,0,0,0,0,0,0,0,0,0,0,0,0,0,0,0,0,0,0,0,95,2026-02-07 11:25:44.925908
SPNG,23.81,23.81,23.82,2474300.0,2298500.0,,,0,0,0,0,0,0,0,0,0,0,0,0,0,0,0,0,0,0,0,0,0,0,0,0,0,0,0,0,0,0,0,0,0,0,96,2026-02-07 11:25:45.980055
SMMR,25.15,25.02,25.03,2352900.0,2284200.0,,,0,0,0,0,0,0,0,0,0,0,0,0,0,0,0,0,0,0,0,0,0,0,0,0,0,0,0,0,0,0,0,0,0,0,96,2026-02-07 11:25:45.980055
ATMN,24.69,24.69,24.79,2412600.0,2283100.0,100.0,,0,0,0,0,0,0,0,0,0,0,0,0,0,0,0,0,0,0,0,0,0,0,0,0,0,0,0,0,0,0,0,0,0,0,96,2026-02-07 11:25:45.980055
WNTR,23.8,23.79,23.8,2289100.0,2400300.0,,10000.0,0,0,0,0,0,0,0,0,0,0,0,0,0,0,0,0,0,0,0,0,0,0,0,0,0,0,0,0,0,0,0,0,0,0,96,2026-02-07 11:25:45.980055
SPNG,23.88,23.86,23.88,2438200.0,2302700.0,,,0,0,0,0,0,0,0,0,0,0,0,0,0,0,0,0,0,0,0,0,0,0,0,0,0,0,0,0,0,0,0,0,0,0,97,2026-02-07 11:25:46.532042
SMMR,25.0,25.0,25.03,2328700.0,2284200.0,,,0,0,0,0,0,0,0,0,0,0,0,0,0,0,0,0,0,0,0,0,0,0,0,0,0,0,0,0,0,0,0,0,0,0,97,2026-02-07 11:25:46.532042
ATMN,24.79,24.69,24.79,2412600.0,2276900.0,100.0,,0,0,0,0,0,0,0,0,0,0,0,0,0,0,0,0,0,0,0,0,0,0,0,0,0,0,0,0,0,0,0,0,0,0,97,2026-02-07 11:25:46.532042
WNTR,23.8,23.8,23.87,2290000.0,2412500.0,,10000.0,0,0,0,0,0,0,0,0,0,0,0,0,0,0,0,0,0,0,0,0,0,0,0,0,0,0,0,0,0,0,0,0,0,0,97,2026-02-07 11:25:46.532042
SPNG,23.96,23.86,23.96,2438200.0,2321000.0,0,0,0,0,0,0,0,0,0,0,0,0,0,0,0,0,0,0,0,0,0,0,0,0,0,0,0,0,0,0,0,0,0,0,0,0,98,2026-02-07 11:25:47.607101
SMMR,25.18,25.09,25.14,2326000.0,2289800.0,0,0,0,0,0,0,0,0,0,0,0,0,0,0,0,0,0,0,0,0,0,0,0,0,0,0,0,0,0,0,0,0,0,0,0,0,98,2026-02-07 11:25:47.607101
ATMN,24.99,24.69,24.99,2376300.0,2369300.0,0,0,0,0,0,0,0,0,0,0,0,0,0,0,0,0,0,0,0,0,0,0,0,0,0,0,0,0,0,0,0,0,0,0,0,0,98,2026-02-07 11:25:47.607101
WNTR,23.69,23.69,23.78,2438800.0,2419100.0,0,0,0,0,0,0,0,0,0,0,0,0,0,0,0,0,0,0,0,0,0,0,0,0,0,0,0,0,0,0,0,0,0,0,0,0,98,2026-02-07 11:25:47.607101
SPNG,23.86,23.86,23.94,2426000.0,9820.0,2211300.0,,0,0,0,0,0,0,0,0,0,0,0,0,0,0,0,0,0,0,0,0,0,0,0,0,0,0,0,0,0,0,0,0,0,0,99,2026-02-07 11:25:48.661864
SMMR,25.18,25.09,25.14,2171600.0,,2282500.0,7716.0,0,0,0,0,0,0,0,0,0,0,0,0,0,0,0,0,0,0,0,0,0,0,0,0,0,0,0,0,0,0,0,0,0,0,99,2026-02-07 11:25:48.661864
ATMN,24.62,24.62,25.04,2386500.0,,2399800.0,,0,0,0,0,0,0,0,0,0,0,0,0,0,0,0,0,0,0,0,0,0,0,0,0,0,0,0,0,0,0,0,0,0,0,99,2026-02-07 11:25:48.661864
WNTR,23.78,23.69,23.78,2318100.0,,2419800.0,8004.0,0,0,0,0,0,0,0,0,0,0,0,0,0,0,0,0,0,0,0,0,0,0,0,0,0,0,0,0,0,0,0,0,0,0,99,2026-02-07 11:25:48.661864
SPNG,24.01,23.86,23.9,2423100.0,2315400.0,,0,0,0,0,0,0,0,0,0,0,0,0,0,0,0,0,0,0,0,0,0,0,0,0,0,0,0,0,0,0,0,0,0,0,0,100,2026-02-07 11:25:49.704785
SMMR,25.18,25.11,25.14,2292200.0,2287100.0,,0,0,0,0,0,0,0,0,0,0,0,0,0,0,0,0,0,0,0,0,0,0,0,0,0,0,0,0,0,0,0,0,0,0,0,100,2026-02-07 11:25:49.704785
ATMN,24.82,24.85,25.04,2380400.0,2399800.0,,0,0,0,0,0,0,0,0,0,0,0,0,0,0,0,0,0,0,0,0,0,0,0,0,0,0,0,0,0,0,0,0,0,0,0,100,2026-02-07 11:25:49.704785
WNTR,23.66,23.7,23.87,2333200.0,2412500.0,9814.0,0,0,0,0,0,0,0,0,0,0,0,0,0,0,0,0,0,0,0,0,0,0,0,0,0,0,0,0,0,0,0,0,0,0,0,100,2026-02-07 11:25:49.704785
SPNG,24.16,23.87,24.12,9488.0,2306500.0,9488.0,2192100.0,0,0,0,0,0,0,0,0,0,0,0,0,0,0,0,0,0,0,0,0,0,0,0,0,0,0,0,0,0,0,0,0,0,0,101,2026-02-07 11:25:50.742388
SMMR,25.14,25.09,25.14,,2283400.0,,2267400.0,0,0,0,0,0,0,0,0,0,0,0,0,0,0,0,0,0,0,0,0,0,0,0,0,0,0,0,0,0,0,0,0,0,0,101,2026-02-07 11:25:50.742388
ATMN,24.66,24.78,25.04,,2390300.0,,2369800.0,0,0,0,0,0,0,0,0,0,0,0,0,0,0,0,0,0,0,0,0,0,0,0,0,0,0,0,0,0,0,0,0,0,0,101,2026-02-07 11:25:50.742388
WNTR,23.89,23.82,23.89,9814.0,2318400.0,,2415900.0,0,0,0,0,0,0,0,0,0,0,0,0,0,0,0,0,0,0,0,0,0,0,0,0,0,0,0,0,0,0,0,0,0,0,101,2026-02-07 11:25:50.742388
SPNG,23.76,23.76,24.0,2405700.0,2187100.0,9488.0,,0,0,0,0,0,0,0,0,0,0,0,0,0,0,0,0,0,0,0,0,0,0,0,0,0,0,0,0,0,0,0,0,0,0,102,2026-02-07 11:25:51.780137
SMMR,25.09,25.1,25.15,2190400.0,2270600.0,,9820.0,0,0,0,0,0,0,0,0,0,0,0,0,0,0,0,0,0,0,0,0,0,0,0,0,0,0,0,0,0,0,0,0,0,0,102,2026-02-07 11:25:51.780137
ATMN,24.61,24.95,25.02,2370100.0,2261300.0,1900.0,,0,0,0,0,0,0,0,0,0,0,0,0,0,0,0,0,0,0,0,0,0,0,0,0,0,0,0,0,0,0,0,0,0,0,102,2026-02-07 11:25:51.780137
WNTR,23.88,23.84,23.88,2167900.0,2420700.0,,14586.0,0,0,0,0,0,0,0,0,0,0,0,0,0,0,0,0,0,0,0,0,0,0,0,0,0,0,0,0,0,0,0,0,0,0,102,2026-02-07 11:25:51.780137
SPNG,23.76,23.99,24.0,2286800.0,1054.0,2103800.0,11988.0,0,0,0,0,0,0,0,0,0,0,0,0,0,0,0,0,0,0,0,0,0,0,0,0,0,0,0,0,0,0,0,0,0,0,103,2026-02-07 11:25:52.842376
SMMR,25.15,25.13,25.15,2034400.0,18295.0,2133400.0,1259.0,0,0,0,0,0,0,0,0,0,0,0,0,0,0,0,0,0,0,0,0,0,0,0,0,0,0,0,0,0,0,0,0,0,0,103,2026-02-07 11:25:52.842376
ATMN,24.97,24.66,24.94,2264800.0,100.0,2156000.0,10028.0,0,0,0,0,0,0,0,0,0,0,0,0,0,0,0,0,0,0,0,0,0,0,0,0,0,0,0,0,0,0,0,0,0,0,103,2026-02-07 11:25:52.842376
WNTR,23.9,23.84,23.88,2154400.0,14586.0,2289800.0,100.0,0,0,0,0,0,0,0,0,0,0,0,0,0,0,0,0,0,0,0,0,0,0,0,0,0,0,0,0,0,0,0,0,0,0,103,2026-02-07 11:25:52.842376
SPNG,23.77,23.77,24.08,1054.0,2270000.0,11988.0,2099600.0,0,0,0,0,0,0,0,0,0,0,0,0,0,0,0,0,0,0,0,0,0,0,0,0,0,0,0,0,0,0,0,0,0,0,104,2026-02-07 11:25:53.911098
SMMR,25.1,25.13,25.14,9920.0,2032200.0,10834.0,2023900.0,0,0,0,0,0,0,0,0,0,0,0,0,0,0,0,0,0,0,0,0,0,0,0,0,0,0,0,0,0,0,0,0,0,0,104,2026-02-07 11:25:53.911098
ATMN,25.04,24.72,25.04,1922.0,2154300.0,,2369800.0,0,0,0,0,0,0,0,0,0,0,0,0,0,0,0,0,0,0,0,0,0,0,0,0,0,0,0,0,0,0,0,0,0,0,104,2026-02-07 11:25:53.911098
WNTR,23.82,23.82,23.87,9814.0,2258500.0,2548.0,2167600.0,0,0,0,0,0,0,0,0,0,0,0,0,0,0,0,0,0,0,0,0,0,0,0,0,0,0,0,0,0,0,0,0,0,0,104,2026-02-07 11:25:53.911098
SPNG,24.08,23.67,24.08,2373400.0,2349300.0,,,0,0,0,0,0,0,0,0,0,0,0,0,0,0,0,0,0,0,0,0,0,0,0,0,0,0,0,0,0,0,0,0,0,0,105,2026-02-07 11:25:54.989588
SMMR,25.12,25.13,25.15,2112300.0,2259400.0,5086.0,,0,0,0,0,0,0,0,0,0,0,0,0,0,0,0,0,0,0,0,0,0,0,0,0,0,0,0,0,0,0,0,0,0,0,105,2026-02-07 11:25:54.989588
ATMN,25.04,24.72,25.04,2381600.0,2391800.0,,,0,0,0,0,0,0,0,0,0,0,0,0,0,0,0,0,0,0,0,0,0,0,0,0,0,0,0,0,0,0,0,0,0,0,105,2026-02-07 11:25:54.989588
WNTR,23.79,23.79,23.89,2381300.0,2273900.0,,1859.0,0,0,0,0,0,0,0,0,0,0,0,0,0,0,0,0,0,0,0,0,0,0,0,0,0,0,0,0,0,0,0,0,0,0,105,2026-02-07 11:25:54.989588
SPNG,24.13,23.83,24.13,2234700.0,100.0,2309800.0,0,0,0,0,0,0,0,0,0,0,0,0,0,0,0,0,0,0,0,0,0,0,0,0,0,0,0,0,0,0,0,0,0,0,0,106,2026-02-07 11:25:55.569469
SMMR,25.2,25.13,25.2,2112300.0,5086.0,2259600.0,0,0,0,0,0,0,0,0,0,0,0,0,0,0,0,0,0,0,0,0,0,0,0,0,0,0,0,0,0,0,0,0,0,0,0,106,2026-02-07 11:25:55.569469
ATMN,25.04,24.84,25.01,2154300.0,6900.0,2438100.0,0,0,0,0,0,0,0,0,0,0,0,0,0,0,0,0,0,0,0,0,0,0,0,0,0,0,0,0,0,0,0,0,0,0,0,106,2026-02-07 11:25:55.569469
WNTR,23.93,23.79,23.93,2381300.0,,2336700.0,0,0,0,0,0,0,0,0,0,0,0,0,0,0,0,0,0,0,0,0,0,0,0,0,0,0,0,0,0,0,0,0,0,0,0,106,2026-02-07 11:25:55.569469
SPNG,24.02,24.02,24.08,2128100.0,200.0,8290.0,2200900.0,0,0,0,0,0,0,0,0,0,0,0,0,0,0,0,0,0,0,0,0,0,0,0,0,0,0,0,0,0,0,0,0,0,0,107,2026-02-07 11:25:56.652757
SMMR,25.22,25.15,25.22,1987200.0,12259.0,,2285500.0,0,0,0,0,0,0,0,0,0,0,0,0,0,0,0,0,0,0,0,0,0,0,0,0,0,0,0,0,0,0,0,0,0,0,107,2026-02-07 11:25:56.652757
ATMN,24.89,24.87,24.89,2025300.0,15846.0,,2430700.0,0,0,0,0,0,0,0,0,0,0,0,0,0,0,0,0,0,0,0,0,0,0,0,0,0,0,0,0,0,0,0,0,0,0,107,2026-02-07 11:25:56.652757
WNTR,23.93,23.84,23.9,2234000.0,7337.0,7337.0,2244500.0,0,0,0,0,0,0,0,0,0,0,0,0,0,0,0,0,0,0,0,0,0,0,0,0,0,0,0,0,0,0,0,0,0,0,107,2026-02-07 11:25:56.652757
SPNG,23.67,24.0,24.08,100.0,2241200.0,8290.0,2202800.0,0,0,0,0,0,0,0,0,0,0,0,0,0,0,0,0,0,0,0,0,0,0,0,0,0,0,0,0,0,0,0,0,0,0,108,2026-02-07 11:25:57.686409
SMMR,25.22,25.13,25.22,5086.0,2120700.0,,2285500.0,0,0,0,0,0,0,0,0,0,0,0,0,0,0,0,0,0,0,0,0,0,0,0,0,0,0,0,0,0,0,0,0,0,0,108,2026-02-07 11:25:57.686409
ATMN,24.89,24.88,24.89,100.0,2262300.0,,2443100.0,0,0,0,0,0,0,0,0,0,0,0,0,0,0,0,0,0,0,0,0,0,0,0,0,0,0,0,0,0,0,0,0,0,0,108,2026-02-07 11:25:57.686409
WNTR,23.93,23.92,23.93,7337.0,2222600.0,,2344000.0,0,0,0,0,0,0,0,0,0,0,0,0,0,0,0,0,0,0,0,0,0,0,0,0,0,0,0,0,0,0,0,0,0,0,108,2026-02-07 11:25:57.686409
SPNG,23.67,24.0,24.04,1540.0,2132000.0,11860.0,2000800.0,0,0,0,0,0,0,0,0,0,0,0,0,0,0,0,0,0,0,0,0,0,0,0,0,0,0,0,0,0,0,0,0,0,0,109,2026-02-07 11:25:58.730375
SMMR,25.22,25.28,25.34,,2251300.0,,2281300.0,0,0,0,0,0,0,0,0,0,0,0,0,0,0,0,0,0,0,0,0,0,0,0,0,0,0,0,0,0,0,0,0,0,0,109,2026-02-07 11:25:58.730375
ATMN,24.6,24.6,24.82,,2374900.0,9318.0,2176600.0,0,0,0,0,0,0,0,0,0,0,0,0,0,0,0,0,0,0,0,0,0,0,0,0,0,0,0,0,0,0,0,0,0,0,109,2026-02-07 11:25:58.730375
WNTR,23.81,23.81,23.9,7337.0,2243200.0,7974.0,2236500.0,0,0,0,0,0,0,0,0,0,0,0,0,0,0,0,0,0,0,0,0,0,0,0,0,0,0,0,0,0,0,0,0,0,0,109,2026-02-07 11:25:58.730375
SPNG,23.74,23.67,23.74,2377200.0,1785200.0,12060.0,0,0,0,0,0,0,0,0,0,0,0,0,0,0,0,0,0,0,0,0,0,0,0,0,0,0,0,0,0,0,0,0,0,0,0,110,2026-02-07 11:25:59.765755
SMMR,25.07,25.07,25.17,2284900.0,2133500.0,9831.0,0,0,0,0,0,0,0,0,0,0,0,0,0,0,0,0,0,0,0,0,0,0,0,0,0,0,0,0,0,0,0,0,0,0,0,110,2026-02-07 11:25:59.765755
ATMN,24.54,24.54,24.74,2413100.0,1936600.0,9518.0,0,0,0,0,0,0,0,0,0,0,0,0,0,0,0,0,0,0,0,0,0,0,0,0,0,0,0,0,0,0,0,0,0,0,0,110,2026-02-07 11:25:59.765755
WNTR,23.79,23.78,23.79,2341000.0,2144400.0,11949.0,0,0,0,0,0,0,0,0,0,0,0,0,0,0,0,0,0,0,0,0,0,0,0,0,0,0,0,0,0,0,0,0,0,0,0,110,2026-02-07 11:25:59.765755
SPNG,23.95,23.81,23.95,2398000.0,2314600.0,,,0,0,0,0,0,0,0,0,0,0,0,0,0,0,0,0,0,0,0,0,0,0,0,0,0,0,0,0,0,0,0,0,0,0,111,2026-02-07 11:26:00.836543
SMMR,25.34,25.1,25.26,2032800.0,2103500.0,6647.0,8671.0,0,0,0,0,0,0,0,0,0,0,0,0,0,0,0,0,0,0,0,0,0,0,0,0,0,0,0,0,0,0,0,0,0,0,111,2026-02-07 11:26:00.836543
ATMN,24.59,24.72,24.74,2265200.0,2176600.0,100.0,8574.0,0,0,0,0,0,0,0,0,0,0,0,0,0,0,0,0,0,0,0,0,0,0,0,0,0,0,0,0,0,0,0,0,0,0,111,2026-02-07 11:26:00.836543
WNTR,23.78,23.69,23.74,2377100.0,2199500.0,,8868.0,0,0,0,0,0,0,0,0,0,0,0,0,0,0,0,0,0,0,0,0,0,0,0,0,0,0,0,0,0,0,0,0,0,0,111,2026-02-07 11:26:00.836543
SPNG,23.96,23.96,24.0,2309700.0,100.0,2343900.0,,0,0,0,0,0,0,0,0,0,0,0,0,0,0,0,0,0,0,0,0,0,0,0,0,0,0,0,0,0,0,0,0,0,0,112,2026-02-07 11:26:02.083593
SMMR,25.32,25.32,25.34,1922500.0,10144.0,2249300.0,,0,0,0,0,0,0,0,0,0,0,0,0,0,0,0,0,0,0,0,0,0,0,0,0,0,0,0,0,0,0,0,0,0,0,112,2026-02-07 11:26:02.083593
ATMN,24.5,24.73,24.79,2288000.0,6652.0,2416100.0,,0,0,0,0,0,0,0,0,0,0,0,0,0,0,0,0,0,0,0,0,0,0,0,0,0,0,0,0,0,0,0,0,0,0,112,2026-02-07 11:26:02.083593
WNTR,23.74,23.79,23.82,2235100.0,5183.0,2113200.0,15736.0,0,0,0,0,0,0,0,0,0,0,0,0,0,0,0,0,0,0,0,0,0,0,0,0,0,0,0,0,0,0,0,0,0,0,112,2026-02-07 11:26:02.083593
SPNG,23.96,23.96,24.0,2274100.0,100.0,2221500.0,100.0,0,0,0,0,0,0,0,0,0,0,0,0,0,0,0,0,0,0,0,0,0,0,0,0,0,0,0,0,0,0,0,0,0,0,113,2026-02-07 11:26:02.662037
SMMR,25.13,25.16,25.31,1902300.0,15886.0,2201200.0,,0,0,0,0,0,0,0,0,0,0,0,0,0,0,0,0,0,0,0,0,0,0,0,0,0,0,0,0,0,0,0,0,0,0,113,2026-02-07 11:26:02.662037
ATMN,24.5,24.5,24.77,2397100.0,,2289600.0,100.0,0,0,0,0,0,0,0,0,0,0,0,0,0,0,0,0,0,0,0,0,0,0,0,0,0,0,0,0,0,0,0,0,0,0,113,2026-02-07 11:26:02.662037
WNTR,23.74,23.79,23.82,2237600.0,5183.0,2113200.0,15736.0,0,0,0,0,0,0,0,0,0,0,0,0,0,0,0,0,0,0,0,0,0,0,0,0,0,0,0,0,0,0,0,0,0,0,113,2026-02-07 11:26:02.662037
SPNG,23.96,23.81,23.95,2277900.0,100.0,2008900.0,703.0,0,0,0,0,0,0,0,0,0,0,0,0,0,0,0,0,0,0,0,0,0,0,0,0,0,0,0,0,0,0,0,0,0,0,114,2026-02-07 11:26:03.759915
SMMR,25.34,25.16,25.34,1902300.0,15886.0,2198400.0,,0,0,0,0,0,0,0,0,0,0,0,0,0,0,0,0,0,0,0,0,0,0,0,0,0,0,0,0,0,0,0,0,0,0,114,2026-02-07 11:26:03.759915
ATMN,24.82,24.54,24.82,2236200.0,100.0,2422000.0,,0,0,0,0,0,0,0,0,0,0,0,0,0,0,0,0,0,0,0,0,0,0,0,0,0,0,0,0,0,0,0,0,0,0,114,2026-02-07 11:26:03.759915
WNTR,23.79,23.79,23.85,2237600.0,5183.0,2104900.0,15736.0,0,0,0,0,0,0,0,0,0,0,0,0,0,0,0,0,0,0,0,0,0,0,0,0,0,0,0,0,0,0,0,0,0,0,114,2026-02-07 11:26:03.759915
SPNG,24.07,23.81,24.07,2348100.0,2350700.0,0,0,0,0,0,0,0,0,0,0,0,0,0,0,0,0,0,0,0,0,0,0,0,0,0,0,0,0,0,0,0,0,0,0,0,0,115,2026-02-07 11:26:04.809707
SMMR,25.22,25.26,25.34,2284300.0,2211600.0,0,0,0,0,0,0,0,0,0,0,0,0,0,0,0,0,0,0,0,0,0,0,0,0,0,0,0,0,0,0,0,0,0,0,0,0,115,2026-02-07 11:26:04.809707
ATMN,24.45,24.45,24.99,2393700.0,2450800.0,0,0,0,0,0,0,0,0,0,0,0,0,0,0,0,0,0,0,0,0,0,0,0,0,0,0,0,0,0,0,0,0,0,0,0,0,115,2026-02-07 11:26:04.809707
WNTR,23.73,23.74,23.9,2365500.0,2328700.0,0,0,0,0,0,0,0,0,0,0,0,0,0,0,0,0,0,0,0,0,0,0,0,0,0,0,0,0,0,0,0,0,0,0,0,0,115,2026-02-07 11:26:04.809707
SPNG,23.8,23.8,24.07,2369200.0,2350700.0,0,0,0,0,0,0,0,0,0,0,0,0,0,0,0,0,0,0,0,0,0,0,0,0,0,0,0,0,0,0,0,0,0,0,0,0,116,2026-02-07 11:26:05.862227
SMMR,25.34,25.26,25.3,2284300.0,2237200.0,0,0,0,0,0,0,0,0,0,0,0,0,0,0,0,0,0,0,0,0,0,0,0,0,0,0,0,0,0,0,0,0,0,0,0,0,116,2026-02-07 11:26:05.862227
ATMN,24.93,24.45,24.74,2393700.0,2439600.0,0,0,0,0,0,0,0,0,0,0,0,0,0,0,0,0,0,0,0,0,0,0,0,0,0,0,0,0,0,0,0,0,0,0,0,0,116,2026-02-07 11:26:05.862227
WNTR,23.88,23.88,23.89,2387100.0,2328500.0,0,0,0,0,0,0,0,0,0,0,0,0,0,0,0,0,0,0,0,0,0,0,0,0,0,0,0,0,0,0,0,0,0,0,0,0,116,2026-02-07 11:26:05.862227
SPNG,24.03,24.03,24.16,2318300.0,2335300.0,0,0,0,0,0,0,0,0,0,0,0,0,0,0,0,0,0,0,0,0,0,0,0,0,0,0,0,0,0,0,0,0,0,0,0,0,117,2026-02-07 11:26:06.931058
SMMR,25.26,25.26,25.3,2284300.0,2243700.0,0,0,0,0,0,0,0,0,0,0,0,0,0,0,0,0,0,0,0,0,0,0,0,0,0,0,0,0,0,0,0,0,0,0,0,0,117,2026-02-07 11:26:06.931058
ATMN,24.68,24.68,24.99,2419800.0,2450800.0,0,0,0,0,0,0,0,0,0,0,0,0,0,0,0,0,0,0,0,0,0,0,0,0,0,0,0,0,0,0,0,0,0,0,0,0,117,2026-02-07 11:26:06.931058
WNTR,23.88,23.88,23.89,2387100.0,2326600.0,0,0,0,0,0,0,0,0,0,0,0,0,0,0,0,0,0,0,0,0,0,0,0,0,0,0,0,0,0,0,0,0,0,0,0,0,117,2026-02-07 11:26:06.931058
SPNG,24.2,23.8,24.2,2369200.0,2349200.0,0,0,0,0,0,0,0,0,0,0,0,0,0,0,0,0,0,0,0,0,0,0,0,0,0,0,0,0,0,0,0,0,0,0,0,0,118,2026-02-07 11:26:08.030562
SMMR,25.3,25.2,25.3,2276100.0,2245300.0,0,0,0,0,0,0,0,0,0,0,0,0,0,0,0,0,0,0,0,0,0,0,0,0,0,0,0,0,0,0,0,0,0,0,0,0,118,2026-02-07 11:26:08.030562
ATMN,24.48,24.45,24.48,2393700.0,2455600.0,0,0,0,0,0,0,0,0,0,0,0,0,0,0,0,0,0,0,0,0,0,0,0,0,0,0,0,0,0,0,0,0,0,0,0,0,118,2026-02-07 11:26:08.030562
WNTR,23.93,23.88,23.93,2387100.0,2312500.0,0,0,0,0,0,0,0,0,0,0,0,0,0,0,0,0,0,0,0,0,0,0,0,0,0,0,0,0,0,0,0,0,0,0,0,0,118,2026-02-07 11:26:08.030562
SPNG,24.21,23.64,24.05,2351600.0,2353800.0,0,0,0,0,0,0,0,0,0,0,0,0,0,0,0,0,0,0,0,0,0,0,0,0,0,0,0,0,0,0,0,0,0,0,0,0,119,2026-02-07 11:26:09.113100
SMMR,25.26,25.26,25.3,2218600.0,2239900.0,0,0,0,0,0,0,0,0,0,0,0,0,0,0,0,0,0,0,0,0,0,0,0,0,0,0,0,0,0,0,0,0,0,0,0,0,119,2026-02-07 11:26:09.113100
ATMN,24.51,24.45,24.49,2400700.0,2463700.0,0,0,0,0,0,0,0,0,0,0,0,0,0,0,0,0,0,0,0,0,0,0,0,0,0,0,0,0,0,0,0,0,0,0,0,0,119,2026-02-07 11:26:09.113100
WNTR,23.94,23.74,23.94,2365500.0,2321000.0,0,0,0,0,0,0,0,0,0,0,0,0,0,0,0,0,0,0,0,0,0,0,0,0,0,0,0,0,0,0,0,0,0,0,0,0,119,2026-02-07 11:26:09.113100
SPNG,23.64,25.26,0.0,200000.0,0,0,0,0,0,0,0,0,0,0,0,0,0,0,0,0,0,0,0,0,0,0,0,0,0,0,0,0,0,0,0,0,0,0,0,0,0,120,2026-02-07 11:26:09.655950
SMMR,25.17,23.09,0.0,200000.0,0,0,0,0,0,0,0,0,0,0,0,0,0,0,0,0,0,0,0,0,0,0,0,0,0,0,0,0,0,0,0,0,0,0,0,0,0,120,2026-02-07 11:26:09.655950
ATMN,24.72,25.84,0.0,200000.0,0,0,0,0,0,0,0,0,0,0,0,0,0,0,0,0,0,0,0,0,0,0,0,0,0,0,0,0,0,0,0,0,0,0,0,0,0,120,2026-02-07 11:26:09.655950
WNTR,23.94,26.44,0.0,200000.0,0,0,0,0,0,0,0,0,0,0,0,0,0,0,0,0,0,0,0,0,0,0,0,0,0,0,0,0,0,0,0,0,0,0,0,0,0,120,2026-02-07 11:26:09.655950
SPNG,25.73,25.35,25.73,1107600.0,998200.0,0,0,0,0,0,0,0,0,0,0,0,0,0,0,0,0,0,0,0,0,0,0,0,0,0,0,0,0,0,0,0,0,0,0,0,0,121,2026-02-07 11:26:10.739377
SMMR,25.17,23.22,24.09,1005000.0,1103000.0,0,0,0,0,0,0,0,0,0,0,0,0,0,0,0,0,0,0,0,0,0,0,0,0,0,0,0,0,0,0,0,0,0,0,0,0,121,2026-02-07 11:26:10.739377
ATMN,25.84,25.84,25.98,1098400.0,944000.0,0,0,0,0,0,0,0,0,0,0,0,0,0,0,0,0,0,0,0,0,0,0,0,0,0,0,0,0,0,0,0,0,0,0,0,0,121,2026-02-07 11:26:10.739377
WNTR,26.44,25.37,25.41,1010100.0,840500.0,0,0,0,0,0,0,0,0,0,0,0,0,0,0,0,0,0,0,0,0,0,0,0,0,0,0,0,0,0,0,0,0,0,0,0,0,121,2026-02-07 11:26:10.739377
SPNG,24.33,25.03,25.18,1180500.0,1102700.0,0,0,0,0,0,0,0,0,0,0,0,0,0,0,0,0,0,0,0,0,0,0,0,0,0,0,0,0,0,0,0,0,0,0,0,0,122,2026-02-07 11:26:11.791779
SMMR,23.22,23.22,23.5,1005000.0,1483000.0,0,0,0,0,0,0,0,0,0,0,0,0,0,0,0,0,0,0,0,0,0,0,0,0,0,0,0,0,0,0,0,0,0,0,0,0,122,2026-02-07 11:26:11.791779
ATMN,25.76,25.76,25.98,998400.0,1152700.0,0,0,0,0,0,0,0,0,0,0,0,0,0,0,0,0,0,0,0,0,0,0,0,0,0,0,0,0,0,0,0,0,0,0,0,0,122,2026-02-07 11:26:11.791779
WNTR,25.41,25.46,25.47,1323500.0,837100.0,0,0,0,0,0,0,0,0,0,0,0,0,0,0,0,0,0,0,0,0,0,0,0,0,0,0,0,0,0,0,0,0,0,0,0,0,122,2026-02-07 11:26:11.791779
SPNG,25.18,25.47,25.72,1295000.0,1192000.0,0,0,0,0,0,0,0,0,0,0,0,0,0,0,0,0,0,0,0,0,0,0,0,0,0,0,0,0,0,0,0,0,0,0,0,0,123,2026-02-07 11:26:12.841287
SMMR,23.22,23.22,23.28,1005000.0,2010300.0,0,0,0,0,0,0,0,0,0,0,0,0,0,0,0,0,0,0,0,0,0,0,0,0,0,0,0,0,0,0,0,0,0,0,0,0,123,2026-02-07 11:26:12.841287
ATMN,25.98,25.76,25.98,998400.0,1257800.0,0,0,0,0,0,0,0,0,0,0,0,0,0,0,0,0,0,0,0,0,0,0,0,0,0,0,0,0,0,0,0,0,0,0,0,0,123,2026-02-07 11:26:12.841287
WNTR,25.47,25.57,26.28,1646600.0,801000.0,0,0,0,0,0,0,0,0,0,0,0,0,0,0,0,0,0,0,0,0,0,0,0,0,0,0,0,0,0,0,0,0,0,0,0,0,123,2026-02-07 11:26:12.841287
SPNG,25.03,24.47,24.67,1354800.0,1321300.0,0,0,0,0,0,0,0,0,0,0,0,0,0,0,0,0,0,0,0,0,0,0,0,0,0,0,0,0,0,0,0,0,0,0,0,0,124,2026-02-07 11:26:13.913866
SMMR,23.22,23.09,23.21,997500.0,2339000.0,0,0,0,0,0,0,0,0,0,0,0,0,0,0,0,0,0,0,0,0,0,0,0,0,0,0,0,0,0,0,0,0,0,0,0,0,124,2026-02-07 11:26:13.913866
ATMN,25.98,25.76,25.98,1220300.0,1257800.0,0,0,0,0,0,0,0,0,0,0,0,0,0,0,0,0,0,0,0,0,0,0,0,0,0,0,0,0,0,0,0,0,0,0,0,0,124,2026-02-07 11:26:13.913866
WNTR,26.55,25.83,26.55,1896300.0,793000.0,0,0,0,0,0,0,0,0,0,0,0,0,0,0,0,0,0,0,0,0,0,0,0,0,0,0,0,0,0,0,0,0,0,0,0,0,124,2026-02-07 11:26:13.913866
SPNG,24.67,24.99,25.12,1673300.0,1288900.0,0,0,0,0,0,0,0,0,0,0,0,0,0,0,0,0,0,0,0,0,0,0,0,0,0,0,0,0,0,0,0,0,0,0,0,0,125,2026-02-07 11:26:15.037538
SMMR,23.09,22.99,23.08,1162900.0,2364300.0,0,0,0,0,0,0,0,0,0,0,0,0,0,0,0,0,0,0,0,0,0,0,0,0,0,0,0,0,0,0,0,0,0,0,0,0,125,2026-02-07 11:26:15.037538
ATMN,26.03,26.03,26.05,1463400.0,1133000.0,0,0,0,0,0,0,0,0,0,0,0,0,0,0,0,0,0,0,0,0,0,0,0,0,0,0,0,0,0,0,0,0,0,0,0,0,125,2026-02-07 11:26:15.037538
WNTR,26.55,26.32,26.34,2123200.0,897900.0,0,0,0,0,0,0,0,0,0,0,0,0,0,0,0,0,0,0,0,0,0,0,0,0,0,0,0,0,0,0,0,0,0,0,0,0,125,2026-02-07 11:26:15.037538
SPNG,25.72,24.99,25.72,1673300.0,1410700.0,,,0,0,0,0,0,0,0,0,0,0,0,0,0,0,0,0,0,0,0,0,0,0,0,0,0,0,0,0,0,0,0,0,0,0,126,2026-02-07 11:26:16.110200
SMMR,23.12,22.99,23.07,1282100.0,2209100.0,9506.0,9506.0,0,0,0,0,0,0,0,0,0,0,0,0,0,0,0,0,0,0,0,0,0,0,0,0,0,0,0,0,0,0,0,0,0,0,126,2026-02-07 11:26:16.110200
ATMN,26.03,26.03,26.05,1463400.0,1449900.0,9289.0,,0,0,0,0,0,0,0,0,0,0,0,0,0,0,0,0,0,0,0,0,0,0,0,0,0,0,0,0,0,0,0,0,0,0,126,2026-02-07 11:26:16.110200
WNTR,26.32,26.32,26.34,2142200.0,995600.0,9724.0,9724.0,0,0,0,0,0,0,0,0,0,0,0,0,0,0,0,0,0,0,0,0,0,0,0,0,0,0,0,0,0,0,0,0,0,0,126,2026-02-07 11:26:16.110200
SPNG,25.3,25.17,25.3,1778700.0,100.0,1533200.0,100.0,0,0,0,0,0,0,0,0,0,0,0,0,0,0,0,0,0,0,0,0,0,0,0,0,0,0,0,0,0,0,0,0,0,0,127,2026-02-07 11:26:17.176780
SMMR,23.09,23.13,23.21,1426300.0,15946.0,2339000.0,,0,0,0,0,0,0,0,0,0,0,0,0,0,0,0,0,0,0,0,0,0,0,0,0,0,0,0,0,0,0,0,0,0,0,127,2026-02-07 11:26:17.176780
ATMN,25.79,25.79,25.99,1341800.0,,1655300.0,9289.0,0,0,0,0,0,0,0,0,0,0,0,0,0,0,0,0,0,0,0,0,0,0,0,0,0,0,0,0,0,0,0,0,0,0,127,2026-02-07 11:26:17.176780
WNTR,26.3,26.3,26.31,2133900.0,3264.0,1101200.0,18285.0,0,0,0,0,0,0,0,0,0,0,0,0,0,0,0,0,0,0,0,0,0,0,0,0,0,0,0,0,0,0,0,0,0,0,127,2026-02-07 11:26:17.176780
SPNG,25.05,24.99,25.0,1889000.0,1641000.0,1785.0,,0,0,0,0,0,0,0,0,0,0,0,0,0,0,0,0,0,0,0,0,0,0,0,0,0,0,0,0,0,0,0,0,0,0,128,2026-02-07 11:26:17.740616
SMMR,22.81,23.19,23.21,1254300.0,2215600.0,3473.0,,0,0,0,0,0,0,0,0,0,0,0,0,0,0,0,0,0,0,0,0,0,0,0,0,0,0,0,0,0,0,0,0,0,0,128,2026-02-07 11:26:17.740616
ATMN,25.79,25.91,25.92,1464100.0,1875600.0,15779.0,930.0,0,0,0,0,0,0,0,0,0,0,0,0,0,0,0,0,0,0,0,0,0,0,0,0,0,0,0,0,0,0,0,0,0,0,128,2026-02-07 11:26:17.740616
WNTR,26.42,26.3,26.42,2133900.0,996300.0,,3264.0,0,0,0,0,0,0,0,0,0,0,0,0,0,0,0,0,0,0,0,0,0,0,0,0,0,0,0,0,0,0,0,0,0,0,128,2026-02-07 11:26:17.740616
SPNG,25.42,24.99,25.14,2016900.0,100.0,1669200.0,100.0,0,0,0,0,0,0,0,0,0,0,0,0,0,0,0,0,0,0,0,0,0,0,0,0,0,0,0,0,0,0,0,0,0,0,129,2026-02-07 11:26:18.834581
SMMR,23.19,22.81,23.1,1150200.0,,2183400.0,11746.0,0,0,0,0,0,0,0,0,0,0,0,0,0,0,0,0,0,0,0,0,0,0,0,0,0,0,0,0,0,0,0,0,0,0,129,2026-02-07 11:26:18.834581
ATMN,25.91,25.91,25.92,1464100.0,3435.0,1987700.0,15779.0,0,0,0,0,0,0,0,0,0,0,0,0,0,0,0,0,0,0,0,0,0,0,0,0,0,0,0,0,0,0,0,0,0,0,129,2026-02-07 11:26:18.834581
WNTR,26.44,26.34,26.44,1994800.0,12045.0,999800.0,4451.0,0,0,0,0,0,0,0,0,0,0,0,0,0,0,0,0,0,0,0,0,0,0,0,0,0,0,0,0,0,0,0,0,0,0,129,2026-02-07 11:26:18.834581
SPNG,25.14,25.62,25.72,100.0,2124500.0,1819400.0,0,0,0,0,0,0,0,0,0,0,0,0,0,0,0,0,0,0,0,0,0,0,0,0,0,0,0,0,0,0,0,0,0,0,0,130,2026-02-07 11:26:20.122036
SMMR,23.2,22.91,23.2,,1522000.0,2412200.0,0,0,0,0,0,0,0,0,0,0,0,0,0,0,0,0,0,0,0,0,0,0,0,0,0,0,0,0,0,0,0,0,0,0,0,130,2026-02-07 11:26:20.122036
ATMN,25.9,25.79,25.82,,1341800.0,2172900.0,0,0,0,0,0,0,0,0,0,0,0,0,0,0,0,0,0,0,0,0,0,0,0,0,0,0,0,0,0,0,0,0,0,0,0,130,2026-02-07 11:26:20.122036
WNTR,26.44,26.39,26.44,,2228100.0,883000.0,0,0,0,0,0,0,0,0,0,0,0,0,0,0,0,0,0,0,0,0,0,0,0,0,0,0,0,0,0,0,0,0,0,0,0,130,2026-02-07 11:26:20.122036
SPNG,25.61,24.99,25.21,2145500.0,2029500.0,100.0,,0,0,0,0,0,0,0,0,0,0,0,0,0,0,0,0,0,0,0,0,0,0,0,0,0,0,0,0,0,0,0,0,0,0,131,2026-02-07 11:26:21.197499
SMMR,23.17,23.14,23.16,1522000.0,2294600.0,10000.0,2500.0,0,0,0,0,0,0,0,0,0,0,0,0,0,0,0,0,0,0,0,0,0,0,0,0,0,0,0,0,0,0,0,0,0,0,131,2026-02-07 11:26:21.197499
ATMN,25.92,25.81,25.9,1461900.0,2096300.0,9477.0,7437.0,0,0,0,0,0,0,0,0,0,0,0,0,0,0,0,0,0,0,0,0,0,0,0,0,0,0,0,0,0,0,0,0,0,0,131,2026-02-07 11:26:21.197499
WNTR,26.44,26.43,26.44,2118700.0,1206100.0,100.0,10000.0,0,0,0,0,0,0,0,0,0,0,0,0,0,0,0,0,0,0,0,0,0,0,0,0,0,0,0,0,0,0,0,0,0,0,131,2026-02-07 11:26:21.197499
SPNG,25.61,25.14,25.2,2267100.0,7839.0,7939.0,1940700.0,0,0,0,0,0,0,0,0,0,0,0,0,0,0,0,0,0,0,0,0,0,0,0,0,0,0,0,0,0,0,0,0,0,0,132,2026-02-07 11:26:21.756781
SMMR,23.14,22.91,23.04,1522000.0,,10000.0,2280800.0,0,0,0,0,0,0,0,0,0,0,0,0,0,0,0,0,0,0,0,0,0,0,0,0,0,0,0,0,0,0,0,0,0,0,132,2026-02-07 11:26:21.756781
ATMN,25.92,25.81,25.9,1581800.0,7437.0,9477.0,2095500.0,0,0,0,0,0,0,0,0,0,0,0,0,0,0,0,0,0,0,0,0,0,0,0,0,0,0,0,0,0,0,0,0,0,0,132,2026-02-07 11:26:21.756781
WNTR,26.44,26.39,26.44,2228100.0,,100.0,1116100.0,0,0,0,0,0,0,0,0,0,0,0,0,0,0,0,0,0,0,0,0,0,0,0,0,0,0,0,0,0,0,0,0,0,0,132,2026-02-07 11:26:21.756781
SPNG,25.21,25.44,25.47,2100500.0,7939.0,2123600.0,100.0,0,0,0,0,0,0,0,0,0,0,0,0,0,0,0,0,0,0,0,0,0,0,0,0,0,0,0,0,0,0,0,0,0,0,133,2026-02-07 11:26:22.804301
SMMR,23.16,22.96,23.16,1741400.0,,2311400.0,10000.0,0,0,0,0,0,0,0,0,0,0,0,0,0,0,0,0,0,0,0,0,0,0,0,0,0,0,0,0,0,0,0,0,0,0,133,2026-02-07 11:26:22.804301
ATMN,25.74,25.74,25.88,1552400.0,,1972100.0,18563.0,0,0,0,0,0,0,0,0,0,0,0,0,0,0,0,0,0,0,0,0,0,0,0,0,0,0,0,0,0,0,0,0,0,0,133,2026-02-07 11:26:22.804301
WNTR,26.3,26.3,26.37,2223200.0,,1353700.0,7483.0,0,0,0,0,0,0,0,0,0,0,0,0,0,0,0,0,0,0,0,0,0,0,0,0,0,0,0,0,0,0,0,0,0,0,133,2026-02-07 11:26:22.804301
SPNG,25.22,25.14,25.22,2245900.0,7839.0,2071700.0,1012.0,0,0,0,0,0,0,0,0,0,0,0,0,0,0,0,0,0,0,0,0,0,0,0,0,0,0,0,0,0,0,0,0,0,0,134,2026-02-07 11:26:23.868271
SMMR,23.28,22.96,23.28,1876300.0,,2418600.0,,0,0,0,0,0,0,0,0,0,0,0,0,0,0,0,0,0,0,0,0,0,0,0,0,0,0,0,0,0,0,0,0,0,0,134,2026-02-07 11:26:23.868271
ATMN,25.99,25.78,25.99,1552400.0,10000.0,2117700.0,100.0,0,0,0,0,0,0,0,0,0,0,0,0,0,0,0,0,0,0,0,0,0,0,0,0,0,0,0,0,0,0,0,0,0,0,134,2026-02-07 11:26:23.868271
WNTR,26.37,26.4,26.43,2087900.0,8088.0,1349600.0,7483.0,0,0,0,0,0,0,0,0,0,0,0,0,0,0,0,0,0,0,0,0,0,0,0,0,0,0,0,0,0,0,0,0,0,0,134,2026-02-07 11:26:23.868271
SPNG,25.14,25.14,25.47,2376500.0,2252700.0,,0,0,0,0,0,0,0,0,0,0,0,0,0,0,0,0,0,0,0,0,0,0,0,0,0,0,0,0,0,0,0,0,0,0,0,135,2026-02-07 11:26:24.964359
SMMR,23.28,23.03,23.1,2007400.0,2399500.0,,0,0,0,0,0,0,0,0,0,0,0,0,0,0,0,0,0,0,0,0,0,0,0,0,0,0,0,0,0,0,0,0,0,0,0,135,2026-02-07 11:26:24.964359
ATMN,26.05,25.74,26.05,1552400.0,2238200.0,,0,0,0,0,0,0,0,0,0,0,0,0,0,0,0,0,0,0,0,0,0,0,0,0,0,0,0,0,0,0,0,0,0,0,0,135,2026-02-07 11:26:24.964359
WNTR,26.43,26.38,26.43,2080500.0,1470400.0,10000.0,0,0,0,0,0,0,0,0,0,0,0,0,0,0,0,0,0,0,0,0,0,0,0,0,0,0,0,0,0,0,0,0,0,0,0,135,2026-02-07 11:26:24.964359
SPNG,25.13,25.45,25.47,2358900.0,2205100.0,100.0,0,0,0,0,0,0,0,0,0,0,0,0,0,0,0,0,0,0,0,0,0,0,0,0,0,0,0,0,0,0,0,0,0,0,0,136,2026-02-07 11:26:26.033609
SMMR,23.28,23.03,23.05,2381800.0,2316600.0,4815.0,0,0,0,0,0,0,0,0,0,0,0,0,0,0,0,0,0,0,0,0,0,0,0,0,0,0,0,0,0,0,0,0,0,0,0,136,2026-02-07 11:26:26.033609
ATMN,25.96,25.97,26.05,1773300.0,2238200.0,,0,0,0,0,0,0,0,0,0,0,0,0,0,0,0,0,0,0,0,0,0,0,0,0,0,0,0,0,0,0,0,0,0,0,0,136,2026-02-07 11:26:26.033609
WNTR,26.26,26.26,26.38,2114900.0,1589700.0,,0,0,0,0,0,0,0,0,0,0,0,0,0,0,0,0,0,0,0,0,0,0,0,0,0,0,0,0,0,0,0,0,0,0,0,136,2026-02-07 11:26:26.033609
SPNG,25.15,25.15,25.47,10000.0,2241100.0,2212100.0,100.0,0,0,0,0,0,0,0,0,0,0,0,0,0,0,0,0,0,0,0,0,0,0,0,0,0,0,0,0,0,0,0,0,0,0,137,2026-02-07 11:26:27.152719
SMMR,23.08,23.03,23.08,,2487400.0,2339500.0,4815.0,0,0,0,0,0,0,0,0,0,0,0,0,0,0,0,0,0,0,0,0,0,0,0,0,0,0,0,0,0,0,0,0,0,0,137,2026-02-07 11:26:27.152719
ATMN,25.97,25.97,26.04,,1773300.0,2137000.0,8767.0,0,0,0,0,0,0,0,0,0,0,0,0,0,0,0,0,0,0,0,0,0,0,0,0,0,0,0,0,0,0,0,0,0,0,137,2026-02-07 11:26:27.152719
WNTR,26.41,26.26,26.32,,2114900.0,1693200.0,100.0,0,0,0,0,0,0,0,0,0,0,0,0,0,0,0,0,0,0,0,0,0,0,0,0,0,0,0,0,0,0,0,0,0,0,137,2026-02-07 11:26:27.152719
SPNG,25.5,25.15,25.5,10000.0,2241100.0,504.0,2188600.0,0,0,0,0,0,0,0,0,0,0,0,0,0,0,0,0,0,0,0,0,0,0,0,0,0,0,0,0,0,0,0,0,0,0,138,2026-02-07 11:26:28.199340
SMMR,23.08,23.04,23.08,9349.0,2349700.0,4815.0,2339500.0,0,0,0,0,0,0,0,0,0,0,0,0,0,0,0,0,0,0,0,0,0,0,0,0,0,0,0,0,0,0,0,0,0,0,138,2026-02-07 11:26:28.199340
ATMN,26.05,25.97,26.05,,1912000.0,,2269800.0,0,0,0,0,0,0,0,0,0,0,0,0,0,0,0,0,0,0,0,0,0,0,0,0,0,0,0,0,0,0,0,0,0,0,138,2026-02-07 11:26:28.199340
WNTR,26.41,26.41,26.42,9562.0,2139800.0,100.0,1592300.0,0,0,0,0,0,0,0,0,0,0,0,0,0,0,0,0,0,0,0,0,0,0,0,0,0,0,0,0,0,0,0,0,0,0,138,2026-02-07 11:26:28.199340
SPNG,25.64,25.15,25.42,13213.0,2110500.0,2281700.0,0,0,0,0,0,0,0,0,0,0,0,0,0,0,0,0,0,0,0,0,0,0,0,0,0,0,0,0,0,0,0,0,0,0,0,139,2026-02-07 11:26:28.763306
SMMR,23.1,23.04,23.1,9349.0,2370700.0,2406500.0,0,0,0,0,0,0,0,0,0,0,0,0,0,0,0,0,0,0,0,0,0,0,0,0,0,0,0,0,0,0,0,0,0,0,0,139,2026-02-07 11:26:28.763306
ATMN,26.05,26.01,26.05,10000.0,2011500.0,2275300.0,0,0,0,0,0,0,0,0,0,0,0,0,0,0,0,0,0,0,0,0,0,0,0,0,0,0,0,0,0,0,0,0,0,0,0,139,2026-02-07 11:26:28.763306
WNTR,26.44,26.41,26.44,9562.0,2139800.0,1474500.0,0,0,0,0,0,0,0,0,0,0,0,0,0,0,0,0,0,0,0,0,0,0,0,0,0,0,0,0,0,0,0,0,0,0,0,139,2026-02-07 11:26:28.763306
SPNG,25.42,24.99,25.42,2361200.0,2281700.0,,0,0,0,0,0,0,0,0,0,0,0,0,0,0,0,0,0,0,0,0,0,0,0,0,0,0,0,0,0,0,0,0,0,0,0,140,2026-02-07 11:26:29.814884
SMMR,23.24,23.07,23.09,2202600.0,2387500.0,15731.0,0,0,0,0,0,0,0,0,0,0,0,0,0,0,0,0,0,0,0,0,0,0,0,0,0,0,0,0,0,0,0,0,0,0,0,140,2026-02-07 11:26:29.814884
ATMN,26.08,26.05,26.08,2108700.0,2279200.0,16343.0,0,0,0,0,0,0,0,0,0,0,0,0,0,0,0,0,0,0,0,0,0,0,0,0,0,0,0,0,0,0,0,0,0,0,0,140,2026-02-07 11:26:29.814884
WNTR,26.48,26.43,26.46,2012400.0,1438700.0,15317.0,0,0,0,0,0,0,0,0,0,0,0,0,0,0,0,0,0,0,0,0,0,0,0,0,0,0,0,0,0,0,0,0,0,0,0,140,2026-02-07 11:26:29.814884
SPNG,25.64,25.7,25.72,2353000.0,2261500.0,0,0,0,0,0,0,0,0,0,0,0,0,0,0,0,0,0,0,0,0,0,0,0,0,0,0,0,0,0,0,0,0,0,0,0,0,141,2026-02-07 11:26:30.864161
SMMR,23.15,23.03,23.13,2474100.0,2430800.0,0,0,0,0,0,0,0,0,0,0,0,0,0,0,0,0,0,0,0,0,0,0,0,0,0,0,0,0,0,0,0,0,0,0,0,0,141,2026-02-07 11:26:30.864161
ATMN,25.96,25.79,25.88,2100400.0,2289300.0,0,0,0,0,0,0,0,0,0,0,0,0,0,0,0,0,0,0,0,0,0,0,0,0,0,0,0,0,0,0,0,0,0,0,0,0,141,2026-02-07 11:26:30.864161
WNTR,26.47,26.41,26.47,2214400.0,1536300.0,0,0,0,0,0,0,0,0,0,0,0,0,0,0,0,0,0,0,0,0,0,0,0,0,0,0,0,0,0,0,0,0,0,0,0,0,141,2026-02-07 11:26:30.864161
SPNG,25.7,24.99,25.51,2361200.0,2242800.0,0,0,0,0,0,0,0,0,0,0,0,0,0,0,0,0,0,0,0,0,0,0,0,0,0,0,0,0,0,0,0,0,0,0,0,0,142,2026-02-07 11:26:31.905022
SMMR,23.24,23.13,23.24,2435600.0,2418200.0,0,0,0,0,0,0,0,0,0,0,0,0,0,0,0,0,0,0,0,0,0,0,0,0,0,0,0,0,0,0,0,0,0,0,0,0,142,2026-02-07 11:26:31.905022
ATMN,26.08,25.85,26.08,2338700.0,2279200.0,0,0,0,0,0,0,0,0,0,0,0,0,0,0,0,0,0,0,0,0,0,0,0,0,0,0,0,0,0,0,0,0,0,0,0,0,142,2026-02-07 11:26:31.905022
WNTR,26.47,26.41,26.47,2225500.0,1635200.0,0,0,0,0,0,0,0,0,0,0,0,0,0,0,0,0,0,0,0,0,0,0,0,0,0,0,0,0,0,0,0,0,0,0,0,0,142,2026-02-07 11:26:31.905022
SPNG,24.99,25.17,25.51,2325800.0,2242800.0,0,0,0,0,0,0,0,0,0,0,0,0,0,0,0,0,0,0,0,0,0,0,0,0,0,0,0,0,0,0,0,0,0,0,0,0,143,2026-02-07 11:26:32.946900
SMMR,23.01,23.01,23.24,2462200.0,2411800.0,0,0,0,0,0,0,0,0,0,0,0,0,0,0,0,0,0,0,0,0,0,0,0,0,0,0,0,0,0,0,0,0,0,0,0,0,143,2026-02-07 11:26:32.946900
ATMN,26.13,26.04,26.13,2307600.0,2264100.0,0,0,0,0,0,0,0,0,0,0,0,0,0,0,0,0,0,0,0,0,0,0,0,0,0,0,0,0,0,0,0,0,0,0,0,0,143,2026-02-07 11:26:32.946900
WNTR,26.4,26.4,26.46,2257100.0,1757400.0,0,0,0,0,0,0,0,0,0,0,0,0,0,0,0,0,0,0,0,0,0,0,0,0,0,0,0,0,0,0,0,0,0,0,0,0,143,2026-02-07 11:26:32.946900
SPNG,24.99,25.17,25.28,2324300.0,2203700.0,0,0,0,0,0,0,0,0,0,0,0,0,0,0,0,0,0,0,0,0,0,0,0,0,0,0,0,0,0,0,0,0,0,0,0,0,144,2026-02-07 11:26:33.990376
SMMR,23.0,23.0,23.17,2454400.0,2417800.0,0,0,0,0,0,0,0,0,0,0,0,0,0,0,0,0,0,0,0,0,0,0,0,0,0,0,0,0,0,0,0,0,0,0,0,0,144,2026-02-07 11:26:33.990376
ATMN,26.13,26.04,26.13,2307600.0,2270400.0,0,0,0,0,0,0,0,0,0,0,0,0,0,0,0,0,0,0,0,0,0,0,0,0,0,0,0,0,0,0,0,0,0,0,0,0,144,2026-02-07 11:26:33.990376
WNTR,26.4,26.39,26.4,2265600.0,1989600.0,0,0,0,0,0,0,0,0,0,0,0,0,0,0,0,0,0,0,0,0,0,0,0,0,0,0,0,0,0,0,0,0,0,0,0,0,144,2026-02-07 11:26:33.990376
SPNG,25.41,25.17,25.41,2324300.0,2209100.0,0,0,0,0,0,0,0,0,0,0,0,0,0,0,0,0,0,0,0,0,0,0,0,0,0,0,0,0,0,0,0,0,0,0,0,0,145,2026-02-07 11:26:35.032093
SMMR,23.0,23.0,23.17,2481300.0,2442300.0,0,0,0,0,0,0,0,0,0,0,0,0,0,0,0,0,0,0,0,0,0,0,0,0,0,0,0,0,0,0,0,0,0,0,0,0,145,2026-02-07 11:26:35.032093
ATMN,26.14,26.04,26.14,2280700.0,2295000.0,0,0,0,0,0,0,0,0,0,0,0,0,0,0,0,0,0,0,0,0,0,0,0,0,0,0,0,0,0,0,0,0,0,0,0,0,145,2026-02-07 11:26:35.032093
WNTR,26.46,26.43,26.46,2231100.0,1992400.0,0,0,0,0,0,0,0,0,0,0,0,0,0,0,0,0,0,0,0,0,0,0,0,0,0,0,0,0,0,0,0,0,0,0,0,0,145,2026-02-07 11:26:35.032093
SPNG,25.17,25.17,25.41,2259900.0,2193600.0,0,0,0,0,0,0,0,0,0,0,0,0,0,0,0,0,0,0,0,0,0,0,0,0,0,0,0,0,0,0,0,0,0,0,0,0,146,2026-02-07 11:26:36.081015
SMMR,23.28,23.21,23.28,2460600.0,2421400.0,0,0,0,0,0,0,0,0,0,0,0,0,0,0,0,0,0,0,0,0,0,0,0,0,0,0,0,0,0,0,0,0,0,0,0,0,146,2026-02-07 11:26:36.081015
ATMN,26.01,26.01,26.14,2295000.0,2295000.0,0,0,0,0,0,0,0,0,0,0,0,0,0,0,0,0,0,0,0,0,0,0,0,0,0,0,0,0,0,0,0,0,0,0,0,0,146,2026-02-07 11:26:36.081015
WNTR,26.46,26.43,26.46,2231100.0,2093000.0,0,0,0,0,0,0,0,0,0,0,0,0,0,0,0,0,0,0,0,0,0,0,0,0,0,0,0,0,0,0,0,0,0,0,0,0,146,2026-02-07 11:26:36.081015
SPNG,25.17,24.99,25.12,2287500.0,2236900.0,0,0,0,0,0,0,0,0,0,0,0,0,0,0,0,0,0,0,0,0,0,0,0,0,0,0,0,0,0,0,0,0,0,0,0,0,147,2026-02-07 11:26:37.162643
SMMR,23.19,23.19,23.24,2454000.0,2432500.0,0,0,0,0,0,0,0,0,0,0,0,0,0,0,0,0,0,0,0,0,0,0,0,0,0,0,0,0,0,0,0,0,0,0,0,0,147,2026-02-07 11:26:37.162643
ATMN,25.98,25.98,26.14,2306700.0,2297500.0,0,0,0,0,0,0,0,0,0,0,0,0,0,0,0,0,0,0,0,0,0,0,0,0,0,0,0,0,0,0,0,0,0,0,0,0,147,2026-02-07 11:26:37.162643
WNTR,26.39,26.27,26.3,2233900.0,2103200.0,0,0,0,0,0,0,0,0,0,0,0,0,0,0,0,0,0,0,0,0,0,0,0,0,0,0,0,0,0,0,0,0,0,0,0,0,147,2026-02-07 11:26:37.162643
SPNG,25.72,24.99,25.72,2328600.0,2259700.0,0,0,0,0,0,0,0,0,0,0,0,0,0,0,0,0,0,0,0,0,0,0,0,0,0,0,0,0,0,0,0,0,0,0,0,0,148,2026-02-07 11:26:38.296933
SMMR,23.02,23.0,23.02,2425100.0,2498800.0,0,0,0,0,0,0,0,0,0,0,0,0,0,0,0,0,0,0,0,0,0,0,0,0,0,0,0,0,0,0,0,0,0,0,0,0,148,2026-02-07 11:26:38.296933
ATMN,26.14,25.98,26.02,2326500.0,2291400.0,0,0,0,0,0,0,0,0,0,0,0,0,0,0,0,0,0,0,0,0,0,0,0,0,0,0,0,0,0,0,0,0,0,0,0,0,148,2026-02-07 11:26:38.296933
WNTR,26.39,26.28,26.3,2215400.0,2103200.0,0,0,0,0,0,0,0,0,0,0,0,0,0,0,0,0,0,0,0,0,0,0,0,0,0,0,0,0,0,0,0,0,0,0,0,0,148,2026-02-07 11:26:38.296933
SPNG,25.23,24.99,25.23,2328600.0,2256900.0,0,0,0,0,0,0,0,0,0,0,0,0,0,0,0,0,0,0,0,0,0,0,0,0,0,0,0,0,0,0,0,0,0,0,0,0,149,2026-02-07 11:26:38.878256
SMMR,23.02,23.11,23.14,2402000.0,2448200.0,0,0,0,0,0,0,0,0,0,0,0,0,0,0,0,0,0,0,0,0,0,0,0,0,0,0,0,0,0,0,0,0,0,0,0,0,149,2026-02-07 11:26:38.878256
ATMN,26.14,25.98,26.02,2314100.0,2291400.0,0,0,0,0,0,0,0,0,0,0,0,0,0,0,0,0,0,0,0,0,0,0,0,0,0,0,0,0,0,0,0,0,0,0,0,0,149,2026-02-07 11:26:38.878256
WNTR,26.3,26.44,26.46,2212500.0,2077100.0,0,0,0,0,0,0,0,0,0,0,0,0,0,0,0,0,0,0,0,0,0,0,0,0,0,0,0,0,0,0,0,0,0,0,0,0,149,2026-02-07 11:26:38.878256
SPNG,25.72,25.16,25.72,2299500.0,2274900.0,0,0,0,0,0,0,0,0,0,0,0,0,0,0,0,0,0,0,0,0,0,0,0,0,0,0,0,0,0,0,0,0,0,0,0,0,150,2026-02-07 11:26:39.926313
SMMR,23.28,23.11,23.28,2402000.0,2432400.0,0,0,0,0,0,0,0,0,0,0,0,0,0,0,0,0,0,0,0,0,0,0,0,0,0,0,0,0,0,0,0,0,0,0,0,0,150,2026-02-07 11:26:39.926313
ATMN,26.17,25.98,26.17,2311900.0,2261300.0,0,0,0,0,0,0,0,0,0,0,0,0,0,0,0,0,0,0,0,0,0,0,0,0,0,0,0,0,0,0,0,0,0,0,0,0,150,2026-02-07 11:26:39.926313
WNTR,26.3,26.44,26.46,2212500.0,2112700.0,0,0,0,0,0,0,0,0,0,0,0,0,0,0,0,0,0,0,0,0,0,0,0,0,0,0,0,0,0,0,0,0,0,0,0,0,150,2026-02-07 11:26:39.926313
SPNG,25.16,24.99,25.12,2324500.0,2284900.0,0,0,0,0,0,0,0,0,0,0,0,0,0,0,0,0,0,0,0,0,0,0,0,0,0,0,0,0,0,0,0,0,0,0,0,0,151,2026-02-07 11:26:40.982315
SMMR,23.26,23.26,23.28,2405700.0,2432400.0,0,0,0,0,0,0,0,0,0,0,0,0,0,0,0,0,0,0,0,0,0,0,0,0,0,0,0,0,0,0,0,0,0,0,0,0,151,2026-02-07 11:26:40.982315
ATMN,25.93,26.03,26.17,2305300.0,2261300.0,0,0,0,0,0,0,0,0,0,0,0,0,0,0,0,0,0,0,0,0,0,0,0,0,0,0,0,0,0,0,0,0,0,0,0,0,151,2026-02-07 11:26:40.982315
WNTR,26.3,26.44,26.46,2194400.0,2112700.0,0,0,0,0,0,0,0,0,0,0,0,0,0,0,0,0,0,0,0,0,0,0,0,0,0,0,0,0,0,0,0,0,0,0,0,0,151,2026-02-07 11:26:40.982315
SPNG,25.72,25.65,25.72,2352600.0,2274900.0,0,0,0,0,0,0,0,0,0,0,0,0,0,0,0,0,0,0,0,0,0,0,0,0,0,0,0,0,0,0,0,0,0,0,0,0,152,2026-02-07 11:26:42.051433
SMMR,23.22,23.0,23.22,2425100.0,2497300.0,0,0,0,0,0,0,0,0,0,0,0,0,0,0,0,0,0,0,0,0,0,0,0,0,0,0,0,0,0,0,0,0,0,0,0,0,152,2026-02-07 11:26:42.051433
ATMN,25.88,26.04,26.08,2288500.0,2284200.0,0,0,0,0,0,0,0,0,0,0,0,0,0,0,0,0,0,0,0,0,0,0,0,0,0,0,0,0,0,0,0,0,0,0,0,0,152,2026-02-07 11:26:42.051433
WNTR,26.47,26.44,26.47,2194400.0,2092400.0,0,0,0,0,0,0,0,0,0,0,0,0,0,0,0,0,0,0,0,0,0,0,0,0,0,0,0,0,0,0,0,0,0,0,0,0,152,2026-02-07 11:26:42.051433
SPNG,25.65,25.65,25.72,2352600.0,2206900.0,0,0,0,0,0,0,0,0,0,0,0,0,0,0,0,0,0,0,0,0,0,0,0,0,0,0,0,0,0,0,0,0,0,0,0,0,153,2026-02-07 11:26:43.100529
SMMR,23.22,23.06,23.22,2433400.0,2497300.0,0,0,0,0,0,0,0,0,0,0,0,0,0,0,0,0,0,0,0,0,0,0,0,0,0,0,0,0,0,0,0,0,0,0,0,0,153,2026-02-07 11:26:43.100529
ATMN,25.85,25.85,26.08,2312300.0,2284200.0,0,0,0,0,0,0,0,0,0,0,0,0,0,0,0,0,0,0,0,0,0,0,0,0,0,0,0,0,0,0,0,0,0,0,0,0,153,2026-02-07 11:26:43.100529
WNTR,26.47,26.44,26.47,2194400.0,2117100.0,0,0,0,0,0,0,0,0,0,0,0,0,0,0,0,0,0,0,0,0,0,0,0,0,0,0,0,0,0,0,0,0,0,0,0,0,153,2026-02-07 11:26:43.100529
SPNG,25.73,24.98,25.73,2348400.0,2219400.0,0,0,0,0,0,0,0,0,0,0,0,0,0,0,0,0,0,0,0,0,0,0,0,0,0,0,0,0,0,0,0,0,0,0,0,0,154,2026-02-07 11:26:44.142397
SMMR,23.22,23.06,23.22,2433400.0,2447100.0,0,0,0,0,0,0,0,0,0,0,0,0,0,0,0,0,0,0,0,0,0,0,0,0,0,0,0,0,0,0,0,0,0,0,0,0,154,2026-02-07 11:26:44.142397
ATMN,26.08,25.85,26.08,2282900.0,2284200.0,0,0,0,0,0,0,0,0,0,0,0,0,0,0,0,0,0,0,0,0,0,0,0,0,0,0,0,0,0,0,0,0,0,0,0,0,154,2026-02-07 11:26:44.142397
WNTR,26.34,26.32,26.34,2202500.0,2129000.0,0,0,0,0,0,0,0,0,0,0,0,0,0,0,0,0,0,0,0,0,0,0,0,0,0,0,0,0,0,0,0,0,0,0,0,0,154,2026-02-07 11:26:44.142397
SPNG,25.73,24.98,25.22,2317000.0,2227500.0,0,0,0,0,0,0,0,0,0,0,0,0,0,0,0,0,0,0,0,0,0,0,0,0,0,0,0,0,0,0,0,0,0,0,0,0,155,2026-02-07 11:26:45.181523
SMMR,23.24,23.06,23.16,2433400.0,2448900.0,0,0,0,0,0,0,0,0,0,0,0,0,0,0,0,0,0,0,0,0,0,0,0,0,0,0,0,0,0,0,0,0,0,0,0,0,155,2026-02-07 11:26:45.181523
ATMN,26.08,26.09,26.17,2260700.0,2261300.0,0,0,0,0,0,0,0,0,0,0,0,0,0,0,0,0,0,0,0,0,0,0,0,0,0,0,0,0,0,0,0,0,0,0,0,0,155,2026-02-07 11:26:45.181523
WNTR,26.34,26.32,26.34,2217500.0,2129000.0,0,0,0,0,0,0,0,0,0,0,0,0,0,0,0,0,0,0,0,0,0,0,0,0,0,0,0,0,0,0,0,0,0,0,0,0,155,2026-02-07 11:26:45.181523
SPNG,25.73,24.98,25.22,2348000.0,2227500.0,0,0,0,0,0,0,0,0,0,0,0,0,0,0,0,0,0,0,0,0,0,0,0,0,0,0,0,0,0,0,0,0,0,0,0,0,156,2026-02-07 11:26:46.253402
SMMR,23.23,23.06,23.09,2446600.0,2466300.0,0,0,0,0,0,0,0,0,0,0,0,0,0,0,0,0,0,0,0,0,0,0,0,0,0,0,0,0,0,0,0,0,0,0,0,0,156,2026-02-07 11:26:46.253402
ATMN,26.09,25.91,25.98,2259400.0,2287300.0,0,0,0,0,0,0,0,0,0,0,0,0,0,0,0,0,0,0,0,0,0,0,0,0,0,0,0,0,0,0,0,0,0,0,0,0,156,2026-02-07 11:26:46.253402
WNTR,26.47,26.32,26.47,2184400.0,2124400.0,0,0,0,0,0,0,0,0,0,0,0,0,0,0,0,0,0,0,0,0,0,0,0,0,0,0,0,0,0,0,0,0,0,0,0,0,156,2026-02-07 11:26:46.253402
SPNG,25.22,24.98,25.22,2339800.0,2227500.0,0,0,0,0,0,0,0,0,0,0,0,0,0,0,0,0,0,0,0,0,0,0,0,0,0,0,0,0,0,0,0,0,0,0,0,0,157,2026-02-07 11:26:46.940095
SMMR,23.09,23.07,23.09,2440400.0,2466300.0,0,0,0,0,0,0,0,0,0,0,0,0,0,0,0,0,0,0,0,0,0,0,0,0,0,0,0,0,0,0,0,0,0,0,0,0,157,2026-02-07 11:26:46.940095
ATMN,25.98,26.09,26.17,2290000.0,2261300.0,0,0,0,0,0,0,0,0,0,0,0,0,0,0,0,0,0,0,0,0,0,0,0,0,0,0,0,0,0,0,0,0,0,0,0,0,157,2026-02-07 11:26:46.940095
WNTR,26.47,26.32,26.46,2191600.0,2148100.0,0,0,0,0,0,0,0,0,0,0,0,0,0,0,0,0,0,0,0,0,0,0,0,0,0,0,0,0,0,0,0,0,0,0,0,0,157,2026-02-07 11:26:46.940095
SPNG,25.46,25.09,25.16,2360900.0,2215900.0,0,0,0,0,0,0,0,0,0,0,0,0,0,0,0,0,0,0,0,0,0,0,0,0,0,0,0,0,0,0,0,0,0,0,0,0,158,2026-02-07 11:26:47.989424
SMMR,23.24,23.07,23.24,2419300.0,2454700.0,0,0,0,0,0,0,0,0,0,0,0,0,0,0,0,0,0,0,0,0,0,0,0,0,0,0,0,0,0,0,0,0,0,0,0,0,158,2026-02-07 11:26:47.989424
ATMN,25.85,25.85,26.12,2243900.0,2279900.0,0,0,0,0,0,0,0,0,0,0,0,0,0,0,0,0,0,0,0,0,0,0,0,0,0,0,0,0,0,0,0,0,0,0,0,0,158,2026-02-07 11:26:47.989424
WNTR,26.46,26.33,26.46,2199700.0,2153000.0,0,0,0,0,0,0,0,0,0,0,0,0,0,0,0,0,0,0,0,0,0,0,0,0,0,0,0,0,0,0,0,0,0,0,0,0,158,2026-02-07 11:26:47.989424
SPNG,25.09,25.09,25.66,2360900.0,2199200.0,0,0,0,0,0,0,0,0,0,0,0,0,0,0,0,0,0,0,0,0,0,0,0,0,0,0,0,0,0,0,0,0,0,0,0,0,159,2026-02-07 11:26:49.034046
SMMR,23.06,23.06,23.24,2443500.0,2454700.0,0,0,0,0,0,0,0,0,0,0,0,0,0,0,0,0,0,0,0,0,0,0,0,0,0,0,0,0,0,0,0,0,0,0,0,0,159,2026-02-07 11:26:49.034046
ATMN,26.18,26.12,26.18,2253200.0,2286700.0,0,0,0,0,0,0,0,0,0,0,0,0,0,0,0,0,0,0,0,0,0,0,0,0,0,0,0,0,0,0,0,0,0,0,0,0,159,2026-02-07 11:26:49.034046
WNTR,26.35,26.33,26.42,2199700.0,2155200.0,0,0,0,0,0,0,0,0,0,0,0,0,0,0,0,0,0,0,0,0,0,0,0,0,0,0,0,0,0,0,0,0,0,0,0,0,159,2026-02-07 11:26:49.034046
SPNG,25.1,25.07,25.1,2325000.0,2196000.0,0,0,0,0,0,0,0,0,0,0,0,0,0,0,0,0,0,0,0,0,0,0,0,0,0,0,0,0,0,0,0,0,0,0,0,0,160,2026-02-07 11:26:50.084573
SMMR,23.19,23.19,23.27,2412500.0,2485000.0,0,0,0,0,0,0,0,0,0,0,0,0,0,0,0,0,0,0,0,0,0,0,0,0,0,0,0,0,0,0,0,0,0,0,0,0,160,2026-02-07 11:26:50.084573
ATMN,26.18,25.85,26.18,2261800.0,2286700.0,0,0,0,0,0,0,0,0,0,0,0,0,0,0,0,0,0,0,0,0,0,0,0,0,0,0,0,0,0,0,0,0,0,0,0,0,160,2026-02-07 11:26:50.084573
WNTR,26.33,26.33,26.42,2158400.0,2154200.0,0,0,0,0,0,0,0,0,0,0,0,0,0,0,0,0,0,0,0,0,0,0,0,0,0,0,0,0,0,0,0,0,0,0,0,0,160,2026-02-07 11:26:50.084573
SPNG,24.98,25.08,25.1,2321100.0,2196000.0,0,0,0,0,0,0,0,0,0,0,0,0,0,0,0,0,0,0,0,0,0,0,0,0,0,0,0,0,0,0,0,0,0,0,0,0,161,2026-02-07 11:26:51.134138
SMMR,23.19,23.19,23.24,2399400.0,2461200.0,0,0,0,0,0,0,0,0,0,0,0,0,0,0,0,0,0,0,0,0,0,0,0,0,0,0,0,0,0,0,0,0,0,0,0,0,161,2026-02-07 11:26:51.134138
ATMN,26.19,25.9,26.04,2233800.0,2275200.0,0,0,0,0,0,0,0,0,0,0,0,0,0,0,0,0,0,0,0,0,0,0,0,0,0,0,0,0,0,0,0,0,0,0,0,0,161,2026-02-07 11:26:51.134138
WNTR,26.32,26.32,26.46,2185700.0,2191200.0,0,0,0,0,0,0,0,0,0,0,0,0,0,0,0,0,0,0,0,0,0,0,0,0,0,0,0,0,0,0,0,0,0,0,0,0,161,2026-02-07 11:26:51.134138
SPNG,25.1,25.18,25.52,2294200.0,2186700.0,0,0,0,0,0,0,0,0,0,0,0,0,0,0,0,0,0,0,0,0,0,0,0,0,0,0,0,0,0,0,0,0,0,0,0,0,162,2026-02-07 11:26:52.179747
SMMR,23.13,23.13,23.14,2424300.0,2468300.0,0,0,0,0,0,0,0,0,0,0,0,0,0,0,0,0,0,0,0,0,0,0,0,0,0,0,0,0,0,0,0,0,0,0,0,0,162,2026-02-07 11:26:52.179747
ATMN,26.04,25.9,26.03,2233800.0,2306200.0,0,0,0,0,0,0,0,0,0,0,0,0,0,0,0,0,0,0,0,0,0,0,0,0,0,0,0,0,0,0,0,0,0,0,0,0,162,2026-02-07 11:26:52.179747
WNTR,26.48,26.45,26.48,2199800.0,2143000.0,0,0,0,0,0,0,0,0,0,0,0,0,0,0,0,0,0,0,0,0,0,0,0,0,0,0,0,0,0,0,0,0,0,0,0,0,162,2026-02-07 11:26:52.179747
SPNG,25.23,25.23,25.43,2300300.0,2169200.0,0,0,0,0,0,0,0,0,0,0,0,0,0,0,0,0,0,0,0,0,0,0,0,0,0,0,0,0,0,0,0,0,0,0,0,0,163,2026-02-07 11:26:53.221749
SMMR,23.06,23.06,23.14,2443500.0,2468300.0,0,0,0,0,0,0,0,0,0,0,0,0,0,0,0,0,0,0,0,0,0,0,0,0,0,0,0,0,0,0,0,0,0,0,0,0,163,2026-02-07 11:26:53.221749
ATMN,26.14,26.18,26.19,2220600.0,2275400.0,0,0,0,0,0,0,0,0,0,0,0,0,0,0,0,0,0,0,0,0,0,0,0,0,0,0,0,0,0,0,0,0,0,0,0,0,163,2026-02-07 11:26:53.221749
WNTR,26.45,26.39,26.4,2150700.0,2171600.0,0,0,0,0,0,0,0,0,0,0,0,0,0,0,0,0,0,0,0,0,0,0,0,0,0,0,0,0,0,0,0,0,0,0,0,0,163,2026-02-07 11:26:53.221749
SPNG,25.12,25.33,25.43,2250400.0,2169200.0,0,0,0,0,0,0,0,0,0,0,0,0,0,0,0,0,0,0,0,0,0,0,0,0,0,0,0,0,0,0,0,0,0,0,0,0,164,2026-02-07 11:26:54.263691
SMMR,23.16,23.06,23.16,2443500.0,2459900.0,0,0,0,0,0,0,0,0,0,0,0,0,0,0,0,0,0,0,0,0,0,0,0,0,0,0,0,0,0,0,0,0,0,0,0,0,164,2026-02-07 11:26:54.263691
ATMN,25.85,25.85,26.17,2261800.0,2273200.0,0,0,0,0,0,0,0,0,0,0,0,0,0,0,0,0,0,0,0,0,0,0,0,0,0,0,0,0,0,0,0,0,0,0,0,0,164,2026-02-07 11:26:54.263691
WNTR,26.4,26.39,26.4,2150700.0,2174000.0,0,0,0,0,0,0,0,0,0,0,0,0,0,0,0,0,0,0,0,0,0,0,0,0,0,0,0,0,0,0,0,0,0,0,0,0,164,2026-02-07 11:26:54.263691
SPNG,25.08,25.08,25.43,2258300.0,2178600.0,0,0,0,0,0,0,0,0,0,0,0,0,0,0,0,0,0,0,0,0,0,0,0,0,0,0,0,0,0,0,0,0,0,0,0,0,165,2026-02-07 11:26:55.374337
SMMR,23.27,23.13,23.27,2441600.0,2438000.0,0,0,0,0,0,0,0,0,0,0,0,0,0,0,0,0,0,0,0,0,0,0,0,0,0,0,0,0,0,0,0,0,0,0,0,0,165,2026-02-07 11:26:55.374337
ATMN,25.85,25.85,25.86,2262800.0,2288400.0,0,0,0,0,0,0,0,0,0,0,0,0,0,0,0,0,0,0,0,0,0,0,0,0,0,0,0,0,0,0,0,0,0,0,0,0,165,2026-02-07 11:26:55.374337
WNTR,26.49,26.32,26.49,2190800.0,2165000.0,0,0,0,0,0,0,0,0,0,0,0,0,0,0,0,0,0,0,0,0,0,0,0,0,0,0,0,0,0,0,0,0,0,0,0,0,165,2026-02-07 11:26:55.374337
SPNG,25.08,25.08,25.43,2258300.0,2154200.0,0,0,0,0,0,0,0,0,0,0,0,0,0,0,0,0,0,0,0,0,0,0,0,0,0,0,0,0,0,0,0,0,0,0,0,0,166,2026-02-07 11:26:55.978255
SMMR,23.06,23.0,23.02,2421200.0,2458600.0,0,0,0,0,0,0,0,0,0,0,0,0,0,0,0,0,0,0,0,0,0,0,0,0,0,0,0,0,0,0,0,0,0,0,0,0,166,2026-02-07 11:26:55.978255
ATMN,25.85,25.85,25.86,2258600.0,2288400.0,0,0,0,0,0,0,0,0,0,0,0,0,0,0,0,0,0,0,0,0,0,0,0,0,0,0,0,0,0,0,0,0,0,0,0,0,166,2026-02-07 11:26:55.978255
WNTR,26.3,26.3,26.39,2215700.0,2177000.0,0,0,0,0,0,0,0,0,0,0,0,0,0,0,0,0,0,0,0,0,0,0,0,0,0,0,0,0,0,0,0,0,0,0,0,0,166,2026-02-07 11:26:55.978255
SPNG,25.08,25.16,25.43,2215600.0,2176200.0,0,0,0,0,0,0,0,0,0,0,0,0,0,0,0,0,0,0,0,0,0,0,0,0,0,0,0,0,0,0,0,0,0,0,0,0,167,2026-02-07 11:26:57.026585
SMMR,23.02,23.13,23.27,2405300.0,2447200.0,0,0,0,0,0,0,0,0,0,0,0,0,0,0,0,0,0,0,0,0,0,0,0,0,0,0,0,0,0,0,0,0,0,0,0,0,167,2026-02-07 11:26:57.026585
ATMN,25.86,25.85,25.86,2276600.0,2288400.0,0,0,0,0,0,0,0,0,0,0,0,0,0,0,0,0,0,0,0,0,0,0,0,0,0,0,0,0,0,0,0,0,0,0,0,0,167,2026-02-07 11:26:57.026585
