ticker,last_price,bid_price,ask_price,BUY_ANON,SELL_ANON,BUY_WRSW-2,SELL_WRSW-1,SELL_COLA-1,BUY_NAIT-1,BUY_WRSW-1,SELL_BRCH-1,SELL_WRSW-3,BUY_LUIS-1,SELL_UOTB-2,BUY_LAVL-1,SELL_UOTB-1,BUY_UEBR-1,BUY_COLA-3,SELL_LAVL-1,BUY_WRSW-3,BUY_BRCH-1,SELL_UEBR-1,BUY_UOTB-1,BUY_UOTB-2,SELL_LUIS-1,BUY_UOTB-3,SELL_COLA-3,SELL_WRSW-2,BUY_COLA-1,SELL_UOTB-3,SELL_NAIT-1,tick,timestamp
SPNG,0.0,0.0,0.0,2069200.0,1962000.0,0,0,0,0,0,0,0,0,0,0,0,0,0,0,0,0,0,0,0,0,0,0,0,0,0,0,0,2026-02-04 19:16:06.185348
SMMR,0.0,0.0,0.0,1862800.0,2241400.0,0,0,0,0,0,0,0,0,0,0,0,0,0,0,0,0,0,0,0,0,0,0,0,0,0,0,0,2026-02-04 19:16:06.185348
ATMN,0.0,0.0,0.0,2107800.0,1750400.0,0,0,0,0,0,0,0,0,0,0,0,0,0,0,0,0,0,0,0,0,0,0,0,0,0,0,0,2026-02-04 19:16:06.185348
WNTR,0.0,0.0,0.0,2088500.0,2132800.0,0,0,0,0,0,0,0,0,0,0,0,0,0,0,0,0,0,0,0,0,0,0,0,0,0,0,0,2026-02-04 19:16:06.185348
SPNG,25.02,24.91,25.01,5000.0,1975000.0,5000.0,1949200.0,,,0,0,0,0,0,0,0,0,0,0,0,0,0,0,0,0,0,0,0,0,0,0,1,2026-02-04 19:16:07.323540,2.0,1.0,1.0,,Aggregate Position Limit,Your CRO has set the aggregate position limit to 9000 shares for this week.
SMMR,25.02,24.97,25.02,5000.0,1956600.0,5000.0,2016500.0,3000.0,3000.0,0,0,0,0,0,0,0,0,0,0,0,0,0,0,0,0,0,0,0,0,0,0,1,2026-02-04 19:16:07.323540,1.0,1.0,1.0,,Welcome to the RITC 2026 Alogithmic Market Making Case - practice server,
ATMN,0.0,24.98,25.04,,2113600.0,,2084800.0,,,0,0,0,0,0,0,0,0,0,0,0,0,0,0,0,0,0,0,0,0,0,0,1,2026-02-04 19:16:07.323540,,,,,,
WNTR,25.01,24.98,25.01,,2107500.0,,2026400.0,3000.0,3000.0,0,0,0,0,0,0,0,0,0,0,0,0,0,0,0,0,0,0,0,0,0,0,1,2026-02-04 19:16:07.323540,,,,,,
SPNG,25.02,25.08,25.21,10000.0,1691400.0,3000.0,2250.0,1828800.0,3000.0,2250.0,,0,0,0,0,0,0,0,0,0,0,0,0,0,0,0,0,0,0,0,0,2,2026-02-04 19:16:07.904309
SMMR,25.02,24.97,25.02,5000.0,1985700.0,3000.0,,1992900.0,5000.0,,3000.0,0,0,0,0,0,0,0,0,0,0,0,0,0,0,0,0,0,0,0,0,2,2026-02-04 19:16:07.904309
ATMN,0.0,24.99,25.03,10000.0,1767200.0,3000.0,,1918600.0,10000.0,,3000.0,0,0,0,0,0,0,0,0,0,0,0,0,0,0,0,0,0,0,0,0,2,2026-02-04 19:16:07.904309
WNTR,24.98,24.98,25.01,10000.0,1933200.0,3000.0,,1826200.0,10000.0,,3000.0,0,0,0,0,0,0,0,0,0,0,0,0,0,0,0,0,0,0,0,0,2,2026-02-04 19:16:07.904309
SPNG,24.9,24.91,25.2,6000.0,1665500.0,3000.0,2250.0,13000.0,1631400.0,3000.0,0,0,0,0,0,0,0,0,0,0,0,0,0,0,0,0,0,0,0,0,0,3,2026-02-04 19:16:08.993418
SMMR,24.97,24.97,25.02,5000.0,1885800.0,6000.0,,5000.0,1877800.0,6000.0,0,0,0,0,0,0,0,0,0,0,0,0,0,0,0,0,0,0,0,0,0,3,2026-02-04 19:16:08.993418
ATMN,25.04,24.78,25.04,,2080200.0,,,,2152600.0,3000.0,0,0,0,0,0,0,0,0,0,0,0,0,0,0,0,0,0,0,0,0,0,3,2026-02-04 19:16:08.993418
WNTR,25.01,24.98,25.01,10000.0,1809200.0,6000.0,,10000.0,1728600.0,6000.0,0,0,0,0,0,0,0,0,0,0,0,0,0,0,0,0,0,0,0,0,0,3,2026-02-04 19:16:08.993418
SPNG,24.9,24.91,25.04,6000.0,1675400.0,3000.0,2250.0,28000.0,1346800.0,3000.0,0,0,0,0,0,0,0,0,0,0,0,0,0,0,0,0,0,0,0,0,0,4,2026-02-04 19:16:10.072668
SMMR,24.96,24.96,25.01,3000.0,2105800.0,,,5000.0,1747600.0,11000.0,0,0,0,0,0,0,0,0,0,0,0,0,0,0,0,0,0,0,0,0,0,4,2026-02-04 19:16:10.072668
ATMN,24.57,24.57,25.28,5000.0,1986400.0,,,5000.0,2173300.0,,0,0,0,0,0,0,0,0,0,0,0,0,0,0,0,0,0,0,0,0,0,4,2026-02-04 19:16:10.072668
WNTR,24.98,24.98,25.0,,2093600.0,10000.0,,10000.0,1638900.0,16000.0,0,0,0,0,0,0,0,0,0,0,0,0,0,0,0,0,0,0,0,0,0,4,2026-02-04 19:16:10.072668
SPNG,25.05,24.91,25.05,11000.0,1454100.0,3000.0,4500.0,1533100.0,13000.0,2250.0,3000.0,0,0,0,0,0,0,0,0,0,0,0,0,0,0,0,0,0,0,0,0,5,2026-02-04 19:16:11.133593
SMMR,24.96,25.01,25.02,6000.0,2002200.0,,,1757100.0,5000.0,,11000.0,0,0,0,0,0,0,0,0,0,0,0,0,0,0,0,0,0,0,0,0,5,2026-02-04 19:16:11.133593
ATMN,24.59,24.59,25.29,20000.0,1540100.0,,2250.0,1815300.0,9000.0,2250.0,,0,0,0,0,0,0,0,0,0,0,0,0,0,0,0,0,0,0,0,0,5,2026-02-04 19:16:11.133593
WNTR,24.93,25.0,25.05,11000.0,1764500.0,10000.0,,1931200.0,10000.0,,,0,0,0,0,0,0,0,0,0,0,0,0,0,0,0,0,0,0,0,0,5,2026-02-04 19:16:11.133593
SPNG,24.87,24.88,25.21,5000.0,2006500.0,1728000.0,3000.0,3000.0,2250.0,,,0,0,0,0,0,0,0,0,0,0,0,0,0,0,0,0,0,0,0,0,6,2026-02-04 19:16:12.194488
SMMR,24.96,24.96,25.05,3000.0,2080800.0,2073400.0,,5000.0,,,,0,0,0,0,0,0,0,0,0,0,0,0,0,0,0,0,0,0,0,0,6,2026-02-04 19:16:12.194488
ATMN,25.28,25.28,25.29,35000.0,893900.0,1581300.0,4000.0,9000.0,4500.0,10000.0,6750.0,0,0,0,0,0,0,0,0,0,0,0,0,0,0,0,0,0,0,0,0,6,2026-02-04 19:16:12.194488
WNTR,25.05,24.95,25.05,8000.0,1877000.0,1931200.0,5000.0,5000.0,,10000.0,,0,0,0,0,0,0,0,0,0,0,0,0,0,0,0,0,0,0,0,0,6,2026-02-04 19:16:12.194488
SPNG,25.25,24.85,25.25,12000.0,2250.0,1719900.0,2063300.0,,,,,0,0,0,0,0,0,0,0,0,0,0,0,0,0,0,0,0,0,0,0,7,2026-02-04 19:16:13.248139
SMMR,24.96,24.96,25.04,3000.0,,2052600.0,1760100.0,15000.0,2000.0,,,0,0,0,0,0,0,0,0,0,0,0,0,0,0,0,0,0,0,0,0,7,2026-02-04 19:16:13.248139
ATMN,25.32,24.73,24.75,35000.0,9000.0,810400.0,1931400.0,3000.0,,10000.0,4500.0,0,0,0,0,0,0,0,0,0,0,0,0,0,0,0,0,0,0,0,0,7,2026-02-04 19:16:13.248139
WNTR,24.93,24.94,24.95,5000.0,,1988900.0,1537700.0,20000.0,15000.0,10000.0,,0,0,0,0,0,0,0,0,0,0,0,0,0,0,0,0,0,0,0,0,7,2026-02-04 19:16:13.248139
SPNG,24.71,25.16,25.17,1942700.0,5000.0,2250.0,18900.0,1470700.0,4500.0,,,0,0,0,0,0,0,0,0,0,0,0,0,0,0,0,0,0,0,0,0,8,2026-02-04 19:16:14.278113
SMMR,24.95,24.95,25.02,2033400.0,3000.0,,15000.0,1633200.0,,8600.0,,0,0,0,0,0,0,0,0,0,0,0,0,0,0,0,0,0,0,0,0,8,2026-02-04 19:16:14.278113
ATMN,25.05,24.8,25.01,529500.0,38900.0,13500.0,5900.0,1690100.0,6750.0,,10000.0,0,0,0,0,0,0,0,0,0,0,0,0,0,0,0,0,0,0,0,0,8,2026-02-04 19:16:14.278113
WNTR,24.95,24.94,24.95,1424700.0,19000.0,,25000.0,1173400.0,,35000.0,12000.0,0,0,0,0,0,0,0,0,0,0,0,0,0,0,0,0,0,0,0,0,8,2026-02-04 19:16:14.278113
SPNG,24.66,24.66,25.17,2174600.0,31400.0,6750.0,1092800.0,,,,,0,0,0,0,0,0,0,0,0,0,0,0,0,0,0,0,0,0,0,0,9,2026-02-04 19:16:15.314588
SMMR,24.92,24.92,25.01,2146200.0,22500.0,,1177800.0,11700.0,,,,0,0,0,0,0,0,0,0,0,0,0,0,0,0,0,0,0,0,0,0,9,2026-02-04 19:16:15.314588
ATMN,25.05,24.8,25.05,556100.0,3000.0,,2165300.0,,38900.0,10000.0,13500.0,0,0,0,0,0,0,0,0,0,0,0,0,0,0,0,0,0,0,0,0,9,2026-02-04 19:16:15.314588
WNTR,24.91,24.91,24.95,2094200.0,36500.0,,758200.0,45000.0,5000.0,,,0,0,0,0,0,0,0,0,0,0,0,0,0,0,0,0,0,0,0,0,9,2026-02-04 19:16:15.314588
SPNG,24.66,24.66,25.17,2008800.0,2250.0,53800.0,11250.0,564600.0,,,,0,0,0,0,0,0,0,0,0,0,0,0,0,0,0,0,0,0,0,0,10,2026-02-04 19:16:16.346748
SMMR,24.92,24.93,25.04,1963200.0,,6500.0,,1756200.0,2400.0,1100.0,8600.0,0,0,0,0,0,0,0,0,0,0,0,0,0,0,0,0,0,0,0,0,10,2026-02-04 19:16:16.346748
ATMN,25.0,24.82,24.95,684000.0,11250.0,5400.0,,2069800.0,37400.0,10000.0,,0,0,0,0,0,0,0,0,0,0,0,0,0,0,0,0,0,0,0,0,10,2026-02-04 19:16:16.346748
WNTR,24.89,24.89,24.95,2098700.0,,58900.0,,420800.0,,2000.0,45000.0,0,0,0,0,0,0,0,0,0,0,0,0,0,0,0,0,0,0,0,0,10,2026-02-04 19:16:16.346748
SPNG,25.17,25.17,25.18,1996400.0,1400.0,1597000.0,13900.0,4500.0,,,,0,0,0,0,0,0,0,0,0,0,0,0,0,0,0,0,0,0,0,0,11,2026-02-04 19:16:17.394664
SMMR,25.04,24.95,24.99,1856400.0,11100.0,1748100.0,6500.0,,2400.0,8600.0,,0,0,0,0,0,0,0,0,0,0,0,0,0,0,0,0,0,0,0,0,11,2026-02-04 19:16:17.394664
ATMN,24.82,24.82,25.32,582200.0,10000.0,2154300.0,3000.0,,37400.0,,13500.0,0,0,0,0,0,0,0,0,0,0,0,0,0,0,0,0,0,0,0,0,11,2026-02-04 19:16:17.394664
WNTR,25.03,24.95,25.03,1829900.0,12000.0,1650900.0,15000.0,,20000.0,15000.0,,0,0,0,0,0,0,0,0,0,0,0,0,0,0,0,0,0,0,0,0,11,2026-02-04 19:16:17.394664
SPNG,25.17,24.63,25.16,2051100.0,1400.0,1651600.0,13900.0,4500.0,,,,0,0,0,0,0,0,0,0,0,0,0,0,0,0,0,0,0,0,0,0,12,2026-02-04 19:16:18.454217
SMMR,24.99,24.95,24.99,1836700.0,11100.0,1676100.0,6500.0,,2400.0,10600.0,,0,0,0,0,0,0,0,0,0,0,0,0,0,0,0,0,0,0,0,0,12,2026-02-04 19:16:18.454217
ATMN,25.1,25.1,25.15,331800.0,10000.0,2168300.0,,,40150.0,6000.0,9000.0,0,0,0,0,0,0,0,0,0,0,0,0,0,0,0,0,0,0,0,0,12,2026-02-04 19:16:18.454217
WNTR,24.97,24.98,25.01,1705600.0,12000.0,1638700.0,15000.0,,30000.0,15000.0,,0,0,0,0,0,0,0,0,0,0,0,0,0,0,0,0,0,0,0,0,12,2026-02-04 19:16:18.454217
SPNG,25.17,24.75,25.16,1630300.0,15000.0,2250.0,1400.0,1651600.0,13900.0,4500.0,,0,0,0,0,0,0,0,0,0,0,0,0,0,0,0,0,0,0,0,0,13,2026-02-04 19:16:19.010339
SMMR,24.99,24.95,24.99,1718300.0,7400.0,,11100.0,1662400.0,6500.0,,10600.0,0,0,0,0,0,0,0,0,0,0,0,0,0,0,0,0,0,0,0,0,13,2026-02-04 19:16:19.010339
ATMN,25.15,25.1,25.15,331800.0,40150.0,9000.0,10000.0,2168300.0,,,6000.0,0,0,0,0,0,0,0,0,0,0,0,0,0,0,0,0,0,0,0,0,13,2026-02-04 19:16:19.010339
WNTR,24.95,24.98,25.01,1705700.0,25000.0,,12000.0,1638700.0,15000.0,,15000.0,0,0,0,0,0,0,0,0,0,0,0,0,0,0,0,0,0,0,0,0,13,2026-02-04 19:16:19.010339
SPNG,25.17,25.02,25.15,1437000.0,20000.0,4500.0,1400.0,18900.0,1335600.0,9000.0,,0,0,0,0,0,0,0,0,0,0,0,0,0,0,0,0,0,0,0,0,14,2026-02-04 19:16:20.079448
SMMR,24.93,24.93,24.98,2148900.0,,,,13000.0,1437600.0,,10600.0,0,0,0,0,0,0,0,0,0,0,0,0,0,0,0,0,0,0,0,0,14,2026-02-04 19:16:20.079448
ATMN,25.35,24.95,25.35,467500.0,35500.0,13500.0,10000.0,,1936200.0,,,0,0,0,0,0,0,0,0,0,0,0,0,0,0,0,0,0,0,0,0,14,2026-02-04 19:16:20.079448
WNTR,24.93,24.89,24.93,2123700.0,,,2000.0,30000.0,1264600.0,,15000.0,0,0,0,0,0,0,0,0,0,0,0,0,0,0,0,0,0,0,0,0,14,2026-02-04 19:16:20.079448
SPNG,24.75,24.9,25.13,1564600.0,4500.0,15000.0,1400.0,13500.0,1096300.0,18900.0,,0,0,0,0,0,0,0,0,0,0,0,0,0,0,0,0,0,0,0,0,15,2026-02-04 19:16:21.149885
SMMR,24.99,24.99,25.01,2063300.0,,,1000.0,,1764400.0,6500.0,8600.0,0,0,0,0,0,0,0,0,0,0,0,0,0,0,0,0,0,0,0,0,15,2026-02-04 19:16:21.149885
ATMN,24.99,25.03,25.35,625200.0,13500.0,38100.0,10000.0,,1936200.0,,4100.0,0,0,0,0,0,0,0,0,0,0,0,0,0,0,0,0,0,0,0,0,15,2026-02-04 19:16:21.149885
WNTR,24.89,24.89,24.93,2067900.0,,,7000.0,,955900.0,50000.0,25000.0,0,0,0,0,0,0,0,0,0,0,0,0,0,0,0,0,0,0,0,0,15,2026-02-04 19:16:21.149885
SPNG,24.75,24.91,25.13,9000.0,1360000.0,15000.0,1400.0,15750.0,995400.0,18900.0,,0,0,0,0,0,0,0,0,0,0,0,0,0,0,0,0,0,0,0,0,16,2026-02-04 19:16:22.213297
SMMR,25.01,24.93,25.01,,2046700.0,,1000.0,,1786000.0,6500.0,8600.0,0,0,0,0,0,0,0,0,0,0,0,0,0,0,0,0,0,0,0,0,16,2026-02-04 19:16:22.213297
ATMN,25.41,25.03,25.41,13500.0,625200.0,40000.0,10000.0,,2045800.0,,,0,0,0,0,0,0,0,0,0,0,0,0,0,0,0,0,0,0,0,0,16,2026-02-04 19:16:22.213297
WNTR,24.89,24.89,24.93,,1948800.0,,12000.0,,955900.0,50000.0,25000.0,0,0,0,0,0,0,0,0,0,0,0,0,0,0,0,0,0,0,0,0,16,2026-02-04 19:16:22.213297
SPNG,24.9,24.91,25.16,6750.0,1463600.0,15000.0,1400.0,23900.0,6750.0,1311400.0,0,0,0,0,0,0,0,0,0,0,0,0,0,0,0,0,0,0,0,0,0,17,2026-02-04 19:16:23.262090
SMMR,25.08,24.96,25.08,,1826600.0,5000.0,7000.0,,,2192400.0,0,0,0,0,0,0,0,0,0,0,0,0,0,0,0,0,0,0,0,0,0,17,2026-02-04 19:16:23.262090
ATMN,25.41,25.03,25.11,13500.0,625200.0,40000.0,10000.0,,,2269300.0,0,0,0,0,0,0,0,0,0,0,0,0,0,0,0,0,0,0,0,0,0,17,2026-02-04 19:16:23.262090
WNTR,25.06,24.93,25.06,,1620600.0,5000.0,26100.0,5000.0,,2072400.0,0,0,0,0,0,0,0,0,0,0,0,0,0,0,0,0,0,0,0,0,0,17,2026-02-04 19:16:23.262090
SPNG,24.75,24.96,25.16,1626800.0,15000.0,2250.0,1400.0,23900.0,11250.0,1067600.0,,0,0,0,0,0,0,0,0,0,0,0,0,0,0,0,0,0,0,0,0,18,2026-02-04 19:16:24.319304
SMMR,25.04,25.04,25.08,1397100.0,26000.0,,17000.0,,,2082100.0,2000.0,0,0,0,0,0,0,0,0,0,0,0,0,0,0,0,0,0,0,0,0,18,2026-02-04 19:16:24.319304
ATMN,25.11,25.28,25.41,733500.0,40000.0,11250.0,500.0,,,2154300.0,,0,0,0,0,0,0,0,0,0,0,0,0,0,0,0,0,0,0,0,0,18,2026-02-04 19:16:24.319304
WNTR,24.82,24.93,25.06,1830700.0,20000.0,,5000.0,5000.0,,1956800.0,10000.0,0,0,0,0,0,0,0,0,0,0,0,0,0,0,0,0,0,0,0,0,18,2026-02-04 19:16:24.319304
SPNG,24.76,24.98,25.16,20700.0,6750.0,1132400.0,1400.0,23900.0,6750.0,1281000.0,,0,0,0,0,0,0,0,0,0,0,0,0,0,0,0,0,0,0,0,0,19,2026-02-04 19:16:25.370135
SMMR,24.95,24.95,25.08,,,1921400.0,3000.0,5000.0,,1980100.0,6000.0,0,0,0,0,0,0,0,0,0,0,0,0,0,0,0,0,0,0,0,0,19,2026-02-04 19:16:25.370135
ATMN,25.21,25.16,25.21,50000.0,11250.0,502300.0,500.0,,,2242000.0,,0,0,0,0,0,0,0,0,0,0,0,0,0,0,0,0,0,0,0,0,19,2026-02-04 19:16:25.370135
WNTR,25.08,24.98,25.08,25000.0,,1558300.0,10000.0,,,2140500.0,,0,0,0,0,0,0,0,0,0,0,0,0,0,0,0,0,0,0,0,0,19,2026-02-04 19:16:25.370135
SPNG,24.91,24.81,24.91,18800.0,11250.0,1024000.0,1400.0,1070700.0,23900.0,11250.0,,0,0,0,0,0,0,0,0,0,0,0,0,0,0,0,0,0,0,0,0,20,2026-02-04 19:16:26.416769
SMMR,24.95,25.06,25.08,,,1823200.0,5000.0,1771000.0,14000.0,,13600.0,0,0,0,0,0,0,0,0,0,0,0,0,0,0,0,0,0,0,0,0,20,2026-02-04 19:16:26.416769
ATMN,24.95,24.96,25.21,49300.0,2250.0,728100.0,15000.0,1873800.0,15000.0,2250.0,,0,0,0,0,0,0,0,0,0,0,0,0,0,0,0,0,0,0,0,0,20,2026-02-04 19:16:26.416769
WNTR,24.98,24.99,25.02,31400.0,,1233000.0,20000.0,2056700.0,,,2000.0,0,0,0,0,0,0,0,0,0,0,0,0,0,0,0,0,0,0,0,0,20,2026-02-04 19:16:26.416769
SPNG,25.24,25.24,25.25,597900.0,27000.0,13500.0,1400.0,1596000.0,9000.0,5000.0,,0,0,0,0,0,0,0,0,0,0,0,0,0,0,0,0,0,0,0,0,21,2026-02-04 19:16:27.456600
SMMR,24.92,24.92,25.07,2141500.0,,,,1563900.0,,15400.0,19600.0,0,0,0,0,0,0,0,0,0,0,0,0,0,0,0,0,0,0,0,0,21,2026-02-04 19:16:27.456600
ATMN,24.95,24.95,25.4,858000.0,49300.0,,15000.0,1771000.0,6750.0,1400.0,,0,0,0,0,0,0,0,0,0,0,0,0,0,0,0,0,0,0,0,0,21,2026-02-04 19:16:27.456600
WNTR,25.08,24.99,25.02,1195800.0,31400.0,,20000.0,1959000.0,,1400.0,2000.0,0,0,0,0,0,0,0,0,0,0,0,0,0,0,0,0,0,0,0,0,21,2026-02-04 19:16:27.456600
SPNG,25.24,24.81,24.84,21600.0,20250.0,475400.0,1400.0,1051400.0,14400.0,13500.0,,0,0,0,0,0,0,0,0,0,0,0,0,0,0,0,0,0,0,0,0,22,2026-02-04 19:16:28.509144
SMMR,24.9,25.02,25.06,,,2138800.0,,1191600.0,31600.0,,19600.0,0,0,0,0,0,0,0,0,0,0,0,0,0,0,0,0,0,0,0,0,22,2026-02-04 19:16:28.509144
ATMN,25.47,24.95,25.47,40500.0,,945200.0,15000.0,2120000.0,2200.0,,,0,0,0,0,0,0,0,0,0,0,0,0,0,0,0,0,0,0,0,0,22,2026-02-04 19:16:28.509144
WNTR,25.08,24.99,25.02,34200.0,,923800.0,22000.0,1759000.0,7700.0,,2000.0,0,0,0,0,0,0,0,0,0,0,0,0,0,0,0,0,0,0,0,0,22,2026-02-04 19:16:28.509144
SPNG,24.84,24.81,24.84,21600.0,22500.0,471600.0,697800.0,15750.0,24400.0,,,0,0,0,0,0,0,0,0,0,0,0,0,0,0,0,0,0,0,0,0,23,2026-02-04 19:16:29.059710
SMMR,24.9,25.02,25.06,,,2154300.0,856300.0,,43800.0,19600.0,,0,0,0,0,0,0,0,0,0,0,0,0,0,0,0,0,0,0,0,0,23,2026-02-04 19:16:29.059710
ATMN,25.48,24.81,25.48,35000.0,2250.0,1184400.0,2018500.0,,5000.0,,10000.0,0,0,0,0,0,0,0,0,0,0,0,0,0,0,0,0,0,0,0,0,23,2026-02-04 19:16:29.059710
WNTR,25.03,24.99,25.03,39200.0,,810500.0,2175400.0,,,,22000.0,0,0,0,0,0,0,0,0,0,0,0,0,0,0,0,0,0,0,0,0,23,2026-02-04 19:16:29.059710
SPNG,25.25,24.81,25.0,41600.0,24750.0,125500.0,1385000.0,13500.0,5000.0,,,0,0,0,0,0,0,0,0,0,0,0,0,0,0,0,0,0,0,0,0,24,2026-02-04 19:16:30.127748
SMMR,25.07,25.07,25.08,20000.0,,1910600.0,1643200.0,,14000.0,19600.0,,0,0,0,0,0,0,0,0,0,0,0,0,0,0,0,0,0,0,0,0,24,2026-02-04 19:16:30.127748
ATMN,25.48,24.81,25.11,35000.0,6750.0,1048400.0,1551100.0,4500.0,23700.0,,10000.0,0,0,0,0,0,0,0,0,0,0,0,0,0,0,0,0,0,0,0,0,24,2026-02-04 19:16:30.127748
WNTR,25.08,24.99,25.08,40000.0,,1296200.0,2147400.0,,,,10000.0,0,0,0,0,0,0,0,0,0,0,0,0,0,0,0,0,0,0,0,0,24,2026-02-04 19:16:30.127748
SPNG,24.75,24.76,24.78,4500.0,1532000.0,15000.0,1400.0,1904700.0,10000.0,,,0,0,0,0,0,0,0,0,0,0,0,0,0,0,0,0,0,0,0,0,25,2026-02-04 19:16:31.217832
SMMR,25.02,24.9,25.01,,2030800.0,5000.0,,1412300.0,14000.0,32600.0,,0,0,0,0,0,0,0,0,0,0,0,0,0,0,0,0,0,0,0,0,25,2026-02-04 19:16:31.217832
ATMN,25.4,25.42,25.47,9000.0,949700.0,34800.0,10000.0,1680600.0,11850.0,,6750.0,0,0,0,0,0,0,0,0,0,0,0,0,0,0,0,0,0,0,0,0,25,2026-02-04 19:16:31.217832
WNTR,25.11,24.95,25.1,,1182500.0,30800.0,14000.0,1830600.0,9800.0,2000.0,,0,0,0,0,0,0,0,0,0,0,0,0,0,0,0,0,0,0,0,0,25,2026-02-04 19:16:31.217832
SPNG,24.78,24.76,24.77,6750.0,1395300.0,15000.0,1400.0,2250.0,1599900.0,19600.0,,0,0,0,0,0,0,0,0,0,0,0,0,0,0,0,0,0,0,0,0,26,2026-02-04 19:16:32.305558
SMMR,25.08,24.97,25.08,,1925100.0,10000.0,,,1999800.0,,16000.0,0,0,0,0,0,0,0,0,0,0,0,0,0,0,0,0,0,0,0,0,26,2026-02-04 19:16:32.305558
ATMN,25.4,25.41,25.46,11250.0,949700.0,30000.0,10000.0,11250.0,1316300.0,13250.0,,0,0,0,0,0,0,0,0,0,0,0,0,0,0,0,0,0,0,0,0,26,2026-02-04 19:16:32.305558
WNTR,24.93,24.93,25.1,,2029800.0,10000.0,,,1819700.0,6800.0,,0,0,0,0,0,0,0,0,0,0,0,0,0,0,0,0,0,0,0,0,26,2026-02-04 19:16:32.305558
SPNG,24.69,24.69,25.0,2013100.0,1400.0,1972600.0,2250.0,,,0,0,0,0,0,0,0,0,0,0,0,0,0,0,0,0,0,0,0,0,0,0,27,2026-02-04 19:16:33.351673
SMMR,25.05,24.9,25.05,2030800.0,10000.0,1992000.0,,16000.0,,0,0,0,0,0,0,0,0,0,0,0,0,0,0,0,0,0,0,0,0,0,0,27,2026-02-04 19:16:33.351673
ATMN,25.32,24.94,25.32,1635900.0,10000.0,1391900.0,15750.0,,9000.0,0,0,0,0,0,0,0,0,0,0,0,0,0,0,0,0,0,0,0,0,0,0,27,2026-02-04 19:16:33.351673
WNTR,24.93,24.93,25.12,2117700.0,2000.0,2007000.0,,10000.0,,0,0,0,0,0,0,0,0,0,0,0,0,0,0,0,0,0,0,0,0,0,0,27,2026-02-04 19:16:33.351673
SPNG,24.69,24.69,25.0,1917600.0,4000.0,1609900.0,11250.0,,,0,0,0,0,0,0,0,0,0,0,0,0,0,0,0,0,0,0,0,0,0,0,28,2026-02-04 19:16:34.416526
SMMR,24.95,24.95,25.09,1928900.0,20000.0,2115300.0,,6000.0,,0,0,0,0,0,0,0,0,0,0,0,0,0,0,0,0,0,0,0,0,0,0,28,2026-02-04 19:16:34.416526
ATMN,24.93,24.92,24.93,1448700.0,14000.0,1186300.0,18000.0,4000.0,9000.0,0,0,0,0,0,0,0,0,0,0,0,0,0,0,0,0,0,0,0,0,0,0,28,2026-02-04 19:16:34.416526
WNTR,25.23,24.93,25.23,1997000.0,12000.0,2107600.0,,,,0,0,0,0,0,0,0,0,0,0,0,0,0,0,0,0,0,0,0,0,0,0,28,2026-02-04 19:16:34.416526
SPNG,25.26,24.69,25.25,1917600.0,4000.0,2250.0,1983600.0,,,0,0,0,0,0,0,0,0,0,0,0,0,0,0,0,0,0,0,0,0,0,0,29,2026-02-04 19:16:35.460134
SMMR,25.09,24.9,25.09,2045000.0,10000.0,,2115300.0,6000.0,,0,0,0,0,0,0,0,0,0,0,0,0,0,0,0,0,0,0,0,0,0,0,29,2026-02-04 19:16:35.460134
ATMN,24.93,24.92,24.93,1503300.0,14000.0,18000.0,1186300.0,4000.0,9000.0,0,0,0,0,0,0,0,0,0,0,0,0,0,0,0,0,0,0,0,0,0,0,29,2026-02-04 19:16:35.460134
WNTR,25.23,25.04,25.23,1999100.0,12000.0,,1991800.0,10000.0,,0,0,0,0,0,0,0,0,0,0,0,0,0,0,0,0,0,0,0,0,0,0,29,2026-02-04 19:16:35.460134
SPNG,24.89,24.68,24.89,1807000.0,4500.0,1400.0,1813500.0,6750.0,,0,0,0,0,0,0,0,0,0,0,0,0,0,0,0,0,0,0,0,0,0,0,30,2026-02-04 19:16:36.534982
SMMR,24.89,24.89,24.97,2118500.0,,,2011100.0,,16000.0,0,0,0,0,0,0,0,0,0,0,0,0,0,0,0,0,0,0,0,0,0,0,30,2026-02-04 19:16:36.534982
ATMN,25.23,25.07,25.12,1620200.0,6750.0,14000.0,1087100.0,18000.0,4600.0,0,0,0,0,0,0,0,0,0,0,0,0,0,0,0,0,0,0,0,0,0,0,30,2026-02-04 19:16:36.534982
WNTR,25.31,25.19,25.31,1909600.0,,22000.0,1992100.0,,2000.0,0,0,0,0,0,0,0,0,0,0,0,0,0,0,0,0,0,0,0,0,0,0,30,2026-02-04 19:16:36.534982
SPNG,25.26,24.72,25.26,1816500.0,4500.0,1400.0,1983600.0,2250.0,,0,0,0,0,0,0,0,0,0,0,0,0,0,0,0,0,0,0,0,0,0,0,31,2026-02-04 19:16:37.081347
SMMR,24.87,24.87,24.9,2109900.0,,,2008300.0,,16000.0,0,0,0,0,0,0,0,0,0,0,0,0,0,0,0,0,0,0,0,0,0,0,31,2026-02-04 19:16:37.081347
ATMN,25.07,25.07,25.12,1923300.0,,14000.0,1380400.0,11250.0,4600.0,0,0,0,0,0,0,0,0,0,0,0,0,0,0,0,0,0,0,0,0,0,0,31,2026-02-04 19:16:37.081347
WNTR,25.04,25.04,25.31,1999100.0,,12000.0,1998800.0,,2000.0,0,0,0,0,0,0,0,0,0,0,0,0,0,0,0,0,0,0,0,0,0,0,31,2026-02-04 19:16:37.081347
SPNG,24.68,24.73,25.05,9000.0,1602400.0,1400.0,2106200.0,,0,0,0,0,0,0,0,0,0,0,0,0,0,0,0,0,0,0,0,0,0,0,0,32,2026-02-04 19:16:38.156585
SMMR,24.97,24.88,24.97,,2126100.0,,2011100.0,16000.0,0,0,0,0,0,0,0,0,0,0,0,0,0,0,0,0,0,0,0,0,0,0,0,32,2026-02-04 19:16:38.156585
ATMN,25.48,24.92,25.48,,1900200.0,14000.0,2238900.0,,0,0,0,0,0,0,0,0,0,0,0,0,0,0,0,0,0,0,0,0,0,0,0,32,2026-02-04 19:16:38.156585
WNTR,25.04,25.24,25.3,,1982900.0,12000.0,1918300.0,12000.0,0,0,0,0,0,0,0,0,0,0,0,0,0,0,0,0,0,0,0,0,0,0,0,32,2026-02-04 19:16:38.156585
SPNG,25.05,24.89,25.05,13500.0,1372500.0,1400.0,2106200.0,,0,0,0,0,0,0,0,0,0,0,0,0,0,0,0,0,0,0,0,0,0,0,0,33,2026-02-04 19:16:39.205069
SMMR,24.97,24.88,24.97,,2169600.0,,1990500.0,16000.0,0,0,0,0,0,0,0,0,0,0,0,0,0,0,0,0,0,0,0,0,0,0,0,33,2026-02-04 19:16:39.205069
ATMN,25.48,24.92,25.48,4500.0,1734800.0,14000.0,2238900.0,,0,0,0,0,0,0,0,0,0,0,0,0,0,0,0,0,0,0,0,0,0,0,0,33,2026-02-04 19:16:39.205069
WNTR,25.14,25.04,25.11,,1999100.0,12000.0,1929700.0,12000.0,0,0,0,0,0,0,0,0,0,0,0,0,0,0,0,0,0,0,0,0,0,0,0,33,2026-02-04 19:16:39.205069
SPNG,25.05,25.15,25.18,1288000.0,15750.0,1400.0,2250.0,1996800.0,,0,0,0,0,0,0,0,0,0,0,0,0,0,0,0,0,0,0,0,0,0,0,34,2026-02-04 19:16:40.255763
SMMR,24.87,24.87,24.98,2174900.0,,,,2032600.0,16000.0,0,0,0,0,0,0,0,0,0,0,0,0,0,0,0,0,0,0,0,0,0,0,34,2026-02-04 19:16:40.255763
ATMN,25.32,24.92,25.21,1620400.0,6750.0,14000.0,,2229000.0,,0,0,0,0,0,0,0,0,0,0,0,0,0,0,0,0,0,0,0,0,0,0,34,2026-02-04 19:16:40.255763
WNTR,25.3,25.04,25.3,1882700.0,,16600.0,,1918300.0,12000.0,0,0,0,0,0,0,0,0,0,0,0,0,0,0,0,0,0,0,0,0,0,0,34,2026-02-04 19:16:40.255763
SPNG,24.65,24.65,25.18,1901300.0,1400.0,2250.0,2250.0,1996800.0,,0,0,0,0,0,0,0,0,0,0,0,0,0,0,0,0,0,0,0,0,0,0,35,2026-02-04 19:16:41.308172
SMMR,24.98,24.87,24.98,2152000.0,,,,2132500.0,6000.0,0,0,0,0,0,0,0,0,0,0,0,0,0,0,0,0,0,0,0,0,0,0,35,2026-02-04 19:16:41.308172
ATMN,25.35,24.92,24.95,1388000.0,14000.0,11250.0,2250.0,2048400.0,,0,0,0,0,0,0,0,0,0,0,0,0,0,0,0,0,0,0,0,0,0,0,35,2026-02-04 19:16:41.308172
WNTR,25.3,25.04,25.08,1741100.0,26600.0,,,1910800.0,12000.0,0,0,0,0,0,0,0,0,0,0,0,0,0,0,0,0,0,0,0,0,0,0,35,2026-02-04 19:16:41.308172
SPNG,25.23,24.65,25.22,1799100.0,1400.0,4500.0,4500.0,1884600.0,,0,0,0,0,0,0,0,0,0,0,0,0,0,0,0,0,0,0,0,0,0,0,36,2026-02-04 19:16:42.348798
SMMR,25.1,24.92,25.1,2141200.0,,,,2146000.0,2000.0,0,0,0,0,0,0,0,0,0,0,0,0,0,0,0,0,0,0,0,0,0,0,36,2026-02-04 19:16:42.348798
ATMN,24.95,25.36,25.47,1154700.0,14000.0,15750.0,4500.0,1957300.0,,0,0,0,0,0,0,0,0,0,0,0,0,0,0,0,0,0,0,0,0,0,0,36,2026-02-04 19:16:42.348798
WNTR,25.3,25.02,25.16,1998700.0,12000.0,,,1820700.0,22000.0,0,0,0,0,0,0,0,0,0,0,0,0,0,0,0,0,0,0,0,0,0,0,36,2026-02-04 19:16:42.348798
SPNG,25.23,24.65,24.73,1606300.0,1400.0,9000.0,1835400.0,6750.0,,0,0,0,0,0,0,0,0,0,0,0,0,0,0,0,0,0,0,0,0,0,0,37,2026-02-04 19:16:43.377508
SMMR,24.97,24.92,24.97,2031800.0,3700.0,,2160000.0,,2000.0,0,0,0,0,0,0,0,0,0,0,0,0,0,0,0,0,0,0,0,0,0,0,37,2026-02-04 19:16:43.377508
ATMN,25.36,25.37,25.47,1060900.0,14000.0,18000.0,1721500.0,9000.0,,0,0,0,0,0,0,0,0,0,0,0,0,0,0,0,0,0,0,0,0,0,0,37,2026-02-04 19:16:43.377508
WNTR,25.27,25.27,25.3,1883900.0,17000.0,,1923600.0,,12000.0,0,0,0,0,0,0,0,0,0,0,0,0,0,0,0,0,0,0,0,0,0,0,37,2026-02-04 19:16:43.377508
SPNG,24.85,24.65,24.85,1508700.0,1400.0,11250.0,1829200.0,6750.0,,0,0,0,0,0,0,0,0,0,0,0,0,0,0,0,0,0,0,0,0,0,0,38,2026-02-04 19:16:44.415335
SMMR,25.1,25.0,25.04,2043000.0,3700.0,,2033300.0,,2900.0,0,0,0,0,0,0,0,0,0,0,0,0,0,0,0,0,0,0,0,0,0,0,38,2026-02-04 19:16:44.415335
ATMN,25.14,24.92,25.14,1047200.0,4000.0,20250.0,1624100.0,11250.0,,0,0,0,0,0,0,0,0,0,0,0,0,0,0,0,0,0,0,0,0,0,0,38,2026-02-04 19:16:44.415335
WNTR,25.27,25.15,25.25,1974000.0,12000.0,,1811300.0,,22000.0,0,0,0,0,0,0,0,0,0,0,0,0,0,0,0,0,0,0,0,0,0,0,38,2026-02-04 19:16:44.415335
SPNG,24.63,24.64,25.04,15750.0,1287200.0,1400.0,1619600.0,11250.0,,0,0,0,0,0,0,0,0,0,0,0,0,0,0,0,0,0,0,0,0,0,0,39,2026-02-04 19:16:45.459067
SMMR,25.09,25.0,25.07,,2043000.0,3700.0,2097900.0,,2000.0,0,0,0,0,0,0,0,0,0,0,0,0,0,0,0,0,0,0,0,0,0,0,39,2026-02-04 19:16:45.459067
ATMN,25.49,25.02,25.49,22500.0,927500.0,4000.0,2224800.0,,,0,0,0,0,0,0,0,0,0,0,0,0,0,0,0,0,0,0,0,0,0,0,39,2026-02-04 19:16:45.459067
WNTR,25.08,25.08,25.25,,2005600.0,12000.0,1797100.0,,22000.0,0,0,0,0,0,0,0,0,0,0,0,0,0,0,0,0,0,0,0,0,0,0,39,2026-02-04 19:16:45.459067
SPNG,24.8,24.94,25.04,1181200.0,18000.0,1400.0,1584700.0,11250.0,,0,0,0,0,0,0,0,0,0,0,0,0,0,0,0,0,0,0,0,0,0,0,40,2026-02-04 19:16:46.498098
SMMR,25.07,25.08,25.1,2021500.0,,3700.0,2102200.0,,2000.0,0,0,0,0,0,0,0,0,0,0,0,0,0,0,0,0,0,0,0,0,0,0,40,2026-02-04 19:16:46.498098
ATMN,25.02,25.03,25.28,805500.0,24750.0,4000.0,2219200.0,,,0,0,0,0,0,0,0,0,0,0,0,0,0,0,0,0,0,0,0,0,0,0,40,2026-02-04 19:16:46.498098
WNTR,25.08,25.18,25.25,1992800.0,,12000.0,1817800.0,,22000.0,0,0,0,0,0,0,0,0,0,0,0,0,0,0,0,0,0,0,0,0,0,0,40,2026-02-04 19:16:46.498098
SPNG,24.63,24.63,25.03,1178800.0,1400.0,18000.0,15750.0,1381100.0,,0,0,0,0,0,0,0,0,0,0,0,0,0,0,0,0,0,0,0,0,0,0,41,2026-02-04 19:16:47.535512
SMMR,25.05,25.09,25.1,2081500.0,3700.0,,,2102200.0,2000.0,0,0,0,0,0,0,0,0,0,0,0,0,0,0,0,0,0,0,0,0,0,0,41,2026-02-04 19:16:47.535512
ATMN,25.04,25.17,25.28,692600.0,4000.0,27000.0,,2219200.0,,0,0,0,0,0,0,0,0,0,0,0,0,0,0,0,0,0,0,0,0,0,0,41,2026-02-04 19:16:47.535512
WNTR,25.08,25.08,25.25,2005600.0,12000.0,,,1828900.0,22000.0,0,0,0,0,0,0,0,0,0,0,0,0,0,0,0,0,0,0,0,0,0,0,41,2026-02-04 19:16:47.535512
SPNG,24.63,24.69,25.03,22500.0,969000.0,1400.0,20250.0,1152900.0,,0,0,0,0,0,0,0,0,0,0,0,0,0,0,0,0,0,0,0,0,0,0,42,2026-02-04 19:16:48.578317
SMMR,25.08,25.09,25.1,,2079900.0,3700.0,,2102200.0,2000.0,0,0,0,0,0,0,0,0,0,0,0,0,0,0,0,0,0,0,0,0,0,0,42,2026-02-04 19:16:48.578317
ATMN,25.02,25.18,25.22,22500.0,911700.0,4000.0,,2203900.0,,0,0,0,0,0,0,0,0,0,0,0,0,0,0,0,0,0,0,0,0,0,0,42,2026-02-04 19:16:48.578317
WNTR,25.02,24.93,25.02,,1969300.0,12000.0,,1805800.0,22000.0,0,0,0,0,0,0,0,0,0,0,0,0,0,0,0,0,0,0,0,0,0,0,42,2026-02-04 19:16:48.578317
SPNG,24.63,24.92,25.03,868200.0,24750.0,1400.0,22500.0,1034500.0,,0,0,0,0,0,0,0,0,0,0,0,0,0,0,0,0,0,0,0,0,0,0,43,2026-02-04 19:16:49.123658
SMMR,25.09,25.09,25.1,2049600.0,,3700.0,,2102200.0,2000.0,0,0,0,0,0,0,0,0,0,0,0,0,0,0,0,0,0,0,0,0,0,0,43,2026-02-04 19:16:49.123658
ATMN,25.02,25.18,25.22,1033700.0,20250.0,4000.0,,2183200.0,,0,0,0,0,0,0,0,0,0,0,0,0,0,0,0,0,0,0,0,0,0,0,43,2026-02-04 19:16:49.123658
WNTR,25.27,25.11,25.27,1980300.0,,12000.0,,1943900.0,12000.0,0,0,0,0,0,0,0,0,0,0,0,0,0,0,0,0,0,0,0,0,0,0,43,2026-02-04 19:16:49.123658
SPNG,24.63,24.93,25.03,29250.0,647500.0,1400.0,27000.0,853900.0,,0,0,0,0,0,0,0,0,0,0,0,0,0,0,0,0,0,0,0,0,0,0,44,2026-02-04 19:16:50.177314
SMMR,25.1,25.02,25.1,,2055100.0,3700.0,,2119300.0,2000.0,0,0,0,0,0,0,0,0,0,0,0,0,0,0,0,0,0,0,0,0,0,0,44,2026-02-04 19:16:50.177314
ATMN,24.91,24.91,25.22,,2051500.0,12000.0,,2170000.0,,0,0,0,0,0,0,0,0,0,0,0,0,0,0,0,0,0,0,0,0,0,0,44,2026-02-04 19:16:50.177314
WNTR,25.11,25.08,25.1,,1992100.0,12000.0,,1969900.0,12000.0,0,0,0,0,0,0,0,0,0,0,0,0,0,0,0,0,0,0,0,0,0,0,44,2026-02-04 19:16:50.177314
SPNG,24.68,24.82,25.03,990400.0,22500.0,1400.0,29250.0,726200.0,,0,0,0,0,0,0,0,0,0,0,0,0,0,0,0,0,0,0,0,0,0,0,45,2026-02-04 19:16:51.245350
SMMR,25.12,25.02,25.12,2031900.0,,3700.0,,2233000.0,,0,0,0,0,0,0,0,0,0,0,0,0,0,0,0,0,0,0,0,0,0,0,45,2026-02-04 19:16:51.245350
ATMN,25.22,24.91,25.21,2064500.0,,12000.0,2250.0,2048300.0,,0,0,0,0,0,0,0,0,0,0,0,0,0,0,0,0,0,0,0,0,0,0,45,2026-02-04 19:16:51.245350
WNTR,25.1,25.08,25.1,1976500.0,,12000.0,,1848900.0,22000.0,0,0,0,0,0,0,0,0,0,0,0,0,0,0,0,0,0,0,0,0,0,0,45,2026-02-04 19:16:51.245350
SPNG,25.04,24.82,24.86,1487400.0,1400.0,11250.0,1602800.0,11250.0,,0,0,0,0,0,0,0,0,0,0,0,0,0,0,0,0,0,0,0,0,0,0,46,2026-02-04 19:16:52.324478
SMMR,25.01,25.01,25.12,1997000.0,3700.0,,2227600.0,,,0,0,0,0,0,0,0,0,0,0,0,0,0,0,0,0,0,0,0,0,0,0,46,2026-02-04 19:16:52.324478
ATMN,25.28,24.91,25.28,2032700.0,12000.0,,2148800.0,,,0,0,0,0,0,0,0,0,0,0,0,0,0,0,0,0,0,0,0,0,0,0,46,2026-02-04 19:16:52.324478
WNTR,25.14,25.17,25.27,1947000.0,12000.0,,1962100.0,,12000.0,0,0,0,0,0,0,0,0,0,0,0,0,0,0,0,0,0,0,0,0,0,0,46,2026-02-04 19:16:52.324478
SPNG,24.86,24.82,24.86,1979900.0,1400.0,1715400.0,9000.0,,0,0,0,0,0,0,0,0,0,0,0,0,0,0,0,0,0,0,0,0,0,0,0,47,2026-02-04 19:16:53.364276
SMMR,25.12,25.01,25.08,1993300.0,3700.0,2214700.0,,,0,0,0,0,0,0,0,0,0,0,0,0,0,0,0,0,0,0,0,0,0,0,0,47,2026-02-04 19:16:53.364276
ATMN,25.35,24.91,25.35,2024700.0,12000.0,2158600.0,,,0,0,0,0,0,0,0,0,0,0,0,0,0,0,0,0,0,0,0,0,0,0,0,47,2026-02-04 19:16:53.364276
WNTR,25.13,25.08,25.12,1976500.0,12000.0,1937700.0,,12000.0,0,0,0,0,0,0,0,0,0,0,0,0,0,0,0,0,0,0,0,0,0,0,0,47,2026-02-04 19:16:53.364276
SPNG,24.98,24.83,24.84,4500.0,1798300.0,1400.0,1432200.0,13500.0,,0,0,0,0,0,0,0,0,0,0,0,0,0,0,0,0,0,0,0,0,0,0,48,2026-02-04 19:16:54.409916
SMMR,25.11,25.01,25.11,,1993300.0,3700.0,2222800.0,,,0,0,0,0,0,0,0,0,0,0,0,0,0,0,0,0,0,0,0,0,0,0,48,2026-02-04 19:16:54.409916
ATMN,25.35,24.91,24.94,,2031300.0,12000.0,1935000.0,4500.0,,0,0,0,0,0,0,0,0,0,0,0,0,0,0,0,0,0,0,0,0,0,0,48,2026-02-04 19:16:54.409916
WNTR,25.08,25.08,25.12,,1949100.0,12000.0,1927000.0,,12000.0,0,0,0,0,0,0,0,0,0,0,0,0,0,0,0,0,0,0,0,0,0,0,48,2026-02-04 19:16:54.409916
SPNG,25.03,24.82,25.03,1972400.0,1400.0,15750.0,1341500.0,,0,0,0,0,0,0,0,0,0,0,0,0,0,0,0,0,0,0,0,0,0,0,0,49,2026-02-04 19:16:55.463288
SMMR,25.11,24.99,25.11,1953700.0,3700.0,,2228000.0,,0,0,0,0,0,0,0,0,0,0,0,0,0,0,0,0,0,0,0,0,0,0,0,49,2026-02-04 19:16:55.463288
ATMN,24.87,24.88,24.89,2134700.0,10000.0,11250.0,1615400.0,,0,0,0,0,0,0,0,0,0,0,0,0,0,0,0,0,0,0,0,0,0,0,0,49,2026-02-04 19:16:55.463288
WNTR,25.17,25.08,25.17,1907000.0,12000.0,,1966200.0,12000.0,0,0,0,0,0,0,0,0,0,0,0,0,0,0,0,0,0,0,0,0,0,0,0,49,2026-02-04 19:16:55.463288
SPNG,24.65,24.65,25.03,1984400.0,1400.0,18000.0,1257000.0,,0,0,0,0,0,0,0,0,0,0,0,0,0,0,0,0,0,0,0,0,0,0,0,50,2026-02-04 19:16:56.531265
SMMR,24.95,25.05,25.13,1955700.0,3700.0,,2234500.0,,0,0,0,0,0,0,0,0,0,0,0,0,0,0,0,0,0,0,0,0,0,0,0,50,2026-02-04 19:16:56.531265
ATMN,24.88,24.88,24.89,2151500.0,10000.0,11250.0,1615400.0,,0,0,0,0,0,0,0,0,0,0,0,0,0,0,0,0,0,0,0,0,0,0,0,50,2026-02-04 19:16:56.531265
WNTR,25.05,25.05,25.17,1888200.0,12000.0,,1961100.0,12000.0,0,0,0,0,0,0,0,0,0,0,0,0,0,0,0,0,0,0,0,0,0,0,0,50,2026-02-04 19:16:56.531265
SPNG,24.65,24.66,25.03,4500.0,1760200.0,1400.0,22500.0,1021900.0,,0,0,0,0,0,0,0,0,0,0,0,0,0,0,0,0,0,0,0,0,0,0,51,2026-02-04 19:16:57.573964
SMMR,25.13,25.05,25.13,,1955700.0,3700.0,,2210400.0,,0,0,0,0,0,0,0,0,0,0,0,0,0,0,0,0,0,0,0,0,0,0,51,2026-02-04 19:16:57.573964
ATMN,25.36,24.89,25.34,2250.0,2033500.0,10000.0,11250.0,1625000.0,,0,0,0,0,0,0,0,0,0,0,0,0,0,0,0,0,0,0,0,0,0,0,51,2026-02-04 19:16:57.573964
WNTR,25.03,25.14,25.27,,1882900.0,12000.0,,2005500.0,12000.0,0,0,0,0,0,0,0,0,0,0,0,0,0,0,0,0,0,0,0,0,0,0,51,2026-02-04 19:16:57.573964
SPNG,24.65,24.68,25.03,1669900.0,6750.0,1400.0,24750.0,932900.0,,0,0,0,0,0,0,0,0,0,0,0,0,0,0,0,0,0,0,0,0,0,0,52,2026-02-04 19:16:58.651561
SMMR,25.13,25.11,25.13,1989800.0,,3700.0,,2210400.0,,0,0,0,0,0,0,0,0,0,0,0,0,0,0,0,0,0,0,0,0,0,0,52,2026-02-04 19:16:58.651561
ATMN,25.34,24.89,24.97,1831700.0,6750.0,10000.0,15750.0,1410800.0,,0,0,0,0,0,0,0,0,0,0,0,0,0,0,0,0,0,0,0,0,0,0,52,2026-02-04 19:16:58.651561
WNTR,25.27,25.17,25.27,1871200.0,,12000.0,,2005500.0,12000.0,0,0,0,0,0,0,0,0,0,0,0,0,0,0,0,0,0,0,0,0,0,0,52,2026-02-04 19:16:58.651561
SPNG,24.65,24.65,25.12,1984400.0,1400.0,9000.0,1649500.0,,,0,0,0,0,0,0,0,0,0,0,0,0,0,0,0,0,0,0,0,0,0,0,53,2026-02-04 19:16:59.192457
SMMR,25.14,25.11,25.14,2019300.0,3700.0,,2193600.0,,,0,0,0,0,0,0,0,0,0,0,0,0,0,0,0,0,0,0,0,0,0,0,53,2026-02-04 19:16:59.192457
ATMN,25.33,24.89,25.33,1704300.0,10000.0,13500.0,1507800.0,9000.0,,0,0,0,0,0,0,0,0,0,0,0,0,0,0,0,0,0,0,0,0,0,0,53,2026-02-04 19:16:59.192457
WNTR,25.27,25.17,25.21,1871200.0,12000.0,,2003300.0,,12000.0,0,0,0,0,0,0,0,0,0,0,0,0,0,0,0,0,0,0,0,0,0,0,53,2026-02-04 19:16:59.192457
SPNG,25.16,24.68,25.15,1796800.0,4500.0,1400.0,9000.0,1672700.0,,0,0,0,0,0,0,0,0,0,0,0,0,0,0,0,0,0,0,0,0,0,0,54,2026-02-04 19:17:00.255416
SMMR,25.03,25.03,25.14,1996400.0,,3700.0,,2212900.0,,0,0,0,0,0,0,0,0,0,0,0,0,0,0,0,0,0,0,0,0,0,0,54,2026-02-04 19:17:00.255416
ATMN,24.88,24.97,25.33,2139500.0,,10000.0,18000.0,1322200.0,,0,0,0,0,0,0,0,0,0,0,0,0,0,0,0,0,0,0,0,0,0,0,54,2026-02-04 19:17:00.255416
WNTR,25.21,25.17,25.21,1871200.0,,12000.0,,2018300.0,12000.0,0,0,0,0,0,0,0,0,0,0,0,0,0,0,0,0,0,0,0,0,0,0,54,2026-02-04 19:17:00.255416
SPNG,25.16,24.68,25.16,1709900.0,6750.0,1400.0,2145700.0,,,0,0,0,0,0,0,0,0,0,0,0,0,0,0,0,0,0,0,0,0,0,0,55,2026-02-04 19:17:01.294667
SMMR,25.13,25.13,25.14,2007100.0,,3700.0,2211200.0,,,0,0,0,0,0,0,0,0,0,0,0,0,0,0,0,0,0,0,0,0,0,0,55,2026-02-04 19:17:01.294667
ATMN,24.88,24.97,25.12,2011400.0,2250.0,10000.0,1236200.0,20250.0,,0,0,0,0,0,0,0,0,0,0,0,0,0,0,0,0,0,0,0,0,0,0,55,2026-02-04 19:17:01.294667
WNTR,25.14,25.14,25.21,1846800.0,,12000.0,2018300.0,,12000.0,0,0,0,0,0,0,0,0,0,0,0,0,0,0,0,0,0,0,0,0,0,0,55,2026-02-04 19:17:01.294667
SPNG,24.61,24.62,25.1,2250.0,1970300.0,2001400.0,2250.0,,,0,0,0,0,0,0,0,0,0,0,0,0,0,0,0,0,0,0,0,0,0,0,56,2026-02-04 19:17:02.344524
SMMR,25.03,25.1,25.14,,2005800.0,2216900.0,,3700.0,,0,0,0,0,0,0,0,0,0,0,0,0,0,0,0,0,0,0,0,0,0,0,56,2026-02-04 19:17:02.344524
ATMN,25.12,24.97,25.11,,2115700.0,1438700.0,15750.0,10000.0,,0,0,0,0,0,0,0,0,0,0,0,0,0,0,0,0,0,0,0,0,0,0,56,2026-02-04 19:17:02.344524
WNTR,25.28,25.14,25.28,,1846800.0,1972900.0,,12000.0,12000.0,0,0,0,0,0,0,0,0,0,0,0,0,0,0,0,0,0,0,0,0,0,0,56,2026-02-04 19:17:02.344524
SPNG,24.59,24.59,25.1,1956800.0,2250.0,1859300.0,4500.0,,0,0,0,0,0,0,0,0,0,0,0,0,0,0,0,0,0,0,0,0,0,0,0,57,2026-02-04 19:17:03.392110
SMMR,25.15,25.1,25.15,2020400.0,,2204900.0,,3700.0,0,0,0,0,0,0,0,0,0,0,0,0,0,0,0,0,0,0,0,0,0,0,0,57,2026-02-04 19:17:03.392110
ATMN,25.12,25.02,25.11,2139500.0,,1438700.0,15750.0,10000.0,0,0,0,0,0,0,0,0,0,0,0,0,0,0,0,0,0,0,0,0,0,0,0,57,2026-02-04 19:17:03.392110
WNTR,25.31,25.31,25.33,1800900.0,,2186900.0,,12000.0,0,0,0,0,0,0,0,0,0,0,0,0,0,0,0,0,0,0,0,0,0,0,0,57,2026-02-04 19:17:03.392110
SPNG,24.59,24.8,24.87,2041600.0,2086800.0,,0,0,0,0,0,0,0,0,0,0,0,0,0,0,0,0,0,0,0,0,0,0,0,0,0,58,2026-02-04 19:17:04.440447
SMMR,25.06,25.11,25.15,2035600.0,2204900.0,3700.0,0,0,0,0,0,0,0,0,0,0,0,0,0,0,0,0,0,0,0,0,0,0,0,0,0,58,2026-02-04 19:17:04.440447
ATMN,24.92,24.92,25.12,2152900.0,2176100.0,10000.0,0,0,0,0,0,0,0,0,0,0,0,0,0,0,0,0,0,0,0,0,0,0,0,0,0,58,2026-02-04 19:17:04.440447
WNTR,25.33,25.31,25.33,1800900.0,2204200.0,12000.0,0,0,0,0,0,0,0,0,0,0,0,0,0,0,0,0,0,0,0,0,0,0,0,0,0,58,2026-02-04 19:17:04.440447
SPNG,24.8,24.8,24.87,2067900.0,2080000.0,,0,0,0,0,0,0,0,0,0,0,0,0,0,0,0,0,0,0,0,0,0,0,0,0,0,59,2026-02-04 19:17:05.479264
SMMR,25.01,25.01,25.15,1996600.0,2209400.0,3700.0,0,0,0,0,0,0,0,0,0,0,0,0,0,0,0,0,0,0,0,0,0,0,0,0,0,59,2026-02-04 19:17:05.479264
ATMN,24.88,24.88,25.12,2142800.0,2171300.0,10000.0,0,0,0,0,0,0,0,0,0,0,0,0,0,0,0,0,0,0,0,0,0,0,0,0,0,59,2026-02-04 19:17:05.479264
WNTR,25.37,25.31,25.37,1820500.0,2171400.0,12000.0,0,0,0,0,0,0,0,0,0,0,0,0,0,0,0,0,0,0,0,0,0,0,0,0,0,59,2026-02-04 19:17:05.479264
SPNG,24.59,24.04,24.87,989500.0,688900.0,,0,0,0,0,0,0,0,0,0,0,0,0,0,0,0,0,0,0,0,0,0,0,0,0,0,60,2026-02-04 19:17:06.537684
SMMR,25.44,25.12,25.33,619100.0,626100.0,3700.0,0,0,0,0,0,0,0,0,0,0,0,0,0,0,0,0,0,0,0,0,0,0,0,0,0,60,2026-02-04 19:17:06.537684
ATMN,26.08,26.08,26.46,918100.0,726500.0,10000.0,0,0,0,0,0,0,0,0,0,0,0,0,0,0,0,0,0,0,0,0,0,0,0,0,0,60,2026-02-04 19:17:06.537684
WNTR,25.37,25.86,0.0,200000.0,,12000.0,0,0,0,0,0,0,0,0,0,0,0,0,0,0,0,0,0,0,0,0,0,0,0,0,0,60,2026-02-04 19:17:06.537684
SPNG,24.04,24.04,24.4,991800.0,1012100.0,,,0,0,0,0,0,0,0,0,0,0,0,0,0,0,0,0,0,0,0,0,0,0,0,0,61,2026-02-04 19:17:07.603098
SMMR,25.33,25.36,25.43,1175200.0,797300.0,6700.0,3000.0,0,0,0,0,0,0,0,0,0,0,0,0,0,0,0,0,0,0,0,0,0,0,0,0,61,2026-02-04 19:17:07.603098
ATMN,26.08,26.08,26.39,918100.0,989900.0,10000.0,,0,0,0,0,0,0,0,0,0,0,0,0,0,0,0,0,0,0,0,0,0,0,0,0,61,2026-02-04 19:17:07.603098
WNTR,25.37,25.86,25.99,982800.0,881600.0,15000.0,3000.0,0,0,0,0,0,0,0,0,0,0,0,0,0,0,0,0,0,0,0,0,0,0,0,0,61,2026-02-04 19:17:07.603098
SPNG,24.4,24.38,24.4,1236800.0,1012100.0,3000.0,,0,0,0,0,0,0,0,0,0,0,0,0,0,0,0,0,0,0,0,0,0,0,0,0,62,2026-02-04 19:17:08.659281
SMMR,25.58,25.36,25.43,1276000.0,807300.0,3000.0,8000.0,0,0,0,0,0,0,0,0,0,0,0,0,0,0,0,0,0,0,0,0,0,0,0,0,62,2026-02-04 19:17:08.659281
ATMN,26.19,26.08,26.19,945300.0,1214100.0,6000.0,11100.0,0,0,0,0,0,0,0,0,0,0,0,0,0,0,0,0,0,0,0,0,0,0,0,0,62,2026-02-04 19:17:08.659281
WNTR,25.99,26.09,26.11,1105900.0,1044900.0,3000.0,18000.0,0,0,0,0,0,0,0,0,0,0,0,0,0,0,0,0,0,0,0,0,0,0,0,0,62,2026-02-04 19:17:08.659281
SPNG,24.4,24.39,24.4,2250.0,1236800.0,1269000.0,6000.0,,0,0,0,0,0,0,0,0,0,0,0,0,0,0,0,0,0,0,0,0,0,0,0,63,2026-02-04 19:17:09.724461
SMMR,25.58,25.54,25.58,,1624200.0,807300.0,300.0,8000.0,0,0,0,0,0,0,0,0,0,0,0,0,0,0,0,0,0,0,0,0,0,0,0,63,2026-02-04 19:17:09.724461
ATMN,25.49,26.03,26.19,,1051300.0,1314400.0,6000.0,10000.0,0,0,0,0,0,0,0,0,0,0,0,0,0,0,0,0,0,0,0,0,0,0,0,63,2026-02-04 19:17:09.724461
WNTR,25.75,25.79,25.93,,1005000.0,1138600.0,13000.0,16700.0,0,0,0,0,0,0,0,0,0,0,0,0,0,0,0,0,0,0,0,0,0,0,0,63,2026-02-04 19:17:09.724461
SPNG,24.38,23.93,24.3,1215700.0,2250.0,1388700.0,6000.0,4500.0,,0,0,0,0,0,0,0,0,0,0,0,0,0,0,0,0,0,0,0,0,0,0,64,2026-02-04 19:17:10.319711
SMMR,25.52,25.52,25.58,1511300.0,,894600.0,300.0,,8000.0,0,0,0,0,0,0,0,0,0,0,0,0,0,0,0,0,0,0,0,0,0,0,64,2026-02-04 19:17:10.319711
ATMN,25.49,26.03,26.06,1051300.0,4500.0,1616800.0,6000.0,2250.0,10000.0,0,0,0,0,0,0,0,0,0,0,0,0,0,0,0,0,0,0,0,0,0,0,64,2026-02-04 19:17:10.319711
WNTR,25.75,25.8,25.93,1231100.0,,1138600.0,13000.0,,16700.0,0,0,0,0,0,0,0,0,0,0,0,0,0,0,0,0,0,0,0,0,0,0,64,2026-02-04 19:17:10.319711
SPNG,24.3,23.94,23.97,6750.0,1320900.0,9000.0,1330200.0,6000.0,,0,0,0,0,0,0,0,0,0,0,0,0,0,0,0,0,0,0,0,0,0,0,65,2026-02-04 19:17:11.373043
SMMR,25.58,25.52,25.58,,1511300.0,,990200.0,300.0,11000.0,0,0,0,0,0,0,0,0,0,0,0,0,0,0,0,0,0,0,0,0,0,0,65,2026-02-04 19:17:11.373043
ATMN,25.49,26.03,26.06,6750.0,1278100.0,6750.0,1528700.0,6000.0,10000.0,0,0,0,0,0,0,0,0,0,0,0,0,0,0,0,0,0,0,0,0,0,0,65,2026-02-04 19:17:11.373043
WNTR,25.75,25.75,26.14,,1024500.0,,955700.0,,16700.0,0,0,0,0,0,0,0,0,0,0,0,0,0,0,0,0,0,0,0,0,0,0,65,2026-02-04 19:17:11.373043
SPNG,23.97,24.03,24.3,11250.0,1549200.0,1366200.0,9000.0,6000.0,,0,0,0,0,0,0,0,0,0,0,0,0,0,0,0,0,0,0,0,0,0,0,66,2026-02-04 19:17:12.471114
SMMR,25.58,25.58,25.87,,1823700.0,876700.0,,,11000.0,0,0,0,0,0,0,0,0,0,0,0,0,0,0,0,0,0,0,0,0,0,0,66,2026-02-04 19:17:12.471114
ATMN,26.16,26.03,26.1,11250.0,1278100.0,1609100.0,4500.0,6000.0,10000.0,0,0,0,0,0,0,0,0,0,0,0,0,0,0,0,0,0,0,0,0,0,0,66,2026-02-04 19:17:12.471114
WNTR,25.75,26.07,26.14,,1129400.0,1142200.0,,10000.0,17000.0,0,0,0,0,0,0,0,0,0,0,0,0,0,0,0,0,0,0,0,0,0,0,66,2026-02-04 19:17:12.471114
SPNG,23.8,23.8,24.39,1228200.0,2250.0,9000.0,1320800.0,6000.0,,0,0,0,0,0,0,0,0,0,0,0,0,0,0,0,0,0,0,0,0,0,0,67,2026-02-04 19:17:13.538290
SMMR,25.58,25.58,25.65,1823700.0,,,1162600.0,,11000.0,0,0,0,0,0,0,0,0,0,0,0,0,0,0,0,0,0,0,0,0,0,0,67,2026-02-04 19:17:13.538290
ATMN,26.06,26.03,26.06,1278100.0,11250.0,,1854400.0,6000.0,10000.0,0,0,0,0,0,0,0,0,0,0,0,0,0,0,0,0,0,0,0,0,0,0,67,2026-02-04 19:17:13.538290
WNTR,26.07,25.75,25.97,1117900.0,,,1378000.0,10300.0,16700.0,0,0,0,0,0,0,0,0,0,0,0,0,0,0,0,0,0,0,0,0,0,0,67,2026-02-04 19:17:13.538290
SPNG,24.37,24.38,24.39,4500.0,1221100.0,13500.0,1161400.0,6000.0,,0,0,0,0,0,0,0,0,0,0,0,0,0,0,0,0,0,0,0,0,0,0,68,2026-02-04 19:17:14.610963
SMMR,25.52,25.52,25.65,,1812900.0,,1280900.0,,11000.0,0,0,0,0,0,0,0,0,0,0,0,0,0,0,0,0,0,0,0,0,0,0,68,2026-02-04 19:17:14.610963
ATMN,26.03,25.73,25.96,13500.0,1287200.0,,1870000.0,6000.0,10000.0,0,0,0,0,0,0,0,0,0,0,0,0,0,0,0,0,0,0,0,0,0,0,68,2026-02-04 19:17:14.610963
WNTR,25.86,25.75,25.86,,1218600.0,,1488400.0,10300.0,16700.0,0,0,0,0,0,0,0,0,0,0,0,0,0,0,0,0,0,0,0,0,0,0,68,2026-02-04 19:17:14.610963
SPNG,24.85,23.6,24.85,1333500.0,1263700.0,2250.0,,,,0,0,0,0,0,0,0,0,0,0,0,0,0,0,0,0,0,0,0,0,0,0,69,2026-02-04 19:17:15.745330
SMMR,25.6,25.55,25.6,1771600.0,1500700.0,,11000.0,,,0,0,0,0,0,0,0,0,0,0,0,0,0,0,0,0,0,0,0,0,0,0,69,2026-02-04 19:17:15.745330
ATMN,25.6,25.73,26.08,1180400.0,1819400.0,,10000.0,2250.0,6000.0,0,0,0,0,0,0,0,0,0,0,0,0,0,0,0,0,0,0,0,0,0,0,69,2026-02-04 19:17:15.745330
WNTR,25.86,25.75,25.86,1800800.0,1488400.0,,16700.0,,10300.0,0,0,0,0,0,0,0,0,0,0,0,0,0,0,0,0,0,0,0,0,0,0,69,2026-02-04 19:17:15.745330
SPNG,24.85,23.61,23.91,2250.0,1465500.0,1372800.0,4500.0,,,0,0,0,0,0,0,0,0,0,0,0,0,0,0,0,0,0,0,0,0,0,0,70,2026-02-04 19:17:16.309050
SMMR,25.55,25.55,25.6,,1771600.0,1610100.0,,11000.0,,0,0,0,0,0,0,0,0,0,0,0,0,0,0,0,0,0,0,0,0,0,0,70,2026-02-04 19:17:16.309050
ATMN,25.6,25.6,26.08,,1180400.0,1716400.0,2250.0,10000.0,6000.0,0,0,0,0,0,0,0,0,0,0,0,0,0,0,0,0,0,0,0,0,0,0,70,2026-02-04 19:17:16.309050
WNTR,25.86,25.89,25.97,,1909900.0,1378000.0,,16700.0,10300.0,0,0,0,0,0,0,0,0,0,0,0,0,0,0,0,0,0,0,0,0,0,0,70,2026-02-04 19:17:16.309050
SPNG,24.85,23.71,23.9,6750.0,1817800.0,9000.0,1372800.0,,,0,0,0,0,0,0,0,0,0,0,0,0,0,0,0,0,0,0,0,0,0,0,71,2026-02-04 19:17:17.374156
SMMR,25.66,25.52,25.66,,1812900.0,,1501100.0,11000.0,,0,0,0,0,0,0,0,0,0,0,0,0,0,0,0,0,0,0,0,0,0,0,71,2026-02-04 19:17:17.374156
ATMN,25.39,25.64,25.89,,1257000.0,6750.0,1498600.0,10000.0,6000.0,0,0,0,0,0,0,0,0,0,0,0,0,0,0,0,0,0,0,0,0,0,0,71,2026-02-04 19:17:17.374156
WNTR,25.89,25.89,25.93,,1773400.0,,1496500.0,22700.0,10300.0,0,0,0,0,0,0,0,0,0,0,0,0,0,0,0,0,0,0,0,0,0,0,71,2026-02-04 19:17:17.374156
SPNG,23.91,23.84,23.9,11250.0,1705900.0,6750.0,1372800.0,,,0,0,0,0,0,0,0,0,0,0,0,0,0,0,0,0,0,0,0,0,0,0,72,2026-02-04 19:17:18.440624
SMMR,25.66,25.52,25.62,,1812900.0,,1924100.0,11000.0,,0,0,0,0,0,0,0,0,0,0,0,0,0,0,0,0,0,0,0,0,0,0,72,2026-02-04 19:17:18.440624
ATMN,26.07,25.87,26.07,,1352900.0,11250.0,1304300.0,10000.0,6000.0,0,0,0,0,0,0,0,0,0,0,0,0,0,0,0,0,0,0,0,0,0,0,72,2026-02-04 19:17:18.440624
WNTR,25.97,26.03,26.04,,1847400.0,,1368300.0,16700.0,10000.0,0,0,0,0,0,0,0,0,0,0,0,0,0,0,0,0,0,0,0,0,0,0,72,2026-02-04 19:17:18.440624
SPNG,23.73,23.71,23.73,11250.0,1690800.0,1386900.0,2250.0,,,0,0,0,0,0,0,0,0,0,0,0,0,0,0,0,0,0,0,0,0,0,0,73,2026-02-04 19:17:19.531577
SMMR,25.48,25.44,25.48,,1783300.0,2056200.0,,8000.0,,0,0,0,0,0,0,0,0,0,0,0,0,0,0,0,0,0,0,0,0,0,0,73,2026-02-04 19:17:19.531577
ATMN,25.64,25.89,25.99,,1470400.0,1054500.0,18000.0,10000.0,6000.0,0,0,0,0,0,0,0,0,0,0,0,0,0,0,0,0,0,0,0,0,0,0,73,2026-02-04 19:17:19.531577
WNTR,25.89,25.97,26.04,,1906400.0,1368300.0,,16700.0,16000.0,0,0,0,0,0,0,0,0,0,0,0,0,0,0,0,0,0,0,0,0,0,0,73,2026-02-04 19:17:19.531577
SPNG,24.71,24.71,24.85,1610100.0,13500.0,1363300.0,6750.0,,,0,0,0,0,0,0,0,0,0,0,0,0,0,0,0,0,0,0,0,0,0,0,74,2026-02-04 19:17:20.586878
SMMR,25.44,25.44,25.6,1783300.0,,2029900.0,,8000.0,,0,0,0,0,0,0,0,0,0,0,0,0,0,0,0,0,0,0,0,0,0,0,74,2026-02-04 19:17:20.586878
ATMN,26.1,25.89,26.1,1623300.0,,1817000.0,,10000.0,6000.0,0,0,0,0,0,0,0,0,0,0,0,0,0,0,0,0,0,0,0,0,0,0,74,2026-02-04 19:17:20.586878
WNTR,26.04,25.97,26.04,1769900.0,,1474400.0,,20000.0,16000.0,0,0,0,0,0,0,0,0,0,0,0,0,0,0,0,0,0,0,0,0,0,0,74,2026-02-04 19:17:20.586878
SPNG,23.65,23.71,24.63,4500.0,2133900.0,11250.0,1459400.0,,,0,0,0,0,0,0,0,0,0,0,0,0,0,0,0,0,0,0,0,0,0,0,75,2026-02-04 19:17:21.773540
SMMR,25.36,25.36,25.6,,1473500.0,,2029900.0,8000.0,,0,0,0,0,0,0,0,0,0,0,0,0,0,0,0,0,0,0,0,0,0,0,75,2026-02-04 19:17:21.773540
ATMN,25.83,25.83,26.01,,1527800.0,,1827400.0,10000.0,6000.0,0,0,0,0,0,0,0,0,0,0,0,0,0,0,0,0,0,0,0,0,0,0,75,2026-02-04 19:17:21.773540
WNTR,25.94,26.02,26.04,,1750600.0,,1474400.0,20000.0,20200.0,0,0,0,0,0,0,0,0,0,0,0,0,0,0,0,0,0,0,0,0,0,0,75,2026-02-04 19:17:21.773540
SPNG,23.65,23.71,24.63,6750.0,1945700.0,13500.0,1406200.0,,,0,0,0,0,0,0,0,0,0,0,0,0,0,0,0,0,0,0,0,0,0,0,76,2026-02-04 19:17:22.320071
SMMR,25.62,25.36,25.58,,1473500.0,,2042000.0,8000.0,,0,0,0,0,0,0,0,0,0,0,0,0,0,0,0,0,0,0,0,0,0,0,76,2026-02-04 19:17:22.320071
ATMN,25.66,25.64,25.66,,1409900.0,,1868300.0,10000.0,6000.0,0,0,0,0,0,0,0,0,0,0,0,0,0,0,0,0,0,0,0,0,0,0,76,2026-02-04 19:17:22.320071
WNTR,26.02,25.89,26.01,,1920700.0,,1682100.0,16700.0,20200.0,0,0,0,0,0,0,0,0,0,0,0,0,0,0,0,0,0,0,0,0,0,0,76,2026-02-04 19:17:22.320071
SPNG,23.6,23.6,24.63,2021400.0,20250.0,1124300.0,,,,0,0,0,0,0,0,0,0,0,0,0,0,0,0,0,0,0,0,0,0,0,0,77,2026-02-04 19:17:23.376006
SMMR,25.4,25.36,25.4,1473500.0,,2031500.0,8000.0,,,0,0,0,0,0,0,0,0,0,0,0,0,0,0,0,0,0,0,0,0,0,0,77,2026-02-04 19:17:23.376006
ATMN,26.1,25.64,26.1,1536800.0,,1801200.0,10000.0,4500.0,6000.0,0,0,0,0,0,0,0,0,0,0,0,0,0,0,0,0,0,0,0,0,0,0,77,2026-02-04 19:17:23.376006
WNTR,26.02,25.89,26.01,1920700.0,,1599400.0,16700.0,,23500.0,0,0,0,0,0,0,0,0,0,0,0,0,0,0,0,0,0,0,0,0,0,0,77,2026-02-04 19:17:23.376006
SPNG,23.6,23.84,24.08,2430100.0,24750.0,951000.0,,,,0,0,0,0,0,0,0,0,0,0,0,0,0,0,0,0,0,0,0,0,0,0,78,2026-02-04 19:17:24.431850
SMMR,25.58,25.5,25.58,1599800.0,,2040000.0,8000.0,,,0,0,0,0,0,0,0,0,0,0,0,0,0,0,0,0,0,0,0,0,0,0,78,2026-02-04 19:17:24.431850
ATMN,25.39,25.95,26.1,1550200.0,,1841600.0,10000.0,4500.0,6000.0,0,0,0,0,0,0,0,0,0,0,0,0,0,0,0,0,0,0,0,0,0,0,78,2026-02-04 19:17:24.431850
WNTR,25.89,25.89,26.01,1892000.0,,1599400.0,16700.0,,23500.0,0,0,0,0,0,0,0,0,0,0,0,0,0,0,0,0,0,0,0,0,0,0,78,2026-02-04 19:17:24.431850
SPNG,24.09,24.19,24.41,2354100.0,1120500.0,20250.0,,,,0,0,0,0,0,0,0,0,0,0,0,0,0,0,0,0,0,0,0,0,0,0,79,2026-02-04 19:17:25.507021
SMMR,25.58,25.5,25.58,1709800.0,2027800.0,,8000.0,,,0,0,0,0,0,0,0,0,0,0,0,0,0,0,0,0,0,0,0,0,0,0,79,2026-02-04 19:17:25.507021
ATMN,25.95,25.71,25.92,1535300.0,1623800.0,4500.0,10000.0,6750.0,6000.0,0,0,0,0,0,0,0,0,0,0,0,0,0,0,0,0,0,0,0,0,0,0,79,2026-02-04 19:17:25.507021
WNTR,26.03,25.85,26.03,1914200.0,1714600.0,,16700.0,,20200.0,0,0,0,0,0,0,0,0,0,0,0,0,0,0,0,0,0,0,0,0,0,0,79,2026-02-04 19:17:25.507021
SPNG,24.09,24.2,24.37,4500.0,2052000.0,904900.0,24750.0,,,0,0,0,0,0,0,0,0,0,0,0,0,0,0,0,0,0,0,0,0,0,0,80,2026-02-04 19:17:26.556301
SMMR,25.37,25.44,25.58,,1803000.0,2027800.0,,8000.0,,0,0,0,0,0,0,0,0,0,0,0,0,0,0,0,0,0,0,0,0,0,0,80,2026-02-04 19:17:26.556301
ATMN,25.54,25.83,25.92,9000.0,1719300.0,1511900.0,6750.0,10000.0,6000.0,0,0,0,0,0,0,0,0,0,0,0,0,0,0,0,0,0,0,0,0,0,0,80,2026-02-04 19:17:26.556301
WNTR,26.03,25.85,25.95,,1735700.0,1748000.0,,20000.0,20200.0,0,0,0,0,0,0,0,0,0,0,0,0,0,0,0,0,0,0,0,0,0,0,80,2026-02-04 19:17:26.556301
SPNG,24.19,24.19,24.26,2354100.0,29250.0,724100.0,,,,0,0,0,0,0,0,0,0,0,0,0,0,0,0,0,0,0,0,0,0,0,0,81,2026-02-04 19:17:27.616215
SMMR,25.47,25.47,25.56,1892600.0,,2023600.0,8000.0,,,0,0,0,0,0,0,0,0,0,0,0,0,0,0,0,0,0,0,0,0,0,0,81,2026-02-04 19:17:27.616215
ATMN,26.02,25.83,26.01,1566400.0,11250.0,1319200.0,10000.0,11250.0,6000.0,0,0,0,0,0,0,0,0,0,0,0,0,0,0,0,0,0,0,0,0,0,0,81,2026-02-04 19:17:27.616215
WNTR,25.95,25.9,25.95,1681000.0,,1748000.0,20000.0,,20200.0,0,0,0,0,0,0,0,0,0,0,0,0,0,0,0,0,0,0,0,0,0,0,81,2026-02-04 19:17:27.616215
SPNG,24.27,24.19,24.27,2354100.0,1053200.0,22500.0,,,,0,0,0,0,0,0,0,0,0,0,0,0,0,0,0,0,0,0,0,0,0,0,82,2026-02-04 19:17:28.687233
SMMR,25.27,25.53,25.56,1589300.0,2023600.0,,3700.0,,,0,0,0,0,0,0,0,0,0,0,0,0,0,0,0,0,0,0,0,0,0,0,82,2026-02-04 19:17:28.687233
ATMN,26.02,25.83,25.97,1313400.0,1234200.0,15750.0,10000.0,15750.0,3000.0,0,0,0,0,0,0,0,0,0,0,0,0,0,0,0,0,0,0,0,0,0,0,82,2026-02-04 19:17:28.687233
WNTR,26.07,25.96,26.04,1695100.0,1808600.0,,16900.0,,12000.0,0,0,0,0,0,0,0,0,0,0,0,0,0,0,0,0,0,0,0,0,0,0,82,2026-02-04 19:17:28.687233
SPNG,23.84,23.6,23.74,2462100.0,1046000.0,22500.0,,,,0,0,0,0,0,0,0,0,0,0,0,0,0,0,0,0,0,0,0,0,0,0,83,2026-02-04 19:17:29.757618
SMMR,25.57,25.53,25.57,1692700.0,2033500.0,,3700.0,,,0,0,0,0,0,0,0,0,0,0,0,0,0,0,0,0,0,0,0,0,0,0,83,2026-02-04 19:17:29.757618
ATMN,25.43,25.44,25.97,1526400.0,1253700.0,15750.0,10000.0,11250.0,3000.0,0,0,0,0,0,0,0,0,0,0,0,0,0,0,0,0,0,0,0,0,0,0,83,2026-02-04 19:17:29.757618
WNTR,26.14,25.96,26.14,1789300.0,1691900.0,,10000.0,,10000.0,0,0,0,0,0,0,0,0,0,0,0,0,0,0,0,0,0,0,0,0,0,0,83,2026-02-04 19:17:29.757618
SPNG,23.74,24.1,24.27,2324600.0,1038100.0,22500.0,,,0,0,0,0,0,0,0,0,0,0,0,0,0,0,0,0,0,0,0,0,0,0,0,84,2026-02-04 19:17:30.813691
SMMR,25.52,25.29,25.33,1725400.0,2060600.0,,3700.0,,0,0,0,0,0,0,0,0,0,0,0,0,0,0,0,0,0,0,0,0,0,0,0,84,2026-02-04 19:17:30.813691
ATMN,25.39,25.39,26.01,1427500.0,1128600.0,18000.0,10000.0,3000.0,0,0,0,0,0,0,0,0,0,0,0,0,0,0,0,0,0,0,0,0,0,0,0,84,2026-02-04 19:17:30.813691
WNTR,25.9,25.9,26.0,1598600.0,1794700.0,,21400.0,18900.0,0,0,0,0,0,0,0,0,0,0,0,0,0,0,0,0,0,0,0,0,0,0,0,84,2026-02-04 19:17:30.813691
SPNG,24.1,23.65,24.02,2250.0,2222700.0,1670800.0,9000.0,,,0,0,0,0,0,0,0,0,0,0,0,0,0,0,0,0,0,0,0,0,0,0,85,2026-02-04 19:17:31.349609
SMMR,25.33,25.39,25.57,,1926600.0,2033500.0,,3700.0,,0,0,0,0,0,0,0,0,0,0,0,0,0,0,0,0,0,0,0,0,0,0,85,2026-02-04 19:17:31.349609
ATMN,26.02,25.39,26.0,,1427500.0,1268100.0,13500.0,10000.0,6000.0,0,0,0,0,0,0,0,0,0,0,0,0,0,0,0,0,0,0,0,0,0,0,85,2026-02-04 19:17:31.349609
WNTR,26.0,26.03,26.14,,1702400.0,1809300.0,,11400.0,18900.0,0,0,0,0,0,0,0,0,0,0,0,0,0,0,0,0,0,0,0,0,0,0,85,2026-02-04 19:17:31.349609
SPNG,24.02,24.11,24.31,1963700.0,6750.0,1450900.0,13500.0,,,0,0,0,0,0,0,0,0,0,0,0,0,0,0,0,0,0,0,0,0,0,0,86,2026-02-04 19:17:32.414804
SMMR,25.39,25.31,25.32,2017300.0,,2070700.0,,3700.0,,0,0,0,0,0,0,0,0,0,0,0,0,0,0,0,0,0,0,0,0,0,0,86,2026-02-04 19:17:32.414804
ATMN,26.07,25.39,26.07,1534800.0,2250.0,1342000.0,11250.0,10000.0,6000.0,0,0,0,0,0,0,0,0,0,0,0,0,0,0,0,0,0,0,0,0,0,0,86,2026-02-04 19:17:32.414804
WNTR,25.85,25.85,25.92,1735000.0,,1818500.0,,20000.0,18900.0,0,0,0,0,0,0,0,0,0,0,0,0,0,0,0,0,0,0,0,0,0,0,86,2026-02-04 19:17:32.414804
SPNG,24.02,24.11,24.14,1861400.0,9000.0,1251000.0,18000.0,,,0,0,0,0,0,0,0,0,0,0,0,0,0,0,0,0,0,0,0,0,0,0,87,2026-02-04 19:17:33.463883
SMMR,25.57,25.55,25.57,2108700.0,,2052200.0,,3700.0,,0,0,0,0,0,0,0,0,0,0,0,0,0,0,0,0,0,0,0,0,0,0,87,2026-02-04 19:17:33.463883
ATMN,26.07,25.39,25.7,1769400.0,6750.0,1291300.0,13500.0,10000.0,6000.0,0,0,0,0,0,0,0,0,0,0,0,0,0,0,0,0,0,0,0,0,0,0,87,2026-02-04 19:17:33.463883
WNTR,25.85,25.86,25.92,1681500.0,,1703400.0,,20000.0,20300.0,0,0,0,0,0,0,0,0,0,0,0,0,0,0,0,0,0,0,0,0,0,0,87,2026-02-04 19:17:33.463883
SPNG,24.14,24.11,24.13,1593300.0,13500.0,20250.0,1161500.0,,,0,0,0,0,0,0,0,0,0,0,0,0,0,0,0,0,0,0,0,0,0,0,88,2026-02-04 19:17:34.513246
SMMR,25.59,25.47,25.53,2121800.0,,,2017600.0,3700.0,,0,0,0,0,0,0,0,0,0,0,0,0,0,0,0,0,0,0,0,0,0,0,88,2026-02-04 19:17:34.513246
ATMN,25.7,25.92,26.05,1716600.0,9000.0,13500.0,1267500.0,10000.0,6000.0,0,0,0,0,0,0,0,0,0,0,0,0,0,0,0,0,0,0,0,0,0,0,88,2026-02-04 19:17:34.513246
WNTR,26.14,25.94,26.14,1893300.0,,,1845400.0,8000.0,18900.0,0,0,0,0,0,0,0,0,0,0,0,0,0,0,0,0,0,0,0,0,0,0,88,2026-02-04 19:17:34.513246
SPNG,24.31,24.11,24.31,1459700.0,15750.0,1243200.0,18000.0,,,0,0,0,0,0,0,0,0,0,0,0,0,0,0,0,0,0,0,0,0,0,0,89,2026-02-04 19:17:35.556506
SMMR,25.59,25.47,25.59,2082900.0,,2040200.0,,3700.0,,0,0,0,0,0,0,0,0,0,0,0,0,0,0,0,0,0,0,0,0,0,0,89,2026-02-04 19:17:35.556506
ATMN,26.05,25.61,26.05,1601800.0,11250.0,1462000.0,9000.0,10000.0,6000.0,0,0,0,0,0,0,0,0,0,0,0,0,0,0,0,0,0,0,0,0,0,0,89,2026-02-04 19:17:35.556506
WNTR,25.86,25.86,26.14,1784700.0,,1811900.0,,10000.0,18900.0,0,0,0,0,0,0,0,0,0,0,0,0,0,0,0,0,0,0,0,0,0,0,89,2026-02-04 19:17:35.556506
SPNG,23.99,23.99,24.3,1614600.0,13500.0,20250.0,1127000.0,,,0,0,0,0,0,0,0,0,0,0,0,0,0,0,0,0,0,0,0,0,0,0,90,2026-02-04 19:17:36.602130
SMMR,25.39,25.58,25.59,2079300.0,,,2040200.0,3700.0,,0,0,0,0,0,0,0,0,0,0,0,0,0,0,0,0,0,0,0,0,0,0,90,2026-02-04 19:17:36.602130
ATMN,26.03,26.03,26.06,1700000.0,9000.0,,1823300.0,10000.0,6000.0,0,0,0,0,0,0,0,0,0,0,0,0,0,0,0,0,0,0,0,0,0,0,90,2026-02-04 19:17:36.602130
WNTR,25.86,25.86,26.14,1784700.0,,,1710500.0,10000.0,20300.0,0,0,0,0,0,0,0,0,0,0,0,0,0,0,0,0,0,0,0,0,0,0,90,2026-02-04 19:17:36.602130
SPNG,23.99,23.8,23.93,18000.0,1390600.0,1144600.0,20250.0,,,0,0,0,0,0,0,0,0,0,0,0,0,0,0,0,0,0,0,0,0,0,0,91,2026-02-04 19:17:37.655203
SMMR,25.58,25.47,25.52,,2090000.0,2028700.0,,3700.0,,0,0,0,0,0,0,0,0,0,0,0,0,0,0,0,0,0,0,0,0,0,0,91,2026-02-04 19:17:37.655203
ATMN,26.03,25.63,25.72,13500.0,1438900.0,1630200.0,4500.0,10000.0,6000.0,0,0,0,0,0,0,0,0,0,0,0,0,0,0,0,0,0,0,0,0,0,0,91,2026-02-04 19:17:37.655203
WNTR,25.85,26.0,26.14,,1875600.0,1710500.0,,8000.0,20300.0,0,0,0,0,0,0,0,0,0,0,0,0,0,0,0,0,0,0,0,0,0,0,91,2026-02-04 19:17:37.655203
SPNG,23.99,23.8,23.92,22500.0,1183600.0,24750.0,933500.0,,,0,0,0,0,0,0,0,0,0,0,0,0,0,0,0,0,0,0,0,0,0,0,92,2026-02-04 19:17:38.744397
SMMR,25.58,25.47,25.51,,2076300.0,,2030700.0,3700.0,,0,0,0,0,0,0,0,0,0,0,0,0,0,0,0,0,0,0,0,0,0,0,92,2026-02-04 19:17:38.744397
ATMN,25.74,25.74,25.75,18000.0,1290500.0,4500.0,1617600.0,,6000.0,0,0,0,0,0,0,0,0,0,0,0,0,0,0,0,0,0,0,0,0,0,0,92,2026-02-04 19:17:38.744397
WNTR,26.0,26.0,26.03,,1852700.0,,1706000.0,8000.0,20300.0,0,0,0,0,0,0,0,0,0,0,0,0,0,0,0,0,0,0,0,0,0,0,92,2026-02-04 19:17:38.744397
SPNG,24.1,24.16,24.3,1066900.0,24750.0,20250.0,1145400.0,,,0,0,0,0,0,0,0,0,0,0,0,0,0,0,0,0,0,0,0,0,0,0,93,2026-02-04 19:17:39.807557
SMMR,25.52,25.54,25.57,2063600.0,,,2016300.0,3700.0,,0,0,0,0,0,0,0,0,0,0,0,0,0,0,0,0,0,0,0,0,0,0,93,2026-02-04 19:17:39.807557
ATMN,25.63,25.63,25.96,1264300.0,15750.0,,1824500.0,10000.0,6000.0,0,0,0,0,0,0,0,0,0,0,0,0,0,0,0,0,0,0,0,0,0,0,93,2026-02-04 19:17:39.807557
WNTR,26.03,26.0,26.03,1833900.0,,,1712500.0,8000.0,20300.0,0,0,0,0,0,0,0,0,0,0,0,0,0,0,0,0,0,0,0,0,0,0,93,2026-02-04 19:17:39.807557
SPNG,24.16,23.79,24.16,2301600.0,2114400.0,,,0,0,0,0,0,0,0,0,0,0,0,0,0,0,0,0,0,0,0,0,0,0,0,0,94,2026-02-04 19:17:40.863263
SMMR,25.58,25.54,25.58,2065900.0,2024200.0,3700.0,,0,0,0,0,0,0,0,0,0,0,0,0,0,0,0,0,0,0,0,0,0,0,0,0,94,2026-02-04 19:17:40.863263
ATMN,26.01,25.63,26.01,2161200.0,1842300.0,10000.0,6000.0,0,0,0,0,0,0,0,0,0,0,0,0,0,0,0,0,0,0,0,0,0,0,0,0,94,2026-02-04 19:17:40.863263
WNTR,26.03,26.0,26.03,1849700.0,1759000.0,8000.0,20300.0,0,0,0,0,0,0,0,0,0,0,0,0,0,0,0,0,0,0,0,0,0,0,0,0,94,2026-02-04 19:17:40.863263
SPNG,24.16,23.83,24.16,2250.0,2202200.0,1999100.0,2250.0,,,0,0,0,0,0,0,0,0,0,0,0,0,0,0,0,0,0,0,0,0,0,0,95,2026-02-04 19:17:41.407978
SMMR,25.59,25.54,25.59,,2065900.0,2040200.0,,3700.0,,0,0,0,0,0,0,0,0,0,0,0,0,0,0,0,0,0,0,0,0,0,0,95,2026-02-04 19:17:41.407978
ATMN,25.57,25.57,26.01,,2212300.0,1842300.0,,10000.0,6000.0,0,0,0,0,0,0,0,0,0,0,0,0,0,0,0,0,0,0,0,0,0,0,95,2026-02-04 19:17:41.407978
WNTR,25.96,25.96,26.06,,1857500.0,1742400.0,,8000.0,20300.0,0,0,0,0,0,0,0,0,0,0,0,0,0,0,0,0,0,0,0,0,0,0,95,2026-02-04 19:17:41.407978
SPNG,24.41,23.83,24.3,6750.0,1959400.0,2007000.0,2250.0,,,0,0,0,0,0,0,0,0,0,0,0,0,0,0,0,0,0,0,0,0,0,0,96,2026-02-04 19:17:42.455648
SMMR,25.47,25.47,25.59,,2068800.0,2040200.0,,3700.0,,0,0,0,0,0,0,0,0,0,0,0,0,0,0,0,0,0,0,0,0,0,0,96,2026-02-04 19:17:42.455648
ATMN,25.57,25.57,25.78,4500.0,1895600.0,1672200.0,4500.0,10000.0,6000.0,0,0,0,0,0,0,0,0,0,0,0,0,0,0,0,0,0,0,0,0,0,0,96,2026-02-04 19:17:42.455648
WNTR,25.96,25.96,25.98,,1857500.0,1730500.0,,8000.0,20300.0,0,0,0,0,0,0,0,0,0,0,0,0,0,0,0,0,0,0,0,0,0,0,96,2026-02-04 19:17:42.455648
SPNG,23.82,23.83,24.29,2250.0,2168900.0,6750.0,1792000.0,,,0,0,0,0,0,0,0,0,0,0,0,0,0,0,0,0,0,0,0,0,0,0,97,2026-02-04 19:17:43.500346
SMMR,25.41,25.41,25.56,,2046600.0,,2025300.0,3700.0,,0,0,0,0,0,0,0,0,0,0,0,0,0,0,0,0,0,0,0,0,0,0,97,2026-02-04 19:17:43.500346
ATMN,25.84,25.84,25.87,9000.0,1613900.0,2250.0,1742500.0,10000.0,6000.0,0,0,0,0,0,0,0,0,0,0,0,0,0,0,0,0,0,0,0,0,0,0,97,2026-02-04 19:17:43.500346
WNTR,25.96,25.9,25.94,,1863300.0,,1767200.0,8000.0,20300.0,0,0,0,0,0,0,0,0,0,0,0,0,0,0,0,0,0,0,0,0,0,0,97,2026-02-04 19:17:43.500346
SPNG,24.42,24.02,24.41,1980100.0,6750.0,4500.0,1883300.0,,,0,0,0,0,0,0,0,0,0,0,0,0,0,0,0,0,0,0,0,0,0,0,98,2026-02-04 19:17:44.540868
SMMR,25.41,25.41,25.49,2052800.0,,,2036200.0,3700.0,,0,0,0,0,0,0,0,0,0,0,0,0,0,0,0,0,0,0,0,0,0,0,98,2026-02-04 19:17:44.540868
ATMN,25.63,25.64,25.66,1607400.0,9000.0,4500.0,1685200.0,10000.0,6000.0,0,0,0,0,0,0,0,0,0,0,0,0,0,0,0,0,0,0,0,0,0,0,98,2026-02-04 19:17:44.540868
WNTR,25.87,25.87,25.94,1899200.0,,,1776300.0,8000.0,20300.0,0,0,0,0,0,0,0,0,0,0,0,0,0,0,0,0,0,0,0,0,0,0,98,2026-02-04 19:17:44.540868
SPNG,23.79,23.93,24.41,2165000.0,2250.0,6750.0,1745200.0,,,0,0,0,0,0,0,0,0,0,0,0,0,0,0,0,0,0,0,0,0,0,0,99,2026-02-04 19:17:45.582553
SMMR,25.59,25.41,25.59,2052800.0,,,2039700.0,3700.0,,0,0,0,0,0,0,0,0,0,0,0,0,0,0,0,0,0,0,0,0,0,0,99,2026-02-04 19:17:45.582553
ATMN,25.8,25.64,25.72,1532200.0,13500.0,9000.0,1578600.0,,3000.0,0,0,0,0,0,0,0,0,0,0,0,0,0,0,0,0,0,0,0,0,0,0,99,2026-02-04 19:17:45.582553
WNTR,25.87,25.87,25.92,1869700.0,,,1790700.0,8000.0,20300.0,0,0,0,0,0,0,0,0,0,0,0,0,0,0,0,0,0,0,0,0,0,0,99,2026-02-04 19:17:45.582553
SPNG,24.4,23.94,24.1,4500.0,2069100.0,1573300.0,11250.0,,,0,0,0,0,0,0,0,0,0,0,0,0,0,0,0,0,0,0,0,0,0,0,100,2026-02-04 19:17:46.622267
SMMR,25.41,25.41,25.59,,2059200.0,2013000.0,,3700.0,,0,0,0,0,0,0,0,0,0,0,0,0,0,0,0,0,0,0,0,0,0,0,100,2026-02-04 19:17:46.622267
ATMN,25.87,25.57,25.87,15750.0,1439900.0,1483900.0,11250.0,,3000.0,0,0,0,0,0,0,0,0,0,0,0,0,0,0,0,0,0,0,0,0,0,0,100,2026-02-04 19:17:46.622267
WNTR,25.92,25.89,25.92,,1856200.0,1786700.0,,8000.0,20300.0,0,0,0,0,0,0,0,0,0,0,0,0,0,0,0,0,0,0,0,0,0,0,100,2026-02-04 19:17:46.622267
SPNG,24.41,23.94,24.06,9000.0,1841900.0,1545400.0,11250.0,,,0,0,0,0,0,0,0,0,0,0,0,0,0,0,0,0,0,0,0,0,0,0,101,2026-02-04 19:17:47.657891
SMMR,25.41,25.41,25.59,,2007100.0,2013000.0,,3700.0,,0,0,0,0,0,0,0,0,0,0,0,0,0,0,0,0,0,0,0,0,0,0,101,2026-02-04 19:17:47.657891
ATMN,25.87,25.99,26.0,20250.0,1204600.0,1296100.0,15750.0,,3000.0,0,0,0,0,0,0,0,0,0,0,0,0,0,0,0,0,0,0,0,0,0,0,101,2026-02-04 19:17:47.657891
WNTR,25.92,25.85,25.92,,1881000.0,1780900.0,,8000.0,20300.0,0,0,0,0,0,0,0,0,0,0,0,0,0,0,0,0,0,0,0,0,0,0,101,2026-02-04 19:17:47.657891
SPNG,24.41,23.95,24.06,1712800.0,11250.0,1339700.0,15750.0,,,0,0,0,0,0,0,0,0,0,0,0,0,0,0,0,0,0,0,0,0,0,0,102,2026-02-04 19:17:48.692208
SMMR,25.41,25.47,25.59,2023100.0,,2019800.0,,3700.0,,0,0,0,0,0,0,0,0,0,0,0,0,0,0,0,0,0,0,0,0,0,0,102,2026-02-04 19:17:48.692208
ATMN,25.99,25.73,25.82,998800.0,24750.0,1199700.0,20250.0,,,0,0,0,0,0,0,0,0,0,0,0,0,0,0,0,0,0,0,0,0,0,0,102,2026-02-04 19:17:48.692208
WNTR,25.92,25.91,25.92,1905700.0,,1780900.0,,8000.0,20300.0,0,0,0,0,0,0,0,0,0,0,0,0,0,0,0,0,0,0,0,0,0,0,102,2026-02-04 19:17:48.692208
SPNG,24.44,23.96,24.44,15750.0,1462300.0,2090600.0,,,,0,0,0,0,0,0,0,0,0,0,0,0,0,0,0,0,0,0,0,0,0,0,103,2026-02-04 19:17:49.737288
SMMR,25.47,25.47,25.59,,2137200.0,2043300.0,,,,0,0,0,0,0,0,0,0,0,0,0,0,0,0,0,0,0,0,0,0,0,0,103,2026-02-04 19:17:49.737288
ATMN,25.72,25.73,25.93,20250.0,1184000.0,1098700.0,20250.0,3000.0,,0,0,0,0,0,0,0,0,0,0,0,0,0,0,0,0,0,0,0,0,0,0,103,2026-02-04 19:17:49.737288
WNTR,25.94,25.91,25.94,,1905700.0,1784900.0,,20300.0,8000.0,0,0,0,0,0,0,0,0,0,0,0,0,0,0,0,0,0,0,0,0,0,0,103,2026-02-04 19:17:49.737288
SPNG,24.45,24.03,24.45,1235300.0,20250.0,2097200.0,,,,0,0,0,0,0,0,0,0,0,0,0,0,0,0,0,0,0,0,0,0,0,0,104,2026-02-04 19:17:50.790284
SMMR,25.47,25.47,25.62,2137200.0,,2054300.0,,,,0,0,0,0,0,0,0,0,0,0,0,0,0,0,0,0,0,0,0,0,0,0,104,2026-02-04 19:17:50.790284
ATMN,26.01,25.83,26.0,975400.0,24750.0,1807200.0,2250.0,6000.0,,0,0,0,0,0,0,0,0,0,0,0,0,0,0,0,0,0,0,0,0,0,0,104,2026-02-04 19:17:50.790284
WNTR,25.98,25.91,25.98,1884100.0,,1806800.0,,20300.0,8000.0,0,0,0,0,0,0,0,0,0,0,0,0,0,0,0,0,0,0,0,0,0,0,104,2026-02-04 19:17:50.790284
SPNG,24.1,23.96,24.1,2250.0,2165100.0,2109400.0,,,0,0,0,0,0,0,0,0,0,0,0,0,0,0,0,0,0,0,0,0,0,0,0,105,2026-02-04 19:17:51.862940
SMMR,25.51,25.46,25.51,,2016700.0,2048800.0,3700.0,,0,0,0,0,0,0,0,0,0,0,0,0,0,0,0,0,0,0,0,0,0,0,0,105,2026-02-04 19:17:51.862940
ATMN,25.71,25.96,26.03,,2041600.0,1871100.0,10000.0,6000.0,0,0,0,0,0,0,0,0,0,0,0,0,0,0,0,0,0,0,0,0,0,0,0,105,2026-02-04 19:17:51.862940
WNTR,25.9,25.9,25.96,,1864600.0,1805200.0,8000.0,20300.0,0,0,0,0,0,0,0,0,0,0,0,0,0,0,0,0,0,0,0,0,0,0,0,105,2026-02-04 19:17:51.862940
SPNG,24.35,23.96,24.35,6750.0,1929700.0,1913800.0,4500.0,,,0,0,0,0,0,0,0,0,0,0,0,0,0,0,0,0,0,0,0,0,0,0,106,2026-02-04 19:17:52.910251
SMMR,25.39,25.48,25.51,,1993800.0,2048800.0,,3700.0,,0,0,0,0,0,0,0,0,0,0,0,0,0,0,0,0,0,0,0,0,0,0,106,2026-02-04 19:17:52.910251
ATMN,25.97,25.55,25.8,,2050500.0,1858300.0,,10000.0,6000.0,0,0,0,0,0,0,0,0,0,0,0,0,0,0,0,0,0,0,0,0,0,0,106,2026-02-04 19:17:52.910251
WNTR,25.9,25.9,25.95,,1857700.0,1815900.0,,8000.0,20300.0,0,0,0,0,0,0,0,0,0,0,0,0,0,0,0,0,0,0,0,0,0,0,106,2026-02-04 19:17:52.910251
SPNG,24.47,23.96,24.05,9000.0,1837300.0,1950300.0,2250.0,,,0,0,0,0,0,0,0,0,0,0,0,0,0,0,0,0,0,0,0,0,0,0,107,2026-02-04 19:17:53.452178
SMMR,25.48,25.48,25.51,,1993800.0,2048800.0,,3700.0,,0,0,0,0,0,0,0,0,0,0,0,0,0,0,0,0,0,0,0,0,0,0,107,2026-02-04 19:17:53.452178
ATMN,25.55,25.56,26.03,2250.0,1943200.0,1871100.0,,10000.0,6000.0,0,0,0,0,0,0,0,0,0,0,0,0,0,0,0,0,0,0,0,0,0,0,107,2026-02-04 19:17:53.452178
WNTR,25.9,25.9,25.95,,1869200.0,1815900.0,,8000.0,20300.0,0,0,0,0,0,0,0,0,0,0,0,0,0,0,0,0,0,0,0,0,0,0,107,2026-02-04 19:17:53.452178
SPNG,24.05,23.96,24.04,15750.0,1484100.0,6750.0,1771400.0,,,0,0,0,0,0,0,0,0,0,0,0,0,0,0,0,0,0,0,0,0,0,0,108,2026-02-04 19:17:54.504748
SMMR,25.65,25.48,25.54,,1993800.0,,2031600.0,3700.0,,0,0,0,0,0,0,0,0,0,0,0,0,0,0,0,0,0,0,0,0,0,0,108,2026-02-04 19:17:54.504748
ATMN,25.81,25.75,25.81,6750.0,1876500.0,,1876100.0,,6000.0,0,0,0,0,0,0,0,0,0,0,0,0,0,0,0,0,0,0,0,0,0,0,108,2026-02-04 19:17:54.504748
WNTR,25.88,25.88,25.95,,1885400.0,,1815900.0,8000.0,20300.0,0,0,0,0,0,0,0,0,0,0,0,0,0,0,0,0,0,0,0,0,0,0,108,2026-02-04 19:17:54.504748
SPNG,24.05,24.24,24.47,2305100.0,2072700.0,,,0,0,0,0,0,0,0,0,0,0,0,0,0,0,0,0,0,0,0,0,0,0,0,0,109,2026-02-04 19:17:55.551929
SMMR,25.65,25.48,25.65,2105400.0,2026400.0,,,0,0,0,0,0,0,0,0,0,0,0,0,0,0,0,0,0,0,0,0,0,0,0,0,109,2026-02-04 19:17:55.551929
ATMN,26.06,26.06,26.07,2167800.0,1827500.0,6000.0,,0,0,0,0,0,0,0,0,0,0,0,0,0,0,0,0,0,0,0,0,0,0,0,0,109,2026-02-04 19:17:55.551929
WNTR,25.87,25.87,25.95,1878300.0,1808200.0,20300.0,8000.0,0,0,0,0,0,0,0,0,0,0,0,0,0,0,0,0,0,0,0,0,0,0,0,0,109,2026-02-04 19:17:55.551929
SPNG,24.24,23.96,24.22,2250.0,2191700.0,1934700.0,2250.0,,,0,0,0,0,0,0,0,0,0,0,0,0,0,0,0,0,0,0,0,0,0,0,110,2026-02-04 19:17:56.640036
SMMR,25.64,25.64,25.65,,2097900.0,2053400.0,,,,0,0,0,0,0,0,0,0,0,0,0,0,0,0,0,0,0,0,0,0,0,0,110,2026-02-04 19:17:56.640036
ATMN,25.58,25.58,26.04,,2065300.0,1833100.0,,10000.0,6000.0,0,0,0,0,0,0,0,0,0,0,0,0,0,0,0,0,0,0,0,0,0,0,110,2026-02-04 19:17:56.640036
WNTR,26.01,25.87,26.01,,1878300.0,1792700.0,,8000.0,20300.0,0,0,0,0,0,0,0,0,0,0,0,0,0,0,0,0,0,0,0,0,0,0,110,2026-02-04 19:17:56.640036
SPNG,24.21,23.96,24.21,6750.0,1948800.0,1814200.0,4500.0,,,0,0,0,0,0,0,0,0,0,0,0,0,0,0,0,0,0,0,0,0,0,0,111,2026-02-04 19:17:57.722676
SMMR,25.66,25.64,25.66,,2067700.0,2084600.0,,,,0,0,0,0,0,0,0,0,0,0,0,0,0,0,0,0,0,0,0,0,0,0,111,2026-02-04 19:17:57.722676
ATMN,26.16,25.59,26.16,4500.0,1948600.0,1849300.0,,6000.0,,0,0,0,0,0,0,0,0,0,0,0,0,0,0,0,0,0,0,0,0,0,0,111,2026-02-04 19:17:57.722676
WNTR,26.01,25.85,26.01,,1883200.0,1792700.0,,20300.0,8000.0,0,0,0,0,0,0,0,0,0,0,0,0,0,0,0,0,0,0,0,0,0,0,111,2026-02-04 19:17:57.722676
SPNG,24.01,24.01,24.2,1820900.0,9000.0,1652500.0,9000.0,,,0,0,0,0,0,0,0,0,0,0,0,0,0,0,0,0,0,0,0,0,0,0,112,2026-02-04 19:17:58.777624
SMMR,25.55,25.48,25.54,2105400.0,,2087300.0,,,,0,0,0,0,0,0,0,0,0,0,0,0,0,0,0,0,0,0,0,0,0,0,112,2026-02-04 19:17:58.777624
ATMN,25.64,25.64,26.14,1859600.0,6750.0,1656800.0,4500.0,6000.0,,0,0,0,0,0,0,0,0,0,0,0,0,0,0,0,0,0,0,0,0,0,0,112,2026-02-04 19:17:58.777624
WNTR,25.85,26.0,26.01,1867400.0,,1792700.0,,20300.0,8000.0,0,0,0,0,0,0,0,0,0,0,0,0,0,0,0,0,0,0,0,0,0,0,112,2026-02-04 19:17:58.777624
SPNG,24.01,24.01,24.19,1598700.0,13500.0,13500.0,1423200.0,,,0,0,0,0,0,0,0,0,0,0,0,0,0,0,0,0,0,0,0,0,0,0,113,2026-02-04 19:17:59.837870
SMMR,25.51,25.48,25.51,2110500.0,,,2118900.0,,,0,0,0,0,0,0,0,0,0,0,0,0,0,0,0,0,0,0,0,0,0,0,113,2026-02-04 19:17:59.837870
ATMN,25.64,25.76,26.13,1627600.0,11250.0,9000.0,1457000.0,6000.0,,0,0,0,0,0,0,0,0,0,0,0,0,0,0,0,0,0,0,0,0,0,0,113,2026-02-04 19:17:59.837870
WNTR,25.8,25.84,26.01,2032800.0,,,1801300.0,20300.0,4700.0,0,0,0,0,0,0,0,0,0,0,0,0,0,0,0,0,0,0,0,0,0,0,113,2026-02-04 19:17:59.837870
SPNG,24.01,24.01,24.19,1375000.0,18000.0,18000.0,1222000.0,,,0,0,0,0,0,0,0,0,0,0,0,0,0,0,0,0,0,0,0,0,0,0,114,2026-02-04 19:18:00.898309
SMMR,25.48,25.48,25.67,2110500.0,,,2085800.0,,,0,0,0,0,0,0,0,0,0,0,0,0,0,0,0,0,0,0,0,0,0,0,114,2026-02-04 19:18:00.898309
ATMN,25.74,25.85,26.13,1448500.0,15750.0,11250.0,1371000.0,6000.0,,0,0,0,0,0,0,0,0,0,0,0,0,0,0,0,0,0,0,0,0,0,0,114,2026-02-04 19:18:00.898309
WNTR,25.84,25.84,26.01,2032800.0,,,1792100.0,20300.0,4700.0,0,0,0,0,0,0,0,0,0,0,0,0,0,0,0,0,0,0,0,0,0,0,114,2026-02-04 19:18:00.898309
SPNG,23.95,23.95,24.19,2289600.0,22500.0,1012700.0,,,,0,0,0,0,0,0,0,0,0,0,0,0,0,0,0,0,0,0,0,0,0,0,115,2026-02-04 19:18:01.944531
SMMR,25.67,25.53,25.67,2065200.0,,2117800.0,,,,0,0,0,0,0,0,0,0,0,0,0,0,0,0,0,0,0,0,0,0,0,0,115,2026-02-04 19:18:01.944531
ATMN,25.64,25.64,26.13,1762500.0,15750.0,1279600.0,9000.0,3000.0,,0,0,0,0,0,0,0,0,0,0,0,0,0,0,0,0,0,0,0,0,0,0,115,2026-02-04 19:18:01.944531
WNTR,25.84,25.84,26.01,2032800.0,,1819200.0,,20300.0,4700.0,0,0,0,0,0,0,0,0,0,0,0,0,0,0,0,0,0,0,0,0,0,0,115,2026-02-04 19:18:01.944531
SPNG,23.93,23.93,24.2,2285900.0,2063400.0,,,0,0,0,0,0,0,0,0,0,0,0,0,0,0,0,0,0,0,0,0,0,0,0,0,116,2026-02-04 19:18:02.498787
SMMR,25.53,25.49,25.52,2084400.0,2125900.0,,,0,0,0,0,0,0,0,0,0,0,0,0,0,0,0,0,0,0,0,0,0,0,0,0,116,2026-02-04 19:18:02.498787
ATMN,26.14,25.58,26.14,2163800.0,1828600.0,6000.0,,0,0,0,0,0,0,0,0,0,0,0,0,0,0,0,0,0,0,0,0,0,0,0,0,116,2026-02-04 19:18:02.498787
WNTR,25.79,25.9,26.01,2026600.0,1819200.0,20300.0,4700.0,0,0,0,0,0,0,0,0,0,0,0,0,0,0,0,0,0,0,0,0,0,0,0,0,116,2026-02-04 19:18:02.498787
SPNG,23.89,23.89,24.19,2287800.0,2250.0,1930900.0,,,0,0,0,0,0,0,0,0,0,0,0,0,0,0,0,0,0,0,0,0,0,0,0,117,2026-02-04 19:18:03.575473
SMMR,25.48,25.48,25.53,2110500.0,,2088200.0,,,0,0,0,0,0,0,0,0,0,0,0,0,0,0,0,0,0,0,0,0,0,0,0,117,2026-02-04 19:18:03.575473
ATMN,25.56,25.56,25.78,2201500.0,,1855700.0,6000.0,,0,0,0,0,0,0,0,0,0,0,0,0,0,0,0,0,0,0,0,0,0,0,0,117,2026-02-04 19:18:03.575473
WNTR,25.78,25.78,25.8,2031900.0,,1832700.0,20300.0,4700.0,0,0,0,0,0,0,0,0,0,0,0,0,0,0,0,0,0,0,0,0,0,0,0,117,2026-02-04 19:18:03.575473
SPNG,24.2,23.89,24.2,2287800.0,2057600.0,,,0,0,0,0,0,0,0,0,0,0,0,0,0,0,0,0,0,0,0,0,0,0,0,0,118,2026-02-04 19:18:04.657752
SMMR,25.55,25.5,25.55,2106300.0,2121800.0,,,0,0,0,0,0,0,0,0,0,0,0,0,0,0,0,0,0,0,0,0,0,0,0,0,118,2026-02-04 19:18:04.657752
ATMN,26.16,25.52,26.16,2143200.0,1822800.0,6000.0,,0,0,0,0,0,0,0,0,0,0,0,0,0,0,0,0,0,0,0,0,0,0,0,0,118,2026-02-04 19:18:04.657752
WNTR,26.01,25.78,26.01,2031900.0,1819200.0,20300.0,4700.0,0,0,0,0,0,0,0,0,0,0,0,0,0,0,0,0,0,0,0,0,0,0,0,0,118,2026-02-04 19:18:04.657752
SPNG,23.78,23.78,24.22,2275400.0,2077100.0,,,0,0,0,0,0,0,0,0,0,0,0,0,0,0,0,0,0,0,0,0,0,0,0,0,119,2026-02-04 19:18:05.707363
SMMR,25.55,25.57,25.67,2088800.0,2095400.0,,,0,0,0,0,0,0,0,0,0,0,0,0,0,0,0,0,0,0,0,0,0,0,0,0,119,2026-02-04 19:18:05.707363
ATMN,25.52,25.52,25.6,2143200.0,1873700.0,6000.0,,0,0,0,0,0,0,0,0,0,0,0,0,0,0,0,0,0,0,0,0,0,0,0,0,119,2026-02-04 19:18:05.707363
WNTR,25.78,25.78,26.01,1956600.0,1797200.0,20300.0,12000.0,0,0,0,0,0,0,0,0,0,0,0,0,0,0,0,0,0,0,0,0,0,0,0,0,119,2026-02-04 19:18:05.707363
SPNG,25.77,25.37,25.48,709700.0,657700.0,,0,0,0,0,0,0,0,0,0,0,0,0,0,0,0,0,0,0,0,0,0,0,0,0,0,120,2026-02-04 19:18:06.750701
SMMR,25.5,24.92,0.0,200000.0,,3700.0,0,0,0,0,0,0,0,0,0,0,0,0,0,0,0,0,0,0,0,0,0,0,0,0,0,120,2026-02-04 19:18:06.750701
ATMN,26.46,26.84,0.0,200000.0,,10000.0,0,0,0,0,0,0,0,0,0,0,0,0,0,0,0,0,0,0,0,0,0,0,0,0,0,120,2026-02-04 19:18:06.750701
WNTR,26.14,27.12,0.0,200000.0,,12000.0,0,0,0,0,0,0,0,0,0,0,0,0,0,0,0,0,0,0,0,0,0,0,0,0,0,120,2026-02-04 19:18:06.750701
SPNG,25.48,25.71,27.61,1172100.0,792200.0,,,0,0,0,0,0,0,0,0,0,0,0,0,0,0,0,0,0,0,0,0,0,0,0,0,121,2026-02-04 19:18:07.787747
SMMR,24.92,24.3,24.52,898300.0,1126100.0,,,0,0,0,0,0,0,0,0,0,0,0,0,0,0,0,0,0,0,0,0,0,0,0,0,121,2026-02-04 19:18:07.787747
ATMN,26.75,26.75,27.08,834600.0,713700.0,10000.0,,0,0,0,0,0,0,0,0,0,0,0,0,0,0,0,0,0,0,0,0,0,0,0,0,121,2026-02-04 19:18:07.787747
WNTR,27.12,27.12,27.36,839000.0,878700.0,15000.0,3000.0,0,0,0,0,0,0,0,0,0,0,0,0,0,0,0,0,0,0,0,0,0,0,0,0,121,2026-02-04 19:18:07.787747
SPNG,25.37,25.37,25.71,1087300.0,962300.0,3000.0,,0,0,0,0,0,0,0,0,0,0,0,0,0,0,0,0,0,0,0,0,0,0,0,0,122,2026-02-04 19:18:08.853930
SMMR,24.37,24.34,24.37,919400.0,1240600.0,3000.0,6000.0,0,0,0,0,0,0,0,0,0,0,0,0,0,0,0,0,0,0,0,0,0,0,0,0,122,2026-02-04 19:18:08.853930
ATMN,26.68,26.5,26.68,854300.0,940100.0,3000.0,10000.0,0,0,0,0,0,0,0,0,0,0,0,0,0,0,0,0,0,0,0,0,0,0,0,0,122,2026-02-04 19:18:08.853930
WNTR,27.07,27.07,27.29,939400.0,975000.0,6000.0,15000.0,0,0,0,0,0,0,0,0,0,0,0,0,0,0,0,0,0,0,0,0,0,0,0,0,122,2026-02-04 19:18:08.853930
SPNG,25.71,25.92,26.27,1303300.0,3000.0,970200.0,3000.0,0,0,0,0,0,0,0,0,0,0,0,0,0,0,0,0,0,0,0,0,0,0,0,0,123,2026-02-04 19:18:09.894739
SMMR,24.23,24.23,24.37,887900.0,,1240600.0,3400.0,0,0,0,0,0,0,0,0,0,0,0,0,0,0,0,0,0,0,0,0,0,0,0,0,123,2026-02-04 19:18:09.894739
ATMN,26.68,26.75,26.99,1160100.0,13000.0,820300.0,3000.0,0,0,0,0,0,0,0,0,0,0,0,0,0,0,0,0,0,0,0,0,0,0,0,0,123,2026-02-04 19:18:09.894739
WNTR,27.07,27.07,27.18,1044500.0,23000.0,1157500.0,8000.0,0,0,0,0,0,0,0,0,0,0,0,0,0,0,0,0,0,0,0,0,0,0,0,0,123,2026-02-04 19:18:09.894739
SPNG,24.74,25.95,25.99,1234000.0,2250.0,1055200.0,4500.0,3000.0,,0,0,0,0,0,0,0,0,0,0,0,0,0,0,0,0,0,0,0,0,0,0,124,2026-02-04 19:18:10.944532
SMMR,24.48,24.25,24.46,989200.0,,1216900.0,,13000.0,,0,0,0,0,0,0,0,0,0,0,0,0,0,0,0,0,0,0,0,0,0,0,124,2026-02-04 19:18:10.944532
ATMN,26.9,26.75,26.8,1384900.0,2250.0,922800.0,2250.0,3000.0,13000.0,0,0,0,0,0,0,0,0,0,0,0,0,0,0,0,0,0,0,0,0,0,0,124,2026-02-04 19:18:10.944532
WNTR,27.04,27.04,27.18,1050500.0,,1257400.0,,13000.0,12400.0,0,0,0,0,0,0,0,0,0,0,0,0,0,0,0,0,0,0,0,0,0,0,124,2026-02-04 19:18:10.944532
SPNG,25.95,25.95,25.99,1234000.0,2250.0,1358500.0,6750.0,3000.0,,0,0,0,0,0,0,0,0,0,0,0,0,0,0,0,0,0,0,0,0,0,0,125,2026-02-04 19:18:11.990067
SMMR,24.25,24.38,24.45,1083600.0,,1344300.0,,13000.0,,0,0,0,0,0,0,0,0,0,0,0,0,0,0,0,0,0,0,0,0,0,0,125,2026-02-04 19:18:11.990067
ATMN,26.9,26.75,26.78,1384900.0,6750.0,1215000.0,6750.0,5600.0,13000.0,0,0,0,0,0,0,0,0,0,0,0,0,0,0,0,0,0,0,0,0,0,0,125,2026-02-04 19:18:11.990067
WNTR,27.04,27.04,27.08,1160800.0,,1430600.0,,13000.0,12400.0,0,0,0,0,0,0,0,0,0,0,0,0,0,0,0,0,0,0,0,0,0,0,125,2026-02-04 19:18:11.990067
SPNG,25.95,25.49,25.81,1199000.0,4500.0,1367700.0,9000.0,3000.0,,0,0,0,0,0,0,0,0,0,0,0,0,0,0,0,0,0,0,0,0,0,0,126,2026-02-04 19:18:12.524327
SMMR,24.38,24.25,24.32,1087200.0,,1473800.0,,13000.0,,0,0,0,0,0,0,0,0,0,0,0,0,0,0,0,0,0,0,0,0,0,0,126,2026-02-04 19:18:12.524327
ATMN,26.72,26.72,26.78,1300000.0,2250.0,1333000.0,9000.0,5600.0,13000.0,0,0,0,0,0,0,0,0,0,0,0,0,0,0,0,0,0,0,0,0,0,0,126,2026-02-04 19:18:12.524327
WNTR,27.18,27.03,27.18,1070000.0,,1435600.0,,13000.0,12000.0,0,0,0,0,0,0,0,0,0,0,0,0,0,0,0,0,0,0,0,0,0,0,126,2026-02-04 19:18:12.524327
SPNG,25.95,25.67,25.81,1618900.0,9000.0,1198200.0,13500.0,3000.0,,0,0,0,0,0,0,0,0,0,0,0,0,0,0,0,0,0,0,0,0,0,0,127,2026-02-04 19:18:13.589021
SMMR,24.23,24.23,24.45,985900.0,,1344300.0,,13000.0,,0,0,0,0,0,0,0,0,0,0,0,0,0,0,0,0,0,0,0,0,0,0,127,2026-02-04 19:18:13.589021
ATMN,26.72,26.73,26.74,1570600.0,4500.0,1269900.0,11250.0,5600.0,13000.0,0,0,0,0,0,0,0,0,0,0,0,0,0,0,0,0,0,0,0,0,0,0,127,2026-02-04 19:18:13.589021
WNTR,27.18,27.2,27.22,1392800.0,,1352200.0,,8000.0,12000.0,0,0,0,0,0,0,0,0,0,0,0,0,0,0,0,0,0,0,0,0,0,0,127,2026-02-04 19:18:13.589021
SPNG,25.99,25.92,25.98,1588200.0,13500.0,11250.0,1293500.0,3000.0,,0,0,0,0,0,0,0,0,0,0,0,0,0,0,0,0,0,0,0,0,0,0,128,2026-02-04 19:18:14.628022
SMMR,24.23,24.23,24.45,985900.0,,,1344300.0,13000.0,,0,0,0,0,0,0,0,0,0,0,0,0,0,0,0,0,0,0,0,0,0,0,128,2026-02-04 19:18:14.628022
ATMN,26.78,26.66,26.73,1455800.0,,13500.0,1203000.0,5600.0,13000.0,0,0,0,0,0,0,0,0,0,0,0,0,0,0,0,0,0,0,0,0,0,0,128,2026-02-04 19:18:14.628022
WNTR,27.2,27.2,27.22,1496100.0,,,1436000.0,8000.0,17400.0,0,0,0,0,0,0,0,0,0,0,0,0,0,0,0,0,0,0,0,0,0,0,128,2026-02-04 19:18:14.628022
SPNG,25.49,25.49,25.98,1524100.0,9000.0,15750.0,1100800.0,3000.0,,0,0,0,0,0,0,0,0,0,0,0,0,0,0,0,0,0,0,0,0,0,0,129,2026-02-04 19:18:15.699784
SMMR,24.23,24.29,24.45,1097700.0,,,1564100.0,13000.0,,0,0,0,0,0,0,0,0,0,0,0,0,0,0,0,0,0,0,0,0,0,0,129,2026-02-04 19:18:15.699784
ATMN,26.5,26.5,26.73,1345800.0,,18000.0,1020600.0,5600.0,13000.0,0,0,0,0,0,0,0,0,0,0,0,0,0,0,0,0,0,0,0,0,0,0,129,2026-02-04 19:18:15.699784
WNTR,27.07,27.07,27.1,1289500.0,,,1585800.0,8000.0,12000.0,0,0,0,0,0,0,0,0,0,0,0,0,0,0,0,0,0,0,0,0,0,0,129,2026-02-04 19:18:15.699784
SPNG,25.99,25.52,25.99,1611400.0,13500.0,1474100.0,6750.0,3000.0,,0,0,0,0,0,0,0,0,0,0,0,0,0,0,0,0,0,0,0,0,0,0,130,2026-02-04 19:18:16.745014
SMMR,24.33,24.33,24.45,1290400.0,,1564100.0,,13000.0,,0,0,0,0,0,0,0,0,0,0,0,0,0,0,0,0,0,0,0,0,0,0,130,2026-02-04 19:18:16.745014
ATMN,26.79,26.5,26.79,1586700.0,,1446800.0,6750.0,5600.0,13000.0,0,0,0,0,0,0,0,0,0,0,0,0,0,0,0,0,0,0,0,0,0,0,130,2026-02-04 19:18:16.745014
WNTR,27.01,27.03,27.1,1278600.0,,1506500.0,,13400.0,12000.0,0,0,0,0,0,0,0,0,0,0,0,0,0,0,0,0,0,0,0,0,0,0,130,2026-02-04 19:18:16.745014
SPNG,25.99,26.0,26.04,1333200.0,18000.0,1402800.0,9000.0,3000.0,,0,0,0,0,0,0,0,0,0,0,0,0,0,0,0,0,0,0,0,0,0,0,131,2026-02-04 19:18:17.781990
SMMR,24.45,24.29,24.45,1196700.0,,1532300.0,,13000.0,,0,0,0,0,0,0,0,0,0,0,0,0,0,0,0,0,0,0,0,0,0,0,131,2026-02-04 19:18:17.781990
ATMN,26.91,26.61,26.91,1685400.0,4500.0,1132000.0,2250.0,3000.0,13000.0,0,0,0,0,0,0,0,0,0,0,0,0,0,0,0,0,0,0,0,0,0,0,131,2026-02-04 19:18:17.781990
WNTR,27.01,27.03,27.1,1461100.0,,1522700.0,,13400.0,14600.0,0,0,0,0,0,0,0,0,0,0,0,0,0,0,0,0,0,0,0,0,0,0,131,2026-02-04 19:18:17.781990
SPNG,26.04,25.53,26.04,20250.0,1218100.0,1310400.0,11250.0,3000.0,,0,0,0,0,0,0,0,0,0,0,0,0,0,0,0,0,0,0,0,0,0,0,132,2026-02-04 19:18:18.816857
SMMR,24.23,24.23,24.45,,1104600.0,1640900.0,,13000.0,,0,0,0,0,0,0,0,0,0,0,0,0,0,0,0,0,0,0,0,0,0,0,132,2026-02-04 19:18:18.816857
ATMN,26.5,26.52,26.91,4500.0,1812400.0,1233600.0,,3000.0,13000.0,0,0,0,0,0,0,0,0,0,0,0,0,0,0,0,0,0,0,0,0,0,0,132,2026-02-04 19:18:18.816857
WNTR,27.1,27.09,27.1,,1651900.0,1506700.0,,13400.0,14600.0,0,0,0,0,0,0,0,0,0,0,0,0,0,0,0,0,0,0,0,0,0,0,132,2026-02-04 19:18:18.816857
SPNG,25.74,25.74,25.8,1084200.0,22500.0,1664000.0,2250.0,3000.0,,0,0,0,0,0,0,0,0,0,0,0,0,0,0,0,0,0,0,0,0,0,0,133,2026-02-04 19:18:19.848179
SMMR,24.47,24.23,24.33,1211100.0,,1526900.0,,3000.0,,0,0,0,0,0,0,0,0,0,0,0,0,0,0,0,0,0,0,0,0,0,0,133,2026-02-04 19:18:19.848179
ATMN,26.87,26.52,26.87,1663200.0,6750.0,1352800.0,,3000.0,13000.0,0,0,0,0,0,0,0,0,0,0,0,0,0,0,0,0,0,0,0,0,0,0,133,2026-02-04 19:18:19.848179
WNTR,27.09,27.09,27.12,1553300.0,,1586000.0,,8000.0,29100.0,0,0,0,0,0,0,0,0,0,0,0,0,0,0,0,0,0,0,0,0,0,0,133,2026-02-04 19:18:19.848179
SPNG,26.04,25.75,26.04,22500.0,1050400.0,1735800.0,3000.0,,0,0,0,0,0,0,0,0,0,0,0,0,0,0,0,0,0,0,0,0,0,0,0,134,2026-02-04 19:18:20.878926
SMMR,24.15,24.15,24.47,,1109300.0,1436900.0,3000.0,,0,0,0,0,0,0,0,0,0,0,0,0,0,0,0,0,0,0,0,0,0,0,0,134,2026-02-04 19:18:20.878926
ATMN,26.96,26.52,26.69,11250.0,1404600.0,1222800.0,3000.0,13000.0,0,0,0,0,0,0,0,0,0,0,0,0,0,0,0,0,0,0,0,0,0,0,0,134,2026-02-04 19:18:20.878926
WNTR,27.05,27.05,27.12,,1672300.0,1607400.0,8000.0,14600.0,0,0,0,0,0,0,0,0,0,0,0,0,0,0,0,0,0,0,0,0,0,0,0,134,2026-02-04 19:18:20.878926
SPNG,25.69,25.75,26.04,20250.0,1141500.0,1734300.0,3000.0,,0,0,0,0,0,0,0,0,0,0,0,0,0,0,0,0,0,0,0,0,0,0,0,135,2026-02-04 19:18:21.917552
SMMR,24.15,24.15,24.41,,1109300.0,1551000.0,8000.0,,0,0,0,0,0,0,0,0,0,0,0,0,0,0,0,0,0,0,0,0,0,0,0,135,2026-02-04 19:18:21.917552
ATMN,26.96,26.52,26.96,15750.0,1145600.0,1134300.0,3000.0,13000.0,0,0,0,0,0,0,0,0,0,0,0,0,0,0,0,0,0,0,0,0,0,0,0,135,2026-02-04 19:18:21.917552
WNTR,27.12,27.07,27.12,,1666700.0,1519000.0,18000.0,15000.0,0,0,0,0,0,0,0,0,0,0,0,0,0,0,0,0,0,0,0,0,0,0,0,135,2026-02-04 19:18:21.917552
SPNG,25.65,25.71,25.89,1294100.0,18000.0,1603800.0,4500.0,3000.0,,0,0,0,0,0,0,0,0,0,0,0,0,0,0,0,0,0,0,0,0,0,0,136,2026-02-04 19:18:22.959832
SMMR,24.41,24.09,24.41,1116900.0,,1551000.0,,8000.0,,0,0,0,0,0,0,0,0,0,0,0,0,0,0,0,0,0,0,0,0,0,0,136,2026-02-04 19:18:22.959832
ATMN,26.99,26.73,26.99,1221200.0,15750.0,1231500.0,,3000.0,3000.0,0,0,0,0,0,0,0,0,0,0,0,0,0,0,0,0,0,0,0,0,0,0,136,2026-02-04 19:18:22.959832
WNTR,27.01,27.01,27.12,1767100.0,,1591200.0,,8000.0,12000.0,0,0,0,0,0,0,0,0,0,0,0,0,0,0,0,0,0,0,0,0,0,0,136,2026-02-04 19:18:22.959832
SPNG,25.89,25.71,25.88,1271700.0,18000.0,6750.0,1523300.0,3000.0,,0,0,0,0,0,0,0,0,0,0,0,0,0,0,0,0,0,0,0,0,0,0,137,2026-02-04 19:18:23.998655
SMMR,24.28,24.09,24.15,1116900.0,,,1870100.0,8000.0,,0,0,0,0,0,0,0,0,0,0,0,0,0,0,0,0,0,0,0,0,0,0,137,2026-02-04 19:18:23.998655
ATMN,26.99,26.73,26.74,1133200.0,18000.0,,1327100.0,3000.0,3000.0,0,0,0,0,0,0,0,0,0,0,0,0,0,0,0,0,0,0,0,0,0,0,137,2026-02-04 19:18:23.998655
WNTR,27.01,27.01,27.05,1672400.0,,,1509900.0,11000.0,22000.0,0,0,0,0,0,0,0,0,0,0,0,0,0,0,0,0,0,0,0,0,0,0,137,2026-02-04 19:18:23.998655
SPNG,26.07,25.71,25.92,1034400.0,22500.0,1710400.0,2250.0,3000.0,,0,0,0,0,0,0,0,0,0,0,0,0,0,0,0,0,0,0,0,0,0,0,138,2026-02-04 19:18:25.040181
SMMR,24.28,24.09,24.27,1116900.0,,1978100.0,,8000.0,,0,0,0,0,0,0,0,0,0,0,0,0,0,0,0,0,0,0,0,0,0,0,138,2026-02-04 19:18:25.040181
ATMN,27.04,26.99,27.04,1143200.0,18000.0,1124900.0,,3000.0,3000.0,0,0,0,0,0,0,0,0,0,0,0,0,0,0,0,0,0,0,0,0,0,0,138,2026-02-04 19:18:25.040181
WNTR,27.05,27.01,27.05,1672400.0,,1508800.0,,11000.0,22000.0,0,0,0,0,0,0,0,0,0,0,0,0,0,0,0,0,0,0,0,0,0,0,138,2026-02-04 19:18:25.040181
SPNG,25.71,25.71,25.91,805500.0,27000.0,6750.0,1523800.0,3000.0,,0,0,0,0,0,0,0,0,0,0,0,0,0,0,0,0,0,0,0,0,0,0,139,2026-02-04 19:18:26.072705
SMMR,24.3,24.34,24.4,1226400.0,,,1751900.0,8000.0,1000.0,0,0,0,0,0,0,0,0,0,0,0,0,0,0,0,0,0,0,0,0,0,0,139,2026-02-04 19:18:26.072705
ATMN,26.94,26.94,27.04,1241200.0,15750.0,,1229800.0,3000.0,3000.0,0,0,0,0,0,0,0,0,0,0,0,0,0,0,0,0,0,0,0,0,0,0,139,2026-02-04 19:18:26.072705
WNTR,27.14,26.99,27.14,1571000.0,,,1520300.0,18000.0,14000.0,0,0,0,0,0,0,0,0,0,0,0,0,0,0,0,0,0,0,0,0,0,0,139,2026-02-04 19:18:26.072705
SPNG,25.92,25.71,25.91,805500.0,27000.0,6750.0,1549400.0,3000.0,,0,0,0,0,0,0,0,0,0,0,0,0,0,0,0,0,0,0,0,0,0,0,140,2026-02-04 19:18:27.106515
SMMR,24.05,24.11,24.4,1227100.0,,,1751900.0,8000.0,,0,0,0,0,0,0,0,0,0,0,0,0,0,0,0,0,0,0,0,0,0,0,140,2026-02-04 19:18:27.106515
ATMN,27.07,26.68,27.07,1234000.0,15750.0,,1128200.0,3000.0,3000.0,0,0,0,0,0,0,0,0,0,0,0,0,0,0,0,0,0,0,0,0,0,0,140,2026-02-04 19:18:27.106515
WNTR,26.99,26.98,26.99,1484700.0,,,1433800.0,19000.0,12000.0,0,0,0,0,0,0,0,0,0,0,0,0,0,0,0,0,0,0,0,0,0,0,140,2026-02-04 19:18:27.106515
SPNG,25.65,25.65,25.92,1022300.0,22500.0,1846400.0,3000.0,,0,0,0,0,0,0,0,0,0,0,0,0,0,0,0,0,0,0,0,0,0,0,0,141,2026-02-04 19:18:27.646481
SMMR,24.05,24.23,24.24,1318900.0,,1842200.0,8000.0,,0,0,0,0,0,0,0,0,0,0,0,0,0,0,0,0,0,0,0,0,0,0,0,141,2026-02-04 19:18:27.646481
ATMN,27.08,26.68,27.08,1253700.0,15750.0,1023300.0,3000.0,3000.0,0,0,0,0,0,0,0,0,0,0,0,0,0,0,0,0,0,0,0,0,0,0,0,141,2026-02-04 19:18:27.646481
WNTR,26.99,27.01,27.04,1593300.0,,1447600.0,19000.0,12000.0,0,0,0,0,0,0,0,0,0,0,0,0,0,0,0,0,0,0,0,0,0,0,0,141,2026-02-04 19:18:27.646481
SPNG,25.59,25.63,25.92,6750.0,1836100.0,1846400.0,3000.0,,0,0,0,0,0,0,0,0,0,0,0,0,0,0,0,0,0,0,0,0,0,0,0,142,2026-02-04 19:18:28.702648
SMMR,24.35,24.23,24.35,,1448100.0,1841700.0,8000.0,,0,0,0,0,0,0,0,0,0,0,0,0,0,0,0,0,0,0,0,0,0,0,0,142,2026-02-04 19:18:28.702648
ATMN,27.08,26.96,27.08,18000.0,1148000.0,1208700.0,3000.0,3000.0,0,0,0,0,0,0,0,0,0,0,0,0,0,0,0,0,0,0,0,0,0,0,0,142,2026-02-04 19:18:28.702648
WNTR,27.01,26.98,27.01,,1484700.0,1391800.0,21000.0,12000.0,0,0,0,0,0,0,0,0,0,0,0,0,0,0,0,0,0,0,0,0,0,0,0,142,2026-02-04 19:18:28.702648
SPNG,25.77,25.89,25.92,11250.0,1581000.0,1656300.0,4500.0,3000.0,,0,0,0,0,0,0,0,0,0,0,0,0,0,0,0,0,0,0,0,0,0,0,143,2026-02-04 19:18:29.774326
SMMR,24.35,24.23,24.32,,1650400.0,1957900.0,,8000.0,,0,0,0,0,0,0,0,0,0,0,0,0,0,0,0,0,0,0,0,0,0,0,143,2026-02-04 19:18:29.774326
ATMN,27.08,26.96,27.08,20250.0,1028000.0,1465400.0,4500.0,3000.0,3000.0,0,0,0,0,0,0,0,0,0,0,0,0,0,0,0,0,0,0,0,0,0,0,143,2026-02-04 19:18:29.774326
WNTR,27.08,27.01,27.08,,1596100.0,1426400.0,,19000.0,12000.0,0,0,0,0,0,0,0,0,0,0,0,0,0,0,0,0,0,0,0,0,0,0,143,2026-02-04 19:18:29.774326
SPNG,26.11,25.89,25.93,13500.0,1441500.0,1768800.0,2250.0,3000.0,,0,0,0,0,0,0,0,0,0,0,0,0,0,0,0,0,0,0,0,0,0,0,144,2026-02-04 19:18:30.823737
SMMR,24.35,24.33,24.35,,1999500.0,1841700.0,,8000.0,,0,0,0,0,0,0,0,0,0,0,0,0,0,0,0,0,0,0,0,0,0,0,144,2026-02-04 19:18:30.823737
ATMN,26.68,26.68,27.02,15750.0,1259400.0,1455600.0,9000.0,3000.0,3000.0,0,0,0,0,0,0,0,0,0,0,0,0,0,0,0,0,0,0,0,0,0,0,144,2026-02-04 19:18:30.823737
WNTR,27.14,27.01,27.14,,1596100.0,1398900.0,,19000.0,14000.0,0,0,0,0,0,0,0,0,0,0,0,0,0,0,0,0,0,0,0,0,0,0,144,2026-02-04 19:18:30.823737
SPNG,25.6,25.6,25.92,11250.0,1581000.0,4500.0,1694700.0,3000.0,,0,0,0,0,0,0,0,0,0,0,0,0,0,0,0,0,0,0,0,0,0,0,145,2026-02-04 19:18:31.886537
SMMR,24.4,24.33,24.4,,1999500.0,,1847900.0,8000.0,,0,0,0,0,0,0,0,0,0,0,0,0,0,0,0,0,0,0,0,0,0,0,145,2026-02-04 19:18:31.886537
ATMN,26.62,26.62,27.01,15750.0,1255300.0,11250.0,1372900.0,3000.0,3000.0,0,0,0,0,0,0,0,0,0,0,0,0,0,0,0,0,0,0,0,0,0,0,145,2026-02-04 19:18:31.886537
WNTR,27.14,26.98,27.14,,1484700.0,,1423300.0,19000.0,12000.0,0,0,0,0,0,0,0,0,0,0,0,0,0,0,0,0,0,0,0,0,0,0,145,2026-02-04 19:18:31.886537
SPNG,25.93,25.95,26.11,2215700.0,1771500.0,2250.0,3000.0,,,0,0,0,0,0,0,0,0,0,0,0,0,0,0,0,0,0,0,0,0,0,0,146,2026-02-04 19:18:32.936803
SMMR,24.22,24.22,24.4,1901900.0,1946300.0,,8000.0,,,0,0,0,0,0,0,0,0,0,0,0,0,0,0,0,0,0,0,0,0,0,0,146,2026-02-04 19:18:32.936803
ATMN,26.82,26.73,26.82,1241000.0,1415700.0,11250.0,3000.0,15750.0,3000.0,0,0,0,0,0,0,0,0,0,0,0,0,0,0,0,0,0,0,0,0,0,0,146,2026-02-04 19:18:32.936803
WNTR,26.97,26.97,27.12,1448300.0,1410600.0,,18000.0,,12000.0,0,0,0,0,0,0,0,0,0,0,0,0,0,0,0,0,0,0,0,0,0,0,146,2026-02-04 19:18:32.936803
SPNG,25.5,25.74,26.11,2217900.0,1769200.0,2250.0,3000.0,,,0,0,0,0,0,0,0,0,0,0,0,0,0,0,0,0,0,0,0,0,0,0,147,2026-02-04 19:18:33.989773
SMMR,24.34,24.2,24.34,1790600.0,1990300.0,,8000.0,,,0,0,0,0,0,0,0,0,0,0,0,0,0,0,0,0,0,0,0,0,0,0,147,2026-02-04 19:18:33.989773
ATMN,26.73,26.62,26.73,1230000.0,1420400.0,11250.0,3000.0,15750.0,3000.0,0,0,0,0,0,0,0,0,0,0,0,0,0,0,0,0,0,0,0,0,0,0,147,2026-02-04 19:18:33.989773
WNTR,26.97,26.97,27.11,1545600.0,1413900.0,,18000.0,,12000.0,0,0,0,0,0,0,0,0,0,0,0,0,0,0,0,0,0,0,0,0,0,0,147,2026-02-04 19:18:33.989773
SPNG,25.5,25.74,25.75,2190100.0,1863300.0,2250.0,,,,0,0,0,0,0,0,0,0,0,0,0,0,0,0,0,0,0,0,0,0,0,0,148,2026-02-04 19:18:35.041076
SMMR,24.17,24.17,24.34,1669100.0,1990300.0,,8000.0,,,0,0,0,0,0,0,0,0,0,0,0,0,0,0,0,0,0,0,0,0,0,0,148,2026-02-04 19:18:35.041076
ATMN,26.73,26.77,26.82,1218500.0,1415700.0,11250.0,3000.0,15750.0,3000.0,0,0,0,0,0,0,0,0,0,0,0,0,0,0,0,0,0,0,0,0,0,0,148,2026-02-04 19:18:35.041076
WNTR,27.12,26.97,27.12,1734800.0,1415900.0,,18000.0,,12000.0,0,0,0,0,0,0,0,0,0,0,0,0,0,0,0,0,0,0,0,0,0,0,148,2026-02-04 19:18:35.041076
SPNG,25.7,25.7,25.74,2202000.0,1892400.0,2250.0,,,,0,0,0,0,0,0,0,0,0,0,0,0,0,0,0,0,0,0,0,0,0,0,149,2026-02-04 19:18:36.098590
SMMR,24.17,24.28,24.34,2027400.0,1990300.0,,8000.0,,,0,0,0,0,0,0,0,0,0,0,0,0,0,0,0,0,0,0,0,0,0,0,149,2026-02-04 19:18:36.098590
ATMN,27.02,26.96,26.98,1211000.0,1491500.0,9000.0,3000.0,15750.0,3000.0,0,0,0,0,0,0,0,0,0,0,0,0,0,0,0,0,0,0,0,0,0,0,149,2026-02-04 19:18:36.098590
WNTR,26.98,27.0,27.12,1862300.0,1441200.0,,18000.0,,12000.0,0,0,0,0,0,0,0,0,0,0,0,0,0,0,0,0,0,0,0,0,0,0,149,2026-02-04 19:18:36.098590
SPNG,25.5,25.55,25.74,2148900.0,1892400.0,2250.0,,,,0,0,0,0,0,0,0,0,0,0,0,0,0,0,0,0,0,0,0,0,0,0,150,2026-02-04 19:18:37.146217
SMMR,24.17,24.28,24.3,2121200.0,1957000.0,,8000.0,,,0,0,0,0,0,0,0,0,0,0,0,0,0,0,0,0,0,0,0,0,0,0,150,2026-02-04 19:18:37.146217
ATMN,26.98,26.96,26.98,1214600.0,1491500.0,9000.0,3000.0,15750.0,3000.0,0,0,0,0,0,0,0,0,0,0,0,0,0,0,0,0,0,0,0,0,0,0,150,2026-02-04 19:18:37.146217
WNTR,26.97,26.97,27.12,1739700.0,1441200.0,,18000.0,,12000.0,0,0,0,0,0,0,0,0,0,0,0,0,0,0,0,0,0,0,0,0,0,0,150,2026-02-04 19:18:37.146217
SPNG,25.5,25.7,25.74,2135100.0,1814500.0,4500.0,,,,0,0,0,0,0,0,0,0,0,0,0,0,0,0,0,0,0,0,0,0,0,0,151,2026-02-04 19:18:37.724015
SMMR,24.34,24.37,24.4,2182200.0,1961200.0,,8000.0,,,0,0,0,0,0,0,0,0,0,0,0,0,0,0,0,0,0,0,0,0,0,0,151,2026-02-04 19:18:37.724015
ATMN,26.98,26.96,26.98,1214600.0,1531800.0,9000.0,3000.0,15750.0,3000.0,0,0,0,0,0,0,0,0,0,0,0,0,0,0,0,0,0,0,0,0,0,0,151,2026-02-04 19:18:37.724015
WNTR,26.96,26.96,27.12,1642600.0,1441200.0,,18000.0,,12000.0,0,0,0,0,0,0,0,0,0,0,0,0,0,0,0,0,0,0,0,0,0,0,151,2026-02-04 19:18:37.724015
SPNG,25.55,25.63,25.74,2141400.0,1814500.0,4500.0,,,0,0,0,0,0,0,0,0,0,0,0,0,0,0,0,0,0,0,0,0,0,0,0,152,2026-02-04 19:18:38.799267
SMMR,24.44,24.37,24.42,2182200.0,1945800.0,,8000.0,,0,0,0,0,0,0,0,0,0,0,0,0,0,0,0,0,0,0,0,0,0,0,0,152,2026-02-04 19:18:38.799267
ATMN,26.85,26.85,26.98,1987700.0,1531800.0,9000.0,3000.0,3000.0,0,0,0,0,0,0,0,0,0,0,0,0,0,0,0,0,0,0,0,0,0,0,0,152,2026-02-04 19:18:38.799267
WNTR,26.94,26.94,26.96,1549200.0,1534600.0,,16000.0,12000.0,0,0,0,0,0,0,0,0,0,0,0,0,0,0,0,0,0,0,0,0,0,0,0,152,2026-02-04 19:18:38.799267
SPNG,26.01,25.63,26.01,2141400.0,1722500.0,6750.0,,,0,0,0,0,0,0,0,0,0,0,0,0,0,0,0,0,0,0,0,0,0,0,0,153,2026-02-04 19:18:39.843226
SMMR,24.37,24.28,24.34,2213900.0,1966100.0,,8000.0,,0,0,0,0,0,0,0,0,0,0,0,0,0,0,0,0,0,0,0,0,0,0,0,153,2026-02-04 19:18:39.843226
ATMN,26.99,26.98,26.99,1951500.0,1494700.0,9000.0,3000.0,3000.0,0,0,0,0,0,0,0,0,0,0,0,0,0,0,0,0,0,0,0,0,0,0,0,153,2026-02-04 19:18:39.843226
WNTR,26.87,26.87,27.12,1373000.0,1441200.0,,18000.0,12000.0,0,0,0,0,0,0,0,0,0,0,0,0,0,0,0,0,0,0,0,0,0,0,0,153,2026-02-04 19:18:39.843226
SPNG,25.63,25.55,25.62,2096200.0,1366400.0,15750.0,,,,0,0,0,0,0,0,0,0,0,0,0,0,0,0,0,0,0,0,0,0,0,0,154,2026-02-04 19:18:40.885418
SMMR,24.43,24.28,24.43,2183400.0,1996100.0,,8000.0,,,0,0,0,0,0,0,0,0,0,0,0,0,0,0,0,0,0,0,0,0,0,0,154,2026-02-04 19:18:40.885418
ATMN,26.84,26.94,26.99,1747300.0,1416100.0,11250.0,3000.0,4500.0,3000.0,0,0,0,0,0,0,0,0,0,0,0,0,0,0,0,0,0,0,0,0,0,0,154,2026-02-04 19:18:40.885418
WNTR,26.92,26.87,26.92,1574200.0,1560800.0,,16000.0,,12000.0,0,0,0,0,0,0,0,0,0,0,0,0,0,0,0,0,0,0,0,0,0,0,154,2026-02-04 19:18:40.885418
SPNG,25.63,25.55,25.62,2070500.0,1264200.0,18000.0,,,,0,0,0,0,0,0,0,0,0,0,0,0,0,0,0,0,0,0,0,0,0,0,155,2026-02-04 19:18:41.941815
SMMR,24.28,24.28,24.43,2183400.0,1996100.0,,8000.0,,,0,0,0,0,0,0,0,0,0,0,0,0,0,0,0,0,0,0,0,0,0,0,155,2026-02-04 19:18:41.941815
ATMN,26.94,26.86,26.88,1504900.0,1225300.0,15750.0,3000.0,9000.0,3000.0,0,0,0,0,0,0,0,0,0,0,0,0,0,0,0,0,0,0,0,0,0,0,155,2026-02-04 19:18:41.941815
WNTR,26.92,26.87,26.92,1886700.0,1560800.0,,16000.0,,12000.0,0,0,0,0,0,0,0,0,0,0,0,0,0,0,0,0,0,0,0,0,0,0,155,2026-02-04 19:18:41.941815
SPNG,25.55,25.55,25.97,1980200.0,2250.0,1670000.0,9000.0,,,0,0,0,0,0,0,0,0,0,0,0,0,0,0,0,0,0,0,0,0,0,0,156,2026-02-04 19:18:42.985462
SMMR,24.44,24.38,24.44,2167900.0,,1973000.0,,8000.0,,0,0,0,0,0,0,0,0,0,0,0,0,0,0,0,0,0,0,0,0,0,0,156,2026-02-04 19:18:42.985462
ATMN,27.03,26.86,27.02,1422400.0,11250.0,1185600.0,15750.0,3000.0,3000.0,0,0,0,0,0,0,0,0,0,0,0,0,0,0,0,0,0,0,0,0,0,0,156,2026-02-04 19:18:42.985462
WNTR,27.1,26.87,26.98,1903900.0,,1559400.0,,16000.0,12000.0,0,0,0,0,0,0,0,0,0,0,0,0,0,0,0,0,0,0,0,0,0,0,156,2026-02-04 19:18:42.985462
SPNG,25.97,25.55,25.96,1895500.0,4500.0,13500.0,1460100.0,,,0,0,0,0,0,0,0,0,0,0,0,0,0,0,0,0,0,0,0,0,0,0,157,2026-02-04 19:18:44.028286
SMMR,24.38,24.28,24.32,2180700.0,,,1972500.0,8000.0,,0,0,0,0,0,0,0,0,0,0,0,0,0,0,0,0,0,0,0,0,0,0,157,2026-02-04 19:18:44.028286
ATMN,27.04,26.87,27.03,1190200.0,15750.0,11250.0,1368800.0,3000.0,3000.0,0,0,0,0,0,0,0,0,0,0,0,0,0,0,0,0,0,0,0,0,0,0,157,2026-02-04 19:18:44.028286
WNTR,27.13,27.12,27.13,1858300.0,,,1435700.0,18000.0,12000.0,0,0,0,0,0,0,0,0,0,0,0,0,0,0,0,0,0,0,0,0,0,0,157,2026-02-04 19:18:44.028286
SPNG,26.01,25.55,26.01,1782300.0,6750.0,1992600.0,,,,0,0,0,0,0,0,0,0,0,0,0,0,0,0,0,0,0,0,0,0,0,0,158,2026-02-04 19:18:45.063389
SMMR,24.32,24.32,24.39,2134700.0,,1950100.0,8000.0,,,0,0,0,0,0,0,0,0,0,0,0,0,0,0,0,0,0,0,0,0,0,0,158,2026-02-04 19:18:45.063389
ATMN,27.04,26.87,27.03,1091600.0,18000.0,1282700.0,3000.0,3000.0,13500.0,0,0,0,0,0,0,0,0,0,0,0,0,0,0,0,0,0,0,0,0,0,0,158,2026-02-04 19:18:45.063389
WNTR,26.87,26.87,27.14,1903900.0,,1435000.0,18000.0,12000.0,,0,0,0,0,0,0,0,0,0,0,0,0,0,0,0,0,0,0,0,0,0,0,158,2026-02-04 19:18:45.063389
SPNG,25.47,25.48,26.01,2104800.0,2002200.0,,,,0,0,0,0,0,0,0,0,0,0,0,0,0,0,0,0,0,0,0,0,0,0,0,159,2026-02-04 19:18:46.114156
SMMR,24.44,24.34,24.44,2125700.0,1973000.0,8000.0,,,0,0,0,0,0,0,0,0,0,0,0,0,0,0,0,0,0,0,0,0,0,0,0,159,2026-02-04 19:18:46.114156
ATMN,27.0,27.0,27.04,1098300.0,1872600.0,3000.0,20250.0,,0,0,0,0,0,0,0,0,0,0,0,0,0,0,0,0,0,0,0,0,0,0,0,159,2026-02-04 19:18:46.114156
WNTR,26.87,26.98,27.0,1864000.0,1441100.0,18000.0,,12000.0,0,0,0,0,0,0,0,0,0,0,0,0,0,0,0,0,0,0,0,0,0,0,0,159,2026-02-04 19:18:46.114156
SPNG,25.51,25.53,26.01,1881800.0,4500.0,1903800.0,2250.0,,,0,0,0,0,0,0,0,0,0,0,0,0,0,0,0,0,0,0,0,0,0,0,160,2026-02-04 19:18:47.156365
SMMR,24.28,24.28,24.45,2151500.0,,1971700.0,,8000.0,,0,0,0,0,0,0,0,0,0,0,0,0,0,0,0,0,0,0,0,0,0,0,160,2026-02-04 19:18:47.156365
ATMN,26.86,26.86,27.04,1399900.0,11250.0,1913900.0,,3000.0,3000.0,0,0,0,0,0,0,0,0,0,0,0,0,0,0,0,0,0,0,0,0,0,0,160,2026-02-04 19:18:47.156365
WNTR,27.02,27.02,27.14,1973300.0,,1435000.0,,18000.0,2000.0,0,0,0,0,0,0,0,0,0,0,0,0,0,0,0,0,0,0,0,0,0,0,160,2026-02-04 19:18:47.156365
SPNG,25.63,25.63,26.0,1676400.0,9000.0,6750.0,1747900.0,,,0,0,0,0,0,0,0,0,0,0,0,0,0,0,0,0,0,0,0,0,0,0,161,2026-02-04 19:18:48.195956
SMMR,24.45,24.46,24.47,2030700.0,,,1976200.0,1000.0,8000.0,0,0,0,0,0,0,0,0,0,0,0,0,0,0,0,0,0,0,0,0,0,0,161,2026-02-04 19:18:48.195956
ATMN,27.14,26.86,27.14,1206100.0,15750.0,,1962800.0,3000.0,,0,0,0,0,0,0,0,0,0,0,0,0,0,0,0,0,0,0,0,0,0,0,161,2026-02-04 19:18:48.195956
WNTR,27.02,27.12,27.14,1979600.0,,,1439500.0,2000.0,18000.0,0,0,0,0,0,0,0,0,0,0,0,0,0,0,0,0,0,0,0,0,0,0,161,2026-02-04 19:18:48.195956
SPNG,25.51,25.52,26.0,11250.0,1573500.0,9000.0,1636000.0,,,0,0,0,0,0,0,0,0,0,0,0,0,0,0,0,0,0,0,0,0,0,0,162,2026-02-04 19:18:49.230024
SMMR,24.46,24.46,24.47,,1926300.0,,1971000.0,4000.0,8000.0,0,0,0,0,0,0,0,0,0,0,0,0,0,0,0,0,0,0,0,0,0,0,162,2026-02-04 19:18:49.230024
ATMN,27.14,26.86,27.13,18000.0,1226300.0,4500.0,1777000.0,,,0,0,0,0,0,0,0,0,0,0,0,0,0,0,0,0,0,0,0,0,0,0,162,2026-02-04 19:18:49.230024
WNTR,27.15,27.02,27.15,,1955400.0,,1551900.0,10000.0,10000.0,0,0,0,0,0,0,0,0,0,0,0,0,0,0,0,0,0,0,0,0,0,0,162,2026-02-04 19:18:49.230024
SPNG,25.51,25.54,25.69,1470400.0,13500.0,1406400.0,13500.0,,,0,0,0,0,0,0,0,0,0,0,0,0,0,0,0,0,0,0,0,0,0,0,163,2026-02-04 19:18:49.767816
SMMR,24.46,24.46,24.47,1926300.0,,1947300.0,,4000.0,8000.0,0,0,0,0,0,0,0,0,0,0,0,0,0,0,0,0,0,0,0,0,0,0,163,2026-02-04 19:18:49.767816
ATMN,26.84,26.84,26.93,1096700.0,18000.0,1704700.0,6750.0,3000.0,,0,0,0,0,0,0,0,0,0,0,0,0,0,0,0,0,0,0,0,0,0,0,163,2026-02-04 19:18:49.767816
WNTR,27.02,27.02,27.15,1955400.0,,1551900.0,,10000.0,10000.0,0,0,0,0,0,0,0,0,0,0,0,0,0,0,0,0,0,0,0,0,0,0,163,2026-02-04 19:18:49.767816
SPNG,25.54,25.55,26.0,15750.0,1350800.0,15750.0,1320800.0,,,0,0,0,0,0,0,0,0,0,0,0,0,0,0,0,0,0,0,0,0,0,0,164,2026-02-04 19:18:50.805296
SMMR,24.46,24.28,24.32,,2031700.0,,1910200.0,1000.0,8000.0,0,0,0,0,0,0,0,0,0,0,0,0,0,0,0,0,0,0,0,0,0,0,164,2026-02-04 19:18:50.805296
ATMN,26.78,26.78,26.85,4500.0,1731200.0,11250.0,1547700.0,3000.0,,0,0,0,0,0,0,0,0,0,0,0,0,0,0,0,0,0,0,0,0,0,0,164,2026-02-04 19:18:50.805296
WNTR,27.02,27.02,27.09,,1936800.0,,1644500.0,10000.0,7000.0,0,0,0,0,0,0,0,0,0,0,0,0,0,0,0,0,0,0,0,0,0,0,164,2026-02-04 19:18:50.805296
SPNG,25.52,25.52,26.01,2090700.0,1990700.0,,,0,0,0,0,0,0,0,0,0,0,0,0,0,0,0,0,0,0,0,0,0,0,0,0,165,2026-02-04 19:18:51.849453
SMMR,24.24,24.24,24.32,2153500.0,1910200.0,8000.0,,0,0,0,0,0,0,0,0,0,0,0,0,0,0,0,0,0,0,0,0,0,0,0,0,165,2026-02-04 19:18:51.849453
ATMN,26.78,26.78,26.93,1933100.0,1980600.0,,3000.0,0,0,0,0,0,0,0,0,0,0,0,0,0,0,0,0,0,0,0,0,0,0,0,0,165,2026-02-04 19:18:51.849453
WNTR,26.98,26.98,27.09,2065000.0,1548100.0,10000.0,,0,0,0,0,0,0,0,0,0,0,0,0,0,0,0,0,0,0,0,0,0,0,0,0,165,2026-02-04 19:18:51.849453
SPNG,25.52,25.75,25.85,1955400.0,2250.0,1937900.0,2250.0,,,0,0,0,0,0,0,0,0,0,0,0,0,0,0,0,0,0,0,0,0,0,0,166,2026-02-04 19:18:52.891053
SMMR,24.47,24.24,24.47,2153500.0,,2056800.0,,3000.0,,0,0,0,0,0,0,0,0,0,0,0,0,0,0,0,0,0,0,0,0,0,0,166,2026-02-04 19:18:52.891053
ATMN,27.04,27.04,27.09,1936500.0,,1852800.0,2250.0,,3000.0,0,0,0,0,0,0,0,0,0,0,0,0,0,0,0,0,0,0,0,0,0,0,166,2026-02-04 19:18:52.891053
WNTR,26.98,26.99,27.04,2054600.0,,1558400.0,,10000.0,,0,0,0,0,0,0,0,0,0,0,0,0,0,0,0,0,0,0,0,0,0,0,166,2026-02-04 19:18:52.891053
SPNG,25.48,25.48,25.84,1902200.0,4500.0,6750.0,1739100.0,,,0,0,0,0,0,0,0,0,0,0,0,0,0,0,0,0,0,0,0,0,0,0,167,2026-02-04 19:18:53.939999
SMMR,24.48,24.24,24.35,2153500.0,,,2100400.0,3000.0,,0,0,0,0,0,0,0,0,0,0,0,0,0,0,0,0,0,0,0,0,0,0,167,2026-02-04 19:18:53.939999
ATMN,27.04,26.79,26.89,1820400.0,2250.0,4500.0,1793000.0,,3000.0,0,0,0,0,0,0,0,0,0,0,0,0,0,0,0,0,0,0,0,0,0,0,167,2026-02-04 19:18:53.939999
WNTR,27.09,27.02,27.09,2088600.0,,,1555200.0,10000.0,,0,0,0,0,0,0,0,0,0,0,0,0,0,0,0,0,0,0,0,0,0,0,167,2026-02-04 19:18:53.939999
SPNG,25.85,25.58,25.85,1690900.0,9000.0,1937900.0,2250.0,,,0,0,0,0,0,0,0,0,0,0,0,0,0,0,0,0,0,0,0,0,0,0,168,2026-02-04 19:18:54.977432
SMMR,24.32,24.24,24.32,2126600.0,,2126900.0,,3000.0,,0,0,0,0,0,0,0,0,0,0,0,0,0,0,0,0,0,0,0,0,0,0,168,2026-02-04 19:18:54.977432
ATMN,27.11,26.79,27.11,1582700.0,6750.0,1679800.0,6750.0,,3000.0,0,0,0,0,0,0,0,0,0,0,0,0,0,0,0,0,0,0,0,0,0,0,168,2026-02-04 19:18:54.977432
WNTR,26.99,26.99,27.09,2063400.0,,1581400.0,,10000.0,,0,0,0,0,0,0,0,0,0,0,0,0,0,0,0,0,0,0,0,0,0,0,168,2026-02-04 19:18:54.977432
SPNG,25.85,25.59,25.7,11250.0,1602900.0,6750.0,1735100.0,,,0,0,0,0,0,0,0,0,0,0,0,0,0,0,0,0,0,0,0,0,0,0,169,2026-02-04 19:18:56.022260
SMMR,24.35,24.29,24.35,,2142600.0,,2127300.0,3000.0,,0,0,0,0,0,0,0,0,0,0,0,0,0,0,0,0,0,0,0,0,0,0,169,2026-02-04 19:18:56.022260
ATMN,27.11,27.09,27.11,11250.0,1392700.0,11250.0,1493700.0,,3000.0,0,0,0,0,0,0,0,0,0,0,0,0,0,0,0,0,0,0,0,0,0,0,169,2026-02-04 19:18:56.022260
WNTR,26.96,26.96,27.15,,2046400.0,,1668300.0,7000.0,,0,0,0,0,0,0,0,0,0,0,0,0,0,0,0,0,0,0,0,0,0,0,169,2026-02-04 19:18:56.022260
SPNG,25.71,25.64,25.7,1357000.0,15750.0,6750.0,1735100.0,,,0,0,0,0,0,0,0,0,0,0,0,0,0,0,0,0,0,0,0,0,0,0,170,2026-02-04 19:18:57.072969
SMMR,24.29,24.29,24.48,2165200.0,,,2101500.0,3000.0,,0,0,0,0,0,0,0,0,0,0,0,0,0,0,0,0,0,0,0,0,0,0,170,2026-02-04 19:18:57.072969
ATMN,27.09,26.8,27.09,1204600.0,15750.0,13500.0,1380300.0,,3000.0,0,0,0,0,0,0,0,0,0,0,0,0,0,0,0,0,0,0,0,0,0,0,170,2026-02-04 19:18:57.072969
WNTR,26.87,27.09,27.15,2051600.0,,,1668300.0,7000.0,,0,0,0,0,0,0,0,0,0,0,0,0,0,0,0,0,0,0,0,0,0,0,170,2026-02-04 19:18:57.072969
SPNG,25.89,25.94,26.01,1216900.0,18000.0,1990700.0,,,0,0,0,0,0,0,0,0,0,0,0,0,0,0,0,0,0,0,0,0,0,0,0,171,2026-02-04 19:18:58.159026
SMMR,24.29,24.3,24.32,2175900.0,,2120700.0,3000.0,,0,0,0,0,0,0,0,0,0,0,0,0,0,0,0,0,0,0,0,0,0,0,0,171,2026-02-04 19:18:58.159026
ATMN,27.13,27.13,27.14,1232400.0,18000.0,1772400.0,,4500.0,0,0,0,0,0,0,0,0,0,0,0,0,0,0,0,0,0,0,0,0,0,0,0,171,2026-02-04 19:18:58.159026
WNTR,27.09,27.09,27.15,2045200.0,,1668300.0,7000.0,,0,0,0,0,0,0,0,0,0,0,0,0,0,0,0,0,0,0,0,0,0,0,0,171,2026-02-04 19:18:58.159026
SPNG,25.82,25.83,26.01,18000.0,1238900.0,2049000.0,,,0,0,0,0,0,0,0,0,0,0,0,0,0,0,0,0,0,0,0,0,0,0,0,172,2026-02-04 19:18:59.209350
SMMR,24.3,24.3,24.32,,2184500.0,2120700.0,3000.0,,0,0,0,0,0,0,0,0,0,0,0,0,0,0,0,0,0,0,0,0,0,0,0,172,2026-02-04 19:18:59.209350
ATMN,27.14,26.77,27.14,2250.0,1806900.0,1961000.0,,3000.0,0,0,0,0,0,0,0,0,0,0,0,0,0,0,0,0,0,0,0,0,0,0,0,172,2026-02-04 19:18:59.209350
WNTR,26.87,26.87,27.18,,1957800.0,1680100.0,8000.0,2000.0,0,0,0,0,0,0,0,0,0,0,0,0,0,0,0,0,0,0,0,0,0,0,0,172,2026-02-04 19:18:59.209350
SPNG,25.82,25.83,25.99,22500.0,1026600.0,1951500.0,2250.0,,,0,0,0,0,0,0,0,0,0,0,0,0,0,0,0,0,0,0,0,0,0,0,173,2026-02-04 19:19:00.267889
SMMR,24.5,24.3,24.5,,2155400.0,2095000.0,,3000.0,,0,0,0,0,0,0,0,0,0,0,0,0,0,0,0,0,0,0,0,0,0,0,173,2026-02-04 19:19:00.267889
ATMN,27.14,26.83,27.14,6750.0,1628100.0,1780100.0,4500.0,,3000.0,0,0,0,0,0,0,0,0,0,0,0,0,0,0,0,0,0,0,0,0,0,0,173,2026-02-04 19:19:00.267889
WNTR,26.9,27.07,27.18,,2039400.0,1680100.0,,8000.0,,0,0,0,0,0,0,0,0,0,0,0,0,0,0,0,0,0,0,0,0,0,0,173,2026-02-04 19:19:00.267889
SPNG,25.64,25.64,25.82,1258000.0,18000.0,1842300.0,4500.0,,,0,0,0,0,0,0,0,0,0,0,0,0,0,0,0,0,0,0,0,0,0,0,174,2026-02-04 19:19:00.822049
SMMR,24.5,24.3,24.5,2155400.0,,2106100.0,,3000.0,,0,0,0,0,0,0,0,0,0,0,0,0,0,0,0,0,0,0,0,0,0,0,174,2026-02-04 19:19:00.822049
ATMN,27.16,26.84,27.15,1530900.0,9000.0,1863900.0,2250.0,,3000.0,0,0,0,0,0,0,0,0,0,0,0,0,0,0,0,0,0,0,0,0,0,0,174,2026-02-04 19:19:00.822049
WNTR,27.07,26.87,26.9,1957800.0,,1772700.0,,5000.0,2000.0,0,0,0,0,0,0,0,0,0,0,0,0,0,0,0,0,0,0,0,0,0,0,174,2026-02-04 19:19:00.822049
SPNG,25.64,25.64,25.82,1136800.0,20250.0,1651900.0,9000.0,,,0,0,0,0,0,0,0,0,0,0,0,0,0,0,0,0,0,0,0,0,0,0,175,2026-02-04 19:19:01.879910
SMMR,24.5,24.3,24.33,2155400.0,,2098700.0,,3000.0,,0,0,0,0,0,0,0,0,0,0,0,0,0,0,0,0,0,0,0,0,0,0,175,2026-02-04 19:19:01.879910
ATMN,26.83,26.84,27.15,1530900.0,9000.0,1774800.0,4500.0,,3000.0,0,0,0,0,0,0,0,0,0,0,0,0,0,0,0,0,0,0,0,0,0,0,175,2026-02-04 19:19:01.879910
WNTR,27.12,27.12,27.2,2075100.0,,1670100.0,,8000.0,,0,0,0,0,0,0,0,0,0,0,0,0,0,0,0,0,0,0,0,0,0,0,175,2026-02-04 19:19:01.879910
SPNG,25.64,25.59,25.61,24750.0,923800.0,1440100.0,13500.0,,,0,0,0,0,0,0,0,0,0,0,0,0,0,0,0,0,0,0,0,0,0,0,176,2026-02-04 19:19:02.929153
SMMR,24.34,24.29,24.34,,2153900.0,2136900.0,,3000.0,,0,0,0,0,0,0,0,0,0,0,0,0,0,0,0,0,0,0,0,0,0,0,176,2026-02-04 19:19:02.929153
ATMN,26.83,27.08,27.15,11250.0,1412300.0,1687500.0,6750.0,,3000.0,0,0,0,0,0,0,0,0,0,0,0,0,0,0,0,0,0,0,0,0,0,0,176,2026-02-04 19:19:02.929153
WNTR,26.97,26.97,27.15,,2057700.0,1778100.0,,5000.0,,0,0,0,0,0,0,0,0,0,0,0,0,0,0,0,0,0,0,0,0,0,0,176,2026-02-04 19:19:02.929153
SPNG,25.82,25.59,25.81,29250.0,699600.0,15750.0,1356200.0,,,0,0,0,0,0,0,0,0,0,0,0,0,0,0,0,0,0,0,0,0,0,0,177,2026-02-04 19:19:03.978077
SMMR,24.34,24.29,24.34,,2171700.0,,2132800.0,3000.0,,0,0,0,0,0,0,0,0,0,0,0,0,0,0,0,0,0,0,0,0,0,0,177,2026-02-04 19:19:03.978077
ATMN,27.19,26.83,27.19,9000.0,1522600.0,,1969600.0,,3000.0,0,0,0,0,0,0,0,0,0,0,0,0,0,0,0,0,0,0,0,0,0,0,177,2026-02-04 19:19:03.978077
WNTR,27.15,26.97,27.03,,2030600.0,,1782700.0,5000.0,,0,0,0,0,0,0,0,0,0,0,0,0,0,0,0,0,0,0,0,0,0,0,177,2026-02-04 19:19:03.978077
SPNG,25.49,25.49,25.99,2114200.0,2048700.0,,,0,0,0,0,0,0,0,0,0,0,0,0,0,0,0,0,0,0,0,0,0,0,0,0,178,2026-02-04 19:19:05.071191
SMMR,24.34,24.42,24.5,2166700.0,2102100.0,3000.0,,0,0,0,0,0,0,0,0,0,0,0,0,0,0,0,0,0,0,0,0,0,0,0,0,178,2026-02-04 19:19:05.071191
ATMN,26.9,26.9,27.19,1898000.0,1969600.0,,3000.0,0,0,0,0,0,0,0,0,0,0,0,0,0,0,0,0,0,0,0,0,0,0,0,0,178,2026-02-04 19:19:05.071191
WNTR,27.15,27.17,27.2,2096400.0,1670100.0,8000.0,,0,0,0,0,0,0,0,0,0,0,0,0,0,0,0,0,0,0,0,0,0,0,0,0,178,2026-02-04 19:19:05.071191
SPNG,25.49,25.59,25.85,2123000.0,2042300.0,,,0,0,0,0,0,0,0,0,0,0,0,0,0,0,0,0,0,0,0,0,0,0,0,0,179,2026-02-04 19:19:06.114733
SMMR,24.42,24.42,24.5,2166700.0,2099700.0,3000.0,,0,0,0,0,0,0,0,0,0,0,0,0,0,0,0,0,0,0,0,0,0,0,0,0,179,2026-02-04 19:19:06.114733
ATMN,27.24,26.9,27.24,1909200.0,1977600.0,,3000.0,0,0,0,0,0,0,0,0,0,0,0,0,0,0,0,0,0,0,0,0,0,0,0,0,179,2026-02-04 19:19:06.114733
WNTR,27.17,26.97,27.12,2084200.0,1781200.0,5000.0,,0,0,0,0,0,0,0,0,0,0,0,0,0,0,0,0,0,0,0,0,0,0,0,0,179,2026-02-04 19:19:06.114733
SPNG,25.59,25.43,26.12,862600.0,3000.0,771100.0,6000.0,0,0,0,0,0,0,0,0,0,0,0,0,0,0,0,0,0,0,0,0,0,0,0,0,180,2026-02-04 19:19:07.172464
SMMR,25.3,24.82,24.94,672000.0,,692700.0,,0,0,0,0,0,0,0,0,0,0,0,0,0,0,0,0,0,0,0,0,0,0,0,0,180,2026-02-04 19:19:07.172464
ATMN,26.81,27.98,29.24,883900.0,13000.0,739900.0,,0,0,0,0,0,0,0,0,0,0,0,0,0,0,0,0,0,0,0,0,0,0,0,0,180,2026-02-04 19:19:07.172464
WNTR,27.0,25.42,25.68,838400.0,15000.0,774800.0,11000.0,0,0,0,0,0,0,0,0,0,0,0,0,0,0,0,0,0,0,0,0,0,0,0,0,180,2026-02-04 19:19:07.172464
SPNG,25.32,25.32,25.33,862700.0,3000.0,970000.0,6000.0,0,0,0,0,0,0,0,0,0,0,0,0,0,0,0,0,0,0,0,0,0,0,0,0,181,2026-02-04 19:19:08.220240
SMMR,24.99,24.99,25.08,1103700.0,2600.0,792600.0,,0,0,0,0,0,0,0,0,0,0,0,0,0,0,0,0,0,0,0,0,0,0,0,0,181,2026-02-04 19:19:08.220240
ATMN,27.98,27.98,28.04,883900.0,13000.0,945600.0,2700.0,0,0,0,0,0,0,0,0,0,0,0,0,0,0,0,0,0,0,0,0,0,0,0,0,181,2026-02-04 19:19:08.220240
WNTR,25.42,25.42,25.49,841000.0,18000.0,997000.0,14000.0,0,0,0,0,0,0,0,0,0,0,0,0,0,0,0,0,0,0,0,0,0,0,0,0,181,2026-02-04 19:19:08.220240
SPNG,24.53,24.53,25.17,981100.0,3000.0,1254900.0,6000.0,0,0,0,0,0,0,0,0,0,0,0,0,0,0,0,0,0,0,0,0,0,0,0,0,182,2026-02-04 19:19:09.262591
SMMR,25.13,25.13,25.18,1448000.0,2600.0,824100.0,,0,0,0,0,0,0,0,0,0,0,0,0,0,0,0,0,0,0,0,0,0,0,0,0,182,2026-02-04 19:19:09.262591
ATMN,27.75,27.75,27.96,872900.0,13000.0,1143500.0,2700.0,0,0,0,0,0,0,0,0,0,0,0,0,0,0,0,0,0,0,0,0,0,0,0,0,182,2026-02-04 19:19:09.262591
WNTR,25.2,25.2,25.22,841000.0,15000.0,1330100.0,17000.0,0,0,0,0,0,0,0,0,0,0,0,0,0,0,0,0,0,0,0,0,0,0,0,0,182,2026-02-04 19:19:09.262591
SPNG,24.53,24.4,24.52,984400.0,1511700.0,6000.0,,0,0,0,0,0,0,0,0,0,0,0,0,0,0,0,0,0,0,0,0,0,0,0,0,183,2026-02-04 19:19:10.305363
SMMR,25.24,25.13,25.14,1547200.0,965600.0,,2600.0,0,0,0,0,0,0,0,0,0,0,0,0,0,0,0,0,0,0,0,0,0,0,0,0,183,2026-02-04 19:19:10.305363
ATMN,27.75,26.5,26.72,1006500.0,1525300.0,2700.0,13000.0,0,0,0,0,0,0,0,0,0,0,0,0,0,0,0,0,0,0,0,0,0,0,0,0,183,2026-02-04 19:19:10.305363
WNTR,25.1,25.1,25.22,808700.0,1328300.0,20000.0,12700.0,0,0,0,0,0,0,0,0,0,0,0,0,0,0,0,0,0,0,0,0,0,0,0,0,183,2026-02-04 19:19:10.305363
SPNG,25.17,24.41,24.44,2250.0,1073800.0,1523300.0,2250.0,6000.0,,0,0,0,0,0,0,0,0,0,0,0,0,0,0,0,0,0,0,0,0,0,0,184,2026-02-04 19:19:10.850311
SMMR,25.14,25.16,25.25,,1653000.0,942600.0,,,2600.0,0,0,0,0,0,0,0,0,0,0,0,0,0,0,0,0,0,0,0,0,0,0,184,2026-02-04 19:19:10.850311
