ticker,last_price,bid_price,ask_price,BUY_ANON,SELL_ANON,BUY_WRSW-1,BUY_UEBR-1,BUY_CHUL-1,BUY_BRCH-1,BUY_LAVL-1,SELL_CALG-1,SELL_GIOT-3,SELL_CHUL-4,SELL_LAVL-1,BUY_GIOT-3,BUY_CHUL-4,SELL_UEBR-1,SELL_WRSW-1,BUY_WRSW-3,SELL_WRSW-3,SELL_COLA-1,BUY_CALG-1,BUY_COLA-1,SELL_BRCH-1,BUY_WRSW-4,SELL_LUIS-1,SELL_WRSW-4,SELL_CHUL-1,BUY_LUIS-1,tick,timestamp,news_news_id,news_period,news_tick,news_ticker,news_headline,news_body
SPNG,25.19,24.95,25.19,1987100.0,2158700.0,0,0,0,0,0,0,0,0,0,0,0,0,0,0,0,0,0,0,0,0,0,0,0,0,1,2026-02-06 00:47:09.867928,2.0,1.0,1.0,,Aggregate Position Limit,Your CRO has set the aggregate position limit to 12000 shares for this week.
SMMR,25.1,25.0,25.1,2231000.0,2299800.0,0,0,0,0,0,0,0,0,0,0,0,0,0,0,0,0,0,0,0,0,0,0,0,0,1,2026-02-06 00:47:09.867928,1.0,1.0,1.0,,Welcome to the RITC 2026 Alogithmic Market Making Case - practice server,
ATMN,24.68,24.68,25.07,1629600.0,2123600.0,0,0,0,0,0,0,0,0,0,0,0,0,0,0,0,0,0,0,0,0,0,0,0,0,1,2026-02-06 00:47:09.867928,,,,,,
WNTR,25.06,25.07,25.12,2077900.0,2218800.0,0,0,0,0,0,0,0,0,0,0,0,0,0,0,0,0,0,0,0,0,0,0,0,0,1,2026-02-06 00:47:09.867928,,,,,,
SPNG,25.28,24.95,25.28,1987100.0,2147100.0,,,0,0,0,0,0,0,0,0,0,0,0,0,0,0,0,0,0,0,0,0,0,0,2,2026-02-06 00:47:10.992405
SMMR,25.0,24.86,25.0,2232600.0,2349900.0,,,0,0,0,0,0,0,0,0,0,0,0,0,0,0,0,0,0,0,0,0,0,0,2,2026-02-06 00:47:10.992405
ATMN,24.68,25.04,25.07,1720600.0,1999500.0,7000.0,7000.0,0,0,0,0,0,0,0,0,0,0,0,0,0,0,0,0,0,0,0,0,0,0,2,2026-02-06 00:47:10.992405
WNTR,25.07,24.92,25.03,2101900.0,2194100.0,,,0,0,0,0,0,0,0,0,0,0,0,0,0,0,0,0,0,0,0,0,0,0,2,2026-02-06 00:47:10.992405
SPNG,24.95,24.9,24.93,7000.0,1857400.0,2154800.0,,0,0,0,0,0,0,0,0,0,0,0,0,0,0,0,0,0,0,0,0,0,0,3,2026-02-06 00:47:11.599171
SMMR,25.1,24.86,25.1,,2232600.0,2299800.0,,0,0,0,0,0,0,0,0,0,0,0,0,0,0,0,0,0,0,0,0,0,0,3,2026-02-06 00:47:11.599171
ATMN,24.92,24.92,25.07,7000.0,1909900.0,1999500.0,7000.0,0,0,0,0,0,0,0,0,0,0,0,0,0,0,0,0,0,0,0,0,0,0,3,2026-02-06 00:47:11.599171
WNTR,24.92,24.89,24.9,,2195100.0,2194100.0,,0,0,0,0,0,0,0,0,0,0,0,0,0,0,0,0,0,0,0,0,0,0,3,2026-02-06 00:47:11.599171
SPNG,24.92,24.9,24.92,7000.0,1963500.0,7000.0,1938300.0,7000.0,7000.0,0,0,0,0,0,0,0,0,0,0,0,0,0,0,0,0,0,0,0,0,4,2026-02-06 00:47:12.693655
SMMR,25.15,24.94,25.15,,2216600.0,,2314100.0,,,0,0,0,0,0,0,0,0,0,0,0,0,0,0,0,0,0,0,0,0,4,2026-02-06 00:47:12.693655
ATMN,24.82,24.82,24.87,7000.0,1926700.0,,2007600.0,7000.0,,0,0,0,0,0,0,0,0,0,0,0,0,0,0,0,0,0,0,0,0,4,2026-02-06 00:47:12.693655
WNTR,24.93,24.89,24.9,,2195100.0,,2245200.0,,,0,0,0,0,0,0,0,0,0,0,0,0,0,0,0,0,0,0,0,0,4,2026-02-06 00:47:12.693655
SPNG,24.89,24.89,24.92,2041100.0,7000.0,7000.0,1938300.0,7000.0,7000.0,0,0,0,0,0,0,0,0,0,0,0,0,0,0,0,0,0,0,0,0,5,2026-02-06 00:47:13.754091
SMMR,25.15,24.94,24.99,2210400.0,,,2311900.0,,,0,0,0,0,0,0,0,0,0,0,0,0,0,0,0,0,0,0,0,0,5,2026-02-06 00:47:13.754091
ATMN,24.82,24.82,25.07,1805900.0,7000.0,14000.0,1888500.0,7000.0,7000.0,0,0,0,0,0,0,0,0,0,0,0,0,0,0,0,0,0,0,0,0,5,2026-02-06 00:47:13.754091
WNTR,24.89,24.84,24.89,2252000.0,,,2253000.0,,,0,0,0,0,0,0,0,0,0,0,0,0,0,0,0,0,0,0,0,0,5,2026-02-06 00:47:13.754091
SPNG,24.77,24.9,25.27,2039100.0,7000.0,7000.0,7000.0,7000.0,1935700.0,0,0,0,0,0,0,0,0,0,0,0,0,0,0,0,0,0,0,0,0,6,2026-02-06 00:47:14.829846
SMMR,24.86,24.86,24.99,2185600.0,,,,,2311900.0,0,0,0,0,0,0,0,0,0,0,0,0,0,0,0,0,0,0,0,0,6,2026-02-06 00:47:14.829846
ATMN,24.82,24.69,24.71,1940800.0,7000.0,7000.0,7000.0,7000.0,1909300.0,0,0,0,0,0,0,0,0,0,0,0,0,0,0,0,0,0,0,0,0,6,2026-02-06 00:47:14.829846
WNTR,24.95,24.84,24.95,2252000.0,,,,,2239000.0,0,0,0,0,0,0,0,0,0,0,0,0,0,0,0,0,0,0,0,0,6,2026-02-06 00:47:14.829846
SPNG,24.99,24.99,25.27,2057200.0,7000.0,7000.0,14000.0,1935700.0,,0,0,0,0,0,0,0,0,0,0,0,0,0,0,0,0,0,0,0,0,7,2026-02-06 00:47:15.922767
SMMR,24.99,25.13,25.15,2193800.0,,,,2341600.0,,0,0,0,0,0,0,0,0,0,0,0,0,0,0,0,0,0,0,0,0,7,2026-02-06 00:47:15.922767
ATMN,24.91,24.85,24.91,1822100.0,14000.0,7000.0,7000.0,1940600.0,7000.0,0,0,0,0,0,0,0,0,0,0,0,0,0,0,0,0,0,0,0,0,7,2026-02-06 00:47:15.922767
WNTR,25.08,24.99,25.02,2245700.0,,,,2214600.0,,0,0,0,0,0,0,0,0,0,0,0,0,0,0,0,0,0,0,0,0,7,2026-02-06 00:47:15.922767
SPNG,24.58,24.58,25.19,2061100.0,7000.0,7000.0,2034900.0,7000.0,,0,0,0,0,0,0,0,0,0,0,0,0,0,0,0,0,0,0,0,0,8,2026-02-06 00:47:17.033265
SMMR,25.13,24.86,25.02,2195900.0,,,2334300.0,,,0,0,0,0,0,0,0,0,0,0,0,0,0,0,0,0,0,0,0,0,8,2026-02-06 00:47:17.033265
ATMN,24.79,24.88,24.91,1941400.0,7000.0,7000.0,1942700.0,7000.0,7000.0,0,0,0,0,0,0,0,0,0,0,0,0,0,0,0,0,0,0,0,0,8,2026-02-06 00:47:17.033265
WNTR,25.02,24.99,25.02,2240800.0,,,2192200.0,,,0,0,0,0,0,0,0,0,0,0,0,0,0,0,0,0,0,0,0,0,8,2026-02-06 00:47:17.033265
SPNG,24.56,24.56,24.79,1942000.0,7000.0,14000.0,2036100.0,7000.0,,0,0,0,0,0,0,0,0,0,0,0,0,0,0,0,0,0,0,0,0,9,2026-02-06 00:47:18.083311
SMMR,25.15,24.89,25.15,2213900.0,,,2342700.0,,,0,0,0,0,0,0,0,0,0,0,0,0,0,0,0,0,0,0,0,0,9,2026-02-06 00:47:18.083311
ATMN,24.9,24.9,24.94,1932500.0,7000.0,7000.0,1936100.0,7000.0,7000.0,0,0,0,0,0,0,0,0,0,0,0,0,0,0,0,0,0,0,0,0,9,2026-02-06 00:47:18.083311
WNTR,25.02,25.02,25.03,2260000.0,,,2201400.0,,,0,0,0,0,0,0,0,0,0,0,0,0,0,0,0,0,0,0,0,0,9,2026-02-06 00:47:18.083311
SPNG,24.36,24.64,25.19,1973800.0,7000.0,1945500.0,7000.0,7000.0,,0,0,0,0,0,0,0,0,0,0,0,0,0,0,0,0,0,0,0,0,10,2026-02-06 00:47:19.141466
SMMR,25.06,24.89,24.94,2244600.0,,2364300.0,,,,0,0,0,0,0,0,0,0,0,0,0,0,0,0,0,0,0,0,0,0,10,2026-02-06 00:47:19.141466
ATMN,24.94,24.9,24.94,1810500.0,7000.0,1936100.0,7000.0,7000.0,14000.0,0,0,0,0,0,0,0,0,0,0,0,0,0,0,0,0,0,0,0,0,10,2026-02-06 00:47:19.141466
WNTR,24.83,24.83,24.9,2239900.0,,2190400.0,,,,0,0,0,0,0,0,0,0,0,0,0,0,0,0,0,0,0,0,0,0,10,2026-02-06 00:47:19.141466
SPNG,24.36,24.94,25.19,2101800.0,7000.0,1945500.0,7000.0,7000.0,0,0,0,0,0,0,0,0,0,0,0,0,0,0,0,0,0,0,0,0,0,11,2026-02-06 00:47:19.691407
SMMR,24.89,24.89,25.15,2244600.0,,2341000.0,,,0,0,0,0,0,0,0,0,0,0,0,0,0,0,0,0,0,0,0,0,0,11,2026-02-06 00:47:19.691407
ATMN,24.67,24.67,24.94,2048000.0,7000.0,1911600.0,7000.0,7000.0,0,0,0,0,0,0,0,0,0,0,0,0,0,0,0,0,0,0,0,0,0,11,2026-02-06 00:47:19.691407
WNTR,24.84,24.84,24.9,2241000.0,,2190400.0,,,0,0,0,0,0,0,0,0,0,0,0,0,0,0,0,0,0,0,0,0,0,11,2026-02-06 00:47:19.691407
SPNG,24.94,24.36,24.94,7000.0,1984300.0,1679900.0,17000.0,16600.0,0,0,0,0,0,0,0,0,0,0,0,0,0,0,0,0,0,0,0,0,0,12,2026-02-06 00:47:20.745492
SMMR,25.16,24.86,25.16,,2292200.0,2349700.0,,,0,0,0,0,0,0,0,0,0,0,0,0,0,0,0,0,0,0,0,0,0,12,2026-02-06 00:47:20.745492
ATMN,24.74,24.67,24.74,,2167100.0,1918900.0,7000.0,7000.0,0,0,0,0,0,0,0,0,0,0,0,0,0,0,0,0,0,0,0,0,0,12,2026-02-06 00:47:20.745492
WNTR,24.79,24.83,24.9,,2230300.0,2179100.0,,,0,0,0,0,0,0,0,0,0,0,0,0,0,0,0,0,0,0,0,0,0,12,2026-02-06 00:47:20.745492
SPNG,24.94,24.63,24.93,2021900.0,14000.0,27000.0,1561100.0,16600.0,,0,0,0,0,0,0,0,0,0,0,0,0,0,0,0,0,0,0,0,0,13,2026-02-06 00:47:21.815642
SMMR,25.07,24.86,24.94,2288200.0,,,2354900.0,,,0,0,0,0,0,0,0,0,0,0,0,0,0,0,0,0,0,0,0,0,13,2026-02-06 00:47:21.815642
ATMN,24.95,24.67,24.95,1789600.0,7000.0,7000.0,1906700.0,7000.0,14000.0,0,0,0,0,0,0,0,0,0,0,0,0,0,0,0,0,0,0,0,0,13,2026-02-06 00:47:21.815642
WNTR,24.9,24.96,25.03,2238600.0,,,2189300.0,,,0,0,0,0,0,0,0,0,0,0,0,0,0,0,0,0,0,0,0,0,13,2026-02-06 00:47:21.815642
SPNG,24.94,24.87,24.93,2114400.0,7000.0,27000.0,1566300.0,19200.0,,0,0,0,0,0,0,0,0,0,0,0,0,0,0,0,0,0,0,0,0,14,2026-02-06 00:47:22.868417
SMMR,24.95,24.96,25.16,2304000.0,,,2349700.0,,,0,0,0,0,0,0,0,0,0,0,0,0,0,0,0,0,0,0,0,0,14,2026-02-06 00:47:22.868417
ATMN,24.95,24.79,24.9,1798200.0,7000.0,7000.0,1897000.0,7000.0,14000.0,0,0,0,0,0,0,0,0,0,0,0,0,0,0,0,0,0,0,0,0,14,2026-02-06 00:47:22.868417
WNTR,25.06,24.83,24.88,2230300.0,,,2174500.0,,,0,0,0,0,0,0,0,0,0,0,0,0,0,0,0,0,0,0,0,0,14,2026-02-06 00:47:22.868417
SPNG,24.87,24.87,24.94,2114400.0,7000.0,9600.0,17000.0,1821200.0,,0,0,0,0,0,0,0,0,0,0,0,0,0,0,0,0,0,0,0,0,15,2026-02-06 00:47:23.920699
SMMR,24.95,24.96,24.99,2325200.0,,,,2397700.0,,0,0,0,0,0,0,0,0,0,0,0,0,0,0,0,0,0,0,0,0,15,2026-02-06 00:47:23.920699
ATMN,25.07,24.81,25.07,1895400.0,7000.0,,7000.0,1977600.0,7000.0,0,0,0,0,0,0,0,0,0,0,0,0,0,0,0,0,0,0,0,0,15,2026-02-06 00:47:23.920699
WNTR,25.06,24.74,25.06,2091200.0,,,,2205800.0,,0,0,0,0,0,0,0,0,0,0,0,0,0,0,0,0,0,0,0,0,15,2026-02-06 00:47:23.920699
SPNG,24.9,24.87,24.9,1984300.0,7000.0,7000.0,1783900.0,17000.0,7000.0,0,0,0,0,0,0,0,0,0,0,0,0,0,0,0,0,0,0,0,0,16,2026-02-06 00:47:24.975262
SMMR,25.01,24.97,25.01,2327300.0,,,2368300.0,,,0,0,0,0,0,0,0,0,0,0,0,0,0,0,0,0,0,0,0,0,16,2026-02-06 00:47:24.975262
ATMN,25.06,25.06,25.07,1906300.0,7000.0,7000.0,1990900.0,7000.0,,0,0,0,0,0,0,0,0,0,0,0,0,0,0,0,0,0,0,0,0,16,2026-02-06 00:47:24.975262
WNTR,24.72,24.87,24.97,2102300.0,,,2204100.0,,,0,0,0,0,0,0,0,0,0,0,0,0,0,0,0,0,0,0,0,0,16,2026-02-06 00:47:24.975262
SPNG,24.87,24.63,24.69,1984000.0,7000.0,7000.0,1895100.0,7000.0,7000.0,0,0,0,0,0,0,0,0,0,0,0,0,0,0,0,0,0,0,0,0,17,2026-02-06 00:47:26.027604
SMMR,24.96,24.96,25.16,2325200.0,,,2310800.0,,,0,0,0,0,0,0,0,0,0,0,0,0,0,0,0,0,0,0,0,0,17,2026-02-06 00:47:26.027604
ATMN,24.81,24.81,25.03,1886900.0,,14000.0,1863100.0,7000.0,7000.0,0,0,0,0,0,0,0,0,0,0,0,0,0,0,0,0,0,0,0,0,17,2026-02-06 00:47:26.027604
WNTR,24.87,24.87,24.97,2102300.0,,,2232200.0,,,0,0,0,0,0,0,0,0,0,0,0,0,0,0,0,0,0,0,0,0,17,2026-02-06 00:47:26.027604
SPNG,24.63,24.46,24.52,14000.0,14000.0,1773400.0,2059400.0,7000.0,,0,0,0,0,0,0,0,0,0,0,0,0,0,0,0,0,0,0,0,0,18,2026-02-06 00:47:27.070790
SMMR,24.86,24.86,24.87,,,2314900.0,2329100.0,,,0,0,0,0,0,0,0,0,0,0,0,0,0,0,0,0,0,0,0,0,18,2026-02-06 00:47:27.070790
ATMN,24.71,24.71,24.98,,7000.0,2047400.0,1854400.0,7000.0,7000.0,0,0,0,0,0,0,0,0,0,0,0,0,0,0,0,0,0,0,0,0,18,2026-02-06 00:47:27.070790
WNTR,24.87,24.72,24.86,,,1979800.0,2207500.0,,,0,0,0,0,0,0,0,0,0,0,0,0,0,0,0,0,0,0,0,0,18,2026-02-06 00:47:27.070790
SPNG,25.37,24.46,25.37,14000.0,7000.0,1881500.0,2158900.0,,,0,0,0,0,0,0,0,0,0,0,0,0,0,0,0,0,0,0,0,0,19,2026-02-06 00:47:28.122330
SMMR,24.87,24.86,24.87,,,2272400.0,2329100.0,,,0,0,0,0,0,0,0,0,0,0,0,0,0,0,0,0,0,0,0,0,19,2026-02-06 00:47:28.122330
ATMN,24.71,24.71,24.98,,7000.0,2024000.0,1762700.0,17000.0,7000.0,0,0,0,0,0,0,0,0,0,0,0,0,0,0,0,0,0,0,0,0,19,2026-02-06 00:47:28.122330
WNTR,24.96,24.9,24.92,,,2172500.0,2192400.0,,,0,0,0,0,0,0,0,0,0,0,0,0,0,0,0,0,0,0,0,0,19,2026-02-06 00:47:28.122330
SPNG,25.42,24.46,25.42,7000.0,2003200.0,7000.0,2143000.0,,,0,0,0,0,0,0,0,0,0,0,0,0,0,0,0,0,0,0,0,0,20,2026-02-06 00:47:28.683221
SMMR,24.87,24.89,25.06,,2279800.0,,2324300.0,,,0,0,0,0,0,0,0,0,0,0,0,0,0,0,0,0,0,0,0,0,20,2026-02-06 00:47:28.683221
ATMN,24.71,24.95,24.97,7000.0,2035000.0,,1594700.0,27000.0,14000.0,0,0,0,0,0,0,0,0,0,0,0,0,0,0,0,0,0,0,0,0,20,2026-02-06 00:47:28.683221
WNTR,24.96,24.9,24.96,,2172500.0,,2189300.0,,,0,0,0,0,0,0,0,0,0,0,0,0,0,0,0,0,0,0,0,0,20,2026-02-06 00:47:28.683221
SPNG,25.42,25.19,25.3,1856200.0,7000.0,16600.0,1835500.0,7000.0,14000.0,0,0,0,0,0,0,0,0,0,0,0,0,0,0,0,0,0,0,0,0,21,2026-02-06 00:47:29.814104
SMMR,24.87,24.89,25.06,2250500.0,,,2348200.0,,,0,0,0,0,0,0,0,0,0,0,0,0,0,0,0,0,0,0,0,0,21,2026-02-06 00:47:29.814104
ATMN,24.95,24.95,24.97,2030900.0,7000.0,,1791600.0,7000.0,20000.0,0,0,0,0,0,0,0,0,0,0,0,0,0,0,0,0,0,0,0,0,21,2026-02-06 00:47:29.814104
WNTR,24.89,24.89,24.95,2076200.0,,,2216700.0,,,0,0,0,0,0,0,0,0,0,0,0,0,0,0,0,0,0,0,0,0,21,2026-02-06 00:47:29.814104
SPNG,25.3,24.98,25.3,2001000.0,7000.0,9600.0,1924900.0,7000.0,7000.0,0,0,0,0,0,0,0,0,0,0,0,0,0,0,0,0,0,0,0,0,22,2026-02-06 00:47:31.061491
SMMR,25.06,25.1,25.16,2284200.0,,,2347600.0,,,0,0,0,0,0,0,0,0,0,0,0,0,0,0,0,0,0,0,0,0,22,2026-02-06 00:47:31.061491
ATMN,24.98,24.95,24.98,1912200.0,14000.0,,1883100.0,7000.0,10000.0,0,0,0,0,0,0,0,0,0,0,0,0,0,0,0,0,0,0,0,0,22,2026-02-06 00:47:31.061491
WNTR,24.82,24.72,24.82,2072200.0,,,2234900.0,,,0,0,0,0,0,0,0,0,0,0,0,0,0,0,0,0,0,0,0,0,22,2026-02-06 00:47:31.061491
SPNG,25.3,24.98,25.13,2001000.0,15900.0,1921600.0,7000.0,7000.0,0,0,0,0,0,0,0,0,0,0,0,0,0,0,0,0,0,0,0,0,0,23,2026-02-06 00:47:32.145035
SMMR,24.88,25.09,25.16,2250400.0,,2337900.0,,,0,0,0,0,0,0,0,0,0,0,0,0,0,0,0,0,0,0,0,0,0,23,2026-02-06 00:47:32.145035
ATMN,24.69,24.69,24.98,2013900.0,7000.0,1791600.0,17000.0,7000.0,0,0,0,0,0,0,0,0,0,0,0,0,0,0,0,0,0,0,0,0,0,23,2026-02-06 00:47:32.145035
WNTR,24.97,24.89,24.97,2188500.0,,2172100.0,,,0,0,0,0,0,0,0,0,0,0,0,0,0,0,0,0,0,0,0,0,0,23,2026-02-06 00:47:32.145035
SPNG,24.98,24.78,24.98,15900.0,1986000.0,1939200.0,14000.0,,0,0,0,0,0,0,0,0,0,0,0,0,0,0,0,0,0,0,0,0,0,24,2026-02-06 00:47:33.198835
SMMR,24.88,24.86,24.87,,2216800.0,2329100.0,,,0,0,0,0,0,0,0,0,0,0,0,0,0,0,0,0,0,0,0,0,0,24,2026-02-06 00:47:33.198835
ATMN,25.04,24.8,25.04,7000.0,1894900.0,2127400.0,,7000.0,0,0,0,0,0,0,0,0,0,0,0,0,0,0,0,0,0,0,0,0,0,24,2026-02-06 00:47:33.198835
WNTR,24.97,24.72,24.97,,2072200.0,2207900.0,,,0,0,0,0,0,0,0,0,0,0,0,0,0,0,0,0,0,0,0,0,0,24,2026-02-06 00:47:33.198835
SPNG,25.3,24.98,25.02,17800.0,1986000.0,2021000.0,7000.0,,,0,0,0,0,0,0,0,0,0,0,0,0,0,0,0,0,0,0,0,0,25,2026-02-06 00:47:33.751667
SMMR,25.04,24.86,24.94,,2216800.0,2327400.0,,,,0,0,0,0,0,0,0,0,0,0,0,0,0,0,0,0,0,0,0,0,25,2026-02-06 00:47:33.751667
ATMN,25.07,24.8,25.07,7000.0,1894900.0,2004700.0,,7000.0,7000.0,0,0,0,0,0,0,0,0,0,0,0,0,0,0,0,0,0,0,0,0,25,2026-02-06 00:47:33.751667
WNTR,24.69,24.69,24.97,,2053200.0,2207900.0,,,,0,0,0,0,0,0,0,0,0,0,0,0,0,0,0,0,0,0,0,0,25,2026-02-06 00:47:33.751667
SPNG,25.02,25.2,25.3,2103600.0,7000.0,2048700.0,7000.0,,,0,0,0,0,0,0,0,0,0,0,0,0,0,0,0,0,0,0,0,0,26,2026-02-06 00:47:34.841405
SMMR,24.85,24.93,24.94,2231100.0,,2327400.0,,,,0,0,0,0,0,0,0,0,0,0,0,0,0,0,0,0,0,0,0,0,26,2026-02-06 00:47:34.841405
ATMN,25.07,24.84,25.07,1907000.0,7000.0,1854000.0,7000.0,7000.0,7000.0,0,0,0,0,0,0,0,0,0,0,0,0,0,0,0,0,0,0,0,0,26,2026-02-06 00:47:34.841405
WNTR,24.79,24.68,24.79,2033300.0,,2177900.0,,,,0,0,0,0,0,0,0,0,0,0,0,0,0,0,0,0,0,0,0,0,26,2026-02-06 00:47:34.841405
SPNG,25.2,24.69,24.81,2085000.0,7000.0,2038000.0,7000.0,,,0,0,0,0,0,0,0,0,0,0,0,0,0,0,0,0,0,0,0,0,27,2026-02-06 00:47:35.880507
SMMR,24.94,24.85,24.94,2204600.0,,2327400.0,,,,0,0,0,0,0,0,0,0,0,0,0,0,0,0,0,0,0,0,0,0,27,2026-02-06 00:47:35.880507
ATMN,25.07,24.99,25.04,1909400.0,7000.0,1878800.0,7000.0,7000.0,7000.0,0,0,0,0,0,0,0,0,0,0,0,0,0,0,0,0,0,0,0,0,27,2026-02-06 00:47:35.880507
WNTR,24.97,24.86,24.97,2155800.0,,2211900.0,,,,0,0,0,0,0,0,0,0,0,0,0,0,0,0,0,0,0,0,0,0,27,2026-02-06 00:47:35.880507
SPNG,25.42,24.46,25.42,7000.0,2088200.0,1948100.0,7000.0,7000.0,,0,0,0,0,0,0,0,0,0,0,0,0,0,0,0,0,0,0,0,0,28,2026-02-06 00:47:36.921819
SMMR,25.16,24.85,24.89,,2204600.0,2276800.0,,,,0,0,0,0,0,0,0,0,0,0,0,0,0,0,0,0,0,0,0,0,28,2026-02-06 00:47:36.921819
ATMN,24.84,24.84,25.04,7000.0,1907000.0,1774000.0,14000.0,7000.0,7000.0,0,0,0,0,0,0,0,0,0,0,0,0,0,0,0,0,0,0,0,0,28,2026-02-06 00:47:36.921819
WNTR,24.78,24.78,24.97,,2132500.0,2180200.0,,,,0,0,0,0,0,0,0,0,0,0,0,0,0,0,0,0,0,0,0,0,28,2026-02-06 00:47:36.921819
SPNG,25.43,24.73,25.43,1955600.0,7000.0,7000.0,2030600.0,7000.0,,0,0,0,0,0,0,0,0,0,0,0,0,0,0,0,0,0,0,0,0,29,2026-02-06 00:47:37.958804
SMMR,24.85,24.85,24.89,2219300.0,,,2326700.0,,,0,0,0,0,0,0,0,0,0,0,0,0,0,0,0,0,0,0,0,0,29,2026-02-06 00:47:37.958804
ATMN,25.1,24.93,25.09,1837500.0,14000.0,7000.0,1982900.0,,7000.0,0,0,0,0,0,0,0,0,0,0,0,0,0,0,0,0,0,0,0,0,29,2026-02-06 00:47:37.958804
WNTR,24.78,24.78,24.92,2180600.0,,,2153500.0,,,0,0,0,0,0,0,0,0,0,0,0,0,0,0,0,0,0,0,0,0,29,2026-02-06 00:47:37.958804
SPNG,25.43,25.04,25.33,1849100.0,14000.0,7000.0,2053100.0,7000.0,,0,0,0,0,0,0,0,0,0,0,0,0,0,0,0,0,0,0,0,0,30,2026-02-06 00:47:38.994206
SMMR,24.84,24.85,24.89,2199300.0,,,2326700.0,,,0,0,0,0,0,0,0,0,0,0,0,0,0,0,0,0,0,0,0,0,30,2026-02-06 00:47:38.994206
ATMN,24.93,24.93,25.04,1844300.0,7000.0,14000.0,1890700.0,7000.0,7000.0,0,0,0,0,0,0,0,0,0,0,0,0,0,0,0,0,0,0,0,0,30,2026-02-06 00:47:38.994206
WNTR,24.77,24.77,24.92,2192800.0,,,2153500.0,,,0,0,0,0,0,0,0,0,0,0,0,0,0,0,0,0,0,0,0,0,30,2026-02-06 00:47:38.994206
SPNG,25.04,25.04,25.12,1945300.0,7000.0,7000.0,2066600.0,7000.0,,0,0,0,0,0,0,0,0,0,0,0,0,0,0,0,0,0,0,0,0,31,2026-02-06 00:47:40.081257
SMMR,24.99,24.85,24.98,2199300.0,,,2275300.0,,,0,0,0,0,0,0,0,0,0,0,0,0,0,0,0,0,0,0,0,0,31,2026-02-06 00:47:40.081257
ATMN,25.11,24.93,25.11,1888800.0,14000.0,7000.0,1868600.0,7000.0,7000.0,0,0,0,0,0,0,0,0,0,0,0,0,0,0,0,0,0,0,0,0,31,2026-02-06 00:47:40.081257
WNTR,24.8,24.77,24.8,2190700.0,,,2123900.0,,,0,0,0,0,0,0,0,0,0,0,0,0,0,0,0,0,0,0,0,0,31,2026-02-06 00:47:40.081257
SPNG,24.93,24.81,24.93,1856100.0,7000.0,14000.0,1935200.0,7000.0,7000.0,0,0,0,0,0,0,0,0,0,0,0,0,0,0,0,0,0,0,0,0,32,2026-02-06 00:47:41.140229
SMMR,25.19,25.11,25.19,2227300.0,,,2300300.0,,,0,0,0,0,0,0,0,0,0,0,0,0,0,0,0,0,0,0,0,0,32,2026-02-06 00:47:41.140229
ATMN,25.11,24.98,25.11,1890900.0,14000.0,7000.0,1834800.0,7000.0,7000.0,0,0,0,0,0,0,0,0,0,0,0,0,0,0,0,0,0,0,0,0,32,2026-02-06 00:47:41.140229
WNTR,24.73,24.73,24.8,2171700.0,,,2165200.0,,,0,0,0,0,0,0,0,0,0,0,0,0,0,0,0,0,0,0,0,0,32,2026-02-06 00:47:41.140229
SPNG,25.12,24.81,25.12,1972100.0,7000.0,7000.0,1955900.0,7000.0,7000.0,0,0,0,0,0,0,0,0,0,0,0,0,0,0,0,0,0,0,0,0,33,2026-02-06 00:47:42.184471
SMMR,24.85,24.85,25.19,2199300.0,,,2300300.0,,,0,0,0,0,0,0,0,0,0,0,0,0,0,0,0,0,0,0,0,0,33,2026-02-06 00:47:42.184471
ATMN,24.98,25.01,25.11,1789700.0,17000.0,17000.0,1834800.0,7000.0,7000.0,0,0,0,0,0,0,0,0,0,0,0,0,0,0,0,0,0,0,0,0,33,2026-02-06 00:47:42.184471
WNTR,24.9,24.73,24.9,2175300.0,,,2170600.0,,,0,0,0,0,0,0,0,0,0,0,0,0,0,0,0,0,0,0,0,0,33,2026-02-06 00:47:42.184471
SPNG,25.12,25.26,25.32,1948300.0,7000.0,7000.0,7000.0,1927600.0,7000.0,0,0,0,0,0,0,0,0,0,0,0,0,0,0,0,0,0,0,0,0,34,2026-02-06 00:47:43.221257
SMMR,24.86,24.85,24.86,2217000.0,,,,2330000.0,,0,0,0,0,0,0,0,0,0,0,0,0,0,0,0,0,0,0,0,0,34,2026-02-06 00:47:43.221257
ATMN,25.15,25.01,25.15,1676200.0,27000.0,17000.0,,2068200.0,,0,0,0,0,0,0,0,0,0,0,0,0,0,0,0,0,0,0,0,0,34,2026-02-06 00:47:43.221257
WNTR,24.92,24.95,24.97,2160700.0,,,,2161800.0,,0,0,0,0,0,0,0,0,0,0,0,0,0,0,0,0,0,0,0,0,34,2026-02-06 00:47:43.221257
SPNG,25.07,24.82,24.92,7000.0,1937100.0,7000.0,1906800.0,7000.0,7000.0,0,0,0,0,0,0,0,0,0,0,0,0,0,0,0,0,0,0,0,0,35,2026-02-06 00:47:44.261330
SMMR,24.87,24.85,24.87,,2262400.0,,2303100.0,,,0,0,0,0,0,0,0,0,0,0,0,0,0,0,0,0,0,0,0,0,35,2026-02-06 00:47:44.261330
ATMN,24.98,24.98,25.17,,2207600.0,,2090600.0,,,0,0,0,0,0,0,0,0,0,0,0,0,0,0,0,0,0,0,0,0,35,2026-02-06 00:47:44.261330
WNTR,24.68,24.68,24.84,,2135700.0,,2148300.0,,,0,0,0,0,0,0,0,0,0,0,0,0,0,0,0,0,0,0,0,0,35,2026-02-06 00:47:44.261330
SPNG,25.09,24.81,25.09,2067400.0,7000.0,1763800.0,14000.0,7000.0,0,0,0,0,0,0,0,0,0,0,0,0,0,0,0,0,0,0,0,0,0,36,2026-02-06 00:47:44.807619
SMMR,24.87,24.94,25.06,2268400.0,,2308300.0,,,0,0,0,0,0,0,0,0,0,0,0,0,0,0,0,0,0,0,0,0,0,36,2026-02-06 00:47:44.807619
ATMN,24.93,25.16,25.17,2181600.0,,2090600.0,,,0,0,0,0,0,0,0,0,0,0,0,0,0,0,0,0,0,0,0,0,0,36,2026-02-06 00:47:44.807619
WNTR,24.68,24.83,24.84,2144500.0,,2191000.0,,,0,0,0,0,0,0,0,0,0,0,0,0,0,0,0,0,0,0,0,0,0,36,2026-02-06 00:47:44.807619
SPNG,25.44,24.81,25.44,1916800.0,7000.0,7000.0,2107600.0,,0,0,0,0,0,0,0,0,0,0,0,0,0,0,0,0,0,0,0,0,0,37,2026-02-06 00:47:45.887547
SMMR,24.84,24.99,25.04,2237800.0,,,2293400.0,,0,0,0,0,0,0,0,0,0,0,0,0,0,0,0,0,0,0,0,0,0,37,2026-02-06 00:47:45.887547
ATMN,25.18,25.16,25.17,1971700.0,7000.0,7000.0,1993900.0,7000.0,0,0,0,0,0,0,0,0,0,0,0,0,0,0,0,0,0,0,0,0,0,37,2026-02-06 00:47:45.887547
WNTR,24.83,24.68,24.71,2167200.0,,,2190700.0,,0,0,0,0,0,0,0,0,0,0,0,0,0,0,0,0,0,0,0,0,0,37,2026-02-06 00:47:45.887547
SPNG,25.03,25.35,25.38,1903500.0,7000.0,7000.0,1867300.0,7000.0,7000.0,0,0,0,0,0,0,0,0,0,0,0,0,0,0,0,0,0,0,0,0,38,2026-02-06 00:47:46.929255
SMMR,24.99,24.99,25.04,2255100.0,,,2318700.0,,,0,0,0,0,0,0,0,0,0,0,0,0,0,0,0,0,0,0,0,0,38,2026-02-06 00:47:46.929255
ATMN,25.13,24.93,25.13,1981100.0,7000.0,7000.0,1889700.0,7000.0,7000.0,0,0,0,0,0,0,0,0,0,0,0,0,0,0,0,0,0,0,0,0,38,2026-02-06 00:47:46.929255
WNTR,24.67,24.67,24.87,2131600.0,,,2170600.0,,,0,0,0,0,0,0,0,0,0,0,0,0,0,0,0,0,0,0,0,0,38,2026-02-06 00:47:46.929255
SPNG,25.03,25.35,25.38,1903500.0,7000.0,7000.0,1878600.0,7000.0,7000.0,0,0,0,0,0,0,0,0,0,0,0,0,0,0,0,0,0,0,0,0,39,2026-02-06 00:47:47.990683
SMMR,25.06,24.99,25.06,2255100.0,,,2333800.0,,,0,0,0,0,0,0,0,0,0,0,0,0,0,0,0,0,0,0,0,0,39,2026-02-06 00:47:47.990683
ATMN,25.18,25.12,25.18,1890100.0,14000.0,7000.0,1993900.0,7000.0,,0,0,0,0,0,0,0,0,0,0,0,0,0,0,0,0,0,0,0,0,39,2026-02-06 00:47:47.990683
WNTR,24.67,24.67,24.71,2122600.0,,,2213300.0,,,0,0,0,0,0,0,0,0,0,0,0,0,0,0,0,0,0,0,0,0,39,2026-02-06 00:47:47.990683
SPNG,25.34,24.81,25.22,1916800.0,7000.0,7000.0,1768200.0,14000.0,7000.0,0,0,0,0,0,0,0,0,0,0,0,0,0,0,0,0,0,0,0,0,40,2026-02-06 00:47:49.044256
SMMR,24.99,24.84,24.86,2267300.0,,,2353300.0,,,0,0,0,0,0,0,0,0,0,0,0,0,0,0,0,0,0,0,0,0,40,2026-02-06 00:47:49.044256
ATMN,25.19,24.9,25.19,1956100.0,7000.0,7000.0,1954800.0,,7000.0,0,0,0,0,0,0,0,0,0,0,0,0,0,0,0,0,0,0,0,0,40,2026-02-06 00:47:49.044256
WNTR,24.71,24.81,24.87,2129300.0,,,2203800.0,,,0,0,0,0,0,0,0,0,0,0,0,0,0,0,0,0,0,0,0,0,40,2026-02-06 00:47:49.044256
SPNG,25.22,24.81,25.22,1925800.0,7000.0,7000.0,1879300.0,7000.0,7000.0,0,0,0,0,0,0,0,0,0,0,0,0,0,0,0,0,0,0,0,0,41,2026-02-06 00:47:50.086692
SMMR,24.86,24.84,24.86,2237600.0,,,2353300.0,,,0,0,0,0,0,0,0,0,0,0,0,0,0,0,0,0,0,0,0,0,41,2026-02-06 00:47:50.086692
ATMN,25.26,25.08,25.26,1967600.0,7000.0,7000.0,2076600.0,,,0,0,0,0,0,0,0,0,0,0,0,0,0,0,0,0,0,0,0,0,41,2026-02-06 00:47:50.086692
WNTR,24.67,24.67,24.81,2122600.0,,,2197300.0,,,0,0,0,0,0,0,0,0,0,0,0,0,0,0,0,0,0,0,0,0,41,2026-02-06 00:47:50.086692
SPNG,25.44,24.92,25.43,1841500.0,14000.0,7000.0,7000.0,1916400.0,7000.0,0,0,0,0,0,0,0,0,0,0,0,0,0,0,0,0,0,0,0,0,42,2026-02-06 00:47:51.136153
SMMR,24.84,24.84,25.06,2237600.0,,,,2344000.0,,0,0,0,0,0,0,0,0,0,0,0,0,0,0,0,0,0,0,0,0,42,2026-02-06 00:47:51.136153
ATMN,24.97,25.09,25.26,1966000.0,7000.0,7000.0,7000.0,1873900.0,7000.0,0,0,0,0,0,0,0,0,0,0,0,0,0,0,0,0,0,0,0,0,42,2026-02-06 00:47:51.136153
WNTR,24.73,24.63,24.73,2153500.0,,,,2204400.0,,0,0,0,0,0,0,0,0,0,0,0,0,0,0,0,0,0,0,0,0,42,2026-02-06 00:47:51.136153
SPNG,25.04,24.93,25.04,24000.0,1733400.0,7000.0,1916000.0,7000.0,7000.0,0,0,0,0,0,0,0,0,0,0,0,0,0,0,0,0,0,0,0,0,43,2026-02-06 00:47:52.171785
SMMR,25.08,24.84,25.08,,2237600.0,,2320900.0,,,0,0,0,0,0,0,0,0,0,0,0,0,0,0,0,0,0,0,0,0,43,2026-02-06 00:47:52.171785
ATMN,25.34,24.91,25.28,17000.0,1850600.0,7000.0,2004500.0,,7000.0,0,0,0,0,0,0,0,0,0,0,0,0,0,0,0,0,0,0,0,0,43,2026-02-06 00:47:52.171785
WNTR,24.73,24.7,24.73,,2145200.0,,2204400.0,,,0,0,0,0,0,0,0,0,0,0,0,0,0,0,0,0,0,0,0,0,43,2026-02-06 00:47:52.171785
SPNG,25.45,24.93,25.15,24000.0,1742100.0,7000.0,2150900.0,,0,0,0,0,0,0,0,0,0,0,0,0,0,0,0,0,0,0,0,0,0,44,2026-02-06 00:47:53.224471
SMMR,24.94,24.94,25.08,,2238000.0,,2320900.0,,0,0,0,0,0,0,0,0,0,0,0,0,0,0,0,0,0,0,0,0,0,44,2026-02-06 00:47:53.224471
ATMN,24.9,24.9,25.28,7000.0,1955200.0,7000.0,2023100.0,7000.0,0,0,0,0,0,0,0,0,0,0,0,0,0,0,0,0,0,0,0,0,0,44,2026-02-06 00:47:53.224471
WNTR,24.73,24.73,24.87,,2147700.0,,2203800.0,,0,0,0,0,0,0,0,0,0,0,0,0,0,0,0,0,0,0,0,0,0,44,2026-02-06 00:47:53.224471
SPNG,25.15,24.93,25.15,24000.0,1776300.0,7000.0,2048500.0,7000.0,,0,0,0,0,0,0,0,0,0,0,0,0,0,0,0,0,0,0,0,0,45,2026-02-06 00:47:54.276288
SMMR,24.84,24.84,25.02,,2296700.0,,2330400.0,,,0,0,0,0,0,0,0,0,0,0,0,0,0,0,0,0,0,0,0,0,45,2026-02-06 00:47:54.276288
ATMN,25.34,24.9,25.33,7000.0,1955800.0,7000.0,1806400.0,7000.0,14000.0,0,0,0,0,0,0,0,0,0,0,0,0,0,0,0,0,0,0,0,0,45,2026-02-06 00:47:54.276288
WNTR,24.65,24.65,24.79,,2162600.0,,2189200.0,,,0,0,0,0,0,0,0,0,0,0,0,0,0,0,0,0,0,0,0,0,45,2026-02-06 00:47:54.276288
SPNG,25.15,25.17,25.45,1764500.0,24000.0,7000.0,2039500.0,7000.0,,0,0,0,0,0,0,0,0,0,0,0,0,0,0,0,0,0,0,0,0,46,2026-02-06 00:47:55.319012
SMMR,25.02,24.87,25.02,2301200.0,,,2330400.0,,,0,0,0,0,0,0,0,0,0,0,0,0,0,0,0,0,0,0,0,0,46,2026-02-06 00:47:55.319012
ATMN,25.34,25.23,25.26,1857900.0,7000.0,14000.0,1712400.0,14000.0,14000.0,0,0,0,0,0,0,0,0,0,0,0,0,0,0,0,0,0,0,0,0,46,2026-02-06 00:47:55.319012
WNTR,24.63,24.63,24.79,2156300.0,,,2180800.0,,,0,0,0,0,0,0,0,0,0,0,0,0,0,0,0,0,0,0,0,0,46,2026-02-06 00:47:55.319012
SPNG,25.15,25.18,25.45,27000.0,1660000.0,14000.0,2034700.0,7000.0,,0,0,0,0,0,0,0,0,0,0,0,0,0,0,0,0,0,0,0,0,47,2026-02-06 00:47:56.363637
SMMR,25.07,24.98,25.07,,2294400.0,,2359200.0,,,0,0,0,0,0,0,0,0,0,0,0,0,0,0,0,0,0,0,0,0,47,2026-02-06 00:47:56.363637
ATMN,25.23,25.23,25.26,7000.0,1958800.0,7000.0,1797300.0,7000.0,14000.0,0,0,0,0,0,0,0,0,0,0,0,0,0,0,0,0,0,0,0,0,47,2026-02-06 00:47:56.363637
WNTR,24.79,24.62,24.79,,2181600.0,,2180800.0,,,0,0,0,0,0,0,0,0,0,0,0,0,0,0,0,0,0,0,0,0,47,2026-02-06 00:47:56.363637
SPNG,25.14,25.14,25.45,1752700.0,14000.0,17000.0,2034700.0,7000.0,,0,0,0,0,0,0,0,0,0,0,0,0,0,0,0,0,0,0,0,0,48,2026-02-06 00:47:56.901037
SMMR,24.98,24.98,25.07,2294400.0,,,2371100.0,,,0,0,0,0,0,0,0,0,0,0,0,0,0,0,0,0,0,0,0,0,48,2026-02-06 00:47:56.901037
ATMN,24.81,24.81,25.26,2132700.0,,,1797300.0,14000.0,7000.0,0,0,0,0,0,0,0,0,0,0,0,0,0,0,0,0,0,0,0,0,48,2026-02-06 00:47:56.901037
WNTR,24.92,24.62,24.92,2181600.0,,,2167400.0,,,0,0,0,0,0,0,0,0,0,0,0,0,0,0,0,0,0,0,0,0,48,2026-02-06 00:47:56.901037
SPNG,24.89,24.9,25.45,14000.0,1855100.0,7000.0,1924000.0,7000.0,7000.0,0,0,0,0,0,0,0,0,0,0,0,0,0,0,0,0,0,0,0,0,49,2026-02-06 00:47:57.945350
SMMR,24.87,24.87,25.07,,2301200.0,,2380700.0,,,0,0,0,0,0,0,0,0,0,0,0,0,0,0,0,0,0,0,0,0,49,2026-02-06 00:47:57.945350
ATMN,25.09,24.82,25.09,,1918600.0,14000.0,1942400.0,7000.0,7000.0,0,0,0,0,0,0,0,0,0,0,0,0,0,0,0,0,0,0,0,0,49,2026-02-06 00:47:57.945350
WNTR,24.65,24.61,24.65,,2152300.0,,2158300.0,,,0,0,0,0,0,0,0,0,0,0,0,0,0,0,0,0,0,0,0,0,49,2026-02-06 00:47:57.945350
SPNG,24.89,24.89,25.44,1837400.0,14000.0,7000.0,1916600.0,7000.0,7000.0,0,0,0,0,0,0,0,0,0,0,0,0,0,0,0,0,0,0,0,0,50,2026-02-06 00:47:58.973706
SMMR,24.87,24.84,24.87,2296700.0,,,2400800.0,,,0,0,0,0,0,0,0,0,0,0,0,0,0,0,0,0,0,0,0,0,50,2026-02-06 00:47:58.973706
ATMN,25.13,25.07,25.13,1942100.0,7000.0,7000.0,1917800.0,7000.0,7000.0,0,0,0,0,0,0,0,0,0,0,0,0,0,0,0,0,0,0,0,0,50,2026-02-06 00:47:58.973706
WNTR,24.92,24.88,24.89,2135200.0,,,2162700.0,,,0,0,0,0,0,0,0,0,0,0,0,0,0,0,0,0,0,0,0,0,50,2026-02-06 00:47:58.973706
SPNG,24.81,24.81,25.31,2179800.0,2034100.0,7000.0,,,,0,0,0,0,0,0,0,0,0,0,0,0,0,0,0,0,0,0,0,0,51,2026-02-06 00:48:00.020402
SMMR,24.87,24.98,25.07,2305200.0,2408900.0,,,,,0,0,0,0,0,0,0,0,0,0,0,0,0,0,0,0,0,0,0,0,51,2026-02-06 00:48:00.020402
ATMN,24.8,24.82,25.05,1915500.0,1816300.0,7000.0,7000.0,7000.0,14000.0,0,0,0,0,0,0,0,0,0,0,0,0,0,0,0,0,0,0,0,0,51,2026-02-06 00:48:00.020402
WNTR,24.68,24.68,24.79,2156600.0,2156800.0,,,,,0,0,0,0,0,0,0,0,0,0,0,0,0,0,0,0,0,0,0,0,51,2026-02-06 00:48:00.020402
SPNG,25.19,24.81,25.05,2179800.0,2010700.0,7000.0,0,0,0,0,0,0,0,0,0,0,0,0,0,0,0,0,0,0,0,0,0,0,0,52,2026-02-06 00:48:01.069289
SMMR,25.1,24.98,25.07,2285700.0,2375800.0,,0,0,0,0,0,0,0,0,0,0,0,0,0,0,0,0,0,0,0,0,0,0,0,52,2026-02-06 00:48:01.069289
ATMN,24.78,24.79,25.04,2168700.0,2012900.0,7000.0,0,0,0,0,0,0,0,0,0,0,0,0,0,0,0,0,0,0,0,0,0,0,0,52,2026-02-06 00:48:01.069289
WNTR,24.79,24.61,24.79,2160200.0,2156800.0,,0,0,0,0,0,0,0,0,0,0,0,0,0,0,0,0,0,0,0,0,0,0,0,52,2026-02-06 00:48:01.069289
SPNG,24.81,24.81,25.31,2200200.0,2138100.0,,0,0,0,0,0,0,0,0,0,0,0,0,0,0,0,0,0,0,0,0,0,0,0,53,2026-02-06 00:48:02.105578
SMMR,24.98,24.88,24.94,2275800.0,2354600.0,,0,0,0,0,0,0,0,0,0,0,0,0,0,0,0,0,0,0,0,0,0,0,0,53,2026-02-06 00:48:02.105578
ATMN,24.78,24.97,25.04,2190900.0,2036900.0,7000.0,0,0,0,0,0,0,0,0,0,0,0,0,0,0,0,0,0,0,0,0,0,0,0,53,2026-02-06 00:48:02.105578
WNTR,24.76,24.76,24.79,2153000.0,2147400.0,,0,0,0,0,0,0,0,0,0,0,0,0,0,0,0,0,0,0,0,0,0,0,0,53,2026-02-06 00:48:02.105578
SPNG,24.81,25.08,25.31,2181600.0,2100800.0,0,0,0,0,0,0,0,0,0,0,0,0,0,0,0,0,0,0,0,0,0,0,0,0,54,2026-02-06 00:48:03.153129
SMMR,24.94,24.97,25.07,2339600.0,2367100.0,0,0,0,0,0,0,0,0,0,0,0,0,0,0,0,0,0,0,0,0,0,0,0,0,54,2026-02-06 00:48:03.153129
ATMN,25.12,24.79,25.12,2191000.0,2133900.0,0,0,0,0,0,0,0,0,0,0,0,0,0,0,0,0,0,0,0,0,0,0,0,0,54,2026-02-06 00:48:03.153129
WNTR,24.76,24.61,24.69,2151700.0,2149400.0,0,0,0,0,0,0,0,0,0,0,0,0,0,0,0,0,0,0,0,0,0,0,0,0,54,2026-02-06 00:48:03.153129
SPNG,25.44,25.08,25.44,2152000.0,2102800.0,0,0,0,0,0,0,0,0,0,0,0,0,0,0,0,0,0,0,0,0,0,0,0,0,55,2026-02-06 00:48:04.216954
SMMR,24.85,24.85,25.02,2312300.0,2372800.0,0,0,0,0,0,0,0,0,0,0,0,0,0,0,0,0,0,0,0,0,0,0,0,0,55,2026-02-06 00:48:04.216954
ATMN,25.12,25.06,25.12,2146500.0,2133900.0,0,0,0,0,0,0,0,0,0,0,0,0,0,0,0,0,0,0,0,0,0,0,0,0,55,2026-02-06 00:48:04.216954
WNTR,24.71,24.61,24.68,2160600.0,2194900.0,0,0,0,0,0,0,0,0,0,0,0,0,0,0,0,0,0,0,0,0,0,0,0,0,55,2026-02-06 00:48:04.216954
SPNG,25.44,25.08,25.13,2177900.0,2095900.0,0,0,0,0,0,0,0,0,0,0,0,0,0,0,0,0,0,0,0,0,0,0,0,0,56,2026-02-06 00:48:05.271471
SMMR,24.96,24.96,25.02,2349400.0,2365500.0,0,0,0,0,0,0,0,0,0,0,0,0,0,0,0,0,0,0,0,0,0,0,0,0,56,2026-02-06 00:48:05.271471
ATMN,25.26,24.84,25.26,2168000.0,2113200.0,0,0,0,0,0,0,0,0,0,0,0,0,0,0,0,0,0,0,0,0,0,0,0,0,56,2026-02-06 00:48:05.271471
WNTR,24.71,24.69,24.71,2210700.0,2175700.0,0,0,0,0,0,0,0,0,0,0,0,0,0,0,0,0,0,0,0,0,0,0,0,0,56,2026-02-06 00:48:05.271471
SPNG,25.13,25.21,25.44,2153500.0,2094100.0,0,0,0,0,0,0,0,0,0,0,0,0,0,0,0,0,0,0,0,0,0,0,0,0,57,2026-02-06 00:48:06.305220
SMMR,24.84,24.84,25.02,2303500.0,2386900.0,0,0,0,0,0,0,0,0,0,0,0,0,0,0,0,0,0,0,0,0,0,0,0,0,57,2026-02-06 00:48:06.305220
ATMN,25.26,24.84,25.26,2168000.0,2113800.0,0,0,0,0,0,0,0,0,0,0,0,0,0,0,0,0,0,0,0,0,0,0,0,0,57,2026-02-06 00:48:06.305220
WNTR,24.73,24.61,24.7,2187600.0,2167200.0,0,0,0,0,0,0,0,0,0,0,0,0,0,0,0,0,0,0,0,0,0,0,0,0,57,2026-02-06 00:48:06.305220
SPNG,25.21,25.21,25.44,2153500.0,2094100.0,0,0,0,0,0,0,0,0,0,0,0,0,0,0,0,0,0,0,0,0,0,0,0,0,58,2026-02-06 00:48:07.337131
SMMR,25.0,24.84,25.0,2282700.0,2390500.0,0,0,0,0,0,0,0,0,0,0,0,0,0,0,0,0,0,0,0,0,0,0,0,0,58,2026-02-06 00:48:07.337131
ATMN,25.26,24.97,25.26,2162000.0,2129200.0,0,0,0,0,0,0,0,0,0,0,0,0,0,0,0,0,0,0,0,0,0,0,0,0,58,2026-02-06 00:48:07.337131
WNTR,24.81,24.61,24.81,2191800.0,2139000.0,0,0,0,0,0,0,0,0,0,0,0,0,0,0,0,0,0,0,0,0,0,0,0,0,58,2026-02-06 00:48:07.337131
SPNG,25.21,25.08,25.16,2177900.0,2097800.0,0,0,0,0,0,0,0,0,0,0,0,0,0,0,0,0,0,0,0,0,0,0,0,0,59,2026-02-06 00:48:08.372822
SMMR,25.05,24.84,25.05,2276100.0,2389000.0,0,0,0,0,0,0,0,0,0,0,0,0,0,0,0,0,0,0,0,0,0,0,0,0,59,2026-02-06 00:48:08.372822
ATMN,25.27,24.86,25.27,2179000.0,2108700.0,0,0,0,0,0,0,0,0,0,0,0,0,0,0,0,0,0,0,0,0,0,0,0,0,59,2026-02-06 00:48:08.372822
WNTR,24.81,24.61,24.66,2193900.0,2110600.0,0,0,0,0,0,0,0,0,0,0,0,0,0,0,0,0,0,0,0,0,0,0,0,0,59,2026-02-06 00:48:08.372822
SPNG,25.16,26.13,27.25,870800.0,734600.0,0,0,0,0,0,0,0,0,0,0,0,0,0,0,0,0,0,0,0,0,0,0,0,0,60,2026-02-06 00:48:09.403401
SMMR,25.05,25.94,26.27,847700.0,853600.0,0,0,0,0,0,0,0,0,0,0,0,0,0,0,0,0,0,0,0,0,0,0,0,0,60,2026-02-06 00:48:09.403401
ATMN,25.27,25.03,25.2,871500.0,856200.0,0,0,0,0,0,0,0,0,0,0,0,0,0,0,0,0,0,0,0,0,0,0,0,0,60,2026-02-06 00:48:09.403401
WNTR,24.81,25.27,25.3,885300.0,905600.0,0,0,0,0,0,0,0,0,0,0,0,0,0,0,0,0,0,0,0,0,0,0,0,0,60,2026-02-06 00:48:09.403401
SPNG,26.04,24.94,26.01,7000.0,933300.0,933200.0,7000.0,,0,0,0,0,0,0,0,0,0,0,0,0,0,0,0,0,0,0,0,0,0,61,2026-02-06 00:48:10.431611
SMMR,25.05,25.94,26.03,,847700.0,1342000.0,,,0,0,0,0,0,0,0,0,0,0,0,0,0,0,0,0,0,0,0,0,0,61,2026-02-06 00:48:10.431611
ATMN,25.02,25.03,25.2,,940300.0,1023100.0,,7000.0,0,0,0,0,0,0,0,0,0,0,0,0,0,0,0,0,0,0,0,0,0,61,2026-02-06 00:48:10.431611
WNTR,25.27,25.04,25.14,,942200.0,1013000.0,,,0,0,0,0,0,0,0,0,0,0,0,0,0,0,0,0,0,0,0,0,0,61,2026-02-06 00:48:10.431611
SPNG,26.04,24.94,25.66,7000.0,7000.0,933300.0,1172300.0,7000.0,,0,0,0,0,0,0,0,0,0,0,0,0,0,0,0,0,0,0,0,0,62,2026-02-06 00:48:10.962203
SMMR,25.65,25.3,25.6,,,900000.0,1582900.0,,,0,0,0,0,0,0,0,0,0,0,0,0,0,0,0,0,0,0,0,0,62,2026-02-06 00:48:10.962203
ATMN,25.02,25.02,25.2,,,1032100.0,1023100.0,7000.0,7000.0,0,0,0,0,0,0,0,0,0,0,0,0,0,0,0,0,0,0,0,0,62,2026-02-06 00:48:10.962203
WNTR,25.27,25.04,25.14,,,1170700.0,1013000.0,,,0,0,0,0,0,0,0,0,0,0,0,0,0,0,0,0,0,0,0,0,62,2026-02-06 00:48:10.962203
SPNG,26.04,24.94,25.4,7000.0,933300.0,7000.0,1452300.0,7000.0,7000.0,0,0,0,0,0,0,0,0,0,0,0,0,0,0,0,0,0,0,0,0,63,2026-02-06 00:48:12.015205
SMMR,25.09,24.94,25.09,,915600.0,,1949400.0,,,0,0,0,0,0,0,0,0,0,0,0,0,0,0,0,0,0,0,0,0,63,2026-02-06 00:48:12.015205
ATMN,25.2,24.99,25.2,7000.0,1204300.0,7000.0,1023100.0,7000.0,7000.0,0,0,0,0,0,0,0,0,0,0,0,0,0,0,0,0,0,0,0,0,63,2026-02-06 00:48:12.015205
WNTR,25.14,25.29,25.3,,1375200.0,,1141800.0,,,0,0,0,0,0,0,0,0,0,0,0,0,0,0,0,0,0,0,0,0,63,2026-02-06 00:48:12.015205
SPNG,24.93,24.94,25.27,14000.0,933300.0,1658800.0,14000.0,7000.0,,0,0,0,0,0,0,0,0,0,0,0,0,0,0,0,0,0,0,0,0,64,2026-02-06 00:48:13.052251
SMMR,24.94,24.94,25.05,,915600.0,2172000.0,,,,0,0,0,0,0,0,0,0,0,0,0,0,0,0,0,0,0,0,0,0,64,2026-02-06 00:48:13.052251
ATMN,24.82,24.68,24.82,,1289300.0,1244000.0,14000.0,14000.0,7000.0,0,0,0,0,0,0,0,0,0,0,0,0,0,0,0,0,0,0,0,0,64,2026-02-06 00:48:13.052251
WNTR,25.3,25.31,25.32,,1688800.0,1032600.0,,,,0,0,0,0,0,0,0,0,0,0,0,0,0,0,0,0,0,0,0,0,64,2026-02-06 00:48:13.052251
SPNG,24.93,24.94,25.27,7000.0,933300.0,7000.0,1755700.0,7000.0,14000.0,0,0,0,0,0,0,0,0,0,0,0,0,0,0,0,0,0,0,0,0,65,2026-02-06 00:48:14.090134
SMMR,24.9,24.9,25.02,,929100.0,,2349400.0,,,0,0,0,0,0,0,0,0,0,0,0,0,0,0,0,0,0,0,0,0,65,2026-02-06 00:48:14.090134
ATMN,24.82,24.76,24.82,7000.0,1609700.0,7000.0,1244000.0,14000.0,14000.0,0,0,0,0,0,0,0,0,0,0,0,0,0,0,0,0,0,0,0,0,65,2026-02-06 00:48:14.090134
WNTR,25.31,25.31,25.4,,1688800.0,,1003400.0,,,0,0,0,0,0,0,0,0,0,0,0,0,0,0,0,0,0,0,0,0,65,2026-02-06 00:48:14.090134
SPNG,24.93,24.93,25.27,933300.0,7000.0,7000.0,1798300.0,7000.0,14000.0,0,0,0,0,0,0,0,0,0,0,0,0,0,0,0,0,0,0,0,0,66,2026-02-06 00:48:15.125281
SMMR,24.9,24.9,25.02,1047400.0,,,2370300.0,,,0,0,0,0,0,0,0,0,0,0,0,0,0,0,0,0,0,0,0,0,66,2026-02-06 00:48:15.125281
ATMN,24.97,24.97,25.2,1965200.0,7000.0,7000.0,994200.0,14000.0,7000.0,0,0,0,0,0,0,0,0,0,0,0,0,0,0,0,0,0,0,0,0,66,2026-02-06 00:48:15.125281
WNTR,25.4,25.4,25.45,1812400.0,,,1214200.0,,,0,0,0,0,0,0,0,0,0,0,0,0,0,0,0,0,0,0,0,0,66,2026-02-06 00:48:15.125281
SPNG,25.27,24.46,25.27,1140900.0,1702200.0,21000.0,7000.0,,,0,0,0,0,0,0,0,0,0,0,0,0,0,0,0,0,0,0,0,0,67,2026-02-06 00:48:16.171444
SMMR,24.9,24.9,25.02,923400.0,2359900.0,,,,,0,0,0,0,0,0,0,0,0,0,0,0,0,0,0,0,0,0,0,0,67,2026-02-06 00:48:16.171444
ATMN,24.97,24.97,25.2,1965200.0,1201100.0,7000.0,14000.0,7000.0,7000.0,0,0,0,0,0,0,0,0,0,0,0,0,0,0,0,0,0,0,0,0,67,2026-02-06 00:48:16.171444
WNTR,25.31,25.4,25.45,1792200.0,1336200.0,,,,,0,0,0,0,0,0,0,0,0,0,0,0,0,0,0,0,0,0,0,0,67,2026-02-06 00:48:16.171444
SPNG,25.27,24.93,25.27,1462800.0,7000.0,7000.0,1597900.0,31000.0,7000.0,0,0,0,0,0,0,0,0,0,0,0,0,0,0,0,0,0,0,0,0,68,2026-02-06 00:48:17.250827
SMMR,24.81,24.81,24.82,1079900.0,,,2359900.0,,,0,0,0,0,0,0,0,0,0,0,0,0,0,0,0,0,0,0,0,0,68,2026-02-06 00:48:17.250827
ATMN,24.68,24.9,25.2,1853800.0,,,1201100.0,7000.0,7000.0,0,0,0,0,0,0,0,0,0,0,0,0,0,0,0,0,0,0,0,0,68,2026-02-06 00:48:17.250827
WNTR,25.4,25.32,25.39,2128700.0,,,1336200.0,,,0,0,0,0,0,0,0,0,0,0,0,0,0,0,0,0,0,0,0,0,68,2026-02-06 00:48:17.250827
SPNG,24.46,24.46,25.01,1371900.0,7000.0,7000.0,1718600.0,24000.0,7000.0,0,0,0,0,0,0,0,0,0,0,0,0,0,0,0,0,0,0,0,0,69,2026-02-06 00:48:18.292912
SMMR,24.66,24.68,24.82,1330600.0,,,2359900.0,,,0,0,0,0,0,0,0,0,0,0,0,0,0,0,0,0,0,0,0,0,69,2026-02-06 00:48:18.292912
ATMN,24.96,24.73,24.96,1868400.0,7000.0,,1327900.0,7000.0,7000.0,0,0,0,0,0,0,0,0,0,0,0,0,0,0,0,0,0,0,0,0,69,2026-02-06 00:48:18.292912
WNTR,25.47,25.32,25.47,2128700.0,,,1208900.0,,,0,0,0,0,0,0,0,0,0,0,0,0,0,0,0,0,0,0,0,0,69,2026-02-06 00:48:18.292912
SPNG,25.27,24.74,24.92,1463300.0,7000.0,7000.0,1586300.0,24000.0,14000.0,0,0,0,0,0,0,0,0,0,0,0,0,0,0,0,0,0,0,0,0,70,2026-02-06 00:48:19.332090
SMMR,24.66,24.69,24.82,1564100.0,,,2354000.0,,,0,0,0,0,0,0,0,0,0,0,0,0,0,0,0,0,0,0,0,0,70,2026-02-06 00:48:19.332090
ATMN,25.23,24.77,24.95,2101400.0,,7000.0,1110700.0,7000.0,17000.0,0,0,0,0,0,0,0,0,0,0,0,0,0,0,0,0,0,0,0,0,70,2026-02-06 00:48:19.332090
WNTR,25.31,25.45,25.47,1996900.0,,,1423100.0,,,0,0,0,0,0,0,0,0,0,0,0,0,0,0,0,0,0,0,0,0,70,2026-02-06 00:48:19.332090
SPNG,25.3,24.74,25.29,1592000.0,14000.0,7000.0,14000.0,1765600.0,7000.0,0,0,0,0,0,0,0,0,0,0,0,0,0,0,0,0,0,0,0,0,71,2026-02-06 00:48:20.378586
SMMR,24.82,24.87,24.89,1901800.0,,,,2372300.0,,0,0,0,0,0,0,0,0,0,0,0,0,0,0,0,0,0,0,0,0,71,2026-02-06 00:48:20.378586
ATMN,25.02,25.02,25.23,2068800.0,,14000.0,7000.0,1110700.0,7000.0,0,0,0,0,0,0,0,0,0,0,0,0,0,0,0,0,0,0,0,0,71,2026-02-06 00:48:20.378586
WNTR,25.31,25.31,25.47,1900500.0,,,,1616500.0,,0,0,0,0,0,0,0,0,0,0,0,0,0,0,0,0,0,0,0,0,71,2026-02-06 00:48:20.378586
SPNG,24.87,24.74,24.87,1839700.0,7000.0,7000.0,1793500.0,14000.0,7000.0,0,0,0,0,0,0,0,0,0,0,0,0,0,0,0,0,0,0,0,0,72,2026-02-06 00:48:21.421592
SMMR,24.86,24.69,24.76,1778200.0,,,2373500.0,,,0,0,0,0,0,0,0,0,0,0,0,0,0,0,0,0,0,0,0,0,72,2026-02-06 00:48:21.421592
ATMN,24.68,24.68,25.18,2086800.0,7000.0,7000.0,1241300.0,14000.0,14000.0,0,0,0,0,0,0,0,0,0,0,0,0,0,0,0,0,0,0,0,0,72,2026-02-06 00:48:21.421592
WNTR,25.32,25.35,25.47,2119900.0,,,1742700.0,,,0,0,0,0,0,0,0,0,0,0,0,0,0,0,0,0,0,0,0,0,72,2026-02-06 00:48:21.421592
SPNG,24.92,24.74,24.76,1935300.0,7000.0,14000.0,1782700.0,14000.0,7000.0,0,0,0,0,0,0,0,0,0,0,0,0,0,0,0,0,0,0,0,0,73,2026-02-06 00:48:22.474973
SMMR,24.93,24.93,25.05,1906700.0,,,2346300.0,,,0,0,0,0,0,0,0,0,0,0,0,0,0,0,0,0,0,0,0,0,73,2026-02-06 00:48:22.474973
ATMN,25.17,24.68,25.09,1935100.0,14000.0,7000.0,1340300.0,14000.0,7000.0,0,0,0,0,0,0,0,0,0,0,0,0,0,0,0,0,0,0,0,0,73,2026-02-06 00:48:22.474973
WNTR,25.35,25.31,25.33,2028300.0,,,2069900.0,,,0,0,0,0,0,0,0,0,0,0,0,0,0,0,0,0,0,0,0,0,73,2026-02-06 00:48:22.474973
SPNG,24.74,24.55,24.57,7000.0,14000.0,1843900.0,1968700.0,7000.0,,0,0,0,0,0,0,0,0,0,0,0,0,0,0,0,0,0,0,0,0,74,2026-02-06 00:48:23.504954
SMMR,25.08,24.75,25.08,,,2024600.0,2337800.0,,,0,0,0,0,0,0,0,0,0,0,0,0,0,0,0,0,0,0,0,0,74,2026-02-06 00:48:23.504954
ATMN,24.68,24.68,25.09,14000.0,7000.0,1899800.0,1340300.0,14000.0,24000.0,0,0,0,0,0,0,0,0,0,0,0,0,0,0,0,0,0,0,0,0,74,2026-02-06 00:48:23.504954
WNTR,25.41,25.39,25.41,,,2024600.0,1977300.0,,,0,0,0,0,0,0,0,0,0,0,0,0,0,0,0,0,0,0,0,0,74,2026-02-06 00:48:23.504954
SPNG,25.06,24.55,25.05,7000.0,21000.0,1843900.0,1962700.0,7000.0,,0,0,0,0,0,0,0,0,0,0,0,0,0,0,0,0,0,0,0,0,75,2026-02-06 00:48:24.034184
SMMR,25.08,24.75,25.08,,,2024600.0,2318300.0,,,0,0,0,0,0,0,0,0,0,0,0,0,0,0,0,0,0,0,0,0,75,2026-02-06 00:48:24.034184
ATMN,25.17,24.68,25.0,7000.0,,2164400.0,1361000.0,14000.0,17000.0,0,0,0,0,0,0,0,0,0,0,0,0,0,0,0,0,0,0,0,0,75,2026-02-06 00:48:24.034184
WNTR,25.41,25.39,25.41,,,2122500.0,2106000.0,,,0,0,0,0,0,0,0,0,0,0,0,0,0,0,0,0,0,0,0,0,75,2026-02-06 00:48:24.034184
SPNG,25.05,25.06,25.31,1946800.0,14000.0,14000.0,1859000.0,7000.0,7000.0,0,0,0,0,0,0,0,0,0,0,0,0,0,0,0,0,0,0,0,0,76,2026-02-06 00:48:25.105976
SMMR,25.08,24.85,25.08,2423800.0,,,2318300.0,,,0,0,0,0,0,0,0,0,0,0,0,0,0,0,0,0,0,0,0,0,76,2026-02-06 00:48:25.105976
ATMN,24.71,24.68,24.71,2136000.0,7000.0,,1478200.0,14000.0,17000.0,0,0,0,0,0,0,0,0,0,0,0,0,0,0,0,0,0,0,0,0,76,2026-02-06 00:48:25.105976
WNTR,25.34,25.34,25.41,2104600.0,,,2129300.0,,,0,0,0,0,0,0,0,0,0,0,0,0,0,0,0,0,0,0,0,0,76,2026-02-06 00:48:25.105976
SPNG,24.54,24.55,25.31,14000.0,1971900.0,14000.0,1857000.0,7000.0,7000.0,0,0,0,0,0,0,0,0,0,0,0,0,0,0,0,0,0,0,0,0,77,2026-02-06 00:48:26.149064
SMMR,25.12,24.87,25.12,,2434300.0,,2281000.0,,,0,0,0,0,0,0,0,0,0,0,0,0,0,0,0,0,0,0,0,0,77,2026-02-06 00:48:26.149064
ATMN,24.71,24.68,24.71,7000.0,2113100.0,,1478200.0,14000.0,20000.0,0,0,0,0,0,0,0,0,0,0,0,0,0,0,0,0,0,0,0,0,77,2026-02-06 00:48:26.149064
WNTR,25.34,25.38,25.41,,2196900.0,,2152500.0,,,0,0,0,0,0,0,0,0,0,0,0,0,0,0,0,0,0,0,0,0,77,2026-02-06 00:48:26.149064
SPNG,25.11,24.77,25.11,2022300.0,14000.0,7000.0,1853300.0,7000.0,7000.0,0,0,0,0,0,0,0,0,0,0,0,0,0,0,0,0,0,0,0,0,78,2026-02-06 00:48:27.189039
SMMR,25.12,24.96,25.06,2433100.0,,,2326400.0,,,0,0,0,0,0,0,0,0,0,0,0,0,0,0,0,0,0,0,0,0,78,2026-02-06 00:48:27.189039
ATMN,24.71,24.68,24.7,2091700.0,7000.0,,1478200.0,7000.0,30000.0,0,0,0,0,0,0,0,0,0,0,0,0,0,0,0,0,0,0,0,0,78,2026-02-06 00:48:27.189039
WNTR,25.33,25.33,25.41,2006700.0,,,2143500.0,,,0,0,0,0,0,0,0,0,0,0,0,0,0,0,0,0,0,0,0,0,78,2026-02-06 00:48:27.189039
SPNG,25.4,24.55,25.4,14000.0,2030500.0,7000.0,2044500.0,,0,0,0,0,0,0,0,0,0,0,0,0,0,0,0,0,0,0,0,0,0,79,2026-02-06 00:48:28.231210
SMMR,24.96,24.96,25.06,,2458200.0,,2349500.0,,0,0,0,0,0,0,0,0,0,0,0,0,0,0,0,0,0,0,0,0,0,79,2026-02-06 00:48:28.231210
ATMN,24.71,24.92,25.0,,2068200.0,7000.0,1361000.0,7000.0,0,0,0,0,0,0,0,0,0,0,0,0,0,0,0,0,0,0,0,0,0,79,2026-02-06 00:48:28.231210
WNTR,25.43,25.33,25.41,,2006700.0,,2113500.0,,0,0,0,0,0,0,0,0,0,0,0,0,0,0,0,0,0,0,0,0,0,79,2026-02-06 00:48:28.231210
SPNG,24.46,25.13,25.33,2015200.0,7000.0,14000.0,1981300.0,7000.0,,0,0,0,0,0,0,0,0,0,0,0,0,0,0,0,0,0,0,0,0,80,2026-02-06 00:48:29.295066
SMMR,24.96,25.03,25.06,2440900.0,,,2330900.0,,,0,0,0,0,0,0,0,0,0,0,0,0,0,0,0,0,0,0,0,0,80,2026-02-06 00:48:29.295066
ATMN,24.79,24.91,25.0,1977000.0,7000.0,7000.0,1551900.0,7000.0,7000.0,0,0,0,0,0,0,0,0,0,0,0,0,0,0,0,0,0,0,0,0,80,2026-02-06 00:48:29.295066
WNTR,25.25,25.27,25.41,2128300.0,,,2113500.0,,,0,0,0,0,0,0,0,0,0,0,0,0,0,0,0,0,0,0,0,0,80,2026-02-06 00:48:29.295066
SPNG,24.86,24.93,25.33,2157300.0,7000.0,7000.0,1871900.0,7000.0,7000.0,0,0,0,0,0,0,0,0,0,0,0,0,0,0,0,0,0,0,0,0,81,2026-02-06 00:48:30.345438
SMMR,24.9,24.9,25.06,2439900.0,,,2304700.0,,,0,0,0,0,0,0,0,0,0,0,0,0,0,0,0,0,0,0,0,0,81,2026-02-06 00:48:30.345438
ATMN,24.64,24.64,25.0,2234900.0,,,1642000.0,7000.0,7000.0,0,0,0,0,0,0,0,0,0,0,0,0,0,0,0,0,0,0,0,0,81,2026-02-06 00:48:30.345438
WNTR,25.25,25.27,25.31,2235400.0,,,2128500.0,,,0,0,0,0,0,0,0,0,0,0,0,0,0,0,0,0,0,0,0,0,81,2026-02-06 00:48:30.345438
SPNG,24.43,24.75,25.33,2012200.0,14000.0,7000.0,1871900.0,7000.0,7000.0,0,0,0,0,0,0,0,0,0,0,0,0,0,0,0,0,0,0,0,0,82,2026-02-06 00:48:31.433723
SMMR,24.9,24.93,25.06,2467600.0,,,2334100.0,,,0,0,0,0,0,0,0,0,0,0,0,0,0,0,0,0,0,0,0,0,82,2026-02-06 00:48:31.433723
ATMN,25.0,24.75,25.0,2019100.0,7000.0,7000.0,1642000.0,14000.0,13700.0,0,0,0,0,0,0,0,0,0,0,0,0,0,0,0,0,0,0,0,0,82,2026-02-06 00:48:31.433723
WNTR,25.31,25.27,25.31,2199700.0,,,2128500.0,,,0,0,0,0,0,0,0,0,0,0,0,0,0,0,0,0,0,0,0,0,82,2026-02-06 00:48:31.433723
SPNG,24.43,24.75,25.06,2156200.0,7000.0,7000.0,1923400.0,7000.0,7000.0,0,0,0,0,0,0,0,0,0,0,0,0,0,0,0,0,0,0,0,0,83,2026-02-06 00:48:32.476867
SMMR,25.06,24.93,25.06,2464800.0,,,2350200.0,,,0,0,0,0,0,0,0,0,0,0,0,0,0,0,0,0,0,0,0,0,83,2026-02-06 00:48:32.476867
ATMN,25.02,24.97,25.02,2018300.0,7000.0,7000.0,1628700.0,7000.0,7000.0,0,0,0,0,0,0,0,0,0,0,0,0,0,0,0,0,0,0,0,0,83,2026-02-06 00:48:32.476867
WNTR,25.27,25.24,25.27,2211300.0,,,2124300.0,,,0,0,0,0,0,0,0,0,0,0,0,0,0,0,0,0,0,0,0,0,83,2026-02-06 00:48:32.476867
SPNG,24.75,24.75,25.06,2130100.0,7000.0,7000.0,1923400.0,7000.0,7000.0,0,0,0,0,0,0,0,0,0,0,0,0,0,0,0,0,0,0,0,0,84,2026-02-06 00:48:33.565693
SMMR,24.87,24.87,25.06,2404100.0,,,2350200.0,,,0,0,0,0,0,0,0,0,0,0,0,0,0,0,0,0,0,0,0,0,84,2026-02-06 00:48:33.565693
ATMN,24.97,24.97,25.02,1864500.0,7000.0,14000.0,1672900.0,14000.0,14000.0,0,0,0,0,0,0,0,0,0,0,0,0,0,0,0,0,0,0,0,0,84,2026-02-06 00:48:33.565693
WNTR,25.27,25.24,25.26,2222300.0,,,2119200.0,,,0,0,0,0,0,0,0,0,0,0,0,0,0,0,0,0,0,0,0,0,84,2026-02-06 00:48:33.565693
SPNG,24.75,24.75,25.05,1963400.0,7000.0,14000.0,1816300.0,14000.0,7000.0,0,0,0,0,0,0,0,0,0,0,0,0,0,0,0,0,0,0,0,0,85,2026-02-06 00:48:34.121915
SMMR,24.87,24.97,25.06,2439500.0,,,2333400.0,,,0,0,0,0,0,0,0,0,0,0,0,0,0,0,0,0,0,0,0,0,85,2026-02-06 00:48:34.121915
ATMN,24.75,24.75,25.02,2224200.0,,,1839600.0,7000.0,7000.0,0,0,0,0,0,0,0,0,0,0,0,0,0,0,0,0,0,0,0,0,85,2026-02-06 00:48:34.121915
WNTR,25.24,25.24,25.26,2207100.0,,,2094800.0,,,0,0,0,0,0,0,0,0,0,0,0,0,0,0,0,0,0,0,0,0,85,2026-02-06 00:48:34.121915
SPNG,25.06,24.75,25.06,1803700.0,14000.0,14000.0,1942300.0,7000.0,7000.0,0,0,0,0,0,0,0,0,0,0,0,0,0,0,0,0,0,0,0,0,86,2026-02-06 00:48:35.193035
SMMR,24.87,24.97,25.06,2423300.0,,,2348400.0,,,0,0,0,0,0,0,0,0,0,0,0,0,0,0,0,0,0,0,0,0,86,2026-02-06 00:48:35.193035
ATMN,24.75,24.93,24.98,2089700.0,7000.0,,1762300.0,14000.0,7000.0,0,0,0,0,0,0,0,0,0,0,0,0,0,0,0,0,0,0,0,0,86,2026-02-06 00:48:35.193035
WNTR,25.26,25.24,25.26,2178500.0,,,2094800.0,,,0,0,0,0,0,0,0,0,0,0,0,0,0,0,0,0,0,0,0,0,86,2026-02-06 00:48:35.193035
SPNG,24.86,24.86,25.05,1899900.0,7000.0,14000.0,7000.0,1942300.0,7000.0,0,0,0,0,0,0,0,0,0,0,0,0,0,0,0,0,0,0,0,0,87,2026-02-06 00:48:36.229670
SMMR,24.97,24.97,25.07,2423300.0,,,,2345800.0,,0,0,0,0,0,0,0,0,0,0,0,0,0,0,0,0,0,0,0,0,87,2026-02-06 00:48:36.229670
ATMN,24.83,24.83,24.92,2108700.0,7000.0,,21000.0,1600400.0,14000.0,0,0,0,0,0,0,0,0,0,0,0,0,0,0,0,0,0,0,0,0,87,2026-02-06 00:48:36.229670
WNTR,25.42,25.24,25.34,2178500.0,,,,2087100.0,,0,0,0,0,0,0,0,0,0,0,0,0,0,0,0,0,0,0,0,0,87,2026-02-06 00:48:36.229670
SPNG,24.86,24.86,24.9,1878000.0,21000.0,1936000.0,14000.0,,0,0,0,0,0,0,0,0,0,0,0,0,0,0,0,0,0,0,0,0,0,88,2026-02-06 00:48:37.262050
SMMR,24.94,25.0,25.04,2405100.0,,2332900.0,,,0,0,0,0,0,0,0,0,0,0,0,0,0,0,0,0,0,0,0,0,0,88,2026-02-06 00:48:37.262050
ATMN,24.83,24.83,24.91,2234500.0,,1589200.0,14000.0,24000.0,0,0,0,0,0,0,0,0,0,0,0,0,0,0,0,0,0,0,0,0,0,88,2026-02-06 00:48:37.262050
WNTR,25.2,25.31,25.34,2185600.0,,2087100.0,,,0,0,0,0,0,0,0,0,0,0,0,0,0,0,0,0,0,0,0,0,0,88,2026-02-06 00:48:37.262050
SPNG,24.72,24.8,25.32,1643700.0,21000.0,14000.0,7000.0,7000.0,1911700.0,0,0,0,0,0,0,0,0,0,0,0,0,0,0,0,0,0,0,0,0,89,2026-02-06 00:48:38.294787
SMMR,24.94,25.0,25.01,2405100.0,,,,,2394300.0,0,0,0,0,0,0,0,0,0,0,0,0,0,0,0,0,0,0,0,0,89,2026-02-06 00:48:38.294787
ATMN,24.98,24.69,24.98,2199900.0,,,7000.0,14000.0,1783800.0,0,0,0,0,0,0,0,0,0,0,0,0,0,0,0,0,0,0,0,0,89,2026-02-06 00:48:38.294787
WNTR,25.43,25.31,25.43,2185600.0,,,,,2061800.0,0,0,0,0,0,0,0,0,0,0,0,0,0,0,0,0,0,0,0,0,89,2026-02-06 00:48:38.294787
SPNG,24.49,24.49,25.32,2079000.0,14000.0,7000.0,1932700.0,7000.0,,0,0,0,0,0,0,0,0,0,0,0,0,0,0,0,0,0,0,0,0,90,2026-02-06 00:48:39.330359
SMMR,24.89,24.91,25.01,2405500.0,,,2394300.0,,,0,0,0,0,0,0,0,0,0,0,0,0,0,0,0,0,0,0,0,0,90,2026-02-06 00:48:39.330359
ATMN,24.61,24.61,24.98,2083900.0,,7000.0,1806400.0,14000.0,7000.0,0,0,0,0,0,0,0,0,0,0,0,0,0,0,0,0,0,0,0,0,90,2026-02-06 00:48:39.330359
WNTR,25.31,25.31,25.44,2185600.0,,,2075700.0,,,0,0,0,0,0,0,0,0,0,0,0,0,0,0,0,0,0,0,0,0,90,2026-02-06 00:48:39.330359
SPNG,24.83,24.78,24.83,2030800.0,14000.0,1822700.0,17000.0,7000.0,,0,0,0,0,0,0,0,0,0,0,0,0,0,0,0,0,0,0,0,0,91,2026-02-06 00:48:40.361101
SMMR,24.89,24.89,25.01,2403200.0,,2394300.0,,,,0,0,0,0,0,0,0,0,0,0,0,0,0,0,0,0,0,0,0,0,91,2026-02-06 00:48:40.361101
ATMN,24.91,24.75,24.78,1886300.0,7000.0,1691300.0,14000.0,14000.0,14000.0,0,0,0,0,0,0,0,0,0,0,0,0,0,0,0,0,0,0,0,0,91,2026-02-06 00:48:40.361101
WNTR,25.22,25.34,25.44,2203600.0,,2075700.0,,,,0,0,0,0,0,0,0,0,0,0,0,0,0,0,0,0,0,0,0,0,91,2026-02-06 00:48:40.361101
SPNG,25.31,24.78,25.15,2030800.0,14000.0,1934300.0,14000.0,,,0,0,0,0,0,0,0,0,0,0,0,0,0,0,0,0,0,0,0,0,92,2026-02-06 00:48:41.402839
SMMR,24.91,25.0,25.01,2387700.0,,2394300.0,,,,0,0,0,0,0,0,0,0,0,0,0,0,0,0,0,0,0,0,0,0,92,2026-02-06 00:48:41.402839
ATMN,24.61,24.62,24.98,1979400.0,7000.0,1806400.0,7000.0,7000.0,14000.0,0,0,0,0,0,0,0,0,0,0,0,0,0,0,0,0,0,0,0,0,92,2026-02-06 00:48:41.402839
WNTR,25.22,25.34,25.44,2203600.0,,2094700.0,,,,0,0,0,0,0,0,0,0,0,0,0,0,0,0,0,0,0,0,0,0,92,2026-02-06 00:48:41.402839
SPNG,24.49,24.57,25.15,1918000.0,14000.0,7000.0,2034200.0,7000.0,,0,0,0,0,0,0,0,0,0,0,0,0,0,0,0,0,0,0,0,0,93,2026-02-06 00:48:42.443573
SMMR,25.04,25.0,25.04,2412500.0,,,2348500.0,,,0,0,0,0,0,0,0,0,0,0,0,0,0,0,0,0,0,0,0,0,93,2026-02-06 00:48:42.443573
ATMN,24.61,24.62,24.98,1869000.0,14000.0,7000.0,1780400.0,7000.0,14000.0,0,0,0,0,0,0,0,0,0,0,0,0,0,0,0,0,0,0,0,0,93,2026-02-06 00:48:42.443573
WNTR,25.22,25.34,25.42,2201500.0,,,2066900.0,,,0,0,0,0,0,0,0,0,0,0,0,0,0,0,0,0,0,0,0,0,93,2026-02-06 00:48:42.443573
SPNG,24.49,24.97,25.15,1662800.0,14000.0,21000.0,1932000.0,7000.0,7000.0,0,0,0,0,0,0,0,0,0,0,0,0,0,0,0,0,0,0,0,0,94,2026-02-06 00:48:43.484083
SMMR,25.04,25.0,25.04,2412500.0,,,2337000.0,,,0,0,0,0,0,0,0,0,0,0,0,0,0,0,0,0,0,0,0,0,94,2026-02-06 00:48:43.484083
ATMN,24.6,24.75,24.79,2250900.0,,,1701400.0,7000.0,24000.0,0,0,0,0,0,0,0,0,0,0,0,0,0,0,0,0,0,0,0,0,94,2026-02-06 00:48:43.484083
WNTR,25.22,25.4,25.41,2160200.0,,,2092600.0,,,0,0,0,0,0,0,0,0,0,0,0,0,0,0,0,0,0,0,0,0,94,2026-02-06 00:48:43.484083
SPNG,24.57,25.0,25.15,1789000.0,14000.0,14000.0,1812400.0,14000.0,7000.0,0,0,0,0,0,0,0,0,0,0,0,0,0,0,0,0,0,0,0,0,95,2026-02-06 00:48:44.526346
SMMR,25.04,25.0,25.01,2412500.0,,,2390200.0,,,0,0,0,0,0,0,0,0,0,0,0,0,0,0,0,0,0,0,0,0,95,2026-02-06 00:48:44.526346
ATMN,24.96,24.75,24.96,2260200.0,,,1722500.0,17000.0,17000.0,0,0,0,0,0,0,0,0,0,0,0,0,0,0,0,0,0,0,0,0,95,2026-02-06 00:48:44.526346
WNTR,25.34,25.34,25.37,2201500.0,,,2125000.0,,,0,0,0,0,0,0,0,0,0,0,0,0,0,0,0,0,0,0,0,0,95,2026-02-06 00:48:44.526346
SPNG,25.05,25.05,25.15,2028400.0,14000.0,1938200.0,7000.0,7000.0,,0,0,0,0,0,0,0,0,0,0,0,0,0,0,0,0,0,0,0,0,96,2026-02-06 00:48:45.568168
SMMR,24.91,24.98,25.01,2423200.0,,2390200.0,,,,0,0,0,0,0,0,0,0,0,0,0,0,0,0,0,0,0,0,0,0,96,2026-02-06 00:48:45.568168
ATMN,24.75,24.65,24.7,2003900.0,7000.0,1917000.0,7000.0,7000.0,7000.0,0,0,0,0,0,0,0,0,0,0,0,0,0,0,0,0,0,0,0,0,96,2026-02-06 00:48:45.568168
WNTR,25.39,25.34,25.39,2201500.0,,2125600.0,,,,0,0,0,0,0,0,0,0,0,0,0,0,0,0,0,0,0,0,0,0,96,2026-02-06 00:48:45.568168
SPNG,25.15,24.57,25.15,1918000.0,14000.0,7000.0,1938200.0,7000.0,7000.0,0,0,0,0,0,0,0,0,0,0,0,0,0,0,0,0,0,0,0,0,97,2026-02-06 00:48:46.619650
SMMR,24.98,24.98,25.04,2450900.0,,,2359600.0,,,0,0,0,0,0,0,0,0,0,0,0,0,0,0,0,0,0,0,0,0,97,2026-02-06 00:48:46.619650
ATMN,24.74,24.85,25.02,2002300.0,7000.0,7000.0,1805000.0,15000.0,7000.0,0,0,0,0,0,0,0,0,0,0,0,0,0,0,0,0,0,0,0,0,97,2026-02-06 00:48:46.619650
WNTR,25.39,25.34,25.37,2201500.0,,,2171700.0,,,0,0,0,0,0,0,0,0,0,0,0,0,0,0,0,0,0,0,0,0,97,2026-02-06 00:48:46.619650
SPNG,25.15,25.15,25.28,1923700.0,14000.0,7000.0,1949300.0,7000.0,7000.0,0,0,0,0,0,0,0,0,0,0,0,0,0,0,0,0,0,0,0,0,98,2026-02-06 00:48:47.161297
SMMR,24.98,24.98,25.04,2422700.0,,,2357000.0,,,0,0,0,0,0,0,0,0,0,0,0,0,0,0,0,0,0,0,0,0,98,2026-02-06 00:48:47.161297
ATMN,24.81,25.01,25.02,2009200.0,7000.0,7000.0,1906000.0,15000.0,,0,0,0,0,0,0,0,0,0,0,0,0,0,0,0,0,0,0,0,0,98,2026-02-06 00:48:47.161297
WNTR,25.33,25.33,25.37,2180200.0,,,2164100.0,,,0,0,0,0,0,0,0,0,0,0,0,0,0,0,0,0,0,0,0,0,98,2026-02-06 00:48:47.161297
SPNG,24.86,25.24,25.28,1802800.0,7000.0,21000.0,1960700.0,7000.0,7000.0,0,0,0,0,0,0,0,0,0,0,0,0,0,0,0,0,0,0,0,0,99,2026-02-06 00:48:48.271640
SMMR,24.98,24.98,25.03,2445700.0,,,2348500.0,,,0,0,0,0,0,0,0,0,0,0,0,0,0,0,0,0,0,0,0,0,99,2026-02-06 00:48:48.271640
ATMN,24.65,24.71,25.01,1908900.0,14000.0,7000.0,2033400.0,7000.0,,0,0,0,0,0,0,0,0,0,0,0,0,0,0,0,0,0,0,0,0,99,2026-02-06 00:48:48.271640
WNTR,25.37,25.33,25.37,2183000.0,,,2164100.0,,,0,0,0,0,0,0,0,0,0,0,0,0,0,0,0,0,0,0,0,0,99,2026-02-06 00:48:48.271640
SPNG,24.86,25.24,25.28,1802800.0,14000.0,14000.0,1993200.0,7000.0,7000.0,0,0,0,0,0,0,0,0,0,0,0,0,0,0,0,0,0,0,0,0,100,2026-02-06 00:48:49.324052
SMMR,24.91,24.91,24.98,2423900.0,,,2316800.0,,,0,0,0,0,0,0,0,0,0,0,0,0,0,0,0,0,0,0,0,0,100,2026-02-06 00:48:49.324052
ATMN,24.69,24.78,25.01,1886400.0,7000.0,14000.0,1932400.0,7000.0,7000.0,0,0,0,0,0,0,0,0,0,0,0,0,0,0,0,0,0,0,0,0,100,2026-02-06 00:48:49.324052
WNTR,25.37,25.25,25.37,2178500.0,,,2164100.0,,,0,0,0,0,0,0,0,0,0,0,0,0,0,0,0,0,0,0,0,0,100,2026-02-06 00:48:49.324052
SPNG,25.24,25.24,25.28,1802800.0,21000.0,7000.0,1992300.0,7000.0,7000.0,0,0,0,0,0,0,0,0,0,0,0,0,0,0,0,0,0,0,0,0,101,2026-02-06 00:48:50.359616
SMMR,24.89,24.89,24.98,2360000.0,,,2338800.0,,,0,0,0,0,0,0,0,0,0,0,0,0,0,0,0,0,0,0,0,0,101,2026-02-06 00:48:50.359616
ATMN,25.03,24.71,25.03,1911500.0,7000.0,14000.0,1932100.0,7000.0,7000.0,0,0,0,0,0,0,0,0,0,0,0,0,0,0,0,0,0,0,0,0,101,2026-02-06 00:48:50.359616
WNTR,25.39,25.36,25.39,2194700.0,,,2156500.0,,,0,0,0,0,0,0,0,0,0,0,0,0,0,0,0,0,0,0,0,0,101,2026-02-06 00:48:50.359616
SPNG,25.18,24.71,25.18,14000.0,1918400.0,7000.0,1992300.0,7000.0,7000.0,0,0,0,0,0,0,0,0,0,0,0,0,0,0,0,0,0,0,0,0,102,2026-02-06 00:48:51.405565
SMMR,24.86,24.86,24.91,,2378300.0,,2359400.0,,,0,0,0,0,0,0,0,0,0,0,0,0,0,0,0,0,0,0,0,0,102,2026-02-06 00:48:51.405565
ATMN,24.7,24.7,25.03,7000.0,2124500.0,,1932100.0,7000.0,7000.0,0,0,0,0,0,0,0,0,0,0,0,0,0,0,0,0,0,0,0,0,102,2026-02-06 00:48:51.405565
WNTR,25.36,25.36,25.39,,2168600.0,,2137000.0,,,0,0,0,0,0,0,0,0,0,0,0,0,0,0,0,0,0,0,0,0,102,2026-02-06 00:48:51.405565
SPNG,24.78,24.92,25.18,2030500.0,7000.0,7000.0,1992300.0,7000.0,7000.0,0,0,0,0,0,0,0,0,0,0,0,0,0,0,0,0,0,0,0,0,103,2026-02-06 00:48:52.452067
SMMR,25.03,24.86,24.96,2378300.0,,,2350400.0,,,0,0,0,0,0,0,0,0,0,0,0,0,0,0,0,0,0,0,0,0,103,2026-02-06 00:48:52.452067
ATMN,25.09,24.89,25.09,2093300.0,,7000.0,2164600.0,,,0,0,0,0,0,0,0,0,0,0,0,0,0,0,0,0,0,0,0,0,103,2026-02-06 00:48:52.452067
WNTR,25.4,25.36,25.4,2172100.0,,,2125300.0,,,0,0,0,0,0,0,0,0,0,0,0,0,0,0,0,0,0,0,0,0,103,2026-02-06 00:48:52.452067
SPNG,25.04,24.92,25.03,2030500.0,7000.0,7000.0,1982800.0,7000.0,7000.0,0,0,0,0,0,0,0,0,0,0,0,0,0,0,0,0,0,0,0,0,104,2026-02-06 00:48:53.489713
SMMR,24.96,24.86,24.96,2378200.0,,,2330800.0,,,0,0,0,0,0,0,0,0,0,0,0,0,0,0,0,0,0,0,0,0,104,2026-02-06 00:48:53.489713
ATMN,24.63,24.63,24.67,1865200.0,7000.0,15000.0,1964300.0,7000.0,7000.0,0,0,0,0,0,0,0,0,0,0,0,0,0,0,0,0,0,0,0,0,104,2026-02-06 00:48:53.489713
WNTR,25.34,25.34,25.36,2173900.0,,,2114400.0,,,0,0,0,0,0,0,0,0,0,0,0,0,0,0,0,0,0,0,0,0,104,2026-02-06 00:48:53.489713
SPNG,25.28,24.71,25.28,7000.0,2026000.0,7000.0,1984500.0,7000.0,7000.0,0,0,0,0,0,0,0,0,0,0,0,0,0,0,0,0,0,0,0,0,105,2026-02-06 00:48:54.524221
SMMR,25.06,24.85,25.06,,2379000.0,,2352200.0,,,0,0,0,0,0,0,0,0,0,0,0,0,0,0,0,0,0,0,0,0,105,2026-02-06 00:48:54.524221
ATMN,24.63,24.63,24.67,15000.0,1749500.0,14000.0,1964300.0,7000.0,7000.0,0,0,0,0,0,0,0,0,0,0,0,0,0,0,0,0,0,0,0,0,105,2026-02-06 00:48:54.524221
WNTR,25.34,25.34,25.4,,2154300.0,,2128900.0,,,0,0,0,0,0,0,0,0,0,0,0,0,0,0,0,0,0,0,0,0,105,2026-02-06 00:48:54.524221
SPNG,24.6,24.58,24.6,7000.0,2029600.0,7000.0,1986600.0,7000.0,7000.0,0,0,0,0,0,0,0,0,0,0,0,0,0,0,0,0,0,0,0,0,106,2026-02-06 00:48:55.563450
SMMR,24.85,24.85,25.06,,2357600.0,,2352200.0,,,0,0,0,0,0,0,0,0,0,0,0,0,0,0,0,0,0,0,0,0,106,2026-02-06 00:48:55.563450
ATMN,24.63,24.63,24.82,7000.0,1850700.0,15000.0,1967800.0,7000.0,7000.0,0,0,0,0,0,0,0,0,0,0,0,0,0,0,0,0,0,0,0,0,106,2026-02-06 00:48:55.563450
WNTR,25.33,25.33,25.35,,2177600.0,,2145300.0,,,0,0,0,0,0,0,0,0,0,0,0,0,0,0,0,0,0,0,0,0,106,2026-02-06 00:48:55.563450
SPNG,24.57,24.57,25.28,1995100.0,7000.0,7000.0,1984500.0,7000.0,7000.0,0,0,0,0,0,0,0,0,0,0,0,0,0,0,0,0,0,0,0,0,107,2026-02-06 00:48:56.594911
SMMR,24.85,24.85,25.01,2346600.0,,,2323300.0,,,0,0,0,0,0,0,0,0,0,0,0,0,0,0,0,0,0,0,0,0,107,2026-02-06 00:48:56.594911
ATMN,24.87,24.63,24.87,1842200.0,15000.0,7000.0,2082100.0,7000.0,,0,0,0,0,0,0,0,0,0,0,0,0,0,0,0,0,0,0,0,0,107,2026-02-06 00:48:56.594911
WNTR,25.33,25.33,25.35,2200300.0,,,2145300.0,,,0,0,0,0,0,0,0,0,0,0,0,0,0,0,0,0,0,0,0,0,107,2026-02-06 00:48:56.594911
SPNG,24.57,24.57,25.28,1995100.0,7000.0,7000.0,1974900.0,7000.0,7000.0,0,0,0,0,0,0,0,0,0,0,0,0,0,0,0,0,0,0,0,0,108,2026-02-06 00:48:57.638985
SMMR,24.85,24.82,24.84,2334600.0,,,2378200.0,,,0,0,0,0,0,0,0,0,0,0,0,0,0,0,0,0,0,0,0,0,108,2026-02-06 00:48:57.638985
ATMN,24.87,24.63,24.87,1816500.0,15000.0,7000.0,2082100.0,7000.0,,0,0,0,0,0,0,0,0,0,0,0,0,0,0,0,0,0,0,0,0,108,2026-02-06 00:48:57.638985
WNTR,25.35,25.33,25.35,2222200.0,,,2160900.0,,,0,0,0,0,0,0,0,0,0,0,0,0,0,0,0,0,0,0,0,0,108,2026-02-06 00:48:57.638985
SPNG,24.96,24.78,24.96,2124600.0,7000.0,1874600.0,14000.0,7000.0,,0,0,0,0,0,0,0,0,0,0,0,0,0,0,0,0,0,0,0,0,109,2026-02-06 00:48:58.686539
SMMR,24.82,24.82,24.85,2334600.0,,2356100.0,,,,0,0,0,0,0,0,0,0,0,0,0,0,0,0,0,0,0,0,0,0,109,2026-02-06 00:48:58.686539
ATMN,24.63,24.63,25.09,1843200.0,14000.0,2053800.0,,7000.0,7000.0,0,0,0,0,0,0,0,0,0,0,0,0,0,0,0,0,0,0,0,0,109,2026-02-06 00:48:58.686539
WNTR,25.38,25.31,25.38,2201000.0,,2143600.0,,,,0,0,0,0,0,0,0,0,0,0,0,0,0,0,0,0,0,0,0,0,109,2026-02-06 00:48:58.686539
SPNG,24.96,24.78,24.96,2134300.0,7000.0,1874600.0,14000.0,7000.0,,0,0,0,0,0,0,0,0,0,0,0,0,0,0,0,0,0,0,0,0,110,2026-02-06 00:48:59.254279
SMMR,24.82,24.82,24.85,2334600.0,,2329300.0,,,,0,0,0,0,0,0,0,0,0,0,0,0,0,0,0,0,0,0,0,0,110,2026-02-06 00:48:59.254279
ATMN,25.09,25.09,25.1,1827500.0,7000.0,2075500.0,,7000.0,14000.0,0,0,0,0,0,0,0,0,0,0,0,0,0,0,0,0,0,0,0,0,110,2026-02-06 00:48:59.254279
WNTR,25.38,25.31,25.38,2201000.0,,2134300.0,,,,0,0,0,0,0,0,0,0,0,0,0,0,0,0,0,0,0,0,0,0,110,2026-02-06 00:48:59.254279
SPNG,25.32,24.86,25.32,2159600.0,7000.0,7000.0,2070100.0,,,0,0,0,0,0,0,0,0,0,0,0,0,0,0,0,0,0,0,0,0,111,2026-02-06 00:49:00.293558
SMMR,24.8,24.8,24.85,2358500.0,,,2329300.0,,,0,0,0,0,0,0,0,0,0,0,0,0,0,0,0,0,0,0,0,0,111,2026-02-06 00:49:00.293558
ATMN,24.62,24.62,25.1,1949500.0,7000.0,7000.0,1860700.0,7000.0,14000.0,0,0,0,0,0,0,0,0,0,0,0,0,0,0,0,0,0,0,0,0,111,2026-02-06 00:49:00.293558
WNTR,25.38,25.37,25.38,2177300.0,,,2134300.0,,,0,0,0,0,0,0,0,0,0,0,0,0,0,0,0,0,0,0,0,0,111,2026-02-06 00:49:00.293558
SPNG,24.86,24.86,24.87,2159600.0,7000.0,1100.0,2070100.0,,0,0,0,0,0,0,0,0,0,0,0,0,0,0,0,0,0,0,0,0,0,112,2026-02-06 00:49:01.348168
SMMR,25.06,24.8,25.06,2358500.0,,,2342400.0,,0,0,0,0,0,0,0,0,0,0,0,0,0,0,0,0,0,0,0,0,0,112,2026-02-06 00:49:01.348168
ATMN,25.11,24.63,24.91,1949500.0,14000.0,,2063100.0,7000.0,0,0,0,0,0,0,0,0,0,0,0,0,0,0,0,0,0,0,0,0,0,112,2026-02-06 00:49:01.348168
WNTR,25.37,25.37,25.38,2177300.0,,,2113200.0,,0,0,0,0,0,0,0,0,0,0,0,0,0,0,0,0,0,0,0,0,0,112,2026-02-06 00:49:01.348168
SPNG,24.78,24.78,25.31,2269700.0,2137300.0,,,0,0,0,0,0,0,0,0,0,0,0,0,0,0,0,0,0,0,0,0,0,0,113,2026-02-06 00:49:02.392473
SMMR,25.06,24.9,25.06,2307900.0,2371800.0,,,0,0,0,0,0,0,0,0,0,0,0,0,0,0,0,0,0,0,0,0,0,0,113,2026-02-06 00:49:02.392473
ATMN,24.91,24.95,25.11,1937400.0,2052400.0,14000.0,7000.0,0,0,0,0,0,0,0,0,0,0,0,0,0,0,0,0,0,0,0,0,0,0,113,2026-02-06 00:49:02.392473
WNTR,25.37,25.37,25.38,2177300.0,2108100.0,,,0,0,0,0,0,0,0,0,0,0,0,0,0,0,0,0,0,0,0,0,0,0,113,2026-02-06 00:49:02.392473
SPNG,25.06,24.89,25.06,2242700.0,2148700.0,0,0,0,0,0,0,0,0,0,0,0,0,0,0,0,0,0,0,0,0,0,0,0,0,114,2026-02-06 00:49:03.606852
SMMR,25.06,24.94,24.98,2321700.0,2280100.0,0,0,0,0,0,0,0,0,0,0,0,0,0,0,0,0,0,0,0,0,0,0,0,0,114,2026-02-06 00:49:03.606852
ATMN,24.82,24.98,25.11,2233400.0,2139800.0,0,0,0,0,0,0,0,0,0,0,0,0,0,0,0,0,0,0,0,0,0,0,0,0,114,2026-02-06 00:49:03.606852
WNTR,25.31,25.31,25.34,2173500.0,2094600.0,0,0,0,0,0,0,0,0,0,0,0,0,0,0,0,0,0,0,0,0,0,0,0,0,114,2026-02-06 00:49:03.606852
SPNG,25.06,24.74,25.06,2248700.0,2148700.0,0,0,0,0,0,0,0,0,0,0,0,0,0,0,0,0,0,0,0,0,0,0,0,0,115,2026-02-06 00:49:04.486099
SMMR,25.06,24.94,24.98,2321700.0,2280100.0,0,0,0,0,0,0,0,0,0,0,0,0,0,0,0,0,0,0,0,0,0,0,0,0,115,2026-02-06 00:49:04.486099
ATMN,25.11,24.98,25.11,2233400.0,2135200.0,0,0,0,0,0,0,0,0,0,0,0,0,0,0,0,0,0,0,0,0,0,0,0,0,115,2026-02-06 00:49:04.486099
WNTR,25.31,25.31,25.34,2173500.0,2103900.0,0,0,0,0,0,0,0,0,0,0,0,0,0,0,0,0,0,0,0,0,0,0,0,0,115,2026-02-06 00:49:04.486099
SPNG,25.33,24.95,25.33,2252600.0,2168900.0,0,0,0,0,0,0,0,0,0,0,0,0,0,0,0,0,0,0,0,0,0,0,0,0,116,2026-02-06 00:49:05.632047
SMMR,24.9,24.9,24.98,2298100.0,2276000.0,0,0,0,0,0,0,0,0,0,0,0,0,0,0,0,0,0,0,0,0,0,0,0,0,116,2026-02-06 00:49:05.632047
ATMN,24.66,24.66,24.74,2193700.0,2126300.0,0,0,0,0,0,0,0,0,0,0,0,0,0,0,0,0,0,0,0,0,0,0,0,0,116,2026-02-06 00:49:05.632047
WNTR,25.29,25.29,25.32,2169300.0,2115600.0,0,0,0,0,0,0,0,0,0,0,0,0,0,0,0,0,0,0,0,0,0,0,0,0,116,2026-02-06 00:49:05.632047
SPNG,24.67,25.21,25.33,2241200.0,2168900.0,0,0,0,0,0,0,0,0,0,0,0,0,0,0,0,0,0,0,0,0,0,0,0,0,117,2026-02-06 00:49:06.702578
SMMR,24.87,24.85,24.87,2292500.0,2276000.0,0,0,0,0,0,0,0,0,0,0,0,0,0,0,0,0,0,0,0,0,0,0,0,0,117,2026-02-06 00:49:06.702578
ATMN,24.74,24.78,25.07,2178900.0,2120600.0,0,0,0,0,0,0,0,0,0,0,0,0,0,0,0,0,0,0,0,0,0,0,0,0,117,2026-02-06 00:49:06.702578
WNTR,25.29,25.29,25.32,2169300.0,2093800.0,0,0,0,0,0,0,0,0,0,0,0,0,0,0,0,0,0,0,0,0,0,0,0,0,117,2026-02-06 00:49:06.702578
SPNG,24.67,25.21,25.33,2241200.0,2181600.0,0,0,0,0,0,0,0,0,0,0,0,0,0,0,0,0,0,0,0,0,0,0,0,0,118,2026-02-06 00:49:07.758795
SMMR,25.05,24.85,25.05,2290200.0,2344800.0,0,0,0,0,0,0,0,0,0,0,0,0,0,0,0,0,0,0,0,0,0,0,0,0,118,2026-02-06 00:49:07.758795
ATMN,25.07,24.78,25.07,2178900.0,2110100.0,0,0,0,0,0,0,0,0,0,0,0,0,0,0,0,0,0,0,0,0,0,0,0,0,118,2026-02-06 00:49:07.758795
WNTR,25.32,25.28,25.32,2165400.0,2093800.0,0,0,0,0,0,0,0,0,0,0,0,0,0,0,0,0,0,0,0,0,0,0,0,0,118,2026-02-06 00:49:07.758795
SPNG,25.21,24.67,25.06,2241800.0,2184100.0,0,0,0,0,0,0,0,0,0,0,0,0,0,0,0,0,0,0,0,0,0,0,0,0,119,2026-02-06 00:49:08.313024
SMMR,24.82,24.82,25.05,2288100.0,2340800.0,0,0,0,0,0,0,0,0,0,0,0,0,0,0,0,0,0,0,0,0,0,0,0,0,119,2026-02-06 00:49:08.313024
ATMN,25.11,24.78,25.11,2178900.0,2138600.0,0,0,0,0,0,0,0,0,0,0,0,0,0,0,0,0,0,0,0,0,0,0,0,0,119,2026-02-06 00:49:08.313024
WNTR,25.28,25.28,25.34,2141400.0,2108000.0,0,0,0,0,0,0,0,0,0,0,0,0,0,0,0,0,0,0,0,0,0,0,0,0,119,2026-02-06 00:49:08.313024
SPNG,25.06,23.67,0.0,200000.0,,0,0,0,0,0,0,0,0,0,0,0,0,0,0,0,0,0,0,0,0,0,0,0,0,120,2026-02-06 00:49:09.531064
SMMR,24.96,25.9,0.0,200000.0,,0,0,0,0,0,0,0,0,0,0,0,0,0,0,0,0,0,0,0,0,0,0,0,0,120,2026-02-06 00:49:09.531064
ATMN,24.78,24.53,0.0,200000.0,,0,0,0,0,0,0,0,0,0,0,0,0,0,0,0,0,0,0,0,0,0,0,0,0,120,2026-02-06 00:49:09.531064
WNTR,25.27,24.38,24.66,848800.0,836000.0,0,0,0,0,0,0,0,0,0,0,0,0,0,0,0,0,0,0,0,0,0,0,0,0,120,2026-02-06 00:49:09.531064
SPNG,23.86,23.67,23.86,1077600.0,7000.0,893900.0,,0,0,0,0,0,0,0,0,0,0,0,0,0,0,0,0,0,0,0,0,0,0,121,2026-02-06 00:49:10.586377
SMMR,25.9,25.82,25.83,1211700.0,,926100.0,,0,0,0,0,0,0,0,0,0,0,0,0,0,0,0,0,0,0,0,0,0,0,121,2026-02-06 00:49:10.586377
ATMN,26.6,25.88,26.48,910200.0,,906800.0,7000.0,0,0,0,0,0,0,0,0,0,0,0,0,0,0,0,0,0,0,0,0,0,0,121,2026-02-06 00:49:10.586377
WNTR,25.27,24.38,24.39,848800.0,,1188400.0,,0,0,0,0,0,0,0,0,0,0,0,0,0,0,0,0,0,0,0,0,0,0,121,2026-02-06 00:49:10.586377
SPNG,23.61,23.76,23.85,1271600.0,7000.0,7000.0,1028600.0,7000.0,,0,0,0,0,0,0,0,0,0,0,0,0,0,0,0,0,0,0,0,0,122,2026-02-06 00:49:11.626702
SMMR,25.82,25.82,25.89,1307200.0,,,1010000.0,,,0,0,0,0,0,0,0,0,0,0,0,0,0,0,0,0,0,0,0,0,122,2026-02-06 00:49:11.626702
ATMN,26.6,25.88,26.11,910200.0,7000.0,7000.0,1321700.0,7000.0,7000.0,0,0,0,0,0,0,0,0,0,0,0,0,0,0,0,0,0,0,0,0,122,2026-02-06 00:49:11.626702
WNTR,24.38,23.83,23.9,868600.0,,,1503600.0,,,0,0,0,0,0,0,0,0,0,0,0,0,0,0,0,0,0,0,0,0,122,2026-02-06 00:49:11.626702
SPNG,23.61,23.61,23.85,1140000.0,7000.0,7000.0,1234500.0,14000.0,7000.0,0,0,0,0,0,0,0,0,0,0,0,0,0,0,0,0,0,0,0,0,123,2026-02-06 00:49:12.670912
SMMR,25.82,25.66,25.81,1402800.0,,,1130400.0,,,0,0,0,0,0,0,0,0,0,0,0,0,0,0,0,0,0,0,0,0,123,2026-02-06 00:49:12.670912
ATMN,25.87,25.87,25.88,910200.0,7000.0,7000.0,1542600.0,14000.0,7000.0,0,0,0,0,0,0,0,0,0,0,0,0,0,0,0,0,0,0,0,0,123,2026-02-06 00:49:12.670912
WNTR,24.38,23.83,23.85,868600.0,,,1936400.0,,,0,0,0,0,0,0,0,0,0,0,0,0,0,0,0,0,0,0,0,0,123,2026-02-06 00:49:12.670912
SPNG,23.3,23.34,23.84,1501000.0,14000.0,14000.0,21000.0,1234500.0,7000.0,0,0,0,0,0,0,0,0,0,0,0,0,0,0,0,0,0,0,0,0,124,2026-02-06 00:49:13.794831
SMMR,25.82,25.77,25.81,2035600.0,,,,1130400.0,,0,0,0,0,0,0,0,0,0,0,0,0,0,0,0,0,0,0,0,0,124,2026-02-06 00:49:13.794831
ATMN,25.87,24.7,25.74,921200.0,7000.0,7000.0,7000.0,1824400.0,14000.0,0,0,0,0,0,0,0,0,0,0,0,0,0,0,0,0,0,0,0,0,124,2026-02-06 00:49:13.794831
WNTR,23.9,23.78,23.9,886800.0,,,,1716600.0,,0,0,0,0,0,0,0,0,0,0,0,0,0,0,0,0,0,0,0,0,124,2026-02-06 00:49:13.794831
SPNG,23.3,23.34,23.84,1501000.0,14000.0,7000.0,14000.0,14000.0,1315600.0,0,0,0,0,0,0,0,0,0,0,0,0,0,0,0,0,0,0,0,0,125,2026-02-06 00:49:14.369994
SMMR,25.89,25.84,25.89,2129400.0,,,,,1010000.0,0,0,0,0,0,0,0,0,0,0,0,0,0,0,0,0,0,0,0,0,125,2026-02-06 00:49:14.369994
ATMN,25.87,24.7,25.0,921200.0,7000.0,7000.0,14000.0,14000.0,1764400.0,0,0,0,0,0,0,0,0,0,0,0,0,0,0,0,0,0,0,0,0,125,2026-02-06 00:49:14.369994
WNTR,23.95,23.78,23.86,886800.0,,,,,1716300.0,0,0,0,0,0,0,0,0,0,0,0,0,0,0,0,0,0,0,0,0,125,2026-02-06 00:49:14.369994
SPNG,23.3,23.72,23.74,1746500.0,7000.0,7000.0,1421300.0,14000.0,14000.0,0,0,0,0,0,0,0,0,0,0,0,0,0,0,0,0,0,0,0,0,126,2026-02-06 00:49:15.403491
SMMR,26.06,25.84,26.06,2227700.0,,,1037400.0,,,0,0,0,0,0,0,0,0,0,0,0,0,0,0,0,0,0,0,0,0,126,2026-02-06 00:49:15.403491
ATMN,24.66,24.66,24.74,928000.0,,,1860000.0,14000.0,7000.0,0,0,0,0,0,0,0,0,0,0,0,0,0,0,0,0,0,0,0,0,126,2026-02-06 00:49:15.403491
WNTR,23.95,23.78,23.84,1016000.0,,,1910200.0,,,0,0,0,0,0,0,0,0,0,0,0,0,0,0,0,0,0,0,0,0,126,2026-02-06 00:49:15.403491
SPNG,23.3,23.72,23.74,1882800.0,14000.0,7000.0,1660900.0,14000.0,14000.0,0,0,0,0,0,0,0,0,0,0,0,0,0,0,0,0,0,0,0,0,127,2026-02-06 00:49:16.449883
SMMR,25.85,25.97,26.06,2352700.0,,,1037400.0,,,0,0,0,0,0,0,0,0,0,0,0,0,0,0,0,0,0,0,0,0,127,2026-02-06 00:49:16.449883
ATMN,24.53,24.53,24.74,964500.0,,,1836400.0,14000.0,7000.0,0,0,0,0,0,0,0,0,0,0,0,0,0,0,0,0,0,0,0,0,127,2026-02-06 00:49:16.449883
WNTR,23.58,23.58,23.71,910900.0,,,2147200.0,,,0,0,0,0,0,0,0,0,0,0,0,0,0,0,0,0,0,0,0,0,127,2026-02-06 00:49:16.449883
SPNG,23.85,23.72,23.85,2019000.0,7000.0,14000.0,1665800.0,7000.0,7000.0,0,0,0,0,0,0,0,0,0,0,0,0,0,0,0,0,0,0,0,0,128,2026-02-06 00:49:17.497130
SMMR,25.97,25.84,25.97,2324500.0,,,1157200.0,,,0,0,0,0,0,0,0,0,0,0,0,0,0,0,0,0,0,0,0,0,128,2026-02-06 00:49:17.497130
ATMN,24.79,24.54,24.73,1091600.0,7000.0,,1763500.0,14000.0,17000.0,0,0,0,0,0,0,0,0,0,0,0,0,0,0,0,0,0,0,0,0,128,2026-02-06 00:49:17.497130
WNTR,23.57,23.57,23.73,1004700.0,,,2138000.0,,,0,0,0,0,0,0,0,0,0,0,0,0,0,0,0,0,0,0,0,0,128,2026-02-06 00:49:17.497130
SPNG,23.64,23.64,23.81,1901400.0,7000.0,1795500.0,7000.0,14000.0,,0,0,0,0,0,0,0,0,0,0,0,0,0,0,0,0,0,0,0,0,129,2026-02-06 00:49:18.545848
SMMR,25.84,25.84,25.97,2358700.0,,1387100.0,,,,0,0,0,0,0,0,0,0,0,0,0,0,0,0,0,0,0,0,0,0,129,2026-02-06 00:49:18.545848
ATMN,24.79,24.54,24.7,1335000.0,,1784900.0,14000.0,17000.0,14000.0,0,0,0,0,0,0,0,0,0,0,0,0,0,0,0,0,0,0,0,0,129,2026-02-06 00:49:18.545848
WNTR,23.57,23.7,23.73,1291200.0,,2161300.0,,,,0,0,0,0,0,0,0,0,0,0,0,0,0,0,0,0,0,0,0,0,129,2026-02-06 00:49:18.545848
SPNG,23.64,23.64,23.74,1765100.0,7000.0,7000.0,1926200.0,7000.0,7000.0,0,0,0,0,0,0,0,0,0,0,0,0,0,0,0,0,0,0,0,0,130,2026-02-06 00:49:19.592840
SMMR,26.1,25.84,26.08,2356500.0,,,1262700.0,,,0,0,0,0,0,0,0,0,0,0,0,0,0,0,0,0,0,0,0,0,130,2026-02-06 00:49:19.592840
ATMN,24.6,24.6,24.61,1460600.0,7000.0,,1818900.0,14000.0,17000.0,0,0,0,0,0,0,0,0,0,0,0,0,0,0,0,0,0,0,0,0,130,2026-02-06 00:49:19.592840
WNTR,23.75,23.7,23.75,1410100.0,,,2151300.0,,,0,0,0,0,0,0,0,0,0,0,0,0,0,0,0,0,0,0,0,0,130,2026-02-06 00:49:19.592840
SPNG,23.64,23.51,23.56,1864200.0,7000.0,14000.0,1701700.0,21000.0,14000.0,0,0,0,0,0,0,0,0,0,0,0,0,0,0,0,0,0,0,0,0,131,2026-02-06 00:49:20.665095
SMMR,25.99,26.02,26.08,2345100.0,,,1262700.0,,,0,0,0,0,0,0,0,0,0,0,0,0,0,0,0,0,0,0,0,0,131,2026-02-06 00:49:20.665095
ATMN,24.54,24.54,24.61,1573100.0,7000.0,,1825000.0,14000.0,17000.0,0,0,0,0,0,0,0,0,0,0,0,0,0,0,0,0,0,0,0,0,131,2026-02-06 00:49:20.665095
WNTR,23.8,23.8,23.84,1646800.0,,,2034100.0,,,0,0,0,0,0,0,0,0,0,0,0,0,0,0,0,0,0,0,0,0,131,2026-02-06 00:49:20.665095
SPNG,23.81,23.51,23.81,1989700.0,7000.0,14000.0,1864100.0,7000.0,14000.0,0,0,0,0,0,0,0,0,0,0,0,0,0,0,0,0,0,0,0,0,132,2026-02-06 00:49:21.756091
SMMR,25.86,26.02,26.08,2349100.0,,,1383300.0,,,0,0,0,0,0,0,0,0,0,0,0,0,0,0,0,0,0,0,0,0,132,2026-02-06 00:49:21.756091
ATMN,24.7,24.54,24.7,1573100.0,7000.0,,1930600.0,7000.0,17000.0,0,0,0,0,0,0,0,0,0,0,0,0,0,0,0,0,0,0,0,0,132,2026-02-06 00:49:21.756091
WNTR,23.67,23.58,23.59,1429800.0,,,2036600.0,,,0,0,0,0,0,0,0,0,0,0,0,0,0,0,0,0,0,0,0,0,132,2026-02-06 00:49:21.756091
SPNG,23.81,23.67,23.81,2083100.0,7000.0,21000.0,1908200.0,7000.0,14000.0,0,0,0,0,0,0,0,0,0,0,0,0,0,0,0,0,0,0,0,0,133,2026-02-06 00:49:22.831481
SMMR,25.81,25.81,26.08,2353500.0,,,1585000.0,,,0,0,0,0,0,0,0,0,0,0,0,0,0,0,0,0,0,0,0,0,133,2026-02-06 00:49:22.831481
ATMN,24.7,24.72,24.73,1684800.0,14000.0,,1921600.0,14000.0,10000.0,0,0,0,0,0,0,0,0,0,0,0,0,0,0,0,0,0,0,0,0,133,2026-02-06 00:49:22.831481
WNTR,23.67,23.58,23.59,1772400.0,,,2036600.0,,,0,0,0,0,0,0,0,0,0,0,0,0,0,0,0,0,0,0,0,0,133,2026-02-06 00:49:22.831481
SPNG,23.81,23.67,23.81,2083100.0,14000.0,14000.0,2023500.0,7000.0,7000.0,0,0,0,0,0,0,0,0,0,0,0,0,0,0,0,0,0,0,0,0,134,2026-02-06 00:49:23.395646
SMMR,25.81,25.81,26.08,2360300.0,,,1698200.0,,,0,0,0,0,0,0,0,0,0,0,0,0,0,0,0,0,0,0,0,0,134,2026-02-06 00:49:23.395646
ATMN,24.7,24.72,24.73,1786800.0,7000.0,,1918500.0,14000.0,10000.0,0,0,0,0,0,0,0,0,0,0,0,0,0,0,0,0,0,0,0,0,134,2026-02-06 00:49:23.395646
WNTR,23.97,23.65,23.97,1875800.0,,,1831100.0,,,0,0,0,0,0,0,0,0,0,0,0,0,0,0,0,0,0,0,0,0,134,2026-02-06 00:49:23.395646
SPNG,23.83,23.67,23.83,2186700.0,7000.0,14000.0,2092200.0,7000.0,,0,0,0,0,0,0,0,0,0,0,0,0,0,0,0,0,0,0,0,0,135,2026-02-06 00:49:24.451998
SMMR,25.77,25.77,25.8,2354000.0,,,2029900.0,,,0,0,0,0,0,0,0,0,0,0,0,0,0,0,0,0,0,0,0,0,135,2026-02-06 00:49:24.451998
ATMN,24.72,24.54,24.72,1779900.0,7000.0,7000.0,1863000.0,17000.0,7000.0,0,0,0,0,0,0,0,0,0,0,0,0,0,0,0,0,0,0,0,0,135,2026-02-06 00:49:24.451998
WNTR,23.71,23.8,23.82,1999300.0,,,2030100.0,,,0,0,0,0,0,0,0,0,0,0,0,0,0,0,0,0,0,0,0,0,135,2026-02-06 00:49:24.451998
SPNG,23.87,23.67,23.87,1955600.0,7000.0,21000.0,2008700.0,,,0,0,0,0,0,0,0,0,0,0,0,0,0,0,0,0,0,0,0,0,136,2026-02-06 00:49:25.482915
SMMR,25.77,25.77,25.8,2371400.0,,,2278700.0,,,0,0,0,0,0,0,0,0,0,0,0,0,0,0,0,0,0,0,0,0,136,2026-02-06 00:49:25.482915
ATMN,24.29,24.29,24.72,1682500.0,,,1863000.0,17000.0,7000.0,0,0,0,0,0,0,0,0,0,0,0,0,0,0,0,0,0,0,0,0,136,2026-02-06 00:49:25.482915
WNTR,23.82,23.86,23.97,2020400.0,,,1928300.0,,,0,0,0,0,0,0,0,0,0,0,0,0,0,0,0,0,0,0,0,0,136,2026-02-06 00:49:25.482915
SPNG,23.52,23.52,23.87,21000.0,1958700.0,7000.0,2008700.0,7000.0,,0,0,0,0,0,0,0,0,0,0,0,0,0,0,0,0,0,0,0,0,137,2026-02-06 00:49:26.544015
SMMR,25.8,25.77,25.8,,2344700.0,,2278700.0,,,0,0,0,0,0,0,0,0,0,0,0,0,0,0,0,0,0,0,0,0,137,2026-02-06 00:49:26.544015
ATMN,24.73,24.5,24.73,7000.0,1815400.0,,1996100.0,7000.0,7000.0,0,0,0,0,0,0,0,0,0,0,0,0,0,0,0,0,0,0,0,0,137,2026-02-06 00:49:26.544015
WNTR,23.68,23.92,23.93,,1993500.0,,2164900.0,,,0,0,0,0,0,0,0,0,0,0,0,0,0,0,0,0,0,0,0,0,137,2026-02-06 00:49:26.544015
SPNG,23.52,23.67,23.86,31000.0,1793600.0,7000.0,1982600.0,7000.0,7000.0,0,0,0,0,0,0,0,0,0,0,0,0,0,0,0,0,0,0,0,0,138,2026-02-06 00:49:27.610337
SMMR,25.91,25.77,25.91,,2322600.0,,1814500.0,,,0,0,0,0,0,0,0,0,0,0,0,0,0,0,0,0,0,0,0,0,138,2026-02-06 00:49:27.610337
ATMN,24.5,24.5,24.71,7000.0,1947100.0,7000.0,1875600.0,7000.0,15000.0,0,0,0,0,0,0,0,0,0,0,0,0,0,0,0,0,0,0,0,0,138,2026-02-06 00:49:27.610337
WNTR,23.92,23.92,23.93,,1993500.0,,2224500.0,,,0,0,0,0,0,0,0,0,0,0,0,0,0,0,0,0,0,0,0,0,138,2026-02-06 00:49:27.610337
SPNG,23.48,23.48,23.86,2394000.0,7000.0,1982600.0,7000.0,7000.0,,0,0,0,0,0,0,0,0,0,0,0,0,0,0,0,0,0,0,0,0,139,2026-02-06 00:49:28.656656
SMMR,25.82,25.82,26.08,2335500.0,,1698200.0,,,,0,0,0,0,0,0,0,0,0,0,0,0,0,0,0,0,0,0,0,0,139,2026-02-06 00:49:28.656656
ATMN,24.79,24.5,24.63,1900900.0,14000.0,2009000.0,7000.0,7000.0,14000.0,0,0,0,0,0,0,0,0,0,0,0,0,0,0,0,0,0,0,0,0,139,2026-02-06 00:49:28.656656
WNTR,23.58,23.72,23.88,1771100.0,,2261800.0,,,,0,0,0,0,0,0,0,0,0,0,0,0,0,0,0,0,0,0,0,0,139,2026-02-06 00:49:28.656656
SPNG,23.86,23.45,23.86,2569900.0,1934100.0,7000.0,14000.0,,,0,0,0,0,0,0,0,0,0,0,0,0,0,0,0,0,0,0,0,0,140,2026-02-06 00:49:29.696245
SMMR,25.76,25.8,25.95,2316500.0,1815700.0,,,,,0,0,0,0,0,0,0,0,0,0,0,0,0,0,0,0,0,0,0,0,140,2026-02-06 00:49:29.696245
ATMN,24.45,24.45,24.8,2064100.0,2229600.0,,,14000.0,7000.0,0,0,0,0,0,0,0,0,0,0,0,0,0,0,0,0,0,0,0,0,140,2026-02-06 00:49:29.696245
WNTR,23.76,23.72,23.76,1868500.0,2284800.0,,,,,0,0,0,0,0,0,0,0,0,0,0,0,0,0,0,0,0,0,0,0,140,2026-02-06 00:49:29.696245
SPNG,23.87,23.38,23.87,7000.0,2444400.0,2072400.0,7000.0,,0,0,0,0,0,0,0,0,0,0,0,0,0,0,0,0,0,0,0,0,0,141,2026-02-06 00:49:30.736335
SMMR,25.74,25.74,26.01,,2342200.0,1826500.0,,,0,0,0,0,0,0,0,0,0,0,0,0,0,0,0,0,0,0,0,0,0,141,2026-02-06 00:49:30.736335
ATMN,24.8,24.47,24.67,7000.0,2134000.0,2128500.0,7000.0,7000.0,0,0,0,0,0,0,0,0,0,0,0,0,0,0,0,0,0,0,0,0,0,141,2026-02-06 00:49:30.736335
WNTR,23.76,23.72,23.76,,2001300.0,2332900.0,,,0,0,0,0,0,0,0,0,0,0,0,0,0,0,0,0,0,0,0,0,0,141,2026-02-06 00:49:30.736335
SPNG,23.87,23.69,23.87,2156900.0,7000.0,7000.0,1983000.0,7000.0,7000.0,0,0,0,0,0,0,0,0,0,0,0,0,0,0,0,0,0,0,0,0,142,2026-02-06 00:49:31.787975
SMMR,25.74,25.74,25.92,2329700.0,,,1956300.0,,,0,0,0,0,0,0,0,0,0,0,0,0,0,0,0,0,0,0,0,0,142,2026-02-06 00:49:31.787975
ATMN,24.45,24.45,24.8,2030900.0,7000.0,14000.0,2020800.0,7000.0,7000.0,0,0,0,0,0,0,0,0,0,0,0,0,0,0,0,0,0,0,0,0,142,2026-02-06 00:49:31.787975
WNTR,23.6,23.6,23.78,1898600.0,,,2305200.0,,,0,0,0,0,0,0,0,0,0,0,0,0,0,0,0,0,0,0,0,0,142,2026-02-06 00:49:31.787975
SPNG,23.87,23.69,23.82,2156900.0,7000.0,7000.0,2014800.0,7000.0,7000.0,0,0,0,0,0,0,0,0,0,0,0,0,0,0,0,0,0,0,0,0,143,2026-02-06 00:49:32.851959
SMMR,25.85,25.74,25.8,2329700.0,,,2178900.0,,,0,0,0,0,0,0,0,0,0,0,0,0,0,0,0,0,0,0,0,0,143,2026-02-06 00:49:32.851959
ATMN,24.95,24.41,24.95,2071100.0,7000.0,7000.0,2151700.0,,,0,0,0,0,0,0,0,0,0,0,0,0,0,0,0,0,0,0,0,0,143,2026-02-06 00:49:32.851959
WNTR,23.6,23.76,23.78,2014700.0,,,2271400.0,,,0,0,0,0,0,0,0,0,0,0,0,0,0,0,0,0,0,0,0,0,143,2026-02-06 00:49:32.851959
SPNG,23.69,23.38,23.55,7000.0,7000.0,2100900.0,1947400.0,14000.0,7000.0,0,0,0,0,0,0,0,0,0,0,0,0,0,0,0,0,0,0,0,0,144,2026-02-06 00:49:33.421934
SMMR,25.92,25.74,25.92,,,2317500.0,1956300.0,,,0,0,0,0,0,0,0,0,0,0,0,0,0,0,0,0,0,0,0,0,144,2026-02-06 00:49:33.421934
ATMN,24.95,24.36,24.95,7000.0,7000.0,1950600.0,2065500.0,,7000.0,0,0,0,0,0,0,0,0,0,0,0,0,0,0,0,0,0,0,0,0,144,2026-02-06 00:49:33.421934
WNTR,23.76,23.76,23.78,,,2014700.0,2282300.0,,,0,0,0,0,0,0,0,0,0,0,0,0,0,0,0,0,0,0,0,0,144,2026-02-06 00:49:33.421934
SPNG,23.82,23.54,23.82,2088300.0,7000.0,7000.0,1936500.0,7000.0,14000.0,0,0,0,0,0,0,0,0,0,0,0,0,0,0,0,0,0,0,0,0,145,2026-02-06 00:49:34.502997
SMMR,25.92,25.74,26.01,2317500.0,,,1826500.0,,,0,0,0,0,0,0,0,0,0,0,0,0,0,0,0,0,0,0,0,0,145,2026-02-06 00:49:34.502997
ATMN,24.49,24.63,24.95,2020800.0,14000.0,7000.0,1959700.0,14000.0,,0,0,0,0,0,0,0,0,0,0,0,0,0,0,0,0,0,0,0,0,145,2026-02-06 00:49:34.502997
WNTR,23.58,23.58,23.78,1801200.0,,,2248600.0,,,0,0,0,0,0,0,0,0,0,0,0,0,0,0,0,0,0,0,0,0,145,2026-02-06 00:49:34.502997
SPNG,23.87,23.54,23.87,1837400.0,14000.0,14000.0,2080000.0,7000.0,0,0,0,0,0,0,0,0,0,0,0,0,0,0,0,0,0,0,0,0,0,146,2026-02-06 00:49:35.546695
SMMR,25.72,25.72,25.99,2321800.0,,,1942800.0,,0,0,0,0,0,0,0,0,0,0,0,0,0,0,0,0,0,0,0,0,0,146,2026-02-06 00:49:35.546695
ATMN,24.49,24.64,24.71,2028500.0,7000.0,17000.0,2092300.0,7000.0,0,0,0,0,0,0,0,0,0,0,0,0,0,0,0,0,0,0,0,0,0,146,2026-02-06 00:49:35.546695
WNTR,23.8,23.62,23.8,1900400.0,,,2232400.0,,0,0,0,0,0,0,0,0,0,0,0,0,0,0,0,0,0,0,0,0,0,146,2026-02-06 00:49:35.546695
SPNG,23.76,23.76,23.87,1960700.0,17000.0,7000.0,7000.0,2042000.0,0,0,0,0,0,0,0,0,0,0,0,0,0,0,0,0,0,0,0,0,0,147,2026-02-06 00:49:36.602079
SMMR,25.93,25.72,25.73,2310800.0,,,,2054300.0,0,0,0,0,0,0,0,0,0,0,0,0,0,0,0,0,0,0,0,0,0,147,2026-02-06 00:49:36.602079
ATMN,24.95,24.64,24.95,1998000.0,7000.0,17000.0,,2184500.0,0,0,0,0,0,0,0,0,0,0,0,0,0,0,0,0,0,0,0,0,0,147,2026-02-06 00:49:36.602079
WNTR,23.62,23.62,23.7,1900400.0,,,,2246400.0,0,0,0,0,0,0,0,0,0,0,0,0,0,0,0,0,0,0,0,0,0,147,2026-02-06 00:49:36.602079
SPNG,23.61,23.55,23.61,17000.0,14000.0,1847900.0,1946500.0,14000.0,,0,0,0,0,0,0,0,0,0,0,0,0,0,0,0,0,0,0,0,0,148,2026-02-06 00:49:37.639473
SMMR,25.72,25.72,25.87,,,2315600.0,2167200.0,,,0,0,0,0,0,0,0,0,0,0,0,0,0,0,0,0,0,0,0,0,148,2026-02-06 00:49:37.639473
ATMN,24.45,24.82,24.95,14000.0,7000.0,1987300.0,2089300.0,,7000.0,0,0,0,0,0,0,0,0,0,0,0,0,0,0,0,0,0,0,0,0,148,2026-02-06 00:49:37.639473
WNTR,23.62,23.62,23.7,,,1900400.0,2290300.0,,,0,0,0,0,0,0,0,0,0,0,0,0,0,0,0,0,0,0,0,0,148,2026-02-06 00:49:37.639473
SPNG,23.88,23.55,23.88,14000.0,2075000.0,1952600.0,7000.0,7000.0,,0,0,0,0,0,0,0,0,0,0,0,0,0,0,0,0,0,0,0,0,149,2026-02-06 00:49:38.669136
SMMR,25.69,25.69,25.87,,2357500.0,2286100.0,,,,0,0,0,0,0,0,0,0,0,0,0,0,0,0,0,0,0,0,0,0,149,2026-02-06 00:49:38.669136
ATMN,24.92,24.36,24.83,14000.0,1886600.0,2089700.0,,7000.0,14000.0,0,0,0,0,0,0,0,0,0,0,0,0,0,0,0,0,0,0,0,0,149,2026-02-06 00:49:38.669136
WNTR,23.7,23.57,23.7,,1814100.0,2286600.0,,,,0,0,0,0,0,0,0,0,0,0,0,0,0,0,0,0,0,0,0,0,149,2026-02-06 00:49:38.669136
SPNG,23.88,23.7,23.88,1946600.0,14000.0,7000.0,1976700.0,7000.0,7000.0,0,0,0,0,0,0,0,0,0,0,0,0,0,0,0,0,0,0,0,0,150,2026-02-06 00:49:39.702826
SMMR,25.69,25.69,25.75,2370500.0,,,2283600.0,,,0,0,0,0,0,0,0,0,0,0,0,0,0,0,0,0,0,0,0,0,150,2026-02-06 00:49:39.702826
ATMN,24.96,24.36,24.96,1854500.0,7000.0,21000.0,1987600.0,7000.0,7000.0,0,0,0,0,0,0,0,0,0,0,0,0,0,0,0,0,0,0,0,0,150,2026-02-06 00:49:39.702826
WNTR,23.7,23.57,23.59,2068300.0,,,2255100.0,,,0,0,0,0,0,0,0,0,0,0,0,0,0,0,0,0,0,0,0,0,150,2026-02-06 00:49:39.702826
SPNG,23.89,23.54,23.89,2078700.0,7000.0,7000.0,2183900.0,,0,0,0,0,0,0,0,0,0,0,0,0,0,0,0,0,0,0,0,0,0,151,2026-02-06 00:49:40.733862
SMMR,25.75,25.82,25.87,2316900.0,,,2284500.0,,0,0,0,0,0,0,0,0,0,0,0,0,0,0,0,0,0,0,0,0,0,151,2026-02-06 00:49:40.733862
ATMN,24.97,24.36,24.67,1954300.0,7000.0,14000.0,2111500.0,7000.0,0,0,0,0,0,0,0,0,0,0,0,0,0,0,0,0,0,0,0,0,0,151,2026-02-06 00:49:40.733862
WNTR,23.7,23.57,23.59,2265200.0,,,2255100.0,,0,0,0,0,0,0,0,0,0,0,0,0,0,0,0,0,0,0,0,0,0,151,2026-02-06 00:49:40.733862
SPNG,23.43,23.55,23.89,17000.0,1853800.0,14000.0,2094500.0,7000.0,,0,0,0,0,0,0,0,0,0,0,0,0,0,0,0,0,0,0,0,0,152,2026-02-06 00:49:41.765260
SMMR,25.82,25.69,25.74,,2363400.0,,2301900.0,,,0,0,0,0,0,0,0,0,0,0,0,0,0,0,0,0,0,0,0,0,152,2026-02-06 00:49:41.765260
ATMN,24.97,24.55,24.67,14000.0,1797200.0,14000.0,1994600.0,7000.0,7000.0,0,0,0,0,0,0,0,0,0,0,0,0,0,0,0,0,0,0,0,0,152,2026-02-06 00:49:41.765260
WNTR,23.59,23.57,23.59,,2257200.0,,2297700.0,,,0,0,0,0,0,0,0,0,0,0,0,0,0,0,0,0,0,0,0,0,152,2026-02-06 00:49:41.765260
SPNG,23.59,23.6,23.89,1772500.0,17000.0,21000.0,2094500.0,7000.0,,0,0,0,0,0,0,0,0,0,0,0,0,0,0,0,0,0,0,0,0,153,2026-02-06 00:49:42.795344
SMMR,25.74,25.7,25.74,2368000.0,,,2320400.0,,,0,0,0,0,0,0,0,0,0,0,0,0,0,0,0,0,0,0,0,0,153,2026-02-06 00:49:42.795344
ATMN,24.67,24.55,24.67,1924800.0,7000.0,14000.0,1873900.0,14000.0,7000.0,0,0,0,0,0,0,0,0,0,0,0,0,0,0,0,0,0,0,0,0,153,2026-02-06 00:49:42.795344
WNTR,23.69,23.67,23.69,2246500.0,,,2309600.0,,,0,0,0,0,0,0,0,0,0,0,0,0,0,0,0,0,0,0,0,0,153,2026-02-06 00:49:42.795344
SPNG,23.6,23.6,23.89,1888200.0,17000.0,14000.0,2097500.0,7000.0,0,0,0,0,0,0,0,0,0,0,0,0,0,0,0,0,0,0,0,0,0,154,2026-02-06 00:49:43.827926
SMMR,25.87,25.7,25.85,2368000.0,,,2284500.0,,0,0,0,0,0,0,0,0,0,0,0,0,0,0,0,0,0,0,0,0,0,154,2026-02-06 00:49:43.827926
ATMN,24.55,24.55,24.91,1924800.0,7000.0,17000.0,2096700.0,7000.0,0,0,0,0,0,0,0,0,0,0,0,0,0,0,0,0,0,0,0,0,0,154,2026-02-06 00:49:43.827926
WNTR,23.64,23.64,23.69,2240100.0,,,2321400.0,,0,0,0,0,0,0,0,0,0,0,0,0,0,0,0,0,0,0,0,0,0,154,2026-02-06 00:49:43.827926
SPNG,23.94,23.61,23.94,27000.0,1888200.0,7000.0,7000.0,2053000.0,,0,0,0,0,0,0,0,0,0,0,0,0,0,0,0,0,0,0,0,0,155,2026-02-06 00:49:44.912668
SMMR,25.7,25.7,25.85,,2368000.0,,,2278000.0,,0,0,0,0,0,0,0,0,0,0,0,0,0,0,0,0,0,0,0,0,155,2026-02-06 00:49:44.912668
ATMN,24.55,24.55,24.91,14000.0,1786200.0,17000.0,7000.0,1967400.0,7000.0,0,0,0,0,0,0,0,0,0,0,0,0,0,0,0,0,0,0,0,0,155,2026-02-06 00:49:44.912668
WNTR,23.71,23.64,23.71,,2244500.0,,,2304800.0,,0,0,0,0,0,0,0,0,0,0,0,0,0,0,0,0,0,0,0,0,155,2026-02-06 00:49:44.912668
SPNG,23.54,23.54,23.95,2089400.0,7000.0,7000.0,2053000.0,7000.0,,0,0,0,0,0,0,0,0,0,0,0,0,0,0,0,0,0,0,0,0,156,2026-02-06 00:49:45.526083
SMMR,25.85,25.72,25.85,2334200.0,,,2278000.0,,,0,0,0,0,0,0,0,0,0,0,0,0,0,0,0,0,0,0,0,0,156,2026-02-06 00:49:45.526083
ATMN,24.55,24.58,24.79,1892000.0,17000.0,7000.0,1975800.0,7000.0,7000.0,0,0,0,0,0,0,0,0,0,0,0,0,0,0,0,0,0,0,0,0,156,2026-02-06 00:49:45.526083
WNTR,23.63,23.63,23.71,2228500.0,,,2304800.0,,,0,0,0,0,0,0,0,0,0,0,0,0,0,0,0,0,0,0,0,0,156,2026-02-06 00:49:45.526083
SPNG,23.97,23.54,23.97,1965600.0,17000.0,7000.0,7000.0,7000.0,2000300.0,0,0,0,0,0,0,0,0,0,0,0,0,0,0,0,0,0,0,0,0,157,2026-02-06 00:49:46.578051
SMMR,25.72,25.72,25.99,2338200.0,,,,,2271400.0,0,0,0,0,0,0,0,0,0,0,0,0,0,0,0,0,0,0,0,0,157,2026-02-06 00:49:46.578051
ATMN,24.79,24.58,24.79,1852300.0,10000.0,14000.0,7000.0,7000.0,1975800.0,0,0,0,0,0,0,0,0,0,0,0,0,0,0,0,0,0,0,0,0,157,2026-02-06 00:49:46.578051
WNTR,23.72,23.63,23.72,2228500.0,,,,,2308500.0,0,0,0,0,0,0,0,0,0,0,0,0,0,0,0,0,0,0,0,0,157,2026-02-06 00:49:46.578051
SPNG,23.9,23.91,23.97,27000.0,1882400.0,7000.0,7000.0,7000.0,2038300.0,0,0,0,0,0,0,0,0,0,0,0,0,0,0,0,0,0,0,0,0,158,2026-02-06 00:49:47.632952
SMMR,25.69,25.69,25.79,,2366500.0,,,,2288700.0,0,0,0,0,0,0,0,0,0,0,0,0,0,0,0,0,0,0,0,0,158,2026-02-06 00:49:47.632952
ATMN,24.91,24.42,24.84,7000.0,2125400.0,,14000.0,,1966600.0,0,0,0,0,0,0,0,0,0,0,0,0,0,0,0,0,0,0,0,0,158,2026-02-06 00:49:47.632952
WNTR,23.63,23.63,23.72,,2219600.0,,,,2308500.0,0,0,0,0,0,0,0,0,0,0,0,0,0,0,0,0,0,0,0,0,158,2026-02-06 00:49:47.632952
SPNG,23.54,23.44,23.49,7000.0,14000.0,1963900.0,2074100.0,14000.0,,0,0,0,0,0,0,0,0,0,0,0,0,0,0,0,0,0,0,0,0,159,2026-02-06 00:49:48.677708
SMMR,25.87,25.69,25.74,,,2345800.0,2288500.0,,,0,0,0,0,0,0,0,0,0,0,0,0,0,0,0,0,0,0,0,0,159,2026-02-06 00:49:48.677708
ATMN,24.91,24.53,24.84,7000.0,,2084100.0,1994200.0,,14000.0,0,0,0,0,0,0,0,0,0,0,0,0,0,0,0,0,0,0,0,0,159,2026-02-06 00:49:48.677708
WNTR,23.58,23.58,23.72,,,2239000.0,2308500.0,,,0,0,0,0,0,0,0,0,0,0,0,0,0,0,0,0,0,0,0,0,159,2026-02-06 00:49:48.677708
SPNG,23.49,23.76,23.98,2067600.0,7000.0,7000.0,2038300.0,7000.0,7000.0,0,0,0,0,0,0,0,0,0,0,0,0,0,0,0,0,0,0,0,0,160,2026-02-06 00:49:49.722952
SMMR,25.87,25.73,25.74,2357400.0,,,2323600.0,,,0,0,0,0,0,0,0,0,0,0,0,0,0,0,0,0,0,0,0,0,160,2026-02-06 00:49:49.722952
ATMN,24.84,24.6,24.67,1851100.0,7000.0,14000.0,1990400.0,,14000.0,0,0,0,0,0,0,0,0,0,0,0,0,0,0,0,0,0,0,0,0,160,2026-02-06 00:49:49.722952
WNTR,23.58,23.69,23.72,2241500.0,,,2308500.0,,,0,0,0,0,0,0,0,0,0,0,0,0,0,0,0,0,0,0,0,0,160,2026-02-06 00:49:49.722952
SPNG,23.4,23.4,23.98,2071100.0,7000.0,7000.0,2038300.0,7000.0,7000.0,0,0,0,0,0,0,0,0,0,0,0,0,0,0,0,0,0,0,0,0,161,2026-02-06 00:49:50.769193
SMMR,25.87,25.82,25.87,2388700.0,,,2301300.0,,,0,0,0,0,0,0,0,0,0,0,0,0,0,0,0,0,0,0,0,0,161,2026-02-06 00:49:50.769193
ATMN,24.67,24.6,24.67,1940200.0,7000.0,7000.0,2000300.0,,17000.0,0,0,0,0,0,0,0,0,0,0,0,0,0,0,0,0,0,0,0,0,161,2026-02-06 00:49:50.769193
WNTR,23.73,23.69,23.73,2241500.0,,,2288100.0,,,0,0,0,0,0,0,0,0,0,0,0,0,0,0,0,0,0,0,0,0,161,2026-02-06 00:49:50.769193
SPNG,23.39,23.39,23.97,2311700.0,17000.0,1937300.0,7000.0,,,0,0,0,0,0,0,0,0,0,0,0,0,0,0,0,0,0,0,0,0,162,2026-02-06 00:49:51.809048
SMMR,25.91,25.73,25.91,2378500.0,,2283200.0,,,,0,0,0,0,0,0,0,0,0,0,0,0,0,0,0,0,0,0,0,0,162,2026-02-06 00:49:51.809048
ATMN,24.67,24.62,24.67,1876300.0,20000.0,1860500.0,7000.0,7000.0,14000.0,0,0,0,0,0,0,0,0,0,0,0,0,0,0,0,0,0,0,0,0,162,2026-02-06 00:49:51.809048
WNTR,23.58,23.66,23.77,2234800.0,,2278100.0,,,,0,0,0,0,0,0,0,0,0,0,0,0,0,0,0,0,0,0,0,0,162,2026-02-06 00:49:51.809048
SPNG,23.98,23.56,23.83,2216100.0,7000.0,2057200.0,7000.0,7000.0,,0,0,0,0,0,0,0,0,0,0,0,0,0,0,0,0,0,0,0,0,163,2026-02-06 00:49:52.868848
SMMR,25.99,25.83,25.99,2369700.0,,2271400.0,,,,0,0,0,0,0,0,0,0,0,0,0,0,0,0,0,0,0,0,0,0,163,2026-02-06 00:49:52.868848
ATMN,24.85,24.62,24.85,1878800.0,14000.0,2124300.0,7000.0,,7000.0,0,0,0,0,0,0,0,0,0,0,0,0,0,0,0,0,0,0,0,0,163,2026-02-06 00:49:52.868848
WNTR,23.63,23.63,23.78,2269900.0,,2291500.0,,,,0,0,0,0,0,0,0,0,0,0,0,0,0,0,0,0,0,0,0,0,163,2026-02-06 00:49:52.868848
SPNG,23.98,23.7,23.83,2081400.0,7000.0,7000.0,2057200.0,7000.0,7000.0,0,0,0,0,0,0,0,0,0,0,0,0,0,0,0,0,0,0,0,0,164,2026-02-06 00:49:53.949608
SMMR,25.73,25.73,25.99,2345200.0,,,2294500.0,,,0,0,0,0,0,0,0,0,0,0,0,0,0,0,0,0,0,0,0,0,164,2026-02-06 00:49:53.949608
ATMN,24.93,24.75,24.92,1887300.0,15500.0,7000.0,1988400.0,7000.0,7000.0,0,0,0,0,0,0,0,0,0,0,0,0,0,0,0,0,0,0,0,0,164,2026-02-06 00:49:53.949608
WNTR,23.84,23.63,23.69,2257600.0,,,2255300.0,,,0,0,0,0,0,0,0,0,0,0,0,0,0,0,0,0,0,0,0,0,164,2026-02-06 00:49:53.949608
SPNG,23.57,23.57,23.83,7000.0,14000.0,1956100.0,2057200.0,7000.0,7000.0,0,0,0,0,0,0,0,0,0,0,0,0,0,0,0,0,0,0,0,0,165,2026-02-06 00:49:54.556556
SMMR,25.69,25.69,25.99,,,2378000.0,2294500.0,,,0,0,0,0,0,0,0,0,0,0,0,0,0,0,0,0,0,0,0,0,165,2026-02-06 00:49:54.556556
ATMN,24.62,24.6,24.62,7000.0,7000.0,1967800.0,1965100.0,7000.0,7000.0,0,0,0,0,0,0,0,0,0,0,0,0,0,0,0,0,0,0,0,0,165,2026-02-06 00:49:54.556556
WNTR,23.57,23.57,23.69,,,2227700.0,2255300.0,,,0,0,0,0,0,0,0,0,0,0,0,0,0,0,0,0,0,0,0,0,165,2026-02-06 00:49:54.556556
SPNG,23.99,23.57,23.99,7000.0,7000.0,2067900.0,2235700.0,,,0,0,0,0,0,0,0,0,0,0,0,0,0,0,0,0,0,0,0,0,166,2026-02-06 00:49:55.626765
SMMR,25.99,25.98,25.99,,,2374200.0,2294500.0,,,0,0,0,0,0,0,0,0,0,0,0,0,0,0,0,0,0,0,0,0,166,2026-02-06 00:49:55.626765
ATMN,24.58,24.58,24.92,,7000.0,2075100.0,1988400.0,7000.0,7000.0,0,0,0,0,0,0,0,0,0,0,0,0,0,0,0,0,0,0,0,0,166,2026-02-06 00:49:55.626765
WNTR,23.62,23.62,23.69,,,2275000.0,2255300.0,,,0,0,0,0,0,0,0,0,0,0,0,0,0,0,0,0,0,0,0,0,166,2026-02-06 00:49:55.626765
SPNG,24.03,23.57,24.03,14000.0,1956100.0,7000.0,7000.0,2095300.0,,0,0,0,0,0,0,0,0,0,0,0,0,0,0,0,0,0,0,0,0,167,2026-02-06 00:49:56.689183
SMMR,26.0,25.98,26.0,,2327900.0,,,2268100.0,,0,0,0,0,0,0,0,0,0,0,0,0,0,0,0,0,0,0,0,0,167,2026-02-06 00:49:56.689183
ATMN,24.58,24.58,24.68,,2191900.0,,,1959700.0,17000.0,0,0,0,0,0,0,0,0,0,0,0,0,0,0,0,0,0,0,0,0,167,2026-02-06 00:49:56.689183
WNTR,23.76,23.62,23.66,,2275000.0,,,2269400.0,,0,0,0,0,0,0,0,0,0,0,0,0,0,0,0,0,0,0,0,0,167,2026-02-06 00:49:56.689183
SPNG,24.03,23.56,23.69,2102600.0,7000.0,7000.0,2005500.0,7000.0,7000.0,0,0,0,0,0,0,0,0,0,0,0,0,0,0,0,0,0,0,0,0,168,2026-02-06 00:49:57.773398
SMMR,25.88,25.88,26.0,2328500.0,,,2281000.0,,,0,0,0,0,0,0,0,0,0,0,0,0,0,0,0,0,0,0,0,0,168,2026-02-06 00:49:57.773398
ATMN,24.58,24.62,24.67,2130100.0,,7000.0,1828100.0,,27000.0,0,0,0,0,0,0,0,0,0,0,0,0,0,0,0,0,0,0,0,0,168,2026-02-06 00:49:57.773398
WNTR,23.62,23.62,23.66,2260300.0,,,2259500.0,,,0,0,0,0,0,0,0,0,0,0,0,0,0,0,0,0,0,0,0,0,168,2026-02-06 00:49:57.773398
SPNG,24.03,23.67,23.69,2117200.0,7000.0,7000.0,2005500.0,7000.0,7000.0,0,0,0,0,0,0,0,0,0,0,0,0,0,0,0,0,0,0,0,0,169,2026-02-06 00:49:58.845514
SMMR,25.68,25.68,25.81,2332100.0,,,2333000.0,,,0,0,0,0,0,0,0,0,0,0,0,0,0,0,0,0,0,0,0,0,169,2026-02-06 00:49:58.845514
ATMN,24.68,24.62,24.68,2122800.0,,7000.0,1828100.0,7000.0,17000.0,0,0,0,0,0,0,0,0,0,0,0,0,0,0,0,0,0,0,0,0,169,2026-02-06 00:49:58.845514
WNTR,23.58,23.58,23.81,2261500.0,,,2253800.0,,,0,0,0,0,0,0,0,0,0,0,0,0,0,0,0,0,0,0,0,0,169,2026-02-06 00:49:58.845514
SPNG,23.41,23.41,24.03,14000.0,2116000.0,7000.0,7000.0,1991600.0,,0,0,0,0,0,0,0,0,0,0,0,0,0,0,0,0,0,0,0,0,170,2026-02-06 00:49:59.892518
SMMR,25.95,25.74,25.95,,2357400.0,,,2316000.0,,0,0,0,0,0,0,0,0,0,0,0,0,0,0,0,0,0,0,0,0,170,2026-02-06 00:49:59.892518
ATMN,24.68,24.62,24.64,7000.0,1982100.0,7000.0,24000.0,1738400.0,7000.0,0,0,0,0,0,0,0,0,0,0,0,0,0,0,0,0,0,0,0,0,170,2026-02-06 00:49:59.892518
WNTR,23.64,23.65,23.81,,2277900.0,,,2253800.0,,0,0,0,0,0,0,0,0,0,0,0,0,0,0,0,0,0,0,0,0,170,2026-02-06 00:49:59.892518
SPNG,23.4,23.4,23.57,2218700.0,7000.0,1959300.0,14000.0,7000.0,,0,0,0,0,0,0,0,0,0,0,0,0,0,0,0,0,0,0,0,0,171,2026-02-06 00:50:00.988469
SMMR,25.95,25.81,25.89,2355500.0,,2323900.0,,,,0,0,0,0,0,0,0,0,0,0,0,0,0,0,0,0,0,0,0,0,171,2026-02-06 00:50:00.988469
ATMN,24.64,24.63,24.64,1965800.0,7000.0,1826000.0,7000.0,14000.0,7000.0,0,0,0,0,0,0,0,0,0,0,0,0,0,0,0,0,0,0,0,0,171,2026-02-06 00:50:00.988469
WNTR,23.64,23.65,23.74,2264000.0,,2309600.0,,,,0,0,0,0,0,0,0,0,0,0,0,0,0,0,0,0,0,0,0,0,171,2026-02-06 00:50:00.988469
SPNG,23.57,23.4,23.57,2199700.0,7000.0,2118100.0,7000.0,,,0,0,0,0,0,0,0,0,0,0,0,0,0,0,0,0,0,0,0,0,172,2026-02-06 00:50:01.579790
SMMR,25.89,25.81,25.89,2355500.0,,2309000.0,,,,0,0,0,0,0,0,0,0,0,0,0,0,0,0,0,0,0,0,0,0,172,2026-02-06 00:50:01.579790
ATMN,24.63,24.63,24.64,2072900.0,,2067800.0,,7000.0,7000.0,0,0,0,0,0,0,0,0,0,0,0,0,0,0,0,0,0,0,0,0,172,2026-02-06 00:50:01.579790
WNTR,23.74,23.65,23.74,2264000.0,,2317300.0,,,,0,0,0,0,0,0,0,0,0,0,0,0,0,0,0,0,0,0,0,0,172,2026-02-06 00:50:01.579790
SPNG,24.04,23.4,24.04,2308900.0,2184700.0,0,0,0,0,0,0,0,0,0,0,0,0,0,0,0,0,0,0,0,0,0,0,0,0,173,2026-02-06 00:50:02.634333
SMMR,25.74,25.74,25.77,2378800.0,2312600.0,0,0,0,0,0,0,0,0,0,0,0,0,0,0,0,0,0,0,0,0,0,0,0,0,173,2026-02-06 00:50:02.634333
ATMN,24.61,24.61,24.71,2182200.0,2165500.0,0,0,0,0,0,0,0,0,0,0,0,0,0,0,0,0,0,0,0,0,0,0,0,0,173,2026-02-06 00:50:02.634333
WNTR,23.61,23.73,23.74,2260400.0,2317300.0,0,0,0,0,0,0,0,0,0,0,0,0,0,0,0,0,0,0,0,0,0,0,0,0,173,2026-02-06 00:50:02.634333
SPNG,24.04,23.9,24.04,2317900.0,2184700.0,0,0,0,0,0,0,0,0,0,0,0,0,0,0,0,0,0,0,0,0,0,0,0,0,174,2026-02-06 00:50:03.689813
SMMR,25.74,25.74,25.77,2371700.0,2294500.0,0,0,0,0,0,0,0,0,0,0,0,0,0,0,0,0,0,0,0,0,0,0,0,0,174,2026-02-06 00:50:03.689813
ATMN,24.8,24.89,24.93,2187400.0,2185100.0,0,0,0,0,0,0,0,0,0,0,0,0,0,0,0,0,0,0,0,0,0,0,0,0,174,2026-02-06 00:50:03.689813
WNTR,23.62,23.64,23.74,2295900.0,2317300.0,0,0,0,0,0,0,0,0,0,0,0,0,0,0,0,0,0,0,0,0,0,0,0,0,174,2026-02-06 00:50:03.689813
SPNG,23.39,23.39,24.04,2291900.0,2198900.0,0,0,0,0,0,0,0,0,0,0,0,0,0,0,0,0,0,0,0,0,0,0,0,0,175,2026-02-06 00:50:04.736820
SMMR,25.74,25.75,25.77,2373000.0,2290700.0,0,0,0,0,0,0,0,0,0,0,0,0,0,0,0,0,0,0,0,0,0,0,0,0,175,2026-02-06 00:50:04.736820
ATMN,24.72,24.72,24.85,2210600.0,2207700.0,0,0,0,0,0,0,0,0,0,0,0,0,0,0,0,0,0,0,0,0,0,0,0,0,175,2026-02-06 00:50:04.736820
WNTR,23.79,23.72,23.79,2307700.0,2281600.0,0,0,0,0,0,0,0,0,0,0,0,0,0,0,0,0,0,0,0,0,0,0,0,0,175,2026-02-06 00:50:04.736820
SPNG,23.39,23.45,23.56,2310700.0,2191500.0,0,0,0,0,0,0,0,0,0,0,0,0,0,0,0,0,0,0,0,0,0,0,0,0,176,2026-02-06 00:50:05.779170
SMMR,26.0,25.99,26.0,2340000.0,2307000.0,0,0,0,0,0,0,0,0,0,0,0,0,0,0,0,0,0,0,0,0,0,0,0,0,176,2026-02-06 00:50:05.779170
ATMN,24.72,24.79,24.85,2211200.0,2207700.0,0,0,0,0,0,0,0,0,0,0,0,0,0,0,0,0,0,0,0,0,0,0,0,0,176,2026-02-06 00:50:05.779170
WNTR,23.81,23.75,23.81,2305800.0,2278500.0,0,0,0,0,0,0,0,0,0,0,0,0,0,0,0,0,0,0,0,0,0,0,0,0,176,2026-02-06 00:50:05.779170
SPNG,24.04,23.8,24.04,2277700.0,2250500.0,0,0,0,0,0,0,0,0,0,0,0,0,0,0,0,0,0,0,0,0,0,0,0,0,177,2026-02-06 00:50:06.816607
SMMR,25.98,25.99,26.0,2354000.0,2307000.0,0,0,0,0,0,0,0,0,0,0,0,0,0,0,0,0,0,0,0,0,0,0,0,0,177,2026-02-06 00:50:06.816607
ATMN,24.79,24.79,24.85,2241200.0,2191900.0,0,0,0,0,0,0,0,0,0,0,0,0,0,0,0,0,0,0,0,0,0,0,0,0,177,2026-02-06 00:50:06.816607
WNTR,23.72,23.72,23.81,2306700.0,2312900.0,0,0,0,0,0,0,0,0,0,0,0,0,0,0,0,0,0,0,0,0,0,0,0,0,177,2026-02-06 00:50:06.816607
SPNG,24.06,23.45,24.06,2310700.0,2200400.0,0,0,0,0,0,0,0,0,0,0,0,0,0,0,0,0,0,0,0,0,0,0,0,0,178,2026-02-06 00:50:07.856598
SMMR,25.72,25.72,26.0,2367200.0,2328700.0,0,0,0,0,0,0,0,0,0,0,0,0,0,0,0,0,0,0,0,0,0,0,0,0,178,2026-02-06 00:50:07.856598
ATMN,24.88,24.79,24.88,2236800.0,2188800.0,0,0,0,0,0,0,0,0,0,0,0,0,0,0,0,0,0,0,0,0,0,0,0,0,178,2026-02-06 00:50:07.856598
WNTR,23.64,23.64,23.85,2295900.0,2306300.0,0,0,0,0,0,0,0,0,0,0,0,0,0,0,0,0,0,0,0,0,0,0,0,0,178,2026-02-06 00:50:07.856598
SPNG,24.06,24.05,24.06,2305600.0,2219800.0,0,0,0,0,0,0,0,0,0,0,0,0,0,0,0,0,0,0,0,0,0,0,0,0,179,2026-02-06 00:50:08.896211
SMMR,26.0,26.0,26.01,2307100.0,2340600.0,0,0,0,0,0,0,0,0,0,0,0,0,0,0,0,0,0,0,0,0,0,0,0,0,179,2026-02-06 00:50:08.896211
ATMN,24.97,24.9,24.97,2237100.0,2162200.0,0,0,0,0,0,0,0,0,0,0,0,0,0,0,0,0,0,0,0,0,0,0,0,0,179,2026-02-06 00:50:08.896211
WNTR,23.64,23.61,23.64,2260800.0,2358700.0,0,0,0,0,0,0,0,0,0,0,0,0,0,0,0,0,0,0,0,0,0,0,0,0,179,2026-02-06 00:50:08.896211
SPNG,24.05,25.94,0.0,200000.0,,0,0,0,0,0,0,0,0,0,0,0,0,0,0,0,0,0,0,0,0,0,0,0,0,180,2026-02-06 00:50:09.931593
SMMR,25.89,24.6,24.95,952800.0,954500.0,0,0,0,0,0,0,0,0,0,0,0,0,0,0,0,0,0,0,0,0,0,0,0,0,180,2026-02-06 00:50:09.931593
ATMN,24.97,24.78,0.0,200000.0,,0,0,0,0,0,0,0,0,0,0,0,0,0,0,0,0,0,0,0,0,0,0,0,0,180,2026-02-06 00:50:09.931593
WNTR,23.64,24.27,24.34,926900.0,773100.0,0,0,0,0,0,0,0,0,0,0,0,0,0,0,0,0,0,0,0,0,0,0,0,0,180,2026-02-06 00:50:09.931593
SPNG,25.06,25.13,26.04,1137100.0,7000.0,700200.0,7000.0,0,0,0,0,0,0,0,0,0,0,0,0,0,0,0,0,0,0,0,0,0,0,181,2026-02-06 00:50:11.016924
SMMR,25.89,24.6,24.68,952800.0,,1462900.0,,0,0,0,0,0,0,0,0,0,0,0,0,0,0,0,0,0,0,0,0,0,0,181,2026-02-06 00:50:11.016924
ATMN,24.78,24.78,24.99,1011100.0,,1150700.0,,0,0,0,0,0,0,0,0,0,0,0,0,0,0,0,0,0,0,0,0,0,0,181,2026-02-06 00:50:11.016924
WNTR,24.27,24.27,24.32,926900.0,,1101900.0,,0,0,0,0,0,0,0,0,0,0,0,0,0,0,0,0,0,0,0,0,0,0,181,2026-02-06 00:50:11.016924
SPNG,25.06,25.63,26.04,1340400.0,14000.0,700200.0,7000.0,0,0,0,0,0,0,0,0,0,0,0,0,0,0,0,0,0,0,0,0,0,0,182,2026-02-06 00:50:12.090432
SMMR,24.5,24.5,24.68,968500.0,,1665200.0,,0,0,0,0,0,0,0,0,0,0,0,0,0,0,0,0,0,0,0,0,0,0,182,2026-02-06 00:50:12.090432
ATMN,24.15,24.15,24.99,1031700.0,,1258800.0,7000.0,0,0,0,0,0,0,0,0,0,0,0,0,0,0,0,0,0,0,0,0,0,0,182,2026-02-06 00:50:12.090432
WNTR,24.32,24.27,24.32,1061900.0,,1224100.0,,0,0,0,0,0,0,0,0,0,0,0,0,0,0,0,0,0,0,0,0,0,0,182,2026-02-06 00:50:12.090432
SPNG,25.06,26.0,26.04,1430900.0,7000.0,816900.0,7000.0,0,0,0,0,0,0,0,0,0,0,0,0,0,0,0,0,0,0,0,0,0,0,183,2026-02-06 00:50:12.625304
SMMR,24.5,24.4,24.43,958000.0,,1792300.0,,0,0,0,0,0,0,0,0,0,0,0,0,0,0,0,0,0,0,0,0,0,0,183,2026-02-06 00:50:12.625304
ATMN,24.41,24.41,24.99,1128500.0,,1258800.0,7000.0,0,0,0,0,0,0,0,0,0,0,0,0,0,0,0,0,0,0,0,0,0,0,183,2026-02-06 00:50:12.625304
WNTR,24.32,24.27,24.31,1061900.0,,1238000.0,,0,0,0,0,0,0,0,0,0,0,0,0,0,0,0,0,0,0,0,0,0,0,183,2026-02-06 00:50:12.625304
SPNG,26.0,25.63,25.86,1340400.0,7000.0,1138000.0,7000.0,0,0,0,0,0,0,0,0,0,0,0,0,0,0,0,0,0,0,0,0,0,0,184,2026-02-06 00:50:13.685864
SMMR,24.41,24.41,24.43,1240900.0,,1895600.0,,0,0,0,0,0,0,0,0,0,0,0,0,0,0,0,0,0,0,0,0,0,0,184,2026-02-06 00:50:13.685864
ATMN,24.5,24.5,24.99,1219900.0,,1258800.0,7000.0,0,0,0,0,0,0,0,0,0,0,0,0,0,0,0,0,0,0,0,0,0,0,184,2026-02-06 00:50:13.685864
WNTR,24.27,24.09,24.15,1071700.0,,1468000.0,,0,0,0,0,0,0,0,0,0,0,0,0,0,0,0,0,0,0,0,0,0,0,184,2026-02-06 00:50:13.685864
SPNG,26.04,25.65,26.04,1565800.0,7000.0,1038500.0,7000.0,0,0,0,0,0,0,0,0,0,0,0,0,0,0,0,0,0,0,0,0,0,0,185,2026-02-06 00:50:14.735940
SMMR,24.4,24.4,24.58,1107800.0,,1768500.0,,0,0,0,0,0,0,0,0,0,0,0,0,0,0,0,0,0,0,0,0,0,0,185,2026-02-06 00:50:14.735940
ATMN,24.5,24.81,24.99,1530100.0,7000.0,1352700.0,7000.0,0,0,0,0,0,0,0,0,0,0,0,0,0,0,0,0,0,0,0,0,0,0,185,2026-02-06 00:50:14.735940
WNTR,24.27,24.09,24.15,1577300.0,,1468000.0,,0,0,0,0,0,0,0,0,0,0,0,0,0,0,0,0,0,0,0,0,0,0,185,2026-02-06 00:50:14.735940
SPNG,26.05,25.97,26.04,1678800.0,7000.0,7000.0,7000.0,1029500.0,,0,0,0,0,0,0,0,0,0,0,0,0,0,0,0,0,0,0,0,0,186,2026-02-06 00:50:15.773717
SMMR,24.31,24.31,24.4,1125900.0,,,,1996000.0,,0,0,0,0,0,0,0,0,0,0,0,0,0,0,0,0,0,0,0,0,186,2026-02-06 00:50:15.773717
ATMN,24.5,24.81,24.89,1530100.0,,7000.0,,1664600.0,7000.0,0,0,0,0,0,0,0,0,0,0,0,0,0,0,0,0,0,0,0,0,186,2026-02-06 00:50:15.773717
WNTR,24.15,24.12,24.15,1770700.0,,,,1468000.0,,0,0,0,0,0,0,0,0,0,0,0,0,0,0,0,0,0,0,0,0,186,2026-02-06 00:50:15.773717
SPNG,26.05,25.97,26.04,1678800.0,14000.0,7000.0,7000.0,1306800.0,7000.0,0,0,0,0,0,0,0,0,0,0,0,0,0,0,0,0,0,0,0,0,187,2026-02-06 00:50:16.820655
SMMR,24.25,24.25,24.4,1243700.0,,,,1996000.0,,0,0,0,0,0,0,0,0,0,0,0,0,0,0,0,0,0,0,0,0,187,2026-02-06 00:50:16.820655
ATMN,24.89,24.81,24.82,1530100.0,7000.0,7000.0,7000.0,1791400.0,14000.0,0,0,0,0,0,0,0,0,0,0,0,0,0,0,0,0,0,0,0,0,187,2026-02-06 00:50:16.820655
WNTR,24.32,24.22,24.32,1866700.0,,,,1352300.0,,0,0,0,0,0,0,0,0,0,0,0,0,0,0,0,0,0,0,0,0,187,2026-02-06 00:50:16.820655
SPNG,26.05,25.97,26.04,1822800.0,14000.0,14000.0,1403500.0,7000.0,7000.0,0,0,0,0,0,0,0,0,0,0,0,0,0,0,0,0,0,0,0,0,188,2026-02-06 00:50:17.865299
SMMR,24.52,24.49,24.52,1496800.0,,,1878500.0,,,0,0,0,0,0,0,0,0,0,0,0,0,0,0,0,0,0,0,0,0,188,2026-02-06 00:50:17.865299
ATMN,24.72,24.75,24.82,1794200.0,7000.0,,1791400.0,7000.0,14000.0,0,0,0,0,0,0,0,0,0,0,0,0,0,0,0,0,0,0,0,0,188,2026-02-06 00:50:17.865299
WNTR,24.3,24.22,24.24,1866700.0,,,1344000.0,,,0,0,0,0,0,0,0,0,0,0,0,0,0,0,0,0,0,0,0,0,188,2026-02-06 00:50:17.865299
SPNG,26.05,25.97,26.04,1822800.0,14000.0,14000.0,1689200.0,7000.0,7000.0,0,0,0,0,0,0,0,0,0,0,0,0,0,0,0,0,0,0,0,0,189,2026-02-06 00:50:18.941476
SMMR,24.49,24.49,24.52,1496800.0,,,2249400.0,,,0,0,0,0,0,0,0,0,0,0,0,0,0,0,0,0,0,0,0,0,189,2026-02-06 00:50:18.941476
ATMN,24.82,24.72,24.82,1914300.0,,7000.0,1687600.0,14000.0,14000.0,0,0,0,0,0,0,0,0,0,0,0,0,0,0,0,0,0,0,0,0,189,2026-02-06 00:50:18.941476
WNTR,24.4,24.12,24.4,1889300.0,,,1027300.0,,,0,0,0,0,0,0,0,0,0,0,0,0,0,0,0,0,0,0,0,0,189,2026-02-06 00:50:18.941476
SPNG,25.97,25.66,25.9,14000.0,14000.0,1822700.0,1647400.0,7000.0,14000.0,0,0,0,0,0,0,0,0,0,0,0,0,0,0,0,0,0,0,0,0,190,2026-02-06 00:50:20.004596
SMMR,24.49,24.25,24.32,,,1471400.0,2409400.0,,,0,0,0,0,0,0,0,0,0,0,0,0,0,0,0,0,0,0,0,0,190,2026-02-06 00:50:20.004596
ATMN,24.82,24.72,24.82,7000.0,7000.0,2007200.0,1687600.0,21000.0,7000.0,0,0,0,0,0,0,0,0,0,0,0,0,0,0,0,0,0,0,0,0,190,2026-02-06 00:50:20.004596
WNTR,24.2,24.26,24.4,,,2129100.0,1027300.0,,,0,0,0,0,0,0,0,0,0,0,0,0,0,0,0,0,0,0,0,0,190,2026-02-06 00:50:20.004596
SPNG,26.04,25.67,26.04,1949900.0,14000.0,7000.0,1641200.0,7000.0,14000.0,0,0,0,0,0,0,0,0,0,0,0,0,0,0,0,0,0,0,0,0,191,2026-02-06 00:50:21.090037
SMMR,24.34,24.28,24.34,1710900.0,,,2430700.0,,,0,0,0,0,0,0,0,0,0,0,0,0,0,0,0,0,0,0,0,0,191,2026-02-06 00:50:21.090037
ATMN,24.99,24.72,24.82,1837700.0,14000.0,7000.0,1532400.0,14000.0,14000.0,0,0,0,0,0,0,0,0,0,0,0,0,0,0,0,0,0,0,0,0,191,2026-02-06 00:50:21.090037
WNTR,24.16,24.16,24.19,2119900.0,,,1232700.0,,,0,0,0,0,0,0,0,0,0,0,0,0,0,0,0,0,0,0,0,0,191,2026-02-06 00:50:21.090037
SPNG,26.04,25.67,26.04,1914600.0,14000.0,7000.0,1745600.0,14000.0,,0,0,0,0,0,0,0,0,0,0,0,0,0,0,0,0,0,0,0,0,192,2026-02-06 00:50:22.156744
SMMR,24.34,24.4,24.52,2080600.0,,,2389300.0,,,0,0,0,0,0,0,0,0,0,0,0,0,0,0,0,0,0,0,0,0,192,2026-02-06 00:50:22.156744
ATMN,25.01,24.85,24.97,1958300.0,7000.0,7000.0,1655700.0,,14000.0,0,0,0,0,0,0,0,0,0,0,0,0,0,0,0,0,0,0,0,0,192,2026-02-06 00:50:22.156744
WNTR,24.16,24.12,24.15,2010400.0,,,1112200.0,,,0,0,0,0,0,0,0,0,0,0,0,0,0,0,0,0,0,0,0,0,192,2026-02-06 00:50:22.156744
SPNG,26.04,25.96,26.04,1748200.0,14000.0,14000.0,1641200.0,14000.0,7000.0,0,0,0,0,0,0,0,0,0,0,0,0,0,0,0,0,0,0,0,0,193,2026-02-06 00:50:22.723374
SMMR,24.34,24.4,24.43,2205600.0,,,2399700.0,,,0,0,0,0,0,0,0,0,0,0,0,0,0,0,0,0,0,0,0,0,193,2026-02-06 00:50:22.723374
ATMN,24.66,24.85,24.89,1725900.0,14000.0,14000.0,1772900.0,7000.0,14000.0,0,0,0,0,0,0,0,0,0,0,0,0,0,0,0,0,0,0,0,0,193,2026-02-06 00:50:22.723374
WNTR,24.16,24.12,24.15,2226000.0,,,1218000.0,,,0,0,0,0,0,0,0,0,0,0,0,0,0,0,0,0,0,0,0,0,193,2026-02-06 00:50:22.723374
SPNG,25.67,25.67,26.04,2001900.0,7000.0,7000.0,1679000.0,14000.0,7000.0,0,0,0,0,0,0,0,0,0,0,0,0,0,0,0,0,0,0,0,0,194,2026-02-06 00:50:23.810927
SMMR,24.43,24.4,24.43,2323600.0,,,2419700.0,,,0,0,0,0,0,0,0,0,0,0,0,0,0,0,0,0,0,0,0,0,194,2026-02-06 00:50:23.810927
ATMN,24.62,24.62,24.89,2178900.0,7000.0,,1902100.0,7000.0,7000.0,0,0,0,0,0,0,0,0,0,0,0,0,0,0,0,0,0,0,0,0,194,2026-02-06 00:50:23.810927
WNTR,24.11,24.11,24.13,2231900.0,,,1342600.0,,,0,0,0,0,0,0,0,0,0,0,0,0,0,0,0,0,0,0,0,0,194,2026-02-06 00:50:23.810927
SPNG,26.05,25.85,26.05,1883900.0,14000.0,7000.0,1675000.0,14000.0,7000.0,0,0,0,0,0,0,0,0,0,0,0,0,0,0,0,0,0,0,0,0,195,2026-02-06 00:50:24.855421
SMMR,24.4,24.4,24.43,2430700.0,,,2419700.0,,,0,0,0,0,0,0,0,0,0,0,0,0,0,0,0,0,0,0,0,0,195,2026-02-06 00:50:24.855421
ATMN,24.97,24.66,24.97,2026700.0,,14000.0,1887700.0,7000.0,,0,0,0,0,0,0,0,0,0,0,0,0,0,0,0,0,0,0,0,0,195,2026-02-06 00:50:24.855421
WNTR,24.15,24.17,24.31,2349100.0,,,1138200.0,,,0,0,0,0,0,0,0,0,0,0,0,0,0,0,0,0,0,0,0,0,195,2026-02-06 00:50:24.855421
SPNG,25.85,25.85,26.05,1883900.0,7000.0,14000.0,1703200.0,14000.0,7000.0,0,0,0,0,0,0,0,0,0,0,0,0,0,0,0,0,0,0,0,0,196,2026-02-06 00:50:25.907750
SMMR,24.52,24.4,24.52,2430700.0,,,2442300.0,,,0,0,0,0,0,0,0,0,0,0,0,0,0,0,0,0,0,0,0,0,196,2026-02-06 00:50:25.907750
ATMN,24.97,24.66,24.68,2000500.0,7000.0,7000.0,1996400.0,,7000.0,0,0,0,0,0,0,0,0,0,0,0,0,0,0,0,0,0,0,0,0,196,2026-02-06 00:50:25.907750
WNTR,24.15,24.17,24.22,2341900.0,,,1325500.0,,,0,0,0,0,0,0,0,0,0,0,0,0,0,0,0,0,0,0,0,0,196,2026-02-06 00:50:25.907750
SPNG,25.67,25.67,25.77,2102700.0,7000.0,1697400.0,7000.0,14000.0,0,0,0,0,0,0,0,0,0,0,0,0,0,0,0,0,0,0,0,0,0,197,2026-02-06 00:50:26.952205
