ticker,last_price,bid_price,ask_price,BUY_ANON,SELL_ANON,BUY_WRSW-1,BUY_UEBR-1,BUY_CHUL-1,BUY_BRCH-1,BUY_LAVL-1,SELL_CALG-1,SELL_GIOT-3,SELL_CHUL-4,SELL_LAVL-1,BUY_GIOT-3,BUY_CHUL-4,SELL_UEBR-1,SELL_WRSW-1,BUY_WRSW-3,SELL_WRSW-3,SELL_COLA-1,BUY_CALG-1,BUY_COLA-1,SELL_BRCH-1,SELL_ZUAI-3,BUY_WRSW-4,SELL_LUIS-1,SELL_WRSW-4,BUY_ZUAI-3,SELL_CHUL-1,BUY_LUIS-1,tick,timestamp
SPNG,0.0,0.0,0.0,2164900.0,2095000.0,0,0,0,0,0,0,0,0,0,0,0,0,0,0,0,0,0,0,0,0,0,0,0,0,0,0,0,2026-02-06 09:45:53.375153
SMMR,24.99,24.99,0.0,2089500.0,2200700.0,0,0,0,0,0,0,0,0,0,0,0,0,0,0,0,0,0,0,0,0,0,0,0,0,0,0,0,2026-02-06 09:45:53.375153
ATMN,0.0,0.0,0.0,1809300.0,2221200.0,0,0,0,0,0,0,0,0,0,0,0,0,0,0,0,0,0,0,0,0,0,0,0,0,0,0,0,2026-02-06 09:45:53.375153
WNTR,25.03,25.17,25.25,2003800.0,2202400.0,0,0,0,0,0,0,0,0,0,0,0,0,0,0,0,0,0,0,0,0,0,0,0,0,0,0,0,2026-02-06 09:45:53.375153
SPNG,24.84,24.74,24.79,2069600.0,2113800.0,0,0,0,0,0,0,0,0,0,0,0,0,0,0,0,0,0,0,0,0,0,0,0,0,0,0,1,2026-02-06 09:45:54.147554,2.0,1.0,1.0,,Aggregate Position Limit,Your CRO has set the aggregate position limit to 12000 shares for this week.
SMMR,24.91,24.91,25.03,1964100.0,2200700.0,0,0,0,0,0,0,0,0,0,0,0,0,0,0,0,0,0,0,0,0,0,0,0,0,0,0,1,2026-02-06 09:45:54.147554,1.0,1.0,1.0,,Welcome to the RITC 2026 Alogithmic Market Making Case - practice server,
ATMN,25.02,24.97,25.02,1809300.0,2227500.0,0,0,0,0,0,0,0,0,0,0,0,0,0,0,0,0,0,0,0,0,0,0,0,0,0,0,1,2026-02-06 09:45:54.147554,,,,,,
WNTR,24.89,24.89,25.16,1805800.0,2220900.0,0,0,0,0,0,0,0,0,0,0,0,0,0,0,0,0,0,0,0,0,0,0,0,0,0,0,1,2026-02-06 09:45:54.147554,,,,,,
SPNG,25.44,24.74,25.44,2164400.0,2105100.0,0,0,0,0,0,0,0,0,0,0,0,0,0,0,0,0,0,0,0,0,0,0,0,0,0,0,2,2026-02-06 09:45:55.262743
SMMR,24.91,25.0,25.01,2177200.0,2247900.0,0,0,0,0,0,0,0,0,0,0,0,0,0,0,0,0,0,0,0,0,0,0,0,0,0,0,2,2026-02-06 09:45:55.262743
ATMN,24.97,24.97,25.11,1809300.0,2221600.0,0,0,0,0,0,0,0,0,0,0,0,0,0,0,0,0,0,0,0,0,0,0,0,0,0,0,2,2026-02-06 09:45:55.262743
WNTR,24.89,24.89,25.16,1805800.0,2184800.0,0,0,0,0,0,0,0,0,0,0,0,0,0,0,0,0,0,0,0,0,0,0,0,0,0,0,2,2026-02-06 09:45:55.262743
SPNG,25.55,24.68,25.55,2072300.0,2072900.0,0,0,0,0,0,0,0,0,0,0,0,0,0,0,0,0,0,0,0,0,0,0,0,0,0,0,3,2026-02-06 09:45:55.837912
SMMR,25.0,25.0,25.01,2177200.0,2239800.0,0,0,0,0,0,0,0,0,0,0,0,0,0,0,0,0,0,0,0,0,0,0,0,0,0,0,3,2026-02-06 09:45:55.837912
ATMN,25.11,25.11,25.12,1923100.0,2218700.0,0,0,0,0,0,0,0,0,0,0,0,0,0,0,0,0,0,0,0,0,0,0,0,0,0,0,3,2026-02-06 09:45:55.837912
WNTR,24.94,24.94,25.16,1932000.0,2184800.0,0,0,0,0,0,0,0,0,0,0,0,0,0,0,0,0,0,0,0,0,0,0,0,0,0,0,3,2026-02-06 09:45:55.837912
SPNG,24.95,24.68,24.95,2176000.0,2073400.0,0,0,0,0,0,0,0,0,0,0,0,0,0,0,0,0,0,0,0,0,0,0,0,0,0,0,4,2026-02-06 09:45:56.880883
SMMR,25.01,25.0,25.01,2172400.0,2260800.0,0,0,0,0,0,0,0,0,0,0,0,0,0,0,0,0,0,0,0,0,0,0,0,0,0,0,4,2026-02-06 09:45:56.880883
ATMN,24.94,24.94,25.0,1819000.0,2214200.0,0,0,0,0,0,0,0,0,0,0,0,0,0,0,0,0,0,0,0,0,0,0,0,0,0,0,4,2026-02-06 09:45:56.880883
WNTR,24.8,24.8,24.87,1584700.0,2161900.0,0,0,0,0,0,0,0,0,0,0,0,0,0,0,0,0,0,0,0,0,0,0,0,0,0,0,4,2026-02-06 09:45:56.880883
SPNG,24.68,24.68,25.55,2160000.0,2072900.0,0,0,0,0,0,0,0,0,0,0,0,0,0,0,0,0,0,0,0,0,0,0,0,0,0,0,5,2026-02-06 09:45:57.933502
SMMR,25.03,25.0,25.03,2172400.0,2237200.0,0,0,0,0,0,0,0,0,0,0,0,0,0,0,0,0,0,0,0,0,0,0,0,0,0,0,5,2026-02-06 09:45:57.933502
ATMN,24.84,24.84,25.0,1608200.0,2188800.0,0,0,0,0,0,0,0,0,0,0,0,0,0,0,0,0,0,0,0,0,0,0,0,0,0,0,5,2026-02-06 09:45:57.933502
WNTR,25.05,24.8,24.97,1584700.0,2191100.0,0,0,0,0,0,0,0,0,0,0,0,0,0,0,0,0,0,0,0,0,0,0,0,0,0,0,5,2026-02-06 09:45:57.933502
SPNG,24.68,24.95,25.08,2189900.0,2104400.0,0,0,0,0,0,0,0,0,0,0,0,0,0,0,0,0,0,0,0,0,0,0,0,0,0,0,6,2026-02-06 09:45:58.985643
SMMR,24.91,24.91,25.01,1941200.0,2248300.0,0,0,0,0,0,0,0,0,0,0,0,0,0,0,0,0,0,0,0,0,0,0,0,0,0,0,6,2026-02-06 09:45:58.985643
ATMN,24.84,24.84,25.0,1713300.0,2194100.0,0,0,0,0,0,0,0,0,0,0,0,0,0,0,0,0,0,0,0,0,0,0,0,0,0,0,6,2026-02-06 09:45:58.985643
WNTR,24.97,24.8,24.97,1806800.0,2191100.0,0,0,0,0,0,0,0,0,0,0,0,0,0,0,0,0,0,0,0,0,0,0,0,0,0,0,6,2026-02-06 09:45:58.985643
SPNG,24.95,24.95,25.08,2189900.0,2164600.0,0,0,0,0,0,0,0,0,0,0,0,0,0,0,0,0,0,0,0,0,0,0,0,0,0,0,7,2026-02-06 09:46:00.034593
SMMR,24.91,25.0,25.01,2052200.0,2210700.0,0,0,0,0,0,0,0,0,0,0,0,0,0,0,0,0,0,0,0,0,0,0,0,0,0,0,7,2026-02-06 09:46:00.034593
ATMN,24.8,24.8,25.0,1603400.0,2194100.0,0,0,0,0,0,0,0,0,0,0,0,0,0,0,0,0,0,0,0,0,0,0,0,0,0,0,7,2026-02-06 09:46:00.034593
WNTR,24.97,24.8,24.97,2034500.0,2191100.0,0,0,0,0,0,0,0,0,0,0,0,0,0,0,0,0,0,0,0,0,0,0,0,0,0,0,7,2026-02-06 09:46:00.034593
SPNG,24.64,24.99,25.08,2174800.0,2172300.0,0,0,0,0,0,0,0,0,0,0,0,0,0,0,0,0,0,0,0,0,0,0,0,0,0,0,8,2026-02-06 09:46:01.118255
SMMR,25.01,25.0,25.01,2142700.0,2196300.0,0,0,0,0,0,0,0,0,0,0,0,0,0,0,0,0,0,0,0,0,0,0,0,0,0,0,8,2026-02-06 09:46:01.118255
ATMN,24.8,24.8,25.0,1823400.0,2207000.0,0,0,0,0,0,0,0,0,0,0,0,0,0,0,0,0,0,0,0,0,0,0,0,0,0,0,8,2026-02-06 09:46:01.118255
WNTR,24.95,24.95,24.97,2154600.0,2148100.0,0,0,0,0,0,0,0,0,0,0,0,0,0,0,0,0,0,0,0,0,0,0,0,0,0,0,8,2026-02-06 09:46:01.118255
SPNG,24.99,24.64,24.69,2139500.0,2172300.0,0,0,0,0,0,0,0,0,0,0,0,0,0,0,0,0,0,0,0,0,0,0,0,0,0,0,9,2026-02-06 09:46:02.238761
SMMR,25.03,25.0,25.03,1930800.0,2162700.0,0,0,0,0,0,0,0,0,0,0,0,0,0,0,0,0,0,0,0,0,0,0,0,0,0,0,9,2026-02-06 09:46:02.238761
ATMN,25.03,24.72,24.98,1783200.0,2220500.0,0,0,0,0,0,0,0,0,0,0,0,0,0,0,0,0,0,0,0,0,0,0,0,0,0,0,9,2026-02-06 09:46:02.238761
WNTR,24.95,24.95,24.97,2128500.0,2134300.0,0,0,0,0,0,0,0,0,0,0,0,0,0,0,0,0,0,0,0,0,0,0,0,0,0,0,9,2026-02-06 09:46:02.238761
SPNG,25.05,25.05,25.08,2149200.0,2172300.0,0,0,0,0,0,0,0,0,0,0,0,0,0,0,0,0,0,0,0,0,0,0,0,0,0,0,10,2026-02-06 09:46:02.867133
SMMR,24.91,24.89,24.9,2025200.0,2162700.0,0,0,0,0,0,0,0,0,0,0,0,0,0,0,0,0,0,0,0,0,0,0,0,0,0,0,10,2026-02-06 09:46:02.867133
ATMN,24.98,24.72,24.98,1783200.0,2220500.0,0,0,0,0,0,0,0,0,0,0,0,0,0,0,0,0,0,0,0,0,0,0,0,0,0,0,10,2026-02-06 09:46:02.867133
WNTR,24.99,24.93,24.99,2132800.0,2136200.0,0,0,0,0,0,0,0,0,0,0,0,0,0,0,0,0,0,0,0,0,0,0,0,0,0,0,10,2026-02-06 09:46:02.867133
SPNG,25.08,24.64,25.08,2155600.0,2172300.0,0,0,0,0,0,0,0,0,0,0,0,0,0,0,0,0,0,0,0,0,0,0,0,0,0,0,11,2026-02-06 09:46:03.911327
SMMR,24.9,25.01,25.03,2054200.0,2190700.0,0,0,0,0,0,0,0,0,0,0,0,0,0,0,0,0,0,0,0,0,0,0,0,0,0,0,11,2026-02-06 09:46:03.911327
ATMN,25.14,24.72,24.73,1916000.0,2214400.0,0,0,0,0,0,0,0,0,0,0,0,0,0,0,0,0,0,0,0,0,0,0,0,0,0,0,11,2026-02-06 09:46:03.911327
WNTR,24.99,24.94,24.99,2129800.0,2148400.0,0,0,0,0,0,0,0,0,0,0,0,0,0,0,0,0,0,0,0,0,0,0,0,0,0,0,11,2026-02-06 09:46:03.911327
SPNG,25.08,25.04,25.08,2143700.0,2172300.0,0,0,0,0,0,0,0,0,0,0,0,0,0,0,0,0,0,0,0,0,0,0,0,0,0,0,12,2026-02-06 09:46:04.955928
SMMR,25.03,24.88,24.91,2047900.0,2219200.0,0,0,0,0,0,0,0,0,0,0,0,0,0,0,0,0,0,0,0,0,0,0,0,0,0,0,12,2026-02-06 09:46:04.955928
ATMN,24.73,25.09,25.14,2257300.0,2229000.0,0,0,0,0,0,0,0,0,0,0,0,0,0,0,0,0,0,0,0,0,0,0,0,0,0,0,12,2026-02-06 09:46:04.955928
WNTR,25.01,24.94,25.01,2149200.0,2159200.0,0,0,0,0,0,0,0,0,0,0,0,0,0,0,0,0,0,0,0,0,0,0,0,0,0,0,12,2026-02-06 09:46:04.955928
SPNG,25.33,24.64,25.33,2156300.0,2140100.0,0,0,0,0,0,0,0,0,0,0,0,0,0,0,0,0,0,0,0,0,0,0,0,0,0,0,13,2026-02-06 09:46:06.000625
SMMR,25.03,24.88,24.91,2181200.0,2244200.0,0,0,0,0,0,0,0,0,0,0,0,0,0,0,0,0,0,0,0,0,0,0,0,0,0,0,13,2026-02-06 09:46:06.000625
ATMN,24.72,24.72,24.8,2131600.0,2229400.0,0,0,0,0,0,0,0,0,0,0,0,0,0,0,0,0,0,0,0,0,0,0,0,0,0,0,13,2026-02-06 09:46:06.000625
WNTR,24.8,24.84,25.01,2144000.0,2159200.0,0,0,0,0,0,0,0,0,0,0,0,0,0,0,0,0,0,0,0,0,0,0,0,0,0,0,13,2026-02-06 09:46:06.000625
SPNG,24.64,24.64,25.04,2156300.0,2145700.0,0,0,0,0,0,0,0,0,0,0,0,0,0,0,0,0,0,0,0,0,0,0,0,0,0,0,14,2026-02-06 09:46:07.044677
SMMR,24.91,24.88,24.91,2224000.0,2244200.0,0,0,0,0,0,0,0,0,0,0,0,0,0,0,0,0,0,0,0,0,0,0,0,0,0,0,14,2026-02-06 09:46:07.044677
ATMN,25.18,24.72,25.18,2265600.0,2237700.0,0,0,0,0,0,0,0,0,0,0,0,0,0,0,0,0,0,0,0,0,0,0,0,0,0,0,14,2026-02-06 09:46:07.044677
WNTR,24.97,24.97,25.05,2178500.0,2173900.0,0,0,0,0,0,0,0,0,0,0,0,0,0,0,0,0,0,0,0,0,0,0,0,0,0,0,14,2026-02-06 09:46:07.044677
SPNG,24.94,24.94,25.04,2106800.0,2145700.0,0,0,0,0,0,0,0,0,0,0,0,0,0,0,0,0,0,0,0,0,0,0,0,0,0,0,15,2026-02-06 09:46:08.084343
SMMR,24.86,24.91,25.04,2222900.0,2203900.0,0,0,0,0,0,0,0,0,0,0,0,0,0,0,0,0,0,0,0,0,0,0,0,0,0,0,15,2026-02-06 09:46:08.084343
ATMN,25.24,24.76,25.24,2235700.0,2236200.0,0,0,0,0,0,0,0,0,0,0,0,0,0,0,0,0,0,0,0,0,0,0,0,0,0,0,15,2026-02-06 09:46:08.084343
WNTR,25.12,24.84,25.12,2144000.0,2191500.0,0,0,0,0,0,0,0,0,0,0,0,0,0,0,0,0,0,0,0,0,0,0,0,0,0,0,15,2026-02-06 09:46:08.084343
SPNG,24.93,24.93,25.04,2119100.0,2155200.0,0,0,0,0,0,0,0,0,0,0,0,0,0,0,0,0,0,0,0,0,0,0,0,0,0,0,16,2026-02-06 09:46:09.117158
SMMR,24.86,25.01,25.04,2236600.0,2203900.0,0,0,0,0,0,0,0,0,0,0,0,0,0,0,0,0,0,0,0,0,0,0,0,0,0,0,16,2026-02-06 09:46:09.117158
ATMN,25.29,24.76,25.29,2235700.0,2222700.0,0,0,0,0,0,0,0,0,0,0,0,0,0,0,0,0,0,0,0,0,0,0,0,0,0,0,16,2026-02-06 09:46:09.117158
WNTR,24.97,24.84,24.97,2160100.0,2197000.0,0,0,0,0,0,0,0,0,0,0,0,0,0,0,0,0,0,0,0,0,0,0,0,0,0,0,16,2026-02-06 09:46:09.117158
SPNG,25.04,25.09,25.12,2114800.0,2138800.0,0,0,0,0,0,0,0,0,0,0,0,0,0,0,0,0,0,0,0,0,0,0,0,0,0,0,17,2026-02-06 09:46:10.162438
SMMR,25.05,25.01,25.05,2236600.0,2173000.0,0,0,0,0,0,0,0,0,0,0,0,0,0,0,0,0,0,0,0,0,0,0,0,0,0,0,17,2026-02-06 09:46:10.162438
ATMN,25.29,24.9,25.01,2262200.0,2218500.0,0,0,0,0,0,0,0,0,0,0,0,0,0,0,0,0,0,0,0,0,0,0,0,0,0,0,17,2026-02-06 09:46:10.162438
WNTR,25.06,24.84,24.95,2160100.0,2207700.0,0,0,0,0,0,0,0,0,0,0,0,0,0,0,0,0,0,0,0,0,0,0,0,0,0,0,17,2026-02-06 09:46:10.162438
SPNG,25.12,25.04,25.12,2125600.0,2131300.0,0,0,0,0,0,0,0,0,0,0,0,0,0,0,0,0,0,0,0,0,0,0,0,0,0,0,18,2026-02-06 09:46:11.258868
SMMR,25.05,25.01,25.03,2236600.0,2172500.0,0,0,0,0,0,0,0,0,0,0,0,0,0,0,0,0,0,0,0,0,0,0,0,0,0,0,18,2026-02-06 09:46:11.258868
ATMN,25.01,24.9,25.01,2254000.0,2224900.0,0,0,0,0,0,0,0,0,0,0,0,0,0,0,0,0,0,0,0,0,0,0,0,0,0,0,18,2026-02-06 09:46:11.258868
WNTR,25.06,24.91,24.95,2190900.0,2207700.0,0,0,0,0,0,0,0,0,0,0,0,0,0,0,0,0,0,0,0,0,0,0,0,0,0,0,18,2026-02-06 09:46:11.258868
SPNG,24.43,24.43,25.12,2182900.0,2125300.0,0,0,0,0,0,0,0,0,0,0,0,0,0,0,0,0,0,0,0,0,0,0,0,0,0,0,19,2026-02-06 09:46:12.316720
SMMR,24.84,24.98,25.03,2243800.0,2172500.0,0,0,0,0,0,0,0,0,0,0,0,0,0,0,0,0,0,0,0,0,0,0,0,0,0,0,19,2026-02-06 09:46:12.316720
ATMN,25.01,24.84,25.01,2240500.0,2224900.0,0,0,0,0,0,0,0,0,0,0,0,0,0,0,0,0,0,0,0,0,0,0,0,0,0,0,19,2026-02-06 09:46:12.316720
WNTR,24.95,25.02,25.12,2169800.0,2190600.0,0,0,0,0,0,0,0,0,0,0,0,0,0,0,0,0,0,0,0,0,0,0,0,0,0,0,19,2026-02-06 09:46:12.316720
SPNG,25.22,24.54,25.22,2179600.0,2139300.0,0,0,0,0,0,0,0,0,0,0,0,0,0,0,0,0,0,0,0,0,0,0,0,0,0,0,20,2026-02-06 09:46:13.361663
SMMR,25.06,25.01,25.06,2217700.0,2194300.0,0,0,0,0,0,0,0,0,0,0,0,0,0,0,0,0,0,0,0,0,0,0,0,0,0,0,20,2026-02-06 09:46:13.361663
ATMN,24.84,24.84,25.29,2240500.0,2235300.0,0,0,0,0,0,0,0,0,0,0,0,0,0,0,0,0,0,0,0,0,0,0,0,0,0,0,20,2026-02-06 09:46:13.361663
WNTR,25.14,24.87,25.14,2161800.0,2191600.0,0,0,0,0,0,0,0,0,0,0,0,0,0,0,0,0,0,0,0,0,0,0,0,0,0,0,20,2026-02-06 09:46:13.361663
SPNG,25.22,24.97,25.15,2146200.0,2116800.0,0,0,0,0,0,0,0,0,0,0,0,0,0,0,0,0,0,0,0,0,0,0,0,0,0,0,21,2026-02-06 09:46:13.910483
SMMR,25.09,24.98,25.09,2216900.0,2208700.0,0,0,0,0,0,0,0,0,0,0,0,0,0,0,0,0,0,0,0,0,0,0,0,0,0,0,21,2026-02-06 09:46:13.910483
ATMN,25.33,24.84,24.89,2240500.0,2268900.0,0,0,0,0,0,0,0,0,0,0,0,0,0,0,0,0,0,0,0,0,0,0,0,0,0,0,21,2026-02-06 09:46:13.910483
WNTR,24.84,24.84,24.86,2157900.0,2173900.0,0,0,0,0,0,0,0,0,0,0,0,0,0,0,0,0,0,0,0,0,0,0,0,0,0,0,21,2026-02-06 09:46:13.910483
SPNG,25.18,24.97,25.18,2114900.0,2111800.0,0,0,0,0,0,0,0,0,0,0,0,0,0,0,0,0,0,0,0,0,0,0,0,0,0,0,22,2026-02-06 09:46:14.977668
SMMR,25.07,25.07,25.09,2253600.0,2213000.0,0,0,0,0,0,0,0,0,0,0,0,0,0,0,0,0,0,0,0,0,0,0,0,0,0,0,22,2026-02-06 09:46:14.977668
ATMN,24.89,25.14,25.33,2209100.0,2247600.0,0,0,0,0,0,0,0,0,0,0,0,0,0,0,0,0,0,0,0,0,0,0,0,0,0,0,22,2026-02-06 09:46:14.977668
WNTR,24.94,24.85,24.93,2175400.0,2168500.0,0,0,0,0,0,0,0,0,0,0,0,0,0,0,0,0,0,0,0,0,0,0,0,0,0,0,22,2026-02-06 09:46:14.977668
SPNG,24.97,24.97,25.18,2114900.0,2130100.0,0,0,0,0,0,0,0,0,0,0,0,0,0,0,0,0,0,0,0,0,0,0,0,0,0,0,23,2026-02-06 09:46:16.023729
SMMR,24.98,24.88,24.92,2267700.0,2193800.0,0,0,0,0,0,0,0,0,0,0,0,0,0,0,0,0,0,0,0,0,0,0,0,0,0,0,23,2026-02-06 09:46:16.023729
ATMN,25.14,24.84,25.01,2239800.0,2253600.0,0,0,0,0,0,0,0,0,0,0,0,0,0,0,0,0,0,0,0,0,0,0,0,0,0,0,23,2026-02-06 09:46:16.023729
WNTR,24.93,25.02,25.14,2163500.0,2217400.0,0,0,0,0,0,0,0,0,0,0,0,0,0,0,0,0,0,0,0,0,0,0,0,0,0,0,23,2026-02-06 09:46:16.023729
SPNG,24.79,24.67,24.79,2122300.0,2118900.0,0,0,0,0,0,0,0,0,0,0,0,0,0,0,0,0,0,0,0,0,0,0,0,0,0,0,24,2026-02-06 09:46:17.106066
SMMR,24.92,24.88,24.92,2247100.0,2204400.0,0,0,0,0,0,0,0,0,0,0,0,0,0,0,0,0,0,0,0,0,0,0,0,0,0,0,24,2026-02-06 09:46:17.106066
ATMN,24.75,24.75,25.33,2247600.0,2265400.0,0,0,0,0,0,0,0,0,0,0,0,0,0,0,0,0,0,0,0,0,0,0,0,0,0,0,24,2026-02-06 09:46:17.106066
WNTR,25.16,24.85,25.16,2175400.0,2206200.0,0,0,0,0,0,0,0,0,0,0,0,0,0,0,0,0,0,0,0,0,0,0,0,0,0,0,24,2026-02-06 09:46:17.106066
SPNG,25.13,25.13,25.18,2142200.0,2120300.0,0,0,0,0,0,0,0,0,0,0,0,0,0,0,0,0,0,0,0,0,0,0,0,0,0,0,25,2026-02-06 09:46:18.183953
SMMR,24.92,24.98,25.0,2222700.0,2213600.0,0,0,0,0,0,0,0,0,0,0,0,0,0,0,0,0,0,0,0,0,0,0,0,0,0,0,25,2026-02-06 09:46:18.183953
ATMN,25.35,24.85,25.07,2225500.0,2256600.0,0,0,0,0,0,0,0,0,0,0,0,0,0,0,0,0,0,0,0,0,0,0,0,0,0,0,25,2026-02-06 09:46:18.183953
WNTR,25.16,25.05,25.08,2166100.0,2237600.0,0,0,0,0,0,0,0,0,0,0,0,0,0,0,0,0,0,0,0,0,0,0,0,0,0,0,25,2026-02-06 09:46:18.183953
SPNG,25.13,24.74,24.81,2133300.0,2130600.0,0,0,0,0,0,0,0,0,0,0,0,0,0,0,0,0,0,0,0,0,0,0,0,0,0,0,26,2026-02-06 09:46:19.303464
SMMR,25.09,24.88,25.09,2247100.0,2203000.0,0,0,0,0,0,0,0,0,0,0,0,0,0,0,0,0,0,0,0,0,0,0,0,0,0,0,26,2026-02-06 09:46:19.303464
ATMN,25.07,25.34,25.35,2267300.0,2245900.0,0,0,0,0,0,0,0,0,0,0,0,0,0,0,0,0,0,0,0,0,0,0,0,0,0,0,26,2026-02-06 09:46:19.303464
WNTR,25.05,24.94,25.0,2170600.0,2247700.0,0,0,0,0,0,0,0,0,0,0,0,0,0,0,0,0,0,0,0,0,0,0,0,0,0,0,26,2026-02-06 09:46:19.303464
SPNG,24.74,24.74,25.18,2133300.0,2120300.0,0,0,0,0,0,0,0,0,0,0,0,0,0,0,0,0,0,0,0,0,0,0,0,0,0,0,27,2026-02-06 09:46:20.379030
SMMR,25.1,25.07,25.1,2250000.0,2207900.0,0,0,0,0,0,0,0,0,0,0,0,0,0,0,0,0,0,0,0,0,0,0,0,0,0,0,27,2026-02-06 09:46:20.379030
ATMN,25.0,24.85,25.0,2234200.0,2254100.0,0,0,0,0,0,0,0,0,0,0,0,0,0,0,0,0,0,0,0,0,0,0,0,0,0,0,27,2026-02-06 09:46:20.379030
WNTR,25.08,24.94,25.08,2164100.0,2237600.0,0,0,0,0,0,0,0,0,0,0,0,0,0,0,0,0,0,0,0,0,0,0,0,0,0,0,27,2026-02-06 09:46:20.379030
SPNG,24.99,25.16,25.18,2093300.0,2120300.0,0,0,0,0,0,0,0,0,0,0,0,0,0,0,0,0,0,0,0,0,0,0,0,0,0,0,28,2026-02-06 09:46:21.429860
SMMR,25.1,25.07,25.09,2266000.0,2200100.0,0,0,0,0,0,0,0,0,0,0,0,0,0,0,0,0,0,0,0,0,0,0,0,0,0,0,28,2026-02-06 09:46:21.429860
ATMN,25.18,24.85,25.03,2239600.0,2255700.0,0,0,0,0,0,0,0,0,0,0,0,0,0,0,0,0,0,0,0,0,0,0,0,0,0,0,28,2026-02-06 09:46:21.429860
WNTR,24.94,24.85,24.87,2168400.0,2228900.0,0,0,0,0,0,0,0,0,0,0,0,0,0,0,0,0,0,0,0,0,0,0,0,0,0,0,28,2026-02-06 09:46:21.429860
SPNG,25.2,24.74,25.2,2133300.0,2149500.0,0,0,0,0,0,0,0,0,0,0,0,0,0,0,0,0,0,0,0,0,0,0,0,0,0,0,29,2026-02-06 09:46:22.024596
SMMR,25.09,25.07,25.09,2266000.0,2169400.0,0,0,0,0,0,0,0,0,0,0,0,0,0,0,0,0,0,0,0,0,0,0,0,0,0,0,29,2026-02-06 09:46:22.024596
ATMN,24.72,24.72,25.29,2213300.0,2255700.0,0,0,0,0,0,0,0,0,0,0,0,0,0,0,0,0,0,0,0,0,0,0,0,0,0,0,29,2026-02-06 09:46:22.024596
WNTR,24.94,24.85,24.87,2168400.0,2216200.0,0,0,0,0,0,0,0,0,0,0,0,0,0,0,0,0,0,0,0,0,0,0,0,0,0,0,29,2026-02-06 09:46:22.024596
SPNG,25.2,24.67,25.2,2141300.0,2149500.0,0,0,0,0,0,0,0,0,0,0,0,0,0,0,0,0,0,0,0,0,0,0,0,0,0,0,30,2026-02-06 09:46:23.064532
SMMR,25.07,25.07,25.09,2266000.0,2184700.0,0,0,0,0,0,0,0,0,0,0,0,0,0,0,0,0,0,0,0,0,0,0,0,0,0,0,30,2026-02-06 09:46:23.064532
ATMN,25.29,24.72,25.06,2213300.0,2241900.0,0,0,0,0,0,0,0,0,0,0,0,0,0,0,0,0,0,0,0,0,0,0,0,0,0,0,30,2026-02-06 09:46:23.064532
WNTR,24.98,24.85,24.98,2204900.0,2242400.0,0,0,0,0,0,0,0,0,0,0,0,0,0,0,0,0,0,0,0,0,0,0,0,0,0,0,30,2026-02-06 09:46:23.064532
SPNG,24.66,24.66,25.2,2175100.0,2149500.0,0,0,0,0,0,0,0,0,0,0,0,0,0,0,0,0,0,0,0,0,0,0,0,0,0,0,31,2026-02-06 09:46:24.116337
SMMR,25.1,25.05,25.1,2239500.0,2188300.0,0,0,0,0,0,0,0,0,0,0,0,0,0,0,0,0,0,0,0,0,0,0,0,0,0,0,31,2026-02-06 09:46:24.116337
ATMN,25.04,24.72,25.04,2213300.0,2268600.0,0,0,0,0,0,0,0,0,0,0,0,0,0,0,0,0,0,0,0,0,0,0,0,0,0,0,31,2026-02-06 09:46:24.116337
WNTR,24.85,24.84,24.85,2209400.0,2258800.0,0,0,0,0,0,0,0,0,0,0,0,0,0,0,0,0,0,0,0,0,0,0,0,0,0,0,31,2026-02-06 09:46:24.116337
SPNG,25.47,24.66,25.47,2157300.0,2161600.0,0,0,0,0,0,0,0,0,0,0,0,0,0,0,0,0,0,0,0,0,0,0,0,0,0,0,32,2026-02-06 09:46:25.161568
SMMR,25.1,24.88,25.09,2239800.0,2216300.0,0,0,0,0,0,0,0,0,0,0,0,0,0,0,0,0,0,0,0,0,0,0,0,0,0,0,32,2026-02-06 09:46:25.161568
ATMN,25.06,24.71,25.06,2229600.0,2256100.0,0,0,0,0,0,0,0,0,0,0,0,0,0,0,0,0,0,0,0,0,0,0,0,0,0,0,32,2026-02-06 09:46:25.161568
WNTR,24.98,24.79,24.98,2196400.0,2237300.0,0,0,0,0,0,0,0,0,0,0,0,0,0,0,0,0,0,0,0,0,0,0,0,0,0,0,32,2026-02-06 09:46:25.161568
SPNG,24.59,24.82,24.95,2190000.0,2161000.0,0,0,0,0,0,0,0,0,0,0,0,0,0,0,0,0,0,0,0,0,0,0,0,0,0,0,33,2026-02-06 09:46:26.209391
SMMR,24.84,24.84,25.09,2258200.0,2216300.0,0,0,0,0,0,0,0,0,0,0,0,0,0,0,0,0,0,0,0,0,0,0,0,0,0,0,33,2026-02-06 09:46:26.209391
ATMN,24.69,24.69,25.27,2215400.0,2243300.0,0,0,0,0,0,0,0,0,0,0,0,0,0,0,0,0,0,0,0,0,0,0,0,0,0,0,33,2026-02-06 09:46:26.209391
WNTR,25.01,24.79,24.8,2189800.0,2246800.0,0,0,0,0,0,0,0,0,0,0,0,0,0,0,0,0,0,0,0,0,0,0,0,0,0,0,33,2026-02-06 09:46:26.209391
SPNG,24.95,24.82,24.95,2176300.0,2168300.0,0,0,0,0,0,0,0,0,0,0,0,0,0,0,0,0,0,0,0,0,0,0,0,0,0,0,34,2026-02-06 09:46:27.273286
SMMR,24.84,24.97,24.98,2263800.0,2215600.0,0,0,0,0,0,0,0,0,0,0,0,0,0,0,0,0,0,0,0,0,0,0,0,0,0,0,34,2026-02-06 09:46:27.273286
ATMN,24.69,24.69,24.92,2241200.0,2271000.0,0,0,0,0,0,0,0,0,0,0,0,0,0,0,0,0,0,0,0,0,0,0,0,0,0,0,34,2026-02-06 09:46:27.273286
WNTR,24.79,24.79,25.1,2194400.0,2228800.0,0,0,0,0,0,0,0,0,0,0,0,0,0,0,0,0,0,0,0,0,0,0,0,0,0,0,34,2026-02-06 09:46:27.273286
SPNG,24.82,24.55,24.68,2164500.0,2144400.0,0,0,0,0,0,0,0,0,0,0,0,0,0,0,0,0,0,0,0,0,0,0,0,0,0,0,35,2026-02-06 09:46:28.423861
SMMR,24.98,25.0,25.09,2278400.0,2216300.0,0,0,0,0,0,0,0,0,0,0,0,0,0,0,0,0,0,0,0,0,0,0,0,0,0,0,35,2026-02-06 09:46:28.423861
ATMN,24.69,24.79,24.92,2256500.0,2271000.0,0,0,0,0,0,0,0,0,0,0,0,0,0,0,0,0,0,0,0,0,0,0,0,0,0,0,35,2026-02-06 09:46:28.423861
WNTR,24.84,24.78,24.84,2197000.0,2231700.0,0,0,0,0,0,0,0,0,0,0,0,0,0,0,0,0,0,0,0,0,0,0,0,0,0,0,35,2026-02-06 09:46:28.423861
SPNG,24.68,24.55,24.68,2197400.0,2144400.0,0,0,0,0,0,0,0,0,0,0,0,0,0,0,0,0,0,0,0,0,0,0,0,0,0,0,36,2026-02-06 09:46:29.010195
SMMR,25.1,25.0,25.1,2278400.0,2212800.0,0,0,0,0,0,0,0,0,0,0,0,0,0,0,0,0,0,0,0,0,0,0,0,0,0,0,36,2026-02-06 09:46:29.010195
ATMN,24.92,24.79,24.92,2287600.0,2271000.0,0,0,0,0,0,0,0,0,0,0,0,0,0,0,0,0,0,0,0,0,0,0,0,0,0,0,36,2026-02-06 09:46:29.010195
WNTR,24.84,24.78,24.84,2186200.0,2218500.0,0,0,0,0,0,0,0,0,0,0,0,0,0,0,0,0,0,0,0,0,0,0,0,0,0,0,36,2026-02-06 09:46:29.010195
SPNG,24.55,24.95,25.15,2162300.0,2141600.0,0,0,0,0,0,0,0,0,0,0,0,0,0,0,0,0,0,0,0,0,0,0,0,0,0,0,37,2026-02-06 09:46:30.061020
SMMR,25.1,25.0,25.1,2293300.0,2243900.0,0,0,0,0,0,0,0,0,0,0,0,0,0,0,0,0,0,0,0,0,0,0,0,0,0,0,37,2026-02-06 09:46:30.061020
ATMN,24.92,24.79,24.92,2265100.0,2271000.0,0,0,0,0,0,0,0,0,0,0,0,0,0,0,0,0,0,0,0,0,0,0,0,0,0,0,37,2026-02-06 09:46:30.061020
WNTR,24.76,24.76,25.1,2176100.0,2228800.0,0,0,0,0,0,0,0,0,0,0,0,0,0,0,0,0,0,0,0,0,0,0,0,0,0,0,37,2026-02-06 09:46:30.061020
SPNG,25.38,24.95,25.38,2199200.0,2134300.0,0,0,0,0,0,0,0,0,0,0,0,0,0,0,0,0,0,0,0,0,0,0,0,0,0,0,38,2026-02-06 09:46:31.111236
SMMR,25.02,25.06,25.12,2293800.0,2212800.0,0,0,0,0,0,0,0,0,0,0,0,0,0,0,0,0,0,0,0,0,0,0,0,0,0,0,38,2026-02-06 09:46:31.111236
ATMN,24.79,24.79,25.27,2265100.0,2264400.0,0,0,0,0,0,0,0,0,0,0,0,0,0,0,0,0,0,0,0,0,0,0,0,0,0,0,38,2026-02-06 09:46:31.111236
WNTR,24.76,24.91,25.01,2179200.0,2177400.0,0,0,0,0,0,0,0,0,0,0,0,0,0,0,0,0,0,0,0,0,0,0,0,0,0,0,38,2026-02-06 09:46:31.111236
SPNG,24.74,24.74,25.38,2208500.0,2117800.0,0,0,0,0,0,0,0,0,0,0,0,0,0,0,0,0,0,0,0,0,0,0,0,0,0,0,39,2026-02-06 09:46:32.168388
SMMR,24.98,24.84,24.91,2261000.0,2228100.0,0,0,0,0,0,0,0,0,0,0,0,0,0,0,0,0,0,0,0,0,0,0,0,0,0,0,39,2026-02-06 09:46:32.168388
ATMN,24.69,24.8,24.9,2247300.0,2278400.0,0,0,0,0,0,0,0,0,0,0,0,0,0,0,0,0,0,0,0,0,0,0,0,0,0,0,39,2026-02-06 09:46:32.168388
WNTR,25.01,24.91,25.01,2179200.0,2177400.0,0,0,0,0,0,0,0,0,0,0,0,0,0,0,0,0,0,0,0,0,0,0,0,0,0,0,39,2026-02-06 09:46:32.168388
SPNG,24.74,25.15,25.26,2238400.0,2097100.0,0,0,0,0,0,0,0,0,0,0,0,0,0,0,0,0,0,0,0,0,0,0,0,0,0,0,40,2026-02-06 09:46:33.213804
SMMR,25.12,25.04,25.12,2272300.0,2212800.0,0,0,0,0,0,0,0,0,0,0,0,0,0,0,0,0,0,0,0,0,0,0,0,0,0,0,40,2026-02-06 09:46:33.213804
ATMN,24.9,24.8,24.9,2264100.0,2278400.0,0,0,0,0,0,0,0,0,0,0,0,0,0,0,0,0,0,0,0,0,0,0,0,0,0,0,40,2026-02-06 09:46:33.213804
WNTR,25.01,24.91,25.0,2206600.0,2145000.0,0,0,0,0,0,0,0,0,0,0,0,0,0,0,0,0,0,0,0,0,0,0,0,0,0,0,40,2026-02-06 09:46:33.213804
SPNG,25.15,25.15,25.26,2238400.0,2067200.0,0,0,0,0,0,0,0,0,0,0,0,0,0,0,0,0,0,0,0,0,0,0,0,0,0,0,41,2026-02-06 09:46:34.262399
SMMR,24.93,25.07,25.14,2315300.0,2206500.0,0,0,0,0,0,0,0,0,0,0,0,0,0,0,0,0,0,0,0,0,0,0,0,0,0,0,41,2026-02-06 09:46:34.262399
ATMN,25.29,25.32,25.35,2252400.0,2253600.0,0,0,0,0,0,0,0,0,0,0,0,0,0,0,0,0,0,0,0,0,0,0,0,0,0,0,41,2026-02-06 09:46:34.262399
WNTR,24.75,24.75,24.9,2171900.0,2136200.0,0,0,0,0,0,0,0,0,0,0,0,0,0,0,0,0,0,0,0,0,0,0,0,0,0,0,41,2026-02-06 09:46:34.262399
SPNG,25.26,24.74,25.2,2208500.0,2071700.0,0,0,0,0,0,0,0,0,0,0,0,0,0,0,0,0,0,0,0,0,0,0,0,0,0,0,42,2026-02-06 09:46:35.450440
SMMR,24.91,25.08,25.14,2262700.0,2206500.0,0,0,0,0,0,0,0,0,0,0,0,0,0,0,0,0,0,0,0,0,0,0,0,0,0,0,42,2026-02-06 09:46:35.450440
ATMN,24.8,24.8,25.35,2264100.0,2257400.0,0,0,0,0,0,0,0,0,0,0,0,0,0,0,0,0,0,0,0,0,0,0,0,0,0,0,42,2026-02-06 09:46:35.450440
WNTR,25.01,24.75,25.01,2189700.0,2142700.0,0,0,0,0,0,0,0,0,0,0,0,0,0,0,0,0,0,0,0,0,0,0,0,0,0,0,42,2026-02-06 09:46:35.450440
SPNG,24.84,24.74,24.75,2208500.0,2043700.0,0,0,0,0,0,0,0,0,0,0,0,0,0,0,0,0,0,0,0,0,0,0,0,0,0,0,43,2026-02-06 09:46:36.090670
SMMR,25.08,24.91,25.0,2281300.0,2274000.0,0,0,0,0,0,0,0,0,0,0,0,0,0,0,0,0,0,0,0,0,0,0,0,0,0,0,43,2026-02-06 09:46:36.090670
ATMN,24.71,24.71,25.23,2290600.0,2255800.0,0,0,0,0,0,0,0,0,0,0,0,0,0,0,0,0,0,0,0,0,0,0,0,0,0,0,43,2026-02-06 09:46:36.090670
WNTR,24.75,24.74,24.75,2194800.0,2167200.0,0,0,0,0,0,0,0,0,0,0,0,0,0,0,0,0,0,0,0,0,0,0,0,0,0,0,43,2026-02-06 09:46:36.090670
SPNG,24.74,24.74,25.2,2237800.0,2061700.0,0,0,0,0,0,0,0,0,0,0,0,0,0,0,0,0,0,0,0,0,0,0,0,0,0,0,44,2026-02-06 09:46:37.159450
SMMR,25.0,25.05,25.09,2271200.0,2253400.0,0,0,0,0,0,0,0,0,0,0,0,0,0,0,0,0,0,0,0,0,0,0,0,0,0,0,44,2026-02-06 09:46:37.159450
ATMN,24.7,24.85,25.23,2267400.0,2246200.0,0,0,0,0,0,0,0,0,0,0,0,0,0,0,0,0,0,0,0,0,0,0,0,0,0,0,44,2026-02-06 09:46:37.159450
WNTR,24.75,24.94,25.01,2182900.0,2168500.0,0,0,0,0,0,0,0,0,0,0,0,0,0,0,0,0,0,0,0,0,0,0,0,0,0,0,44,2026-02-06 09:46:37.159450
SPNG,24.74,24.6,24.64,2211200.0,2117000.0,0,0,0,0,0,0,0,0,0,0,0,0,0,0,0,0,0,0,0,0,0,0,0,0,0,0,45,2026-02-06 09:46:38.201560
SMMR,25.09,25.05,25.09,2251700.0,2253400.0,0,0,0,0,0,0,0,0,0,0,0,0,0,0,0,0,0,0,0,0,0,0,0,0,0,0,45,2026-02-06 09:46:38.201560
ATMN,24.7,24.69,24.7,2275400.0,2249200.0,0,0,0,0,0,0,0,0,0,0,0,0,0,0,0,0,0,0,0,0,0,0,0,0,0,0,45,2026-02-06 09:46:38.201560
WNTR,24.74,24.74,24.76,2183500.0,2172200.0,0,0,0,0,0,0,0,0,0,0,0,0,0,0,0,0,0,0,0,0,0,0,0,0,0,0,45,2026-02-06 09:46:38.201560
SPNG,25.14,24.6,25.14,2236800.0,2100200.0,0,0,0,0,0,0,0,0,0,0,0,0,0,0,0,0,0,0,0,0,0,0,0,0,0,0,46,2026-02-06 09:46:39.251481
SMMR,25.09,25.05,25.09,2251700.0,2211500.0,0,0,0,0,0,0,0,0,0,0,0,0,0,0,0,0,0,0,0,0,0,0,0,0,0,0,46,2026-02-06 09:46:39.251481
ATMN,24.7,24.69,24.7,2223900.0,2249200.0,0,0,0,0,0,0,0,0,0,0,0,0,0,0,0,0,0,0,0,0,0,0,0,0,0,0,46,2026-02-06 09:46:39.251481
WNTR,24.76,24.74,24.76,2194300.0,2168600.0,0,0,0,0,0,0,0,0,0,0,0,0,0,0,0,0,0,0,0,0,0,0,0,0,0,0,46,2026-02-06 09:46:39.251481
SPNG,24.6,24.6,25.2,2236800.0,2079800.0,0,0,0,0,0,0,0,0,0,0,0,0,0,0,0,0,0,0,0,0,0,0,0,0,0,0,47,2026-02-06 09:46:40.304013
SMMR,25.11,25.07,25.11,2214200.0,2219000.0,0,0,0,0,0,0,0,0,0,0,0,0,0,0,0,0,0,0,0,0,0,0,0,0,0,0,47,2026-02-06 09:46:40.304013
ATMN,25.27,24.69,24.7,2223900.0,2265700.0,0,0,0,0,0,0,0,0,0,0,0,0,0,0,0,0,0,0,0,0,0,0,0,0,0,0,47,2026-02-06 09:46:40.304013
WNTR,25.01,24.74,25.01,2215600.0,2168500.0,0,0,0,0,0,0,0,0,0,0,0,0,0,0,0,0,0,0,0,0,0,0,0,0,0,0,47,2026-02-06 09:46:40.304013
SPNG,25.24,24.55,25.24,2220900.0,2084700.0,0,0,0,0,0,0,0,0,0,0,0,0,0,0,0,0,0,0,0,0,0,0,0,0,0,0,48,2026-02-06 09:46:41.387327
SMMR,25.13,25.07,25.13,2214200.0,2229300.0,0,0,0,0,0,0,0,0,0,0,0,0,0,0,0,0,0,0,0,0,0,0,0,0,0,0,48,2026-02-06 09:46:41.387327
ATMN,24.7,25.0,25.12,2216300.0,2259600.0,0,0,0,0,0,0,0,0,0,0,0,0,0,0,0,0,0,0,0,0,0,0,0,0,0,0,48,2026-02-06 09:46:41.387327
WNTR,24.83,24.85,24.94,2217200.0,2161500.0,0,0,0,0,0,0,0,0,0,0,0,0,0,0,0,0,0,0,0,0,0,0,0,0,0,0,48,2026-02-06 09:46:41.387327
SPNG,25.05,24.74,25.05,2244100.0,2063600.0,0,0,0,0,0,0,0,0,0,0,0,0,0,0,0,0,0,0,0,0,0,0,0,0,0,0,49,2026-02-06 09:46:42.453060
SMMR,25.05,25.0,25.02,2240500.0,2227200.0,0,0,0,0,0,0,0,0,0,0,0,0,0,0,0,0,0,0,0,0,0,0,0,0,0,0,49,2026-02-06 09:46:42.453060
ATMN,25.0,24.8,25.11,2226200.0,2261600.0,0,0,0,0,0,0,0,0,0,0,0,0,0,0,0,0,0,0,0,0,0,0,0,0,0,0,49,2026-02-06 09:46:42.453060
WNTR,24.74,24.74,24.94,2215600.0,2161500.0,0,0,0,0,0,0,0,0,0,0,0,0,0,0,0,0,0,0,0,0,0,0,0,0,0,0,49,2026-02-06 09:46:42.453060
SPNG,24.74,24.74,24.98,2244100.0,2070500.0,0,0,0,0,0,0,0,0,0,0,0,0,0,0,0,0,0,0,0,0,0,0,0,0,0,0,50,2026-02-06 09:46:43.496009
SMMR,25.02,25.06,25.13,2240000.0,2229300.0,0,0,0,0,0,0,0,0,0,0,0,0,0,0,0,0,0,0,0,0,0,0,0,0,0,0,50,2026-02-06 09:46:43.496009
ATMN,24.9,25.06,25.11,2241000.0,2261600.0,0,0,0,0,0,0,0,0,0,0,0,0,0,0,0,0,0,0,0,0,0,0,0,0,0,0,50,2026-02-06 09:46:43.496009
WNTR,24.74,24.82,24.94,2199800.0,2174600.0,0,0,0,0,0,0,0,0,0,0,0,0,0,0,0,0,0,0,0,0,0,0,0,0,0,0,50,2026-02-06 09:46:43.496009
SPNG,24.54,24.85,25.05,2195400.0,2063600.0,0,0,0,0,0,0,0,0,0,0,0,0,0,0,0,0,0,0,0,0,0,0,0,0,0,0,51,2026-02-06 09:46:44.575679
SMMR,25.0,25.07,25.13,2208000.0,2217400.0,0,0,0,0,0,0,0,0,0,0,0,0,0,0,0,0,0,0,0,0,0,0,0,0,0,0,51,2026-02-06 09:46:44.575679
ATMN,25.12,24.86,25.12,2235200.0,2259600.0,0,0,0,0,0,0,0,0,0,0,0,0,0,0,0,0,0,0,0,0,0,0,0,0,0,0,51,2026-02-06 09:46:44.575679
WNTR,24.82,24.82,24.94,2223200.0,2174600.0,0,0,0,0,0,0,0,0,0,0,0,0,0,0,0,0,0,0,0,0,0,0,0,0,0,0,51,2026-02-06 09:46:44.575679
SPNG,24.54,24.85,25.05,2195400.0,2048500.0,0,0,0,0,0,0,0,0,0,0,0,0,0,0,0,0,0,0,0,0,0,0,0,0,0,0,52,2026-02-06 09:46:45.130748
SMMR,25.0,25.07,25.08,2208000.0,2246900.0,0,0,0,0,0,0,0,0,0,0,0,0,0,0,0,0,0,0,0,0,0,0,0,0,0,0,52,2026-02-06 09:46:45.130748
ATMN,25.27,24.86,25.27,2235200.0,2253500.0,0,0,0,0,0,0,0,0,0,0,0,0,0,0,0,0,0,0,0,0,0,0,0,0,0,0,52,2026-02-06 09:46:45.130748
WNTR,24.81,24.81,24.94,2229100.0,2188000.0,0,0,0,0,0,0,0,0,0,0,0,0,0,0,0,0,0,0,0,0,0,0,0,0,0,0,52,2026-02-06 09:46:45.130748
SPNG,24.85,24.85,25.05,2200200.0,2050600.0,0,0,0,0,0,0,0,0,0,0,0,0,0,0,0,0,0,0,0,0,0,0,0,0,0,0,53,2026-02-06 09:46:46.182055
SMMR,24.95,24.95,25.03,2240100.0,2255800.0,0,0,0,0,0,0,0,0,0,0,0,0,0,0,0,0,0,0,0,0,0,0,0,0,0,0,53,2026-02-06 09:46:46.182055
ATMN,25.0,25.0,25.04,2228700.0,2254900.0,0,0,0,0,0,0,0,0,0,0,0,0,0,0,0,0,0,0,0,0,0,0,0,0,0,0,53,2026-02-06 09:46:46.182055
WNTR,24.81,24.81,24.94,2213000.0,2188000.0,0,0,0,0,0,0,0,0,0,0,0,0,0,0,0,0,0,0,0,0,0,0,0,0,0,0,53,2026-02-06 09:46:46.182055
SPNG,25.31,24.85,25.23,2200200.0,2072600.0,0,0,0,0,0,0,0,0,0,0,0,0,0,0,0,0,0,0,0,0,0,0,0,0,0,0,54,2026-02-06 09:46:47.257746
SMMR,24.95,24.95,24.96,2206900.0,2252300.0,0,0,0,0,0,0,0,0,0,0,0,0,0,0,0,0,0,0,0,0,0,0,0,0,0,0,54,2026-02-06 09:46:47.257746
ATMN,24.77,24.77,25.04,2227500.0,2254900.0,0,0,0,0,0,0,0,0,0,0,0,0,0,0,0,0,0,0,0,0,0,0,0,0,0,0,54,2026-02-06 09:46:47.257746
WNTR,24.81,24.82,24.94,2193400.0,2188000.0,0,0,0,0,0,0,0,0,0,0,0,0,0,0,0,0,0,0,0,0,0,0,0,0,0,0,54,2026-02-06 09:46:47.257746
SPNG,25.31,24.85,25.11,2200200.0,2076200.0,0,0,0,0,0,0,0,0,0,0,0,0,0,0,0,0,0,0,0,0,0,0,0,0,0,0,55,2026-02-06 09:46:48.325057
SMMR,24.96,24.95,24.96,2217700.0,2252300.0,0,0,0,0,0,0,0,0,0,0,0,0,0,0,0,0,0,0,0,0,0,0,0,0,0,0,55,2026-02-06 09:46:48.325057
ATMN,25.27,24.77,25.27,2227500.0,2248600.0,0,0,0,0,0,0,0,0,0,0,0,0,0,0,0,0,0,0,0,0,0,0,0,0,0,0,55,2026-02-06 09:46:48.325057
WNTR,24.81,24.82,24.94,2193400.0,2191700.0,0,0,0,0,0,0,0,0,0,0,0,0,0,0,0,0,0,0,0,0,0,0,0,0,0,0,55,2026-02-06 09:46:48.325057
SPNG,25.31,24.85,25.11,2200200.0,2103000.0,0,0,0,0,0,0,0,0,0,0,0,0,0,0,0,0,0,0,0,0,0,0,0,0,0,0,56,2026-02-06 09:46:49.494550
SMMR,25.08,24.95,25.08,2217700.0,2236200.0,0,0,0,0,0,0,0,0,0,0,0,0,0,0,0,0,0,0,0,0,0,0,0,0,0,0,56,2026-02-06 09:46:49.494550
ATMN,24.69,24.69,24.91,2228500.0,2233900.0,0,0,0,0,0,0,0,0,0,0,0,0,0,0,0,0,0,0,0,0,0,0,0,0,0,0,56,2026-02-06 09:46:49.494550
WNTR,24.82,24.82,24.94,2193400.0,2199400.0,0,0,0,0,0,0,0,0,0,0,0,0,0,0,0,0,0,0,0,0,0,0,0,0,0,0,56,2026-02-06 09:46:49.494550
SPNG,24.76,24.78,24.89,2243800.0,2112700.0,0,0,0,0,0,0,0,0,0,0,0,0,0,0,0,0,0,0,0,0,0,0,0,0,0,0,57,2026-02-06 09:46:50.530238
SMMR,25.15,24.95,25.15,2217700.0,2151700.0,0,0,0,0,0,0,0,0,0,0,0,0,0,0,0,0,0,0,0,0,0,0,0,0,0,0,57,2026-02-06 09:46:50.530238
ATMN,24.69,24.69,25.27,2246800.0,2248600.0,0,0,0,0,0,0,0,0,0,0,0,0,0,0,0,0,0,0,0,0,0,0,0,0,0,0,57,2026-02-06 09:46:50.530238
WNTR,24.94,24.81,24.94,2212400.0,2191600.0,0,0,0,0,0,0,0,0,0,0,0,0,0,0,0,0,0,0,0,0,0,0,0,0,0,0,57,2026-02-06 09:46:50.530238
SPNG,24.89,24.78,24.89,2255400.0,2112700.0,0,0,0,0,0,0,0,0,0,0,0,0,0,0,0,0,0,0,0,0,0,0,0,0,0,0,58,2026-02-06 09:46:51.568383
SMMR,25.15,24.95,25.15,2249100.0,2174400.0,0,0,0,0,0,0,0,0,0,0,0,0,0,0,0,0,0,0,0,0,0,0,0,0,0,0,58,2026-02-06 09:46:51.568383
ATMN,24.69,24.69,25.06,2273000.0,2263900.0,0,0,0,0,0,0,0,0,0,0,0,0,0,0,0,0,0,0,0,0,0,0,0,0,0,0,58,2026-02-06 09:46:51.568383
WNTR,24.94,24.81,24.91,2183800.0,2185200.0,0,0,0,0,0,0,0,0,0,0,0,0,0,0,0,0,0,0,0,0,0,0,0,0,0,0,58,2026-02-06 09:46:51.568383
SPNG,24.78,24.78,24.87,2255400.0,2109700.0,0,0,0,0,0,0,0,0,0,0,0,0,0,0,0,0,0,0,0,0,0,0,0,0,0,0,59,2026-02-06 09:46:52.609868
SMMR,25.15,24.95,25.08,2249100.0,2196400.0,0,0,0,0,0,0,0,0,0,0,0,0,0,0,0,0,0,0,0,0,0,0,0,0,0,0,59,2026-02-06 09:46:52.609868
ATMN,25.28,25.0,25.28,2271600.0,2241200.0,0,0,0,0,0,0,0,0,0,0,0,0,0,0,0,0,0,0,0,0,0,0,0,0,0,0,59,2026-02-06 09:46:52.609868
WNTR,24.78,24.78,24.91,2158400.0,2193200.0,0,0,0,0,0,0,0,0,0,0,0,0,0,0,0,0,0,0,0,0,0,0,0,0,0,0,59,2026-02-06 09:46:52.609868
SPNG,24.67,25.09,25.8,931600.0,772400.0,0,0,0,0,0,0,0,0,0,0,0,0,0,0,0,0,0,0,0,0,0,0,0,0,0,0,60,2026-02-06 09:46:53.641297
SMMR,25.08,24.81,25.27,893500.0,845600.0,0,0,0,0,0,0,0,0,0,0,0,0,0,0,0,0,0,0,0,0,0,0,0,0,0,0,60,2026-02-06 09:46:53.641297
ATMN,25.0,26.11,26.42,1002100.0,754600.0,0,0,0,0,0,0,0,0,0,0,0,0,0,0,0,0,0,0,0,0,0,0,0,0,0,0,60,2026-02-06 09:46:53.641297
WNTR,24.93,23.93,24.26,890400.0,972900.0,0,0,0,0,0,0,0,0,0,0,0,0,0,0,0,0,0,0,0,0,0,0,0,0,0,0,60,2026-02-06 09:46:53.641297
SPNG,25.09,25.09,25.29,931600.0,886000.0,0,0,0,0,0,0,0,0,0,0,0,0,0,0,0,0,0,0,0,0,0,0,0,0,0,0,61,2026-02-06 09:46:54.226409
SMMR,25.08,24.81,24.93,893500.0,1048400.0,0,0,0,0,0,0,0,0,0,0,0,0,0,0,0,0,0,0,0,0,0,0,0,0,0,0,61,2026-02-06 09:46:54.226409
ATMN,26.11,26.11,26.42,1000000.0,862600.0,0,0,0,0,0,0,0,0,0,0,0,0,0,0,0,0,0,0,0,0,0,0,0,0,0,0,61,2026-02-06 09:46:54.226409
WNTR,23.93,23.93,24.12,890400.0,1077500.0,0,0,0,0,0,0,0,0,0,0,0,0,0,0,0,0,0,0,0,0,0,0,0,0,0,0,61,2026-02-06 09:46:54.226409
SPNG,25.25,24.43,24.61,991500.0,1007600.0,0,0,0,0,0,0,0,0,0,0,0,0,0,0,0,0,0,0,0,0,0,0,0,0,0,0,62,2026-02-06 09:46:55.323476
SMMR,24.81,24.81,24.93,898400.0,1264200.0,0,0,0,0,0,0,0,0,0,0,0,0,0,0,0,0,0,0,0,0,0,0,0,0,0,0,62,2026-02-06 09:46:55.323476
ATMN,26.11,26.11,26.31,1000000.0,1284700.0,0,0,0,0,0,0,0,0,0,0,0,0,0,0,0,0,0,0,0,0,0,0,0,0,0,0,62,2026-02-06 09:46:55.323476
WNTR,23.93,23.82,23.92,875800.0,1515000.0,0,0,0,0,0,0,0,0,0,0,0,0,0,0,0,0,0,0,0,0,0,0,0,0,0,0,62,2026-02-06 09:46:55.323476
SPNG,24.61,24.94,25.29,1372100.0,886000.0,0,0,0,0,0,0,0,0,0,0,0,0,0,0,0,0,0,0,0,0,0,0,0,0,0,0,63,2026-02-06 09:46:56.368484
SMMR,24.81,24.82,24.83,1136800.0,1358000.0,0,0,0,0,0,0,0,0,0,0,0,0,0,0,0,0,0,0,0,0,0,0,0,0,0,0,63,2026-02-06 09:46:56.368484
ATMN,25.78,26.03,26.31,1242900.0,1284700.0,0,0,0,0,0,0,0,0,0,0,0,0,0,0,0,0,0,0,0,0,0,0,0,0,0,0,63,2026-02-06 09:46:56.368484
WNTR,23.82,23.82,23.92,902700.0,1634400.0,0,0,0,0,0,0,0,0,0,0,0,0,0,0,0,0,0,0,0,0,0,0,0,0,0,0,63,2026-02-06 09:46:56.368484
SPNG,24.94,24.94,25.29,1527200.0,988900.0,0,0,0,0,0,0,0,0,0,0,0,0,0,0,0,0,0,0,0,0,0,0,0,0,0,0,64,2026-02-06 09:46:57.417270
SMMR,24.83,24.85,24.93,1381800.0,1362500.0,0,0,0,0,0,0,0,0,0,0,0,0,0,0,0,0,0,0,0,0,0,0,0,0,0,0,64,2026-02-06 09:46:57.417270
ATMN,25.75,26.27,26.31,1217700.0,1449400.0,0,0,0,0,0,0,0,0,0,0,0,0,0,0,0,0,0,0,0,0,0,0,0,0,0,0,64,2026-02-06 09:46:57.417270
WNTR,23.97,23.66,23.97,1028500.0,1650500.0,0,0,0,0,0,0,0,0,0,0,0,0,0,0,0,0,0,0,0,0,0,0,0,0,0,0,64,2026-02-06 09:46:57.417270
SPNG,24.94,24.94,25.13,1749000.0,1105300.0,0,0,0,0,0,0,0,0,0,0,0,0,0,0,0,0,0,0,0,0,0,0,0,0,0,0,65,2026-02-06 09:46:58.553133
SMMR,24.8,24.8,24.93,933500.0,1477700.0,0,0,0,0,0,0,0,0,0,0,0,0,0,0,0,0,0,0,0,0,0,0,0,0,0,0,65,2026-02-06 09:46:58.553133
ATMN,26.31,25.75,26.31,1220800.0,1449400.0,0,0,0,0,0,0,0,0,0,0,0,0,0,0,0,0,0,0,0,0,0,0,0,0,0,0,65,2026-02-06 09:46:58.553133
WNTR,23.97,23.83,23.93,1121600.0,1842900.0,0,0,0,0,0,0,0,0,0,0,0,0,0,0,0,0,0,0,0,0,0,0,0,0,0,0,65,2026-02-06 09:46:58.553133
SPNG,25.29,24.94,25.29,1862400.0,1086800.0,0,0,0,0,0,0,0,0,0,0,0,0,0,0,0,0,0,0,0,0,0,0,0,0,0,0,66,2026-02-06 09:46:59.607812
SMMR,24.8,24.63,24.8,1034300.0,1675700.0,0,0,0,0,0,0,0,0,0,0,0,0,0,0,0,0,0,0,0,0,0,0,0,0,0,0,66,2026-02-06 09:46:59.607812
ATMN,25.96,25.75,25.83,1220800.0,1774000.0,0,0,0,0,0,0,0,0,0,0,0,0,0,0,0,0,0,0,0,0,0,0,0,0,0,0,66,2026-02-06 09:46:59.607812
WNTR,23.63,23.63,23.83,932700.0,2200700.0,0,0,0,0,0,0,0,0,0,0,0,0,0,0,0,0,0,0,0,0,0,0,0,0,0,0,66,2026-02-06 09:46:59.607812
SPNG,25.51,24.94,25.0,1862400.0,1277500.0,0,0,0,0,0,0,0,0,0,0,0,0,0,0,0,0,0,0,0,0,0,0,0,0,0,0,67,2026-02-06 09:47:00.677935
SMMR,24.94,24.82,24.94,1134700.0,1708500.0,0,0,0,0,0,0,0,0,0,0,0,0,0,0,0,0,0,0,0,0,0,0,0,0,0,0,67,2026-02-06 09:47:00.677935
ATMN,26.42,25.7,26.2,1122900.0,1668100.0,0,0,0,0,0,0,0,0,0,0,0,0,0,0,0,0,0,0,0,0,0,0,0,0,0,0,67,2026-02-06 09:47:00.677935
WNTR,23.63,23.7,23.83,1361500.0,2200700.0,0,0,0,0,0,0,0,0,0,0,0,0,0,0,0,0,0,0,0,0,0,0,0,0,0,0,67,2026-02-06 09:47:00.677935
SPNG,25.0,25.15,25.8,2056100.0,1272800.0,0,0,0,0,0,0,0,0,0,0,0,0,0,0,0,0,0,0,0,0,0,0,0,0,0,0,68,2026-02-06 09:47:01.722182
SMMR,24.82,24.67,24.8,1272000.0,1832900.0,0,0,0,0,0,0,0,0,0,0,0,0,0,0,0,0,0,0,0,0,0,0,0,0,0,0,68,2026-02-06 09:47:01.722182
ATMN,26.2,25.7,26.2,1246000.0,1668100.0,0,0,0,0,0,0,0,0,0,0,0,0,0,0,0,0,0,0,0,0,0,0,0,0,0,0,68,2026-02-06 09:47:01.722182
WNTR,23.86,23.7,23.74,1361500.0,2192200.0,0,0,0,0,0,0,0,0,0,0,0,0,0,0,0,0,0,0,0,0,0,0,0,0,0,0,68,2026-02-06 09:47:01.722182
SPNG,25.15,24.94,25.09,2082100.0,1394100.0,0,0,0,0,0,0,0,0,0,0,0,0,0,0,0,0,0,0,0,0,0,0,0,0,0,0,69,2026-02-06 09:47:02.264043
SMMR,24.8,24.89,24.94,1504500.0,1708500.0,0,0,0,0,0,0,0,0,0,0,0,0,0,0,0,0,0,0,0,0,0,0,0,0,0,0,69,2026-02-06 09:47:02.264043
ATMN,26.2,25.74,26.2,1332800.0,1776100.0,0,0,0,0,0,0,0,0,0,0,0,0,0,0,0,0,0,0,0,0,0,0,0,0,0,0,69,2026-02-06 09:47:02.264043
WNTR,23.86,23.7,23.74,1612000.0,2192200.0,0,0,0,0,0,0,0,0,0,0,0,0,0,0,0,0,0,0,0,0,0,0,0,0,0,0,69,2026-02-06 09:47:02.264043
SPNG,25.09,25.15,25.8,2186000.0,1444500.0,0,0,0,0,0,0,0,0,0,0,0,0,0,0,0,0,0,0,0,0,0,0,0,0,0,0,70,2026-02-06 09:47:03.365267
SMMR,24.89,24.67,24.77,1593100.0,1835300.0,0,0,0,0,0,0,0,0,0,0,0,0,0,0,0,0,0,0,0,0,0,0,0,0,0,0,70,2026-02-06 09:47:03.365267
ATMN,26.2,26.13,26.15,1557500.0,1895700.0,0,0,0,0,0,0,0,0,0,0,0,0,0,0,0,0,0,0,0,0,0,0,0,0,0,0,70,2026-02-06 09:47:03.365267
WNTR,23.7,23.7,23.74,1858500.0,2192200.0,0,0,0,0,0,0,0,0,0,0,0,0,0,0,0,0,0,0,0,0,0,0,0,0,0,0,70,2026-02-06 09:47:03.365267
SPNG,25.09,25.15,25.21,2186000.0,1851600.0,0,0,0,0,0,0,0,0,0,0,0,0,0,0,0,0,0,0,0,0,0,0,0,0,0,0,71,2026-02-06 09:47:04.410094
SMMR,24.99,24.67,24.99,1689400.0,1593300.0,0,0,0,0,0,0,0,0,0,0,0,0,0,0,0,0,0,0,0,0,0,0,0,0,0,0,71,2026-02-06 09:47:04.410094
ATMN,26.13,25.92,26.12,1792500.0,2012800.0,0,0,0,0,0,0,0,0,0,0,0,0,0,0,0,0,0,0,0,0,0,0,0,0,0,0,71,2026-02-06 09:47:04.410094
WNTR,23.58,23.58,23.74,1475000.0,2192200.0,0,0,0,0,0,0,0,0,0,0,0,0,0,0,0,0,0,0,0,0,0,0,0,0,0,0,71,2026-02-06 09:47:04.410094
SPNG,25.21,25.15,25.21,2186000.0,1969200.0,0,0,0,0,0,0,0,0,0,0,0,0,0,0,0,0,0,0,0,0,0,0,0,0,0,0,72,2026-02-06 09:47:05.452430
SMMR,24.94,24.67,24.81,1689400.0,1598100.0,0,0,0,0,0,0,0,0,0,0,0,0,0,0,0,0,0,0,0,0,0,0,0,0,0,0,72,2026-02-06 09:47:05.452430
ATMN,25.92,25.92,26.12,1792500.0,2028700.0,0,0,0,0,0,0,0,0,0,0,0,0,0,0,0,0,0,0,0,0,0,0,0,0,0,0,72,2026-02-06 09:47:05.452430
WNTR,23.64,23.64,23.74,1710700.0,2214500.0,0,0,0,0,0,0,0,0,0,0,0,0,0,0,0,0,0,0,0,0,0,0,0,0,0,0,72,2026-02-06 09:47:05.452430
SPNG,24.89,24.89,25.23,1951600.0,2033700.0,0,0,0,0,0,0,0,0,0,0,0,0,0,0,0,0,0,0,0,0,0,0,0,0,0,0,73,2026-02-06 09:47:06.512310
SMMR,25.01,24.71,24.86,1816700.0,1597700.0,0,0,0,0,0,0,0,0,0,0,0,0,0,0,0,0,0,0,0,0,0,0,0,0,0,0,73,2026-02-06 09:47:06.512310
ATMN,25.75,25.75,25.95,1777200.0,2059800.0,0,0,0,0,0,0,0,0,0,0,0,0,0,0,0,0,0,0,0,0,0,0,0,0,0,0,73,2026-02-06 09:47:06.512310
WNTR,23.88,23.52,23.88,1442900.0,2185700.0,0,0,0,0,0,0,0,0,0,0,0,0,0,0,0,0,0,0,0,0,0,0,0,0,0,0,73,2026-02-06 09:47:06.512310
SPNG,25.23,24.89,25.23,2150500.0,2015900.0,0,0,0,0,0,0,0,0,0,0,0,0,0,0,0,0,0,0,0,0,0,0,0,0,0,0,74,2026-02-06 09:47:07.551271
SMMR,25.01,24.9,25.01,1942400.0,1520900.0,0,0,0,0,0,0,0,0,0,0,0,0,0,0,0,0,0,0,0,0,0,0,0,0,0,0,74,2026-02-06 09:47:07.551271
ATMN,26.15,25.75,26.15,1777200.0,2029200.0,0,0,0,0,0,0,0,0,0,0,0,0,0,0,0,0,0,0,0,0,0,0,0,0,0,0,74,2026-02-06 09:47:07.551271
WNTR,23.87,23.87,23.88,1554300.0,2189800.0,0,0,0,0,0,0,0,0,0,0,0,0,0,0,0,0,0,0,0,0,0,0,0,0,0,0,74,2026-02-06 09:47:07.551271
SPNG,25.23,25.08,25.23,2358100.0,2025600.0,0,0,0,0,0,0,0,0,0,0,0,0,0,0,0,0,0,0,0,0,0,0,0,0,0,0,75,2026-02-06 09:47:08.596819
SMMR,24.9,24.85,24.89,1930500.0,1630100.0,0,0,0,0,0,0,0,0,0,0,0,0,0,0,0,0,0,0,0,0,0,0,0,0,0,0,75,2026-02-06 09:47:08.596819
ATMN,26.27,25.75,26.27,1891700.0,1957900.0,0,0,0,0,0,0,0,0,0,0,0,0,0,0,0,0,0,0,0,0,0,0,0,0,0,0,75,2026-02-06 09:47:08.596819
WNTR,23.49,23.61,23.86,1433900.0,2201900.0,0,0,0,0,0,0,0,0,0,0,0,0,0,0,0,0,0,0,0,0,0,0,0,0,0,0,75,2026-02-06 09:47:08.596819
SPNG,25.24,25.08,25.24,2324000.0,2018600.0,0,0,0,0,0,0,0,0,0,0,0,0,0,0,0,0,0,0,0,0,0,0,0,0,0,0,76,2026-02-06 09:47:09.633246
SMMR,24.8,24.8,24.89,1936200.0,1752900.0,0,0,0,0,0,0,0,0,0,0,0,0,0,0,0,0,0,0,0,0,0,0,0,0,0,0,76,2026-02-06 09:47:09.633246
ATMN,26.28,25.75,25.95,2155800.0,1978000.0,0,0,0,0,0,0,0,0,0,0,0,0,0,0,0,0,0,0,0,0,0,0,0,0,0,0,76,2026-02-06 09:47:09.633246
WNTR,23.79,23.61,23.66,1433900.0,2204400.0,0,0,0,0,0,0,0,0,0,0,0,0,0,0,0,0,0,0,0,0,0,0,0,0,0,0,76,2026-02-06 09:47:09.633246
SPNG,25.24,25.08,25.11,2214400.0,2030000.0,0,0,0,0,0,0,0,0,0,0,0,0,0,0,0,0,0,0,0,0,0,0,0,0,0,0,77,2026-02-06 09:47:10.675058
SMMR,24.99,24.8,24.93,2177100.0,1746200.0,0,0,0,0,0,0,0,0,0,0,0,0,0,0,0,0,0,0,0,0,0,0,0,0,0,0,77,2026-02-06 09:47:10.675058
ATMN,26.28,25.75,25.95,2291500.0,1978000.0,0,0,0,0,0,0,0,0,0,0,0,0,0,0,0,0,0,0,0,0,0,0,0,0,0,0,77,2026-02-06 09:47:10.675058
WNTR,23.66,23.75,23.8,1564200.0,2177900.0,0,0,0,0,0,0,0,0,0,0,0,0,0,0,0,0,0,0,0,0,0,0,0,0,0,0,77,2026-02-06 09:47:10.675058
SPNG,25.02,25.02,25.24,2259200.0,2033700.0,0,0,0,0,0,0,0,0,0,0,0,0,0,0,0,0,0,0,0,0,0,0,0,0,0,0,78,2026-02-06 09:47:11.713412
SMMR,24.79,24.79,24.93,2176700.0,1870600.0,0,0,0,0,0,0,0,0,0,0,0,0,0,0,0,0,0,0,0,0,0,0,0,0,0,0,78,2026-02-06 09:47:11.713412
ATMN,26.28,25.75,25.95,2225200.0,1978000.0,0,0,0,0,0,0,0,0,0,0,0,0,0,0,0,0,0,0,0,0,0,0,0,0,0,0,78,2026-02-06 09:47:11.713412
WNTR,23.65,23.65,23.8,1561100.0,2177900.0,0,0,0,0,0,0,0,0,0,0,0,0,0,0,0,0,0,0,0,0,0,0,0,0,0,0,78,2026-02-06 09:47:11.713412
SPNG,25.25,25.02,25.25,2209800.0,2010100.0,0,0,0,0,0,0,0,0,0,0,0,0,0,0,0,0,0,0,0,0,0,0,0,0,0,0,79,2026-02-06 09:47:12.763210
SMMR,24.79,24.79,24.86,2292800.0,1980700.0,0,0,0,0,0,0,0,0,0,0,0,0,0,0,0,0,0,0,0,0,0,0,0,0,0,0,79,2026-02-06 09:47:12.763210
ATMN,26.36,25.75,26.22,2225200.0,1982200.0,0,0,0,0,0,0,0,0,0,0,0,0,0,0,0,0,0,0,0,0,0,0,0,0,0,0,79,2026-02-06 09:47:12.763210
WNTR,23.8,23.48,23.8,1217500.0,2177900.0,0,0,0,0,0,0,0,0,0,0,0,0,0,0,0,0,0,0,0,0,0,0,0,0,0,0,79,2026-02-06 09:47:12.763210
SPNG,25.35,25.02,25.35,2209800.0,2000000.0,0,0,0,0,0,0,0,0,0,0,0,0,0,0,0,0,0,0,0,0,0,0,0,0,0,0,80,2026-02-06 09:47:13.322597
SMMR,24.76,24.76,24.86,2273300.0,1980700.0,0,0,0,0,0,0,0,0,0,0,0,0,0,0,0,0,0,0,0,0,0,0,0,0,0,0,80,2026-02-06 09:47:13.322597
ATMN,26.36,25.76,25.99,2191000.0,1984000.0,0,0,0,0,0,0,0,0,0,0,0,0,0,0,0,0,0,0,0,0,0,0,0,0,0,0,80,2026-02-06 09:47:13.322597
WNTR,23.8,23.48,23.63,1217500.0,2203300.0,0,0,0,0,0,0,0,0,0,0,0,0,0,0,0,0,0,0,0,0,0,0,0,0,0,0,80,2026-02-06 09:47:13.322597
SPNG,25.35,25.02,25.08,2197500.0,2022700.0,0,0,0,0,0,0,0,0,0,0,0,0,0,0,0,0,0,0,0,0,0,0,0,0,0,0,81,2026-02-06 09:47:14.366327
SMMR,24.71,24.71,24.93,2252500.0,1870600.0,0,0,0,0,0,0,0,0,0,0,0,0,0,0,0,0,0,0,0,0,0,0,0,0,0,0,81,2026-02-06 09:47:14.366327
ATMN,25.94,25.94,25.99,2169100.0,2028400.0,0,0,0,0,0,0,0,0,0,0,0,0,0,0,0,0,0,0,0,0,0,0,0,0,0,0,81,2026-02-06 09:47:14.366327
WNTR,23.6,23.58,23.6,1337800.0,2241300.0,0,0,0,0,0,0,0,0,0,0,0,0,0,0,0,0,0,0,0,0,0,0,0,0,0,0,81,2026-02-06 09:47:14.366327
SPNG,25.02,24.96,25.0,2211700.0,2022100.0,0,0,0,0,0,0,0,0,0,0,0,0,0,0,0,0,0,0,0,0,0,0,0,0,0,0,82,2026-02-06 09:47:15.399951
SMMR,25.01,24.73,25.01,2226100.0,1530300.0,0,0,0,0,0,0,0,0,0,0,0,0,0,0,0,0,0,0,0,0,0,0,0,0,0,0,82,2026-02-06 09:47:15.399951
ATMN,25.75,25.75,25.95,2261300.0,2044000.0,0,0,0,0,0,0,0,0,0,0,0,0,0,0,0,0,0,0,0,0,0,0,0,0,0,0,82,2026-02-06 09:47:15.399951
WNTR,23.78,23.58,23.66,1574700.0,2174800.0,0,0,0,0,0,0,0,0,0,0,0,0,0,0,0,0,0,0,0,0,0,0,0,0,0,0,82,2026-02-06 09:47:15.399951
SPNG,24.96,24.96,25.35,2211700.0,2000000.0,0,0,0,0,0,0,0,0,0,0,0,0,0,0,0,0,0,0,0,0,0,0,0,0,0,0,83,2026-02-06 09:47:16.475655
SMMR,25.01,25.09,25.11,2174600.0,1541600.0,0,0,0,0,0,0,0,0,0,0,0,0,0,0,0,0,0,0,0,0,0,0,0,0,0,0,83,2026-02-06 09:47:16.475655
ATMN,25.99,25.75,25.99,2261300.0,2028400.0,0,0,0,0,0,0,0,0,0,0,0,0,0,0,0,0,0,0,0,0,0,0,0,0,0,0,83,2026-02-06 09:47:16.475655
WNTR,23.77,23.58,23.61,1569600.0,2217900.0,0,0,0,0,0,0,0,0,0,0,0,0,0,0,0,0,0,0,0,0,0,0,0,0,0,0,83,2026-02-06 09:47:16.475655
SPNG,24.96,25.07,25.35,2144800.0,1988600.0,0,0,0,0,0,0,0,0,0,0,0,0,0,0,0,0,0,0,0,0,0,0,0,0,0,0,84,2026-02-06 09:47:17.521189
SMMR,25.01,25.09,25.11,2174600.0,1893500.0,0,0,0,0,0,0,0,0,0,0,0,0,0,0,0,0,0,0,0,0,0,0,0,0,0,0,84,2026-02-06 09:47:17.521189
ATMN,25.74,25.74,25.88,2384600.0,2095400.0,0,0,0,0,0,0,0,0,0,0,0,0,0,0,0,0,0,0,0,0,0,0,0,0,0,0,84,2026-02-06 09:47:17.521189
WNTR,23.68,23.76,23.78,1900500.0,2174800.0,0,0,0,0,0,0,0,0,0,0,0,0,0,0,0,0,0,0,0,0,0,0,0,0,0,0,84,2026-02-06 09:47:17.521189
SPNG,25.07,25.07,25.1,2162200.0,2006900.0,0,0,0,0,0,0,0,0,0,0,0,0,0,0,0,0,0,0,0,0,0,0,0,0,0,0,85,2026-02-06 09:47:18.565765
SMMR,25.01,25.09,25.11,2174600.0,2223200.0,0,0,0,0,0,0,0,0,0,0,0,0,0,0,0,0,0,0,0,0,0,0,0,0,0,0,85,2026-02-06 09:47:18.565765
ATMN,25.65,25.65,25.76,2057500.0,2103500.0,0,0,0,0,0,0,0,0,0,0,0,0,0,0,0,0,0,0,0,0,0,0,0,0,0,0,85,2026-02-06 09:47:18.565765
WNTR,23.86,23.65,23.86,1899300.0,2162300.0,0,0,0,0,0,0,0,0,0,0,0,0,0,0,0,0,0,0,0,0,0,0,0,0,0,0,85,2026-02-06 09:47:18.565765
SPNG,25.53,25.07,25.53,2121600.0,1969700.0,0,0,0,0,0,0,0,0,0,0,0,0,0,0,0,0,0,0,0,0,0,0,0,0,0,0,86,2026-02-06 09:47:19.600163
SMMR,25.11,24.81,25.03,2166200.0,2247200.0,0,0,0,0,0,0,0,0,0,0,0,0,0,0,0,0,0,0,0,0,0,0,0,0,0,0,86,2026-02-06 09:47:19.600163
ATMN,25.65,25.65,25.76,2183400.0,2103500.0,0,0,0,0,0,0,0,0,0,0,0,0,0,0,0,0,0,0,0,0,0,0,0,0,0,0,86,2026-02-06 09:47:19.600163
WNTR,23.65,23.65,23.86,2004700.0,2162300.0,0,0,0,0,0,0,0,0,0,0,0,0,0,0,0,0,0,0,0,0,0,0,0,0,0,0,86,2026-02-06 09:47:19.600163
SPNG,24.87,24.87,25.53,2146000.0,1969700.0,0,0,0,0,0,0,0,0,0,0,0,0,0,0,0,0,0,0,0,0,0,0,0,0,0,0,87,2026-02-06 09:47:20.634606
SMMR,25.11,24.9,25.01,2191500.0,2287200.0,0,0,0,0,0,0,0,0,0,0,0,0,0,0,0,0,0,0,0,0,0,0,0,0,0,0,87,2026-02-06 09:47:20.634606
ATMN,25.76,25.65,25.76,2417700.0,2103500.0,0,0,0,0,0,0,0,0,0,0,0,0,0,0,0,0,0,0,0,0,0,0,0,0,0,0,87,2026-02-06 09:47:20.634606
WNTR,23.86,23.67,23.86,1986100.0,2188700.0,0,0,0,0,0,0,0,0,0,0,0,0,0,0,0,0,0,0,0,0,0,0,0,0,0,0,87,2026-02-06 09:47:20.634606
SPNG,24.75,24.75,25.53,2235300.0,1969700.0,0,0,0,0,0,0,0,0,0,0,0,0,0,0,0,0,0,0,0,0,0,0,0,0,0,0,88,2026-02-06 09:47:21.666530
SMMR,24.81,24.73,24.74,2202200.0,2338000.0,0,0,0,0,0,0,0,0,0,0,0,0,0,0,0,0,0,0,0,0,0,0,0,0,0,0,88,2026-02-06 09:47:21.666530
ATMN,25.88,25.83,25.88,2289500.0,2095400.0,0,0,0,0,0,0,0,0,0,0,0,0,0,0,0,0,0,0,0,0,0,0,0,0,0,0,88,2026-02-06 09:47:21.666530
WNTR,23.88,23.67,23.73,1986100.0,2200700.0,0,0,0,0,0,0,0,0,0,0,0,0,0,0,0,0,0,0,0,0,0,0,0,0,0,0,88,2026-02-06 09:47:21.666530
SPNG,25.7,25.58,25.67,2228100.0,2006800.0,0,0,0,0,0,0,0,0,0,0,0,0,0,0,0,0,0,0,0,0,0,0,0,0,0,0,89,2026-02-06 09:47:22.706119
SMMR,24.88,24.73,24.88,2196100.0,2317300.0,0,0,0,0,0,0,0,0,0,0,0,0,0,0,0,0,0,0,0,0,0,0,0,0,0,0,89,2026-02-06 09:47:22.706119
ATMN,25.99,26.01,26.12,2306000.0,2048400.0,0,0,0,0,0,0,0,0,0,0,0,0,0,0,0,0,0,0,0,0,0,0,0,0,0,0,89,2026-02-06 09:47:22.706119
WNTR,23.6,23.62,23.73,2201300.0,2200700.0,0,0,0,0,0,0,0,0,0,0,0,0,0,0,0,0,0,0,0,0,0,0,0,0,0,0,89,2026-02-06 09:47:22.706119
SPNG,25.58,25.15,25.3,2231600.0,2017300.0,0,0,0,0,0,0,0,0,0,0,0,0,0,0,0,0,0,0,0,0,0,0,0,0,0,0,90,2026-02-06 09:47:23.742663
SMMR,24.72,24.72,24.88,2192600.0,2335400.0,0,0,0,0,0,0,0,0,0,0,0,0,0,0,0,0,0,0,0,0,0,0,0,0,0,0,90,2026-02-06 09:47:23.742663
ATMN,26.01,25.74,25.88,2339000.0,2119700.0,0,0,0,0,0,0,0,0,0,0,0,0,0,0,0,0,0,0,0,0,0,0,0,0,0,0,90,2026-02-06 09:47:23.742663
WNTR,23.73,23.62,23.73,2209300.0,2200700.0,0,0,0,0,0,0,0,0,0,0,0,0,0,0,0,0,0,0,0,0,0,0,0,0,0,0,90,2026-02-06 09:47:23.742663
SPNG,24.75,24.75,25.04,2263300.0,2050000.0,0,0,0,0,0,0,0,0,0,0,0,0,0,0,0,0,0,0,0,0,0,0,0,0,0,0,91,2026-02-06 09:47:24.777438
SMMR,24.72,24.8,24.88,2205300.0,2374900.0,0,0,0,0,0,0,0,0,0,0,0,0,0,0,0,0,0,0,0,0,0,0,0,0,0,0,91,2026-02-06 09:47:24.777438
ATMN,25.74,25.74,25.88,2334700.0,2133600.0,0,0,0,0,0,0,0,0,0,0,0,0,0,0,0,0,0,0,0,0,0,0,0,0,0,0,91,2026-02-06 09:47:24.777438
WNTR,23.73,23.75,23.79,2235100.0,2196600.0,0,0,0,0,0,0,0,0,0,0,0,0,0,0,0,0,0,0,0,0,0,0,0,0,0,0,91,2026-02-06 09:47:24.777438
SPNG,25.04,25.01,25.04,2217100.0,2050000.0,0,0,0,0,0,0,0,0,0,0,0,0,0,0,0,0,0,0,0,0,0,0,0,0,0,0,92,2026-02-06 09:47:25.810087
SMMR,24.8,24.8,24.91,2188700.0,2336500.0,0,0,0,0,0,0,0,0,0,0,0,0,0,0,0,0,0,0,0,0,0,0,0,0,0,0,92,2026-02-06 09:47:25.810087
ATMN,25.65,25.65,25.86,2330100.0,2138900.0,0,0,0,0,0,0,0,0,0,0,0,0,0,0,0,0,0,0,0,0,0,0,0,0,0,0,92,2026-02-06 09:47:25.810087
WNTR,23.73,23.75,23.78,2235100.0,2266700.0,0,0,0,0,0,0,0,0,0,0,0,0,0,0,0,0,0,0,0,0,0,0,0,0,0,0,92,2026-02-06 09:47:25.810087
SPNG,25.51,25.01,25.51,2217100.0,2013900.0,0,0,0,0,0,0,0,0,0,0,0,0,0,0,0,0,0,0,0,0,0,0,0,0,0,0,93,2026-02-06 09:47:26.841557
SMMR,24.8,24.8,24.91,2205400.0,2361300.0,0,0,0,0,0,0,0,0,0,0,0,0,0,0,0,0,0,0,0,0,0,0,0,0,0,0,93,2026-02-06 09:47:26.841557
ATMN,25.64,25.64,25.72,2382000.0,2148000.0,0,0,0,0,0,0,0,0,0,0,0,0,0,0,0,0,0,0,0,0,0,0,0,0,0,0,93,2026-02-06 09:47:26.841557
WNTR,23.65,23.66,23.78,2218000.0,2266700.0,0,0,0,0,0,0,0,0,0,0,0,0,0,0,0,0,0,0,0,0,0,0,0,0,0,0,93,2026-02-06 09:47:26.841557
SPNG,25.51,25.53,25.63,2216800.0,2021600.0,0,0,0,0,0,0,0,0,0,0,0,0,0,0,0,0,0,0,0,0,0,0,0,0,0,0,94,2026-02-06 09:47:27.392312
SMMR,24.93,24.8,24.93,2219600.0,2339900.0,0,0,0,0,0,0,0,0,0,0,0,0,0,0,0,0,0,0,0,0,0,0,0,0,0,0,94,2026-02-06 09:47:27.392312
ATMN,25.72,25.74,25.86,2356600.0,2138900.0,0,0,0,0,0,0,0,0,0,0,0,0,0,0,0,0,0,0,0,0,0,0,0,0,0,0,94,2026-02-06 09:47:27.392312
WNTR,23.79,23.8,23.85,2240800.0,2231800.0,0,0,0,0,0,0,0,0,0,0,0,0,0,0,0,0,0,0,0,0,0,0,0,0,0,0,94,2026-02-06 09:47:27.392312
SPNG,25.53,25.17,25.34,2231400.0,2063900.0,0,0,0,0,0,0,0,0,0,0,0,0,0,0,0,0,0,0,0,0,0,0,0,0,0,0,95,2026-02-06 09:47:28.452939
SMMR,24.74,24.74,24.93,2200700.0,2339900.0,0,0,0,0,0,0,0,0,0,0,0,0,0,0,0,0,0,0,0,0,0,0,0,0,0,0,95,2026-02-06 09:47:28.452939
ATMN,25.72,25.74,25.86,2319800.0,2148000.0,0,0,0,0,0,0,0,0,0,0,0,0,0,0,0,0,0,0,0,0,0,0,0,0,0,0,95,2026-02-06 09:47:28.452939
WNTR,23.69,23.69,23.85,2244900.0,2292600.0,0,0,0,0,0,0,0,0,0,0,0,0,0,0,0,0,0,0,0,0,0,0,0,0,0,0,95,2026-02-06 09:47:28.452939
SPNG,25.17,25.17,25.34,2231400.0,2102100.0,0,0,0,0,0,0,0,0,0,0,0,0,0,0,0,0,0,0,0,0,0,0,0,0,0,0,96,2026-02-06 09:47:29.501555
SMMR,24.91,24.74,24.8,2200700.0,2361500.0,0,0,0,0,0,0,0,0,0,0,0,0,0,0,0,0,0,0,0,0,0,0,0,0,0,0,96,2026-02-06 09:47:29.501555
ATMN,25.74,25.74,26.03,2319800.0,2126600.0,0,0,0,0,0,0,0,0,0,0,0,0,0,0,0,0,0,0,0,0,0,0,0,0,0,0,96,2026-02-06 09:47:29.501555
WNTR,23.85,23.58,23.85,2241200.0,2292600.0,0,0,0,0,0,0,0,0,0,0,0,0,0,0,0,0,0,0,0,0,0,0,0,0,0,0,96,2026-02-06 09:47:29.501555
SPNG,24.96,25.29,25.34,2218100.0,2152000.0,0,0,0,0,0,0,0,0,0,0,0,0,0,0,0,0,0,0,0,0,0,0,0,0,0,0,97,2026-02-06 09:47:30.563771
SMMR,24.8,24.85,24.88,2214000.0,2362100.0,0,0,0,0,0,0,0,0,0,0,0,0,0,0,0,0,0,0,0,0,0,0,0,0,0,0,97,2026-02-06 09:47:30.563771
ATMN,26.03,25.76,26.01,2319200.0,2130800.0,0,0,0,0,0,0,0,0,0,0,0,0,0,0,0,0,0,0,0,0,0,0,0,0,0,0,97,2026-02-06 09:47:30.563771
WNTR,23.57,23.57,23.85,2229300.0,2271100.0,0,0,0,0,0,0,0,0,0,0,0,0,0,0,0,0,0,0,0,0,0,0,0,0,0,0,97,2026-02-06 09:47:30.563771
SPNG,24.71,24.94,25.34,2257800.0,2152000.0,0,0,0,0,0,0,0,0,0,0,0,0,0,0,0,0,0,0,0,0,0,0,0,0,0,0,98,2026-02-06 09:47:31.617701
SMMR,24.74,24.74,24.88,2202500.0,2394700.0,0,0,0,0,0,0,0,0,0,0,0,0,0,0,0,0,0,0,0,0,0,0,0,0,0,0,98,2026-02-06 09:47:31.617701
ATMN,26.07,25.76,25.86,2319200.0,2120700.0,0,0,0,0,0,0,0,0,0,0,0,0,0,0,0,0,0,0,0,0,0,0,0,0,0,0,98,2026-02-06 09:47:31.617701
WNTR,23.57,23.57,23.85,2118400.0,2271100.0,0,0,0,0,0,0,0,0,0,0,0,0,0,0,0,0,0,0,0,0,0,0,0,0,0,0,98,2026-02-06 09:47:31.617701
SPNG,24.71,25.27,25.34,2200200.0,2152000.0,0,0,0,0,0,0,0,0,0,0,0,0,0,0,0,0,0,0,0,0,0,0,0,0,0,0,99,2026-02-06 09:47:32.677537
SMMR,24.87,24.76,24.81,2200700.0,2402300.0,0,0,0,0,0,0,0,0,0,0,0,0,0,0,0,0,0,0,0,0,0,0,0,0,0,0,99,2026-02-06 09:47:32.677537
ATMN,25.76,25.76,25.86,2264700.0,2132900.0,0,0,0,0,0,0,0,0,0,0,0,0,0,0,0,0,0,0,0,0,0,0,0,0,0,0,99,2026-02-06 09:47:32.677537
WNTR,23.87,23.55,23.87,1991000.0,2241900.0,0,0,0,0,0,0,0,0,0,0,0,0,0,0,0,0,0,0,0,0,0,0,0,0,0,0,99,2026-02-06 09:47:32.677537
SPNG,25.29,25.03,25.29,2209100.0,2185000.0,0,0,0,0,0,0,0,0,0,0,0,0,0,0,0,0,0,0,0,0,0,0,0,0,0,0,100,2026-02-06 09:47:33.730477
SMMR,24.81,24.85,24.88,2232700.0,2394700.0,0,0,0,0,0,0,0,0,0,0,0,0,0,0,0,0,0,0,0,0,0,0,0,0,0,0,100,2026-02-06 09:47:33.730477
ATMN,25.76,25.76,25.86,2161100.0,2132900.0,0,0,0,0,0,0,0,0,0,0,0,0,0,0,0,0,0,0,0,0,0,0,0,0,0,0,100,2026-02-06 09:47:33.730477
WNTR,23.91,23.59,23.75,2234200.0,2192400.0,0,0,0,0,0,0,0,0,0,0,0,0,0,0,0,0,0,0,0,0,0,0,0,0,0,0,100,2026-02-06 09:47:33.730477
SPNG,25.29,25.03,25.29,2142000.0,2185000.0,0,0,0,0,0,0,0,0,0,0,0,0,0,0,0,0,0,0,0,0,0,0,0,0,0,0,101,2026-02-06 09:47:34.780907
SMMR,24.85,24.78,24.81,2199400.0,2376100.0,0,0,0,0,0,0,0,0,0,0,0,0,0,0,0,0,0,0,0,0,0,0,0,0,0,0,101,2026-02-06 09:47:34.780907
ATMN,25.74,25.71,25.73,2145200.0,2128700.0,0,0,0,0,0,0,0,0,0,0,0,0,0,0,0,0,0,0,0,0,0,0,0,0,0,0,101,2026-02-06 09:47:34.780907
WNTR,23.88,23.88,23.91,2252900.0,2213800.0,0,0,0,0,0,0,0,0,0,0,0,0,0,0,0,0,0,0,0,0,0,0,0,0,0,0,101,2026-02-06 09:47:34.780907
SPNG,25.34,25.35,25.5,2156500.0,2141700.0,0,0,0,0,0,0,0,0,0,0,0,0,0,0,0,0,0,0,0,0,0,0,0,0,0,0,102,2026-02-06 09:47:35.830015
SMMR,24.96,24.97,24.99,2224600.0,2328400.0,0,0,0,0,0,0,0,0,0,0,0,0,0,0,0,0,0,0,0,0,0,0,0,0,0,0,102,2026-02-06 09:47:35.830015
ATMN,25.86,25.71,25.86,2151100.0,2132900.0,0,0,0,0,0,0,0,0,0,0,0,0,0,0,0,0,0,0,0,0,0,0,0,0,0,0,102,2026-02-06 09:47:35.830015
WNTR,23.73,23.59,23.73,2261900.0,2239900.0,0,0,0,0,0,0,0,0,0,0,0,0,0,0,0,0,0,0,0,0,0,0,0,0,0,0,102,2026-02-06 09:47:35.830015
SPNG,24.94,24.94,25.5,2184200.0,2165200.0,0,0,0,0,0,0,0,0,0,0,0,0,0,0,0,0,0,0,0,0,0,0,0,0,0,0,103,2026-02-06 09:47:36.894102
SMMR,24.91,24.76,24.79,2200700.0,2368400.0,0,0,0,0,0,0,0,0,0,0,0,0,0,0,0,0,0,0,0,0,0,0,0,0,0,0,103,2026-02-06 09:47:36.894102
ATMN,26.12,25.79,26.12,2131900.0,2155800.0,0,0,0,0,0,0,0,0,0,0,0,0,0,0,0,0,0,0,0,0,0,0,0,0,0,0,103,2026-02-06 09:47:36.894102
WNTR,23.59,23.59,23.73,2238600.0,2239900.0,0,0,0,0,0,0,0,0,0,0,0,0,0,0,0,0,0,0,0,0,0,0,0,0,0,0,103,2026-02-06 09:47:36.894102
SPNG,24.94,24.94,25.5,2208600.0,2182200.0,0,0,0,0,0,0,0,0,0,0,0,0,0,0,0,0,0,0,0,0,0,0,0,0,0,0,104,2026-02-06 09:47:37.447769
SMMR,24.79,24.87,24.91,2215800.0,2352100.0,0,0,0,0,0,0,0,0,0,0,0,0,0,0,0,0,0,0,0,0,0,0,0,0,0,0,104,2026-02-06 09:47:37.447769
ATMN,25.71,25.71,26.12,2151000.0,2148600.0,0,0,0,0,0,0,0,0,0,0,0,0,0,0,0,0,0,0,0,0,0,0,0,0,0,0,104,2026-02-06 09:47:37.447769
WNTR,23.59,23.61,23.73,2217700.0,2239900.0,0,0,0,0,0,0,0,0,0,0,0,0,0,0,0,0,0,0,0,0,0,0,0,0,0,0,104,2026-02-06 09:47:37.447769
SPNG,25.59,24.94,25.59,2208600.0,2154000.0,0,0,0,0,0,0,0,0,0,0,0,0,0,0,0,0,0,0,0,0,0,0,0,0,0,0,105,2026-02-06 09:47:38.503431
SMMR,24.87,24.86,24.87,2234500.0,2385300.0,0,0,0,0,0,0,0,0,0,0,0,0,0,0,0,0,0,0,0,0,0,0,0,0,0,0,105,2026-02-06 09:47:38.503431
ATMN,26.13,25.71,26.13,2151000.0,2147800.0,0,0,0,0,0,0,0,0,0,0,0,0,0,0,0,0,0,0,0,0,0,0,0,0,0,0,105,2026-02-06 09:47:38.503431
WNTR,23.61,23.61,23.91,2217700.0,2220900.0,0,0,0,0,0,0,0,0,0,0,0,0,0,0,0,0,0,0,0,0,0,0,0,0,0,0,105,2026-02-06 09:47:38.503431
SPNG,25.59,25.34,25.59,2180500.0,2154000.0,0,0,0,0,0,0,0,0,0,0,0,0,0,0,0,0,0,0,0,0,0,0,0,0,0,0,106,2026-02-06 09:47:39.553145
SMMR,24.83,24.83,24.91,2215600.0,2351700.0,0,0,0,0,0,0,0,0,0,0,0,0,0,0,0,0,0,0,0,0,0,0,0,0,0,0,106,2026-02-06 09:47:39.553145
ATMN,25.73,26.0,26.13,2115400.0,2147800.0,0,0,0,0,0,0,0,0,0,0,0,0,0,0,0,0,0,0,0,0,0,0,0,0,0,0,106,2026-02-06 09:47:39.553145
WNTR,23.68,23.77,23.91,2246600.0,2243300.0,0,0,0,0,0,0,0,0,0,0,0,0,0,0,0,0,0,0,0,0,0,0,0,0,0,0,106,2026-02-06 09:47:39.553145
SPNG,25.34,24.94,25.12,2195200.0,2214700.0,0,0,0,0,0,0,0,0,0,0,0,0,0,0,0,0,0,0,0,0,0,0,0,0,0,0,107,2026-02-06 09:47:40.594531
SMMR,24.83,24.83,24.91,2215600.0,2383500.0,0,0,0,0,0,0,0,0,0,0,0,0,0,0,0,0,0,0,0,0,0,0,0,0,0,0,107,2026-02-06 09:47:40.594531
ATMN,25.71,25.7,25.71,2148900.0,2179600.0,0,0,0,0,0,0,0,0,0,0,0,0,0,0,0,0,0,0,0,0,0,0,0,0,0,0,107,2026-02-06 09:47:40.594531
WNTR,23.57,23.57,23.71,2244500.0,2263900.0,0,0,0,0,0,0,0,0,0,0,0,0,0,0,0,0,0,0,0,0,0,0,0,0,0,0,107,2026-02-06 09:47:40.594531
SPNG,25.12,25.4,25.59,2204100.0,2202600.0,0,0,0,0,0,0,0,0,0,0,0,0,0,0,0,0,0,0,0,0,0,0,0,0,0,0,108,2026-02-06 09:47:41.632678
SMMR,24.84,24.83,24.84,2241600.0,2368200.0,0,0,0,0,0,0,0,0,0,0,0,0,0,0,0,0,0,0,0,0,0,0,0,0,0,0,108,2026-02-06 09:47:41.632678
ATMN,26.08,25.78,26.08,2161500.0,2179300.0,0,0,0,0,0,0,0,0,0,0,0,0,0,0,0,0,0,0,0,0,0,0,0,0,0,0,108,2026-02-06 09:47:41.632678
WNTR,23.55,23.65,23.91,2218400.0,2267900.0,0,0,0,0,0,0,0,0,0,0,0,0,0,0,0,0,0,0,0,0,0,0,0,0,0,0,108,2026-02-06 09:47:41.632678
SPNG,24.94,24.94,25.59,2180300.0,2202600.0,0,0,0,0,0,0,0,0,0,0,0,0,0,0,0,0,0,0,0,0,0,0,0,0,0,0,109,2026-02-06 09:47:42.679959
SMMR,24.91,24.76,24.85,2219600.0,2362600.0,0,0,0,0,0,0,0,0,0,0,0,0,0,0,0,0,0,0,0,0,0,0,0,0,0,0,109,2026-02-06 09:47:42.679959
ATMN,26.13,25.7,26.13,2148900.0,2162500.0,0,0,0,0,0,0,0,0,0,0,0,0,0,0,0,0,0,0,0,0,0,0,0,0,0,0,109,2026-02-06 09:47:42.679959
WNTR,23.85,23.65,23.85,2218400.0,2258400.0,0,0,0,0,0,0,0,0,0,0,0,0,0,0,0,0,0,0,0,0,0,0,0,0,0,0,109,2026-02-06 09:47:42.679959
SPNG,24.94,24.94,25.59,2180300.0,2178700.0,0,0,0,0,0,0,0,0,0,0,0,0,0,0,0,0,0,0,0,0,0,0,0,0,0,0,110,2026-02-06 09:47:43.735729
SMMR,24.85,24.76,24.85,2219600.0,2341200.0,0,0,0,0,0,0,0,0,0,0,0,0,0,0,0,0,0,0,0,0,0,0,0,0,0,0,110,2026-02-06 09:47:43.735729
ATMN,25.69,25.69,25.93,2157500.0,2163100.0,0,0,0,0,0,0,0,0,0,0,0,0,0,0,0,0,0,0,0,0,0,0,0,0,0,0,110,2026-02-06 09:47:43.735729
WNTR,23.91,23.55,23.58,2239800.0,2255300.0,0,0,0,0,0,0,0,0,0,0,0,0,0,0,0,0,0,0,0,0,0,0,0,0,0,0,110,2026-02-06 09:47:43.735729
SPNG,25.63,24.94,25.63,2180000.0,2164300.0,0,0,0,0,0,0,0,0,0,0,0,0,0,0,0,0,0,0,0,0,0,0,0,0,0,0,111,2026-02-06 09:47:44.793061
SMMR,24.85,24.86,24.91,2269900.0,2366600.0,0,0,0,0,0,0,0,0,0,0,0,0,0,0,0,0,0,0,0,0,0,0,0,0,0,0,111,2026-02-06 09:47:44.793061
ATMN,26.03,26.03,26.13,2182700.0,2148400.0,0,0,0,0,0,0,0,0,0,0,0,0,0,0,0,0,0,0,0,0,0,0,0,0,0,0,111,2026-02-06 09:47:44.793061
WNTR,23.93,23.55,23.93,2230700.0,2270800.0,0,0,0,0,0,0,0,0,0,0,0,0,0,0,0,0,0,0,0,0,0,0,0,0,0,0,111,2026-02-06 09:47:44.793061
SPNG,25.63,24.94,25.26,2192700.0,2173600.0,0,0,0,0,0,0,0,0,0,0,0,0,0,0,0,0,0,0,0,0,0,0,0,0,0,0,112,2026-02-06 09:47:45.848801
SMMR,24.88,24.88,24.91,2288900.0,2366600.0,0,0,0,0,0,0,0,0,0,0,0,0,0,0,0,0,0,0,0,0,0,0,0,0,0,0,112,2026-02-06 09:47:45.848801
ATMN,26.11,25.69,26.11,2157500.0,2158000.0,0,0,0,0,0,0,0,0,0,0,0,0,0,0,0,0,0,0,0,0,0,0,0,0,0,0,112,2026-02-06 09:47:45.848801
WNTR,23.61,23.55,23.57,2230700.0,2239800.0,0,0,0,0,0,0,0,0,0,0,0,0,0,0,0,0,0,0,0,0,0,0,0,0,0,0,112,2026-02-06 09:47:45.848801
SPNG,25.63,25.1,25.26,2152200.0,2173600.0,0,0,0,0,0,0,0,0,0,0,0,0,0,0,0,0,0,0,0,0,0,0,0,0,0,0,113,2026-02-06 09:47:46.885843
SMMR,24.98,24.93,24.98,2297200.0,2360200.0,0,0,0,0,0,0,0,0,0,0,0,0,0,0,0,0,0,0,0,0,0,0,0,0,0,0,113,2026-02-06 09:47:46.885843
ATMN,26.11,25.69,25.72,2157500.0,2180600.0,0,0,0,0,0,0,0,0,0,0,0,0,0,0,0,0,0,0,0,0,0,0,0,0,0,0,113,2026-02-06 09:47:46.885843
WNTR,23.93,23.55,23.75,2230700.0,2253500.0,0,0,0,0,0,0,0,0,0,0,0,0,0,0,0,0,0,0,0,0,0,0,0,0,0,0,113,2026-02-06 09:47:46.885843
SPNG,25.64,25.1,25.64,2153500.0,2142000.0,0,0,0,0,0,0,0,0,0,0,0,0,0,0,0,0,0,0,0,0,0,0,0,0,0,0,114,2026-02-06 09:47:47.932712
SMMR,24.98,24.74,24.98,2260600.0,2356900.0,0,0,0,0,0,0,0,0,0,0,0,0,0,0,0,0,0,0,0,0,0,0,0,0,0,0,114,2026-02-06 09:47:47.932712
ATMN,25.69,25.69,26.01,2149500.0,2178800.0,0,0,0,0,0,0,0,0,0,0,0,0,0,0,0,0,0,0,0,0,0,0,0,0,0,0,114,2026-02-06 09:47:47.932712
WNTR,23.93,23.6,23.71,2248600.0,2226800.0,0,0,0,0,0,0,0,0,0,0,0,0,0,0,0,0,0,0,0,0,0,0,0,0,0,0,114,2026-02-06 09:47:47.932712
SPNG,25.67,25.1,25.17,2153500.0,2195600.0,0,0,0,0,0,0,0,0,0,0,0,0,0,0,0,0,0,0,0,0,0,0,0,0,0,0,115,2026-02-06 09:47:48.971296
SMMR,24.98,24.74,24.85,2271700.0,2351400.0,0,0,0,0,0,0,0,0,0,0,0,0,0,0,0,0,0,0,0,0,0,0,0,0,0,0,115,2026-02-06 09:47:48.971296
ATMN,25.91,25.69,25.91,2145000.0,2180000.0,0,0,0,0,0,0,0,0,0,0,0,0,0,0,0,0,0,0,0,0,0,0,0,0,0,0,115,2026-02-06 09:47:48.971296
WNTR,23.75,23.74,23.75,2254300.0,2224300.0,0,0,0,0,0,0,0,0,0,0,0,0,0,0,0,0,0,0,0,0,0,0,0,0,0,0,115,2026-02-06 09:47:48.971296
SPNG,25.17,25.1,25.17,2148800.0,2195600.0,0,0,0,0,0,0,0,0,0,0,0,0,0,0,0,0,0,0,0,0,0,0,0,0,0,0,116,2026-02-06 09:47:49.530671
SMMR,24.85,24.74,24.85,2271700.0,2351400.0,0,0,0,0,0,0,0,0,0,0,0,0,0,0,0,0,0,0,0,0,0,0,0,0,0,0,116,2026-02-06 09:47:49.530671
ATMN,25.91,25.69,25.91,2125700.0,2213900.0,0,0,0,0,0,0,0,0,0,0,0,0,0,0,0,0,0,0,0,0,0,0,0,0,0,0,116,2026-02-06 09:47:49.530671
WNTR,23.6,23.6,23.75,2257100.0,2224300.0,0,0,0,0,0,0,0,0,0,0,0,0,0,0,0,0,0,0,0,0,0,0,0,0,0,0,116,2026-02-06 09:47:49.530671
SPNG,25.17,25.1,25.17,2107500.0,2195600.0,0,0,0,0,0,0,0,0,0,0,0,0,0,0,0,0,0,0,0,0,0,0,0,0,0,0,117,2026-02-06 09:47:50.573092
SMMR,24.74,24.78,24.85,2278600.0,2351400.0,0,0,0,0,0,0,0,0,0,0,0,0,0,0,0,0,0,0,0,0,0,0,0,0,0,0,117,2026-02-06 09:47:50.573092
ATMN,25.67,25.73,25.91,2097600.0,2187000.0,0,0,0,0,0,0,0,0,0,0,0,0,0,0,0,0,0,0,0,0,0,0,0,0,0,0,117,2026-02-06 09:47:50.573092
WNTR,23.55,23.55,23.75,2234300.0,2246900.0,0,0,0,0,0,0,0,0,0,0,0,0,0,0,0,0,0,0,0,0,0,0,0,0,0,0,117,2026-02-06 09:47:50.573092
SPNG,25.1,25.1,25.67,2107500.0,2194600.0,0,0,0,0,0,0,0,0,0,0,0,0,0,0,0,0,0,0,0,0,0,0,0,0,0,0,118,2026-02-06 09:47:51.627044
SMMR,24.94,24.78,24.81,2277400.0,2362900.0,0,0,0,0,0,0,0,0,0,0,0,0,0,0,0,0,0,0,0,0,0,0,0,0,0,0,118,2026-02-06 09:47:51.627044
ATMN,25.92,25.76,25.92,2114800.0,2195400.0,0,0,0,0,0,0,0,0,0,0,0,0,0,0,0,0,0,0,0,0,0,0,0,0,0,0,118,2026-02-06 09:47:51.627044
WNTR,23.77,23.55,23.76,2234300.0,2228800.0,0,0,0,0,0,0,0,0,0,0,0,0,0,0,0,0,0,0,0,0,0,0,0,0,0,0,118,2026-02-06 09:47:51.627044
SPNG,24.91,24.91,25.67,2178400.0,2194600.0,0,0,0,0,0,0,0,0,0,0,0,0,0,0,0,0,0,0,0,0,0,0,0,0,0,0,119,2026-02-06 09:47:52.699872
SMMR,24.75,24.75,24.98,2281900.0,2356900.0,0,0,0,0,0,0,0,0,0,0,0,0,0,0,0,0,0,0,0,0,0,0,0,0,0,0,119,2026-02-06 09:47:52.699872
ATMN,25.95,25.67,25.95,2097800.0,2180000.0,0,0,0,0,0,0,0,0,0,0,0,0,0,0,0,0,0,0,0,0,0,0,0,0,0,0,119,2026-02-06 09:47:52.699872
WNTR,23.76,23.55,23.56,2241900.0,2247700.0,0,0,0,0,0,0,0,0,0,0,0,0,0,0,0,0,0,0,0,0,0,0,0,0,0,0,119,2026-02-06 09:47:52.699872
SPNG,24.89,23.6,0.0,200000.0,,0,0,0,0,0,0,0,0,0,0,0,0,0,0,0,0,0,0,0,0,0,0,0,0,0,0,120,2026-02-06 09:47:53.804811
SMMR,24.96,23.56,23.65,962900.0,878700.0,0,0,0,0,0,0,0,0,0,0,0,0,0,0,0,0,0,0,0,0,0,0,0,0,0,0,120,2026-02-06 09:47:53.804811
ATMN,26.01,25.36,0.0,200000.0,,0,0,0,0,0,0,0,0,0,0,0,0,0,0,0,0,0,0,0,0,0,0,0,0,0,0,120,2026-02-06 09:47:53.804811
WNTR,23.76,22.83,0.0,200000.0,,0,0,0,0,0,0,0,0,0,0,0,0,0,0,0,0,0,0,0,0,0,0,0,0,0,0,120,2026-02-06 09:47:53.804811
SPNG,26.02,26.02,26.26,993800.0,819300.0,0,0,0,0,0,0,0,0,0,0,0,0,0,0,0,0,0,0,0,0,0,0,0,0,0,0,121,2026-02-06 09:47:54.842667
SMMR,23.56,23.31,23.55,966400.0,1112400.0,0,0,0,0,0,0,0,0,0,0,0,0,0,0,0,0,0,0,0,0,0,0,0,0,0,0,121,2026-02-06 09:47:54.842667
ATMN,25.36,25.36,25.5,1014500.0,801500.0,0,0,0,0,0,0,0,0,0,0,0,0,0,0,0,0,0,0,0,0,0,0,0,0,0,0,121,2026-02-06 09:47:54.842667
WNTR,22.83,22.83,23.38,955100.0,1018200.0,0,0,0,0,0,0,0,0,0,0,0,0,0,0,0,0,0,0,0,0,0,0,0,0,0,0,121,2026-02-06 09:47:54.842667
SPNG,26.02,24.48,25.12,980000.0,1238400.0,0,0,0,0,0,0,0,0,0,0,0,0,0,0,0,0,0,0,0,0,0,0,0,0,0,0,122,2026-02-06 09:47:55.892114
SMMR,23.31,23.31,23.44,1009600.0,1446500.0,0,0,0,0,0,0,0,0,0,0,0,0,0,0,0,0,0,0,0,0,0,0,0,0,0,0,122,2026-02-06 09:47:55.892114
ATMN,25.5,25.1,25.5,1337800.0,801500.0,0,0,0,0,0,0,0,0,0,0,0,0,0,0,0,0,0,0,0,0,0,0,0,0,0,0,122,2026-02-06 09:47:55.892114
WNTR,22.83,22.35,22.7,1004200.0,1370100.0,0,0,0,0,0,0,0,0,0,0,0,0,0,0,0,0,0,0,0,0,0,0,0,0,0,0,122,2026-02-06 09:47:55.892114
SPNG,23.6,23.63,24.58,995900.0,1454500.0,0,0,0,0,0,0,0,0,0,0,0,0,0,0,0,0,0,0,0,0,0,0,0,0,0,0,123,2026-02-06 09:47:56.932242
SMMR,23.49,23.11,23.49,1159100.0,1346000.0,0,0,0,0,0,0,0,0,0,0,0,0,0,0,0,0,0,0,0,0,0,0,0,0,0,0,123,2026-02-06 09:47:56.932242
ATMN,25.44,25.44,25.5,1464700.0,890400.0,0,0,0,0,0,0,0,0,0,0,0,0,0,0,0,0,0,0,0,0,0,0,0,0,0,0,123,2026-02-06 09:47:56.932242
WNTR,22.83,22.6,22.7,1469100.0,1370100.0,0,0,0,0,0,0,0,0,0,0,0,0,0,0,0,0,0,0,0,0,0,0,0,0,0,0,123,2026-02-06 09:47:56.932242
SPNG,23.6,23.6,24.3,1007500.0,1678800.0,0,0,0,0,0,0,0,0,0,0,0,0,0,0,0,0,0,0,0,0,0,0,0,0,0,0,124,2026-02-06 09:47:57.978502
SMMR,23.55,23.11,23.55,1159100.0,1209300.0,0,0,0,0,0,0,0,0,0,0,0,0,0,0,0,0,0,0,0,0,0,0,0,0,0,0,124,2026-02-06 09:47:57.978502
ATMN,25.44,25.1,25.34,1337800.0,1209300.0,0,0,0,0,0,0,0,0,0,0,0,0,0,0,0,0,0,0,0,0,0,0,0,0,0,0,124,2026-02-06 09:47:57.978502
WNTR,22.7,22.86,22.98,1811300.0,1267700.0,0,0,0,0,0,0,0,0,0,0,0,0,0,0,0,0,0,0,0,0,0,0,0,0,0,0,124,2026-02-06 09:47:57.978502
SPNG,23.6,23.6,23.67,1007500.0,2092600.0,0,0,0,0,0,0,0,0,0,0,0,0,0,0,0,0,0,0,0,0,0,0,0,0,0,0,125,2026-02-06 09:47:59.025245
SMMR,23.55,23.11,23.26,1289000.0,1423600.0,0,0,0,0,0,0,0,0,0,0,0,0,0,0,0,0,0,0,0,0,0,0,0,0,0,0,125,2026-02-06 09:47:59.025245
ATMN,25.23,25.41,25.49,1431400.0,1201800.0,0,0,0,0,0,0,0,0,0,0,0,0,0,0,0,0,0,0,0,0,0,0,0,0,0,0,125,2026-02-06 09:47:59.025245
WNTR,22.9,22.86,22.9,1968600.0,1396700.0,0,0,0,0,0,0,0,0,0,0,0,0,0,0,0,0,0,0,0,0,0,0,0,0,0,0,125,2026-02-06 09:47:59.025245
SPNG,23.6,23.63,23.67,1246500.0,2092600.0,0,0,0,0,0,0,0,0,0,0,0,0,0,0,0,0,0,0,0,0,0,0,0,0,0,0,126,2026-02-06 09:47:59.582667
SMMR,23.55,23.22,23.26,1534700.0,1423600.0,0,0,0,0,0,0,0,0,0,0,0,0,0,0,0,0,0,0,0,0,0,0,0,0,0,0,126,2026-02-06 09:47:59.582667
ATMN,25.03,25.03,25.49,1213300.0,1201800.0,0,0,0,0,0,0,0,0,0,0,0,0,0,0,0,0,0,0,0,0,0,0,0,0,0,0,126,2026-02-06 09:47:59.582667
WNTR,22.9,22.6,22.9,1873900.0,1384200.0,0,0,0,0,0,0,0,0,0,0,0,0,0,0,0,0,0,0,0,0,0,0,0,0,0,0,126,2026-02-06 09:47:59.582667
SPNG,23.6,23.63,23.67,1246500.0,2135300.0,0,0,0,0,0,0,0,0,0,0,0,0,0,0,0,0,0,0,0,0,0,0,0,0,0,0,127,2026-02-06 09:48:00.667511
SMMR,23.13,23.23,23.36,1655000.0,1322400.0,0,0,0,0,0,0,0,0,0,0,0,0,0,0,0,0,0,0,0,0,0,0,0,0,0,0,127,2026-02-06 09:48:00.667511
ATMN,25.51,25.03,25.51,1322600.0,999500.0,0,0,0,0,0,0,0,0,0,0,0,0,0,0,0,0,0,0,0,0,0,0,0,0,0,0,127,2026-02-06 09:48:00.667511
WNTR,22.65,22.65,22.9,1988000.0,1384200.0,0,0,0,0,0,0,0,0,0,0,0,0,0,0,0,0,0,0,0,0,0,0,0,0,0,0,127,2026-02-06 09:48:00.667511
SPNG,22.76,22.76,23.67,1068400.0,2184500.0,0,0,0,0,0,0,0,0,0,0,0,0,0,0,0,0,0,0,0,0,0,0,0,0,0,0,128,2026-02-06 09:48:01.758102
SMMR,23.64,23.23,23.36,1787400.0,1212000.0,0,0,0,0,0,0,0,0,0,0,0,0,0,0,0,0,0,0,0,0,0,0,0,0,0,0,128,2026-02-06 09:48:01.758102
ATMN,25.39,25.39,25.51,1541400.0,1123800.0,0,0,0,0,0,0,0,0,0,0,0,0,0,0,0,0,0,0,0,0,0,0,0,0,0,0,128,2026-02-06 09:48:01.758102
WNTR,22.93,22.81,22.89,2127000.0,1371500.0,0,0,0,0,0,0,0,0,0,0,0,0,0,0,0,0,0,0,0,0,0,0,0,0,0,0,128,2026-02-06 09:48:01.758102
SPNG,22.76,23.37,23.67,1401000.0,2194900.0,0,0,0,0,0,0,0,0,0,0,0,0,0,0,0,0,0,0,0,0,0,0,0,0,0,0,129,2026-02-06 09:48:02.841648
SMMR,23.23,23.23,23.36,1893000.0,1348200.0,0,0,0,0,0,0,0,0,0,0,0,0,0,0,0,0,0,0,0,0,0,0,0,0,0,0,129,2026-02-06 09:48:02.841648
ATMN,25.27,25.03,25.2,1413200.0,1249800.0,0,0,0,0,0,0,0,0,0,0,0,0,0,0,0,0,0,0,0,0,0,0,0,0,0,0,129,2026-02-06 09:48:02.841648
WNTR,22.81,22.93,22.98,2268200.0,1405800.0,0,0,0,0,0,0,0,0,0,0,0,0,0,0,0,0,0,0,0,0,0,0,0,0,0,0,129,2026-02-06 09:48:02.841648
SPNG,23.67,23.5,23.67,1771700.0,2194900.0,0,0,0,0,0,0,0,0,0,0,0,0,0,0,0,0,0,0,0,0,0,0,0,0,0,0,130,2026-02-06 09:48:03.908732
SMMR,23.23,23.23,23.36,2147300.0,1484600.0,0,0,0,0,0,0,0,0,0,0,0,0,0,0,0,0,0,0,0,0,0,0,0,0,0,0,130,2026-02-06 09:48:03.908732
ATMN,25.27,25.03,25.2,1753000.0,1249800.0,0,0,0,0,0,0,0,0,0,0,0,0,0,0,0,0,0,0,0,0,0,0,0,0,0,0,130,2026-02-06 09:48:03.908732
WNTR,22.81,22.65,22.66,2123900.0,1525700.0,0,0,0,0,0,0,0,0,0,0,0,0,0,0,0,0,0,0,0,0,0,0,0,0,0,0,130,2026-02-06 09:48:03.908732
SPNG,23.67,23.5,23.55,1943800.0,2211800.0,0,0,0,0,0,0,0,0,0,0,0,0,0,0,0,0,0,0,0,0,0,0,0,0,0,0,131,2026-02-06 09:48:04.999011
SMMR,23.27,23.29,23.36,2386500.0,1600800.0,0,0,0,0,0,0,0,0,0,0,0,0,0,0,0,0,0,0,0,0,0,0,0,0,0,0,131,2026-02-06 09:48:04.999011
ATMN,25.2,25.16,25.2,1945200.0,1341000.0,0,0,0,0,0,0,0,0,0,0,0,0,0,0,0,0,0,0,0,0,0,0,0,0,0,0,131,2026-02-06 09:48:04.999011
WNTR,22.72,22.74,22.98,2252600.0,1539500.0,0,0,0,0,0,0,0,0,0,0,0,0,0,0,0,0,0,0,0,0,0,0,0,0,0,0,131,2026-02-06 09:48:04.999011
SPNG,23.5,23.5,23.67,2046300.0,2208600.0,0,0,0,0,0,0,0,0,0,0,0,0,0,0,0,0,0,0,0,0,0,0,0,0,0,0,132,2026-02-06 09:48:06.092316
SMMR,23.29,23.23,23.27,2252600.0,1557000.0,0,0,0,0,0,0,0,0,0,0,0,0,0,0,0,0,0,0,0,0,0,0,0,0,0,0,132,2026-02-06 09:48:06.092316
ATMN,25.2,25.46,25.47,2058600.0,1443700.0,0,0,0,0,0,0,0,0,0,0,0,0,0,0,0,0,0,0,0,0,0,0,0,0,0,0,132,2026-02-06 09:48:06.092316
WNTR,22.65,22.65,22.98,2123900.0,1652000.0,0,0,0,0,0,0,0,0,0,0,0,0,0,0,0,0,0,0,0,0,0,0,0,0,0,0,132,2026-02-06 09:48:06.092316
SPNG,23.37,23.37,23.69,1917100.0,2180600.0,0,0,0,0,0,0,0,0,0,0,0,0,0,0,0,0,0,0,0,0,0,0,0,0,0,0,133,2026-02-06 09:48:06.684537
SMMR,23.29,23.23,23.24,2252600.0,1683900.0,0,0,0,0,0,0,0,0,0,0,0,0,0,0,0,0,0,0,0,0,0,0,0,0,0,0,133,2026-02-06 09:48:06.684537
ATMN,25.2,25.46,25.47,2058600.0,1650200.0,0,0,0,0,0,0,0,0,0,0,0,0,0,0,0,0,0,0,0,0,0,0,0,0,0,0,133,2026-02-06 09:48:06.684537
WNTR,23.0,22.65,23.0,2256400.0,1528200.0,0,0,0,0,0,0,0,0,0,0,0,0,0,0,0,0,0,0,0,0,0,0,0,0,0,0,133,2026-02-06 09:48:06.684537
SPNG,23.37,23.6,23.69,2194200.0,2213800.0,0,0,0,0,0,0,0,0,0,0,0,0,0,0,0,0,0,0,0,0,0,0,0,0,0,0,134,2026-02-06 09:48:07.772767
SMMR,23.27,23.23,23.27,2363300.0,1557000.0,0,0,0,0,0,0,0,0,0,0,0,0,0,0,0,0,0,0,0,0,0,0,0,0,0,0,134,2026-02-06 09:48:07.772767
ATMN,25.16,25.16,25.26,1945200.0,1884200.0,0,0,0,0,0,0,0,0,0,0,0,0,0,0,0,0,0,0,0,0,0,0,0,0,0,0,134,2026-02-06 09:48:07.772767
WNTR,23.0,22.93,23.0,2500800.0,1753900.0,0,0,0,0,0,0,0,0,0,0,0,0,0,0,0,0,0,0,0,0,0,0,0,0,0,0,134,2026-02-06 09:48:07.772767
SPNG,23.37,23.6,23.64,2194200.0,2276400.0,0,0,0,0,0,0,0,0,0,0,0,0,0,0,0,0,0,0,0,0,0,0,0,0,0,0,135,2026-02-06 09:48:08.822119
SMMR,23.37,23.29,23.37,2469200.0,1562900.0,0,0,0,0,0,0,0,0,0,0,0,0,0,0,0,0,0,0,0,0,0,0,0,0,0,0,135,2026-02-06 09:48:08.822119
ATMN,25.44,25.16,25.44,2199200.0,1766300.0,0,0,0,0,0,0,0,0,0,0,0,0,0,0,0,0,0,0,0,0,0,0,0,0,0,0,135,2026-02-06 09:48:08.822119
WNTR,22.93,22.93,23.0,2500800.0,1972600.0,0,0,0,0,0,0,0,0,0,0,0,0,0,0,0,0,0,0,0,0,0,0,0,0,0,0,135,2026-02-06 09:48:08.822119
SPNG,23.37,23.6,23.64,2194200.0,2313100.0,0,0,0,0,0,0,0,0,0,0,0,0,0,0,0,0,0,0,0,0,0,0,0,0,0,0,136,2026-02-06 09:48:09.885872
SMMR,23.41,23.29,23.41,2433600.0,1444400.0,0,0,0,0,0,0,0,0,0,0,0,0,0,0,0,0,0,0,0,0,0,0,0,0,0,0,136,2026-02-06 09:48:09.885872
ATMN,25.14,25.14,25.34,2110700.0,2094400.0,0,0,0,0,0,0,0,0,0,0,0,0,0,0,0,0,0,0,0,0,0,0,0,0,0,0,136,2026-02-06 09:48:09.885872
WNTR,22.93,22.93,23.0,2500800.0,2267200.0,0,0,0,0,0,0,0,0,0,0,0,0,0,0,0,0,0,0,0,0,0,0,0,0,0,0,136,2026-02-06 09:48:09.885872
SPNG,23.37,23.3,23.37,2092600.0,2287400.0,0,0,0,0,0,0,0,0,0,0,0,0,0,0,0,0,0,0,0,0,0,0,0,0,0,0,137,2026-02-06 09:48:10.932867
SMMR,23.45,23.29,23.45,2430000.0,1300900.0,0,0,0,0,0,0,0,0,0,0,0,0,0,0,0,0,0,0,0,0,0,0,0,0,0,0,137,2026-02-06 09:48:10.932867
ATMN,25.14,25.16,25.26,2220000.0,2090500.0,0,0,0,0,0,0,0,0,0,0,0,0,0,0,0,0,0,0,0,0,0,0,0,0,0,0,137,2026-02-06 09:48:10.932867
WNTR,22.93,22.77,22.88,2466200.0,2307000.0,0,0,0,0,0,0,0,0,0,0,0,0,0,0,0,0,0,0,0,0,0,0,0,0,0,0,137,2026-02-06 09:48:10.932867
SPNG,23.64,23.3,23.64,2323800.0,2293900.0,0,0,0,0,0,0,0,0,0,0,0,0,0,0,0,0,0,0,0,0,0,0,0,0,0,0,138,2026-02-06 09:48:11.979622
SMMR,23.29,23.29,23.45,2484500.0,1407900.0,0,0,0,0,0,0,0,0,0,0,0,0,0,0,0,0,0,0,0,0,0,0,0,0,0,0,138,2026-02-06 09:48:11.979622
ATMN,25.14,25.14,25.34,2243200.0,2081100.0,0,0,0,0,0,0,0,0,0,0,0,0,0,0,0,0,0,0,0,0,0,0,0,0,0,0,138,2026-02-06 09:48:11.979622
WNTR,22.7,22.7,22.88,2476100.0,2307000.0,0,0,0,0,0,0,0,0,0,0,0,0,0,0,0,0,0,0,0,0,0,0,0,0,0,0,138,2026-02-06 09:48:11.979622
SPNG,23.3,23.3,23.64,2323800.0,2293900.0,0,0,0,0,0,0,0,0,0,0,0,0,0,0,0,0,0,0,0,0,0,0,0,0,0,0,139,2026-02-06 09:48:13.020536
SMMR,23.21,23.34,23.45,2480700.0,1407900.0,0,0,0,0,0,0,0,0,0,0,0,0,0,0,0,0,0,0,0,0,0,0,0,0,0,0,139,2026-02-06 09:48:13.020536
ATMN,25.14,25.18,25.34,2349200.0,2083300.0,0,0,0,0,0,0,0,0,0,0,0,0,0,0,0,0,0,0,0,0,0,0,0,0,0,0,139,2026-02-06 09:48:13.020536
WNTR,22.88,22.7,22.88,2468200.0,2307000.0,0,0,0,0,0,0,0,0,0,0,0,0,0,0,0,0,0,0,0,0,0,0,0,0,0,0,139,2026-02-06 09:48:13.020536
SPNG,23.64,23.21,23.64,2074900.0,2293900.0,0,0,0,0,0,0,0,0,0,0,0,0,0,0,0,0,0,0,0,0,0,0,0,0,0,0,140,2026-02-06 09:48:14.065695
SMMR,23.22,23.22,23.45,2357100.0,1512500.0,0,0,0,0,0,0,0,0,0,0,0,0,0,0,0,0,0,0,0,0,0,0,0,0,0,0,140,2026-02-06 09:48:14.065695
ATMN,25.18,25.18,25.34,2349200.0,2083300.0,0,0,0,0,0,0,0,0,0,0,0,0,0,0,0,0,0,0,0,0,0,0,0,0,0,0,140,2026-02-06 09:48:14.065695
WNTR,22.7,22.65,22.7,2506300.0,2366600.0,0,0,0,0,0,0,0,0,0,0,0,0,0,0,0,0,0,0,0,0,0,0,0,0,0,0,140,2026-02-06 09:48:14.065695
SPNG,23.64,23.53,23.64,2204200.0,2289700.0,0,0,0,0,0,0,0,0,0,0,0,0,0,0,0,0,0,0,0,0,0,0,0,0,0,0,141,2026-02-06 09:48:15.122875
SMMR,23.22,23.22,23.41,2469500.0,1740700.0,0,0,0,0,0,0,0,0,0,0,0,0,0,0,0,0,0,0,0,0,0,0,0,0,0,0,141,2026-02-06 09:48:15.122875
ATMN,25.44,25.03,25.44,2139500.0,2059100.0,0,0,0,0,0,0,0,0,0,0,0,0,0,0,0,0,0,0,0,0,0,0,0,0,0,0,141,2026-02-06 09:48:15.122875
WNTR,22.72,22.65,22.69,2461100.0,2359700.0,0,0,0,0,0,0,0,0,0,0,0,0,0,0,0,0,0,0,0,0,0,0,0,0,0,0,141,2026-02-06 09:48:15.122875
SPNG,23.21,23.4,23.56,2197200.0,2297700.0,0,0,0,0,0,0,0,0,0,0,0,0,0,0,0,0,0,0,0,0,0,0,0,0,0,0,142,2026-02-06 09:48:16.171459
SMMR,23.21,23.21,23.25,2498500.0,1946300.0,0,0,0,0,0,0,0,0,0,0,0,0,0,0,0,0,0,0,0,0,0,0,0,0,0,0,142,2026-02-06 09:48:16.171459
ATMN,25.38,25.03,25.25,2139500.0,2102900.0,0,0,0,0,0,0,0,0,0,0,0,0,0,0,0,0,0,0,0,0,0,0,0,0,0,0,142,2026-02-06 09:48:16.171459
WNTR,22.83,22.65,22.7,2461100.0,2370600.0,0,0,0,0,0,0,0,0,0,0,0,0,0,0,0,0,0,0,0,0,0,0,0,0,0,0,142,2026-02-06 09:48:16.171459
SPNG,23.4,23.4,23.56,2197200.0,2303600.0,0,0,0,0,0,0,0,0,0,0,0,0,0,0,0,0,0,0,0,0,0,0,0,0,0,0,143,2026-02-06 09:48:16.723177
SMMR,23.21,23.23,23.25,2467600.0,1946300.0,0,0,0,0,0,0,0,0,0,0,0,0,0,0,0,0,0,0,0,0,0,0,0,0,0,0,143,2026-02-06 09:48:16.723177
ATMN,25.02,25.02,25.25,2131700.0,2102900.0,0,0,0,0,0,0,0,0,0,0,0,0,0,0,0,0,0,0,0,0,0,0,0,0,0,0,143,2026-02-06 09:48:16.723177
WNTR,22.83,22.65,22.7,2479400.0,2363900.0,0,0,0,0,0,0,0,0,0,0,0,0,0,0,0,0,0,0,0,0,0,0,0,0,0,0,143,2026-02-06 09:48:16.723177
SPNG,23.57,23.4,23.41,2293100.0,2328900.0,0,0,0,0,0,0,0,0,0,0,0,0,0,0,0,0,0,0,0,0,0,0,0,0,0,0,144,2026-02-06 09:48:17.802673
SMMR,23.35,23.35,23.41,2453900.0,1740800.0,0,0,0,0,0,0,0,0,0,0,0,0,0,0,0,0,0,0,0,0,0,0,0,0,0,0,144,2026-02-06 09:48:17.802673
ATMN,25.25,25.25,25.44,2255700.0,2054300.0,0,0,0,0,0,0,0,0,0,0,0,0,0,0,0,0,0,0,0,0,0,0,0,0,0,0,144,2026-02-06 09:48:17.802673
WNTR,22.64,22.64,22.76,2506900.0,2371000.0,0,0,0,0,0,0,0,0,0,0,0,0,0,0,0,0,0,0,0,0,0,0,0,0,0,0,144,2026-02-06 09:48:17.802673
SPNG,23.65,23.4,23.65,2293100.0,2323700.0,0,0,0,0,0,0,0,0,0,0,0,0,0,0,0,0,0,0,0,0,0,0,0,0,0,0,145,2026-02-06 09:48:18.844551
SMMR,23.35,23.23,23.32,2434400.0,1879000.0,0,0,0,0,0,0,0,0,0,0,0,0,0,0,0,0,0,0,0,0,0,0,0,0,0,0,145,2026-02-06 09:48:18.844551
ATMN,25.25,25.25,25.44,2255700.0,2138500.0,0,0,0,0,0,0,0,0,0,0,0,0,0,0,0,0,0,0,0,0,0,0,0,0,0,0,145,2026-02-06 09:48:18.844551
WNTR,22.97,22.64,22.78,2506900.0,2364500.0,0,0,0,0,0,0,0,0,0,0,0,0,0,0,0,0,0,0,0,0,0,0,0,0,0,0,145,2026-02-06 09:48:18.844551
SPNG,23.65,23.4,23.65,2293100.0,2345000.0,0,0,0,0,0,0,0,0,0,0,0,0,0,0,0,0,0,0,0,0,0,0,0,0,0,0,146,2026-02-06 09:48:19.885052
SMMR,23.32,23.29,23.32,2438600.0,1879000.0,0,0,0,0,0,0,0,0,0,0,0,0,0,0,0,0,0,0,0,0,0,0,0,0,0,0,146,2026-02-06 09:48:19.885052
ATMN,25.02,25.04,25.49,2385000.0,2103800.0,0,0,0,0,0,0,0,0,0,0,0,0,0,0,0,0,0,0,0,0,0,0,0,0,0,0,146,2026-02-06 09:48:19.885052
WNTR,22.97,22.73,22.76,2508700.0,2380000.0,0,0,0,0,0,0,0,0,0,0,0,0,0,0,0,0,0,0,0,0,0,0,0,0,0,0,146,2026-02-06 09:48:19.885052
SPNG,23.25,23.25,23.65,2170800.0,2343200.0,0,0,0,0,0,0,0,0,0,0,0,0,0,0,0,0,0,0,0,0,0,0,0,0,0,0,147,2026-02-06 09:48:20.915976
SMMR,23.32,23.4,23.41,2434900.0,1740800.0,0,0,0,0,0,0,0,0,0,0,0,0,0,0,0,0,0,0,0,0,0,0,0,0,0,0,147,2026-02-06 09:48:20.915976
ATMN,25.01,25.01,25.49,2158300.0,2103800.0,0,0,0,0,0,0,0,0,0,0,0,0,0,0,0,0,0,0,0,0,0,0,0,0,0,0,147,2026-02-06 09:48:20.915976
WNTR,22.76,22.73,22.76,2508700.0,2393100.0,0,0,0,0,0,0,0,0,0,0,0,0,0,0,0,0,0,0,0,0,0,0,0,0,0,0,147,2026-02-06 09:48:20.915976
SPNG,23.67,23.47,23.67,2483100.0,2320600.0,0,0,0,0,0,0,0,0,0,0,0,0,0,0,0,0,0,0,0,0,0,0,0,0,0,0,148,2026-02-06 09:48:21.948484
SMMR,23.3,23.21,23.3,2460400.0,1981200.0,0,0,0,0,0,0,0,0,0,0,0,0,0,0,0,0,0,0,0,0,0,0,0,0,0,0,148,2026-02-06 09:48:21.948484
ATMN,25.53,25.14,25.53,2261000.0,2114800.0,0,0,0,0,0,0,0,0,0,0,0,0,0,0,0,0,0,0,0,0,0,0,0,0,0,0,148,2026-02-06 09:48:21.948484
WNTR,22.78,22.65,22.78,2476600.0,2363300.0,0,0,0,0,0,0,0,0,0,0,0,0,0,0,0,0,0,0,0,0,0,0,0,0,0,0,148,2026-02-06 09:48:21.948484
SPNG,23.7,23.63,23.7,2470100.0,2291100.0,0,0,0,0,0,0,0,0,0,0,0,0,0,0,0,0,0,0,0,0,0,0,0,0,0,0,149,2026-02-06 09:48:22.988367
SMMR,23.37,23.4,23.41,2464000.0,2135900.0,0,0,0,0,0,0,0,0,0,0,0,0,0,0,0,0,0,0,0,0,0,0,0,0,0,0,149,2026-02-06 09:48:22.988367
ATMN,24.95,24.95,25.32,2067700.0,2162200.0,0,0,0,0,0,0,0,0,0,0,0,0,0,0,0,0,0,0,0,0,0,0,0,0,0,0,149,2026-02-06 09:48:22.988367
WNTR,22.89,22.64,22.73,2482100.0,2362600.0,0,0,0,0,0,0,0,0,0,0,0,0,0,0,0,0,0,0,0,0,0,0,0,0,0,0,149,2026-02-06 09:48:22.988367
SPNG,23.7,23.51,23.7,2494800.0,2291100.0,0,0,0,0,0,0,0,0,0,0,0,0,0,0,0,0,0,0,0,0,0,0,0,0,0,0,150,2026-02-06 09:48:24.027974
SMMR,23.4,23.38,23.39,2442700.0,2250100.0,0,0,0,0,0,0,0,0,0,0,0,0,0,0,0,0,0,0,0,0,0,0,0,0,0,0,150,2026-02-06 09:48:24.027974
ATMN,25.32,25.33,25.53,2341800.0,2154500.0,0,0,0,0,0,0,0,0,0,0,0,0,0,0,0,0,0,0,0,0,0,0,0,0,0,0,150,2026-02-06 09:48:24.027974
WNTR,22.73,22.71,22.73,2532200.0,2362600.0,0,0,0,0,0,0,0,0,0,0,0,0,0,0,0,0,0,0,0,0,0,0,0,0,0,0,150,2026-02-06 09:48:24.027974
SPNG,23.7,23.54,23.7,2472400.0,2310900.0,0,0,0,0,0,0,0,0,0,0,0,0,0,0,0,0,0,0,0,0,0,0,0,0,0,0,151,2026-02-06 09:48:25.078192
SMMR,23.41,23.41,23.45,2464000.0,2125000.0,0,0,0,0,0,0,0,0,0,0,0,0,0,0,0,0,0,0,0,0,0,0,0,0,0,0,151,2026-02-06 09:48:25.078192
ATMN,24.85,24.85,25.3,2107100.0,2168500.0,0,0,0,0,0,0,0,0,0,0,0,0,0,0,0,0,0,0,0,0,0,0,0,0,0,0,151,2026-02-06 09:48:25.078192
WNTR,22.83,22.71,22.8,2532200.0,2378800.0,0,0,0,0,0,0,0,0,0,0,0,0,0,0,0,0,0,0,0,0,0,0,0,0,0,0,151,2026-02-06 09:48:25.078192
SPNG,23.7,23.54,23.7,2443800.0,2281600.0,0,0,0,0,0,0,0,0,0,0,0,0,0,0,0,0,0,0,0,0,0,0,0,0,0,0,152,2026-02-06 09:48:26.127001
SMMR,23.41,23.41,23.42,2435900.0,2227100.0,0,0,0,0,0,0,0,0,0,0,0,0,0,0,0,0,0,0,0,0,0,0,0,0,0,0,152,2026-02-06 09:48:26.127001
ATMN,25.3,25.38,25.53,2309700.0,2148700.0,0,0,0,0,0,0,0,0,0,0,0,0,0,0,0,0,0,0,0,0,0,0,0,0,0,0,152,2026-02-06 09:48:26.127001
WNTR,22.71,22.71,22.74,2532200.0,2421900.0,0,0,0,0,0,0,0,0,0,0,0,0,0,0,0,0,0,0,0,0,0,0,0,0,0,0,152,2026-02-06 09:48:26.127001
SPNG,23.72,23.54,23.72,2443800.0,2278000.0,0,0,0,0,0,0,0,0,0,0,0,0,0,0,0,0,0,0,0,0,0,0,0,0,0,0,153,2026-02-06 09:48:27.178673
SMMR,23.41,23.41,23.42,2435900.0,2270300.0,0,0,0,0,0,0,0,0,0,0,0,0,0,0,0,0,0,0,0,0,0,0,0,0,0,0,153,2026-02-06 09:48:27.178673
ATMN,25.38,24.85,25.31,2314500.0,2187600.0,0,0,0,0,0,0,0,0,0,0,0,0,0,0,0,0,0,0,0,0,0,0,0,0,0,0,153,2026-02-06 09:48:27.178673
WNTR,22.62,22.7,22.74,2516500.0,2421900.0,0,0,0,0,0,0,0,0,0,0,0,0,0,0,0,0,0,0,0,0,0,0,0,0,0,0,153,2026-02-06 09:48:27.178673
SPNG,23.51,23.66,23.72,2417600.0,2265300.0,0,0,0,0,0,0,0,0,0,0,0,0,0,0,0,0,0,0,0,0,0,0,0,0,0,0,154,2026-02-06 09:48:28.230872
SMMR,23.25,23.4,23.42,2397500.0,2270300.0,0,0,0,0,0,0,0,0,0,0,0,0,0,0,0,0,0,0,0,0,0,0,0,0,0,0,154,2026-02-06 09:48:28.230872
ATMN,25.31,25.11,25.31,2438300.0,2173600.0,0,0,0,0,0,0,0,0,0,0,0,0,0,0,0,0,0,0,0,0,0,0,0,0,0,0,154,2026-02-06 09:48:28.230872
WNTR,22.6,22.6,22.74,2451300.0,2446400.0,0,0,0,0,0,0,0,0,0,0,0,0,0,0,0,0,0,0,0,0,0,0,0,0,0,0,154,2026-02-06 09:48:28.230872
SPNG,23.51,23.51,23.72,2429400.0,2265100.0,0,0,0,0,0,0,0,0,0,0,0,0,0,0,0,0,0,0,0,0,0,0,0,0,0,0,155,2026-02-06 09:48:28.769862
SMMR,23.43,23.25,23.43,2426400.0,2277600.0,0,0,0,0,0,0,0,0,0,0,0,0,0,0,0,0,0,0,0,0,0,0,0,0,0,0,155,2026-02-06 09:48:28.769862
ATMN,25.11,25.11,25.31,2563600.0,2173600.0,0,0,0,0,0,0,0,0,0,0,0,0,0,0,0,0,0,0,0,0,0,0,0,0,0,0,155,2026-02-06 09:48:28.769862
WNTR,22.56,22.56,22.74,2495400.0,2446400.0,0,0,0,0,0,0,0,0,0,0,0,0,0,0,0,0,0,0,0,0,0,0,0,0,0,0,155,2026-02-06 09:48:28.769862
SPNG,23.73,23.53,23.73,2433300.0,2231500.0,0,0,0,0,0,0,0,0,0,0,0,0,0,0,0,0,0,0,0,0,0,0,0,0,0,0,156,2026-02-06 09:48:29.855331
SMMR,23.25,23.21,23.22,2418900.0,2307000.0,0,0,0,0,0,0,0,0,0,0,0,0,0,0,0,0,0,0,0,0,0,0,0,0,0,0,156,2026-02-06 09:48:29.855331
ATMN,25.11,25.11,25.31,2486500.0,2173600.0,0,0,0,0,0,0,0,0,0,0,0,0,0,0,0,0,0,0,0,0,0,0,0,0,0,0,156,2026-02-06 09:48:29.855331
WNTR,22.7,22.62,22.7,2478400.0,2438800.0,0,0,0,0,0,0,0,0,0,0,0,0,0,0,0,0,0,0,0,0,0,0,0,0,0,0,156,2026-02-06 09:48:29.855331
SPNG,23.51,23.51,23.75,2440900.0,2234200.0,0,0,0,0,0,0,0,0,0,0,0,0,0,0,0,0,0,0,0,0,0,0,0,0,0,0,157,2026-02-06 09:48:30.902967
SMMR,23.25,23.21,23.22,2396700.0,2307000.0,0,0,0,0,0,0,0,0,0,0,0,0,0,0,0,0,0,0,0,0,0,0,0,0,0,0,157,2026-02-06 09:48:30.902967
ATMN,25.41,25.22,25.41,2460200.0,2174300.0,0,0,0,0,0,0,0,0,0,0,0,0,0,0,0,0,0,0,0,0,0,0,0,0,0,0,157,2026-02-06 09:48:30.902967
WNTR,22.62,22.62,22.64,2478400.0,2428500.0,0,0,0,0,0,0,0,0,0,0,0,0,0,0,0,0,0,0,0,0,0,0,0,0,0,0,157,2026-02-06 09:48:30.902967
SPNG,23.22,23.38,23.75,2515900.0,2211300.0,0,0,0,0,0,0,0,0,0,0,0,0,0,0,0,0,0,0,0,0,0,0,0,0,0,0,158,2026-02-06 09:48:31.961315
SMMR,23.22,23.38,23.43,2434500.0,2280400.0,0,0,0,0,0,0,0,0,0,0,0,0,0,0,0,0,0,0,0,0,0,0,0,0,0,0,158,2026-02-06 09:48:31.961315
ATMN,24.8,24.8,25.41,2438600.0,2174300.0,0,0,0,0,0,0,0,0,0,0,0,0,0,0,0,0,0,0,0,0,0,0,0,0,0,0,158,2026-02-06 09:48:31.961315
WNTR,22.56,22.56,22.64,2507600.0,2428500.0,0,0,0,0,0,0,0,0,0,0,0,0,0,0,0,0,0,0,0,0,0,0,0,0,0,0,158,2026-02-06 09:48:31.961315
SPNG,23.78,23.38,23.78,2476100.0,2214900.0,0,0,0,0,0,0,0,0,0,0,0,0,0,0,0,0,0,0,0,0,0,0,0,0,0,0,159,2026-02-06 09:48:33.010641
SMMR,23.26,23.26,23.34,2417600.0,2319600.0,0,0,0,0,0,0,0,0,0,0,0,0,0,0,0,0,0,0,0,0,0,0,0,0,0,0,159,2026-02-06 09:48:33.010641
ATMN,24.8,25.24,25.41,2536400.0,2141500.0,0,0,0,0,0,0,0,0,0,0,0,0,0,0,0,0,0,0,0,0,0,0,0,0,0,0,159,2026-02-06 09:48:33.010641
WNTR,22.64,22.55,22.64,2489300.0,2446600.0,0,0,0,0,0,0,0,0,0,0,0,0,0,0,0,0,0,0,0,0,0,0,0,0,0,0,159,2026-02-06 09:48:33.010641
SPNG,23.78,23.38,23.78,2468200.0,2214900.0,0,0,0,0,0,0,0,0,0,0,0,0,0,0,0,0,0,0,0,0,0,0,0,0,0,0,160,2026-02-06 09:48:34.048021
SMMR,23.26,23.26,23.34,2445900.0,2317600.0,0,0,0,0,0,0,0,0,0,0,0,0,0,0,0,0,0,0,0,0,0,0,0,0,0,0,160,2026-02-06 09:48:34.048021
ATMN,25.26,25.26,25.41,2486800.0,2097800.0,0,0,0,0,0,0,0,0,0,0,0,0,0,0,0,0,0,0,0,0,0,0,0,0,0,0,160,2026-02-06 09:48:34.048021
WNTR,22.77,22.56,22.63,2485800.0,2442200.0,0,0,0,0,0,0,0,0,0,0,0,0,0,0,0,0,0,0,0,0,0,0,0,0,0,0,160,2026-02-06 09:48:34.048021
SPNG,23.79,23.53,23.79,2418600.0,2216300.0,0,0,0,0,0,0,0,0,0,0,0,0,0,0,0,0,0,0,0,0,0,0,0,0,0,0,161,2026-02-06 09:48:35.087860
SMMR,23.34,23.38,23.39,2434800.0,2287700.0,0,0,0,0,0,0,0,0,0,0,0,0,0,0,0,0,0,0,0,0,0,0,0,0,0,0,161,2026-02-06 09:48:35.087860
ATMN,25.26,25.26,25.31,2486800.0,2102100.0,0,0,0,0,0,0,0,0,0,0,0,0,0,0,0,0,0,0,0,0,0,0,0,0,0,0,161,2026-02-06 09:48:35.087860
WNTR,22.8,22.56,22.61,2431100.0,2432400.0,0,0,0,0,0,0,0,0,0,0,0,0,0,0,0,0,0,0,0,0,0,0,0,0,0,0,161,2026-02-06 09:48:35.087860
SPNG,23.53,23.53,23.81,2406300.0,2255500.0,0,0,0,0,0,0,0,0,0,0,0,0,0,0,0,0,0,0,0,0,0,0,0,0,0,0,162,2026-02-06 09:48:36.124552
SMMR,23.39,23.38,23.39,2434800.0,2298900.0,0,0,0,0,0,0,0,0,0,0,0,0,0,0,0,0,0,0,0,0,0,0,0,0,0,0,162,2026-02-06 09:48:36.124552
ATMN,25.31,25.24,25.31,2536400.0,2108100.0,0,0,0,0,0,0,0,0,0,0,0,0,0,0,0,0,0,0,0,0,0,0,0,0,0,0,162,2026-02-06 09:48:36.124552
WNTR,22.56,22.56,22.71,2466900.0,2446400.0,0,0,0,0,0,0,0,0,0,0,0,0,0,0,0,0,0,0,0,0,0,0,0,0,0,0,162,2026-02-06 09:48:36.124552
SPNG,23.22,23.22,23.81,2467600.0,2255500.0,0,0,0,0,0,0,0,0,0,0,0,0,0,0,0,0,0,0,0,0,0,0,0,0,0,0,163,2026-02-06 09:48:37.209979
SMMR,23.18,23.18,23.28,2411100.0,2312500.0,0,0,0,0,0,0,0,0,0,0,0,0,0,0,0,0,0,0,0,0,0,0,0,0,0,0,163,2026-02-06 09:48:37.209979
ATMN,25.35,25.24,25.35,2456600.0,2072900.0,0,0,0,0,0,0,0,0,0,0,0,0,0,0,0,0,0,0,0,0,0,0,0,0,0,0,163,2026-02-06 09:48:37.209979
WNTR,22.6,22.57,22.6,2469400.0,2465400.0,0,0,0,0,0,0,0,0,0,0,0,0,0,0,0,0,0,0,0,0,0,0,0,0,0,0,163,2026-02-06 09:48:37.209979
SPNG,23.82,23.23,23.82,2439100.0,2233900.0,0,0,0,0,0,0,0,0,0,0,0,0,0,0,0,0,0,0,0,0,0,0,0,0,0,0,164,2026-02-06 09:48:38.265412
SMMR,23.28,23.3,23.39,2442800.0,2287000.0,0,0,0,0,0,0,0,0,0,0,0,0,0,0,0,0,0,0,0,0,0,0,0,0,0,0,164,2026-02-06 09:48:38.265412
ATMN,25.24,24.8,25.06,2528800.0,2089400.0,0,0,0,0,0,0,0,0,0,0,0,0,0,0,0,0,0,0,0,0,0,0,0,0,0,0,164,2026-02-06 09:48:38.265412
WNTR,22.6,22.57,22.6,2476100.0,2437000.0,0,0,0,0,0,0,0,0,0,0,0,0,0,0,0,0,0,0,0,0,0,0,0,0,0,0,164,2026-02-06 09:48:38.265412
SPNG,23.83,23.23,23.83,2434900.0,2207600.0,0,0,0,0,0,0,0,0,0,0,0,0,0,0,0,0,0,0,0,0,0,0,0,0,0,0,165,2026-02-06 09:48:39.310031
SMMR,23.16,23.19,23.39,2458200.0,2334400.0,0,0,0,0,0,0,0,0,0,0,0,0,0,0,0,0,0,0,0,0,0,0,0,0,0,0,165,2026-02-06 09:48:39.310031
ATMN,25.53,25.13,25.53,2479200.0,2075000.0,0,0,0,0,0,0,0,0,0,0,0,0,0,0,0,0,0,0,0,0,0,0,0,0,0,0,165,2026-02-06 09:48:39.310031
WNTR,22.6,22.57,22.6,2478800.0,2424500.0,0,0,0,0,0,0,0,0,0,0,0,0,0,0,0,0,0,0,0,0,0,0,0,0,0,0,165,2026-02-06 09:48:39.310031
SPNG,23.28,23.49,23.83,2442700.0,2207600.0,0,0,0,0,0,0,0,0,0,0,0,0,0,0,0,0,0,0,0,0,0,0,0,0,0,0,166,2026-02-06 09:48:39.893740
SMMR,23.43,23.32,23.43,2471200.0,2326000.0,0,0,0,0,0,0,0,0,0,0,0,0,0,0,0,0,0,0,0,0,0,0,0,0,0,0,166,2026-02-06 09:48:39.893740
ATMN,25.53,25.13,25.53,2423800.0,2089300.0,0,0,0,0,0,0,0,0,0,0,0,0,0,0,0,0,0,0,0,0,0,0,0,0,0,0,166,2026-02-06 09:48:39.893740
WNTR,22.79,22.57,22.69,2478800.0,2432600.0,0,0,0,0,0,0,0,0,0,0,0,0,0,0,0,0,0,0,0,0,0,0,0,0,0,0,166,2026-02-06 09:48:39.893740
SPNG,23.84,23.61,23.84,2411200.0,2217300.0,0,0,0,0,0,0,0,0,0,0,0,0,0,0,0,0,0,0,0,0,0,0,0,0,0,0,167,2026-02-06 09:48:40.965637
SMMR,23.32,23.26,23.27,2469800.0,2365900.0,0,0,0,0,0,0,0,0,0,0,0,0,0,0,0,0,0,0,0,0,0,0,0,0,0,0,167,2026-02-06 09:48:40.965637
ATMN,25.53,25.13,25.53,2423800.0,2106900.0,0,0,0,0,0,0,0,0,0,0,0,0,0,0,0,0,0,0,0,0,0,0,0,0,0,0,167,2026-02-06 09:48:40.965637
WNTR,22.79,22.78,22.79,2461300.0,2418000.0,0,0,0,0,0,0,0,0,0,0,0,0,0,0,0,0,0,0,0,0,0,0,0,0,0,0,167,2026-02-06 09:48:40.965637
SPNG,23.6,23.6,23.81,2414600.0,2212300.0,0,0,0,0,0,0,0,0,0,0,0,0,0,0,0,0,0,0,0,0,0,0,0,0,0,0,168,2026-02-06 09:48:42.034901
SMMR,23.27,23.27,23.43,2486900.0,2326000.0,0,0,0,0,0,0,0,0,0,0,0,0,0,0,0,0,0,0,0,0,0,0,0,0,0,0,168,2026-02-06 09:48:42.034901
ATMN,25.38,25.13,25.26,2370200.0,2104100.0,0,0,0,0,0,0,0,0,0,0,0,0,0,0,0,0,0,0,0,0,0,0,0,0,0,0,168,2026-02-06 09:48:42.034901
WNTR,22.78,22.65,22.78,2472900.0,2399100.0,0,0,0,0,0,0,0,0,0,0,0,0,0,0,0,0,0,0,0,0,0,0,0,0,0,0,168,2026-02-06 09:48:42.034901
SPNG,23.84,23.63,23.84,2440600.0,2207800.0,0,0,0,0,0,0,0,0,0,0,0,0,0,0,0,0,0,0,0,0,0,0,0,0,0,0,169,2026-02-06 09:48:43.083725
SMMR,23.19,23.19,23.35,2452000.0,2352900.0,0,0,0,0,0,0,0,0,0,0,0,0,0,0,0,0,0,0,0,0,0,0,0,0,0,0,169,2026-02-06 09:48:43.083725
ATMN,25.54,25.13,25.38,2320900.0,2111800.0,0,0,0,0,0,0,0,0,0,0,0,0,0,0,0,0,0,0,0,0,0,0,0,0,0,0,169,2026-02-06 09:48:43.083725
WNTR,22.78,22.7,22.78,2423900.0,2378600.0,0,0,0,0,0,0,0,0,0,0,0,0,0,0,0,0,0,0,0,0,0,0,0,0,0,0,169,2026-02-06 09:48:43.083725
SPNG,23.84,23.63,23.84,2440600.0,2216900.0,0,0,0,0,0,0,0,0,0,0,0,0,0,0,0,0,0,0,0,0,0,0,0,0,0,0,170,2026-02-06 09:48:44.125764
SMMR,23.16,23.16,23.29,2435800.0,2368100.0,0,0,0,0,0,0,0,0,0,0,0,0,0,0,0,0,0,0,0,0,0,0,0,0,0,0,170,2026-02-06 09:48:44.125764
ATMN,25.38,25.13,25.38,2291400.0,2101000.0,0,0,0,0,0,0,0,0,0,0,0,0,0,0,0,0,0,0,0,0,0,0,0,0,0,0,170,2026-02-06 09:48:44.125764
WNTR,22.65,22.65,22.66,2441600.0,2386200.0,0,0,0,0,0,0,0,0,0,0,0,0,0,0,0,0,0,0,0,0,0,0,0,0,0,0,170,2026-02-06 09:48:44.125764
SPNG,23.63,23.24,23.61,2435700.0,2217100.0,0,0,0,0,0,0,0,0,0,0,0,0,0,0,0,0,0,0,0,0,0,0,0,0,0,0,171,2026-02-06 09:48:45.189440
SMMR,23.45,23.16,23.45,2435800.0,2344600.0,0,0,0,0,0,0,0,0,0,0,0,0,0,0,0,0,0,0,0,0,0,0,0,0,0,0,171,2026-02-06 09:48:45.189440
ATMN,25.54,25.13,25.43,2291400.0,2105200.0,0,0,0,0,0,0,0,0,0,0,0,0,0,0,0,0,0,0,0,0,0,0,0,0,0,0,171,2026-02-06 09:48:45.189440
WNTR,22.57,22.57,22.66,2472000.0,2386200.0,0,0,0,0,0,0,0,0,0,0,0,0,0,0,0,0,0,0,0,0,0,0,0,0,0,0,171,2026-02-06 09:48:45.189440
SPNG,23.88,23.24,23.88,2398100.0,2223200.0,0,0,0,0,0,0,0,0,0,0,0,0,0,0,0,0,0,0,0,0,0,0,0,0,0,0,172,2026-02-06 09:48:46.230817
SMMR,23.45,23.16,23.45,2415900.0,2355900.0,0,0,0,0,0,0,0,0,0,0,0,0,0,0,0,0,0,0,0,0,0,0,0,0,0,0,172,2026-02-06 09:48:46.230817
ATMN,25.05,25.2,25.43,2287900.0,2105200.0,0,0,0,0,0,0,0,0,0,0,0,0,0,0,0,0,0,0,0,0,0,0,0,0,0,0,172,2026-02-06 09:48:46.230817
WNTR,22.79,22.58,22.67,2418200.0,2362700.0,0,0,0,0,0,0,0,0,0,0,0,0,0,0,0,0,0,0,0,0,0,0,0,0,0,0,172,2026-02-06 09:48:46.230817
SPNG,23.88,23.83,23.88,2385600.0,2227000.0,0,0,0,0,0,0,0,0,0,0,0,0,0,0,0,0,0,0,0,0,0,0,0,0,0,0,173,2026-02-06 09:48:47.270761
SMMR,23.16,23.41,23.45,2425000.0,2355900.0,0,0,0,0,0,0,0,0,0,0,0,0,0,0,0,0,0,0,0,0,0,0,0,0,0,0,173,2026-02-06 09:48:47.270761
ATMN,25.2,25.2,25.54,2287900.0,2095200.0,0,0,0,0,0,0,0,0,0,0,0,0,0,0,0,0,0,0,0,0,0,0,0,0,0,0,173,2026-02-06 09:48:47.270761
WNTR,22.79,22.6,22.66,2395000.0,2364200.0,0,0,0,0,0,0,0,0,0,0,0,0,0,0,0,0,0,0,0,0,0,0,0,0,0,0,173,2026-02-06 09:48:47.270761
SPNG,23.6,23.6,23.88,2415300.0,2245900.0,0,0,0,0,0,0,0,0,0,0,0,0,0,0,0,0,0,0,0,0,0,0,0,0,0,0,174,2026-02-06 09:48:48.310121
SMMR,23.14,23.14,23.45,2389500.0,2355900.0,0,0,0,0,0,0,0,0,0,0,0,0,0,0,0,0,0,0,0,0,0,0,0,0,0,0,174,2026-02-06 09:48:48.310121
ATMN,24.9,24.9,25.54,2345100.0,2062900.0,0,0,0,0,0,0,0,0,0,0,0,0,0,0,0,0,0,0,0,0,0,0,0,0,0,0,174,2026-02-06 09:48:48.310121
WNTR,22.8,22.58,22.8,2413900.0,2388400.0,0,0,0,0,0,0,0,0,0,0,0,0,0,0,0,0,0,0,0,0,0,0,0,0,0,0,174,2026-02-06 09:48:48.310121
SPNG,23.6,23.6,23.88,2367800.0,2263600.0,0,0,0,0,0,0,0,0,0,0,0,0,0,0,0,0,0,0,0,0,0,0,0,0,0,0,175,2026-02-06 09:48:49.345341
SMMR,23.14,23.32,23.45,2391800.0,2360100.0,0,0,0,0,0,0,0,0,0,0,0,0,0,0,0,0,0,0,0,0,0,0,0,0,0,0,175,2026-02-06 09:48:49.345341
ATMN,25.55,25.2,25.55,2348300.0,2086800.0,0,0,0,0,0,0,0,0,0,0,0,0,0,0,0,0,0,0,0,0,0,0,0,0,0,0,175,2026-02-06 09:48:49.345341
WNTR,22.57,22.57,22.7,2431200.0,2429500.0,0,0,0,0,0,0,0,0,0,0,0,0,0,0,0,0,0,0,0,0,0,0,0,0,0,0,175,2026-02-06 09:48:49.345341
SPNG,23.24,23.66,23.88,2400500.0,2263600.0,0,0,0,0,0,0,0,0,0,0,0,0,0,0,0,0,0,0,0,0,0,0,0,0,0,0,176,2026-02-06 09:48:50.381911
SMMR,23.34,23.14,23.34,2389500.0,2322100.0,0,0,0,0,0,0,0,0,0,0,0,0,0,0,0,0,0,0,0,0,0,0,0,0,0,0,176,2026-02-06 09:48:50.381911
ATMN,24.97,25.44,25.55,2332200.0,2064100.0,0,0,0,0,0,0,0,0,0,0,0,0,0,0,0,0,0,0,0,0,0,0,0,0,0,0,176,2026-02-06 09:48:50.381911
WNTR,22.55,22.55,22.7,2457000.0,2407100.0,0,0,0,0,0,0,0,0,0,0,0,0,0,0,0,0,0,0,0,0,0,0,0,0,0,0,176,2026-02-06 09:48:50.381911
SPNG,23.88,23.23,23.88,2415100.0,2263600.0,0,0,0,0,0,0,0,0,0,0,0,0,0,0,0,0,0,0,0,0,0,0,0,0,0,0,177,2026-02-06 09:48:50.993521
SMMR,23.34,23.35,23.39,2398600.0,2360000.0,0,0,0,0,0,0,0,0,0,0,0,0,0,0,0,0,0,0,0,0,0,0,0,0,0,0,177,2026-02-06 09:48:50.993521
ATMN,24.97,25.44,25.55,2332200.0,2061200.0,0,0,0,0,0,0,0,0,0,0,0,0,0,0,0,0,0,0,0,0,0,0,0,0,0,0,177,2026-02-06 09:48:50.993521
WNTR,22.55,22.55,22.67,2485300.0,2419400.0,0,0,0,0,0,0,0,0,0,0,0,0,0,0,0,0,0,0,0,0,0,0,0,0,0,0,177,2026-02-06 09:48:50.993521
SPNG,23.88,23.3,23.67,2370200.0,2223300.0,0,0,0,0,0,0,0,0,0,0,0,0,0,0,0,0,0,0,0,0,0,0,0,0,0,0,178,2026-02-06 09:48:52.057805
SMMR,23.39,23.35,23.38,2398600.0,2362400.0,0,0,0,0,0,0,0,0,0,0,0,0,0,0,0,0,0,0,0,0,0,0,0,0,0,0,178,2026-02-06 09:48:52.057805
ATMN,24.97,25.44,25.54,2332200.0,2107800.0,0,0,0,0,0,0,0,0,0,0,0,0,0,0,0,0,0,0,0,0,0,0,0,0,0,0,178,2026-02-06 09:48:52.057805
WNTR,22.66,22.63,22.66,2482600.0,2418900.0,0,0,0,0,0,0,0,0,0,0,0,0,0,0,0,0,0,0,0,0,0,0,0,0,0,0,178,2026-02-06 09:48:52.057805
SPNG,23.88,23.3,23.67,2390400.0,2223300.0,0,0,0,0,0,0,0,0,0,0,0,0,0,0,0,0,0,0,0,0,0,0,0,0,0,0,179,2026-02-06 09:48:53.098572
SMMR,23.17,23.23,23.38,2392700.0,2386600.0,0,0,0,0,0,0,0,0,0,0,0,0,0,0,0,0,0,0,0,0,0,0,0,0,0,0,179,2026-02-06 09:48:53.098572
ATMN,24.97,25.44,25.48,2332200.0,2099300.0,0,0,0,0,0,0,0,0,0,0,0,0,0,0,0,0,0,0,0,0,0,0,0,0,0,0,179,2026-02-06 09:48:53.098572
WNTR,22.63,22.63,22.7,2482600.0,2407100.0,0,0,0,0,0,0,0,0,0,0,0,0,0,0,0,0,0,0,0,0,0,0,0,0,0,0,179,2026-02-06 09:48:53.098572
SPNG,23.88,25.34,0.0,200000.0,,0,0,0,0,0,0,0,0,0,0,0,0,0,0,0,0,0,0,0,0,0,0,0,0,0,0,180,2026-02-06 09:48:54.151122
SMMR,23.37,25.31,0.0,200000.0,,0,0,0,0,0,0,0,0,0,0,0,0,0,0,0,0,0,0,0,0,0,0,0,0,0,0,180,2026-02-06 09:48:54.151122
ATMN,25.44,24.58,25.04,972600.0,818000.0,0,0,0,0,0,0,0,0,0,0,0,0,0,0,0,0,0,0,0,0,0,0,0,0,0,0,180,2026-02-06 09:48:54.151122
WNTR,22.69,24.31,0.0,200000.0,,0,0,0,0,0,0,0,0,0,0,0,0,0,0,0,0,0,0,0,0,0,0,0,0,0,0,180,2026-02-06 09:48:54.151122
SPNG,25.34,25.34,25.48,968500.0,985900.0,0,0,0,0,0,0,0,0,0,0,0,0,0,0,0,0,0,0,0,0,0,0,0,0,0,0,181,2026-02-06 09:48:55.206271
SMMR,25.31,24.97,25.04,1223500.0,926000.0,0,0,0,0,0,0,0,0,0,0,0,0,0,0,0,0,0,0,0,0,0,0,0,0,0,0,181,2026-02-06 09:48:55.206271
ATMN,24.36,24.36,24.86,993600.0,919000.0,0,0,0,0,0,0,0,0,0,0,0,0,0,0,0,0,0,0,0,0,0,0,0,0,0,0,181,2026-02-06 09:48:55.206271
WNTR,23.68,23.68,24.26,1058900.0,864500.0,0,0,0,0,0,0,0,0,0,0,0,0,0,0,0,0,0,0,0,0,0,0,0,0,0,0,181,2026-02-06 09:48:55.206271
SPNG,25.28,25.28,25.48,994300.0,1131200.0,0,0,0,0,0,0,0,0,0,0,0,0,0,0,0,0,0,0,0,0,0,0,0,0,0,0,182,2026-02-06 09:48:56.300718
SMMR,25.31,25.01,25.04,1687100.0,926000.0,0,0,0,0,0,0,0,0,0,0,0,0,0,0,0,0,0,0,0,0,0,0,0,0,0,0,182,2026-02-06 09:48:56.300718
ATMN,24.36,24.36,24.41,993600.0,1342300.0,0,0,0,0,0,0,0,0,0,0,0,0,0,0,0,0,0,0,0,0,0,0,0,0,0,0,182,2026-02-06 09:48:56.300718
WNTR,23.68,24.21,24.26,1486600.0,864500.0,0,0,0,0,0,0,0,0,0,0,0,0,0,0,0,0,0,0,0,0,0,0,0,0,0,0,182,2026-02-06 09:48:56.300718
SPNG,25.39,25.39,25.48,1215500.0,1245500.0,0,0,0,0,0,0,0,0,0,0,0,0,0,0,0,0,0,0,0,0,0,0,0,0,0,0,183,2026-02-06 09:48:57.362869
SMMR,25.11,25.04,25.11,1905600.0,912400.0,0,0,0,0,0,0,0,0,0,0,0,0,0,0,0,0,0,0,0,0,0,0,0,0,0,0,183,2026-02-06 09:48:57.362869
ATMN,24.13,24.13,24.41,1152800.0,1456600.0,0,0,0,0,0,0,0,0,0,0,0,0,0,0,0,0,0,0,0,0,0,0,0,0,0,0,183,2026-02-06 09:48:57.362869
WNTR,24.26,24.23,24.26,1710500.0,994700.0,0,0,0,0,0,0,0,0,0,0,0,0,0,0,0,0,0,0,0,0,0,0,0,0,0,0,183,2026-02-06 09:48:57.362869
SPNG,25.2,25.2,25.45,1082500.0,1361600.0,0,0,0,0,0,0,0,0,0,0,0,0,0,0,0,0,0,0,0,0,0,0,0,0,0,0,184,2026-02-06 09:48:58.420920
SMMR,25.11,25.06,25.11,2221400.0,912400.0,0,0,0,0,0,0,0,0,0,0,0,0,0,0,0,0,0,0,0,0,0,0,0,0,0,0,184,2026-02-06 09:48:58.420920
ATMN,24.48,24.34,24.48,1284800.0,1470500.0,0,0,0,0,0,0,0,0,0,0,0,0,0,0,0,0,0,0,0,0,0,0,0,0,0,0,184,2026-02-06 09:48:58.420920
WNTR,24.26,24.45,24.5,1924200.0,971600.0,0,0,0,0,0,0,0,0,0,0,0,0,0,0,0,0,0,0,0,0,0,0,0,0,0,0,184,2026-02-06 09:48:58.420920
SPNG,25.45,25.2,25.27,1211400.0,1461200.0,0,0,0,0,0,0,0,0,0,0,0,0,0,0,0,0,0,0,0,0,0,0,0,0,0,0,185,2026-02-06 09:48:59.477008
SMMR,25.13,25.06,25.13,2274100.0,878600.0,0,0,0,0,0,0,0,0,0,0,0,0,0,0,0,0,0,0,0,0,0,0,0,0,0,0,185,2026-02-06 09:48:59.477008
ATMN,24.48,24.34,24.48,1403500.0,1774100.0,0,0,0,0,0,0,0,0,0,0,0,0,0,0,0,0,0,0,0,0,0,0,0,0,0,0,185,2026-02-06 09:48:59.477008
WNTR,24.5,24.23,24.5,1710500.0,971600.0,0,0,0,0,0,0,0,0,0,0,0,0,0,0,0,0,0,0,0,0,0,0,0,0,0,0,185,2026-02-06 09:48:59.477008
SPNG,25.45,25.2,25.27,1611800.0,1461200.0,0,0,0,0,0,0,0,0,0,0,0,0,0,0,0,0,0,0,0,0,0,0,0,0,0,0,186,2026-02-06 09:49:00.046135
SMMR,25.18,25.27,25.49,2289700.0,1025000.0,0,0,0,0,0,0,0,0,0,0,0,0,0,0,0,0,0,0,0,0,0,0,0,0,0,0,186,2026-02-06 09:49:00.046135
ATMN,24.48,24.34,24.48,1403500.0,1986100.0,0,0,0,0,0,0,0,0,0,0,0,0,0,0,0,0,0,0,0,0,0,0,0,0,0,0,186,2026-02-06 09:49:00.046135
WNTR,24.5,24.23,24.5,1930300.0,971600.0,0,0,0,0,0,0,0,0,0,0,0,0,0,0,0,0,0,0,0,0,0,0,0,0,0,0,186,2026-02-06 09:49:00.046135
SPNG,25.48,25.2,25.48,1740200.0,1245500.0,0,0,0,0,0,0,0,0,0,0,0,0,0,0,0,0,0,0,0,0,0,0,0,0,0,0,187,2026-02-06 09:49:01.098561
SMMR,25.49,25.27,25.38,2289700.0,1154700.0,0,0,0,0,0,0,0,0,0,0,0,0,0,0,0,0,0,0,0,0,0,0,0,0,0,0,187,2026-02-06 09:49:01.098561
ATMN,24.48,24.34,24.48,1635300.0,2091700.0,0,0,0,0,0,0,0,0,0,0,0,0,0,0,0,0,0,0,0,0,0,0,0,0,0,0,187,2026-02-06 09:49:01.098561
WNTR,24.21,24.21,24.5,1928400.0,1173200.0,0,0,0,0,0,0,0,0,0,0,0,0,0,0,0,0,0,0,0,0,0,0,0,0,0,0,187,2026-02-06 09:49:01.098561
SPNG,25.23,25.48,25.68,1830200.0,1249600.0,0,0,0,0,0,0,0,0,0,0,0,0,0,0,0,0,0,0,0,0,0,0,0,0,0,0,188,2026-02-06 09:49:02.202795
SMMR,25.38,25.3,25.38,2262300.0,1393100.0,0,0,0,0,0,0,0,0,0,0,0,0,0,0,0,0,0,0,0,0,0,0,0,0,0,0,188,2026-02-06 09:49:02.202795
ATMN,24.39,24.34,24.39,1753600.0,2128000.0,0,0,0,0,0,0,0,0,0,0,0,0,0,0,0,0,0,0,0,0,0,0,0,0,0,0,188,2026-02-06 09:49:02.202795
WNTR,24.51,24.21,24.51,2031300.0,1142600.0,0,0,0,0,0,0,0,0,0,0,0,0,0,0,0,0,0,0,0,0,0,0,0,0,0,0,188,2026-02-06 09:49:02.202795
SPNG,25.2,25.2,25.43,1740200.0,1476800.0,0,0,0,0,0,0,0,0,0,0,0,0,0,0,0,0,0,0,0,0,0,0,0,0,0,0,189,2026-02-06 09:49:03.253780
SMMR,25.27,25.27,25.35,2289700.0,1628000.0,0,0,0,0,0,0,0,0,0,0,0,0,0,0,0,0,0,0,0,0,0,0,0,0,0,0,189,2026-02-06 09:49:03.253780
ATMN,24.34,24.13,24.26,1766100.0,2124600.0,0,0,0,0,0,0,0,0,0,0,0,0,0,0,0,0,0,0,0,0,0,0,0,0,0,0,189,2026-02-06 09:49:03.253780
WNTR,24.44,24.21,24.26,2031300.0,1353000.0,0,0,0,0,0,0,0,0,0,0,0,0,0,0,0,0,0,0,0,0,0,0,0,0,0,0,189,2026-02-06 09:49:03.253780
SPNG,25.68,24.99,25.68,1529700.0,1249600.0,0,0,0,0,0,0,0,0,0,0,0,0,0,0,0,0,0,0,0,0,0,0,0,0,0,0,190,2026-02-06 09:49:04.317787
SMMR,25.27,25.32,25.35,2263700.0,1628000.0,0,0,0,0,0,0,0,0,0,0,0,0,0,0,0,0,0,0,0,0,0,0,0,0,0,0,190,2026-02-06 09:49:04.317787
ATMN,24.39,24.47,24.48,1996800.0,2118600.0,0,0,0,0,0,0,0,0,0,0,0,0,0,0,0,0,0,0,0,0,0,0,0,0,0,0,190,2026-02-06 09:49:04.317787
WNTR,24.51,24.21,24.51,2228500.0,1354500.0,0,0,0,0,0,0,0,0,0,0,0,0,0,0,0,0,0,0,0,0,0,0,0,0,0,0,190,2026-02-06 09:49:04.317787
SPNG,25.52,24.99,25.18,1626000.0,1343800.0,0,0,0,0,0,0,0,0,0,0,0,0,0,0,0,0,0,0,0,0,0,0,0,0,0,0,191,2026-02-06 09:49:05.369414
SMMR,25.32,25.32,25.49,2263700.0,1267200.0,0,0,0,0,0,0,0,0,0,0,0,0,0,0,0,0,0,0,0,0,0,0,0,0,0,0,191,2026-02-06 09:49:05.369414
ATMN,24.54,24.47,24.54,1996800.0,2089800.0,0,0,0,0,0,0,0,0,0,0,0,0,0,0,0,0,0,0,0,0,0,0,0,0,0,0,191,2026-02-06 09:49:05.369414
WNTR,24.5,24.5,24.51,2231500.0,1458000.0,0,0,0,0,0,0,0,0,0,0,0,0,0,0,0,0,0,0,0,0,0,0,0,0,0,0,191,2026-02-06 09:49:05.369414
SPNG,25.18,25.47,25.68,1835700.0,1366600.0,0,0,0,0,0,0,0,0,0,0,0,0,0,0,0,0,0,0,0,0,0,0,0,0,0,0,192,2026-02-06 09:49:06.411898
SMMR,25.27,25.4,25.47,2269500.0,1365300.0,0,0,0,0,0,0,0,0,0,0,0,0,0,0,0,0,0,0,0,0,0,0,0,0,0,0,192,2026-02-06 09:49:06.411898
ATMN,24.33,24.13,24.33,1983000.0,2118800.0,0,0,0,0,0,0,0,0,0,0,0,0,0,0,0,0,0,0,0,0,0,0,0,0,0,0,192,2026-02-06 09:49:06.411898
WNTR,24.5,24.5,24.51,2190800.0,1681200.0,0,0,0,0,0,0,0,0,0,0,0,0,0,0,0,0,0,0,0,0,0,0,0,0,0,0,192,2026-02-06 09:49:06.411898
SPNG,24.99,24.99,25.68,1745400.0,1366600.0,0,0,0,0,0,0,0,0,0,0,0,0,0,0,0,0,0,0,0,0,0,0,0,0,0,0,193,2026-02-06 09:49:07.458528
SMMR,25.24,25.24,25.4,2269200.0,1575400.0,0,0,0,0,0,0,0,0,0,0,0,0,0,0,0,0,0,0,0,0,0,0,0,0,0,0,193,2026-02-06 09:49:07.458528
ATMN,24.5,24.35,24.46,2082800.0,2130700.0,0,0,0,0,0,0,0,0,0,0,0,0,0,0,0,0,0,0,0,0,0,0,0,0,0,0,193,2026-02-06 09:49:07.458528
WNTR,24.51,24.24,24.51,2168800.0,1681200.0,0,0,0,0,0,0,0,0,0,0,0,0,0,0,0,0,0,0,0,0,0,0,0,0,0,0,193,2026-02-06 09:49:07.458528
SPNG,24.99,25.5,25.54,1974300.0,1575600.0,0,0,0,0,0,0,0,0,0,0,0,0,0,0,0,0,0,0,0,0,0,0,0,0,0,0,194,2026-02-06 09:49:08.510421
SMMR,25.24,25.35,25.4,2232500.0,1779900.0,0,0,0,0,0,0,0,0,0,0,0,0,0,0,0,0,0,0,0,0,0,0,0,0,0,0,194,2026-02-06 09:49:08.510421
ATMN,24.54,24.35,24.54,2279500.0,2060700.0,0,0,0,0,0,0,0,0,0,0,0,0,0,0,0,0,0,0,0,0,0,0,0,0,0,0,194,2026-02-06 09:49:08.510421
WNTR,24.55,24.24,24.36,2168800.0,1714800.0,0,0,0,0,0,0,0,0,0,0,0,0,0,0,0,0,0,0,0,0,0,0,0,0,0,0,194,2026-02-06 09:49:08.510421
SPNG,25.54,25.5,25.54,1974300.0,1575600.0,0,0,0,0,0,0,0,0,0,0,0,0,0,0,0,0,0,0,0,0,0,0,0,0,0,0,195,2026-02-06 09:49:09.160096
SMMR,25.35,25.35,25.4,2232500.0,1871600.0,0,0,0,0,0,0,0,0,0,0,0,0,0,0,0,0,0,0,0,0,0,0,0,0,0,0,195,2026-02-06 09:49:09.160096
ATMN,24.54,24.35,24.54,2383300.0,2060700.0,0,0,0,0,0,0,0,0,0,0,0,0,0,0,0,0,0,0,0,0,0,0,0,0,0,0,195,2026-02-06 09:49:09.160096
WNTR,24.24,24.24,24.36,2168800.0,1831300.0,0,0,0,0,0,0,0,0,0,0,0,0,0,0,0,0,0,0,0,0,0,0,0,0,0,0,195,2026-02-06 09:49:09.160096
SPNG,25.54,25.5,25.54,2089300.0,1883200.0,0,0,0,0,0,0,0,0,0,0,0,0,0,0,0,0,0,0,0,0,0,0,0,0,0,0,196,2026-02-06 09:49:10.213750
SMMR,25.35,25.35,25.4,2204700.0,1973900.0,0,0,0,0,0,0,0,0,0,0,0,0,0,0,0,0,0,0,0,0,0,0,0,0,0,0,196,2026-02-06 09:49:10.213750
ATMN,24.67,24.17,24.67,2387100.0,1970000.0,0,0,0,0,0,0,0,0,0,0,0,0,0,0,0,0,0,0,0,0,0,0,0,0,0,0,196,2026-02-06 09:49:10.213750
WNTR,24.21,24.27,24.36,2168200.0,1935100.0,0,0,0,0,0,0,0,0,0,0,0,0,0,0,0,0,0,0,0,0,0,0,0,0,0,0,196,2026-02-06 09:49:10.213750
SPNG,25.41,24.99,25.13,1864600.0,2042600.0,0,0,0,0,0,0,0,0,0,0,0,0,0,0,0,0,0,0,0,0,0,0,0,0,0,0,197,2026-02-06 09:49:11.253316
SMMR,25.35,25.3,25.32,2221900.0,2180500.0,0,0,0,0,0,0,0,0,0,0,0,0,0,0,0,0,0,0,0,0,0,0,0,0,0,0,197,2026-02-06 09:49:11.253316
ATMN,24.4,24.17,24.4,2387100.0,2102000.0,0,0,0,0,0,0,0,0,0,0,0,0,0,0,0,0,0,0,0,0,0,0,0,0,0,0,197,2026-02-06 09:49:11.253316
WNTR,24.21,24.27,24.31,2168200.0,2149500.0,0,0,0,0,0,0,0,0,0,0,0,0,0,0,0,0,0,0,0,0,0,0,0,0,0,0,197,2026-02-06 09:49:11.253316
SPNG,25.41,25.04,25.13,2303000.0,2042600.0,0,0,0,0,0,0,0,0,0,0,0,0,0,0,0,0,0,0,0,0,0,0,0,0,0,0,198,2026-02-06 09:49:12.296097
SMMR,25.33,25.3,25.33,2228400.0,2187600.0,0,0,0,0,0,0,0,0,0,0,0,0,0,0,0,0,0,0,0,0,0,0,0,0,0,0,198,2026-02-06 09:49:12.296097
ATMN,24.4,24.3,24.4,2301100.0,2102000.0,0,0,0,0,0,0,0,0,0,0,0,0,0,0,0,0,0,0,0,0,0,0,0,0,0,0,198,2026-02-06 09:49:12.296097
WNTR,24.36,24.27,24.3,2168200.0,2205400.0,0,0,0,0,0,0,0,0,0,0,0,0,0,0,0,0,0,0,0,0,0,0,0,0,0,0,198,2026-02-06 09:49:12.296097
