ticker,last_price,bid_price,ask_price,BUY_ANON,SELL_ANON,BUY_GIOT-3,SELL_WRSW-3,BUY_LUIS-1,SELL_UOTB-2,SELL_BRCH-3,BUY_LAVL-1,BUY_BRCH-3,BUY_UEBR-1,SELL_BABS-4,SELL_LETH-1,BUY_UOTB-1,BUY_UOTB-2,SELL_LUIS-1,SELL_COLA-3,SELL_CNCD-1,BUY_CNCD-1,BUY_COLA-1,SELL_UOTB-3,SELL_NAIT-1,BUY_LETH-1,BUY_WRSW-2,SELL_WRSW-1,BUY_CNCD-5,SELL_COLB-2,SELL_COLA-1,BUY_NAIT-1,BUY_WRSW-1,SELL_BRCH-1,BUY_BRCH-2,SELL_UOTB-1,BUY_COLA-3,SELL_LAVL-1,BUY_WRSW-3,BUY_BRCH-1,SELL_UEBR-1,SELL_GIOT-3,BUY_UOTB-3,BUY_BABS-4,BUY_CAMN-1,SELL_CNCD-5,BUY_COLB-2,SELL_WRSW-2,SELL_CAMN-1,SELL_BRCH-2,tick,timestamp
SPNG,0.0,0.0,0.0,2045700.0,1725200.0,0,0,0,0,0,0,0,0,0,0,0,0,0,0,0,0,0,0,0,0,0,0,0,0,0,0,0,0,0,0,0,0,0,0,0,0,0,0,0,0,0,0,0,0,0,2026-02-05 23:04:02.308042
SMMR,0.0,0.0,0.0,2305300.0,1854900.0,0,0,0,0,0,0,0,0,0,0,0,0,0,0,0,0,0,0,0,0,0,0,0,0,0,0,0,0,0,0,0,0,0,0,0,0,0,0,0,0,0,0,0,0,0,2026-02-05 23:04:02.308042
ATMN,0.0,0.0,0.0,2104700.0,1602800.0,0,0,0,0,0,0,0,0,0,0,0,0,0,0,0,0,0,0,0,0,0,0,0,0,0,0,0,0,0,0,0,0,0,0,0,0,0,0,0,0,0,0,0,0,0,2026-02-05 23:04:02.308042
WNTR,0.0,0.0,0.0,1918100.0,2252200.0,0,0,0,0,0,0,0,0,0,0,0,0,0,0,0,0,0,0,0,0,0,0,0,0,0,0,0,0,0,0,0,0,0,0,0,0,0,0,0,0,0,0,0,0,0,2026-02-05 23:04:02.308042
SPNG,24.91,25.0,0.0,2070000.0,1832400.0,0,0,0,0,0,0,0,0,0,0,0,0,0,0,0,0,0,0,0,0,0,0,0,0,0,0,0,0,0,0,0,0,0,0,0,0,0,0,0,0,0,0,0,0,1,2026-02-05 23:04:02.993145,2.0,1.0,1.0,,Aggregate Position Limit,Your CRO has set the aggregate position limit to 14000 shares for this week.
SMMR,24.91,24.75,24.81,2305300.0,1979800.0,0,0,0,0,0,0,0,0,0,0,0,0,0,0,0,0,0,0,0,0,0,0,0,0,0,0,0,0,0,0,0,0,0,0,0,0,0,0,0,0,0,0,0,0,1,2026-02-05 23:04:02.993145,1.0,1.0,1.0,,Welcome to the RITC 2026 Alogithmic Market Making Case - practice server,
ATMN,0.0,0.0,0.0,2104700.0,1778400.0,0,0,0,0,0,0,0,0,0,0,0,0,0,0,0,0,0,0,0,0,0,0,0,0,0,0,0,0,0,0,0,0,0,0,0,0,0,0,0,0,0,0,0,0,1,2026-02-05 23:04:02.993145,,,,,,
WNTR,24.9,24.9,25.1,1821400.0,2272700.0,0,0,0,0,0,0,0,0,0,0,0,0,0,0,0,0,0,0,0,0,0,0,0,0,0,0,0,0,0,0,0,0,0,0,0,0,0,0,0,0,0,0,0,0,1,2026-02-05 23:04:02.993145,,,,,,
SPNG,24.95,24.95,25.02,2048700.0,1933500.0,100.0,,0,0,0,0,0,0,0,0,0,0,0,0,0,0,0,0,0,0,0,0,0,0,0,0,0,0,0,0,0,0,0,0,0,0,0,0,0,0,0,0,0,0,2,2026-02-05 23:04:04.064498
SMMR,24.98,24.76,24.92,2211600.0,2067200.0,,9777.0,0,0,0,0,0,0,0,0,0,0,0,0,0,0,0,0,0,0,0,0,0,0,0,0,0,0,0,0,0,0,0,0,0,0,0,0,0,0,0,0,0,0,2,2026-02-05 23:04:04.064498
ATMN,24.9,24.9,25.04,2114000.0,1894300.0,9555.0,,0,0,0,0,0,0,0,0,0,0,0,0,0,0,0,0,0,0,0,0,0,0,0,0,0,0,0,0,0,0,0,0,0,0,0,0,0,0,0,0,0,0,2,2026-02-05 23:04:04.064498
WNTR,25.1,24.91,24.97,1821400.0,2245700.0,,8500.0,0,0,0,0,0,0,0,0,0,0,0,0,0,0,0,0,0,0,0,0,0,0,0,0,0,0,0,0,0,0,0,0,0,0,0,0,0,0,0,0,0,0,2,2026-02-05 23:04:04.064498
SPNG,25.05,24.96,25.04,2000.0,1952500.0,2000.0,1940700.0,,0,0,0,0,0,0,0,0,0,0,0,0,0,0,0,0,0,0,0,0,0,0,0,0,0,0,0,0,0,0,0,0,0,0,0,0,0,0,0,0,0,3,2026-02-05 23:04:05.154899
SMMR,24.98,24.75,24.86,,2305300.0,,2156000.0,,0,0,0,0,0,0,0,0,0,0,0,0,0,0,0,0,0,0,0,0,0,0,0,0,0,0,0,0,0,0,0,0,0,0,0,0,0,0,0,0,0,3,2026-02-05 23:04:05.154899
ATMN,25.12,24.9,25.12,,2062800.0,,1799500.0,,0,0,0,0,0,0,0,0,0,0,0,0,0,0,0,0,0,0,0,0,0,0,0,0,0,0,0,0,0,0,0,0,0,0,0,0,0,0,0,0,0,3,2026-02-05 23:04:05.154899
WNTR,24.9,24.91,25.1,,1917200.0,,2257600.0,8500.0,0,0,0,0,0,0,0,0,0,0,0,0,0,0,0,0,0,0,0,0,0,0,0,0,0,0,0,0,0,0,0,0,0,0,0,0,0,0,0,0,0,3,2026-02-05 23:04:05.154899
SPNG,24.91,24.91,25.04,2062800.0,6200.0,100.0,1535700.0,,,,,,0,0,0,0,0,0,0,0,0,0,0,0,0,0,0,0,0,0,0,0,0,0,0,0,0,0,0,0,0,0,0,0,0,0,0,0,0,4,2026-02-05 23:04:06.264292
SMMR,24.97,24.97,25.06,1610300.0,,,2056200.0,5000.0,9777.0,6200.0,,,0,0,0,0,0,0,0,0,0,0,0,0,0,0,0,0,0,0,0,0,0,0,0,0,0,0,0,0,0,0,0,0,0,0,0,0,0,4,2026-02-05 23:04:06.264292
ATMN,24.98,24.93,24.98,1584700.0,6200.0,,1552400.0,4000.0,,6200.0,,,0,0,0,0,0,0,0,0,0,0,0,0,0,0,0,0,0,0,0,0,0,0,0,0,0,0,0,0,0,0,0,0,0,0,0,0,0,4,2026-02-05 23:04:06.264292
WNTR,25.16,24.97,25.09,1571500.0,3700.0,,1909400.0,4000.0,8500.0,3700.0,1500.0,1500.0,0,0,0,0,0,0,0,0,0,0,0,0,0,0,0,0,0,0,0,0,0,0,0,0,0,0,0,0,0,0,0,0,0,0,0,0,0,4,2026-02-05 23:04:06.264292
SPNG,24.88,24.88,25.01,2056300.0,4000.0,100.0,1414000.0,5104.0,,,,,,0,0,0,0,0,0,0,0,0,0,0,0,0,0,0,0,0,0,0,0,0,0,0,0,0,0,0,0,0,0,0,0,0,0,0,0,5,2026-02-05 23:04:07.344423
SMMR,25.06,25.02,25.05,1488100.0,,,1815500.0,4193.0,19777.0,5098.0,5000.0,,,0,0,0,0,0,0,0,0,0,0,0,0,0,0,0,0,0,0,0,0,0,0,0,0,0,0,0,0,0,0,0,0,0,0,0,0,5,2026-02-05 23:04:07.344423
ATMN,25.14,25.16,25.25,1543100.0,,,1614900.0,,,6200.0,4000.0,,,0,0,0,0,0,0,0,0,0,0,0,0,0,0,0,0,0,0,0,0,0,0,0,0,0,0,0,0,0,0,0,0,0,0,0,0,5,2026-02-05 23:04:07.344423
WNTR,25.16,25.0,25.07,1368800.0,,4500.0,1587100.0,6200.0,8500.0,6200.0,4000.0,1500.0,1500.0,0,0,0,0,0,0,0,0,0,0,0,0,0,0,0,0,0,0,0,0,0,0,0,0,0,0,0,0,0,0,0,0,0,0,0,0,5,2026-02-05 23:04:07.344423
SPNG,25.01,25.01,25.02,1645600.0,100.0,1668.0,1500.0,898.0,1909000.0,,,,0,0,0,0,0,0,0,0,0,0,0,0,0,0,0,0,0,0,0,0,0,0,0,0,0,0,0,0,0,0,0,0,0,0,0,0,0,6,2026-02-05 23:04:08.410949
SMMR,24.96,24.94,24.96,1974600.0,,4609.0,,3022.0,1944500.0,9725.0,,,0,0,0,0,0,0,0,0,0,0,0,0,0,0,0,0,0,0,0,0,0,0,0,0,0,0,0,0,0,0,0,0,0,0,0,0,0,6,2026-02-05 23:04:08.410949
ATMN,24.9,24.89,24.9,1561400.0,6057.0,3600.0,,,1705000.0,1001.0,6000.0,6000.0,0,0,0,0,0,0,0,0,0,0,0,0,0,0,0,0,0,0,0,0,0,0,0,0,0,0,0,0,0,0,0,0,0,0,0,0,0,6,2026-02-05 23:04:08.410949
WNTR,24.94,24.99,25.0,1940900.0,,2500.0,,8700.0,1578100.0,,,,0,0,0,0,0,0,0,0,0,0,0,0,0,0,0,0,0,0,0,0,0,0,0,0,0,0,0,0,0,0,0,0,0,0,0,0,0,6,2026-02-05 23:04:08.410949
SPNG,25.12,25.01,25.02,1686100.0,200.0,6000.0,934.0,100.0,1896800.0,,,,0,0,0,0,0,0,0,0,0,0,0,0,0,0,0,0,0,0,0,0,0,0,0,0,0,0,0,0,0,0,0,0,0,0,0,0,0,7,2026-02-05 23:04:09.463175
SMMR,24.86,24.83,24.85,2214200.0,9697.0,,,16223.0,1509400.0,1500.0,5063.0,,0,0,0,0,0,0,0,0,0,0,0,0,0,0,0,0,0,0,0,0,0,0,0,0,0,0,0,0,0,0,0,0,0,0,0,0,0,7,2026-02-05 23:04:09.463175
ATMN,24.9,24.89,24.9,1367500.0,6157.0,6000.0,3934.0,8054.0,1614900.0,1500.0,,,0,0,0,0,0,0,0,0,0,0,0,0,0,0,0,0,0,0,0,0,0,0,0,0,0,0,0,0,0,0,0,0,0,0,0,0,0,7,2026-02-05 23:04:09.463175
WNTR,25.0,24.94,24.95,1685000.0,8430.0,4000.0,1100.0,8430.0,1458300.0,1500.0,7300.0,1500.0,0,0,0,0,0,0,0,0,0,0,0,0,0,0,0,0,0,0,0,0,0,0,0,0,0,0,0,0,0,0,0,0,0,0,0,0,0,7,2026-02-05 23:04:09.463175
SPNG,25.12,25.01,25.02,1391700.0,200.0,6000.0,4643.0,100.0,5365.0,1481500.0,,,0,0,0,0,0,0,0,0,0,0,0,0,0,0,0,0,0,0,0,0,0,0,0,0,0,0,0,0,0,0,0,0,0,0,0,0,0,8,2026-02-05 23:04:10.014417
SMMR,24.86,24.84,24.85,1944200.0,9697.0,5000.0,1751.0,16223.0,,2056900.0,,,0,0,0,0,0,0,0,0,0,0,0,0,0,0,0,0,0,0,0,0,0,0,0,0,0,0,0,0,0,0,0,0,0,0,0,0,0,8,2026-02-05 23:04:10.014417
ATMN,24.83,24.83,25.31,2072200.0,,,,,,1506200.0,1500.0,,0,0,0,0,0,0,0,0,0,0,0,0,0,0,0,0,0,0,0,0,0,0,0,0,0,0,0,0,0,0,0,0,0,0,0,0,0,8,2026-02-05 23:04:10.014417
WNTR,24.95,24.94,24.95,1810600.0,8430.0,4000.0,1100.0,8430.0,7300.0,1464600.0,,4000.0,0,0,0,0,0,0,0,0,0,0,0,0,0,0,0,0,0,0,0,0,0,0,0,0,0,0,0,0,0,0,0,0,0,0,0,0,0,8,2026-02-05 23:04:10.014417
SPNG,25.0,25.0,25.02,6000.0,4643.0,1500.0,1369200.0,100.0,200.0,5365.0,1389100.0,,0,0,0,0,0,0,0,0,0,0,0,0,0,0,0,0,0,0,0,0,0,0,0,0,0,0,0,0,0,0,0,0,0,0,0,0,0,9,2026-02-05 23:04:11.103326
SMMR,24.99,24.99,25.06,5000.0,5427.0,,1578300.0,9697.0,,,2165500.0,,0,0,0,0,0,0,0,0,0,0,0,0,0,0,0,0,0,0,0,0,0,0,0,0,0,0,0,0,0,0,0,0,0,0,0,0,0,9,2026-02-05 23:04:11.103326
ATMN,24.83,24.77,24.81,,,,2059800.0,,100.0,2296.0,1401500.0,4000.0,0,0,0,0,0,0,0,0,0,0,0,0,0,0,0,0,0,0,0,0,0,0,0,0,0,0,0,0,0,0,0,0,0,0,0,0,0,9,2026-02-05 23:04:11.103326
WNTR,24.99,24.94,24.99,4000.0,5293.0,,1262400.0,13046.0,8430.0,5953.0,1558100.0,,0,0,0,0,0,0,0,0,0,0,0,0,0,0,0,0,0,0,0,0,0,0,0,0,0,0,0,0,0,0,0,0,0,0,0,0,0,9,2026-02-05 23:04:11.103326
SPNG,24.83,24.85,24.97,2934.0,1646600.0,1500.0,4000.0,1833.0,4231.0,1496900.0,,,0,0,0,0,0,0,0,0,0,0,0,0,0,0,0,0,0,0,0,0,0,0,0,0,0,0,0,0,0,0,0,0,0,0,0,0,0,10,2026-02-05 23:04:12.174029
SMMR,25.03,24.99,25.03,5427.0,1675700.0,,,,,2274900.0,5000.0,,0,0,0,0,0,0,0,0,0,0,0,0,0,0,0,0,0,0,0,0,0,0,0,0,0,0,0,0,0,0,0,0,0,0,0,0,0,10,2026-02-05 23:04:12.174029
ATMN,24.81,24.78,24.81,4589.0,1477800.0,,,3753.0,3396.0,1496600.0,1995.0,7818.0,0,0,0,0,0,0,0,0,0,0,0,0,0,0,0,0,0,0,0,0,0,0,0,0,0,0,0,0,0,0,0,0,0,0,0,0,0,10,2026-02-05 23:04:12.174029
WNTR,24.99,24.97,24.99,6082.0,1252500.0,,,,9026.0,1426100.0,4000.0,10000.0,0,0,0,0,0,0,0,0,0,0,0,0,0,0,0,0,0,0,0,0,0,0,0,0,0,0,0,0,0,0,0,0,0,0,0,0,0,10,2026-02-05 23:04:12.174029
SPNG,24.85,24.85,24.96,1500.0,2415.0,1669000.0,1933.0,4000.0,5065.0,1310500.0,,,,0,0,0,0,0,0,0,0,0,0,0,0,0,0,0,0,0,0,0,0,0,0,0,0,0,0,0,0,0,0,0,0,0,0,0,0,11,2026-02-05 23:04:13.238994
SMMR,25.04,25.04,25.05,,5386.0,1605800.0,,,1885.0,2046600.0,9592.0,5000.0,,0,0,0,0,0,0,0,0,0,0,0,0,0,0,0,0,0,0,0,0,0,0,0,0,0,0,0,0,0,0,0,0,0,0,0,0,11,2026-02-05 23:04:13.238994
ATMN,24.92,24.85,25.17,1500.0,3922.0,1261800.0,,,,1704500.0,11884.0,1995.0,1500.0,0,0,0,0,0,0,0,0,0,0,0,0,0,0,0,0,0,0,0,0,0,0,0,0,0,0,0,0,0,0,0,0,0,0,0,0,11,2026-02-05 23:04:13.238994
WNTR,24.99,24.97,24.99,,,2051000.0,999.0,,3338.0,1774900.0,,4865.0,,0,0,0,0,0,0,0,0,0,0,0,0,0,0,0,0,0,0,0,0,0,0,0,0,0,0,0,0,0,0,0,0,0,0,0,0,11,2026-02-05 23:04:13.238994
SPNG,24.79,24.9,24.98,4000.0,1939800.0,798.0,1913600.0,,,,,0,0,0,0,0,0,0,0,0,0,0,0,0,0,0,0,0,0,0,0,0,0,0,0,0,0,0,0,0,0,0,0,0,0,0,0,0,0,12,2026-02-05 23:04:14.303642
SMMR,25.09,25.09,25.1,,2062500.0,684.0,2037900.0,8500.0,1500.0,,,0,0,0,0,0,0,0,0,0,0,0,0,0,0,0,0,0,0,0,0,0,0,0,0,0,0,0,0,0,0,0,0,0,0,0,0,0,0,12,2026-02-05 23:04:14.303642
ATMN,24.85,24.77,24.85,,2052900.0,1998.0,1682300.0,,,,,0,0,0,0,0,0,0,0,0,0,0,0,0,0,0,0,0,0,0,0,0,0,0,0,0,0,0,0,0,0,0,0,0,0,0,0,0,0,12,2026-02-05 23:04:14.303642
WNTR,25.01,25.01,25.02,4865.0,1630700.0,956.0,2069100.0,9724.0,,3855.0,7293.0,0,0,0,0,0,0,0,0,0,0,0,0,0,0,0,0,0,0,0,0,0,0,0,0,0,0,0,0,0,0,0,0,0,0,0,0,0,0,12,2026-02-05 23:04:14.303642
SPNG,24.55,24.55,25.01,2054000.0,830.0,1938800.0,,,,,,,0,0,0,0,0,0,0,0,0,0,0,0,0,0,0,0,0,0,0,0,0,0,0,0,0,0,0,0,0,0,0,0,0,0,0,0,0,13,2026-02-05 23:04:15.359671
SMMR,24.82,25.1,25.12,1689300.0,5394.0,1720800.0,18007.0,1500.0,2332.0,1508.0,,,0,0,0,0,0,0,0,0,0,0,0,0,0,0,0,0,0,0,0,0,0,0,0,0,0,0,0,0,0,0,0,0,0,0,0,0,0,13,2026-02-05 23:04:15.359671
ATMN,24.85,25.1,25.17,1946500.0,1998.0,1485600.0,,1500.0,,697.0,1500.0,,0,0,0,0,0,0,0,0,0,0,0,0,0,0,0,0,0,0,0,0,0,0,0,0,0,0,0,0,0,0,0,0,0,0,0,0,0,13,2026-02-05 23:04:15.359671
WNTR,25.01,25.01,25.02,1068200.0,956.0,1959600.0,14770.0,,8738.0,11230.0,,5000.0,0,0,0,0,0,0,0,0,0,0,0,0,0,0,0,0,0,0,0,0,0,0,0,0,0,0,0,0,0,0,0,0,0,0,0,0,0,13,2026-02-05 23:04:15.359671
SPNG,25.22,24.97,24.99,2297.0,1609000.0,1909.0,1500.0,1909.0,2915.0,1748600.0,,,0,0,0,0,0,0,0,0,0,0,0,0,0,0,0,0,0,0,0,0,0,0,0,0,0,0,0,0,0,0,0,0,0,0,0,0,0,14,2026-02-05 23:04:16.445333
SMMR,25.02,25.02,25.12,,2049800.0,8500.0,1500.0,1508.0,5394.0,1604600.0,5000.0,,0,0,0,0,0,0,0,0,0,0,0,0,0,0,0,0,0,0,0,0,0,0,0,0,0,0,0,0,0,0,0,0,0,0,0,0,0,14,2026-02-05 23:04:16.445333
ATMN,25.17,24.79,25.17,4567.0,1564600.0,9199.0,,697.0,,1875900.0,,,0,0,0,0,0,0,0,0,0,0,0,0,0,0,0,0,0,0,0,0,0,0,0,0,0,0,0,0,0,0,0,0,0,0,0,0,0,14,2026-02-05 23:04:16.445333
WNTR,25.01,25.01,25.02,6142.0,1415000.0,14770.0,,11230.0,6192.0,1477300.0,5000.0,5000.0,0,0,0,0,0,0,0,0,0,0,0,0,0,0,0,0,0,0,0,0,0,0,0,0,0,0,0,0,0,0,0,0,0,0,0,0,0,14,2026-02-05 23:04:16.445333
SPNG,24.53,24.69,24.99,1961100.0,1500.0,1909.0,4884.0,1539600.0,,,,,,0,0,0,0,0,0,0,0,0,0,0,0,0,0,0,0,0,0,0,0,0,0,0,0,0,0,0,0,0,0,0,0,0,0,0,0,15,2026-02-05 23:04:16.993078
SMMR,25.04,25.04,25.11,1704400.0,,1508.0,,1951900.0,5036.0,8500.0,1500.0,5000.0,,0,0,0,0,0,0,0,0,0,0,0,0,0,0,0,0,0,0,0,0,0,0,0,0,0,0,0,0,0,0,0,0,0,0,0,0,15,2026-02-05 23:04:16.993078
ATMN,25.17,24.8,25.14,1652200.0,,697.0,,1798000.0,2505.0,9199.0,1500.0,,4000.0,0,0,0,0,0,0,0,0,0,0,0,0,0,0,0,0,0,0,0,0,0,0,0,0,0,0,0,0,0,0,0,0,0,0,0,0,15,2026-02-05 23:04:16.993078
WNTR,25.01,25.01,25.02,1477900.0,,11230.0,6192.0,1476100.0,6142.0,5046.0,,5000.0,5000.0,0,0,0,0,0,0,0,0,0,0,0,0,0,0,0,0,0,0,0,0,0,0,0,0,0,0,0,0,0,0,0,0,0,0,0,0,15,2026-02-05 23:04:16.993078
SPNG,24.94,24.94,24.95,1344500.0,1500.0,4000.0,100.0,2848.0,2846.0,4000.0,1646600.0,,,0,0,0,0,0,0,0,0,0,0,0,0,0,0,0,0,0,0,0,0,0,0,0,0,0,0,0,0,0,0,0,0,0,0,0,0,16,2026-02-05 23:04:18.053784
SMMR,25.04,25.04,25.07,2294400.0,,,,,,5000.0,1966600.0,1500.0,2340.0,0,0,0,0,0,0,0,0,0,0,0,0,0,0,0,0,0,0,0,0,0,0,0,0,0,0,0,0,0,0,0,0,0,0,0,0,16,2026-02-05 23:04:18.053784
ATMN,25.32,24.77,25.32,1815900.0,1500.0,,,1031.0,,,1713700.0,,,0,0,0,0,0,0,0,0,0,0,0,0,0,0,0,0,0,0,0,0,0,0,0,0,0,0,0,0,0,0,0,0,0,0,0,0,16,2026-02-05 23:04:18.053784
WNTR,24.9,24.91,25.01,1970300.0,1500.0,,,,6690.0,5000.0,1370200.0,1500.0,9575.0,0,0,0,0,0,0,0,0,0,0,0,0,0,0,0,0,0,0,0,0,0,0,0,0,0,0,0,0,0,0,0,0,0,0,0,0,16,2026-02-05 23:04:18.053784
SPNG,24.69,24.7,25.25,1500.0,1934100.0,2021100.0,,,,,,,,0,0,0,0,0,0,0,0,0,0,0,0,0,0,0,0,0,0,0,0,0,0,0,0,0,0,0,0,0,0,0,0,0,0,0,0,17,2026-02-05 23:04:19.103301
SMMR,25.04,25.05,25.06,1500.0,1696200.0,1513800.0,3940.0,1883.0,1500.0,2340.0,5458.0,5000.0,,0,0,0,0,0,0,0,0,0,0,0,0,0,0,0,0,0,0,0,0,0,0,0,0,0,0,0,0,0,0,0,0,0,0,0,0,17,2026-02-05 23:04:19.103301
ATMN,25.32,25.0,25.06,1500.0,1454500.0,1487700.0,3553.0,9097.0,1500.0,5697.0,1379.0,,,0,0,0,0,0,0,0,0,0,0,0,0,0,0,0,0,0,0,0,0,0,0,0,0,0,0,0,0,0,0,0,0,0,0,0,0,17,2026-02-05 23:04:19.103301
WNTR,24.98,24.98,24.99,,1520800.0,1495300.0,4201.0,5046.0,,19096.0,4992.0,4000.0,730.0,0,0,0,0,0,0,0,0,0,0,0,0,0,0,0,0,0,0,0,0,0,0,0,0,0,0,0,0,0,0,0,0,0,0,0,0,17,2026-02-05 23:04:19.103301
SPNG,25.01,25.01,25.24,1923700.0,1500.0,5811.0,1627200.0,,,,,0,0,0,0,0,0,0,0,0,0,0,0,0,0,0,0,0,0,0,0,0,0,0,0,0,0,0,0,0,0,0,0,0,0,0,0,0,0,18,2026-02-05 23:04:20.157823
SMMR,24.99,24.95,24.96,2320600.0,,6898.0,1737100.0,4865.0,,,,0,0,0,0,0,0,0,0,0,0,0,0,0,0,0,0,0,0,0,0,0,0,0,0,0,0,0,0,0,0,0,0,0,0,0,0,0,0,18,2026-02-05 23:04:20.157823
ATMN,24.71,25.01,25.03,1801900.0,,2761.0,1637500.0,,1668.0,,,0,0,0,0,0,0,0,0,0,0,0,0,0,0,0,0,0,0,0,0,0,0,0,0,0,0,0,0,0,0,0,0,0,0,0,0,0,0,18,2026-02-05 23:04:20.157823
WNTR,24.98,24.98,24.99,1409800.0,,4992.0,1635400.0,4000.0,6709.0,730.0,465.0,0,0,0,0,0,0,0,0,0,0,0,0,0,0,0,0,0,0,0,0,0,0,0,0,0,0,0,0,0,0,0,0,0,0,0,0,0,0,18,2026-02-05 23:04:20.157823
SPNG,25.13,24.47,25.13,1500.0,1961800.0,1447100.0,3265.0,9821.0,4796.0,,,,0,0,0,0,0,0,0,0,0,0,0,0,0,0,0,0,0,0,0,0,0,0,0,0,0,0,0,0,0,0,0,0,0,0,0,0,0,19,2026-02-05 23:04:21.214515
SMMR,24.96,24.96,24.97,1500.0,1491100.0,1714200.0,4865.0,,3592.0,9884.0,4535.0,1500.0,0,0,0,0,0,0,0,0,0,0,0,0,0,0,0,0,0,0,0,0,0,0,0,0,0,0,0,0,0,0,0,0,0,0,0,0,0,19,2026-02-05 23:04:21.214515
ATMN,25.0,24.76,24.91,1500.0,1833000.0,1729100.0,730.0,,1089.0,,1476.0,1500.0,0,0,0,0,0,0,0,0,0,0,0,0,0,0,0,0,0,0,0,0,0,0,0,0,0,0,0,0,0,0,0,0,0,0,0,0,0,19,2026-02-05 23:04:21.214515
WNTR,24.93,24.91,24.92,,1624600.0,1537500.0,4000.0,9811.0,4992.0,5046.0,4201.0,,0,0,0,0,0,0,0,0,0,0,0,0,0,0,0,0,0,0,0,0,0,0,0,0,0,0,0,0,0,0,0,0,0,0,0,0,0,19,2026-02-05 23:04:21.214515
SPNG,25.2,24.51,25.01,1500.0,100.0,2810.0,1438000.0,740.0,9821.0,1832300.0,,0,0,0,0,0,0,0,0,0,0,0,0,0,0,0,0,0,0,0,0,0,0,0,0,0,0,0,0,0,0,0,0,0,0,0,0,0,0,20,2026-02-05 23:04:22.348805
SMMR,24.99,25.06,25.07,,9823.0,2263.0,1808900.0,,,2311100.0,,0,0,0,0,0,0,0,0,0,0,0,0,0,0,0,0,0,0,0,0,0,0,0,0,0,0,0,0,0,0,0,0,0,0,0,0,0,0,20,2026-02-05 23:04:22.348805
ATMN,25.0,24.88,24.9,,100.0,4574.0,1549900.0,3374.0,8931.0,1528300.0,,0,0,0,0,0,0,0,0,0,0,0,0,0,0,0,0,0,0,0,0,0,0,0,0,0,0,0,0,0,0,0,0,0,0,0,0,0,0,20,2026-02-05 23:04:22.348805
WNTR,24.9,24.89,24.9,1500.0,,,1979900.0,4992.0,19095.0,1411200.0,1500.0,0,0,0,0,0,0,0,0,0,0,0,0,0,0,0,0,0,0,0,0,0,0,0,0,0,0,0,0,0,0,0,0,0,0,0,0,0,0,20,2026-02-05 23:04:22.348805
SPNG,25.2,24.54,25.01,1500.0,2810.0,1545300.0,740.0,1912100.0,,,,,,0,0,0,0,0,0,0,0,0,0,0,0,0,0,0,0,0,0,0,0,0,0,0,0,0,0,0,0,0,0,0,0,0,0,0,0,21,2026-02-05 23:04:23.403987
SMMR,24.92,24.97,25.03,1500.0,2845.0,1711500.0,,2064400.0,730.0,4000.0,1500.0,,,0,0,0,0,0,0,0,0,0,0,0,0,0,0,0,0,0,0,0,0,0,0,0,0,0,0,0,0,0,0,0,0,0,0,0,0,21,2026-02-05 23:04:23.403987
ATMN,24.92,24.92,24.93,1500.0,4869.0,1564600.0,679.0,1827000.0,,,1500.0,,,0,0,0,0,0,0,0,0,0,0,0,0,0,0,0,0,0,0,0,0,0,0,0,0,0,0,0,0,0,0,0,0,0,0,0,0,21,2026-02-05 23:04:23.403987
WNTR,24.91,24.91,24.92,,1352.0,1874500.0,,1949800.0,,4000.0,1500.0,9220.0,9220.0,0,0,0,0,0,0,0,0,0,0,0,0,0,0,0,0,0,0,0,0,0,0,0,0,0,0,0,0,0,0,0,0,0,0,0,0,21,2026-02-05 23:04:23.403987
SPNG,25.27,24.86,25.27,1500.0,1462300.0,3657.0,3692.0,2028300.0,,,,,,0,0,0,0,0,0,0,0,0,0,0,0,0,0,0,0,0,0,0,0,0,0,0,0,0,0,0,0,0,0,0,0,0,0,0,0,22,2026-02-05 23:04:24.453614
SMMR,25.11,25.0,25.11,1500.0,1497900.0,923.0,5324.0,2292800.0,730.0,,,,,0,0,0,0,0,0,0,0,0,0,0,0,0,0,0,0,0,0,0,0,0,0,0,0,0,0,0,0,0,0,0,0,0,0,0,0,22,2026-02-05 23:04:24.453614
ATMN,25.02,24.9,25.0,,1685100.0,8810.0,2906.0,2022800.0,730.0,,,,,0,0,0,0,0,0,0,0,0,0,0,0,0,0,0,0,0,0,0,0,0,0,0,0,0,0,0,0,0,0,0,0,0,0,0,0,22,2026-02-05 23:04:24.453614
WNTR,24.86,24.87,24.89,,1639900.0,2051.0,2264.0,1617200.0,,19220.0,1500.0,5000.0,1510.0,0,0,0,0,0,0,0,0,0,0,0,0,0,0,0,0,0,0,0,0,0,0,0,0,0,0,0,0,0,0,0,0,0,0,0,0,22,2026-02-05 23:04:24.453614
SPNG,24.85,24.96,25.22,7360.0,1500.0,1462300.0,3465.0,6000.0,5631.0,1429600.0,100.0,,,0,0,0,0,0,0,0,0,0,0,0,0,0,0,0,0,0,0,0,0,0,0,0,0,0,0,0,0,0,0,0,0,0,0,0,0,23,2026-02-05 23:04:25.516267
SMMR,25.16,25.03,25.07,9807.0,1500.0,1602500.0,3289.0,,1588.0,1936300.0,6831.0,730.0,1500.0,0,0,0,0,0,0,0,0,0,0,0,0,0,0,0,0,0,0,0,0,0,0,0,0,0,0,0,0,0,0,0,0,0,0,0,0,23,2026-02-05 23:04:25.516267
ATMN,24.88,24.94,24.96,6905.0,1500.0,1878100.0,,,3000.0,1376400.0,8145.0,,1500.0,0,0,0,0,0,0,0,0,0,0,0,0,0,0,0,0,0,0,0,0,0,0,0,0,0,0,0,0,0,0,0,0,0,0,0,0,23,2026-02-05 23:04:25.516267
WNTR,24.87,24.87,24.89,9087.0,1500.0,1754300.0,961.0,,5354.0,1326700.0,9220.0,,1500.0,0,0,0,0,0,0,0,0,0,0,0,0,0,0,0,0,0,0,0,0,0,0,0,0,0,0,0,0,0,0,0,0,0,0,0,0,23,2026-02-05 23:04:25.516267
SPNG,24.43,24.43,25.22,2060500.0,6000.0,4632.0,1541200.0,100.0,,,,,,0,0,0,0,0,0,0,0,0,0,0,0,0,0,0,0,0,0,0,0,0,0,0,0,0,0,0,0,0,0,0,0,0,0,0,0,24,2026-02-05 23:04:26.087602
SMMR,25.17,25.03,25.17,1366300.0,,,2261000.0,,1500.0,9807.0,5783.0,730.0,,0,0,0,0,0,0,0,0,0,0,0,0,0,0,0,0,0,0,0,0,0,0,0,0,0,0,0,0,0,0,0,0,0,0,0,0,24,2026-02-05 23:04:26.087602
ATMN,24.98,24.71,24.98,2034100.0,,1681.0,1635800.0,8045.0,,,,,,0,0,0,0,0,0,0,0,0,0,0,0,0,0,0,0,0,0,0,0,0,0,0,0,0,0,0,0,0,0,0,0,0,0,0,0,24,2026-02-05 23:04:26.087602
WNTR,24.83,24.83,24.88,1712600.0,5000.0,5354.0,1232000.0,9220.0,,,1911.0,,1500.0,0,0,0,0,0,0,0,0,0,0,0,0,0,0,0,0,0,0,0,0,0,0,0,0,0,0,0,0,0,0,0,0,0,0,0,0,24,2026-02-05 23:04:26.087602
SPNG,24.94,24.49,24.74,1788.0,1955200.0,1488300.0,1000.0,1500.0,6000.0,3617.0,,,,0,0,0,0,0,0,0,0,0,0,0,0,0,0,0,0,0,0,0,0,0,0,0,0,0,0,0,0,0,0,0,0,0,0,0,0,25,2026-02-05 23:04:27.180851
SMMR,25.17,25.07,25.1,5000.0,1497900.0,2197100.0,1000.0,,,,1000.0,4000.0,5256.0,0,0,0,0,0,0,0,0,0,0,0,0,0,0,0,0,0,0,0,0,0,0,0,0,0,0,0,0,0,0,0,0,0,0,0,0,25,2026-02-05 23:04:27.180851
ATMN,25.04,25.04,25.2,100.0,1356600.0,1919300.0,1000.0,,,,1000.0,3495.0,4828.0,0,0,0,0,0,0,0,0,0,0,0,0,0,0,0,0,0,0,0,0,0,0,0,0,0,0,0,0,0,0,0,0,0,0,0,0,25,2026-02-05 23:04:27.180851
WNTR,24.9,24.84,24.9,1013.0,1391000.0,2288000.0,,,,,1000.0,,2342.0,0,0,0,0,0,0,0,0,0,0,0,0,0,0,0,0,0,0,0,0,0,0,0,0,0,0,0,0,0,0,0,0,0,0,0,0,25,2026-02-05 23:04:27.180851
SPNG,24.72,24.58,24.74,1216500.0,7110.0,2000.0,2866.0,1189500.0,3000.0,1500.0,4215.0,6000.0,,,0,0,0,0,0,0,0,0,0,0,0,0,0,0,0,0,0,0,0,0,0,0,0,0,0,0,0,0,0,0,0,0,0,0,0,26,2026-02-05 23:04:28.263792
SMMR,24.99,25.06,25.09,1820100.0,,,4651.0,1525800.0,2000.0,,3490.0,5000.0,,,0,0,0,0,0,0,0,0,0,0,0,0,0,0,0,0,0,0,0,0,0,0,0,0,0,0,0,0,0,0,0,0,0,0,0,26,2026-02-05 23:04:28.263792
ATMN,24.78,24.77,24.78,1882600.0,100.0,,,1714600.0,3000.0,,,,3495.0,,0,0,0,0,0,0,0,0,0,0,0,0,0,0,0,0,0,0,0,0,0,0,0,0,0,0,0,0,0,0,0,0,0,0,0,26,2026-02-05 23:04:28.263792
WNTR,24.9,24.86,24.88,1165800.0,9960.0,1000.0,2681.0,1939600.0,2000.0,,,,,8947.0,0,0,0,0,0,0,0,0,0,0,0,0,0,0,0,0,0,0,0,0,0,0,0,0,0,0,0,0,0,0,0,0,0,0,0,26,2026-02-05 23:04:28.263792
SPNG,25.08,25.08,25.17,1220500.0,4000.0,1500.0,925.0,7110.0,2031300.0,,,,,,0,0,0,0,0,0,0,0,0,0,0,0,0,0,0,0,0,0,0,0,0,0,0,0,0,0,0,0,0,0,0,0,0,0,0,27,2026-02-05 23:04:29.334930
SMMR,25.06,25.05,25.06,1832700.0,1000.0,,3150.0,,1168500.0,4000.0,8676.0,3490.0,5000.0,,0,0,0,0,0,0,0,0,0,0,0,0,0,0,0,0,0,0,0,0,0,0,0,0,0,0,0,0,0,0,0,0,0,0,0,27,2026-02-05 23:04:29.334930
ATMN,25.0,25.0,25.23,1565800.0,2000.0,,,200.0,1681700.0,1000.0,,1130.0,,3495.0,0,0,0,0,0,0,0,0,0,0,0,0,0,0,0,0,0,0,0,0,0,0,0,0,0,0,0,0,0,0,0,0,0,0,0,27,2026-02-05 23:04:29.334930
WNTR,24.89,24.89,24.9,1286900.0,2000.0,,3415.0,1013.0,1715400.0,2000.0,,3036.0,,,0,0,0,0,0,0,0,0,0,0,0,0,0,0,0,0,0,0,0,0,0,0,0,0,0,0,0,0,0,0,0,0,0,0,0,27,2026-02-05 23:04:29.334930
SPNG,24.75,24.77,25.15,1942.0,1500.0,1556000.0,2000.0,1449.0,100.0,1000.0,1748700.0,,,,,0,0,0,0,0,0,0,0,0,0,0,0,0,0,0,0,0,0,0,0,0,0,0,0,0,0,0,0,0,0,0,0,0,0,28,2026-02-05 23:04:30.414416
SMMR,25.01,24.99,25.01,,,2276900.0,,4996.0,17133.0,3000.0,1134900.0,5000.0,,,,0,0,0,0,0,0,0,0,0,0,0,0,0,0,0,0,0,0,0,0,0,0,0,0,0,0,0,0,0,0,0,0,0,0,28,2026-02-05 23:04:30.414416
ATMN,25.2,25.04,25.07,5448.0,1500.0,1013800.0,2000.0,4788.0,200.0,1000.0,1225900.0,,10492.0,3495.0,1500.0,0,0,0,0,0,0,0,0,0,0,0,0,0,0,0,0,0,0,0,0,0,0,0,0,0,0,0,0,0,0,0,0,0,0,28,2026-02-05 23:04:30.414416
WNTR,24.89,24.89,24.9,4173.0,,1177300.0,2000.0,7519.0,9912.0,3000.0,792200.0,5000.0,16088.0,,,0,0,0,0,0,0,0,0,0,0,0,0,0,0,0,0,0,0,0,0,0,0,0,0,0,0,0,0,0,0,0,0,0,0,28,2026-02-05 23:04:30.414416
SPNG,24.58,24.88,25.23,1000.0,1949400.0,100.0,1801100.0,1000.0,,,,,,,0,0,0,0,0,0,0,0,0,0,0,0,0,0,0,0,0,0,0,0,0,0,0,0,0,0,0,0,0,0,0,0,0,0,0,29,2026-02-05 23:04:31.537797
SMMR,24.97,24.92,24.97,,2267800.0,21566.0,911500.0,3000.0,1500.0,4996.0,5000.0,,,,0,0,0,0,0,0,0,0,0,0,0,0,0,0,0,0,0,0,0,0,0,0,0,0,0,0,0,0,0,0,0,0,0,0,0,29,2026-02-05 23:04:31.537797
ATMN,25.05,25.05,25.06,4000.0,835800.0,200.0,1000100.0,2000.0,1500.0,4788.0,100.0,1500.0,10592.0,5448.0,0,0,0,0,0,0,0,0,0,0,0,0,0,0,0,0,0,0,0,0,0,0,0,0,0,0,0,0,0,0,0,0,0,0,0,29,2026-02-05 23:04:31.537797
WNTR,24.89,24.89,24.9,3000.0,1177300.0,9912.0,897100.0,3000.0,,6290.0,5000.0,,16088.0,3309.0,0,0,0,0,0,0,0,0,0,0,0,0,0,0,0,0,0,0,0,0,0,0,0,0,0,0,0,0,0,0,0,0,0,0,0,29,2026-02-05 23:04:31.537797
SPNG,24.88,24.89,25.05,3000.0,1000.0,2425.0,1455400.0,1440000.0,100.0,4712.0,1000.0,,,,,0,0,0,0,0,0,0,0,0,0,0,0,0,0,0,0,0,0,0,0,0,0,0,0,0,0,0,0,0,0,0,0,0,0,30,2026-02-05 23:04:32.115527
SMMR,24.96,25.0,25.05,1500.0,,5845.0,1729400.0,1044500.0,17133.0,5398.0,3000.0,1500.0,5000.0,,,0,0,0,0,0,0,0,0,0,0,0,0,0,0,0,0,0,0,0,0,0,0,0,0,0,0,0,0,0,0,0,0,0,0,30,2026-02-05 23:04:32.115527
ATMN,25.05,25.05,25.06,,3000.0,5448.0,1015700.0,1564100.0,100.0,1930.0,1000.0,,,10492.0,1995.0,0,0,0,0,0,0,0,0,0,0,0,0,0,0,0,0,0,0,0,0,0,0,0,0,0,0,0,0,0,0,0,0,0,0,30,2026-02-05 23:04:32.115527
WNTR,24.89,24.89,24.9,,2000.0,3309.0,1301300.0,998600.0,9912.0,5495.0,3000.0,,5000.0,16088.0,,0,0,0,0,0,0,0,0,0,0,0,0,0,0,0,0,0,0,0,0,0,0,0,0,0,0,0,0,0,0,0,0,0,0,30,2026-02-05 23:04:32.115527
SPNG,24.85,24.63,24.85,2037000.0,1803200.0,2000.0,,,,,,0,0,0,0,0,0,0,0,0,0,0,0,0,0,0,0,0,0,0,0,0,0,0,0,0,0,0,0,0,0,0,0,0,0,0,0,0,0,31,2026-02-05 23:04:33.182872
SMMR,24.91,24.91,25.03,2176700.0,1973500.0,2000.0,1000.0,1126.0,,,,0,0,0,0,0,0,0,0,0,0,0,0,0,0,0,0,0,0,0,0,0,0,0,0,0,0,0,0,0,0,0,0,0,0,0,0,0,0,31,2026-02-05 23:04:33.182872
ATMN,25.01,25.05,25.06,1374600.0,1304700.0,2000.0,2000.0,3967.0,100.0,3338.0,100.0,0,0,0,0,0,0,0,0,0,0,0,0,0,0,0,0,0,0,0,0,0,0,0,0,0,0,0,0,0,0,0,0,0,0,0,0,0,0,31,2026-02-05 23:04:33.182872
WNTR,24.87,24.87,24.9,1944900.0,1610400.0,3000.0,,3036.0,,1284.0,,0,0,0,0,0,0,0,0,0,0,0,0,0,0,0,0,0,0,0,0,0,0,0,0,0,0,0,0,0,0,0,0,0,0,0,0,0,0,31,2026-02-05 23:04:33.182872
SPNG,24.8,24.8,24.81,1500.0,1434400.0,7921.0,2563.0,1000.0,1205.0,1891600.0,,,,,,0,0,0,0,0,0,0,0,0,0,0,0,0,0,0,0,0,0,0,0,0,0,0,0,0,0,0,0,0,0,0,0,0,0,32,2026-02-05 23:04:34.258256
SMMR,24.98,24.98,24.99,,1371600.0,100.0,5135.0,2000.0,5642.0,1226300.0,4000.0,10000.0,4000.0,3000.0,,0,0,0,0,0,0,0,0,0,0,0,0,0,0,0,0,0,0,0,0,0,0,0,0,0,0,0,0,0,0,0,0,0,0,32,2026-02-05 23:04:34.258256
ATMN,24.89,24.94,25.02,1500.0,1844300.0,,,,3967.0,873100.0,2995.0,7321.0,2695.0,3000.0,1500.0,0,0,0,0,0,0,0,0,0,0,0,0,0,0,0,0,0,0,0,0,0,0,0,0,0,0,0,0,0,0,0,0,0,0,32,2026-02-05 23:04:34.258256
WNTR,24.94,24.84,24.88,,1947900.0,8406.0,,1000.0,,2175700.0,,,,,1500.0,0,0,0,0,0,0,0,0,0,0,0,0,0,0,0,0,0,0,0,0,0,0,0,0,0,0,0,0,0,0,0,0,0,0,32,2026-02-05 23:04:34.258256
SPNG,25.29,24.69,24.8,4000.0,1437000.0,3115.0,1000.0,1987700.0,,,,0,0,0,0,0,0,0,0,0,0,0,0,0,0,0,0,0,0,0,0,0,0,0,0,0,0,0,0,0,0,0,0,0,0,0,0,0,0,33,2026-02-05 23:04:35.306713
SMMR,24.96,24.97,24.98,,1460400.0,5384.0,3000.0,1226300.0,4000.0,5915.0,4000.0,0,0,0,0,0,0,0,0,0,0,0,0,0,0,0,0,0,0,0,0,0,0,0,0,0,0,0,0,0,0,0,0,0,0,0,0,0,0,33,2026-02-05 23:04:35.306713
ATMN,25.3,24.95,25.3,2995.0,1320900.0,5767.0,2000.0,1931900.0,,,,0,0,0,0,0,0,0,0,0,0,0,0,0,0,0,0,0,0,0,0,0,0,0,0,0,0,0,0,0,0,0,0,0,0,0,0,0,0,33,2026-02-05 23:04:35.306713
WNTR,24.89,24.84,24.86,3695.0,1399700.0,2598.0,3000.0,1951800.0,1000.0,2641.0,,0,0,0,0,0,0,0,0,0,0,0,0,0,0,0,0,0,0,0,0,0,0,0,0,0,0,0,0,0,0,0,0,0,0,0,0,0,0,33,2026-02-05 23:04:35.306713
SPNG,24.66,24.66,25.32,1829400.0,1006.0,1000.0,1500.0,1891600.0,,,,,,,0,0,0,0,0,0,0,0,0,0,0,0,0,0,0,0,0,0,0,0,0,0,0,0,0,0,0,0,0,0,0,0,0,0,0,34,2026-02-05 23:04:36.378194
SMMR,24.97,24.97,24.98,1371500.0,4887.0,3000.0,,1095500.0,3500.0,5000.0,5642.0,4000.0,,,0,0,0,0,0,0,0,0,0,0,0,0,0,0,0,0,0,0,0,0,0,0,0,0,0,0,0,0,0,0,0,0,0,0,0,34,2026-02-05 23:04:36.378194
ATMN,25.42,24.95,25.3,1836300.0,3037.0,,,1737200.0,,,1145.0,,,,0,0,0,0,0,0,0,0,0,0,0,0,0,0,0,0,0,0,0,0,0,0,0,0,0,0,0,0,0,0,0,0,0,0,0,34,2026-02-05 23:04:36.378194
WNTR,24.86,24.86,24.87,931300.0,3158.0,4000.0,,1386300.0,18755.0,2000.0,2997.0,3695.0,3695.0,2934.0,0,0,0,0,0,0,0,0,0,0,0,0,0,0,0,0,0,0,0,0,0,0,0,0,0,0,0,0,0,0,0,0,0,0,0,34,2026-02-05 23:04:36.378194
SPNG,25.33,24.77,25.33,3000.0,5987.0,1407400.0,1779800.0,1000.0,2627.0,,,,,,0,0,0,0,0,0,0,0,0,0,0,0,0,0,0,0,0,0,0,0,0,0,0,0,0,0,0,0,0,0,0,0,0,0,0,35,2026-02-05 23:04:37.429905
SMMR,24.97,24.97,24.98,,4496.0,1383400.0,1316700.0,3000.0,4697.0,12439.0,1000.0,5642.0,,,0,0,0,0,0,0,0,0,0,0,0,0,0,0,0,0,0,0,0,0,0,0,0,0,0,0,0,0,0,0,0,0,0,0,0,35,2026-02-05 23:04:37.429905
ATMN,25.16,24.98,25.15,1500.0,5752.0,1399600.0,1284000.0,1000.0,,7872.0,,4552.0,3000.0,,0,0,0,0,0,0,0,0,0,0,0,0,0,0,0,0,0,0,0,0,0,0,0,0,0,0,0,0,0,0,0,0,0,0,0,35,2026-02-05 23:04:37.429905
WNTR,24.86,24.86,24.87,,3013.0,1149100.0,1710900.0,2000.0,2934.0,24494.0,2000.0,1185.0,,3995.0,0,0,0,0,0,0,0,0,0,0,0,0,0,0,0,0,0,0,0,0,0,0,0,0,0,0,0,0,0,0,0,0,0,0,0,35,2026-02-05 23:04:37.429905
SPNG,24.55,24.84,24.86,1322200.0,3000.0,1000.0,5008.0,3000.0,1230300.0,4046.0,2000.0,,,,0,0,0,0,0,0,0,0,0,0,0,0,0,0,0,0,0,0,0,0,0,0,0,0,0,0,0,0,0,0,0,0,0,0,0,36,2026-02-05 23:04:38.496580
SMMR,25.02,24.97,24.98,1581800.0,,1000.0,4496.0,,1875400.0,2275.0,,3995.0,100.0,,0,0,0,0,0,0,0,0,0,0,0,0,0,0,0,0,0,0,0,0,0,0,0,0,0,0,0,0,0,0,0,0,0,0,0,36,2026-02-05 23:04:38.496580
ATMN,25.17,25.24,25.3,1504800.0,,1000.0,5752.0,,1737200.0,,1000.0,,,,0,0,0,0,0,0,0,0,0,0,0,0,0,0,0,0,0,0,0,0,0,0,0,0,0,0,0,0,0,0,0,0,0,0,0,36,2026-02-05 23:04:38.496580
WNTR,24.88,24.88,24.89,1037300.0,,3000.0,5689.0,,1569300.0,5768.0,2000.0,3995.0,,2934.0,0,0,0,0,0,0,0,0,0,0,0,0,0,0,0,0,0,0,0,0,0,0,0,0,0,0,0,0,0,0,0,0,0,0,0,36,2026-02-05 23:04:38.496580
SPNG,24.55,24.84,24.86,1119400.0,3000.0,8274.0,6068.0,3000.0,200.0,5940.0,1134800.0,,,0,0,0,0,0,0,0,0,0,0,0,0,0,0,0,0,0,0,0,0,0,0,0,0,0,0,0,0,0,0,0,0,0,0,0,0,37,2026-02-05 23:04:39.600154
SMMR,25.1,24.98,25.1,1273300.0,3000.0,,5424.0,,,,2289800.0,1500.0,5000.0,0,0,0,0,0,0,0,0,0,0,0,0,0,0,0,0,0,0,0,0,0,0,0,0,0,0,0,0,0,0,0,0,0,0,0,0,37,2026-02-05 23:04:39.600154
ATMN,24.89,25.26,25.29,1697900.0,,,3954.0,,3585.0,3066.0,1544800.0,,,0,0,0,0,0,0,0,0,0,0,0,0,0,0,0,0,0,0,0,0,0,0,0,0,0,0,0,0,0,0,0,0,0,0,0,0,37,2026-02-05 23:04:39.600154
WNTR,24.89,24.89,24.9,1037300.0,2000.0,12934.0,5689.0,,,,2240300.0,,5000.0,0,0,0,0,0,0,0,0,0,0,0,0,0,0,0,0,0,0,0,0,0,0,0,0,0,0,0,0,0,0,0,0,0,0,0,0,37,2026-02-05 23:04:39.600154
SPNG,25.31,24.84,24.92,1451100.0,4000.0,8274.0,1500.0,1791000.0,1000.0,,,,0,0,0,0,0,0,0,0,0,0,0,0,0,0,0,0,0,0,0,0,0,0,0,0,0,0,0,0,0,0,0,0,0,0,0,0,0,38,2026-02-05 23:04:40.224574
SMMR,24.92,24.91,24.92,2131200.0,1000.0,,1500.0,1889400.0,1000.0,5000.0,,,0,0,0,0,0,0,0,0,0,0,0,0,0,0,0,0,0,0,0,0,0,0,0,0,0,0,0,0,0,0,0,0,0,0,0,0,0,38,2026-02-05 23:04:40.224574
ATMN,25.05,24.89,25.05,1935700.0,1000.0,,,1369900.0,1000.0,,3727.0,3585.0,0,0,0,0,0,0,0,0,0,0,0,0,0,0,0,0,0,0,0,0,0,0,0,0,0,0,0,0,0,0,0,0,0,0,0,0,0,38,2026-02-05 23:04:40.224574
WNTR,24.83,24.89,24.9,2020000.0,1000.0,,,2016900.0,2000.0,,,,0,0,0,0,0,0,0,0,0,0,0,0,0,0,0,0,0,0,0,0,0,0,0,0,0,0,0,0,0,0,0,0,0,0,0,0,0,38,2026-02-05 23:04:40.224574
SPNG,24.96,25.26,25.33,723400.0,1500.0,8374.0,5000.0,5730.0,1984900.0,,,,,,0,0,0,0,0,0,0,0,0,0,0,0,0,0,0,0,0,0,0,0,0,0,0,0,0,0,0,0,0,0,0,0,0,0,0,39,2026-02-05 23:04:41.294997
SMMR,24.91,24.91,25.09,1557800.0,,7711.0,1000.0,5737.0,2034600.0,1500.0,1000.0,,,,0,0,0,0,0,0,0,0,0,0,0,0,0,0,0,0,0,0,0,0,0,0,0,0,0,0,0,0,0,0,0,0,0,0,0,39,2026-02-05 23:04:41.294997
ATMN,25.04,24.9,25.03,1199200.0,,5632.0,3000.0,5660.0,1024600.0,1500.0,3000.0,11121.0,5167.0,,0,0,0,0,0,0,0,0,0,0,0,0,0,0,0,0,0,0,0,0,0,0,0,0,0,0,0,0,0,0,0,0,0,0,0,39,2026-02-05 23:04:41.294997
WNTR,24.91,24.91,24.93,1999200.0,,,,,2152000.0,1500.0,,,,5000.0,0,0,0,0,0,0,0,0,0,0,0,0,0,0,0,0,0,0,0,0,0,0,0,0,0,0,0,0,0,0,0,0,0,0,0,39,2026-02-05 23:04:41.294997
SPNG,25.21,25.01,25.11,4850.0,3000.0,1346600.0,1341800.0,2673.0,3796.0,100.0,1000.0,,,,0,0,0,0,0,0,0,0,0,0,0,0,0,0,0,0,0,0,0,0,0,0,0,0,0,0,0,0,0,0,0,0,0,0,0,40,2026-02-05 23:04:42.358786
SMMR,25.12,24.96,25.09,3207.0,2000.0,1654700.0,2165200.0,,1277.0,,,7622.0,,,0,0,0,0,0,0,0,0,0,0,0,0,0,0,0,0,0,0,0,0,0,0,0,0,0,0,0,0,0,0,0,0,0,0,0,40,2026-02-05 23:04:42.358786
ATMN,25.04,24.93,25.0,5660.0,4000.0,997800.0,1040400.0,1445.0,5167.0,100.0,4000.0,3378.0,1445.0,,0,0,0,0,0,0,0,0,0,0,0,0,0,0,0,0,0,0,0,0,0,0,0,0,0,0,0,0,0,0,0,0,0,0,0,40,2026-02-05 23:04:42.358786
WNTR,24.8,24.8,24.91,,,2122100.0,1783000.0,,794.0,7795.0,1000.0,,,1500.0,0,0,0,0,0,0,0,0,0,0,0,0,0,0,0,0,0,0,0,0,0,0,0,0,0,0,0,0,0,0,0,0,0,0,0,40,2026-02-05 23:04:42.358786
SPNG,25.03,24.9,25.02,1500.0,5709.0,1000.0,1443900.0,1500.0,953900.0,3000.0,5258.0,200.0,2673.0,,,0,0,0,0,0,0,0,0,0,0,0,0,0,0,0,0,0,0,0,0,0,0,0,0,0,0,0,0,0,0,0,0,0,0,41,2026-02-05 23:04:43.419302
SMMR,25.06,25.06,25.07,3000.0,6059.0,2000.0,1122800.0,1500.0,1966500.0,,1911.0,7440.0,,7440.0,4000.0,0,0,0,0,0,0,0,0,0,0,0,0,0,0,0,0,0,0,0,0,0,0,0,0,0,0,0,0,0,0,0,0,0,0,41,2026-02-05 23:04:43.419302
ATMN,25.07,25.19,25.31,1500.0,,2000.0,1599600.0,,1969100.0,,,,,5632.0,,0,0,0,0,0,0,0,0,0,0,0,0,0,0,0,0,0,0,0,0,0,0,0,0,0,0,0,0,0,0,0,0,0,0,41,2026-02-05 23:04:43.419302
WNTR,24.76,24.79,24.85,,,1000.0,1895800.0,1500.0,851000.0,3000.0,5338.0,23107.0,4000.0,2964.0,,0,0,0,0,0,0,0,0,0,0,0,0,0,0,0,0,0,0,0,0,0,0,0,0,0,0,0,0,0,0,0,0,0,0,41,2026-02-05 23:04:43.419302
SPNG,24.94,24.65,24.88,2063600.0,1540300.0,4000.0,3000.0,1441.0,,,,,,,,0,0,0,0,0,0,0,0,0,0,0,0,0,0,0,0,0,0,0,0,0,0,0,0,0,0,0,0,0,0,0,0,0,0,42,2026-02-05 23:04:44.473085
SMMR,25.1,25.06,25.1,1248100.0,2335200.0,,,,3000.0,1072.0,4000.0,6059.0,,,,0,0,0,0,0,0,0,0,0,0,0,0,0,0,0,0,0,0,0,0,0,0,0,0,0,0,0,0,0,0,0,0,0,0,42,2026-02-05 23:04:44.473085
ATMN,25.09,25.2,25.29,1306000.0,1781200.0,,1000.0,,2000.0,,,5860.0,1500.0,1500.0,,0,0,0,0,0,0,0,0,0,0,0,0,0,0,0,0,0,0,0,0,0,0,0,0,0,0,0,0,0,0,0,0,0,0,42,2026-02-05 23:04:44.473085
WNTR,24.87,24.87,24.88,1411500.0,1426700.0,,2000.0,5890.0,1000.0,7514.0,,5595.0,,,5325.0,0,0,0,0,0,0,0,0,0,0,0,0,0,0,0,0,0,0,0,0,0,0,0,0,0,0,0,0,0,0,0,0,0,0,42,2026-02-05 23:04:44.473085
SPNG,24.67,24.86,24.88,2000.0,1500.0,921.0,1649900.0,1054800.0,4000.0,5835.0,4000.0,100.0,,,,0,0,0,0,0,0,0,0,0,0,0,0,0,0,0,0,0,0,0,0,0,0,0,0,0,0,0,0,0,0,0,0,0,0,43,2026-02-05 23:04:45.523397
SMMR,25.1,25.08,25.09,,1500.0,5164.0,1442800.0,1349400.0,1000.0,2913.0,4047.0,7253.0,7253.0,5000.0,3000.0,0,0,0,0,0,0,0,0,0,0,0,0,0,0,0,0,0,0,0,0,0,0,0,0,0,0,0,0,0,0,0,0,0,0,43,2026-02-05 23:04:45.523397
ATMN,25.17,25.21,25.29,3000.0,,2793.0,1391100.0,1603500.0,2000.0,1140.0,,100.0,7088.0,,,0,0,0,0,0,0,0,0,0,0,0,0,0,0,0,0,0,0,0,0,0,0,0,0,0,0,0,0,0,0,0,0,0,0,43,2026-02-05 23:04:45.523397
WNTR,24.95,24.92,24.95,3000.0,1500.0,5595.0,1084600.0,2225600.0,,,,,7514.0,,,0,0,0,0,0,0,0,0,0,0,0,0,0,0,0,0,0,0,0,0,0,0,0,0,0,0,0,0,0,0,0,0,0,0,43,2026-02-05 23:04:45.523397
SPNG,25.11,24.86,25.11,2000.0,1481600.0,3848.0,2002300.0,,,,,,,0,0,0,0,0,0,0,0,0,0,0,0,0,0,0,0,0,0,0,0,0,0,0,0,0,0,0,0,0,0,0,0,0,0,0,0,44,2026-02-05 23:04:46.591855
SMMR,25.07,25.08,25.18,1000.0,1752500.0,3498.0,1844600.0,3663.0,1500.0,2000.0,,,,0,0,0,0,0,0,0,0,0,0,0,0,0,0,0,0,0,0,0,0,0,0,0,0,0,0,0,0,0,0,0,0,0,0,0,0,44,2026-02-05 23:04:46.591855
ATMN,25.19,25.2,25.27,1000.0,1391100.0,3087.0,1358700.0,100.0,,2000.0,14588.0,2172.0,3532.0,0,0,0,0,0,0,0,0,0,0,0,0,0,0,0,0,0,0,0,0,0,0,0,0,0,0,0,0,0,0,0,0,0,0,0,0,44,2026-02-05 23:04:46.591855
WNTR,24.98,24.9,24.98,4000.0,992600.0,6018.0,2334600.0,,,,16877.0,,,0,0,0,0,0,0,0,0,0,0,0,0,0,0,0,0,0,0,0,0,0,0,0,0,0,0,0,0,0,0,0,0,0,0,0,0,44,2026-02-05 23:04:46.591855
SPNG,24.76,24.83,24.87,929.0,2000.0,1788100.0,1320400.0,3000.0,5700.0,,,,,,0,0,0,0,0,0,0,0,0,0,0,0,0,0,0,0,0,0,0,0,0,0,0,0,0,0,0,0,0,0,0,0,0,0,0,45,2026-02-05 23:04:47.647038
SMMR,25.07,25.06,25.07,4692.0,,1751600.0,1223000.0,4000.0,4512.0,10000.0,,,,,0,0,0,0,0,0,0,0,0,0,0,0,0,0,0,0,0,0,0,0,0,0,0,0,0,0,0,0,0,0,0,0,0,0,0,45,2026-02-05 23:04:47.647038
ATMN,25.17,25.17,25.2,1024.0,,1896900.0,1321000.0,3000.0,4641.0,,,,,,0,0,0,0,0,0,0,0,0,0,0,0,0,0,0,0,0,0,0,0,0,0,0,0,0,0,0,0,0,0,0,0,0,0,0,45,2026-02-05 23:04:47.647038
WNTR,24.87,24.89,24.91,5114.0,1000.0,1413600.0,1396800.0,2000.0,3307.0,9526.0,3189.0,1500.0,1500.0,3838.0,0,0,0,0,0,0,0,0,0,0,0,0,0,0,0,0,0,0,0,0,0,0,0,0,0,0,0,0,0,0,0,0,0,0,0,45,2026-02-05 23:04:47.647038
SPNG,24.87,24.83,24.87,2196.0,1000.0,100.0,1683600.0,1411400.0,3000.0,7556.0,2945.0,,0,0,0,0,0,0,0,0,0,0,0,0,0,0,0,0,0,0,0,0,0,0,0,0,0,0,0,0,0,0,0,0,0,0,0,0,0,46,2026-02-05 23:04:48.231924
SMMR,25.23,25.06,25.17,4692.0,,,1751600.0,2204400.0,,,,5000.0,0,0,0,0,0,0,0,0,0,0,0,0,0,0,0,0,0,0,0,0,0,0,0,0,0,0,0,0,0,0,0,0,0,0,0,0,0,46,2026-02-05 23:04:48.231924
ATMN,24.8,24.98,25.2,,1000.0,2151.0,1819200.0,1443400.0,2000.0,,4641.0,,0,0,0,0,0,0,0,0,0,0,0,0,0,0,0,0,0,0,0,0,0,0,0,0,0,0,0,0,0,0,0,0,0,0,0,0,0,46,2026-02-05 23:04:48.231924
WNTR,24.87,24.89,24.91,5381.0,2000.0,3189.0,1330000.0,1027800.0,2000.0,9526.0,7881.0,3838.0,0,0,0,0,0,0,0,0,0,0,0,0,0,0,0,0,0,0,0,0,0,0,0,0,0,0,0,0,0,0,0,0,0,0,0,0,0,46,2026-02-05 23:04:48.231924
SPNG,24.8,24.76,24.8,2104200.0,1929500.0,1000.0,,,,,,,,,0,0,0,0,0,0,0,0,0,0,0,0,0,0,0,0,0,0,0,0,0,0,0,0,0,0,0,0,0,0,0,0,0,0,0,47,2026-02-05 23:04:49.308956
SMMR,25.25,25.08,25.09,1398000.0,2301800.0,,6963.0,2000.0,4692.0,,,,,,0,0,0,0,0,0,0,0,0,0,0,0,0,0,0,0,0,0,0,0,0,0,0,0,0,0,0,0,0,0,0,0,0,0,0,47,2026-02-05 23:04:49.308956
ATMN,24.98,24.98,25.22,1301700.0,1842900.0,1000.0,2151.0,1000.0,5670.0,4000.0,1052.0,,,,0,0,0,0,0,0,0,0,0,0,0,0,0,0,0,0,0,0,0,0,0,0,0,0,0,0,0,0,0,0,0,0,0,0,0,47,2026-02-05 23:04:49.308956
WNTR,24.82,24.83,24.89,1555100.0,686100.0,5000.0,,2000.0,2120.0,,4910.0,1500.0,26000.0,3838.0,0,0,0,0,0,0,0,0,0,0,0,0,0,0,0,0,0,0,0,0,0,0,0,0,0,0,0,0,0,0,0,0,0,0,0,47,2026-02-05 23:04:49.308956
SPNG,24.99,24.99,25.06,1341800.0,3000.0,4260.0,1500.0,4000.0,2000.0,1604000.0,,,,,0,0,0,0,0,0,0,0,0,0,0,0,0,0,0,0,0,0,0,0,0,0,0,0,0,0,0,0,0,0,0,0,0,0,0,48,2026-02-05 23:04:50.556354
SMMR,24.95,24.95,25.24,2204100.0,,,,,1000.0,1745800.0,2197.0,,,,0,0,0,0,0,0,0,0,0,0,0,0,0,0,0,0,0,0,0,0,0,0,0,0,0,0,0,0,0,0,0,0,0,0,0,48,2026-02-05 23:04:50.556354
ATMN,25.31,25.01,25.31,1506400.0,3000.0,1808.0,,,,1999600.0,,4000.0,,,0,0,0,0,0,0,0,0,0,0,0,0,0,0,0,0,0,0,0,0,0,0,0,0,0,0,0,0,0,0,0,0,0,0,0,48,2026-02-05 23:04:50.556354
WNTR,24.79,24.9,24.94,1630200.0,1000.0,,,,1000.0,1839400.0,2469.0,3005.0,10000.0,1500.0,0,0,0,0,0,0,0,0,0,0,0,0,0,0,0,0,0,0,0,0,0,0,0,0,0,0,0,0,0,0,0,0,0,0,0,48,2026-02-05 23:04:50.556354
SPNG,24.8,24.79,24.8,5122.0,1000.0,4770.0,1448600.0,1022400.0,3000.0,4242.0,5599.0,4000.0,,,0,0,0,0,0,0,0,0,0,0,0,0,0,0,0,0,0,0,0,0,0,0,0,0,0,0,0,0,0,0,0,0,0,0,0,49,2026-02-05 23:04:51.603089
SMMR,24.89,25.08,25.17,4345.0,1000.0,956.0,1496000.0,1105300.0,3000.0,13629.0,2789.0,,4000.0,1500.0,0,0,0,0,0,0,0,0,0,0,0,0,0,0,0,0,0,0,0,0,0,0,0,0,0,0,0,0,0,0,0,0,0,0,0,49,2026-02-05 23:04:51.603089
ATMN,24.98,24.98,25.36,1265.0,,,1898200.0,1827200.0,1000.0,5837.0,,,,,0,0,0,0,0,0,0,0,0,0,0,0,0,0,0,0,0,0,0,0,0,0,0,0,0,0,0,0,0,0,0,0,0,0,0,49,2026-02-05 23:04:51.603089
WNTR,24.98,24.91,24.98,6000.0,3000.0,16906.0,1031200.0,2334600.0,,,,,3005.0,,0,0,0,0,0,0,0,0,0,0,0,0,0,0,0,0,0,0,0,0,0,0,0,0,0,0,0,0,0,0,0,0,0,0,0,49,2026-02-05 23:04:51.603089
SPNG,25.11,24.79,25.11,5122.0,2000.0,4770.0,1221400.0,4000.0,1914800.0,2652.0,,,,,0,0,0,0,0,0,0,0,0,0,0,0,0,0,0,0,0,0,0,0,0,0,0,0,0,0,0,0,0,0,0,0,0,0,0,50,2026-02-05 23:04:52.275139
SMMR,25.08,25.09,25.16,4345.0,2000.0,956.0,1251800.0,4000.0,1105300.0,13629.0,1500.0,1500.0,3000.0,2789.0,0,0,0,0,0,0,0,0,0,0,0,0,0,0,0,0,0,0,0,0,0,0,0,0,0,0,0,0,0,0,0,0,0,0,0,50,2026-02-05 23:04:52.275139
ATMN,24.86,24.86,25.35,,,,1996800.0,,1259200.0,5837.0,,,2000.0,3597.0,0,0,0,0,0,0,0,0,0,0,0,0,0,0,0,0,0,0,0,0,0,0,0,0,0,0,0,0,0,0,0,0,0,0,0,50,2026-02-05 23:04:52.275139
WNTR,24.85,24.91,24.92,4246.0,,,1787700.0,,1954700.0,,,,1000.0,2736.0,0,0,0,0,0,0,0,0,0,0,0,0,0,0,0,0,0,0,0,0,0,0,0,0,0,0,0,0,0,0,0,0,0,0,0,50,2026-02-05 23:04:52.275139
SPNG,24.55,24.8,25.08,1000.0,1984700.0,1629300.0,2000.0,2752.0,,,0,0,0,0,0,0,0,0,0,0,0,0,0,0,0,0,0,0,0,0,0,0,0,0,0,0,0,0,0,0,0,0,0,0,0,0,0,0,0,51,2026-02-05 23:04:53.361310
SMMR,25.08,25.06,25.07,,1979400.0,1841900.0,2000.0,13629.0,1492.0,,0,0,0,0,0,0,0,0,0,0,0,0,0,0,0,0,0,0,0,0,0,0,0,0,0,0,0,0,0,0,0,0,0,0,0,0,0,0,0,51,2026-02-05 23:04:53.361310
ATMN,24.75,24.75,25.28,,2028000.0,1346900.0,4000.0,9702.0,,,0,0,0,0,0,0,0,0,0,0,0,0,0,0,0,0,0,0,0,0,0,0,0,0,0,0,0,0,0,0,0,0,0,0,0,0,0,0,0,51,2026-02-05 23:04:53.361310
WNTR,24.9,24.85,24.9,,2058300.0,1751300.0,3000.0,8091.0,,813.0,0,0,0,0,0,0,0,0,0,0,0,0,0,0,0,0,0,0,0,0,0,0,0,0,0,0,0,0,0,0,0,0,0,0,0,0,0,0,0,51,2026-02-05 23:04:53.361310
SPNG,25.01,25.06,25.07,1327.0,1500.0,2000.0,2426.0,1557500.0,1500.0,1908500.0,,,0,0,0,0,0,0,0,0,0,0,0,0,0,0,0,0,0,0,0,0,0,0,0,0,0,0,0,0,0,0,0,0,0,0,0,0,0,52,2026-02-05 23:04:54.424646
SMMR,25.11,25.07,25.11,,1500.0,2000.0,1588.0,1765800.0,,1945900.0,2000.0,526.0,0,0,0,0,0,0,0,0,0,0,0,0,0,0,0,0,0,0,0,0,0,0,0,0,0,0,0,0,0,0,0,0,0,0,0,0,0,52,2026-02-05 23:04:54.424646
ATMN,25.28,24.77,25.11,,1500.0,1000.0,1686.0,1716700.0,1500.0,1462900.0,4000.0,,0,0,0,0,0,0,0,0,0,0,0,0,0,0,0,0,0,0,0,0,0,0,0,0,0,0,0,0,0,0,0,0,0,0,0,0,0,52,2026-02-05 23:04:54.424646
WNTR,24.92,24.94,24.96,,1500.0,2000.0,1625.0,1661500.0,,1963100.0,2000.0,6500.0,0,0,0,0,0,0,0,0,0,0,0,0,0,0,0,0,0,0,0,0,0,0,0,0,0,0,0,0,0,0,0,0,0,0,0,0,0,52,2026-02-05 23:04:54.424646
SPNG,24.74,24.74,25.04,1847200.0,1500.0,1000.0,3000.0,2000.0,1612000.0,0,0,0,0,0,0,0,0,0,0,0,0,0,0,0,0,0,0,0,0,0,0,0,0,0,0,0,0,0,0,0,0,0,0,0,0,0,0,0,0,53,2026-02-05 23:04:55.494464
SMMR,25.25,25.09,25.16,1776800.0,1500.0,3000.0,1500.0,1000.0,2092700.0,0,0,0,0,0,0,0,0,0,0,0,0,0,0,0,0,0,0,0,0,0,0,0,0,0,0,0,0,0,0,0,0,0,0,0,0,0,0,0,0,53,2026-02-05 23:04:55.494464
ATMN,25.36,24.8,25.36,1607200.0,1500.0,3000.0,,,2020200.0,0,0,0,0,0,0,0,0,0,0,0,0,0,0,0,0,0,0,0,0,0,0,0,0,0,0,0,0,0,0,0,0,0,0,0,0,0,0,0,0,53,2026-02-05 23:04:55.494464
WNTR,24.92,24.94,24.96,1774400.0,,3000.0,,2000.0,2082100.0,0,0,0,0,0,0,0,0,0,0,0,0,0,0,0,0,0,0,0,0,0,0,0,0,0,0,0,0,0,0,0,0,0,0,0,0,0,0,0,0,53,2026-02-05 23:04:55.494464
SPNG,24.75,24.81,25.26,1500.0,1749800.0,2000.0,1500.0,1820100.0,1000.0,0,0,0,0,0,0,0,0,0,0,0,0,0,0,0,0,0,0,0,0,0,0,0,0,0,0,0,0,0,0,0,0,0,0,0,0,0,0,0,0,54,2026-02-05 23:04:56.561342
SMMR,25.15,25.15,25.16,1500.0,1750900.0,3000.0,,2102500.0,2000.0,0,0,0,0,0,0,0,0,0,0,0,0,0,0,0,0,0,0,0,0,0,0,0,0,0,0,0,0,0,0,0,0,0,0,0,0,0,0,0,0,54,2026-02-05 23:04:56.561342
ATMN,24.9,24.8,24.9,,1716700.0,3000.0,1500.0,1833200.0,1000.0,0,0,0,0,0,0,0,0,0,0,0,0,0,0,0,0,0,0,0,0,0,0,0,0,0,0,0,0,0,0,0,0,0,0,0,0,0,0,0,0,54,2026-02-05 23:04:56.561342
WNTR,24.91,24.92,24.96,1500.0,2022800.0,,,2082100.0,2000.0,0,0,0,0,0,0,0,0,0,0,0,0,0,0,0,0,0,0,0,0,0,0,0,0,0,0,0,0,0,0,0,0,0,0,0,0,0,0,0,0,54,2026-02-05 23:04:56.561342
SPNG,24.75,24.81,24.92,3000.0,1500.0,1642300.0,2000.0,1500.0,1754500.0,0,0,0,0,0,0,0,0,0,0,0,0,0,0,0,0,0,0,0,0,0,0,0,0,0,0,0,0,0,0,0,0,0,0,0,0,0,0,0,0,55,2026-02-05 23:04:57.637284
SMMR,25.16,25.08,25.16,2000.0,,2001600.0,2000.0,,2102500.0,0,0,0,0,0,0,0,0,0,0,0,0,0,0,0,0,0,0,0,0,0,0,0,0,0,0,0,0,0,0,0,0,0,0,0,0,0,0,0,0,55,2026-02-05 23:04:57.637284
ATMN,24.9,24.87,24.9,3000.0,,1722000.0,2000.0,,1833200.0,0,0,0,0,0,0,0,0,0,0,0,0,0,0,0,0,0,0,0,0,0,0,0,0,0,0,0,0,0,0,0,0,0,0,0,0,0,0,0,0,55,2026-02-05 23:04:57.637284
WNTR,24.98,24.92,24.98,1000.0,,2022800.0,1000.0,,2191200.0,0,0,0,0,0,0,0,0,0,0,0,0,0,0,0,0,0,0,0,0,0,0,0,0,0,0,0,0,0,0,0,0,0,0,0,0,0,0,0,0,55,2026-02-05 23:04:57.637284
SPNG,25.27,24.83,24.9,3000.0,5000.0,1349900.0,1500.0,2000.0,1716500.0,0,0,0,0,0,0,0,0,0,0,0,0,0,0,0,0,0,0,0,0,0,0,0,0,0,0,0,0,0,0,0,0,0,0,0,0,0,0,0,0,56,2026-02-05 23:04:58.730724
SMMR,25.02,25.19,25.24,,1000.0,2114300.0,1500.0,1000.0,2110300.0,0,0,0,0,0,0,0,0,0,0,0,0,0,0,0,0,0,0,0,0,0,0,0,0,0,0,0,0,0,0,0,0,0,0,0,0,0,0,0,0,56,2026-02-05 23:04:58.730724
ATMN,24.95,24.87,24.95,,3000.0,1723600.0,1500.0,2000.0,1702800.0,0,0,0,0,0,0,0,0,0,0,0,0,0,0,0,0,0,0,0,0,0,0,0,0,0,0,0,0,0,0,0,0,0,0,0,0,0,0,0,0,56,2026-02-05 23:04:58.730724
WNTR,24.89,24.93,24.96,,1000.0,2015800.0,1500.0,3000.0,1842700.0,0,0,0,0,0,0,0,0,0,0,0,0,0,0,0,0,0,0,0,0,0,0,0,0,0,0,0,0,0,0,0,0,0,0,0,0,0,0,0,0,56,2026-02-05 23:04:58.730724
SPNG,25.25,25.25,25.27,1775300.0,3000.0,1949200.0,1000.0,,0,0,0,0,0,0,0,0,0,0,0,0,0,0,0,0,0,0,0,0,0,0,0,0,0,0,0,0,0,0,0,0,0,0,0,0,0,0,0,0,0,57,2026-02-05 23:04:59.299253
SMMR,24.98,24.99,25.25,2123500.0,,2211300.0,1000.0,1500.0,0,0,0,0,0,0,0,0,0,0,0,0,0,0,0,0,0,0,0,0,0,0,0,0,0,0,0,0,0,0,0,0,0,0,0,0,0,0,0,0,0,57,2026-02-05 23:04:59.299253
ATMN,25.28,25.28,25.35,1718700.0,2000.0,1808900.0,2000.0,1500.0,0,0,0,0,0,0,0,0,0,0,0,0,0,0,0,0,0,0,0,0,0,0,0,0,0,0,0,0,0,0,0,0,0,0,0,0,0,0,0,0,0,57,2026-02-05 23:04:59.299253
WNTR,24.89,24.85,24.87,2099100.0,,1927000.0,3000.0,,0,0,0,0,0,0,0,0,0,0,0,0,0,0,0,0,0,0,0,0,0,0,0,0,0,0,0,0,0,0,0,0,0,0,0,0,0,0,0,0,0,57,2026-02-05 23:04:59.299253
SPNG,25.25,25.25,25.27,1551300.0,4000.0,1500.0,1949200.0,1000.0,,0,0,0,0,0,0,0,0,0,0,0,0,0,0,0,0,0,0,0,0,0,0,0,0,0,0,0,0,0,0,0,0,0,0,0,0,0,0,0,0,58,2026-02-05 23:05:00.392766
SMMR,24.98,25.0,25.09,2012100.0,1000.0,1500.0,1973500.0,2000.0,1500.0,0,0,0,0,0,0,0,0,0,0,0,0,0,0,0,0,0,0,0,0,0,0,0,0,0,0,0,0,0,0,0,0,0,0,0,0,0,0,0,0,58,2026-02-05 23:05:00.392766
ATMN,25.28,25.28,25.35,1718700.0,2000.0,1500.0,1669600.0,3000.0,,0,0,0,0,0,0,0,0,0,0,0,0,0,0,0,0,0,0,0,0,0,0,0,0,0,0,0,0,0,0,0,0,0,0,0,0,0,0,0,0,58,2026-02-05 23:05:00.392766
WNTR,24.92,24.86,24.9,1865500.0,1000.0,1500.0,1921800.0,2000.0,1500.0,0,0,0,0,0,0,0,0,0,0,0,0,0,0,0,0,0,0,0,0,0,0,0,0,0,0,0,0,0,0,0,0,0,0,0,0,0,0,0,0,58,2026-02-05 23:05:00.392766
SPNG,25.27,25.2,25.27,1500.0,1979600.0,2056400.0,0,0,0,0,0,0,0,0,0,0,0,0,0,0,0,0,0,0,0,0,0,0,0,0,0,0,0,0,0,0,0,0,0,0,0,0,0,0,0,0,0,0,0,59,2026-02-05 23:05:01.561496
SMMR,25.1,25.1,25.25,,2245800.0,2326900.0,0,0,0,0,0,0,0,0,0,0,0,0,0,0,0,0,0,0,0,0,0,0,0,0,0,0,0,0,0,0,0,0,0,0,0,0,0,0,0,0,0,0,0,59,2026-02-05 23:05:01.561496
ATMN,24.83,24.88,25.12,,2002400.0,1978200.0,0,0,0,0,0,0,0,0,0,0,0,0,0,0,0,0,0,0,0,0,0,0,0,0,0,0,0,0,0,0,0,0,0,0,0,0,0,0,0,0,0,0,0,59,2026-02-05 23:05:01.561496
WNTR,24.84,24.84,24.92,,2107900.0,2284800.0,0,0,0,0,0,0,0,0,0,0,0,0,0,0,0,0,0,0,0,0,0,0,0,0,0,0,0,0,0,0,0,0,0,0,0,0,0,0,0,0,0,0,0,59,2026-02-05 23:05:01.561496
SPNG,24.78,25.22,26.1,941200.0,737500.0,0,0,0,0,0,0,0,0,0,0,0,0,0,0,0,0,0,0,0,0,0,0,0,0,0,0,0,0,0,0,0,0,0,0,0,0,0,0,0,0,0,0,0,0,60,2026-02-05 23:05:02.642559
SMMR,25.59,25.59,25.9,805700.0,733300.0,0,0,0,0,0,0,0,0,0,0,0,0,0,0,0,0,0,0,0,0,0,0,0,0,0,0,0,0,0,0,0,0,0,0,0,0,0,0,0,0,0,0,0,0,60,2026-02-05 23:05:02.642559
ATMN,24.83,24.01,24.38,903900.0,766500.0,0,0,0,0,0,0,0,0,0,0,0,0,0,0,0,0,0,0,0,0,0,0,0,0,0,0,0,0,0,0,0,0,0,0,0,0,0,0,0,0,0,0,0,0,60,2026-02-05 23:05:02.642559
WNTR,25.66,25.29,25.42,655700.0,742500.0,0,0,0,0,0,0,0,0,0,0,0,0,0,0,0,0,0,0,0,0,0,0,0,0,0,0,0,0,0,0,0,0,0,0,0,0,0,0,0,0,0,0,0,0,60,2026-02-05 23:05:02.642559
SPNG,24.78,25.22,25.41,941200.0,3000.0,1195100.0,2000.0,,,0,0,0,0,0,0,0,0,0,0,0,0,0,0,0,0,0,0,0,0,0,0,0,0,0,0,0,0,0,0,0,0,0,0,0,0,0,0,0,0,61,2026-02-05 23:05:03.779827
SMMR,25.78,25.78,25.9,1018700.0,3000.0,833200.0,2000.0,9777.0,,0,0,0,0,0,0,0,0,0,0,0,0,0,0,0,0,0,0,0,0,0,0,0,0,0,0,0,0,0,0,0,0,0,0,0,0,0,0,0,0,61,2026-02-05 23:05:03.779827
ATMN,23.99,24.0,24.08,917200.0,,992200.0,2000.0,8121.0,,0,0,0,0,0,0,0,0,0,0,0,0,0,0,0,0,0,0,0,0,0,0,0,0,0,0,0,0,0,0,0,0,0,0,0,0,0,0,0,0,61,2026-02-05 23:05:03.779827
WNTR,25.66,25.39,25.42,1091000.0,2000.0,847400.0,2000.0,10000.0,10000.0,0,0,0,0,0,0,0,0,0,0,0,0,0,0,0,0,0,0,0,0,0,0,0,0,0,0,0,0,0,0,0,0,0,0,0,0,0,0,0,0,61,2026-02-05 23:05:03.779827
SPNG,24.78,25.27,25.41,100.0,941200.0,2000.0,1380100.0,100.0,3000.0,0,0,0,0,0,0,0,0,0,0,0,0,0,0,0,0,0,0,0,0,0,0,0,0,0,0,0,0,0,0,0,0,0,0,0,0,0,0,0,0,62,2026-02-05 23:05:04.332996
SMMR,25.78,25.78,25.9,9777.0,1018700.0,2000.0,1050700.0,,1000.0,0,0,0,0,0,0,0,0,0,0,0,0,0,0,0,0,0,0,0,0,0,0,0,0,0,0,0,0,0,0,0,0,0,0,0,0,0,0,0,0,62,2026-02-05 23:05:04.332996
ATMN,23.99,23.99,24.07,,951000.0,,1098900.0,8121.0,3000.0,0,0,0,0,0,0,0,0,0,0,0,0,0,0,0,0,0,0,0,0,0,0,0,0,0,0,0,0,0,0,0,0,0,0,0,0,0,0,0,0,62,2026-02-05 23:05:04.332996
WNTR,25.66,25.39,25.42,10000.0,1305800.0,2000.0,847400.0,10000.0,2000.0,0,0,0,0,0,0,0,0,0,0,0,0,0,0,0,0,0,0,0,0,0,0,0,0,0,0,0,0,0,0,0,0,0,0,0,0,0,0,0,0,62,2026-02-05 23:05:04.332996
SPNG,25.28,25.28,25.41,1000.0,1500.0,1009300.0,1560000.0,3000.0,0,0,0,0,0,0,0,0,0,0,0,0,0,0,0,0,0,0,0,0,0,0,0,0,0,0,0,0,0,0,0,0,0,0,0,0,0,0,0,0,0,63,2026-02-05 23:05:05.395033
SMMR,25.78,25.59,25.77,2000.0,,897900.0,1386300.0,2000.0,0,0,0,0,0,0,0,0,0,0,0,0,0,0,0,0,0,0,0,0,0,0,0,0,0,0,0,0,0,0,0,0,0,0,0,0,0,0,0,0,0,63,2026-02-05 23:05:05.395033
ATMN,23.99,23.94,23.98,1000.0,,1147600.0,1440200.0,3000.0,0,0,0,0,0,0,0,0,0,0,0,0,0,0,0,0,0,0,0,0,0,0,0,0,0,0,0,0,0,0,0,0,0,0,0,0,0,0,0,0,0,63,2026-02-05 23:05:05.395033
WNTR,25.42,25.55,25.69,4000.0,1500.0,1625200.0,808300.0,,0,0,0,0,0,0,0,0,0,0,0,0,0,0,0,0,0,0,0,0,0,0,0,0,0,0,0,0,0,0,0,0,0,0,0,0,0,0,0,0,0,63,2026-02-05 23:05:05.395033
SPNG,24.34,23.89,24.34,1132200.0,1120700.0,100.0,5988.0,4000.0,,,,,0,0,0,0,0,0,0,0,0,0,0,0,0,0,0,0,0,0,0,0,0,0,0,0,0,0,0,0,0,0,0,0,0,0,0,0,0,64,2026-02-05 23:05:06.477766
SMMR,25.55,25.36,25.55,1015100.0,1188300.0,9777.0,6033.0,3000.0,1000.0,5000.0,,,0,0,0,0,0,0,0,0,0,0,0,0,0,0,0,0,0,0,0,0,0,0,0,0,0,0,0,0,0,0,0,0,0,0,0,0,0,64,2026-02-05 23:05:06.477766
ATMN,23.9,23.94,23.98,1251300.0,1180900.0,100.0,6104.0,4000.0,,,6152.0,,0,0,0,0,0,0,0,0,0,0,0,0,0,0,0,0,0,0,0,0,0,0,0,0,0,0,0,0,0,0,0,0,0,0,0,0,0,64,2026-02-05 23:05:06.477766
WNTR,25.59,25.56,25.57,1629300.0,913300.0,10000.0,,2000.0,2000.0,4000.0,1976.0,13551.0,0,0,0,0,0,0,0,0,0,0,0,0,0,0,0,0,0,0,0,0,0,0,0,0,0,0,0,0,0,0,0,0,0,0,0,0,0,64,2026-02-05 23:05:06.477766
SPNG,24.36,24.77,25.39,1508600.0,4000.0,2000.0,4399.0,100.0,1658700.0,2000.0,,,,0,0,0,0,0,0,0,0,0,0,0,0,0,0,0,0,0,0,0,0,0,0,0,0,0,0,0,0,0,0,0,0,0,0,0,0,65,2026-02-05 23:05:07.542872
SMMR,25.67,25.5,25.53,1235500.0,,2000.0,2598.0,9777.0,1613200.0,2000.0,7325.0,1676.0,,0,0,0,0,0,0,0,0,0,0,0,0,0,0,0,0,0,0,0,0,0,0,0,0,0,0,0,0,0,0,0,0,0,0,0,0,65,2026-02-05 23:05:07.542872
ATMN,23.57,23.9,23.95,1141900.0,,1000.0,,,1455600.0,1000.0,,,,0,0,0,0,0,0,0,0,0,0,0,0,0,0,0,0,0,0,0,0,0,0,0,0,0,0,0,0,0,0,0,0,0,0,0,0,65,2026-02-05 23:05:07.542872
WNTR,25.46,25.47,25.68,1735900.0,,1000.0,,,808300.0,2000.0,,4173.0,1500.0,0,0,0,0,0,0,0,0,0,0,0,0,0,0,0,0,0,0,0,0,0,0,0,0,0,0,0,0,0,0,0,0,0,0,0,0,65,2026-02-05 23:05:07.542872
SPNG,25.24,25.2,25.24,1500.0,1508600.0,4000.0,2000.0,1418800.0,6146.0,2000.0,,0,0,0,0,0,0,0,0,0,0,0,0,0,0,0,0,0,0,0,0,0,0,0,0,0,0,0,0,0,0,0,0,0,0,0,0,0,0,66,2026-02-05 23:05:08.616897
SMMR,25.58,25.6,25.64,,1349300.0,4000.0,3000.0,1810400.0,,1000.0,1947.0,0,0,0,0,0,0,0,0,0,0,0,0,0,0,0,0,0,0,0,0,0,0,0,0,0,0,0,0,0,0,0,0,0,0,0,0,0,0,66,2026-02-05 23:05:08.616897
ATMN,23.69,23.65,23.69,,1331900.0,,1000.0,1561000.0,1060.0,2000.0,,0,0,0,0,0,0,0,0,0,0,0,0,0,0,0,0,0,0,0,0,0,0,0,0,0,0,0,0,0,0,0,0,0,0,0,0,0,0,66,2026-02-05 23:05:08.616897
WNTR,25.72,25.54,25.72,1500.0,1585600.0,4000.0,2000.0,819700.0,,,1043.0,0,0,0,0,0,0,0,0,0,0,0,0,0,0,0,0,0,0,0,0,0,0,0,0,0,0,0,0,0,0,0,0,0,0,0,0,0,0,66,2026-02-05 23:05:08.616897
SPNG,24.77,24.87,25.24,4000.0,1337.0,1595400.0,2000.0,1757300.0,100.0,1000.0,,,,0,0,0,0,0,0,0,0,0,0,0,0,0,0,0,0,0,0,0,0,0,0,0,0,0,0,0,0,0,0,0,0,0,0,0,0,67,2026-02-05 23:05:09.707344
SMMR,25.63,25.63,25.64,,,1349300.0,1000.0,1598100.0,,1000.0,9697.0,6116.0,,0,0,0,0,0,0,0,0,0,0,0,0,0,0,0,0,0,0,0,0,0,0,0,0,0,0,0,0,0,0,0,0,0,0,0,0,67,2026-02-05 23:05:09.707344
ATMN,23.68,23.66,23.68,6000.0,6157.0,1303800.0,2000.0,1142000.0,2376.0,3000.0,100.0,6117.0,6000.0,0,0,0,0,0,0,0,0,0,0,0,0,0,0,0,0,0,0,0,0,0,0,0,0,0,0,0,0,0,0,0,0,0,0,0,0,67,2026-02-05 23:05:09.707344
WNTR,25.72,25.67,25.71,4000.0,5798.0,1022700.0,2000.0,904500.0,3580.0,1000.0,19864.0,963.0,,0,0,0,0,0,0,0,0,0,0,0,0,0,0,0,0,0,0,0,0,0,0,0,0,0,0,0,0,0,0,0,0,0,0,0,0,67,2026-02-05 23:05:09.707344
SPNG,25.06,25.38,25.82,200.0,1500.0,1043300.0,3000.0,4000.0,4142.0,1631800.0,2000.0,,,,,0,0,0,0,0,0,0,0,0,0,0,0,0,0,0,0,0,0,0,0,0,0,0,0,0,0,0,0,0,0,0,0,0,0,68,2026-02-05 23:05:10.766709
SMMR,25.66,25.66,25.67,19697.0,1500.0,1207900.0,2000.0,,4106.0,1744400.0,1000.0,4143.0,,,,0,0,0,0,0,0,0,0,0,0,0,0,0,0,0,0,0,0,0,0,0,0,0,0,0,0,0,0,0,0,0,0,0,0,68,2026-02-05 23:05:10.766709
ATMN,23.71,23.67,23.7,2807.0,,1408600.0,2000.0,,6157.0,1259400.0,1000.0,,5856.0,,,0,0,0,0,0,0,0,0,0,0,0,0,0,0,0,0,0,0,0,0,0,0,0,0,0,0,0,0,0,0,0,0,0,0,68,2026-02-05 23:05:10.766709
WNTR,25.72,25.68,25.69,22420.0,1500.0,819600.0,3000.0,5000.0,6050.0,1013700.0,3000.0,5820.0,3580.0,1500.0,3360.0,0,0,0,0,0,0,0,0,0,0,0,0,0,0,0,0,0,0,0,0,0,0,0,0,0,0,0,0,0,0,0,0,0,0,68,2026-02-05 23:05:10.766709
SPNG,25.11,25.11,25.12,5740.0,3000.0,100.0,1500.0,1327300.0,1415700.0,3000.0,4908.0,,,,0,0,0,0,0,0,0,0,0,0,0,0,0,0,0,0,0,0,0,0,0,0,0,0,0,0,0,0,0,0,0,0,0,0,0,69,2026-02-05 23:05:11.864959
SMMR,25.57,25.5,25.56,,,,1500.0,1235500.0,1436100.0,2000.0,3423.0,1500.0,9630.0,,0,0,0,0,0,0,0,0,0,0,0,0,0,0,0,0,0,0,0,0,0,0,0,0,0,0,0,0,0,0,0,0,0,0,0,69,2026-02-05 23:05:11.864959
ATMN,23.8,23.8,24.28,5036.0,2000.0,100.0,1500.0,1244900.0,1259400.0,1000.0,,,,,0,0,0,0,0,0,0,0,0,0,0,0,0,0,0,0,0,0,0,0,0,0,0,0,0,0,0,0,0,0,0,0,0,0,0,69,2026-02-05 23:05:11.864959
WNTR,25.59,25.59,25.69,,,,,2152500.0,1009100.0,3000.0,5248.0,1500.0,9850.0,3360.0,0,0,0,0,0,0,0,0,0,0,0,0,0,0,0,0,0,0,0,0,0,0,0,0,0,0,0,0,0,0,0,0,0,0,0,69,2026-02-05 23:05:11.864959
SPNG,25.11,25.11,25.12,3000.0,100.0,4906.0,1414300.0,1016300.0,4000.0,3907.0,5966.0,1500.0,,,0,0,0,0,0,0,0,0,0,0,0,0,0,0,0,0,0,0,0,0,0,0,0,0,0,0,0,0,0,0,0,0,0,0,0,70,2026-02-05 23:05:12.428519
SMMR,25.49,25.5,25.56,1000.0,,2373.0,1378300.0,1436100.0,3000.0,9630.0,2963.0,,1500.0,,0,0,0,0,0,0,0,0,0,0,0,0,0,0,0,0,0,0,0,0,0,0,0,0,0,0,0,0,0,0,0,0,0,0,0,70,2026-02-05 23:05:12.428519
ATMN,23.8,23.8,24.07,2000.0,100.0,5036.0,1378500.0,1613200.0,1000.0,,,,1500.0,,0,0,0,0,0,0,0,0,0,0,0,0,0,0,0,0,0,0,0,0,0,0,0,0,0,0,0,0,0,0,0,0,0,0,0,70,2026-02-05 23:05:12.428519
WNTR,25.72,25.62,25.68,1000.0,,,1872500.0,1080100.0,1000.0,,2666.0,,,4000.0,0,0,0,0,0,0,0,0,0,0,0,0,0,0,0,0,0,0,0,0,0,0,0,0,0,0,0,0,0,0,0,0,0,0,0,70,2026-02-05 23:05:12.428519
SPNG,25.12,25.24,25.25,1500.0,1107700.0,3000.0,7883.0,4906.0,5127.0,1500.0,1287500.0,1500.0,1000.0,,,0,0,0,0,0,0,0,0,0,0,0,0,0,0,0,0,0,0,0,0,0,0,0,0,0,0,0,0,0,0,0,0,0,0,71,2026-02-05 23:05:13.500781
SMMR,25.53,25.53,25.54,1500.0,1441900.0,2000.0,,2694.0,4084.0,1500.0,1343300.0,,3000.0,5000.0,9630.0,0,0,0,0,0,0,0,0,0,0,0,0,0,0,0,0,0,0,0,0,0,0,0,0,0,0,0,0,0,0,0,0,0,0,71,2026-02-05 23:05:13.500781
ATMN,23.8,23.67,23.78,,1956400.0,,100.0,,2848.0,1500.0,1361200.0,,2000.0,,100.0,0,0,0,0,0,0,0,0,0,0,0,0,0,0,0,0,0,0,0,0,0,0,0,0,0,0,0,0,0,0,0,0,0,0,71,2026-02-05 23:05:13.500781
WNTR,25.73,25.69,25.72,1500.0,1474500.0,2000.0,9811.0,1872.0,1333.0,1500.0,955200.0,,1000.0,4000.0,,0,0,0,0,0,0,0,0,0,0,0,0,0,0,0,0,0,0,0,0,0,0,0,0,0,0,0,0,0,0,0,0,0,0,71,2026-02-05 23:05:13.500781
SPNG,25.11,25.12,25.25,5434.0,7783.0,1000.0,1674200.0,100.0,4382.0,1297200.0,1000.0,1500.0,,,,0,0,0,0,0,0,0,0,0,0,0,0,0,0,0,0,0,0,0,0,0,0,0,0,0,0,0,0,0,0,0,0,0,0,72,2026-02-05 23:05:14.579318
SMMR,25.46,25.53,25.54,,,1000.0,1713900.0,18500.0,3363.0,1436100.0,2000.0,,,,,0,0,0,0,0,0,0,0,0,0,0,0,0,0,0,0,0,0,0,0,0,0,0,0,0,0,0,0,0,0,0,0,0,0,72,2026-02-05 23:05:14.579318
ATMN,24.07,23.71,23.92,,2433.0,1000.0,1627800.0,,3077.0,1319300.0,2000.0,,1500.0,1640.0,1500.0,0,0,0,0,0,0,0,0,0,0,0,0,0,0,0,0,0,0,0,0,0,0,0,0,0,0,0,0,0,0,0,0,0,0,72,2026-02-05 23:05:14.579318
WNTR,25.55,25.72,25.73,,,1000.0,2043700.0,,3661.0,1077000.0,1000.0,,,,,0,0,0,0,0,0,0,0,0,0,0,0,0,0,0,0,0,0,0,0,0,0,0,0,0,0,0,0,0,0,0,0,0,0,72,2026-02-05 23:05:14.579318
SPNG,24.78,25.31,25.33,4862.0,1914400.0,1487500.0,2000.0,3137.0,,,,,0,0,0,0,0,0,0,0,0,0,0,0,0,0,0,0,0,0,0,0,0,0,0,0,0,0,0,0,0,0,0,0,0,0,0,0,0,73,2026-02-05 23:05:15.649436
SMMR,25.57,25.5,25.56,,1714400.0,1777200.0,2000.0,2002.0,5227.0,2000.0,1500.0,,0,0,0,0,0,0,0,0,0,0,0,0,0,0,0,0,0,0,0,0,0,0,0,0,0,0,0,0,0,0,0,0,0,0,0,0,0,73,2026-02-05 23:05:15.649436
ATMN,24.25,23.69,24.24,1009.0,1907500.0,1640600.0,3000.0,,,1000.0,1500.0,1500.0,0,0,0,0,0,0,0,0,0,0,0,0,0,0,0,0,0,0,0,0,0,0,0,0,0,0,0,0,0,0,0,0,0,0,0,0,0,73,2026-02-05 23:05:15.649436
WNTR,25.65,25.5,25.65,,2062200.0,1193700.0,4000.0,5631.0,,1000.0,,,0,0,0,0,0,0,0,0,0,0,0,0,0,0,0,0,0,0,0,0,0,0,0,0,0,0,0,0,0,0,0,0,0,0,0,0,0,73,2026-02-05 23:05:15.649436
SPNG,24.8,24.78,24.8,2205500.0,3137.0,1208200.0,3407.0,16963.0,1500.0,3000.0,,,,,0,0,0,0,0,0,0,0,0,0,0,0,0,0,0,0,0,0,0,0,0,0,0,0,0,0,0,0,0,0,0,0,0,0,0,74,2026-02-05 23:05:16.719421
SMMR,25.67,25.68,25.69,1292600.0,3316.0,1952500.0,,,1500.0,,1500.0,5227.0,2000.0,,0,0,0,0,0,0,0,0,0,0,0,0,0,0,0,0,0,0,0,0,0,0,0,0,0,0,0,0,0,0,0,0,0,0,0,74,2026-02-05 23:05:16.719421
ATMN,23.94,23.94,23.99,1405100.0,5504.0,1647000.0,,,1500.0,3000.0,1500.0,,2000.0,,0,0,0,0,0,0,0,0,0,0,0,0,0,0,0,0,0,0,0,0,0,0,0,0,0,0,0,0,0,0,0,0,0,0,0,74,2026-02-05 23:05:16.719421
WNTR,25.65,25.56,25.65,1853300.0,665.0,1283200.0,5153.0,,,2000.0,1500.0,,,1640.0,0,0,0,0,0,0,0,0,0,0,0,0,0,0,0,0,0,0,0,0,0,0,0,0,0,0,0,0,0,0,0,0,0,0,0,74,2026-02-05 23:05:16.719421
SPNG,24.79,24.99,25.4,10000.0,1500.0,1286100.0,5257.0,2000.0,2720.0,1949500.0,,,,,,0,0,0,0,0,0,0,0,0,0,0,0,0,0,0,0,0,0,0,0,0,0,0,0,0,0,0,0,0,0,0,0,0,0,75,2026-02-05 23:05:17.799529
SMMR,25.53,25.68,25.69,2273.0,,1451100.0,2246.0,3000.0,,1817200.0,2000.0,9362.0,,,,0,0,0,0,0,0,0,0,0,0,0,0,0,0,0,0,0,0,0,0,0,0,0,0,0,0,0,0,0,0,0,0,0,0,75,2026-02-05 23:05:17.799529
ATMN,23.96,23.89,23.9,,,1684000.0,5413.0,1000.0,,1547100.0,3000.0,,1500.0,4000.0,,0,0,0,0,0,0,0,0,0,0,0,0,0,0,0,0,0,0,0,0,0,0,0,0,0,0,0,0,0,0,0,0,0,0,75,2026-02-05 23:05:17.799529
WNTR,25.51,25.53,25.61,,,1954300.0,725.0,,,1268500.0,2000.0,,1500.0,1640.0,2161.0,0,0,0,0,0,0,0,0,0,0,0,0,0,0,0,0,0,0,0,0,0,0,0,0,0,0,0,0,0,0,0,0,0,0,75,2026-02-05 23:05:17.799529
SPNG,25.4,25.15,25.38,3000.0,1500.0,1007.0,1678800.0,2720.0,2000.0,1503100.0,3518.0,,,,,0,0,0,0,0,0,0,0,0,0,0,0,0,0,0,0,0,0,0,0,0,0,0,0,0,0,0,0,0,0,0,0,0,0,76,2026-02-05 23:05:18.855507
SMMR,25.69,25.68,25.69,3000.0,,3453.0,1312500.0,,1000.0,1564500.0,4197.0,11582.0,18500.0,,,0,0,0,0,0,0,0,0,0,0,0,0,0,0,0,0,0,0,0,0,0,0,0,0,0,0,0,0,0,0,0,0,0,0,76,2026-02-05 23:05:18.855507
ATMN,23.79,23.82,23.89,1000.0,1500.0,,2118300.0,,3000.0,1466700.0,,,6861.0,1500.0,4000.0,0,0,0,0,0,0,0,0,0,0,0,0,0,0,0,0,0,0,0,0,0,0,0,0,0,0,0,0,0,0,0,0,0,0,76,2026-02-05 23:05:18.855507
WNTR,25.73,25.68,25.69,1000.0,,1791.0,1487400.0,,2000.0,1163600.0,855.0,19096.0,5682.0,,4000.0,0,0,0,0,0,0,0,0,0,0,0,0,0,0,0,0,0,0,0,0,0,0,0,0,0,0,0,0,0,0,0,0,0,0,76,2026-02-05 23:05:18.855507
SPNG,25.17,25.8,25.82,1795800.0,1801.0,3000.0,1500.0,1770300.0,1000.0,1622.0,,,,0,0,0,0,0,0,0,0,0,0,0,0,0,0,0,0,0,0,0,0,0,0,0,0,0,0,0,0,0,0,0,0,0,0,0,0,77,2026-02-05 23:05:19.420875
SMMR,25.7,25.68,25.7,1193900.0,4197.0,3000.0,,1657300.0,1000.0,3456.0,11582.0,5000.0,,0,0,0,0,0,0,0,0,0,0,0,0,0,0,0,0,0,0,0,0,0,0,0,0,0,0,0,0,0,0,0,0,0,0,0,0,77,2026-02-05 23:05:19.420875
ATMN,23.87,23.57,23.87,2004500.0,,,,1294400.0,2000.0,4952.0,,4000.0,6861.0,0,0,0,0,0,0,0,0,0,0,0,0,0,0,0,0,0,0,0,0,0,0,0,0,0,0,0,0,0,0,0,0,0,0,0,0,77,2026-02-05 23:05:19.420875
WNTR,25.68,25.69,25.71,1041500.0,3041.0,1000.0,1500.0,1163600.0,,,19096.0,,,0,0,0,0,0,0,0,0,0,0,0,0,0,0,0,0,0,0,0,0,0,0,0,0,0,0,0,0,0,0,0,0,0,0,0,0,77,2026-02-05 23:05:19.420875
SPNG,25.8,25.8,25.82,1028400.0,5000.0,100.0,2720.0,5581.0,1227000.0,3000.0,5025.0,100.0,,,,0,0,0,0,0,0,0,0,0,0,0,0,0,0,0,0,0,0,0,0,0,0,0,0,0,0,0,0,0,0,0,0,0,0,78,2026-02-05 23:05:20.530264
SMMR,25.46,25.47,25.68,1817500.0,1000.0,,,,1252500.0,3000.0,4674.0,,1500.0,5000.0,,0,0,0,0,0,0,0,0,0,0,0,0,0,0,0,0,0,0,0,0,0,0,0,0,0,0,0,0,0,0,0,0,0,0,78,2026-02-05 23:05:20.530264
ATMN,23.99,23.88,23.97,1653800.0,1000.0,,,5190.0,1808800.0,1000.0,,6861.0,,,,0,0,0,0,0,0,0,0,0,0,0,0,0,0,0,0,0,0,0,0,0,0,0,0,0,0,0,0,0,0,0,0,0,0,78,2026-02-05 23:05:20.530264
WNTR,25.66,25.65,25.66,1596100.0,1000.0,9575.0,,1275.0,1197500.0,2000.0,3643.0,1456.0,1500.0,3140.0,1500.0,0,0,0,0,0,0,0,0,0,0,0,0,0,0,0,0,0,0,0,0,0,0,0,0,0,0,0,0,0,0,0,0,0,0,78,2026-02-05 23:05:20.530264
SPNG,25.01,24.81,25.01,2253200.0,1000.0,1256200.0,3000.0,9900.0,4294.0,,,,,,,0,0,0,0,0,0,0,0,0,0,0,0,0,0,0,0,0,0,0,0,0,0,0,0,0,0,0,0,0,0,0,0,0,0,79,2026-02-05 23:05:21.595248
SMMR,25.68,25.5,25.52,1436900.0,2000.0,1506800.0,3000.0,,4797.0,3313.0,3486.0,,,,,0,0,0,0,0,0,0,0,0,0,0,0,0,0,0,0,0,0,0,0,0,0,0,0,0,0,0,0,0,0,0,0,0,0,79,2026-02-05 23:05:21.595248
ATMN,23.99,23.91,23.96,1541500.0,2000.0,1629000.0,2000.0,,2697.0,100.0,3159.0,2500.0,,,,0,0,0,0,0,0,0,0,0,0,0,0,0,0,0,0,0,0,0,0,0,0,0,0,0,0,0,0,0,0,0,0,0,0,79,2026-02-05 23:05:21.595248
WNTR,25.59,25.57,25.58,1915800.0,1000.0,1127700.0,3000.0,,4428.0,,,,1500.0,1500.0,3140.0,0,0,0,0,0,0,0,0,0,0,0,0,0,0,0,0,0,0,0,0,0,0,0,0,0,0,0,0,0,0,0,0,0,0,79,2026-02-05 23:05:21.595248
SPNG,25.42,25.42,25.45,1234700.0,5471.0,2000.0,1500.0,4000.0,100.0,1500.0,1598900.0,2000.0,9900.0,,,0,0,0,0,0,0,0,0,0,0,0,0,0,0,0,0,0,0,0,0,0,0,0,0,0,0,0,0,0,0,0,0,0,0,80,2026-02-05 23:05:22.658992
SMMR,25.46,25.45,25.46,1918900.0,1405.0,,,,,,1508300.0,3000.0,,4797.0,,0,0,0,0,0,0,0,0,0,0,0,0,0,0,0,0,0,0,0,0,0,0,0,0,0,0,0,0,0,0,0,0,0,0,80,2026-02-05 23:05:22.658992
ATMN,23.91,23.92,24.01,1197000.0,5293.0,3000.0,,2500.0,100.0,1500.0,1839500.0,1000.0,,,,0,0,0,0,0,0,0,0,0,0,0,0,0,0,0,0,0,0,0,0,0,0,0,0,0,0,0,0,0,0,0,0,0,0,80,2026-02-05 23:05:22.658992
WNTR,25.59,25.57,25.59,1786300.0,,2000.0,,,5716.0,,1242200.0,2000.0,,4987.0,3140.0,0,0,0,0,0,0,0,0,0,0,0,0,0,0,0,0,0,0,0,0,0,0,0,0,0,0,0,0,0,0,0,0,0,0,80,2026-02-05 23:05:22.658992
SPNG,25.39,25.03,25.39,1447300.0,2000.0,3705.0,4000.0,100.0,1694900.0,2000.0,9900.0,,,,,0,0,0,0,0,0,0,0,0,0,0,0,0,0,0,0,0,0,0,0,0,0,0,0,0,0,0,0,0,0,0,0,0,0,81,2026-02-05 23:05:23.706884
SMMR,25.59,25.51,25.59,1963400.0,1000.0,,5000.0,,1943000.0,,,3150.0,,,,0,0,0,0,0,0,0,0,0,0,0,0,0,0,0,0,0,0,0,0,0,0,0,0,0,0,0,0,0,0,0,0,0,0,81,2026-02-05 23:05:23.706884
ATMN,23.75,23.93,23.96,1796300.0,,3043.0,,,1401100.0,2000.0,10000.0,2679.0,1500.0,1500.0,,0,0,0,0,0,0,0,0,0,0,0,0,0,0,0,0,0,0,0,0,0,0,0,0,0,0,0,0,0,0,0,0,0,0,81,2026-02-05 23:05:23.706884
WNTR,25.77,25.57,25.59,1466600.0,3000.0,,5000.0,5816.0,1313900.0,,,,,,5000.0,0,0,0,0,0,0,0,0,0,0,0,0,0,0,0,0,0,0,0,0,0,0,0,0,0,0,0,0,0,0,0,0,0,0,81,2026-02-05 23:05:23.706884
SPNG,25.39,25.07,25.35,1500.0,100.0,3000.0,1195600.0,5026.0,1500.0,1521500.0,2000.0,2227.0,,,,0,0,0,0,0,0,0,0,0,0,0,0,0,0,0,0,0,0,0,0,0,0,0,0,0,0,0,0,0,0,0,0,0,0,82,2026-02-05 23:05:24.773455
SMMR,25.59,25.54,25.55,1500.0,,3000.0,1174500.0,2488.0,1500.0,1738600.0,1000.0,3232.0,5000.0,,,0,0,0,0,0,0,0,0,0,0,0,0,0,0,0,0,0,0,0,0,0,0,0,0,0,0,0,0,0,0,0,0,0,0,82,2026-02-05 23:05:24.773455
ATMN,23.93,23.92,23.93,,1291.0,,1809300.0,1811.0,,1182600.0,4000.0,3256.0,6008.0,5000.0,,0,0,0,0,0,0,0,0,0,0,0,0,0,0,0,0,0,0,0,0,0,0,0,0,0,0,0,0,0,0,0,0,0,0,82,2026-02-05 23:05:24.773455
WNTR,25.57,25.57,25.58,,9575.0,3000.0,1048400.0,2131.0,,1313900.0,2000.0,2463.0,5000.0,9220.0,5000.0,0,0,0,0,0,0,0,0,0,0,0,0,0,0,0,0,0,0,0,0,0,0,0,0,0,0,0,0,0,0,0,0,0,0,82,2026-02-05 23:05:24.773455
SPNG,25.43,25.47,25.81,300.0,1500.0,4872.0,3000.0,890100.0,4000.0,3830.0,2000.0,1438100.0,,,,0,0,0,0,0,0,0,0,0,0,0,0,0,0,0,0,0,0,0,0,0,0,0,0,0,0,0,0,0,0,0,0,0,0,83,2026-02-05 23:05:25.844206
SMMR,25.71,25.6,25.68,16162.0,1500.0,2047.0,3000.0,1074900.0,3679.0,,1000.0,1858400.0,1500.0,1271.0,,0,0,0,0,0,0,0,0,0,0,0,0,0,0,0,0,0,0,0,0,0,0,0,0,0,0,0,0,0,0,0,0,0,0,83,2026-02-05 23:05:25.844206
ATMN,23.57,23.92,23.93,,,,1000.0,2004500.0,,4401.0,3000.0,1210500.0,,13747.0,,0,0,0,0,0,0,0,0,0,0,0,0,0,0,0,0,0,0,0,0,0,0,0,0,0,0,0,0,0,0,0,0,0,0,83,2026-02-05 23:05:25.844206
WNTR,25.56,25.56,25.58,,,3800.0,,1581200.0,,6192.0,3000.0,849500.0,,16425.0,5000.0,0,0,0,0,0,0,0,0,0,0,0,0,0,0,0,0,0,0,0,0,0,0,0,0,0,0,0,0,0,0,0,0,0,0,83,2026-02-05 23:05:25.844206
SPNG,24.81,25.21,25.76,100.0,1500.0,4000.0,1806800.0,1000.0,100.0,3830.0,1000.0,1417400.0,,,,0,0,0,0,0,0,0,0,0,0,0,0,0,0,0,0,0,0,0,0,0,0,0,0,0,0,0,0,0,0,0,0,0,0,84,2026-02-05 23:05:26.905606
SMMR,25.71,25.67,25.71,100.0,,3679.0,1087500.0,4000.0,1271.0,,,2042700.0,3449.0,,,0,0,0,0,0,0,0,0,0,0,0,0,0,0,0,0,0,0,0,0,0,0,0,0,0,0,0,0,0,0,0,0,0,0,84,2026-02-05 23:05:26.905606
ATMN,23.67,23.57,23.62,,,,2238700.0,1000.0,2500.0,4979.0,4000.0,1089500.0,,6006.0,,0,0,0,0,0,0,0,0,0,0,0,0,0,0,0,0,0,0,0,0,0,0,0,0,0,0,0,0,0,0,0,0,0,0,84,2026-02-05 23:05:26.905606
WNTR,25.55,25.56,25.57,,1500.0,,1589400.0,1000.0,,3846.0,3000.0,1118600.0,2260.0,5000.0,1500.0,0,0,0,0,0,0,0,0,0,0,0,0,0,0,0,0,0,0,0,0,0,0,0,0,0,0,0,0,0,0,0,0,0,0,84,2026-02-05 23:05:26.905606
SPNG,25.21,25.25,25.77,1392100.0,2000.0,5737.0,4000.0,1198.0,1907100.0,,,,0,0,0,0,0,0,0,0,0,0,0,0,0,0,0,0,0,0,0,0,0,0,0,0,0,0,0,0,0,0,0,0,0,0,0,0,0,85,2026-02-05 23:05:27.458771
SMMR,25.76,25.68,25.7,1482400.0,4000.0,1542.0,,,2038900.0,100.0,1000.0,,0,0,0,0,0,0,0,0,0,0,0,0,0,0,0,0,0,0,0,0,0,0,0,0,0,0,0,0,0,0,0,0,0,0,0,0,0,85,2026-02-05 23:05:27.458771
ATMN,23.67,23.77,23.93,1985700.0,2000.0,,,4979.0,1437500.0,,3000.0,,0,0,0,0,0,0,0,0,0,0,0,0,0,0,0,0,0,0,0,0,0,0,0,0,0,0,0,0,0,0,0,0,0,0,0,0,0,85,2026-02-05 23:05:27.458771
WNTR,25.68,25.56,25.68,1486300.0,2000.0,2260.0,,,1619000.0,,,1500.0,0,0,0,0,0,0,0,0,0,0,0,0,0,0,0,0,0,0,0,0,0,0,0,0,0,0,0,0,0,0,0,0,0,0,0,0,0,85,2026-02-05 23:05:27.458771
SPNG,25.16,25.57,25.73,1746600.0,3424.0,2000.0,7097.0,1907100.0,,,,,,,,0,0,0,0,0,0,0,0,0,0,0,0,0,0,0,0,0,0,0,0,0,0,0,0,0,0,0,0,0,0,0,0,0,0,86,2026-02-05 23:05:28.524913
SMMR,25.53,25.58,25.71,1704600.0,,1000.0,1271.0,1315600.0,5530.0,1500.0,3679.0,1500.0,5442.0,2000.0,,0,0,0,0,0,0,0,0,0,0,0,0,0,0,0,0,0,0,0,0,0,0,0,0,0,0,0,0,0,0,0,0,0,0,86,2026-02-05 23:05:28.524913
ATMN,23.77,23.78,23.96,983200.0,3900.0,4000.0,,1867900.0,2500.0,1500.0,3646.0,1500.0,,2000.0,,0,0,0,0,0,0,0,0,0,0,0,0,0,0,0,0,0,0,0,0,0,0,0,0,0,0,0,0,0,0,0,0,0,0,86,2026-02-05 23:05:28.524913
WNTR,25.58,25.59,25.63,1818400.0,903.0,1000.0,18947.0,1425000.0,628.0,,,1500.0,,2000.0,4000.0,0,0,0,0,0,0,0,0,0,0,0,0,0,0,0,0,0,0,0,0,0,0,0,0,0,0,0,0,0,0,0,0,0,0,86,2026-02-05 23:05:28.524913
SPNG,25.63,25.63,25.64,1418000.0,3000.0,4956.0,1000.0,1919600.0,1000.0,,,,,0,0,0,0,0,0,0,0,0,0,0,0,0,0,0,0,0,0,0,0,0,0,0,0,0,0,0,0,0,0,0,0,0,0,0,0,87,2026-02-05 23:05:29.709717
SMMR,25.76,25.76,25.77,1510000.0,,3408.0,2000.0,2139900.0,,,,,,0,0,0,0,0,0,0,0,0,0,0,0,0,0,0,0,0,0,0,0,0,0,0,0,0,0,0,0,0,0,0,0,0,0,0,0,87,2026-02-05 23:05:29.709717
ATMN,23.75,23.57,23.67,2242600.0,,,,1180500.0,3000.0,3000.0,5634.0,,,0,0,0,0,0,0,0,0,0,0,0,0,0,0,0,0,0,0,0,0,0,0,0,0,0,0,0,0,0,0,0,0,0,0,0,0,87,2026-02-05 23:05:29.709717
WNTR,25.72,25.6,25.62,1384100.0,1500.0,3121.0,2000.0,1641700.0,,1500.0,2865.0,8800.0,6425.0,0,0,0,0,0,0,0,0,0,0,0,0,0,0,0,0,0,0,0,0,0,0,0,0,0,0,0,0,0,0,0,0,0,0,0,0,87,2026-02-05 23:05:29.709717
SPNG,25.43,25.61,25.64,1881400.0,1500.0,1000.0,100.0,1440600.0,2000.0,2920.0,,,,0,0,0,0,0,0,0,0,0,0,0,0,0,0,0,0,0,0,0,0,0,0,0,0,0,0,0,0,0,0,0,0,0,0,0,0,88,2026-02-05 23:05:30.783006
SMMR,25.6,25.57,25.59,2029400.0,,1000.0,,1354700.0,2000.0,4693.0,10680.0,5000.0,,0,0,0,0,0,0,0,0,0,0,0,0,0,0,0,0,0,0,0,0,0,0,0,0,0,0,0,0,0,0,0,0,0,0,0,0,88,2026-02-05 23:05:30.783006
ATMN,23.67,23.78,23.86,1856300.0,,2000.0,,1450100.0,2000.0,5634.0,100.0,,4000.0,0,0,0,0,0,0,0,0,0,0,0,0,0,0,0,0,0,0,0,0,0,0,0,0,0,0,0,0,0,0,0,0,0,0,0,0,88,2026-02-05 23:05:30.783006
WNTR,25.54,25.61,25.62,2029500.0,,1000.0,,1358900.0,1000.0,4800.0,6425.0,5000.0,,0,0,0,0,0,0,0,0,0,0,0,0,0,0,0,0,0,0,0,0,0,0,0,0,0,0,0,0,0,0,0,0,0,0,0,0,88,2026-02-05 23:05:30.783006
SPNG,25.36,25.36,25.64,1907600.0,100.0,2989.0,1696700.0,2000.0,2893.0,,,,,0,0,0,0,0,0,0,0,0,0,0,0,0,0,0,0,0,0,0,0,0,0,0,0,0,0,0,0,0,0,0,0,0,0,0,0,89,2026-02-05 23:05:31.828343
SMMR,25.77,25.73,25.77,2044000.0,,,1406100.0,2000.0,,1000.0,2151.0,5705.0,,0,0,0,0,0,0,0,0,0,0,0,0,0,0,0,0,0,0,0,0,0,0,0,0,0,0,0,0,0,0,0,0,0,0,0,0,89,2026-02-05 23:05:31.828343
ATMN,23.78,23.82,23.83,1225700.0,8362.0,3844.0,1668300.0,3000.0,,2000.0,200.0,,4000.0,0,0,0,0,0,0,0,0,0,0,0,0,0,0,0,0,0,0,0,0,0,0,0,0,0,0,0,0,0,0,0,0,0,0,0,0,89,2026-02-05 23:05:31.828343
WNTR,25.54,25.52,25.54,2017400.0,,,1104900.0,2000.0,,1000.0,15149.0,6928.0,,0,0,0,0,0,0,0,0,0,0,0,0,0,0,0,0,0,0,0,0,0,0,0,0,0,0,0,0,0,0,0,0,0,0,0,0,89,2026-02-05 23:05:31.828343
SPNG,25.43,25.43,25.64,2239300.0,1000.0,1696700.0,3000.0,,,,,,,,0,0,0,0,0,0,0,0,0,0,0,0,0,0,0,0,0,0,0,0,0,0,0,0,0,0,0,0,0,0,0,0,0,0,0,90,2026-02-05 23:05:32.897139
SMMR,25.57,25.59,25.72,1386400.0,1000.0,1563100.0,3000.0,8377.0,1500.0,3677.0,3990.0,1500.0,1321.0,,0,0,0,0,0,0,0,0,0,0,0,0,0,0,0,0,0,0,0,0,0,0,0,0,0,0,0,0,0,0,0,0,0,0,0,90,2026-02-05 23:05:32.897139
ATMN,23.82,23.84,23.85,1443600.0,2000.0,1643100.0,2000.0,8187.0,,5047.0,,,,4602.0,0,0,0,0,0,0,0,0,0,0,0,0,0,0,0,0,0,0,0,0,0,0,0,0,0,0,0,0,0,0,0,0,0,0,0,90,2026-02-05 23:05:32.897139
WNTR,25.52,25.52,25.53,1936600.0,2000.0,1095100.0,3000.0,,,,,,4000.0,6928.0,0,0,0,0,0,0,0,0,0,0,0,0,0,0,0,0,0,0,0,0,0,0,0,0,0,0,0,0,0,0,0,0,0,0,0,90,2026-02-05 23:05:32.897139
SPNG,25.49,25.49,25.59,2219500.0,1000.0,2893.0,100.0,4325.0,1227100.0,2000.0,,,,,0,0,0,0,0,0,0,0,0,0,0,0,0,0,0,0,0,0,0,0,0,0,0,0,0,0,0,0,0,0,0,0,0,0,0,91,2026-02-05 23:05:33.947645
SMMR,25.66,25.68,25.7,1352500.0,2000.0,1321.0,7471.0,5621.0,1161200.0,3000.0,16675.0,5059.0,,,0,0,0,0,0,0,0,0,0,0,0,0,0,0,0,0,0,0,0,0,0,0,0,0,0,0,0,0,0,0,0,0,0,0,0,91,2026-02-05 23:05:33.947645
ATMN,23.89,23.89,23.9,1129500.0,2000.0,,,1007.0,2080400.0,,10214.0,5047.0,1500.0,4182.0,0,0,0,0,0,0,0,0,0,0,0,0,0,0,0,0,0,0,0,0,0,0,0,0,0,0,0,0,0,0,0,0,0,0,0,91,2026-02-05 23:05:33.947645
WNTR,25.63,25.61,25.63,1172200.0,3000.0,5000.0,8488.0,4800.0,1339700.0,1000.0,8488.0,3208.0,,4000.0,0,0,0,0,0,0,0,0,0,0,0,0,0,0,0,0,0,0,0,0,0,0,0,0,0,0,0,0,0,0,0,0,0,0,0,91,2026-02-05 23:05:33.947645
SPNG,25.49,25.51,25.57,3638.0,1790800.0,2000.0,3330.0,200.0,2893.0,3000.0,1241500.0,,,,0,0,0,0,0,0,0,0,0,0,0,0,0,0,0,0,0,0,0,0,0,0,0,0,0,0,0,0,0,0,0,0,0,0,0,92,2026-02-05 23:05:34.497159
SMMR,25.77,25.68,25.77,5059.0,1222800.0,2000.0,,,,,2159200.0,16675.0,4000.0,,0,0,0,0,0,0,0,0,0,0,0,0,0,0,0,0,0,0,0,0,0,0,0,0,0,0,0,0,0,0,0,0,0,0,0,92,2026-02-05 23:05:34.497159
ATMN,23.97,24.01,24.02,5047.0,1331700.0,2000.0,,,,,2173500.0,10214.0,,,0,0,0,0,0,0,0,0,0,0,0,0,0,0,0,0,0,0,0,0,0,0,0,0,0,0,0,0,0,0,0,0,0,0,0,92,2026-02-05 23:05:34.497159
WNTR,25.5,25.51,25.52,3008.0,1592800.0,,1741.0,8488.0,5000.0,1000.0,1563100.0,,,1500.0,0,0,0,0,0,0,0,0,0,0,0,0,0,0,0,0,0,0,0,0,0,0,0,0,0,0,0,0,0,0,0,0,0,0,0,92,2026-02-05 23:05:34.497159
SPNG,25.53,25.52,25.53,3000.0,2142600.0,1500.0,2897.0,6326.0,4000.0,1867.0,768400.0,,,,0,0,0,0,0,0,0,0,0,0,0,0,0,0,0,0,0,0,0,0,0,0,0,0,0,0,0,0,0,0,0,0,0,0,0,93,2026-02-05 23:05:35.551681
SMMR,25.62,25.62,25.7,,2059300.0,1500.0,,4427.0,2000.0,,1545500.0,8377.0,,,0,0,0,0,0,0,0,0,0,0,0,0,0,0,0,0,0,0,0,0,0,0,0,0,0,0,0,0,0,0,0,0,0,0,0,93,2026-02-05 23:05:35.551681
ATMN,23.95,23.89,23.9,1500.0,1448700.0,1500.0,3641.0,3779.0,2000.0,,1450200.0,8187.0,1000.0,5501.0,0,0,0,0,0,0,0,0,0,0,0,0,0,0,0,0,0,0,0,0,0,0,0,0,0,0,0,0,0,0,0,0,0,0,0,93,2026-02-05 23:05:35.551681
WNTR,25.5,25.48,25.5,,1799100.0,,5000.0,3155.0,3000.0,15760.0,1223600.0,1512.0,,1212.0,0,0,0,0,0,0,0,0,0,0,0,0,0,0,0,0,0,0,0,0,0,0,0,0,0,0,0,0,0,0,0,0,0,0,0,93,2026-02-05 23:05:35.551681
SPNG,25.53,25.52,25.53,4394.0,1000.0,1717400.0,1650.0,5684.0,2897.0,4000.0,1087600.0,,,,,0,0,0,0,0,0,0,0,0,0,0,0,0,0,0,0,0,0,0,0,0,0,0,0,0,0,0,0,0,0,0,0,0,0,94,2026-02-05 23:05:36.629661
SMMR,25.64,25.63,25.64,3380.0,,1841700.0,,4307.0,,1000.0,1649700.0,1500.0,,,,0,0,0,0,0,0,0,0,0,0,0,0,0,0,0,0,0,0,0,0,0,0,0,0,0,0,0,0,0,0,0,0,0,0,94,2026-02-05 23:05:36.629661
ATMN,24.05,23.9,23.91,4670.0,2000.0,1448700.0,,,,,2107600.0,1500.0,1500.0,,,0,0,0,0,0,0,0,0,0,0,0,0,0,0,0,0,0,0,0,0,0,0,0,0,0,0,0,0,0,0,0,0,0,0,94,2026-02-05 23:05:36.629661
WNTR,25.61,25.49,25.61,1212.0,1000.0,1465100.0,,4381.0,,,1675900.0,,1500.0,2500.0,4358.0,0,0,0,0,0,0,0,0,0,0,0,0,0,0,0,0,0,0,0,0,0,0,0,0,0,0,0,0,0,0,0,0,0,0,94,2026-02-05 23:05:36.629661
SPNG,25.2,25.31,25.51,2253400.0,1000.0,6002.0,1750.0,4967.0,974900.0,4000.0,,,0,0,0,0,0,0,0,0,0,0,0,0,0,0,0,0,0,0,0,0,0,0,0,0,0,0,0,0,0,0,0,0,0,0,0,0,0,95,2026-02-05 23:05:37.692752
SMMR,25.57,25.53,25.54,2036400.0,1000.0,,8055.0,6512.0,1459600.0,2000.0,,,0,0,0,0,0,0,0,0,0,0,0,0,0,0,0,0,0,0,0,0,0,0,0,0,0,0,0,0,0,0,0,0,0,0,0,0,0,95,2026-02-05 23:05:37.692752
ATMN,23.91,23.92,23.93,1545800.0,3000.0,,,810.0,2110900.0,,2743.0,10000.0,0,0,0,0,0,0,0,0,0,0,0,0,0,0,0,0,0,0,0,0,0,0,0,0,0,0,0,0,0,0,0,0,0,0,0,0,0,95,2026-02-05 23:05:37.692752
WNTR,25.62,25.62,25.63,1062700.0,3000.0,,,1766.0,1733900.0,1000.0,2626.0,18890.0,0,0,0,0,0,0,0,0,0,0,0,0,0,0,0,0,0,0,0,0,0,0,0,0,0,0,0,0,0,0,0,0,0,0,0,0,0,95,2026-02-05 23:05:37.692752
SPNG,25.21,25.05,25.21,2374700.0,1373600.0,4854.0,3000.0,,,,0,0,0,0,0,0,0,0,0,0,0,0,0,0,0,0,0,0,0,0,0,0,0,0,0,0,0,0,0,0,0,0,0,0,0,0,0,0,0,96,2026-02-05 23:05:38.777529
SMMR,25.64,25.53,25.64,1926000.0,1991900.0,1525.0,1000.0,2000.0,,,0,0,0,0,0,0,0,0,0,0,0,0,0,0,0,0,0,0,0,0,0,0,0,0,0,0,0,0,0,0,0,0,0,0,0,0,0,0,0,96,2026-02-05 23:05:38.777529
ATMN,23.76,23.86,23.92,2060100.0,1753900.0,1407.0,2000.0,,1500.0,,0,0,0,0,0,0,0,0,0,0,0,0,0,0,0,0,0,0,0,0,0,0,0,0,0,0,0,0,0,0,0,0,0,0,0,0,0,0,0,96,2026-02-05 23:05:38.777529
WNTR,25.61,25.62,25.63,1232500.0,1844600.0,,2000.0,2000.0,,4283.0,0,0,0,0,0,0,0,0,0,0,0,0,0,0,0,0,0,0,0,0,0,0,0,0,0,0,0,0,0,0,0,0,0,0,0,0,0,0,0,96,2026-02-05 23:05:38.777529
SPNG,25.3,25.06,25.15,1000.0,2191500.0,4000.0,2500.0,1178200.0,4854.0,,,,,,,0,0,0,0,0,0,0,0,0,0,0,0,0,0,0,0,0,0,0,0,0,0,0,0,0,0,0,0,0,0,0,0,0,0,97,2026-02-05 23:05:39.845511
SMMR,25.56,25.54,25.55,4000.0,961500.0,2000.0,,1564300.0,2066.0,1500.0,7899.0,4234.0,1500.0,4000.0,,0,0,0,0,0,0,0,0,0,0,0,0,0,0,0,0,0,0,0,0,0,0,0,0,0,0,0,0,0,0,0,0,0,0,97,2026-02-05 23:05:39.845511
ATMN,24.01,24.03,24.04,2000.0,1421900.0,2000.0,,1858300.0,,,,5165.0,1500.0,,1822.0,0,0,0,0,0,0,0,0,0,0,0,0,0,0,0,0,0,0,0,0,0,0,0,0,0,0,0,0,0,0,0,0,0,0,97,2026-02-05 23:05:39.845511
WNTR,25.61,25.62,25.63,4000.0,1244300.0,4000.0,15987.0,1384700.0,,,7977.0,1779.0,,465.0,,0,0,0,0,0,0,0,0,0,0,0,0,0,0,0,0,0,0,0,0,0,0,0,0,0,0,0,0,0,0,0,0,0,0,97,2026-02-05 23:05:39.845511
SPNG,25.3,25.06,25.12,1000.0,1460200.0,2082.0,877.0,1822.0,9470.0,4000.0,3000.0,3258.0,1178200.0,,,0,0,0,0,0,0,0,0,0,0,0,0,0,0,0,0,0,0,0,0,0,0,0,0,0,0,0,0,0,0,0,0,0,0,98,2026-02-05 23:05:40.906390
SMMR,25.56,25.6,25.78,3000.0,1180100.0,4234.0,7899.0,,,,,,2163900.0,,,0,0,0,0,0,0,0,0,0,0,0,0,0,0,0,0,0,0,0,0,0,0,0,0,0,0,0,0,0,0,0,0,0,0,98,2026-02-05 23:05:40.906390
ATMN,23.74,23.83,24.04,,2094400.0,,,,2914.0,1822.0,2000.0,,1731000.0,1500.0,,0,0,0,0,0,0,0,0,0,0,0,0,0,0,0,0,0,0,0,0,0,0,0,0,0,0,0,0,0,0,0,0,0,0,98,2026-02-05 23:05:40.906390
WNTR,25.57,25.58,25.62,,1899800.0,,2036.0,,15987.0,465.0,3000.0,5700.0,989100.0,1500.0,1500.0,0,0,0,0,0,0,0,0,0,0,0,0,0,0,0,0,0,0,0,0,0,0,0,0,0,0,0,0,0,0,0,0,0,0,98,2026-02-05 23:05:40.906390
SPNG,25.21,25.21,25.52,1095200.0,1500.0,3000.0,2530.0,1822.0,1500.0,1946700.0,,,,,0,0,0,0,0,0,0,0,0,0,0,0,0,0,0,0,0,0,0,0,0,0,0,0,0,0,0,0,0,0,0,0,0,0,0,99,2026-02-05 23:05:41.969096
SMMR,25.78,25.77,25.78,1274600.0,,4000.0,4827.0,5000.0,,1940800.0,2000.0,,,,0,0,0,0,0,0,0,0,0,0,0,0,0,0,0,0,0,0,0,0,0,0,0,0,0,0,0,0,0,0,0,0,0,0,0,99,2026-02-05 23:05:41.969096
ATMN,23.96,23.92,23.96,2092000.0,,1000.0,,,,1266500.0,3000.0,1822.0,3213.0,,0,0,0,0,0,0,0,0,0,0,0,0,0,0,0,0,0,0,0,0,0,0,0,0,0,0,0,0,0,0,0,0,0,0,0,99,2026-02-05 23:05:41.969096
WNTR,25.63,25.6,25.61,1584300.0,,2000.0,1242.0,5000.0,,1380900.0,2000.0,5000.0,5700.0,9784.0,0,0,0,0,0,0,0,0,0,0,0,0,0,0,0,0,0,0,0,0,0,0,0,0,0,0,0,0,0,0,0,0,0,0,0,99,2026-02-05 23:05:41.969096
SPNG,25.21,25.21,25.53,1209200.0,3000.0,2530.0,1822.0,2059600.0,,,,,,,0,0,0,0,0,0,0,0,0,0,0,0,0,0,0,0,0,0,0,0,0,0,0,0,0,0,0,0,0,0,0,0,0,0,0,100,2026-02-05 23:05:42.535711
SMMR,25.6,25.61,25.77,1638600.0,2000.0,2366.0,,1741600.0,1500.0,1500.0,2000.0,5000.0,,,0,0,0,0,0,0,0,0,0,0,0,0,0,0,0,0,0,0,0,0,0,0,0,0,0,0,0,0,0,0,0,0,0,0,0,100,2026-02-05 23:05:42.535711
ATMN,23.93,23.92,23.93,2092000.0,1000.0,,,924900.0,,1500.0,2000.0,1822.0,6598.0,,0,0,0,0,0,0,0,0,0,0,0,0,0,0,0,0,0,0,0,0,0,0,0,0,0,0,0,0,0,0,0,0,0,0,0,100,2026-02-05 23:05:42.535711
WNTR,25.67,25.6,25.66,1170100.0,2000.0,5134.0,5000.0,1971700.0,,,,,871.0,9784.0,0,0,0,0,0,0,0,0,0,0,0,0,0,0,0,0,0,0,0,0,0,0,0,0,0,0,0,0,0,0,0,0,0,0,0,100,2026-02-05 23:05:42.535711
SPNG,25.46,25.46,25.5,1959800.0,1000.0,1500.0,1500.0,2000.0,6111.0,5439.0,1281400.0,,,,,0,0,0,0,0,0,0,0,0,0,0,0,0,0,0,0,0,0,0,0,0,0,0,0,0,0,0,0,0,0,0,0,0,0,101,2026-02-05 23:05:43.620346
SMMR,25.6,25.7,25.74,1225700.0,3000.0,1500.0,3000.0,4000.0,7531.0,5285.0,885200.0,7531.0,5228.0,5000.0,,0,0,0,0,0,0,0,0,0,0,0,0,0,0,0,0,0,0,0,0,0,0,0,0,0,0,0,0,0,0,0,0,0,0,101,2026-02-05 23:05:43.620346
ATMN,23.93,23.92,23.93,1545700.0,3000.0,,,3000.0,7360.0,,1591900.0,1840.0,1776.0,6007.0,6007.0,0,0,0,0,0,0,0,0,0,0,0,0,0,0,0,0,0,0,0,0,0,0,0,0,0,0,0,0,0,0,0,0,0,0,101,2026-02-05 23:05:43.620346
WNTR,25.57,25.59,25.62,1690600.0,1000.0,1500.0,1500.0,2000.0,7703.0,871.0,1569100.0,,1569.0,,,0,0,0,0,0,0,0,0,0,0,0,0,0,0,0,0,0,0,0,0,0,0,0,0,0,0,0,0,0,0,0,0,0,0,101,2026-02-05 23:05:43.620346
SPNG,25.68,25.74,25.78,1365000.0,1500.0,4982.0,4000.0,1000.0,2034500.0,,,,,0,0,0,0,0,0,0,0,0,0,0,0,0,0,0,0,0,0,0,0,0,0,0,0,0,0,0,0,0,0,0,0,0,0,0,0,102,2026-02-05 23:05:44.696300
SMMR,25.72,25.71,25.72,1548900.0,,1325.0,,3000.0,1950100.0,8605.0,4787.0,1000.0,,0,0,0,0,0,0,0,0,0,0,0,0,0,0,0,0,0,0,0,0,0,0,0,0,0,0,0,0,0,0,0,0,0,0,0,0,102,2026-02-05 23:05:44.696300
ATMN,23.93,23.92,23.93,1215700.0,,5505.0,,3000.0,1695700.0,1940.0,4513.0,1000.0,2355.0,0,0,0,0,0,0,0,0,0,0,0,0,0,0,0,0,0,0,0,0,0,0,0,0,0,0,0,0,0,0,0,0,0,0,0,0,102,2026-02-05 23:05:44.696300
WNTR,25.61,25.59,25.61,1998800.0,,,,1000.0,1180700.0,,17703.0,3000.0,5476.0,0,0,0,0,0,0,0,0,0,0,0,0,0,0,0,0,0,0,0,0,0,0,0,0,0,0,0,0,0,0,0,0,0,0,0,0,102,2026-02-05 23:05:44.696300
SPNG,24.96,25.26,25.49,2065500.0,1667.0,1909000.0,1000.0,,,,,,,,,0,0,0,0,0,0,0,0,0,0,0,0,0,0,0,0,0,0,0,0,0,0,0,0,0,0,0,0,0,0,0,0,0,0,103,2026-02-05 23:05:45.763171
SMMR,25.82,25.72,25.73,1225700.0,5165.0,1929700.0,1000.0,1500.0,3000.0,1105.0,5000.0,,,,,0,0,0,0,0,0,0,0,0,0,0,0,0,0,0,0,0,0,0,0,0,0,0,0,0,0,0,0,0,0,0,0,0,0,103,2026-02-05 23:05:45.763171
ATMN,23.93,23.92,23.93,1662500.0,2219.0,1127100.0,3000.0,,1000.0,6002.0,,3544.0,7188.0,5197.0,,0,0,0,0,0,0,0,0,0,0,0,0,0,0,0,0,0,0,0,0,0,0,0,0,0,0,0,0,0,0,0,0,0,0,103,2026-02-05 23:05:45.763171
WNTR,25.55,25.57,25.58,1594900.0,3119.0,881700.0,4000.0,,1000.0,,1570.0,,11943.0,4398.0,1500.0,0,0,0,0,0,0,0,0,0,0,0,0,0,0,0,0,0,0,0,0,0,0,0,0,0,0,0,0,0,0,0,0,0,0,103,2026-02-05 23:05:45.763171
SPNG,25.46,25.46,25.49,1226700.0,1500.0,5167.0,2000.0,100.0,1909000.0,1000.0,,,,,,0,0,0,0,0,0,0,0,0,0,0,0,0,0,0,0,0,0,0,0,0,0,0,0,0,0,0,0,0,0,0,0,0,0,104,2026-02-05 23:05:46.854448
SMMR,25.71,25.7,25.71,2107200.0,,,,6021.0,1217100.0,2000.0,14483.0,3683.0,,,,0,0,0,0,0,0,0,0,0,0,0,0,0,0,0,0,0,0,0,0,0,0,0,0,0,0,0,0,0,0,0,0,0,0,104,2026-02-05 23:05:46.854448
ATMN,24.07,23.93,24.03,1432400.0,,4025.0,2000.0,3544.0,1602100.0,1000.0,,4158.0,6002.0,1500.0,,0,0,0,0,0,0,0,0,0,0,0,0,0,0,0,0,0,0,0,0,0,0,0,0,0,0,0,0,0,0,0,0,0,0,104,2026-02-05 23:05:46.854448
WNTR,25.56,25.55,25.56,1601700.0,,3369.0,,,767300.0,3000.0,21074.0,6171.0,,,5000.0,0,0,0,0,0,0,0,0,0,0,0,0,0,0,0,0,0,0,0,0,0,0,0,0,0,0,0,0,0,0,0,0,0,0,104,2026-02-05 23:05:46.854448
SPNG,25.46,25.46,25.48,1000.0,3000.0,1349800.0,4403.0,4177.0,1500.0,1329800.0,2000.0,,,,,0,0,0,0,0,0,0,0,0,0,0,0,0,0,0,0,0,0,0,0,0,0,0,0,0,0,0,0,0,0,0,0,0,0,105,2026-02-05 23:05:47.907996
SMMR,25.71,25.7,25.71,2000.0,,1541300.0,3072.0,2550.0,,1548900.0,3000.0,3775.0,3423.0,2748.0,,0,0,0,0,0,0,0,0,0,0,0,0,0,0,0,0,0,0,0,0,0,0,0,0,0,0,0,0,0,0,0,0,0,0,105,2026-02-05 23:05:47.907996
ATMN,23.93,23.94,24.0,3000.0,,1321000.0,5018.0,5054.0,1500.0,1144700.0,3000.0,6901.0,,,4000.0,0,0,0,0,0,0,0,0,0,0,0,0,0,0,0,0,0,0,0,0,0,0,0,0,0,0,0,0,0,0,0,0,0,0,105,2026-02-05 23:05:47.907996
WNTR,25.58,25.6,25.66,2000.0,1500.0,1047600.0,3922.0,,1500.0,1726600.0,1000.0,7222.0,,6426.0,,0,0,0,0,0,0,0,0,0,0,0,0,0,0,0,0,0,0,0,0,0,0,0,0,0,0,0,0,0,0,0,0,0,0,105,2026-02-05 23:05:47.907996
SPNG,24.78,25.2,25.47,1578200.0,5869.0,1500.0,1500.0,5229.0,100.0,3423.0,3000.0,1028900.0,,,0,0,0,0,0,0,0,0,0,0,0,0,0,0,0,0,0,0,0,0,0,0,0,0,0,0,0,0,0,0,0,0,0,0,0,106,2026-02-05 23:05:48.960339
SMMR,25.69,25.69,25.72,1767800.0,5147.0,,,4273.0,6963.0,,1000.0,1556100.0,,,0,0,0,0,0,0,0,0,0,0,0,0,0,0,0,0,0,0,0,0,0,0,0,0,0,0,0,0,0,0,0,0,0,0,0,106,2026-02-05 23:05:48.960339
ATMN,24.07,23.98,24.07,1321000.0,5598.0,,,,,,,2123400.0,7001.0,2000.0,0,0,0,0,0,0,0,0,0,0,0,0,0,0,0,0,0,0,0,0,0,0,0,0,0,0,0,0,0,0,0,0,0,0,0,106,2026-02-05 23:05:48.960339
WNTR,25.58,25.62,25.65,1377900.0,3820.0,,,4712.0,6426.0,,2000.0,1396000.0,7122.0,1000.0,0,0,0,0,0,0,0,0,0,0,0,0,0,0,0,0,0,0,0,0,0,0,0,0,0,0,0,0,0,0,0,0,0,0,0,106,2026-02-05 23:05:48.960339
SPNG,24.78,25.23,25.42,1492.0,1500.0,2000.0,1108700.0,5869.0,5555.0,1500.0,5750.0,4000.0,905900.0,0,0,0,0,0,0,0,0,0,0,0,0,0,0,0,0,0,0,0,0,0,0,0,0,0,0,0,0,0,0,0,0,0,0,0,0,107,2026-02-05 23:05:50.015867
SMMR,25.76,25.67,25.76,2285.0,1500.0,,2001000.0,,758.0,,,,2067700.0,0,0,0,0,0,0,0,0,0,0,0,0,0,0,0,0,0,0,0,0,0,0,0,0,0,0,0,0,0,0,0,0,0,0,0,0,107,2026-02-05 23:05:50.015867
ATMN,24.0,23.98,24.0,7101.0,,4000.0,1015800.0,4686.0,3370.0,,10159.0,2000.0,1367500.0,0,0,0,0,0,0,0,0,0,0,0,0,0,0,0,0,0,0,0,0,0,0,0,0,0,0,0,0,0,0,0,0,0,0,0,0,107,2026-02-05 23:05:50.015867
WNTR,25.57,25.57,25.69,,,1000.0,1804000.0,2010.0,836.0,,7021.0,1000.0,1773400.0,0,0,0,0,0,0,0,0,0,0,0,0,0,0,0,0,0,0,0,0,0,0,0,0,0,0,0,0,0,0,0,0,0,0,0,0,107,2026-02-05 23:05:50.015867
SPNG,25.0,24.83,25.0,100.0,5869.0,1600200.0,708900.0,4000.0,5850.0,5000.0,5555.0,,,0,0,0,0,0,0,0,0,0,0,0,0,0,0,0,0,0,0,0,0,0,0,0,0,0,0,0,0,0,0,0,0,0,0,0,0,108,2026-02-05 23:05:50.568858
SMMR,25.76,25.67,25.71,2285.0,6059.0,1533900.0,1874800.0,,,1000.0,3534.0,1000.0,,0,0,0,0,0,0,0,0,0,0,0,0,0,0,0,0,0,0,0,0,0,0,0,0,0,0,0,0,0,0,0,0,0,0,0,0,108,2026-02-05 23:05:50.568858
ATMN,24.0,23.99,24.0,7101.0,4686.0,803200.0,1251900.0,,10159.0,2000.0,3595.0,5000.0,2008.0,0,0,0,0,0,0,0,0,0,0,0,0,0,0,0,0,0,0,0,0,0,0,0,0,0,0,0,0,0,0,0,0,0,0,0,0,108,2026-02-05 23:05:50.568858
WNTR,25.6,25.58,25.6,,,2012500.0,1698800.0,,7021.0,2000.0,1931.0,1000.0,,0,0,0,0,0,0,0,0,0,0,0,0,0,0,0,0,0,0,0,0,0,0,0,0,0,0,0,0,0,0,0,0,0,0,0,0,108,2026-02-05 23:05:50.568858
SPNG,25.19,25.19,25.35,3000.0,1245100.0,1000.0,5869.0,100.0,3000.0,5555.0,4000.0,5000.0,806400.0,,,0,0,0,0,0,0,0,0,0,0,0,0,0,0,0,0,0,0,0,0,0,0,0,0,0,0,0,0,0,0,0,0,0,0,109,2026-02-05 23:05:51.636307
SMMR,25.7,25.7,25.71,,1739900.0,2000.0,,3382.0,,3534.0,,3000.0,1670400.0,4430.0,,0,0,0,0,0,0,0,0,0,0,0,0,0,0,0,0,0,0,0,0,0,0,0,0,0,0,0,0,0,0,0,0,0,0,109,2026-02-05 23:05:51.636307
ATMN,24.08,23.92,24.08,1500.0,1978000.0,1000.0,,,,,,,2130000.0,,,0,0,0,0,0,0,0,0,0,0,0,0,0,0,0,0,0,0,0,0,0,0,0,0,0,0,0,0,0,0,0,0,0,0,109,2026-02-05 23:05:51.636307
WNTR,25.58,25.57,25.58,,2138600.0,,,,,5984.0,4430.0,4000.0,1130900.0,,7508.0,0,0,0,0,0,0,0,0,0,0,0,0,0,0,0,0,0,0,0,0,0,0,0,0,0,0,0,0,0,0,0,0,0,0,109,2026-02-05 23:05:51.636307
SPNG,25.19,25.23,25.24,2006.0,3000.0,1500.0,4155.0,1228300.0,1894.0,1234900.0,5000.0,1500.0,5407.0,1793.0,,0,0,0,0,0,0,0,0,0,0,0,0,0,0,0,0,0,0,0,0,0,0,0,0,0,0,0,0,0,0,0,0,0,0,110,2026-02-05 23:05:52.694190
SMMR,25.79,25.72,25.73,4430.0,3000.0,,10802.0,1081600.0,5544.0,2066900.0,1000.0,,,,,0,0,0,0,0,0,0,0,0,0,0,0,0,0,0,0,0,0,0,0,0,0,0,0,0,0,0,0,0,0,0,0,0,0,110,2026-02-05 23:05:52.694190
ATMN,23.87,23.87,24.07,,1000.0,,,2085200.0,,1944800.0,2000.0,,,,,0,0,0,0,0,0,0,0,0,0,0,0,0,0,0,0,0,0,0,0,0,0,0,0,0,0,0,0,0,0,0,0,0,0,110,2026-02-05 23:05:52.694190
WNTR,25.57,25.57,25.58,,1000.0,,6712.0,1484000.0,3873.0,901800.0,4000.0,,14220.0,5960.0,4430.0,0,0,0,0,0,0,0,0,0,0,0,0,0,0,0,0,0,0,0,0,0,0,0,0,0,0,0,0,0,0,0,0,0,0,110,2026-02-05 23:05:52.694190
SPNG,25.17,24.78,25.12,2244100.0,1737900.0,3000.0,,,,,,,0,0,0,0,0,0,0,0,0,0,0,0,0,0,0,0,0,0,0,0,0,0,0,0,0,0,0,0,0,0,0,0,0,0,0,0,0,111,2026-02-05 23:05:53.739997
SMMR,25.63,25.55,25.59,2028600.0,1410200.0,2000.0,478.0,1000.0,9100.0,3362.0,,,0,0,0,0,0,0,0,0,0,0,0,0,0,0,0,0,0,0,0,0,0,0,0,0,0,0,0,0,0,0,0,0,0,0,0,0,0,111,2026-02-05 23:05:53.739997
ATMN,23.79,23.89,24.04,1845700.0,1406100.0,3000.0,,1000.0,,3956.0,1996.0,,0,0,0,0,0,0,0,0,0,0,0,0,0,0,0,0,0,0,0,0,0,0,0,0,0,0,0,0,0,0,0,0,0,0,0,0,0,111,2026-02-05 23:05:53.739997
WNTR,25.53,25.54,25.57,2043000.0,1352100.0,3000.0,,,,4899.0,635.0,4430.0,0,0,0,0,0,0,0,0,0,0,0,0,0,0,0,0,0,0,0,0,0,0,0,0,0,0,0,0,0,0,0,0,0,0,0,0,0,111,2026-02-05 23:05:53.739997
SPNG,24.78,25.1,25.35,1897000.0,1340.0,1000.0,2000.0,1820700.0,,,,,,0,0,0,0,0,0,0,0,0,0,0,0,0,0,0,0,0,0,0,0,0,0,0,0,0,0,0,0,0,0,0,0,0,0,0,0,112,2026-02-05 23:05:54.789776
SMMR,25.73,25.57,25.72,1655200.0,,3000.0,2000.0,1841500.0,1500.0,478.0,1500.0,,,0,0,0,0,0,0,0,0,0,0,0,0,0,0,0,0,0,0,0,0,0,0,0,0,0,0,0,0,0,0,0,0,0,0,0,0,112,2026-02-05 23:05:54.789776
ATMN,24.11,23.97,23.99,1499700.0,6235.0,3000.0,1000.0,1934300.0,3000.0,,1500.0,,,0,0,0,0,0,0,0,0,0,0,0,0,0,0,0,0,0,0,0,0,0,0,0,0,0,0,0,0,0,0,0,0,0,0,0,0,112,2026-02-05 23:05:54.789776
WNTR,25.52,25.53,25.55,1816000.0,,2000.0,5000.0,1352100.0,1500.0,,1500.0,8733.0,10000.0,0,0,0,0,0,0,0,0,0,0,0,0,0,0,0,0,0,0,0,0,0,0,0,0,0,0,0,0,0,0,0,0,0,0,0,0,112,2026-02-05 23:05:54.789776
SPNG,25.11,24.78,25.11,2060100.0,1000.0,2784.0,940.0,1500.0,1630900.0,1000.0,,0,0,0,0,0,0,0,0,0,0,0,0,0,0,0,0,0,0,0,0,0,0,0,0,0,0,0,0,0,0,0,0,0,0,0,0,0,0,113,2026-02-05 23:05:55.890162
SMMR,25.53,25.54,25.72,1876100.0,2000.0,,,1500.0,1855900.0,2000.0,1500.0,0,0,0,0,0,0,0,0,0,0,0,0,0,0,0,0,0,0,0,0,0,0,0,0,0,0,0,0,0,0,0,0,0,0,0,0,0,0,113,2026-02-05 23:05:55.890162
ATMN,23.96,23.89,23.96,2055900.0,1000.0,,,1500.0,2042900.0,,,0,0,0,0,0,0,0,0,0,0,0,0,0,0,0,0,0,0,0,0,0,0,0,0,0,0,0,0,0,0,0,0,0,0,0,0,0,0,113,2026-02-05 23:05:55.890162
WNTR,25.58,25.47,25.54,2035300.0,1000.0,,,,1982500.0,2000.0,,0,0,0,0,0,0,0,0,0,0,0,0,0,0,0,0,0,0,0,0,0,0,0,0,0,0,0,0,0,0,0,0,0,0,0,0,0,0,113,2026-02-05 23:05:55.890162
SPNG,25.16,25.3,25.34,1758000.0,3000.0,1920300.0,1000.0,,,,,0,0,0,0,0,0,0,0,0,0,0,0,0,0,0,0,0,0,0,0,0,0,0,0,0,0,0,0,0,0,0,0,0,0,0,0,0,0,114,2026-02-05 23:05:56.977172
SMMR,25.64,25.65,25.74,1865500.0,2000.0,1953100.0,1000.0,1500.0,1500.0,,,0,0,0,0,0,0,0,0,0,0,0,0,0,0,0,0,0,0,0,0,0,0,0,0,0,0,0,0,0,0,0,0,0,0,0,0,0,0,114,2026-02-05 23:05:56.977172
ATMN,24.16,23.9,24.15,1833400.0,2000.0,2001900.0,,1500.0,1500.0,,,0,0,0,0,0,0,0,0,0,0,0,0,0,0,0,0,0,0,0,0,0,0,0,0,0,0,0,0,0,0,0,0,0,0,0,0,0,0,114,2026-02-05 23:05:56.977172
WNTR,25.53,25.53,25.54,1597800.0,2000.0,1979100.0,2000.0,1500.0,,3000.0,6894.0,0,0,0,0,0,0,0,0,0,0,0,0,0,0,0,0,0,0,0,0,0,0,0,0,0,0,0,0,0,0,0,0,0,0,0,0,0,0,114,2026-02-05 23:05:56.977172
SPNG,24.87,25.29,25.33,1793400.0,3000.0,1500.0,1820800.0,1000.0,,,,0,0,0,0,0,0,0,0,0,0,0,0,0,0,0,0,0,0,0,0,0,0,0,0,0,0,0,0,0,0,0,0,0,0,0,0,0,0,115,2026-02-05 23:05:57.652448
SMMR,25.77,25.64,25.77,1846400.0,3000.0,,2051300.0,1000.0,,,,0,0,0,0,0,0,0,0,0,0,0,0,0,0,0,0,0,0,0,0,0,0,0,0,0,0,0,0,0,0,0,0,0,0,0,0,0,0,115,2026-02-05 23:05:57.652448
ATMN,23.79,23.92,24.15,1952000.0,1000.0,1500.0,1913500.0,1000.0,1500.0,,,0,0,0,0,0,0,0,0,0,0,0,0,0,0,0,0,0,0,0,0,0,0,0,0,0,0,0,0,0,0,0,0,0,0,0,0,0,0,115,2026-02-05 23:05:57.652448
WNTR,25.53,25.53,25.54,1582800.0,3000.0,,1874000.0,3000.0,,3000.0,6894.0,0,0,0,0,0,0,0,0,0,0,0,0,0,0,0,0,0,0,0,0,0,0,0,0,0,0,0,0,0,0,0,0,0,0,0,0,0,0,115,2026-02-05 23:05:57.652448
SPNG,24.87,25.3,25.33,1500.0,4000.0,1548700.0,1500.0,1808600.0,1000.0,,,0,0,0,0,0,0,0,0,0,0,0,0,0,0,0,0,0,0,0,0,0,0,0,0,0,0,0,0,0,0,0,0,0,0,0,0,0,0,116,2026-02-05 23:05:58.747795
SMMR,25.77,25.65,25.69,1500.0,3000.0,1725100.0,1500.0,1866400.0,2000.0,,,0,0,0,0,0,0,0,0,0,0,0,0,0,0,0,0,0,0,0,0,0,0,0,0,0,0,0,0,0,0,0,0,0,0,0,0,0,0,116,2026-02-05 23:05:58.747795
ATMN,23.79,24.12,24.15,1500.0,,2070600.0,1500.0,1902000.0,1000.0,,,0,0,0,0,0,0,0,0,0,0,0,0,0,0,0,0,0,0,0,0,0,0,0,0,0,0,0,0,0,0,0,0,0,0,0,0,0,0,116,2026-02-05 23:05:58.747795
WNTR,25.63,25.54,25.6,1500.0,3000.0,1455500.0,,2061700.0,1000.0,3000.0,6894.0,0,0,0,0,0,0,0,0,0,0,0,0,0,0,0,0,0,0,0,0,0,0,0,0,0,0,0,0,0,0,0,0,0,0,0,0,0,0,116,2026-02-05 23:05:58.747795
SPNG,25.27,25.27,25.32,1873300.0,2000.0,1500.0,2000.0,1721600.0,,0,0,0,0,0,0,0,0,0,0,0,0,0,0,0,0,0,0,0,0,0,0,0,0,0,0,0,0,0,0,0,0,0,0,0,0,0,0,0,0,117,2026-02-05 23:05:59.811703
SMMR,25.64,25.66,25.68,1972200.0,1000.0,3000.0,3000.0,1666100.0,1500.0,0,0,0,0,0,0,0,0,0,0,0,0,0,0,0,0,0,0,0,0,0,0,0,0,0,0,0,0,0,0,0,0,0,0,0,0,0,0,0,0,117,2026-02-05 23:05:59.811703
ATMN,24.03,23.8,23.83,2055900.0,1000.0,,3000.0,1816600.0,,0,0,0,0,0,0,0,0,0,0,0,0,0,0,0,0,0,0,0,0,0,0,0,0,0,0,0,0,0,0,0,0,0,0,0,0,0,0,0,0,117,2026-02-05 23:05:59.811703
WNTR,25.54,25.53,25.54,1773400.0,3000.0,,1000.0,2067200.0,,0,0,0,0,0,0,0,0,0,0,0,0,0,0,0,0,0,0,0,0,0,0,0,0,0,0,0,0,0,0,0,0,0,0,0,0,0,0,0,0,117,2026-02-05 23:05:59.811703
SPNG,25.16,25.16,25.31,1977900.0,1000.0,2000.0,1832700.0,0,0,0,0,0,0,0,0,0,0,0,0,0,0,0,0,0,0,0,0,0,0,0,0,0,0,0,0,0,0,0,0,0,0,0,0,0,0,0,0,0,0,118,2026-02-05 23:06:00.909727
SMMR,25.69,25.64,25.69,2089900.0,1000.0,,2150700.0,0,0,0,0,0,0,0,0,0,0,0,0,0,0,0,0,0,0,0,0,0,0,0,0,0,0,0,0,0,0,0,0,0,0,0,0,0,0,0,0,0,0,118,2026-02-05 23:06:00.909727
ATMN,24.16,24.02,24.16,1958100.0,2000.0,1000.0,2027100.0,0,0,0,0,0,0,0,0,0,0,0,0,0,0,0,0,0,0,0,0,0,0,0,0,0,0,0,0,0,0,0,0,0,0,0,0,0,0,0,0,0,0,118,2026-02-05 23:06:00.909727
WNTR,25.51,25.51,25.64,2097700.0,,,2156800.0,0,0,0,0,0,0,0,0,0,0,0,0,0,0,0,0,0,0,0,0,0,0,0,0,0,0,0,0,0,0,0,0,0,0,0,0,0,0,0,0,0,0,118,2026-02-05 23:06:00.909727
SPNG,25.15,25.21,25.33,2083800.0,2022600.0,0,0,0,0,0,0,0,0,0,0,0,0,0,0,0,0,0,0,0,0,0,0,0,0,0,0,0,0,0,0,0,0,0,0,0,0,0,0,0,0,0,0,0,0,119,2026-02-05 23:06:02.009403
SMMR,25.77,25.63,25.77,2188100.0,2143400.0,0,0,0,0,0,0,0,0,0,0,0,0,0,0,0,0,0,0,0,0,0,0,0,0,0,0,0,0,0,0,0,0,0,0,0,0,0,0,0,0,0,0,0,0,119,2026-02-05 23:06:02.009403
ATMN,24.02,24.12,24.17,2185200.0,2113900.0,0,0,0,0,0,0,0,0,0,0,0,0,0,0,0,0,0,0,0,0,0,0,0,0,0,0,0,0,0,0,0,0,0,0,0,0,0,0,0,0,0,0,0,0,119,2026-02-05 23:06:02.009403
WNTR,25.51,25.51,25.53,2097700.0,2171000.0,0,0,0,0,0,0,0,0,0,0,0,0,0,0,0,0,0,0,0,0,0,0,0,0,0,0,0,0,0,0,0,0,0,0,0,0,0,0,0,0,0,0,0,0,119,2026-02-05 23:06:02.009403
SPNG,26.72,26.72,27.19,869100.0,608800.0,0,0,0,0,0,0,0,0,0,0,0,0,0,0,0,0,0,0,0,0,0,0,0,0,0,0,0,0,0,0,0,0,0,0,0,0,0,0,0,0,0,0,0,0,120,2026-02-05 23:06:03.092472
SMMR,25.58,25.34,0.0,200000.0,,0,0,0,0,0,0,0,0,0,0,0,0,0,0,0,0,0,0,0,0,0,0,0,0,0,0,0,0,0,0,0,0,0,0,0,0,0,0,0,0,0,0,0,0,120,2026-02-05 23:06:03.092472
ATMN,26.57,24.89,25.84,529700.0,559100.0,0,0,0,0,0,0,0,0,0,0,0,0,0,0,0,0,0,0,0,0,0,0,0,0,0,0,0,0,0,0,0,0,0,0,0,0,0,0,0,0,0,0,0,0,120,2026-02-05 23:06:03.092472
WNTR,26.65,26.65,26.69,607200.0,718200.0,0,0,0,0,0,0,0,0,0,0,0,0,0,0,0,0,0,0,0,0,0,0,0,0,0,0,0,0,0,0,0,0,0,0,0,0,0,0,0,0,0,0,0,0,120,2026-02-05 23:06:03.092472
SPNG,26.72,26.72,26.75,1062700.0,2000.0,705900.0,2000.0,0,0,0,0,0,0,0,0,0,0,0,0,0,0,0,0,0,0,0,0,0,0,0,0,0,0,0,0,0,0,0,0,0,0,0,0,0,0,0,0,0,0,121,2026-02-05 23:06:03.708538
SMMR,25.58,25.39,25.43,839200.0,2000.0,1072700.0,2000.0,0,0,0,0,0,0,0,0,0,0,0,0,0,0,0,0,0,0,0,0,0,0,0,0,0,0,0,0,0,0,0,0,0,0,0,0,0,0,0,0,0,0,121,2026-02-05 23:06:03.708538
ATMN,26.57,25.47,25.84,988600.0,2000.0,704300.0,2000.0,0,0,0,0,0,0,0,0,0,0,0,0,0,0,0,0,0,0,0,0,0,0,0,0,0,0,0,0,0,0,0,0,0,0,0,0,0,0,0,0,0,0,121,2026-02-05 23:06:03.708538
WNTR,26.8,26.8,26.82,799400.0,3000.0,920900.0,1000.0,0,0,0,0,0,0,0,0,0,0,0,0,0,0,0,0,0,0,0,0,0,0,0,0,0,0,0,0,0,0,0,0,0,0,0,0,0,0,0,0,0,0,121,2026-02-05 23:06:03.708538
SPNG,26.72,26.72,26.75,1049100.0,2000.0,6683.0,922700.0,2000.0,3341.0,0,0,0,0,0,0,0,0,0,0,0,0,0,0,0,0,0,0,0,0,0,0,0,0,0,0,0,0,0,0,0,0,0,0,0,0,0,0,0,0,122,2026-02-05 23:06:04.857675
SMMR,25.47,25.39,25.47,839200.0,2000.0,,952800.0,2000.0,,0,0,0,0,0,0,0,0,0,0,0,0,0,0,0,0,0,0,0,0,0,0,0,0,0,0,0,0,0,0,0,0,0,0,0,0,0,0,0,0,122,2026-02-05 23:06:04.857675
ATMN,27.28,25.5,27.28,1187000.0,2000.0,6683.0,682300.0,,,0,0,0,0,0,0,0,0,0,0,0,0,0,0,0,0,0,0,0,0,0,0,0,0,0,0,0,0,0,0,0,0,0,0,0,0,0,0,0,0,122,2026-02-05 23:06:04.857675
WNTR,26.82,26.65,26.81,808000.0,1000.0,,1110000.0,1000.0,6683.0,0,0,0,0,0,0,0,0,0,0,0,0,0,0,0,0,0,0,0,0,0,0,0,0,0,0,0,0,0,0,0,0,0,0,0,0,0,0,0,0,122,2026-02-05 23:06:04.857675
SPNG,26.63,26.63,27.02,1048800.0,1500.0,825600.0,,,,,,0,0,0,0,0,0,0,0,0,0,0,0,0,0,0,0,0,0,0,0,0,0,0,0,0,0,0,0,0,0,0,0,0,0,0,0,0,0,123,2026-02-05 23:06:05.918480
SMMR,25.38,25.38,25.4,856400.0,,1083700.0,1500.0,3975.0,2000.0,,,0,0,0,0,0,0,0,0,0,0,0,0,0,0,0,0,0,0,0,0,0,0,0,0,0,0,0,0,0,0,0,0,0,0,0,0,0,0,123,2026-02-05 23:06:05.918480
ATMN,27.21,26.38,26.97,1407200.0,,733900.0,1500.0,,,16388.0,3000.0,0,0,0,0,0,0,0,0,0,0,0,0,0,0,0,0,0,0,0,0,0,0,0,0,0,0,0,0,0,0,0,0,0,0,0,0,0,0,123,2026-02-05 23:06:05.918480
WNTR,26.7,26.75,26.76,917600.0,,1110000.0,1500.0,14633.0,2000.0,3975.0,1000.0,0,0,0,0,0,0,0,0,0,0,0,0,0,0,0,0,0,0,0,0,0,0,0,0,0,0,0,0,0,0,0,0,0,0,0,0,0,0,123,2026-02-05 23:06:05.918480
SPNG,26.64,26.63,26.64,1176600.0,4148.0,1000.0,1500.0,1105900.0,2000.0,100.0,6161.0,,,,,0,0,0,0,0,0,0,0,0,0,0,0,0,0,0,0,0,0,0,0,0,0,0,0,0,0,0,0,0,0,0,0,0,0,124,2026-02-05 23:06:07.004762
SMMR,25.36,25.34,25.36,851200.0,,,1500.0,1102100.0,3000.0,19777.0,6068.0,2257.0,,,,0,0,0,0,0,0,0,0,0,0,0,0,0,0,0,0,0,0,0,0,0,0,0,0,0,0,0,0,0,0,0,0,0,0,124,2026-02-05 23:06:07.004762
ATMN,27.06,27.06,27.16,1023900.0,6161.0,4000.0,,657000.0,,,6124.0,9063.0,,,,0,0,0,0,0,0,0,0,0,0,0,0,0,0,0,0,0,0,0,0,0,0,0,0,0,0,0,0,0,0,0,0,0,0,124,2026-02-05 23:06:07.004762
WNTR,26.75,26.75,26.76,917600.0,6161.0,3000.0,,1011100.0,3000.0,10541.0,6124.0,8633.0,5000.0,1500.0,5000.0,0,0,0,0,0,0,0,0,0,0,0,0,0,0,0,0,0,0,0,0,0,0,0,0,0,0,0,0,0,0,0,0,0,0,124,2026-02-05 23:06:07.004762
SPNG,26.69,26.7,26.78,1894.0,4000.0,1000.0,1500.0,1090200.0,4000.0,4162.0,5895.0,3000.0,869300.0,,,0,0,0,0,0,0,0,0,0,0,0,0,0,0,0,0,0,0,0,0,0,0,0,0,0,0,0,0,0,0,0,0,0,0,125,2026-02-05 23:06:08.061460
SMMR,25.32,25.21,25.26,6500.0,,1000.0,1500.0,995400.0,5000.0,26000.0,6068.0,4000.0,811100.0,1500.0,,0,0,0,0,0,0,0,0,0,0,0,0,0,0,0,0,0,0,0,0,0,0,0,0,0,0,0,0,0,0,0,0,0,0,125,2026-02-05 23:06:08.061460
ATMN,26.96,26.8,26.96,9063.0,,3000.0,,1246900.0,,,3655.0,1000.0,857000.0,1500.0,5068.0,0,0,0,0,0,0,0,0,0,0,0,0,0,0,0,0,0,0,0,0,0,0,0,0,0,0,0,0,0,0,0,0,0,0,125,2026-02-05 23:06:08.061460
WNTR,26.72,26.71,26.72,,,,1500.0,808000.0,5000.0,17375.0,6124.0,3000.0,901300.0,,1093.0,0,0,0,0,0,0,0,0,0,0,0,0,0,0,0,0,0,0,0,0,0,0,0,0,0,0,0,0,0,0,0,0,0,0,125,2026-02-05 23:06:08.061460
SPNG,26.83,26.16,26.69,1104000.0,100.0,3873.0,1000.0,1500.0,100.0,1339000.0,2000.0,,,,0,0,0,0,0,0,0,0,0,0,0,0,0,0,0,0,0,0,0,0,0,0,0,0,0,0,0,0,0,0,0,0,0,0,0,126,2026-02-05 23:06:09.121087
SMMR,25.25,25.25,25.26,1357800.0,,1090.0,2000.0,,,1412000.0,4000.0,2360.0,,,0,0,0,0,0,0,0,0,0,0,0,0,0,0,0,0,0,0,0,0,0,0,0,0,0,0,0,0,0,0,0,0,0,0,0,126,2026-02-05 23:06:09.121087
ATMN,26.62,26.76,26.93,1816200.0,100.0,,2000.0,,2265.0,857000.0,2000.0,,6124.0,,0,0,0,0,0,0,0,0,0,0,0,0,0,0,0,0,0,0,0,0,0,0,0,0,0,0,0,0,0,0,0,0,0,0,0,126,2026-02-05 23:06:09.121087
WNTR,26.74,26.74,26.76,1046900.0,3862.0,,1000.0,,,1120700.0,1000.0,,10272.0,5000.0,0,0,0,0,0,0,0,0,0,0,0,0,0,0,0,0,0,0,0,0,0,0,0,0,0,0,0,0,0,0,0,0,0,0,0,126,2026-02-05 23:06:09.121087
SPNG,26.94,26.17,26.94,1500.0,1194100.0,100.0,3873.0,1000.0,1256800.0,,,,,0,0,0,0,0,0,0,0,0,0,0,0,0,0,0,0,0,0,0,0,0,0,0,0,0,0,0,0,0,0,0,0,0,0,0,0,127,2026-02-05 23:06:09.697245
SMMR,25.25,25.25,25.26,,1474200.0,,3377.0,2000.0,1412000.0,2360.0,3000.0,4577.0,,0,0,0,0,0,0,0,0,0,0,0,0,0,0,0,0,0,0,0,0,0,0,0,0,0,0,0,0,0,0,0,0,0,0,0,0,127,2026-02-05 23:06:09.697245
ATMN,27.56,26.86,27.56,,1364600.0,100.0,5497.0,2000.0,677300.0,,,,,0,0,0,0,0,0,0,0,0,0,0,0,0,0,0,0,0,0,0,0,0,0,0,0,0,0,0,0,0,0,0,0,0,0,0,0,127,2026-02-05 23:06:09.697245
WNTR,26.53,26.26,26.53,,817400.0,,,1000.0,1219400.0,,1000.0,8889.0,5000.0,0,0,0,0,0,0,0,0,0,0,0,0,0,0,0,0,0,0,0,0,0,0,0,0,0,0,0,0,0,0,0,0,0,0,0,0,127,2026-02-05 23:06:09.697245
SPNG,27.19,26.24,26.99,1500.0,200.0,3000.0,5063.0,1194100.0,3795.0,969400.0,,,,,0,0,0,0,0,0,0,0,0,0,0,0,0,0,0,0,0,0,0,0,0,0,0,0,0,0,0,0,0,0,0,0,0,0,0,128,2026-02-05 23:06:10.757110
SMMR,25.21,25.19,25.21,,,1000.0,,1508100.0,,1402100.0,1500.0,,,,0,0,0,0,0,0,0,0,0,0,0,0,0,0,0,0,0,0,0,0,0,0,0,0,0,0,0,0,0,0,0,0,0,0,0,128,2026-02-05 23:06:10.757110
ATMN,26.76,26.91,27.51,,100.0,2000.0,,1816200.0,,755200.0,,6798.0,2000.0,,0,0,0,0,0,0,0,0,0,0,0,0,0,0,0,0,0,0,0,0,0,0,0,0,0,0,0,0,0,0,0,0,0,0,0,128,2026-02-05 23:06:10.757110
WNTR,26.53,26.41,26.47,1500.0,8430.0,2000.0,3406.0,1143200.0,5682.0,1017500.0,1500.0,8430.0,2000.0,4000.0,0,0,0,0,0,0,0,0,0,0,0,0,0,0,0,0,0,0,0,0,0,0,0,0,0,0,0,0,0,0,0,0,0,0,0,128,2026-02-05 23:06:10.757110
SPNG,26.4,26.77,26.99,1500.0,1292000.0,3000.0,1634.0,3795.0,1051300.0,,,,,0,0,0,0,0,0,0,0,0,0,0,0,0,0,0,0,0,0,0,0,0,0,0,0,0,0,0,0,0,0,0,0,0,0,0,0,129,2026-02-05 23:06:11.839259
SMMR,25.21,25.21,25.26,,1759600.0,1000.0,,3648.0,1283200.0,9697.0,1000.0,1500.0,,0,0,0,0,0,0,0,0,0,0,0,0,0,0,0,0,0,0,0,0,0,0,0,0,0,0,0,0,0,0,0,0,0,0,0,0,129,2026-02-05 23:06:11.839259
ATMN,26.76,27.11,27.18,,1458800.0,2000.0,5132.0,4248.0,961100.0,,3000.0,1500.0,,0,0,0,0,0,0,0,0,0,0,0,0,0,0,0,0,0,0,0,0,0,0,0,0,0,0,0,0,0,0,0,0,0,0,0,0,129,2026-02-05 23:06:11.839259
WNTR,26.47,26.47,26.49,,1160700.0,3000.0,3728.0,781.0,1714200.0,,1000.0,1500.0,2640.0,0,0,0,0,0,0,0,0,0,0,0,0,0,0,0,0,0,0,0,0,0,0,0,0,0,0,0,0,0,0,0,0,0,0,0,0,129,2026-02-05 23:06:11.839259
SPNG,26.76,26.77,26.99,1500.0,1292000.0,3000.0,5660.0,5132.0,1000.0,1320600.0,,,,0,0,0,0,0,0,0,0,0,0,0,0,0,0,0,0,0,0,0,0,0,0,0,0,0,0,0,0,0,0,0,0,0,0,0,0,130,2026-02-05 23:06:12.916706
SMMR,25.2,25.2,25.3,,1868500.0,1000.0,2547.0,,1000.0,937000.0,,,,0,0,0,0,0,0,0,0,0,0,0,0,0,0,0,0,0,0,0,0,0,0,0,0,0,0,0,0,0,0,0,0,0,0,0,0,130,2026-02-05 23:06:12.916706
ATMN,27.18,26.96,27.18,,1668300.0,2000.0,3644.0,,2000.0,961100.0,,,,0,0,0,0,0,0,0,0,0,0,0,0,0,0,0,0,0,0,0,0,0,0,0,0,0,0,0,0,0,0,0,0,0,0,0,0,130,2026-02-05 23:06:12.916706
WNTR,26.59,26.71,26.73,,1055600.0,3000.0,3728.0,,1000.0,1714200.0,9811.0,2640.0,2738.0,0,0,0,0,0,0,0,0,0,0,0,0,0,0,0,0,0,0,0,0,0,0,0,0,0,0,0,0,0,0,0,0,0,0,0,0,130,2026-02-05 23:06:12.916706
SPNG,26.6,26.24,26.6,1000.0,1354500.0,1437200.0,1357.0,3891.0,2000.0,,,,,,0,0,0,0,0,0,0,0,0,0,0,0,0,0,0,0,0,0,0,0,0,0,0,0,0,0,0,0,0,0,0,0,0,0,0,131,2026-02-05 23:06:13.973374
SMMR,25.3,25.29,25.3,2000.0,1557500.0,937000.0,,,1000.0,6711.0,2547.0,3000.0,,,0,0,0,0,0,0,0,0,0,0,0,0,0,0,0,0,0,0,0,0,0,0,0,0,0,0,0,0,0,0,0,0,0,0,0,131,2026-02-05 23:06:13.973374
ATMN,27.18,27.12,27.18,2000.0,1329600.0,1056100.0,,,3000.0,7967.0,6106.0,1500.0,4073.0,,0,0,0,0,0,0,0,0,0,0,0,0,0,0,0,0,0,0,0,0,0,0,0,0,0,0,0,0,0,0,0,0,0,0,0,131,2026-02-05 23:06:13.973374
WNTR,26.51,26.51,26.52,2000.0,1270500.0,1628200.0,,9769.0,1000.0,9769.0,4756.0,,963.0,4000.0,0,0,0,0,0,0,0,0,0,0,0,0,0,0,0,0,0,0,0,0,0,0,0,0,0,0,0,0,0,0,0,0,0,0,0,131,2026-02-05 23:06:13.973374
SPNG,26.93,26.47,26.82,1500.0,1000.0,1562600.0,1270200.0,1357.0,4012.0,2000.0,,,,,0,0,0,0,0,0,0,0,0,0,0,0,0,0,0,0,0,0,0,0,0,0,0,0,0,0,0,0,0,0,0,0,0,0,0,132,2026-02-05 23:06:15.034361
SMMR,25.34,25.3,25.31,,1000.0,1561300.0,1055900.0,5000.0,,1000.0,9507.0,5000.0,2547.0,1500.0,0,0,0,0,0,0,0,0,0,0,0,0,0,0,0,0,0,0,0,0,0,0,0,0,0,0,0,0,0,0,0,0,0,0,0,132,2026-02-05 23:06:15.034361
ATMN,26.96,26.96,27.11,,2000.0,1902300.0,1176800.0,,5023.0,3000.0,,,,,0,0,0,0,0,0,0,0,0,0,0,0,0,0,0,0,0,0,0,0,0,0,0,0,0,0,0,0,0,0,0,0,0,0,0,132,2026-02-05 23:06:15.034361
WNTR,26.74,26.74,26.75,1500.0,3000.0,951500.0,1628200.0,,2939.0,1000.0,10000.0,4000.0,6014.0,,0,0,0,0,0,0,0,0,0,0,0,0,0,0,0,0,0,0,0,0,0,0,0,0,0,0,0,0,0,0,0,0,0,0,0,132,2026-02-05 23:06:15.034361
SPNG,26.93,26.62,26.81,3000.0,972900.0,4000.0,100.0,2000.0,4462.0,5259.0,4000.0,1101500.0,100.0,2000.0,,0,0,0,0,0,0,0,0,0,0,0,0,0,0,0,0,0,0,0,0,0,0,0,0,0,0,0,0,0,0,0,0,0,0,133,2026-02-05 23:06:16.106945
SMMR,25.28,25.27,25.28,,2042500.0,,,,2469.0,6161.0,5000.0,1165900.0,17130.0,1000.0,1500.0,0,0,0,0,0,0,0,0,0,0,0,0,0,0,0,0,0,0,0,0,0,0,0,0,0,0,0,0,0,0,0,0,0,0,133,2026-02-05 23:06:16.106945
ATMN,27.05,26.96,27.11,1500.0,1796900.0,,,2000.0,,3007.0,,1306700.0,518.0,3000.0,,0,0,0,0,0,0,0,0,0,0,0,0,0,0,0,0,0,0,0,0,0,0,0,0,0,0,0,0,0,0,0,0,0,0,133,2026-02-05 23:06:16.106945
WNTR,26.71,26.7,26.71,,1164500.0,,5279.0,2000.0,7003.0,,,1712000.0,,,,0,0,0,0,0,0,0,0,0,0,0,0,0,0,0,0,0,0,0,0,0,0,0,0,0,0,0,0,0,0,0,0,0,0,133,2026-02-05 23:06:16.106945
SPNG,27.19,26.63,27.19,3000.0,200.0,3000.0,1055900.0,4000.0,1440.0,1320600.0,,,,,,0,0,0,0,0,0,0,0,0,0,0,0,0,0,0,0,0,0,0,0,0,0,0,0,0,0,0,0,0,0,0,0,0,0,134,2026-02-05 23:06:17.187366
SMMR,25.36,25.36,25.54,,,1000.0,1730000.0,,,1047000.0,1500.0,,,,,0,0,0,0,0,0,0,0,0,0,0,0,0,0,0,0,0,0,0,0,0,0,0,0,0,0,0,0,0,0,0,0,0,0,134,2026-02-05 23:06:17.187366
ATMN,26.77,26.76,26.77,,1767.0,1000.0,1883700.0,,,861600.0,,4000.0,928.0,5613.0,10416.0,0,0,0,0,0,0,0,0,0,0,0,0,0,0,0,0,0,0,0,0,0,0,0,0,0,0,0,0,0,0,0,0,0,0,134,2026-02-05 23:06:17.187366
WNTR,26.72,26.76,26.78,,14906.0,4000.0,1134700.0,,3218.0,1526000.0,,,4000.0,3340.0,,0,0,0,0,0,0,0,0,0,0,0,0,0,0,0,0,0,0,0,0,0,0,0,0,0,0,0,0,0,0,0,0,0,0,134,2026-02-05 23:06:17.187366
SPNG,27.19,26.77,27.18,4000.0,1500.0,5933.0,5000.0,6184.0,552300.0,1274800.0,6192.0,2000.0,,,,0,0,0,0,0,0,0,0,0,0,0,0,0,0,0,0,0,0,0,0,0,0,0,0,0,0,0,0,0,0,0,0,0,0,135,2026-02-05 23:06:17.759735
SMMR,25.17,25.16,25.17,,,,2000.0,3221.0,1730000.0,1176200.0,963.0,1000.0,1500.0,,,0,0,0,0,0,0,0,0,0,0,0,0,0,0,0,0,0,0,0,0,0,0,0,0,0,0,0,0,0,0,0,0,0,0,135,2026-02-05 23:06:17.759735
ATMN,26.76,26.76,26.77,,,1767.0,2000.0,1155.0,1662000.0,1044300.0,1520.0,5000.0,,928.0,10416.0,0,0,0,0,0,0,0,0,0,0,0,0,0,0,0,0,0,0,0,0,0,0,0,0,0,0,0,0,0,0,0,0,0,0,135,2026-02-05 23:06:17.759735
WNTR,26.7,26.7,26.78,,,5279.0,2000.0,1970.0,1564600.0,1530700.0,3340.0,1000.0,,4000.0,,0,0,0,0,0,0,0,0,0,0,0,0,0,0,0,0,0,0,0,0,0,0,0,0,0,0,0,0,0,0,0,0,0,0,135,2026-02-05 23:06:17.759735
SPNG,26.86,26.78,26.83,1500.0,4000.0,1996.0,3000.0,1437000.0,1998.0,1488000.0,3714.0,2000.0,,,0,0,0,0,0,0,0,0,0,0,0,0,0,0,0,0,0,0,0,0,0,0,0,0,0,0,0,0,0,0,0,0,0,0,0,136,2026-02-05 23:06:18.834638
SMMR,25.54,25.16,25.54,,,3221.0,2000.0,1560300.0,,1047000.0,,,7021.0,,0,0,0,0,0,0,0,0,0,0,0,0,0,0,0,0,0,0,0,0,0,0,0,0,0,0,0,0,0,0,0,0,0,0,0,136,2026-02-05 23:06:18.834638
ATMN,26.7,26.69,26.7,,,,,2109400.0,,1510700.0,928.0,2000.0,,1500.0,0,0,0,0,0,0,0,0,0,0,0,0,0,0,0,0,0,0,0,0,0,0,0,0,0,0,0,0,0,0,0,0,0,0,0,136,2026-02-05 23:06:18.834638
WNTR,26.8,26.8,26.81,,3714.0,3685.0,1000.0,1488400.0,,1721900.0,,,9575.0,,0,0,0,0,0,0,0,0,0,0,0,0,0,0,0,0,0,0,0,0,0,0,0,0,0,0,0,0,0,0,0,0,0,0,0,136,2026-02-05 23:06:18.834638
SPNG,26.78,26.69,26.71,2003800.0,1057000.0,6192.0,3000.0,1296.0,3714.0,,,,,,0,0,0,0,0,0,0,0,0,0,0,0,0,0,0,0,0,0,0,0,0,0,0,0,0,0,0,0,0,0,0,0,0,0,0,137,2026-02-05 23:06:19.903978
SMMR,25.16,25.16,25.31,1258500.0,1242200.0,,1000.0,2258.0,3714.0,4000.0,5031.0,7021.0,1500.0,,0,0,0,0,0,0,0,0,0,0,0,0,0,0,0,0,0,0,0,0,0,0,0,0,0,0,0,0,0,0,0,0,0,0,0,137,2026-02-05 23:06:19.903978
ATMN,26.69,26.69,27.07,1873600.0,1191900.0,5548.0,2000.0,,,1000.0,,1867.0,1500.0,,0,0,0,0,0,0,0,0,0,0,0,0,0,0,0,0,0,0,0,0,0,0,0,0,0,0,0,0,0,0,0,0,0,0,0,137,2026-02-05 23:06:19.903978
WNTR,26.8,26.8,26.82,1168800.0,1735100.0,,1000.0,1989.0,,3000.0,5340.0,9575.0,,3714.0,0,0,0,0,0,0,0,0,0,0,0,0,0,0,0,0,0,0,0,0,0,0,0,0,0,0,0,0,0,0,0,0,0,0,0,137,2026-02-05 23:06:19.903978
