ticker,last_price,bid_price,ask_price,BUY_ANON,SELL_ANON,SELL_WRSW-2,BUY_GIOT-3,BUY_ZUAI-2,SELL_UEBR-1,SELL_GIOT-4,BUY_WRSW-1,BUY_WRSW-2,BUY_GIOT-4,BUY_UEBR-1,SELL_IESE-1,BUY_LUIS-4,SELL_GIOT-3,SELL_WRSW-3,SELL_WRSW-1,BUY_WRSW-3,BUY_IESE-1,SELL_LUIS-4,tick,timestamp,news_news_id,news_period,news_tick,news_ticker,news_headline,news_body
SPNG,25.11,25.12,25.21,2153100.0,1568000.0,,0,0,0,0,0,0,0,0,0,0,0,0,0,0,0,0,1,2026-02-04 05:08:32.679465,2.0,1.0,1.0,,Aggregate Position Limit,Your CRO has set the aggregate position limit to 12000 shares for this week.
SMMR,25.14,25.03,25.13,2128800.0,2059700.0,7500.0,0,0,0,0,0,0,0,0,0,0,0,0,0,0,0,0,1,2026-02-04 05:08:32.679465,1.0,1.0,1.0,,Welcome to the RITC 2026 Alogithmic Market Making Case - practice server,
ATMN,24.84,24.84,25.03,2179900.0,2046000.0,,0,0,0,0,0,0,0,0,0,0,0,0,0,0,0,0,1,2026-02-04 05:08:32.679465,,,,,,
WNTR,24.92,24.99,25.01,2074000.0,2395300.0,,0,0,0,0,0,0,0,0,0,0,0,0,0,0,0,0,1,2026-02-04 05:08:32.679465,,,,,,
SPNG,25.11,25.13,25.18,7500.0,2071300.0,1861700.0,,0,0,0,0,0,0,0,0,0,0,0,0,0,0,0,2,2026-02-04 05:08:33.723370
SMMR,24.95,24.95,25.04,,2134900.0,2083300.0,7500.0,0,0,0,0,0,0,0,0,0,0,0,0,0,0,0,2,2026-02-04 05:08:33.723370
ATMN,25.04,24.88,25.02,7500.0,2066200.0,1944500.0,7500.0,0,0,0,0,0,0,0,0,0,0,0,0,0,0,0,2,2026-02-04 05:08:33.723370
WNTR,25.02,25.03,25.08,,2200400.0,2362600.0,,0,0,0,0,0,0,0,0,0,0,0,0,0,0,0,2,2026-02-04 05:08:33.723370
SPNG,25.2,24.97,25.21,2132900.0,1845000.0,0,0,0,0,0,0,0,0,0,0,0,0,0,0,0,0,0,3,2026-02-04 05:08:34.760978
SMMR,25.04,24.98,25.04,2131500.0,2198400.0,0,0,0,0,0,0,0,0,0,0,0,0,0,0,0,0,0,3,2026-02-04 05:08:34.760978
ATMN,24.88,24.88,25.04,2183200.0,2046100.0,0,0,0,0,0,0,0,0,0,0,0,0,0,0,0,0,0,3,2026-02-04 05:08:34.760978
WNTR,25.01,24.99,25.01,2074000.0,2341400.0,0,0,0,0,0,0,0,0,0,0,0,0,0,0,0,0,0,3,2026-02-04 05:08:34.760978
SPNG,25.21,24.97,25.21,2132900.0,1845000.0,,,0,0,0,0,0,0,0,0,0,0,0,0,0,0,0,4,2026-02-04 05:08:35.293081
SMMR,25.04,24.99,25.04,2050600.0,2228000.0,5625.0,,0,0,0,0,0,0,0,0,0,0,0,0,0,0,0,4,2026-02-04 05:08:35.293081
ATMN,25.04,24.94,25.04,2040500.0,2046100.0,5625.0,,0,0,0,0,0,0,0,0,0,0,0,0,0,0,0,4,2026-02-04 05:08:35.293081
WNTR,25.09,24.99,25.05,2074000.0,2232300.0,,5625.0,0,0,0,0,0,0,0,0,0,0,0,0,0,0,0,4,2026-02-04 05:08:35.293081
SPNG,25.0,25.03,25.21,2159100.0,1845000.0,,0,0,0,0,0,0,0,0,0,0,0,0,0,0,0,0,5,2026-02-04 05:08:36.333130
SMMR,24.98,24.98,25.03,2131500.0,2001000.0,7500.0,0,0,0,0,0,0,0,0,0,0,0,0,0,0,0,0,5,2026-02-04 05:08:36.333130
ATMN,25.04,24.99,25.04,2128900.0,2170400.0,,0,0,0,0,0,0,0,0,0,0,0,0,0,0,0,0,5,2026-02-04 05:08:36.333130
WNTR,24.91,24.91,24.94,2061500.0,2340100.0,,0,0,0,0,0,0,0,0,0,0,0,0,0,0,0,0,5,2026-02-04 05:08:36.333130
SPNG,24.97,25.12,25.2,2183600.0,4743.0,1762500.0,0,0,0,0,0,0,0,0,0,0,0,0,0,0,0,0,6,2026-02-04 05:08:37.374078
SMMR,24.98,24.98,25.04,2123200.0,,2219900.0,0,0,0,0,0,0,0,0,0,0,0,0,0,0,0,0,6,2026-02-04 05:08:37.374078
ATMN,25.37,24.99,25.37,2128900.0,,2041300.0,0,0,0,0,0,0,0,0,0,0,0,0,0,0,0,0,6,2026-02-04 05:08:37.374078
WNTR,24.94,25.01,25.05,2168400.0,,2326500.0,0,0,0,0,0,0,0,0,0,0,0,0,0,0,0,0,6,2026-02-04 05:08:37.374078
SPNG,24.97,24.97,25.17,2150000.0,1886200.0,,0,0,0,0,0,0,0,0,0,0,0,0,0,0,0,0,7,2026-02-04 05:08:38.411864
SMMR,25.11,25.06,25.11,2150400.0,2198200.0,,0,0,0,0,0,0,0,0,0,0,0,0,0,0,0,0,7,2026-02-04 05:08:38.411864
ATMN,24.97,24.99,25.23,2034000.0,2238300.0,7500.0,0,0,0,0,0,0,0,0,0,0,0,0,0,0,0,0,7,2026-02-04 05:08:38.411864
WNTR,24.94,25.04,25.05,2174100.0,2315500.0,,0,0,0,0,0,0,0,0,0,0,0,0,0,0,0,0,7,2026-02-04 05:08:38.411864
SPNG,24.88,24.98,25.16,5625.0,2053000.0,5625.0,1818300.0,0,0,0,0,0,0,0,0,0,0,0,0,0,0,0,8,2026-02-04 05:08:39.438308
SMMR,25.07,24.93,25.02,,2156500.0,5625.0,2082100.0,0,0,0,0,0,0,0,0,0,0,0,0,0,0,0,8,2026-02-04 05:08:39.438308
ATMN,24.94,24.97,25.15,7500.0,2041300.0,,2242500.0,0,0,0,0,0,0,0,0,0,0,0,0,0,0,0,8,2026-02-04 05:08:39.438308
WNTR,25.08,25.04,25.08,,2174100.0,,2312200.0,0,0,0,0,0,0,0,0,0,0,0,0,0,0,0,8,2026-02-04 05:08:39.438308
SPNG,24.86,24.86,25.17,2168900.0,1912700.0,,0,0,0,0,0,0,0,0,0,0,0,0,0,0,0,0,9,2026-02-04 05:08:40.475415
SMMR,24.85,24.85,25.02,2162200.0,2082100.0,5625.0,0,0,0,0,0,0,0,0,0,0,0,0,0,0,0,0,9,2026-02-04 05:08:40.475415
ATMN,24.94,24.94,25.11,2160700.0,2219800.0,,0,0,0,0,0,0,0,0,0,0,0,0,0,0,0,0,9,2026-02-04 05:08:40.475415
WNTR,25.04,24.91,24.92,2170400.0,2237800.0,6093.0,0,0,0,0,0,0,0,0,0,0,0,0,0,0,0,0,9,2026-02-04 05:08:40.475415
SPNG,24.86,24.89,25.16,6093.0,2047700.0,6093.0,1825200.0,0,0,0,0,0,0,0,0,0,0,0,0,0,0,0,10,2026-02-04 05:08:41.506315
SMMR,25.12,24.85,25.03,,2162200.0,,2200300.0,0,0,0,0,0,0,0,0,0,0,0,0,0,0,0,10,2026-02-04 05:08:41.506315
ATMN,25.13,24.95,25.13,6093.0,2048600.0,,2223000.0,0,0,0,0,0,0,0,0,0,0,0,0,0,0,0,10,2026-02-04 05:08:41.506315
WNTR,24.92,24.98,25.08,,2136100.0,,2339600.0,0,0,0,0,0,0,0,0,0,0,0,0,0,0,0,10,2026-02-04 05:08:41.506315
SPNG,25.18,24.9,25.18,5976.0,2047700.0,1906500.0,,0,0,0,0,0,0,0,0,0,0,0,0,0,0,0,11,2026-02-04 05:08:42.581577
SMMR,24.9,24.86,24.9,5976.0,2060700.0,2105200.0,5976.0,0,0,0,0,0,0,0,0,0,0,0,0,0,0,0,11,2026-02-04 05:08:42.581577
ATMN,25.18,24.94,25.18,,2160700.0,2211500.0,,0,0,0,0,0,0,0,0,0,0,0,0,0,0,0,11,2026-02-04 05:08:42.581577
WNTR,24.92,25.01,25.08,,2141100.0,2348900.0,,0,0,0,0,0,0,0,0,0,0,0,0,0,0,0,11,2026-02-04 05:08:42.581577
SPNG,25.18,24.86,25.18,2156500.0,1893200.0,,0,0,0,0,0,0,0,0,0,0,0,0,0,0,0,0,12,2026-02-04 05:08:43.615362
SMMR,25.01,25.03,25.14,2167800.0,2198200.0,,0,0,0,0,0,0,0,0,0,0,0,0,0,0,0,0,12,2026-02-04 05:08:43.615362
ATMN,24.96,24.88,24.92,1936300.0,2201600.0,12069.0,0,0,0,0,0,0,0,0,0,0,0,0,0,0,0,0,12,2026-02-04 05:08:43.615362
WNTR,24.92,25.02,25.04,2137400.0,2256900.0,,0,0,0,0,0,0,0,0,0,0,0,0,0,0,0,0,12,2026-02-04 05:08:43.615362
SPNG,24.84,24.83,24.84,2136500.0,1925200.0,,0,0,0,0,0,0,0,0,0,0,0,0,0,0,0,0,13,2026-02-04 05:08:44.645662
SMMR,24.85,24.85,25.01,2162200.0,2191400.0,,0,0,0,0,0,0,0,0,0,0,0,0,0,0,0,0,13,2026-02-04 05:08:44.645662
ATMN,25.18,24.99,25.18,2124100.0,2179800.0,,0,0,0,0,0,0,0,0,0,0,0,0,0,0,0,0,13,2026-02-04 05:08:44.645662
WNTR,25.04,25.02,25.04,2137400.0,2125000.0,6093.0,0,0,0,0,0,0,0,0,0,0,0,0,0,0,0,0,13,2026-02-04 05:08:44.645662
SPNG,25.18,24.83,24.86,2133100.0,1916800.0,0,0,0,0,0,0,0,0,0,0,0,0,0,0,0,0,0,14,2026-02-04 05:08:45.686731
SMMR,25.01,25.01,25.04,2170500.0,2197800.0,0,0,0,0,0,0,0,0,0,0,0,0,0,0,0,0,0,14,2026-02-04 05:08:45.686731
ATMN,25.22,25.22,25.23,2132800.0,2205400.0,0,0,0,0,0,0,0,0,0,0,0,0,0,0,0,0,0,14,2026-02-04 05:08:45.686731
WNTR,25.01,25.01,25.09,2171400.0,2259600.0,0,0,0,0,0,0,0,0,0,0,0,0,0,0,0,0,0,14,2026-02-04 05:08:45.686731
SPNG,25.18,24.84,25.18,5976.0,2026000.0,1908800.0,0,0,0,0,0,0,0,0,0,0,0,0,0,0,0,0,15,2026-02-04 05:08:46.721062
SMMR,25.01,24.95,24.98,5976.0,2069200.0,2204300.0,0,0,0,0,0,0,0,0,0,0,0,0,0,0,0,0,15,2026-02-04 05:08:46.721062
ATMN,25.23,24.99,25.23,,2116200.0,2205400.0,0,0,0,0,0,0,0,0,0,0,0,0,0,0,0,0,15,2026-02-04 05:08:46.721062
WNTR,24.99,24.99,25.09,,2145000.0,2258700.0,0,0,0,0,0,0,0,0,0,0,0,0,0,0,0,0,15,2026-02-04 05:08:46.721062
SPNG,24.8,24.8,25.01,2132700.0,1908400.0,,,0,0,0,0,0,0,0,0,0,0,0,0,0,0,0,16,2026-02-04 05:08:47.762967
SMMR,25.01,24.95,24.98,1958300.0,2204300.0,12829.0,,0,0,0,0,0,0,0,0,0,0,0,0,0,0,0,16,2026-02-04 05:08:47.762967
ATMN,25.33,25.04,25.33,2010500.0,2213800.0,2798.0,,0,0,0,0,0,0,0,0,0,0,0,0,0,0,0,16,2026-02-04 05:08:47.762967
WNTR,25.11,25.0,25.08,2049300.0,2190800.0,2798.0,2798.0,0,0,0,0,0,0,0,0,0,0,0,0,0,0,0,16,2026-02-04 05:08:47.762967
SPNG,25.21,24.81,25.21,3593.0,2036500.0,1882500.0,0,0,0,0,0,0,0,0,0,0,0,0,0,0,0,0,17,2026-02-04 05:08:48.806548
SMMR,24.98,25.0,25.04,12829.0,2000500.0,2197800.0,0,0,0,0,0,0,0,0,0,0,0,0,0,0,0,0,17,2026-02-04 05:08:48.806548
ATMN,24.99,24.99,25.38,,2118800.0,2224400.0,0,0,0,0,0,0,0,0,0,0,0,0,0,0,0,0,17,2026-02-04 05:08:48.806548
WNTR,25.1,25.01,25.1,3593.0,2021900.0,2299400.0,0,0,0,0,0,0,0,0,0,0,0,0,0,0,0,0,17,2026-02-04 05:08:48.806548
SPNG,25.27,24.81,25.27,3593.0,2036500.0,1871300.0,,0,0,0,0,0,0,0,0,0,0,0,0,0,0,0,18,2026-02-04 05:08:49.846779
SMMR,24.94,24.94,25.04,,2168800.0,2195100.0,,0,0,0,0,0,0,0,0,0,0,0,0,0,0,0,18,2026-02-04 05:08:49.846779
ATMN,25.39,25.04,25.39,2798.0,2030000.0,2111800.0,,0,0,0,0,0,0,0,0,0,0,0,0,0,0,0,18,2026-02-04 05:08:49.846779
WNTR,24.94,24.94,25.07,,2128700.0,2177000.0,3593.0,0,0,0,0,0,0,0,0,0,0,0,0,0,0,0,18,2026-02-04 05:08:49.846779
SPNG,24.77,24.77,25.27,2133600.0,1884000.0,,0,0,0,0,0,0,0,0,0,0,0,0,0,0,0,0,19,2026-02-04 05:08:50.373793
SMMR,24.92,25.0,25.04,2062500.0,2174800.0,2829.0,0,0,0,0,0,0,0,0,0,0,0,0,0,0,0,0,19,2026-02-04 05:08:50.373793
ATMN,25.39,25.24,25.39,2003500.0,2239500.0,2798.0,0,0,0,0,0,0,0,0,0,0,0,0,0,0,0,0,19,2026-02-04 05:08:50.373793
WNTR,25.11,25.01,25.11,2033000.0,2229000.0,2798.0,0,0,0,0,0,0,0,0,0,0,0,0,0,0,0,0,19,2026-02-04 05:08:50.373793
SPNG,24.76,24.82,25.03,2153100.0,1901900.0,,,0,0,0,0,0,0,0,0,0,0,0,0,0,0,0,20,2026-02-04 05:08:51.419212
SMMR,24.88,24.95,25.03,2051600.0,2032200.0,6999.0,6999.0,0,0,0,0,0,0,0,0,0,0,0,0,0,0,0,20,2026-02-04 05:08:51.419212
ATMN,25.39,25.24,25.39,1991500.0,2224700.0,2798.0,,0,0,0,0,0,0,0,0,0,0,0,0,0,0,0,20,2026-02-04 05:08:51.419212
WNTR,25.14,24.94,25.14,2128700.0,2271200.0,,,0,0,0,0,0,0,0,0,0,0,0,0,0,0,0,20,2026-02-04 05:08:51.419212
SPNG,25.03,24.82,25.03,2038100.0,5500.0,1805000.0,5500.0,0,0,0,0,0,0,0,0,0,0,0,0,0,0,0,21,2026-02-04 05:08:52.457433
SMMR,25.06,24.84,25.06,2169800.0,,2146800.0,,0,0,0,0,0,0,0,0,0,0,0,0,0,0,0,21,2026-02-04 05:08:52.457433
ATMN,25.24,25.12,25.14,2121500.0,,2197700.0,,0,0,0,0,0,0,0,0,0,0,0,0,0,0,0,21,2026-02-04 05:08:52.457433
WNTR,24.98,25.01,25.07,2165400.0,,2227300.0,,0,0,0,0,0,0,0,0,0,0,0,0,0,0,0,21,2026-02-04 05:08:52.457433
SPNG,25.11,24.83,25.11,5000.0,2071800.0,1870500.0,,0,0,0,0,0,0,0,0,0,0,0,0,0,0,0,22,2026-02-04 05:08:53.496333
SMMR,24.84,24.84,25.11,,2166800.0,2167100.0,,0,0,0,0,0,0,0,0,0,0,0,0,0,0,0,22,2026-02-04 05:08:53.496333
ATMN,25.36,25.12,25.24,,2119900.0,2164500.0,,0,0,0,0,0,0,0,0,0,0,0,0,0,0,0,22,2026-02-04 05:08:53.496333
WNTR,24.94,24.9,24.94,,2157200.0,2099400.0,5000.0,0,0,0,0,0,0,0,0,0,0,0,0,0,0,0,22,2026-02-04 05:08:53.496333
SPNG,24.67,24.67,24.96,2153600.0,1804800.0,500.0,0,0,0,0,0,0,0,0,0,0,0,0,0,0,0,0,23,2026-02-04 05:08:54.524706
SMMR,25.11,24.83,25.1,2202300.0,2066400.0,6125.0,0,0,0,0,0,0,0,0,0,0,0,0,0,0,0,0,23,2026-02-04 05:08:54.524706
ATMN,25.24,25.19,25.22,2146200.0,2094800.0,6125.0,0,0,0,0,0,0,0,0,0,0,0,0,0,0,0,0,23,2026-02-04 05:08:54.524706
WNTR,24.98,24.9,24.98,2130500.0,2242800.0,,0,0,0,0,0,0,0,0,0,0,0,0,0,0,0,0,23,2026-02-04 05:08:54.524706
SPNG,24.93,24.72,24.93,2164900.0,1829200.0,500.0,0,0,0,0,0,0,0,0,0,0,0,0,0,0,0,0,24,2026-02-04 05:08:55.552649
SMMR,24.81,24.81,25.11,2186500.0,2174000.0,,0,0,0,0,0,0,0,0,0,0,0,0,0,0,0,0,24,2026-02-04 05:08:55.552649
ATMN,25.24,25.19,25.22,2179100.0,2207600.0,,0,0,0,0,0,0,0,0,0,0,0,0,0,0,0,0,24,2026-02-04 05:08:55.552649
WNTR,24.88,24.88,24.94,2150400.0,2131600.0,5000.0,0,0,0,0,0,0,0,0,0,0,0,0,0,0,0,0,24,2026-02-04 05:08:55.552649
SPNG,24.96,24.78,24.96,2164500.0,1829200.0,500.0,0,0,0,0,0,0,0,0,0,0,0,0,0,0,0,0,25,2026-02-04 05:08:56.586709
SMMR,25.18,25.01,25.18,2186700.0,2183900.0,,0,0,0,0,0,0,0,0,0,0,0,0,0,0,0,0,25,2026-02-04 05:08:56.586709
ATMN,25.22,25.19,25.22,2179100.0,2207600.0,,0,0,0,0,0,0,0,0,0,0,0,0,0,0,0,0,25,2026-02-04 05:08:56.586709
WNTR,24.98,25.0,25.01,2128900.0,2250100.0,,0,0,0,0,0,0,0,0,0,0,0,0,0,0,0,0,25,2026-02-04 05:08:56.586709
SPNG,25.05,24.78,25.05,2179500.0,1907800.0,,,0,0,0,0,0,0,0,0,0,0,0,0,0,0,0,26,2026-02-04 05:08:57.615431
SMMR,25.01,25.01,25.06,2077400.0,2096400.0,7375.0,7375.0,0,0,0,0,0,0,0,0,0,0,0,0,0,0,0,26,2026-02-04 05:08:57.615431
ATMN,25.42,25.19,25.38,2179100.0,2191500.0,,,0,0,0,0,0,0,0,0,0,0,0,0,0,0,0,26,2026-02-04 05:08:57.615431
WNTR,25.01,25.0,25.01,2011100.0,2222300.0,7375.0,,0,0,0,0,0,0,0,0,0,0,0,0,0,0,0,26,2026-02-04 05:08:57.615431
SPNG,24.78,24.79,25.04,4125.0,2048200.0,4125.0,1824400.0,0,0,0,0,0,0,0,0,0,0,0,0,0,0,0,27,2026-02-04 05:08:58.658145
SMMR,25.01,24.81,24.97,,2210900.0,,2198100.0,0,0,0,0,0,0,0,0,0,0,0,0,0,0,0,27,2026-02-04 05:08:58.658145
ATMN,25.28,25.35,25.38,4125.0,2065900.0,,2191500.0,0,0,0,0,0,0,0,0,0,0,0,0,0,0,0,27,2026-02-04 05:08:58.658145
WNTR,24.88,24.88,24.96,,2147600.0,,2237700.0,0,0,0,0,0,0,0,0,0,0,0,0,0,0,0,27,2026-02-04 05:08:58.658145
SPNG,24.96,24.96,25.27,2167700.0,1921500.0,,0,0,0,0,0,0,0,0,0,0,0,0,0,0,0,0,28,2026-02-04 05:08:59.702048
SMMR,25.0,25.0,25.06,2180300.0,2189300.0,,0,0,0,0,0,0,0,0,0,0,0,0,0,0,0,0,28,2026-02-04 05:08:59.702048
ATMN,25.38,25.39,25.44,2181900.0,2193100.0,,0,0,0,0,0,0,0,0,0,0,0,0,0,0,0,0,28,2026-02-04 05:08:59.702048
WNTR,24.87,24.87,24.95,2138900.0,2101400.0,6468.0,0,0,0,0,0,0,0,0,0,0,0,0,0,0,0,0,28,2026-02-04 05:08:59.702048
SPNG,24.84,24.78,24.84,2153800.0,1942000.0,,0,0,0,0,0,0,0,0,0,0,0,0,0,0,0,0,29,2026-02-04 05:09:00.743084
SMMR,25.0,24.81,24.88,2156600.0,2193600.0,6468.0,0,0,0,0,0,0,0,0,0,0,0,0,0,0,0,0,29,2026-02-04 05:09:00.743084
ATMN,25.2,25.23,25.37,2220200.0,2179800.0,,0,0,0,0,0,0,0,0,0,0,0,0,0,0,0,0,29,2026-02-04 05:09:00.743084
WNTR,25.06,24.87,25.06,2164400.0,2178500.0,,0,0,0,0,0,0,0,0,0,0,0,0,0,0,0,0,29,2026-02-04 05:09:00.743084
SPNG,25.28,24.79,25.28,5883.0,2019400.0,1934000.0,,0,0,0,0,0,0,0,0,0,0,0,0,0,0,0,30,2026-02-04 05:09:01.787793
SMMR,25.06,24.81,24.98,,2282200.0,2198900.0,,0,0,0,0,0,0,0,0,0,0,0,0,0,0,0,30,2026-02-04 05:09:01.787793
ATMN,25.23,25.23,25.25,5883.0,2100800.0,2161400.0,,0,0,0,0,0,0,0,0,0,0,0,0,0,0,0,30,2026-02-04 05:09:01.787793
WNTR,24.87,24.94,25.06,,2172000.0,2086000.0,5883.0,0,0,0,0,0,0,0,0,0,0,0,0,0,0,0,30,2026-02-04 05:09:01.787793
SPNG,25.28,24.92,25.28,5883.0,2023100.0,1959100.0,0,0,0,0,0,0,0,0,0,0,0,0,0,0,0,0,31,2026-02-04 05:09:02.864764
SMMR,25.09,24.91,25.09,6468.0,2174300.0,2182900.0,0,0,0,0,0,0,0,0,0,0,0,0,0,0,0,0,31,2026-02-04 05:09:02.864764
ATMN,24.99,24.99,25.25,4412.0,2074700.0,2161400.0,0,0,0,0,0,0,0,0,0,0,0,0,0,0,0,0,31,2026-02-04 05:09:02.864764
WNTR,24.94,25.03,25.06,,2156600.0,2212900.0,0,0,0,0,0,0,0,0,0,0,0,0,0,0,0,0,31,2026-02-04 05:09:02.864764
SPNG,24.76,24.79,25.18,1966200.0,283.0,1992600.0,,0,0,0,0,0,0,0,0,0,0,0,0,0,0,0,32,2026-02-04 05:09:03.928836
SMMR,24.9,25.09,25.13,2333200.0,,2175800.0,,0,0,0,0,0,0,0,0,0,0,0,0,0,0,0,32,2026-02-04 05:09:03.928836
ATMN,25.21,25.21,25.24,2176000.0,,1892000.0,5812.0,0,0,0,0,0,0,0,0,0,0,0,0,0,0,0,32,2026-02-04 05:09:03.928836
WNTR,24.86,24.86,25.04,2180800.0,,2194300.0,,0,0,0,0,0,0,0,0,0,0,0,0,0,0,0,32,2026-02-04 05:09:03.928836
SPNG,24.72,24.72,25.18,2109700.0,1992600.0,,,0,0,0,0,0,0,0,0,0,0,0,0,0,0,0,33,2026-02-04 05:09:04.466246
SMMR,25.09,24.9,24.94,2310900.0,2143900.0,,,0,0,0,0,0,0,0,0,0,0,0,0,0,0,0,33,2026-02-04 05:09:04.466246
ATMN,25.21,25.21,25.24,2056600.0,1855700.0,5812.0,5812.0,0,0,0,0,0,0,0,0,0,0,0,0,0,0,0,33,2026-02-04 05:09:04.466246
WNTR,24.84,24.84,24.88,2190900.0,2196100.0,,,0,0,0,0,0,0,0,0,0,0,0,0,0,0,0,33,2026-02-04 05:09:04.466246
SPNG,24.72,24.76,25.1,2084500.0,1907400.0,7500.0,0,0,0,0,0,0,0,0,0,0,0,0,0,0,0,0,34,2026-02-04 05:09:05.508664
SMMR,24.96,24.95,24.96,2293400.0,2061100.0,7500.0,0,0,0,0,0,0,0,0,0,0,0,0,0,0,0,0,34,2026-02-04 05:09:05.508664
ATMN,25.21,25.21,25.25,2153600.0,2103600.0,,0,0,0,0,0,0,0,0,0,0,0,0,0,0,0,0,34,2026-02-04 05:09:05.508664
WNTR,25.03,24.84,25.03,2194100.0,2088000.0,7500.0,0,0,0,0,0,0,0,0,0,0,0,0,0,0,0,0,34,2026-02-04 05:09:05.508664
SPNG,25.1,24.76,25.1,2087600.0,1917300.0,283.0,0,0,0,0,0,0,0,0,0,0,0,0,0,0,0,0,35,2026-02-04 05:09:06.548993
SMMR,24.96,24.95,24.96,2283200.0,2061100.0,7500.0,0,0,0,0,0,0,0,0,0,0,0,0,0,0,0,0,35,2026-02-04 05:09:06.548993
ATMN,25.12,25.12,25.25,2158900.0,2097700.0,,0,0,0,0,0,0,0,0,0,0,0,0,0,0,0,0,35,2026-02-04 05:09:06.548993
WNTR,24.83,24.83,25.02,2178000.0,2192200.0,,0,0,0,0,0,0,0,0,0,0,0,0,0,0,0,0,35,2026-02-04 05:09:06.548993
SPNG,24.72,24.72,25.1,2120300.0,1949900.0,283.0,0,0,0,0,0,0,0,0,0,0,0,0,0,0,0,0,36,2026-02-04 05:09:07.588856
SMMR,24.95,24.95,25.04,2298000.0,2175900.0,,0,0,0,0,0,0,0,0,0,0,0,0,0,0,0,0,36,2026-02-04 05:09:07.588856
ATMN,25.12,25.12,25.25,2145700.0,2097700.0,,0,0,0,0,0,0,0,0,0,0,0,0,0,0,0,0,36,2026-02-04 05:09:07.588856
WNTR,24.83,24.83,25.02,2151500.0,2061800.0,7000.0,0,0,0,0,0,0,0,0,0,0,0,0,0,0,0,0,36,2026-02-04 05:09:07.588856
SPNG,25.12,25.12,25.22,2109700.0,1981400.0,,,0,0,0,0,0,0,0,0,0,0,0,0,0,0,0,37,2026-02-04 05:09:08.639995
SMMR,25.06,25.02,25.06,2168000.0,2172000.0,5750.0,,0,0,0,0,0,0,0,0,0,0,0,0,0,0,0,37,2026-02-04 05:09:08.639995
ATMN,25.12,25.12,25.25,2035800.0,2095900.0,5750.0,,0,0,0,0,0,0,0,0,0,0,0,0,0,0,0,37,2026-02-04 05:09:08.639995
WNTR,24.81,24.81,24.86,2163000.0,2128400.0,,7000.0,0,0,0,0,0,0,0,0,0,0,0,0,0,0,0,37,2026-02-04 05:09:08.639995
SPNG,25.22,24.69,25.22,2130300.0,2004900.0,,0,0,0,0,0,0,0,0,0,0,0,0,0,0,0,0,38,2026-02-04 05:09:09.678719
SMMR,24.95,24.95,25.09,2298000.0,2175700.0,,0,0,0,0,0,0,0,0,0,0,0,0,0,0,0,0,38,2026-02-04 05:09:09.678719
ATMN,25.0,25.1,25.24,2170800.0,2012000.0,5750.0,0,0,0,0,0,0,0,0,0,0,0,0,0,0,0,0,38,2026-02-04 05:09:09.678719
WNTR,24.86,24.81,24.86,2172400.0,2125400.0,7000.0,0,0,0,0,0,0,0,0,0,0,0,0,0,0,0,0,38,2026-02-04 05:09:09.678719
SPNG,24.73,24.69,24.73,2130300.0,1940800.0,5750.0,0,0,0,0,0,0,0,0,0,0,0,0,0,0,0,0,39,2026-02-04 05:09:10.712220
SMMR,24.95,24.95,25.09,2267900.0,2153000.0,,0,0,0,0,0,0,0,0,0,0,0,0,0,0,0,0,39,2026-02-04 05:09:10.712220
ATMN,24.99,25.06,25.24,2185800.0,2031000.0,5750.0,0,0,0,0,0,0,0,0,0,0,0,0,0,0,0,0,39,2026-02-04 05:09:10.712220
WNTR,24.81,24.78,24.81,2158700.0,2115900.0,5500.0,0,0,0,0,0,0,0,0,0,0,0,0,0,0,0,0,39,2026-02-04 05:09:10.712220
SPNG,24.67,24.67,25.12,2141300.0,2006400.0,,0,0,0,0,0,0,0,0,0,0,0,0,0,0,0,0,40,2026-02-04 05:09:11.745972
SMMR,24.96,24.96,25.09,2272600.0,2032200.0,5750.0,0,0,0,0,0,0,0,0,0,0,0,0,0,0,0,0,40,2026-02-04 05:09:11.745972
ATMN,24.99,25.22,25.24,2172800.0,1924700.0,11500.0,0,0,0,0,0,0,0,0,0,0,0,0,0,0,0,0,40,2026-02-04 05:09:11.745972
WNTR,24.78,24.78,24.81,2151100.0,2116000.0,5500.0,0,0,0,0,0,0,0,0,0,0,0,0,0,0,0,0,40,2026-02-04 05:09:11.745972
SPNG,24.63,25.02,25.12,2125600.0,2006400.0,0,0,0,0,0,0,0,0,0,0,0,0,0,0,0,0,0,41,2026-02-04 05:09:12.774471
SMMR,25.14,25.17,25.18,2250000.0,2189100.0,0,0,0,0,0,0,0,0,0,0,0,0,0,0,0,0,0,41,2026-02-04 05:09:12.774471
ATMN,25.06,25.06,25.13,2170600.0,2149000.0,0,0,0,0,0,0,0,0,0,0,0,0,0,0,0,0,0,41,2026-02-04 05:09:12.774471
WNTR,24.9,24.87,24.9,2161300.0,2258400.0,0,0,0,0,0,0,0,0,0,0,0,0,0,0,0,0,0,41,2026-02-04 05:09:12.774471
SPNG,24.68,25.08,25.1,2030900.0,1812.0,1812.0,1908700.0,0,0,0,0,0,0,0,0,0,0,0,0,0,0,0,42,2026-02-04 05:09:13.802868
SMMR,25.18,25.17,25.18,2252800.0,,,2205700.0,0,0,0,0,0,0,0,0,0,0,0,0,0,0,0,42,2026-02-04 05:09:13.802868
ATMN,24.95,24.95,25.0,2146600.0,,11500.0,1920600.0,0,0,0,0,0,0,0,0,0,0,0,0,0,0,0,42,2026-02-04 05:09:13.802868
WNTR,24.87,24.87,24.9,2161300.0,,,2256600.0,0,0,0,0,0,0,0,0,0,0,0,0,0,0,0,42,2026-02-04 05:09:13.802868
SPNG,24.68,25.08,25.12,2120300.0,2005100.0,0,0,0,0,0,0,0,0,0,0,0,0,0,0,0,0,0,43,2026-02-04 05:09:14.845534
SMMR,25.18,25.19,25.2,2268800.0,2218800.0,0,0,0,0,0,0,0,0,0,0,0,0,0,0,0,0,0,43,2026-02-04 05:09:14.845534
ATMN,24.93,24.99,25.0,2118500.0,2125000.0,0,0,0,0,0,0,0,0,0,0,0,0,0,0,0,0,0,43,2026-02-04 05:09:14.845534
WNTR,24.92,24.78,24.92,2151100.0,2240300.0,0,0,0,0,0,0,0,0,0,0,0,0,0,0,0,0,0,43,2026-02-04 05:09:14.845534
SPNG,25.12,24.67,25.12,2114500.0,2005100.0,0,0,0,0,0,0,0,0,0,0,0,0,0,0,0,0,0,44,2026-02-04 05:09:15.881407
SMMR,25.17,25.17,25.2,2260900.0,2202100.0,0,0,0,0,0,0,0,0,0,0,0,0,0,0,0,0,0,44,2026-02-04 05:09:15.881407
ATMN,25.25,24.93,25.25,2140700.0,2154400.0,0,0,0,0,0,0,0,0,0,0,0,0,0,0,0,0,0,44,2026-02-04 05:09:15.881407
WNTR,24.94,24.85,24.94,2178700.0,2211600.0,0,0,0,0,0,0,0,0,0,0,0,0,0,0,0,0,0,44,2026-02-04 05:09:15.881407
SPNG,25.25,24.71,25.07,2132600.0,4625.0,1926700.0,,0,0,0,0,0,0,0,0,0,0,0,0,0,0,0,45,2026-02-04 05:09:16.913956
SMMR,24.99,24.99,25.19,2271400.0,,2216000.0,,0,0,0,0,0,0,0,0,0,0,0,0,0,0,0,45,2026-02-04 05:09:16.913956
ATMN,25.06,24.92,25.06,2154200.0,11500.0,1902400.0,,0,0,0,0,0,0,0,0,0,0,0,0,0,0,0,45,2026-02-04 05:09:16.913956
WNTR,24.94,24.79,24.94,2045400.0,,2211600.0,3468.0,0,0,0,0,0,0,0,0,0,0,0,0,0,0,0,45,2026-02-04 05:09:16.913956
SPNG,25.28,24.72,25.28,5492.0,2022300.0,2032200.0,,0,0,0,0,0,0,0,0,0,0,0,0,0,0,0,46,2026-02-04 05:09:17.957791
SMMR,24.99,25.01,25.1,,2256800.0,2108600.0,5492.0,0,0,0,0,0,0,0,0,0,0,0,0,0,0,0,46,2026-02-04 05:09:17.957791
ATMN,24.88,24.88,25.27,,2144400.0,2120800.0,,0,0,0,0,0,0,0,0,0,0,0,0,0,0,0,46,2026-02-04 05:09:17.957791
WNTR,24.83,24.79,24.83,3468.0,2062500.0,2241700.0,,0,0,0,0,0,0,0,0,0,0,0,0,0,0,0,46,2026-02-04 05:09:17.957791
SPNG,24.67,24.67,25.28,2119100.0,2000300.0,0,0,0,0,0,0,0,0,0,0,0,0,0,0,0,0,0,47,2026-02-04 05:09:18.991358
SMMR,25.1,24.99,25.1,2263000.0,2226200.0,0,0,0,0,0,0,0,0,0,0,0,0,0,0,0,0,0,47,2026-02-04 05:09:18.991358
ATMN,24.86,24.86,24.95,2163700.0,2138300.0,0,0,0,0,0,0,0,0,0,0,0,0,0,0,0,0,0,47,2026-02-04 05:09:18.991358
WNTR,24.78,24.78,24.89,2169000.0,2232700.0,0,0,0,0,0,0,0,0,0,0,0,0,0,0,0,0,0,47,2026-02-04 05:09:18.991358
SPNG,25.29,24.81,25.08,2004400.0,6633.0,1894400.0,6633.0,0,0,0,0,0,0,0,0,0,0,0,0,0,0,0,48,2026-02-04 05:09:20.025795
SMMR,25.18,25.03,25.18,2135400.0,6633.0,2212600.0,,0,0,0,0,0,0,0,0,0,0,0,0,0,0,0,48,2026-02-04 05:09:20.025795
ATMN,24.95,25.03,25.05,2066700.0,6633.0,2017800.0,6633.0,0,0,0,0,0,0,0,0,0,0,0,0,0,0,0,48,2026-02-04 05:09:20.025795
WNTR,24.92,24.78,24.92,2169800.0,,2250200.0,,0,0,0,0,0,0,0,0,0,0,0,0,0,0,0,48,2026-02-04 05:09:20.025795
SPNG,25.29,24.81,25.29,2107900.0,1997000.0,,0,0,0,0,0,0,0,0,0,0,0,0,0,0,0,0,49,2026-02-04 05:09:20.554173
SMMR,25.18,25.14,25.18,2124700.0,2198800.0,6633.0,0,0,0,0,0,0,0,0,0,0,0,0,0,0,0,0,49,2026-02-04 05:09:20.554173
ATMN,25.03,24.86,24.97,2129700.0,2147400.0,,0,0,0,0,0,0,0,0,0,0,0,0,0,0,0,0,49,2026-02-04 05:09:20.554173
WNTR,24.92,24.78,24.92,2167600.0,2226400.0,,0,0,0,0,0,0,0,0,0,0,0,0,0,0,0,0,49,2026-02-04 05:09:20.554173
SPNG,24.67,24.67,25.3,2094500.0,1970700.0,,0,0,0,0,0,0,0,0,0,0,0,0,0,0,0,0,50,2026-02-04 05:09:21.587951
SMMR,25.19,25.14,25.19,2124700.0,2174600.0,6633.0,0,0,0,0,0,0,0,0,0,0,0,0,0,0,0,0,50,2026-02-04 05:09:21.587951
ATMN,24.85,24.85,24.97,2134700.0,2150600.0,,0,0,0,0,0,0,0,0,0,0,0,0,0,0,0,0,50,2026-02-04 05:09:21.587951
WNTR,24.94,24.84,24.94,2166500.0,2246200.0,,0,0,0,0,0,0,0,0,0,0,0,0,0,0,0,0,50,2026-02-04 05:09:21.587951
SPNG,24.67,25.04,25.1,2103400.0,1864200.0,2500.0,,0,0,0,0,0,0,0,0,0,0,0,0,0,0,0,51,2026-02-04 05:09:22.635067
SMMR,25.14,25.03,25.07,2249500.0,2184100.0,,,0,0,0,0,0,0,0,0,0,0,0,0,0,0,0,51,2026-02-04 05:09:22.635067
ATMN,25.27,24.87,25.27,2014400.0,2101900.0,,6466.0,0,0,0,0,0,0,0,0,0,0,0,0,0,0,0,51,2026-02-04 05:09:22.635067
WNTR,24.98,24.85,24.98,2070400.0,2216700.0,,6466.0,0,0,0,0,0,0,0,0,0,0,0,0,0,0,0,51,2026-02-04 05:09:22.635067
SPNG,25.04,25.04,25.1,2103400.0,1985200.0,,0,0,0,0,0,0,0,0,0,0,0,0,0,0,0,0,52,2026-02-04 05:09:23.671141
SMMR,25.18,25.15,25.18,2137900.0,2194100.0,6633.0,0,0,0,0,0,0,0,0,0,0,0,0,0,0,0,0,52,2026-02-04 05:09:23.671141
ATMN,25.27,24.87,25.27,2014400.0,2124700.0,6466.0,0,0,0,0,0,0,0,0,0,0,0,0,0,0,0,0,52,2026-02-04 05:09:23.671141
WNTR,24.98,24.9,24.98,2108400.0,2216700.0,6466.0,0,0,0,0,0,0,0,0,0,0,0,0,0,0,0,0,52,2026-02-04 05:09:23.671141
SPNG,25.22,25.05,25.22,2608.0,1997700.0,1972400.0,0,0,0,0,0,0,0,0,0,0,0,0,0,0,0,0,53,2026-02-04 05:09:24.712136
SMMR,24.99,24.99,25.18,,2247300.0,2171700.0,0,0,0,0,0,0,0,0,0,0,0,0,0,0,0,0,53,2026-02-04 05:09:24.712136
ATMN,24.82,24.82,25.0,,2145200.0,2107100.0,0,0,0,0,0,0,0,0,0,0,0,0,0,0,0,0,53,2026-02-04 05:09:24.712136
WNTR,24.9,24.9,24.98,6466.0,2092300.0,2237400.0,0,0,0,0,0,0,0,0,0,0,0,0,0,0,0,0,53,2026-02-04 05:09:24.712136
SPNG,25.31,24.67,25.31,2067600.0,2002100.0,,0,0,0,0,0,0,0,0,0,0,0,0,0,0,0,0,54,2026-02-04 05:09:25.753601
SMMR,24.99,24.99,25.18,2226500.0,2182100.0,,0,0,0,0,0,0,0,0,0,0,0,0,0,0,0,0,54,2026-02-04 05:09:25.753601
ATMN,24.88,24.8,24.88,2151900.0,2005300.0,7095.0,0,0,0,0,0,0,0,0,0,0,0,0,0,0,0,0,54,2026-02-04 05:09:25.753601
WNTR,24.95,24.89,24.95,2177400.0,2217700.0,,0,0,0,0,0,0,0,0,0,0,0,0,0,0,0,0,54,2026-02-04 05:09:25.753601
SPNG,25.31,24.99,25.31,2077900.0,1913100.0,1617.0,,0,0,0,0,0,0,0,0,0,0,0,0,0,0,0,55,2026-02-04 05:09:26.800885
SMMR,24.99,25.07,25.18,2191700.0,2214600.0,,,0,0,0,0,0,0,0,0,0,0,0,0,0,0,0,55,2026-02-04 05:09:26.800885
ATMN,24.88,24.9,25.0,2189600.0,2135900.0,,,0,0,0,0,0,0,0,0,0,0,0,0,0,0,0,55,2026-02-04 05:09:26.800885
WNTR,24.99,24.9,24.97,2084500.0,2274100.0,,7095.0,0,0,0,0,0,0,0,0,0,0,0,0,0,0,0,55,2026-02-04 05:09:26.800885
SPNG,24.99,24.99,25.31,2077900.0,1868200.0,1617.0,,0,0,0,0,0,0,0,0,0,0,0,0,0,0,0,56,2026-02-04 05:09:27.842277
SMMR,25.2,25.08,25.2,2095000.0,2185300.0,,7095.0,0,0,0,0,0,0,0,0,0,0,0,0,0,0,0,56,2026-02-04 05:09:27.842277
ATMN,24.81,24.81,25.22,2058200.0,2117200.0,,7095.0,0,0,0,0,0,0,0,0,0,0,0,0,0,0,0,56,2026-02-04 05:09:27.842277
WNTR,24.97,24.9,24.97,2084500.0,2148300.0,7095.0,7095.0,0,0,0,0,0,0,0,0,0,0,0,0,0,0,0,56,2026-02-04 05:09:27.842277
SPNG,24.62,24.62,25.31,2108500.0,1883800.0,1617.0,,0,0,0,0,0,0,0,0,0,0,0,0,0,0,0,57,2026-02-04 05:09:28.884339
SMMR,25.2,25.09,25.17,2095000.0,2090500.0,6130.0,6130.0,0,0,0,0,0,0,0,0,0,0,0,0,0,0,0,57,2026-02-04 05:09:28.884339
ATMN,24.81,24.9,25.11,2040200.0,2129600.0,,7095.0,0,0,0,0,0,0,0,0,0,0,0,0,0,0,0,57,2026-02-04 05:09:28.884339
WNTR,25.0,24.96,25.0,2211100.0,2240800.0,,,0,0,0,0,0,0,0,0,0,0,0,0,0,0,0,57,2026-02-04 05:09:28.884339
SPNG,25.33,24.62,25.29,2108500.0,1982100.0,,,0,0,0,0,0,0,0,0,0,0,0,0,0,0,0,58,2026-02-04 05:09:29.924593
SMMR,25.2,25.09,25.17,2091500.0,2088300.0,6130.0,6130.0,0,0,0,0,0,0,0,0,0,0,0,0,0,0,0,58,2026-02-04 05:09:29.924593
ATMN,25.11,24.78,25.11,2180300.0,2147300.0,,,0,0,0,0,0,0,0,0,0,0,0,0,0,0,0,58,2026-02-04 05:09:29.924593
WNTR,24.87,24.88,25.0,2199700.0,2240800.0,,,0,0,0,0,0,0,0,0,0,0,0,0,0,0,0,58,2026-02-04 05:09:29.924593
SPNG,24.6,24.6,25.21,2105700.0,2016200.0,,0,0,0,0,0,0,0,0,0,0,0,0,0,0,0,0,59,2026-02-04 05:09:30.965060
SMMR,25.01,25.01,25.09,2217300.0,2072700.0,6130.0,0,0,0,0,0,0,0,0,0,0,0,0,0,0,0,0,59,2026-02-04 05:09:30.965060
ATMN,24.78,24.78,25.11,2180300.0,2153600.0,,0,0,0,0,0,0,0,0,0,0,0,0,0,0,0,0,59,2026-02-04 05:09:30.965060
WNTR,24.92,24.88,24.92,2199700.0,2263900.0,,0,0,0,0,0,0,0,0,0,0,0,0,0,0,0,0,59,2026-02-04 05:09:30.965060
SPNG,25.49,22.35,25.48,772500.0,628500.0,0,0,0,0,0,0,0,0,0,0,0,0,0,0,0,0,0,60,2026-02-04 05:09:31.998458
SMMR,25.17,24.12,24.42,910600.0,904800.0,0,0,0,0,0,0,0,0,0,0,0,0,0,0,0,0,0,60,2026-02-04 05:09:31.998458
ATMN,25.69,25.19,25.4,1024400.0,811800.0,0,0,0,0,0,0,0,0,0,0,0,0,0,0,0,0,0,60,2026-02-04 05:09:31.998458
WNTR,24.83,24.4,25.05,912500.0,815700.0,0,0,0,0,0,0,0,0,0,0,0,0,0,0,0,0,0,60,2026-02-04 05:09:31.998458
SPNG,25.49,25.38,25.48,1316300.0,714800.0,0,0,0,0,0,0,0,0,0,0,0,0,0,0,0,0,0,61,2026-02-04 05:09:33.028188
SMMR,24.12,24.02,24.07,965300.0,1254000.0,0,0,0,0,0,0,0,0,0,0,0,0,0,0,0,0,0,61,2026-02-04 05:09:33.028188
ATMN,25.69,25.21,25.4,1374300.0,811800.0,0,0,0,0,0,0,0,0,0,0,0,0,0,0,0,0,0,61,2026-02-04 05:09:33.028188
WNTR,24.26,24.26,24.37,940800.0,1199400.0,0,0,0,0,0,0,0,0,0,0,0,0,0,0,0,0,0,61,2026-02-04 05:09:33.028188
SPNG,26.9,25.38,26.64,1432500.0,852000.0,0,0,0,0,0,0,0,0,0,0,0,0,0,0,0,0,0,62,2026-02-04 05:09:34.058034
SMMR,24.07,24.1,24.21,1300300.0,1160700.0,0,0,0,0,0,0,0,0,0,0,0,0,0,0,0,0,0,62,2026-02-04 05:09:34.058034
ATMN,25.37,25.37,25.95,1568900.0,777300.0,0,0,0,0,0,0,0,0,0,0,0,0,0,0,0,0,0,62,2026-02-04 05:09:34.058034
WNTR,24.12,24.24,24.28,1053700.0,1315500.0,0,0,0,0,0,0,0,0,0,0,0,0,0,0,0,0,0,62,2026-02-04 05:09:34.058034
SPNG,25.31,25.31,26.13,1216200.0,959600.0,0,0,0,0,0,0,0,0,0,0,0,0,0,0,0,0,0,63,2026-02-04 05:09:35.091051
SMMR,24.02,24.08,24.13,1310700.0,1368300.0,0,0,0,0,0,0,0,0,0,0,0,0,0,0,0,0,0,63,2026-02-04 05:09:35.091051
ATMN,25.33,25.33,26.1,1475600.0,809400.0,0,0,0,0,0,0,0,0,0,0,0,0,0,0,0,0,0,63,2026-02-04 05:09:35.091051
WNTR,24.24,24.12,24.14,1076600.0,1313300.0,0,0,0,0,0,0,0,0,0,0,0,0,0,0,0,0,0,63,2026-02-04 05:09:35.091051
SPNG,25.31,25.31,25.66,1216200.0,1143400.0,0,0,0,0,0,0,0,0,0,0,0,0,0,0,0,0,0,64,2026-02-04 05:09:35.622267
SMMR,24.13,24.02,24.13,1206000.0,1368300.0,0,0,0,0,0,0,0,0,0,0,0,0,0,0,0,0,0,64,2026-02-04 05:09:35.622267
ATMN,26.1,25.33,25.72,1573000.0,917300.0,0,0,0,0,0,0,0,0,0,0,0,0,0,0,0,0,0,64,2026-02-04 05:09:35.622267
WNTR,24.37,24.21,24.37,1198600.0,1199400.0,0,0,0,0,0,0,0,0,0,0,0,0,0,0,0,0,0,64,2026-02-04 05:09:35.622267
SPNG,24.16,24.94,26.13,1192700.0,1063800.0,,,0,0,0,0,0,0,0,0,0,0,0,0,0,0,0,65,2026-02-04 05:09:36.670567
SMMR,24.13,24.16,24.21,1305400.0,1363600.0,,,0,0,0,0,0,0,0,0,0,0,0,0,0,0,0,65,2026-02-04 05:09:36.670567
ATMN,26.1,25.39,25.72,1872200.0,917300.0,195.0,,0,0,0,0,0,0,0,0,0,0,0,0,0,0,0,65,2026-02-04 05:09:36.670567
WNTR,24.37,24.48,24.55,1555900.0,1067000.0,,5775.0,0,0,0,0,0,0,0,0,0,0,0,0,0,0,0,65,2026-02-04 05:09:36.670567
SPNG,24.16,25.56,25.65,1361200.0,11550.0,1160700.0,,0,0,0,0,0,0,0,0,0,0,0,0,0,0,0,66,2026-02-04 05:09:37.707692
SMMR,23.94,23.93,23.94,1301100.0,,1499800.0,,0,0,0,0,0,0,0,0,0,0,0,0,0,0,0,66,2026-02-04 05:09:37.707692
ATMN,25.72,25.96,26.1,2214700.0,,809400.0,,0,0,0,0,0,0,0,0,0,0,0,0,0,0,0,66,2026-02-04 05:09:37.707692
WNTR,24.48,24.48,24.55,1555900.0,,1291400.0,5775.0,0,0,0,0,0,0,0,0,0,0,0,0,0,0,0,66,2026-02-04 05:09:37.707692
SPNG,25.56,24.94,25.15,1384500.0,1350900.0,0,0,0,0,0,0,0,0,0,0,0,0,0,0,0,0,0,67,2026-02-04 05:09:38.743628
SMMR,24.04,24.04,24.17,1394300.0,1562900.0,0,0,0,0,0,0,0,0,0,0,0,0,0,0,0,0,0,67,2026-02-04 05:09:38.743628
ATMN,26.05,25.39,25.66,2094000.0,1034500.0,0,0,0,0,0,0,0,0,0,0,0,0,0,0,0,0,0,67,2026-02-04 05:09:38.743628
WNTR,24.48,24.25,24.4,1430700.0,1617500.0,0,0,0,0,0,0,0,0,0,0,0,0,0,0,0,0,0,67,2026-02-04 05:09:38.743628
SPNG,25.15,24.94,25.15,1575400.0,1350900.0,,0,0,0,0,0,0,0,0,0,0,0,0,0,0,0,0,68,2026-02-04 05:09:39.784642
SMMR,24.21,24.06,24.21,1488900.0,1454800.0,,0,0,0,0,0,0,0,0,0,0,0,0,0,0,0,0,68,2026-02-04 05:09:39.784642
ATMN,25.66,25.57,25.66,2267100.0,1034500.0,5271.0,0,0,0,0,0,0,0,0,0,0,0,0,0,0,0,0,68,2026-02-04 05:09:39.784642
WNTR,24.23,24.25,24.4,1303100.0,1617500.0,,0,0,0,0,0,0,0,0,0,0,0,0,0,0,0,0,68,2026-02-04 05:09:39.784642
SPNG,25.75,25.49,25.64,1683300.0,6182.0,1452400.0,0,0,0,0,0,0,0,0,0,0,0,0,0,0,0,0,69,2026-02-04 05:09:40.829381
SMMR,24.0,24.06,24.21,1622900.0,6182.0,1454800.0,0,0,0,0,0,0,0,0,0,0,0,0,0,0,0,0,69,2026-02-04 05:09:40.829381
ATMN,26.18,25.57,26.18,2213300.0,,788100.0,0,0,0,0,0,0,0,0,0,0,0,0,0,0,0,0,69,2026-02-04 05:09:40.829381
WNTR,24.21,24.29,24.36,1312800.0,,1747800.0,0,0,0,0,0,0,0,0,0,0,0,0,0,0,0,0,69,2026-02-04 05:09:40.829381
SPNG,24.94,25.21,25.79,1684300.0,1370900.0,,,0,0,0,0,0,0,0,0,0,0,0,0,0,0,0,70,2026-02-04 05:09:41.862899
SMMR,23.98,23.98,24.21,1544500.0,1558300.0,4738.0,,0,0,0,0,0,0,0,0,0,0,0,0,0,0,0,70,2026-02-04 05:09:41.862899
ATMN,25.57,25.39,25.53,2241000.0,879000.0,,,0,0,0,0,0,0,0,0,0,0,0,0,0,0,0,70,2026-02-04 05:09:41.862899
WNTR,24.36,24.3,24.35,1312800.0,2012900.0,6315.0,6315.0,0,0,0,0,0,0,0,0,0,0,0,0,0,0,0,70,2026-02-04 05:09:41.862899
SPNG,24.94,25.69,25.72,1873600.0,1576600.0,,,0,0,0,0,0,0,0,0,0,0,0,0,0,0,0,71,2026-02-04 05:09:42.906382
SMMR,23.98,24.15,24.21,1771700.0,1689900.0,1444.0,,0,0,0,0,0,0,0,0,0,0,0,0,0,0,0,71,2026-02-04 05:09:42.906382
ATMN,25.71,25.71,26.01,2233800.0,1009400.0,,,0,0,0,0,0,0,0,0,0,0,0,0,0,0,0,71,2026-02-04 05:09:42.906382
WNTR,24.36,24.31,24.34,1312800.0,2178400.0,7139.0,7139.0,0,0,0,0,0,0,0,0,0,0,0,0,0,0,0,71,2026-02-04 05:09:42.906382
SPNG,25.53,25.53,25.59,1793800.0,1786700.0,,0,0,0,0,0,0,0,0,0,0,0,0,0,0,0,0,72,2026-02-04 05:09:43.938201
SMMR,24.22,24.15,24.22,1771700.0,1568200.0,1444.0,0,0,0,0,0,0,0,0,0,0,0,0,0,0,0,0,72,2026-02-04 05:09:43.938201
ATMN,26.01,25.71,26.01,2137900.0,1108500.0,7139.0,0,0,0,0,0,0,0,0,0,0,0,0,0,0,0,0,72,2026-02-04 05:09:43.938201
WNTR,24.12,24.24,24.34,1434300.0,2276500.0,,0,0,0,0,0,0,0,0,0,0,0,0,0,0,0,0,72,2026-02-04 05:09:43.938201
SPNG,25.19,25.56,25.59,1775900.0,1786700.0,,,0,0,0,0,0,0,0,0,0,0,0,0,0,0,0,73,2026-02-04 05:09:44.985797
SMMR,24.2,24.15,24.2,1771700.0,1571600.0,1444.0,,0,0,0,0,0,0,0,0,0,0,0,0,0,0,0,73,2026-02-04 05:09:44.985797
ATMN,25.59,25.9,26.01,2234100.0,1108500.0,,,0,0,0,0,0,0,0,0,0,0,0,0,0,0,0,73,2026-02-04 05:09:44.985797
WNTR,24.34,24.29,24.34,1681900.0,2178400.0,,7139.0,0,0,0,0,0,0,0,0,0,0,0,0,0,0,0,73,2026-02-04 05:09:44.985797
SPNG,25.19,25.56,25.59,1881900.0,1936000.0,,0,0,0,0,0,0,0,0,0,0,0,0,0,0,0,0,74,2026-02-04 05:09:46.034230
SMMR,23.94,23.93,23.94,1538500.0,1795300.0,,0,0,0,0,0,0,0,0,0,0,0,0,0,0,0,0,74,2026-02-04 05:09:46.034230
ATMN,25.3,25.92,25.98,2132700.0,1302200.0,4223.0,0,0,0,0,0,0,0,0,0,0,0,0,0,0,0,0,74,2026-02-04 05:09:46.034230
WNTR,24.29,24.29,24.36,1681900.0,2101600.0,,0,0,0,0,0,0,0,0,0,0,0,0,0,0,0,0,74,2026-02-04 05:09:46.034230
SPNG,25.19,25.56,25.59,2099100.0,1862100.0,5969.0,,0,0,0,0,0,0,0,0,0,0,0,0,0,0,0,75,2026-02-04 05:09:47.068600
SMMR,24.17,23.98,24.16,1634700.0,1792900.0,6007.0,6007.0,0,0,0,0,0,0,0,0,0,0,0,0,0,0,0,75,2026-02-04 05:09:47.068600
ATMN,25.3,25.92,25.98,2230500.0,1619200.0,,,0,0,0,0,0,0,0,0,0,0,0,0,0,0,0,75,2026-02-04 05:09:47.068600
WNTR,24.4,24.24,24.39,1675200.0,2099200.0,,,0,0,0,0,0,0,0,0,0,0,0,0,0,0,0,75,2026-02-04 05:09:47.068600
SPNG,25.19,25.56,25.59,2208800.0,1862500.0,5969.0,,0,0,0,0,0,0,0,0,0,0,0,0,0,0,0,76,2026-02-04 05:09:48.102931
SMMR,24.17,24.11,24.16,2106600.0,1792900.0,6007.0,6007.0,0,0,0,0,0,0,0,0,0,0,0,0,0,0,0,76,2026-02-04 05:09:48.102931
ATMN,25.3,25.93,25.96,2062200.0,1843100.0,6007.0,6007.0,0,0,0,0,0,0,0,0,0,0,0,0,0,0,0,76,2026-02-04 05:09:48.102931
WNTR,24.24,24.24,24.35,1675200.0,2099200.0,6007.0,,0,0,0,0,0,0,0,0,0,0,0,0,0,0,0,76,2026-02-04 05:09:48.102931
SPNG,25.42,25.42,25.59,2292000.0,1881300.0,5969.0,0,0,0,0,0,0,0,0,0,0,0,0,0,0,0,0,77,2026-02-04 05:09:49.142525
SMMR,24.16,24.16,24.17,2333600.0,2039400.0,,0,0,0,0,0,0,0,0,0,0,0,0,0,0,0,0,77,2026-02-04 05:09:49.142525
ATMN,25.89,25.89,25.91,2217800.0,1956000.0,,0,0,0,0,0,0,0,0,0,0,0,0,0,0,0,0,77,2026-02-04 05:09:49.142525
WNTR,24.24,24.32,24.35,1906000.0,2130700.0,6007.0,0,0,0,0,0,0,0,0,0,0,0,0,0,0,0,0,77,2026-02-04 05:09:49.142525
SPNG,25.63,25.42,25.63,2268000.0,1964200.0,0,0,0,0,0,0,0,0,0,0,0,0,0,0,0,0,0,78,2026-02-04 05:09:50.183882
SMMR,24.16,24.16,24.17,2333600.0,2285600.0,0,0,0,0,0,0,0,0,0,0,0,0,0,0,0,0,0,78,2026-02-04 05:09:50.183882
ATMN,25.89,25.89,25.99,2246400.0,1745300.0,0,0,0,0,0,0,0,0,0,0,0,0,0,0,0,0,0,78,2026-02-04 05:09:50.183882
WNTR,24.25,24.25,24.38,1946000.0,2271100.0,0,0,0,0,0,0,0,0,0,0,0,0,0,0,0,0,0,78,2026-02-04 05:09:50.183882
SPNG,25.63,25.42,25.49,2197400.0,1987600.0,,0,0,0,0,0,0,0,0,0,0,0,0,0,0,0,0,79,2026-02-04 05:09:50.719021
SMMR,24.24,24.12,24.24,2226100.0,2290300.0,,0,0,0,0,0,0,0,0,0,0,0,0,0,0,0,0,79,2026-02-04 05:09:50.719021
ATMN,26.1,25.89,26.09,2246400.0,1630700.0,,0,0,0,0,0,0,0,0,0,0,0,0,0,0,0,0,79,2026-02-04 05:09:50.719021
WNTR,24.38,24.25,24.38,2050100.0,2180900.0,6007.0,0,0,0,0,0,0,0,0,0,0,0,0,0,0,0,0,79,2026-02-04 05:09:50.719021
SPNG,25.49,25.42,25.49,2126400.0,1994800.0,,,0,0,0,0,0,0,0,0,0,0,0,0,0,0,0,80,2026-02-04 05:09:51.768805
SMMR,24.24,24.16,24.24,2084400.0,2265700.0,9012.0,,0,0,0,0,0,0,0,0,0,0,0,0,0,0,0,80,2026-02-04 05:09:51.768805
ATMN,25.3,25.69,25.98,2229200.0,1812100.0,,5632.0,0,0,0,0,0,0,0,0,0,0,0,0,0,0,0,80,2026-02-04 05:09:51.768805
WNTR,24.41,24.25,24.41,2050100.0,2248900.0,,,0,0,0,0,0,0,0,0,0,0,0,0,0,0,0,80,2026-02-04 05:09:51.768805
SPNG,25.42,25.42,25.7,2126400.0,1927800.0,,,0,0,0,0,0,0,0,0,0,0,0,0,0,0,0,81,2026-02-04 05:09:52.804347
SMMR,24.11,24.11,24.24,2106600.0,2165700.0,4506.0,,0,0,0,0,0,0,0,0,0,0,0,0,0,0,0,81,2026-02-04 05:09:52.804347
ATMN,26.1,25.69,26.1,2204200.0,1707100.0,,,0,0,0,0,0,0,0,0,0,0,0,0,0,0,0,81,2026-02-04 05:09:52.804347
WNTR,24.42,24.25,24.38,1917500.0,2181700.0,4881.0,4881.0,0,0,0,0,0,0,0,0,0,0,0,0,0,0,0,81,2026-02-04 05:09:52.804347
SPNG,25.57,25.57,25.69,1976400.0,7218.0,7218.0,1846800.0,0,0,0,0,0,0,0,0,0,0,0,0,0,0,0,82,2026-02-04 05:09:53.844858
SMMR,23.97,23.97,24.19,1979300.0,,4506.0,2138600.0,0,0,0,0,0,0,0,0,0,0,0,0,0,0,0,82,2026-02-04 05:09:53.844858
ATMN,26.1,25.8,26.1,2224300.0,,,1707100.0,0,0,0,0,0,0,0,0,0,0,0,0,0,0,0,82,2026-02-04 05:09:53.844858
WNTR,24.42,24.26,24.38,2021600.0,7218.0,7218.0,2229100.0,0,0,0,0,0,0,0,0,0,0,0,0,0,0,0,82,2026-02-04 05:09:53.844858
SPNG,25.57,25.42,25.5,2079200.0,7218.0,1871600.0,0,0,0,0,0,0,0,0,0,0,0,0,0,0,0,0,83,2026-02-04 05:09:54.879586
SMMR,24.19,23.97,24.19,2226000.0,4506.0,2138600.0,0,0,0,0,0,0,0,0,0,0,0,0,0,0,0,0,83,2026-02-04 05:09:54.879586
ATMN,25.99,25.8,25.86,2224300.0,,1797200.0,0,0,0,0,0,0,0,0,0,0,0,0,0,0,0,0,83,2026-02-04 05:09:54.879586
WNTR,24.42,24.34,24.38,2269100.0,,2360100.0,0,0,0,0,0,0,0,0,0,0,0,0,0,0,0,0,83,2026-02-04 05:09:54.879586
SPNG,25.57,25.42,25.51,2044600.0,1957900.0,,0,0,0,0,0,0,0,0,0,0,0,0,0,0,0,0,84,2026-02-04 05:09:55.925541
SMMR,23.96,23.98,24.2,2129800.0,2247600.0,6092.0,0,0,0,0,0,0,0,0,0,0,0,0,0,0,0,0,84,2026-02-04 05:09:55.925541
ATMN,26.11,25.8,26.11,2189700.0,1593200.0,,0,0,0,0,0,0,0,0,0,0,0,0,0,0,0,0,84,2026-02-04 05:09:55.925541
WNTR,24.34,24.34,24.38,2269100.0,2402000.0,,0,0,0,0,0,0,0,0,0,0,0,0,0,0,0,0,84,2026-02-04 05:09:55.925541
SPNG,25.7,25.44,25.7,6092.0,1940800.0,1934300.0,,0,0,0,0,0,0,0,0,0,0,0,0,0,0,0,85,2026-02-04 05:09:56.979315
SMMR,23.96,23.98,24.2,6092.0,2227600.0,2156000.0,6092.0,0,0,0,0,0,0,0,0,0,0,0,0,0,0,0,85,2026-02-04 05:09:56.979315
ATMN,26.11,25.89,26.11,5632.0,2052300.0,1707800.0,,0,0,0,0,0,0,0,0,0,0,0,0,0,0,0,85,2026-02-04 05:09:56.979315
WNTR,24.29,24.26,24.27,,2021600.0,2243100.0,6092.0,0,0,0,0,0,0,0,0,0,0,0,0,0,0,0,85,2026-02-04 05:09:56.979315
SPNG,25.72,25.4,25.72,2021700.0,1914000.0,,0,0,0,0,0,0,0,0,0,0,0,0,0,0,0,0,86,2026-02-04 05:09:58.025358
SMMR,24.25,23.93,24.25,2336000.0,2297100.0,,0,0,0,0,0,0,0,0,0,0,0,0,0,0,0,0,86,2026-02-04 05:09:58.025358
ATMN,26.11,25.89,26.1,2156800.0,1707800.0,6854.0,0,0,0,0,0,0,0,0,0,0,0,0,0,0,0,0,86,2026-02-04 05:09:58.025358
WNTR,24.36,24.19,24.27,1658100.0,2269300.0,6092.0,0,0,0,0,0,0,0,0,0,0,0,0,0,0,0,0,86,2026-02-04 05:09:58.025358
SPNG,25.72,25.41,25.72,4454.0,1939100.0,1914000.0,,0,0,0,0,0,0,0,0,0,0,0,0,0,0,0,87,2026-02-04 05:09:59.068239
SMMR,24.25,23.94,24.07,,2295900.0,2160100.0,6092.0,0,0,0,0,0,0,0,0,0,0,0,0,0,0,0,87,2026-02-04 05:09:59.068239
ATMN,25.89,25.89,26.09,,2151400.0,1821100.0,4454.0,0,0,0,0,0,0,0,0,0,0,0,0,0,0,0,87,2026-02-04 05:09:59.068239
WNTR,24.12,24.12,24.27,,1417000.0,2240100.0,6092.0,0,0,0,0,0,0,0,0,0,0,0,0,0,0,0,87,2026-02-04 05:09:59.068239
SPNG,25.38,25.38,25.71,1985400.0,4454.0,1823500.0,0,0,0,0,0,0,0,0,0,0,0,0,0,0,0,0,88,2026-02-04 05:10:00.101129
SMMR,24.1,23.93,24.1,2336000.0,,2277300.0,0,0,0,0,0,0,0,0,0,0,0,0,0,0,0,0,88,2026-02-04 05:10:00.101129
ATMN,25.86,25.86,26.04,2142000.0,,1927500.0,0,0,0,0,0,0,0,0,0,0,0,0,0,0,0,0,88,2026-02-04 05:10:00.101129
WNTR,24.18,24.23,24.32,1545300.0,,2369500.0,0,0,0,0,0,0,0,0,0,0,0,0,0,0,0,0,88,2026-02-04 05:10:00.101129
SPNG,25.38,25.55,25.71,1969400.0,4454.0,1823500.0,,0,0,0,0,0,0,0,0,0,0,0,0,0,0,0,89,2026-02-04 05:10:01.143440
SMMR,24.1,24.15,24.25,2165000.0,,2297100.0,5273.0,0,0,0,0,0,0,0,0,0,0,0,0,0,0,0,89,2026-02-04 05:10:01.143440
ATMN,26.11,26.02,26.11,2137100.0,,1821100.0,,0,0,0,0,0,0,0,0,0,0,0,0,0,0,0,89,2026-02-04 05:10:01.143440
WNTR,24.36,24.23,24.36,1679500.0,,2382600.0,,0,0,0,0,0,0,0,0,0,0,0,0,0,0,0,89,2026-02-04 05:10:01.143440
SPNG,25.78,25.38,25.78,1972800.0,1900400.0,,0,0,0,0,0,0,0,0,0,0,0,0,0,0,0,0,90,2026-02-04 05:10:02.172864
SMMR,24.27,24.15,24.26,2273800.0,2282100.0,,0,0,0,0,0,0,0,0,0,0,0,0,0,0,0,0,90,2026-02-04 05:10:02.172864
ATMN,25.94,25.94,26.12,2130000.0,1722000.0,,0,0,0,0,0,0,0,0,0,0,0,0,0,0,0,0,90,2026-02-04 05:10:02.172864
WNTR,24.36,24.28,24.35,1914700.0,2280600.0,5273.0,0,0,0,0,0,0,0,0,0,0,0,0,0,0,0,0,90,2026-02-04 05:10:02.172864
SPNG,25.38,25.38,25.78,1991900.0,1900400.0,,0,0,0,0,0,0,0,0,0,0,0,0,0,0,0,0,91,2026-02-04 05:10:03.203643
SMMR,23.99,24.15,24.23,2170100.0,2260000.0,1365.0,0,0,0,0,0,0,0,0,0,0,0,0,0,0,0,0,91,2026-02-04 05:10:03.203643
ATMN,26.19,26.03,26.19,2026500.0,1882500.0,5772.0,0,0,0,0,0,0,0,0,0,0,0,0,0,0,0,0,91,2026-02-04 05:10:03.203643
WNTR,24.4,24.28,24.4,1914700.0,2385500.0,5772.0,0,0,0,0,0,0,0,0,0,0,0,0,0,0,0,0,91,2026-02-04 05:10:03.203643
SPNG,25.35,25.38,25.79,4454.0,1897300.0,1893900.0,0,0,0,0,0,0,0,0,0,0,0,0,0,0,0,0,92,2026-02-04 05:10:04.233819
SMMR,24.01,23.93,24.01,,2330100.0,2246500.0,0,0,0,0,0,0,0,0,0,0,0,0,0,0,0,0,92,2026-02-04 05:10:04.233819
ATMN,26.03,25.94,26.01,,2110400.0,1995500.0,0,0,0,0,0,0,0,0,0,0,0,0,0,0,0,0,92,2026-02-04 05:10:04.233819
WNTR,24.4,24.28,24.4,5273.0,2024900.0,2425500.0,0,0,0,0,0,0,0,0,0,0,0,0,0,0,0,0,92,2026-02-04 05:10:04.233819
SPNG,25.35,25.45,25.79,2003600.0,1893900.0,,0,0,0,0,0,0,0,0,0,0,0,0,0,0,0,0,93,2026-02-04 05:10:05.269398
SMMR,23.92,23.92,24.23,2225600.0,2237100.0,,0,0,0,0,0,0,0,0,0,0,0,0,0,0,0,0,93,2026-02-04 05:10:05.269398
ATMN,26.11,25.94,26.11,2112700.0,1972900.0,,0,0,0,0,0,0,0,0,0,0,0,0,0,0,0,0,93,2026-02-04 05:10:05.269398
WNTR,24.4,24.28,24.34,2024900.0,2405000.0,5273.0,0,0,0,0,0,0,0,0,0,0,0,0,0,0,0,0,93,2026-02-04 05:10:05.269398
SPNG,25.35,25.35,25.79,1983800.0,1893900.0,,,0,0,0,0,0,0,0,0,0,0,0,0,0,0,0,94,2026-02-04 05:10:06.299538
SMMR,23.92,24.03,24.23,2286200.0,2122800.0,1365.0,,0,0,0,0,0,0,0,0,0,0,0,0,0,0,0,94,2026-02-04 05:10:06.299538
ATMN,26.11,25.96,26.11,1974100.0,1972900.0,,5068.0,0,0,0,0,0,0,0,0,0,0,0,0,0,0,0,94,2026-02-04 05:10:06.299538
WNTR,24.28,24.28,24.35,2024900.0,2416500.0,,5273.0,0,0,0,0,0,0,0,0,0,0,0,0,0,0,0,94,2026-02-04 05:10:06.299538
SPNG,25.8,25.35,25.8,1968800.0,1848100.0,0,0,0,0,0,0,0,0,0,0,0,0,0,0,0,0,0,95,2026-02-04 05:10:06.827724
SMMR,24.26,24.07,24.26,2299500.0,2291200.0,0,0,0,0,0,0,0,0,0,0,0,0,0,0,0,0,0,95,2026-02-04 05:10:06.827724
ATMN,26.2,25.95,26.2,2060400.0,1772500.0,0,0,0,0,0,0,0,0,0,0,0,0,0,0,0,0,0,95,2026-02-04 05:10:06.827724
WNTR,24.35,24.39,24.4,2159100.0,2400800.0,0,0,0,0,0,0,0,0,0,0,0,0,0,0,0,0,0,95,2026-02-04 05:10:06.827724
SPNG,25.33,25.32,25.33,2005500.0,1888800.0,,0,0,0,0,0,0,0,0,0,0,0,0,0,0,0,0,96,2026-02-04 05:10:07.885095
SMMR,24.03,24.03,24.25,2286200.0,2282100.0,,0,0,0,0,0,0,0,0,0,0,0,0,0,0,0,0,96,2026-02-04 05:10:07.885095
ATMN,25.94,25.94,26.2,1955000.0,1867500.0,5068.0,0,0,0,0,0,0,0,0,0,0,0,0,0,0,0,0,96,2026-02-04 05:10:07.885095
WNTR,24.35,24.39,24.4,2159100.0,2384700.0,5273.0,0,0,0,0,0,0,0,0,0,0,0,0,0,0,0,0,96,2026-02-04 05:10:07.885095
SPNG,25.31,25.31,25.91,2018500.0,1822900.0,,,0,0,0,0,0,0,0,0,0,0,0,0,0,0,0,97,2026-02-04 05:10:08.931808
SMMR,23.98,24.04,24.24,2197500.0,2138900.0,6086.0,6086.0,0,0,0,0,0,0,0,0,0,0,0,0,0,0,0,97,2026-02-04 05:10:08.931808
ATMN,25.94,25.87,25.9,2065200.0,1990800.0,,,0,0,0,0,0,0,0,0,0,0,0,0,0,0,0,97,2026-02-04 05:10:08.931808
WNTR,24.21,24.21,24.4,1880800.0,2402900.0,,,0,0,0,0,0,0,0,0,0,0,0,0,0,0,0,97,2026-02-04 05:10:08.931808
SPNG,25.33,25.49,25.76,1893900.0,7500.0,1810600.0,7500.0,0,0,0,0,0,0,0,0,0,0,0,0,0,0,0,98,2026-02-04 05:10:09.972238
SMMR,24.06,24.02,24.06,2307600.0,,2245500.0,,0,0,0,0,0,0,0,0,0,0,0,0,0,0,0,98,2026-02-04 05:10:09.972238
ATMN,25.94,25.87,25.9,2066000.0,,1990800.0,,0,0,0,0,0,0,0,0,0,0,0,0,0,0,0,98,2026-02-04 05:10:09.972238
WNTR,24.32,24.32,24.4,1882100.0,,2402900.0,,0,0,0,0,0,0,0,0,0,0,0,0,0,0,0,98,2026-02-04 05:10:09.972238
SPNG,25.3,25.3,25.76,2015900.0,1912700.0,,0,0,0,0,0,0,0,0,0,0,0,0,0,0,0,0,99,2026-02-04 05:10:11.023156
SMMR,24.26,24.05,24.26,2170800.0,2266200.0,6271.0,0,0,0,0,0,0,0,0,0,0,0,0,0,0,0,0,99,2026-02-04 05:10:11.023156
ATMN,26.23,25.94,26.23,2111700.0,1793000.0,,0,0,0,0,0,0,0,0,0,0,0,0,0,0,0,0,99,2026-02-04 05:10:11.023156
WNTR,24.33,24.19,24.25,1760800.0,2405000.0,,0,0,0,0,0,0,0,0,0,0,0,0,0,0,0,0,99,2026-02-04 05:10:11.023156
SPNG,25.29,25.29,25.76,2028500.0,1940900.0,,0,0,0,0,0,0,0,0,0,0,0,0,0,0,0,0,100,2026-02-04 05:10:12.071460
SMMR,24.05,24.05,24.26,2203600.0,2263700.0,6271.0,0,0,0,0,0,0,0,0,0,0,0,0,0,0,0,0,100,2026-02-04 05:10:12.071460
ATMN,26.3,25.87,26.3,2089600.0,1582700.0,,0,0,0,0,0,0,0,0,0,0,0,0,0,0,0,0,100,2026-02-04 05:10:12.071460
WNTR,24.25,24.25,24.4,1854000.0,2402900.0,,0,0,0,0,0,0,0,0,0,0,0,0,0,0,0,0,100,2026-02-04 05:10:12.071460
SPNG,25.29,25.25,25.29,2016200.0,1951700.0,,,0,0,0,0,0,0,0,0,0,0,0,0,0,0,0,101,2026-02-04 05:10:13.099522
SMMR,24.05,24.13,24.26,2168500.0,2263700.0,6271.0,,0,0,0,0,0,0,0,0,0,0,0,0,0,0,0,101,2026-02-04 05:10:13.099522
ATMN,26.3,25.96,26.03,2012500.0,1809700.0,5932.0,5932.0,0,0,0,0,0,0,0,0,0,0,0,0,0,0,0,101,2026-02-04 05:10:13.099522
WNTR,24.4,24.41,24.42,2077600.0,2414800.0,5932.0,,0,0,0,0,0,0,0,0,0,0,0,0,0,0,0,101,2026-02-04 05:10:13.099522
SPNG,25.29,25.37,25.75,2033100.0,4449.0,1868300.0,,0,0,0,0,0,0,0,0,0,0,0,0,0,0,0,102,2026-02-04 05:10:14.134180
SMMR,24.13,24.13,24.16,2168500.0,,2278200.0,6271.0,0,0,0,0,0,0,0,0,0,0,0,0,0,0,0,102,2026-02-04 05:10:14.134180
ATMN,25.96,25.96,26.02,2104500.0,4449.0,1898100.0,,0,0,0,0,0,0,0,0,0,0,0,0,0,0,0,102,2026-02-04 05:10:14.134180
WNTR,24.25,24.41,24.42,1854000.0,,2396400.0,5932.0,0,0,0,0,0,0,0,0,0,0,0,0,0,0,0,102,2026-02-04 05:10:14.134180
SPNG,25.25,25.25,25.6,2046100.0,1934100.0,,0,0,0,0,0,0,0,0,0,0,0,0,0,0,0,0,103,2026-02-04 05:10:15.165936
SMMR,24.13,24.13,24.16,2182800.0,2279300.0,6271.0,0,0,0,0,0,0,0,0,0,0,0,0,0,0,0,0,103,2026-02-04 05:10:15.165936
ATMN,25.87,25.87,26.3,2114300.0,1781100.0,,0,0,0,0,0,0,0,0,0,0,0,0,0,0,0,0,103,2026-02-04 05:10:15.165936
WNTR,24.42,24.41,24.42,1854000.0,2402900.0,5932.0,0,0,0,0,0,0,0,0,0,0,0,0,0,0,0,0,103,2026-02-04 05:10:15.165936
SPNG,25.25,25.38,25.59,4449.0,1942000.0,4449.0,1843600.0,0,0,0,0,0,0,0,0,0,0,0,0,0,0,0,104,2026-02-04 05:10:16.196604
SMMR,24.16,24.14,24.16,6271.0,2201500.0,,2279300.0,0,0,0,0,0,0,0,0,0,0,0,0,0,0,0,104,2026-02-04 05:10:16.196604
ATMN,25.87,25.98,26.0,4449.0,2018000.0,4449.0,1781100.0,0,0,0,0,0,0,0,0,0,0,0,0,0,0,0,104,2026-02-04 05:10:16.196604
WNTR,24.41,24.25,24.36,,1854000.0,,2328000.0,0,0,0,0,0,0,0,0,0,0,0,0,0,0,0,104,2026-02-04 05:10:16.196604
SPNG,25.77,25.77,25.8,2020300.0,1942400.0,0,0,0,0,0,0,0,0,0,0,0,0,0,0,0,0,0,105,2026-02-04 05:10:17.233517
SMMR,24.13,24.13,24.18,2325300.0,2238900.0,0,0,0,0,0,0,0,0,0,0,0,0,0,0,0,0,0,105,2026-02-04 05:10:17.233517
ATMN,26.34,26.0,26.34,2136700.0,1783400.0,0,0,0,0,0,0,0,0,0,0,0,0,0,0,0,0,0,105,2026-02-04 05:10:17.233517
WNTR,24.41,24.25,24.36,1959300.0,2368600.0,0,0,0,0,0,0,0,0,0,0,0,0,0,0,0,0,0,105,2026-02-04 05:10:17.233517
SPNG,25.58,25.55,25.58,2036500.0,1996100.0,,0,0,0,0,0,0,0,0,0,0,0,0,0,0,0,0,106,2026-02-04 05:10:18.268027
SMMR,24.18,24.13,24.18,2311800.0,2238900.0,,0,0,0,0,0,0,0,0,0,0,0,0,0,0,0,0,106,2026-02-04 05:10:18.268027
ATMN,26.0,26.01,26.3,2032200.0,1764400.0,4542.0,0,0,0,0,0,0,0,0,0,0,0,0,0,0,0,0,106,2026-02-04 05:10:18.268027
WNTR,24.35,24.35,24.42,2203500.0,2358700.0,4542.0,0,0,0,0,0,0,0,0,0,0,0,0,0,0,0,0,106,2026-02-04 05:10:18.268027
SPNG,25.77,25.55,25.77,2036500.0,1972500.0,,,0,0,0,0,0,0,0,0,0,0,0,0,0,0,0,107,2026-02-04 05:10:19.296053
SMMR,24.18,24.14,24.17,2219200.0,2125600.0,6364.0,6364.0,0,0,0,0,0,0,0,0,0,0,0,0,0,0,0,107,2026-02-04 05:10:19.296053
ATMN,26.46,26.12,26.24,2027700.0,1798500.0,4542.0,,0,0,0,0,0,0,0,0,0,0,0,0,0,0,0,107,2026-02-04 05:10:19.296053
WNTR,24.35,24.35,24.42,2203500.0,2366000.0,,,0,0,0,0,0,0,0,0,0,0,0,0,0,0,0,107,2026-02-04 05:10:19.296053
SPNG,25.55,25.55,25.77,2036500.0,1980500.0,,0,0,0,0,0,0,0,0,0,0,0,0,0,0,0,0,108,2026-02-04 05:10:20.341109
SMMR,24.21,24.14,24.21,2227900.0,2242200.0,5229.0,0,0,0,0,0,0,0,0,0,0,0,0,0,0,0,0,108,2026-02-04 05:10:20.341109
ATMN,26.24,26.0,26.24,2136700.0,1798500.0,,0,0,0,0,0,0,0,0,0,0,0,0,0,0,0,0,108,2026-02-04 05:10:20.341109
WNTR,24.42,24.38,24.39,2203700.0,2391400.0,4542.0,0,0,0,0,0,0,0,0,0,0,0,0,0,0,0,0,108,2026-02-04 05:10:20.341109
SPNG,25.56,25.35,25.44,2035600.0,1889600.0,3921.0,,0,0,0,0,0,0,0,0,0,0,0,0,0,0,0,109,2026-02-04 05:10:21.375360
SMMR,24.08,24.05,24.08,2377000.0,2255700.0,,,0,0,0,0,0,0,0,0,0,0,0,0,0,0,0,109,2026-02-04 05:10:21.375360
ATMN,25.96,26.0,26.24,2021200.0,1997400.0,,4542.0,0,0,0,0,0,0,0,0,0,0,0,0,0,0,0,109,2026-02-04 05:10:21.375360
WNTR,24.39,24.35,24.37,2338900.0,2390400.0,,,0,0,0,0,0,0,0,0,0,0,0,0,0,0,0,109,2026-02-04 05:10:21.375360
SPNG,25.44,25.35,25.44,2013400.0,1889600.0,6192.0,,0,0,0,0,0,0,0,0,0,0,0,0,0,0,0,110,2026-02-04 05:10:21.909917
SMMR,24.08,24.05,24.08,2353900.0,2255700.0,,,0,0,0,0,0,0,0,0,0,0,0,0,0,0,0,110,2026-02-04 05:10:21.909917
ATMN,25.96,26.01,26.24,2021200.0,2046100.0,,6192.0,0,0,0,0,0,0,0,0,0,0,0,0,0,0,0,110,2026-02-04 05:10:21.909917
WNTR,24.39,24.35,24.39,2338900.0,2404600.0,,,0,0,0,0,0,0,0,0,0,0,0,0,0,0,0,110,2026-02-04 05:10:21.909917
SPNG,25.44,25.48,25.66,2074800.0,1977800.0,0,0,0,0,0,0,0,0,0,0,0,0,0,0,0,0,0,111,2026-02-04 05:10:22.947542
SMMR,24.21,24.09,24.1,2332400.0,2226700.0,0,0,0,0,0,0,0,0,0,0,0,0,0,0,0,0,0,111,2026-02-04 05:10:22.947542
ATMN,26.24,25.96,26.24,2137600.0,2046100.0,0,0,0,0,0,0,0,0,0,0,0,0,0,0,0,0,0,111,2026-02-04 05:10:22.947542
WNTR,24.39,24.33,24.39,2201600.0,2408900.0,0,0,0,0,0,0,0,0,0,0,0,0,0,0,0,0,0,111,2026-02-04 05:10:22.947542
SPNG,25.44,25.58,25.66,1980300.0,4709.0,2004300.0,0,0,0,0,0,0,0,0,0,0,0,0,0,0,0,0,112,2026-02-04 05:10:23.983872
SMMR,24.28,24.09,24.28,2332400.0,,2288700.0,0,0,0,0,0,0,0,0,0,0,0,0,0,0,0,0,112,2026-02-04 05:10:23.983872
ATMN,26.06,26.06,26.24,2019100.0,6192.0,2046100.0,0,0,0,0,0,0,0,0,0,0,0,0,0,0,0,0,112,2026-02-04 05:10:23.983872
WNTR,24.22,24.19,24.22,2089700.0,,2408500.0,0,0,0,0,0,0,0,0,0,0,0,0,0,0,0,0,112,2026-02-04 05:10:23.983872
SPNG,25.66,25.69,25.74,2058800.0,2026900.0,0,0,0,0,0,0,0,0,0,0,0,0,0,0,0,0,0,113,2026-02-04 05:10:25.020026
SMMR,24.28,24.09,24.27,2332400.0,2306400.0,0,0,0,0,0,0,0,0,0,0,0,0,0,0,0,0,0,113,2026-02-04 05:10:25.020026
ATMN,26.06,26.06,26.15,2123600.0,2072100.0,0,0,0,0,0,0,0,0,0,0,0,0,0,0,0,0,0,113,2026-02-04 05:10:25.020026
WNTR,24.39,24.19,24.39,2325900.0,2408900.0,0,0,0,0,0,0,0,0,0,0,0,0,0,0,0,0,0,113,2026-02-04 05:10:25.020026
SPNG,25.48,25.59,25.74,5952.0,1975200.0,2025000.0,,0,0,0,0,0,0,0,0,0,0,0,0,0,0,0,114,2026-02-04 05:10:26.067356
SMMR,24.09,24.09,24.17,,2332400.0,2179600.0,5952.0,0,0,0,0,0,0,0,0,0,0,0,0,0,0,0,114,2026-02-04 05:10:26.067356
ATMN,25.86,26.11,26.15,6192.0,2008000.0,2072100.0,,0,0,0,0,0,0,0,0,0,0,0,0,0,0,0,114,2026-02-04 05:10:26.067356
WNTR,24.32,24.32,24.41,,2313200.0,2405900.0,,0,0,0,0,0,0,0,0,0,0,0,0,0,0,0,114,2026-02-04 05:10:26.067356
SPNG,25.35,25.35,25.74,2055500.0,2016700.0,,,0,0,0,0,0,0,0,0,0,0,0,0,0,0,0,115,2026-02-04 05:10:27.115857
SMMR,24.13,24.15,24.17,2325600.0,2288500.0,,,0,0,0,0,0,0,0,0,0,0,0,0,0,0,0,115,2026-02-04 05:10:27.115857
ATMN,26.24,26.11,26.24,2006400.0,2048600.0,6192.0,,0,0,0,0,0,0,0,0,0,0,0,0,0,0,0,115,2026-02-04 05:10:27.115857
WNTR,24.32,24.33,24.4,2189800.0,2300500.0,5376.0,5376.0,0,0,0,0,0,0,0,0,0,0,0,0,0,0,0,115,2026-02-04 05:10:27.115857
SPNG,25.3,25.3,25.74,2039500.0,2016700.0,0,0,0,0,0,0,0,0,0,0,0,0,0,0,0,0,0,116,2026-02-04 05:10:28.147285
SMMR,24.13,24.15,24.17,2325600.0,2259300.0,0,0,0,0,0,0,0,0,0,0,0,0,0,0,0,0,0,116,2026-02-04 05:10:28.147285
ATMN,25.88,25.98,26.11,2106200.0,2108600.0,0,0,0,0,0,0,0,0,0,0,0,0,0,0,0,0,0,116,2026-02-04 05:10:28.147285
WNTR,24.17,24.18,24.22,2288000.0,2436000.0,0,0,0,0,0,0,0,0,0,0,0,0,0,0,0,0,0,116,2026-02-04 05:10:28.147285
SPNG,25.28,25.36,25.73,4668.0,1959600.0,4668.0,1924300.0,0,0,0,0,0,0,0,0,0,0,0,0,0,0,0,117,2026-02-04 05:10:29.193307
SMMR,24.24,24.15,24.24,,2322500.0,,2260500.0,0,0,0,0,0,0,0,0,0,0,0,0,0,0,0,117,2026-02-04 05:10:29.193307
ATMN,26.02,26.02,26.1,4668.0,2022900.0,4668.0,1948100.0,0,0,0,0,0,0,0,0,0,0,0,0,0,0,0,117,2026-02-04 05:10:29.193307
WNTR,24.22,24.4,24.42,,2309000.0,,2414300.0,0,0,0,0,0,0,0,0,0,0,0,0,0,0,0,117,2026-02-04 05:10:29.193307
SPNG,25.77,25.6,25.77,2044300.0,1996400.0,0,0,0,0,0,0,0,0,0,0,0,0,0,0,0,0,0,118,2026-02-04 05:10:30.225342
SMMR,24.28,24.15,24.28,2356400.0,2248600.0,0,0,0,0,0,0,0,0,0,0,0,0,0,0,0,0,0,118,2026-02-04 05:10:30.225342
ATMN,25.96,25.96,26.35,2117400.0,2068300.0,0,0,0,0,0,0,0,0,0,0,0,0,0,0,0,0,0,118,2026-02-04 05:10:30.225342
WNTR,24.42,24.42,24.43,2293300.0,2388200.0,0,0,0,0,0,0,0,0,0,0,0,0,0,0,0,0,0,118,2026-02-04 05:10:30.225342
SPNG,25.77,25.6,25.63,2044300.0,2023200.0,0,0,0,0,0,0,0,0,0,0,0,0,0,0,0,0,0,119,2026-02-04 05:10:31.266418
SMMR,24.28,24.2,24.28,2323800.0,2248600.0,0,0,0,0,0,0,0,0,0,0,0,0,0,0,0,0,0,119,2026-02-04 05:10:31.266418
ATMN,25.88,25.88,26.35,2124600.0,2068300.0,0,0,0,0,0,0,0,0,0,0,0,0,0,0,0,0,0,119,2026-02-04 05:10:31.266418
WNTR,24.18,24.18,24.43,2293200.0,2417600.0,0,0,0,0,0,0,0,0,0,0,0,0,0,0,0,0,0,119,2026-02-04 05:10:31.266418
SPNG,25.25,25.96,26.78,881500.0,740000.0,0,0,0,0,0,0,0,0,0,0,0,0,0,0,0,0,0,120,2026-02-04 05:10:32.298468
SMMR,25.87,24.99,25.53,700200.0,761800.0,0,0,0,0,0,0,0,0,0,0,0,0,0,0,0,0,0,120,2026-02-04 05:10:32.298468
ATMN,25.88,25.05,25.55,890100.0,827800.0,0,0,0,0,0,0,0,0,0,0,0,0,0,0,0,0,0,120,2026-02-04 05:10:32.298468
WNTR,25.01,24.54,24.95,703900.0,781700.0,0,0,0,0,0,0,0,0,0,0,0,0,0,0,0,0,0,120,2026-02-04 05:10:32.298468
SPNG,25.24,25.24,25.89,969100.0,943500.0,0,0,0,0,0,0,0,0,0,0,0,0,0,0,0,0,0,121,2026-02-04 05:10:33.336315
SMMR,25.53,25.33,25.53,1040600.0,865900.0,0,0,0,0,0,0,0,0,0,0,0,0,0,0,0,0,0,121,2026-02-04 05:10:33.336315
ATMN,25.88,25.05,25.27,890100.0,1147300.0,0,0,0,0,0,0,0,0,0,0,0,0,0,0,0,0,0,121,2026-02-04 05:10:33.336315
WNTR,25.01,24.84,24.95,1185700.0,887900.0,0,0,0,0,0,0,0,0,0,0,0,0,0,0,0,0,0,121,2026-02-04 05:10:33.336315
SPNG,25.24,25.24,25.27,969100.0,1234900.0,0,0,0,0,0,0,0,0,0,0,0,0,0,0,0,0,0,122,2026-02-04 05:10:34.377537
SMMR,25.62,25.63,25.81,1372100.0,816200.0,0,0,0,0,0,0,0,0,0,0,0,0,0,0,0,0,0,122,2026-02-04 05:10:34.377537
ATMN,25.27,24.98,25.27,942500.0,1350900.0,0,0,0,0,0,0,0,0,0,0,0,0,0,0,0,0,0,122,2026-02-04 05:10:34.377537
WNTR,24.95,25.18,25.24,1481400.0,865500.0,0,0,0,0,0,0,0,0,0,0,0,0,0,0,0,0,0,122,2026-02-04 05:10:34.377537
SPNG,25.06,25.06,25.56,1081100.0,1211200.0,0,0,0,0,0,0,0,0,0,0,0,0,0,0,0,0,0,123,2026-02-04 05:10:35.408629
SMMR,25.81,25.7,25.81,1816800.0,816200.0,0,0,0,0,0,0,0,0,0,0,0,0,0,0,0,0,0,123,2026-02-04 05:10:35.408629
ATMN,24.94,24.94,25.02,943500.0,1439200.0,0,0,0,0,0,0,0,0,0,0,0,0,0,0,0,0,0,123,2026-02-04 05:10:35.408629
WNTR,24.79,24.99,25.24,1266300.0,865500.0,0,0,0,0,0,0,0,0,0,0,0,0,0,0,0,0,0,123,2026-02-04 05:10:35.408629
SPNG,25.32,25.33,25.56,1200400.0,1313300.0,0,0,0,0,0,0,0,0,0,0,0,0,0,0,0,0,0,124,2026-02-04 05:10:36.454386
SMMR,25.7,25.63,25.67,1923700.0,934500.0,0,0,0,0,0,0,0,0,0,0,0,0,0,0,0,0,0,124,2026-02-04 05:10:36.454386
ATMN,24.94,24.94,25.02,943500.0,1837800.0,0,0,0,0,0,0,0,0,0,0,0,0,0,0,0,0,0,124,2026-02-04 05:10:36.454386
WNTR,24.61,24.61,25.21,1083500.0,1093400.0,0,0,0,0,0,0,0,0,0,0,0,0,0,0,0,0,0,124,2026-02-04 05:10:36.454386
SPNG,25.32,25.34,25.55,6012.0,1200400.0,6012.0,1630800.0,0,0,0,0,0,0,0,0,0,0,0,0,0,0,0,125,2026-02-04 05:10:36.990733
SMMR,25.7,25.66,25.67,,2149500.0,,934500.0,0,0,0,0,0,0,0,0,0,0,0,0,0,0,0,125,2026-02-04 05:10:36.990733
ATMN,24.94,24.95,25.02,6012.0,943500.0,,2073400.0,0,0,0,0,0,0,0,0,0,0,0,0,0,0,0,125,2026-02-04 05:10:36.990733
WNTR,24.61,24.88,25.18,,1190200.0,,1205400.0,0,0,0,0,0,0,0,0,0,0,0,0,0,0,0,125,2026-02-04 05:10:36.990733
SPNG,25.06,25.06,25.28,974500.0,1848500.0,6012.0,,0,0,0,0,0,0,0,0,0,0,0,0,0,0,0,126,2026-02-04 05:10:38.027465
SMMR,25.67,25.89,26.2,2264300.0,974800.0,,,0,0,0,0,0,0,0,0,0,0,0,0,0,0,0,126,2026-02-04 05:10:38.027465
ATMN,24.94,24.95,25.01,943500.0,2032400.0,6012.0,6012.0,0,0,0,0,0,0,0,0,0,0,0,0,0,0,0,126,2026-02-04 05:10:38.027465
WNTR,25.05,25.05,25.14,1295400.0,1321500.0,6012.0,6012.0,0,0,0,0,0,0,0,0,0,0,0,0,0,0,0,126,2026-02-04 05:10:38.027465
SPNG,25.06,25.06,25.17,974500.0,1937800.0,,,0,0,0,0,0,0,0,0,0,0,0,0,0,0,0,127,2026-02-04 05:10:39.070628
SMMR,25.67,25.9,25.91,2094300.0,1196800.0,7500.0,7500.0,0,0,0,0,0,0,0,0,0,0,0,0,0,0,0,127,2026-02-04 05:10:39.070628
ATMN,24.51,24.73,25.02,1114600.0,2125400.0,,,0,0,0,0,0,0,0,0,0,0,0,0,0,0,0,127,2026-02-04 05:10:39.070628
WNTR,24.97,24.88,24.94,1190200.0,1438300.0,,7500.0,0,0,0,0,0,0,0,0,0,0,0,0,0,0,0,127,2026-02-04 05:10:39.070628
SPNG,25.18,25.18,25.28,1077000.0,1916900.0,,,0,0,0,0,0,0,0,0,0,0,0,0,0,0,0,128,2026-02-04 05:10:40.107927
SMMR,26.04,25.89,26.04,2136600.0,1070300.0,,,0,0,0,0,0,0,0,0,0,0,0,0,0,0,0,128,2026-02-04 05:10:40.107927
ATMN,24.51,24.77,24.92,1221100.0,2025200.0,6012.0,,0,0,0,0,0,0,0,0,0,0,0,0,0,0,0,128,2026-02-04 05:10:40.107927
WNTR,25.21,25.07,25.13,1190200.0,1305300.0,4494.0,4494.0,0,0,0,0,0,0,0,0,0,0,0,0,0,0,0,128,2026-02-04 05:10:40.107927
SPNG,25.56,25.19,25.56,4122.0,976900.0,1810300.0,,0,0,0,0,0,0,0,0,0,0,0,0,0,0,0,129,2026-02-04 05:10:41.149469
SMMR,25.88,25.88,25.97,,2159600.0,1264100.0,,0,0,0,0,0,0,0,0,0,0,0,0,0,0,0,129,2026-02-04 05:10:41.149469
ATMN,24.73,24.73,24.92,,1322700.0,2032400.0,6012.0,0,0,0,0,0,0,0,0,0,0,0,0,0,0,0,129,2026-02-04 05:10:41.149469
WNTR,24.88,24.8,24.84,,1195400.0,1656200.0,4494.0,0,0,0,0,0,0,0,0,0,0,0,0,0,0,0,129,2026-02-04 05:10:41.149469
SPNG,25.03,23.96,24.6,948400.0,1937600.0,,0,0,0,0,0,0,0,0,0,0,0,0,0,0,0,0,130,2026-02-04 05:10:42.184800
SMMR,25.86,25.83,25.84,2213200.0,1252800.0,,0,0,0,0,0,0,0,0,0,0,0,0,0,0,0,0,130,2026-02-04 05:10:42.184800
ATMN,24.68,24.68,24.92,1209700.0,2038400.0,6012.0,0,0,0,0,0,0,0,0,0,0,0,0,0,0,0,0,130,2026-02-04 05:10:42.184800
WNTR,24.84,24.97,25.05,1440700.0,1658900.0,,0,0,0,0,0,0,0,0,0,0,0,0,0,0,0,0,130,2026-02-04 05:10:42.184800
SPNG,25.31,24.46,24.62,1153000.0,1960700.0,,,0,0,0,0,0,0,0,0,0,0,0,0,0,0,0,131,2026-02-04 05:10:43.227234
SMMR,26.01,25.85,25.9,2212100.0,1349000.0,,,0,0,0,0,0,0,0,0,0,0,0,0,0,0,0,131,2026-02-04 05:10:43.227234
ATMN,24.51,24.51,24.92,1223900.0,2013700.0,6012.0,,0,0,0,0,0,0,0,0,0,0,0,0,0,0,0,131,2026-02-04 05:10:43.227234
WNTR,25.16,25.03,25.16,1655900.0,1540500.0,,3936.0,0,0,0,0,0,0,0,0,0,0,0,0,0,0,0,131,2026-02-04 05:10:43.227234
SPNG,24.62,25.1,25.32,1512500.0,1834100.0,4122.0,,0,0,0,0,0,0,0,0,0,0,0,0,0,0,0,132,2026-02-04 05:10:44.273040
SMMR,25.9,25.97,26.04,2209800.0,1253300.0,4122.0,,0,0,0,0,0,0,0,0,0,0,0,0,0,0,0,132,2026-02-04 05:10:44.273040
ATMN,24.92,24.63,24.92,1336300.0,2023900.0,6012.0,,0,0,0,0,0,0,0,0,0,0,0,0,0,0,0,132,2026-02-04 05:10:44.273040
WNTR,25.16,25.03,25.04,1781200.0,1765800.0,3936.0,3936.0,0,0,0,0,0,0,0,0,0,0,0,0,0,0,0,132,2026-02-04 05:10:44.273040
SPNG,25.1,25.11,25.24,5997.0,1910700.0,1945000.0,,0,0,0,0,0,0,0,0,0,0,0,0,0,0,0,133,2026-02-04 05:10:45.307478
SMMR,26.03,25.97,26.03,,2209800.0,1465800.0,,0,0,0,0,0,0,0,0,0,0,0,0,0,0,0,133,2026-02-04 05:10:45.307478
ATMN,24.63,24.63,24.92,,1347300.0,2020500.0,6012.0,0,0,0,0,0,0,0,0,0,0,0,0,0,0,0,133,2026-02-04 05:10:45.307478
WNTR,25.16,25.04,25.11,5997.0,1969300.0,2101800.0,,0,0,0,0,0,0,0,0,0,0,0,0,0,0,0,133,2026-02-04 05:10:45.307478
SPNG,25.24,25.12,25.24,2005600.0,5997.0,1890100.0,5997.0,0,0,0,0,0,0,0,0,0,0,0,0,0,0,0,134,2026-02-04 05:10:46.344628
SMMR,25.94,25.85,25.88,2200400.0,,1655900.0,5997.0,0,0,0,0,0,0,0,0,0,0,0,0,0,0,0,134,2026-02-04 05:10:46.344628
ATMN,24.46,24.46,24.55,1244400.0,,2003100.0,6012.0,0,0,0,0,0,0,0,0,0,0,0,0,0,0,0,134,2026-02-04 05:10:46.344628
WNTR,24.99,25.02,25.1,1982900.0,,2101800.0,5997.0,0,0,0,0,0,0,0,0,0,0,0,0,0,0,0,134,2026-02-04 05:10:46.344628
SPNG,25.12,25.12,25.23,2005600.0,2998.0,1891800.0,0,0,0,0,0,0,0,0,0,0,0,0,0,0,0,0,135,2026-02-04 05:10:47.381302
SMMR,25.89,25.85,25.88,2224900.0,5997.0,1641700.0,0,0,0,0,0,0,0,0,0,0,0,0,0,0,0,0,135,2026-02-04 05:10:47.381302
ATMN,24.96,24.46,24.96,1364500.0,,2118200.0,0,0,0,0,0,0,0,0,0,0,0,0,0,0,0,0,135,2026-02-04 05:10:47.381302
WNTR,25.02,25.02,25.11,1982900.0,,2081300.0,0,0,0,0,0,0,0,0,0,0,0,0,0,0,0,0,135,2026-02-04 05:10:47.381302
SPNG,25.45,25.1,25.45,2053700.0,1982300.0,,0,0,0,0,0,0,0,0,0,0,0,0,0,0,0,0,136,2026-02-04 05:10:48.420461
SMMR,26.03,25.92,26.03,2224900.0,1545100.0,,0,0,0,0,0,0,0,0,0,0,0,0,0,0,0,0,136,2026-02-04 05:10:48.420461
ATMN,24.42,24.42,24.96,1493600.0,2118200.0,,0,0,0,0,0,0,0,0,0,0,0,0,0,0,0,0,136,2026-02-04 05:10:48.420461
WNTR,25.09,25.02,25.09,2090300.0,2076400.0,5997.0,0,0,0,0,0,0,0,0,0,0,0,0,0,0,0,0,136,2026-02-04 05:10:48.420461
SPNG,25.45,24.83,25.45,2048100.0,1972600.0,,,0,0,0,0,0,0,0,0,0,0,0,0,0,0,0,137,2026-02-04 05:10:49.456737
SMMR,25.83,25.83,25.87,2198800.0,1655500.0,,,0,0,0,0,0,0,0,0,0,0,0,0,0,0,0,137,2026-02-04 05:10:49.456737
ATMN,24.42,24.43,24.95,1864700.0,2023800.0,7500.0,7500.0,0,0,0,0,0,0,0,0,0,0,0,0,0,0,0,137,2026-02-04 05:10:49.456737
WNTR,25.11,24.98,25.11,2189400.0,2081300.0,,,0,0,0,0,0,0,0,0,0,0,0,0,0,0,0,137,2026-02-04 05:10:49.456737
SPNG,24.99,25.11,25.18,2152200.0,7500.0,1974000.0,,0,0,0,0,0,0,0,0,0,0,0,0,0,0,0,138,2026-02-04 05:10:50.497390
SMMR,25.87,25.93,26.02,2012200.0,7500.0,1545100.0,7500.0,0,0,0,0,0,0,0,0,0,0,0,0,0,0,0,138,2026-02-04 05:10:50.497390
ATMN,24.97,24.78,24.97,2075700.0,,2133000.0,,0,0,0,0,0,0,0,0,0,0,0,0,0,0,0,138,2026-02-04 05:10:50.497390
WNTR,25.11,24.97,25.11,2082000.0,,2081300.0,,0,0,0,0,0,0,0,0,0,0,0,0,0,0,0,138,2026-02-04 05:10:50.497390
SPNG,24.99,25.15,25.18,2305300.0,1974000.0,,,0,0,0,0,0,0,0,0,0,0,0,0,0,0,0,139,2026-02-04 05:10:51.532498
SMMR,25.87,25.93,26.01,2127600.0,1635800.0,,,0,0,0,0,0,0,0,0,0,0,0,0,0,0,0,139,2026-02-04 05:10:51.532498
ATMN,24.42,24.64,24.96,2055800.0,2061100.0,7500.0,,0,0,0,0,0,0,0,0,0,0,0,0,0,0,0,139,2026-02-04 05:10:51.532498
WNTR,25.2,24.98,25.01,2210200.0,1850600.0,7500.0,7500.0,0,0,0,0,0,0,0,0,0,0,0,0,0,0,0,139,2026-02-04 05:10:51.532498
SPNG,25.18,25.11,25.18,2354300.0,1974000.0,,,0,0,0,0,0,0,0,0,0,0,0,0,0,0,0,140,2026-02-04 05:10:52.066399
SMMR,25.83,25.94,26.0,2068100.0,1635800.0,6150.0,6150.0,0,0,0,0,0,0,0,0,0,0,0,0,0,0,0,140,2026-02-04 05:10:52.066399
ATMN,24.42,24.64,24.96,2055800.0,2046200.0,,7500.0,0,0,0,0,0,0,0,0,0,0,0,0,0,0,0,140,2026-02-04 05:10:52.066399
WNTR,25.17,25.03,25.17,2303900.0,1850600.0,,,0,0,0,0,0,0,0,0,0,0,0,0,0,0,0,140,2026-02-04 05:10:52.066399
SPNG,24.87,25.11,25.64,7500.0,2250200.0,1947900.0,,0,0,0,0,0,0,0,0,0,0,0,0,0,0,0,141,2026-02-04 05:10:53.114984
SMMR,25.93,25.98,26.01,,2180700.0,1635800.0,,0,0,0,0,0,0,0,0,0,0,0,0,0,0,0,141,2026-02-04 05:10:53.114984
ATMN,24.97,24.98,24.99,,2159400.0,2135700.0,,0,0,0,0,0,0,0,0,0,0,0,0,0,0,0,141,2026-02-04 05:10:53.114984
WNTR,25.03,25.03,25.16,,2303900.0,1849300.0,6150.0,0,0,0,0,0,0,0,0,0,0,0,0,0,0,0,141,2026-02-04 05:10:53.114984
SPNG,24.87,25.46,25.63,2299100.0,5962.0,1902700.0,0,0,0,0,0,0,0,0,0,0,0,0,0,0,0,0,142,2026-02-04 05:10:54.171166
SMMR,25.89,25.89,26.01,2187200.0,,1756800.0,0,0,0,0,0,0,0,0,0,0,0,0,0,0,0,0,142,2026-02-04 05:10:54.171166
ATMN,24.42,24.42,24.83,2073400.0,,2153500.0,0,0,0,0,0,0,0,0,0,0,0,0,0,0,0,0,142,2026-02-04 05:10:54.171166
WNTR,25.24,25.03,25.24,2303900.0,,1841600.0,0,0,0,0,0,0,0,0,0,0,0,0,0,0,0,0,142,2026-02-04 05:10:54.171166
SPNG,25.13,25.13,25.33,2298800.0,1997500.0,,,0,0,0,0,0,0,0,0,0,0,0,0,0,0,0,143,2026-02-04 05:10:55.218574
SMMR,25.83,25.9,26.0,2050200.0,1864500.0,7500.0,7500.0,0,0,0,0,0,0,0,0,0,0,0,0,0,0,0,143,2026-02-04 05:10:55.218574
ATMN,24.85,24.43,24.53,2181500.0,2162900.0,7500.0,,0,0,0,0,0,0,0,0,0,0,0,0,0,0,0,143,2026-02-04 05:10:55.218574
WNTR,25.01,24.97,25.01,2336600.0,2058200.0,,,0,0,0,0,0,0,0,0,0,0,0,0,0,0,0,143,2026-02-04 05:10:55.218574
SPNG,25.64,25.14,25.32,5625.0,2139700.0,5625.0,1891200.0,0,0,0,0,0,0,0,0,0,0,0,0,0,0,0,144,2026-02-04 05:10:56.266056
SMMR,26.01,25.83,26.01,,2169800.0,,1963600.0,0,0,0,0,0,0,0,0,0,0,0,0,0,0,0,144,2026-02-04 05:10:56.266056
ATMN,24.74,24.75,24.77,,2288000.0,7500.0,2051000.0,0,0,0,0,0,0,0,0,0,0,0,0,0,0,0,144,2026-02-04 05:10:56.266056
WNTR,25.01,25.08,25.19,,2251600.0,,2055400.0,0,0,0,0,0,0,0,0,0,0,0,0,0,0,0,144,2026-02-04 05:10:56.266056
SPNG,25.36,25.3,25.36,2175100.0,1995200.0,,0,0,0,0,0,0,0,0,0,0,0,0,0,0,0,0,145,2026-02-04 05:10:57.309715
SMMR,25.87,25.77,25.87,2067100.0,1991800.0,7500.0,0,0,0,0,0,0,0,0,0,0,0,0,0,0,0,0,145,2026-02-04 05:10:57.309715
ATMN,24.77,24.75,24.77,2399700.0,2177200.0,,0,0,0,0,0,0,0,0,0,0,0,0,0,0,0,0,145,2026-02-04 05:10:57.309715
WNTR,25.0,25.0,25.17,2166100.0,2170800.0,5625.0,0,0,0,0,0,0,0,0,0,0,0,0,0,0,0,0,145,2026-02-04 05:10:57.309715
SPNG,25.67,25.3,25.67,2140100.0,1985800.0,0,0,0,0,0,0,0,0,0,0,0,0,0,0,0,0,0,146,2026-02-04 05:10:58.353135
SMMR,25.87,25.96,26.01,2143700.0,1937700.0,0,0,0,0,0,0,0,0,0,0,0,0,0,0,0,0,0,146,2026-02-04 05:10:58.353135
ATMN,24.83,24.77,24.83,2353200.0,2158700.0,0,0,0,0,0,0,0,0,0,0,0,0,0,0,0,0,0,146,2026-02-04 05:10:58.353135
WNTR,25.16,24.97,25.16,2336600.0,2158900.0,0,0,0,0,0,0,0,0,0,0,0,0,0,0,0,0,0,146,2026-02-04 05:10:58.353135
SPNG,25.19,25.19,25.51,2169400.0,1978200.0,,,0,0,0,0,0,0,0,0,0,0,0,0,0,0,0,147,2026-02-04 05:10:59.379379
SMMR,25.93,25.93,26.01,2048800.0,1954800.0,7500.0,,0,0,0,0,0,0,0,0,0,0,0,0,0,0,0,147,2026-02-04 05:10:59.379379
ATMN,24.83,24.77,24.82,2184900.0,2061300.0,6618.0,6618.0,0,0,0,0,0,0,0,0,0,0,0,0,0,0,0,147,2026-02-04 05:10:59.379379
WNTR,24.97,24.97,24.99,2207000.0,2066600.0,,5625.0,0,0,0,0,0,0,0,0,0,0,0,0,0,0,0,147,2026-02-04 05:10:59.379379
SPNG,25.13,25.13,25.51,2178300.0,1977800.0,0,0,0,0,0,0,0,0,0,0,0,0,0,0,0,0,0,148,2026-02-04 05:11:00.415130
SMMR,26.03,25.99,26.03,2136500.0,1967800.0,0,0,0,0,0,0,0,0,0,0,0,0,0,0,0,0,0,148,2026-02-04 05:11:00.415130
ATMN,24.99,24.77,24.93,2314800.0,2164800.0,0,0,0,0,0,0,0,0,0,0,0,0,0,0,0,0,0,148,2026-02-04 05:11:00.415130
WNTR,25.04,24.97,25.04,2207000.0,2179700.0,0,0,0,0,0,0,0,0,0,0,0,0,0,0,0,0,0,148,2026-02-04 05:11:00.415130
SPNG,25.12,25.16,25.51,2169700.0,1977800.0,,0,0,0,0,0,0,0,0,0,0,0,0,0,0,0,0,149,2026-02-04 05:11:01.450925
SMMR,26.11,25.93,26.11,2175700.0,1881300.0,,0,0,0,0,0,0,0,0,0,0,0,0,0,0,0,0,149,2026-02-04 05:11:01.450925
ATMN,24.56,24.56,24.91,2315300.0,2133100.0,,0,0,0,0,0,0,0,0,0,0,0,0,0,0,0,0,149,2026-02-04 05:11:01.450925
WNTR,25.07,24.98,25.07,2170700.0,2181200.0,2564.0,0,0,0,0,0,0,0,0,0,0,0,0,0,0,0,0,149,2026-02-04 05:11:01.450925
SPNG,24.98,25.1,25.51,2202200.0,1988300.0,,,0,0,0,0,0,0,0,0,0,0,0,0,0,0,0,150,2026-02-04 05:11:02.529353
SMMR,26.17,25.93,26.15,2175700.0,1923000.0,,,0,0,0,0,0,0,0,0,0,0,0,0,0,0,0,150,2026-02-04 05:11:02.529353
ATMN,24.93,24.85,24.91,2329200.0,2021500.0,6618.0,,0,0,0,0,0,0,0,0,0,0,0,0,0,0,0,150,2026-02-04 05:11:02.529353
WNTR,25.08,25.1,25.16,2097800.0,2160800.0,,2564.0,0,0,0,0,0,0,0,0,0,0,0,0,0,0,0,150,2026-02-04 05:11:02.529353
SPNG,25.13,25.22,25.5,2062600.0,6486.0,6486.0,1857200.0,0,0,0,0,0,0,0,0,0,0,0,0,0,0,0,151,2026-02-04 05:11:03.623339
SMMR,25.93,25.77,25.88,2186300.0,,6486.0,1927600.0,0,0,0,0,0,0,0,0,0,0,0,0,0,0,0,151,2026-02-04 05:11:03.623339
ATMN,24.93,24.85,24.91,2299000.0,,13236.0,1899500.0,0,0,0,0,0,0,0,0,0,0,0,0,0,0,0,151,2026-02-04 05:11:03.623339
WNTR,25.17,25.1,25.17,2137200.0,2564.0,,2161700.0,0,0,0,0,0,0,0,0,0,0,0,0,0,0,0,151,2026-02-04 05:11:03.623339
SPNG,25.63,25.1,25.63,2202200.0,1974100.0,,0,0,0,0,0,0,0,0,0,0,0,0,0,0,0,0,152,2026-02-04 05:11:04.207481
SMMR,25.96,25.77,25.89,2186300.0,2020200.0,,0,0,0,0,0,0,0,0,0,0,0,0,0,0,0,0,152,2026-02-04 05:11:04.207481
ATMN,24.55,24.77,24.91,2311500.0,2027800.0,6618.0,0,0,0,0,0,0,0,0,0,0,0,0,0,0,0,0,152,2026-02-04 05:11:04.207481
WNTR,24.98,25.08,25.17,2267100.0,2161700.0,,0,0,0,0,0,0,0,0,0,0,0,0,0,0,0,0,152,2026-02-04 05:11:04.207481
SPNG,25.68,25.11,25.68,4224.0,2083400.0,1999900.0,,0,0,0,0,0,0,0,0,0,0,0,0,0,0,0,153,2026-02-04 05:11:05.247307
SMMR,26.05,25.83,25.94,,2159500.0,1912400.0,6486.0,0,0,0,0,0,0,0,0,0,0,0,0,0,0,0,153,2026-02-04 05:11:05.247307
ATMN,24.77,24.77,24.91,,2274100.0,2029500.0,6618.0,0,0,0,0,0,0,0,0,0,0,0,0,0,0,0,153,2026-02-04 05:11:05.247307
WNTR,24.98,25.04,25.16,,2246900.0,2069300.0,4224.0,0,0,0,0,0,0,0,0,0,0,0,0,0,0,0,153,2026-02-04 05:11:05.247307
SPNG,25.1,25.31,25.59,4224.0,2083400.0,1999200.0,,0,0,0,0,0,0,0,0,0,0,0,0,0,0,0,154,2026-02-04 05:11:06.284770
SMMR,26.05,25.87,25.94,,2168600.0,2016500.0,,0,0,0,0,0,0,0,0,0,0,0,0,0,0,0,154,2026-02-04 05:11:06.284770
ATMN,24.88,24.88,24.91,,2303500.0,2029500.0,6618.0,0,0,0,0,0,0,0,0,0,0,0,0,0,0,0,154,2026-02-04 05:11:06.284770
WNTR,24.98,25.14,25.16,,2253400.0,2063200.0,4224.0,0,0,0,0,0,0,0,0,0,0,0,0,0,0,0,154,2026-02-04 05:11:06.284770
SPNG,25.17,25.1,25.17,2154800.0,1888200.0,4789.0,0,0,0,0,0,0,0,0,0,0,0,0,0,0,0,0,155,2026-02-04 05:11:07.328271
SMMR,25.94,25.91,25.94,2193300.0,1990300.0,,0,0,0,0,0,0,0,0,0,0,0,0,0,0,0,0,155,2026-02-04 05:11:07.328271
ATMN,24.71,24.76,24.91,2318700.0,2031800.0,6618.0,0,0,0,0,0,0,0,0,0,0,0,0,0,0,0,0,155,2026-02-04 05:11:07.328271
WNTR,25.11,25.11,25.16,2242300.0,2090300.0,4224.0,0,0,0,0,0,0,0,0,0,0,0,0,0,0,0,0,155,2026-02-04 05:11:07.328271
SPNG,25.17,25.22,25.59,2158600.0,2000100.0,,,0,0,0,0,0,0,0,0,0,0,0,0,0,0,0,156,2026-02-04 05:11:08.364489
SMMR,26.05,26.01,26.05,2123100.0,2001700.0,4789.0,,0,0,0,0,0,0,0,0,0,0,0,0,0,0,0,156,2026-02-04 05:11:08.364489
ATMN,24.76,24.76,24.78,2318700.0,2036400.0,,6618.0,0,0,0,0,0,0,0,0,0,0,0,0,0,0,0,156,2026-02-04 05:11:08.364489
WNTR,25.16,25.04,25.16,2219800.0,2190900.0,,,0,0,0,0,0,0,0,0,0,0,0,0,0,0,0,156,2026-02-04 05:11:08.364489
SPNG,25.1,25.22,25.42,4789.0,2046000.0,1920700.0,0,0,0,0,0,0,0,0,0,0,0,0,0,0,0,0,157,2026-02-04 05:11:09.408617
SMMR,26.01,26.01,26.05,,2241200.0,2004500.0,0,0,0,0,0,0,0,0,0,0,0,0,0,0,0,0,157,2026-02-04 05:11:09.408617
ATMN,24.78,24.74,24.78,,2272400.0,2136700.0,0,0,0,0,0,0,0,0,0,0,0,0,0,0,0,0,157,2026-02-04 05:11:09.408617
WNTR,25.18,25.05,25.1,5851.0,2104000.0,2194100.0,0,0,0,0,0,0,0,0,0,0,0,0,0,0,0,0,157,2026-02-04 05:11:09.408617
SPNG,25.31,25.31,25.49,2009100.0,4789.0,1955100.0,,0,0,0,0,0,0,0,0,0,0,0,0,0,0,0,158,2026-02-04 05:11:10.446898
SMMR,25.87,26.02,26.05,2221200.0,,2004500.0,,0,0,0,0,0,0,0,0,0,0,0,0,0,0,0,158,2026-02-04 05:11:10.446898
ATMN,24.93,24.55,24.93,2306300.0,,2123400.0,,0,0,0,0,0,0,0,0,0,0,0,0,0,0,0,158,2026-02-04 05:11:10.446898
WNTR,25.04,25.04,25.1,2206200.0,,2093500.0,5851.0,0,0,0,0,0,0,0,0,0,0,0,0,0,0,0,158,2026-02-04 05:11:10.446898
SPNG,25.49,25.1,25.49,2133200.0,1955100.0,,,0,0,0,0,0,0,0,0,0,0,0,0,0,0,0,159,2026-02-04 05:11:11.482012
SMMR,26.02,25.88,25.94,2101100.0,1954500.0,7042.0,7042.0,0,0,0,0,0,0,0,0,0,0,0,0,0,0,0,159,2026-02-04 05:11:11.482012
ATMN,24.93,24.61,24.93,2272500.0,2123400.0,,,0,0,0,0,0,0,0,0,0,0,0,0,0,0,0,159,2026-02-04 05:11:11.482012
WNTR,25.0,24.99,25.0,2167700.0,2149500.0,,7042.0,0,0,0,0,0,0,0,0,0,0,0,0,0,0,0,159,2026-02-04 05:11:11.482012
SPNG,24.98,25.11,25.28,6037.0,2015600.0,6037.0,1861900.0,0,0,0,0,0,0,0,0,0,0,0,0,0,0,0,160,2026-02-04 05:11:12.515926
SMMR,26.02,25.92,25.93,,2224200.0,6037.0,1985700.0,0,0,0,0,0,0,0,0,0,0,0,0,0,0,0,160,2026-02-04 05:11:12.515926
ATMN,24.51,24.51,24.93,,2372100.0,,2123400.0,0,0,0,0,0,0,0,0,0,0,0,0,0,0,0,160,2026-02-04 05:11:12.515926
WNTR,25.0,25.07,25.09,,2183400.0,5851.0,2121200.0,0,0,0,0,0,0,0,0,0,0,0,0,0,0,0,160,2026-02-04 05:11:12.515926
SPNG,25.5,24.98,25.5,2124800.0,1982400.0,,,0,0,0,0,0,0,0,0,0,0,0,0,0,0,0,161,2026-02-04 05:11:13.543323
SMMR,26.05,26.05,26.11,2233100.0,2001400.0,,,0,0,0,0,0,0,0,0,0,0,0,0,0,0,0,161,2026-02-04 05:11:13.543323
ATMN,24.51,24.75,24.89,2239100.0,2043300.0,4276.0,4276.0,0,0,0,0,0,0,0,0,0,0,0,0,0,0,0,161,2026-02-04 05:11:13.543323
WNTR,25.07,24.99,25.02,2198000.0,2110100.0,,5851.0,0,0,0,0,0,0,0,0,0,0,0,0,0,0,0,161,2026-02-04 05:11:13.543323
SPNG,24.96,24.96,25.59,2125900.0,1968900.0,,,0,0,0,0,0,0,0,0,0,0,0,0,0,0,0,162,2026-02-04 05:11:14.574222
SMMR,25.9,25.86,25.9,2212200.0,1942300.0,5167.0,,0,0,0,0,0,0,0,0,0,0,0,0,0,0,0,162,2026-02-04 05:11:14.574222
ATMN,24.77,24.85,24.93,2235300.0,2154800.0,,5167.0,0,0,0,0,0,0,0,0,0,0,0,0,0,0,0,162,2026-02-04 05:11:14.574222
WNTR,25.17,24.99,25.1,2198000.0,2210000.0,,,0,0,0,0,0,0,0,0,0,0,0,0,0,0,0,162,2026-02-04 05:11:14.574222
SPNG,24.96,25.41,25.59,2013800.0,6037.0,1954100.0,,0,0,0,0,0,0,0,0,0,0,0,0,0,0,0,163,2026-02-04 05:11:15.601924
SMMR,25.94,26.01,26.1,2250100.0,,1913100.0,5167.0,0,0,0,0,0,0,0,0,0,0,0,0,0,0,0,163,2026-02-04 05:11:15.601924
ATMN,24.48,24.48,24.88,2379300.0,,2038800.0,5167.0,0,0,0,0,0,0,0,0,0,0,0,0,0,0,0,163,2026-02-04 05:11:15.601924
WNTR,25.02,25.06,25.1,2192600.0,,2210000.0,,0,0,0,0,0,0,0,0,0,0,0,0,0,0,0,163,2026-02-04 05:11:15.601924
SPNG,25.41,25.41,25.59,2117000.0,1957900.0,,0,0,0,0,0,0,0,0,0,0,0,0,0,0,0,0,164,2026-02-04 05:11:16.632050
SMMR,25.9,25.92,26.11,2238000.0,2020400.0,,0,0,0,0,0,0,0,0,0,0,0,0,0,0,0,0,164,2026-02-04 05:11:16.632050
ATMN,24.48,24.48,24.5,2317000.0,2036400.0,891.0,0,0,0,0,0,0,0,0,0,0,0,0,0,0,0,0,164,2026-02-04 05:11:16.632050
WNTR,25.1,24.99,25.1,2206100.0,2219400.0,,0,0,0,0,0,0,0,0,0,0,0,0,0,0,0,0,164,2026-02-04 05:11:16.632050
SPNG,25.41,25.41,25.59,2013800.0,6037.0,1948600.0,,0,0,0,0,0,0,0,0,0,0,0,0,0,0,0,165,2026-02-04 05:11:17.664140
SMMR,25.86,25.86,25.96,2212200.0,,1975000.0,5167.0,0,0,0,0,0,0,0,0,0,0,0,0,0,0,0,165,2026-02-04 05:11:17.664140
ATMN,24.5,24.48,24.5,2318100.0,,2036400.0,891.0,0,0,0,0,0,0,0,0,0,0,0,0,0,0,0,165,2026-02-04 05:11:17.664140
WNTR,25.1,24.99,25.1,1984400.0,12893.0,2219400.0,,0,0,0,0,0,0,0,0,0,0,0,0,0,0,0,165,2026-02-04 05:11:17.664140
SPNG,24.96,24.87,24.88,2131500.0,1953200.0,0,0,0,0,0,0,0,0,0,0,0,0,0,0,0,0,0,166,2026-02-04 05:11:18.693897
SMMR,25.84,25.84,25.96,2210500.0,2089000.0,0,0,0,0,0,0,0,0,0,0,0,0,0,0,0,0,0,166,2026-02-04 05:11:18.693897
ATMN,24.5,24.6,24.93,2321400.0,2149100.0,0,0,0,0,0,0,0,0,0,0,0,0,0,0,0,0,0,166,2026-02-04 05:11:18.693897
WNTR,25.12,24.97,25.04,2227500.0,2214200.0,0,0,0,0,0,0,0,0,0,0,0,0,0,0,0,0,0,166,2026-02-04 05:11:18.693897
SPNG,24.96,24.87,24.88,2128300.0,1953200.0,,,0,0,0,0,0,0,0,0,0,0,0,0,0,0,0,167,2026-02-04 05:11:19.724392
SMMR,25.83,25.83,25.95,2207200.0,1962100.0,6213.0,,0,0,0,0,0,0,0,0,0,0,0,0,0,0,0,167,2026-02-04 05:11:19.724392
ATMN,24.6,24.6,24.93,2321400.0,2149100.0,,,0,0,0,0,0,0,0,0,0,0,0,0,0,0,0,167,2026-02-04 05:11:19.724392
WNTR,25.12,24.98,25.03,2117600.0,2079700.0,6213.0,6213.0,0,0,0,0,0,0,0,0,0,0,0,0,0,0,0,167,2026-02-04 05:11:19.724392
SPNG,24.88,25.03,25.42,2112200.0,1955900.0,,0,0,0,0,0,0,0,0,0,0,0,0,0,0,0,0,168,2026-02-04 05:11:20.260035
SMMR,26.0,26.0,26.08,2240100.0,2016800.0,,0,0,0,0,0,0,0,0,0,0,0,0,0,0,0,0,168,2026-02-04 05:11:20.260035
ATMN,24.6,24.6,24.93,2321400.0,2149100.0,,0,0,0,0,0,0,0,0,0,0,0,0,0,0,0,0,168,2026-02-04 05:11:20.260035
WNTR,24.96,24.96,25.03,2211100.0,2069100.0,6752.0,0,0,0,0,0,0,0,0,0,0,0,0,0,0,0,0,168,2026-02-04 05:11:20.260035
SPNG,24.88,25.04,25.41,4258.0,2001700.0,4258.0,1856400.0,0,0,0,0,0,0,0,0,0,0,0,0,0,0,0,169,2026-02-04 05:11:21.311268
SMMR,26.09,26.0,26.09,,2240100.0,6213.0,1924500.0,0,0,0,0,0,0,0,0,0,0,0,0,0,0,0,169,2026-02-04 05:11:21.311268
ATMN,24.95,24.94,24.95,,2296600.0,,2130400.0,0,0,0,0,0,0,0,0,0,0,0,0,0,0,0,169,2026-02-04 05:11:21.311268
WNTR,24.96,24.97,25.03,,2196000.0,6752.0,2083900.0,0,0,0,0,0,0,0,0,0,0,0,0,0,0,0,169,2026-02-04 05:11:21.311268
SPNG,25.42,25.39,25.4,2082400.0,5006.0,1856400.0,,0,0,0,0,0,0,0,0,0,0,0,0,0,0,0,170,2026-02-04 05:11:22.351443
SMMR,26.0,25.91,25.93,2211600.0,,2037300.0,,0,0,0,0,0,0,0,0,0,0,0,0,0,0,0,170,2026-02-04 05:11:22.351443
ATMN,24.96,24.61,24.94,2194900.0,5006.0,2017400.0,5006.0,0,0,0,0,0,0,0,0,0,0,0,0,0,0,0,170,2026-02-04 05:11:22.351443
WNTR,25.04,25.01,25.04,2154300.0,,2214800.0,,0,0,0,0,0,0,0,0,0,0,0,0,0,0,0,170,2026-02-04 05:11:22.351443
SPNG,25.29,25.29,25.42,1990600.0,5006.0,1936100.0,,0,0,0,0,0,0,0,0,0,0,0,0,0,0,0,171,2026-02-04 05:11:23.398845
SMMR,26.09,25.91,25.93,2175800.0,,1931300.0,3223.0,0,0,0,0,0,0,0,0,0,0,0,0,0,0,0,171,2026-02-04 05:11:23.398845
ATMN,25.01,24.6,24.87,2305400.0,,2139700.0,,0,0,0,0,0,0,0,0,0,0,0,0,0,0,0,171,2026-02-04 05:11:23.398845
WNTR,24.97,24.99,25.04,2205300.0,,2214800.0,,0,0,0,0,0,0,0,0,0,0,0,0,0,0,0,171,2026-02-04 05:11:23.398845
SPNG,25.29,25.3,25.4,7054.0,1974900.0,1824200.0,7054.0,0,0,0,0,0,0,0,0,0,0,0,0,0,0,0,172,2026-02-04 05:11:24.437589
SMMR,26.09,26.04,26.09,,2178800.0,1927700.0,3223.0,0,0,0,0,0,0,0,0,0,0,0,0,0,0,0,172,2026-02-04 05:11:24.437589
ATMN,25.02,24.48,25.02,,2313000.0,2168400.0,,0,0,0,0,0,0,0,0,0,0,0,0,0,0,0,172,2026-02-04 05:11:24.437589
WNTR,24.96,25.01,25.03,7054.0,2089200.0,2096600.0,7054.0,0,0,0,0,0,0,0,0,0,0,0,0,0,0,0,172,2026-02-04 05:11:24.437589
SPNG,25.29,25.29,25.33,2095000.0,1930800.0,,,0,0,0,0,0,0,0,0,0,0,0,0,0,0,0,173,2026-02-04 05:11:25.546922
SMMR,25.9,25.9,26.09,2191200.0,1927700.0,3223.0,,0,0,0,0,0,0,0,0,0,0,0,0,0,0,0,173,2026-02-04 05:11:25.546922
ATMN,25.02,24.57,25.0,2203800.0,2080100.0,6694.0,6694.0,0,0,0,0,0,0,0,0,0,0,0,0,0,0,0,173,2026-02-04 05:11:25.546922
WNTR,25.04,24.96,25.04,2212500.0,2214800.0,,,0,0,0,0,0,0,0,0,0,0,0,0,0,0,0,173,2026-02-04 05:11:25.546922
SPNG,25.33,25.09,25.33,2074500.0,1848400.0,6119.0,,0,0,0,0,0,0,0,0,0,0,0,0,0,0,0,174,2026-02-04 05:11:26.586182
SMMR,25.9,26.07,26.09,2197000.0,1928300.0,3223.0,,0,0,0,0,0,0,0,0,0,0,0,0,0,0,0,174,2026-02-04 05:11:26.586182
ATMN,24.85,24.58,24.85,2190400.0,2099800.0,6119.0,6119.0,0,0,0,0,0,0,0,0,0,0,0,0,0,0,0,174,2026-02-04 05:11:26.586182
WNTR,25.08,24.96,25.01,2228800.0,2100700.0,2300.0,,0,0,0,0,0,0,0,0,0,0,0,0,0,0,0,174,2026-02-04 05:11:26.586182
SPNG,25.33,25.09,25.21,2025500.0,1854800.0,6119.0,0,0,0,0,0,0,0,0,0,0,0,0,0,0,0,0,175,2026-02-04 05:11:27.624756
SMMR,26.07,26.07,26.09,2197000.0,1934500.0,3223.0,0,0,0,0,0,0,0,0,0,0,0,0,0,0,0,0,175,2026-02-04 05:11:27.624756
ATMN,25.03,24.57,24.74,2306400.0,2179200.0,,0,0,0,0,0,0,0,0,0,0,0,0,0,0,0,0,175,2026-02-04 05:11:27.624756
WNTR,25.08,24.96,24.97,2215300.0,2074800.0,2300.0,0,0,0,0,0,0,0,0,0,0,0,0,0,0,0,0,175,2026-02-04 05:11:27.624756
SPNG,25.21,25.18,25.21,2038600.0,1854800.0,6119.0,,0,0,0,0,0,0,0,0,0,0,0,0,0,0,0,176,2026-02-04 05:11:28.673735
SMMR,25.9,25.77,25.89,2189700.0,2052400.0,,,0,0,0,0,0,0,0,0,0,0,0,0,0,0,0,176,2026-02-04 05:11:28.673735
ATMN,24.74,24.91,25.03,2174800.0,2205300.0,,6119.0,0,0,0,0,0,0,0,0,0,0,0,0,0,0,0,176,2026-02-04 05:11:28.673735
WNTR,24.97,24.96,24.97,2233400.0,2102200.0,2300.0,,0,0,0,0,0,0,0,0,0,0,0,0,0,0,0,176,2026-02-04 05:11:28.673735
SPNG,25.34,25.18,25.34,2038600.0,1912300.0,,,0,0,0,0,0,0,0,0,0,0,0,0,0,0,0,177,2026-02-04 05:11:29.702887
SMMR,25.85,25.85,25.97,2191100.0,1937800.0,3223.0,,0,0,0,0,0,0,0,0,0,0,0,0,0,0,0,177,2026-02-04 05:11:29.702887
ATMN,24.91,24.77,24.8,2167700.0,2201200.0,,6119.0,0,0,0,0,0,0,0,0,0,0,0,0,0,0,0,177,2026-02-04 05:11:29.702887
WNTR,24.94,24.94,24.95,2220900.0,2117000.0,2300.0,,0,0,0,0,0,0,0,0,0,0,0,0,0,0,0,177,2026-02-04 05:11:29.702887
SPNG,25.42,25.51,25.59,2026800.0,1946800.0,,,0,0,0,0,0,0,0,0,0,0,0,0,0,0,0,178,2026-02-04 05:11:30.740782
SMMR,25.81,25.96,26.09,2218600.0,2018700.0,,,0,0,0,0,0,0,0,0,0,0,0,0,0,0,0,178,2026-02-04 05:11:30.740782
ATMN,24.77,24.77,24.81,2157500.0,2194500.0,6119.0,,0,0,0,0,0,0,0,0,0,0,0,0,0,0,0,178,2026-02-04 05:11:30.740782
WNTR,24.94,24.94,24.95,2226100.0,2120800.0,,2300.0,0,0,0,0,0,0,0,0,0,0,0,0,0,0,0,178,2026-02-04 05:11:30.740782
SPNG,25.11,25.35,25.59,2017000.0,1920000.0,,,0,0,0,0,0,0,0,0,0,0,0,0,0,0,0,179,2026-02-04 05:11:31.774369
SMMR,25.81,25.81,26.09,2187500.0,2004300.0,,,0,0,0,0,0,0,0,0,0,0,0,0,0,0,0,179,2026-02-04 05:11:31.774369
ATMN,24.81,24.77,24.81,2119400.0,2194500.0,6119.0,,0,0,0,0,0,0,0,0,0,0,0,0,0,0,0,179,2026-02-04 05:11:31.774369
WNTR,24.94,24.94,24.95,2231000.0,2103700.0,,2300.0,0,0,0,0,0,0,0,0,0,0,0,0,0,0,0,179,2026-02-04 05:11:31.774369
SPNG,25.11,24.74,0.0,200000.0,,,0,0,0,0,0,0,0,0,0,0,0,0,0,0,0,0,180,2026-02-04 05:11:32.301769
SMMR,25.93,24.87,0.0,200000.0,,,0,0,0,0,0,0,0,0,0,0,0,0,0,0,0,0,180,2026-02-04 05:11:32.301769
ATMN,24.81,24.69,0.0,200000.0,6119.0,,0,0,0,0,0,0,0,0,0,0,0,0,0,0,0,0,180,2026-02-04 05:11:32.301769
WNTR,24.94,24.76,24.97,200000.0,,2300.0,0,0,0,0,0,0,0,0,0,0,0,0,0,0,0,0,180,2026-02-04 05:11:32.301769
SPNG,24.74,24.74,24.81,986900.0,898100.0,,,0,0,0,0,0,0,0,0,0,0,0,0,0,0,0,181,2026-02-04 05:11:33.357794
SMMR,25.93,24.87,24.9,881700.0,1009600.0,,,0,0,0,0,0,0,0,0,0,0,0,0,0,0,0,181,2026-02-04 05:11:33.357794
ATMN,24.81,24.73,25.04,905200.0,1051900.0,6119.0,,0,0,0,0,0,0,0,0,0,0,0,0,0,0,0,181,2026-02-04 05:11:33.357794
WNTR,24.76,24.76,24.83,1032900.0,1003000.0,,2300.0,0,0,0,0,0,0,0,0,0,0,0,0,0,0,0,181,2026-02-04 05:11:33.357794
SPNG,24.74,23.4,24.41,1105900.0,1181000.0,,,0,0,0,0,0,0,0,0,0,0,0,0,0,0,0,182,2026-02-04 05:11:34.497769
SMMR,24.87,24.87,24.9,981400.0,1132200.0,,,0,0,0,0,0,0,0,0,0,0,0,0,0,0,0,182,2026-02-04 05:11:34.497769
ATMN,24.69,24.69,24.79,902700.0,1338100.0,6119.0,,0,0,0,0,0,0,0,0,0,0,0,0,0,0,0,182,2026-02-04 05:11:34.497769
WNTR,24.76,24.5,24.56,1264300.0,1232400.0,,2300.0,0,0,0,0,0,0,0,0,0,0,0,0,0,0,0,182,2026-02-04 05:11:34.497769
SPNG,24.74,24.21,24.41,1516600.0,1181000.0,,,0,0,0,0,0,0,0,0,0,0,0,0,0,0,0,183,2026-02-04 05:11:35.537289
SMMR,24.87,24.87,24.9,1333700.0,1223000.0,,,0,0,0,0,0,0,0,0,0,0,0,0,0,0,0,183,2026-02-04 05:11:35.537289
ATMN,24.69,24.69,24.71,902700.0,1670100.0,6119.0,,0,0,0,0,0,0,0,0,0,0,0,0,0,0,0,183,2026-02-04 05:11:35.537289
WNTR,24.56,24.5,24.54,1383500.0,1208600.0,,2300.0,0,0,0,0,0,0,0,0,0,0,0,0,0,0,0,183,2026-02-04 05:11:35.537289
SPNG,24.91,24.22,24.91,1736100.0,968000.0,,,0,0,0,0,0,0,0,0,0,0,0,0,0,0,0,184,2026-02-04 05:11:36.579033
SMMR,24.97,24.87,24.97,1357600.0,1108300.0,,,0,0,0,0,0,0,0,0,0,0,0,0,0,0,0,184,2026-02-04 05:11:36.579033
ATMN,24.69,24.69,24.71,927500.0,1875300.0,6119.0,,0,0,0,0,0,0,0,0,0,0,0,0,0,0,0,184,2026-02-04 05:11:36.579033
WNTR,24.54,24.74,24.83,1864800.0,1099700.0,,2300.0,0,0,0,0,0,0,0,0,0,0,0,0,0,0,0,184,2026-02-04 05:11:36.579033
SPNG,24.91,24.82,24.91,2049100.0,968000.0,,,0,0,0,0,0,0,0,0,0,0,0,0,0,0,0,185,2026-02-04 05:11:37.624651
SMMR,24.77,24.77,24.97,1246800.0,1108300.0,,,0,0,0,0,0,0,0,0,0,0,0,0,0,0,0,185,2026-02-04 05:11:37.624651
ATMN,23.82,24.69,24.71,1198100.0,1875300.0,6119.0,,0,0,0,0,0,0,0,0,0,0,0,0,0,0,0,185,2026-02-04 05:11:37.624651
WNTR,24.75,24.74,24.75,1864800.0,1199700.0,,1700.0,0,0,0,0,0,0,0,0,0,0,0,0,0,0,0,185,2026-02-04 05:11:37.624651
SPNG,24.21,24.21,24.9,1854700.0,6395.0,1155800.0,,0,0,0,0,0,0,0,0,0,0,0,0,0,0,0,186,2026-02-04 05:11:38.665524
SMMR,24.96,24.97,24.99,1458000.0,,1086200.0,6395.0,0,0,0,0,0,0,0,0,0,0,0,0,0,0,0,186,2026-02-04 05:11:38.665524
ATMN,24.71,24.08,24.71,1318200.0,,1972700.0,,0,0,0,0,0,0,0,0,0,0,0,0,0,0,0,186,2026-02-04 05:11:38.665524
WNTR,24.74,24.53,24.63,1858600.0,1700.0,1414200.0,,0,0,0,0,0,0,0,0,0,0,0,0,0,0,0,186,2026-02-04 05:11:38.665524
SPNG,24.95,24.83,24.95,5545.0,1947500.0,948300.0,,0,0,0,0,0,0,0,0,0,0,0,0,0,0,0,187,2026-02-04 05:11:39.701248
SMMR,24.93,24.93,24.95,5545.0,1602000.0,1195100.0,5545.0,0,0,0,0,0,0,0,0,0,0,0,0,0,0,0,187,2026-02-04 05:11:39.701248
ATMN,24.9,24.79,24.9,,1570700.0,1659200.0,,0,0,0,0,0,0,0,0,0,0,0,0,0,0,0,187,2026-02-04 05:11:39.701248
WNTR,24.74,24.61,24.74,,2217600.0,1319300.0,,0,0,0,0,0,0,0,0,0,0,0,0,0,0,0,187,2026-02-04 05:11:39.701248
SPNG,24.95,24.53,24.95,2052200.0,1143200.0,850.0,0,0,0,0,0,0,0,0,0,0,0,0,0,0,0,0,188,2026-02-04 05:11:40.733633
SMMR,24.85,24.85,24.99,1356600.0,1297900.0,,0,0,0,0,0,0,0,0,0,0,0,0,0,0,0,0,188,2026-02-04 05:11:40.733633
ATMN,24.87,24.24,24.87,1448800.0,1889700.0,,0,0,0,0,0,0,0,0,0,0,0,0,0,0,0,0,188,2026-02-04 05:11:40.733633
WNTR,24.75,24.61,24.75,2447800.0,1199700.0,,0,0,0,0,0,0,0,0,0,0,0,0,0,0,0,0,188,2026-02-04 05:11:40.733633
SPNG,24.83,24.83,24.95,2045500.0,1227500.0,850.0,,0,0,0,0,0,0,0,0,0,0,0,0,0,0,0,189,2026-02-04 05:11:41.765005
SMMR,24.85,24.77,24.85,1246800.0,1423700.0,,,0,0,0,0,0,0,0,0,0,0,0,0,0,0,0,189,2026-02-04 05:11:41.765005
ATMN,24.87,24.8,24.87,1580900.0,1989700.0,6538.0,6538.0,0,0,0,0,0,0,0,0,0,0,0,0,0,0,0,189,2026-02-04 05:11:41.765005
WNTR,24.61,24.82,24.83,2430600.0,1099700.0,,,0,0,0,0,0,0,0,0,0,0,0,0,0,0,0,189,2026-02-04 05:11:41.765005
SPNG,25.35,24.21,25.35,1854700.0,1231000.0,,0,0,0,0,0,0,0,0,0,0,0,0,0,0,0,0,190,2026-02-04 05:11:42.796900
SMMR,24.76,24.76,24.81,1271600.0,1537700.0,7287.0,0,0,0,0,0,0,0,0,0,0,0,0,0,0,0,0,190,2026-02-04 05:11:42.796900
ATMN,24.79,24.71,24.73,1580900.0,2007500.0,7287.0,0,0,0,0,0,0,0,0,0,0,0,0,0,0,0,0,190,2026-02-04 05:11:42.796900
WNTR,24.79,24.61,24.78,2447800.0,1230700.0,7287.0,0,0,0,0,0,0,0,0,0,0,0,0,0,0,0,0,190,2026-02-04 05:11:42.796900
SPNG,24.82,25.26,25.35,1985900.0,1339000.0,,0,0,0,0,0,0,0,0,0,0,0,0,0,0,0,0,191,2026-02-04 05:11:43.858567
SMMR,24.74,24.74,24.85,1409800.0,1423700.0,,0,0,0,0,0,0,0,0,0,0,0,0,0,0,0,0,191,2026-02-04 05:11:43.858567
ATMN,24.24,24.58,24.72,1540200.0,2034900.0,10000.0,0,0,0,0,0,0,0,0,0,0,0,0,0,0,0,0,191,2026-02-04 05:11:43.858567
WNTR,24.83,24.64,24.78,2384900.0,1099700.0,7287.0,0,0,0,0,0,0,0,0,0,0,0,0,0,0,0,0,191,2026-02-04 05:11:43.858567
SPNG,24.04,24.04,25.35,1570900.0,1339000.0,,0,0,0,0,0,0,0,0,0,0,0,0,0,0,0,0,192,2026-02-04 05:11:44.388791
SMMR,25.02,24.76,25.02,1519000.0,1201800.0,,0,0,0,0,0,0,0,0,0,0,0,0,0,0,0,0,192,2026-02-04 05:11:44.388791
ATMN,24.24,24.24,24.72,1448800.0,1952300.0,13825.0,0,0,0,0,0,0,0,0,0,0,0,0,0,0,0,0,192,2026-02-04 05:11:44.388791
WNTR,24.83,24.75,24.78,2347300.0,1099700.0,7287.0,0,0,0,0,0,0,0,0,0,0,0,0,0,0,0,0,192,2026-02-04 05:11:44.388791
SPNG,24.04,24.04,25.35,1570900.0,1420900.0,,0,0,0,0,0,0,0,0,0,0,0,0,0,0,0,0,193,2026-02-04 05:11:45.423746
SMMR,24.85,24.87,25.02,1647800.0,1410900.0,,0,0,0,0,0,0,0,0,0,0,0,0,0,0,0,0,193,2026-02-04 05:11:45.423746
ATMN,24.73,24.29,24.72,1684400.0,1902200.0,13825.0,0,0,0,0,0,0,0,0,0,0,0,0,0,0,0,0,193,2026-02-04 05:11:45.423746
WNTR,24.83,24.64,24.83,2384900.0,1099700.0,,0,0,0,0,0,0,0,0,0,0,0,0,0,0,0,0,193,2026-02-04 05:11:45.423746
SPNG,25.49,24.51,25.06,1809600.0,1420400.0,400.0,,0,0,0,0,0,0,0,0,0,0,0,0,0,0,0,194,2026-02-04 05:11:46.453491
SMMR,24.85,24.87,24.92,1647800.0,1721800.0,,7287.0,0,0,0,0,0,0,0,0,0,0,0,0,0,0,0,194,2026-02-04 05:11:46.453491
ATMN,24.73,24.55,24.72,2031700.0,1902200.0,13825.0,,0,0,0,0,0,0,0,0,0,0,0,0,0,0,0,194,2026-02-04 05:11:46.453491
WNTR,24.83,24.79,24.83,2365000.0,1099700.0,,,0,0,0,0,0,0,0,0,0,0,0,0,0,0,0,194,2026-02-04 05:11:46.453491
SPNG,25.11,24.61,25.11,1930100.0,4622.0,1430100.0,,0,0,0,0,0,0,0,0,0,0,0,0,0,0,0,195,2026-02-04 05:11:47.485129
SMMR,24.87,24.76,24.83,1740800.0,,1822800.0,,0,0,0,0,0,0,0,0,0,0,0,0,0,0,0,195,2026-02-04 05:11:47.485129
ATMN,24.73,24.55,24.72,2378500.0,,1926400.0,13825.0,0,0,0,0,0,0,0,0,0,0,0,0,0,0,0,195,2026-02-04 05:11:47.485129
WNTR,24.79,24.79,24.82,2237200.0,4622.0,1099700.0,4622.0,0,0,0,0,0,0,0,0,0,0,0,0,0,0,0,195,2026-02-04 05:11:47.485129
SPNG,24.74,24.62,24.74,4043.0,2143100.0,1553200.0,0,0,0,0,0,0,0,0,0,0,0,0,0,0,0,0,196,2026-02-04 05:11:48.512058
SMMR,24.76,24.76,24.9,,1740800.0,1926500.0,0,0,0,0,0,0,0,0,0,0,0,0,0,0,0,0,196,2026-02-04 05:11:48.512058
ATMN,24.77,24.68,24.77,,2319100.0,2129000.0,0,0,0,0,0,0,0,0,0,0,0,0,0,0,0,0,196,2026-02-04 05:11:48.512058
WNTR,24.79,24.79,24.8,,2365000.0,1411800.0,0,0,0,0,0,0,0,0,0,0,0,0,0,0,0,0,196,2026-02-04 05:11:48.512058
SPNG,24.74,24.86,25.03,2244300.0,4043.0,1642200.0,0,0,0,0,0,0,0,0,0,0,0,0,0,0,0,0,197,2026-02-04 05:11:49.538834
SMMR,24.9,24.77,24.9,1595200.0,6344.0,2039400.0,0,0,0,0,0,0,0,0,0,0,0,0,0,0,0,0,197,2026-02-04 05:11:49.538834
ATMN,24.5,24.5,24.77,2316600.0,,2129000.0,0,0,0,0,0,0,0,0,0,0,0,0,0,0,0,0,197,2026-02-04 05:11:49.538834
WNTR,24.8,24.79,24.8,2329600.0,,1539500.0,0,0,0,0,0,0,0,0,0,0,0,0,0,0,0,0,197,2026-02-04 05:11:49.538834
SPNG,24.74,24.86,24.95,2244300.0,4622.0,1885200.0,,0,0,0,0,0,0,0,0,0,0,0,0,0,0,0,198,2026-02-04 05:11:50.574343
SMMR,24.85,24.77,24.85,1699200.0,6344.0,2060400.0,,0,0,0,0,0,0,0,0,0,0,0,0,0,0,0,198,2026-02-04 05:11:50.574343
ATMN,24.5,24.51,24.57,2193800.0,4758.0,2052900.0,4758.0,0,0,0,0,0,0,0,0,0,0,0,0,0,0,0,198,2026-02-04 05:11:50.574343
WNTR,24.8,24.79,24.8,2278300.0,,1539500.0,,0,0,0,0,0,0,0,0,0,0,0,0,0,0,0,198,2026-02-04 05:11:50.574343
SPNG,24.61,24.61,24.95,2423000.0,1901100.0,,,0,0,0,0,0,0,0,0,0,0,0,0,0,0,0,199,2026-02-04 05:11:51.608006
SMMR,24.74,24.76,24.85,1959100.0,2078400.0,,,0,0,0,0,0,0,0,0,0,0,0,0,0,0,0,199,2026-02-04 05:11:51.608006
ATMN,24.72,24.52,24.56,2181000.0,2032800.0,4758.0,4758.0,0,0,0,0,0,0,0,0,0,0,0,0,0,0,0,199,2026-02-04 05:11:51.608006
WNTR,24.87,24.82,24.87,2295400.0,1081800.0,,,0,0,0,0,0,0,0,0,0,0,0,0,0,0,0,199,2026-02-04 05:11:51.608006
SPNG,24.55,24.62,24.94,7500.0,2302500.0,7500.0,1823000.0,0,0,0,0,0,0,0,0,0,0,0,0,0,0,0,200,2026-02-04 05:11:52.646065
SMMR,24.74,24.76,24.85,,2077600.0,,2115900.0,0,0,0,0,0,0,0,0,0,0,0,0,0,0,0,200,2026-02-04 05:11:52.646065
ATMN,24.77,24.5,24.77,,2281200.0,,2138100.0,0,0,0,0,0,0,0,0,0,0,0,0,0,0,0,200,2026-02-04 05:11:52.646065
WNTR,24.9,24.83,24.9,7500.0,2193300.0,,1073600.0,0,0,0,0,0,0,0,0,0,0,0,0,0,0,0,200,2026-02-04 05:11:52.646065
SPNG,24.95,24.89,24.95,2397900.0,1916500.0,,,0,0,0,0,0,0,0,0,0,0,0,0,0,0,0,201,2026-02-04 05:11:53.675142
SMMR,24.85,24.77,24.84,2181700.0,1968100.0,4725.0,4725.0,0,0,0,0,0,0,0,0,0,0,0,0,0,0,0,201,2026-02-04 05:11:53.675142
ATMN,24.77,24.66,24.77,2145600.0,2134800.0,3600.0,,0,0,0,0,0,0,0,0,0,0,0,0,0,0,0,201,2026-02-04 05:11:53.675142
WNTR,24.91,24.89,24.91,2294800.0,958800.0,,,0,0,0,0,0,0,0,0,0,0,0,0,0,0,0,201,2026-02-04 05:11:53.675142
SPNG,24.55,24.55,24.99,2302500.0,1891100.0,,0,0,0,0,0,0,0,0,0,0,0,0,0,0,0,0,202,2026-02-04 05:11:54.709557
SMMR,24.71,24.71,24.86,2262500.0,2073900.0,,0,0,0,0,0,0,0,0,0,0,0,0,0,0,0,0,202,2026-02-04 05:11:54.709557
ATMN,24.87,24.66,24.87,2133400.0,2113500.0,3600.0,0,0,0,0,0,0,0,0,0,0,0,0,0,0,0,0,202,2026-02-04 05:11:54.709557
WNTR,24.89,24.89,24.9,2294800.0,1183600.0,,0,0,0,0,0,0,0,0,0,0,0,0,0,0,0,0,202,2026-02-04 05:11:54.709557
SPNG,24.55,24.81,24.98,2351000.0,6600.0,1820000.0,,0,0,0,0,0,0,0,0,0,0,0,0,0,0,0,203,2026-02-04 05:11:55.740301
SMMR,24.69,24.85,24.86,2133600.0,,2073900.0,6600.0,0,0,0,0,0,0,0,0,0,0,0,0,0,0,0,203,2026-02-04 05:11:55.740301
ATMN,24.66,24.66,24.87,2225200.0,,2113100.0,,0,0,0,0,0,0,0,0,0,0,0,0,0,0,0,203,2026-02-04 05:11:55.740301
WNTR,24.9,24.8,24.9,2293900.0,,1310700.0,,0,0,0,0,0,0,0,0,0,0,0,0,0,0,0,203,2026-02-04 05:11:55.740301
SPNG,24.78,24.55,24.69,2418300.0,1884600.0,,0,0,0,0,0,0,0,0,0,0,0,0,0,0,0,0,204,2026-02-04 05:11:56.765120
SMMR,24.85,24.69,24.84,2230400.0,2096300.0,,0,0,0,0,0,0,0,0,0,0,0,0,0,0,0,0,204,2026-02-04 05:11:56.765120
ATMN,24.66,24.85,24.87,2241500.0,2119600.0,,0,0,0,0,0,0,0,0,0,0,0,0,0,0,0,0,204,2026-02-04 05:11:56.765120
WNTR,24.97,24.86,24.97,2179000.0,989200.0,3300.0,0,0,0,0,0,0,0,0,0,0,0,0,0,0,0,0,204,2026-02-04 05:11:56.765120
SPNG,24.69,24.55,24.69,2305000.0,1884600.0,,,0,0,0,0,0,0,0,0,0,0,0,0,0,0,0,205,2026-02-04 05:11:57.796793
SMMR,24.86,24.89,24.9,2245400.0,2041500.0,,,0,0,0,0,0,0,0,0,0,0,0,0,0,0,0,205,2026-02-04 05:11:57.796793
ATMN,24.85,24.66,24.83,2125000.0,2139400.0,3600.0,,0,0,0,0,0,0,0,0,0,0,0,0,0,0,0,205,2026-02-04 05:11:57.796793
WNTR,24.8,24.8,24.86,2293900.0,1091900.0,,3300.0,0,0,0,0,0,0,0,0,0,0,0,0,0,0,0,205,2026-02-04 05:11:57.796793
SPNG,24.69,24.59,24.69,2071300.0,6600.0,1884600.0,0,0,0,0,0,0,0,0,0,0,0,0,0,0,0,0,206,2026-02-04 05:11:58.823750
SMMR,24.87,24.75,24.81,2156200.0,5775.0,2063400.0,0,0,0,0,0,0,0,0,0,0,0,0,0,0,0,0,206,2026-02-04 05:11:58.823750
ATMN,24.9,24.85,24.9,2119900.0,3600.0,2096200.0,0,0,0,0,0,0,0,0,0,0,0,0,0,0,0,0,206,2026-02-04 05:11:58.823750
WNTR,24.86,24.91,25.0,2286300.0,,992500.0,0,0,0,0,0,0,0,0,0,0,0,0,0,0,0,0,206,2026-02-04 05:11:58.823750
SPNG,24.64,24.64,25.03,2151000.0,1847800.0,,0,0,0,0,0,0,0,0,0,0,0,0,0,0,0,0,207,2026-02-04 05:11:59.852548
SMMR,24.9,24.76,24.81,2153200.0,2041900.0,6675.0,0,0,0,0,0,0,0,0,0,0,0,0,0,0,0,0,207,2026-02-04 05:11:59.852548
ATMN,24.54,24.54,24.9,2240000.0,2117800.0,,0,0,0,0,0,0,0,0,0,0,0,0,0,0,0,0,207,2026-02-04 05:11:59.852548
WNTR,24.91,24.91,24.97,2189100.0,1291200.0,3300.0,0,0,0,0,0,0,0,0,0,0,0,0,0,0,0,0,207,2026-02-04 05:11:59.852548
SPNG,24.64,24.64,25.03,2103100.0,1847800.0,,,0,0,0,0,0,0,0,0,0,0,0,0,0,0,0,208,2026-02-04 05:12:00.893851
SMMR,24.74,24.76,24.81,2160800.0,2041900.0,5775.0,,0,0,0,0,0,0,0,0,0,0,0,0,0,0,0,208,2026-02-04 05:12:00.893851
ATMN,24.46,24.46,24.89,2277600.0,2011700.0,,5231.0,0,0,0,0,0,0,0,0,0,0,0,0,0,0,0,208,2026-02-04 05:12:00.893851
WNTR,24.74,24.74,24.92,2268100.0,1495200.0,,,0,0,0,0,0,0,0,0,0,0,0,0,0,0,0,208,2026-02-04 05:12:00.893851
SPNG,24.62,24.65,25.03,2139800.0,1869800.0,0,0,0,0,0,0,0,0,0,0,0,0,0,0,0,0,0,209,2026-02-04 05:12:01.924516
SMMR,24.76,24.74,24.76,2274000.0,2078000.0,0,0,0,0,0,0,0,0,0,0,0,0,0,0,0,0,0,209,2026-02-04 05:12:01.924516
ATMN,24.46,24.46,24.9,2277600.0,2091500.0,0,0,0,0,0,0,0,0,0,0,0,0,0,0,0,0,0,209,2026-02-04 05:12:01.924516
WNTR,24.73,24.73,24.92,2281600.0,1495200.0,0,0,0,0,0,0,0,0,0,0,0,0,0,0,0,0,0,209,2026-02-04 05:12:01.924516
SPNG,24.51,24.51,25.03,2175000.0,1869800.0,,0,0,0,0,0,0,0,0,0,0,0,0,0,0,0,0,210,2026-02-04 05:12:02.957340
SMMR,24.75,24.74,24.75,2274000.0,1992400.0,900.0,0,0,0,0,0,0,0,0,0,0,0,0,0,0,0,0,210,2026-02-04 05:12:02.957340
ATMN,24.39,24.39,24.88,2281900.0,1979000.0,7275.0,0,0,0,0,0,0,0,0,0,0,0,0,0,0,0,0,210,2026-02-04 05:12:02.957340
WNTR,24.78,24.73,24.78,2281600.0,1713900.0,,0,0,0,0,0,0,0,0,0,0,0,0,0,0,0,0,210,2026-02-04 05:12:02.957340
SPNG,25.08,24.51,25.08,2150900.0,1835900.0,,,0,0,0,0,0,0,0,0,0,0,0,0,0,0,0,211,2026-02-04 05:12:03.989259
SMMR,24.75,24.74,24.75,2293100.0,1992400.0,6675.0,,0,0,0,0,0,0,0,0,0,0,0,0,0,0,0,211,2026-02-04 05:12:03.989259
ATMN,24.29,24.29,24.87,2307000.0,1979000.0,4523.0,,0,0,0,0,0,0,0,0,0,0,0,0,0,0,0,211,2026-02-04 05:12:03.989259
WNTR,24.78,24.85,24.91,2160200.0,1693800.0,4523.0,4523.0,0,0,0,0,0,0,0,0,0,0,0,0,0,0,0,211,2026-02-04 05:12:03.989259
SPNG,24.51,24.51,25.03,2122300.0,5231.0,1757800.0,,0,0,0,0,0,0,0,0,0,0,0,0,0,0,0,212,2026-02-04 05:12:04.517559
SMMR,24.71,24.71,24.76,2262800.0,,2102500.0,,0,0,0,0,0,0,0,0,0,0,0,0,0,0,0,212,2026-02-04 05:12:04.517559
ATMN,24.51,24.29,24.51,2307000.0,4523.0,1986300.0,,0,0,0,0,0,0,0,0,0,0,0,0,0,0,0,212,2026-02-04 05:12:04.517559
WNTR,24.78,24.85,24.89,2151900.0,4523.0,1947000.0,4523.0,0,0,0,0,0,0,0,0,0,0,0,0,0,0,0,212,2026-02-04 05:12:04.517559
SPNG,25.06,25.06,25.08,2152800.0,1865700.0,0,0,0,0,0,0,0,0,0,0,0,0,0,0,0,0,0,213,2026-02-04 05:12:05.547120
SMMR,24.88,24.71,24.86,2269200.0,2068900.0,0,0,0,0,0,0,0,0,0,0,0,0,0,0,0,0,0,213,2026-02-04 05:12:05.547120
ATMN,24.56,24.56,24.9,2334400.0,2090300.0,0,0,0,0,0,0,0,0,0,0,0,0,0,0,0,0,0,213,2026-02-04 05:12:05.547120
WNTR,24.92,24.85,24.91,2278300.0,1908600.0,0,0,0,0,0,0,0,0,0,0,0,0,0,0,0,0,0,213,2026-02-04 05:12:05.547120
SPNG,24.49,24.68,25.08,2112000.0,1865700.0,,0,0,0,0,0,0,0,0,0,0,0,0,0,0,0,0,214,2026-02-04 05:12:06.586210
SMMR,24.75,24.87,24.93,2142100.0,2063800.0,4550.0,0,0,0,0,0,0,0,0,0,0,0,0,0,0,0,0,214,2026-02-04 05:12:06.586210
ATMN,24.3,24.3,24.85,2323600.0,2074800.0,,0,0,0,0,0,0,0,0,0,0,0,0,0,0,0,0,214,2026-02-04 05:12:06.586210
WNTR,24.92,24.9,24.92,2165000.0,1720600.0,4550.0,0,0,0,0,0,0,0,0,0,0,0,0,0,0,0,0,214,2026-02-04 05:12:06.586210
SPNG,24.94,24.68,24.85,2112000.0,1887600.0,,0,0,0,0,0,0,0,0,0,0,0,0,0,0,0,0,215,2026-02-04 05:12:07.627167
SMMR,24.75,24.87,24.93,2142100.0,2086700.0,4550.0,0,0,0,0,0,0,0,0,0,0,0,0,0,0,0,0,215,2026-02-04 05:12:07.627167
ATMN,24.23,24.31,24.62,2184700.0,2107900.0,5225.0,0,0,0,0,0,0,0,0,0,0,0,0,0,0,0,0,215,2026-02-04 05:12:07.627167
WNTR,24.89,24.89,24.92,2291400.0,1817200.0,,0,0,0,0,0,0,0,0,0,0,0,0,0,0,0,0,215,2026-02-04 05:12:07.627167
SPNG,24.85,24.47,24.85,2148900.0,1803400.0,5225.0,,0,0,0,0,0,0,0,0,0,0,0,0,0,0,0,216,2026-02-04 05:12:08.661748
SMMR,24.84,24.84,24.91,2271600.0,2078000.0,,,0,0,0,0,0,0,0,0,0,0,0,0,0,0,0,216,2026-02-04 05:12:08.661748
ATMN,24.23,24.41,24.52,2159600.0,1978500.0,5225.0,5225.0,0,0,0,0,0,0,0,0,0,0,0,0,0,0,0,216,2026-02-04 05:12:08.661748
WNTR,24.92,24.89,24.92,2324400.0,1817200.0,,,0,0,0,0,0,0,0,0,0,0,0,0,0,0,0,216,2026-02-04 05:12:08.661748
SPNG,24.87,24.87,25.04,2133600.0,1943600.0,0,0,0,0,0,0,0,0,0,0,0,0,0,0,0,0,0,217,2026-02-04 05:12:09.698731
SMMR,24.84,24.84,24.91,2271600.0,2122300.0,0,0,0,0,0,0,0,0,0,0,0,0,0,0,0,0,0,217,2026-02-04 05:12:09.698731
ATMN,24.41,24.23,24.35,2338200.0,2102100.0,0,0,0,0,0,0,0,0,0,0,0,0,0,0,0,0,0,217,2026-02-04 05:12:09.698731
WNTR,24.89,24.89,24.92,2328900.0,2034600.0,0,0,0,0,0,0,0,0,0,0,0,0,0,0,0,0,0,217,2026-02-04 05:12:09.698731
SPNG,25.04,24.88,25.04,7500.0,2024900.0,1840000.0,7500.0,0,0,0,0,0,0,0,0,0,0,0,0,0,0,0,218,2026-02-04 05:12:10.738332
SMMR,24.84,24.78,24.81,,2277900.0,2051600.0,7500.0,0,0,0,0,0,0,0,0,0,0,0,0,0,0,0,218,2026-02-04 05:12:10.738332
ATMN,24.47,24.42,24.43,7500.0,2137500.0,1968800.0,7500.0,0,0,0,0,0,0,0,0,0,0,0,0,0,0,0,218,2026-02-04 05:12:10.738332
WNTR,24.89,24.89,24.92,,2330500.0,2034600.0,,0,0,0,0,0,0,0,0,0,0,0,0,0,0,0,218,2026-02-04 05:12:10.738332
SPNG,25.04,24.62,25.02,2110400.0,1929100.0,,0,0,0,0,0,0,0,0,0,0,0,0,0,0,0,0,219,2026-02-04 05:12:11.767095
SMMR,24.91,24.78,24.81,2277900.0,2056600.0,7500.0,0,0,0,0,0,0,0,0,0,0,0,0,0,0,0,0,219,2026-02-04 05:12:11.767095
ATMN,24.43,24.58,24.62,2257700.0,2101300.0,,0,0,0,0,0,0,0,0,0,0,0,0,0,0,0,0,219,2026-02-04 05:12:11.767095
WNTR,24.89,24.89,24.92,2255600.0,2164700.0,,0,0,0,0,0,0,0,0,0,0,0,0,0,0,0,0,219,2026-02-04 05:12:11.767095
SPNG,25.1,25.0,25.1,2124500.0,1927100.0,,0,0,0,0,0,0,0,0,0,0,0,0,0,0,0,0,220,2026-02-04 05:12:12.797472
SMMR,24.78,24.78,24.97,2261200.0,2159300.0,,0,0,0,0,0,0,0,0,0,0,0,0,0,0,0,0,220,2026-02-04 05:12:12.797472
ATMN,24.63,24.59,24.63,2136600.0,2062000.0,7500.0,0,0,0,0,0,0,0,0,0,0,0,0,0,0,0,0,220,2026-02-04 05:12:12.797472
WNTR,24.97,24.89,24.97,2255600.0,1743700.0,,0,0,0,0,0,0,0,0,0,0,0,0,0,0,0,0,220,2026-02-04 05:12:12.797472
SPNG,24.47,24.47,24.88,2141800.0,1938100.0,0,0,0,0,0,0,0,0,0,0,0,0,0,0,0,0,0,221,2026-02-04 05:12:13.829397
SMMR,24.75,24.74,24.75,2263500.0,2147200.0,0,0,0,0,0,0,0,0,0,0,0,0,0,0,0,0,0,221,2026-02-04 05:12:13.829397
ATMN,24.85,24.66,24.85,2248200.0,2088500.0,0,0,0,0,0,0,0,0,0,0,0,0,0,0,0,0,0,221,2026-02-04 05:12:13.829397
WNTR,24.92,24.92,24.97,2272700.0,1743700.0,0,0,0,0,0,0,0,0,0,0,0,0,0,0,0,0,0,221,2026-02-04 05:12:13.829397
SPNG,24.47,24.47,25.1,2134700.0,1840700.0,7500.0,,0,0,0,0,0,0,0,0,0,0,0,0,0,0,0,222,2026-02-04 05:12:14.865942
SMMR,24.75,24.96,24.97,2168300.0,2147100.0,,7500.0,0,0,0,0,0,0,0,0,0,0,0,0,0,0,0,222,2026-02-04 05:12:14.865942
ATMN,24.66,24.45,24.63,2249400.0,2058900.0,,,0,0,0,0,0,0,0,0,0,0,0,0,0,0,0,222,2026-02-04 05:12:14.865942
WNTR,25.0,24.88,25.0,2137800.0,1622300.0,,4275.0,0,0,0,0,0,0,0,0,0,0,0,0,0,0,0,222,2026-02-04 05:12:14.865942
SPNG,24.47,24.92,24.98,2168000.0,1893500.0,7500.0,,0,0,0,0,0,0,0,0,0,0,0,0,0,0,0,223,2026-02-04 05:12:15.901975
SMMR,24.86,24.69,24.86,2285000.0,2161800.0,,,0,0,0,0,0,0,0,0,0,0,0,0,0,0,0,223,2026-02-04 05:12:15.901975
ATMN,24.7,24.45,24.62,2089000.0,2087500.0,,5600.0,0,0,0,0,0,0,0,0,0,0,0,0,0,0,0,223,2026-02-04 05:12:15.901975
WNTR,24.96,24.98,25.0,2206800.0,1743900.0,,,0,0,0,0,0,0,0,0,0,0,0,0,0,0,0,223,2026-02-04 05:12:15.901975
SPNG,25.1,24.47,25.1,2134700.0,1957800.0,,0,0,0,0,0,0,0,0,0,0,0,0,0,0,0,0,224,2026-02-04 05:12:16.938274
SMMR,24.77,24.7,24.77,2184100.0,2159000.0,6231.0,0,0,0,0,0,0,0,0,0,0,0,0,0,0,0,0,224,2026-02-04 05:12:16.938274
ATMN,24.23,24.23,24.63,2245500.0,2096300.0,,0,0,0,0,0,0,0,0,0,0,0,0,0,0,0,0,224,2026-02-04 05:12:16.938274
WNTR,24.91,24.91,25.0,2232100.0,1873600.0,,0,0,0,0,0,0,0,0,0,0,0,0,0,0,0,0,224,2026-02-04 05:12:16.938274
SPNG,25.1,25.01,25.1,2153600.0,1957800.0,,0,0,0,0,0,0,0,0,0,0,0,0,0,0,0,0,225,2026-02-04 05:12:17.970198
SMMR,24.99,24.7,24.81,2193900.0,2171300.0,6231.0,0,0,0,0,0,0,0,0,0,0,0,0,0,0,0,0,225,2026-02-04 05:12:17.970198
ATMN,24.73,24.45,24.73,2130100.0,2090500.0,2900.0,0,0,0,0,0,0,0,0,0,0,0,0,0,0,0,0,225,2026-02-04 05:12:17.970198
WNTR,25.01,24.94,25.01,2228500.0,1647600.0,,0,0,0,0,0,0,0,0,0,0,0,0,0,0,0,0,225,2026-02-04 05:12:17.970198
SPNG,25.01,24.55,24.9,6100.0,2042800.0,1860000.0,6100.0,0,0,0,0,0,0,0,0,0,0,0,0,0,0,0,226,2026-02-04 05:12:18.998136
SMMR,24.78,24.71,24.78,6100.0,2213900.0,2143700.0,,0,0,0,0,0,0,0,0,0,0,0,0,0,0,0,226,2026-02-04 05:12:18.998136
ATMN,24.73,24.45,24.71,2900.0,2130100.0,2107700.0,,0,0,0,0,0,0,0,0,0,0,0,0,0,0,0,226,2026-02-04 05:12:18.998136
WNTR,25.01,24.94,25.0,,2238800.0,1775200.0,6100.0,0,0,0,0,0,0,0,0,0,0,0,0,0,0,0,226,2026-02-04 05:12:18.998136
SPNG,24.68,24.83,25.05,2145100.0,1947500.0,0,0,0,0,0,0,0,0,0,0,0,0,0,0,0,0,0,227,2026-02-04 05:12:20.024664
SMMR,24.99,24.73,24.99,2315300.0,2157000.0,0,0,0,0,0,0,0,0,0,0,0,0,0,0,0,0,0,227,2026-02-04 05:12:20.024664
ATMN,24.23,24.23,24.73,2245500.0,2116300.0,0,0,0,0,0,0,0,0,0,0,0,0,0,0,0,0,0,227,2026-02-04 05:12:20.024664
WNTR,25.02,24.94,25.02,2249300.0,1679900.0,0,0,0,0,0,0,0,0,0,0,0,0,0,0,0,0,0,227,2026-02-04 05:12:20.024664
SPNG,24.98,25.04,25.05,1999900.0,4417.0,1948700.0,0,0,0,0,0,0,0,0,0,0,0,0,0,0,0,0,228,2026-02-04 05:12:21.057155
SMMR,24.89,24.92,24.99,2344400.0,,2165100.0,0,0,0,0,0,0,0,0,0,0,0,0,0,0,0,0,228,2026-02-04 05:12:21.057155
ATMN,24.22,24.22,24.73,2260100.0,,2116300.0,0,0,0,0,0,0,0,0,0,0,0,0,0,0,0,0,228,2026-02-04 05:12:21.057155
WNTR,25.02,24.98,25.02,2254400.0,,1688200.0,0,0,0,0,0,0,0,0,0,0,0,0,0,0,0,0,228,2026-02-04 05:12:21.057155
