ticker,last_price,bid_price,ask_price,BUY_ANON,SELL_ANON,SELL_WRSW-2,BUY_GIOT-3,BUY_ZUAI-2,SELL_UEBR-1,SELL_GIOT-4,BUY_WRSW-1,BUY_WRSW-2,BUY_GIOT-4,BUY_UEBR-1,SELL_IESE-1,BUY_LUIS-4,SELL_GIOT-3,SELL_WRSW-3,SELL_WRSW-1,BUY_WRSW-3,BUY_IESE-1,SELL_LUIS-4,tick,timestamp,news_news_id,news_period,news_tick,news_ticker,news_headline,news_body
SPNG,25.02,24.84,25.02,1896200.0,2273000.0,,0,0,0,0,0,0,0,0,0,0,0,0,0,0,0,0,2,2026-02-04 04:56:19.364549,2.0,1.0,1.0,,Aggregate Position Limit,Your CRO has set the aggregate position limit to 12000 shares for this week.
SMMR,25.04,24.95,25.04,2098700.0,2038400.0,,0,0,0,0,0,0,0,0,0,0,0,0,0,0,0,0,2,2026-02-04 04:56:19.364549,1.0,1.0,1.0,,Welcome to the RITC 2026 Alogithmic Market Making Case - practice server,
ATMN,24.87,24.96,25.12,2028100.0,1863600.0,7500.0,0,0,0,0,0,0,0,0,0,0,0,0,0,0,0,0,2,2026-02-04 04:56:19.364549,,,,,,
WNTR,24.99,24.91,24.99,2376700.0,2198600.0,7500.0,0,0,0,0,0,0,0,0,0,0,0,0,0,0,0,0,2,2026-02-04 04:56:19.364549,,,,,,
SPNG,25.1,24.84,25.1,1997100.0,2264400.0,,,0,0,0,0,0,0,0,0,0,0,0,0,0,0,0,3,2026-02-04 04:56:20.404134
SMMR,25.13,24.96,25.13,2000700.0,1821500.0,7500.0,,0,0,0,0,0,0,0,0,0,0,0,0,0,0,0,3,2026-02-04 04:56:20.404134
ATMN,25.06,25.06,25.11,1937500.0,1863600.0,7500.0,7500.0,0,0,0,0,0,0,0,0,0,0,0,0,0,0,0,3,2026-02-04 04:56:20.404134
WNTR,24.87,24.87,24.96,2400700.0,2313400.0,,,0,0,0,0,0,0,0,0,0,0,0,0,0,0,0,3,2026-02-04 04:56:20.404134
SPNG,25.1,24.85,25.01,7500.0,2126700.0,2233600.0,,0,0,0,0,0,0,0,0,0,0,0,0,0,0,0,4,2026-02-04 04:56:21.451636
SMMR,24.93,25.09,25.13,,2101500.0,1922600.0,,0,0,0,0,0,0,0,0,0,0,0,0,0,0,0,4,2026-02-04 04:56:21.451636
ATMN,25.1,25.06,25.1,,2052100.0,1968800.0,,0,0,0,0,0,0,0,0,0,0,0,0,0,0,0,4,2026-02-04 04:56:21.451636
WNTR,24.86,24.86,24.96,,2437900.0,2202200.0,7500.0,0,0,0,0,0,0,0,0,0,0,0,0,0,0,0,4,2026-02-04 04:56:21.451636
SPNG,25.01,24.86,24.87,2252400.0,2226400.0,,,0,0,0,0,0,0,0,0,0,0,0,0,0,0,0,5,2026-02-04 04:56:22.490207
SMMR,25.04,25.0,25.04,2118700.0,1939300.0,7500.0,,0,0,0,0,0,0,0,0,0,0,0,0,0,0,0,5,2026-02-04 04:56:22.490207
ATMN,25.13,25.07,25.13,1935700.0,1870700.0,,7500.0,0,0,0,0,0,0,0,0,0,0,0,0,0,0,0,5,2026-02-04 04:56:22.490207
WNTR,24.86,24.86,24.96,2424700.0,2298900.0,,,0,0,0,0,0,0,0,0,0,0,0,0,0,0,0,5,2026-02-04 04:56:22.490207
SPNG,25.01,24.86,25.01,2119300.0,7500.0,2237100.0,,0,0,0,0,0,0,0,0,0,0,0,0,0,0,0,6,2026-02-04 04:56:23.527409
SMMR,25.04,25.0,25.04,2115900.0,,1939300.0,7500.0,0,0,0,0,0,0,0,0,0,0,0,0,0,0,0,6,2026-02-04 04:56:23.527409
ATMN,24.69,24.59,24.6,2027400.0,,1795700.0,,0,0,0,0,0,0,0,0,0,0,0,0,0,0,0,6,2026-02-04 04:56:23.527409
WNTR,24.96,24.73,24.96,2465900.0,,2194200.0,7500.0,0,0,0,0,0,0,0,0,0,0,0,0,0,0,0,6,2026-02-04 04:56:23.527409
SPNG,25.01,24.86,25.01,2200000.0,7500.0,2237100.0,,0,0,0,0,0,0,0,0,0,0,0,0,0,0,0,7,2026-02-04 04:56:24.574765
SMMR,25.04,25.02,25.04,2106900.0,,1937700.0,7500.0,0,0,0,0,0,0,0,0,0,0,0,0,0,0,0,7,2026-02-04 04:56:24.574765
ATMN,24.6,24.96,25.27,2045900.0,,1899900.0,,0,0,0,0,0,0,0,0,0,0,0,0,0,0,0,7,2026-02-04 04:56:24.574765
WNTR,24.83,24.79,24.83,2479600.0,,2212000.0,7500.0,0,0,0,0,0,0,0,0,0,0,0,0,0,0,0,7,2026-02-04 04:56:24.574765
SPNG,24.86,24.84,24.92,2308400.0,2091000.0,7500.0,,0,0,0,0,0,0,0,0,0,0,0,0,0,0,0,8,2026-02-04 04:56:25.611572
SMMR,25.04,25.02,25.04,2118600.0,2032000.0,,,0,0,0,0,0,0,0,0,0,0,0,0,0,0,0,8,2026-02-04 04:56:25.611572
ATMN,24.9,25.03,25.26,2050100.0,1896600.0,7500.0,5625.0,0,0,0,0,0,0,0,0,0,0,0,0,0,0,0,8,2026-02-04 04:56:25.611572
WNTR,24.96,24.79,24.93,2479600.0,2321600.0,,,0,0,0,0,0,0,0,0,0,0,0,0,0,0,0,8,2026-02-04 04:56:25.611572
SPNG,24.92,24.98,25.01,2059700.0,7500.0,1300.0,2197400.0,,0,0,0,0,0,0,0,0,0,0,0,0,0,0,9,2026-02-04 04:56:26.648948
SMMR,25.09,25.02,25.09,2097300.0,,,2020300.0,,0,0,0,0,0,0,0,0,0,0,0,0,0,0,9,2026-02-04 04:56:26.648948
ATMN,24.69,24.75,25.25,1940200.0,5000.0,,2021900.0,4075.0,0,0,0,0,0,0,0,0,0,0,0,0,0,0,9,2026-02-04 04:56:26.648948
WNTR,24.92,24.92,24.93,2489200.0,,,2204300.0,7500.0,0,0,0,0,0,0,0,0,0,0,0,0,0,0,9,2026-02-04 04:56:26.648948
SPNG,24.92,24.99,25.01,7500.0,2032100.0,1300.0,2186700.0,,,0,0,0,0,0,0,0,0,0,0,0,0,0,10,2026-02-04 04:56:27.684751
SMMR,25.0,25.0,25.09,,2127200.0,,2021300.0,,,0,0,0,0,0,0,0,0,0,0,0,0,0,10,2026-02-04 04:56:27.684751
ATMN,24.75,24.85,24.91,7500.0,1942500.0,,2118900.0,,,0,0,0,0,0,0,0,0,0,0,0,0,0,10,2026-02-04 04:56:27.684751
WNTR,24.93,24.8,24.92,7500.0,2376000.0,,2071400.0,5000.0,7500.0,0,0,0,0,0,0,0,0,0,0,0,0,0,10,2026-02-04 04:56:27.684751
SPNG,24.98,24.98,25.01,2136900.0,1300.0,2209400.0,,,0,0,0,0,0,0,0,0,0,0,0,0,0,0,11,2026-02-04 04:56:28.713249
SMMR,24.98,24.98,25.07,2137700.0,,1808100.0,3525.0,5000.0,0,0,0,0,0,0,0,0,0,0,0,0,0,0,11,2026-02-04 04:56:28.713249
ATMN,24.91,24.92,25.27,2027500.0,,2021900.0,,,0,0,0,0,0,0,0,0,0,0,0,0,0,0,11,2026-02-04 04:56:28.713249
WNTR,24.93,24.89,24.93,2465700.0,,2204300.0,7500.0,,0,0,0,0,0,0,0,0,0,0,0,0,0,0,11,2026-02-04 04:56:28.713249
SPNG,24.8,24.8,25.04,2291400.0,7500.0,2115700.0,,0,0,0,0,0,0,0,0,0,0,0,0,0,0,0,12,2026-02-04 04:56:29.741162
SMMR,24.93,24.93,25.05,2146900.0,7500.0,1808100.0,3525.0,0,0,0,0,0,0,0,0,0,0,0,0,0,0,0,12,2026-02-04 04:56:29.741162
ATMN,25.08,25.01,25.08,2023800.0,,2081700.0,,0,0,0,0,0,0,0,0,0,0,0,0,0,0,0,12,2026-02-04 04:56:29.741162
WNTR,24.91,24.91,24.93,2438700.0,,2204300.0,7500.0,0,0,0,0,0,0,0,0,0,0,0,0,0,0,0,12,2026-02-04 04:56:29.741162
SPNG,25.05,24.8,25.05,2291400.0,2214300.0,,,,0,0,0,0,0,0,0,0,0,0,0,0,0,0,13,2026-02-04 04:56:30.276416
SMMR,24.9,24.9,24.92,2139500.0,1914700.0,7500.0,,,0,0,0,0,0,0,0,0,0,0,0,0,0,0,13,2026-02-04 04:56:30.276416
ATMN,25.08,25.02,25.08,1968400.0,2081700.0,,2432.0,,0,0,0,0,0,0,0,0,0,0,0,0,0,0,13,2026-02-04 04:56:30.276416
WNTR,24.91,24.85,24.9,2448900.0,2210400.0,,,7500.0,0,0,0,0,0,0,0,0,0,0,0,0,0,0,13,2026-02-04 04:56:30.276416
SPNG,25.09,24.8,25.04,2257400.0,5926.0,2089700.0,,,0,0,0,0,0,0,0,0,0,0,0,0,0,0,14,2026-02-04 04:56:31.319693
SMMR,24.92,24.92,25.16,2170400.0,,2030300.0,,,0,0,0,0,0,0,0,0,0,0,0,0,0,0,14,2026-02-04 04:56:31.319693
ATMN,25.26,25.26,25.27,1943200.0,,2100800.0,7500.0,,0,0,0,0,0,0,0,0,0,0,0,0,0,0,14,2026-02-04 04:56:31.319693
WNTR,24.99,24.95,24.98,2297800.0,,2187100.0,7500.0,5000.0,0,0,0,0,0,0,0,0,0,0,0,0,0,0,14,2026-02-04 04:56:31.319693
SPNG,24.77,24.82,25.04,7500.0,2155800.0,5926.0,2118500.0,,,0,0,0,0,0,0,0,0,0,0,0,0,0,15,2026-02-04 04:56:32.352841
SMMR,25.14,24.93,25.02,7500.0,2071400.0,,2010200.0,,,0,0,0,0,0,0,0,0,0,0,0,0,0,15,2026-02-04 04:56:32.352841
ATMN,24.92,25.02,25.11,7500.0,1732600.0,,1960600.0,14768.0,5000.0,0,0,0,0,0,0,0,0,0,0,0,0,0,15,2026-02-04 04:56:32.352841
WNTR,24.95,24.85,24.92,,2453000.0,,2314300.0,,,0,0,0,0,0,0,0,0,0,0,0,0,0,15,2026-02-04 04:56:32.352841
SPNG,25.09,24.78,25.09,7500.0,2155800.0,2232200.0,,0,0,0,0,0,0,0,0,0,0,0,0,0,0,0,16,2026-02-04 04:56:33.379761
SMMR,25.02,24.94,25.02,,2071400.0,2010200.0,3414.0,0,0,0,0,0,0,0,0,0,0,0,0,0,0,0,16,2026-02-04 04:56:33.379761
ATMN,25.02,24.93,25.02,7500.0,1913800.0,2077800.0,,0,0,0,0,0,0,0,0,0,0,0,0,0,0,0,16,2026-02-04 04:56:33.379761
WNTR,24.92,24.96,25.07,5000.0,2283100.0,2315400.0,,0,0,0,0,0,0,0,0,0,0,0,0,0,0,0,16,2026-02-04 04:56:33.379761
SPNG,24.75,24.89,25.09,2281700.0,2232200.0,,0,0,0,0,0,0,0,0,0,0,0,0,0,0,0,0,17,2026-02-04 04:56:34.408045
SMMR,24.95,24.97,25.02,2057800.0,2030200.0,3414.0,0,0,0,0,0,0,0,0,0,0,0,0,0,0,0,0,17,2026-02-04 04:56:34.408045
ATMN,25.27,24.94,25.27,1913800.0,2111800.0,6646.0,0,0,0,0,0,0,0,0,0,0,0,0,0,0,0,0,17,2026-02-04 04:56:34.408045
WNTR,25.07,24.96,25.07,2420000.0,2315400.0,,0,0,0,0,0,0,0,0,0,0,0,0,0,0,0,0,17,2026-02-04 04:56:34.408045
SPNG,24.75,24.9,25.08,4985.0,7500.0,2020300.0,7500.0,2108100.0,0,0,0,0,0,0,0,0,0,0,0,0,0,0,18,2026-02-04 04:56:35.437220
SMMR,24.96,24.95,24.96,,,2173600.0,,2011100.0,0,0,0,0,0,0,0,0,0,0,0,0,0,0,18,2026-02-04 04:56:35.437220
ATMN,25.29,24.95,25.02,6646.0,7500.0,1795000.0,,2081900.0,0,0,0,0,0,0,0,0,0,0,0,0,0,0,18,2026-02-04 04:56:35.437220
WNTR,25.07,25.05,25.07,,5000.0,2285500.0,,2305300.0,0,0,0,0,0,0,0,0,0,0,0,0,0,0,18,2026-02-04 04:56:35.437220
SPNG,25.11,24.89,25.07,2250700.0,2183200.0,,,0,0,0,0,0,0,0,0,0,0,0,0,0,0,0,19,2026-02-04 04:56:36.464312
SMMR,24.96,24.95,24.96,2127200.0,2023700.0,,,0,0,0,0,0,0,0,0,0,0,0,0,0,0,0,19,2026-02-04 04:56:36.464312
ATMN,25.02,24.95,25.02,1795000.0,2101600.0,6646.0,7500.0,0,0,0,0,0,0,0,0,0,0,0,0,0,0,0,19,2026-02-04 04:56:36.464312
WNTR,25.07,25.05,25.07,2255800.0,2301800.0,6646.0,,0,0,0,0,0,0,0,0,0,0,0,0,0,0,0,19,2026-02-04 04:56:36.464312
SPNG,24.83,24.84,25.07,7500.0,2146300.0,2209800.0,,0,0,0,0,0,0,0,0,0,0,0,0,0,0,0,20,2026-02-04 04:56:37.489178
SMMR,24.93,24.93,25.04,,2124300.0,1894300.0,7500.0,0,0,0,0,0,0,0,0,0,0,0,0,0,0,0,20,2026-02-04 04:56:37.489178
ATMN,25.02,24.89,25.02,,2037300.0,2068100.0,,0,0,0,0,0,0,0,0,0,0,0,0,0,0,0,20,2026-02-04 04:56:37.489178
WNTR,25.05,25.05,25.07,5000.0,2237100.0,2301800.0,,0,0,0,0,0,0,0,0,0,0,0,0,0,0,0,20,2026-02-04 04:56:37.489178
SPNG,24.75,24.76,25.06,5000.0,2149100.0,7500.0,2087000.0,,,0,0,0,0,0,0,0,0,0,0,0,0,0,21,2026-02-04 04:56:38.522543
SMMR,24.92,24.92,25.02,,2124400.0,7500.0,1819300.0,2930.0,,0,0,0,0,0,0,0,0,0,0,0,0,0,21,2026-02-04 04:56:38.522543
ATMN,25.24,25.12,25.24,,1968000.0,,2042900.0,,6646.0,0,0,0,0,0,0,0,0,0,0,0,0,0,21,2026-02-04 04:56:38.522543
WNTR,24.96,25.05,25.06,,2231900.0,7500.0,2172600.0,,6646.0,0,0,0,0,0,0,0,0,0,0,0,0,0,21,2026-02-04 04:56:38.522543
SPNG,25.07,24.75,25.05,2152100.0,4985.0,7500.0,2087000.0,,0,0,0,0,0,0,0,0,0,0,0,0,0,0,22,2026-02-04 04:56:39.549514
SMMR,24.92,24.9,24.92,2135300.0,,,1954300.0,2930.0,0,0,0,0,0,0,0,0,0,0,0,0,0,0,22,2026-02-04 04:56:39.549514
ATMN,25.12,24.94,25.09,2058700.0,,,2054200.0,,0,0,0,0,0,0,0,0,0,0,0,0,0,0,22,2026-02-04 04:56:39.549514
WNTR,24.96,24.96,25.07,2231900.0,6646.0,,2292200.0,,0,0,0,0,0,0,0,0,0,0,0,0,0,0,22,2026-02-04 04:56:39.549514
SPNG,25.1,24.76,25.1,15000.0,1955700.0,4985.0,2174900.0,,,0,0,0,0,0,0,0,0,0,0,0,0,0,23,2026-02-04 04:56:40.584570
SMMR,24.98,24.91,24.93,,2148800.0,,1951700.0,7500.0,,0,0,0,0,0,0,0,0,0,0,0,0,0,23,2026-02-04 04:56:40.584570
ATMN,25.36,24.95,25.35,7500.0,1973300.0,,1954400.0,7500.0,,0,0,0,0,0,0,0,0,0,0,0,0,0,23,2026-02-04 04:56:40.584570
WNTR,24.9,25.0,25.05,,2339700.0,,2178600.0,,7281.0,0,0,0,0,0,0,0,0,0,0,0,0,0,23,2026-02-04 04:56:40.584570
SPNG,25.1,24.76,25.1,4985.0,2152100.0,2149700.0,0,0,0,0,0,0,0,0,0,0,0,0,0,0,0,0,24,2026-02-04 04:56:41.622131
SMMR,24.91,24.91,25.01,,2161700.0,2028900.0,0,0,0,0,0,0,0,0,0,0,0,0,0,0,0,0,24,2026-02-04 04:56:41.622131
ATMN,25.2,24.94,25.2,,2058700.0,2079400.0,0,0,0,0,0,0,0,0,0,0,0,0,0,0,0,0,24,2026-02-04 04:56:41.622131
WNTR,25.07,25.04,25.07,6253.0,2228200.0,2323100.0,0,0,0,0,0,0,0,0,0,0,0,0,0,0,0,0,24,2026-02-04 04:56:41.622131
SPNG,24.79,24.79,25.1,2177600.0,4985.0,2180300.0,,,0,0,0,0,0,0,0,0,0,0,0,0,0,0,25,2026-02-04 04:56:42.663745
SMMR,24.99,25.0,25.01,2134700.0,,2038600.0,,,0,0,0,0,0,0,0,0,0,0,0,0,0,0,25,2026-02-04 04:56:42.663745
ATMN,25.2,25.1,25.12,1961100.0,6253.0,1811200.0,7500.0,6253.0,0,0,0,0,0,0,0,0,0,0,0,0,0,0,25,2026-02-04 04:56:42.663745
WNTR,25.04,25.04,25.11,2228200.0,6253.0,2311000.0,,,0,0,0,0,0,0,0,0,0,0,0,0,0,0,25,2026-02-04 04:56:42.663745
SPNG,24.73,24.73,25.1,2283400.0,2180300.0,,0,0,0,0,0,0,0,0,0,0,0,0,0,0,0,0,26,2026-02-04 04:56:43.704815
SMMR,25.0,25.0,25.04,2018500.0,2034500.0,2870.0,0,0,0,0,0,0,0,0,0,0,0,0,0,0,0,0,26,2026-02-04 04:56:43.704815
ATMN,25.1,24.94,24.96,2055500.0,2064000.0,,0,0,0,0,0,0,0,0,0,0,0,0,0,0,0,0,26,2026-02-04 04:56:43.704815
WNTR,25.0,25.0,25.11,2388100.0,2311000.0,,0,0,0,0,0,0,0,0,0,0,0,0,0,0,0,0,26,2026-02-04 04:56:43.704815
SPNG,24.71,24.71,25.1,2271600.0,2180300.0,,,,0,0,0,0,0,0,0,0,0,0,0,0,0,0,27,2026-02-04 04:56:44.739197
SMMR,25.05,25.01,25.04,1929300.0,1905700.0,7500.0,2870.0,7500.0,0,0,0,0,0,0,0,0,0,0,0,0,0,0,27,2026-02-04 04:56:44.739197
ATMN,25.13,24.95,25.13,2069200.0,2059300.0,,,,0,0,0,0,0,0,0,0,0,0,0,0,0,0,27,2026-02-04 04:56:44.739197
WNTR,24.94,24.94,25.01,2369200.0,2214100.0,,,7500.0,0,0,0,0,0,0,0,0,0,0,0,0,0,0,27,2026-02-04 04:56:44.739197
SPNG,25.12,24.71,25.08,2271600.0,2201100.0,,0,0,0,0,0,0,0,0,0,0,0,0,0,0,0,0,28,2026-02-04 04:56:45.771475
SMMR,25.06,25.02,25.06,2140600.0,1967900.0,,0,0,0,0,0,0,0,0,0,0,0,0,0,0,0,0,28,2026-02-04 04:56:45.771475
ATMN,25.37,25.32,25.37,2092400.0,2063300.0,,0,0,0,0,0,0,0,0,0,0,0,0,0,0,0,0,28,2026-02-04 04:56:45.771475
WNTR,25.01,24.94,24.97,2352500.0,2216300.0,2800.0,0,0,0,0,0,0,0,0,0,0,0,0,0,0,0,0,28,2026-02-04 04:56:45.771475
SPNG,25.12,25.07,25.08,2248600.0,2201100.0,,,,,0,0,0,0,0,0,0,0,0,0,0,0,0,29,2026-02-04 04:56:46.798826
SMMR,24.97,24.91,24.97,2172700.0,2001200.0,,,,,0,0,0,0,0,0,0,0,0,0,0,0,0,29,2026-02-04 04:56:46.798826
ATMN,25.32,25.33,25.37,1860900.0,2065200.0,7500.0,6782.0,,,0,0,0,0,0,0,0,0,0,0,0,0,0,29,2026-02-04 04:56:46.798826
WNTR,25.01,24.95,24.96,2150800.0,2102700.0,,6782.0,2800.0,6782.0,0,0,0,0,0,0,0,0,0,0,0,0,0,29,2026-02-04 04:56:46.798826
SPNG,24.71,24.78,24.95,2132100.0,5000.0,2138200.0,7500.0,,0,0,0,0,0,0,0,0,0,0,0,0,0,0,30,2026-02-04 04:56:47.849981
SMMR,24.92,24.91,24.92,2172700.0,,1909200.0,,5804.0,0,0,0,0,0,0,0,0,0,0,0,0,0,0,30,2026-02-04 04:56:47.849981
ATMN,25.21,24.95,25.05,2085200.0,,2052100.0,,,0,0,0,0,0,0,0,0,0,0,0,0,0,0,30,2026-02-04 04:56:47.849981
WNTR,25.14,25.11,25.14,2247500.0,,2327600.0,,,0,0,0,0,0,0,0,0,0,0,0,0,0,0,30,2026-02-04 04:56:47.849981
SPNG,24.71,24.79,24.95,7255.0,2160600.0,2226600.0,,,0,0,0,0,0,0,0,0,0,0,0,0,0,0,31,2026-02-04 04:56:48.414679
SMMR,24.93,24.91,24.93,,2172700.0,1912500.0,7500.0,,0,0,0,0,0,0,0,0,0,0,0,0,0,0,31,2026-02-04 04:56:48.414679
ATMN,24.95,24.95,25.04,,2085200.0,1943900.0,,7255.0,0,0,0,0,0,0,0,0,0,0,0,0,0,0,31,2026-02-04 04:56:48.414679
WNTR,25.14,25.11,25.14,,2207200.0,2300600.0,,,0,0,0,0,0,0,0,0,0,0,0,0,0,0,31,2026-02-04 04:56:48.414679
SPNG,24.95,24.8,24.94,7500.0,2160600.0,7500.0,2125900.0,,,0,0,0,0,0,0,0,0,0,0,0,0,0,32,2026-02-04 04:56:49.442019
SMMR,24.97,24.91,24.92,,2170600.0,,1921900.0,5804.0,,0,0,0,0,0,0,0,0,0,0,0,0,0,32,2026-02-04 04:56:49.442019
ATMN,25.22,25.22,25.26,7500.0,1859200.0,,2028300.0,,7255.0,0,0,0,0,0,0,0,0,0,0,0,0,0,32,2026-02-04 04:56:49.442019
WNTR,25.04,25.03,25.04,,2192100.0,5000.0,2183100.0,,,0,0,0,0,0,0,0,0,0,0,0,0,0,32,2026-02-04 04:56:49.442019
SPNG,25.01,25.0,25.01,2291700.0,2188700.0,,0,0,0,0,0,0,0,0,0,0,0,0,0,0,0,0,33,2026-02-04 04:56:50.470821
SMMR,24.9,24.9,25.06,2168400.0,1999900.0,,0,0,0,0,0,0,0,0,0,0,0,0,0,0,0,0,33,2026-02-04 04:56:50.470821
ATMN,25.22,25.04,25.12,2103700.0,2010000.0,,0,0,0,0,0,0,0,0,0,0,0,0,0,0,0,0,33,2026-02-04 04:56:50.470821
WNTR,25.02,25.02,25.04,2223400.0,2183100.0,5000.0,0,0,0,0,0,0,0,0,0,0,0,0,0,0,0,0,33,2026-02-04 04:56:50.470821
SPNG,24.78,24.78,25.01,2260300.0,2051200.0,7137.0,,,,0,0,0,0,0,0,0,0,0,0,0,0,0,34,2026-02-04 04:56:51.496468
SMMR,24.89,24.93,25.05,2054700.0,1910500.0,,7500.0,7500.0,,0,0,0,0,0,0,0,0,0,0,0,0,0,34,2026-02-04 04:56:51.496468
ATMN,25.26,25.05,25.26,1872200.0,2027600.0,,7500.0,,7255.0,0,0,0,0,0,0,0,0,0,0,0,0,0,34,2026-02-04 04:56:51.496468
WNTR,24.94,24.94,25.04,2284100.0,2183100.0,,,5000.0,,0,0,0,0,0,0,0,0,0,0,0,0,0,34,2026-02-04 04:56:51.496468
SPNG,24.67,24.67,25.01,2291500.0,2051200.0,7137.0,,,0,0,0,0,0,0,0,0,0,0,0,0,0,0,35,2026-02-04 04:56:52.525115
SMMR,24.88,24.94,25.04,2061200.0,1817600.0,7470.0,7500.0,7500.0,0,0,0,0,0,0,0,0,0,0,0,0,0,0,35,2026-02-04 04:56:52.525115
ATMN,25.3,25.04,25.3,2103700.0,2014700.0,,,,0,0,0,0,0,0,0,0,0,0,0,0,0,0,35,2026-02-04 04:56:52.525115
WNTR,24.92,24.99,25.02,2265300.0,2055500.0,7470.0,,5000.0,0,0,0,0,0,0,0,0,0,0,0,0,0,0,35,2026-02-04 04:56:52.525115
SPNG,24.65,24.65,25.01,2310900.0,2051200.0,7137.0,,,0,0,0,0,0,0,0,0,0,0,0,0,0,0,36,2026-02-04 04:56:53.557466
SMMR,24.88,24.96,25.01,2126500.0,1933100.0,,7500.0,,0,0,0,0,0,0,0,0,0,0,0,0,0,0,36,2026-02-04 04:56:53.557466
ATMN,25.3,24.89,24.93,2071700.0,1928300.0,,7500.0,,0,0,0,0,0,0,0,0,0,0,0,0,0,0,36,2026-02-04 04:56:53.557466
WNTR,25.14,24.99,25.01,2119000.0,2202700.0,,5000.0,7470.0,0,0,0,0,0,0,0,0,0,0,0,0,0,0,36,2026-02-04 04:56:53.557466
SPNG,25.01,24.82,25.01,2151700.0,7500.0,2175300.0,,,0,0,0,0,0,0,0,0,0,0,0,0,0,0,37,2026-02-04 04:56:54.589780
SMMR,25.08,24.97,25.08,1948500.0,7500.0,1978000.0,7416.0,,0,0,0,0,0,0,0,0,0,0,0,0,0,0,37,2026-02-04 04:56:54.589780
ATMN,25.3,25.34,25.37,2120900.0,,2029800.0,,,0,0,0,0,0,0,0,0,0,0,0,0,0,0,37,2026-02-04 04:56:54.589780
WNTR,25.14,25.0,25.08,2026200.0,7500.0,2199100.0,7470.0,5000.0,0,0,0,0,0,0,0,0,0,0,0,0,0,0,37,2026-02-04 04:56:54.589780
SPNG,24.65,24.65,24.95,2310900.0,1910900.0,7137.0,2500.0,0,0,0,0,0,0,0,0,0,0,0,0,0,0,0,38,2026-02-04 04:56:55.620091
SMMR,24.96,24.91,24.93,2141800.0,1827500.0,7416.0,2500.0,0,0,0,0,0,0,0,0,0,0,0,0,0,0,0,38,2026-02-04 04:56:55.620091
ATMN,25.34,25.34,25.37,2120900.0,2021300.0,,,0,0,0,0,0,0,0,0,0,0,0,0,0,0,0,38,2026-02-04 04:56:55.620091
WNTR,25.09,24.99,25.09,2224900.0,2312700.0,,,0,0,0,0,0,0,0,0,0,0,0,0,0,0,0,38,2026-02-04 04:56:55.620091
SPNG,24.65,24.66,24.78,7500.0,2178000.0,1895100.0,7500.0,7137.0,,0,0,0,0,0,0,0,0,0,0,0,0,0,39,2026-02-04 04:56:56.647241
SMMR,24.96,24.92,24.93,,2154900.0,1920400.0,,7416.0,,0,0,0,0,0,0,0,0,0,0,0,0,0,39,2026-02-04 04:56:56.647241
ATMN,25.38,25.34,25.38,,2120900.0,2013400.0,,,,0,0,0,0,0,0,0,0,0,0,0,0,0,39,2026-02-04 04:56:56.647241
WNTR,25.09,24.99,25.06,,2136300.0,2325300.0,,,7470.0,0,0,0,0,0,0,0,0,0,0,0,0,0,39,2026-02-04 04:56:56.647241
SPNG,24.65,24.65,24.78,2319200.0,2009400.0,7137.0,,0,0,0,0,0,0,0,0,0,0,0,0,0,0,0,40,2026-02-04 04:56:57.677063
SMMR,25.11,24.92,25.11,2162000.0,1953400.0,,,0,0,0,0,0,0,0,0,0,0,0,0,0,0,0,40,2026-02-04 04:56:57.677063
ATMN,25.04,25.14,25.37,2116700.0,1917500.0,5729.0,,0,0,0,0,0,0,0,0,0,0,0,0,0,0,0,40,2026-02-04 04:56:57.677063
WNTR,24.99,24.99,25.04,2165300.0,2328800.0,,7470.0,0,0,0,0,0,0,0,0,0,0,0,0,0,0,0,40,2026-02-04 04:56:57.677063
SPNG,24.65,24.65,24.78,2309500.0,2009400.0,7137.0,,,0,0,0,0,0,0,0,0,0,0,0,0,0,0,41,2026-02-04 04:56:58.708635
SMMR,25.11,24.97,25.11,2051700.0,1937700.0,,6151.0,,0,0,0,0,0,0,0,0,0,0,0,0,0,0,41,2026-02-04 04:56:58.708635
ATMN,25.21,25.21,25.35,2091300.0,1937800.0,5729.0,,,0,0,0,0,0,0,0,0,0,0,0,0,0,0,41,2026-02-04 04:56:58.708635
WNTR,25.04,25.0,25.03,2135700.0,2195900.0,,7470.0,7500.0,0,0,0,0,0,0,0,0,0,0,0,0,0,0,41,2026-02-04 04:56:58.708635
SPNG,24.95,24.69,24.77,2241000.0,7500.0,7500.0,7137.0,1910900.0,,0,0,0,0,0,0,0,0,0,0,0,0,0,42,2026-02-04 04:56:59.751387
SMMR,24.97,24.94,24.96,2054700.0,,,,1946100.0,6151.0,0,0,0,0,0,0,0,0,0,0,0,0,0,42,2026-02-04 04:56:59.751387
ATMN,25.38,25.38,25.4,2102000.0,,,,1999200.0,,0,0,0,0,0,0,0,0,0,0,0,0,0,42,2026-02-04 04:56:59.751387
WNTR,25.06,24.94,25.06,2239000.0,,,,2325300.0,,0,0,0,0,0,0,0,0,0,0,0,0,0,42,2026-02-04 04:56:59.751387
SPNG,24.95,24.7,24.76,7500.0,2268300.0,7500.0,7137.0,1910900.0,,0,0,0,0,0,0,0,0,0,0,0,0,0,43,2026-02-04 04:57:00.787567
SMMR,24.96,25.1,25.11,2500.0,1832700.0,,,1951600.0,12302.0,0,0,0,0,0,0,0,0,0,0,0,0,0,43,2026-02-04 04:57:00.787567
ATMN,25.38,24.9,25.05,5000.0,2002200.0,,,2014500.0,,0,0,0,0,0,0,0,0,0,0,0,0,0,43,2026-02-04 04:57:00.787567
WNTR,25.13,25.01,25.03,,2247200.0,,6208.0,2194700.0,,0,0,0,0,0,0,0,0,0,0,0,0,0,43,2026-02-04 04:57:00.787567
SPNG,25.08,24.7,24.76,5000.0,2282000.0,7137.0,2074500.0,0,0,0,0,0,0,0,0,0,0,0,0,0,0,0,44,2026-02-04 04:57:01.814137
SMMR,25.09,24.93,24.99,1251.0,2054700.0,,1955200.0,0,0,0,0,0,0,0,0,0,0,0,0,0,0,0,44,2026-02-04 04:57:01.814137
ATMN,25.06,25.06,25.2,,2113700.0,,2024500.0,0,0,0,0,0,0,0,0,0,0,0,0,0,0,0,44,2026-02-04 04:57:01.814137
WNTR,25.13,25.01,25.13,,2203200.0,,2322300.0,0,0,0,0,0,0,0,0,0,0,0,0,0,0,0,44,2026-02-04 04:57:01.814137
SPNG,24.65,24.65,25.08,2383100.0,2205100.0,,,,0,0,0,0,0,0,0,0,0,0,0,0,0,0,45,2026-02-04 04:57:02.845282
SMMR,24.99,24.99,25.01,2151500.0,1966300.0,,,,0,0,0,0,0,0,0,0,0,0,0,0,0,0,45,2026-02-04 04:57:02.845282
ATMN,25.2,25.31,25.4,2022700.0,1999200.0,5000.0,,,0,0,0,0,0,0,0,0,0,0,0,0,0,0,45,2026-02-04 04:57:02.845282
WNTR,25.03,25.04,25.12,2024800.0,2194700.0,7500.0,5948.0,5948.0,0,0,0,0,0,0,0,0,0,0,0,0,0,0,45,2026-02-04 04:57:02.845282
SPNG,25.15,24.65,25.15,2383100.0,2196400.0,,,0,0,0,0,0,0,0,0,0,0,0,0,0,0,0,46,2026-02-04 04:57:03.879557
SMMR,24.91,24.91,25.01,2185800.0,1966300.0,,,0,0,0,0,0,0,0,0,0,0,0,0,0,0,0,46,2026-02-04 04:57:03.879557
ATMN,25.29,25.29,25.37,2122000.0,1915300.0,2500.0,,0,0,0,0,0,0,0,0,0,0,0,0,0,0,0,46,2026-02-04 04:57:03.879557
WNTR,25.14,25.02,25.14,2118600.0,2325100.0,,7500.0,0,0,0,0,0,0,0,0,0,0,0,0,0,0,0,46,2026-02-04 04:57:03.879557
SPNG,25.15,24.67,24.89,5000.0,7137.0,2157100.0,2172500.0,,,0,0,0,0,0,0,0,0,0,0,0,0,0,47,2026-02-04 04:57:04.920038
SMMR,25.01,24.92,25.01,7500.0,,2064200.0,1878300.0,4697.0,,0,0,0,0,0,0,0,0,0,0,0,0,0,47,2026-02-04 04:57:04.920038
ATMN,24.89,25.23,25.36,,,2120700.0,1919000.0,,2500.0,0,0,0,0,0,0,0,0,0,0,0,0,0,47,2026-02-04 04:57:04.920038
WNTR,25.02,25.13,25.14,,,2244700.0,2324600.0,,,0,0,0,0,0,0,0,0,0,0,0,0,0,47,2026-02-04 04:57:04.920038
SPNG,24.65,24.67,24.89,5000.0,2252800.0,2215300.0,,,,0,0,0,0,0,0,0,0,0,0,0,0,0,48,2026-02-04 04:57:05.972680
SMMR,25.1,24.92,25.1,7500.0,2085500.0,1953800.0,,,,0,0,0,0,0,0,0,0,0,0,0,0,0,48,2026-02-04 04:57:05.972680
ATMN,25.4,25.24,25.34,,2023600.0,1816100.0,6890.0,2500.0,6890.0,0,0,0,0,0,0,0,0,0,0,0,0,0,48,2026-02-04 04:57:05.972680
WNTR,25.02,25.13,25.14,,2244700.0,2290600.0,,,,0,0,0,0,0,0,0,0,0,0,0,0,0,48,2026-02-04 04:57:05.972680
SPNG,25.05,24.65,25.05,2360700.0,2213500.0,,,0,0,0,0,0,0,0,0,0,0,0,0,0,0,0,49,2026-02-04 04:57:06.508440
SMMR,25.11,24.91,25.11,2084500.0,1951800.0,7500.0,,0,0,0,0,0,0,0,0,0,0,0,0,0,0,0,49,2026-02-04 04:57:06.508440
ATMN,25.23,24.89,25.13,2117200.0,1935500.0,,7500.0,0,0,0,0,0,0,0,0,0,0,0,0,0,0,0,49,2026-02-04 04:57:06.508440
WNTR,25.09,24.94,25.09,2251800.0,2310300.0,,,0,0,0,0,0,0,0,0,0,0,0,0,0,0,0,49,2026-02-04 04:57:06.508440
SPNG,24.88,25.02,25.05,2138400.0,7500.0,5000.0,2213500.0,,,0,0,0,0,0,0,0,0,0,0,0,0,0,50,2026-02-04 04:57:07.539585
SMMR,24.96,25.04,25.06,2089500.0,7500.0,,1868600.0,7500.0,,0,0,0,0,0,0,0,0,0,0,0,0,0,50,2026-02-04 04:57:07.539585
ATMN,25.27,25.25,25.27,1912900.0,7500.0,2500.0,2016500.0,,,0,0,0,0,0,0,0,0,0,0,0,0,0,50,2026-02-04 04:57:07.539585
WNTR,25.09,25.06,25.08,2108300.0,,7500.0,2204500.0,,5000.0,0,0,0,0,0,0,0,0,0,0,0,0,0,50,2026-02-04 04:57:07.539585
SPNG,24.88,25.03,25.05,5000.0,2138400.0,5625.0,2234800.0,,,0,0,0,0,0,0,0,0,0,0,0,0,0,51,2026-02-04 04:57:08.563178
SMMR,25.04,24.91,24.95,,2077800.0,5625.0,1927100.0,5625.0,,0,0,0,0,0,0,0,0,0,0,0,0,0,51,2026-02-04 04:57:08.563178
ATMN,25.46,25.25,25.46,2500.0,1930000.0,7500.0,1989500.0,,,0,0,0,0,0,0,0,0,0,0,0,0,0,51,2026-02-04 04:57:08.563178
WNTR,25.0,25.0,25.13,,2215700.0,,2183100.0,,5000.0,0,0,0,0,0,0,0,0,0,0,0,0,0,51,2026-02-04 04:57:08.563178
SPNG,25.02,25.02,25.05,2388300.0,2234800.0,,,,0,0,0,0,0,0,0,0,0,0,0,0,0,0,52,2026-02-04 04:57:09.593198
SMMR,24.96,24.96,25.11,2077800.0,1983800.0,5625.0,,,0,0,0,0,0,0,0,0,0,0,0,0,0,0,52,2026-02-04 04:57:09.593198
ATMN,25.13,25.16,25.45,2047000.0,1903100.0,,5000.0,7500.0,0,0,0,0,0,0,0,0,0,0,0,0,0,0,52,2026-02-04 04:57:09.593198
WNTR,25.0,25.0,25.06,2230300.0,2183100.0,,,7500.0,0,0,0,0,0,0,0,0,0,0,0,0,0,0,52,2026-02-04 04:57:09.593198
SPNG,24.98,24.65,24.71,2362500.0,1774500.0,2400.0,,,,,,0,0,0,0,0,0,0,0,0,0,0,53,2026-02-04 04:57:10.623719
SMMR,25.09,25.08,25.09,1720500.0,1507900.0,3000.0,1200.0,7500.0,5625.0,,,0,0,0,0,0,0,0,0,0,0,0,53,2026-02-04 04:57:10.623719
ATMN,25.19,25.32,25.46,1561600.0,1892500.0,,3000.0,7500.0,,2500.0,,0,0,0,0,0,0,0,0,0,0,0,53,2026-02-04 04:57:10.623719
WNTR,25.02,25.02,25.03,1682700.0,1762900.0,1200.0,3000.0,,,15000.0,5625.0,0,0,0,0,0,0,0,0,0,0,0,53,2026-02-04 04:57:10.623719
SPNG,25.11,24.67,25.04,7500.0,7068.0,2136500.0,7068.0,2102900.0,,,,0,0,0,0,0,0,0,0,0,0,0,54,2026-02-04 04:57:11.655885
SMMR,25.09,25.08,25.09,7500.0,3900.0,1625600.0,,1500700.0,1170.0,3000.0,,0,0,0,0,0,0,0,0,0,0,0,54,2026-02-04 04:57:11.655885
ATMN,25.32,25.16,25.18,,7068.0,1533200.0,7068.0,1814300.0,3000.0,,500.0,0,0,0,0,0,0,0,0,0,0,0,54,2026-02-04 04:57:11.655885
WNTR,25.0,25.0,25.03,,,1782500.0,5625.0,1867600.0,2400.0,1170.0,,0,0,0,0,0,0,0,0,0,0,0,54,2026-02-04 04:57:11.655885
SPNG,24.62,24.62,25.03,2332300.0,3000.0,7500.0,7068.0,1403500.0,,0,0,0,0,0,0,0,0,0,0,0,0,0,55,2026-02-04 04:57:12.694040
SMMR,25.09,25.08,25.09,1692900.0,3000.0,,,1498200.0,936.0,0,0,0,0,0,0,0,0,0,0,0,0,0,55,2026-02-04 04:57:12.694040
ATMN,25.18,25.17,25.18,1737000.0,,500.0,,1910200.0,2400.0,0,0,0,0,0,0,0,0,0,0,0,0,0,55,2026-02-04 04:57:12.694040
WNTR,25.02,25.0,25.02,1878000.0,936.0,,,1863600.0,1800.0,0,0,0,0,0,0,0,0,0,0,0,0,0,55,2026-02-04 04:57:12.694040
SPNG,24.62,24.62,25.01,2351300.0,3000.0,7500.0,14136.0,1286400.0,,0,0,0,0,0,0,0,0,0,0,0,0,0,56,2026-02-04 04:57:13.731766
SMMR,25.02,25.02,25.07,2193800.0,3000.0,,,1495300.0,,0,0,0,0,0,0,0,0,0,0,0,0,0,56,2026-02-04 04:57:13.731766
ATMN,25.48,25.17,25.48,1709200.0,,,,1989900.0,2400.0,0,0,0,0,0,0,0,0,0,0,0,0,0,56,2026-02-04 04:57:13.731766
WNTR,25.11,25.01,25.02,1786400.0,,,5625.0,2201700.0,2400.0,0,0,0,0,0,0,0,0,0,0,0,0,0,56,2026-02-04 04:57:13.731766
SPNG,24.62,24.62,24.99,2351300.0,3000.0,7500.0,14136.0,1294500.0,,,0,0,0,0,0,0,0,0,0,0,0,0,57,2026-02-04 04:57:14.758525
SMMR,24.93,24.94,25.06,2048500.0,3000.0,7500.0,,1384300.0,5000.0,,0,0,0,0,0,0,0,0,0,0,0,0,57,2026-02-04 04:57:14.758525
ATMN,25.48,25.38,25.48,1637000.0,,,,1989900.0,,3000.0,0,0,0,0,0,0,0,0,0,0,0,0,57,2026-02-04 04:57:14.758525
WNTR,25.02,25.01,25.02,2104500.0,600.0,,5625.0,1630500.0,,600.0,0,0,0,0,0,0,0,0,0,0,0,0,57,2026-02-04 04:57:14.758525
SPNG,24.98,24.62,24.87,2371900.0,1983700.0,14136.0,0,0,0,0,0,0,0,0,0,0,0,0,0,0,0,0,58,2026-02-04 04:57:15.784102
SMMR,25.09,25.01,25.09,2168900.0,2038000.0,,0,0,0,0,0,0,0,0,0,0,0,0,0,0,0,0,58,2026-02-04 04:57:15.784102
ATMN,25.41,25.41,25.51,2157200.0,1989900.0,,0,0,0,0,0,0,0,0,0,0,0,0,0,0,0,0,58,2026-02-04 04:57:15.784102
WNTR,25.14,24.99,25.14,2241000.0,2317200.0,,0,0,0,0,0,0,0,0,0,0,0,0,0,0,0,0,58,2026-02-04 04:57:15.784102
SPNG,24.98,24.62,24.87,2371900.0,1983700.0,14136.0,0,0,0,0,0,0,0,0,0,0,0,0,0,0,0,0,59,2026-02-04 04:57:16.816135
SMMR,25.01,25.01,25.15,2168900.0,2038900.0,,0,0,0,0,0,0,0,0,0,0,0,0,0,0,0,0,59,2026-02-04 04:57:16.816135
ATMN,25.51,25.38,25.51,2133700.0,1983300.0,,0,0,0,0,0,0,0,0,0,0,0,0,0,0,0,0,59,2026-02-04 04:57:16.816135
WNTR,25.11,24.94,25.11,2214600.0,2305300.0,,0,0,0,0,0,0,0,0,0,0,0,0,0,0,0,0,59,2026-02-04 04:57:16.816135
SPNG,25.36,25.36,28.45,854900.0,680200.0,0,0,0,0,0,0,0,0,0,0,0,0,0,0,0,0,0,60,2026-02-04 04:57:17.849606
SMMR,25.09,25.28,25.45,842600.0,729800.0,0,0,0,0,0,0,0,0,0,0,0,0,0,0,0,0,0,60,2026-02-04 04:57:17.849606
ATMN,24.71,24.71,24.83,929600.0,753800.0,0,0,0,0,0,0,0,0,0,0,0,0,0,0,0,0,0,60,2026-02-04 04:57:17.849606
WNTR,24.78,24.78,24.8,945900.0,858700.0,0,0,0,0,0,0,0,0,0,0,0,0,0,0,0,0,0,60,2026-02-04 04:57:17.849606
SPNG,24.94,25.56,26.22,1027300.0,897800.0,0,0,0,0,0,0,0,0,0,0,0,0,0,0,0,0,0,61,2026-02-04 04:57:18.882112
SMMR,25.28,25.28,25.3,960600.0,814800.0,0,0,0,0,0,0,0,0,0,0,0,0,0,0,0,0,0,61,2026-02-04 04:57:18.882112
ATMN,24.83,24.71,24.75,919200.0,852000.0,0,0,0,0,0,0,0,0,0,0,0,0,0,0,0,0,0,61,2026-02-04 04:57:18.882112
WNTR,24.8,24.78,24.8,1088400.0,960600.0,0,0,0,0,0,0,0,0,0,0,0,0,0,0,0,0,0,61,2026-02-04 04:57:18.882112
SPNG,23.93,25.6,26.22,1169000.0,897800.0,0,0,0,0,0,0,0,0,0,0,0,0,0,0,0,0,0,62,2026-02-04 04:57:19.915895
SMMR,25.3,25.3,25.45,1079900.0,936400.0,0,0,0,0,0,0,0,0,0,0,0,0,0,0,0,0,0,62,2026-02-04 04:57:19.915895
ATMN,24.71,24.71,24.75,919200.0,1144600.0,0,0,0,0,0,0,0,0,0,0,0,0,0,0,0,0,0,62,2026-02-04 04:57:19.915895
WNTR,24.8,24.78,24.8,1350400.0,1070600.0,0,0,0,0,0,0,0,0,0,0,0,0,0,0,0,0,0,62,2026-02-04 04:57:19.915895
SPNG,25.6,25.6,25.97,1169000.0,1185200.0,0,0,0,0,0,0,0,0,0,0,0,0,0,0,0,0,0,63,2026-02-04 04:57:20.944006
SMMR,25.45,25.28,25.45,960600.0,957500.0,0,0,0,0,0,0,0,0,0,0,0,0,0,0,0,0,0,63,2026-02-04 04:57:20.944006
ATMN,24.71,24.46,24.66,935100.0,1251500.0,0,0,0,0,0,0,0,0,0,0,0,0,0,0,0,0,0,63,2026-02-04 04:57:20.944006
WNTR,24.69,24.69,24.8,1250400.0,1206100.0,0,0,0,0,0,0,0,0,0,0,0,0,0,0,0,0,0,63,2026-02-04 04:57:20.944006
SPNG,25.56,24.24,25.15,1175000.0,7500.0,1397800.0,1800.0,,0,0,0,0,0,0,0,0,0,0,0,0,0,0,64,2026-02-04 04:57:22.009441
SMMR,25.38,25.28,25.38,960600.0,,1192300.0,3000.0,,0,0,0,0,0,0,0,0,0,0,0,0,0,0,64,2026-02-04 04:57:22.009441
ATMN,24.46,24.46,24.72,935100.0,,1250800.0,2400.0,,0,0,0,0,0,0,0,0,0,0,0,0,0,0,64,2026-02-04 04:57:22.009441
WNTR,24.73,24.76,24.8,1466400.0,,1318900.0,,3000.0,0,0,0,0,0,0,0,0,0,0,0,0,0,0,64,2026-02-04 04:57:22.009441
SPNG,25.16,24.48,25.14,1383900.0,7500.0,7500.0,1397800.0,3000.0,,,,0,0,0,0,0,0,0,0,0,0,0,65,2026-02-04 04:57:23.061649
SMMR,25.37,25.3,25.32,952800.0,7500.0,7500.0,1289200.0,3000.0,5000.0,7500.0,,0,0,0,0,0,0,0,0,0,0,0,65,2026-02-04 04:57:23.061649
ATMN,24.62,24.62,24.63,1060100.0,,7500.0,1402300.0,3000.0,,,3000.0,0,0,0,0,0,0,0,0,0,0,0,65,2026-02-04 04:57:23.061649
WNTR,24.77,24.77,24.79,1466400.0,7500.0,,1531100.0,,,7500.0,3000.0,0,0,0,0,0,0,0,0,0,0,0,65,2026-02-04 04:57:23.061649
SPNG,25.97,24.86,25.13,1477400.0,7500.0,1293300.0,,,,0,0,0,0,0,0,0,0,0,0,0,0,0,66,2026-02-04 04:57:23.603406
SMMR,25.25,25.25,25.32,953600.0,,1289200.0,3000.0,,,0,0,0,0,0,0,0,0,0,0,0,0,0,66,2026-02-04 04:57:23.603406
ATMN,24.67,24.62,24.67,1060100.0,,1573500.0,600.0,3000.0,,0,0,0,0,0,0,0,0,0,0,0,0,0,66,2026-02-04 04:57:23.603406
WNTR,24.84,24.76,24.79,1466400.0,,1517400.0,,3000.0,750.0,0,0,0,0,0,0,0,0,0,0,0,0,0,66,2026-02-04 04:57:23.603406
SPNG,25.13,25.18,25.57,1947000.0,10500.0,7500.0,3000.0,1293300.0,,,,0,0,0,0,0,0,0,0,0,0,0,67,2026-02-04 04:57:24.638046
SMMR,25.37,25.25,25.3,1069600.0,,,3000.0,1311500.0,5000.0,,,0,0,0,0,0,0,0,0,0,0,0,67,2026-02-04 04:57:24.638046
ATMN,24.72,24.74,24.75,1161800.0,7500.0,,,1353600.0,,3000.0,,0,0,0,0,0,0,0,0,0,0,0,67,2026-02-04 04:57:24.638046
WNTR,24.69,24.72,24.74,1258400.0,7500.0,,3000.0,1458700.0,7000.0,3000.0,750.0,0,0,0,0,0,0,0,0,0,0,0,67,2026-02-04 04:57:24.638046
SPNG,25.18,25.18,25.46,2058200.0,7500.0,3000.0,1409900.0,,,0,0,0,0,0,0,0,0,0,0,0,0,0,68,2026-02-04 04:57:25.674454
SMMR,25.37,25.32,25.37,1271200.0,,3000.0,1311500.0,,,0,0,0,0,0,0,0,0,0,0,0,0,0,68,2026-02-04 04:57:25.674454
ATMN,24.74,24.62,24.65,1240200.0,,,1447300.0,3000.0,,0,0,0,0,0,0,0,0,0,0,0,0,0,68,2026-02-04 04:57:25.674454
WNTR,24.61,24.6,24.61,1268500.0,,3000.0,1611900.0,,750.0,0,0,0,0,0,0,0,0,0,0,0,0,0,68,2026-02-04 04:57:25.674454
SPNG,25.87,25.87,25.97,2307200.0,7500.0,1501900.0,,,,,0,0,0,0,0,0,0,0,0,0,0,0,69,2026-02-04 04:57:26.706074
SMMR,25.25,25.35,25.36,1260000.0,,1525000.0,3000.0,,,,0,0,0,0,0,0,0,0,0,0,0,0,69,2026-02-04 04:57:26.706074
ATMN,24.65,24.65,24.75,1418600.0,,1454900.0,,3000.0,,,0,0,0,0,0,0,0,0,0,0,0,0,69,2026-02-04 04:57:26.706074
WNTR,24.61,24.6,24.61,1509100.0,,1515200.0,3000.0,,7500.0,750.0,0,0,0,0,0,0,0,0,0,0,0,0,69,2026-02-04 04:57:26.706074
SPNG,25.87,25.88,25.97,10500.0,1372700.0,3000.0,7500.0,1741000.0,,,0,0,0,0,0,0,0,0,0,0,0,0,70,2026-02-04 04:57:27.741178
SMMR,25.2,25.2,25.36,,1174700.0,,,1525000.0,3000.0,,0,0,0,0,0,0,0,0,0,0,0,0,70,2026-02-04 04:57:27.741178
ATMN,24.65,24.66,24.72,7266.0,1418600.0,3000.0,,1894700.0,,,0,0,0,0,0,0,0,0,0,0,0,0,70,2026-02-04 04:57:27.741178
WNTR,24.61,24.6,24.61,,1727200.0,,,1611900.0,3000.0,750.0,0,0,0,0,0,0,0,0,0,0,0,0,70,2026-02-04 04:57:27.741178
SPNG,25.87,25.88,25.97,10500.0,1372700.0,3000.0,7500.0,2039200.0,,,,0,0,0,0,0,0,0,0,0,0,0,71,2026-02-04 04:57:28.767080
SMMR,25.16,25.15,25.16,,1164400.0,,,1475100.0,7500.0,3000.0,,0,0,0,0,0,0,0,0,0,0,0,71,2026-02-04 04:57:28.767080
ATMN,24.72,24.65,24.72,,1537200.0,3000.0,,1920000.0,,,,0,0,0,0,0,0,0,0,0,0,0,71,2026-02-04 04:57:28.767080
WNTR,24.75,24.75,24.79,,1945400.0,,,1743700.0,,,750.0,0,0,0,0,0,0,0,0,0,0,0,71,2026-02-04 04:57:28.767080
SPNG,25.87,25.58,25.66,3000.0,1603700.0,7500.0,2100400.0,,,0,0,0,0,0,0,0,0,0,0,0,0,0,72,2026-02-04 04:57:29.796235
SMMR,25.37,25.15,25.31,,1164400.0,,1516300.0,3000.0,,0,0,0,0,0,0,0,0,0,0,0,0,0,72,2026-02-04 04:57:29.796235
ATMN,24.62,24.62,24.72,3000.0,1610500.0,,2023900.0,,,0,0,0,0,0,0,0,0,0,0,0,0,0,72,2026-02-04 04:57:29.796235
WNTR,24.75,24.75,24.79,3000.0,1785600.0,,1983800.0,,750.0,0,0,0,0,0,0,0,0,0,0,0,0,0,72,2026-02-04 04:57:29.796235
SPNG,25.59,25.29,25.33,7500.0,2125000.0,7500.0,2014100.0,7500.0,,,,0,0,0,0,0,0,0,0,0,0,0,73,2026-02-04 04:57:30.824431
SMMR,25.37,25.37,25.38,,1269100.0,,1394800.0,,360.0,2400.0,,0,0,0,0,0,0,0,0,0,0,0,73,2026-02-04 04:57:30.824431
ATMN,24.54,24.54,24.71,,1485500.0,,1958800.0,5000.0,,,,0,0,0,0,0,0,0,0,0,0,0,73,2026-02-04 04:57:30.824431
WNTR,24.7,24.7,24.79,,1815500.0,,2156300.0,,3000.0,,750.0,0,0,0,0,0,0,0,0,0,0,0,73,2026-02-04 04:57:30.824431
SPNG,25.33,25.59,25.64,300.0,5000.0,1476300.0,7500.0,3000.0,7500.0,1538700.0,0,0,0,0,0,0,0,0,0,0,0,0,74,2026-02-04 04:57:31.853258
SMMR,25.39,25.25,25.39,960.0,,1262900.0,,1800.0,,1394800.0,0,0,0,0,0,0,0,0,0,0,0,0,74,2026-02-04 04:57:31.853258
ATMN,24.74,24.62,24.68,3000.0,,1485500.0,,1830.0,7500.0,1501900.0,0,0,0,0,0,0,0,0,0,0,0,0,74,2026-02-04 04:57:31.853258
WNTR,24.8,24.69,24.7,3000.0,,1827200.0,,3000.0,,1747100.0,0,0,0,0,0,0,0,0,0,0,0,0,74,2026-02-04 04:57:31.853258
SPNG,25.28,25.28,25.5,2283600.0,7500.0,1539600.0,3000.0,7500.0,,0,0,0,0,0,0,0,0,0,0,0,0,0,75,2026-02-04 04:57:32.888375
SMMR,25.12,25.29,25.31,1176000.0,,1424300.0,3000.0,7500.0,1968.0,0,0,0,0,0,0,0,0,0,0,0,0,0,75,2026-02-04 04:57:32.888375
ATMN,24.61,24.6,24.61,1485500.0,,1696900.0,732.0,12500.0,1800.0,0,0,0,0,0,0,0,0,0,0,0,0,0,75,2026-02-04 04:57:32.888375
WNTR,24.6,24.6,24.84,1727200.0,,2112200.0,,,,0,0,0,0,0,0,0,0,0,0,0,0,0,75,2026-02-04 04:57:32.888375
SPNG,25.28,25.29,25.5,7500.0,2088900.0,7500.0,1626900.0,3000.0,,0,0,0,0,0,0,0,0,0,0,0,0,0,76,2026-02-04 04:57:33.913292
SMMR,25.12,25.25,25.31,,1176000.0,,1527300.0,3000.0,1200.0,0,0,0,0,0,0,0,0,0,0,0,0,0,76,2026-02-04 04:57:33.913292
ATMN,24.6,24.6,24.61,7500.0,1485400.0,,1595600.0,1200.0,,0,0,0,0,0,0,0,0,0,0,0,0,0,76,2026-02-04 04:57:33.913292
WNTR,24.76,24.82,24.84,5000.0,1836600.0,,2112200.0,,,0,0,0,0,0,0,0,0,0,0,0,0,0,76,2026-02-04 04:57:33.913292
SPNG,25.55,25.05,25.55,1955200.0,7500.0,2082000.0,600.0,,0,0,0,0,0,0,0,0,0,0,0,0,0,0,77,2026-02-04 04:57:34.944356
SMMR,25.19,25.19,25.26,1399700.0,,1721300.0,1800.0,,0,0,0,0,0,0,0,0,0,0,0,0,0,0,77,2026-02-04 04:57:34.944356
ATMN,24.61,24.6,24.61,1587200.0,,1084100.0,3000.0,2400.0,0,0,0,0,0,0,0,0,0,0,0,0,0,0,77,2026-02-04 04:57:34.944356
WNTR,24.69,24.68,24.69,1727200.0,,2262400.0,,1200.0,0,0,0,0,0,0,0,0,0,0,0,0,0,0,77,2026-02-04 04:57:34.944356
SPNG,25.66,25.33,25.51,2880.0,7500.0,1475200.0,7500.0,3000.0,1656200.0,,0,0,0,0,0,0,0,0,0,0,0,0,78,2026-02-04 04:57:35.982912
SMMR,25.26,25.25,25.26,1200.0,,1225300.0,,2400.0,1546300.0,7500.0,0,0,0,0,0,0,0,0,0,0,0,0,78,2026-02-04 04:57:35.982912
ATMN,24.74,24.61,24.65,2160.0,,1704000.0,,600.0,1931900.0,,0,0,0,0,0,0,0,0,0,0,0,0,78,2026-02-04 04:57:35.982912
WNTR,24.65,24.6,24.65,,,1727200.0,,600.0,1642800.0,7500.0,0,0,0,0,0,0,0,0,0,0,0,0,78,2026-02-04 04:57:35.982912
SPNG,25.66,25.41,25.59,2880.0,7500.0,1473700.0,7500.0,1635900.0,3000.0,,0,0,0,0,0,0,0,0,0,0,0,0,79,2026-02-04 04:57:37.014567
SMMR,25.31,25.26,25.31,1365.0,,663100.0,,1795000.0,,,0,0,0,0,0,0,0,0,0,0,0,0,79,2026-02-04 04:57:37.014567
ATMN,24.84,24.61,24.84,3000.0,,1059000.0,,1554700.0,,,0,0,0,0,0,0,0,0,0,0,0,0,79,2026-02-04 04:57:37.014567
WNTR,24.63,24.62,24.63,600.0,,1975600.0,,1037600.0,3000.0,7500.0,0,0,0,0,0,0,0,0,0,0,0,0,79,2026-02-04 04:57:37.014567
SPNG,25.59,25.58,25.59,1152.0,1999900.0,7500.0,1633200.0,3000.0,,,0,0,0,0,0,0,0,0,0,0,0,0,80,2026-02-04 04:57:38.047710
SMMR,25.27,25.27,25.28,2673.0,98900.0,,1555900.0,1800.0,7500.0,3200.0,0,0,0,0,0,0,0,0,0,0,0,0,80,2026-02-04 04:57:38.047710
ATMN,24.85,24.92,25.01,3000.0,1448400.0,,1447300.0,,7500.0,,0,0,0,0,0,0,0,0,0,0,0,0,80,2026-02-04 04:57:38.047710
WNTR,24.65,24.64,24.65,1200.0,1844700.0,,1283500.0,3000.0,1800.0,,0,0,0,0,0,0,0,0,0,0,0,0,80,2026-02-04 04:57:38.047710
SPNG,25.59,25.58,25.59,460.0,1999900.0,7500.0,1633200.0,3000.0,,0,0,0,0,0,0,0,0,0,0,0,0,0,81,2026-02-04 04:57:39.090929
SMMR,25.34,25.34,25.4,2673.0,194000.0,,1794200.0,,,0,0,0,0,0,0,0,0,0,0,0,0,0,81,2026-02-04 04:57:39.090929
ATMN,24.55,24.68,24.95,,1734600.0,,1564500.0,,7500.0,0,0,0,0,0,0,0,0,0,0,0,0,0,81,2026-02-04 04:57:39.090929
WNTR,24.65,24.64,24.65,,1705200.0,,1269600.0,3000.0,,0,0,0,0,0,0,0,0,0,0,0,0,0,81,2026-02-04 04:57:39.090929
SPNG,25.03,25.32,25.34,2267500.0,7500.0,1606200.0,3000.0,,0,0,0,0,0,0,0,0,0,0,0,0,0,0,82,2026-02-04 04:57:40.146380
SMMR,25.34,25.34,25.4,194000.0,,1912200.0,,2673.0,0,0,0,0,0,0,0,0,0,0,0,0,0,0,82,2026-02-04 04:57:40.146380
ATMN,24.4,24.4,24.69,1631700.0,,1527600.0,3000.0,,0,0,0,0,0,0,0,0,0,0,0,0,0,0,82,2026-02-04 04:57:40.146380
WNTR,24.65,24.67,24.68,2053600.0,,1262400.0,3000.0,,0,0,0,0,0,0,0,0,0,0,0,0,0,0,82,2026-02-04 04:57:40.146380
SPNG,25.66,25.32,25.59,2095900.0,7500.0,7500.0,3000.0,1624400.0,,0,0,0,0,0,0,0,0,0,0,0,0,0,83,2026-02-04 04:57:40.687067
SMMR,25.34,25.35,25.4,295300.0,7500.0,,,2029300.0,3000.0,0,0,0,0,0,0,0,0,0,0,0,0,0,83,2026-02-04 04:57:40.687067
ATMN,24.79,24.55,24.79,1746700.0,,,,1862000.0,3000.0,0,0,0,0,0,0,0,0,0,0,0,0,0,83,2026-02-04 04:57:40.687067
WNTR,24.72,24.75,24.82,2174100.0,3430.0,,,2292600.0,,0,0,0,0,0,0,0,0,0,0,0,0,0,83,2026-02-04 04:57:40.687067
SPNG,25.32,25.41,25.6,10.0,7500.0,2002500.0,7500.0,2500.0,2062400.0,0,0,0,0,0,0,0,0,0,0,0,0,0,84,2026-02-04 04:57:41.716465
SMMR,25.39,25.39,25.4,,,1945100.0,,,2038400.0,0,0,0,0,0,0,0,0,0,0,0,0,0,84,2026-02-04 04:57:41.716465
ATMN,24.87,24.56,24.87,,1570.0,1862200.0,,,1860500.0,0,0,0,0,0,0,0,0,0,0,0,0,0,84,2026-02-04 04:57:41.716465
WNTR,24.82,24.75,24.82,1080.0,,2043200.0,,6570.0,2210800.0,0,0,0,0,0,0,0,0,0,0,0,0,0,84,2026-02-04 04:57:41.716465
SPNG,25.32,25.19,25.51,1507100.0,1100.0,50.0,7500.0,3000.0,1641800.0,,0,0,0,0,0,0,0,0,0,0,0,0,85,2026-02-04 04:57:42.742878
SMMR,25.39,25.39,25.4,1628800.0,,3000.0,,,2084600.0,,0,0,0,0,0,0,0,0,0,0,0,0,85,2026-02-04 04:57:42.742878
ATMN,24.87,24.67,24.71,1556000.0,1570.0,3000.0,,,2008200.0,,0,0,0,0,0,0,0,0,0,0,0,0,85,2026-02-04 04:57:42.742878
WNTR,24.75,24.67,24.68,1377200.0,,3000.0,,2700.0,1638300.0,3140.0,0,0,0,0,0,0,0,0,0,0,0,0,85,2026-02-04 04:57:42.742878
SPNG,25.03,25.03,25.33,2259700.0,7500.0,3000.0,7500.0,1516600.0,,,0,0,0,0,0,0,0,0,0,0,0,0,86,2026-02-04 04:57:43.778012
SMMR,25.39,25.39,25.4,1628800.0,,,,2095700.0,3000.0,,0,0,0,0,0,0,0,0,0,0,0,0,86,2026-02-04 04:57:43.778012
ATMN,24.6,24.6,24.71,1684800.0,,,,2008200.0,3000.0,,0,0,0,0,0,0,0,0,0,0,0,0,86,2026-02-04 04:57:43.778012
WNTR,24.66,24.66,24.67,1946900.0,,2700.0,3140.0,1638300.0,,3720.0,0,0,0,0,0,0,0,0,0,0,0,0,86,2026-02-04 04:57:43.778012
SPNG,25.28,25.03,25.25,2259700.0,7500.0,2077000.0,7500.0,,,0,0,0,0,0,0,0,0,0,0,0,0,0,87,2026-02-04 04:57:44.802552
SMMR,25.18,25.19,25.39,1714400.0,,2009400.0,7500.0,6860.0,,0,0,0,0,0,0,0,0,0,0,0,0,0,87,2026-02-04 04:57:44.802552
ATMN,24.57,24.57,24.67,1690100.0,,2006900.0,,,3000.0,0,0,0,0,0,0,0,0,0,0,0,0,0,87,2026-02-04 04:57:44.802552
WNTR,24.79,24.66,24.79,1676400.0,,2298200.0,,4360.0,1800.0,0,0,0,0,0,0,0,0,0,0,0,0,0,87,2026-02-04 04:57:44.802552
SPNG,25.25,25.26,25.33,1524000.0,2990.0,7500.0,3000.0,1615300.0,0,0,0,0,0,0,0,0,0,0,0,0,0,0,88,2026-02-04 04:57:45.834255
SMMR,25.18,25.26,25.3,1593700.0,3000.0,,1200.0,1567900.0,0,0,0,0,0,0,0,0,0,0,0,0,0,0,88,2026-02-04 04:57:45.834255
ATMN,24.71,24.57,24.71,1690100.0,3000.0,,,2008200.0,0,0,0,0,0,0,0,0,0,0,0,0,0,0,88,2026-02-04 04:57:45.834255
WNTR,24.53,24.47,24.51,1820900.0,,,,2330300.0,0,0,0,0,0,0,0,0,0,0,0,0,0,0,88,2026-02-04 04:57:45.834255
SPNG,25.48,25.48,25.65,1529200.0,2950.0,7500.0,7500.0,2071300.0,,0,0,0,0,0,0,0,0,0,0,0,0,0,89,2026-02-04 04:57:46.878379
SMMR,25.18,25.18,25.4,1609200.0,3000.0,,,2099300.0,,0,0,0,0,0,0,0,0,0,0,0,0,0,89,2026-02-04 04:57:46.878379
ATMN,24.87,24.57,24.69,1619700.0,3000.0,,2500.0,1849400.0,,0,0,0,0,0,0,0,0,0,0,0,0,0,89,2026-02-04 04:57:46.878379
WNTR,24.56,24.47,24.53,1966000.0,,,,1700500.0,3000.0,0,0,0,0,0,0,0,0,0,0,0,0,0,89,2026-02-04 04:57:46.878379
SPNG,25.32,25.31,25.32,2400.0,1394600.0,7500.0,2172600.0,,0,0,0,0,0,0,0,0,0,0,0,0,0,0,90,2026-02-04 04:57:47.910248
SMMR,25.31,25.26,25.31,3000.0,1609200.0,,2115500.0,,0,0,0,0,0,0,0,0,0,0,0,0,0,0,90,2026-02-04 04:57:47.910248
ATMN,24.95,24.57,24.95,3000.0,1619700.0,,1935000.0,,0,0,0,0,0,0,0,0,0,0,0,0,0,0,90,2026-02-04 04:57:47.910248
WNTR,24.53,24.51,24.53,,2299200.0,,1700500.0,3000.0,0,0,0,0,0,0,0,0,0,0,0,0,0,0,90,2026-02-04 04:57:47.910248
SPNG,25.26,25.26,25.3,2154800.0,7500.0,1484400.0,7500.0,600.0,0,0,0,0,0,0,0,0,0,0,0,0,0,0,91,2026-02-04 04:57:48.944142
SMMR,25.4,25.12,25.14,1825600.0,,1999700.0,7500.0,,0,0,0,0,0,0,0,0,0,0,0,0,0,0,91,2026-02-04 04:57:48.944142
ATMN,24.98,24.56,24.95,2299300.0,,1925600.0,,,0,0,0,0,0,0,0,0,0,0,0,0,0,0,91,2026-02-04 04:57:48.944142
WNTR,24.58,24.58,24.79,2394100.0,,2298200.0,,,0,0,0,0,0,0,0,0,0,0,0,0,0,0,91,2026-02-04 04:57:48.944142
SPNG,25.3,25.22,25.29,2133700.0,7500.0,7500.0,910500.0,2400.0,,,0,0,0,0,0,0,0,0,0,0,0,0,92,2026-02-04 04:57:49.974764
SMMR,25.32,25.32,25.33,1560100.0,,,1874700.0,1200.0,7500.0,3000.0,0,0,0,0,0,0,0,0,0,0,0,0,92,2026-02-04 04:57:49.974764
ATMN,24.78,24.78,24.79,1488700.0,,,1591200.0,2400.0,7500.0,3000.0,0,0,0,0,0,0,0,0,0,0,0,0,92,2026-02-04 04:57:49.974764
WNTR,24.51,24.51,24.58,2409700.0,,,2175200.0,600.0,,,0,0,0,0,0,0,0,0,0,0,0,0,92,2026-02-04 04:57:49.974764
SPNG,25.28,25.22,25.27,2084900.0,7500.0,5400.0,1030500.0,3000.0,,0,0,0,0,0,0,0,0,0,0,0,0,0,93,2026-02-04 04:57:51.006004
SMMR,25.12,25.2,25.33,1913800.0,,,1682200.0,960.0,7500.0,0,0,0,0,0,0,0,0,0,0,0,0,0,93,2026-02-04 04:57:51.006004
ATMN,24.79,24.56,24.79,2299300.0,,,1510400.0,3000.0,,0,0,0,0,0,0,0,0,0,0,0,0,0,93,2026-02-04 04:57:51.006004
WNTR,24.58,24.62,24.65,2407900.0,,,1696500.0,3000.0,,0,0,0,0,0,0,0,0,0,0,0,0,0,93,2026-02-04 04:57:51.006004
SPNG,25.32,25.28,25.32,2087800.0,7500.0,1177600.0,3000.0,,,,0,0,0,0,0,0,0,0,0,0,0,0,94,2026-02-04 04:57:52.044088
SMMR,25.12,25.26,25.32,1501300.0,,1096200.0,3000.0,7500.0,3000.0,2500.0,0,0,0,0,0,0,0,0,0,0,0,0,94,2026-02-04 04:57:52.044088
ATMN,24.79,24.79,24.82,1419400.0,7500.0,1512400.0,2400.0,1700.0,3000.0,,0,0,0,0,0,0,0,0,0,0,0,0,94,2026-02-04 04:57:52.044088
WNTR,24.51,24.51,24.79,2409700.0,,2307500.0,,,,,0,0,0,0,0,0,0,0,0,0,0,0,94,2026-02-04 04:57:52.044088
SPNG,25.22,25.28,25.79,7500.0,2090800.0,2223500.0,,,0,0,0,0,0,0,0,0,0,0,0,0,0,0,95,2026-02-04 04:57:53.069658
SMMR,25.34,25.34,25.4,,1621700.0,2066100.0,3000.0,,0,0,0,0,0,0,0,0,0,0,0,0,0,0,95,2026-02-04 04:57:53.069658
ATMN,24.95,24.66,24.95,,1638100.0,1973100.0,2100.0,,0,0,0,0,0,0,0,0,0,0,0,0,0,0,95,2026-02-04 04:57:53.069658
WNTR,24.67,24.67,24.68,5625.0,1614800.0,2054700.0,3000.0,1200.0,0,0,0,0,0,0,0,0,0,0,0,0,0,0,95,2026-02-04 04:57:53.069658
SPNG,25.13,25.13,25.31,2222400.0,3000.0,5625.0,1551400.0,,,0,0,0,0,0,0,0,0,0,0,0,0,0,96,2026-02-04 04:57:54.102199
SMMR,25.22,25.28,25.4,1896400.0,,,2048100.0,1200.0,,0,0,0,0,0,0,0,0,0,0,0,0,0,96,2026-02-04 04:57:54.102199
ATMN,24.62,24.56,24.62,1654300.0,,5625.0,1836800.0,2100.0,7500.0,0,0,0,0,0,0,0,0,0,0,0,0,0,96,2026-02-04 04:57:54.102199
WNTR,24.71,24.78,24.79,1731800.0,,,2313200.0,3000.0,,0,0,0,0,0,0,0,0,0,0,0,0,0,96,2026-02-04 04:57:54.102199
SPNG,25.81,25.23,25.72,5625.0,2100500.0,2100600.0,7500.0,,,0,0,0,0,0,0,0,0,0,0,0,0,0,97,2026-02-04 04:57:55.132822
SMMR,25.15,25.12,25.13,,1825600.0,1972400.0,,432.0,,0,0,0,0,0,0,0,0,0,0,0,0,0,97,2026-02-04 04:57:55.132822
ATMN,24.62,24.56,24.61,,1179000.0,1449900.0,7500.0,2400.0,3000.0,0,0,0,0,0,0,0,0,0,0,0,0,0,97,2026-02-04 04:57:55.132822
WNTR,24.79,24.67,24.79,,1714700.0,2313200.0,,,3000.0,0,0,0,0,0,0,0,0,0,0,0,0,0,97,2026-02-04 04:57:55.132822
SPNG,25.13,25.03,25.08,2240300.0,1777900.0,2400.0,,,,,0,0,0,0,0,0,0,0,0,0,0,0,98,2026-02-04 04:57:56.166271
SMMR,25.32,25.12,25.23,1946800.0,1870800.0,172.0,,,,,0,0,0,0,0,0,0,0,0,0,0,0,98,2026-02-04 04:57:56.166271
ATMN,24.93,24.61,24.62,1101600.0,1811300.0,,7500.0,3000.0,3125.0,7500.0,0,0,0,0,0,0,0,0,0,0,0,0,98,2026-02-04 04:57:56.166271
WNTR,24.66,24.65,24.66,1859200.0,2191200.0,,,2400.0,5812.0,,0,0,0,0,0,0,0,0,0,0,0,0,98,2026-02-04 04:57:56.166271
SPNG,25.34,25.34,25.35,2120600.0,7500.0,1200.0,1998800.0,,,0,0,0,0,0,0,0,0,0,0,0,0,0,99,2026-02-04 04:57:57.216987
SMMR,25.32,25.22,25.23,1536400.0,7500.0,2742.0,1454500.0,3000.0,,0,0,0,0,0,0,0,0,0,0,0,0,0,99,2026-02-04 04:57:57.216987
ATMN,24.63,24.63,24.93,2160400.0,,,2004200.0,,,0,0,0,0,0,0,0,0,0,0,0,0,0,99,2026-02-04 04:57:57.216987
WNTR,24.75,24.65,24.75,1811000.0,,,2201800.0,2400.0,5812.0,0,0,0,0,0,0,0,0,0,0,0,0,0,99,2026-02-04 04:57:57.216987
SPNG,25.14,25.03,25.14,2204900.0,1645900.0,3000.0,,,,0,0,0,0,0,0,0,0,0,0,0,0,0,100,2026-02-04 04:57:58.262101
SMMR,25.4,25.21,25.4,1640300.0,2034300.0,,7500.0,2400.0,,0,0,0,0,0,0,0,0,0,0,0,0,0,100,2026-02-04 04:57:58.262101
ATMN,24.66,24.72,24.93,1644200.0,1551300.0,3000.0,,3000.0,,0,0,0,0,0,0,0,0,0,0,0,0,0,100,2026-02-04 04:57:58.262101
WNTR,24.6,24.6,24.75,2378700.0,2222900.0,,,,3080.0,0,0,0,0,0,0,0,0,0,0,0,0,0,100,2026-02-04 04:57:58.262101
SPNG,25.31,25.31,25.72,2058300.0,7500.0,2227300.0,,,,,,0,0,0,0,0,0,0,0,0,0,0,101,2026-02-04 04:57:58.804171
SMMR,25.4,25.22,25.28,1542300.0,,1416700.0,7488.0,3000.0,1575.0,7488.0,,0,0,0,0,0,0,0,0,0,0,0,101,2026-02-04 04:57:58.804171
ATMN,24.72,24.72,24.92,1530800.0,,1448900.0,3125.0,3000.0,3000.0,,7500.0,0,0,0,0,0,0,0,0,0,0,0,101,2026-02-04 04:57:58.804171
WNTR,24.73,24.73,24.74,1690900.0,,2111500.0,,3000.0,,3080.0,7500.0,0,0,0,0,0,0,0,0,0,0,0,101,2026-02-04 04:57:58.804171
SPNG,25.32,25.32,25.33,7500.0,2400.0,1642300.0,2400.0,1760700.0,,,,0,0,0,0,0,0,0,0,0,0,0,102,2026-02-04 04:57:59.839725
SMMR,25.12,25.12,25.24,,,2144600.0,,2032200.0,,,,0,0,0,0,0,0,0,0,0,0,0,102,2026-02-04 04:57:59.839725
ATMN,24.93,24.72,24.92,,,2058600.0,,1923700.0,25.0,5000.0,,0,0,0,0,0,0,0,0,0,0,0,102,2026-02-04 04:57:59.839725
WNTR,24.6,24.6,24.64,,600.0,2201000.0,960.0,1579700.0,,7500.0,3080.0,0,0,0,0,0,0,0,0,0,0,0,102,2026-02-04 04:57:59.839725
SPNG,25.35,25.35,25.63,1647600.0,1800.0,2205800.0,,,,0,0,0,0,0,0,0,0,0,0,0,0,0,103,2026-02-04 04:58:00.865426
SMMR,25.19,25.18,25.19,1796100.0,1800.0,1461000.0,6736.0,3000.0,,0,0,0,0,0,0,0,0,0,0,0,0,0,103,2026-02-04 04:58:00.865426
ATMN,24.95,24.72,24.76,1530800.0,3000.0,1556300.0,,3000.0,25.0,0,0,0,0,0,0,0,0,0,0,0,0,0,103,2026-02-04 04:58:00.865426
WNTR,24.61,24.61,24.62,1727400.0,3000.0,1988000.0,,720.0,,0,0,0,0,0,0,0,0,0,0,0,0,0,103,2026-02-04 04:58:00.865426
SPNG,25.36,25.36,25.51,7500.0,6736.0,854100.0,3000.0,2082400.0,6736.0,,,0,0,0,0,0,0,0,0,0,0,0,104,2026-02-04 04:58:01.895221
SMMR,25.24,25.13,25.14,,,1622100.0,1920.0,1565200.0,,3000.0,,0,0,0,0,0,0,0,0,0,0,0,104,2026-02-04 04:58:01.895221
ATMN,24.56,24.68,24.75,,,1634300.0,1500.0,1466300.0,,3000.0,7500.0,0,0,0,0,0,0,0,0,0,0,0,104,2026-02-04 04:58:01.895221
WNTR,24.8,24.8,24.82,,,1715500.0,3000.0,2320900.0,,,,0,0,0,0,0,0,0,0,0,0,0,104,2026-02-04 04:58:01.895221
SPNG,25.51,25.21,25.51,2121200.0,4800.0,2193800.0,,,,,,0,0,0,0,0,0,0,0,0,0,0,105,2026-02-04 04:58:02.926182
SMMR,25.14,25.13,25.14,1515300.0,,1458800.0,1920.0,6730.0,6730.0,3000.0,,0,0,0,0,0,0,0,0,0,0,0,105,2026-02-04 04:58:02.926182
ATMN,24.95,24.71,24.75,1655100.0,,1934400.0,1500.0,,,,7500.0,0,0,0,0,0,0,0,0,0,0,0,105,2026-02-04 04:58:02.926182
WNTR,24.82,24.61,24.82,1726200.0,,2314900.0,3000.0,,,,,0,0,0,0,0,0,0,0,0,0,0,105,2026-02-04 04:58:02.926182
SPNG,25.41,25.22,25.41,4800.0,2121200.0,2194300.0,,,,,0,0,0,0,0,0,0,0,0,0,0,0,106,2026-02-04 04:58:03.957322
SMMR,25.29,25.17,25.28,7500.0,1516900.0,1553000.0,120.0,7500.0,2400.0,,0,0,0,0,0,0,0,0,0,0,0,0,106,2026-02-04 04:58:03.957322
ATMN,24.74,24.92,24.98,7500.0,1424600.0,2012300.0,1500.0,,,6731.0,0,0,0,0,0,0,0,0,0,0,0,0,106,2026-02-04 04:58:03.957322
WNTR,24.78,24.61,24.78,,1724300.0,2347600.0,3000.0,,,,0,0,0,0,0,0,0,0,0,0,0,0,106,2026-02-04 04:58:03.957322
SPNG,25.21,25.21,25.34,2249600.0,600.0,1985800.0,5200.0,,,0,0,0,0,0,0,0,0,0,0,0,0,0,107,2026-02-04 04:58:04.994979
SMMR,25.29,25.2,25.27,1593500.0,3000.0,1432200.0,2500.0,720.0,,0,0,0,0,0,0,0,0,0,0,0,0,0,107,2026-02-04 04:58:04.994979
ATMN,24.77,24.92,24.94,997800.0,,1986900.0,,3000.0,6731.0,0,0,0,0,0,0,0,0,0,0,0,0,0,107,2026-02-04 04:58:04.994979
WNTR,24.78,24.7,24.78,1613000.0,,2347600.0,,3000.0,3080.0,0,0,0,0,0,0,0,0,0,0,0,0,0,107,2026-02-04 04:58:04.994979
SPNG,25.57,25.3,25.31,1550800.0,3000.0,3364.0,600.0,3364.0,1553000.0,,,0,0,0,0,0,0,0,0,0,0,0,108,2026-02-04 04:58:06.034698
SMMR,25.17,25.24,25.28,1488600.0,576.0,6730.0,3000.0,,1436700.0,7500.0,7500.0,0,0,0,0,0,0,0,0,0,0,0,108,2026-02-04 04:58:06.034698
ATMN,24.77,24.92,24.94,1224400.0,3000.0,6731.0,,,2023700.0,,,0,0,0,0,0,0,0,0,0,0,0,108,2026-02-04 04:58:06.034698
WNTR,24.83,24.7,24.83,1602800.0,3000.0,3080.0,,,2328900.0,,,0,0,0,0,0,0,0,0,0,0,0,108,2026-02-04 04:58:06.034698
SPNG,25.57,25.3,25.32,1667900.0,3000.0,3000.0,1225500.0,,,0,0,0,0,0,0,0,0,0,0,0,0,0,109,2026-02-04 04:58:07.071522
SMMR,25.25,25.2,25.25,1585000.0,1780.0,3000.0,1429500.0,5047.0,,0,0,0,0,0,0,0,0,0,0,0,0,0,109,2026-02-04 04:58:07.071522
ATMN,24.77,24.92,24.94,1224400.0,3000.0,,2053300.0,,6731.0,0,0,0,0,0,0,0,0,0,0,0,0,0,109,2026-02-04 04:58:07.071522
WNTR,24.84,24.7,24.84,1646200.0,3000.0,,2364600.0,,3080.0,0,0,0,0,0,0,0,0,0,0,0,0,0,109,2026-02-04 04:58:07.071522
SPNG,25.25,25.21,25.25,2221500.0,1231700.0,3000.0,,,,,0,0,0,0,0,0,0,0,0,0,0,0,110,2026-02-04 04:58:08.105160
SMMR,25.17,25.17,25.24,1900000.0,1532000.0,1800.0,712.0,1.0,5047.0,,0,0,0,0,0,0,0,0,0,0,0,0,110,2026-02-04 04:58:08.105160
ATMN,24.88,24.88,24.94,1341200.0,2059800.0,,3000.0,,,,0,0,0,0,0,0,0,0,0,0,0,0,110,2026-02-04 04:58:08.105160
WNTR,24.84,24.72,24.84,1492400.0,2364600.0,,3000.0,,,6160.0,0,0,0,0,0,0,0,0,0,0,0,0,110,2026-02-04 04:58:08.105160
SPNG,25.25,25.22,25.24,5468.0,2106800.0,5468.0,1231700.0,3000.0,,,,0,0,0,0,0,0,0,0,0,0,0,111,2026-02-04 04:58:09.131460
SMMR,25.17,25.33,25.38,,2035100.0,,2044100.0,,1.0,,,0,0,0,0,0,0,0,0,0,0,0,111,2026-02-04 04:58:09.131460
ATMN,24.75,24.78,24.87,,1233500.0,,1980200.0,,7500.0,3000.0,7500.0,0,0,0,0,0,0,0,0,0,0,0,111,2026-02-04 04:58:09.131460
WNTR,24.85,24.76,24.85,,1720200.0,,2408900.0,,,3000.0,,0,0,0,0,0,0,0,0,0,0,0,111,2026-02-04 04:58:09.131460
SPNG,25.31,25.27,25.31,300.0,1679000.0,1886900.0,1200.0,,,,0,0,0,0,0,0,0,0,0,0,0,0,112,2026-02-04 04:58:10.186413
SMMR,25.32,25.26,25.33,2288.0,1570200.0,1947200.0,600.0,,,,0,0,0,0,0,0,0,0,0,0,0,0,112,2026-02-04 04:58:10.186413
ATMN,24.63,24.79,24.86,3000.0,1565100.0,1970100.0,,4101.0,1930.0,,0,0,0,0,0,0,0,0,0,0,0,0,112,2026-02-04 04:58:10.186413
WNTR,24.85,24.77,24.78,3000.0,1459100.0,2390800.0,,3080.0,,7500.0,0,0,0,0,0,0,0,0,0,0,0,0,112,2026-02-04 04:58:10.186413
SPNG,25.3,25.29,25.3,1260.0,1794400.0,6068.0,1800.0,1782200.0,,,0,0,0,0,0,0,0,0,0,0,0,0,113,2026-02-04 04:58:11.219388
SMMR,25.4,25.26,25.29,3000.0,1222600.0,,1855.0,1527700.0,2648.0,,0,0,0,0,0,0,0,0,0,0,0,0,113,2026-02-04 04:58:11.219388
ATMN,24.93,24.8,24.93,3000.0,1565100.0,,,2047700.0,,5570.0,0,0,0,0,0,0,0,0,0,0,0,0,113,2026-02-04 04:58:11.219388
WNTR,24.75,24.74,24.75,600.0,2109700.0,,,2395500.0,,7500.0,0,0,0,0,0,0,0,0,0,0,0,0,113,2026-02-04 04:58:11.219388
SPNG,25.28,25.31,25.35,1620.0,6908.0,1195100.0,1200.0,1989000.0,,,0,0,0,0,0,0,0,0,0,0,0,0,114,2026-02-04 04:58:12.252375
SMMR,25.32,25.32,25.33,1800.0,,1676500.0,753.0,1753700.0,6930.0,,0,0,0,0,0,0,0,0,0,0,0,0,114,2026-02-04 04:58:12.252375
ATMN,24.65,24.75,24.94,3000.0,,1681200.0,,2068000.0,,,0,0,0,0,0,0,0,0,0,0,0,0,114,2026-02-04 04:58:12.252375
WNTR,24.75,24.72,24.75,,,2357900.0,1680.0,1718000.0,,3080.0,0,0,0,0,0,0,0,0,0,0,0,0,114,2026-02-04 04:58:12.252375
SPNG,25.21,25.21,25.61,2222200.0,2197500.0,,,,,0,0,0,0,0,0,0,0,0,0,0,0,0,115,2026-02-04 04:58:13.297924
SMMR,25.11,25.12,25.16,2036700.0,1743300.0,6930.0,753.0,,,0,0,0,0,0,0,0,0,0,0,0,0,0,115,2026-02-04 04:58:13.297924
ATMN,24.63,24.63,24.93,1658200.0,1948900.0,,,3000.0,6900.0,0,0,0,0,0,0,0,0,0,0,0,0,0,115,2026-02-04 04:58:13.297924
WNTR,24.72,24.72,24.79,2335900.0,1845500.0,,1680.0,,,0,0,0,0,0,0,0,0,0,0,0,0,0,115,2026-02-04 04:58:13.297924
SPNG,25.34,25.5,25.61,2190100.0,2197500.0,,,,,0,0,0,0,0,0,0,0,0,0,0,0,0,116,2026-02-04 04:58:14.354263
SMMR,25.16,25.11,25.16,2160400.0,1464900.0,3000.0,,,,0,0,0,0,0,0,0,0,0,0,0,0,0,116,2026-02-04 04:58:14.354263
ATMN,24.63,24.64,24.89,1505100.0,1948900.0,,7500.0,3000.0,5570.0,0,0,0,0,0,0,0,0,0,0,0,0,0,116,2026-02-04 04:58:14.354263
WNTR,24.86,24.76,24.86,1610200.0,2393100.0,,7500.0,2820.0,,0,0,0,0,0,0,0,0,0,0,0,0,0,116,2026-02-04 04:58:14.354263
SPNG,25.18,25.18,25.61,2195600.0,2183500.0,,,,,,0,0,0,0,0,0,0,0,0,0,0,0,117,2026-02-04 04:58:14.898811
SMMR,25.16,25.13,25.16,1928500.0,1464900.0,6930.0,5945.0,3000.0,,,0,0,0,0,0,0,0,0,0,0,0,0,117,2026-02-04 04:58:14.898811
ATMN,24.63,24.81,24.89,1612900.0,1955000.0,,,,3000.0,6900.0,0,0,0,0,0,0,0,0,0,0,0,0,117,2026-02-04 04:58:14.898811
WNTR,24.86,24.76,24.86,1610200.0,2393100.0,,680.0,,2820.0,,0,0,0,0,0,0,0,0,0,0,0,0,117,2026-02-04 04:58:14.898811
SPNG,25.39,25.06,25.39,2194300.0,2206400.0,,,0,0,0,0,0,0,0,0,0,0,0,0,0,0,0,118,2026-02-04 04:58:15.923945
SMMR,25.19,25.11,25.19,2153300.0,1464700.0,3000.0,,0,0,0,0,0,0,0,0,0,0,0,0,0,0,0,118,2026-02-04 04:58:15.923945
ATMN,24.9,24.81,24.82,1612900.0,2081100.0,,3000.0,0,0,0,0,0,0,0,0,0,0,0,0,0,0,0,118,2026-02-04 04:58:15.923945
WNTR,24.72,24.72,24.77,2098300.0,2157900.0,1200.0,1128.0,0,0,0,0,0,0,0,0,0,0,0,0,0,0,0,118,2026-02-04 04:58:15.923945
SPNG,25.43,25.43,25.45,2074500.0,1140.0,2216300.0,,,0,0,0,0,0,0,0,0,0,0,0,0,0,0,119,2026-02-04 04:58:16.955189
SMMR,25.19,25.24,25.4,1913700.0,6930.0,2081500.0,5945.0,,0,0,0,0,0,0,0,0,0,0,0,0,0,0,119,2026-02-04 04:58:16.955189
ATMN,24.61,24.61,24.81,2133700.0,,1966700.0,,6900.0,0,0,0,0,0,0,0,0,0,0,0,0,0,0,119,2026-02-04 04:58:16.955189
WNTR,24.72,24.7,24.71,2337700.0,,2399300.0,,,0,0,0,0,0,0,0,0,0,0,0,0,0,0,119,2026-02-04 04:58:16.955189
SPNG,25.43,24.11,0.0,200000.0,0,0,0,0,0,0,0,0,0,0,0,0,0,0,0,0,0,0,120,2026-02-04 04:58:17.990455
SMMR,25.25,26.28,0.0,200000.0,0,0,0,0,0,0,0,0,0,0,0,0,0,0,0,0,0,0,120,2026-02-04 04:58:17.990455
ATMN,24.61,24.71,0.0,200000.0,0,0,0,0,0,0,0,0,0,0,0,0,0,0,0,0,0,0,120,2026-02-04 04:58:17.990455
WNTR,24.7,23.53,0.0,200000.0,0,0,0,0,0,0,0,0,0,0,0,0,0,0,0,0,0,0,120,2026-02-04 04:58:17.990455
SPNG,24.14,24.11,24.14,1196500.0,937300.0,,0,0,0,0,0,0,0,0,0,0,0,0,0,0,0,0,121,2026-02-04 04:58:19.023505
SMMR,26.69,26.28,26.45,798500.0,887500.0,6930.0,0,0,0,0,0,0,0,0,0,0,0,0,0,0,0,0,121,2026-02-04 04:58:19.023505
ATMN,24.71,24.71,25.06,842100.0,901400.0,,0,0,0,0,0,0,0,0,0,0,0,0,0,0,0,0,121,2026-02-04 04:58:19.023505
WNTR,23.79,23.53,23.73,970600.0,1254000.0,,0,0,0,0,0,0,0,0,0,0,0,0,0,0,0,0,121,2026-02-04 04:58:19.023505
SPNG,24.14,23.89,24.14,1223000.0,937300.0,0,0,0,0,0,0,0,0,0,0,0,0,0,0,0,0,0,122,2026-02-04 04:58:20.047878
SMMR,26.28,26.28,26.3,798500.0,1056100.0,0,0,0,0,0,0,0,0,0,0,0,0,0,0,0,0,0,122,2026-02-04 04:58:20.047878
ATMN,24.71,24.71,24.79,842100.0,1310600.0,0,0,0,0,0,0,0,0,0,0,0,0,0,0,0,0,0,122,2026-02-04 04:58:20.047878
WNTR,23.53,23.53,23.73,1024600.0,1367500.0,0,0,0,0,0,0,0,0,0,0,0,0,0,0,0,0,0,122,2026-02-04 04:58:20.047878
SPNG,25.96,23.89,25.02,1324400.0,831300.0,0,0,0,0,0,0,0,0,0,0,0,0,0,0,0,0,0,123,2026-02-04 04:58:21.080464
SMMR,25.94,26.06,26.3,1008400.0,1056100.0,0,0,0,0,0,0,0,0,0,0,0,0,0,0,0,0,0,123,2026-02-04 04:58:21.080464
ATMN,24.71,24.71,24.79,842100.0,1595800.0,0,0,0,0,0,0,0,0,0,0,0,0,0,0,0,0,0,123,2026-02-04 04:58:21.080464
WNTR,23.53,23.41,23.49,1041800.0,1372300.0,0,0,0,0,0,0,0,0,0,0,0,0,0,0,0,0,0,123,2026-02-04 04:58:21.080464
SPNG,23.89,23.53,23.8,1188000.0,1287400.0,0,0,0,0,0,0,0,0,0,0,0,0,0,0,0,0,0,124,2026-02-04 04:58:22.115879
SMMR,25.94,26.25,26.3,1234500.0,1152500.0,0,0,0,0,0,0,0,0,0,0,0,0,0,0,0,0,0,124,2026-02-04 04:58:22.115879
ATMN,24.88,24.71,24.72,842100.0,1699800.0,0,0,0,0,0,0,0,0,0,0,0,0,0,0,0,0,0,124,2026-02-04 04:58:22.115879
WNTR,23.49,23.55,23.78,1427300.0,1225700.0,0,0,0,0,0,0,0,0,0,0,0,0,0,0,0,0,0,124,2026-02-04 04:58:22.115879
SPNG,23.8,23.8,23.89,1437900.0,1383800.0,3000.0,,,,0,0,0,0,0,0,0,0,0,0,0,0,0,125,2026-02-04 04:58:23.142199
SMMR,26.29,26.34,26.45,1321400.0,1175400.0,,7500.0,3000.0,,0,0,0,0,0,0,0,0,0,0,0,0,0,125,2026-02-04 04:58:23.142199
ATMN,24.75,24.76,24.88,1077200.0,1585000.0,,,2400.0,,0,0,0,0,0,0,0,0,0,0,0,0,0,125,2026-02-04 04:58:23.142199
WNTR,23.59,23.59,23.77,1579200.0,1335700.0,,7500.0,,7500.0,0,0,0,0,0,0,0,0,0,0,0,0,0,125,2026-02-04 04:58:23.142199
SPNG,24.7,23.81,24.6,7500.0,1437900.0,7500.0,1387000.0,3000.0,,,0,0,0,0,0,0,0,0,0,0,0,0,126,2026-02-04 04:58:24.168600
SMMR,26.25,26.25,26.29,,1348200.0,,1397400.0,,3000.0,,0,0,0,0,0,0,0,0,0,0,0,0,126,2026-02-04 04:58:24.168600
ATMN,24.71,24.77,24.87,,940000.0,5625.0,1585000.0,,3000.0,5625.0,0,0,0,0,0,0,0,0,0,0,0,0,126,2026-02-04 04:58:24.168600
WNTR,23.59,23.59,23.63,,1698700.0,,1581800.0,,3000.0,,0,0,0,0,0,0,0,0,0,0,0,0,126,2026-02-04 04:58:24.168600
SPNG,23.65,23.6,23.65,7500.0,1570100.0,1506100.0,3000.0,,,,,0,0,0,0,0,0,0,0,0,0,0,127,2026-02-04 04:58:25.202374
SMMR,26.42,26.42,26.45,,1458500.0,1388300.0,,5625.0,3000.0,,,0,0,0,0,0,0,0,0,0,0,0,127,2026-02-04 04:58:25.202374
ATMN,24.83,24.71,24.83,,1065000.0,1800900.0,,,3000.0,,,0,0,0,0,0,0,0,0,0,0,0,127,2026-02-04 04:58:25.202374
WNTR,23.59,23.6,23.61,,1805400.0,1723900.0,,5625.0,3000.0,2600.0,5625.0,0,0,0,0,0,0,0,0,0,0,0,127,2026-02-04 04:58:25.202374
SPNG,23.66,24.1,24.26,1806000.0,7500.0,7500.0,1480700.0,3000.0,,,,0,0,0,0,0,0,0,0,0,0,0,128,2026-02-04 04:58:26.234996
SMMR,26.42,26.25,26.39,1348200.0,,,1671800.0,,3000.0,,,0,0,0,0,0,0,0,0,0,0,0,128,2026-02-04 04:58:26.234996
ATMN,24.71,24.71,24.82,1279600.0,,,1800900.0,,3000.0,7500.0,4218.0,0,0,0,0,0,0,0,0,0,0,0,128,2026-02-04 04:58:26.234996
WNTR,23.57,23.57,23.61,1678500.0,,,1869500.0,,3000.0,2600.0,,0,0,0,0,0,0,0,0,0,0,0,128,2026-02-04 04:58:26.234996
SPNG,24.21,24.11,24.21,10000.0,1806000.0,1610600.0,3000.0,,,,,0,0,0,0,0,0,0,0,0,0,0,129,2026-02-04 04:58:27.261099
SMMR,26.42,26.26,26.38,,1408000.0,1761300.0,,6258.0,3000.0,6258.0,,0,0,0,0,0,0,0,0,0,0,0,129,2026-02-04 04:58:27.261099
ATMN,24.88,24.72,24.8,,1493200.0,1699600.0,,,3000.0,,7500.0,0,0,0,0,0,0,0,0,0,0,0,129,2026-02-04 04:58:27.261099
WNTR,23.63,23.57,23.61,,1807200.0,1825100.0,,,3000.0,750.0,,0,0,0,0,0,0,0,0,0,0,0,129,2026-02-04 04:58:27.261099
SPNG,23.76,23.64,23.76,1817700.0,10000.0,1507600.0,7312.0,3000.0,,0,0,0,0,0,0,0,0,0,0,0,0,0,130,2026-02-04 04:58:28.298214
SMMR,26.29,26.29,26.39,1510500.0,,1761300.0,,,3000.0,0,0,0,0,0,0,0,0,0,0,0,0,0,130,2026-02-04 04:58:28.298214
ATMN,25.06,24.73,25.06,1493200.0,7500.0,1378500.0,,,3000.0,0,0,0,0,0,0,0,0,0,0,0,0,0,130,2026-02-04 04:58:28.298214
WNTR,23.55,23.54,23.55,1914600.0,,2074800.0,750.0,,2400.0,0,0,0,0,0,0,0,0,0,0,0,0,0,130,2026-02-04 04:58:28.298214
SPNG,24.6,23.64,24.6,2086000.0,1612900.0,,,,,,0,0,0,0,0,0,0,0,0,0,0,0,131,2026-02-04 04:58:29.346076
SMMR,26.25,26.3,26.38,1616900.0,1847400.0,7500.0,6258.0,1200.0,2500.0,,0,0,0,0,0,0,0,0,0,0,0,0,131,2026-02-04 04:58:29.346076
ATMN,25.07,24.73,25.07,1499200.0,1382500.0,,7049.0,3000.0,,,0,0,0,0,0,0,0,0,0,0,0,0,131,2026-02-04 04:58:29.346076
WNTR,23.46,23.46,23.55,1931500.0,2185800.0,,,,,750.0,0,0,0,0,0,0,0,0,0,0,0,0,131,2026-02-04 04:58:29.346076
SPNG,23.77,23.69,23.77,2207700.0,4360.0,1642800.0,3000.0,,,0,0,0,0,0,0,0,0,0,0,0,0,0,132,2026-02-04 04:58:30.404312
SMMR,26.24,26.31,26.33,1713200.0,,1751900.0,,2500.0,,0,0,0,0,0,0,0,0,0,0,0,0,0,132,2026-02-04 04:58:30.404312
ATMN,24.96,24.86,24.94,1618600.0,,1507600.0,,,3000.0,0,0,0,0,0,0,0,0,0,0,0,0,0,132,2026-02-04 04:58:30.404312
WNTR,23.64,23.64,23.66,1925100.0,,2039100.0,,7500.0,2400.0,0,0,0,0,0,0,0,0,0,0,0,0,0,132,2026-02-04 04:58:30.404312
SPNG,23.77,23.97,24.5,2301100.0,10000.0,4360.0,3000.0,4360.0,1502300.0,,0,0,0,0,0,0,0,0,0,0,0,0,133,2026-02-04 04:58:30.963728
SMMR,26.24,26.31,26.33,1831300.0,,6258.0,,,1861300.0,,0,0,0,0,0,0,0,0,0,0,0,0,133,2026-02-04 04:58:30.963728
ATMN,25.16,24.96,25.16,1421300.0,7500.0,7049.0,,,1191100.0,3000.0,0,0,0,0,0,0,0,0,0,0,0,0,133,2026-02-04 04:58:30.963728
WNTR,23.64,23.64,23.66,1925100.0,,,,,2288700.0,2400.0,0,0,0,0,0,0,0,0,0,0,0,0,133,2026-02-04 04:58:30.963728
SPNG,23.69,23.89,24.06,2475900.0,1625800.0,3000.0,,,0,0,0,0,0,0,0,0,0,0,0,0,0,0,134,2026-02-04 04:58:31.992925
SMMR,26.32,26.32,26.33,1950000.0,1861300.0,600.0,600.0,,0,0,0,0,0,0,0,0,0,0,0,0,0,0,134,2026-02-04 04:58:31.992925
ATMN,25.16,24.96,25.08,1528300.0,1399300.0,,3000.0,7049.0,0,0,0,0,0,0,0,0,0,0,0,0,0,0,134,2026-02-04 04:58:31.992925
WNTR,23.54,23.47,23.54,1797900.0,1882200.0,600.0,,,0,0,0,0,0,0,0,0,0,0,0,0,0,0,134,2026-02-04 04:58:31.992925
SPNG,24.06,23.89,24.06,2554100.0,1674500.0,3000.0,,0,0,0,0,0,0,0,0,0,0,0,0,0,0,0,135,2026-02-04 04:58:33.019391
SMMR,26.24,26.24,26.33,1932700.0,1861300.0,600.0,600.0,0,0,0,0,0,0,0,0,0,0,0,0,0,0,0,135,2026-02-04 04:58:33.019391
ATMN,25.16,24.96,25.08,1649800.0,1515400.0,,3000.0,0,0,0,0,0,0,0,0,0,0,0,0,0,0,0,135,2026-02-04 04:58:33.019391
WNTR,23.52,23.52,23.66,1775800.0,2288700.0,,,0,0,0,0,0,0,0,0,0,0,0,0,0,0,0,135,2026-02-04 04:58:33.019391
SPNG,24.06,23.92,24.06,4303.0,2388300.0,1691200.0,3000.0,,,0,0,0,0,0,0,0,0,0,0,0,0,0,136,2026-02-04 04:58:34.047182
SMMR,26.29,26.28,26.3,,1604500.0,1579600.0,2400.0,2400.0,,0,0,0,0,0,0,0,0,0,0,0,0,0,136,2026-02-04 04:58:34.047182
ATMN,24.96,25.01,25.08,,1565900.0,1622300.0,,3000.0,7500.0,0,0,0,0,0,0,0,0,0,0,0,0,0,136,2026-02-04 04:58:34.047182
WNTR,23.68,23.42,23.68,,1666700.0,2177700.0,,,2500.0,0,0,0,0,0,0,0,0,0,0,0,0,0,136,2026-02-04 04:58:34.047182
SPNG,23.89,23.89,24.12,2538700.0,1800.0,1750700.0,,,,0,0,0,0,0,0,0,0,0,0,0,0,0,137,2026-02-04 04:58:35.077177
SMMR,26.46,26.19,26.46,1946200.0,,1553700.0,,,,0,0,0,0,0,0,0,0,0,0,0,0,0,137,2026-02-04 04:58:35.077177
ATMN,24.86,24.86,25.08,1630700.0,,1622300.0,3000.0,,,0,0,0,0,0,0,0,0,0,0,0,0,0,137,2026-02-04 04:58:35.077177
WNTR,23.68,23.55,23.57,1666700.0,840.0,2174600.0,600.0,5737.0,7500.0,0,0,0,0,0,0,0,0,0,0,0,0,0,137,2026-02-04 04:58:35.077177
SPNG,24.16,24.27,24.58,2365500.0,4303.0,1618700.0,,,,,0,0,0,0,0,0,0,0,0,0,0,0,138,2026-02-04 04:58:36.105749
SMMR,26.29,26.19,26.22,2062700.0,,1656300.0,,,,,0,0,0,0,0,0,0,0,0,0,0,0,138,2026-02-04 04:58:36.105749
ATMN,25.08,24.97,25.06,1524800.0,7500.0,1622300.0,3000.0,3900.0,7500.0,,0,0,0,0,0,0,0,0,0,0,0,0,138,2026-02-04 04:58:36.105749
WNTR,23.56,23.56,23.57,1768600.0,7500.0,2049200.0,,,7500.0,840.0,0,0,0,0,0,0,0,0,0,0,0,0,138,2026-02-04 04:58:36.105749
SPNG,23.89,23.89,24.58,2538700.0,1863900.0,,,0,0,0,0,0,0,0,0,0,0,0,0,0,0,0,139,2026-02-04 04:58:37.144274
SMMR,26.49,26.43,26.49,2055400.0,1449100.0,,,0,0,0,0,0,0,0,0,0,0,0,0,0,0,0,139,2026-02-04 04:58:37.144274
ATMN,25.08,25.05,25.06,1631200.0,1714000.0,3000.0,7500.0,0,0,0,0,0,0,0,0,0,0,0,0,0,0,0,139,2026-02-04 04:58:37.144274
WNTR,23.68,23.56,23.68,1768600.0,2443300.0,2400.0,,0,0,0,0,0,0,0,0,0,0,0,0,0,0,0,139,2026-02-04 04:58:37.144274
SPNG,23.89,23.89,24.13,2538700.0,2136300.0,5625.0,,,0,0,0,0,0,0,0,0,0,0,0,0,0,0,140,2026-02-04 04:58:38.177426
SMMR,26.35,26.21,26.35,2059300.0,1653900.0,5625.0,7500.0,,0,0,0,0,0,0,0,0,0,0,0,0,0,0,140,2026-02-04 04:58:38.177426
ATMN,25.05,24.97,25.0,1625100.0,1724600.0,,,3000.0,0,0,0,0,0,0,0,0,0,0,0,0,0,0,140,2026-02-04 04:58:38.177426
WNTR,23.34,23.34,23.6,1536900.0,2338400.0,,7500.0,,0,0,0,0,0,0,0,0,0,0,0,0,0,0,140,2026-02-04 04:58:38.177426
SPNG,23.89,23.97,24.12,2377100.0,1400.0,7500.0,1597400.0,1500.0,,,0,0,0,0,0,0,0,0,0,0,0,0,141,2026-02-04 04:58:39.208017
SMMR,26.26,26.25,26.26,1931500.0,,,1552000.0,,600.0,5625.0,0,0,0,0,0,0,0,0,0,0,0,0,141,2026-02-04 04:58:39.208017
ATMN,24.86,24.86,25.14,2204800.0,,,1720600.0,,,,0,0,0,0,0,0,0,0,0,0,0,0,141,2026-02-04 04:58:39.208017
WNTR,23.34,23.55,23.57,1773300.0,,7500.0,1751200.0,2460.0,2520.0,,0,0,0,0,0,0,0,0,0,0,0,0,141,2026-02-04 04:58:39.208017
SPNG,23.89,24.05,24.09,3000.0,6200.0,5000.0,1576800.0,3000.0,1650300.0,7500.0,0,0,0,0,0,0,0,0,0,0,0,0,142,2026-02-04 04:58:40.241298
SMMR,26.41,26.41,26.49,600.0,,,1943600.0,,1449100.0,,0,0,0,0,0,0,0,0,0,0,0,0,142,2026-02-04 04:58:40.241298
ATMN,25.16,25.07,25.13,2400.0,7500.0,,1620800.0,,1726700.0,7500.0,0,0,0,0,0,0,0,0,0,0,0,0,142,2026-02-04 04:58:40.241298
WNTR,23.34,23.55,23.56,3000.0,,,1737200.0,3000.0,1515500.0,7500.0,0,0,0,0,0,0,0,0,0,0,0,0,142,2026-02-04 04:58:40.241298
SPNG,24.11,23.97,24.11,2486000.0,2078700.0,1200.0,,,,,,0,0,0,0,0,0,0,0,0,0,0,143,2026-02-04 04:58:41.283974
SMMR,26.29,26.45,26.48,1935900.0,1362200.0,,600.0,5625.0,,,,0,0,0,0,0,0,0,0,0,0,0,143,2026-02-04 04:58:41.283974
ATMN,25.28,25.08,25.28,1985000.0,1534000.0,,,,7500.0,7500.0,,0,0,0,0,0,0,0,0,0,0,0,143,2026-02-04 04:58:41.283974
WNTR,23.5,23.34,23.41,1985900.0,1540100.0,3000.0,,,,,7500.0,0,0,0,0,0,0,0,0,0,0,0,143,2026-02-04 04:58:41.283974
SPNG,23.84,23.9,24.06,2502900.0,5000.0,1200.0,1990600.0,,,,,0,0,0,0,0,0,0,0,0,0,0,144,2026-02-04 04:58:42.319106
SMMR,26.45,26.45,26.48,1525600.0,,,1657300.0,3000.0,5625.0,,,0,0,0,0,0,0,0,0,0,0,0,144,2026-02-04 04:58:42.319106
ATMN,25.36,25.08,25.15,1854100.0,,1200.0,1530700.0,600.0,,7500.0,7500.0,0,0,0,0,0,0,0,0,0,0,0,144,2026-02-04 04:58:42.319106
WNTR,23.59,23.51,23.59,1985900.0,,708.0,2242700.0,,,7031.0,7500.0,0,0,0,0,0,0,0,0,0,0,0,144,2026-02-04 04:58:42.319106
SPNG,24.13,23.9,24.06,2502100.0,7031.0,1800.0,1855400.0,,,0,0,0,0,0,0,0,0,0,0,0,0,0,145,2026-02-04 04:58:43.350279
SMMR,26.45,26.32,26.37,1542900.0,5625.0,,1884100.0,3000.0,,0,0,0,0,0,0,0,0,0,0,0,0,0,145,2026-02-04 04:58:43.350279
ATMN,24.92,24.96,25.18,1734400.0,,2520.0,1540800.0,2400.0,,0,0,0,0,0,0,0,0,0,0,0,0,0,145,2026-02-04 04:58:43.350279
WNTR,23.59,23.54,23.55,1718200.0,,708.0,2216200.0,240.0,7031.0,0,0,0,0,0,0,0,0,0,0,0,0,0,145,2026-02-04 04:58:43.350279
SPNG,24.13,23.9,24.13,2502100.0,2305300.0,,,0,0,0,0,0,0,0,0,0,0,0,0,0,0,0,146,2026-02-04 04:58:44.381674
SMMR,26.24,26.21,26.23,2025400.0,1915700.0,7500.0,,0,0,0,0,0,0,0,0,0,0,0,0,0,0,0,146,2026-02-04 04:58:44.381674
ATMN,25.41,24.96,25.41,1734400.0,1535400.0,,2400.0,0,0,0,0,0,0,0,0,0,0,0,0,0,0,0,146,2026-02-04 04:58:44.381674
WNTR,23.45,23.61,23.62,2351400.0,2497500.0,,,0,0,0,0,0,0,0,0,0,0,0,0,0,0,0,146,2026-02-04 04:58:44.381674
SPNG,24.32,23.92,24.32,6093.0,2322200.0,2296300.0,,,0,0,0,0,0,0,0,0,0,0,0,0,0,0,147,2026-02-04 04:58:45.414821
SMMR,26.33,26.34,26.37,,1918700.0,1967300.0,7500.0,,0,0,0,0,0,0,0,0,0,0,0,0,0,0,147,2026-02-04 04:58:45.414821
ATMN,24.92,24.92,25.41,,2208200.0,1535400.0,,,0,0,0,0,0,0,0,0,0,0,0,0,0,0,147,2026-02-04 04:58:45.414821
WNTR,23.61,23.54,23.61,,1848800.0,2498800.0,,2760.0,0,0,0,0,0,0,0,0,0,0,0,0,0,0,147,2026-02-04 04:58:45.414821
SPNG,23.94,23.93,23.94,7500.0,20272.0,1913700.0,2171800.0,7500.0,,0,0,0,0,0,0,0,0,0,0,0,0,0,148,2026-02-04 04:58:46.462326
SMMR,26.37,26.34,26.37,,2432.0,1940900.0,1967300.0,,,0,0,0,0,0,0,0,0,0,0,0,0,0,148,2026-02-04 04:58:46.462326
ATMN,24.94,24.92,24.94,,,2219100.0,1623300.0,,2432.0,0,0,0,0,0,0,0,0,0,0,0,0,0,148,2026-02-04 04:58:46.462326
WNTR,23.38,23.43,23.61,,,2349100.0,2498800.0,,,0,0,0,0,0,0,0,0,0,0,0,0,0,148,2026-02-04 04:58:46.462326
SPNG,24.19,23.93,24.19,1800.0,10000.0,1652400.0,2289400.0,,,0,0,0,0,0,0,0,0,0,0,0,0,0,149,2026-02-04 04:58:47.529671
SMMR,26.51,26.33,26.51,3000.0,,1536400.0,1868700.0,,,0,0,0,0,0,0,0,0,0,0,0,0,0,149,2026-02-04 04:58:47.529671
ATMN,25.11,24.94,25.11,600.0,,2040400.0,1529200.0,7500.0,3000.0,0,0,0,0,0,0,0,0,0,0,0,0,0,149,2026-02-04 04:58:47.529671
WNTR,23.6,23.6,23.61,,,2244100.0,2241700.0,,600.0,0,0,0,0,0,0,0,0,0,0,0,0,0,149,2026-02-04 04:58:47.529671
SPNG,24.32,23.94,24.18,7500.0,1800.0,20272.0,1286500.0,7500.0,2170300.0,,0,0,0,0,0,0,0,0,0,0,0,0,150,2026-02-04 04:58:48.069348
SMMR,26.52,26.34,26.52,4400.0,3000.0,,1447600.0,,1846100.0,,0,0,0,0,0,0,0,0,0,0,0,0,150,2026-02-04 04:58:48.069348
ATMN,25.13,25.13,25.29,,600.0,,2072700.0,,1574400.0,3000.0,0,0,0,0,0,0,0,0,0,0,0,0,150,2026-02-04 04:58:48.069348
WNTR,23.6,23.6,23.61,7500.0,,2432.0,2244100.0,,2223300.0,600.0,0,0,0,0,0,0,0,0,0,0,0,0,150,2026-02-04 04:58:48.069348
SPNG,24.32,23.96,24.07,3000.0,20272.0,1137200.0,1200.0,2070800.0,,,0,0,0,0,0,0,0,0,0,0,0,0,151,2026-02-04 04:58:49.110116
SMMR,26.41,26.46,26.52,,1832.0,1970500.0,,1846100.0,,,0,0,0,0,0,0,0,0,0,0,0,0,151,2026-02-04 04:58:49.110116
ATMN,24.86,24.95,25.1,,1366.0,2072500.0,3000.0,1414000.0,1366.0,7500.0,0,0,0,0,0,0,0,0,0,0,0,0,151,2026-02-04 04:58:49.110116
WNTR,23.67,23.6,23.67,2445.0,2432.0,1737600.0,,2475600.0,,,0,0,0,0,0,0,0,0,0,0,0,0,151,2026-02-04 04:58:49.110116
SPNG,23.95,23.94,23.95,1800.0,1743100.0,1727600.0,2100.0,0,0,0,0,0,0,0,0,0,0,0,0,0,0,0,152,2026-02-04 04:58:50.142802
SMMR,26.33,26.32,26.33,1800.0,1754600.0,1442300.0,3000.0,0,0,0,0,0,0,0,0,0,0,0,0,0,0,0,152,2026-02-04 04:58:50.142802
ATMN,25.32,25.32,25.33,840.0,1652200.0,1747300.0,600.0,0,0,0,0,0,0,0,0,0,0,0,0,0,0,0,152,2026-02-04 04:58:50.142802
WNTR,23.53,23.52,23.53,1200.0,2010500.0,2126000.0,1800.0,0,0,0,0,0,0,0,0,0,0,0,0,0,0,0,152,2026-02-04 04:58:50.142802
SPNG,24.43,23.97,24.43,7500.0,272.0,1800.0,1485700.0,2270300.0,,,0,0,0,0,0,0,0,0,0,0,0,0,153,2026-02-04 04:58:51.177622
SMMR,26.39,26.32,26.33,,,1800.0,1764400.0,1354400.0,1832.0,3000.0,0,0,0,0,0,0,0,0,0,0,0,0,153,2026-02-04 04:58:51.177622
ATMN,25.33,24.97,25.33,,,840.0,1640000.0,1834700.0,,,0,0,0,0,0,0,0,0,0,0,0,0,153,2026-02-04 04:58:51.177622
WNTR,23.68,23.52,23.68,,,1200.0,1986300.0,2484300.0,,,0,0,0,0,0,0,0,0,0,0,0,0,153,2026-02-04 04:58:51.177622
SPNG,23.91,23.9,23.91,2391200.0,2138700.0,2500.0,,,,,,0,0,0,0,0,0,0,0,0,0,0,154,2026-02-04 04:58:52.216040
SMMR,26.46,26.33,26.34,1569500.0,1350500.0,,3000.0,3000.0,1832.0,,,0,0,0,0,0,0,0,0,0,0,0,154,2026-02-04 04:58:52.216040
ATMN,25.35,25.06,25.35,1419300.0,1652300.0,,2400.0,2400.0,,7500.0,7110.0,0,0,0,0,0,0,0,0,0,0,0,154,2026-02-04 04:58:52.216040
WNTR,23.72,23.54,23.56,1433200.0,2143700.0,,3000.0,1800.0,,7500.0,,0,0,0,0,0,0,0,0,0,0,0,154,2026-02-04 04:58:52.216040
SPNG,23.91,24.27,24.41,7500.0,2249000.0,7500.0,2124000.0,,,,,0,0,0,0,0,0,0,0,0,0,0,155,2026-02-04 04:58:53.242036
SMMR,26.46,26.33,26.34,,1582600.0,,1374300.0,3000.0,3000.0,1832.0,,0,0,0,0,0,0,0,0,0,0,0,155,2026-02-04 04:58:53.242036
ATMN,25.35,25.13,25.2,7500.0,1395900.0,,1719400.0,2400.0,2400.0,,7110.0,0,0,0,0,0,0,0,0,0,0,0,155,2026-02-04 04:58:53.242036
WNTR,23.72,23.54,23.56,2500.0,1391000.0,,2143700.0,3000.0,1800.0,,,0,0,0,0,0,0,0,0,0,0,0,155,2026-02-04 04:58:53.242036
SPNG,24.27,23.96,24.04,2700.0,1736800.0,3000.0,1591600.0,6180.0,,0,0,0,0,0,0,0,0,0,0,0,0,0,156,2026-02-04 04:58:54.273301
SMMR,26.29,26.29,26.34,600.0,1963600.0,1200.0,1482400.0,,,0,0,0,0,0,0,0,0,0,0,0,0,0,156,2026-02-04 04:58:54.273301
ATMN,25.13,25.13,25.18,3000.0,1504300.0,3000.0,1603800.0,,7110.0,0,0,0,0,0,0,0,0,0,0,0,0,0,156,2026-02-04 04:58:54.273301
WNTR,23.65,23.65,23.72,3000.0,1535700.0,,2510700.0,,,0,0,0,0,0,0,0,0,0,0,0,0,0,156,2026-02-04 04:58:54.273301
SPNG,24.11,23.96,24.03,2700.0,1773000.0,2129800.0,5722.0,,,,,0,0,0,0,0,0,0,0,0,0,0,157,2026-02-04 04:58:55.316955
SMMR,26.29,26.29,26.51,,2071200.0,1740500.0,,7500.0,,,,0,0,0,0,0,0,0,0,0,0,0,157,2026-02-04 04:58:55.316955
ATMN,25.13,25.17,25.18,3000.0,1344100.0,1603800.0,,,7500.0,7110.0,3000.0,0,0,0,0,0,0,0,0,0,0,0,157,2026-02-04 04:58:55.316955
WNTR,23.72,23.74,23.76,3000.0,1381700.0,2527500.0,,,2500.0,5722.0,,0,0,0,0,0,0,0,0,0,0,0,157,2026-02-04 04:58:55.316955
SPNG,24.26,24.0,24.02,1626200.0,5000.0,2700.0,7500.0,11902.0,1917700.0,,0,0,0,0,0,0,0,0,0,0,0,0,158,2026-02-04 04:58:56.348623
SMMR,26.21,26.34,26.5,1559300.0,,3000.0,7500.0,6191.0,1740500.0,,0,0,0,0,0,0,0,0,0,0,0,0,158,2026-02-04 04:58:56.348623
ATMN,25.13,25.17,25.18,1586300.0,,3000.0,,,1594900.0,3000.0,0,0,0,0,0,0,0,0,0,0,0,0,158,2026-02-04 04:58:56.348623
WNTR,23.65,23.65,23.76,1590500.0,,3000.0,,,2502800.0,,0,0,0,0,0,0,0,0,0,0,0,0,158,2026-02-04 04:58:56.348623
SPNG,24.31,23.96,24.2,2700.0,1768500.0,2273500.0,,,0,0,0,0,0,0,0,0,0,0,0,0,0,0,159,2026-02-04 04:58:57.383727
SMMR,26.21,26.41,26.42,3000.0,1559700.0,1839800.0,7500.0,,0,0,0,0,0,0,0,0,0,0,0,0,0,0,159,2026-02-04 04:58:57.383727
ATMN,25.13,25.13,25.18,3000.0,1620900.0,1586500.0,,3000.0,0,0,0,0,0,0,0,0,0,0,0,0,0,0,159,2026-02-04 04:58:57.383727
WNTR,23.57,23.57,23.66,3000.0,1537300.0,2461700.0,,,0,0,0,0,0,0,0,0,0,0,0,0,0,0,159,2026-02-04 04:58:57.383727
SPNG,23.85,23.85,24.02,2417500.0,2181200.0,5000.0,,,0,0,0,0,0,0,0,0,0,0,0,0,0,0,160,2026-02-04 04:58:58.411206
SMMR,26.5,26.41,26.5,1559700.0,1939400.0,,3000.0,,0,0,0,0,0,0,0,0,0,0,0,0,0,0,160,2026-02-04 04:58:58.411206
ATMN,25.06,25.06,25.18,1893500.0,1579700.0,,1800.0,3000.0,0,0,0,0,0,0,0,0,0,0,0,0,0,0,160,2026-02-04 04:58:58.411206
WNTR,23.52,23.52,23.66,2149000.0,2503100.0,,600.0,,0,0,0,0,0,0,0,0,0,0,0,0,0,0,160,2026-02-04 04:58:58.411206
SPNG,24.2,24.16,24.18,1908600.0,1800.0,7382.0,5000.0,2212600.0,,,,0,0,0,0,0,0,0,0,0,0,0,161,2026-02-04 04:58:59.447379
SMMR,26.55,26.41,26.55,1952300.0,,6191.0,,1723700.0,,,,0,0,0,0,0,0,0,0,0,0,0,161,2026-02-04 04:58:59.447379
ATMN,25.06,25.14,25.16,1881800.0,600.0,7382.0,7500.0,1380200.0,7500.0,7382.0,3000.0,0,0,0,0,0,0,0,0,0,0,0,161,2026-02-04 04:58:59.447379
WNTR,23.65,23.65,23.66,2038800.0,600.0,,,2503100.0,5722.0,,,0,0,0,0,0,0,0,0,0,0,0,161,2026-02-04 04:58:59.447379
SPNG,24.08,23.94,24.06,2420900.0,12500.0,2132800.0,,,,0,0,0,0,0,0,0,0,0,0,0,0,0,162,2026-02-04 04:59:00.479466
SMMR,26.2,26.34,26.55,2032500.0,,1914200.0,,,,0,0,0,0,0,0,0,0,0,0,0,0,0,162,2026-02-04 04:59:00.479466
ATMN,25.2,25.07,25.2,1993700.0,,1568900.0,7500.0,600.0,3000.0,0,0,0,0,0,0,0,0,0,0,0,0,0,162,2026-02-04 04:59:00.479466
WNTR,23.53,23.64,23.66,2029800.0,,2505700.0,2300.0,600.0,,0,0,0,0,0,0,0,0,0,0,0,0,0,162,2026-02-04 04:59:00.479466
SPNG,23.94,23.94,24.07,2278500.0,7500.0,3800.0,7500.0,1574500.0,3000.0,,,0,0,0,0,0,0,0,0,0,0,0,163,2026-02-04 04:59:01.518811
SMMR,26.45,26.45,26.53,1307900.0,7500.0,,7500.0,1838800.0,,3700.0,3000.0,0,0,0,0,0,0,0,0,0,0,0,163,2026-02-04 04:59:01.518811
ATMN,24.92,24.92,25.11,2249700.0,,,,1568900.0,3000.0,,,0,0,0,0,0,0,0,0,0,0,0,163,2026-02-04 04:59:01.518811
WNTR,23.73,23.73,23.74,1767000.0,,,,2514800.0,,,3000.0,0,0,0,0,0,0,0,0,0,0,0,163,2026-02-04 04:59:01.518811
SPNG,24.22,24.07,24.22,360.0,7500.0,1895500.0,2304500.0,,,0,0,0,0,0,0,0,0,0,0,0,0,0,164,2026-02-04 04:59:02.583385
SMMR,26.35,26.34,26.35,1200.0,3800.0,1741900.0,1949400.0,,,0,0,0,0,0,0,0,0,0,0,0,0,0,164,2026-02-04 04:59:02.583385
ATMN,25.26,25.09,25.26,1200.0,,1666000.0,1493100.0,5625.0,3000.0,0,0,0,0,0,0,0,0,0,0,0,0,0,164,2026-02-04 04:59:02.583385
WNTR,23.52,23.6,23.67,1800.0,,2019000.0,2536200.0,,,0,0,0,0,0,0,0,0,0,0,0,0,0,164,2026-02-04 04:59:02.583385
SPNG,24.12,24.08,24.12,7500.0,600.0,1663900.0,2315100.0,,0,0,0,0,0,0,0,0,0,0,0,0,0,0,165,2026-02-04 04:59:03.647688
SMMR,26.34,26.34,26.35,3800.0,1200.0,1741900.0,1935900.0,,0,0,0,0,0,0,0,0,0,0,0,0,0,0,165,2026-02-04 04:59:03.647688
ATMN,25.12,25.09,25.12,,1200.0,1666000.0,1595500.0,3000.0,0,0,0,0,0,0,0,0,0,0,0,0,0,0,165,2026-02-04 04:59:03.647688
WNTR,23.52,23.6,23.67,,1800.0,2019000.0,2543000.0,,0,0,0,0,0,0,0,0,0,0,0,0,0,0,165,2026-02-04 04:59:03.647688
SPNG,24.42,24.07,24.42,600.0,1802400.0,2281100.0,,,,0,0,0,0,0,0,0,0,0,0,0,0,0,166,2026-02-04 04:59:04.190612
SMMR,26.34,26.34,26.35,1200.0,1846000.0,1956800.0,,,,0,0,0,0,0,0,0,0,0,0,0,0,0,166,2026-02-04 04:59:04.190612
ATMN,25.1,25.1,25.12,1200.0,1422900.0,1595500.0,7500.0,7500.0,3000.0,0,0,0,0,0,0,0,0,0,0,0,0,0,166,2026-02-04 04:59:04.190612
WNTR,23.69,23.69,23.73,1800.0,1889700.0,2558800.0,7500.0,,,0,0,0,0,0,0,0,0,0,0,0,0,0,166,2026-02-04 04:59:04.190612
SPNG,24.42,24.08,24.1,7500.0,1800.0,1089100.0,3000.0,7500.0,1631200.0,0,0,0,0,0,0,0,0,0,0,0,0,0,167,2026-02-04 04:59:05.232186
SMMR,26.39,26.35,26.37,3800.0,3000.0,1429500.0,1800.0,6300.0,1382000.0,0,0,0,0,0,0,0,0,0,0,0,0,0,167,2026-02-04 04:59:05.232186
ATMN,25.1,24.92,25.06,,,2249700.0,3000.0,,1562300.0,0,0,0,0,0,0,0,0,0,0,0,0,0,167,2026-02-04 04:59:05.232186
WNTR,23.54,23.53,23.54,,600.0,2298500.0,1800.0,,2168700.0,0,0,0,0,0,0,0,0,0,0,0,0,0,167,2026-02-04 04:59:05.232186
SPNG,24.42,24.08,24.1,7500.0,1800.0,1096000.0,3000.0,1735400.0,,0,0,0,0,0,0,0,0,0,0,0,0,0,168,2026-02-04 04:59:06.269477
SMMR,26.41,26.36,26.41,3800.0,3000.0,1309200.0,1080.0,1673300.0,6300.0,0,0,0,0,0,0,0,0,0,0,0,0,0,168,2026-02-04 04:59:06.269477
ATMN,25.06,25.18,25.31,,,2233600.0,3000.0,1583900.0,,0,0,0,0,0,0,0,0,0,0,0,0,0,168,2026-02-04 04:59:06.269477
WNTR,23.54,23.61,23.63,,600.0,2296500.0,1800.0,2188800.0,,0,0,0,0,0,0,0,0,0,0,0,0,0,168,2026-02-04 04:59:06.269477
SPNG,24.42,23.97,24.42,7500.0,2277300.0,2282400.0,,,,0,0,0,0,0,0,0,0,0,0,0,0,0,169,2026-02-04 04:59:07.293291
SMMR,26.34,26.34,26.39,,1846400.0,1443400.0,1200.0,1440.0,6200.0,0,0,0,0,0,0,0,0,0,0,0,0,0,169,2026-02-04 04:59:07.293291
ATMN,25.35,25.2,25.35,1200.0,1622800.0,1573000.0,1440.0,3000.0,,0,0,0,0,0,0,0,0,0,0,0,0,0,169,2026-02-04 04:59:07.293291
WNTR,23.58,23.56,23.58,6200.0,1657800.0,1981000.0,3000.0,3000.0,,0,0,0,0,0,0,0,0,0,0,0,0,0,169,2026-02-04 04:59:07.293291
SPNG,24.43,23.97,24.01,7500.0,2277300.0,2320300.0,,,,0,0,0,0,0,0,0,0,0,0,0,0,0,170,2026-02-04 04:59:08.324202
SMMR,26.25,26.25,26.38,,2053600.0,1443400.0,3700.0,1440.0,,0,0,0,0,0,0,0,0,0,0,0,0,0,170,2026-02-04 04:59:08.324202
ATMN,24.9,24.9,25.3,,2260100.0,1428200.0,,3000.0,5325.0,0,0,0,0,0,0,0,0,0,0,0,0,0,170,2026-02-04 04:59:08.324202
WNTR,23.52,23.5,23.52,,2418400.0,1694500.0,4900.0,3000.0,7500.0,0,0,0,0,0,0,0,0,0,0,0,0,0,170,2026-02-04 04:59:08.324202
SPNG,24.01,24.0,24.01,2800.0,6000.0,2175900.0,2090600.0,2500.0,6000.0,,0,0,0,0,0,0,0,0,0,0,0,0,171,2026-02-04 04:59:09.355572
SMMR,26.25,26.25,26.36,,,2049400.0,1333300.0,11200.0,,1440.0,0,0,0,0,0,0,0,0,0,0,0,0,171,2026-02-04 04:59:09.355572
ATMN,25.35,25.35,25.36,,1875.0,2139600.0,1577000.0,,,3000.0,0,0,0,0,0,0,0,0,0,0,0,0,171,2026-02-04 04:59:09.355572
WNTR,23.52,23.5,23.52,,,2418400.0,1711000.0,4900.0,7500.0,3000.0,0,0,0,0,0,0,0,0,0,0,0,0,171,2026-02-04 04:59:09.355572
SPNG,24.04,23.98,24.04,7500.0,2286800.0,1755100.0,3000.0,,,,0,0,0,0,0,0,0,0,0,0,0,0,172,2026-02-04 04:59:10.389666
SMMR,26.39,26.26,26.34,,1922600.0,1224000.0,1080.0,6093.0,1900.0,6093.0,0,0,0,0,0,0,0,0,0,0,0,0,172,2026-02-04 04:59:10.389666
ATMN,24.83,25.35,25.36,7500.0,1968400.0,1577000.0,3000.0,1875.0,,,0,0,0,0,0,0,0,0,0,0,0,0,172,2026-02-04 04:59:10.389666
WNTR,23.58,23.52,23.57,7500.0,2280200.0,1808400.0,3000.0,,6900.0,,0,0,0,0,0,0,0,0,0,0,0,0,172,2026-02-04 04:59:10.389666
SPNG,24.04,24.01,24.03,5500.0,7500.0,2128300.0,7500.0,1529600.0,2500.0,3000.0,0,0,0,0,0,0,0,0,0,0,0,0,173,2026-02-04 04:59:11.483632
SMMR,26.24,26.24,26.34,,,2034500.0,,1333300.0,700.0,1080.0,0,0,0,0,0,0,0,0,0,0,0,0,173,2026-02-04 04:59:11.483632
ATMN,25.34,24.83,25.17,,,2203700.0,,1577100.0,,3000.0,0,0,0,0,0,0,0,0,0,0,0,0,173,2026-02-04 04:59:11.483632
WNTR,23.58,23.56,23.58,,,2406800.0,,1943800.0,,3000.0,0,0,0,0,0,0,0,0,0,0,0,0,173,2026-02-04 04:59:11.483632
SPNG,24.32,23.91,24.32,7500.0,2255600.0,2285600.0,,0,0,0,0,0,0,0,0,0,0,0,0,0,0,0,174,2026-02-04 04:59:12.516239
SMMR,26.34,26.37,26.48,2500.0,1846800.0,1932000.0,324.0,0,0,0,0,0,0,0,0,0,0,0,0,0,0,0,174,2026-02-04 04:59:12.516239
ATMN,25.28,25.29,25.34,,2216000.0,2122500.0,,0,0,0,0,0,0,0,0,0,0,0,0,0,0,0,174,2026-02-04 04:59:12.516239
WNTR,23.66,23.68,23.69,,2371300.0,2571200.0,,0,0,0,0,0,0,0,0,0,0,0,0,0,0,0,174,2026-02-04 04:59:12.516239
SPNG,24.32,24.13,24.15,2095900.0,7500.0,1200.0,2290900.0,,,0,0,0,0,0,0,0,0,0,0,0,0,0,175,2026-02-04 04:59:13.547977
SMMR,26.34,26.44,26.47,1815300.0,7500.0,,1830800.0,324.0,6093.0,0,0,0,0,0,0,0,0,0,0,0,0,0,175,2026-02-04 04:59:13.547977
ATMN,24.8,24.8,25.34,2175700.0,,,2032300.0,,6276.0,0,0,0,0,0,0,0,0,0,0,0,0,0,175,2026-02-04 04:59:13.547977
WNTR,23.65,23.56,23.65,2406800.0,,,2479600.0,,6276.0,0,0,0,0,0,0,0,0,0,0,0,0,0,175,2026-02-04 04:59:13.547977
SPNG,24.15,23.88,24.15,7500.0,4362.0,2123100.0,2290900.0,,,0,0,0,0,0,0,0,0,0,0,0,0,0,176,2026-02-04 04:59:14.573918
SMMR,26.24,26.24,26.47,,,2028300.0,1947400.0,,,0,0,0,0,0,0,0,0,0,0,0,0,0,176,2026-02-04 04:59:14.573918
ATMN,24.76,24.76,25.34,,,2177700.0,1602500.0,3000.0,,0,0,0,0,0,0,0,0,0,0,0,0,0,176,2026-02-04 04:59:14.573918
WNTR,23.49,23.49,23.62,,,2447400.0,1838700.0,3000.0,6276.0,0,0,0,0,0,0,0,0,0,0,0,0,0,176,2026-02-04 04:59:14.573918
SPNG,23.86,23.86,24.24,2380400.0,2276300.0,,0,0,0,0,0,0,0,0,0,0,0,0,0,0,0,0,177,2026-02-04 04:59:15.622319
SMMR,26.45,26.41,26.45,2003300.0,1950400.0,,0,0,0,0,0,0,0,0,0,0,0,0,0,0,0,0,177,2026-02-04 04:59:15.622319
ATMN,24.76,25.06,25.34,2178000.0,1602500.0,3000.0,0,0,0,0,0,0,0,0,0,0,0,0,0,0,0,0,177,2026-02-04 04:59:15.622319
WNTR,23.49,23.49,23.62,2455600.0,1972900.0,3000.0,0,0,0,0,0,0,0,0,0,0,0,0,0,0,0,0,177,2026-02-04 04:59:15.622319
SPNG,23.84,23.84,24.25,2396200.0,2308600.0,,,0,0,0,0,0,0,0,0,0,0,0,0,0,0,0,178,2026-02-04 04:59:16.671279
SMMR,26.42,26.42,26.45,1593500.0,1964400.0,1572.0,,0,0,0,0,0,0,0,0,0,0,0,0,0,0,0,178,2026-02-04 04:59:16.671279
ATMN,25.39,25.19,25.39,1637600.0,2132000.0,935.0,,0,0,0,0,0,0,0,0,0,0,0,0,0,0,0,178,2026-02-04 04:59:16.671279
WNTR,23.49,23.49,23.58,2489800.0,1983400.0,,3000.0,0,0,0,0,0,0,0,0,0,0,0,0,0,0,0,178,2026-02-04 04:59:16.671279
SPNG,24.25,23.93,24.25,2407500.0,2308600.0,,,0,0,0,0,0,0,0,0,0,0,0,0,0,0,0,179,2026-02-04 04:59:17.709803
SMMR,26.41,26.35,26.4,1590000.0,1972600.0,1572.0,,0,0,0,0,0,0,0,0,0,0,0,0,0,0,0,179,2026-02-04 04:59:17.709803
ATMN,24.8,25.12,25.15,2201700.0,2174000.0,,,0,0,0,0,0,0,0,0,0,0,0,0,0,0,0,179,2026-02-04 04:59:17.709803
WNTR,23.49,23.49,23.57,2489600.0,1980800.0,,3000.0,0,0,0,0,0,0,0,0,0,0,0,0,0,0,0,179,2026-02-04 04:59:17.709803
SPNG,23.93,24.11,0.0,200000.0,0,0,0,0,0,0,0,0,0,0,0,0,0,0,0,0,0,0,180,2026-02-04 04:59:18.248209
SMMR,26.45,25.28,0.0,200000.0,0,0,0,0,0,0,0,0,0,0,0,0,0,0,0,0,0,0,180,2026-02-04 04:59:18.248209
ATMN,25.12,26.49,0.0,200000.0,0,0,0,0,0,0,0,0,0,0,0,0,0,0,0,0,0,0,180,2026-02-04 04:59:18.248209
WNTR,23.65,25.03,0.0,200000.0,0,0,0,0,0,0,0,0,0,0,0,0,0,0,0,0,0,0,180,2026-02-04 04:59:18.248209
SPNG,24.11,24.11,24.22,1057900.0,894400.0,0,0,0,0,0,0,0,0,0,0,0,0,0,0,0,0,0,181,2026-02-04 04:59:19.280321
SMMR,25.28,25.28,26.27,782900.0,704500.0,0,0,0,0,0,0,0,0,0,0,0,0,0,0,0,0,0,181,2026-02-04 04:59:19.280321
ATMN,26.49,25.96,26.49,1058400.0,753700.0,0,0,0,0,0,0,0,0,0,0,0,0,0,0,0,0,0,181,2026-02-04 04:59:19.280321
WNTR,25.03,25.03,25.05,1064800.0,875700.0,0,0,0,0,0,0,0,0,0,0,0,0,0,0,0,0,0,181,2026-02-04 04:59:19.280321
SPNG,24.11,24.11,24.13,1057900.0,1227800.0,0,0,0,0,0,0,0,0,0,0,0,0,0,0,0,0,0,182,2026-02-04 04:59:20.383253
SMMR,25.28,25.39,25.41,881900.0,904300.0,0,0,0,0,0,0,0,0,0,0,0,0,0,0,0,0,0,182,2026-02-04 04:59:20.383253
ATMN,26.39,26.26,26.39,1161000.0,856800.0,0,0,0,0,0,0,0,0,0,0,0,0,0,0,0,0,0,182,2026-02-04 04:59:20.383253
WNTR,25.05,25.11,25.33,1201500.0,988400.0,0,0,0,0,0,0,0,0,0,0,0,0,0,0,0,0,0,182,2026-02-04 04:59:20.383253
SPNG,24.17,23.94,24.17,1077000.0,1114400.0,0,0,0,0,0,0,0,0,0,0,0,0,0,0,0,0,0,183,2026-02-04 04:59:21.412598
SMMR,25.39,25.39,25.41,881900.0,1100700.0,0,0,0,0,0,0,0,0,0,0,0,0,0,0,0,0,0,183,2026-02-04 04:59:21.412598
ATMN,26.63,26.67,27.03,1482400.0,772600.0,0,0,0,0,0,0,0,0,0,0,0,0,0,0,0,0,0,183,2026-02-04 04:59:21.412598
WNTR,25.11,25.03,25.06,1064800.0,1357600.0,0,0,0,0,0,0,0,0,0,0,0,0,0,0,0,0,0,183,2026-02-04 04:59:21.412598
SPNG,23.94,23.73,23.78,1204100.0,1229500.0,0,0,0,0,0,0,0,0,0,0,0,0,0,0,0,0,0,184,2026-02-04 04:59:22.442885
SMMR,25.28,25.28,25.37,791000.0,1328400.0,0,0,0,0,0,0,0,0,0,0,0,0,0,0,0,0,0,184,2026-02-04 04:59:22.442885
ATMN,26.63,26.67,26.76,1482400.0,1010200.0,0,0,0,0,0,0,0,0,0,0,0,0,0,0,0,0,0,184,2026-02-04 04:59:22.442885
WNTR,25.03,24.98,25.0,964800.0,1714500.0,0,0,0,0,0,0,0,0,0,0,0,0,0,0,0,0,0,184,2026-02-04 04:59:22.442885
SPNG,24.31,24.32,24.44,1302300.0,787700.0,,,0,0,0,0,0,0,0,0,0,0,0,0,0,0,0,185,2026-02-04 04:59:23.476514
SMMR,24.91,25.26,25.36,1130900.0,1328400.0,7500.0,7500.0,0,0,0,0,0,0,0,0,0,0,0,0,0,0,0,185,2026-02-04 04:59:23.476514
ATMN,26.57,26.26,26.57,1472400.0,1102800.0,,,0,0,0,0,0,0,0,0,0,0,0,0,0,0,0,185,2026-02-04 04:59:23.476514
WNTR,24.98,24.98,25.0,1200900.0,1714500.0,,,0,0,0,0,0,0,0,0,0,0,0,0,0,0,0,185,2026-02-04 04:59:23.476514
SPNG,23.77,23.88,24.27,1427500.0,7500.0,913800.0,,,,0,0,0,0,0,0,0,0,0,0,0,0,0,186,2026-02-04 04:59:24.505087
SMMR,24.91,25.29,25.35,930500.0,7500.0,1441900.0,7500.0,7500.0,7500.0,0,0,0,0,0,0,0,0,0,0,0,0,0,186,2026-02-04 04:59:24.505087
ATMN,26.49,26.49,26.5,1586500.0,,1287700.0,,,7500.0,0,0,0,0,0,0,0,0,0,0,0,0,0,186,2026-02-04 04:59:24.505087
WNTR,24.79,24.96,25.05,1089000.0,,1603200.0,,7500.0,,0,0,0,0,0,0,0,0,0,0,0,0,0,186,2026-02-04 04:59:24.505087
SPNG,23.88,23.73,23.78,1537600.0,1048300.0,2400.0,,,0,0,0,0,0,0,0,0,0,0,0,0,0,0,187,2026-02-04 04:59:25.538406
SMMR,24.95,25.05,25.34,1137800.0,1556100.0,,2175.0,,0,0,0,0,0,0,0,0,0,0,0,0,0,0,187,2026-02-04 04:59:25.538406
ATMN,26.48,26.26,26.48,1472400.0,1331200.0,2285.0,,7500.0,0,0,0,0,0,0,0,0,0,0,0,0,0,0,187,2026-02-04 04:59:25.538406
WNTR,25.03,25.03,25.04,1330200.0,1380600.0,600.0,2400.0,,0,0,0,0,0,0,0,0,0,0,0,0,0,0,187,2026-02-04 04:59:25.538406
SPNG,24.09,24.09,24.27,1632000.0,7500.0,7500.0,1014600.0,2400.0,,,0,0,0,0,0,0,0,0,0,0,0,0,188,2026-02-04 04:59:26.572120
SMMR,25.24,25.05,25.23,1137800.0,7500.0,,1653000.0,,2175.0,,0,0,0,0,0,0,0,0,0,0,0,0,188,2026-02-04 04:59:26.572120
ATMN,26.5,26.26,26.5,1472400.0,,,1298500.0,2285.0,,7500.0,0,0,0,0,0,0,0,0,0,0,0,0,188,2026-02-04 04:59:26.572120
WNTR,24.98,24.98,25.04,1444400.0,7500.0,,1490300.0,600.0,,7500.0,0,0,0,0,0,0,0,0,0,0,0,0,188,2026-02-04 04:59:26.572120
SPNG,23.96,23.9,23.96,7500.0,1760400.0,983100.0,600.0,,,,0,0,0,0,0,0,0,0,0,0,0,0,189,2026-02-04 04:59:27.608051
SMMR,25.05,25.05,25.22,,1458200.0,1653000.0,,1305.0,2500.0,,0,0,0,0,0,0,0,0,0,0,0,0,189,2026-02-04 04:59:27.608051
ATMN,26.24,26.24,26.3,,1582200.0,1465700.0,1657.0,,,7500.0,0,0,0,0,0,0,0,0,0,0,0,0,189,2026-02-04 04:59:27.608051
WNTR,25.04,25.04,25.05,,1662400.0,1490300.0,450.0,600.0,,,0,0,0,0,0,0,0,0,0,0,0,0,189,2026-02-04 04:59:27.608051
SPNG,24.39,23.73,23.96,1760400.0,7500.0,909800.0,,,,,0,0,0,0,0,0,0,0,0,0,0,0,190,2026-02-04 04:59:28.652783
SMMR,25.34,25.18,25.21,1120100.0,,1556100.0,7500.0,3000.0,2500.0,,0,0,0,0,0,0,0,0,0,0,0,0,190,2026-02-04 04:59:28.652783
ATMN,26.12,26.12,26.3,1576900.0,7500.0,1209600.0,,,,3000.0,0,0,0,0,0,0,0,0,0,0,0,0,190,2026-02-04 04:59:28.652783
WNTR,25.04,25.04,25.05,1877400.0,,1627300.0,,600.0,,450.0,0,0,0,0,0,0,0,0,0,0,0,0,190,2026-02-04 04:59:28.652783
SPNG,23.96,23.92,23.95,2210100.0,7500.0,7500.0,7500.0,7500.0,909800.0,,,0,0,0,0,0,0,0,0,0,0,0,191,2026-02-04 04:59:29.710190
SMMR,25.34,25.35,25.37,1034200.0,2500.0,7500.0,,,1553600.0,3000.0,,0,0,0,0,0,0,0,0,0,0,0,191,2026-02-04 04:59:29.710190
ATMN,26.13,26.19,26.3,1670000.0,,,7500.0,,1209600.0,,3000.0,0,0,0,0,0,0,0,0,0,0,0,191,2026-02-04 04:59:29.710190
WNTR,25.04,25.04,25.05,2108000.0,,,,,1744000.0,600.0,450.0,0,0,0,0,0,0,0,0,0,0,0,191,2026-02-04 04:59:29.710190
SPNG,23.96,24.27,24.29,3000.0,1606800.0,7500.0,1150800.0,2100.0,0,0,0,0,0,0,0,0,0,0,0,0,0,0,192,2026-02-04 04:59:30.806973
SMMR,25.37,25.28,25.37,3000.0,1443400.0,,1784100.0,,0,0,0,0,0,0,0,0,0,0,0,0,0,0,192,2026-02-04 04:59:30.806973
ATMN,26.39,26.39,26.49,,1759100.0,,1404000.0,3000.0,0,0,0,0,0,0,0,0,0,0,0,0,0,0,192,2026-02-04 04:59:30.806973
WNTR,25.04,25.04,25.05,3000.0,1759700.0,,1677100.0,1620.0,0,0,0,0,0,0,0,0,0,0,0,0,0,0,192,2026-02-04 04:59:30.806973
SPNG,23.9,24.27,24.29,7500.0,2330300.0,1150800.0,2100.0,,,0,0,0,0,0,0,0,0,0,0,0,0,0,193,2026-02-04 04:59:31.378123
SMMR,25.37,25.28,25.31,,1338600.0,1871500.0,,2500.0,3000.0,0,0,0,0,0,0,0,0,0,0,0,0,0,193,2026-02-04 04:59:31.378123
ATMN,26.57,26.39,26.42,,1759100.0,1545900.0,,7500.0,,0,0,0,0,0,0,0,0,0,0,0,0,0,193,2026-02-04 04:59:31.378123
WNTR,25.04,25.04,25.05,,1759700.0,1637400.0,1620.0,,3000.0,0,0,0,0,0,0,0,0,0,0,0,0,0,193,2026-02-04 04:59:31.378123
SPNG,24.06,23.9,24.06,2232400.0,7500.0,1281200.0,2100.0,,0,0,0,0,0,0,0,0,0,0,0,0,0,0,194,2026-02-04 04:59:32.459702
SMMR,25.18,25.18,25.31,1431300.0,,1969000.0,,3000.0,0,0,0,0,0,0,0,0,0,0,0,0,0,0,194,2026-02-04 04:59:32.459702
ATMN,26.39,26.39,26.54,1670000.0,7500.0,1645500.0,,,0,0,0,0,0,0,0,0,0,0,0,0,0,0,194,2026-02-04 04:59:32.459702
WNTR,25.12,25.04,25.12,1764200.0,,2086600.0,,3000.0,0,0,0,0,0,0,0,0,0,0,0,0,0,0,194,2026-02-04 04:59:32.459702
SPNG,24.52,24.52,24.8,2088900.0,600.0,5625.0,1026000.0,,,0,0,0,0,0,0,0,0,0,0,0,0,0,195,2026-02-04 04:59:33.485478
SMMR,25.37,25.22,25.36,1527200.0,3000.0,,1914000.0,7500.0,,0,0,0,0,0,0,0,0,0,0,0,0,0,195,2026-02-04 04:59:33.485478
ATMN,26.12,26.12,26.42,1576900.0,,,1410600.0,,3000.0,0,0,0,0,0,0,0,0,0,0,0,0,0,195,2026-02-04 04:59:33.485478
WNTR,25.05,25.05,25.06,1800100.0,3000.0,,1976900.0,,972.0,0,0,0,0,0,0,0,0,0,0,0,0,0,195,2026-02-04 04:59:33.485478
SPNG,24.52,24.53,24.77,7500.0,6675.0,1956400.0,600.0,1303600.0,6675.0,,,0,0,0,0,0,0,0,0,0,0,0,196,2026-02-04 04:59:34.515398
SMMR,25.37,25.29,25.35,2500.0,6675.0,1292700.0,3000.0,1836400.0,6675.0,7500.0,,0,0,0,0,0,0,0,0,0,0,0,196,2026-02-04 04:59:34.515398
ATMN,26.4,26.13,26.17,7500.0,,1682200.0,,1885000.0,,,,0,0,0,0,0,0,0,0,0,0,0,196,2026-02-04 04:59:34.515398
WNTR,25.04,25.04,25.06,1852.0,,1661600.0,3000.0,1970600.0,,,972.0,0,0,0,0,0,0,0,0,0,0,0,196,2026-02-04 04:59:34.515398
SPNG,23.99,23.99,24.17,2359400.0,1429300.0,,,,,0,0,0,0,0,0,0,0,0,0,0,0,0,197,2026-02-04 04:59:35.556374
SMMR,25.39,25.39,25.41,1411000.0,1992000.0,7500.0,3000.0,,,0,0,0,0,0,0,0,0,0,0,0,0,0,197,2026-02-04 04:59:35.556374
ATMN,26.4,26.13,26.17,2006400.0,1809700.0,3148.0,,3300.0,,0,0,0,0,0,0,0,0,0,0,0,0,0,197,2026-02-04 04:59:35.556374
WNTR,25.0,25.04,25.06,2110300.0,2000900.0,1852.0,600.0,,972.0,0,0,0,0,0,0,0,0,0,0,0,0,0,197,2026-02-04 04:59:35.556374
SPNG,24.13,23.79,24.13,2435100.0,1469700.0,7500.0,3000.0,,0,0,0,0,0,0,0,0,0,0,0,0,0,0,198,2026-02-04 04:59:36.587818
SMMR,25.41,25.28,25.41,1502200.0,1992000.0,,,3000.0,0,0,0,0,0,0,0,0,0,0,0,0,0,0,198,2026-02-04 04:59:36.587818
ATMN,26.54,26.12,26.54,2123600.0,1745100.0,,,,0,0,0,0,0,0,0,0,0,0,0,0,0,0,198,2026-02-04 04:59:36.587818
WNTR,25.07,25.0,25.07,2359100.0,2227300.0,,,,0,0,0,0,0,0,0,0,0,0,0,0,0,0,198,2026-02-04 04:59:36.587818
SPNG,24.13,23.79,24.11,2326100.0,7500.0,1379800.0,6675.0,3000.0,,0,0,0,0,0,0,0,0,0,0,0,0,0,199,2026-02-04 04:59:37.624740
SMMR,25.24,25.24,25.39,1519800.0,,1930700.0,5006.0,,3000.0,0,0,0,0,0,0,0,0,0,0,0,0,0,199,2026-02-04 04:59:37.624740
ATMN,26.62,26.12,26.62,2125800.0,,1689600.0,,,,0,0,0,0,0,0,0,0,0,0,0,0,0,199,2026-02-04 04:59:37.624740
WNTR,25.07,25.08,25.15,2320800.0,,2103800.0,,,,0,0,0,0,0,0,0,0,0,0,0,0,0,199,2026-02-04 04:59:37.624740
SPNG,24.1,23.77,24.1,2358700.0,7500.0,6675.0,1394400.0,3000.0,,,,0,0,0,0,0,0,0,0,0,0,0,200,2026-02-04 04:59:38.659794
SMMR,25.24,25.32,25.38,1333600.0,7500.0,5831.0,1859500.0,,5831.0,3000.0,7500.0,0,0,0,0,0,0,0,0,0,0,0,200,2026-02-04 04:59:38.659794
ATMN,26.26,26.13,26.26,1987600.0,,,1565300.0,2400.0,,,3148.0,0,0,0,0,0,0,0,0,0,0,0,200,2026-02-04 04:59:38.659794
WNTR,25.09,25.09,25.14,1561600.0,,5831.0,2243400.0,,5831.0,3000.0,7500.0,0,0,0,0,0,0,0,0,0,0,0,200,2026-02-04 04:59:38.659794
SPNG,24.1,23.92,24.08,2325800.0,6900.0,6675.0,1394400.0,3000.0,,,0,0,0,0,0,0,0,0,0,0,0,0,201,2026-02-04 04:59:39.690224
SMMR,25.33,25.31,25.33,1542100.0,,,2058800.0,,3000.0,,0,0,0,0,0,0,0,0,0,0,0,0,201,2026-02-04 04:59:39.690224
ATMN,26.26,26.13,26.25,1981900.0,,3992.0,1459400.0,2400.0,,3148.0,0,0,0,0,0,0,0,0,0,0,0,0,201,2026-02-04 04:59:39.690224
WNTR,25.03,25.02,25.03,2029100.0,,,2402200.0,,1800.0,,0,0,0,0,0,0,0,0,0,0,0,0,201,2026-02-04 04:59:39.690224
SPNG,24.1,23.92,24.07,2322300.0,6900.0,1496500.0,3000.0,0,0,0,0,0,0,0,0,0,0,0,0,0,0,0,202,2026-02-04 04:59:40.733925
SMMR,25.24,25.24,25.33,2030000.0,,2058800.0,,0,0,0,0,0,0,0,0,0,0,0,0,0,0,0,202,2026-02-04 04:59:40.733925
ATMN,26.25,26.25,26.26,2097700.0,,1562900.0,2400.0,0,0,0,0,0,0,0,0,0,0,0,0,0,0,0,202,2026-02-04 04:59:40.733925
WNTR,24.98,24.98,24.99,2362700.0,,2431800.0,,0,0,0,0,0,0,0,0,0,0,0,0,0,0,0,202,2026-02-04 04:59:40.733925
SPNG,24.17,23.92,24.05,2346700.0,6900.0,1459600.0,3000.0,,,,,0,0,0,0,0,0,0,0,0,0,0,203,2026-02-04 04:59:41.797688
SMMR,25.24,25.26,25.32,1717100.0,,1968200.0,,1800.0,5006.0,,,0,0,0,0,0,0,0,0,0,0,0,203,2026-02-04 04:59:41.797688
ATMN,26.55,26.55,26.56,1496200.0,,1793100.0,600.0,600.0,,3992.0,,0,0,0,0,0,0,0,0,0,0,0,203,2026-02-04 04:59:41.797688
WNTR,25.03,24.99,25.03,2139300.0,,2402200.0,,,,3481.0,5652.0,0,0,0,0,0,0,0,0,0,0,0,203,2026-02-04 04:59:41.797688
SPNG,24.16,23.94,23.98,2236800.0,6883.0,1521800.0,6883.0,3000.0,,,0,0,0,0,0,0,0,0,0,0,0,0,204,2026-02-04 04:59:42.845692
SMMR,25.25,25.25,25.31,1815400.0,,1847500.0,5006.0,,1200.0,7500.0,0,0,0,0,0,0,0,0,0,0,0,0,204,2026-02-04 04:59:42.845692
ATMN,26.12,26.12,26.52,2090000.0,,1794600.0,,600.0,,,0,0,0,0,0,0,0,0,0,0,0,0,204,2026-02-04 04:59:42.845692
WNTR,25.03,25.12,25.17,2269400.0,3481.0,2392400.0,,,,,0,0,0,0,0,0,0,0,0,0,0,0,204,2026-02-04 04:59:42.845692
SPNG,23.98,24.08,24.17,2251900.0,6900.0,1619900.0,3000.0,,,,0,0,0,0,0,0,0,0,0,0,0,0,205,2026-02-04 04:59:43.401957
SMMR,25.32,25.25,25.31,1815400.0,,1959200.0,,1200.0,5006.0,,0,0,0,0,0,0,0,0,0,0,0,0,205,2026-02-04 04:59:43.401957
ATMN,26.12,26.3,26.43,1984300.0,7500.0,1723700.0,600.0,,,7500.0,0,0,0,0,0,0,0,0,0,0,0,0,205,2026-02-04 04:59:43.401957
WNTR,25.18,25.13,25.18,2269400.0,5652.0,2365700.0,,,,,0,0,0,0,0,0,0,0,0,0,0,0,205,2026-02-04 04:59:43.401957
SPNG,23.92,23.92,24.16,2346700.0,7118.0,1670500.0,1800.0,,0,0,0,0,0,0,0,0,0,0,0,0,0,0,206,2026-02-04 04:59:44.431817
SMMR,25.17,25.17,25.31,1945900.0,5006.0,1978200.0,,,0,0,0,0,0,0,0,0,0,0,0,0,0,0,206,2026-02-04 04:59:44.431817
ATMN,26.51,26.13,26.28,1964500.0,,1842200.0,600.0,7500.0,0,0,0,0,0,0,0,0,0,0,0,0,0,0,206,2026-02-04 04:59:44.431817
WNTR,24.97,25.13,25.18,2264200.0,,2365700.0,,5652.0,0,0,0,0,0,0,0,0,0,0,0,0,0,0,206,2026-02-04 04:59:44.431817
SPNG,24.22,24.3,24.37,2364900.0,1585700.0,3000.0,,0,0,0,0,0,0,0,0,0,0,0,0,0,0,0,207,2026-02-04 04:59:45.459882
SMMR,25.15,25.15,25.29,1957200.0,1528200.0,3000.0,,0,0,0,0,0,0,0,0,0,0,0,0,0,0,0,207,2026-02-04 04:59:45.459882
ATMN,26.51,26.1,26.51,2073400.0,1445300.0,2100.0,,0,0,0,0,0,0,0,0,0,0,0,0,0,0,0,207,2026-02-04 04:59:45.459882
WNTR,25.13,25.04,25.16,1780500.0,2366300.0,,3000.0,0,0,0,0,0,0,0,0,0,0,0,0,0,0,0,207,2026-02-04 04:59:45.459882
SPNG,24.3,23.93,24.06,7500.0,2230300.0,7500.0,1434300.0,4469.0,3000.0,,0,0,0,0,0,0,0,0,0,0,0,0,208,2026-02-04 04:59:46.493028
SMMR,25.23,25.28,25.29,,2036500.0,,1437100.0,5006.0,3000.0,,0,0,0,0,0,0,0,0,0,0,0,0,208,2026-02-04 04:59:46.493028
ATMN,26.51,26.1,26.13,,2075000.0,52.0,1255600.0,7118.0,2100.0,,0,0,0,0,0,0,0,0,0,0,0,0,208,2026-02-04 04:59:46.493028
WNTR,25.03,25.02,25.03,,2033800.0,,2378400.0,,,1800.0,0,0,0,0,0,0,0,0,0,0,0,0,208,2026-02-04 04:59:46.493028
SPNG,24.07,23.93,24.07,7500.0,2228000.0,4469.0,1517800.0,3000.0,,,,0,0,0,0,0,0,0,0,0,0,0,209,2026-02-04 04:59:47.528197
SMMR,25.15,25.18,25.19,7500.0,1394600.0,5006.0,1329500.0,3000.0,2695.0,7500.0,,0,0,0,0,0,0,0,0,0,0,0,209,2026-02-04 04:59:47.528197
ATMN,26.34,26.29,26.34,,1454100.0,,1068100.0,3000.0,2160.0,,5131.0,0,0,0,0,0,0,0,0,0,0,0,209,2026-02-04 04:59:47.528197
WNTR,25.14,25.02,25.13,,2033800.0,,2377900.0,,1800.0,,,0,0,0,0,0,0,0,0,0,0,0,209,2026-02-04 04:59:47.528197
SPNG,24.19,24.19,24.25,2335400.0,1641500.0,3000.0,,,0,0,0,0,0,0,0,0,0,0,0,0,0,0,210,2026-02-04 04:59:48.569770
SMMR,25.19,25.17,25.19,1535700.0,1448300.0,3000.0,2695.0,5006.0,0,0,0,0,0,0,0,0,0,0,0,0,0,0,210,2026-02-04 04:59:48.569770
ATMN,26.1,26.1,26.4,2075000.0,1066000.0,3000.0,,,0,0,0,0,0,0,0,0,0,0,0,0,0,0,210,2026-02-04 04:59:48.569770
WNTR,25.14,25.02,25.14,2033800.0,2279600.0,,1800.0,6806.0,0,0,0,0,0,0,0,0,0,0,0,0,0,0,210,2026-02-04 04:59:48.569770
SPNG,23.91,23.91,24.25,2325900.0,1644400.0,3000.0,,,,,0,0,0,0,0,0,0,0,0,0,0,0,211,2026-02-04 04:59:49.602340
SMMR,25.17,25.16,25.17,1508300.0,1439200.0,3000.0,2695.0,5006.0,,,0,0,0,0,0,0,0,0,0,0,0,0,211,2026-02-04 04:59:49.602340
ATMN,26.18,26.1,26.17,2045700.0,992800.0,3000.0,,,5000.0,,0,0,0,0,0,0,0,0,0,0,0,0,211,2026-02-04 04:59:49.602340
WNTR,25.02,25.03,25.12,2033800.0,2270800.0,,1200.0,6806.0,,5000.0,0,0,0,0,0,0,0,0,0,0,0,0,211,2026-02-04 04:59:49.602340
SPNG,23.91,23.89,23.91,2347200.0,1551500.0,3359.0,3000.0,,0,0,0,0,0,0,0,0,0,0,0,0,0,0,212,2026-02-04 04:59:50.635949
SMMR,25.17,25.16,25.17,1500000.0,1452300.0,5006.0,3000.0,2695.0,0,0,0,0,0,0,0,0,0,0,0,0,0,0,212,2026-02-04 04:59:50.635949
ATMN,26.18,26.1,26.18,2030900.0,992800.0,4749.0,3000.0,,0,0,0,0,0,0,0,0,0,0,0,0,0,0,212,2026-02-04 04:59:50.635949
WNTR,24.96,25.01,25.08,2406300.0,2292700.0,6806.0,,,0,0,0,0,0,0,0,0,0,0,0,0,0,0,212,2026-02-04 04:59:50.635949
SPNG,23.89,23.89,23.91,2347200.0,3359.0,3000.0,7500.0,1449800.0,,0,0,0,0,0,0,0,0,0,0,0,0,0,213,2026-02-04 04:59:51.667345
SMMR,25.26,25.16,25.26,2005600.0,,1200.0,,1810700.0,,0,0,0,0,0,0,0,0,0,0,0,0,0,213,2026-02-04 04:59:51.667345
ATMN,26.08,26.08,26.4,2024300.0,,3000.0,,1066000.0,,0,0,0,0,0,0,0,0,0,0,0,0,0,213,2026-02-04 04:59:51.667345
WNTR,25.08,25.04,25.07,2181900.0,6806.0,240.0,7500.0,2084500.0,1200.0,0,0,0,0,0,0,0,0,0,0,0,0,0,213,2026-02-04 04:59:51.667345
SPNG,24.33,23.99,24.33,5798.0,2244500.0,2177700.0,,,,,,0,0,0,0,0,0,0,0,0,0,0,214,2026-02-04 04:59:52.692845
SMMR,25.26,25.17,25.26,,1907300.0,1810700.0,5000.0,1200.0,,,,0,0,0,0,0,0,0,0,0,0,0,214,2026-02-04 04:59:52.692845
ATMN,26.08,26.31,26.4,,1942900.0,1066000.0,7500.0,3000.0,,,,0,0,0,0,0,0,0,0,0,0,0,214,2026-02-04 04:59:52.692845
WNTR,25.08,25.04,25.06,,2176200.0,2071300.0,,240.0,1200.0,7500.0,6806.0,0,0,0,0,0,0,0,0,0,0,0,214,2026-02-04 04:59:52.692845
SPNG,23.78,23.86,24.32,2352000.0,7500.0,2095400.0,,,,,0,0,0,0,0,0,0,0,0,0,0,0,215,2026-02-04 04:59:53.728146
SMMR,25.26,25.16,25.19,2017700.0,,1813800.0,1200.0,,,,0,0,0,0,0,0,0,0,0,0,0,0,215,2026-02-04 04:59:53.728146
ATMN,26.31,26.32,26.36,1942900.0,,990200.0,3000.0,5798.0,5798.0,,0,0,0,0,0,0,0,0,0,0,0,0,215,2026-02-04 04:59:53.728146
WNTR,25.08,25.04,25.06,2137200.0,7500.0,2071300.0,240.0,,6806.0,1200.0,0,0,0,0,0,0,0,0,0,0,0,0,215,2026-02-04 04:59:53.728146
SPNG,24.38,23.86,24.38,2352000.0,2153700.0,,,,,,,0,0,0,0,0,0,0,0,0,0,0,216,2026-02-04 04:59:54.757283
SMMR,25.19,25.18,25.19,1937400.0,1425600.0,5798.0,5798.0,3000.0,,,,0,0,0,0,0,0,0,0,0,0,0,216,2026-02-04 04:59:54.757283
ATMN,26.04,26.05,26.35,1923600.0,886700.0,,5798.0,3000.0,7500.0,7500.0,,0,0,0,0,0,0,0,0,0,0,0,216,2026-02-04 04:59:54.757283
WNTR,25.09,25.11,25.18,1817300.0,2367400.0,,,,,,3000.0,0,0,0,0,0,0,0,0,0,0,0,216,2026-02-04 04:59:54.757283
SPNG,23.86,23.79,23.86,2372400.0,2183100.0,,,0,0,0,0,0,0,0,0,0,0,0,0,0,0,0,217,2026-02-04 04:59:55.783692
SMMR,25.26,25.16,25.26,2041400.0,1628800.0,2400.0,,0,0,0,0,0,0,0,0,0,0,0,0,0,0,0,217,2026-02-04 04:59:55.783692
ATMN,26.36,26.04,26.36,2022800.0,1081900.0,3000.0,,0,0,0,0,0,0,0,0,0,0,0,0,0,0,0,217,2026-02-04 04:59:55.783692
WNTR,25.04,25.04,25.18,1901900.0,2367400.0,,2400.0,0,0,0,0,0,0,0,0,0,0,0,0,0,0,0,217,2026-02-04 04:59:55.783692
SPNG,23.92,23.92,24.37,2277100.0,7500.0,6050.0,2069200.0,,,0,0,0,0,0,0,0,0,0,0,0,0,0,218,2026-02-04 04:59:56.820707
SMMR,25.15,25.22,25.26,1950000.0,7500.0,,1628800.0,2400.0,,0,0,0,0,0,0,0,0,0,0,0,0,0,218,2026-02-04 04:59:56.820707
ATMN,26.36,26.05,26.36,1957300.0,7500.0,,1089800.0,3000.0,,0,0,0,0,0,0,0,0,0,0,0,0,0,218,2026-02-04 04:59:56.820707
WNTR,25.12,25.04,25.06,1901900.0,,,2333500.0,,2400.0,0,0,0,0,0,0,0,0,0,0,0,0,0,218,2026-02-04 04:59:56.820707
SPNG,23.92,23.93,24.18,5000.0,2277100.0,2075700.0,6050.0,,,,,0,0,0,0,0,0,0,0,0,0,0,219,2026-02-04 04:59:57.861613
SMMR,25.15,25.23,25.25,7500.0,1848800.0,1518800.0,5987.0,5987.0,2400.0,,,0,0,0,0,0,0,0,0,0,0,0,219,2026-02-04 04:59:57.861613
ATMN,26.36,26.06,26.11,7500.0,1838600.0,1194300.0,5987.0,5987.0,2400.0,,,0,0,0,0,0,0,0,0,0,0,0,219,2026-02-04 04:59:57.861613
WNTR,25.2,25.04,25.06,,1922000.0,2226400.0,,,,2400.0,7500.0,0,0,0,0,0,0,0,0,0,0,0,219,2026-02-04 04:59:57.861613
SPNG,23.92,24.17,24.18,3000.0,1802300.0,1597400.0,6050.0,1500.0,,0,0,0,0,0,0,0,0,0,0,0,0,0,220,2026-02-04 04:59:58.910177
SMMR,25.22,25.22,25.24,,2067700.0,1610400.0,,2400.0,,0,0,0,0,0,0,0,0,0,0,0,0,0,220,2026-02-04 04:59:58.910177
ATMN,26.11,26.04,26.11,,2042600.0,1499500.0,,3000.0,,0,0,0,0,0,0,0,0,0,0,0,0,0,220,2026-02-04 04:59:58.910177
WNTR,25.2,25.05,25.19,2400.0,1824800.0,2214900.0,5987.0,,5987.0,0,0,0,0,0,0,0,0,0,0,0,0,0,220,2026-02-04 04:59:58.910177
SPNG,24.01,23.92,24.01,2381700.0,1640900.0,6050.0,1500.0,,,0,0,0,0,0,0,0,0,0,0,0,0,0,221,2026-02-04 04:59:59.460396
SMMR,25.21,25.21,25.24,2065700.0,1610400.0,,2400.0,,,0,0,0,0,0,0,0,0,0,0,0,0,0,221,2026-02-04 04:59:59.460396
ATMN,26.04,26.04,26.38,2012200.0,1871400.0,,600.0,,,0,0,0,0,0,0,0,0,0,0,0,0,0,221,2026-02-04 04:59:59.460396
WNTR,25.13,25.13,25.2,1824100.0,2331200.0,,,7500.0,2400.0,0,0,0,0,0,0,0,0,0,0,0,0,0,221,2026-02-04 04:59:59.460396
SPNG,24.18,23.97,24.18,2275500.0,7500.0,1714500.0,1500.0,,,0,0,0,0,0,0,0,0,0,0,0,0,0,222,2026-02-04 05:00:00.505516
