ticker,last_price,bid_price,ask_price,BUY_ANON,SELL_ANON,BUY_WRSW-1,BUY_BRCH-1,BUY_LAVL-1,SELL_CALG-1,SELL_GIOT-3,SELL_LAVL-1,BUY_GIOT-3,SELL_WRSW-1,BUY_WRSW-3,SELL_WRSW-3,SELL_COLA-1,BUY_CALG-1,BUY_COLA-1,SELL_BRCH-1,SELL_LUIS-1,BUY_LUIS-1,tick,timestamp
SPNG,25.25,0.0,25.25,2139600.0,1990100.0,0,0,0,0,0,0,0,0,0,0,0,0,0,0,0,0,0,2026-02-04 21:34:20.011273
SMMR,24.99,24.99,0.0,2069000.0,2133500.0,0,0,0,0,0,0,0,0,0,0,0,0,0,0,0,0,0,2026-02-04 21:34:20.011273
ATMN,0.0,24.76,0.0,1923900.0,2067500.0,0,0,0,0,0,0,0,0,0,0,0,0,0,0,0,0,0,2026-02-04 21:34:20.011273
WNTR,0.0,24.78,0.0,2190200.0,2257300.0,0,0,0,0,0,0,0,0,0,0,0,0,0,0,0,0,0,2026-02-04 21:34:20.011273
SPNG,24.69,24.69,25.25,2139600.0,1990100.0,0,0,0,0,0,0,0,0,0,0,0,0,0,0,0,0,1,2026-02-04 21:34:20.599228,2.0,1.0,1.0,,Aggregate Position Limit,Your CRO has set the aggregate position limit to 15000 shares for this week.
SMMR,24.99,24.99,25.01,2168100.0,2126500.0,0,0,0,0,0,0,0,0,0,0,0,0,0,0,0,0,1,2026-02-04 21:34:20.599228,1.0,1.0,1.0,,Welcome to the RITC 2026 Alogithmic Market Making Case - practice server,
ATMN,25.14,25.19,25.23,2049500.0,2053800.0,0,0,0,0,0,0,0,0,0,0,0,0,0,0,0,0,1,2026-02-04 21:34:20.599228,,,,,,
WNTR,25.11,24.98,25.11,2203300.0,2158700.0,0,0,0,0,0,0,0,0,0,0,0,0,0,0,0,0,1,2026-02-04 21:34:20.599228,,,,,,
SPNG,24.69,25.02,25.23,2136600.0,2237400.0,0,0,0,0,0,0,0,0,0,0,0,0,0,0,0,0,2,2026-02-04 21:34:21.684944
SMMR,25.02,24.99,25.02,2168100.0,2105400.0,0,0,0,0,0,0,0,0,0,0,0,0,0,0,0,0,2,2026-02-04 21:34:21.684944
ATMN,25.23,24.76,25.23,2046200.0,2053800.0,0,0,0,0,0,0,0,0,0,0,0,0,0,0,0,0,2,2026-02-04 21:34:21.684944
WNTR,25.05,25.05,25.08,2219900.0,2259300.0,0,0,0,0,0,0,0,0,0,0,0,0,0,0,0,0,2,2026-02-04 21:34:21.684944
SPNG,25.02,25.02,25.23,2136600.0,2203400.0,0,0,0,0,0,0,0,0,0,0,0,0,0,0,0,0,3,2026-02-04 21:34:22.856791
SMMR,25.03,24.91,24.93,2152100.0,2117400.0,0,0,0,0,0,0,0,0,0,0,0,0,0,0,0,0,3,2026-02-04 21:34:22.856791
ATMN,24.75,24.61,24.75,1975300.0,2079700.0,0,0,0,0,0,0,0,0,0,0,0,0,0,0,0,0,3,2026-02-04 21:34:22.856791
WNTR,24.9,24.98,25.01,2226400.0,2259300.0,0,0,0,0,0,0,0,0,0,0,0,0,0,0,0,0,3,2026-02-04 21:34:22.856791
SPNG,24.69,24.58,24.6,2116300.0,2193600.0,0,0,0,0,0,0,0,0,0,0,0,0,0,0,0,0,4,2026-02-04 21:34:23.403382
SMMR,24.91,24.91,24.93,2054300.0,2117400.0,0,0,0,0,0,0,0,0,0,0,0,0,0,0,0,0,4,2026-02-04 21:34:23.403382
ATMN,24.75,24.86,25.23,2090400.0,2053800.0,0,0,0,0,0,0,0,0,0,0,0,0,0,0,0,0,4,2026-02-04 21:34:23.403382
WNTR,25.08,24.98,25.08,2226400.0,2254600.0,0,0,0,0,0,0,0,0,0,0,0,0,0,0,0,0,4,2026-02-04 21:34:23.403382
SPNG,24.88,24.88,25.23,2150600.0,2189000.0,0,0,0,0,0,0,0,0,0,0,0,0,0,0,0,0,5,2026-02-04 21:34:24.489895
SMMR,24.91,24.97,25.03,2148100.0,2112400.0,0,0,0,0,0,0,0,0,0,0,0,0,0,0,0,0,5,2026-02-04 21:34:24.489895
ATMN,24.95,24.61,24.95,2093100.0,2089400.0,0,0,0,0,0,0,0,0,0,0,0,0,0,0,0,0,5,2026-02-04 21:34:24.489895
WNTR,25.11,25.02,25.11,2252200.0,2158700.0,0,0,0,0,0,0,0,0,0,0,0,0,0,0,0,0,5,2026-02-04 21:34:24.489895
SPNG,25.23,24.75,25.23,2132500.0,2189000.0,0,0,0,0,0,0,0,0,0,0,0,0,0,0,0,0,6,2026-02-04 21:34:25.544637
SMMR,24.93,24.91,24.93,2054300.0,2111000.0,0,0,0,0,0,0,0,0,0,0,0,0,0,0,0,0,6,2026-02-04 21:34:25.544637
ATMN,24.95,24.92,24.95,2112400.0,2089400.0,0,0,0,0,0,0,0,0,0,0,0,0,0,0,0,0,6,2026-02-04 21:34:25.544637
WNTR,25.11,25.02,25.11,2226300.0,2158700.0,0,0,0,0,0,0,0,0,0,0,0,0,0,0,0,0,6,2026-02-04 21:34:25.544637
SPNG,24.58,24.58,25.23,2143900.0,2191500.0,0,0,0,0,0,0,0,0,0,0,0,0,0,0,0,0,7,2026-02-04 21:34:26.609960
SMMR,24.89,24.89,25.07,1952100.0,2116000.0,0,0,0,0,0,0,0,0,0,0,0,0,0,0,0,0,7,2026-02-04 21:34:26.609960
ATMN,25.09,24.92,25.07,2138500.0,2063200.0,0,0,0,0,0,0,0,0,0,0,0,0,0,0,0,0,7,2026-02-04 21:34:26.609960
WNTR,25.11,25.11,25.19,2234300.0,2184900.0,0,0,0,0,0,0,0,0,0,0,0,0,0,0,0,0,7,2026-02-04 21:34:26.609960
SPNG,24.81,24.76,24.81,2182700.0,2158200.0,0,0,0,0,0,0,0,0,0,0,0,0,0,0,0,0,8,2026-02-04 21:34:27.731515
SMMR,24.89,24.89,24.9,1958700.0,2114300.0,0,0,0,0,0,0,0,0,0,0,0,0,0,0,0,0,8,2026-02-04 21:34:27.731515
ATMN,25.17,24.75,25.17,2098000.0,2071000.0,0,0,0,0,0,0,0,0,0,0,0,0,0,0,0,0,8,2026-02-04 21:34:27.731515
WNTR,25.02,25.02,25.19,2226300.0,2260500.0,0,0,0,0,0,0,0,0,0,0,0,0,0,0,0,0,8,2026-02-04 21:34:27.731515
SPNG,24.81,24.76,24.81,2249500.0,2158200.0,0,0,0,0,0,0,0,0,0,0,0,0,0,0,0,0,9,2026-02-04 21:34:28.869542
SMMR,24.86,24.87,24.9,2066500.0,2114300.0,0,0,0,0,0,0,0,0,0,0,0,0,0,0,0,0,9,2026-02-04 21:34:28.869542
ATMN,25.17,24.8,24.91,2134400.0,2078500.0,0,0,0,0,0,0,0,0,0,0,0,0,0,0,0,0,9,2026-02-04 21:34:28.869542
WNTR,25.02,25.02,25.05,2194700.0,2259200.0,0,0,0,0,0,0,0,0,0,0,0,0,0,0,0,0,9,2026-02-04 21:34:28.869542
SPNG,25.07,25.07,25.23,2259000.0,2191500.0,0,0,0,0,0,0,0,0,0,0,0,0,0,0,0,0,10,2026-02-04 21:34:29.446166
SMMR,24.9,24.88,24.9,2169400.0,2114300.0,0,0,0,0,0,0,0,0,0,0,0,0,0,0,0,0,10,2026-02-04 21:34:29.446166
ATMN,24.91,24.89,24.91,2185100.0,2078500.0,0,0,0,0,0,0,0,0,0,0,0,0,0,0,0,0,10,2026-02-04 21:34:29.446166
WNTR,25.16,25.18,25.19,2198300.0,2258500.0,0,0,0,0,0,0,0,0,0,0,0,0,0,0,0,0,10,2026-02-04 21:34:29.446166
SPNG,25.07,24.76,25.03,2234800.0,2201900.0,0,0,0,0,0,0,0,0,0,0,0,0,0,0,0,0,11,2026-02-04 21:34:30.629217
SMMR,24.93,24.93,24.99,2137000.0,2097400.0,0,0,0,0,0,0,0,0,0,0,0,0,0,0,0,0,11,2026-02-04 21:34:30.629217
ATMN,24.91,24.99,25.17,2173500.0,2071000.0,0,0,0,0,0,0,0,0,0,0,0,0,0,0,0,0,11,2026-02-04 21:34:30.629217
WNTR,25.19,25.02,25.19,2194700.0,2224400.0,0,0,0,0,0,0,0,0,0,0,0,0,0,0,0,0,11,2026-02-04 21:34:30.629217
SPNG,25.07,24.83,25.03,2263400.0,2232300.0,0,0,0,0,0,0,0,0,0,0,0,0,0,0,0,0,12,2026-02-04 21:34:31.672636
SMMR,24.87,24.87,24.99,2169800.0,2125500.0,0,0,0,0,0,0,0,0,0,0,0,0,0,0,0,0,12,2026-02-04 21:34:31.672636
ATMN,24.99,24.8,24.84,2161100.0,2084400.0,0,0,0,0,0,0,0,0,0,0,0,0,0,0,0,0,12,2026-02-04 21:34:31.672636
WNTR,25.19,24.92,24.98,2208400.0,2206300.0,0,0,0,0,0,0,0,0,0,0,0,0,0,0,0,0,12,2026-02-04 21:34:31.672636
SPNG,24.83,24.83,25.03,2267400.0,2218100.0,0,0,0,0,0,0,0,0,0,0,0,0,0,0,0,0,13,2026-02-04 21:34:32.779977
SMMR,25.09,24.89,25.09,2181700.0,2090800.0,0,0,0,0,0,0,0,0,0,0,0,0,0,0,0,0,13,2026-02-04 21:34:32.779977
ATMN,25.23,24.8,25.05,2160100.0,2088000.0,0,0,0,0,0,0,0,0,0,0,0,0,0,0,0,0,13,2026-02-04 21:34:32.779977
WNTR,24.8,24.9,24.98,2219400.0,2224400.0,0,0,0,0,0,0,0,0,0,0,0,0,0,0,0,0,13,2026-02-04 21:34:32.779977
SPNG,24.53,24.66,25.08,2227400.0,2218100.0,0,0,0,0,0,0,0,0,0,0,0,0,0,0,0,0,14,2026-02-04 21:34:33.901232
SMMR,24.89,25.01,25.09,2162500.0,2090800.0,0,0,0,0,0,0,0,0,0,0,0,0,0,0,0,0,14,2026-02-04 21:34:33.901232
ATMN,24.97,24.97,25.05,2151000.0,2073700.0,0,0,0,0,0,0,0,0,0,0,0,0,0,0,0,0,14,2026-02-04 21:34:33.901232
WNTR,25.09,24.9,25.09,2225500.0,2230700.0,0,0,0,0,0,0,0,0,0,0,0,0,0,0,0,0,14,2026-02-04 21:34:33.901232
SPNG,24.53,24.66,25.08,2264300.0,2218100.0,0,0,0,0,0,0,0,0,0,0,0,0,0,0,0,0,15,2026-02-04 21:34:34.455610
SMMR,24.89,24.89,25.09,2189500.0,2090800.0,0,0,0,0,0,0,0,0,0,0,0,0,0,0,0,0,15,2026-02-04 21:34:34.455610
ATMN,24.95,24.95,25.05,2181700.0,2073700.0,0,0,0,0,0,0,0,0,0,0,0,0,0,0,0,0,15,2026-02-04 21:34:34.455610
WNTR,25.2,24.9,25.2,2225500.0,2195200.0,0,0,0,0,0,0,0,0,0,0,0,0,0,0,0,0,15,2026-02-04 21:34:34.455610
SPNG,25.25,24.93,25.25,2290500.0,2192900.0,0,0,0,0,0,0,0,0,0,0,0,0,0,0,0,0,16,2026-02-04 21:34:35.504977
SMMR,25.13,24.89,25.13,2189500.0,2085400.0,0,0,0,0,0,0,0,0,0,0,0,0,0,0,0,0,16,2026-02-04 21:34:35.504977
ATMN,24.95,24.99,25.05,2199000.0,2073700.0,0,0,0,0,0,0,0,0,0,0,0,0,0,0,0,0,16,2026-02-04 21:34:35.504977
WNTR,24.9,24.8,24.86,2188100.0,2196300.0,0,0,0,0,0,0,0,0,0,0,0,0,0,0,0,0,16,2026-02-04 21:34:35.504977
SPNG,24.73,24.67,24.73,2287000.0,2180800.0,0,0,0,0,0,0,0,0,0,0,0,0,0,0,0,0,17,2026-02-04 21:34:36.551182
SMMR,24.87,24.87,25.08,2189800.0,2118400.0,0,0,0,0,0,0,0,0,0,0,0,0,0,0,0,0,17,2026-02-04 21:34:36.551182
ATMN,25.3,24.99,25.3,2204700.0,2031300.0,0,0,0,0,0,0,0,0,0,0,0,0,0,0,0,0,17,2026-02-04 21:34:36.551182
WNTR,24.92,24.8,24.88,2154000.0,2179200.0,0,0,0,0,0,0,0,0,0,0,0,0,0,0,0,0,17,2026-02-04 21:34:36.551182
SPNG,25.31,24.67,25.31,2270500.0,2175100.0,0,0,0,0,0,0,0,0,0,0,0,0,0,0,0,0,18,2026-02-04 21:34:37.593548
SMMR,24.84,24.84,25.08,2006600.0,2118400.0,0,0,0,0,0,0,0,0,0,0,0,0,0,0,0,0,18,2026-02-04 21:34:37.593548
ATMN,24.99,24.99,25.3,2204700.0,2050600.0,0,0,0,0,0,0,0,0,0,0,0,0,0,0,0,0,18,2026-02-04 21:34:37.593548
WNTR,24.92,24.84,24.88,2174500.0,2179200.0,0,0,0,0,0,0,0,0,0,0,0,0,0,0,0,0,18,2026-02-04 21:34:37.593548
SPNG,25.31,24.67,24.88,2270500.0,2204000.0,0,0,0,0,0,0,0,0,0,0,0,0,0,0,0,0,19,2026-02-04 21:34:38.630645
SMMR,24.84,24.84,24.93,2108200.0,2115900.0,0,0,0,0,0,0,0,0,0,0,0,0,0,0,0,0,19,2026-02-04 21:34:38.630645
ATMN,24.95,24.95,25.14,2188000.0,2051500.0,0,0,0,0,0,0,0,0,0,0,0,0,0,0,0,0,19,2026-02-04 21:34:38.630645
WNTR,25.0,24.96,25.0,2201100.0,2194400.0,0,0,0,0,0,0,0,0,0,0,0,0,0,0,0,0,19,2026-02-04 21:34:38.630645
SPNG,25.23,24.67,24.79,2270500.0,2194000.0,0,0,0,0,0,0,0,0,0,0,0,0,0,0,0,0,20,2026-02-04 21:34:39.673826
SMMR,25.08,24.8,25.08,2227900.0,2118400.0,0,0,0,0,0,0,0,0,0,0,0,0,0,0,0,0,20,2026-02-04 21:34:39.673826
ATMN,24.95,25.11,25.14,2206000.0,2041900.0,0,0,0,0,0,0,0,0,0,0,0,0,0,0,0,0,20,2026-02-04 21:34:39.673826
WNTR,25.0,25.06,25.08,2219000.0,2140600.0,0,0,0,0,0,0,0,0,0,0,0,0,0,0,0,0,20,2026-02-04 21:34:39.673826
SPNG,25.31,25.1,25.31,2302100.0,2180700.0,0,0,0,0,0,0,0,0,0,0,0,0,0,0,0,0,21,2026-02-04 21:34:40.708933
SMMR,25.08,24.8,24.92,2237500.0,2123500.0,0,0,0,0,0,0,0,0,0,0,0,0,0,0,0,0,21,2026-02-04 21:34:40.708933
ATMN,25.14,24.95,25.14,2188000.0,2003600.0,0,0,0,0,0,0,0,0,0,0,0,0,0,0,0,0,21,2026-02-04 21:34:40.708933
WNTR,25.1,25.06,25.1,2219000.0,2138900.0,0,0,0,0,0,0,0,0,0,0,0,0,0,0,0,0,21,2026-02-04 21:34:40.708933
SPNG,25.36,24.67,25.14,2313300.0,2180900.0,0,0,0,0,0,0,0,0,0,0,0,0,0,0,0,0,22,2026-02-04 21:34:41.775214
SMMR,24.92,25.01,25.08,2237800.0,2118400.0,0,0,0,0,0,0,0,0,0,0,0,0,0,0,0,0,22,2026-02-04 21:34:41.775214
ATMN,24.92,24.92,25.14,2164800.0,2032200.0,0,0,0,0,0,0,0,0,0,0,0,0,0,0,0,0,22,2026-02-04 21:34:41.775214
WNTR,25.01,25.02,25.09,2204300.0,2133800.0,0,0,0,0,0,0,0,0,0,0,0,0,0,0,0,0,22,2026-02-04 21:34:41.775214
SPNG,25.36,24.78,25.05,2287400.0,2224100.0,0,0,0,0,0,0,0,0,0,0,0,0,0,0,0,0,23,2026-02-04 21:34:42.869145
SMMR,25.01,24.8,24.9,2212700.0,2105500.0,0,0,0,0,0,0,0,0,0,0,0,0,0,0,0,0,23,2026-02-04 21:34:42.869145
ATMN,25.2,24.92,25.2,2164800.0,2057700.0,0,0,0,0,0,0,0,0,0,0,0,0,0,0,0,0,23,2026-02-04 21:34:42.869145
WNTR,25.04,24.96,25.04,2201100.0,2146900.0,0,0,0,0,0,0,0,0,0,0,0,0,0,0,0,0,23,2026-02-04 21:34:42.869145
SPNG,24.67,24.97,25.05,2308500.0,2224100.0,0,0,0,0,0,0,0,0,0,0,0,0,0,0,0,0,24,2026-02-04 21:34:43.919504
SMMR,25.08,25.08,25.13,2228500.0,2114400.0,0,0,0,0,0,0,0,0,0,0,0,0,0,0,0,0,24,2026-02-04 21:34:43.919504
ATMN,25.34,25.01,25.34,2161600.0,2072700.0,0,0,0,0,0,0,0,0,0,0,0,0,0,0,0,0,24,2026-02-04 21:34:43.919504
WNTR,25.04,24.96,25.04,2200700.0,2158400.0,0,0,0,0,0,0,0,0,0,0,0,0,0,0,0,0,24,2026-02-04 21:34:43.919504
SPNG,24.67,24.67,25.05,2298700.0,2224100.0,0,0,0,0,0,0,0,0,0,0,0,0,0,0,0,0,25,2026-02-04 21:34:44.482568
SMMR,25.08,25.08,25.13,2228500.0,2102700.0,0,0,0,0,0,0,0,0,0,0,0,0,0,0,0,0,25,2026-02-04 21:34:44.482568
ATMN,25.34,25.01,25.32,2161600.0,2074500.0,0,0,0,0,0,0,0,0,0,0,0,0,0,0,0,0,25,2026-02-04 21:34:44.482568
WNTR,24.84,24.84,25.04,2174500.0,2158400.0,0,0,0,0,0,0,0,0,0,0,0,0,0,0,0,0,25,2026-02-04 21:34:44.482568
SPNG,24.66,24.66,25.05,2302100.0,2224100.0,0,0,0,0,0,0,0,0,0,0,0,0,0,0,0,0,26,2026-02-04 21:34:45.524956
SMMR,25.08,25.08,25.13,2228500.0,2052700.0,0,0,0,0,0,0,0,0,0,0,0,0,0,0,0,0,26,2026-02-04 21:34:45.524956
ATMN,24.8,24.75,24.76,2111500.0,2095200.0,0,0,0,0,0,0,0,0,0,0,0,0,0,0,0,0,26,2026-02-04 21:34:45.524956
WNTR,24.84,24.84,25.04,2208500.0,2158400.0,0,0,0,0,0,0,0,0,0,0,0,0,0,0,0,0,26,2026-02-04 21:34:45.524956
SPNG,24.66,24.66,24.88,2302100.0,2227400.0,0,0,0,0,0,0,0,0,0,0,0,0,0,0,0,0,27,2026-02-04 21:34:46.587775
SMMR,24.89,24.89,25.06,2196500.0,2017500.0,0,0,0,0,0,0,0,0,0,0,0,0,0,0,0,0,27,2026-02-04 21:34:46.587775
ATMN,24.76,25.26,25.32,2127500.0,2068000.0,0,0,0,0,0,0,0,0,0,0,0,0,0,0,0,0,27,2026-02-04 21:34:46.587775
WNTR,25.08,24.93,25.08,2180400.0,2136400.0,0,0,0,0,0,0,0,0,0,0,0,0,0,0,0,0,27,2026-02-04 21:34:46.587775
SPNG,24.71,24.66,24.67,2319900.0,2260900.0,0,0,0,0,0,0,0,0,0,0,0,0,0,0,0,0,28,2026-02-04 21:34:47.634590
SMMR,25.13,25.05,25.13,2214400.0,2036200.0,0,0,0,0,0,0,0,0,0,0,0,0,0,0,0,0,28,2026-02-04 21:34:47.634590
ATMN,24.75,25.08,25.29,2097200.0,2081100.0,0,0,0,0,0,0,0,0,0,0,0,0,0,0,0,0,28,2026-02-04 21:34:47.634590
WNTR,24.88,24.88,25.09,2195800.0,2139300.0,0,0,0,0,0,0,0,0,0,0,0,0,0,0,0,0,28,2026-02-04 21:34:47.634590
SPNG,25.05,24.66,25.05,2324600.0,2224100.0,0,0,0,0,0,0,0,0,0,0,0,0,0,0,0,0,29,2026-02-04 21:34:48.673862
SMMR,25.05,24.89,24.98,2212700.0,2046400.0,0,0,0,0,0,0,0,0,0,0,0,0,0,0,0,0,29,2026-02-04 21:34:48.673862
ATMN,24.75,24.75,25.29,2111500.0,2079200.0,0,0,0,0,0,0,0,0,0,0,0,0,0,0,0,0,29,2026-02-04 21:34:48.673862
WNTR,24.84,24.84,24.95,2217900.0,2136400.0,0,0,0,0,0,0,0,0,0,0,0,0,0,0,0,0,29,2026-02-04 21:34:48.673862
SPNG,24.57,24.57,25.16,2327000.0,2230200.0,0,0,0,0,0,0,0,0,0,0,0,0,0,0,0,0,30,2026-02-04 21:34:49.732294
SMMR,24.98,25.12,25.13,2204100.0,1969400.0,0,0,0,0,0,0,0,0,0,0,0,0,0,0,0,0,30,2026-02-04 21:34:49.732294
ATMN,24.75,25.09,25.2,2109500.0,2036200.0,0,0,0,0,0,0,0,0,0,0,0,0,0,0,0,0,30,2026-02-04 21:34:49.732294
WNTR,24.84,24.84,24.91,2201200.0,2138500.0,0,0,0,0,0,0,0,0,0,0,0,0,0,0,0,0,30,2026-02-04 21:34:49.732294
SPNG,25.05,25.05,25.16,2290700.0,2189900.0,0,0,0,0,0,0,0,0,0,0,0,0,0,0,0,0,31,2026-02-04 21:34:50.787268
SMMR,24.89,24.89,25.13,2212700.0,1969800.0,0,0,0,0,0,0,0,0,0,0,0,0,0,0,0,0,31,2026-02-04 21:34:50.787268
ATMN,25.28,25.09,25.28,2133600.0,2037100.0,0,0,0,0,0,0,0,0,0,0,0,0,0,0,0,0,31,2026-02-04 21:34:50.787268
WNTR,25.18,24.84,25.18,2201200.0,2142400.0,0,0,0,0,0,0,0,0,0,0,0,0,0,0,0,0,31,2026-02-04 21:34:50.787268
SPNG,25.05,24.75,24.87,2242300.0,2210600.0,0,0,0,0,0,0,0,0,0,0,0,0,0,0,0,0,32,2026-02-04 21:34:51.859339
SMMR,24.89,24.8,24.86,2199400.0,1984100.0,0,0,0,0,0,0,0,0,0,0,0,0,0,0,0,0,32,2026-02-04 21:34:51.859339
ATMN,25.29,25.09,25.29,2133600.0,2052700.0,0,0,0,0,0,0,0,0,0,0,0,0,0,0,0,0,32,2026-02-04 21:34:51.859339
WNTR,24.84,24.84,25.02,2217200.0,2165200.0,0,0,0,0,0,0,0,0,0,0,0,0,0,0,0,0,32,2026-02-04 21:34:51.859339
SPNG,25.16,24.75,25.16,2225300.0,2189900.0,0,0,0,0,0,0,0,0,0,0,0,0,0,0,0,0,33,2026-02-04 21:34:52.934727
SMMR,24.9,25.08,25.13,2194000.0,1971200.0,0,0,0,0,0,0,0,0,0,0,0,0,0,0,0,0,33,2026-02-04 21:34:52.934727
ATMN,25.09,25.09,25.1,2133600.0,2066300.0,0,0,0,0,0,0,0,0,0,0,0,0,0,0,0,0,33,2026-02-04 21:34:52.934727
WNTR,24.94,24.94,25.02,2217500.0,2165200.0,0,0,0,0,0,0,0,0,0,0,0,0,0,0,0,0,33,2026-02-04 21:34:52.934727
SPNG,24.8,24.75,24.8,2225300.0,2210000.0,0,0,0,0,0,0,0,0,0,0,0,0,0,0,0,0,34,2026-02-04 21:34:53.993473
SMMR,24.9,25.08,25.13,2194000.0,1918500.0,0,0,0,0,0,0,0,0,0,0,0,0,0,0,0,0,34,2026-02-04 21:34:53.993473
ATMN,25.29,25.09,25.23,2133600.0,2128500.0,0,0,0,0,0,0,0,0,0,0,0,0,0,0,0,0,34,2026-02-04 21:34:53.993473
WNTR,24.84,24.84,25.02,2217200.0,2169400.0,0,0,0,0,0,0,0,0,0,0,0,0,0,0,0,0,34,2026-02-04 21:34:53.993473
SPNG,24.8,24.75,24.8,2196900.0,2210000.0,0,0,0,0,0,0,0,0,0,0,0,0,0,0,0,0,35,2026-02-04 21:34:54.575466
SMMR,25.08,24.81,24.87,2204700.0,1891800.0,0,0,0,0,0,0,0,0,0,0,0,0,0,0,0,0,35,2026-02-04 21:34:54.575466
ATMN,25.23,24.75,25.23,2111500.0,2128500.0,0,0,0,0,0,0,0,0,0,0,0,0,0,0,0,0,35,2026-02-04 21:34:54.575466
WNTR,25.01,24.84,24.94,2217200.0,2161500.0,0,0,0,0,0,0,0,0,0,0,0,0,0,0,0,0,35,2026-02-04 21:34:54.575466
SPNG,24.8,24.75,24.8,2183500.0,2210000.0,0,0,0,0,0,0,0,0,0,0,0,0,0,0,0,0,36,2026-02-04 21:34:55.688758
SMMR,24.87,24.95,25.13,2195200.0,1905100.0,0,0,0,0,0,0,0,0,0,0,0,0,0,0,0,0,36,2026-02-04 21:34:55.688758
ATMN,25.23,24.92,24.95,2125200.0,2118300.0,0,0,0,0,0,0,0,0,0,0,0,0,0,0,0,0,36,2026-02-04 21:34:55.688758
WNTR,25.03,24.95,25.03,2223200.0,2152600.0,0,0,0,0,0,0,0,0,0,0,0,0,0,0,0,0,36,2026-02-04 21:34:55.688758
SPNG,24.84,24.75,24.81,2173700.0,2249200.0,0,0,0,0,0,0,0,0,0,0,0,0,0,0,0,0,37,2026-02-04 21:34:56.724005
SMMR,24.95,24.91,24.94,2198600.0,1959300.0,0,0,0,0,0,0,0,0,0,0,0,0,0,0,0,0,37,2026-02-04 21:34:56.724005
ATMN,25.23,24.92,24.94,2125200.0,2121000.0,0,0,0,0,0,0,0,0,0,0,0,0,0,0,0,0,37,2026-02-04 21:34:56.724005
WNTR,24.84,24.96,25.03,2180400.0,2152600.0,0,0,0,0,0,0,0,0,0,0,0,0,0,0,0,0,37,2026-02-04 21:34:56.724005
SPNG,25.37,24.75,24.81,2173700.0,2233000.0,0,0,0,0,0,0,0,0,0,0,0,0,0,0,0,0,38,2026-02-04 21:34:57.795596
SMMR,24.94,24.91,24.94,2197600.0,1959300.0,0,0,0,0,0,0,0,0,0,0,0,0,0,0,0,0,38,2026-02-04 21:34:57.795596
ATMN,24.94,24.87,24.94,2124700.0,2121000.0,0,0,0,0,0,0,0,0,0,0,0,0,0,0,0,0,38,2026-02-04 21:34:57.795596
WNTR,24.8,24.8,25.03,2207800.0,2163100.0,0,0,0,0,0,0,0,0,0,0,0,0,0,0,0,0,38,2026-02-04 21:34:57.795596
SPNG,25.37,24.75,24.81,2140700.0,2233000.0,0,0,0,0,0,0,0,0,0,0,0,0,0,0,0,0,39,2026-02-04 21:34:58.874586
SMMR,25.05,25.01,25.05,2225000.0,1937000.0,0,0,0,0,0,0,0,0,0,0,0,0,0,0,0,0,39,2026-02-04 21:34:58.874586
ATMN,25.18,24.63,25.18,2101100.0,2113300.0,0,0,0,0,0,0,0,0,0,0,0,0,0,0,0,0,39,2026-02-04 21:34:58.874586
WNTR,24.81,24.8,24.81,2205000.0,2201500.0,0,0,0,0,0,0,0,0,0,0,0,0,0,0,0,0,39,2026-02-04 21:34:58.874586
SPNG,25.4,24.77,25.19,2127600.0,2206200.0,0,0,0,0,0,0,0,0,0,0,0,0,0,0,0,0,40,2026-02-04 21:34:59.969415
SMMR,25.13,25.01,25.13,2210900.0,1882000.0,0,0,0,0,0,0,0,0,0,0,0,0,0,0,0,0,40,2026-02-04 21:34:59.969415
ATMN,25.05,24.63,24.99,2101100.0,2100200.0,0,0,0,0,0,0,0,0,0,0,0,0,0,0,0,0,40,2026-02-04 21:34:59.969415
WNTR,24.97,24.8,24.87,2205000.0,2199500.0,0,0,0,0,0,0,0,0,0,0,0,0,0,0,0,0,40,2026-02-04 21:34:59.969415
SPNG,25.4,25.07,25.19,2136300.0,2206200.0,0,0,0,0,0,0,0,0,0,0,0,0,0,0,0,0,41,2026-02-04 21:35:00.575504
SMMR,25.01,25.01,25.13,2198400.0,1882000.0,0,0,0,0,0,0,0,0,0,0,0,0,0,0,0,0,41,2026-02-04 21:35:00.575504
ATMN,25.05,24.79,24.99,2102200.0,2100200.0,0,0,0,0,0,0,0,0,0,0,0,0,0,0,0,0,41,2026-02-04 21:35:00.575504
WNTR,25.07,24.8,25.07,2205000.0,2120900.0,0,0,0,0,0,0,0,0,0,0,0,0,0,0,0,0,41,2026-02-04 21:35:00.575504
SPNG,25.4,25.07,25.19,2123500.0,2191900.0,0,0,0,0,0,0,0,0,0,0,0,0,0,0,0,0,42,2026-02-04 21:35:01.631310
SMMR,25.13,25.02,25.13,2191500.0,1906600.0,0,0,0,0,0,0,0,0,0,0,0,0,0,0,0,0,42,2026-02-04 21:35:01.631310
ATMN,25.09,25.11,25.18,2128500.0,2101100.0,0,0,0,0,0,0,0,0,0,0,0,0,0,0,0,0,42,2026-02-04 21:35:01.631310
WNTR,25.07,24.8,24.95,2182200.0,2149700.0,0,0,0,0,0,0,0,0,0,0,0,0,0,0,0,0,42,2026-02-04 21:35:01.631310
SPNG,25.4,25.07,25.19,2123500.0,2174900.0,0,0,0,0,0,0,0,0,0,0,0,0,0,0,0,0,43,2026-02-04 21:35:02.676581
SMMR,25.13,25.06,25.13,2213900.0,1924400.0,0,0,0,0,0,0,0,0,0,0,0,0,0,0,0,0,43,2026-02-04 21:35:02.676581
ATMN,25.18,24.79,25.18,2102200.0,2091900.0,0,0,0,0,0,0,0,0,0,0,0,0,0,0,0,0,43,2026-02-04 21:35:02.676581
WNTR,24.95,24.92,24.95,2175700.0,2149700.0,0,0,0,0,0,0,0,0,0,0,0,0,0,0,0,0,43,2026-02-04 21:35:02.676581
SPNG,25.21,24.77,25.21,2110000.0,2192900.0,0,0,0,0,0,0,0,0,0,0,0,0,0,0,0,0,44,2026-02-04 21:35:03.729787
SMMR,25.07,25.06,25.07,2213900.0,1916800.0,0,0,0,0,0,0,0,0,0,0,0,0,0,0,0,0,44,2026-02-04 21:35:03.729787
ATMN,24.79,24.63,24.75,2101100.0,2076200.0,0,0,0,0,0,0,0,0,0,0,0,0,0,0,0,0,44,2026-02-04 21:35:03.729787
WNTR,25.0,25.0,25.07,2179700.0,2128700.0,0,0,0,0,0,0,0,0,0,0,0,0,0,0,0,0,44,2026-02-04 21:35:03.729787
SPNG,24.89,24.75,24.89,2149400.0,2185600.0,0,0,0,0,0,0,0,0,0,0,0,0,0,0,0,0,45,2026-02-04 21:35:04.764395
SMMR,25.02,25.02,25.07,2191500.0,1925700.0,0,0,0,0,0,0,0,0,0,0,0,0,0,0,0,0,45,2026-02-04 21:35:04.764395
ATMN,24.75,24.89,25.18,2112100.0,2105900.0,0,0,0,0,0,0,0,0,0,0,0,0,0,0,0,0,45,2026-02-04 21:35:04.764395
WNTR,25.0,25.0,25.07,2201900.0,2128700.0,0,0,0,0,0,0,0,0,0,0,0,0,0,0,0,0,45,2026-02-04 21:35:04.764395
SPNG,24.89,25.08,25.21,2122800.0,2139900.0,0,0,0,0,0,0,0,0,0,0,0,0,0,0,0,0,46,2026-02-04 21:35:05.805675
SMMR,24.97,24.97,25.03,2186700.0,1991000.0,0,0,0,0,0,0,0,0,0,0,0,0,0,0,0,0,46,2026-02-04 21:35:05.805675
ATMN,24.61,24.59,24.61,2138700.0,2092900.0,0,0,0,0,0,0,0,0,0,0,0,0,0,0,0,0,46,2026-02-04 21:35:05.805675
WNTR,24.78,24.78,25.03,2216400.0,2139300.0,0,0,0,0,0,0,0,0,0,0,0,0,0,0,0,0,46,2026-02-04 21:35:05.805675
SPNG,24.75,24.86,25.21,2139100.0,2139900.0,0,0,0,0,0,0,0,0,0,0,0,0,0,0,0,0,47,2026-02-04 21:35:06.920194
SMMR,25.03,24.97,25.03,2183900.0,1991000.0,0,0,0,0,0,0,0,0,0,0,0,0,0,0,0,0,47,2026-02-04 21:35:06.920194
ATMN,25.29,24.65,24.83,2112900.0,2125700.0,0,0,0,0,0,0,0,0,0,0,0,0,0,0,0,0,47,2026-02-04 21:35:06.920194
WNTR,25.03,24.84,24.98,2182700.0,2117800.0,0,0,0,0,0,0,0,0,0,0,0,0,0,0,0,0,47,2026-02-04 21:35:06.920194
SPNG,24.7,24.7,25.21,2183800.0,2139900.0,0,0,0,0,0,0,0,0,0,0,0,0,0,0,0,0,48,2026-02-04 21:35:08.033276
SMMR,24.93,24.93,25.03,2150600.0,2007600.0,0,0,0,0,0,0,0,0,0,0,0,0,0,0,0,0,48,2026-02-04 21:35:08.033276
ATMN,24.83,24.65,24.83,2112900.0,2125700.0,0,0,0,0,0,0,0,0,0,0,0,0,0,0,0,0,48,2026-02-04 21:35:08.033276
WNTR,25.07,24.84,24.91,2182700.0,2141800.0,0,0,0,0,0,0,0,0,0,0,0,0,0,0,0,0,48,2026-02-04 21:35:08.033276
SPNG,24.7,25.14,25.21,2178200.0,2137700.0,0,0,0,0,0,0,0,0,0,0,0,0,0,0,0,0,49,2026-02-04 21:35:08.653117
SMMR,25.05,24.92,25.05,2179100.0,1968200.0,0,0,0,0,0,0,0,0,0,0,0,0,0,0,0,0,49,2026-02-04 21:35:08.653117
ATMN,25.29,24.65,25.04,2112900.0,2114000.0,0,0,0,0,0,0,0,0,0,0,0,0,0,0,0,0,49,2026-02-04 21:35:08.653117
WNTR,24.91,24.84,24.91,2204600.0,2115500.0,0,0,0,0,0,0,0,0,0,0,0,0,0,0,0,0,49,2026-02-04 21:35:08.653117
SPNG,25.14,25.14,25.21,2178200.0,2168400.0,0,0,0,0,0,0,0,0,0,0,0,0,0,0,0,0,50,2026-02-04 21:35:09.715909
SMMR,25.07,24.94,25.07,2185100.0,1926500.0,0,0,0,0,0,0,0,0,0,0,0,0,0,0,0,0,50,2026-02-04 21:35:09.715909
ATMN,24.72,24.59,24.72,2138700.0,2124700.0,0,0,0,0,0,0,0,0,0,0,0,0,0,0,0,0,50,2026-02-04 21:35:09.715909
WNTR,24.91,24.84,24.91,2211300.0,2099800.0,0,0,0,0,0,0,0,0,0,0,0,0,0,0,0,0,50,2026-02-04 21:35:09.715909
SPNG,24.62,25.06,25.21,2208600.0,2168400.0,0,0,0,0,0,0,0,0,0,0,0,0,0,0,0,0,51,2026-02-04 21:35:10.756537
SMMR,25.07,24.94,25.07,2187400.0,1926500.0,0,0,0,0,0,0,0,0,0,0,0,0,0,0,0,0,51,2026-02-04 21:35:10.756537
ATMN,24.99,24.59,24.71,2138700.0,2098200.0,0,0,0,0,0,0,0,0,0,0,0,0,0,0,0,0,51,2026-02-04 21:35:10.756537
WNTR,24.92,24.84,24.92,2209200.0,2104800.0,0,0,0,0,0,0,0,0,0,0,0,0,0,0,0,0,51,2026-02-04 21:35:10.756537
SPNG,25.06,25.06,25.29,2208600.0,2158700.0,0,0,0,0,0,0,0,0,0,0,0,0,0,0,0,0,52,2026-02-04 21:35:11.795479
SMMR,25.07,25.0,25.07,2191400.0,1926500.0,0,0,0,0,0,0,0,0,0,0,0,0,0,0,0,0,52,2026-02-04 21:35:11.795479
ATMN,24.73,24.73,25.08,2119200.0,2096100.0,0,0,0,0,0,0,0,0,0,0,0,0,0,0,0,0,52,2026-02-04 21:35:11.795479
WNTR,24.92,24.94,25.04,2220800.0,2099400.0,0,0,0,0,0,0,0,0,0,0,0,0,0,0,0,0,52,2026-02-04 21:35:11.795479
SPNG,25.06,24.8,25.05,2210900.0,2152900.0,0,0,0,0,0,0,0,0,0,0,0,0,0,0,0,0,53,2026-02-04 21:35:12.840666
SMMR,24.94,24.94,25.04,2191200.0,1953800.0,0,0,0,0,0,0,0,0,0,0,0,0,0,0,0,0,53,2026-02-04 21:35:12.840666
ATMN,25.08,25.08,25.11,2106700.0,2096800.0,0,0,0,0,0,0,0,0,0,0,0,0,0,0,0,0,53,2026-02-04 21:35:12.840666
WNTR,24.92,24.94,24.98,2220800.0,2093800.0,0,0,0,0,0,0,0,0,0,0,0,0,0,0,0,0,53,2026-02-04 21:35:12.840666
SPNG,24.94,24.94,25.05,2226700.0,2160300.0,0,0,0,0,0,0,0,0,0,0,0,0,0,0,0,0,54,2026-02-04 21:35:13.884129
SMMR,24.94,24.94,25.12,2178100.0,1939300.0,0,0,0,0,0,0,0,0,0,0,0,0,0,0,0,0,54,2026-02-04 21:35:13.884129
ATMN,24.59,24.57,24.59,2117700.0,2061500.0,0,0,0,0,0,0,0,0,0,0,0,0,0,0,0,0,54,2026-02-04 21:35:13.884129
WNTR,24.78,24.78,24.91,2232800.0,2120600.0,0,0,0,0,0,0,0,0,0,0,0,0,0,0,0,0,54,2026-02-04 21:35:13.884129
SPNG,24.8,24.8,25.29,2210900.0,2191300.0,0,0,0,0,0,0,0,0,0,0,0,0,0,0,0,0,55,2026-02-04 21:35:14.951438
SMMR,24.94,24.94,24.96,2178100.0,1979700.0,0,0,0,0,0,0,0,0,0,0,0,0,0,0,0,0,55,2026-02-04 21:35:14.951438
ATMN,24.59,24.83,25.01,2068000.0,2096500.0,0,0,0,0,0,0,0,0,0,0,0,0,0,0,0,0,55,2026-02-04 21:35:14.951438
WNTR,24.91,24.96,24.98,2232800.0,2096300.0,0,0,0,0,0,0,0,0,0,0,0,0,0,0,0,0,55,2026-02-04 21:35:14.951438
SPNG,24.62,24.62,25.29,2191200.0,2191300.0,0,0,0,0,0,0,0,0,0,0,0,0,0,0,0,0,56,2026-02-04 21:35:16.113904
SMMR,25.0,24.94,25.0,2212600.0,1940800.0,0,0,0,0,0,0,0,0,0,0,0,0,0,0,0,0,56,2026-02-04 21:35:16.113904
ATMN,24.83,24.57,24.68,2080800.0,2138100.0,0,0,0,0,0,0,0,0,0,0,0,0,0,0,0,0,56,2026-02-04 21:35:16.113904
WNTR,24.96,24.87,24.91,2217800.0,2134700.0,0,0,0,0,0,0,0,0,0,0,0,0,0,0,0,0,56,2026-02-04 21:35:16.113904
SPNG,24.62,25.04,25.29,2212900.0,2191300.0,0,0,0,0,0,0,0,0,0,0,0,0,0,0,0,0,57,2026-02-04 21:35:16.693372
SMMR,25.03,25.08,25.09,2206500.0,1925600.0,0,0,0,0,0,0,0,0,0,0,0,0,0,0,0,0,57,2026-02-04 21:35:16.693372
ATMN,24.68,24.79,25.02,2097800.0,2123600.0,0,0,0,0,0,0,0,0,0,0,0,0,0,0,0,0,57,2026-02-04 21:35:16.693372
WNTR,24.87,24.87,24.91,2217800.0,2134700.0,0,0,0,0,0,0,0,0,0,0,0,0,0,0,0,0,57,2026-02-04 21:35:16.693372
SPNG,24.63,24.95,25.29,2241800.0,2191300.0,0,0,0,0,0,0,0,0,0,0,0,0,0,0,0,0,58,2026-02-04 21:35:17.737472
SMMR,25.03,25.08,25.09,2206500.0,1955700.0,0,0,0,0,0,0,0,0,0,0,0,0,0,0,0,0,58,2026-02-04 21:35:17.737472
ATMN,24.57,24.78,25.02,2070700.0,2105900.0,0,0,0,0,0,0,0,0,0,0,0,0,0,0,0,0,58,2026-02-04 21:35:17.737472
WNTR,24.94,24.78,24.94,2244200.0,2128300.0,0,0,0,0,0,0,0,0,0,0,0,0,0,0,0,0,58,2026-02-04 21:35:17.737472
SPNG,24.63,24.95,25.29,2241800.0,2201300.0,0,0,0,0,0,0,0,0,0,0,0,0,0,0,0,0,59,2026-02-04 21:35:18.803201
SMMR,24.94,24.94,25.09,2212600.0,1955700.0,0,0,0,0,0,0,0,0,0,0,0,0,0,0,0,0,59,2026-02-04 21:35:18.803201
ATMN,24.57,24.57,25.02,2070700.0,2105900.0,0,0,0,0,0,0,0,0,0,0,0,0,0,0,0,0,59,2026-02-04 21:35:18.803201
WNTR,24.94,24.78,24.94,2244200.0,2145000.0,0,0,0,0,0,0,0,0,0,0,0,0,0,0,0,0,59,2026-02-04 21:35:18.803201
SPNG,24.62,24.01,0.0,200000.0,,0,0,0,0,0,0,0,0,0,0,0,0,0,0,0,0,60,2026-02-04 21:35:19.848104
SMMR,25.1,24.25,24.36,913700.0,828000.0,0,0,0,0,0,0,0,0,0,0,0,0,0,0,0,0,60,2026-02-04 21:35:19.848104
ATMN,24.57,23.83,0.0,200000.0,,0,0,0,0,0,0,0,0,0,0,0,0,0,0,0,0,60,2026-02-04 21:35:19.848104
WNTR,24.78,23.98,24.34,938100.0,858200.0,0,0,0,0,0,0,0,0,0,0,0,0,0,0,0,0,60,2026-02-04 21:35:19.848104
SPNG,24.01,24.01,24.76,1054600.0,990700.0,0,0,0,0,0,0,0,0,0,0,0,0,0,0,0,0,61,2026-02-04 21:35:20.899738
SMMR,24.25,24.06,24.21,1058700.0,924900.0,0,0,0,0,0,0,0,0,0,0,0,0,0,0,0,0,61,2026-02-04 21:35:20.899738
ATMN,23.89,23.83,23.89,931400.0,1086500.0,0,0,0,0,0,0,0,0,0,0,0,0,0,0,0,0,61,2026-02-04 21:35:20.899738
WNTR,23.86,23.86,24.25,974600.0,976000.0,0,0,0,0,0,0,0,0,0,0,0,0,0,0,0,0,61,2026-02-04 21:35:20.899738
SPNG,23.64,23.78,23.79,1335500.0,1116800.0,0,0,0,0,0,0,0,0,0,0,0,0,0,0,0,0,62,2026-02-04 21:35:21.938532
SMMR,24.32,24.06,24.3,1058700.0,951000.0,0,0,0,0,0,0,0,0,0,0,0,0,0,0,0,0,62,2026-02-04 21:35:21.938532
ATMN,23.82,23.82,23.89,951700.0,1186900.0,0,0,0,0,0,0,0,0,0,0,0,0,0,0,0,0,62,2026-02-04 21:35:21.938532
WNTR,23.86,23.86,24.2,985800.0,1296800.0,0,0,0,0,0,0,0,0,0,0,0,0,0,0,0,0,62,2026-02-04 21:35:21.938532
SPNG,23.79,24.02,24.76,1586600.0,990700.0,0,0,0,0,0,0,0,0,0,0,0,0,0,0,0,0,63,2026-02-04 21:35:22.975915
SMMR,24.32,24.16,24.27,1309900.0,1074500.0,0,0,0,0,0,0,0,0,0,0,0,0,0,0,0,0,63,2026-02-04 21:35:22.975915
ATMN,23.69,23.69,23.89,1168100.0,1311000.0,0,0,0,0,0,0,0,0,0,0,0,0,0,0,0,0,63,2026-02-04 21:35:22.975915
WNTR,23.86,23.86,24.09,985800.0,1629600.0,0,0,0,0,0,0,0,0,0,0,0,0,0,0,0,0,63,2026-02-04 21:35:22.975915
SPNG,24.2,24.2,24.3,1708400.0,1220300.0,0,0,0,0,0,0,0,0,0,0,0,0,0,0,0,0,64,2026-02-04 21:35:24.045447
SMMR,24.3,24.16,24.3,1551200.0,951000.0,0,0,0,0,0,0,0,0,0,0,0,0,0,0,0,0,64,2026-02-04 21:35:24.045447
ATMN,23.97,23.61,23.97,1047800.0,1286600.0,0,0,0,0,0,0,0,0,0,0,0,0,0,0,0,0,64,2026-02-04 21:35:24.045447
WNTR,24.09,23.86,24.09,985800.0,1629600.0,0,0,0,0,0,0,0,0,0,0,0,0,0,0,0,0,64,2026-02-04 21:35:24.045447
SPNG,24.02,23.88,23.97,1724100.0,1327600.0,0,0,0,0,0,0,0,0,0,0,0,0,0,0,0,0,65,2026-02-04 21:35:25.148337
SMMR,24.3,24.16,24.3,1551200.0,1265700.0,0,0,0,0,0,0,0,0,0,0,0,0,0,0,0,0,65,2026-02-04 21:35:25.148337
ATMN,23.48,23.48,23.97,1096300.0,1286600.0,0,0,0,0,0,0,0,0,0,0,0,0,0,0,0,0,65,2026-02-04 21:35:25.148337
WNTR,23.86,23.27,23.38,1261800.0,1831000.0,0,0,0,0,0,0,0,0,0,0,0,0,0,0,0,0,65,2026-02-04 21:35:25.148337
SPNG,24.3,23.88,24.3,1846800.0,1323300.0,0,0,0,0,0,0,0,0,0,0,0,0,0,0,0,0,66,2026-02-04 21:35:25.710598
SMMR,24.16,24.23,24.3,1680400.0,1265700.0,0,0,0,0,0,0,0,0,0,0,0,0,0,0,0,0,66,2026-02-04 21:35:25.710598
ATMN,23.48,23.56,23.82,1220500.0,1403400.0,0,0,0,0,0,0,0,0,0,0,0,0,0,0,0,0,66,2026-02-04 21:35:25.710598
WNTR,23.86,23.34,23.38,1514700.0,1831000.0,0,0,0,0,0,0,0,0,0,0,0,0,0,0,0,0,66,2026-02-04 21:35:25.710598
SPNG,23.88,23.78,23.83,1857000.0,1560000.0,0,0,0,0,0,0,0,0,0,0,0,0,0,0,0,0,67,2026-02-04 21:35:26.854951
SMMR,24.23,24.23,24.3,1680400.0,1489500.0,0,0,0,0,0,0,0,0,0,0,0,0,0,0,0,0,67,2026-02-04 21:35:26.854951
ATMN,23.72,23.72,23.8,1325800.0,1509000.0,0,0,0,0,0,0,0,0,0,0,0,0,0,0,0,0,67,2026-02-04 21:35:26.854951
WNTR,24.12,23.42,24.01,1620400.0,1638300.0,0,0,0,0,0,0,0,0,0,0,0,0,0,0,0,0,67,2026-02-04 21:35:26.854951
SPNG,23.83,24.12,24.17,2079100.0,1560500.0,0,0,0,0,0,0,0,0,0,0,0,0,0,0,0,0,68,2026-02-04 21:35:27.912354
SMMR,24.23,24.23,24.3,1904600.0,1592300.0,0,0,0,0,0,0,0,0,0,0,0,0,0,0,0,0,68,2026-02-04 21:35:27.912354
ATMN,23.87,23.72,23.87,1325800.0,1504700.0,0,0,0,0,0,0,0,0,0,0,0,0,0,0,0,0,68,2026-02-04 21:35:27.912354
WNTR,23.85,23.91,24.01,1977000.0,1638300.0,0,0,0,0,0,0,0,0,0,0,0,0,0,0,0,0,68,2026-02-04 21:35:27.912354
SPNG,24.45,24.12,24.3,2079100.0,1527500.0,0,0,0,0,0,0,0,0,0,0,0,0,0,0,0,0,69,2026-02-04 21:35:28.965538
SMMR,24.16,24.16,24.23,1652700.0,1799400.0,0,0,0,0,0,0,0,0,0,0,0,0,0,0,0,0,69,2026-02-04 21:35:28.965538
ATMN,24.04,23.84,24.04,1452600.0,1201500.0,0,0,0,0,0,0,0,0,0,0,0,0,0,0,0,0,69,2026-02-04 21:35:28.965538
WNTR,23.84,23.84,24.01,1724000.0,1638300.0,0,0,0,0,0,0,0,0,0,0,0,0,0,0,0,0,69,2026-02-04 21:35:28.965538
SPNG,24.45,24.12,24.27,2079100.0,1901500.0,0,0,0,0,0,0,0,0,0,0,0,0,0,0,0,0,70,2026-02-04 21:35:30.049707
SMMR,24.23,24.16,24.23,1523300.0,1799400.0,0,0,0,0,0,0,0,0,0,0,0,0,0,0,0,0,70,2026-02-04 21:35:30.049707
ATMN,23.84,23.84,24.04,1544200.0,1304000.0,0,0,0,0,0,0,0,0,0,0,0,0,0,0,0,0,70,2026-02-04 21:35:30.049707
WNTR,23.84,23.99,24.01,1973100.0,1762700.0,0,0,0,0,0,0,0,0,0,0,0,0,0,0,0,0,70,2026-02-04 21:35:30.049707
SPNG,24.12,23.78,23.87,1959700.0,2160800.0,0,0,0,0,0,0,0,0,0,0,0,0,0,0,0,0,71,2026-02-04 21:35:31.229082
SMMR,24.16,24.12,24.15,1402800.0,2117900.0,0,0,0,0,0,0,0,0,0,0,0,0,0,0,0,0,71,2026-02-04 21:35:31.229082
ATMN,23.84,23.84,24.04,1544200.0,1714000.0,0,0,0,0,0,0,0,0,0,0,0,0,0,0,0,0,71,2026-02-04 21:35:31.229082
WNTR,24.03,23.99,24.02,1973100.0,1982500.0,0,0,0,0,0,0,0,0,0,0,0,0,0,0,0,0,71,2026-02-04 21:35:31.229082
SPNG,24.2,23.78,23.81,1959700.0,2145700.0,0,0,0,0,0,0,0,0,0,0,0,0,0,0,0,0,72,2026-02-04 21:35:31.827930
SMMR,24.15,24.16,24.17,1530700.0,2114500.0,0,0,0,0,0,0,0,0,0,0,0,0,0,0,0,0,72,2026-02-04 21:35:31.827930
ATMN,23.98,23.84,23.98,1648000.0,1822100.0,0,0,0,0,0,0,0,0,0,0,0,0,0,0,0,0,72,2026-02-04 21:35:31.827930
WNTR,24.03,23.99,24.02,1973100.0,2181100.0,0,0,0,0,0,0,0,0,0,0,0,0,0,0,0,0,72,2026-02-04 21:35:31.827930
SPNG,24.27,23.78,24.27,2196000.0,2123900.0,0,0,0,0,0,0,0,0,0,0,0,0,0,0,0,0,73,2026-02-04 21:35:32.938520
SMMR,24.23,24.16,24.23,1650600.0,2145400.0,0,0,0,0,0,0,0,0,0,0,0,0,0,0,0,0,73,2026-02-04 21:35:32.938520
ATMN,24.07,23.85,24.07,1648000.0,1585100.0,0,0,0,0,0,0,0,0,0,0,0,0,0,0,0,0,73,2026-02-04 21:35:32.938520
WNTR,24.03,24.0,24.02,2179500.0,2201500.0,0,0,0,0,0,0,0,0,0,0,0,0,0,0,0,0,73,2026-02-04 21:35:32.938520
SPNG,24.27,24.03,24.27,2533500.0,2162100.0,0,0,0,0,0,0,0,0,0,0,0,0,0,0,0,0,74,2026-02-04 21:35:34.009467
SMMR,24.16,24.16,24.18,1650600.0,2168100.0,0,0,0,0,0,0,0,0,0,0,0,0,0,0,0,0,74,2026-02-04 21:35:34.009467
ATMN,23.9,23.56,24.07,1220500.0,1585100.0,0,0,0,0,0,0,0,0,0,0,0,0,0,0,0,0,74,2026-02-04 21:35:34.009467
WNTR,23.99,23.99,24.02,1973100.0,2249600.0,0,0,0,0,0,0,0,0,0,0,0,0,0,0,0,0,74,2026-02-04 21:35:34.009467
SPNG,24.27,24.03,24.07,2533500.0,2247800.0,0,0,0,0,0,0,0,0,0,0,0,0,0,0,0,0,75,2026-02-04 21:35:35.097193
SMMR,24.15,24.15,24.18,1623400.0,2178200.0,0,0,0,0,0,0,0,0,0,0,0,0,0,0,0,0,75,2026-02-04 21:35:35.097193
ATMN,23.8,23.8,23.93,1325500.0,1678400.0,0,0,0,0,0,0,0,0,0,0,0,0,0,0,0,0,75,2026-02-04 21:35:35.097193
WNTR,23.84,23.84,24.02,1839200.0,2266700.0,0,0,0,0,0,0,0,0,0,0,0,0,0,0,0,0,75,2026-02-04 21:35:35.097193
SPNG,24.03,24.03,24.07,2537600.0,2248700.0,0,0,0,0,0,0,0,0,0,0,0,0,0,0,0,0,76,2026-02-04 21:35:36.205410
SMMR,24.15,24.14,24.15,1630100.0,2193700.0,0,0,0,0,0,0,0,0,0,0,0,0,0,0,0,0,76,2026-02-04 21:35:36.205410
ATMN,24.05,23.8,23.88,1426400.0,1694300.0,0,0,0,0,0,0,0,0,0,0,0,0,0,0,0,0,76,2026-02-04 21:35:36.205410
WNTR,24.02,23.84,24.02,1839200.0,2258600.0,0,0,0,0,0,0,0,0,0,0,0,0,0,0,0,0,76,2026-02-04 21:35:36.205410
SPNG,24.27,23.78,24.27,2544700.0,2206500.0,0,0,0,0,0,0,0,0,0,0,0,0,0,0,0,0,77,2026-02-04 21:35:37.263240
SMMR,24.18,24.14,24.18,1727900.0,2160700.0,0,0,0,0,0,0,0,0,0,0,0,0,0,0,0,0,77,2026-02-04 21:35:37.263240
ATMN,23.82,23.82,23.88,1749100.0,1694300.0,0,0,0,0,0,0,0,0,0,0,0,0,0,0,0,0,77,2026-02-04 21:35:37.263240
WNTR,24.05,23.86,24.05,2053600.0,2208900.0,0,0,0,0,0,0,0,0,0,0,0,0,0,0,0,0,77,2026-02-04 21:35:37.263240
SPNG,24.27,23.78,24.27,2534200.0,2206500.0,0,0,0,0,0,0,0,0,0,0,0,0,0,0,0,0,78,2026-02-04 21:35:37.834375
SMMR,24.19,24.14,24.19,1727900.0,2148400.0,0,0,0,0,0,0,0,0,0,0,0,0,0,0,0,0,78,2026-02-04 21:35:37.834375
ATMN,24.07,23.82,24.07,1749100.0,1679500.0,0,0,0,0,0,0,0,0,0,0,0,0,0,0,0,0,78,2026-02-04 21:35:37.834375
WNTR,23.42,23.42,24.05,1735600.0,2208900.0,0,0,0,0,0,0,0,0,0,0,0,0,0,0,0,0,78,2026-02-04 21:35:37.834375
SPNG,24.27,23.69,24.27,2558300.0,2206500.0,0,0,0,0,0,0,0,0,0,0,0,0,0,0,0,0,79,2026-02-04 21:35:38.875144
SMMR,24.12,24.08,24.12,1506400.0,2160800.0,0,0,0,0,0,0,0,0,0,0,0,0,0,0,0,0,79,2026-02-04 21:35:38.875144
ATMN,23.56,23.56,24.07,1321400.0,1783700.0,0,0,0,0,0,0,0,0,0,0,0,0,0,0,0,0,79,2026-02-04 21:35:38.875144
WNTR,23.42,23.98,24.05,2077300.0,2208900.0,0,0,0,0,0,0,0,0,0,0,0,0,0,0,0,0,79,2026-02-04 21:35:38.875144
SPNG,24.35,23.69,24.35,2488000.0,2172800.0,0,0,0,0,0,0,0,0,0,0,0,0,0,0,0,0,80,2026-02-04 21:35:39.912501
SMMR,24.26,24.09,24.26,1618100.0,2135600.0,0,0,0,0,0,0,0,0,0,0,0,0,0,0,0,0,80,2026-02-04 21:35:39.912501
ATMN,23.61,23.83,23.93,1440500.0,2035900.0,0,0,0,0,0,0,0,0,0,0,0,0,0,0,0,0,80,2026-02-04 21:35:39.912501
WNTR,23.42,23.98,24.05,2177600.0,2248900.0,0,0,0,0,0,0,0,0,0,0,0,0,0,0,0,0,80,2026-02-04 21:35:39.912501
SPNG,24.35,23.82,24.35,2469200.0,2207200.0,0,0,0,0,0,0,0,0,0,0,0,0,0,0,0,0,81,2026-02-04 21:35:40.975734
SMMR,24.26,24.09,24.2,1726500.0,2160400.0,0,0,0,0,0,0,0,0,0,0,0,0,0,0,0,0,81,2026-02-04 21:35:40.975734
ATMN,23.61,23.83,23.87,1678400.0,2135100.0,0,0,0,0,0,0,0,0,0,0,0,0,0,0,0,0,81,2026-02-04 21:35:40.975734
WNTR,23.98,23.98,24.12,2177600.0,2262100.0,0,0,0,0,0,0,0,0,0,0,0,0,0,0,0,0,81,2026-02-04 21:35:40.975734
SPNG,23.81,23.81,24.39,2445100.0,2154500.0,0,0,0,0,0,0,0,0,0,0,0,0,0,0,0,0,82,2026-02-04 21:35:42.021117
SMMR,24.2,24.19,24.2,1949200.0,2160400.0,0,0,0,0,0,0,0,0,0,0,0,0,0,0,0,0,82,2026-02-04 21:35:42.021117
ATMN,24.07,23.83,24.07,1911300.0,1905400.0,0,0,0,0,0,0,0,0,0,0,0,0,0,0,0,0,82,2026-02-04 21:35:42.021117
WNTR,24.12,23.98,24.12,2177600.0,2281500.0,0,0,0,0,0,0,0,0,0,0,0,0,0,0,0,0,82,2026-02-04 21:35:42.021117
SPNG,23.81,24.2,24.27,2406400.0,2202800.0,0,0,0,0,0,0,0,0,0,0,0,0,0,0,0,0,83,2026-02-04 21:35:43.053437
SMMR,24.23,24.19,24.23,2075300.0,2164900.0,0,0,0,0,0,0,0,0,0,0,0,0,0,0,0,0,83,2026-02-04 21:35:43.053437
ATMN,24.07,23.83,24.07,2141500.0,2032100.0,0,0,0,0,0,0,0,0,0,0,0,0,0,0,0,0,83,2026-02-04 21:35:43.053437
WNTR,23.87,24.02,24.12,2302600.0,2278500.0,0,0,0,0,0,0,0,0,0,0,0,0,0,0,0,0,83,2026-02-04 21:35:43.053437
SPNG,23.81,23.81,24.27,2445100.0,2202800.0,0,0,0,0,0,0,0,0,0,0,0,0,0,0,0,0,84,2026-02-04 21:35:44.090446
SMMR,24.23,24.19,24.23,2075300.0,2160000.0,0,0,0,0,0,0,0,0,0,0,0,0,0,0,0,0,84,2026-02-04 21:35:44.090446
ATMN,24.07,23.83,23.94,2355500.0,2134000.0,0,0,0,0,0,0,0,0,0,0,0,0,0,0,0,0,84,2026-02-04 21:35:44.090446
WNTR,23.99,23.99,24.14,2299600.0,2258000.0,0,0,0,0,0,0,0,0,0,0,0,0,0,0,0,0,84,2026-02-04 21:35:44.090446
SPNG,24.16,24.16,24.27,2434700.0,2202800.0,0,0,0,0,0,0,0,0,0,0,0,0,0,0,0,0,85,2026-02-04 21:35:45.156321
SMMR,24.26,24.19,24.26,2191600.0,2149500.0,0,0,0,0,0,0,0,0,0,0,0,0,0,0,0,0,85,2026-02-04 21:35:45.156321
ATMN,23.94,23.83,23.94,2334200.0,2169800.0,0,0,0,0,0,0,0,0,0,0,0,0,0,0,0,0,85,2026-02-04 21:35:45.156321
WNTR,23.99,23.9,23.95,2371500.0,2278900.0,0,0,0,0,0,0,0,0,0,0,0,0,0,0,0,0,85,2026-02-04 21:35:45.156321
SPNG,24.16,23.82,23.89,2407000.0,2203900.0,0,0,0,0,0,0,0,0,0,0,0,0,0,0,0,0,86,2026-02-04 21:35:46.255300
SMMR,24.26,24.19,24.24,2306200.0,2138200.0,0,0,0,0,0,0,0,0,0,0,0,0,0,0,0,0,86,2026-02-04 21:35:46.255300
ATMN,24.1,23.83,24.1,2334900.0,2036200.0,0,0,0,0,0,0,0,0,0,0,0,0,0,0,0,0,86,2026-02-04 21:35:46.255300
WNTR,24.14,23.9,24.14,2348100.0,2275300.0,0,0,0,0,0,0,0,0,0,0,0,0,0,0,0,0,86,2026-02-04 21:35:46.255300
SPNG,24.27,23.82,24.27,2329700.0,2206900.0,0,0,0,0,0,0,0,0,0,0,0,0,0,0,0,0,87,2026-02-04 21:35:47.313280
SMMR,24.26,24.19,24.24,2306200.0,2116900.0,0,0,0,0,0,0,0,0,0,0,0,0,0,0,0,0,87,2026-02-04 21:35:47.313280
ATMN,24.1,23.83,24.1,2334900.0,2151700.0,0,0,0,0,0,0,0,0,0,0,0,0,0,0,0,0,87,2026-02-04 21:35:47.313280
WNTR,24.14,23.9,24.14,2320200.0,2266000.0,0,0,0,0,0,0,0,0,0,0,0,0,0,0,0,0,87,2026-02-04 21:35:47.313280
SPNG,23.69,23.69,24.27,2386300.0,2206900.0,0,0,0,0,0,0,0,0,0,0,0,0,0,0,0,0,88,2026-02-04 21:35:48.377001
SMMR,24.24,24.12,24.24,2284200.0,2116900.0,0,0,0,0,0,0,0,0,0,0,0,0,0,0,0,0,88,2026-02-04 21:35:48.377001
ATMN,23.8,23.8,24.1,2332600.0,2120200.0,0,0,0,0,0,0,0,0,0,0,0,0,0,0,0,0,88,2026-02-04 21:35:48.377001
WNTR,23.9,23.9,24.17,2320200.0,2243800.0,0,0,0,0,0,0,0,0,0,0,0,0,0,0,0,0,88,2026-02-04 21:35:48.377001
SPNG,24.29,23.69,24.29,2350500.0,2185300.0,0,0,0,0,0,0,0,0,0,0,0,0,0,0,0,0,89,2026-02-04 21:35:48.918950
SMMR,24.24,24.12,24.24,2284200.0,2116900.0,0,0,0,0,0,0,0,0,0,0,0,0,0,0,0,0,89,2026-02-04 21:35:48.918950
ATMN,24.12,23.75,24.12,2339200.0,2023500.0,0,0,0,0,0,0,0,0,0,0,0,0,0,0,0,0,89,2026-02-04 21:35:48.918950
WNTR,23.9,23.99,24.17,2288600.0,2243800.0,0,0,0,0,0,0,0,0,0,0,0,0,0,0,0,0,89,2026-02-04 21:35:48.918950
SPNG,24.17,24.17,24.29,2338900.0,2184900.0,0,0,0,0,0,0,0,0,0,0,0,0,0,0,0,0,90,2026-02-04 21:35:49.963864
SMMR,24.27,24.12,24.15,2250100.0,2139400.0,0,0,0,0,0,0,0,0,0,0,0,0,0,0,0,0,90,2026-02-04 21:35:49.963864
ATMN,24.12,23.95,24.01,2337600.0,2034600.0,0,0,0,0,0,0,0,0,0,0,0,0,0,0,0,0,90,2026-02-04 21:35:49.963864
WNTR,24.19,24.13,24.18,2292500.0,2219400.0,0,0,0,0,0,0,0,0,0,0,0,0,0,0,0,0,90,2026-02-04 21:35:49.963864
SPNG,24.17,23.69,24.02,2350500.0,2235500.0,0,0,0,0,0,0,0,0,0,0,0,0,0,0,0,0,91,2026-02-04 21:35:51.024917
SMMR,24.27,24.12,24.15,2215400.0,2159100.0,0,0,0,0,0,0,0,0,0,0,0,0,0,0,0,0,91,2026-02-04 21:35:51.024917
ATMN,24.12,23.95,24.01,2351100.0,2165900.0,0,0,0,0,0,0,0,0,0,0,0,0,0,0,0,0,91,2026-02-04 21:35:51.024917
WNTR,24.19,24.13,24.19,2309600.0,2251900.0,0,0,0,0,0,0,0,0,0,0,0,0,0,0,0,0,91,2026-02-04 21:35:51.024917
SPNG,24.08,24.26,24.29,2334100.0,2242000.0,0,0,0,0,0,0,0,0,0,0,0,0,0,0,0,0,92,2026-02-04 21:35:52.099292
SMMR,24.15,24.12,24.15,2249400.0,2168700.0,0,0,0,0,0,0,0,0,0,0,0,0,0,0,0,0,92,2026-02-04 21:35:52.099292
ATMN,23.95,23.95,24.11,2351100.0,2066300.0,0,0,0,0,0,0,0,0,0,0,0,0,0,0,0,0,92,2026-02-04 21:35:52.099292
WNTR,24.13,24.02,24.07,2301800.0,2242800.0,0,0,0,0,0,0,0,0,0,0,0,0,0,0,0,0,92,2026-02-04 21:35:52.099292
SPNG,23.69,23.69,24.29,2352400.0,2242000.0,0,0,0,0,0,0,0,0,0,0,0,0,0,0,0,0,93,2026-02-04 21:35:53.170793
SMMR,24.15,24.13,24.15,2236600.0,2168700.0,0,0,0,0,0,0,0,0,0,0,0,0,0,0,0,0,93,2026-02-04 21:35:53.170793
ATMN,23.86,23.91,24.11,2331100.0,2166800.0,0,0,0,0,0,0,0,0,0,0,0,0,0,0,0,0,93,2026-02-04 21:35:53.170793
WNTR,24.13,24.02,24.05,2281500.0,2237400.0,0,0,0,0,0,0,0,0,0,0,0,0,0,0,0,0,93,2026-02-04 21:35:53.170793
SPNG,24.33,24.08,24.33,2289900.0,2239300.0,0,0,0,0,0,0,0,0,0,0,0,0,0,0,0,0,94,2026-02-04 21:35:54.266752
SMMR,24.12,24.12,24.15,2227700.0,2168700.0,0,0,0,0,0,0,0,0,0,0,0,0,0,0,0,0,94,2026-02-04 21:35:54.266752
ATMN,24.11,23.91,24.11,2331100.0,2166800.0,0,0,0,0,0,0,0,0,0,0,0,0,0,0,0,0,94,2026-02-04 21:35:54.266752
WNTR,24.03,24.03,24.05,2299400.0,2229200.0,0,0,0,0,0,0,0,0,0,0,0,0,0,0,0,0,94,2026-02-04 21:35:54.266752
SPNG,23.77,23.77,24.45,2318400.0,2188900.0,0,0,0,0,0,0,0,0,0,0,0,0,0,0,0,0,95,2026-02-04 21:35:55.332458
SMMR,24.12,24.12,24.15,2229800.0,2168700.0,0,0,0,0,0,0,0,0,0,0,0,0,0,0,0,0,95,2026-02-04 21:35:55.332458
ATMN,24.11,23.91,24.11,2320000.0,2210000.0,0,0,0,0,0,0,0,0,0,0,0,0,0,0,0,0,95,2026-02-04 21:35:55.332458
WNTR,23.99,23.99,24.05,2298300.0,2216900.0,0,0,0,0,0,0,0,0,0,0,0,0,0,0,0,0,95,2026-02-04 21:35:55.332458
SPNG,23.77,24.08,24.45,2273800.0,2184500.0,0,0,0,0,0,0,0,0,0,0,0,0,0,0,0,0,96,2026-02-04 21:35:56.380224
SMMR,24.15,24.15,24.2,2245800.0,2145700.0,0,0,0,0,0,0,0,0,0,0,0,0,0,0,0,0,96,2026-02-04 21:35:56.380224
ATMN,23.86,23.75,23.8,2321200.0,2238400.0,0,0,0,0,0,0,0,0,0,0,0,0,0,0,0,0,96,2026-02-04 21:35:56.380224
WNTR,23.98,23.9,23.97,2296500.0,2216800.0,0,0,0,0,0,0,0,0,0,0,0,0,0,0,0,0,96,2026-02-04 21:35:56.380224
SPNG,23.9,23.9,23.95,2295600.0,2196200.0,0,0,0,0,0,0,0,0,0,0,0,0,0,0,0,0,97,2026-02-04 21:35:56.954852
SMMR,24.2,24.15,24.2,2259700.0,2145700.0,0,0,0,0,0,0,0,0,0,0,0,0,0,0,0,0,97,2026-02-04 21:35:56.954852
ATMN,24.05,24.05,24.11,2314000.0,2210000.0,0,0,0,0,0,0,0,0,0,0,0,0,0,0,0,0,97,2026-02-04 21:35:56.954852
WNTR,24.05,23.9,24.05,2296500.0,2214100.0,0,0,0,0,0,0,0,0,0,0,0,0,0,0,0,0,97,2026-02-04 21:35:56.954852
SPNG,23.95,24.27,24.45,2302300.0,2196900.0,0,0,0,0,0,0,0,0,0,0,0,0,0,0,0,0,98,2026-02-04 21:35:57.993634
SMMR,24.15,24.15,24.27,2259700.0,2142400.0,0,0,0,0,0,0,0,0,0,0,0,0,0,0,0,0,98,2026-02-04 21:35:57.993634
ATMN,23.7,23.7,24.18,2314900.0,2128400.0,0,0,0,0,0,0,0,0,0,0,0,0,0,0,0,0,98,2026-02-04 21:35:57.993634
WNTR,24.2,23.9,24.2,2296500.0,2209800.0,0,0,0,0,0,0,0,0,0,0,0,0,0,0,0,0,98,2026-02-04 21:35:57.993634
SPNG,24.28,23.9,24.28,2280500.0,2253600.0,0,0,0,0,0,0,0,0,0,0,0,0,0,0,0,0,99,2026-02-04 21:35:59.042465
SMMR,24.28,24.25,24.28,2279600.0,2139300.0,0,0,0,0,0,0,0,0,0,0,0,0,0,0,0,0,99,2026-02-04 21:35:59.042465
ATMN,23.87,23.7,23.87,2314900.0,2113200.0,0,0,0,0,0,0,0,0,0,0,0,0,0,0,0,0,99,2026-02-04 21:35:59.042465
WNTR,24.2,24.14,24.2,2224400.0,2209800.0,0,0,0,0,0,0,0,0,0,0,0,0,0,0,0,0,99,2026-02-04 21:35:59.042465
SPNG,24.33,24.23,24.33,2285600.0,2257600.0,0,0,0,0,0,0,0,0,0,0,0,0,0,0,0,0,100,2026-02-04 21:36:00.092511
SMMR,24.25,24.25,24.28,2279600.0,2145900.0,0,0,0,0,0,0,0,0,0,0,0,0,0,0,0,0,100,2026-02-04 21:36:00.092511
ATMN,24.27,24.01,24.27,2344900.0,2082100.0,0,0,0,0,0,0,0,0,0,0,0,0,0,0,0,0,100,2026-02-04 21:36:00.092511
WNTR,23.99,23.99,24.2,2242600.0,2209800.0,0,0,0,0,0,0,0,0,0,0,0,0,0,0,0,0,100,2026-02-04 21:36:00.092511
SPNG,24.45,23.77,24.45,2304000.0,2218200.0,0,0,0,0,0,0,0,0,0,0,0,0,0,0,0,0,101,2026-02-04 21:36:01.140741
SMMR,24.14,24.24,24.28,2227100.0,2145900.0,0,0,0,0,0,0,0,0,0,0,0,0,0,0,0,0,101,2026-02-04 21:36:01.140741
ATMN,24.27,24.01,24.27,2304900.0,2086000.0,0,0,0,0,0,0,0,0,0,0,0,0,0,0,0,0,101,2026-02-04 21:36:01.140741
WNTR,23.99,23.89,23.99,2271400.0,2245100.0,0,0,0,0,0,0,0,0,0,0,0,0,0,0,0,0,101,2026-02-04 21:36:01.140741
SPNG,23.87,23.77,23.87,2300300.0,2246000.0,0,0,0,0,0,0,0,0,0,0,0,0,0,0,0,0,102,2026-02-04 21:36:02.196520
SMMR,24.28,24.14,24.28,2239900.0,2139400.0,0,0,0,0,0,0,0,0,0,0,0,0,0,0,0,0,102,2026-02-04 21:36:02.196520
ATMN,24.27,24.01,24.21,2304900.0,2211800.0,0,0,0,0,0,0,0,0,0,0,0,0,0,0,0,0,102,2026-02-04 21:36:02.196520
WNTR,24.13,24.13,24.2,2273300.0,2217300.0,0,0,0,0,0,0,0,0,0,0,0,0,0,0,0,0,102,2026-02-04 21:36:02.196520
SPNG,24.23,23.77,23.96,2326100.0,2261500.0,0,0,0,0,0,0,0,0,0,0,0,0,0,0,0,0,103,2026-02-04 21:36:03.333506
SMMR,24.28,24.17,24.28,2253000.0,2139400.0,0,0,0,0,0,0,0,0,0,0,0,0,0,0,0,0,103,2026-02-04 21:36:03.333506
ATMN,24.01,24.01,24.21,2297600.0,2211800.0,0,0,0,0,0,0,0,0,0,0,0,0,0,0,0,0,103,2026-02-04 21:36:03.333506
WNTR,23.8,23.8,24.13,2326100.0,2253300.0,0,0,0,0,0,0,0,0,0,0,0,0,0,0,0,0,103,2026-02-04 21:36:03.333506
SPNG,23.76,24.44,24.45,2336900.0,2240300.0,0,0,0,0,0,0,0,0,0,0,0,0,0,0,0,0,104,2026-02-04 21:36:04.444113
SMMR,24.28,24.17,24.26,2203100.0,2164700.0,0,0,0,0,0,0,0,0,0,0,0,0,0,0,0,0,104,2026-02-04 21:36:04.444113
ATMN,24.01,23.88,23.97,2261700.0,2255700.0,0,0,0,0,0,0,0,0,0,0,0,0,0,0,0,0,104,2026-02-04 21:36:04.444113
WNTR,23.75,23.75,24.13,2369100.0,2253300.0,0,0,0,0,0,0,0,0,0,0,0,0,0,0,0,0,104,2026-02-04 21:36:04.444113
SPNG,23.76,23.76,24.03,2308600.0,2266000.0,0,0,0,0,0,0,0,0,0,0,0,0,0,0,0,0,105,2026-02-04 21:36:05.000514
SMMR,24.28,24.24,24.26,2207600.0,2164700.0,0,0,0,0,0,0,0,0,0,0,0,0,0,0,0,0,105,2026-02-04 21:36:05.000514
ATMN,23.97,23.88,23.97,2290700.0,2255700.0,0,0,0,0,0,0,0,0,0,0,0,0,0,0,0,0,105,2026-02-04 21:36:05.000514
WNTR,23.75,24.09,24.13,2355200.0,2253300.0,0,0,0,0,0,0,0,0,0,0,0,0,0,0,0,0,105,2026-02-04 21:36:05.000514
SPNG,23.76,23.97,24.03,2347500.0,2266000.0,0,0,0,0,0,0,0,0,0,0,0,0,0,0,0,0,106,2026-02-04 21:36:06.089576
SMMR,24.23,24.23,24.26,2187100.0,2164700.0,0,0,0,0,0,0,0,0,0,0,0,0,0,0,0,0,106,2026-02-04 21:36:06.089576
ATMN,23.88,23.79,23.82,2294600.0,2220300.0,0,0,0,0,0,0,0,0,0,0,0,0,0,0,0,0,106,2026-02-04 21:36:06.089576
WNTR,24.09,24.09,24.13,2355200.0,2260500.0,0,0,0,0,0,0,0,0,0,0,0,0,0,0,0,0,106,2026-02-04 21:36:06.089576
SPNG,23.76,23.97,24.03,2343400.0,2266000.0,0,0,0,0,0,0,0,0,0,0,0,0,0,0,0,0,107,2026-02-04 21:36:07.135419
SMMR,24.17,24.17,24.26,2184800.0,2164500.0,0,0,0,0,0,0,0,0,0,0,0,0,0,0,0,0,107,2026-02-04 21:36:07.135419
ATMN,23.82,23.93,24.21,2264700.0,2200800.0,0,0,0,0,0,0,0,0,0,0,0,0,0,0,0,0,107,2026-02-04 21:36:07.135419
WNTR,23.85,23.86,24.13,2331200.0,2237700.0,0,0,0,0,0,0,0,0,0,0,0,0,0,0,0,0,107,2026-02-04 21:36:07.135419
SPNG,24.03,24.11,24.45,2328200.0,2242800.0,0,0,0,0,0,0,0,0,0,0,0,0,0,0,0,0,108,2026-02-04 21:36:08.204870
SMMR,24.26,24.17,24.26,2184800.0,2152200.0,0,0,0,0,0,0,0,0,0,0,0,0,0,0,0,0,108,2026-02-04 21:36:08.204870
ATMN,24.27,24.13,24.27,2240200.0,2152100.0,0,0,0,0,0,0,0,0,0,0,0,0,0,0,0,0,108,2026-02-04 21:36:08.204870
WNTR,23.85,23.86,23.87,2328500.0,2277700.0,0,0,0,0,0,0,0,0,0,0,0,0,0,0,0,0,108,2026-02-04 21:36:08.204870
SPNG,24.11,24.11,24.12,2328200.0,2263000.0,0,0,0,0,0,0,0,0,0,0,0,0,0,0,0,0,109,2026-02-04 21:36:09.248009
SMMR,24.26,24.17,24.18,2183600.0,2157500.0,0,0,0,0,0,0,0,0,0,0,0,0,0,0,0,0,109,2026-02-04 21:36:09.248009
ATMN,24.13,24.13,24.27,2229600.0,2151400.0,0,0,0,0,0,0,0,0,0,0,0,0,0,0,0,0,109,2026-02-04 21:36:09.248009
WNTR,23.82,23.82,24.04,2335700.0,2270800.0,0,0,0,0,0,0,0,0,0,0,0,0,0,0,0,0,109,2026-02-04 21:36:09.248009
SPNG,24.11,23.97,24.08,2343400.0,2262300.0,0,0,0,0,0,0,0,0,0,0,0,0,0,0,0,0,110,2026-02-04 21:36:10.286557
SMMR,24.26,24.17,24.18,2188400.0,2153200.0,0,0,0,0,0,0,0,0,0,0,0,0,0,0,0,0,110,2026-02-04 21:36:10.286557
ATMN,24.12,24.12,24.3,2232200.0,2152500.0,0,0,0,0,0,0,0,0,0,0,0,0,0,0,0,0,110,2026-02-04 21:36:10.286557
WNTR,23.8,23.8,24.04,2325700.0,2270800.0,0,0,0,0,0,0,0,0,0,0,0,0,0,0,0,0,110,2026-02-04 21:36:10.286557
SPNG,24.12,24.04,24.12,2320700.0,2263000.0,0,0,0,0,0,0,0,0,0,0,0,0,0,0,0,0,111,2026-02-04 21:36:11.363206
SMMR,24.18,24.17,24.18,2188400.0,2159400.0,0,0,0,0,0,0,0,0,0,0,0,0,0,0,0,0,111,2026-02-04 21:36:11.363206
ATMN,23.9,24.11,24.3,2266600.0,2152500.0,0,0,0,0,0,0,0,0,0,0,0,0,0,0,0,0,111,2026-02-04 21:36:11.363206
WNTR,23.75,23.75,23.84,2314200.0,2270500.0,0,0,0,0,0,0,0,0,0,0,0,0,0,0,0,0,111,2026-02-04 21:36:11.363206
SPNG,24.45,24.04,24.45,2320700.0,2252700.0,0,0,0,0,0,0,0,0,0,0,0,0,0,0,0,0,112,2026-02-04 21:36:12.466649
SMMR,24.17,24.17,24.18,2161900.0,2157300.0,0,0,0,0,0,0,0,0,0,0,0,0,0,0,0,0,112,2026-02-04 21:36:12.466649
ATMN,23.88,23.91,24.3,2257500.0,2152500.0,0,0,0,0,0,0,0,0,0,0,0,0,0,0,0,0,112,2026-02-04 21:36:12.466649
WNTR,23.84,23.9,23.92,2302000.0,2295800.0,0,0,0,0,0,0,0,0,0,0,0,0,0,0,0,0,112,2026-02-04 21:36:12.466649
SPNG,24.48,23.82,24.48,2340200.0,2244300.0,0,0,0,0,0,0,0,0,0,0,0,0,0,0,0,0,113,2026-02-04 21:36:13.022257
SMMR,24.24,24.17,24.24,2161900.0,2143900.0,0,0,0,0,0,0,0,0,0,0,0,0,0,0,0,0,113,2026-02-04 21:36:13.022257
ATMN,23.88,23.91,24.18,2259000.0,2144800.0,0,0,0,0,0,0,0,0,0,0,0,0,0,0,0,0,113,2026-02-04 21:36:13.022257
WNTR,23.9,23.75,23.78,2275300.0,2295200.0,0,0,0,0,0,0,0,0,0,0,0,0,0,0,0,0,113,2026-02-04 21:36:13.022257
SPNG,23.82,23.82,24.49,2340200.0,2235000.0,0,0,0,0,0,0,0,0,0,0,0,0,0,0,0,0,114,2026-02-04 21:36:14.081589
SMMR,24.16,24.16,24.24,2166200.0,2143900.0,0,0,0,0,0,0,0,0,0,0,0,0,0,0,0,0,114,2026-02-04 21:36:14.081589
ATMN,24.3,24.17,24.3,2261600.0,2152500.0,0,0,0,0,0,0,0,0,0,0,0,0,0,0,0,0,114,2026-02-04 21:36:14.081589
WNTR,24.04,23.91,24.04,2264100.0,2262500.0,0,0,0,0,0,0,0,0,0,0,0,0,0,0,0,0,114,2026-02-04 21:36:14.081589
SPNG,23.82,24.46,24.49,2362700.0,2204300.0,0,0,0,0,0,0,0,0,0,0,0,0,0,0,0,0,115,2026-02-04 21:36:15.199902
SMMR,24.16,24.16,24.28,2166200.0,2139400.0,0,0,0,0,0,0,0,0,0,0,0,0,0,0,0,0,115,2026-02-04 21:36:15.199902
ATMN,24.3,24.17,24.3,2270300.0,2172800.0,0,0,0,0,0,0,0,0,0,0,0,0,0,0,0,0,115,2026-02-04 21:36:15.199902
WNTR,24.13,23.91,24.13,2264100.0,2257200.0,0,0,0,0,0,0,0,0,0,0,0,0,0,0,0,0,115,2026-02-04 21:36:15.199902
SPNG,24.46,24.46,24.49,2362700.0,2202800.0,0,0,0,0,0,0,0,0,0,0,0,0,0,0,0,0,116,2026-02-04 21:36:16.237405
SMMR,24.25,24.16,24.25,2166200.0,2136800.0,0,0,0,0,0,0,0,0,0,0,0,0,0,0,0,0,116,2026-02-04 21:36:16.237405
ATMN,24.3,24.17,24.3,2270300.0,2189000.0,0,0,0,0,0,0,0,0,0,0,0,0,0,0,0,0,116,2026-02-04 21:36:16.237405
WNTR,24.13,23.91,23.99,2264100.0,2229700.0,0,0,0,0,0,0,0,0,0,0,0,0,0,0,0,0,116,2026-02-04 21:36:16.237405
SPNG,24.46,23.98,24.17,2356500.0,2207800.0,0,0,0,0,0,0,0,0,0,0,0,0,0,0,0,0,117,2026-02-04 21:36:17.288656
SMMR,24.25,24.26,24.29,2195000.0,2139000.0,0,0,0,0,0,0,0,0,0,0,0,0,0,0,0,0,117,2026-02-04 21:36:17.288656
ATMN,24.12,24.09,24.12,2267400.0,2153500.0,0,0,0,0,0,0,0,0,0,0,0,0,0,0,0,0,117,2026-02-04 21:36:17.288656
WNTR,24.13,23.91,23.99,2264100.0,2293900.0,0,0,0,0,0,0,0,0,0,0,0,0,0,0,0,0,117,2026-02-04 21:36:17.288656
SPNG,24.48,23.98,24.48,2356500.0,2222600.0,0,0,0,0,0,0,0,0,0,0,0,0,0,0,0,0,118,2026-02-04 21:36:18.322406
SMMR,24.3,24.26,24.29,2195000.0,2149600.0,0,0,0,0,0,0,0,0,0,0,0,0,0,0,0,0,118,2026-02-04 21:36:18.322406
ATMN,24.3,24.23,24.3,2254400.0,2159700.0,0,0,0,0,0,0,0,0,0,0,0,0,0,0,0,0,118,2026-02-04 21:36:18.322406
WNTR,23.84,23.75,23.84,2275300.0,2324500.0,0,0,0,0,0,0,0,0,0,0,0,0,0,0,0,0,118,2026-02-04 21:36:18.322406
SPNG,23.82,23.82,24.48,2355600.0,2222600.0,0,0,0,0,0,0,0,0,0,0,0,0,0,0,0,0,119,2026-02-04 21:36:19.390522
SMMR,24.27,24.27,24.29,2213500.0,2149600.0,0,0,0,0,0,0,0,0,0,0,0,0,0,0,0,0,119,2026-02-04 21:36:19.390522
ATMN,24.31,24.09,24.31,2267400.0,2147200.0,0,0,0,0,0,0,0,0,0,0,0,0,0,0,0,0,119,2026-02-04 21:36:19.390522
WNTR,23.84,23.9,24.02,2275900.0,2296600.0,0,0,0,0,0,0,0,0,0,0,0,0,0,0,0,0,119,2026-02-04 21:36:19.390522
SPNG,23.82,25.76,0.0,200000.0,0,0,0,0,0,0,0,0,0,0,0,0,0,0,0,0,0,120,2026-02-04 21:36:20.055294
SMMR,24.27,26.75,0.0,200000.0,0,0,0,0,0,0,0,0,0,0,0,0,0,0,0,0,0,120,2026-02-04 21:36:20.055294
ATMN,24.36,25.81,0.0,200000.0,0,0,0,0,0,0,0,0,0,0,0,0,0,0,0,0,0,120,2026-02-04 21:36:20.055294
WNTR,23.84,25.35,0.0,200000.0,0,0,0,0,0,0,0,0,0,0,0,0,0,0,0,0,0,120,2026-02-04 21:36:20.055294
SPNG,25.76,24.99,25.06,1234000.0,822200.0,0,0,0,0,0,0,0,0,0,0,0,0,0,0,0,0,121,2026-02-04 21:36:21.168967
SMMR,26.75,25.97,25.98,883500.0,814900.0,0,0,0,0,0,0,0,0,0,0,0,0,0,0,0,0,121,2026-02-04 21:36:21.168967
ATMN,25.61,25.79,25.91,1033100.0,742300.0,0,0,0,0,0,0,0,0,0,0,0,0,0,0,0,0,121,2026-02-04 21:36:21.168967
WNTR,24.88,24.65,24.88,1046000.0,845700.0,0,0,0,0,0,0,0,0,0,0,0,0,0,0,0,0,121,2026-02-04 21:36:21.168967
SPNG,25.06,25.33,26.03,1728800.0,818600.0,0,0,0,0,0,0,0,0,0,0,0,0,0,0,0,0,122,2026-02-04 21:36:22.263125
SMMR,26.08,25.97,26.08,1069900.0,781900.0,0,0,0,0,0,0,0,0,0,0,0,0,0,0,0,0,122,2026-02-04 21:36:22.263125
ATMN,25.91,25.79,25.91,1130500.0,938200.0,0,0,0,0,0,0,0,0,0,0,0,0,0,0,0,0,122,2026-02-04 21:36:22.263125
WNTR,25.26,25.17,25.26,1412900.0,782900.0,0,0,0,0,0,0,0,0,0,0,0,0,0,0,0,0,122,2026-02-04 21:36:22.263125
SPNG,26.03,25.33,25.73,1832800.0,911400.0,0,0,0,0,0,0,0,0,0,0,0,0,0,0,0,0,123,2026-02-04 21:36:23.336473
SMMR,26.08,26.41,26.42,1393200.0,769700.0,0,0,0,0,0,0,0,0,0,0,0,0,0,0,0,0,123,2026-02-04 21:36:23.336473
ATMN,25.98,25.63,25.98,1225600.0,818100.0,0,0,0,0,0,0,0,0,0,0,0,0,0,0,0,0,123,2026-02-04 21:36:23.336473
WNTR,25.27,25.43,25.69,1530100.0,1132700.0,0,0,0,0,0,0,0,0,0,0,0,0,0,0,0,0,123,2026-02-04 21:36:23.336473
SPNG,25.73,25.43,25.73,2143800.0,911400.0,0,0,0,0,0,0,0,0,0,0,0,0,0,0,0,0,124,2026-02-04 21:36:24.557083
SMMR,26.5,26.41,26.5,1605000.0,801400.0,0,0,0,0,0,0,0,0,0,0,0,0,0,0,0,0,124,2026-02-04 21:36:24.557083
ATMN,25.98,25.83,25.98,1460500.0,1046800.0,0,0,0,0,0,0,0,0,0,0,0,0,0,0,0,0,124,2026-02-04 21:36:24.557083
WNTR,25.27,25.43,25.49,1530100.0,1528900.0,0,0,0,0,0,0,0,0,0,0,0,0,0,0,0,0,124,2026-02-04 21:36:24.557083
SPNG,26.03,26.55,26.79,2227700.0,880200.0,0,0,0,0,0,0,0,0,0,0,0,0,0,0,0,0,125,2026-02-04 21:36:25.116625
SMMR,26.5,26.41,26.5,1716600.0,801400.0,0,0,0,0,0,0,0,0,0,0,0,0,0,0,0,0,125,2026-02-04 21:36:25.116625
ATMN,25.98,25.83,25.98,1460500.0,1155400.0,0,0,0,0,0,0,0,0,0,0,0,0,0,0,0,0,125,2026-02-04 21:36:25.116625
WNTR,25.43,25.17,25.22,1507400.0,1659900.0,0,0,0,0,0,0,0,0,0,0,0,0,0,0,0,0,125,2026-02-04 21:36:25.116625
SPNG,26.55,25.43,26.51,2143800.0,1175500.0,0,0,0,0,0,0,0,0,0,0,0,0,0,0,0,0,126,2026-02-04 21:36:26.151839
SMMR,26.61,26.41,26.61,1716600.0,822900.0,0,0,0,0,0,0,0,0,0,0,0,0,0,0,0,0,126,2026-02-04 21:36:26.151839
ATMN,25.83,25.83,25.98,1460500.0,1391200.0,0,0,0,0,0,0,0,0,0,0,0,0,0,0,0,0,126,2026-02-04 21:36:26.151839
WNTR,25.22,25.17,25.22,1755600.0,1659900.0,0,0,0,0,0,0,0,0,0,0,0,0,0,0,0,0,126,2026-02-04 21:36:26.151839
SPNG,26.55,25.43,26.37,2143800.0,1486400.0,0,0,0,0,0,0,0,0,0,0,0,0,0,0,0,0,127,2026-02-04 21:36:27.196665
SMMR,26.61,26.6,26.61,2024700.0,822900.0,0,0,0,0,0,0,0,0,0,0,0,0,0,0,0,0,127,2026-02-04 21:36:27.196665
ATMN,26.15,25.52,26.15,1128200.0,1301600.0,0,0,0,0,0,0,0,0,0,0,0,0,0,0,0,0,127,2026-02-04 21:36:27.196665
WNTR,25.49,25.47,25.49,1881900.0,1633900.0,0,0,0,0,0,0,0,0,0,0,0,0,0,0,0,0,127,2026-02-04 21:36:27.196665
SPNG,26.55,25.43,25.84,2389100.0,1706300.0,0,0,0,0,0,0,0,0,0,0,0,0,0,0,0,0,128,2026-02-04 21:36:28.253318
SMMR,26.87,26.75,26.87,2016600.0,772100.0,0,0,0,0,0,0,0,0,0,0,0,0,0,0,0,0,128,2026-02-04 21:36:28.253318
ATMN,25.21,25.21,25.87,1043600.0,1503400.0,0,0,0,0,0,0,0,0,0,0,0,0,0,0,0,0,128,2026-02-04 21:36:28.253318
WNTR,25.17,25.17,25.49,1755600.0,1752800.0,0,0,0,0,0,0,0,0,0,0,0,0,0,0,0,0,128,2026-02-04 21:36:28.253318
SPNG,25.84,25.99,26.09,2504700.0,1797200.0,0,0,0,0,0,0,0,0,0,0,0,0,0,0,0,0,129,2026-02-04 21:36:29.301249
SMMR,26.75,26.75,26.87,2023300.0,772100.0,0,0,0,0,0,0,0,0,0,0,0,0,0,0,0,0,129,2026-02-04 21:36:29.301249
ATMN,25.87,25.61,25.87,1241800.0,1503400.0,0,0,0,0,0,0,0,0,0,0,0,0,0,0,0,0,129,2026-02-04 21:36:29.301249
WNTR,25.54,25.17,25.47,1851200.0,1766400.0,0,0,0,0,0,0,0,0,0,0,0,0,0,0,0,0,129,2026-02-04 21:36:29.301249
SPNG,25.43,25.43,25.78,2441200.0,1911300.0,0,0,0,0,0,0,0,0,0,0,0,0,0,0,0,0,130,2026-02-04 21:36:30.359725
SMMR,26.75,26.75,26.85,2017400.0,979500.0,0,0,0,0,0,0,0,0,0,0,0,0,0,0,0,0,130,2026-02-04 21:36:30.359725
ATMN,25.48,25.71,25.87,1369400.0,1605100.0,0,0,0,0,0,0,0,0,0,0,0,0,0,0,0,0,130,2026-02-04 21:36:30.359725
WNTR,25.15,25.21,25.25,1838800.0,1889800.0,0,0,0,0,0,0,0,0,0,0,0,0,0,0,0,0,130,2026-02-04 21:36:30.359725
SPNG,25.43,25.68,25.78,2390000.0,1911300.0,0,0,0,0,0,0,0,0,0,0,0,0,0,0,0,0,131,2026-02-04 21:36:31.415569
SMMR,26.95,26.75,26.95,2014700.0,772400.0,0,0,0,0,0,0,0,0,0,0,0,0,0,0,0,0,131,2026-02-04 21:36:31.415569
ATMN,25.77,25.71,25.77,1369400.0,1688600.0,0,0,0,0,0,0,0,0,0,0,0,0,0,0,0,0,131,2026-02-04 21:36:31.415569
WNTR,25.47,25.21,25.47,2086000.0,1870900.0,0,0,0,0,0,0,0,0,0,0,0,0,0,0,0,0,131,2026-02-04 21:36:31.415569
SPNG,25.78,25.87,26.09,2354000.0,1797200.0,0,0,0,0,0,0,0,0,0,0,0,0,0,0,0,0,132,2026-02-04 21:36:32.545482
SMMR,26.85,26.72,26.85,2005200.0,884000.0,0,0,0,0,0,0,0,0,0,0,0,0,0,0,0,0,132,2026-02-04 21:36:32.545482
ATMN,25.93,25.71,25.88,1490000.0,1609800.0,0,0,0,0,0,0,0,0,0,0,0,0,0,0,0,0,132,2026-02-04 21:36:32.545482
WNTR,25.47,25.47,25.48,2217400.0,1905300.0,0,0,0,0,0,0,0,0,0,0,0,0,0,0,0,0,132,2026-02-04 21:36:32.545482
SPNG,25.78,25.87,26.09,2354000.0,1997900.0,0,0,0,0,0,0,0,0,0,0,0,0,0,0,0,0,133,2026-02-04 21:36:33.140032
SMMR,26.85,26.72,26.77,2008500.0,964200.0,0,0,0,0,0,0,0,0,0,0,0,0,0,0,0,0,133,2026-02-04 21:36:33.140032
ATMN,25.88,25.31,25.88,1386100.0,1609800.0,0,0,0,0,0,0,0,0,0,0,0,0,0,0,0,0,133,2026-02-04 21:36:33.140032
WNTR,25.47,25.47,25.48,2217400.0,2112200.0,0,0,0,0,0,0,0,0,0,0,0,0,0,0,0,0,133,2026-02-04 21:36:33.140032
SPNG,25.43,25.55,26.09,2402900.0,2021400.0,0,0,0,0,0,0,0,0,0,0,0,0,0,0,0,0,134,2026-02-04 21:36:34.203534
SMMR,26.85,26.72,26.77,1966000.0,964200.0,0,0,0,0,0,0,0,0,0,0,0,0,0,0,0,0,134,2026-02-04 21:36:34.203534
ATMN,25.88,25.79,25.8,1621500.0,1794300.0,0,0,0,0,0,0,0,0,0,0,0,0,0,0,0,0,134,2026-02-04 21:36:34.203534
WNTR,25.47,25.21,25.24,2086000.0,2116100.0,0,0,0,0,0,0,0,0,0,0,0,0,0,0,0,0,134,2026-02-04 21:36:34.203534
SPNG,25.38,25.38,26.03,2467900.0,2054300.0,0,0,0,0,0,0,0,0,0,0,0,0,0,0,0,0,135,2026-02-04 21:36:35.249481
SMMR,26.69,26.69,26.77,1966200.0,1069000.0,0,0,0,0,0,0,0,0,0,0,0,0,0,0,0,0,135,2026-02-04 21:36:35.249481
ATMN,25.79,25.31,25.58,1607700.0,1899700.0,0,0,0,0,0,0,0,0,0,0,0,0,0,0,0,0,135,2026-02-04 21:36:35.249481
WNTR,25.47,25.21,25.24,2430900.0,2130300.0,0,0,0,0,0,0,0,0,0,0,0,0,0,0,0,0,135,2026-02-04 21:36:35.249481
SPNG,25.33,25.33,26.03,2566600.0,2083100.0,0,0,0,0,0,0,0,0,0,0,0,0,0,0,0,0,136,2026-02-04 21:36:36.302010
SMMR,26.69,26.7,26.77,1971300.0,1069000.0,0,0,0,0,0,0,0,0,0,0,0,0,0,0,0,0,136,2026-02-04 21:36:36.302010
ATMN,25.58,25.65,25.8,1926100.0,1794300.0,0,0,0,0,0,0,0,0,0,0,0,0,0,0,0,0,136,2026-02-04 21:36:36.302010
WNTR,25.47,25.21,25.24,2302200.0,2130300.0,0,0,0,0,0,0,0,0,0,0,0,0,0,0,0,0,136,2026-02-04 21:36:36.302010
SPNG,25.56,25.33,25.38,2431800.0,2092700.0,0,0,0,0,0,0,0,0,0,0,0,0,0,0,0,0,137,2026-02-04 21:36:37.368019
SMMR,26.69,26.69,26.77,1966400.0,1166900.0,0,0,0,0,0,0,0,0,0,0,0,0,0,0,0,0,137,2026-02-04 21:36:37.368019
ATMN,25.88,25.95,26.15,1849000.0,1697600.0,0,0,0,0,0,0,0,0,0,0,0,0,0,0,0,0,137,2026-02-04 21:36:37.368019
WNTR,25.32,25.21,25.32,2267200.0,2157000.0,0,0,0,0,0,0,0,0,0,0,0,0,0,0,0,0,137,2026-02-04 21:36:37.368019
SPNG,26.03,25.59,26.03,2389200.0,2083100.0,0,0,0,0,0,0,0,0,0,0,0,0,0,0,0,0,138,2026-02-04 21:36:38.425481
SMMR,26.66,26.66,26.79,1961500.0,1183900.0,0,0,0,0,0,0,0,0,0,0,0,0,0,0,0,0,138,2026-02-04 21:36:38.425481
ATMN,25.95,25.36,25.94,1985600.0,1781900.0,0,0,0,0,0,0,0,0,0,0,0,0,0,0,0,0,138,2026-02-04 21:36:38.425481
WNTR,25.15,25.15,25.45,2266500.0,2119000.0,0,0,0,0,0,0,0,0,0,0,0,0,0,0,0,0,138,2026-02-04 21:36:38.425481
SPNG,25.59,25.59,25.66,2389200.0,2089100.0,0,0,0,0,0,0,0,0,0,0,0,0,0,0,0,0,139,2026-02-04 21:36:39.484256
SMMR,26.8,26.66,26.8,1986400.0,1079100.0,0,0,0,0,0,0,0,0,0,0,0,0,0,0,0,0,139,2026-02-04 21:36:39.484256
ATMN,26.05,25.55,25.86,2205200.0,1817200.0,0,0,0,0,0,0,0,0,0,0,0,0,0,0,0,0,139,2026-02-04 21:36:39.484256
WNTR,25.15,25.36,25.45,2282400.0,2159300.0,0,0,0,0,0,0,0,0,0,0,0,0,0,0,0,0,139,2026-02-04 21:36:39.484256
SPNG,25.66,25.59,25.66,2370400.0,2089100.0,0,0,0,0,0,0,0,0,0,0,0,0,0,0,0,0,140,2026-02-04 21:36:40.556442
SMMR,26.8,26.66,26.72,1981700.0,1292200.0,0,0,0,0,0,0,0,0,0,0,0,0,0,0,0,0,140,2026-02-04 21:36:40.556442
ATMN,25.36,25.36,26.17,2096300.0,1669900.0,0,0,0,0,0,0,0,0,0,0,0,0,0,0,0,0,140,2026-02-04 21:36:40.556442
WNTR,25.15,25.15,25.29,2254200.0,2186100.0,0,0,0,0,0,0,0,0,0,0,0,0,0,0,0,0,140,2026-02-04 21:36:40.556442
SPNG,25.66,25.8,25.84,2312500.0,2089000.0,0,0,0,0,0,0,0,0,0,0,0,0,0,0,0,0,141,2026-02-04 21:36:41.646783
SMMR,26.72,26.66,26.72,1944800.0,1292200.0,0,0,0,0,0,0,0,0,0,0,0,0,0,0,0,0,141,2026-02-04 21:36:41.646783
ATMN,25.36,25.76,25.79,2278200.0,1772800.0,0,0,0,0,0,0,0,0,0,0,0,0,0,0,0,0,141,2026-02-04 21:36:41.646783
WNTR,25.45,25.2,25.45,2219900.0,2159300.0,0,0,0,0,0,0,0,0,0,0,0,0,0,0,0,0,141,2026-02-04 21:36:41.646783
SPNG,25.8,25.8,25.84,2312500.0,2083900.0,0,0,0,0,0,0,0,0,0,0,0,0,0,0,0,0,142,2026-02-04 21:36:42.198416
SMMR,26.72,26.73,26.8,1951300.0,1181000.0,0,0,0,0,0,0,0,0,0,0,0,0,0,0,0,0,142,2026-02-04 21:36:42.198416
ATMN,25.79,25.89,26.17,2243200.0,1781800.0,0,0,0,0,0,0,0,0,0,0,0,0,0,0,0,0,142,2026-02-04 21:36:42.198416
WNTR,25.45,25.2,25.31,2219900.0,2178900.0,0,0,0,0,0,0,0,0,0,0,0,0,0,0,0,0,142,2026-02-04 21:36:42.198416
SPNG,25.8,25.8,25.84,2312700.0,2081100.0,0,0,0,0,0,0,0,0,0,0,0,0,0,0,0,0,143,2026-02-04 21:36:43.255327
SMMR,26.72,26.73,26.8,1953400.0,1265900.0,0,0,0,0,0,0,0,0,0,0,0,0,0,0,0,0,143,2026-02-04 21:36:43.255327
ATMN,25.76,25.76,25.84,2278200.0,2039800.0,0,0,0,0,0,0,0,0,0,0,0,0,0,0,0,0,143,2026-02-04 21:36:43.255327
WNTR,25.31,25.23,25.31,2216000.0,2213300.0,0,0,0,0,0,0,0,0,0,0,0,0,0,0,0,0,143,2026-02-04 21:36:43.255327
SPNG,25.33,25.33,25.83,2411200.0,2090200.0,0,0,0,0,0,0,0,0,0,0,0,0,0,0,0,0,144,2026-02-04 21:36:44.299117
SMMR,26.75,26.73,26.75,1953400.0,1572600.0,0,0,0,0,0,0,0,0,0,0,0,0,0,0,0,0,144,2026-02-04 21:36:44.299117
ATMN,25.76,25.37,25.67,2330500.0,2062400.0,0,0,0,0,0,0,0,0,0,0,0,0,0,0,0,0,144,2026-02-04 21:36:44.299117
WNTR,25.48,25.35,25.39,2212100.0,2186700.0,0,0,0,0,0,0,0,0,0,0,0,0,0,0,0,0,144,2026-02-04 21:36:44.299117
SPNG,25.33,25.68,25.83,2424600.0,2099900.0,0,0,0,0,0,0,0,0,0,0,0,0,0,0,0,0,145,2026-02-04 21:36:45.360921
SMMR,26.65,26.7,26.75,1954600.0,1572600.0,0,0,0,0,0,0,0,0,0,0,0,0,0,0,0,0,145,2026-02-04 21:36:45.360921
ATMN,25.67,25.54,25.67,2237800.0,2062400.0,0,0,0,0,0,0,0,0,0,0,0,0,0,0,0,0,145,2026-02-04 21:36:45.360921
WNTR,25.38,25.35,25.38,2212100.0,2207400.0,0,0,0,0,0,0,0,0,0,0,0,0,0,0,0,0,145,2026-02-04 21:36:45.360921
SPNG,25.84,25.68,25.84,2414600.0,2100400.0,0,0,0,0,0,0,0,0,0,0,0,0,0,0,0,0,146,2026-02-04 21:36:46.406423
SMMR,26.7,26.7,26.75,1942700.0,1668200.0,0,0,0,0,0,0,0,0,0,0,0,0,0,0,0,0,146,2026-02-04 21:36:46.406423
ATMN,26.12,25.9,26.12,2202700.0,2010700.0,0,0,0,0,0,0,0,0,0,0,0,0,0,0,0,0,146,2026-02-04 21:36:46.406423
WNTR,25.48,25.35,25.48,2212100.0,2159700.0,0,0,0,0,0,0,0,0,0,0,0,0,0,0,0,0,146,2026-02-04 21:36:46.406423
SPNG,25.94,25.68,25.94,2383600.0,2114500.0,0,0,0,0,0,0,0,0,0,0,0,0,0,0,0,0,147,2026-02-04 21:36:47.447263
SMMR,26.79,26.62,26.71,1953300.0,1675200.0,0,0,0,0,0,0,0,0,0,0,0,0,0,0,0,0,147,2026-02-04 21:36:47.447263
ATMN,25.9,25.9,26.17,2160500.0,1893500.0,0,0,0,0,0,0,0,0,0,0,0,0,0,0,0,0,147,2026-02-04 21:36:47.447263
WNTR,25.35,25.23,25.27,2216000.0,2171300.0,0,0,0,0,0,0,0,0,0,0,0,0,0,0,0,0,147,2026-02-04 21:36:47.447263
SPNG,25.94,25.51,25.94,2396300.0,2114500.0,0,0,0,0,0,0,0,0,0,0,0,0,0,0,0,0,148,2026-02-04 21:36:48.505807
SMMR,26.6,26.6,26.82,2013600.0,1551300.0,0,0,0,0,0,0,0,0,0,0,0,0,0,0,0,0,148,2026-02-04 21:36:48.505807
ATMN,25.54,25.54,26.17,2157100.0,1893500.0,0,0,0,0,0,0,0,0,0,0,0,0,0,0,0,0,148,2026-02-04 21:36:48.505807
WNTR,25.48,25.28,25.48,2210900.0,2159700.0,0,0,0,0,0,0,0,0,0,0,0,0,0,0,0,0,148,2026-02-04 21:36:48.505807
SPNG,25.94,26.02,26.03,2398500.0,2108400.0,0,0,0,0,0,0,0,0,0,0,0,0,0,0,0,0,149,2026-02-04 21:36:49.839884
SMMR,26.84,26.77,26.84,1971400.0,1462200.0,0,0,0,0,0,0,0,0,0,0,0,0,0,0,0,0,149,2026-02-04 21:36:49.839884
ATMN,26.07,25.89,26.0,2091900.0,1985600.0,0,0,0,0,0,0,0,0,0,0,0,0,0,0,0,0,149,2026-02-04 21:36:49.839884
WNTR,25.4,25.43,25.53,2236000.0,2167300.0,0,0,0,0,0,0,0,0,0,0,0,0,0,0,0,0,149,2026-02-04 21:36:49.839884
SPNG,25.68,25.91,26.03,2418100.0,2108400.0,0,0,0,0,0,0,0,0,0,0,0,0,0,0,0,0,150,2026-02-04 21:36:50.489726
SMMR,26.84,26.77,26.8,1971400.0,1670300.0,0,0,0,0,0,0,0,0,0,0,0,0,0,0,0,0,150,2026-02-04 21:36:50.489726
ATMN,26.07,25.89,25.94,2085900.0,2012100.0,0,0,0,0,0,0,0,0,0,0,0,0,0,0,0,0,150,2026-02-04 21:36:50.489726
WNTR,25.28,25.23,25.24,2208100.0,2166400.0,0,0,0,0,0,0,0,0,0,0,0,0,0,0,0,0,150,2026-02-04 21:36:50.489726
SPNG,25.51,25.51,26.03,2396300.0,2108400.0,0,0,0,0,0,0,0,0,0,0,0,0,0,0,0,0,151,2026-02-04 21:36:51.544165
SMMR,26.77,26.69,26.74,1990100.0,1756600.0,0,0,0,0,0,0,0,0,0,0,0,0,0,0,0,0,151,2026-02-04 21:36:51.544165
ATMN,25.94,25.89,25.94,2079800.0,2012100.0,0,0,0,0,0,0,0,0,0,0,0,0,0,0,0,0,151,2026-02-04 21:36:51.544165
WNTR,25.53,25.23,25.53,2208100.0,2168200.0,0,0,0,0,0,0,0,0,0,0,0,0,0,0,0,0,151,2026-02-04 21:36:51.544165
SPNG,25.17,25.17,26.03,2399800.0,2108400.0,0,0,0,0,0,0,0,0,0,0,0,0,0,0,0,0,152,2026-02-04 21:36:52.723216
SMMR,26.74,26.6,26.74,2000000.0,1842900.0,0,0,0,0,0,0,0,0,0,0,0,0,0,0,0,0,152,2026-02-04 21:36:52.723216
ATMN,25.89,25.89,26.04,2067200.0,1876700.0,0,0,0,0,0,0,0,0,0,0,0,0,0,0,0,0,152,2026-02-04 21:36:52.723216
WNTR,25.2,25.2,25.27,2214000.0,2151700.0,0,0,0,0,0,0,0,0,0,0,0,0,0,0,0,0,152,2026-02-04 21:36:52.723216
SPNG,26.04,25.59,26.04,2381300.0,2106700.0,0,0,0,0,0,0,0,0,0,0,0,0,0,0,0,0,153,2026-02-04 21:36:53.287318
SMMR,26.74,26.6,26.74,1978100.0,1937300.0,0,0,0,0,0,0,0,0,0,0,0,0,0,0,0,0,153,2026-02-04 21:36:53.287318
ATMN,25.89,26.02,26.04,2062200.0,1963400.0,0,0,0,0,0,0,0,0,0,0,0,0,0,0,0,0,153,2026-02-04 21:36:53.287318
WNTR,25.2,25.2,25.27,2181200.0,2151700.0,0,0,0,0,0,0,0,0,0,0,0,0,0,0,0,0,153,2026-02-04 21:36:53.287318
SPNG,26.06,25.59,26.06,2381300.0,2096800.0,0,0,0,0,0,0,0,0,0,0,0,0,0,0,0,0,154,2026-02-04 21:36:54.329013
SMMR,26.6,26.6,26.85,1978100.0,1634400.0,0,0,0,0,0,0,0,0,0,0,0,0,0,0,0,0,154,2026-02-04 21:36:54.329013
ATMN,26.04,25.82,26.04,2097900.0,1971300.0,0,0,0,0,0,0,0,0,0,0,0,0,0,0,0,0,154,2026-02-04 21:36:54.329013
WNTR,25.27,25.2,25.27,2181200.0,2151700.0,0,0,0,0,0,0,0,0,0,0,0,0,0,0,0,0,154,2026-02-04 21:36:54.329013
SPNG,26.06,25.74,26.06,2354900.0,2079400.0,0,0,0,0,0,0,0,0,0,0,0,0,0,0,0,0,155,2026-02-04 21:36:55.370101
SMMR,26.6,26.64,26.73,1991500.0,1829100.0,0,0,0,0,0,0,0,0,0,0,0,0,0,0,0,0,155,2026-02-04 21:36:55.370101
ATMN,25.75,25.75,26.18,2110400.0,1959400.0,0,0,0,0,0,0,0,0,0,0,0,0,0,0,0,0,155,2026-02-04 21:36:55.370101
WNTR,25.53,25.34,25.53,2149100.0,2141300.0,0,0,0,0,0,0,0,0,0,0,0,0,0,0,0,0,155,2026-02-04 21:36:55.370101
SPNG,26.06,25.74,25.78,2354900.0,2068200.0,0,0,0,0,0,0,0,0,0,0,0,0,0,0,0,0,156,2026-02-04 21:36:56.417394
SMMR,26.6,26.64,26.73,1962300.0,1915500.0,0,0,0,0,0,0,0,0,0,0,0,0,0,0,0,0,156,2026-02-04 21:36:56.417394
ATMN,25.75,25.75,25.76,2128800.0,1976000.0,0,0,0,0,0,0,0,0,0,0,0,0,0,0,0,0,156,2026-02-04 21:36:56.417394
WNTR,25.18,25.29,25.53,2183800.0,2141300.0,0,0,0,0,0,0,0,0,0,0,0,0,0,0,0,0,156,2026-02-04 21:36:56.417394
SPNG,26.06,25.74,25.78,2329600.0,2070400.0,0,0,0,0,0,0,0,0,0,0,0,0,0,0,0,0,157,2026-02-04 21:36:57.457900
SMMR,26.6,26.6,26.73,1941300.0,1915400.0,0,0,0,0,0,0,0,0,0,0,0,0,0,0,0,0,157,2026-02-04 21:36:57.457900
ATMN,25.76,25.75,25.76,2111400.0,1976000.0,0,0,0,0,0,0,0,0,0,0,0,0,0,0,0,0,157,2026-02-04 21:36:57.457900
WNTR,25.29,25.29,25.53,2183800.0,2105800.0,0,0,0,0,0,0,0,0,0,0,0,0,0,0,0,0,157,2026-02-04 21:36:57.457900
SPNG,25.65,25.65,25.78,2340700.0,2066000.0,0,0,0,0,0,0,0,0,0,0,0,0,0,0,0,0,158,2026-02-04 21:36:58.509887
SMMR,26.74,26.6,26.74,1941300.0,1912100.0,0,0,0,0,0,0,0,0,0,0,0,0,0,0,0,0,158,2026-02-04 21:36:58.509887
ATMN,26.21,25.8,26.21,2111900.0,1922600.0,0,0,0,0,0,0,0,0,0,0,0,0,0,0,0,0,158,2026-02-04 21:36:58.509887
WNTR,25.53,25.29,25.44,2183800.0,2125100.0,0,0,0,0,0,0,0,0,0,0,0,0,0,0,0,0,158,2026-02-04 21:36:58.509887
SPNG,25.5,25.5,25.78,2373800.0,2066000.0,0,0,0,0,0,0,0,0,0,0,0,0,0,0,0,0,159,2026-02-04 21:36:59.555999
SMMR,26.6,26.6,26.74,1939500.0,1922400.0,0,0,0,0,0,0,0,0,0,0,0,0,0,0,0,0,159,2026-02-04 21:36:59.555999
ATMN,26.2,25.8,26.2,2111900.0,1952700.0,0,0,0,0,0,0,0,0,0,0,0,0,0,0,0,0,159,2026-02-04 21:36:59.555999
WNTR,25.35,25.35,25.44,2207600.0,2121700.0,0,0,0,0,0,0,0,0,0,0,0,0,0,0,0,0,159,2026-02-04 21:36:59.555999
SPNG,25.42,25.93,26.02,2375200.0,2077500.0,0,0,0,0,0,0,0,0,0,0,0,0,0,0,0,0,160,2026-02-04 21:37:00.651421
SMMR,26.78,26.7,26.78,1984900.0,1922500.0,0,0,0,0,0,0,0,0,0,0,0,0,0,0,0,0,160,2026-02-04 21:37:00.651421
ATMN,26.2,25.83,26.09,2108700.0,1983000.0,0,0,0,0,0,0,0,0,0,0,0,0,0,0,0,0,160,2026-02-04 21:37:00.651421
WNTR,25.35,25.35,25.37,2188200.0,2102400.0,0,0,0,0,0,0,0,0,0,0,0,0,0,0,0,0,160,2026-02-04 21:37:00.651421
SPNG,25.93,25.17,25.65,2349800.0,2055900.0,0,0,0,0,0,0,0,0,0,0,0,0,0,0,0,0,161,2026-02-04 21:37:01.352387
SMMR,26.8,26.7,26.76,1984900.0,1916600.0,0,0,0,0,0,0,0,0,0,0,0,0,0,0,0,0,161,2026-02-04 21:37:01.352387
ATMN,26.2,26.08,26.09,2115300.0,1983000.0,0,0,0,0,0,0,0,0,0,0,0,0,0,0,0,0,161,2026-02-04 21:37:01.352387
WNTR,25.18,25.26,25.37,2191800.0,2102400.0,0,0,0,0,0,0,0,0,0,0,0,0,0,0,0,0,161,2026-02-04 21:37:01.352387
SPNG,25.93,25.53,25.65,2349500.0,2055900.0,0,0,0,0,0,0,0,0,0,0,0,0,0,0,0,0,162,2026-02-04 21:37:02.421196
SMMR,26.8,26.7,26.76,1984900.0,1908800.0,0,0,0,0,0,0,0,0,0,0,0,0,0,0,0,0,162,2026-02-04 21:37:02.421196
ATMN,26.09,26.01,26.09,2096500.0,1983000.0,0,0,0,0,0,0,0,0,0,0,0,0,0,0,0,0,162,2026-02-04 21:37:02.421196
WNTR,25.31,25.31,25.44,2201900.0,2125700.0,0,0,0,0,0,0,0,0,0,0,0,0,0,0,0,0,162,2026-02-04 21:37:02.421196
SPNG,25.65,25.84,26.02,2322900.0,2083600.0,0,0,0,0,0,0,0,0,0,0,0,0,0,0,0,0,163,2026-02-04 21:37:03.472652
SMMR,26.7,26.64,26.66,1993800.0,1929700.0,0,0,0,0,0,0,0,0,0,0,0,0,0,0,0,0,163,2026-02-04 21:37:03.472652
ATMN,26.09,26.14,26.2,2091300.0,1945200.0,0,0,0,0,0,0,0,0,0,0,0,0,0,0,0,0,163,2026-02-04 21:37:03.472652
WNTR,25.38,25.4,25.44,2182800.0,2125700.0,0,0,0,0,0,0,0,0,0,0,0,0,0,0,0,0,163,2026-02-04 21:37:03.472652
SPNG,25.65,25.84,26.02,2322900.0,2075600.0,0,0,0,0,0,0,0,0,0,0,0,0,0,0,0,0,164,2026-02-04 21:37:04.526771
SMMR,26.8,26.71,26.8,2028500.0,1914500.0,0,0,0,0,0,0,0,0,0,0,0,0,0,0,0,0,164,2026-02-04 21:37:04.526771
ATMN,26.01,26.01,26.2,2074300.0,1945200.0,0,0,0,0,0,0,0,0,0,0,0,0,0,0,0,0,164,2026-02-04 21:37:04.526771
WNTR,25.21,25.21,25.44,2176000.0,2117000.0,0,0,0,0,0,0,0,0,0,0,0,0,0,0,0,0,164,2026-02-04 21:37:04.526771
SPNG,25.84,25.67,25.76,2311700.0,2103000.0,0,0,0,0,0,0,0,0,0,0,0,0,0,0,0,0,165,2026-02-04 21:37:05.573799
SMMR,26.8,26.71,26.8,1995500.0,1932400.0,0,0,0,0,0,0,0,0,0,0,0,0,0,0,0,0,165,2026-02-04 21:37:05.573799
ATMN,26.2,26.01,26.1,2074300.0,1975100.0,0,0,0,0,0,0,0,0,0,0,0,0,0,0,0,0,165,2026-02-04 21:37:05.573799
WNTR,25.44,25.21,25.24,2197000.0,2077200.0,0,0,0,0,0,0,0,0,0,0,0,0,0,0,0,0,165,2026-02-04 21:37:05.573799
SPNG,25.84,25.73,25.76,2299600.0,2082200.0,0,0,0,0,0,0,0,0,0,0,0,0,0,0,0,0,166,2026-02-04 21:37:06.632235
SMMR,26.83,26.71,26.83,1995500.0,1972500.0,0,0,0,0,0,0,0,0,0,0,0,0,0,0,0,0,166,2026-02-04 21:37:06.632235
ATMN,25.88,26.08,26.1,2046000.0,1975100.0,0,0,0,0,0,0,0,0,0,0,0,0,0,0,0,0,166,2026-02-04 21:37:06.632235
WNTR,25.21,25.21,25.44,2197000.0,2080400.0,0,0,0,0,0,0,0,0,0,0,0,0,0,0,0,0,166,2026-02-04 21:37:06.632235
SPNG,25.76,25.79,25.88,2308400.0,2081000.0,0,0,0,0,0,0,0,0,0,0,0,0,0,0,0,0,167,2026-02-04 21:37:07.683713
SMMR,26.82,26.66,26.81,1994700.0,2009000.0,0,0,0,0,0,0,0,0,0,0,0,0,0,0,0,0,167,2026-02-04 21:37:07.683713
ATMN,26.2,26.08,26.2,2046000.0,2029200.0,0,0,0,0,0,0,0,0,0,0,0,0,0,0,0,0,167,2026-02-04 21:37:07.683713
WNTR,25.44,25.46,25.49,2215700.0,2078200.0,0,0,0,0,0,0,0,0,0,0,0,0,0,0,0,0,167,2026-02-04 21:37:07.683713
SPNG,25.76,25.79,25.88,2292400.0,2081400.0,0,0,0,0,0,0,0,0,0,0,0,0,0,0,0,0,168,2026-02-04 21:37:08.743157
SMMR,26.66,26.66,26.81,1994700.0,2009000.0,0,0,0,0,0,0,0,0,0,0,0,0,0,0,0,0,168,2026-02-04 21:37:08.743157
ATMN,26.2,26.08,26.2,2082800.0,2022000.0,0,0,0,0,0,0,0,0,0,0,0,0,0,0,0,0,168,2026-02-04 21:37:08.743157
WNTR,25.46,25.15,25.16,2210100.0,2083500.0,0,0,0,0,0,0,0,0,0,0,0,0,0,0,0,0,168,2026-02-04 21:37:08.743157
SPNG,25.67,25.67,25.88,2305700.0,2086600.0,0,0,0,0,0,0,0,0,0,0,0,0,0,0,0,0,169,2026-02-04 21:37:09.824852
SMMR,26.76,26.66,26.68,1994700.0,1949600.0,0,0,0,0,0,0,0,0,0,0,0,0,0,0,0,0,169,2026-02-04 21:37:09.824852
ATMN,26.21,25.88,26.21,2079700.0,1980600.0,0,0,0,0,0,0,0,0,0,0,0,0,0,0,0,0,169,2026-02-04 21:37:09.824852
WNTR,25.26,25.2,25.26,2220000.0,2095000.0,0,0,0,0,0,0,0,0,0,0,0,0,0,0,0,0,169,2026-02-04 21:37:09.824852
SPNG,25.88,25.67,25.88,2305700.0,2110200.0,0,0,0,0,0,0,0,0,0,0,0,0,0,0,0,0,170,2026-02-04 21:37:10.439448
SMMR,26.68,26.73,26.85,2029300.0,1948100.0,0,0,0,0,0,0,0,0,0,0,0,0,0,0,0,0,170,2026-02-04 21:37:10.439448
ATMN,26.28,25.88,26.28,2101900.0,1962100.0,0,0,0,0,0,0,0,0,0,0,0,0,0,0,0,0,170,2026-02-04 21:37:10.439448
WNTR,25.26,25.2,25.26,2234100.0,2095000.0,0,0,0,0,0,0,0,0,0,0,0,0,0,0,0,0,170,2026-02-04 21:37:10.439448
SPNG,25.75,25.67,25.75,2305700.0,2122700.0,0,0,0,0,0,0,0,0,0,0,0,0,0,0,0,0,171,2026-02-04 21:37:11.500891
SMMR,26.83,26.73,26.83,2029300.0,1945800.0,0,0,0,0,0,0,0,0,0,0,0,0,0,0,0,0,171,2026-02-04 21:37:11.500891
ATMN,26.3,25.83,26.3,2097300.0,1935000.0,0,0,0,0,0,0,0,0,0,0,0,0,0,0,0,0,171,2026-02-04 21:37:11.500891
WNTR,25.26,25.2,25.26,2234500.0,2137600.0,0,0,0,0,0,0,0,0,0,0,0,0,0,0,0,0,171,2026-02-04 21:37:11.500891
SPNG,25.53,25.53,26.02,2304300.0,2101900.0,0,0,0,0,0,0,0,0,0,0,0,0,0,0,0,0,172,2026-02-04 21:37:12.535305
SMMR,26.79,26.73,26.79,2019500.0,1977200.0,0,0,0,0,0,0,0,0,0,0,0,0,0,0,0,0,172,2026-02-04 21:37:12.535305
ATMN,25.75,25.75,26.3,2073200.0,1971200.0,0,0,0,0,0,0,0,0,0,0,0,0,0,0,0,0,172,2026-02-04 21:37:12.535305
WNTR,25.28,25.2,25.28,2234500.0,2097100.0,0,0,0,0,0,0,0,0,0,0,0,0,0,0,0,0,172,2026-02-04 21:37:12.535305
SPNG,25.35,25.35,26.02,2315300.0,2116000.0,0,0,0,0,0,0,0,0,0,0,0,0,0,0,0,0,173,2026-02-04 21:37:13.571923
SMMR,26.83,26.83,26.85,2012900.0,1948100.0,0,0,0,0,0,0,0,0,0,0,0,0,0,0,0,0,173,2026-02-04 21:37:13.571923
ATMN,25.71,25.71,26.3,2089700.0,1971200.0,0,0,0,0,0,0,0,0,0,0,0,0,0,0,0,0,173,2026-02-04 21:37:13.571923
WNTR,25.33,25.21,25.23,2207500.0,2067200.0,0,0,0,0,0,0,0,0,0,0,0,0,0,0,0,0,173,2026-02-04 21:37:13.571923
SPNG,25.35,25.68,26.02,2270900.0,2124600.0,0,0,0,0,0,0,0,0,0,0,0,0,0,0,0,0,174,2026-02-04 21:37:14.610375
SMMR,26.83,26.73,26.8,2003900.0,1937700.0,0,0,0,0,0,0,0,0,0,0,0,0,0,0,0,0,174,2026-02-04 21:37:14.610375
ATMN,26.13,25.71,25.96,2089700.0,1987300.0,0,0,0,0,0,0,0,0,0,0,0,0,0,0,0,0,174,2026-02-04 21:37:14.610375
WNTR,25.33,25.21,25.23,2227900.0,2092200.0,0,0,0,0,0,0,0,0,0,0,0,0,0,0,0,0,174,2026-02-04 21:37:14.610375
SPNG,26.02,25.42,26.02,2282100.0,2094700.0,0,0,0,0,0,0,0,0,0,0,0,0,0,0,0,0,175,2026-02-04 21:37:15.654233
SMMR,26.83,26.73,26.8,1987700.0,1934700.0,0,0,0,0,0,0,0,0,0,0,0,0,0,0,0,0,175,2026-02-04 21:37:15.654233
ATMN,26.31,25.71,26.31,2075400.0,1933300.0,0,0,0,0,0,0,0,0,0,0,0,0,0,0,0,0,175,2026-02-04 21:37:15.654233
WNTR,25.23,25.35,25.37,2201700.0,2113700.0,0,0,0,0,0,0,0,0,0,0,0,0,0,0,0,0,175,2026-02-04 21:37:15.654233
SPNG,26.02,25.82,25.92,2290600.0,2099200.0,0,0,0,0,0,0,0,0,0,0,0,0,0,0,0,0,176,2026-02-04 21:37:16.784472
SMMR,26.92,26.73,26.92,1987700.0,1922900.0,0,0,0,0,0,0,0,0,0,0,0,0,0,0,0,0,176,2026-02-04 21:37:16.784472
ATMN,26.34,25.96,26.34,2046800.0,1939200.0,0,0,0,0,0,0,0,0,0,0,0,0,0,0,0,0,176,2026-02-04 21:37:16.784472
WNTR,25.35,25.35,25.42,2201700.0,2116700.0,0,0,0,0,0,0,0,0,0,0,0,0,0,0,0,0,176,2026-02-04 21:37:16.784472
SPNG,26.02,25.82,25.92,2290600.0,2083500.0,0,0,0,0,0,0,0,0,0,0,0,0,0,0,0,0,177,2026-02-04 21:37:17.443197
SMMR,26.94,26.73,26.8,1987700.0,1914100.0,0,0,0,0,0,0,0,0,0,0,0,0,0,0,0,0,177,2026-02-04 21:37:17.443197
ATMN,25.67,25.67,26.34,2082000.0,1939200.0,0,0,0,0,0,0,0,0,0,0,0,0,0,0,0,0,177,2026-02-04 21:37:17.443197
WNTR,25.35,25.35,25.42,2196700.0,2093600.0,0,0,0,0,0,0,0,0,0,0,0,0,0,0,0,0,177,2026-02-04 21:37:17.443197
SPNG,25.82,25.42,25.68,2292200.0,2090300.0,0,0,0,0,0,0,0,0,0,0,0,0,0,0,0,0,178,2026-02-04 21:37:18.511643
SMMR,26.8,26.72,26.8,1980700.0,1914100.0,0,0,0,0,0,0,0,0,0,0,0,0,0,0,0,0,178,2026-02-04 21:37:18.511643
ATMN,26.44,25.67,26.44,2082000.0,1934600.0,0,0,0,0,0,0,0,0,0,0,0,0,0,0,0,0,178,2026-02-04 21:37:18.511643
WNTR,25.21,25.21,25.42,2227900.0,2080500.0,0,0,0,0,0,0,0,0,0,0,0,0,0,0,0,0,178,2026-02-04 21:37:18.511643
SPNG,25.92,25.92,26.0,2229700.0,2077000.0,0,0,0,0,0,0,0,0,0,0,0,0,0,0,0,0,179,2026-02-04 21:37:19.600262
SMMR,26.72,26.72,26.8,1964700.0,1914100.0,0,0,0,0,0,0,0,0,0,0,0,0,0,0,0,0,179,2026-02-04 21:37:19.600262
ATMN,25.81,26.21,26.44,2090700.0,1936200.0,0,0,0,0,0,0,0,0,0,0,0,0,0,0,0,0,179,2026-02-04 21:37:19.600262
WNTR,25.2,25.37,25.42,2251900.0,2112000.0,0,0,0,0,0,0,0,0,0,0,0,0,0,0,0,0,179,2026-02-04 21:37:19.600262
SPNG,26.0,24.01,0.0,200000.0,,0,0,0,0,0,0,0,0,0,0,0,0,0,0,0,0,180,2026-02-04 21:37:20.728336
SMMR,26.8,25.5,26.08,914300.0,729700.0,0,0,0,0,0,0,0,0,0,0,0,0,0,0,0,0,180,2026-02-04 21:37:20.728336
ATMN,25.66,24.82,0.0,200000.0,,0,0,0,0,0,0,0,0,0,0,0,0,0,0,0,0,180,2026-02-04 21:37:20.728336
WNTR,25.42,25.84,0.0,200000.0,,0,0,0,0,0,0,0,0,0,0,0,0,0,0,0,0,180,2026-02-04 21:37:20.728336
SPNG,24.05,24.01,24.05,1238300.0,785800.0,0,0,0,0,0,0,0,0,0,0,0,0,0,0,0,0,181,2026-02-04 21:37:21.811205
SMMR,26.8,25.5,25.63,914300.0,1126700.0,0,0,0,0,0,0,0,0,0,0,0,0,0,0,0,0,181,2026-02-04 21:37:21.811205
ATMN,25.66,24.82,25.37,1035400.0,1137400.0,0,0,0,0,0,0,0,0,0,0,0,0,0,0,0,0,181,2026-02-04 21:37:21.811205
WNTR,25.84,25.8,25.82,1275800.0,872400.0,0,0,0,0,0,0,0,0,0,0,0,0,0,0,0,0,181,2026-02-04 21:37:21.811205
SPNG,24.01,24.01,24.65,1108500.0,997700.0,0,0,0,0,0,0,0,0,0,0,0,0,0,0,0,0,182,2026-02-04 21:37:22.920510
SMMR,25.5,25.5,25.63,914300.0,1237000.0,0,0,0,0,0,0,0,0,0,0,0,0,0,0,0,0,182,2026-02-04 21:37:22.920510
ATMN,25.66,24.82,24.94,1149800.0,1368400.0,0,0,0,0,0,0,0,0,0,0,0,0,0,0,0,0,182,2026-02-04 21:37:22.920510
WNTR,25.82,26.08,26.16,1580800.0,844400.0,0,0,0,0,0,0,0,0,0,0,0,0,0,0,0,0,182,2026-02-04 21:37:22.920510
SPNG,24.65,23.75,24.65,1348500.0,997700.0,0,0,0,0,0,0,0,0,0,0,0,0,0,0,0,0,183,2026-02-04 21:37:23.974260
SMMR,25.63,25.5,25.61,914300.0,1455400.0,0,0,0,0,0,0,0,0,0,0,0,0,0,0,0,0,183,2026-02-04 21:37:23.974260
ATMN,24.86,24.82,24.86,1335500.0,1491500.0,0,0,0,0,0,0,0,0,0,0,0,0,0,0,0,0,183,2026-02-04 21:37:23.974260
WNTR,26.16,25.8,26.16,1489600.0,955200.0,0,0,0,0,0,0,0,0,0,0,0,0,0,0,0,0,183,2026-02-04 21:37:23.974260
SPNG,23.75,23.75,24.05,1348500.0,1123600.0,0,0,0,0,0,0,0,0,0,0,0,0,0,0,0,0,184,2026-02-04 21:37:24.526671
SMMR,25.63,25.55,25.56,1027300.0,1562200.0,0,0,0,0,0,0,0,0,0,0,0,0,0,0,0,0,184,2026-02-04 21:37:24.526671
ATMN,24.82,24.82,24.86,1235500.0,1579600.0,0,0,0,0,0,0,0,0,0,0,0,0,0,0,0,0,184,2026-02-04 21:37:24.526671
WNTR,26.16,25.8,26.14,1489600.0,1154900.0,0,0,0,0,0,0,0,0,0,0,0,0,0,0,0,0,184,2026-02-04 21:37:24.526671
SPNG,24.05,23.75,23.99,1474700.0,1116300.0,0,0,0,0,0,0,0,0,0,0,0,0,0,0,0,0,185,2026-02-04 21:37:25.573489
SMMR,25.63,25.55,25.56,1027300.0,1855600.0,0,0,0,0,0,0,0,0,0,0,0,0,0,0,0,0,185,2026-02-04 21:37:25.573489
ATMN,24.68,24.82,24.86,1359500.0,1579600.0,0,0,0,0,0,0,0,0,0,0,0,0,0,0,0,0,185,2026-02-04 21:37:25.573489
WNTR,25.8,25.8,26.14,1489600.0,1364300.0,0,0,0,0,0,0,0,0,0,0,0,0,0,0,0,0,185,2026-02-04 21:37:25.573489
SPNG,23.92,23.92,23.99,1602900.0,1116300.0,0,0,0,0,0,0,0,0,0,0,0,0,0,0,0,0,186,2026-02-04 21:37:26.609609
SMMR,25.63,25.55,25.56,1126700.0,1983300.0,0,0,0,0,0,0,0,0,0,0,0,0,0,0,0,0,186,2026-02-04 21:37:26.609609
ATMN,24.67,24.67,24.86,1459000.0,1675800.0,0,0,0,0,0,0,0,0,0,0,0,0,0,0,0,0,186,2026-02-04 21:37:26.609609
WNTR,25.78,25.78,26.14,1363200.0,1364300.0,0,0,0,0,0,0,0,0,0,0,0,0,0,0,0,0,186,2026-02-04 21:37:26.609609
SPNG,23.92,23.92,23.99,1964900.0,1220500.0,0,0,0,0,0,0,0,0,0,0,0,0,0,0,0,0,187,2026-02-04 21:37:27.657659
SMMR,25.5,25.5,25.56,913700.0,1973300.0,0,0,0,0,0,0,0,0,0,0,0,0,0,0,0,0,187,2026-02-04 21:37:27.657659
ATMN,24.86,24.72,24.86,1650600.0,1552700.0,0,0,0,0,0,0,0,0,0,0,0,0,0,0,0,0,187,2026-02-04 21:37:27.657659
WNTR,25.68,25.68,26.14,1509400.0,1364300.0,0,0,0,0,0,0,0,0,0,0,0,0,0,0,0,0,187,2026-02-04 21:37:27.657659
SPNG,24.01,23.64,24.01,1815800.0,1101900.0,0,0,0,0,0,0,0,0,0,0,0,0,0,0,0,0,188,2026-02-04 21:37:28.697239
SMMR,25.5,25.5,25.56,1025400.0,1973300.0,0,0,0,0,0,0,0,0,0,0,0,0,0,0,0,0,188,2026-02-04 21:37:28.697239
ATMN,25.01,24.72,25.01,1774500.0,1475000.0,0,0,0,0,0,0,0,0,0,0,0,0,0,0,0,0,188,2026-02-04 21:37:28.697239
WNTR,25.68,25.68,26.05,1611900.0,1573800.0,0,0,0,0,0,0,0,0,0,0,0,0,0,0,0,0,188,2026-02-04 21:37:28.697239
SPNG,24.01,24.28,24.65,2215600.0,1102700.0,0,0,0,0,0,0,0,0,0,0,0,0,0,0,0,0,189,2026-02-04 21:37:29.803996
SMMR,25.61,25.36,25.59,925200.0,1957900.0,0,0,0,0,0,0,0,0,0,0,0,0,0,0,0,0,189,2026-02-04 21:37:29.803996
ATMN,25.01,25.05,25.1,1880300.0,1581900.0,0,0,0,0,0,0,0,0,0,0,0,0,0,0,0,0,189,2026-02-04 21:37:29.803996
WNTR,25.68,25.8,25.88,1940500.0,1679800.0,0,0,0,0,0,0,0,0,0,0,0,0,0,0,0,0,189,2026-02-04 21:37:29.803996
SPNG,24.28,23.75,24.21,2210900.0,1219100.0,0,0,0,0,0,0,0,0,0,0,0,0,0,0,0,0,190,2026-02-04 21:37:30.921620
SMMR,25.61,25.36,25.61,925200.0,1958500.0,0,0,0,0,0,0,0,0,0,0,0,0,0,0,0,0,190,2026-02-04 21:37:30.921620
ATMN,25.05,24.72,24.88,1879000.0,1790800.0,0,0,0,0,0,0,0,0,0,0,0,0,0,0,0,0,190,2026-02-04 21:37:30.921620
WNTR,25.88,25.92,26.05,2194200.0,1573800.0,0,0,0,0,0,0,0,0,0,0,0,0,0,0,0,0,190,2026-02-04 21:37:30.921620
SPNG,24.21,23.75,24.21,2480600.0,1330200.0,0,0,0,0,0,0,0,0,0,0,0,0,0,0,0,0,191,2026-02-04 21:37:31.960127
SMMR,25.63,25.36,25.63,925200.0,1732300.0,0,0,0,0,0,0,0,0,0,0,0,0,0,0,0,0,191,2026-02-04 21:37:31.960127
ATMN,24.83,24.67,24.8,1673200.0,1914400.0,0,0,0,0,0,0,0,0,0,0,0,0,0,0,0,0,191,2026-02-04 21:37:31.960127
WNTR,25.87,25.87,25.9,2183100.0,1566400.0,0,0,0,0,0,0,0,0,0,0,0,0,0,0,0,0,191,2026-02-04 21:37:31.960127
SPNG,24.35,23.75,24.1,2480600.0,1362200.0,0,0,0,0,0,0,0,0,0,0,0,0,0,0,0,0,192,2026-02-04 21:37:33.024808
SMMR,25.63,25.37,25.45,1159100.0,1817400.0,0,0,0,0,0,0,0,0,0,0,0,0,0,0,0,0,192,2026-02-04 21:37:33.024808
ATMN,25.1,24.67,25.1,1773900.0,1677600.0,0,0,0,0,0,0,0,0,0,0,0,0,0,0,0,0,192,2026-02-04 21:37:33.024808
WNTR,25.8,25.8,26.14,2053900.0,1590000.0,0,0,0,0,0,0,0,0,0,0,0,0,0,0,0,0,192,2026-02-04 21:37:33.024808
SPNG,24.1,24.29,24.64,2612100.0,1226600.0,0,0,0,0,0,0,0,0,0,0,0,0,0,0,0,0,193,2026-02-04 21:37:33.577774
SMMR,25.63,25.37,25.45,1343700.0,1817400.0,0,0,0,0,0,0,0,0,0,0,0,0,0,0,0,0,193,2026-02-04 21:37:33.577774
ATMN,25.1,24.82,24.87,1895800.0,1912500.0,0,0,0,0,0,0,0,0,0,0,0,0,0,0,0,0,193,2026-02-04 21:37:33.577774
WNTR,25.69,26.01,26.14,2048300.0,1590000.0,0,0,0,0,0,0,0,0,0,0,0,0,0,0,0,0,193,2026-02-04 21:37:33.577774
SPNG,24.29,24.29,24.33,2612100.0,1560300.0,0,0,0,0,0,0,0,0,0,0,0,0,0,0,0,0,194,2026-02-04 21:37:34.621458
SMMR,25.45,25.59,25.63,1534900.0,1816100.0,0,0,0,0,0,0,0,0,0,0,0,0,0,0,0,0,194,2026-02-04 21:37:34.621458
ATMN,24.82,24.67,24.76,1876400.0,2019300.0,0,0,0,0,0,0,0,0,0,0,0,0,0,0,0,0,194,2026-02-04 21:37:34.621458
WNTR,25.69,26.01,26.14,2048300.0,1996600.0,0,0,0,0,0,0,0,0,0,0,0,0,0,0,0,0,194,2026-02-04 21:37:34.621458
SPNG,23.86,23.86,24.33,2590300.0,1641600.0,0,0,0,0,0,0,0,0,0,0,0,0,0,0,0,0,195,2026-02-04 21:37:35.656265
SMMR,25.59,25.37,25.41,1555000.0,1899700.0,0,0,0,0,0,0,0,0,0,0,0,0,0,0,0,0,195,2026-02-04 21:37:35.656265
ATMN,24.76,24.67,24.76,2106300.0,1912500.0,0,0,0,0,0,0,0,0,0,0,0,0,0,0,0,0,195,2026-02-04 21:37:35.656265
WNTR,25.69,26.01,26.07,2048300.0,2127800.0,0,0,0,0,0,0,0,0,0,0,0,0,0,0,0,0,195,2026-02-04 21:37:35.656265
SPNG,24.33,23.86,24.33,2601500.0,1641600.0,0,0,0,0,0,0,0,0,0,0,0,0,0,0,0,0,196,2026-02-04 21:37:36.728923
SMMR,25.63,25.62,25.63,1644800.0,1915300.0,0,0,0,0,0,0,0,0,0,0,0,0,0,0,0,0,196,2026-02-04 21:37:36.728923
ATMN,24.87,25.06,25.1,2345700.0,2020100.0,0,0,0,0,0,0,0,0,0,0,0,0,0,0,0,0,196,2026-02-04 21:37:36.728923
WNTR,26.01,25.83,25.93,2025500.0,2096600.0,0,0,0,0,0,0,0,0,0,0,0,0,0,0,0,0,196,2026-02-04 21:37:36.728923
SPNG,24.33,24.43,24.64,2471100.0,1541600.0,0,0,0,0,0,0,0,0,0,0,0,0,0,0,0,0,197,2026-02-04 21:37:37.788308
SMMR,25.37,25.37,25.54,1543300.0,1940800.0,0,0,0,0,0,0,0,0,0,0,0,0,0,0,0,0,197,2026-02-04 21:37:37.788308
ATMN,24.87,25.06,25.1,2345700.0,2159400.0,0,0,0,0,0,0,0,0,0,0,0,0,0,0,0,0,197,2026-02-04 21:37:37.788308
WNTR,26.02,25.93,25.97,2149700.0,2112700.0,0,0,0,0,0,0,0,0,0,0,0,0,0,0,0,0,197,2026-02-04 21:37:37.788308
SPNG,24.43,23.86,24.26,2539300.0,1883000.0,0,0,0,0,0,0,0,0,0,0,0,0,0,0,0,0,198,2026-02-04 21:37:38.880688
SMMR,25.33,25.41,25.54,1427800.0,1959100.0,0,0,0,0,0,0,0,0,0,0,0,0,0,0,0,0,198,2026-02-04 21:37:38.880688
ATMN,25.06,24.67,24.92,2248300.0,2183400.0,0,0,0,0,0,0,0,0,0,0,0,0,0,0,0,0,198,2026-02-04 21:37:38.880688
WNTR,25.97,25.93,25.97,2243100.0,2112700.0,0,0,0,0,0,0,0,0,0,0,0,0,0,0,0,0,198,2026-02-04 21:37:38.880688
SPNG,24.54,23.98,24.11,2439600.0,1848200.0,0,0,0,0,0,0,0,0,0,0,0,0,0,0,0,0,199,2026-02-04 21:37:39.952749
SMMR,25.54,25.56,25.59,1727600.0,1929800.0,0,0,0,0,0,0,0,0,0,0,0,0,0,0,0,0,199,2026-02-04 21:37:39.952749
ATMN,25.11,24.67,25.11,2289200.0,2156200.0,0,0,0,0,0,0,0,0,0,0,0,0,0,0,0,0,199,2026-02-04 21:37:39.952749
WNTR,25.97,25.93,25.97,2163900.0,2112700.0,0,0,0,0,0,0,0,0,0,0,0,0,0,0,0,0,199,2026-02-04 21:37:39.952749
SPNG,24.42,23.98,24.21,2439600.0,2010800.0,0,0,0,0,0,0,0,0,0,0,0,0,0,0,0,0,200,2026-02-04 21:37:40.998528
SMMR,25.56,25.41,25.52,1749700.0,1957700.0,0,0,0,0,0,0,0,0,0,0,0,0,0,0,0,0,200,2026-02-04 21:37:40.998528
ATMN,25.11,25.08,25.11,2283600.0,2156200.0,0,0,0,0,0,0,0,0,0,0,0,0,0,0,0,0,200,2026-02-04 21:37:40.998528
WNTR,25.9,25.83,25.87,2217800.0,2110300.0,0,0,0,0,0,0,0,0,0,0,0,0,0,0,0,0,200,2026-02-04 21:37:40.998528
SPNG,24.42,23.98,24.21,2439600.0,2179600.0,0,0,0,0,0,0,0,0,0,0,0,0,0,0,0,0,201,2026-02-04 21:37:42.050982
SMMR,25.59,25.41,25.5,1854400.0,1945000.0,0,0,0,0,0,0,0,0,0,0,0,0,0,0,0,0,201,2026-02-04 21:37:42.050982
ATMN,25.05,25.06,25.11,2388600.0,2195800.0,0,0,0,0,0,0,0,0,0,0,0,0,0,0,0,0,201,2026-02-04 21:37:42.050982
WNTR,26.07,25.85,26.07,2198300.0,2102000.0,0,0,0,0,0,0,0,0,0,0,0,0,0,0,0,0,201,2026-02-04 21:37:42.050982
SPNG,23.86,23.75,23.84,2515100.0,2226400.0,0,0,0,0,0,0,0,0,0,0,0,0,0,0,0,0,202,2026-02-04 21:37:43.115872
SMMR,25.59,25.42,25.53,2077900.0,1955500.0,0,0,0,0,0,0,0,0,0,0,0,0,0,0,0,0,202,2026-02-04 21:37:43.115872
ATMN,25.06,24.76,24.89,2252700.0,2195800.0,0,0,0,0,0,0,0,0,0,0,0,0,0,0,0,0,202,2026-02-04 21:37:43.115872
WNTR,26.07,25.9,26.01,2181100.0,2102000.0,0,0,0,0,0,0,0,0,0,0,0,0,0,0,0,0,202,2026-02-04 21:37:43.115872
SPNG,23.86,23.75,23.84,2489700.0,2226400.0,0,0,0,0,0,0,0,0,0,0,0,0,0,0,0,0,203,2026-02-04 21:37:43.678218
SMMR,25.59,25.44,25.53,2160700.0,1955500.0,0,0,0,0,0,0,0,0,0,0,0,0,0,0,0,0,203,2026-02-04 21:37:43.678218
ATMN,24.76,24.64,24.66,2256600.0,2198100.0,0,0,0,0,0,0,0,0,0,0,0,0,0,0,0,0,203,2026-02-04 21:37:43.678218
WNTR,26.07,25.96,26.01,2188000.0,2102000.0,0,0,0,0,0,0,0,0,0,0,0,0,0,0,0,0,203,2026-02-04 21:37:43.678218
SPNG,23.84,23.83,23.84,2470900.0,2226400.0,0,0,0,0,0,0,0,0,0,0,0,0,0,0,0,0,204,2026-02-04 21:37:44.827871
SMMR,25.53,25.5,25.53,2134500.0,1955500.0,0,0,0,0,0,0,0,0,0,0,0,0,0,0,0,0,204,2026-02-04 21:37:44.827871
ATMN,24.64,24.64,25.2,2256600.0,2136700.0,0,0,0,0,0,0,0,0,0,0,0,0,0,0,0,0,204,2026-02-04 21:37:44.827871
WNTR,25.9,25.88,25.89,2226000.0,2088800.0,0,0,0,0,0,0,0,0,0,0,0,0,0,0,0,0,204,2026-02-04 21:37:44.827871
SPNG,23.82,23.82,24.23,2482400.0,2163200.0,0,0,0,0,0,0,0,0,0,0,0,0,0,0,0,0,205,2026-02-04 21:37:45.892964
SMMR,25.53,25.5,25.53,2134500.0,1984600.0,0,0,0,0,0,0,0,0,0,0,0,0,0,0,0,0,205,2026-02-04 21:37:45.892964
ATMN,25.2,25.0,25.2,2203000.0,2136700.0,0,0,0,0,0,0,0,0,0,0,0,0,0,0,0,0,205,2026-02-04 21:37:45.892964
WNTR,26.07,25.88,26.07,2226000.0,2123600.0,0,0,0,0,0,0,0,0,0,0,0,0,0,0,0,0,205,2026-02-04 21:37:45.892964
SPNG,24.31,23.84,24.31,2468200.0,2125900.0,0,0,0,0,0,0,0,0,0,0,0,0,0,0,0,0,206,2026-02-04 21:37:46.987740
SMMR,25.42,25.42,25.61,2173500.0,1950200.0,0,0,0,0,0,0,0,0,0,0,0,0,0,0,0,0,206,2026-02-04 21:37:46.987740
ATMN,25.0,24.64,24.9,2206200.0,2156800.0,0,0,0,0,0,0,0,0,0,0,0,0,0,0,0,0,206,2026-02-04 21:37:46.987740
WNTR,26.03,26.03,26.07,2195000.0,2125900.0,0,0,0,0,0,0,0,0,0,0,0,0,0,0,0,0,206,2026-02-04 21:37:46.987740
SPNG,24.31,23.94,24.31,2435200.0,2125900.0,0,0,0,0,0,0,0,0,0,0,0,0,0,0,0,0,207,2026-02-04 21:37:48.105421
SMMR,25.42,25.42,25.61,2144500.0,1950200.0,0,0,0,0,0,0,0,0,0,0,0,0,0,0,0,0,207,2026-02-04 21:37:48.105421
ATMN,24.57,25.19,25.22,2210100.0,2156000.0,0,0,0,0,0,0,0,0,0,0,0,0,0,0,0,0,207,2026-02-04 21:37:48.105421
WNTR,25.83,25.83,25.89,2199900.0,2158600.0,0,0,0,0,0,0,0,0,0,0,0,0,0,0,0,0,207,2026-02-04 21:37:48.105421
SPNG,24.31,23.94,24.31,2427800.0,2125900.0,0,0,0,0,0,0,0,0,0,0,0,0,0,0,0,0,208,2026-02-04 21:37:48.661726
SMMR,25.61,25.62,25.63,2124400.0,1935300.0,0,0,0,0,0,0,0,0,0,0,0,0,0,0,0,0,208,2026-02-04 21:37:48.661726
ATMN,24.57,25.19,25.22,2210100.0,2159000.0,0,0,0,0,0,0,0,0,0,0,0,0,0,0,0,0,208,2026-02-04 21:37:48.661726
WNTR,25.75,25.75,25.89,2227500.0,2158600.0,0,0,0,0,0,0,0,0,0,0,0,0,0,0,0,0,208,2026-02-04 21:37:48.661726
SPNG,24.43,23.84,24.43,2435000.0,2094000.0,0,0,0,0,0,0,0,0,0,0,0,0,0,0,0,0,209,2026-02-04 21:37:49.730104
SMMR,25.65,25.42,25.65,2144500.0,1916900.0,0,0,0,0,0,0,0,0,0,0,0,0,0,0,0,0,209,2026-02-04 21:37:49.730104
ATMN,24.72,25.03,25.22,2206100.0,2159000.0,0,0,0,0,0,0,0,0,0,0,0,0,0,0,0,0,209,2026-02-04 21:37:49.730104
WNTR,25.69,25.69,25.89,2281100.0,2125700.0,0,0,0,0,0,0,0,0,0,0,0,0,0,0,0,0,209,2026-02-04 21:37:49.730104
SPNG,24.59,24.14,24.48,2415600.0,2064500.0,0,0,0,0,0,0,0,0,0,0,0,0,0,0,0,0,210,2026-02-04 21:37:50.782926
SMMR,25.65,25.42,25.54,2144500.0,1909700.0,0,0,0,0,0,0,0,0,0,0,0,0,0,0,0,0,210,2026-02-04 21:37:50.782926
ATMN,25.25,24.57,25.25,2213600.0,2143300.0,0,0,0,0,0,0,0,0,0,0,0,0,0,0,0,0,210,2026-02-04 21:37:50.782926
WNTR,25.89,25.83,25.89,2231100.0,2125700.0,0,0,0,0,0,0,0,0,0,0,0,0,0,0,0,0,210,2026-02-04 21:37:50.782926
SPNG,24.02,24.25,24.48,2427500.0,2090300.0,0,0,0,0,0,0,0,0,0,0,0,0,0,0,0,0,211,2026-02-04 21:37:51.845013
SMMR,25.41,25.41,25.54,2116700.0,1909700.0,0,0,0,0,0,0,0,0,0,0,0,0,0,0,0,0,211,2026-02-04 21:37:51.845013
ATMN,25.23,24.57,25.21,2209300.0,2132000.0,0,0,0,0,0,0,0,0,0,0,0,0,0,0,0,0,211,2026-02-04 21:37:51.845013
WNTR,25.71,25.71,25.89,2218300.0,2152200.0,0,0,0,0,0,0,0,0,0,0,0,0,0,0,0,0,211,2026-02-04 21:37:51.845013
SPNG,23.84,24.36,24.48,2465400.0,2128000.0,0,0,0,0,0,0,0,0,0,0,0,0,0,0,0,0,212,2026-02-04 21:37:52.914811
SMMR,25.54,25.41,25.54,2116700.0,1886700.0,0,0,0,0,0,0,0,0,0,0,0,0,0,0,0,0,212,2026-02-04 21:37:52.914811
ATMN,25.23,24.71,24.72,2136000.0,2139000.0,0,0,0,0,0,0,0,0,0,0,0,0,0,0,0,0,212,2026-02-04 21:37:52.914811
WNTR,25.69,25.69,25.92,2252000.0,2144000.0,0,0,0,0,0,0,0,0,0,0,0,0,0,0,0,0,212,2026-02-04 21:37:52.914811
SPNG,24.48,23.84,24.48,2435100.0,2130400.0,0,0,0,0,0,0,0,0,0,0,0,0,0,0,0,0,213,2026-02-04 21:37:53.998694
SMMR,25.41,25.37,25.41,2121600.0,1901600.0,0,0,0,0,0,0,0,0,0,0,0,0,0,0,0,0,213,2026-02-04 21:37:53.998694
ATMN,24.72,24.71,24.72,2123800.0,2139000.0,0,0,0,0,0,0,0,0,0,0,0,0,0,0,0,0,213,2026-02-04 21:37:53.998694
WNTR,26.07,25.69,26.07,2228700.0,2109400.0,0,0,0,0,0,0,0,0,0,0,0,0,0,0,0,0,213,2026-02-04 21:37:53.998694
SPNG,24.48,24.43,24.48,2418400.0,2130400.0,0,0,0,0,0,0,0,0,0,0,0,0,0,0,0,0,214,2026-02-04 21:37:55.126830
SMMR,25.65,25.37,25.65,2101300.0,1903500.0,0,0,0,0,0,0,0,0,0,0,0,0,0,0,0,0,214,2026-02-04 21:37:55.126830
ATMN,24.71,24.91,24.97,2101700.0,2108800.0,0,0,0,0,0,0,0,0,0,0,0,0,0,0,0,0,214,2026-02-04 21:37:55.126830
WNTR,26.02,25.75,25.92,2254800.0,2139900.0,0,0,0,0,0,0,0,0,0,0,0,0,0,0,0,0,214,2026-02-04 21:37:55.126830
SPNG,24.08,24.08,24.48,2442800.0,2185200.0,0,0,0,0,0,0,0,0,0,0,0,0,0,0,0,0,215,2026-02-04 21:37:56.197620
SMMR,25.65,25.49,25.63,2089600.0,1914900.0,0,0,0,0,0,0,0,0,0,0,0,0,0,0,0,0,215,2026-02-04 21:37:56.197620
ATMN,24.91,24.71,24.88,2085100.0,2101100.0,0,0,0,0,0,0,0,0,0,0,0,0,0,0,0,0,215,2026-02-04 21:37:56.197620
WNTR,25.95,25.75,25.76,2235500.0,2114400.0,0,0,0,0,0,0,0,0,0,0,0,0,0,0,0,0,215,2026-02-04 21:37:56.197620
SPNG,24.18,24.37,24.48,2429500.0,2185200.0,0,0,0,0,0,0,0,0,0,0,0,0,0,0,0,0,216,2026-02-04 21:37:56.742038
SMMR,25.65,25.49,25.59,2078400.0,1924000.0,0,0,0,0,0,0,0,0,0,0,0,0,0,0,0,0,216,2026-02-04 21:37:56.742038
ATMN,24.91,24.78,24.88,2112000.0,2101100.0,0,0,0,0,0,0,0,0,0,0,0,0,0,0,0,0,216,2026-02-04 21:37:56.742038
WNTR,25.95,25.75,25.76,2217500.0,2114400.0,0,0,0,0,0,0,0,0,0,0,0,0,0,0,0,0,216,2026-02-04 21:37:56.742038
SPNG,24.37,24.08,24.34,2442800.0,2197700.0,0,0,0,0,0,0,0,0,0,0,0,0,0,0,0,0,217,2026-02-04 21:37:57.795319
SMMR,25.58,25.42,25.58,2094300.0,1927700.0,0,0,0,0,0,0,0,0,0,0,0,0,0,0,0,0,217,2026-02-04 21:37:57.795319
ATMN,24.9,24.9,24.97,2121400.0,2108800.0,0,0,0,0,0,0,0,0,0,0,0,0,0,0,0,0,217,2026-02-04 21:37:57.795319
WNTR,26.14,25.8,25.87,2200500.0,2085600.0,0,0,0,0,0,0,0,0,0,0,0,0,0,0,0,0,217,2026-02-04 21:37:57.795319
SPNG,24.48,23.84,24.48,2468600.0,2196900.0,0,0,0,0,0,0,0,0,0,0,0,0,0,0,0,0,218,2026-02-04 21:37:58.836747
SMMR,25.42,25.42,25.58,2096100.0,1927700.0,0,0,0,0,0,0,0,0,0,0,0,0,0,0,0,0,218,2026-02-04 21:37:58.836747
ATMN,24.74,24.74,24.97,2119200.0,2124700.0,0,0,0,0,0,0,0,0,0,0,0,0,0,0,0,0,218,2026-02-04 21:37:58.836747
WNTR,26.14,25.9,26.14,2197700.0,2107100.0,0,0,0,0,0,0,0,0,0,0,0,0,0,0,0,0,218,2026-02-04 21:37:58.836747
SPNG,23.76,23.76,24.5,2472700.0,2173400.0,0,0,0,0,0,0,0,0,0,0,0,0,0,0,0,0,219,2026-02-04 21:37:59.904549
SMMR,25.58,25.38,25.58,2101000.0,1927700.0,0,0,0,0,0,0,0,0,0,0,0,0,0,0,0,0,219,2026-02-04 21:37:59.904549
ATMN,24.97,24.74,24.97,2095700.0,2148700.0,0,0,0,0,0,0,0,0,0,0,0,0,0,0,0,0,219,2026-02-04 21:37:59.904549
WNTR,25.91,25.9,25.91,2197700.0,2125500.0,0,0,0,0,0,0,0,0,0,0,0,0,0,0,0,0,219,2026-02-04 21:37:59.904549
SPNG,24.52,24.07,24.52,2417300.0,2159900.0,0,0,0,0,0,0,0,0,0,0,0,0,0,0,0,0,220,2026-02-04 21:38:00.992772
SMMR,25.58,25.45,25.58,2074300.0,1928600.0,0,0,0,0,0,0,0,0,0,0,0,0,0,0,0,0,220,2026-02-04 21:38:00.992772
ATMN,24.98,24.74,24.97,2080900.0,2115500.0,0,0,0,0,0,0,0,0,0,0,0,0,0,0,0,0,220,2026-02-04 21:38:00.992772
WNTR,25.91,25.93,26.14,2243500.0,2107600.0,0,0,0,0,0,0,0,0,0,0,0,0,0,0,0,0,220,2026-02-04 21:38:00.992772
SPNG,24.52,24.07,24.52,2417300.0,2230700.0,0,0,0,0,0,0,0,0,0,0,0,0,0,0,0,0,221,2026-02-04 21:38:02.132931
SMMR,25.59,25.55,25.59,2081200.0,1921900.0,0,0,0,0,0,0,0,0,0,0,0,0,0,0,0,0,221,2026-02-04 21:38:02.132931
ATMN,25.23,24.74,25.23,2072500.0,2114800.0,0,0,0,0,0,0,0,0,0,0,0,0,0,0,0,0,221,2026-02-04 21:38:02.132931
WNTR,25.91,25.94,26.14,2250500.0,2140500.0,0,0,0,0,0,0,0,0,0,0,0,0,0,0,0,0,221,2026-02-04 21:38:02.132931
SPNG,23.93,24.19,24.52,2433000.0,2237600.0,0,0,0,0,0,0,0,0,0,0,0,0,0,0,0,0,222,2026-02-04 21:38:02.791993
SMMR,25.55,25.45,25.5,2064000.0,1901500.0,0,0,0,0,0,0,0,0,0,0,0,0,0,0,0,0,222,2026-02-04 21:38:02.791993
ATMN,25.23,24.74,25.07,2072500.0,2106100.0,0,0,0,0,0,0,0,0,0,0,0,0,0,0,0,0,222,2026-02-04 21:38:02.791993
WNTR,25.91,25.94,25.97,2250500.0,2171700.0,0,0,0,0,0,0,0,0,0,0,0,0,0,0,0,0,222,2026-02-04 21:38:02.791993
SPNG,23.93,24.19,24.45,2433000.0,2253000.0,0,0,0,0,0,0,0,0,0,0,0,0,0,0,0,0,223,2026-02-04 21:38:03.865615
SMMR,25.6,25.56,25.6,2071800.0,1900700.0,0,0,0,0,0,0,0,0,0,0,0,0,0,0,0,0,223,2026-02-04 21:38:03.865615
ATMN,24.71,24.71,25.07,2061000.0,2109300.0,0,0,0,0,0,0,0,0,0,0,0,0,0,0,0,0,223,2026-02-04 21:38:03.865615
WNTR,25.91,25.94,25.97,2250500.0,2209500.0,0,0,0,0,0,0,0,0,0,0,0,0,0,0,0,0,223,2026-02-04 21:38:03.865615
SPNG,23.93,24.01,24.19,2425000.0,2219300.0,0,0,0,0,0,0,0,0,0,0,0,0,0,0,0,0,224,2026-02-04 21:38:04.902082
SMMR,25.45,25.45,25.6,2047200.0,1900700.0,0,0,0,0,0,0,0,0,0,0,0,0,0,0,0,0,224,2026-02-04 21:38:04.902082
ATMN,24.71,24.99,25.07,2069700.0,2109300.0,0,0,0,0,0,0,0,0,0,0,0,0,0,0,0,0,224,2026-02-04 21:38:04.902082
WNTR,25.91,25.95,25.97,2256100.0,2226300.0,0,0,0,0,0,0,0,0,0,0,0,0,0,0,0,0,224,2026-02-04 21:38:04.902082
SPNG,24.45,24.2,24.36,2432900.0,2252200.0,0,0,0,0,0,0,0,0,0,0,0,0,0,0,0,0,225,2026-02-04 21:38:05.979440
SMMR,25.39,25.39,25.55,2068700.0,1926400.0,0,0,0,0,0,0,0,0,0,0,0,0,0,0,0,0,225,2026-02-04 21:38:05.979440
ATMN,24.99,24.99,25.0,2069700.0,2107600.0,0,0,0,0,0,0,0,0,0,0,0,0,0,0,0,0,225,2026-02-04 21:38:05.979440
WNTR,25.93,25.93,25.97,2243500.0,2226300.0,0,0,0,0,0,0,0,0,0,0,0,0,0,0,0,0,225,2026-02-04 21:38:05.979440
SPNG,24.45,24.2,24.36,2412900.0,2227800.0,0,0,0,0,0,0,0,0,0,0,0,0,0,0,0,0,226,2026-02-04 21:38:07.056165
SMMR,25.38,25.4,25.55,2101600.0,1926400.0,0,0,0,0,0,0,0,0,0,0,0,0,0,0,0,0,226,2026-02-04 21:38:07.056165
ATMN,24.61,24.61,25.0,2073000.0,2141100.0,0,0,0,0,0,0,0,0,0,0,0,0,0,0,0,0,226,2026-02-04 21:38:07.056165
WNTR,25.93,25.93,25.97,2243500.0,2229300.0,0,0,0,0,0,0,0,0,0,0,0,0,0,0,0,0,226,2026-02-04 21:38:07.056165
SPNG,24.2,24.2,24.36,2412900.0,2236200.0,0,0,0,0,0,0,0,0,0,0,0,0,0,0,0,0,227,2026-02-04 21:38:08.149857
SMMR,25.38,25.4,25.52,2103900.0,1999100.0,0,0,0,0,0,0,0,0,0,0,0,0,0,0,0,0,227,2026-02-04 21:38:08.149857
ATMN,24.61,24.96,25.0,2048400.0,2130600.0,0,0,0,0,0,0,0,0,0,0,0,0,0,0,0,0,227,2026-02-04 21:38:08.149857
WNTR,25.97,25.93,25.97,2213900.0,2246600.0,0,0,0,0,0,0,0,0,0,0,0,0,0,0,0,0,227,2026-02-04 21:38:08.149857
SPNG,24.1,24.01,24.1,2436500.0,2276600.0,0,0,0,0,0,0,0,0,0,0,0,0,0,0,0,0,228,2026-02-04 21:38:09.295502
SMMR,25.41,25.4,25.41,2126000.0,1999100.0,0,0,0,0,0,0,0,0,0,0,0,0,0,0,0,0,228,2026-02-04 21:38:09.295502
ATMN,24.61,24.61,24.83,2067800.0,2156200.0,0,0,0,0,0,0,0,0,0,0,0,0,0,0,0,0,228,2026-02-04 21:38:09.295502
WNTR,25.75,25.75,25.87,2211000.0,2209600.0,0,0,0,0,0,0,0,0,0,0,0,0,0,0,0,0,228,2026-02-04 21:38:09.295502
SPNG,24.36,24.01,24.36,2414300.0,2236200.0,0,0,0,0,0,0,0,0,0,0,0,0,0,0,0,0,229,2026-02-04 21:38:09.839297
SMMR,25.41,25.4,25.41,2130100.0,2009800.0,0,0,0,0,0,0,0,0,0,0,0,0,0,0,0,0,229,2026-02-04 21:38:09.839297
ATMN,24.61,24.61,24.83,2048200.0,2156200.0,0,0,0,0,0,0,0,0,0,0,0,0,0,0,0,0,229,2026-02-04 21:38:09.839297
WNTR,25.93,25.93,25.97,2220000.0,2246600.0,0,0,0,0,0,0,0,0,0,0,0,0,0,0,0,0,229,2026-02-04 21:38:09.839297
SPNG,24.45,24.01,24.3,2414300.0,2251500.0,0,0,0,0,0,0,0,0,0,0,0,0,0,0,0,0,230,2026-02-04 21:38:10.885314
SMMR,25.52,25.44,25.52,2140100.0,1969400.0,0,0,0,0,0,0,0,0,0,0,0,0,0,0,0,0,230,2026-02-04 21:38:10.885314
ATMN,24.59,24.79,24.83,2066300.0,2156200.0,0,0,0,0,0,0,0,0,0,0,0,0,0,0,0,0,230,2026-02-04 21:38:10.885314
WNTR,25.81,25.81,25.97,2219100.0,2245600.0,0,0,0,0,0,0,0,0,0,0,0,0,0,0,0,0,230,2026-02-04 21:38:10.885314
SPNG,24.3,24.09,24.3,2426400.0,2251500.0,0,0,0,0,0,0,0,0,0,0,0,0,0,0,0,0,231,2026-02-04 21:38:11.941980
SMMR,25.63,25.44,25.63,2140100.0,1948400.0,0,0,0,0,0,0,0,0,0,0,0,0,0,0,0,0,231,2026-02-04 21:38:11.941980
ATMN,25.0,24.79,25.0,2069400.0,2169900.0,0,0,0,0,0,0,0,0,0,0,0,0,0,0,0,0,231,2026-02-04 21:38:11.941980
WNTR,26.01,25.86,25.9,2230100.0,2265500.0,0,0,0,0,0,0,0,0,0,0,0,0,0,0,0,0,231,2026-02-04 21:38:11.941980
SPNG,24.45,24.01,24.45,2414300.0,2279100.0,0,0,0,0,0,0,0,0,0,0,0,0,0,0,0,0,232,2026-02-04 21:38:13.071347
SMMR,25.4,25.4,25.5,2130100.0,1972700.0,0,0,0,0,0,0,0,0,0,0,0,0,0,0,0,0,232,2026-02-04 21:38:13.071347
ATMN,24.58,24.58,25.01,2089500.0,2151300.0,0,0,0,0,0,0,0,0,0,0,0,0,0,0,0,0,232,2026-02-04 21:38:13.071347
WNTR,25.9,25.96,25.99,2241000.0,2251500.0,0,0,0,0,0,0,0,0,0,0,0,0,0,0,0,0,232,2026-02-04 21:38:13.071347
SPNG,24.55,24.01,24.55,2423500.0,2253700.0,0,0,0,0,0,0,0,0,0,0,0,0,0,0,0,0,233,2026-02-04 21:38:14.200449
SMMR,25.47,25.4,25.47,2144800.0,1980500.0,0,0,0,0,0,0,0,0,0,0,0,0,0,0,0,0,233,2026-02-04 21:38:14.200449
ATMN,24.58,24.58,25.01,2068700.0,2160100.0,0,0,0,0,0,0,0,0,0,0,0,0,0,0,0,0,233,2026-02-04 21:38:14.200449
WNTR,26.01,25.96,26.01,2221400.0,2235200.0,0,0,0,0,0,0,0,0,0,0,0,0,0,0,0,0,233,2026-02-04 21:38:14.200449
SPNG,23.93,23.93,24.3,2437300.0,2210900.0,0,0,0,0,0,0,0,0,0,0,0,0,0,0,0,0,234,2026-02-04 21:38:15.244535
SMMR,25.47,25.49,25.5,2142700.0,1972700.0,0,0,0,0,0,0,0,0,0,0,0,0,0,0,0,0,234,2026-02-04 21:38:15.244535
ATMN,25.01,24.58,25.01,2066900.0,2152500.0,0,0,0,0,0,0,0,0,0,0,0,0,0,0,0,0,234,2026-02-04 21:38:15.244535
WNTR,25.96,25.88,25.91,2240700.0,2258000.0,0,0,0,0,0,0,0,0,0,0,0,0,0,0,0,0,234,2026-02-04 21:38:15.244535
SPNG,23.93,23.94,24.3,2426100.0,2216400.0,0,0,0,0,0,0,0,0,0,0,0,0,0,0,0,0,235,2026-02-04 21:38:16.288198
SMMR,25.49,25.38,25.48,2143400.0,1987900.0,0,0,0,0,0,0,0,0,0,0,0,0,0,0,0,0,235,2026-02-04 21:38:16.288198
ATMN,24.56,25.0,25.01,2097000.0,2179200.0,0,0,0,0,0,0,0,0,0,0,0,0,0,0,0,0,235,2026-02-04 21:38:16.288198
WNTR,25.96,25.88,25.91,2224800.0,2258000.0,0,0,0,0,0,0,0,0,0,0,0,0,0,0,0,0,235,2026-02-04 21:38:16.288198
SPNG,23.93,24.29,24.3,2408900.0,2244300.0,0,0,0,0,0,0,0,0,0,0,0,0,0,0,0,0,236,2026-02-04 21:38:17.326842
SMMR,25.63,25.53,25.63,2132500.0,1962600.0,0,0,0,0,0,0,0,0,0,0,0,0,0,0,0,0,236,2026-02-04 21:38:17.326842
ATMN,25.0,25.0,25.01,2097000.0,2185100.0,0,0,0,0,0,0,0,0,0,0,0,0,0,0,0,0,236,2026-02-04 21:38:17.326842
