ticker,last_price,bid_price,ask_price,BUY_ANON,SELL_LAVL-1,SELL_ANON,BUY_LAVL-1,BUY_GIOT-3,SELL_WRSW-3,BUY_LUIS-1,SELL_UOTB-2,SELL_BRCH-3,BUY_BRCH-3,BUY_UEBR-1,BUY_UOTB-1,BUY_UOTB-2,SELL_LUIS-1,SELL_COLA-3,BUY_COLA-1,SELL_UOTB-3,SELL_NAIT-1,BUY_WRSW-2,SELL_WRSW-1,BUY_CNCD-5,SELL_COLB-2,SELL_COLA-1,BUY_NAIT-1,BUY_WRSW-1,SELL_BRCH-1,BUY_BRCH-2,SELL_UOTB-1,BUY_COLA-3,BUY_WRSW-3,BUY_BRCH-1,SELL_UEBR-1,SELL_GIOT-3,BUY_UOTB-3,SELL_CNCD-5,BUY_COLB-2,SELL_WRSW-2,SELL_BRCH-2,tick,timestamp,news_news_id,news_period,news_tick,news_ticker,news_headline,news_body
SPNG,24.48,24.6,25.26,1533500.0,2250.0,1962400.0,,0,0,0,0,0,0,0,0,0,0,0,0,0,0,0,0,0,0,0,0,0,0,0,0,0,0,0,0,0,0,0,0,0,0,1,2026-02-05 16:53:20.178318,2.0,1.0,1.0,,Aggregate Position Limit,Your CRO has set the aggregate position limit to 9000 shares for this week.
SMMR,24.86,24.83,24.86,2271100.0,2250.0,1951300.0,,0,0,0,0,0,0,0,0,0,0,0,0,0,0,0,0,0,0,0,0,0,0,0,0,0,0,0,0,0,0,0,0,0,0,1,2026-02-05 16:53:20.178318,1.0,1.0,1.0,,Welcome to the RITC 2026 Alogithmic Market Making Case - practice server,
ATMN,24.49,24.49,25.13,1670900.0,2250.0,2248500.0,,0,0,0,0,0,0,0,0,0,0,0,0,0,0,0,0,0,0,0,0,0,0,0,0,0,0,0,0,0,0,0,0,0,0,1,2026-02-05 16:53:20.178318,,,,,,
WNTR,25.0,24.93,25.0,2004900.0,2250.0,1993300.0,2250.0,0,0,0,0,0,0,0,0,0,0,0,0,0,0,0,0,0,0,0,0,0,0,0,0,0,0,0,0,0,0,0,0,0,0,1,2026-02-05 16:53:20.178318,,,,,,
SPNG,24.48,24.61,25.14,3000.0,1628300.0,562.0,3374.0,3000.0,1773000.0,0,0,0,0,0,0,0,0,0,0,0,0,0,0,0,0,0,0,0,0,0,0,0,0,0,0,0,0,0,0,0,0,2,2026-02-05 16:53:20.740737
SMMR,24.86,24.88,25.05,,2194900.0,562.0,2250.0,,1835700.0,0,0,0,0,0,0,0,0,0,0,0,0,0,0,0,0,0,0,0,0,0,0,0,0,0,0,0,0,0,0,0,0,2,2026-02-05 16:53:20.740737
ATMN,25.12,25.12,25.13,,1789300.0,562.0,2250.0,,2248500.0,0,0,0,0,0,0,0,0,0,0,0,0,0,0,0,0,0,0,0,0,0,0,0,0,0,0,0,0,0,0,0,0,2,2026-02-05 16:53:20.740737
WNTR,25.08,25.0,25.08,,2004900.0,2250.0,,,1993300.0,0,0,0,0,0,0,0,0,0,0,0,0,0,0,0,0,0,0,0,0,0,0,0,0,0,0,0,0,0,0,0,0,2,2026-02-05 16:53:20.740737
SPNG,25.14,25.19,25.26,1819300.0,5000.0,562.0,2250.0,1963900.0,,0,0,0,0,0,0,0,0,0,0,0,0,0,0,0,0,0,0,0,0,0,0,0,0,0,0,0,0,0,0,0,0,3,2026-02-05 16:53:21.356752
SMMR,24.86,24.89,25.04,2314700.0,,,,1944000.0,5000.0,0,0,0,0,0,0,0,0,0,0,0,0,0,0,0,0,0,0,0,0,0,0,0,0,0,0,0,0,0,0,0,0,3,2026-02-05 16:53:21.356752
ATMN,25.13,25.13,25.16,1670900.0,,,,2370800.0,,0,0,0,0,0,0,0,0,0,0,0,0,0,0,0,0,0,0,0,0,0,0,0,0,0,0,0,0,0,0,0,0,3,2026-02-05 16:53:21.356752
WNTR,25.11,25.0,25.11,1920900.0,5000.0,1686.0,,1773200.0,5000.0,0,0,0,0,0,0,0,0,0,0,0,0,0,0,0,0,0,0,0,0,0,0,0,0,0,0,0,0,0,0,0,0,3,2026-02-05 16:53:21.356752
SPNG,25.09,25.2,25.23,6000.0,843.0,1508300.0,5500.0,1686.0,3000.0,1836300.0,,0,0,0,0,0,0,0,0,0,0,0,0,0,0,0,0,0,0,0,0,0,0,0,0,0,0,0,0,0,0,4,2026-02-05 16:53:22.483840
SMMR,24.82,24.84,25.13,,1616.0,2074700.0,5000.0,,,1981700.0,5000.0,0,0,0,0,0,0,0,0,0,0,0,0,0,0,0,0,0,0,0,0,0,0,0,0,0,0,0,0,0,0,4,2026-02-05 16:53:22.483840
ATMN,24.5,24.64,25.16,,,2033100.0,,843.0,2250.0,2138800.0,,0,0,0,0,0,0,0,0,0,0,0,0,0,0,0,0,0,0,0,0,0,0,0,0,0,0,0,0,0,0,4,2026-02-05 16:53:22.483840
WNTR,25.16,25.38,25.47,,3232.0,2020700.0,,,,1689600.0,,0,0,0,0,0,0,0,0,0,0,0,0,0,0,0,0,0,0,0,0,0,0,0,0,0,0,0,0,0,0,4,2026-02-05 16:53:22.483840
SPNG,24.6,24.6,25.23,1628300.0,9000.0,1749200.0,,,,0,0,0,0,0,0,0,0,0,0,0,0,0,0,0,0,0,0,0,0,0,0,0,0,0,0,0,0,0,0,0,0,5,2026-02-05 16:53:23.558581
SMMR,25.19,24.88,24.95,2210800.0,,1962800.0,5000.0,5000.0,,0,0,0,0,0,0,0,0,0,0,0,0,0,0,0,0,0,0,0,0,0,0,0,0,0,0,0,0,0,0,0,0,5,2026-02-05 16:53:23.558581
ATMN,24.77,24.78,25.05,1808500.0,4500.0,2035700.0,10500.0,5000.0,2250.0,0,0,0,0,0,0,0,0,0,0,0,0,0,0,0,0,0,0,0,0,0,0,0,0,0,0,0,0,0,0,0,0,5,2026-02-05 16:53:23.558581
WNTR,25.39,25.18,25.22,2110400.0,,1808700.0,,5000.0,,0,0,0,0,0,0,0,0,0,0,0,0,0,0,0,0,0,0,0,0,0,0,0,0,0,0,0,0,0,0,0,0,5,2026-02-05 16:53:23.558581
SPNG,24.55,24.55,25.22,1504600.0,11550.0,12000.0,1313900.0,,,0,0,0,0,0,0,0,0,0,0,0,0,0,0,0,0,0,0,0,0,0,0,0,0,0,0,0,0,0,0,0,0,6,2026-02-05 16:53:24.628687
SMMR,25.19,24.9,24.91,2201600.0,5000.0,,2220300.0,5000.0,,0,0,0,0,0,0,0,0,0,0,0,0,0,0,0,0,0,0,0,0,0,0,0,0,0,0,0,0,0,0,0,0,6,2026-02-05 16:53:24.628687
ATMN,25.05,25.06,25.14,1602800.0,5000.0,9000.0,1777000.0,10500.0,6750.0,0,0,0,0,0,0,0,0,0,0,0,0,0,0,0,0,0,0,0,0,0,0,0,0,0,0,0,0,0,0,0,0,6,2026-02-05 16:53:24.628687
WNTR,24.98,24.98,25.16,2107200.0,10500.0,,1686000.0,,,0,0,0,0,0,0,0,0,0,0,0,0,0,0,0,0,0,0,0,0,0,0,0,0,0,0,0,0,0,0,0,0,6,2026-02-05 16:53:24.628687
SPNG,25.24,25.04,25.14,1599900.0,1623600.0,3000.0,1155.0,,0,0,0,0,0,0,0,0,0,0,0,0,0,0,0,0,0,0,0,0,0,0,0,0,0,0,0,0,0,0,0,0,0,7,2026-02-05 16:53:25.686118
SMMR,24.88,24.88,24.91,2298000.0,2220300.0,,,,0,0,0,0,0,0,0,0,0,0,0,0,0,0,0,0,0,0,0,0,0,0,0,0,0,0,0,0,0,0,0,0,0,7,2026-02-05 16:53:25.686118
ATMN,24.96,24.65,24.77,2033100.0,1661700.0,11250.0,5000.0,6750.0,0,0,0,0,0,0,0,0,0,0,0,0,0,0,0,0,0,0,0,0,0,0,0,0,0,0,0,0,0,0,0,0,0,7,2026-02-05 16:53:25.686118
WNTR,25.1,25.1,25.15,2127500.0,1681300.0,,16000.0,,0,0,0,0,0,0,0,0,0,0,0,0,0,0,0,0,0,0,0,0,0,0,0,0,0,0,0,0,0,0,0,0,0,7,2026-02-05 16:53:25.686118
SPNG,25.13,25.05,25.08,3000.0,1599900.0,1561400.0,6000.0,1155.0,,0,0,0,0,0,0,0,0,0,0,0,0,0,0,0,0,0,0,0,0,0,0,0,0,0,0,0,0,0,0,0,0,8,2026-02-05 16:53:26.238670
SMMR,24.91,24.95,24.96,,2307000.0,2088300.0,,,,0,0,0,0,0,0,0,0,0,0,0,0,0,0,0,0,0,0,0,0,0,0,0,0,0,0,0,0,0,0,0,0,8,2026-02-05 16:53:26.238670
ATMN,24.8,24.94,25.11,9000.0,1471200.0,1655700.0,11250.0,5000.0,8630.0,0,0,0,0,0,0,0,0,0,0,0,0,0,0,0,0,0,0,0,0,0,0,0,0,0,0,0,0,0,0,0,0,8,2026-02-05 16:53:26.238670
WNTR,24.98,25.05,25.15,,2131900.0,1682100.0,,16000.0,,0,0,0,0,0,0,0,0,0,0,0,0,0,0,0,0,0,0,0,0,0,0,0,0,0,0,0,0,0,0,0,0,8,2026-02-05 16:53:26.238670
SPNG,24.55,24.55,25.07,1504600.0,4345.0,9000.0,1762900.0,,0,0,0,0,0,0,0,0,0,0,0,0,0,0,0,0,0,0,0,0,0,0,0,0,0,0,0,0,0,0,0,0,0,9,2026-02-05 16:53:27.295268
SMMR,24.96,24.84,24.96,1870600.0,10500.0,,2088300.0,,0,0,0,0,0,0,0,0,0,0,0,0,0,0,0,0,0,0,0,0,0,0,0,0,0,0,0,0,0,0,0,0,0,9,2026-02-05 16:53:27.295268
ATMN,24.8,24.95,25.02,1487400.0,8630.0,13500.0,1651900.0,9000.0,0,0,0,0,0,0,0,0,0,0,0,0,0,0,0,0,0,0,0,0,0,0,0,0,0,0,0,0,0,0,0,0,0,9,2026-02-05 16:53:27.295268
WNTR,25.14,25.17,25.21,2042600.0,5000.0,,2110600.0,,0,0,0,0,0,0,0,0,0,0,0,0,0,0,0,0,0,0,0,0,0,0,0,0,0,0,0,0,0,0,0,0,0,9,2026-02-05 16:53:27.295268
SPNG,24.68,24.55,24.68,1731000.0,4678.0,1454600.0,9000.0,1155.0,,,,0,0,0,0,0,0,0,0,0,0,0,0,0,0,0,0,0,0,0,0,0,0,0,0,0,0,0,0,0,0,10,2026-02-05 16:53:28.384380
SMMR,24.96,24.86,24.91,1870600.0,9666.0,2219100.0,,,5500.0,9666.0,,0,0,0,0,0,0,0,0,0,0,0,0,0,0,0,0,0,0,0,0,0,0,0,0,0,0,0,0,0,0,10,2026-02-05 16:53:28.384380
ATMN,24.68,24.68,25.01,2106600.0,,1418800.0,15750.0,,,7933.0,6750.0,0,0,0,0,0,0,0,0,0,0,0,0,0,0,0,0,0,0,0,0,0,0,0,0,0,0,0,0,0,0,10,2026-02-05 16:53:28.384380
WNTR,25.21,25.06,25.19,2042100.0,,1780200.0,,6554.0,5000.0,,,0,0,0,0,0,0,0,0,0,0,0,0,0,0,0,0,0,0,0,0,0,0,0,0,0,0,0,0,0,0,10,2026-02-05 16:53:28.384380
SPNG,25.11,25.11,25.12,1831300.0,7485.0,3000.0,12000.0,1357600.0,1155.0,,,0,0,0,0,0,0,0,0,0,0,0,0,0,0,0,0,0,0,0,0,0,0,0,0,0,0,0,0,0,0,11,2026-02-05 16:53:29.588267
SMMR,25.04,24.92,25.04,1536300.0,17498.0,,,2113900.0,,10500.0,,0,0,0,0,0,0,0,0,0,0,0,0,0,0,0,0,0,0,0,0,0,0,0,0,0,0,0,0,0,0,11,2026-02-05 16:53:29.588267
ATMN,25.07,25.07,25.12,1622900.0,7606.0,4500.0,13500.0,1655700.0,,5586.0,,0,0,0,0,0,0,0,0,0,0,0,0,0,0,0,0,0,0,0,0,0,0,0,0,0,0,0,0,0,0,11,2026-02-05 16:53:29.588267
WNTR,24.99,24.99,25.01,1942000.0,2014.0,,,1426700.0,12942.0,5000.0,15396.0,0,0,0,0,0,0,0,0,0,0,0,0,0,0,0,0,0,0,0,0,0,0,0,0,0,0,0,0,0,0,11,2026-02-05 16:53:29.588267
SPNG,25.11,24.49,25.11,16116.0,1748300.0,5000.0,1858700.0,3000.0,,,0,0,0,0,0,0,0,0,0,0,0,0,0,0,0,0,0,0,0,0,0,0,0,0,0,0,0,0,0,0,0,12,2026-02-05 16:53:30.627591
SMMR,24.86,24.88,24.91,,2233400.0,,2245400.0,,4251.0,9050.0,0,0,0,0,0,0,0,0,0,0,0,0,0,0,0,0,0,0,0,0,0,0,0,0,0,0,0,0,0,0,0,12,2026-02-05 16:53:30.627591
ATMN,24.9,24.92,25.01,5000.0,2213800.0,11108.0,1174400.0,13500.0,100.0,,0,0,0,0,0,0,0,0,0,0,0,0,0,0,0,0,0,0,0,0,0,0,0,0,0,0,0,0,0,0,0,12,2026-02-05 16:53:30.627591
WNTR,25.08,24.94,25.06,5000.0,1924500.0,5000.0,1903100.0,,9050.0,6031.0,0,0,0,0,0,0,0,0,0,0,0,0,0,0,0,0,0,0,0,0,0,0,0,0,0,0,0,0,0,0,0,12,2026-02-05 16:53:30.627591
SPNG,25.24,24.49,25.24,11462.0,1620800.0,287.0,3000.0,2050700.0,,,,0,0,0,0,0,0,0,0,0,0,0,0,0,0,0,0,0,0,0,0,0,0,0,0,0,0,0,0,0,0,13,2026-02-05 16:53:31.667570
SMMR,24.91,24.85,24.87,5000.0,2121900.0,2983.0,,2138200.0,16550.0,,,0,0,0,0,0,0,0,0,0,0,0,0,0,0,0,0,0,0,0,0,0,0,0,0,0,0,0,0,0,0,13,2026-02-05 16:53:31.667570
ATMN,24.68,24.82,24.98,,2217400.0,6477.0,2250.0,940400.0,10762.0,15750.0,11608.0,0,0,0,0,0,0,0,0,0,0,0,0,0,0,0,0,0,0,0,0,0,0,0,0,0,0,0,0,0,0,13,2026-02-05 16:53:31.667570
WNTR,25.17,24.95,25.02,7134.0,1467500.0,10533.0,,1903100.0,10000.0,,5000.0,0,0,0,0,0,0,0,0,0,0,0,0,0,0,0,0,0,0,0,0,0,0,0,0,0,0,0,0,0,0,13,2026-02-05 16:53:31.667570
SPNG,25.1,24.51,25.05,5780.0,2019900.0,1523300.0,11526.0,3000.0,,,,0,0,0,0,0,0,0,0,0,0,0,0,0,0,0,0,0,0,0,0,0,0,0,0,0,0,0,0,0,0,14,2026-02-05 16:53:32.720661
SMMR,24.91,25.01,25.02,9784.0,2009500.0,2113900.0,,,5000.0,9050.0,,0,0,0,0,0,0,0,0,0,0,0,0,0,0,0,0,0,0,0,0,0,0,0,0,0,0,0,0,0,0,14,2026-02-05 16:53:32.720661
ATMN,25.22,24.91,25.01,16477.0,1483400.0,2359000.0,,,8482.0,,4500.0,0,0,0,0,0,0,0,0,0,0,0,0,0,0,0,0,0,0,0,0,0,0,0,0,0,0,0,0,0,0,14,2026-02-05 16:53:32.720661
WNTR,24.91,24.91,25.22,,2081400.0,1990100.0,,,,957.0,,0,0,0,0,0,0,0,0,0,0,0,0,0,0,0,0,0,0,0,0,0,0,0,0,0,0,0,0,0,0,14,2026-02-05 16:53:32.720661
SPNG,24.71,24.71,25.04,1927300.0,6000.0,9000.0,12026.0,1422600.0,,,,0,0,0,0,0,0,0,0,0,0,0,0,0,0,0,0,0,0,0,0,0,0,0,0,0,0,0,0,0,0,15,2026-02-05 16:53:33.772890
SMMR,25.01,25.02,25.07,2236700.0,,,5000.0,2079500.0,5000.0,,,0,0,0,0,0,0,0,0,0,0,0,0,0,0,0,0,0,0,0,0,0,0,0,0,0,0,0,0,0,0,15,2026-02-05 16:53:33.772890
ATMN,25.22,24.92,24.96,1623400.0,9000.0,,,2386600.0,3482.0,,,0,0,0,0,0,0,0,0,0,0,0,0,0,0,0,0,0,0,0,0,0,0,0,0,0,0,0,0,0,0,15,2026-02-05 16:53:33.772890
WNTR,25.05,25.05,25.17,2019400.0,,,214.0,1692600.0,,1796.0,6332.0,0,0,0,0,0,0,0,0,0,0,0,0,0,0,0,0,0,0,0,0,0,0,0,0,0,0,0,0,0,0,15,2026-02-05 16:53:33.772890
SPNG,24.71,24.74,25.0,5000.0,1058.0,9000.0,1591100.0,14620.0,4232.0,9000.0,1230900.0,0,0,0,0,0,0,0,0,0,0,0,0,0,0,0,0,0,0,0,0,0,0,0,0,0,0,0,0,0,0,16,2026-02-05 16:53:34.356517
SMMR,25.06,25.01,25.05,11000.0,,,2009500.0,,,,2106600.0,0,0,0,0,0,0,0,0,0,0,0,0,0,0,0,0,0,0,0,0,0,0,0,0,0,0,0,0,0,0,16,2026-02-05 16:53:34.356517
ATMN,24.68,24.68,24.96,,,2250.0,2333000.0,,103.0,,2260000.0,0,0,0,0,0,0,0,0,0,0,0,0,0,0,0,0,0,0,0,0,0,0,0,0,0,0,0,0,0,0,16,2026-02-05 16:53:34.356517
WNTR,25.03,24.92,24.99,,,,2098000.0,5714.0,6332.0,,1684800.0,0,0,0,0,0,0,0,0,0,0,0,0,0,0,0,0,0,0,0,0,0,0,0,0,0,0,0,0,0,0,16,2026-02-05 16:53:34.356517
SPNG,25.11,25.11,25.23,1369200.0,5000.0,6560.0,12000.0,9000.0,1726800.0,,,0,0,0,0,0,0,0,0,0,0,0,0,0,0,0,0,0,0,0,0,0,0,0,0,0,0,0,0,0,0,17,2026-02-05 16:53:35.439469
SMMR,25.05,25.02,25.05,1926300.0,11000.0,6473.0,,,2212600.0,,,0,0,0,0,0,0,0,0,0,0,0,0,0,0,0,0,0,0,0,0,0,0,0,0,0,0,0,0,0,0,17,2026-02-05 16:53:35.439469
ATMN,25.23,24.75,24.96,1991900.0,,8803.0,6750.0,,1886200.0,347.0,103.0,0,0,0,0,0,0,0,0,0,0,0,0,0,0,0,0,0,0,0,0,0,0,0,0,0,0,0,0,0,0,17,2026-02-05 16:53:35.439469
WNTR,25.17,24.92,25.08,2012300.0,,1201.0,,,1976600.0,,6332.0,0,0,0,0,0,0,0,0,0,0,0,0,0,0,0,0,0,0,0,0,0,0,0,0,0,0,0,0,0,0,17,2026-02-05 16:53:35.439469
SPNG,24.71,24.63,24.66,1930800.0,6000.0,1508300.0,15000.0,,,,,0,0,0,0,0,0,0,0,0,0,0,0,0,0,0,0,0,0,0,0,0,0,0,0,0,0,0,0,0,0,18,2026-02-05 16:53:36.494249
SMMR,25.17,25.07,25.08,2033700.0,,2329800.0,,8800.0,,,,0,0,0,0,0,0,0,0,0,0,0,0,0,0,0,0,0,0,0,0,0,0,0,0,0,0,0,0,0,0,18,2026-02-05 16:53:36.494249
ATMN,25.26,25.3,25.31,1586200.0,9000.0,2258500.0,2250.0,415.0,,,,0,0,0,0,0,0,0,0,0,0,0,0,0,0,0,0,0,0,0,0,0,0,0,0,0,0,0,0,0,0,18,2026-02-05 16:53:36.494249
WNTR,24.91,24.93,25.06,1945000.0,,1896200.0,,5000.0,6612.0,6612.0,5000.0,0,0,0,0,0,0,0,0,0,0,0,0,0,0,0,0,0,0,0,0,0,0,0,0,0,0,0,0,0,0,18,2026-02-05 16:53:36.494249
SPNG,24.66,24.79,25.2,1711400.0,12000.0,4791.0,18000.0,1313800.0,,,,0,0,0,0,0,0,0,0,0,0,0,0,0,0,0,0,0,0,0,0,0,0,0,0,0,0,0,0,0,0,19,2026-02-05 16:53:37.534240
SMMR,25.01,25.07,25.08,2265900.0,,1208.0,,1878800.0,7380.0,2640.0,,0,0,0,0,0,0,0,0,0,0,0,0,0,0,0,0,0,0,0,0,0,0,0,0,0,0,0,0,0,0,19,2026-02-05 16:53:37.534240
ATMN,25.31,24.78,25.29,2200400.0,2250.0,110.0,4500.0,1863500.0,,5000.0,5000.0,0,0,0,0,0,0,0,0,0,0,0,0,0,0,0,0,0,0,0,0,0,0,0,0,0,0,0,0,0,0,19,2026-02-05 16:53:37.534240
WNTR,25.19,24.93,25.19,2057000.0,,2510.0,,1664000.0,6612.0,58.0,,0,0,0,0,0,0,0,0,0,0,0,0,0,0,0,0,0,0,0,0,0,0,0,0,0,0,0,0,0,0,19,2026-02-05 16:53:37.534240
SPNG,24.8,24.8,24.91,15000.0,1479200.0,1632.0,810400.0,4791.0,8016.0,24000.0,,0,0,0,0,0,0,0,0,0,0,0,0,0,0,0,0,0,0,0,0,0,0,0,0,0,0,0,0,0,0,20,2026-02-05 16:53:38.580611
SMMR,25.17,25.1,25.17,,2133000.0,17191.0,2322200.0,,,,,0,0,0,0,0,0,0,0,0,0,0,0,0,0,0,0,0,0,0,0,0,0,0,0,0,0,0,0,0,0,20,2026-02-05 16:53:38.580611
ATMN,25.45,24.78,25.45,2250.0,1948900.0,,2360500.0,,,,5.0,0,0,0,0,0,0,0,0,0,0,0,0,0,0,0,0,0,0,0,0,0,0,0,0,0,0,0,0,0,0,20,2026-02-05 16:53:38.580611
WNTR,25.22,24.92,25.12,,1941000.0,2273.0,1760300.0,10264.0,5000.0,,5000.0,0,0,0,0,0,0,0,0,0,0,0,0,0,0,0,0,0,0,0,0,0,0,0,0,0,0,0,0,0,0,20,2026-02-05 16:53:38.580611
SPNG,24.75,24.63,24.66,1889900.0,6000.0,1116600.0,6413.0,18000.0,,,,0,0,0,0,0,0,0,0,0,0,0,0,0,0,0,0,0,0,0,0,0,0,0,0,0,0,0,0,0,0,21,2026-02-05 16:53:39.632904
SMMR,25.07,25.12,25.14,2265900.0,,2297300.0,,,2923.0,,,0,0,0,0,0,0,0,0,0,0,0,0,0,0,0,0,0,0,0,0,0,0,0,0,0,0,0,0,0,0,21,2026-02-05 16:53:39.632904
ATMN,24.92,24.84,24.85,2126400.0,,2126700.0,5000.0,2250.0,,5.0,,0,0,0,0,0,0,0,0,0,0,0,0,0,0,0,0,0,0,0,0,0,0,0,0,0,0,0,0,0,0,21,2026-02-05 16:53:39.632904
WNTR,25.12,24.91,24.94,2159200.0,,1860300.0,5000.0,,,,7514.0,0,0,0,0,0,0,0,0,0,0,0,0,0,0,0,0,0,0,0,0,0,0,0,0,0,0,0,0,0,0,21,2026-02-05 16:53:39.632904
SPNG,24.91,24.63,24.91,2004500.0,326.0,1617400.0,12000.0,,,,,0,0,0,0,0,0,0,0,0,0,0,0,0,0,0,0,0,0,0,0,0,0,0,0,0,0,0,0,0,0,22,2026-02-05 16:53:40.692521
SMMR,25.01,25.03,25.07,2158700.0,7763.0,1718300.0,,5000.0,8529.0,5020.0,,0,0,0,0,0,0,0,0,0,0,0,0,0,0,0,0,0,0,0,0,0,0,0,0,0,0,0,0,0,0,22,2026-02-05 16:53:40.692521
ATMN,24.63,25.39,25.44,1703100.0,1649.0,2153700.0,,5005.0,6598.0,5000.0,2250.0,0,0,0,0,0,0,0,0,0,0,0,0,0,0,0,0,0,0,0,0,0,0,0,0,0,0,0,0,0,0,22,2026-02-05 16:53:40.692521
WNTR,24.91,24.91,24.99,1817900.0,,1866500.0,,1653.0,7514.0,5000.0,,0,0,0,0,0,0,0,0,0,0,0,0,0,0,0,0,0,0,0,0,0,0,0,0,0,0,0,0,0,0,22,2026-02-05 16:53:40.692521
SPNG,25.25,24.64,25.25,3000.0,1778100.0,682.0,2047100.0,,,,,0,0,0,0,0,0,0,0,0,0,0,0,0,0,0,0,0,0,0,0,0,0,0,0,0,0,0,0,0,0,23,2026-02-05 16:53:41.742486
SMMR,25.19,24.99,25.06,,2264400.0,9666.0,2205500.0,9666.0,,,,0,0,0,0,0,0,0,0,0,0,0,0,0,0,0,0,0,0,0,0,0,0,0,0,0,0,0,0,0,0,23,2026-02-05 16:53:41.742486
ATMN,25.26,25.26,25.44,4500.0,1731600.0,7933.0,2024900.0,6598.0,5.0,4500.0,,0,0,0,0,0,0,0,0,0,0,0,0,0,0,0,0,0,0,0,0,0,0,0,0,0,0,0,0,0,0,23,2026-02-05 16:53:41.742486
WNTR,24.99,24.93,24.98,,1613300.0,10000.0,1754900.0,13001.0,6653.0,,5000.0,0,0,0,0,0,0,0,0,0,0,0,0,0,0,0,0,0,0,0,0,0,0,0,0,0,0,0,0,0,0,23,2026-02-05 16:53:41.742486
SPNG,24.68,24.64,24.67,6000.0,5000.0,1798300.0,1610400.0,9859.0,,,,0,0,0,0,0,0,0,0,0,0,0,0,0,0,0,0,0,0,0,0,0,0,0,0,0,0,0,0,0,0,24,2026-02-05 16:53:42.793381
SMMR,24.92,24.92,25.04,,,2369500.0,2201800.0,,100.0,,,0,0,0,0,0,0,0,0,0,0,0,0,0,0,0,0,0,0,0,0,0,0,0,0,0,0,0,0,0,0,24,2026-02-05 16:53:42.793381
ATMN,25.26,25.27,25.39,9000.0,5000.0,1731600.0,1791400.0,5000.0,100.0,2513.0,6750.0,0,0,0,0,0,0,0,0,0,0,0,0,0,0,0,0,0,0,0,0,0,0,0,0,0,0,0,0,0,0,24,2026-02-05 16:53:42.793381
WNTR,25.22,25.21,25.22,,6653.0,1743900.0,2068000.0,,,,,0,0,0,0,0,0,0,0,0,0,0,0,0,0,0,0,0,0,0,0,0,0,0,0,0,0,0,0,0,0,24,2026-02-05 16:53:42.793381
SPNG,24.67,24.84,25.06,1600000.0,9000.0,5000.0,100.0,9859.0,1622500.0,,,0,0,0,0,0,0,0,0,0,0,0,0,0,0,0,0,0,0,0,0,0,0,0,0,0,0,0,0,0,0,25,2026-02-05 16:53:43.349474
SMMR,24.92,24.92,25.04,2358000.0,,,,,2201800.0,100.0,,0,0,0,0,0,0,0,0,0,0,0,0,0,0,0,0,0,0,0,0,0,0,0,0,0,0,0,0,0,0,25,2026-02-05 16:53:43.349474
ATMN,25.26,24.65,24.78,1709300.0,11250.0,5000.0,,10495.0,1204800.0,100.0,11250.0,0,0,0,0,0,0,0,0,0,0,0,0,0,0,0,0,0,0,0,0,0,0,0,0,0,0,0,0,0,0,25,2026-02-05 16:53:43.349474
WNTR,25.21,24.92,25.0,2159300.0,,,,,2082100.0,,,0,0,0,0,0,0,0,0,0,0,0,0,0,0,0,0,0,0,0,0,0,0,0,0,0,0,0,0,0,0,25,2026-02-05 16:53:43.349474
SPNG,24.86,25.01,25.04,1750000.0,5000.0,100.0,6000.0,1912.0,15359.0,3000.0,1411000.0,0,0,0,0,0,0,0,0,0,0,0,0,0,0,0,0,0,0,0,0,0,0,0,0,0,0,0,0,0,0,26,2026-02-05 16:53:44.420009
SMMR,25.05,25.06,25.17,2137800.0,5000.0,9666.0,,,5000.0,,2214000.0,0,0,0,0,0,0,0,0,0,0,0,0,0,0,0,0,0,0,0,0,0,0,0,0,0,0,0,0,0,0,26,2026-02-05 16:53:44.420009
ATMN,25.26,24.7,24.76,1333300.0,5000.0,7933.0,15750.0,8033.0,10495.0,13500.0,970700.0,0,0,0,0,0,0,0,0,0,0,0,0,0,0,0,0,0,0,0,0,0,0,0,0,0,0,0,0,0,0,26,2026-02-05 16:53:44.420009
WNTR,25.23,25.08,25.21,1943000.0,5000.0,9716.0,,,5000.0,,1969600.0,0,0,0,0,0,0,0,0,0,0,0,0,0,0,0,0,0,0,0,0,0,0,0,0,0,0,0,0,0,0,26,2026-02-05 16:53:44.420009
SPNG,24.63,24.63,25.05,2117400.0,15359.0,3000.0,1510500.0,,,0,0,0,0,0,0,0,0,0,0,0,0,0,0,0,0,0,0,0,0,0,0,0,0,0,0,0,0,0,0,0,0,27,2026-02-05 16:53:45.503624
SMMR,25.18,25.06,25.18,2257100.0,,,2312200.0,5000.0,,0,0,0,0,0,0,0,0,0,0,0,0,0,0,0,0,0,0,0,0,0,0,0,0,0,0,0,0,0,0,0,0,27,2026-02-05 16:53:45.503624
ATMN,25.39,24.71,24.73,1103700.0,5000.0,9000.0,1769000.0,5550.0,15750.0,0,0,0,0,0,0,0,0,0,0,0,0,0,0,0,0,0,0,0,0,0,0,0,0,0,0,0,0,0,0,0,0,27,2026-02-05 16:53:45.503624
WNTR,24.93,25.13,25.24,1856100.0,5000.0,,1960000.0,8979.0,,0,0,0,0,0,0,0,0,0,0,0,0,0,0,0,0,0,0,0,0,0,0,0,0,0,0,0,0,0,0,0,0,27,2026-02-05 16:53:45.503624
SPNG,25.16,25.17,25.23,5000.0,1926700.0,2250.0,5000.0,6000.0,1701600.0,,,0,0,0,0,0,0,0,0,0,0,0,0,0,0,0,0,0,0,0,0,0,0,0,0,0,0,0,0,0,0,28,2026-02-05 16:53:46.562084
SMMR,25.03,24.92,25.0,,2245700.0,134.0,5000.0,,2070000.0,9502.0,,0,0,0,0,0,0,0,0,0,0,0,0,0,0,0,0,0,0,0,0,0,0,0,0,0,0,0,0,0,0,28,2026-02-05 16:53:46.562084
ATMN,24.69,24.7,24.79,550.0,1218200.0,,,9000.0,1791400.0,2616.0,15750.0,0,0,0,0,0,0,0,0,0,0,0,0,0,0,0,0,0,0,0,0,0,0,0,0,0,0,0,0,0,0,28,2026-02-05 16:53:46.562084
WNTR,25.15,25.17,25.23,,2097000.0,210.0,6399.0,,1623000.0,9502.0,,0,0,0,0,0,0,0,0,0,0,0,0,0,0,0,0,0,0,0,0,0,0,0,0,0,0,0,0,0,0,28,2026-02-05 16:53:46.562084
SPNG,25.14,24.66,25.05,2250.0,2025200.0,1640100.0,5000.0,6000.0,457.0,,,0,0,0,0,0,0,0,0,0,0,0,0,0,0,0,0,0,0,0,0,0,0,0,0,0,0,0,0,0,0,29,2026-02-05 16:53:47.634092
SMMR,24.99,25.11,25.17,7800.0,1688600.0,2312800.0,,,,10500.0,,0,0,0,0,0,0,0,0,0,0,0,0,0,0,0,0,0,0,0,0,0,0,0,0,0,0,0,0,0,0,29,2026-02-05 16:53:47.634092
ATMN,24.79,24.91,25.38,1710.0,1308600.0,1791400.0,,11250.0,,5000.0,15750.0,0,0,0,0,0,0,0,0,0,0,0,0,0,0,0,0,0,0,0,0,0,0,0,0,0,0,0,0,0,0,29,2026-02-05 16:53:47.634092
WNTR,25.17,25.05,25.1,4157.0,1861300.0,1441400.0,11399.0,,18030.0,5000.0,,0,0,0,0,0,0,0,0,0,0,0,0,0,0,0,0,0,0,0,0,0,0,0,0,0,0,0,0,0,0,29,2026-02-05 16:53:47.634092
SPNG,24.92,24.92,25.04,2025200.0,5000.0,11188.0,1357900.0,9000.0,,,,0,0,0,0,0,0,0,0,0,0,0,0,0,0,0,0,0,0,0,0,0,0,0,0,0,0,0,0,0,0,30,2026-02-05 16:53:48.684428
SMMR,25.14,25.14,25.17,1817900.0,16000.0,,2312800.0,,9129.0,,,0,0,0,0,0,0,0,0,0,0,0,0,0,0,0,0,0,0,0,0,0,0,0,0,0,0,0,0,0,0,30,2026-02-05 16:53:48.684428
ATMN,24.91,24.91,25.37,1174400.0,5995.0,5000.0,1791400.0,9000.0,,15750.0,,0,0,0,0,0,0,0,0,0,0,0,0,0,0,0,0,0,0,0,0,0,0,0,0,0,0,0,0,0,0,30,2026-02-05 16:53:48.684428
WNTR,25.06,25.07,25.12,1743000.0,6141.0,,1958300.0,,9372.0,,274.0,0,0,0,0,0,0,0,0,0,0,0,0,0,0,0,0,0,0,0,0,0,0,0,0,0,0,0,0,0,0,30,2026-02-05 16:53:48.684428
SPNG,25.22,24.92,24.93,2025200.0,3418.0,1713000.0,9000.0,,,,0,0,0,0,0,0,0,0,0,0,0,0,0,0,0,0,0,0,0,0,0,0,0,0,0,0,0,0,0,0,0,31,2026-02-05 16:53:49.755255
SMMR,25.17,25.16,25.17,1706400.0,19129.0,2180500.0,,16000.0,792.0,,0,0,0,0,0,0,0,0,0,0,0,0,0,0,0,0,0,0,0,0,0,0,0,0,0,0,0,0,0,0,0,31,2026-02-05 16:53:49.755255
ATMN,25.45,24.65,25.45,2265800.0,,2387600.0,,5000.0,,,0,0,0,0,0,0,0,0,0,0,0,0,0,0,0,0,0,0,0,0,0,0,0,0,0,0,0,0,0,0,0,31,2026-02-05 16:53:49.755255
WNTR,25.06,25.09,25.1,1547000.0,18059.0,1730000.0,,5641.0,8961.0,5000.0,0,0,0,0,0,0,0,0,0,0,0,0,0,0,0,0,0,0,0,0,0,0,0,0,0,0,0,0,0,0,0,31,2026-02-05 16:53:49.755255
SPNG,24.62,24.92,25.24,10569.0,1696500.0,100.0,1829800.0,3000.0,,,0,0,0,0,0,0,0,0,0,0,0,0,0,0,0,0,0,0,0,0,0,0,0,0,0,0,0,0,0,0,0,32,2026-02-05 16:53:50.809779
SMMR,25.06,24.99,25.04,14300.0,1812200.0,7105.0,2053400.0,,12347.0,,0,0,0,0,0,0,0,0,0,0,0,0,0,0,0,0,0,0,0,0,0,0,0,0,0,0,0,0,0,0,0,32,2026-02-05 16:53:50.809779
ATMN,25.45,25.48,25.49,6055.0,1558800.0,,2355700.0,,9851.0,4500.0,0,0,0,0,0,0,0,0,0,0,0,0,0,0,0,0,0,0,0,0,0,0,0,0,0,0,0,0,0,0,0,32,2026-02-05 16:53:50.809779
WNTR,25.05,25.05,25.24,466.0,1994900.0,335.0,1952500.0,,,,0,0,0,0,0,0,0,0,0,0,0,0,0,0,0,0,0,0,0,0,0,0,0,0,0,0,0,0,0,0,0,32,2026-02-05 16:53:50.809779
SPNG,24.56,24.93,25.15,400.0,5000.0,1911900.0,5000.0,400.0,6760.0,1424300.0,6000.0,,,0,0,0,0,0,0,0,0,0,0,0,0,0,0,0,0,0,0,0,0,0,0,0,0,0,0,0,0,33,2026-02-05 16:53:51.357032
SMMR,25.04,25.05,25.06,520.0,16440.0,1565400.0,,,792.0,2169300.0,,12347.0,,0,0,0,0,0,0,0,0,0,0,0,0,0,0,0,0,0,0,0,0,0,0,0,0,0,0,0,0,33,2026-02-05 16:53:51.357032
ATMN,25.43,24.97,25.04,,,2043900.0,,,762.0,2226300.0,,7383.0,4500.0,0,0,0,0,0,0,0,0,0,0,0,0,0,0,0,0,0,0,0,0,0,0,0,0,0,0,0,0,33,2026-02-05 16:53:51.357032
WNTR,25.05,25.06,25.14,,5448.0,1778900.0,,,335.0,1940800.0,,,,0,0,0,0,0,0,0,0,0,0,0,0,0,0,0,0,0,0,0,0,0,0,0,0,0,0,0,0,33,2026-02-05 16:53:51.357032
SPNG,24.79,24.59,24.78,380.0,11105.0,1640500.0,400.0,5000.0,1323700.0,12000.0,6618.0,,,0,0,0,0,0,0,0,0,0,0,0,0,0,0,0,0,0,0,0,0,0,0,0,0,0,0,0,0,34,2026-02-05 16:53:52.446329
SMMR,25.06,24.97,25.06,520.0,5000.0,2184800.0,,8932.0,1824700.0,,3300.0,,,0,0,0,0,0,0,0,0,0,0,0,0,0,0,0,0,0,0,0,0,0,0,0,0,0,0,0,0,34,2026-02-05 16:53:52.446329
ATMN,25.1,25.11,25.48,459.0,60.0,1297700.0,459.0,,2116200.0,2250.0,,2433.0,9000.0,0,0,0,0,0,0,0,0,0,0,0,0,0,0,0,0,0,0,0,0,0,0,0,0,0,0,0,0,34,2026-02-05 16:53:52.446329
WNTR,25.14,25.07,25.09,580.0,448.0,1573100.0,580.0,,1966400.0,,,8912.0,,0,0,0,0,0,0,0,0,0,0,0,0,0,0,0,0,0,0,0,0,0,0,0,0,0,0,0,0,34,2026-02-05 16:53:52.446329
SPNG,24.96,24.96,25.28,1561400.0,380.0,11215.0,5172.0,15000.0,6618.0,1430900.0,,,,0,0,0,0,0,0,0,0,0,0,0,0,0,0,0,0,0,0,0,0,0,0,0,0,0,0,0,0,35,2026-02-05 16:53:53.511157
SMMR,25.06,24.96,25.0,2135800.0,520.0,5000.0,,,13037.0,1597100.0,486.0,8932.0,,0,0,0,0,0,0,0,0,0,0,0,0,0,0,0,0,0,0,0,0,0,0,0,0,0,0,0,0,35,2026-02-05 16:53:53.511157
ATMN,24.96,24.96,25.25,2280900.0,,,,4500.0,474.0,1629000.0,,5506.0,2250.0,0,0,0,0,0,0,0,0,0,0,0,0,0,0,0,0,0,0,0,0,0,0,0,0,0,0,0,0,35,2026-02-05 16:53:53.511157
WNTR,25.25,25.02,25.25,2005300.0,,163.0,2826.0,,,2100800.0,,,,0,0,0,0,0,0,0,0,0,0,0,0,0,0,0,0,0,0,0,0,0,0,0,0,0,0,0,0,35,2026-02-05 16:53:53.511157
SPNG,25.29,25.29,25.3,2097100.0,380.0,2046300.0,,,,,0,0,0,0,0,0,0,0,0,0,0,0,0,0,0,0,0,0,0,0,0,0,0,0,0,0,0,0,0,0,0,36,2026-02-05 16:53:54.558412
SMMR,25.08,25.16,25.17,2155600.0,1006.0,2180500.0,5000.0,454.0,,,0,0,0,0,0,0,0,0,0,0,0,0,0,0,0,0,0,0,0,0,0,0,0,0,0,0,0,0,0,0,0,36,2026-02-05 16:53:54.558412
ATMN,24.92,24.63,24.92,2389700.0,,1749500.0,,891.0,2002.0,6750.0,0,0,0,0,0,0,0,0,0,0,0,0,0,0,0,0,0,0,0,0,0,0,0,0,0,0,0,0,0,0,0,36,2026-02-05 16:53:54.558412
WNTR,25.03,25.02,25.03,2229100.0,,1556700.0,,541.0,10365.0,,0,0,0,0,0,0,0,0,0,0,0,0,0,0,0,0,0,0,0,0,0,0,0,0,0,0,0,0,0,0,0,36,2026-02-05 16:53:54.558412
SPNG,25.24,24.69,25.23,380.0,5988.0,2002.0,1653900.0,400.0,5000.0,1825900.0,,,0,0,0,0,0,0,0,0,0,0,0,0,0,0,0,0,0,0,0,0,0,0,0,0,0,0,0,0,0,37,2026-02-05 16:53:55.605510
SMMR,25.17,25.16,25.17,1006.0,,5000.0,2155600.0,454.0,,2043800.0,410.0,,0,0,0,0,0,0,0,0,0,0,0,0,0,0,0,0,0,0,0,0,0,0,0,0,0,0,0,0,0,37,2026-02-05 16:53:55.605510
ATMN,25.45,24.77,25.1,,536.0,,2256800.0,,6066.0,1642700.0,,6750.0,0,0,0,0,0,0,0,0,0,0,0,0,0,0,0,0,0,0,0,0,0,0,0,0,0,0,0,0,0,37,2026-02-05 16:53:55.605510
WNTR,25.08,25.02,25.04,537.0,7609.0,,2006800.0,580.0,10365.0,1453500.0,7609.0,,0,0,0,0,0,0,0,0,0,0,0,0,0,0,0,0,0,0,0,0,0,0,0,0,0,0,0,0,0,37,2026-02-05 16:53:55.605510
SPNG,25.11,25.12,25.21,6000.0,1213600.0,380.0,7002.0,10988.0,400.0,1827400.0,100.0,,,0,0,0,0,0,0,0,0,0,0,0,0,0,0,0,0,0,0,0,0,0,0,0,0,0,0,0,0,38,2026-02-05 16:53:56.658945
SMMR,25.05,24.98,25.04,,1796600.0,520.0,13179.0,,520.0,1778700.0,8019.0,5000.0,,0,0,0,0,0,0,0,0,0,0,0,0,0,0,0,0,0,0,0,0,0,0,0,0,0,0,0,0,38,2026-02-05 16:53:56.658945
ATMN,25.45,24.79,25.0,,2018300.0,459.0,,7220.0,459.0,1286500.0,7871.0,566.0,9000.0,0,0,0,0,0,0,0,0,0,0,0,0,0,0,0,0,0,0,0,0,0,0,0,0,0,0,0,0,38,2026-02-05 16:53:56.658945
WNTR,25.2,25.14,25.18,,1729800.0,580.0,5000.0,13483.0,580.0,1768000.0,5874.0,5000.0,,0,0,0,0,0,0,0,0,0,0,0,0,0,0,0,0,0,0,0,0,0,0,0,0,0,0,0,0,38,2026-02-05 16:53:56.658945
SPNG,25.07,25.07,25.24,1551100.0,361.0,7502.0,6000.0,2018600.0,,,,,,0,0,0,0,0,0,0,0,0,0,0,0,0,0,0,0,0,0,0,0,0,0,0,0,0,0,0,0,39,2026-02-05 16:53:57.697511
SMMR,25.08,24.97,25.08,1918200.0,486.0,2679.0,,2241000.0,,,,,,0,0,0,0,0,0,0,0,0,0,0,0,0,0,0,0,0,0,0,0,0,0,0,0,0,0,0,0,39,2026-02-05 16:53:57.697511
ATMN,25.09,25.09,25.44,1896400.0,459.0,58.0,,1633700.0,13500.0,,,,,0,0,0,0,0,0,0,0,0,0,0,0,0,0,0,0,0,0,0,0,0,0,0,0,0,0,0,0,39,2026-02-05 16:53:57.697511
WNTR,25.05,25.13,25.16,1880000.0,580.0,5000.0,,1766900.0,,3437.0,5775.0,5000.0,537.0,0,0,0,0,0,0,0,0,0,0,0,0,0,0,0,0,0,0,0,0,0,0,0,0,0,0,0,0,39,2026-02-05 16:53:57.697511
SPNG,24.56,24.81,25.21,1965800.0,400.0,3000.0,400.0,160.0,1660500.0,,,,,0,0,0,0,0,0,0,0,0,0,0,0,0,0,0,0,0,0,0,0,0,0,0,0,0,0,0,0,40,2026-02-05 16:53:58.738526
SMMR,24.95,24.94,24.95,2168700.0,,,520.0,,2047900.0,974.0,600.0,100.0,,0,0,0,0,0,0,0,0,0,0,0,0,0,0,0,0,0,0,0,0,0,0,0,0,0,0,0,0,40,2026-02-05 16:53:58.738526
ATMN,25.44,24.79,24.86,2386900.0,,,,5000.0,1753400.0,,,1890.0,6750.0,0,0,0,0,0,0,0,0,0,0,0,0,0,0,0,0,0,0,0,0,0,0,0,0,0,0,0,0,40,2026-02-05 16:53:58.738526
WNTR,25.2,25.2,25.25,1891900.0,580.0,,,,2103200.0,,9747.0,,,0,0,0,0,0,0,0,0,0,0,0,0,0,0,0,0,0,0,0,0,0,0,0,0,0,0,0,0,40,2026-02-05 16:53:58.738526
SPNG,24.94,24.95,25.21,400.0,1767500.0,6000.0,8580.0,160.0,100.0,3000.0,1585900.0,,,0,0,0,0,0,0,0,0,0,0,0,0,0,0,0,0,0,0,0,0,0,0,0,0,0,0,0,0,41,2026-02-05 16:53:59.779515
SMMR,24.95,24.93,24.94,454.0,2062700.0,,8631.0,,2107.0,,1927800.0,1006.0,,0,0,0,0,0,0,0,0,0,0,0,0,0,0,0,0,0,0,0,0,0,0,0,0,0,0,0,0,41,2026-02-05 16:53:59.779515
ATMN,25.26,24.81,24.87,429.0,2035200.0,2250.0,6309.0,5506.0,1890.0,11250.0,1296400.0,,,0,0,0,0,0,0,0,0,0,0,0,0,0,0,0,0,0,0,0,0,0,0,0,0,0,0,0,0,41,2026-02-05 16:53:59.779515
WNTR,25.07,25.2,25.24,,2098800.0,,,5000.0,8031.0,,1768100.0,495.0,5000.0,0,0,0,0,0,0,0,0,0,0,0,0,0,0,0,0,0,0,0,0,0,0,0,0,0,0,0,0,41,2026-02-05 16:53:59.779515
SPNG,25.26,25.03,25.12,5016.0,400.0,1304600.0,9000.0,1983400.0,5000.0,,,,,0,0,0,0,0,0,0,0,0,0,0,0,0,0,0,0,0,0,0,0,0,0,0,0,0,0,0,0,42,2026-02-05 16:54:00.822858
SMMR,24.92,24.99,25.19,,454.0,2182600.0,,2275600.0,,2304.0,,,,0,0,0,0,0,0,0,0,0,0,0,0,0,0,0,0,0,0,0,0,0,0,0,0,0,0,0,0,42,2026-02-05 16:54:00.822858
ATMN,25.44,24.82,25.09,11050.0,432.0,1560300.0,4500.0,2186300.0,,,2250.0,,,0,0,0,0,0,0,0,0,0,0,0,0,0,0,0,0,0,0,0,0,0,0,0,0,0,0,0,0,42,2026-02-05 16:54:00.822858
WNTR,25.15,25.08,25.11,5000.0,495.0,1874400.0,,1479100.0,5594.0,1558.0,,8002.0,1160.0,0,0,0,0,0,0,0,0,0,0,0,0,0,0,0,0,0,0,0,0,0,0,0,0,0,0,0,0,42,2026-02-05 16:54:00.822858
SPNG,25.26,25.08,25.11,5016.0,100.0,400.0,971400.0,15000.0,5000.0,6000.0,1597900.0,380.0,100.0,0,0,0,0,0,0,0,0,0,0,0,0,0,0,0,0,0,0,0,0,0,0,0,0,0,0,0,0,43,2026-02-05 16:54:01.887670
SMMR,25.0,25.02,25.09,5000.0,5176.0,1006.0,1935000.0,,14265.0,,1474600.0,454.0,11794.0,0,0,0,0,0,0,0,0,0,0,0,0,0,0,0,0,0,0,0,0,0,0,0,0,0,0,0,0,43,2026-02-05 16:54:01.887670
ATMN,25.08,25.23,25.48,17606.0,,,1697300.0,6750.0,,,2191400.0,,5019.0,0,0,0,0,0,0,0,0,0,0,0,0,0,0,0,0,0,0,0,0,0,0,0,0,0,0,0,0,43,2026-02-05 16:54:01.887670
WNTR,25.0,25.04,25.06,,818.0,495.0,2007100.0,,11094.0,,1395000.0,1160.0,16333.0,0,0,0,0,0,0,0,0,0,0,0,0,0,0,0,0,0,0,0,0,0,0,0,0,0,0,0,0,43,2026-02-05 16:54:01.887670
SPNG,25.03,24.94,25.03,1544300.0,18000.0,1400400.0,5000.0,9000.0,380.0,200.0,,,,0,0,0,0,0,0,0,0,0,0,0,0,0,0,0,0,0,0,0,0,0,0,0,0,0,0,0,0,44,2026-02-05 16:54:02.467529
SMMR,25.03,25.04,25.07,1908100.0,,1474600.0,14265.0,,454.0,11794.0,1006.0,5000.0,5176.0,0,0,0,0,0,0,0,0,0,0,0,0,0,0,0,0,0,0,0,0,0,0,0,0,0,0,0,0,44,2026-02-05 16:54:02.467529
ATMN,25.47,25.35,25.47,1310300.0,6750.0,2080200.0,5000.0,,,5019.0,459.0,19086.0,4692.0,0,0,0,0,0,0,0,0,0,0,0,0,0,0,0,0,0,0,0,0,0,0,0,0,0,0,0,0,44,2026-02-05 16:54:02.467529
WNTR,25.15,25.15,25.16,1896500.0,,2088300.0,,,,,460.0,5000.0,818.0,0,0,0,0,0,0,0,0,0,0,0,0,0,0,0,0,0,0,0,0,0,0,0,0,0,0,0,0,44,2026-02-05 16:54:02.467529
SPNG,24.9,24.83,24.9,5000.0,21000.0,1183300.0,361.0,1193000.0,780.0,7000.0,12000.0,200.0,,0,0,0,0,0,0,0,0,0,0,0,0,0,0,0,0,0,0,0,0,0,0,0,0,0,0,0,0,45,2026-02-05 16:54:03.525641
SMMR,25.17,25.17,25.19,5000.0,,1877400.0,1914.0,2146000.0,395.0,,,,5176.0,0,0,0,0,0,0,0,0,0,0,0,0,0,0,0,0,0,0,0,0,0,0,0,0,0,0,0,0,45,2026-02-05 16:54:03.525641
ATMN,25.34,25.34,25.46,14086.0,6750.0,1560300.0,,2111000.0,,,2250.0,5019.0,4692.0,0,0,0,0,0,0,0,0,0,0,0,0,0,0,0,0,0,0,0,0,0,0,0,0,0,0,0,0,45,2026-02-05 16:54:03.525641
WNTR,25.09,25.0,25.09,8979.0,,1673400.0,580.0,2005700.0,580.0,,,,818.0,0,0,0,0,0,0,0,0,0,0,0,0,0,0,0,0,0,0,0,0,0,0,0,0,0,0,0,0,45,2026-02-05 16:54:03.525641
SPNG,25.03,24.84,25.02,400.0,1100.0,24000.0,873600.0,400.0,1808200.0,6000.0,,0,0,0,0,0,0,0,0,0,0,0,0,0,0,0,0,0,0,0,0,0,0,0,0,0,0,0,0,0,0,46,2026-02-05 16:54:04.585206
SMMR,25.19,25.15,25.19,520.0,6769.0,,1887400.0,520.0,2132900.0,,,0,0,0,0,0,0,0,0,0,0,0,0,0,0,0,0,0,0,0,0,0,0,0,0,0,0,0,0,0,0,46,2026-02-05 16:54:04.585206
ATMN,24.8,25.35,25.46,432.0,,,2258500.0,,2138100.0,4500.0,,0,0,0,0,0,0,0,0,0,0,0,0,0,0,0,0,0,0,0,0,0,0,0,0,0,0,0,0,0,0,46,2026-02-05 16:54:04.585206
WNTR,24.99,24.99,25.08,,7183.0,,1876600.0,460.0,1890700.0,,5000.0,0,0,0,0,0,0,0,0,0,0,0,0,0,0,0,0,0,0,0,0,0,0,0,0,0,0,0,0,0,0,46,2026-02-05 16:54:04.585206
SPNG,25.24,24.86,25.24,400.0,1940600.0,400.0,2105500.0,,,,,0,0,0,0,0,0,0,0,0,0,0,0,0,0,0,0,0,0,0,0,0,0,0,0,0,0,0,0,0,0,47,2026-02-05 16:54:05.638782
SMMR,24.9,24.9,25.18,,2375300.0,,1703100.0,10778.0,2434.0,,,0,0,0,0,0,0,0,0,0,0,0,0,0,0,0,0,0,0,0,0,0,0,0,0,0,0,0,0,0,0,47,2026-02-05 16:54:05.638782
ATMN,24.77,25.36,25.44,432.0,2162700.0,,1653500.0,17499.0,,2250.0,4500.0,0,0,0,0,0,0,0,0,0,0,0,0,0,0,0,0,0,0,0,0,0,0,0,0,0,0,0,0,0,0,47,2026-02-05 16:54:05.638782
WNTR,24.98,24.98,25.09,,2004700.0,5224.0,1991800.0,,546.0,,,0,0,0,0,0,0,0,0,0,0,0,0,0,0,0,0,0,0,0,0,0,0,0,0,0,0,0,0,0,0,47,2026-02-05 16:54:05.638782
SPNG,25.26,24.88,24.95,5000.0,380.0,1940600.0,5000.0,1999800.0,,0,0,0,0,0,0,0,0,0,0,0,0,0,0,0,0,0,0,0,0,0,0,0,0,0,0,0,0,0,0,0,0,48,2026-02-05 16:54:06.696913
SMMR,24.9,24.9,25.18,,,2375300.0,10778.0,1823200.0,,0,0,0,0,0,0,0,0,0,0,0,0,0,0,0,0,0,0,0,0,0,0,0,0,0,0,0,0,0,0,0,0,48,2026-02-05 16:54:06.696913
ATMN,24.78,24.77,24.88,,,2383200.0,9999.0,2014400.0,,0,0,0,0,0,0,0,0,0,0,0,0,0,0,0,0,0,0,0,0,0,0,0,0,0,0,0,0,0,0,0,0,48,2026-02-05 16:54:06.696913
WNTR,25.04,24.97,25.04,3592.0,,1888800.0,5000.0,1882900.0,580.0,0,0,0,0,0,0,0,0,0,0,0,0,0,0,0,0,0,0,0,0,0,0,0,0,0,0,0,0,0,0,0,0,48,2026-02-05 16:54:06.696913
SPNG,24.77,24.77,25.25,2143000.0,6000.0,1874300.0,,,,,,0,0,0,0,0,0,0,0,0,0,0,0,0,0,0,0,0,0,0,0,0,0,0,0,0,0,0,0,0,0,49,2026-02-05 16:54:07.752289
SMMR,25.05,25.06,25.15,2251100.0,,1796400.0,292.0,3502.0,11278.0,,,0,0,0,0,0,0,0,0,0,0,0,0,0,0,0,0,0,0,0,0,0,0,0,0,0,0,0,0,0,0,49,2026-02-05 16:54:07.752289
ATMN,24.78,24.87,24.9,1802600.0,4500.0,2005800.0,434.0,432.0,,2250.0,6251.0,0,0,0,0,0,0,0,0,0,0,0,0,0,0,0,0,0,0,0,0,0,0,0,0,0,0,0,0,0,0,49,2026-02-05 16:54:07.752289
WNTR,24.87,24.98,24.99,1992600.0,,1588100.0,537.0,580.0,5360.0,,5000.0,0,0,0,0,0,0,0,0,0,0,0,0,0,0,0,0,0,0,0,0,0,0,0,0,0,0,0,0,0,0,49,2026-02-05 16:54:07.752289
SPNG,24.77,24.87,25.16,6749.0,1736300.0,1696700.0,5000.0,9000.0,,,,0,0,0,0,0,0,0,0,0,0,0,0,0,0,0,0,0,0,0,0,0,0,0,0,0,0,0,0,0,0,50,2026-02-05 16:54:08.805381
SMMR,24.91,24.91,25.03,5000.0,2274100.0,1828000.0,17719.0,,,,,0,0,0,0,0,0,0,0,0,0,0,0,0,0,0,0,0,0,0,0,0,0,0,0,0,0,0,0,0,0,50,2026-02-05 16:54:08.805381
ATMN,25.0,25.0,25.25,6251.0,1554000.0,1861000.0,,9000.0,6750.0,434.0,,0,0,0,0,0,0,0,0,0,0,0,0,0,0,0,0,0,0,0,0,0,0,0,0,0,0,0,0,0,0,50,2026-02-05 16:54:08.805381
WNTR,24.98,24.98,25.01,5000.0,1992600.0,1997500.0,,,,499.0,1117.0,0,0,0,0,0,0,0,0,0,0,0,0,0,0,0,0,0,0,0,0,0,0,0,0,0,0,0,0,0,0,50,2026-02-05 16:54:08.805381
SPNG,24.58,24.67,25.15,2071400.0,3000.0,5676.0,1386700.0,12000.0,,,,0,0,0,0,0,0,0,0,0,0,0,0,0,0,0,0,0,0,0,0,0,0,0,0,0,0,0,0,0,0,51,2026-02-05 16:54:09.861384
SMMR,24.92,24.93,25.01,2308200.0,,5000.0,2055600.0,,5000.0,4086.0,,0,0,0,0,0,0,0,0,0,0,0,0,0,0,0,0,0,0,0,0,0,0,0,0,0,0,0,0,0,0,51,2026-02-05 16:54:09.861384
ATMN,25.0,25.03,25.08,1214200.0,11250.0,5000.0,1499800.0,13500.0,11251.0,,432.0,0,0,0,0,0,0,0,0,0,0,0,0,0,0,0,0,0,0,0,0,0,0,0,0,0,0,0,0,0,0,51,2026-02-05 16:54:09.861384
WNTR,25.16,24.98,25.16,1886100.0,,,2103000.0,,5536.0,,,0,0,0,0,0,0,0,0,0,0,0,0,0,0,0,0,0,0,0,0,0,0,0,0,0,0,0,0,0,0,51,2026-02-05 16:54:09.861384
SPNG,25.03,24.7,25.01,5000.0,9000.0,1765400.0,5000.0,1500700.0,15000.0,,0,0,0,0,0,0,0,0,0,0,0,0,0,0,0,0,0,0,0,0,0,0,0,0,0,0,0,0,0,0,0,52,2026-02-05 16:54:10.913676
SMMR,25.19,25.14,25.19,6773.0,,1927000.0,,2253900.0,,4086.0,0,0,0,0,0,0,0,0,0,0,0,0,0,0,0,0,0,0,0,0,0,0,0,0,0,0,0,0,0,0,0,52,2026-02-05 16:54:10.913676
ATMN,25.25,25.03,25.25,11251.0,15750.0,987900.0,,1853300.0,9000.0,432.0,0,0,0,0,0,0,0,0,0,0,0,0,0,0,0,0,0,0,0,0,0,0,0,0,0,0,0,0,0,0,0,52,2026-02-05 16:54:10.913676
WNTR,24.87,25.0,25.1,10536.0,,1775100.0,,2120100.0,,,0,0,0,0,0,0,0,0,0,0,0,0,0,0,0,0,0,0,0,0,0,0,0,0,0,0,0,0,0,0,0,52,2026-02-05 16:54:10.913676
SPNG,25.26,24.68,25.24,12000.0,1745800.0,3000.0,1970200.0,,,,0,0,0,0,0,0,0,0,0,0,0,0,0,0,0,0,0,0,0,0,0,0,0,0,0,0,0,0,0,0,0,53,2026-02-05 16:54:11.505145
SMMR,25.14,25.14,25.19,,1918500.0,,2268400.0,5418.0,4086.0,,0,0,0,0,0,0,0,0,0,0,0,0,0,0,0,0,0,0,0,0,0,0,0,0,0,0,0,0,0,0,0,53,2026-02-05 16:54:11.505145
ATMN,25.22,25.22,25.25,15750.0,978000.0,9000.0,1853300.0,11251.0,432.0,,0,0,0,0,0,0,0,0,0,0,0,0,0,0,0,0,0,0,0,0,0,0,0,0,0,0,0,0,0,0,0,53,2026-02-05 16:54:11.505145
WNTR,25.01,24.87,24.94,,2179500.0,,1842700.0,,,6053.0,0,0,0,0,0,0,0,0,0,0,0,0,0,0,0,0,0,0,0,0,0,0,0,0,0,0,0,0,0,0,0,53,2026-02-05 16:54:11.505145
SPNG,24.56,24.68,24.99,5193.0,6000.0,1522900.0,1849900.0,5000.0,3000.0,,0,0,0,0,0,0,0,0,0,0,0,0,0,0,0,0,0,0,0,0,0,0,0,0,0,0,0,0,0,0,0,54,2026-02-05 16:54:12.570248
SMMR,25.1,24.9,25.04,,,2425300.0,1823700.0,5082.0,,,0,0,0,0,0,0,0,0,0,0,0,0,0,0,0,0,0,0,0,0,0,0,0,0,0,0,0,0,0,0,0,54,2026-02-05 16:54:12.570248
ATMN,24.94,25.16,25.24,,15750.0,1452600.0,1742000.0,,11250.0,432.0,0,0,0,0,0,0,0,0,0,0,0,0,0,0,0,0,0,0,0,0,0,0,0,0,0,0,0,0,0,0,0,54,2026-02-05 16:54:12.570248
WNTR,25.1,24.91,25.1,,,2183000.0,1830800.0,6053.0,,,0,0,0,0,0,0,0,0,0,0,0,0,0,0,0,0,0,0,0,0,0,0,0,0,0,0,0,0,0,0,0,54,2026-02-05 16:54:12.570248
SPNG,24.99,24.68,24.98,6000.0,1943400.0,9659.0,1526100.0,3000.0,,,0,0,0,0,0,0,0,0,0,0,0,0,0,0,0,0,0,0,0,0,0,0,0,0,0,0,0,0,0,0,0,55,2026-02-05 16:54:13.619797
SMMR,25.2,24.91,25.17,,1909900.0,,2200400.0,,10418.0,4086.0,0,0,0,0,0,0,0,0,0,0,0,0,0,0,0,0,0,0,0,0,0,0,0,0,0,0,0,0,0,0,0,55,2026-02-05 16:54:13.619797
ATMN,25.23,25.0,25.22,13500.0,1547800.0,5000.0,2109900.0,2250.0,5000.0,,0,0,0,0,0,0,0,0,0,0,0,0,0,0,0,0,0,0,0,0,0,0,0,0,0,0,0,0,0,0,0,55,2026-02-05 16:54:13.619797
WNTR,25.12,24.91,25.12,,2183000.0,,2107100.0,,,,0,0,0,0,0,0,0,0,0,0,0,0,0,0,0,0,0,0,0,0,0,0,0,0,0,0,0,0,0,0,0,55,2026-02-05 16:54:13.619797
SPNG,25.01,25.17,25.24,1579300.0,5000.0,12000.0,3000.0,1983600.0,,,0,0,0,0,0,0,0,0,0,0,0,0,0,0,0,0,0,0,0,0,0,0,0,0,0,0,0,0,0,0,0,56,2026-02-05 16:54:14.678234
SMMR,25.05,24.92,25.05,1787800.0,15918.0,,,2310500.0,2882.0,,0,0,0,0,0,0,0,0,0,0,0,0,0,0,0,0,0,0,0,0,0,0,0,0,0,0,0,0,0,0,0,56,2026-02-05 16:54:14.678234
ATMN,24.88,24.88,25.22,2184200.0,,4500.0,2250.0,1876300.0,,336.0,0,0,0,0,0,0,0,0,0,0,0,0,0,0,0,0,0,0,0,0,0,0,0,0,0,0,0,0,0,0,0,56,2026-02-05 16:54:14.678234
WNTR,25.17,24.92,25.17,2085000.0,5000.0,,,2083900.0,,,0,0,0,0,0,0,0,0,0,0,0,0,0,0,0,0,0,0,0,0,0,0,0,0,0,0,0,0,0,0,0,56,2026-02-05 16:54:14.678234
SPNG,24.56,25.19,25.23,5465.0,1731600.0,5000.0,9000.0,1667400.0,,,0,0,0,0,0,0,0,0,0,0,0,0,0,0,0,0,0,0,0,0,0,0,0,0,0,0,0,0,0,0,0,57,2026-02-05 16:54:15.724471
SMMR,25.04,25.04,25.05,13734.0,1888600.0,,,2310500.0,,,0,0,0,0,0,0,0,0,0,0,0,0,0,0,0,0,0,0,0,0,0,0,0,0,0,0,0,0,0,0,0,57,2026-02-05 16:54:15.724471
ATMN,25.21,24.88,24.99,,2087500.0,336.0,4500.0,1775800.0,6750.0,,0,0,0,0,0,0,0,0,0,0,0,0,0,0,0,0,0,0,0,0,0,0,0,0,0,0,0,0,0,0,0,57,2026-02-05 16:54:15.724471
WNTR,25.18,25.1,25.13,10739.0,1651500.0,5000.0,,1994000.0,,1500.0,0,0,0,0,0,0,0,0,0,0,0,0,0,0,0,0,0,0,0,0,0,0,0,0,0,0,0,0,0,0,0,57,2026-02-05 16:54:15.724471
SPNG,24.69,24.69,24.72,2140300.0,2005600.0,5000.0,,0,0,0,0,0,0,0,0,0,0,0,0,0,0,0,0,0,0,0,0,0,0,0,0,0,0,0,0,0,0,0,0,0,0,58,2026-02-05 16:54:16.778996
SMMR,25.2,25.04,25.2,1888600.0,2324600.0,,13734.0,0,0,0,0,0,0,0,0,0,0,0,0,0,0,0,0,0,0,0,0,0,0,0,0,0,0,0,0,0,0,0,0,0,0,58,2026-02-05 16:54:16.778996
ATMN,24.81,24.81,25.23,2429300.0,2359000.0,,,0,0,0,0,0,0,0,0,0,0,0,0,0,0,0,0,0,0,0,0,0,0,0,0,0,0,0,0,0,0,0,0,0,0,58,2026-02-05 16:54:16.778996
WNTR,25.13,25.1,25.13,1737000.0,2014700.0,5000.0,10739.0,0,0,0,0,0,0,0,0,0,0,0,0,0,0,0,0,0,0,0,0,0,0,0,0,0,0,0,0,0,0,0,0,0,0,58,2026-02-05 16:54:16.778996
SPNG,24.72,25.05,25.23,2099900.0,5000.0,1998400.0,,0,0,0,0,0,0,0,0,0,0,0,0,0,0,0,0,0,0,0,0,0,0,0,0,0,0,0,0,0,0,0,0,0,0,59,2026-02-05 16:54:17.823415
SMMR,24.89,24.95,25.2,2399800.0,,2324600.0,,0,0,0,0,0,0,0,0,0,0,0,0,0,0,0,0,0,0,0,0,0,0,0,0,0,0,0,0,0,0,0,0,0,0,59,2026-02-05 16:54:17.823415
ATMN,24.75,24.75,25.19,2451200.0,,2347200.0,,0,0,0,0,0,0,0,0,0,0,0,0,0,0,0,0,0,0,0,0,0,0,0,0,0,0,0,0,0,0,0,0,0,0,59,2026-02-05 16:54:17.823415
WNTR,25.19,25.1,25.19,1762000.0,,2065200.0,10739.0,0,0,0,0,0,0,0,0,0,0,0,0,0,0,0,0,0,0,0,0,0,0,0,0,0,0,0,0,0,0,0,0,0,0,59,2026-02-05 16:54:17.823415
SPNG,24.69,24.89,25.22,400.0,909100.0,400.0,5000.0,761800.0,,0,0,0,0,0,0,0,0,0,0,0,0,0,0,0,0,0,0,0,0,0,0,0,0,0,0,0,0,0,0,0,0,60,2026-02-05 16:54:18.870455
SMMR,25.79,25.33,25.38,520.0,694300.0,520.0,,714200.0,,0,0,0,0,0,0,0,0,0,0,0,0,0,0,0,0,0,0,0,0,0,0,0,0,0,0,0,0,0,0,0,0,60,2026-02-05 16:54:18.870455
ATMN,25.19,25.27,25.29,459.0,1029600.0,459.0,,845000.0,,0,0,0,0,0,0,0,0,0,0,0,0,0,0,0,0,0,0,0,0,0,0,0,0,0,0,0,0,0,0,0,0,60,2026-02-05 16:54:18.870455
WNTR,25.32,25.32,25.41,,852400.0,,,805200.0,10739.0,0,0,0,0,0,0,0,0,0,0,0,0,0,0,0,0,0,0,0,0,0,0,0,0,0,0,0,0,0,0,0,0,60,2026-02-05 16:54:18.870455
SPNG,24.88,24.91,25.15,380.0,944400.0,400.0,951400.0,5000.0,,,,0,0,0,0,0,0,0,0,0,0,0,0,0,0,0,0,0,0,0,0,0,0,0,0,0,0,0,0,0,0,61,2026-02-05 16:54:19.915371
SMMR,25.62,25.65,25.87,1040.0,1049200.0,452.0,915000.0,,359.0,359.0,,0,0,0,0,0,0,0,0,0,0,0,0,0,0,0,0,0,0,0,0,0,0,0,0,0,0,0,0,0,0,61,2026-02-05 16:54:19.915371
ATMN,25.45,25.45,25.54,918.0,1143600.0,406.0,1035300.0,,,,,0,0,0,0,0,0,0,0,0,0,0,0,0,0,0,0,0,0,0,0,0,0,0,0,0,0,0,0,0,0,61,2026-02-05 16:54:19.915371
WNTR,25.41,25.35,25.41,,852400.0,,910500.0,,5821.0,,10739.0,0,0,0,0,0,0,0,0,0,0,0,0,0,0,0,0,0,0,0,0,0,0,0,0,0,0,0,0,0,0,61,2026-02-05 16:54:19.915371
SPNG,24.88,24.92,24.94,359.0,1038700.0,380.0,1258800.0,400.0,359.0,5000.0,,0,0,0,0,0,0,0,0,0,0,0,0,0,0,0,0,0,0,0,0,0,0,0,0,0,0,0,0,0,0,62,2026-02-05 16:54:20.963925
SMMR,26.09,25.65,25.93,359.0,1049200.0,,978800.0,393.0,1634.0,,,0,0,0,0,0,0,0,0,0,0,0,0,0,0,0,0,0,0,0,0,0,0,0,0,0,0,0,0,0,0,62,2026-02-05 16:54:20.963925
ATMN,25.45,25.47,25.52,1993.0,1143600.0,918.0,1401800.0,406.0,1993.0,,,0,0,0,0,0,0,0,0,0,0,0,0,0,0,0,0,0,0,0,0,0,0,0,0,0,0,0,0,0,0,62,2026-02-05 16:54:20.963925
WNTR,25.32,25.22,25.29,3268.0,983600.0,,915500.0,537.0,1634.0,,10739.0,0,0,0,0,0,0,0,0,0,0,0,0,0,0,0,0,0,0,0,0,0,0,0,0,0,0,0,0,0,0,62,2026-02-05 16:54:20.963925
SPNG,25.14,24.92,25.14,1993.0,1161400.0,380.0,359.0,1160800.0,5000.0,,,0,0,0,0,0,0,0,0,0,0,0,0,0,0,0,0,0,0,0,0,0,0,0,0,0,0,0,0,0,0,63,2026-02-05 16:54:21.518663
SMMR,25.48,25.68,25.92,,1018500.0,520.0,1634.0,978800.0,,520.0,,0,0,0,0,0,0,0,0,0,0,0,0,0,0,0,0,0,0,0,0,0,0,0,0,0,0,0,0,0,0,63,2026-02-05 16:54:21.518663
ATMN,25.27,25.45,25.52,,1051200.0,918.0,1993.0,1401800.0,,406.0,,0,0,0,0,0,0,0,0,0,0,0,0,0,0,0,0,0,0,0,0,0,0,0,0,0,0,0,0,0,0,63,2026-02-05 16:54:21.518663
WNTR,25.3,25.23,25.28,3268.0,1105600.0,537.0,,915500.0,,541.0,10739.0,0,0,0,0,0,0,0,0,0,0,0,0,0,0,0,0,0,0,0,0,0,0,0,0,0,0,0,0,0,0,63,2026-02-05 16:54:21.518663
SPNG,25.23,24.66,24.71,3000.0,1285000.0,5500.0,380.0,400.0,1067800.0,,0,0,0,0,0,0,0,0,0,0,0,0,0,0,0,0,0,0,0,0,0,0,0,0,0,0,0,0,0,0,0,64,2026-02-05 16:54:22.682384
SMMR,25.93,25.68,25.73,,1018500.0,,520.0,520.0,1095400.0,,0,0,0,0,0,0,0,0,0,0,0,0,0,0,0,0,0,0,0,0,0,0,0,0,0,0,0,0,0,0,0,64,2026-02-05 16:54:22.682384
ATMN,25.29,25.14,25.22,2250.0,1055500.0,,379.0,1377.0,1628000.0,2250.0,0,0,0,0,0,0,0,0,0,0,0,0,0,0,0,0,0,0,0,0,0,0,0,0,0,0,0,0,0,0,0,64,2026-02-05 16:54:22.682384
WNTR,25.33,25.4,25.44,,1213700.0,10739.0,1619.0,462.0,908900.0,,0,0,0,0,0,0,0,0,0,0,0,0,0,0,0,0,0,0,0,0,0,0,0,0,0,0,0,0,0,0,0,64,2026-02-05 16:54:22.682384
SPNG,25.12,25.13,25.22,6000.0,1401500.0,800.0,6000.0,360.0,1189500.0,,0,0,0,0,0,0,0,0,0,0,0,0,0,0,0,0,0,0,0,0,0,0,0,0,0,0,0,0,0,0,0,65,2026-02-05 16:54:23.747480
SMMR,25.79,25.72,25.79,,1245000.0,520.0,,,1222600.0,9532.0,0,0,0,0,0,0,0,0,0,0,0,0,0,0,0,0,0,0,0,0,0,0,0,0,0,0,0,0,0,0,0,65,2026-02-05 16:54:23.747480
ATMN,25.23,25.24,25.54,6750.0,1297200.0,459.0,,,1494000.0,5000.0,0,0,0,0,0,0,0,0,0,0,0,0,0,0,0,0,0,0,0,0,0,0,0,0,0,0,0,0,0,0,0,65,2026-02-05 16:54:23.747480
WNTR,25.33,25.41,25.44,,1455600.0,1619.0,,462.0,1093500.0,10739.0,0,0,0,0,0,0,0,0,0,0,0,0,0,0,0,0,0,0,0,0,0,0,0,0,0,0,0,0,0,0,0,65,2026-02-05 16:54:23.747480
SPNG,24.42,24.43,24.9,5000.0,1170800.0,6000.0,1285200.0,800.0,5000.0,12000.0,,,,0,0,0,0,0,0,0,0,0,0,0,0,0,0,0,0,0,0,0,0,0,0,0,0,0,0,0,0,66,2026-02-05 16:54:24.799640
SMMR,25.72,25.75,25.79,4532.0,1346200.0,,1095400.0,486.0,,,520.0,6000.0,,0,0,0,0,0,0,0,0,0,0,0,0,0,0,0,0,0,0,0,0,0,0,0,0,0,0,0,0,66,2026-02-05 16:54:24.799640
ATMN,25.53,25.26,25.53,5000.0,1309100.0,,1615600.0,,3806.0,2250.0,1836.0,6000.0,2250.0,0,0,0,0,0,0,0,0,0,0,0,0,0,0,0,0,0,0,0,0,0,0,0,0,0,0,0,0,66,2026-02-05 16:54:24.799640
WNTR,25.33,25.33,25.44,,1455600.0,6000.0,1093500.0,462.0,,,,,,0,0,0,0,0,0,0,0,0,0,0,0,0,0,0,0,0,0,0,0,0,0,0,0,0,0,0,0,66,2026-02-05 16:54:24.799640
SPNG,25.22,24.59,24.88,342.0,1522500.0,6000.0,1160.0,9000.0,1189500.0,,,,,0,0,0,0,0,0,0,0,0,0,0,0,0,0,0,0,0,0,0,0,0,0,0,0,0,0,0,0,67,2026-02-05 16:54:25.853302
SMMR,25.97,25.97,25.98,486.0,1442700.0,6000.0,,,1110200.0,4532.0,,,,0,0,0,0,0,0,0,0,0,0,0,0,0,0,0,0,0,0,0,0,0,0,0,0,0,0,0,0,67,2026-02-05 16:54:25.853302
ATMN,25.44,25.28,25.43,2215.0,1411400.0,,331.0,6750.0,1682500.0,1694.0,6750.0,6000.0,,0,0,0,0,0,0,0,0,0,0,0,0,0,0,0,0,0,0,0,0,0,0,0,0,0,0,0,0,67,2026-02-05 16:54:25.853302
WNTR,25.33,25.34,25.42,,1564200.0,,1619.0,,1000600.0,5000.0,,250.0,5000.0,0,0,0,0,0,0,0,0,0,0,0,0,0,0,0,0,0,0,0,0,0,0,0,0,0,0,0,0,67,2026-02-05 16:54:25.853302
SPNG,25.23,24.82,25.22,400.0,5000.0,6000.0,6000.0,1760200.0,5000.0,380.0,1189500.0,,,0,0,0,0,0,0,0,0,0,0,0,0,0,0,0,0,0,0,0,0,0,0,0,0,0,0,0,0,68,2026-02-05 16:54:26.887670
SMMR,25.63,25.75,25.86,520.0,5000.0,6000.0,,1262100.0,5451.0,520.0,1292400.0,1730.0,,0,0,0,0,0,0,0,0,0,0,0,0,0,0,0,0,0,0,0,0,0,0,0,0,0,0,0,0,68,2026-02-05 16:54:26.887670
ATMN,25.46,25.3,25.42,2215.0,6694.0,,9000.0,1394100.0,5000.0,331.0,1556700.0,6000.0,6750.0,0,0,0,0,0,0,0,0,0,0,0,0,0,0,0,0,0,0,0,0,0,0,0,0,0,0,0,0,68,2026-02-05 16:54:26.887670
WNTR,25.33,25.33,25.5,,,6000.0,,1679000.0,,1751.0,1119300.0,,,0,0,0,0,0,0,0,0,0,0,0,0,0,0,0,0,0,0,0,0,0,0,0,0,0,0,0,0,68,2026-02-05 16:54:26.887670
SPNG,24.82,24.87,24.96,1996500.0,6000.0,6000.0,400.0,1298900.0,6000.0,,,,,,0,0,0,0,0,0,0,0,0,0,0,0,0,0,0,0,0,0,0,0,0,0,0,0,0,0,0,69,2026-02-05 16:54:27.932039
SMMR,25.93,25.77,25.93,1262100.0,6000.0,,,1499300.0,,5000.0,520.0,,,,0,0,0,0,0,0,0,0,0,0,0,0,0,0,0,0,0,0,0,0,0,0,0,0,0,0,0,69,2026-02-05 16:54:27.932039
ATMN,25.24,25.31,25.41,1454300.0,,2250.0,440.0,1615600.0,,,331.0,6000.0,,,0,0,0,0,0,0,0,0,0,0,0,0,0,0,0,0,0,0,0,0,0,0,0,0,0,0,0,69,2026-02-05 16:54:27.932039
WNTR,25.61,25.47,25.58,1794900.0,6000.0,,,934700.0,,5000.0,,,9993.0,9700.0,0,0,0,0,0,0,0,0,0,0,0,0,0,0,0,0,0,0,0,0,0,0,0,0,0,0,0,69,2026-02-05 16:54:27.932039
SPNG,25.27,24.89,24.94,1112.0,6000.0,3000.0,1770700.0,100.0,3000.0,1073600.0,,,,,,0,0,0,0,0,0,0,0,0,0,0,0,0,0,0,0,0,0,0,0,0,0,0,0,0,0,70,2026-02-05 16:54:29.033243
SMMR,25.93,25.79,25.81,10168.0,6000.0,,1351300.0,13451.0,,1328400.0,520.0,486.0,250.0,451.0,,0,0,0,0,0,0,0,0,0,0,0,0,0,0,0,0,0,0,0,0,0,0,0,0,0,0,70,2026-02-05 16:54:29.033243
ATMN,25.36,25.13,25.36,106.0,,,1436900.0,15615.0,4500.0,1190400.0,,433.0,6000.0,5038.0,,0,0,0,0,0,0,0,0,0,0,0,0,0,0,0,0,0,0,0,0,0,0,0,0,0,0,70,2026-02-05 16:54:29.033243
WNTR,25.61,25.59,25.61,9993.0,6000.0,,1770000.0,,,1231500.0,2458.0,401.0,,,5000.0,0,0,0,0,0,0,0,0,0,0,0,0,0,0,0,0,0,0,0,0,0,0,0,0,0,0,70,2026-02-05 16:54:29.033243
SPNG,24.58,24.89,24.93,400.0,6000.0,1787400.0,5000.0,100.0,6000.0,1073600.0,,,,,,0,0,0,0,0,0,0,0,0,0,0,0,0,0,0,0,0,0,0,0,0,0,0,0,0,0,71,2026-02-05 16:54:29.688421
SMMR,25.72,25.63,25.67,,,1262100.0,451.0,13451.0,,1363700.0,486.0,250.0,,,,0,0,0,0,0,0,0,0,0,0,0,0,0,0,0,0,0,0,0,0,0,0,0,0,0,0,71,2026-02-05 16:54:29.688421
ATMN,25.64,25.14,25.35,,,1554600.0,10538.0,,,1619700.0,,6000.0,5000.0,106.0,2250.0,0,0,0,0,0,0,0,0,0,0,0,0,0,0,0,0,0,0,0,0,0,0,0,0,0,0,71,2026-02-05 16:54:29.688421
WNTR,25.61,25.59,25.61,3038.0,6000.0,1770000.0,,,,1430100.0,359.0,,5000.0,9993.0,,0,0,0,0,0,0,0,0,0,0,0,0,0,0,0,0,0,0,0,0,0,0,0,0,0,0,71,2026-02-05 16:54:29.688421
SPNG,25.34,24.78,25.27,5000.0,6000.0,3000.0,2020500.0,104.0,951900.0,,,,,,,0,0,0,0,0,0,0,0,0,0,0,0,0,0,0,0,0,0,0,0,0,0,0,0,0,0,72,2026-02-05 16:54:30.750373
SMMR,25.74,25.78,25.81,,,,1477800.0,451.0,1417800.0,486.0,13451.0,6000.0,,,,0,0,0,0,0,0,0,0,0,0,0,0,0,0,0,0,0,0,0,0,0,0,0,0,0,0,72,2026-02-05 16:54:30.750373
ATMN,25.35,25.37,25.38,5003.0,6000.0,6750.0,1077200.0,,1716100.0,104.0,3967.0,6000.0,7916.0,453.0,2250.0,0,0,0,0,0,0,0,0,0,0,0,0,0,0,0,0,0,0,0,0,0,0,0,0,0,0,72,2026-02-05 16:54:30.750373
WNTR,25.59,25.59,25.61,5000.0,6000.0,,1770000.0,,1621600.0,3038.0,5517.0,,9993.0,359.0,,0,0,0,0,0,0,0,0,0,0,0,0,0,0,0,0,0,0,0,0,0,0,0,0,0,0,72,2026-02-05 16:54:30.750373
SPNG,24.63,24.53,24.63,3000.0,1901900.0,953900.0,5604.0,6000.0,400.0,3000.0,,,,,0,0,0,0,0,0,0,0,0,0,0,0,0,0,0,0,0,0,0,0,0,0,0,0,0,0,0,73,2026-02-05 16:54:31.786769
SMMR,25.63,25.7,25.76,,1514800.0,1612100.0,5000.0,6000.0,486.0,,5000.0,520.0,100.0,,0,0,0,0,0,0,0,0,0,0,0,0,0,0,0,0,0,0,0,0,0,0,0,0,0,0,0,73,2026-02-05 16:54:31.786769
ATMN,25.31,25.37,25.44,4500.0,1670400.0,1752400.0,,5849.0,433.0,2250.0,5503.0,453.0,100.0,5349.0,0,0,0,0,0,0,0,0,0,0,0,0,0,0,0,0,0,0,0,0,0,0,0,0,0,0,0,73,2026-02-05 16:54:31.786769
WNTR,25.41,25.4,25.41,,1883000.0,1816200.0,,,359.0,,,,7356.0,6000.0,0,0,0,0,0,0,0,0,0,0,0,0,0,0,0,0,0,0,0,0,0,0,0,0,0,0,0,73,2026-02-05 16:54:31.786769
SPNG,24.62,24.55,24.62,357.0,3118.0,6000.0,400.0,1576500.0,6236.0,6000.0,400.0,6000.0,855300.0,,,0,0,0,0,0,0,0,0,0,0,0,0,0,0,0,0,0,0,0,0,0,0,0,0,0,0,74,2026-02-05 16:54:32.822270
SMMR,25.85,25.85,25.89,,167.0,,1492.0,1750900.0,,,423.0,,1903600.0,6000.0,,0,0,0,0,0,0,0,0,0,0,0,0,0,0,0,0,0,0,0,0,0,0,0,0,0,0,74,2026-02-05 16:54:32.822270
ATMN,25.13,25.13,25.4,,,6750.0,459.0,1554600.0,4573.0,,,6000.0,1752400.0,,5000.0,0,0,0,0,0,0,0,0,0,0,0,0,0,0,0,0,0,0,0,0,0,0,0,0,0,0,74,2026-02-05 16:54:32.822270
WNTR,25.48,25.5,25.51,,7337.0,,580.0,1872500.0,7356.0,,580.0,,1845800.0,6000.0,,0,0,0,0,0,0,0,0,0,0,0,0,0,0,0,0,0,0,0,0,0,0,0,0,0,0,74,2026-02-05 16:54:32.822270
SPNG,25.48,25.96,26.52,1012700.0,3218.0,5561.0,12000.0,400.0,9000.0,761800.0,,,,,,0,0,0,0,0,0,0,0,0,0,0,0,0,0,0,0,0,0,0,0,0,0,0,0,0,0,75,2026-02-05 16:54:33.863314
SMMR,25.61,25.74,25.81,1584700.0,,11100.0,,423.0,,1618500.0,6000.0,5000.0,1492.0,6000.0,9425.0,0,0,0,0,0,0,0,0,0,0,0,0,0,0,0,0,0,0,0,0,0,0,0,0,0,0,75,2026-02-05 16:54:33.863314
ATMN,25.24,25.13,25.25,1671800.0,100.0,,9000.0,,4500.0,1282100.0,,5500.0,432.0,6000.0,4573.0,0,0,0,0,0,0,0,0,0,0,0,0,0,0,0,0,0,0,0,0,0,0,0,0,0,0,75,2026-02-05 16:54:33.863314
WNTR,25.47,25.4,25.43,1997400.0,7337.0,,,,,1632700.0,6000.0,,580.0,6000.0,8670.0,0,0,0,0,0,0,0,0,0,0,0,0,0,0,0,0,0,0,0,0,0,0,0,0,0,0,75,2026-02-05 16:54:33.863314
SPNG,25.96,25.97,26.5,15000.0,400.0,1112100.0,561.0,6000.0,400.0,12000.0,1056000.0,530.0,,,0,0,0,0,0,0,0,0,0,0,0,0,0,0,0,0,0,0,0,0,0,0,0,0,0,0,0,76,2026-02-05 16:54:34.914936
SMMR,25.66,25.66,25.77,,492.0,1595000.0,,,,,1797300.0,7500.0,500.0,,0,0,0,0,0,0,0,0,0,0,0,0,0,0,0,0,0,0,0,0,0,0,0,0,0,0,0,76,2026-02-05 16:54:34.914936
ATMN,25.63,25.15,25.6,13500.0,891.0,1073300.0,1056.0,,,,1943700.0,,,6526.0,0,0,0,0,0,0,0,0,0,0,0,0,0,0,0,0,0,0,0,0,0,0,0,0,0,0,0,76,2026-02-05 16:54:34.914936
WNTR,25.32,25.39,25.42,,499.0,1862700.0,,,,,1853500.0,7367.0,6000.0,3714.0,0,0,0,0,0,0,0,0,0,0,0,0,0,0,0,0,0,0,0,0,0,0,0,0,0,0,0,76,2026-02-05 16:54:34.914936
SPNG,24.52,26.18,26.26,7824.0,400.0,6000.0,1918500.0,815100.0,400.0,18000.0,5555.0,1110.0,,,,0,0,0,0,0,0,0,0,0,0,0,0,0,0,0,0,0,0,0,0,0,0,0,0,0,0,77,2026-02-05 16:54:35.970204
SMMR,25.76,25.76,25.77,7658.0,520.0,,1538100.0,1640000.0,520.0,,,13293.0,6100.0,6000.0,,0,0,0,0,0,0,0,0,0,0,0,0,0,0,0,0,0,0,0,0,0,0,0,0,0,0,77,2026-02-05 16:54:35.970204
ATMN,25.4,25.35,25.36,6526.0,1298.0,6000.0,1187200.0,1433200.0,384.0,,9444.0,5163.0,5000.0,500.0,13500.0,0,0,0,0,0,0,0,0,0,0,0,0,0,0,0,0,0,0,0,0,0,0,0,0,0,0,77,2026-02-05 16:54:35.970204
WNTR,25.43,25.44,25.5,13714.0,426.0,,1718700.0,1754200.0,,,5000.0,951.0,5000.0,6000.0,,0,0,0,0,0,0,0,0,0,0,0,0,0,0,0,0,0,0,0,0,0,0,0,0,0,0,77,2026-02-05 16:54:35.970204
SPNG,24.51,24.81,25.23,100.0,2156100.0,797600.0,780.0,11055.0,24000.0,,,,,,0,0,0,0,0,0,0,0,0,0,0,0,0,0,0,0,0,0,0,0,0,0,0,0,0,0,0,78,2026-02-05 16:54:37.061978
SMMR,25.82,25.78,25.81,7886.0,1538100.0,1720300.0,520.0,5000.0,,11100.0,520.0,6000.0,,,0,0,0,0,0,0,0,0,0,0,0,0,0,0,0,0,0,0,0,0,0,0,0,0,0,0,0,78,2026-02-05 16:54:37.061978
ATMN,25.05,25.36,25.57,100.0,1766700.0,1821900.0,362.0,,,,1682.0,,2250.0,6946.0,0,0,0,0,0,0,0,0,0,0,0,0,0,0,0,0,0,0,0,0,0,0,0,0,0,0,0,78,2026-02-05 16:54:37.061978
WNTR,25.43,25.47,25.49,6567.0,1808600.0,1615900.0,462.0,5000.0,,5000.0,1616.0,6000.0,,1417.0,0,0,0,0,0,0,0,0,0,0,0,0,0,0,0,0,0,0,0,0,0,0,0,0,0,0,0,78,2026-02-05 16:54:37.061978
SPNG,24.81,24.78,24.79,2109500.0,4851.0,6000.0,1141.0,21000.0,694800.0,1139.0,11055.0,,,,0,0,0,0,0,0,0,0,0,0,0,0,0,0,0,0,0,0,0,0,0,0,0,0,0,0,0,79,2026-02-05 16:54:37.703156
SMMR,25.66,25.74,25.82,1949700.0,,6000.0,520.0,,1807500.0,,,520.0,,,0,0,0,0,0,0,0,0,0,0,0,0,0,0,0,0,0,0,0,0,0,0,0,0,0,0,0,79,2026-02-05 16:54:37.703156
ATMN,25.76,25.37,25.39,1521100.0,6000.0,6000.0,,,1591700.0,,,1682.0,443.0,2250.0,0,0,0,0,0,0,0,0,0,0,0,0,0,0,0,0,0,0,0,0,0,0,0,0,0,0,0,79,2026-02-05 16:54:37.703156
WNTR,25.61,25.46,25.61,1629300.0,500.0,,,,1880900.0,,,1616.0,5500.0,,0,0,0,0,0,0,0,0,0,0,0,0,0,0,0,0,0,0,0,0,0,0,0,0,0,0,0,79,2026-02-05 16:54:37.703156
SPNG,25.21,24.79,25.2,380.0,1884200.0,5293.0,5199.0,400.0,721000.0,24000.0,8844.0,1139.0,,,0,0,0,0,0,0,0,0,0,0,0,0,0,0,0,0,0,0,0,0,0,0,0,0,0,0,0,80,2026-02-05 16:54:38.771059
SMMR,25.77,25.76,25.77,,1949700.0,,,520.0,1934700.0,,,,4444.0,,0,0,0,0,0,0,0,0,0,0,0,0,0,0,0,0,0,0,0,0,0,0,0,0,0,0,0,80,2026-02-05 16:54:38.771059
ATMN,25.54,25.56,25.63,800.0,1647500.0,6000.0,7933.0,413.0,1788900.0,4500.0,5000.0,,5000.0,,0,0,0,0,0,0,0,0,0,0,0,0,0,0,0,0,0,0,0,0,0,0,0,0,0,0,0,80,2026-02-05 16:54:38.771059
WNTR,25.48,25.53,25.57,496.0,1491700.0,6000.0,2225.0,,1692500.0,,5000.0,9638.0,5500.0,6000.0,0,0,0,0,0,0,0,0,0,0,0,0,0,0,0,0,0,0,0,0,0,0,0,0,0,0,0,80,2026-02-05 16:54:38.771059
SPNG,24.5,24.51,25.1,342.0,5000.0,2065900.0,5000.0,1160.0,24000.0,1009600.0,,0,0,0,0,0,0,0,0,0,0,0,0,0,0,0,0,0,0,0,0,0,0,0,0,0,0,0,0,0,0,81,2026-02-05 16:54:39.816242
SMMR,25.77,25.64,25.76,452.0,,1971200.0,610.0,1040.0,,1660200.0,,0,0,0,0,0,0,0,0,0,0,0,0,0,0,0,0,0,0,0,0,0,0,0,0,0,0,0,0,0,0,81,2026-02-05 16:54:39.816242
ATMN,25.59,25.59,25.63,459.0,,1635100.0,44.0,459.0,9000.0,1427100.0,,0,0,0,0,0,0,0,0,0,0,0,0,0,0,0,0,0,0,0,0,0,0,0,0,0,0,0,0,0,0,81,2026-02-05 16:54:39.816242
WNTR,25.52,25.48,25.52,,5500.0,1730100.0,5000.0,580.0,,1800100.0,100.0,0,0,0,0,0,0,0,0,0,0,0,0,0,0,0,0,0,0,0,0,0,0,0,0,0,0,0,0,0,0,81,2026-02-05 16:54:39.816242
SPNG,25.94,25.94,26.08,1625000.0,6000.0,566.0,400.0,3000.0,1737000.0,6000.0,,,,,0,0,0,0,0,0,0,0,0,0,0,0,0,0,0,0,0,0,0,0,0,0,0,0,0,0,0,82,2026-02-05 16:54:40.894946
SMMR,25.82,25.88,25.89,2055200.0,,5000.0,,,2020200.0,,1577.0,,,,0,0,0,0,0,0,0,0,0,0,0,0,0,0,0,0,0,0,0,0,0,0,0,0,0,0,0,82,2026-02-05 16:54:40.894946
ATMN,25.59,25.59,25.63,1878300.0,,,459.0,,1086500.0,13500.0,,44.0,4732.0,459.0,0,0,0,0,0,0,0,0,0,0,0,0,0,0,0,0,0,0,0,0,0,0,0,0,0,0,0,82,2026-02-05 16:54:40.894946
WNTR,25.58,25.59,25.6,1957300.0,,,499.0,,1893400.0,,2815.0,,9641.0,,0,0,0,0,0,0,0,0,0,0,0,0,0,0,0,0,0,0,0,0,0,0,0,0,0,0,0,82,2026-02-05 16:54:40.894946
SPNG,24.83,24.97,26.08,1804700.0,5000.0,6000.0,1242.0,1737000.0,,,,,,0,0,0,0,0,0,0,0,0,0,0,0,0,0,0,0,0,0,0,0,0,0,0,0,0,0,0,0,83,2026-02-05 16:54:41.954526
SMMR,25.91,25.89,25.91,1654000.0,4890.0,,1577.0,1907500.0,1040.0,452.0,,,,0,0,0,0,0,0,0,0,0,0,0,0,0,0,0,0,0,0,0,0,0,0,0,0,0,0,0,0,83,2026-02-05 16:54:41.954526
ATMN,25.59,25.59,25.63,2097500.0,,,4857.0,959400.0,459.0,459.0,13500.0,44.0,11208.0,0,0,0,0,0,0,0,0,0,0,0,0,0,0,0,0,0,0,0,0,0,0,0,0,0,0,0,0,83,2026-02-05 16:54:41.954526
WNTR,25.5,25.43,25.47,2207000.0,,,,1730100.0,,580.0,,,14259.0,0,0,0,0,0,0,0,0,0,0,0,0,0,0,0,0,0,0,0,0,0,0,0,0,0,0,0,0,83,2026-02-05 16:54:41.954526
SPNG,24.98,24.99,25.81,10882.0,1520.0,12000.0,1115400.0,6000.0,324.0,1813100.0,,,,0,0,0,0,0,0,0,0,0,0,0,0,0,0,0,0,0,0,0,0,0,0,0,0,0,0,0,0,84,2026-02-05 16:54:43.024398
SMMR,25.88,25.88,25.91,4890.0,1040.0,,1786700.0,,452.0,1916500.0,,,,0,0,0,0,0,0,0,0,0,0,0,0,0,0,0,0,0,0,0,0,0,0,0,0,0,0,0,0,84,2026-02-05 16:54:43.024398
ATMN,25.59,25.59,25.63,,459.0,,2097500.0,6000.0,459.0,1203600.0,44.0,13500.0,,0,0,0,0,0,0,0,0,0,0,0,0,0,0,0,0,0,0,0,0,0,0,0,0,0,0,0,0,84,2026-02-05 16:54:43.024398
WNTR,25.6,25.45,25.6,5000.0,495.0,,1753900.0,6000.0,,1997700.0,,,9759.0,0,0,0,0,0,0,0,0,0,0,0,0,0,0,0,0,0,0,0,0,0,0,0,0,0,0,0,0,84,2026-02-05 16:54:43.024398
SPNG,24.98,25.17,25.21,6033.0,7194.0,1520.0,18000.0,321700.0,6000.0,1830500.0,324.0,2665.0,,,0,0,0,0,0,0,0,0,0,0,0,0,0,0,0,0,0,0,0,0,0,0,0,0,0,0,0,85,2026-02-05 16:54:44.113433
SMMR,25.77,25.79,25.85,1937.0,10010.0,,,1571800.0,6000.0,1784700.0,,7848.0,5000.0,,0,0,0,0,0,0,0,0,0,0,0,0,0,0,0,0,0,0,0,0,0,0,0,0,0,0,0,85,2026-02-05 16:54:44.113433
ATMN,25.33,25.32,25.33,,,,,1645600.0,,963400.0,459.0,6498.0,44.0,13500.0,0,0,0,0,0,0,0,0,0,0,0,0,0,0,0,0,0,0,0,0,0,0,0,0,0,0,0,85,2026-02-05 16:54:44.113433
WNTR,25.59,25.59,25.6,9759.0,,544.0,,1846000.0,6000.0,1579500.0,495.0,,1870.0,,0,0,0,0,0,0,0,0,0,0,0,0,0,0,0,0,0,0,0,0,0,0,0,0,0,0,0,85,2026-02-05 16:54:44.113433
SPNG,24.98,25.2,25.21,6033.0,7194.0,1520.0,21000.0,321700.0,1844400.0,324.0,2665.0,,0,0,0,0,0,0,0,0,0,0,0,0,0,0,0,0,0,0,0,0,0,0,0,0,0,0,0,0,0,86,2026-02-05 16:54:44.728288
SMMR,25.77,25.8,25.84,1937.0,15020.0,,,1334800.0,1805100.0,,7848.0,5000.0,0,0,0,0,0,0,0,0,0,0,0,0,0,0,0,0,0,0,0,0,0,0,0,0,0,0,0,0,0,86,2026-02-05 16:54:44.728288
ATMN,25.64,25.28,25.64,,5000.0,407.0,,1740100.0,2357100.0,,,,0,0,0,0,0,0,0,0,0,0,0,0,0,0,0,0,0,0,0,0,0,0,0,0,0,0,0,0,0,86,2026-02-05 16:54:44.728288
WNTR,25.59,25.57,25.58,9759.0,,580.0,,1935900.0,1561200.0,580.0,,1870.0,0,0,0,0,0,0,0,0,0,0,0,0,0,0,0,0,0,0,0,0,0,0,0,0,0,0,0,0,0,86,2026-02-05 16:54:44.728288
SPNG,24.99,24.98,24.99,24000.0,1113900.0,6000.0,400.0,1769500.0,400.0,2765.0,,,,,0,0,0,0,0,0,0,0,0,0,0,0,0,0,0,0,0,0,0,0,0,0,0,0,0,0,0,87,2026-02-05 16:54:45.784402
SMMR,25.9,25.79,25.89,,1780000.0,6000.0,486.0,2015800.0,,,5000.0,2829.0,5000.0,,0,0,0,0,0,0,0,0,0,0,0,0,0,0,0,0,0,0,0,0,0,0,0,0,0,0,0,87,2026-02-05 16:54:45.784402
ATMN,25.27,25.23,25.25,4500.0,1740100.0,,,2130400.0,,100.0,,,,6000.0,0,0,0,0,0,0,0,0,0,0,0,0,0,0,0,0,0,0,0,0,0,0,0,0,0,0,0,87,2026-02-05 16:54:45.784402
WNTR,25.39,25.35,25.38,,1854900.0,,,1880800.0,580.0,,3630.0,,,,0,0,0,0,0,0,0,0,0,0,0,0,0,0,0,0,0,0,0,0,0,0,0,0,0,0,0,87,2026-02-05 16:54:45.784402
SPNG,25.21,24.99,25.2,5000.0,24000.0,3229.0,975000.0,400.0,11817.0,1684400.0,,,0,0,0,0,0,0,0,0,0,0,0,0,0,0,0,0,0,0,0,0,0,0,0,0,0,0,0,0,0,88,2026-02-05 16:54:46.833580
SMMR,25.79,25.8,25.89,,,,2127600.0,520.0,6012.0,1599100.0,520.0,620.0,0,0,0,0,0,0,0,0,0,0,0,0,0,0,0,0,0,0,0,0,0,0,0,0,0,0,0,0,0,88,2026-02-05 16:54:46.833580
ATMN,25.28,25.28,25.31,9950.0,11250.0,6259.0,1017000.0,891.0,,2255300.0,407.0,,0,0,0,0,0,0,0,0,0,0,0,0,0,0,0,0,0,0,0,0,0,0,0,0,0,0,0,0,0,88,2026-02-05 16:54:46.833580
WNTR,25.62,25.36,25.62,5000.0,,6937.0,1854900.0,499.0,,1988200.0,,,0,0,0,0,0,0,0,0,0,0,0,0,0,0,0,0,0,0,0,0,0,0,0,0,0,0,0,0,0,88,2026-02-05 16:54:46.833580
SPNG,24.97,24.97,25.19,2120500.0,3000.0,380.0,1317.0,1615000.0,100.0,,,,,,,0,0,0,0,0,0,0,0,0,0,0,0,0,0,0,0,0,0,0,0,0,0,0,0,0,0,89,2026-02-05 16:54:47.893709
SMMR,25.63,25.63,25.87,2298900.0,,520.0,6012.0,1460100.0,7829.0,,,,,,,0,0,0,0,0,0,0,0,0,0,0,0,0,0,0,0,0,0,0,0,0,0,0,0,0,0,89,2026-02-05 16:54:47.893709
ATMN,25.28,25.3,25.33,1136300.0,13500.0,384.0,5000.0,1695200.0,1849.0,5000.0,10299.0,1298.0,6000.0,4500.0,,0,0,0,0,0,0,0,0,0,0,0,0,0,0,0,0,0,0,0,0,0,0,0,0,0,0,89,2026-02-05 16:54:47.893709
WNTR,25.62,25.48,25.59,1309200.0,,507.0,5000.0,1568200.0,9513.0,10687.0,16487.0,1000.0,6000.0,,6000.0,0,0,0,0,0,0,0,0,0,0,0,0,0,0,0,0,0,0,0,0,0,0,0,0,0,0,89,2026-02-05 16:54:47.893709
SPNG,24.98,24.98,25.13,6000.0,2120500.0,400.0,6000.0,1312800.0,1317.0,200.0,,,,,,0,0,0,0,0,0,0,0,0,0,0,0,0,0,0,0,0,0,0,0,0,0,0,0,0,0,90,2026-02-05 16:54:48.940672
SMMR,25.91,25.72,25.85,,1686800.0,520.0,,1902000.0,,620.0,486.0,602.0,559.0,,,0,0,0,0,0,0,0,0,0,0,0,0,0,0,0,0,0,0,0,0,0,0,0,0,0,0,90,2026-02-05 16:54:48.940672
ATMN,25.39,25.29,25.36,,1105100.0,,6750.0,1823500.0,5000.0,,1682.0,5000.0,10299.0,13500.0,6000.0,0,0,0,0,0,0,0,0,0,0,0,0,0,0,0,0,0,0,0,0,0,0,0,0,0,0,90,2026-02-05 16:54:48.940672
WNTR,25.48,25.49,25.59,6000.0,1429300.0,507.0,,1686200.0,,9513.0,1000.0,5687.0,16487.0,,6000.0,0,0,0,0,0,0,0,0,0,0,0,0,0,0,0,0,0,0,0,0,0,0,0,0,0,0,90,2026-02-05 16:54:48.940672
SPNG,24.98,25.01,25.11,361.0,2135000.0,780.0,100.0,1317.0,12000.0,1196100.0,,,,,,0,0,0,0,0,0,0,0,0,0,0,0,0,0,0,0,0,0,0,0,0,0,0,0,0,0,91,2026-02-05 16:54:50.003720
SMMR,25.84,25.84,25.85,454.0,1943300.0,1006.0,869.0,44.0,,1671500.0,10000.0,6000.0,,,,0,0,0,0,0,0,0,0,0,0,0,0,0,0,0,0,0,0,0,0,0,0,0,0,0,0,91,2026-02-05 16:54:50.003720
ATMN,25.44,25.44,25.64,2428.0,1117100.0,,,,,2362000.0,9621.0,,5000.0,15750.0,,0,0,0,0,0,0,0,0,0,0,0,0,0,0,0,0,0,0,0,0,0,0,0,0,0,0,91,2026-02-05 16:54:50.003720
WNTR,25.45,25.42,25.45,507.0,1620100.0,1000.0,,,,1817300.0,7832.0,,187.0,,6000.0,0,0,0,0,0,0,0,0,0,0,0,0,0,0,0,0,0,0,0,0,0,0,0,0,0,0,91,2026-02-05 16:54:50.003720
SPNG,24.73,25.01,25.1,400.0,2133200.0,6509.0,400.0,6000.0,1487800.0,,,,,0,0,0,0,0,0,0,0,0,0,0,0,0,0,0,0,0,0,0,0,0,0,0,0,0,0,0,0,92,2026-02-05 16:54:51.052559
SMMR,25.54,25.55,25.83,425.0,2183700.0,44.0,1460.0,,1490200.0,2608.0,,,,0,0,0,0,0,0,0,0,0,0,0,0,0,0,0,0,0,0,0,0,0,0,0,0,0,0,0,0,92,2026-02-05 16:54:51.052559
ATMN,25.45,25.46,25.62,2127.0,470200.0,5000.0,336.0,,2016200.0,722.0,19875.0,20250.0,2816.0,0,0,0,0,0,0,0,0,0,0,0,0,0,0,0,0,0,0,0,0,0,0,0,0,0,0,0,0,92,2026-02-05 16:54:51.052559
WNTR,25.44,25.43,25.44,507.0,1520100.0,,1000.0,,1758700.0,9513.0,9365.0,,187.0,0,0,0,0,0,0,0,0,0,0,0,0,0,0,0,0,0,0,0,0,0,0,0,0,0,0,0,0,92,2026-02-05 16:54:51.052559
SPNG,24.76,24.74,24.76,6000.0,1927200.0,5860.0,1486900.0,6000.0,361.0,12000.0,,,,,,0,0,0,0,0,0,0,0,0,0,0,0,0,0,0,0,0,0,0,0,0,0,0,0,0,0,93,2026-02-05 16:54:52.117463
SMMR,25.53,25.73,25.74,,1944600.0,5860.0,1928800.0,,520.0,,500.0,520.0,5860.0,,,0,0,0,0,0,0,0,0,0,0,0,0,0,0,0,0,0,0,0,0,0,0,0,0,0,0,93,2026-02-05 16:54:52.117463
ATMN,25.19,25.23,25.57,2250.0,2058600.0,,2034700.0,,459.0,,,,9376.0,5000.0,,0,0,0,0,0,0,0,0,0,0,0,0,0,0,0,0,0,0,0,0,0,0,0,0,0,0,93,2026-02-05 16:54:52.117463
WNTR,25.45,25.45,25.48,,1637500.0,9376.0,1910200.0,,1000.0,,,507.0,,,187.0,0,0,0,0,0,0,0,0,0,0,0,0,0,0,0,0,0,0,0,0,0,0,0,0,0,0,93,2026-02-05 16:54:52.117463
SPNG,24.97,24.79,24.83,14030.0,12000.0,1464200.0,343.0,1123.0,588.0,15000.0,1375200.0,,,,,0,0,0,0,0,0,0,0,0,0,0,0,0,0,0,0,0,0,0,0,0,0,0,0,0,0,94,2026-02-05 16:54:53.204601
SMMR,25.88,25.78,25.87,12118.0,,1941900.0,520.0,520.0,2353.0,,1805500.0,6000.0,,,,0,0,0,0,0,0,0,0,0,0,0,0,0,0,0,0,0,0,0,0,0,0,0,0,0,0,94,2026-02-05 16:54:53.204601
ATMN,24.98,25.39,25.41,100.0,,1841100.0,406.0,918.0,17651.0,2250.0,1851500.0,,6000.0,5000.0,,0,0,0,0,0,0,0,0,0,0,0,0,0,0,0,0,0,0,0,0,0,0,0,0,0,0,94,2026-02-05 16:54:53.204601
WNTR,25.56,25.46,25.56,14866.0,,1509200.0,507.0,,,,1902700.0,6000.0,,,187.0,0,0,0,0,0,0,0,0,0,0,0,0,0,0,0,0,0,0,0,0,0,0,0,0,0,0,94,2026-02-05 16:54:53.204601
SPNG,25.01,25.01,25.09,1352100.0,14030.0,15000.0,368.0,1070500.0,5022.0,18000.0,,,,,0,0,0,0,0,0,0,0,0,0,0,0,0,0,0,0,0,0,0,0,0,0,0,0,0,0,0,95,2026-02-05 16:54:53.823834
SMMR,25.81,25.79,25.81,1811400.0,12118.0,,520.0,1814100.0,,,500.0,520.0,6000.0,2353.0,0,0,0,0,0,0,0,0,0,0,0,0,0,0,0,0,0,0,0,0,0,0,0,0,0,0,0,95,2026-02-05 16:54:53.823834
ATMN,25.41,24.98,25.41,1841100.0,100.0,,,1326900.0,4697.0,4500.0,,1350.0,6000.0,17651.0,0,0,0,0,0,0,0,0,0,0,0,0,0,0,0,0,0,0,0,0,0,0,0,0,0,0,0,95,2026-02-05 16:54:53.823834
WNTR,25.58,25.58,25.59,1845400.0,14866.0,,580.0,1914300.0,,,,,6000.0,,0,0,0,0,0,0,0,0,0,0,0,0,0,0,0,0,0,0,0,0,0,0,0,0,0,0,0,95,2026-02-05 16:54:53.823834
SPNG,24.77,24.77,25.08,1800900.0,9000.0,5860.0,5022.0,21000.0,862400.0,400.0,,,,,,0,0,0,0,0,0,0,0,0,0,0,0,0,0,0,0,0,0,0,0,0,0,0,0,0,0,96,2026-02-05 16:54:54.873191
SMMR,25.73,25.7,25.73,2078500.0,,5860.0,,,1817200.0,520.0,500.0,6000.0,2353.0,,,0,0,0,0,0,0,0,0,0,0,0,0,0,0,0,0,0,0,0,0,0,0,0,0,0,0,96,2026-02-05 16:54:54.873191
ATMN,25.41,25.0,25.26,1467800.0,,200.0,5000.0,6750.0,1453600.0,1731.0,,6000.0,17651.0,5803.0,359.0,0,0,0,0,0,0,0,0,0,0,0,0,0,0,0,0,0,0,0,0,0,0,0,0,0,0,96,2026-02-05 16:54:54.873191
WNTR,25.43,25.55,25.58,1497400.0,,,5000.0,,1608500.0,537.0,5866.0,6000.0,694.0,8470.0,580.0,0,0,0,0,0,0,0,0,0,0,0,0,0,0,0,0,0,0,0,0,0,0,0,0,0,0,96,2026-02-05 16:54:54.873191
SPNG,24.98,24.98,25.06,6000.0,380.0,5000.0,15000.0,1351600.0,1993.0,10522.0,27000.0,667900.0,,,0,0,0,0,0,0,0,0,0,0,0,0,0,0,0,0,0,0,0,0,0,0,0,0,0,0,0,97,2026-02-05 16:54:55.918939
SMMR,25.78,25.78,25.81,,452.0,5000.0,,2073300.0,,,,2137300.0,,,0,0,0,0,0,0,0,0,0,0,0,0,0,0,0,0,0,0,0,0,0,0,0,0,0,0,0,97,2026-02-05 16:54:55.918939
ATMN,25.64,25.64,25.65,,459.0,11303.0,,1725600.0,,,,2391600.0,,,0,0,0,0,0,0,0,0,0,0,0,0,0,0,0,0,0,0,0,0,0,0,0,0,0,0,0,97,2026-02-05 16:54:55.918939
WNTR,25.63,25.56,25.6,134.0,580.0,7446.0,,1726800.0,,,,1802200.0,6000.0,537.0,0,0,0,0,0,0,0,0,0,0,0,0,0,0,0,0,0,0,0,0,0,0,0,0,0,0,0,97,2026-02-05 16:54:55.918939
SPNG,25.18,25.0,25.07,553.0,8156.0,5600.0,400.0,21000.0,802100.0,380.0,1928300.0,3000.0,,,,0,0,0,0,0,0,0,0,0,0,0,0,0,0,0,0,0,0,0,0,0,0,0,0,0,0,98,2026-02-05 16:54:56.954115
SMMR,25.83,25.8,25.83,5000.0,10000.0,500.0,1040.0,,1821900.0,452.0,1823400.0,,1891.0,6000.0,,0,0,0,0,0,0,0,0,0,0,0,0,0,0,0,0,0,0,0,0,0,0,0,0,0,0,98,2026-02-05 16:54:56.954115
ATMN,25.4,25.02,25.4,11303.0,,,,,1903800.0,,2284900.0,,,6000.0,,0,0,0,0,0,0,0,0,0,0,0,0,0,0,0,0,0,0,0,0,0,0,0,0,0,0,98,2026-02-05 16:54:56.954115
WNTR,25.41,25.44,25.59,5000.0,,,,,2042700.0,499.0,1587200.0,,7306.0,4869.0,5000.0,0,0,0,0,0,0,0,0,0,0,0,0,0,0,0,0,0,0,0,0,0,0,0,0,0,0,98,2026-02-05 16:54:56.954115
SPNG,24.76,24.75,24.76,12000.0,1668300.0,380.0,2105500.0,,,,,,,0,0,0,0,0,0,0,0,0,0,0,0,0,0,0,0,0,0,0,0,0,0,0,0,0,0,0,0,99,2026-02-05 16:54:57.999170
SMMR,25.67,25.67,25.83,,2306800.0,,1886700.0,6000.0,452.0,1727.0,,,,0,0,0,0,0,0,0,0,0,0,0,0,0,0,0,0,0,0,0,0,0,0,0,0,0,0,0,0,99,2026-02-05 16:54:57.999170
ATMN,25.4,25.13,25.4,4500.0,1592400.0,333.0,2295300.0,6000.0,,,11803.0,,,0,0,0,0,0,0,0,0,0,0,0,0,0,0,0,0,0,0,0,0,0,0,0,0,0,0,0,0,99,2026-02-05 16:54:57.999170
WNTR,25.54,25.54,25.6,,1707200.0,499.0,1800000.0,6000.0,,,5000.0,1166.0,1631.0,0,0,0,0,0,0,0,0,0,0,0,0,0,0,0,0,0,0,0,0,0,0,0,0,0,0,0,0,99,2026-02-05 16:54:57.999170
SPNG,24.97,24.87,24.97,1462200.0,5000.0,15000.0,761.0,6000.0,5113.0,1591400.0,,,,,0,0,0,0,0,0,0,0,0,0,0,0,0,0,0,0,0,0,0,0,0,0,0,0,0,0,0,100,2026-02-05 16:54:59.042009
SMMR,25.67,25.79,25.8,2022900.0,,,520.0,6000.0,,1802500.0,8427.0,520.0,5491.0,,0,0,0,0,0,0,0,0,0,0,0,0,0,0,0,0,0,0,0,0,0,0,0,0,0,0,0,100,2026-02-05 16:54:59.042009
ATMN,25.41,25.39,25.41,1222300.0,11803.0,9000.0,,500.0,,2186400.0,100.0,432.0,,6000.0,0,0,0,0,0,0,0,0,0,0,0,0,0,0,0,0,0,0,0,0,0,0,0,0,0,0,0,100,2026-02-05 16:54:59.042009
WNTR,25.59,25.49,25.53,1723200.0,,,537.0,6000.0,,1787100.0,8354.0,580.0,,1631.0,0,0,0,0,0,0,0,0,0,0,0,0,0,0,0,0,0,0,0,0,0,0,0,0,0,0,0,100,2026-02-05 16:54:59.042009
SPNG,25.07,24.96,25.07,6000.0,18000.0,1247300.0,1122.0,1702.0,2110300.0,,,,,0,0,0,0,0,0,0,0,0,0,0,0,0,0,0,0,0,0,0,0,0,0,0,0,0,0,0,0,101,2026-02-05 16:55:00.095824
SMMR,25.76,25.76,25.83,,,2153400.0,520.0,,1670400.0,6669.0,6000.0,520.0,,0,0,0,0,0,0,0,0,0,0,0,0,0,0,0,0,0,0,0,0,0,0,0,0,0,0,0,0,101,2026-02-05 16:55:00.095824
ATMN,25.28,25.27,25.28,,13500.0,645600.0,432.0,17600.0,2002600.0,560.0,6000.0,459.0,14441.0,0,0,0,0,0,0,0,0,0,0,0,0,0,0,0,0,0,0,0,0,0,0,0,0,0,0,0,0,101,2026-02-05 16:55:00.095824
WNTR,25.49,25.49,25.57,6000.0,,1460000.0,,7031.0,1906200.0,7031.0,,,5105.0,0,0,0,0,0,0,0,0,0,0,0,0,0,0,0,0,0,0,0,0,0,0,0,0,0,0,0,0,101,2026-02-05 16:55:00.095824
SPNG,25.23,25.03,25.23,1452300.0,400.0,18000.0,2114400.0,,,,,,0,0,0,0,0,0,0,0,0,0,0,0,0,0,0,0,0,0,0,0,0,0,0,0,0,0,0,0,0,102,2026-02-05 16:55:01.145840
SMMR,25.82,25.82,25.83,2023400.0,520.0,,2102300.0,136.0,520.0,,,,0,0,0,0,0,0,0,0,0,0,0,0,0,0,0,0,0,0,0,0,0,0,0,0,0,0,0,0,0,102,2026-02-05 16:55:01.145840
ATMN,25.28,25.27,25.28,645600.0,432.0,18000.0,2349900.0,5931.0,459.0,14441.0,,,0,0,0,0,0,0,0,0,0,0,0,0,0,0,0,0,0,0,0,0,0,0,0,0,0,0,0,0,0,102,2026-02-05 16:55:01.145840
WNTR,25.44,25.51,25.53,1795200.0,619.0,,1693400.0,367.0,535.0,5000.0,5931.0,5000.0,0,0,0,0,0,0,0,0,0,0,0,0,0,0,0,0,0,0,0,0,0,0,0,0,0,0,0,0,0,102,2026-02-05 16:55:01.145840
SPNG,25.27,25.06,25.26,780.0,5000.0,4781.0,24000.0,877000.0,6000.0,361.0,5000.0,1869700.0,,,0,0,0,0,0,0,0,0,0,0,0,0,0,0,0,0,0,0,0,0,0,0,0,0,0,0,0,103,2026-02-05 16:55:02.217498
SMMR,25.82,25.84,25.85,520.0,,2874.0,,1773700.0,6000.0,486.0,,2002100.0,7651.0,,0,0,0,0,0,0,0,0,0,0,0,0,0,0,0,0,0,0,0,0,0,0,0,0,0,0,0,103,2026-02-05 16:55:02.217498
ATMN,25.41,25.15,25.31,407.0,13052.0,6268.0,6750.0,1333700.0,,891.0,,2178100.0,,6000.0,0,0,0,0,0,0,0,0,0,0,0,0,0,0,0,0,0,0,0,0,0,0,0,0,0,0,0,103,2026-02-05 16:55:02.217498
WNTR,25.44,25.46,25.49,,,542.0,,2020800.0,,535.0,5467.0,1313500.0,15931.0,4869.0,0,0,0,0,0,0,0,0,0,0,0,0,0,0,0,0,0,0,0,0,0,0,0,0,0,0,0,103,2026-02-05 16:55:02.217498
SPNG,25.27,25.11,25.27,11714.0,550.0,780.0,24000.0,544600.0,6000.0,1964100.0,1055.0,,,,0,0,0,0,0,0,0,0,0,0,0,0,0,0,0,0,0,0,0,0,0,0,0,0,0,0,0,104,2026-02-05 16:55:02.805513
SMMR,25.84,25.84,25.85,2874.0,,520.0,,1773700.0,6000.0,2002100.0,7651.0,486.0,,,0,0,0,0,0,0,0,0,0,0,0,0,0,0,0,0,0,0,0,0,0,0,0,0,0,0,0,104,2026-02-05 16:55:02.805513
ATMN,25.41,25.19,25.3,6268.0,4942.0,434.0,9000.0,1227100.0,,2186400.0,,432.0,6000.0,,0,0,0,0,0,0,0,0,0,0,0,0,0,0,0,0,0,0,0,0,0,0,0,0,0,0,0,104,2026-02-05 16:55:02.805513
WNTR,25.44,25.45,25.49,542.0,,580.0,,1822700.0,1631.0,1212100.0,15931.0,580.0,6000.0,5467.0,0,0,0,0,0,0,0,0,0,0,0,0,0,0,0,0,0,0,0,0,0,0,0,0,0,0,0,104,2026-02-05 16:55:02.805513
SPNG,25.03,25.04,25.18,15000.0,400.0,1565900.0,400.0,1541100.0,55.0,1055.0,,,,,,0,0,0,0,0,0,0,0,0,0,0,0,0,0,0,0,0,0,0,0,0,0,0,0,0,0,105,2026-02-05 16:55:03.872033
SMMR,25.84,25.84,25.85,,520.0,1898500.0,486.0,2011000.0,,7651.0,2874.0,,,,,0,0,0,0,0,0,0,0,0,0,0,0,0,0,0,0,0,0,0,0,0,0,0,0,0,0,105,2026-02-05 16:55:03.872033
ATMN,25.31,25.39,25.41,13500.0,459.0,1102300.0,,2198600.0,,,6268.0,6000.0,5000.0,6000.0,2250.0,0,0,0,0,0,0,0,0,0,0,0,0,0,0,0,0,0,0,0,0,0,0,0,0,0,0,105,2026-02-05 16:55:03.872033
WNTR,25.55,25.55,25.59,,535.0,1886300.0,,1991900.0,,,542.0,,,,,0,0,0,0,0,0,0,0,0,0,0,0,0,0,0,0,0,0,0,0,0,0,0,0,0,0,105,2026-02-05 16:55:03.872033
SPNG,25.19,25.07,25.08,5000.0,400.0,21000.0,1243000.0,1759700.0,5000.0,380.0,3000.0,,0,0,0,0,0,0,0,0,0,0,0,0,0,0,0,0,0,0,0,0,0,0,0,0,0,0,0,0,0,106,2026-02-05 16:55:04.922676
SMMR,25.73,25.73,25.86,,,,2138600.0,2115000.0,,520.0,,6000.0,0,0,0,0,0,0,0,0,0,0,0,0,0,0,0,0,0,0,0,0,0,0,0,0,0,0,0,0,0,106,2026-02-05 16:55:04.922676
ATMN,25.59,25.44,25.5,,891.0,13500.0,1350300.0,2294500.0,,407.0,,2519.0,0,0,0,0,0,0,0,0,0,0,0,0,0,0,0,0,0,0,0,0,0,0,0,0,0,0,0,0,0,106,2026-02-05 16:55:04.922676
WNTR,25.54,25.41,25.47,545.0,,,1813100.0,1889600.0,,1070.0,,,0,0,0,0,0,0,0,0,0,0,0,0,0,0,0,0,0,0,0,0,0,0,0,0,0,0,0,0,0,106,2026-02-05 16:55:04.922676
SPNG,24.95,24.91,24.94,5000.0,1775100.0,400.0,6000.0,5000.0,1568500.0,400.0,6000.0,6000.0,,0,0,0,0,0,0,0,0,0,0,0,0,0,0,0,0,0,0,0,0,0,0,0,0,0,0,0,0,107,2026-02-05 16:55:05.965976
SMMR,25.73,25.67,25.73,,2256300.0,,,,2119200.0,520.0,,,,0,0,0,0,0,0,0,0,0,0,0,0,0,0,0,0,0,0,0,0,0,0,0,0,0,0,0,0,107,2026-02-05 16:55:05.965976
ATMN,25.46,25.46,25.53,10918.0,693300.0,1298.0,18000.0,,2289000.0,384.0,,,6000.0,0,0,0,0,0,0,0,0,0,0,0,0,0,0,0,0,0,0,0,0,0,0,0,0,0,0,0,0,107,2026-02-05 16:55:05.965976
WNTR,25.4,25.43,25.47,,1942900.0,426.0,,4955.0,1529000.0,2113.0,6000.0,,459.0,0,0,0,0,0,0,0,0,0,0,0,0,0,0,0,0,0,0,0,0,0,0,0,0,0,0,0,0,107,2026-02-05 16:55:05.965976
SPNG,25.01,24.93,24.94,1807300.0,3.0,400.0,6000.0,380.0,6000.0,1687000.0,,,,0,0,0,0,0,0,0,0,0,0,0,0,0,0,0,0,0,0,0,0,0,0,0,0,0,0,0,0,108,2026-02-05 16:55:07.014492
SMMR,25.86,25.79,25.84,1913100.0,5000.0,520.0,,486.0,,1983500.0,500.0,5000.0,,0,0,0,0,0,0,0,0,0,0,0,0,0,0,0,0,0,0,0,0,0,0,0,0,0,0,0,0,108,2026-02-05 16:55:07.014492
ATMN,25.65,25.46,25.55,1097100.0,10868.0,2044.0,,341.0,,2284800.0,,,13500.0,0,0,0,0,0,0,0,0,0,0,0,0,0,0,0,0,0,0,0,0,0,0,0,0,0,0,0,0,108,2026-02-05 16:55:07.014492
WNTR,25.45,25.45,25.47,2055900.0,,426.0,,2113.0,,1634800.0,,4955.0,,0,0,0,0,0,0,0,0,0,0,0,0,0,0,0,0,0,0,0,0,0,0,0,0,0,0,0,0,108,2026-02-05 16:55:07.014492
SPNG,25.02,25.0,25.01,1160.0,3.0,3000.0,1687700.0,6000.0,1864000.0,3000.0,,,,0,0,0,0,0,0,0,0,0,0,0,0,0,0,0,0,0,0,0,0,0,0,0,0,0,0,0,0,109,2026-02-05 16:55:08.062315
SMMR,25.86,25.79,25.84,1006.0,10500.0,,1599600.0,,1959100.0,,500.0,454.0,5000.0,0,0,0,0,0,0,0,0,0,0,0,0,0,0,0,0,0,0,0,0,0,0,0,0,0,0,0,0,109,2026-02-05 16:55:08.062315
ATMN,25.46,25.47,25.54,2044.0,8693.0,15750.0,1048600.0,,2157700.0,,,341.0,5000.0,0,0,0,0,0,0,0,0,0,0,0,0,0,0,0,0,0,0,0,0,0,0,0,0,0,0,0,0,109,2026-02-05 16:55:08.062315
WNTR,25.38,25.41,25.45,395.0,5000.0,,1928700.0,,1617000.0,,,,9955.0,0,0,0,0,0,0,0,0,0,0,0,0,0,0,0,0,0,0,0,0,0,0,0,0,0,0,0,0,109,2026-02-05 16:55:08.062315
SPNG,25.1,25.1,25.17,9000.0,5000.0,1631.0,6000.0,1593900.0,5000.0,9000.0,1584500.0,127.0,,0,0,0,0,0,0,0,0,0,0,0,0,0,0,0,0,0,0,0,0,0,0,0,0,0,0,0,0,110,2026-02-05 16:55:09.111065
SMMR,25.67,25.78,25.85,,5000.0,1492.0,,2008800.0,,,2048200.0,169.0,,0,0,0,0,0,0,0,0,0,0,0,0,0,0,0,0,0,0,0,0,0,0,0,0,0,0,0,0,110,2026-02-05 16:55:09.111065
ATMN,25.45,25.44,25.45,6750.0,1161.0,136.0,6000.0,1562200.0,5000.0,,2153700.0,2044.0,,0,0,0,0,0,0,0,0,0,0,0,0,0,0,0,0,0,0,0,0,0,0,0,0,0,0,0,0,110,2026-02-05 16:55:09.111065
WNTR,25.43,25.4,25.41,,5000.0,,,2018400.0,9955.0,,1539500.0,,6000.0,0,0,0,0,0,0,0,0,0,0,0,0,0,0,0,0,0,0,0,0,0,0,0,0,0,0,0,0,110,2026-02-05 16:55:09.111065
SPNG,24.91,24.91,25.14,2253200.0,5000.0,18000.0,1394100.0,,,,,,0,0,0,0,0,0,0,0,0,0,0,0,0,0,0,0,0,0,0,0,0,0,0,0,0,0,0,0,0,111,2026-02-05 16:55:10.163687
SMMR,25.88,25.76,25.84,2105600.0,5550.0,,1633600.0,6000.0,6000.0,,,,0,0,0,0,0,0,0,0,0,0,0,0,0,0,0,0,0,0,0,0,0,0,0,0,0,0,0,0,0,111,2026-02-05 16:55:10.163687
ATMN,25.45,25.44,25.45,1631000.0,5000.0,,2153700.0,6000.0,,1161.0,6750.0,2044.0,0,0,0,0,0,0,0,0,0,0,0,0,0,0,0,0,0,0,0,0,0,0,0,0,0,0,0,0,0,111,2026-02-05 16:55:10.163687
WNTR,25.45,25.35,25.45,2134400.0,,,1934400.0,,6000.0,,,,0,0,0,0,0,0,0,0,0,0,0,0,0,0,0,0,0,0,0,0,0,0,0,0,0,0,0,0,0,111,2026-02-05 16:55:10.163687
SPNG,25.33,25.0,25.33,5000.0,2134400.0,2072600.0,,,,,,0,0,0,0,0,0,0,0,0,0,0,0,0,0,0,0,0,0,0,0,0,0,0,0,0,0,0,0,0,0,112,2026-02-05 16:55:11.268460
SMMR,25.6,25.66,25.83,5605.0,1750100.0,1917300.0,5000.0,6000.0,,,,0,0,0,0,0,0,0,0,0,0,0,0,0,0,0,0,0,0,0,0,0,0,0,0,0,0,0,0,0,0,112,2026-02-05 16:55:11.268460
ATMN,25.43,25.44,25.45,,1621300.0,2153700.0,5000.0,,9000.0,6000.0,2044.0,0,0,0,0,0,0,0,0,0,0,0,0,0,0,0,0,0,0,0,0,0,0,0,0,0,0,0,0,0,0,112,2026-02-05 16:55:11.268460
WNTR,25.48,25.36,25.48,8138.0,1734500.0,2009900.0,,,,,,0,0,0,0,0,0,0,0,0,0,0,0,0,0,0,0,0,0,0,0,0,0,0,0,0,0,0,0,0,0,112,2026-02-05 16:55:11.268460
SPNG,25.06,25.01,25.32,13860.0,6000.0,1583400.0,2068400.0,,0,0,0,0,0,0,0,0,0,0,0,0,0,0,0,0,0,0,0,0,0,0,0,0,0,0,0,0,0,0,0,0,0,113,2026-02-05 16:55:11.841192
SMMR,25.84,25.85,25.88,5605.0,,1664100.0,2145400.0,500.0,0,0,0,0,0,0,0,0,0,0,0,0,0,0,0,0,0,0,0,0,0,0,0,0,0,0,0,0,0,0,0,0,0,113,2026-02-05 16:55:11.841192
ATMN,25.56,25.44,25.56,,9000.0,1595800.0,2374100.0,6000.0,0,0,0,0,0,0,0,0,0,0,0,0,0,0,0,0,0,0,0,0,0,0,0,0,0,0,0,0,0,0,0,0,0,113,2026-02-05 16:55:11.841192
WNTR,25.52,25.37,25.52,13638.0,,1734500.0,1986300.0,,0,0,0,0,0,0,0,0,0,0,0,0,0,0,0,0,0,0,0,0,0,0,0,0,0,0,0,0,0,0,0,0,0,113,2026-02-05 16:55:11.841192
SPNG,25.06,24.92,25.23,6000.0,2014900.0,1806800.0,9771.0,,,,0,0,0,0,0,0,0,0,0,0,0,0,0,0,0,0,0,0,0,0,0,0,0,0,0,0,0,0,0,0,0,114,2026-02-05 16:55:12.950106
SMMR,25.85,25.85,25.88,,1758100.0,2134300.0,,5605.0,,,0,0,0,0,0,0,0,0,0,0,0,0,0,0,0,0,0,0,0,0,0,0,0,0,0,0,0,0,0,0,0,114,2026-02-05 16:55:12.950106
ATMN,25.44,25.44,25.55,9000.0,1585400.0,2057100.0,5000.0,,6000.0,4500.0,0,0,0,0,0,0,0,0,0,0,0,0,0,0,0,0,0,0,0,0,0,0,0,0,0,0,0,0,0,0,0,114,2026-02-05 16:55:12.950106
WNTR,25.47,25.42,25.52,,1843600.0,1986300.0,,6911.0,,,0,0,0,0,0,0,0,0,0,0,0,0,0,0,0,0,0,0,0,0,0,0,0,0,0,0,0,0,0,0,0,114,2026-02-05 16:55:12.950106
SPNG,25.21,25.21,25.23,1933400.0,9000.0,1781000.0,7816.0,,,,,0,0,0,0,0,0,0,0,0,0,0,0,0,0,0,0,0,0,0,0,0,0,0,0,0,0,0,0,0,0,115,2026-02-05 16:55:14.001707
SMMR,25.85,25.85,25.88,1655600.0,,2138600.0,,6000.0,5605.0,,,0,0,0,0,0,0,0,0,0,0,0,0,0,0,0,0,0,0,0,0,0,0,0,0,0,0,0,0,0,0,115,2026-02-05 16:55:14.001707
ATMN,25.22,25.24,25.45,1857500.0,6750.0,1848100.0,4917.0,,,6000.0,2250.0,0,0,0,0,0,0,0,0,0,0,0,0,0,0,0,0,0,0,0,0,0,0,0,0,0,0,0,0,0,0,115,2026-02-05 16:55:14.001707
WNTR,25.59,25.43,25.47,1728700.0,,1890000.0,,6000.0,5528.0,5244.0,,0,0,0,0,0,0,0,0,0,0,0,0,0,0,0,0,0,0,0,0,0,0,0,0,0,0,0,0,0,0,115,2026-02-05 16:55:14.001707
SPNG,24.87,24.74,24.81,2251500.0,1799400.0,7816.0,,,,0,0,0,0,0,0,0,0,0,0,0,0,0,0,0,0,0,0,0,0,0,0,0,0,0,0,0,0,0,0,0,0,116,2026-02-05 16:55:15.050443
SMMR,25.85,25.86,25.88,1786400.0,2156000.0,,5605.0,,,0,0,0,0,0,0,0,0,0,0,0,0,0,0,0,0,0,0,0,0,0,0,0,0,0,0,0,0,0,0,0,0,116,2026-02-05 16:55:15.050443
ATMN,25.73,25.68,25.73,1101100.0,2397300.0,,16949.0,500.0,11250.0,0,0,0,0,0,0,0,0,0,0,0,0,0,0,0,0,0,0,0,0,0,0,0,0,0,0,0,0,0,0,0,0,116,2026-02-05 16:55:15.050443
WNTR,25.46,25.52,25.59,2153800.0,1983100.0,,,,,0,0,0,0,0,0,0,0,0,0,0,0,0,0,0,0,0,0,0,0,0,0,0,0,0,0,0,0,0,0,0,0,116,2026-02-05 16:55:15.050443
SPNG,24.82,24.82,24.83,3000.0,1999800.0,5000.0,4548.0,3000.0,1806800.0,0,0,0,0,0,0,0,0,0,0,0,0,0,0,0,0,0,0,0,0,0,0,0,0,0,0,0,0,0,0,0,0,117,2026-02-05 16:55:16.111572
SMMR,25.85,25.85,25.88,,1804500.0,5605.0,,,2168700.0,0,0,0,0,0,0,0,0,0,0,0,0,0,0,0,0,0,0,0,0,0,0,0,0,0,0,0,0,0,0,0,0,117,2026-02-05 16:55:16.111572
ATMN,25.24,25.24,25.59,13500.0,1498600.0,,7268.0,4500.0,1878600.0,0,0,0,0,0,0,0,0,0,0,0,0,0,0,0,0,0,0,0,0,0,0,0,0,0,0,0,0,0,0,0,0,117,2026-02-05 16:55:16.111572
WNTR,25.34,25.41,25.55,,2140400.0,,8308.0,,1629400.0,0,0,0,0,0,0,0,0,0,0,0,0,0,0,0,0,0,0,0,0,0,0,0,0,0,0,0,0,0,0,0,0,117,2026-02-05 16:55:16.111572
SPNG,24.81,24.81,25.12,2100400.0,5000.0,2085800.0,,0,0,0,0,0,0,0,0,0,0,0,0,0,0,0,0,0,0,0,0,0,0,0,0,0,0,0,0,0,0,0,0,0,0,118,2026-02-05 16:55:17.157050
SMMR,25.82,25.82,25.88,1800700.0,5605.0,2183500.0,,0,0,0,0,0,0,0,0,0,0,0,0,0,0,0,0,0,0,0,0,0,0,0,0,0,0,0,0,0,0,0,0,0,0,118,2026-02-05 16:55:17.157050
ATMN,25.62,25.22,25.62,2174300.0,,2387300.0,,0,0,0,0,0,0,0,0,0,0,0,0,0,0,0,0,0,0,0,0,0,0,0,0,0,0,0,0,0,0,0,0,0,0,118,2026-02-05 16:55:17.157050
WNTR,25.55,25.41,25.55,2140400.0,,1750500.0,3308.0,0,0,0,0,0,0,0,0,0,0,0,0,0,0,0,0,0,0,0,0,0,0,0,0,0,0,0,0,0,0,0,0,0,0,118,2026-02-05 16:55:17.157050
SPNG,25.12,25.09,25.12,2120400.0,5000.0,2086600.0,,0,0,0,0,0,0,0,0,0,0,0,0,0,0,0,0,0,0,0,0,0,0,0,0,0,0,0,0,0,0,0,0,0,0,119,2026-02-05 16:55:18.213267
SMMR,25.81,25.81,25.88,1757500.0,5605.0,2183500.0,,0,0,0,0,0,0,0,0,0,0,0,0,0,0,0,0,0,0,0,0,0,0,0,0,0,0,0,0,0,0,0,0,0,0,119,2026-02-05 16:55:18.213267
ATMN,25.22,25.22,25.62,2174300.0,,2379800.0,,0,0,0,0,0,0,0,0,0,0,0,0,0,0,0,0,0,0,0,0,0,0,0,0,0,0,0,0,0,0,0,0,0,0,119,2026-02-05 16:55:18.213267
WNTR,25.52,25.41,25.52,2137900.0,,1752300.0,3308.0,0,0,0,0,0,0,0,0,0,0,0,0,0,0,0,0,0,0,0,0,0,0,0,0,0,0,0,0,0,0,0,0,0,0,119,2026-02-05 16:55:18.213267
SPNG,25.09,25.93,27.03,892100.0,400.0,5000.0,732000.0,0,0,0,0,0,0,0,0,0,0,0,0,0,0,0,0,0,0,0,0,0,0,0,0,0,0,0,0,0,0,0,0,0,0,120,2026-02-05 16:55:19.277161
SMMR,25.89,26.54,26.6,841700.0,,5605.0,799100.0,0,0,0,0,0,0,0,0,0,0,0,0,0,0,0,0,0,0,0,0,0,0,0,0,0,0,0,0,0,0,0,0,0,0,120,2026-02-05 16:55:19.277161
ATMN,27.81,26.77,27.12,736600.0,,,777300.0,0,0,0,0,0,0,0,0,0,0,0,0,0,0,0,0,0,0,0,0,0,0,0,0,0,0,0,0,0,0,0,0,0,0,120,2026-02-05 16:55:19.277161
WNTR,26.13,25.82,26.13,811600.0,,,739700.0,0,0,0,0,0,0,0,0,0,0,0,0,0,0,0,0,0,0,0,0,0,0,0,0,0,0,0,0,0,0,0,0,0,0,120,2026-02-05 16:55:19.277161
SPNG,25.93,25.94,26.47,400.0,892100.0,5000.0,919500.0,380.0,0,0,0,0,0,0,0,0,0,0,0,0,0,0,0,0,0,0,0,0,0,0,0,0,0,0,0,0,0,0,0,0,0,121,2026-02-05 16:55:19.979340
SMMR,26.54,26.57,26.59,520.0,841700.0,5605.0,799100.0,486.0,0,0,0,0,0,0,0,0,0,0,0,0,0,0,0,0,0,0,0,0,0,0,0,0,0,0,0,0,0,0,0,0,0,121,2026-02-05 16:55:19.979340
ATMN,26.77,26.78,27.11,459.0,849800.0,,1080300.0,432.0,0,0,0,0,0,0,0,0,0,0,0,0,0,0,0,0,0,0,0,0,0,0,0,0,0,0,0,0,0,0,0,0,0,121,2026-02-05 16:55:19.979340
WNTR,25.96,25.82,25.96,,811600.0,,836500.0,,0,0,0,0,0,0,0,0,0,0,0,0,0,0,0,0,0,0,0,0,0,0,0,0,0,0,0,0,0,0,0,0,0,121,2026-02-05 16:55:19.979340
SPNG,25.44,25.92,26.45,884900.0,5000.0,400.0,1017200.0,1137.0,,,0,0,0,0,0,0,0,0,0,0,0,0,0,0,0,0,0,0,0,0,0,0,0,0,0,0,0,0,0,0,0,122,2026-02-05 16:55:21.039888
SMMR,26.6,26.12,26.44,975600.0,5605.0,520.0,799100.0,,486.0,,0,0,0,0,0,0,0,0,0,0,0,0,0,0,0,0,0,0,0,0,0,0,0,0,0,0,0,0,0,0,0,122,2026-02-05 16:55:21.039888
ATMN,26.77,26.81,27.08,846600.0,,432.0,1303000.0,1137.0,459.0,,0,0,0,0,0,0,0,0,0,0,0,0,0,0,0,0,0,0,0,0,0,0,0,0,0,0,0,0,0,0,0,122,2026-02-05 16:55:21.039888
WNTR,26.13,25.87,25.96,1013200.0,,,826100.0,853.0,,3980.0,0,0,0,0,0,0,0,0,0,0,0,0,0,0,0,0,0,0,0,0,0,0,0,0,0,0,0,0,0,0,0,122,2026-02-05 16:55:21.039888
SPNG,25.35,24.88,24.96,913700.0,5000.0,1323800.0,780.0,,,0,0,0,0,0,0,0,0,0,0,0,0,0,0,0,0,0,0,0,0,0,0,0,0,0,0,0,0,0,0,0,0,123,2026-02-05 16:55:22.093156
SMMR,26.52,26.55,26.6,1312500.0,5605.0,799100.0,,517.0,,0,0,0,0,0,0,0,0,0,0,0,0,0,0,0,0,0,0,0,0,0,0,0,0,0,0,0,0,0,0,0,0,123,2026-02-05 16:55:22.093156
ATMN,26.54,26.83,26.93,882000.0,,1522400.0,432.0,459.0,,0,0,0,0,0,0,0,0,0,0,0,0,0,0,0,0,0,0,0,0,0,0,0,0,0,0,0,0,0,0,0,0,123,2026-02-05 16:55:22.093156
WNTR,25.82,25.83,25.97,913200.0,,809900.0,495.0,,924.0,0,0,0,0,0,0,0,0,0,0,0,0,0,0,0,0,0,0,0,0,0,0,0,0,0,0,0,0,0,0,0,0,123,2026-02-05 16:55:22.093156
SPNG,24.9,24.89,24.9,6000.0,1019500.0,342.0,924.0,1458000.0,5000.0,6000.0,1141.0,1848.0,,0,0,0,0,0,0,0,0,0,0,0,0,0,0,0,0,0,0,0,0,0,0,0,0,0,0,0,0,124,2026-02-05 16:55:23.154733
SMMR,26.46,26.37,26.46,,1201200.0,,1856.0,1007800.0,5000.0,,551.0,466.0,5000.0,0,0,0,0,0,0,0,0,0,0,0,0,0,0,0,0,0,0,0,0,0,0,0,0,0,0,0,0,124,2026-02-05 16:55:23.154733
ATMN,26.8,26.6,26.79,2250.0,1121100.0,432.0,924.0,1611600.0,,2250.0,459.0,1848.0,,0,0,0,0,0,0,0,0,0,0,0,0,0,0,0,0,0,0,0,0,0,0,0,0,0,0,0,0,124,2026-02-05 16:55:23.154733
WNTR,25.48,25.5,25.88,,925600.0,,466.0,915000.0,,,,1856.0,,0,0,0,0,0,0,0,0,0,0,0,0,0,0,0,0,0,0,0,0,0,0,0,0,0,0,0,0,124,2026-02-05 16:55:23.154733
SPNG,24.96,25.16,25.34,1043200.0,3000.0,342.0,3000.0,1451200.0,,,,,,0,0,0,0,0,0,0,0,0,0,0,0,0,0,0,0,0,0,0,0,0,0,0,0,0,0,0,0,125,2026-02-05 16:55:24.220658
SMMR,26.54,26.53,26.54,1201200.0,,520.0,,1004100.0,1298.0,5000.0,520.0,,,0,0,0,0,0,0,0,0,0,0,0,0,0,0,0,0,0,0,0,0,0,0,0,0,0,0,0,0,125,2026-02-05 16:55:24.220658
ATMN,26.89,26.89,26.94,1210600.0,9000.0,459.0,,1627800.0,,10500.0,,,,0,0,0,0,0,0,0,0,0,0,0,0,0,0,0,0,0,0,0,0,0,0,0,0,0,0,0,0,125,2026-02-05 16:55:24.220658
WNTR,25.81,25.81,25.86,1256200.0,,460.0,,915000.0,649.0,,1655.0,5000.0,1298.0,0,0,0,0,0,0,0,0,0,0,0,0,0,0,0,0,0,0,0,0,0,0,0,0,0,0,0,0,125,2026-02-05 16:55:24.220658
SPNG,24.97,24.97,24.98,1036200.0,5000.0,6000.0,380.0,649.0,4000.0,400.0,6000.0,1538300.0,,,0,0,0,0,0,0,0,0,0,0,0,0,0,0,0,0,0,0,0,0,0,0,0,0,0,0,0,126,2026-02-05 16:55:25.279640
SMMR,26.38,26.36,26.38,1337000.0,5000.0,,486.0,2596.0,,520.0,6000.0,1126400.0,1947.0,,0,0,0,0,0,0,0,0,0,0,0,0,0,0,0,0,0,0,0,0,0,0,0,0,0,0,0,126,2026-02-05 16:55:25.279640
ATMN,26.93,26.91,26.93,886300.0,16000.0,11250.0,918.0,3894.0,,,6000.0,1862100.0,649.0,,0,0,0,0,0,0,0,0,0,0,0,0,0,0,0,0,0,0,0,0,0,0,0,0,0,0,0,126,2026-02-05 16:55:25.279640
WNTR,25.81,25.81,25.84,1602000.0,,,460.0,1947.0,10500.0,1655.0,,915000.0,3894.0,6000.0,0,0,0,0,0,0,0,0,0,0,0,0,0,0,0,0,0,0,0,0,0,0,0,0,0,0,0,126,2026-02-05 16:55:25.279640
SPNG,24.99,24.98,24.99,12000.0,1257500.0,400.0,5500.0,1439800.0,6000.0,6000.0,,,,0,0,0,0,0,0,0,0,0,0,0,0,0,0,0,0,0,0,0,0,0,0,0,0,0,0,0,0,127,2026-02-05 16:55:26.337591
SMMR,26.45,26.45,26.46,,1448800.0,486.0,,1187800.0,6000.0,,5500.0,250.0,,0,0,0,0,0,0,0,0,0,0,0,0,0,0,0,0,0,0,0,0,0,0,0,0,0,0,0,0,127,2026-02-05 16:55:26.337591
ATMN,26.86,26.59,26.82,9000.0,1239600.0,,,1958800.0,6000.0,,,,406.0,0,0,0,0,0,0,0,0,0,0,0,0,0,0,0,0,0,0,0,0,0,0,0,0,0,0,0,0,127,2026-02-05 16:55:26.337591
WNTR,25.79,25.83,25.87,,1503700.0,460.0,,1036100.0,,,5550.0,,1655.0,0,0,0,0,0,0,0,0,0,0,0,0,0,0,0,0,0,0,0,0,0,0,0,0,0,0,0,0,127,2026-02-05 16:55:26.337591
SPNG,24.99,24.98,24.99,12000.0,1359700.0,400.0,5500.0,6000.0,1432700.0,6000.0,,,,0,0,0,0,0,0,0,0,0,0,0,0,0,0,0,0,0,0,0,0,0,0,0,0,0,0,0,0,128,2026-02-05 16:55:26.878143
SMMR,26.49,26.51,26.54,,1549400.0,520.0,,,1004100.0,,5500.0,250.0,,0,0,0,0,0,0,0,0,0,0,0,0,0,0,0,0,0,0,0,0,0,0,0,0,0,0,0,0,128,2026-02-05 16:55:26.878143
ATMN,26.65,26.6,26.65,13500.0,1239600.0,,8300.0,6000.0,1454300.0,2250.0,5000.0,,406.0,0,0,0,0,0,0,0,0,0,0,0,0,0,0,0,0,0,0,0,0,0,0,0,0,0,0,0,0,128,2026-02-05 16:55:26.878143
WNTR,25.9,25.9,26.04,,1352200.0,580.0,,,915000.0,,5000.0,,,0,0,0,0,0,0,0,0,0,0,0,0,0,0,0,0,0,0,0,0,0,0,0,0,0,0,0,0,128,2026-02-05 16:55:26.878143
SPNG,25.0,24.98,25.0,1441300.0,3600.0,400.0,9000.0,6000.0,1536900.0,400.0,9000.0,,,0,0,0,0,0,0,0,0,0,0,0,0,0,0,0,0,0,0,0,0,0,0,0,0,0,0,0,0,129,2026-02-05 16:55:27.936575
SMMR,26.56,26.51,26.56,1685700.0,5500.0,1006.0,,,909400.0,,,6000.0,,0,0,0,0,0,0,0,0,0,0,0,0,0,0,0,0,0,0,0,0,0,0,0,0,0,0,0,0,129,2026-02-05 16:55:27.936575
ATMN,26.65,26.6,26.64,1095300.0,5000.0,406.0,18000.0,6000.0,1341600.0,918.0,4500.0,,8300.0,0,0,0,0,0,0,0,0,0,0,0,0,0,0,0,0,0,0,0,0,0,0,0,0,0,0,0,0,129,2026-02-05 16:55:27.936575
WNTR,25.98,25.95,25.98,1463800.0,11903.0,580.0,,,1114500.0,537.0,,6000.0,,0,0,0,0,0,0,0,0,0,0,0,0,0,0,0,0,0,0,0,0,0,0,0,0,0,0,0,0,129,2026-02-05 16:55:27.936575
SPNG,25.0,25.0,25.01,3004.0,12000.0,1069200.0,2250.0,13200.0,400.0,1645900.0,400.0,12000.0,,,,0,0,0,0,0,0,0,0,0,0,0,0,0,0,0,0,0,0,0,0,0,0,0,0,0,0,130,2026-02-05 16:55:28.977338
SMMR,26.57,26.52,26.57,6000.0,,2001700.0,9666.0,,,879100.0,397.0,,5572.0,,,0,0,0,0,0,0,0,0,0,0,0,0,0,0,0,0,0,0,0,0,0,0,0,0,0,0,130,2026-02-05 16:55:28.977338
ATMN,26.58,26.59,26.63,,2250.0,1744800.0,,,406.0,1558700.0,,,8300.0,6999.0,6000.0,0,0,0,0,0,0,0,0,0,0,0,0,0,0,0,0,0,0,0,0,0,0,0,0,0,0,130,2026-02-05 16:55:28.977338
WNTR,25.79,25.52,25.59,,,1151300.0,,,,1147700.0,495.0,,,10000.0,,0,0,0,0,0,0,0,0,0,0,0,0,0,0,0,0,0,0,0,0,0,0,0,0,0,0,130,2026-02-05 16:55:28.977338
SPNG,24.92,24.56,24.59,1372300.0,1366000.0,5000.0,5804.0,4421.0,400.0,12000.0,,,,0,0,0,0,0,0,0,0,0,0,0,0,0,0,0,0,0,0,0,0,0,0,0,0,0,0,0,0,131,2026-02-05 16:55:30.017311
SMMR,26.57,26.54,26.57,1785400.0,879100.0,6072.0,,101.0,,,16739.0,520.0,6000.0,0,0,0,0,0,0,0,0,0,0,0,0,0,0,0,0,0,0,0,0,0,0,0,0,0,0,0,0,131,2026-02-05 16:55:30.017311
ATMN,26.88,26.58,26.88,1901100.0,2093700.0,,,,,,100.0,406.0,,0,0,0,0,0,0,0,0,0,0,0,0,0,0,0,0,0,0,0,0,0,0,0,0,0,0,0,0,131,2026-02-05 16:55:30.017311
WNTR,25.56,25.52,25.54,1592800.0,1147700.0,9344.0,6000.0,21692.0,580.0,,8555.0,537.0,,0,0,0,0,0,0,0,0,0,0,0,0,0,0,0,0,0,0,0,0,0,0,0,0,0,0,0,0,131,2026-02-05 16:55:30.017311
SPNG,25.19,25.19,25.22,1461300.0,1540.0,341.0,15000.0,1611700.0,,,,,,,0,0,0,0,0,0,0,0,0,0,0,0,0,0,0,0,0,0,0,0,0,0,0,0,0,0,0,132,2026-02-05 16:55:31.060261
SMMR,26.57,26.57,26.58,2106300.0,,520.0,,784600.0,6072.0,520.0,,,,,0,0,0,0,0,0,0,0,0,0,0,0,0,0,0,0,0,0,0,0,0,0,0,0,0,0,0,132,2026-02-05 16:55:31.060261
ATMN,26.83,26.83,26.87,1429400.0,13140.0,459.0,2250.0,1865400.0,5000.0,,6000.0,2250.0,6000.0,,0,0,0,0,0,0,0,0,0,0,0,0,0,0,0,0,0,0,0,0,0,0,0,0,0,0,0,132,2026-02-05 16:55:31.060261
WNTR,25.58,25.64,26.03,1700000.0,5000.0,495.0,,1033000.0,,,,,,10000.0,0,0,0,0,0,0,0,0,0,0,0,0,0,0,0,0,0,0,0,0,0,0,0,0,0,0,0,132,2026-02-05 16:55:31.060261
SPNG,25.19,25.19,25.22,6221.0,7040.0,380.0,6000.0,1372300.0,3000.0,1555.0,1519400.0,400.0,12000.0,,,0,0,0,0,0,0,0,0,0,0,0,0,0,0,0,0,0,0,0,0,0,0,0,0,0,0,133,2026-02-05 16:55:32.096838
SMMR,26.7,26.57,26.7,,,520.0,6000.0,1993100.0,,,997000.0,,,,,0,0,0,0,0,0,0,0,0,0,0,0,0,0,0,0,0,0,0,0,0,0,0,0,0,0,133,2026-02-05 16:55:32.096838
ATMN,26.75,26.81,26.83,,11512.0,918.0,,1429400.0,4500.0,6863.0,1547100.0,,6750.0,6000.0,5000.0,0,0,0,0,0,0,0,0,0,0,0,0,0,0,0,0,0,0,0,0,0,0,0,0,0,0,133,2026-02-05 16:55:32.096838
WNTR,25.94,25.94,26.0,20000.0,4078.0,1160.0,500.0,1401600.0,,403.0,1237600.0,495.0,,,,0,0,0,0,0,0,0,0,0,0,0,0,0,0,0,0,0,0,0,0,0,0,0,0,0,0,133,2026-02-05 16:55:32.096838
SPNG,24.55,24.44,24.54,6000.0,342.0,1266500.0,1141.0,1021100.0,2112.0,1655.0,15000.0,,,,,0,0,0,0,0,0,0,0,0,0,0,0,0,0,0,0,0,0,0,0,0,0,0,0,0,0,134,2026-02-05 16:55:33.142375
SMMR,26.51,26.61,26.65,,,1896600.0,452.0,997000.0,9892.0,14487.0,,100.0,5000.0,6000.0,,0,0,0,0,0,0,0,0,0,0,0,0,0,0,0,0,0,0,0,0,0,0,0,0,0,0,134,2026-02-05 16:55:33.142375
ATMN,26.75,26.81,26.83,9000.0,918.0,1107100.0,406.0,1132800.0,5000.0,8903.0,11250.0,4474.0,11512.0,,6000.0,0,0,0,0,0,0,0,0,0,0,0,0,0,0,0,0,0,0,0,0,0,0,0,0,0,0,134,2026-02-05 16:55:33.142375
WNTR,25.89,25.81,25.82,,,1602000.0,495.0,1431200.0,5000.0,8026.0,,10100.0,5000.0,6000.0,6000.0,0,0,0,0,0,0,0,0,0,0,0,0,0,0,0,0,0,0,0,0,0,0,0,0,0,0,134,2026-02-05 16:55:33.142375
SPNG,25.0,25.0,25.13,1427600.0,500.0,5000.0,400.0,12000.0,18000.0,1508000.0,,,,,,0,0,0,0,0,0,0,0,0,0,0,0,0,0,0,0,0,0,0,0,0,0,0,0,0,0,135,2026-02-05 16:55:34.194438
SMMR,26.52,26.5,26.52,2139600.0,6000.0,,,,,1230500.0,2964.0,520.0,11061.0,,,0,0,0,0,0,0,0,0,0,0,0,0,0,0,0,0,0,0,0,0,0,0,0,0,0,0,135,2026-02-05 16:55:34.194438
ATMN,26.92,26.82,26.87,1107100.0,5541.0,12012.0,1324.0,11250.0,2250.0,1947600.0,6000.0,,,,,0,0,0,0,0,0,0,0,0,0,0,0,0,0,0,0,0,0,0,0,0,0,0,0,0,0,135,2026-02-05 16:55:34.194438
WNTR,25.89,25.81,25.82,1706900.0,6000.0,,495.0,,,1357500.0,6000.0,1160.0,1422.0,5900.0,100.0,0,0,0,0,0,0,0,0,0,0,0,0,0,0,0,0,0,0,0,0,0,0,0,0,0,0,135,2026-02-05 16:55:34.194438
SPNG,25.23,25.0,25.22,5000.0,380.0,6000.0,15000.0,1210100.0,100.0,5000.0,1482000.0,15000.0,,,,0,0,0,0,0,0,0,0,0,0,0,0,0,0,0,0,0,0,0,0,0,0,0,0,0,0,136,2026-02-05 16:55:35.253518
SMMR,26.71,26.63,26.68,,454.0,6000.0,,1888600.0,538.0,,1085800.0,,10000.0,,,0,0,0,0,0,0,0,0,0,0,0,0,0,0,0,0,0,0,0,0,0,0,0,0,0,0,136,2026-02-05 16:55:35.253518
ATMN,26.78,26.79,26.83,,2113.0,,4500.0,1731800.0,5701.0,8382.0,1642800.0,,,6000.0,337.0,0,0,0,0,0,0,0,0,0,0,0,0,0,0,0,0,0,0,0,0,0,0,0,0,0,0,136,2026-02-05 16:55:35.253518
WNTR,25.89,25.81,25.82,,495.0,6000.0,,1606700.0,13502.0,,1454600.0,,7602.0,6000.0,,0,0,0,0,0,0,0,0,0,0,0,0,0,0,0,0,0,0,0,0,0,0,0,0,0,0,136,2026-02-05 16:55:35.253518
SPNG,24.78,24.51,24.64,5000.0,1588800.0,12000.0,5000.0,831800.0,400.0,6000.0,21000.0,8277.0,,,,0,0,0,0,0,0,0,0,0,0,0,0,0,0,0,0,0,0,0,0,0,0,0,0,0,0,137,2026-02-05 16:55:36.320619
SMMR,26.71,26.63,26.68,3317.0,1440100.0,,,1207900.0,454.0,,,10000.0,936.0,1006.0,6000.0,0,0,0,0,0,0,0,0,0,0,0,0,0,0,0,0,0,0,0,0,0,0,0,0,0,0,137,2026-02-05 16:55:36.320619
ATMN,26.62,26.62,26.81,,1943300.0,4500.0,8382.0,1441400.0,1141.0,6000.0,2250.0,7602.0,,,,0,0,0,0,0,0,0,0,0,0,0,0,0,0,0,0,0,0,0,0,0,0,0,0,0,0,137,2026-02-05 16:55:36.320619
WNTR,25.86,25.86,25.97,5143.0,1063500.0,,5000.0,1353100.0,,,,735.0,20009.0,580.0,6000.0,0,0,0,0,0,0,0,0,0,0,0,0,0,0,0,0,0,0,0,0,0,0,0,0,0,0,137,2026-02-05 16:55:36.320619
SPNG,24.78,24.55,24.6,1446400.0,18000.0,380.0,400.0,2071.0,24000.0,710000.0,6000.0,,,,,0,0,0,0,0,0,0,0,0,0,0,0,0,0,0,0,0,0,0,0,0,0,0,0,0,0,138,2026-02-05 16:55:37.370236
SMMR,26.64,26.64,26.65,1793800.0,,520.0,520.0,,,1207900.0,,5000.0,6000.0,100.0,,0,0,0,0,0,0,0,0,0,0,0,0,0,0,0,0,0,0,0,0,0,0,0,0,0,0,138,2026-02-05 16:55:37.370236
ATMN,26.71,26.62,26.71,2170800.0,,,1534.0,8382.0,6750.0,1361700.0,6000.0,,,,,0,0,0,0,0,0,0,0,0,0,0,0,0,0,0,0,0,0,0,0,0,0,0,0,0,0,138,2026-02-05 16:55:37.370236
WNTR,25.89,25.86,25.89,1582800.0,,1740.0,453.0,,,1545500.0,,5643.0,6000.0,,905.0,0,0,0,0,0,0,0,0,0,0,0,0,0,0,0,0,0,0,0,0,0,0,0,0,0,0,138,2026-02-05 16:55:37.370236
SPNG,24.65,24.63,24.65,1216000.0,24000.0,380.0,1370700.0,21000.0,,,,,,0,0,0,0,0,0,0,0,0,0,0,0,0,0,0,0,0,0,0,0,0,0,0,0,0,0,0,0,139,2026-02-05 16:55:38.412529
SMMR,26.67,26.64,26.66,1902100.0,,520.0,1446000.0,,5811.0,7761.0,794.0,520.0,,0,0,0,0,0,0,0,0,0,0,0,0,0,0,0,0,0,0,0,0,0,0,0,0,0,0,0,0,139,2026-02-05 16:55:38.412529
ATMN,26.71,26.64,26.69,1946600.0,,327.0,1265800.0,9000.0,7288.0,7288.0,1205.0,2297.0,,0,0,0,0,0,0,0,0,0,0,0,0,0,0,0,0,0,0,0,0,0,0,0,0,0,0,0,0,139,2026-02-05 16:55:38.412529
WNTR,25.73,25.73,25.88,2107900.0,,,1471800.0,,,2131.0,5000.0,580.0,6000.0,0,0,0,0,0,0,0,0,0,0,0,0,0,0,0,0,0,0,0,0,0,0,0,0,0,0,0,0,139,2026-02-05 16:55:38.412529
SPNG,25.32,24.63,24.99,1216000.0,24000.0,1930.0,6000.0,1701600.0,9000.0,,,,,0,0,0,0,0,0,0,0,0,0,0,0,0,0,0,0,0,0,0,0,0,0,0,0,0,0,0,0,140,2026-02-05 16:55:39.022560
SMMR,26.64,26.64,26.71,1787800.0,,5811.0,,1322900.0,,520.0,6000.0,,,0,0,0,0,0,0,0,0,0,0,0,0,0,0,0,0,0,0,0,0,0,0,0,0,0,0,0,0,140,2026-02-05 16:55:39.022560
ATMN,26.71,26.64,26.71,1820800.0,2250.0,7288.0,6000.0,1694500.0,9000.0,327.0,,,,0,0,0,0,0,0,0,0,0,0,0,0,0,0,0,0,0,0,0,0,0,0,0,0,0,0,0,0,140,2026-02-05 16:55:39.022560
WNTR,26.02,25.79,25.87,1902400.0,,,6000.0,1363800.0,,537.0,500.0,580.0,566.0,0,0,0,0,0,0,0,0,0,0,0,0,0,0,0,0,0,0,0,0,0,0,0,0,0,0,0,0,140,2026-02-05 16:55:39.022560
SPNG,24.99,25.21,25.35,683900.0,5209.0,27000.0,400.0,2060900.0,,,,0,0,0,0,0,0,0,0,0,0,0,0,0,0,0,0,0,0,0,0,0,0,0,0,0,0,0,0,0,0,141,2026-02-05 16:55:40.083356
SMMR,26.63,26.62,26.63,2098700.0,2080.0,,,1324700.0,520.0,,,0,0,0,0,0,0,0,0,0,0,0,0,0,0,0,0,0,0,0,0,0,0,0,0,0,0,0,0,0,0,141,2026-02-05 16:55:40.083356
ATMN,26.77,26.77,26.82,1536200.0,963.0,4500.0,459.0,2060400.0,,2250.0,,0,0,0,0,0,0,0,0,0,0,0,0,0,0,0,0,0,0,0,0,0,0,0,0,0,0,0,0,0,0,141,2026-02-05 16:55:40.083356
WNTR,26.03,25.96,26.03,1688300.0,5000.0,,580.0,1141000.0,537.0,,6000.0,0,0,0,0,0,0,0,0,0,0,0,0,0,0,0,0,0,0,0,0,0,0,0,0,0,0,0,0,0,0,141,2026-02-05 16:55:40.083356
SPNG,25.21,24.99,25.14,6000.0,2008700.0,1940700.0,5000.0,3824.0,,,,,0,0,0,0,0,0,0,0,0,0,0,0,0,0,0,0,0,0,0,0,0,0,0,0,0,0,0,0,0,142,2026-02-05 16:55:41.145324
SMMR,26.74,26.59,26.74,6000.0,1902800.0,1128500.0,,,4476.0,484.0,,,0,0,0,0,0,0,0,0,0,0,0,0,0,0,0,0,0,0,0,0,0,0,0,0,0,0,0,0,0,142,2026-02-05 16:55:41.145324
ATMN,26.82,26.75,26.82,6000.0,1937100.0,1549400.0,5096.0,3388.0,,,5000.0,459.0,0,0,0,0,0,0,0,0,0,0,0,0,0,0,0,0,0,0,0,0,0,0,0,0,0,0,0,0,0,142,2026-02-05 16:55:41.145324
WNTR,25.73,25.72,25.73,,2006000.0,1425600.0,5000.0,10651.0,10000.0,,,495.0,0,0,0,0,0,0,0,0,0,0,0,0,0,0,0,0,0,0,0,0,0,0,0,0,0,0,0,0,0,142,2026-02-05 16:55:41.145324
SPNG,25.14,24.64,25.13,6000.0,1994000.0,3000.0,1550400.0,5291.0,3924.0,,,,,0,0,0,0,0,0,0,0,0,0,0,0,0,0,0,0,0,0,0,0,0,0,0,0,0,0,0,0,143,2026-02-05 16:55:42.193448
SMMR,26.8,26.61,26.72,,1918800.0,,1118900.0,11072.0,,551.0,14142.0,484.0,,0,0,0,0,0,0,0,0,0,0,0,0,0,0,0,0,0,0,0,0,0,0,0,0,0,0,0,0,143,2026-02-05 16:55:42.193448
ATMN,26.8,26.8,26.81,2250.0,1485700.0,2250.0,1864500.0,,3388.0,407.0,2116.0,891.0,710.0,0,0,0,0,0,0,0,0,0,0,0,0,0,0,0,0,0,0,0,0,0,0,0,0,0,0,0,0,143,2026-02-05 16:55:42.193448
WNTR,25.79,25.84,25.91,,1801100.0,,1336400.0,5000.0,651.0,495.0,18995.0,,,0,0,0,0,0,0,0,0,0,0,0,0,0,0,0,0,0,0,0,0,0,0,0,0,0,0,0,0,143,2026-02-05 16:55:42.193448
SPNG,24.91,24.85,24.91,1639200.0,400.0,12000.0,1528200.0,3848.0,6000.0,6000.0,,,,0,0,0,0,0,0,0,0,0,0,0,0,0,0,0,0,0,0,0,0,0,0,0,0,0,0,0,0,144,2026-02-05 16:55:43.243522
SMMR,26.59,26.67,26.72,2027400.0,551.0,,1207600.0,6072.0,,,6000.0,484.0,,0,0,0,0,0,0,0,0,0,0,0,0,0,0,0,0,0,0,0,0,0,0,0,0,0,0,0,0,144,2026-02-05 16:55:43.243522
ATMN,26.77,26.76,26.77,1929200.0,,2250.0,1947400.0,,,2250.0,6000.0,1298.0,,0,0,0,0,0,0,0,0,0,0,0,0,0,0,0,0,0,0,0,0,0,0,0,0,0,0,0,0,144,2026-02-05 16:55:43.243522
WNTR,26.03,25.97,25.99,1796200.0,1160.0,,1327000.0,5000.0,6000.0,,500.0,,5000.0,0,0,0,0,0,0,0,0,0,0,0,0,0,0,0,0,0,0,0,0,0,0,0,0,0,0,0,0,144,2026-02-05 16:55:43.243522
SPNG,24.91,24.86,24.89,18000.0,1340500.0,400.0,100.0,1089200.0,3704.0,380.0,12000.0,6000.0,,,,0,0,0,0,0,0,0,0,0,0,0,0,0,0,0,0,0,0,0,0,0,0,0,0,0,0,145,2026-02-05 16:55:44.287896
SMMR,26.59,26.66,26.69,,1804000.0,520.0,718.0,1324100.0,6072.0,520.0,,,6000.0,9801.0,,0,0,0,0,0,0,0,0,0,0,0,0,0,0,0,0,0,0,0,0,0,0,0,0,0,0,145,2026-02-05 16:55:44.287896
ATMN,26.6,26.6,26.63,4500.0,1504600.0,391.0,,1629500.0,,1182.0,4500.0,6000.0,,6126.0,5429.0,0,0,0,0,0,0,0,0,0,0,0,0,0,0,0,0,0,0,0,0,0,0,0,0,0,0,145,2026-02-05 16:55:44.287896
WNTR,25.91,25.84,25.91,,1666300.0,,9400.0,1536500.0,5000.0,,,2327.0,6000.0,2697.0,5000.0,0,0,0,0,0,0,0,0,0,0,0,0,0,0,0,0,0,0,0,0,0,0,0,0,0,0,145,2026-02-05 16:55:44.287896
SPNG,24.91,24.86,24.88,21000.0,1226700.0,6185.0,15000.0,943500.0,100.0,3704.0,6000.0,,,,,0,0,0,0,0,0,0,0,0,0,0,0,0,0,0,0,0,0,0,0,0,0,0,0,0,0,146,2026-02-05 16:55:45.330940
SMMR,26.74,26.75,26.8,,1676900.0,10718.0,,1418600.0,,,,486.0,6000.0,,,0,0,0,0,0,0,0,0,0,0,0,0,0,0,0,0,0,0,0,0,0,0,0,0,0,0,146,2026-02-05 16:55:45.330940
ATMN,26.63,26.61,26.63,9000.0,1251000.0,7159.0,9000.0,1290200.0,7915.0,,6000.0,391.0,,5429.0,1182.0,0,0,0,0,0,0,0,0,0,0,0,0,0,0,0,0,0,0,0,0,0,0,0,0,0,0,146,2026-02-05 16:55:45.330940
WNTR,26.0,26.01,26.03,,1338200.0,19400.0,,1641200.0,1432.0,,,460.0,6000.0,1210.0,,0,0,0,0,0,0,0,0,0,0,0,0,0,0,0,0,0,0,0,0,0,0,0,0,0,0,146,2026-02-05 16:55:45.330940
SPNG,24.64,24.64,24.98,12000.0,1764600.0,361.0,1759600.0,6000.0,6000.0,,,,,,,0,0,0,0,0,0,0,0,0,0,0,0,0,0,0,0,0,0,0,0,0,0,0,0,0,0,147,2026-02-05 16:55:46.388618
SMMR,26.58,26.69,26.76,,2128500.0,486.0,1511700.0,,,520.0,,,,,,0,0,0,0,0,0,0,0,0,0,0,0,0,0,0,0,0,0,0,0,0,0,0,0,0,0,147,2026-02-05 16:55:46.388618
ATMN,26.87,26.62,26.87,11250.0,1121800.0,,2046200.0,,2250.0,419.0,10429.0,,,,,0,0,0,0,0,0,0,0,0,0,0,0,0,0,0,0,0,0,0,0,0,0,0,0,0,0,147,2026-02-05 16:55:46.388618
WNTR,26.03,25.91,25.99,,1336100.0,,1657000.0,6000.0,,537.0,6210.0,3032.0,6000.0,9515.0,5000.0,0,0,0,0,0,0,0,0,0,0,0,0,0,0,0,0,0,0,0,0,0,0,0,0,0,0,147,2026-02-05 16:55:46.388618
SPNG,24.86,24.67,24.7,5369.0,5373.0,15000.0,1020200.0,400.0,5000.0,1636300.0,400.0,100.0,3000.0,6000.0,,0,0,0,0,0,0,0,0,0,0,0,0,0,0,0,0,0,0,0,0,0,0,0,0,0,0,148,2026-02-05 16:55:47.433513
SMMR,26.58,26.58,26.62,,,,2012400.0,452.0,,1727000.0,1040.0,10766.0,,,6000.0,0,0,0,0,0,0,0,0,0,0,0,0,0,0,0,0,0,0,0,0,0,0,0,0,0,0,148,2026-02-05 16:55:47.433513
ATMN,26.88,26.72,26.88,15929.0,100.0,13500.0,886700.0,,,1887800.0,407.0,100.0,2250.0,,6000.0,0,0,0,0,0,0,0,0,0,0,0,0,0,0,0,0,0,0,0,0,0,0,0,0,0,0,148,2026-02-05 16:55:47.433513
WNTR,25.91,25.81,25.85,5000.0,,,1903000.0,,10621.0,1210100.0,537.0,13057.0,,6000.0,500.0,0,0,0,0,0,0,0,0,0,0,0,0,0,0,0,0,0,0,0,0,0,0,0,0,0,0,148,2026-02-05 16:55:47.433513
SPNG,25.03,24.98,25.03,1035700.0,5369.0,5373.0,15000.0,400.0,2197500.0,,,,0,0,0,0,0,0,0,0,0,0,0,0,0,0,0,0,0,0,0,0,0,0,0,0,0,0,0,0,0,149,2026-02-05 16:55:48.044153
SMMR,26.58,26.59,26.62,1992200.0,,,,452.0,1727000.0,6000.0,10766.0,1040.0,0,0,0,0,0,0,0,0,0,0,0,0,0,0,0,0,0,0,0,0,0,0,0,0,0,0,0,0,0,149,2026-02-05 16:55:48.044153
ATMN,26.87,26.73,26.87,1343600.0,,100.0,11250.0,459.0,1980300.0,6000.0,100.0,459.0,0,0,0,0,0,0,0,0,0,0,0,0,0,0,0,0,0,0,0,0,0,0,0,0,0,0,0,0,0,149,2026-02-05 16:55:48.044153
WNTR,26.04,25.98,26.04,1779100.0,5000.0,,,541.0,1635700.0,500.0,,,0,0,0,0,0,0,0,0,0,0,0,0,0,0,0,0,0,0,0,0,0,0,0,0,0,0,0,0,0,149,2026-02-05 16:55:48.044153
SPNG,24.61,24.61,25.02,2226600.0,3000.0,3969.0,1841300.0,360.0,,,,0,0,0,0,0,0,0,0,0,0,0,0,0,0,0,0,0,0,0,0,0,0,0,0,0,0,0,0,0,0,150,2026-02-05 16:55:49.109260
SMMR,26.63,26.63,26.65,2090000.0,,9515.0,1624700.0,1040.0,452.0,,,0,0,0,0,0,0,0,0,0,0,0,0,0,0,0,0,0,0,0,0,0,0,0,0,0,0,0,0,0,0,150,2026-02-05 16:55:49.109260
ATMN,26.85,26.76,26.84,1722300.0,2250.0,8039.0,1797200.0,432.0,459.0,13871.0,,0,0,0,0,0,0,0,0,0,0,0,0,0,0,0,0,0,0,0,0,0,0,0,0,0,0,0,0,0,0,150,2026-02-05 16:55:49.109260
WNTR,26.04,26.0,26.04,1513000.0,,,1530600.0,,,11061.0,7939.0,0,0,0,0,0,0,0,0,0,0,0,0,0,0,0,0,0,0,0,0,0,0,0,0,0,0,0,0,0,0,150,2026-02-05 16:55:49.109260
SPNG,24.57,24.86,24.97,2215700.0,1160.0,11586.0,1730000.0,,,,,,,0,0,0,0,0,0,0,0,0,0,0,0,0,0,0,0,0,0,0,0,0,0,0,0,0,0,0,0,151,2026-02-05 16:55:50.164402
SMMR,26.63,26.63,26.65,1816700.0,1040.0,,1624700.0,9666.0,452.0,6000.0,5234.0,,,0,0,0,0,0,0,0,0,0,0,0,0,0,0,0,0,0,0,0,0,0,0,0,0,0,0,0,0,151,2026-02-05 16:55:50.164402
ATMN,26.53,26.75,26.77,1948900.0,918.0,,1914900.0,,406.0,6000.0,100.0,1757.0,,0,0,0,0,0,0,0,0,0,0,0,0,0,0,0,0,0,0,0,0,0,0,0,0,0,0,0,0,151,2026-02-05 16:55:50.164402
WNTR,26.12,26.03,26.12,1304700.0,,,1528800.0,9782.0,576.0,6000.0,,,11061.0,0,0,0,0,0,0,0,0,0,0,0,0,0,0,0,0,0,0,0,0,0,0,0,0,0,0,0,0,151,2026-02-05 16:55:50.164402
SPNG,24.6,24.58,24.6,2123600.0,346.0,1286000.0,13074.0,1066.0,5240.0,6000.0,3000.0,,,,0,0,0,0,0,0,0,0,0,0,0,0,0,0,0,0,0,0,0,0,0,0,0,0,0,0,0,152,2026-02-05 16:55:51.217262
SMMR,26.65,26.66,26.69,1934700.0,452.0,1624700.0,,1040.0,,,,6000.0,,,0,0,0,0,0,0,0,0,0,0,0,0,0,0,0,0,0,0,0,0,0,0,0,0,0,0,0,152,2026-02-05 16:55:51.217262
ATMN,26.53,26.53,26.6,1948900.0,359.0,1241700.0,15585.0,,8742.0,6000.0,2250.0,,2250.0,,0,0,0,0,0,0,0,0,0,0,0,0,0,0,0,0,0,0,0,0,0,0,0,0,0,0,0,152,2026-02-05 16:55:51.217262
WNTR,25.96,25.94,25.96,1634300.0,,1764600.0,,499.0,251.0,,,6000.0,,11561.0,0,0,0,0,0,0,0,0,0,0,0,0,0,0,0,0,0,0,0,0,0,0,0,0,0,0,0,152,2026-02-05 16:55:51.217262
SPNG,24.59,24.58,24.59,1845200.0,3000.0,100.0,346.0,6000.0,1198900.0,13074.0,1066.0,5240.0,6000.0,,,0,0,0,0,0,0,0,0,0,0,0,0,0,0,0,0,0,0,0,0,0,0,0,0,0,0,153,2026-02-05 16:55:52.257602
SMMR,26.8,26.69,26.8,1927100.0,,8046.0,,,1634400.0,,,,,6000.0,,0,0,0,0,0,0,0,0,0,0,0,0,0,0,0,0,0,0,0,0,0,0,0,0,0,0,153,2026-02-05 16:55:52.257602
ATMN,26.69,26.53,26.69,1769000.0,4500.0,1203.0,359.0,,1775900.0,,,8742.0,6000.0,,,0,0,0,0,0,0,0,0,0,0,0,0,0,0,0,0,0,0,0,0,0,0,0,0,0,0,153,2026-02-05 16:55:52.257602
WNTR,26.04,26.02,26.04,1407100.0,,2665.0,538.0,,1648400.0,,,251.0,,6000.0,11561.0,0,0,0,0,0,0,0,0,0,0,0,0,0,0,0,0,0,0,0,0,0,0,0,0,0,0,153,2026-02-05 16:55:52.257602
SPNG,24.58,24.64,24.96,12923.0,1336400.0,6000.0,380.0,4393.0,5000.0,6000.0,6000.0,400.0,1606900.0,,,0,0,0,0,0,0,0,0,0,0,0,0,0,0,0,0,0,0,0,0,0,0,0,0,0,0,154,2026-02-05 16:55:53.303228
SMMR,26.66,26.66,26.75,202.0,1737300.0,,1040.0,7995.0,5000.0,,,452.0,1663800.0,6000.0,8520.0,0,0,0,0,0,0,0,0,0,0,0,0,0,0,0,0,0,0,0,0,0,0,0,0,0,0,154,2026-02-05 16:55:53.303228
ATMN,26.69,26.52,26.69,4656.0,1531400.0,2250.0,459.0,1803.0,,,,,2223100.0,,,0,0,0,0,0,0,0,0,0,0,0,0,0,0,0,0,0,0,0,0,0,0,0,0,0,0,154,2026-02-05 16:55:53.303228
WNTR,26.2,26.03,26.15,,2082300.0,,,,,,,540.0,1320800.0,,7995.0,0,0,0,0,0,0,0,0,0,0,0,0,0,0,0,0,0,0,0,0,0,0,0,0,0,0,154,2026-02-05 16:55:53.303228
SPNG,25.12,24.65,25.12,6000.0,381.0,16839.0,4393.0,1320400.0,2195100.0,,,,,,0,0,0,0,0,0,0,0,0,0,0,0,0,0,0,0,0,0,0,0,0,0,0,0,0,0,0,155,2026-02-05 16:55:54.347643
SMMR,26.6,26.7,26.71,,520.0,,2038.0,1938400.0,1267900.0,14929.0,10332.0,520.0,,,0,0,0,0,0,0,0,0,0,0,0,0,0,0,0,0,0,0,0,0,0,0,0,0,0,0,0,155,2026-02-05 16:55:54.347643
ATMN,26.61,26.61,26.64,4500.0,,9656.0,3405.0,1352600.0,1803200.0,10000.0,,432.0,6000.0,2250.0,0,0,0,0,0,0,0,0,0,0,0,0,0,0,0,0,0,0,0,0,0,0,0,0,0,0,0,155,2026-02-05 16:55:54.347643
