ticker,last_price,bid_price,ask_price,BUY_ANON,SELL_ANON,BUY_WRSW-1,BUY_UEBR-1,BUY_CHUL-1,BUY_BRCH-1,BUY_LAVL-1,SELL_CALG-1,SELL_GIOT-3,SELL_CHUL-4,SELL_LAVL-1,BUY_GIOT-3,BUY_CHUL-4,SELL_UEBR-1,SELL_WRSW-1,BUY_WRSW-3,SELL_WRSW-3,SELL_COLA-1,BUY_CALG-1,BUY_COLA-1,SELL_BRCH-1,SELL_ZUAI-3,BUY_WRSW-4,SELL_LUIS-1,SELL_WRSW-4,BUY_ZUAI-3,SELL_CHUL-1,BUY_LUIS-1,tick,timestamp,news_news_id,news_period,news_tick,news_ticker,news_headline,news_body
SPNG,25.07,25.3,25.43,2031100.0,1037000.0,0,0,0,0,0,0,0,0,0,0,0,0,0,0,0,0,0,0,0,0,0,0,0,0,0,0,1,2026-02-06 06:13:55.253720,2.0,1.0,1.0,,Aggregate Position Limit,Your CRO has set the aggregate position limit to 8000 shares for this week.
SMMR,24.85,24.91,25.03,2332900.0,2328300.0,0,0,0,0,0,0,0,0,0,0,0,0,0,0,0,0,0,0,0,0,0,0,0,0,0,0,1,2026-02-06 06:13:55.253720,1.0,1.0,1.0,,Welcome to the RITC 2026 Alogithmic Market Making Case - practice server,
ATMN,24.93,24.93,25.03,2292900.0,1550900.0,0,0,0,0,0,0,0,0,0,0,0,0,0,0,0,0,0,0,0,0,0,0,0,0,0,0,1,2026-02-06 06:13:55.253720,,,,,,
WNTR,25.0,24.97,25.0,2266100.0,2225500.0,0,0,0,0,0,0,0,0,0,0,0,0,0,0,0,0,0,0,0,0,0,0,0,0,0,0,1,2026-02-06 06:13:55.253720,,,,,,
SPNG,24.91,24.97,25.43,1987900.0,1037000.0,0,0,0,0,0,0,0,0,0,0,0,0,0,0,0,0,0,0,0,0,0,0,0,0,0,0,2,2026-02-06 06:13:56.351283
SMMR,24.85,25.0,25.03,2322200.0,2354500.0,0,0,0,0,0,0,0,0,0,0,0,0,0,0,0,0,0,0,0,0,0,0,0,0,0,0,2,2026-02-06 06:13:56.351283
ATMN,25.03,25.01,25.02,2258600.0,1667600.0,0,0,0,0,0,0,0,0,0,0,0,0,0,0,0,0,0,0,0,0,0,0,0,0,0,0,2,2026-02-06 06:13:56.351283
WNTR,24.97,24.97,25.06,2276400.0,2099900.0,0,0,0,0,0,0,0,0,0,0,0,0,0,0,0,0,0,0,0,0,0,0,0,0,0,0,2,2026-02-06 06:13:56.351283
SPNG,24.97,24.74,24.94,1999800.0,1222700.0,0,0,0,0,0,0,0,0,0,0,0,0,0,0,0,0,0,0,0,0,0,0,0,0,0,0,3,2026-02-06 06:13:57.454417
SMMR,25.03,25.08,25.12,2331200.0,2393200.0,0,0,0,0,0,0,0,0,0,0,0,0,0,0,0,0,0,0,0,0,0,0,0,0,0,0,3,2026-02-06 06:13:57.454417
ATMN,24.88,24.88,25.02,2278700.0,1667600.0,0,0,0,0,0,0,0,0,0,0,0,0,0,0,0,0,0,0,0,0,0,0,0,0,0,0,3,2026-02-06 06:13:57.454417
WNTR,25.06,25.08,25.1,2221000.0,2081200.0,0,0,0,0,0,0,0,0,0,0,0,0,0,0,0,0,0,0,0,0,0,0,0,0,0,0,3,2026-02-06 06:13:57.454417
SPNG,24.97,24.74,24.94,1980100.0,1222700.0,0,0,0,0,0,0,0,0,0,0,0,0,0,0,0,0,0,0,0,0,0,0,0,0,0,0,4,2026-02-06 06:13:58.120675
SMMR,25.03,25.08,25.12,2331200.0,2374000.0,0,0,0,0,0,0,0,0,0,0,0,0,0,0,0,0,0,0,0,0,0,0,0,0,0,0,4,2026-02-06 06:13:58.120675
ATMN,25.02,24.88,25.02,2278700.0,1667600.0,0,0,0,0,0,0,0,0,0,0,0,0,0,0,0,0,0,0,0,0,0,0,0,0,0,0,4,2026-02-06 06:13:58.120675
WNTR,24.97,24.97,25.1,2276400.0,2081200.0,0,0,0,0,0,0,0,0,0,0,0,0,0,0,0,0,0,0,0,0,0,0,0,0,0,0,4,2026-02-06 06:13:58.120675
SPNG,24.97,24.74,24.94,1979600.0,1222700.0,0,0,0,0,0,0,0,0,0,0,0,0,0,0,0,0,0,0,0,0,0,0,0,0,0,0,5,2026-02-06 06:13:59.200816
SMMR,25.0,25.0,25.11,2324600.0,2396200.0,0,0,0,0,0,0,0,0,0,0,0,0,0,0,0,0,0,0,0,0,0,0,0,0,0,0,5,2026-02-06 06:13:59.200816
ATMN,24.86,24.86,25.07,2264500.0,1555500.0,0,0,0,0,0,0,0,0,0,0,0,0,0,0,0,0,0,0,0,0,0,0,0,0,0,0,5,2026-02-06 06:13:59.200816
WNTR,24.97,24.99,25.0,2237600.0,2164000.0,0,0,0,0,0,0,0,0,0,0,0,0,0,0,0,0,0,0,0,0,0,0,0,0,0,0,5,2026-02-06 06:13:59.200816
SPNG,24.97,24.77,24.94,1991900.0,1222700.0,0,0,0,0,0,0,0,0,0,0,0,0,0,0,0,0,0,0,0,0,0,0,0,0,0,0,6,2026-02-06 06:14:00.283025
SMMR,24.91,24.91,24.99,2304600.0,2383400.0,0,0,0,0,0,0,0,0,0,0,0,0,0,0,0,0,0,0,0,0,0,0,0,0,0,0,6,2026-02-06 06:14:00.283025
ATMN,24.79,24.84,25.07,2271300.0,1555500.0,0,0,0,0,0,0,0,0,0,0,0,0,0,0,0,0,0,0,0,0,0,0,0,0,0,0,6,2026-02-06 06:14:00.283025
WNTR,25.0,25.07,25.1,2233600.0,2123500.0,0,0,0,0,0,0,0,0,0,0,0,0,0,0,0,0,0,0,0,0,0,0,0,0,0,0,6,2026-02-06 06:14:00.283025
SPNG,24.77,24.77,24.88,1991900.0,1244800.0,0,0,0,0,0,0,0,0,0,0,0,0,0,0,0,0,0,0,0,0,0,0,0,0,0,0,7,2026-02-06 06:14:01.358956
SMMR,25.12,25.02,25.12,2342300.0,2350300.0,0,0,0,0,0,0,0,0,0,0,0,0,0,0,0,0,0,0,0,0,0,0,0,0,0,0,7,2026-02-06 06:14:01.358956
ATMN,25.12,25.07,25.12,2314400.0,1418500.0,0,0,0,0,0,0,0,0,0,0,0,0,0,0,0,0,0,0,0,0,0,0,0,0,0,0,7,2026-02-06 06:14:01.358956
WNTR,25.01,25.01,25.1,2229900.0,2123500.0,0,0,0,0,0,0,0,0,0,0,0,0,0,0,0,0,0,0,0,0,0,0,0,0,0,0,7,2026-02-06 06:14:01.358956
SPNG,25.23,25.23,25.43,1997600.0,1128800.0,0,0,0,0,0,0,0,0,0,0,0,0,0,0,0,0,0,0,0,0,0,0,0,0,0,0,8,2026-02-06 06:14:02.413888
SMMR,25.02,25.02,25.03,2342300.0,2362400.0,0,0,0,0,0,0,0,0,0,0,0,0,0,0,0,0,0,0,0,0,0,0,0,0,0,0,8,2026-02-06 06:14:02.413888
ATMN,24.91,24.91,25.12,2317200.0,1418500.0,0,0,0,0,0,0,0,0,0,0,0,0,0,0,0,0,0,0,0,0,0,0,0,0,0,0,8,2026-02-06 06:14:02.413888
WNTR,24.97,24.97,25.1,2276400.0,2151500.0,0,0,0,0,0,0,0,0,0,0,0,0,0,0,0,0,0,0,0,0,0,0,0,0,0,0,8,2026-02-06 06:14:02.413888
SPNG,24.74,24.74,25.07,1979600.0,1219400.0,0,0,0,0,0,0,0,0,0,0,0,0,0,0,0,0,0,0,0,0,0,0,0,0,0,0,9,2026-02-06 06:14:02.982279
SMMR,25.02,24.91,25.02,2321800.0,2373800.0,0,0,0,0,0,0,0,0,0,0,0,0,0,0,0,0,0,0,0,0,0,0,0,0,0,0,9,2026-02-06 06:14:02.982279
ATMN,25.18,24.91,25.18,2337900.0,1284900.0,0,0,0,0,0,0,0,0,0,0,0,0,0,0,0,0,0,0,0,0,0,0,0,0,0,0,9,2026-02-06 06:14:02.982279
WNTR,24.96,24.96,25.1,2248600.0,2151500.0,0,0,0,0,0,0,0,0,0,0,0,0,0,0,0,0,0,0,0,0,0,0,0,0,0,0,9,2026-02-06 06:14:02.982279
SPNG,24.7,24.7,25.43,1998500.0,1241500.0,0,0,0,0,0,0,0,0,0,0,0,0,0,0,0,0,0,0,0,0,0,0,0,0,0,0,10,2026-02-06 06:14:04.081533
SMMR,24.91,24.85,24.87,2290600.0,2338100.0,0,0,0,0,0,0,0,0,0,0,0,0,0,0,0,0,0,0,0,0,0,0,0,0,0,0,10,2026-02-06 06:14:04.081533
ATMN,24.91,24.91,25.18,2332700.0,1284900.0,0,0,0,0,0,0,0,0,0,0,0,0,0,0,0,0,0,0,0,0,0,0,0,0,0,0,10,2026-02-06 06:14:04.081533
WNTR,24.91,24.91,25.1,2239000.0,2151500.0,0,0,0,0,0,0,0,0,0,0,0,0,0,0,0,0,0,0,0,0,0,0,0,0,0,0,10,2026-02-06 06:14:04.081533
SPNG,25.49,24.7,25.49,1998500.0,1152200.0,0,0,0,0,0,0,0,0,0,0,0,0,0,0,0,0,0,0,0,0,0,0,0,0,0,0,11,2026-02-06 06:14:05.143498
SMMR,24.97,24.97,25.02,2267900.0,2373800.0,0,0,0,0,0,0,0,0,0,0,0,0,0,0,0,0,0,0,0,0,0,0,0,0,0,0,11,2026-02-06 06:14:05.143498
ATMN,24.9,24.9,25.17,2329800.0,1261200.0,0,0,0,0,0,0,0,0,0,0,0,0,0,0,0,0,0,0,0,0,0,0,0,0,0,0,11,2026-02-06 06:14:05.143498
WNTR,25.1,25.09,25.1,2235800.0,2141000.0,0,0,0,0,0,0,0,0,0,0,0,0,0,0,0,0,0,0,0,0,0,0,0,0,0,0,11,2026-02-06 06:14:05.143498
SPNG,24.87,24.7,24.87,1998500.0,1272200.0,0,0,0,0,0,0,0,0,0,0,0,0,0,0,0,0,0,0,0,0,0,0,0,0,0,0,12,2026-02-06 06:14:06.217850
SMMR,24.91,24.94,25.02,2287600.0,2373800.0,0,0,0,0,0,0,0,0,0,0,0,0,0,0,0,0,0,0,0,0,0,0,0,0,0,0,12,2026-02-06 06:14:06.217850
ATMN,24.88,24.88,25.32,2335200.0,1162200.0,0,0,0,0,0,0,0,0,0,0,0,0,0,0,0,0,0,0,0,0,0,0,0,0,0,0,12,2026-02-06 06:14:06.217850
WNTR,25.09,24.91,25.05,2223200.0,2132500.0,0,0,0,0,0,0,0,0,0,0,0,0,0,0,0,0,0,0,0,0,0,0,0,0,0,0,12,2026-02-06 06:14:06.217850
SPNG,25.74,24.7,25.74,1998500.0,1060400.0,0,0,0,0,0,0,0,0,0,0,0,0,0,0,0,0,0,0,0,0,0,0,0,0,0,0,13,2026-02-06 06:14:07.268801
SMMR,24.84,24.84,25.07,2300300.0,2361600.0,0,0,0,0,0,0,0,0,0,0,0,0,0,0,0,0,0,0,0,0,0,0,0,0,0,0,13,2026-02-06 06:14:07.268801
ATMN,24.88,24.88,25.49,2333000.0,1180600.0,0,0,0,0,0,0,0,0,0,0,0,0,0,0,0,0,0,0,0,0,0,0,0,0,0,0,13,2026-02-06 06:14:07.268801
WNTR,25.09,25.02,25.05,2242100.0,2092500.0,0,0,0,0,0,0,0,0,0,0,0,0,0,0,0,0,0,0,0,0,0,0,0,0,0,0,13,2026-02-06 06:14:07.268801
SPNG,25.74,24.7,24.95,1998500.0,1144700.0,0,0,0,0,0,0,0,0,0,0,0,0,0,0,0,0,0,0,0,0,0,0,0,0,0,0,14,2026-02-06 06:14:08.331001
SMMR,24.84,25.06,25.07,2313900.0,2361600.0,0,0,0,0,0,0,0,0,0,0,0,0,0,0,0,0,0,0,0,0,0,0,0,0,0,0,14,2026-02-06 06:14:08.331001
ATMN,25.13,24.88,24.93,2333000.0,1438500.0,0,0,0,0,0,0,0,0,0,0,0,0,0,0,0,0,0,0,0,0,0,0,0,0,0,0,14,2026-02-06 06:14:08.331001
WNTR,25.01,25.01,25.05,2209600.0,2092500.0,0,0,0,0,0,0,0,0,0,0,0,0,0,0,0,0,0,0,0,0,0,0,0,0,0,0,14,2026-02-06 06:14:08.331001
SPNG,25.74,24.74,24.95,1998000.0,1144700.0,0,0,0,0,0,0,0,0,0,0,0,0,0,0,0,0,0,0,0,0,0,0,0,0,0,0,15,2026-02-06 06:14:09.385720
SMMR,25.03,25.03,25.07,2312400.0,2374900.0,0,0,0,0,0,0,0,0,0,0,0,0,0,0,0,0,0,0,0,0,0,0,0,0,0,0,15,2026-02-06 06:14:09.385720
ATMN,25.13,24.88,24.93,2303600.0,1438500.0,0,0,0,0,0,0,0,0,0,0,0,0,0,0,0,0,0,0,0,0,0,0,0,0,0,0,15,2026-02-06 06:14:09.385720
WNTR,25.1,24.9,25.1,2232200.0,2128100.0,0,0,0,0,0,0,0,0,0,0,0,0,0,0,0,0,0,0,0,0,0,0,0,0,0,0,15,2026-02-06 06:14:09.385720
SPNG,24.95,25.55,25.74,1997400.0,1060400.0,0,0,0,0,0,0,0,0,0,0,0,0,0,0,0,0,0,0,0,0,0,0,0,0,0,0,16,2026-02-06 06:14:10.423043
SMMR,25.12,25.03,25.05,2312400.0,2395800.0,0,0,0,0,0,0,0,0,0,0,0,0,0,0,0,0,0,0,0,0,0,0,0,0,0,0,16,2026-02-06 06:14:10.423043
ATMN,24.93,25.11,25.39,2301800.0,1554800.0,0,0,0,0,0,0,0,0,0,0,0,0,0,0,0,0,0,0,0,0,0,0,0,0,0,0,16,2026-02-06 06:14:10.423043
WNTR,24.87,25.01,25.1,2233300.0,2128100.0,0,0,0,0,0,0,0,0,0,0,0,0,0,0,0,0,0,0,0,0,0,0,0,0,0,0,16,2026-02-06 06:14:10.423043
SPNG,24.74,24.74,25.74,1994500.0,1259300.0,0,0,0,0,0,0,0,0,0,0,0,0,0,0,0,0,0,0,0,0,0,0,0,0,0,0,17,2026-02-06 06:14:11.468255
SMMR,25.05,24.84,25.05,2280800.0,2395800.0,0,0,0,0,0,0,0,0,0,0,0,0,0,0,0,0,0,0,0,0,0,0,0,0,0,0,17,2026-02-06 06:14:11.468255
ATMN,24.93,25.11,25.27,2301800.0,1880500.0,0,0,0,0,0,0,0,0,0,0,0,0,0,0,0,0,0,0,0,0,0,0,0,0,0,0,17,2026-02-06 06:14:11.468255
WNTR,24.87,25.01,25.1,2233300.0,2093300.0,0,0,0,0,0,0,0,0,0,0,0,0,0,0,0,0,0,0,0,0,0,0,0,0,0,0,17,2026-02-06 06:14:11.468255
SPNG,24.73,24.73,25.74,1970500.0,1259300.0,0,0,0,0,0,0,0,0,0,0,0,0,0,0,0,0,0,0,0,0,0,0,0,0,0,0,18,2026-02-06 06:14:12.513159
SMMR,24.84,25.04,25.05,2266400.0,2395800.0,0,0,0,0,0,0,0,0,0,0,0,0,0,0,0,0,0,0,0,0,0,0,0,0,0,0,18,2026-02-06 06:14:12.513159
ATMN,25.11,24.88,25.02,2306400.0,2139800.0,0,0,0,0,0,0,0,0,0,0,0,0,0,0,0,0,0,0,0,0,0,0,0,0,0,0,18,2026-02-06 06:14:12.513159
WNTR,24.86,24.86,24.9,2229800.0,2112400.0,0,0,0,0,0,0,0,0,0,0,0,0,0,0,0,0,0,0,0,0,0,0,0,0,0,0,18,2026-02-06 06:14:12.513159
SPNG,24.73,25.09,25.23,1994400.0,1445000.0,0,0,0,0,0,0,0,0,0,0,0,0,0,0,0,0,0,0,0,0,0,0,0,0,0,0,19,2026-02-06 06:14:13.068319
SMMR,25.05,25.05,25.12,2312000.0,2374400.0,0,0,0,0,0,0,0,0,0,0,0,0,0,0,0,0,0,0,0,0,0,0,0,0,0,0,19,2026-02-06 06:14:13.068319
ATMN,25.11,24.88,25.02,2330500.0,2139800.0,0,0,0,0,0,0,0,0,0,0,0,0,0,0,0,0,0,0,0,0,0,0,0,0,0,0,19,2026-02-06 06:14:13.068319
WNTR,25.08,24.95,25.08,2223800.0,2116000.0,0,0,0,0,0,0,0,0,0,0,0,0,0,0,0,0,0,0,0,0,0,0,0,0,0,0,19,2026-02-06 06:14:13.068319
SPNG,25.23,25.09,25.23,1997100.0,1445000.0,0,0,0,0,0,0,0,0,0,0,0,0,0,0,0,0,0,0,0,0,0,0,0,0,0,0,20,2026-02-06 06:14:14.128792
SMMR,25.17,24.92,25.16,2273200.0,2370700.0,0,0,0,0,0,0,0,0,0,0,0,0,0,0,0,0,0,0,0,0,0,0,0,0,0,0,20,2026-02-06 06:14:14.128792
ATMN,24.84,24.84,24.99,2323100.0,2101100.0,0,0,0,0,0,0,0,0,0,0,0,0,0,0,0,0,0,0,0,0,0,0,0,0,0,0,20,2026-02-06 06:14:14.128792
WNTR,25.1,24.95,25.1,2221000.0,2100200.0,0,0,0,0,0,0,0,0,0,0,0,0,0,0,0,0,0,0,0,0,0,0,0,0,0,0,20,2026-02-06 06:14:14.128792
SPNG,25.09,24.73,24.89,1981800.0,1654800.0,0,0,0,0,0,0,0,0,0,0,0,0,0,0,0,0,0,0,0,0,0,0,0,0,0,0,21,2026-02-06 06:14:15.180338
SMMR,24.86,24.86,25.11,2275600.0,2409000.0,0,0,0,0,0,0,0,0,0,0,0,0,0,0,0,0,0,0,0,0,0,0,0,0,0,0,21,2026-02-06 06:14:15.180338
ATMN,24.84,24.97,24.99,2347400.0,2302500.0,0,0,0,0,0,0,0,0,0,0,0,0,0,0,0,0,0,0,0,0,0,0,0,0,0,0,21,2026-02-06 06:14:15.180338
WNTR,25.1,25.0,25.1,2213100.0,2084200.0,0,0,0,0,0,0,0,0,0,0,0,0,0,0,0,0,0,0,0,0,0,0,0,0,0,0,21,2026-02-06 06:14:15.180338
SPNG,25.23,24.73,25.23,1999000.0,1445000.0,0,0,0,0,0,0,0,0,0,0,0,0,0,0,0,0,0,0,0,0,0,0,0,0,0,0,22,2026-02-06 06:14:16.251199
SMMR,25.16,24.92,25.11,2269900.0,2410500.0,0,0,0,0,0,0,0,0,0,0,0,0,0,0,0,0,0,0,0,0,0,0,0,0,0,0,22,2026-02-06 06:14:16.251199
ATMN,25.08,24.97,25.08,2354100.0,2207200.0,0,0,0,0,0,0,0,0,0,0,0,0,0,0,0,0,0,0,0,0,0,0,0,0,0,0,22,2026-02-06 06:14:16.251199
WNTR,25.11,25.06,25.11,2232800.0,2055600.0,0,0,0,0,0,0,0,0,0,0,0,0,0,0,0,0,0,0,0,0,0,0,0,0,0,0,22,2026-02-06 06:14:16.251199
SPNG,25.41,24.73,24.78,1999000.0,1666900.0,0,0,0,0,0,0,0,0,0,0,0,0,0,0,0,0,0,0,0,0,0,0,0,0,0,0,23,2026-02-06 06:14:17.288455
SMMR,24.86,24.86,25.11,2297000.0,2422500.0,0,0,0,0,0,0,0,0,0,0,0,0,0,0,0,0,0,0,0,0,0,0,0,0,0,0,23,2026-02-06 06:14:17.288455
ATMN,25.08,25.19,25.25,2364800.0,2295300.0,0,0,0,0,0,0,0,0,0,0,0,0,0,0,0,0,0,0,0,0,0,0,0,0,0,0,23,2026-02-06 06:14:17.288455
WNTR,25.04,25.04,25.11,2242700.0,2055600.0,0,0,0,0,0,0,0,0,0,0,0,0,0,0,0,0,0,0,0,0,0,0,0,0,0,0,23,2026-02-06 06:14:17.288455
SPNG,25.56,24.73,25.56,1993100.0,1468000.0,0,0,0,0,0,0,0,0,0,0,0,0,0,0,0,0,0,0,0,0,0,0,0,0,0,0,24,2026-02-06 06:14:18.338684
SMMR,25.11,24.86,24.99,2301200.0,2379400.0,0,0,0,0,0,0,0,0,0,0,0,0,0,0,0,0,0,0,0,0,0,0,0,0,0,0,24,2026-02-06 06:14:18.338684
ATMN,24.97,24.97,25.25,2354100.0,2327500.0,0,0,0,0,0,0,0,0,0,0,0,0,0,0,0,0,0,0,0,0,0,0,0,0,0,0,24,2026-02-06 06:14:18.338684
WNTR,25.0,25.0,25.08,2215100.0,2074400.0,0,0,0,0,0,0,0,0,0,0,0,0,0,0,0,0,0,0,0,0,0,0,0,0,0,0,24,2026-02-06 06:14:18.338684
SPNG,25.56,25.4,25.56,2008600.0,1693300.0,0,0,0,0,0,0,0,0,0,0,0,0,0,0,0,0,0,0,0,0,0,0,0,0,0,0,25,2026-02-06 06:14:19.385915
SMMR,24.99,24.96,24.99,2306100.0,2379400.0,0,0,0,0,0,0,0,0,0,0,0,0,0,0,0,0,0,0,0,0,0,0,0,0,0,0,25,2026-02-06 06:14:19.385915
ATMN,24.88,24.84,24.88,2342900.0,2356700.0,0,0,0,0,0,0,0,0,0,0,0,0,0,0,0,0,0,0,0,0,0,0,0,0,0,0,25,2026-02-06 06:14:19.385915
WNTR,24.94,24.94,25.11,2215200.0,2055600.0,0,0,0,0,0,0,0,0,0,0,0,0,0,0,0,0,0,0,0,0,0,0,0,0,0,0,25,2026-02-06 06:14:19.385915
SPNG,25.56,24.73,25.56,1993100.0,1693300.0,0,0,0,0,0,0,0,0,0,0,0,0,0,0,0,0,0,0,0,0,0,0,0,0,0,0,26,2026-02-06 06:14:20.441539
SMMR,24.99,25.03,25.11,2304500.0,2388600.0,0,0,0,0,0,0,0,0,0,0,0,0,0,0,0,0,0,0,0,0,0,0,0,0,0,0,26,2026-02-06 06:14:20.441539
ATMN,24.88,24.95,25.15,2323900.0,2350900.0,0,0,0,0,0,0,0,0,0,0,0,0,0,0,0,0,0,0,0,0,0,0,0,0,0,0,26,2026-02-06 06:14:20.441539
WNTR,24.94,25.02,25.09,2228200.0,2061000.0,0,0,0,0,0,0,0,0,0,0,0,0,0,0,0,0,0,0,0,0,0,0,0,0,0,0,26,2026-02-06 06:14:20.441539
SPNG,24.69,24.69,25.32,2017200.0,1671200.0,0,0,0,0,0,0,0,0,0,0,0,0,0,0,0,0,0,0,0,0,0,0,0,0,0,0,27,2026-02-06 06:14:21.497093
SMMR,25.03,24.86,25.01,2298500.0,2408300.0,0,0,0,0,0,0,0,0,0,0,0,0,0,0,0,0,0,0,0,0,0,0,0,0,0,0,27,2026-02-06 06:14:21.497093
ATMN,25.25,24.84,25.25,2332000.0,2338000.0,0,0,0,0,0,0,0,0,0,0,0,0,0,0,0,0,0,0,0,0,0,0,0,0,0,0,27,2026-02-06 06:14:21.497093
WNTR,25.04,25.04,25.09,2229100.0,2061000.0,0,0,0,0,0,0,0,0,0,0,0,0,0,0,0,0,0,0,0,0,0,0,0,0,0,0,27,2026-02-06 06:14:21.497093
SPNG,25.32,24.95,25.32,2034600.0,1780300.0,0,0,0,0,0,0,0,0,0,0,0,0,0,0,0,0,0,0,0,0,0,0,0,0,0,0,28,2026-02-06 06:14:22.548626
SMMR,24.93,24.93,25.01,2287000.0,2408300.0,0,0,0,0,0,0,0,0,0,0,0,0,0,0,0,0,0,0,0,0,0,0,0,0,0,0,28,2026-02-06 06:14:22.548626
ATMN,25.25,24.84,25.17,2324600.0,2330200.0,0,0,0,0,0,0,0,0,0,0,0,0,0,0,0,0,0,0,0,0,0,0,0,0,0,0,28,2026-02-06 06:14:22.548626
WNTR,25.04,25.07,25.09,2242500.0,2065600.0,0,0,0,0,0,0,0,0,0,0,0,0,0,0,0,0,0,0,0,0,0,0,0,0,0,0,28,2026-02-06 06:14:22.548626
SPNG,25.32,25.18,25.32,2042800.0,1975300.0,0,0,0,0,0,0,0,0,0,0,0,0,0,0,0,0,0,0,0,0,0,0,0,0,0,0,29,2026-02-06 06:14:23.595888
SMMR,25.19,24.93,25.0,2291200.0,2412100.0,0,0,0,0,0,0,0,0,0,0,0,0,0,0,0,0,0,0,0,0,0,0,0,0,0,0,29,2026-02-06 06:14:23.595888
ATMN,24.81,24.99,25.17,2354600.0,2330200.0,0,0,0,0,0,0,0,0,0,0,0,0,0,0,0,0,0,0,0,0,0,0,0,0,0,0,29,2026-02-06 06:14:23.595888
WNTR,25.12,25.09,25.12,2250500.0,2072000.0,0,0,0,0,0,0,0,0,0,0,0,0,0,0,0,0,0,0,0,0,0,0,0,0,0,0,29,2026-02-06 06:14:23.595888
SPNG,25.32,25.18,25.32,2042800.0,2003200.0,0,0,0,0,0,0,0,0,0,0,0,0,0,0,0,0,0,0,0,0,0,0,0,0,0,0,30,2026-02-06 06:14:24.147518
SMMR,25.19,24.95,25.0,2281800.0,2412100.0,0,0,0,0,0,0,0,0,0,0,0,0,0,0,0,0,0,0,0,0,0,0,0,0,0,0,30,2026-02-06 06:14:24.147518
ATMN,24.99,24.99,25.17,2354600.0,2330200.0,0,0,0,0,0,0,0,0,0,0,0,0,0,0,0,0,0,0,0,0,0,0,0,0,0,0,30,2026-02-06 06:14:24.147518
WNTR,25.12,25.09,25.12,2253900.0,2035300.0,0,0,0,0,0,0,0,0,0,0,0,0,0,0,0,0,0,0,0,0,0,0,0,0,0,0,30,2026-02-06 06:14:24.147518
SPNG,25.18,25.18,25.32,2042800.0,1976600.0,0,0,0,0,0,0,0,0,0,0,0,0,0,0,0,0,0,0,0,0,0,0,0,0,0,0,31,2026-02-06 06:14:25.205673
SMMR,25.2,24.93,25.2,2283100.0,2394700.0,0,0,0,0,0,0,0,0,0,0,0,0,0,0,0,0,0,0,0,0,0,0,0,0,0,0,31,2026-02-06 06:14:25.205673
ATMN,24.99,24.81,24.93,2328700.0,2332400.0,0,0,0,0,0,0,0,0,0,0,0,0,0,0,0,0,0,0,0,0,0,0,0,0,0,0,31,2026-02-06 06:14:25.205673
WNTR,25.15,25.04,25.15,2280300.0,2049400.0,0,0,0,0,0,0,0,0,0,0,0,0,0,0,0,0,0,0,0,0,0,0,0,0,0,0,31,2026-02-06 06:14:25.205673
SPNG,25.18,24.95,25.05,2034600.0,1973300.0,0,0,0,0,0,0,0,0,0,0,0,0,0,0,0,0,0,0,0,0,0,0,0,0,0,0,32,2026-02-06 06:14:26.250275
SMMR,25.2,25.07,25.2,2247200.0,2419600.0,0,0,0,0,0,0,0,0,0,0,0,0,0,0,0,0,0,0,0,0,0,0,0,0,0,0,32,2026-02-06 06:14:26.250275
ATMN,25.17,24.81,25.17,2299600.0,2337900.0,0,0,0,0,0,0,0,0,0,0,0,0,0,0,0,0,0,0,0,0,0,0,0,0,0,0,32,2026-02-06 06:14:26.250275
WNTR,25.18,25.04,25.18,2293200.0,2078100.0,0,0,0,0,0,0,0,0,0,0,0,0,0,0,0,0,0,0,0,0,0,0,0,0,0,0,32,2026-02-06 06:14:26.250275
SPNG,25.18,24.95,25.05,2042000.0,1973300.0,0,0,0,0,0,0,0,0,0,0,0,0,0,0,0,0,0,0,0,0,0,0,0,0,0,0,33,2026-02-06 06:14:27.340163
SMMR,24.86,24.86,25.1,2266000.0,2405700.0,0,0,0,0,0,0,0,0,0,0,0,0,0,0,0,0,0,0,0,0,0,0,0,0,0,0,33,2026-02-06 06:14:27.340163
ATMN,24.79,24.77,24.79,2333500.0,2361100.0,0,0,0,0,0,0,0,0,0,0,0,0,0,0,0,0,0,0,0,0,0,0,0,0,0,0,33,2026-02-06 06:14:27.340163
WNTR,25.11,25.11,25.18,2290800.0,2101600.0,0,0,0,0,0,0,0,0,0,0,0,0,0,0,0,0,0,0,0,0,0,0,0,0,0,0,33,2026-02-06 06:14:27.340163
SPNG,24.69,24.69,25.05,2042300.0,1973300.0,0,0,0,0,0,0,0,0,0,0,0,0,0,0,0,0,0,0,0,0,0,0,0,0,0,0,34,2026-02-06 06:14:28.388730
SMMR,24.86,24.86,25.1,2266000.0,2405700.0,0,0,0,0,0,0,0,0,0,0,0,0,0,0,0,0,0,0,0,0,0,0,0,0,0,0,34,2026-02-06 06:14:28.388730
ATMN,24.79,24.91,25.08,2320900.0,2365500.0,0,0,0,0,0,0,0,0,0,0,0,0,0,0,0,0,0,0,0,0,0,0,0,0,0,0,34,2026-02-06 06:14:28.388730
WNTR,25.11,25.04,25.06,2293200.0,2120000.0,0,0,0,0,0,0,0,0,0,0,0,0,0,0,0,0,0,0,0,0,0,0,0,0,0,0,34,2026-02-06 06:14:28.388730
SPNG,24.69,24.92,25.05,2035800.0,1973300.0,0,0,0,0,0,0,0,0,0,0,0,0,0,0,0,0,0,0,0,0,0,0,0,0,0,0,35,2026-02-06 06:14:29.440761
SMMR,24.86,25.01,25.1,2215700.0,2405700.0,0,0,0,0,0,0,0,0,0,0,0,0,0,0,0,0,0,0,0,0,0,0,0,0,0,0,35,2026-02-06 06:14:29.440761
ATMN,24.79,25.04,25.08,2296500.0,2349400.0,0,0,0,0,0,0,0,0,0,0,0,0,0,0,0,0,0,0,0,0,0,0,0,0,0,0,35,2026-02-06 06:14:29.440761
WNTR,25.06,25.06,25.11,2294300.0,2086100.0,0,0,0,0,0,0,0,0,0,0,0,0,0,0,0,0,0,0,0,0,0,0,0,0,0,0,35,2026-02-06 06:14:29.440761
SPNG,25.32,24.92,25.02,2002400.0,1959000.0,0,0,0,0,0,0,0,0,0,0,0,0,0,0,0,0,0,0,0,0,0,0,0,0,0,0,36,2026-02-06 06:14:30.496177
SMMR,25.04,25.04,25.1,2216400.0,2405700.0,0,0,0,0,0,0,0,0,0,0,0,0,0,0,0,0,0,0,0,0,0,0,0,0,0,0,36,2026-02-06 06:14:30.496177
ATMN,25.04,25.04,25.08,2296500.0,2359500.0,0,0,0,0,0,0,0,0,0,0,0,0,0,0,0,0,0,0,0,0,0,0,0,0,0,0,36,2026-02-06 06:14:30.496177
WNTR,25.06,25.06,25.2,2311200.0,2106000.0,0,0,0,0,0,0,0,0,0,0,0,0,0,0,0,0,0,0,0,0,0,0,0,0,0,0,36,2026-02-06 06:14:30.496177
SPNG,24.88,24.88,25.32,2023100.0,1974700.0,0,0,0,0,0,0,0,0,0,0,0,0,0,0,0,0,0,0,0,0,0,0,0,0,0,0,37,2026-02-06 06:14:31.580425
SMMR,25.04,25.04,25.07,2216400.0,2408100.0,0,0,0,0,0,0,0,0,0,0,0,0,0,0,0,0,0,0,0,0,0,0,0,0,0,0,37,2026-02-06 06:14:31.580425
ATMN,25.06,25.04,25.06,2296500.0,2375700.0,0,0,0,0,0,0,0,0,0,0,0,0,0,0,0,0,0,0,0,0,0,0,0,0,0,0,37,2026-02-06 06:14:31.580425
WNTR,25.2,25.06,25.2,2291800.0,2121500.0,0,0,0,0,0,0,0,0,0,0,0,0,0,0,0,0,0,0,0,0,0,0,0,0,0,0,37,2026-02-06 06:14:31.580425
SPNG,24.88,25.14,25.32,2029900.0,1958400.0,0,0,0,0,0,0,0,0,0,0,0,0,0,0,0,0,0,0,0,0,0,0,0,0,0,0,38,2026-02-06 06:14:32.642126
SMMR,25.21,25.04,25.19,2216400.0,2375500.0,0,0,0,0,0,0,0,0,0,0,0,0,0,0,0,0,0,0,0,0,0,0,0,0,0,0,38,2026-02-06 06:14:32.642126
ATMN,25.04,24.93,25.01,2314100.0,2362500.0,0,0,0,0,0,0,0,0,0,0,0,0,0,0,0,0,0,0,0,0,0,0,0,0,0,0,38,2026-02-06 06:14:32.642126
WNTR,25.23,25.06,25.23,2267100.0,2119600.0,0,0,0,0,0,0,0,0,0,0,0,0,0,0,0,0,0,0,0,0,0,0,0,0,0,0,38,2026-02-06 06:14:32.642126
SPNG,25.14,25.14,25.32,2029900.0,1958400.0,0,0,0,0,0,0,0,0,0,0,0,0,0,0,0,0,0,0,0,0,0,0,0,0,0,0,39,2026-02-06 06:14:33.196709
SMMR,25.21,25.04,25.12,2216400.0,2406100.0,0,0,0,0,0,0,0,0,0,0,0,0,0,0,0,0,0,0,0,0,0,0,0,0,0,0,39,2026-02-06 06:14:33.196709
ATMN,25.01,24.93,25.01,2314100.0,2370500.0,0,0,0,0,0,0,0,0,0,0,0,0,0,0,0,0,0,0,0,0,0,0,0,0,0,0,39,2026-02-06 06:14:33.196709
WNTR,25.27,25.06,25.22,2267100.0,2137300.0,0,0,0,0,0,0,0,0,0,0,0,0,0,0,0,0,0,0,0,0,0,0,0,0,0,0,39,2026-02-06 06:14:33.196709
SPNG,24.88,24.88,25.32,2023100.0,1956100.0,0,0,0,0,0,0,0,0,0,0,0,0,0,0,0,0,0,0,0,0,0,0,0,0,0,0,40,2026-02-06 06:14:34.246857
SMMR,25.19,25.04,25.19,2216400.0,2375500.0,0,0,0,0,0,0,0,0,0,0,0,0,0,0,0,0,0,0,0,0,0,0,0,0,0,0,40,2026-02-06 06:14:34.246857
ATMN,24.77,24.77,25.18,2318300.0,2353100.0,0,0,0,0,0,0,0,0,0,0,0,0,0,0,0,0,0,0,0,0,0,0,0,0,0,0,40,2026-02-06 06:14:34.246857
WNTR,25.22,25.25,25.27,2276400.0,2187900.0,0,0,0,0,0,0,0,0,0,0,0,0,0,0,0,0,0,0,0,0,0,0,0,0,0,0,40,2026-02-06 06:14:34.246857
SPNG,25.43,24.88,25.12,2023100.0,1970300.0,0,0,0,0,0,0,0,0,0,0,0,0,0,0,0,0,0,0,0,0,0,0,0,0,0,0,41,2026-02-06 06:14:35.293206
SMMR,25.21,25.0,25.21,2218900.0,2362800.0,0,0,0,0,0,0,0,0,0,0,0,0,0,0,0,0,0,0,0,0,0,0,0,0,0,0,41,2026-02-06 06:14:35.293206
ATMN,25.1,24.91,25.06,2325300.0,2354600.0,0,0,0,0,0,0,0,0,0,0,0,0,0,0,0,0,0,0,0,0,0,0,0,0,0,0,41,2026-02-06 06:14:35.293206
WNTR,25.07,25.04,25.07,2261400.0,2198900.0,0,0,0,0,0,0,0,0,0,0,0,0,0,0,0,0,0,0,0,0,0,0,0,0,0,0,41,2026-02-06 06:14:35.293206
SPNG,25.43,24.88,25.12,1972900.0,1970300.0,0,0,0,0,0,0,0,0,0,0,0,0,0,0,0,0,0,0,0,0,0,0,0,0,0,0,42,2026-02-06 06:14:36.348558
SMMR,25.21,25.0,25.08,2218100.0,2344700.0,0,0,0,0,0,0,0,0,0,0,0,0,0,0,0,0,0,0,0,0,0,0,0,0,0,0,42,2026-02-06 06:14:36.348558
ATMN,25.1,25.05,25.06,2324600.0,2340300.0,0,0,0,0,0,0,0,0,0,0,0,0,0,0,0,0,0,0,0,0,0,0,0,0,0,0,42,2026-02-06 06:14:36.348558
WNTR,25.04,25.04,25.27,2261400.0,2188000.0,0,0,0,0,0,0,0,0,0,0,0,0,0,0,0,0,0,0,0,0,0,0,0,0,0,0,42,2026-02-06 06:14:36.348558
SPNG,25.51,24.87,25.51,1980100.0,1954400.0,0,0,0,0,0,0,0,0,0,0,0,0,0,0,0,0,0,0,0,0,0,0,0,0,0,0,43,2026-02-06 06:14:37.402401
SMMR,25.22,24.98,25.22,2245800.0,2347000.0,0,0,0,0,0,0,0,0,0,0,0,0,0,0,0,0,0,0,0,0,0,0,0,0,0,0,43,2026-02-06 06:14:37.402401
ATMN,25.06,25.09,25.18,2309600.0,2337200.0,0,0,0,0,0,0,0,0,0,0,0,0,0,0,0,0,0,0,0,0,0,0,0,0,0,0,43,2026-02-06 06:14:37.402401
WNTR,25.29,25.04,25.15,2261400.0,2185000.0,0,0,0,0,0,0,0,0,0,0,0,0,0,0,0,0,0,0,0,0,0,0,0,0,0,0,43,2026-02-06 06:14:37.402401
SPNG,24.78,24.78,25.46,1962600.0,1927600.0,0,0,0,0,0,0,0,0,0,0,0,0,0,0,0,0,0,0,0,0,0,0,0,0,0,0,44,2026-02-06 06:14:38.492299
SMMR,25.09,24.93,25.09,2238400.0,2351800.0,0,0,0,0,0,0,0,0,0,0,0,0,0,0,0,0,0,0,0,0,0,0,0,0,0,0,44,2026-02-06 06:14:38.492299
ATMN,25.09,25.09,25.18,2309600.0,2337200.0,0,0,0,0,0,0,0,0,0,0,0,0,0,0,0,0,0,0,0,0,0,0,0,0,0,0,44,2026-02-06 06:14:38.492299
WNTR,25.02,25.02,25.08,2271600.0,2183900.0,0,0,0,0,0,0,0,0,0,0,0,0,0,0,0,0,0,0,0,0,0,0,0,0,0,0,44,2026-02-06 06:14:38.492299
SPNG,25.46,24.78,25.46,1962600.0,1927600.0,0,0,0,0,0,0,0,0,0,0,0,0,0,0,0,0,0,0,0,0,0,0,0,0,0,0,45,2026-02-06 06:14:39.570700
SMMR,25.09,25.08,25.09,2221800.0,2346900.0,0,0,0,0,0,0,0,0,0,0,0,0,0,0,0,0,0,0,0,0,0,0,0,0,0,0,45,2026-02-06 06:14:39.570700
ATMN,24.95,24.95,25.2,2352300.0,2352600.0,0,0,0,0,0,0,0,0,0,0,0,0,0,0,0,0,0,0,0,0,0,0,0,0,0,0,45,2026-02-06 06:14:39.570700
WNTR,25.08,25.02,25.08,2241700.0,2183900.0,0,0,0,0,0,0,0,0,0,0,0,0,0,0,0,0,0,0,0,0,0,0,0,0,0,0,45,2026-02-06 06:14:39.570700
SPNG,25.51,25.16,25.51,1964800.0,1928600.0,0,0,0,0,0,0,0,0,0,0,0,0,0,0,0,0,0,0,0,0,0,0,0,0,0,0,46,2026-02-06 06:14:40.619610
SMMR,24.96,24.96,25.09,2235400.0,2292700.0,0,0,0,0,0,0,0,0,0,0,0,0,0,0,0,0,0,0,0,0,0,0,0,0,0,0,46,2026-02-06 06:14:40.619610
ATMN,24.95,24.91,24.95,2351900.0,2352400.0,0,0,0,0,0,0,0,0,0,0,0,0,0,0,0,0,0,0,0,0,0,0,0,0,0,0,46,2026-02-06 06:14:40.619610
WNTR,25.09,25.02,25.09,2241700.0,2150400.0,0,0,0,0,0,0,0,0,0,0,0,0,0,0,0,0,0,0,0,0,0,0,0,0,0,0,46,2026-02-06 06:14:40.619610
SPNG,25.16,24.78,25.16,1962600.0,1942600.0,0,0,0,0,0,0,0,0,0,0,0,0,0,0,0,0,0,0,0,0,0,0,0,0,0,0,47,2026-02-06 06:14:41.670799
SMMR,24.93,24.93,25.09,2233200.0,2280100.0,0,0,0,0,0,0,0,0,0,0,0,0,0,0,0,0,0,0,0,0,0,0,0,0,0,0,47,2026-02-06 06:14:41.670799
ATMN,24.91,24.91,25.2,2348500.0,2352600.0,0,0,0,0,0,0,0,0,0,0,0,0,0,0,0,0,0,0,0,0,0,0,0,0,0,0,47,2026-02-06 06:14:41.670799
WNTR,25.15,25.02,25.15,2241700.0,2150000.0,0,0,0,0,0,0,0,0,0,0,0,0,0,0,0,0,0,0,0,0,0,0,0,0,0,0,47,2026-02-06 06:14:41.670799
SPNG,25.47,25.47,25.51,1951300.0,1928600.0,0,0,0,0,0,0,0,0,0,0,0,0,0,0,0,0,0,0,0,0,0,0,0,0,0,0,48,2026-02-06 06:14:42.237861
SMMR,24.93,24.93,25.09,2232500.0,2280100.0,0,0,0,0,0,0,0,0,0,0,0,0,0,0,0,0,0,0,0,0,0,0,0,0,0,0,48,2026-02-06 06:14:42.237861
ATMN,24.9,24.84,24.86,2336200.0,2342300.0,0,0,0,0,0,0,0,0,0,0,0,0,0,0,0,0,0,0,0,0,0,0,0,0,0,0,48,2026-02-06 06:14:42.237861
WNTR,25.15,25.02,25.15,2241700.0,2176700.0,0,0,0,0,0,0,0,0,0,0,0,0,0,0,0,0,0,0,0,0,0,0,0,0,0,0,48,2026-02-06 06:14:42.237861
SPNG,25.47,25.47,25.51,1951300.0,1970200.0,0,0,0,0,0,0,0,0,0,0,0,0,0,0,0,0,0,0,0,0,0,0,0,0,0,0,49,2026-02-06 06:14:43.287546
SMMR,24.93,24.93,25.09,2232500.0,2280100.0,0,0,0,0,0,0,0,0,0,0,0,0,0,0,0,0,0,0,0,0,0,0,0,0,0,0,49,2026-02-06 06:14:43.287546
ATMN,24.84,25.13,25.2,2328900.0,2352600.0,0,0,0,0,0,0,0,0,0,0,0,0,0,0,0,0,0,0,0,0,0,0,0,0,0,0,49,2026-02-06 06:14:43.287546
WNTR,25.15,25.05,25.15,2232000.0,2173500.0,0,0,0,0,0,0,0,0,0,0,0,0,0,0,0,0,0,0,0,0,0,0,0,0,0,0,49,2026-02-06 06:14:43.287546
SPNG,25.47,25.47,25.51,1951300.0,1924200.0,0,0,0,0,0,0,0,0,0,0,0,0,0,0,0,0,0,0,0,0,0,0,0,0,0,0,50,2026-02-06 06:14:44.333822
SMMR,25.2,24.95,25.07,2226300.0,2273700.0,0,0,0,0,0,0,0,0,0,0,0,0,0,0,0,0,0,0,0,0,0,0,0,0,0,0,50,2026-02-06 06:14:44.333822
ATMN,25.13,24.84,24.97,2336200.0,2336700.0,0,0,0,0,0,0,0,0,0,0,0,0,0,0,0,0,0,0,0,0,0,0,0,0,0,0,50,2026-02-06 06:14:44.333822
WNTR,24.98,24.98,25.15,2267100.0,2173500.0,0,0,0,0,0,0,0,0,0,0,0,0,0,0,0,0,0,0,0,0,0,0,0,0,0,0,50,2026-02-06 06:14:44.333822
SPNG,24.76,24.76,25.51,1974900.0,1916100.0,0,0,0,0,0,0,0,0,0,0,0,0,0,0,0,0,0,0,0,0,0,0,0,0,0,0,51,2026-02-06 06:14:45.434352
SMMR,25.2,25.12,25.2,2239200.0,2288200.0,0,0,0,0,0,0,0,0,0,0,0,0,0,0,0,0,0,0,0,0,0,0,0,0,0,0,51,2026-02-06 06:14:45.434352
ATMN,24.84,24.84,25.2,2336200.0,2343900.0,0,0,0,0,0,0,0,0,0,0,0,0,0,0,0,0,0,0,0,0,0,0,0,0,0,0,51,2026-02-06 06:14:45.434352
WNTR,25.16,25.13,25.16,2242400.0,2152600.0,0,0,0,0,0,0,0,0,0,0,0,0,0,0,0,0,0,0,0,0,0,0,0,0,0,0,51,2026-02-06 06:14:45.434352
SPNG,24.74,24.79,25.51,2000000.0,1916100.0,0,0,0,0,0,0,0,0,0,0,0,0,0,0,0,0,0,0,0,0,0,0,0,0,0,0,52,2026-02-06 06:14:46.481894
SMMR,25.0,25.06,25.2,2249100.0,2288200.0,0,0,0,0,0,0,0,0,0,0,0,0,0,0,0,0,0,0,0,0,0,0,0,0,0,0,52,2026-02-06 06:14:46.481894
ATMN,24.77,24.77,25.21,2318300.0,2346800.0,0,0,0,0,0,0,0,0,0,0,0,0,0,0,0,0,0,0,0,0,0,0,0,0,0,0,52,2026-02-06 06:14:46.481894
WNTR,25.07,25.07,25.16,2259700.0,2191700.0,0,0,0,0,0,0,0,0,0,0,0,0,0,0,0,0,0,0,0,0,0,0,0,0,0,0,52,2026-02-06 06:14:46.481894
SPNG,25.53,24.79,25.53,2000000.0,1916800.0,0,0,0,0,0,0,0,0,0,0,0,0,0,0,0,0,0,0,0,0,0,0,0,0,0,0,53,2026-02-06 06:14:47.528105
SMMR,25.06,24.95,24.99,2226300.0,2321700.0,0,0,0,0,0,0,0,0,0,0,0,0,0,0,0,0,0,0,0,0,0,0,0,0,0,0,53,2026-02-06 06:14:47.528105
ATMN,24.77,24.85,25.17,2330600.0,2330200.0,0,0,0,0,0,0,0,0,0,0,0,0,0,0,0,0,0,0,0,0,0,0,0,0,0,0,53,2026-02-06 06:14:47.528105
WNTR,24.98,25.14,25.16,2248200.0,2156500.0,0,0,0,0,0,0,0,0,0,0,0,0,0,0,0,0,0,0,0,0,0,0,0,0,0,0,53,2026-02-06 06:14:47.528105
SPNG,24.64,25.16,25.53,2006200.0,1916800.0,0,0,0,0,0,0,0,0,0,0,0,0,0,0,0,0,0,0,0,0,0,0,0,0,0,0,54,2026-02-06 06:14:48.571952
SMMR,25.14,24.95,25.14,2287200.0,2303600.0,0,0,0,0,0,0,0,0,0,0,0,0,0,0,0,0,0,0,0,0,0,0,0,0,0,0,54,2026-02-06 06:14:48.571952
ATMN,25.15,24.95,25.06,2329100.0,2320600.0,0,0,0,0,0,0,0,0,0,0,0,0,0,0,0,0,0,0,0,0,0,0,0,0,0,0,54,2026-02-06 06:14:48.571952
WNTR,25.14,25.04,25.08,2232100.0,2179000.0,0,0,0,0,0,0,0,0,0,0,0,0,0,0,0,0,0,0,0,0,0,0,0,0,0,0,54,2026-02-06 06:14:48.571952
SPNG,24.64,25.16,25.35,2006200.0,1940700.0,0,0,0,0,0,0,0,0,0,0,0,0,0,0,0,0,0,0,0,0,0,0,0,0,0,0,55,2026-02-06 06:14:49.619636
SMMR,25.2,25.0,25.14,2322600.0,2308200.0,0,0,0,0,0,0,0,0,0,0,0,0,0,0,0,0,0,0,0,0,0,0,0,0,0,0,55,2026-02-06 06:14:49.619636
ATMN,24.89,24.9,25.06,2324000.0,2298400.0,0,0,0,0,0,0,0,0,0,0,0,0,0,0,0,0,0,0,0,0,0,0,0,0,0,0,55,2026-02-06 06:14:49.619636
WNTR,24.97,24.97,25.08,2303100.0,2179000.0,0,0,0,0,0,0,0,0,0,0,0,0,0,0,0,0,0,0,0,0,0,0,0,0,0,0,55,2026-02-06 06:14:49.619636
SPNG,24.64,25.12,25.19,2034600.0,1926300.0,0,0,0,0,0,0,0,0,0,0,0,0,0,0,0,0,0,0,0,0,0,0,0,0,0,0,56,2026-02-06 06:14:50.701479
SMMR,25.14,24.97,25.14,2299300.0,2308200.0,0,0,0,0,0,0,0,0,0,0,0,0,0,0,0,0,0,0,0,0,0,0,0,0,0,0,56,2026-02-06 06:14:50.701479
ATMN,24.9,24.9,25.17,2324000.0,2311700.0,0,0,0,0,0,0,0,0,0,0,0,0,0,0,0,0,0,0,0,0,0,0,0,0,0,0,56,2026-02-06 06:14:50.701479
WNTR,25.05,24.99,25.03,2317300.0,2182100.0,0,0,0,0,0,0,0,0,0,0,0,0,0,0,0,0,0,0,0,0,0,0,0,0,0,0,56,2026-02-06 06:14:50.701479
SPNG,25.35,24.63,25.35,2044900.0,1940700.0,0,0,0,0,0,0,0,0,0,0,0,0,0,0,0,0,0,0,0,0,0,0,0,0,0,0,57,2026-02-06 06:14:51.764385
SMMR,25.19,24.97,25.19,2312000.0,2321900.0,0,0,0,0,0,0,0,0,0,0,0,0,0,0,0,0,0,0,0,0,0,0,0,0,0,0,57,2026-02-06 06:14:51.764385
ATMN,25.0,24.96,25.0,2274300.0,2285100.0,0,0,0,0,0,0,0,0,0,0,0,0,0,0,0,0,0,0,0,0,0,0,0,0,0,0,57,2026-02-06 06:14:51.764385
WNTR,25.18,25.06,25.13,2313700.0,2138300.0,0,0,0,0,0,0,0,0,0,0,0,0,0,0,0,0,0,0,0,0,0,0,0,0,0,0,57,2026-02-06 06:14:51.764385
SPNG,25.35,24.89,25.35,2059500.0,1940700.0,0,0,0,0,0,0,0,0,0,0,0,0,0,0,0,0,0,0,0,0,0,0,0,0,0,0,58,2026-02-06 06:14:52.329334
SMMR,25.23,24.97,25.23,2312000.0,2305500.0,0,0,0,0,0,0,0,0,0,0,0,0,0,0,0,0,0,0,0,0,0,0,0,0,0,0,58,2026-02-06 06:14:52.329334
ATMN,25.0,24.96,25.0,2283300.0,2285100.0,0,0,0,0,0,0,0,0,0,0,0,0,0,0,0,0,0,0,0,0,0,0,0,0,0,0,58,2026-02-06 06:14:52.329334
WNTR,25.18,25.06,25.12,2313700.0,2141100.0,0,0,0,0,0,0,0,0,0,0,0,0,0,0,0,0,0,0,0,0,0,0,0,0,0,0,58,2026-02-06 06:14:52.329334
SPNG,25.35,24.89,25.18,2059500.0,1950300.0,0,0,0,0,0,0,0,0,0,0,0,0,0,0,0,0,0,0,0,0,0,0,0,0,0,0,59,2026-02-06 06:14:53.423648
SMMR,24.97,24.97,25.14,2312000.0,2281100.0,0,0,0,0,0,0,0,0,0,0,0,0,0,0,0,0,0,0,0,0,0,0,0,0,0,0,59,2026-02-06 06:14:53.423648
ATMN,24.9,24.9,25.17,2293500.0,2311700.0,0,0,0,0,0,0,0,0,0,0,0,0,0,0,0,0,0,0,0,0,0,0,0,0,0,0,59,2026-02-06 06:14:53.423648
WNTR,25.12,25.06,25.12,2290600.0,2141100.0,0,0,0,0,0,0,0,0,0,0,0,0,0,0,0,0,0,0,0,0,0,0,0,0,0,0,59,2026-02-06 06:14:53.423648
SPNG,25.21,23.8,0.0,200000.0,0,0,0,0,0,0,0,0,0,0,0,0,0,0,0,0,0,0,0,0,0,0,0,0,0,0,0,60,2026-02-06 06:14:54.498421
SMMR,25.23,24.82,0.0,200000.0,0,0,0,0,0,0,0,0,0,0,0,0,0,0,0,0,0,0,0,0,0,0,0,0,0,0,0,60,2026-02-06 06:14:54.498421
ATMN,24.95,24.99,0.0,200000.0,0,0,0,0,0,0,0,0,0,0,0,0,0,0,0,0,0,0,0,0,0,0,0,0,0,0,0,60,2026-02-06 06:14:54.498421
WNTR,25.06,25.61,0.0,200000.0,0,0,0,0,0,0,0,0,0,0,0,0,0,0,0,0,0,0,0,0,0,0,0,0,0,0,0,60,2026-02-06 06:14:54.498421
SPNG,25.21,25.1,25.23,874600.0,979800.0,0,0,0,0,0,0,0,0,0,0,0,0,0,0,0,0,0,0,0,0,0,0,0,0,0,0,61,2026-02-06 06:14:55.535262
SMMR,25.23,24.82,24.85,1034300.0,1120700.0,0,0,0,0,0,0,0,0,0,0,0,0,0,0,0,0,0,0,0,0,0,0,0,0,0,0,61,2026-02-06 06:14:55.535262
ATMN,24.99,24.99,25.31,968800.0,945200.0,0,0,0,0,0,0,0,0,0,0,0,0,0,0,0,0,0,0,0,0,0,0,0,0,0,0,61,2026-02-06 06:14:55.535262
WNTR,25.61,25.34,25.38,967500.0,839500.0,0,0,0,0,0,0,0,0,0,0,0,0,0,0,0,0,0,0,0,0,0,0,0,0,0,0,61,2026-02-06 06:14:55.535262
SPNG,25.02,23.99,24.5,910900.0,1090200.0,0,0,0,0,0,0,0,0,0,0,0,0,0,0,0,0,0,0,0,0,0,0,0,0,0,0,62,2026-02-06 06:14:56.583983
SMMR,24.82,24.82,25.0,1162200.0,1000600.0,0,0,0,0,0,0,0,0,0,0,0,0,0,0,0,0,0,0,0,0,0,0,0,0,0,0,62,2026-02-06 06:14:56.583983
ATMN,24.99,24.38,24.64,1246400.0,1078200.0,0,0,0,0,0,0,0,0,0,0,0,0,0,0,0,0,0,0,0,0,0,0,0,0,0,0,62,2026-02-06 06:14:56.583983
WNTR,25.39,25.45,25.67,1190400.0,792800.0,0,0,0,0,0,0,0,0,0,0,0,0,0,0,0,0,0,0,0,0,0,0,0,0,0,0,62,2026-02-06 06:14:56.583983
SPNG,23.99,23.99,24.5,910900.0,1310400.0,0,0,0,0,0,0,0,0,0,0,0,0,0,0,0,0,0,0,0,0,0,0,0,0,0,0,63,2026-02-06 06:14:57.627
SMMR,24.79,24.79,24.89,1183700.0,1129100.0,0,0,0,0,0,0,0,0,0,0,0,0,0,0,0,0,0,0,0,0,0,0,0,0,0,0,63,2026-02-06 06:14:57.627
ATMN,24.73,24.5,24.7,1365100.0,1044400.0,0,0,0,0,0,0,0,0,0,0,0,0,0,0,0,0,0,0,0,0,0,0,0,0,0,0,63,2026-02-06 06:14:57.627
WNTR,25.39,25.53,25.6,1393800.0,1023200.0,0,0,0,0,0,0,0,0,0,0,0,0,0,0,0,0,0,0,0,0,0,0,0,0,0,0,63,2026-02-06 06:14:57.627
SPNG,23.8,23.8,24.03,913800.0,1671700.0,0,0,0,0,0,0,0,0,0,0,0,0,0,0,0,0,0,0,0,0,0,0,0,0,0,0,64,2026-02-06 06:14:58.667357
SMMR,24.89,24.79,24.86,1288700.0,1337700.0,0,0,0,0,0,0,0,0,0,0,0,0,0,0,0,0,0,0,0,0,0,0,0,0,0,0,64,2026-02-06 06:14:58.667357
ATMN,24.5,24.67,25.17,1488300.0,1049800.0,0,0,0,0,0,0,0,0,0,0,0,0,0,0,0,0,0,0,0,0,0,0,0,0,0,0,64,2026-02-06 06:14:58.667357
WNTR,25.6,25.6,25.67,1495300.0,1117500.0,0,0,0,0,0,0,0,0,0,0,0,0,0,0,0,0,0,0,0,0,0,0,0,0,0,0,64,2026-02-06 06:14:58.667357
SPNG,23.8,22.38,23.37,924000.0,1975100.0,0,0,0,0,0,0,0,0,0,0,0,0,0,0,0,0,0,0,0,0,0,0,0,0,0,0,65,2026-02-06 06:14:59.734223
SMMR,25.0,24.76,25.0,1280000.0,1000600.0,0,0,0,0,0,0,0,0,0,0,0,0,0,0,0,0,0,0,0,0,0,0,0,0,0,0,65,2026-02-06 06:14:59.734223
ATMN,24.5,24.99,25.17,1713800.0,1178300.0,0,0,0,0,0,0,0,0,0,0,0,0,0,0,0,0,0,0,0,0,0,0,0,0,0,0,65,2026-02-06 06:14:59.734223
WNTR,25.6,25.6,25.67,1495300.0,1337600.0,0,0,0,0,0,0,0,0,0,0,0,0,0,0,0,0,0,0,0,0,0,0,0,0,0,0,65,2026-02-06 06:14:59.734223
SPNG,23.37,23.72,24.01,1045800.0,1972300.0,0,0,0,0,0,0,0,0,0,0,0,0,0,0,0,0,0,0,0,0,0,0,0,0,0,0,66,2026-02-06 06:15:00.803029
SMMR,24.67,24.67,25.0,1071800.0,884500.0,0,0,0,0,0,0,0,0,0,0,0,0,0,0,0,0,0,0,0,0,0,0,0,0,0,0,66,2026-02-06 06:15:00.803029
ATMN,24.67,24.67,25.17,1584500.0,1293600.0,0,0,0,0,0,0,0,0,0,0,0,0,0,0,0,0,0,0,0,0,0,0,0,0,0,0,66,2026-02-06 06:15:00.803029
WNTR,25.6,25.53,25.57,1393800.0,1695100.0,0,0,0,0,0,0,0,0,0,0,0,0,0,0,0,0,0,0,0,0,0,0,0,0,0,0,66,2026-02-06 06:15:00.803029
SPNG,23.72,22.38,22.8,924000.0,1966900.0,0,0,0,0,0,0,0,0,0,0,0,0,0,0,0,0,0,0,0,0,0,0,0,0,0,0,67,2026-02-06 06:15:01.396850
SMMR,24.67,24.7,24.87,1290300.0,1006600.0,0,0,0,0,0,0,0,0,0,0,0,0,0,0,0,0,0,0,0,0,0,0,0,0,0,0,67,2026-02-06 06:15:01.396850
ATMN,24.67,24.5,24.62,1461300.0,1428900.0,0,0,0,0,0,0,0,0,0,0,0,0,0,0,0,0,0,0,0,0,0,0,0,0,0,0,67,2026-02-06 06:15:01.396850
WNTR,25.68,25.53,25.68,1393800.0,1485300.0,0,0,0,0,0,0,0,0,0,0,0,0,0,0,0,0,0,0,0,0,0,0,0,0,0,0,67,2026-02-06 06:15:01.396850
SPNG,24.01,23.24,24.01,1153200.0,1964400.0,0,0,0,0,0,0,0,0,0,0,0,0,0,0,0,0,0,0,0,0,0,0,0,0,0,0,68,2026-02-06 06:15:02.499011
SMMR,24.67,24.7,24.84,1548500.0,1115300.0,0,0,0,0,0,0,0,0,0,0,0,0,0,0,0,0,0,0,0,0,0,0,0,0,0,0,68,2026-02-06 06:15:02.499011
ATMN,25.2,24.65,25.2,1589200.0,1189000.0,0,0,0,0,0,0,0,0,0,0,0,0,0,0,0,0,0,0,0,0,0,0,0,0,0,0,68,2026-02-06 06:15:02.499011
WNTR,25.42,25.42,25.68,1279200.0,1485300.0,0,0,0,0,0,0,0,0,0,0,0,0,0,0,0,0,0,0,0,0,0,0,0,0,0,0,68,2026-02-06 06:15:02.499011
SPNG,23.5,23.5,24.01,1248200.0,1973100.0,0,0,0,0,0,0,0,0,0,0,0,0,0,0,0,0,0,0,0,0,0,0,0,0,0,0,69,2026-02-06 06:15:03.541147
SMMR,24.87,24.78,24.87,1816800.0,1006600.0,0,0,0,0,0,0,0,0,0,0,0,0,0,0,0,0,0,0,0,0,0,0,0,0,0,0,69,2026-02-06 06:15:03.541147
ATMN,25.2,25.09,25.2,1826500.0,1290600.0,0,0,0,0,0,0,0,0,0,0,0,0,0,0,0,0,0,0,0,0,0,0,0,0,0,0,69,2026-02-06 06:15:03.541147
WNTR,25.78,25.5,25.52,1509500.0,1474100.0,0,0,0,0,0,0,0,0,0,0,0,0,0,0,0,0,0,0,0,0,0,0,0,0,0,0,69,2026-02-06 06:15:03.541147
SPNG,24.03,23.84,23.99,1371800.0,1983400.0,0,0,0,0,0,0,0,0,0,0,0,0,0,0,0,0,0,0,0,0,0,0,0,0,0,0,70,2026-02-06 06:15:04.607071
SMMR,24.8,24.79,24.8,1944200.0,1118300.0,0,0,0,0,0,0,0,0,0,0,0,0,0,0,0,0,0,0,0,0,0,0,0,0,0,0,70,2026-02-06 06:15:04.607071
ATMN,24.65,24.65,25.2,1728800.0,1500300.0,0,0,0,0,0,0,0,0,0,0,0,0,0,0,0,0,0,0,0,0,0,0,0,0,0,0,70,2026-02-06 06:15:04.607071
WNTR,25.78,25.5,25.52,1718400.0,1474100.0,0,0,0,0,0,0,0,0,0,0,0,0,0,0,0,0,0,0,0,0,0,0,0,0,0,0,70,2026-02-06 06:15:04.607071
SPNG,23.84,23.84,23.9,1371800.0,1993300.0,0,0,0,0,0,0,0,0,0,0,0,0,0,0,0,0,0,0,0,0,0,0,0,0,0,0,71,2026-02-06 06:15:05.648904
SMMR,25.0,24.82,25.0,2162400.0,884500.0,0,0,0,0,0,0,0,0,0,0,0,0,0,0,0,0,0,0,0,0,0,0,0,0,0,0,71,2026-02-06 06:15:05.648904
ATMN,24.73,24.73,25.2,2082400.0,1500300.0,0,0,0,0,0,0,0,0,0,0,0,0,0,0,0,0,0,0,0,0,0,0,0,0,0,0,71,2026-02-06 06:15:05.648904
WNTR,25.52,25.5,25.52,1976900.0,1563600.0,0,0,0,0,0,0,0,0,0,0,0,0,0,0,0,0,0,0,0,0,0,0,0,0,0,0,71,2026-02-06 06:15:05.648904
SPNG,23.84,23.84,23.9,1371800.0,2060700.0,0,0,0,0,0,0,0,0,0,0,0,0,0,0,0,0,0,0,0,0,0,0,0,0,0,0,72,2026-02-06 06:15:06.693383
SMMR,25.0,24.85,25.0,2298400.0,1145200.0,0,0,0,0,0,0,0,0,0,0,0,0,0,0,0,0,0,0,0,0,0,0,0,0,0,0,72,2026-02-06 06:15:06.693383
ATMN,25.2,25.21,25.23,2077200.0,1385000.0,0,0,0,0,0,0,0,0,0,0,0,0,0,0,0,0,0,0,0,0,0,0,0,0,0,0,72,2026-02-06 06:15:06.693383
WNTR,25.56,25.56,25.7,2224700.0,1472900.0,0,0,0,0,0,0,0,0,0,0,0,0,0,0,0,0,0,0,0,0,0,0,0,0,0,0,72,2026-02-06 06:15:06.693383
SPNG,23.92,23.24,23.92,1153200.0,2034900.0,0,0,0,0,0,0,0,0,0,0,0,0,0,0,0,0,0,0,0,0,0,0,0,0,0,0,73,2026-02-06 06:15:07.738116
SMMR,24.82,24.82,24.88,2162400.0,1283500.0,0,0,0,0,0,0,0,0,0,0,0,0,0,0,0,0,0,0,0,0,0,0,0,0,0,0,73,2026-02-06 06:15:07.738116
ATMN,25.21,24.7,25.2,2084300.0,1618000.0,0,0,0,0,0,0,0,0,0,0,0,0,0,0,0,0,0,0,0,0,0,0,0,0,0,0,73,2026-02-06 06:15:07.738116
WNTR,25.56,25.56,25.57,2204300.0,1655500.0,0,0,0,0,0,0,0,0,0,0,0,0,0,0,0,0,0,0,0,0,0,0,0,0,0,0,73,2026-02-06 06:15:07.738116
SPNG,23.99,23.25,23.99,1366700.0,2029500.0,0,0,0,0,0,0,0,0,0,0,0,0,0,0,0,0,0,0,0,0,0,0,0,0,0,0,74,2026-02-06 06:15:08.785654
SMMR,24.82,24.82,24.88,2451800.0,1283500.0,0,0,0,0,0,0,0,0,0,0,0,0,0,0,0,0,0,0,0,0,0,0,0,0,0,0,74,2026-02-06 06:15:08.785654
ATMN,25.21,25.17,25.2,2196400.0,1826800.0,0,0,0,0,0,0,0,0,0,0,0,0,0,0,0,0,0,0,0,0,0,0,0,0,0,0,74,2026-02-06 06:15:08.785654
WNTR,25.57,25.56,25.57,2194100.0,1655500.0,0,0,0,0,0,0,0,0,0,0,0,0,0,0,0,0,0,0,0,0,0,0,0,0,0,0,74,2026-02-06 06:15:08.785654
SPNG,24.08,23.44,23.9,1481900.0,1988900.0,0,0,0,0,0,0,0,0,0,0,0,0,0,0,0,0,0,0,0,0,0,0,0,0,0,0,75,2026-02-06 06:15:09.825266
SMMR,24.82,24.83,24.88,2365100.0,1283500.0,0,0,0,0,0,0,0,0,0,0,0,0,0,0,0,0,0,0,0,0,0,0,0,0,0,0,75,2026-02-06 06:15:09.825266
ATMN,25.17,24.7,24.94,2084300.0,2176300.0,0,0,0,0,0,0,0,0,0,0,0,0,0,0,0,0,0,0,0,0,0,0,0,0,0,0,75,2026-02-06 06:15:09.825266
WNTR,25.55,25.55,25.57,2194600.0,1749100.0,0,0,0,0,0,0,0,0,0,0,0,0,0,0,0,0,0,0,0,0,0,0,0,0,0,0,75,2026-02-06 06:15:09.825266
SPNG,24.16,23.44,24.16,1481900.0,1946600.0,0,0,0,0,0,0,0,0,0,0,0,0,0,0,0,0,0,0,0,0,0,0,0,0,0,0,76,2026-02-06 06:15:10.516140
SMMR,24.82,24.86,24.88,2361900.0,1283500.0,0,0,0,0,0,0,0,0,0,0,0,0,0,0,0,0,0,0,0,0,0,0,0,0,0,0,76,2026-02-06 06:15:10.516140
ATMN,24.94,25.0,25.2,2413000.0,2051500.0,0,0,0,0,0,0,0,0,0,0,0,0,0,0,0,0,0,0,0,0,0,0,0,0,0,0,76,2026-02-06 06:15:10.516140
WNTR,25.57,25.64,25.7,2189300.0,1654100.0,0,0,0,0,0,0,0,0,0,0,0,0,0,0,0,0,0,0,0,0,0,0,0,0,0,0,76,2026-02-06 06:15:10.516140
SPNG,24.16,24.16,24.19,1579400.0,1955600.0,0,0,0,0,0,0,0,0,0,0,0,0,0,0,0,0,0,0,0,0,0,0,0,0,0,0,77,2026-02-06 06:15:11.670503
SMMR,24.88,24.95,25.0,2323800.0,1145200.0,0,0,0,0,0,0,0,0,0,0,0,0,0,0,0,0,0,0,0,0,0,0,0,0,0,0,77,2026-02-06 06:15:11.670503
ATMN,25.21,25.0,25.21,2413000.0,2138800.0,0,0,0,0,0,0,0,0,0,0,0,0,0,0,0,0,0,0,0,0,0,0,0,0,0,0,77,2026-02-06 06:15:11.670503
WNTR,25.64,25.58,25.62,2185200.0,1778100.0,0,0,0,0,0,0,0,0,0,0,0,0,0,0,0,0,0,0,0,0,0,0,0,0,0,0,77,2026-02-06 06:15:11.670503
SPNG,24.19,23.44,24.19,1740300.0,1955600.0,0,0,0,0,0,0,0,0,0,0,0,0,0,0,0,0,0,0,0,0,0,0,0,0,0,0,78,2026-02-06 06:15:12.782858
SMMR,24.79,24.79,25.02,2371800.0,1118800.0,0,0,0,0,0,0,0,0,0,0,0,0,0,0,0,0,0,0,0,0,0,0,0,0,0,0,78,2026-02-06 06:15:12.782858
ATMN,25.21,25.0,25.04,2398600.0,2138800.0,0,0,0,0,0,0,0,0,0,0,0,0,0,0,0,0,0,0,0,0,0,0,0,0,0,0,78,2026-02-06 06:15:12.782858
WNTR,25.55,25.55,25.62,2189900.0,1778100.0,0,0,0,0,0,0,0,0,0,0,0,0,0,0,0,0,0,0,0,0,0,0,0,0,0,0,78,2026-02-06 06:15:12.782858
SPNG,24.19,23.78,23.94,1924700.0,1954000.0,0,0,0,0,0,0,0,0,0,0,0,0,0,0,0,0,0,0,0,0,0,0,0,0,0,0,79,2026-02-06 06:15:13.905025
SMMR,24.78,24.94,25.02,2368100.0,1118800.0,0,0,0,0,0,0,0,0,0,0,0,0,0,0,0,0,0,0,0,0,0,0,0,0,0,0,79,2026-02-06 06:15:13.905025
ATMN,25.21,25.07,25.21,2396900.0,2148200.0,0,0,0,0,0,0,0,0,0,0,0,0,0,0,0,0,0,0,0,0,0,0,0,0,0,0,79,2026-02-06 06:15:13.905025
WNTR,25.54,25.54,25.62,2182000.0,1882100.0,0,0,0,0,0,0,0,0,0,0,0,0,0,0,0,0,0,0,0,0,0,0,0,0,0,0,79,2026-02-06 06:15:13.905025
SPNG,24.19,23.93,23.94,2034700.0,1980300.0,0,0,0,0,0,0,0,0,0,0,0,0,0,0,0,0,0,0,0,0,0,0,0,0,0,0,80,2026-02-06 06:15:14.485145
SMMR,24.81,24.81,25.02,2363200.0,1118800.0,0,0,0,0,0,0,0,0,0,0,0,0,0,0,0,0,0,0,0,0,0,0,0,0,0,0,80,2026-02-06 06:15:14.485145
ATMN,25.07,25.07,25.21,2396900.0,2148200.0,0,0,0,0,0,0,0,0,0,0,0,0,0,0,0,0,0,0,0,0,0,0,0,0,0,0,80,2026-02-06 06:15:14.485145
WNTR,25.78,25.52,25.78,2176000.0,1668600.0,0,0,0,0,0,0,0,0,0,0,0,0,0,0,0,0,0,0,0,0,0,0,0,0,0,0,80,2026-02-06 06:15:14.485145
SPNG,23.93,23.78,23.86,1924700.0,2013900.0,0,0,0,0,0,0,0,0,0,0,0,0,0,0,0,0,0,0,0,0,0,0,0,0,0,0,81,2026-02-06 06:15:15.553059
SMMR,24.78,24.89,25.02,2381700.0,1118800.0,0,0,0,0,0,0,0,0,0,0,0,0,0,0,0,0,0,0,0,0,0,0,0,0,0,0,81,2026-02-06 06:15:15.553059
ATMN,25.07,25.07,25.08,2396900.0,2204200.0,0,0,0,0,0,0,0,0,0,0,0,0,0,0,0,0,0,0,0,0,0,0,0,0,0,0,81,2026-02-06 06:15:15.553059
WNTR,25.5,25.5,25.71,2192700.0,1899400.0,0,0,0,0,0,0,0,0,0,0,0,0,0,0,0,0,0,0,0,0,0,0,0,0,0,0,81,2026-02-06 06:15:15.553059
SPNG,23.44,23.62,23.86,2059800.0,2013900.0,0,0,0,0,0,0,0,0,0,0,0,0,0,0,0,0,0,0,0,0,0,0,0,0,0,0,82,2026-02-06 06:15:16.617936
SMMR,24.89,24.89,25.0,2381700.0,1417000.0,0,0,0,0,0,0,0,0,0,0,0,0,0,0,0,0,0,0,0,0,0,0,0,0,0,0,82,2026-02-06 06:15:16.617936
ATMN,25.08,25.0,25.08,2366300.0,2204200.0,0,0,0,0,0,0,0,0,0,0,0,0,0,0,0,0,0,0,0,0,0,0,0,0,0,0,82,2026-02-06 06:15:16.617936
WNTR,25.67,25.67,25.78,2195100.0,1903800.0,0,0,0,0,0,0,0,0,0,0,0,0,0,0,0,0,0,0,0,0,0,0,0,0,0,0,82,2026-02-06 06:15:16.617936
SPNG,24.15,23.65,24.15,2185600.0,2014800.0,0,0,0,0,0,0,0,0,0,0,0,0,0,0,0,0,0,0,0,0,0,0,0,0,0,0,83,2026-02-06 06:15:17.666565
SMMR,24.75,24.75,25.0,2388700.0,1511300.0,0,0,0,0,0,0,0,0,0,0,0,0,0,0,0,0,0,0,0,0,0,0,0,0,0,0,83,2026-02-06 06:15:17.666565
ATMN,24.99,24.99,25.08,2367300.0,2253600.0,0,0,0,0,0,0,0,0,0,0,0,0,0,0,0,0,0,0,0,0,0,0,0,0,0,0,83,2026-02-06 06:15:17.666565
WNTR,25.67,25.5,25.67,2185000.0,2006000.0,0,0,0,0,0,0,0,0,0,0,0,0,0,0,0,0,0,0,0,0,0,0,0,0,0,0,83,2026-02-06 06:15:17.666565
SPNG,24.15,23.65,24.03,2305900.0,2049700.0,0,0,0,0,0,0,0,0,0,0,0,0,0,0,0,0,0,0,0,0,0,0,0,0,0,0,84,2026-02-06 06:15:18.718453
SMMR,24.69,24.67,24.69,2308900.0,1867500.0,0,0,0,0,0,0,0,0,0,0,0,0,0,0,0,0,0,0,0,0,0,0,0,0,0,0,84,2026-02-06 06:15:18.718453
ATMN,24.98,24.98,25.05,2376400.0,2266700.0,0,0,0,0,0,0,0,0,0,0,0,0,0,0,0,0,0,0,0,0,0,0,0,0,0,0,84,2026-02-06 06:15:18.718453
WNTR,25.47,25.47,25.58,2180800.0,2127000.0,0,0,0,0,0,0,0,0,0,0,0,0,0,0,0,0,0,0,0,0,0,0,0,0,0,0,84,2026-02-06 06:15:18.718453
SPNG,24.03,23.65,24.03,2305900.0,2066800.0,0,0,0,0,0,0,0,0,0,0,0,0,0,0,0,0,0,0,0,0,0,0,0,0,0,0,85,2026-02-06 06:15:19.781453
SMMR,24.69,24.67,24.69,2382400.0,1867500.0,0,0,0,0,0,0,0,0,0,0,0,0,0,0,0,0,0,0,0,0,0,0,0,0,0,0,85,2026-02-06 06:15:19.781453
ATMN,24.96,24.96,25.05,2368700.0,2255500.0,0,0,0,0,0,0,0,0,0,0,0,0,0,0,0,0,0,0,0,0,0,0,0,0,0,0,85,2026-02-06 06:15:19.781453
WNTR,25.58,25.43,25.58,2186900.0,2107600.0,0,0,0,0,0,0,0,0,0,0,0,0,0,0,0,0,0,0,0,0,0,0,0,0,0,0,85,2026-02-06 06:15:19.781453
SPNG,24.03,23.79,24.03,2258100.0,2088600.0,0,0,0,0,0,0,0,0,0,0,0,0,0,0,0,0,0,0,0,0,0,0,0,0,0,0,86,2026-02-06 06:15:20.833336
SMMR,24.9,24.9,24.91,2345100.0,1851500.0,0,0,0,0,0,0,0,0,0,0,0,0,0,0,0,0,0,0,0,0,0,0,0,0,0,0,86,2026-02-06 06:15:20.833336
ATMN,25.16,24.96,25.16,2379000.0,2227600.0,0,0,0,0,0,0,0,0,0,0,0,0,0,0,0,0,0,0,0,0,0,0,0,0,0,0,86,2026-02-06 06:15:20.833336
WNTR,25.67,25.5,25.67,2161600.0,2099600.0,0,0,0,0,0,0,0,0,0,0,0,0,0,0,0,0,0,0,0,0,0,0,0,0,0,0,86,2026-02-06 06:15:20.833336
SPNG,23.84,23.84,24.03,2256200.0,2088600.0,0,0,0,0,0,0,0,0,0,0,0,0,0,0,0,0,0,0,0,0,0,0,0,0,0,0,87,2026-02-06 06:15:21.942089
SMMR,24.74,24.74,24.75,2381000.0,2192100.0,0,0,0,0,0,0,0,0,0,0,0,0,0,0,0,0,0,0,0,0,0,0,0,0,0,0,87,2026-02-06 06:15:21.942089
ATMN,24.87,24.87,25.13,2405100.0,2217400.0,0,0,0,0,0,0,0,0,0,0,0,0,0,0,0,0,0,0,0,0,0,0,0,0,0,0,87,2026-02-06 06:15:21.942089
WNTR,25.48,25.48,25.54,2144100.0,2111900.0,0,0,0,0,0,0,0,0,0,0,0,0,0,0,0,0,0,0,0,0,0,0,0,0,0,0,87,2026-02-06 06:15:21.942089
SPNG,23.65,23.65,24.0,2260800.0,2080900.0,0,0,0,0,0,0,0,0,0,0,0,0,0,0,0,0,0,0,0,0,0,0,0,0,0,0,88,2026-02-06 06:15:22.500809
SMMR,24.91,24.74,24.91,2336700.0,2095100.0,0,0,0,0,0,0,0,0,0,0,0,0,0,0,0,0,0,0,0,0,0,0,0,0,0,0,88,2026-02-06 06:15:22.500809
ATMN,24.87,24.87,24.94,2389900.0,2223800.0,0,0,0,0,0,0,0,0,0,0,0,0,0,0,0,0,0,0,0,0,0,0,0,0,0,0,88,2026-02-06 06:15:22.500809
WNTR,25.48,25.48,25.54,2116300.0,2111900.0,0,0,0,0,0,0,0,0,0,0,0,0,0,0,0,0,0,0,0,0,0,0,0,0,0,0,88,2026-02-06 06:15:22.500809
SPNG,23.65,23.65,24.0,2240700.0,2062300.0,0,0,0,0,0,0,0,0,0,0,0,0,0,0,0,0,0,0,0,0,0,0,0,0,0,0,89,2026-02-06 06:15:23.556023
SMMR,24.84,24.84,24.91,2354800.0,2195700.0,0,0,0,0,0,0,0,0,0,0,0,0,0,0,0,0,0,0,0,0,0,0,0,0,0,0,89,2026-02-06 06:15:23.556023
ATMN,24.87,24.87,24.94,2382500.0,2223000.0,0,0,0,0,0,0,0,0,0,0,0,0,0,0,0,0,0,0,0,0,0,0,0,0,0,0,89,2026-02-06 06:15:23.556023
WNTR,25.45,25.45,25.54,2149600.0,2086000.0,0,0,0,0,0,0,0,0,0,0,0,0,0,0,0,0,0,0,0,0,0,0,0,0,0,0,89,2026-02-06 06:15:23.556023
SPNG,24.0,23.92,24.0,2242400.0,2062300.0,0,0,0,0,0,0,0,0,0,0,0,0,0,0,0,0,0,0,0,0,0,0,0,0,0,0,90,2026-02-06 06:15:24.606802
SMMR,24.84,24.67,24.71,2336200.0,2235800.0,0,0,0,0,0,0,0,0,0,0,0,0,0,0,0,0,0,0,0,0,0,0,0,0,0,0,90,2026-02-06 06:15:24.606802
ATMN,24.94,24.8,24.94,2394300.0,2223000.0,0,0,0,0,0,0,0,0,0,0,0,0,0,0,0,0,0,0,0,0,0,0,0,0,0,0,90,2026-02-06 06:15:24.606802
WNTR,25.67,25.46,25.67,2127000.0,2101500.0,0,0,0,0,0,0,0,0,0,0,0,0,0,0,0,0,0,0,0,0,0,0,0,0,0,0,90,2026-02-06 06:15:24.606802
SPNG,23.63,23.63,24.0,2243800.0,2055500.0,0,0,0,0,0,0,0,0,0,0,0,0,0,0,0,0,0,0,0,0,0,0,0,0,0,0,91,2026-02-06 06:15:25.656855
SMMR,24.64,24.64,24.93,2374300.0,2081900.0,0,0,0,0,0,0,0,0,0,0,0,0,0,0,0,0,0,0,0,0,0,0,0,0,0,0,91,2026-02-06 06:15:25.656855
ATMN,24.94,24.8,24.94,2392800.0,2223000.0,0,0,0,0,0,0,0,0,0,0,0,0,0,0,0,0,0,0,0,0,0,0,0,0,0,0,91,2026-02-06 06:15:25.656855
WNTR,25.67,25.68,25.71,2121700.0,2098300.0,0,0,0,0,0,0,0,0,0,0,0,0,0,0,0,0,0,0,0,0,0,0,0,0,0,0,91,2026-02-06 06:15:25.656855
SPNG,24.0,23.63,24.0,2243800.0,2047500.0,0,0,0,0,0,0,0,0,0,0,0,0,0,0,0,0,0,0,0,0,0,0,0,0,0,0,92,2026-02-06 06:15:26.713325
SMMR,24.93,24.64,24.93,2366300.0,2081900.0,0,0,0,0,0,0,0,0,0,0,0,0,0,0,0,0,0,0,0,0,0,0,0,0,0,0,92,2026-02-06 06:15:26.713325
ATMN,24.78,24.87,25.06,2353500.0,2231400.0,0,0,0,0,0,0,0,0,0,0,0,0,0,0,0,0,0,0,0,0,0,0,0,0,0,0,92,2026-02-06 06:15:26.713325
WNTR,25.5,25.51,25.61,2152800.0,2070000.0,0,0,0,0,0,0,0,0,0,0,0,0,0,0,0,0,0,0,0,0,0,0,0,0,0,0,92,2026-02-06 06:15:26.713325
SPNG,24.01,23.63,24.01,2243800.0,2056700.0,0,0,0,0,0,0,0,0,0,0,0,0,0,0,0,0,0,0,0,0,0,0,0,0,0,0,93,2026-02-06 06:15:27.769580
SMMR,24.87,24.64,24.87,2366300.0,2211100.0,0,0,0,0,0,0,0,0,0,0,0,0,0,0,0,0,0,0,0,0,0,0,0,0,0,0,93,2026-02-06 06:15:27.769580
ATMN,25.13,24.87,24.93,2353500.0,2215400.0,0,0,0,0,0,0,0,0,0,0,0,0,0,0,0,0,0,0,0,0,0,0,0,0,0,0,93,2026-02-06 06:15:27.769580
WNTR,25.49,25.49,25.61,2114100.0,2070000.0,0,0,0,0,0,0,0,0,0,0,0,0,0,0,0,0,0,0,0,0,0,0,0,0,0,0,93,2026-02-06 06:15:27.769580
SPNG,24.03,23.62,24.03,2294600.0,2087800.0,0,0,0,0,0,0,0,0,0,0,0,0,0,0,0,0,0,0,0,0,0,0,0,0,0,0,94,2026-02-06 06:15:28.852400
SMMR,24.87,24.85,24.86,2313900.0,2203500.0,0,0,0,0,0,0,0,0,0,0,0,0,0,0,0,0,0,0,0,0,0,0,0,0,0,0,94,2026-02-06 06:15:28.852400
ATMN,24.93,25.05,25.13,2382300.0,2226200.0,0,0,0,0,0,0,0,0,0,0,0,0,0,0,0,0,0,0,0,0,0,0,0,0,0,0,94,2026-02-06 06:15:28.852400
WNTR,25.49,25.49,25.61,2140300.0,2070000.0,0,0,0,0,0,0,0,0,0,0,0,0,0,0,0,0,0,0,0,0,0,0,0,0,0,0,94,2026-02-06 06:15:28.852400
SPNG,23.45,23.68,23.76,2265500.0,2062600.0,0,0,0,0,0,0,0,0,0,0,0,0,0,0,0,0,0,0,0,0,0,0,0,0,0,0,95,2026-02-06 06:15:29.942947
SMMR,24.85,24.64,24.65,2316600.0,2216000.0,0,0,0,0,0,0,0,0,0,0,0,0,0,0,0,0,0,0,0,0,0,0,0,0,0,0,95,2026-02-06 06:15:29.942947
ATMN,24.74,24.74,24.79,2381800.0,2238700.0,0,0,0,0,0,0,0,0,0,0,0,0,0,0,0,0,0,0,0,0,0,0,0,0,0,0,95,2026-02-06 06:15:29.942947
WNTR,25.71,25.49,25.71,2140300.0,2100100.0,0,0,0,0,0,0,0,0,0,0,0,0,0,0,0,0,0,0,0,0,0,0,0,0,0,0,95,2026-02-06 06:15:29.942947
SPNG,23.76,23.68,23.76,2258300.0,2093600.0,0,0,0,0,0,0,0,0,0,0,0,0,0,0,0,0,0,0,0,0,0,0,0,0,0,0,96,2026-02-06 06:15:30.568611
SMMR,24.65,24.69,24.86,2345400.0,2203500.0,0,0,0,0,0,0,0,0,0,0,0,0,0,0,0,0,0,0,0,0,0,0,0,0,0,0,96,2026-02-06 06:15:30.568611
ATMN,24.79,24.74,24.79,2358400.0,2238700.0,0,0,0,0,0,0,0,0,0,0,0,0,0,0,0,0,0,0,0,0,0,0,0,0,0,0,96,2026-02-06 06:15:30.568611
WNTR,25.71,25.49,25.56,2110400.0,2110700.0,0,0,0,0,0,0,0,0,0,0,0,0,0,0,0,0,0,0,0,0,0,0,0,0,0,0,96,2026-02-06 06:15:30.568611
SPNG,23.52,23.88,24.03,2248000.0,2093600.0,0,0,0,0,0,0,0,0,0,0,0,0,0,0,0,0,0,0,0,0,0,0,0,0,0,0,97,2026-02-06 06:15:31.758840
SMMR,24.86,24.69,24.86,2315100.0,2196400.0,0,0,0,0,0,0,0,0,0,0,0,0,0,0,0,0,0,0,0,0,0,0,0,0,0,0,97,2026-02-06 06:15:31.758840
ATMN,24.83,24.8,24.83,2353900.0,2241900.0,0,0,0,0,0,0,0,0,0,0,0,0,0,0,0,0,0,0,0,0,0,0,0,0,0,0,97,2026-02-06 06:15:31.758840
WNTR,25.56,25.52,25.56,2110500.0,2117200.0,0,0,0,0,0,0,0,0,0,0,0,0,0,0,0,0,0,0,0,0,0,0,0,0,0,0,97,2026-02-06 06:15:31.758840
SPNG,24.08,23.44,23.53,2255400.0,2112700.0,0,0,0,0,0,0,0,0,0,0,0,0,0,0,0,0,0,0,0,0,0,0,0,0,0,0,98,2026-02-06 06:15:32.841244
SMMR,25.0,24.81,25.0,2354600.0,2175700.0,0,0,0,0,0,0,0,0,0,0,0,0,0,0,0,0,0,0,0,0,0,0,0,0,0,0,98,2026-02-06 06:15:32.841244
ATMN,25.18,24.8,24.89,2353900.0,2230300.0,0,0,0,0,0,0,0,0,0,0,0,0,0,0,0,0,0,0,0,0,0,0,0,0,0,0,98,2026-02-06 06:15:32.841244
WNTR,25.56,25.52,25.56,2076900.0,2086200.0,0,0,0,0,0,0,0,0,0,0,0,0,0,0,0,0,0,0,0,0,0,0,0,0,0,0,98,2026-02-06 06:15:32.841244
SPNG,24.08,23.44,23.53,2227100.0,2112700.0,0,0,0,0,0,0,0,0,0,0,0,0,0,0,0,0,0,0,0,0,0,0,0,0,0,0,99,2026-02-06 06:15:33.977979
SMMR,24.63,24.63,24.67,2330100.0,2222100.0,0,0,0,0,0,0,0,0,0,0,0,0,0,0,0,0,0,0,0,0,0,0,0,0,0,0,99,2026-02-06 06:15:33.977979
ATMN,24.73,24.73,25.18,2360700.0,2221000.0,0,0,0,0,0,0,0,0,0,0,0,0,0,0,0,0,0,0,0,0,0,0,0,0,0,0,99,2026-02-06 06:15:33.977979
WNTR,25.52,25.52,25.59,2079300.0,2089100.0,0,0,0,0,0,0,0,0,0,0,0,0,0,0,0,0,0,0,0,0,0,0,0,0,0,0,99,2026-02-06 06:15:33.977979
SPNG,24.15,23.44,24.15,2227100.0,2102100.0,0,0,0,0,0,0,0,0,0,0,0,0,0,0,0,0,0,0,0,0,0,0,0,0,0,0,100,2026-02-06 06:15:34.536937
SMMR,24.63,24.63,24.67,2318100.0,2222100.0,0,0,0,0,0,0,0,0,0,0,0,0,0,0,0,0,0,0,0,0,0,0,0,0,0,0,100,2026-02-06 06:15:34.536937
ATMN,24.96,24.96,25.18,2372500.0,2221000.0,0,0,0,0,0,0,0,0,0,0,0,0,0,0,0,0,0,0,0,0,0,0,0,0,0,0,100,2026-02-06 06:15:34.536937
WNTR,25.71,25.52,25.71,2079300.0,2107100.0,0,0,0,0,0,0,0,0,0,0,0,0,0,0,0,0,0,0,0,0,0,0,0,0,0,0,100,2026-02-06 06:15:34.536937
SPNG,23.44,23.37,23.41,2218900.0,2091100.0,0,0,0,0,0,0,0,0,0,0,0,0,0,0,0,0,0,0,0,0,0,0,0,0,0,0,101,2026-02-06 06:15:35.623226
SMMR,24.86,24.92,25.0,2344600.0,2210800.0,0,0,0,0,0,0,0,0,0,0,0,0,0,0,0,0,0,0,0,0,0,0,0,0,0,0,101,2026-02-06 06:15:35.623226
ATMN,24.7,24.89,25.18,2386200.0,2221000.0,0,0,0,0,0,0,0,0,0,0,0,0,0,0,0,0,0,0,0,0,0,0,0,0,0,0,101,2026-02-06 06:15:35.623226
WNTR,25.71,25.52,25.71,2079300.0,2086700.0,0,0,0,0,0,0,0,0,0,0,0,0,0,0,0,0,0,0,0,0,0,0,0,0,0,0,101,2026-02-06 06:15:35.623226
SPNG,23.41,23.81,24.15,2195800.0,2102100.0,0,0,0,0,0,0,0,0,0,0,0,0,0,0,0,0,0,0,0,0,0,0,0,0,0,0,102,2026-02-06 06:15:36.667282
SMMR,24.92,24.71,24.77,2360300.0,2235700.0,0,0,0,0,0,0,0,0,0,0,0,0,0,0,0,0,0,0,0,0,0,0,0,0,0,0,102,2026-02-06 06:15:36.667282
ATMN,24.89,24.89,25.18,2386200.0,2235000.0,0,0,0,0,0,0,0,0,0,0,0,0,0,0,0,0,0,0,0,0,0,0,0,0,0,0,102,2026-02-06 06:15:36.667282
WNTR,25.46,25.54,25.59,2099500.0,2104300.0,0,0,0,0,0,0,0,0,0,0,0,0,0,0,0,0,0,0,0,0,0,0,0,0,0,0,102,2026-02-06 06:15:36.667282
SPNG,23.41,24.03,24.15,2179600.0,2081500.0,0,0,0,0,0,0,0,0,0,0,0,0,0,0,0,0,0,0,0,0,0,0,0,0,0,0,103,2026-02-06 06:15:37.716236
SMMR,25.0,24.71,25.0,2360300.0,2210800.0,0,0,0,0,0,0,0,0,0,0,0,0,0,0,0,0,0,0,0,0,0,0,0,0,0,0,103,2026-02-06 06:15:37.716236
ATMN,24.7,24.94,25.18,2353200.0,2235000.0,0,0,0,0,0,0,0,0,0,0,0,0,0,0,0,0,0,0,0,0,0,0,0,0,0,0,103,2026-02-06 06:15:37.716236
WNTR,25.59,25.56,25.59,2098500.0,2103600.0,0,0,0,0,0,0,0,0,0,0,0,0,0,0,0,0,0,0,0,0,0,0,0,0,0,0,103,2026-02-06 06:15:37.716236
SPNG,24.15,23.81,24.15,2177900.0,2080100.0,0,0,0,0,0,0,0,0,0,0,0,0,0,0,0,0,0,0,0,0,0,0,0,0,0,0,104,2026-02-06 06:15:38.758728
SMMR,24.71,24.63,24.71,2351500.0,2223600.0,0,0,0,0,0,0,0,0,0,0,0,0,0,0,0,0,0,0,0,0,0,0,0,0,0,0,104,2026-02-06 06:15:38.758728
ATMN,24.94,24.94,25.18,2353200.0,2224800.0,0,0,0,0,0,0,0,0,0,0,0,0,0,0,0,0,0,0,0,0,0,0,0,0,0,0,104,2026-02-06 06:15:38.758728
WNTR,25.56,25.56,25.59,2108000.0,2100500.0,0,0,0,0,0,0,0,0,0,0,0,0,0,0,0,0,0,0,0,0,0,0,0,0,0,0,104,2026-02-06 06:15:38.758728
SPNG,23.81,23.81,24.15,2181400.0,2090500.0,0,0,0,0,0,0,0,0,0,0,0,0,0,0,0,0,0,0,0,0,0,0,0,0,0,0,105,2026-02-06 06:15:39.848627
SMMR,25.02,24.63,25.02,2346200.0,2210200.0,0,0,0,0,0,0,0,0,0,0,0,0,0,0,0,0,0,0,0,0,0,0,0,0,0,0,105,2026-02-06 06:15:39.848627
ATMN,24.68,24.68,25.18,2345300.0,2224800.0,0,0,0,0,0,0,0,0,0,0,0,0,0,0,0,0,0,0,0,0,0,0,0,0,0,0,105,2026-02-06 06:15:39.848627
WNTR,25.71,25.66,25.71,2108000.0,2116600.0,0,0,0,0,0,0,0,0,0,0,0,0,0,0,0,0,0,0,0,0,0,0,0,0,0,0,105,2026-02-06 06:15:39.848627
SPNG,23.81,23.81,23.94,2134200.0,2096400.0,0,0,0,0,0,0,0,0,0,0,0,0,0,0,0,0,0,0,0,0,0,0,0,0,0,0,106,2026-02-06 06:15:40.923439
SMMR,24.62,24.62,24.68,2380300.0,2235500.0,0,0,0,0,0,0,0,0,0,0,0,0,0,0,0,0,0,0,0,0,0,0,0,0,0,0,106,2026-02-06 06:15:40.923439
ATMN,25.22,24.77,25.0,2323100.0,2217100.0,0,0,0,0,0,0,0,0,0,0,0,0,0,0,0,0,0,0,0,0,0,0,0,0,0,0,106,2026-02-06 06:15:40.923439
WNTR,25.66,25.56,25.66,2108000.0,2161100.0,0,0,0,0,0,0,0,0,0,0,0,0,0,0,0,0,0,0,0,0,0,0,0,0,0,0,106,2026-02-06 06:15:40.923439
SPNG,23.72,23.72,23.94,2169500.0,2096400.0,0,0,0,0,0,0,0,0,0,0,0,0,0,0,0,0,0,0,0,0,0,0,0,0,0,0,107,2026-02-06 06:15:42.018635
SMMR,24.61,24.63,24.68,2384300.0,2235500.0,0,0,0,0,0,0,0,0,0,0,0,0,0,0,0,0,0,0,0,0,0,0,0,0,0,0,107,2026-02-06 06:15:42.018635
ATMN,25.04,24.77,24.85,2323100.0,2207300.0,0,0,0,0,0,0,0,0,0,0,0,0,0,0,0,0,0,0,0,0,0,0,0,0,0,0,107,2026-02-06 06:15:42.018635
WNTR,25.56,25.56,25.66,2083200.0,2154900.0,0,0,0,0,0,0,0,0,0,0,0,0,0,0,0,0,0,0,0,0,0,0,0,0,0,0,107,2026-02-06 06:15:42.018635
SPNG,23.94,23.95,24.15,2167700.0,2090500.0,0,0,0,0,0,0,0,0,0,0,0,0,0,0,0,0,0,0,0,0,0,0,0,0,0,0,108,2026-02-06 06:15:42.580111
SMMR,24.68,24.74,25.02,2404100.0,2210200.0,0,0,0,0,0,0,0,0,0,0,0,0,0,0,0,0,0,0,0,0,0,0,0,0,0,0,108,2026-02-06 06:15:42.580111
ATMN,25.04,24.77,24.85,2331500.0,2207300.0,0,0,0,0,0,0,0,0,0,0,0,0,0,0,0,0,0,0,0,0,0,0,0,0,0,0,108,2026-02-06 06:15:42.580111
WNTR,25.56,25.54,25.55,2099500.0,2148500.0,0,0,0,0,0,0,0,0,0,0,0,0,0,0,0,0,0,0,0,0,0,0,0,0,0,0,108,2026-02-06 06:15:42.580111
SPNG,24.02,23.6,23.91,2175700.0,2110800.0,0,0,0,0,0,0,0,0,0,0,0,0,0,0,0,0,0,0,0,0,0,0,0,0,0,0,109,2026-02-06 06:15:43.656741
SMMR,24.81,24.74,24.81,2404100.0,2244800.0,0,0,0,0,0,0,0,0,0,0,0,0,0,0,0,0,0,0,0,0,0,0,0,0,0,0,109,2026-02-06 06:15:43.656741
ATMN,24.85,24.98,24.99,2339100.0,2189700.0,0,0,0,0,0,0,0,0,0,0,0,0,0,0,0,0,0,0,0,0,0,0,0,0,0,0,109,2026-02-06 06:15:43.656741
WNTR,25.6,25.54,25.6,2099500.0,2146900.0,0,0,0,0,0,0,0,0,0,0,0,0,0,0,0,0,0,0,0,0,0,0,0,0,0,0,109,2026-02-06 06:15:43.656741
SPNG,23.6,23.37,23.56,2193900.0,2124400.0,0,0,0,0,0,0,0,0,0,0,0,0,0,0,0,0,0,0,0,0,0,0,0,0,0,0,110,2026-02-06 06:15:44.707498
SMMR,24.74,24.74,24.75,2404100.0,2248200.0,0,0,0,0,0,0,0,0,0,0,0,0,0,0,0,0,0,0,0,0,0,0,0,0,0,0,110,2026-02-06 06:15:44.707498
ATMN,24.99,25.0,25.2,2347800.0,2191800.0,0,0,0,0,0,0,0,0,0,0,0,0,0,0,0,0,0,0,0,0,0,0,0,0,0,0,110,2026-02-06 06:15:44.707498
WNTR,25.46,25.46,25.63,2110000.0,2128400.0,0,0,0,0,0,0,0,0,0,0,0,0,0,0,0,0,0,0,0,0,0,0,0,0,0,0,110,2026-02-06 06:15:44.707498
SPNG,24.2,23.42,24.2,2196500.0,2039500.0,0,0,0,0,0,0,0,0,0,0,0,0,0,0,0,0,0,0,0,0,0,0,0,0,0,0,111,2026-02-06 06:15:45.788580
SMMR,24.61,24.61,24.7,2424400.0,2289300.0,0,0,0,0,0,0,0,0,0,0,0,0,0,0,0,0,0,0,0,0,0,0,0,0,0,0,111,2026-02-06 06:15:45.788580
ATMN,25.22,24.77,25.22,2332200.0,2188000.0,0,0,0,0,0,0,0,0,0,0,0,0,0,0,0,0,0,0,0,0,0,0,0,0,0,0,111,2026-02-06 06:15:45.788580
WNTR,25.45,25.45,25.46,2134100.0,2097100.0,0,0,0,0,0,0,0,0,0,0,0,0,0,0,0,0,0,0,0,0,0,0,0,0,0,0,111,2026-02-06 06:15:45.788580
SPNG,23.42,23.42,24.2,2196500.0,2031200.0,0,0,0,0,0,0,0,0,0,0,0,0,0,0,0,0,0,0,0,0,0,0,0,0,0,0,112,2026-02-06 06:15:46.839911
SMMR,24.6,24.6,24.7,2449300.0,2289300.0,0,0,0,0,0,0,0,0,0,0,0,0,0,0,0,0,0,0,0,0,0,0,0,0,0,0,112,2026-02-06 06:15:46.839911
ATMN,25.22,24.86,24.94,2344000.0,2199800.0,0,0,0,0,0,0,0,0,0,0,0,0,0,0,0,0,0,0,0,0,0,0,0,0,0,0,112,2026-02-06 06:15:46.839911
WNTR,25.46,25.45,25.46,2093400.0,2097100.0,0,0,0,0,0,0,0,0,0,0,0,0,0,0,0,0,0,0,0,0,0,0,0,0,0,0,112,2026-02-06 06:15:46.839911
SPNG,24.26,23.42,24.26,2206100.0,2043800.0,0,0,0,0,0,0,0,0,0,0,0,0,0,0,0,0,0,0,0,0,0,0,0,0,0,0,113,2026-02-06 06:15:47.886616
SMMR,24.74,24.6,24.74,2456700.0,2287700.0,0,0,0,0,0,0,0,0,0,0,0,0,0,0,0,0,0,0,0,0,0,0,0,0,0,0,113,2026-02-06 06:15:47.886616
ATMN,25.23,24.86,25.23,2344000.0,2178300.0,0,0,0,0,0,0,0,0,0,0,0,0,0,0,0,0,0,0,0,0,0,0,0,0,0,0,113,2026-02-06 06:15:47.886616
WNTR,25.53,25.53,25.63,2098300.0,2111600.0,0,0,0,0,0,0,0,0,0,0,0,0,0,0,0,0,0,0,0,0,0,0,0,0,0,0,113,2026-02-06 06:15:47.886616
SPNG,23.37,23.37,24.26,2192400.0,2016600.0,0,0,0,0,0,0,0,0,0,0,0,0,0,0,0,0,0,0,0,0,0,0,0,0,0,0,114,2026-02-06 06:15:48.944912
SMMR,24.91,24.82,24.91,2460700.0,2250500.0,0,0,0,0,0,0,0,0,0,0,0,0,0,0,0,0,0,0,0,0,0,0,0,0,0,0,114,2026-02-06 06:15:48.944912
ATMN,24.77,24.77,24.93,2333300.0,2176400.0,0,0,0,0,0,0,0,0,0,0,0,0,0,0,0,0,0,0,0,0,0,0,0,0,0,0,114,2026-02-06 06:15:48.944912
WNTR,25.53,25.53,25.63,2098300.0,2128100.0,0,0,0,0,0,0,0,0,0,0,0,0,0,0,0,0,0,0,0,0,0,0,0,0,0,0,114,2026-02-06 06:15:48.944912
SPNG,23.8,23.89,23.9,2192300.0,2043500.0,0,0,0,0,0,0,0,0,0,0,0,0,0,0,0,0,0,0,0,0,0,0,0,0,0,0,115,2026-02-06 06:15:50.055647
SMMR,24.91,24.82,24.91,2460700.0,2248400.0,0,0,0,0,0,0,0,0,0,0,0,0,0,0,0,0,0,0,0,0,0,0,0,0,0,0,115,2026-02-06 06:15:50.055647
ATMN,24.93,25.03,25.13,2338400.0,2179500.0,0,0,0,0,0,0,0,0,0,0,0,0,0,0,0,0,0,0,0,0,0,0,0,0,0,0,115,2026-02-06 06:15:50.055647
WNTR,25.53,25.45,25.5,2093400.0,2132100.0,0,0,0,0,0,0,0,0,0,0,0,0,0,0,0,0,0,0,0,0,0,0,0,0,0,0,115,2026-02-06 06:15:50.055647
SPNG,23.8,23.89,23.9,2192300.0,2065000.0,0,0,0,0,0,0,0,0,0,0,0,0,0,0,0,0,0,0,0,0,0,0,0,0,0,0,116,2026-02-06 06:15:50.634419
SMMR,24.82,24.82,24.88,2460700.0,2269800.0,0,0,0,0,0,0,0,0,0,0,0,0,0,0,0,0,0,0,0,0,0,0,0,0,0,0,116,2026-02-06 06:15:50.634419
ATMN,24.93,25.03,25.13,2311900.0,2198400.0,0,0,0,0,0,0,0,0,0,0,0,0,0,0,0,0,0,0,0,0,0,0,0,0,0,0,116,2026-02-06 06:15:50.634419
WNTR,25.53,25.46,25.5,2103000.0,2152000.0,0,0,0,0,0,0,0,0,0,0,0,0,0,0,0,0,0,0,0,0,0,0,0,0,0,0,116,2026-02-06 06:15:50.634419
SPNG,23.8,23.89,23.9,2191100.0,2065000.0,0,0,0,0,0,0,0,0,0,0,0,0,0,0,0,0,0,0,0,0,0,0,0,0,0,0,117,2026-02-06 06:15:51.772071
SMMR,24.82,24.66,24.8,2456300.0,2331000.0,0,0,0,0,0,0,0,0,0,0,0,0,0,0,0,0,0,0,0,0,0,0,0,0,0,0,117,2026-02-06 06:15:51.772071
ATMN,25.16,25.03,25.16,2334300.0,2197400.0,0,0,0,0,0,0,0,0,0,0,0,0,0,0,0,0,0,0,0,0,0,0,0,0,0,0,117,2026-02-06 06:15:51.772071
WNTR,25.46,25.46,25.48,2103000.0,2169600.0,0,0,0,0,0,0,0,0,0,0,0,0,0,0,0,0,0,0,0,0,0,0,0,0,0,0,117,2026-02-06 06:15:51.772071
SPNG,23.68,23.68,23.95,2191200.0,2051500.0,0,0,0,0,0,0,0,0,0,0,0,0,0,0,0,0,0,0,0,0,0,0,0,0,0,0,118,2026-02-06 06:15:52.846574
SMMR,24.77,24.6,24.77,2461300.0,2343300.0,0,0,0,0,0,0,0,0,0,0,0,0,0,0,0,0,0,0,0,0,0,0,0,0,0,0,118,2026-02-06 06:15:52.846574
ATMN,25.16,25.15,25.16,2367600.0,2184700.0,0,0,0,0,0,0,0,0,0,0,0,0,0,0,0,0,0,0,0,0,0,0,0,0,0,0,118,2026-02-06 06:15:52.846574
WNTR,25.46,25.46,25.48,2103000.0,2193900.0,0,0,0,0,0,0,0,0,0,0,0,0,0,0,0,0,0,0,0,0,0,0,0,0,0,0,118,2026-02-06 06:15:52.846574
SPNG,24.06,23.68,23.81,2197200.0,2050300.0,0,0,0,0,0,0,0,0,0,0,0,0,0,0,0,0,0,0,0,0,0,0,0,0,0,0,119,2026-02-06 06:15:53.898721
SMMR,24.55,24.55,24.8,2448800.0,2331000.0,0,0,0,0,0,0,0,0,0,0,0,0,0,0,0,0,0,0,0,0,0,0,0,0,0,0,119,2026-02-06 06:15:53.898721
ATMN,25.2,25.15,25.2,2367600.0,2193000.0,0,0,0,0,0,0,0,0,0,0,0,0,0,0,0,0,0,0,0,0,0,0,0,0,0,0,119,2026-02-06 06:15:53.898721
WNTR,25.48,25.49,25.5,2099900.0,2195800.0,0,0,0,0,0,0,0,0,0,0,0,0,0,0,0,0,0,0,0,0,0,0,0,0,0,0,119,2026-02-06 06:15:53.898721
SPNG,23.68,24.85,24.9,951900.0,750100.0,0,0,0,0,0,0,0,0,0,0,0,0,0,0,0,0,0,0,0,0,0,0,0,0,0,0,120,2026-02-06 06:15:54.990305
SMMR,24.83,25.07,25.75,923600.0,842600.0,0,0,0,0,0,0,0,0,0,0,0,0,0,0,0,0,0,0,0,0,0,0,0,0,0,0,120,2026-02-06 06:15:54.990305
ATMN,23.49,23.49,23.56,1035800.0,958400.0,0,0,0,0,0,0,0,0,0,0,0,0,0,0,0,0,0,0,0,0,0,0,0,0,0,0,120,2026-02-06 06:15:54.990305
WNTR,26.11,26.11,26.47,741200.0,654300.0,0,0,0,0,0,0,0,0,0,0,0,0,0,0,0,0,0,0,0,0,0,0,0,0,0,0,120,2026-02-06 06:15:54.990305
SPNG,24.3,24.49,24.87,970400.0,982700.0,0,0,0,0,0,0,0,0,0,0,0,0,0,0,0,0,0,0,0,0,0,0,0,0,0,0,121,2026-02-06 06:15:56.067803
SMMR,25.07,25.07,25.09,1069200.0,1045800.0,0,0,0,0,0,0,0,0,0,0,0,0,0,0,0,0,0,0,0,0,0,0,0,0,0,0,121,2026-02-06 06:15:56.067803
ATMN,23.56,23.51,23.56,1327800.0,958400.0,0,0,0,0,0,0,0,0,0,0,0,0,0,0,0,0,0,0,0,0,0,0,0,0,0,0,121,2026-02-06 06:15:56.067803
WNTR,26.11,25.69,26.01,896200.0,975700.0,0,0,0,0,0,0,0,0,0,0,0,0,0,0,0,0,0,0,0,0,0,0,0,0,0,0,121,2026-02-06 06:15:56.067803
SPNG,24.49,24.49,24.87,970400.0,1090000.0,0,0,0,0,0,0,0,0,0,0,0,0,0,0,0,0,0,0,0,0,0,0,0,0,0,0,122,2026-02-06 06:15:56.663742
SMMR,25.05,25.05,25.09,969200.0,1045800.0,0,0,0,0,0,0,0,0,0,0,0,0,0,0,0,0,0,0,0,0,0,0,0,0,0,0,122,2026-02-06 06:15:56.663742
ATMN,23.49,23.49,23.56,1214000.0,1059500.0,0,0,0,0,0,0,0,0,0,0,0,0,0,0,0,0,0,0,0,0,0,0,0,0,0,0,122,2026-02-06 06:15:56.663742
WNTR,26.38,25.97,26.38,995700.0,876100.0,0,0,0,0,0,0,0,0,0,0,0,0,0,0,0,0,0,0,0,0,0,0,0,0,0,0,122,2026-02-06 06:15:56.663742
SPNG,24.3,24.3,24.81,956700.0,1390400.0,0,0,0,0,0,0,0,0,0,0,0,0,0,0,0,0,0,0,0,0,0,0,0,0,0,0,123,2026-02-06 06:15:57.727129
SMMR,24.85,24.85,25.09,976100.0,1167900.0,0,0,0,0,0,0,0,0,0,0,0,0,0,0,0,0,0,0,0,0,0,0,0,0,0,0,123,2026-02-06 06:15:57.727129
ATMN,23.49,23.49,23.56,1328500.0,1289200.0,0,0,0,0,0,0,0,0,0,0,0,0,0,0,0,0,0,0,0,0,0,0,0,0,0,0,123,2026-02-06 06:15:57.727129
WNTR,26.38,26.31,26.32,1091600.0,1084800.0,0,0,0,0,0,0,0,0,0,0,0,0,0,0,0,0,0,0,0,0,0,0,0,0,0,0,123,2026-02-06 06:15:57.727129
SPNG,24.3,24.3,24.45,972400.0,1592600.0,0,0,0,0,0,0,0,0,0,0,0,0,0,0,0,0,0,0,0,0,0,0,0,0,0,0,124,2026-02-06 06:15:58.786819
SMMR,24.85,24.85,25.33,1096300.0,1070800.0,0,0,0,0,0,0,0,0,0,0,0,0,0,0,0,0,0,0,0,0,0,0,0,0,0,0,124,2026-02-06 06:15:58.786819
ATMN,23.49,23.49,23.56,1433000.0,1529900.0,0,0,0,0,0,0,0,0,0,0,0,0,0,0,0,0,0,0,0,0,0,0,0,0,0,0,124,2026-02-06 06:15:58.786819
WNTR,26.28,26.28,26.32,1090400.0,1191300.0,0,0,0,0,0,0,0,0,0,0,0,0,0,0,0,0,0,0,0,0,0,0,0,0,0,0,124,2026-02-06 06:15:58.786819
SPNG,24.3,23.64,24.29,988200.0,1824100.0,0,0,0,0,0,0,0,0,0,0,0,0,0,0,0,0,0,0,0,0,0,0,0,0,0,0,125,2026-02-06 06:15:59.837276
SMMR,24.83,24.93,25.33,1125400.0,1070800.0,0,0,0,0,0,0,0,0,0,0,0,0,0,0,0,0,0,0,0,0,0,0,0,0,0,0,125,2026-02-06 06:15:59.837276
ATMN,23.49,23.49,23.56,1703400.0,1671900.0,0,0,0,0,0,0,0,0,0,0,0,0,0,0,0,0,0,0,0,0,0,0,0,0,0,0,125,2026-02-06 06:15:59.837276
WNTR,26.28,25.97,26.24,995700.0,1512400.0,0,0,0,0,0,0,0,0,0,0,0,0,0,0,0,0,0,0,0,0,0,0,0,0,0,0,125,2026-02-06 06:15:59.837276
SPNG,24.23,23.95,24.22,1214800.0,1943100.0,0,0,0,0,0,0,0,0,0,0,0,0,0,0,0,0,0,0,0,0,0,0,0,0,0,0,126,2026-02-06 06:16:00.895731
SMMR,25.22,24.93,25.22,1243000.0,1206500.0,0,0,0,0,0,0,0,0,0,0,0,0,0,0,0,0,0,0,0,0,0,0,0,0,0,0,126,2026-02-06 06:16:00.895731
ATMN,23.49,23.49,23.56,1964400.0,1775400.0,0,0,0,0,0,0,0,0,0,0,0,0,0,0,0,0,0,0,0,0,0,0,0,0,0,0,126,2026-02-06 06:16:00.895731
WNTR,25.69,25.69,26.24,1023000.0,1402600.0,0,0,0,0,0,0,0,0,0,0,0,0,0,0,0,0,0,0,0,0,0,0,0,0,0,0,126,2026-02-06 06:16:00.895731
SPNG,24.23,24.21,24.22,1569300.0,1943100.0,0,0,0,0,0,0,0,0,0,0,0,0,0,0,0,0,0,0,0,0,0,0,0,0,0,0,127,2026-02-06 06:16:01.992867
SMMR,24.93,25.04,25.1,1479600.0,1311500.0,0,0,0,0,0,0,0,0,0,0,0,0,0,0,0,0,0,0,0,0,0,0,0,0,0,0,127,2026-02-06 06:16:01.992867
ATMN,23.49,23.49,23.72,1964400.0,1446200.0,0,0,0,0,0,0,0,0,0,0,0,0,0,0,0,0,0,0,0,0,0,0,0,0,0,0,127,2026-02-06 06:16:01.992867
WNTR,25.69,26.04,26.24,1462900.0,1402600.0,0,0,0,0,0,0,0,0,0,0,0,0,0,0,0,0,0,0,0,0,0,0,0,0,0,0,127,2026-02-06 06:16:01.992867
SPNG,23.95,24.31,24.36,1576900.0,1710000.0,0,0,0,0,0,0,0,0,0,0,0,0,0,0,0,0,0,0,0,0,0,0,0,0,0,0,128,2026-02-06 06:16:03.132676
SMMR,25.04,25.04,25.1,1585800.0,1547000.0,0,0,0,0,0,0,0,0,0,0,0,0,0,0,0,0,0,0,0,0,0,0,0,0,0,0,128,2026-02-06 06:16:03.132676
ATMN,23.49,23.49,23.58,2345900.0,1548800.0,0,0,0,0,0,0,0,0,0,0,0,0,0,0,0,0,0,0,0,0,0,0,0,0,0,0,128,2026-02-06 06:16:03.132676
WNTR,26.04,26.04,26.24,1366900.0,1402600.0,0,0,0,0,0,0,0,0,0,0,0,0,0,0,0,0,0,0,0,0,0,0,0,0,0,0,128,2026-02-06 06:16:03.132676
SPNG,24.31,24.31,24.34,1576900.0,1915400.0,0,0,0,0,0,0,0,0,0,0,0,0,0,0,0,0,0,0,0,0,0,0,0,0,0,0,129,2026-02-06 06:16:04.198563
SMMR,25.04,25.06,25.1,1900300.0,1672300.0,0,0,0,0,0,0,0,0,0,0,0,0,0,0,0,0,0,0,0,0,0,0,0,0,0,0,129,2026-02-06 06:16:04.198563
ATMN,23.49,23.49,23.58,2558000.0,1548800.0,0,0,0,0,0,0,0,0,0,0,0,0,0,0,0,0,0,0,0,0,0,0,0,0,0,0,129,2026-02-06 06:16:04.198563
WNTR,26.01,26.01,26.05,1364200.0,1491100.0,0,0,0,0,0,0,0,0,0,0,0,0,0,0,0,0,0,0,0,0,0,0,0,0,0,0,129,2026-02-06 06:16:04.198563
SPNG,24.34,23.95,24.34,1464700.0,1915400.0,0,0,0,0,0,0,0,0,0,0,0,0,0,0,0,0,0,0,0,0,0,0,0,0,0,0,130,2026-02-06 06:16:04.754682
SMMR,25.06,25.06,25.1,1900300.0,1778600.0,0,0,0,0,0,0,0,0,0,0,0,0,0,0,0,0,0,0,0,0,0,0,0,0,0,0,130,2026-02-06 06:16:04.754682
ATMN,23.72,23.55,23.72,2525900.0,1446200.0,0,0,0,0,0,0,0,0,0,0,0,0,0,0,0,0,0,0,0,0,0,0,0,0,0,0,130,2026-02-06 06:16:04.754682
WNTR,25.92,25.92,26.05,1246200.0,1491100.0,0,0,0,0,0,0,0,0,0,0,0,0,0,0,0,0,0,0,0,0,0,0,0,0,0,0,130,2026-02-06 06:16:04.754682
SPNG,24.65,23.95,24.43,1464700.0,1688300.0,0,0,0,0,0,0,0,0,0,0,0,0,0,0,0,0,0,0,0,0,0,0,0,0,0,0,131,2026-02-06 06:16:05.903182
SMMR,25.03,24.99,25.03,1706200.0,2009500.0,0,0,0,0,0,0,0,0,0,0,0,0,0,0,0,0,0,0,0,0,0,0,0,0,0,0,131,2026-02-06 06:16:05.903182
ATMN,23.72,23.55,23.67,2504300.0,1786100.0,0,0,0,0,0,0,0,0,0,0,0,0,0,0,0,0,0,0,0,0,0,0,0,0,0,0,131,2026-02-06 06:16:05.903182
WNTR,26.13,25.92,26.13,1474500.0,1492300.0,0,0,0,0,0,0,0,0,0,0,0,0,0,0,0,0,0,0,0,0,0,0,0,0,0,0,131,2026-02-06 06:16:05.903182
SPNG,24.43,24.2,24.43,1565900.0,1772700.0,0,0,0,0,0,0,0,0,0,0,0,0,0,0,0,0,0,0,0,0,0,0,0,0,0,0,132,2026-02-06 06:16:06.983007
SMMR,25.03,25.08,25.1,1688200.0,2005900.0,0,0,0,0,0,0,0,0,0,0,0,0,0,0,0,0,0,0,0,0,0,0,0,0,0,0,132,2026-02-06 06:16:06.983007
ATMN,23.47,23.47,23.53,2537300.0,1894700.0,0,0,0,0,0,0,0,0,0,0,0,0,0,0,0,0,0,0,0,0,0,0,0,0,0,0,132,2026-02-06 06:16:06.983007
WNTR,26.11,26.11,26.24,1591300.0,1402600.0,0,0,0,0,0,0,0,0,0,0,0,0,0,0,0,0,0,0,0,0,0,0,0,0,0,0,132,2026-02-06 06:16:06.983007
SPNG,24.2,23.95,24.17,1464700.0,1691800.0,0,0,0,0,0,0,0,0,0,0,0,0,0,0,0,0,0,0,0,0,0,0,0,0,0,0,133,2026-02-06 06:16:08.038293
SMMR,24.99,24.99,25.1,1689700.0,2005900.0,0,0,0,0,0,0,0,0,0,0,0,0,0,0,0,0,0,0,0,0,0,0,0,0,0,0,133,2026-02-06 06:16:08.038293
ATMN,23.4,23.47,23.53,2546700.0,1894700.0,0,0,0,0,0,0,0,0,0,0,0,0,0,0,0,0,0,0,0,0,0,0,0,0,0,0,133,2026-02-06 06:16:08.038293
WNTR,26.11,25.92,26.05,1615200.0,1600900.0,0,0,0,0,0,0,0,0,0,0,0,0,0,0,0,0,0,0,0,0,0,0,0,0,0,0,133,2026-02-06 06:16:08.038293
SPNG,24.48,23.95,24.48,1570800.0,1680000.0,0,0,0,0,0,0,0,0,0,0,0,0,0,0,0,0,0,0,0,0,0,0,0,0,0,0,134,2026-02-06 06:16:09.119176
SMMR,24.82,24.82,25.1,1328900.0,2135300.0,0,0,0,0,0,0,0,0,0,0,0,0,0,0,0,0,0,0,0,0,0,0,0,0,0,0,134,2026-02-06 06:16:09.119176
ATMN,23.47,23.47,23.53,2546700.0,2035500.0,0,0,0,0,0,0,0,0,0,0,0,0,0,0,0,0,0,0,0,0,0,0,0,0,0,0,134,2026-02-06 06:16:09.119176
WNTR,25.93,25.93,26.24,1729700.0,1402600.0,0,0,0,0,0,0,0,0,0,0,0,0,0,0,0,0,0,0,0,0,0,0,0,0,0,0,134,2026-02-06 06:16:09.119176
SPNG,24.48,24.53,24.65,1692300.0,1582900.0,0,0,0,0,0,0,0,0,0,0,0,0,0,0,0,0,0,0,0,0,0,0,0,0,0,0,135,2026-02-06 06:16:10.174571
SMMR,24.9,24.82,24.87,1328900.0,2276900.0,0,0,0,0,0,0,0,0,0,0,0,0,0,0,0,0,0,0,0,0,0,0,0,0,0,0,135,2026-02-06 06:16:10.174571
ATMN,23.39,23.39,23.54,2578600.0,1926900.0,0,0,0,0,0,0,0,0,0,0,0,0,0,0,0,0,0,0,0,0,0,0,0,0,0,0,135,2026-02-06 06:16:10.174571
WNTR,26.26,25.93,26.2,1845900.0,1397200.0,0,0,0,0,0,0,0,0,0,0,0,0,0,0,0,0,0,0,0,0,0,0,0,0,0,0,135,2026-02-06 06:16:10.174571
SPNG,24.48,24.53,24.65,1692300.0,1863900.0,0,0,0,0,0,0,0,0,0,0,0,0,0,0,0,0,0,0,0,0,0,0,0,0,0,0,136,2026-02-06 06:16:11.232287
SMMR,24.82,24.82,25.1,1328900.0,2275200.0,0,0,0,0,0,0,0,0,0,0,0,0,0,0,0,0,0,0,0,0,0,0,0,0,0,0,136,2026-02-06 06:16:11.232287
ATMN,23.39,23.39,23.51,2568100.0,2196000.0,0,0,0,0,0,0,0,0,0,0,0,0,0,0,0,0,0,0,0,0,0,0,0,0,0,0,136,2026-02-06 06:16:11.232287
WNTR,26.26,26.1,26.2,2063400.0,1487300.0,0,0,0,0,0,0,0,0,0,0,0,0,0,0,0,0,0,0,0,0,0,0,0,0,0,0,136,2026-02-06 06:16:11.232287
SPNG,23.7,24.07,24.65,1676600.0,1863900.0,0,0,0,0,0,0,0,0,0,0,0,0,0,0,0,0,0,0,0,0,0,0,0,0,0,0,137,2026-02-06 06:16:11.806947
SMMR,24.82,24.87,25.1,1589800.0,2275200.0,0,0,0,0,0,0,0,0,0,0,0,0,0,0,0,0,0,0,0,0,0,0,0,0,0,0,137,2026-02-06 06:16:11.806947
ATMN,23.37,23.37,23.43,2574700.0,2337300.0,0,0,0,0,0,0,0,0,0,0,0,0,0,0,0,0,0,0,0,0,0,0,0,0,0,0,137,2026-02-06 06:16:11.806947
WNTR,26.32,26.05,26.32,1943700.0,1384000.0,0,0,0,0,0,0,0,0,0,0,0,0,0,0,0,0,0,0,0,0,0,0,0,0,0,0,137,2026-02-06 06:16:11.806947
SPNG,23.7,24.13,24.45,1772000.0,1985800.0,0,0,0,0,0,0,0,0,0,0,0,0,0,0,0,0,0,0,0,0,0,0,0,0,0,0,138,2026-02-06 06:16:12.869763
SMMR,24.95,24.95,25.1,1727300.0,2275200.0,0,0,0,0,0,0,0,0,0,0,0,0,0,0,0,0,0,0,0,0,0,0,0,0,0,0,138,2026-02-06 06:16:12.869763
ATMN,23.37,23.4,23.43,2552900.0,2467500.0,0,0,0,0,0,0,0,0,0,0,0,0,0,0,0,0,0,0,0,0,0,0,0,0,0,0,138,2026-02-06 06:16:12.869763
WNTR,26.22,26.05,26.22,2038100.0,1508100.0,0,0,0,0,0,0,0,0,0,0,0,0,0,0,0,0,0,0,0,0,0,0,0,0,0,0,138,2026-02-06 06:16:12.869763
SPNG,24.13,24.26,24.45,1852300.0,1985800.0,0,0,0,0,0,0,0,0,0,0,0,0,0,0,0,0,0,0,0,0,0,0,0,0,0,0,139,2026-02-06 06:16:13.918804
SMMR,25.1,24.95,25.1,1829500.0,2269500.0,0,0,0,0,0,0,0,0,0,0,0,0,0,0,0,0,0,0,0,0,0,0,0,0,0,0,139,2026-02-06 06:16:13.918804
ATMN,23.47,23.4,23.47,2552900.0,2442800.0,0,0,0,0,0,0,0,0,0,0,0,0,0,0,0,0,0,0,0,0,0,0,0,0,0,0,139,2026-02-06 06:16:13.918804
WNTR,26.29,26.05,26.16,2038100.0,1587100.0,0,0,0,0,0,0,0,0,0,0,0,0,0,0,0,0,0,0,0,0,0,0,0,0,0,0,139,2026-02-06 06:16:13.918804
SPNG,24.07,24.07,24.45,1878900.0,1998400.0,0,0,0,0,0,0,0,0,0,0,0,0,0,0,0,0,0,0,0,0,0,0,0,0,0,0,140,2026-02-06 06:16:14.968502
SMMR,24.87,24.87,24.93,1589800.0,2239500.0,0,0,0,0,0,0,0,0,0,0,0,0,0,0,0,0,0,0,0,0,0,0,0,0,0,0,140,2026-02-06 06:16:14.968502
ATMN,23.35,23.35,23.38,2613900.0,2424500.0,0,0,0,0,0,0,0,0,0,0,0,0,0,0,0,0,0,0,0,0,0,0,0,0,0,0,140,2026-02-06 06:16:14.968502
WNTR,26.3,26.05,26.3,2271000.0,1481700.0,0,0,0,0,0,0,0,0,0,0,0,0,0,0,0,0,0,0,0,0,0,0,0,0,0,0,140,2026-02-06 06:16:14.968502
SPNG,24.34,24.07,24.34,1878900.0,2059500.0,0,0,0,0,0,0,0,0,0,0,0,0,0,0,0,0,0,0,0,0,0,0,0,0,0,0,141,2026-02-06 06:16:16.018784
SMMR,24.97,24.87,24.88,1735900.0,2284200.0,0,0,0,0,0,0,0,0,0,0,0,0,0,0,0,0,0,0,0,0,0,0,0,0,0,0,141,2026-02-06 06:16:16.018784
ATMN,23.37,23.35,23.37,2601000.0,2441700.0,0,0,0,0,0,0,0,0,0,0,0,0,0,0,0,0,0,0,0,0,0,0,0,0,0,0,141,2026-02-06 06:16:16.018784
WNTR,26.05,26.05,26.3,2271000.0,1574700.0,0,0,0,0,0,0,0,0,0,0,0,0,0,0,0,0,0,0,0,0,0,0,0,0,0,0,141,2026-02-06 06:16:16.018784
SPNG,24.45,24.08,24.45,1975300.0,2042000.0,0,0,0,0,0,0,0,0,0,0,0,0,0,0,0,0,0,0,0,0,0,0,0,0,0,0,142,2026-02-06 06:16:17.068535
SMMR,24.97,24.87,24.88,2247700.0,2284200.0,0,0,0,0,0,0,0,0,0,0,0,0,0,0,0,0,0,0,0,0,0,0,0,0,0,0,142,2026-02-06 06:16:17.068535
ATMN,23.38,23.33,23.38,2609700.0,2431800.0,0,0,0,0,0,0,0,0,0,0,0,0,0,0,0,0,0,0,0,0,0,0,0,0,0,0,142,2026-02-06 06:16:17.068535
WNTR,26.05,26.05,26.07,2271000.0,1834400.0,0,0,0,0,0,0,0,0,0,0,0,0,0,0,0,0,0,0,0,0,0,0,0,0,0,0,142,2026-02-06 06:16:17.068535
SPNG,24.02,24.02,24.45,1891400.0,2037700.0,0,0,0,0,0,0,0,0,0,0,0,0,0,0,0,0,0,0,0,0,0,0,0,0,0,0,143,2026-02-06 06:16:18.121986
SMMR,24.99,24.87,24.99,2443000.0,2258500.0,0,0,0,0,0,0,0,0,0,0,0,0,0,0,0,0,0,0,0,0,0,0,0,0,0,0,143,2026-02-06 06:16:18.121986
ATMN,23.29,23.29,23.38,2479400.0,2419300.0,0,0,0,0,0,0,0,0,0,0,0,0,0,0,0,0,0,0,0,0,0,0,0,0,0,0,143,2026-02-06 06:16:18.121986
WNTR,26.3,26.05,26.18,2264300.0,1846600.0,0,0,0,0,0,0,0,0,0,0,0,0,0,0,0,0,0,0,0,0,0,0,0,0,0,0,143,2026-02-06 06:16:18.121986
SPNG,24.65,24.02,24.65,1891400.0,1991200.0,0,0,0,0,0,0,0,0,0,0,0,0,0,0,0,0,0,0,0,0,0,0,0,0,0,0,144,2026-02-06 06:16:18.862776
SMMR,25.03,24.87,24.97,2441700.0,2284400.0,0,0,0,0,0,0,0,0,0,0,0,0,0,0,0,0,0,0,0,0,0,0,0,0,0,0,144,2026-02-06 06:16:18.862776
ATMN,23.25,23.25,23.38,2625400.0,2440100.0,0,0,0,0,0,0,0,0,0,0,0,0,0,0,0,0,0,0,0,0,0,0,0,0,0,0,144,2026-02-06 06:16:18.862776
WNTR,26.18,26.2,26.3,2239000.0,1832600.0,0,0,0,0,0,0,0,0,0,0,0,0,0,0,0,0,0,0,0,0,0,0,0,0,0,0,144,2026-02-06 06:16:18.862776
SPNG,24.65,24.06,24.65,1895700.0,1991200.0,0,0,0,0,0,0,0,0,0,0,0,0,0,0,0,0,0,0,0,0,0,0,0,0,0,0,145,2026-02-06 06:16:19.999205
SMMR,25.08,24.87,25.08,2416500.0,2242300.0,0,0,0,0,0,0,0,0,0,0,0,0,0,0,0,0,0,0,0,0,0,0,0,0,0,0,145,2026-02-06 06:16:19.999205
ATMN,23.28,23.28,23.47,2620000.0,2436000.0,0,0,0,0,0,0,0,0,0,0,0,0,0,0,0,0,0,0,0,0,0,0,0,0,0,0,145,2026-02-06 06:16:19.999205
WNTR,26.04,26.04,26.19,2214200.0,1941200.0,0,0,0,0,0,0,0,0,0,0,0,0,0,0,0,0,0,0,0,0,0,0,0,0,0,0,145,2026-02-06 06:16:19.999205
SPNG,24.41,24.41,24.65,2014800.0,1996300.0,0,0,0,0,0,0,0,0,0,0,0,0,0,0,0,0,0,0,0,0,0,0,0,0,0,0,146,2026-02-06 06:16:21.061817
SMMR,24.99,24.99,25.08,2382300.0,2250600.0,0,0,0,0,0,0,0,0,0,0,0,0,0,0,0,0,0,0,0,0,0,0,0,0,0,0,146,2026-02-06 06:16:21.061817
ATMN,23.46,23.46,23.47,2638300.0,2441700.0,0,0,0,0,0,0,0,0,0,0,0,0,0,0,0,0,0,0,0,0,0,0,0,0,0,0,146,2026-02-06 06:16:21.061817
WNTR,26.19,26.04,26.19,2162400.0,1941200.0,0,0,0,0,0,0,0,0,0,0,0,0,0,0,0,0,0,0,0,0,0,0,0,0,0,0,146,2026-02-06 06:16:21.061817
SPNG,24.62,24.06,24.28,1895700.0,2036600.0,0,0,0,0,0,0,0,0,0,0,0,0,0,0,0,0,0,0,0,0,0,0,0,0,0,0,147,2026-02-06 06:16:22.110393
SMMR,24.86,24.86,24.96,2374200.0,2277500.0,0,0,0,0,0,0,0,0,0,0,0,0,0,0,0,0,0,0,0,0,0,0,0,0,0,0,147,2026-02-06 06:16:22.110393
ATMN,23.47,23.33,23.47,2619300.0,2441700.0,0,0,0,0,0,0,0,0,0,0,0,0,0,0,0,0,0,0,0,0,0,0,0,0,0,0,147,2026-02-06 06:16:22.110393
WNTR,25.96,25.96,26.19,2184300.0,1941200.0,0,0,0,0,0,0,0,0,0,0,0,0,0,0,0,0,0,0,0,0,0,0,0,0,0,0,147,2026-02-06 06:16:22.110393
SPNG,24.62,24.15,24.28,2208100.0,2036600.0,0,0,0,0,0,0,0,0,0,0,0,0,0,0,0,0,0,0,0,0,0,0,0,0,0,0,148,2026-02-06 06:16:23.150583
SMMR,24.86,24.93,24.96,2342100.0,2277500.0,0,0,0,0,0,0,0,0,0,0,0,0,0,0,0,0,0,0,0,0,0,0,0,0,0,0,148,2026-02-06 06:16:23.150583
ATMN,23.47,23.43,23.47,2572700.0,2466100.0,0,0,0,0,0,0,0,0,0,0,0,0,0,0,0,0,0,0,0,0,0,0,0,0,0,0,148,2026-02-06 06:16:23.150583
WNTR,26.33,26.18,26.25,2169700.0,1831600.0,0,0,0,0,0,0,0,0,0,0,0,0,0,0,0,0,0,0,0,0,0,0,0,0,0,0,148,2026-02-06 06:16:23.150583
SPNG,24.06,24.06,24.37,2194000.0,2040800.0,0,0,0,0,0,0,0,0,0,0,0,0,0,0,0,0,0,0,0,0,0,0,0,0,0,0,149,2026-02-06 06:16:24.199143
SMMR,24.86,24.93,24.96,2284000.0,2269800.0,0,0,0,0,0,0,0,0,0,0,0,0,0,0,0,0,0,0,0,0,0,0,0,0,0,0,149,2026-02-06 06:16:24.199143
ATMN,23.51,23.33,23.51,2619300.0,2458700.0,0,0,0,0,0,0,0,0,0,0,0,0,0,0,0,0,0,0,0,0,0,0,0,0,0,0,149,2026-02-06 06:16:24.199143
WNTR,26.04,26.12,26.25,2187200.0,1831600.0,0,0,0,0,0,0,0,0,0,0,0,0,0,0,0,0,0,0,0,0,0,0,0,0,0,0,149,2026-02-06 06:16:24.199143
SPNG,24.65,24.06,24.08,2194000.0,2057800.0,0,0,0,0,0,0,0,0,0,0,0,0,0,0,0,0,0,0,0,0,0,0,0,0,0,0,150,2026-02-06 06:16:24.840078
SMMR,25.1,24.93,25.1,2273900.0,2249300.0,0,0,0,0,0,0,0,0,0,0,0,0,0,0,0,0,0,0,0,0,0,0,0,0,0,0,150,2026-02-06 06:16:24.840078
ATMN,23.51,23.43,23.51,2585800.0,2470300.0,0,0,0,0,0,0,0,0,0,0,0,0,0,0,0,0,0,0,0,0,0,0,0,0,0,0,150,2026-02-06 06:16:24.840078
WNTR,26.12,26.12,26.25,2189600.0,1831600.0,0,0,0,0,0,0,0,0,0,0,0,0,0,0,0,0,0,0,0,0,0,0,0,0,0,0,150,2026-02-06 06:16:24.840078
SPNG,24.08,24.08,24.65,2283100.0,2035100.0,0,0,0,0,0,0,0,0,0,0,0,0,0,0,0,0,0,0,0,0,0,0,0,0,0,0,151,2026-02-06 06:16:25.971695
SMMR,25.11,24.93,25.11,2293400.0,2234700.0,0,0,0,0,0,0,0,0,0,0,0,0,0,0,0,0,0,0,0,0,0,0,0,0,0,0,151,2026-02-06 06:16:25.971695
ATMN,23.51,23.33,23.51,2578400.0,2470300.0,0,0,0,0,0,0,0,0,0,0,0,0,0,0,0,0,0,0,0,0,0,0,0,0,0,0,151,2026-02-06 06:16:25.971695
WNTR,26.25,26.04,26.25,2165100.0,1831600.0,0,0,0,0,0,0,0,0,0,0,0,0,0,0,0,0,0,0,0,0,0,0,0,0,0,0,151,2026-02-06 06:16:25.971695
SPNG,24.06,24.06,24.43,2293600.0,2057600.0,0,0,0,0,0,0,0,0,0,0,0,0,0,0,0,0,0,0,0,0,0,0,0,0,0,0,152,2026-02-06 06:16:27.031628
SMMR,24.93,24.96,25.11,2323100.0,2234700.0,0,0,0,0,0,0,0,0,0,0,0,0,0,0,0,0,0,0,0,0,0,0,0,0,0,0,152,2026-02-06 06:16:27.031628
ATMN,23.24,23.42,23.51,2572400.0,2470300.0,0,0,0,0,0,0,0,0,0,0,0,0,0,0,0,0,0,0,0,0,0,0,0,0,0,0,152,2026-02-06 06:16:27.031628
WNTR,26.34,26.25,26.34,2220100.0,1639600.0,0,0,0,0,0,0,0,0,0,0,0,0,0,0,0,0,0,0,0,0,0,0,0,0,0,0,152,2026-02-06 06:16:27.031628
SPNG,24.06,24.06,24.28,2246700.0,2085700.0,0,0,0,0,0,0,0,0,0,0,0,0,0,0,0,0,0,0,0,0,0,0,0,0,0,0,153,2026-02-06 06:16:28.078527
SMMR,25.11,25.12,25.13,2322100.0,2248800.0,0,0,0,0,0,0,0,0,0,0,0,0,0,0,0,0,0,0,0,0,0,0,0,0,0,0,153,2026-02-06 06:16:28.078527
ATMN,23.24,23.42,23.51,2571300.0,2470300.0,0,0,0,0,0,0,0,0,0,0,0,0,0,0,0,0,0,0,0,0,0,0,0,0,0,0,153,2026-02-06 06:16:28.078527
WNTR,26.34,26.25,26.31,2225500.0,1762900.0,0,0,0,0,0,0,0,0,0,0,0,0,0,0,0,0,0,0,0,0,0,0,0,0,0,0,153,2026-02-06 06:16:28.078527
SPNG,24.65,24.07,24.65,2217000.0,2035100.0,0,0,0,0,0,0,0,0,0,0,0,0,0,0,0,0,0,0,0,0,0,0,0,0,0,0,154,2026-02-06 06:16:29.122346
SMMR,25.11,25.12,25.13,2322100.0,2270900.0,0,0,0,0,0,0,0,0,0,0,0,0,0,0,0,0,0,0,0,0,0,0,0,0,0,0,154,2026-02-06 06:16:29.122346
ATMN,23.52,23.33,23.52,2596000.0,2461300.0,0,0,0,0,0,0,0,0,0,0,0,0,0,0,0,0,0,0,0,0,0,0,0,0,0,0,154,2026-02-06 06:16:29.122346
WNTR,26.2,26.29,26.31,2215800.0,1762900.0,0,0,0,0,0,0,0,0,0,0,0,0,0,0,0,0,0,0,0,0,0,0,0,0,0,0,154,2026-02-06 06:16:29.122346
SPNG,24.16,24.06,24.16,2228800.0,2055200.0,0,0,0,0,0,0,0,0,0,0,0,0,0,0,0,0,0,0,0,0,0,0,0,0,0,0,155,2026-02-06 06:16:30.165622
SMMR,25.11,25.12,25.13,2322100.0,2324900.0,0,0,0,0,0,0,0,0,0,0,0,0,0,0,0,0,0,0,0,0,0,0,0,0,0,0,155,2026-02-06 06:16:30.165622
ATMN,23.53,23.33,23.53,2609100.0,2415600.0,0,0,0,0,0,0,0,0,0,0,0,0,0,0,0,0,0,0,0,0,0,0,0,0,0,0,155,2026-02-06 06:16:30.165622
WNTR,26.3,26.29,26.3,2198100.0,1887000.0,0,0,0,0,0,0,0,0,0,0,0,0,0,0,0,0,0,0,0,0,0,0,0,0,0,0,155,2026-02-06 06:16:30.165622
SPNG,24.16,24.49,24.6,2179700.0,2075300.0,0,0,0,0,0,0,0,0,0,0,0,0,0,0,0,0,0,0,0,0,0,0,0,0,0,0,156,2026-02-06 06:16:31.227410
SMMR,25.05,25.05,25.13,2302500.0,2312000.0,0,0,0,0,0,0,0,0,0,0,0,0,0,0,0,0,0,0,0,0,0,0,0,0,0,0,156,2026-02-06 06:16:31.227410
ATMN,23.54,23.43,23.52,2579500.0,2411700.0,0,0,0,0,0,0,0,0,0,0,0,0,0,0,0,0,0,0,0,0,0,0,0,0,0,0,156,2026-02-06 06:16:31.227410
WNTR,26.3,26.29,26.3,2172000.0,2001100.0,0,0,0,0,0,0,0,0,0,0,0,0,0,0,0,0,0,0,0,0,0,0,0,0,0,0,156,2026-02-06 06:16:31.227410
SPNG,24.49,24.49,24.6,2179700.0,2036900.0,0,0,0,0,0,0,0,0,0,0,0,0,0,0,0,0,0,0,0,0,0,0,0,0,0,0,157,2026-02-06 06:16:32.272734
SMMR,24.96,25.08,25.13,2339700.0,2340400.0,0,0,0,0,0,0,0,0,0,0,0,0,0,0,0,0,0,0,0,0,0,0,0,0,0,0,157,2026-02-06 06:16:32.272734
ATMN,23.54,23.49,23.54,2536100.0,2411100.0,0,0,0,0,0,0,0,0,0,0,0,0,0,0,0,0,0,0,0,0,0,0,0,0,0,0,157,2026-02-06 06:16:32.272734
WNTR,26.32,26.33,26.34,2198000.0,1753900.0,0,0,0,0,0,0,0,0,0,0,0,0,0,0,0,0,0,0,0,0,0,0,0,0,0,0,157,2026-02-06 06:16:32.272734
SPNG,24.6,24.14,24.38,2192900.0,2066500.0,0,0,0,0,0,0,0,0,0,0,0,0,0,0,0,0,0,0,0,0,0,0,0,0,0,0,158,2026-02-06 06:16:33.332870
SMMR,25.12,25.12,25.13,2355300.0,2340400.0,0,0,0,0,0,0,0,0,0,0,0,0,0,0,0,0,0,0,0,0,0,0,0,0,0,0,158,2026-02-06 06:16:33.332870
ATMN,23.52,23.49,23.52,2536100.0,2491500.0,0,0,0,0,0,0,0,0,0,0,0,0,0,0,0,0,0,0,0,0,0,0,0,0,0,0,158,2026-02-06 06:16:33.332870
WNTR,26.19,26.19,26.34,2210600.0,1753900.0,0,0,0,0,0,0,0,0,0,0,0,0,0,0,0,0,0,0,0,0,0,0,0,0,0,0,158,2026-02-06 06:16:33.332870
SPNG,24.6,24.14,24.26,2192900.0,2070400.0,0,0,0,0,0,0,0,0,0,0,0,0,0,0,0,0,0,0,0,0,0,0,0,0,0,0,159,2026-02-06 06:16:33.900875
SMMR,25.12,25.12,25.13,2355300.0,2343300.0,0,0,0,0,0,0,0,0,0,0,0,0,0,0,0,0,0,0,0,0,0,0,0,0,0,0,159,2026-02-06 06:16:33.900875
ATMN,23.49,23.49,23.52,2536100.0,2491500.0,0,0,0,0,0,0,0,0,0,0,0,0,0,0,0,0,0,0,0,0,0,0,0,0,0,0,159,2026-02-06 06:16:33.900875
WNTR,26.34,26.37,26.38,2222900.0,1763900.0,0,0,0,0,0,0,0,0,0,0,0,0,0,0,0,0,0,0,0,0,0,0,0,0,0,0,159,2026-02-06 06:16:33.900875
SPNG,24.06,24.06,24.26,2228800.0,2088700.0,0,0,0,0,0,0,0,0,0,0,0,0,0,0,0,0,0,0,0,0,0,0,0,0,0,0,160,2026-02-06 06:16:34.981469
SMMR,25.12,25.08,25.1,2339700.0,2361100.0,0,0,0,0,0,0,0,0,0,0,0,0,0,0,0,0,0,0,0,0,0,0,0,0,0,0,160,2026-02-06 06:16:34.981469
ATMN,23.54,23.43,23.54,2553900.0,2415800.0,0,0,0,0,0,0,0,0,0,0,0,0,0,0,0,0,0,0,0,0,0,0,0,0,0,0,160,2026-02-06 06:16:34.981469
WNTR,26.23,26.23,26.38,2219500.0,1867500.0,0,0,0,0,0,0,0,0,0,0,0,0,0,0,0,0,0,0,0,0,0,0,0,0,0,0,160,2026-02-06 06:16:34.981469
SPNG,24.06,24.16,24.26,2167500.0,2088700.0,0,0,0,0,0,0,0,0,0,0,0,0,0,0,0,0,0,0,0,0,0,0,0,0,0,0,161,2026-02-06 06:16:36.045075
SMMR,25.08,25.08,25.13,2325100.0,2344900.0,0,0,0,0,0,0,0,0,0,0,0,0,0,0,0,0,0,0,0,0,0,0,0,0,0,0,161,2026-02-06 06:16:36.045075
ATMN,23.58,23.35,23.58,2583700.0,2406400.0,0,0,0,0,0,0,0,0,0,0,0,0,0,0,0,0,0,0,0,0,0,0,0,0,0,0,161,2026-02-06 06:16:36.045075
WNTR,26.4,26.23,26.28,2219500.0,1850300.0,0,0,0,0,0,0,0,0,0,0,0,0,0,0,0,0,0,0,0,0,0,0,0,0,0,0,161,2026-02-06 06:16:36.045075
SPNG,24.26,24.33,24.38,2173500.0,2068900.0,0,0,0,0,0,0,0,0,0,0,0,0,0,0,0,0,0,0,0,0,0,0,0,0,0,0,162,2026-02-06 06:16:37.115935
SMMR,25.13,25.08,25.1,2325100.0,2365400.0,0,0,0,0,0,0,0,0,0,0,0,0,0,0,0,0,0,0,0,0,0,0,0,0,0,0,162,2026-02-06 06:16:37.115935
ATMN,23.59,23.33,23.59,2585400.0,2420000.0,0,0,0,0,0,0,0,0,0,0,0,0,0,0,0,0,0,0,0,0,0,0,0,0,0,0,162,2026-02-06 06:16:37.115935
WNTR,26.28,26.27,26.28,2188000.0,1850300.0,0,0,0,0,0,0,0,0,0,0,0,0,0,0,0,0,0,0,0,0,0,0,0,0,0,0,162,2026-02-06 06:16:37.115935
SPNG,24.33,24.14,24.32,2172600.0,2088500.0,0,0,0,0,0,0,0,0,0,0,0,0,0,0,0,0,0,0,0,0,0,0,0,0,0,0,163,2026-02-06 06:16:38.173973
SMMR,24.96,24.86,24.9,2283700.0,2362900.0,0,0,0,0,0,0,0,0,0,0,0,0,0,0,0,0,0,0,0,0,0,0,0,0,0,0,163,2026-02-06 06:16:38.173973
ATMN,23.62,23.33,23.62,2585400.0,2361100.0,0,0,0,0,0,0,0,0,0,0,0,0,0,0,0,0,0,0,0,0,0,0,0,0,0,0,163,2026-02-06 06:16:38.173973
WNTR,26.4,26.27,26.4,2188000.0,1847600.0,0,0,0,0,0,0,0,0,0,0,0,0,0,0,0,0,0,0,0,0,0,0,0,0,0,0,163,2026-02-06 06:16:38.173973
SPNG,24.38,24.14,24.25,2178000.0,2089600.0,0,0,0,0,0,0,0,0,0,0,0,0,0,0,0,0,0,0,0,0,0,0,0,0,0,0,164,2026-02-06 06:16:39.229393
SMMR,24.91,24.91,25.1,2282200.0,2369500.0,0,0,0,0,0,0,0,0,0,0,0,0,0,0,0,0,0,0,0,0,0,0,0,0,0,0,164,2026-02-06 06:16:39.229393
ATMN,23.65,23.53,23.65,2551200.0,2359600.0,0,0,0,0,0,0,0,0,0,0,0,0,0,0,0,0,0,0,0,0,0,0,0,0,0,0,164,2026-02-06 06:16:39.229393
WNTR,26.23,26.3,26.4,2179000.0,1938900.0,0,0,0,0,0,0,0,0,0,0,0,0,0,0,0,0,0,0,0,0,0,0,0,0,0,0,164,2026-02-06 06:16:39.229393
SPNG,24.38,24.14,24.18,2154300.0,2111800.0,0,0,0,0,0,0,0,0,0,0,0,0,0,0,0,0,0,0,0,0,0,0,0,0,0,0,165,2026-02-06 06:16:40.291229
SMMR,25.13,24.91,24.99,2282200.0,2355700.0,0,0,0,0,0,0,0,0,0,0,0,0,0,0,0,0,0,0,0,0,0,0,0,0,0,0,165,2026-02-06 06:16:40.291229
ATMN,23.46,23.46,23.48,2569500.0,2378800.0,0,0,0,0,0,0,0,0,0,0,0,0,0,0,0,0,0,0,0,0,0,0,0,0,0,0,165,2026-02-06 06:16:40.291229
WNTR,26.42,26.3,26.42,2204200.0,1905800.0,0,0,0,0,0,0,0,0,0,0,0,0,0,0,0,0,0,0,0,0,0,0,0,0,0,0,165,2026-02-06 06:16:40.291229
SPNG,23.94,23.94,24.18,2194900.0,2111800.0,0,0,0,0,0,0,0,0,0,0,0,0,0,0,0,0,0,0,0,0,0,0,0,0,0,0,166,2026-02-06 06:16:41.351392
SMMR,24.99,24.86,24.99,2288500.0,2371600.0,0,0,0,0,0,0,0,0,0,0,0,0,0,0,0,0,0,0,0,0,0,0,0,0,0,0,166,2026-02-06 06:16:41.351392
ATMN,23.48,23.46,23.48,2541400.0,2378800.0,0,0,0,0,0,0,0,0,0,0,0,0,0,0,0,0,0,0,0,0,0,0,0,0,0,0,166,2026-02-06 06:16:41.351392
WNTR,26.3,26.3,26.34,2204200.0,1906500.0,0,0,0,0,0,0,0,0,0,0,0,0,0,0,0,0,0,0,0,0,0,0,0,0,0,0,166,2026-02-06 06:16:41.351392
SPNG,24.25,23.94,24.25,2196800.0,2101700.0,0,0,0,0,0,0,0,0,0,0,0,0,0,0,0,0,0,0,0,0,0,0,0,0,0,0,167,2026-02-06 06:16:42.433570
SMMR,25.12,24.87,25.12,2291800.0,2349700.0,0,0,0,0,0,0,0,0,0,0,0,0,0,0,0,0,0,0,0,0,0,0,0,0,0,0,167,2026-02-06 06:16:42.433570
ATMN,23.72,23.39,23.72,2588200.0,2202600.0,0,0,0,0,0,0,0,0,0,0,0,0,0,0,0,0,0,0,0,0,0,0,0,0,0,0,167,2026-02-06 06:16:42.433570
WNTR,26.25,26.25,26.45,2181500.0,1814500.0,0,0,0,0,0,0,0,0,0,0,0,0,0,0,0,0,0,0,0,0,0,0,0,0,0,0,167,2026-02-06 06:16:42.433570
SPNG,24.37,23.94,24.37,2196800.0,2081800.0,0,0,0,0,0,0,0,0,0,0,0,0,0,0,0,0,0,0,0,0,0,0,0,0,0,0,168,2026-02-06 06:16:42.989556
SMMR,24.87,24.87,25.12,2291800.0,2349700.0,0,0,0,0,0,0,0,0,0,0,0,0,0,0,0,0,0,0,0,0,0,0,0,0,0,0,168,2026-02-06 06:16:42.989556
ATMN,23.73,23.5,23.73,2560900.0,2060400.0,0,0,0,0,0,0,0,0,0,0,0,0,0,0,0,0,0,0,0,0,0,0,0,0,0,0,168,2026-02-06 06:16:42.989556
WNTR,26.25,26.25,26.45,2159600.0,1814500.0,0,0,0,0,0,0,0,0,0,0,0,0,0,0,0,0,0,0,0,0,0,0,0,0,0,0,168,2026-02-06 06:16:42.989556
SPNG,24.39,23.94,24.39,2190100.0,2051500.0,0,0,0,0,0,0,0,0,0,0,0,0,0,0,0,0,0,0,0,0,0,0,0,0,0,0,169,2026-02-06 06:16:44.062328
SMMR,25.16,24.86,25.16,2288500.0,2309800.0,0,0,0,0,0,0,0,0,0,0,0,0,0,0,0,0,0,0,0,0,0,0,0,0,0,0,169,2026-02-06 06:16:44.062328
ATMN,23.49,23.69,23.73,2565200.0,2060400.0,0,0,0,0,0,0,0,0,0,0,0,0,0,0,0,0,0,0,0,0,0,0,0,0,0,0,169,2026-02-06 06:16:44.062328
WNTR,26.25,26.32,26.45,2122200.0,1814500.0,0,0,0,0,0,0,0,0,0,0,0,0,0,0,0,0,0,0,0,0,0,0,0,0,0,0,169,2026-02-06 06:16:44.062328
SPNG,24.44,24.52,24.6,2186200.0,2021200.0,0,0,0,0,0,0,0,0,0,0,0,0,0,0,0,0,0,0,0,0,0,0,0,0,0,0,170,2026-02-06 06:16:45.111392
SMMR,24.98,25.06,25.16,2286400.0,2309800.0,0,0,0,0,0,0,0,0,0,0,0,0,0,0,0,0,0,0,0,0,0,0,0,0,0,0,170,2026-02-06 06:16:45.111392
ATMN,23.49,23.49,23.59,2552300.0,2345100.0,0,0,0,0,0,0,0,0,0,0,0,0,0,0,0,0,0,0,0,0,0,0,0,0,0,0,170,2026-02-06 06:16:45.111392
WNTR,26.29,26.25,26.27,2150400.0,1938300.0,0,0,0,0,0,0,0,0,0,0,0,0,0,0,0,0,0,0,0,0,0,0,0,0,0,0,170,2026-02-06 06:16:45.111392
SPNG,24.08,23.94,24.08,2197300.0,2055100.0,0,0,0,0,0,0,0,0,0,0,0,0,0,0,0,0,0,0,0,0,0,0,0,0,0,0,171,2026-02-06 06:16:46.157188
SMMR,24.86,24.86,25.09,2314500.0,2305500.0,0,0,0,0,0,0,0,0,0,0,0,0,0,0,0,0,0,0,0,0,0,0,0,0,0,0,171,2026-02-06 06:16:46.157188
ATMN,23.73,23.57,23.73,2532600.0,2202600.0,0,0,0,0,0,0,0,0,0,0,0,0,0,0,0,0,0,0,0,0,0,0,0,0,0,0,171,2026-02-06 06:16:46.157188
WNTR,26.23,26.23,26.45,2120800.0,1814500.0,0,0,0,0,0,0,0,0,0,0,0,0,0,0,0,0,0,0,0,0,0,0,0,0,0,0,171,2026-02-06 06:16:46.157188
SPNG,24.16,23.94,24.05,2167400.0,2038500.0,0,0,0,0,0,0,0,0,0,0,0,0,0,0,0,0,0,0,0,0,0,0,0,0,0,0,172,2026-02-06 06:16:47.208870
SMMR,25.16,24.84,25.16,2328500.0,2309800.0,0,0,0,0,0,0,0,0,0,0,0,0,0,0,0,0,0,0,0,0,0,0,0,0,0,0,172,2026-02-06 06:16:47.208870
ATMN,23.73,23.57,23.73,2532600.0,2098200.0,0,0,0,0,0,0,0,0,0,0,0,0,0,0,0,0,0,0,0,0,0,0,0,0,0,0,172,2026-02-06 06:16:47.208870
WNTR,26.23,26.23,26.28,2109200.0,1929800.0,0,0,0,0,0,0,0,0,0,0,0,0,0,0,0,0,0,0,0,0,0,0,0,0,0,0,172,2026-02-06 06:16:47.208870
SPNG,24.05,24.05,24.6,2160700.0,2021200.0,0,0,0,0,0,0,0,0,0,0,0,0,0,0,0,0,0,0,0,0,0,0,0,0,0,0,173,2026-02-06 06:16:48.267436
SMMR,25.16,25.06,25.16,2309600.0,2284700.0,0,0,0,0,0,0,0,0,0,0,0,0,0,0,0,0,0,0,0,0,0,0,0,0,0,0,173,2026-02-06 06:16:48.267436
ATMN,23.77,23.64,23.77,2516000.0,1988800.0,0,0,0,0,0,0,0,0,0,0,0,0,0,0,0,0,0,0,0,0,0,0,0,0,0,0,173,2026-02-06 06:16:48.267436
WNTR,26.28,26.32,26.45,2106300.0,1932100.0,0,0,0,0,0,0,0,0,0,0,0,0,0,0,0,0,0,0,0,0,0,0,0,0,0,0,173,2026-02-06 06:16:48.267436
SPNG,23.9,23.9,24.43,2152000.0,2069300.0,0,0,0,0,0,0,0,0,0,0,0,0,0,0,0,0,0,0,0,0,0,0,0,0,0,0,174,2026-02-06 06:16:49.345987
SMMR,25.06,24.84,24.97,2310800.0,2318000.0,0,0,0,0,0,0,0,0,0,0,0,0,0,0,0,0,0,0,0,0,0,0,0,0,0,0,174,2026-02-06 06:16:49.345987
ATMN,23.77,23.71,23.77,2536100.0,1984100.0,0,0,0,0,0,0,0,0,0,0,0,0,0,0,0,0,0,0,0,0,0,0,0,0,0,0,174,2026-02-06 06:16:49.345987
WNTR,26.28,26.32,26.42,2114900.0,1942900.0,0,0,0,0,0,0,0,0,0,0,0,0,0,0,0,0,0,0,0,0,0,0,0,0,0,0,174,2026-02-06 06:16:49.345987
SPNG,24.43,23.9,24.43,2152400.0,2069300.0,0,0,0,0,0,0,0,0,0,0,0,0,0,0,0,0,0,0,0,0,0,0,0,0,0,0,175,2026-02-06 06:16:49.971432
SMMR,25.06,24.92,24.97,2310800.0,2318000.0,0,0,0,0,0,0,0,0,0,0,0,0,0,0,0,0,0,0,0,0,0,0,0,0,0,0,175,2026-02-06 06:16:49.971432
ATMN,23.8,23.64,23.8,2524300.0,1842100.0,0,0,0,0,0,0,0,0,0,0,0,0,0,0,0,0,0,0,0,0,0,0,0,0,0,0,175,2026-02-06 06:16:49.971432
WNTR,26.23,26.37,26.42,2080800.0,1942900.0,0,0,0,0,0,0,0,0,0,0,0,0,0,0,0,0,0,0,0,0,0,0,0,0,0,0,175,2026-02-06 06:16:49.971432
SPNG,24.6,23.9,24.28,2152400.0,2042600.0,0,0,0,0,0,0,0,0,0,0,0,0,0,0,0,0,0,0,0,0,0,0,0,0,0,0,176,2026-02-06 06:16:51.058554
SMMR,24.94,24.94,25.15,2308200.0,2301900.0,0,0,0,0,0,0,0,0,0,0,0,0,0,0,0,0,0,0,0,0,0,0,0,0,0,0,176,2026-02-06 06:16:51.058554
ATMN,23.8,23.64,23.68,2541400.0,1967400.0,0,0,0,0,0,0,0,0,0,0,0,0,0,0,0,0,0,0,0,0,0,0,0,0,0,0,176,2026-02-06 06:16:51.058554
WNTR,26.45,26.37,26.45,2080800.0,1873900.0,0,0,0,0,0,0,0,0,0,0,0,0,0,0,0,0,0,0,0,0,0,0,0,0,0,0,176,2026-02-06 06:16:51.058554
SPNG,24.6,24.06,24.6,2148700.0,2041300.0,0,0,0,0,0,0,0,0,0,0,0,0,0,0,0,0,0,0,0,0,0,0,0,0,0,0,177,2026-02-06 06:16:52.143987
SMMR,24.94,25.14,25.15,2343600.0,2343200.0,0,0,0,0,0,0,0,0,0,0,0,0,0,0,0,0,0,0,0,0,0,0,0,0,0,0,177,2026-02-06 06:16:52.143987
ATMN,23.74,23.64,23.74,2541400.0,1979100.0,0,0,0,0,0,0,0,0,0,0,0,0,0,0,0,0,0,0,0,0,0,0,0,0,0,0,177,2026-02-06 06:16:52.143987
WNTR,26.45,26.37,26.45,2080800.0,1978100.0,0,0,0,0,0,0,0,0,0,0,0,0,0,0,0,0,0,0,0,0,0,0,0,0,0,0,177,2026-02-06 06:16:52.143987
SPNG,24.27,24.59,24.6,2144900.0,2065200.0,0,0,0,0,0,0,0,0,0,0,0,0,0,0,0,0,0,0,0,0,0,0,0,0,0,0,178,2026-02-06 06:16:53.266036
SMMR,25.16,25.14,25.16,2343600.0,2338800.0,0,0,0,0,0,0,0,0,0,0,0,0,0,0,0,0,0,0,0,0,0,0,0,0,0,0,178,2026-02-06 06:16:53.266036
ATMN,23.81,23.68,23.81,2549500.0,1922200.0,0,0,0,0,0,0,0,0,0,0,0,0,0,0,0,0,0,0,0,0,0,0,0,0,0,0,178,2026-02-06 06:16:53.266036
WNTR,26.47,26.23,26.47,2107200.0,1773700.0,0,0,0,0,0,0,0,0,0,0,0,0,0,0,0,0,0,0,0,0,0,0,0,0,0,0,178,2026-02-06 06:16:53.266036
SPNG,24.59,24.06,24.26,2148700.0,2084200.0,0,0,0,0,0,0,0,0,0,0,0,0,0,0,0,0,0,0,0,0,0,0,0,0,0,0,179,2026-02-06 06:16:54.342635
SMMR,25.14,24.94,25.05,2350800.0,2350600.0,0,0,0,0,0,0,0,0,0,0,0,0,0,0,0,0,0,0,0,0,0,0,0,0,0,0,179,2026-02-06 06:16:54.342635
ATMN,23.61,23.61,23.89,2545100.0,1780000.0,0,0,0,0,0,0,0,0,0,0,0,0,0,0,0,0,0,0,0,0,0,0,0,0,0,0,179,2026-02-06 06:16:54.342635
WNTR,26.48,26.23,26.34,2118700.0,1766900.0,0,0,0,0,0,0,0,0,0,0,0,0,0,0,0,0,0,0,0,0,0,0,0,0,0,0,179,2026-02-06 06:16:54.342635
SPNG,25.55,25.2,25.26,746100.0,659100.0,0,0,0,0,0,0,0,0,0,0,0,0,0,0,0,0,0,0,0,0,0,0,0,0,0,0,180,2026-02-06 06:16:55.398558
SMMR,25.05,25.82,25.95,886400.0,863400.0,0,0,0,0,0,0,0,0,0,0,0,0,0,0,0,0,0,0,0,0,0,0,0,0,0,0,180,2026-02-06 06:16:55.398558
ATMN,24.74,24.74,24.76,939900.0,837600.0,0,0,0,0,0,0,0,0,0,0,0,0,0,0,0,0,0,0,0,0,0,0,0,0,0,0,180,2026-02-06 06:16:55.398558
WNTR,26.34,25.11,25.71,889300.0,829600.0,0,0,0,0,0,0,0,0,0,0,0,0,0,0,0,0,0,0,0,0,0,0,0,0,0,0,180,2026-02-06 06:16:55.398558
SPNG,25.2,25.2,25.68,951600.0,842500.0,0,0,0,0,0,0,0,0,0,0,0,0,0,0,0,0,0,0,0,0,0,0,0,0,0,0,181,2026-02-06 06:16:56.487232
SMMR,25.82,25.82,25.83,899900.0,1075100.0,0,0,0,0,0,0,0,0,0,0,0,0,0,0,0,0,0,0,0,0,0,0,0,0,0,0,181,2026-02-06 06:16:56.487232
ATMN,24.59,24.59,24.76,1112900.0,1049300.0,0,0,0,0,0,0,0,0,0,0,0,0,0,0,0,0,0,0,0,0,0,0,0,0,0,0,181,2026-02-06 06:16:56.487232
WNTR,26.34,25.11,25.16,889300.0,1177100.0,0,0,0,0,0,0,0,0,0,0,0,0,0,0,0,0,0,0,0,0,0,0,0,0,0,0,181,2026-02-06 06:16:56.487232
SPNG,25.68,25.2,25.46,951600.0,847800.0,0,0,0,0,0,0,0,0,0,0,0,0,0,0,0,0,0,0,0,0,0,0,0,0,0,0,182,2026-02-06 06:16:57.041104
SMMR,25.61,25.61,25.83,929600.0,1198200.0,0,0,0,0,0,0,0,0,0,0,0,0,0,0,0,0,0,0,0,0,0,0,0,0,0,0,182,2026-02-06 06:16:57.041104
ATMN,24.76,24.66,24.76,1210300.0,1049300.0,0,0,0,0,0,0,0,0,0,0,0,0,0,0,0,0,0,0,0,0,0,0,0,0,0,0,182,2026-02-06 06:16:57.041104
WNTR,25.16,25.12,25.16,1124800.0,1177100.0,0,0,0,0,0,0,0,0,0,0,0,0,0,0,0,0,0,0,0,0,0,0,0,0,0,0,182,2026-02-06 06:16:57.041104
SPNG,25.58,25.2,25.26,1061900.0,818700.0,0,0,0,0,0,0,0,0,0,0,0,0,0,0,0,0,0,0,0,0,0,0,0,0,0,0,183,2026-02-06 06:16:58.214391
SMMR,25.92,25.61,25.86,929600.0,1323300.0,0,0,0,0,0,0,0,0,0,0,0,0,0,0,0,0,0,0,0,0,0,0,0,0,0,0,183,2026-02-06 06:16:58.214391
ATMN,24.76,24.66,24.76,1479600.0,1188800.0,0,0,0,0,0,0,0,0,0,0,0,0,0,0,0,0,0,0,0,0,0,0,0,0,0,0,183,2026-02-06 06:16:58.214391
WNTR,25.21,25.12,25.21,1216100.0,1171100.0,0,0,0,0,0,0,0,0,0,0,0,0,0,0,0,0,0,0,0,0,0,0,0,0,0,0,183,2026-02-06 06:16:58.214391
SPNG,25.26,25.3,25.8,1293000.0,906800.0,0,0,0,0,0,0,0,0,0,0,0,0,0,0,0,0,0,0,0,0,0,0,0,0,0,0,184,2026-02-06 06:16:59.388712
SMMR,25.95,25.68,25.95,1024600.0,1104600.0,0,0,0,0,0,0,0,0,0,0,0,0,0,0,0,0,0,0,0,0,0,0,0,0,0,0,184,2026-02-06 06:16:59.388712
ATMN,24.77,24.66,24.77,1601400.0,1263700.0,0,0,0,0,0,0,0,0,0,0,0,0,0,0,0,0,0,0,0,0,0,0,0,0,0,0,184,2026-02-06 06:16:59.388712
WNTR,25.21,25.12,25.21,1309800.0,1271400.0,0,0,0,0,0,0,0,0,0,0,0,0,0,0,0,0,0,0,0,0,0,0,0,0,0,0,184,2026-02-06 06:16:59.388712
SPNG,26.0,25.3,26.0,1406000.0,721600.0,0,0,0,0,0,0,0,0,0,0,0,0,0,0,0,0,0,0,0,0,0,0,0,0,0,0,185,2026-02-06 06:17:00.461966
SMMR,25.61,25.47,25.49,1053800.0,1220600.0,0,0,0,0,0,0,0,0,0,0,0,0,0,0,0,0,0,0,0,0,0,0,0,0,0,0,185,2026-02-06 06:17:00.461966
ATMN,24.77,24.72,24.75,1828700.0,1366100.0,0,0,0,0,0,0,0,0,0,0,0,0,0,0,0,0,0,0,0,0,0,0,0,0,0,0,185,2026-02-06 06:17:00.461966
WNTR,25.12,25.11,25.12,1309300.0,1371100.0,0,0,0,0,0,0,0,0,0,0,0,0,0,0,0,0,0,0,0,0,0,0,0,0,0,0,185,2026-02-06 06:17:00.461966
SPNG,26.0,25.3,25.44,1406000.0,1011500.0,0,0,0,0,0,0,0,0,0,0,0,0,0,0,0,0,0,0,0,0,0,0,0,0,0,0,186,2026-02-06 06:17:01.524099
SMMR,25.49,25.52,25.95,1503200.0,1104600.0,0,0,0,0,0,0,0,0,0,0,0,0,0,0,0,0,0,0,0,0,0,0,0,0,0,0,186,2026-02-06 06:17:01.524099
ATMN,24.77,24.72,24.77,1969900.0,1397100.0,0,0,0,0,0,0,0,0,0,0,0,0,0,0,0,0,0,0,0,0,0,0,0,0,0,0,186,2026-02-06 06:17:01.524099
WNTR,25.11,25.11,25.12,1209300.0,1599000.0,0,0,0,0,0,0,0,0,0,0,0,0,0,0,0,0,0,0,0,0,0,0,0,0,0,0,186,2026-02-06 06:17:01.524099
SPNG,25.87,25.3,25.87,1511300.0,924700.0,0,0,0,0,0,0,0,0,0,0,0,0,0,0,0,0,0,0,0,0,0,0,0,0,0,0,187,2026-02-06 06:17:02.071842
SMMR,25.49,25.63,25.86,1615500.0,1225000.0,0,0,0,0,0,0,0,0,0,0,0,0,0,0,0,0,0,0,0,0,0,0,0,0,0,0,187,2026-02-06 06:17:02.071842
ATMN,24.72,24.72,24.77,2086700.0,1397100.0,0,0,0,0,0,0,0,0,0,0,0,0,0,0,0,0,0,0,0,0,0,0,0,0,0,0,187,2026-02-06 06:17:02.071842
WNTR,25.11,25.11,25.12,1109300.0,1700700.0,0,0,0,0,0,0,0,0,0,0,0,0,0,0,0,0,0,0,0,0,0,0,0,0,0,0,187,2026-02-06 06:17:02.071842
SPNG,25.57,25.3,25.57,1511300.0,1138400.0,0,0,0,0,0,0,0,0,0,0,0,0,0,0,0,0,0,0,0,0,0,0,0,0,0,0,188,2026-02-06 06:17:03.141993
SMMR,25.49,25.65,25.66,1839600.0,1340600.0,0,0,0,0,0,0,0,0,0,0,0,0,0,0,0,0,0,0,0,0,0,0,0,0,0,0,188,2026-02-06 06:17:03.141993
ATMN,24.72,24.72,24.77,2359000.0,1529600.0,0,0,0,0,0,0,0,0,0,0,0,0,0,0,0,0,0,0,0,0,0,0,0,0,0,0,188,2026-02-06 06:17:03.141993
WNTR,25.01,25.01,25.12,1133000.0,1795500.0,0,0,0,0,0,0,0,0,0,0,0,0,0,0,0,0,0,0,0,0,0,0,0,0,0,0,188,2026-02-06 06:17:03.141993
SPNG,25.81,25.2,25.81,1625400.0,1030000.0,0,0,0,0,0,0,0,0,0,0,0,0,0,0,0,0,0,0,0,0,0,0,0,0,0,0,189,2026-02-06 06:17:04.212198
SMMR,25.63,25.63,25.86,1846800.0,1352700.0,0,0,0,0,0,0,0,0,0,0,0,0,0,0,0,0,0,0,0,0,0,0,0,0,0,0,189,2026-02-06 06:17:04.212198
ATMN,24.81,24.7,24.81,2342100.0,1489700.0,0,0,0,0,0,0,0,0,0,0,0,0,0,0,0,0,0,0,0,0,0,0,0,0,0,0,189,2026-02-06 06:17:04.212198
WNTR,24.96,24.96,25.12,913500.0,1795500.0,0,0,0,0,0,0,0,0,0,0,0,0,0,0,0,0,0,0,0,0,0,0,0,0,0,0,189,2026-02-06 06:17:04.212198
SPNG,25.75,25.2,25.75,1732700.0,1119200.0,0,0,0,0,0,0,0,0,0,0,0,0,0,0,0,0,0,0,0,0,0,0,0,0,0,0,190,2026-02-06 06:17:05.286475
SMMR,25.56,25.56,25.86,1860100.0,1352700.0,0,0,0,0,0,0,0,0,0,0,0,0,0,0,0,0,0,0,0,0,0,0,0,0,0,0,190,2026-02-06 06:17:05.286475
ATMN,24.66,24.66,24.81,2443400.0,1489700.0,0,0,0,0,0,0,0,0,0,0,0,0,0,0,0,0,0,0,0,0,0,0,0,0,0,0,190,2026-02-06 06:17:05.286475
WNTR,24.98,25.03,25.12,1118000.0,1795500.0,0,0,0,0,0,0,0,0,0,0,0,0,0,0,0,0,0,0,0,0,0,0,0,0,0,0,190,2026-02-06 06:17:05.286475
SPNG,25.75,25.2,25.7,1844000.0,1307100.0,0,0,0,0,0,0,0,0,0,0,0,0,0,0,0,0,0,0,0,0,0,0,0,0,0,0,191,2026-02-06 06:17:06.333840
SMMR,25.76,25.83,25.86,2065500.0,1352700.0,0,0,0,0,0,0,0,0,0,0,0,0,0,0,0,0,0,0,0,0,0,0,0,0,0,0,191,2026-02-06 06:17:06.333840
ATMN,24.81,24.87,24.88,2429300.0,1467800.0,0,0,0,0,0,0,0,0,0,0,0,0,0,0,0,0,0,0,0,0,0,0,0,0,0,0,191,2026-02-06 06:17:06.333840
WNTR,25.12,25.14,25.17,1420300.0,1695800.0,0,0,0,0,0,0,0,0,0,0,0,0,0,0,0,0,0,0,0,0,0,0,0,0,0,0,191,2026-02-06 06:17:06.333840
SPNG,25.87,25.9,26.0,2173700.0,917800.0,0,0,0,0,0,0,0,0,0,0,0,0,0,0,0,0,0,0,0,0,0,0,0,0,0,0,192,2026-02-06 06:17:07.378226
SMMR,25.83,25.76,25.83,1969900.0,1789100.0,0,0,0,0,0,0,0,0,0,0,0,0,0,0,0,0,0,0,0,0,0,0,0,0,0,0,192,2026-02-06 06:17:07.378226
ATMN,24.81,24.87,24.88,2429300.0,1835200.0,0,0,0,0,0,0,0,0,0,0,0,0,0,0,0,0,0,0,0,0,0,0,0,0,0,0,192,2026-02-06 06:17:07.378226
WNTR,25.1,25.1,25.21,1328800.0,1787400.0,0,0,0,0,0,0,0,0,0,0,0,0,0,0,0,0,0,0,0,0,0,0,0,0,0,0,192,2026-02-06 06:17:07.378226
SPNG,25.44,25.44,25.93,2061900.0,1179800.0,0,0,0,0,0,0,0,0,0,0,0,0,0,0,0,0,0,0,0,0,0,0,0,0,0,0,193,2026-02-06 06:17:08.436614
SMMR,25.83,25.56,25.83,1860100.0,1907600.0,0,0,0,0,0,0,0,0,0,0,0,0,0,0,0,0,0,0,0,0,0,0,0,0,0,0,193,2026-02-06 06:17:08.436614
ATMN,24.87,24.7,24.82,2543500.0,1950800.0,0,0,0,0,0,0,0,0,0,0,0,0,0,0,0,0,0,0,0,0,0,0,0,0,0,0,193,2026-02-06 06:17:08.436614
WNTR,25.1,25.03,25.09,1322900.0,1982700.0,0,0,0,0,0,0,0,0,0,0,0,0,0,0,0,0,0,0,0,0,0,0,0,0,0,0,193,2026-02-06 06:17:08.436614
SPNG,25.99,25.3,25.57,1961800.0,1181700.0,0,0,0,0,0,0,0,0,0,0,0,0,0,0,0,0,0,0,0,0,0,0,0,0,0,0,194,2026-02-06 06:17:09.482915
SMMR,25.83,25.56,25.73,2065000.0,2108100.0,0,0,0,0,0,0,0,0,0,0,0,0,0,0,0,0,0,0,0,0,0,0,0,0,0,0,194,2026-02-06 06:17:09.482915
ATMN,24.63,24.63,24.88,2594100.0,1936200.0,0,0,0,0,0,0,0,0,0,0,0,0,0,0,0,0,0,0,0,0,0,0,0,0,0,0,194,2026-02-06 06:17:09.482915
WNTR,25.21,25.03,25.2,1434700.0,1999500.0,0,0,0,0,0,0,0,0,0,0,0,0,0,0,0,0,0,0,0,0,0,0,0,0,0,0,194,2026-02-06 06:17:09.482915
SPNG,25.57,25.76,26.0,2244000.0,1180600.0,0,0,0,0,0,0,0,0,0,0,0,0,0,0,0,0,0,0,0,0,0,0,0,0,0,0,195,2026-02-06 06:17:10.520977
SMMR,25.83,25.56,25.83,2194400.0,2110900.0,0,0,0,0,0,0,0,0,0,0,0,0,0,0,0,0,0,0,0,0,0,0,0,0,0,0,195,2026-02-06 06:17:10.520977
ATMN,24.63,24.83,24.88,2471500.0,2041800.0,0,0,0,0,0,0,0,0,0,0,0,0,0,0,0,0,0,0,0,0,0,0,0,0,0,0,195,2026-02-06 06:17:10.520977
WNTR,25.01,25.01,25.11,1118400.0,2088300.0,0,0,0,0,0,0,0,0,0,0,0,0,0,0,0,0,0,0,0,0,0,0,0,0,0,0,195,2026-02-06 06:17:10.520977
SPNG,25.42,25.42,26.0,2156800.0,1407200.0,0,0,0,0,0,0,0,0,0,0,0,0,0,0,0,0,0,0,0,0,0,0,0,0,0,0,196,2026-02-06 06:17:11.575456
SMMR,25.83,25.56,25.71,2309400.0,2248800.0,0,0,0,0,0,0,0,0,0,0,0,0,0,0,0,0,0,0,0,0,0,0,0,0,0,0,196,2026-02-06 06:17:11.575456
ATMN,24.7,24.7,24.72,2485700.0,2169300.0,0,0,0,0,0,0,0,0,0,0,0,0,0,0,0,0,0,0,0,0,0,0,0,0,0,0,196,2026-02-06 06:17:11.575456
WNTR,25.11,25.14,25.2,1455600.0,1999500.0,0,0,0,0,0,0,0,0,0,0,0,0,0,0,0,0,0,0,0,0,0,0,0,0,0,0,196,2026-02-06 06:17:11.575456
SPNG,25.57,25.42,25.57,2156800.0,1514200.0,0,0,0,0,0,0,0,0,0,0,0,0,0,0,0,0,0,0,0,0,0,0,0,0,0,0,197,2026-02-06 06:17:12.114915
SMMR,25.71,25.56,25.71,2302600.0,2248800.0,0,0,0,0,0,0,0,0,0,0,0,0,0,0,0,0,0,0,0,0,0,0,0,0,0,0,197,2026-02-06 06:17:12.114915
ATMN,24.89,24.7,24.89,2485700.0,1928500.0,0,0,0,0,0,0,0,0,0,0,0,0,0,0,0,0,0,0,0,0,0,0,0,0,0,0,197,2026-02-06 06:17:12.114915
WNTR,25.14,25.01,25.1,1451100.0,2123800.0,0,0,0,0,0,0,0,0,0,0,0,0,0,0,0,0,0,0,0,0,0,0,0,0,0,0,197,2026-02-06 06:17:12.114915
SPNG,25.33,25.33,26.01,2052000.0,1409100.0,0,0,0,0,0,0,0,0,0,0,0,0,0,0,0,0,0,0,0,0,0,0,0,0,0,0,198,2026-02-06 06:17:13.169101
SMMR,25.71,25.71,25.74,2306500.0,2218100.0,0,0,0,0,0,0,0,0,0,0,0,0,0,0,0,0,0,0,0,0,0,0,0,0,0,0,198,2026-02-06 06:17:13.169101
ATMN,24.63,24.63,24.65,2594100.0,2145600.0,0,0,0,0,0,0,0,0,0,0,0,0,0,0,0,0,0,0,0,0,0,0,0,0,0,0,198,2026-02-06 06:17:13.169101
WNTR,24.97,24.97,25.1,1362400.0,2123800.0,0,0,0,0,0,0,0,0,0,0,0,0,0,0,0,0,0,0,0,0,0,0,0,0,0,0,198,2026-02-06 06:17:13.169101
SPNG,25.36,25.33,25.36,2156400.0,1525800.0,0,0,0,0,0,0,0,0,0,0,0,0,0,0,0,0,0,0,0,0,0,0,0,0,0,0,199,2026-02-06 06:17:14.202808
SMMR,25.71,25.71,25.74,2306500.0,2218100.0,0,0,0,0,0,0,0,0,0,0,0,0,0,0,0,0,0,0,0,0,0,0,0,0,0,0,199,2026-02-06 06:17:14.202808
ATMN,24.63,24.57,24.58,2453500.0,2323100.0,0,0,0,0,0,0,0,0,0,0,0,0,0,0,0,0,0,0,0,0,0,0,0,0,0,0,199,2026-02-06 06:17:14.202808
