ticker,last_price,bid_price,ask_price,BUY_ANON,SELL_ANON,BUY_UEBR-2,BUY_GIOT-3,SELL_WRSW-3,BUY_LUIS-1,SELL_UOTB-2,SELL_DUBL-5,SELL_BRCH-3,BUY_LAVL-1,BUY_BRCH-3,BUY_UEBR-1,SELL_BABS-4,SELL_LETH-1,BUY_UOTB-1,BUY_UOTB-2,SELL_LUIS-1,SELL_COLA-3,SELL_CNCD-1,BUY_CNCD-1,BUY_COLA-1,SELL_UOTB-3,SELL_HECM-3,SELL_NAIT-1,BUY_LETH-1,BUY_WRSW-2,SELL_WRSW-1,BUY_CNCD-5,SELL_COLB-2,SELL_COLA-1,BUY_NAIT-1,BUY_WRSW-1,SELL_BRCH-1,BUY_BRCH-2,SELL_UOTB-1,BUY_COLA-3,SELL_LAVL-1,BUY_WRSW-3,BUY_BRCH-1,SELL_UEBR-1,SELL_GIOT-3,BUY_UOTB-3,BUY_DUBL-5,BUY_BABS-4,BUY_CAMN-1,SELL_CNCD-5,BUY_COLB-2,SELL_WRSW-2,SELL_UEBR-2,SELL_CAMN-1,BUY_HECM-3,SELL_BRCH-2,tick,timestamp
SPNG,0.0,0.0,0.0,2211900.0,1951000.0,0,0,0,0,0,0,0,0,0,0,0,0,0,0,0,0,0,0,0,0,0,0,0,0,0,0,0,0,0,0,0,0,0,0,0,0,0,0,0,0,0,0,0,0,0,0,0,0,0,0,0,2026-02-06 07:57:18.871426
SMMR,0.0,0.0,0.0,1803500.0,2362200.0,0,0,0,0,0,0,0,0,0,0,0,0,0,0,0,0,0,0,0,0,0,0,0,0,0,0,0,0,0,0,0,0,0,0,0,0,0,0,0,0,0,0,0,0,0,0,0,0,0,0,0,2026-02-06 07:57:18.871426
ATMN,0.0,0.0,0.0,1456600.0,2109000.0,0,0,0,0,0,0,0,0,0,0,0,0,0,0,0,0,0,0,0,0,0,0,0,0,0,0,0,0,0,0,0,0,0,0,0,0,0,0,0,0,0,0,0,0,0,0,0,0,0,0,0,2026-02-06 07:57:18.871426
WNTR,0.0,0.0,0.0,2057600.0,2194600.0,0,0,0,0,0,0,0,0,0,0,0,0,0,0,0,0,0,0,0,0,0,0,0,0,0,0,0,0,0,0,0,0,0,0,0,0,0,0,0,0,0,0,0,0,0,0,0,0,0,0,0,2026-02-06 07:57:18.871426
SPNG,25.11,24.9,25.11,2189400.0,1963800.0,,,,,,0,0,0,0,0,0,0,0,0,0,0,0,0,0,0,0,0,0,0,0,0,0,0,0,0,0,0,0,0,0,0,0,0,0,0,0,0,0,0,0,0,0,0,0,0,1,2026-02-06 07:57:19.948472,2.0,1.0,1.0,,Aggregate Position Limit,Your CRO has set the aggregate position limit to 9000 shares for this week.
SMMR,25.0,24.95,24.99,1803500.0,2110300.0,3500.0,7500.0,3500.0,,,0,0,0,0,0,0,0,0,0,0,0,0,0,0,0,0,0,0,0,0,0,0,0,0,0,0,0,0,0,0,0,0,0,0,0,0,0,0,0,0,0,0,0,0,0,1,2026-02-06 07:57:19.948472,1.0,1.0,1.0,,Welcome to the RITC 2026 Alogithmic Market Making Case - practice server,
ATMN,0.0,24.95,25.01,1555200.0,2125600.0,,,,,,0,0,0,0,0,0,0,0,0,0,0,0,0,0,0,0,0,0,0,0,0,0,0,0,0,0,0,0,0,0,0,0,0,0,0,0,0,0,0,0,0,0,0,0,0,1,2026-02-06 07:57:19.948472,,,,,,
WNTR,25.15,25.16,25.21,2089200.0,2136700.0,,,3500.0,1460.0,7500.0,0,0,0,0,0,0,0,0,0,0,0,0,0,0,0,0,0,0,0,0,0,0,0,0,0,0,0,0,0,0,0,0,0,0,0,0,0,0,0,0,0,0,0,0,0,1,2026-02-06 07:57:19.948472,,,,,,
SPNG,24.91,24.91,24.92,1460.0,2075800.0,1776500.0,5380.0,1460.0,,,,0,0,0,0,0,0,0,0,0,0,0,0,0,0,0,0,0,0,0,0,0,0,0,0,0,0,0,0,0,0,0,0,0,0,0,0,0,0,0,0,0,0,0,0,2,2026-02-06 07:57:21.020558
SMMR,25.08,25.05,25.08,4380.0,1678100.0,2202700.0,875.0,,5250.0,740.0,,0,0,0,0,0,0,0,0,0,0,0,0,0,0,0,0,0,0,0,0,0,0,0,0,0,0,0,0,0,0,0,0,0,0,0,0,0,0,0,0,0,0,0,0,2,2026-02-06 07:57:21.020558
ATMN,25.01,24.97,25.0,4380.0,1555000.0,1784400.0,3500.0,1460.0,3500.0,710.0,710.0,0,0,0,0,0,0,0,0,0,0,0,0,0,0,0,0,0,0,0,0,0,0,0,0,0,0,0,0,0,0,0,0,0,0,0,0,0,0,0,0,0,0,0,0,2,2026-02-06 07:57:21.020558
WNTR,24.81,25.11,25.14,2920.0,1836000.0,1590900.0,5250.0,4380.0,875.0,,770.0,0,0,0,0,0,0,0,0,0,0,0,0,0,0,0,0,0,0,0,0,0,0,0,0,0,0,0,0,0,0,0,0,0,0,0,0,0,0,0,0,0,0,0,0,2,2026-02-06 07:57:21.020558
SPNG,24.92,25.03,25.08,679.0,1883500.0,1460.0,875.0,2920.0,3500.0,1663300.0,679.0,0,0,0,0,0,0,0,0,0,0,0,0,0,0,0,0,0,0,0,0,0,0,0,0,0,0,0,0,0,0,0,0,0,0,0,0,0,0,0,0,0,0,0,0,3,2026-02-06 07:57:21.558511
SMMR,25.07,25.06,25.07,,1555600.0,7300.0,5250.0,1460.0,875.0,2128900.0,,0,0,0,0,0,0,0,0,0,0,0,0,0,0,0,0,0,0,0,0,0,0,0,0,0,0,0,0,0,0,0,0,0,0,0,0,0,0,0,0,0,0,0,0,3,2026-02-06 07:57:21.558511
ATMN,24.97,24.97,25.0,710.0,1681400.0,1460.0,3500.0,1460.0,3500.0,1784400.0,710.0,0,0,0,0,0,0,0,0,0,0,0,0,0,0,0,0,0,0,0,0,0,0,0,0,0,0,0,0,0,0,0,0,0,0,0,0,0,0,0,0,0,0,0,0,3,2026-02-06 07:57:21.558511
WNTR,25.08,25.02,25.03,,1954400.0,2920.0,,7300.0,5250.0,1364300.0,770.0,0,0,0,0,0,0,0,0,0,0,0,0,0,0,0,0,0,0,0,0,0,0,0,0,0,0,0,0,0,0,0,0,0,0,0,0,0,0,0,0,0,0,0,0,3,2026-02-06 07:57:21.558511
SPNG,25.0,25.01,25.07,1460.0,1997600.0,679.0,2920.0,7650.0,4320.0,1431400.0,679.0,0,0,0,0,0,0,0,0,0,0,0,0,0,0,0,0,0,0,0,0,0,0,0,0,0,0,0,0,0,0,0,0,0,0,0,0,0,0,0,0,0,0,0,0,4,2026-02-06 07:57:22.605759
SMMR,25.08,24.95,25.08,,1901200.0,,,,,2252900.0,740.0,0,0,0,0,0,0,0,0,0,0,0,0,0,0,0,0,0,0,0,0,0,0,0,0,0,0,0,0,0,0,0,0,0,0,0,0,0,0,0,0,0,0,0,0,4,2026-02-06 07:57:22.605759
ATMN,25.14,25.14,25.3,1460.0,1686800.0,613.0,,,,2106200.0,,0,0,0,0,0,0,0,0,0,0,0,0,0,0,0,0,0,0,0,0,0,0,0,0,0,0,0,0,0,0,0,0,0,0,0,0,0,0,0,0,0,0,0,0,4,2026-02-06 07:57:22.605759
WNTR,25.04,24.96,25.04,1460.0,1963400.0,770.0,2920.0,,,2039000.0,,0,0,0,0,0,0,0,0,0,0,0,0,0,0,0,0,0,0,0,0,0,0,0,0,0,0,0,0,0,0,0,0,0,0,0,0,0,0,0,0,0,0,0,0,4,2026-02-06 07:57:22.605759
SPNG,24.92,24.92,24.96,2215000.0,1550100.0,1460.0,7650.0,4320.0,679.0,,,,,0,0,0,0,0,0,0,0,0,0,0,0,0,0,0,0,0,0,0,0,0,0,0,0,0,0,0,0,0,0,0,0,0,0,0,0,0,0,0,0,0,0,5,2026-02-06 07:57:23.667095
SMMR,24.85,24.99,25.07,1675500.0,1919000.0,1460.0,7059.0,4320.0,,7771.0,1460.0,,,0,0,0,0,0,0,0,0,0,0,0,0,0,0,0,0,0,0,0,0,0,0,0,0,0,0,0,0,0,0,0,0,0,0,0,0,0,0,0,0,0,0,5,2026-02-06 07:57:23.667095
ATMN,25.09,24.94,24.99,1677600.0,1358700.0,4380.0,7059.0,4320.0,705.0,,4380.0,710.0,,0,0,0,0,0,0,0,0,0,0,0,0,0,0,0,0,0,0,0,0,0,0,0,0,0,0,0,0,0,0,0,0,0,0,0,0,0,0,0,0,0,0,5,2026-02-06 07:57:23.667095
WNTR,25.1,24.98,25.02,1647100.0,2062100.0,2920.0,,,,7500.0,4380.0,770.0,2160.0,0,0,0,0,0,0,0,0,0,0,0,0,0,0,0,0,0,0,0,0,0,0,0,0,0,0,0,0,0,0,0,0,0,0,0,0,0,0,0,0,0,0,5,2026-02-06 07:57:23.667095
SPNG,25.25,24.93,24.95,1460.0,1779400.0,1902.0,2246.0,1460.0,7500.0,1838400.0,,,,,0,0,0,0,0,0,0,0,0,0,0,0,0,0,0,0,0,0,0,0,0,0,0,0,0,0,0,0,0,0,0,0,0,0,0,0,0,0,0,0,0,6,2026-02-06 07:57:24.723051
SMMR,25.12,25.0,25.07,4380.0,1673700.0,7771.0,,1460.0,7500.0,2139700.0,740.0,7500.0,,,0,0,0,0,0,0,0,0,0,0,0,0,0,0,0,0,0,0,0,0,0,0,0,0,0,0,0,0,0,0,0,0,0,0,0,0,0,0,0,0,0,6,2026-02-06 07:57:24.723051
ATMN,25.22,25.22,25.29,7300.0,1363800.0,7706.0,,1460.0,,1913400.0,710.0,,7059.0,,0,0,0,0,0,0,0,0,0,0,0,0,0,0,0,0,0,0,0,0,0,0,0,0,0,0,0,0,0,0,0,0,0,0,0,0,0,0,0,0,0,6,2026-02-06 07:57:24.723051
WNTR,24.99,24.94,24.99,,2198300.0,,,4380.0,,1742300.0,,,100.0,2160.0,0,0,0,0,0,0,0,0,0,0,0,0,0,0,0,0,0,0,0,0,0,0,0,0,0,0,0,0,0,0,0,0,0,0,0,0,0,0,0,0,0,6,2026-02-06 07:57:24.723051
SPNG,24.7,25.07,25.19,4444.0,2087500.0,679.0,1732400.0,1460.0,,,,,,,,0,0,0,0,0,0,0,0,0,0,0,0,0,0,0,0,0,0,0,0,0,0,0,0,0,0,0,0,0,0,0,0,0,0,0,0,0,0,0,0,7,2026-02-06 07:57:25.787090
SMMR,25.06,25.04,25.06,6462.0,1140200.0,,2063200.0,1460.0,7300.0,740.0,7500.0,2246.0,7500.0,373.0,,0,0,0,0,0,0,0,0,0,0,0,0,0,0,0,0,0,0,0,0,0,0,0,0,0,0,0,0,0,0,0,0,0,0,0,0,0,0,0,0,7,2026-02-06 07:57:25.787090
ATMN,25.3,25.24,25.3,3885.0,1240300.0,,2133900.0,,7300.0,710.0,,1123.0,,,,0,0,0,0,0,0,0,0,0,0,0,0,0,0,0,0,0,0,0,0,0,0,0,0,0,0,0,0,0,0,0,0,0,0,0,0,0,0,0,0,7,2026-02-06 07:57:25.787090
WNTR,24.94,24.94,24.98,,2098500.0,,1651000.0,4380.0,,,,,7500.0,1380.0,2160.0,0,0,0,0,0,0,0,0,0,0,0,0,0,0,0,0,0,0,0,0,0,0,0,0,0,0,0,0,0,0,0,0,0,0,0,0,0,0,0,0,7,2026-02-06 07:57:25.787090
SPNG,25.5,24.7,25.5,2198900.0,1740000.0,1460.0,,,,,,,,0,0,0,0,0,0,0,0,0,0,0,0,0,0,0,0,0,0,0,0,0,0,0,0,0,0,0,0,0,0,0,0,0,0,0,0,0,0,0,0,0,0,8,2026-02-06 07:57:26.875875
SMMR,25.07,25.07,25.11,1404300.0,2244900.0,1460.0,12597.0,740.0,4380.0,2246.0,,,,0,0,0,0,0,0,0,0,0,0,0,0,0,0,0,0,0,0,0,0,0,0,0,0,0,0,0,0,0,0,0,0,0,0,0,0,0,0,0,0,0,0,8,2026-02-06 07:57:26.875875
ATMN,25.31,25.09,25.12,2018800.0,2042100.0,1460.0,,,1460.0,,,,,0,0,0,0,0,0,0,0,0,0,0,0,0,0,0,0,0,0,0,0,0,0,0,0,0,0,0,0,0,0,0,0,0,0,0,0,0,0,0,0,0,0,8,2026-02-06 07:57:26.875875
WNTR,24.93,24.9,24.93,1976800.0,1962400.0,,2682.0,770.0,,,1809.0,7328.0,770.0,0,0,0,0,0,0,0,0,0,0,0,0,0,0,0,0,0,0,0,0,0,0,0,0,0,0,0,0,0,0,0,0,0,0,0,0,0,0,0,0,0,0,8,2026-02-06 07:57:26.875875
SPNG,25.02,24.72,25.02,2232600.0,1334300.0,4380.0,679.0,6040.0,4320.0,,,,,,0,0,0,0,0,0,0,0,0,0,0,0,0,0,0,0,0,0,0,0,0,0,0,0,0,0,0,0,0,0,0,0,0,0,0,0,0,0,0,0,0,9,2026-02-06 07:57:27.939191
SMMR,25.07,25.06,25.07,1895700.0,2161600.0,1460.0,630.0,,,3931.0,1460.0,1123.0,,,0,0,0,0,0,0,0,0,0,0,0,0,0,0,0,0,0,0,0,0,0,0,0,0,0,0,0,0,0,0,0,0,0,0,0,0,0,0,0,0,0,9,2026-02-06 07:57:27.939191
ATMN,25.12,25.18,25.23,1481800.0,1845400.0,2920.0,,7500.0,,,5840.0,,7500.0,710.0,0,0,0,0,0,0,0,0,0,0,0,0,0,0,0,0,0,0,0,0,0,0,0,0,0,0,0,0,0,0,0,0,0,0,0,0,0,0,0,0,0,9,2026-02-06 07:57:27.939191
WNTR,25.03,24.95,25.03,1976800.0,2168300.0,1460.0,,,,,1460.0,,,770.0,0,0,0,0,0,0,0,0,0,0,0,0,0,0,0,0,0,0,0,0,0,0,0,0,0,0,0,0,0,0,0,0,0,0,0,0,0,0,0,0,0,9,2026-02-06 07:57:27.939191
SPNG,24.94,24.72,24.94,2142000.0,100.0,1243400.0,7500.0,6446.0,4380.0,4320.0,679.0,,,,0,0,0,0,0,0,0,0,0,0,0,0,0,0,0,0,0,0,0,0,0,0,0,0,0,0,0,0,0,0,0,0,0,0,0,0,0,0,0,0,0,10,2026-02-06 07:57:29.005857
SMMR,25.06,24.97,25.01,1794000.0,8882.0,2351100.0,7500.0,,,,,1123.0,630.0,,0,0,0,0,0,0,0,0,0,0,0,0,0,0,0,0,0,0,0,0,0,0,0,0,0,0,0,0,0,0,0,0,0,0,0,0,0,0,0,0,0,10,2026-02-06 07:57:29.005857
ATMN,25.11,25.09,25.1,1605300.0,7584.0,830300.0,7500.0,13856.0,8760.0,4320.0,707.0,,,5840.0,0,0,0,0,0,0,0,0,0,0,0,0,0,0,0,0,0,0,0,0,0,0,0,0,0,0,0,0,0,0,0,0,0,0,0,0,0,0,0,0,0,10,2026-02-06 07:57:29.005857
WNTR,24.97,24.98,24.99,1728300.0,7584.0,1751900.0,,1896.0,4380.0,,770.0,1291.0,770.0,2920.0,0,0,0,0,0,0,0,0,0,0,0,0,0,0,0,0,0,0,0,0,0,0,0,0,0,0,0,0,0,0,0,0,0,0,0,0,0,0,0,0,0,10,2026-02-06 07:57:29.005857
SPNG,25.05,25.05,25.12,2027200.0,587.0,100.0,1550200.0,6446.0,2920.0,4320.0,,,,0,0,0,0,0,0,0,0,0,0,0,0,0,0,0,0,0,0,0,0,0,0,0,0,0,0,0,0,0,0,0,0,0,0,0,0,0,0,0,0,0,0,11,2026-02-06 07:57:29.585127
SMMR,25.06,24.98,25.0,1794000.0,740.0,8882.0,1991900.0,100.0,2920.0,,2920.0,1123.0,740.0,0,0,0,0,0,0,0,0,0,0,0,0,0,0,0,0,0,0,0,0,0,0,0,0,0,0,0,0,0,0,0,0,0,0,0,0,0,0,0,0,0,0,11,2026-02-06 07:57:29.585127
ATMN,25.31,25.1,25.14,1577500.0,612.0,7584.0,2032400.0,,,,4380.0,,710.0,0,0,0,0,0,0,0,0,0,0,0,0,0,0,0,0,0,0,0,0,0,0,0,0,0,0,0,0,0,0,0,0,0,0,0,0,0,0,0,0,0,0,11,2026-02-06 07:57:29.585127
WNTR,24.92,24.59,24.68,1980900.0,,,1628700.0,1896.0,2920.0,2582.0,,,770.0,0,0,0,0,0,0,0,0,0,0,0,0,0,0,0,0,0,0,0,0,0,0,0,0,0,0,0,0,0,0,0,0,0,0,0,0,0,0,0,0,0,0,11,2026-02-06 07:57:29.585127
SPNG,25.12,25.12,25.17,1566400.0,1460.0,2920.0,679.0,1123.0,100.0,1858400.0,1460.0,2160.0,,,,0,0,0,0,0,0,0,0,0,0,0,0,0,0,0,0,0,0,0,0,0,0,0,0,0,0,0,0,0,0,0,0,0,0,0,0,0,0,0,0,12,2026-02-06 07:57:30.657751
SMMR,25.0,25.0,25.01,1305400.0,,4380.0,740.0,4363.0,14032.0,1848800.0,1460.0,,2608.0,740.0,7500.0,0,0,0,0,0,0,0,0,0,0,0,0,0,0,0,0,0,0,0,0,0,0,0,0,0,0,0,0,0,0,0,0,0,0,0,0,0,0,0,0,12,2026-02-06 07:57:30.657751
ATMN,25.16,25.08,25.11,2020400.0,,1460.0,,,,1816700.0,,,938.0,710.0,7500.0,0,0,0,0,0,0,0,0,0,0,0,0,0,0,0,0,0,0,0,0,0,0,0,0,0,0,0,0,0,0,0,0,0,0,0,0,0,0,0,0,12,2026-02-06 07:57:30.657751
WNTR,24.69,24.74,24.99,2208400.0,,,,,2163.0,1734600.0,2920.0,2582.0,1896.0,,,0,0,0,0,0,0,0,0,0,0,0,0,0,0,0,0,0,0,0,0,0,0,0,0,0,0,0,0,0,0,0,0,0,0,0,0,0,0,0,0,12,2026-02-06 07:57:30.657751
SPNG,24.94,24.83,24.94,1877800.0,2920.0,1123.0,1650100.0,2920.0,1609.0,2160.0,,,,0,0,0,0,0,0,0,0,0,0,0,0,0,0,0,0,0,0,0,0,0,0,0,0,0,0,0,0,0,0,0,0,0,0,0,0,0,0,0,0,0,0,13,2026-02-06 07:57:31.749572
SMMR,24.86,24.87,25.0,1809800.0,1460.0,,1589000.0,2920.0,4863.0,3240.0,740.0,7500.0,,0,0,0,0,0,0,0,0,0,0,0,0,0,0,0,0,0,0,0,0,0,0,0,0,0,0,0,0,0,0,0,0,0,0,0,0,0,0,0,0,0,0,13,2026-02-06 07:57:31.749572
ATMN,25.09,25.1,25.12,1393700.0,5840.0,2246.0,2049900.0,,,,,7500.0,3786.0,0,0,0,0,0,0,0,0,0,0,0,0,0,0,0,0,0,0,0,0,0,0,0,0,0,0,0,0,0,0,0,0,0,0,0,0,0,0,0,0,0,0,13,2026-02-06 07:57:31.749572
WNTR,24.69,24.77,24.78,1846300.0,2920.0,2160.0,1625500.0,2920.0,7573.0,2582.0,770.0,,6029.0,0,0,0,0,0,0,0,0,0,0,0,0,0,0,0,0,0,0,0,0,0,0,0,0,0,0,0,0,0,0,0,0,0,0,0,0,0,0,0,0,0,0,13,2026-02-06 07:57:31.749572
SPNG,25.31,25.31,25.5,1416600.0,4787.0,2920.0,679.0,2784.0,1839900.0,,,,,,,0,0,0,0,0,0,0,0,0,0,0,0,0,0,0,0,0,0,0,0,0,0,0,0,0,0,0,0,0,0,0,0,0,0,0,0,0,0,0,0,14,2026-02-06 07:57:32.847829
SMMR,24.93,24.94,24.96,1917500.0,8692.0,4380.0,,,1209000.0,5840.0,740.0,13555.0,3240.0,7500.0,,0,0,0,0,0,0,0,0,0,0,0,0,0,0,0,0,0,0,0,0,0,0,0,0,0,0,0,0,0,0,0,0,0,0,0,0,0,0,0,0,14,2026-02-06 07:57:32.847829
ATMN,25.34,25.14,25.15,923800.0,17884.0,8760.0,710.0,2246.0,1915100.0,,,2088.0,,7500.0,,0,0,0,0,0,0,0,0,0,0,0,0,0,0,0,0,0,0,0,0,0,0,0,0,0,0,0,0,0,0,0,0,0,0,0,0,0,0,0,0,14,2026-02-06 07:57:32.847829
WNTR,24.74,24.9,24.92,1924900.0,,,770.0,,1639800.0,2920.0,770.0,7573.0,1291.0,5640.0,7500.0,0,0,0,0,0,0,0,0,0,0,0,0,0,0,0,0,0,0,0,0,0,0,0,0,0,0,0,0,0,0,0,0,0,0,0,0,0,0,0,0,14,2026-02-06 07:57:32.847829
SPNG,25.17,25.17,25.18,7500.0,5834.0,679.0,1426600.0,2920.0,2784.0,7432.0,1611700.0,377.0,587.0,1460.0,,0,0,0,0,0,0,0,0,0,0,0,0,0,0,0,0,0,0,0,0,0,0,0,0,0,0,0,0,0,0,0,0,0,0,0,0,0,0,0,0,15,2026-02-06 07:57:33.925922
SMMR,25.01,24.94,24.95,,,740.0,1414100.0,7300.0,3302.0,,1954400.0,,740.0,1460.0,3271.0,0,0,0,0,0,0,0,0,0,0,0,0,0,0,0,0,0,0,0,0,0,0,0,0,0,0,0,0,0,0,0,0,0,0,0,0,0,0,0,0,15,2026-02-06 07:57:33.925922
ATMN,25.14,25.14,25.2,7500.0,,,1709100.0,2920.0,1123.0,7500.0,1946700.0,,606.0,,,0,0,0,0,0,0,0,0,0,0,0,0,0,0,0,0,0,0,0,0,0,0,0,0,0,0,0,0,0,0,0,0,0,0,0,0,0,0,0,0,15,2026-02-06 07:57:33.925922
WNTR,24.9,24.9,24.96,,,770.0,2165300.0,,,,1900000.0,,770.0,2920.0,1291.0,0,0,0,0,0,0,0,0,0,0,0,0,0,0,0,0,0,0,0,0,0,0,0,0,0,0,0,0,0,0,0,0,0,0,0,0,0,0,0,0,15,2026-02-06 07:57:33.925922
SPNG,25.18,24.72,25.18,2228000.0,7500.0,1611700.0,377.0,587.0,1460.0,,,,,,,0,0,0,0,0,0,0,0,0,0,0,0,0,0,0,0,0,0,0,0,0,0,0,0,0,0,0,0,0,0,0,0,0,0,0,0,0,0,0,0,16,2026-02-06 07:57:34.989171
SMMR,24.82,24.84,24.89,1937600.0,,1564000.0,1000.0,740.0,4380.0,6704.0,1460.0,3271.0,,,,0,0,0,0,0,0,0,0,0,0,0,0,0,0,0,0,0,0,0,0,0,0,0,0,0,0,0,0,0,0,0,0,0,0,0,0,0,0,0,0,16,2026-02-06 07:57:34.989171
ATMN,25.19,25.19,25.2,1301400.0,,2042300.0,,707.0,,4110.0,5840.0,,7500.0,710.0,1123.0,0,0,0,0,0,0,0,0,0,0,0,0,0,0,0,0,0,0,0,0,0,0,0,0,0,0,0,0,0,0,0,0,0,0,0,0,0,0,0,0,16,2026-02-06 07:57:34.989171
WNTR,24.87,24.85,24.86,1690800.0,,2006700.0,8243.0,,,3133.0,2920.0,3033.0,,651.0,,0,0,0,0,0,0,0,0,0,0,0,0,0,0,0,0,0,0,0,0,0,0,0,0,0,0,0,0,0,0,0,0,0,0,0,0,0,0,0,0,16,2026-02-06 07:57:34.989171
SPNG,24.89,24.89,24.96,1880500.0,4380.0,4380.0,1298500.0,7500.0,1649.0,679.0,,,,,0,0,0,0,0,0,0,0,0,0,0,0,0,0,0,0,0,0,0,0,0,0,0,0,0,0,0,0,0,0,0,0,0,0,0,0,0,0,0,0,0,17,2026-02-06 07:57:36.050451
SMMR,25.03,24.85,24.86,1437900.0,5840.0,1460.0,2195100.0,,,,14334.0,1255.0,630.0,1620.0,0,0,0,0,0,0,0,0,0,0,0,0,0,0,0,0,0,0,0,0,0,0,0,0,0,0,0,0,0,0,0,0,0,0,0,0,0,0,0,0,0,17,2026-02-06 07:57:36.050451
ATMN,25.07,25.23,25.29,1800600.0,1460.0,,1915400.0,,1665.0,707.0,10000.0,1123.0,,,0,0,0,0,0,0,0,0,0,0,0,0,0,0,0,0,0,0,0,0,0,0,0,0,0,0,0,0,0,0,0,0,0,0,0,0,0,0,0,0,0,17,2026-02-06 07:57:36.050451
WNTR,24.72,24.72,24.98,2185200.0,,1460.0,2010100.0,,,770.0,,,770.0,1291.0,0,0,0,0,0,0,0,0,0,0,0,0,0,0,0,0,0,0,0,0,0,0,0,0,0,0,0,0,0,0,0,0,0,0,0,0,0,0,0,0,0,17,2026-02-06 07:57:36.050451
SPNG,25.05,25.05,25.07,1552400.0,8760.0,1460.0,1928000.0,,,,,,,,0,0,0,0,0,0,0,0,0,0,0,0,0,0,0,0,0,0,0,0,0,0,0,0,0,0,0,0,0,0,0,0,0,0,0,0,0,0,0,0,0,18,2026-02-06 07:57:37.115277
SMMR,24.86,24.86,24.92,1454900.0,7300.0,1460.0,2091400.0,740.0,2510.0,740.0,1620.0,,,,0,0,0,0,0,0,0,0,0,0,0,0,0,0,0,0,0,0,0,0,0,0,0,0,0,0,0,0,0,0,0,0,0,0,0,0,0,0,0,0,0,18,2026-02-06 07:57:37.115277
ATMN,25.03,24.98,25.03,2025000.0,,,2014200.0,,,,,796.0,8577.0,,0,0,0,0,0,0,0,0,0,0,0,0,0,0,0,0,0,0,0,0,0,0,0,0,0,0,0,0,0,0,0,0,0,0,0,0,0,0,0,0,0,18,2026-02-06 07:57:37.115277
WNTR,24.78,24.78,24.88,2308600.0,,4380.0,1645400.0,,,770.0,1291.0,,,7500.0,0,0,0,0,0,0,0,0,0,0,0,0,0,0,0,0,0,0,0,0,0,0,0,0,0,0,0,0,0,0,0,0,0,0,0,0,0,0,0,0,0,18,2026-02-06 07:57:37.115277
SPNG,25.19,24.97,25.07,7500.0,7300.0,5498.0,1433400.0,7500.0,2920.0,1713900.0,,,,0,0,0,0,0,0,0,0,0,0,0,0,0,0,0,0,0,0,0,0,0,0,0,0,0,0,0,0,0,0,0,0,0,0,0,0,0,0,0,0,0,0,19,2026-02-06 07:57:37.680674
SMMR,24.86,24.9,24.91,,7300.0,100.0,1433600.0,,5840.0,1715500.0,2510.0,740.0,1620.0,0,0,0,0,0,0,0,0,0,0,0,0,0,0,0,0,0,0,0,0,0,0,0,0,0,0,0,0,0,0,0,0,0,0,0,0,0,0,0,0,0,0,19,2026-02-06 07:57:37.680674
ATMN,25.15,25.15,25.16,3950.0,,796.0,1919500.0,7500.0,,2008500.0,,,,0,0,0,0,0,0,0,0,0,0,0,0,0,0,0,0,0,0,0,0,0,0,0,0,0,0,0,0,0,0,0,0,0,0,0,0,0,0,0,0,0,0,19,2026-02-06 07:57:37.680674
WNTR,24.86,24.87,24.94,100.0,1460.0,5498.0,1937300.0,7500.0,1460.0,2094100.0,,,,0,0,0,0,0,0,0,0,0,0,0,0,0,0,0,0,0,0,0,0,0,0,0,0,0,0,0,0,0,0,0,0,0,0,0,0,0,0,0,0,0,0,19,2026-02-06 07:57:37.680674
SPNG,24.97,24.92,24.93,2920.0,5498.0,3822.0,1553300.0,679.0,3822.0,1196100.0,7500.0,4380.0,679.0,3130.0,,0,0,0,0,0,0,0,0,0,0,0,0,0,0,0,0,0,0,0,0,0,0,0,0,0,0,0,0,0,0,0,0,0,0,0,0,0,0,0,0,20,2026-02-06 07:57:38.786220
SMMR,25.08,24.98,24.99,8760.0,9897.0,5385.0,1048500.0,,2065.0,2223900.0,,,520.0,,,0,0,0,0,0,0,0,0,0,0,0,0,0,0,0,0,0,0,0,0,0,0,0,0,0,0,0,0,0,0,0,0,0,0,0,0,0,0,0,0,20,2026-02-06 07:57:38.786220
ATMN,25.15,25.15,25.17,,6870.0,,1707900.0,710.0,,1786100.0,7500.0,1460.0,692.0,,3950.0,0,0,0,0,0,0,0,0,0,0,0,0,0,0,0,0,0,0,0,0,0,0,0,0,0,0,0,0,0,0,0,0,0,0,0,0,0,0,0,0,20,2026-02-06 07:57:38.786220
WNTR,24.87,24.89,24.91,1460.0,5498.0,,1938200.0,770.0,,1539400.0,,7300.0,770.0,4555.0,,0,0,0,0,0,0,0,0,0,0,0,0,0,0,0,0,0,0,0,0,0,0,0,0,0,0,0,0,0,0,0,0,0,0,0,0,0,0,0,0,20,2026-02-06 07:57:38.786220
SPNG,24.9,24.91,24.97,1460.0,1982200.0,679.0,1627200.0,7500.0,1460.0,679.0,3130.0,,,,,0,0,0,0,0,0,0,0,0,0,0,0,0,0,0,0,0,0,0,0,0,0,0,0,0,0,0,0,0,0,0,0,0,0,0,0,0,0,0,0,21,2026-02-06 07:57:39.935597
SMMR,24.97,24.95,24.97,1460.0,1700700.0,740.0,2354900.0,3959.0,,,,9897.0,7500.0,1255.0,,0,0,0,0,0,0,0,0,0,0,0,0,0,0,0,0,0,0,0,0,0,0,0,0,0,0,0,0,0,0,0,0,0,0,0,0,0,0,0,0,21,2026-02-06 07:57:39.935597
ATMN,24.92,24.93,25.14,1460.0,2025000.0,,1348600.0,7500.0,2920.0,710.0,6021.0,,,,3780.0,0,0,0,0,0,0,0,0,0,0,0,0,0,0,0,0,0,0,0,0,0,0,0,0,0,0,0,0,0,0,0,0,0,0,0,0,0,0,0,0,21,2026-02-06 07:57:39.935597
WNTR,24.74,24.79,24.8,,2054300.0,,1304700.0,7500.0,7300.0,770.0,10404.0,,,3902.0,,0,0,0,0,0,0,0,0,0,0,0,0,0,0,0,0,0,0,0,0,0,0,0,0,0,0,0,0,0,0,0,0,0,0,0,0,0,0,0,0,21,2026-02-06 07:57:39.935597
SPNG,24.89,24.81,24.89,1460.0,679.0,3822.0,1766200.0,1517600.0,4380.0,10536.0,,,,0,0,0,0,0,0,0,0,0,0,0,0,0,0,0,0,0,0,0,0,0,0,0,0,0,0,0,0,0,0,0,0,0,0,0,0,0,0,0,0,0,0,22,2026-02-06 07:57:40.990030
SMMR,24.91,24.91,25.06,1460.0,740.0,4607.0,1830600.0,2471900.0,,,,,,0,0,0,0,0,0,0,0,0,0,0,0,0,0,0,0,0,0,0,0,0,0,0,0,0,0,0,0,0,0,0,0,0,0,0,0,0,0,0,0,0,0,22,2026-02-06 07:57:40.990030
ATMN,25.41,25.07,25.11,2920.0,,,1704600.0,1998800.0,1460.0,,1627.0,6470.0,,0,0,0,0,0,0,0,0,0,0,0,0,0,0,0,0,0,0,0,0,0,0,0,0,0,0,0,0,0,0,0,0,0,0,0,0,0,0,0,0,0,0,22,2026-02-06 07:57:40.990030
WNTR,24.88,24.9,24.91,,,,2149500.0,2198700.0,,,231.0,,770.0,0,0,0,0,0,0,0,0,0,0,0,0,0,0,0,0,0,0,0,0,0,0,0,0,0,0,0,0,0,0,0,0,0,0,0,0,0,0,0,0,0,0,22,2026-02-06 07:57:40.990030
SPNG,24.88,24.83,24.86,2920.0,679.0,1999.0,1761500.0,17596.0,4380.0,679.0,1302100.0,,,,,0,0,0,0,0,0,0,0,0,0,0,0,0,0,0,0,0,0,0,0,0,0,0,0,0,0,0,0,0,0,0,0,0,0,0,0,0,0,0,0,23,2026-02-06 07:57:42.057369
SMMR,24.92,24.98,25.02,1460.0,,8994.0,1693400.0,342.0,,630.0,1993000.0,4607.0,7500.0,,,0,0,0,0,0,0,0,0,0,0,0,0,0,0,0,0,0,0,0,0,0,0,0,0,0,0,0,0,0,0,0,0,0,0,0,0,0,0,0,0,23,2026-02-06 07:57:42.057369
ATMN,25.39,25.1,25.12,4380.0,710.0,1627.0,1275100.0,,1460.0,695.0,1752600.0,3780.0,,7500.0,1890.0,0,0,0,0,0,0,0,0,0,0,0,0,0,0,0,0,0,0,0,0,0,0,0,0,0,0,0,0,0,0,0,0,0,0,0,0,0,0,0,0,23,2026-02-06 07:57:42.057369
WNTR,24.9,24.9,24.91,,770.0,5764.0,1761300.0,1383.0,,770.0,2082600.0,,,7500.0,,0,0,0,0,0,0,0,0,0,0,0,0,0,0,0,0,0,0,0,0,0,0,0,0,0,0,0,0,0,0,0,0,0,0,0,0,0,0,0,0,23,2026-02-06 07:57:42.057369
SPNG,24.88,24.83,24.85,7300.0,3822.0,1323900.0,679.0,8760.0,1213600.0,7500.0,679.0,,,,0,0,0,0,0,0,0,0,0,0,0,0,0,0,0,0,0,0,0,0,0,0,0,0,0,0,0,0,0,0,0,0,0,0,0,0,0,0,0,0,0,24,2026-02-06 07:57:43.109022
SMMR,25.05,25.0,25.05,7300.0,4607.0,1221700.0,740.0,,2466000.0,,,6316.0,,,0,0,0,0,0,0,0,0,0,0,0,0,0,0,0,0,0,0,0,0,0,0,0,0,0,0,0,0,0,0,0,0,0,0,0,0,0,0,0,0,0,24,2026-02-06 07:57:43.109022
ATMN,25.22,25.22,25.39,5840.0,3780.0,1267500.0,710.0,1460.0,1962900.0,,,,7500.0,,0,0,0,0,0,0,0,0,0,0,0,0,0,0,0,0,0,0,0,0,0,0,0,0,0,0,0,0,0,0,0,0,0,0,0,0,0,0,0,0,0,24,2026-02-06 07:57:43.109022
WNTR,24.9,24.91,24.92,2920.0,4036.0,1410100.0,770.0,2920.0,1849400.0,,770.0,6316.0,7500.0,4737.0,0,0,0,0,0,0,0,0,0,0,0,0,0,0,0,0,0,0,0,0,0,0,0,0,0,0,0,0,0,0,0,0,0,0,0,0,0,0,0,0,0,24,2026-02-06 07:57:43.109022
SPNG,24.84,24.83,24.84,5840.0,1203600.0,3822.0,2781.0,679.0,8162.0,7500.0,1715800.0,679.0,,,0,0,0,0,0,0,0,0,0,0,0,0,0,0,0,0,0,0,0,0,0,0,0,0,0,0,0,0,0,0,0,0,0,0,0,0,0,0,0,0,0,25,2026-02-06 07:57:44.168837
SMMR,25.02,25.0,25.02,7300.0,1214200.0,2931.0,12914.0,740.0,6598.0,,1967900.0,630.0,2444.0,,0,0,0,0,0,0,0,0,0,0,0,0,0,0,0,0,0,0,0,0,0,0,0,0,0,0,0,0,0,0,0,0,0,0,0,0,0,0,0,0,0,25,2026-02-06 07:57:44.168837
ATMN,25.41,25.24,25.3,5840.0,1267500.0,3780.0,11335.0,,6598.0,,1971500.0,,,,0,0,0,0,0,0,0,0,0,0,0,0,0,0,0,0,0,0,0,0,0,0,0,0,0,0,0,0,0,0,0,0,0,0,0,0,0,0,0,0,0,25,2026-02-06 07:57:44.168837
WNTR,24.77,24.63,24.77,,2282900.0,,,,,,1976400.0,770.0,,2920.0,0,0,0,0,0,0,0,0,0,0,0,0,0,0,0,0,0,0,0,0,0,0,0,0,0,0,0,0,0,0,0,0,0,0,0,0,0,0,0,0,0,25,2026-02-06 07:57:44.168837
SPNG,24.96,24.96,24.97,5840.0,1186500.0,3822.0,2781.0,679.0,1801300.0,2920.0,,,,,,0,0,0,0,0,0,0,0,0,0,0,0,0,0,0,0,0,0,0,0,0,0,0,0,0,0,0,0,0,0,0,0,0,0,0,0,0,0,0,0,26,2026-02-06 07:57:44.722606
SMMR,25.0,24.99,25.0,,1917600.0,2931.0,6316.0,,1947400.0,,984.0,6598.0,7500.0,2444.0,,0,0,0,0,0,0,0,0,0,0,0,0,0,0,0,0,0,0,0,0,0,0,0,0,0,0,0,0,0,0,0,0,0,0,0,0,0,0,0,0,26,2026-02-06 07:57:44.722606
ATMN,25.3,25.25,25.3,7300.0,1085500.0,1890.0,11335.0,677.0,1786400.0,,7500.0,6598.0,,2872.0,,0,0,0,0,0,0,0,0,0,0,0,0,0,0,0,0,0,0,0,0,0,0,0,0,0,0,0,0,0,0,0,0,0,0,0,0,0,0,0,0,26,2026-02-06 07:57:44.722606
WNTR,24.77,24.75,24.76,2920.0,2006700.0,,,,1644000.0,4380.0,,1649.0,7500.0,,770.0,0,0,0,0,0,0,0,0,0,0,0,0,0,0,0,0,0,0,0,0,0,0,0,0,0,0,0,0,0,0,0,0,0,0,0,0,0,0,0,0,26,2026-02-06 07:57:44.722606
SPNG,25.01,25.01,25.02,6157.0,4893.0,1621300.0,679.0,5840.0,1492500.0,679.0,,,,0,0,0,0,0,0,0,0,0,0,0,0,0,0,0,0,0,0,0,0,0,0,0,0,0,0,0,0,0,0,0,0,0,0,0,0,0,0,0,0,0,0,27,2026-02-06 07:57:45.814848
SMMR,24.86,24.94,24.98,,1255.0,1932900.0,630.0,4380.0,1709000.0,740.0,2920.0,2444.0,,0,0,0,0,0,0,0,0,0,0,0,0,0,0,0,0,0,0,0,0,0,0,0,0,0,0,0,0,0,0,0,0,0,0,0,0,0,0,0,0,0,0,27,2026-02-06 07:57:45.814848
ATMN,25.23,25.22,25.23,,1890.0,1890300.0,613.0,,1775800.0,710.0,,2872.0,,0,0,0,0,0,0,0,0,0,0,0,0,0,0,0,0,0,0,0,0,0,0,0,0,0,0,0,0,0,0,0,0,0,0,0,0,0,0,0,0,0,0,27,2026-02-06 07:57:45.814848
WNTR,24.84,24.85,24.9,,2160.0,1580900.0,,2920.0,2017800.0,,5840.0,,7500.0,0,0,0,0,0,0,0,0,0,0,0,0,0,0,0,0,0,0,0,0,0,0,0,0,0,0,0,0,0,0,0,0,0,0,0,0,0,0,0,0,0,0,27,2026-02-06 07:57:45.814848
SPNG,25.1,24.97,25.02,2920.0,1745400.0,1911.0,587.0,1460.0,1910200.0,,,,,,,0,0,0,0,0,0,0,0,0,0,0,0,0,0,0,0,0,0,0,0,0,0,0,0,0,0,0,0,0,0,0,0,0,0,0,0,0,0,0,0,28,2026-02-06 07:57:46.964507
SMMR,24.93,24.94,24.96,2920.0,1650300.0,1255.0,630.0,7300.0,1215700.0,8062.0,740.0,6633.0,4944.0,,,0,0,0,0,0,0,0,0,0,0,0,0,0,0,0,0,0,0,0,0,0,0,0,0,0,0,0,0,0,0,0,0,0,0,0,0,0,0,0,0,28,2026-02-06 07:57:46.964507
ATMN,25.15,25.22,25.29,,1903000.0,1890.0,710.0,1460.0,1658300.0,,704.0,,2872.0,,,0,0,0,0,0,0,0,0,0,0,0,0,0,0,0,0,0,0,0,0,0,0,0,0,0,0,0,0,0,0,0,0,0,0,0,0,0,0,0,0,28,2026-02-06 07:57:46.964507
WNTR,24.84,24.88,24.89,2920.0,1477900.0,2160.0,770.0,1460.0,1902900.0,7749.0,770.0,7749.0,,7500.0,7500.0,0,0,0,0,0,0,0,0,0,0,0,0,0,0,0,0,0,0,0,0,0,0,0,0,0,0,0,0,0,0,0,0,0,0,0,0,0,0,0,0,28,2026-02-06 07:57:46.964507
SPNG,24.74,24.74,25.01,2218000.0,5840.0,679.0,6974.0,1401000.0,,,,,,,0,0,0,0,0,0,0,0,0,0,0,0,0,0,0,0,0,0,0,0,0,0,0,0,0,0,0,0,0,0,0,0,0,0,0,0,0,0,0,0,0,29,2026-02-06 07:57:48.030849
SMMR,25.0,24.96,24.99,1436800.0,2920.0,740.0,5906.0,1605600.0,14925.0,4380.0,740.0,1255.0,4944.0,,0,0,0,0,0,0,0,0,0,0,0,0,0,0,0,0,0,0,0,0,0,0,0,0,0,0,0,0,0,0,0,0,0,0,0,0,0,0,0,0,0,29,2026-02-06 07:57:48.030849
ATMN,25.26,25.26,25.3,1634000.0,1460.0,604.0,,1682800.0,14977.0,1460.0,,1890.0,3344.0,7500.0,0,0,0,0,0,0,0,0,0,0,0,0,0,0,0,0,0,0,0,0,0,0,0,0,0,0,0,0,0,0,0,0,0,0,0,0,0,0,0,0,0,29,2026-02-06 07:57:48.030849
WNTR,25.0,24.94,25.0,1711200.0,,,,2274200.0,,1460.0,651.0,2513.0,,7500.0,0,0,0,0,0,0,0,0,0,0,0,0,0,0,0,0,0,0,0,0,0,0,0,0,0,0,0,0,0,0,0,0,0,0,0,0,0,0,0,0,0,29,2026-02-06 07:57:48.030849
SPNG,24.73,24.73,25.01,2221100.0,5840.0,1950.0,679.0,1423400.0,,,,,,,0,0,0,0,0,0,0,0,0,0,0,0,0,0,0,0,0,0,0,0,0,0,0,0,0,0,0,0,0,0,0,0,0,0,0,0,0,0,0,0,0,30,2026-02-06 07:57:49.081911
SMMR,24.98,24.98,24.99,1935900.0,2920.0,4944.0,740.0,1737500.0,2920.0,740.0,1255.0,,,,0,0,0,0,0,0,0,0,0,0,0,0,0,0,0,0,0,0,0,0,0,0,0,0,0,0,0,0,0,0,0,0,0,0,0,0,0,0,0,0,0,30,2026-02-06 07:57:49.081911
ATMN,25.42,25.28,25.41,1343300.0,1460.0,,,1886600.0,5840.0,710.0,1890.0,3207.0,7500.0,6415.0,0,0,0,0,0,0,0,0,0,0,0,0,0,0,0,0,0,0,0,0,0,0,0,0,0,0,0,0,0,0,0,0,0,0,0,0,0,0,0,0,0,30,2026-02-06 07:57:49.081911
WNTR,24.95,24.96,24.99,1487200.0,2920.0,,,2057400.0,4380.0,770.0,2513.0,,7500.0,,0,0,0,0,0,0,0,0,0,0,0,0,0,0,0,0,0,0,0,0,0,0,0,0,0,0,0,0,0,0,0,0,0,0,0,0,0,0,0,0,0,30,2026-02-06 07:57:49.081911
SPNG,24.7,24.76,24.92,2920.0,1714400.0,7500.0,161.0,1031400.0,13394.0,7500.0,679.0,5840.0,3900.0,,,0,0,0,0,0,0,0,0,0,0,0,0,0,0,0,0,0,0,0,0,0,0,0,0,0,0,0,0,0,0,0,0,0,0,0,0,0,0,0,0,31,2026-02-06 07:57:50.123764
SMMR,25.06,24.95,24.97,2920.0,1810100.0,,,2240900.0,,7500.0,,,1222.0,2820.0,740.0,0,0,0,0,0,0,0,0,0,0,0,0,0,0,0,0,0,0,0,0,0,0,0,0,0,0,0,0,0,0,0,0,0,0,0,0,0,0,0,0,31,2026-02-06 07:57:50.123764
ATMN,25.49,25.33,25.48,7300.0,1223100.0,,3207.0,1974300.0,,,,1460.0,,3675.0,710.0,0,0,0,0,0,0,0,0,0,0,0,0,0,0,0,0,0,0,0,0,0,0,0,0,0,0,0,0,0,0,0,0,0,0,0,0,0,0,0,0,31,2026-02-06 07:57:50.123764
WNTR,24.75,24.75,24.76,,2008700.0,,4076.0,2151300.0,4076.0,,,,,1080.0,,0,0,0,0,0,0,0,0,0,0,0,0,0,0,0,0,0,0,0,0,0,0,0,0,0,0,0,0,0,0,0,0,0,0,0,0,0,0,0,0,31,2026-02-06 07:57:50.123764
SPNG,24.86,24.9,24.91,7300.0,1273400.0,7500.0,161.0,507.0,7300.0,1031400.0,13394.0,7500.0,3900.0,,,0,0,0,0,0,0,0,0,0,0,0,0,0,0,0,0,0,0,0,0,0,0,0,0,0,0,0,0,0,0,0,0,0,0,0,0,0,0,0,0,32,2026-02-06 07:57:51.164980
SMMR,24.88,24.85,24.86,4380.0,1660200.0,,585.0,740.0,1460.0,1742600.0,9633.0,7500.0,1222.0,1255.0,740.0,0,0,0,0,0,0,0,0,0,0,0,0,0,0,0,0,0,0,0,0,0,0,0,0,0,0,0,0,0,0,0,0,0,0,0,0,0,0,0,0,32,2026-02-06 07:57:51.164980
ATMN,25.36,25.36,25.48,2920.0,1810100.0,,,710.0,,1949700.0,,,,,705.0,0,0,0,0,0,0,0,0,0,0,0,0,0,0,0,0,0,0,0,0,0,0,0,0,0,0,0,0,0,0,0,0,0,0,0,0,0,0,0,0,32,2026-02-06 07:57:51.164980
WNTR,24.86,24.79,24.83,,1591400.0,,9228.0,770.0,1460.0,1765200.0,272.0,7500.0,1095.0,3270.0,770.0,0,0,0,0,0,0,0,0,0,0,0,0,0,0,0,0,0,0,0,0,0,0,0,0,0,0,0,0,0,0,0,0,0,0,0,0,0,0,0,0,32,2026-02-06 07:57:51.164980
SPNG,24.92,24.89,24.92,1359500.0,2866.0,7500.0,4380.0,599.0,1735600.0,679.0,1460.0,1950.0,,,0,0,0,0,0,0,0,0,0,0,0,0,0,0,0,0,0,0,0,0,0,0,0,0,0,0,0,0,0,0,0,0,0,0,0,0,0,0,0,0,0,33,2026-02-06 07:57:52.205788
SMMR,24.85,24.84,24.85,1875100.0,3267.0,,,740.0,2345600.0,,,,643.0,5547.0,0,0,0,0,0,0,0,0,0,0,0,0,0,0,0,0,0,0,0,0,0,0,0,0,0,0,0,0,0,0,0,0,0,0,0,0,0,0,0,0,0,33,2026-02-06 07:57:52.205788
ATMN,25.4,25.33,25.4,1713300.0,,,5840.0,,1951400.0,705.0,,,,,0,0,0,0,0,0,0,0,0,0,0,0,0,0,0,0,0,0,0,0,0,0,0,0,0,0,0,0,0,0,0,0,0,0,0,0,0,0,0,0,0,33,2026-02-06 07:57:52.205788
WNTR,25.0,24.8,25.0,1600300.0,3270.0,,2920.0,770.0,2270900.0,,,,,,0,0,0,0,0,0,0,0,0,0,0,0,0,0,0,0,0,0,0,0,0,0,0,0,0,0,0,0,0,0,0,0,0,0,0,0,0,0,0,0,0,33,2026-02-06 07:57:52.205788
SPNG,24.84,24.84,24.91,1718200.0,4380.0,599.0,587.0,1735600.0,1460.0,1950.0,,,,0,0,0,0,0,0,0,0,0,0,0,0,0,0,0,0,0,0,0,0,0,0,0,0,0,0,0,0,0,0,0,0,0,0,0,0,0,0,0,0,0,0,34,2026-02-06 07:57:52.752480
SMMR,25.02,25.02,25.09,1804000.0,,740.0,,2449300.0,,,5279.0,643.0,,0,0,0,0,0,0,0,0,0,0,0,0,0,0,0,0,0,0,0,0,0,0,0,0,0,0,0,0,0,0,0,0,0,0,0,0,0,0,0,0,0,0,34,2026-02-06 07:57:52.752480
ATMN,25.4,25.39,25.4,1414900.0,5840.0,674.0,710.0,1847500.0,,,2872.0,,975.0,0,0,0,0,0,0,0,0,0,0,0,0,0,0,0,0,0,0,0,0,0,0,0,0,0,0,0,0,0,0,0,0,0,0,0,0,0,0,0,0,0,0,34,2026-02-06 07:57:52.752480
WNTR,25.02,24.87,25.02,1489300.0,2920.0,770.0,,2282200.0,,,3270.0,6271.0,,0,0,0,0,0,0,0,0,0,0,0,0,0,0,0,0,0,0,0,0,0,0,0,0,0,0,0,0,0,0,0,0,0,0,0,0,0,0,0,0,0,0,34,2026-02-06 07:57:52.752480
SPNG,24.82,24.75,24.77,2168500.0,1750900.0,587.0,4500.0,1950.0,,,,,,,,0,0,0,0,0,0,0,0,0,0,0,0,0,0,0,0,0,0,0,0,0,0,0,0,0,0,0,0,0,0,0,0,0,0,0,0,0,0,0,0,35,2026-02-06 07:57:53.806662
SMMR,24.84,25.03,25.05,1545800.0,2345000.0,,,,1460.0,740.0,7500.0,5279.0,643.0,1460.0,,0,0,0,0,0,0,0,0,0,0,0,0,0,0,0,0,0,0,0,0,0,0,0,0,0,0,0,0,0,0,0,0,0,0,0,0,0,0,0,0,35,2026-02-06 07:57:53.806662
ATMN,25.34,25.34,25.38,1810100.0,1520700.0,,4879.0,2872.0,2920.0,,7500.0,,,,2973.0,0,0,0,0,0,0,0,0,0,0,0,0,0,0,0,0,0,0,0,0,0,0,0,0,0,0,0,0,0,0,0,0,0,0,0,0,0,0,0,0,35,2026-02-06 07:57:53.806662
WNTR,24.94,24.93,24.98,1711800.0,1943200.0,,179.0,2340.0,,770.0,,2175.0,11146.0,,,0,0,0,0,0,0,0,0,0,0,0,0,0,0,0,0,0,0,0,0,0,0,0,0,0,0,0,0,0,0,0,0,0,0,0,0,0,0,0,0,35,2026-02-06 07:57:53.806662
SPNG,24.87,24.79,24.92,1460.0,679.0,1709400.0,2866.0,1851000.0,679.0,1950.0,,,,0,0,0,0,0,0,0,0,0,0,0,0,0,0,0,0,0,0,0,0,0,0,0,0,0,0,0,0,0,0,0,0,0,0,0,0,0,0,0,0,0,0,36,2026-02-06 07:57:54.894301
SMMR,25.03,24.95,25.01,,740.0,1891400.0,3267.0,1913700.0,740.0,,7500.0,4380.0,,0,0,0,0,0,0,0,0,0,0,0,0,0,0,0,0,0,0,0,0,0,0,0,0,0,0,0,0,0,0,0,0,0,0,0,0,0,0,0,0,0,0,36,2026-02-06 07:57:54.894301
ATMN,25.09,25.07,25.09,1460.0,710.0,1908300.0,,1348100.0,710.0,2872.0,,4380.0,7500.0,0,0,0,0,0,0,0,0,0,0,0,0,0,0,0,0,0,0,0,0,0,0,0,0,0,0,0,0,0,0,0,0,0,0,0,0,0,0,0,0,0,0,36,2026-02-06 07:57:54.894301
WNTR,24.93,24.93,24.94,2920.0,770.0,1603100.0,2175.0,1838700.0,532.0,,7500.0,2920.0,1240.0,0,0,0,0,0,0,0,0,0,0,0,0,0,0,0,0,0,0,0,0,0,0,0,0,0,0,0,0,0,0,0,0,0,0,0,0,0,0,0,0,0,0,36,2026-02-06 07:57:54.894301
SPNG,24.72,24.72,24.9,1833800.0,2866.0,679.0,1940800.0,1460.0,,,,,,,0,0,0,0,0,0,0,0,0,0,0,0,0,0,0,0,0,0,0,0,0,0,0,0,0,0,0,0,0,0,0,0,0,0,0,0,0,0,0,0,0,37,2026-02-06 07:57:55.978208
SMMR,25.09,24.96,25.07,1545800.0,3267.0,740.0,2063100.0,1460.0,4380.0,7500.0,2160.0,,,,0,0,0,0,0,0,0,0,0,0,0,0,0,0,0,0,0,0,0,0,0,0,0,0,0,0,0,0,0,0,0,0,0,0,0,0,0,0,0,0,0,37,2026-02-06 07:57:55.978208
ATMN,25.29,25.29,25.31,1833100.0,2126.0,710.0,1723300.0,1460.0,,,1436.0,998.0,7500.0,,0,0,0,0,0,0,0,0,0,0,0,0,0,0,0,0,0,0,0,0,0,0,0,0,0,0,0,0,0,0,0,0,0,0,0,0,0,0,0,0,0,37,2026-02-06 07:57:55.978208
WNTR,25.03,24.93,25.03,1461400.0,2175.0,770.0,2168400.0,,2920.0,7500.0,,6021.0,,651.0,0,0,0,0,0,0,0,0,0,0,0,0,0,0,0,0,0,0,0,0,0,0,0,0,0,0,0,0,0,0,0,0,0,0,0,0,0,0,0,0,0,37,2026-02-06 07:57:55.978208
SPNG,24.88,24.88,24.89,7500.0,679.0,3163.0,1395700.0,2920.0,5787.0,2920.0,4348.0,1740100.0,,,,0,0,0,0,0,0,0,0,0,0,0,0,0,0,0,0,0,0,0,0,0,0,0,0,0,0,0,0,0,0,0,0,0,0,0,0,0,0,0,0,38,2026-02-06 07:57:57.054804
SMMR,25.12,25.03,25.11,,740.0,3267.0,1650300.0,4380.0,,1460.0,,2072200.0,2160.0,,,0,0,0,0,0,0,0,0,0,0,0,0,0,0,0,0,0,0,0,0,0,0,0,0,0,0,0,0,0,0,0,0,0,0,0,0,0,0,0,0,38,2026-02-06 07:57:57.054804
ATMN,25.34,25.35,25.39,4527.0,710.0,2126.0,1558100.0,1460.0,6852.0,1460.0,,1635100.0,1436.0,5854.0,710.0,0,0,0,0,0,0,0,0,0,0,0,0,0,0,0,0,0,0,0,0,0,0,0,0,0,0,0,0,0,0,0,0,0,0,0,0,0,0,0,0,38,2026-02-06 07:57:57.054804
WNTR,24.94,24.93,24.94,,,3644.0,1788500.0,,1607.0,2920.0,,1704900.0,2938.0,6427.0,,0,0,0,0,0,0,0,0,0,0,0,0,0,0,0,0,0,0,0,0,0,0,0,0,0,0,0,0,0,0,0,0,0,0,0,0,0,0,0,0,38,2026-02-06 07:57:57.054804
SPNG,24.9,24.75,24.9,2920.0,1833800.0,1433.0,2044900.0,,,0,0,0,0,0,0,0,0,0,0,0,0,0,0,0,0,0,0,0,0,0,0,0,0,0,0,0,0,0,0,0,0,0,0,0,0,0,0,0,0,0,0,0,0,0,0,39,2026-02-06 07:57:58.126833
SMMR,25.07,24.83,24.92,1460.0,2148300.0,1255.0,1708600.0,2647.0,5840.0,0,0,0,0,0,0,0,0,0,0,0,0,0,0,0,0,0,0,0,0,0,0,0,0,0,0,0,0,0,0,0,0,0,0,0,0,0,0,0,0,0,0,0,0,0,0,39,2026-02-06 07:57:58.126833
ATMN,25.06,25.06,25.44,,2084400.0,,1935400.0,1436.0,,0,0,0,0,0,0,0,0,0,0,0,0,0,0,0,0,0,0,0,0,0,0,0,0,0,0,0,0,0,0,0,0,0,0,0,0,0,0,0,0,0,0,0,0,0,0,39,2026-02-06 07:57:58.126833
WNTR,24.94,24.93,24.98,,1888400.0,3644.0,1831500.0,2938.0,2920.0,0,0,0,0,0,0,0,0,0,0,0,0,0,0,0,0,0,0,0,0,0,0,0,0,0,0,0,0,0,0,0,0,0,0,0,0,0,0,0,0,0,0,0,0,0,0,39,2026-02-06 07:57:58.126833
SPNG,24.68,24.71,24.89,5058.0,2103600.0,7500.0,679.0,1460.0,1754200.0,,,,,,,0,0,0,0,0,0,0,0,0,0,0,0,0,0,0,0,0,0,0,0,0,0,0,0,0,0,0,0,0,0,0,0,0,0,0,0,0,0,0,0,40,2026-02-06 07:57:59.191484
SMMR,24.87,24.88,24.91,3685.0,1452800.0,,740.0,5840.0,1482300.0,5840.0,1255.0,740.0,4214.0,,,0,0,0,0,0,0,0,0,0,0,0,0,0,0,0,0,0,0,0,0,0,0,0,0,0,0,0,0,0,0,0,0,0,0,0,0,0,0,0,0,40,2026-02-06 07:57:59.191484
ATMN,25.44,25.44,25.52,5058.0,1305700.0,,609.0,,1970500.0,4380.0,3230.0,710.0,,6560.0,,0,0,0,0,0,0,0,0,0,0,0,0,0,0,0,0,0,0,0,0,0,0,0,0,0,0,0,0,0,0,0,0,0,0,0,0,0,0,0,0,40,2026-02-06 07:57:59.191484
WNTR,24.96,24.95,24.96,5210.0,1447100.0,,,1460.0,2024800.0,2920.0,2175.0,770.0,,7500.0,1038.0,0,0,0,0,0,0,0,0,0,0,0,0,0,0,0,0,0,0,0,0,0,0,0,0,0,0,0,0,0,0,0,0,0,0,0,0,0,0,0,0,40,2026-02-06 07:57:59.191484
SPNG,24.93,24.93,25.13,11870.0,2920.0,679.0,1635000.0,1460.0,1863300.0,560.0,,,,,,0,0,0,0,0,0,0,0,0,0,0,0,0,0,0,0,0,0,0,0,0,0,0,0,0,0,0,0,0,0,0,0,0,0,0,0,0,0,0,0,41,2026-02-06 07:58:00.232093
SMMR,24.9,24.88,24.89,3685.0,8760.0,740.0,1186800.0,2920.0,1594700.0,1291.0,1255.0,740.0,4214.0,,,0,0,0,0,0,0,0,0,0,0,0,0,0,0,0,0,0,0,0,0,0,0,0,0,0,0,0,0,0,0,0,0,0,0,0,0,0,0,0,0,41,2026-02-06 07:58:00.232093
ATMN,25.52,25.43,25.44,4720.0,4380.0,710.0,1321300.0,,1753900.0,4720.0,3230.0,609.0,,7500.0,6640.0,0,0,0,0,0,0,0,0,0,0,0,0,0,0,0,0,0,0,0,0,0,0,0,0,0,0,0,0,0,0,0,0,0,0,0,0,0,0,0,0,41,2026-02-06 07:58:00.232093
WNTR,24.93,24.94,24.95,,1460.0,770.0,1862000.0,2920.0,1503900.0,1038.0,2175.0,651.0,2518.0,,7500.0,0,0,0,0,0,0,0,0,0,0,0,0,0,0,0,0,0,0,0,0,0,0,0,0,0,0,0,0,0,0,0,0,0,0,0,0,0,0,0,0,41,2026-02-06 07:58:00.232093
SPNG,24.92,24.86,24.92,7500.0,2131000.0,7500.0,2920.0,679.0,1584600.0,560.0,,,,,,0,0,0,0,0,0,0,0,0,0,0,0,0,0,0,0,0,0,0,0,0,0,0,0,0,0,0,0,0,0,0,0,0,0,0,0,0,0,0,0,42,2026-02-06 07:58:00.783308
SMMR,24.9,24.88,24.89,,1079500.0,7500.0,5840.0,740.0,1245200.0,1291.0,7300.0,4289.0,3685.0,740.0,4164.0,0,0,0,0,0,0,0,0,0,0,0,0,0,0,0,0,0,0,0,0,0,0,0,0,0,0,0,0,0,0,0,0,0,0,0,0,0,0,0,0,42,2026-02-06 07:58:00.783308
ATMN,25.06,25.32,25.44,,1955200.0,7500.0,,609.0,1606300.0,4720.0,,,,710.0,,0,0,0,0,0,0,0,0,0,0,0,0,0,0,0,0,0,0,0,0,0,0,0,0,0,0,0,0,0,0,0,0,0,0,0,0,0,0,0,0,42,2026-02-06 07:58:00.783308
WNTR,24.96,24.94,24.95,,1702600.0,7500.0,1460.0,651.0,1618800.0,1038.0,1460.0,2175.0,4720.0,770.0,2518.0,0,0,0,0,0,0,0,0,0,0,0,0,0,0,0,0,0,0,0,0,0,0,0,0,0,0,0,0,0,0,0,0,0,0,0,0,0,0,0,0,42,2026-02-06 07:58:00.783308
SPNG,24.66,24.8,24.86,7500.0,587.0,1460.0,1898300.0,8760.0,5361.0,7537.0,679.0,1168800.0,,,,0,0,0,0,0,0,0,0,0,0,0,0,0,0,0,0,0,0,0,0,0,0,0,0,0,0,0,0,0,0,0,0,0,0,0,0,0,0,0,0,43,2026-02-06 07:58:01.866169
SMMR,24.9,24.88,24.89,,740.0,4380.0,1443400.0,4380.0,7500.0,5205.0,740.0,1221900.0,3903.0,4289.0,5681.0,0,0,0,0,0,0,0,0,0,0,0,0,0,0,0,0,0,0,0,0,0,0,0,0,0,0,0,0,0,0,0,0,0,0,0,0,0,0,0,0,43,2026-02-06 07:58:01.866169
ATMN,25.05,25.33,25.39,,710.0,,1953000.0,4380.0,7500.0,6741.0,710.0,1234900.0,,,2160.0,0,0,0,0,0,0,0,0,0,0,0,0,0,0,0,0,0,0,0,0,0,0,0,0,0,0,0,0,0,0,0,0,0,0,0,0,0,0,0,0,43,2026-02-06 07:58:01.866169
WNTR,24.87,24.94,24.95,,,,1929700.0,2920.0,7500.0,5205.0,651.0,1503900.0,,3334.0,2518.0,0,0,0,0,0,0,0,0,0,0,0,0,0,0,0,0,0,0,0,0,0,0,0,0,0,0,0,0,0,0,0,0,0,0,0,0,0,0,0,0,43,2026-02-06 07:58:01.866169
SPNG,24.65,24.64,24.65,1993000.0,4148.0,1472600.0,2074.0,679.0,7500.0,14854.0,1460.0,,,,,0,0,0,0,0,0,0,0,0,0,0,0,0,0,0,0,0,0,0,0,0,0,0,0,0,0,0,0,0,0,0,0,0,0,0,0,0,0,0,0,44,2026-02-06 07:58:03.008795
SMMR,24.9,24.88,24.9,1684300.0,4289.0,2045900.0,2647.0,740.0,,,,8497.0,740.0,,,0,0,0,0,0,0,0,0,0,0,0,0,0,0,0,0,0,0,0,0,0,0,0,0,0,0,0,0,0,0,0,0,0,0,0,0,0,0,0,0,44,2026-02-06 07:58:03.008795
ATMN,25.55,25.29,25.32,1469100.0,,1967100.0,,,,,1460.0,1200.0,,5840.0,1460.0,0,0,0,0,0,0,0,0,0,0,0,0,0,0,0,0,0,0,0,0,0,0,0,0,0,0,0,0,0,0,0,0,0,0,0,0,0,0,0,0,44,2026-02-06 07:58:03.008795
WNTR,24.8,24.8,24.92,2056000.0,2175.0,1257500.0,3577.0,770.0,7500.0,13761.0,1460.0,,,,,0,0,0,0,0,0,0,0,0,0,0,0,0,0,0,0,0,0,0,0,0,0,0,0,0,0,0,0,0,0,0,0,0,0,0,0,0,0,0,0,44,2026-02-06 07:58:03.008795
SPNG,24.66,24.67,24.79,1859100.0,599.0,4148.0,4380.0,679.0,1672300.0,,,,,0,0,0,0,0,0,0,0,0,0,0,0,0,0,0,0,0,0,0,0,0,0,0,0,0,0,0,0,0,0,0,0,0,0,0,0,0,0,0,0,0,0,45,2026-02-06 07:58:04.057231
SMMR,24.87,24.87,24.91,1836300.0,740.0,5806.0,,740.0,1897100.0,1192.0,2647.0,,,0,0,0,0,0,0,0,0,0,0,0,0,0,0,0,0,0,0,0,0,0,0,0,0,0,0,0,0,0,0,0,0,0,0,0,0,0,0,0,0,0,0,45,2026-02-06 07:58:04.057231
ATMN,25.36,25.37,25.45,1298500.0,,2020.0,,,2082900.0,,,8760.0,3428.0,0,0,0,0,0,0,0,0,0,0,0,0,0,0,0,0,0,0,0,0,0,0,0,0,0,0,0,0,0,0,0,0,0,0,0,0,0,0,0,0,0,0,45,2026-02-06 07:58:04.057231
WNTR,24.96,24.99,25.01,1494700.0,,2175.0,,,1890200.0,,3577.0,7300.0,,0,0,0,0,0,0,0,0,0,0,0,0,0,0,0,0,0,0,0,0,0,0,0,0,0,0,0,0,0,0,0,0,0,0,0,0,0,0,0,0,0,0,45,2026-02-06 07:58:04.057231
SPNG,24.86,24.88,25.12,2920.0,679.0,1510300.0,7500.0,4148.0,1460.0,666.0,1874000.0,,,,0,0,0,0,0,0,0,0,0,0,0,0,0,0,0,0,0,0,0,0,0,0,0,0,0,0,0,0,0,0,0,0,0,0,0,0,0,0,0,0,0,46,2026-02-06 07:58:05.119912
SMMR,24.87,24.89,24.9,2920.0,740.0,1504400.0,,5806.0,4380.0,740.0,1553600.0,302.0,7500.0,2647.0,0,0,0,0,0,0,0,0,0,0,0,0,0,0,0,0,0,0,0,0,0,0,0,0,0,0,0,0,0,0,0,0,0,0,0,0,0,0,0,0,0,46,2026-02-06 07:58:05.119912
ATMN,25.37,25.35,25.37,2920.0,710.0,1515900.0,7500.0,4040.0,,609.0,1854500.0,,5192.0,,0,0,0,0,0,0,0,0,0,0,0,0,0,0,0,0,0,0,0,0,0,0,0,0,0,0,0,0,0,0,0,0,0,0,0,0,0,0,0,0,0,46,2026-02-06 07:58:05.119912
WNTR,24.99,25.0,25.01,7300.0,770.0,1033500.0,,5193.0,,,1910800.0,2572.0,,3927.0,0,0,0,0,0,0,0,0,0,0,0,0,0,0,0,0,0,0,0,0,0,0,0,0,0,0,0,0,0,0,0,0,0,0,0,0,0,0,0,0,0,46,2026-02-06 07:58:05.119912
SPNG,24.88,24.86,24.88,7500.0,2003600.0,2074.0,1182300.0,7500.0,7300.0,679.0,2160.0,,,,0,0,0,0,0,0,0,0,0,0,0,0,0,0,0,0,0,0,0,0,0,0,0,0,0,0,0,0,0,0,0,0,0,0,0,0,0,0,0,0,0,47,2026-02-06 07:58:06.182814
SMMR,24.9,24.89,24.9,,1632000.0,4289.0,1441100.0,7500.0,5840.0,740.0,2647.0,326.0,2920.0,740.0,0,0,0,0,0,0,0,0,0,0,0,0,0,0,0,0,0,0,0,0,0,0,0,0,0,0,0,0,0,0,0,0,0,0,0,0,0,0,0,0,0,47,2026-02-06 07:58:06.182814
ATMN,25.55,25.37,25.55,7500.0,1516600.0,4040.0,2078100.0,,,,,,2920.0,710.0,0,0,0,0,0,0,0,0,0,0,0,0,0,0,0,0,0,0,0,0,0,0,0,0,0,0,0,0,0,0,0,0,0,0,0,0,0,0,0,0,0,47,2026-02-06 07:58:06.182814
WNTR,24.96,24.9,24.94,,1976300.0,2175.0,1714400.0,,1460.0,,5436.0,,1460.0,,0,0,0,0,0,0,0,0,0,0,0,0,0,0,0,0,0,0,0,0,0,0,0,0,0,0,0,0,0,0,0,0,0,0,0,0,0,0,0,0,0,47,2026-02-06 07:58:06.182814
SPNG,24.64,24.64,24.86,2116600.0,2074.0,1680.0,10220.0,981100.0,679.0,2160.0,,,,,,0,0,0,0,0,0,0,0,0,0,0,0,0,0,0,0,0,0,0,0,0,0,0,0,0,0,0,0,0,0,0,0,0,0,0,0,0,0,0,0,48,2026-02-06 07:58:07.233193
SMMR,24.93,24.93,24.94,1490100.0,5724.0,,,1794500.0,740.0,5337.0,350.0,1460.0,7500.0,740.0,,0,0,0,0,0,0,0,0,0,0,0,0,0,0,0,0,0,0,0,0,0,0,0,0,0,0,0,0,0,0,0,0,0,0,0,0,0,0,0,0,48,2026-02-06 07:58:07.233193
ATMN,25.55,25.45,25.49,1109800.0,4180.0,132.0,,1989600.0,,,,7300.0,7500.0,710.0,,0,0,0,0,0,0,0,0,0,0,0,0,0,0,0,0,0,0,0,0,0,0,0,0,0,0,0,0,0,0,0,0,0,0,0,0,0,0,0,0,48,2026-02-06 07:58:07.233193
WNTR,24.95,24.91,24.95,1870900.0,2175.0,,1460.0,1817100.0,,3018.0,,2920.0,,,1460.0,0,0,0,0,0,0,0,0,0,0,0,0,0,0,0,0,0,0,0,0,0,0,0,0,0,0,0,0,0,0,0,0,0,0,0,0,0,0,0,0,48,2026-02-06 07:58:07.233193
SPNG,24.64,24.83,24.85,2011900.0,599.0,2074.0,7300.0,1680.0,679.0,1212800.0,2160.0,,,,,0,0,0,0,0,0,0,0,0,0,0,0,0,0,0,0,0,0,0,0,0,0,0,0,0,0,0,0,0,0,0,0,0,0,0,0,0,0,0,0,49,2026-02-06 07:58:07.812936
SMMR,24.93,24.93,24.94,1630800.0,740.0,5724.0,,,740.0,1794500.0,5337.0,350.0,7500.0,,,0,0,0,0,0,0,0,0,0,0,0,0,0,0,0,0,0,0,0,0,0,0,0,0,0,0,0,0,0,0,0,0,0,0,0,0,0,0,0,0,49,2026-02-06 07:58:07.812936
ATMN,25.55,25.46,25.49,1109800.0,710.0,4180.0,,132.0,609.0,1849900.0,,,,8760.0,,0,0,0,0,0,0,0,0,0,0,0,0,0,0,0,0,0,0,0,0,0,0,0,0,0,0,0,0,0,0,0,0,0,0,0,0,0,0,0,0,49,2026-02-06 07:58:07.812936
WNTR,24.9,24.91,24.94,1976300.0,,2175.0,2920.0,,770.0,1496000.0,4939.0,,,1460.0,7500.0,0,0,0,0,0,0,0,0,0,0,0,0,0,0,0,0,0,0,0,0,0,0,0,0,0,0,0,0,0,0,0,0,0,0,0,0,0,0,0,0,49,2026-02-06 07:58:07.812936
SPNG,24.85,24.84,24.85,2920.0,1756700.0,679.0,2074.0,4380.0,7500.0,1527200.0,666.0,1080.0,,0,0,0,0,0,0,0,0,0,0,0,0,0,0,0,0,0,0,0,0,0,0,0,0,0,0,0,0,0,0,0,0,0,0,0,0,0,0,0,0,0,0,50,2026-02-06 07:58:08.990980
SMMR,24.91,24.91,24.98,,1924200.0,740.0,5634.0,1460.0,,1885000.0,740.0,2647.0,,0,0,0,0,0,0,0,0,0,0,0,0,0,0,0,0,0,0,0,0,0,0,0,0,0,0,0,0,0,0,0,0,0,0,0,0,0,0,0,0,0,0,50,2026-02-06 07:58:08.990980
ATMN,25.55,25.46,25.55,10220.0,981200.0,710.0,3100.0,,,1922500.0,609.0,,7500.0,0,0,0,0,0,0,0,0,0,0,0,0,0,0,0,0,0,0,0,0,0,0,0,0,0,0,0,0,0,0,0,0,0,0,0,0,0,0,0,0,0,0,50,2026-02-06 07:58:08.990980
WNTR,25.08,24.85,25.07,2920.0,1748400.0,651.0,2175.0,1460.0,,2149000.0,,,,0,0,0,0,0,0,0,0,0,0,0,0,0,0,0,0,0,0,0,0,0,0,0,0,0,0,0,0,0,0,0,0,0,0,0,0,0,0,0,0,0,0,50,2026-02-06 07:58:08.990980
SPNG,24.62,24.73,24.85,679.0,2122700.0,4380.0,233.0,7500.0,1437900.0,666.0,1080.0,,,,0,0,0,0,0,0,0,0,0,0,0,0,0,0,0,0,0,0,0,0,0,0,0,0,0,0,0,0,0,0,0,0,0,0,0,0,0,0,0,0,0,51,2026-02-06 07:58:10.064748
SMMR,24.91,24.95,24.97,740.0,1545900.0,5840.0,,,1530200.0,740.0,2647.0,4380.0,131.0,4379.0,0,0,0,0,0,0,0,0,0,0,0,0,0,0,0,0,0,0,0,0,0,0,0,0,0,0,0,0,0,0,0,0,0,0,0,0,0,0,0,0,0,51,2026-02-06 07:58:10.064748
ATMN,25.29,25.29,25.41,,2127400.0,,,7500.0,1811300.0,609.0,,,,,0,0,0,0,0,0,0,0,0,0,0,0,0,0,0,0,0,0,0,0,0,0,0,0,0,0,0,0,0,0,0,0,0,0,0,0,0,0,0,0,0,51,2026-02-06 07:58:10.064748
WNTR,24.89,24.9,24.92,770.0,1411000.0,4380.0,,,1850100.0,770.0,,7300.0,,2175.0,0,0,0,0,0,0,0,0,0,0,0,0,0,0,0,0,0,0,0,0,0,0,0,0,0,0,0,0,0,0,0,0,0,0,0,0,0,0,0,0,0,51,2026-02-06 07:58:10.064748
SPNG,24.9,24.74,24.79,1460.0,2122700.0,679.0,1922900.0,1080.0,,,,,,,0,0,0,0,0,0,0,0,0,0,0,0,0,0,0,0,0,0,0,0,0,0,0,0,0,0,0,0,0,0,0,0,0,0,0,0,0,0,0,0,0,52,2026-02-06 07:58:11.126836
SMMR,24.97,24.96,25.0,5840.0,1409900.0,740.0,2016700.0,2647.0,139.0,4379.0,740.0,,,,0,0,0,0,0,0,0,0,0,0,0,0,0,0,0,0,0,0,0,0,0,0,0,0,0,0,0,0,0,0,0,0,0,0,0,0,0,0,0,0,0,52,2026-02-06 07:58:11.126836
ATMN,25.27,25.21,25.27,1460.0,2021000.0,,2036600.0,,,,,,,,0,0,0,0,0,0,0,0,0,0,0,0,0,0,0,0,0,0,0,0,0,0,0,0,0,0,0,0,0,0,0,0,0,0,0,0,0,0,0,0,0,52,2026-02-06 07:58:11.126836
WNTR,24.93,24.9,24.93,8760.0,1473200.0,770.0,1960200.0,,,,770.0,7500.0,7500.0,1460.0,0,0,0,0,0,0,0,0,0,0,0,0,0,0,0,0,0,0,0,0,0,0,0,0,0,0,0,0,0,0,0,0,0,0,0,0,0,0,0,0,0,52,2026-02-06 07:58:11.126836
SPNG,24.65,24.63,24.65,2920.0,679.0,1889200.0,1582600.0,5840.0,666.0,,,,0,0,0,0,0,0,0,0,0,0,0,0,0,0,0,0,0,0,0,0,0,0,0,0,0,0,0,0,0,0,0,0,0,0,0,0,0,0,0,0,0,0,0,53,2026-02-06 07:58:12.201050
SMMR,25.0,24.99,25.0,4380.0,740.0,1863400.0,2266400.0,,630.0,7500.0,,,0,0,0,0,0,0,0,0,0,0,0,0,0,0,0,0,0,0,0,0,0,0,0,0,0,0,0,0,0,0,0,0,0,0,0,0,0,0,0,0,0,0,0,53,2026-02-06 07:58:12.201050
ATMN,25.55,25.32,25.38,1460.0,,1697600.0,1746000.0,1460.0,710.0,7500.0,5034.0,6040.0,0,0,0,0,0,0,0,0,0,0,0,0,0,0,0,0,0,0,0,0,0,0,0,0,0,0,0,0,0,0,0,0,0,0,0,0,0,0,0,0,0,0,0,53,2026-02-06 07:58:12.201050
WNTR,24.94,25.01,25.03,1460.0,770.0,2040900.0,2143300.0,,651.0,7500.0,,,0,0,0,0,0,0,0,0,0,0,0,0,0,0,0,0,0,0,0,0,0,0,0,0,0,0,0,0,0,0,0,0,0,0,0,0,0,0,0,0,0,0,0,53,2026-02-06 07:58:12.201050
SPNG,24.65,24.63,24.65,2920.0,1883900.0,679.0,1272200.0,7300.0,271.0,666.0,7500.0,,,0,0,0,0,0,0,0,0,0,0,0,0,0,0,0,0,0,0,0,0,0,0,0,0,0,0,0,0,0,0,0,0,0,0,0,0,0,0,0,0,0,0,54,2026-02-06 07:58:13.258029
SMMR,24.99,24.97,24.99,5840.0,1900600.0,,2385700.0,,,,,7500.0,,0,0,0,0,0,0,0,0,0,0,0,0,0,0,0,0,0,0,0,0,0,0,0,0,0,0,0,0,0,0,0,0,0,0,0,0,0,0,0,0,0,0,54,2026-02-06 07:58:13.258029
ATMN,25.39,25.52,25.55,7300.0,1382800.0,,2072800.0,,,,,,5034.0,0,0,0,0,0,0,0,0,0,0,0,0,0,0,0,0,0,0,0,0,0,0,0,0,0,0,0,0,0,0,0,0,0,0,0,0,0,0,0,0,0,0,54,2026-02-06 07:58:13.258029
WNTR,25.09,24.93,25.02,2920.0,2036400.0,,2160200.0,1460.0,,,,7500.0,,0,0,0,0,0,0,0,0,0,0,0,0,0,0,0,0,0,0,0,0,0,0,0,0,0,0,0,0,0,0,0,0,0,0,0,0,0,0,0,0,0,0,54,2026-02-06 07:58:13.258029
SPNG,24.81,24.81,24.89,2086200.0,679.0,2108800.0,,,,,,0,0,0,0,0,0,0,0,0,0,0,0,0,0,0,0,0,0,0,0,0,0,0,0,0,0,0,0,0,0,0,0,0,0,0,0,0,0,0,0,0,0,0,0,55,2026-02-06 07:58:14.307711
SMMR,24.9,24.92,24.98,1998600.0,740.0,2020400.0,2920.0,7500.0,2920.0,740.0,,0,0,0,0,0,0,0,0,0,0,0,0,0,0,0,0,0,0,0,0,0,0,0,0,0,0,0,0,0,0,0,0,0,0,0,0,0,0,0,0,0,0,0,0,55,2026-02-06 07:58:14.307711
ATMN,25.52,25.53,25.55,1690400.0,710.0,1948600.0,4380.0,,,710.0,,0,0,0,0,0,0,0,0,0,0,0,0,0,0,0,0,0,0,0,0,0,0,0,0,0,0,0,0,0,0,0,0,0,0,0,0,0,0,0,0,0,0,0,0,55,2026-02-06 07:58:14.307711
WNTR,24.87,24.86,24.87,2248300.0,,2141900.0,1460.0,,,,7500.0,0,0,0,0,0,0,0,0,0,0,0,0,0,0,0,0,0,0,0,0,0,0,0,0,0,0,0,0,0,0,0,0,0,0,0,0,0,0,0,0,0,0,0,0,55,2026-02-06 07:58:14.307711
SPNG,24.6,24.62,24.76,679.0,2920.0,1873700.0,4380.0,1831100.0,,,0,0,0,0,0,0,0,0,0,0,0,0,0,0,0,0,0,0,0,0,0,0,0,0,0,0,0,0,0,0,0,0,0,0,0,0,0,0,0,0,0,0,0,0,0,56,2026-02-06 07:58:15.363373
SMMR,24.87,24.93,24.99,740.0,1460.0,2241100.0,,2388400.0,,,0,0,0,0,0,0,0,0,0,0,0,0,0,0,0,0,0,0,0,0,0,0,0,0,0,0,0,0,0,0,0,0,0,0,0,0,0,0,0,0,0,0,0,0,0,56,2026-02-06 07:58:15.363373
ATMN,25.57,25.27,25.56,,2920.0,1861000.0,1460.0,1857800.0,710.0,,0,0,0,0,0,0,0,0,0,0,0,0,0,0,0,0,0,0,0,0,0,0,0,0,0,0,0,0,0,0,0,0,0,0,0,0,0,0,0,0,0,0,0,0,0,56,2026-02-06 07:58:15.363373
WNTR,24.85,24.86,24.89,770.0,1460.0,2134400.0,1460.0,2040600.0,,2761.0,0,0,0,0,0,0,0,0,0,0,0,0,0,0,0,0,0,0,0,0,0,0,0,0,0,0,0,0,0,0,0,0,0,0,0,0,0,0,0,0,0,0,0,0,0,56,2026-02-06 07:58:15.363373
SPNG,24.6,24.64,24.73,679.0,4380.0,1752300.0,5840.0,542.0,1501900.0,,0,0,0,0,0,0,0,0,0,0,0,0,0,0,0,0,0,0,0,0,0,0,0,0,0,0,0,0,0,0,0,0,0,0,0,0,0,0,0,0,0,0,0,0,0,57,2026-02-06 07:58:15.910102
SMMR,25.01,24.94,24.96,,1460.0,2345500.0,,164.0,2135800.0,,0,0,0,0,0,0,0,0,0,0,0,0,0,0,0,0,0,0,0,0,0,0,0,0,0,0,0,0,0,0,0,0,0,0,0,0,0,0,0,0,0,0,0,0,0,57,2026-02-06 07:58:15.910102
ATMN,25.27,25.16,25.24,,2920.0,1861000.0,4380.0,,1654600.0,710.0,0,0,0,0,0,0,0,0,0,0,0,0,0,0,0,0,0,0,0,0,0,0,0,0,0,0,0,0,0,0,0,0,0,0,0,0,0,0,0,0,0,0,0,0,0,57,2026-02-06 07:58:15.910102
WNTR,24.85,24.86,24.89,770.0,4380.0,1927400.0,4380.0,5522.0,1634600.0,770.0,0,0,0,0,0,0,0,0,0,0,0,0,0,0,0,0,0,0,0,0,0,0,0,0,0,0,0,0,0,0,0,0,0,0,0,0,0,0,0,0,0,0,0,0,0,57,2026-02-06 07:58:15.910102
SPNG,24.72,24.72,24.73,2116800.0,679.0,4380.0,1709900.0,670.0,,0,0,0,0,0,0,0,0,0,0,0,0,0,0,0,0,0,0,0,0,0,0,0,0,0,0,0,0,0,0,0,0,0,0,0,0,0,0,0,0,0,0,0,0,0,0,58,2026-02-06 07:58:16.974438
SMMR,24.88,24.88,24.93,2096400.0,,1460.0,2265900.0,,4380.0,0,0,0,0,0,0,0,0,0,0,0,0,0,0,0,0,0,0,0,0,0,0,0,0,0,0,0,0,0,0,0,0,0,0,0,0,0,0,0,0,0,0,0,0,0,0,58,2026-02-06 07:58:16.974438
ATMN,25.58,25.16,25.24,1591300.0,675.0,1460.0,1871000.0,710.0,5840.0,0,0,0,0,0,0,0,0,0,0,0,0,0,0,0,0,0,0,0,0,0,0,0,0,0,0,0,0,0,0,0,0,0,0,0,0,0,0,0,0,0,0,0,0,0,0,58,2026-02-06 07:58:16.974438
WNTR,24.85,24.86,25.09,2252200.0,770.0,,2259600.0,,,0,0,0,0,0,0,0,0,0,0,0,0,0,0,0,0,0,0,0,0,0,0,0,0,0,0,0,0,0,0,0,0,0,0,0,0,0,0,0,0,0,0,0,0,0,0,58,2026-02-06 07:58:16.974438
SPNG,24.77,24.72,24.77,2116800.0,679.0,1999700.0,670.0,0,0,0,0,0,0,0,0,0,0,0,0,0,0,0,0,0,0,0,0,0,0,0,0,0,0,0,0,0,0,0,0,0,0,0,0,0,0,0,0,0,0,0,0,0,0,0,0,59,2026-02-06 07:58:18.102614
SMMR,24.89,24.87,24.89,2436100.0,,2295400.0,740.0,0,0,0,0,0,0,0,0,0,0,0,0,0,0,0,0,0,0,0,0,0,0,0,0,0,0,0,0,0,0,0,0,0,0,0,0,0,0,0,0,0,0,0,0,0,0,0,0,59,2026-02-06 07:58:18.102614
ATMN,25.58,25.31,25.55,1982500.0,710.0,1981000.0,641.0,0,0,0,0,0,0,0,0,0,0,0,0,0,0,0,0,0,0,0,0,0,0,0,0,0,0,0,0,0,0,0,0,0,0,0,0,0,0,0,0,0,0,0,0,0,0,0,0,59,2026-02-06 07:58:18.102614
WNTR,25.06,24.8,25.06,2217200.0,651.0,2284600.0,,0,0,0,0,0,0,0,0,0,0,0,0,0,0,0,0,0,0,0,0,0,0,0,0,0,0,0,0,0,0,0,0,0,0,0,0,0,0,0,0,0,0,0,0,0,0,0,0,59,2026-02-06 07:58:18.102614
SPNG,25.39,25.39,0.0,200000.0,,,,0,0,0,0,0,0,0,0,0,0,0,0,0,0,0,0,0,0,0,0,0,0,0,0,0,0,0,0,0,0,0,0,0,0,0,0,0,0,0,0,0,0,0,0,0,0,0,0,60,2026-02-06 07:58:19.183720
SMMR,24.89,25.18,0.0,200000.0,630.0,,,0,0,0,0,0,0,0,0,0,0,0,0,0,0,0,0,0,0,0,0,0,0,0,0,0,0,0,0,0,0,0,0,0,0,0,0,0,0,0,0,0,0,0,0,0,0,0,0,60,2026-02-06 07:58:19.183720
ATMN,25.73,26.19,0.0,200000.0,710.0,,,0,0,0,0,0,0,0,0,0,0,0,0,0,0,0,0,0,0,0,0,0,0,0,0,0,0,0,0,0,0,0,0,0,0,0,0,0,0,0,0,0,0,0,0,0,0,0,0,60,2026-02-06 07:58:19.183720
WNTR,24.8,23.89,24.28,934800.0,,865600.0,770.0,0,0,0,0,0,0,0,0,0,0,0,0,0,0,0,0,0,0,0,0,0,0,0,0,0,0,0,0,0,0,0,0,0,0,0,0,0,0,0,0,0,0,0,0,0,0,0,0,60,2026-02-06 07:58:19.183720
SPNG,24.52,24.37,24.52,965100.0,977600.0,447.0,,,,0,0,0,0,0,0,0,0,0,0,0,0,0,0,0,0,0,0,0,0,0,0,0,0,0,0,0,0,0,0,0,0,0,0,0,0,0,0,0,0,0,0,0,0,0,0,61,2026-02-06 07:58:20.242121
SMMR,25.2,25.18,25.2,971300.0,936000.0,740.0,740.0,,,0,0,0,0,0,0,0,0,0,0,0,0,0,0,0,0,0,0,0,0,0,0,0,0,0,0,0,0,0,0,0,0,0,0,0,0,0,0,0,0,0,0,0,0,0,0,61,2026-02-06 07:58:20.242121
ATMN,26.15,26.37,26.74,1046400.0,751300.0,,710.0,,,0,0,0,0,0,0,0,0,0,0,0,0,0,0,0,0,0,0,0,0,0,0,0,0,0,0,0,0,0,0,0,0,0,0,0,0,0,0,0,0,0,0,0,0,0,0,61,2026-02-06 07:58:20.242121
WNTR,23.89,23.89,23.91,934800.0,1083100.0,513.0,,3450.0,3450.0,0,0,0,0,0,0,0,0,0,0,0,0,0,0,0,0,0,0,0,0,0,0,0,0,0,0,0,0,0,0,0,0,0,0,0,0,0,0,0,0,0,0,0,0,0,0,61,2026-02-06 07:58:20.242121
SPNG,24.52,24.37,24.47,1279600.0,3450.0,3450.0,977600.0,316.0,,0,0,0,0,0,0,0,0,0,0,0,0,0,0,0,0,0,0,0,0,0,0,0,0,0,0,0,0,0,0,0,0,0,0,0,0,0,0,0,0,0,0,0,0,0,0,62,2026-02-06 07:58:21.297575
SMMR,25.2,25.18,25.19,1104400.0,6038.0,3450.0,1258800.0,740.0,740.0,0,0,0,0,0,0,0,0,0,0,0,0,0,0,0,0,0,0,0,0,0,0,0,0,0,0,0,0,0,0,0,0,0,0,0,0,0,0,0,0,0,0,0,0,0,0,62,2026-02-06 07:58:21.297575
ATMN,26.23,25.87,26.23,1197400.0,,3450.0,851600.0,,710.0,0,0,0,0,0,0,0,0,0,0,0,0,0,0,0,0,0,0,0,0,0,0,0,0,0,0,0,0,0,0,0,0,0,0,0,0,0,0,0,0,0,0,0,0,0,0,62,2026-02-06 07:58:21.297575
WNTR,23.89,23.69,23.76,926000.0,,6038.0,1529900.0,616.0,,0,0,0,0,0,0,0,0,0,0,0,0,0,0,0,0,0,0,0,0,0,0,0,0,0,0,0,0,0,0,0,0,0,0,0,0,0,0,0,0,0,0,0,0,0,0,62,2026-02-06 07:58:21.297575
SPNG,24.86,24.67,24.86,1387100.0,963700.0,679.0,4380.0,5248.0,,,0,0,0,0,0,0,0,0,0,0,0,0,0,0,0,0,0,0,0,0,0,0,0,0,0,0,0,0,0,0,0,0,0,0,0,0,0,0,0,0,0,0,0,0,0,63,2026-02-06 07:58:22.337308
SMMR,25.2,25.18,25.19,1228500.0,1613300.0,740.0,,100.0,1749.0,740.0,0,0,0,0,0,0,0,0,0,0,0,0,0,0,0,0,0,0,0,0,0,0,0,0,0,0,0,0,0,0,0,0,0,0,0,0,0,0,0,0,0,0,0,0,0,63,2026-02-06 07:58:22.337308
ATMN,26.48,26.11,26.16,1291300.0,955100.0,,2920.0,,100.0,710.0,0,0,0,0,0,0,0,0,0,0,0,0,0,0,0,0,0,0,0,0,0,0,0,0,0,0,0,0,0,0,0,0,0,0,0,0,0,0,0,0,0,0,0,0,0,63,2026-02-06 07:58:22.337308
WNTR,23.69,23.69,23.74,1210300.0,1529900.0,770.0,5840.0,7365.0,,,0,0,0,0,0,0,0,0,0,0,0,0,0,0,0,0,0,0,0,0,0,0,0,0,0,0,0,0,0,0,0,0,0,0,0,0,0,0,0,0,0,0,0,0,0,63,2026-02-06 07:58:22.337308
SPNG,25.6,25.49,25.57,1575600.0,100.0,2920.0,679.0,7157.0,4380.0,1084000.0,679.0,4188.0,,0,0,0,0,0,0,0,0,0,0,0,0,0,0,0,0,0,0,0,0,0,0,0,0,0,0,0,0,0,0,0,0,0,0,0,0,0,0,0,0,0,0,64,2026-02-06 07:58:23.375792
SMMR,25.18,25.18,25.19,1128500.0,11397.0,,740.0,9748.0,,1734200.0,740.0,4280.0,4280.0,0,0,0,0,0,0,0,0,0,0,0,0,0,0,0,0,0,0,0,0,0,0,0,0,0,0,0,0,0,0,0,0,0,0,0,0,0,0,0,0,0,0,64,2026-02-06 07:58:23.375792
ATMN,26.08,25.96,26.08,1408700.0,100.0,,,9316.0,4380.0,978400.0,,,,0,0,0,0,0,0,0,0,0,0,0,0,0,0,0,0,0,0,0,0,0,0,0,0,0,0,0,0,0,0,0,0,0,0,0,0,0,0,0,0,0,0,64,2026-02-06 07:58:23.375792
WNTR,23.64,23.66,23.89,1231900.0,7365.0,1460.0,,8224.0,1460.0,1421700.0,,,,0,0,0,0,0,0,0,0,0,0,0,0,0,0,0,0,0,0,0,0,0,0,0,0,0,0,0,0,0,0,0,0,0,0,0,0,0,0,0,0,0,0,64,2026-02-06 07:58:23.375792
SPNG,25.25,25.2,25.25,4380.0,100.0,1596900.0,679.0,1092400.0,5840.0,7157.0,679.0,4188.0,0,0,0,0,0,0,0,0,0,0,0,0,0,0,0,0,0,0,0,0,0,0,0,0,0,0,0,0,0,0,0,0,0,0,0,0,0,0,0,0,0,0,0,65,2026-02-06 07:58:23.922857
SMMR,25.16,25.16,25.2,,,1004400.0,740.0,1712300.0,,,740.0,,0,0,0,0,0,0,0,0,0,0,0,0,0,0,0,0,0,0,0,0,0,0,0,0,0,0,0,0,0,0,0,0,0,0,0,0,0,0,0,0,0,0,0,65,2026-02-06 07:58:23.922857
ATMN,26.08,26.0,26.07,,100.0,1604300.0,,978400.0,7300.0,9316.0,,4320.0,0,0,0,0,0,0,0,0,0,0,0,0,0,0,0,0,0,0,0,0,0,0,0,0,0,0,0,0,0,0,0,0,0,0,0,0,0,0,0,0,0,0,0,65,2026-02-06 07:58:23.922857
WNTR,23.91,23.61,23.66,1460.0,,1110900.0,,1421700.0,1460.0,,,,0,0,0,0,0,0,0,0,0,0,0,0,0,0,0,0,0,0,0,0,0,0,0,0,0,0,0,0,0,0,0,0,0,0,0,0,0,0,0,0,0,0,0,65,2026-02-06 07:58:23.922857
SPNG,25.41,25.41,25.49,1219.0,679.0,1460.0,1717200.0,1170100.0,679.0,4380.0,7157.0,2094.0,,,,0,0,0,0,0,0,0,0,0,0,0,0,0,0,0,0,0,0,0,0,0,0,0,0,0,0,0,0,0,0,0,0,0,0,0,0,0,0,0,0,66,2026-02-06 07:58:24.970770
SMMR,25.11,24.86,25.13,,,1460.0,1124500.0,1581100.0,740.0,,,,,,,0,0,0,0,0,0,0,0,0,0,0,0,0,0,0,0,0,0,0,0,0,0,0,0,0,0,0,0,0,0,0,0,0,0,0,0,0,0,0,0,66,2026-02-06 07:58:24.970770
ATMN,26.0,26.09,26.24,,,,1604300.0,945200.0,,2920.0,9316.0,4320.0,6040.0,100.0,7500.0,0,0,0,0,0,0,0,0,0,0,0,0,0,0,0,0,0,0,0,0,0,0,0,0,0,0,0,0,0,0,0,0,0,0,0,0,0,0,0,0,66,2026-02-06 07:58:24.970770
WNTR,23.66,23.67,23.87,2994.0,770.0,4380.0,1332100.0,1414200.0,,1460.0,,,5133.0,100.0,7500.0,0,0,0,0,0,0,0,0,0,0,0,0,0,0,0,0,0,0,0,0,0,0,0,0,0,0,0,0,0,0,0,0,0,0,0,0,0,0,0,0,66,2026-02-06 07:58:24.970770
SPNG,25.22,25.22,25.45,1831200.0,7500.0,2920.0,1084000.0,2094.0,,,,,,,0,0,0,0,0,0,0,0,0,0,0,0,0,0,0,0,0,0,0,0,0,0,0,0,0,0,0,0,0,0,0,0,0,0,0,0,0,0,0,0,0,67,2026-02-06 07:58:26.029488
SMMR,25.07,25.08,25.09,1479100.0,,4380.0,1581100.0,,5840.0,4280.0,100.0,740.0,2224.0,,0,0,0,0,0,0,0,0,0,0,0,0,0,0,0,0,0,0,0,0,0,0,0,0,0,0,0,0,0,0,0,0,0,0,0,0,0,0,0,0,0,67,2026-02-06 07:58:26.029488
ATMN,26.13,26.1,26.12,1604300.0,5330.0,4380.0,1147400.0,4320.0,,1123.0,8692.0,300.0,,7500.0,0,0,0,0,0,0,0,0,0,0,0,0,0,0,0,0,0,0,0,0,0,0,0,0,0,0,0,0,0,0,0,0,0,0,0,0,0,0,0,0,0,67,2026-02-06 07:58:26.029488
WNTR,23.71,23.7,23.71,1607700.0,7500.0,4380.0,1662100.0,,4380.0,2994.0,5672.0,,7563.0,5133.0,0,0,0,0,0,0,0,0,0,0,0,0,0,0,0,0,0,0,0,0,0,0,0,0,0,0,0,0,0,0,0,0,0,0,0,0,0,0,0,0,0,67,2026-02-06 07:58:26.029488
SPNG,25.22,25.24,25.42,7539.0,679.0,1941400.0,7300.0,7539.0,679.0,1173200.0,2094.0,,,,,0,0,0,0,0,0,0,0,0,0,0,0,0,0,0,0,0,0,0,0,0,0,0,0,0,0,0,0,0,0,0,0,0,0,0,0,0,0,0,0,68,2026-02-06 07:58:27.090361
SMMR,25.14,25.15,25.2,200.0,740.0,1057500.0,,,740.0,1678800.0,,8760.0,4280.0,,,0,0,0,0,0,0,0,0,0,0,0,0,0,0,0,0,0,0,0,0,0,0,0,0,0,0,0,0,0,0,0,0,0,0,0,0,0,0,0,0,68,2026-02-06 07:58:27.090361
ATMN,26.05,26.03,26.05,,,1713800.0,2920.0,100.0,710.0,1051300.0,1123.0,,2246.0,,,0,0,0,0,0,0,0,0,0,0,0,0,0,0,0,0,0,0,0,0,0,0,0,0,0,0,0,0,0,0,0,0,0,0,0,0,0,0,0,0,68,2026-02-06 07:58:27.090361
WNTR,23.71,23.66,23.71,,770.0,1631800.0,2920.0,15543.0,770.0,1564700.0,,1460.0,1497.0,4825.0,7500.0,0,0,0,0,0,0,0,0,0,0,0,0,0,0,0,0,0,0,0,0,0,0,0,0,0,0,0,0,0,0,0,0,0,0,0,0,0,0,0,0,68,2026-02-06 07:58:27.090361
SPNG,25.3,25.3,25.35,2054700.0,679.0,11680.0,4532.0,788100.0,679.0,,,,,0,0,0,0,0,0,0,0,0,0,0,0,0,0,0,0,0,0,0,0,0,0,0,0,0,0,0,0,0,0,0,0,0,0,0,0,0,0,0,0,0,0,69,2026-02-06 07:58:28.173458
SMMR,25.21,25.19,25.21,1433900.0,,,,1556600.0,,4444.0,7300.0,,,0,0,0,0,0,0,0,0,0,0,0,0,0,0,0,0,0,0,0,0,0,0,0,0,0,0,0,0,0,0,0,0,0,0,0,0,0,0,0,0,0,0,69,2026-02-06 07:58:28.173458
ATMN,26.23,26.18,26.32,1680900.0,609.0,2920.0,,1052500.0,,2246.0,2920.0,7500.0,,0,0,0,0,0,0,0,0,0,0,0,0,0,0,0,0,0,0,0,0,0,0,0,0,0,0,0,0,0,0,0,0,0,0,0,0,0,0,0,0,0,0,69,2026-02-06 07:58:28.173458
WNTR,23.71,23.67,23.71,1908800.0,770.0,,,1773400.0,770.0,1497.0,2920.0,7500.0,4825.0,0,0,0,0,0,0,0,0,0,0,0,0,0,0,0,0,0,0,0,0,0,0,0,0,0,0,0,0,0,0,0,0,0,0,0,0,0,0,0,0,0,0,69,2026-02-06 07:58:28.173458
SPNG,25.38,25.35,25.36,1460.0,1939300.0,679.0,7500.0,2920.0,1186700.0,2094.0,679.0,,,,,0,0,0,0,0,0,0,0,0,0,0,0,0,0,0,0,0,0,0,0,0,0,0,0,0,0,0,0,0,0,0,0,0,0,0,0,0,0,0,0,70,2026-02-06 07:58:29.259754
SMMR,25.24,25.18,25.24,2920.0,1791200.0,740.0,,,1426600.0,2304.0,630.0,7500.0,2140.0,5347.0,,0,0,0,0,0,0,0,0,0,0,0,0,0,0,0,0,0,0,0,0,0,0,0,0,0,0,0,0,0,0,0,0,0,0,0,0,0,0,0,0,70,2026-02-06 07:58:29.259754
ATMN,26.18,26.24,26.31,,1537100.0,,,2920.0,1260200.0,3780.0,,7500.0,,6951.0,6398.0,0,0,0,0,0,0,0,0,0,0,0,0,0,0,0,0,0,0,0,0,0,0,0,0,0,0,0,0,0,0,0,0,0,0,0,0,0,0,0,0,70,2026-02-06 07:58:29.259754
WNTR,23.71,23.68,23.7,2920.0,1533200.0,770.0,,,1653500.0,,770.0,,4091.0,8310.0,6129.0,0,0,0,0,0,0,0,0,0,0,0,0,0,0,0,0,0,0,0,0,0,0,0,0,0,0,0,0,0,0,0,0,0,0,0,0,0,0,0,0,70,2026-02-06 07:58:29.259754
SPNG,25.36,25.35,25.36,1460.0,5923.0,2438.0,1575600.0,679.0,3313.0,5840.0,12986.0,7500.0,985800.0,679.0,,0,0,0,0,0,0,0,0,0,0,0,0,0,0,0,0,0,0,0,0,0,0,0,0,0,0,0,0,0,0,0,0,0,0,0,0,0,0,0,0,71,2026-02-06 07:58:30.326677
SMMR,25.14,25.14,25.22,7500.0,,2140.0,2078600.0,740.0,2304.0,,9162.0,,1610000.0,740.0,,0,0,0,0,0,0,0,0,0,0,0,0,0,0,0,0,0,0,0,0,0,0,0,0,0,0,0,0,0,0,0,0,0,0,0,0,0,0,0,0,71,2026-02-06 07:58:30.326677
ATMN,26.24,25.82,25.96,,,,1537100.0,,3780.0,4380.0,14235.0,,1254400.0,710.0,,0,0,0,0,0,0,0,0,0,0,0,0,0,0,0,0,0,0,0,0,0,0,0,0,0,0,0,0,0,0,0,0,0,0,0,0,0,0,0,0,71,2026-02-06 07:58:30.326677
WNTR,23.9,23.91,23.92,,1742.0,1497.0,1921900.0,770.0,,1460.0,,,1525500.0,,2920.0,0,0,0,0,0,0,0,0,0,0,0,0,0,0,0,0,0,0,0,0,0,0,0,0,0,0,0,0,0,0,0,0,0,0,0,0,0,0,0,0,71,2026-02-06 07:58:30.326677
SPNG,25.37,25.36,25.37,2694.0,2438.0,1669400.0,679.0,5840.0,1186700.0,2094.0,679.0,,,,,0,0,0,0,0,0,0,0,0,0,0,0,0,0,0,0,0,0,0,0,0,0,0,0,0,0,0,0,0,0,0,0,0,0,0,0,0,0,0,0,72,2026-02-06 07:58:31.394321
SMMR,25.13,25.16,25.21,5467.0,2140.0,1929600.0,740.0,1460.0,1749900.0,4562.0,740.0,1460.0,,,,0,0,0,0,0,0,0,0,0,0,0,0,0,0,0,0,0,0,0,0,0,0,0,0,0,0,0,0,0,0,0,0,0,0,0,0,0,0,0,0,72,2026-02-06 07:58:31.394321
ATMN,25.82,26.17,26.22,375.0,1522.0,1537100.0,609.0,5840.0,1405700.0,3780.0,,,7500.0,,,0,0,0,0,0,0,0,0,0,0,0,0,0,0,0,0,0,0,0,0,0,0,0,0,0,0,0,0,0,0,0,0,0,0,0,0,0,0,0,0,72,2026-02-06 07:58:31.394321
WNTR,23.75,23.71,23.74,6303.0,,1997400.0,,5840.0,1472800.0,,651.0,2920.0,7500.0,6730.0,3346.0,0,0,0,0,0,0,0,0,0,0,0,0,0,0,0,0,0,0,0,0,0,0,0,0,0,0,0,0,0,0,0,0,0,0,0,0,0,0,0,0,72,2026-02-06 07:58:31.394321
SPNG,25.6,25.36,25.6,2694.0,482.0,2438.0,1568400.0,679.0,1186700.0,2094.0,679.0,,,,,0,0,0,0,0,0,0,0,0,0,0,0,0,0,0,0,0,0,0,0,0,0,0,0,0,0,0,0,0,0,0,0,0,0,0,0,0,0,0,0,73,2026-02-06 07:58:31.949956
SMMR,25.17,25.16,25.17,5467.0,7500.0,2140.0,1800900.0,740.0,1632800.0,4562.0,740.0,1460.0,2920.0,,,0,0,0,0,0,0,0,0,0,0,0,0,0,0,0,0,0,0,0,0,0,0,0,0,0,0,0,0,0,0,0,0,0,0,0,0,0,0,0,0,73,2026-02-06 07:58:31.949956
ATMN,26.13,25.99,26.13,,7500.0,,1651700.0,,1344900.0,4934.0,710.0,,2920.0,7500.0,,0,0,0,0,0,0,0,0,0,0,0,0,0,0,0,0,0,0,0,0,0,0,0,0,0,0,0,0,0,0,0,0,0,0,0,0,0,0,0,0,73,2026-02-06 07:58:31.949956
WNTR,23.76,23.76,23.78,6303.0,,1919.0,1609600.0,770.0,1716700.0,,770.0,5840.0,4380.0,,3346.0,0,0,0,0,0,0,0,0,0,0,0,0,0,0,0,0,0,0,0,0,0,0,0,0,0,0,0,0,0,0,0,0,0,0,0,0,0,0,0,0,73,2026-02-06 07:58:31.949956
SPNG,25.61,25.38,25.43,2920.0,7500.0,2694.0,679.0,4829.0,1269800.0,4380.0,1070900.0,,,,0,0,0,0,0,0,0,0,0,0,0,0,0,0,0,0,0,0,0,0,0,0,0,0,0,0,0,0,0,0,0,0,0,0,0,0,0,0,0,0,0,74,2026-02-06 07:58:33.007639
SMMR,25.17,25.16,25.17,1460.0,7500.0,10799.0,740.0,2140.0,1649800.0,2920.0,1488300.0,5332.0,4562.0,740.0,0,0,0,0,0,0,0,0,0,0,0,0,0,0,0,0,0,0,0,0,0,0,0,0,0,0,0,0,0,0,0,0,0,0,0,0,0,0,0,0,0,74,2026-02-06 07:58:33.007639
ATMN,26.06,26.0,26.06,2920.0,,,710.0,,1765200.0,2920.0,1615600.0,,1890.0,710.0,0,0,0,0,0,0,0,0,0,0,0,0,0,0,0,0,0,0,0,0,0,0,0,0,0,0,0,0,0,0,0,0,0,0,0,0,0,0,0,0,0,74,2026-02-06 07:58:33.007639
WNTR,23.78,23.73,23.78,4380.0,7500.0,6303.0,770.0,3838.0,1500500.0,,1932400.0,3877.0,,770.0,0,0,0,0,0,0,0,0,0,0,0,0,0,0,0,0,0,0,0,0,0,0,0,0,0,0,0,0,0,0,0,0,0,0,0,0,0,0,0,0,0,74,2026-02-06 07:58:33.007639
SPNG,25.42,25.42,25.43,7500.0,1460.0,1858300.0,8760.0,1161400.0,587.0,,,,,,0,0,0,0,0,0,0,0,0,0,0,0,0,0,0,0,0,0,0,0,0,0,0,0,0,0,0,0,0,0,0,0,0,0,0,0,0,0,0,0,0,75,2026-02-06 07:58:34.071793
SMMR,25.17,25.16,25.17,7500.0,,1512400.0,,1476700.0,740.0,10799.0,5732.0,740.0,7210.0,6449.0,0,0,0,0,0,0,0,0,0,0,0,0,0,0,0,0,0,0,0,0,0,0,0,0,0,0,0,0,0,0,0,0,0,0,0,0,0,0,0,0,0,75,2026-02-06 07:58:34.071793
ATMN,25.99,25.82,25.93,,,1650600.0,7300.0,1244400.0,710.0,,,609.0,6388.0,1890.0,0,0,0,0,0,0,0,0,0,0,0,0,0,0,0,0,0,0,0,0,0,0,0,0,0,0,0,0,0,0,0,0,0,0,0,0,0,0,0,0,0,75,2026-02-06 07:58:34.071793
WNTR,23.81,23.75,23.81,7500.0,2920.0,2024800.0,,1915500.0,,,,770.0,631.0,,0,0,0,0,0,0,0,0,0,0,0,0,0,0,0,0,0,0,0,0,0,0,0,0,0,0,0,0,0,0,0,0,0,0,0,0,0,0,0,0,0,75,2026-02-06 07:58:34.071793
SPNG,25.48,25.43,25.46,2920.0,6857.0,1660000.0,679.0,3826.0,1446200.0,4380.0,679.0,,,,,0,0,0,0,0,0,0,0,0,0,0,0,0,0,0,0,0,0,0,0,0,0,0,0,0,0,0,0,0,0,0,0,0,0,0,0,0,0,0,0,76,2026-02-06 07:58:35.125474
SMMR,25.16,25.16,25.17,,468.0,1640500.0,740.0,,1699600.0,1460.0,740.0,5732.0,7500.0,6857.0,2857.0,0,0,0,0,0,0,0,0,0,0,0,0,0,0,0,0,0,0,0,0,0,0,0,0,0,0,0,0,0,0,0,0,0,0,0,0,0,0,0,0,76,2026-02-06 07:58:35.125474
ATMN,25.91,25.91,25.92,,100.0,1982400.0,609.0,7500.0,1048400.0,7300.0,710.0,,,,4934.0,0,0,0,0,0,0,0,0,0,0,0,0,0,0,0,0,0,0,0,0,0,0,0,0,0,0,0,0,0,0,0,0,0,0,0,0,0,0,0,0,76,2026-02-06 07:58:35.125474
WNTR,23.79,23.79,23.8,5840.0,3428.0,1502600.0,770.0,,1862900.0,1460.0,770.0,1195.0,7500.0,6403.0,1195.0,0,0,0,0,0,0,0,0,0,0,0,0,0,0,0,0,0,0,0,0,0,0,0,0,0,0,0,0,0,0,0,0,0,0,0,0,0,0,0,0,76,2026-02-06 07:58:35.125474
SPNG,25.51,25.45,25.47,7361.0,6594.0,4030.0,1560500.0,587.0,7500.0,5840.0,1888.0,679.0,1240400.0,,,0,0,0,0,0,0,0,0,0,0,0,0,0,0,0,0,0,0,0,0,0,0,0,0,0,0,0,0,0,0,0,0,0,0,0,0,0,0,0,0,77,2026-02-06 07:58:36.192581
SMMR,25.26,25.21,25.26,6839.0,,5597.0,1637400.0,740.0,,,,740.0,1887400.0,,,0,0,0,0,0,0,0,0,0,0,0,0,0,0,0,0,0,0,0,0,0,0,0,0,0,0,0,0,0,0,0,0,0,0,0,0,0,0,0,0,77,2026-02-06 07:58:36.192581
ATMN,26.02,26.02,26.06,1832.0,7500.0,,1647200.0,609.0,,1460.0,,,1775600.0,1460.0,1890.0,0,0,0,0,0,0,0,0,0,0,0,0,0,0,0,0,0,0,0,0,0,0,0,0,0,0,0,0,0,0,0,0,0,0,0,0,0,0,0,0,77,2026-02-06 07:58:36.192581
WNTR,23.58,23.7,23.76,,7500.0,,2142400.0,,7500.0,1460.0,631.0,770.0,1656700.0,2920.0,2390.0,0,0,0,0,0,0,0,0,0,0,0,0,0,0,0,0,0,0,0,0,0,0,0,0,0,0,0,0,0,0,0,0,0,0,0,0,0,0,0,0,77,2026-02-06 07:58:36.192581
SPNG,25.44,25.44,25.47,1894100.0,3842.0,587.0,7500.0,2920.0,679.0,1530900.0,,,,,0,0,0,0,0,0,0,0,0,0,0,0,0,0,0,0,0,0,0,0,0,0,0,0,0,0,0,0,0,0,0,0,0,0,0,0,0,0,0,0,0,78,2026-02-06 07:58:37.258600
SMMR,25.23,25.22,25.23,1726700.0,,740.0,,4380.0,740.0,1575300.0,1460.0,7500.0,3936.0,3322.0,0,0,0,0,0,0,0,0,0,0,0,0,0,0,0,0,0,0,0,0,0,0,0,0,0,0,0,0,0,0,0,0,0,0,0,0,0,0,0,0,0,78,2026-02-06 07:58:37.258600
ATMN,26.08,26.03,26.08,1774800.0,2147.0,710.0,,,710.0,1810900.0,1460.0,7500.0,,1890.0,0,0,0,0,0,0,0,0,0,0,0,0,0,0,0,0,0,0,0,0,0,0,0,0,0,0,0,0,0,0,0,0,0,0,0,0,0,0,0,0,0,78,2026-02-06 07:58:37.258600
WNTR,23.74,23.74,23.75,2115200.0,,770.0,,1460.0,770.0,1886900.0,1460.0,,2006.0,3201.0,0,0,0,0,0,0,0,0,0,0,0,0,0,0,0,0,0,0,0,0,0,0,0,0,0,0,0,0,0,0,0,0,0,0,0,0,0,0,0,0,0,78,2026-02-06 07:58:37.258600
SPNG,25.67,25.67,25.98,1336300.0,1460.0,7500.0,4030.0,11805.0,587.0,1434200.0,,,,,,0,0,0,0,0,0,0,0,0,0,0,0,0,0,0,0,0,0,0,0,0,0,0,0,0,0,0,0,0,0,0,0,0,0,0,0,0,0,0,0,79,2026-02-06 07:58:38.327032
SMMR,25.16,25.15,25.16,1769800.0,,,5709.0,8552.0,630.0,1335700.0,7500.0,100.0,740.0,4380.0,3322.0,0,0,0,0,0,0,0,0,0,0,0,0,0,0,0,0,0,0,0,0,0,0,0,0,0,0,0,0,0,0,0,0,0,0,0,0,0,0,0,0,79,2026-02-06 07:58:38.327032
ATMN,25.91,25.91,26.07,2085300.0,,,,,,1537400.0,,,710.0,4380.0,1890.0,0,0,0,0,0,0,0,0,0,0,0,0,0,0,0,0,0,0,0,0,0,0,0,0,0,0,0,0,0,0,0,0,0,0,0,0,0,0,0,0,79,2026-02-06 07:58:38.327032
WNTR,23.78,23.78,23.8,2001500.0,2920.0,,,8847.0,770.0,2107400.0,,,770.0,,1195.0,0,0,0,0,0,0,0,0,0,0,0,0,0,0,0,0,0,0,0,0,0,0,0,0,0,0,0,0,0,0,0,0,0,0,0,0,0,0,0,0,79,2026-02-06 07:58:38.327032
SPNG,25.2,25.46,25.56,1460.0,1974800.0,2920.0,1615500.0,,,,,,,,0,0,0,0,0,0,0,0,0,0,0,0,0,0,0,0,0,0,0,0,0,0,0,0,0,0,0,0,0,0,0,0,0,0,0,0,0,0,0,0,0,80,2026-02-06 07:58:39.406898
SMMR,25.14,25.2,25.21,,2201400.0,1460.0,1687400.0,5520.0,2140.0,740.0,5428.0,1661.0,,,0,0,0,0,0,0,0,0,0,0,0,0,0,0,0,0,0,0,0,0,0,0,0,0,0,0,0,0,0,0,0,0,0,0,0,0,0,0,0,0,0,80,2026-02-06 07:58:39.406898
ATMN,26.03,25.99,26.01,,1967700.0,7300.0,1030500.0,7105.0,,710.0,100.0,3930.0,7500.0,3372.0,0,0,0,0,0,0,0,0,0,0,0,0,0,0,0,0,0,0,0,0,0,0,0,0,0,0,0,0,0,0,0,0,0,0,0,0,0,0,0,0,0,80,2026-02-06 07:58:39.406898
WNTR,23.67,23.7,23.78,1460.0,2210200.0,1460.0,1984400.0,7105.0,,,7105.0,1195.0,,,0,0,0,0,0,0,0,0,0,0,0,0,0,0,0,0,0,0,0,0,0,0,0,0,0,0,0,0,0,0,0,0,0,0,0,0,0,0,0,0,0,80,2026-02-06 07:58:39.406898
SPNG,25.34,25.28,25.33,2015.0,1851800.0,100.0,679.0,8760.0,1265400.0,,,,,0,0,0,0,0,0,0,0,0,0,0,0,0,0,0,0,0,0,0,0,0,0,0,0,0,0,0,0,0,0,0,0,0,0,0,0,0,0,0,0,0,0,81,2026-02-06 07:58:40.470112
SMMR,25.14,25.14,25.2,2140.0,2182300.0,,740.0,,1900100.0,630.0,6535.0,1661.0,,0,0,0,0,0,0,0,0,0,0,0,0,0,0,0,0,0,0,0,0,0,0,0,0,0,0,0,0,0,0,0,0,0,0,0,0,0,0,0,0,0,0,81,2026-02-06 07:58:40.470112
ATMN,25.75,25.75,26.08,,1764600.0,531.0,710.0,,1824000.0,,,1890.0,,0,0,0,0,0,0,0,0,0,0,0,0,0,0,0,0,0,0,0,0,0,0,0,0,0,0,0,0,0,0,0,0,0,0,0,0,0,0,0,0,0,0,81,2026-02-06 07:58:40.470112
WNTR,23.84,23.7,23.84,1389.0,2100000.0,,,,2292000.0,770.0,,,1460.0,0,0,0,0,0,0,0,0,0,0,0,0,0,0,0,0,0,0,0,0,0,0,0,0,0,0,0,0,0,0,0,0,0,0,0,0,0,0,0,0,0,0,81,2026-02-06 07:58:40.470112
SPNG,25.14,25.14,25.33,2067600.0,8760.0,1371200.0,,,,,,,,0,0,0,0,0,0,0,0,0,0,0,0,0,0,0,0,0,0,0,0,0,0,0,0,0,0,0,0,0,0,0,0,0,0,0,0,0,0,0,0,0,0,82,2026-02-06 07:58:41.030640
SMMR,25.19,25.19,25.2,1910500.0,,1900100.0,4255.0,2920.0,6535.0,740.0,1661.0,,,0,0,0,0,0,0,0,0,0,0,0,0,0,0,0,0,0,0,0,0,0,0,0,0,0,0,0,0,0,0,0,0,0,0,0,0,0,0,0,0,0,0,82,2026-02-06 07:58:41.030640
ATMN,25.76,25.93,25.98,1881300.0,2920.0,1761200.0,,2920.0,,,1890.0,531.0,,0,0,0,0,0,0,0,0,0,0,0,0,0,0,0,0,0,0,0,0,0,0,0,0,0,0,0,0,0,0,0,0,0,0,0,0,0,0,0,0,0,0,82,2026-02-06 07:58:41.030640
WNTR,23.84,23.58,23.84,2330000.0,,2194600.0,,,,770.0,,,770.0,0,0,0,0,0,0,0,0,0,0,0,0,0,0,0,0,0,0,0,0,0,0,0,0,0,0,0,0,0,0,0,0,0,0,0,0,0,0,0,0,0,0,82,2026-02-06 07:58:41.030640
SPNG,25.39,25.37,25.44,11311.0,1740000.0,679.0,7500.0,1734200.0,679.0,,,,,,,0,0,0,0,0,0,0,0,0,0,0,0,0,0,0,0,0,0,0,0,0,0,0,0,0,0,0,0,0,0,0,0,0,0,0,0,0,0,0,0,83,2026-02-06 07:58:42.164921
SMMR,25.19,25.18,25.19,3679.0,1773700.0,740.0,,1566500.0,740.0,2920.0,2140.0,10387.0,5891.0,,,0,0,0,0,0,0,0,0,0,0,0,0,0,0,0,0,0,0,0,0,0,0,0,0,0,0,0,0,0,0,0,0,0,0,0,0,0,0,0,0,83,2026-02-06 07:58:42.164921
ATMN,25.92,25.92,25.94,531.0,1728800.0,623.0,7500.0,935600.0,710.0,1460.0,2160.0,6631.0,4050.0,7300.0,,0,0,0,0,0,0,0,0,0,0,0,0,0,0,0,0,0,0,0,0,0,0,0,0,0,0,0,0,0,0,0,0,0,0,0,0,0,0,0,0,83,2026-02-06 07:58:42.164921
WNTR,23.84,23.7,23.75,8381.0,1976800.0,770.0,,2092700.0,,1460.0,,,,2920.0,7500.0,0,0,0,0,0,0,0,0,0,0,0,0,0,0,0,0,0,0,0,0,0,0,0,0,0,0,0,0,0,0,0,0,0,0,0,0,0,0,0,0,83,2026-02-06 07:58:42.164921
SPNG,25.52,25.47,25.48,1560400.0,4030.0,1460.0,7500.0,679.0,2015.0,1543900.0,2920.0,679.0,,,0,0,0,0,0,0,0,0,0,0,0,0,0,0,0,0,0,0,0,0,0,0,0,0,0,0,0,0,0,0,0,0,0,0,0,0,0,0,0,0,0,84,2026-02-06 07:58:43.246260
SMMR,25.26,25.18,25.26,2015400.0,2140.0,1460.0,,740.0,,2052700.0,,,,,0,0,0,0,0,0,0,0,0,0,0,0,0,0,0,0,0,0,0,0,0,0,0,0,0,0,0,0,0,0,0,0,0,0,0,0,0,0,0,0,0,84,2026-02-06 07:58:43.246260
ATMN,25.92,25.92,25.94,1881300.0,2160.0,,,623.0,4050.0,1251200.0,4380.0,710.0,7500.0,,0,0,0,0,0,0,0,0,0,0,0,0,0,0,0,0,0,0,0,0,0,0,0,0,0,0,0,0,0,0,0,0,0,0,0,0,0,0,0,0,0,84,2026-02-06 07:58:43.246260
WNTR,23.74,23.83,23.92,1500800.0,,7300.0,7500.0,770.0,,2178800.0,1460.0,,,5417.0,0,0,0,0,0,0,0,0,0,0,0,0,0,0,0,0,0,0,0,0,0,0,0,0,0,0,0,0,0,0,0,0,0,0,0,0,0,0,0,0,0,84,2026-02-06 07:58:43.246260
SPNG,25.12,25.34,25.45,1460.0,1971000.0,5840.0,1290400.0,7500.0,679.0,567.0,,,,,0,0,0,0,0,0,0,0,0,0,0,0,0,0,0,0,0,0,0,0,0,0,0,0,0,0,0,0,0,0,0,0,0,0,0,0,0,0,0,0,0,85,2026-02-06 07:58:44.306445
SMMR,25.28,25.25,25.27,4380.0,1430100.0,1460.0,1831700.0,,,2116.0,11170.0,740.0,4230.0,,0,0,0,0,0,0,0,0,0,0,0,0,0,0,0,0,0,0,0,0,0,0,0,0,0,0,0,0,0,0,0,0,0,0,0,0,0,0,0,0,0,85,2026-02-06 07:58:44.306445
ATMN,25.92,25.92,25.93,,1881300.0,,1709700.0,7500.0,609.0,,2018.0,,5160.0,2970.0,0,0,0,0,0,0,0,0,0,0,0,0,0,0,0,0,0,0,0,0,0,0,0,0,0,0,0,0,0,0,0,0,0,0,0,0,0,0,0,0,0,85,2026-02-06 07:58:44.306445
WNTR,23.81,23.79,23.8,7300.0,1849000.0,1460.0,2170500.0,,,,,,,,0,0,0,0,0,0,0,0,0,0,0,0,0,0,0,0,0,0,0,0,0,0,0,0,0,0,0,0,0,0,0,0,0,0,0,0,0,0,0,0,0,85,2026-02-06 07:58:44.306445
SPNG,25.46,25.09,25.11,2076200.0,4380.0,7500.0,1375300.0,4604.0,,,,,,,,0,0,0,0,0,0,0,0,0,0,0,0,0,0,0,0,0,0,0,0,0,0,0,0,0,0,0,0,0,0,0,0,0,0,0,0,0,0,0,0,86,2026-02-06 07:58:45.369549
SMMR,25.26,25.24,25.25,1430100.0,2920.0,,1920300.0,2116.0,740.0,7500.0,6370.0,4972.0,2920.0,,,0,0,0,0,0,0,0,0,0,0,0,0,0,0,0,0,0,0,0,0,0,0,0,0,0,0,0,0,0,0,0,0,0,0,0,0,0,0,0,0,86,2026-02-06 07:58:45.369549
ATMN,25.75,25.75,25.87,1881100.0,2920.0,,1279300.0,6494.0,,,,6030.0,,609.0,7050.0,0,0,0,0,0,0,0,0,0,0,0,0,0,0,0,0,0,0,0,0,0,0,0,0,0,0,0,0,0,0,0,0,0,0,0,0,0,0,0,0,86,2026-02-06 07:58:45.369549
WNTR,23.85,23.86,23.89,1623800.0,,7500.0,2215200.0,,,,3066.0,5044.0,5840.0,,,0,0,0,0,0,0,0,0,0,0,0,0,0,0,0,0,0,0,0,0,0,0,0,0,0,0,0,0,0,0,0,0,0,0,0,0,0,0,0,0,86,2026-02-06 07:58:45.369549
SPNG,25.36,25.37,25.41,9363.0,4380.0,679.0,4030.0,1358300.0,4380.0,556.0,7500.0,1326500.0,587.0,,,0,0,0,0,0,0,0,0,0,0,0,0,0,0,0,0,0,0,0,0,0,0,0,0,0,0,0,0,0,0,0,0,0,0,0,0,0,0,0,0,87,2026-02-06 07:58:46.437319
SMMR,25.17,25.24,25.25,,,740.0,4300.0,1786200.0,2920.0,,7500.0,1816400.0,740.0,7500.0,,0,0,0,0,0,0,0,0,0,0,0,0,0,0,0,0,0,0,0,0,0,0,0,0,0,0,0,0,0,0,0,0,0,0,0,0,0,0,0,0,87,2026-02-06 07:58:46.437319
ATMN,25.75,25.75,25.86,,,623.0,,1881100.0,8760.0,,,964700.0,710.0,,7050.0,0,0,0,0,0,0,0,0,0,0,0,0,0,0,0,0,0,0,0,0,0,0,0,0,0,0,0,0,0,0,0,0,0,0,0,0,0,0,0,0,87,2026-02-06 07:58:46.437319
WNTR,23.67,23.6,23.67,,4380.0,,,2076600.0,,,7500.0,2260100.0,,,,0,0,0,0,0,0,0,0,0,0,0,0,0,0,0,0,0,0,0,0,0,0,0,0,0,0,0,0,0,0,0,0,0,0,0,0,0,0,0,0,87,2026-02-06 07:58:46.437319
SPNG,25.37,25.52,25.55,5840.0,9363.0,4030.0,1358300.0,1460.0,7500.0,1719400.0,,,,,0,0,0,0,0,0,0,0,0,0,0,0,0,0,0,0,0,0,0,0,0,0,0,0,0,0,0,0,0,0,0,0,0,0,0,0,0,0,0,0,0,88,2026-02-06 07:58:47.502820
SMMR,25.12,25.14,25.22,,,2140.0,2255900.0,1460.0,,1791400.0,11891.0,740.0,,,0,0,0,0,0,0,0,0,0,0,0,0,0,0,0,0,0,0,0,0,0,0,0,0,0,0,0,0,0,0,0,0,0,0,0,0,0,0,0,0,0,88,2026-02-06 07:58:47.502820
ATMN,25.78,25.78,25.83,2920.0,5904.0,,1629900.0,,,1985100.0,,,101.0,1890.0,0,0,0,0,0,0,0,0,0,0,0,0,0,0,0,0,0,0,0,0,0,0,0,0,0,0,0,0,0,0,0,0,0,0,0,0,0,0,0,0,0,88,2026-02-06 07:58:47.502820
WNTR,23.68,23.68,23.79,2920.0,6046.0,1575.0,1970400.0,,,2343500.0,,,,,0,0,0,0,0,0,0,0,0,0,0,0,0,0,0,0,0,0,0,0,0,0,0,0,0,0,0,0,0,0,0,0,0,0,0,0,0,0,0,0,0,88,2026-02-06 07:58:47.502820
SPNG,25.17,25.09,25.15,2098500.0,1372700.0,7500.0,2674.0,2920.0,394.0,,,,,,0,0,0,0,0,0,0,0,0,0,0,0,0,0,0,0,0,0,0,0,0,0,0,0,0,0,0,0,0,0,0,0,0,0,0,0,0,0,0,0,0,89,2026-02-06 07:58:48.068378
SMMR,25.18,25.2,25.21,2285300.0,1696900.0,7500.0,,2920.0,11891.0,2140.0,,,,,0,0,0,0,0,0,0,0,0,0,0,0,0,0,0,0,0,0,0,0,0,0,0,0,0,0,0,0,0,0,0,0,0,0,0,0,0,0,0,0,0,89,2026-02-06 07:58:48.068378
ATMN,25.98,25.85,25.86,1417800.0,1756100.0,7500.0,1890.0,1460.0,,,7500.0,4380.0,710.0,5904.0,0,0,0,0,0,0,0,0,0,0,0,0,0,0,0,0,0,0,0,0,0,0,0,0,0,0,0,0,0,0,0,0,0,0,0,0,0,0,0,0,0,89,2026-02-06 07:58:48.068378
WNTR,23.89,23.89,23.91,1866500.0,2343500.0,,,,,1575.0,7500.0,2920.0,,6046.0,0,0,0,0,0,0,0,0,0,0,0,0,0,0,0,0,0,0,0,0,0,0,0,0,0,0,0,0,0,0,0,0,0,0,0,0,0,0,0,0,0,89,2026-02-06 07:58:48.068378
SPNG,25.56,25.56,25.58,1899000.0,6040.0,5345.0,4380.0,2674.0,394.0,1344700.0,,,,,,0,0,0,0,0,0,0,0,0,0,0,0,0,0,0,0,0,0,0,0,0,0,0,0,0,0,0,0,0,0,0,0,0,0,0,0,0,0,0,0,90,2026-02-06 07:58:49.139110
SMMR,25.08,25.19,25.21,1911700.0,,,4380.0,3990.0,11891.0,1242900.0,4135.0,740.0,1460.0,7500.0,740.0,0,0,0,0,0,0,0,0,0,0,0,0,0,0,0,0,0,0,0,0,0,0,0,0,0,0,0,0,0,0,0,0,0,0,0,0,0,0,0,0,90,2026-02-06 07:58:49.139110
ATMN,25.91,25.91,25.96,1133700.0,7500.0,11249.0,2920.0,1890.0,,1670500.0,4138.0,710.0,2920.0,,694.0,0,0,0,0,0,0,0,0,0,0,0,0,0,0,0,0,0,0,0,0,0,0,0,0,0,0,0,0,0,0,0,0,0,0,0,0,0,0,0,0,90,2026-02-06 07:58:49.139110
WNTR,23.89,23.89,23.9,1605500.0,,11391.0,1460.0,,1336.0,2042500.0,1575.0,770.0,4380.0,,770.0,0,0,0,0,0,0,0,0,0,0,0,0,0,0,0,0,0,0,0,0,0,0,0,0,0,0,0,0,0,0,0,0,0,0,0,0,0,0,0,0,90,2026-02-06 07:58:49.139110
SPNG,25.21,25.09,25.21,6599.0,2004800.0,1091000.0,1460.0,7300.0,1421.0,2674.0,,,,0,0,0,0,0,0,0,0,0,0,0,0,0,0,0,0,0,0,0,0,0,0,0,0,0,0,0,0,0,0,0,0,0,0,0,0,0,0,0,0,0,0,91,2026-02-06 07:58:50.337970
SMMR,25.2,25.11,25.15,7087.0,1928200.0,1481000.0,,4380.0,100.0,3990.0,2920.0,2140.0,740.0,0,0,0,0,0,0,0,0,0,0,0,0,0,0,0,0,0,0,0,0,0,0,0,0,0,0,0,0,0,0,0,0,0,0,0,0,0,0,0,0,0,0,91,2026-02-06 07:58:50.337970
ATMN,25.91,25.84,25.87,,2096700.0,1520400.0,,4380.0,535.0,1890.0,,4138.0,694.0,0,0,0,0,0,0,0,0,0,0,0,0,0,0,0,0,0,0,0,0,0,0,0,0,0,0,0,0,0,0,0,0,0,0,0,0,0,0,0,0,0,0,91,2026-02-06 07:58:50.337970
WNTR,23.67,23.63,23.66,7332.0,2160300.0,1691800.0,,1460.0,7432.0,3130.0,1460.0,,770.0,0,0,0,0,0,0,0,0,0,0,0,0,0,0,0,0,0,0,0,0,0,0,0,0,0,0,0,0,0,0,0,0,0,0,0,0,0,0,0,0,0,0,91,2026-02-06 07:58:50.337970
SPNG,25.21,25.25,25.41,2040600.0,6599.0,7500.0,5049.0,7300.0,986400.0,1421.0,,,0,0,0,0,0,0,0,0,0,0,0,0,0,0,0,0,0,0,0,0,0,0,0,0,0,0,0,0,0,0,0,0,0,0,0,0,0,0,0,0,0,0,0,92,2026-02-06 07:58:51.394350
SMMR,25.18,25.17,25.18,1677400.0,7087.0,,3075.0,4380.0,1588300.0,100.0,4300.0,2920.0,0,0,0,0,0,0,0,0,0,0,0,0,0,0,0,0,0,0,0,0,0,0,0,0,0,0,0,0,0,0,0,0,0,0,0,0,0,0,0,0,0,0,0,92,2026-02-06 07:58:51.394350
ATMN,25.7,25.73,25.87,1772400.0,5492.0,,1890.0,4380.0,1520400.0,7378.0,,,0,0,0,0,0,0,0,0,0,0,0,0,0,0,0,0,0,0,0,0,0,0,0,0,0,0,0,0,0,0,0,0,0,0,0,0,0,0,0,0,0,0,0,92,2026-02-06 07:58:51.394350
WNTR,23.78,23.63,23.69,2160300.0,7332.0,,3130.0,1460.0,1804600.0,1818.0,,1460.0,0,0,0,0,0,0,0,0,0,0,0,0,0,0,0,0,0,0,0,0,0,0,0,0,0,0,0,0,0,0,0,0,0,0,0,0,0,0,0,0,0,0,0,92,2026-02-06 07:58:51.394350
SPNG,25.63,25.25,25.48,2131400.0,7500.0,1814200.0,,,,,,,,,0,0,0,0,0,0,0,0,0,0,0,0,0,0,0,0,0,0,0,0,0,0,0,0,0,0,0,0,0,0,0,0,0,0,0,0,0,0,0,0,0,93,2026-02-06 07:58:52.509671
SMMR,25.15,25.16,25.17,1548200.0,,1353700.0,6363.0,740.0,4300.0,2920.0,6363.0,4155.0,4380.0,740.0,0,0,0,0,0,0,0,0,0,0,0,0,0,0,0,0,0,0,0,0,0,0,0,0,0,0,0,0,0,0,0,0,0,0,0,0,0,0,0,0,0,93,2026-02-06 07:58:52.509671
ATMN,25.83,25.7,25.83,1891800.0,,1556800.0,,,,,4772.0,2514.0,4380.0,,0,0,0,0,0,0,0,0,0,0,0,0,0,0,0,0,0,0,0,0,0,0,0,0,0,0,0,0,0,0,0,0,0,0,0,0,0,0,0,0,0,93,2026-02-06 07:58:52.509671
WNTR,23.8,23.82,23.9,2150000.0,,1904700.0,,770.0,,1460.0,,3130.0,1460.0,770.0,0,0,0,0,0,0,0,0,0,0,0,0,0,0,0,0,0,0,0,0,0,0,0,0,0,0,0,0,0,0,0,0,0,0,0,0,0,0,0,0,0,93,2026-02-06 07:58:52.509671
SPNG,25.53,25.5,25.53,7500.0,1930000.0,666.0,1302.0,1460.0,7500.0,1598100.0,,,,,,0,0,0,0,0,0,0,0,0,0,0,0,0,0,0,0,0,0,0,0,0,0,0,0,0,0,0,0,0,0,0,0,0,0,0,0,0,0,0,0,94,2026-02-06 07:58:53.066668
SMMR,25.15,25.16,25.17,,1806100.0,740.0,6363.0,,,1694200.0,6363.0,4300.0,4155.0,740.0,,0,0,0,0,0,0,0,0,0,0,0,0,0,0,0,0,0,0,0,0,0,0,0,0,0,0,0,0,0,0,0,0,0,0,0,0,0,0,0,0,94,2026-02-06 07:58:53.066668
ATMN,25.68,25.69,25.82,,1775300.0,,4772.0,1460.0,,1658100.0,,,4404.0,,1460.0,0,0,0,0,0,0,0,0,0,0,0,0,0,0,0,0,0,0,0,0,0,0,0,0,0,0,0,0,0,0,0,0,0,0,0,0,0,0,0,0,94,2026-02-06 07:58:53.066668
WNTR,23.82,23.82,23.84,7500.0,1816600.0,770.0,,1460.0,,2010500.0,100.0,4006.0,1565.0,770.0,,0,0,0,0,0,0,0,0,0,0,0,0,0,0,0,0,0,0,0,0,0,0,0,0,0,0,0,0,0,0,0,0,0,0,0,0,0,0,0,0,94,2026-02-06 07:58:53.066668
SPNG,25.71,25.71,25.79,1735200.0,1460.0,4284.0,666.0,1918000.0,,,,,,0,0,0,0,0,0,0,0,0,0,0,0,0,0,0,0,0,0,0,0,0,0,0,0,0,0,0,0,0,0,0,0,0,0,0,0,0,0,0,0,0,0,95,2026-02-06 07:58:54.109726
SMMR,25.17,25.15,25.17,2149700.0,,3220.0,,1673800.0,100.0,4155.0,740.0,,,0,0,0,0,0,0,0,0,0,0,0,0,0,0,0,0,0,0,0,0,0,0,0,0,0,0,0,0,0,0,0,0,0,0,0,0,0,0,0,0,0,0,95,2026-02-06 07:58:54.109726
ATMN,25.83,25.72,25.78,1467700.0,7300.0,,623.0,1451600.0,4772.0,2514.0,710.0,6077.0,4380.0,0,0,0,0,0,0,0,0,0,0,0,0,0,0,0,0,0,0,0,0,0,0,0,0,0,0,0,0,0,0,0,0,0,0,0,0,0,0,0,0,0,0,95,2026-02-06 07:58:54.109726
WNTR,23.9,23.8,23.9,1913900.0,1460.0,4006.0,,2134900.0,,1565.0,770.0,100.0,,0,0,0,0,0,0,0,0,0,0,0,0,0,0,0,0,0,0,0,0,0,0,0,0,0,0,0,0,0,0,0,0,0,0,0,0,0,0,0,0,0,0,95,2026-02-06 07:58:54.109726
SPNG,25.59,25.6,25.64,4380.0,1524400.0,7500.0,2142.0,666.0,1460.0,2343.0,679.0,1615700.0,,0,0,0,0,0,0,0,0,0,0,0,0,0,0,0,0,0,0,0,0,0,0,0,0,0,0,0,0,0,0,0,0,0,0,0,0,0,0,0,0,0,0,96,2026-02-06 07:58:55.159381
SMMR,25.07,25.07,25.16,,2341300.0,,2140.0,,,,740.0,1688600.0,5235.0,0,0,0,0,0,0,0,0,0,0,0,0,0,0,0,0,0,0,0,0,0,0,0,0,0,0,0,0,0,0,0,0,0,0,0,0,0,0,0,0,0,0,96,2026-02-06 07:58:55.159381
ATMN,25.93,25.74,25.93,10220.0,1282700.0,,,710.0,,,593.0,1921300.0,1890.0,0,0,0,0,0,0,0,0,0,0,0,0,0,0,0,0,0,0,0,0,0,0,0,0,0,0,0,0,0,0,0,0,0,0,0,0,0,0,0,0,0,0,96,2026-02-06 07:58:55.159381
WNTR,23.9,23.8,23.85,2920.0,1813800.0,,4006.0,651.0,1460.0,,770.0,1966700.0,1565.0,0,0,0,0,0,0,0,0,0,0,0,0,0,0,0,0,0,0,0,0,0,0,0,0,0,0,0,0,0,0,0,0,0,0,0,0,0,0,0,0,0,0,96,2026-02-06 07:58:55.159381
SPNG,25.12,25.55,25.6,1460.0,2019700.0,5840.0,5645.0,679.0,1362700.0,,,,,,,0,0,0,0,0,0,0,0,0,0,0,0,0,0,0,0,0,0,0,0,0,0,0,0,0,0,0,0,0,0,0,0,0,0,0,0,0,0,0,0,97,2026-02-06 07:58:56.217767
SMMR,25.18,25.1,25.17,2920.0,1809500.0,,,,2019100.0,5246.0,2140.0,630.0,7500.0,1995.0,,0,0,0,0,0,0,0,0,0,0,0,0,0,0,0,0,0,0,0,0,0,0,0,0,0,0,0,0,0,0,0,0,0,0,0,0,0,0,0,0,97,2026-02-06 07:58:56.217767
ATMN,25.8,25.8,25.81,1460.0,1646400.0,,591.0,694.0,1701600.0,,2932.0,710.0,7500.0,1890.0,7500.0,0,0,0,0,0,0,0,0,0,0,0,0,0,0,0,0,0,0,0,0,0,0,0,0,0,0,0,0,0,0,0,0,0,0,0,0,0,0,0,0,97,2026-02-06 07:58:56.217767
WNTR,23.9,23.82,23.84,4380.0,1418100.0,,,770.0,2109300.0,5246.0,3358.0,651.0,,1565.0,7500.0,0,0,0,0,0,0,0,0,0,0,0,0,0,0,0,0,0,0,0,0,0,0,0,0,0,0,0,0,0,0,0,0,0,0,0,0,0,0,0,0,97,2026-02-06 07:58:56.217767
SPNG,25.5,25.13,25.24,1460.0,2008500.0,911100.0,8760.0,679.0,12936.0,4284.0,,,,,,0,0,0,0,0,0,0,0,0,0,0,0,0,0,0,0,0,0,0,0,0,0,0,0,0,0,0,0,0,0,0,0,0,0,0,0,0,0,0,0,98,2026-02-06 07:58:57.265071
SMMR,25.08,25.07,25.08,,2212000.0,1710800.0,1460.0,740.0,6216.0,1995.0,740.0,2140.0,7500.0,,,0,0,0,0,0,0,0,0,0,0,0,0,0,0,0,0,0,0,0,0,0,0,0,0,0,0,0,0,0,0,0,0,0,0,0,0,0,0,0,0,98,2026-02-06 07:58:57.265071
ATMN,26.0,25.85,25.98,1460.0,1374100.0,1865300.0,,,1068.0,1890.0,710.0,2932.0,,11340.0,7500.0,0,0,0,0,0,0,0,0,0,0,0,0,0,0,0,0,0,0,0,0,0,0,0,0,0,0,0,0,0,0,0,0,0,0,0,0,0,0,0,0,98,2026-02-06 07:58:57.265071
WNTR,23.78,23.76,23.78,4380.0,2026400.0,1573200.0,1460.0,770.0,4680.0,4275.0,,,7500.0,,,0,0,0,0,0,0,0,0,0,0,0,0,0,0,0,0,0,0,0,0,0,0,0,0,0,0,0,0,0,0,0,0,0,0,0,0,0,0,0,0,98,2026-02-06 07:58:57.265071
SPNG,25.48,25.49,25.52,2920.0,1795700.0,669.0,5840.0,4284.0,1274500.0,679.0,,,,0,0,0,0,0,0,0,0,0,0,0,0,0,0,0,0,0,0,0,0,0,0,0,0,0,0,0,0,0,0,0,0,0,0,0,0,0,0,0,0,0,0,99,2026-02-06 07:58:58.354458
SMMR,25.11,25.14,25.15,,1919700.0,740.0,1460.0,1995.0,1802000.0,740.0,4300.0,7500.0,,0,0,0,0,0,0,0,0,0,0,0,0,0,0,0,0,0,0,0,0,0,0,0,0,0,0,0,0,0,0,0,0,0,0,0,0,0,0,0,0,0,0,99,2026-02-06 07:58:58.354458
ATMN,25.8,25.96,25.97,1460.0,1863900.0,,5840.0,1890.0,1601700.0,,3012.0,,,0,0,0,0,0,0,0,0,0,0,0,0,0,0,0,0,0,0,0,0,0,0,0,0,0,0,0,0,0,0,0,0,0,0,0,0,0,0,0,0,0,0,99,2026-02-06 07:58:58.354458
WNTR,23.89,23.8,23.84,7300.0,1671800.0,,,1565.0,2093800.0,,,7500.0,7500.0,0,0,0,0,0,0,0,0,0,0,0,0,0,0,0,0,0,0,0,0,0,0,0,0,0,0,0,0,0,0,0,0,0,0,0,0,0,0,0,0,0,0,99,2026-02-06 07:58:58.354458
SPNG,25.11,25.27,25.31,669.0,2020700.0,1362000.0,4380.0,4284.0,679.0,,,,,,0,0,0,0,0,0,0,0,0,0,0,0,0,0,0,0,0,0,0,0,0,0,0,0,0,0,0,0,0,0,0,0,0,0,0,0,0,0,0,0,0,100,2026-02-06 07:58:59.419337
SMMR,25.11,25.14,25.15,740.0,1800700.0,1797200.0,,1995.0,740.0,3907.0,4300.0,100.0,7500.0,,0,0,0,0,0,0,0,0,0,0,0,0,0,0,0,0,0,0,0,0,0,0,0,0,0,0,0,0,0,0,0,0,0,0,0,0,0,0,0,0,0,100,2026-02-06 07:58:59.419337
ATMN,25.72,25.71,25.72,,2202000.0,1405500.0,4380.0,4982.0,710.0,,1466.0,,,,0,0,0,0,0,0,0,0,0,0,0,0,0,0,0,0,0,0,0,0,0,0,0,0,0,0,0,0,0,0,0,0,0,0,0,0,0,0,0,0,0,100,2026-02-06 07:58:59.419337
WNTR,23.75,23.8,23.81,,2185100.0,1789700.0,,3398.0,651.0,4988.0,,100.0,7500.0,1460.0,0,0,0,0,0,0,0,0,0,0,0,0,0,0,0,0,0,0,0,0,0,0,0,0,0,0,0,0,0,0,0,0,0,0,0,0,0,0,0,0,0,100,2026-02-06 07:58:59.419337
SPNG,25.3,25.22,25.29,1460.0,4772.0,2298.0,1498700.0,670.0,2920.0,1468400.0,679.0,7500.0,2142.0,,,0,0,0,0,0,0,0,0,0,0,0,0,0,0,0,0,0,0,0,0,0,0,0,0,0,0,0,0,0,0,0,0,0,0,0,0,0,0,0,0,101,2026-02-06 07:59:00.492072
SMMR,25.15,25.15,25.16,,17732.0,6332.0,1447900.0,740.0,1460.0,1781000.0,740.0,,1995.0,281.0,,0,0,0,0,0,0,0,0,0,0,0,0,0,0,0,0,0,0,0,0,0,0,0,0,0,0,0,0,0,0,0,0,0,0,0,0,0,0,0,0,101,2026-02-06 07:59:00.492072
ATMN,25.94,25.95,25.97,4380.0,9394.0,1466.0,1398000.0,,4380.0,1412300.0,,,4982.0,5397.0,7500.0,0,0,0,0,0,0,0,0,0,0,0,0,0,0,0,0,0,0,0,0,0,0,0,0,0,0,0,0,0,0,0,0,0,0,0,0,0,0,0,0,101,2026-02-06 07:59:00.492072
WNTR,23.87,23.73,23.81,2920.0,,,2161600.0,,1460.0,1995800.0,770.0,,1565.0,,,0,0,0,0,0,0,0,0,0,0,0,0,0,0,0,0,0,0,0,0,0,0,0,0,0,0,0,0,0,0,0,0,0,0,0,0,0,0,0,0,101,2026-02-06 07:59:00.492072
SPNG,25.28,25.31,25.5,1162600.0,4522.0,7300.0,679.0,2298.0,2920.0,1570900.0,597.0,2142.0,,,0,0,0,0,0,0,0,0,0,0,0,0,0,0,0,0,0,0,0,0,0,0,0,0,0,0,0,0,0,0,0,0,0,0,0,0,0,0,0,0,0,102,2026-02-06 07:59:01.550078
SMMR,25.15,25.14,25.16,1779700.0,,,740.0,6332.0,,2001300.0,740.0,1995.0,,,0,0,0,0,0,0,0,0,0,0,0,0,0,0,0,0,0,0,0,0,0,0,0,0,0,0,0,0,0,0,0,0,0,0,0,0,0,0,0,0,0,102,2026-02-06 07:59:01.550078
ATMN,25.94,25.95,25.96,1263700.0,4353.0,2920.0,707.0,5528.0,2920.0,1412300.0,,7498.0,7500.0,4353.0,0,0,0,0,0,0,0,0,0,0,0,0,0,0,0,0,0,0,0,0,0,0,0,0,0,0,0,0,0,0,0,0,0,0,0,0,0,0,0,0,0,102,2026-02-06 07:59:01.550078
WNTR,23.91,23.78,23.88,1708100.0,,5840.0,651.0,2044.0,,2207700.0,,1565.0,,,0,0,0,0,0,0,0,0,0,0,0,0,0,0,0,0,0,0,0,0,0,0,0,0,0,0,0,0,0,0,0,0,0,0,0,0,0,0,0,0,0,102,2026-02-06 07:59:01.550078
SPNG,25.64,25.41,25.61,13140.0,9540.0,679.0,535400.0,4551.0,515.0,1460.0,1698500.0,500.0,,,0,0,0,0,0,0,0,0,0,0,0,0,0,0,0,0,0,0,0,0,0,0,0,0,0,0,0,0,0,0,0,0,0,0,0,0,0,0,0,0,0,103,2026-02-06 07:59:02.610865
SMMR,25.2,25.13,25.15,,,740.0,1822100.0,6332.0,740.0,1460.0,1917300.0,,1995.0,,0,0,0,0,0,0,0,0,0,0,0,0,0,0,0,0,0,0,0,0,0,0,0,0,0,0,0,0,0,0,0,0,0,0,0,0,0,0,0,0,0,103,2026-02-06 07:59:02.610865
ATMN,25.94,25.84,25.93,1460.0,,707.0,1737100.0,1466.0,710.0,1460.0,1827700.0,,1890.0,7500.0,0,0,0,0,0,0,0,0,0,0,0,0,0,0,0,0,0,0,0,0,0,0,0,0,0,0,0,0,0,0,0,0,0,0,0,0,0,0,0,0,0,103,2026-02-06 07:59:02.610865
WNTR,23.84,23.83,23.84,2920.0,,770.0,2068000.0,,770.0,1460.0,1736500.0,4324.0,1565.0,,0,0,0,0,0,0,0,0,0,0,0,0,0,0,0,0,0,0,0,0,0,0,0,0,0,0,0,0,0,0,0,0,0,0,0,0,0,0,0,0,0,103,2026-02-06 07:59:02.610865
SPNG,25.46,25.47,25.51,8760.0,679.0,7500.0,9540.0,731400.0,4551.0,1701.0,4380.0,1413000.0,500.0,515.0,,0,0,0,0,0,0,0,0,0,0,0,0,0,0,0,0,0,0,0,0,0,0,0,0,0,0,0,0,0,0,0,0,0,0,0,0,0,0,0,0,104,2026-02-06 07:59:03.173263
SMMR,25.2,25.15,25.2,2920.0,740.0,,4786.0,1464400.0,6792.0,,,2153700.0,,,1995.0,0,0,0,0,0,0,0,0,0,0,0,0,0,0,0,0,0,0,0,0,0,0,0,0,0,0,0,0,0,0,0,0,0,0,0,0,0,0,0,0,104,2026-02-06 07:59:03.173263
ATMN,26.0,26.01,26.03,2920.0,707.0,7500.0,,1608100.0,1466.0,,,1878000.0,957.0,,1890.0,0,0,0,0,0,0,0,0,0,0,0,0,0,0,0,0,0,0,0,0,0,0,0,0,0,0,0,0,0,0,0,0,0,0,0,0,0,0,0,0,104,2026-02-06 07:59:03.173263
WNTR,23.83,23.71,23.74,1460.0,,,,2287900.0,,,1460.0,1758700.0,4324.0,770.0,1565.0,0,0,0,0,0,0,0,0,0,0,0,0,0,0,0,0,0,0,0,0,0,0,0,0,0,0,0,0,0,0,0,0,0,0,0,0,0,0,0,0,104,2026-02-06 07:59:03.173263
SPNG,25.13,25.36,25.42,2020800.0,528.0,1147000.0,5840.0,7500.0,930.0,,,,,,,0,0,0,0,0,0,0,0,0,0,0,0,0,0,0,0,0,0,0,0,0,0,0,0,0,0,0,0,0,0,0,0,0,0,0,0,0,0,0,0,105,2026-02-06 07:59:04.269858
SMMR,25.17,25.14,25.16,1603300.0,740.0,1479200.0,4380.0,5552.0,476.0,4380.0,7500.0,3220.0,1995.0,740.0,,0,0,0,0,0,0,0,0,0,0,0,0,0,0,0,0,0,0,0,0,0,0,0,0,0,0,0,0,0,0,0,0,0,0,0,0,0,0,0,0,105,2026-02-06 07:59:04.269858
ATMN,25.93,25.93,26.12,1356400.0,,1847200.0,1460.0,,,4380.0,7500.0,5528.0,1890.0,,,0,0,0,0,0,0,0,0,0,0,0,0,0,0,0,0,0,0,0,0,0,0,0,0,0,0,0,0,0,0,0,0,0,0,0,0,0,0,0,0,105,2026-02-06 07:59:04.269858
WNTR,23.84,23.77,23.83,1938700.0,770.0,1532600.0,2920.0,7500.0,4324.0,2920.0,,,1565.0,770.0,4176.0,0,0,0,0,0,0,0,0,0,0,0,0,0,0,0,0,0,0,0,0,0,0,0,0,0,0,0,0,0,0,0,0,0,0,0,0,0,0,0,0,105,2026-02-06 07:59:04.269858
SPNG,25.42,25.37,25.38,1460.0,1743800.0,3878.0,679.0,3878.0,2920.0,7500.0,1533300.0,,,0,0,0,0,0,0,0,0,0,0,0,0,0,0,0,0,0,0,0,0,0,0,0,0,0,0,0,0,0,0,0,0,0,0,0,0,0,0,0,0,0,0,106,2026-02-06 07:59:05.361666
SMMR,25.13,25.15,25.16,2920.0,1734300.0,3220.0,740.0,,2920.0,5272.0,1773000.0,7500.0,740.0,0,0,0,0,0,0,0,0,0,0,0,0,0,0,0,0,0,0,0,0,0,0,0,0,0,0,0,0,0,0,0,0,0,0,0,0,0,0,0,0,0,0,106,2026-02-06 07:59:05.361666
ATMN,25.8,26.01,26.09,1460.0,1829000.0,1466.0,710.0,1890.0,4380.0,,1689000.0,,,0,0,0,0,0,0,0,0,0,0,0,0,0,0,0,0,0,0,0,0,0,0,0,0,0,0,0,0,0,0,0,0,0,0,0,0,0,0,0,0,0,0,106,2026-02-06 07:59:05.361666
WNTR,23.86,23.87,23.9,2920.0,1710600.0,2690.0,770.0,1565.0,2920.0,,1847000.0,7500.0,770.0,0,0,0,0,0,0,0,0,0,0,0,0,0,0,0,0,0,0,0,0,0,0,0,0,0,0,0,0,0,0,0,0,0,0,0,0,0,0,0,0,0,0,106,2026-02-06 07:59:05.361666
SPNG,25.55,25.55,25.64,1375800.0,4380.0,7500.0,3878.0,679.0,1911300.0,607.0,,,,,0,0,0,0,0,0,0,0,0,0,0,0,0,0,0,0,0,0,0,0,0,0,0,0,0,0,0,0,0,0,0,0,0,0,0,0,0,0,0,0,0,107,2026-02-06 07:59:06.434613
SMMR,25.19,25.19,25.2,1722700.0,,7500.0,7042.0,740.0,2029500.0,740.0,1460.0,,,,0,0,0,0,0,0,0,0,0,0,0,0,0,0,0,0,0,0,0,0,0,0,0,0,0,0,0,0,0,0,0,0,0,0,0,0,0,0,0,0,0,107,2026-02-06 07:59:06.434613
ATMN,26.1,25.88,25.91,1484000.0,2920.0,2170.0,3626.0,,1689000.0,610.0,1460.0,7500.0,1890.0,,0,0,0,0,0,0,0,0,0,0,0,0,0,0,0,0,0,0,0,0,0,0,0,0,0,0,0,0,0,0,0,0,0,0,0,0,0,0,0,0,0,107,2026-02-06 07:59:06.434613
WNTR,23.7,23.83,23.93,2052100.0,1460.0,7500.0,,,2070900.0,770.0,1460.0,,,1549.0,0,0,0,0,0,0,0,0,0,0,0,0,0,0,0,0,0,0,0,0,0,0,0,0,0,0,0,0,0,0,0,0,0,0,0,0,0,0,0,0,0,107,2026-02-06 07:59:06.434613
SPNG,25.4,25.19,25.3,658.0,1460.0,1909800.0,1627300.0,7500.0,2920.0,607.0,,,,0,0,0,0,0,0,0,0,0,0,0,0,0,0,0,0,0,0,0,0,0,0,0,0,0,0,0,0,0,0,0,0,0,0,0,0,0,0,0,0,0,0,108,2026-02-06 07:59:07.562245
SMMR,25.11,25.07,25.11,,,2167400.0,2034900.0,,1460.0,740.0,3220.0,,,0,0,0,0,0,0,0,0,0,0,0,0,0,0,0,0,0,0,0,0,0,0,0,0,0,0,0,0,0,0,0,0,0,0,0,0,0,0,0,0,0,0,108,2026-02-06 07:59:07.562245
ATMN,25.79,25.73,25.79,,2920.0,1822700.0,1608900.0,,4380.0,710.0,1466.0,1890.0,,0,0,0,0,0,0,0,0,0,0,0,0,0,0,0,0,0,0,0,0,0,0,0,0,0,0,0,0,0,0,0,0,0,0,0,0,0,0,0,0,0,0,108,2026-02-06 07:59:07.562245
WNTR,23.69,23.86,23.87,,,2304000.0,1714900.0,,2920.0,770.0,,3024.0,1663.0,0,0,0,0,0,0,0,0,0,0,0,0,0,0,0,0,0,0,0,0,0,0,0,0,0,0,0,0,0,0,0,0,0,0,0,0,0,0,0,0,0,0,108,2026-02-06 07:59:07.562245
SPNG,25.3,25.2,25.28,5840.0,1732600.0,151.0,4380.0,1333500.0,7500.0,3878.0,,,,,0,0,0,0,0,0,0,0,0,0,0,0,0,0,0,0,0,0,0,0,0,0,0,0,0,0,0,0,0,0,0,0,0,0,0,0,0,0,0,0,0,109,2026-02-06 07:59:08.624445
SMMR,25.15,25.15,25.19,2920.0,1559500.0,,1460.0,2012800.0,7500.0,,7042.0,740.0,,,0,0,0,0,0,0,0,0,0,0,0,0,0,0,0,0,0,0,0,0,0,0,0,0,0,0,0,0,0,0,0,0,0,0,0,0,0,0,0,0,0,109,2026-02-06 07:59:08.624445
ATMN,25.77,25.71,25.76,,2122700.0,710.0,7300.0,1287600.0,7500.0,1890.0,1883.0,,,,0,0,0,0,0,0,0,0,0,0,0,0,0,0,0,0,0,0,0,0,0,0,0,0,0,0,0,0,0,0,0,0,0,0,0,0,0,0,0,0,0,109,2026-02-06 07:59:08.624445
WNTR,23.92,23.83,23.87,1460.0,2064200.0,770.0,4380.0,1734400.0,7500.0,,,,660.0,7500.0,0,0,0,0,0,0,0,0,0,0,0,0,0,0,0,0,0,0,0,0,0,0,0,0,0,0,0,0,0,0,0,0,0,0,0,0,0,0,0,0,0,109,2026-02-06 07:59:08.624445
SPNG,25.11,25.11,25.6,2153000.0,1460.0,122.0,1817000.0,,,,,,,,0,0,0,0,0,0,0,0,0,0,0,0,0,0,0,0,0,0,0,0,0,0,0,0,0,0,0,0,0,0,0,0,0,0,0,0,0,0,0,0,0,110,2026-02-06 07:59:09.692783
SMMR,25.06,25.06,25.18,2202400.0,2920.0,,1911700.0,3220.0,630.0,,,,,,0,0,0,0,0,0,0,0,0,0,0,0,0,0,0,0,0,0,0,0,0,0,0,0,0,0,0,0,0,0,0,0,0,0,0,0,0,0,0,0,0,110,2026-02-06 07:59:09.692783
ATMN,25.73,25.74,25.78,1843800.0,2920.0,,1591000.0,,710.0,7500.0,1460.0,708.0,7500.0,1890.0,0,0,0,0,0,0,0,0,0,0,0,0,0,0,0,0,0,0,0,0,0,0,0,0,0,0,0,0,0,0,0,0,0,0,0,0,0,0,0,0,0,110,2026-02-06 07:59:09.692783
WNTR,23.88,23.81,23.84,2064200.0,2920.0,,1764200.0,,770.0,,2920.0,651.0,,2920.0,0,0,0,0,0,0,0,0,0,0,0,0,0,0,0,0,0,0,0,0,0,0,0,0,0,0,0,0,0,0,0,0,0,0,0,0,0,0,0,0,0,110,2026-02-06 07:59:09.692783
SPNG,25.65,25.28,25.65,2061500.0,7500.0,1981600.0,,,,,,,,0,0,0,0,0,0,0,0,0,0,0,0,0,0,0,0,0,0,0,0,0,0,0,0,0,0,0,0,0,0,0,0,0,0,0,0,0,0,0,0,0,0,111,2026-02-06 07:59:10.406288
SMMR,25.04,25.04,25.08,2188100.0,,1837900.0,3220.0,7500.0,2920.0,740.0,,,,0,0,0,0,0,0,0,0,0,0,0,0,0,0,0,0,0,0,0,0,0,0,0,0,0,0,0,0,0,0,0,0,0,0,0,0,0,0,0,0,0,0,111,2026-02-06 07:59:10.406288
ATMN,25.65,25.75,25.78,2130300.0,,1591000.0,,,4380.0,710.0,1460.0,1890.0,,0,0,0,0,0,0,0,0,0,0,0,0,0,0,0,0,0,0,0,0,0,0,0,0,0,0,0,0,0,0,0,0,0,0,0,0,0,0,0,0,0,0,111,2026-02-06 07:59:10.406288
WNTR,23.88,23.82,23.83,1844300.0,7500.0,1773200.0,,,4380.0,770.0,4380.0,1460.0,651.0,0,0,0,0,0,0,0,0,0,0,0,0,0,0,0,0,0,0,0,0,0,0,0,0,0,0,0,0,0,0,0,0,0,0,0,0,0,0,0,0,0,0,111,2026-02-06 07:59:10.406288
SPNG,25.65,25.33,25.43,4380.0,7500.0,1727200.0,4380.0,1655400.0,679.0,,,,,,0,0,0,0,0,0,0,0,0,0,0,0,0,0,0,0,0,0,0,0,0,0,0,0,0,0,0,0,0,0,0,0,0,0,0,0,0,0,0,0,0,112,2026-02-06 07:59:11.462475
SMMR,25.08,25.05,25.06,1460.0,,2087700.0,4380.0,1734600.0,740.0,3220.0,7500.0,,,,0,0,0,0,0,0,0,0,0,0,0,0,0,0,0,0,0,0,0,0,0,0,0,0,0,0,0,0,0,0,0,0,0,0,0,0,0,0,0,0,0,112,2026-02-06 07:59:11.462475
ATMN,25.74,25.71,25.74,,7500.0,2049900.0,8760.0,1186100.0,710.0,,6040.0,1890.0,,,0,0,0,0,0,0,0,0,0,0,0,0,0,0,0,0,0,0,0,0,0,0,0,0,0,0,0,0,0,0,0,0,0,0,0,0,0,0,0,0,0,112,2026-02-06 07:59:11.462475
WNTR,23.84,23.83,23.84,2920.0,7500.0,1837800.0,,2076100.0,770.0,,,1460.0,212.0,770.0,0,0,0,0,0,0,0,0,0,0,0,0,0,0,0,0,0,0,0,0,0,0,0,0,0,0,0,0,0,0,0,0,0,0,0,0,0,0,0,0,0,112,2026-02-06 07:59:11.462475
SPNG,25.38,25.38,25.41,1381000.0,8760.0,679.0,4380.0,665.0,1630300.0,,,,,0,0,0,0,0,0,0,0,0,0,0,0,0,0,0,0,0,0,0,0,0,0,0,0,0,0,0,0,0,0,0,0,0,0,0,0,0,0,0,0,0,0,113,2026-02-06 07:59:12.525078
SMMR,25.15,25.15,25.22,1737900.0,4380.0,740.0,4380.0,740.0,1794000.0,2074.0,,,,0,0,0,0,0,0,0,0,0,0,0,0,0,0,0,0,0,0,0,0,0,0,0,0,0,0,0,0,0,0,0,0,0,0,0,0,0,0,0,0,0,0,113,2026-02-06 07:59:12.525078
ATMN,25.74,25.74,25.77,1809900.0,1460.0,708.0,1460.0,,1899800.0,,7500.0,4580.0,,0,0,0,0,0,0,0,0,0,0,0,0,0,0,0,0,0,0,0,0,0,0,0,0,0,0,0,0,0,0,0,0,0,0,0,0,0,0,0,0,0,0,113,2026-02-06 07:59:12.525078
WNTR,23.91,23.79,23.84,2334700.0,,770.0,,770.0,2028500.0,,,,4.0,0,0,0,0,0,0,0,0,0,0,0,0,0,0,0,0,0,0,0,0,0,0,0,0,0,0,0,0,0,0,0,0,0,0,0,0,0,0,0,0,0,0,113,2026-02-06 07:59:12.525078
SPNG,25.17,25.44,25.51,1460.0,919.0,1941700.0,4380.0,3585.0,1623800.0,,0,0,0,0,0,0,0,0,0,0,0,0,0,0,0,0,0,0,0,0,0,0,0,0,0,0,0,0,0,0,0,0,0,0,0,0,0,0,0,0,0,0,0,0,0,114,2026-02-06 07:59:13.585119
SMMR,25.04,25.05,25.22,1460.0,1037.0,2206500.0,2920.0,,2020500.0,,0,0,0,0,0,0,0,0,0,0,0,0,0,0,0,0,0,0,0,0,0,0,0,0,0,0,0,0,0,0,0,0,0,0,0,0,0,0,0,0,0,0,0,0,0,114,2026-02-06 07:59:13.585119
ATMN,25.65,25.65,25.82,,,2166600.0,2920.0,,1886000.0,,0,0,0,0,0,0,0,0,0,0,0,0,0,0,0,0,0,0,0,0,0,0,0,0,0,0,0,0,0,0,0,0,0,0,0,0,0,0,0,0,0,0,0,0,0,114,2026-02-06 07:59:13.585119
WNTR,23.69,23.69,23.88,,,2412400.0,1460.0,1464.0,1968900.0,770.0,0,0,0,0,0,0,0,0,0,0,0,0,0,0,0,0,0,0,0,0,0,0,0,0,0,0,0,0,0,0,0,0,0,0,0,0,0,0,0,0,0,0,0,0,0,114,2026-02-06 07:59:13.585119
SPNG,25.67,25.45,25.66,2920.0,679.0,1838.0,1603100.0,1460.0,1924300.0,,,,,0,0,0,0,0,0,0,0,0,0,0,0,0,0,0,0,0,0,0,0,0,0,0,0,0,0,0,0,0,0,0,0,0,0,0,0,0,0,0,0,0,0,115,2026-02-06 07:59:14.664752
SMMR,25.19,25.19,25.22,4380.0,740.0,,1848900.0,4380.0,1794000.0,7500.0,6040.0,,,0,0,0,0,0,0,0,0,0,0,0,0,0,0,0,0,0,0,0,0,0,0,0,0,0,0,0,0,0,0,0,0,0,0,0,0,0,0,0,0,0,0,115,2026-02-06 07:59:14.664752
ATMN,25.65,25.65,25.72,,,,2159100.0,5840.0,1392000.0,,7500.0,2617.0,710.0,0,0,0,0,0,0,0,0,0,0,0,0,0,0,0,0,0,0,0,0,0,0,0,0,0,0,0,0,0,0,0,0,0,0,0,0,0,0,0,0,0,0,115,2026-02-06 07:59:14.664752
WNTR,23.69,23.7,23.84,1460.0,,,2276500.0,2920.0,1984800.0,,,,770.0,0,0,0,0,0,0,0,0,0,0,0,0,0,0,0,0,0,0,0,0,0,0,0,0,0,0,0,0,0,0,0,0,0,0,0,0,0,0,0,0,0,0,115,2026-02-06 07:59:14.664752
SPNG,25.23,25.11,25.23,2070400.0,679.0,2010200.0,,,,0,0,0,0,0,0,0,0,0,0,0,0,0,0,0,0,0,0,0,0,0,0,0,0,0,0,0,0,0,0,0,0,0,0,0,0,0,0,0,0,0,0,0,0,0,0,116,2026-02-06 07:59:15.229927
SMMR,25.25,25.24,25.25,1853100.0,740.0,2215800.0,5840.0,,,0,0,0,0,0,0,0,0,0,0,0,0,0,0,0,0,0,0,0,0,0,0,0,0,0,0,0,0,0,0,0,0,0,0,0,0,0,0,0,0,0,0,0,0,0,0,116,2026-02-06 07:59:15.229927
ATMN,25.73,25.72,25.73,2040300.0,,1594900.0,1460.0,7300.0,,0,0,0,0,0,0,0,0,0,0,0,0,0,0,0,0,0,0,0,0,0,0,0,0,0,0,0,0,0,0,0,0,0,0,0,0,0,0,0,0,0,0,0,0,0,0,116,2026-02-06 07:59:15.229927
WNTR,23.69,23.69,23.83,2380300.0,,1984800.0,,2920.0,770.0,0,0,0,0,0,0,0,0,0,0,0,0,0,0,0,0,0,0,0,0,0,0,0,0,0,0,0,0,0,0,0,0,0,0,0,0,0,0,0,0,0,0,0,0,0,0,116,2026-02-06 07:59:15.229927
SPNG,25.37,25.1,25.37,2142800.0,1941400.0,1460.0,,,0,0,0,0,0,0,0,0,0,0,0,0,0,0,0,0,0,0,0,0,0,0,0,0,0,0,0,0,0,0,0,0,0,0,0,0,0,0,0,0,0,0,0,0,0,0,0,117,2026-02-06 07:59:16.293156
SMMR,25.02,25.02,25.21,2407700.0,1894300.0,2920.0,740.0,,0,0,0,0,0,0,0,0,0,0,0,0,0,0,0,0,0,0,0,0,0,0,0,0,0,0,0,0,0,0,0,0,0,0,0,0,0,0,0,0,0,0,0,0,0,0,0,117,2026-02-06 07:59:16.293156
ATMN,25.86,25.86,26.06,1916700.0,2013500.0,1460.0,,2920.0,0,0,0,0,0,0,0,0,0,0,0,0,0,0,0,0,0,0,0,0,0,0,0,0,0,0,0,0,0,0,0,0,0,0,0,0,0,0,0,0,0,0,0,0,0,0,0,117,2026-02-06 07:59:16.293156
WNTR,23.65,23.66,23.81,2279800.0,1852500.0,4380.0,770.0,1460.0,0,0,0,0,0,0,0,0,0,0,0,0,0,0,0,0,0,0,0,0,0,0,0,0,0,0,0,0,0,0,0,0,0,0,0,0,0,0,0,0,0,0,0,0,0,0,0,117,2026-02-06 07:59:16.293156
SPNG,25.67,25.1,25.67,2054700.0,679.0,2004100.0,,0,0,0,0,0,0,0,0,0,0,0,0,0,0,0,0,0,0,0,0,0,0,0,0,0,0,0,0,0,0,0,0,0,0,0,0,0,0,0,0,0,0,0,0,0,0,0,0,118,2026-02-06 07:59:17.374202
SMMR,25.26,25.02,25.15,2407700.0,,2120500.0,740.0,0,0,0,0,0,0,0,0,0,0,0,0,0,0,0,0,0,0,0,0,0,0,0,0,0,0,0,0,0,0,0,0,0,0,0,0,0,0,0,0,0,0,0,0,0,0,0,0,118,2026-02-06 07:59:17.374202
ATMN,25.94,25.61,25.69,2181400.0,,2051500.0,710.0,0,0,0,0,0,0,0,0,0,0,0,0,0,0,0,0,0,0,0,0,0,0,0,0,0,0,0,0,0,0,0,0,0,0,0,0,0,0,0,0,0,0,0,0,0,0,0,0,118,2026-02-06 07:59:17.374202
WNTR,23.87,23.65,23.8,2381600.0,,2312100.0,,0,0,0,0,0,0,0,0,0,0,0,0,0,0,0,0,0,0,0,0,0,0,0,0,0,0,0,0,0,0,0,0,0,0,0,0,0,0,0,0,0,0,0,0,0,0,0,0,118,2026-02-06 07:59:17.374202
SPNG,25.1,25.1,25.34,2083300.0,679.0,1934500.0,670.0,0,0,0,0,0,0,0,0,0,0,0,0,0,0,0,0,0,0,0,0,0,0,0,0,0,0,0,0,0,0,0,0,0,0,0,0,0,0,0,0,0,0,0,0,0,0,0,0,119,2026-02-06 07:59:18.428661
SMMR,25.02,25.02,25.14,2262200.0,645.0,2131700.0,740.0,0,0,0,0,0,0,0,0,0,0,0,0,0,0,0,0,0,0,0,0,0,0,0,0,0,0,0,0,0,0,0,0,0,0,0,0,0,0,0,0,0,0,0,0,0,0,0,0,119,2026-02-06 07:59:18.428661
ATMN,26.04,25.61,26.04,2040300.0,609.0,2152400.0,,0,0,0,0,0,0,0,0,0,0,0,0,0,0,0,0,0,0,0,0,0,0,0,0,0,0,0,0,0,0,0,0,0,0,0,0,0,0,0,0,0,0,0,0,0,0,0,0,119,2026-02-06 07:59:18.428661
WNTR,23.82,23.82,23.87,2272400.0,770.0,2240600.0,751.0,0,0,0,0,0,0,0,0,0,0,0,0,0,0,0,0,0,0,0,0,0,0,0,0,0,0,0,0,0,0,0,0,0,0,0,0,0,0,0,0,0,0,0,0,0,0,0,0,119,2026-02-06 07:59:18.428661
SPNG,25.67,25.88,26.2,834600.0,731500.0,,0,0,0,0,0,0,0,0,0,0,0,0,0,0,0,0,0,0,0,0,0,0,0,0,0,0,0,0,0,0,0,0,0,0,0,0,0,0,0,0,0,0,0,0,0,0,0,0,0,120,2026-02-06 07:59:19.558189
SMMR,25.14,25.18,0.0,200000.0,,645.0,0,0,0,0,0,0,0,0,0,0,0,0,0,0,0,0,0,0,0,0,0,0,0,0,0,0,0,0,0,0,0,0,0,0,0,0,0,0,0,0,0,0,0,0,0,0,0,0,0,120,2026-02-06 07:59:19.558189
ATMN,25.93,26.96,0.0,200000.0,,710.0,0,0,0,0,0,0,0,0,0,0,0,0,0,0,0,0,0,0,0,0,0,0,0,0,0,0,0,0,0,0,0,0,0,0,0,0,0,0,0,0,0,0,0,0,0,0,0,0,0,120,2026-02-06 07:59:19.558189
WNTR,24.07,24.19,0.0,200000.0,,,0,0,0,0,0,0,0,0,0,0,0,0,0,0,0,0,0,0,0,0,0,0,0,0,0,0,0,0,0,0,0,0,0,0,0,0,0,0,0,0,0,0,0,0,0,0,0,0,0,120,2026-02-06 07:59:19.558189
SPNG,25.88,25.88,26.2,834400.0,679.0,983100.0,673.0,,0,0,0,0,0,0,0,0,0,0,0,0,0,0,0,0,0,0,0,0,0,0,0,0,0,0,0,0,0,0,0,0,0,0,0,0,0,0,0,0,0,0,0,0,0,0,0,121,2026-02-06 07:59:20.625765
SMMR,25.14,25.18,25.27,1030800.0,740.0,979600.0,725.0,,0,0,0,0,0,0,0,0,0,0,0,0,0,0,0,0,0,0,0,0,0,0,0,0,0,0,0,0,0,0,0,0,0,0,0,0,0,0,0,0,0,0,0,0,0,0,0,121,2026-02-06 07:59:20.625765
ATMN,25.93,26.97,26.99,892300.0,473.0,926800.0,,,0,0,0,0,0,0,0,0,0,0,0,0,0,0,0,0,0,0,0,0,0,0,0,0,0,0,0,0,0,0,0,0,0,0,0,0,0,0,0,0,0,0,0,0,0,0,0,121,2026-02-06 07:59:20.625765
WNTR,24.19,24.2,24.34,934600.0,,864000.0,,3411.0,0,0,0,0,0,0,0,0,0,0,0,0,0,0,0,0,0,0,0,0,0,0,0,0,0,0,0,0,0,0,0,0,0,0,0,0,0,0,0,0,0,0,0,0,0,0,0,121,2026-02-06 07:59:20.625765
SPNG,25.82,25.3,25.41,1016700.0,3411.0,983100.0,,,,0,0,0,0,0,0,0,0,0,0,0,0,0,0,0,0,0,0,0,0,0,0,0,0,0,0,0,0,0,0,0,0,0,0,0,0,0,0,0,0,0,0,0,0,0,0,122,2026-02-06 07:59:21.677484
SMMR,25.27,25.19,25.27,1164300.0,935.0,1084100.0,3411.0,740.0,,0,0,0,0,0,0,0,0,0,0,0,0,0,0,0,0,0,0,0,0,0,0,0,0,0,0,0,0,0,0,0,0,0,0,0,0,0,0,0,0,0,0,0,0,0,0,122,2026-02-06 07:59:21.677484
ATMN,27.35,27.35,27.51,892300.0,935.0,1104100.0,3411.0,,1460.0,0,0,0,0,0,0,0,0,0,0,0,0,0,0,0,0,0,0,0,0,0,0,0,0,0,0,0,0,0,0,0,0,0,0,0,0,0,0,0,0,0,0,0,0,0,0,122,2026-02-06 07:59:21.677484
WNTR,24.24,24.28,24.32,956700.0,3644.0,1072100.0,,616.0,1460.0,0,0,0,0,0,0,0,0,0,0,0,0,0,0,0,0,0,0,0,0,0,0,0,0,0,0,0,0,0,0,0,0,0,0,0,0,0,0,0,0,0,0,0,0,0,0,122,2026-02-06 07:59:21.677484
SPNG,25.87,25.52,25.57,1016700.0,935.0,1182600.0,3411.0,673.0,1460.0,,,0,0,0,0,0,0,0,0,0,0,0,0,0,0,0,0,0,0,0,0,0,0,0,0,0,0,0,0,0,0,0,0,0,0,0,0,0,0,0,0,0,0,0,0,123,2026-02-06 07:59:22.245244
SMMR,25.27,25.3,25.31,1276400.0,3411.0,949400.0,935.0,617.0,2920.0,1460.0,740.0,0,0,0,0,0,0,0,0,0,0,0,0,0,0,0,0,0,0,0,0,0,0,0,0,0,0,0,0,0,0,0,0,0,0,0,0,0,0,0,0,0,0,0,0,123,2026-02-06 07:59:22.245244
ATMN,27.29,26.98,27.13,892300.0,3411.0,1307200.0,935.0,688.0,2920.0,1460.0,710.0,0,0,0,0,0,0,0,0,0,0,0,0,0,0,0,0,0,0,0,0,0,0,0,0,0,0,0,0,0,0,0,0,0,0,0,0,0,0,0,0,0,0,0,0,123,2026-02-06 07:59:22.245244
WNTR,24.27,24.2,24.22,956700.0,,1310100.0,3644.0,656.0,2920.0,1460.0,,0,0,0,0,0,0,0,0,0,0,0,0,0,0,0,0,0,0,0,0,0,0,0,0,0,0,0,0,0,0,0,0,0,0,0,0,0,0,0,0,0,0,0,0,123,2026-02-06 07:59:22.245244
SPNG,25.96,25.53,25.73,2920.0,3878.0,1106700.0,7650.0,592.0,1195000.0,2920.0,,,0,0,0,0,0,0,0,0,0,0,0,0,0,0,0,0,0,0,0,0,0,0,0,0,0,0,0,0,0,0,0,0,0,0,0,0,0,0,0,0,0,0,0,124,2026-02-06 07:59:23.318450
SMMR,25.31,25.3,25.31,,4320.0,1164300.0,4833.0,740.0,1286900.0,4380.0,726.0,2416.0,0,0,0,0,0,0,0,0,0,0,0,0,0,0,0,0,0,0,0,0,0,0,0,0,0,0,0,0,0,0,0,0,0,0,0,0,0,0,0,0,0,0,0,124,2026-02-06 07:59:23.318450
ATMN,26.97,26.97,27.02,2920.0,,892300.0,,710.0,1497800.0,2920.0,688.0,100.0,0,0,0,0,0,0,0,0,0,0,0,0,0,0,0,0,0,0,0,0,0,0,0,0,0,0,0,0,0,0,0,0,0,0,0,0,0,0,0,0,0,0,0,124,2026-02-06 07:59:23.318450
WNTR,24.06,24.07,24.22,2920.0,,1237800.0,,,1310100.0,2920.0,770.0,10000.0,0,0,0,0,0,0,0,0,0,0,0,0,0,0,0,0,0,0,0,0,0,0,0,0,0,0,0,0,0,0,0,0,0,0,0,0,0,0,0,0,0,0,0,124,2026-02-06 07:59:23.318450
SPNG,25.78,25.78,25.83,4380.0,1187600.0,9523.0,3878.0,679.0,1460.0,1075300.0,,,,0,0,0,0,0,0,0,0,0,0,0,0,0,0,0,0,0,0,0,0,0,0,0,0,0,0,0,0,0,0,0,0,0,0,0,0,0,0,0,0,0,0,125,2026-02-06 07:59:24.386943
SMMR,25.23,25.22,25.23,,1279100.0,,,740.0,2920.0,1427200.0,8436.0,4320.0,726.0,0,0,0,0,0,0,0,0,0,0,0,0,0,0,0,0,0,0,0,0,0,0,0,0,0,0,0,0,0,0,0,0,0,0,0,0,0,0,0,0,0,0,125,2026-02-06 07:59:24.386943
ATMN,26.96,26.96,26.97,5840.0,946600.0,,,,1460.0,1330400.0,5216.0,3258.0,688.0,0,0,0,0,0,0,0,0,0,0,0,0,0,0,0,0,0,0,0,0,0,0,0,0,0,0,0,0,0,0,0,0,0,0,0,0,0,0,0,0,0,0,125,2026-02-06 07:59:24.386943
WNTR,24.06,24.05,24.06,1460.0,1238800.0,,,646.0,4380.0,1540900.0,18386.0,,770.0,0,0,0,0,0,0,0,0,0,0,0,0,0,0,0,0,0,0,0,0,0,0,0,0,0,0,0,0,0,0,0,0,0,0,0,0,0,0,0,0,0,0,125,2026-02-06 07:59:24.386943
SPNG,25.69,25.72,25.74,1287700.0,679.0,1460.0,4837.0,9523.0,4380.0,333.0,1186700.0,7500.0,674.0,,,0,0,0,0,0,0,0,0,0,0,0,0,0,0,0,0,0,0,0,0,0,0,0,0,0,0,0,0,0,0,0,0,0,0,0,0,0,0,0,0,126,2026-02-06 07:59:25.456502
SMMR,25.23,25.19,25.2,1384500.0,,2920.0,,193.0,4380.0,12003.0,1204300.0,,726.0,4320.0,,0,0,0,0,0,0,0,0,0,0,0,0,0,0,0,0,0,0,0,0,0,0,0,0,0,0,0,0,0,0,0,0,0,0,0,0,0,0,0,0,126,2026-02-06 07:59:25.456502
ATMN,26.97,26.97,26.99,1140300.0,,5840.0,,1015.0,,5216.0,1351400.0,7500.0,710.0,3258.0,4009.0,0,0,0,0,0,0,0,0,0,0,0,0,0,0,0,0,0,0,0,0,0,0,0,0,0,0,0,0,0,0,0,0,0,0,0,0,0,0,0,0,126,2026-02-06 07:59:25.456502
WNTR,24.05,24.05,24.16,1238800.0,,,,,4380.0,18386.0,1584400.0,7500.0,,,,0,0,0,0,0,0,0,0,0,0,0,0,0,0,0,0,0,0,0,0,0,0,0,0,0,0,0,0,0,0,0,0,0,0,0,0,0,0,0,0,126,2026-02-06 07:59:25.456502
SPNG,25.93,25.73,25.93,2920.0,1377700.0,4837.0,679.0,7500.0,5840.0,674.0,1075300.0,,,,0,0,0,0,0,0,0,0,0,0,0,0,0,0,0,0,0,0,0,0,0,0,0,0,0,0,0,0,0,0,0,0,0,0,0,0,0,0,0,0,0,127,2026-02-06 07:59:26.541011
SMMR,25.19,25.19,25.2,7300.0,1418600.0,2246.0,740.0,,7300.0,726.0,1204300.0,4406.0,,,0,0,0,0,0,0,0,0,0,0,0,0,0,0,0,0,0,0,0,0,0,0,0,0,0,0,0,0,0,0,0,0,0,0,0,0,0,0,0,0,0,127,2026-02-06 07:59:26.541011
ATMN,26.97,26.97,26.99,4380.0,1245500.0,,629.0,,,710.0,1501600.0,3258.0,3174.0,3174.0,0,0,0,0,0,0,0,0,0,0,0,0,0,0,0,0,0,0,0,0,0,0,0,0,0,0,0,0,0,0,0,0,0,0,0,0,0,0,0,0,0,127,2026-02-06 07:59:26.541011
WNTR,24.13,24.13,24.15,1460.0,1362800.0,,646.0,,1460.0,,1755200.0,,559.0,,0,0,0,0,0,0,0,0,0,0,0,0,0,0,0,0,0,0,0,0,0,0,0,0,0,0,0,0,0,0,0,0,0,0,0,0,0,0,0,0,0,127,2026-02-06 07:59:26.541011
SPNG,25.97,25.97,26.02,4380.0,679.0,6084.0,1144200.0,4837.0,5840.0,1248500.0,582.0,,,,,0,0,0,0,0,0,0,0,0,0,0,0,0,0,0,0,0,0,0,0,0,0,0,0,0,0,0,0,0,0,0,0,0,0,0,0,0,0,0,0,128,2026-02-06 07:59:27.606903
SMMR,25.18,25.18,25.19,,740.0,293.0,1784200.0,2246.0,4380.0,1216400.0,726.0,7500.0,7033.0,4406.0,7500.0,0,0,0,0,0,0,0,0,0,0,0,0,0,0,0,0,0,0,0,0,0,0,0,0,0,0,0,0,0,0,0,0,0,0,0,0,0,0,0,0,128,2026-02-06 07:59:27.606903
ATMN,26.92,26.91,26.92,,629.0,1839.0,1322600.0,,,1156300.0,710.0,,11416.0,5445.0,7500.0,0,0,0,0,0,0,0,0,0,0,0,0,0,0,0,0,0,0,0,0,0,0,0,0,0,0,0,0,0,0,0,0,0,0,0,0,0,0,0,0,128,2026-02-06 07:59:27.606903
WNTR,24.15,24.15,24.17,7300.0,765.0,9397.0,1077900.0,2244.0,1460.0,1712000.0,770.0,,4126.0,,,0,0,0,0,0,0,0,0,0,0,0,0,0,0,0,0,0,0,0,0,0,0,0,0,0,0,0,0,0,0,0,0,0,0,0,0,0,0,0,0,128,2026-02-06 07:59:27.606903
