ticker,last_price,bid_price,ask_price,BUY_ANON,SELL_ANON,BUY_WRSW-1,BUY_UEBR-1,BUY_CHUL-1,BUY_BRCH-1,BUY_LAVL-1,SELL_CALG-1,SELL_CHUL-2,SELL_GIOT-3,SELL_CHUL-4,SELL_LAVL-1,BUY_GIOT-3,BUY_CHUL-4,SELL_UEBR-1,SELL_WRSW-1,BUY_WRSW-3,SELL_CHUL-3,SELL_WRSW-3,BUY_NAIT-4,SELL_COLA-1,BUY_CALG-1,BUY_COLA-1,SELL_BRCH-1,SELL_ZUAI-3,BUY_WRSW-4,SELL_LUIS-1,SELL_WRSW-4,SELL_NAIT-4,BUY_ZUAI-3,BUY_CHUL-3,BUY_CHUL-2,SELL_CHUL-1,BUY_LUIS-1,tick,timestamp
SPNG,0.0,0.0,0.0,1613000.0,2249700.0,0,0,0,0,0,0,0,0,0,0,0,0,0,0,0,0,0,0,0,0,0,0,0,0,0,0,0,0,0,0,0,0,0,2026-02-06 15:32:08.719342
SMMR,25.02,0.0,25.02,1681600.0,2192400.0,0,0,0,0,0,0,0,0,0,0,0,0,0,0,0,0,0,0,0,0,0,0,0,0,0,0,0,0,0,0,0,0,0,2026-02-06 15:32:08.719342
ATMN,0.0,24.76,0.0,1944500.0,2044700.0,0,0,0,0,0,0,0,0,0,0,0,0,0,0,0,0,0,0,0,0,0,0,0,0,0,0,0,0,0,0,0,0,0,2026-02-06 15:32:08.719342
WNTR,0.0,0.0,25.08,2097800.0,1711500.0,0,0,0,0,0,0,0,0,0,0,0,0,0,0,0,0,0,0,0,0,0,0,0,0,0,0,0,0,0,0,0,0,0,2026-02-06 15:32:08.719342
SPNG,25.06,24.95,25.06,1613000.0,2249700.0,0,0,0,0,0,0,0,0,0,0,0,0,0,0,0,0,0,0,0,0,0,0,0,0,0,0,0,0,0,0,0,0,1,2026-02-06 15:32:09.334466,2.0,1.0,1.0,,Aggregate Position Limit,Your CRO has set the aggregate position limit to 15000 shares for this week.
SMMR,25.02,24.9,25.02,1779800.0,2192400.0,0,0,0,0,0,0,0,0,0,0,0,0,0,0,0,0,0,0,0,0,0,0,0,0,0,0,0,0,0,0,0,0,1,2026-02-06 15:32:09.334466,1.0,1.0,1.0,,Welcome to the RITC 2026 Alogithmic Market Making Case - practice server,
ATMN,0.0,24.76,25.32,2055400.0,2047000.0,0,0,0,0,0,0,0,0,0,0,0,0,0,0,0,0,0,0,0,0,0,0,0,0,0,0,0,0,0,0,0,0,1,2026-02-06 15:32:09.334466,,,,,,
WNTR,0.0,24.98,25.08,2112300.0,1806100.0,0,0,0,0,0,0,0,0,0,0,0,0,0,0,0,0,0,0,0,0,0,0,0,0,0,0,0,0,0,0,0,0,1,2026-02-06 15:32:09.334466,,,,,,
SPNG,25.09,24.95,25.09,1801500.0,2255600.0,0,0,0,0,0,0,0,0,0,0,0,0,0,0,0,0,0,0,0,0,0,0,0,0,0,0,0,0,0,0,0,0,2,2026-02-06 15:32:10.384363
SMMR,25.02,24.91,25.0,2001000.0,2181800.0,0,0,0,0,0,0,0,0,0,0,0,0,0,0,0,0,0,0,0,0,0,0,0,0,0,0,0,0,0,0,0,0,2,2026-02-06 15:32:10.384363
ATMN,24.66,24.68,25.32,1957200.0,2047000.0,0,0,0,0,0,0,0,0,0,0,0,0,0,0,0,0,0,0,0,0,0,0,0,0,0,0,0,0,0,0,0,0,2,2026-02-06 15:32:10.384363
WNTR,25.11,24.98,25.1,2131600.0,1793200.0,0,0,0,0,0,0,0,0,0,0,0,0,0,0,0,0,0,0,0,0,0,0,0,0,0,0,0,0,0,0,0,0,2,2026-02-06 15:32:10.384363
SPNG,25.14,25.13,25.14,1927800.0,2230900.0,0,0,0,0,0,0,0,0,0,0,0,0,0,0,0,0,0,0,0,0,0,0,0,0,0,0,0,0,0,0,0,0,3,2026-02-06 15:32:11.446462
SMMR,24.9,24.9,25.0,1879800.0,2187300.0,0,0,0,0,0,0,0,0,0,0,0,0,0,0,0,0,0,0,0,0,0,0,0,0,0,0,0,0,0,0,0,0,3,2026-02-06 15:32:11.446462
ATMN,24.66,25.01,25.03,2071600.0,2060600.0,0,0,0,0,0,0,0,0,0,0,0,0,0,0,0,0,0,0,0,0,0,0,0,0,0,0,0,0,0,0,0,0,3,2026-02-06 15:32:11.446462
WNTR,24.98,24.98,25.01,2131600.0,2021000.0,0,0,0,0,0,0,0,0,0,0,0,0,0,0,0,0,0,0,0,0,0,0,0,0,0,0,0,0,0,0,0,0,3,2026-02-06 15:32:11.446462
SPNG,25.13,25.13,25.14,1927800.0,2217000.0,0,0,0,0,0,0,0,0,0,0,0,0,0,0,0,0,0,0,0,0,0,0,0,0,0,0,0,0,0,0,0,0,4,2026-02-06 15:32:12.507825
SMMR,24.9,24.99,25.0,2208200.0,2187300.0,0,0,0,0,0,0,0,0,0,0,0,0,0,0,0,0,0,0,0,0,0,0,0,0,0,0,0,0,0,0,0,0,4,2026-02-06 15:32:12.507825
ATMN,25.09,25.01,25.09,2071600.0,2087400.0,0,0,0,0,0,0,0,0,0,0,0,0,0,0,0,0,0,0,0,0,0,0,0,0,0,0,0,0,0,0,0,0,4,2026-02-06 15:32:12.507825
WNTR,24.91,24.91,25.01,2093300.0,2022800.0,0,0,0,0,0,0,0,0,0,0,0,0,0,0,0,0,0,0,0,0,0,0,0,0,0,0,0,0,0,0,0,0,4,2026-02-06 15:32:12.507825
SPNG,25.14,25.19,25.21,1897100.0,2224100.0,0,0,0,0,0,0,0,0,0,0,0,0,0,0,0,0,0,0,0,0,0,0,0,0,0,0,0,0,0,0,0,0,5,2026-02-06 15:32:13.558965
SMMR,25.05,24.99,25.05,2208200.0,2185500.0,0,0,0,0,0,0,0,0,0,0,0,0,0,0,0,0,0,0,0,0,0,0,0,0,0,0,0,0,0,0,0,0,5,2026-02-06 15:32:13.558965
ATMN,25.09,25.01,25.09,2173900.0,2087400.0,0,0,0,0,0,0,0,0,0,0,0,0,0,0,0,0,0,0,0,0,0,0,0,0,0,0,0,0,0,0,0,0,5,2026-02-06 15:32:13.558965
WNTR,25.05,24.91,25.05,2095100.0,1990100.0,0,0,0,0,0,0,0,0,0,0,0,0,0,0,0,0,0,0,0,0,0,0,0,0,0,0,0,0,0,0,0,0,5,2026-02-06 15:32:13.558965
SPNG,25.19,24.53,25.02,1875700.0,2219000.0,0,0,0,0,0,0,0,0,0,0,0,0,0,0,0,0,0,0,0,0,0,0,0,0,0,0,0,0,0,0,0,0,6,2026-02-06 15:32:14.602449
SMMR,25.06,25.04,25.06,2208000.0,2184000.0,0,0,0,0,0,0,0,0,0,0,0,0,0,0,0,0,0,0,0,0,0,0,0,0,0,0,0,0,0,0,0,0,6,2026-02-06 15:32:14.602449
ATMN,25.32,25.01,25.29,2181300.0,2105900.0,0,0,0,0,0,0,0,0,0,0,0,0,0,0,0,0,0,0,0,0,0,0,0,0,0,0,0,0,0,0,0,0,6,2026-02-06 15:32:14.602449
WNTR,24.9,24.9,24.98,2101400.0,1942600.0,0,0,0,0,0,0,0,0,0,0,0,0,0,0,0,0,0,0,0,0,0,0,0,0,0,0,0,0,0,0,0,0,6,2026-02-06 15:32:14.602449
SPNG,25.21,24.64,25.21,2124200.0,2224100.0,0,0,0,0,0,0,0,0,0,0,0,0,0,0,0,0,0,0,0,0,0,0,0,0,0,0,0,0,0,0,0,0,7,2026-02-06 15:32:15.682694
SMMR,25.11,25.04,25.11,2208000.0,2194300.0,0,0,0,0,0,0,0,0,0,0,0,0,0,0,0,0,0,0,0,0,0,0,0,0,0,0,0,0,0,0,0,0,7,2026-02-06 15:32:15.682694
ATMN,24.76,24.76,25.12,2170800.0,2094000.0,0,0,0,0,0,0,0,0,0,0,0,0,0,0,0,0,0,0,0,0,0,0,0,0,0,0,0,0,0,0,0,0,7,2026-02-06 15:32:15.682694
WNTR,24.87,24.87,25.01,2077800.0,1967600.0,0,0,0,0,0,0,0,0,0,0,0,0,0,0,0,0,0,0,0,0,0,0,0,0,0,0,0,0,0,0,0,0,7,2026-02-06 15:32:15.682694
SPNG,25.21,24.64,24.82,2478500.0,2223600.0,0,0,0,0,0,0,0,0,0,0,0,0,0,0,0,0,0,0,0,0,0,0,0,0,0,0,0,0,0,0,0,0,8,2026-02-06 15:32:16.734067
SMMR,24.91,24.91,25.11,2250200.0,2184700.0,0,0,0,0,0,0,0,0,0,0,0,0,0,0,0,0,0,0,0,0,0,0,0,0,0,0,0,0,0,0,0,0,8,2026-02-06 15:32:16.734067
ATMN,24.76,24.76,25.12,2209200.0,2094000.0,0,0,0,0,0,0,0,0,0,0,0,0,0,0,0,0,0,0,0,0,0,0,0,0,0,0,0,0,0,0,0,0,8,2026-02-06 15:32:16.734067
WNTR,25.06,24.87,25.06,2102700.0,1984100.0,0,0,0,0,0,0,0,0,0,0,0,0,0,0,0,0,0,0,0,0,0,0,0,0,0,0,0,0,0,0,0,0,8,2026-02-06 15:32:16.734067
SPNG,25.33,24.76,25.33,2343600.0,2235100.0,0,0,0,0,0,0,0,0,0,0,0,0,0,0,0,0,0,0,0,0,0,0,0,0,0,0,0,0,0,0,0,0,9,2026-02-06 15:32:17.775053
SMMR,24.91,24.91,25.11,2250200.0,2156400.0,0,0,0,0,0,0,0,0,0,0,0,0,0,0,0,0,0,0,0,0,0,0,0,0,0,0,0,0,0,0,0,0,9,2026-02-06 15:32:17.775053
ATMN,24.99,24.99,25.29,2206000.0,2105900.0,0,0,0,0,0,0,0,0,0,0,0,0,0,0,0,0,0,0,0,0,0,0,0,0,0,0,0,0,0,0,0,0,9,2026-02-06 15:32:17.775053
WNTR,25.1,24.95,25.1,2102100.0,1978800.0,0,0,0,0,0,0,0,0,0,0,0,0,0,0,0,0,0,0,0,0,0,0,0,0,0,0,0,0,0,0,0,0,9,2026-02-06 15:32:17.775053
SPNG,24.76,24.76,25.22,2343600.0,2243800.0,0,0,0,0,0,0,0,0,0,0,0,0,0,0,0,0,0,0,0,0,0,0,0,0,0,0,0,0,0,0,0,0,10,2026-02-06 15:32:18.830091
SMMR,24.91,25.05,25.11,2249800.0,2155300.0,0,0,0,0,0,0,0,0,0,0,0,0,0,0,0,0,0,0,0,0,0,0,0,0,0,0,0,0,0,0,0,0,10,2026-02-06 15:32:18.830091
ATMN,24.99,24.99,25.09,2174800.0,2093600.0,0,0,0,0,0,0,0,0,0,0,0,0,0,0,0,0,0,0,0,0,0,0,0,0,0,0,0,0,0,0,0,0,10,2026-02-06 15:32:18.830091
WNTR,25.14,24.95,24.99,2102100.0,2028400.0,0,0,0,0,0,0,0,0,0,0,0,0,0,0,0,0,0,0,0,0,0,0,0,0,0,0,0,0,0,0,0,0,10,2026-02-06 15:32:18.830091
SPNG,24.76,24.76,25.21,2343600.0,2254300.0,0,0,0,0,0,0,0,0,0,0,0,0,0,0,0,0,0,0,0,0,0,0,0,0,0,0,0,0,0,0,0,0,11,2026-02-06 15:32:19.374744
SMMR,25.05,25.05,25.07,2249800.0,2120900.0,0,0,0,0,0,0,0,0,0,0,0,0,0,0,0,0,0,0,0,0,0,0,0,0,0,0,0,0,0,0,0,0,11,2026-02-06 15:32:19.374744
ATMN,24.99,24.99,25.09,2174800.0,2090800.0,0,0,0,0,0,0,0,0,0,0,0,0,0,0,0,0,0,0,0,0,0,0,0,0,0,0,0,0,0,0,0,0,11,2026-02-06 15:32:19.374744
WNTR,24.95,24.95,24.97,2102100.0,2033800.0,0,0,0,0,0,0,0,0,0,0,0,0,0,0,0,0,0,0,0,0,0,0,0,0,0,0,0,0,0,0,0,0,11,2026-02-06 15:32:19.374744
SPNG,25.12,25.12,25.21,2355000.0,2254300.0,0,0,0,0,0,0,0,0,0,0,0,0,0,0,0,0,0,0,0,0,0,0,0,0,0,0,0,0,0,0,0,0,12,2026-02-06 15:32:20.423769
SMMR,25.11,24.9,25.11,2117900.0,2155300.0,0,0,0,0,0,0,0,0,0,0,0,0,0,0,0,0,0,0,0,0,0,0,0,0,0,0,0,0,0,0,0,0,12,2026-02-06 15:32:20.423769
ATMN,24.72,24.72,25.09,2185300.0,2090800.0,0,0,0,0,0,0,0,0,0,0,0,0,0,0,0,0,0,0,0,0,0,0,0,0,0,0,0,0,0,0,0,0,12,2026-02-06 15:32:20.423769
WNTR,24.86,24.86,24.88,2119600.0,2036500.0,0,0,0,0,0,0,0,0,0,0,0,0,0,0,0,0,0,0,0,0,0,0,0,0,0,0,0,0,0,0,0,0,12,2026-02-06 15:32:20.423769
SPNG,24.6,24.94,25.09,2425300.0,2219900.0,0,0,0,0,0,0,0,0,0,0,0,0,0,0,0,0,0,0,0,0,0,0,0,0,0,0,0,0,0,0,0,0,13,2026-02-06 15:32:21.468366
SMMR,24.93,25.08,25.11,2211100.0,2145900.0,0,0,0,0,0,0,0,0,0,0,0,0,0,0,0,0,0,0,0,0,0,0,0,0,0,0,0,0,0,0,0,0,13,2026-02-06 15:32:21.468366
ATMN,24.72,24.72,24.77,2173100.0,2056200.0,0,0,0,0,0,0,0,0,0,0,0,0,0,0,0,0,0,0,0,0,0,0,0,0,0,0,0,0,0,0,0,0,13,2026-02-06 15:32:21.468366
WNTR,24.88,24.92,24.97,2104500.0,2014900.0,0,0,0,0,0,0,0,0,0,0,0,0,0,0,0,0,0,0,0,0,0,0,0,0,0,0,0,0,0,0,0,0,13,2026-02-06 15:32:21.468366
SPNG,24.94,24.94,25.02,2364900.0,2212500.0,0,0,0,0,0,0,0,0,0,0,0,0,0,0,0,0,0,0,0,0,0,0,0,0,0,0,0,0,0,0,0,0,14,2026-02-06 15:32:22.520741
SMMR,25.08,24.9,24.95,2228300.0,2145600.0,0,0,0,0,0,0,0,0,0,0,0,0,0,0,0,0,0,0,0,0,0,0,0,0,0,0,0,0,0,0,0,0,14,2026-02-06 15:32:22.520741
ATMN,25.09,24.99,25.09,2164600.0,2090800.0,0,0,0,0,0,0,0,0,0,0,0,0,0,0,0,0,0,0,0,0,0,0,0,0,0,0,0,0,0,0,0,0,14,2026-02-06 15:32:22.520741
WNTR,24.99,24.92,24.95,2104500.0,2014700.0,0,0,0,0,0,0,0,0,0,0,0,0,0,0,0,0,0,0,0,0,0,0,0,0,0,0,0,0,0,0,0,0,14,2026-02-06 15:32:22.520741
SPNG,24.91,24.91,25.02,2430100.0,2205800.0,0,0,0,0,0,0,0,0,0,0,0,0,0,0,0,0,0,0,0,0,0,0,0,0,0,0,0,0,0,0,0,0,15,2026-02-06 15:32:23.593476
SMMR,24.95,25.02,25.11,2185700.0,2150800.0,0,0,0,0,0,0,0,0,0,0,0,0,0,0,0,0,0,0,0,0,0,0,0,0,0,0,0,0,0,0,0,0,15,2026-02-06 15:32:23.593476
ATMN,25.09,24.99,25.09,2164600.0,2066100.0,0,0,0,0,0,0,0,0,0,0,0,0,0,0,0,0,0,0,0,0,0,0,0,0,0,0,0,0,0,0,0,0,15,2026-02-06 15:32:23.593476
WNTR,24.86,24.86,24.95,2092700.0,2014700.0,0,0,0,0,0,0,0,0,0,0,0,0,0,0,0,0,0,0,0,0,0,0,0,0,0,0,0,0,0,0,0,0,15,2026-02-06 15:32:23.593476
SPNG,25.21,24.91,25.21,2334300.0,2244200.0,0,0,0,0,0,0,0,0,0,0,0,0,0,0,0,0,0,0,0,0,0,0,0,0,0,0,0,0,0,0,0,0,16,2026-02-06 15:32:24.640802
SMMR,25.02,24.9,24.93,2190700.0,2204400.0,0,0,0,0,0,0,0,0,0,0,0,0,0,0,0,0,0,0,0,0,0,0,0,0,0,0,0,0,0,0,0,0,16,2026-02-06 15:32:24.640802
ATMN,25.34,24.99,25.34,2164600.0,2113500.0,0,0,0,0,0,0,0,0,0,0,0,0,0,0,0,0,0,0,0,0,0,0,0,0,0,0,0,0,0,0,0,0,16,2026-02-06 15:32:24.640802
WNTR,24.85,24.85,24.95,2083000.0,2014700.0,0,0,0,0,0,0,0,0,0,0,0,0,0,0,0,0,0,0,0,0,0,0,0,0,0,0,0,0,0,0,0,0,16,2026-02-06 15:32:24.640802
SPNG,24.99,25.04,25.21,2332500.0,2244200.0,0,0,0,0,0,0,0,0,0,0,0,0,0,0,0,0,0,0,0,0,0,0,0,0,0,0,0,0,0,0,0,0,17,2026-02-06 15:32:25.685621
SMMR,24.93,24.9,24.93,2205600.0,2154900.0,0,0,0,0,0,0,0,0,0,0,0,0,0,0,0,0,0,0,0,0,0,0,0,0,0,0,0,0,0,0,0,0,17,2026-02-06 15:32:25.685621
ATMN,24.72,24.72,25.34,2163100.0,2113500.0,0,0,0,0,0,0,0,0,0,0,0,0,0,0,0,0,0,0,0,0,0,0,0,0,0,0,0,0,0,0,0,0,17,2026-02-06 15:32:25.685621
WNTR,24.95,24.93,24.95,2038200.0,2014700.0,0,0,0,0,0,0,0,0,0,0,0,0,0,0,0,0,0,0,0,0,0,0,0,0,0,0,0,0,0,0,0,0,17,2026-02-06 15:32:25.685621
SPNG,24.65,24.65,25.21,2394700.0,2252800.0,0,0,0,0,0,0,0,0,0,0,0,0,0,0,0,0,0,0,0,0,0,0,0,0,0,0,0,0,0,0,0,0,18,2026-02-06 15:32:26.740972
SMMR,24.93,24.9,24.93,2205600.0,2174400.0,0,0,0,0,0,0,0,0,0,0,0,0,0,0,0,0,0,0,0,0,0,0,0,0,0,0,0,0,0,0,0,0,18,2026-02-06 15:32:26.740972
ATMN,24.72,24.82,25.06,2168900.0,2082000.0,0,0,0,0,0,0,0,0,0,0,0,0,0,0,0,0,0,0,0,0,0,0,0,0,0,0,0,0,0,0,0,0,18,2026-02-06 15:32:26.740972
WNTR,24.93,24.85,24.89,2068700.0,2019900.0,0,0,0,0,0,0,0,0,0,0,0,0,0,0,0,0,0,0,0,0,0,0,0,0,0,0,0,0,0,0,0,0,18,2026-02-06 15:32:26.740972
SPNG,24.6,24.6,25.22,2413900.0,2283500.0,0,0,0,0,0,0,0,0,0,0,0,0,0,0,0,0,0,0,0,0,0,0,0,0,0,0,0,0,0,0,0,0,19,2026-02-06 15:32:27.794537
SMMR,24.93,24.89,24.93,2209200.0,2200100.0,0,0,0,0,0,0,0,0,0,0,0,0,0,0,0,0,0,0,0,0,0,0,0,0,0,0,0,0,0,0,0,0,19,2026-02-06 15:32:27.794537
ATMN,24.82,24.97,25.34,2166800.0,2113500.0,0,0,0,0,0,0,0,0,0,0,0,0,0,0,0,0,0,0,0,0,0,0,0,0,0,0,0,0,0,0,0,0,19,2026-02-06 15:32:27.794537
WNTR,24.84,24.84,24.89,2061900.0,2019900.0,0,0,0,0,0,0,0,0,0,0,0,0,0,0,0,0,0,0,0,0,0,0,0,0,0,0,0,0,0,0,0,0,19,2026-02-06 15:32:27.794537
SPNG,25.09,24.53,24.84,2372900.0,2292000.0,0,0,0,0,0,0,0,0,0,0,0,0,0,0,0,0,0,0,0,0,0,0,0,0,0,0,0,0,0,0,0,0,20,2026-02-06 15:32:28.850343
SMMR,24.89,24.89,24.93,2222800.0,2200100.0,0,0,0,0,0,0,0,0,0,0,0,0,0,0,0,0,0,0,0,0,0,0,0,0,0,0,0,0,0,0,0,0,20,2026-02-06 15:32:28.850343
ATMN,25.11,25.31,25.34,2172700.0,2107900.0,0,0,0,0,0,0,0,0,0,0,0,0,0,0,0,0,0,0,0,0,0,0,0,0,0,0,0,0,0,0,0,0,20,2026-02-06 15:32:28.850343
WNTR,25.06,24.95,25.06,2071800.0,2004600.0,0,0,0,0,0,0,0,0,0,0,0,0,0,0,0,0,0,0,0,0,0,0,0,0,0,0,0,0,0,0,0,0,20,2026-02-06 15:32:28.850343
SPNG,25.22,24.65,24.81,2440900.0,2253500.0,0,0,0,0,0,0,0,0,0,0,0,0,0,0,0,0,0,0,0,0,0,0,0,0,0,0,0,0,0,0,0,0,21,2026-02-06 15:32:29.899940
SMMR,24.97,24.88,24.97,2208000.0,2223900.0,0,0,0,0,0,0,0,0,0,0,0,0,0,0,0,0,0,0,0,0,0,0,0,0,0,0,0,0,0,0,0,0,21,2026-02-06 15:32:29.899940
ATMN,25.05,25.12,25.34,2177700.0,2107900.0,0,0,0,0,0,0,0,0,0,0,0,0,0,0,0,0,0,0,0,0,0,0,0,0,0,0,0,0,0,0,0,0,21,2026-02-06 15:32:29.899940
WNTR,24.91,24.91,25.06,2076800.0,2020800.0,0,0,0,0,0,0,0,0,0,0,0,0,0,0,0,0,0,0,0,0,0,0,0,0,0,0,0,0,0,0,0,0,21,2026-02-06 15:32:29.899940
SPNG,25.33,24.65,25.33,2377600.0,2262500.0,0,0,0,0,0,0,0,0,0,0,0,0,0,0,0,0,0,0,0,0,0,0,0,0,0,0,0,0,0,0,0,0,22,2026-02-06 15:32:30.451750
SMMR,24.97,24.94,24.97,2225400.0,2223900.0,0,0,0,0,0,0,0,0,0,0,0,0,0,0,0,0,0,0,0,0,0,0,0,0,0,0,0,0,0,0,0,0,22,2026-02-06 15:32:30.451750
ATMN,25.12,24.97,25.02,2150000.0,2070900.0,0,0,0,0,0,0,0,0,0,0,0,0,0,0,0,0,0,0,0,0,0,0,0,0,0,0,0,0,0,0,0,0,22,2026-02-06 15:32:30.451750
WNTR,24.91,25.01,25.06,2094300.0,2043800.0,0,0,0,0,0,0,0,0,0,0,0,0,0,0,0,0,0,0,0,0,0,0,0,0,0,0,0,0,0,0,0,0,22,2026-02-06 15:32:30.451750
SPNG,25.2,24.65,25.2,2356400.0,2260000.0,0,0,0,0,0,0,0,0,0,0,0,0,0,0,0,0,0,0,0,0,0,0,0,0,0,0,0,0,0,0,0,0,23,2026-02-06 15:32:31.510002
SMMR,24.99,24.88,24.99,2208000.0,2225200.0,0,0,0,0,0,0,0,0,0,0,0,0,0,0,0,0,0,0,0,0,0,0,0,0,0,0,0,0,0,0,0,0,23,2026-02-06 15:32:31.510002
ATMN,24.72,24.72,25.22,2147300.0,2076100.0,0,0,0,0,0,0,0,0,0,0,0,0,0,0,0,0,0,0,0,0,0,0,0,0,0,0,0,0,0,0,0,0,23,2026-02-06 15:32:31.510002
WNTR,25.01,25.01,25.06,2094300.0,2073000.0,0,0,0,0,0,0,0,0,0,0,0,0,0,0,0,0,0,0,0,0,0,0,0,0,0,0,0,0,0,0,0,0,23,2026-02-06 15:32:31.510002
SPNG,25.33,24.65,25.33,2356400.0,2259800.0,0,0,0,0,0,0,0,0,0,0,0,0,0,0,0,0,0,0,0,0,0,0,0,0,0,0,0,0,0,0,0,0,24,2026-02-06 15:32:32.555660
SMMR,24.99,24.82,24.99,2221700.0,2225200.0,0,0,0,0,0,0,0,0,0,0,0,0,0,0,0,0,0,0,0,0,0,0,0,0,0,0,0,0,0,0,0,0,24,2026-02-06 15:32:32.555660
ATMN,24.71,24.75,25.22,2139800.0,2058500.0,0,0,0,0,0,0,0,0,0,0,0,0,0,0,0,0,0,0,0,0,0,0,0,0,0,0,0,0,0,0,0,0,24,2026-02-06 15:32:32.555660
WNTR,24.83,24.83,25.06,2041000.0,2068600.0,0,0,0,0,0,0,0,0,0,0,0,0,0,0,0,0,0,0,0,0,0,0,0,0,0,0,0,0,0,0,0,0,24,2026-02-06 15:32:32.555660
SPNG,24.65,25.19,25.33,2352800.0,2245300.0,0,0,0,0,0,0,0,0,0,0,0,0,0,0,0,0,0,0,0,0,0,0,0,0,0,0,0,0,0,0,0,0,25,2026-02-06 15:32:33.600931
SMMR,24.81,24.98,24.99,2280200.0,2225200.0,0,0,0,0,0,0,0,0,0,0,0,0,0,0,0,0,0,0,0,0,0,0,0,0,0,0,0,0,0,0,0,0,25,2026-02-06 15:32:33.600931
ATMN,24.71,24.99,25.22,2106400.0,2051700.0,0,0,0,0,0,0,0,0,0,0,0,0,0,0,0,0,0,0,0,0,0,0,0,0,0,0,0,0,0,0,0,0,25,2026-02-06 15:32:33.600931
WNTR,24.83,24.83,25.0,2045200.0,2059500.0,0,0,0,0,0,0,0,0,0,0,0,0,0,0,0,0,0,0,0,0,0,0,0,0,0,0,0,0,0,0,0,0,25,2026-02-06 15:32:33.600931
SPNG,24.65,25.19,25.21,2352800.0,2265600.0,0,0,0,0,0,0,0,0,0,0,0,0,0,0,0,0,0,0,0,0,0,0,0,0,0,0,0,0,0,0,0,0,26,2026-02-06 15:32:34.651792
SMMR,24.98,24.81,24.95,2262600.0,2205200.0,0,0,0,0,0,0,0,0,0,0,0,0,0,0,0,0,0,0,0,0,0,0,0,0,0,0,0,0,0,0,0,0,26,2026-02-06 15:32:34.651792
ATMN,24.75,25.07,25.13,2134900.0,2033500.0,0,0,0,0,0,0,0,0,0,0,0,0,0,0,0,0,0,0,0,0,0,0,0,0,0,0,0,0,0,0,0,0,26,2026-02-06 15:32:34.651792
WNTR,25.12,24.85,25.03,2071100.0,2065700.0,0,0,0,0,0,0,0,0,0,0,0,0,0,0,0,0,0,0,0,0,0,0,0,0,0,0,0,0,0,0,0,0,26,2026-02-06 15:32:34.651792
SPNG,25.16,25.16,25.21,2372300.0,2265600.0,0,0,0,0,0,0,0,0,0,0,0,0,0,0,0,0,0,0,0,0,0,0,0,0,0,0,0,0,0,0,0,0,27,2026-02-06 15:32:35.693824
SMMR,24.95,24.98,24.99,2262900.0,2224900.0,0,0,0,0,0,0,0,0,0,0,0,0,0,0,0,0,0,0,0,0,0,0,0,0,0,0,0,0,0,0,0,0,27,2026-02-06 15:32:35.693824
ATMN,25.22,24.75,25.22,2125600.0,2051700.0,0,0,0,0,0,0,0,0,0,0,0,0,0,0,0,0,0,0,0,0,0,0,0,0,0,0,0,0,0,0,0,0,27,2026-02-06 15:32:35.693824
WNTR,24.95,24.85,24.95,2059100.0,2068500.0,0,0,0,0,0,0,0,0,0,0,0,0,0,0,0,0,0,0,0,0,0,0,0,0,0,0,0,0,0,0,0,0,27,2026-02-06 15:32:35.693824
SPNG,25.16,25.16,25.18,2372300.0,2285900.0,0,0,0,0,0,0,0,0,0,0,0,0,0,0,0,0,0,0,0,0,0,0,0,0,0,0,0,0,0,0,0,0,28,2026-02-06 15:32:36.749109
SMMR,24.99,24.98,24.99,2252400.0,2253000.0,0,0,0,0,0,0,0,0,0,0,0,0,0,0,0,0,0,0,0,0,0,0,0,0,0,0,0,0,0,0,0,0,28,2026-02-06 15:32:36.749109
ATMN,25.33,24.75,25.08,2121700.0,2052900.0,0,0,0,0,0,0,0,0,0,0,0,0,0,0,0,0,0,0,0,0,0,0,0,0,0,0,0,0,0,0,0,0,28,2026-02-06 15:32:36.749109
WNTR,25.03,24.98,25.03,2058800.0,2060300.0,0,0,0,0,0,0,0,0,0,0,0,0,0,0,0,0,0,0,0,0,0,0,0,0,0,0,0,0,0,0,0,0,28,2026-02-06 15:32:36.749109
SPNG,25.16,24.65,24.98,2361200.0,2295800.0,0,0,0,0,0,0,0,0,0,0,0,0,0,0,0,0,0,0,0,0,0,0,0,0,0,0,0,0,0,0,0,0,29,2026-02-06 15:32:37.795564
SMMR,24.99,24.98,24.99,2252400.0,2229000.0,0,0,0,0,0,0,0,0,0,0,0,0,0,0,0,0,0,0,0,0,0,0,0,0,0,0,0,0,0,0,0,0,29,2026-02-06 15:32:37.795564
ATMN,25.33,24.9,24.98,2120900.0,2040300.0,0,0,0,0,0,0,0,0,0,0,0,0,0,0,0,0,0,0,0,0,0,0,0,0,0,0,0,0,0,0,0,0,29,2026-02-06 15:32:37.795564
WNTR,25.07,24.82,25.07,2028300.0,2081300.0,0,0,0,0,0,0,0,0,0,0,0,0,0,0,0,0,0,0,0,0,0,0,0,0,0,0,0,0,0,0,0,0,29,2026-02-06 15:32:37.795564
SPNG,25.16,24.65,24.98,2339900.0,2295800.0,0,0,0,0,0,0,0,0,0,0,0,0,0,0,0,0,0,0,0,0,0,0,0,0,0,0,0,0,0,0,0,0,30,2026-02-06 15:32:38.843633
SMMR,24.97,24.81,24.89,2276600.0,2195300.0,0,0,0,0,0,0,0,0,0,0,0,0,0,0,0,0,0,0,0,0,0,0,0,0,0,0,0,0,0,0,0,0,30,2026-02-06 15:32:38.843633
ATMN,24.98,24.9,24.98,2111000.0,2040300.0,0,0,0,0,0,0,0,0,0,0,0,0,0,0,0,0,0,0,0,0,0,0,0,0,0,0,0,0,0,0,0,0,30,2026-02-06 15:32:38.843633
WNTR,24.84,24.84,25.07,2079000.0,2081300.0,0,0,0,0,0,0,0,0,0,0,0,0,0,0,0,0,0,0,0,0,0,0,0,0,0,0,0,0,0,0,0,0,30,2026-02-06 15:32:38.843633
SPNG,25.18,24.72,25.18,2351200.0,2263100.0,0,0,0,0,0,0,0,0,0,0,0,0,0,0,0,0,0,0,0,0,0,0,0,0,0,0,0,0,0,0,0,0,31,2026-02-06 15:32:39.900279
SMMR,24.81,24.81,24.99,2276600.0,2234300.0,0,0,0,0,0,0,0,0,0,0,0,0,0,0,0,0,0,0,0,0,0,0,0,0,0,0,0,0,0,0,0,0,31,2026-02-06 15:32:39.900279
ATMN,25.33,24.9,25.33,2111000.0,2047700.0,0,0,0,0,0,0,0,0,0,0,0,0,0,0,0,0,0,0,0,0,0,0,0,0,0,0,0,0,0,0,0,0,31,2026-02-06 15:32:39.900279
WNTR,24.81,24.81,25.07,2064200.0,2081300.0,0,0,0,0,0,0,0,0,0,0,0,0,0,0,0,0,0,0,0,0,0,0,0,0,0,0,0,0,0,0,0,0,31,2026-02-06 15:32:39.900279
SPNG,25.21,25.02,25.21,2361100.0,2265300.0,0,0,0,0,0,0,0,0,0,0,0,0,0,0,0,0,0,0,0,0,0,0,0,0,0,0,0,0,0,0,0,0,32,2026-02-06 15:32:40.943186
SMMR,24.81,24.81,24.99,2245200.0,2205200.0,0,0,0,0,0,0,0,0,0,0,0,0,0,0,0,0,0,0,0,0,0,0,0,0,0,0,0,0,0,0,0,0,32,2026-02-06 15:32:40.943186
ATMN,24.75,24.75,25.33,2096400.0,2042200.0,0,0,0,0,0,0,0,0,0,0,0,0,0,0,0,0,0,0,0,0,0,0,0,0,0,0,0,0,0,0,0,0,32,2026-02-06 15:32:40.943186
WNTR,25.07,25.1,25.12,2052700.0,2058300.0,0,0,0,0,0,0,0,0,0,0,0,0,0,0,0,0,0,0,0,0,0,0,0,0,0,0,0,0,0,0,0,0,32,2026-02-06 15:32:40.943186
SPNG,25.21,25.02,25.13,2352900.0,2247100.0,0,0,0,0,0,0,0,0,0,0,0,0,0,0,0,0,0,0,0,0,0,0,0,0,0,0,0,0,0,0,0,0,33,2026-02-06 15:32:41.498786
SMMR,24.81,24.93,24.99,2258900.0,2205200.0,0,0,0,0,0,0,0,0,0,0,0,0,0,0,0,0,0,0,0,0,0,0,0,0,0,0,0,0,0,0,0,0,33,2026-02-06 15:32:41.498786
ATMN,24.75,25.09,25.33,2112600.0,2031700.0,0,0,0,0,0,0,0,0,0,0,0,0,0,0,0,0,0,0,0,0,0,0,0,0,0,0,0,0,0,0,0,0,33,2026-02-06 15:32:41.498786
WNTR,25.07,25.1,25.12,2052700.0,2085300.0,0,0,0,0,0,0,0,0,0,0,0,0,0,0,0,0,0,0,0,0,0,0,0,0,0,0,0,0,0,0,0,0,33,2026-02-06 15:32:41.498786
SPNG,25.13,24.72,25.13,2358800.0,2247100.0,0,0,0,0,0,0,0,0,0,0,0,0,0,0,0,0,0,0,0,0,0,0,0,0,0,0,0,0,0,0,0,0,34,2026-02-06 15:32:42.574358
SMMR,25.04,24.93,25.04,2270800.0,2225900.0,0,0,0,0,0,0,0,0,0,0,0,0,0,0,0,0,0,0,0,0,0,0,0,0,0,0,0,0,0,0,0,0,34,2026-02-06 15:32:42.574358
ATMN,24.77,24.75,24.77,2096400.0,2041000.0,0,0,0,0,0,0,0,0,0,0,0,0,0,0,0,0,0,0,0,0,0,0,0,0,0,0,0,0,0,0,0,0,34,2026-02-06 15:32:42.574358
WNTR,24.79,24.9,24.96,2052700.0,2054000.0,0,0,0,0,0,0,0,0,0,0,0,0,0,0,0,0,0,0,0,0,0,0,0,0,0,0,0,0,0,0,0,0,34,2026-02-06 15:32:42.574358
SPNG,24.68,24.68,24.82,2378000.0,2248000.0,0,0,0,0,0,0,0,0,0,0,0,0,0,0,0,0,0,0,0,0,0,0,0,0,0,0,0,0,0,0,0,0,35,2026-02-06 15:32:43.625096
SMMR,25.04,24.93,25.04,2277300.0,2239800.0,0,0,0,0,0,0,0,0,0,0,0,0,0,0,0,0,0,0,0,0,0,0,0,0,0,0,0,0,0,0,0,0,35,2026-02-06 15:32:43.625096
ATMN,24.77,24.8,25.03,2108000.0,2029000.0,0,0,0,0,0,0,0,0,0,0,0,0,0,0,0,0,0,0,0,0,0,0,0,0,0,0,0,0,0,0,0,0,35,2026-02-06 15:32:43.625096
WNTR,24.96,24.96,25.06,2030600.0,2086200.0,0,0,0,0,0,0,0,0,0,0,0,0,0,0,0,0,0,0,0,0,0,0,0,0,0,0,0,0,0,0,0,0,35,2026-02-06 15:32:43.625096
SPNG,24.68,24.7,24.82,2396000.0,2248000.0,0,0,0,0,0,0,0,0,0,0,0,0,0,0,0,0,0,0,0,0,0,0,0,0,0,0,0,0,0,0,0,0,36,2026-02-06 15:32:44.668094
SMMR,25.04,24.93,25.04,2277300.0,2243000.0,0,0,0,0,0,0,0,0,0,0,0,0,0,0,0,0,0,0,0,0,0,0,0,0,0,0,0,0,0,0,0,0,36,2026-02-06 15:32:44.668094
ATMN,24.8,24.8,25.33,2108000.0,2027400.0,0,0,0,0,0,0,0,0,0,0,0,0,0,0,0,0,0,0,0,0,0,0,0,0,0,0,0,0,0,0,0,0,36,2026-02-06 15:32:44.668094
WNTR,24.9,24.9,25.06,2036500.0,2072900.0,0,0,0,0,0,0,0,0,0,0,0,0,0,0,0,0,0,0,0,0,0,0,0,0,0,0,0,0,0,0,0,0,36,2026-02-06 15:32:44.668094
SPNG,24.68,24.7,24.82,2398800.0,2248000.0,0,0,0,0,0,0,0,0,0,0,0,0,0,0,0,0,0,0,0,0,0,0,0,0,0,0,0,0,0,0,0,0,37,2026-02-06 15:32:45.713059
SMMR,25.06,25.02,25.06,2274800.0,2222500.0,0,0,0,0,0,0,0,0,0,0,0,0,0,0,0,0,0,0,0,0,0,0,0,0,0,0,0,0,0,0,0,0,37,2026-02-06 15:32:45.713059
ATMN,25.33,24.8,25.33,2108000.0,2027400.0,0,0,0,0,0,0,0,0,0,0,0,0,0,0,0,0,0,0,0,0,0,0,0,0,0,0,0,0,0,0,0,0,37,2026-02-06 15:32:45.713059
WNTR,24.79,24.79,24.94,2051100.0,2099700.0,0,0,0,0,0,0,0,0,0,0,0,0,0,0,0,0,0,0,0,0,0,0,0,0,0,0,0,0,0,0,0,0,37,2026-02-06 15:32:45.713059
SPNG,24.68,24.71,24.82,2353800.0,2248000.0,0,0,0,0,0,0,0,0,0,0,0,0,0,0,0,0,0,0,0,0,0,0,0,0,0,0,0,0,0,0,0,0,38,2026-02-06 15:32:46.753789
SMMR,25.06,25.02,25.06,2274800.0,2213900.0,0,0,0,0,0,0,0,0,0,0,0,0,0,0,0,0,0,0,0,0,0,0,0,0,0,0,0,0,0,0,0,0,38,2026-02-06 15:32:46.753789
ATMN,24.8,25.1,25.33,2110600.0,2027400.0,0,0,0,0,0,0,0,0,0,0,0,0,0,0,0,0,0,0,0,0,0,0,0,0,0,0,0,0,0,0,0,0,38,2026-02-06 15:32:46.753789
WNTR,24.79,24.89,24.9,2051000.0,2111600.0,0,0,0,0,0,0,0,0,0,0,0,0,0,0,0,0,0,0,0,0,0,0,0,0,0,0,0,0,0,0,0,0,38,2026-02-06 15:32:46.753789
SPNG,24.71,25.2,25.27,2343900.0,2251100.0,0,0,0,0,0,0,0,0,0,0,0,0,0,0,0,0,0,0,0,0,0,0,0,0,0,0,0,0,0,0,0,0,39,2026-02-06 15:32:47.795792
SMMR,24.81,24.81,25.04,2296200.0,2192600.0,0,0,0,0,0,0,0,0,0,0,0,0,0,0,0,0,0,0,0,0,0,0,0,0,0,0,0,0,0,0,0,0,39,2026-02-06 15:32:47.795792
ATMN,24.8,25.1,25.16,2115200.0,2025200.0,0,0,0,0,0,0,0,0,0,0,0,0,0,0,0,0,0,0,0,0,0,0,0,0,0,0,0,0,0,0,0,0,39,2026-02-06 15:32:47.795792
WNTR,24.94,24.89,24.94,2052800.0,2115200.0,0,0,0,0,0,0,0,0,0,0,0,0,0,0,0,0,0,0,0,0,0,0,0,0,0,0,0,0,0,0,0,0,39,2026-02-06 15:32:47.795792
SPNG,24.7,25.14,25.27,2380000.0,2251100.0,0,0,0,0,0,0,0,0,0,0,0,0,0,0,0,0,0,0,0,0,0,0,0,0,0,0,0,0,0,0,0,0,40,2026-02-06 15:32:48.836689
SMMR,25.04,25.06,25.08,2246300.0,2191600.0,0,0,0,0,0,0,0,0,0,0,0,0,0,0,0,0,0,0,0,0,0,0,0,0,0,0,0,0,0,0,0,0,40,2026-02-06 15:32:48.836689
ATMN,24.78,24.9,25.16,2139100.0,2025200.0,0,0,0,0,0,0,0,0,0,0,0,0,0,0,0,0,0,0,0,0,0,0,0,0,0,0,0,0,0,0,0,0,40,2026-02-06 15:32:48.836689
WNTR,24.89,24.89,24.94,2052800.0,2118600.0,0,0,0,0,0,0,0,0,0,0,0,0,0,0,0,0,0,0,0,0,0,0,0,0,0,0,0,0,0,0,0,0,40,2026-02-06 15:32:48.836689
SPNG,24.7,24.68,24.69,2395500.0,2291700.0,0,0,0,0,0,0,0,0,0,0,0,0,0,0,0,0,0,0,0,0,0,0,0,0,0,0,0,0,0,0,0,0,41,2026-02-06 15:32:49.878543
SMMR,25.06,24.95,24.98,2246300.0,2222800.0,0,0,0,0,0,0,0,0,0,0,0,0,0,0,0,0,0,0,0,0,0,0,0,0,0,0,0,0,0,0,0,0,41,2026-02-06 15:32:49.878543
ATMN,24.78,24.9,25.16,2155300.0,2018400.0,0,0,0,0,0,0,0,0,0,0,0,0,0,0,0,0,0,0,0,0,0,0,0,0,0,0,0,0,0,0,0,0,41,2026-02-06 15:32:49.878543
WNTR,24.79,24.79,24.91,2051100.0,2135200.0,0,0,0,0,0,0,0,0,0,0,0,0,0,0,0,0,0,0,0,0,0,0,0,0,0,0,0,0,0,0,0,0,41,2026-02-06 15:32:49.878543
SPNG,25.27,24.83,25.27,2390100.0,2240300.0,0,0,0,0,0,0,0,0,0,0,0,0,0,0,0,0,0,0,0,0,0,0,0,0,0,0,0,0,0,0,0,0,42,2026-02-06 15:32:50.942006
SMMR,24.98,24.95,24.98,2264200.0,2216300.0,0,0,0,0,0,0,0,0,0,0,0,0,0,0,0,0,0,0,0,0,0,0,0,0,0,0,0,0,0,0,0,0,42,2026-02-06 15:32:50.942006
ATMN,24.78,25.0,25.16,2169600.0,2018400.0,0,0,0,0,0,0,0,0,0,0,0,0,0,0,0,0,0,0,0,0,0,0,0,0,0,0,0,0,0,0,0,0,42,2026-02-06 15:32:50.942006
WNTR,24.79,24.79,24.91,2064200.0,2161800.0,0,0,0,0,0,0,0,0,0,0,0,0,0,0,0,0,0,0,0,0,0,0,0,0,0,0,0,0,0,0,0,0,42,2026-02-06 15:32:50.942006
SPNG,25.23,24.83,25.23,2356400.0,2255500.0,0,0,0,0,0,0,0,0,0,0,0,0,0,0,0,0,0,0,0,0,0,0,0,0,0,0,0,0,0,0,0,0,43,2026-02-06 15:32:52.019899
SMMR,25.08,24.95,24.99,2264200.0,2170900.0,0,0,0,0,0,0,0,0,0,0,0,0,0,0,0,0,0,0,0,0,0,0,0,0,0,0,0,0,0,0,0,0,43,2026-02-06 15:32:52.019899
ATMN,25.16,25.0,25.16,2143300.0,2013000.0,0,0,0,0,0,0,0,0,0,0,0,0,0,0,0,0,0,0,0,0,0,0,0,0,0,0,0,0,0,0,0,0,43,2026-02-06 15:32:52.019899
WNTR,24.91,24.77,24.91,2098200.0,2161800.0,0,0,0,0,0,0,0,0,0,0,0,0,0,0,0,0,0,0,0,0,0,0,0,0,0,0,0,0,0,0,0,0,43,2026-02-06 15:32:52.019899
SPNG,25.23,24.83,25.23,2356400.0,2255500.0,0,0,0,0,0,0,0,0,0,0,0,0,0,0,0,0,0,0,0,0,0,0,0,0,0,0,0,0,0,0,0,0,44,2026-02-06 15:32:52.574892
SMMR,24.94,24.94,24.99,2273300.0,2170900.0,0,0,0,0,0,0,0,0,0,0,0,0,0,0,0,0,0,0,0,0,0,0,0,0,0,0,0,0,0,0,0,0,44,2026-02-06 15:32:52.574892
ATMN,25.16,25.0,25.16,2108100.0,2013000.0,0,0,0,0,0,0,0,0,0,0,0,0,0,0,0,0,0,0,0,0,0,0,0,0,0,0,0,0,0,0,0,0,44,2026-02-06 15:32:52.574892
WNTR,24.91,24.82,24.91,2097600.0,2161800.0,0,0,0,0,0,0,0,0,0,0,0,0,0,0,0,0,0,0,0,0,0,0,0,0,0,0,0,0,0,0,0,0,44,2026-02-06 15:32:52.574892
SPNG,25.23,25.0,25.12,2364500.0,2218400.0,0,0,0,0,0,0,0,0,0,0,0,0,0,0,0,0,0,0,0,0,0,0,0,0,0,0,0,0,0,0,0,0,45,2026-02-06 15:32:53.648690
SMMR,24.81,24.81,24.99,2279200.0,2170900.0,0,0,0,0,0,0,0,0,0,0,0,0,0,0,0,0,0,0,0,0,0,0,0,0,0,0,0,0,0,0,0,0,45,2026-02-06 15:32:53.648690
ATMN,25.33,25.0,25.07,2125400.0,2008300.0,0,0,0,0,0,0,0,0,0,0,0,0,0,0,0,0,0,0,0,0,0,0,0,0,0,0,0,0,0,0,0,0,45,2026-02-06 15:32:53.648690
WNTR,24.82,24.82,24.93,2097600.0,2172200.0,0,0,0,0,0,0,0,0,0,0,0,0,0,0,0,0,0,0,0,0,0,0,0,0,0,0,0,0,0,0,0,0,45,2026-02-06 15:32:53.648690
SPNG,25.23,25.0,25.1,2364500.0,2273300.0,0,0,0,0,0,0,0,0,0,0,0,0,0,0,0,0,0,0,0,0,0,0,0,0,0,0,0,0,0,0,0,0,46,2026-02-06 15:32:54.733065
SMMR,24.99,24.81,24.99,2267300.0,2175700.0,0,0,0,0,0,0,0,0,0,0,0,0,0,0,0,0,0,0,0,0,0,0,0,0,0,0,0,0,0,0,0,0,46,2026-02-06 15:32:54.733065
ATMN,25.0,25.0,25.33,2127500.0,2010000.0,0,0,0,0,0,0,0,0,0,0,0,0,0,0,0,0,0,0,0,0,0,0,0,0,0,0,0,0,0,0,0,0,46,2026-02-06 15:32:54.733065
WNTR,24.8,24.77,24.8,2098200.0,2155500.0,0,0,0,0,0,0,0,0,0,0,0,0,0,0,0,0,0,0,0,0,0,0,0,0,0,0,0,0,0,0,0,0,46,2026-02-06 15:32:54.733065
SPNG,25.23,25.0,25.03,2357900.0,2320900.0,0,0,0,0,0,0,0,0,0,0,0,0,0,0,0,0,0,0,0,0,0,0,0,0,0,0,0,0,0,0,0,0,47,2026-02-06 15:32:55.893385
SMMR,25.06,24.89,25.06,2232100.0,2152700.0,0,0,0,0,0,0,0,0,0,0,0,0,0,0,0,0,0,0,0,0,0,0,0,0,0,0,0,0,0,0,0,0,47,2026-02-06 15:32:55.893385
ATMN,25.0,25.13,25.33,2123400.0,2001700.0,0,0,0,0,0,0,0,0,0,0,0,0,0,0,0,0,0,0,0,0,0,0,0,0,0,0,0,0,0,0,0,0,47,2026-02-06 15:32:55.893385
WNTR,24.8,24.9,24.93,2106500.0,2149500.0,0,0,0,0,0,0,0,0,0,0,0,0,0,0,0,0,0,0,0,0,0,0,0,0,0,0,0,0,0,0,0,0,47,2026-02-06 15:32:55.893385
SPNG,25.0,25.0,25.03,2341400.0,2320900.0,0,0,0,0,0,0,0,0,0,0,0,0,0,0,0,0,0,0,0,0,0,0,0,0,0,0,0,0,0,0,0,0,48,2026-02-06 15:32:56.972046
SMMR,25.06,25.02,25.06,2203000.0,2151000.0,0,0,0,0,0,0,0,0,0,0,0,0,0,0,0,0,0,0,0,0,0,0,0,0,0,0,0,0,0,0,0,0,48,2026-02-06 15:32:56.972046
ATMN,24.93,24.93,25.33,2166500.0,2001700.0,0,0,0,0,0,0,0,0,0,0,0,0,0,0,0,0,0,0,0,0,0,0,0,0,0,0,0,0,0,0,0,0,48,2026-02-06 15:32:56.972046
WNTR,24.84,24.84,24.93,2124200.0,2160200.0,0,0,0,0,0,0,0,0,0,0,0,0,0,0,0,0,0,0,0,0,0,0,0,0,0,0,0,0,0,0,0,0,48,2026-02-06 15:32:56.972046
SPNG,24.82,24.82,25.03,2379200.0,2336700.0,0,0,0,0,0,0,0,0,0,0,0,0,0,0,0,0,0,0,0,0,0,0,0,0,0,0,0,0,0,0,0,0,49,2026-02-06 15:32:58.042732
SMMR,24.98,24.98,25.06,2177300.0,2144400.0,0,0,0,0,0,0,0,0,0,0,0,0,0,0,0,0,0,0,0,0,0,0,0,0,0,0,0,0,0,0,0,0,49,2026-02-06 15:32:58.042732
ATMN,25.34,24.93,25.34,2166600.0,2023500.0,0,0,0,0,0,0,0,0,0,0,0,0,0,0,0,0,0,0,0,0,0,0,0,0,0,0,0,0,0,0,0,0,49,2026-02-06 15:32:58.042732
WNTR,24.8,24.81,24.92,2118400.0,2156100.0,0,0,0,0,0,0,0,0,0,0,0,0,0,0,0,0,0,0,0,0,0,0,0,0,0,0,0,0,0,0,0,0,49,2026-02-06 15:32:58.042732
SPNG,25.03,24.82,25.03,2379200.0,2328800.0,0,0,0,0,0,0,0,0,0,0,0,0,0,0,0,0,0,0,0,0,0,0,0,0,0,0,0,0,0,0,0,0,50,2026-02-06 15:32:58.791953
SMMR,25.01,25.04,25.08,2153100.0,2148800.0,0,0,0,0,0,0,0,0,0,0,0,0,0,0,0,0,0,0,0,0,0,0,0,0,0,0,0,0,0,0,0,0,50,2026-02-06 15:32:58.791953
ATMN,25.34,24.99,25.07,2162700.0,1997100.0,0,0,0,0,0,0,0,0,0,0,0,0,0,0,0,0,0,0,0,0,0,0,0,0,0,0,0,0,0,0,0,0,50,2026-02-06 15:32:58.791953
WNTR,24.88,24.88,24.92,2139900.0,2127100.0,0,0,0,0,0,0,0,0,0,0,0,0,0,0,0,0,0,0,0,0,0,0,0,0,0,0,0,0,0,0,0,0,50,2026-02-06 15:32:58.791953
SPNG,25.03,25.0,25.03,2373700.0,2366300.0,0,0,0,0,0,0,0,0,0,0,0,0,0,0,0,0,0,0,0,0,0,0,0,0,0,0,0,0,0,0,0,0,51,2026-02-06 15:32:59.928490
SMMR,25.09,24.98,25.09,2177300.0,2132600.0,0,0,0,0,0,0,0,0,0,0,0,0,0,0,0,0,0,0,0,0,0,0,0,0,0,0,0,0,0,0,0,0,51,2026-02-06 15:32:59.928490
ATMN,25.35,24.99,25.35,2157000.0,2016800.0,0,0,0,0,0,0,0,0,0,0,0,0,0,0,0,0,0,0,0,0,0,0,0,0,0,0,0,0,0,0,0,0,51,2026-02-06 15:32:59.928490
WNTR,24.81,24.77,24.79,2155600.0,2126000.0,0,0,0,0,0,0,0,0,0,0,0,0,0,0,0,0,0,0,0,0,0,0,0,0,0,0,0,0,0,0,0,0,51,2026-02-06 15:32:59.928490
SPNG,25.0,25.0,25.03,2373700.0,2336000.0,0,0,0,0,0,0,0,0,0,0,0,0,0,0,0,0,0,0,0,0,0,0,0,0,0,0,0,0,0,0,0,0,52,2026-02-06 15:33:00.995766
SMMR,25.1,24.89,25.1,2205000.0,2143900.0,0,0,0,0,0,0,0,0,0,0,0,0,0,0,0,0,0,0,0,0,0,0,0,0,0,0,0,0,0,0,0,0,52,2026-02-06 15:33:00.995766
ATMN,25.35,24.99,25.27,2136600.0,2016500.0,0,0,0,0,0,0,0,0,0,0,0,0,0,0,0,0,0,0,0,0,0,0,0,0,0,0,0,0,0,0,0,0,52,2026-02-06 15:33:00.995766
WNTR,24.93,24.77,24.93,2155600.0,2132600.0,0,0,0,0,0,0,0,0,0,0,0,0,0,0,0,0,0,0,0,0,0,0,0,0,0,0,0,0,0,0,0,0,52,2026-02-06 15:33:00.995766
SPNG,25.0,24.82,24.95,2379200.0,2327700.0,0,0,0,0,0,0,0,0,0,0,0,0,0,0,0,0,0,0,0,0,0,0,0,0,0,0,0,0,0,0,0,0,53,2026-02-06 15:33:02.081851
SMMR,24.84,25.01,25.1,2189600.0,2143900.0,0,0,0,0,0,0,0,0,0,0,0,0,0,0,0,0,0,0,0,0,0,0,0,0,0,0,0,0,0,0,0,0,53,2026-02-06 15:33:02.081851
ATMN,24.99,24.99,25.23,2136600.0,1996300.0,0,0,0,0,0,0,0,0,0,0,0,0,0,0,0,0,0,0,0,0,0,0,0,0,0,0,0,0,0,0,0,0,53,2026-02-06 15:33:02.081851
WNTR,24.93,24.77,24.83,2155600.0,2090600.0,0,0,0,0,0,0,0,0,0,0,0,0,0,0,0,0,0,0,0,0,0,0,0,0,0,0,0,0,0,0,0,0,53,2026-02-06 15:33:02.081851
SPNG,25.1,24.97,25.1,2395900.0,2330400.0,0,0,0,0,0,0,0,0,0,0,0,0,0,0,0,0,0,0,0,0,0,0,0,0,0,0,0,0,0,0,0,0,54,2026-02-06 15:33:02.639248
SMMR,25.01,25.01,25.1,2189600.0,2143900.0,0,0,0,0,0,0,0,0,0,0,0,0,0,0,0,0,0,0,0,0,0,0,0,0,0,0,0,0,0,0,0,0,54,2026-02-06 15:33:02.639248
ATMN,24.93,24.93,25.23,2157400.0,1996300.0,0,0,0,0,0,0,0,0,0,0,0,0,0,0,0,0,0,0,0,0,0,0,0,0,0,0,0,0,0,0,0,0,54,2026-02-06 15:33:02.639248
WNTR,24.83,24.77,24.83,2155600.0,2090600.0,0,0,0,0,0,0,0,0,0,0,0,0,0,0,0,0,0,0,0,0,0,0,0,0,0,0,0,0,0,0,0,0,54,2026-02-06 15:33:02.639248
SPNG,25.15,24.97,25.15,2395900.0,2309900.0,0,0,0,0,0,0,0,0,0,0,0,0,0,0,0,0,0,0,0,0,0,0,0,0,0,0,0,0,0,0,0,0,55,2026-02-06 15:33:03.709367
SMMR,25.1,24.92,25.1,2212900.0,2143900.0,0,0,0,0,0,0,0,0,0,0,0,0,0,0,0,0,0,0,0,0,0,0,0,0,0,0,0,0,0,0,0,0,55,2026-02-06 15:33:03.709367
ATMN,25.23,24.93,25.04,2157400.0,1993700.0,0,0,0,0,0,0,0,0,0,0,0,0,0,0,0,0,0,0,0,0,0,0,0,0,0,0,0,0,0,0,0,0,55,2026-02-06 15:33:03.709367
WNTR,24.84,24.77,24.84,2155600.0,2147200.0,0,0,0,0,0,0,0,0,0,0,0,0,0,0,0,0,0,0,0,0,0,0,0,0,0,0,0,0,0,0,0,0,55,2026-02-06 15:33:03.709367
SPNG,25.15,25.12,25.15,2362600.0,2309900.0,0,0,0,0,0,0,0,0,0,0,0,0,0,0,0,0,0,0,0,0,0,0,0,0,0,0,0,0,0,0,0,0,56,2026-02-06 15:33:04.789293
SMMR,25.12,24.92,24.93,2212900.0,2167400.0,0,0,0,0,0,0,0,0,0,0,0,0,0,0,0,0,0,0,0,0,0,0,0,0,0,0,0,0,0,0,0,0,56,2026-02-06 15:33:04.789293
ATMN,25.27,24.93,25.27,2154300.0,1991100.0,0,0,0,0,0,0,0,0,0,0,0,0,0,0,0,0,0,0,0,0,0,0,0,0,0,0,0,0,0,0,0,0,56,2026-02-06 15:33:04.789293
WNTR,24.84,24.77,24.84,2253500.0,2147200.0,0,0,0,0,0,0,0,0,0,0,0,0,0,0,0,0,0,0,0,0,0,0,0,0,0,0,0,0,0,0,0,0,56,2026-02-06 15:33:04.789293
SPNG,25.12,24.97,25.11,2378900.0,2318100.0,0,0,0,0,0,0,0,0,0,0,0,0,0,0,0,0,0,0,0,0,0,0,0,0,0,0,0,0,0,0,0,0,57,2026-02-06 15:33:05.907372
SMMR,25.12,24.84,25.12,2223400.0,2162100.0,0,0,0,0,0,0,0,0,0,0,0,0,0,0,0,0,0,0,0,0,0,0,0,0,0,0,0,0,0,0,0,0,57,2026-02-06 15:33:05.907372
ATMN,25.36,24.93,25.05,2154300.0,2017000.0,0,0,0,0,0,0,0,0,0,0,0,0,0,0,0,0,0,0,0,0,0,0,0,0,0,0,0,0,0,0,0,0,57,2026-02-06 15:33:05.907372
WNTR,24.86,24.79,24.86,2238700.0,2112100.0,0,0,0,0,0,0,0,0,0,0,0,0,0,0,0,0,0,0,0,0,0,0,0,0,0,0,0,0,0,0,0,0,57,2026-02-06 15:33:05.907372
SPNG,24.97,24.97,25.02,2373500.0,2302000.0,0,0,0,0,0,0,0,0,0,0,0,0,0,0,0,0,0,0,0,0,0,0,0,0,0,0,0,0,0,0,0,0,58,2026-02-06 15:33:06.959825
SMMR,24.97,24.97,25.12,2261900.0,2162100.0,0,0,0,0,0,0,0,0,0,0,0,0,0,0,0,0,0,0,0,0,0,0,0,0,0,0,0,0,0,0,0,0,58,2026-02-06 15:33:06.959825
ATMN,24.9,24.9,25.05,2149600.0,2013000.0,0,0,0,0,0,0,0,0,0,0,0,0,0,0,0,0,0,0,0,0,0,0,0,0,0,0,0,0,0,0,0,0,58,2026-02-06 15:33:06.959825
WNTR,24.86,24.79,24.86,2236200.0,2118400.0,0,0,0,0,0,0,0,0,0,0,0,0,0,0,0,0,0,0,0,0,0,0,0,0,0,0,0,0,0,0,0,0,58,2026-02-06 15:33:06.959825
SPNG,25.2,24.97,25.01,2373500.0,2310800.0,0,0,0,0,0,0,0,0,0,0,0,0,0,0,0,0,0,0,0,0,0,0,0,0,0,0,0,0,0,0,0,0,59,2026-02-06 15:33:08.012206
SMMR,24.97,24.79,24.95,2247500.0,2182800.0,0,0,0,0,0,0,0,0,0,0,0,0,0,0,0,0,0,0,0,0,0,0,0,0,0,0,0,0,0,0,0,0,59,2026-02-06 15:33:08.012206
ATMN,24.88,24.88,25.0,2145000.0,1987300.0,0,0,0,0,0,0,0,0,0,0,0,0,0,0,0,0,0,0,0,0,0,0,0,0,0,0,0,0,0,0,0,0,59,2026-02-06 15:33:08.012206
WNTR,24.88,24.92,24.93,2197300.0,2106300.0,0,0,0,0,0,0,0,0,0,0,0,0,0,0,0,0,0,0,0,0,0,0,0,0,0,0,0,0,0,0,0,0,59,2026-02-06 15:33:08.012206
SPNG,24.79,24.96,0.0,200000.0,,0,0,0,0,0,0,0,0,0,0,0,0,0,0,0,0,0,0,0,0,0,0,0,0,0,0,0,0,0,0,0,0,60,2026-02-06 15:33:09.064772
SMMR,24.97,24.42,24.74,891400.0,879000.0,0,0,0,0,0,0,0,0,0,0,0,0,0,0,0,0,0,0,0,0,0,0,0,0,0,0,0,0,0,0,0,0,60,2026-02-06 15:33:09.064772
ATMN,24.46,24.46,24.72,973200.0,713300.0,0,0,0,0,0,0,0,0,0,0,0,0,0,0,0,0,0,0,0,0,0,0,0,0,0,0,0,0,0,0,0,0,60,2026-02-06 15:33:09.064772
WNTR,24.93,24.65,0.0,200000.0,,0,0,0,0,0,0,0,0,0,0,0,0,0,0,0,0,0,0,0,0,0,0,0,0,0,0,0,0,0,0,0,0,60,2026-02-06 15:33:09.064772
SPNG,24.96,24.96,25.73,1124000.0,886900.0,0,0,0,0,0,0,0,0,0,0,0,0,0,0,0,0,0,0,0,0,0,0,0,0,0,0,0,0,0,0,0,0,61,2026-02-06 15:33:10.112049
SMMR,24.97,24.42,24.47,891400.0,1321000.0,0,0,0,0,0,0,0,0,0,0,0,0,0,0,0,0,0,0,0,0,0,0,0,0,0,0,0,0,0,0,0,0,61,2026-02-06 15:33:10.112049
ATMN,24.4,24.4,24.72,1004500.0,935200.0,0,0,0,0,0,0,0,0,0,0,0,0,0,0,0,0,0,0,0,0,0,0,0,0,0,0,0,0,0,0,0,0,61,2026-02-06 15:33:10.112049
WNTR,24.65,24.65,24.76,886700.0,797100.0,0,0,0,0,0,0,0,0,0,0,0,0,0,0,0,0,0,0,0,0,0,0,0,0,0,0,0,0,0,0,0,0,61,2026-02-06 15:33:10.112049
SPNG,24.96,24.55,24.91,1162100.0,1136900.0,0,0,0,0,0,0,0,0,0,0,0,0,0,0,0,0,0,0,0,0,0,0,0,0,0,0,0,0,0,0,0,0,62,2026-02-06 15:33:10.683927
SMMR,24.42,24.42,24.47,891400.0,1438900.0,0,0,0,0,0,0,0,0,0,0,0,0,0,0,0,0,0,0,0,0,0,0,0,0,0,0,0,0,0,0,0,0,62,2026-02-06 15:33:10.683927
ATMN,24.4,23.82,24.17,1145700.0,1061500.0,0,0,0,0,0,0,0,0,0,0,0,0,0,0,0,0,0,0,0,0,0,0,0,0,0,0,0,0,0,0,0,0,62,2026-02-06 15:33:10.683927
WNTR,24.65,24.65,24.76,905800.0,897400.0,0,0,0,0,0,0,0,0,0,0,0,0,0,0,0,0,0,0,0,0,0,0,0,0,0,0,0,0,0,0,0,0,62,2026-02-06 15:33:10.683927
SPNG,24.91,25.07,25.73,1403100.0,1252800.0,0,0,0,0,0,0,0,0,0,0,0,0,0,0,0,0,0,0,0,0,0,0,0,0,0,0,0,0,0,0,0,0,63,2026-02-06 15:33:11.808885
SMMR,24.25,24.25,24.47,914300.0,1550800.0,0,0,0,0,0,0,0,0,0,0,0,0,0,0,0,0,0,0,0,0,0,0,0,0,0,0,0,0,0,0,0,0,63,2026-02-06 15:33:11.808885
ATMN,24.44,24.15,24.25,1357900.0,1063400.0,0,0,0,0,0,0,0,0,0,0,0,0,0,0,0,0,0,0,0,0,0,0,0,0,0,0,0,0,0,0,0,0,63,2026-02-06 15:33:11.808885
WNTR,24.73,24.65,24.66,905800.0,1112800.0,0,0,0,0,0,0,0,0,0,0,0,0,0,0,0,0,0,0,0,0,0,0,0,0,0,0,0,0,0,0,0,0,63,2026-02-06 15:33:11.808885
SPNG,24.91,25.07,25.36,1403100.0,1588000.0,0,0,0,0,0,0,0,0,0,0,0,0,0,0,0,0,0,0,0,0,0,0,0,0,0,0,0,0,0,0,0,0,64,2026-02-06 15:33:12.864448
SMMR,24.21,24.21,24.34,1051800.0,1762100.0,0,0,0,0,0,0,0,0,0,0,0,0,0,0,0,0,0,0,0,0,0,0,0,0,0,0,0,0,0,0,0,0,64,2026-02-06 15:33:12.864448
ATMN,24.15,24.15,24.62,1357900.0,1030100.0,0,0,0,0,0,0,0,0,0,0,0,0,0,0,0,0,0,0,0,0,0,0,0,0,0,0,0,0,0,0,0,0,64,2026-02-06 15:33:12.864448
WNTR,24.64,24.64,24.66,997400.0,1112800.0,0,0,0,0,0,0,0,0,0,0,0,0,0,0,0,0,0,0,0,0,0,0,0,0,0,0,0,0,0,0,0,0,64,2026-02-06 15:33:12.864448
SPNG,25.07,24.81,24.88,1385800.0,1948200.0,0,0,0,0,0,0,0,0,0,0,0,0,0,0,0,0,0,0,0,0,0,0,0,0,0,0,0,0,0,0,0,0,65,2026-02-06 15:33:13.910201
SMMR,24.14,24.14,24.22,1074900.0,1877100.0,0,0,0,0,0,0,0,0,0,0,0,0,0,0,0,0,0,0,0,0,0,0,0,0,0,0,0,0,0,0,0,0,65,2026-02-06 15:33:13.910201
ATMN,24.59,24.15,24.5,1357900.0,1138800.0,0,0,0,0,0,0,0,0,0,0,0,0,0,0,0,0,0,0,0,0,0,0,0,0,0,0,0,0,0,0,0,0,65,2026-02-06 15:33:13.910201
WNTR,24.66,24.75,24.76,1227900.0,1214400.0,0,0,0,0,0,0,0,0,0,0,0,0,0,0,0,0,0,0,0,0,0,0,0,0,0,0,0,0,0,0,0,0,65,2026-02-06 15:33:13.910201
SPNG,24.56,24.56,24.76,1290500.0,1946900.0,0,0,0,0,0,0,0,0,0,0,0,0,0,0,0,0,0,0,0,0,0,0,0,0,0,0,0,0,0,0,0,0,66,2026-02-06 15:33:14.954693
SMMR,24.22,24.14,24.15,1183100.0,1983900.0,0,0,0,0,0,0,0,0,0,0,0,0,0,0,0,0,0,0,0,0,0,0,0,0,0,0,0,0,0,0,0,0,66,2026-02-06 15:33:14.954693
ATMN,24.59,24.31,24.5,1693100.0,1138800.0,0,0,0,0,0,0,0,0,0,0,0,0,0,0,0,0,0,0,0,0,0,0,0,0,0,0,0,0,0,0,0,0,66,2026-02-06 15:33:14.954693
WNTR,24.75,24.75,24.76,1334800.0,1296500.0,0,0,0,0,0,0,0,0,0,0,0,0,0,0,0,0,0,0,0,0,0,0,0,0,0,0,0,0,0,0,0,0,66,2026-02-06 15:33:14.954693
SPNG,24.76,25.18,25.36,1742200.0,1841800.0,0,0,0,0,0,0,0,0,0,0,0,0,0,0,0,0,0,0,0,0,0,0,0,0,0,0,0,0,0,0,0,0,67,2026-02-06 15:33:16.008994
SMMR,24.05,24.05,24.34,1079700.0,1891000.0,0,0,0,0,0,0,0,0,0,0,0,0,0,0,0,0,0,0,0,0,0,0,0,0,0,0,0,0,0,0,0,0,67,2026-02-06 15:33:16.008994
ATMN,24.62,24.39,24.62,1908100.0,1118400.0,0,0,0,0,0,0,0,0,0,0,0,0,0,0,0,0,0,0,0,0,0,0,0,0,0,0,0,0,0,0,0,0,67,2026-02-06 15:33:16.008994
WNTR,24.74,24.68,24.71,1303200.0,1514800.0,0,0,0,0,0,0,0,0,0,0,0,0,0,0,0,0,0,0,0,0,0,0,0,0,0,0,0,0,0,0,0,0,67,2026-02-06 15:33:16.008994
SPNG,24.55,24.55,25.27,1507400.0,2188000.0,0,0,0,0,0,0,0,0,0,0,0,0,0,0,0,0,0,0,0,0,0,0,0,0,0,0,0,0,0,0,0,0,68,2026-02-06 15:33:17.106505
SMMR,24.05,24.17,24.34,1452700.0,1891000.0,0,0,0,0,0,0,0,0,0,0,0,0,0,0,0,0,0,0,0,0,0,0,0,0,0,0,0,0,0,0,0,0,68,2026-02-06 15:33:17.106505
ATMN,24.31,24.42,24.62,1931200.0,1118400.0,0,0,0,0,0,0,0,0,0,0,0,0,0,0,0,0,0,0,0,0,0,0,0,0,0,0,0,0,0,0,0,0,68,2026-02-06 15:33:17.106505
WNTR,24.76,24.64,24.76,1309100.0,1296500.0,0,0,0,0,0,0,0,0,0,0,0,0,0,0,0,0,0,0,0,0,0,0,0,0,0,0,0,0,0,0,0,0,68,2026-02-06 15:33:17.106505
SPNG,24.46,24.46,25.27,1491700.0,2188000.0,0,0,0,0,0,0,0,0,0,0,0,0,0,0,0,0,0,0,0,0,0,0,0,0,0,0,0,0,0,0,0,0,69,2026-02-06 15:33:18.161340
SMMR,24.3,24.17,24.27,1452700.0,1887300.0,0,0,0,0,0,0,0,0,0,0,0,0,0,0,0,0,0,0,0,0,0,0,0,0,0,0,0,0,0,0,0,0,69,2026-02-06 15:33:18.161340
ATMN,24.64,24.66,24.72,2050900.0,935200.0,0,0,0,0,0,0,0,0,0,0,0,0,0,0,0,0,0,0,0,0,0,0,0,0,0,0,0,0,0,0,0,0,69,2026-02-06 15:33:18.161340
WNTR,24.64,24.64,24.76,1185100.0,1403600.0,0,0,0,0,0,0,0,0,0,0,0,0,0,0,0,0,0,0,0,0,0,0,0,0,0,0,0,0,0,0,0,0,69,2026-02-06 15:33:18.161340
SPNG,24.46,24.46,25.27,1632300.0,2219200.0,0,0,0,0,0,0,0,0,0,0,0,0,0,0,0,0,0,0,0,0,0,0,0,0,0,0,0,0,0,0,0,0,70,2026-02-06 15:33:18.744225
SMMR,24.3,24.17,24.27,1667500.0,1887300.0,0,0,0,0,0,0,0,0,0,0,0,0,0,0,0,0,0,0,0,0,0,0,0,0,0,0,0,0,0,0,0,0,70,2026-02-06 15:33:18.744225
ATMN,24.64,24.66,24.71,2050900.0,1179600.0,0,0,0,0,0,0,0,0,0,0,0,0,0,0,0,0,0,0,0,0,0,0,0,0,0,0,0,0,0,0,0,0,70,2026-02-06 15:33:18.744225
WNTR,24.62,24.62,24.76,1078200.0,1512100.0,0,0,0,0,0,0,0,0,0,0,0,0,0,0,0,0,0,0,0,0,0,0,0,0,0,0,0,0,0,0,0,0,70,2026-02-06 15:33:18.744225
SPNG,25.22,24.46,25.05,1743500.0,2274900.0,0,0,0,0,0,0,0,0,0,0,0,0,0,0,0,0,0,0,0,0,0,0,0,0,0,0,0,0,0,0,0,0,71,2026-02-06 15:33:19.852979
SMMR,24.05,24.05,24.38,1527000.0,1770300.0,0,0,0,0,0,0,0,0,0,0,0,0,0,0,0,0,0,0,0,0,0,0,0,0,0,0,0,0,0,0,0,0,71,2026-02-06 15:33:19.852979
ATMN,24.64,24.66,24.69,2050900.0,1601300.0,0,0,0,0,0,0,0,0,0,0,0,0,0,0,0,0,0,0,0,0,0,0,0,0,0,0,0,0,0,0,0,0,71,2026-02-06 15:33:19.852979
WNTR,24.67,24.67,24.76,1078200.0,1692800.0,0,0,0,0,0,0,0,0,0,0,0,0,0,0,0,0,0,0,0,0,0,0,0,0,0,0,0,0,0,0,0,0,71,2026-02-06 15:33:19.852979
SPNG,24.46,24.46,25.27,1949700.0,2219200.0,0,0,0,0,0,0,0,0,0,0,0,0,0,0,0,0,0,0,0,0,0,0,0,0,0,0,0,0,0,0,0,0,72,2026-02-06 15:33:20.992968
SMMR,24.05,24.09,24.1,1767600.0,1862400.0,0,0,0,0,0,0,0,0,0,0,0,0,0,0,0,0,0,0,0,0,0,0,0,0,0,0,0,0,0,0,0,0,72,2026-02-06 15:33:20.992968
ATMN,24.64,24.66,24.69,2050900.0,2063000.0,0,0,0,0,0,0,0,0,0,0,0,0,0,0,0,0,0,0,0,0,0,0,0,0,0,0,0,0,0,0,0,0,72,2026-02-06 15:33:20.992968
WNTR,24.63,24.63,24.66,1326100.0,1692800.0,0,0,0,0,0,0,0,0,0,0,0,0,0,0,0,0,0,0,0,0,0,0,0,0,0,0,0,0,0,0,0,0,72,2026-02-06 15:33:20.992968
SPNG,24.46,24.8,25.16,2314200.0,2255100.0,0,0,0,0,0,0,0,0,0,0,0,0,0,0,0,0,0,0,0,0,0,0,0,0,0,0,0,0,0,0,0,0,73,2026-02-06 15:33:22.079710
SMMR,24.1,24.24,24.38,2017300.0,1770300.0,0,0,0,0,0,0,0,0,0,0,0,0,0,0,0,0,0,0,0,0,0,0,0,0,0,0,0,0,0,0,0,0,73,2026-02-06 15:33:22.079710
ATMN,24.64,24.66,24.69,2050900.0,2133600.0,0,0,0,0,0,0,0,0,0,0,0,0,0,0,0,0,0,0,0,0,0,0,0,0,0,0,0,0,0,0,0,0,73,2026-02-06 15:33:22.079710
WNTR,24.66,24.7,24.76,987000.0,1598900.0,0,0,0,0,0,0,0,0,0,0,0,0,0,0,0,0,0,0,0,0,0,0,0,0,0,0,0,0,0,0,0,0,73,2026-02-06 15:33:22.079710
SPNG,24.82,24.8,24.82,2444300.0,2281700.0,0,0,0,0,0,0,0,0,0,0,0,0,0,0,0,0,0,0,0,0,0,0,0,0,0,0,0,0,0,0,0,0,74,2026-02-06 15:33:23.136703
SMMR,24.09,24.09,24.32,1881500.0,1883000.0,0,0,0,0,0,0,0,0,0,0,0,0,0,0,0,0,0,0,0,0,0,0,0,0,0,0,0,0,0,0,0,0,74,2026-02-06 15:33:23.136703
ATMN,24.69,24.31,24.69,1807100.0,2136200.0,0,0,0,0,0,0,0,0,0,0,0,0,0,0,0,0,0,0,0,0,0,0,0,0,0,0,0,0,0,0,0,0,74,2026-02-06 15:33:23.136703
WNTR,24.7,24.57,24.63,982200.0,1799900.0,0,0,0,0,0,0,0,0,0,0,0,0,0,0,0,0,0,0,0,0,0,0,0,0,0,0,0,0,0,0,0,0,74,2026-02-06 15:33:23.136703
SPNG,25.27,24.8,25.27,2444300.0,2277500.0,0,0,0,0,0,0,0,0,0,0,0,0,0,0,0,0,0,0,0,0,0,0,0,0,0,0,0,0,0,0,0,0,75,2026-02-06 15:33:24.198856
SMMR,24.24,24.24,24.32,1999400.0,1883000.0,0,0,0,0,0,0,0,0,0,0,0,0,0,0,0,0,0,0,0,0,0,0,0,0,0,0,0,0,0,0,0,0,75,2026-02-06 15:33:24.198856
ATMN,24.58,24.31,24.44,1919500.0,2185800.0,0,0,0,0,0,0,0,0,0,0,0,0,0,0,0,0,0,0,0,0,0,0,0,0,0,0,0,0,0,0,0,0,75,2026-02-06 15:33:24.198856
WNTR,24.76,24.55,24.76,888700.0,1600600.0,0,0,0,0,0,0,0,0,0,0,0,0,0,0,0,0,0,0,0,0,0,0,0,0,0,0,0,0,0,0,0,0,75,2026-02-06 15:33:24.198856
SPNG,25.27,24.8,24.89,2482600.0,2323900.0,0,0,0,0,0,0,0,0,0,0,0,0,0,0,0,0,0,0,0,0,0,0,0,0,0,0,0,0,0,0,0,0,76,2026-02-06 15:33:24.752940
SMMR,24.15,24.09,24.15,2010000.0,2007200.0,0,0,0,0,0,0,0,0,0,0,0,0,0,0,0,0,0,0,0,0,0,0,0,0,0,0,0,0,0,0,0,0,76,2026-02-06 15:33:24.752940
ATMN,24.69,24.31,24.69,2028800.0,2136200.0,0,0,0,0,0,0,0,0,0,0,0,0,0,0,0,0,0,0,0,0,0,0,0,0,0,0,0,0,0,0,0,0,76,2026-02-06 15:33:24.752940
WNTR,24.77,24.73,24.77,999900.0,1389400.0,0,0,0,0,0,0,0,0,0,0,0,0,0,0,0,0,0,0,0,0,0,0,0,0,0,0,0,0,0,0,0,0,76,2026-02-06 15:33:24.752940
SPNG,24.89,24.84,24.89,2393100.0,2323900.0,0,0,0,0,0,0,0,0,0,0,0,0,0,0,0,0,0,0,0,0,0,0,0,0,0,0,0,0,0,0,0,0,77,2026-02-06 15:33:25.839247
SMMR,24.15,24.15,24.32,2341400.0,1883000.0,0,0,0,0,0,0,0,0,0,0,0,0,0,0,0,0,0,0,0,0,0,0,0,0,0,0,0,0,0,0,0,0,77,2026-02-06 15:33:25.839247
ATMN,24.14,24.14,24.71,1702900.0,2104100.0,0,0,0,0,0,0,0,0,0,0,0,0,0,0,0,0,0,0,0,0,0,0,0,0,0,0,0,0,0,0,0,0,77,2026-02-06 15:33:25.839247
WNTR,24.77,24.73,24.75,999900.0,1695100.0,0,0,0,0,0,0,0,0,0,0,0,0,0,0,0,0,0,0,0,0,0,0,0,0,0,0,0,0,0,0,0,0,77,2026-02-06 15:33:25.839247
SPNG,24.8,24.8,24.89,2278500.0,2323900.0,0,0,0,0,0,0,0,0,0,0,0,0,0,0,0,0,0,0,0,0,0,0,0,0,0,0,0,0,0,0,0,0,78,2026-02-06 15:33:26.913938
SMMR,24.09,24.12,24.32,2345000.0,1883000.0,0,0,0,0,0,0,0,0,0,0,0,0,0,0,0,0,0,0,0,0,0,0,0,0,0,0,0,0,0,0,0,0,78,2026-02-06 15:33:26.913938
ATMN,24.72,24.14,24.72,1702900.0,2058400.0,0,0,0,0,0,0,0,0,0,0,0,0,0,0,0,0,0,0,0,0,0,0,0,0,0,0,0,0,0,0,0,0,78,2026-02-06 15:33:26.913938
WNTR,24.73,24.55,24.59,888700.0,2043500.0,0,0,0,0,0,0,0,0,0,0,0,0,0,0,0,0,0,0,0,0,0,0,0,0,0,0,0,0,0,0,0,0,78,2026-02-06 15:33:26.913938
SPNG,25.28,24.91,25.28,2245700.0,2258000.0,0,0,0,0,0,0,0,0,0,0,0,0,0,0,0,0,0,0,0,0,0,0,0,0,0,0,0,0,0,0,0,0,79,2026-02-06 15:33:27.967906
SMMR,24.32,24.12,24.19,2345000.0,1991700.0,0,0,0,0,0,0,0,0,0,0,0,0,0,0,0,0,0,0,0,0,0,0,0,0,0,0,0,0,0,0,0,0,79,2026-02-06 15:33:27.967906
ATMN,24.72,24.54,24.7,1814300.0,2088700.0,0,0,0,0,0,0,0,0,0,0,0,0,0,0,0,0,0,0,0,0,0,0,0,0,0,0,0,0,0,0,0,0,79,2026-02-06 15:33:27.967906
WNTR,24.73,24.55,24.59,1208900.0,2043500.0,0,0,0,0,0,0,0,0,0,0,0,0,0,0,0,0,0,0,0,0,0,0,0,0,0,0,0,0,0,0,0,0,79,2026-02-06 15:33:27.967906
SPNG,24.8,24.8,25.28,2283500.0,2295700.0,0,0,0,0,0,0,0,0,0,0,0,0,0,0,0,0,0,0,0,0,0,0,0,0,0,0,0,0,0,0,0,0,80,2026-02-06 15:33:29.040122
SMMR,24.26,24.19,24.26,2316100.0,1987300.0,0,0,0,0,0,0,0,0,0,0,0,0,0,0,0,0,0,0,0,0,0,0,0,0,0,0,0,0,0,0,0,0,80,2026-02-06 15:33:29.040122
ATMN,24.54,24.14,24.48,1818400.0,2101800.0,0,0,0,0,0,0,0,0,0,0,0,0,0,0,0,0,0,0,0,0,0,0,0,0,0,0,0,0,0,0,0,0,80,2026-02-06 15:33:29.040122
WNTR,24.53,24.53,24.59,1099700.0,2033800.0,0,0,0,0,0,0,0,0,0,0,0,0,0,0,0,0,0,0,0,0,0,0,0,0,0,0,0,0,0,0,0,0,80,2026-02-06 15:33:29.040122
SPNG,25.28,24.76,25.28,2264700.0,2300400.0,0,0,0,0,0,0,0,0,0,0,0,0,0,0,0,0,0,0,0,0,0,0,0,0,0,0,0,0,0,0,0,0,81,2026-02-06 15:33:30.118498
SMMR,24.45,24.2,24.31,2317100.0,1878200.0,0,0,0,0,0,0,0,0,0,0,0,0,0,0,0,0,0,0,0,0,0,0,0,0,0,0,0,0,0,0,0,0,81,2026-02-06 15:33:30.118498
ATMN,24.61,24.61,24.7,2038300.0,2077500.0,0,0,0,0,0,0,0,0,0,0,0,0,0,0,0,0,0,0,0,0,0,0,0,0,0,0,0,0,0,0,0,0,81,2026-02-06 15:33:30.118498
WNTR,24.53,24.58,24.59,1267200.0,2040300.0,0,0,0,0,0,0,0,0,0,0,0,0,0,0,0,0,0,0,0,0,0,0,0,0,0,0,0,0,0,0,0,0,81,2026-02-06 15:33:30.118498
SPNG,25.28,24.77,25.28,2278300.0,2300400.0,0,0,0,0,0,0,0,0,0,0,0,0,0,0,0,0,0,0,0,0,0,0,0,0,0,0,0,0,0,0,0,0,82,2026-02-06 15:33:31.217637
SMMR,24.41,24.2,24.41,2317100.0,1978700.0,0,0,0,0,0,0,0,0,0,0,0,0,0,0,0,0,0,0,0,0,0,0,0,0,0,0,0,0,0,0,0,0,82,2026-02-06 15:33:31.217637
ATMN,24.04,24.04,24.77,1700100.0,2050200.0,0,0,0,0,0,0,0,0,0,0,0,0,0,0,0,0,0,0,0,0,0,0,0,0,0,0,0,0,0,0,0,0,82,2026-02-06 15:33:31.217637
WNTR,24.61,24.58,24.61,1381900.0,2030300.0,0,0,0,0,0,0,0,0,0,0,0,0,0,0,0,0,0,0,0,0,0,0,0,0,0,0,0,0,0,0,0,0,82,2026-02-06 15:33:31.217637
SPNG,24.75,24.75,25.11,2323300.0,2299900.0,0,0,0,0,0,0,0,0,0,0,0,0,0,0,0,0,0,0,0,0,0,0,0,0,0,0,0,0,0,0,0,0,83,2026-02-06 15:33:32.361709
SMMR,24.2,24.2,24.47,2317100.0,1673400.0,0,0,0,0,0,0,0,0,0,0,0,0,0,0,0,0,0,0,0,0,0,0,0,0,0,0,0,0,0,0,0,0,83,2026-02-06 15:33:32.361709
ATMN,24.04,24.27,24.77,1884900.0,2050200.0,0,0,0,0,0,0,0,0,0,0,0,0,0,0,0,0,0,0,0,0,0,0,0,0,0,0,0,0,0,0,0,0,83,2026-02-06 15:33:32.361709
WNTR,24.51,24.51,24.75,1199300.0,2000900.0,0,0,0,0,0,0,0,0,0,0,0,0,0,0,0,0,0,0,0,0,0,0,0,0,0,0,0,0,0,0,0,0,83,2026-02-06 15:33:32.361709
SPNG,24.75,24.75,24.97,2323300.0,2295600.0,0,0,0,0,0,0,0,0,0,0,0,0,0,0,0,0,0,0,0,0,0,0,0,0,0,0,0,0,0,0,0,0,84,2026-02-06 15:33:32.981467
SMMR,24.2,24.22,24.41,2311600.0,1784200.0,0,0,0,0,0,0,0,0,0,0,0,0,0,0,0,0,0,0,0,0,0,0,0,0,0,0,0,0,0,0,0,0,84,2026-02-06 15:33:32.981467
ATMN,24.82,24.41,24.82,2002200.0,2041500.0,0,0,0,0,0,0,0,0,0,0,0,0,0,0,0,0,0,0,0,0,0,0,0,0,0,0,0,0,0,0,0,0,84,2026-02-06 15:33:32.981467
WNTR,24.59,24.62,24.75,1297600.0,2000900.0,0,0,0,0,0,0,0,0,0,0,0,0,0,0,0,0,0,0,0,0,0,0,0,0,0,0,0,0,0,0,0,0,84,2026-02-06 15:33:32.981467
SPNG,24.97,25.06,25.11,2292800.0,2303900.0,0,0,0,0,0,0,0,0,0,0,0,0,0,0,0,0,0,0,0,0,0,0,0,0,0,0,0,0,0,0,0,0,85,2026-02-06 15:33:34.038715
SMMR,24.2,24.22,24.24,2299800.0,1995300.0,0,0,0,0,0,0,0,0,0,0,0,0,0,0,0,0,0,0,0,0,0,0,0,0,0,0,0,0,0,0,0,0,85,2026-02-06 15:33:34.038715
ATMN,24.41,24.41,24.44,2090400.0,2071100.0,0,0,0,0,0,0,0,0,0,0,0,0,0,0,0,0,0,0,0,0,0,0,0,0,0,0,0,0,0,0,0,0,85,2026-02-06 15:33:34.038715
WNTR,24.71,24.71,24.75,1413100.0,2040600.0,0,0,0,0,0,0,0,0,0,0,0,0,0,0,0,0,0,0,0,0,0,0,0,0,0,0,0,0,0,0,0,0,85,2026-02-06 15:33:34.038715
SPNG,24.68,24.68,25.11,2392900.0,2331800.0,0,0,0,0,0,0,0,0,0,0,0,0,0,0,0,0,0,0,0,0,0,0,0,0,0,0,0,0,0,0,0,0,86,2026-02-06 15:33:35.098921
SMMR,24.28,24.32,24.41,2260700.0,1784200.0,0,0,0,0,0,0,0,0,0,0,0,0,0,0,0,0,0,0,0,0,0,0,0,0,0,0,0,0,0,0,0,0,86,2026-02-06 15:33:35.098921
ATMN,24.44,24.41,24.44,2190300.0,2103100.0,0,0,0,0,0,0,0,0,0,0,0,0,0,0,0,0,0,0,0,0,0,0,0,0,0,0,0,0,0,0,0,0,86,2026-02-06 15:33:35.098921
WNTR,24.54,24.58,24.75,1321700.0,2040600.0,0,0,0,0,0,0,0,0,0,0,0,0,0,0,0,0,0,0,0,0,0,0,0,0,0,0,0,0,0,0,0,0,86,2026-02-06 15:33:35.098921
SPNG,25.11,24.67,25.11,2429100.0,2331800.0,0,0,0,0,0,0,0,0,0,0,0,0,0,0,0,0,0,0,0,0,0,0,0,0,0,0,0,0,0,0,0,0,87,2026-02-06 15:33:36.198675
SMMR,24.21,24.21,24.41,2287000.0,2010600.0,0,0,0,0,0,0,0,0,0,0,0,0,0,0,0,0,0,0,0,0,0,0,0,0,0,0,0,0,0,0,0,0,87,2026-02-06 15:33:36.198675
ATMN,24.82,24.41,24.82,2190300.0,2075500.0,0,0,0,0,0,0,0,0,0,0,0,0,0,0,0,0,0,0,0,0,0,0,0,0,0,0,0,0,0,0,0,0,87,2026-02-06 15:33:36.198675
WNTR,24.77,24.63,24.68,1444200.0,2026500.0,0,0,0,0,0,0,0,0,0,0,0,0,0,0,0,0,0,0,0,0,0,0,0,0,0,0,0,0,0,0,0,0,87,2026-02-06 15:33:36.198675
SPNG,24.82,24.82,25.14,2421100.0,2317400.0,0,0,0,0,0,0,0,0,0,0,0,0,0,0,0,0,0,0,0,0,0,0,0,0,0,0,0,0,0,0,0,0,88,2026-02-06 15:33:37.258010
SMMR,24.41,24.33,24.41,2304100.0,2211800.0,0,0,0,0,0,0,0,0,0,0,0,0,0,0,0,0,0,0,0,0,0,0,0,0,0,0,0,0,0,0,0,0,88,2026-02-06 15:33:37.258010
ATMN,24.27,24.5,24.82,2096100.0,2051600.0,0,0,0,0,0,0,0,0,0,0,0,0,0,0,0,0,0,0,0,0,0,0,0,0,0,0,0,0,0,0,0,0,88,2026-02-06 15:33:37.258010
WNTR,24.51,24.51,24.74,1199300.0,2016800.0,0,0,0,0,0,0,0,0,0,0,0,0,0,0,0,0,0,0,0,0,0,0,0,0,0,0,0,0,0,0,0,0,88,2026-02-06 15:33:37.258010
SPNG,25.0,25.17,25.31,2475200.0,2287400.0,0,0,0,0,0,0,0,0,0,0,0,0,0,0,0,0,0,0,0,0,0,0,0,0,0,0,0,0,0,0,0,0,89,2026-02-06 15:33:38.355782
SMMR,24.21,24.21,24.41,2273000.0,2211800.0,0,0,0,0,0,0,0,0,0,0,0,0,0,0,0,0,0,0,0,0,0,0,0,0,0,0,0,0,0,0,0,0,89,2026-02-06 15:33:38.355782
ATMN,24.27,24.5,24.59,2201600.0,2076300.0,0,0,0,0,0,0,0,0,0,0,0,0,0,0,0,0,0,0,0,0,0,0,0,0,0,0,0,0,0,0,0,0,89,2026-02-06 15:33:38.355782
WNTR,24.51,24.65,24.71,1338700.0,2035900.0,0,0,0,0,0,0,0,0,0,0,0,0,0,0,0,0,0,0,0,0,0,0,0,0,0,0,0,0,0,0,0,0,89,2026-02-06 15:33:38.355782
SPNG,24.61,24.61,25.31,2492300.0,2290700.0,0,0,0,0,0,0,0,0,0,0,0,0,0,0,0,0,0,0,0,0,0,0,0,0,0,0,0,0,0,0,0,0,90,2026-02-06 15:33:38.952026
SMMR,24.21,24.23,24.27,2232200.0,2200800.0,0,0,0,0,0,0,0,0,0,0,0,0,0,0,0,0,0,0,0,0,0,0,0,0,0,0,0,0,0,0,0,0,90,2026-02-06 15:33:38.952026
ATMN,24.59,24.58,24.59,2311200.0,2076300.0,0,0,0,0,0,0,0,0,0,0,0,0,0,0,0,0,0,0,0,0,0,0,0,0,0,0,0,0,0,0,0,0,90,2026-02-06 15:33:38.952026
WNTR,24.51,24.65,24.71,1458400.0,2035900.0,0,0,0,0,0,0,0,0,0,0,0,0,0,0,0,0,0,0,0,0,0,0,0,0,0,0,0,0,0,0,0,0,90,2026-02-06 15:33:38.952026
SPNG,24.61,24.73,24.99,2461100.0,2302100.0,0,0,0,0,0,0,0,0,0,0,0,0,0,0,0,0,0,0,0,0,0,0,0,0,0,0,0,0,0,0,0,0,91,2026-02-06 15:33:40.000341
SMMR,24.21,24.21,24.27,2238700.0,2208400.0,0,0,0,0,0,0,0,0,0,0,0,0,0,0,0,0,0,0,0,0,0,0,0,0,0,0,0,0,0,0,0,0,91,2026-02-06 15:33:40.000341
ATMN,24.68,24.58,24.68,2288400.0,2063800.0,0,0,0,0,0,0,0,0,0,0,0,0,0,0,0,0,0,0,0,0,0,0,0,0,0,0,0,0,0,0,0,0,91,2026-02-06 15:33:40.000341
WNTR,24.65,24.65,24.73,1458400.0,2065300.0,0,0,0,0,0,0,0,0,0,0,0,0,0,0,0,0,0,0,0,0,0,0,0,0,0,0,0,0,0,0,0,0,91,2026-02-06 15:33:40.000341
SPNG,24.99,24.73,24.99,2380400.0,2302100.0,0,0,0,0,0,0,0,0,0,0,0,0,0,0,0,0,0,0,0,0,0,0,0,0,0,0,0,0,0,0,0,0,92,2026-02-06 15:33:41.058049
SMMR,24.17,24.23,24.27,2272800.0,2208400.0,0,0,0,0,0,0,0,0,0,0,0,0,0,0,0,0,0,0,0,0,0,0,0,0,0,0,0,0,0,0,0,0,92,2026-02-06 15:33:41.058049
ATMN,24.68,24.58,24.63,2269300.0,2097300.0,0,0,0,0,0,0,0,0,0,0,0,0,0,0,0,0,0,0,0,0,0,0,0,0,0,0,0,0,0,0,0,0,92,2026-02-06 15:33:41.058049
WNTR,24.65,24.65,24.73,1581100.0,2055200.0,0,0,0,0,0,0,0,0,0,0,0,0,0,0,0,0,0,0,0,0,0,0,0,0,0,0,0,0,0,0,0,0,92,2026-02-06 15:33:41.058049
SPNG,25.31,24.73,24.95,2416600.0,2296300.0,0,0,0,0,0,0,0,0,0,0,0,0,0,0,0,0,0,0,0,0,0,0,0,0,0,0,0,0,0,0,0,0,93,2026-02-06 15:33:42.111658
SMMR,24.27,24.33,24.39,2256400.0,2277700.0,0,0,0,0,0,0,0,0,0,0,0,0,0,0,0,0,0,0,0,0,0,0,0,0,0,0,0,0,0,0,0,0,93,2026-02-06 15:33:42.111658
ATMN,24.5,24.51,24.63,2272300.0,2088700.0,0,0,0,0,0,0,0,0,0,0,0,0,0,0,0,0,0,0,0,0,0,0,0,0,0,0,0,0,0,0,0,0,93,2026-02-06 15:33:42.111658
WNTR,24.73,24.55,24.73,1595900.0,2055200.0,0,0,0,0,0,0,0,0,0,0,0,0,0,0,0,0,0,0,0,0,0,0,0,0,0,0,0,0,0,0,0,0,93,2026-02-06 15:33:42.111658
SPNG,24.95,25.12,25.31,2342100.0,2285500.0,0,0,0,0,0,0,0,0,0,0,0,0,0,0,0,0,0,0,0,0,0,0,0,0,0,0,0,0,0,0,0,0,94,2026-02-06 15:33:43.164936
SMMR,24.23,24.23,24.37,2272800.0,2268400.0,0,0,0,0,0,0,0,0,0,0,0,0,0,0,0,0,0,0,0,0,0,0,0,0,0,0,0,0,0,0,0,0,94,2026-02-06 15:33:43.164936
ATMN,24.5,24.51,24.63,2228000.0,2088700.0,0,0,0,0,0,0,0,0,0,0,0,0,0,0,0,0,0,0,0,0,0,0,0,0,0,0,0,0,0,0,0,0,94,2026-02-06 15:33:43.164936
WNTR,24.55,24.55,24.76,1595900.0,2081500.0,0,0,0,0,0,0,0,0,0,0,0,0,0,0,0,0,0,0,0,0,0,0,0,0,0,0,0,0,0,0,0,0,94,2026-02-06 15:33:43.164936
SPNG,24.73,24.73,25.08,2372700.0,2312100.0,0,0,0,0,0,0,0,0,0,0,0,0,0,0,0,0,0,0,0,0,0,0,0,0,0,0,0,0,0,0,0,0,95,2026-02-06 15:33:44.216330
SMMR,24.12,24.12,24.37,2314400.0,2279800.0,0,0,0,0,0,0,0,0,0,0,0,0,0,0,0,0,0,0,0,0,0,0,0,0,0,0,0,0,0,0,0,0,95,2026-02-06 15:33:44.216330
ATMN,24.68,24.51,24.68,2232300.0,2071200.0,0,0,0,0,0,0,0,0,0,0,0,0,0,0,0,0,0,0,0,0,0,0,0,0,0,0,0,0,0,0,0,0,95,2026-02-06 15:33:44.216330
WNTR,24.59,24.75,24.76,1710400.0,2113200.0,0,0,0,0,0,0,0,0,0,0,0,0,0,0,0,0,0,0,0,0,0,0,0,0,0,0,0,0,0,0,0,0,95,2026-02-06 15:33:44.216330
SPNG,24.73,24.73,25.08,2398700.0,2298400.0,0,0,0,0,0,0,0,0,0,0,0,0,0,0,0,0,0,0,0,0,0,0,0,0,0,0,0,0,0,0,0,0,96,2026-02-06 15:33:45.291174
SMMR,24.21,24.12,24.13,2301600.0,2303600.0,0,0,0,0,0,0,0,0,0,0,0,0,0,0,0,0,0,0,0,0,0,0,0,0,0,0,0,0,0,0,0,0,96,2026-02-06 15:33:45.291174
ATMN,24.86,24.51,24.86,2200200.0,2076400.0,0,0,0,0,0,0,0,0,0,0,0,0,0,0,0,0,0,0,0,0,0,0,0,0,0,0,0,0,0,0,0,0,96,2026-02-06 15:33:45.291174
WNTR,24.75,24.68,24.72,1917000.0,2114500.0,0,0,0,0,0,0,0,0,0,0,0,0,0,0,0,0,0,0,0,0,0,0,0,0,0,0,0,0,0,0,0,0,96,2026-02-06 15:33:45.291174
SPNG,25.08,24.73,25.08,2356100.0,2298400.0,0,0,0,0,0,0,0,0,0,0,0,0,0,0,0,0,0,0,0,0,0,0,0,0,0,0,0,0,0,0,0,0,97,2026-02-06 15:33:46.365098
SMMR,24.13,24.17,24.28,2303200.0,2311200.0,0,0,0,0,0,0,0,0,0,0,0,0,0,0,0,0,0,0,0,0,0,0,0,0,0,0,0,0,0,0,0,0,97,2026-02-06 15:33:46.365098
ATMN,24.87,24.79,24.87,2188400.0,2038300.0,0,0,0,0,0,0,0,0,0,0,0,0,0,0,0,0,0,0,0,0,0,0,0,0,0,0,0,0,0,0,0,0,97,2026-02-06 15:33:46.365098
WNTR,24.55,24.55,24.72,1945100.0,2104600.0,0,0,0,0,0,0,0,0,0,0,0,0,0,0,0,0,0,0,0,0,0,0,0,0,0,0,0,0,0,0,0,0,97,2026-02-06 15:33:46.365098
SPNG,25.08,24.73,25.08,2325300.0,2298400.0,0,0,0,0,0,0,0,0,0,0,0,0,0,0,0,0,0,0,0,0,0,0,0,0,0,0,0,0,0,0,0,0,98,2026-02-06 15:33:46.984008
SMMR,24.19,24.22,24.28,2301700.0,2311200.0,0,0,0,0,0,0,0,0,0,0,0,0,0,0,0,0,0,0,0,0,0,0,0,0,0,0,0,0,0,0,0,0,98,2026-02-06 15:33:46.984008
ATMN,24.79,24.51,24.6,2200200.0,2062500.0,0,0,0,0,0,0,0,0,0,0,0,0,0,0,0,0,0,0,0,0,0,0,0,0,0,0,0,0,0,0,0,0,98,2026-02-06 15:33:46.984008
WNTR,24.76,24.55,24.71,1945100.0,2124600.0,0,0,0,0,0,0,0,0,0,0,0,0,0,0,0,0,0,0,0,0,0,0,0,0,0,0,0,0,0,0,0,0,98,2026-02-06 15:33:46.984008
SPNG,24.81,24.73,24.76,2325300.0,2334700.0,0,0,0,0,0,0,0,0,0,0,0,0,0,0,0,0,0,0,0,0,0,0,0,0,0,0,0,0,0,0,0,0,99,2026-02-06 15:33:48.105366
SMMR,24.37,24.22,24.37,2297000.0,2279800.0,0,0,0,0,0,0,0,0,0,0,0,0,0,0,0,0,0,0,0,0,0,0,0,0,0,0,0,0,0,0,0,0,99,2026-02-06 15:33:48.105366
ATMN,24.87,24.51,24.87,2182300.0,2038300.0,0,0,0,0,0,0,0,0,0,0,0,0,0,0,0,0,0,0,0,0,0,0,0,0,0,0,0,0,0,0,0,0,99,2026-02-06 15:33:48.105366
WNTR,24.71,24.55,24.71,2279200.0,2124600.0,0,0,0,0,0,0,0,0,0,0,0,0,0,0,0,0,0,0,0,0,0,0,0,0,0,0,0,0,0,0,0,0,99,2026-02-06 15:33:48.105366
SPNG,24.81,24.73,24.76,2347000.0,2334700.0,0,0,0,0,0,0,0,0,0,0,0,0,0,0,0,0,0,0,0,0,0,0,0,0,0,0,0,0,0,0,0,0,100,2026-02-06 15:33:49.186738
SMMR,24.17,24.23,24.3,2272700.0,2289700.0,0,0,0,0,0,0,0,0,0,0,0,0,0,0,0,0,0,0,0,0,0,0,0,0,0,0,0,0,0,0,0,0,100,2026-02-06 15:33:49.186738
ATMN,24.87,24.68,24.87,2149900.0,2036200.0,0,0,0,0,0,0,0,0,0,0,0,0,0,0,0,0,0,0,0,0,0,0,0,0,0,0,0,0,0,0,0,0,100,2026-02-06 15:33:49.186738
WNTR,24.76,24.53,24.76,2156500.0,2093200.0,0,0,0,0,0,0,0,0,0,0,0,0,0,0,0,0,0,0,0,0,0,0,0,0,0,0,0,0,0,0,0,0,100,2026-02-06 15:33:49.186738
SPNG,25.36,24.73,25.36,2347000.0,2320900.0,0,0,0,0,0,0,0,0,0,0,0,0,0,0,0,0,0,0,0,0,0,0,0,0,0,0,0,0,0,0,0,0,101,2026-02-06 15:33:50.233889
SMMR,24.3,24.23,24.3,2241500.0,2289700.0,0,0,0,0,0,0,0,0,0,0,0,0,0,0,0,0,0,0,0,0,0,0,0,0,0,0,0,0,0,0,0,0,101,2026-02-06 15:33:50.233889
ATMN,24.7,24.68,24.7,2149900.0,2103000.0,0,0,0,0,0,0,0,0,0,0,0,0,0,0,0,0,0,0,0,0,0,0,0,0,0,0,0,0,0,0,0,0,101,2026-02-06 15:33:50.233889
WNTR,24.76,24.53,24.63,2257300.0,2103200.0,0,0,0,0,0,0,0,0,0,0,0,0,0,0,0,0,0,0,0,0,0,0,0,0,0,0,0,0,0,0,0,0,101,2026-02-06 15:33:50.233889
SPNG,25.48,24.73,25.48,2347000.0,2288800.0,0,0,0,0,0,0,0,0,0,0,0,0,0,0,0,0,0,0,0,0,0,0,0,0,0,0,0,0,0,0,0,0,102,2026-02-06 15:33:51.284039
SMMR,24.16,24.22,24.3,2227300.0,2289700.0,0,0,0,0,0,0,0,0,0,0,0,0,0,0,0,0,0,0,0,0,0,0,0,0,0,0,0,0,0,0,0,0,102,2026-02-06 15:33:51.284039
ATMN,24.87,24.68,24.87,2126200.0,2058800.0,0,0,0,0,0,0,0,0,0,0,0,0,0,0,0,0,0,0,0,0,0,0,0,0,0,0,0,0,0,0,0,0,102,2026-02-06 15:33:51.284039
WNTR,24.63,24.64,24.71,2241600.0,2089800.0,0,0,0,0,0,0,0,0,0,0,0,0,0,0,0,0,0,0,0,0,0,0,0,0,0,0,0,0,0,0,0,0,102,2026-02-06 15:33:51.284039
SPNG,25.48,24.73,25.31,2327800.0,2324800.0,0,0,0,0,0,0,0,0,0,0,0,0,0,0,0,0,0,0,0,0,0,0,0,0,0,0,0,0,0,0,0,0,103,2026-02-06 15:33:52.328802
SMMR,24.3,24.36,24.37,2217400.0,2279800.0,0,0,0,0,0,0,0,0,0,0,0,0,0,0,0,0,0,0,0,0,0,0,0,0,0,0,0,0,0,0,0,0,103,2026-02-06 15:33:52.328802
ATMN,24.61,24.61,24.87,2158200.0,2058800.0,0,0,0,0,0,0,0,0,0,0,0,0,0,0,0,0,0,0,0,0,0,0,0,0,0,0,0,0,0,0,0,0,103,2026-02-06 15:33:52.328802
WNTR,24.76,24.71,24.76,2247800.0,2096800.0,0,0,0,0,0,0,0,0,0,0,0,0,0,0,0,0,0,0,0,0,0,0,0,0,0,0,0,0,0,0,0,0,103,2026-02-06 15:33:52.328802
SPNG,24.71,24.71,25.31,2332800.0,2324800.0,0,0,0,0,0,0,0,0,0,0,0,0,0,0,0,0,0,0,0,0,0,0,0,0,0,0,0,0,0,0,0,0,104,2026-02-06 15:33:53.379564
SMMR,24.15,24.19,24.32,2267300.0,2297800.0,0,0,0,0,0,0,0,0,0,0,0,0,0,0,0,0,0,0,0,0,0,0,0,0,0,0,0,0,0,0,0,0,104,2026-02-06 15:33:53.379564
ATMN,24.91,24.92,24.95,2077000.0,2065900.0,0,0,0,0,0,0,0,0,0,0,0,0,0,0,0,0,0,0,0,0,0,0,0,0,0,0,0,0,0,0,0,0,104,2026-02-06 15:33:53.379564
WNTR,24.76,24.71,24.76,2219300.0,2118200.0,0,0,0,0,0,0,0,0,0,0,0,0,0,0,0,0,0,0,0,0,0,0,0,0,0,0,0,0,0,0,0,0,104,2026-02-06 15:33:53.379564
SPNG,25.37,25.37,25.48,2354200.0,2335200.0,0,0,0,0,0,0,0,0,0,0,0,0,0,0,0,0,0,0,0,0,0,0,0,0,0,0,0,0,0,0,0,0,105,2026-02-06 15:33:54.429940
SMMR,24.25,24.19,24.25,2263500.0,2280600.0,0,0,0,0,0,0,0,0,0,0,0,0,0,0,0,0,0,0,0,0,0,0,0,0,0,0,0,0,0,0,0,0,105,2026-02-06 15:33:54.429940
ATMN,24.95,24.92,24.95,2064200.0,2073400.0,0,0,0,0,0,0,0,0,0,0,0,0,0,0,0,0,0,0,0,0,0,0,0,0,0,0,0,0,0,0,0,0,105,2026-02-06 15:33:54.429940
WNTR,24.76,24.71,24.73,2206600.0,2096900.0,0,0,0,0,0,0,0,0,0,0,0,0,0,0,0,0,0,0,0,0,0,0,0,0,0,0,0,0,0,0,0,0,105,2026-02-06 15:33:54.429940
SPNG,25.37,24.71,24.76,2332800.0,2322700.0,0,0,0,0,0,0,0,0,0,0,0,0,0,0,0,0,0,0,0,0,0,0,0,0,0,0,0,0,0,0,0,0,106,2026-02-06 15:33:55.037039
SMMR,24.39,24.19,24.39,2263500.0,2292500.0,0,0,0,0,0,0,0,0,0,0,0,0,0,0,0,0,0,0,0,0,0,0,0,0,0,0,0,0,0,0,0,0,106,2026-02-06 15:33:55.037039
ATMN,24.95,24.92,24.95,2064200.0,2065100.0,0,0,0,0,0,0,0,0,0,0,0,0,0,0,0,0,0,0,0,0,0,0,0,0,0,0,0,0,0,0,0,0,106,2026-02-06 15:33:55.037039
WNTR,24.76,24.66,24.76,2234200.0,2117100.0,0,0,0,0,0,0,0,0,0,0,0,0,0,0,0,0,0,0,0,0,0,0,0,0,0,0,0,0,0,0,0,0,106,2026-02-06 15:33:55.037039
SPNG,25.49,24.71,25.43,2313600.0,2320800.0,0,0,0,0,0,0,0,0,0,0,0,0,0,0,0,0,0,0,0,0,0,0,0,0,0,0,0,0,0,0,0,0,107,2026-02-06 15:33:56.108044
SMMR,24.44,24.19,24.44,2263500.0,2259500.0,0,0,0,0,0,0,0,0,0,0,0,0,0,0,0,0,0,0,0,0,0,0,0,0,0,0,0,0,0,0,0,0,107,2026-02-06 15:33:56.108044
ATMN,24.96,24.92,24.96,2064200.0,2071600.0,0,0,0,0,0,0,0,0,0,0,0,0,0,0,0,0,0,0,0,0,0,0,0,0,0,0,0,0,0,0,0,0,107,2026-02-06 15:33:56.108044
WNTR,24.77,24.66,24.77,2184700.0,2079500.0,0,0,0,0,0,0,0,0,0,0,0,0,0,0,0,0,0,0,0,0,0,0,0,0,0,0,0,0,0,0,0,0,107,2026-02-06 15:33:56.108044
SPNG,25.49,24.83,25.05,2363500.0,2314900.0,0,0,0,0,0,0,0,0,0,0,0,0,0,0,0,0,0,0,0,0,0,0,0,0,0,0,0,0,0,0,0,0,108,2026-02-06 15:33:57.154901
SMMR,24.44,24.28,24.41,2234600.0,2240200.0,0,0,0,0,0,0,0,0,0,0,0,0,0,0,0,0,0,0,0,0,0,0,0,0,0,0,0,0,0,0,0,0,108,2026-02-06 15:33:57.154901
ATMN,25.04,24.92,25.04,2074500.0,2049700.0,0,0,0,0,0,0,0,0,0,0,0,0,0,0,0,0,0,0,0,0,0,0,0,0,0,0,0,0,0,0,0,0,108,2026-02-06 15:33:57.154901
WNTR,24.64,24.64,24.77,2181300.0,2103500.0,0,0,0,0,0,0,0,0,0,0,0,0,0,0,0,0,0,0,0,0,0,0,0,0,0,0,0,0,0,0,0,0,108,2026-02-06 15:33:57.154901
SPNG,25.49,24.95,25.05,2409500.0,2332400.0,0,0,0,0,0,0,0,0,0,0,0,0,0,0,0,0,0,0,0,0,0,0,0,0,0,0,0,0,0,0,0,0,109,2026-02-06 15:33:58.203033
SMMR,24.44,24.28,24.33,2234600.0,2253700.0,0,0,0,0,0,0,0,0,0,0,0,0,0,0,0,0,0,0,0,0,0,0,0,0,0,0,0,0,0,0,0,0,109,2026-02-06 15:33:58.203033
ATMN,24.88,24.88,25.06,2091700.0,2040300.0,0,0,0,0,0,0,0,0,0,0,0,0,0,0,0,0,0,0,0,0,0,0,0,0,0,0,0,0,0,0,0,0,109,2026-02-06 15:33:58.203033
WNTR,24.8,24.77,24.8,2159000.0,2070800.0,0,0,0,0,0,0,0,0,0,0,0,0,0,0,0,0,0,0,0,0,0,0,0,0,0,0,0,0,0,0,0,0,109,2026-02-06 15:33:58.203033
SPNG,25.05,24.95,25.05,2389300.0,2336100.0,0,0,0,0,0,0,0,0,0,0,0,0,0,0,0,0,0,0,0,0,0,0,0,0,0,0,0,0,0,0,0,0,110,2026-02-06 15:33:59.259419
SMMR,24.32,24.28,24.32,2234600.0,2290400.0,0,0,0,0,0,0,0,0,0,0,0,0,0,0,0,0,0,0,0,0,0,0,0,0,0,0,0,0,0,0,0,0,110,2026-02-06 15:33:59.259419
ATMN,25.07,24.98,25.07,2084400.0,2000800.0,0,0,0,0,0,0,0,0,0,0,0,0,0,0,0,0,0,0,0,0,0,0,0,0,0,0,0,0,0,0,0,0,110,2026-02-06 15:33:59.259419
WNTR,24.8,24.77,24.8,2159000.0,2086100.0,0,0,0,0,0,0,0,0,0,0,0,0,0,0,0,0,0,0,0,0,0,0,0,0,0,0,0,0,0,0,0,0,110,2026-02-06 15:33:59.259419
SPNG,25.11,24.95,25.03,2350000.0,2308000.0,0,0,0,0,0,0,0,0,0,0,0,0,0,0,0,0,0,0,0,0,0,0,0,0,0,0,0,0,0,0,0,0,111,2026-02-06 15:34:00.353537
SMMR,24.32,24.28,24.32,2223500.0,2281000.0,0,0,0,0,0,0,0,0,0,0,0,0,0,0,0,0,0,0,0,0,0,0,0,0,0,0,0,0,0,0,0,0,111,2026-02-06 15:34:00.353537
ATMN,25.03,24.98,25.03,2108300.0,2011100.0,0,0,0,0,0,0,0,0,0,0,0,0,0,0,0,0,0,0,0,0,0,0,0,0,0,0,0,0,0,0,0,0,111,2026-02-06 15:34:00.353537
WNTR,24.59,24.7,24.81,2179500.0,2083000.0,0,0,0,0,0,0,0,0,0,0,0,0,0,0,0,0,0,0,0,0,0,0,0,0,0,0,0,0,0,0,0,0,111,2026-02-06 15:34:00.353537
SPNG,25.03,24.96,25.03,2373000.0,2308000.0,0,0,0,0,0,0,0,0,0,0,0,0,0,0,0,0,0,0,0,0,0,0,0,0,0,0,0,0,0,0,0,0,112,2026-02-06 15:34:01.423170
SMMR,24.31,24.31,24.32,2243100.0,2281000.0,0,0,0,0,0,0,0,0,0,0,0,0,0,0,0,0,0,0,0,0,0,0,0,0,0,0,0,0,0,0,0,0,112,2026-02-06 15:34:01.423170
ATMN,24.8,24.8,24.9,2114700.0,2042800.0,0,0,0,0,0,0,0,0,0,0,0,0,0,0,0,0,0,0,0,0,0,0,0,0,0,0,0,0,0,0,0,0,112,2026-02-06 15:34:01.423170
WNTR,24.8,24.76,24.8,2135800.0,2097500.0,0,0,0,0,0,0,0,0,0,0,0,0,0,0,0,0,0,0,0,0,0,0,0,0,0,0,0,0,0,0,0,0,112,2026-02-06 15:34:01.423170
SPNG,24.95,24.95,25.03,2372700.0,2308000.0,0,0,0,0,0,0,0,0,0,0,0,0,0,0,0,0,0,0,0,0,0,0,0,0,0,0,0,0,0,0,0,0,113,2026-02-06 15:34:02.014727
SMMR,24.27,24.27,24.32,2222600.0,2281000.0,0,0,0,0,0,0,0,0,0,0,0,0,0,0,0,0,0,0,0,0,0,0,0,0,0,0,0,0,0,0,0,0,113,2026-02-06 15:34:02.014727
ATMN,25.09,24.8,25.09,2114700.0,1934800.0,0,0,0,0,0,0,0,0,0,0,0,0,0,0,0,0,0,0,0,0,0,0,0,0,0,0,0,0,0,0,0,0,113,2026-02-06 15:34:02.014727
WNTR,24.81,24.7,24.81,2154300.0,2083000.0,0,0,0,0,0,0,0,0,0,0,0,0,0,0,0,0,0,0,0,0,0,0,0,0,0,0,0,0,0,0,0,0,113,2026-02-06 15:34:02.014727
SPNG,24.95,25.01,25.03,2416300.0,2308700.0,0,0,0,0,0,0,0,0,0,0,0,0,0,0,0,0,0,0,0,0,0,0,0,0,0,0,0,0,0,0,0,0,114,2026-02-06 15:34:03.140230
SMMR,24.21,24.21,24.32,2233700.0,2296700.0,0,0,0,0,0,0,0,0,0,0,0,0,0,0,0,0,0,0,0,0,0,0,0,0,0,0,0,0,0,0,0,0,114,2026-02-06 15:34:03.140230
ATMN,25.09,24.8,24.95,2112900.0,1957800.0,0,0,0,0,0,0,0,0,0,0,0,0,0,0,0,0,0,0,0,0,0,0,0,0,0,0,0,0,0,0,0,0,114,2026-02-06 15:34:03.140230
WNTR,24.81,24.77,24.81,2099300.0,2091900.0,0,0,0,0,0,0,0,0,0,0,0,0,0,0,0,0,0,0,0,0,0,0,0,0,0,0,0,0,0,0,0,0,114,2026-02-06 15:34:03.140230
SPNG,25.01,25.01,25.2,2416300.0,2302200.0,0,0,0,0,0,0,0,0,0,0,0,0,0,0,0,0,0,0,0,0,0,0,0,0,0,0,0,0,0,0,0,0,115,2026-02-06 15:34:04.219128
SMMR,24.33,24.26,24.33,2255700.0,2291300.0,0,0,0,0,0,0,0,0,0,0,0,0,0,0,0,0,0,0,0,0,0,0,0,0,0,0,0,0,0,0,0,0,115,2026-02-06 15:34:04.219128
ATMN,25.11,24.8,25.11,2073900.0,1949900.0,0,0,0,0,0,0,0,0,0,0,0,0,0,0,0,0,0,0,0,0,0,0,0,0,0,0,0,0,0,0,0,0,115,2026-02-06 15:34:04.219128
WNTR,24.81,24.77,24.81,2135100.0,2079500.0,0,0,0,0,0,0,0,0,0,0,0,0,0,0,0,0,0,0,0,0,0,0,0,0,0,0,0,0,0,0,0,0,115,2026-02-06 15:34:04.219128
SPNG,25.43,24.94,25.43,2434300.0,2284700.0,0,0,0,0,0,0,0,0,0,0,0,0,0,0,0,0,0,0,0,0,0,0,0,0,0,0,0,0,0,0,0,0,116,2026-02-06 15:34:05.270366
SMMR,24.15,24.15,24.33,2263900.0,2283200.0,0,0,0,0,0,0,0,0,0,0,0,0,0,0,0,0,0,0,0,0,0,0,0,0,0,0,0,0,0,0,0,0,116,2026-02-06 15:34:05.270366
ATMN,25.11,24.8,25.11,2073900.0,1945400.0,0,0,0,0,0,0,0,0,0,0,0,0,0,0,0,0,0,0,0,0,0,0,0,0,0,0,0,0,0,0,0,0,116,2026-02-06 15:34:05.270366
WNTR,24.82,24.77,24.82,2155000.0,2062400.0,0,0,0,0,0,0,0,0,0,0,0,0,0,0,0,0,0,0,0,0,0,0,0,0,0,0,0,0,0,0,0,0,116,2026-02-06 15:34:05.270366
SPNG,25.26,24.94,25.26,2402600.0,2275000.0,0,0,0,0,0,0,0,0,0,0,0,0,0,0,0,0,0,0,0,0,0,0,0,0,0,0,0,0,0,0,0,0,117,2026-02-06 15:34:06.337292
SMMR,24.14,24.14,24.37,2269900.0,2292700.0,0,0,0,0,0,0,0,0,0,0,0,0,0,0,0,0,0,0,0,0,0,0,0,0,0,0,0,0,0,0,0,0,117,2026-02-06 15:34:06.337292
ATMN,25.16,24.66,24.86,2110800.0,1970800.0,0,0,0,0,0,0,0,0,0,0,0,0,0,0,0,0,0,0,0,0,0,0,0,0,0,0,0,0,0,0,0,0,117,2026-02-06 15:34:06.337292
WNTR,24.82,24.77,24.82,2130400.0,2062400.0,0,0,0,0,0,0,0,0,0,0,0,0,0,0,0,0,0,0,0,0,0,0,0,0,0,0,0,0,0,0,0,0,117,2026-02-06 15:34:06.337292
SPNG,25.04,24.97,25.04,2418000.0,2280900.0,0,0,0,0,0,0,0,0,0,0,0,0,0,0,0,0,0,0,0,0,0,0,0,0,0,0,0,0,0,0,0,0,118,2026-02-06 15:34:07.391294
SMMR,24.14,24.14,24.25,2269900.0,2305000.0,0,0,0,0,0,0,0,0,0,0,0,0,0,0,0,0,0,0,0,0,0,0,0,0,0,0,0,0,0,0,0,0,118,2026-02-06 15:34:07.391294
ATMN,24.86,25.15,25.16,2076800.0,1949400.0,0,0,0,0,0,0,0,0,0,0,0,0,0,0,0,0,0,0,0,0,0,0,0,0,0,0,0,0,0,0,0,0,118,2026-02-06 15:34:07.391294
WNTR,24.82,24.77,24.82,2121200.0,2095900.0,0,0,0,0,0,0,0,0,0,0,0,0,0,0,0,0,0,0,0,0,0,0,0,0,0,0,0,0,0,0,0,0,118,2026-02-06 15:34:07.391294
SPNG,25.04,25.06,25.26,2425000.0,2260000.0,0,0,0,0,0,0,0,0,0,0,0,0,0,0,0,0,0,0,0,0,0,0,0,0,0,0,0,0,0,0,0,0,119,2026-02-06 15:34:08.458631
SMMR,24.37,24.14,24.37,2270200.0,2292700.0,0,0,0,0,0,0,0,0,0,0,0,0,0,0,0,0,0,0,0,0,0,0,0,0,0,0,0,0,0,0,0,0,119,2026-02-06 15:34:08.458631
ATMN,24.86,25.15,25.16,2076800.0,2052500.0,0,0,0,0,0,0,0,0,0,0,0,0,0,0,0,0,0,0,0,0,0,0,0,0,0,0,0,0,0,0,0,0,119,2026-02-06 15:34:08.458631
WNTR,24.84,24.77,24.84,2096200.0,2095600.0,0,0,0,0,0,0,0,0,0,0,0,0,0,0,0,0,0,0,0,0,0,0,0,0,0,0,0,0,0,0,0,0,119,2026-02-06 15:34:08.458631
SPNG,25.06,26.02,26.97,904800.0,783100.0,0,0,0,0,0,0,0,0,0,0,0,0,0,0,0,0,0,0,0,0,0,0,0,0,0,0,0,0,0,0,0,0,120,2026-02-06 15:34:09.082889
SMMR,24.14,24.75,0.0,200000.0,,0,0,0,0,0,0,0,0,0,0,0,0,0,0,0,0,0,0,0,0,0,0,0,0,0,0,0,0,0,0,0,0,120,2026-02-06 15:34:09.082889
ATMN,25.16,24.96,0.0,200000.0,,0,0,0,0,0,0,0,0,0,0,0,0,0,0,0,0,0,0,0,0,0,0,0,0,0,0,0,0,0,0,0,0,120,2026-02-06 15:34:09.082889
WNTR,24.84,24.65,0.0,200000.0,,0,0,0,0,0,0,0,0,0,0,0,0,0,0,0,0,0,0,0,0,0,0,0,0,0,0,0,0,0,0,0,0,120,2026-02-06 15:34:09.082889
SPNG,26.02,26.02,26.4,904800.0,1018500.0,0,0,0,0,0,0,0,0,0,0,0,0,0,0,0,0,0,0,0,0,0,0,0,0,0,0,0,0,0,0,0,0,121,2026-02-06 15:34:10.157208
SMMR,24.79,24.72,24.74,903400.0,978800.0,0,0,0,0,0,0,0,0,0,0,0,0,0,0,0,0,0,0,0,0,0,0,0,0,0,0,0,0,0,0,0,0,121,2026-02-06 15:34:10.157208
ATMN,25.16,24.96,25.15,839800.0,981200.0,0,0,0,0,0,0,0,0,0,0,0,0,0,0,0,0,0,0,0,0,0,0,0,0,0,0,0,0,0,0,0,0,121,2026-02-06 15:34:10.157208
WNTR,24.84,24.71,24.73,976200.0,1036500.0,0,0,0,0,0,0,0,0,0,0,0,0,0,0,0,0,0,0,0,0,0,0,0,0,0,0,0,0,0,0,0,0,121,2026-02-06 15:34:10.157208
SPNG,25.46,25.46,26.4,954800.0,1222600.0,0,0,0,0,0,0,0,0,0,0,0,0,0,0,0,0,0,0,0,0,0,0,0,0,0,0,0,0,0,0,0,0,122,2026-02-06 15:34:11.270933
SMMR,24.43,24.55,24.74,1053500.0,1088000.0,0,0,0,0,0,0,0,0,0,0,0,0,0,0,0,0,0,0,0,0,0,0,0,0,0,0,0,0,0,0,0,0,122,2026-02-06 15:34:11.270933
ATMN,24.96,24.96,25.15,839800.0,1178300.0,0,0,0,0,0,0,0,0,0,0,0,0,0,0,0,0,0,0,0,0,0,0,0,0,0,0,0,0,0,0,0,0,122,2026-02-06 15:34:11.270933
WNTR,24.73,24.65,24.73,854100.0,1036500.0,0,0,0,0,0,0,0,0,0,0,0,0,0,0,0,0,0,0,0,0,0,0,0,0,0,0,0,0,0,0,0,0,122,2026-02-06 15:34:11.270933
SPNG,25.46,25.46,25.6,954800.0,1727900.0,0,0,0,0,0,0,0,0,0,0,0,0,0,0,0,0,0,0,0,0,0,0,0,0,0,0,0,0,0,0,0,0,123,2026-02-06 15:34:12.339275
SMMR,24.43,24.67,24.74,1510100.0,871100.0,0,0,0,0,0,0,0,0,0,0,0,0,0,0,0,0,0,0,0,0,0,0,0,0,0,0,0,0,0,0,0,0,123,2026-02-06 15:34:12.339275
ATMN,24.82,24.82,25.15,1063200.0,1392900.0,0,0,0,0,0,0,0,0,0,0,0,0,0,0,0,0,0,0,0,0,0,0,0,0,0,0,0,0,0,0,0,0,123,2026-02-06 15:34:12.339275
WNTR,24.73,24.65,24.73,854100.0,1130300.0,0,0,0,0,0,0,0,0,0,0,0,0,0,0,0,0,0,0,0,0,0,0,0,0,0,0,0,0,0,0,0,0,123,2026-02-06 15:34:12.339275
SPNG,25.45,25.37,25.44,1219200.0,1854900.0,0,0,0,0,0,0,0,0,0,0,0,0,0,0,0,0,0,0,0,0,0,0,0,0,0,0,0,0,0,0,0,0,124,2026-02-06 15:34:13.434929
SMMR,24.84,24.67,24.7,1378400.0,1170600.0,0,0,0,0,0,0,0,0,0,0,0,0,0,0,0,0,0,0,0,0,0,0,0,0,0,0,0,0,0,0,0,0,124,2026-02-06 15:34:13.434929
ATMN,24.82,25.12,25.15,1294200.0,1514800.0,0,0,0,0,0,0,0,0,0,0,0,0,0,0,0,0,0,0,0,0,0,0,0,0,0,0,0,0,0,0,0,0,124,2026-02-06 15:34:13.434929
WNTR,24.65,24.46,24.5,861500.0,1349000.0,0,0,0,0,0,0,0,0,0,0,0,0,0,0,0,0,0,0,0,0,0,0,0,0,0,0,0,0,0,0,0,0,124,2026-02-06 15:34:13.434929
SPNG,25.37,24.79,25.13,1254700.0,1859000.0,0,0,0,0,0,0,0,0,0,0,0,0,0,0,0,0,0,0,0,0,0,0,0,0,0,0,0,0,0,0,0,0,125,2026-02-06 15:34:14.486984
SMMR,24.7,24.7,24.81,1506400.0,967700.0,0,0,0,0,0,0,0,0,0,0,0,0,0,0,0,0,0,0,0,0,0,0,0,0,0,0,0,0,0,0,0,0,125,2026-02-06 15:34:14.486984
ATMN,25.12,25.12,25.15,1294200.0,1694000.0,0,0,0,0,0,0,0,0,0,0,0,0,0,0,0,0,0,0,0,0,0,0,0,0,0,0,0,0,0,0,0,0,125,2026-02-06 15:34:14.486984
WNTR,24.79,24.48,24.79,956300.0,1126400.0,0,0,0,0,0,0,0,0,0,0,0,0,0,0,0,0,0,0,0,0,0,0,0,0,0,0,0,0,0,0,0,0,125,2026-02-06 15:34:14.486984
SPNG,25.13,25.58,25.6,1479800.0,1727900.0,0,0,0,0,0,0,0,0,0,0,0,0,0,0,0,0,0,0,0,0,0,0,0,0,0,0,0,0,0,0,0,0,126,2026-02-06 15:34:15.098890
SMMR,24.7,24.7,24.71,1506400.0,1152200.0,0,0,0,0,0,0,0,0,0,0,0,0,0,0,0,0,0,0,0,0,0,0,0,0,0,0,0,0,0,0,0,0,126,2026-02-06 15:34:15.098890
ATMN,25.12,25.12,25.15,1294200.0,1788500.0,0,0,0,0,0,0,0,0,0,0,0,0,0,0,0,0,0,0,0,0,0,0,0,0,0,0,0,0,0,0,0,0,126,2026-02-06 15:34:15.098890
WNTR,24.46,24.47,24.79,978500.0,1126400.0,0,0,0,0,0,0,0,0,0,0,0,0,0,0,0,0,0,0,0,0,0,0,0,0,0,0,0,0,0,0,0,0,126,2026-02-06 15:34:15.098890
SPNG,24.79,24.79,25.69,1254700.0,1705100.0,0,0,0,0,0,0,0,0,0,0,0,0,0,0,0,0,0,0,0,0,0,0,0,0,0,0,0,0,0,0,0,0,127,2026-02-06 15:34:16.154369
SMMR,24.79,24.7,24.79,1622300.0,1148600.0,0,0,0,0,0,0,0,0,0,0,0,0,0,0,0,0,0,0,0,0,0,0,0,0,0,0,0,0,0,0,0,0,127,2026-02-06 15:34:16.154369
ATMN,24.75,24.75,25.15,1070700.0,1927900.0,0,0,0,0,0,0,0,0,0,0,0,0,0,0,0,0,0,0,0,0,0,0,0,0,0,0,0,0,0,0,0,0,127,2026-02-06 15:34:16.154369
WNTR,24.6,24.47,24.6,1112300.0,1252600.0,0,0,0,0,0,0,0,0,0,0,0,0,0,0,0,0,0,0,0,0,0,0,0,0,0,0,0,0,0,0,0,0,127,2026-02-06 15:34:16.154369
SPNG,24.79,25.31,25.69,1691100.0,1705100.0,0,0,0,0,0,0,0,0,0,0,0,0,0,0,0,0,0,0,0,0,0,0,0,0,0,0,0,0,0,0,0,0,128,2026-02-06 15:34:17.207628
SMMR,24.7,24.7,24.81,1740400.0,1056700.0,0,0,0,0,0,0,0,0,0,0,0,0,0,0,0,0,0,0,0,0,0,0,0,0,0,0,0,0,0,0,0,0,128,2026-02-06 15:34:17.207628
ATMN,24.89,24.75,24.89,1070700.0,1969900.0,0,0,0,0,0,0,0,0,0,0,0,0,0,0,0,0,0,0,0,0,0,0,0,0,0,0,0,0,0,0,0,0,128,2026-02-06 15:34:17.207628
WNTR,24.6,24.53,24.55,1311000.0,1219700.0,0,0,0,0,0,0,0,0,0,0,0,0,0,0,0,0,0,0,0,0,0,0,0,0,0,0,0,0,0,0,0,0,128,2026-02-06 15:34:17.207628
SPNG,25.58,25.58,25.69,1787800.0,1921200.0,0,0,0,0,0,0,0,0,0,0,0,0,0,0,0,0,0,0,0,0,0,0,0,0,0,0,0,0,0,0,0,0,129,2026-02-06 15:34:18.268675
SMMR,24.82,24.7,24.76,1723700.0,1068000.0,0,0,0,0,0,0,0,0,0,0,0,0,0,0,0,0,0,0,0,0,0,0,0,0,0,0,0,0,0,0,0,0,129,2026-02-06 15:34:18.268675
ATMN,24.99,24.75,24.89,1070700.0,1986800.0,0,0,0,0,0,0,0,0,0,0,0,0,0,0,0,0,0,0,0,0,0,0,0,0,0,0,0,0,0,0,0,0,129,2026-02-06 15:34:18.268675
WNTR,24.55,24.66,24.79,1589800.0,1232500.0,0,0,0,0,0,0,0,0,0,0,0,0,0,0,0,0,0,0,0,0,0,0,0,0,0,0,0,0,0,0,0,0,129,2026-02-06 15:34:18.268675
SPNG,25.69,25.31,25.69,1691100.0,2025700.0,0,0,0,0,0,0,0,0,0,0,0,0,0,0,0,0,0,0,0,0,0,0,0,0,0,0,0,0,0,0,0,0,130,2026-02-06 15:34:19.323454
SMMR,24.68,24.68,24.76,1830200.0,1068000.0,0,0,0,0,0,0,0,0,0,0,0,0,0,0,0,0,0,0,0,0,0,0,0,0,0,0,0,0,0,0,0,0,130,2026-02-06 15:34:19.323454
ATMN,24.79,24.75,24.79,1307000.0,2009000.0,0,0,0,0,0,0,0,0,0,0,0,0,0,0,0,0,0,0,0,0,0,0,0,0,0,0,0,0,0,0,0,0,130,2026-02-06 15:34:19.323454
WNTR,24.55,24.66,24.78,1723400.0,1482600.0,0,0,0,0,0,0,0,0,0,0,0,0,0,0,0,0,0,0,0,0,0,0,0,0,0,0,0,0,0,0,0,0,130,2026-02-06 15:34:19.323454
SPNG,25.74,25.31,25.74,1946600.0,2020400.0,0,0,0,0,0,0,0,0,0,0,0,0,0,0,0,0,0,0,0,0,0,0,0,0,0,0,0,0,0,0,0,0,131,2026-02-06 15:34:20.408117
SMMR,24.66,24.66,24.76,1605400.0,1199700.0,0,0,0,0,0,0,0,0,0,0,0,0,0,0,0,0,0,0,0,0,0,0,0,0,0,0,0,0,0,0,0,0,131,2026-02-06 15:34:20.408117
ATMN,25.15,24.75,25.15,1419200.0,1945200.0,0,0,0,0,0,0,0,0,0,0,0,0,0,0,0,0,0,0,0,0,0,0,0,0,0,0,0,0,0,0,0,0,131,2026-02-06 15:34:20.408117
WNTR,24.66,24.53,24.57,1636800.0,1794900.0,0,0,0,0,0,0,0,0,0,0,0,0,0,0,0,0,0,0,0,0,0,0,0,0,0,0,0,0,0,0,0,0,131,2026-02-06 15:34:20.408117
SPNG,25.31,24.83,25.23,1974300.0,2166800.0,0,0,0,0,0,0,0,0,0,0,0,0,0,0,0,0,0,0,0,0,0,0,0,0,0,0,0,0,0,0,0,0,132,2026-02-06 15:34:21.478493
SMMR,24.66,24.66,24.67,1841000.0,1306400.0,0,0,0,0,0,0,0,0,0,0,0,0,0,0,0,0,0,0,0,0,0,0,0,0,0,0,0,0,0,0,0,0,132,2026-02-06 15:34:21.478493
ATMN,25.15,24.75,25.15,1547100.0,1945200.0,0,0,0,0,0,0,0,0,0,0,0,0,0,0,0,0,0,0,0,0,0,0,0,0,0,0,0,0,0,0,0,0,132,2026-02-06 15:34:21.478493
WNTR,24.57,24.68,24.76,1762600.0,2018600.0,0,0,0,0,0,0,0,0,0,0,0,0,0,0,0,0,0,0,0,0,0,0,0,0,0,0,0,0,0,0,0,0,132,2026-02-06 15:34:21.478493
SPNG,25.31,24.83,25.23,2362000.0,2166800.0,0,0,0,0,0,0,0,0,0,0,0,0,0,0,0,0,0,0,0,0,0,0,0,0,0,0,0,0,0,0,0,0,133,2026-02-06 15:34:22.538315
SMMR,24.67,24.69,24.74,2086200.0,1311200.0,0,0,0,0,0,0,0,0,0,0,0,0,0,0,0,0,0,0,0,0,0,0,0,0,0,0,0,0,0,0,0,0,133,2026-02-06 15:34:22.538315
ATMN,25.15,24.75,25.15,1547100.0,1959900.0,0,0,0,0,0,0,0,0,0,0,0,0,0,0,0,0,0,0,0,0,0,0,0,0,0,0,0,0,0,0,0,0,133,2026-02-06 15:34:22.538315
WNTR,24.47,24.47,24.54,1636800.0,2159200.0,0,0,0,0,0,0,0,0,0,0,0,0,0,0,0,0,0,0,0,0,0,0,0,0,0,0,0,0,0,0,0,0,133,2026-02-06 15:34:22.538315
SPNG,25.4,25.68,25.74,2516400.0,2020400.0,0,0,0,0,0,0,0,0,0,0,0,0,0,0,0,0,0,0,0,0,0,0,0,0,0,0,0,0,0,0,0,0,134,2026-02-06 15:34:23.180699
SMMR,24.67,24.69,24.74,2086200.0,1573800.0,0,0,0,0,0,0,0,0,0,0,0,0,0,0,0,0,0,0,0,0,0,0,0,0,0,0,0,0,0,0,0,0,134,2026-02-06 15:34:23.180699
ATMN,25.15,24.75,25.04,1673600.0,1966000.0,0,0,0,0,0,0,0,0,0,0,0,0,0,0,0,0,0,0,0,0,0,0,0,0,0,0,0,0,0,0,0,0,134,2026-02-06 15:34:23.180699
WNTR,24.54,24.51,24.54,1734000.0,2159200.0,0,0,0,0,0,0,0,0,0,0,0,0,0,0,0,0,0,0,0,0,0,0,0,0,0,0,0,0,0,0,0,0,134,2026-02-06 15:34:23.180699
SPNG,25.4,25.68,25.7,2516400.0,2210800.0,0,0,0,0,0,0,0,0,0,0,0,0,0,0,0,0,0,0,0,0,0,0,0,0,0,0,0,0,0,0,0,0,135,2026-02-06 15:34:24.253519
SMMR,24.68,24.66,24.68,1959100.0,1682600.0,0,0,0,0,0,0,0,0,0,0,0,0,0,0,0,0,0,0,0,0,0,0,0,0,0,0,0,0,0,0,0,0,135,2026-02-06 15:34:24.253519
ATMN,25.04,25.01,25.04,1887800.0,1966000.0,0,0,0,0,0,0,0,0,0,0,0,0,0,0,0,0,0,0,0,0,0,0,0,0,0,0,0,0,0,0,0,0,135,2026-02-06 15:34:24.253519
WNTR,24.78,24.51,24.78,1734000.0,1998400.0,0,0,0,0,0,0,0,0,0,0,0,0,0,0,0,0,0,0,0,0,0,0,0,0,0,0,0,0,0,0,0,0,135,2026-02-06 15:34:24.253519
SPNG,25.11,25.41,25.7,2464500.0,2222100.0,0,0,0,0,0,0,0,0,0,0,0,0,0,0,0,0,0,0,0,0,0,0,0,0,0,0,0,0,0,0,0,0,136,2026-02-06 15:34:25.330154
SMMR,24.66,24.66,24.68,2108400.0,1682600.0,0,0,0,0,0,0,0,0,0,0,0,0,0,0,0,0,0,0,0,0,0,0,0,0,0,0,0,0,0,0,0,0,136,2026-02-06 15:34:25.330154
ATMN,25.01,25.01,25.04,1887800.0,1966000.0,0,0,0,0,0,0,0,0,0,0,0,0,0,0,0,0,0,0,0,0,0,0,0,0,0,0,0,0,0,0,0,0,136,2026-02-06 15:34:25.330154
WNTR,24.46,24.69,24.78,1513100.0,2101900.0,0,0,0,0,0,0,0,0,0,0,0,0,0,0,0,0,0,0,0,0,0,0,0,0,0,0,0,0,0,0,0,0,136,2026-02-06 15:34:25.330154
SPNG,25.41,24.83,24.9,2490700.0,2238200.0,0,0,0,0,0,0,0,0,0,0,0,0,0,0,0,0,0,0,0,0,0,0,0,0,0,0,0,0,0,0,0,0,137,2026-02-06 15:34:26.397396
SMMR,24.59,24.59,24.68,2272700.0,1682600.0,0,0,0,0,0,0,0,0,0,0,0,0,0,0,0,0,0,0,0,0,0,0,0,0,0,0,0,0,0,0,0,0,137,2026-02-06 15:34:26.397396
ATMN,25.01,24.79,24.91,1885100.0,1963400.0,0,0,0,0,0,0,0,0,0,0,0,0,0,0,0,0,0,0,0,0,0,0,0,0,0,0,0,0,0,0,0,0,137,2026-02-06 15:34:26.397396
WNTR,24.79,24.69,24.79,1631300.0,1861500.0,0,0,0,0,0,0,0,0,0,0,0,0,0,0,0,0,0,0,0,0,0,0,0,0,0,0,0,0,0,0,0,0,137,2026-02-06 15:34:26.397396
SPNG,25.3,25.3,25.53,2455500.0,2249500.0,0,0,0,0,0,0,0,0,0,0,0,0,0,0,0,0,0,0,0,0,0,0,0,0,0,0,0,0,0,0,0,0,138,2026-02-06 15:34:27.458727
SMMR,24.74,24.59,24.74,2301100.0,1462300.0,0,0,0,0,0,0,0,0,0,0,0,0,0,0,0,0,0,0,0,0,0,0,0,0,0,0,0,0,0,0,0,0,138,2026-02-06 15:34:27.458727
ATMN,24.79,24.79,24.91,1885100.0,1964300.0,0,0,0,0,0,0,0,0,0,0,0,0,0,0,0,0,0,0,0,0,0,0,0,0,0,0,0,0,0,0,0,0,138,2026-02-06 15:34:27.458727
WNTR,24.74,24.74,24.79,1632700.0,1953800.0,0,0,0,0,0,0,0,0,0,0,0,0,0,0,0,0,0,0,0,0,0,0,0,0,0,0,0,0,0,0,0,0,138,2026-02-06 15:34:27.458727
SPNG,25.3,24.83,25.02,2445700.0,2285900.0,0,0,0,0,0,0,0,0,0,0,0,0,0,0,0,0,0,0,0,0,0,0,0,0,0,0,0,0,0,0,0,0,139,2026-02-06 15:34:28.507847
SMMR,24.77,24.75,24.77,2298400.0,1314300.0,0,0,0,0,0,0,0,0,0,0,0,0,0,0,0,0,0,0,0,0,0,0,0,0,0,0,0,0,0,0,0,0,139,2026-02-06 15:34:28.507847
ATMN,25.15,24.96,25.15,1999300.0,1955600.0,0,0,0,0,0,0,0,0,0,0,0,0,0,0,0,0,0,0,0,0,0,0,0,0,0,0,0,0,0,0,0,0,139,2026-02-06 15:34:28.507847
WNTR,24.62,24.45,24.54,1514900.0,2067200.0,0,0,0,0,0,0,0,0,0,0,0,0,0,0,0,0,0,0,0,0,0,0,0,0,0,0,0,0,0,0,0,0,139,2026-02-06 15:34:28.507847
SPNG,25.61,25.45,25.61,2446000.0,2252100.0,0,0,0,0,0,0,0,0,0,0,0,0,0,0,0,0,0,0,0,0,0,0,0,0,0,0,0,0,0,0,0,0,140,2026-02-06 15:34:29.560319
SMMR,24.75,24.65,24.73,2276300.0,1193500.0,0,0,0,0,0,0,0,0,0,0,0,0,0,0,0,0,0,0,0,0,0,0,0,0,0,0,0,0,0,0,0,0,140,2026-02-06 15:34:29.560319
ATMN,24.96,24.79,24.86,1970400.0,1994500.0,0,0,0,0,0,0,0,0,0,0,0,0,0,0,0,0,0,0,0,0,0,0,0,0,0,0,0,0,0,0,0,0,140,2026-02-06 15:34:29.560319
WNTR,24.62,24.5,24.54,1862400.0,2067200.0,0,0,0,0,0,0,0,0,0,0,0,0,0,0,0,0,0,0,0,0,0,0,0,0,0,0,0,0,0,0,0,0,140,2026-02-06 15:34:29.560319
SPNG,24.83,24.88,25.61,2383900.0,2252100.0,0,0,0,0,0,0,0,0,0,0,0,0,0,0,0,0,0,0,0,0,0,0,0,0,0,0,0,0,0,0,0,0,141,2026-02-06 15:34:30.616767
SMMR,24.75,24.83,24.85,2309000.0,1195800.0,0,0,0,0,0,0,0,0,0,0,0,0,0,0,0,0,0,0,0,0,0,0,0,0,0,0,0,0,0,0,0,0,141,2026-02-06 15:34:30.616767
ATMN,25.21,24.75,25.21,1955200.0,1930800.0,0,0,0,0,0,0,0,0,0,0,0,0,0,0,0,0,0,0,0,0,0,0,0,0,0,0,0,0,0,0,0,0,141,2026-02-06 15:34:30.616767
WNTR,24.5,24.48,24.5,1953900.0,2095400.0,0,0,0,0,0,0,0,0,0,0,0,0,0,0,0,0,0,0,0,0,0,0,0,0,0,0,0,0,0,0,0,0,141,2026-02-06 15:34:30.616767
SPNG,25.67,24.88,25.42,2383900.0,2266300.0,0,0,0,0,0,0,0,0,0,0,0,0,0,0,0,0,0,0,0,0,0,0,0,0,0,0,0,0,0,0,0,0,142,2026-02-06 15:34:31.204394
SMMR,24.75,24.83,24.85,2309000.0,1298500.0,0,0,0,0,0,0,0,0,0,0,0,0,0,0,0,0,0,0,0,0,0,0,0,0,0,0,0,0,0,0,0,0,142,2026-02-06 15:34:31.204394
ATMN,25.21,24.75,25.21,1955200.0,1935700.0,0,0,0,0,0,0,0,0,0,0,0,0,0,0,0,0,0,0,0,0,0,0,0,0,0,0,0,0,0,0,0,0,142,2026-02-06 15:34:31.204394
WNTR,24.68,24.48,24.68,2048600.0,2067200.0,0,0,0,0,0,0,0,0,0,0,0,0,0,0,0,0,0,0,0,0,0,0,0,0,0,0,0,0,0,0,0,0,142,2026-02-06 15:34:31.204394
SPNG,25.7,24.99,25.23,2415000.0,2259000.0,0,0,0,0,0,0,0,0,0,0,0,0,0,0,0,0,0,0,0,0,0,0,0,0,0,0,0,0,0,0,0,0,143,2026-02-06 15:34:32.262256
SMMR,24.83,24.69,24.72,2295500.0,1422800.0,0,0,0,0,0,0,0,0,0,0,0,0,0,0,0,0,0,0,0,0,0,0,0,0,0,0,0,0,0,0,0,0,143,2026-02-06 15:34:32.262256
ATMN,24.67,25.12,25.21,2034000.0,1937600.0,0,0,0,0,0,0,0,0,0,0,0,0,0,0,0,0,0,0,0,0,0,0,0,0,0,0,0,0,0,0,0,0,143,2026-02-06 15:34:32.262256
WNTR,24.73,24.48,24.68,2048600.0,2046100.0,0,0,0,0,0,0,0,0,0,0,0,0,0,0,0,0,0,0,0,0,0,0,0,0,0,0,0,0,0,0,0,0,143,2026-02-06 15:34:32.262256
SPNG,25.23,25.29,25.7,2388500.0,2223700.0,0,0,0,0,0,0,0,0,0,0,0,0,0,0,0,0,0,0,0,0,0,0,0,0,0,0,0,0,0,0,0,0,144,2026-02-06 15:34:33.372601
SMMR,24.73,24.69,24.73,2296600.0,1420900.0,0,0,0,0,0,0,0,0,0,0,0,0,0,0,0,0,0,0,0,0,0,0,0,0,0,0,0,0,0,0,0,0,144,2026-02-06 15:34:33.372601
ATMN,24.67,25.12,25.18,2034000.0,1969900.0,0,0,0,0,0,0,0,0,0,0,0,0,0,0,0,0,0,0,0,0,0,0,0,0,0,0,0,0,0,0,0,0,144,2026-02-06 15:34:33.372601
WNTR,24.73,24.48,24.68,2123100.0,2046100.0,0,0,0,0,0,0,0,0,0,0,0,0,0,0,0,0,0,0,0,0,0,0,0,0,0,0,0,0,0,0,0,0,144,2026-02-06 15:34:33.372601
SPNG,24.99,25.25,25.7,2401500.0,2249000.0,0,0,0,0,0,0,0,0,0,0,0,0,0,0,0,0,0,0,0,0,0,0,0,0,0,0,0,0,0,0,0,0,145,2026-02-06 15:34:34.435193
SMMR,24.85,24.89,24.9,2286500.0,1403100.0,0,0,0,0,0,0,0,0,0,0,0,0,0,0,0,0,0,0,0,0,0,0,0,0,0,0,0,0,0,0,0,0,145,2026-02-06 15:34:34.435193
ATMN,25.12,24.67,24.9,1919400.0,2007900.0,0,0,0,0,0,0,0,0,0,0,0,0,0,0,0,0,0,0,0,0,0,0,0,0,0,0,0,0,0,0,0,0,145,2026-02-06 15:34:34.435193
WNTR,24.68,24.52,24.68,2094100.0,2046100.0,0,0,0,0,0,0,0,0,0,0,0,0,0,0,0,0,0,0,0,0,0,0,0,0,0,0,0,0,0,0,0,0,145,2026-02-06 15:34:34.435193
SPNG,24.99,25.29,25.43,2411800.0,2235100.0,0,0,0,0,0,0,0,0,0,0,0,0,0,0,0,0,0,0,0,0,0,0,0,0,0,0,0,0,0,0,0,0,146,2026-02-06 15:34:35.488082
SMMR,24.85,24.89,24.9,2286500.0,1751800.0,0,0,0,0,0,0,0,0,0,0,0,0,0,0,0,0,0,0,0,0,0,0,0,0,0,0,0,0,0,0,0,0,146,2026-02-06 15:34:35.488082
ATMN,25.18,24.97,25.18,2026500.0,1981900.0,0,0,0,0,0,0,0,0,0,0,0,0,0,0,0,0,0,0,0,0,0,0,0,0,0,0,0,0,0,0,0,0,146,2026-02-06 15:34:35.488082
WNTR,24.72,24.48,24.72,2130400.0,2059000.0,0,0,0,0,0,0,0,0,0,0,0,0,0,0,0,0,0,0,0,0,0,0,0,0,0,0,0,0,0,0,0,0,146,2026-02-06 15:34:35.488082
SPNG,24.99,24.99,25.7,2374800.0,2249000.0,0,0,0,0,0,0,0,0,0,0,0,0,0,0,0,0,0,0,0,0,0,0,0,0,0,0,0,0,0,0,0,0,147,2026-02-06 15:34:36.557378
SMMR,24.67,24.67,24.9,2278500.0,1751800.0,0,0,0,0,0,0,0,0,0,0,0,0,0,0,0,0,0,0,0,0,0,0,0,0,0,0,0,0,0,0,0,0,147,2026-02-06 15:34:36.557378
ATMN,24.97,24.97,25.18,2026500.0,1982800.0,0,0,0,0,0,0,0,0,0,0,0,0,0,0,0,0,0,0,0,0,0,0,0,0,0,0,0,0,0,0,0,0,147,2026-02-06 15:34:36.557378
WNTR,24.72,24.58,24.72,2111900.0,2068400.0,0,0,0,0,0,0,0,0,0,0,0,0,0,0,0,0,0,0,0,0,0,0,0,0,0,0,0,0,0,0,0,0,147,2026-02-06 15:34:36.557378
SPNG,24.99,25.36,25.47,2353800.0,2294300.0,0,0,0,0,0,0,0,0,0,0,0,0,0,0,0,0,0,0,0,0,0,0,0,0,0,0,0,0,0,0,0,0,148,2026-02-06 15:34:37.635020
SMMR,24.67,24.67,24.9,2268900.0,1751800.0,0,0,0,0,0,0,0,0,0,0,0,0,0,0,0,0,0,0,0,0,0,0,0,0,0,0,0,0,0,0,0,0,148,2026-02-06 15:34:37.635020
ATMN,25.19,24.97,25.1,2118200.0,1976600.0,0,0,0,0,0,0,0,0,0,0,0,0,0,0,0,0,0,0,0,0,0,0,0,0,0,0,0,0,0,0,0,0,148,2026-02-06 15:34:37.635020
WNTR,24.72,24.68,24.72,2070500.0,2075900.0,0,0,0,0,0,0,0,0,0,0,0,0,0,0,0,0,0,0,0,0,0,0,0,0,0,0,0,0,0,0,0,0,148,2026-02-06 15:34:37.635020
SPNG,25.36,24.99,25.25,2355800.0,2274400.0,0,0,0,0,0,0,0,0,0,0,0,0,0,0,0,0,0,0,0,0,0,0,0,0,0,0,0,0,0,0,0,0,149,2026-02-06 15:34:38.233558
SMMR,24.67,24.67,24.7,2268900.0,1951100.0,0,0,0,0,0,0,0,0,0,0,0,0,0,0,0,0,0,0,0,0,0,0,0,0,0,0,0,0,0,0,0,0,149,2026-02-06 15:34:38.233558
ATMN,24.97,24.67,24.73,2129900.0,1979100.0,0,0,0,0,0,0,0,0,0,0,0,0,0,0,0,0,0,0,0,0,0,0,0,0,0,0,0,0,0,0,0,0,149,2026-02-06 15:34:38.233558
WNTR,24.68,24.58,24.62,2090300.0,2083100.0,0,0,0,0,0,0,0,0,0,0,0,0,0,0,0,0,0,0,0,0,0,0,0,0,0,0,0,0,0,0,0,0,149,2026-02-06 15:34:38.233558
SPNG,25.32,24.99,25.25,2367900.0,2277700.0,0,0,0,0,0,0,0,0,0,0,0,0,0,0,0,0,0,0,0,0,0,0,0,0,0,0,0,0,0,0,0,0,150,2026-02-06 15:34:39.294438
SMMR,24.67,24.67,24.7,2247100.0,1951100.0,0,0,0,0,0,0,0,0,0,0,0,0,0,0,0,0,0,0,0,0,0,0,0,0,0,0,0,0,0,0,0,0,150,2026-02-06 15:34:39.294438
ATMN,25.1,25.03,25.1,2165500.0,1976600.0,0,0,0,0,0,0,0,0,0,0,0,0,0,0,0,0,0,0,0,0,0,0,0,0,0,0,0,0,0,0,0,0,150,2026-02-06 15:34:39.294438
WNTR,24.72,24.47,24.72,2115900.0,2077500.0,0,0,0,0,0,0,0,0,0,0,0,0,0,0,0,0,0,0,0,0,0,0,0,0,0,0,0,0,0,0,0,0,150,2026-02-06 15:34:39.294438
SPNG,25.32,25.21,25.25,2373600.0,2277700.0,0,0,0,0,0,0,0,0,0,0,0,0,0,0,0,0,0,0,0,0,0,0,0,0,0,0,0,0,0,0,0,0,151,2026-02-06 15:34:40.348133
SMMR,24.67,24.67,24.83,2244900.0,1944000.0,0,0,0,0,0,0,0,0,0,0,0,0,0,0,0,0,0,0,0,0,0,0,0,0,0,0,0,0,0,0,0,0,151,2026-02-06 15:34:40.348133
ATMN,25.1,25.11,25.21,2099800.0,1992800.0,0,0,0,0,0,0,0,0,0,0,0,0,0,0,0,0,0,0,0,0,0,0,0,0,0,0,0,0,0,0,0,0,151,2026-02-06 15:34:40.348133
WNTR,24.48,24.48,24.63,2116300.0,2068000.0,0,0,0,0,0,0,0,0,0,0,0,0,0,0,0,0,0,0,0,0,0,0,0,0,0,0,0,0,0,0,0,0,151,2026-02-06 15:34:40.348133
SPNG,25.02,25.02,25.54,2363500.0,2269800.0,0,0,0,0,0,0,0,0,0,0,0,0,0,0,0,0,0,0,0,0,0,0,0,0,0,0,0,0,0,0,0,0,152,2026-02-06 15:34:41.411783
SMMR,24.85,24.67,24.75,2244900.0,2051400.0,0,0,0,0,0,0,0,0,0,0,0,0,0,0,0,0,0,0,0,0,0,0,0,0,0,0,0,0,0,0,0,0,152,2026-02-06 15:34:41.411783
ATMN,25.14,24.84,25.14,2159200.0,1985800.0,0,0,0,0,0,0,0,0,0,0,0,0,0,0,0,0,0,0,0,0,0,0,0,0,0,0,0,0,0,0,0,0,152,2026-02-06 15:34:41.411783
WNTR,24.48,24.48,24.63,2097300.0,2094600.0,0,0,0,0,0,0,0,0,0,0,0,0,0,0,0,0,0,0,0,0,0,0,0,0,0,0,0,0,0,0,0,0,152,2026-02-06 15:34:41.411783
SPNG,25.79,25.02,25.59,2363500.0,2241200.0,0,0,0,0,0,0,0,0,0,0,0,0,0,0,0,0,0,0,0,0,0,0,0,0,0,0,0,0,0,0,0,0,153,2026-02-06 15:34:42.467859
SMMR,24.79,24.67,24.76,2239400.0,2073000.0,0,0,0,0,0,0,0,0,0,0,0,0,0,0,0,0,0,0,0,0,0,0,0,0,0,0,0,0,0,0,0,0,153,2026-02-06 15:34:42.467859
ATMN,25.14,24.84,24.9,2099900.0,1997400.0,0,0,0,0,0,0,0,0,0,0,0,0,0,0,0,0,0,0,0,0,0,0,0,0,0,0,0,0,0,0,0,0,153,2026-02-06 15:34:42.467859
WNTR,24.65,24.64,24.65,2113300.0,2094400.0,0,0,0,0,0,0,0,0,0,0,0,0,0,0,0,0,0,0,0,0,0,0,0,0,0,0,0,0,0,0,0,0,153,2026-02-06 15:34:42.467859
SPNG,25.59,25.02,25.59,2363500.0,2241700.0,0,0,0,0,0,0,0,0,0,0,0,0,0,0,0,0,0,0,0,0,0,0,0,0,0,0,0,0,0,0,0,0,154,2026-02-06 15:34:43.524033
SMMR,24.76,24.67,24.7,2275100.0,2160400.0,0,0,0,0,0,0,0,0,0,0,0,0,0,0,0,0,0,0,0,0,0,0,0,0,0,0,0,0,0,0,0,0,154,2026-02-06 15:34:43.524033
ATMN,24.9,24.82,24.9,2133500.0,2001300.0,0,0,0,0,0,0,0,0,0,0,0,0,0,0,0,0,0,0,0,0,0,0,0,0,0,0,0,0,0,0,0,0,154,2026-02-06 15:34:43.524033
WNTR,24.65,24.48,24.65,2097300.0,2077500.0,0,0,0,0,0,0,0,0,0,0,0,0,0,0,0,0,0,0,0,0,0,0,0,0,0,0,0,0,0,0,0,0,154,2026-02-06 15:34:43.524033
SPNG,25.59,25.06,25.59,2335100.0,2227300.0,0,0,0,0,0,0,0,0,0,0,0,0,0,0,0,0,0,0,0,0,0,0,0,0,0,0,0,0,0,0,0,0,155,2026-02-06 15:34:44.612349
SMMR,24.7,24.71,24.76,2249100.0,2039800.0,0,0,0,0,0,0,0,0,0,0,0,0,0,0,0,0,0,0,0,0,0,0,0,0,0,0,0,0,0,0,0,0,155,2026-02-06 15:34:44.612349
ATMN,24.82,24.82,25.09,2133500.0,1989300.0,0,0,0,0,0,0,0,0,0,0,0,0,0,0,0,0,0,0,0,0,0,0,0,0,0,0,0,0,0,0,0,0,155,2026-02-06 15:34:44.612349
WNTR,24.72,24.61,24.71,2108500.0,2061100.0,0,0,0,0,0,0,0,0,0,0,0,0,0,0,0,0,0,0,0,0,0,0,0,0,0,0,0,0,0,0,0,0,155,2026-02-06 15:34:44.612349
SPNG,25.79,25.21,25.42,2312500.0,2250400.0,0,0,0,0,0,0,0,0,0,0,0,0,0,0,0,0,0,0,0,0,0,0,0,0,0,0,0,0,0,0,0,0,156,2026-02-06 15:34:45.689388
SMMR,24.7,24.71,24.76,2282500.0,2156200.0,0,0,0,0,0,0,0,0,0,0,0,0,0,0,0,0,0,0,0,0,0,0,0,0,0,0,0,0,0,0,0,0,156,2026-02-06 15:34:45.689388
ATMN,24.82,24.67,24.74,2105700.0,1964500.0,0,0,0,0,0,0,0,0,0,0,0,0,0,0,0,0,0,0,0,0,0,0,0,0,0,0,0,0,0,0,0,0,156,2026-02-06 15:34:45.689388
WNTR,24.77,24.76,24.77,2084800.0,2096900.0,0,0,0,0,0,0,0,0,0,0,0,0,0,0,0,0,0,0,0,0,0,0,0,0,0,0,0,0,0,0,0,0,156,2026-02-06 15:34:45.689388
SPNG,25.79,25.21,25.42,2300000.0,2250400.0,0,0,0,0,0,0,0,0,0,0,0,0,0,0,0,0,0,0,0,0,0,0,0,0,0,0,0,0,0,0,0,0,157,2026-02-06 15:34:46.308189
SMMR,24.7,24.71,24.76,2257500.0,2193200.0,0,0,0,0,0,0,0,0,0,0,0,0,0,0,0,0,0,0,0,0,0,0,0,0,0,0,0,0,0,0,0,0,157,2026-02-06 15:34:46.308189
ATMN,24.82,24.67,24.74,2092800.0,1964500.0,0,0,0,0,0,0,0,0,0,0,0,0,0,0,0,0,0,0,0,0,0,0,0,0,0,0,0,0,0,0,0,0,157,2026-02-06 15:34:46.308189
WNTR,24.76,24.48,24.73,2108600.0,2063800.0,0,0,0,0,0,0,0,0,0,0,0,0,0,0,0,0,0,0,0,0,0,0,0,0,0,0,0,0,0,0,0,0,157,2026-02-06 15:34:46.308189
SPNG,25.79,25.26,25.42,2281600.0,2265700.0,0,0,0,0,0,0,0,0,0,0,0,0,0,0,0,0,0,0,0,0,0,0,0,0,0,0,0,0,0,0,0,0,158,2026-02-06 15:34:47.371426
SMMR,24.7,24.71,24.76,2231200.0,2193200.0,0,0,0,0,0,0,0,0,0,0,0,0,0,0,0,0,0,0,0,0,0,0,0,0,0,0,0,0,0,0,0,0,158,2026-02-06 15:34:47.371426
ATMN,24.76,24.67,24.76,2137400.0,1976800.0,0,0,0,0,0,0,0,0,0,0,0,0,0,0,0,0,0,0,0,0,0,0,0,0,0,0,0,0,0,0,0,0,158,2026-02-06 15:34:47.371426
WNTR,24.71,24.48,24.64,2108600.0,2058500.0,0,0,0,0,0,0,0,0,0,0,0,0,0,0,0,0,0,0,0,0,0,0,0,0,0,0,0,0,0,0,0,0,158,2026-02-06 15:34:47.371426
SPNG,25.26,25.26,25.42,2304000.0,2265700.0,0,0,0,0,0,0,0,0,0,0,0,0,0,0,0,0,0,0,0,0,0,0,0,0,0,0,0,0,0,0,0,0,159,2026-02-06 15:34:48.462734
SMMR,24.76,24.76,24.9,2165100.0,2187500.0,0,0,0,0,0,0,0,0,0,0,0,0,0,0,0,0,0,0,0,0,0,0,0,0,0,0,0,0,0,0,0,0,159,2026-02-06 15:34:48.462734
ATMN,25.14,24.67,25.14,2137400.0,1985400.0,0,0,0,0,0,0,0,0,0,0,0,0,0,0,0,0,0,0,0,0,0,0,0,0,0,0,0,0,0,0,0,0,159,2026-02-06 15:34:48.462734
WNTR,24.73,24.57,24.68,2096000.0,2088300.0,0,0,0,0,0,0,0,0,0,0,0,0,0,0,0,0,0,0,0,0,0,0,0,0,0,0,0,0,0,0,0,0,159,2026-02-06 15:34:48.462734
SPNG,25.21,25.21,25.42,2307400.0,2265700.0,0,0,0,0,0,0,0,0,0,0,0,0,0,0,0,0,0,0,0,0,0,0,0,0,0,0,0,0,0,0,0,0,160,2026-02-06 15:34:49.527778
SMMR,24.84,24.76,24.83,2165100.0,2217100.0,0,0,0,0,0,0,0,0,0,0,0,0,0,0,0,0,0,0,0,0,0,0,0,0,0,0,0,0,0,0,0,0,160,2026-02-06 15:34:49.527778
ATMN,25.14,24.67,25.14,2106100.0,1985400.0,0,0,0,0,0,0,0,0,0,0,0,0,0,0,0,0,0,0,0,0,0,0,0,0,0,0,0,0,0,0,0,0,160,2026-02-06 15:34:49.527778
WNTR,24.76,24.57,24.76,2096000.0,2090400.0,0,0,0,0,0,0,0,0,0,0,0,0,0,0,0,0,0,0,0,0,0,0,0,0,0,0,0,0,0,0,0,0,160,2026-02-06 15:34:49.527778
SPNG,25.14,25.21,25.42,2339600.0,2265700.0,0,0,0,0,0,0,0,0,0,0,0,0,0,0,0,0,0,0,0,0,0,0,0,0,0,0,0,0,0,0,0,0,161,2026-02-06 15:34:50.582256
SMMR,24.9,24.76,24.9,2205800.0,2188200.0,0,0,0,0,0,0,0,0,0,0,0,0,0,0,0,0,0,0,0,0,0,0,0,0,0,0,0,0,0,0,0,0,161,2026-02-06 15:34:50.582256
ATMN,24.94,24.67,24.94,2106100.0,1983000.0,0,0,0,0,0,0,0,0,0,0,0,0,0,0,0,0,0,0,0,0,0,0,0,0,0,0,0,0,0,0,0,0,161,2026-02-06 15:34:50.582256
WNTR,24.76,24.57,24.58,2081900.0,2095700.0,0,0,0,0,0,0,0,0,0,0,0,0,0,0,0,0,0,0,0,0,0,0,0,0,0,0,0,0,0,0,0,0,161,2026-02-06 15:34:50.582256
SPNG,25.14,25.2,25.42,2364600.0,2265700.0,0,0,0,0,0,0,0,0,0,0,0,0,0,0,0,0,0,0,0,0,0,0,0,0,0,0,0,0,0,0,0,0,162,2026-02-06 15:34:51.633632
SMMR,24.84,24.87,24.9,2215200.0,2188200.0,0,0,0,0,0,0,0,0,0,0,0,0,0,0,0,0,0,0,0,0,0,0,0,0,0,0,0,0,0,0,0,0,162,2026-02-06 15:34:51.633632
ATMN,25.14,25.16,25.21,2115000.0,1981300.0,0,0,0,0,0,0,0,0,0,0,0,0,0,0,0,0,0,0,0,0,0,0,0,0,0,0,0,0,0,0,0,0,162,2026-02-06 15:34:51.633632
WNTR,24.58,24.64,24.65,2081400.0,2086200.0,0,0,0,0,0,0,0,0,0,0,0,0,0,0,0,0,0,0,0,0,0,0,0,0,0,0,0,0,0,0,0,0,162,2026-02-06 15:34:51.633632
SPNG,25.07,25.07,25.65,2323700.0,2273500.0,0,0,0,0,0,0,0,0,0,0,0,0,0,0,0,0,0,0,0,0,0,0,0,0,0,0,0,0,0,0,0,0,163,2026-02-06 15:34:52.720530
SMMR,24.87,24.75,24.8,2196800.0,2058100.0,0,0,0,0,0,0,0,0,0,0,0,0,0,0,0,0,0,0,0,0,0,0,0,0,0,0,0,0,0,0,0,0,163,2026-02-06 15:34:52.720530
ATMN,24.62,24.62,25.21,2115200.0,1983800.0,0,0,0,0,0,0,0,0,0,0,0,0,0,0,0,0,0,0,0,0,0,0,0,0,0,0,0,0,0,0,0,0,163,2026-02-06 15:34:52.720530
WNTR,24.65,24.64,24.65,2099800.0,2117900.0,0,0,0,0,0,0,0,0,0,0,0,0,0,0,0,0,0,0,0,0,0,0,0,0,0,0,0,0,0,0,0,0,163,2026-02-06 15:34:52.720530
SPNG,25.06,25.06,25.65,2309300.0,2273500.0,0,0,0,0,0,0,0,0,0,0,0,0,0,0,0,0,0,0,0,0,0,0,0,0,0,0,0,0,0,0,0,0,164,2026-02-06 15:34:53.349304
SMMR,24.92,24.75,24.84,2204800.0,2167100.0,0,0,0,0,0,0,0,0,0,0,0,0,0,0,0,0,0,0,0,0,0,0,0,0,0,0,0,0,0,0,0,0,164,2026-02-06 15:34:53.349304
ATMN,24.71,25.03,25.21,2101400.0,1988400.0,0,0,0,0,0,0,0,0,0,0,0,0,0,0,0,0,0,0,0,0,0,0,0,0,0,0,0,0,0,0,0,0,164,2026-02-06 15:34:53.349304
WNTR,24.64,24.57,24.61,2093900.0,2099700.0,0,0,0,0,0,0,0,0,0,0,0,0,0,0,0,0,0,0,0,0,0,0,0,0,0,0,0,0,0,0,0,0,164,2026-02-06 15:34:53.349304
SPNG,25.45,25.26,25.45,2338900.0,2302700.0,0,0,0,0,0,0,0,0,0,0,0,0,0,0,0,0,0,0,0,0,0,0,0,0,0,0,0,0,0,0,0,0,165,2026-02-06 15:34:54.422352
SMMR,24.73,24.73,24.84,2187100.0,2167100.0,0,0,0,0,0,0,0,0,0,0,0,0,0,0,0,0,0,0,0,0,0,0,0,0,0,0,0,0,0,0,0,0,165,2026-02-06 15:34:54.422352
ATMN,24.71,25.03,25.21,2101400.0,1972700.0,0,0,0,0,0,0,0,0,0,0,0,0,0,0,0,0,0,0,0,0,0,0,0,0,0,0,0,0,0,0,0,0,165,2026-02-06 15:34:54.422352
WNTR,24.64,24.57,24.58,2102400.0,2096200.0,0,0,0,0,0,0,0,0,0,0,0,0,0,0,0,0,0,0,0,0,0,0,0,0,0,0,0,0,0,0,0,0,165,2026-02-06 15:34:54.422352
SPNG,25.02,25.02,25.45,2326200.0,2323000.0,0,0,0,0,0,0,0,0,0,0,0,0,0,0,0,0,0,0,0,0,0,0,0,0,0,0,0,0,0,0,0,0,166,2026-02-06 15:34:55.483404
SMMR,24.94,24.73,24.94,2145700.0,2058100.0,0,0,0,0,0,0,0,0,0,0,0,0,0,0,0,0,0,0,0,0,0,0,0,0,0,0,0,0,0,0,0,0,166,2026-02-06 15:34:55.483404
ATMN,25.03,24.62,24.7,2115200.0,1997200.0,0,0,0,0,0,0,0,0,0,0,0,0,0,0,0,0,0,0,0,0,0,0,0,0,0,0,0,0,0,0,0,0,166,2026-02-06 15:34:55.483404
WNTR,24.77,24.71,24.77,2075600.0,2091800.0,0,0,0,0,0,0,0,0,0,0,0,0,0,0,0,0,0,0,0,0,0,0,0,0,0,0,0,0,0,0,0,0,166,2026-02-06 15:34:55.483404
SPNG,25.48,25.02,25.48,2295400.0,2289500.0,0,0,0,0,0,0,0,0,0,0,0,0,0,0,0,0,0,0,0,0,0,0,0,0,0,0,0,0,0,0,0,0,167,2026-02-06 15:34:56.540760
SMMR,24.94,24.75,24.82,2155900.0,2186200.0,0,0,0,0,0,0,0,0,0,0,0,0,0,0,0,0,0,0,0,0,0,0,0,0,0,0,0,0,0,0,0,0,167,2026-02-06 15:34:56.540760
ATMN,24.61,24.61,25.21,2145500.0,1963300.0,0,0,0,0,0,0,0,0,0,0,0,0,0,0,0,0,0,0,0,0,0,0,0,0,0,0,0,0,0,0,0,0,167,2026-02-06 15:34:56.540760
WNTR,24.57,24.61,24.77,2099200.0,2091800.0,0,0,0,0,0,0,0,0,0,0,0,0,0,0,0,0,0,0,0,0,0,0,0,0,0,0,0,0,0,0,0,0,167,2026-02-06 15:34:56.540760
SPNG,25.48,25.02,25.48,2336400.0,2289500.0,0,0,0,0,0,0,0,0,0,0,0,0,0,0,0,0,0,0,0,0,0,0,0,0,0,0,0,0,0,0,0,0,168,2026-02-06 15:34:57.594584
SMMR,24.86,24.75,24.83,2155900.0,2161600.0,0,0,0,0,0,0,0,0,0,0,0,0,0,0,0,0,0,0,0,0,0,0,0,0,0,0,0,0,0,0,0,0,168,2026-02-06 15:34:57.594584
ATMN,24.52,24.75,25.21,2186200.0,1973600.0,0,0,0,0,0,0,0,0,0,0,0,0,0,0,0,0,0,0,0,0,0,0,0,0,0,0,0,0,0,0,0,0,168,2026-02-06 15:34:57.594584
WNTR,24.79,24.61,24.67,2083600.0,2128200.0,0,0,0,0,0,0,0,0,0,0,0,0,0,0,0,0,0,0,0,0,0,0,0,0,0,0,0,0,0,0,0,0,168,2026-02-06 15:34:57.594584
SPNG,25.48,25.02,25.48,2351700.0,2285600.0,0,0,0,0,0,0,0,0,0,0,0,0,0,0,0,0,0,0,0,0,0,0,0,0,0,0,0,0,0,0,0,0,169,2026-02-06 15:34:58.657416
SMMR,24.72,24.72,24.83,2197200.0,2180700.0,0,0,0,0,0,0,0,0,0,0,0,0,0,0,0,0,0,0,0,0,0,0,0,0,0,0,0,0,0,0,0,0,169,2026-02-06 15:34:58.657416
ATMN,25.21,24.5,25.21,2250800.0,1957800.0,0,0,0,0,0,0,0,0,0,0,0,0,0,0,0,0,0,0,0,0,0,0,0,0,0,0,0,0,0,0,0,0,169,2026-02-06 15:34:58.657416
WNTR,24.67,24.7,24.79,2069800.0,2108600.0,0,0,0,0,0,0,0,0,0,0,0,0,0,0,0,0,0,0,0,0,0,0,0,0,0,0,0,0,0,0,0,0,169,2026-02-06 15:34:58.657416
SPNG,25.65,25.39,25.65,2338200.0,2264900.0,0,0,0,0,0,0,0,0,0,0,0,0,0,0,0,0,0,0,0,0,0,0,0,0,0,0,0,0,0,0,0,0,170,2026-02-06 15:34:59.799473
SMMR,24.72,24.72,24.83,2197200.0,2181200.0,0,0,0,0,0,0,0,0,0,0,0,0,0,0,0,0,0,0,0,0,0,0,0,0,0,0,0,0,0,0,0,0,170,2026-02-06 15:34:59.799473
ATMN,24.45,24.45,24.94,2374500.0,1971800.0,0,0,0,0,0,0,0,0,0,0,0,0,0,0,0,0,0,0,0,0,0,0,0,0,0,0,0,0,0,0,0,0,170,2026-02-06 15:34:59.799473
WNTR,24.67,24.7,24.79,2093200.0,2128100.0,0,0,0,0,0,0,0,0,0,0,0,0,0,0,0,0,0,0,0,0,0,0,0,0,0,0,0,0,0,0,0,0,170,2026-02-06 15:34:59.799473
SPNG,25.07,25.07,25.59,2342400.0,2282200.0,0,0,0,0,0,0,0,0,0,0,0,0,0,0,0,0,0,0,0,0,0,0,0,0,0,0,0,0,0,0,0,0,171,2026-02-06 15:35:00.405844
SMMR,24.91,24.89,24.91,2178700.0,2182000.0,0,0,0,0,0,0,0,0,0,0,0,0,0,0,0,0,0,0,0,0,0,0,0,0,0,0,0,0,0,0,0,0,171,2026-02-06 15:35:00.405844
ATMN,24.45,24.55,24.94,2234800.0,1971800.0,0,0,0,0,0,0,0,0,0,0,0,0,0,0,0,0,0,0,0,0,0,0,0,0,0,0,0,0,0,0,0,0,171,2026-02-06 15:35:00.405844
WNTR,24.79,24.7,24.78,2093200.0,2122400.0,0,0,0,0,0,0,0,0,0,0,0,0,0,0,0,0,0,0,0,0,0,0,0,0,0,0,0,0,0,0,0,0,171,2026-02-06 15:35:00.405844
SPNG,25.65,25.68,25.79,2324000.0,2270100.0,0,0,0,0,0,0,0,0,0,0,0,0,0,0,0,0,0,0,0,0,0,0,0,0,0,0,0,0,0,0,0,0,172,2026-02-06 15:35:01.473399
SMMR,24.89,24.72,24.76,2183500.0,2181100.0,0,0,0,0,0,0,0,0,0,0,0,0,0,0,0,0,0,0,0,0,0,0,0,0,0,0,0,0,0,0,0,0,172,2026-02-06 15:35:01.473399
ATMN,24.55,24.45,24.47,2310000.0,1967600.0,0,0,0,0,0,0,0,0,0,0,0,0,0,0,0,0,0,0,0,0,0,0,0,0,0,0,0,0,0,0,0,0,172,2026-02-06 15:35:01.473399
WNTR,24.68,24.68,24.78,2086200.0,2118700.0,0,0,0,0,0,0,0,0,0,0,0,0,0,0,0,0,0,0,0,0,0,0,0,0,0,0,0,0,0,0,0,0,172,2026-02-06 15:35:01.473399
SPNG,25.01,25.64,25.68,2340200.0,2271700.0,0,0,0,0,0,0,0,0,0,0,0,0,0,0,0,0,0,0,0,0,0,0,0,0,0,0,0,0,0,0,0,0,173,2026-02-06 15:35:02.546680
SMMR,24.76,24.81,24.88,2175500.0,2173900.0,0,0,0,0,0,0,0,0,0,0,0,0,0,0,0,0,0,0,0,0,0,0,0,0,0,0,0,0,0,0,0,0,173,2026-02-06 15:35:02.546680
ATMN,24.45,25.09,25.22,2256100.0,1941900.0,0,0,0,0,0,0,0,0,0,0,0,0,0,0,0,0,0,0,0,0,0,0,0,0,0,0,0,0,0,0,0,0,173,2026-02-06 15:35:02.546680
WNTR,24.72,24.72,24.78,2099100.0,2118700.0,0,0,0,0,0,0,0,0,0,0,0,0,0,0,0,0,0,0,0,0,0,0,0,0,0,0,0,0,0,0,0,0,173,2026-02-06 15:35:02.546680
SPNG,25.64,25.01,25.25,2345500.0,2292300.0,0,0,0,0,0,0,0,0,0,0,0,0,0,0,0,0,0,0,0,0,0,0,0,0,0,0,0,0,0,0,0,0,174,2026-02-06 15:35:03.629969
SMMR,24.81,24.81,24.83,2175500.0,2177800.0,0,0,0,0,0,0,0,0,0,0,0,0,0,0,0,0,0,0,0,0,0,0,0,0,0,0,0,0,0,0,0,0,174,2026-02-06 15:35:03.629969
ATMN,25.09,25.09,25.1,2256100.0,1952000.0,0,0,0,0,0,0,0,0,0,0,0,0,0,0,0,0,0,0,0,0,0,0,0,0,0,0,0,0,0,0,0,0,174,2026-02-06 15:35:03.629969
WNTR,24.8,24.72,24.8,2099100.0,2107600.0,0,0,0,0,0,0,0,0,0,0,0,0,0,0,0,0,0,0,0,0,0,0,0,0,0,0,0,0,0,0,0,0,174,2026-02-06 15:35:03.629969
SPNG,25.25,25.26,25.5,2323900.0,2258500.0,0,0,0,0,0,0,0,0,0,0,0,0,0,0,0,0,0,0,0,0,0,0,0,0,0,0,0,0,0,0,0,0,175,2026-02-06 15:35:04.693132
SMMR,24.71,24.71,24.83,2182900.0,2215500.0,0,0,0,0,0,0,0,0,0,0,0,0,0,0,0,0,0,0,0,0,0,0,0,0,0,0,0,0,0,0,0,0,175,2026-02-06 15:35:04.693132
ATMN,24.41,24.92,25.1,2299400.0,1929000.0,0,0,0,0,0,0,0,0,0,0,0,0,0,0,0,0,0,0,0,0,0,0,0,0,0,0,0,0,0,0,0,0,175,2026-02-06 15:35:04.693132
WNTR,24.61,24.61,24.77,2110300.0,2154300.0,0,0,0,0,0,0,0,0,0,0,0,0,0,0,0,0,0,0,0,0,0,0,0,0,0,0,0,0,0,0,0,0,175,2026-02-06 15:35:04.693132
SPNG,25.01,25.01,25.43,2355600.0,2274500.0,0,0,0,0,0,0,0,0,0,0,0,0,0,0,0,0,0,0,0,0,0,0,0,0,0,0,0,0,0,0,0,0,176,2026-02-06 15:35:05.799785
SMMR,24.83,24.82,24.83,2229700.0,2215500.0,0,0,0,0,0,0,0,0,0,0,0,0,0,0,0,0,0,0,0,0,0,0,0,0,0,0,0,0,0,0,0,0,176,2026-02-06 15:35:05.799785
ATMN,24.85,25.08,25.1,2329000.0,1951400.0,0,0,0,0,0,0,0,0,0,0,0,0,0,0,0,0,0,0,0,0,0,0,0,0,0,0,0,0,0,0,0,0,176,2026-02-06 15:35:05.799785
WNTR,24.8,24.67,24.8,2110500.0,2109800.0,0,0,0,0,0,0,0,0,0,0,0,0,0,0,0,0,0,0,0,0,0,0,0,0,0,0,0,0,0,0,0,0,176,2026-02-06 15:35:05.799785
SPNG,25.5,25.26,25.5,2332800.0,2296800.0,0,0,0,0,0,0,0,0,0,0,0,0,0,0,0,0,0,0,0,0,0,0,0,0,0,0,0,0,0,0,0,0,177,2026-02-06 15:35:06.436367
SMMR,24.83,24.87,24.88,2246100.0,2200900.0,0,0,0,0,0,0,0,0,0,0,0,0,0,0,0,0,0,0,0,0,0,0,0,0,0,0,0,0,0,0,0,0,177,2026-02-06 15:35:06.436367
ATMN,25.08,24.41,24.96,2369300.0,1951700.0,0,0,0,0,0,0,0,0,0,0,0,0,0,0,0,0,0,0,0,0,0,0,0,0,0,0,0,0,0,0,0,0,177,2026-02-06 15:35:06.436367
WNTR,24.8,24.61,24.8,2135300.0,2143900.0,0,0,0,0,0,0,0,0,0,0,0,0,0,0,0,0,0,0,0,0,0,0,0,0,0,0,0,0,0,0,0,0,177,2026-02-06 15:35:06.436367
SPNG,25.5,25.51,25.68,2356700.0,2324900.0,0,0,0,0,0,0,0,0,0,0,0,0,0,0,0,0,0,0,0,0,0,0,0,0,0,0,0,0,0,0,0,0,178,2026-02-06 15:35:07.499254
SMMR,24.82,24.82,24.88,2229700.0,2180200.0,0,0,0,0,0,0,0,0,0,0,0,0,0,0,0,0,0,0,0,0,0,0,0,0,0,0,0,0,0,0,0,0,178,2026-02-06 15:35:07.499254
ATMN,24.75,24.41,24.62,2319200.0,1966700.0,0,0,0,0,0,0,0,0,0,0,0,0,0,0,0,0,0,0,0,0,0,0,0,0,0,0,0,0,0,0,0,0,178,2026-02-06 15:35:07.499254
WNTR,24.8,24.65,24.72,2114800.0,2110900.0,0,0,0,0,0,0,0,0,0,0,0,0,0,0,0,0,0,0,0,0,0,0,0,0,0,0,0,0,0,0,0,0,178,2026-02-06 15:35:07.499254
SPNG,25.51,25.01,25.21,2336700.0,2326800.0,0,0,0,0,0,0,0,0,0,0,0,0,0,0,0,0,0,0,0,0,0,0,0,0,0,0,0,0,0,0,0,0,179,2026-02-06 15:35:08.562011
SMMR,24.82,24.82,24.83,2229700.0,2161700.0,0,0,0,0,0,0,0,0,0,0,0,0,0,0,0,0,0,0,0,0,0,0,0,0,0,0,0,0,0,0,0,0,179,2026-02-06 15:35:08.562011
ATMN,24.75,24.56,24.62,2234800.0,1966700.0,0,0,0,0,0,0,0,0,0,0,0,0,0,0,0,0,0,0,0,0,0,0,0,0,0,0,0,0,0,0,0,0,179,2026-02-06 15:35:08.562011
WNTR,24.72,24.74,24.8,2158600.0,2141200.0,0,0,0,0,0,0,0,0,0,0,0,0,0,0,0,0,0,0,0,0,0,0,0,0,0,0,0,0,0,0,0,0,179,2026-02-06 15:35:08.562011
SPNG,24.99,25.46,26.45,979900.0,771200.0,0,0,0,0,0,0,0,0,0,0,0,0,0,0,0,0,0,0,0,0,0,0,0,0,0,0,0,0,0,0,0,0,180,2026-02-06 15:35:09.687155
SMMR,25.75,25.75,26.13,788500.0,638300.0,0,0,0,0,0,0,0,0,0,0,0,0,0,0,0,0,0,0,0,0,0,0,0,0,0,0,0,0,0,0,0,0,180,2026-02-06 15:35:09.687155
ATMN,24.62,25.21,25.36,982700.0,674700.0,0,0,0,0,0,0,0,0,0,0,0,0,0,0,0,0,0,0,0,0,0,0,0,0,0,0,0,0,0,0,0,0,180,2026-02-06 15:35:09.687155
WNTR,24.71,24.67,24.95,822100.0,849200.0,0,0,0,0,0,0,0,0,0,0,0,0,0,0,0,0,0,0,0,0,0,0,0,0,0,0,0,0,0,0,0,0,180,2026-02-06 15:35:09.687155
SPNG,25.46,25.46,25.51,1013300.0,989900.0,0,0,0,0,0,0,0,0,0,0,0,0,0,0,0,0,0,0,0,0,0,0,0,0,0,0,0,0,0,0,0,0,181,2026-02-06 15:35:10.809096
