ticker,last_price,bid_price,ask_price,BUY_ANON,SELL_ANON,BUY_GIOT-3,BUY_ZUAI-2,SELL_UEBR-1,SELL_GIOT-4,BUY_WRSW-1,BUY_WRSW-2,BUY_GIOT-4,BUY_UEBR-1,SELL_IESE-1,BUY_LUIS-4,SELL_GIOT-3,SELL_WRSW-2,SELL_WRSW-3,SELL_WRSW-1,BUY_LUIS-1,BUY_WRSW-3,SELL_LUIS-1,BUY_IESE-1,SELL_LUIS-4,tick,timestamp
SPNG,25.07,0.0,25.07,1487800.0,2337800.0,0,0,0,0,0,0,0,0,0,0,0,0,0,0,0,0,0,0,0,0,2026-02-04 07:53:54.787035
SMMR,0.0,0.0,0.0,2403900.0,2301200.0,0,0,0,0,0,0,0,0,0,0,0,0,0,0,0,0,0,0,0,0,2026-02-04 07:53:54.787035
ATMN,0.0,0.0,0.0,2118500.0,2460600.0,0,0,0,0,0,0,0,0,0,0,0,0,0,0,0,0,0,0,0,0,2026-02-04 07:53:54.787035
WNTR,25.04,0.0,25.04,2370000.0,2296200.0,0,0,0,0,0,0,0,0,0,0,0,0,0,0,0,0,0,0,0,0,2026-02-04 07:53:54.787035
SPNG,25.2,24.98,25.2,1487800.0,2325200.0,0,0,0,0,0,0,0,0,0,0,0,0,0,0,0,0,0,0,0,1,2026-02-04 07:53:55.336316,2.0,1.0,1.0,,Aggregate Position Limit,Your CRO has set the aggregate position limit to 10000 shares for this week.
SMMR,25.03,24.99,25.03,2403900.0,2301200.0,0,0,0,0,0,0,0,0,0,0,0,0,0,0,0,0,0,0,0,1,2026-02-04 07:53:55.336316,1.0,1.0,1.0,,Welcome to the RITC 2026 Alogithmic Market Making Case - practice server,
ATMN,0.0,24.9,25.03,2215700.0,2460600.0,0,0,0,0,0,0,0,0,0,0,0,0,0,0,0,0,0,0,0,1,2026-02-04 07:53:55.336316,,,,,,
WNTR,24.97,24.91,24.96,2400100.0,2437600.0,0,0,0,0,0,0,0,0,0,0,0,0,0,0,0,0,0,0,0,1,2026-02-04 07:53:55.336316,,,,,,
SPNG,24.4,24.85,25.06,1465900.0,2250.0,7500.0,2066500.0,2250.0,0,0,0,0,0,0,0,0,0,0,0,0,0,0,0,0,2,2026-02-04 07:53:56.402372
SMMR,24.96,24.96,25.03,2415000.0,,,2301200.0,,0,0,0,0,0,0,0,0,0,0,0,0,0,0,0,0,2,2026-02-04 07:53:56.402372
ATMN,25.1,24.9,25.1,2358400.0,,,2447300.0,,0,0,0,0,0,0,0,0,0,0,0,0,0,0,0,0,2,2026-02-04 07:53:56.402372
WNTR,24.99,24.91,24.99,2376300.0,,,2426000.0,,0,0,0,0,0,0,0,0,0,0,0,0,0,0,0,0,2,2026-02-04 07:53:56.402372
SPNG,25.06,25.12,25.2,1823500.0,2250.0,2194300.0,2250.0,,0,0,0,0,0,0,0,0,0,0,0,0,0,0,0,0,3,2026-02-04 07:53:57.449242
SMMR,25.08,25.08,25.14,2437400.0,,2211500.0,,,0,0,0,0,0,0,0,0,0,0,0,0,0,0,0,0,3,2026-02-04 07:53:57.449242
ATMN,25.11,24.91,25.11,2208400.0,,2465700.0,,3750.0,0,0,0,0,0,0,0,0,0,0,0,0,0,0,0,0,3,2026-02-04 07:53:57.449242
WNTR,25.04,24.92,25.04,2280200.0,,2156500.0,,3750.0,0,0,0,0,0,0,0,0,0,0,0,0,0,0,0,0,3,2026-02-04 07:53:57.449242
SPNG,24.85,24.85,25.2,1573700.0,2250.0,2095200.0,4500.0,0,0,0,0,0,0,0,0,0,0,0,0,0,0,0,0,0,4,2026-02-04 07:53:58.485578
SMMR,25.04,25.04,25.14,2423100.0,,2325900.0,,0,0,0,0,0,0,0,0,0,0,0,0,0,0,0,0,0,4,2026-02-04 07:53:58.485578
ATMN,24.82,24.76,24.79,2078500.0,,2346500.0,2250.0,0,0,0,0,0,0,0,0,0,0,0,0,0,0,0,0,0,4,2026-02-04 07:53:58.485578
WNTR,25.08,24.91,25.08,2396800.0,,2147200.0,,0,0,0,0,0,0,0,0,0,0,0,0,0,0,0,0,0,4,2026-02-04 07:53:58.485578
SPNG,24.85,24.85,25.2,1573700.0,7500.0,2250.0,1961500.0,6750.0,,0,0,0,0,0,0,0,0,0,0,0,0,0,0,0,5,2026-02-04 07:53:59.524177
SMMR,24.9,24.9,24.91,2296400.0,,,2181200.0,,937.0,0,0,0,0,0,0,0,0,0,0,0,0,0,0,0,5,2026-02-04 07:53:59.524177
ATMN,24.79,24.92,25.01,2325900.0,,,2337800.0,2250.0,,0,0,0,0,0,0,0,0,0,0,0,0,0,0,0,5,2026-02-04 07:53:59.524177
WNTR,25.08,24.96,25.08,2228200.0,7500.0,,2251200.0,,,0,0,0,0,0,0,0,0,0,0,0,0,0,0,0,5,2026-02-04 07:53:59.524177
SPNG,24.37,24.37,25.2,1453700.0,1968500.0,6750.0,,,0,0,0,0,0,0,0,0,0,0,0,0,0,0,0,0,6,2026-02-04 07:54:00.561378
SMMR,24.84,24.84,24.85,2279700.0,2212900.0,,937.0,,0,0,0,0,0,0,0,0,0,0,0,0,0,0,0,0,6,2026-02-04 07:54:00.561378
ATMN,25.07,24.95,25.07,2170300.0,2464000.0,,,2250.0,0,0,0,0,0,0,0,0,0,0,0,0,0,0,0,0,6,2026-02-04 07:54:00.561378
WNTR,24.91,24.91,25.04,2353000.0,2387700.0,,,,0,0,0,0,0,0,0,0,0,0,0,0,0,0,0,0,6,2026-02-04 07:54:00.561378
SPNG,25.22,24.51,24.72,1579800.0,1250.0,1611300.0,1250.0,10000.0,9000.0,,0,0,0,0,0,0,0,0,0,0,0,0,0,0,7,2026-02-04 07:54:01.606159
SMMR,24.84,24.84,25.13,2388200.0,,2078600.0,937.0,10000.0,,,0,0,0,0,0,0,0,0,0,0,0,0,0,0,7,2026-02-04 07:54:01.606159
ATMN,25.07,24.96,24.99,1912000.0,1250.0,2216200.0,1250.0,,2250.0,4500.0,0,0,0,0,0,0,0,0,0,0,0,0,0,0,7,2026-02-04 07:54:01.606159
WNTR,25.12,25.19,25.2,2213100.0,7500.0,2134400.0,,,,,0,0,0,0,0,0,0,0,0,0,0,0,0,0,7,2026-02-04 07:54:01.606159
SPNG,24.71,24.89,25.11,1710200.0,1750000.0,11250.0,,,0,0,0,0,0,0,0,0,0,0,0,0,0,0,0,0,8,2026-02-04 07:54:02.644903
SMMR,24.83,24.83,24.85,2124000.0,2173300.0,,10000.0,,0,0,0,0,0,0,0,0,0,0,0,0,0,0,0,0,8,2026-02-04 07:54:02.644903
ATMN,24.95,24.93,24.95,1952200.0,2238800.0,4500.0,,6750.0,0,0,0,0,0,0,0,0,0,0,0,0,0,0,0,0,8,2026-02-04 07:54:02.644903
WNTR,25.05,25.11,25.2,2343600.0,2022900.0,,,,0,0,0,0,0,0,0,0,0,0,0,0,0,0,0,0,8,2026-02-04 07:54:02.644903
SPNG,24.89,24.89,25.1,1710200.0,1250.0,13500.0,1607000.0,,,0,0,0,0,0,0,0,0,0,0,0,0,0,0,0,9,2026-02-04 07:54:03.685016
SMMR,25.03,24.83,24.93,2228800.0,,,2332100.0,,,0,0,0,0,0,0,0,0,0,0,0,0,0,0,0,9,2026-02-04 07:54:03.685016
ATMN,24.92,24.83,24.85,2047100.0,,,2498300.0,4500.0,,0,0,0,0,0,0,0,0,0,0,0,0,0,0,0,9,2026-02-04 07:54:03.685016
WNTR,25.21,25.11,25.19,2343600.0,,,2138800.0,,3125.0,0,0,0,0,0,0,0,0,0,0,0,0,0,0,0,9,2026-02-04 07:54:03.685016
SPNG,24.51,24.51,25.09,1579800.0,4218.0,1464300.0,13500.0,,0,0,0,0,0,0,0,0,0,0,0,0,0,0,0,0,10,2026-02-04 07:54:04.730578
SMMR,24.97,24.97,25.03,2211400.0,,2340700.0,,4218.0,0,0,0,0,0,0,0,0,0,0,0,0,0,0,0,0,10,2026-02-04 07:54:04.730578
ATMN,25.05,24.76,25.05,2318000.0,,2478500.0,,,0,0,0,0,0,0,0,0,0,0,0,0,0,0,0,0,10,2026-02-04 07:54:04.730578
WNTR,25.03,25.03,25.04,2352600.0,,2259800.0,,,0,0,0,0,0,0,0,0,0,0,0,0,0,0,0,0,10,2026-02-04 07:54:04.730578
SPNG,24.65,24.99,25.08,1817300.0,1915.0,1635800.0,11250.0,,0,0,0,0,0,0,0,0,0,0,0,0,0,0,0,0,11,2026-02-04 07:54:05.764195
SMMR,24.97,24.97,25.03,2329000.0,,2311200.0,,,0,0,0,0,0,0,0,0,0,0,0,0,0,0,0,0,11,2026-02-04 07:54:05.764195
ATMN,24.99,24.76,24.99,2208000.0,,2368200.0,2250.0,2250.0,0,0,0,0,0,0,0,0,0,0,0,0,0,0,0,0,11,2026-02-04 07:54:05.764195
WNTR,25.04,24.91,25.04,2318600.0,,2259800.0,,,0,0,0,0,0,0,0,0,0,0,0,0,0,0,0,0,11,2026-02-04 07:54:05.764195
SPNG,24.51,24.37,24.46,1453700.0,1334400.0,10000.0,1915.0,13500.0,,,0,0,0,0,0,0,0,0,0,0,0,0,0,0,12,2026-02-04 07:54:06.796792
SMMR,24.93,24.93,25.03,2327200.0,2328600.0,,,,,,0,0,0,0,0,0,0,0,0,0,0,0,0,0,12,2026-02-04 07:54:06.796792
ATMN,25.07,24.92,25.07,1930400.0,2459900.0,,,,4500.0,1915.0,0,0,0,0,0,0,0,0,0,0,0,0,0,0,12,2026-02-04 07:54:06.796792
WNTR,25.21,24.91,25.21,2299100.0,2252200.0,,,,,,0,0,0,0,0,0,0,0,0,0,0,0,0,0,12,2026-02-04 07:54:06.796792
SPNG,24.45,24.37,24.45,1861300.0,2250.0,10000.0,1205200.0,15750.0,1396.0,,0,0,0,0,0,0,0,0,0,0,0,0,0,0,13,2026-02-04 07:54:07.849128
SMMR,25.14,24.93,25.14,2224500.0,,,2375500.0,,,4218.0,0,0,0,0,0,0,0,0,0,0,0,0,0,0,13,2026-02-04 07:54:07.849128
ATMN,25.11,25.11,25.13,2058300.0,4500.0,,2446300.0,,,,0,0,0,0,0,0,0,0,0,0,0,0,0,0,13,2026-02-04 07:54:07.849128
WNTR,25.04,25.07,25.21,2254800.0,,,2376300.0,,,,0,0,0,0,0,0,0,0,0,0,0,0,0,0,13,2026-02-04 07:54:07.849128
SPNG,24.45,24.37,24.44,2084200.0,2250.0,8604.0,1205200.0,15750.0,1396.0,,,0,0,0,0,0,0,0,0,0,0,0,0,0,14,2026-02-04 07:54:08.408019
SMMR,25.14,24.94,25.05,2119700.0,,10000.0,2227900.0,,,10000.0,4218.0,0,0,0,0,0,0,0,0,0,0,0,0,0,14,2026-02-04 07:54:08.408019
ATMN,25.11,24.92,25.04,1797200.0,6750.0,,2362900.0,2250.0,,,1396.0,0,0,0,0,0,0,0,0,0,0,0,0,0,14,2026-02-04 07:54:08.408019
WNTR,25.07,25.07,25.21,2147500.0,,,2366400.0,,,1396.0,,0,0,0,0,0,0,0,0,0,0,0,0,0,14,2026-02-04 07:54:08.408019
SPNG,24.77,24.77,25.04,1994900.0,4500.0,18000.0,1345400.0,,0,0,0,0,0,0,0,0,0,0,0,0,0,0,0,0,15,2026-02-04 07:54:09.547274
SMMR,24.93,24.93,25.05,2336000.0,,,2367000.0,,0,0,0,0,0,0,0,0,0,0,0,0,0,0,0,0,15,2026-02-04 07:54:09.547274
ATMN,25.04,24.92,25.04,1797200.0,9000.0,4500.0,2254600.0,,0,0,0,0,0,0,0,0,0,0,0,0,0,0,0,0,15,2026-02-04 07:54:09.547274
WNTR,25.23,25.02,25.23,2132200.0,,,2327900.0,10000.0,0,0,0,0,0,0,0,0,0,0,0,0,0,0,0,0,15,2026-02-04 07:54:09.547274
SPNG,24.91,24.77,24.91,1807400.0,6750.0,1339300.0,18000.0,,0,0,0,0,0,0,0,0,0,0,0,0,0,0,0,0,16,2026-02-04 07:54:10.608087
SMMR,24.93,24.83,24.84,2345100.0,,2346800.0,,,0,0,0,0,0,0,0,0,0,0,0,0,0,0,0,0,16,2026-02-04 07:54:10.608087
ATMN,25.13,24.92,25.13,1791300.0,9000.0,2455100.0,,,0,0,0,0,0,0,0,0,0,0,0,0,0,0,0,0,16,2026-02-04 07:54:10.608087
WNTR,25.23,25.23,25.25,2137400.0,,2365100.0,,10000.0,0,0,0,0,0,0,0,0,0,0,0,0,0,0,0,0,16,2026-02-04 07:54:10.608087
SPNG,24.76,24.76,25.16,1972500.0,4500.0,13500.0,1579800.0,0,0,0,0,0,0,0,0,0,0,0,0,0,0,0,0,0,17,2026-02-04 07:54:11.649532
SMMR,24.83,24.83,25.05,2326800.0,,,2367000.0,0,0,0,0,0,0,0,0,0,0,0,0,0,0,0,0,0,17,2026-02-04 07:54:11.649532
ATMN,25.02,25.07,25.12,2043900.0,4500.0,2250.0,2340400.0,0,0,0,0,0,0,0,0,0,0,0,0,0,0,0,0,0,17,2026-02-04 07:54:11.649532
WNTR,25.25,25.02,25.25,2268600.0,,,2400700.0,0,0,0,0,0,0,0,0,0,0,0,0,0,0,0,0,0,17,2026-02-04 07:54:11.649532
SPNG,24.83,24.77,24.83,10000.0,1709600.0,6750.0,1455600.0,13500.0,10000.0,,,0,0,0,0,0,0,0,0,0,0,0,0,0,18,2026-02-04 07:54:12.699078
SMMR,24.95,24.96,25.04,10000.0,2091500.0,,2255100.0,,,2774.0,1314.0,0,0,0,0,0,0,0,0,0,0,0,0,0,18,2026-02-04 07:54:12.699078
ATMN,24.91,25.08,25.11,10000.0,1811900.0,6750.0,2103600.0,4500.0,10000.0,,,0,0,0,0,0,0,0,0,0,0,0,0,0,18,2026-02-04 07:54:12.699078
WNTR,25.08,25.12,25.25,,2271700.0,,2400700.0,,,,,0,0,0,0,0,0,0,0,0,0,0,0,0,18,2026-02-04 07:54:12.699078
SPNG,25.2,24.77,25.19,2774.0,1750300.0,6750.0,2774.0,1451700.0,13500.0,0,0,0,0,0,0,0,0,0,0,0,0,0,0,0,19,2026-02-04 07:54:13.744232
SMMR,24.95,24.96,25.04,2774.0,2231500.0,,2774.0,2145600.0,,0,0,0,0,0,0,0,0,0,0,0,0,0,0,0,19,2026-02-04 07:54:13.744232
ATMN,25.07,24.91,25.07,,1910000.0,6750.0,,2407200.0,,0,0,0,0,0,0,0,0,0,0,0,0,0,0,0,19,2026-02-04 07:54:13.744232
WNTR,25.02,24.91,24.94,,2299100.0,,2774.0,2276200.0,,0,0,0,0,0,0,0,0,0,0,0,0,0,0,0,19,2026-02-04 07:54:13.744232
SPNG,24.61,24.61,25.18,2011800.0,4500.0,10000.0,1451700.0,13500.0,0,0,0,0,0,0,0,0,0,0,0,0,0,0,0,0,20,2026-02-04 07:54:14.790165
SMMR,25.09,25.02,25.09,2335200.0,,,2349700.0,,0,0,0,0,0,0,0,0,0,0,0,0,0,0,0,0,20,2026-02-04 07:54:14.790165
ATMN,24.78,24.77,24.78,2168600.0,2250.0,,2442900.0,,0,0,0,0,0,0,0,0,0,0,0,0,0,0,0,0,20,2026-02-04 07:54:14.790165
WNTR,25.02,24.93,24.94,2249800.0,,,2384900.0,,0,0,0,0,0,0,0,0,0,0,0,0,0,0,0,0,20,2026-02-04 07:54:14.790165
SPNG,24.61,24.69,24.98,1893500.0,6750.0,10000.0,1209000.0,2774.0,15750.0,0,0,0,0,0,0,0,0,0,0,0,0,0,0,0,21,2026-02-04 07:54:15.828744
SMMR,24.96,24.96,25.03,2338300.0,,,2228200.0,2322.0,,0,0,0,0,0,0,0,0,0,0,0,0,0,0,0,21,2026-02-04 07:54:15.828744
ATMN,24.78,24.77,24.78,2168600.0,2250.0,,2321600.0,,2250.0,0,0,0,0,0,0,0,0,0,0,0,0,0,0,0,21,2026-02-04 07:54:15.828744
WNTR,25.27,24.93,25.27,2249800.0,,,2393800.0,,,0,0,0,0,0,0,0,0,0,0,0,0,0,0,0,21,2026-02-04 07:54:15.828744
SPNG,25.32,24.7,25.31,10000.0,9000.0,1652500.0,9000.0,1861300.0,,,,0,0,0,0,0,0,0,0,0,0,0,0,0,22,2026-02-04 07:54:16.860720
SMMR,25.15,25.04,25.08,10000.0,,2094600.0,,2202900.0,2764.0,2764.0,,0,0,0,0,0,0,0,0,0,0,0,0,0,22,2026-02-04 07:54:16.860720
ATMN,24.78,24.82,25.06,,2250.0,2203900.0,2250.0,2311100.0,,,,0,0,0,0,0,0,0,0,0,0,0,0,0,22,2026-02-04 07:54:16.860720
WNTR,24.89,24.89,25.23,,,2321400.0,,2137000.0,,2764.0,10000.0,0,0,0,0,0,0,0,0,0,0,0,0,0,22,2026-02-04 07:54:16.860720
SPNG,24.76,24.71,24.76,4155.0,10000.0,9000.0,1580500.0,1864400.0,9000.0,,0,0,0,0,0,0,0,0,0,0,0,0,0,0,23,2026-02-04 07:54:17.897208
SMMR,24.96,25.1,25.16,,,,2342700.0,2334500.0,,,0,0,0,0,0,0,0,0,0,0,0,0,0,0,23,2026-02-04 07:54:17.897208
ATMN,25.07,24.83,25.05,4155.0,,4500.0,1972700.0,2311100.0,,4155.0,0,0,0,0,0,0,0,0,0,0,0,0,0,0,23,2026-02-04 07:54:17.897208
WNTR,25.11,25.23,25.29,,10000.0,,2192600.0,2386400.0,,,0,0,0,0,0,0,0,0,0,0,0,0,0,0,23,2026-02-04 07:54:17.897208
SPNG,24.69,24.69,24.85,1900100.0,6750.0,2271900.0,,0,0,0,0,0,0,0,0,0,0,0,0,0,0,0,0,0,24,2026-02-04 07:54:18.934942
SMMR,24.96,24.96,25.16,2377100.0,,2315400.0,,0,0,0,0,0,0,0,0,0,0,0,0,0,0,0,0,0,24,2026-02-04 07:54:18.934942
ATMN,24.77,25.01,25.05,2193300.0,2250.0,2311100.0,4155.0,0,0,0,0,0,0,0,0,0,0,0,0,0,0,0,0,0,24,2026-02-04 07:54:18.934942
WNTR,24.94,25.03,25.28,2322100.0,,2290600.0,1428.0,0,0,0,0,0,0,0,0,0,0,0,0,0,0,0,0,0,24,2026-02-04 07:54:18.934942
SPNG,24.85,24.77,24.85,1790900.0,3780.0,6750.0,2271900.0,,0,0,0,0,0,0,0,0,0,0,0,0,0,0,0,0,25,2026-02-04 07:54:19.493075
SMMR,24.96,25.02,25.16,2248900.0,,,2315400.0,10000.0,0,0,0,0,0,0,0,0,0,0,0,0,0,0,0,0,25,2026-02-04 07:54:19.493075
ATMN,25.16,25.02,25.16,2074600.0,,4500.0,2405000.0,,0,0,0,0,0,0,0,0,0,0,0,0,0,0,0,0,25,2026-02-04 07:54:19.493075
WNTR,24.86,24.87,25.29,2234600.0,,,2409000.0,10000.0,0,0,0,0,0,0,0,0,0,0,0,0,0,0,0,0,25,2026-02-04 07:54:19.493075
SPNG,25.32,24.77,25.22,1790900.0,9000.0,2263100.0,,0,0,0,0,0,0,0,0,0,0,0,0,0,0,0,0,0,26,2026-02-04 07:54:20.547736
SMMR,25.09,25.02,25.09,2349700.0,,2324400.0,,0,0,0,0,0,0,0,0,0,0,0,0,0,0,0,0,0,26,2026-02-04 07:54:20.547736
ATMN,25.16,25.01,25.15,2074600.0,4500.0,2293600.0,661.0,0,0,0,0,0,0,0,0,0,0,0,0,0,0,0,0,0,26,2026-02-04 07:54:20.547736
WNTR,24.86,25.19,25.27,2366900.0,,2303900.0,1428.0,0,0,0,0,0,0,0,0,0,0,0,0,0,0,0,0,0,26,2026-02-04 07:54:20.547736
SPNG,24.82,25.09,25.22,1714000.0,3780.0,9000.0,2263100.0,,0,0,0,0,0,0,0,0,0,0,0,0,0,0,0,0,27,2026-02-04 07:54:21.583257
SMMR,25.02,25.02,25.07,2379200.0,,,2346600.0,,0,0,0,0,0,0,0,0,0,0,0,0,0,0,0,0,27,2026-02-04 07:54:21.583257
ATMN,24.76,24.94,25.16,2236400.0,,2250.0,2415200.0,,0,0,0,0,0,0,0,0,0,0,0,0,0,0,0,0,27,2026-02-04 07:54:21.583257
WNTR,24.86,25.19,25.23,2363800.0,,,2270600.0,1428.0,0,0,0,0,0,0,0,0,0,0,0,0,0,0,0,0,27,2026-02-04 07:54:21.583257
SPNG,24.8,24.69,24.72,1804900.0,9000.0,2138100.0,10000.0,,,0,0,0,0,0,0,0,0,0,0,0,0,0,0,0,28,2026-02-04 07:54:22.618211
SMMR,25.07,25.02,25.07,2379200.0,,2376100.0,,,,0,0,0,0,0,0,0,0,0,0,0,0,0,0,0,28,2026-02-04 07:54:22.618211
ATMN,25.14,25.14,25.15,2152000.0,4500.0,2296900.0,,2250.0,,0,0,0,0,0,0,0,0,0,0,0,0,0,0,0,28,2026-02-04 07:54:22.618211
WNTR,25.19,25.2,25.23,2211300.0,,2380100.0,,,10000.0,0,0,0,0,0,0,0,0,0,0,0,0,0,0,0,28,2026-02-04 07:54:22.618211
SPNG,25.22,24.7,25.22,3349.0,1591600.0,11250.0,2272600.0,,,,0,0,0,0,0,0,0,0,0,0,0,0,0,0,29,2026-02-04 07:54:23.657854
SMMR,25.15,25.02,25.06,,2357300.0,,2383600.0,,,,0,0,0,0,0,0,0,0,0,0,0,0,0,0,29,2026-02-04 07:54:23.657854
ATMN,25.14,25.14,25.16,,2152000.0,4500.0,2335600.0,2250.0,,,0,0,0,0,0,0,0,0,0,0,0,0,0,0,29,2026-02-04 07:54:23.657854
WNTR,25.19,25.2,25.23,,2197000.0,,2258100.0,,10000.0,1428.0,0,0,0,0,0,0,0,0,0,0,0,0,0,0,29,2026-02-04 07:54:23.657854
SPNG,24.64,25.05,25.17,1379700.0,9480.0,4402.0,13500.0,2259100.0,,0,0,0,0,0,0,0,0,0,0,0,0,0,0,0,30,2026-02-04 07:54:24.690519
SMMR,25.15,25.02,25.06,2357300.0,,,,2361000.0,,0,0,0,0,0,0,0,0,0,0,0,0,0,0,0,30,2026-02-04 07:54:24.690519
ATMN,24.94,25.08,25.16,2112500.0,,2542.0,2250.0,2335600.0,2250.0,0,0,0,0,0,0,0,0,0,0,0,0,0,0,0,30,2026-02-04 07:54:24.690519
WNTR,25.19,25.19,25.23,2293600.0,,,,2353000.0,,0,0,0,0,0,0,0,0,0,0,0,0,0,0,0,30,2026-02-04 07:54:24.690519
SPNG,24.62,24.75,25.16,13500.0,1517900.0,9480.0,2250.0,2006900.0,4402.0,0,0,0,0,0,0,0,0,0,0,0,0,0,0,0,31,2026-02-04 07:54:25.731275
SMMR,25.06,24.98,25.06,,2353500.0,,,2361000.0,,0,0,0,0,0,0,0,0,0,0,0,0,0,0,0,31,2026-02-04 07:54:25.731275
ATMN,25.17,24.76,25.17,2250.0,2218500.0,,,2415700.0,,0,0,0,0,0,0,0,0,0,0,0,0,0,0,0,31,2026-02-04 07:54:25.731275
WNTR,25.13,25.13,25.23,,2291200.0,,,2237400.0,1428.0,0,0,0,0,0,0,0,0,0,0,0,0,0,0,0,31,2026-02-04 07:54:25.731275
SPNG,25.17,24.76,25.17,9480.0,13500.0,1517900.0,2113800.0,4402.0,,,,0,0,0,0,0,0,0,0,0,0,0,0,0,32,2026-02-04 07:54:26.770490
SMMR,24.86,24.86,25.05,,,2341600.0,2229500.0,,10000.0,,,0,0,0,0,0,0,0,0,0,0,0,0,0,32,2026-02-04 07:54:26.770490
ATMN,24.99,24.77,24.99,,4500.0,2115700.0,2192700.0,,520.0,2250.0,,0,0,0,0,0,0,0,0,0,0,0,0,0,32,2026-02-04 07:54:26.770490
WNTR,25.07,25.14,25.25,,,2157600.0,2271000.0,4442.0,,,4442.0,0,0,0,0,0,0,0,0,0,0,0,0,0,32,2026-02-04 07:54:26.770490
SPNG,24.74,24.74,25.17,1736200.0,11250.0,2075100.0,4402.0,,,0,0,0,0,0,0,0,0,0,0,0,0,0,0,0,33,2026-02-04 07:54:27.818689
SMMR,24.86,24.86,25.04,2351300.0,,2136000.0,2095.0,10000.0,,0,0,0,0,0,0,0,0,0,0,0,0,0,0,0,33,2026-02-04 07:54:27.818689
ATMN,25.29,24.77,24.98,1996800.0,6750.0,2081000.0,2095.0,520.0,2250.0,0,0,0,0,0,0,0,0,0,0,0,0,0,0,0,33,2026-02-04 07:54:27.818689
WNTR,25.12,25.05,25.12,2293500.0,,2381600.0,,,,0,0,0,0,0,0,0,0,0,0,0,0,0,0,0,33,2026-02-04 07:54:27.818689
SPNG,24.63,24.53,24.63,1917100.0,6750.0,2133300.0,2250.0,,,,0,0,0,0,0,0,0,0,0,0,0,0,0,0,34,2026-02-04 07:54:28.869016
SMMR,25.07,25.03,25.07,2120200.0,,2357600.0,,2095.0,8960.0,,0,0,0,0,0,0,0,0,0,0,0,0,0,0,34,2026-02-04 07:54:28.869016
ATMN,25.29,24.78,25.29,1886700.0,6750.0,2403800.0,,2095.0,,,0,0,0,0,0,0,0,0,0,0,0,0,0,0,34,2026-02-04 07:54:28.869016
WNTR,25.19,25.14,25.19,2232200.0,,2261400.0,,,,2095.0,0,0,0,0,0,0,0,0,0,0,0,0,0,0,34,2026-02-04 07:54:28.869016
SPNG,24.91,24.95,25.19,1965700.0,6750.0,2250.0,2121600.0,,0,0,0,0,0,0,0,0,0,0,0,0,0,0,0,0,35,2026-02-04 07:54:29.900048
SMMR,25.03,25.03,25.06,2372000.0,,,2326900.0,,0,0,0,0,0,0,0,0,0,0,0,0,0,0,0,0,35,2026-02-04 07:54:29.900048
ATMN,25.33,24.77,25.33,1871900.0,9000.0,,2403800.0,,0,0,0,0,0,0,0,0,0,0,0,0,0,0,0,0,35,2026-02-04 07:54:29.900048
WNTR,25.05,24.9,25.02,2295000.0,,,2243400.0,2095.0,0,0,0,0,0,0,0,0,0,0,0,0,0,0,0,0,35,2026-02-04 07:54:29.900048
SPNG,24.53,24.84,25.18,1945400.0,6750.0,10000.0,4500.0,1892600.0,,,0,0,0,0,0,0,0,0,0,0,0,0,0,0,36,2026-02-04 07:54:30.936957
SMMR,25.03,24.86,25.03,2346500.0,,,,2365100.0,,,0,0,0,0,0,0,0,0,0,0,0,0,0,0,36,2026-02-04 07:54:30.936957
ATMN,25.15,25.15,25.33,1766200.0,9000.0,,,2382400.0,2095.0,,0,0,0,0,0,0,0,0,0,0,0,0,0,0,36,2026-02-04 07:54:30.936957
WNTR,25.02,25.17,25.19,2266800.0,,,,2261400.0,,2095.0,0,0,0,0,0,0,0,0,0,0,0,0,0,0,36,2026-02-04 07:54:30.936957
SPNG,25.2,24.84,24.99,2157100.0,2864.0,1995600.0,2864.0,2250.0,,0,0,0,0,0,0,0,0,0,0,0,0,0,0,0,37,2026-02-04 07:54:31.979159
SMMR,25.02,24.86,24.91,2347600.0,,2328000.0,,,,0,0,0,0,0,0,0,0,0,0,0,0,0,0,0,37,2026-02-04 07:54:31.979159
ATMN,25.21,25.21,25.28,1904900.0,,2389300.0,,,9000.0,0,0,0,0,0,0,0,0,0,0,0,0,0,0,0,37,2026-02-04 07:54:31.979159
WNTR,25.02,25.01,25.02,2246900.0,,2266500.0,2095.0,,,0,0,0,0,0,0,0,0,0,0,0,0,0,0,0,37,2026-02-04 07:54:31.979159
SPNG,24.84,24.84,25.2,2271800.0,2126000.0,2250.0,,,,0,0,0,0,0,0,0,0,0,0,0,0,0,0,0,38,2026-02-04 07:54:33.030761
SMMR,25.16,24.98,25.16,2131700.0,2372400.0,,10000.0,4496.0,,0,0,0,0,0,0,0,0,0,0,0,0,0,0,0,38,2026-02-04 07:54:33.030761
ATMN,25.14,25.04,25.14,1753000.0,2408100.0,,,,11250.0,0,0,0,0,0,0,0,0,0,0,0,0,0,0,0,38,2026-02-04 07:54:33.030761
WNTR,25.19,25.07,25.19,2269800.0,2393600.0,,,,,0,0,0,0,0,0,0,0,0,0,0,0,0,0,0,38,2026-02-04 07:54:33.030761
SPNG,25.2,24.61,25.2,2250.0,2185100.0,2136000.0,2250.0,,,0,0,0,0,0,0,0,0,0,0,0,0,0,0,0,39,2026-02-04 07:54:33.572353
SMMR,24.98,24.88,24.96,,2348100.0,2368300.0,,,,0,0,0,0,0,0,0,0,0,0,0,0,0,0,0,39,2026-02-04 07:54:33.572353
ATMN,25.07,25.07,25.14,11250.0,1766100.0,2312000.0,2250.0,,,0,0,0,0,0,0,0,0,0,0,0,0,0,0,0,39,2026-02-04 07:54:33.572353
WNTR,25.19,25.08,25.1,,2151600.0,2296000.0,,3488.0,3488.0,0,0,0,0,0,0,0,0,0,0,0,0,0,0,0,39,2026-02-04 07:54:33.572353
SPNG,24.93,24.61,24.67,4500.0,2082400.0,1846900.0,3488.0,4500.0,,0,0,0,0,0,0,0,0,0,0,0,0,0,0,0,40,2026-02-04 07:54:34.667488
SMMR,25.16,24.98,25.03,,2231300.0,2409800.0,,,4496.0,0,0,0,0,0,0,0,0,0,0,0,0,0,0,0,40,2026-02-04 07:54:34.667488
ATMN,25.28,24.96,25.28,11250.0,1762700.0,2389300.0,,,,0,0,0,0,0,0,0,0,0,0,0,0,0,0,0,40,2026-02-04 07:54:34.667488
WNTR,25.07,25.07,25.1,,2269800.0,2276500.0,3488.0,,,0,0,0,0,0,0,0,0,0,0,0,0,0,0,0,40,2026-02-04 07:54:34.667488
SPNG,24.92,24.8,24.92,2117900.0,4500.0,1833700.0,852.0,4500.0,,,0,0,0,0,0,0,0,0,0,0,0,0,0,0,41,2026-02-04 07:54:35.738612
SMMR,25.03,24.99,25.03,2231300.0,,2385900.0,,,10000.0,,0,0,0,0,0,0,0,0,0,0,0,0,0,0,41,2026-02-04 07:54:35.738612
ATMN,25.13,25.13,25.28,1539900.0,13500.0,2283900.0,,2250.0,,852.0,0,0,0,0,0,0,0,0,0,0,0,0,0,0,41,2026-02-04 07:54:35.738612
WNTR,25.1,25.07,25.1,2282500.0,,2291200.0,3488.0,,,,0,0,0,0,0,0,0,0,0,0,0,0,0,0,41,2026-02-04 07:54:35.738612
SPNG,24.92,24.82,24.91,10000.0,6750.0,1910200.0,10000.0,1605600.0,4340.0,6750.0,,0,0,0,0,0,0,0,0,0,0,0,0,0,42,2026-02-04 07:54:36.784172
SMMR,24.91,24.99,25.03,,,2230600.0,,2385900.0,,,4496.0,0,0,0,0,0,0,0,0,0,0,0,0,0,42,2026-02-04 07:54:36.784172
ATMN,25.26,25.36,25.39,10000.0,15750.0,1439800.0,,2243900.0,,2250.0,,0,0,0,0,0,0,0,0,0,0,0,0,0,42,2026-02-04 07:54:36.784172
WNTR,25.1,25.07,25.1,,,2290700.0,,2304800.0,3488.0,,,0,0,0,0,0,0,0,0,0,0,0,0,0,42,2026-02-04 07:54:36.784172
SPNG,25.14,24.81,24.91,9000.0,1923200.0,4340.0,1730400.0,6750.0,0,0,0,0,0,0,0,0,0,0,0,0,0,0,0,0,43,2026-02-04 07:54:37.821405
SMMR,24.97,24.97,25.03,,2367300.0,,2385900.0,,0,0,0,0,0,0,0,0,0,0,0,0,0,0,0,0,43,2026-02-04 07:54:37.821405
ATMN,25.1,24.92,25.39,13500.0,1656200.0,,2238500.0,2250.0,0,0,0,0,0,0,0,0,0,0,0,0,0,0,0,0,43,2026-02-04 07:54:37.821405
WNTR,24.94,24.99,25.1,,2271100.0,3488.0,2304800.0,,0,0,0,0,0,0,0,0,0,0,0,0,0,0,0,0,43,2026-02-04 07:54:37.821405
SPNG,25.21,24.82,25.21,1572.0,10000.0,9000.0,1693100.0,2216800.0,,0,0,0,0,0,0,0,0,0,0,0,0,0,0,0,44,2026-02-04 07:54:38.855302
SMMR,24.97,25.06,25.16,4496.0,,,2257400.0,2409800.0,,0,0,0,0,0,0,0,0,0,0,0,0,0,0,0,44,2026-02-04 07:54:38.855302
ATMN,25.13,24.93,25.13,,8652.0,9000.0,1738300.0,2169200.0,4500.0,0,0,0,0,0,0,0,0,0,0,0,0,0,0,0,44,2026-02-04 07:54:38.855302
WNTR,25.1,24.93,25.1,,,,2242800.0,2374800.0,,0,0,0,0,0,0,0,0,0,0,0,0,0,0,0,44,2026-02-04 07:54:38.855302
SPNG,24.8,24.8,24.92,2137800.0,4500.0,2083100.0,2250.0,0,0,0,0,0,0,0,0,0,0,0,0,0,0,0,0,0,45,2026-02-04 07:54:39.889394
SMMR,25.07,25.14,25.16,2378800.0,,2409800.0,,0,0,0,0,0,0,0,0,0,0,0,0,0,0,0,0,0,45,2026-02-04 07:54:39.889394
ATMN,25.18,24.89,25.18,1738300.0,11250.0,2009100.0,6750.0,0,0,0,0,0,0,0,0,0,0,0,0,0,0,0,0,0,45,2026-02-04 07:54:39.889394
WNTR,25.01,25.0,25.01,2257200.0,,2400600.0,,0,0,0,0,0,0,0,0,0,0,0,0,0,0,0,0,0,45,2026-02-04 07:54:39.889394
SPNG,24.6,24.6,25.22,2303600.0,2092400.0,2250.0,,,,0,0,0,0,0,0,0,0,0,0,0,0,0,0,0,46,2026-02-04 07:54:40.929571
SMMR,25.06,25.03,25.04,2356300.0,2407800.0,,,,,0,0,0,0,0,0,0,0,0,0,0,0,0,0,0,46,2026-02-04 07:54:40.929571
ATMN,25.03,25.03,25.17,1666600.0,1888000.0,6750.0,843.0,11250.0,843.0,0,0,0,0,0,0,0,0,0,0,0,0,0,0,0,46,2026-02-04 07:54:40.929571
WNTR,25.18,25.0,25.18,2239800.0,2394300.0,,,,,0,0,0,0,0,0,0,0,0,0,0,0,0,0,0,46,2026-02-04 07:54:40.929571
SPNG,24.55,24.85,25.21,2319700.0,10000.0,1991600.0,2250.0,,,0,0,0,0,0,0,0,0,0,0,0,0,0,0,0,47,2026-02-04 07:54:41.963500
SMMR,24.88,24.88,25.03,2346800.0,10000.0,2280200.0,,,,0,0,0,0,0,0,0,0,0,0,0,0,0,0,0,47,2026-02-04 07:54:41.963500
ATMN,24.98,24.8,24.98,2200000.0,,1766500.0,9000.0,2250.0,2589.0,0,0,0,0,0,0,0,0,0,0,0,0,0,0,0,47,2026-02-04 07:54:41.963500
WNTR,24.93,24.93,25.17,2236900.0,,2293200.0,,,2589.0,0,0,0,0,0,0,0,0,0,0,0,0,0,0,0,47,2026-02-04 07:54:41.963500
SPNG,24.85,24.87,25.18,10000.0,2098.0,2110600.0,10000.0,1879100.0,4500.0,,,0,0,0,0,0,0,0,0,0,0,0,0,0,48,2026-02-04 07:54:43.002646
SMMR,24.94,24.94,25.16,,,2362400.0,,2409200.0,,,,0,0,0,0,0,0,0,0,0,0,0,0,0,48,2026-02-04 07:54:43.002646
ATMN,24.8,24.8,25.39,,,2200000.0,,1918600.0,9000.0,2250.0,,0,0,0,0,0,0,0,0,0,0,0,0,0,48,2026-02-04 07:54:43.002646
WNTR,24.93,25.15,25.16,,,2237800.0,,2299300.0,,,2589.0,0,0,0,0,0,0,0,0,0,0,0,0,0,48,2026-02-04 07:54:43.002646
SPNG,25.24,24.66,25.24,2216500.0,2250.0,2209400.0,,,0,0,0,0,0,0,0,0,0,0,0,0,0,0,0,0,49,2026-02-04 07:54:44.053265
SMMR,24.94,24.94,25.08,2362400.0,,2409500.0,,,0,0,0,0,0,0,0,0,0,0,0,0,0,0,0,0,49,2026-02-04 07:54:44.053265
ATMN,24.71,24.73,25.43,2190900.0,,2324600.0,3984.0,,0,0,0,0,0,0,0,0,0,0,0,0,0,0,0,0,49,2026-02-04 07:54:44.053265
WNTR,25.15,24.93,25.01,2236900.0,,2307300.0,,1500.0,0,0,0,0,0,0,0,0,0,0,0,0,0,0,0,0,49,2026-02-04 07:54:44.053265
SPNG,25.24,24.88,25.19,3984.0,2144600.0,2250.0,3984.0,2109100.0,,,,0,0,0,0,0,0,0,0,0,0,0,0,0,50,2026-02-04 07:54:44.611759
SMMR,24.94,25.06,25.07,,2263700.0,,,2273100.0,10000.0,10000.0,,0,0,0,0,0,0,0,0,0,0,0,0,0,50,2026-02-04 07:54:44.611759
ATMN,24.71,24.73,25.19,3984.0,2170800.0,,3984.0,2097900.0,,,2250.0,0,0,0,0,0,0,0,0,0,0,0,0,0,50,2026-02-04 07:54:44.611759
WNTR,24.89,24.89,25.01,,2217000.0,,2589.0,2180000.0,,,1500.0,0,0,0,0,0,0,0,0,0,0,0,0,0,50,2026-02-04 07:54:44.611759
SPNG,25.29,25.29,25.3,2166100.0,4500.0,2121500.0,2250.0,,,0,0,0,0,0,0,0,0,0,0,0,0,0,0,0,51,2026-02-04 07:54:45.667207
SMMR,25.08,25.06,25.08,2258200.0,,2403100.0,,2098.0,,0,0,0,0,0,0,0,0,0,0,0,0,0,0,0,51,2026-02-04 07:54:45.667207
ATMN,24.74,24.71,24.72,2309500.0,,2199900.0,2250.0,,,0,0,0,0,0,0,0,0,0,0,0,0,0,0,0,51,2026-02-04 07:54:45.667207
WNTR,25.16,24.89,25.01,2236200.0,,2173200.0,1500.0,,2589.0,0,0,0,0,0,0,0,0,0,0,0,0,0,0,0,51,2026-02-04 07:54:45.667207
SPNG,25.31,24.69,25.14,4500.0,2132500.0,1914600.0,3164.0,4500.0,0,0,0,0,0,0,0,0,0,0,0,0,0,0,0,0,52,2026-02-04 07:54:46.699518
SMMR,25.08,25.06,25.08,,2392700.0,2413500.0,,,0,0,0,0,0,0,0,0,0,0,0,0,0,0,0,0,52,2026-02-04 07:54:46.699518
ATMN,24.98,24.71,24.97,,2312400.0,2215900.0,,2250.0,0,0,0,0,0,0,0,0,0,0,0,0,0,0,0,0,52,2026-02-04 07:54:46.699518
WNTR,25.17,24.89,25.17,,2275000.0,2389600.0,,,0,0,0,0,0,0,0,0,0,0,0,0,0,0,0,0,52,2026-02-04 07:54:46.699518
SPNG,24.85,24.69,24.85,6750.0,3164.0,1917900.0,1919600.0,3164.0,4500.0,,0,0,0,0,0,0,0,0,0,0,0,0,0,0,53,2026-02-04 07:54:47.744245
SMMR,25.11,25.06,25.11,,,2246100.0,2390700.0,,,10000.0,0,0,0,0,0,0,0,0,0,0,0,0,0,0,53,2026-02-04 07:54:47.744245
ATMN,24.97,24.97,25.19,,,2318600.0,2196200.0,,2250.0,,0,0,0,0,0,0,0,0,0,0,0,0,0,0,53,2026-02-04 07:54:47.744245
WNTR,24.88,24.88,24.95,,,2277900.0,2276200.0,3164.0,,,0,0,0,0,0,0,0,0,0,0,0,0,0,0,53,2026-02-04 07:54:47.744245
SPNG,25.14,24.7,25.13,10000.0,6750.0,1940300.0,10000.0,1917200.0,4500.0,,,0,0,0,0,0,0,0,0,0,0,0,0,0,54,2026-02-04 07:54:48.780960
SMMR,25.05,25.07,25.11,10000.0,1500.0,2019200.0,,2390700.0,,2098.0,,0,0,0,0,0,0,0,0,0,0,0,0,0,54,2026-02-04 07:54:48.780960
ATMN,24.97,24.97,25.18,,,2177000.0,,2051100.0,4500.0,3920.0,,0,0,0,0,0,0,0,0,0,0,0,0,0,54,2026-02-04 07:54:48.780960
WNTR,24.95,24.93,24.95,,1500.0,2163200.0,,2276200.0,,,3164.0,0,0,0,0,0,0,0,0,0,0,0,0,0,54,2026-02-04 07:54:48.780960
SPNG,24.68,24.71,24.98,3018.0,2077800.0,4500.0,2170300.0,3018.0,,0,0,0,0,0,0,0,0,0,0,0,0,0,0,0,55,2026-02-04 07:54:49.830631
SMMR,24.98,24.94,24.98,,2361200.0,,2401100.0,,,0,0,0,0,0,0,0,0,0,0,0,0,0,0,0,55,2026-02-04 07:54:49.830631
ATMN,24.99,24.7,24.99,,2204700.0,2250.0,2038300.0,,4500.0,0,0,0,0,0,0,0,0,0,0,0,0,0,0,0,55,2026-02-04 07:54:49.830631
WNTR,24.95,25.05,25.17,,2172700.0,1500.0,2389600.0,,,0,0,0,0,0,0,0,0,0,0,0,0,0,0,0,55,2026-02-04 07:54:49.830631
SPNG,25.32,24.72,25.31,10000.0,1964200.0,6750.0,10000.0,2148000.0,,,0,0,0,0,0,0,0,0,0,0,0,0,0,0,56,2026-02-04 07:54:50.868424
SMMR,25.17,25.12,25.17,,2217200.0,,,2387300.0,2098.0,,0,0,0,0,0,0,0,0,0,0,0,0,0,0,56,2026-02-04 07:54:50.868424
ATMN,24.98,24.71,24.98,10000.0,2086000.0,2250.0,10000.0,1811100.0,,6750.0,0,0,0,0,0,0,0,0,0,0,0,0,0,0,56,2026-02-04 07:54:50.868424
WNTR,24.93,24.93,25.15,,2163200.0,1500.0,,2396500.0,,,0,0,0,0,0,0,0,0,0,0,0,0,0,0,56,2026-02-04 07:54:50.868424
SPNG,24.94,24.7,24.94,2064800.0,6750.0,2141200.0,2250.0,0,0,0,0,0,0,0,0,0,0,0,0,0,0,0,0,0,57,2026-02-04 07:54:51.907018
SMMR,25.17,24.89,25.17,2383300.0,,2387300.0,,0,0,0,0,0,0,0,0,0,0,0,0,0,0,0,0,0,57,2026-02-04 07:54:51.907018
ATMN,25.18,24.7,24.77,2086000.0,4500.0,1859700.0,9000.0,0,0,0,0,0,0,0,0,0,0,0,0,0,0,0,0,0,57,2026-02-04 07:54:51.907018
WNTR,24.93,24.93,25.15,2184600.0,1500.0,2371700.0,,0,0,0,0,0,0,0,0,0,0,0,0,0,0,0,0,0,57,2026-02-04 07:54:51.907018
SPNG,25.32,24.7,25.32,2403500.0,2276400.0,0,0,0,0,0,0,0,0,0,0,0,0,0,0,0,0,0,0,0,58,2026-02-04 07:54:52.943929
SMMR,25.05,24.89,25.05,2399000.0,2362100.0,0,0,0,0,0,0,0,0,0,0,0,0,0,0,0,0,0,0,0,58,2026-02-04 07:54:52.943929
ATMN,24.69,24.69,24.84,2371100.0,2285800.0,0,0,0,0,0,0,0,0,0,0,0,0,0,0,0,0,0,0,0,58,2026-02-04 07:54:52.943929
WNTR,25.11,24.93,25.01,2294400.0,2389000.0,0,0,0,0,0,0,0,0,0,0,0,0,0,0,0,0,0,0,0,58,2026-02-04 07:54:52.943929
SPNG,25.32,25.07,25.32,2406600.0,2263500.0,0,0,0,0,0,0,0,0,0,0,0,0,0,0,0,0,0,0,0,59,2026-02-04 07:54:53.980581
SMMR,25.17,24.93,25.17,2347400.0,2412900.0,0,0,0,0,0,0,0,0,0,0,0,0,0,0,0,0,0,0,0,59,2026-02-04 07:54:53.980581
ATMN,24.84,25.08,25.19,2365800.0,2286200.0,0,0,0,0,0,0,0,0,0,0,0,0,0,0,0,0,0,0,0,59,2026-02-04 07:54:53.980581
WNTR,25.01,24.88,25.01,2300100.0,2389000.0,0,0,0,0,0,0,0,0,0,0,0,0,0,0,0,0,0,0,0,59,2026-02-04 07:54:53.980581
SPNG,24.96,24.44,0.0,200000.0,,0,0,0,0,0,0,0,0,0,0,0,0,0,0,0,0,0,0,0,60,2026-02-04 07:54:55.023473
SMMR,25.17,24.29,24.59,997500.0,962600.0,0,0,0,0,0,0,0,0,0,0,0,0,0,0,0,0,0,0,0,60,2026-02-04 07:54:55.023473
ATMN,26.07,26.07,26.41,982400.0,881300.0,0,0,0,0,0,0,0,0,0,0,0,0,0,0,0,0,0,0,0,60,2026-02-04 07:54:55.023473
WNTR,24.95,23.98,0.0,889900.0,894000.0,0,0,0,0,0,0,0,0,0,0,0,0,0,0,0,0,0,0,0,60,2026-02-04 07:54:55.023473
SPNG,24.44,24.45,24.56,2250.0,1071300.0,2250.0,1126600.0,0,0,0,0,0,0,0,0,0,0,0,0,0,0,0,0,0,61,2026-02-04 07:54:56.059878
SMMR,24.29,24.29,24.45,,1022500.0,,1223100.0,0,0,0,0,0,0,0,0,0,0,0,0,0,0,0,0,0,61,2026-02-04 07:54:56.059878
ATMN,26.07,25.9,25.92,,1106700.0,,1103700.0,0,0,0,0,0,0,0,0,0,0,0,0,0,0,0,0,0,61,2026-02-04 07:54:56.059878
WNTR,23.98,23.98,24.4,,907700.0,,1147600.0,0,0,0,0,0,0,0,0,0,0,0,0,0,0,0,0,0,61,2026-02-04 07:54:56.059878
SPNG,24.07,24.07,24.56,1027200.0,2250.0,1415000.0,,0,0,0,0,0,0,0,0,0,0,0,0,0,0,0,0,0,62,2026-02-04 07:54:57.093528
SMMR,24.29,23.88,23.96,1147700.0,,1463800.0,,0,0,0,0,0,0,0,0,0,0,0,0,0,0,0,0,0,62,2026-02-04 07:54:57.093528
ATMN,26.37,26.01,26.36,1357500.0,2250.0,1011100.0,2250.0,0,0,0,0,0,0,0,0,0,0,0,0,0,0,0,0,0,62,2026-02-04 07:54:57.093528
WNTR,23.98,23.6,23.93,1066400.0,,1373600.0,,0,0,0,0,0,0,0,0,0,0,0,0,0,0,0,0,0,62,2026-02-04 07:54:57.093528
SPNG,24.57,24.13,24.57,2250.0,1284000.0,1415000.0,,0,0,0,0,0,0,0,0,0,0,0,0,0,0,0,0,0,63,2026-02-04 07:54:58.142286
SMMR,24.29,23.88,23.96,,1523700.0,1463800.0,,0,0,0,0,0,0,0,0,0,0,0,0,0,0,0,0,0,63,2026-02-04 07:54:58.142286
ATMN,25.9,25.91,25.99,2250.0,1374800.0,1208500.0,4500.0,0,0,0,0,0,0,0,0,0,0,0,0,0,0,0,0,0,63,2026-02-04 07:54:58.142286
WNTR,23.95,23.85,23.95,,1339300.0,1371300.0,,0,0,0,0,0,0,0,0,0,0,0,0,0,0,0,0,0,63,2026-02-04 07:54:58.142286
SPNG,24.57,24.13,24.57,2250.0,1505400.0,1415000.0,,0,0,0,0,0,0,0,0,0,0,0,0,0,0,0,0,0,64,2026-02-04 07:54:58.685121
SMMR,23.96,23.99,24.45,,1657100.0,1452000.0,,0,0,0,0,0,0,0,0,0,0,0,0,0,0,0,0,0,64,2026-02-04 07:54:58.685121
ATMN,25.9,25.96,25.99,2250.0,1628200.0,1208500.0,4500.0,0,0,0,0,0,0,0,0,0,0,0,0,0,0,0,0,0,64,2026-02-04 07:54:58.685121
WNTR,23.95,23.97,24.18,,1448200.0,1250700.0,,0,0,0,0,0,0,0,0,0,0,0,0,0,0,0,0,0,64,2026-02-04 07:54:58.685121
SPNG,24.8,24.28,24.61,1741500.0,7500.0,4500.0,1312000.0,,,0,0,0,0,0,0,0,0,0,0,0,0,0,0,0,65,2026-02-04 07:54:59.735748
SMMR,23.96,23.99,24.24,1924900.0,,,1574000.0,,,0,0,0,0,0,0,0,0,0,0,0,0,0,0,0,65,2026-02-04 07:54:59.735748
ATMN,25.99,25.97,25.99,1763100.0,,4500.0,1302600.0,6750.0,,0,0,0,0,0,0,0,0,0,0,0,0,0,0,0,65,2026-02-04 07:54:59.735748
WNTR,23.85,23.85,24.0,1339300.0,,,1573600.0,,7500.0,0,0,0,0,0,0,0,0,0,0,0,0,0,0,0,65,2026-02-04 07:54:59.735748
SPNG,24.61,24.29,24.61,6750.0,1741500.0,7500.0,1547900.0,,0,0,0,0,0,0,0,0,0,0,0,0,0,0,0,0,66,2026-02-04 07:55:00.785409
SMMR,24.24,24.27,24.43,,2178400.0,7500.0,1579000.0,7500.0,0,0,0,0,0,0,0,0,0,0,0,0,0,0,0,0,66,2026-02-04 07:55:00.785409
ATMN,26.37,25.97,26.18,4500.0,1856100.0,,1204400.0,,0,0,0,0,0,0,0,0,0,0,0,0,0,0,0,0,66,2026-02-04 07:55:00.785409
WNTR,24.0,23.85,24.0,,1488800.0,,1573600.0,7500.0,0,0,0,0,0,0,0,0,0,0,0,0,0,0,0,0,66,2026-02-04 07:55:00.785409
SPNG,24.61,24.29,24.43,6750.0,1968900.0,1751400.0,,0,0,0,0,0,0,0,0,0,0,0,0,0,0,0,0,0,67,2026-02-04 07:55:01.824402
SMMR,24.27,24.0,24.27,,2042700.0,1919600.0,,0,0,0,0,0,0,0,0,0,0,0,0,0,0,0,0,0,67,2026-02-04 07:55:01.824402
ATMN,26.06,25.97,26.06,6750.0,1856100.0,1425300.0,2250.0,0,0,0,0,0,0,0,0,0,0,0,0,0,0,0,0,0,67,2026-02-04 07:55:01.824402
WNTR,23.89,23.97,24.13,,1636600.0,1473900.0,,0,0,0,0,0,0,0,0,0,0,0,0,0,0,0,0,0,67,2026-02-04 07:55:01.824402
SPNG,24.67,24.3,24.58,10000.0,9000.0,1785800.0,1624400.0,,0,0,0,0,0,0,0,0,0,0,0,0,0,0,0,0,68,2026-02-04 07:55:02.871861
SMMR,24.27,24.02,24.27,,,2317800.0,1919600.0,,0,0,0,0,0,0,0,0,0,0,0,0,0,0,0,0,68,2026-02-04 07:55:02.871861
ATMN,26.15,26.15,26.18,,9000.0,1944300.0,1308100.0,4500.0,0,0,0,0,0,0,0,0,0,0,0,0,0,0,0,0,68,2026-02-04 07:55:02.871861
WNTR,23.85,23.85,23.99,,,1488800.0,1729100.0,,0,0,0,0,0,0,0,0,0,0,0,0,0,0,0,0,68,2026-02-04 07:55:02.871861
SPNG,24.14,24.14,24.8,1964900.0,4500.0,1655000.0,,,0,0,0,0,0,0,0,0,0,0,0,0,0,0,0,0,69,2026-02-04 07:55:03.910387
SMMR,24.13,24.13,24.27,2433600.0,,2037700.0,,,0,0,0,0,0,0,0,0,0,0,0,0,0,0,0,0,69,2026-02-04 07:55:03.910387
ATMN,26.18,25.97,26.18,1932800.0,9000.0,1308100.0,4500.0,,0,0,0,0,0,0,0,0,0,0,0,0,0,0,0,0,69,2026-02-04 07:55:03.910387
WNTR,23.85,23.94,23.99,1745600.0,,1729100.0,,1875.0,0,0,0,0,0,0,0,0,0,0,0,0,0,0,0,0,69,2026-02-04 07:55:03.910387
SPNG,24.13,24.41,24.51,10000.0,2250.0,1958200.0,1776700.0,10000.0,,,,0,0,0,0,0,0,0,0,0,0,0,0,0,70,2026-02-04 07:55:04.956707
SMMR,24.02,24.18,24.37,,,2396000.0,1821700.0,,1875.0,,,0,0,0,0,0,0,0,0,0,0,0,0,0,70,2026-02-04 07:55:04.956707
ATMN,26.23,25.97,26.23,,11250.0,1813700.0,1208900.0,,,2250.0,,0,0,0,0,0,0,0,0,0,0,0,0,0,70,2026-02-04 07:55:04.956707
WNTR,23.85,23.71,23.81,,,1488600.0,1971400.0,,,,1875.0,0,0,0,0,0,0,0,0,0,0,0,0,0,70,2026-02-04 07:55:04.956707
SPNG,24.51,24.13,24.51,1857700.0,1998400.0,468.0,,,0,0,0,0,0,0,0,0,0,0,0,0,0,0,0,0,71,2026-02-04 07:55:05.991017
SMMR,24.02,24.33,24.37,2453400.0,1948300.0,,,,0,0,0,0,0,0,0,0,0,0,0,0,0,0,0,0,71,2026-02-04 07:55:05.991017
ATMN,26.41,25.98,26.21,1550200.0,1093200.0,468.0,468.0,13500.0,0,0,0,0,0,0,0,0,0,0,0,0,0,0,0,0,71,2026-02-04 07:55:05.991017
WNTR,23.81,23.9,23.98,1832400.0,1835600.0,1875.0,,,0,0,0,0,0,0,0,0,0,0,0,0,0,0,0,0,71,2026-02-04 07:55:05.991017
SPNG,24.56,24.56,24.7,1737500.0,2096500.0,2250.0,,,,0,0,0,0,0,0,0,0,0,0,0,0,0,0,0,72,2026-02-04 07:55:07.026073
SMMR,24.33,24.34,24.37,2545700.0,2178100.0,,,,,0,0,0,0,0,0,0,0,0,0,0,0,0,0,0,72,2026-02-04 07:55:07.026073
ATMN,26.03,26.03,26.2,2053100.0,1093200.0,,1875.0,4500.0,1875.0,0,0,0,0,0,0,0,0,0,0,0,0,0,0,0,72,2026-02-04 07:55:07.026073
WNTR,23.99,23.98,23.99,2241400.0,1835600.0,,,,,0,0,0,0,0,0,0,0,0,0,0,0,0,0,0,72,2026-02-04 07:55:07.026073
SPNG,24.12,24.12,24.16,1859600.0,1963200.0,4500.0,5391.0,,,,0,0,0,0,0,0,0,0,0,0,0,0,0,0,73,2026-02-04 07:55:08.055712
SMMR,24.42,24.34,24.42,2348700.0,2053500.0,,,1875.0,10000.0,,0,0,0,0,0,0,0,0,0,0,0,0,0,0,73,2026-02-04 07:55:08.055712
ATMN,26.21,26.03,26.21,1907600.0,1299900.0,,468.0,1875.0,,6750.0,0,0,0,0,0,0,0,0,0,0,0,0,0,0,73,2026-02-04 07:55:08.055712
WNTR,23.98,23.98,23.99,2550500.0,1835600.0,,,,,,0,0,0,0,0,0,0,0,0,0,0,0,0,0,73,2026-02-04 07:55:08.055712
SPNG,24.53,24.12,24.16,2098600.0,5391.0,2050600.0,2250.0,,,0,0,0,0,0,0,0,0,0,0,0,0,0,0,0,74,2026-02-04 07:55:09.086759
SMMR,24.34,24.34,24.39,2521900.0,,2211200.0,,10000.0,,0,0,0,0,0,0,0,0,0,0,0,0,0,0,0,74,2026-02-04 07:55:09.086759
ATMN,25.96,25.91,25.95,2050700.0,,1547500.0,2250.0,,6750.0,0,0,0,0,0,0,0,0,0,0,0,0,0,0,0,74,2026-02-04 07:55:09.086759
WNTR,23.99,24.04,24.1,2555300.0,,1959300.0,,,,0,0,0,0,0,0,0,0,0,0,0,0,0,0,0,74,2026-02-04 07:55:09.086759
SPNG,24.7,24.12,24.7,2200600.0,2092400.0,2250.0,,,,0,0,0,0,0,0,0,0,0,0,0,0,0,0,0,75,2026-02-04 07:55:10.120816
SMMR,24.4,24.34,24.4,2521900.0,2348400.0,,,,,0,0,0,0,0,0,0,0,0,0,0,0,0,0,0,75,2026-02-04 07:55:10.120816
ATMN,25.95,25.91,25.95,1911400.0,1547500.0,4500.0,9000.0,,,0,0,0,0,0,0,0,0,0,0,0,0,0,0,0,75,2026-02-04 07:55:10.120816
WNTR,23.9,24.05,24.09,2269900.0,1959300.0,,,4687.0,4687.0,0,0,0,0,0,0,0,0,0,0,0,0,0,0,0,75,2026-02-04 07:55:10.120816
SPNG,24.32,24.32,24.69,2072100.0,2250.0,10000.0,10000.0,1922900.0,4500.0,0,0,0,0,0,0,0,0,0,0,0,0,0,0,0,76,2026-02-04 07:55:11.154405
SMMR,24.05,24.35,24.39,2562100.0,,,10000.0,2238000.0,,0,0,0,0,0,0,0,0,0,0,0,0,0,0,0,76,2026-02-04 07:55:11.154405
ATMN,26.24,26.15,26.24,1889200.0,9000.0,,,1191700.0,,0,0,0,0,0,0,0,0,0,0,0,0,0,0,0,76,2026-02-04 07:55:11.154405
WNTR,24.05,24.01,24.02,2527200.0,,,,2067300.0,,0,0,0,0,0,0,0,0,0,0,0,0,0,0,0,76,2026-02-04 07:55:11.154405
SPNG,24.12,24.23,24.69,1289.0,2180700.0,2250.0,1289.0,1825400.0,6750.0,,0,0,0,0,0,0,0,0,0,0,0,0,0,0,77,2026-02-04 07:55:12.193782
SMMR,24.05,24.09,24.37,,2569200.0,,,2278700.0,,10000.0,0,0,0,0,0,0,0,0,0,0,0,0,0,0,77,2026-02-04 07:55:12.193782
ATMN,26.52,26.35,26.38,1289.0,1639300.0,11250.0,,983700.0,,,0,0,0,0,0,0,0,0,0,0,0,0,0,0,77,2026-02-04 07:55:12.193782
WNTR,23.89,23.89,24.03,,2520900.0,,,2067300.0,,,0,0,0,0,0,0,0,0,0,0,0,0,0,0,77,2026-02-04 07:55:12.193782
SPNG,24.07,24.28,24.48,2167600.0,1945000.0,6750.0,,,0,0,0,0,0,0,0,0,0,0,0,0,0,0,0,0,78,2026-02-04 07:55:13.224873
SMMR,24.4,24.17,24.35,2521800.0,2255400.0,,10000.0,,0,0,0,0,0,0,0,0,0,0,0,0,0,0,0,0,78,2026-02-04 07:55:13.224873
ATMN,25.9,25.9,26.37,2410000.0,1183000.0,2250.0,,,0,0,0,0,0,0,0,0,0,0,0,0,0,0,0,0,78,2026-02-04 07:55:13.224873
WNTR,23.89,23.9,23.94,2379700.0,2173500.0,,,1992.0,0,0,0,0,0,0,0,0,0,0,0,0,0,0,0,0,78,2026-02-04 07:55:13.224873
SPNG,24.07,24.28,24.47,2306600.0,9000.0,1701100.0,1992.0,,0,0,0,0,0,0,0,0,0,0,0,0,0,0,0,0,79,2026-02-04 07:55:13.766694
SMMR,24.4,24.17,24.4,2344200.0,,2351100.0,,1992.0,0,0,0,0,0,0,0,0,0,0,0,0,0,0,0,0,79,2026-02-04 07:55:13.766694
ATMN,25.9,25.9,26.11,2410000.0,2250.0,1380500.0,,,0,0,0,0,0,0,0,0,0,0,0,0,0,0,0,0,79,2026-02-04 07:55:13.766694
WNTR,23.89,23.9,23.94,2340000.0,,2173500.0,1992.0,1992.0,0,0,0,0,0,0,0,0,0,0,0,0,0,0,0,0,79,2026-02-04 07:55:13.766694
SPNG,24.09,24.09,24.46,2300500.0,10000.0,1701100.0,9000.0,,,0,0,0,0,0,0,0,0,0,0,0,0,0,0,0,80,2026-02-04 07:55:14.809846
SMMR,24.4,24.24,24.35,2346500.0,10000.0,2266600.0,,10000.0,,0,0,0,0,0,0,0,0,0,0,0,0,0,0,0,80,2026-02-04 07:55:14.809846
ATMN,26.01,25.9,26.01,2285700.0,,1467300.0,,,2250.0,0,0,0,0,0,0,0,0,0,0,0,0,0,0,0,80,2026-02-04 07:55:14.809846
WNTR,23.86,23.86,23.93,2473600.0,10000.0,2173500.0,,,,0,0,0,0,0,0,0,0,0,0,0,0,0,0,0,80,2026-02-04 07:55:14.809846
SPNG,24.09,24.11,24.46,2359800.0,10000.0,1737000.0,9000.0,0,0,0,0,0,0,0,0,0,0,0,0,0,0,0,0,0,81,2026-02-04 07:55:15.844413
SMMR,24.4,24.25,24.27,2480000.0,,2384000.0,,0,0,0,0,0,0,0,0,0,0,0,0,0,0,0,0,0,81,2026-02-04 07:55:15.844413
ATMN,26.01,25.93,26.01,2384000.0,,1467300.0,2250.0,0,0,0,0,0,0,0,0,0,0,0,0,0,0,0,0,0,81,2026-02-04 07:55:15.844413
WNTR,24.04,23.86,24.04,2473600.0,,2107500.0,,0,0,0,0,0,0,0,0,0,0,0,0,0,0,0,0,0,81,2026-02-04 07:55:15.844413
SPNG,24.74,24.12,24.48,2250.0,2208500.0,1289.0,2080100.0,,,0,0,0,0,0,0,0,0,0,0,0,0,0,0,0,82,2026-02-04 07:55:16.884048
SMMR,24.27,24.24,24.27,,2366500.0,,2384000.0,3252.0,,0,0,0,0,0,0,0,0,0,0,0,0,0,0,0,82,2026-02-04 07:55:16.884048
ATMN,26.38,25.94,26.38,,2367700.0,,1376300.0,,2250.0,0,0,0,0,0,0,0,0,0,0,0,0,0,0,0,82,2026-02-04 07:55:16.884048
WNTR,24.04,23.86,24.04,,2471800.0,,2107500.0,,,0,0,0,0,0,0,0,0,0,0,0,0,0,0,0,82,2026-02-04 07:55:16.884048
SPNG,24.8,24.17,24.45,2076900.0,4500.0,1289.0,2058700.0,,0,0,0,0,0,0,0,0,0,0,0,0,0,0,0,0,83,2026-02-04 07:55:17.932931
SMMR,24.4,24.23,24.33,2474000.0,,,2411600.0,,0,0,0,0,0,0,0,0,0,0,0,0,0,0,0,0,83,2026-02-04 07:55:17.932931
ATMN,26.44,26.11,26.34,2344800.0,,,1389300.0,,0,0,0,0,0,0,0,0,0,0,0,0,0,0,0,0,83,2026-02-04 07:55:17.932931
WNTR,24.08,24.08,24.1,2376200.0,,,2209000.0,4431.0,0,0,0,0,0,0,0,0,0,0,0,0,0,0,0,0,83,2026-02-04 07:55:17.932931
SPNG,24.18,24.17,24.39,2055500.0,4500.0,2210900.0,,,,0,0,0,0,0,0,0,0,0,0,0,0,0,0,0,84,2026-02-04 07:55:18.973529
SMMR,24.23,24.23,24.33,2488400.0,,2411600.0,,,,0,0,0,0,0,0,0,0,0,0,0,0,0,0,0,84,2026-02-04 07:55:18.973529
ATMN,25.99,25.94,25.99,2361400.0,,1642400.0,10000.0,2250.0,,0,0,0,0,0,0,0,0,0,0,0,0,0,0,0,84,2026-02-04 07:55:18.973529
WNTR,23.98,23.99,24.06,2337500.0,,2247300.0,10000.0,,10000.0,0,0,0,0,0,0,0,0,0,0,0,0,0,0,0,84,2026-02-04 07:55:18.973529
SPNG,24.83,24.19,24.2,260.0,1758000.0,8711.0,6750.0,2163900.0,,,,0,0,0,0,0,0,0,0,0,0,0,0,0,85,2026-02-04 07:55:20.030406
SMMR,24.2,24.2,24.22,,2487200.0,,,2409500.0,,,,0,0,0,0,0,0,0,0,0,0,0,0,0,85,2026-02-04 07:55:20.030406
ATMN,26.13,25.95,26.04,,2243100.0,,2250.0,1613500.0,10000.0,260.0,4500.0,0,0,0,0,0,0,0,0,0,0,0,0,0,85,2026-02-04 07:55:20.030406
WNTR,23.8,23.98,24.05,4431.0,2383300.0,,,2247300.0,10000.0,,,0,0,0,0,0,0,0,0,0,0,0,0,0,85,2026-02-04 07:55:20.030406
SPNG,24.2,24.49,24.66,8711.0,1761900.0,9000.0,2186000.0,,,0,0,0,0,0,0,0,0,0,0,0,0,0,0,0,86,2026-02-04 07:55:21.068051
SMMR,24.26,24.2,24.26,,2487200.0,,2354600.0,,,0,0,0,0,0,0,0,0,0,0,0,0,0,0,0,86,2026-02-04 07:55:21.068051
ATMN,26.34,25.95,26.04,,2092400.0,4500.0,1516300.0,260.0,2250.0,0,0,0,0,0,0,0,0,0,0,0,0,0,0,0,86,2026-02-04 07:55:21.068051
WNTR,24.05,23.96,24.02,,2490300.0,,2385500.0,,,0,0,0,0,0,0,0,0,0,0,0,0,0,0,0,86,2026-02-04 07:55:21.068051
SPNG,24.66,24.74,24.83,1869400.0,9000.0,2178200.0,,,,0,0,0,0,0,0,0,0,0,0,0,0,0,0,0,87,2026-02-04 07:55:22.106858
SMMR,24.33,24.33,24.41,2513600.0,,2358700.0,,,,0,0,0,0,0,0,0,0,0,0,0,0,0,0,0,87,2026-02-04 07:55:22.106858
ATMN,26.13,25.96,26.12,1974500.0,4500.0,1739500.0,5809.0,5809.0,,0,0,0,0,0,0,0,0,0,0,0,0,0,0,0,87,2026-02-04 07:55:22.106858
WNTR,24.05,23.97,24.02,2381800.0,,2436200.0,,,10000.0,0,0,0,0,0,0,0,0,0,0,0,0,0,0,0,87,2026-02-04 07:55:22.106858
SPNG,24.11,24.11,24.39,2312900.0,2232300.0,,,,0,0,0,0,0,0,0,0,0,0,0,0,0,0,0,0,88,2026-02-04 07:55:23.154755
SMMR,24.42,24.22,24.42,2496300.0,2364000.0,,,,0,0,0,0,0,0,0,0,0,0,0,0,0,0,0,0,88,2026-02-04 07:55:23.154755
ATMN,26.25,26.25,26.34,1836100.0,1750500.0,10000.0,6750.0,2250.0,0,0,0,0,0,0,0,0,0,0,0,0,0,0,0,0,88,2026-02-04 07:55:23.154755
WNTR,24.02,23.8,24.02,2530200.0,2404600.0,,,,0,0,0,0,0,0,0,0,0,0,0,0,0,0,0,0,88,2026-02-04 07:55:23.154755
SPNG,24.39,24.23,24.39,2171200.0,2250.0,2232300.0,,,0,0,0,0,0,0,0,0,0,0,0,0,0,0,0,0,89,2026-02-04 07:55:24.195854
SMMR,24.23,24.22,24.23,2487000.0,,2419600.0,,,0,0,0,0,0,0,0,0,0,0,0,0,0,0,0,0,89,2026-02-04 07:55:24.195854
ATMN,26.25,25.96,26.07,1744600.0,9000.0,1975700.0,10000.0,4500.0,0,0,0,0,0,0,0,0,0,0,0,0,0,0,0,0,89,2026-02-04 07:55:24.195854
WNTR,24.01,24.01,24.05,2566200.0,,2362400.0,,,0,0,0,0,0,0,0,0,0,0,0,0,0,0,0,0,89,2026-02-04 07:55:24.195854
SPNG,24.23,24.24,24.75,4500.0,10000.0,1957100.0,2000100.0,2250.0,2208.0,0,0,0,0,0,0,0,0,0,0,0,0,0,0,0,90,2026-02-04 07:55:25.244179
SMMR,24.27,24.22,24.27,,,2527900.0,2394200.0,,,0,0,0,0,0,0,0,0,0,0,0,0,0,0,0,90,2026-02-04 07:55:25.244179
ATMN,26.25,25.95,26.07,9000.0,,1850900.0,1988900.0,4500.0,,0,0,0,0,0,0,0,0,0,0,0,0,0,0,0,90,2026-02-04 07:55:25.244179
WNTR,24.01,24.01,24.05,,,2575900.0,2362400.0,,,0,0,0,0,0,0,0,0,0,0,0,0,0,0,0,90,2026-02-04 07:55:25.244179
SPNG,24.89,24.25,24.89,10000.0,4500.0,1953400.0,2253000.0,,0,0,0,0,0,0,0,0,0,0,0,0,0,0,0,0,91,2026-02-04 07:55:26.283672
SMMR,24.27,24.22,24.27,,,2514600.0,2441900.0,,0,0,0,0,0,0,0,0,0,0,0,0,0,0,0,0,91,2026-02-04 07:55:26.283672
ATMN,26.07,26.16,26.21,,11250.0,1689700.0,1892700.0,6750.0,0,0,0,0,0,0,0,0,0,0,0,0,0,0,0,0,91,2026-02-04 07:55:26.283672
WNTR,23.9,23.8,23.9,,,2548800.0,2386400.0,,0,0,0,0,0,0,0,0,0,0,0,0,0,0,0,0,91,2026-02-04 07:55:26.283672
SPNG,24.89,24.25,24.38,3921.0,6750.0,1867000.0,2061000.0,3921.0,2250.0,,0,0,0,0,0,0,0,0,0,0,0,0,0,0,92,2026-02-04 07:55:26.823626
SMMR,24.27,24.23,24.26,3921.0,,2253800.0,2315100.0,3921.0,,10000.0,0,0,0,0,0,0,0,0,0,0,0,0,0,0,92,2026-02-04 07:55:26.823626
ATMN,26.26,26.17,26.25,,13500.0,1476900.0,1879500.0,,4500.0,10000.0,0,0,0,0,0,0,0,0,0,0,0,0,0,0,92,2026-02-04 07:55:26.823626
WNTR,23.9,23.95,24.1,,,2553700.0,2346800.0,,,,0,0,0,0,0,0,0,0,0,0,0,0,0,0,92,2026-02-04 07:55:26.823626
SPNG,24.38,24.44,24.62,1728700.0,1535.0,9000.0,4500.0,2042700.0,,,0,0,0,0,0,0,0,0,0,0,0,0,0,0,93,2026-02-04 07:55:27.885655
SMMR,24.27,24.32,24.35,2359800.0,,,,2317500.0,10000.0,10000.0,0,0,0,0,0,0,0,0,0,0,0,0,0,0,93,2026-02-04 07:55:27.885655
ATMN,26.26,26.17,26.26,1476900.0,,13500.0,2250.0,2055400.0,10000.0,,0,0,0,0,0,0,0,0,0,0,0,0,0,0,93,2026-02-04 07:55:27.885655
WNTR,24.1,24.1,24.12,2377800.0,1535.0,,,2324200.0,,,0,0,0,0,0,0,0,0,0,0,0,0,0,0,93,2026-02-04 07:55:27.885655
SPNG,24.18,24.18,24.63,2114800.0,4500.0,2133600.0,2250.0,,,0,0,0,0,0,0,0,0,0,0,0,0,0,0,0,94,2026-02-04 07:55:28.949269
SMMR,24.36,24.22,24.34,2365000.0,,2324100.0,,3921.0,10000.0,0,0,0,0,0,0,0,0,0,0,0,0,0,0,0,94,2026-02-04 07:55:28.949269
ATMN,26.26,26.16,26.24,1476900.0,15750.0,2197900.0,,,,0,0,0,0,0,0,0,0,0,0,0,0,0,0,0,94,2026-02-04 07:55:28.949269
WNTR,24.09,24.09,24.12,2502800.0,,2331900.0,,,,0,0,0,0,0,0,0,0,0,0,0,0,0,0,0,94,2026-02-04 07:55:28.949269
SPNG,24.18,24.51,24.62,2002200.0,6750.0,5303.0,1892500.0,4500.0,,,0,0,0,0,0,0,0,0,0,0,0,0,0,0,95,2026-02-04 07:55:30.006955
SMMR,24.38,24.23,24.28,2365000.0,,,2436700.0,,10000.0,,0,0,0,0,0,0,0,0,0,0,0,0,0,0,95,2026-02-04 07:55:30.006955
ATMN,25.94,25.94,26.24,2312500.0,,,2187300.0,,,,0,0,0,0,0,0,0,0,0,0,0,0,0,0,95,2026-02-04 07:55:30.006955
WNTR,23.93,24.09,24.12,2436900.0,,,2331900.0,,,1535.0,0,0,0,0,0,0,0,0,0,0,0,0,0,0,95,2026-02-04 07:55:30.006955
SPNG,24.36,24.37,24.61,9000.0,1878700.0,10000.0,1799900.0,6750.0,,0,0,0,0,0,0,0,0,0,0,0,0,0,0,0,96,2026-02-04 07:55:31.062714
SMMR,24.28,24.3,24.34,,2502300.0,,2413600.0,,,0,0,0,0,0,0,0,0,0,0,0,0,0,0,0,96,2026-02-04 07:55:31.062714
ATMN,26.16,25.94,26.14,,2219500.0,,2191800.0,,260.0,0,0,0,0,0,0,0,0,0,0,0,0,0,0,0,96,2026-02-04 07:55:31.062714
WNTR,23.93,23.95,24.12,,2552200.0,,2343000.0,,,0,0,0,0,0,0,0,0,0,0,0,0,0,0,0,96,2026-02-04 07:55:31.062714
SPNG,24.36,24.38,24.59,4810.0,1795300.0,9000.0,10000.0,1799900.0,6750.0,0,0,0,0,0,0,0,0,0,0,0,0,0,0,0,97,2026-02-04 07:55:32.102641
SMMR,24.17,24.17,24.34,,2493800.0,,,2421500.0,,0,0,0,0,0,0,0,0,0,0,0,0,0,0,0,97,2026-02-04 07:55:32.102641
ATMN,25.93,25.93,26.12,,2347800.0,,10000.0,2013400.0,2250.0,0,0,0,0,0,0,0,0,0,0,0,0,0,0,0,97,2026-02-04 07:55:32.102641
WNTR,23.95,23.8,23.95,,2549800.0,,,2355500.0,,0,0,0,0,0,0,0,0,0,0,0,0,0,0,0,97,2026-02-04 07:55:32.102641
SPNG,24.14,24.37,24.65,1956400.0,6750.0,1875000.0,6750.0,,0,0,0,0,0,0,0,0,0,0,0,0,0,0,0,0,98,2026-02-04 07:55:33.134675
SMMR,24.17,24.17,24.34,2493800.0,,2335300.0,1500.0,,0,0,0,0,0,0,0,0,0,0,0,0,0,0,0,0,98,2026-02-04 07:55:33.134675
ATMN,25.92,26.1,26.11,2368600.0,,1921800.0,4500.0,10000.0,0,0,0,0,0,0,0,0,0,0,0,0,0,0,0,0,98,2026-02-04 07:55:33.134675
WNTR,23.95,23.8,23.95,2600500.0,,2355500.0,,,0,0,0,0,0,0,0,0,0,0,0,0,0,0,0,0,98,2026-02-04 07:55:33.134675
SPNG,24.53,24.38,24.53,9000.0,1855500.0,1692800.0,4810.0,9000.0,,0,0,0,0,0,0,0,0,0,0,0,0,0,0,0,99,2026-02-04 07:55:34.167943
SMMR,24.29,24.29,24.34,,2510300.0,2335300.0,,1500.0,,0,0,0,0,0,0,0,0,0,0,0,0,0,0,0,99,2026-02-04 07:55:34.167943
ATMN,26.1,25.94,25.98,,2250600.0,1820900.0,1891.0,6750.0,1891.0,0,0,0,0,0,0,0,0,0,0,0,0,0,0,0,99,2026-02-04 07:55:34.167943
WNTR,23.95,23.81,23.94,,2491600.0,2216700.0,1891.0,,1891.0,0,0,0,0,0,0,0,0,0,0,0,0,0,0,0,99,2026-02-04 07:55:34.167943
SPNG,24.37,24.39,24.52,10000.0,9000.0,1738100.0,3115.0,1539000.0,11250.0,0,0,0,0,0,0,0,0,0,0,0,0,0,0,0,100,2026-02-04 07:55:35.200284
SMMR,24.29,24.29,24.32,,,2532300.0,,2350800.0,1500.0,0,0,0,0,0,0,0,0,0,0,0,0,0,0,0,100,2026-02-04 07:55:35.200284
ATMN,26.23,25.92,26.23,,,2373400.0,,2189100.0,,0,0,0,0,0,0,0,0,0,0,0,0,0,0,0,100,2026-02-04 07:55:35.200284
WNTR,24.03,23.8,24.02,,,2618700.0,,2374300.0,,0,0,0,0,0,0,0,0,0,0,0,0,0,0,0,100,2026-02-04 07:55:35.200284
SPNG,24.1,24.1,24.23,2281100.0,1619200.0,3115.0,11250.0,,,0,0,0,0,0,0,0,0,0,0,0,0,0,0,0,101,2026-02-04 07:55:36.243017
SMMR,24.23,24.23,24.32,2557900.0,2350800.0,,1500.0,,,0,0,0,0,0,0,0,0,0,0,0,0,0,0,0,101,2026-02-04 07:55:36.243017
ATMN,26.05,25.95,26.03,2118600.0,2122900.0,,2250.0,3115.0,2250.0,0,0,0,0,0,0,0,0,0,0,0,0,0,0,0,101,2026-02-04 07:55:36.243017
WNTR,24.03,23.87,23.92,2448700.0,2163600.0,3115.0,1500.0,3115.0,,0,0,0,0,0,0,0,0,0,0,0,0,0,0,0,101,2026-02-04 07:55:36.243017
SPNG,24.65,24.76,24.88,2198400.0,10000.0,11250.0,1723800.0,,,0,0,0,0,0,0,0,0,0,0,0,0,0,0,0,102,2026-02-04 07:55:37.281832
SMMR,24.22,24.17,24.22,2515300.0,,3000.0,2105700.0,1340.0,,0,0,0,0,0,0,0,0,0,0,0,0,0,0,0,102,2026-02-04 07:55:37.281832
ATMN,26.03,26.11,26.23,2137600.0,,4500.0,2019000.0,,4500.0,0,0,0,0,0,0,0,0,0,0,0,0,0,0,0,102,2026-02-04 07:55:37.281832
WNTR,24.12,23.88,24.12,2563100.0,,,2381300.0,,,0,0,0,0,0,0,0,0,0,0,0,0,0,0,0,102,2026-02-04 07:55:37.281832
SPNG,24.76,24.12,24.74,10000.0,1695.0,2067000.0,1605600.0,13500.0,,,,0,0,0,0,0,0,0,0,0,0,0,0,0,103,2026-02-04 07:55:38.312287
SMMR,24.16,24.18,24.2,,,2499900.0,1836300.0,4500.0,10000.0,1340.0,,0,0,0,0,0,0,0,0,0,0,0,0,0,103,2026-02-04 07:55:38.312287
ATMN,26.11,25.96,26.07,,,2135900.0,2022000.0,4500.0,,,4500.0,0,0,0,0,0,0,0,0,0,0,0,0,0,103,2026-02-04 07:55:38.312287
WNTR,24.14,23.88,24.12,,1891.0,2420800.0,2426000.0,,,,,0,0,0,0,0,0,0,0,0,0,0,0,0,103,2026-02-04 07:55:38.312287
SPNG,24.19,24.19,24.58,2307500.0,1610400.0,13500.0,,,0,0,0,0,0,0,0,0,0,0,0,0,0,0,0,0,104,2026-02-04 07:55:39.342138
SMMR,24.24,24.24,24.32,2475100.0,2227100.0,3000.0,,,0,0,0,0,0,0,0,0,0,0,0,0,0,0,0,0,104,2026-02-04 07:55:39.342138
ATMN,26.07,26.2,26.23,1901000.0,2019000.0,4500.0,6750.0,3115.0,0,0,0,0,0,0,0,0,0,0,0,0,0,0,0,0,104,2026-02-04 07:55:39.342138
WNTR,24.02,23.87,24.02,2563600.0,2315300.0,1500.0,,,0,0,0,0,0,0,0,0,0,0,0,0,0,0,0,0,104,2026-02-04 07:55:39.342138
SPNG,24.34,24.19,24.34,1695.0,10000.0,2110800.0,1379000.0,10000.0,15750.0,,,0,0,0,0,0,0,0,0,0,0,0,0,0,105,2026-02-04 07:55:40.377978
SMMR,24.24,24.29,24.31,5933.0,10000.0,2224700.0,1977900.0,10000.0,3000.0,5933.0,,0,0,0,0,0,0,0,0,0,0,0,0,0,105,2026-02-04 07:55:40.377978
ATMN,26.24,26.2,26.24,,,1912500.0,2106100.0,,2250.0,,9000.0,0,0,0,0,0,0,0,0,0,0,0,0,0,105,2026-02-04 07:55:40.377978
WNTR,23.98,23.87,23.98,,,2563600.0,2341500.0,,1500.0,,,0,0,0,0,0,0,0,0,0,0,0,0,0,105,2026-02-04 07:55:40.377978
SPNG,24.34,24.19,24.34,1695.0,2218600.0,1379000.0,18000.0,,0,0,0,0,0,0,0,0,0,0,0,0,0,0,0,0,106,2026-02-04 07:55:40.914322
SMMR,24.31,24.31,24.32,5933.0,2300100.0,2236700.0,3000.0,,0,0,0,0,0,0,0,0,0,0,0,0,0,0,0,0,106,2026-02-04 07:55:40.914322
ATMN,26.17,26.17,26.24,,1917300.0,2106100.0,2250.0,9000.0,0,0,0,0,0,0,0,0,0,0,0,0,0,0,0,0,106,2026-02-04 07:55:40.914322
WNTR,23.98,23.89,23.98,1891.0,2420400.0,2341500.0,1500.0,,0,0,0,0,0,0,0,0,0,0,0,0,0,0,0,0,106,2026-02-04 07:55:40.914322
SPNG,24.34,24.13,24.34,2385200.0,1379000.0,18000.0,,,,0,0,0,0,0,0,0,0,0,0,0,0,0,0,0,107,2026-02-04 07:55:41.971577
SMMR,24.33,24.31,24.33,2293400.0,2357600.0,1500.0,10000.0,,,0,0,0,0,0,0,0,0,0,0,0,0,0,0,0,107,2026-02-04 07:55:41.971577
ATMN,26.2,26.2,26.22,1809200.0,1908100.0,4500.0,,11250.0,2782.0,0,0,0,0,0,0,0,0,0,0,0,0,0,0,0,107,2026-02-04 07:55:41.971577
WNTR,23.89,23.89,24.12,2562700.0,2426000.0,,,,,0,0,0,0,0,0,0,0,0,0,0,0,0,0,0,107,2026-02-04 07:55:41.971577
SPNG,24.13,24.13,24.57,2283200.0,1695.0,20250.0,1303100.0,,0,0,0,0,0,0,0,0,0,0,0,0,0,0,0,0,108,2026-02-04 07:55:43.005142
SMMR,24.29,24.29,24.33,2463700.0,,1500.0,2357600.0,,0,0,0,0,0,0,0,0,0,0,0,0,0,0,0,0,108,2026-02-04 07:55:43.005142
ATMN,26.28,25.99,26.26,1787900.0,,2250.0,2090500.0,11250.0,0,0,0,0,0,0,0,0,0,0,0,0,0,0,0,0,108,2026-02-04 07:55:43.005142
WNTR,23.89,23.89,24.12,2568300.0,,,2426000.0,,0,0,0,0,0,0,0,0,0,0,0,0,0,0,0,0,108,2026-02-04 07:55:43.005142
SPNG,24.29,24.17,24.28,2293000.0,10000.0,22500.0,1058000.0,10000.0,,,,0,0,0,0,0,0,0,0,0,0,0,0,0,109,2026-02-04 07:55:44.048026
SMMR,24.36,24.3,24.36,2324500.0,,,2489700.0,,1206.0,,,0,0,0,0,0,0,0,0,0,0,0,0,0,109,2026-02-04 07:55:44.048026
ATMN,26.28,26.13,26.22,1767300.0,,2250.0,2006200.0,,,11250.0,2079.0,0,0,0,0,0,0,0,0,0,0,0,0,0,109,2026-02-04 07:55:44.048026
WNTR,23.86,23.86,24.12,2605300.0,,,2437500.0,,,,,0,0,0,0,0,0,0,0,0,0,0,0,0,109,2026-02-04 07:55:44.048026
SPNG,24.5,24.17,24.4,2390000.0,1336800.0,20250.0,,,,0,0,0,0,0,0,0,0,0,0,0,0,0,0,0,110,2026-02-04 07:55:45.078615
SMMR,24.36,24.29,24.36,2387000.0,2494000.0,,,,,0,0,0,0,0,0,0,0,0,0,0,0,0,0,0,110,2026-02-04 07:55:45.078615
ATMN,26.35,26.14,26.35,1663200.0,2169800.0,,13500.0,,,0,0,0,0,0,0,0,0,0,0,0,0,0,0,0,110,2026-02-04 07:55:45.078615
WNTR,23.86,23.93,24.11,2480500.0,2322900.0,,,3336.0,3336.0,0,0,0,0,0,0,0,0,0,0,0,0,0,0,0,110,2026-02-04 07:55:45.078615
SPNG,24.55,24.26,24.55,2381400.0,1202900.0,22500.0,,,0,0,0,0,0,0,0,0,0,0,0,0,0,0,0,0,111,2026-02-04 07:55:46.118266
SMMR,24.32,24.29,24.32,2121000.0,2494200.0,,4500.0,1206.0,0,0,0,0,0,0,0,0,0,0,0,0,0,0,0,0,111,2026-02-04 07:55:46.118266
ATMN,26.3,26.14,26.3,1527400.0,2176600.0,,15750.0,,0,0,0,0,0,0,0,0,0,0,0,0,0,0,0,0,111,2026-02-04 07:55:46.118266
WNTR,23.93,23.93,24.12,2624900.0,2449500.0,,,,0,0,0,0,0,0,0,0,0,0,0,0,0,0,0,0,111,2026-02-04 07:55:46.118266
SPNG,24.26,24.26,24.55,2278700.0,1695.0,1074700.0,24750.0,,,0,0,0,0,0,0,0,0,0,0,0,0,0,0,0,112,2026-02-04 07:55:47.162448
SMMR,24.32,24.29,24.32,2360800.0,,2494200.0,,,,0,0,0,0,0,0,0,0,0,0,0,0,0,0,0,112,2026-02-04 07:55:47.162448
ATMN,26.38,26.42,26.44,1422700.0,3904.0,2133300.0,,15750.0,,0,0,0,0,0,0,0,0,0,0,0,0,0,0,0,112,2026-02-04 07:55:47.162448
WNTR,23.93,23.94,24.05,2350100.0,3904.0,2328100.0,,3000.0,3904.0,0,0,0,0,0,0,0,0,0,0,0,0,0,0,0,112,2026-02-04 07:55:47.162448
SPNG,24.58,24.26,24.42,2381400.0,1502300.0,15750.0,,,,,0,0,0,0,0,0,0,0,0,0,0,0,0,0,113,2026-02-04 07:55:48.195659
SMMR,24.29,24.29,24.32,2089400.0,2494200.0,,4500.0,1206.0,,,0,0,0,0,0,0,0,0,0,0,0,0,0,0,113,2026-02-04 07:55:48.195659
ATMN,26.29,26.29,26.44,1447000.0,2142000.0,,18000.0,,,,0,0,0,0,0,0,0,0,0,0,0,0,0,0,113,2026-02-04 07:55:48.195659
WNTR,24.05,23.94,24.04,2217300.0,2328100.0,,4500.0,,10000.0,10000.0,0,0,0,0,0,0,0,0,0,0,0,0,0,0,113,2026-02-04 07:55:48.195659
SPNG,24.19,24.19,24.41,2394000.0,18000.0,1406900.0,,,,,0,0,0,0,0,0,0,0,0,0,0,0,0,0,114,2026-02-04 07:55:49.224900
SMMR,24.38,24.29,24.38,2221700.0,,2496200.0,4500.0,,,,0,0,0,0,0,0,0,0,0,0,0,0,0,0,114,2026-02-04 07:55:49.224900
ATMN,26.13,26.3,26.44,1527400.0,,2136900.0,11250.0,10000.0,3904.0,,0,0,0,0,0,0,0,0,0,0,0,0,0,0,114,2026-02-04 07:55:49.224900
WNTR,23.99,23.93,23.99,2322000.0,,2308000.0,4500.0,,,3904.0,0,0,0,0,0,0,0,0,0,0,0,0,0,0,114,2026-02-04 07:55:49.224900
SPNG,24.74,24.27,24.4,10000.0,2174800.0,1695.0,10000.0,1542200.0,13500.0,,0,0,0,0,0,0,0,0,0,0,0,0,0,0,115,2026-02-04 07:55:50.251049
SMMR,24.38,24.29,24.38,,2122000.0,1206.0,,2514200.0,,4500.0,0,0,0,0,0,0,0,0,0,0,0,0,0,0,115,2026-02-04 07:55:50.251049
ATMN,26.46,26.24,26.46,,1618100.0,,,2124400.0,,13500.0,0,0,0,0,0,0,0,0,0,0,0,0,0,0,115,2026-02-04 07:55:50.251049
WNTR,23.99,24.03,24.12,,2433800.0,,,2399100.0,,3000.0,0,0,0,0,0,0,0,0,0,0,0,0,0,0,115,2026-02-04 07:55:50.251049
SPNG,24.74,24.42,24.69,1695.0,2250.0,2174800.0,1524500.0,15750.0,,0,0,0,0,0,0,0,0,0,0,0,0,0,0,0,116,2026-02-04 07:55:51.285705
SMMR,24.4,24.29,24.4,,4500.0,2245300.0,2481800.0,,,0,0,0,0,0,0,0,0,0,0,0,0,0,0,0,116,2026-02-04 07:55:51.285705
ATMN,26.13,26.13,26.47,,13500.0,1620500.0,2117700.0,,,0,0,0,0,0,0,0,0,0,0,0,0,0,0,0,116,2026-02-04 07:55:51.285705
WNTR,24.14,24.04,24.14,,3000.0,2297100.0,2404600.0,,10000.0,0,0,0,0,0,0,0,0,0,0,0,0,0,0,0,116,2026-02-04 07:55:51.285705
SPNG,24.69,24.24,24.47,2273800.0,2250.0,1525400.0,15750.0,0,0,0,0,0,0,0,0,0,0,0,0,0,0,0,0,0,117,2026-02-04 07:55:52.318623
SMMR,24.43,24.29,24.43,2245300.0,4500.0,2449200.0,,0,0,0,0,0,0,0,0,0,0,0,0,0,0,0,0,0,117,2026-02-04 07:55:52.318623
ATMN,26.48,26.13,26.48,1524100.0,15750.0,2122500.0,,0,0,0,0,0,0,0,0,0,0,0,0,0,0,0,0,0,117,2026-02-04 07:55:52.318623
WNTR,24.11,24.03,24.11,2407100.0,3000.0,2393100.0,,0,0,0,0,0,0,0,0,0,0,0,0,0,0,0,0,0,117,2026-02-04 07:55:52.318623
SPNG,24.16,24.16,24.22,2390900.0,1695.0,1336700.0,18000.0,,0,0,0,0,0,0,0,0,0,0,0,0,0,0,0,0,118,2026-02-04 07:55:53.350505
SMMR,24.43,24.29,24.43,2245300.0,,2457600.0,,4500.0,0,0,0,0,0,0,0,0,0,0,0,0,0,0,0,0,118,2026-02-04 07:55:53.350505
ATMN,26.13,26.25,26.38,1416400.0,,2118300.0,,18000.0,0,0,0,0,0,0,0,0,0,0,0,0,0,0,0,0,118,2026-02-04 07:55:53.350505
WNTR,24.11,24.03,24.11,2543800.0,,2352100.0,,,0,0,0,0,0,0,0,0,0,0,0,0,0,0,0,0,118,2026-02-04 07:55:53.350505
SPNG,24.16,24.16,24.17,2401300.0,2318400.0,0,0,0,0,0,0,0,0,0,0,0,0,0,0,0,0,0,0,0,119,2026-02-04 07:55:54.378534
SMMR,24.43,24.39,24.43,2336800.0,2457600.0,0,0,0,0,0,0,0,0,0,0,0,0,0,0,0,0,0,0,0,119,2026-02-04 07:55:54.378534
ATMN,26.38,26.34,26.38,2322000.0,2128400.0,0,0,0,0,0,0,0,0,0,0,0,0,0,0,0,0,0,0,0,119,2026-02-04 07:55:54.378534
WNTR,24.05,23.99,24.05,2564800.0,2378100.0,0,0,0,0,0,0,0,0,0,0,0,0,0,0,0,0,0,0,0,119,2026-02-04 07:55:54.378534
SPNG,23.69,23.69,23.98,1085900.0,915300.0,0,0,0,0,0,0,0,0,0,0,0,0,0,0,0,0,0,0,0,120,2026-02-04 07:55:55.415313
SMMR,24.36,24.11,24.22,973300.0,941500.0,0,0,0,0,0,0,0,0,0,0,0,0,0,0,0,0,0,0,0,120,2026-02-04 07:55:55.415313
ATMN,26.34,23.59,25.01,1062500.0,826100.0,0,0,0,0,0,0,0,0,0,0,0,0,0,0,0,0,0,0,0,120,2026-02-04 07:55:55.415313
WNTR,26.73,25.51,25.62,981900.0,869500.0,0,0,0,0,0,0,0,0,0,0,0,0,0,0,0,0,0,0,0,120,2026-02-04 07:55:55.415313
SPNG,23.6,23.6,23.75,1111100.0,1059400.0,0,0,0,0,0,0,0,0,0,0,0,0,0,0,0,0,0,0,0,121,2026-02-04 07:55:56.445319
SMMR,24.11,24.11,24.22,973300.0,1170900.0,0,0,0,0,0,0,0,0,0,0,0,0,0,0,0,0,0,0,0,121,2026-02-04 07:55:56.445319
ATMN,26.34,23.59,23.92,1062500.0,1197500.0,0,0,0,0,0,0,0,0,0,0,0,0,0,0,0,0,0,0,0,121,2026-02-04 07:55:56.445319
WNTR,25.62,25.54,25.62,1197800.0,869500.0,0,0,0,0,0,0,0,0,0,0,0,0,0,0,0,0,0,0,0,121,2026-02-04 07:55:56.445319
SPNG,23.6,23.6,23.97,1111100.0,2250.0,2250.0,915300.0,0,0,0,0,0,0,0,0,0,0,0,0,0,0,0,0,0,122,2026-02-04 07:55:56.978831
SMMR,24.04,24.04,24.19,964900.0,,,1270200.0,0,0,0,0,0,0,0,0,0,0,0,0,0,0,0,0,0,122,2026-02-04 07:55:56.978831
ATMN,23.59,23.59,23.86,1092000.0,,,1306500.0,0,0,0,0,0,0,0,0,0,0,0,0,0,0,0,0,0,122,2026-02-04 07:55:56.978831
WNTR,25.62,25.54,25.62,1305800.0,,,869500.0,0,0,0,0,0,0,0,0,0,0,0,0,0,0,0,0,0,122,2026-02-04 07:55:56.978831
SPNG,23.98,24.26,24.33,1243200.0,807400.0,,,0,0,0,0,0,0,0,0,0,0,0,0,0,0,0,0,0,123,2026-02-04 07:55:58.008970
SMMR,24.04,23.97,24.03,992000.0,1554000.0,,,0,0,0,0,0,0,0,0,0,0,0,0,0,0,0,0,0,123,2026-02-04 07:55:58.008970
ATMN,23.59,22.96,23.37,1281700.0,1596100.0,2250.0,2250.0,0,0,0,0,0,0,0,0,0,0,0,0,0,0,0,0,0,123,2026-02-04 07:55:58.008970
WNTR,25.65,25.76,25.98,1651000.0,857500.0,,,0,0,0,0,0,0,0,0,0,0,0,0,0,0,0,0,0,123,2026-02-04 07:55:58.008970
SPNG,23.28,23.39,23.84,1301300.0,917700.0,2250.0,,0,0,0,0,0,0,0,0,0,0,0,0,0,0,0,0,0,124,2026-02-04 07:55:59.039131
SMMR,24.13,23.97,24.08,1120500.0,1523500.0,,,0,0,0,0,0,0,0,0,0,0,0,0,0,0,0,0,0,124,2026-02-04 07:55:59.039131
ATMN,23.37,23.37,23.85,1624300.0,1452600.0,4500.0,4500.0,0,0,0,0,0,0,0,0,0,0,0,0,0,0,0,0,0,124,2026-02-04 07:55:59.039131
WNTR,25.98,25.81,25.98,1910000.0,857500.0,,,0,0,0,0,0,0,0,0,0,0,0,0,0,0,0,0,0,124,2026-02-04 07:55:59.039131
SPNG,23.28,23.28,23.83,1345600.0,4500.0,917700.0,,,,,0,0,0,0,0,0,0,0,0,0,0,0,0,0,125,2026-02-04 07:56:00.071936
SMMR,23.97,23.98,24.07,1242900.0,,1658400.0,7500.0,10000.0,7500.0,,0,0,0,0,0,0,0,0,0,0,0,0,0,0,125,2026-02-04 07:56:00.071936
ATMN,23.33,23.5,23.52,1637200.0,4500.0,1571600.0,,,,2250.0,0,0,0,0,0,0,0,0,0,0,0,0,0,0,125,2026-02-04 07:56:00.071936
WNTR,26.05,25.81,26.05,2145100.0,,831200.0,,,,,0,0,0,0,0,0,0,0,0,0,0,0,0,0,125,2026-02-04 07:56:00.071936
SPNG,23.28,23.28,23.82,1472000.0,10000.0,4500.0,7500.0,917700.0,,,0,0,0,0,0,0,0,0,0,0,0,0,0,0,126,2026-02-04 07:56:01.099464
SMMR,24.08,23.97,24.08,1121300.0,,,,1793800.0,,,0,0,0,0,0,0,0,0,0,0,0,0,0,0,126,2026-02-04 07:56:01.099464
ATMN,23.5,23.5,23.52,1763800.0,10000.0,6750.0,7500.0,1710800.0,7500.0,2250.0,0,0,0,0,0,0,0,0,0,0,0,0,0,0,126,2026-02-04 07:56:01.099464
WNTR,26.06,26.06,26.48,2224000.0,,,,788000.0,7500.0,,0,0,0,0,0,0,0,0,0,0,0,0,0,0,126,2026-02-04 07:56:01.099464
SPNG,24.15,23.28,23.8,1472000.0,2250.0,1038400.0,2250.0,0,0,0,0,0,0,0,0,0,0,0,0,0,0,0,0,0,127,2026-02-04 07:56:02.129895
SMMR,23.91,23.91,24.08,1014400.0,,1900300.0,,0,0,0,0,0,0,0,0,0,0,0,0,0,0,0,0,0,127,2026-02-04 07:56:02.129895
ATMN,23.52,23.66,23.71,1891500.0,4500.0,1818500.0,9000.0,0,0,0,0,0,0,0,0,0,0,0,0,0,0,0,0,0,127,2026-02-04 07:56:02.129895
WNTR,26.48,26.59,27.04,2308400.0,,893900.0,,0,0,0,0,0,0,0,0,0,0,0,0,0,0,0,0,0,127,2026-02-04 07:56:02.129895
SPNG,24.15,23.29,23.63,10000.0,1752300.0,4500.0,1170900.0,4500.0,,0,0,0,0,0,0,0,0,0,0,0,0,0,0,0,128,2026-02-04 07:56:03.156552
SMMR,24.09,24.03,24.07,10000.0,1147400.0,,1921100.0,,10000.0,0,0,0,0,0,0,0,0,0,0,0,0,0,0,0,128,2026-02-04 07:56:03.156552
ATMN,23.52,23.67,23.7,10000.0,1891500.0,4500.0,1802200.0,9000.0,10000.0,0,0,0,0,0,0,0,0,0,0,0,0,0,0,0,128,2026-02-04 07:56:03.156552
WNTR,26.63,26.59,26.63,,2252900.0,,1114300.0,,,0,0,0,0,0,0,0,0,0,0,0,0,0,0,0,128,2026-02-04 07:56:03.156552
SPNG,23.68,23.28,23.42,1752300.0,4500.0,1161800.0,4500.0,,,0,0,0,0,0,0,0,0,0,0,0,0,0,0,0,129,2026-02-04 07:56:04.182448
SMMR,24.09,24.04,24.05,1372000.0,,2186800.0,,3750.0,3750.0,0,0,0,0,0,0,0,0,0,0,0,0,0,0,0,129,2026-02-04 07:56:04.182448
ATMN,23.71,23.42,23.71,1770500.0,2250.0,1900800.0,9000.0,,,0,0,0,0,0,0,0,0,0,0,0,0,0,0,0,129,2026-02-04 07:56:04.182448
WNTR,26.56,26.37,26.54,2320800.0,,1021200.0,,,,0,0,0,0,0,0,0,0,0,0,0,0,0,0,0,129,2026-02-04 07:56:04.182448
SPNG,23.25,23.25,23.8,1612300.0,2250.0,1142700.0,6750.0,,,0,0,0,0,0,0,0,0,0,0,0,0,0,0,0,130,2026-02-04 07:56:05.211687
SMMR,23.99,23.99,24.05,1343500.0,,2298900.0,,3750.0,,0,0,0,0,0,0,0,0,0,0,0,0,0,0,0,130,2026-02-04 07:56:05.211687
ATMN,23.42,23.42,23.71,1886100.0,,1809600.0,11250.0,,,0,0,0,0,0,0,0,0,0,0,0,0,0,0,0,130,2026-02-04 07:56:05.211687
WNTR,27.17,26.6,26.75,2197300.0,,1016100.0,,,3750.0,0,0,0,0,0,0,0,0,0,0,0,0,0,0,0,130,2026-02-04 07:56:05.211687
SPNG,23.25,23.25,23.54,1722100.0,4500.0,1396400.0,9000.0,,0,0,0,0,0,0,0,0,0,0,0,0,0,0,0,0,131,2026-02-04 07:56:06.247654
SMMR,24.05,23.99,24.05,1472900.0,,2399600.0,,,0,0,0,0,0,0,0,0,0,0,0,0,0,0,0,0,131,2026-02-04 07:56:06.247654
ATMN,23.39,23.43,23.71,1764400.0,,1838300.0,11250.0,10000.0,0,0,0,0,0,0,0,0,0,0,0,0,0,0,0,0,131,2026-02-04 07:56:06.247654
WNTR,26.75,26.82,26.83,2280400.0,,916300.0,,,0,0,0,0,0,0,0,0,0,0,0,0,0,0,0,0,131,2026-02-04 07:56:06.247654
SPNG,23.54,23.44,23.53,6750.0,2053300.0,10000.0,11250.0,1396400.0,0,0,0,0,0,0,0,0,0,0,0,0,0,0,0,0,132,2026-02-04 07:56:07.286072
SMMR,24.05,23.98,24.05,,1351200.0,,,2399600.0,0,0,0,0,0,0,0,0,0,0,0,0,0,0,0,0,132,2026-02-04 07:56:07.286072
ATMN,23.81,23.39,23.81,,1870000.0,,11250.0,1828600.0,0,0,0,0,0,0,0,0,0,0,0,0,0,0,0,0,132,2026-02-04 07:56:07.286072
WNTR,26.82,26.82,26.83,,2280400.0,,,1123700.0,0,0,0,0,0,0,0,0,0,0,0,0,0,0,0,0,132,2026-02-04 07:56:07.286072
SPNG,23.53,23.74,23.8,2150300.0,6750.0,312.0,1257100.0,9000.0,,,0,0,0,0,0,0,0,0,0,0,0,0,0,0,133,2026-02-04 07:56:08.317905
SMMR,23.98,23.98,24.03,1490300.0,,,2206200.0,,10000.0,3750.0,0,0,0,0,0,0,0,0,0,0,0,0,0,0,133,2026-02-04 07:56:08.317905
ATMN,23.82,23.46,23.82,1978500.0,,312.0,1690400.0,13500.0,,,0,0,0,0,0,0,0,0,0,0,0,0,0,0,133,2026-02-04 07:56:08.317905
WNTR,26.82,26.82,26.83,2280400.0,,,1471400.0,,,,0,0,0,0,0,0,0,0,0,0,0,0,0,0,133,2026-02-04 07:56:08.317905
SPNG,23.53,23.74,23.75,2150300.0,9000.0,1605900.0,11250.0,,,0,0,0,0,0,0,0,0,0,0,0,0,0,0,0,134,2026-02-04 07:56:09.346840
SMMR,23.9,23.99,24.02,1479200.0,,2300900.0,,2500.0,10000.0,0,0,0,0,0,0,0,0,0,0,0,0,0,0,0,134,2026-02-04 07:56:09.346840
ATMN,23.47,23.46,23.47,2089900.0,,1692600.0,13500.0,,,0,0,0,0,0,0,0,0,0,0,0,0,0,0,0,134,2026-02-04 07:56:09.346840
WNTR,26.75,26.57,26.75,2320400.0,,1713800.0,,,,0,0,0,0,0,0,0,0,0,0,0,0,0,0,0,134,2026-02-04 07:56:09.346840
SPNG,23.73,23.46,23.72,10000.0,11250.0,1850400.0,10000.0,1407800.0,13500.0,,0,0,0,0,0,0,0,0,0,0,0,0,0,0,135,2026-02-04 07:56:10.376575
SMMR,24.06,23.98,24.06,,,1479200.0,,2392000.0,,,0,0,0,0,0,0,0,0,0,0,0,0,0,0,135,2026-02-04 07:56:10.376575
ATMN,23.72,23.47,23.72,,2250.0,2089900.0,,1727200.0,13500.0,312.0,0,0,0,0,0,0,0,0,0,0,0,0,0,0,135,2026-02-04 07:56:10.376575
WNTR,26.75,26.72,26.75,,,2182200.0,,1937500.0,,5625.0,0,0,0,0,0,0,0,0,0,0,0,0,0,0,135,2026-02-04 07:56:10.376575
SPNG,23.75,23.47,23.71,4765.0,1831800.0,2250.0,4765.0,1391400.0,13500.0,,,0,0,0,0,0,0,0,0,0,0,0,0,0,136,2026-02-04 07:56:11.402675
SMMR,24.08,23.99,24.08,,1592300.0,,,2401200.0,,10000.0,,0,0,0,0,0,0,0,0,0,0,0,0,0,136,2026-02-04 07:56:11.402675
ATMN,23.72,23.48,23.7,,2089900.0,2250.0,,1502500.0,15750.0,10000.0,10000.0,0,0,0,0,0,0,0,0,0,0,0,0,0,136,2026-02-04 07:56:11.402675
WNTR,26.57,26.57,26.75,,2320400.0,,,1937500.0,,,,0,0,0,0,0,0,0,0,0,0,0,0,0,136,2026-02-04 07:56:11.402675
SPNG,23.47,23.28,23.74,2076200.0,15750.0,1391400.0,,,0,0,0,0,0,0,0,0,0,0,0,0,0,0,0,0,137,2026-02-04 07:56:12.427669
SMMR,23.9,24.02,24.08,1618700.0,,2401200.0,10000.0,,0,0,0,0,0,0,0,0,0,0,0,0,0,0,0,0,137,2026-02-04 07:56:12.427669
ATMN,23.46,23.39,23.41,1981400.0,18000.0,1531000.0,,,0,0,0,0,0,0,0,0,0,0,0,0,0,0,0,0,137,2026-02-04 07:56:12.427669
WNTR,26.57,26.38,26.47,2296800.0,1500.0,1999100.0,,5625.0,0,0,0,0,0,0,0,0,0,0,0,0,0,0,0,0,137,2026-02-04 07:56:12.427669
SPNG,23.28,23.28,23.8,2222400.0,1394900.0,15750.0,,0,0,0,0,0,0,0,0,0,0,0,0,0,0,0,0,0,138,2026-02-04 07:56:13.459491
SMMR,24.12,24.02,24.12,1724300.0,2272500.0,,,0,0,0,0,0,0,0,0,0,0,0,0,0,0,0,0,0,138,2026-02-04 07:56:13.459491
ATMN,23.41,23.39,23.41,2399200.0,1531000.0,18000.0,,0,0,0,0,0,0,0,0,0,0,0,0,0,0,0,0,0,138,2026-02-04 07:56:13.459491
WNTR,26.61,26.38,26.47,2275800.0,2064800.0,,5625.0,0,0,0,0,0,0,0,0,0,0,0,0,0,0,0,0,0,138,2026-02-04 07:56:13.459491
SPNG,23.97,23.29,23.73,10000.0,2602100.0,10000.0,9000.0,1490800.0,,0,0,0,0,0,0,0,0,0,0,0,0,0,0,0,139,2026-02-04 07:56:14.498526
SMMR,24.13,24.03,24.04,10000.0,1724300.0,10000.0,,2251800.0,,0,0,0,0,0,0,0,0,0,0,0,0,0,0,0,139,2026-02-04 07:56:14.498526
ATMN,23.41,23.39,23.41,,2537100.0,,18000.0,1559600.0,,0,0,0,0,0,0,0,0,0,0,0,0,0,0,0,139,2026-02-04 07:56:14.498526
WNTR,26.61,26.53,26.61,,2178500.0,,,2043200.0,3496.0,0,0,0,0,0,0,0,0,0,0,0,0,0,0,0,139,2026-02-04 07:56:14.498526
SPNG,23.97,23.28,23.69,2727100.0,1599300.0,9000.0,,,0,0,0,0,0,0,0,0,0,0,0,0,0,0,0,0,140,2026-02-04 07:56:15.529345
SMMR,23.96,23.96,24.03,1595800.0,2269600.0,,3496.0,,0,0,0,0,0,0,0,0,0,0,0,0,0,0,0,0,140,2026-02-04 07:56:15.529345
ATMN,23.29,23.29,23.7,2279200.0,1640000.0,15750.0,,,0,0,0,0,0,0,0,0,0,0,0,0,0,0,0,0,140,2026-02-04 07:56:15.529345
WNTR,26.57,26.53,26.57,2186400.0,2056900.0,,3496.0,3496.0,0,0,0,0,0,0,0,0,0,0,0,0,0,0,0,0,140,2026-02-04 07:56:15.529345
SPNG,24.02,23.3,23.86,1989.0,2406100.0,2250.0,1523900.0,6750.0,,0,0,0,0,0,0,0,0,0,0,0,0,0,0,0,141,2026-02-04 07:56:16.556323
SMMR,23.96,23.96,24.0,,1738300.0,,2402700.0,,,0,0,0,0,0,0,0,0,0,0,0,0,0,0,0,141,2026-02-04 07:56:16.556323
ATMN,23.29,23.4,23.53,1989.0,2368000.0,2250.0,1417200.0,18000.0,1989.0,0,0,0,0,0,0,0,0,0,0,0,0,0,0,0,141,2026-02-04 07:56:16.556323
WNTR,26.53,26.54,26.59,,2186400.0,1500.0,1934800.0,,1989.0,0,0,0,0,0,0,0,0,0,0,0,0,0,0,0,141,2026-02-04 07:56:16.556323
SPNG,23.86,23.74,23.86,4500.0,2350700.0,1771400.0,,,0,0,0,0,0,0,0,0,0,0,0,0,0,0,0,0,142,2026-02-04 07:56:17.585428
SMMR,24.03,23.93,24.0,,1632700.0,2269600.0,3496.0,,0,0,0,0,0,0,0,0,0,0,0,0,0,0,0,0,142,2026-02-04 07:56:17.585428
ATMN,23.53,23.66,23.69,2250.0,2514200.0,1532600.0,,18000.0,0,0,0,0,0,0,0,0,0,0,0,0,0,0,0,0,142,2026-02-04 07:56:17.585428
WNTR,26.57,26.54,26.57,1500.0,2186400.0,2074600.0,1989.0,,0,0,0,0,0,0,0,0,0,0,0,0,0,0,0,0,142,2026-02-04 07:56:17.585428
SPNG,23.48,23.73,23.85,2540700.0,2250.0,10000.0,1771400.0,,,,0,0,0,0,0,0,0,0,0,0,0,0,0,0,143,2026-02-04 07:56:18.108840
SMMR,24.0,24.01,24.03,1737200.0,,,2377600.0,,,,0,0,0,0,0,0,0,0,0,0,0,0,0,0,143,2026-02-04 07:56:18.108840
ATMN,23.29,23.66,23.68,2046700.0,4500.0,10000.0,1257100.0,1989.0,10000.0,20250.0,0,0,0,0,0,0,0,0,0,0,0,0,0,0,143,2026-02-04 07:56:18.108840
WNTR,26.66,26.55,26.66,2178500.0,1500.0,,2045500.0,,,,0,0,0,0,0,0,0,0,0,0,0,0,0,0,143,2026-02-04 07:56:18.108840
SPNG,23.87,23.5,23.86,4500.0,2405900.0,2250.0,1634000.0,0,0,0,0,0,0,0,0,0,0,0,0,0,0,0,0,0,144,2026-02-04 07:56:19.141189
SMMR,24.04,23.93,24.04,,1632700.0,,2381300.0,0,0,0,0,0,0,0,0,0,0,0,0,0,0,0,0,0,144,2026-02-04 07:56:19.141189
ATMN,23.29,23.4,23.69,4500.0,2332900.0,20250.0,1386100.0,0,0,0,0,0,0,0,0,0,0,0,0,0,0,0,0,0,144,2026-02-04 07:56:19.141189
WNTR,26.82,26.55,26.82,1500.0,2156600.0,,1810500.0,0,0,0,0,0,0,0,0,0,0,0,0,0,0,0,0,0,144,2026-02-04 07:56:19.141189
SPNG,24.07,23.5,23.98,4500.0,2405900.0,1640900.0,,,0,0,0,0,0,0,0,0,0,0,0,0,0,0,0,0,145,2026-02-04 07:56:20.170882
SMMR,24.13,23.94,23.96,,1604600.0,2230100.0,10000.0,,0,0,0,0,0,0,0,0,0,0,0,0,0,0,0,0,145,2026-02-04 07:56:20.170882
ATMN,23.29,23.67,23.69,4500.0,2311000.0,1386100.0,,20250.0,0,0,0,0,0,0,0,0,0,0,0,0,0,0,0,0,145,2026-02-04 07:56:20.170882
WNTR,26.82,26.6,26.67,1500.0,2135400.0,2067800.0,,,0,0,0,0,0,0,0,0,0,0,0,0,0,0,0,0,145,2026-02-04 07:56:20.170882
SPNG,23.49,23.49,23.82,2452400.0,2250.0,2698.0,1640900.0,,,0,0,0,0,0,0,0,0,0,0,0,0,0,0,0,146,2026-02-04 07:56:21.199301
SMMR,24.15,23.94,24.15,1604600.0,,,2206500.0,2698.0,,0,0,0,0,0,0,0,0,0,0,0,0,0,0,0,146,2026-02-04 07:56:21.199301
ATMN,23.29,23.66,23.69,2172300.0,6750.0,,1386100.0,,20250.0,0,0,0,0,0,0,0,0,0,0,0,0,0,0,0,146,2026-02-04 07:56:21.199301
WNTR,26.55,26.55,26.67,2041700.0,1500.0,,2193300.0,1989.0,,0,0,0,0,0,0,0,0,0,0,0,0,0,0,0,146,2026-02-04 07:56:21.199301
SPNG,23.22,23.22,24.08,2701000.0,1492300.0,,,,,,,0,0,0,0,0,0,0,0,0,0,0,0,0,147,2026-02-04 07:56:22.224604
SMMR,24.14,23.95,24.06,1604600.0,2218200.0,10000.0,10000.0,,,,,0,0,0,0,0,0,0,0,0,0,0,0,0,147,2026-02-04 07:56:22.224604
ATMN,23.29,23.3,23.38,2058700.0,1385700.0,,,2152.0,6750.0,2152.0,18000.0,0,0,0,0,0,0,0,0,0,0,0,0,0,147,2026-02-04 07:56:22.224604
WNTR,26.55,26.55,26.57,2171100.0,2222000.0,,,,1500.0,,,0,0,0,0,0,0,0,0,0,0,0,0,0,147,2026-02-04 07:56:22.224604
SPNG,24.08,23.63,23.85,2297300.0,2250.0,4260.0,1590800.0,2250.0,,0,0,0,0,0,0,0,0,0,0,0,0,0,0,0,148,2026-02-04 07:56:23.254088
SMMR,24.14,23.96,24.06,1734200.0,,2698.0,2340300.0,,9400.0,0,0,0,0,0,0,0,0,0,0,0,0,0,0,0,148,2026-02-04 07:56:23.254088
ATMN,23.48,23.48,23.68,2058700.0,9000.0,,1397600.0,20250.0,,0,0,0,0,0,0,0,0,0,0,0,0,0,0,0,148,2026-02-04 07:56:23.254088
WNTR,26.69,26.55,26.66,2125100.0,1500.0,,2238500.0,,,0,0,0,0,0,0,0,0,0,0,0,0,0,0,0,148,2026-02-04 07:56:23.254088
SPNG,24.08,23.64,24.08,600.0,2102100.0,4500.0,1376900.0,,0,0,0,0,0,0,0,0,0,0,0,0,0,0,0,0,149,2026-02-04 07:56:24.281411
SMMR,23.96,23.96,24.01,,1843700.0,,2385200.0,,0,0,0,0,0,0,0,0,0,0,0,0,0,0,0,0,149,2026-02-04 07:56:24.281411
ATMN,23.38,23.29,23.38,,2065300.0,9000.0,1397600.0,20250.0,0,0,0,0,0,0,0,0,0,0,0,0,0,0,0,0,149,2026-02-04 07:56:24.281411
WNTR,26.69,26.61,26.66,,2087300.0,1500.0,2222600.0,,0,0,0,0,0,0,0,0,0,0,0,0,0,0,0,0,149,2026-02-04 07:56:24.281411
SPNG,23.64,23.42,23.6,2618800.0,1507700.0,,,,0,0,0,0,0,0,0,0,0,0,0,0,0,0,0,0,150,2026-02-04 07:56:25.307130
SMMR,24.01,23.96,24.01,1977900.0,2380200.0,,,,0,0,0,0,0,0,0,0,0,0,0,0,0,0,0,0,150,2026-02-04 07:56:25.307130
ATMN,23.68,23.64,23.67,1797700.0,1390700.0,2311.0,11250.0,20250.0,0,0,0,0,0,0,0,0,0,0,0,0,0,0,0,0,150,2026-02-04 07:56:25.307130
WNTR,26.57,26.55,26.57,2096200.0,2249400.0,,1500.0,,0,0,0,0,0,0,0,0,0,0,0,0,0,0,0,0,150,2026-02-04 07:56:25.307130
SPNG,23.6,23.88,24.08,2072400.0,2250.0,10000.0,5937.0,1376900.0,2250.0,0,0,0,0,0,0,0,0,0,0,0,0,0,0,0,151,2026-02-04 07:56:26.336207
SMMR,23.84,23.85,23.88,1629400.0,,9400.0,,2358100.0,,0,0,0,0,0,0,0,0,0,0,0,0,0,0,0,151,2026-02-04 07:56:26.336207
ATMN,23.68,23.65,23.67,1797700.0,13500.0,,,1377000.0,20250.0,0,0,0,0,0,0,0,0,0,0,0,0,0,0,0,151,2026-02-04 07:56:26.336207
WNTR,26.57,26.55,26.57,2096400.0,1500.0,,,2262800.0,,0,0,0,0,0,0,0,0,0,0,0,0,0,0,0,151,2026-02-04 07:56:26.336207
SPNG,23.42,23.44,24.19,2250.0,2357200.0,1271700.0,2250.0,0,0,0,0,0,0,0,0,0,0,0,0,0,0,0,0,0,152,2026-02-04 07:56:27.368359
SMMR,23.96,23.89,23.96,,1879600.0,2380600.0,,0,0,0,0,0,0,0,0,0,0,0,0,0,0,0,0,0,152,2026-02-04 07:56:27.368359
ATMN,23.27,23.27,23.67,,2646700.0,1380100.0,20250.0,0,0,0,0,0,0,0,0,0,0,0,0,0,0,0,0,0,152,2026-02-04 07:56:27.368359
WNTR,26.53,26.53,26.6,,2239300.0,2223100.0,,0,0,0,0,0,0,0,0,0,0,0,0,0,0,0,0,0,152,2026-02-04 07:56:27.368359
SPNG,23.6,23.73,24.19,2210400.0,2250.0,5937.0,1271700.0,2250.0,,0,0,0,0,0,0,0,0,0,0,0,0,0,0,0,153,2026-02-04 07:56:28.397459
SMMR,23.92,23.92,23.95,1883400.0,,3402.0,2133300.0,1500.0,3402.0,0,0,0,0,0,0,0,0,0,0,0,0,0,0,0,153,2026-02-04 07:56:28.397459
ATMN,23.27,23.27,23.66,2646700.0,,,1380100.0,20250.0,,0,0,0,0,0,0,0,0,0,0,0,0,0,0,0,153,2026-02-04 07:56:28.397459
WNTR,26.66,26.54,26.59,2110900.0,,3402.0,2132300.0,1500.0,,0,0,0,0,0,0,0,0,0,0,0,0,0,0,0,153,2026-02-04 07:56:28.397459
SPNG,23.6,23.52,23.6,4500.0,2052600.0,5937.0,1391200.0,4500.0,,,,0,0,0,0,0,0,0,0,0,0,0,0,0,154,2026-02-04 07:56:29.428401
SMMR,23.82,23.82,23.94,,1520500.0,,2169700.0,3000.0,,,,0,0,0,0,0,0,0,0,0,0,0,0,0,154,2026-02-04 07:56:29.428401
ATMN,23.64,23.28,23.64,,2350700.0,882.0,1268100.0,18000.0,1200.0,600.0,882.0,0,0,0,0,0,0,0,0,0,0,0,0,0,154,2026-02-04 07:56:29.428401
WNTR,26.5,26.5,26.51,,2244000.0,,2125000.0,1500.0,,,,0,0,0,0,0,0,0,0,0,0,0,0,0,154,2026-02-04 07:56:29.428401
SPNG,23.6,23.53,23.59,10000.0,6750.0,1904700.0,10000.0,1391200.0,4500.0,,,0,0,0,0,0,0,0,0,0,0,0,0,0,155,2026-02-04 07:56:30.456289
SMMR,23.94,23.93,23.94,10000.0,,1532500.0,,2169700.0,3000.0,,,0,0,0,0,0,0,0,0,0,0,0,0,0,155,2026-02-04 07:56:30.456289
ATMN,23.62,23.29,23.62,600.0,,2372400.0,,1413200.0,18000.0,2666.0,2666.0,0,0,0,0,0,0,0,0,0,0,0,0,0,155,2026-02-04 07:56:30.456289
WNTR,26.69,26.5,26.69,,,2244000.0,,2171000.0,,,,0,0,0,0,0,0,0,0,0,0,0,0,0,155,2026-02-04 07:56:30.456289
SPNG,23.52,23.51,23.52,2275700.0,2250.0,1522600.0,6750.0,,,0,0,0,0,0,0,0,0,0,0,0,0,0,0,0,156,2026-02-04 07:56:31.484176
SMMR,23.94,23.93,23.94,1532500.0,,2048700.0,3000.0,3402.0,,0,0,0,0,0,0,0,0,0,0,0,0,0,0,0,156,2026-02-04 07:56:31.484176
ATMN,23.7,23.29,23.69,2501900.0,,2216700.0,4500.0,,2666.0,0,0,0,0,0,0,0,0,0,0,0,0,0,0,0,156,2026-02-04 07:56:31.484176
WNTR,26.76,26.5,26.76,2111200.0,1500.0,2176000.0,,,,0,0,0,0,0,0,0,0,0,0,0,0,0,0,0,156,2026-02-04 07:56:31.484176
SPNG,23.51,23.51,24.07,2275700.0,2250.0,1370400.0,,,,0,0,0,0,0,0,0,0,0,0,0,0,0,0,0,157,2026-02-04 07:56:32.512854
SMMR,23.92,23.79,23.87,1653800.0,,2056600.0,3000.0,3402.0,,0,0,0,0,0,0,0,0,0,0,0,0,0,0,0,157,2026-02-04 07:56:32.512854
ATMN,23.26,23.49,23.69,2314200.0,2250.0,2111400.0,6750.0,,600.0,0,0,0,0,0,0,0,0,0,0,0,0,0,0,0,157,2026-02-04 07:56:32.512854
WNTR,26.76,26.5,26.59,2106200.0,1500.0,2181600.0,,,,0,0,0,0,0,0,0,0,0,0,0,0,0,0,0,157,2026-02-04 07:56:32.512854
SPNG,23.51,23.52,23.91,8800.0,2031100.0,4500.0,2250.0,1733700.0,8800.0,,,0,0,0,0,0,0,0,0,0,0,0,0,0,158,2026-02-04 07:56:33.542515
SMMR,23.92,23.79,23.87,,1994700.0,,3000.0,2056600.0,,3402.0,,0,0,0,0,0,0,0,0,0,0,0,0,0,158,2026-02-04 07:56:33.542515
ATMN,23.37,23.37,23.69,,2318400.0,2250.0,6750.0,2132200.0,,,3548.0,0,0,0,0,0,0,0,0,0,0,0,0,0,158,2026-02-04 07:56:33.542515
WNTR,26.59,26.61,26.76,,2030900.0,1500.0,,2165900.0,,,1348.0,0,0,0,0,0,0,0,0,0,0,0,0,0,158,2026-02-04 07:56:33.542515
SPNG,23.47,23.64,23.91,1965700.0,524.0,4500.0,2250.0,524.0,1733700.0,,,0,0,0,0,0,0,0,0,0,0,0,0,0,159,2026-02-04 07:56:34.575360
SMMR,23.92,23.8,23.86,2300200.0,,,3000.0,3402.0,1950700.0,10000.0,10000.0,0,0,0,0,0,0,0,0,0,0,0,0,0,159,2026-02-04 07:56:34.575360
ATMN,23.37,23.38,23.69,2343300.0,,4500.0,9000.0,,1958800.0,,,0,0,0,0,0,0,0,0,0,0,0,0,0,159,2026-02-04 07:56:34.575360
WNTR,26.56,26.52,26.55,2013600.0,,1500.0,,,2089500.0,10000.0,10000.0,0,0,0,0,0,0,0,0,0,0,0,0,0,159,2026-02-04 07:56:34.575360
SPNG,23.82,23.45,23.46,6750.0,1974400.0,1850300.0,4500.0,,,,0,0,0,0,0,0,0,0,0,0,0,0,0,0,160,2026-02-04 07:56:35.612164
SMMR,23.78,23.78,23.86,,2437300.0,2173900.0,1500.0,3402.0,,,0,0,0,0,0,0,0,0,0,0,0,0,0,0,160,2026-02-04 07:56:35.612164
ATMN,23.32,23.39,23.69,2250.0,2267900.0,1958800.0,9000.0,,600.0,3548.0,0,0,0,0,0,0,0,0,0,0,0,0,0,0,160,2026-02-04 07:56:35.612164
WNTR,26.49,26.49,26.56,,2260000.0,2189500.0,,,,,0,0,0,0,0,0,0,0,0,0,0,0,0,0,160,2026-02-04 07:56:35.612164
SPNG,23.82,23.45,23.46,6750.0,1974400.0,1850300.0,4500.0,,,0,0,0,0,0,0,0,0,0,0,0,0,0,0,0,161,2026-02-04 07:56:36.640358
SMMR,23.77,23.83,23.87,,2396800.0,2276900.0,1500.0,,,0,0,0,0,0,0,0,0,0,0,0,0,0,0,0,161,2026-02-04 07:56:36.640358
ATMN,23.22,23.22,23.68,,2633100.0,1848500.0,11250.0,,,0,0,0,0,0,0,0,0,0,0,0,0,0,0,0,161,2026-02-04 07:56:36.640358
WNTR,26.48,26.5,26.55,,2155100.0,2123400.0,,4781.0,4781.0,0,0,0,0,0,0,0,0,0,0,0,0,0,0,0,161,2026-02-04 07:56:36.640358
SPNG,23.82,23.45,23.46,9000.0,1859900.0,1850300.0,6750.0,,0,0,0,0,0,0,0,0,0,0,0,0,0,0,0,0,162,2026-02-04 07:56:37.670880
SMMR,23.83,23.83,23.96,,2396800.0,2230400.0,1500.0,,0,0,0,0,0,0,0,0,0,0,0,0,0,0,0,0,162,2026-02-04 07:56:37.670880
ATMN,23.64,23.22,23.64,2250.0,2481400.0,1705300.0,13500.0,,0,0,0,0,0,0,0,0,0,0,0,0,0,0,0,0,162,2026-02-04 07:56:37.670880
WNTR,26.48,26.54,26.61,,2325900.0,2123400.0,,5417.0,0,0,0,0,0,0,0,0,0,0,0,0,0,0,0,0,162,2026-02-04 07:56:37.670880
SPNG,23.54,23.45,23.54,11250.0,1754200.0,1864200.0,2250.0,0,0,0,0,0,0,0,0,0,0,0,0,0,0,0,0,0,163,2026-02-04 07:56:38.708130
SMMR,23.87,24.0,24.01,1500.0,2288200.0,2351500.0,,0,0,0,0,0,0,0,0,0,0,0,0,0,0,0,0,0,163,2026-02-04 07:56:38.708130
ATMN,23.21,23.21,23.7,,2642500.0,2345500.0,2250.0,0,0,0,0,0,0,0,0,0,0,0,0,0,0,0,0,0,163,2026-02-04 07:56:38.708130
WNTR,26.72,26.72,26.76,,2314200.0,2193300.0,,0,0,0,0,0,0,0,0,0,0,0,0,0,0,0,0,0,163,2026-02-04 07:56:38.708130
SPNG,23.79,23.79,23.92,1783200.0,11250.0,1836500.0,2250.0,,0,0,0,0,0,0,0,0,0,0,0,0,0,0,0,0,164,2026-02-04 07:56:39.740182
SMMR,23.87,23.83,23.86,2396800.0,,2332500.0,,,0,0,0,0,0,0,0,0,0,0,0,0,0,0,0,0,164,2026-02-04 07:56:39.740182
ATMN,23.68,23.68,23.7,2492700.0,,2248100.0,4500.0,1196.0,0,0,0,0,0,0,0,0,0,0,0,0,0,0,0,0,164,2026-02-04 07:56:39.740182
WNTR,26.79,26.72,26.79,2214600.0,,2171900.0,,1196.0,0,0,0,0,0,0,0,0,0,0,0,0,0,0,0,0,164,2026-02-04 07:56:39.740182
SPNG,23.92,23.45,23.92,13500.0,1648300.0,1836500.0,,,0,0,0,0,0,0,0,0,0,0,0,0,0,0,0,0,165,2026-02-04 07:56:40.273019
SMMR,23.86,23.91,24.01,,2388900.0,2338500.0,,,0,0,0,0,0,0,0,0,0,0,0,0,0,0,0,0,165,2026-02-04 07:56:40.273019
ATMN,23.68,23.21,23.5,,2642500.0,2120700.0,4500.0,10000.0,0,0,0,0,0,0,0,0,0,0,0,0,0,0,0,0,165,2026-02-04 07:56:40.273019
WNTR,26.72,26.54,26.66,,2325900.0,2198500.0,,,0,0,0,0,0,0,0,0,0,0,0,0,0,0,0,0,165,2026-02-04 07:56:40.273019
SPNG,23.42,23.42,23.88,2342300.0,2072100.0,887.0,,,0,0,0,0,0,0,0,0,0,0,0,0,0,0,0,0,166,2026-02-04 07:56:41.302915
SMMR,23.86,23.91,24.01,2398900.0,2385500.0,,,,0,0,0,0,0,0,0,0,0,0,0,0,0,0,0,0,166,2026-02-04 07:56:41.302915
ATMN,23.7,23.25,23.7,2490600.0,2248100.0,,2250.0,4500.0,0,0,0,0,0,0,0,0,0,0,0,0,0,0,0,0,166,2026-02-04 07:56:41.302915
WNTR,26.66,26.54,26.65,2296700.0,2198600.0,,,,0,0,0,0,0,0,0,0,0,0,0,0,0,0,0,0,166,2026-02-04 07:56:41.302915
SPNG,23.42,23.46,23.88,4728.0,2109700.0,2250.0,2219900.0,,,,0,0,0,0,0,0,0,0,0,0,0,0,0,0,167,2026-02-04 07:56:42.333260
SMMR,24.04,23.92,23.98,4728.0,2152700.0,,2224900.0,10000.0,10000.0,,0,0,0,0,0,0,0,0,0,0,0,0,0,0,167,2026-02-04 07:56:42.333260
ATMN,23.25,23.25,23.7,4728.0,2376800.0,2250.0,2101200.0,,,6750.0,0,0,0,0,0,0,0,0,0,0,0,0,0,0,167,2026-02-04 07:56:42.333260
WNTR,26.65,26.58,26.65,,2330200.0,,2224300.0,,,,0,0,0,0,0,0,0,0,0,0,0,0,0,0,167,2026-02-04 07:56:42.333260
SPNG,23.42,23.73,23.74,2156300.0,4728.0,2250.0,2121400.0,4728.0,,0,0,0,0,0,0,0,0,0,0,0,0,0,0,0,168,2026-02-04 07:56:43.362821
SMMR,23.82,23.82,23.95,2400600.0,,,2349400.0,,,0,0,0,0,0,0,0,0,0,0,0,0,0,0,0,168,2026-02-04 07:56:43.362821
ATMN,23.2,23.25,23.48,2470200.0,,2250.0,1869000.0,4728.0,9000.0,0,0,0,0,0,0,0,0,0,0,0,0,0,0,0,168,2026-02-04 07:56:43.362821
WNTR,26.65,26.58,26.65,2160700.0,4728.0,,2127700.0,4728.0,,0,0,0,0,0,0,0,0,0,0,0,0,0,0,0,168,2026-02-04 07:56:43.362821
SPNG,23.73,23.73,23.74,2262200.0,2250.0,2234800.0,,0,0,0,0,0,0,0,0,0,0,0,0,0,0,0,0,0,169,2026-02-04 07:56:44.391286
SMMR,23.82,23.91,23.95,2414700.0,,2331900.0,,0,0,0,0,0,0,0,0,0,0,0,0,0,0,0,0,0,169,2026-02-04 07:56:44.391286
ATMN,23.24,23.24,23.52,2621900.0,,1989800.0,9000.0,0,0,0,0,0,0,0,0,0,0,0,0,0,0,0,0,0,169,2026-02-04 07:56:44.391286
WNTR,26.58,26.58,26.65,2263300.0,,2227700.0,,0,0,0,0,0,0,0,0,0,0,0,0,0,0,0,0,0,169,2026-02-04 07:56:44.391286
SPNG,23.75,23.73,23.75,2284700.0,2250.0,2222500.0,,,,,0,0,0,0,0,0,0,0,0,0,0,0,0,0,170,2026-02-04 07:56:45.419497
SMMR,23.74,23.74,23.95,2327400.0,,2363700.0,,,,,0,0,0,0,0,0,0,0,0,0,0,0,0,0,170,2026-02-04 07:56:45.419497
ATMN,23.43,23.2,23.34,2637900.0,,1637600.0,10000.0,11250.0,1418.0,,0,0,0,0,0,0,0,0,0,0,0,0,0,0,170,2026-02-04 07:56:45.419497
WNTR,26.58,26.59,26.64,2158700.0,,2140000.0,,,1418.0,1418.0,0,0,0,0,0,0,0,0,0,0,0,0,0,0,170,2026-02-04 07:56:45.419497
SPNG,23.92,23.74,23.92,4500.0,2184300.0,2192900.0,,,0,0,0,0,0,0,0,0,0,0,0,0,0,0,0,0,171,2026-02-04 07:56:46.447335
SMMR,23.95,23.74,23.76,,2465400.0,2332600.0,,,0,0,0,0,0,0,0,0,0,0,0,0,0,0,0,0,171,2026-02-04 07:56:46.447335
ATMN,23.33,23.2,23.33,2250.0,2493700.0,1637600.0,13500.0,10000.0,0,0,0,0,0,0,0,0,0,0,0,0,0,0,0,0,171,2026-02-04 07:56:46.447335
WNTR,26.66,26.58,26.66,,2288700.0,2194200.0,,,0,0,0,0,0,0,0,0,0,0,0,0,0,0,0,0,171,2026-02-04 07:56:46.447335
SPNG,23.73,23.74,23.91,10000.0,1956800.0,887.0,4500.0,2250.0,10000.0,1932600.0,,0,0,0,0,0,0,0,0,0,0,0,0,0,172,2026-02-04 07:56:47.473776
SMMR,23.76,23.79,23.94,,2293700.0,4943.0,,,,2203600.0,4943.0,0,0,0,0,0,0,0,0,0,0,0,0,0,172,2026-02-04 07:56:47.473776
ATMN,23.34,23.34,23.44,,2477000.0,,2250.0,11250.0,,1892600.0,,0,0,0,0,0,0,0,0,0,0,0,0,0,172,2026-02-04 07:56:47.473776
WNTR,26.7,26.58,26.7,,2288700.0,,,,,2171200.0,,0,0,0,0,0,0,0,0,0,0,0,0,0,172,2026-02-04 07:56:47.473776
SPNG,23.57,23.57,23.76,2166600.0,4500.0,2051800.0,2250.0,,0,0,0,0,0,0,0,0,0,0,0,0,0,0,0,0,173,2026-02-04 07:56:48.503068
SMMR,23.95,23.8,23.89,2293700.0,,2333900.0,,4319.0,0,0,0,0,0,0,0,0,0,0,0,0,0,0,0,0,173,2026-02-04 07:56:48.503068
ATMN,23.34,23.2,23.29,2380400.0,4500.0,1916200.0,11250.0,,0,0,0,0,0,0,0,0,0,0,0,0,0,0,0,0,173,2026-02-04 07:56:48.503068
WNTR,26.82,26.6,26.82,2166400.0,,2178000.0,,1418.0,0,0,0,0,0,0,0,0,0,0,0,0,0,0,0,0,173,2026-02-04 07:56:48.503068
SPNG,23.92,23.58,23.92,10000.0,2141300.0,2250.0,2179300.0,,,,0,0,0,0,0,0,0,0,0,0,0,0,0,0,174,2026-02-04 07:56:49.528958
SMMR,23.95,23.79,23.95,,2440800.0,,2309200.0,,,,0,0,0,0,0,0,0,0,0,0,0,0,0,0,174,2026-02-04 07:56:49.528958
ATMN,23.29,23.21,23.28,5746.0,2093400.0,6750.0,1522700.0,5746.0,3174.0,13500.0,0,0,0,0,0,0,0,0,0,0,0,0,0,0,174,2026-02-04 07:56:49.528958
WNTR,26.82,26.77,26.78,,2278100.0,,2203100.0,,,,0,0,0,0,0,0,0,0,0,0,0,0,0,0,174,2026-02-04 07:56:49.528958
SPNG,23.92,23.4,23.92,2251800.0,2250.0,2165600.0,,,0,0,0,0,0,0,0,0,0,0,0,0,0,0,0,0,175,2026-02-04 07:56:50.558285
SMMR,23.95,23.81,23.91,2274200.0,,2328600.0,4319.0,,0,0,0,0,0,0,0,0,0,0,0,0,0,0,0,0,175,2026-02-04 07:56:50.558285
ATMN,23.29,23.2,23.29,2087700.0,9000.0,1767700.0,,13500.0,0,0,0,0,0,0,0,0,0,0,0,0,0,0,0,0,175,2026-02-04 07:56:50.558285
WNTR,26.77,26.77,26.78,2278100.0,,2224800.0,,,0,0,0,0,0,0,0,0,0,0,0,0,0,0,0,0,175,2026-02-04 07:56:50.558285
SPNG,23.99,23.41,23.91,10000.0,2035900.0,4500.0,10000.0,2064100.0,,,0,0,0,0,0,0,0,0,0,0,0,0,0,0,176,2026-02-04 07:56:51.585962
SMMR,23.91,23.81,23.91,,2274200.0,,,2360800.0,4319.0,,0,0,0,0,0,0,0,0,0,0,0,0,0,0,176,2026-02-04 07:56:51.585962
ATMN,23.52,23.25,23.52,,2097000.0,9000.0,,1989800.0,,9000.0,0,0,0,0,0,0,0,0,0,0,0,0,0,0,176,2026-02-04 07:56:51.585962
WNTR,26.77,26.77,26.78,,2179500.0,,,2194900.0,1418.0,,0,0,0,0,0,0,0,0,0,0,0,0,0,0,176,2026-02-04 07:56:51.585962
SPNG,23.99,23.74,23.98,2180600.0,4500.0,2250.0,2054800.0,0,0,0,0,0,0,0,0,0,0,0,0,0,0,0,0,0,177,2026-02-04 07:56:52.611941
SMMR,23.8,23.87,23.89,2424400.0,,,2385400.0,0,0,0,0,0,0,0,0,0,0,0,0,0,0,0,0,0,177,2026-02-04 07:56:52.611941
ATMN,23.19,23.19,23.42,2494700.0,2250.0,11250.0,1929600.0,0,0,0,0,0,0,0,0,0,0,0,0,0,0,0,0,0,177,2026-02-04 07:56:52.611941
WNTR,26.66,26.6,26.66,2295800.0,,,2234800.0,0,0,0,0,0,0,0,0,0,0,0,0,0,0,0,0,0,177,2026-02-04 07:56:52.611941
SPNG,23.74,23.74,23.75,2443500.0,2196900.0,0,0,0,0,0,0,0,0,0,0,0,0,0,0,0,0,0,0,0,178,2026-02-04 07:56:53.640327
SMMR,23.8,23.87,23.89,2423800.0,2425400.0,0,0,0,0,0,0,0,0,0,0,0,0,0,0,0,0,0,0,0,178,2026-02-04 07:56:53.640327
ATMN,23.17,23.17,23.24,2684600.0,2524500.0,0,0,0,0,0,0,0,0,0,0,0,0,0,0,0,0,0,0,0,178,2026-02-04 07:56:53.640327
WNTR,26.59,26.59,26.66,2267100.0,2234800.0,0,0,0,0,0,0,0,0,0,0,0,0,0,0,0,0,0,0,0,178,2026-02-04 07:56:53.640327
SPNG,23.99,23.74,23.99,2471800.0,2229200.0,0,0,0,0,0,0,0,0,0,0,0,0,0,0,0,0,0,0,0,179,2026-02-04 07:56:54.668300
SMMR,23.81,23.81,23.89,2440800.0,2417800.0,0,0,0,0,0,0,0,0,0,0,0,0,0,0,0,0,0,0,0,179,2026-02-04 07:56:54.668300
ATMN,23.16,23.16,23.39,2667400.0,2523500.0,0,0,0,0,0,0,0,0,0,0,0,0,0,0,0,0,0,0,0,179,2026-02-04 07:56:54.668300
WNTR,26.59,26.64,26.66,2317800.0,2234800.0,0,0,0,0,0,0,0,0,0,0,0,0,0,0,0,0,0,0,0,179,2026-02-04 07:56:54.668300
SPNG,23.99,24.69,26.26,1034900.0,726400.0,0,0,0,0,0,0,0,0,0,0,0,0,0,0,0,0,0,0,0,180,2026-02-04 07:56:55.695549
SMMR,23.89,24.29,0.0,200000.0,,0,0,0,0,0,0,0,0,0,0,0,0,0,0,0,0,0,0,0,180,2026-02-04 07:56:55.695549
ATMN,25.33,25.33,25.58,907000.0,765400.0,0,0,0,0,0,0,0,0,0,0,0,0,0,0,0,0,0,0,0,180,2026-02-04 07:56:55.695549
WNTR,26.66,24.5,25.09,997900.0,929400.0,0,0,0,0,0,0,0,0,0,0,0,0,0,0,0,0,0,0,0,180,2026-02-04 07:56:55.695549
SPNG,24.69,24.69,25.0,1117800.0,1064500.0,0,0,0,0,0,0,0,0,0,0,0,0,0,0,0,0,0,0,0,181,2026-02-04 07:56:56.726052
SMMR,24.21,24.08,24.21,929300.0,945800.0,0,0,0,0,0,0,0,0,0,0,0,0,0,0,0,0,0,0,0,181,2026-02-04 07:56:56.726052
ATMN,25.0,25.1,25.58,1273400.0,856800.0,0,0,0,0,0,0,0,0,0,0,0,0,0,0,0,0,0,0,0,181,2026-02-04 07:56:56.726052
WNTR,26.66,24.5,24.51,997900.0,1322100.0,0,0,0,0,0,0,0,0,0,0,0,0,0,0,0,0,0,0,0,181,2026-02-04 07:56:56.726052
SPNG,24.52,24.73,24.99,1278900.0,2250.0,2250.0,1166300.0,0,0,0,0,0,0,0,0,0,0,0,0,0,0,0,0,0,182,2026-02-04 07:56:57.752712
SMMR,24.21,24.44,24.58,1144000.0,,,1068300.0,0,0,0,0,0,0,0,0,0,0,0,0,0,0,0,0,0,182,2026-02-04 07:56:57.752712
ATMN,25.0,25.11,25.29,1378500.0,2250.0,2250.0,1090400.0,0,0,0,0,0,0,0,0,0,0,0,0,0,0,0,0,0,182,2026-02-04 07:56:57.752712
WNTR,24.48,24.48,24.51,1097100.0,,,1322100.0,0,0,0,0,0,0,0,0,0,0,0,0,0,0,0,0,0,182,2026-02-04 07:56:57.752712
SPNG,24.73,24.73,24.99,1278900.0,2250.0,4500.0,1333800.0,0,0,0,0,0,0,0,0,0,0,0,0,0,0,0,0,0,183,2026-02-04 07:56:58.782497
SMMR,24.44,24.22,24.44,1166300.0,,,1300000.0,0,0,0,0,0,0,0,0,0,0,0,0,0,0,0,0,0,183,2026-02-04 07:56:58.782497
ATMN,25.27,25.27,25.29,1518200.0,2250.0,2250.0,1209000.0,0,0,0,0,0,0,0,0,0,0,0,0,0,0,0,0,0,183,2026-02-04 07:56:58.782497
WNTR,24.48,24.48,24.51,1244900.0,,,1322100.0,0,0,0,0,0,0,0,0,0,0,0,0,0,0,0,0,0,183,2026-02-04 07:56:58.782497
SPNG,24.48,24.15,24.48,2250.0,1264200.0,1738400.0,10000.0,4500.0,,0,0,0,0,0,0,0,0,0,0,0,0,0,0,0,184,2026-02-04 07:56:59.810515
SMMR,24.47,24.33,24.43,,1289900.0,1297700.0,10000.0,,10000.0,0,0,0,0,0,0,0,0,0,0,0,0,0,0,0,184,2026-02-04 07:56:59.810515
ATMN,25.27,25.27,25.29,4500.0,1621400.0,1449300.0,,4500.0,,0,0,0,0,0,0,0,0,0,0,0,0,0,0,0,184,2026-02-04 07:56:59.810515
WNTR,24.48,24.48,24.51,,1487500.0,1322100.0,,,,0,0,0,0,0,0,0,0,0,0,0,0,0,0,0,184,2026-02-04 07:56:59.810515
SPNG,25.0,24.45,25.0,1361400.0,7500.0,4500.0,1598700.0,0,0,0,0,0,0,0,0,0,0,0,0,0,0,0,0,0,185,2026-02-04 07:57:00.836908
SMMR,24.22,24.22,24.25,1166300.0,,,1434500.0,0,0,0,0,0,0,0,0,0,0,0,0,0,0,0,0,0,185,2026-02-04 07:57:00.836908
ATMN,25.46,25.27,25.46,1758500.0,,6750.0,1340000.0,0,0,0,0,0,0,0,0,0,0,0,0,0,0,0,0,0,185,2026-02-04 07:57:00.836908
WNTR,24.48,24.48,24.51,1855300.0,,,1322100.0,0,0,0,0,0,0,0,0,0,0,0,0,0,0,0,0,0,185,2026-02-04 07:57:00.836908
SPNG,24.9,24.46,24.89,10000.0,1361400.0,7500.0,4500.0,10000.0,1816000.0,,0,0,0,0,0,0,0,0,0,0,0,0,0,0,186,2026-02-04 07:57:01.395477
SMMR,24.22,24.22,24.25,,1393800.0,,,,1434500.0,7500.0,0,0,0,0,0,0,0,0,0,0,0,0,0,0,186,2026-02-04 07:57:01.395477
ATMN,25.57,25.34,25.57,,1862700.0,,6750.0,,1221400.0,,0,0,0,0,0,0,0,0,0,0,0,0,0,0,186,2026-02-04 07:57:01.395477
WNTR,24.48,24.48,24.51,,1755300.0,,,,1461300.0,,0,0,0,0,0,0,0,0,0,0,0,0,0,0,186,2026-02-04 07:57:01.395477
SPNG,24.14,22.23,23.82,1162100.0,1985400.0,2250.0,,,0,0,0,0,0,0,0,0,0,0,0,0,0,0,0,0,187,2026-02-04 07:57:02.449783
SMMR,24.47,24.48,24.53,1494600.0,1163700.0,,,,0,0,0,0,0,0,0,0,0,0,0,0,0,0,0,0,187,2026-02-04 07:57:02.449783
ATMN,25.27,25.27,25.45,1758500.0,1216500.0,,6750.0,1250.0,0,0,0,0,0,0,0,0,0,0,0,0,0,0,0,0,187,2026-02-04 07:57:02.449783
WNTR,24.48,24.48,24.51,1755300.0,1560500.0,,,,0,0,0,0,0,0,0,0,0,0,0,0,0,0,0,0,187,2026-02-04 07:57:02.449783
SPNG,23.88,24.0,24.85,1649500.0,2250.0,4500.0,1865400.0,,,0,0,0,0,0,0,0,0,0,0,0,0,0,0,0,188,2026-02-04 07:57:03.491093
SMMR,24.48,24.48,24.51,1494600.0,,,1493200.0,,,0,0,0,0,0,0,0,0,0,0,0,0,0,0,0,188,2026-02-04 07:57:03.491093
ATMN,25.27,25.28,25.42,1821000.0,9000.0,,1329500.0,10000.0,10000.0,0,0,0,0,0,0,0,0,0,0,0,0,0,0,0,188,2026-02-04 07:57:03.491093
WNTR,24.51,24.48,24.51,2117100.0,,,1560500.0,,,0,0,0,0,0,0,0,0,0,0,0,0,0,0,0,188,2026-02-04 07:57:03.491093
SPNG,24.19,24.19,24.86,1790000.0,2500.0,1250.0,2250.0,1865400.0,4500.0,0,0,0,0,0,0,0,0,0,0,0,0,0,0,0,189,2026-02-04 07:57:04.524620
SMMR,24.27,24.15,24.26,1258700.0,,,,1844300.0,,0,0,0,0,0,0,0,0,0,0,0,0,0,0,0,189,2026-02-04 07:57:04.524620
ATMN,25.43,25.53,25.58,1942700.0,,,9000.0,1342500.0,,0,0,0,0,0,0,0,0,0,0,0,0,0,0,0,189,2026-02-04 07:57:04.524620
WNTR,24.56,24.43,24.56,1987000.0,,,,1533400.0,,0,0,0,0,0,0,0,0,0,0,0,0,0,0,0,189,2026-02-04 07:57:04.524620
SPNG,24.25,24.2,24.25,2500.0,1790000.0,1250.0,2250.0,1845500.0,1250.0,,,0,0,0,0,0,0,0,0,0,0,0,0,0,190,2026-02-04 07:57:05.563739
SMMR,24.26,24.16,24.25,10000.0,1495900.0,,,1965700.0,,10000.0,,0,0,0,0,0,0,0,0,0,0,0,0,0,190,2026-02-04 07:57:05.563739
ATMN,25.15,25.14,25.15,,1941500.0,,6750.0,1437400.0,,7500.0,2250.0,0,0,0,0,0,0,0,0,0,0,0,0,0,190,2026-02-04 07:57:05.563739
WNTR,24.57,24.44,24.57,,2106900.0,,,1416000.0,,,,0,0,0,0,0,0,0,0,0,0,0,0,0,190,2026-02-04 07:57:05.563739
SPNG,24.25,24.28,24.99,1930400.0,4500.0,3125.0,2250.0,1962000.0,0,0,0,0,0,0,0,0,0,0,0,0,0,0,0,0,191,2026-02-04 07:57:06.597920
SMMR,24.51,24.16,24.51,1760000.0,,3125.0,,1738900.0,0,0,0,0,0,0,0,0,0,0,0,0,0,0,0,0,191,2026-02-04 07:57:06.597920
ATMN,25.16,25.36,25.57,1788500.0,9000.0,3125.0,2250.0,1474100.0,0,0,0,0,0,0,0,0,0,0,0,0,0,0,0,0,191,2026-02-04 07:57:06.597920
WNTR,24.54,24.54,24.57,2097700.0,,,,1547500.0,0,0,0,0,0,0,0,0,0,0,0,0,0,0,0,0,191,2026-02-04 07:57:06.597920
SPNG,24.35,24.29,24.35,6750.0,2500.0,2064300.0,3125.0,2040200.0,2250.0,,,0,0,0,0,0,0,0,0,0,0,0,0,0,192,2026-02-04 07:57:07.639343
SMMR,24.51,24.22,24.24,,10000.0,2028900.0,3125.0,1864800.0,,10000.0,3125.0,0,0,0,0,0,0,0,0,0,0,0,0,0,192,2026-02-04 07:57:07.639343
ATMN,25.36,25.15,25.29,9000.0,,1790500.0,3125.0,1749900.0,2250.0,,3125.0,0,0,0,0,0,0,0,0,0,0,0,0,0,192,2026-02-04 07:57:07.639343
WNTR,24.62,24.44,24.62,,,1987000.0,3125.0,1297700.0,,,,0,0,0,0,0,0,0,0,0,0,0,0,0,192,2026-02-04 07:57:07.639343
SPNG,24.52,24.29,24.52,6750.0,2064300.0,2037700.0,2250.0,,0,0,0,0,0,0,0,0,0,0,0,0,0,0,0,0,193,2026-02-04 07:57:08.682341
SMMR,24.51,24.23,24.26,,2130500.0,2114500.0,,,0,0,0,0,0,0,0,0,0,0,0,0,0,0,0,0,193,2026-02-04 07:57:08.682341
ATMN,25.13,25.13,25.27,6750.0,1823800.0,1612000.0,2250.0,2812.0,0,0,0,0,0,0,0,0,0,0,0,0,0,0,0,0,193,2026-02-04 07:57:08.682341
WNTR,24.43,24.43,24.62,,1987000.0,1402100.0,,,0,0,0,0,0,0,0,0,0,0,0,0,0,0,0,0,193,2026-02-04 07:57:08.682341
SPNG,24.65,24.65,24.71,2011600.0,10000.0,9000.0,1835500.0,10000.0,4500.0,,,0,0,0,0,0,0,0,0,0,0,0,0,0,194,2026-02-04 07:57:09.731487
SMMR,24.23,24.23,24.25,2262300.0,,,2214400.0,,,,,0,0,0,0,0,0,0,0,0,0,0,0,0,194,2026-02-04 07:57:09.731487
ATMN,25.13,25.16,25.26,1627500.0,10000.0,9000.0,1612000.0,10000.0,4500.0,2812.0,2812.0,0,0,0,0,0,0,0,0,0,0,0,0,0,194,2026-02-04 07:57:09.731487
WNTR,24.64,24.45,24.52,2142000.0,,,1392800.0,,,3125.0,,0,0,0,0,0,0,0,0,0,0,0,0,0,194,2026-02-04 07:57:09.731487
SPNG,24.28,24.28,24.7,2064300.0,4500.0,6750.0,1913600.0,,0,0,0,0,0,0,0,0,0,0,0,0,0,0,0,0,195,2026-02-04 07:57:10.764185
SMMR,24.26,24.23,24.26,2401600.0,,,2249200.0,,0,0,0,0,0,0,0,0,0,0,0,0,0,0,0,0,195,2026-02-04 07:57:10.764185
ATMN,25.29,25.14,25.29,1762000.0,9000.0,4500.0,1751600.0,5234.0,0,0,0,0,0,0,0,0,0,0,0,0,0,0,0,0,195,2026-02-04 07:57:10.764185
WNTR,24.64,24.52,24.64,2382300.0,,,1264500.0,,0,0,0,0,0,0,0,0,0,0,0,0,0,0,0,0,195,2026-02-04 07:57:10.764185
SPNG,24.29,24.29,24.71,10000.0,2064300.0,4500.0,2004400.0,4500.0,,0,0,0,0,0,0,0,0,0,0,0,0,0,0,0,196,2026-02-04 07:57:11.793875
SMMR,24.23,24.23,24.27,,2406800.0,,2117100.0,,,0,0,0,0,0,0,0,0,0,0,0,0,0,0,0,196,2026-02-04 07:57:11.793875
ATMN,25.4,25.4,25.47,,1621700.0,11250.0,1733700.0,6750.0,4101.0,0,0,0,0,0,0,0,0,0,0,0,0,0,0,0,196,2026-02-04 07:57:11.793875
WNTR,24.64,24.52,24.6,,2315900.0,,1382600.0,,3125.0,0,0,0,0,0,0,0,0,0,0,0,0,0,0,0,196,2026-02-04 07:57:11.793875
SPNG,24.4,24.4,24.71,2183100.0,6500.0,6750.0,1983400.0,6750.0,0,0,0,0,0,0,0,0,0,0,0,0,0,0,0,0,197,2026-02-04 07:57:12.833298
SMMR,24.29,24.23,24.29,2403500.0,,,2083900.0,,0,0,0,0,0,0,0,0,0,0,0,0,0,0,0,0,197,2026-02-04 07:57:12.833298
ATMN,25.19,25.19,25.46,1656300.0,,13500.0,1853600.0,9000.0,0,0,0,0,0,0,0,0,0,0,0,0,0,0,0,0,197,2026-02-04 07:57:12.833298
WNTR,24.6,24.54,24.6,2444900.0,,,1486100.0,,0,0,0,0,0,0,0,0,0,0,0,0,0,0,0,0,197,2026-02-04 07:57:12.833298
SPNG,24.07,24.01,24.07,4500.0,1912000.0,1790600.0,1026.0,9000.0,,0,0,0,0,0,0,0,0,0,0,0,0,0,0,0,198,2026-02-04 07:57:13.874574
SMMR,24.34,24.27,24.34,,2283400.0,2080500.0,,,1026.0,0,0,0,0,0,0,0,0,0,0,0,0,0,0,0,198,2026-02-04 07:57:13.874574
ATMN,25.19,25.36,25.4,13500.0,1627400.0,1865100.0,,9000.0,,0,0,0,0,0,0,0,0,0,0,0,0,0,0,0,198,2026-02-04 07:57:13.874574
WNTR,24.64,24.55,24.64,,2427500.0,1471100.0,,,,0,0,0,0,0,0,0,0,0,0,0,0,0,0,0,198,2026-02-04 07:57:13.874574
SPNG,24.07,24.13,24.69,2281200.0,6750.0,1565.0,1789300.0,9000.0,,,0,0,0,0,0,0,0,0,0,0,0,0,0,0,199,2026-02-04 07:57:14.917157
SMMR,24.34,24.3,24.34,2266800.0,,,2193000.0,,10000.0,,0,0,0,0,0,0,0,0,0,0,0,0,0,0,199,2026-02-04 07:57:14.917157
ATMN,25.1,25.36,25.4,2258500.0,,,1780100.0,11250.0,,9335.0,0,0,0,0,0,0,0,0,0,0,0,0,0,0,199,2026-02-04 07:57:14.917157
WNTR,24.69,24.55,24.65,2302300.0,,,1355600.0,,,3125.0,0,0,0,0,0,0,0,0,0,0,0,0,0,0,199,2026-02-04 07:57:14.917157
SPNG,24.77,24.13,24.77,2281200.0,6750.0,1987900.0,4500.0,,,0,0,0,0,0,0,0,0,0,0,0,0,0,0,0,200,2026-02-04 07:57:15.953871
SMMR,24.34,24.31,24.34,2182100.0,,2309100.0,,10000.0,1026.0,0,0,0,0,0,0,0,0,0,0,0,0,0,0,0,200,2026-02-04 07:57:15.953871
ATMN,25.09,25.09,25.4,2439500.0,,1982700.0,6750.0,,,0,0,0,0,0,0,0,0,0,0,0,0,0,0,0,200,2026-02-04 07:57:15.953871
WNTR,24.54,24.54,24.69,2438600.0,,1236100.0,1500.0,,,0,0,0,0,0,0,0,0,0,0,0,0,0,0,0,200,2026-02-04 07:57:15.953871
SPNG,24.93,24.22,24.76,2108100.0,9000.0,3500.0,1789700.0,6750.0,,0,0,0,0,0,0,0,0,0,0,0,0,0,0,0,201,2026-02-04 07:57:16.490204
SMMR,24.34,24.3,24.34,2405500.0,,,2316300.0,,,0,0,0,0,0,0,0,0,0,0,0,0,0,0,0,201,2026-02-04 07:57:16.490204
ATMN,25.47,25.09,25.47,2439500.0,,,2030500.0,6750.0,,0,0,0,0,0,0,0,0,0,0,0,0,0,0,0,201,2026-02-04 07:57:16.490204
WNTR,24.52,24.54,24.69,2310800.0,,,1236100.0,1500.0,3125.0,0,0,0,0,0,0,0,0,0,0,0,0,0,0,0,201,2026-02-04 07:57:16.490204
SPNG,24.86,24.22,24.33,1944100.0,3089.0,9000.0,1947800.0,6750.0,,0,0,0,0,0,0,0,0,0,0,0,0,0,0,0,202,2026-02-04 07:57:17.540941
SMMR,24.4,24.31,24.4,2303300.0,,,2309600.0,,10000.0,0,0,0,0,0,0,0,0,0,0,0,0,0,0,0,202,2026-02-04 07:57:17.540941
ATMN,25.07,25.14,25.46,2361300.0,9335.0,,1935100.0,9000.0,,0,0,0,0,0,0,0,0,0,0,0,0,0,0,0,202,2026-02-04 07:57:17.540941
WNTR,24.71,24.54,24.71,2315800.0,3125.0,,1131700.0,,,0,0,0,0,0,0,0,0,0,0,0,0,0,0,0,202,2026-02-04 07:57:17.540941
SPNG,24.33,24.62,24.93,1883200.0,11250.0,1901000.0,6750.0,,,0,0,0,0,0,0,0,0,0,0,0,0,0,0,0,203,2026-02-04 07:57:18.572343
SMMR,24.41,24.31,24.41,2154200.0,,2287000.0,,10000.0,1026.0,0,0,0,0,0,0,0,0,0,0,0,0,0,0,0,203,2026-02-04 07:57:18.572343
ATMN,25.07,25.14,25.46,2421800.0,,1826400.0,11250.0,,,0,0,0,0,0,0,0,0,0,0,0,0,0,0,0,203,2026-02-04 07:57:18.572343
WNTR,24.71,24.87,25.09,2300100.0,,1028600.0,,,3125.0,0,0,0,0,0,0,0,0,0,0,0,0,0,0,0,203,2026-02-04 07:57:18.572343
SPNG,24.13,24.13,24.53,2110300.0,9000.0,1848600.0,9000.0,0,0,0,0,0,0,0,0,0,0,0,0,0,0,0,0,0,204,2026-02-04 07:57:19.605142
SMMR,24.29,24.29,24.31,2406200.0,,2257100.0,,0,0,0,0,0,0,0,0,0,0,0,0,0,0,0,0,0,204,2026-02-04 07:57:19.605142
ATMN,25.5,25.21,25.5,2430800.0,,2028500.0,6750.0,0,0,0,0,0,0,0,0,0,0,0,0,0,0,0,0,0,204,2026-02-04 07:57:19.605142
WNTR,24.52,24.52,25.08,2397400.0,,1274000.0,,0,0,0,0,0,0,0,0,0,0,0,0,0,0,0,0,0,204,2026-02-04 07:57:19.605142
SPNG,24.53,24.22,24.52,11250.0,1776700.0,4661.0,11250.0,1743500.0,,0,0,0,0,0,0,0,0,0,0,0,0,0,0,0,205,2026-02-04 07:57:20.637407
SMMR,24.31,24.33,24.41,,2388100.0,,,2276400.0,,0,0,0,0,0,0,0,0,0,0,0,0,0,0,0,205,2026-02-04 07:57:20.637407
ATMN,25.14,25.21,25.4,,2291300.0,9335.0,9000.0,1820900.0,10000.0,0,0,0,0,0,0,0,0,0,0,0,0,0,0,0,205,2026-02-04 07:57:20.637407
WNTR,24.52,24.58,24.62,,2407100.0,,,1406300.0,,0,0,0,0,0,0,0,0,0,0,0,0,0,0,0,205,2026-02-04 07:57:20.637407
SPNG,24.79,24.29,24.79,1724300.0,586.0,11250.0,1956000.0,6750.0,,0,0,0,0,0,0,0,0,0,0,0,0,0,0,0,206,2026-02-04 07:57:21.669149
SMMR,24.31,24.33,24.41,2405900.0,,,2264900.0,,,0,0,0,0,0,0,0,0,0,0,0,0,0,0,0,206,2026-02-04 07:57:21.669149
ATMN,25.21,25.14,25.16,2421800.0,,,1643300.0,11250.0,10000.0,0,0,0,0,0,0,0,0,0,0,0,0,0,0,0,206,2026-02-04 07:57:21.669149
WNTR,24.62,24.87,24.9,2379100.0,,,1395900.0,,,0,0,0,0,0,0,0,0,0,0,0,0,0,0,0,206,2026-02-04 07:57:21.669149
SPNG,24.49,24.49,24.51,2036900.0,9000.0,586.0,1761900.0,9000.0,0,0,0,0,0,0,0,0,0,0,0,0,0,0,0,0,207,2026-02-04 07:57:22.703468
SMMR,24.29,24.29,24.36,2374100.0,,586.0,2164500.0,,0,0,0,0,0,0,0,0,0,0,0,0,0,0,0,0,207,2026-02-04 07:57:22.703468
ATMN,25.36,25.18,25.36,2402200.0,,,1803300.0,11250.0,0,0,0,0,0,0,0,0,0,0,0,0,0,0,0,0,207,2026-02-04 07:57:22.703468
WNTR,24.59,24.58,24.59,2407100.0,,,1670600.0,,0,0,0,0,0,0,0,0,0,0,0,0,0,0,0,0,207,2026-02-04 07:57:22.703468
SPNG,24.13,24.24,24.78,10000.0,1939500.0,9000.0,10000.0,1638200.0,11250.0,0,0,0,0,0,0,0,0,0,0,0,0,0,0,0,208,2026-02-04 07:57:23.732502
SMMR,24.41,24.23,24.41,,2389900.0,,,2298000.0,,0,0,0,0,0,0,0,0,0,0,0,0,0,0,0,208,2026-02-04 07:57:23.732502
ATMN,25.4,25.19,25.39,10000.0,2266700.0,,10000.0,1780800.0,9000.0,0,0,0,0,0,0,0,0,0,0,0,0,0,0,0,208,2026-02-04 07:57:23.732502
WNTR,24.58,24.58,24.87,,2373100.0,,,1525300.0,,0,0,0,0,0,0,0,0,0,0,0,0,0,0,0,208,2026-02-04 07:57:23.732502
SPNG,24.0,24.1,24.27,2442000.0,2250.0,1620300.0,10000.0,11250.0,,,0,0,0,0,0,0,0,0,0,0,0,0,0,0,209,2026-02-04 07:57:24.763099
SMMR,24.41,24.24,24.4,2287100.0,,2163900.0,,,10000.0,4580.0,0,0,0,0,0,0,0,0,0,0,0,0,0,0,209,2026-02-04 07:57:24.763099
ATMN,25.5,25.18,25.5,2266700.0,2250.0,1917500.0,,9000.0,,,0,0,0,0,0,0,0,0,0,0,0,0,0,0,209,2026-02-04 07:57:24.763099
WNTR,24.9,24.9,25.08,2359900.0,,1396300.0,,,,,0,0,0,0,0,0,0,0,0,0,0,0,0,0,209,2026-02-04 07:57:24.763099
SPNG,24.27,24.24,24.26,4075.0,2379800.0,10000.0,1505500.0,13500.0,,,0,0,0,0,0,0,0,0,0,0,0,0,0,0,210,2026-02-04 07:57:25.790616
SMMR,24.41,24.32,24.4,4580.0,2185200.0,,2184900.0,,10000.0,4580.0,0,0,0,0,0,0,0,0,0,0,0,0,0,0,210,2026-02-04 07:57:25.790616
ATMN,25.08,25.08,25.39,,2503700.0,,1681000.0,11250.0,,4580.0,0,0,0,0,0,0,0,0,0,0,0,0,0,0,210,2026-02-04 07:57:25.790616
WNTR,24.9,24.79,24.9,4580.0,2255500.0,,1691000.0,,,,0,0,0,0,0,0,0,0,0,0,0,0,0,0,210,2026-02-04 07:57:25.790616
SPNG,24.14,24.14,24.79,2500700.0,1490800.0,15750.0,,,0,0,0,0,0,0,0,0,0,0,0,0,0,0,0,0,211,2026-02-04 07:57:26.815711
SMMR,24.41,24.31,24.41,2422400.0,2275200.0,,,,0,0,0,0,0,0,0,0,0,0,0,0,0,0,0,0,211,2026-02-04 07:57:26.815711
ATMN,25.08,25.08,25.39,2349700.0,1672800.0,11250.0,2250.0,4580.0,0,0,0,0,0,0,0,0,0,0,0,0,0,0,0,0,211,2026-02-04 07:57:26.815711
WNTR,24.58,24.71,24.9,2389600.0,1811700.0,,,,0,0,0,0,0,0,0,0,0,0,0,0,0,0,0,0,211,2026-02-04 07:57:26.815711
SPNG,24.02,24.02,24.79,2544400.0,10000.0,1749500.0,9000.0,,,,0,0,0,0,0,0,0,0,0,0,0,0,0,0,212,2026-02-04 07:57:27.842190
SMMR,24.23,24.23,24.4,2374100.0,,2188900.0,,157.0,,,0,0,0,0,0,0,0,0,0,0,0,0,0,0,212,2026-02-04 07:57:27.842190
ATMN,25.45,25.45,25.49,2349700.0,10000.0,1560300.0,13500.0,,2250.0,,0,0,0,0,0,0,0,0,0,0,0,0,0,0,212,2026-02-04 07:57:27.842190
WNTR,24.71,24.71,24.72,2261300.0,,2016500.0,,,,4580.0,0,0,0,0,0,0,0,0,0,0,0,0,0,0,212,2026-02-04 07:57:27.842190
SPNG,24.54,24.54,24.78,2369900.0,4065.0,10000.0,4065.0,1610400.0,9000.0,,0,0,0,0,0,0,0,0,0,0,0,0,0,0,213,2026-02-04 07:57:28.869932
SMMR,24.41,24.29,24.37,2408600.0,,,,2342100.0,,,0,0,0,0,0,0,0,0,0,0,0,0,0,0,213,2026-02-04 07:57:28.869932
ATMN,25.45,25.08,25.44,2214200.0,,10000.0,,1453100.0,15750.0,4500.0,0,0,0,0,0,0,0,0,0,0,0,0,0,0,213,2026-02-04 07:57:28.869932
