ticker,last_price,bid_price,ask_price,BUY_LAVL-1,BUY_ANON,SELL_LAVL-1,SELL_ANON,BUY_GIOT-3,SELL_WRSW-3,BUY_LUIS-1,SELL_UOTB-2,SELL_BRCH-3,BUY_BRCH-3,BUY_UEBR-1,SELL_BABS-4,BUY_UOTB-1,BUY_UOTB-2,SELL_LUIS-1,SELL_COLA-3,BUY_COLA-1,SELL_UOTB-3,SELL_NAIT-1,BUY_WRSW-2,SELL_WRSW-1,BUY_CNCD-5,SELL_COLB-2,SELL_COLA-1,BUY_NAIT-1,BUY_WRSW-1,SELL_BRCH-1,BUY_BRCH-2,SELL_UOTB-1,BUY_COLA-3,BUY_WRSW-3,BUY_BRCH-1,SELL_UEBR-1,SELL_GIOT-3,BUY_UOTB-3,BUY_BABS-4,BUY_CAMN-1,SELL_CNCD-5,BUY_COLB-2,SELL_WRSW-2,SELL_BRCH-2,tick,timestamp,news_news_id,news_period,news_tick,news_ticker,news_headline,news_body
SPNG,25.06,24.95,25.05,3500.0,2013100.0,3500.0,2084100.0,0,0,0,0,0,0,0,0,0,0,0,0,0,0,0,0,0,0,0,0,0,0,0,0,0,0,0,0,0,0,0,0,0,0,0,0,0,2,2026-02-05 19:52:16.840522,2.0,1.0,1.0,,Aggregate Position Limit,Your CRO has set the aggregate position limit to 14000 shares for this week.
SMMR,24.99,25.0,25.14,3500.0,1937400.0,3500.0,2024400.0,0,0,0,0,0,0,0,0,0,0,0,0,0,0,0,0,0,0,0,0,0,0,0,0,0,0,0,0,0,0,0,0,0,0,0,0,0,2,2026-02-05 19:52:16.840522,1.0,1.0,1.0,,Welcome to the RITC 2026 Alogithmic Market Making Case - practice server,
ATMN,25.1,24.86,25.1,3500.0,2000900.0,,1866700.0,0,0,0,0,0,0,0,0,0,0,0,0,0,0,0,0,0,0,0,0,0,0,0,0,0,0,0,0,0,0,0,0,0,0,0,0,0,2,2026-02-05 19:52:16.840522,,,,,,
WNTR,25.0,25.0,25.09,3500.0,1851700.0,,2287300.0,0,0,0,0,0,0,0,0,0,0,0,0,0,0,0,0,0,0,0,0,0,0,0,0,0,0,0,0,0,0,0,0,0,0,0,0,0,2,2026-02-05 19:52:16.840522,,,,,,
SPNG,25.32,24.96,25.21,5250.0,1926600.0,2101900.0,0,0,0,0,0,0,0,0,0,0,0,0,0,0,0,0,0,0,0,0,0,0,0,0,0,0,0,0,0,0,0,0,0,0,0,0,0,0,3,2026-02-05 19:52:17.948805
SMMR,25.0,24.91,24.95,,2032400.0,2112400.0,0,0,0,0,0,0,0,0,0,0,0,0,0,0,0,0,0,0,0,0,0,0,0,0,0,0,0,0,0,0,0,0,0,0,0,0,0,0,3,2026-02-05 19:52:17.948805
ATMN,25.1,24.93,25.1,,2096400.0,1891300.0,0,0,0,0,0,0,0,0,0,0,0,0,0,0,0,0,0,0,0,0,0,0,0,0,0,0,0,0,0,0,0,0,0,0,0,0,0,0,3,2026-02-05 19:52:17.948805
WNTR,24.96,25.02,25.09,,1969800.0,2287300.0,0,0,0,0,0,0,0,0,0,0,0,0,0,0,0,0,0,0,0,0,0,0,0,0,0,0,0,0,0,0,0,0,0,0,0,0,0,0,3,2026-02-05 19:52:17.948805
SPNG,24.79,24.79,25.08,2092500.0,2080500.0,3000.0,,,0,0,0,0,0,0,0,0,0,0,0,0,0,0,0,0,0,0,0,0,0,0,0,0,0,0,0,0,0,0,0,0,0,0,0,0,4,2026-02-05 19:52:19.032314
SMMR,24.95,24.99,25.07,2033000.0,2121100.0,,,,0,0,0,0,0,0,0,0,0,0,0,0,0,0,0,0,0,0,0,0,0,0,0,0,0,0,0,0,0,0,0,0,0,0,0,0,4,2026-02-05 19:52:19.032314
ATMN,25.02,25.02,25.11,2012400.0,1989300.0,2250.0,2250.0,,0,0,0,0,0,0,0,0,0,0,0,0,0,0,0,0,0,0,0,0,0,0,0,0,0,0,0,0,0,0,0,0,0,0,0,0,4,2026-02-05 19:52:19.032314
WNTR,24.9,24.9,24.98,1852100.0,2177400.0,,,1574.0,0,0,0,0,0,0,0,0,0,0,0,0,0,0,0,0,0,0,0,0,0,0,0,0,0,0,0,0,0,0,0,0,0,0,0,0,4,2026-02-05 19:52:19.032314
SPNG,24.69,24.69,25.07,2085800.0,9000.0,1845500.0,0,0,0,0,0,0,0,0,0,0,0,0,0,0,0,0,0,0,0,0,0,0,0,0,0,0,0,0,0,0,0,0,0,0,0,0,0,0,5,2026-02-05 19:52:20.084042
SMMR,25.03,25.03,25.07,2047600.0,,2125600.0,0,0,0,0,0,0,0,0,0,0,0,0,0,0,0,0,0,0,0,0,0,0,0,0,0,0,0,0,0,0,0,0,0,0,0,0,0,0,5,2026-02-05 19:52:20.084042
ATMN,24.86,24.86,25.11,2092900.0,4500.0,1877800.0,0,0,0,0,0,0,0,0,0,0,0,0,0,0,0,0,0,0,0,0,0,0,0,0,0,0,0,0,0,0,0,0,0,0,0,0,0,0,5,2026-02-05 19:52:20.084042
WNTR,25.07,25.07,25.09,2086900.0,,2274200.0,0,0,0,0,0,0,0,0,0,0,0,0,0,0,0,0,0,0,0,0,0,0,0,0,0,0,0,0,0,0,0,0,0,0,0,0,0,0,5,2026-02-05 19:52:20.084042
SPNG,24.74,24.76,25.07,1896700.0,6000.0,12000.0,1627900.0,1968.0,,0,0,0,0,0,0,0,0,0,0,0,0,0,0,0,0,0,0,0,0,0,0,0,0,0,0,0,0,0,0,0,0,0,0,0,6,2026-02-05 19:52:21.140547
SMMR,25.01,25.02,25.05,1968900.0,,,1920200.0,4180.0,1106.0,0,0,0,0,0,0,0,0,0,0,0,0,0,0,0,0,0,0,0,0,0,0,0,0,0,0,0,0,0,0,0,0,0,0,0,6,2026-02-05 19:52:21.140547
ATMN,24.98,24.75,24.98,2103000.0,,9000.0,1615100.0,1968.0,,0,0,0,0,0,0,0,0,0,0,0,0,0,0,0,0,0,0,0,0,0,0,0,0,0,0,0,0,0,0,0,0,0,0,0,6,2026-02-05 19:52:21.140547
WNTR,24.89,24.89,25.09,1883600.0,,,2137100.0,1106.0,,0,0,0,0,0,0,0,0,0,0,0,0,0,0,0,0,0,0,0,0,0,0,0,0,0,0,0,0,0,0,0,0,0,0,0,6,2026-02-05 19:52:21.140547
SPNG,24.5,24.71,25.07,380.0,1930200.0,15000.0,1533300.0,1968.0,,,0,0,0,0,0,0,0,0,0,0,0,0,0,0,0,0,0,0,0,0,0,0,0,0,0,0,0,0,0,0,0,0,0,0,7,2026-02-05 19:52:21.697696
SMMR,24.88,24.88,25.05,,2057200.0,,1867100.0,4180.0,520.0,,0,0,0,0,0,0,0,0,0,0,0,0,0,0,0,0,0,0,0,0,0,0,0,0,0,0,0,0,0,0,0,0,0,0,7,2026-02-05 19:52:21.697696
ATMN,24.95,24.95,24.97,459.0,1889900.0,13500.0,1321100.0,1968.0,459.0,1106.0,0,0,0,0,0,0,0,0,0,0,0,0,0,0,0,0,0,0,0,0,0,0,0,0,0,0,0,0,0,0,0,0,0,0,7,2026-02-05 19:52:21.697696
WNTR,24.89,24.9,25.0,580.0,1883600.0,,1992400.0,1106.0,580.0,,0,0,0,0,0,0,0,0,0,0,0,0,0,0,0,0,0,0,0,0,0,0,0,0,0,0,0,0,0,0,0,0,0,0,7,2026-02-05 19:52:21.697696
SPNG,25.08,24.87,24.98,380.0,1851000.0,1518.0,3036.0,400.0,6000.0,1718500.0,,0,0,0,0,0,0,0,0,0,0,0,0,0,0,0,0,0,0,0,0,0,0,0,0,0,0,0,0,0,0,0,0,0,8,2026-02-05 19:52:22.771799
SMMR,25.09,24.9,25.04,452.0,1845700.0,1518.0,,,,2141000.0,,0,0,0,0,0,0,0,0,0,0,0,0,0,0,0,0,0,0,0,0,0,0,0,0,0,0,0,0,0,0,0,0,0,8,2026-02-05 19:52:22.771799
ATMN,25.15,24.96,25.1,459.0,1794200.0,1518.0,,,4500.0,1857700.0,2250.0,0,0,0,0,0,0,0,0,0,0,0,0,0,0,0,0,0,0,0,0,0,0,0,0,0,0,0,0,0,0,0,0,0,8,2026-02-05 19:52:22.771799
WNTR,25.09,24.92,24.95,580.0,1883600.0,1518.0,3036.0,537.0,,2030700.0,,0,0,0,0,0,0,0,0,0,0,0,0,0,0,0,0,0,0,0,0,0,0,0,0,0,0,0,0,0,0,0,0,0,8,2026-02-05 19:52:22.771799
SPNG,25.3,24.89,25.2,380.0,6000.0,1784600.0,1837600.0,9000.0,,,0,0,0,0,0,0,0,0,0,0,0,0,0,0,0,0,0,0,0,0,0,0,0,0,0,0,0,0,0,0,0,0,0,0,9,2026-02-05 19:52:23.828115
SMMR,25.02,25.02,25.04,490.0,,1950100.0,2175000.0,,,,0,0,0,0,0,0,0,0,0,0,0,0,0,0,0,0,0,0,0,0,0,0,0,0,0,0,0,0,0,0,0,0,0,0,9,2026-02-05 19:52:23.828115
ATMN,24.77,24.76,24.77,,4500.0,1905700.0,1672400.0,6750.0,407.0,,0,0,0,0,0,0,0,0,0,0,0,0,0,0,0,0,0,0,0,0,0,0,0,0,0,0,0,0,0,0,0,0,0,0,9,2026-02-05 19:52:23.828115
WNTR,24.9,24.92,24.95,580.0,,1883600.0,2154300.0,,537.0,9105.0,0,0,0,0,0,0,0,0,0,0,0,0,0,0,0,0,0,0,0,0,0,0,0,0,0,0,0,0,0,0,0,0,0,0,9,2026-02-05 19:52:23.828115
SPNG,25.19,24.91,25.14,100.0,9000.0,1698000.0,395.0,1406300.0,15000.0,2001.0,,0,0,0,0,0,0,0,0,0,0,0,0,0,0,0,0,0,0,0,0,0,0,0,0,0,0,0,0,0,0,0,0,0,10,2026-02-05 19:52:24.987536
SMMR,24.75,24.76,25.02,486.0,,1934400.0,520.0,1967400.0,,9105.0,,0,0,0,0,0,0,0,0,0,0,0,0,0,0,0,0,0,0,0,0,0,0,0,0,0,0,0,0,0,0,0,0,0,10,2026-02-05 19:52:24.987536
ATMN,24.7,24.84,25.07,459.0,2250.0,1753500.0,432.0,1483700.0,9000.0,5338.0,5338.0,0,0,0,0,0,0,0,0,0,0,0,0,0,0,0,0,0,0,0,0,0,0,0,0,0,0,0,0,0,0,0,0,0,10,2026-02-05 19:52:24.987536
WNTR,25.02,24.96,25.02,578.0,,1886000.0,,2131100.0,,2231.0,15684.0,0,0,0,0,0,0,0,0,0,0,0,0,0,0,0,0,0,0,0,0,0,0,0,0,0,0,0,0,0,0,0,0,0,10,2026-02-05 19:52:24.987536
SPNG,24.5,24.51,25.12,400.0,1982400.0,400.0,15000.0,1297300.0,4461.0,,,0,0,0,0,0,0,0,0,0,0,0,0,0,0,0,0,0,0,0,0,0,0,0,0,0,0,0,0,0,0,0,0,0,11,2026-02-05 19:52:25.748582
SMMR,25.01,25.01,25.02,520.0,1860100.0,520.0,,2076300.0,,265.0,,0,0,0,0,0,0,0,0,0,0,0,0,0,0,0,0,0,0,0,0,0,0,0,0,0,0,0,0,0,0,0,0,0,11,2026-02-05 19:52:25.748582
ATMN,24.7,24.7,25.05,,2003100.0,459.0,11250.0,1377800.0,5338.0,,2250.0,0,0,0,0,0,0,0,0,0,0,0,0,0,0,0,0,0,0,0,0,0,0,0,0,0,0,0,0,0,0,0,0,0,11,2026-02-05 19:52:25.748582
WNTR,25.02,24.96,25.02,578.0,1915800.0,,,2118000.0,2231.0,15684.0,,0,0,0,0,0,0,0,0,0,0,0,0,0,0,0,0,0,0,0,0,0,0,0,0,0,0,0,0,0,0,0,0,0,11,2026-02-05 19:52:25.748582
SPNG,24.78,24.56,24.78,1472.0,1982400.0,1076600.0,4561.0,400.0,18000.0,,,0,0,0,0,0,0,0,0,0,0,0,0,0,0,0,0,0,0,0,0,0,0,0,0,0,0,0,0,0,0,0,0,0,12,2026-02-05 19:52:26.844594
SMMR,25.01,25.01,25.02,7196.0,1807800.0,2062800.0,6931.0,,,520.0,,0,0,0,0,0,0,0,0,0,0,0,0,0,0,0,0,0,0,0,0,0,0,0,0,0,0,0,0,0,0,0,0,0,12,2026-02-05 19:52:26.844594
ATMN,25.1,24.75,25.1,4048.0,1662000.0,1857000.0,,,4500.0,,6750.0,0,0,0,0,0,0,0,0,0,0,0,0,0,0,0,0,0,0,0,0,0,0,0,0,0,0,0,0,0,0,0,0,0,12,2026-02-05 19:52:26.844594
WNTR,24.88,24.99,25.02,7280.0,2021900.0,1896800.0,3036.0,598.0,,536.0,,0,0,0,0,0,0,0,0,0,0,0,0,0,0,0,0,0,0,0,0,0,0,0,0,0,0,0,0,0,0,0,0,0,12,2026-02-05 19:52:26.844594
SPNG,24.49,24.5,25.13,382.0,2023600.0,360.0,18000.0,1389600.0,,,,0,0,0,0,0,0,0,0,0,0,0,0,0,0,0,0,0,0,0,0,0,0,0,0,0,0,0,0,0,0,0,0,0,13,2026-02-05 19:52:27.902222
SMMR,25.04,24.98,25.04,520.0,2017200.0,486.0,,2077500.0,,,,0,0,0,0,0,0,0,0,0,0,0,0,0,0,0,0,0,0,0,0,0,0,0,0,0,0,0,0,0,0,0,0,0,13,2026-02-05 19:52:27.902222
ATMN,25.01,25.06,25.07,,1535400.0,,,1946500.0,100.0,9000.0,4666.0,0,0,0,0,0,0,0,0,0,0,0,0,0,0,0,0,0,0,0,0,0,0,0,0,0,0,0,0,0,0,0,0,0,13,2026-02-05 19:52:27.902222
WNTR,24.88,24.93,24.96,536.0,2032200.0,598.0,,1911900.0,7280.0,,18720.0,0,0,0,0,0,0,0,0,0,0,0,0,0,0,0,0,0,0,0,0,0,0,0,0,0,0,0,0,0,0,0,0,0,13,2026-02-05 19:52:27.902222
SPNG,25.15,24.56,25.11,382.0,100.0,2025500.0,360.0,3000.0,1909200.0,,,0,0,0,0,0,0,0,0,0,0,0,0,0,0,0,0,0,0,0,0,0,0,0,0,0,0,0,0,0,0,0,0,0,14,2026-02-05 19:52:29.001707
SMMR,24.86,25.0,25.02,520.0,11951.0,1782800.0,,,1984000.0,14049.0,,0,0,0,0,0,0,0,0,0,0,0,0,0,0,0,0,0,0,0,0,0,0,0,0,0,0,0,0,0,0,0,0,0,14,2026-02-05 19:52:29.001707
ATMN,25.06,25.05,25.06,941.0,100.0,1428000.0,405.0,,1774300.0,8501.0,9000.0,0,0,0,0,0,0,0,0,0,0,0,0,0,0,0,0,0,0,0,0,0,0,0,0,0,0,0,0,0,0,0,0,0,14,2026-02-05 19:52:29.001707
WNTR,24.91,24.91,24.93,536.0,,2105100.0,598.0,,1814900.0,26000.0,,0,0,0,0,0,0,0,0,0,0,0,0,0,0,0,0,0,0,0,0,0,0,0,0,0,0,0,0,0,0,0,0,0,14,2026-02-05 19:52:29.001707
SPNG,25.26,25.04,25.19,1993500.0,6000.0,3000.0,2009200.0,,,0,0,0,0,0,0,0,0,0,0,0,0,0,0,0,0,0,0,0,0,0,0,0,0,0,0,0,0,0,0,0,0,0,0,0,15,2026-02-05 19:52:30.062387
SMMR,24.94,24.87,24.94,1982100.0,,,2103900.0,520.0,520.0,0,0,0,0,0,0,0,0,0,0,0,0,0,0,0,0,0,0,0,0,0,0,0,0,0,0,0,0,0,0,0,0,0,0,0,15,2026-02-05 19:52:30.062387
ATMN,24.97,24.81,24.87,1527800.0,11250.0,,2004400.0,,459.0,0,0,0,0,0,0,0,0,0,0,0,0,0,0,0,0,0,0,0,0,0,0,0,0,0,0,0,0,0,0,0,0,0,0,0,15,2026-02-05 19:52:30.062387
WNTR,24.95,24.95,24.96,2135300.0,,,2121500.0,536.0,598.0,0,0,0,0,0,0,0,0,0,0,0,0,0,0,0,0,0,0,0,0,0,0,0,0,0,0,0,0,0,0,0,0,0,0,0,15,2026-02-05 19:52:30.062387
SPNG,25.04,25.05,25.17,1626.0,9000.0,380.0,1687900.0,400.0,6505.0,1900100.0,,0,0,0,0,0,0,0,0,0,0,0,0,0,0,0,0,0,0,0,0,0,0,0,0,0,0,0,0,0,0,0,0,0,16,2026-02-05 19:52:31.121141
SMMR,24.75,24.87,24.9,,,520.0,1986600.0,520.0,10000.0,1989000.0,,0,0,0,0,0,0,0,0,0,0,0,0,0,0,0,0,0,0,0,0,0,0,0,0,0,0,0,0,0,0,0,0,0,16,2026-02-05 19:52:31.121141
ATMN,24.87,24.82,24.86,7653.0,13500.0,355.0,1197200.0,1805.0,,1801300.0,4500.0,0,0,0,0,0,0,0,0,0,0,0,0,0,0,0,0,0,0,0,0,0,0,0,0,0,0,0,0,0,0,0,0,0,16,2026-02-05 19:52:31.121141
WNTR,25.01,25.01,25.04,7653.0,,536.0,2002200.0,,7653.0,2108300.0,,0,0,0,0,0,0,0,0,0,0,0,0,0,0,0,0,0,0,0,0,0,0,0,0,0,0,0,0,0,0,0,0,0,16,2026-02-05 19:52:31.121141
SPNG,24.81,24.5,24.73,6000.0,2025500.0,1714400.0,780.0,6605.0,3000.0,,,0,0,0,0,0,0,0,0,0,0,0,0,0,0,0,0,0,0,0,0,0,0,0,0,0,0,0,0,0,0,0,0,0,17,2026-02-05 19:52:32.174451
SMMR,24.87,24.99,25.04,,1986600.0,1957000.0,520.0,100.0,,6540.0,,0,0,0,0,0,0,0,0,0,0,0,0,0,0,0,0,0,0,0,0,0,0,0,0,0,0,0,0,0,0,0,0,0,17,2026-02-05 19:52:32.174451
ATMN,24.87,24.83,24.87,15750.0,1067600.0,1955500.0,459.0,,,7753.0,,0,0,0,0,0,0,0,0,0,0,0,0,0,0,0,0,0,0,0,0,0,0,0,0,0,0,0,0,0,0,0,0,0,17,2026-02-05 19:52:32.174451
WNTR,24.91,24.99,25.07,,2105100.0,2012100.0,536.0,2154.0,,,598.0,0,0,0,0,0,0,0,0,0,0,0,0,0,0,0,0,0,0,0,0,0,0,0,0,0,0,0,0,0,0,0,0,0,17,2026-02-05 19:52:32.174451
SPNG,24.73,24.53,24.72,400.0,9000.0,1788300.0,6000.0,400.0,1805400.0,,,0,0,0,0,0,0,0,0,0,0,0,0,0,0,0,0,0,0,0,0,0,0,0,0,0,0,0,0,0,0,0,0,0,18,2026-02-05 19:52:33.232211
SMMR,24.85,24.84,24.85,454.0,,1960700.0,,1006.0,2047400.0,,,0,0,0,0,0,0,0,0,0,0,0,0,0,0,0,0,0,0,0,0,0,0,0,0,0,0,0,0,0,0,0,0,0,18,2026-02-05 19:52:33.232211
ATMN,24.93,24.82,24.93,,18000.0,1182600.0,,459.0,1959800.0,,,0,0,0,0,0,0,0,0,0,0,0,0,0,0,0,0,0,0,0,0,0,0,0,0,0,0,0,0,0,0,0,0,0,18,2026-02-05 19:52:33.232211
WNTR,25.09,25.05,25.08,,,2101100.0,,578.0,2016300.0,10000.0,10000.0,0,0,0,0,0,0,0,0,0,0,0,0,0,0,0,0,0,0,0,0,0,0,0,0,0,0,0,0,0,0,0,0,0,18,2026-02-05 19:52:33.232211
SPNG,24.73,24.92,25.25,1698400.0,400.0,12000.0,6000.0,1900100.0,,,,0,0,0,0,0,0,0,0,0,0,0,0,0,0,0,0,0,0,0,0,0,0,0,0,0,0,0,0,0,0,0,0,0,19,2026-02-05 19:52:33.797660
SMMR,24.9,24.84,24.9,1981400.0,454.0,,,2164800.0,,,,0,0,0,0,0,0,0,0,0,0,0,0,0,0,0,0,0,0,0,0,0,0,0,0,0,0,0,0,0,0,0,0,0,19,2026-02-05 19:52:33.797660
ATMN,24.92,24.92,24.93,982700.0,432.0,18000.0,,2049300.0,100.0,,,0,0,0,0,0,0,0,0,0,0,0,0,0,0,0,0,0,0,0,0,0,0,0,0,0,0,0,0,0,0,0,0,0,19,2026-02-05 19:52:33.797660
WNTR,25.09,25.05,25.06,2012200.0,596.0,,,2024600.0,10000.0,10000.0,536.0,0,0,0,0,0,0,0,0,0,0,0,0,0,0,0,0,0,0,0,0,0,0,0,0,0,0,0,0,0,0,0,0,0,19,2026-02-05 19:52:33.797660
SPNG,24.92,24.94,24.99,6646.0,800.0,18000.0,1357500.0,1531600.0,100.0,360.0,12000.0,0,0,0,0,0,0,0,0,0,0,0,0,0,0,0,0,0,0,0,0,0,0,0,0,0,0,0,0,0,0,0,0,0,20,2026-02-05 19:52:34.863377
SMMR,24.9,24.87,24.9,8997.0,520.0,,1890100.0,1923100.0,4443.0,520.0,,0,0,0,0,0,0,0,0,0,0,0,0,0,0,0,0,0,0,0,0,0,0,0,0,0,0,0,0,0,0,0,0,0,20,2026-02-05 19:52:34.863377
ATMN,24.93,24.92,24.93,100.0,459.0,18000.0,994400.0,1921700.0,100.0,459.0,,0,0,0,0,0,0,0,0,0,0,0,0,0,0,0,0,0,0,0,0,0,0,0,0,0,0,0,0,0,0,0,0,0,20,2026-02-05 19:52:34.863377
WNTR,25.06,25.01,25.06,,596.0,,2118900.0,1925900.0,14892.0,536.0,,0,0,0,0,0,0,0,0,0,0,0,0,0,0,0,0,0,0,0,0,0,0,0,0,0,0,0,0,0,0,0,0,0,20,2026-02-05 19:52:34.863377
SPNG,24.92,24.93,24.98,18000.0,1474200.0,800.0,15000.0,3611.0,1315600.0,360.0,,0,0,0,0,0,0,0,0,0,0,0,0,0,0,0,0,0,0,0,0,0,0,0,0,0,0,0,0,0,0,0,0,0,21,2026-02-05 19:52:35.921992
SMMR,25.04,24.9,25.03,,1764100.0,1040.0,,,2076600.0,452.0,13037.0,0,0,0,0,0,0,0,0,0,0,0,0,0,0,0,0,0,0,0,0,0,0,0,0,0,0,0,0,0,0,0,0,0,21,2026-02-05 19:52:35.921992
ATMN,24.82,24.85,24.93,18000.0,1089000.0,432.0,,7122.0,1856900.0,459.0,,0,0,0,0,0,0,0,0,0,0,0,0,0,0,0,0,0,0,0,0,0,0,0,0,0,0,0,0,0,0,0,0,0,21,2026-02-05 19:52:35.921992
WNTR,25.07,25.07,25.08,,2000800.0,580.0,,10000.0,2040000.0,537.0,3520.0,0,0,0,0,0,0,0,0,0,0,0,0,0,0,0,0,0,0,0,0,0,0,0,0,0,0,0,0,0,0,0,0,0,21,2026-02-05 19:52:35.921992
SPNG,24.98,24.98,24.99,1337000.0,800.0,18000.0,1042.0,1651500.0,360.0,12000.0,,0,0,0,0,0,0,0,0,0,0,0,0,0,0,0,0,0,0,0,0,0,0,0,0,0,0,0,0,0,0,0,0,0,22,2026-02-05 19:52:36.984117
SMMR,25.05,25.05,25.08,1876500.0,1492.0,,7119.0,2181000.0,,,,0,0,0,0,0,0,0,0,0,0,0,0,0,0,0,0,0,0,0,0,0,0,0,0,0,0,0,0,0,0,0,0,0,22,2026-02-05 19:52:36.984117
ATMN,24.86,24.83,24.86,1172300.0,432.0,15750.0,,1950900.0,459.0,,4658.0,0,0,0,0,0,0,0,0,0,0,0,0,0,0,0,0,0,0,0,0,0,0,0,0,0,0,0,0,0,0,0,0,0,22,2026-02-05 19:52:36.984117
WNTR,25.07,25.05,25.06,2137300.0,,,4761.0,2159700.0,,,2794.0,0,0,0,0,0,0,0,0,0,0,0,0,0,0,0,0,0,0,0,0,0,0,0,0,0,0,0,0,0,0,0,0,0,22,2026-02-05 19:52:36.984117
SPNG,25.27,24.93,25.27,21000.0,1137600.0,1142.0,800.0,2156500.0,,,0,0,0,0,0,0,0,0,0,0,0,0,0,0,0,0,0,0,0,0,0,0,0,0,0,0,0,0,0,0,0,0,0,0,23,2026-02-05 19:52:38.075985
SMMR,24.86,24.85,24.86,,2068800.0,,,2051200.0,366.0,,0,0,0,0,0,0,0,0,0,0,0,0,0,0,0,0,0,0,0,0,0,0,0,0,0,0,0,0,0,0,0,0,0,0,23,2026-02-05 19:52:38.075985
ATMN,24.86,24.84,24.85,15750.0,1172300.0,4761.0,,1950900.0,,9419.0,0,0,0,0,0,0,0,0,0,0,0,0,0,0,0,0,0,0,0,0,0,0,0,0,0,0,0,0,0,0,0,0,0,0,23,2026-02-05 19:52:38.075985
WNTR,24.88,24.88,25.08,,2244300.0,,,2168500.0,537.0,,0,0,0,0,0,0,0,0,0,0,0,0,0,0,0,0,0,0,0,0,0,0,0,0,0,0,0,0,0,0,0,0,0,0,23,2026-02-05 19:52:38.075985
SPNG,24.5,24.93,24.97,1681900.0,400.0,12000.0,400.0,3000.0,1960800.0,0,0,0,0,0,0,0,0,0,0,0,0,0,0,0,0,0,0,0,0,0,0,0,0,0,0,0,0,0,0,0,0,0,0,0,24,2026-02-05 19:52:39.125743
SMMR,24.87,24.85,24.87,2068800.0,,,,,2183900.0,0,0,0,0,0,0,0,0,0,0,0,0,0,0,0,0,0,0,0,0,0,0,0,0,0,0,0,0,0,0,0,0,0,0,0,24,2026-02-05 19:52:39.125743
ATMN,25.09,24.83,25.09,1285100.0,432.0,13500.0,,,2088400.0,0,0,0,0,0,0,0,0,0,0,0,0,0,0,0,0,0,0,0,0,0,0,0,0,0,0,0,0,0,0,0,0,0,0,0,24,2026-02-05 19:52:39.125743
WNTR,25.07,25.09,25.11,2164200.0,537.0,,,,2290900.0,0,0,0,0,0,0,0,0,0,0,0,0,0,0,0,0,0,0,0,0,0,0,0,0,0,0,0,0,0,0,0,0,0,0,0,24,2026-02-05 19:52:39.125743
SPNG,24.96,24.96,24.97,1295400.0,9742.0,15000.0,400.0,200.0,400.0,1859900.0,0,0,0,0,0,0,0,0,0,0,0,0,0,0,0,0,0,0,0,0,0,0,0,0,0,0,0,0,0,0,0,0,0,0,25,2026-02-05 19:52:40.191169
SMMR,24.99,24.85,24.88,1824400.0,5684.0,,366.0,,2367.0,2077500.0,0,0,0,0,0,0,0,0,0,0,0,0,0,0,0,0,0,0,0,0,0,0,0,0,0,0,0,0,0,0,0,0,0,0,25,2026-02-05 19:52:40.191169
ATMN,25.13,25.03,25.13,1201700.0,17286.0,11250.0,459.0,,,2089500.0,0,0,0,0,0,0,0,0,0,0,0,0,0,0,0,0,0,0,0,0,0,0,0,0,0,0,0,0,0,0,0,0,0,0,25,2026-02-05 19:52:40.191169
WNTR,25.11,25.09,25.11,2069700.0,5120.0,,580.0,3264.0,580.0,2055200.0,0,0,0,0,0,0,0,0,0,0,0,0,0,0,0,0,0,0,0,0,0,0,0,0,0,0,0,0,0,0,0,0,0,0,25,2026-02-05 19:52:40.191169
SPNG,25.27,24.93,25.27,1666500.0,400.0,12000.0,2179300.0,,,,0,0,0,0,0,0,0,0,0,0,0,0,0,0,0,0,0,0,0,0,0,0,0,0,0,0,0,0,0,0,0,0,0,0,26,2026-02-05 19:52:41.254312
SMMR,24.99,25.06,25.08,1713600.0,366.0,,2178800.0,9724.0,,,0,0,0,0,0,0,0,0,0,0,0,0,0,0,0,0,0,0,0,0,0,0,0,0,0,0,0,0,0,0,0,0,0,0,26,2026-02-05 19:52:41.254312
ATMN,24.85,24.85,25.06,1601400.0,,9000.0,2002700.0,,432.0,,0,0,0,0,0,0,0,0,0,0,0,0,0,0,0,0,0,0,0,0,0,0,0,0,0,0,0,0,0,0,0,0,0,0,26,2026-02-05 19:52:41.254312
WNTR,25.11,25.09,25.11,1953000.0,580.0,,1934100.0,8778.0,537.0,6922.0,0,0,0,0,0,0,0,0,0,0,0,0,0,0,0,0,0,0,0,0,0,0,0,0,0,0,0,0,0,0,0,0,0,0,26,2026-02-05 19:52:41.254312
SPNG,25.29,24.94,25.26,15000.0,1453100.0,400.0,100.0,3000.0,2088100.0,,,0,0,0,0,0,0,0,0,0,0,0,0,0,0,0,0,0,0,0,0,0,0,0,0,0,0,0,0,0,0,0,0,0,27,2026-02-05 19:52:42.303822
SMMR,25.1,25.08,25.1,,1790600.0,366.0,1851.0,,2090900.0,2014.0,,0,0,0,0,0,0,0,0,0,0,0,0,0,0,0,0,0,0,0,0,0,0,0,0,0,0,0,0,0,0,0,0,0,27,2026-02-05 19:52:42.303822
ATMN,25.08,25.08,25.13,,1901900.0,,100.0,,2110100.0,,,0,0,0,0,0,0,0,0,0,0,0,0,0,0,0,0,0,0,0,0,0,0,0,0,0,0,0,0,0,0,0,0,0,27,2026-02-05 19:52:42.303822
WNTR,25.1,25.1,25.11,,2142800.0,,5780.0,,2162700.0,,537.0,0,0,0,0,0,0,0,0,0,0,0,0,0,0,0,0,0,0,0,0,0,0,0,0,0,0,0,0,0,0,0,0,0,27,2026-02-05 19:52:42.303822
SPNG,25.29,24.94,25.21,18000.0,1330300.0,400.0,100.0,6609.0,6000.0,1864800.0,,0,0,0,0,0,0,0,0,0,0,0,0,0,0,0,0,0,0,0,0,0,0,0,0,0,0,0,0,0,0,0,0,0,28,2026-02-05 19:52:42.858923
SMMR,25.1,25.08,25.09,,1790600.0,366.0,1851.0,2014.0,,2083900.0,,0,0,0,0,0,0,0,0,0,0,0,0,0,0,0,0,0,0,0,0,0,0,0,0,0,0,0,0,0,0,0,0,0,28,2026-02-05 19:52:42.858923
ATMN,25.08,25.08,25.12,,1901900.0,,100.0,,4500.0,1932400.0,,0,0,0,0,0,0,0,0,0,0,0,0,0,0,0,0,0,0,0,0,0,0,0,0,0,0,0,0,0,0,0,0,0,28,2026-02-05 19:52:42.858923
WNTR,25.13,25.1,25.13,,2152300.0,,5780.0,,,2155800.0,537.0,0,0,0,0,0,0,0,0,0,0,0,0,0,0,0,0,0,0,0,0,0,0,0,0,0,0,0,0,0,0,0,0,0,28,2026-02-05 19:52:42.858923
SPNG,25.1,24.9,25.1,100.0,1552700.0,15000.0,1682000.0,14697.0,9000.0,,0,0,0,0,0,0,0,0,0,0,0,0,0,0,0,0,0,0,0,0,0,0,0,0,0,0,0,0,0,0,0,0,0,0,29,2026-02-05 19:52:43.931520
SMMR,25.08,25.08,25.09,1851.0,1790600.0,,1968400.0,3465.0,,366.0,0,0,0,0,0,0,0,0,0,0,0,0,0,0,0,0,0,0,0,0,0,0,0,0,0,0,0,0,0,0,0,0,0,0,29,2026-02-05 19:52:43.931520
ATMN,25.08,25.09,25.11,7174.0,1813700.0,,1693900.0,7074.0,6750.0,,0,0,0,0,0,0,0,0,0,0,0,0,0,0,0,0,0,0,0,0,0,0,0,0,0,0,0,0,0,0,0,0,0,0,29,2026-02-05 19:52:43.931520
WNTR,25.15,25.11,25.15,12854.0,2057800.0,,2278600.0,,,,0,0,0,0,0,0,0,0,0,0,0,0,0,0,0,0,0,0,0,0,0,0,0,0,0,0,0,0,0,0,0,0,0,0,29,2026-02-05 19:52:43.931520
SPNG,25.1,24.9,25.1,200.0,21000.0,1213900.0,1409900.0,14697.0,15000.0,,0,0,0,0,0,0,0,0,0,0,0,0,0,0,0,0,0,0,0,0,0,0,0,0,0,0,0,0,0,0,0,0,0,0,30,2026-02-05 19:52:44.997970
SMMR,25.09,24.92,25.09,1851.0,,1820000.0,1859700.0,3565.0,,366.0,0,0,0,0,0,0,0,0,0,0,0,0,0,0,0,0,0,0,0,0,0,0,0,0,0,0,0,0,0,0,0,0,0,0,30,2026-02-05 19:52:44.997970
ATMN,25.07,25.06,25.07,100.0,,1872600.0,1392900.0,8641.0,11250.0,,0,0,0,0,0,0,0,0,0,0,0,0,0,0,0,0,0,0,0,0,0,0,0,0,0,0,0,0,0,0,0,0,0,0,30,2026-02-05 19:52:44.997970
WNTR,25.15,25.12,25.14,18400.0,,1950300.0,2187000.0,7083.0,,,0,0,0,0,0,0,0,0,0,0,0,0,0,0,0,0,0,0,0,0,0,0,0,0,0,0,0,0,0,0,0,0,0,0,30,2026-02-05 19:52:44.997970
SPNG,24.53,24.61,25.04,2018400.0,800.0,3000.0,800.0,100.0,1284000.0,18000.0,,0,0,0,0,0,0,0,0,0,0,0,0,0,0,0,0,0,0,0,0,0,0,0,0,0,0,0,0,0,0,0,0,0,31,2026-02-05 19:52:46.116343
SMMR,24.95,24.86,24.89,1809900.0,1040.0,,1040.0,12237.0,1855300.0,,6699.0,0,0,0,0,0,0,0,0,0,0,0,0,0,0,0,0,0,0,0,0,0,0,0,0,0,0,0,0,0,0,0,0,0,31,2026-02-05 19:52:46.116343
ATMN,24.82,24.88,25.04,1885600.0,432.0,,869.0,100.0,1176600.0,15750.0,,0,0,0,0,0,0,0,0,0,0,0,0,0,0,0,0,0,0,0,0,0,0,0,0,0,0,0,0,0,0,0,0,0,31,2026-02-05 19:52:46.116343
WNTR,25.09,25.07,25.08,2280300.0,,,,6699.0,2164500.0,,,0,0,0,0,0,0,0,0,0,0,0,0,0,0,0,0,0,0,0,0,0,0,0,0,0,0,0,0,0,0,0,0,0,31,2026-02-05 19:52:46.116343
SPNG,24.53,24.92,24.95,2031700.0,800.0,1452.0,7868.0,800.0,968100.0,24000.0,0,0,0,0,0,0,0,0,0,0,0,0,0,0,0,0,0,0,0,0,0,0,0,0,0,0,0,0,0,0,0,0,0,0,32,2026-02-05 19:52:47.166856
SMMR,24.88,24.88,24.96,1813100.0,1040.0,7249.0,5538.0,,2052600.0,,0,0,0,0,0,0,0,0,0,0,0,0,0,0,0,0,0,0,0,0,0,0,0,0,0,0,0,0,0,0,0,0,0,0,32,2026-02-05 19:52:47.166856
ATMN,25.13,25.06,25.12,1895500.0,,1976.0,,,2042900.0,2250.0,0,0,0,0,0,0,0,0,0,0,0,0,0,0,0,0,0,0,0,0,0,0,0,0,0,0,0,0,0,0,0,0,0,0,32,2026-02-05 19:52:47.166856
WNTR,25.07,25.07,25.08,2058200.0,537.0,10000.0,6699.0,1082.0,2026600.0,,0,0,0,0,0,0,0,0,0,0,0,0,0,0,0,0,0,0,0,0,0,0,0,0,0,0,0,0,0,0,0,0,0,0,32,2026-02-05 19:52:47.166856
SPNG,24.53,24.92,24.95,2134600.0,800.0,800.0,1072700.0,27000.0,,,0,0,0,0,0,0,0,0,0,0,0,0,0,0,0,0,0,0,0,0,0,0,0,0,0,0,0,0,0,0,0,0,0,0,33,2026-02-05 19:52:48.214057
SMMR,25.01,24.93,25.01,1810700.0,2731.0,,2201400.0,,4733.0,,0,0,0,0,0,0,0,0,0,0,0,0,0,0,0,0,0,0,0,0,0,0,0,0,0,0,0,0,0,0,0,0,0,0,33,2026-02-05 19:52:48.214057
ATMN,25.13,25.0,25.13,1793400.0,,,2148000.0,,100.0,2250.0,0,0,0,0,0,0,0,0,0,0,0,0,0,0,0,0,0,0,0,0,0,0,0,0,0,0,0,0,0,0,0,0,0,0,33,2026-02-05 19:52:48.214057
WNTR,25.08,25.08,25.1,2063800.0,1160.0,1160.0,2161700.0,,8355.0,,0,0,0,0,0,0,0,0,0,0,0,0,0,0,0,0,0,0,0,0,0,0,0,0,0,0,0,0,0,0,0,0,0,0,33,2026-02-05 19:52:48.214057
SPNG,24.96,24.96,25.1,2036200.0,800.0,905.0,1314700.0,24000.0,,,0,0,0,0,0,0,0,0,0,0,0,0,0,0,0,0,0,0,0,0,0,0,0,0,0,0,0,0,0,0,0,0,0,0,34,2026-02-05 19:52:49.257737
SMMR,24.88,24.85,24.87,1816300.0,1040.0,9245.0,2016600.0,,9245.0,1040.0,0,0,0,0,0,0,0,0,0,0,0,0,0,0,0,0,0,0,0,0,0,0,0,0,0,0,0,0,0,0,0,0,0,0,34,2026-02-05 19:52:49.257737
ATMN,25.05,24.98,25.05,1881600.0,919.0,,2153000.0,,,,0,0,0,0,0,0,0,0,0,0,0,0,0,0,0,0,0,0,0,0,0,0,0,0,0,0,0,0,0,0,0,0,0,0,34,2026-02-05 19:52:49.257737
WNTR,25.03,25.0,25.01,2273600.0,,,2013800.0,,9245.0,1160.0,0,0,0,0,0,0,0,0,0,0,0,0,0,0,0,0,0,0,0,0,0,0,0,0,0,0,0,0,0,0,0,0,0,0,34,2026-02-05 19:52:49.257737
SPNG,24.9,24.86,24.88,1410.0,2062100.0,1208400.0,7500.0,720.0,21000.0,,,0,0,0,0,0,0,0,0,0,0,0,0,0,0,0,0,0,0,0,0,0,0,0,0,0,0,0,0,0,0,0,0,0,35,2026-02-05 19:52:50.309199
SMMR,25.1,24.86,24.88,5230.0,1822100.0,1989400.0,5230.0,1040.0,,1040.0,,0,0,0,0,0,0,0,0,0,0,0,0,0,0,0,0,0,0,0,0,0,0,0,0,0,0,0,0,0,0,0,0,0,35,2026-02-05 19:52:50.309199
ATMN,25.08,25.09,25.12,6094.0,1635900.0,2157500.0,,,,836.0,4500.0,0,0,0,0,0,0,0,0,0,0,0,0,0,0,0,0,0,0,0,0,0,0,0,0,0,0,0,0,0,0,0,0,0,35,2026-02-05 19:52:50.309199
WNTR,25.02,25.0,25.02,,2300500.0,1911700.0,16134.0,2320.0,,,,0,0,0,0,0,0,0,0,0,0,0,0,0,0,0,0,0,0,0,0,0,0,0,0,0,0,0,0,0,0,0,0,0,35,2026-02-05 19:52:50.309199
SPNG,24.85,24.81,24.82,2275500.0,1094400.0,800.0,13522.0,21000.0,,,,0,0,0,0,0,0,0,0,0,0,0,0,0,0,0,0,0,0,0,0,0,0,0,0,0,0,0,0,0,0,0,0,0,36,2026-02-05 19:52:50.854899
SMMR,24.84,24.84,24.9,2047000.0,1989400.0,904.0,5230.0,,,,,0,0,0,0,0,0,0,0,0,0,0,0,0,0,0,0,0,0,0,0,0,0,0,0,0,0,0,0,0,0,0,0,0,36,2026-02-05 19:52:50.854899
ATMN,25.08,25.08,25.12,1724000.0,1944700.0,825.0,,2250.0,813.0,6094.0,2250.0,0,0,0,0,0,0,0,0,0,0,0,0,0,0,0,0,0,0,0,0,0,0,0,0,0,0,0,0,0,0,0,0,0,36,2026-02-05 19:52:50.854899
WNTR,24.99,25.0,25.02,2183400.0,1911700.0,3143.0,16134.0,,704.0,,,0,0,0,0,0,0,0,0,0,0,0,0,0,0,0,0,0,0,0,0,0,0,0,0,0,0,0,0,0,0,0,0,0,36,2026-02-05 19:52:50.854899
SPNG,24.81,24.91,24.92,2064400.0,800.0,237.0,12000.0,800.0,1678700.0,,,0,0,0,0,0,0,0,0,0,0,0,0,0,0,0,0,0,0,0,0,0,0,0,0,0,0,0,0,0,0,0,0,0,37,2026-02-05 19:52:51.924104
SMMR,24.84,24.85,24.89,1901700.0,1040.0,3540.0,,1040.0,1976600.0,3540.0,,0,0,0,0,0,0,0,0,0,0,0,0,0,0,0,0,0,0,0,0,0,0,0,0,0,0,0,0,0,0,0,0,0,37,2026-02-05 19:52:51.924104
ATMN,25.12,25.09,25.11,1635900.0,813.0,,4500.0,825.0,1710400.0,805.0,6750.0,0,0,0,0,0,0,0,0,0,0,0,0,0,0,0,0,0,0,0,0,0,0,0,0,0,0,0,0,0,0,0,0,0,37,2026-02-05 19:52:51.924104
WNTR,25.02,25.0,25.02,2085200.0,704.0,111.0,,3143.0,2151000.0,,,0,0,0,0,0,0,0,0,0,0,0,0,0,0,0,0,0,0,0,0,0,0,0,0,0,0,0,0,0,0,0,0,0,37,2026-02-05 19:52:51.924104
SPNG,24.99,24.89,24.99,800.0,649.0,1933500.0,1519800.0,800.0,15000.0,,,0,0,0,0,0,0,0,0,0,0,0,0,0,0,0,0,0,0,0,0,0,0,0,0,0,0,0,0,0,0,0,0,0,38,2026-02-05 19:52:53.009222
SMMR,24.9,24.86,24.9,1040.0,6022.0,1892500.0,2085300.0,1040.0,,,,0,0,0,0,0,0,0,0,0,0,0,0,0,0,0,0,0,0,0,0,0,0,0,0,0,0,0,0,0,0,0,0,0,38,2026-02-05 19:52:53.009222
ATMN,25.18,24.8,25.18,,,1785100.0,2074900.0,,,4500.0,805.0,0,0,0,0,0,0,0,0,0,0,0,0,0,0,0,0,0,0,0,0,0,0,0,0,0,0,0,0,0,0,0,0,0,38,2026-02-05 19:52:53.009222
WNTR,25.03,25.05,25.1,704.0,11752.0,1829500.0,2116700.0,,,,8446.0,0,0,0,0,0,0,0,0,0,0,0,0,0,0,0,0,0,0,0,0,0,0,0,0,0,0,0,0,0,0,0,0,0,38,2026-02-05 19:52:53.009222
SPNG,24.99,25.01,25.14,1907500.0,800.0,6000.0,21000.0,1432000.0,,,0,0,0,0,0,0,0,0,0,0,0,0,0,0,0,0,0,0,0,0,0,0,0,0,0,0,0,0,0,0,0,0,0,0,39,2026-02-05 19:52:54.063058
SMMR,24.93,24.93,25.1,2031800.0,1040.0,,,2227000.0,,,0,0,0,0,0,0,0,0,0,0,0,0,0,0,0,0,0,0,0,0,0,0,0,0,0,0,0,0,0,0,0,0,0,0,39,2026-02-05 19:52:54.063058
ATMN,25.18,25.02,25.08,1735300.0,,6750.0,4500.0,1816500.0,917.0,,0,0,0,0,0,0,0,0,0,0,0,0,0,0,0,0,0,0,0,0,0,0,0,0,0,0,0,0,0,0,0,0,0,0,39,2026-02-05 19:52:54.063058
WNTR,25.12,25.07,25.12,2018600.0,3143.0,,,2247400.0,,5297.0,0,0,0,0,0,0,0,0,0,0,0,0,0,0,0,0,0,0,0,0,0,0,0,0,0,0,0,0,0,0,0,0,0,0,39,2026-02-05 19:52:54.063058
SPNG,25.01,25.03,25.14,800.0,1816000.0,100.0,6000.0,24000.0,1341700.0,,,0,0,0,0,0,0,0,0,0,0,0,0,0,0,0,0,0,0,0,0,0,0,0,0,0,0,0,0,0,0,0,0,0,40,2026-02-05 19:52:55.165515
SMMR,24.99,24.94,24.96,1040.0,2031800.0,,,,1992500.0,904.0,962.0,0,0,0,0,0,0,0,0,0,0,0,0,0,0,0,0,0,0,0,0,0,0,0,0,0,0,0,0,0,0,0,0,0,40,2026-02-05 19:52:55.165515
ATMN,24.85,24.8,24.85,,1636300.0,,9000.0,6750.0,1702700.0,917.0,,0,0,0,0,0,0,0,0,0,0,0,0,0,0,0,0,0,0,0,0,0,0,0,0,0,0,0,0,0,0,0,0,0,40,2026-02-05 19:52:55.165515
WNTR,25.12,25.08,25.1,3847.0,2018600.0,5297.0,,,1981700.0,602.0,100.0,0,0,0,0,0,0,0,0,0,0,0,0,0,0,0,0,0,0,0,0,0,0,0,0,0,0,0,0,0,0,0,0,0,40,2026-02-05 19:52:55.165515
SPNG,24.81,24.81,24.89,2247900.0,1464700.0,800.0,100.0,15000.0,,,0,0,0,0,0,0,0,0,0,0,0,0,0,0,0,0,0,0,0,0,0,0,0,0,0,0,0,0,0,0,0,0,0,0,41,2026-02-05 19:52:56.237567
SMMR,24.93,24.93,24.95,1950900.0,1786000.0,904.0,16316.0,,3789.0,1040.0,0,0,0,0,0,0,0,0,0,0,0,0,0,0,0,0,0,0,0,0,0,0,0,0,0,0,0,0,0,0,0,0,0,0,41,2026-02-05 19:52:56.237567
ATMN,24.77,24.98,25.17,1910100.0,2058700.0,,,2250.0,,929.0,0,0,0,0,0,0,0,0,0,0,0,0,0,0,0,0,0,0,0,0,0,0,0,0,0,0,0,0,0,0,0,0,0,0,41,2026-02-05 19:52:56.237567
WNTR,25.04,25.03,25.04,2100600.0,1874500.0,602.0,7678.0,,7578.0,,0,0,0,0,0,0,0,0,0,0,0,0,0,0,0,0,0,0,0,0,0,0,0,0,0,0,0,0,0,0,0,0,0,0,41,2026-02-05 19:52:56.237567
SPNG,24.89,24.81,24.89,2111300.0,648.0,1652000.0,1520.0,12000.0,,,0,0,0,0,0,0,0,0,0,0,0,0,0,0,0,0,0,0,0,0,0,0,0,0,0,0,0,0,0,0,0,0,0,0,42,2026-02-05 19:52:57.290270
SMMR,24.98,24.96,24.98,1936300.0,1040.0,2111200.0,904.0,,6441.0,,0,0,0,0,0,0,0,0,0,0,0,0,0,0,0,0,0,0,0,0,0,0,0,0,0,0,0,0,0,0,0,0,0,0,42,2026-02-05 19:52:57.290270
ATMN,24.74,24.74,25.04,2048300.0,,1860700.0,613.0,4500.0,,,0,0,0,0,0,0,0,0,0,0,0,0,0,0,0,0,0,0,0,0,0,0,0,0,0,0,0,0,0,0,0,0,0,0,42,2026-02-05 19:52:57.290270
WNTR,25.12,25.04,25.05,1954500.0,602.0,1981700.0,3847.0,,4781.0,3658.0,0,0,0,0,0,0,0,0,0,0,0,0,0,0,0,0,0,0,0,0,0,0,0,0,0,0,0,0,0,0,0,0,0,0,42,2026-02-05 19:52:57.290270
SPNG,24.92,24.92,25.15,1795700.0,3000.0,6308.0,648.0,2185800.0,,,,0,0,0,0,0,0,0,0,0,0,0,0,0,0,0,0,0,0,0,0,0,0,0,0,0,0,0,0,0,0,0,0,0,43,2026-02-05 19:52:58.405488
SMMR,24.92,24.83,24.92,2108600.0,,,,1915100.0,1472.0,904.0,,0,0,0,0,0,0,0,0,0,0,0,0,0,0,0,0,0,0,0,0,0,0,0,0,0,0,0,0,0,0,0,0,0,43,2026-02-05 19:52:58.405488
ATMN,24.67,24.75,25.01,1967900.0,,,684.0,1827300.0,6477.0,2045.0,2250.0,0,0,0,0,0,0,0,0,0,0,0,0,0,0,0,0,0,0,0,0,0,0,0,0,0,0,0,0,0,0,0,0,0,43,2026-02-05 19:52:58.405488
WNTR,25.12,25.12,25.13,2130500.0,,7620.0,,2205500.0,,,,0,0,0,0,0,0,0,0,0,0,0,0,0,0,0,0,0,0,0,0,0,0,0,0,0,0,0,0,0,0,0,0,0,43,2026-02-05 19:52:58.405488
SPNG,24.93,24.92,24.93,1916200.0,3000.0,6308.0,2089400.0,648.0,,,0,0,0,0,0,0,0,0,0,0,0,0,0,0,0,0,0,0,0,0,0,0,0,0,0,0,0,0,0,0,0,0,0,0,44,2026-02-05 19:52:58.977793
SMMR,25.0,24.86,25.0,2005500.0,,,2005000.0,,904.0,1472.0,0,0,0,0,0,0,0,0,0,0,0,0,0,0,0,0,0,0,0,0,0,0,0,0,0,0,0,0,0,0,0,0,0,0,44,2026-02-05 19:52:58.977793
ATMN,24.67,24.68,25.2,1972500.0,2250.0,,2170000.0,,,,0,0,0,0,0,0,0,0,0,0,0,0,0,0,0,0,0,0,0,0,0,0,0,0,0,0,0,0,0,0,0,0,0,0,44,2026-02-05 19:52:58.977793
WNTR,25.02,25.02,25.13,2008000.0,,7620.0,2206900.0,,770.0,,0,0,0,0,0,0,0,0,0,0,0,0,0,0,0,0,0,0,0,0,0,0,0,0,0,0,0,0,0,0,0,0,0,0,44,2026-02-05 19:52:58.977793
SPNG,24.87,24.86,24.87,2017800.0,720.0,593.0,2120500.0,800.0,,,,0,0,0,0,0,0,0,0,0,0,0,0,0,0,0,0,0,0,0,0,0,0,0,0,0,0,0,0,0,0,0,0,0,45,2026-02-05 19:53:00.063841
SMMR,25.0,24.88,24.97,2020600.0,1040.0,,2017600.0,,1472.0,,,0,0,0,0,0,0,0,0,0,0,0,0,0,0,0,0,0,0,0,0,0,0,0,0,0,0,0,0,0,0,0,0,0,45,2026-02-05 19:53:00.063841
ATMN,24.79,24.8,24.98,1777300.0,1361.0,,1815300.0,762.0,,4500.0,4500.0,0,0,0,0,0,0,0,0,0,0,0,0,0,0,0,0,0,0,0,0,0,0,0,0,0,0,0,0,0,0,0,0,0,45,2026-02-05 19:53:00.063841
WNTR,25.0,24.99,25.0,2262900.0,,,2093200.0,770.0,,,,0,0,0,0,0,0,0,0,0,0,0,0,0,0,0,0,0,0,0,0,0,0,0,0,0,0,0,0,0,0,0,0,0,45,2026-02-05 19:53:00.063841
SPNG,24.93,25.06,25.1,2116800.0,720.0,6000.0,2005200.0,,0,0,0,0,0,0,0,0,0,0,0,0,0,0,0,0,0,0,0,0,0,0,0,0,0,0,0,0,0,0,0,0,0,0,0,0,46,2026-02-05 19:53:01.140893
SMMR,24.93,24.87,24.93,2009100.0,1040.0,,2137700.0,1040.0,0,0,0,0,0,0,0,0,0,0,0,0,0,0,0,0,0,0,0,0,0,0,0,0,0,0,0,0,0,0,0,0,0,0,0,0,46,2026-02-05 19:53:01.140893
ATMN,24.57,24.57,24.97,2063700.0,,6750.0,1699800.0,919.0,0,0,0,0,0,0,0,0,0,0,0,0,0,0,0,0,0,0,0,0,0,0,0,0,0,0,0,0,0,0,0,0,0,0,0,0,46,2026-02-05 19:53:01.140893
WNTR,25.06,25.05,25.06,2252100.0,,,2069600.0,1160.0,0,0,0,0,0,0,0,0,0,0,0,0,0,0,0,0,0,0,0,0,0,0,0,0,0,0,0,0,0,0,0,0,0,0,0,0,46,2026-02-05 19:53:01.140893
SPNG,24.86,24.88,25.08,728.0,2015800.0,3000.0,720.0,9000.0,1803100.0,0,0,0,0,0,0,0,0,0,0,0,0,0,0,0,0,0,0,0,0,0,0,0,0,0,0,0,0,0,0,0,0,0,0,0,47,2026-02-05 19:53:02.218396
SMMR,25.11,24.94,25.01,1040.0,1962200.0,,904.0,,2111200.0,0,0,0,0,0,0,0,0,0,0,0,0,0,0,0,0,0,0,0,0,0,0,0,0,0,0,0,0,0,0,0,0,0,0,0,47,2026-02-05 19:53:02.218396
ATMN,24.57,24.72,24.97,813.0,1714200.0,4500.0,919.0,11250.0,1480600.0,0,0,0,0,0,0,0,0,0,0,0,0,0,0,0,0,0,0,0,0,0,0,0,0,0,0,0,0,0,0,0,0,0,0,0,47,2026-02-05 19:53:02.218396
WNTR,25.13,25.05,25.08,1016.0,2156900.0,,991.0,,2070900.0,0,0,0,0,0,0,0,0,0,0,0,0,0,0,0,0,0,0,0,0,0,0,0,0,0,0,0,0,0,0,0,0,0,0,0,47,2026-02-05 19:53:02.218396
SPNG,24.81,24.87,24.95,728.0,2139500.0,1558700.0,720.0,15000.0,,0,0,0,0,0,0,0,0,0,0,0,0,0,0,0,0,0,0,0,0,0,0,0,0,0,0,0,0,0,0,0,0,0,0,0,48,2026-02-05 19:53:03.279028
SMMR,25.11,24.86,25.08,,2105700.0,2211700.0,,,,0,0,0,0,0,0,0,0,0,0,0,0,0,0,0,0,0,0,0,0,0,0,0,0,0,0,0,0,0,0,0,0,0,0,0,48,2026-02-05 19:53:03.279028
ATMN,24.99,25.05,25.19,813.0,1616700.0,2064900.0,,2250.0,6750.0,0,0,0,0,0,0,0,0,0,0,0,0,0,0,0,0,0,0,0,0,0,0,0,0,0,0,0,0,0,0,0,0,0,0,0,48,2026-02-05 19:53:03.279028
WNTR,25.12,25.05,25.09,1016.0,2156900.0,2105100.0,991.0,,,0,0,0,0,0,0,0,0,0,0,0,0,0,0,0,0,0,0,0,0,0,0,0,0,0,0,0,0,0,0,0,0,0,0,0,48,2026-02-05 19:53:03.279028
SPNG,24.8,24.8,24.94,2231300.0,3000.0,720.0,2007500.0,,,0,0,0,0,0,0,0,0,0,0,0,0,0,0,0,0,0,0,0,0,0,0,0,0,0,0,0,0,0,0,0,0,0,0,0,49,2026-02-05 19:53:04.334450
SMMR,25.08,24.89,25.08,2004000.0,,,2211700.0,1826.0,,0,0,0,0,0,0,0,0,0,0,0,0,0,0,0,0,0,0,0,0,0,0,0,0,0,0,0,0,0,0,0,0,0,0,0,49,2026-02-05 19:53:04.334450
ATMN,24.95,24.98,25.2,1614800.0,,,2170000.0,825.0,6750.0,0,0,0,0,0,0,0,0,0,0,0,0,0,0,0,0,0,0,0,0,0,0,0,0,0,0,0,0,0,0,0,0,0,0,0,49,2026-02-05 19:53:04.334450
WNTR,25.16,25.05,25.1,2180900.0,,1160.0,2112100.0,1160.0,,0,0,0,0,0,0,0,0,0,0,0,0,0,0,0,0,0,0,0,0,0,0,0,0,0,0,0,0,0,0,0,0,0,0,0,49,2026-02-05 19:53:04.334450
SPNG,24.8,24.84,24.94,727.0,6000.0,1906500.0,6000.0,728.0,1880600.0,0,0,0,0,0,0,0,0,0,0,0,0,0,0,0,0,0,0,0,0,0,0,0,0,0,0,0,0,0,0,0,0,0,0,0,50,2026-02-05 19:53:05.389853
SMMR,24.85,24.91,24.96,2628.0,,2023800.0,,698.0,2089000.0,0,0,0,0,0,0,0,0,0,0,0,0,0,0,0,0,0,0,0,0,0,0,0,0,0,0,0,0,0,0,0,0,0,0,0,50,2026-02-05 19:53:05.389853
ATMN,24.98,24.99,25.19,813.0,9000.0,1526700.0,2250.0,825.0,1955400.0,0,0,0,0,0,0,0,0,0,0,0,0,0,0,0,0,0,0,0,0,0,0,0,0,0,0,0,0,0,0,0,0,0,0,0,50,2026-02-05 19:53:05.389853
WNTR,25.15,25.09,25.16,431.0,,2167100.0,,,2197400.0,0,0,0,0,0,0,0,0,0,0,0,0,0,0,0,0,0,0,0,0,0,0,0,0,0,0,0,0,0,0,0,0,0,0,0,50,2026-02-05 19:53:05.389853
SPNG,25.11,24.81,25.11,6000.0,2029900.0,2217600.0,,,0,0,0,0,0,0,0,0,0,0,0,0,0,0,0,0,0,0,0,0,0,0,0,0,0,0,0,0,0,0,0,0,0,0,0,0,51,2026-02-05 19:53:05.954951
SMMR,25.11,24.9,25.05,,1989500.0,2219200.0,2628.0,,0,0,0,0,0,0,0,0,0,0,0,0,0,0,0,0,0,0,0,0,0,0,0,0,0,0,0,0,0,0,0,0,0,0,0,0,51,2026-02-05 19:53:05.954951
ATMN,24.56,24.56,25.19,,2037700.0,1955400.0,,4500.0,0,0,0,0,0,0,0,0,0,0,0,0,0,0,0,0,0,0,0,0,0,0,0,0,0,0,0,0,0,0,0,0,0,0,0,0,51,2026-02-05 19:53:05.954951
WNTR,25.09,24.99,25.05,,2238900.0,2202500.0,,,0,0,0,0,0,0,0,0,0,0,0,0,0,0,0,0,0,0,0,0,0,0,0,0,0,0,0,0,0,0,0,0,0,0,0,0,51,2026-02-05 19:53:05.954951
SPNG,24.78,24.81,24.84,6000.0,2025300.0,2218400.0,,,,0,0,0,0,0,0,0,0,0,0,0,0,0,0,0,0,0,0,0,0,0,0,0,0,0,0,0,0,0,0,0,0,0,0,0,52,2026-02-05 19:53:07.041889
SMMR,25.11,24.93,25.11,,1952900.0,2220200.0,3326.0,,,0,0,0,0,0,0,0,0,0,0,0,0,0,0,0,0,0,0,0,0,0,0,0,0,0,0,0,0,0,0,0,0,0,0,0,52,2026-02-05 19:53:07.041889
ATMN,24.56,25.09,25.19,,2014900.0,1604200.0,,9000.0,813.0,0,0,0,0,0,0,0,0,0,0,0,0,0,0,0,0,0,0,0,0,0,0,0,0,0,0,0,0,0,0,0,0,0,0,0,52,2026-02-05 19:53:07.041889
WNTR,24.99,24.99,25.0,,2238900.0,2064800.0,,,431.0,0,0,0,0,0,0,0,0,0,0,0,0,0,0,0,0,0,0,0,0,0,0,0,0,0,0,0,0,0,0,0,0,0,0,0,52,2026-02-05 19:53:07.041889
SPNG,24.78,24.78,24.84,2213800.0,2184000.0,,0,0,0,0,0,0,0,0,0,0,0,0,0,0,0,0,0,0,0,0,0,0,0,0,0,0,0,0,0,0,0,0,0,0,0,0,0,0,53,2026-02-05 19:53:08.092092
SMMR,24.87,24.85,24.87,2078100.0,2179100.0,,0,0,0,0,0,0,0,0,0,0,0,0,0,0,0,0,0,0,0,0,0,0,0,0,0,0,0,0,0,0,0,0,0,0,0,0,0,0,53,2026-02-05 19:53:08.092092
ATMN,25.09,24.56,24.65,2036200.0,1605400.0,11250.0,0,0,0,0,0,0,0,0,0,0,0,0,0,0,0,0,0,0,0,0,0,0,0,0,0,0,0,0,0,0,0,0,0,0,0,0,0,0,53,2026-02-05 19:53:08.092092
WNTR,25.16,25.01,25.16,2238400.0,2213600.0,,0,0,0,0,0,0,0,0,0,0,0,0,0,0,0,0,0,0,0,0,0,0,0,0,0,0,0,0,0,0,0,0,0,0,0,0,0,0,53,2026-02-05 19:53:08.092092
SPNG,24.74,24.74,24.88,2204900.0,3000.0,2080500.0,,0,0,0,0,0,0,0,0,0,0,0,0,0,0,0,0,0,0,0,0,0,0,0,0,0,0,0,0,0,0,0,0,0,0,0,0,0,54,2026-02-05 19:53:09.144189
SMMR,24.87,24.85,24.87,2095800.0,,2042200.0,3326.0,0,0,0,0,0,0,0,0,0,0,0,0,0,0,0,0,0,0,0,0,0,0,0,0,0,0,0,0,0,0,0,0,0,0,0,0,0,54,2026-02-05 19:53:09.144189
ATMN,25.2,24.83,24.92,2042900.0,2250.0,2038000.0,,0,0,0,0,0,0,0,0,0,0,0,0,0,0,0,0,0,0,0,0,0,0,0,0,0,0,0,0,0,0,0,0,0,0,0,0,0,54,2026-02-05 19:53:09.144189
WNTR,25.16,24.99,25.16,2246400.0,,2219800.0,,0,0,0,0,0,0,0,0,0,0,0,0,0,0,0,0,0,0,0,0,0,0,0,0,0,0,0,0,0,0,0,0,0,0,0,0,0,54,2026-02-05 19:53:09.144189
SPNG,24.74,24.74,24.94,2204900.0,3000.0,2107500.0,,0,0,0,0,0,0,0,0,0,0,0,0,0,0,0,0,0,0,0,0,0,0,0,0,0,0,0,0,0,0,0,0,0,0,0,0,0,55,2026-02-05 19:53:10.207393
SMMR,24.85,24.83,24.84,2102700.0,,2138800.0,,0,0,0,0,0,0,0,0,0,0,0,0,0,0,0,0,0,0,0,0,0,0,0,0,0,0,0,0,0,0,0,0,0,0,0,0,0,55,2026-02-05 19:53:10.207393
ATMN,24.92,24.85,24.91,1829800.0,4500.0,1922500.0,4500.0,0,0,0,0,0,0,0,0,0,0,0,0,0,0,0,0,0,0,0,0,0,0,0,0,0,0,0,0,0,0,0,0,0,0,0,0,0,55,2026-02-05 19:53:10.207393
WNTR,24.98,24.98,25.16,2228000.0,,2219800.0,,0,0,0,0,0,0,0,0,0,0,0,0,0,0,0,0,0,0,0,0,0,0,0,0,0,0,0,0,0,0,0,0,0,0,0,0,0,55,2026-02-05 19:53:10.207393
SPNG,25.21,24.75,25.21,3000.0,2084400.0,2190600.0,,,,0,0,0,0,0,0,0,0,0,0,0,0,0,0,0,0,0,0,0,0,0,0,0,0,0,0,0,0,0,0,0,0,0,0,0,56,2026-02-05 19:53:11.266134
SMMR,24.85,24.83,24.84,,2096000.0,2046800.0,1500.0,,,0,0,0,0,0,0,0,0,0,0,0,0,0,0,0,0,0,0,0,0,0,0,0,0,0,0,0,0,0,0,0,0,0,0,0,56,2026-02-05 19:53:11.266134
ATMN,24.92,24.85,24.92,6750.0,1732500.0,2054700.0,,2250.0,,0,0,0,0,0,0,0,0,0,0,0,0,0,0,0,0,0,0,0,0,0,0,0,0,0,0,0,0,0,0,0,0,0,0,0,56,2026-02-05 19:53:11.266134
WNTR,24.98,25.03,25.16,,2121600.0,2219800.0,,,1500.0,0,0,0,0,0,0,0,0,0,0,0,0,0,0,0,0,0,0,0,0,0,0,0,0,0,0,0,0,0,0,0,0,0,0,0,56,2026-02-05 19:53:11.266134
SPNG,24.72,24.72,25.21,2168700.0,2190600.0,,,0,0,0,0,0,0,0,0,0,0,0,0,0,0,0,0,0,0,0,0,0,0,0,0,0,0,0,0,0,0,0,0,0,0,0,0,0,57,2026-02-05 19:53:12.317823
SMMR,24.85,24.87,24.96,2118200.0,2018200.0,1500.0,,0,0,0,0,0,0,0,0,0,0,0,0,0,0,0,0,0,0,0,0,0,0,0,0,0,0,0,0,0,0,0,0,0,0,0,0,0,57,2026-02-05 19:53:12.317823
ATMN,24.83,24.87,25.0,2035500.0,2179600.0,,,0,0,0,0,0,0,0,0,0,0,0,0,0,0,0,0,0,0,0,0,0,0,0,0,0,0,0,0,0,0,0,0,0,0,0,0,0,57,2026-02-05 19:53:12.317823
WNTR,24.96,25.02,25.14,2135400.0,2249400.0,,1500.0,0,0,0,0,0,0,0,0,0,0,0,0,0,0,0,0,0,0,0,0,0,0,0,0,0,0,0,0,0,0,0,0,0,0,0,0,0,57,2026-02-05 19:53:12.317823
SPNG,24.71,24.71,24.86,2149900.0,2173200.0,0,0,0,0,0,0,0,0,0,0,0,0,0,0,0,0,0,0,0,0,0,0,0,0,0,0,0,0,0,0,0,0,0,0,0,0,0,0,0,58,2026-02-05 19:53:13.369053
SMMR,25.0,24.87,25.0,2118200.0,2148500.0,0,0,0,0,0,0,0,0,0,0,0,0,0,0,0,0,0,0,0,0,0,0,0,0,0,0,0,0,0,0,0,0,0,0,0,0,0,0,0,58,2026-02-05 19:53:13.369053
ATMN,24.83,24.87,25.0,2058800.0,2144000.0,0,0,0,0,0,0,0,0,0,0,0,0,0,0,0,0,0,0,0,0,0,0,0,0,0,0,0,0,0,0,0,0,0,0,0,0,0,0,0,58,2026-02-05 19:53:13.369053
WNTR,24.96,24.96,25.14,2223400.0,2249400.0,0,0,0,0,0,0,0,0,0,0,0,0,0,0,0,0,0,0,0,0,0,0,0,0,0,0,0,0,0,0,0,0,0,0,0,0,0,0,0,58,2026-02-05 19:53:13.369053
SPNG,24.7,24.71,24.86,2160500.0,2173200.0,0,0,0,0,0,0,0,0,0,0,0,0,0,0,0,0,0,0,0,0,0,0,0,0,0,0,0,0,0,0,0,0,0,0,0,0,0,0,0,59,2026-02-05 19:53:14.422183
SMMR,25.0,24.95,24.99,2117700.0,2190100.0,0,0,0,0,0,0,0,0,0,0,0,0,0,0,0,0,0,0,0,0,0,0,0,0,0,0,0,0,0,0,0,0,0,0,0,0,0,0,0,59,2026-02-05 19:53:14.422183
ATMN,25.23,24.87,25.17,2084700.0,2168800.0,0,0,0,0,0,0,0,0,0,0,0,0,0,0,0,0,0,0,0,0,0,0,0,0,0,0,0,0,0,0,0,0,0,0,0,0,0,0,0,59,2026-02-05 19:53:14.422183
WNTR,25.14,24.96,25.11,2255600.0,2214100.0,0,0,0,0,0,0,0,0,0,0,0,0,0,0,0,0,0,0,0,0,0,0,0,0,0,0,0,0,0,0,0,0,0,0,0,0,0,0,0,59,2026-02-05 19:53:14.422183
SPNG,24.7,25.83,0.0,200000.0,0,0,0,0,0,0,0,0,0,0,0,0,0,0,0,0,0,0,0,0,0,0,0,0,0,0,0,0,0,0,0,0,0,0,0,0,0,0,0,0,60,2026-02-05 19:53:14.983966
SMMR,25.0,24.85,0.0,200000.0,0,0,0,0,0,0,0,0,0,0,0,0,0,0,0,0,0,0,0,0,0,0,0,0,0,0,0,0,0,0,0,0,0,0,0,0,0,0,0,0,60,2026-02-05 19:53:14.983966
ATMN,25.23,24.69,0.0,200000.0,0,0,0,0,0,0,0,0,0,0,0,0,0,0,0,0,0,0,0,0,0,0,0,0,0,0,0,0,0,0,0,0,0,0,0,0,0,0,0,0,60,2026-02-05 19:53:14.983966
WNTR,25.16,24.84,0.0,200000.0,0,0,0,0,0,0,0,0,0,0,0,0,0,0,0,0,0,0,0,0,0,0,0,0,0,0,0,0,0,0,0,0,0,0,0,0,0,0,0,0,60,2026-02-05 19:53:14.983966
SPNG,25.83,25.83,26.01,885200.0,926400.0,720.0,,0,0,0,0,0,0,0,0,0,0,0,0,0,0,0,0,0,0,0,0,0,0,0,0,0,0,0,0,0,0,0,0,0,0,0,0,0,61,2026-02-05 19:53:16.035802
SMMR,24.86,24.85,24.86,956000.0,816200.0,1040.0,904.0,0,0,0,0,0,0,0,0,0,0,0,0,0,0,0,0,0,0,0,0,0,0,0,0,0,0,0,0,0,0,0,0,0,0,0,0,0,61,2026-02-05 19:53:16.035802
ATMN,25.23,24.82,24.86,1046000.0,968900.0,919.0,919.0,0,0,0,0,0,0,0,0,0,0,0,0,0,0,0,0,0,0,0,0,0,0,0,0,0,0,0,0,0,0,0,0,0,0,0,0,0,61,2026-02-05 19:53:16.035802
WNTR,24.77,24.62,24.77,930900.0,1040500.0,1160.0,,0,0,0,0,0,0,0,0,0,0,0,0,0,0,0,0,0,0,0,0,0,0,0,0,0,0,0,0,0,0,0,0,0,0,0,0,0,61,2026-02-05 19:53:16.035802
SPNG,25.83,25.66,25.82,870400.0,1050700.0,800.0,1279.0,,,0,0,0,0,0,0,0,0,0,0,0,0,0,0,0,0,0,0,0,0,0,0,0,0,0,0,0,0,0,0,0,0,0,0,0,62,2026-02-05 19:53:17.144492
SMMR,24.83,24.69,24.76,856000.0,1301500.0,1040.0,2558.0,,,0,0,0,0,0,0,0,0,0,0,0,0,0,0,0,0,0,0,0,0,0,0,0,0,0,0,0,0,0,0,0,0,0,0,0,62,2026-02-05 19:53:17.144492
ATMN,25.23,24.82,24.83,1136900.0,1327400.0,919.0,2558.0,1279.0,919.0,0,0,0,0,0,0,0,0,0,0,0,0,0,0,0,0,0,0,0,0,0,0,0,0,0,0,0,0,0,0,0,0,0,0,0,62,2026-02-05 19:53:17.144492
WNTR,24.68,24.7,24.91,1057200.0,912100.0,,,3198.0,,0,0,0,0,0,0,0,0,0,0,0,0,0,0,0,0,0,0,0,0,0,0,0,0,0,0,0,0,0,0,0,0,0,0,0,62,2026-02-05 19:53:17.144492
SPNG,25.82,25.68,25.81,800.0,1045800.0,800.0,1050700.0,0,0,0,0,0,0,0,0,0,0,0,0,0,0,0,0,0,0,0,0,0,0,0,0,0,0,0,0,0,0,0,0,0,0,0,0,0,63,2026-02-05 19:53:18.201180
SMMR,24.74,24.74,24.76,669.0,1199600.0,,1301500.0,0,0,0,0,0,0,0,0,0,0,0,0,0,0,0,0,0,0,0,0,0,0,0,0,0,0,0,0,0,0,0,0,0,0,0,0,0,63,2026-02-05 19:53:18.201180
ATMN,24.69,24.8,24.83,919.0,1139800.0,,1448000.0,0,0,0,0,0,0,0,0,0,0,0,0,0,0,0,0,0,0,0,0,0,0,0,0,0,0,0,0,0,0,0,0,0,0,0,0,0,63,2026-02-05 19:53:18.201180
WNTR,24.95,24.83,24.95,823.0,1296400.0,,943900.0,0,0,0,0,0,0,0,0,0,0,0,0,0,0,0,0,0,0,0,0,0,0,0,0,0,0,0,0,0,0,0,0,0,0,0,0,0,63,2026-02-05 19:53:18.201180
SPNG,25.82,25.98,26.0,6000.0,1255900.0,800.0,240.0,3000.0,1143900.0,720.0,,0,0,0,0,0,0,0,0,0,0,0,0,0,0,0,0,0,0,0,0,0,0,0,0,0,0,0,0,0,0,0,0,0,64,2026-02-05 19:53:19.258310
SMMR,24.78,24.88,24.91,,1300600.0,,240.0,,1042600.0,,,0,0,0,0,0,0,0,0,0,0,0,0,0,0,0,0,0,0,0,0,0,0,0,0,0,0,0,0,0,0,0,0,0,64,2026-02-05 19:53:19.258310
ATMN,24.8,24.76,24.82,2250.0,1490100.0,813.0,240.0,2250.0,1564200.0,919.0,,0,0,0,0,0,0,0,0,0,0,0,0,0,0,0,0,0,0,0,0,0,0,0,0,0,0,0,0,0,0,0,0,0,64,2026-02-05 19:53:19.258310
WNTR,24.7,24.87,24.94,,1172500.0,,1440.0,,943900.0,823.0,240.0,0,0,0,0,0,0,0,0,0,0,0,0,0,0,0,0,0,0,0,0,0,0,0,0,0,0,0,0,0,0,0,0,0,64,2026-02-05 19:53:19.258310
SPNG,25.66,25.66,25.93,1160500.0,1324500.0,9000.0,720.0,,,0,0,0,0,0,0,0,0,0,0,0,0,0,0,0,0,0,0,0,0,0,0,0,0,0,0,0,0,0,0,0,0,0,0,0,65,2026-02-05 19:53:20.313002
SMMR,24.94,24.9,24.94,1296400.0,918100.0,,,3517.0,,0,0,0,0,0,0,0,0,0,0,0,0,0,0,0,0,0,0,0,0,0,0,0,0,0,0,0,0,0,0,0,0,0,0,0,65,2026-02-05 19:53:20.313002
ATMN,24.66,24.66,24.82,1290100.0,1443400.0,2250.0,1399.0,,,0,0,0,0,0,0,0,0,0,0,0,0,0,0,0,0,0,0,0,0,0,0,0,0,0,0,0,0,0,0,0,0,0,0,0,65,2026-02-05 19:53:20.313002
WNTR,24.85,24.73,24.85,1057200.0,1299300.0,,1160.0,,1440.0,0,0,0,0,0,0,0,0,0,0,0,0,0,0,0,0,0,0,0,0,0,0,0,0,0,0,0,0,0,0,0,0,0,0,0,65,2026-02-05 19:53:20.313002
SPNG,25.66,25.68,25.81,800.0,1374100.0,720.0,1283200.0,1440.0,800.0,15000.0,,0,0,0,0,0,0,0,0,0,0,0,0,0,0,0,0,0,0,0,0,0,0,0,0,0,0,0,0,0,0,0,0,0,66,2026-02-05 19:53:21.373486
SMMR,24.94,24.9,24.93,582.0,1413900.0,2116.0,918100.0,,964.0,,,0,0,0,0,0,0,0,0,0,0,0,0,0,0,0,0,0,0,0,0,0,0,0,0,0,0,0,0,0,0,0,0,0,66,2026-02-05 19:53:21.373486
ATMN,24.59,24.76,24.78,831.0,1302800.0,720.0,1536700.0,1440.0,758.0,6750.0,4500.0,0,0,0,0,0,0,0,0,0,0,0,0,0,0,0,0,0,0,0,0,0,0,0,0,0,0,0,0,0,0,0,0,0,66,2026-02-05 19:53:21.373486
WNTR,24.67,24.7,24.85,991.0,1170000.0,2792.0,1299300.0,2116.0,,,,0,0,0,0,0,0,0,0,0,0,0,0,0,0,0,0,0,0,0,0,0,0,0,0,0,0,0,0,0,0,0,0,0,66,2026-02-05 19:53:21.373486
SPNG,25.56,25.69,25.77,1314900.0,800.0,2756.0,800.0,18000.0,1199500.0,,0,0,0,0,0,0,0,0,0,0,0,0,0,0,0,0,0,0,0,0,0,0,0,0,0,0,0,0,0,0,0,0,0,0,67,2026-02-05 19:53:22.453619
SMMR,24.9,24.84,24.9,1317100.0,1040.0,,1040.0,,1225500.0,1378.0,0,0,0,0,0,0,0,0,0,0,0,0,0,0,0,0,0,0,0,0,0,0,0,0,0,0,0,0,0,0,0,0,0,0,67,2026-02-05 19:53:22.453619
ATMN,25.22,24.78,24.8,1329700.0,736.0,1378.0,1589.0,2250.0,1626700.0,1378.0,0,0,0,0,0,0,0,0,0,0,0,0,0,0,0,0,0,0,0,0,0,0,0,0,0,0,0,0,0,0,0,0,0,0,67,2026-02-05 19:53:22.453619
WNTR,24.89,24.8,24.83,1467000.0,169.0,1378.0,1135.0,,1181300.0,2756.0,0,0,0,0,0,0,0,0,0,0,0,0,0,0,0,0,0,0,0,0,0,0,0,0,0,0,0,0,0,0,0,0,0,0,67,2026-02-05 19:53:22.453619
SPNG,25.77,25.77,25.8,1437400.0,800.0,1378.0,18000.0,1283200.0,800.0,,0,0,0,0,0,0,0,0,0,0,0,0,0,0,0,0,0,0,0,0,0,0,0,0,0,0,0,0,0,0,0,0,0,0,68,2026-02-05 19:53:23.040202
SMMR,24.97,24.85,24.97,1317100.0,1040.0,1378.0,,1099500.0,,,0,0,0,0,0,0,0,0,0,0,0,0,0,0,0,0,0,0,0,0,0,0,0,0,0,0,0,0,0,0,0,0,0,0,68,2026-02-05 19:53:23.040202
ATMN,24.59,24.59,24.8,1355900.0,,,2250.0,1626700.0,831.0,1378.0,0,0,0,0,0,0,0,0,0,0,0,0,0,0,0,0,0,0,0,0,0,0,0,0,0,0,0,0,0,0,0,0,0,0,68,2026-02-05 19:53:23.040202
WNTR,24.89,24.8,24.84,1567400.0,169.0,2756.0,,1288100.0,1135.0,1378.0,0,0,0,0,0,0,0,0,0,0,0,0,0,0,0,0,0,0,0,0,0,0,0,0,0,0,0,0,0,0,0,0,0,0,68,2026-02-05 19:53:23.040202
SPNG,25.77,25.77,25.86,1437400.0,1378.0,1281.0,720.0,3000.0,1362500.0,,,0,0,0,0,0,0,0,0,0,0,0,0,0,0,0,0,0,0,0,0,0,0,0,0,0,0,0,0,0,0,0,0,0,69,2026-02-05 19:53:24.093573
SMMR,24.99,24.87,24.91,1520000.0,3940.0,,904.0,,1120300.0,1040.0,,0,0,0,0,0,0,0,0,0,0,0,0,0,0,0,0,0,0,0,0,0,0,0,0,0,0,0,0,0,0,0,0,0,69,2026-02-05 19:53:24.093573
ATMN,24.59,24.61,24.76,1662500.0,1281.0,3940.0,1654.0,4500.0,1536200.0,728.0,4500.0,0,0,0,0,0,0,0,0,0,0,0,0,0,0,0,0,0,0,0,0,0,0,0,0,0,0,0,0,0,0,0,0,0,69,2026-02-05 19:53:24.093573
WNTR,24.72,24.72,24.74,1655600.0,,2659.0,1160.0,,1288100.0,1160.0,,0,0,0,0,0,0,0,0,0,0,0,0,0,0,0,0,0,0,0,0,0,0,0,0,0,0,0,0,0,0,0,0,0,69,2026-02-05 19:53:24.093573
SPNG,25.77,25.78,25.85,100.0,1529300.0,800.0,3000.0,100.0,800.0,6000.0,1536700.0,0,0,0,0,0,0,0,0,0,0,0,0,0,0,0,0,0,0,0,0,0,0,0,0,0,0,0,0,0,0,0,0,0,70,2026-02-05 19:53:25.153559
SMMR,24.76,24.76,24.9,,1403700.0,,,9666.0,904.0,,1120300.0,0,0,0,0,0,0,0,0,0,0,0,0,0,0,0,0,0,0,0,0,0,0,0,0,0,0,0,0,0,0,0,0,0,70,2026-02-05 19:53:25.153559
ATMN,24.62,24.6,24.62,,1821400.0,645.0,6750.0,1983.0,2382.0,9000.0,1433800.0,0,0,0,0,0,0,0,0,0,0,0,0,0,0,0,0,0,0,0,0,0,0,0,0,0,0,0,0,0,0,0,0,0,70,2026-02-05 19:53:25.153559
WNTR,24.91,24.72,24.78,10000.0,1910100.0,1135.0,,,169.0,,1289900.0,0,0,0,0,0,0,0,0,0,0,0,0,0,0,0,0,0,0,0,0,0,0,0,0,0,0,0,0,0,0,0,0,0,70,2026-02-05 19:53:25.153559
SPNG,25.63,25.63,25.84,1312100.0,1882.0,800.0,12000.0,1337500.0,,,,0,0,0,0,0,0,0,0,0,0,0,0,0,0,0,0,0,0,0,0,0,0,0,0,0,0,0,0,0,0,0,0,0,71,2026-02-05 19:53:26.201693
SMMR,25.13,24.78,25.12,1303500.0,,,,1009000.0,1040.0,4109.0,,0,0,0,0,0,0,0,0,0,0,0,0,0,0,0,0,0,0,0,0,0,0,0,0,0,0,0,0,0,0,0,0,0,71,2026-02-05 19:53:26.201693
ATMN,24.62,24.6,24.62,1433000.0,8043.0,2382.0,9000.0,1346000.0,645.0,4545.0,9000.0,0,0,0,0,0,0,0,0,0,0,0,0,0,0,0,0,0,0,0,0,0,0,0,0,0,0,0,0,0,0,0,0,0,71,2026-02-05 19:53:26.201693
WNTR,24.99,24.75,24.99,2006400.0,,,,1176100.0,,18767.0,,0,0,0,0,0,0,0,0,0,0,0,0,0,0,0,0,0,0,0,0,0,0,0,0,0,0,0,0,0,0,0,0,0,71,2026-02-05 19:53:26.201693
SPNG,25.5,25.54,25.81,576.0,1456800.0,3000.0,2240.0,18000.0,1337500.0,,,0,0,0,0,0,0,0,0,0,0,0,0,0,0,0,0,0,0,0,0,0,0,0,0,0,0,0,0,0,0,0,0,0,72,2026-02-05 19:53:27.249786
SMMR,25.13,24.93,24.94,1040.0,1303500.0,,904.0,,1429200.0,6368.0,1404.0,0,0,0,0,0,0,0,0,0,0,0,0,0,0,0,0,0,0,0,0,0,0,0,0,0,0,0,0,0,0,0,0,0,72,2026-02-05 19:53:27.249786
ATMN,25.03,24.6,24.87,645.0,1322800.0,13500.0,,13500.0,1455800.0,,,0,0,0,0,0,0,0,0,0,0,0,0,0,0,0,0,0,0,0,0,0,0,0,0,0,0,0,0,0,0,0,0,0,72,2026-02-05 19:53:27.249786
WNTR,24.72,24.72,25.06,,2006400.0,,679.0,,1361800.0,,,0,0,0,0,0,0,0,0,0,0,0,0,0,0,0,0,0,0,0,0,0,0,0,0,0,0,0,0,0,0,0,0,0,72,2026-02-05 19:53:27.249786
SPNG,25.54,25.56,25.6,100.0,9000.0,1726700.0,518.0,24000.0,1068600.0,2816.0,100.0,0,0,0,0,0,0,0,0,0,0,0,0,0,0,0,0,0,0,0,0,0,0,0,0,0,0,0,0,0,0,0,0,0,73,2026-02-05 19:53:28.300875
SMMR,24.91,24.77,24.79,6414.0,,1303500.0,1040.0,,1719800.0,1040.0,7818.0,0,0,0,0,0,0,0,0,0,0,0,0,0,0,0,0,0,0,0,0,0,0,0,0,0,0,0,0,0,0,0,0,0,73,2026-02-05 19:53:28.300875
ATMN,24.91,24.98,25.05,6479.0,15750.0,1149100.0,2382.0,15750.0,1174000.0,,1643.0,0,0,0,0,0,0,0,0,0,0,0,0,0,0,0,0,0,0,0,0,0,0,0,0,0,0,0,0,0,0,0,0,0,73,2026-02-05 19:53:28.300875
WNTR,25.06,24.77,24.84,9113.0,,2006400.0,1160.0,,1592700.0,,,0,0,0,0,0,0,0,0,0,0,0,0,0,0,0,0,0,0,0,0,0,0,0,0,0,0,0,0,0,0,0,0,0,73,2026-02-05 19:53:28.300875
SPNG,25.53,25.58,25.87,800.0,1620000.0,3000.0,800.0,15000.0,1453500.0,,,0,0,0,0,0,0,0,0,0,0,0,0,0,0,0,0,0,0,0,0,0,0,0,0,0,0,0,0,0,0,0,0,0,74,2026-02-05 19:53:29.352713
SMMR,24.79,24.8,24.81,1040.0,1552400.0,,1040.0,,1643900.0,14421.0,9182.0,0,0,0,0,0,0,0,0,0,0,0,0,0,0,0,0,0,0,0,0,0,0,0,0,0,0,0,0,0,0,0,0,0,74,2026-02-05 19:53:29.352713
ATMN,24.68,24.68,25.05,,1456000.0,13500.0,,18000.0,1080700.0,,1643.0,0,0,0,0,0,0,0,0,0,0,0,0,0,0,0,0,0,0,0,0,0,0,0,0,0,0,0,0,0,0,0,0,0,74,2026-02-05 19:53:29.352713
WNTR,24.72,24.74,24.82,,2108800.0,,1160.0,,1592700.0,8007.0,8007.0,0,0,0,0,0,0,0,0,0,0,0,0,0,0,0,0,0,0,0,0,0,0,0,0,0,0,0,0,0,0,0,0,0,74,2026-02-05 19:53:29.352713
SPNG,25.53,25.6,25.7,800.0,9000.0,1620000.0,21000.0,800.0,1248300.0,,,0,0,0,0,0,0,0,0,0,0,0,0,0,0,0,0,0,0,0,0,0,0,0,0,0,0,0,0,0,0,0,0,0,75,2026-02-05 19:53:30.396425
SMMR,24.75,24.78,24.83,,,1720600.0,,,1844800.0,1619.0,,0,0,0,0,0,0,0,0,0,0,0,0,0,0,0,0,0,0,0,0,0,0,0,0,0,0,0,0,0,0,0,0,0,75,2026-02-05 19:53:30.396425
ATMN,24.76,24.76,25.04,497.0,2250.0,1869600.0,20250.0,,1174000.0,,,0,0,0,0,0,0,0,0,0,0,0,0,0,0,0,0,0,0,0,0,0,0,0,0,0,0,0,0,0,0,0,0,0,75,2026-02-05 19:53:30.396425
WNTR,24.84,24.94,24.99,991.0,,2009900.0,,,1485000.0,6187.0,6187.0,0,0,0,0,0,0,0,0,0,0,0,0,0,0,0,0,0,0,0,0,0,0,0,0,0,0,0,0,0,0,0,0,0,75,2026-02-05 19:53:30.396425
SPNG,25.64,25.65,25.7,15000.0,1401900.0,800.0,936.0,21000.0,1356200.0,,,0,0,0,0,0,0,0,0,0,0,0,0,0,0,0,0,0,0,0,0,0,0,0,0,0,0,0,0,0,0,0,0,0,76,2026-02-05 19:53:31.435960
SMMR,24.77,24.75,24.76,,1745600.0,,1619.0,,1825900.0,9369.0,,0,0,0,0,0,0,0,0,0,0,0,0,0,0,0,0,0,0,0,0,0,0,0,0,0,0,0,0,0,0,0,0,0,76,2026-02-05 19:53:31.435960
ATMN,24.87,24.83,24.86,,1874700.0,813.0,100.0,24750.0,736900.0,6187.0,919.0,0,0,0,0,0,0,0,0,0,0,0,0,0,0,0,0,0,0,0,0,0,0,0,0,0,0,0,0,0,0,0,0,0,76,2026-02-05 19:53:31.435960
WNTR,24.91,24.89,24.9,,2168700.0,,6187.0,,1665400.0,9183.0,1160.0,0,0,0,0,0,0,0,0,0,0,0,0,0,0,0,0,0,0,0,0,0,0,0,0,0,0,0,0,0,0,0,0,0,76,2026-02-05 19:53:31.435960
SPNG,25.89,25.51,25.89,800.0,1606800.0,1721600.0,9000.0,,,,0,0,0,0,0,0,0,0,0,0,0,0,0,0,0,0,0,0,0,0,0,0,0,0,0,0,0,0,0,0,0,0,0,0,77,2026-02-05 19:53:32.474280
SMMR,24.75,24.75,24.89,1040.0,1881200.0,1730200.0,,3062.0,,,0,0,0,0,0,0,0,0,0,0,0,0,0,0,0,0,0,0,0,0,0,0,0,0,0,0,0,0,0,0,0,0,0,0,77,2026-02-05 19:53:32.474280
ATMN,25.05,25.17,25.22,813.0,1763800.0,1151900.0,20250.0,5686.0,,,0,0,0,0,0,0,0,0,0,0,0,0,0,0,0,0,0,0,0,0,0,0,0,0,0,0,0,0,0,0,0,0,0,0,77,2026-02-05 19:53:32.474280
WNTR,24.79,24.71,24.75,,2042600.0,1725200.0,,1006.0,14124.0,2151.0,0,0,0,0,0,0,0,0,0,0,0,0,0,0,0,0,0,0,0,0,0,0,0,0,0,0,0,0,0,0,0,0,0,0,77,2026-02-05 19:53:32.474280
SPNG,25.6,25.6,25.89,1719700.0,1520.0,1884300.0,3000.0,,,0,0,0,0,0,0,0,0,0,0,0,0,0,0,0,0,0,0,0,0,0,0,0,0,0,0,0,0,0,0,0,0,0,0,0,78,2026-02-05 19:53:33.507194
SMMR,24.89,24.72,24.89,1763600.0,,1730200.0,,5583.0,,0,0,0,0,0,0,0,0,0,0,0,0,0,0,0,0,0,0,0,0,0,0,0,0,0,0,0,0,0,0,0,0,0,0,0,78,2026-02-05 19:53:33.507194
ATMN,25.01,24.83,25.01,2074700.0,,1186200.0,18000.0,,919.0,0,0,0,0,0,0,0,0,0,0,0,0,0,0,0,0,0,0,0,0,0,0,0,0,0,0,0,0,0,0,0,0,0,0,0,78,2026-02-05 19:53:33.507194
WNTR,24.79,24.8,24.9,1939100.0,581.0,1784200.0,,255.0,,0,0,0,0,0,0,0,0,0,0,0,0,0,0,0,0,0,0,0,0,0,0,0,0,0,0,0,0,0,0,0,0,0,0,0,78,2026-02-05 19:53:33.507194
SPNG,25.95,25.63,25.81,2896.0,5583.0,6000.0,1719700.0,1713400.0,510.0,6000.0,,0,0,0,0,0,0,0,0,0,0,0,0,0,0,0,0,0,0,0,0,0,0,0,0,0,0,0,0,0,0,0,0,0,79,2026-02-05 19:53:34.547240
SMMR,24.71,24.71,24.87,,,,1858600.0,1730200.0,904.0,,3921.0,0,0,0,0,0,0,0,0,0,0,0,0,0,0,0,0,0,0,0,0,0,0,0,0,0,0,0,0,0,0,0,0,0,79,2026-02-05 19:53:34.547240
ATMN,25.21,24.91,25.21,919.0,8728.0,,1868800.0,1490300.0,,11250.0,775.0,0,0,0,0,0,0,0,0,0,0,0,0,0,0,0,0,0,0,0,0,0,0,0,0,0,0,0,0,0,0,0,0,0,79,2026-02-05 19:53:34.547240
WNTR,24.94,24.8,24.9,1160.0,6669.0,,1845700.0,1693700.0,1160.0,,,0,0,0,0,0,0,0,0,0,0,0,0,0,0,0,0,0,0,0,0,0,0,0,0,0,0,0,0,0,0,0,0,0,79,2026-02-05 19:53:34.547240
SPNG,25.95,25.65,25.71,7186.0,3406.0,6000.0,1719700.0,1843500.0,1603.0,459.0,,0,0,0,0,0,0,0,0,0,0,0,0,0,0,0,0,0,0,0,0,0,0,0,0,0,0,0,0,0,0,0,0,0,80,2026-02-05 19:53:35.079027
SMMR,24.71,24.77,24.78,,1040.0,,1957700.0,1853100.0,3921.0,904.0,,0,0,0,0,0,0,0,0,0,0,0,0,0,0,0,0,0,0,0,0,0,0,0,0,0,0,0,0,0,0,0,0,0,80,2026-02-05 19:53:35.079027
ATMN,25.21,24.91,25.21,8728.0,,,1961700.0,1291900.0,775.0,707.0,13500.0,0,0,0,0,0,0,0,0,0,0,0,0,0,0,0,0,0,0,0,0,0,0,0,0,0,0,0,0,0,0,0,0,0,80,2026-02-05 19:53:35.079027
WNTR,24.8,24.86,24.94,255.0,991.0,,1970800.0,1693700.0,,,,0,0,0,0,0,0,0,0,0,0,0,0,0,0,0,0,0,0,0,0,0,0,0,0,0,0,0,0,0,0,0,0,0,80,2026-02-05 19:53:35.079027
SPNG,25.71,25.62,25.7,3406.0,1822400.0,3000.0,3000.0,1761100.0,459.0,1603.0,,0,0,0,0,0,0,0,0,0,0,0,0,0,0,0,0,0,0,0,0,0,0,0,0,0,0,0,0,0,0,0,0,0,81,2026-02-05 19:53:36.136091
SMMR,24.94,24.78,24.9,1040.0,1957700.0,,,1625300.0,904.0,,100.0,0,0,0,0,0,0,0,0,0,0,0,0,0,0,0,0,0,0,0,0,0,0,0,0,0,0,0,0,0,0,0,0,0,81,2026-02-05 19:53:36.136091
ATMN,24.66,24.93,25.15,813.0,1824700.0,2250.0,18000.0,948800.0,825.0,10108.0,,0,0,0,0,0,0,0,0,0,0,0,0,0,0,0,0,0,0,0,0,0,0,0,0,0,0,0,0,0,0,0,0,0,81,2026-02-05 19:53:36.136091
WNTR,24.86,24.86,24.93,1160.0,1970800.0,,,1928000.0,1160.0,9423.0,255.0,0,0,0,0,0,0,0,0,0,0,0,0,0,0,0,0,0,0,0,0,0,0,0,0,0,0,0,0,0,0,0,0,0,81,2026-02-05 19:53:36.136091
SPNG,25.78,25.79,25.8,9000.0,1710900.0,459.0,4904.0,6000.0,1747600.0,754.0,,0,0,0,0,0,0,0,0,0,0,0,0,0,0,0,0,0,0,0,0,0,0,0,0,0,0,0,0,0,0,0,0,0,82,2026-02-05 19:53:37.187830
SMMR,24.69,24.81,24.91,,1855300.0,1040.0,,,1625300.0,1040.0,2676.0,0,0,0,0,0,0,0,0,0,0,0,0,0,0,0,0,0,0,0,0,0,0,0,0,0,0,0,0,0,0,0,0,0,82,2026-02-05 19:53:37.187830
ATMN,24.66,25.01,25.09,4500.0,1749400.0,,2696.0,20250.0,1055800.0,,5842.0,0,0,0,0,0,0,0,0,0,0,0,0,0,0,0,0,0,0,0,0,0,0,0,0,0,0,0,0,0,0,0,0,0,82,2026-02-05 19:53:37.187830
WNTR,24.81,24.7,24.8,,2300500.0,,,,1915900.0,1160.0,,0,0,0,0,0,0,0,0,0,0,0,0,0,0,0,0,0,0,0,0,0,0,0,0,0,0,0,0,0,0,0,0,0,82,2026-02-05 19:53:37.187830
SPNG,25.45,25.75,25.8,800.0,1425100.0,9000.0,4247.0,1543400.0,800.0,,,0,0,0,0,0,0,0,0,0,0,0,0,0,0,0,0,0,0,0,0,0,0,0,0,0,0,0,0,0,0,0,0,0,83,2026-02-05 19:53:38.225137
SMMR,24.97,24.97,24.99,,1860200.0,,,1734700.0,,4247.0,,0,0,0,0,0,0,0,0,0,0,0,0,0,0,0,0,0,0,0,0,0,0,0,0,0,0,0,0,0,0,0,0,0,83,2026-02-05 19:53:38.225137
ATMN,25.06,25.07,25.09,813.0,1643200.0,24750.0,5842.0,722800.0,919.0,,6750.0,0,0,0,0,0,0,0,0,0,0,0,0,0,0,0,0,0,0,0,0,0,0,0,0,0,0,0,0,0,0,0,0,0,83,2026-02-05 19:53:38.225137
WNTR,24.78,24.74,24.78,823.0,1829900.0,,15280.0,1846100.0,2320.0,8137.0,,0,0,0,0,0,0,0,0,0,0,0,0,0,0,0,0,0,0,0,0,0,0,0,0,0,0,0,0,0,0,0,0,0,83,2026-02-05 19:53:38.225137
SPNG,25.4,25.4,25.79,1316200.0,1259.0,15000.0,1430600.0,,,,,0,0,0,0,0,0,0,0,0,0,0,0,0,0,0,0,0,0,0,0,0,0,0,0,0,0,0,0,0,0,0,0,0,84,2026-02-05 19:53:39.268951
SMMR,24.99,24.97,24.99,1996200.0,,,2020500.0,1040.0,,,,0,0,0,0,0,0,0,0,0,0,0,0,0,0,0,0,0,0,0,0,0,0,0,0,0,0,0,0,0,0,0,0,0,84,2026-02-05 19:53:39.268951
ATMN,24.86,24.98,25.13,1873200.0,919.0,18000.0,1200500.0,,4500.0,,,0,0,0,0,0,0,0,0,0,0,0,0,0,0,0,0,0,0,0,0,0,0,0,0,0,0,0,0,0,0,0,0,0,84,2026-02-05 19:53:39.268951
WNTR,24.78,24.74,24.78,1980700.0,2320.0,,1967000.0,823.0,,9552.0,4903.0,0,0,0,0,0,0,0,0,0,0,0,0,0,0,0,0,0,0,0,0,0,0,0,0,0,0,0,0,0,0,0,0,0,84,2026-02-05 19:53:39.268951
SPNG,25.4,25.67,25.74,1353.0,1418300.0,100.0,18000.0,1298100.0,,,,0,0,0,0,0,0,0,0,0,0,0,0,0,0,0,0,0,0,0,0,0,0,0,0,0,0,0,0,0,0,0,0,0,85,2026-02-05 19:53:40.315526
SMMR,25.04,24.69,25.04,,1877700.0,,,1939600.0,787.0,,,0,0,0,0,0,0,0,0,0,0,0,0,0,0,0,0,0,0,0,0,0,0,0,0,0,0,0,0,0,0,0,0,0,85,2026-02-05 19:53:40.315526
ATMN,25.26,25.26,25.3,2143.0,1557600.0,,20250.0,1190500.0,,720.0,6750.0,0,0,0,0,0,0,0,0,0,0,0,0,0,0,0,0,0,0,0,0,0,0,0,0,0,0,0,0,0,0,0,0,0,85,2026-02-05 19:53:40.315526
WNTR,24.8,24.8,24.81,8664.0,1955600.0,8664.0,,1957900.0,2320.0,823.0,,0,0,0,0,0,0,0,0,0,0,0,0,0,0,0,0,0,0,0,0,0,0,0,0,0,0,0,0,0,0,0,0,0,85,2026-02-05 19:53:40.315526
SPNG,25.9,25.68,25.9,800.0,6921.0,1418300.0,2051900.0,,,,,0,0,0,0,0,0,0,0,0,0,0,0,0,0,0,0,0,0,0,0,0,0,0,0,0,0,0,0,0,0,0,0,0,86,2026-02-05 19:53:41.362466
SMMR,24.98,24.98,25.04,,8664.0,1982800.0,1832500.0,904.0,1299.0,,,0,0,0,0,0,0,0,0,0,0,0,0,0,0,0,0,0,0,0,0,0,0,0,0,0,0,0,0,0,0,0,0,0,86,2026-02-05 19:53:41.362466
ATMN,25.23,24.81,25.1,,2143.0,1460800.0,748100.0,813.0,4264.0,11250.0,24750.0,0,0,0,0,0,0,0,0,0,0,0,0,0,0,0,0,0,0,0,0,0,0,0,0,0,0,0,0,0,0,0,0,0,86,2026-02-05 19:53:41.362466
WNTR,24.75,24.7,24.74,,6593.0,2116700.0,1959400.0,823.0,6593.0,,,0,0,0,0,0,0,0,0,0,0,0,0,0,0,0,0,0,0,0,0,0,0,0,0,0,0,0,0,0,0,0,0,0,86,2026-02-05 19:53:41.362466
SPNG,25.71,25.86,25.9,1531800.0,800.0,6000.0,1972100.0,720.0,,,,0,0,0,0,0,0,0,0,0,0,0,0,0,0,0,0,0,0,0,0,0,0,0,0,0,0,0,0,0,0,0,0,0,87,2026-02-05 19:53:42.408819
SMMR,24.98,24.99,25.04,1982800.0,1040.0,,1946800.0,1040.0,100.0,,,0,0,0,0,0,0,0,0,0,0,0,0,0,0,0,0,0,0,0,0,0,0,0,0,0,0,0,0,0,0,0,0,0,87,2026-02-05 19:53:42.408819
ATMN,25.25,24.84,25.24,1216500.0,919.0,15750.0,734500.0,813.0,,27000.0,,0,0,0,0,0,0,0,0,0,0,0,0,0,0,0,0,0,0,0,0,0,0,0,0,0,0,0,0,0,0,0,0,0,87,2026-02-05 19:53:42.408819
WNTR,24.75,24.71,24.73,1914100.0,787.0,,2070100.0,,2348.0,,2959.0,0,0,0,0,0,0,0,0,0,0,0,0,0,0,0,0,0,0,0,0,0,0,0,0,0,0,0,0,0,0,0,0,0,87,2026-02-05 19:53:42.408819
SPNG,25.73,25.46,25.72,800.0,9000.0,1601300.0,800.0,1882600.0,3000.0,,,0,0,0,0,0,0,0,0,0,0,0,0,0,0,0,0,0,0,0,0,0,0,0,0,0,0,0,0,0,0,0,0,0,88,2026-02-05 19:53:43.457239
SMMR,24.64,24.68,25.0,769.0,,1768300.0,2080.0,1754700.0,,8404.0,10884.0,0,0,0,0,0,0,0,0,0,0,0,0,0,0,0,0,0,0,0,0,0,0,0,0,0,0,0,0,0,0,0,0,0,88,2026-02-05 19:53:43.457239
ATMN,24.83,24.81,24.83,,6750.0,1550400.0,,587000.0,29250.0,6400.0,1996.0,0,0,0,0,0,0,0,0,0,0,0,0,0,0,0,0,0,0,0,0,0,0,0,0,0,0,0,0,0,0,0,0,0,88,2026-02-05 19:53:43.457239
WNTR,24.75,24.74,24.75,787.0,,1920700.0,2567.0,1986100.0,,2348.0,6593.0,0,0,0,0,0,0,0,0,0,0,0,0,0,0,0,0,0,0,0,0,0,0,0,0,0,0,0,0,0,0,0,0,0,88,2026-02-05 19:53:43.457239
SPNG,25.38,25.45,25.64,800.0,1484800.0,100.0,800.0,3000.0,1785300.0,,0,0,0,0,0,0,0,0,0,0,0,0,0,0,0,0,0,0,0,0,0,0,0,0,0,0,0,0,0,0,0,0,0,0,89,2026-02-05 19:53:44.495953
SMMR,24.81,24.81,25.0,,1857600.0,10884.0,,,1838400.0,8404.0,0,0,0,0,0,0,0,0,0,0,0,0,0,0,0,0,0,0,0,0,0,0,0,0,0,0,0,0,0,0,0,0,0,0,89,2026-02-05 19:53:44.495953
ATMN,25.07,24.81,24.88,707.0,1739200.0,14943.0,,29250.0,390000.0,6400.0,0,0,0,0,0,0,0,0,0,0,0,0,0,0,0,0,0,0,0,0,0,0,0,0,0,0,0,0,0,0,0,0,0,0,89,2026-02-05 19:53:44.495953
WNTR,24.9,24.75,24.9,787.0,1795800.0,,,,2209000.0,8231.0,0,0,0,0,0,0,0,0,0,0,0,0,0,0,0,0,0,0,0,0,0,0,0,0,0,0,0,0,0,0,0,0,0,0,89,2026-02-05 19:53:44.495953
SPNG,24.96,25.1,25.98,3000.0,1189000.0,1955000.0,3000.0,,,,,0,0,0,0,0,0,0,0,0,0,0,0,0,0,0,0,0,0,0,0,0,0,0,0,0,0,0,0,0,0,0,0,0,90,2026-02-05 19:53:45.542725
SMMR,24.91,24.92,24.98,,1979900.0,1838400.0,,100.0,769.0,1678.0,2080.0,0,0,0,0,0,0,0,0,0,0,0,0,0,0,0,0,0,0,0,0,0,0,0,0,0,0,0,0,0,0,0,0,0,90,2026-02-05 19:53:45.542725
ATMN,24.96,24.96,25.24,,1845700.0,1133500.0,20250.0,742.0,919.0,,,0,0,0,0,0,0,0,0,0,0,0,0,0,0,0,0,0,0,0,0,0,0,0,0,0,0,0,0,0,0,0,0,0,90,2026-02-05 19:53:45.542725
WNTR,24.69,24.77,24.87,,1905100.0,1997900.0,,6811.0,2567.0,6811.0,787.0,0,0,0,0,0,0,0,0,0,0,0,0,0,0,0,0,0,0,0,0,0,0,0,0,0,0,0,0,0,0,0,0,0,90,2026-02-05 19:53:45.542725
SPNG,24.96,25.48,25.5,800.0,100.0,6000.0,1189000.0,1665400.0,800.0,100.0,6000.0,0,0,0,0,0,0,0,0,0,0,0,0,0,0,0,0,0,0,0,0,0,0,0,0,0,0,0,0,0,0,0,0,0,91,2026-02-05 19:53:46.595305
SMMR,24.91,24.65,24.89,,,,1982600.0,1845500.0,1040.0,7229.0,,0,0,0,0,0,0,0,0,0,0,0,0,0,0,0,0,0,0,0,0,0,0,0,0,0,0,0,0,0,0,0,0,0,91,2026-02-05 19:53:46.595305
ATMN,25.02,24.8,24.86,919.0,1597.0,,1825100.0,926200.0,919.0,17084.0,18000.0,0,0,0,0,0,0,0,0,0,0,0,0,0,0,0,0,0,0,0,0,0,0,0,0,0,0,0,0,0,0,0,0,0,91,2026-02-05 19:53:46.595305
WNTR,24.69,24.79,24.83,2567.0,14040.0,,1780200.0,1822200.0,787.0,8847.0,,0,0,0,0,0,0,0,0,0,0,0,0,0,0,0,0,0,0,0,0,0,0,0,0,0,0,0,0,0,0,0,0,0,91,2026-02-05 19:53:46.595305
SPNG,25.5,25.62,25.76,1400200.0,200.0,800.0,9000.0,8445.0,1667600.0,6000.0,,0,0,0,0,0,0,0,0,0,0,0,0,0,0,0,0,0,0,0,0,0,0,0,0,0,0,0,0,0,0,0,0,0,92,2026-02-05 19:53:47.141447
SMMR,24.91,24.79,24.88,2056900.0,,804.0,,7229.0,1845500.0,,1809.0,0,0,0,0,0,0,0,0,0,0,0,0,0,0,0,0,0,0,0,0,0,0,0,0,0,0,0,0,0,0,0,0,0,92,2026-02-05 19:53:47.141447
ATMN,25.01,25.01,25.02,1823400.0,1597.0,919.0,,7500.0,1126600.0,18000.0,,0,0,0,0,0,0,0,0,0,0,0,0,0,0,0,0,0,0,0,0,0,0,0,0,0,0,0,0,0,0,0,0,0,92,2026-02-05 19:53:47.141447
WNTR,24.69,24.79,24.83,1780200.0,14040.0,2567.0,,8847.0,1864300.0,,787.0,0,0,0,0,0,0,0,0,0,0,0,0,0,0,0,0,0,0,0,0,0,0,0,0,0,0,0,0,0,0,0,0,0,92,2026-02-05 19:53:47.141447
SPNG,25.44,25.1,25.13,15000.0,1311800.0,1231600.0,720.0,8545.0,12000.0,,,0,0,0,0,0,0,0,0,0,0,0,0,0,0,0,0,0,0,0,0,0,0,0,0,0,0,0,0,0,0,0,0,0,93,2026-02-05 19:53:48.189410
SMMR,25.0,24.8,24.89,,1904200.0,1943700.0,,7229.0,,4465.0,804.0,0,0,0,0,0,0,0,0,0,0,0,0,0,0,0,0,0,0,0,0,0,0,0,0,0,0,0,0,0,0,0,0,0,93,2026-02-05 19:53:48.189410
ATMN,24.77,24.78,25.01,,1817900.0,921500.0,919.0,7600.0,18000.0,1597.0,813.0,0,0,0,0,0,0,0,0,0,0,0,0,0,0,0,0,0,0,0,0,0,0,0,0,0,0,0,0,0,0,0,0,0,93,2026-02-05 19:53:48.189410
WNTR,24.67,24.79,24.83,,2005500.0,1864300.0,1160.0,8847.0,,,1160.0,0,0,0,0,0,0,0,0,0,0,0,0,0,0,0,0,0,0,0,0,0,0,0,0,0,0,0,0,0,0,0,0,0,93,2026-02-05 19:53:48.189410
SPNG,25.13,25.1,25.11,18000.0,720.0,1482.0,1358100.0,100.0,1319000.0,800.0,15000.0,0,0,0,0,0,0,0,0,0,0,0,0,0,0,0,0,0,0,0,0,0,0,0,0,0,0,0,0,0,0,0,0,0,94,2026-02-05 19:53:49.238547
SMMR,24.8,24.79,24.8,,904.0,,2039000.0,4711.0,1844700.0,1040.0,,0,0,0,0,0,0,0,0,0,0,0,0,0,0,0,0,0,0,0,0,0,0,0,0,0,0,0,0,0,0,0,0,0,94,2026-02-05 19:53:49.238547
ATMN,25.21,24.8,24.9,,813.0,100.0,1817900.0,,1226300.0,919.0,15750.0,0,0,0,0,0,0,0,0,0,0,0,0,0,0,0,0,0,0,0,0,0,0,0,0,0,0,0,0,0,0,0,0,0,94,2026-02-05 19:53:49.238547
WNTR,24.67,24.77,24.8,,787.0,,2005500.0,9932.0,2091500.0,,,0,0,0,0,0,0,0,0,0,0,0,0,0,0,0,0,0,0,0,0,0,0,0,0,0,0,0,0,0,0,0,0,0,94,2026-02-05 19:53:49.238547
SPNG,24.96,24.96,25.82,1519100.0,15000.0,800.0,3000.0,1849700.0,,,,0,0,0,0,0,0,0,0,0,0,0,0,0,0,0,0,0,0,0,0,0,0,0,0,0,0,0,0,0,0,0,0,0,95,2026-02-05 19:53:50.294911
SMMR,24.79,24.79,24.8,1963900.0,,1040.0,,1733500.0,5321.0,904.0,10032.0,0,0,0,0,0,0,0,0,0,0,0,0,0,0,0,0,0,0,0,0,0,0,0,0,0,0,0,0,0,0,0,0,0,95,2026-02-05 19:53:50.294911
ATMN,24.77,25.08,25.18,1708300.0,4500.0,813.0,18000.0,1130200.0,,919.0,,0,0,0,0,0,0,0,0,0,0,0,0,0,0,0,0,0,0,0,0,0,0,0,0,0,0,0,0,0,0,0,0,0,95,2026-02-05 19:53:50.294911
WNTR,24.77,24.67,24.68,2022000.0,,3354.0,,1769200.0,,673.0,26000.0,0,0,0,0,0,0,0,0,0,0,0,0,0,0,0,0,0,0,0,0,0,0,0,0,0,0,0,0,0,0,0,0,0,95,2026-02-05 19:53:50.294911
SPNG,26.04,25.43,25.8,720.0,1357000.0,21000.0,800.0,1999300.0,,0,0,0,0,0,0,0,0,0,0,0,0,0,0,0,0,0,0,0,0,0,0,0,0,0,0,0,0,0,0,0,0,0,0,0,96,2026-02-05 19:53:51.342006
SMMR,24.79,24.77,24.78,,2199100.0,,1040.0,1953200.0,,0,0,0,0,0,0,0,0,0,0,0,0,0,0,0,0,0,0,0,0,0,0,0,0,0,0,0,0,0,0,0,0,0,0,0,96,2026-02-05 19:53:51.342006
ATMN,25.0,24.74,25.0,,1924700.0,2250.0,919.0,904600.0,22500.0,0,0,0,0,0,0,0,0,0,0,0,0,0,0,0,0,0,0,0,0,0,0,0,0,0,0,0,0,0,0,0,0,0,0,0,96,2026-02-05 19:53:51.342006
WNTR,24.72,24.76,24.79,,2142800.0,,,2194900.0,,0,0,0,0,0,0,0,0,0,0,0,0,0,0,0,0,0,0,0,0,0,0,0,0,0,0,0,0,0,0,0,0,0,0,0,96,2026-02-05 19:53:51.342006
SPNG,26.03,26.03,26.04,1193700.0,800.0,100.0,21000.0,1996900.0,720.0,,,0,0,0,0,0,0,0,0,0,0,0,0,0,0,0,0,0,0,0,0,0,0,0,0,0,0,0,0,0,0,0,0,0,97,2026-02-05 19:53:52.419242
SMMR,24.79,24.77,24.78,1870300.0,904.0,9196.0,,1855500.0,1040.0,7121.0,,0,0,0,0,0,0,0,0,0,0,0,0,0,0,0,0,0,0,0,0,0,0,0,0,0,0,0,0,0,0,0,0,0,97,2026-02-05 19:53:52.419242
ATMN,25.15,24.75,25.08,1924700.0,720.0,,,1036500.0,,3560.0,20250.0,0,0,0,0,0,0,0,0,0,0,0,0,0,0,0,0,0,0,0,0,0,0,0,0,0,0,0,0,0,0,0,0,0,97,2026-02-05 19:53:52.419242
WNTR,24.75,24.68,24.7,2043100.0,,8438.0,,1973600.0,1160.0,8438.0,,0,0,0,0,0,0,0,0,0,0,0,0,0,0,0,0,0,0,0,0,0,0,0,0,0,0,0,0,0,0,0,0,0,97,2026-02-05 19:53:52.419242
SPNG,25.46,24.96,25.25,1357000.0,24000.0,1928200.0,800.0,7172.0,,,,0,0,0,0,0,0,0,0,0,0,0,0,0,0,0,0,0,0,0,0,0,0,0,0,0,0,0,0,0,0,0,0,0,98,2026-02-05 19:53:53.474369
SMMR,24.92,24.81,24.84,1757000.0,,2055000.0,,,19196.0,904.0,,0,0,0,0,0,0,0,0,0,0,0,0,0,0,0,0,0,0,0,0,0,0,0,0,0,0,0,0,0,0,0,0,0,98,2026-02-05 19:53:53.474369
ATMN,24.63,24.63,25.07,2038800.0,,1034600.0,720.0,3560.0,,,18000.0,0,0,0,0,0,0,0,0,0,0,0,0,0,0,0,0,0,0,0,0,0,0,0,0,0,0,0,0,0,0,0,0,0,98,2026-02-05 19:53:53.474369
WNTR,24.79,24.69,24.71,1809900.0,,1979500.0,841.0,1809.0,15675.0,2194.0,,0,0,0,0,0,0,0,0,0,0,0,0,0,0,0,0,0,0,0,0,0,0,0,0,0,0,0,0,0,0,0,0,0,98,2026-02-05 19:53:53.474369
SPNG,25.25,25.11,25.25,648.0,1078700.0,27000.0,2104000.0,,,,,0,0,0,0,0,0,0,0,0,0,0,0,0,0,0,0,0,0,0,0,0,0,0,0,0,0,0,0,0,0,0,0,0,99,2026-02-05 19:53:54.533530
SMMR,24.77,24.77,25.04,904.0,2103700.0,,2050700.0,,,,,0,0,0,0,0,0,0,0,0,0,0,0,0,0,0,0,0,0,0,0,0,0,0,0,0,0,0,0,0,0,0,0,0,99,2026-02-05 19:53:54.533530
ATMN,24.6,24.8,24.83,740.0,1934900.0,,1378300.0,1556.0,13500.0,,,0,0,0,0,0,0,0,0,0,0,0,0,0,0,0,0,0,0,0,0,0,0,0,0,0,0,0,0,0,0,0,0,0,99,2026-02-05 19:53:54.533530
WNTR,24.79,24.79,24.8,2867.0,1935700.0,,2091500.0,,,2768.0,8117.0,0,0,0,0,0,0,0,0,0,0,0,0,0,0,0,0,0,0,0,0,0,0,0,0,0,0,0,0,0,0,0,0,0,99,2026-02-05 19:53:54.533530
SPNG,25.25,25.12,25.22,648.0,30000.0,847100.0,100.0,1520.0,2015500.0,,,0,0,0,0,0,0,0,0,0,0,0,0,0,0,0,0,0,0,0,0,0,0,0,0,0,0,0,0,0,0,0,0,0,100,2026-02-05 19:53:55.600646
SMMR,24.75,24.75,24.83,,,2209600.0,,1040.0,1695000.0,10100.0,,0,0,0,0,0,0,0,0,0,0,0,0,0,0,0,0,0,0,0,0,0,0,0,0,0,0,0,0,0,0,0,0,0,100,2026-02-05 19:53:55.600646
ATMN,24.83,24.83,24.87,644.0,,1966400.0,,2392.0,1231000.0,6592.0,13500.0,0,0,0,0,0,0,0,0,0,0,0,0,0,0,0,0,0,0,0,0,0,0,0,0,0,0,0,0,0,0,0,0,0,100,2026-02-05 19:53:55.600646
WNTR,24.77,24.63,24.75,,,2074500.0,288.0,1052.0,1866100.0,18117.0,,0,0,0,0,0,0,0,0,0,0,0,0,0,0,0,0,0,0,0,0,0,0,0,0,0,0,0,0,0,0,0,0,0,100,2026-02-05 19:53:55.600646
SPNG,25.25,25.15,25.21,582700.0,300.0,800.0,30000.0,100.0,800.0,1928200.0,,0,0,0,0,0,0,0,0,0,0,0,0,0,0,0,0,0,0,0,0,0,0,0,0,0,0,0,0,0,0,0,0,0,101,2026-02-05 19:53:56.651224
SMMR,24.93,24.82,24.91,1995100.0,8209.0,769.0,,6692.0,,1809300.0,,0,0,0,0,0,0,0,0,0,0,0,0,0,0,0,0,0,0,0,0,0,0,0,0,0,0,0,0,0,0,0,0,0,101,2026-02-05 19:53:56.651224
ATMN,24.8,24.8,24.89,1846700.0,7521.0,644.0,,689.0,,1443900.0,11250.0,0,0,0,0,0,0,0,0,0,0,0,0,0,0,0,0,0,0,0,0,0,0,0,0,0,0,0,0,0,0,0,0,0,101,2026-02-05 19:53:56.651224
WNTR,24.81,24.64,24.81,1855800.0,1032.0,1052.0,,,,2228700.0,,0,0,0,0,0,0,0,0,0,0,0,0,0,0,0,0,0,0,0,0,0,0,0,0,0,0,0,0,0,0,0,0,0,101,2026-02-05 19:53:56.651224
SPNG,25.39,25.16,25.23,30000.0,582700.0,300.0,800.0,2122800.0,,,,0,0,0,0,0,0,0,0,0,0,0,0,0,0,0,0,0,0,0,0,0,0,0,0,0,0,0,0,0,0,0,0,0,102,2026-02-05 19:53:57.200302
SMMR,24.91,24.91,24.93,,1984300.0,8209.0,1040.0,1929600.0,6592.0,,,0,0,0,0,0,0,0,0,0,0,0,0,0,0,0,0,0,0,0,0,0,0,0,0,0,0,0,0,0,0,0,0,0,102,2026-02-05 19:53:57.200302
ATMN,25.17,24.84,25.15,2250.0,1744700.0,7521.0,919.0,1792600.0,,919.0,4500.0,0,0,0,0,0,0,0,0,0,0,0,0,0,0,0,0,0,0,0,0,0,0,0,0,0,0,0,0,0,0,0,0,0,102,2026-02-05 19:53:57.200302
WNTR,24.61,24.61,24.62,,2199400.0,,,2244100.0,,,,0,0,0,0,0,0,0,0,0,0,0,0,0,0,0,0,0,0,0,0,0,0,0,0,0,0,0,0,0,0,0,0,0,102,2026-02-05 19:53:57.200302
SPNG,25.39,25.17,25.22,5866.0,30000.0,776700.0,800.0,100.0,1947000.0,720.0,,0,0,0,0,0,0,0,0,0,0,0,0,0,0,0,0,0,0,0,0,0,0,0,0,0,0,0,0,0,0,0,0,0,103,2026-02-05 19:53:58.241580
SMMR,24.74,24.81,24.93,,,2184300.0,,1725.0,1836600.0,904.0,,0,0,0,0,0,0,0,0,0,0,0,0,0,0,0,0,0,0,0,0,0,0,0,0,0,0,0,0,0,0,0,0,0,103,2026-02-05 19:53:58.241580
ATMN,24.91,24.91,24.98,7771.0,2250.0,1729400.0,813.0,100.0,1562000.0,,9000.0,0,0,0,0,0,0,0,0,0,0,0,0,0,0,0,0,0,0,0,0,0,0,0,0,0,0,0,0,0,0,0,0,0,103,2026-02-05 19:53:58.241580
WNTR,24.65,24.74,24.81,,,2105100.0,854.0,,2228700.0,,,0,0,0,0,0,0,0,0,0,0,0,0,0,0,0,0,0,0,0,0,0,0,0,0,0,0,0,0,0,0,0,0,0,103,2026-02-05 19:53:58.241580
SPNG,25.39,25.19,25.22,675200.0,5966.0,30000.0,800.0,200.0,1827700.0,720.0,,0,0,0,0,0,0,0,0,0,0,0,0,0,0,0,0,0,0,0,0,0,0,0,0,0,0,0,0,0,0,0,0,0,104,2026-02-05 19:53:59.294110
SMMR,24.94,24.94,25.0,1981000.0,8209.0,,1040.0,,2037700.0,,,0,0,0,0,0,0,0,0,0,0,0,0,0,0,0,0,0,0,0,0,0,0,0,0,0,0,0,0,0,0,0,0,0,104,2026-02-05 19:53:59.294110
ATMN,24.57,24.58,24.97,1926200.0,,2250.0,,5881.0,1236300.0,919.0,11250.0,0,0,0,0,0,0,0,0,0,0,0,0,0,0,0,0,0,0,0,0,0,0,0,0,0,0,0,0,0,0,0,0,0,104,2026-02-05 19:53:59.294110
WNTR,24.64,24.61,24.64,2074000.0,,,1160.0,9069.0,2024600.0,1160.0,,0,0,0,0,0,0,0,0,0,0,0,0,0,0,0,0,0,0,0,0,0,0,0,0,0,0,0,0,0,0,0,0,0,104,2026-02-05 19:53:59.294110
SPNG,25.26,25.36,25.86,897000.0,1520.0,30000.0,648.0,2004400.0,,0,0,0,0,0,0,0,0,0,0,0,0,0,0,0,0,0,0,0,0,0,0,0,0,0,0,0,0,0,0,0,0,0,0,0,105,2026-02-05 19:54:00.341182
SMMR,24.77,24.78,24.93,2192400.0,,,787.0,1912100.0,,0,0,0,0,0,0,0,0,0,0,0,0,0,0,0,0,0,0,0,0,0,0,0,0,0,0,0,0,0,0,0,0,0,0,0,105,2026-02-05 19:54:00.341182
ATMN,24.71,24.88,24.98,1742800.0,707.0,4500.0,,1661700.0,9000.0,0,0,0,0,0,0,0,0,0,0,0,0,0,0,0,0,0,0,0,0,0,0,0,0,0,0,0,0,0,0,0,0,0,0,0,105,2026-02-05 19:54:00.341182
WNTR,24.81,24.61,24.65,2058600.0,1160.0,,1160.0,2112500.0,,0,0,0,0,0,0,0,0,0,0,0,0,0,0,0,0,0,0,0,0,0,0,0,0,0,0,0,0,0,0,0,0,0,0,0,105,2026-02-05 19:54:00.341182
SPNG,25.26,25.67,25.84,1020500.0,1520.0,27000.0,648.0,2004400.0,,,0,0,0,0,0,0,0,0,0,0,0,0,0,0,0,0,0,0,0,0,0,0,0,0,0,0,0,0,0,0,0,0,0,0,106,2026-02-05 19:54:01.391345
SMMR,24.93,24.99,25.0,2102400.0,787.0,,,2037700.0,,,0,0,0,0,0,0,0,0,0,0,0,0,0,0,0,0,0,0,0,0,0,0,0,0,0,0,0,0,0,0,0,0,0,0,106,2026-02-05 19:54:01.391345
ATMN,24.75,24.88,24.98,1732600.0,919.0,4500.0,919.0,1356900.0,13500.0,,0,0,0,0,0,0,0,0,0,0,0,0,0,0,0,0,0,0,0,0,0,0,0,0,0,0,0,0,0,0,0,0,0,0,106,2026-02-05 19:54:01.391345
WNTR,24.67,24.68,24.8,1980900.0,2151.0,,848.0,2112500.0,,4000.0,0,0,0,0,0,0,0,0,0,0,0,0,0,0,0,0,0,0,0,0,0,0,0,0,0,0,0,0,0,0,0,0,0,0,106,2026-02-05 19:54:01.391345
SPNG,25.26,25.68,25.69,30000.0,957800.0,1520.0,2008900.0,648.0,,,,0,0,0,0,0,0,0,0,0,0,0,0,0,0,0,0,0,0,0,0,0,0,0,0,0,0,0,0,0,0,0,0,0,107,2026-02-05 19:54:02.440165
SMMR,24.71,24.97,25.0,,2104000.0,937.0,1755100.0,787.0,8000.0,,,0,0,0,0,0,0,0,0,0,0,0,0,0,0,0,0,0,0,0,0,0,0,0,0,0,0,0,0,0,0,0,0,0,107,2026-02-05 19:54:02.440165
ATMN,25.17,24.88,24.98,6750.0,1645100.0,919.0,1919500.0,919.0,,2250.0,,0,0,0,0,0,0,0,0,0,0,0,0,0,0,0,0,0,0,0,0,0,0,0,0,0,0,0,0,0,0,0,0,0,107,2026-02-05 19:54:02.440165
WNTR,24.67,24.71,24.81,,2014000.0,,2239900.0,,,,8000.0,0,0,0,0,0,0,0,0,0,0,0,0,0,0,0,0,0,0,0,0,0,0,0,0,0,0,0,0,0,0,0,0,0,107,2026-02-05 19:54:02.440165
SPNG,25.6,25.63,25.69,1520.0,1127900.0,24000.0,2008900.0,648.0,0,0,0,0,0,0,0,0,0,0,0,0,0,0,0,0,0,0,0,0,0,0,0,0,0,0,0,0,0,0,0,0,0,0,0,0,108,2026-02-05 19:54:03.484509
SMMR,24.68,24.68,25.0,,2183000.0,,1986900.0,1724.0,0,0,0,0,0,0,0,0,0,0,0,0,0,0,0,0,0,0,0,0,0,0,0,0,0,0,0,0,0,0,0,0,0,0,0,0,108,2026-02-05 19:54:03.484509
ATMN,24.68,24.69,25.0,,1644900.0,9000.0,2136300.0,,0,0,0,0,0,0,0,0,0,0,0,0,0,0,0,0,0,0,0,0,0,0,0,0,0,0,0,0,0,0,0,0,0,0,0,0,108,2026-02-05 19:54:03.484509
WNTR,24.66,24.73,24.8,,2228700.0,,2131300.0,848.0,0,0,0,0,0,0,0,0,0,0,0,0,0,0,0,0,0,0,0,0,0,0,0,0,0,0,0,0,0,0,0,0,0,0,0,0,108,2026-02-05 19:54:03.484509
SPNG,25.6,25.6,25.69,1419000.0,800.0,15000.0,1980100.0,800.0,,0,0,0,0,0,0,0,0,0,0,0,0,0,0,0,0,0,0,0,0,0,0,0,0,0,0,0,0,0,0,0,0,0,0,0,109,2026-02-05 19:54:04.527204
SMMR,24.65,24.8,24.99,2041100.0,603.0,,1986900.0,3354.0,,0,0,0,0,0,0,0,0,0,0,0,0,0,0,0,0,0,0,0,0,0,0,0,0,0,0,0,0,0,0,0,0,0,0,0,109,2026-02-05 19:54:04.527204
ATMN,25.0,24.63,25.0,1953000.0,,2250.0,2136300.0,,,0,0,0,0,0,0,0,0,0,0,0,0,0,0,0,0,0,0,0,0,0,0,0,0,0,0,0,0,0,0,0,0,0,0,0,109,2026-02-05 19:54:04.527204
WNTR,24.73,24.61,24.66,2101500.0,,,2137700.0,143.0,4000.0,0,0,0,0,0,0,0,0,0,0,0,0,0,0,0,0,0,0,0,0,0,0,0,0,0,0,0,0,0,0,0,0,0,0,0,109,2026-02-05 19:54:04.527204
SPNG,25.69,25.6,25.69,1348500.0,800.0,18000.0,1980700.0,800.0,,,0,0,0,0,0,0,0,0,0,0,0,0,0,0,0,0,0,0,0,0,0,0,0,0,0,0,0,0,0,0,0,0,0,0,110,2026-02-05 19:54:05.561419
SMMR,24.65,24.81,24.94,2057600.0,603.0,,1982800.0,3354.0,,,0,0,0,0,0,0,0,0,0,0,0,0,0,0,0,0,0,0,0,0,0,0,0,0,0,0,0,0,0,0,0,0,0,0,110,2026-02-05 19:54:05.561419
ATMN,24.91,24.65,24.74,1747100.0,836.0,4500.0,1942700.0,,4500.0,,0,0,0,0,0,0,0,0,0,0,0,0,0,0,0,0,0,0,0,0,0,0,0,0,0,0,0,0,0,0,0,0,0,0,110,2026-02-05 19:54:05.561419
WNTR,24.84,24.62,24.84,2018600.0,974.0,,2222400.0,,,3961.0,0,0,0,0,0,0,0,0,0,0,0,0,0,0,0,0,0,0,0,0,0,0,0,0,0,0,0,0,0,0,0,0,0,0,110,2026-02-05 19:54:05.561419
SPNG,25.7,25.37,25.69,3000.0,1959600.0,3000.0,1999400.0,,,,0,0,0,0,0,0,0,0,0,0,0,0,0,0,0,0,0,0,0,0,0,0,0,0,0,0,0,0,0,0,0,0,0,0,111,2026-02-05 19:54:06.592207
SMMR,24.74,24.68,24.74,,2130700.0,,1976600.0,3957.0,,,0,0,0,0,0,0,0,0,0,0,0,0,0,0,0,0,0,0,0,0,0,0,0,0,0,0,0,0,0,0,0,0,0,0,111,2026-02-05 19:54:06.592207
ATMN,25.0,24.8,25.0,6750.0,1658900.0,,2152200.0,,2452.0,,0,0,0,0,0,0,0,0,0,0,0,0,0,0,0,0,0,0,0,0,0,0,0,0,0,0,0,0,0,0,0,0,0,0,111,2026-02-05 19:54:06.592207
WNTR,24.64,24.67,24.85,,2149300.0,,2203800.0,,,3319.0,0,0,0,0,0,0,0,0,0,0,0,0,0,0,0,0,0,0,0,0,0,0,0,0,0,0,0,0,0,0,0,0,0,0,111,2026-02-05 19:54:06.592207
SPNG,25.78,25.68,25.78,1955500.0,3000.0,2021300.0,3000.0,,,,0,0,0,0,0,0,0,0,0,0,0,0,0,0,0,0,0,0,0,0,0,0,0,0,0,0,0,0,0,0,0,0,0,0,112,2026-02-05 19:54:07.635106
SMMR,24.95,24.83,24.95,2057800.0,,1982800.0,,2986.0,2986.0,,0,0,0,0,0,0,0,0,0,0,0,0,0,0,0,0,0,0,0,0,0,0,0,0,0,0,0,0,0,0,0,0,0,0,112,2026-02-05 19:54:07.635106
ATMN,24.61,24.81,24.97,1741000.0,6750.0,1838000.0,4500.0,,,2452.0,0,0,0,0,0,0,0,0,0,0,0,0,0,0,0,0,0,0,0,0,0,0,0,0,0,0,0,0,0,0,0,0,0,0,112,2026-02-05 19:54:07.635106
WNTR,24.71,24.81,24.87,2122800.0,,2205800.0,,2986.0,,,0,0,0,0,0,0,0,0,0,0,0,0,0,0,0,0,0,0,0,0,0,0,0,0,0,0,0,0,0,0,0,0,0,0,112,2026-02-05 19:54:07.635106
SPNG,25.28,25.53,25.78,2061900.0,1898100.0,6000.0,,,,0,0,0,0,0,0,0,0,0,0,0,0,0,0,0,0,0,0,0,0,0,0,0,0,0,0,0,0,0,0,0,0,0,0,0,113,2026-02-05 19:54:08.705632
SMMR,24.83,24.83,24.87,2057800.0,2025500.0,,2409.0,2409.0,,0,0,0,0,0,0,0,0,0,0,0,0,0,0,0,0,0,0,0,0,0,0,0,0,0,0,0,0,0,0,0,0,0,0,0,113,2026-02-05 19:54:08.705632
ATMN,24.68,24.68,24.88,1844300.0,1709100.0,9000.0,,,4500.0,0,0,0,0,0,0,0,0,0,0,0,0,0,0,0,0,0,0,0,0,0,0,0,0,0,0,0,0,0,0,0,0,0,0,0,113,2026-02-05 19:54:08.705632
WNTR,24.61,24.82,24.87,2124000.0,2228800.0,,2409.0,,,0,0,0,0,0,0,0,0,0,0,0,0,0,0,0,0,0,0,0,0,0,0,0,0,0,0,0,0,0,0,0,0,0,0,0,113,2026-02-05 19:54:08.705632
SPNG,25.28,25.28,25.78,2069100.0,1791100.0,9000.0,,,0,0,0,0,0,0,0,0,0,0,0,0,0,0,0,0,0,0,0,0,0,0,0,0,0,0,0,0,0,0,0,0,0,0,0,0,114,2026-02-05 19:54:09.250136
SMMR,24.83,24.83,24.87,2057000.0,2001400.0,,2409.0,2409.0,0,0,0,0,0,0,0,0,0,0,0,0,0,0,0,0,0,0,0,0,0,0,0,0,0,0,0,0,0,0,0,0,0,0,0,0,114,2026-02-05 19:54:09.250136
ATMN,24.89,24.68,24.88,2055200.0,1709100.0,9000.0,,,0,0,0,0,0,0,0,0,0,0,0,0,0,0,0,0,0,0,0,0,0,0,0,0,0,0,0,0,0,0,0,0,0,0,0,0,114,2026-02-05 19:54:09.250136
WNTR,24.82,24.61,24.79,2235600.0,2212100.0,,,,0,0,0,0,0,0,0,0,0,0,0,0,0,0,0,0,0,0,0,0,0,0,0,0,0,0,0,0,0,0,0,0,0,0,0,0,114,2026-02-05 19:54:09.250136
SPNG,25.36,25.28,25.36,2040200.0,1557300.0,15000.0,,,0,0,0,0,0,0,0,0,0,0,0,0,0,0,0,0,0,0,0,0,0,0,0,0,0,0,0,0,0,0,0,0,0,0,0,0,115,2026-02-05 19:54:10.319601
SMMR,24.89,24.83,24.89,2057000.0,2068500.0,,2460.0,,0,0,0,0,0,0,0,0,0,0,0,0,0,0,0,0,0,0,0,0,0,0,0,0,0,0,0,0,0,0,0,0,0,0,0,0,115,2026-02-05 19:54:10.319601
ATMN,24.57,24.84,24.88,2015500.0,1498700.0,13500.0,,,0,0,0,0,0,0,0,0,0,0,0,0,0,0,0,0,0,0,0,0,0,0,0,0,0,0,0,0,0,0,0,0,0,0,0,0,115,2026-02-05 19:54:10.319601
WNTR,24.61,24.61,24.79,2108400.0,2084700.0,,2460.0,2460.0,0,0,0,0,0,0,0,0,0,0,0,0,0,0,0,0,0,0,0,0,0,0,0,0,0,0,0,0,0,0,0,0,0,0,0,0,115,2026-02-05 19:54:10.319601
SPNG,25.84,25.59,25.74,3000.0,1898700.0,1930000.0,6000.0,,0,0,0,0,0,0,0,0,0,0,0,0,0,0,0,0,0,0,0,0,0,0,0,0,0,0,0,0,0,0,0,0,0,0,0,0,116,2026-02-05 19:54:11.382478
SMMR,24.89,24.91,24.95,,2138100.0,2073500.0,,,0,0,0,0,0,0,0,0,0,0,0,0,0,0,0,0,0,0,0,0,0,0,0,0,0,0,0,0,0,0,0,0,0,0,0,0,116,2026-02-05 19:54:11.382478
ATMN,24.89,24.94,25.0,,2048400.0,1713000.0,9000.0,,0,0,0,0,0,0,0,0,0,0,0,0,0,0,0,0,0,0,0,0,0,0,0,0,0,0,0,0,0,0,0,0,0,0,0,0,116,2026-02-05 19:54:11.382478
WNTR,24.79,24.79,24.87,,2112300.0,2228500.0,,603.0,0,0,0,0,0,0,0,0,0,0,0,0,0,0,0,0,0,0,0,0,0,0,0,0,0,0,0,0,0,0,0,0,0,0,0,0,116,2026-02-05 19:54:11.382478
SPNG,25.74,25.29,25.74,3000.0,1917400.0,1930000.0,6000.0,,0,0,0,0,0,0,0,0,0,0,0,0,0,0,0,0,0,0,0,0,0,0,0,0,0,0,0,0,0,0,0,0,0,0,0,0,117,2026-02-05 19:54:12.439449
SMMR,24.99,24.68,24.99,,2133600.0,2052900.0,,,0,0,0,0,0,0,0,0,0,0,0,0,0,0,0,0,0,0,0,0,0,0,0,0,0,0,0,0,0,0,0,0,0,0,0,0,117,2026-02-05 19:54:12.439449
ATMN,24.56,24.56,25.0,,2047700.0,1513500.0,13500.0,,0,0,0,0,0,0,0,0,0,0,0,0,0,0,0,0,0,0,0,0,0,0,0,0,0,0,0,0,0,0,0,0,0,0,0,0,117,2026-02-05 19:54:12.439449
WNTR,24.79,24.81,24.87,,2112300.0,2198000.0,,603.0,0,0,0,0,0,0,0,0,0,0,0,0,0,0,0,0,0,0,0,0,0,0,0,0,0,0,0,0,0,0,0,0,0,0,0,0,117,2026-02-05 19:54:12.439449
SPNG,25.87,25.44,25.87,2017400.0,2127100.0,0,0,0,0,0,0,0,0,0,0,0,0,0,0,0,0,0,0,0,0,0,0,0,0,0,0,0,0,0,0,0,0,0,0,0,0,0,0,0,118,2026-02-05 19:54:13.488193
SMMR,24.68,24.68,24.98,2133600.0,2054300.0,0,0,0,0,0,0,0,0,0,0,0,0,0,0,0,0,0,0,0,0,0,0,0,0,0,0,0,0,0,0,0,0,0,0,0,0,0,0,0,118,2026-02-05 19:54:13.488193
ATMN,24.68,24.68,25.0,2051800.0,2113000.0,0,0,0,0,0,0,0,0,0,0,0,0,0,0,0,0,0,0,0,0,0,0,0,0,0,0,0,0,0,0,0,0,0,0,0,0,0,0,0,118,2026-02-05 19:54:13.488193
WNTR,24.62,24.63,24.66,2215600.0,2188900.0,0,0,0,0,0,0,0,0,0,0,0,0,0,0,0,0,0,0,0,0,0,0,0,0,0,0,0,0,0,0,0,0,0,0,0,0,0,0,0,118,2026-02-05 19:54:13.488193
SPNG,25.46,25.44,25.46,2014700.0,2137900.0,0,0,0,0,0,0,0,0,0,0,0,0,0,0,0,0,0,0,0,0,0,0,0,0,0,0,0,0,0,0,0,0,0,0,0,0,0,0,0,119,2026-02-05 19:54:14.543247
SMMR,24.76,24.68,24.76,2192000.0,2039900.0,0,0,0,0,0,0,0,0,0,0,0,0,0,0,0,0,0,0,0,0,0,0,0,0,0,0,0,0,0,0,0,0,0,0,0,0,0,0,0,119,2026-02-05 19:54:14.543247
ATMN,25.02,24.74,25.02,2048700.0,2086000.0,0,0,0,0,0,0,0,0,0,0,0,0,0,0,0,0,0,0,0,0,0,0,0,0,0,0,0,0,0,0,0,0,0,0,0,0,0,0,0,119,2026-02-05 19:54:14.543247
WNTR,24.66,24.69,24.85,2219700.0,2220700.0,0,0,0,0,0,0,0,0,0,0,0,0,0,0,0,0,0,0,0,0,0,0,0,0,0,0,0,0,0,0,0,0,0,0,0,0,0,0,0,119,2026-02-05 19:54:14.543247
SPNG,25.44,23.1,23.14,1104100.0,829200.0,0,0,0,0,0,0,0,0,0,0,0,0,0,0,0,0,0,0,0,0,0,0,0,0,0,0,0,0,0,0,0,0,0,0,0,0,0,0,0,120,2026-02-05 19:54:15.591673
SMMR,26.84,26.84,26.87,888500.0,739200.0,0,0,0,0,0,0,0,0,0,0,0,0,0,0,0,0,0,0,0,0,0,0,0,0,0,0,0,0,0,0,0,0,0,0,0,0,0,0,0,120,2026-02-05 19:54:15.591673
ATMN,24.83,23.69,24.19,888400.0,736600.0,0,0,0,0,0,0,0,0,0,0,0,0,0,0,0,0,0,0,0,0,0,0,0,0,0,0,0,0,0,0,0,0,0,0,0,0,0,0,0,120,2026-02-05 19:54:15.591673
WNTR,25.99,25.22,25.95,517300.0,627700.0,0,0,0,0,0,0,0,0,0,0,0,0,0,0,0,0,0,0,0,0,0,0,0,0,0,0,0,0,0,0,0,0,0,0,0,0,0,0,0,120,2026-02-05 19:54:15.591673
SPNG,23.14,23.33,23.35,1317400.0,916500.0,,,0,0,0,0,0,0,0,0,0,0,0,0,0,0,0,0,0,0,0,0,0,0,0,0,0,0,0,0,0,0,0,0,0,0,0,0,0,121,2026-02-05 19:54:16.645674
SMMR,27.0,26.83,26.92,892400.0,737500.0,5620.0,2810.0,0,0,0,0,0,0,0,0,0,0,0,0,0,0,0,0,0,0,0,0,0,0,0,0,0,0,0,0,0,0,0,0,0,0,0,0,0,121,2026-02-05 19:54:16.645674
ATMN,23.85,24.06,24.07,996200.0,843300.0,5620.0,,0,0,0,0,0,0,0,0,0,0,0,0,0,0,0,0,0,0,0,0,0,0,0,0,0,0,0,0,0,0,0,0,0,0,0,0,0,121,2026-02-05 19:54:16.645674
WNTR,25.95,26.02,26.75,1069100.0,798800.0,5620.0,,0,0,0,0,0,0,0,0,0,0,0,0,0,0,0,0,0,0,0,0,0,0,0,0,0,0,0,0,0,0,0,0,0,0,0,0,0,121,2026-02-05 19:54:16.645674
SPNG,23.1,23.1,23.19,1248200.0,1152200.0,2810.0,,0,0,0,0,0,0,0,0,0,0,0,0,0,0,0,0,0,0,0,0,0,0,0,0,0,0,0,0,0,0,0,0,0,0,0,0,0,122,2026-02-05 19:54:17.704055
SMMR,27.0,26.85,26.86,1099500.0,938100.0,,232.0,0,0,0,0,0,0,0,0,0,0,0,0,0,0,0,0,0,0,0,0,0,0,0,0,0,0,0,0,0,0,0,0,0,0,0,0,0,122,2026-02-05 19:54:17.704055
ATMN,24.02,23.69,23.73,888400.0,1167000.0,2810.0,,0,0,0,0,0,0,0,0,0,0,0,0,0,0,0,0,0,0,0,0,0,0,0,0,0,0,0,0,0,0,0,0,0,0,0,0,0,122,2026-02-05 19:54:17.704055
WNTR,26.85,26.85,27.2,1386000.0,799200.0,,5852.0,0,0,0,0,0,0,0,0,0,0,0,0,0,0,0,0,0,0,0,0,0,0,0,0,0,0,0,0,0,0,0,0,0,0,0,0,0,122,2026-02-05 19:54:17.704055
SPNG,23.04,22.52,22.78,3000.0,1292900.0,1160700.0,,,0,0,0,0,0,0,0,0,0,0,0,0,0,0,0,0,0,0,0,0,0,0,0,0,0,0,0,0,0,0,0,0,0,0,0,0,123,2026-02-05 19:54:18.763331
SMMR,26.8,26.77,26.78,,1187000.0,1039100.0,893.0,893.0,0,0,0,0,0,0,0,0,0,0,0,0,0,0,0,0,0,0,0,0,0,0,0,0,0,0,0,0,0,0,0,0,0,0,0,0,123,2026-02-05 19:54:18.763331
ATMN,23.69,23.38,23.53,,1056600.0,1477400.0,,1786.0,0,0,0,0,0,0,0,0,0,0,0,0,0,0,0,0,0,0,0,0,0,0,0,0,0,0,0,0,0,0,0,0,0,0,0,0,123,2026-02-05 19:54:18.763331
WNTR,27.2,27.12,27.2,,1480200.0,910200.0,1786.0,893.0,0,0,0,0,0,0,0,0,0,0,0,0,0,0,0,0,0,0,0,0,0,0,0,0,0,0,0,0,0,0,0,0,0,0,0,0,123,2026-02-05 19:54:18.763331
SPNG,22.78,22.95,23.34,1537000.0,6000.0,893.0,3000.0,1045900.0,,0,0,0,0,0,0,0,0,0,0,0,0,0,0,0,0,0,0,0,0,0,0,0,0,0,0,0,0,0,0,0,0,0,0,0,124,2026-02-05 19:54:19.325539
SMMR,26.8,26.77,26.78,1372700.0,,893.0,,1039100.0,893.0,0,0,0,0,0,0,0,0,0,0,0,0,0,0,0,0,0,0,0,0,0,0,0,0,0,0,0,0,0,0,0,0,0,0,0,124,2026-02-05 19:54:19.325539
ATMN,23.81,23.39,23.81,1056600.0,2250.0,893.0,,1266900.0,,0,0,0,0,0,0,0,0,0,0,0,0,0,0,0,0,0,0,0,0,0,0,0,0,0,0,0,0,0,0,0,0,0,0,0,124,2026-02-05 19:54:19.325539
WNTR,27.2,27.12,27.2,1596600.0,,1786.0,,1009400.0,893.0,0,0,0,0,0,0,0,0,0,0,0,0,0,0,0,0,0,0,0,0,0,0,0,0,0,0,0,0,0,0,0,0,0,0,0,124,2026-02-05 19:54:19.325539
SPNG,23.02,23.02,23.31,1670600.0,2679.0,9000.0,1786.0,9000.0,1177500.0,0,0,0,0,0,0,0,0,0,0,0,0,0,0,0,0,0,0,0,0,0,0,0,0,0,0,0,0,0,0,0,0,0,0,0,125,2026-02-05 19:54:20.384067
SMMR,26.78,26.81,26.86,1488700.0,2679.0,,,,1151000.0,0,0,0,0,0,0,0,0,0,0,0,0,0,0,0,0,0,0,0,0,0,0,0,0,0,0,0,0,0,0,0,0,0,0,0,125,2026-02-05 19:54:20.384067
ATMN,23.81,23.94,24.04,1512000.0,2679.0,6750.0,,2250.0,1155000.0,0,0,0,0,0,0,0,0,0,0,0,0,0,0,0,0,0,0,0,0,0,0,0,0,0,0,0,0,0,0,0,0,0,0,0,125,2026-02-05 19:54:20.384067
WNTR,27.25,27.21,27.25,1680200.0,5358.0,,1786.0,,917500.0,0,0,0,0,0,0,0,0,0,0,0,0,0,0,0,0,0,0,0,0,0,0,0,0,0,0,0,0,0,0,0,0,0,0,0,125,2026-02-05 19:54:20.384067
SPNG,23.0,23.06,23.25,1635100.0,15000.0,12000.0,1430000.0,1421.0,0,0,0,0,0,0,0,0,0,0,0,0,0,0,0,0,0,0,0,0,0,0,0,0,0,0,0,0,0,0,0,0,0,0,0,0,126,2026-02-05 19:54:21.441965
SMMR,26.81,26.81,26.86,1576300.0,,,1250100.0,1421.0,0,0,0,0,0,0,0,0,0,0,0,0,0,0,0,0,0,0,0,0,0,0,0,0,0,0,0,0,0,0,0,0,0,0,0,0,126,2026-02-05 19:54:21.441965
ATMN,23.89,23.99,24.04,1631900.0,9000.0,6750.0,1155000.0,1421.0,0,0,0,0,0,0,0,0,0,0,0,0,0,0,0,0,0,0,0,0,0,0,0,0,0,0,0,0,0,0,0,0,0,0,0,0,126,2026-02-05 19:54:21.441965
WNTR,27.21,27.09,27.18,1596600.0,,,1103100.0,1421.0,0,0,0,0,0,0,0,0,0,0,0,0,0,0,0,0,0,0,0,0,0,0,0,0,0,0,0,0,0,0,0,0,0,0,0,0,126,2026-02-05 19:54:21.441965
SPNG,22.53,23.16,23.25,1767500.0,9000.0,15000.0,1430000.0,,0,0,0,0,0,0,0,0,0,0,0,0,0,0,0,0,0,0,0,0,0,0,0,0,0,0,0,0,0,0,0,0,0,0,0,0,127,2026-02-05 19:54:22.493065
SMMR,26.81,26.77,26.79,1571400.0,,,1330000.0,,0,0,0,0,0,0,0,0,0,0,0,0,0,0,0,0,0,0,0,0,0,0,0,0,0,0,0,0,0,0,0,0,0,0,0,0,127,2026-02-05 19:54:22.493065
ATMN,23.38,23.39,24.05,1428600.0,2250.0,2250.0,1284200.0,,0,0,0,0,0,0,0,0,0,0,0,0,0,0,0,0,0,0,0,0,0,0,0,0,0,0,0,0,0,0,0,0,0,0,0,0,127,2026-02-05 19:54:22.493065
WNTR,27.09,27.17,27.29,1596600.0,,,818300.0,2236.0,0,0,0,0,0,0,0,0,0,0,0,0,0,0,0,0,0,0,0,0,0,0,0,0,0,0,0,0,0,0,0,0,0,0,0,0,127,2026-02-05 19:54:22.493065
SPNG,23.16,23.17,23.25,15000.0,1767500.0,1118.0,21000.0,1473800.0,,0,0,0,0,0,0,0,0,0,0,0,0,0,0,0,0,0,0,0,0,0,0,0,0,0,0,0,0,0,0,0,0,0,0,0,128,2026-02-05 19:54:23.538834
SMMR,26.77,26.77,26.79,,1857500.0,3244.0,,1330000.0,,0,0,0,0,0,0,0,0,0,0,0,0,0,0,0,0,0,0,0,0,0,0,0,0,0,0,0,0,0,0,0,0,0,0,0,128,2026-02-05 19:54:23.538834
ATMN,23.64,23.64,24.0,4500.0,1543200.0,1118.0,4500.0,1380400.0,1118.0,0,0,0,0,0,0,0,0,0,0,0,0,0,0,0,0,0,0,0,0,0,0,0,0,0,0,0,0,0,0,0,0,0,0,0,128,2026-02-05 19:54:23.538834
WNTR,27.15,27.09,27.15,,1596600.0,,,1120100.0,3244.0,0,0,0,0,0,0,0,0,0,0,0,0,0,0,0,0,0,0,0,0,0,0,0,0,0,0,0,0,0,0,0,0,0,0,0,128,2026-02-05 19:54:23.538834
SPNG,22.52,22.93,23.25,1780100.0,9000.0,24000.0,1385500.0,,,0,0,0,0,0,0,0,0,0,0,0,0,0,0,0,0,0,0,0,0,0,0,0,0,0,0,0,0,0,0,0,0,0,0,0,129,2026-02-05 19:54:24.585992
SMMR,26.86,26.79,26.82,1945500.0,,,1330500.0,,,0,0,0,0,0,0,0,0,0,0,0,0,0,0,0,0,0,0,0,0,0,0,0,0,0,0,0,0,0,0,0,0,0,0,0,129,2026-02-05 19:54:24.585992
ATMN,23.59,23.59,24.05,1639300.0,6750.0,9000.0,1380400.0,,,0,0,0,0,0,0,0,0,0,0,0,0,0,0,0,0,0,0,0,0,0,0,0,0,0,0,0,0,0,0,0,0,0,0,0,129,2026-02-05 19:54:24.585992
WNTR,27.15,27.1,27.14,1796100.0,,,1210200.0,8500.0,8500.0,0,0,0,0,0,0,0,0,0,0,0,0,0,0,0,0,0,0,0,0,0,0,0,0,0,0,0,0,0,0,0,0,0,0,0,129,2026-02-05 19:54:24.585992
SPNG,23.31,22.94,23.25,3000.0,1901700.0,12000.0,1743300.0,,,0,0,0,0,0,0,0,0,0,0,0,0,0,0,0,0,0,0,0,0,0,0,0,0,0,0,0,0,0,0,0,0,0,0,0,130,2026-02-05 19:54:25.650743
SMMR,26.84,26.82,26.83,,1804000.0,,1325600.0,16445.0,10655.0,0,0,0,0,0,0,0,0,0,0,0,0,0,0,0,0,0,0,0,0,0,0,0,0,0,0,0,0,0,0,0,0,0,0,0,130,2026-02-05 19:54:25.650743
ATMN,23.33,23.33,23.56,,1438200.0,2250.0,1381400.0,,,0,0,0,0,0,0,0,0,0,0,0,0,0,0,0,0,0,0,0,0,0,0,0,0,0,0,0,0,0,0,0,0,0,0,0,130,2026-02-05 19:54:25.650743
WNTR,27.15,27.13,27.15,,1895200.0,,1210200.0,15379.0,6879.0,0,0,0,0,0,0,0,0,0,0,0,0,0,0,0,0,0,0,0,0,0,0,0,0,0,0,0,0,0,0,0,0,0,0,0,130,2026-02-05 19:54:25.650743
SPNG,22.59,22.59,23.23,1909600.0,100.0,18000.0,1463500.0,,,0,0,0,0,0,0,0,0,0,0,0,0,0,0,0,0,0,0,0,0,0,0,0,0,0,0,0,0,0,0,0,0,0,0,0,131,2026-02-05 19:54:26.779417
SMMR,26.77,26.77,26.81,1947200.0,19337.0,,1637100.0,,,0,0,0,0,0,0,0,0,0,0,0,0,0,0,0,0,0,0,0,0,0,0,0,0,0,0,0,0,0,0,0,0,0,0,0,131,2026-02-05 19:54:26.779417
ATMN,23.56,23.69,24.01,1689100.0,2023.0,2250.0,1262700.0,8194.0,4500.0,0,0,0,0,0,0,0,0,0,0,0,0,0,0,0,0,0,0,0,0,0,0,0,0,0,0,0,0,0,0,0,0,0,0,0,131,2026-02-05 19:54:26.779417
WNTR,27.29,27.13,27.15,1783800.0,388.0,,997900.0,15479.0,,0,0,0,0,0,0,0,0,0,0,0,0,0,0,0,0,0,0,0,0,0,0,0,0,0,0,0,0,0,0,0,0,0,0,0,131,2026-02-05 19:54:26.779417
SPNG,22.59,22.89,23.21,2312100.0,2514.0,15000.0,1463500.0,,0,0,0,0,0,0,0,0,0,0,0,0,0,0,0,0,0,0,0,0,0,0,0,0,0,0,0,0,0,0,0,0,0,0,0,0,132,2026-02-05 19:54:27.446829
SMMR,26.76,26.76,26.81,2067100.0,19337.0,,1637100.0,,0,0,0,0,0,0,0,0,0,0,0,0,0,0,0,0,0,0,0,0,0,0,0,0,0,0,0,0,0,0,0,0,0,0,0,0,132,2026-02-05 19:54:27.446829
ATMN,23.33,23.7,23.87,1560200.0,2023.0,2250.0,1467300.0,6750.0,0,0,0,0,0,0,0,0,0,0,0,0,0,0,0,0,0,0,0,0,0,0,0,0,0,0,0,0,0,0,0,0,0,0,0,0,132,2026-02-05 19:54:27.446829
WNTR,27.31,27.08,27.31,1971000.0,,,793000.0,,0,0,0,0,0,0,0,0,0,0,0,0,0,0,0,0,0,0,0,0,0,0,0,0,0,0,0,0,0,0,0,0,0,0,0,0,132,2026-02-05 19:54:27.446829
SPNG,23.24,22.91,22.97,100.0,2312100.0,1678000.0,15000.0,,,0,0,0,0,0,0,0,0,0,0,0,0,0,0,0,0,0,0,0,0,0,0,0,0,0,0,0,0,0,0,0,0,0,0,0,133,2026-02-05 19:54:28.605636
SMMR,26.87,26.76,26.87,,2024000.0,1538000.0,,,,0,0,0,0,0,0,0,0,0,0,0,0,0,0,0,0,0,0,0,0,0,0,0,0,0,0,0,0,0,0,0,0,0,0,0,133,2026-02-05 19:54:28.605636
ATMN,23.24,23.25,23.32,,1528100.0,1599900.0,6750.0,2250.0,7122.0,0,0,0,0,0,0,0,0,0,0,0,0,0,0,0,0,0,0,0,0,0,0,0,0,0,0,0,0,0,0,0,0,0,0,0,133,2026-02-05 19:54:28.605636
WNTR,27.31,27.11,27.24,7122.0,1971000.0,993100.0,,,,0,0,0,0,0,0,0,0,0,0,0,0,0,0,0,0,0,0,0,0,0,0,0,0,0,0,0,0,0,0,0,0,0,0,0,133,2026-02-05 19:54:28.605636
SPNG,22.59,22.9,22.92,3000.0,2175600.0,2076100.0,1839.0,,,0,0,0,0,0,0,0,0,0,0,0,0,0,0,0,0,0,0,0,0,0,0,0,0,0,0,0,0,0,0,0,0,0,0,0,134,2026-02-05 19:54:29.681876
SMMR,26.85,26.85,26.87,,1778700.0,1743500.0,,12370.0,,0,0,0,0,0,0,0,0,0,0,0,0,0,0,0,0,0,0,0,0,0,0,0,0,0,0,0,0,0,0,0,0,0,0,0,134,2026-02-05 19:54:29.681876
ATMN,23.86,23.26,23.73,,1426300.0,1674800.0,184.0,,4500.0,0,0,0,0,0,0,0,0,0,0,0,0,0,0,0,0,0,0,0,0,0,0,0,0,0,0,0,0,0,0,0,0,0,0,0,134,2026-02-05 19:54:29.681876
WNTR,27.24,27.19,27.24,,1769400.0,1084700.0,,22343.0,,0,0,0,0,0,0,0,0,0,0,0,0,0,0,0,0,0,0,0,0,0,0,0,0,0,0,0,0,0,0,0,0,0,0,0,134,2026-02-05 19:54:29.681876
SPNG,22.92,23.23,23.31,2084400.0,1665.0,9000.0,2187200.0,,,0,0,0,0,0,0,0,0,0,0,0,0,0,0,0,0,0,0,0,0,0,0,0,0,0,0,0,0,0,0,0,0,0,0,0,135,2026-02-05 19:54:30.756553
SMMR,26.74,26.77,26.83,1911100.0,2261.0,,1743500.0,4717.0,,0,0,0,0,0,0,0,0,0,0,0,0,0,0,0,0,0,0,0,0,0,0,0,0,0,0,0,0,0,0,0,0,0,0,0,135,2026-02-05 19:54:30.756553
ATMN,23.82,23.24,23.56,1426300.0,,2250.0,1507400.0,2546.0,9000.0,0,0,0,0,0,0,0,0,0,0,0,0,0,0,0,0,0,0,0,0,0,0,0,0,0,0,0,0,0,0,0,0,0,0,0,135,2026-02-05 19:54:30.756553
WNTR,27.16,27.16,27.35,2070800.0,,,1045500.0,,,0,0,0,0,0,0,0,0,0,0,0,0,0,0,0,0,0,0,0,0,0,0,0,0,0,0,0,0,0,0,0,0,0,0,0,135,2026-02-05 19:54:30.756553
SPNG,23.18,22.9,23.13,15000.0,1931800.0,2002400.0,4142.0,3000.0,,0,0,0,0,0,0,0,0,0,0,0,0,0,0,0,0,0,0,0,0,0,0,0,0,0,0,0,0,0,0,0,0,0,0,0,136,2026-02-05 19:54:31.829821
SMMR,26.83,26.83,26.87,,1907900.0,1743500.0,,,1560.0,0,0,0,0,0,0,0,0,0,0,0,0,0,0,0,0,0,0,0,0,0,0,0,0,0,0,0,0,0,0,0,0,0,0,0,136,2026-02-05 19:54:31.829821
ATMN,23.7,23.71,23.81,,1555100.0,1310600.0,7703.0,11250.0,5157.0,0,0,0,0,0,0,0,0,0,0,0,0,0,0,0,0,0,0,0,0,0,0,0,0,0,0,0,0,0,0,0,0,0,0,0,136,2026-02-05 19:54:31.829821
WNTR,27.2,27.15,27.16,,2079800.0,1141600.0,2498.0,,,0,0,0,0,0,0,0,0,0,0,0,0,0,0,0,0,0,0,0,0,0,0,0,0,0,0,0,0,0,0,0,0,0,0,0,136,2026-02-05 19:54:31.829821
SPNG,23.31,22.9,23.31,18000.0,1162.0,1620800.0,2187200.0,,,0,0,0,0,0,0,0,0,0,0,0,0,0,0,0,0,0,0,0,0,0,0,0,0,0,0,0,0,0,0,0,0,0,0,0,137,2026-02-05 19:54:32.396860
SMMR,26.74,26.86,26.87,,,2003600.0,1743500.0,,,0,0,0,0,0,0,0,0,0,0,0,0,0,0,0,0,0,0,0,0,0,0,0,0,0,0,0,0,0,0,0,0,0,0,0,137,2026-02-05 19:54:32.396860
ATMN,23.7,23.24,23.49,2250.0,,1426300.0,1228500.0,7703.0,13500.0,0,0,0,0,0,0,0,0,0,0,0,0,0,0,0,0,0,0,0,0,0,0,0,0,0,0,0,0,0,0,0,0,0,0,0,137,2026-02-05 19:54:32.396860
WNTR,27.16,27.16,27.34,,,2108300.0,1045500.0,2498.0,,0,0,0,0,0,0,0,0,0,0,0,0,0,0,0,0,0,0,0,0,0,0,0,0,0,0,0,0,0,0,0,0,0,0,0,137,2026-02-05 19:54:32.396860
SPNG,22.83,22.83,23.35,2031200.0,12000.0,2144900.0,,,,0,0,0,0,0,0,0,0,0,0,0,0,0,0,0,0,0,0,0,0,0,0,0,0,0,0,0,0,0,0,0,0,0,0,0,138,2026-02-05 19:54:33.481522
SMMR,26.88,26.87,26.88,1897200.0,,1838500.0,9666.0,,,0,0,0,0,0,0,0,0,0,0,0,0,0,0,0,0,0,0,0,0,0,0,0,0,0,0,0,0,0,0,0,0,0,0,0,138,2026-02-05 19:54:33.481522
ATMN,23.7,23.45,23.53,1541100.0,6750.0,1017200.0,9333.0,18000.0,7703.0,0,0,0,0,0,0,0,0,0,0,0,0,0,0,0,0,0,0,0,0,0,0,0,0,0,0,0,0,0,0,0,0,0,0,0,138,2026-02-05 19:54:33.481522
WNTR,26.99,27.03,27.31,1968300.0,,1163700.0,,,9810.0,0,0,0,0,0,0,0,0,0,0,0,0,0,0,0,0,0,0,0,0,0,0,0,0,0,0,0,0,0,0,0,0,0,0,0,138,2026-02-05 19:54:33.481522
SPNG,22.59,22.97,23.31,2397000.0,100.0,1552.0,6000.0,1872300.0,,0,0,0,0,0,0,0,0,0,0,0,0,0,0,0,0,0,0,0,0,0,0,0,0,0,0,0,0,0,0,0,0,0,0,0,139,2026-02-05 19:54:34.542794
SMMR,26.78,26.8,26.88,1921100.0,8477.0,2528.0,,1838500.0,,0,0,0,0,0,0,0,0,0,0,0,0,0,0,0,0,0,0,0,0,0,0,0,0,0,0,0,0,0,0,0,0,0,0,0,139,2026-02-05 19:54:34.542794
ATMN,23.46,23.46,23.52,1635100.0,459.0,100.0,20250.0,1017200.0,9000.0,0,0,0,0,0,0,0,0,0,0,0,0,0,0,0,0,0,0,0,0,0,0,0,0,0,0,0,0,0,0,0,0,0,0,0,139,2026-02-05 19:54:34.542794
WNTR,27.23,27.03,27.18,1969500.0,6190.0,16293.0,,1266100.0,,0,0,0,0,0,0,0,0,0,0,0,0,0,0,0,0,0,0,0,0,0,0,0,0,0,0,0,0,0,0,0,0,0,0,0,139,2026-02-05 19:54:34.542794
SPNG,23.35,22.87,23.35,100.0,3000.0,2282600.0,2153200.0,,,0,0,0,0,0,0,0,0,0,0,0,0,0,0,0,0,0,0,0,0,0,0,0,0,0,0,0,0,0,0,0,0,0,0,0,140,2026-02-05 19:54:35.592325
SMMR,26.78,26.81,26.83,16372.0,,1791600.0,1804700.0,8125.0,,0,0,0,0,0,0,0,0,0,0,0,0,0,0,0,0,0,0,0,0,0,0,0,0,0,0,0,0,0,0,0,0,0,0,0,140,2026-02-05 19:54:35.592325
ATMN,23.3,23.47,23.53,,6750.0,1767300.0,1229900.0,,18000.0,0,0,0,0,0,0,0,0,0,0,0,0,0,0,0,0,0,0,0,0,0,0,0,0,0,0,0,0,0,0,0,0,0,0,0,140,2026-02-05 19:54:35.592325
WNTR,27.14,27.03,27.07,6190.0,,1984000.0,1380600.0,19810.0,,0,0,0,0,0,0,0,0,0,0,0,0,0,0,0,0,0,0,0,0,0,0,0,0,0,0,0,0,0,0,0,0,0,0,0,140,2026-02-05 19:54:35.592325
SPNG,22.82,22.59,22.7,2175600.0,2092400.0,3000.0,,,0,0,0,0,0,0,0,0,0,0,0,0,0,0,0,0,0,0,0,0,0,0,0,0,0,0,0,0,0,0,0,0,0,0,0,0,141,2026-02-05 19:54:36.648508
SMMR,26.83,26.81,26.83,1921100.0,1983800.0,,1503.0,,0,0,0,0,0,0,0,0,0,0,0,0,0,0,0,0,0,0,0,0,0,0,0,0,0,0,0,0,0,0,0,0,0,0,0,0,141,2026-02-05 19:54:36.648508
ATMN,23.71,23.48,23.71,1867600.0,1399400.0,13500.0,,9000.0,0,0,0,0,0,0,0,0,0,0,0,0,0,0,0,0,0,0,0,0,0,0,0,0,0,0,0,0,0,0,0,0,0,0,0,0,141,2026-02-05 19:54:36.648508
WNTR,27.07,27.15,27.18,2073900.0,1363700.0,,,,0,0,0,0,0,0,0,0,0,0,0,0,0,0,0,0,0,0,0,0,0,0,0,0,0,0,0,0,0,0,0,0,0,0,0,0,141,2026-02-05 19:54:36.648508
SPNG,22.7,22.88,23.46,2367300.0,3000.0,100.0,1962400.0,6000.0,,0,0,0,0,0,0,0,0,0,0,0,0,0,0,0,0,0,0,0,0,0,0,0,0,0,0,0,0,0,0,0,0,0,0,0,142,2026-02-05 19:54:37.703460
SMMR,26.78,26.82,26.83,1883700.0,,8309.0,1983800.0,,,0,0,0,0,0,0,0,0,0,0,0,0,0,0,0,0,0,0,0,0,0,0,0,0,0,0,0,0,0,0,0,0,0,0,0,142,2026-02-05 19:54:37.703460
ATMN,23.86,23.55,23.86,1827400.0,9000.0,,1851300.0,2250.0,,0,0,0,0,0,0,0,0,0,0,0,0,0,0,0,0,0,0,0,0,0,0,0,0,0,0,0,0,0,0,0,0,0,0,0,142,2026-02-05 19:54:37.703460
WNTR,27.35,27.15,27.3,1954000.0,,6190.0,1271500.0,,8578.0,0,0,0,0,0,0,0,0,0,0,0,0,0,0,0,0,0,0,0,0,0,0,0,0,0,0,0,0,0,0,0,0,0,0,0,142,2026-02-05 19:54:37.703460
SPNG,22.88,22.88,23.46,2086000.0,6000.0,200.0,1786900.0,12000.0,,0,0,0,0,0,0,0,0,0,0,0,0,0,0,0,0,0,0,0,0,0,0,0,0,0,0,0,0,0,0,0,0,0,0,0,143,2026-02-05 19:54:38.755799
SMMR,26.88,26.82,26.83,1754500.0,,16372.0,1880700.0,,375.0,0,0,0,0,0,0,0,0,0,0,0,0,0,0,0,0,0,0,0,0,0,0,0,0,0,0,0,0,0,0,0,0,0,0,0,143,2026-02-05 19:54:38.755799
ATMN,23.54,23.54,23.86,1952600.0,6750.0,,1747100.0,4500.0,,0,0,0,0,0,0,0,0,0,0,0,0,0,0,0,0,0,0,0,0,0,0,0,0,0,0,0,0,0,0,0,0,0,0,0,143,2026-02-05 19:54:38.755799
WNTR,27.41,27.17,27.39,1827900.0,,14307.0,1163200.0,,4058.0,0,0,0,0,0,0,0,0,0,0,0,0,0,0,0,0,0,0,0,0,0,0,0,0,0,0,0,0,0,0,0,0,0,0,0,143,2026-02-05 19:54:38.755799
SPNG,23.02,23.07,23.46,2639000.0,1679000.0,15000.0,,,,0,0,0,0,0,0,0,0,0,0,0,0,0,0,0,0,0,0,0,0,0,0,0,0,0,0,0,0,0,0,0,0,0,0,0,144,2026-02-05 19:54:39.835618
SMMR,26.76,26.76,26.89,1985100.0,1939400.0,,,,,0,0,0,0,0,0,0,0,0,0,0,0,0,0,0,0,0,0,0,0,0,0,0,0,0,0,0,0,0,0,0,0,0,0,0,144,2026-02-05 19:54:39.835618
ATMN,23.72,23.55,23.72,1679800.0,1958900.0,,11250.0,,,0,0,0,0,0,0,0,0,0,0,0,0,0,0,0,0,0,0,0,0,0,0,0,0,0,0,0,0,0,0,0,0,0,0,0,144,2026-02-05 19:54:39.835618
WNTR,27.41,27.19,27.33,1954000.0,1250000.0,,,4519.0,6908.0,0,0,0,0,0,0,0,0,0,0,0,0,0,0,0,0,0,0,0,0,0,0,0,0,0,0,0,0,0,0,0,0,0,0,0,144,2026-02-05 19:54:39.835618
SPNG,23.23,22.92,23.23,100.0,3000.0,2327100.0,1811400.0,12000.0,,0,0,0,0,0,0,0,0,0,0,0,0,0,0,0,0,0,0,0,0,0,0,0,0,0,0,0,0,0,0,0,0,0,0,0,145,2026-02-05 19:54:40.884189
SMMR,26.73,26.73,26.83,,,2037200.0,1767600.0,,12933.0,0,0,0,0,0,0,0,0,0,0,0,0,0,0,0,0,0,0,0,0,0,0,0,0,0,0,0,0,0,0,0,0,0,0,0,145,2026-02-05 19:54:40.884189
ATMN,23.55,23.54,23.55,,13500.0,1570300.0,1933600.0,,5871.0,0,0,0,0,0,0,0,0,0,0,0,0,0,0,0,0,0,0,0,0,0,0,0,0,0,0,0,0,0,0,0,0,0,0,0,145,2026-02-05 19:54:40.884189
WNTR,27.41,27.28,27.32,8778.0,,1832900.0,1453200.0,,7174.0,0,0,0,0,0,0,0,0,0,0,0,0,0,0,0,0,0,0,0,0,0,0,0,0,0,0,0,0,0,0,0,0,0,0,0,145,2026-02-05 19:54:40.884189
SPNG,22.82,22.89,23.23,3000.0,2478000.0,1601700.0,559.0,15000.0,,0,0,0,0,0,0,0,0,0,0,0,0,0,0,0,0,0,0,0,0,0,0,0,0,0,0,0,0,0,0,0,0,0,0,0,146,2026-02-05 19:54:41.491119
SMMR,26.89,26.73,26.89,,2027700.0,1928100.0,,,,0,0,0,0,0,0,0,0,0,0,0,0,0,0,0,0,0,0,0,0,0,0,0,0,0,0,0,0,0,0,0,0,0,0,0,146,2026-02-05 19:54:41.491119
ATMN,23.96,23.4,23.96,6750.0,1985400.0,1970100.0,,,,0,0,0,0,0,0,0,0,0,0,0,0,0,0,0,0,0,0,0,0,0,0,0,0,0,0,0,0,0,0,0,0,0,0,0,146,2026-02-05 19:54:41.491119
WNTR,27.41,27.27,27.41,,1923600.0,1366400.0,,,4519.0,0,0,0,0,0,0,0,0,0,0,0,0,0,0,0,0,0,0,0,0,0,0,0,0,0,0,0,0,0,0,0,0,0,0,0,146,2026-02-05 19:54:41.491119
SPNG,23.33,22.92,23.07,7498.0,6000.0,2216700.0,1478100.0,21000.0,,0,0,0,0,0,0,0,0,0,0,0,0,0,0,0,0,0,0,0,0,0,0,0,0,0,0,0,0,0,0,0,0,0,0,0,147,2026-02-05 19:54:42.557461
SMMR,26.73,26.78,26.89,,,1954700.0,1928100.0,,,0,0,0,0,0,0,0,0,0,0,0,0,0,0,0,0,0,0,0,0,0,0,0,0,0,0,0,0,0,0,0,0,0,0,0,147,2026-02-05 19:54:42.557461
ATMN,23.53,23.53,23.92,,9000.0,1772000.0,1763600.0,2250.0,100.0,0,0,0,0,0,0,0,0,0,0,0,0,0,0,0,0,0,0,0,0,0,0,0,0,0,0,0,0,0,0,0,0,0,0,0,147,2026-02-05 19:54:42.557461
WNTR,27.14,27.14,27.22,,,2081200.0,1564000.0,,4259.0,0,0,0,0,0,0,0,0,0,0,0,0,0,0,0,0,0,0,0,0,0,0,0,0,0,0,0,0,0,0,0,0,0,0,0,147,2026-02-05 19:54:42.557461
SPNG,22.91,22.91,23.12,2591800.0,6076.0,24000.0,1253300.0,,,0,0,0,0,0,0,0,0,0,0,0,0,0,0,0,0,0,0,0,0,0,0,0,0,0,0,0,0,0,0,0,0,0,0,0,148,2026-02-05 19:54:43.604347
SMMR,26.78,26.78,26.85,1941400.0,8142.0,,1880800.0,,,0,0,0,0,0,0,0,0,0,0,0,0,0,0,0,0,0,0,0,0,0,0,0,0,0,0,0,0,0,0,0,0,0,0,0,148,2026-02-05 19:54:43.604347
ATMN,23.31,23.31,23.61,1959100.0,7688.0,4500.0,1691100.0,4500.0,,0,0,0,0,0,0,0,0,0,0,0,0,0,0,0,0,0,0,0,0,0,0,0,0,0,0,0,0,0,0,0,0,0,0,0,148,2026-02-05 19:54:43.604347
WNTR,27.3,27.16,27.3,1915800.0,,,1467500.0,,7222.0,0,0,0,0,0,0,0,0,0,0,0,0,0,0,0,0,0,0,0,0,0,0,0,0,0,0,0,0,0,0,0,0,0,0,0,148,2026-02-05 19:54:43.604347
SPNG,23.46,23.14,23.46,2427200.0,100.0,2135300.0,3000.0,,,0,0,0,0,0,0,0,0,0,0,0,0,0,0,0,0,0,0,0,0,0,0,0,0,0,0,0,0,0,0,0,0,0,0,0,149,2026-02-05 19:54:44.661711
SMMR,26.87,26.87,26.89,1819700.0,5485.0,1952800.0,,,,0,0,0,0,0,0,0,0,0,0,0,0,0,0,0,0,0,0,0,0,0,0,0,0,0,0,0,0,0,0,0,0,0,0,0,149,2026-02-05 19:54:44.661711
ATMN,23.64,23.76,23.89,1871700.0,1219.0,1659300.0,6750.0,6750.0,,0,0,0,0,0,0,0,0,0,0,0,0,0,0,0,0,0,0,0,0,0,0,0,0,0,0,0,0,0,0,0,0,0,0,0,149,2026-02-05 19:54:44.661711
WNTR,27.3,27.18,27.26,1839200.0,15364.0,1652000.0,,,10636.0,0,0,0,0,0,0,0,0,0,0,0,0,0,0,0,0,0,0,0,0,0,0,0,0,0,0,0,0,0,0,0,0,0,0,0,149,2026-02-05 19:54:44.661711
SPNG,23.35,23.14,23.35,2556300.0,2044400.0,6000.0,0,0,0,0,0,0,0,0,0,0,0,0,0,0,0,0,0,0,0,0,0,0,0,0,0,0,0,0,0,0,0,0,0,0,0,0,0,0,150,2026-02-05 19:54:45.725259
SMMR,26.87,26.78,26.84,1934100.0,1992100.0,,0,0,0,0,0,0,0,0,0,0,0,0,0,0,0,0,0,0,0,0,0,0,0,0,0,0,0,0,0,0,0,0,0,0,0,0,0,0,150,2026-02-05 19:54:45.725259
ATMN,23.23,23.23,23.41,1658800.0,1603600.0,9000.0,0,0,0,0,0,0,0,0,0,0,0,0,0,0,0,0,0,0,0,0,0,0,0,0,0,0,0,0,0,0,0,0,0,0,0,0,0,0,150,2026-02-05 19:54:45.725259
WNTR,27.3,27.15,27.3,2045000.0,1812400.0,,0,0,0,0,0,0,0,0,0,0,0,0,0,0,0,0,0,0,0,0,0,0,0,0,0,0,0,0,0,0,0,0,0,0,0,0,0,0,150,2026-02-05 19:54:45.725259
SPNG,22.91,22.91,23.34,2423700.0,3000.0,12000.0,1711200.0,3428.0,,0,0,0,0,0,0,0,0,0,0,0,0,0,0,0,0,0,0,0,0,0,0,0,0,0,0,0,0,0,0,0,0,0,0,0,151,2026-02-05 19:54:46.776638
SMMR,26.82,26.78,26.82,1928100.0,,,1971400.0,,,0,0,0,0,0,0,0,0,0,0,0,0,0,0,0,0,0,0,0,0,0,0,0,0,0,0,0,0,0,0,0,0,0,0,0,151,2026-02-05 19:54:46.776638
ATMN,23.41,23.77,23.89,1749300.0,,11250.0,1499400.0,,2066.0,0,0,0,0,0,0,0,0,0,0,0,0,0,0,0,0,0,0,0,0,0,0,0,0,0,0,0,0,0,0,0,0,0,0,0,151,2026-02-05 19:54:46.776638
WNTR,27.3,27.18,27.27,1904100.0,,,1711300.0,10000.0,10000.0,0,0,0,0,0,0,0,0,0,0,0,0,0,0,0,0,0,0,0,0,0,0,0,0,0,0,0,0,0,0,0,0,0,0,0,151,2026-02-05 19:54:46.776638
SPNG,23.48,23.01,23.2,6524.0,2042100.0,9000.0,2258200.0,,,0,0,0,0,0,0,0,0,0,0,0,0,0,0,0,0,0,0,0,0,0,0,0,0,0,0,0,0,0,0,0,0,0,0,0,152,2026-02-05 19:54:47.837681
SMMR,26.71,26.71,26.94,,1977600.0,,1961400.0,,,0,0,0,0,0,0,0,0,0,0,0,0,0,0,0,0,0,0,0,0,0,0,0,0,0,0,0,0,0,0,0,0,0,0,0,152,2026-02-05 19:54:47.837681
ATMN,23.77,23.34,23.37,2066.0,1758100.0,,1368700.0,13500.0,100.0,0,0,0,0,0,0,0,0,0,0,0,0,0,0,0,0,0,0,0,0,0,0,0,0,0,0,0,0,0,0,0,0,0,0,0,152,2026-02-05 19:54:47.837681
WNTR,27.28,27.17,27.28,6687.0,1904100.0,,1737400.0,,,0,0,0,0,0,0,0,0,0,0,0,0,0,0,0,0,0,0,0,0,0,0,0,0,0,0,0,0,0,0,0,0,0,0,0,152,2026-02-05 19:54:47.837681
SPNG,23.52,23.11,23.52,1770700.0,18000.0,2236200.0,,,,0,0,0,0,0,0,0,0,0,0,0,0,0,0,0,0,0,0,0,0,0,0,0,0,0,0,0,0,0,0,0,0,0,0,0,153,2026-02-05 19:54:48.906790
SMMR,26.92,26.77,26.89,1878400.0,,1911700.0,8034.0,8034.0,,0,0,0,0,0,0,0,0,0,0,0,0,0,0,0,0,0,0,0,0,0,0,0,0,0,0,0,0,0,0,0,0,0,0,0,153,2026-02-05 19:54:48.906790
ATMN,23.23,23.38,23.75,1658800.0,,1063600.0,3414.0,6828.0,20250.0,0,0,0,0,0,0,0,0,0,0,0,0,0,0,0,0,0,0,0,0,0,0,0,0,0,0,0,0,0,0,0,0,0,0,0,153,2026-02-05 19:54:48.906790
WNTR,27.24,27.25,27.28,1884700.0,,1737400.0,9437.0,,,0,0,0,0,0,0,0,0,0,0,0,0,0,0,0,0,0,0,0,0,0,0,0,0,0,0,0,0,0,0,0,0,0,0,0,153,2026-02-05 19:54:48.906790
SPNG,23.11,23.14,23.49,2620.0,1216200.0,24000.0,2520.0,2185100.0,,0,0,0,0,0,0,0,0,0,0,0,0,0,0,0,0,0,0,0,0,0,0,0,0,0,0,0,0,0,0,0,0,0,0,0,154,2026-02-05 19:54:49.962388
SMMR,26.7,26.72,26.87,5931.0,1878500.0,,13965.0,1838400.0,,0,0,0,0,0,0,0,0,0,0,0,0,0,0,0,0,0,0,0,0,0,0,0,0,0,0,0,0,0,0,0,0,0,0,0,154,2026-02-05 19:54:49.962388
ATMN,23.16,23.29,23.63,3131.0,1633400.0,,12508.0,827700.0,22500.0,0,0,0,0,0,0,0,0,0,0,0,0,0,0,0,0,0,0,0,0,0,0,0,0,0,0,0,0,0,0,0,0,0,0,0,154,2026-02-05 19:54:49.962388
WNTR,27.27,27.27,27.39,9437.0,1891300.0,,,1622300.0,,0,0,0,0,0,0,0,0,0,0,0,0,0,0,0,0,0,0,0,0,0,0,0,0,0,0,0,0,0,0,0,0,0,0,0,154,2026-02-05 19:54:49.962388
SPNG,22.88,22.92,23.49,6000.0,2309900.0,2520.0,2176300.0,,,0,0,0,0,0,0,0,0,0,0,0,0,0,0,0,0,0,0,0,0,0,0,0,0,0,0,0,0,0,0,0,0,0,0,0,155,2026-02-05 19:54:50.529028
SMMR,26.72,26.7,26.72,,1961600.0,13965.0,1823400.0,,,0,0,0,0,0,0,0,0,0,0,0,0,0,0,0,0,0,0,0,0,0,0,0,0,0,0,0,0,0,0,0,0,0,0,0,155,2026-02-05 19:54:50.529028
ATMN,23.16,23.49,23.6,,1736700.0,12508.0,862100.0,3131.0,22500.0,0,0,0,0,0,0,0,0,0,0,0,0,0,0,0,0,0,0,0,0,0,0,0,0,0,0,0,0,0,0,0,0,0,0,0,155,2026-02-05 19:54:50.529028
WNTR,27.11,27.11,27.42,,1987800.0,,1419000.0,,,0,0,0,0,0,0,0,0,0,0,0,0,0,0,0,0,0,0,0,0,0,0,0,0,0,0,0,0,0,0,0,0,0,0,0,155,2026-02-05 19:54:50.529028
SPNG,23.58,22.88,23.57,2580100.0,3000.0,2176100.0,,,0,0,0,0,0,0,0,0,0,0,0,0,0,0,0,0,0,0,0,0,0,0,0,0,0,0,0,0,0,0,0,0,0,0,0,0,156,2026-02-05 19:54:51.593677
SMMR,26.78,26.67,26.78,1874000.0,,1835600.0,100.0,13965.0,0,0,0,0,0,0,0,0,0,0,0,0,0,0,0,0,0,0,0,0,0,0,0,0,0,0,0,0,0,0,0,0,0,0,0,0,156,2026-02-05 19:54:51.593677
ATMN,23.6,23.29,23.6,1755800.0,20250.0,949700.0,3131.0,12508.0,0,0,0,0,0,0,0,0,0,0,0,0,0,0,0,0,0,0,0,0,0,0,0,0,0,0,0,0,0,0,0,0,0,0,0,0,156,2026-02-05 19:54:51.593677
