ticker,last_price,bid_price,ask_price,BUY_ANON,SELL_ANON,SELL_WRSW-3,BUY_LAVL-1,BUY_WRSW-3,SELL_LAVL-1,BUY_GIOT-3,BUY_LUIS-1,SELL_UOTB-2,SELL_BRCH-3,BUY_BRCH-3,BUY_UEBR-1,SELL_BABS-4,SELL_LETH-1,BUY_UOTB-1,BUY_UOTB-2,SELL_LUIS-1,SELL_COLA-3,SELL_CNCD-1,BUY_CNCD-1,BUY_COLA-1,SELL_UOTB-3,SELL_NAIT-1,BUY_LETH-1,BUY_WRSW-2,SELL_WRSW-1,BUY_CNCD-5,SELL_COLB-2,SELL_COLA-1,BUY_NAIT-1,BUY_WRSW-1,SELL_BRCH-1,BUY_BRCH-2,SELL_UOTB-1,BUY_COLA-3,BUY_BRCH-1,SELL_UEBR-1,SELL_GIOT-3,BUY_UOTB-3,BUY_BABS-4,BUY_CAMN-1,SELL_CNCD-5,BUY_COLB-2,SELL_WRSW-2,SELL_CAMN-1,SELL_BRCH-2,tick,timestamp,news_news_id,news_period,news_tick,news_ticker,news_headline,news_body
SPNG,24.86,24.72,24.86,2040900.0,2159300.0,6000.0,,,,0,0,0,0,0,0,0,0,0,0,0,0,0,0,0,0,0,0,0,0,0,0,0,0,0,0,0,0,0,0,0,0,0,0,0,0,0,0,0,0,1,2026-02-06 02:56:22.532184,2.0,1.0,1.0,,Aggregate Position Limit,Your CRO has set the aggregate position limit to 14000 shares for this week.
SMMR,25.05,25.05,25.07,2016300.0,1957500.0,,9777.0,6000.0,9777.0,0,0,0,0,0,0,0,0,0,0,0,0,0,0,0,0,0,0,0,0,0,0,0,0,0,0,0,0,0,0,0,0,0,0,0,0,0,0,0,0,1,2026-02-06 02:56:22.532184,1.0,1.0,1.0,,Welcome to the RITC 2026 Alogithmic Market Making Case - practice server,
ATMN,25.02,25.1,25.33,2140500.0,1946200.0,,,,,0,0,0,0,0,0,0,0,0,0,0,0,0,0,0,0,0,0,0,0,0,0,0,0,0,0,0,0,0,0,0,0,0,0,0,0,0,0,0,0,1,2026-02-06 02:56:22.532184,,,,,,
WNTR,25.01,24.92,25.01,1971500.0,2062200.0,,10000.0,,,0,0,0,0,0,0,0,0,0,0,0,0,0,0,0,0,0,0,0,0,0,0,0,0,0,0,0,0,0,0,0,0,0,0,0,0,0,0,0,0,1,2026-02-06 02:56:22.532184,,,,,,
SPNG,25.3,24.76,25.3,2157900.0,2258800.0,,,0,0,0,0,0,0,0,0,0,0,0,0,0,0,0,0,0,0,0,0,0,0,0,0,0,0,0,0,0,0,0,0,0,0,0,0,0,0,0,0,0,0,2,2026-02-06 02:56:23.586701
SMMR,25.0,25.0,25.08,2088400.0,2057100.0,,,0,0,0,0,0,0,0,0,0,0,0,0,0,0,0,0,0,0,0,0,0,0,0,0,0,0,0,0,0,0,0,0,0,0,0,0,0,0,0,0,0,0,2,2026-02-06 02:56:23.586701
ATMN,25.01,24.76,24.93,2134500.0,2032600.0,8121.0,,0,0,0,0,0,0,0,0,0,0,0,0,0,0,0,0,0,0,0,0,0,0,0,0,0,0,0,0,0,0,0,0,0,0,0,0,0,0,0,0,0,0,2,2026-02-06 02:56:23.586701
WNTR,25.01,24.94,25.01,1962400.0,2148800.0,,10000.0,0,0,0,0,0,0,0,0,0,0,0,0,0,0,0,0,0,0,0,0,0,0,0,0,0,0,0,0,0,0,0,0,0,0,0,0,0,0,0,0,0,0,2,2026-02-06 02:56:23.586701
SPNG,25.0,24.85,25.0,2136400.0,2283100.0,,,0,0,0,0,0,0,0,0,0,0,0,0,0,0,0,0,0,0,0,0,0,0,0,0,0,0,0,0,0,0,0,0,0,0,0,0,0,0,0,0,0,0,3,2026-02-06 02:56:24.628653
SMMR,25.08,25.11,25.13,2090900.0,1946000.0,9777.0,9777.0,0,0,0,0,0,0,0,0,0,0,0,0,0,0,0,0,0,0,0,0,0,0,0,0,0,0,0,0,0,0,0,0,0,0,0,0,0,0,0,0,0,0,3,2026-02-06 02:56:24.628653
ATMN,25.01,24.78,24.93,2162500.0,2149500.0,,,0,0,0,0,0,0,0,0,0,0,0,0,0,0,0,0,0,0,0,0,0,0,0,0,0,0,0,0,0,0,0,0,0,0,0,0,0,0,0,0,0,0,3,2026-02-06 02:56:24.628653
WNTR,25.05,24.96,25.03,1962500.0,1938400.0,10000.0,3000.0,0,0,0,0,0,0,0,0,0,0,0,0,0,0,0,0,0,0,0,0,0,0,0,0,0,0,0,0,0,0,0,0,0,0,0,0,0,0,0,0,0,0,3,2026-02-06 02:56:24.628653
SPNG,24.97,24.85,24.97,2136400.0,2259300.0,,,0,0,0,0,0,0,0,0,0,0,0,0,0,0,0,0,0,0,0,0,0,0,0,0,0,0,0,0,0,0,0,0,0,0,0,0,0,0,0,0,0,0,4,2026-02-06 02:56:25.205760
SMMR,25.11,25.0,25.05,2188500.0,1925600.0,9777.0,,0,0,0,0,0,0,0,0,0,0,0,0,0,0,0,0,0,0,0,0,0,0,0,0,0,0,0,0,0,0,0,0,0,0,0,0,0,0,0,0,0,0,4,2026-02-06 02:56:25.205760
ATMN,25.21,24.79,24.92,2076400.0,2038300.0,4777.0,1219.0,0,0,0,0,0,0,0,0,0,0,0,0,0,0,0,0,0,0,0,0,0,0,0,0,0,0,0,0,0,0,0,0,0,0,0,0,0,0,0,0,0,0,4,2026-02-06 02:56:25.205760
WNTR,25.05,24.96,25.05,1962500.0,2143100.0,,10000.0,0,0,0,0,0,0,0,0,0,0,0,0,0,0,0,0,0,0,0,0,0,0,0,0,0,0,0,0,0,0,0,0,0,0,0,0,0,0,0,0,0,0,4,2026-02-06 02:56:25.205760
SPNG,24.97,24.86,24.96,200.0,1930800.0,200.0,2008900.0,0,0,0,0,0,0,0,0,0,0,0,0,0,0,0,0,0,0,0,0,0,0,0,0,0,0,0,0,0,0,0,0,0,0,0,0,0,0,0,0,0,0,5,2026-02-06 02:56:26.262503
SMMR,24.93,24.99,25.04,,2021500.0,19544.0,1816100.0,0,0,0,0,0,0,0,0,0,0,0,0,0,0,0,0,0,0,0,0,0,0,0,0,0,0,0,0,0,0,0,0,0,0,0,0,0,0,0,0,0,0,5,2026-02-06 02:56:26.262503
ATMN,25.07,25.07,25.18,1319.0,1973300.0,,2151300.0,0,0,0,0,0,0,0,0,0,0,0,0,0,0,0,0,0,0,0,0,0,0,0,0,0,0,0,0,0,0,0,0,0,0,0,0,0,0,0,0,0,0,5,2026-02-06 02:56:26.262503
WNTR,25.05,25.0,25.05,20000.0,1872200.0,,2118800.0,0,0,0,0,0,0,0,0,0,0,0,0,0,0,0,0,0,0,0,0,0,0,0,0,0,0,0,0,0,0,0,0,0,0,0,0,0,0,0,0,0,0,5,2026-02-06 02:56:26.262503
SPNG,24.85,24.85,25.32,2120500.0,2177500.0,6000.0,0,0,0,0,0,0,0,0,0,0,0,0,0,0,0,0,0,0,0,0,0,0,0,0,0,0,0,0,0,0,0,0,0,0,0,0,0,0,0,0,0,0,0,6,2026-02-06 02:56:27.334419
SMMR,25.06,25.06,25.14,2144600.0,2061900.0,,0,0,0,0,0,0,0,0,0,0,0,0,0,0,0,0,0,0,0,0,0,0,0,0,0,0,0,0,0,0,0,0,0,0,0,0,0,0,0,0,0,0,0,6,2026-02-06 02:56:27.334419
ATMN,25.08,24.84,25.08,2190600.0,2022700.0,6000.0,0,0,0,0,0,0,0,0,0,0,0,0,0,0,0,0,0,0,0,0,0,0,0,0,0,0,0,0,0,0,0,0,0,0,0,0,0,0,0,0,0,0,0,6,2026-02-06 02:56:27.334419
WNTR,25.05,24.98,25.05,2057200.0,2031500.0,6000.0,0,0,0,0,0,0,0,0,0,0,0,0,0,0,0,0,0,0,0,0,0,0,0,0,0,0,0,0,0,0,0,0,0,0,0,0,0,0,0,0,0,0,0,6,2026-02-06 02:56:27.334419
SPNG,24.8,24.8,24.86,2154000.0,6000.0,2013800.0,100.0,,,0,0,0,0,0,0,0,0,0,0,0,0,0,0,0,0,0,0,0,0,0,0,0,0,0,0,0,0,0,0,0,0,0,0,0,0,0,0,0,0,7,2026-02-06 02:56:28.408702
SMMR,25.02,25.02,25.09,2049800.0,6000.0,1835600.0,3228.0,500.0,,0,0,0,0,0,0,0,0,0,0,0,0,0,0,0,0,0,0,0,0,0,0,0,0,0,0,0,0,0,0,0,0,0,0,0,0,0,0,0,0,7,2026-02-06 02:56:28.408702
ATMN,25.06,24.84,25.06,2175600.0,6000.0,1932600.0,4911.0,,,0,0,0,0,0,0,0,0,0,0,0,0,0,0,0,0,0,0,0,0,0,0,0,0,0,0,0,0,0,0,0,0,0,0,0,0,0,0,0,0,7,2026-02-06 02:56:28.408702
WNTR,24.98,25.06,25.07,1834800.0,6000.0,2037600.0,,6000.0,10000.0,0,0,0,0,0,0,0,0,0,0,0,0,0,0,0,0,0,0,0,0,0,0,0,0,0,0,0,0,0,0,0,0,0,0,0,0,0,0,0,0,7,2026-02-06 02:56:28.408702
SPNG,24.86,24.99,25.05,2120400.0,200.0,2017300.0,,,,0,0,0,0,0,0,0,0,0,0,0,0,0,0,0,0,0,0,0,0,0,0,0,0,0,0,0,0,0,0,0,0,0,0,0,0,0,0,0,0,8,2026-02-06 02:56:29.498604
SMMR,25.09,25.09,25.1,2037300.0,3228.0,1819800.0,6000.0,6000.0,,0,0,0,0,0,0,0,0,0,0,0,0,0,0,0,0,0,0,0,0,0,0,0,0,0,0,0,0,0,0,0,0,0,0,0,0,0,0,0,0,8,2026-02-06 02:56:29.498604
ATMN,25.06,24.95,25.04,2183900.0,5011.0,1845700.0,,6000.0,,0,0,0,0,0,0,0,0,0,0,0,0,0,0,0,0,0,0,0,0,0,0,0,0,0,0,0,0,0,0,0,0,0,0,0,0,0,0,0,0,8,2026-02-06 02:56:29.498604
WNTR,25.08,25.06,25.08,1834800.0,,2131400.0,5750.0,,10000.0,0,0,0,0,0,0,0,0,0,0,0,0,0,0,0,0,0,0,0,0,0,0,0,0,0,0,0,0,0,0,0,0,0,0,0,0,0,0,0,0,8,2026-02-06 02:56:29.498604
SPNG,25.05,25.05,25.07,2024900.0,6000.0,2236700.0,,,0,0,0,0,0,0,0,0,0,0,0,0,0,0,0,0,0,0,0,0,0,0,0,0,0,0,0,0,0,0,0,0,0,0,0,0,0,0,0,0,0,9,2026-02-06 02:56:30.556465
SMMR,25.09,25.02,25.04,2157800.0,,2019900.0,,,0,0,0,0,0,0,0,0,0,0,0,0,0,0,0,0,0,0,0,0,0,0,0,0,0,0,0,0,0,0,0,0,0,0,0,0,0,0,0,0,0,9,2026-02-06 02:56:30.556465
ATMN,24.84,24.84,25.08,2197600.0,,2163300.0,,,0,0,0,0,0,0,0,0,0,0,0,0,0,0,0,0,0,0,0,0,0,0,0,0,0,0,0,0,0,0,0,0,0,0,0,0,0,0,0,0,0,9,2026-02-06 02:56:30.556465
WNTR,25.08,25.06,25.07,1831800.0,250.0,2023100.0,6000.0,750.0,0,0,0,0,0,0,0,0,0,0,0,0,0,0,0,0,0,0,0,0,0,0,0,0,0,0,0,0,0,0,0,0,0,0,0,0,0,0,0,0,0,9,2026-02-06 02:56:30.556465
SPNG,24.8,24.8,25.05,2132400.0,9256.0,2021000.0,,,,0,0,0,0,0,0,0,0,0,0,0,0,0,0,0,0,0,0,0,0,0,0,0,0,0,0,0,0,0,0,0,0,0,0,0,0,0,0,0,0,10,2026-02-06 02:56:31.609468
SMMR,25.12,25.12,25.14,1860800.0,3228.0,1938600.0,12028.0,500.0,,0,0,0,0,0,0,0,0,0,0,0,0,0,0,0,0,0,0,0,0,0,0,0,0,0,0,0,0,0,0,0,0,0,0,0,0,0,0,0,0,10,2026-02-06 02:56:31.609468
ATMN,25.18,24.94,25.18,1961800.0,,2178500.0,9511.0,,,0,0,0,0,0,0,0,0,0,0,0,0,0,0,0,0,0,0,0,0,0,0,0,0,0,0,0,0,0,0,0,0,0,0,0,0,0,0,0,0,10,2026-02-06 02:56:31.609468
WNTR,24.96,24.98,25.05,1938300.0,14462.0,1800300.0,100.0,,750.0,0,0,0,0,0,0,0,0,0,0,0,0,0,0,0,0,0,0,0,0,0,0,0,0,0,0,0,0,0,0,0,0,0,0,0,0,0,0,0,0,10,2026-02-06 02:56:31.609468
SPNG,24.8,24.85,24.93,6000.0,2035500.0,6000.0,13951.0,1798300.0,,0,0,0,0,0,0,0,0,0,0,0,0,0,0,0,0,0,0,0,0,0,0,0,0,0,0,0,0,0,0,0,0,0,0,0,0,0,0,0,0,11,2026-02-06 02:56:32.670774
SMMR,25.02,25.02,25.14,,2078400.0,,3228.0,1942900.0,9630.0,0,0,0,0,0,0,0,0,0,0,0,0,0,0,0,0,0,0,0,0,0,0,0,0,0,0,0,0,0,0,0,0,0,0,0,0,0,0,0,0,11,2026-02-06 02:56:32.670774
ATMN,25.05,25.06,25.07,6000.0,1959700.0,600.0,3935.0,1973300.0,100.0,0,0,0,0,0,0,0,0,0,0,0,0,0,0,0,0,0,0,0,0,0,0,0,0,0,0,0,0,0,0,0,0,0,0,0,0,0,0,0,0,11,2026-02-06 02:56:32.670774
WNTR,25.11,25.04,25.08,6000.0,1848900.0,6000.0,,2008300.0,3443.0,0,0,0,0,0,0,0,0,0,0,0,0,0,0,0,0,0,0,0,0,0,0,0,0,0,0,0,0,0,0,0,0,0,0,0,0,0,0,0,0,11,2026-02-06 02:56:32.670774
SPNG,24.76,24.76,25.07,2171200.0,2128300.0,100.0,,,,0,0,0,0,0,0,0,0,0,0,0,0,0,0,0,0,0,0,0,0,0,0,0,0,0,0,0,0,0,0,0,0,0,0,0,0,0,0,0,0,12,2026-02-06 02:56:33.240343
SMMR,25.15,25.05,25.13,1998000.0,1966900.0,,6000.0,9630.0,6000.0,0,0,0,0,0,0,0,0,0,0,0,0,0,0,0,0,0,0,0,0,0,0,0,0,0,0,0,0,0,0,0,0,0,0,0,0,0,0,0,0,12,2026-02-06 02:56:33.240343
ATMN,24.78,24.78,25.06,2178000.0,1973300.0,3935.0,,,600.0,0,0,0,0,0,0,0,0,0,0,0,0,0,0,0,0,0,0,0,0,0,0,0,0,0,0,0,0,0,0,0,0,0,0,0,0,0,0,0,0,12,2026-02-06 02:56:33.240343
WNTR,25.11,25.06,25.08,1874400.0,2008300.0,,6000.0,3443.0,5750.0,0,0,0,0,0,0,0,0,0,0,0,0,0,0,0,0,0,0,0,0,0,0,0,0,0,0,0,0,0,0,0,0,0,0,0,0,0,0,0,0,12,2026-02-06 02:56:33.240343
SPNG,24.76,24.84,24.94,6000.0,2032600.0,6000.0,9075.0,2004600.0,,0,0,0,0,0,0,0,0,0,0,0,0,0,0,0,0,0,0,0,0,0,0,0,0,0,0,0,0,0,0,0,0,0,0,0,0,0,0,0,0,13,2026-02-06 02:56:34.300692
SMMR,25.16,25.03,25.07,500.0,2118100.0,,,2080500.0,,0,0,0,0,0,0,0,0,0,0,0,0,0,0,0,0,0,0,0,0,0,0,0,0,0,0,0,0,0,0,0,0,0,0,0,0,0,0,0,0,13,2026-02-06 02:56:34.300692
ATMN,25.13,25.05,25.13,5900.0,1954700.0,,,2170200.0,1576.0,0,0,0,0,0,0,0,0,0,0,0,0,0,0,0,0,0,0,0,0,0,0,0,0,0,0,0,0,0,0,0,0,0,0,0,0,0,0,0,0,13,2026-02-06 02:56:34.300692
WNTR,25.12,25.06,25.12,6000.0,1966800.0,,,2134400.0,,0,0,0,0,0,0,0,0,0,0,0,0,0,0,0,0,0,0,0,0,0,0,0,0,0,0,0,0,0,0,0,0,0,0,0,0,0,0,0,0,13,2026-02-06 02:56:34.300692
SPNG,24.8,24.8,24.87,2039300.0,500.0,6000.0,18700.0,1902900.0,,0,0,0,0,0,0,0,0,0,0,0,0,0,0,0,0,0,0,0,0,0,0,0,0,0,0,0,0,0,0,0,0,0,0,0,0,0,0,0,0,14,2026-02-06 02:56:35.368761
SMMR,25.16,25.04,25.05,2023600.0,6000.0,6000.0,7095.0,1848400.0,4730.0,0,0,0,0,0,0,0,0,0,0,0,0,0,0,0,0,0,0,0,0,0,0,0,0,0,0,0,0,0,0,0,0,0,0,0,0,0,0,0,0,14,2026-02-06 02:56:35.368761
ATMN,25.0,24.86,24.99,2067600.0,,,,2156800.0,1576.0,0,0,0,0,0,0,0,0,0,0,0,0,0,0,0,0,0,0,0,0,0,0,0,0,0,0,0,0,0,0,0,0,0,0,0,0,0,0,0,0,14,2026-02-06 02:56:35.368761
WNTR,25.1,25.1,25.11,1862500.0,6000.0,,5000.0,2008200.0,9677.0,0,0,0,0,0,0,0,0,0,0,0,0,0,0,0,0,0,0,0,0,0,0,0,0,0,0,0,0,0,0,0,0,0,0,0,0,0,0,0,0,14,2026-02-06 02:56:35.368761
SPNG,24.77,24.92,25.19,2052000.0,500.0,2242800.0,,,,0,0,0,0,0,0,0,0,0,0,0,0,0,0,0,0,0,0,0,0,0,0,0,0,0,0,0,0,0,0,0,0,0,0,0,0,0,0,0,0,15,2026-02-06 02:56:36.425593
SMMR,24.97,25.02,25.05,2209000.0,,1748300.0,9507.0,6000.0,,0,0,0,0,0,0,0,0,0,0,0,0,0,0,0,0,0,0,0,0,0,0,0,0,0,0,0,0,0,0,0,0,0,0,0,0,0,0,0,0,15,2026-02-06 02:56:36.425593
ATMN,24.78,24.78,24.99,2086500.0,,2050200.0,,6000.0,1576.0,0,0,0,0,0,0,0,0,0,0,0,0,0,0,0,0,0,0,0,0,0,0,0,0,0,0,0,0,0,0,0,0,0,0,0,0,0,0,0,0,15,2026-02-06 02:56:36.425593
WNTR,25.15,25.11,25.15,1762200.0,6000.0,2069000.0,,,9777.0,0,0,0,0,0,0,0,0,0,0,0,0,0,0,0,0,0,0,0,0,0,0,0,0,0,0,0,0,0,0,0,0,0,0,0,0,0,0,0,0,15,2026-02-06 02:56:36.425593
SPNG,24.98,25.06,25.07,1966800.0,10000.0,6000.0,2142500.0,3650.0,,0,0,0,0,0,0,0,0,0,0,0,0,0,0,0,0,0,0,0,0,0,0,0,0,0,0,0,0,0,0,0,0,0,0,0,0,0,0,0,0,16,2026-02-06 02:56:37.475846
SMMR,25.06,25.04,25.05,1878600.0,11738.0,500.0,1860200.0,9309.0,6000.0,0,0,0,0,0,0,0,0,0,0,0,0,0,0,0,0,0,0,0,0,0,0,0,0,0,0,0,0,0,0,0,0,0,0,0,0,0,0,0,0,16,2026-02-06 02:56:37.475846
ATMN,25.18,24.83,25.09,1949300.0,2606.0,,1932600.0,6822.0,6000.0,0,0,0,0,0,0,0,0,0,0,0,0,0,0,0,0,0,0,0,0,0,0,0,0,0,0,0,0,0,0,0,0,0,0,0,0,0,0,0,0,16,2026-02-06 02:56:37.475846
WNTR,25.1,25.1,25.15,1971300.0,,6000.0,2053900.0,,,0,0,0,0,0,0,0,0,0,0,0,0,0,0,0,0,0,0,0,0,0,0,0,0,0,0,0,0,0,0,0,0,0,0,0,0,0,0,0,0,16,2026-02-06 02:56:37.475846
SPNG,25.06,25.0,25.05,10100.0,1881200.0,6000.0,2138000.0,3650.0,,0,0,0,0,0,0,0,0,0,0,0,0,0,0,0,0,0,0,0,0,0,0,0,0,0,0,0,0,0,0,0,0,0,0,0,0,0,0,0,0,17,2026-02-06 02:56:38.568085
SMMR,25.04,25.04,25.06,14051.0,1744400.0,500.0,1860200.0,6062.0,6000.0,0,0,0,0,0,0,0,0,0,0,0,0,0,0,0,0,0,0,0,0,0,0,0,0,0,0,0,0,0,0,0,0,0,0,0,0,0,0,0,0,17,2026-02-06 02:56:38.568085
ATMN,25.05,25.05,25.15,,2050400.0,6000.0,2022900.0,6822.0,,0,0,0,0,0,0,0,0,0,0,0,0,0,0,0,0,0,0,0,0,0,0,0,0,0,0,0,0,0,0,0,0,0,0,0,0,0,0,0,0,17,2026-02-06 02:56:38.568085
WNTR,25.1,25.11,25.14,6000.0,1862500.0,6000.0,1950400.0,9465.0,,0,0,0,0,0,0,0,0,0,0,0,0,0,0,0,0,0,0,0,0,0,0,0,0,0,0,0,0,0,0,0,0,0,0,0,0,0,0,0,0,17,2026-02-06 02:56:38.568085
SPNG,25.06,24.92,25.05,2107700.0,6000.0,2247000.0,,,0,0,0,0,0,0,0,0,0,0,0,0,0,0,0,0,0,0,0,0,0,0,0,0,0,0,0,0,0,0,0,0,0,0,0,0,0,0,0,0,0,18,2026-02-06 02:56:39.640720
SMMR,25.01,25.03,25.06,2106400.0,,1948700.0,100.0,6000.0,0,0,0,0,0,0,0,0,0,0,0,0,0,0,0,0,0,0,0,0,0,0,0,0,0,0,0,0,0,0,0,0,0,0,0,0,0,0,0,0,0,18,2026-02-06 02:56:39.640720
ATMN,25.01,24.75,24.79,2178900.0,,2039400.0,,6000.0,0,0,0,0,0,0,0,0,0,0,0,0,0,0,0,0,0,0,0,0,0,0,0,0,0,0,0,0,0,0,0,0,0,0,0,0,0,0,0,0,0,18,2026-02-06 02:56:39.640720
WNTR,25.1,25.1,25.15,1971300.0,6000.0,2063600.0,,,0,0,0,0,0,0,0,0,0,0,0,0,0,0,0,0,0,0,0,0,0,0,0,0,0,0,0,0,0,0,0,0,0,0,0,0,0,0,0,0,0,18,2026-02-06 02:56:39.640720
SPNG,25.07,25.0,25.06,10000.0,2029800.0,6000.0,3750.0,2146900.0,,0,0,0,0,0,0,0,0,0,0,0,0,0,0,0,0,0,0,0,0,0,0,0,0,0,0,0,0,0,0,0,0,0,0,0,0,0,0,0,0,19,2026-02-06 02:56:40.697057
SMMR,25.01,24.97,25.01,,2194800.0,,,1966800.0,6000.0,0,0,0,0,0,0,0,0,0,0,0,0,0,0,0,0,0,0,0,0,0,0,0,0,0,0,0,0,0,0,0,0,0,0,0,0,0,0,0,0,19,2026-02-06 02:56:40.697057
ATMN,25.18,25.2,25.21,,2167200.0,,,2134200.0,,0,0,0,0,0,0,0,0,0,0,0,0,0,0,0,0,0,0,0,0,0,0,0,0,0,0,0,0,0,0,0,0,0,0,0,0,0,0,0,0,19,2026-02-06 02:56:40.697057
WNTR,24.96,24.94,24.96,6000.0,1960100.0,,9346.0,1992200.0,,0,0,0,0,0,0,0,0,0,0,0,0,0,0,0,0,0,0,0,0,0,0,0,0,0,0,0,0,0,0,0,0,0,0,0,0,0,0,0,0,19,2026-02-06 02:56:40.697057
SPNG,25.17,25.05,25.17,20000.0,2026000.0,2239800.0,,,0,0,0,0,0,0,0,0,0,0,0,0,0,0,0,0,0,0,0,0,0,0,0,0,0,0,0,0,0,0,0,0,0,0,0,0,0,0,0,0,0,20,2026-02-06 02:56:41.737223
SMMR,25.06,25.15,25.16,,2200100.0,2059100.0,,,0,0,0,0,0,0,0,0,0,0,0,0,0,0,0,0,0,0,0,0,0,0,0,0,0,0,0,0,0,0,0,0,0,0,0,0,0,0,0,0,0,20,2026-02-06 02:56:41.737223
ATMN,24.75,24.75,25.21,,2162000.0,2124800.0,,,0,0,0,0,0,0,0,0,0,0,0,0,0,0,0,0,0,0,0,0,0,0,0,0,0,0,0,0,0,0,0,0,0,0,0,0,0,0,0,0,0,20,2026-02-06 02:56:41.737223
WNTR,25.0,24.94,25.0,6000.0,1941200.0,1881700.0,6000.0,963.0,0,0,0,0,0,0,0,0,0,0,0,0,0,0,0,0,0,0,0,0,0,0,0,0,0,0,0,0,0,0,0,0,0,0,0,0,0,0,0,0,0,20,2026-02-06 02:56:41.737223
SPNG,25.19,25.05,25.19,20000.0,6000.0,1932800.0,2252400.0,,,0,0,0,0,0,0,0,0,0,0,0,0,0,0,0,0,0,0,0,0,0,0,0,0,0,0,0,0,0,0,0,0,0,0,0,0,0,0,0,0,21,2026-02-06 02:56:42.286238
SMMR,25.15,24.97,25.11,,,2194800.0,1925100.0,6000.0,,0,0,0,0,0,0,0,0,0,0,0,0,0,0,0,0,0,0,0,0,0,0,0,0,0,0,0,0,0,0,0,0,0,0,0,0,0,0,0,0,21,2026-02-06 02:56:42.286238
ATMN,24.75,24.89,25.0,,6000.0,2038700.0,2005400.0,6000.0,,0,0,0,0,0,0,0,0,0,0,0,0,0,0,0,0,0,0,0,0,0,0,0,0,0,0,0,0,0,0,0,0,0,0,0,0,0,0,0,0,21,2026-02-06 02:56:42.286238
WNTR,25.0,24.94,25.0,6000.0,,1971700.0,1967100.0,,963.0,0,0,0,0,0,0,0,0,0,0,0,0,0,0,0,0,0,0,0,0,0,0,0,0,0,0,0,0,0,0,0,0,0,0,0,0,0,0,0,0,21,2026-02-06 02:56:42.286238
SPNG,25.19,24.84,25.19,2221900.0,2229500.0,,,,0,0,0,0,0,0,0,0,0,0,0,0,0,0,0,0,0,0,0,0,0,0,0,0,0,0,0,0,0,0,0,0,0,0,0,0,0,0,0,0,0,22,2026-02-06 02:56:43.333303
SMMR,24.96,24.96,25.09,2195100.0,1806200.0,4914.0,6000.0,,0,0,0,0,0,0,0,0,0,0,0,0,0,0,0,0,0,0,0,0,0,0,0,0,0,0,0,0,0,0,0,0,0,0,0,0,0,0,0,0,0,22,2026-02-06 02:56:43.333303
ATMN,24.75,24.75,24.99,2143900.0,1881800.0,100.0,6000.0,,0,0,0,0,0,0,0,0,0,0,0,0,0,0,0,0,0,0,0,0,0,0,0,0,0,0,0,0,0,0,0,0,0,0,0,0,0,0,0,0,0,22,2026-02-06 02:56:43.333303
WNTR,25.18,24.95,25.18,1978200.0,2031700.0,,,9769.0,0,0,0,0,0,0,0,0,0,0,0,0,0,0,0,0,0,0,0,0,0,0,0,0,0,0,0,0,0,0,0,0,0,0,0,0,0,0,0,0,0,22,2026-02-06 02:56:43.333303
SPNG,25.21,24.84,25.21,2221900.0,2232200.0,,,,,0,0,0,0,0,0,0,0,0,0,0,0,0,0,0,0,0,0,0,0,0,0,0,0,0,0,0,0,0,0,0,0,0,0,0,0,0,0,0,0,23,2026-02-06 02:56:44.384014
SMMR,24.99,24.99,25.01,2104000.0,1731700.0,8884.0,5557.0,6000.0,,0,0,0,0,0,0,0,0,0,0,0,0,0,0,0,0,0,0,0,0,0,0,0,0,0,0,0,0,0,0,0,0,0,0,0,0,0,0,0,0,23,2026-02-06 02:56:44.384014
ATMN,24.86,24.86,24.97,2046400.0,1919000.0,,200.0,,500.0,0,0,0,0,0,0,0,0,0,0,0,0,0,0,0,0,0,0,0,0,0,0,0,0,0,0,0,0,0,0,0,0,0,0,0,0,0,0,0,0,23,2026-02-06 02:56:44.384014
WNTR,25.06,25.02,25.06,1984200.0,1826400.0,9769.0,5466.0,6000.0,,0,0,0,0,0,0,0,0,0,0,0,0,0,0,0,0,0,0,0,0,0,0,0,0,0,0,0,0,0,0,0,0,0,0,0,0,0,0,0,0,23,2026-02-06 02:56:44.384014
SPNG,25.07,25.19,25.21,2127300.0,6000.0,2232200.0,,0,0,0,0,0,0,0,0,0,0,0,0,0,0,0,0,0,0,0,0,0,0,0,0,0,0,0,0,0,0,0,0,0,0,0,0,0,0,0,0,0,0,24,2026-02-06 02:56:45.444739
SMMR,25.01,25.03,25.1,2191300.0,,2023800.0,,0,0,0,0,0,0,0,0,0,0,0,0,0,0,0,0,0,0,0,0,0,0,0,0,0,0,0,0,0,0,0,0,0,0,0,0,0,0,0,0,0,0,24,2026-02-06 02:56:45.444739
ATMN,24.74,24.74,24.91,2152100.0,,2025800.0,6000.0,0,0,0,0,0,0,0,0,0,0,0,0,0,0,0,0,0,0,0,0,0,0,0,0,0,0,0,0,0,0,0,0,0,0,0,0,0,0,0,0,0,0,24,2026-02-06 02:56:45.444739
WNTR,24.95,24.93,25.13,2070600.0,,1940900.0,6000.0,0,0,0,0,0,0,0,0,0,0,0,0,0,0,0,0,0,0,0,0,0,0,0,0,0,0,0,0,0,0,0,0,0,0,0,0,0,0,0,0,0,0,24,2026-02-06 02:56:45.444739
SPNG,25.13,25.05,25.11,6000.0,2141700.0,2239500.0,,,,0,0,0,0,0,0,0,0,0,0,0,0,0,0,0,0,0,0,0,0,0,0,0,0,0,0,0,0,0,0,0,0,0,0,0,0,0,0,0,0,25,2026-02-06 02:56:46.495784
SMMR,25.02,25.02,25.08,,2201400.0,1826800.0,5557.0,6000.0,,0,0,0,0,0,0,0,0,0,0,0,0,0,0,0,0,0,0,0,0,0,0,0,0,0,0,0,0,0,0,0,0,0,0,0,0,0,0,0,0,25,2026-02-06 02:56:46.495784
ATMN,24.91,24.78,24.91,500.0,1934700.0,2058700.0,,6000.0,2154.0,0,0,0,0,0,0,0,0,0,0,0,0,0,0,0,0,0,0,0,0,0,0,0,0,0,0,0,0,0,0,0,0,0,0,0,0,0,0,0,0,25,2026-02-06 02:56:46.495784
WNTR,24.95,25.09,25.11,,1977900.0,1818400.0,9018.0,6000.0,9018.0,0,0,0,0,0,0,0,0,0,0,0,0,0,0,0,0,0,0,0,0,0,0,0,0,0,0,0,0,0,0,0,0,0,0,0,0,0,0,0,0,25,2026-02-06 02:56:46.495784
SPNG,24.92,25.27,25.29,2253900.0,2241400.0,,,,,0,0,0,0,0,0,0,0,0,0,0,0,0,0,0,0,0,0,0,0,0,0,0,0,0,0,0,0,0,0,0,0,0,0,0,0,0,0,0,0,26,2026-02-06 02:56:47.651739
SMMR,24.99,25.01,25.07,2061600.0,1746500.0,720.0,14304.0,6000.0,,0,0,0,0,0,0,0,0,0,0,0,0,0,0,0,0,0,0,0,0,0,0,0,0,0,0,0,0,0,0,0,0,0,0,0,0,0,0,0,0,26,2026-02-06 02:56:47.651739
ATMN,24.91,24.79,24.89,1836900.0,1943700.0,10702.0,100.0,6000.0,500.0,0,0,0,0,0,0,0,0,0,0,0,0,0,0,0,0,0,0,0,0,0,0,0,0,0,0,0,0,0,0,0,0,0,0,0,0,0,0,0,0,26,2026-02-06 02:56:47.651739
WNTR,24.95,25.09,25.1,1885100.0,1602400.0,9869.0,16131.0,6000.0,,0,0,0,0,0,0,0,0,0,0,0,0,0,0,0,0,0,0,0,0,0,0,0,0,0,0,0,0,0,0,0,0,0,0,0,0,0,0,0,0,26,2026-02-06 02:56:47.651739
SPNG,24.83,25.07,25.11,5701.0,2136700.0,100.0,6000.0,2035100.0,,0,0,0,0,0,0,0,0,0,0,0,0,0,0,0,0,0,0,0,0,0,0,0,0,0,0,0,0,0,0,0,0,0,0,0,0,0,0,0,0,27,2026-02-06 02:56:48.707122
SMMR,24.96,24.96,25.04,,2205800.0,431.0,6000.0,1860700.0,,0,0,0,0,0,0,0,0,0,0,0,0,0,0,0,0,0,0,0,0,0,0,0,0,0,0,0,0,0,0,0,0,0,0,0,0,0,0,0,0,27,2026-02-06 02:56:48.707122
ATMN,24.94,24.94,24.95,9026.0,1936800.0,100.0,,2096100.0,6000.0,0,0,0,0,0,0,0,0,0,0,0,0,0,0,0,0,0,0,0,0,0,0,0,0,0,0,0,0,0,0,0,0,0,0,0,0,0,0,0,0,27,2026-02-06 02:56:48.707122
WNTR,25.09,25.05,25.08,,2106000.0,,6000.0,1978500.0,,0,0,0,0,0,0,0,0,0,0,0,0,0,0,0,0,0,0,0,0,0,0,0,0,0,0,0,0,0,0,0,0,0,0,0,0,0,0,0,0,27,2026-02-06 02:56:48.707122
SPNG,25.06,24.89,25.01,2130500.0,100.0,8641.0,6000.0,2043500.0,,0,0,0,0,0,0,0,0,0,0,0,0,0,0,0,0,0,0,0,0,0,0,0,0,0,0,0,0,0,0,0,0,0,0,0,0,0,0,0,0,28,2026-02-06 02:56:49.757236
SMMR,25.11,24.98,25.11,2082700.0,8529.0,,,2010200.0,,0,0,0,0,0,0,0,0,0,0,0,0,0,0,0,0,0,0,0,0,0,0,0,0,0,0,0,0,0,0,0,0,0,0,0,0,0,0,0,0,28,2026-02-06 02:56:49.757236
ATMN,24.9,24.9,24.94,1951600.0,6252.0,8436.0,,2008500.0,500.0,0,0,0,0,0,0,0,0,0,0,0,0,0,0,0,0,0,0,0,0,0,0,0,0,0,0,0,0,0,0,0,0,0,0,0,0,0,0,0,0,28,2026-02-06 02:56:49.757236
WNTR,25.11,25.06,25.07,2007600.0,8724.0,8724.0,6000.0,1861300.0,,0,0,0,0,0,0,0,0,0,0,0,0,0,0,0,0,0,0,0,0,0,0,0,0,0,0,0,0,0,0,0,0,0,0,0,0,0,0,0,0,28,2026-02-06 02:56:49.757236
SPNG,25.01,24.89,25.01,2034300.0,200.0,8641.0,2145200.0,0,0,0,0,0,0,0,0,0,0,0,0,0,0,0,0,0,0,0,0,0,0,0,0,0,0,0,0,0,0,0,0,0,0,0,0,0,0,0,0,0,0,29,2026-02-06 02:56:50.804552
SMMR,24.96,24.96,25.02,2185900.0,,3244.0,1944500.0,0,0,0,0,0,0,0,0,0,0,0,0,0,0,0,0,0,0,0,0,0,0,0,0,0,0,0,0,0,0,0,0,0,0,0,0,0,0,0,0,0,0,29,2026-02-06 02:56:50.804552
ATMN,24.89,24.88,24.91,2025000.0,100.0,8536.0,1894600.0,0,0,0,0,0,0,0,0,0,0,0,0,0,0,0,0,0,0,0,0,0,0,0,0,0,0,0,0,0,0,0,0,0,0,0,0,0,0,0,0,0,0,29,2026-02-06 02:56:50.804552
WNTR,25.11,25.06,25.07,1832300.0,8824.0,10000.0,1861300.0,0,0,0,0,0,0,0,0,0,0,0,0,0,0,0,0,0,0,0,0,0,0,0,0,0,0,0,0,0,0,0,0,0,0,0,0,0,0,0,0,0,0,29,2026-02-06 02:56:50.804552
SPNG,25.31,24.89,25.12,2019100.0,200.0,6000.0,2153700.0,,0,0,0,0,0,0,0,0,0,0,0,0,0,0,0,0,0,0,0,0,0,0,0,0,0,0,0,0,0,0,0,0,0,0,0,0,0,0,0,0,0,30,2026-02-06 02:56:51.357339
SMMR,24.96,24.96,25.02,2179500.0,,6000.0,1860400.0,3244.0,0,0,0,0,0,0,0,0,0,0,0,0,0,0,0,0,0,0,0,0,0,0,0,0,0,0,0,0,0,0,0,0,0,0,0,0,0,0,0,0,0,30,2026-02-06 02:56:51.357339
ATMN,24.8,24.69,24.7,2130100.0,,5338.0,1778500.0,8536.0,0,0,0,0,0,0,0,0,0,0,0,0,0,0,0,0,0,0,0,0,0,0,0,0,0,0,0,0,0,0,0,0,0,0,0,0,0,0,0,0,0,30,2026-02-06 02:56:51.357339
WNTR,25.04,25.04,25.07,2055200.0,,6000.0,1738100.0,10000.0,0,0,0,0,0,0,0,0,0,0,0,0,0,0,0,0,0,0,0,0,0,0,0,0,0,0,0,0,0,0,0,0,0,0,0,0,0,0,0,0,0,30,2026-02-06 02:56:51.357339
SPNG,25.31,24.97,25.1,2207500.0,100.0,7644.0,6000.0,2030000.0,0,0,0,0,0,0,0,0,0,0,0,0,0,0,0,0,0,0,0,0,0,0,0,0,0,0,0,0,0,0,0,0,0,0,0,0,0,0,0,0,0,31,2026-02-06 02:56:52.411010
SMMR,25.08,24.98,25.08,2057800.0,4349.0,,6000.0,1941600.0,0,0,0,0,0,0,0,0,0,0,0,0,0,0,0,0,0,0,0,0,0,0,0,0,0,0,0,0,0,0,0,0,0,0,0,0,0,0,0,0,0,31,2026-02-06 02:56:52.411010
ATMN,24.67,24.67,24.88,2015000.0,3058.0,,6000.0,2110000.0,0,0,0,0,0,0,0,0,0,0,0,0,0,0,0,0,0,0,0,0,0,0,0,0,0,0,0,0,0,0,0,0,0,0,0,0,0,0,0,0,0,31,2026-02-06 02:56:52.411010
WNTR,25.13,25.05,25.13,1959800.0,1112.0,,6000.0,1986600.0,0,0,0,0,0,0,0,0,0,0,0,0,0,0,0,0,0,0,0,0,0,0,0,0,0,0,0,0,0,0,0,0,0,0,0,0,0,0,0,0,0,31,2026-02-06 02:56:52.411010
SPNG,25.34,25.07,25.34,6000.0,2080.0,1997700.0,2241600.0,,,0,0,0,0,0,0,0,0,0,0,0,0,0,0,0,0,0,0,0,0,0,0,0,0,0,0,0,0,0,0,0,0,0,0,0,0,0,0,0,0,32,2026-02-06 02:56:53.468183
SMMR,25.14,25.0,25.1,6000.0,5116.0,1811000.0,1927700.0,6000.0,,0,0,0,0,0,0,0,0,0,0,0,0,0,0,0,0,0,0,0,0,0,0,0,0,0,0,0,0,0,0,0,0,0,0,0,0,0,0,0,0,32,2026-02-06 02:56:53.468183
ATMN,24.79,24.64,24.74,,,2141600.0,2105600.0,6000.0,,0,0,0,0,0,0,0,0,0,0,0,0,0,0,0,0,0,0,0,0,0,0,0,0,0,0,0,0,0,0,0,0,0,0,0,0,0,0,0,0,32,2026-02-06 02:56:53.468183
WNTR,25.13,25.07,25.08,,9600.0,1864500.0,1943300.0,,6366.0,0,0,0,0,0,0,0,0,0,0,0,0,0,0,0,0,0,0,0,0,0,0,0,0,0,0,0,0,0,0,0,0,0,0,0,0,0,0,0,0,32,2026-02-06 02:56:53.468183
SPNG,25.12,24.98,25.11,2080.0,2118300.0,2049000.0,500.0,1557.0,0,0,0,0,0,0,0,0,0,0,0,0,0,0,0,0,0,0,0,0,0,0,0,0,0,0,0,0,0,0,0,0,0,0,0,0,0,0,0,0,0,33,2026-02-06 02:56:54.540639
SMMR,25.17,24.89,25.17,,2140500.0,2047100.0,,,0,0,0,0,0,0,0,0,0,0,0,0,0,0,0,0,0,0,0,0,0,0,0,0,0,0,0,0,0,0,0,0,0,0,0,0,0,0,0,0,0,33,2026-02-06 02:56:54.540639
ATMN,24.62,24.62,24.88,,2145700.0,2097300.0,6000.0,,0,0,0,0,0,0,0,0,0,0,0,0,0,0,0,0,0,0,0,0,0,0,0,0,0,0,0,0,0,0,0,0,0,0,0,0,0,0,0,0,0,33,2026-02-06 02:56:54.540639
WNTR,25.09,25.03,25.09,,2085400.0,1846000.0,6000.0,6366.0,0,0,0,0,0,0,0,0,0,0,0,0,0,0,0,0,0,0,0,0,0,0,0,0,0,0,0,0,0,0,0,0,0,0,0,0,0,0,0,0,0,33,2026-02-06 02:56:54.540639
SPNG,25.34,25.02,25.34,100.0,2251600.0,2279900.0,,,0,0,0,0,0,0,0,0,0,0,0,0,0,0,0,0,0,0,0,0,0,0,0,0,0,0,0,0,0,0,0,0,0,0,0,0,0,0,0,0,0,34,2026-02-06 02:56:55.600713
SMMR,24.91,25.11,25.15,6243.0,1919000.0,1955700.0,9822.0,,0,0,0,0,0,0,0,0,0,0,0,0,0,0,0,0,0,0,0,0,0,0,0,0,0,0,0,0,0,0,0,0,0,0,0,0,0,0,0,0,0,34,2026-02-06 02:56:55.600713
ATMN,24.62,24.64,24.93,10365.0,1912000.0,2097300.0,7872.0,,0,0,0,0,0,0,0,0,0,0,0,0,0,0,0,0,0,0,0,0,0,0,0,0,0,0,0,0,0,0,0,0,0,0,0,0,0,0,0,0,0,34,2026-02-06 02:56:55.600713
WNTR,25.13,25.02,25.13,8238.0,1969300.0,1986600.0,,6000.0,0,0,0,0,0,0,0,0,0,0,0,0,0,0,0,0,0,0,0,0,0,0,0,0,0,0,0,0,0,0,0,0,0,0,0,0,0,0,0,0,0,34,2026-02-06 02:56:55.600713
SPNG,25.1,25.06,25.1,5100.0,2141800.0,2261800.0,,,,0,0,0,0,0,0,0,0,0,0,0,0,0,0,0,0,0,0,0,0,0,0,0,0,0,0,0,0,0,0,0,0,0,0,0,0,0,0,0,0,35,2026-02-06 02:56:56.650747
SMMR,25.12,25.12,25.14,5186.0,1923500.0,1839000.0,6000.0,11835.0,,0,0,0,0,0,0,0,0,0,0,0,0,0,0,0,0,0,0,0,0,0,0,0,0,0,0,0,0,0,0,0,0,0,0,0,0,0,0,0,0,35,2026-02-06 02:56:56.650747
ATMN,24.58,24.58,24.68,4040.0,1916500.0,1886100.0,,11922.0,6000.0,0,0,0,0,0,0,0,0,0,0,0,0,0,0,0,0,0,0,0,0,0,0,0,0,0,0,0,0,0,0,0,0,0,0,0,0,0,0,0,0,35,2026-02-06 02:56:56.650747
WNTR,25.14,25.14,25.17,8238.0,1895000.0,1926700.0,6000.0,7762.0,,0,0,0,0,0,0,0,0,0,0,0,0,0,0,0,0,0,0,0,0,0,0,0,0,0,0,0,0,0,0,0,0,0,0,0,0,0,0,0,0,35,2026-02-06 02:56:56.650747
SPNG,25.1,24.97,25.09,2340900.0,2246500.0,,,0,0,0,0,0,0,0,0,0,0,0,0,0,0,0,0,0,0,0,0,0,0,0,0,0,0,0,0,0,0,0,0,0,0,0,0,0,0,0,0,0,0,36,2026-02-06 02:56:57.713963
SMMR,24.89,24.89,25.08,2032600.0,1955700.0,100.0,2500.0,0,0,0,0,0,0,0,0,0,0,0,0,0,0,0,0,0,0,0,0,0,0,0,0,0,0,0,0,0,0,0,0,0,0,0,0,0,0,0,0,0,0,36,2026-02-06 02:56:57.713963
ATMN,24.68,24.57,24.68,2141600.0,2213100.0,,,0,0,0,0,0,0,0,0,0,0,0,0,0,0,0,0,0,0,0,0,0,0,0,0,0,0,0,0,0,0,0,0,0,0,0,0,0,0,0,0,0,0,36,2026-02-06 02:56:57.713963
WNTR,25.16,25.16,25.17,2004200.0,1947800.0,100.0,8065.0,0,0,0,0,0,0,0,0,0,0,0,0,0,0,0,0,0,0,0,0,0,0,0,0,0,0,0,0,0,0,0,0,0,0,0,0,0,0,0,0,0,0,36,2026-02-06 02:56:57.713963
SPNG,24.94,24.99,25.09,2500.0,2237100.0,2015500.0,224.0,6000.0,,0,0,0,0,0,0,0,0,0,0,0,0,0,0,0,0,0,0,0,0,0,0,0,0,0,0,0,0,0,0,0,0,0,0,0,0,0,0,0,0,37,2026-02-06 02:56:58.772574
SMMR,25.06,25.06,25.08,100.0,1886800.0,1955700.0,2500.0,,6000.0,0,0,0,0,0,0,0,0,0,0,0,0,0,0,0,0,0,0,0,0,0,0,0,0,0,0,0,0,0,0,0,0,0,0,0,0,0,0,0,0,37,2026-02-06 02:56:58.772574
ATMN,24.56,24.56,24.8,100.0,2028400.0,2000100.0,9406.0,6000.0,,0,0,0,0,0,0,0,0,0,0,0,0,0,0,0,0,0,0,0,0,0,0,0,0,0,0,0,0,0,0,0,0,0,0,0,0,0,0,0,0,37,2026-02-06 02:56:58.772574
WNTR,25.0,24.98,25.0,,2084800.0,1858000.0,16014.0,,,0,0,0,0,0,0,0,0,0,0,0,0,0,0,0,0,0,0,0,0,0,0,0,0,0,0,0,0,0,0,0,0,0,0,0,0,0,0,0,0,37,2026-02-06 02:56:58.772574
SPNG,24.9,24.99,25.09,2325000.0,1925900.0,6000.0,736.0,,,0,0,0,0,0,0,0,0,0,0,0,0,0,0,0,0,0,0,0,0,0,0,0,0,0,0,0,0,0,0,0,0,0,0,0,0,0,0,0,0,38,2026-02-06 02:56:59.833373
SMMR,25.15,25.15,25.17,1776500.0,1930400.0,,7711.0,7811.0,6000.0,0,0,0,0,0,0,0,0,0,0,0,0,0,0,0,0,0,0,0,0,0,0,0,0,0,0,0,0,0,0,0,0,0,0,0,0,0,0,0,0,38,2026-02-06 02:56:59.833373
ATMN,24.44,24.66,24.76,1971300.0,1881900.0,6000.0,11906.0,965.0,,0,0,0,0,0,0,0,0,0,0,0,0,0,0,0,0,0,0,0,0,0,0,0,0,0,0,0,0,0,0,0,0,0,0,0,0,0,0,0,0,38,2026-02-06 02:56:59.833373
WNTR,24.99,24.98,24.99,1962400.0,1829200.0,6000.0,7887.0,7887.0,,0,0,0,0,0,0,0,0,0,0,0,0,0,0,0,0,0,0,0,0,0,0,0,0,0,0,0,0,0,0,0,0,0,0,0,0,0,0,0,0,38,2026-02-06 02:56:59.833373
SPNG,24.89,24.89,25.09,2296000.0,1835700.0,6000.0,836.0,,,0,0,0,0,0,0,0,0,0,0,0,0,0,0,0,0,0,0,0,0,0,0,0,0,0,0,0,0,0,0,0,0,0,0,0,0,0,0,0,0,39,2026-02-06 02:57:00.383318
SMMR,25.05,25.15,25.17,1894800.0,1930400.0,,7711.0,6000.0,100.0,0,0,0,0,0,0,0,0,0,0,0,0,0,0,0,0,0,0,0,0,0,0,0,0,0,0,0,0,0,0,0,0,0,0,0,0,0,0,0,0,39,2026-02-06 02:57:00.383318
ATMN,24.44,24.66,24.76,2027400.0,1860200.0,6000.0,11906.0,,965.0,0,0,0,0,0,0,0,0,0,0,0,0,0,0,0,0,0,0,0,0,0,0,0,0,0,0,0,0,0,0,0,0,0,0,0,0,0,0,0,0,39,2026-02-06 02:57:00.383318
WNTR,24.99,25.0,25.14,2000000.0,1977800.0,6000.0,,,7887.0,0,0,0,0,0,0,0,0,0,0,0,0,0,0,0,0,0,0,0,0,0,0,0,0,0,0,0,0,0,0,0,0,0,0,0,0,0,0,0,0,39,2026-02-06 02:57:00.383318
SPNG,24.89,24.89,25.0,2313300.0,2052900.0,7275.0,6000.0,,,0,0,0,0,0,0,0,0,0,0,0,0,0,0,0,0,0,0,0,0,0,0,0,0,0,0,0,0,0,0,0,0,0,0,0,0,0,0,0,0,40,2026-02-06 02:57:01.450599
SMMR,25.15,25.1,25.12,1889100.0,2013700.0,,,4889.0,6000.0,0,0,0,0,0,0,0,0,0,0,0,0,0,0,0,0,0,0,0,0,0,0,0,0,0,0,0,0,0,0,0,0,0,0,0,0,0,0,0,0,40,2026-02-06 02:57:01.450599
ATMN,24.79,24.83,24.95,2153600.0,2187200.0,,,,,0,0,0,0,0,0,0,0,0,0,0,0,0,0,0,0,0,0,0,0,0,0,0,0,0,0,0,0,0,0,0,0,0,0,0,0,0,0,0,0,40,2026-02-06 02:57:01.450599
WNTR,24.98,25.0,25.05,1991900.0,2064000.0,,,4774.0,,0,0,0,0,0,0,0,0,0,0,0,0,0,0,0,0,0,0,0,0,0,0,0,0,0,0,0,0,0,0,0,0,0,0,0,0,0,0,0,0,40,2026-02-06 02:57:01.450599
SPNG,24.81,24.81,25.09,2278900.0,2233200.0,,0,0,0,0,0,0,0,0,0,0,0,0,0,0,0,0,0,0,0,0,0,0,0,0,0,0,0,0,0,0,0,0,0,0,0,0,0,0,0,0,0,0,0,41,2026-02-06 02:57:02.514081
SMMR,25.1,25.0,25.1,2098800.0,2026800.0,,0,0,0,0,0,0,0,0,0,0,0,0,0,0,0,0,0,0,0,0,0,0,0,0,0,0,0,0,0,0,0,0,0,0,0,0,0,0,0,0,0,0,0,41,2026-02-06 02:57:02.514081
ATMN,24.53,24.53,25.01,2125700.0,2186400.0,,0,0,0,0,0,0,0,0,0,0,0,0,0,0,0,0,0,0,0,0,0,0,0,0,0,0,0,0,0,0,0,0,0,0,0,0,0,0,0,0,0,0,0,41,2026-02-06 02:57:02.514081
WNTR,25.05,25.0,25.05,2006400.0,2080600.0,4774.0,0,0,0,0,0,0,0,0,0,0,0,0,0,0,0,0,0,0,0,0,0,0,0,0,0,0,0,0,0,0,0,0,0,0,0,0,0,0,0,0,0,0,0,41,2026-02-06 02:57:02.514081
SPNG,25.31,24.81,25.31,2289600.0,2231500.0,,,0,0,0,0,0,0,0,0,0,0,0,0,0,0,0,0,0,0,0,0,0,0,0,0,0,0,0,0,0,0,0,0,0,0,0,0,0,0,0,0,0,0,42,2026-02-06 02:57:03.581673
SMMR,24.95,25.01,25.1,1992200.0,2026800.0,6000.0,,0,0,0,0,0,0,0,0,0,0,0,0,0,0,0,0,0,0,0,0,0,0,0,0,0,0,0,0,0,0,0,0,0,0,0,0,0,0,0,0,0,0,42,2026-02-06 02:57:03.581673
ATMN,24.53,24.62,24.73,2001700.0,2082100.0,6000.0,6000.0,0,0,0,0,0,0,0,0,0,0,0,0,0,0,0,0,0,0,0,0,0,0,0,0,0,0,0,0,0,0,0,0,0,0,0,0,0,0,0,0,0,0,42,2026-02-06 02:57:03.581673
WNTR,25.08,25.09,25.18,1994400.0,2060700.0,6000.0,,0,0,0,0,0,0,0,0,0,0,0,0,0,0,0,0,0,0,0,0,0,0,0,0,0,0,0,0,0,0,0,0,0,0,0,0,0,0,0,0,0,0,42,2026-02-06 02:57:03.581673
SPNG,25.07,24.91,25.07,2151000.0,4237.0,7013.0,6000.0,2000500.0,,0,0,0,0,0,0,0,0,0,0,0,0,0,0,0,0,0,0,0,0,0,0,0,0,0,0,0,0,0,0,0,0,0,0,0,0,0,0,0,0,43,2026-02-06 02:57:04.678858
SMMR,25.06,25.11,25.17,1894300.0,100.0,,,2016000.0,6000.0,0,0,0,0,0,0,0,0,0,0,0,0,0,0,0,0,0,0,0,0,0,0,0,0,0,0,0,0,0,0,0,0,0,0,0,0,0,0,0,0,43,2026-02-06 02:57:04.678858
ATMN,24.82,24.63,24.69,2099600.0,,,6000.0,2082100.0,,0,0,0,0,0,0,0,0,0,0,0,0,0,0,0,0,0,0,0,0,0,0,0,0,0,0,0,0,0,0,0,0,0,0,0,0,0,0,0,0,43,2026-02-06 02:57:04.678858
WNTR,25.08,25.08,25.12,1992200.0,,7514.0,6000.0,1846500.0,6000.0,0,0,0,0,0,0,0,0,0,0,0,0,0,0,0,0,0,0,0,0,0,0,0,0,0,0,0,0,0,0,0,0,0,0,0,0,0,0,0,0,43,2026-02-06 02:57:04.678858
SPNG,24.81,24.81,25.25,2283700.0,2258900.0,,,0,0,0,0,0,0,0,0,0,0,0,0,0,0,0,0,0,0,0,0,0,0,0,0,0,0,0,0,0,0,0,0,0,0,0,0,0,0,0,0,0,0,44,2026-02-06 02:57:05.742170
SMMR,25.06,25.12,25.13,1794600.0,1941600.0,12177.0,100.0,0,0,0,0,0,0,0,0,0,0,0,0,0,0,0,0,0,0,0,0,0,0,0,0,0,0,0,0,0,0,0,0,0,0,0,0,0,0,0,0,0,0,44,2026-02-06 02:57:05.742170
ATMN,24.73,24.73,24.95,1975700.0,2176600.0,10000.0,,0,0,0,0,0,0,0,0,0,0,0,0,0,0,0,0,0,0,0,0,0,0,0,0,0,0,0,0,0,0,0,0,0,0,0,0,0,0,0,0,0,0,44,2026-02-06 02:57:05.742170
WNTR,25.08,25.11,25.12,1992200.0,1741800.0,9026.0,16974.0,0,0,0,0,0,0,0,0,0,0,0,0,0,0,0,0,0,0,0,0,0,0,0,0,0,0,0,0,0,0,0,0,0,0,0,0,0,0,0,0,0,0,44,2026-02-06 02:57:05.742170
SPNG,25.36,24.78,25.36,2282900.0,2221000.0,,,,,0,0,0,0,0,0,0,0,0,0,0,0,0,0,0,0,0,0,0,0,0,0,0,0,0,0,0,0,0,0,0,0,0,0,0,0,0,0,0,0,45,2026-02-06 02:57:06.814356
SMMR,25.17,25.13,25.16,1894300.0,1963500.0,7061.0,6000.0,3283.0,,0,0,0,0,0,0,0,0,0,0,0,0,0,0,0,0,0,0,0,0,0,0,0,0,0,0,0,0,0,0,0,0,0,0,0,0,0,0,0,0,45,2026-02-06 02:57:06.814356
ATMN,24.73,24.66,24.67,1890200.0,2140900.0,100.0,6000.0,,,0,0,0,0,0,0,0,0,0,0,0,0,0,0,0,0,0,0,0,0,0,0,0,0,0,0,0,0,0,0,0,0,0,0,0,0,0,0,0,0,45,2026-02-06 02:57:06.814356
WNTR,24.97,25.0,25.09,1978000.0,1836700.0,6200.0,,7222.0,6000.0,0,0,0,0,0,0,0,0,0,0,0,0,0,0,0,0,0,0,0,0,0,0,0,0,0,0,0,0,0,0,0,0,0,0,0,0,0,0,0,0,45,2026-02-06 02:57:06.814356
SPNG,24.77,24.77,25.29,2277400.0,3227.0,2103400.0,,,,0,0,0,0,0,0,0,0,0,0,0,0,0,0,0,0,0,0,0,0,0,0,0,0,0,0,0,0,0,0,0,0,0,0,0,0,0,0,0,0,46,2026-02-06 02:57:07.880327
SMMR,25.17,25.14,25.15,1794600.0,6566.0,1844100.0,15426.0,6000.0,,0,0,0,0,0,0,0,0,0,0,0,0,0,0,0,0,0,0,0,0,0,0,0,0,0,0,0,0,0,0,0,0,0,0,0,0,0,0,0,0,46,2026-02-06 02:57:07.880327
ATMN,24.79,24.7,24.79,1797500.0,284.0,2048700.0,10100.0,6000.0,,0,0,0,0,0,0,0,0,0,0,0,0,0,0,0,0,0,0,0,0,0,0,0,0,0,0,0,0,0,0,0,0,0,0,0,0,0,0,0,0,46,2026-02-06 02:57:07.880327
WNTR,25.18,25.08,25.12,1886700.0,4611.0,1851100.0,13422.0,,6000.0,0,0,0,0,0,0,0,0,0,0,0,0,0,0,0,0,0,0,0,0,0,0,0,0,0,0,0,0,0,0,0,0,0,0,0,0,0,0,0,0,46,2026-02-06 02:57:07.880327
SPNG,24.77,24.77,25.04,2277400.0,2043000.0,6000.0,3227.0,,0,0,0,0,0,0,0,0,0,0,0,0,0,0,0,0,0,0,0,0,0,0,0,0,0,0,0,0,0,0,0,0,0,0,0,0,0,0,0,0,0,47,2026-02-06 02:57:08.436334
SMMR,25.11,25.11,25.12,2115500.0,1838700.0,,6566.0,,0,0,0,0,0,0,0,0,0,0,0,0,0,0,0,0,0,0,0,0,0,0,0,0,0,0,0,0,0,0,0,0,0,0,0,0,0,0,0,0,0,47,2026-02-06 02:57:08.436334
ATMN,24.95,24.53,24.95,2066200.0,2176600.0,,,,0,0,0,0,0,0,0,0,0,0,0,0,0,0,0,0,0,0,0,0,0,0,0,0,0,0,0,0,0,0,0,0,0,0,0,0,0,0,0,0,0,47,2026-02-06 02:57:08.436334
WNTR,25.08,25.08,25.15,1876700.0,1936900.0,,4611.0,13422.0,0,0,0,0,0,0,0,0,0,0,0,0,0,0,0,0,0,0,0,0,0,0,0,0,0,0,0,0,0,0,0,0,0,0,0,0,0,0,0,0,0,47,2026-02-06 02:57:08.436334
SPNG,24.97,24.99,25.04,2152500.0,109.0,2132600.0,3227.0,,,0,0,0,0,0,0,0,0,0,0,0,0,0,0,0,0,0,0,0,0,0,0,0,0,0,0,0,0,0,0,0,0,0,0,0,0,0,0,0,0,48,2026-02-06 02:57:09.530326
SMMR,25.01,25.01,25.04,2113500.0,,1840700.0,6566.0,,,0,0,0,0,0,0,0,0,0,0,0,0,0,0,0,0,0,0,0,0,0,0,0,0,0,0,0,0,0,0,0,0,0,0,0,0,0,0,0,0,48,2026-02-06 02:57:09.530326
ATMN,24.95,24.59,24.8,1889400.0,100.0,2069500.0,8083.0,6000.0,,0,0,0,0,0,0,0,0,0,0,0,0,0,0,0,0,0,0,0,0,0,0,0,0,0,0,0,0,0,0,0,0,0,0,0,0,0,0,0,0,48,2026-02-06 02:57:09.530326
WNTR,24.94,24.94,25.1,2054300.0,,1741200.0,12578.0,,6000.0,0,0,0,0,0,0,0,0,0,0,0,0,0,0,0,0,0,0,0,0,0,0,0,0,0,0,0,0,0,0,0,0,0,0,0,0,0,0,0,0,48,2026-02-06 02:57:09.530326
SPNG,24.93,24.77,24.88,2297100.0,2023500.0,100.0,6000.0,,0,0,0,0,0,0,0,0,0,0,0,0,0,0,0,0,0,0,0,0,0,0,0,0,0,0,0,0,0,0,0,0,0,0,0,0,0,0,0,0,0,49,2026-02-06 02:57:10.690364
SMMR,24.99,25.07,25.1,1982100.0,1930100.0,6664.0,,6664.0,0,0,0,0,0,0,0,0,0,0,0,0,0,0,0,0,0,0,0,0,0,0,0,0,0,0,0,0,0,0,0,0,0,0,0,0,0,0,0,0,0,49,2026-02-06 02:57:10.690364
ATMN,24.77,24.77,24.78,1874000.0,2069500.0,100.0,,5572.0,0,0,0,0,0,0,0,0,0,0,0,0,0,0,0,0,0,0,0,0,0,0,0,0,0,0,0,0,0,0,0,0,0,0,0,0,0,0,0,0,0,49,2026-02-06 02:57:10.690364
WNTR,24.93,24.93,25.02,2076700.0,1729100.0,19730.0,6000.0,,0,0,0,0,0,0,0,0,0,0,0,0,0,0,0,0,0,0,0,0,0,0,0,0,0,0,0,0,0,0,0,0,0,0,0,0,0,0,0,0,0,49,2026-02-06 02:57:10.690364
SPNG,24.98,24.99,25.01,2309000.0,100.0,2043000.0,6000.0,,,0,0,0,0,0,0,0,0,0,0,0,0,0,0,0,0,0,0,0,0,0,0,0,0,0,0,0,0,0,0,0,0,0,0,0,0,0,0,0,0,50,2026-02-06 02:57:11.780399
SMMR,24.99,25.07,25.09,1817000.0,10602.0,1881900.0,,10888.0,6000.0,0,0,0,0,0,0,0,0,0,0,0,0,0,0,0,0,0,0,0,0,0,0,0,0,0,0,0,0,0,0,0,0,0,0,0,0,0,0,0,0,50,2026-02-06 02:57:11.780399
ATMN,24.55,24.57,24.78,1999000.0,6613.0,1919600.0,,3096.0,,0,0,0,0,0,0,0,0,0,0,0,0,0,0,0,0,0,0,0,0,0,0,0,0,0,0,0,0,0,0,0,0,0,0,0,0,0,0,0,0,50,2026-02-06 02:57:11.780399
WNTR,24.9,24.9,24.94,2123500.0,26000.0,1646100.0,6000.0,,,0,0,0,0,0,0,0,0,0,0,0,0,0,0,0,0,0,0,0,0,0,0,0,0,0,0,0,0,0,0,0,0,0,0,0,0,0,0,0,0,50,2026-02-06 02:57:11.780399
SPNG,25.04,24.99,25.03,2309000.0,6000.0,2132600.0,,,0,0,0,0,0,0,0,0,0,0,0,0,0,0,0,0,0,0,0,0,0,0,0,0,0,0,0,0,0,0,0,0,0,0,0,0,0,0,0,0,0,51,2026-02-06 02:57:12.860409
SMMR,25.04,25.0,25.04,1887200.0,,2088300.0,6459.0,6000.0,0,0,0,0,0,0,0,0,0,0,0,0,0,0,0,0,0,0,0,0,0,0,0,0,0,0,0,0,0,0,0,0,0,0,0,0,0,0,0,0,0,51,2026-02-06 02:57:12.860409
ATMN,24.55,24.64,24.76,1965700.0,6000.0,2030000.0,,6000.0,0,0,0,0,0,0,0,0,0,0,0,0,0,0,0,0,0,0,0,0,0,0,0,0,0,0,0,0,0,0,0,0,0,0,0,0,0,0,0,0,0,51,2026-02-06 02:57:12.860409
WNTR,25.19,24.96,25.19,2026000.0,,2026500.0,9690.0,,0,0,0,0,0,0,0,0,0,0,0,0,0,0,0,0,0,0,0,0,0,0,0,0,0,0,0,0,0,0,0,0,0,0,0,0,0,0,0,0,0,51,2026-02-06 02:57:12.860409
SPNG,25.04,24.99,25.04,2187700.0,6165.0,2155400.0,100.0,0,0,0,0,0,0,0,0,0,0,0,0,0,0,0,0,0,0,0,0,0,0,0,0,0,0,0,0,0,0,0,0,0,0,0,0,0,0,0,0,0,0,52,2026-02-06 02:57:13.447620
SMMR,25.04,25.01,25.04,1975800.0,6459.0,2088300.0,,0,0,0,0,0,0,0,0,0,0,0,0,0,0,0,0,0,0,0,0,0,0,0,0,0,0,0,0,0,0,0,0,0,0,0,0,0,0,0,0,0,0,52,2026-02-06 02:57:13.447620
ATMN,24.95,24.98,25.01,1967700.0,6312.0,2185300.0,,0,0,0,0,0,0,0,0,0,0,0,0,0,0,0,0,0,0,0,0,0,0,0,0,0,0,0,0,0,0,0,0,0,0,0,0,0,0,0,0,0,0,52,2026-02-06 02:57:13.447620
WNTR,25.16,24.96,25.08,2026000.0,9690.0,2037600.0,,0,0,0,0,0,0,0,0,0,0,0,0,0,0,0,0,0,0,0,0,0,0,0,0,0,0,0,0,0,0,0,0,0,0,0,0,0,0,0,0,0,0,52,2026-02-06 02:57:13.447620
SPNG,25.36,24.83,25.36,2292800.0,2225000.0,,,,0,0,0,0,0,0,0,0,0,0,0,0,0,0,0,0,0,0,0,0,0,0,0,0,0,0,0,0,0,0,0,0,0,0,0,0,0,0,0,0,0,53,2026-02-06 02:57:14.642876
SMMR,25.16,25.05,25.16,1995100.0,2091400.0,6000.0,,,0,0,0,0,0,0,0,0,0,0,0,0,0,0,0,0,0,0,0,0,0,0,0,0,0,0,0,0,0,0,0,0,0,0,0,0,0,0,0,0,0,53,2026-02-06 02:57:14.642876
ATMN,24.98,24.64,24.74,1950200.0,2157900.0,,6312.0,,0,0,0,0,0,0,0,0,0,0,0,0,0,0,0,0,0,0,0,0,0,0,0,0,0,0,0,0,0,0,0,0,0,0,0,0,0,0,0,0,0,53,2026-02-06 02:57:14.642876
WNTR,24.99,24.99,25.08,1909300.0,1917500.0,6000.0,9690.0,500.0,0,0,0,0,0,0,0,0,0,0,0,0,0,0,0,0,0,0,0,0,0,0,0,0,0,0,0,0,0,0,0,0,0,0,0,0,0,0,0,0,0,53,2026-02-06 02:57:14.642876
SPNG,24.81,24.94,25.06,2259800.0,6000.0,2112300.0,,,0,0,0,0,0,0,0,0,0,0,0,0,0,0,0,0,0,0,0,0,0,0,0,0,0,0,0,0,0,0,0,0,0,0,0,0,0,0,0,0,0,54,2026-02-06 02:57:15.781716
SMMR,25.16,25.1,25.13,2009200.0,,2100700.0,6000.0,,0,0,0,0,0,0,0,0,0,0,0,0,0,0,0,0,0,0,0,0,0,0,0,0,0,0,0,0,0,0,0,0,0,0,0,0,0,0,0,0,0,54,2026-02-06 02:57:15.781716
ATMN,24.74,24.81,25.01,1950200.0,,2182000.0,6000.0,,0,0,0,0,0,0,0,0,0,0,0,0,0,0,0,0,0,0,0,0,0,0,0,0,0,0,0,0,0,0,0,0,0,0,0,0,0,0,0,0,0,54,2026-02-06 02:57:15.781716
WNTR,24.97,24.87,24.97,2002300.0,500.0,1925900.0,,1500.0,0,0,0,0,0,0,0,0,0,0,0,0,0,0,0,0,0,0,0,0,0,0,0,0,0,0,0,0,0,0,0,0,0,0,0,0,0,0,0,0,0,54,2026-02-06 02:57:15.781716
SPNG,24.77,24.77,25.3,2278400.0,2215800.0,,,,0,0,0,0,0,0,0,0,0,0,0,0,0,0,0,0,0,0,0,0,0,0,0,0,0,0,0,0,0,0,0,0,0,0,0,0,0,0,0,0,0,55,2026-02-06 02:57:16.869885
SMMR,25.14,25.05,25.14,2093600.0,2107600.0,,,,0,0,0,0,0,0,0,0,0,0,0,0,0,0,0,0,0,0,0,0,0,0,0,0,0,0,0,0,0,0,0,0,0,0,0,0,0,0,0,0,0,55,2026-02-06 02:57:16.869885
ATMN,24.58,24.65,24.78,1948900.0,2054700.0,6000.0,6000.0,,0,0,0,0,0,0,0,0,0,0,0,0,0,0,0,0,0,0,0,0,0,0,0,0,0,0,0,0,0,0,0,0,0,0,0,0,0,0,0,0,0,55,2026-02-06 02:57:16.869885
WNTR,24.97,24.94,24.97,2000200.0,2013600.0,,,1500.0,0,0,0,0,0,0,0,0,0,0,0,0,0,0,0,0,0,0,0,0,0,0,0,0,0,0,0,0,0,0,0,0,0,0,0,0,0,0,0,0,0,55,2026-02-06 02:57:16.869885
SPNG,25.36,24.77,25.36,2261000.0,2225000.0,,0,0,0,0,0,0,0,0,0,0,0,0,0,0,0,0,0,0,0,0,0,0,0,0,0,0,0,0,0,0,0,0,0,0,0,0,0,0,0,0,0,0,0,56,2026-02-06 02:57:17.935565
SMMR,25.14,25.0,25.05,2100900.0,2085100.0,,0,0,0,0,0,0,0,0,0,0,0,0,0,0,0,0,0,0,0,0,0,0,0,0,0,0,0,0,0,0,0,0,0,0,0,0,0,0,0,0,0,0,0,56,2026-02-06 02:57:17.935565
ATMN,24.53,24.53,24.93,2077500.0,2143900.0,,0,0,0,0,0,0,0,0,0,0,0,0,0,0,0,0,0,0,0,0,0,0,0,0,0,0,0,0,0,0,0,0,0,0,0,0,0,0,0,0,0,0,0,56,2026-02-06 02:57:17.935565
WNTR,25.07,24.95,25.07,2016500.0,2011800.0,1500.0,0,0,0,0,0,0,0,0,0,0,0,0,0,0,0,0,0,0,0,0,0,0,0,0,0,0,0,0,0,0,0,0,0,0,0,0,0,0,0,0,0,0,0,56,2026-02-06 02:57:17.935565
SPNG,24.75,24.75,25.39,2268200.0,2199200.0,0,0,0,0,0,0,0,0,0,0,0,0,0,0,0,0,0,0,0,0,0,0,0,0,0,0,0,0,0,0,0,0,0,0,0,0,0,0,0,0,0,0,0,0,57,2026-02-06 02:57:18.974870
SMMR,25.05,25.13,25.14,2121200.0,2107600.0,0,0,0,0,0,0,0,0,0,0,0,0,0,0,0,0,0,0,0,0,0,0,0,0,0,0,0,0,0,0,0,0,0,0,0,0,0,0,0,0,0,0,0,0,57,2026-02-06 02:57:18.974870
ATMN,24.53,24.88,24.93,2065000.0,2134400.0,0,0,0,0,0,0,0,0,0,0,0,0,0,0,0,0,0,0,0,0,0,0,0,0,0,0,0,0,0,0,0,0,0,0,0,0,0,0,0,0,0,0,0,0,57,2026-02-06 02:57:18.974870
WNTR,24.93,24.93,25.07,2118400.0,2011800.0,0,0,0,0,0,0,0,0,0,0,0,0,0,0,0,0,0,0,0,0,0,0,0,0,0,0,0,0,0,0,0,0,0,0,0,0,0,0,0,0,0,0,0,0,57,2026-02-06 02:57:18.974870
SPNG,24.75,24.86,25.26,2275000.0,2217800.0,0,0,0,0,0,0,0,0,0,0,0,0,0,0,0,0,0,0,0,0,0,0,0,0,0,0,0,0,0,0,0,0,0,0,0,0,0,0,0,0,0,0,0,0,58,2026-02-06 02:57:19.512024
SMMR,25.13,25.0,25.08,2110900.0,2103600.0,0,0,0,0,0,0,0,0,0,0,0,0,0,0,0,0,0,0,0,0,0,0,0,0,0,0,0,0,0,0,0,0,0,0,0,0,0,0,0,0,0,0,0,0,58,2026-02-06 02:57:19.512024
ATMN,24.88,24.53,24.57,2077500.0,2167600.0,0,0,0,0,0,0,0,0,0,0,0,0,0,0,0,0,0,0,0,0,0,0,0,0,0,0,0,0,0,0,0,0,0,0,0,0,0,0,0,0,0,0,0,0,58,2026-02-06 02:57:19.512024
WNTR,24.93,24.93,25.01,2118400.0,2041200.0,0,0,0,0,0,0,0,0,0,0,0,0,0,0,0,0,0,0,0,0,0,0,0,0,0,0,0,0,0,0,0,0,0,0,0,0,0,0,0,0,0,0,0,0,58,2026-02-06 02:57:19.512024
SPNG,24.86,24.86,25.26,2275000.0,2209900.0,0,0,0,0,0,0,0,0,0,0,0,0,0,0,0,0,0,0,0,0,0,0,0,0,0,0,0,0,0,0,0,0,0,0,0,0,0,0,0,0,0,0,0,0,59,2026-02-06 02:57:20.582723
SMMR,25.16,25.0,25.16,2110900.0,2091400.0,0,0,0,0,0,0,0,0,0,0,0,0,0,0,0,0,0,0,0,0,0,0,0,0,0,0,0,0,0,0,0,0,0,0,0,0,0,0,0,0,0,0,0,0,59,2026-02-06 02:57:20.582723
ATMN,24.88,24.53,24.57,2070500.0,2167600.0,0,0,0,0,0,0,0,0,0,0,0,0,0,0,0,0,0,0,0,0,0,0,0,0,0,0,0,0,0,0,0,0,0,0,0,0,0,0,0,0,0,0,0,0,59,2026-02-06 02:57:20.582723
WNTR,24.9,24.9,24.96,2116400.0,2048100.0,0,0,0,0,0,0,0,0,0,0,0,0,0,0,0,0,0,0,0,0,0,0,0,0,0,0,0,0,0,0,0,0,0,0,0,0,0,0,0,0,0,0,0,0,59,2026-02-06 02:57:20.582723
SPNG,24.75,24.96,0.0,200000.0,0,0,0,0,0,0,0,0,0,0,0,0,0,0,0,0,0,0,0,0,0,0,0,0,0,0,0,0,0,0,0,0,0,0,0,0,0,0,0,0,0,0,0,0,0,60,2026-02-06 02:57:21.664358
SMMR,25.17,25.09,0.0,200000.0,0,0,0,0,0,0,0,0,0,0,0,0,0,0,0,0,0,0,0,0,0,0,0,0,0,0,0,0,0,0,0,0,0,0,0,0,0,0,0,0,0,0,0,0,0,60,2026-02-06 02:57:21.664358
ATMN,24.88,25.42,0.0,200000.0,0,0,0,0,0,0,0,0,0,0,0,0,0,0,0,0,0,0,0,0,0,0,0,0,0,0,0,0,0,0,0,0,0,0,0,0,0,0,0,0,0,0,0,0,0,60,2026-02-06 02:57:21.664358
WNTR,24.87,25.08,0.0,200000.0,0,0,0,0,0,0,0,0,0,0,0,0,0,0,0,0,0,0,0,0,0,0,0,0,0,0,0,0,0,0,0,0,0,0,0,0,0,0,0,0,0,0,0,0,0,60,2026-02-06 02:57:21.664358
SPNG,24.96,24.96,25.37,966100.0,1011700.0,0,0,0,0,0,0,0,0,0,0,0,0,0,0,0,0,0,0,0,0,0,0,0,0,0,0,0,0,0,0,0,0,0,0,0,0,0,0,0,0,0,0,0,0,61,2026-02-06 02:57:22.725170
SMMR,24.92,24.92,25.22,936500.0,934600.0,0,0,0,0,0,0,0,0,0,0,0,0,0,0,0,0,0,0,0,0,0,0,0,0,0,0,0,0,0,0,0,0,0,0,0,0,0,0,0,0,0,0,0,0,61,2026-02-06 02:57:22.725170
ATMN,25.42,25.42,25.82,876300.0,749500.0,0,0,0,0,0,0,0,0,0,0,0,0,0,0,0,0,0,0,0,0,0,0,0,0,0,0,0,0,0,0,0,0,0,0,0,0,0,0,0,0,0,0,0,0,61,2026-02-06 02:57:22.725170
WNTR,26.14,25.34,25.38,861300.0,1025600.0,0,0,0,0,0,0,0,0,0,0,0,0,0,0,0,0,0,0,0,0,0,0,0,0,0,0,0,0,0,0,0,0,0,0,0,0,0,0,0,0,0,0,0,0,61,2026-02-06 02:57:22.725170
SPNG,24.84,24.76,24.84,1116500.0,1135000.0,100.0,0,0,0,0,0,0,0,0,0,0,0,0,0,0,0,0,0,0,0,0,0,0,0,0,0,0,0,0,0,0,0,0,0,0,0,0,0,0,0,0,0,0,0,62,2026-02-06 02:57:23.784099
SMMR,25.04,24.92,25.04,1126700.0,1058400.0,,0,0,0,0,0,0,0,0,0,0,0,0,0,0,0,0,0,0,0,0,0,0,0,0,0,0,0,0,0,0,0,0,0,0,0,0,0,0,0,0,0,0,0,62,2026-02-06 02:57:23.784099
ATMN,25.32,25.32,25.65,887600.0,941200.0,16170.0,0,0,0,0,0,0,0,0,0,0,0,0,0,0,0,0,0,0,0,0,0,0,0,0,0,0,0,0,0,0,0,0,0,0,0,0,0,0,0,0,0,0,0,62,2026-02-06 02:57:23.784099
WNTR,25.08,25.08,25.24,867400.0,1340300.0,8500.0,0,0,0,0,0,0,0,0,0,0,0,0,0,0,0,0,0,0,0,0,0,0,0,0,0,0,0,0,0,0,0,0,0,0,0,0,0,0,0,0,0,0,0,62,2026-02-06 02:57:23.784099
SPNG,24.84,24.78,24.84,5219.0,1476700.0,1135000.0,0,0,0,0,0,0,0,0,0,0,0,0,0,0,0,0,0,0,0,0,0,0,0,0,0,0,0,0,0,0,0,0,0,0,0,0,0,0,0,0,0,0,0,63,2026-02-06 02:57:24.852514
SMMR,25.22,24.97,25.22,5468.0,1461800.0,934600.0,0,0,0,0,0,0,0,0,0,0,0,0,0,0,0,0,0,0,0,0,0,0,0,0,0,0,0,0,0,0,0,0,0,0,0,0,0,0,0,0,0,0,0,63,2026-02-06 02:57:24.852514
ATMN,25.55,25.32,25.47,,887600.0,1038200.0,0,0,0,0,0,0,0,0,0,0,0,0,0,0,0,0,0,0,0,0,0,0,0,0,0,0,0,0,0,0,0,0,0,0,0,0,0,0,0,0,0,0,0,63,2026-02-06 02:57:24.852514
WNTR,25.08,25.08,25.11,,857400.0,1553400.0,0,0,0,0,0,0,0,0,0,0,0,0,0,0,0,0,0,0,0,0,0,0,0,0,0,0,0,0,0,0,0,0,0,0,0,0,0,0,0,0,0,0,0,63,2026-02-06 02:57:24.852514
SPNG,24.76,24.77,25.04,100.0,1508000.0,10000.0,1143700.0,0,0,0,0,0,0,0,0,0,0,0,0,0,0,0,0,0,0,0,0,0,0,0,0,0,0,0,0,0,0,0,0,0,0,0,0,0,0,0,0,0,0,64,2026-02-06 02:57:25.906767
SMMR,25.27,24.97,24.99,5468.0,1572100.0,,1042600.0,0,0,0,0,0,0,0,0,0,0,0,0,0,0,0,0,0,0,0,0,0,0,0,0,0,0,0,0,0,0,0,0,0,0,0,0,0,0,0,0,0,0,64,2026-02-06 02:57:25.906767
ATMN,25.47,25.51,25.56,,997000.0,16385.0,1148400.0,0,0,0,0,0,0,0,0,0,0,0,0,0,0,0,0,0,0,0,0,0,0,0,0,0,0,0,0,0,0,0,0,0,0,0,0,0,0,0,0,0,0,64,2026-02-06 02:57:25.906767
WNTR,25.28,25.04,25.28,,866600.0,,1353000.0,0,0,0,0,0,0,0,0,0,0,0,0,0,0,0,0,0,0,0,0,0,0,0,0,0,0,0,0,0,0,0,0,0,0,0,0,0,0,0,0,0,0,64,2026-02-06 02:57:25.906767
SPNG,25.37,24.77,25.18,100.0,1508000.0,1230200.0,,0,0,0,0,0,0,0,0,0,0,0,0,0,0,0,0,0,0,0,0,0,0,0,0,0,0,0,0,0,0,0,0,0,0,0,0,0,0,0,0,0,0,65,2026-02-06 02:57:26.960726
SMMR,25.19,25.04,25.17,13000.0,1835600.0,948300.0,9748.0,0,0,0,0,0,0,0,0,0,0,0,0,0,0,0,0,0,0,0,0,0,0,0,0,0,0,0,0,0,0,0,0,0,0,0,0,0,0,0,0,0,0,65,2026-02-06 02:57:26.960726
ATMN,25.82,25.51,25.53,836.0,1090400.0,1266100.0,6270.0,0,0,0,0,0,0,0,0,0,0,0,0,0,0,0,0,0,0,0,0,0,0,0,0,0,0,0,0,0,0,0,0,0,0,0,0,0,0,0,0,0,0,65,2026-02-06 02:57:26.960726
WNTR,24.74,25.22,25.27,1475.0,948800.0,1445100.0,8475.0,0,0,0,0,0,0,0,0,0,0,0,0,0,0,0,0,0,0,0,0,0,0,0,0,0,0,0,0,0,0,0,0,0,0,0,0,0,0,0,0,0,0,65,2026-02-06 02:57:26.960726
SPNG,25.18,24.84,25.18,1523000.0,1353200.0,,,0,0,0,0,0,0,0,0,0,0,0,0,0,0,0,0,0,0,0,0,0,0,0,0,0,0,0,0,0,0,0,0,0,0,0,0,0,0,0,0,0,0,66,2026-02-06 02:57:28.005695
SMMR,25.1,25.08,25.1,2045000.0,1167100.0,3252.0,,0,0,0,0,0,0,0,0,0,0,0,0,0,0,0,0,0,0,0,0,0,0,0,0,0,0,0,0,0,0,0,0,0,0,0,0,0,0,0,0,0,0,66,2026-02-06 02:57:28.005695
ATMN,25.4,25.41,25.52,966500.0,1266100.0,100.0,9504.0,0,0,0,0,0,0,0,0,0,0,0,0,0,0,0,0,0,0,0,0,0,0,0,0,0,0,0,0,0,0,0,0,0,0,0,0,0,0,0,0,0,0,66,2026-02-06 02:57:28.005695
WNTR,24.98,24.98,25.28,972100.0,1545700.0,,4425.0,0,0,0,0,0,0,0,0,0,0,0,0,0,0,0,0,0,0,0,0,0,0,0,0,0,0,0,0,0,0,0,0,0,0,0,0,0,0,0,0,0,0,66,2026-02-06 02:57:28.005695
SPNG,24.84,24.84,25.18,1523000.0,1575800.0,,,0,0,0,0,0,0,0,0,0,0,0,0,0,0,0,0,0,0,0,0,0,0,0,0,0,0,0,0,0,0,0,0,0,0,0,0,0,0,0,0,0,0,67,2026-02-06 02:57:29.052439
SMMR,25.08,25.08,25.1,2143700.0,1167100.0,9697.0,12949.0,0,0,0,0,0,0,0,0,0,0,0,0,0,0,0,0,0,0,0,0,0,0,0,0,0,0,0,0,0,0,0,0,0,0,0,0,0,0,0,0,0,0,67,2026-02-06 02:57:29.052439
ATMN,25.52,25.54,25.55,1196300.0,1361400.0,11851.0,,0,0,0,0,0,0,0,0,0,0,0,0,0,0,0,0,0,0,0,0,0,0,0,0,0,0,0,0,0,0,0,0,0,0,0,0,0,0,0,0,0,0,67,2026-02-06 02:57:29.052439
WNTR,25.17,25.11,25.16,1179500.0,1659300.0,4525.0,8430.0,0,0,0,0,0,0,0,0,0,0,0,0,0,0,0,0,0,0,0,0,0,0,0,0,0,0,0,0,0,0,0,0,0,0,0,0,0,0,0,0,0,0,67,2026-02-06 02:57:29.052439
SPNG,24.33,24.33,25.15,1373700.0,2314.0,1575800.0,,,,0,0,0,0,0,0,0,0,0,0,0,0,0,0,0,0,0,0,0,0,0,0,0,0,0,0,0,0,0,0,0,0,0,0,0,0,0,0,0,0,68,2026-02-06 02:57:29.592910
SMMR,25.02,25.02,25.1,2073900.0,12949.0,1167100.0,6000.0,,,0,0,0,0,0,0,0,0,0,0,0,0,0,0,0,0,0,0,0,0,0,0,0,0,0,0,0,0,0,0,0,0,0,0,0,0,0,0,0,0,68,2026-02-06 02:57:29.592910
ATMN,25.54,25.54,25.55,1196300.0,,1465900.0,,11851.0,6000.0,0,0,0,0,0,0,0,0,0,0,0,0,0,0,0,0,0,0,0,0,0,0,0,0,0,0,0,0,0,0,0,0,0,0,0,0,0,0,0,0,68,2026-02-06 02:57:29.592910
WNTR,25.17,25.11,25.14,1179500.0,8430.0,1851600.0,,4525.0,6000.0,0,0,0,0,0,0,0,0,0,0,0,0,0,0,0,0,0,0,0,0,0,0,0,0,0,0,0,0,0,0,0,0,0,0,0,0,0,0,0,0,68,2026-02-06 02:57:29.592910
SPNG,25.34,24.43,25.02,1698400.0,100.0,6000.0,100.0,1458600.0,,0,0,0,0,0,0,0,0,0,0,0,0,0,0,0,0,0,0,0,0,0,0,0,0,0,0,0,0,0,0,0,0,0,0,0,0,0,0,0,0,69,2026-02-06 02:57:30.675513
SMMR,25.02,24.95,25.02,2178800.0,,6000.0,3386.0,1397600.0,,0,0,0,0,0,0,0,0,0,0,0,0,0,0,0,0,0,0,0,0,0,0,0,0,0,0,0,0,0,0,0,0,0,0,0,0,0,0,0,0,69,2026-02-06 02:57:30.675513
ATMN,25.55,25.4,25.44,979100.0,,6000.0,,1662700.0,,0,0,0,0,0,0,0,0,0,0,0,0,0,0,0,0,0,0,0,0,0,0,0,0,0,0,0,0,0,0,0,0,0,0,0,0,0,0,0,0,69,2026-02-06 02:57:30.675513
WNTR,25.14,25.13,25.14,1270300.0,,,,2076300.0,6000.0,0,0,0,0,0,0,0,0,0,0,0,0,0,0,0,0,0,0,0,0,0,0,0,0,0,0,0,0,0,0,0,0,0,0,0,0,0,0,0,0,69,2026-02-06 02:57:30.675513
SPNG,25.37,25.09,25.16,6000.0,1826300.0,100.0,6000.0,1335600.0,0,0,0,0,0,0,0,0,0,0,0,0,0,0,0,0,0,0,0,0,0,0,0,0,0,0,0,0,0,0,0,0,0,0,0,0,0,0,0,0,0,70,2026-02-06 02:57:31.745638
SMMR,25.1,25.04,25.1,,2160500.0,3386.0,6000.0,1283400.0,0,0,0,0,0,0,0,0,0,0,0,0,0,0,0,0,0,0,0,0,0,0,0,0,0,0,0,0,0,0,0,0,0,0,0,0,0,0,0,0,0,70,2026-02-06 02:57:31.745638
ATMN,25.31,25.25,25.31,,979100.0,,,1595200.0,0,0,0,0,0,0,0,0,0,0,0,0,0,0,0,0,0,0,0,0,0,0,0,0,0,0,0,0,0,0,0,0,0,0,0,0,0,0,0,0,0,70,2026-02-06 02:57:31.745638
WNTR,25.14,25.16,25.17,6000.0,1393300.0,,,2079200.0,0,0,0,0,0,0,0,0,0,0,0,0,0,0,0,0,0,0,0,0,0,0,0,0,0,0,0,0,0,0,0,0,0,0,0,0,0,0,0,0,0,70,2026-02-06 02:57:31.745638
SPNG,24.96,24.96,25.21,1826300.0,100.0,1562400.0,500.0,,,0,0,0,0,0,0,0,0,0,0,0,0,0,0,0,0,0,0,0,0,0,0,0,0,0,0,0,0,0,0,0,0,0,0,0,0,0,0,0,0,71,2026-02-06 02:57:32.807269
SMMR,25.02,25.08,25.09,2226200.0,,1404200.0,6000.0,10000.0,,0,0,0,0,0,0,0,0,0,0,0,0,0,0,0,0,0,0,0,0,0,0,0,0,0,0,0,0,0,0,0,0,0,0,0,0,0,0,0,0,71,2026-02-06 02:57:32.807269
ATMN,25.31,25.25,25.31,1313800.0,,1595200.0,6000.0,,,0,0,0,0,0,0,0,0,0,0,0,0,0,0,0,0,0,0,0,0,0,0,0,0,0,0,0,0,0,0,0,0,0,0,0,0,0,0,0,0,71,2026-02-06 02:57:32.807269
WNTR,25.12,25.12,25.17,1294600.0,4525.0,2112100.0,,,6000.0,0,0,0,0,0,0,0,0,0,0,0,0,0,0,0,0,0,0,0,0,0,0,0,0,0,0,0,0,0,0,0,0,0,0,0,0,0,0,0,0,71,2026-02-06 02:57:32.807269
SPNG,24.83,24.43,24.46,1698400.0,1802500.0,,,,0,0,0,0,0,0,0,0,0,0,0,0,0,0,0,0,0,0,0,0,0,0,0,0,0,0,0,0,0,0,0,0,0,0,0,0,0,0,0,0,0,72,2026-02-06 02:57:33.869213
SMMR,25.12,25.09,25.11,1981400.0,1418500.0,5126.0,6000.0,6000.0,0,0,0,0,0,0,0,0,0,0,0,0,0,0,0,0,0,0,0,0,0,0,0,0,0,0,0,0,0,0,0,0,0,0,0,0,0,0,0,0,0,72,2026-02-06 02:57:33.869213
ATMN,25.64,25.25,25.64,1519700.0,1480400.0,,,,0,0,0,0,0,0,0,0,0,0,0,0,0,0,0,0,0,0,0,0,0,0,0,0,0,0,0,0,0,0,0,0,0,0,0,0,0,0,0,0,0,72,2026-02-06 02:57:33.869213
WNTR,25.01,25.09,25.14,1267700.0,2001500.0,,6000.0,6000.0,0,0,0,0,0,0,0,0,0,0,0,0,0,0,0,0,0,0,0,0,0,0,0,0,0,0,0,0,0,0,0,0,0,0,0,0,0,0,0,0,0,72,2026-02-06 02:57:33.869213
SPNG,25.09,24.69,25.04,1908700.0,6000.0,1690600.0,,,,0,0,0,0,0,0,0,0,0,0,0,0,0,0,0,0,0,0,0,0,0,0,0,0,0,0,0,0,0,0,0,0,0,0,0,0,0,0,0,0,73,2026-02-06 02:57:34.931231
SMMR,25.12,25.1,25.11,1965300.0,,1536400.0,10000.0,9461.0,,0,0,0,0,0,0,0,0,0,0,0,0,0,0,0,0,0,0,0,0,0,0,0,0,0,0,0,0,0,0,0,0,0,0,0,0,0,0,0,0,73,2026-02-06 02:57:34.931231
ATMN,25.46,25.49,25.67,1611200.0,,1475500.0,3757.0,,,0,0,0,0,0,0,0,0,0,0,0,0,0,0,0,0,0,0,0,0,0,0,0,0,0,0,0,0,0,0,0,0,0,0,0,0,0,0,0,0,73,2026-02-06 02:57:34.931231
WNTR,25.18,25.11,25.14,1397000.0,6000.0,1978300.0,9677.0,,6000.0,0,0,0,0,0,0,0,0,0,0,0,0,0,0,0,0,0,0,0,0,0,0,0,0,0,0,0,0,0,0,0,0,0,0,0,0,0,0,0,0,73,2026-02-06 02:57:34.931231
SPNG,24.69,25.04,25.15,2007100.0,6000.0,1562400.0,,,,0,0,0,0,0,0,0,0,0,0,0,0,0,0,0,0,0,0,0,0,0,0,0,0,0,0,0,0,0,0,0,0,0,0,0,0,0,0,0,0,74,2026-02-06 02:57:36.004483
SMMR,25.07,25.07,25.08,2102600.0,6000.0,1750800.0,6000.0,9461.0,,0,0,0,0,0,0,0,0,0,0,0,0,0,0,0,0,0,0,0,0,0,0,0,0,0,0,0,0,0,0,0,0,0,0,0,0,0,0,0,0,74,2026-02-06 02:57:36.004483
ATMN,25.5,25.5,25.52,1611200.0,,1783900.0,6000.0,16050.0,7112.0,0,0,0,0,0,0,0,0,0,0,0,0,0,0,0,0,0,0,0,0,0,0,0,0,0,0,0,0,0,0,0,0,0,0,0,0,0,0,0,0,74,2026-02-06 02:57:36.004483
WNTR,25.1,25.03,25.04,1676000.0,6000.0,1775900.0,,17060.0,323.0,0,0,0,0,0,0,0,0,0,0,0,0,0,0,0,0,0,0,0,0,0,0,0,0,0,0,0,0,0,0,0,0,0,0,0,0,0,0,0,0,74,2026-02-06 02:57:36.004483
SPNG,25.04,25.04,25.12,2007100.0,6000.0,6000.0,1873800.0,,0,0,0,0,0,0,0,0,0,0,0,0,0,0,0,0,0,0,0,0,0,0,0,0,0,0,0,0,0,0,0,0,0,0,0,0,0,0,0,0,0,75,2026-02-06 02:57:37.048476
SMMR,25.07,25.07,25.08,2069900.0,6000.0,6000.0,1969500.0,,0,0,0,0,0,0,0,0,0,0,0,0,0,0,0,0,0,0,0,0,0,0,0,0,0,0,0,0,0,0,0,0,0,0,0,0,0,0,0,0,0,75,2026-02-06 02:57:37.048476
ATMN,25.25,25.4,25.46,1519700.0,6000.0,6000.0,1918200.0,,0,0,0,0,0,0,0,0,0,0,0,0,0,0,0,0,0,0,0,0,0,0,0,0,0,0,0,0,0,0,0,0,0,0,0,0,0,0,0,0,0,75,2026-02-06 02:57:37.048476
WNTR,25.16,25.16,25.17,1769900.0,,,2074000.0,9575.0,0,0,0,0,0,0,0,0,0,0,0,0,0,0,0,0,0,0,0,0,0,0,0,0,0,0,0,0,0,0,0,0,0,0,0,0,0,0,0,0,0,75,2026-02-06 02:57:37.048476
SPNG,24.94,24.85,24.93,100.0,6000.0,2120400.0,7653.0,1826600.0,500.0,0,0,0,0,0,0,0,0,0,0,0,0,0,0,0,0,0,0,0,0,0,0,0,0,0,0,0,0,0,0,0,0,0,0,0,0,0,0,0,0,76,2026-02-06 02:57:38.089979
SMMR,25.08,25.09,25.1,7995.0,6000.0,1965900.0,,2051800.0,6000.0,0,0,0,0,0,0,0,0,0,0,0,0,0,0,0,0,0,0,0,0,0,0,0,0,0,0,0,0,0,0,0,0,0,0,0,0,0,0,0,0,76,2026-02-06 02:57:38.089979
ATMN,25.67,25.4,25.6,100.0,6000.0,1621800.0,10000.0,1903300.0,,0,0,0,0,0,0,0,0,0,0,0,0,0,0,0,0,0,0,0,0,0,0,0,0,0,0,0,0,0,0,0,0,0,0,0,0,0,0,0,0,76,2026-02-06 02:57:38.089979
WNTR,25.15,25.16,25.17,7140.0,6000.0,1812700.0,,2059600.0,,0,0,0,0,0,0,0,0,0,0,0,0,0,0,0,0,0,0,0,0,0,0,0,0,0,0,0,0,0,0,0,0,0,0,0,0,0,0,0,0,76,2026-02-06 02:57:38.089979
SPNG,24.94,24.85,24.93,100.0,6000.0,2122600.0,7653.0,1826600.0,500.0,0,0,0,0,0,0,0,0,0,0,0,0,0,0,0,0,0,0,0,0,0,0,0,0,0,0,0,0,0,0,0,0,0,0,0,0,0,0,0,0,77,2026-02-06 02:57:38.639717
SMMR,25.08,25.09,25.1,7995.0,6000.0,1965900.0,,2051800.0,6000.0,0,0,0,0,0,0,0,0,0,0,0,0,0,0,0,0,0,0,0,0,0,0,0,0,0,0,0,0,0,0,0,0,0,0,0,0,0,0,0,0,77,2026-02-06 02:57:38.639717
ATMN,25.23,25.23,25.57,,,1511000.0,10000.0,1922700.0,,0,0,0,0,0,0,0,0,0,0,0,0,0,0,0,0,0,0,0,0,0,0,0,0,0,0,0,0,0,0,0,0,0,0,0,0,0,0,0,0,77,2026-02-06 02:57:38.639717
WNTR,25.15,25.16,25.17,7140.0,6000.0,1812700.0,,2043800.0,,0,0,0,0,0,0,0,0,0,0,0,0,0,0,0,0,0,0,0,0,0,0,0,0,0,0,0,0,0,0,0,0,0,0,0,0,0,0,0,0,77,2026-02-06 02:57:38.639717
SPNG,24.6,24.6,24.97,2229100.0,6000.0,1753500.0,,,,0,0,0,0,0,0,0,0,0,0,0,0,0,0,0,0,0,0,0,0,0,0,0,0,0,0,0,0,0,0,0,0,0,0,0,0,0,0,0,0,78,2026-02-06 02:57:39.698179
SMMR,25.12,25.09,25.11,1851800.0,500.0,1838900.0,14935.0,6000.0,,0,0,0,0,0,0,0,0,0,0,0,0,0,0,0,0,0,0,0,0,0,0,0,0,0,0,0,0,0,0,0,0,0,0,0,0,0,0,0,0,78,2026-02-06 02:57:39.698179
ATMN,25.23,25.41,25.47,1705100.0,6000.0,1733000.0,,6000.0,10100.0,0,0,0,0,0,0,0,0,0,0,0,0,0,0,0,0,0,0,0,0,0,0,0,0,0,0,0,0,0,0,0,0,0,0,0,0,0,0,0,0,78,2026-02-06 02:57:39.698179
WNTR,25.16,25.16,25.18,1812700.0,,1942000.0,7140.0,6000.0,2209.0,0,0,0,0,0,0,0,0,0,0,0,0,0,0,0,0,0,0,0,0,0,0,0,0,0,0,0,0,0,0,0,0,0,0,0,0,0,0,0,0,78,2026-02-06 02:57:39.698179
SPNG,24.95,24.69,24.9,100.0,2349300.0,1918200.0,100.0,6000.0,,0,0,0,0,0,0,0,0,0,0,0,0,0,0,0,0,0,0,0,0,0,0,0,0,0,0,0,0,0,0,0,0,0,0,0,0,0,0,0,0,79,2026-02-06 02:57:40.789915
SMMR,25.12,25.1,25.12,4618.0,1949200.0,1836400.0,,,6000.0,0,0,0,0,0,0,0,0,0,0,0,0,0,0,0,0,0,0,0,0,0,0,0,0,0,0,0,0,0,0,0,0,0,0,0,0,0,0,0,0,79,2026-02-06 02:57:40.789915
ATMN,25.37,25.37,25.44,,1612100.0,1834800.0,100.0,6000.0,,0,0,0,0,0,0,0,0,0,0,0,0,0,0,0,0,0,0,0,0,0,0,0,0,0,0,0,0,0,0,0,0,0,0,0,0,0,0,0,0,79,2026-02-06 02:57:40.789915
WNTR,25.26,25.16,25.26,7107.0,1902300.0,2042000.0,,,6000.0,0,0,0,0,0,0,0,0,0,0,0,0,0,0,0,0,0,0,0,0,0,0,0,0,0,0,0,0,0,0,0,0,0,0,0,0,0,0,0,0,79,2026-02-06 02:57:40.789915
SPNG,24.95,24.79,24.9,2099500.0,8527.0,1862300.0,1453.0,6000.0,,0,0,0,0,0,0,0,0,0,0,0,0,0,0,0,0,0,0,0,0,0,0,0,0,0,0,0,0,0,0,0,0,0,0,0,0,0,0,0,0,80,2026-02-06 02:57:41.858840
SMMR,25.11,25.11,25.12,1818400.0,11268.0,2042500.0,,,6000.0,0,0,0,0,0,0,0,0,0,0,0,0,0,0,0,0,0,0,0,0,0,0,0,0,0,0,0,0,0,0,0,0,0,0,0,0,0,0,0,0,80,2026-02-06 02:57:41.858840
ATMN,25.49,25.44,25.47,1699500.0,,1958400.0,,6000.0,6000.0,0,0,0,0,0,0,0,0,0,0,0,0,0,0,0,0,0,0,0,0,0,0,0,0,0,0,0,0,0,0,0,0,0,0,0,0,0,0,0,0,80,2026-02-06 02:57:41.858840
WNTR,25.1,25.1,25.16,1791700.0,,1837800.0,2346.0,6000.0,6000.0,0,0,0,0,0,0,0,0,0,0,0,0,0,0,0,0,0,0,0,0,0,0,0,0,0,0,0,0,0,0,0,0,0,0,0,0,0,0,0,0,80,2026-02-06 02:57:41.858840
SPNG,24.9,24.79,24.9,2067400.0,8527.0,1756700.0,1666.0,6000.0,,0,0,0,0,0,0,0,0,0,0,0,0,0,0,0,0,0,0,0,0,0,0,0,0,0,0,0,0,0,0,0,0,0,0,0,0,0,0,0,0,81,2026-02-06 02:57:42.914765
SMMR,25.15,25.11,25.15,1716300.0,20345.0,2165700.0,,,6000.0,0,0,0,0,0,0,0,0,0,0,0,0,0,0,0,0,0,0,0,0,0,0,0,0,0,0,0,0,0,0,0,0,0,0,0,0,0,0,0,0,81,2026-02-06 02:57:42.914765
ATMN,25.37,25.23,25.36,1511000.0,,1954000.0,,6000.0,,0,0,0,0,0,0,0,0,0,0,0,0,0,0,0,0,0,0,0,0,0,0,0,0,0,0,0,0,0,0,0,0,0,0,0,0,0,0,0,0,81,2026-02-06 02:57:42.914765
WNTR,25.03,24.98,25.03,2006900.0,,1750000.0,11630.0,6000.0,,0,0,0,0,0,0,0,0,0,0,0,0,0,0,0,0,0,0,0,0,0,0,0,0,0,0,0,0,0,0,0,0,0,0,0,0,0,0,0,0,81,2026-02-06 02:57:42.914765
SPNG,25.04,25.04,25.09,2126900.0,100.0,2152800.0,,,,0,0,0,0,0,0,0,0,0,0,0,0,0,0,0,0,0,0,0,0,0,0,0,0,0,0,0,0,0,0,0,0,0,0,0,0,0,0,0,0,82,2026-02-06 02:57:43.965160
SMMR,25.02,25.05,25.12,1920200.0,8950.0,2047000.0,6000.0,6659.0,,0,0,0,0,0,0,0,0,0,0,0,0,0,0,0,0,0,0,0,0,0,0,0,0,0,0,0,0,0,0,0,0,0,0,0,0,0,0,0,0,82,2026-02-06 02:57:43.965160
ATMN,25.57,25.45,25.48,1622000.0,10121.0,1918300.0,,,6000.0,0,0,0,0,0,0,0,0,0,0,0,0,0,0,0,0,0,0,0,0,0,0,0,0,0,0,0,0,0,0,0,0,0,0,0,0,0,0,0,0,82,2026-02-06 02:57:43.965160
WNTR,25.25,25.25,25.26,1762400.0,6626.0,1909300.0,6000.0,9154.0,,0,0,0,0,0,0,0,0,0,0,0,0,0,0,0,0,0,0,0,0,0,0,0,0,0,0,0,0,0,0,0,0,0,0,0,0,0,0,0,0,82,2026-02-06 02:57:43.965160
SPNG,24.95,24.83,24.95,100.0,2146100.0,1972400.0,6000.0,100.0,,0,0,0,0,0,0,0,0,0,0,0,0,0,0,0,0,0,0,0,0,0,0,0,0,0,0,0,0,0,0,0,0,0,0,0,0,0,0,0,0,83,2026-02-06 02:57:45.018959
SMMR,25.16,25.08,25.14,18439.0,1820800.0,2041300.0,,2800.0,6000.0,0,0,0,0,0,0,0,0,0,0,0,0,0,0,0,0,0,0,0,0,0,0,0,0,0,0,0,0,0,0,0,0,0,0,0,0,0,0,0,0,83,2026-02-06 02:57:45.018959
ATMN,25.48,25.45,25.48,13998.0,1706900.0,1816500.0,6000.0,100.0,500.0,0,0,0,0,0,0,0,0,0,0,0,0,0,0,0,0,0,0,0,0,0,0,0,0,0,0,0,0,0,0,0,0,0,0,0,0,0,0,0,0,83,2026-02-06 02:57:45.018959
WNTR,25.23,25.23,25.24,549.0,1893200.0,1780600.0,,18241.0,6000.0,0,0,0,0,0,0,0,0,0,0,0,0,0,0,0,0,0,0,0,0,0,0,0,0,0,0,0,0,0,0,0,0,0,0,0,0,0,0,0,0,83,2026-02-06 02:57:45.018959
SPNG,24.95,24.86,24.99,100.0,2146100.0,100.0,2076000.0,,,0,0,0,0,0,0,0,0,0,0,0,0,0,0,0,0,0,0,0,0,0,0,0,0,0,0,0,0,0,0,0,0,0,0,0,0,0,0,0,0,84,2026-02-06 02:57:46.086488
SMMR,25.1,25.02,25.08,,2158900.0,,2202100.0,,,0,0,0,0,0,0,0,0,0,0,0,0,0,0,0,0,0,0,0,0,0,0,0,0,0,0,0,0,0,0,0,0,0,0,0,0,0,0,0,0,84,2026-02-06 02:57:46.086488
ATMN,25.53,25.46,25.5,696.0,1812100.0,100.0,1963800.0,,,0,0,0,0,0,0,0,0,0,0,0,0,0,0,0,0,0,0,0,0,0,0,0,0,0,0,0,0,0,0,0,0,0,0,0,0,0,0,0,0,84,2026-02-06 02:57:46.086488
WNTR,25.02,25.12,25.16,,2011800.0,5407.0,1780600.0,6000.0,6000.0,0,0,0,0,0,0,0,0,0,0,0,0,0,0,0,0,0,0,0,0,0,0,0,0,0,0,0,0,0,0,0,0,0,0,0,0,0,0,0,0,84,2026-02-06 02:57:46.086488
SPNG,24.85,24.83,24.85,8350.0,2138400.0,1978100.0,6000.0,100.0,,0,0,0,0,0,0,0,0,0,0,0,0,0,0,0,0,0,0,0,0,0,0,0,0,0,0,0,0,0,0,0,0,0,0,0,0,0,0,0,0,85,2026-02-06 02:57:47.137676
SMMR,25.05,25.03,25.05,9389.0,2032500.0,2110100.0,,2900.0,,0,0,0,0,0,0,0,0,0,0,0,0,0,0,0,0,0,0,0,0,0,0,0,0,0,0,0,0,0,0,0,0,0,0,0,0,0,0,0,0,85,2026-02-06 02:57:47.137676
ATMN,25.53,25.46,25.48,9244.0,1812100.0,1799700.0,6000.0,8648.0,6000.0,0,0,0,0,0,0,0,0,0,0,0,0,0,0,0,0,0,0,0,0,0,0,0,0,0,0,0,0,0,0,0,0,0,0,0,0,0,0,0,0,85,2026-02-06 02:57:47.137676
WNTR,25.09,25.09,25.19,549.0,1991200.0,1880200.0,,5407.0,,0,0,0,0,0,0,0,0,0,0,0,0,0,0,0,0,0,0,0,0,0,0,0,0,0,0,0,0,0,0,0,0,0,0,0,0,0,0,0,0,85,2026-02-06 02:57:47.137676
SPNG,25.09,24.93,25.09,2142700.0,8350.0,2161200.0,,,0,0,0,0,0,0,0,0,0,0,0,0,0,0,0,0,0,0,0,0,0,0,0,0,0,0,0,0,0,0,0,0,0,0,0,0,0,0,0,0,0,86,2026-02-06 02:57:47.671696
SMMR,25.05,25.03,25.05,2001600.0,9389.0,2001800.0,2900.0,6000.0,0,0,0,0,0,0,0,0,0,0,0,0,0,0,0,0,0,0,0,0,0,0,0,0,0,0,0,0,0,0,0,0,0,0,0,0,0,0,0,0,0,86,2026-02-06 02:57:47.671696
ATMN,25.5,25.3,25.5,1701100.0,,2002100.0,100.0,,0,0,0,0,0,0,0,0,0,0,0,0,0,0,0,0,0,0,0,0,0,0,0,0,0,0,0,0,0,0,0,0,0,0,0,0,0,0,0,0,0,86,2026-02-06 02:57:47.671696
WNTR,25.23,25.23,25.24,2019400.0,549.0,1988800.0,,,0,0,0,0,0,0,0,0,0,0,0,0,0,0,0,0,0,0,0,0,0,0,0,0,0,0,0,0,0,0,0,0,0,0,0,0,0,0,0,0,0,86,2026-02-06 02:57:47.671696
SPNG,24.79,24.95,25.09,6000.0,2142400.0,2123100.0,,0,0,0,0,0,0,0,0,0,0,0,0,0,0,0,0,0,0,0,0,0,0,0,0,0,0,0,0,0,0,0,0,0,0,0,0,0,0,0,0,0,0,87,2026-02-06 02:57:48.718633
SMMR,25.16,25.04,25.16,,1911400.0,2151500.0,19389.0,0,0,0,0,0,0,0,0,0,0,0,0,0,0,0,0,0,0,0,0,0,0,0,0,0,0,0,0,0,0,0,0,0,0,0,0,0,0,0,0,0,0,87,2026-02-06 02:57:48.718633
ATMN,25.57,25.3,25.57,,1804800.0,2065200.0,,0,0,0,0,0,0,0,0,0,0,0,0,0,0,0,0,0,0,0,0,0,0,0,0,0,0,0,0,0,0,0,0,0,0,0,0,0,0,0,0,0,0,87,2026-02-06 02:57:48.718633
WNTR,25.27,25.27,25.28,,2030700.0,2046500.0,549.0,0,0,0,0,0,0,0,0,0,0,0,0,0,0,0,0,0,0,0,0,0,0,0,0,0,0,0,0,0,0,0,0,0,0,0,0,0,0,0,0,0,0,87,2026-02-06 02:57:48.718633
SPNG,24.67,24.67,25.09,2352100.0,2161000.0,,,,0,0,0,0,0,0,0,0,0,0,0,0,0,0,0,0,0,0,0,0,0,0,0,0,0,0,0,0,0,0,0,0,0,0,0,0,0,0,0,0,0,88,2026-02-06 02:57:49.762699
SMMR,25.16,25.1,25.16,1873000.0,2152500.0,6611.0,6000.0,,0,0,0,0,0,0,0,0,0,0,0,0,0,0,0,0,0,0,0,0,0,0,0,0,0,0,0,0,0,0,0,0,0,0,0,0,0,0,0,0,0,88,2026-02-06 02:57:49.762699
ATMN,25.62,25.46,25.62,1920000.0,2051500.0,8408.0,6000.0,,0,0,0,0,0,0,0,0,0,0,0,0,0,0,0,0,0,0,0,0,0,0,0,0,0,0,0,0,0,0,0,0,0,0,0,0,0,0,0,0,0,88,2026-02-06 02:57:49.762699
WNTR,25.27,25.27,25.28,2042400.0,1937300.0,,6000.0,2959.0,0,0,0,0,0,0,0,0,0,0,0,0,0,0,0,0,0,0,0,0,0,0,0,0,0,0,0,0,0,0,0,0,0,0,0,0,0,0,0,0,0,88,2026-02-06 02:57:49.762699
SPNG,25.26,24.95,25.03,6000.0,2056800.0,5000.0,500.0,2042600.0,,0,0,0,0,0,0,0,0,0,0,0,0,0,0,0,0,0,0,0,0,0,0,0,0,0,0,0,0,0,0,0,0,0,0,0,0,0,0,0,0,89,2026-02-06 02:57:50.808329
SMMR,25.1,25.1,25.12,6000.0,1873000.0,6611.0,500.0,2096600.0,,0,0,0,0,0,0,0,0,0,0,0,0,0,0,0,0,0,0,0,0,0,0,0,0,0,0,0,0,0,0,0,0,0,0,0,0,0,0,0,0,89,2026-02-06 02:57:50.808329
ATMN,25.4,25.42,25.62,6000.0,1920000.0,8408.0,,2047100.0,,0,0,0,0,0,0,0,0,0,0,0,0,0,0,0,0,0,0,0,0,0,0,0,0,0,0,0,0,0,0,0,0,0,0,0,0,0,0,0,0,89,2026-02-06 02:57:50.808329
WNTR,25.28,25.27,25.28,6000.0,2035600.0,,,1816400.0,7976.0,0,0,0,0,0,0,0,0,0,0,0,0,0,0,0,0,0,0,0,0,0,0,0,0,0,0,0,0,0,0,0,0,0,0,0,0,0,0,0,0,89,2026-02-06 02:57:50.808329
SPNG,24.67,24.67,25.14,2204700.0,5000.0,2148700.0,,,0,0,0,0,0,0,0,0,0,0,0,0,0,0,0,0,0,0,0,0,0,0,0,0,0,0,0,0,0,0,0,0,0,0,0,0,0,0,0,0,0,90,2026-02-06 02:57:51.844131
SMMR,25.18,25.1,25.18,1770900.0,6711.0,2188000.0,6000.0,,0,0,0,0,0,0,0,0,0,0,0,0,0,0,0,0,0,0,0,0,0,0,0,0,0,0,0,0,0,0,0,0,0,0,0,0,0,0,0,0,0,90,2026-02-06 02:57:51.844131
ATMN,25.63,25.53,25.63,1759800.0,16000.0,2034100.0,6000.0,,0,0,0,0,0,0,0,0,0,0,0,0,0,0,0,0,0,0,0,0,0,0,0,0,0,0,0,0,0,0,0,0,0,0,0,0,0,0,0,0,0,90,2026-02-06 02:57:51.844131
WNTR,25.25,25.25,25.28,2071800.0,,1694000.0,6000.0,12792.0,0,0,0,0,0,0,0,0,0,0,0,0,0,0,0,0,0,0,0,0,0,0,0,0,0,0,0,0,0,0,0,0,0,0,0,0,0,0,0,0,0,90,2026-02-06 02:57:51.844131
SPNG,24.73,24.71,24.73,1556.0,2142600.0,2064800.0,6000.0,,,0,0,0,0,0,0,0,0,0,0,0,0,0,0,0,0,0,0,0,0,0,0,0,0,0,0,0,0,0,0,0,0,0,0,0,0,0,0,0,0,91,2026-02-06 02:57:52.899098
SMMR,25.14,25.14,25.18,,2007700.0,2061800.0,,6000.0,3660.0,0,0,0,0,0,0,0,0,0,0,0,0,0,0,0,0,0,0,0,0,0,0,0,0,0,0,0,0,0,0,0,0,0,0,0,0,0,0,0,0,91,2026-02-06 02:57:52.899098
ATMN,25.23,25.23,25.67,,1952700.0,1943600.0,,,1738.0,0,0,0,0,0,0,0,0,0,0,0,0,0,0,0,0,0,0,0,0,0,0,0,0,0,0,0,0,0,0,0,0,0,0,0,0,0,0,0,0,91,2026-02-06 02:57:52.899098
WNTR,25.28,25.19,25.24,7303.0,1931300.0,1890400.0,,6000.0,8488.0,0,0,0,0,0,0,0,0,0,0,0,0,0,0,0,0,0,0,0,0,0,0,0,0,0,0,0,0,0,0,0,0,0,0,0,0,0,0,0,0,91,2026-02-06 02:57:52.899098
SPNG,24.73,24.73,25.26,2054600.0,4315.0,2167300.0,,,,0,0,0,0,0,0,0,0,0,0,0,0,0,0,0,0,0,0,0,0,0,0,0,0,0,0,0,0,0,0,0,0,0,0,0,0,0,0,0,0,92,2026-02-06 02:57:53.942587
SMMR,25.17,25.07,25.12,1911400.0,8218.0,1886600.0,6000.0,11878.0,6000.0,0,0,0,0,0,0,0,0,0,0,0,0,0,0,0,0,0,0,0,0,0,0,0,0,0,0,0,0,0,0,0,0,0,0,0,0,0,0,0,0,92,2026-02-06 02:57:53.942587
ATMN,25.52,25.59,25.67,2005200.0,,1943600.0,6000.0,1738.0,,0,0,0,0,0,0,0,0,0,0,0,0,0,0,0,0,0,0,0,0,0,0,0,0,0,0,0,0,0,0,0,0,0,0,0,0,0,0,0,0,92,2026-02-06 02:57:53.942587
WNTR,25.32,25.22,25.29,1930600.0,15709.0,1895400.0,,8406.0,,0,0,0,0,0,0,0,0,0,0,0,0,0,0,0,0,0,0,0,0,0,0,0,0,0,0,0,0,0,0,0,0,0,0,0,0,0,0,0,0,92,2026-02-06 02:57:53.942587
SPNG,24.73,24.95,24.97,6000.0,2160600.0,2094100.0,6000.0,,,0,0,0,0,0,0,0,0,0,0,0,0,0,0,0,0,0,0,0,0,0,0,0,0,0,0,0,0,0,0,0,0,0,0,0,0,0,0,0,0,93,2026-02-06 02:57:54.979034
SMMR,25.0,25.05,25.06,,2032600.0,2007600.0,6000.0,1312.0,8137.0,0,0,0,0,0,0,0,0,0,0,0,0,0,0,0,0,0,0,0,0,0,0,0,0,0,0,0,0,0,0,0,0,0,0,0,0,0,0,0,0,93,2026-02-06 02:57:54.979034
ATMN,25.59,25.59,25.67,6000.0,1993700.0,2060500.0,,,,0,0,0,0,0,0,0,0,0,0,0,0,0,0,0,0,0,0,0,0,0,0,0,0,0,0,0,0,0,0,0,0,0,0,0,0,0,0,0,0,93,2026-02-06 02:57:54.979034
WNTR,25.32,25.26,25.28,6000.0,2023200.0,1871900.0,,,901.0,0,0,0,0,0,0,0,0,0,0,0,0,0,0,0,0,0,0,0,0,0,0,0,0,0,0,0,0,0,0,0,0,0,0,0,0,0,0,0,0,93,2026-02-06 02:57:54.979034
SPNG,24.83,24.8,24.83,2304300.0,2004200.0,6000.0,100.0,,0,0,0,0,0,0,0,0,0,0,0,0,0,0,0,0,0,0,0,0,0,0,0,0,0,0,0,0,0,0,0,0,0,0,0,0,0,0,0,0,0,94,2026-02-06 02:57:56.019507
SMMR,24.99,25.05,25.06,2023300.0,2103700.0,,8055.0,8055.0,0,0,0,0,0,0,0,0,0,0,0,0,0,0,0,0,0,0,0,0,0,0,0,0,0,0,0,0,0,0,0,0,0,0,0,0,0,0,0,0,0,94,2026-02-06 02:57:56.019507
ATMN,25.59,25.59,25.66,2119800.0,1984900.0,,100.0,,0,0,0,0,0,0,0,0,0,0,0,0,0,0,0,0,0,0,0,0,0,0,0,0,0,0,0,0,0,0,0,0,0,0,0,0,0,0,0,0,0,94,2026-02-06 02:57:56.019507
WNTR,25.32,25.19,25.32,2024500.0,1973500.0,,,8238.0,0,0,0,0,0,0,0,0,0,0,0,0,0,0,0,0,0,0,0,0,0,0,0,0,0,0,0,0,0,0,0,0,0,0,0,0,0,0,0,0,0,94,2026-02-06 02:57:56.019507
SPNG,25.01,24.87,25.01,2214300.0,7689.0,2191600.0,,,,0,0,0,0,0,0,0,0,0,0,0,0,0,0,0,0,0,0,0,0,0,0,0,0,0,0,0,0,0,0,0,0,0,0,0,0,0,0,0,0,95,2026-02-06 02:57:57.059734
SMMR,24.99,25.05,25.06,1814800.0,12073.0,1920800.0,500.0,9523.0,6000.0,0,0,0,0,0,0,0,0,0,0,0,0,0,0,0,0,0,0,0,0,0,0,0,0,0,0,0,0,0,0,0,0,0,0,0,0,0,0,0,0,95,2026-02-06 02:57:57.059734
ATMN,25.59,25.64,25.65,1878100.0,7872.0,1746800.0,6000.0,6104.0,,0,0,0,0,0,0,0,0,0,0,0,0,0,0,0,0,0,0,0,0,0,0,0,0,0,0,0,0,0,0,0,0,0,0,0,0,0,0,0,0,95,2026-02-06 02:57:57.059734
WNTR,25.17,25.16,25.17,2006100.0,,1973400.0,6000.0,,,0,0,0,0,0,0,0,0,0,0,0,0,0,0,0,0,0,0,0,0,0,0,0,0,0,0,0,0,0,0,0,0,0,0,0,0,0,0,0,0,95,2026-02-06 02:57:57.059734
SPNG,24.87,24.87,24.97,2305900.0,6000.0,2106400.0,,,,0,0,0,0,0,0,0,0,0,0,0,0,0,0,0,0,0,0,0,0,0,0,0,0,0,0,0,0,0,0,0,0,0,0,0,0,0,0,0,0,96,2026-02-06 02:57:58.101277
SMMR,25.19,25.11,25.15,1913600.0,6000.0,1948300.0,8321.0,6000.0,4404.0,0,0,0,0,0,0,0,0,0,0,0,0,0,0,0,0,0,0,0,0,0,0,0,0,0,0,0,0,0,0,0,0,0,0,0,0,0,0,0,0,96,2026-02-06 02:57:58.101277
ATMN,25.59,25.59,25.67,1993700.0,,2054300.0,,6000.0,,0,0,0,0,0,0,0,0,0,0,0,0,0,0,0,0,0,0,0,0,0,0,0,0,0,0,0,0,0,0,0,0,0,0,0,0,0,0,0,0,96,2026-02-06 02:57:58.101277
WNTR,25.19,25.17,25.18,1883300.0,6000.0,1764800.0,8065.0,6000.0,8065.0,0,0,0,0,0,0,0,0,0,0,0,0,0,0,0,0,0,0,0,0,0,0,0,0,0,0,0,0,0,0,0,0,0,0,0,0,0,0,0,0,96,2026-02-06 02:57:58.101277
SPNG,25.17,24.8,25.17,2304300.0,2241400.0,,,,,0,0,0,0,0,0,0,0,0,0,0,0,0,0,0,0,0,0,0,0,0,0,0,0,0,0,0,0,0,0,0,0,0,0,0,0,0,0,0,0,97,2026-02-06 02:57:59.142576
SMMR,25.19,25.13,25.16,1812700.0,1920600.0,16612.0,6000.0,6000.0,4404.0,0,0,0,0,0,0,0,0,0,0,0,0,0,0,0,0,0,0,0,0,0,0,0,0,0,0,0,0,0,0,0,0,0,0,0,0,0,0,0,0,97,2026-02-06 02:57:59.142576
ATMN,25.45,25.46,25.63,1972300.0,1831900.0,7622.0,,,9548.0,0,0,0,0,0,0,0,0,0,0,0,0,0,0,0,0,0,0,0,0,0,0,0,0,0,0,0,0,0,0,0,0,0,0,0,0,0,0,0,0,97,2026-02-06 02:57:59.142576
WNTR,25.18,25.15,25.17,1965700.0,1665200.0,7977.0,,6000.0,16042.0,0,0,0,0,0,0,0,0,0,0,0,0,0,0,0,0,0,0,0,0,0,0,0,0,0,0,0,0,0,0,0,0,0,0,0,0,0,0,0,0,97,2026-02-06 02:57:59.142576
SPNG,25.19,25.19,25.26,2188200.0,6000.0,2221100.0,,,,0,0,0,0,0,0,0,0,0,0,0,0,0,0,0,0,0,0,0,0,0,0,0,0,0,0,0,0,0,0,0,0,0,0,0,0,0,0,0,0,98,2026-02-06 02:58:00.183519
SMMR,25.19,25.14,25.15,1954900.0,6000.0,1819800.0,4984.0,12367.0,6000.0,0,0,0,0,0,0,0,0,0,0,0,0,0,0,0,0,0,0,0,0,0,0,0,0,0,0,0,0,0,0,0,0,0,0,0,0,0,0,0,0,98,2026-02-06 02:58:00.183519
ATMN,25.46,25.65,25.67,1733200.0,6000.0,1922300.0,13274.0,7536.0,,0,0,0,0,0,0,0,0,0,0,0,0,0,0,0,0,0,0,0,0,0,0,0,0,0,0,0,0,0,0,0,0,0,0,0,0,0,0,0,0,98,2026-02-06 02:58:00.183519
WNTR,25.28,25.28,25.32,1776200.0,500.0,1855400.0,17357.0,1331.0,,0,0,0,0,0,0,0,0,0,0,0,0,0,0,0,0,0,0,0,0,0,0,0,0,0,0,0,0,0,0,0,0,0,0,0,0,0,0,0,0,98,2026-02-06 02:58:00.183519
SPNG,24.71,24.83,24.94,6000.0,2182000.0,1840.0,6000.0,1980600.0,,0,0,0,0,0,0,0,0,0,0,0,0,0,0,0,0,0,0,0,0,0,0,0,0,0,0,0,0,0,0,0,0,0,0,0,0,0,0,0,0,99,2026-02-06 02:58:00.730285
SMMR,25.12,25.12,25.15,6000.0,1936300.0,12367.0,6000.0,1814300.0,4984.0,0,0,0,0,0,0,0,0,0,0,0,0,0,0,0,0,0,0,0,0,0,0,0,0,0,0,0,0,0,0,0,0,0,0,0,0,0,0,0,0,99,2026-02-06 02:58:00.730285
ATMN,25.65,25.48,25.58,6000.0,1850800.0,7536.0,6000.0,1840600.0,7622.0,0,0,0,0,0,0,0,0,0,0,0,0,0,0,0,0,0,0,0,0,0,0,0,0,0,0,0,0,0,0,0,0,0,0,0,0,0,0,0,0,99,2026-02-06 02:58:00.730285
WNTR,25.28,25.25,25.28,6000.0,1776200.0,1331.0,6000.0,1777000.0,7977.0,0,0,0,0,0,0,0,0,0,0,0,0,0,0,0,0,0,0,0,0,0,0,0,0,0,0,0,0,0,0,0,0,0,0,0,0,0,0,0,0,99,2026-02-06 02:58:00.730285
SPNG,24.84,24.83,24.84,6000.0,2182000.0,1970200.0,100.0,6000.0,,0,0,0,0,0,0,0,0,0,0,0,0,0,0,0,0,0,0,0,0,0,0,0,0,0,0,0,0,0,0,0,0,0,0,0,0,0,0,0,0,100,2026-02-06 02:58:01.795006
SMMR,25.07,25.07,25.2,6000.0,2027700.0,2136200.0,,,,0,0,0,0,0,0,0,0,0,0,0,0,0,0,0,0,0,0,0,0,0,0,0,0,0,0,0,0,0,0,0,0,0,0,0,0,0,0,0,0,100,2026-02-06 02:58:01.795006
ATMN,25.65,25.56,25.57,6000.0,1878300.0,1840600.0,6613.0,348.0,100.0,0,0,0,0,0,0,0,0,0,0,0,0,0,0,0,0,0,0,0,0,0,0,0,0,0,0,0,0,0,0,0,0,0,0,0,0,0,0,0,0,100,2026-02-06 02:58:01.795006
WNTR,25.28,25.19,25.27,500.0,1987100.0,1872100.0,,6000.0,,0,0,0,0,0,0,0,0,0,0,0,0,0,0,0,0,0,0,0,0,0,0,0,0,0,0,0,0,0,0,0,0,0,0,0,0,0,0,0,0,100,2026-02-06 02:58:01.795006
SPNG,25.1,24.83,24.84,5391.0,2182000.0,100.0,2094700.0,0,0,0,0,0,0,0,0,0,0,0,0,0,0,0,0,0,0,0,0,0,0,0,0,0,0,0,0,0,0,0,0,0,0,0,0,0,0,0,0,0,0,101,2026-02-06 02:58:02.861057
SMMR,25.07,25.09,25.11,7531.0,2027700.0,7531.0,2032600.0,0,0,0,0,0,0,0,0,0,0,0,0,0,0,0,0,0,0,0,0,0,0,0,0,0,0,0,0,0,0,0,0,0,0,0,0,0,0,0,0,0,0,101,2026-02-06 02:58:02.861057
ATMN,25.47,25.47,25.57,,2108300.0,13973.0,1876300.0,0,0,0,0,0,0,0,0,0,0,0,0,0,0,0,0,0,0,0,0,0,0,0,0,0,0,0,0,0,0,0,0,0,0,0,0,0,0,0,0,0,0,101,2026-02-06 02:58:02.861057
WNTR,25.09,25.09,25.15,1214.0,2011500.0,16559.0,1811800.0,0,0,0,0,0,0,0,0,0,0,0,0,0,0,0,0,0,0,0,0,0,0,0,0,0,0,0,0,0,0,0,0,0,0,0,0,0,0,0,0,0,0,101,2026-02-06 02:58:02.861057
SPNG,24.86,24.83,24.86,6000.0,2159200.0,2094100.0,500.0,,0,0,0,0,0,0,0,0,0,0,0,0,0,0,0,0,0,0,0,0,0,0,0,0,0,0,0,0,0,0,0,0,0,0,0,0,0,0,0,0,0,102,2026-02-06 02:58:03.965543
SMMR,25.07,24.99,25.07,,2147400.0,2158800.0,,,0,0,0,0,0,0,0,0,0,0,0,0,0,0,0,0,0,0,0,0,0,0,0,0,0,0,0,0,0,0,0,0,0,0,0,0,0,0,0,0,0,102,2026-02-06 02:58:03.965543
ATMN,25.68,25.48,25.68,6000.0,2002100.0,2031600.0,,,0,0,0,0,0,0,0,0,0,0,0,0,0,0,0,0,0,0,0,0,0,0,0,0,0,0,0,0,0,0,0,0,0,0,0,0,0,0,0,0,0,102,2026-02-06 02:58:03.965543
WNTR,25.16,25.16,25.24,,2020400.0,1894000.0,6000.0,7514.0,0,0,0,0,0,0,0,0,0,0,0,0,0,0,0,0,0,0,0,0,0,0,0,0,0,0,0,0,0,0,0,0,0,0,0,0,0,0,0,0,0,102,2026-02-06 02:58:03.965543
SPNG,25.05,24.84,24.9,6000.0,3506.0,2052300.0,2190400.0,,0,0,0,0,0,0,0,0,0,0,0,0,0,0,0,0,0,0,0,0,0,0,0,0,0,0,0,0,0,0,0,0,0,0,0,0,0,0,0,0,0,103,2026-02-06 02:58:05.035002
SMMR,24.99,24.99,25.02,,,2152600.0,1986900.0,17347.0,0,0,0,0,0,0,0,0,0,0,0,0,0,0,0,0,0,0,0,0,0,0,0,0,0,0,0,0,0,0,0,0,0,0,0,0,0,0,0,0,0,103,2026-02-06 02:58:05.035002
ATMN,25.69,25.5,25.69,6000.0,7180.0,1882000.0,2070800.0,,0,0,0,0,0,0,0,0,0,0,0,0,0,0,0,0,0,0,0,0,0,0,0,0,0,0,0,0,0,0,0,0,0,0,0,0,0,0,0,0,0,103,2026-02-06 02:58:05.035002
WNTR,25.06,25.19,25.3,,7418.0,2016600.0,1874900.0,7418.0,0,0,0,0,0,0,0,0,0,0,0,0,0,0,0,0,0,0,0,0,0,0,0,0,0,0,0,0,0,0,0,0,0,0,0,0,0,0,0,0,0,103,2026-02-06 02:58:05.035002
SPNG,25.1,24.85,25.0,2180500.0,3506.0,2162800.0,,,,0,0,0,0,0,0,0,0,0,0,0,0,0,0,0,0,0,0,0,0,0,0,0,0,0,0,0,0,0,0,0,0,0,0,0,0,0,0,0,0,104,2026-02-06 02:58:06.152305
SMMR,25.1,25.1,25.11,1970900.0,7157.0,1966500.0,6000.0,7157.0,6000.0,0,0,0,0,0,0,0,0,0,0,0,0,0,0,0,0,0,0,0,0,0,0,0,0,0,0,0,0,0,0,0,0,0,0,0,0,0,0,0,0,104,2026-02-06 02:58:06.152305
ATMN,25.7,25.69,25.7,1891500.0,7280.0,1969500.0,,2726.0,,0,0,0,0,0,0,0,0,0,0,0,0,0,0,0,0,0,0,0,0,0,0,0,0,0,0,0,0,0,0,0,0,0,0,0,0,0,0,0,0,104,2026-02-06 02:58:06.152305
WNTR,25.06,25.06,25.14,2027400.0,3365.0,1757200.0,,7418.0,6000.0,0,0,0,0,0,0,0,0,0,0,0,0,0,0,0,0,0,0,0,0,0,0,0,0,0,0,0,0,0,0,0,0,0,0,0,0,0,0,0,0,104,2026-02-06 02:58:06.152305
SPNG,24.89,24.92,25.0,2119300.0,100.0,6000.0,2189300.0,,,0,0,0,0,0,0,0,0,0,0,0,0,0,0,0,0,0,0,0,0,0,0,0,0,0,0,0,0,0,0,0,0,0,0,0,0,0,0,0,0,105,2026-02-06 02:58:07.216389
SMMR,24.98,25.04,25.06,1939500.0,7061.0,500.0,1966700.0,7061.0,6000.0,0,0,0,0,0,0,0,0,0,0,0,0,0,0,0,0,0,0,0,0,0,0,0,0,0,0,0,0,0,0,0,0,0,0,0,0,0,0,0,0,105,2026-02-06 02:58:07.216389
ATMN,25.62,25.62,25.77,1982000.0,,6000.0,2040000.0,,,0,0,0,0,0,0,0,0,0,0,0,0,0,0,0,0,0,0,0,0,0,0,0,0,0,0,0,0,0,0,0,0,0,0,0,0,0,0,0,0,105,2026-02-06 02:58:07.216389
WNTR,25.01,25.04,25.31,2013500.0,7222.0,,1874900.0,3611.0,,0,0,0,0,0,0,0,0,0,0,0,0,0,0,0,0,0,0,0,0,0,0,0,0,0,0,0,0,0,0,0,0,0,0,0,0,0,0,0,0,105,2026-02-06 02:58:07.216389
SPNG,25.1,24.92,25.1,2098900.0,100.0,6000.0,2189800.0,,,0,0,0,0,0,0,0,0,0,0,0,0,0,0,0,0,0,0,0,0,0,0,0,0,0,0,0,0,0,0,0,0,0,0,0,0,0,0,0,0,106,2026-02-06 02:58:07.787906
SMMR,24.98,25.03,25.06,2026800.0,,500.0,1966500.0,7061.0,6000.0,0,0,0,0,0,0,0,0,0,0,0,0,0,0,0,0,0,0,0,0,0,0,0,0,0,0,0,0,0,0,0,0,0,0,0,0,0,0,0,0,106,2026-02-06 02:58:07.787906
ATMN,25.62,25.61,25.64,1982000.0,,6000.0,1960900.0,,630.0,0,0,0,0,0,0,0,0,0,0,0,0,0,0,0,0,0,0,0,0,0,0,0,0,0,0,0,0,0,0,0,0,0,0,0,0,0,0,0,0,106,2026-02-06 02:58:07.787906
WNTR,25.01,25.1,25.28,1999100.0,7222.0,,1753800.0,3611.0,6000.0,0,0,0,0,0,0,0,0,0,0,0,0,0,0,0,0,0,0,0,0,0,0,0,0,0,0,0,0,0,0,0,0,0,0,0,0,0,0,0,0,106,2026-02-06 02:58:07.787906
SPNG,24.62,24.62,24.99,2290400.0,2087700.0,100.0,,,,0,0,0,0,0,0,0,0,0,0,0,0,0,0,0,0,0,0,0,0,0,0,0,0,0,0,0,0,0,0,0,0,0,0,0,0,0,0,0,0,107,2026-02-06 02:58:08.850070
SMMR,24.98,25.02,25.04,2026800.0,1866000.0,15750.0,2157.0,6000.0,,0,0,0,0,0,0,0,0,0,0,0,0,0,0,0,0,0,0,0,0,0,0,0,0,0,0,0,0,0,0,0,0,0,0,0,0,0,0,0,0,107,2026-02-06 02:58:08.850070
ATMN,25.81,25.63,25.81,1869900.0,2021100.0,,7586.0,,6000.0,0,0,0,0,0,0,0,0,0,0,0,0,0,0,0,0,0,0,0,0,0,0,0,0,0,0,0,0,0,0,0,0,0,0,0,0,0,0,0,0,107,2026-02-06 02:58:08.850070
WNTR,25.11,25.12,25.26,1971000.0,1664600.0,10338.0,7222.0,6000.0,,0,0,0,0,0,0,0,0,0,0,0,0,0,0,0,0,0,0,0,0,0,0,0,0,0,0,0,0,0,0,0,0,0,0,0,0,0,0,0,0,107,2026-02-06 02:58:08.850070
SPNG,24.99,24.86,24.99,6000.0,2071100.0,100.0,2104600.0,100.0,,0,0,0,0,0,0,0,0,0,0,0,0,0,0,0,0,0,0,0,0,0,0,0,0,0,0,0,0,0,0,0,0,0,0,0,0,0,0,0,0,108,2026-02-06 02:58:09.946491
SMMR,24.98,25.02,25.03,,1963500.0,3129.0,1717100.0,22871.0,6000.0,0,0,0,0,0,0,0,0,0,0,0,0,0,0,0,0,0,0,0,0,0,0,0,0,0,0,0,0,0,0,0,0,0,0,0,0,0,0,0,0,108,2026-02-06 02:58:09.946491
ATMN,25.81,25.68,25.76,6000.0,1817400.0,7686.0,1939400.0,261.0,,0,0,0,0,0,0,0,0,0,0,0,0,0,0,0,0,0,0,0,0,0,0,0,0,0,0,0,0,0,0,0,0,0,0,0,0,0,0,0,0,108,2026-02-06 02:58:09.946491
WNTR,25.1,25.14,25.22,,1874500.0,8540.0,1549900.0,15603.0,6000.0,0,0,0,0,0,0,0,0,0,0,0,0,0,0,0,0,0,0,0,0,0,0,0,0,0,0,0,0,0,0,0,0,0,0,0,0,0,0,0,0,108,2026-02-06 02:58:09.946491
SPNG,25.07,24.91,25.07,2175200.0,100.0,2163700.0,,0,0,0,0,0,0,0,0,0,0,0,0,0,0,0,0,0,0,0,0,0,0,0,0,0,0,0,0,0,0,0,0,0,0,0,0,0,0,0,0,0,0,109,2026-02-06 02:58:11.070288
SMMR,24.99,24.99,25.01,2076300.0,1586.0,2055000.0,8612.0,0,0,0,0,0,0,0,0,0,0,0,0,0,0,0,0,0,0,0,0,0,0,0,0,0,0,0,0,0,0,0,0,0,0,0,0,0,0,0,0,0,0,109,2026-02-06 02:58:11.070288
ATMN,25.82,25.75,25.82,1943200.0,9370.0,2010600.0,,0,0,0,0,0,0,0,0,0,0,0,0,0,0,0,0,0,0,0,0,0,0,0,0,0,0,0,0,0,0,0,0,0,0,0,0,0,0,0,0,0,0,109,2026-02-06 02:58:11.070288
WNTR,25.1,25.1,25.12,1999100.0,6816.0,1859300.0,6816.0,0,0,0,0,0,0,0,0,0,0,0,0,0,0,0,0,0,0,0,0,0,0,0,0,0,0,0,0,0,0,0,0,0,0,0,0,0,0,0,0,0,0,109,2026-02-06 02:58:11.070288
SPNG,25.21,24.91,25.21,2080100.0,1676.0,2187600.0,,,,0,0,0,0,0,0,0,0,0,0,0,0,0,0,0,0,0,0,0,0,0,0,0,0,0,0,0,0,0,0,0,0,0,0,0,0,0,0,0,0,110,2026-02-06 02:58:12.138450
SMMR,24.97,24.97,24.99,2049200.0,740.0,1817700.0,18053.0,6000.0,,0,0,0,0,0,0,0,0,0,0,0,0,0,0,0,0,0,0,0,0,0,0,0,0,0,0,0,0,0,0,0,0,0,0,0,0,0,0,0,0,110,2026-02-06 02:58:12.138450
ATMN,25.82,25.78,25.82,1707700.0,16307.0,1816800.0,1524.0,,6000.0,0,0,0,0,0,0,0,0,0,0,0,0,0,0,0,0,0,0,0,0,0,0,0,0,0,0,0,0,0,0,0,0,0,0,0,0,0,0,0,0,110,2026-02-06 02:58:12.138450
WNTR,25.01,25.11,25.12,2002600.0,100.0,1780100.0,6816.0,6000.0,,0,0,0,0,0,0,0,0,0,0,0,0,0,0,0,0,0,0,0,0,0,0,0,0,0,0,0,0,0,0,0,0,0,0,0,0,0,0,0,0,110,2026-02-06 02:58:12.138450
SPNG,25.21,24.91,24.99,2175200.0,6000.0,2202000.0,,,0,0,0,0,0,0,0,0,0,0,0,0,0,0,0,0,0,0,0,0,0,0,0,0,0,0,0,0,0,0,0,0,0,0,0,0,0,0,0,0,0,111,2026-02-06 02:58:13.185229
SMMR,24.96,24.96,25.09,2126100.0,,2064300.0,4971.0,,0,0,0,0,0,0,0,0,0,0,0,0,0,0,0,0,0,0,0,0,0,0,0,0,0,0,0,0,0,0,0,0,0,0,0,0,0,0,0,0,0,111,2026-02-06 02:58:13.185229
ATMN,25.62,25.63,25.7,2060100.0,,1908700.0,6924.0,3873.0,0,0,0,0,0,0,0,0,0,0,0,0,0,0,0,0,0,0,0,0,0,0,0,0,0,0,0,0,0,0,0,0,0,0,0,0,0,0,0,0,0,111,2026-02-06 02:58:13.185229
WNTR,25.05,25.01,25.05,2102000.0,,2015000.0,,,0,0,0,0,0,0,0,0,0,0,0,0,0,0,0,0,0,0,0,0,0,0,0,0,0,0,0,0,0,0,0,0,0,0,0,0,0,0,0,0,0,111,2026-02-06 02:58:13.185229
SPNG,24.62,24.87,24.9,6000.0,2088500.0,100.0,6233.0,2026900.0,,0,0,0,0,0,0,0,0,0,0,0,0,0,0,0,0,0,0,0,0,0,0,0,0,0,0,0,0,0,0,0,0,0,0,0,0,0,0,0,0,112,2026-02-06 02:58:14.243049
SMMR,24.96,24.99,25.09,,2022500.0,100.0,4971.0,1963800.0,6000.0,0,0,0,0,0,0,0,0,0,0,0,0,0,0,0,0,0,0,0,0,0,0,0,0,0,0,0,0,0,0,0,0,0,0,0,0,0,0,0,0,112,2026-02-06 02:58:14.243049
ATMN,25.75,25.75,25.77,6000.0,1954800.0,3873.0,6924.0,1909600.0,,0,0,0,0,0,0,0,0,0,0,0,0,0,0,0,0,0,0,0,0,0,0,0,0,0,0,0,0,0,0,0,0,0,0,0,0,0,0,0,0,112,2026-02-06 02:58:14.243049
WNTR,24.98,25.02,25.03,,2037800.0,100.0,5054.0,1767000.0,6000.0,0,0,0,0,0,0,0,0,0,0,0,0,0,0,0,0,0,0,0,0,0,0,0,0,0,0,0,0,0,0,0,0,0,0,0,0,0,0,0,0,112,2026-02-06 02:58:14.243049
SPNG,24.99,24.62,24.99,2171200.0,100.0,2225100.0,,,,0,0,0,0,0,0,0,0,0,0,0,0,0,0,0,0,0,0,0,0,0,0,0,0,0,0,0,0,0,0,0,0,0,0,0,0,0,0,0,0,113,2026-02-06 02:58:14.793185
SMMR,24.96,24.99,25.09,2026400.0,100.0,1974300.0,4971.0,6000.0,,0,0,0,0,0,0,0,0,0,0,0,0,0,0,0,0,0,0,0,0,0,0,0,0,0,0,0,0,0,0,0,0,0,0,0,0,0,0,0,0,113,2026-02-06 02:58:14.793185
ATMN,25.82,25.75,25.82,1954800.0,3873.0,2007100.0,,,6000.0,0,0,0,0,0,0,0,0,0,0,0,0,0,0,0,0,0,0,0,0,0,0,0,0,0,0,0,0,0,0,0,0,0,0,0,0,0,0,0,0,113,2026-02-06 02:58:14.793185
WNTR,25.04,25.02,25.04,2037800.0,100.0,1858700.0,4954.0,6000.0,,0,0,0,0,0,0,0,0,0,0,0,0,0,0,0,0,0,0,0,0,0,0,0,0,0,0,0,0,0,0,0,0,0,0,0,0,0,0,0,0,113,2026-02-06 02:58:14.793185
SPNG,24.67,24.62,24.67,2310500.0,2161500.0,6000.0,,0,0,0,0,0,0,0,0,0,0,0,0,0,0,0,0,0,0,0,0,0,0,0,0,0,0,0,0,0,0,0,0,0,0,0,0,0,0,0,0,0,0,114,2026-02-06 02:58:15.846818
SMMR,24.96,25.08,25.11,2140700.0,2034500.0,6000.0,,0,0,0,0,0,0,0,0,0,0,0,0,0,0,0,0,0,0,0,0,0,0,0,0,0,0,0,0,0,0,0,0,0,0,0,0,0,0,0,0,0,0,114,2026-02-06 02:58:15.846818
ATMN,25.84,25.75,25.84,2077400.0,2034800.0,,6000.0,0,0,0,0,0,0,0,0,0,0,0,0,0,0,0,0,0,0,0,0,0,0,0,0,0,0,0,0,0,0,0,0,0,0,0,0,0,0,0,0,0,0,114,2026-02-06 02:58:15.846818
WNTR,25.04,25.04,25.05,2124400.0,1940400.0,6000.0,,0,0,0,0,0,0,0,0,0,0,0,0,0,0,0,0,0,0,0,0,0,0,0,0,0,0,0,0,0,0,0,0,0,0,0,0,0,0,0,0,0,0,114,2026-02-06 02:58:15.846818
SPNG,24.99,25.02,25.1,2343800.0,2195800.0,,,0,0,0,0,0,0,0,0,0,0,0,0,0,0,0,0,0,0,0,0,0,0,0,0,0,0,0,0,0,0,0,0,0,0,0,0,0,0,0,0,0,0,115,2026-02-06 02:58:16.902086
SMMR,25.05,25.05,25.06,2146200.0,2049800.0,6000.0,,0,0,0,0,0,0,0,0,0,0,0,0,0,0,0,0,0,0,0,0,0,0,0,0,0,0,0,0,0,0,0,0,0,0,0,0,0,0,0,0,0,0,115,2026-02-06 02:58:16.902086
ATMN,25.73,25.73,25.84,2052900.0,2034800.0,,6000.0,0,0,0,0,0,0,0,0,0,0,0,0,0,0,0,0,0,0,0,0,0,0,0,0,0,0,0,0,0,0,0,0,0,0,0,0,0,0,0,0,0,0,115,2026-02-06 02:58:16.902086
WNTR,25.05,25.13,25.18,2158100.0,1902200.0,6000.0,,0,0,0,0,0,0,0,0,0,0,0,0,0,0,0,0,0,0,0,0,0,0,0,0,0,0,0,0,0,0,0,0,0,0,0,0,0,0,0,0,0,0,115,2026-02-06 02:58:16.902086
SPNG,24.62,24.62,24.87,2350200.0,2211800.0,,0,0,0,0,0,0,0,0,0,0,0,0,0,0,0,0,0,0,0,0,0,0,0,0,0,0,0,0,0,0,0,0,0,0,0,0,0,0,0,0,0,0,0,116,2026-02-06 02:58:17.952589
SMMR,24.95,24.95,25.06,2161500.0,2167700.0,,0,0,0,0,0,0,0,0,0,0,0,0,0,0,0,0,0,0,0,0,0,0,0,0,0,0,0,0,0,0,0,0,0,0,0,0,0,0,0,0,0,0,0,116,2026-02-06 02:58:17.952589
ATMN,25.87,25.73,25.87,2176100.0,2074700.0,,0,0,0,0,0,0,0,0,0,0,0,0,0,0,0,0,0,0,0,0,0,0,0,0,0,0,0,0,0,0,0,0,0,0,0,0,0,0,0,0,0,0,0,116,2026-02-06 02:58:17.952589
WNTR,25.01,25.01,25.17,2163200.0,1951400.0,262.0,0,0,0,0,0,0,0,0,0,0,0,0,0,0,0,0,0,0,0,0,0,0,0,0,0,0,0,0,0,0,0,0,0,0,0,0,0,0,0,0,0,0,0,116,2026-02-06 02:58:17.952589
SPNG,24.76,24.76,24.87,2389900.0,2211800.0,0,0,0,0,0,0,0,0,0,0,0,0,0,0,0,0,0,0,0,0,0,0,0,0,0,0,0,0,0,0,0,0,0,0,0,0,0,0,0,0,0,0,0,0,117,2026-02-06 02:58:19.003631
SMMR,25.06,24.94,25.06,2161600.0,2140200.0,0,0,0,0,0,0,0,0,0,0,0,0,0,0,0,0,0,0,0,0,0,0,0,0,0,0,0,0,0,0,0,0,0,0,0,0,0,0,0,0,0,0,0,0,117,2026-02-06 02:58:19.003631
ATMN,25.87,25.6,25.61,2135100.0,2063600.0,0,0,0,0,0,0,0,0,0,0,0,0,0,0,0,0,0,0,0,0,0,0,0,0,0,0,0,0,0,0,0,0,0,0,0,0,0,0,0,0,0,0,0,0,117,2026-02-06 02:58:19.003631
WNTR,24.98,24.98,25.22,2117000.0,2044000.0,0,0,0,0,0,0,0,0,0,0,0,0,0,0,0,0,0,0,0,0,0,0,0,0,0,0,0,0,0,0,0,0,0,0,0,0,0,0,0,0,0,0,0,0,117,2026-02-06 02:58:19.003631
SPNG,24.9,24.76,24.84,2377400.0,2220100.0,0,0,0,0,0,0,0,0,0,0,0,0,0,0,0,0,0,0,0,0,0,0,0,0,0,0,0,0,0,0,0,0,0,0,0,0,0,0,0,0,0,0,0,0,118,2026-02-06 02:58:20.067041
SMMR,25.04,25.04,25.07,2150100.0,2120900.0,0,0,0,0,0,0,0,0,0,0,0,0,0,0,0,0,0,0,0,0,0,0,0,0,0,0,0,0,0,0,0,0,0,0,0,0,0,0,0,0,0,0,0,0,118,2026-02-06 02:58:20.067041
ATMN,25.61,25.71,25.87,2141600.0,2080900.0,0,0,0,0,0,0,0,0,0,0,0,0,0,0,0,0,0,0,0,0,0,0,0,0,0,0,0,0,0,0,0,0,0,0,0,0,0,0,0,0,0,0,0,0,118,2026-02-06 02:58:20.067041
WNTR,25.26,25.11,25.26,2121400.0,2026100.0,0,0,0,0,0,0,0,0,0,0,0,0,0,0,0,0,0,0,0,0,0,0,0,0,0,0,0,0,0,0,0,0,0,0,0,0,0,0,0,0,0,0,0,0,118,2026-02-06 02:58:20.067041
SPNG,24.94,24.88,24.94,2375200.0,2187400.0,0,0,0,0,0,0,0,0,0,0,0,0,0,0,0,0,0,0,0,0,0,0,0,0,0,0,0,0,0,0,0,0,0,0,0,0,0,0,0,0,0,0,0,0,119,2026-02-06 02:58:21.108319
SMMR,25.07,25.04,25.07,2150100.0,2120900.0,0,0,0,0,0,0,0,0,0,0,0,0,0,0,0,0,0,0,0,0,0,0,0,0,0,0,0,0,0,0,0,0,0,0,0,0,0,0,0,0,0,0,0,0,119,2026-02-06 02:58:21.108319
ATMN,25.58,25.58,25.88,2139000.0,2073400.0,0,0,0,0,0,0,0,0,0,0,0,0,0,0,0,0,0,0,0,0,0,0,0,0,0,0,0,0,0,0,0,0,0,0,0,0,0,0,0,0,0,0,0,0,119,2026-02-06 02:58:21.108319
WNTR,25.26,25.11,25.12,2121400.0,2031600.0,0,0,0,0,0,0,0,0,0,0,0,0,0,0,0,0,0,0,0,0,0,0,0,0,0,0,0,0,0,0,0,0,0,0,0,0,0,0,0,0,0,0,0,0,119,2026-02-06 02:58:21.108319
SPNG,25.1,23.71,25.07,938600.0,892900.0,0,0,0,0,0,0,0,0,0,0,0,0,0,0,0,0,0,0,0,0,0,0,0,0,0,0,0,0,0,0,0,0,0,0,0,0,0,0,0,0,0,0,0,0,120,2026-02-06 02:58:22.144837
SMMR,25.59,25.59,25.78,888200.0,700700.0,0,0,0,0,0,0,0,0,0,0,0,0,0,0,0,0,0,0,0,0,0,0,0,0,0,0,0,0,0,0,0,0,0,0,0,0,0,0,0,0,0,0,0,0,120,2026-02-06 02:58:22.144837
ATMN,25.58,23.69,24.19,949700.0,812000.0,0,0,0,0,0,0,0,0,0,0,0,0,0,0,0,0,0,0,0,0,0,0,0,0,0,0,0,0,0,0,0,0,0,0,0,0,0,0,0,0,0,0,0,0,120,2026-02-06 02:58:22.144837
WNTR,25.12,23.16,23.57,906600.0,801800.0,0,0,0,0,0,0,0,0,0,0,0,0,0,0,0,0,0,0,0,0,0,0,0,0,0,0,0,0,0,0,0,0,0,0,0,0,0,0,0,0,0,0,0,0,120,2026-02-06 02:58:22.144837
SPNG,23.47,23.47,24.68,1035900.0,1099900.0,,,0,0,0,0,0,0,0,0,0,0,0,0,0,0,0,0,0,0,0,0,0,0,0,0,0,0,0,0,0,0,0,0,0,0,0,0,0,0,0,0,0,0,121,2026-02-06 02:58:23.179309
SMMR,25.59,25.22,25.49,898700.0,1043100.0,,,0,0,0,0,0,0,0,0,0,0,0,0,0,0,0,0,0,0,0,0,0,0,0,0,0,0,0,0,0,0,0,0,0,0,0,0,0,0,0,0,0,0,121,2026-02-06 02:58:23.179309
ATMN,23.8,23.69,23.8,949700.0,1069200.0,,,0,0,0,0,0,0,0,0,0,0,0,0,0,0,0,0,0,0,0,0,0,0,0,0,0,0,0,0,0,0,0,0,0,0,0,0,0,0,0,0,0,0,121,2026-02-06 02:58:23.179309
WNTR,23.16,23.19,23.54,906600.0,1021300.0,5467.0,5467.0,0,0,0,0,0,0,0,0,0,0,0,0,0,0,0,0,0,0,0,0,0,0,0,0,0,0,0,0,0,0,0,0,0,0,0,0,0,0,0,0,0,0,121,2026-02-06 02:58:23.179309
SPNG,23.88,23.47,23.66,1159200.0,1330100.0,5467.0,,0,0,0,0,0,0,0,0,0,0,0,0,0,0,0,0,0,0,0,0,0,0,0,0,0,0,0,0,0,0,0,0,0,0,0,0,0,0,0,0,0,0,122,2026-02-06 02:58:24.217224
SMMR,25.78,25.42,25.78,1101100.0,808100.0,,5467.0,0,0,0,0,0,0,0,0,0,0,0,0,0,0,0,0,0,0,0,0,0,0,0,0,0,0,0,0,0,0,0,0,0,0,0,0,0,0,0,0,0,0,122,2026-02-06 02:58:24.217224
ATMN,23.47,23.57,23.66,1125500.0,1164800.0,5467.0,,0,0,0,0,0,0,0,0,0,0,0,0,0,0,0,0,0,0,0,0,0,0,0,0,0,0,0,0,0,0,0,0,0,0,0,0,0,0,0,0,0,0,122,2026-02-06 02:58:24.217224
WNTR,23.09,23.09,23.23,952600.0,1348400.0,5467.0,,0,0,0,0,0,0,0,0,0,0,0,0,0,0,0,0,0,0,0,0,0,0,0,0,0,0,0,0,0,0,0,0,0,0,0,0,0,0,0,0,0,0,122,2026-02-06 02:58:24.217224
SPNG,24.16,22.3,24.16,1062400.0,1213500.0,,,0,0,0,0,0,0,0,0,0,0,0,0,0,0,0,0,0,0,0,0,0,0,0,0,0,0,0,0,0,0,0,0,0,0,0,0,0,0,0,0,0,0,123,2026-02-06 02:58:25.256470
SMMR,25.78,25.45,25.58,1197600.0,1023600.0,7332.0,,0,0,0,0,0,0,0,0,0,0,0,0,0,0,0,0,0,0,0,0,0,0,0,0,0,0,0,0,0,0,0,0,0,0,0,0,0,0,0,0,0,0,123,2026-02-06 02:58:25.256470
ATMN,23.83,23.96,24.08,1223400.0,1169500.0,,,0,0,0,0,0,0,0,0,0,0,0,0,0,0,0,0,0,0,0,0,0,0,0,0,0,0,0,0,0,0,0,0,0,0,0,0,0,0,0,0,0,0,123,2026-02-06 02:58:25.256470
WNTR,23.09,23.17,23.23,1075400.0,1545900.0,7270.0,8500.0,0,0,0,0,0,0,0,0,0,0,0,0,0,0,0,0,0,0,0,0,0,0,0,0,0,0,0,0,0,0,0,0,0,0,0,0,0,0,0,0,0,0,123,2026-02-06 02:58:25.256470
SPNG,23.7,23.41,23.7,1198100.0,100.0,1313300.0,,0,0,0,0,0,0,0,0,0,0,0,0,0,0,0,0,0,0,0,0,0,0,0,0,0,0,0,0,0,0,0,0,0,0,0,0,0,0,0,0,0,0,124,2026-02-06 02:58:26.292236
SMMR,25.58,25.46,25.58,1422400.0,12215.0,1023600.0,7731.0,0,0,0,0,0,0,0,0,0,0,0,0,0,0,0,0,0,0,0,0,0,0,0,0,0,0,0,0,0,0,0,0,0,0,0,0,0,0,0,0,0,0,124,2026-02-06 02:58:26.292236
ATMN,23.75,23.57,23.61,1125500.0,100.0,1276800.0,13711.0,0,0,0,0,0,0,0,0,0,0,0,0,0,0,0,0,0,0,0,0,0,0,0,0,0,0,0,0,0,0,0,0,0,0,0,0,0,0,0,0,0,0,124,2026-02-06 02:58:26.292236
WNTR,22.96,22.96,23.23,961700.0,,1792800.0,16991.0,0,0,0,0,0,0,0,0,0,0,0,0,0,0,0,0,0,0,0,0,0,0,0,0,0,0,0,0,0,0,0,0,0,0,0,0,0,0,0,0,0,0,124,2026-02-06 02:58:26.292236
SPNG,24.3,23.41,24.13,1198100.0,200.0,1418100.0,,0,0,0,0,0,0,0,0,0,0,0,0,0,0,0,0,0,0,0,0,0,0,0,0,0,0,0,0,0,0,0,0,0,0,0,0,0,0,0,0,0,0,125,2026-02-06 02:58:27.334490
SMMR,25.42,25.5,25.53,1643100.0,804.0,1125800.0,16892.0,0,0,0,0,0,0,0,0,0,0,0,0,0,0,0,0,0,0,0,0,0,0,0,0,0,0,0,0,0,0,0,0,0,0,0,0,0,0,0,0,0,0,125,2026-02-06 02:58:27.334490
ATMN,23.75,23.57,23.58,1261600.0,100.0,1480000.0,13711.0,0,0,0,0,0,0,0,0,0,0,0,0,0,0,0,0,0,0,0,0,0,0,0,0,0,0,0,0,0,0,0,0,0,0,0,0,0,0,0,0,0,0,125,2026-02-06 02:58:27.334490
WNTR,22.93,22.96,23.16,1267100.0,,1792800.0,26000.0,0,0,0,0,0,0,0,0,0,0,0,0,0,0,0,0,0,0,0,0,0,0,0,0,0,0,0,0,0,0,0,0,0,0,0,0,0,0,0,0,0,0,125,2026-02-06 02:58:27.334490
SPNG,24.08,23.41,24.08,1198100.0,200.0,1670100.0,6000.0,100.0,,0,0,0,0,0,0,0,0,0,0,0,0,0,0,0,0,0,0,0,0,0,0,0,0,0,0,0,0,0,0,0,0,0,0,0,0,0,0,0,0,126,2026-02-06 02:58:27.886931
SMMR,25.58,25.59,25.75,1733200.0,804.0,906800.0,,7731.0,6000.0,0,0,0,0,0,0,0,0,0,0,0,0,0,0,0,0,0,0,0,0,0,0,0,0,0,0,0,0,0,0,0,0,0,0,0,0,0,0,0,0,126,2026-02-06 02:58:27.886931
ATMN,23.57,23.57,23.75,1399000.0,100.0,1388600.0,6000.0,8121.0,,0,0,0,0,0,0,0,0,0,0,0,0,0,0,0,0,0,0,0,0,0,0,0,0,0,0,0,0,0,0,0,0,0,0,0,0,0,0,0,0,126,2026-02-06 02:58:27.886931
WNTR,23.19,23.19,23.2,1267100.0,,1941700.0,,16991.0,6000.0,0,0,0,0,0,0,0,0,0,0,0,0,0,0,0,0,0,0,0,0,0,0,0,0,0,0,0,0,0,0,0,0,0,0,0,0,0,0,0,0,126,2026-02-06 02:58:27.886931
SPNG,23.88,23.87,23.88,1436900.0,1188.0,1899200.0,100.0,6000.0,,0,0,0,0,0,0,0,0,0,0,0,0,0,0,0,0,0,0,0,0,0,0,0,0,0,0,0,0,0,0,0,0,0,0,0,0,0,0,0,0,127,2026-02-06 02:58:28.928618
SMMR,25.74,25.74,25.78,1828800.0,,988600.0,,,6000.0,0,0,0,0,0,0,0,0,0,0,0,0,0,0,0,0,0,0,0,0,0,0,0,0,0,0,0,0,0,0,0,0,0,0,0,0,0,0,0,0,127,2026-02-06 02:58:28.928618
ATMN,23.4,23.67,23.74,1164600.0,,1515400.0,,6000.0,6000.0,0,0,0,0,0,0,0,0,0,0,0,0,0,0,0,0,0,0,0,0,0,0,0,0,0,0,0,0,0,0,0,0,0,0,0,0,0,0,0,0,127,2026-02-06 02:58:28.928618
WNTR,23.19,23.01,23.09,1516800.0,8454.0,2064900.0,,250.0,6000.0,0,0,0,0,0,0,0,0,0,0,0,0,0,0,0,0,0,0,0,0,0,0,0,0,0,0,0,0,0,0,0,0,0,0,0,0,0,0,0,0,127,2026-02-06 02:58:28.928618
SPNG,23.81,23.46,23.57,1317100.0,1188.0,2047900.0,100.0,6000.0,,0,0,0,0,0,0,0,0,0,0,0,0,0,0,0,0,0,0,0,0,0,0,0,0,0,0,0,0,0,0,0,0,0,0,0,0,0,0,0,0,128,2026-02-06 02:58:29.963632
SMMR,25.74,25.66,25.68,2100500.0,,1107100.0,,,6000.0,0,0,0,0,0,0,0,0,0,0,0,0,0,0,0,0,0,0,0,0,0,0,0,0,0,0,0,0,0,0,0,0,0,0,0,0,0,0,0,0,128,2026-02-06 02:58:29.963632
ATMN,23.4,23.65,23.68,1524200.0,100.0,1515400.0,9899.0,6000.0,6000.0,0,0,0,0,0,0,0,0,0,0,0,0,0,0,0,0,0,0,0,0,0,0,0,0,0,0,0,0,0,0,0,0,0,0,0,0,0,0,0,0,128,2026-02-06 02:58:29.963632
WNTR,23.11,23.19,23.2,1980400.0,9009.0,2032500.0,,,6000.0,0,0,0,0,0,0,0,0,0,0,0,0,0,0,0,0,0,0,0,0,0,0,0,0,0,0,0,0,0,0,0,0,0,0,0,0,0,0,0,0,128,2026-02-06 02:58:29.963632
SPNG,23.46,23.46,23.99,1433700.0,1188.0,6000.0,1984600.0,,,0,0,0,0,0,0,0,0,0,0,0,0,0,0,0,0,0,0,0,0,0,0,0,0,0,0,0,0,0,0,0,0,0,0,0,0,0,0,0,0,129,2026-02-06 02:58:30.996818
SMMR,25.66,25.66,25.68,1979900.0,5565.0,,1311400.0,6000.0,9665.0,0,0,0,0,0,0,0,0,0,0,0,0,0,0,0,0,0,0,0,0,0,0,0,0,0,0,0,0,0,0,0,0,0,0,0,0,0,0,0,0,129,2026-02-06 02:58:30.996818
ATMN,23.63,23.63,23.68,1531100.0,100.0,6000.0,1649700.0,6000.0,12159.0,0,0,0,0,0,0,0,0,0,0,0,0,0,0,0,0,0,0,0,0,0,0,0,0,0,0,0,0,0,0,0,0,0,0,0,0,0,0,0,0,129,2026-02-06 02:58:30.996818
WNTR,23.19,23.19,23.2,1947700.0,9009.0,,2061300.0,6000.0,8403.0,0,0,0,0,0,0,0,0,0,0,0,0,0,0,0,0,0,0,0,0,0,0,0,0,0,0,0,0,0,0,0,0,0,0,0,0,0,0,0,0,129,2026-02-06 02:58:30.996818
SPNG,23.97,23.46,23.7,1530900.0,2115000.0,,,,,0,0,0,0,0,0,0,0,0,0,0,0,0,0,0,0,0,0,0,0,0,0,0,0,0,0,0,0,0,0,0,0,0,0,0,0,0,0,0,0,130,2026-02-06 02:58:32.039535
SMMR,25.44,25.49,25.62,2130900.0,1430900.0,100.0,,,,0,0,0,0,0,0,0,0,0,0,0,0,0,0,0,0,0,0,0,0,0,0,0,0,0,0,0,0,0,0,0,0,0,0,0,0,0,0,0,0,130,2026-02-06 02:58:32.039535
ATMN,23.63,23.63,23.65,1531100.0,1756800.0,,7999.0,6000.0,6000.0,0,0,0,0,0,0,0,0,0,0,0,0,0,0,0,0,0,0,0,0,0,0,0,0,0,0,0,0,0,0,0,0,0,0,0,0,0,0,0,0,130,2026-02-06 02:58:32.039535
WNTR,23.2,23.19,23.2,2092300.0,2010900.0,16252.0,9009.0,6000.0,,0,0,0,0,0,0,0,0,0,0,0,0,0,0,0,0,0,0,0,0,0,0,0,0,0,0,0,0,0,0,0,0,0,0,0,0,0,0,0,0,130,2026-02-06 02:58:32.039535
SPNG,24.03,24.03,24.08,1656000.0,100.0,6000.0,2125100.0,1061.0,,0,0,0,0,0,0,0,0,0,0,0,0,0,0,0,0,0,0,0,0,0,0,0,0,0,0,0,0,0,0,0,0,0,0,0,0,0,0,0,0,131,2026-02-06 02:58:33.104702
SMMR,25.49,25.61,25.62,1967600.0,4365.0,6000.0,1430900.0,100.0,6000.0,0,0,0,0,0,0,0,0,0,0,0,0,0,0,0,0,0,0,0,0,0,0,0,0,0,0,0,0,0,0,0,0,0,0,0,0,0,0,0,0,131,2026-02-06 02:58:33.104702
ATMN,23.77,23.02,23.77,1416200.0,,,1522700.0,,,0,0,0,0,0,0,0,0,0,0,0,0,0,0,0,0,0,0,0,0,0,0,0,0,0,0,0,0,0,0,0,0,0,0,0,0,0,0,0,0,131,2026-02-06 02:58:33.104702
WNTR,23.0,23.09,23.19,1960700.0,9769.0,,2078800.0,9748.0,,0,0,0,0,0,0,0,0,0,0,0,0,0,0,0,0,0,0,0,0,0,0,0,0,0,0,0,0,0,0,0,0,0,0,0,0,0,0,0,0,131,2026-02-06 02:58:33.104702
SPNG,23.84,23.41,23.73,1411900.0,2158100.0,6000.0,,,0,0,0,0,0,0,0,0,0,0,0,0,0,0,0,0,0,0,0,0,0,0,0,0,0,0,0,0,0,0,0,0,0,0,0,0,0,0,0,0,0,132,2026-02-06 02:58:34.160304
SMMR,25.49,25.61,25.62,2090600.0,1802000.0,6000.0,6000.0,,0,0,0,0,0,0,0,0,0,0,0,0,0,0,0,0,0,0,0,0,0,0,0,0,0,0,0,0,0,0,0,0,0,0,0,0,0,0,0,0,0,132,2026-02-06 02:58:34.160304
ATMN,23.4,23.02,23.29,1416200.0,1650400.0,6000.0,,,0,0,0,0,0,0,0,0,0,0,0,0,0,0,0,0,0,0,0,0,0,0,0,0,0,0,0,0,0,0,0,0,0,0,0,0,0,0,0,0,0,132,2026-02-06 02:58:34.160304
WNTR,22.96,23.08,23.19,1689600.0,2078800.0,6000.0,,6483.0,0,0,0,0,0,0,0,0,0,0,0,0,0,0,0,0,0,0,0,0,0,0,0,0,0,0,0,0,0,0,0,0,0,0,0,0,0,0,0,0,0,132,2026-02-06 02:58:34.160304
SPNG,23.85,23.59,23.85,1781100.0,100.0,2143600.0,6000.0,,,0,0,0,0,0,0,0,0,0,0,0,0,0,0,0,0,0,0,0,0,0,0,0,0,0,0,0,0,0,0,0,0,0,0,0,0,0,0,0,0,133,2026-02-06 02:58:35.224208
SMMR,25.61,25.61,25.62,1932900.0,9461.0,1708700.0,6000.0,6000.0,12043.0,0,0,0,0,0,0,0,0,0,0,0,0,0,0,0,0,0,0,0,0,0,0,0,0,0,0,0,0,0,0,0,0,0,0,0,0,0,0,0,0,133,2026-02-06 02:58:35.224208
ATMN,23.29,23.4,23.54,1789000.0,4645.0,1522700.0,6000.0,6000.0,,0,0,0,0,0,0,0,0,0,0,0,0,0,0,0,0,0,0,0,0,0,0,0,0,0,0,0,0,0,0,0,0,0,0,0,0,0,0,0,0,133,2026-02-06 02:58:35.224208
WNTR,23.18,23.18,23.21,1843400.0,,2182600.0,,,,0,0,0,0,0,0,0,0,0,0,0,0,0,0,0,0,0,0,0,0,0,0,0,0,0,0,0,0,0,0,0,0,0,0,0,0,0,0,0,0,133,2026-02-06 02:58:35.224208
SPNG,23.88,23.88,24.08,1926200.0,100.0,2243100.0,,,,0,0,0,0,0,0,0,0,0,0,0,0,0,0,0,0,0,0,0,0,0,0,0,0,0,0,0,0,0,0,0,0,0,0,0,0,0,0,0,0,134,2026-02-06 02:58:36.270540
SMMR,25.63,25.65,25.68,1833800.0,13957.0,1876200.0,6000.0,,,0,0,0,0,0,0,0,0,0,0,0,0,0,0,0,0,0,0,0,0,0,0,0,0,0,0,0,0,0,0,0,0,0,0,0,0,0,0,0,0,134,2026-02-06 02:58:36.270540
ATMN,23.53,23.58,23.61,2116900.0,8684.0,1522700.0,5100.0,6000.0,,0,0,0,0,0,0,0,0,0,0,0,0,0,0,0,0,0,0,0,0,0,0,0,0,0,0,0,0,0,0,0,0,0,0,0,0,0,0,0,0,134,2026-02-06 02:58:36.270540
WNTR,23.09,23.0,23.02,1731800.0,9627.0,1996600.0,6000.0,6000.0,1569.0,0,0,0,0,0,0,0,0,0,0,0,0,0,0,0,0,0,0,0,0,0,0,0,0,0,0,0,0,0,0,0,0,0,0,0,0,0,0,0,0,134,2026-02-06 02:58:36.270540
SPNG,23.25,23.25,23.88,1546600.0,6000.0,2137900.0,,,,0,0,0,0,0,0,0,0,0,0,0,0,0,0,0,0,0,0,0,0,0,0,0,0,0,0,0,0,0,0,0,0,0,0,0,0,0,0,0,0,135,2026-02-06 02:58:37.319259
SMMR,25.55,25.57,25.62,1915900.0,,1889200.0,9362.0,6000.0,9362.0,0,0,0,0,0,0,0,0,0,0,0,0,0,0,0,0,0,0,0,0,0,0,0,0,0,0,0,0,0,0,0,0,0,0,0,0,0,0,0,0,135,2026-02-06 02:58:37.319259
ATMN,23.59,23.82,23.9,2221400.0,,1634500.0,,5100.0,,0,0,0,0,0,0,0,0,0,0,0,0,0,0,0,0,0,0,0,0,0,0,0,0,0,0,0,0,0,0,0,0,0,0,0,0,0,0,0,0,135,2026-02-06 02:58:37.319259
WNTR,22.95,22.88,22.94,1530600.0,6000.0,2124600.0,,,,0,0,0,0,0,0,0,0,0,0,0,0,0,0,0,0,0,0,0,0,0,0,0,0,0,0,0,0,0,0,0,0,0,0,0,0,0,0,0,0,135,2026-02-06 02:58:37.319259
SPNG,24.02,24.02,24.08,1661400.0,100.0,2243100.0,,,,0,0,0,0,0,0,0,0,0,0,0,0,0,0,0,0,0,0,0,0,0,0,0,0,0,0,0,0,0,0,0,0,0,0,0,0,0,0,0,0,136,2026-02-06 02:58:38.378222
SMMR,25.72,25.6,25.72,1811700.0,18671.0,1759100.0,6000.0,,,0,0,0,0,0,0,0,0,0,0,0,0,0,0,0,0,0,0,0,0,0,0,0,0,0,0,0,0,0,0,0,0,0,0,0,0,0,0,0,0,136,2026-02-06 02:58:38.378222
ATMN,23.59,23.83,23.89,2221400.0,100.0,1812900.0,6000.0,6701.0,,0,0,0,0,0,0,0,0,0,0,0,0,0,0,0,0,0,0,0,0,0,0,0,0,0,0,0,0,0,0,0,0,0,0,0,0,0,0,0,0,136,2026-02-06 02:58:38.378222
WNTR,22.95,22.95,23.0,1978300.0,522.0,1996600.0,,9575.0,6000.0,0,0,0,0,0,0,0,0,0,0,0,0,0,0,0,0,0,0,0,0,0,0,0,0,0,0,0,0,0,0,0,0,0,0,0,0,0,0,0,0,136,2026-02-06 02:58:38.378222
SPNG,24.13,23.58,24.13,6000.0,1546600.0,2245900.0,,,,0,0,0,0,0,0,0,0,0,0,0,0,0,0,0,0,0,0,0,0,0,0,0,0,0,0,0,0,0,0,0,0,0,0,0,0,0,0,0,0,137,2026-02-06 02:58:39.430842
SMMR,25.57,25.55,25.56,6000.0,2029400.0,2000100.0,,,,0,0,0,0,0,0,0,0,0,0,0,0,0,0,0,0,0,0,0,0,0,0,0,0,0,0,0,0,0,0,0,0,0,0,0,0,0,0,0,0,137,2026-02-06 02:58:39.430842
ATMN,23.31,23.44,23.84,,2018300.0,1906400.0,9520.0,,,0,0,0,0,0,0,0,0,0,0,0,0,0,0,0,0,0,0,0,0,0,0,0,0,0,0,0,0,0,0,0,0,0,0,0,0,0,0,0,0,137,2026-02-06 02:58:39.430842
WNTR,23.23,22.99,23.16,500.0,1978300.0,2009100.0,8403.0,9987.0,6000.0,0,0,0,0,0,0,0,0,0,0,0,0,0,0,0,0,0,0,0,0,0,0,0,0,0,0,0,0,0,0,0,0,0,0,0,0,0,0,0,0,137,2026-02-06 02:58:39.430842
SPNG,23.15,23.15,24.07,1525900.0,2134500.0,100.0,,,,0,0,0,0,0,0,0,0,0,0,0,0,0,0,0,0,0,0,0,0,0,0,0,0,0,0,0,0,0,0,0,0,0,0,0,0,0,0,0,0,138,2026-02-06 02:58:39.969028
SMMR,25.56,25.55,25.56,2024000.0,2000100.0,,6000.0,,,0,0,0,0,0,0,0,0,0,0,0,0,0,0,0,0,0,0,0,0,0,0,0,0,0,0,0,0,0,0,0,0,0,0,0,0,0,0,0,0,138,2026-02-06 02:58:39.969028
ATMN,23.37,23.31,23.37,2126000.0,1814000.0,9520.0,,1400.0,,0,0,0,0,0,0,0,0,0,0,0,0,0,0,0,0,0,0,0,0,0,0,0,0,0,0,0,0,0,0,0,0,0,0,0,0,0,0,0,0,138,2026-02-06 02:58:39.969028
WNTR,23.23,22.99,23.02,1946100.0,1997600.0,8403.0,500.0,6000.0,9987.0,0,0,0,0,0,0,0,0,0,0,0,0,0,0,0,0,0,0,0,0,0,0,0,0,0,0,0,0,0,0,0,0,0,0,0,0,0,0,0,0,138,2026-02-06 02:58:39.969028
SPNG,23.15,23.71,23.82,1867400.0,6000.0,2053900.0,6000.0,9329.0,,0,0,0,0,0,0,0,0,0,0,0,0,0,0,0,0,0,0,0,0,0,0,0,0,0,0,0,0,0,0,0,0,0,0,0,0,0,0,0,0,139,2026-02-06 02:58:41.017562
SMMR,25.7,25.55,25.59,2004700.0,6000.0,1995200.0,,,,0,0,0,0,0,0,0,0,0,0,0,0,0,0,0,0,0,0,0,0,0,0,0,0,0,0,0,0,0,0,0,0,0,0,0,0,0,0,0,0,139,2026-02-06 02:58:41.017562
ATMN,23.57,23.66,23.9,2361800.0,,1943600.0,,,983.0,0,0,0,0,0,0,0,0,0,0,0,0,0,0,0,0,0,0,0,0,0,0,0,0,0,0,0,0,0,0,0,0,0,0,0,0,0,0,0,0,139,2026-02-06 02:58:41.017562
WNTR,23.0,22.97,22.98,2090700.0,500.0,2112000.0,6000.0,,,0,0,0,0,0,0,0,0,0,0,0,0,0,0,0,0,0,0,0,0,0,0,0,0,0,0,0,0,0,0,0,0,0,0,0,0,0,0,0,0,139,2026-02-06 02:58:41.017562
SPNG,23.57,23.6,23.8,2008000.0,6000.0,10571.0,1963900.0,6000.0,,0,0,0,0,0,0,0,0,0,0,0,0,0,0,0,0,0,0,0,0,0,0,0,0,0,0,0,0,0,0,0,0,0,0,0,0,0,0,0,0,140,2026-02-06 02:58:42.081698
SMMR,25.73,25.59,25.73,1759000.0,6000.0,,1984800.0,,18215.0,0,0,0,0,0,0,0,0,0,0,0,0,0,0,0,0,0,0,0,0,0,0,0,0,0,0,0,0,0,0,0,0,0,0,0,0,0,0,0,0,140,2026-02-06 02:58:42.081698
ATMN,23.24,23.4,23.58,2240500.0,6000.0,100.0,1968400.0,500.0,,0,0,0,0,0,0,0,0,0,0,0,0,0,0,0,0,0,0,0,0,0,0,0,0,0,0,0,0,0,0,0,0,0,0,0,0,0,0,0,0,140,2026-02-06 02:58:42.081698
WNTR,23.02,22.97,23.02,2200800.0,,,2108100.0,6000.0,9346.0,0,0,0,0,0,0,0,0,0,0,0,0,0,0,0,0,0,0,0,0,0,0,0,0,0,0,0,0,0,0,0,0,0,0,0,0,0,0,0,0,140,2026-02-06 02:58:42.081698
SPNG,23.62,23.6,23.62,2115400.0,6000.0,2082400.0,6000.0,9329.0,,0,0,0,0,0,0,0,0,0,0,0,0,0,0,0,0,0,0,0,0,0,0,0,0,0,0,0,0,0,0,0,0,0,0,0,0,0,0,0,0,141,2026-02-06 02:58:43.143351
SMMR,25.75,25.66,25.75,1741900.0,6000.0,1870700.0,,,18215.0,0,0,0,0,0,0,0,0,0,0,0,0,0,0,0,0,0,0,0,0,0,0,0,0,0,0,0,0,0,0,0,0,0,0,0,0,0,0,0,0,141,2026-02-06 02:58:43.143351
ATMN,23.75,23.79,23.81,2197800.0,6000.0,2139600.0,,100.0,100.0,0,0,0,0,0,0,0,0,0,0,0,0,0,0,0,0,0,0,0,0,0,0,0,0,0,0,0,0,0,0,0,0,0,0,0,0,0,0,0,0,141,2026-02-06 02:58:43.143351
WNTR,22.9,22.9,23.02,1964600.0,,2160300.0,6000.0,,,0,0,0,0,0,0,0,0,0,0,0,0,0,0,0,0,0,0,0,0,0,0,0,0,0,0,0,0,0,0,0,0,0,0,0,0,0,0,0,0,141,2026-02-06 02:58:43.143351
SPNG,23.62,23.6,23.62,2208000.0,100.0,6000.0,2082400.0,100.0,6000.0,0,0,0,0,0,0,0,0,0,0,0,0,0,0,0,0,0,0,0,0,0,0,0,0,0,0,0,0,0,0,0,0,0,0,0,0,0,0,0,0,142,2026-02-06 02:58:44.188827
SMMR,25.66,25.58,25.65,1846300.0,8950.0,6000.0,1976800.0,,,0,0,0,0,0,0,0,0,0,0,0,0,0,0,0,0,0,0,0,0,0,0,0,0,0,0,0,0,0,0,0,0,0,0,0,0,0,0,0,0,142,2026-02-06 02:58:44.188827
ATMN,23.75,23.79,23.81,2197800.0,4304.0,6000.0,2130200.0,100.0,,0,0,0,0,0,0,0,0,0,0,0,0,0,0,0,0,0,0,0,0,0,0,0,0,0,0,0,0,0,0,0,0,0,0,0,0,0,0,0,0,142,2026-02-06 02:58:44.188827
WNTR,23.07,22.92,23.05,1964600.0,9220.0,,2111100.0,,6000.0,0,0,0,0,0,0,0,0,0,0,0,0,0,0,0,0,0,0,0,0,0,0,0,0,0,0,0,0,0,0,0,0,0,0,0,0,0,0,0,0,142,2026-02-06 02:58:44.188827
SPNG,24.07,23.6,23.63,2113900.0,3731.0,6000.0,2254000.0,,0,0,0,0,0,0,0,0,0,0,0,0,0,0,0,0,0,0,0,0,0,0,0,0,0,0,0,0,0,0,0,0,0,0,0,0,0,0,0,0,0,143,2026-02-06 02:58:45.242242
SMMR,25.53,25.53,25.6,2094100.0,,,1869700.0,7785.0,0,0,0,0,0,0,0,0,0,0,0,0,0,0,0,0,0,0,0,0,0,0,0,0,0,0,0,0,0,0,0,0,0,0,0,0,0,0,0,0,0,143,2026-02-06 02:58:45.242242
ATMN,23.16,23.16,23.81,2354000.0,,,2006800.0,8847.0,0,0,0,0,0,0,0,0,0,0,0,0,0,0,0,0,0,0,0,0,0,0,0,0,0,0,0,0,0,0,0,0,0,0,0,0,0,0,0,0,0,143,2026-02-06 02:58:45.242242
WNTR,23.1,23.11,23.12,2085400.0,,,2254800.0,,0,0,0,0,0,0,0,0,0,0,0,0,0,0,0,0,0,0,0,0,0,0,0,0,0,0,0,0,0,0,0,0,0,0,0,0,0,0,0,0,0,143,2026-02-06 02:58:45.242242
SPNG,23.87,23.9,24.07,2357600.0,6000.0,2233200.0,0,0,0,0,0,0,0,0,0,0,0,0,0,0,0,0,0,0,0,0,0,0,0,0,0,0,0,0,0,0,0,0,0,0,0,0,0,0,0,0,0,0,0,144,2026-02-06 02:58:46.304397
SMMR,25.65,25.55,25.65,2062100.0,,1985000.0,0,0,0,0,0,0,0,0,0,0,0,0,0,0,0,0,0,0,0,0,0,0,0,0,0,0,0,0,0,0,0,0,0,0,0,0,0,0,0,0,0,0,0,144,2026-02-06 02:58:46.304397
ATMN,23.81,23.64,23.74,2482700.0,,2229500.0,0,0,0,0,0,0,0,0,0,0,0,0,0,0,0,0,0,0,0,0,0,0,0,0,0,0,0,0,0,0,0,0,0,0,0,0,0,0,0,0,0,0,0,144,2026-02-06 02:58:46.304397
WNTR,22.95,22.95,23.04,1974000.0,,2281500.0,0,0,0,0,0,0,0,0,0,0,0,0,0,0,0,0,0,0,0,0,0,0,0,0,0,0,0,0,0,0,0,0,0,0,0,0,0,0,0,0,0,0,0,144,2026-02-06 02:58:46.304397
SPNG,23.71,23.6,23.71,2349300.0,6000.0,9653.0,2058700.0,,,0,0,0,0,0,0,0,0,0,0,0,0,0,0,0,0,0,0,0,0,0,0,0,0,0,0,0,0,0,0,0,0,0,0,0,0,0,0,0,0,145,2026-02-06 02:58:47.359065
SMMR,25.55,25.57,25.63,1833100.0,6000.0,931.0,1760000.0,1482.0,6000.0,0,0,0,0,0,0,0,0,0,0,0,0,0,0,0,0,0,0,0,0,0,0,0,0,0,0,0,0,0,0,0,0,0,0,0,0,0,0,0,0,145,2026-02-06 02:58:47.359065
ATMN,23.64,23.32,23.63,2323500.0,6000.0,17323.0,2021000.0,,,0,0,0,0,0,0,0,0,0,0,0,0,0,0,0,0,0,0,0,0,0,0,0,0,0,0,0,0,0,0,0,0,0,0,0,0,0,0,0,0,145,2026-02-06 02:58:47.359065
WNTR,23.01,22.88,23.01,1952400.0,,19018.0,1911900.0,,6000.0,0,0,0,0,0,0,0,0,0,0,0,0,0,0,0,0,0,0,0,0,0,0,0,0,0,0,0,0,0,0,0,0,0,0,0,0,0,0,0,0,145,2026-02-06 02:58:47.359065
SPNG,24.09,23.6,23.64,2248000.0,5928.0,6000.0,100.0,2143500.0,,0,0,0,0,0,0,0,0,0,0,0,0,0,0,0,0,0,0,0,0,0,0,0,0,0,0,0,0,0,0,0,0,0,0,0,0,0,0,0,0,146,2026-02-06 02:58:48.396513
SMMR,25.75,25.61,25.67,1738900.0,11482.0,6000.0,,1879100.0,6000.0,0,0,0,0,0,0,0,0,0,0,0,0,0,0,0,0,0,0,0,0,0,0,0,0,0,0,0,0,0,0,0,0,0,0,0,0,0,0,0,0,146,2026-02-06 02:58:48.396513
ATMN,23.64,23.49,23.52,2164700.0,2677.0,6000.0,17423.0,1925400.0,,0,0,0,0,0,0,0,0,0,0,0,0,0,0,0,0,0,0,0,0,0,0,0,0,0,0,0,0,0,0,0,0,0,0,0,0,0,0,0,0,146,2026-02-06 02:58:48.396513
WNTR,22.93,22.93,23.06,1952400.0,,,100.0,2053700.0,6000.0,0,0,0,0,0,0,0,0,0,0,0,0,0,0,0,0,0,0,0,0,0,0,0,0,0,0,0,0,0,0,0,0,0,0,0,0,0,0,0,0,146,2026-02-06 02:58:48.396513
SPNG,23.73,23.64,24.06,6000.0,2371800.0,2289000.0,,,,0,0,0,0,0,0,0,0,0,0,0,0,0,0,0,0,0,0,0,0,0,0,0,0,0,0,0,0,0,0,0,0,0,0,0,0,0,0,0,0,147,2026-02-06 02:58:49.438631
SMMR,25.74,25.72,25.74,6000.0,1940100.0,1950800.0,,,,0,0,0,0,0,0,0,0,0,0,0,0,0,0,0,0,0,0,0,0,0,0,0,0,0,0,0,0,0,0,0,0,0,0,0,0,0,0,0,0,147,2026-02-06 02:58:49.438631
ATMN,23.75,23.75,23.81,6000.0,2141300.0,2204900.0,3573.0,,,0,0,0,0,0,0,0,0,0,0,0,0,0,0,0,0,0,0,0,0,0,0,0,0,0,0,0,0,0,0,0,0,0,0,0,0,0,0,0,0,147,2026-02-06 02:58:49.438631
WNTR,23.13,23.02,23.06,6000.0,1932600.0,2031300.0,8800.0,8800.0,6000.0,0,0,0,0,0,0,0,0,0,0,0,0,0,0,0,0,0,0,0,0,0,0,0,0,0,0,0,0,0,0,0,0,0,0,0,0,0,0,0,0,147,2026-02-06 02:58:49.438631
SPNG,23.57,23.58,24.06,600.0,2359400.0,2183200.0,100.0,,0,0,0,0,0,0,0,0,0,0,0,0,0,0,0,0,0,0,0,0,0,0,0,0,0,0,0,0,0,0,0,0,0,0,0,0,0,0,0,0,0,148,2026-02-06 02:58:50.474179
SMMR,25.72,25.58,25.59,,1945200.0,1843600.0,8529.0,8529.0,0,0,0,0,0,0,0,0,0,0,0,0,0,0,0,0,0,0,0,0,0,0,0,0,0,0,0,0,0,0,0,0,0,0,0,0,0,0,0,0,0,148,2026-02-06 02:58:50.474179
