ticker,last_price,bid_price,ask_price,BUY_ANON,BUY_LAVL-1,SELL_LAVL-1,SELL_ANON,BUY_GIOT-3,SELL_WRSW-3,BUY_LUIS-1,SELL_UOTB-2,SELL_BRCH-3,BUY_BRCH-3,BUY_UEBR-1,BUY_UOTB-1,BUY_UOTB-2,SELL_LUIS-1,SELL_COLA-3,BUY_COLA-1,SELL_UOTB-3,SELL_NAIT-1,BUY_WRSW-2,SELL_WRSW-1,SELL_COLB-2,SELL_COLA-1,BUY_NAIT-1,BUY_WRSW-1,SELL_BRCH-1,BUY_BRCH-2,SELL_UOTB-1,BUY_COLA-3,BUY_WRSW-3,BUY_BRCH-1,SELL_UEBR-1,SELL_GIOT-3,BUY_UOTB-3,BUY_COLB-2,SELL_WRSW-2,SELL_BRCH-2,tick,timestamp,news_news_id,news_period,news_tick,news_ticker,news_headline,news_body
SPNG,24.89,24.9,25.02,1983700.0,3500.0,3500.0,1970000.0,0,0,0,0,0,0,0,0,0,0,0,0,0,0,0,0,0,0,0,0,0,0,0,0,0,0,0,0,0,0,0,0,1,2026-02-05 15:27:01.805003,2.0,1.0,1.0,,Aggregate Position Limit,Your CRO has set the aggregate position limit to 14000 shares for this week.
SMMR,24.98,24.98,25.01,2028600.0,3500.0,3500.0,2044300.0,0,0,0,0,0,0,0,0,0,0,0,0,0,0,0,0,0,0,0,0,0,0,0,0,0,0,0,0,0,0,0,0,1,2026-02-05 15:27:01.805003,1.0,1.0,1.0,,Welcome to the RITC 2026 Alogithmic Market Making Case - practice server,
ATMN,24.87,24.9,24.93,1529800.0,3500.0,3500.0,2006700.0,0,0,0,0,0,0,0,0,0,0,0,0,0,0,0,0,0,0,0,0,0,0,0,0,0,0,0,0,0,0,0,0,1,2026-02-05 15:27:01.805003,,,,,,
WNTR,25.08,24.94,25.07,2160100.0,3500.0,3500.0,2245600.0,0,0,0,0,0,0,0,0,0,0,0,0,0,0,0,0,0,0,0,0,0,0,0,0,0,0,0,0,0,0,0,0,1,2026-02-05 15:27:01.805003,,,,,,
SPNG,24.82,24.91,25.02,3000.0,1932400.0,3500.0,3000.0,1868800.0,,0,0,0,0,0,0,0,0,0,0,0,0,0,0,0,0,0,0,0,0,0,0,0,0,0,0,0,0,0,0,2,2026-02-05 15:27:02.375261
SMMR,24.98,24.98,25.01,,1903400.0,7000.0,,1951500.0,7000.0,0,0,0,0,0,0,0,0,0,0,0,0,0,0,0,0,0,0,0,0,0,0,0,0,0,0,0,0,0,0,2,2026-02-05 15:27:02.375261
ATMN,24.87,24.9,24.93,,1623600.0,3500.0,,2015100.0,3500.0,0,0,0,0,0,0,0,0,0,0,0,0,0,0,0,0,0,0,0,0,0,0,0,0,0,0,0,0,0,0,2,2026-02-05 15:27:02.375261
WNTR,25.14,25.05,25.07,,2150100.0,3500.0,,2266800.0,7000.0,0,0,0,0,0,0,0,0,0,0,0,0,0,0,0,0,0,0,0,0,0,0,0,0,0,0,0,0,0,0,2,2026-02-05 15:27:02.375261
SPNG,24.91,24.95,25.01,3000.0,3500.0,1840900.0,7000.0,1868800.0,0,0,0,0,0,0,0,0,0,0,0,0,0,0,0,0,0,0,0,0,0,0,0,0,0,0,0,0,0,0,0,3,2026-02-05 15:27:02.922397
SMMR,24.98,24.98,25.01,,7000.0,1912800.0,7000.0,1951500.0,0,0,0,0,0,0,0,0,0,0,0,0,0,0,0,0,0,0,0,0,0,0,0,0,0,0,0,0,0,0,0,3,2026-02-05 15:27:02.922397
ATMN,24.93,24.9,24.93,,7000.0,1851500.0,7000.0,1891800.0,0,0,0,0,0,0,0,0,0,0,0,0,0,0,0,0,0,0,0,0,0,0,0,0,0,0,0,0,0,0,0,3,2026-02-05 15:27:02.922397
WNTR,25.13,24.94,25.13,,3500.0,2160100.0,,2408500.0,0,0,0,0,0,0,0,0,0,0,0,0,0,0,0,0,0,0,0,0,0,0,0,0,0,0,0,0,0,0,0,3,2026-02-05 15:27:02.922397
SPNG,24.91,24.96,24.98,4320.0,975.0,3000.0,1620100.0,6450.0,4320.0,1681700.0,0,0,0,0,0,0,0,0,0,0,0,0,0,0,0,0,0,0,0,0,0,0,0,0,0,0,0,0,0,4,2026-02-05 15:27:03.983770
SMMR,25.01,24.98,25.01,2160.0,,,2021500.0,,,2153900.0,0,0,0,0,0,0,0,0,0,0,0,0,0,0,0,0,0,0,0,0,0,0,0,0,0,0,0,0,0,4,2026-02-05 15:27:03.983770
ATMN,25.22,24.87,24.92,,,,2074100.0,,,2149000.0,0,0,0,0,0,0,0,0,0,0,0,0,0,0,0,0,0,0,0,0,0,0,0,0,0,0,0,0,0,4,2026-02-05 15:27:03.983770
WNTR,25.13,24.99,25.02,,1950.0,,2160100.0,975.0,,2265000.0,0,0,0,0,0,0,0,0,0,0,0,0,0,0,0,0,0,0,0,0,0,0,0,0,0,0,0,0,0,4,2026-02-05 15:27:03.983770
SPNG,25.08,24.96,25.08,4320.0,975.0,6000.0,1509900.0,2074700.0,,,,0,0,0,0,0,0,0,0,0,0,0,0,0,0,0,0,0,0,0,0,0,0,0,0,0,0,0,0,5,2026-02-05 15:27:05.043863
SMMR,25.01,24.98,25.01,4320.0,2587.0,,1800200.0,2059000.0,2160.0,,,0,0,0,0,0,0,0,0,0,0,0,0,0,0,0,0,0,0,0,0,0,0,0,0,0,0,0,0,5,2026-02-05 15:27:05.043863
ATMN,24.85,25.09,25.27,2160.0,,2250.0,1832700.0,1906200.0,,4500.0,,0,0,0,0,0,0,0,0,0,0,0,0,0,0,0,0,0,0,0,0,0,0,0,0,0,0,0,0,5,2026-02-05 15:27:05.043863
WNTR,24.88,25.01,25.02,,5174.0,,2195200.0,2138600.0,,,3562.0,0,0,0,0,0,0,0,0,0,0,0,0,0,0,0,0,0,0,0,0,0,0,0,0,0,0,0,0,5,2026-02-05 15:27:05.043863
SPNG,24.79,24.79,25.02,2037200.0,3075.0,1738900.0,6000.0,,,,0,0,0,0,0,0,0,0,0,0,0,0,0,0,0,0,0,0,0,0,0,0,0,0,0,0,0,0,0,6,2026-02-05 15:27:06.157091
SMMR,25.01,24.98,25.01,1800200.0,3075.0,1959200.0,,4320.0,3075.0,2160.0,0,0,0,0,0,0,0,0,0,0,0,0,0,0,0,0,0,0,0,0,0,0,0,0,0,0,0,0,0,6,2026-02-05 15:27:06.157091
ATMN,24.81,24.85,25.12,1996500.0,3075.0,1511400.0,6750.0,,,4320.0,0,0,0,0,0,0,0,0,0,0,0,0,0,0,0,0,0,0,0,0,0,0,0,0,0,0,0,0,0,6,2026-02-05 15:27:06.157091
WNTR,25.02,25.0,25.01,2176700.0,3075.0,2009700.0,,4320.0,,4320.0,0,0,0,0,0,0,0,0,0,0,0,0,0,0,0,0,0,0,0,0,0,0,0,0,0,0,0,0,0,6,2026-02-05 15:27:06.157091
SPNG,24.79,24.92,24.98,3000.0,1734900.0,6000.0,4320.0,3000.0,6000.0,1520100.0,,0,0,0,0,0,0,0,0,0,0,0,0,0,0,0,0,0,0,0,0,0,0,0,0,0,0,0,0,7,2026-02-05 15:27:07.246038
SMMR,25.09,25.06,25.09,3900.0,1829200.0,,,3900.0,,2035000.0,3875.0,0,0,0,0,0,0,0,0,0,0,0,0,0,0,0,0,0,0,0,0,0,0,0,0,0,0,0,0,7,2026-02-05 15:27:07.246038
ATMN,25.17,25.07,25.16,3600.0,2006400.0,,,3600.0,9000.0,1602200.0,,0,0,0,0,0,0,0,0,0,0,0,0,0,0,0,0,0,0,0,0,0,0,0,0,0,0,0,0,7,2026-02-05 15:27:07.246038
WNTR,25.0,24.88,24.94,,2449200.0,,4320.0,,,2172900.0,,0,0,0,0,0,0,0,0,0,0,0,0,0,0,0,0,0,0,0,0,0,0,0,0,0,0,0,0,7,2026-02-05 15:27:07.246038
SPNG,24.98,24.78,24.97,1837600.0,3000.0,3000.0,12000.0,1542800.0,3000.0,,,,,0,0,0,0,0,0,0,0,0,0,0,0,0,0,0,0,0,0,0,0,0,0,0,0,0,0,8,2026-02-05 15:27:08.290285
SMMR,25.12,25.02,25.12,1814300.0,,3900.0,,1953800.0,3900.0,3875.0,1543.0,,,0,0,0,0,0,0,0,0,0,0,0,0,0,0,0,0,0,0,0,0,0,0,0,0,0,0,8,2026-02-05 15:27:08.290285
ATMN,25.17,25.1,25.11,1500700.0,4500.0,3600.0,11250.0,1251700.0,3600.0,2542.0,1543.0,3086.0,1271.0,0,0,0,0,0,0,0,0,0,0,0,0,0,0,0,0,0,0,0,0,0,0,0,0,0,0,8,2026-02-05 15:27:08.290285
WNTR,24.93,24.93,24.94,2195400.0,,4500.0,,1922000.0,4500.0,,3086.0,1924.0,4320.0,0,0,0,0,0,0,0,0,0,0,0,0,0,0,0,0,0,0,0,0,0,0,0,0,0,0,8,2026-02-05 15:27:08.290285
SPNG,24.97,24.78,24.96,1837600.0,6000.0,6000.0,1439300.0,12000.0,,,,,0,0,0,0,0,0,0,0,0,0,0,0,0,0,0,0,0,0,0,0,0,0,0,0,0,0,0,9,2026-02-05 15:27:09.344750
SMMR,25.13,25.05,25.06,1725200.0,3900.0,3900.0,1990200.0,,9666.0,3875.0,9544.0,,0,0,0,0,0,0,0,0,0,0,0,0,0,0,0,0,0,0,0,0,0,0,0,0,0,0,0,9,2026-02-05 15:27:09.344750
ATMN,25.07,25.07,25.08,1698600.0,3600.0,3600.0,1156900.0,18000.0,1904.0,2542.0,,,0,0,0,0,0,0,0,0,0,0,0,0,0,0,0,0,0,0,0,0,0,0,0,0,0,0,0,9,2026-02-05 15:27:09.344750
WNTR,25.01,24.97,25.01,1996600.0,9000.0,4500.0,2130200.0,,,4320.0,,2160.0,0,0,0,0,0,0,0,0,0,0,0,0,0,0,0,0,0,0,0,0,0,0,0,0,0,0,0,9,2026-02-05 15:27:09.344750
SPNG,24.97,24.74,24.9,1947200.0,3000.0,3000.0,12000.0,1545100.0,,,,0,0,0,0,0,0,0,0,0,0,0,0,0,0,0,0,0,0,0,0,0,0,0,0,0,0,0,0,10,2026-02-05 15:27:10.397780
SMMR,25.1,25.07,25.1,1618000.0,7800.0,7800.0,,1871600.0,19666.0,2160.0,1543.0,0,0,0,0,0,0,0,0,0,0,0,0,0,0,0,0,0,0,0,0,0,0,0,0,0,0,0,0,10,2026-02-05 15:27:10.397780
ATMN,24.97,24.87,24.91,1758400.0,7200.0,7200.0,20250.0,833300.0,7484.0,,7484.0,0,0,0,0,0,0,0,0,0,0,0,0,0,0,0,0,0,0,0,0,0,0,0,0,0,0,0,0,10,2026-02-05 15:27:10.397780
WNTR,25.02,25.03,25.04,1819900.0,9000.0,9000.0,,2127800.0,7484.0,4320.0,,0,0,0,0,0,0,0,0,0,0,0,0,0,0,0,0,0,0,0,0,0,0,0,0,0,0,0,0,10,2026-02-05 15:27:10.397780
SPNG,25.07,24.78,25.04,6342.0,6000.0,1445700.0,6000.0,100.0,15000.0,1203300.0,6000.0,,,0,0,0,0,0,0,0,0,0,0,0,0,0,0,0,0,0,0,0,0,0,0,0,0,0,0,11,2026-02-05 15:27:11.447607
SMMR,25.1,25.1,25.11,26000.0,7800.0,1362600.0,,,,1708900.0,7800.0,3240.0,2160.0,0,0,0,0,0,0,0,0,0,0,0,0,0,0,0,0,0,0,0,0,0,0,0,0,0,0,11,2026-02-05 15:27:11.447607
ATMN,25.16,24.92,25.16,12684.0,7200.0,1459100.0,,,11250.0,1369100.0,7200.0,3274.0,,0,0,0,0,0,0,0,0,0,0,0,0,0,0,0,0,0,0,0,0,0,0,0,0,0,0,11,2026-02-05 15:27:11.447607
WNTR,25.03,25.08,25.15,13691.0,9000.0,1709800.0,,628.0,,1966600.0,9000.0,4320.0,,0,0,0,0,0,0,0,0,0,0,0,0,0,0,0,0,0,0,0,0,0,0,0,0,0,0,11,2026-02-05 15:27:11.447607
SPNG,25.31,24.78,25.31,6342.0,3000.0,1445700.0,9000.0,1933900.0,3000.0,,,,,0,0,0,0,0,0,0,0,0,0,0,0,0,0,0,0,0,0,0,0,0,0,0,0,0,0,12,2026-02-05 15:27:12.000387
SMMR,25.1,25.1,25.11,26000.0,3900.0,1492900.0,,1950100.0,,3240.0,2160.0,,,0,0,0,0,0,0,0,0,0,0,0,0,0,0,0,0,0,0,0,0,0,0,0,0,0,0,12,2026-02-05 15:27:12.000387
ATMN,25.16,24.92,24.96,12684.0,3600.0,1459100.0,2250.0,1248100.0,3600.0,3274.0,1637.0,13500.0,,0,0,0,0,0,0,0,0,0,0,0,0,0,0,0,0,0,0,0,0,0,0,0,0,0,0,12,2026-02-05 15:27:12.000387
WNTR,25.03,25.1,25.15,13691.0,4500.0,1829500.0,,2064200.0,4500.0,3875.0,,,628.0,0,0,0,0,0,0,0,0,0,0,0,0,0,0,0,0,0,0,0,0,0,0,0,0,0,0,12,2026-02-05 15:27:12.000387
SPNG,25.31,24.82,25.31,100.0,1337700.0,15000.0,3000.0,1950400.0,3000.0,,,,0,0,0,0,0,0,0,0,0,0,0,0,0,0,0,0,0,0,0,0,0,0,0,0,0,0,0,13,2026-02-05 15:27:13.051320
SMMR,25.03,25.03,25.04,,1956100.0,,3900.0,1980000.0,,2160.0,2160.0,,0,0,0,0,0,0,0,0,0,0,0,0,0,0,0,0,0,0,0,0,0,0,0,0,0,0,0,13,2026-02-05 15:27:13.051320
ATMN,24.8,24.81,24.96,,1850300.0,2250.0,3600.0,1001000.0,3600.0,,1637.0,18000.0,0,0,0,0,0,0,0,0,0,0,0,0,0,0,0,0,0,0,0,0,0,0,0,0,0,0,0,13,2026-02-05 15:27:13.051320
WNTR,25.07,25.03,25.07,,2059400.0,,,1963400.0,9000.0,5590.0,1715.0,,0,0,0,0,0,0,0,0,0,0,0,0,0,0,0,0,0,0,0,0,0,0,0,0,0,0,0,13,2026-02-05 15:27:13.051320
SPNG,24.71,25.01,25.1,1754500.0,3000.0,6000.0,4320.0,6000.0,1496000.0,100.0,,,,0,0,0,0,0,0,0,0,0,0,0,0,0,0,0,0,0,0,0,0,0,0,0,0,0,0,14,2026-02-05 15:27:14.108443
SMMR,25.03,25.03,25.04,1470700.0,,7800.0,2160.0,7800.0,1775000.0,,7948.0,5014.0,,0,0,0,0,0,0,0,0,0,0,0,0,0,0,0,0,0,0,0,0,0,0,0,0,0,0,14,2026-02-05 15:27:14.108443
ATMN,24.83,24.79,24.82,2089300.0,,,1637.0,,951500.0,100.0,,,20250.0,0,0,0,0,0,0,0,0,0,0,0,0,0,0,0,0,0,0,0,0,0,0,0,0,0,0,14,2026-02-05 15:27:14.108443
WNTR,24.97,24.97,25.09,2064400.0,,9000.0,1715.0,9000.0,1938100.0,,,2160.0,,0,0,0,0,0,0,0,0,0,0,0,0,0,0,0,0,0,0,0,0,0,0,0,0,0,0,14,2026-02-05 15:27:14.108443
SPNG,25.04,24.72,24.87,9000.0,1559700.0,6000.0,6000.0,6000.0,1389000.0,4320.0,,,,0,0,0,0,0,0,0,0,0,0,0,0,0,0,0,0,0,0,0,0,0,0,0,0,0,0,15,2026-02-05 15:27:15.251678
SMMR,24.97,24.99,25.04,,1832300.0,7800.0,7800.0,,1677100.0,3934.0,1748.0,,,0,0,0,0,0,0,0,0,0,0,0,0,0,0,0,0,0,0,0,0,0,0,0,0,0,0,15,2026-02-05 15:27:15.251678
ATMN,25.02,24.79,25.02,,1843800.0,,,4500.0,1921900.0,,,3646.0,,0,0,0,0,0,0,0,0,0,0,0,0,0,0,0,0,0,0,0,0,0,0,0,0,0,0,15,2026-02-05 15:27:15.251678
WNTR,25.0,25.02,25.04,,2083600.0,4500.0,4500.0,,1938100.0,1715.0,6995.0,2160.0,6995.0,0,0,0,0,0,0,0,0,0,0,0,0,0,0,0,0,0,0,0,0,0,0,0,0,0,0,15,2026-02-05 15:27:15.251678
SPNG,25.0,25.0,25.03,1344100.0,5760.0,12000.0,1126.0,9000.0,1306500.0,4320.0,5760.0,,,0,0,0,0,0,0,0,0,0,0,0,0,0,0,0,0,0,0,0,0,0,0,0,0,0,0,16,2026-02-05 15:27:16.302843
SMMR,25.1,25.04,25.1,1698600.0,7800.0,,7784.0,,1649800.0,3934.0,7800.0,,,0,0,0,0,0,0,0,0,0,0,0,0,0,0,0,0,0,0,0,0,0,0,0,0,0,0,16,2026-02-05 15:27:16.302843
ATMN,24.82,24.84,24.94,1920800.0,,2250.0,,4500.0,1902700.0,,,,,0,0,0,0,0,0,0,0,0,0,0,0,0,0,0,0,0,0,0,0,0,0,0,0,0,0,16,2026-02-05 15:27:16.302843
WNTR,25.03,24.97,25.01,1933200.0,9000.0,,2165.0,,1701500.0,1715.0,9000.0,2160.0,14680.0,0,0,0,0,0,0,0,0,0,0,0,0,0,0,0,0,0,0,0,0,0,0,0,0,0,0,16,2026-02-05 15:27:16.302843
SPNG,24.76,24.74,24.76,15000.0,1442300.0,1126.0,1113500.0,3000.0,15000.0,3018.0,4320.0,,,0,0,0,0,0,0,0,0,0,0,0,0,0,0,0,0,0,0,0,0,0,0,0,0,0,0,17,2026-02-05 15:27:17.350753
SMMR,25.04,25.08,25.09,,1774600.0,9092.0,1525100.0,7800.0,,7344.0,3934.0,3900.0,,0,0,0,0,0,0,0,0,0,0,0,0,0,0,0,0,0,0,0,0,0,0,0,0,0,0,17,2026-02-05 15:27:17.350753
ATMN,24.72,24.85,24.93,4500.0,1817100.0,,1680800.0,,6750.0,765.0,,,,0,0,0,0,0,0,0,0,0,0,0,0,0,0,0,0,0,0,0,0,0,0,0,0,0,0,17,2026-02-05 15:27:17.350753
WNTR,24.93,24.93,24.98,,2169100.0,1592.0,1701500.0,,,24405.0,2724.0,,2160.0,0,0,0,0,0,0,0,0,0,0,0,0,0,0,0,0,0,0,0,0,0,0,0,0,0,0,17,2026-02-05 15:27:17.350753
SPNG,24.76,24.74,24.75,21000.0,1160100.0,2542.0,18000.0,6000.0,1126100.0,2160.0,,,,0,0,0,0,0,0,0,0,0,0,0,0,0,0,0,0,0,0,0,0,0,0,0,0,0,0,18,2026-02-05 15:27:18.408327
SMMR,25.08,25.08,25.1,,1686700.0,1861.0,,,1859400.0,3934.0,3844.0,7800.0,,0,0,0,0,0,0,0,0,0,0,0,0,0,0,0,0,0,0,0,0,0,0,0,0,0,0,18,2026-02-05 15:27:18.408327
ATMN,24.93,24.73,24.92,4500.0,1817100.0,,9000.0,,1665500.0,,,,,0,0,0,0,0,0,0,0,0,0,0,0,0,0,0,0,0,0,0,0,0,0,0,0,0,0,18,2026-02-05 15:27:18.408327
WNTR,24.93,24.92,24.93,,2279400.0,2160.0,,,1957600.0,2724.0,,,1365.0,0,0,0,0,0,0,0,0,0,0,0,0,0,0,0,0,0,0,0,0,0,0,0,0,0,0,18,2026-02-05 15:27:18.408327
SPNG,24.71,24.73,25.25,3000.0,1433900.0,9000.0,2542.0,6000.0,1853000.0,,,,,0,0,0,0,0,0,0,0,0,0,0,0,0,0,0,0,0,0,0,0,0,0,0,0,0,0,19,2026-02-05 15:27:19.461569
SMMR,24.98,24.97,24.98,,2127400.0,,,,1969600.0,7588.0,1080.0,,,0,0,0,0,0,0,0,0,0,0,0,0,0,0,0,0,0,0,0,0,0,0,0,0,0,0,19,2026-02-05 15:27:19.461569
ATMN,24.71,24.71,24.87,,1849100.0,,,,1275400.0,8877.0,,13500.0,,0,0,0,0,0,0,0,0,0,0,0,0,0,0,0,0,0,0,0,0,0,0,0,0,0,0,19,2026-02-05 15:27:19.461569
WNTR,25.15,24.93,25.09,,2165900.0,,2160.0,,2237400.0,9391.0,,,2957.0,0,0,0,0,0,0,0,0,0,0,0,0,0,0,0,0,0,0,0,0,0,0,0,0,0,0,19,2026-02-05 15:27:19.461569
SPNG,24.71,24.71,24.72,1263700.0,12000.0,6000.0,2542.0,10974.0,6000.0,3000.0,1544000.0,,0,0,0,0,0,0,0,0,0,0,0,0,0,0,0,0,0,0,0,0,0,0,0,0,0,0,0,20,2026-02-05 15:27:20.520761
SMMR,24.9,24.9,24.95,2155000.0,,,,14943.0,,,1853100.0,1080.0,0,0,0,0,0,0,0,0,0,0,0,0,0,0,0,0,0,0,0,0,0,0,0,0,0,0,0,20,2026-02-05 15:27:20.520761
ATMN,24.84,24.86,24.87,2041000.0,,,,13122.0,,13500.0,1183500.0,,0,0,0,0,0,0,0,0,0,0,0,0,0,0,0,0,0,0,0,0,0,0,0,0,0,0,0,20,2026-02-05 15:27:20.520761
WNTR,24.98,25.0,25.03,2247000.0,,,1691.0,9391.0,,,2248100.0,,0,0,0,0,0,0,0,0,0,0,0,0,0,0,0,0,0,0,0,0,0,0,0,0,0,0,0,20,2026-02-05 15:27:20.520761
SPNG,24.96,24.96,25.34,1490800.0,12000.0,3352.0,3000.0,1951300.0,,,0,0,0,0,0,0,0,0,0,0,0,0,0,0,0,0,0,0,0,0,0,0,0,0,0,0,0,0,0,21,2026-02-05 15:27:21.057338
SMMR,25.07,24.9,25.07,2155000.0,,,,1976100.0,7588.0,1080.0,0,0,0,0,0,0,0,0,0,0,0,0,0,0,0,0,0,0,0,0,0,0,0,0,0,0,0,0,0,21,2026-02-05 15:27:21.057338
ATMN,24.71,24.71,24.87,1849100.0,,,15750.0,1072700.0,13122.0,,0,0,0,0,0,0,0,0,0,0,0,0,0,0,0,0,0,0,0,0,0,0,0,0,0,0,0,0,0,21,2026-02-05 15:27:21.057338
WNTR,25.0,25.0,25.03,2247000.0,,1691.0,,2213800.0,9391.0,,0,0,0,0,0,0,0,0,0,0,0,0,0,0,0,0,0,0,0,0,0,0,0,0,0,0,0,0,0,21,2026-02-05 15:27:21.057338
SPNG,24.96,25.05,25.34,2098.0,15000.0,1166700.0,5433.0,9000.0,1736100.0,,,0,0,0,0,0,0,0,0,0,0,0,0,0,0,0,0,0,0,0,0,0,0,0,0,0,0,0,0,22,2026-02-05 15:27:22.104319
SMMR,24.95,24.92,24.95,,,2125400.0,,,1826200.0,3234.0,100.0,0,0,0,0,0,0,0,0,0,0,0,0,0,0,0,0,0,0,0,0,0,0,0,0,0,0,0,0,22,2026-02-05 15:27:22.104319
ATMN,24.89,24.55,24.89,,,1728400.0,,4500.0,1883100.0,,,0,0,0,0,0,0,0,0,0,0,0,0,0,0,0,0,0,0,0,0,0,0,0,0,0,0,0,0,22,2026-02-05 15:27:22.104319
WNTR,25.01,24.9,25.01,,,2385000.0,,,2138700.0,,7293.0,0,0,0,0,0,0,0,0,0,0,0,0,0,0,0,0,0,0,0,0,0,0,0,0,0,0,0,0,22,2026-02-05 15:27:22.104319
SPNG,25.05,24.97,24.98,21000.0,1045700.0,5433.0,1413100.0,15000.0,851.0,,,0,0,0,0,0,0,0,0,0,0,0,0,0,0,0,0,0,0,0,0,0,0,0,0,0,0,0,0,23,2026-02-05 15:27:23.138720
SMMR,25.11,24.95,25.08,,2131100.0,,2093800.0,,,1080.0,,0,0,0,0,0,0,0,0,0,0,0,0,0,0,0,0,0,0,0,0,0,0,0,0,0,0,0,0,23,2026-02-05 15:27:23.138720
ATMN,24.53,24.53,24.85,,1651700.0,,1475100.0,9000.0,,4320.0,,0,0,0,0,0,0,0,0,0,0,0,0,0,0,0,0,0,0,0,0,0,0,0,0,0,0,0,0,23,2026-02-05 15:27:23.138720
WNTR,24.88,25.1,25.11,,2162600.0,1807.0,2197100.0,,6237.0,,6237.0,0,0,0,0,0,0,0,0,0,0,0,0,0,0,0,0,0,0,0,0,0,0,0,0,0,0,0,0,23,2026-02-05 15:27:23.138720
SPNG,24.8,25.02,25.35,4577.0,15000.0,1243900.0,2047600.0,,,0,0,0,0,0,0,0,0,0,0,0,0,0,0,0,0,0,0,0,0,0,0,0,0,0,0,0,0,0,0,24,2026-02-05 15:27:24.177411
SMMR,24.95,24.95,25.08,,,2128200.0,2093800.0,1080.0,,0,0,0,0,0,0,0,0,0,0,0,0,0,0,0,0,0,0,0,0,0,0,0,0,0,0,0,0,0,0,24,2026-02-05 15:27:24.177411
ATMN,24.93,24.54,24.74,,4500.0,1888300.0,2009300.0,,2250.0,0,0,0,0,0,0,0,0,0,0,0,0,0,0,0,0,0,0,0,0,0,0,0,0,0,0,0,0,0,0,24,2026-02-05 15:27:24.177411
WNTR,24.88,24.96,25.11,,,2392300.0,2090500.0,3614.0,,0,0,0,0,0,0,0,0,0,0,0,0,0,0,0,0,0,0,0,0,0,0,0,0,0,0,0,0,0,0,24,2026-02-05 15:27:24.177411
SPNG,24.87,24.86,24.87,100.0,18000.0,1118300.0,3352.0,1624600.0,2450.0,2039.0,3000.0,0,0,0,0,0,0,0,0,0,0,0,0,0,0,0,0,0,0,0,0,0,0,0,0,0,0,0,0,25,2026-02-05 15:27:25.212567
SMMR,24.93,24.9,24.91,1001.0,,2016700.0,,1877600.0,1080.0,12770.0,,0,0,0,0,0,0,0,0,0,0,0,0,0,0,0,0,0,0,0,0,0,0,0,0,0,0,0,0,25,2026-02-05 15:27:25.212567
ATMN,24.95,24.68,24.95,4317.0,9000.0,1544400.0,,2113900.0,,,,0,0,0,0,0,0,0,0,0,0,0,0,0,0,0,0,0,0,0,0,0,0,0,0,0,0,0,0,25,2026-02-05 15:27:25.212567
WNTR,24.88,24.96,25.01,1056.0,,2301600.0,,1883600.0,3614.0,13228.0,,0,0,0,0,0,0,0,0,0,0,0,0,0,0,0,0,0,0,0,0,0,0,0,0,0,0,0,0,25,2026-02-05 15:27:25.212567
SPNG,24.93,25.02,25.06,1025400.0,24000.0,3352.0,2450.0,2039.0,3000.0,1624500.0,,0,0,0,0,0,0,0,0,0,0,0,0,0,0,0,0,0,0,0,0,0,0,0,0,0,0,0,0,26,2026-02-05 15:27:26.259422
SMMR,25.08,24.9,24.92,1927600.0,,,3234.0,,,1958600.0,10667.0,0,0,0,0,0,0,0,0,0,0,0,0,0,0,0,0,0,0,0,0,0,0,0,0,0,0,0,0,26,2026-02-05 15:27:26.259422
ATMN,24.67,24.67,24.76,1645400.0,6750.0,,4320.0,2172.0,,1778900.0,4317.0,0,0,0,0,0,0,0,0,0,0,0,0,0,0,0,0,0,0,0,0,0,0,0,0,0,0,0,0,26,2026-02-05 15:27:26.259422
WNTR,25.11,24.98,25.11,2078600.0,,1080.0,3614.0,,,2090500.0,10765.0,0,0,0,0,0,0,0,0,0,0,0,0,0,0,0,0,0,0,0,0,0,0,0,0,0,0,0,0,26,2026-02-05 15:27:26.259422
SPNG,24.8,24.81,25.35,12000.0,1453600.0,3352.0,2034700.0,,,,0,0,0,0,0,0,0,0,0,0,0,0,0,0,0,0,0,0,0,0,0,0,0,0,0,0,0,0,0,27,2026-02-05 15:27:27.309775
SMMR,24.89,24.89,24.92,,2133000.0,,1958600.0,3234.0,,,0,0,0,0,0,0,0,0,0,0,0,0,0,0,0,0,0,0,0,0,0,0,0,0,0,0,0,0,0,27,2026-02-05 15:27:27.309775
ATMN,24.95,24.71,24.94,11250.0,1547700.0,,2023800.0,,2250.0,,0,0,0,0,0,0,0,0,0,0,0,0,0,0,0,0,0,0,0,0,0,0,0,0,0,0,0,0,0,27,2026-02-05 15:27:27.309775
WNTR,24.98,25.08,25.11,,2061000.0,2160.0,2187500.0,1807.0,,5960.0,0,0,0,0,0,0,0,0,0,0,0,0,0,0,0,0,0,0,0,0,0,0,0,0,0,0,0,0,0,27,2026-02-05 15:27:27.309775
SPNG,25.08,24.92,25.03,4861.0,15000.0,1226300.0,3352.0,1502100.0,2450.0,6000.0,2098.0,0,0,0,0,0,0,0,0,0,0,0,0,0,0,0,0,0,0,0,0,0,0,0,0,0,0,0,0,28,2026-02-05 15:27:28.362866
SMMR,24.88,24.88,24.9,5352.0,,1838700.0,1711.0,1849600.0,3234.0,,5557.0,0,0,0,0,0,0,0,0,0,0,0,0,0,0,0,0,0,0,0,0,0,0,0,0,0,0,0,0,28,2026-02-05 15:27:28.362866
ATMN,24.67,24.83,24.89,1925.0,4500.0,1759000.0,,2000500.0,,,5583.0,0,0,0,0,0,0,0,0,0,0,0,0,0,0,0,0,0,0,0,0,0,0,0,0,0,0,0,0,28,2026-02-05 15:27:28.362866
WNTR,25.1,25.08,25.1,5960.0,,2061000.0,2160.0,1988800.0,1807.0,,4167.0,0,0,0,0,0,0,0,0,0,0,0,0,0,0,0,0,0,0,0,0,0,0,0,0,0,0,0,0,28,2026-02-05 15:27:28.362866
SPNG,25.03,24.96,25.03,3849.0,15000.0,1241800.0,3352.0,1398000.0,2198.0,2450.0,6000.0,0,0,0,0,0,0,0,0,0,0,0,0,0,0,0,0,0,0,0,0,0,0,0,0,0,0,0,0,29,2026-02-05 15:27:29.422705
SMMR,25.08,25.1,25.11,14648.0,,1608700.0,3422.0,1972900.0,4612.0,1080.0,,0,0,0,0,0,0,0,0,0,0,0,0,0,0,0,0,0,0,0,0,0,0,0,0,0,0,0,0,29,2026-02-05 15:27:29.422705
ATMN,24.89,24.96,24.98,4822.0,9000.0,1358200.0,2160.0,1988400.0,,,2250.0,0,0,0,0,0,0,0,0,0,0,0,0,0,0,0,0,0,0,0,0,0,0,0,0,0,0,0,0,29,2026-02-05 15:27:29.422705
WNTR,24.96,24.96,25.1,,,2150600.0,2160.0,1831400.0,10108.0,1807.0,,0,0,0,0,0,0,0,0,0,0,0,0,0,0,0,0,0,0,0,0,0,0,0,0,0,0,0,0,29,2026-02-05 15:27:29.422705
SPNG,25.38,24.69,25.38,1987000.0,1271.0,2028100.0,,,,,,0,0,0,0,0,0,0,0,0,0,0,0,0,0,0,0,0,0,0,0,0,0,0,0,0,0,0,0,30,2026-02-05 15:27:30.477420
SMMR,25.09,24.94,25.06,1927500.0,3422.0,2082000.0,1080.0,,,,,0,0,0,0,0,0,0,0,0,0,0,0,0,0,0,0,0,0,0,0,0,0,0,0,0,0,0,0,30,2026-02-05 15:27:30.477420
ATMN,24.84,24.83,24.84,1759000.0,,1603400.0,4320.0,6750.0,6750.0,,,0,0,0,0,0,0,0,0,0,0,0,0,0,0,0,0,0,0,0,0,0,0,0,0,0,0,0,0,30,2026-02-05 15:27:30.477420
WNTR,24.86,24.86,24.91,2060600.0,2570.0,2098100.0,1807.0,,,100.0,9687.0,0,0,0,0,0,0,0,0,0,0,0,0,0,0,0,0,0,0,0,0,0,0,0,0,0,0,0,0,30,2026-02-05 15:27:30.477420
SPNG,25.39,24.91,25.39,2924.0,1870900.0,2040100.0,,,,,0,0,0,0,0,0,0,0,0,0,0,0,0,0,0,0,0,0,0,0,0,0,0,0,0,0,0,0,0,31,2026-02-05 15:27:31.528744
SMMR,25.06,24.98,25.06,3422.0,1708400.0,1965500.0,7256.0,7359.0,1080.0,,0,0,0,0,0,0,0,0,0,0,0,0,0,0,0,0,0,0,0,0,0,0,0,0,0,0,0,0,0,31,2026-02-05 15:27:31.528744
ATMN,24.84,24.87,24.96,,2062800.0,1490700.0,,7359.0,4320.0,6750.0,0,0,0,0,0,0,0,0,0,0,0,0,0,0,0,0,0,0,0,0,0,0,0,0,0,0,0,0,0,31,2026-02-05 15:27:31.528744
WNTR,24.86,24.88,24.89,2570.0,1951200.0,1746600.0,1716.0,19107.0,4377.0,,0,0,0,0,0,0,0,0,0,0,0,0,0,0,0,0,0,0,0,0,0,0,0,0,0,0,0,0,0,31,2026-02-05 15:27:31.528744
SPNG,25.39,25.4,25.45,1777500.0,1653.0,100.0,3000.0,3000.0,1942100.0,,,0,0,0,0,0,0,0,0,0,0,0,0,0,0,0,0,0,0,0,0,0,0,0,0,0,0,0,0,32,2026-02-05 15:27:32.091741
SMMR,25.04,25.08,25.12,1734000.0,3422.0,7256.0,,,2079100.0,1080.0,,0,0,0,0,0,0,0,0,0,0,0,0,0,0,0,0,0,0,0,0,0,0,0,0,0,0,0,0,32,2026-02-05 15:27:32.091741
ATMN,24.96,24.83,24.95,1959500.0,,7156.0,,9000.0,1405700.0,4320.0,7359.0,0,0,0,0,0,0,0,0,0,0,0,0,0,0,0,0,0,0,0,0,0,0,0,0,0,0,0,0,32,2026-02-05 15:27:32.091741
WNTR,24.94,24.88,24.94,1980400.0,2570.0,1716.0,,,2183500.0,1807.0,,0,0,0,0,0,0,0,0,0,0,0,0,0,0,0,0,0,0,0,0,0,0,0,0,0,0,0,0,32,2026-02-05 15:27:32.091741
SPNG,25.4,25.41,25.45,9000.0,1478800.0,5903.0,1653.0,9000.0,1741400.0,,,0,0,0,0,0,0,0,0,0,0,0,0,0,0,0,0,0,0,0,0,0,0,0,0,0,0,0,0,33,2026-02-05 15:27:33.161557
SMMR,24.94,24.94,25.0,,2057800.0,,1711.0,,1887200.0,4888.0,,0,0,0,0,0,0,0,0,0,0,0,0,0,0,0,0,0,0,0,0,0,0,0,0,0,0,0,0,33,2026-02-05 15:27:33.161557
ATMN,24.74,24.74,24.93,,2003900.0,,1271.0,13500.0,1183500.0,4320.0,7359.0,0,0,0,0,0,0,0,0,0,0,0,0,0,0,0,0,0,0,0,0,0,0,0,0,0,0,0,0,33,2026-02-05 15:27:33.161557
WNTR,24.88,24.88,24.91,,1958700.0,1716.0,2570.0,,2199800.0,1807.0,,0,0,0,0,0,0,0,0,0,0,0,0,0,0,0,0,0,0,0,0,0,0,0,0,0,0,0,0,33,2026-02-05 15:27:33.161557
SPNG,24.56,25.21,25.45,2114900.0,15000.0,5766.0,1397600.0,,,,0,0,0,0,0,0,0,0,0,0,0,0,0,0,0,0,0,0,0,0,0,0,0,0,0,0,0,0,0,34,2026-02-05 15:27:34.279451
SMMR,24.86,24.86,24.98,2036300.0,,7338.0,1783700.0,1711.0,4888.0,,0,0,0,0,0,0,0,0,0,0,0,0,0,0,0,0,0,0,0,0,0,0,0,0,0,0,0,0,0,34,2026-02-05 15:27:34.279451
ATMN,25.01,24.92,25.01,1762700.0,,,2116300.0,2542.0,,588.0,0,0,0,0,0,0,0,0,0,0,0,0,0,0,0,0,0,0,0,0,0,0,0,0,0,0,0,0,0,34,2026-02-05 15:27:34.279451
WNTR,24.86,24.86,24.9,2083400.0,,6784.0,2081400.0,2570.0,1807.0,6551.0,0,0,0,0,0,0,0,0,0,0,0,0,0,0,0,0,0,0,0,0,0,0,0,0,0,0,0,0,0,34,2026-02-05 15:27:34.279451
SPNG,25.21,24.76,24.84,1914.0,2007700.0,1131000.0,6666.0,21000.0,,,,0,0,0,0,0,0,0,0,0,0,0,0,0,0,0,0,0,0,0,0,0,0,0,0,0,0,0,0,35,2026-02-05 15:27:35.357321
SMMR,24.85,24.85,24.94,1711.0,2033800.0,1681000.0,15756.0,,4888.0,,,0,0,0,0,0,0,0,0,0,0,0,0,0,0,0,0,0,0,0,0,0,0,0,0,0,0,0,0,35,2026-02-05 15:27:35.357321
ATMN,25.01,24.93,24.96,2542.0,1452200.0,2001700.0,3865.0,,,4453.0,4500.0,0,0,0,0,0,0,0,0,0,0,0,0,0,0,0,0,0,0,0,0,0,0,0,0,0,0,0,0,35,2026-02-05 15:27:35.357321
WNTR,24.86,24.86,24.87,3445.0,2005300.0,1593700.0,19449.0,,3967.0,6551.0,,0,0,0,0,0,0,0,0,0,0,0,0,0,0,0,0,0,0,0,0,0,0,0,0,0,0,0,0,35,2026-02-05 15:27:35.357321
SPNG,25.21,24.76,24.8,3828.0,1912900.0,3828.0,30000.0,824800.0,,0,0,0,0,0,0,0,0,0,0,0,0,0,0,0,0,0,0,0,0,0,0,0,0,0,0,0,0,0,0,36,2026-02-05 15:27:36.423355
SMMR,25.02,25.03,25.1,4975.0,1816600.0,2984.0,,1992700.0,,0,0,0,0,0,0,0,0,0,0,0,0,0,0,0,0,0,0,0,0,0,0,0,0,0,0,0,0,0,0,36,2026-02-05 15:27:36.423355
ATMN,25.01,24.93,25.01,2542.0,1369800.0,,,2117100.0,11250.0,0,0,0,0,0,0,0,0,0,0,0,0,0,0,0,0,0,0,0,0,0,0,0,0,0,0,0,0,0,0,36,2026-02-05 15:27:36.423355
WNTR,24.91,24.92,24.94,3445.0,2138200.0,1807.0,,2167600.0,,0,0,0,0,0,0,0,0,0,0,0,0,0,0,0,0,0,0,0,0,0,0,0,0,0,0,0,0,0,0,36,2026-02-05 15:27:36.423355
SPNG,24.84,25.42,25.45,1815500.0,3828.0,5754.0,18000.0,1397600.0,,,,0,0,0,0,0,0,0,0,0,0,0,0,0,0,0,0,0,0,0,0,0,0,0,0,0,0,0,0,37,2026-02-05 15:27:37.475719
SMMR,25.03,24.88,25.02,1685900.0,4975.0,7946.0,,1872900.0,100.0,2984.0,,0,0,0,0,0,0,0,0,0,0,0,0,0,0,0,0,0,0,0,0,0,0,0,0,0,0,0,0,37,2026-02-05 15:27:37.475719
ATMN,25.06,24.93,24.95,855800.0,5433.0,6600.0,,1995300.0,,2081.0,18000.0,0,0,0,0,0,0,0,0,0,0,0,0,0,0,0,0,0,0,0,0,0,0,0,0,0,0,0,0,37,2026-02-05 15:27:37.475719
WNTR,24.92,24.93,24.94,2025700.0,2365.0,19649.0,,2193300.0,,1807.0,,0,0,0,0,0,0,0,0,0,0,0,0,0,0,0,0,0,0,0,0,0,0,0,0,0,0,0,0,37,2026-02-05 15:27:37.475719
SPNG,24.88,25.24,25.44,9000.0,1380900.0,5854.0,3828.0,27000.0,1133700.0,,,0,0,0,0,0,0,0,0,0,0,0,0,0,0,0,0,0,0,0,0,0,0,0,0,0,0,0,0,38,2026-02-05 15:27:38.529478
SMMR,25.02,24.92,25.01,,1588900.0,14939.0,4975.0,,1740100.0,4664.0,2984.0,0,0,0,0,0,0,0,0,0,0,0,0,0,0,0,0,0,0,0,0,0,0,0,0,0,0,0,0,38,2026-02-05 15:27:38.529478
ATMN,25.08,24.95,25.08,4500.0,1364900.0,5947.0,5433.0,,2109200.0,,,0,0,0,0,0,0,0,0,0,0,0,0,0,0,0,0,0,0,0,0,0,0,0,0,0,0,0,0,38,2026-02-05 15:27:38.529478
WNTR,24.94,24.93,24.94,,1925000.0,19649.0,4469.0,,1967900.0,,4991.0,0,0,0,0,0,0,0,0,0,0,0,0,0,0,0,0,0,0,0,0,0,0,0,0,0,0,0,0,38,2026-02-05 15:27:38.529478
SPNG,25.08,24.85,25.08,100.0,12000.0,1489300.0,1914.0,853800.0,30000.0,2254.0,,0,0,0,0,0,0,0,0,0,0,0,0,0,0,0,0,0,0,0,0,0,0,0,0,0,0,0,0,39,2026-02-05 15:27:39.578808
SMMR,24.9,24.85,24.9,,,1914600.0,3343.0,1851200.0,,2984.0,1104.0,0,0,0,0,0,0,0,0,0,0,0,0,0,0,0,0,0,0,0,0,0,0,0,0,0,0,0,0,39,2026-02-05 15:27:39.578808
ATMN,25.08,24.99,25.04,100.0,,1741900.0,5433.0,1798200.0,4500.0,,5271.0,0,0,0,0,0,0,0,0,0,0,0,0,0,0,0,0,0,0,0,0,0,0,0,0,0,0,0,0,39,2026-02-05 15:27:39.578808
WNTR,24.86,24.86,24.88,,,2248900.0,2365.0,1829900.0,,4991.0,7513.0,0,0,0,0,0,0,0,0,0,0,0,0,0,0,0,0,0,0,0,0,0,0,0,0,0,0,0,0,39,2026-02-05 15:27:39.578808
SPNG,25.44,24.85,25.43,100.0,15000.0,1399400.0,1914.0,27000.0,945600.0,2254.0,,0,0,0,0,0,0,0,0,0,0,0,0,0,0,0,0,0,0,0,0,0,0,0,0,0,0,0,0,40,2026-02-05 15:27:40.135930
SMMR,24.9,24.85,24.9,,,1882500.0,3343.0,,1721800.0,5000.0,1104.0,0,0,0,0,0,0,0,0,0,0,0,0,0,0,0,0,0,0,0,0,0,0,0,0,0,0,0,0,40,2026-02-05 15:27:40.135930
ATMN,24.97,24.97,25.04,,,1851700.0,5433.0,6750.0,1686700.0,,5271.0,0,0,0,0,0,0,0,0,0,0,0,0,0,0,0,0,0,0,0,0,0,0,0,0,0,0,0,0,40,2026-02-05 15:27:40.135930
WNTR,24.86,24.86,24.88,,,2258900.0,2365.0,,1829900.0,4991.0,7513.0,0,0,0,0,0,0,0,0,0,0,0,0,0,0,0,0,0,0,0,0,0,0,0,0,0,0,0,0,40,2026-02-05 15:27:40.135930
SPNG,24.82,24.83,24.85,3000.0,1931800.0,1914.0,624400.0,33000.0,1008.0,2254.0,,0,0,0,0,0,0,0,0,0,0,0,0,0,0,0,0,0,0,0,0,0,0,0,0,0,0,0,0,41,2026-02-05 15:27:41.194608
SMMR,24.9,24.87,24.9,,1770500.0,3343.0,1525300.0,,3986.0,7016.0,5817.0,0,0,0,0,0,0,0,0,0,0,0,0,0,0,0,0,0,0,0,0,0,0,0,0,0,0,0,0,41,2026-02-05 15:27:41.194608
ATMN,24.92,24.89,24.91,,1960500.0,1271.0,1284300.0,11250.0,7800.0,1225.0,,0,0,0,0,0,0,0,0,0,0,0,0,0,0,0,0,0,0,0,0,0,0,0,0,0,0,0,0,41,2026-02-05 15:27:41.194608
WNTR,24.85,24.85,24.94,,2216200.0,2365.0,1961900.0,,,4991.0,,0,0,0,0,0,0,0,0,0,0,0,0,0,0,0,0,0,0,0,0,0,0,0,0,0,0,0,0,41,2026-02-05 15:27:41.194608
SPNG,24.82,24.83,24.84,3715.0,1968500.0,1914.0,30000.0,624400.0,1108.0,2254.0,0,0,0,0,0,0,0,0,0,0,0,0,0,0,0,0,0,0,0,0,0,0,0,0,0,0,0,0,0,42,2026-02-05 15:27:42.267626
SMMR,25.01,25.01,25.08,10000.0,1882500.0,1632.0,,1863700.0,1104.0,2984.0,0,0,0,0,0,0,0,0,0,0,0,0,0,0,0,0,0,0,0,0,0,0,0,0,0,0,0,0,0,42,2026-02-05 15:27:42.267626
ATMN,24.86,24.86,24.91,,1988500.0,1271.0,9000.0,1382100.0,100.0,2450.0,0,0,0,0,0,0,0,0,0,0,0,0,0,0,0,0,0,0,0,0,0,0,0,0,0,0,0,0,0,42,2026-02-05 15:27:42.267626
WNTR,24.85,24.85,24.92,,2206900.0,2365.0,,1841400.0,8742.0,5435.0,0,0,0,0,0,0,0,0,0,0,0,0,0,0,0,0,0,0,0,0,0,0,0,0,0,0,0,0,0,42,2026-02-05 15:27:42.267626
SPNG,24.85,24.83,24.84,5094.0,100.0,1719100.0,24000.0,2964.0,956700.0,2717.0,,0,0,0,0,0,0,0,0,0,0,0,0,0,0,0,0,0,0,0,0,0,0,0,0,0,0,0,0,43,2026-02-05 15:27:43.325802
SMMR,25.01,25.04,25.08,1632.0,3606.0,1882500.0,,5817.0,1822900.0,2984.0,,0,0,0,0,0,0,0,0,0,0,0,0,0,0,0,0,0,0,0,0,0,0,0,0,0,0,0,0,43,2026-02-05 15:27:43.325802
ATMN,24.95,25.02,25.07,1271.0,1035.0,1803500.0,11250.0,,1377000.0,2450.0,2250.0,0,0,0,0,0,0,0,0,0,0,0,0,0,0,0,0,0,0,0,0,0,0,0,0,0,0,0,0,43,2026-02-05 15:27:43.325802
WNTR,25.01,24.86,25.01,2365.0,5878.0,2099200.0,,,2181800.0,1807.0,,0,0,0,0,0,0,0,0,0,0,0,0,0,0,0,0,0,0,0,0,0,0,0,0,0,0,0,0,43,2026-02-05 15:27:43.325802
SPNG,24.89,25.22,25.43,1644300.0,5094.0,2012.0,18000.0,1342100.0,1127.0,,,0,0,0,0,0,0,0,0,0,0,0,0,0,0,0,0,0,0,0,0,0,0,0,0,0,0,0,0,44,2026-02-05 15:27:44.388697
SMMR,24.89,24.84,24.89,2002500.0,1632.0,,,1561900.0,6468.0,6921.0,,0,0,0,0,0,0,0,0,0,0,0,0,0,0,0,0,0,0,0,0,0,0,0,0,0,0,0,0,44,2026-02-05 15:27:44.388697
ATMN,25.03,24.87,24.97,1803000.0,1271.0,,15750.0,1072000.0,2450.0,100.0,4500.0,0,0,0,0,0,0,0,0,0,0,0,0,0,0,0,0,0,0,0,0,0,0,0,0,0,0,0,0,44,2026-02-05 15:27:44.388697
WNTR,24.85,24.85,24.92,2204600.0,2365.0,,,2063600.0,1807.0,9976.0,,0,0,0,0,0,0,0,0,0,0,0,0,0,0,0,0,0,0,0,0,0,0,0,0,0,0,0,0,44,2026-02-05 15:27:44.388697
SPNG,24.89,25.22,25.43,1838300.0,5094.0,15000.0,1453900.0,1127.0,,0,0,0,0,0,0,0,0,0,0,0,0,0,0,0,0,0,0,0,0,0,0,0,0,0,0,0,0,0,0,45,2026-02-05 15:27:45.458818
SMMR,24.83,24.83,24.89,2127200.0,,,1753500.0,6468.0,,0,0,0,0,0,0,0,0,0,0,0,0,0,0,0,0,0,0,0,0,0,0,0,0,0,0,0,0,0,0,45,2026-02-05 15:27:45.458818
ATMN,24.74,24.68,24.7,1761600.0,,18000.0,977700.0,5539.0,6750.0,0,0,0,0,0,0,0,0,0,0,0,0,0,0,0,0,0,0,0,0,0,0,0,0,0,0,0,0,0,0,45,2026-02-05 15:27:45.458818
WNTR,24.94,24.85,24.86,2201100.0,2365.0,,2103100.0,2887.0,,0,0,0,0,0,0,0,0,0,0,0,0,0,0,0,0,0,0,0,0,0,0,0,0,0,0,0,0,0,0,45,2026-02-05 15:27:45.458818
SPNG,24.76,24.76,25.33,2184300.0,18000.0,1352800.0,1127.0,,,0,0,0,0,0,0,0,0,0,0,0,0,0,0,0,0,0,0,0,0,0,0,0,0,0,0,0,0,0,0,46,2026-02-05 15:27:46.508584
SMMR,24.89,25.01,25.05,2119800.0,,1821400.0,4726.0,,,0,0,0,0,0,0,0,0,0,0,0,0,0,0,0,0,0,0,0,0,0,0,0,0,0,0,0,0,0,0,46,2026-02-05 15:27:46.508584
ATMN,24.96,24.96,25.01,1547200.0,20250.0,1076500.0,1225.0,11250.0,,0,0,0,0,0,0,0,0,0,0,0,0,0,0,0,0,0,0,0,0,0,0,0,0,0,0,0,0,0,0,46,2026-02-05 15:27:46.508584
WNTR,24.94,24.85,24.94,2218900.0,,2228000.0,1807.0,,2365.0,0,0,0,0,0,0,0,0,0,0,0,0,0,0,0,0,0,0,0,0,0,0,0,0,0,0,0,0,0,0,46,2026-02-05 15:27:46.508584
SPNG,24.76,24.76,24.98,2184300.0,18000.0,1355800.0,1127.0,,,0,0,0,0,0,0,0,0,0,0,0,0,0,0,0,0,0,0,0,0,0,0,0,0,0,0,0,0,0,0,47,2026-02-05 15:27:47.568947
SMMR,24.89,25.01,25.02,2109500.0,,1636500.0,6886.0,,,0,0,0,0,0,0,0,0,0,0,0,0,0,0,0,0,0,0,0,0,0,0,0,0,0,0,0,0,0,0,47,2026-02-05 15:27:47.568947
ATMN,24.96,24.96,24.97,1239000.0,22500.0,777800.0,3385.0,2160.0,13500.0,0,0,0,0,0,0,0,0,0,0,0,0,0,0,0,0,0,0,0,0,0,0,0,0,0,0,0,0,0,0,47,2026-02-05 15:27:47.568947
WNTR,24.94,24.87,24.94,2215200.0,,2228000.0,1807.0,2365.0,,0,0,0,0,0,0,0,0,0,0,0,0,0,0,0,0,0,0,0,0,0,0,0,0,0,0,0,0,0,0,47,2026-02-05 15:27:47.568947
SPNG,24.67,24.91,24.93,4202.0,3000.0,1866400.0,1336500.0,18000.0,1127.0,0,0,0,0,0,0,0,0,0,0,0,0,0,0,0,0,0,0,0,0,0,0,0,0,0,0,0,0,0,0,48,2026-02-05 15:27:48.634591
SMMR,24.87,24.87,25.02,,,2099400.0,1636500.0,,6886.0,0,0,0,0,0,0,0,0,0,0,0,0,0,0,0,0,0,0,0,0,0,0,0,0,0,0,0,0,0,0,48,2026-02-05 15:27:48.634591
ATMN,24.88,24.68,24.88,,15750.0,1351200.0,650700.0,24750.0,3385.0,0,0,0,0,0,0,0,0,0,0,0,0,0,0,0,0,0,0,0,0,0,0,0,0,0,0,0,0,0,0,48,2026-02-05 15:27:48.634591
WNTR,24.91,24.93,25.01,6227.0,,1977700.0,2190600.0,,1807.0,0,0,0,0,0,0,0,0,0,0,0,0,0,0,0,0,0,0,0,0,0,0,0,0,0,0,0,0,0,0,48,2026-02-05 15:27:48.634591
SPNG,25.34,24.91,25.34,4202.0,6000.0,1738300.0,1748200.0,6000.0,1127.0,0,0,0,0,0,0,0,0,0,0,0,0,0,0,0,0,0,0,0,0,0,0,0,0,0,0,0,0,0,0,49,2026-02-05 15:27:49.174362
SMMR,25.11,24.93,25.11,,,2115600.0,1927100.0,,2984.0,0,0,0,0,0,0,0,0,0,0,0,0,0,0,0,0,0,0,0,0,0,0,0,0,0,0,0,0,0,0,49,2026-02-05 15:27:49.174362
ATMN,24.88,24.77,24.88,,18000.0,1211200.0,562700.0,27000.0,3385.0,0,0,0,0,0,0,0,0,0,0,0,0,0,0,0,0,0,0,0,0,0,0,0,0,0,0,0,0,0,0,49,2026-02-05 15:27:49.174362
WNTR,24.91,24.91,25.03,6227.0,,1993700.0,2201400.0,,1807.0,0,0,0,0,0,0,0,0,0,0,0,0,0,0,0,0,0,0,0,0,0,0,0,0,0,0,0,0,0,0,49,2026-02-05 15:27:49.174362
SPNG,25.34,24.91,25.34,4202.0,9000.0,1628800.0,1950100.0,1127.0,,0,0,0,0,0,0,0,0,0,0,0,0,0,0,0,0,0,0,0,0,0,0,0,0,0,0,0,0,0,0,50,2026-02-05 15:27:50.223886
SMMR,24.93,25.02,25.1,,,2152600.0,1917700.0,2984.0,,0,0,0,0,0,0,0,0,0,0,0,0,0,0,0,0,0,0,0,0,0,0,0,0,0,0,0,0,0,0,50,2026-02-05 15:27:50.223886
ATMN,24.81,24.78,24.81,,22500.0,1038800.0,1317000.0,1225.0,15750.0,0,0,0,0,0,0,0,0,0,0,0,0,0,0,0,0,0,0,0,0,0,0,0,0,0,0,0,0,0,0,50,2026-02-05 15:27:50.223886
WNTR,25.03,25.04,25.09,6227.0,,2001900.0,2195100.0,1807.0,,0,0,0,0,0,0,0,0,0,0,0,0,0,0,0,0,0,0,0,0,0,0,0,0,0,0,0,0,0,0,50,2026-02-05 15:27:50.223886
SPNG,25.34,24.61,25.34,2055600.0,3000.0,1880700.0,3000.0,1127.0,,,,0,0,0,0,0,0,0,0,0,0,0,0,0,0,0,0,0,0,0,0,0,0,0,0,0,0,0,0,51,2026-02-05 15:27:51.278948
SMMR,25.02,25.02,25.1,2040200.0,3900.0,1825700.0,3900.0,2984.0,,,,0,0,0,0,0,0,0,0,0,0,0,0,0,0,0,0,0,0,0,0,0,0,0,0,0,0,0,0,51,2026-02-05 15:27:51.278948
ATMN,25.02,24.77,25.02,1171000.0,3600.0,1630900.0,3600.0,1225.0,18000.0,6750.0,,0,0,0,0,0,0,0,0,0,0,0,0,0,0,0,0,0,0,0,0,0,0,0,0,0,0,0,0,51,2026-02-05 15:27:51.278948
WNTR,25.04,25.04,25.07,1759000.0,4500.0,2056100.0,4500.0,1807.0,,,8602.0,0,0,0,0,0,0,0,0,0,0,0,0,0,0,0,0,0,0,0,0,0,0,0,0,0,0,0,0,51,2026-02-05 15:27:51.278948
SPNG,25.04,24.78,25.04,3000.0,2078800.0,1694300.0,3000.0,3627.0,3000.0,,,0,0,0,0,0,0,0,0,0,0,0,0,0,0,0,0,0,0,0,0,0,0,0,0,0,0,0,0,52,2026-02-05 15:27:52.341331
SMMR,25.1,25.07,25.1,,2049600.0,1893300.0,3900.0,2984.0,,3900.0,,0,0,0,0,0,0,0,0,0,0,0,0,0,0,0,0,0,0,0,0,0,0,0,0,0,0,0,0,52,2026-02-05 15:27:52.341331
ATMN,25.02,25.0,25.02,15750.0,1274800.0,1935600.0,3600.0,1225.0,,3600.0,,0,0,0,0,0,0,0,0,0,0,0,0,0,0,0,0,0,0,0,0,0,0,0,0,0,0,0,0,52,2026-02-05 15:27:52.341331
WNTR,24.84,24.84,24.97,,2225800.0,1713000.0,9000.0,6113.0,,,2365.0,0,0,0,0,0,0,0,0,0,0,0,0,0,0,0,0,0,0,0,0,0,0,0,0,0,0,0,0,52,2026-02-05 15:27:52.341331
SPNG,25.03,24.91,25.03,1967100.0,3000.0,3000.0,6000.0,1471700.0,3000.0,6127.0,,0,0,0,0,0,0,0,0,0,0,0,0,0,0,0,0,0,0,0,0,0,0,0,0,0,0,0,0,53,2026-02-05 15:27:53.386090
SMMR,24.92,24.87,24.9,2001300.0,3900.0,,,1562900.0,7800.0,7984.0,,0,0,0,0,0,0,0,0,0,0,0,0,0,0,0,0,0,0,0,0,0,0,0,0,0,0,0,0,53,2026-02-05 15:27:53.386090
ATMN,25.02,25.01,25.02,1267500.0,7200.0,9000.0,,1836900.0,7200.0,1225.0,5000.0,0,0,0,0,0,0,0,0,0,0,0,0,0,0,0,0,0,0,0,0,0,0,0,0,0,0,0,0,53,2026-02-05 15:27:53.386090
WNTR,24.84,24.84,24.97,2199000.0,,,,1830600.0,4500.0,6113.0,2365.0,0,0,0,0,0,0,0,0,0,0,0,0,0,0,0,0,0,0,0,0,0,0,0,0,0,0,0,0,53,2026-02-05 15:27:53.386090
SPNG,25.23,24.92,25.23,12000.0,1516600.0,6000.0,6000.0,1368700.0,6127.0,6000.0,,0,0,0,0,0,0,0,0,0,0,0,0,0,0,0,0,0,0,0,0,0,0,0,0,0,0,0,0,54,2026-02-05 15:27:54.429085
SMMR,24.92,24.87,24.9,,1905800.0,7800.0,,1689600.0,7984.0,3900.0,,0,0,0,0,0,0,0,0,0,0,0,0,0,0,0,0,0,0,0,0,0,0,0,0,0,0,0,0,54,2026-02-05 15:27:54.429085
ATMN,24.99,24.99,25.01,13500.0,1177800.0,3600.0,,1714300.0,6225.0,3600.0,5000.0,0,0,0,0,0,0,0,0,0,0,0,0,0,0,0,0,0,0,0,0,0,0,0,0,0,0,0,0,54,2026-02-05 15:27:54.429085
WNTR,24.96,24.95,24.96,,2101300.0,4500.0,,2071300.0,3960.0,,2365.0,0,0,0,0,0,0,0,0,0,0,0,0,0,0,0,0,0,0,0,0,0,0,0,0,0,0,0,0,54,2026-02-05 15:27:54.429085
SPNG,24.68,24.62,24.68,6000.0,1714800.0,6000.0,1352800.0,6000.0,15000.0,,0,0,0,0,0,0,0,0,0,0,0,0,0,0,0,0,0,0,0,0,0,0,0,0,0,0,0,0,0,55,2026-02-05 15:27:55.464404
SMMR,25.02,25.03,25.08,,1941100.0,7800.0,1984300.0,3900.0,,3000.0,0,0,0,0,0,0,0,0,0,0,0,0,0,0,0,0,0,0,0,0,0,0,0,0,0,0,0,0,0,55,2026-02-05 15:27:55.464404
ATMN,24.84,24.84,24.95,13500.0,1284800.0,7200.0,1888700.0,3600.0,2250.0,,0,0,0,0,0,0,0,0,0,0,0,0,0,0,0,0,0,0,0,0,0,0,0,0,0,0,0,0,0,55,2026-02-05 15:27:55.464404
WNTR,24.84,24.84,24.85,,2336200.0,4500.0,1949200.0,4500.0,,6000.0,0,0,0,0,0,0,0,0,0,0,0,0,0,0,0,0,0,0,0,0,0,0,0,0,0,0,0,0,0,55,2026-02-05 15:27:55.464404
SPNG,25.32,25.32,25.35,2176200.0,2119900.0,,,,,,0,0,0,0,0,0,0,0,0,0,0,0,0,0,0,0,0,0,0,0,0,0,0,0,0,0,0,0,0,56,2026-02-05 15:27:56.500563
SMMR,24.87,24.87,25.07,2121700.0,2056300.0,1500.0,,,,,0,0,0,0,0,0,0,0,0,0,0,0,0,0,0,0,0,0,0,0,0,0,0,0,0,0,0,0,0,56,2026-02-05 15:27:56.500563
ATMN,24.84,24.84,24.85,1377800.0,1762800.0,,3600.0,13500.0,4500.0,3600.0,0,0,0,0,0,0,0,0,0,0,0,0,0,0,0,0,0,0,0,0,0,0,0,0,0,0,0,0,0,56,2026-02-05 15:27:56.500563
WNTR,24.92,24.84,24.92,2336100.0,2170500.0,1500.0,4500.0,,,,0,0,0,0,0,0,0,0,0,0,0,0,0,0,0,0,0,0,0,0,0,0,0,0,0,0,0,0,0,56,2026-02-05 15:27:56.500563
SPNG,25.34,25.33,25.35,6000.0,1839800.0,3000.0,2125900.0,,,,,0,0,0,0,0,0,0,0,0,0,0,0,0,0,0,0,0,0,0,0,0,0,0,0,0,0,0,0,57,2026-02-05 15:27:57.546358
SMMR,24.87,24.92,25.03,,1923600.0,7800.0,1875100.0,1500.0,7800.0,,,0,0,0,0,0,0,0,0,0,0,0,0,0,0,0,0,0,0,0,0,0,0,0,0,0,0,0,0,57,2026-02-05 15:27:57.546358
ATMN,24.77,24.84,24.92,11250.0,1371100.0,7200.0,1469300.0,,7200.0,6750.0,1033.0,0,0,0,0,0,0,0,0,0,0,0,0,0,0,0,0,0,0,0,0,0,0,0,0,0,0,0,0,57,2026-02-05 15:27:57.546358
WNTR,25.0,25.06,25.07,,2252000.0,9000.0,2202900.0,762.0,,,,0,0,0,0,0,0,0,0,0,0,0,0,0,0,0,0,0,0,0,0,0,0,0,0,0,0,0,0,57,2026-02-05 15:27:57.546358
SPNG,25.0,25.0,25.34,2168600.0,2122900.0,,0,0,0,0,0,0,0,0,0,0,0,0,0,0,0,0,0,0,0,0,0,0,0,0,0,0,0,0,0,0,0,0,0,58,2026-02-05 15:27:58.599588
SMMR,25.03,25.03,25.1,2144900.0,2161400.0,,0,0,0,0,0,0,0,0,0,0,0,0,0,0,0,0,0,0,0,0,0,0,0,0,0,0,0,0,0,0,0,0,0,58,2026-02-05 15:27:58.599588
ATMN,24.89,24.77,24.89,2078700.0,1913800.0,2066.0,0,0,0,0,0,0,0,0,0,0,0,0,0,0,0,0,0,0,0,0,0,0,0,0,0,0,0,0,0,0,0,0,0,58,2026-02-05 15:27:58.599588
WNTR,25.07,25.06,25.07,2474700.0,2307600.0,,0,0,0,0,0,0,0,0,0,0,0,0,0,0,0,0,0,0,0,0,0,0,0,0,0,0,0,0,0,0,0,0,0,58,2026-02-05 15:27:58.599588
SPNG,25.34,25.0,25.34,2168600.0,2122200.0,0,0,0,0,0,0,0,0,0,0,0,0,0,0,0,0,0,0,0,0,0,0,0,0,0,0,0,0,0,0,0,0,0,0,59,2026-02-05 15:27:59.655228
SMMR,24.95,24.95,25.1,2143400.0,2146100.0,0,0,0,0,0,0,0,0,0,0,0,0,0,0,0,0,0,0,0,0,0,0,0,0,0,0,0,0,0,0,0,0,0,0,59,2026-02-05 15:27:59.655228
ATMN,24.89,24.79,24.89,2061800.0,2096500.0,0,0,0,0,0,0,0,0,0,0,0,0,0,0,0,0,0,0,0,0,0,0,0,0,0,0,0,0,0,0,0,0,0,0,59,2026-02-05 15:27:59.655228
WNTR,25.01,25.01,25.07,2429100.0,2321400.0,0,0,0,0,0,0,0,0,0,0,0,0,0,0,0,0,0,0,0,0,0,0,0,0,0,0,0,0,0,0,0,0,0,0,59,2026-02-05 15:27:59.655228
SPNG,26.21,26.21,27.93,918300.0,600600.0,0,0,0,0,0,0,0,0,0,0,0,0,0,0,0,0,0,0,0,0,0,0,0,0,0,0,0,0,0,0,0,0,0,0,60,2026-02-05 15:28:00.729340
SMMR,24.95,23.78,0.0,200000.0,,0,0,0,0,0,0,0,0,0,0,0,0,0,0,0,0,0,0,0,0,0,0,0,0,0,0,0,0,0,0,0,0,0,0,60,2026-02-05 15:28:00.729340
ATMN,25.12,24.48,24.75,948200.0,831400.0,0,0,0,0,0,0,0,0,0,0,0,0,0,0,0,0,0,0,0,0,0,0,0,0,0,0,0,0,0,0,0,0,0,0,60,2026-02-05 15:28:00.729340
WNTR,25.99,25.99,26.0,905300.0,977300.0,0,0,0,0,0,0,0,0,0,0,0,0,0,0,0,0,0,0,0,0,0,0,0,0,0,0,0,0,0,0,0,0,0,0,60,2026-02-05 15:28:00.729340
SPNG,25.74,25.74,26.36,982400.0,695400.0,0,0,0,0,0,0,0,0,0,0,0,0,0,0,0,0,0,0,0,0,0,0,0,0,0,0,0,0,0,0,0,0,0,0,61,2026-02-05 15:28:01.274908
SMMR,24.14,24.14,24.57,901700.0,848300.0,0,0,0,0,0,0,0,0,0,0,0,0,0,0,0,0,0,0,0,0,0,0,0,0,0,0,0,0,0,0,0,0,0,0,61,2026-02-05 15:28:01.274908
ATMN,24.48,24.48,24.54,1006800.0,1022400.0,0,0,0,0,0,0,0,0,0,0,0,0,0,0,0,0,0,0,0,0,0,0,0,0,0,0,0,0,0,0,0,0,0,0,61,2026-02-05 15:28:01.274908
WNTR,25.99,25.99,26.0,1059800.0,1092700.0,0,0,0,0,0,0,0,0,0,0,0,0,0,0,0,0,0,0,0,0,0,0,0,0,0,0,0,0,0,0,0,0,0,0,61,2026-02-05 15:28:01.274908
SPNG,25.74,26.27,26.31,1276300.0,1000.0,1000.0,810500.0,0,0,0,0,0,0,0,0,0,0,0,0,0,0,0,0,0,0,0,0,0,0,0,0,0,0,0,0,0,0,0,0,62,2026-02-05 15:28:02.406189
SMMR,24.14,24.14,24.34,901700.0,1000.0,5223.0,1288700.0,0,0,0,0,0,0,0,0,0,0,0,0,0,0,0,0,0,0,0,0,0,0,0,0,0,0,0,0,0,0,0,0,62,2026-02-05 15:28:02.406189
ATMN,24.54,24.3,24.54,1131100.0,,,1022400.0,0,0,0,0,0,0,0,0,0,0,0,0,0,0,0,0,0,0,0,0,0,0,0,0,0,0,0,0,0,0,0,0,62,2026-02-05 15:28:02.406189
WNTR,26.07,25.91,26.04,959800.0,,3000.0,890900.0,0,0,0,0,0,0,0,0,0,0,0,0,0,0,0,0,0,0,0,0,0,0,0,0,0,0,0,0,0,0,0,0,62,2026-02-05 15:28:02.406189
SPNG,26.49,26.49,26.94,1380300.0,3000.0,931400.0,3000.0,0,0,0,0,0,0,0,0,0,0,0,0,0,0,0,0,0,0,0,0,0,0,0,0,0,0,0,0,0,0,0,0,63,2026-02-05 15:28:03.455453
SMMR,23.78,23.78,23.99,944100.0,3900.0,1483600.0,3900.0,0,0,0,0,0,0,0,0,0,0,0,0,0,0,0,0,0,0,0,0,0,0,0,0,0,0,0,0,0,0,0,0,63,2026-02-05 15:28:03.455453
ATMN,24.5,24.5,24.54,1255700.0,3600.0,1022400.0,3600.0,0,0,0,0,0,0,0,0,0,0,0,0,0,0,0,0,0,0,0,0,0,0,0,0,0,0,0,0,0,0,0,0,63,2026-02-05 15:28:03.455453
WNTR,26.07,26.08,26.19,1075600.0,4500.0,1126100.0,4500.0,0,0,0,0,0,0,0,0,0,0,0,0,0,0,0,0,0,0,0,0,0,0,0,0,0,0,0,0,0,0,0,0,63,2026-02-05 15:28:03.455453
SPNG,26.72,26.57,26.68,3000.0,1380300.0,6000.0,1270300.0,3792.0,3000.0,6000.0,,0,0,0,0,0,0,0,0,0,0,0,0,0,0,0,0,0,0,0,0,0,0,0,0,0,0,0,0,64,2026-02-05 15:28:04.522788
SMMR,23.78,23.68,23.72,3900.0,1227300.0,,1620000.0,,3900.0,,3936.0,0,0,0,0,0,0,0,0,0,0,0,0,0,0,0,0,0,0,0,0,0,0,0,0,0,0,0,0,64,2026-02-05 15:28:04.522788
ATMN,24.5,24.5,24.54,3600.0,1581000.0,2250.0,1144500.0,,3600.0,2250.0,,0,0,0,0,0,0,0,0,0,0,0,0,0,0,0,0,0,0,0,0,0,0,0,0,0,0,0,0,64,2026-02-05 15:28:04.522788
WNTR,25.85,25.91,26.06,4500.0,1043700.0,,1382300.0,,4500.0,,,0,0,0,0,0,0,0,0,0,0,0,0,0,0,0,0,0,0,0,0,0,0,0,0,0,0,0,0,64,2026-02-05 15:28:04.522788
SPNG,26.14,25.75,26.1,3000.0,1171100.0,3000.0,1321900.0,3000.0,9000.0,6000.0,3792.0,,,0,0,0,0,0,0,0,0,0,0,0,0,0,0,0,0,0,0,0,0,0,0,0,0,0,0,65,2026-02-05 15:28:05.561768
SMMR,23.92,23.92,23.94,,1472900.0,3900.0,1585900.0,3900.0,,,,3936.0,,0,0,0,0,0,0,0,0,0,0,0,0,0,0,0,0,0,0,0,0,0,0,0,0,0,0,65,2026-02-05 15:28:05.561768
ATMN,24.48,24.49,24.53,,1456400.0,3600.0,1356000.0,3600.0,6750.0,6000.0,3912.0,,6000.0,0,0,0,0,0,0,0,0,0,0,0,0,0,0,0,0,0,0,0,0,0,0,0,0,0,0,65,2026-02-05 15:28:05.561768
WNTR,26.01,25.85,25.96,,950000.0,4500.0,1510300.0,4500.0,,,,,,0,0,0,0,0,0,0,0,0,0,0,0,0,0,0,0,0,0,0,0,0,0,0,0,0,0,65,2026-02-05 15:28:05.561768
SPNG,26.09,26.09,26.1,1385900.0,2880.0,1150800.0,6000.0,2880.0,12000.0,3792.0,,0,0,0,0,0,0,0,0,0,0,0,0,0,0,0,0,0,0,0,0,0,0,0,0,0,0,0,0,66,2026-02-05 15:28:06.604478
SMMR,23.9,23.77,23.9,1491000.0,3900.0,1967800.0,,3900.0,,,3936.0,0,0,0,0,0,0,0,0,0,0,0,0,0,0,0,0,0,0,0,0,0,0,0,0,0,0,0,0,66,2026-02-05 15:28:06.604478
ATMN,24.31,24.31,24.54,1460800.0,3600.0,1264700.0,,3600.0,11250.0,3912.0,,0,0,0,0,0,0,0,0,0,0,0,0,0,0,0,0,0,0,0,0,0,0,0,0,0,0,0,0,66,2026-02-05 15:28:06.604478
WNTR,26.03,26.03,26.06,1084300.0,4500.0,1609300.0,,4500.0,,,4106.0,0,0,0,0,0,0,0,0,0,0,0,0,0,0,0,0,0,0,0,0,0,0,0,0,0,0,0,0,66,2026-02-05 15:28:06.604478
SPNG,26.09,26.09,26.1,1759200.0,3286.0,2880.0,1150800.0,3539.0,6000.0,2880.0,12000.0,,0,0,0,0,0,0,0,0,0,0,0,0,0,0,0,0,0,0,0,0,0,0,0,0,0,0,0,67,2026-02-05 15:28:07.646389
SMMR,23.78,23.67,23.68,1358700.0,,3900.0,2000400.0,,6000.0,3900.0,,,0,0,0,0,0,0,0,0,0,0,0,0,0,0,0,0,0,0,0,0,0,0,0,0,0,0,0,67,2026-02-05 15:28:07.646389
ATMN,24.6,24.6,24.62,1679200.0,,3600.0,1354200.0,,,,6750.0,6000.0,0,0,0,0,0,0,0,0,0,0,0,0,0,0,0,0,0,0,0,0,0,0,0,0,0,0,0,67,2026-02-05 15:28:07.646389
WNTR,25.9,25.9,25.97,941900.0,,4500.0,1719700.0,,6000.0,4500.0,,6000.0,0,0,0,0,0,0,0,0,0,0,0,0,0,0,0,0,0,0,0,0,0,0,0,0,0,0,0,67,2026-02-05 15:28:07.646389
SPNG,26.35,26.15,26.31,1644000.0,6000.0,3000.0,3286.0,6000.0,15000.0,1217500.0,1896.0,,,0,0,0,0,0,0,0,0,0,0,0,0,0,0,0,0,0,0,0,0,0,0,0,0,0,0,68,2026-02-05 15:28:08.693174
SMMR,23.96,23.73,23.77,1617100.0,7800.0,,2316.0,7800.0,,1848700.0,1158.0,,,0,0,0,0,0,0,0,0,0,0,0,0,0,0,0,0,0,0,0,0,0,0,0,0,0,0,68,2026-02-05 15:28:08.693174
ATMN,24.3,24.41,24.53,1335400.0,,,,,4500.0,1585700.0,,12000.0,,0,0,0,0,0,0,0,0,0,0,0,0,0,0,0,0,0,0,0,0,0,0,0,0,0,0,68,2026-02-05 15:28:08.693174
WNTR,25.89,25.85,25.97,1070100.0,9000.0,,,9000.0,,1835900.0,,,6000.0,0,0,0,0,0,0,0,0,0,0,0,0,0,0,0,0,0,0,0,0,0,0,0,0,0,0,68,2026-02-05 15:28:08.693174
SPNG,26.14,26.17,26.21,6516.0,9000.0,6000.0,1274400.0,3286.0,21000.0,4344.0,1135700.0,1896.0,,,,0,0,0,0,0,0,0,0,0,0,0,0,0,0,0,0,0,0,0,0,0,0,0,0,69,2026-02-05 15:28:09.791576
SMMR,23.81,23.59,23.81,,,,1377000.0,,,10000.0,1781700.0,,6000.0,7800.0,,0,0,0,0,0,0,0,0,0,0,0,0,0,0,0,0,0,0,0,0,0,0,0,0,69,2026-02-05 15:28:09.791576
ATMN,24.49,24.5,24.51,8688.0,6750.0,12000.0,1380100.0,3118.0,9000.0,8688.0,1585700.0,,,,,0,0,0,0,0,0,0,0,0,0,0,0,0,0,0,0,0,0,0,0,0,0,0,0,69,2026-02-05 15:28:09.791576
WNTR,25.9,25.87,25.9,8688.0,,,938300.0,,,8688.0,1708300.0,,12000.0,4500.0,4500.0,0,0,0,0,0,0,0,0,0,0,0,0,0,0,0,0,0,0,0,0,0,0,0,0,69,2026-02-05 15:28:09.791576
SPNG,26.09,26.1,26.21,3000.0,1836000.0,3286.0,24000.0,4344.0,1032900.0,1896.0,,,,,0,0,0,0,0,0,0,0,0,0,0,0,0,0,0,0,0,0,0,0,0,0,0,0,0,70,2026-02-05 15:28:10.342376
SMMR,23.82,23.82,23.83,,1475500.0,,,10000.0,1769400.0,,7800.0,2400.0,7800.0,,0,0,0,0,0,0,0,0,0,0,0,0,0,0,0,0,0,0,0,0,0,0,0,0,0,70,2026-02-05 15:28:10.342376
ATMN,24.41,24.41,24.51,4500.0,1644200.0,3118.0,11250.0,8688.0,1488300.0,,,,,4800.0,0,0,0,0,0,0,0,0,0,0,0,0,0,0,0,0,0,0,0,0,0,0,0,0,0,70,2026-02-05 15:28:10.342376
WNTR,25.76,25.76,25.9,,934200.0,,,8688.0,1596600.0,3688.0,,12000.0,,,0,0,0,0,0,0,0,0,0,0,0,0,0,0,0,0,0,0,0,0,0,0,0,0,0,70,2026-02-05 15:28:10.342376
SPNG,26.29,26.2,26.23,5643.0,1942000.0,3896.0,1211300.0,18000.0,,,,,,,0,0,0,0,0,0,0,0,0,0,0,0,0,0,0,0,0,0,0,0,0,0,0,0,0,71,2026-02-05 15:28:11.386348
SMMR,23.59,23.81,23.82,1968.0,1501900.0,,1690800.0,,6000.0,3900.0,8400.0,3900.0,10000.0,,0,0,0,0,0,0,0,0,0,0,0,0,0,0,0,0,0,0,0,0,0,0,0,0,0,71,2026-02-05 15:28:11.386348
ATMN,24.3,24.3,24.51,,1676100.0,,970200.0,15750.0,,,2400.0,,10761.0,2250.0,0,0,0,0,0,0,0,0,0,0,0,0,0,0,0,0,0,0,0,0,0,0,0,0,0,71,2026-02-05 15:28:11.386348
WNTR,25.57,25.76,25.87,,1325400.0,3688.0,1495700.0,,,,16156.0,,17032.0,,0,0,0,0,0,0,0,0,0,0,0,0,0,0,0,0,0,0,0,0,0,0,0,0,0,71,2026-02-05 15:28:11.386348
SPNG,26.35,26.21,26.22,100.0,5643.0,1625500.0,3000.0,100.0,1412700.0,12000.0,1896.0,,,,,0,0,0,0,0,0,0,0,0,0,0,0,0,0,0,0,0,0,0,0,0,0,0,0,72,2026-02-05 15:28:12.428577
SMMR,23.86,23.76,23.77,6989.0,,1501900.0,,10000.0,1698000.0,,3936.0,6000.0,7800.0,7800.0,,0,0,0,0,0,0,0,0,0,0,0,0,0,0,0,0,0,0,0,0,0,0,0,0,72,2026-02-05 15:28:12.428577
ATMN,24.71,24.5,24.67,2248.0,1372.0,1896600.0,,,1326300.0,2250.0,,,,,,0,0,0,0,0,0,0,0,0,0,0,0,0,0,0,0,0,0,0,0,0,0,0,0,72,2026-02-05 15:28:12.428577
WNTR,25.86,25.76,25.86,2374.0,,1437800.0,,17032.0,1620400.0,,3688.0,,,,14125.0,0,0,0,0,0,0,0,0,0,0,0,0,0,0,0,0,0,0,0,0,0,0,0,0,72,2026-02-05 15:28:12.428577
SPNG,26.51,26.22,26.5,6000.0,100.0,1653100.0,6000.0,1643.0,12000.0,1469300.0,1896.0,,,0,0,0,0,0,0,0,0,0,0,0,0,0,0,0,0,0,0,0,0,0,0,0,0,0,0,73,2026-02-05 15:28:13.475513
SMMR,23.77,23.75,23.77,6000.0,,1612000.0,,,,1941600.0,3936.0,3900.0,3900.0,0,0,0,0,0,0,0,0,0,0,0,0,0,0,0,0,0,0,0,0,0,0,0,0,0,0,73,2026-02-05 15:28:13.475513
ATMN,24.72,24.72,24.74,6000.0,9007.0,1893300.0,2250.0,,,1245900.0,,,,0,0,0,0,0,0,0,0,0,0,0,0,0,0,0,0,0,0,0,0,0,0,0,0,0,0,73,2026-02-05 15:28:13.475513
WNTR,25.86,25.86,25.92,6000.0,2374.0,1434200.0,,2588.0,,2059200.0,3688.0,,,0,0,0,0,0,0,0,0,0,0,0,0,0,0,0,0,0,0,0,0,0,0,0,0,0,0,73,2026-02-05 15:28:13.475513
SPNG,26.06,26.25,26.49,3643.0,1728600.0,8847.0,18000.0,1259300.0,1896.0,,,,,,,0,0,0,0,0,0,0,0,0,0,0,0,0,0,0,0,0,0,0,0,0,0,0,0,74,2026-02-05 15:28:14.526489
SMMR,23.87,23.8,23.87,,1612000.0,,,2094400.0,,15881.0,6000.0,3900.0,3900.0,,,0,0,0,0,0,0,0,0,0,0,0,0,0,0,0,0,0,0,0,0,0,0,0,0,74,2026-02-05 15:28:14.526489
ATMN,24.29,24.3,24.73,,1794800.0,8847.0,,1372100.0,,,6000.0,,,2250.0,6000.0,0,0,0,0,0,0,0,0,0,0,0,0,0,0,0,0,0,0,0,0,0,0,0,0,74,2026-02-05 15:28:14.526489
WNTR,25.85,25.83,25.84,2588.0,1434400.0,17727.0,,1664500.0,4432.0,2374.0,1375.0,,,,6000.0,0,0,0,0,0,0,0,0,0,0,0,0,0,0,0,0,0,0,0,0,0,0,0,0,74,2026-02-05 15:28:14.526489
SPNG,26.51,26.58,26.67,6000.0,1701200.0,18000.0,1169800.0,6000.0,1896.0,,,,0,0,0,0,0,0,0,0,0,0,0,0,0,0,0,0,0,0,0,0,0,0,0,0,0,0,0,75,2026-02-05 15:28:15.567594
SMMR,23.74,23.75,23.82,,1612000.0,,2048000.0,6000.0,1542.0,1542.0,,,0,0,0,0,0,0,0,0,0,0,0,0,0,0,0,0,0,0,0,0,0,0,0,0,0,0,0,75,2026-02-05 15:28:15.567594
ATMN,24.29,24.29,24.62,,2022200.0,4500.0,1372100.0,6000.0,,,,,0,0,0,0,0,0,0,0,0,0,0,0,0,0,0,0,0,0,0,0,0,0,0,0,0,0,0,75,2026-02-05 15:28:15.567594
WNTR,25.98,25.93,25.98,,1562600.0,,2301200.0,,,2588.0,4922.0,7375.0,0,0,0,0,0,0,0,0,0,0,0,0,0,0,0,0,0,0,0,0,0,0,0,0,0,0,0,75,2026-02-05 15:28:15.567594
SPNG,25.93,26.57,26.66,6000.0,1705300.0,12000.0,18000.0,984900.0,673.0,1896.0,,,,0,0,0,0,0,0,0,0,0,0,0,0,0,0,0,0,0,0,0,0,0,0,0,0,0,0,76,2026-02-05 15:28:16.618680
SMMR,23.81,23.88,23.91,,1732700.0,,,2228800.0,,,9966.0,1542.0,,0,0,0,0,0,0,0,0,0,0,0,0,0,0,0,0,0,0,0,0,0,0,0,0,0,0,76,2026-02-05 15:28:16.618680
ATMN,24.47,24.47,24.54,,2001500.0,,6750.0,1474300.0,5391.0,3912.0,2657.0,,4500.0,0,0,0,0,0,0,0,0,0,0,0,0,0,0,0,0,0,0,0,0,0,0,0,0,0,0,76,2026-02-05 15:28:16.618680
WNTR,25.98,25.95,25.98,7375.0,1562600.0,,,2084600.0,5899.0,,12830.0,1294.0,,0,0,0,0,0,0,0,0,0,0,0,0,0,0,0,0,0,0,0,0,0,0,0,0,0,0,76,2026-02-05 15:28:16.618680
SPNG,25.74,26.26,26.44,1981.0,1617300.0,987500.0,12000.0,773.0,18000.0,1896.0,,,,0,0,0,0,0,0,0,0,0,0,0,0,0,0,0,0,0,0,0,0,0,0,0,0,0,0,77,2026-02-05 15:28:17.651858
SMMR,23.84,23.81,23.84,1542.0,1732700.0,2034300.0,6000.0,7526.0,,,2440.0,,,0,0,0,0,0,0,0,0,0,0,0,0,0,0,0,0,0,0,0,0,0,0,0,0,0,0,77,2026-02-05 15:28:17.651858
ATMN,24.47,24.47,24.51,,1744400.0,1197000.0,,14054.0,11250.0,3912.0,6249.0,6750.0,,0,0,0,0,0,0,0,0,0,0,0,0,0,0,0,0,0,0,0,0,0,0,0,0,0,0,77,2026-02-05 15:28:17.651858
WNTR,25.75,25.77,25.92,,1548700.0,1666700.0,6000.0,14167.0,,2588.0,100.0,,6000.0,0,0,0,0,0,0,0,0,0,0,0,0,0,0,0,0,0,0,0,0,0,0,0,0,0,0,77,2026-02-05 15:28:17.651858
SPNG,25.74,26.26,26.29,1981.0,1617300.0,5858.0,9600.0,1089700.0,15000.0,,,,,0,0,0,0,0,0,0,0,0,0,0,0,0,0,0,0,0,0,0,0,0,0,0,0,0,0,78,2026-02-05 15:28:18.745875
SMMR,23.87,23.81,23.87,,1732700.0,1650.0,,2159000.0,,,,,,0,0,0,0,0,0,0,0,0,0,0,0,0,0,0,0,0,0,0,0,0,0,0,0,0,0,78,2026-02-05 15:28:18.745875
ATMN,24.32,24.4,24.46,,1740800.0,3912.0,,1210100.0,15750.0,11250.0,,,,0,0,0,0,0,0,0,0,0,0,0,0,0,0,0,0,0,0,0,0,0,0,0,0,0,0,78,2026-02-05 15:28:18.745875
WNTR,26.06,25.85,25.94,,1653300.0,,6000.0,2082300.0,,,7407.0,6000.0,3920.0,0,0,0,0,0,0,0,0,0,0,0,0,0,0,0,0,0,0,0,0,0,0,0,0,0,0,78,2026-02-05 15:28:18.745875
SPNG,25.72,26.08,26.21,4148.0,1523700.0,943900.0,4248.0,5858.0,5760.0,15000.0,,,,0,0,0,0,0,0,0,0,0,0,0,0,0,0,0,0,0,0,0,0,0,0,0,0,0,0,79,2026-02-05 15:28:19.798388
SMMR,23.87,23.85,23.87,12846.0,1732700.0,1928900.0,1608.0,3300.0,,,6000.0,,,0,0,0,0,0,0,0,0,0,0,0,0,0,0,0,0,0,0,0,0,0,0,0,0,0,0,79,2026-02-05 15:28:19.798388
ATMN,24.53,24.53,24.54,950.0,1055700.0,1671000.0,,1956.0,,6750.0,6000.0,3118.0,15750.0,0,0,0,0,0,0,0,0,0,0,0,0,0,0,0,0,0,0,0,0,0,0,0,0,0,0,79,2026-02-05 15:28:19.798388
WNTR,25.66,25.86,25.88,,1553900.0,2085900.0,4699.0,,6000.0,,,2113.0,,0,0,0,0,0,0,0,0,0,0,0,0,0,0,0,0,0,0,0,0,0,0,0,0,0,0,79,2026-02-05 15:28:19.798388
SPNG,26.21,26.09,26.19,4248.0,2332.0,1523700.0,6160.0,18000.0,718300.0,9600.0,3962.0,,,0,0,0,0,0,0,0,0,0,0,0,0,0,0,0,0,0,0,0,0,0,0,0,0,0,0,80,2026-02-05 15:28:20.839907
SMMR,23.74,23.76,23.84,2416.0,,1487100.0,11274.0,,1843900.0,,3300.0,,,0,0,0,0,0,0,0,0,0,0,0,0,0,0,0,0,0,0,0,0,0,0,0,0,0,0,80,2026-02-05 15:28:20.839907
ATMN,24.33,24.42,24.49,1983.0,,1043400.0,7933.0,,1866600.0,,1956.0,2882.0,18000.0,0,0,0,0,0,0,0,0,0,0,0,0,0,0,0,0,0,0,0,0,0,0,0,0,0,0,80,2026-02-05 15:28:20.839907
WNTR,25.86,25.66,25.68,9901.0,,1779700.0,12977.0,,1788100.0,6000.0,4226.0,,,0,0,0,0,0,0,0,0,0,0,0,0,0,0,0,0,0,0,0,0,0,0,0,0,0,0,80,2026-02-05 15:28:20.839907
SPNG,26.21,26.09,26.11,4248.0,2332.0,1624000.0,3147.0,6160.0,18000.0,718300.0,9600.0,,,0,0,0,0,0,0,0,0,0,0,0,0,0,0,0,0,0,0,0,0,0,0,0,0,0,0,81,2026-02-05 15:28:21.372696
SMMR,23.59,23.36,23.55,,,1356000.0,3300.0,11274.0,,1607700.0,6000.0,,,0,0,0,0,0,0,0,0,0,0,0,0,0,0,0,0,0,0,0,0,0,0,0,0,0,0,81,2026-02-05 15:28:21.372696
ATMN,24.33,24.42,24.49,1983.0,,1071100.0,1956.0,7933.0,,1866600.0,,2882.0,18000.0,0,0,0,0,0,0,0,0,0,0,0,0,0,0,0,0,0,0,0,0,0,0,0,0,0,0,81,2026-02-05 15:28:21.372696
WNTR,25.68,25.66,25.68,9901.0,,1779700.0,4226.0,12977.0,,1788100.0,6000.0,,,0,0,0,0,0,0,0,0,0,0,0,0,0,0,0,0,0,0,0,0,0,0,0,0,0,0,81,2026-02-05 15:28:21.372696
SPNG,25.72,25.72,26.28,1597300.0,6000.0,6000.0,1708600.0,1896.0,,,,,0,0,0,0,0,0,0,0,0,0,0,0,0,0,0,0,0,0,0,0,0,0,0,0,0,0,0,82,2026-02-05 15:28:22.406397
SMMR,23.72,23.72,23.84,1652700.0,,,2163200.0,1650.0,3980.0,100.0,,,0,0,0,0,0,0,0,0,0,0,0,0,0,0,0,0,0,0,0,0,0,0,0,0,0,0,0,82,2026-02-05 15:28:22.406397
ATMN,24.54,24.39,24.54,929100.0,,,1857700.0,1956.0,,,2882.0,22500.0,0,0,0,0,0,0,0,0,0,0,0,0,0,0,0,0,0,0,0,0,0,0,0,0,0,0,0,82,2026-02-05 15:28:22.406397
WNTR,25.68,25.66,25.68,2277100.0,6000.0,,1996800.0,4226.0,,100.0,,,0,0,0,0,0,0,0,0,0,0,0,0,0,0,0,0,0,0,0,0,0,0,0,0,0,0,0,82,2026-02-05 15:28:22.406397
SPNG,25.76,25.72,25.76,1705000.0,3000.0,1623900.0,7650.0,9000.0,1896.0,,,,,0,0,0,0,0,0,0,0,0,0,0,0,0,0,0,0,0,0,0,0,0,0,0,0,0,0,83,2026-02-05 15:28:23.440519
SMMR,23.72,23.58,23.68,1667500.0,,1946200.0,9666.0,,1650.0,3980.0,100.0,6000.0,,0,0,0,0,0,0,0,0,0,0,0,0,0,0,0,0,0,0,0,0,0,0,0,0,0,0,83,2026-02-05 15:28:23.440519
ATMN,24.32,24.31,24.32,1499900.0,15750.0,1589000.0,9333.0,,6194.0,,,6000.0,,0,0,0,0,0,0,0,0,0,0,0,0,0,0,0,0,0,0,0,0,0,0,0,0,0,0,83,2026-02-05 15:28:23.440519
WNTR,25.68,25.73,25.87,1795000.0,,1753900.0,,,4226.0,2160.0,10100.0,12000.0,6000.0,0,0,0,0,0,0,0,0,0,0,0,0,0,0,0,0,0,0,0,0,0,0,0,0,0,0,83,2026-02-05 15:28:23.440519
SPNG,25.97,25.94,25.97,1903300.0,6000.0,100.0,1169300.0,7650.0,6000.0,15000.0,1896.0,,0,0,0,0,0,0,0,0,0,0,0,0,0,0,0,0,0,0,0,0,0,0,0,0,0,0,0,84,2026-02-05 15:28:24.476842
SMMR,23.72,23.58,23.64,1903400.0,,1122.0,1946200.0,16865.0,,,1650.0,3980.0,0,0,0,0,0,0,0,0,0,0,0,0,0,0,0,0,0,0,0,0,0,0,0,0,0,0,0,84,2026-02-05 15:28:24.476842
ATMN,24.3,24.31,24.32,2137500.0,2250.0,,1477400.0,11857.0,6000.0,,6194.0,,0,0,0,0,0,0,0,0,0,0,0,0,0,0,0,0,0,0,0,0,0,0,0,0,0,0,0,84,2026-02-05 15:28:24.476842
WNTR,25.97,25.87,25.97,1783000.0,,16342.0,2328500.0,,,,,2160.0,0,0,0,0,0,0,0,0,0,0,0,0,0,0,0,0,0,0,0,0,0,0,0,0,0,0,0,84,2026-02-05 15:28:24.476842
SPNG,26.19,26.19,26.25,1576800.0,12000.0,100.0,6000.0,15000.0,1282600.0,1896.0,,,0,0,0,0,0,0,0,0,0,0,0,0,0,0,0,0,0,0,0,0,0,0,0,0,0,0,0,85,2026-02-05 15:28:25.517028
SMMR,23.84,23.66,23.84,1981700.0,,316.0,,,2144300.0,1650.0,3500.0,,0,0,0,0,0,0,0,0,0,0,0,0,0,0,0,0,0,0,0,0,0,0,0,0,0,0,0,85,2026-02-05 15:28:25.517028
ATMN,24.31,24.31,24.39,2179800.0,,602.0,6000.0,2250.0,1462800.0,6194.0,,,0,0,0,0,0,0,0,0,0,0,0,0,0,0,0,0,0,0,0,0,0,0,0,0,0,0,0,85,2026-02-05 15:28:25.517028
WNTR,25.78,25.76,25.78,2093400.0,,,,,2214200.0,,2160.0,1361.0,0,0,0,0,0,0,0,0,0,0,0,0,0,0,0,0,0,0,0,0,0,0,0,0,0,0,0,85,2026-02-05 15:28:25.517028
SPNG,25.94,25.95,26.23,6000.0,1736300.0,100.0,6000.0,6000.0,5305.0,21000.0,1173200.0,,,0,0,0,0,0,0,0,0,0,0,0,0,0,0,0,0,0,0,0,0,0,0,0,0,0,0,86,2026-02-05 15:28:26.560409
SMMR,23.66,23.66,23.84,,1729900.0,2708.0,,,,,2144300.0,5010.0,1650.0,0,0,0,0,0,0,0,0,0,0,0,0,0,0,0,0,0,0,0,0,0,0,0,0,0,0,86,2026-02-05 15:28:26.560409
ATMN,24.41,24.41,24.47,6000.0,1931600.0,3745.0,,,,2250.0,1878900.0,,1956.0,0,0,0,0,0,0,0,0,0,0,0,0,0,0,0,0,0,0,0,0,0,0,0,0,0,0,86,2026-02-05 15:28:26.560409
WNTR,25.84,25.9,25.93,6000.0,1900900.0,8213.0,,6000.0,1361.0,,2095800.0,2160.0,,0,0,0,0,0,0,0,0,0,0,0,0,0,0,0,0,0,0,0,0,0,0,0,0,0,0,86,2026-02-05 15:28:26.560409
SPNG,26.33,25.94,26.23,1741700.0,12000.0,6000.0,18000.0,1189100.0,1896.0,,,0,0,0,0,0,0,0,0,0,0,0,0,0,0,0,0,0,0,0,0,0,0,0,0,0,0,0,0,87,2026-02-05 15:28:27.594339
SMMR,23.66,23.66,23.84,1943200.0,,,,2186400.0,1650.0,5010.0,,0,0,0,0,0,0,0,0,0,0,0,0,0,0,0,0,0,0,0,0,0,0,0,0,0,0,0,0,87,2026-02-05 15:28:27.594339
ATMN,24.41,24.33,24.4,2049800.0,2250.0,,4500.0,1804700.0,1956.0,,6000.0,0,0,0,0,0,0,0,0,0,0,0,0,0,0,0,0,0,0,0,0,0,0,0,0,0,0,0,0,87,2026-02-05 15:28:27.594339
WNTR,25.94,25.89,25.91,1900900.0,,,,2265200.0,1292.0,3664.0,6000.0,0,0,0,0,0,0,0,0,0,0,0,0,0,0,0,0,0,0,0,0,0,0,0,0,0,0,0,0,87,2026-02-05 15:28:27.594339
SPNG,26.19,26.18,26.19,1028900.0,3148.0,100.0,6000.0,15000.0,3470.0,18000.0,1301000.0,,0,0,0,0,0,0,0,0,0,0,0,0,0,0,0,0,0,0,0,0,0,0,0,0,0,0,0,88,2026-02-05 15:28:28.661002
SMMR,23.88,23.67,23.88,1943200.0,3500.0,,6000.0,,1650.0,,2148600.0,,0,0,0,0,0,0,0,0,0,0,0,0,0,0,0,0,0,0,0,0,0,0,0,0,0,0,0,88,2026-02-05 15:28:28.661002
ATMN,24.29,24.29,24.39,2028000.0,,,6000.0,,1956.0,2250.0,1799100.0,100.0,0,0,0,0,0,0,0,0,0,0,0,0,0,0,0,0,0,0,0,0,0,0,0,0,0,0,0,88,2026-02-05 15:28:28.661002
WNTR,25.76,25.85,25.91,2204200.0,1080.0,,,,1292.0,,2255200.0,,0,0,0,0,0,0,0,0,0,0,0,0,0,0,0,0,0,0,0,0,0,0,0,0,0,0,0,88,2026-02-05 15:28:28.661002
SPNG,26.32,26.18,26.32,937600.0,200.0,3148.0,6000.0,15000.0,1930100.0,3000.0,1896.0,,,0,0,0,0,0,0,0,0,0,0,0,0,0,0,0,0,0,0,0,0,0,0,0,0,0,0,89,2026-02-05 15:28:29.717164
SMMR,23.88,23.78,23.86,1480700.0,9666.0,5660.0,6000.0,,2084200.0,,1650.0,9666.0,,0,0,0,0,0,0,0,0,0,0,0,0,0,0,0,0,0,0,0,0,0,0,0,0,0,0,89,2026-02-05 15:28:29.717164
ATMN,24.29,24.29,24.35,1926300.0,4825.0,,6000.0,,1623700.0,6750.0,3959.0,,,0,0,0,0,0,0,0,0,0,0,0,0,0,0,0,0,0,0,0,0,0,0,0,0,0,0,89,2026-02-05 15:28:29.717164
WNTR,25.76,25.87,25.88,1926700.0,14639.0,1080.0,6000.0,,1983100.0,,1292.0,9832.0,6000.0,0,0,0,0,0,0,0,0,0,0,0,0,0,0,0,0,0,0,0,0,0,0,0,0,0,0,89,2026-02-05 15:28:29.717164
SPNG,25.93,25.93,26.32,1911300.0,6000.0,2032900.0,1896.0,,,,,0,0,0,0,0,0,0,0,0,0,0,0,0,0,0,0,0,0,0,0,0,0,0,0,0,0,0,0,90,2026-02-05 15:28:30.766227
SMMR,23.78,23.78,23.85,1596000.0,,2197500.0,1650.0,5660.0,6000.0,,,0,0,0,0,0,0,0,0,0,0,0,0,0,0,0,0,0,0,0,0,0,0,0,0,0,0,0,0,90,2026-02-05 15:28:30.766227
ATMN,24.51,24.41,24.51,2248900.0,,1936300.0,1956.0,,,2250.0,,0,0,0,0,0,0,0,0,0,0,0,0,0,0,0,0,0,0,0,0,0,0,0,0,0,0,0,0,90,2026-02-05 15:28:30.766227
WNTR,25.85,25.76,25.81,2232700.0,,1956700.0,3898.0,1080.0,,,6000.0,0,0,0,0,0,0,0,0,0,0,0,0,0,0,0,0,0,0,0,0,0,0,0,0,0,0,0,0,90,2026-02-05 15:28:30.766227
SPNG,25.93,26.0,26.23,4697.0,6000.0,1617000.0,6000.0,6000.0,6092.0,200.0,1273200.0,6000.0,,0,0,0,0,0,0,0,0,0,0,0,0,0,0,0,0,0,0,0,0,0,0,0,0,0,0,91,2026-02-05 15:28:31.817657
SMMR,23.64,23.6,23.64,,,2110700.0,,,1650.0,10457.0,1968800.0,,3500.0,0,0,0,0,0,0,0,0,0,0,0,0,0,0,0,0,0,0,0,0,0,0,0,0,0,0,91,2026-02-05 15:28:31.817657
ATMN,24.42,24.41,24.42,,3840.0,2036900.0,,,1956.0,2203.0,1630300.0,6750.0,2003.0,0,0,0,0,0,0,0,0,0,0,0,0,0,0,0,0,0,0,0,0,0,0,0,0,0,0,91,2026-02-05 15:28:31.817657
WNTR,25.85,25.79,25.8,8815.0,,2190900.0,,6000.0,3898.0,14387.0,1606100.0,,1080.0,0,0,0,0,0,0,0,0,0,0,0,0,0,0,0,0,0,0,0,0,0,0,0,0,0,0,91,2026-02-05 15:28:31.817657
SPNG,26.0,25.94,25.95,12000.0,1617000.0,1177200.0,12000.0,1368.0,4196.0,,,,,0,0,0,0,0,0,0,0,0,0,0,0,0,0,0,0,0,0,0,0,0,0,0,0,0,0,92,2026-02-05 15:28:32.861071
SMMR,23.59,23.59,23.67,,1990500.0,1841500.0,,19234.0,1650.0,6000.0,1990.0,,,0,0,0,0,0,0,0,0,0,0,0,0,0,0,0,0,0,0,0,0,0,0,0,0,0,0,92,2026-02-05 15:28:32.861071
ATMN,24.42,24.29,24.4,2250.0,2026400.0,1281700.0,6750.0,2203.0,5962.0,6000.0,,6000.0,,0,0,0,0,0,0,0,0,0,0,0,0,0,0,0,0,0,0,0,0,0,0,0,0,0,0,92,2026-02-05 15:28:32.861071
WNTR,25.92,25.89,25.92,,1820100.0,2337600.0,,,,,4446.0,,9069.0,0,0,0,0,0,0,0,0,0,0,0,0,0,0,0,0,0,0,0,0,0,0,0,0,0,0,92,2026-02-05 15:28:32.861071
SPNG,26.16,25.94,26.16,12000.0,1617000.0,1287700.0,1368.0,4196.0,9000.0,,,0,0,0,0,0,0,0,0,0,0,0,0,0,0,0,0,0,0,0,0,0,0,0,0,0,0,0,0,93,2026-02-05 15:28:33.439723
SMMR,23.71,23.59,23.71,,2206900.0,2099700.0,1642.0,1650.0,,1990.0,,0,0,0,0,0,0,0,0,0,0,0,0,0,0,0,0,0,0,0,0,0,0,0,0,0,0,0,0,93,2026-02-05 15:28:33.439723
ATMN,24.28,24.48,24.49,2250.0,2145600.0,1512100.0,2203.0,1956.0,9000.0,,,0,0,0,0,0,0,0,0,0,0,0,0,0,0,0,0,0,0,0,0,0,0,0,0,0,0,0,0,93,2026-02-05 15:28:33.439723
WNTR,25.79,25.79,25.8,,1836600.0,2218000.0,,1683.0,,4446.0,9069.0,0,0,0,0,0,0,0,0,0,0,0,0,0,0,0,0,0,0,0,0,0,0,0,0,0,0,0,0,93,2026-02-05 15:28:33.439723
SPNG,25.93,25.93,26.24,1855300.0,6000.0,3994.0,1607000.0,9000.0,,,,0,0,0,0,0,0,0,0,0,0,0,0,0,0,0,0,0,0,0,0,0,0,0,0,0,0,0,0,94,2026-02-05 15:28:34.511121
SMMR,23.72,23.61,23.72,2085100.0,,3739.0,1927800.0,,7619.0,1990.0,6000.0,0,0,0,0,0,0,0,0,0,0,0,0,0,0,0,0,0,0,0,0,0,0,0,0,0,0,0,0,94,2026-02-05 15:28:34.511121
ATMN,24.51,24.3,24.39,2138700.0,2250.0,1956.0,1512100.0,11250.0,,,,0,0,0,0,0,0,0,0,0,0,0,0,0,0,0,0,0,0,0,0,0,0,0,0,0,0,0,0,94,2026-02-05 15:28:34.511121
WNTR,25.79,25.76,25.77,2060900.0,,,2353500.0,,,4446.0,,0,0,0,0,0,0,0,0,0,0,0,0,0,0,0,0,0,0,0,0,0,0,0,0,0,0,0,0,94,2026-02-05 15:28:34.511121
SPNG,25.93,26.1,26.17,1505100.0,6000.0,9000.0,1863.0,7383.0,6000.0,3994.0,1172000.0,15000.0,,0,0,0,0,0,0,0,0,0,0,0,0,0,0,0,0,0,0,0,0,0,0,0,0,0,0,95,2026-02-05 15:28:35.552828
SMMR,23.72,23.66,23.71,1877700.0,6000.0,,15048.0,1808.0,6000.0,5828.0,1733900.0,,1990.0,0,0,0,0,0,0,0,0,0,0,0,0,0,0,0,0,0,0,0,0,0,0,0,0,0,0,95,2026-02-05 15:28:35.552828
ATMN,24.3,24.3,24.36,2038500.0,,2250.0,3147.0,6588.0,6000.0,5962.0,979500.0,13500.0,,0,0,0,0,0,0,0,0,0,0,0,0,0,0,0,0,0,0,0,0,0,0,0,0,0,0,95,2026-02-05 15:28:35.552828
WNTR,25.9,25.76,25.9,1941300.0,,,5690.0,,,,2351300.0,,4446.0,0,0,0,0,0,0,0,0,0,0,0,0,0,0,0,0,0,0,0,0,0,0,0,0,0,0,95,2026-02-05 15:28:35.552828
SPNG,26.1,26.11,26.43,12000.0,1317500.0,2400.0,1963.0,2035900.0,1896.0,,,,0,0,0,0,0,0,0,0,0,0,0,0,0,0,0,0,0,0,0,0,0,0,0,0,0,0,0,96,2026-02-05 15:28:36.596845
SMMR,23.78,23.68,23.78,,1638200.0,6000.0,17834.0,2170500.0,1650.0,1990.0,,,0,0,0,0,0,0,0,0,0,0,0,0,0,0,0,0,0,0,0,0,0,0,0,0,0,0,0,96,2026-02-05 15:28:36.596845
ATMN,24.51,24.51,24.52,,2124800.0,,590.0,1376400.0,1956.0,,13500.0,,0,0,0,0,0,0,0,0,0,0,0,0,0,0,0,0,0,0,0,0,0,0,0,0,0,0,0,96,2026-02-05 15:28:36.596845
WNTR,25.86,25.86,25.89,,1719700.0,,10605.0,2235500.0,,6821.0,,2415.0,0,0,0,0,0,0,0,0,0,0,0,0,0,0,0,0,0,0,0,0,0,0,0,0,0,0,0,96,2026-02-05 15:28:36.596845
SPNG,25.94,25.94,26.35,1709400.0,960.0,6000.0,5068.0,100.0,9000.0,1395100.0,,,0,0,0,0,0,0,0,0,0,0,0,0,0,0,0,0,0,0,0,0,0,0,0,0,0,0,0,97,2026-02-05 15:28:37.642284
SMMR,23.71,23.63,23.71,2216400.0,,,1650.0,,,2178900.0,1990.0,,0,0,0,0,0,0,0,0,0,0,0,0,0,0,0,0,0,0,0,0,0,0,0,0,0,0,0,97,2026-02-05 15:28:37.642284
ATMN,24.27,24.27,24.52,2292300.0,,,1956.0,1650.0,13500.0,1260100.0,,,0,0,0,0,0,0,0,0,0,0,0,0,0,0,0,0,0,0,0,0,0,0,0,0,0,0,0,97,2026-02-05 15:28:37.642284
WNTR,25.75,25.75,25.89,1989500.0,,,,1895.0,,1849900.0,6821.0,12000.0,0,0,0,0,0,0,0,0,0,0,0,0,0,0,0,0,0,0,0,0,0,0,0,0,0,0,0,97,2026-02-05 15:28:37.642284
SPNG,26.44,26.11,26.31,6000.0,3000.0,1740900.0,2250.0,11040.0,1724500.0,1896.0,,,,0,0,0,0,0,0,0,0,0,0,0,0,0,0,0,0,0,0,0,0,0,0,0,0,0,0,98,2026-02-05 15:28:38.698057
SMMR,23.71,23.6,23.61,,,2053300.0,5745.0,,1864100.0,5828.0,1990.0,7660.0,,0,0,0,0,0,0,0,0,0,0,0,0,0,0,0,0,0,0,0,0,0,0,0,0,0,0,98,2026-02-05 15:28:38.698057
ATMN,24.27,24.31,24.35,,2250.0,1912400.0,,6000.0,1471000.0,3135.0,2358.0,4666.0,4500.0,0,0,0,0,0,0,0,0,0,0,0,0,0,0,0,0,0,0,0,0,0,0,0,0,0,0,98,2026-02-05 15:28:38.698057
WNTR,25.73,25.76,25.89,,,2360900.0,7660.0,,2181800.0,,,7660.0,,0,0,0,0,0,0,0,0,0,0,0,0,0,0,0,0,0,0,0,0,0,0,0,0,0,0,98,2026-02-05 15:28:38.698057
SPNG,26.1,26.1,26.43,1918500.0,2400.0,3000.0,1914000.0,1896.0,,,,,,0,0,0,0,0,0,0,0,0,0,0,0,0,0,0,0,0,0,0,0,0,0,0,0,0,0,99,2026-02-05 15:28:39.764658
SMMR,23.76,23.8,23.85,2066100.0,,,2178000.0,1650.0,5825.0,1990.0,,,,0,0,0,0,0,0,0,0,0,0,0,0,0,0,0,0,0,0,0,0,0,0,0,0,0,0,99,2026-02-05 15:28:39.764658
ATMN,24.26,24.27,24.35,2130200.0,,9000.0,1198500.0,4314.0,,,2250.0,6000.0,,0,0,0,0,0,0,0,0,0,0,0,0,0,0,0,0,0,0,0,0,0,0,0,0,0,0,99,2026-02-05 15:28:39.764658
WNTR,25.8,25.78,25.79,2223400.0,6000.0,,1955100.0,1109.0,5364.0,,,6000.0,1121.0,0,0,0,0,0,0,0,0,0,0,0,0,0,0,0,0,0,0,0,0,0,0,0,0,0,0,99,2026-02-05 15:28:39.764658
SPNG,26.1,26.2,26.23,3172.0,6000.0,1194400.0,8400.0,4205.0,5068.0,6000.0,9000.0,1410200.0,,0,0,0,0,0,0,0,0,0,0,0,0,0,0,0,0,0,0,0,0,0,0,0,0,0,0,100,2026-02-05 15:28:40.823318
SMMR,23.81,23.8,23.81,1990.0,,2066100.0,,5825.0,1650.0,6000.0,,2113700.0,,0,0,0,0,0,0,0,0,0,0,0,0,0,0,0,0,0,0,0,0,0,0,0,0,0,0,100,2026-02-05 15:28:40.823318
ATMN,24.35,24.36,24.37,,,2010800.0,6000.0,633.0,1956.0,2400.0,11250.0,1287800.0,,0,0,0,0,0,0,0,0,0,0,0,0,0,0,0,0,0,0,0,0,0,0,0,0,0,0,100,2026-02-05 15:28:40.823318
WNTR,25.77,25.76,25.77,,,2362700.0,960.0,,,,,2161700.0,5141.0,0,0,0,0,0,0,0,0,0,0,0,0,0,0,0,0,0,0,0,0,0,0,0,0,0,0,100,2026-02-05 15:28:40.823318
SPNG,26.11,26.2,26.23,3000.0,6000.0,1827800.0,5068.0,5265.0,6000.0,12000.0,1181200.0,,,0,0,0,0,0,0,0,0,0,0,0,0,0,0,0,0,0,0,0,0,0,0,0,0,0,0,101,2026-02-05 15:28:41.870987
SMMR,23.81,23.8,23.81,,,1678100.0,5828.0,9299.0,6000.0,,1694900.0,10658.0,6168.0,0,0,0,0,0,0,0,0,0,0,0,0,0,0,0,0,0,0,0,0,0,0,0,0,0,0,101,2026-02-05 15:28:41.870987
ATMN,24.32,24.33,24.42,4500.0,5760.0,1551500.0,1956.0,,,15750.0,1314700.0,1425.0,1518.0,0,0,0,0,0,0,0,0,0,0,0,0,0,0,0,0,0,0,0,0,0,0,0,0,0,0,101,2026-02-05 15:28:41.870987
WNTR,25.72,25.73,25.76,,,2359400.0,,11898.0,6000.0,,1907000.0,10000.0,,0,0,0,0,0,0,0,0,0,0,0,0,0,0,0,0,0,0,0,0,0,0,0,0,0,0,101,2026-02-05 15:28:41.870987
SPNG,25.94,25.94,26.23,2047600.0,3172.0,6000.0,18000.0,1187600.0,,,,,0,0,0,0,0,0,0,0,0,0,0,0,0,0,0,0,0,0,0,0,0,0,0,0,0,0,0,102,2026-02-05 15:28:42.921790
SMMR,23.69,23.72,23.83,2085100.0,5828.0,3765.0,,1820400.0,2201.0,1990.0,,,0,0,0,0,0,0,0,0,0,0,0,0,0,0,0,0,0,0,0,0,0,0,0,0,0,0,0,102,2026-02-05 15:28:42.921790
ATMN,24.35,24.36,24.42,1306300.0,,,20250.0,1194000.0,,3036.0,9000.0,9600.0,0,0,0,0,0,0,0,0,0,0,0,0,0,0,0,0,0,0,0,0,0,0,0,0,0,0,0,102,2026-02-05 15:28:42.921790
WNTR,25.74,25.74,25.77,2123400.0,,6000.0,,2007600.0,4102.0,2702.0,,,0,0,0,0,0,0,0,0,0,0,0,0,0,0,0,0,0,0,0,0,0,0,0,0,0,0,0,102,2026-02-05 15:28:42.921790
SPNG,26.45,26.45,26.46,1646800.0,1470.0,3172.0,3000.0,2009400.0,1896.0,,,,0,0,0,0,0,0,0,0,0,0,0,0,0,0,0,0,0,0,0,0,0,0,0,0,0,0,0,103,2026-02-05 15:28:43.984092
SMMR,23.58,23.77,23.83,2033200.0,6942.0,1990.0,,1947000.0,1650.0,3434.0,3765.0,,0,0,0,0,0,0,0,0,0,0,0,0,0,0,0,0,0,0,0,0,0,0,0,0,0,0,0,103,2026-02-05 15:28:43.984092
ATMN,24.46,24.39,24.46,1079900.0,6501.0,3036.0,13500.0,1791500.0,1956.0,,,4500.0,0,0,0,0,0,0,0,0,0,0,0,0,0,0,0,0,0,0,0,0,0,0,0,0,0,0,0,103,2026-02-05 15:28:43.984092
WNTR,25.7,25.7,25.78,2231800.0,,2702.0,,1852500.0,,6035.0,6000.0,,0,0,0,0,0,0,0,0,0,0,0,0,0,0,0,0,0,0,0,0,0,0,0,0,0,0,0,103,2026-02-05 15:28:43.984092
SPNG,26.18,26.09,26.18,6000.0,1853200.0,7626.0,1922800.0,1896.0,,,,,,0,0,0,0,0,0,0,0,0,0,0,0,0,0,0,0,0,0,0,0,0,0,0,0,0,0,104,2026-02-05 15:28:44.529975
SMMR,23.66,23.63,23.66,,1961600.0,3434.0,1960300.0,3739.0,6000.0,6942.0,1990.0,6000.0,,0,0,0,0,0,0,0,0,0,0,0,0,0,0,0,0,0,0,0,0,0,0,0,0,0,0,104,2026-02-05 15:28:44.529975
ATMN,24.24,24.24,24.4,,2020800.0,4807.0,1620900.0,1956.0,,,3036.0,,6750.0,0,0,0,0,0,0,0,0,0,0,0,0,0,0,0,0,0,0,0,0,0,0,0,0,0,0,104,2026-02-05 15:28:44.529975
WNTR,25.66,25.66,25.73,,2433700.0,,1978400.0,,,,,6000.0,,0,0,0,0,0,0,0,0,0,0,0,0,0,0,0,0,0,0,0,0,0,0,0,0,0,0,104,2026-02-05 15:28:44.529975
SPNG,26.08,26.08,26.45,1943900.0,3000.0,3000.0,1914500.0,1896.0,,,,0,0,0,0,0,0,0,0,0,0,0,0,0,0,0,0,0,0,0,0,0,0,0,0,0,0,0,0,105,2026-02-05 15:28:45.575652
SMMR,23.84,23.64,23.65,2076900.0,,,2153300.0,1650.0,6000.0,1990.0,6000.0,0,0,0,0,0,0,0,0,0,0,0,0,0,0,0,0,0,0,0,0,0,0,0,0,0,0,0,0,105,2026-02-05 15:28:45.575652
ATMN,24.28,24.26,24.28,2004000.0,2250.0,,1802100.0,5340.0,,1518.0,,0,0,0,0,0,0,0,0,0,0,0,0,0,0,0,0,0,0,0,0,0,0,0,0,0,0,0,0,105,2026-02-05 15:28:45.575652
WNTR,25.69,25.69,25.73,2452800.0,,,1978400.0,,,,6000.0,0,0,0,0,0,0,0,0,0,0,0,0,0,0,0,0,0,0,0,0,0,0,0,0,0,0,0,0,105,2026-02-05 15:28:45.575652
SPNG,26.08,26.27,26.31,12000.0,1553600.0,1586.0,12000.0,1591300.0,1896.0,,,0,0,0,0,0,0,0,0,0,0,0,0,0,0,0,0,0,0,0,0,0,0,0,0,0,0,0,0,106,2026-02-05 15:28:46.620412
SMMR,23.66,23.63,23.66,,2210600.0,1990.0,,2262900.0,1650.0,,,0,0,0,0,0,0,0,0,0,0,0,0,0,0,0,0,0,0,0,0,0,0,0,0,0,0,0,0,106,2026-02-05 15:28:46.620412
ATMN,24.24,24.24,24.26,,2114700.0,1518.0,2250.0,1727200.0,5340.0,,,0,0,0,0,0,0,0,0,0,0,0,0,0,0,0,0,0,0,0,0,0,0,0,0,0,0,0,0,106,2026-02-05 15:28:46.620412
WNTR,25.73,25.65,25.72,,2316900.0,,,1853500.0,3912.0,6000.0,6000.0,0,0,0,0,0,0,0,0,0,0,0,0,0,0,0,0,0,0,0,0,0,0,0,0,0,0,0,0,106,2026-02-05 15:28:46.620412
SPNG,26.26,26.26,26.27,1462300.0,3172.0,12000.0,3482.0,15000.0,1368800.0,,,0,0,0,0,0,0,0,0,0,0,0,0,0,0,0,0,0,0,0,0,0,0,0,0,0,0,0,0,107,2026-02-05 15:28:47.664576
SMMR,23.63,23.64,23.65,1826500.0,6168.0,,3739.0,,2051600.0,6000.0,6000.0,0,0,0,0,0,0,0,0,0,0,0,0,0,0,0,0,0,0,0,0,0,0,0,0,0,0,0,0,107,2026-02-05 15:28:47.664576
ATMN,24.25,24.25,24.26,2013500.0,1518.0,2250.0,3384.0,2250.0,1808500.0,,,0,0,0,0,0,0,0,0,0,0,0,0,0,0,0,0,0,0,0,0,0,0,0,0,0,0,0,0,107,2026-02-05 15:28:47.664576
WNTR,25.73,25.72,25.73,2453700.0,,,3912.0,,1727400.0,,5688.0,0,0,0,0,0,0,0,0,0,0,0,0,0,0,0,0,0,0,0,0,0,0,0,0,0,0,0,0,107,2026-02-05 15:28:47.664576
SPNG,26.08,25.94,25.97,1935800.0,3000.0,1705900.0,9000.0,1896.0,,,,0,0,0,0,0,0,0,0,0,0,0,0,0,0,0,0,0,0,0,0,0,0,0,0,0,0,0,0,108,2026-02-05 15:28:48.716380
SMMR,23.75,23.76,23.83,2065100.0,,2115900.0,,1650.0,6000.0,1990.0,6000.0,0,0,0,0,0,0,0,0,0,0,0,0,0,0,0,0,0,0,0,0,0,0,0,0,0,0,0,0,108,2026-02-05 15:28:48.716380
ATMN,24.24,24.24,24.26,1673200.0,4500.0,1719400.0,2250.0,5554.0,,5380.0,,0,0,0,0,0,0,0,0,0,0,0,0,0,0,0,0,0,0,0,0,0,0,0,0,0,0,0,0,108,2026-02-05 15:28:48.716380
WNTR,25.83,25.75,25.83,2446200.0,,2270600.0,,,,,,0,0,0,0,0,0,0,0,0,0,0,0,0,0,0,0,0,0,0,0,0,0,0,0,0,0,0,0,108,2026-02-05 15:28:48.716380
SPNG,25.97,26.11,26.36,4760.0,9000.0,1540500.0,15000.0,1511600.0,1896.0,,0,0,0,0,0,0,0,0,0,0,0,0,0,0,0,0,0,0,0,0,0,0,0,0,0,0,0,0,0,109,2026-02-05 15:28:49.764837
SMMR,23.72,23.81,23.84,1990.0,,2197600.0,,2246000.0,1650.0,,0,0,0,0,0,0,0,0,0,0,0,0,0,0,0,0,0,0,0,0,0,0,0,0,0,0,0,0,0,109,2026-02-05 15:28:49.764837
ATMN,24.23,24.23,24.25,3862.0,,2008800.0,4500.0,1669800.0,5554.0,,0,0,0,0,0,0,0,0,0,0,0,0,0,0,0,0,0,0,0,0,0,0,0,0,0,0,0,0,0,109,2026-02-05 15:28:49.764837
WNTR,25.78,25.76,25.78,2160.0,,2089200.0,,2276100.0,,6000.0,0,0,0,0,0,0,0,0,0,0,0,0,0,0,0,0,0,0,0,0,0,0,0,0,0,0,0,0,0,109,2026-02-05 15:28:49.764837
SPNG,26.37,26.16,26.35,6000.0,1308500.0,4760.0,12000.0,6000.0,9000.0,1619300.0,1896.0,0,0,0,0,0,0,0,0,0,0,0,0,0,0,0,0,0,0,0,0,0,0,0,0,0,0,0,0,110,2026-02-05 15:28:50.858992
SMMR,23.81,23.8,23.81,2400.0,2059300.0,1990.0,,,,2234300.0,1650.0,0,0,0,0,0,0,0,0,0,0,0,0,0,0,0,0,0,0,0,0,0,0,0,0,0,0,0,0,110,2026-02-05 15:28:50.858992
ATMN,24.25,24.22,24.25,,2008000.0,3862.0,,,6750.0,1571800.0,5554.0,0,0,0,0,0,0,0,0,0,0,0,0,0,0,0,0,0,0,0,0,0,0,0,0,0,0,0,0,110,2026-02-05 15:28:50.858992
WNTR,25.74,25.74,25.78,2400.0,2057800.0,2160.0,,,,2276100.0,,0,0,0,0,0,0,0,0,0,0,0,0,0,0,0,0,0,0,0,0,0,0,0,0,0,0,0,0,110,2026-02-05 15:28:50.858992
SPNG,26.34,26.34,26.36,1004200.0,18000.0,4760.0,6000.0,12000.0,1619300.0,1896.0,,,0,0,0,0,0,0,0,0,0,0,0,0,0,0,0,0,0,0,0,0,0,0,0,0,0,0,0,111,2026-02-05 15:28:51.945266
SMMR,23.58,23.6,23.84,2066100.0,,1990.0,3900.0,,2024500.0,1650.0,7800.0,,0,0,0,0,0,0,0,0,0,0,0,0,0,0,0,0,0,0,0,0,0,0,0,0,0,0,0,111,2026-02-05 15:28:51.945266
ATMN,24.12,24.12,24.22,1915000.0,,5000.0,3600.0,11250.0,1327400.0,3623.0,3600.0,,0,0,0,0,0,0,0,0,0,0,0,0,0,0,0,0,0,0,0,0,0,0,0,0,0,0,0,111,2026-02-05 15:28:51.945266
WNTR,25.69,25.68,25.69,2189800.0,,2160.0,,,2059600.0,,4500.0,6000.0,0,0,0,0,0,0,0,0,0,0,0,0,0,0,0,0,0,0,0,0,0,0,0,0,0,0,0,111,2026-02-05 15:28:51.945266
SPNG,26.46,26.15,26.38,1197800.0,6000.0,4760.0,12000.0,3000.0,1923400.0,1896.0,,,0,0,0,0,0,0,0,0,0,0,0,0,0,0,0,0,0,0,0,0,0,0,0,0,0,0,0,112,2026-02-05 15:28:52.999457
SMMR,23.58,23.58,23.64,1941900.0,7800.0,1990.0,,7800.0,2028600.0,1650.0,,,0,0,0,0,0,0,0,0,0,0,0,0,0,0,0,0,0,0,0,0,0,0,0,0,0,0,0,112,2026-02-05 15:28:52.999457
ATMN,24.12,24.12,24.22,1925600.0,3600.0,5000.0,,3600.0,1228000.0,6123.0,11250.0,,0,0,0,0,0,0,0,0,0,0,0,0,0,0,0,0,0,0,0,0,0,0,0,0,0,0,0,112,2026-02-05 15:28:52.999457
WNTR,25.63,25.63,25.69,2075800.0,4500.0,5000.0,,4500.0,1668900.0,5000.0,,6722.0,0,0,0,0,0,0,0,0,0,0,0,0,0,0,0,0,0,0,0,0,0,0,0,0,0,0,0,112,2026-02-05 15:28:52.999457
SPNG,25.94,25.94,26.46,2063200.0,2123800.0,,,,,,,,0,0,0,0,0,0,0,0,0,0,0,0,0,0,0,0,0,0,0,0,0,0,0,0,0,0,0,113,2026-02-05 15:28:54.039674
SMMR,23.82,23.68,23.82,1923600.0,2151100.0,6000.0,3900.0,6000.0,,,,,0,0,0,0,0,0,0,0,0,0,0,0,0,0,0,0,0,0,0,0,0,0,0,0,0,0,0,113,2026-02-05 15:28:54.039674
ATMN,24.13,24.13,24.21,2038200.0,1035200.0,,3600.0,,2250.0,7417.0,15750.0,3600.0,0,0,0,0,0,0,0,0,0,0,0,0,0,0,0,0,0,0,0,0,0,0,0,0,0,0,0,113,2026-02-05 15:28:54.039674
WNTR,25.8,25.63,25.79,2443400.0,1958900.0,,,,,6000.0,,4500.0,0,0,0,0,0,0,0,0,0,0,0,0,0,0,0,0,0,0,0,0,0,0,0,0,0,0,0,113,2026-02-05 15:28:54.039674
SPNG,26.5,25.94,26.05,1845600.0,6000.0,3000.0,3000.0,1706300.0,6000.0,,,0,0,0,0,0,0,0,0,0,0,0,0,0,0,0,0,0,0,0,0,0,0,0,0,0,0,0,0,114,2026-02-05 15:28:55.122739
SMMR,23.84,23.68,23.84,1806600.0,7800.0,,,2382900.0,,6000.0,,0,0,0,0,0,0,0,0,0,0,0,0,0,0,0,0,0,0,0,0,0,0,0,0,0,0,0,0,114,2026-02-05 15:28:55.122739
ATMN,24.06,24.06,24.22,2085000.0,7200.0,,15750.0,1035300.0,7200.0,,7417.0,0,0,0,0,0,0,0,0,0,0,0,0,0,0,0,0,0,0,0,0,0,0,0,0,0,0,0,0,114,2026-02-05 15:28:55.122739
WNTR,25.91,25.64,25.9,2110100.0,9000.0,,,1969400.0,,6000.0,8400.0,0,0,0,0,0,0,0,0,0,0,0,0,0,0,0,0,0,0,0,0,0,0,0,0,0,0,0,0,114,2026-02-05 15:28:55.122739
SPNG,26.16,26.16,26.49,1675300.0,6000.0,6000.0,3000.0,6000.0,1822000.0,3000.0,,0,0,0,0,0,0,0,0,0,0,0,0,0,0,0,0,0,0,0,0,0,0,0,0,0,0,0,0,115,2026-02-05 15:28:55.700775
SMMR,23.85,23.77,23.85,2070400.0,,6000.0,,,2356800.0,,,0,0,0,0,0,0,0,0,0,0,0,0,0,0,0,0,0,0,0,0,0,0,0,0,0,0,0,0,115,2026-02-05 15:28:55.700775
ATMN,24.06,24.06,24.22,2187900.0,3600.0,,,18000.0,1035300.0,3600.0,7417.0,0,0,0,0,0,0,0,0,0,0,0,0,0,0,0,0,0,0,0,0,0,0,0,0,0,0,0,0,115,2026-02-05 15:28:55.700775
WNTR,25.68,25.64,25.66,2328700.0,,6000.0,,,1950100.0,,8400.0,0,0,0,0,0,0,0,0,0,0,0,0,0,0,0,0,0,0,0,0,0,0,0,0,0,0,0,0,115,2026-02-05 15:28:55.700775
SPNG,26.5,26.17,26.5,6000.0,1560100.0,3000.0,6000.0,2101600.0,,,,0,0,0,0,0,0,0,0,0,0,0,0,0,0,0,0,0,0,0,0,0,0,0,0,0,0,0,0,116,2026-02-05 15:28:56.772187
SMMR,23.68,23.68,23.71,,2073900.0,,6000.0,2341700.0,,,,0,0,0,0,0,0,0,0,0,0,0,0,0,0,0,0,0,0,0,0,0,0,0,0,0,0,0,0,116,2026-02-05 15:28:56.772187
ATMN,24.19,24.19,24.22,,2292200.0,,,927100.0,18000.0,7417.0,448.0,0,0,0,0,0,0,0,0,0,0,0,0,0,0,0,0,0,0,0,0,0,0,0,0,0,0,0,0,116,2026-02-05 15:28:56.772187
WNTR,25.99,25.73,25.9,,2317400.0,,3600.0,2294500.0,,,,0,0,0,0,0,0,0,0,0,0,0,0,0,0,0,0,0,0,0,0,0,0,0,0,0,0,0,0,116,2026-02-05 15:28:56.772187
SPNG,26.18,26.18,26.31,12000.0,12000.0,3000.0,1248900.0,1676400.0,3000.0,6000.0,6000.0,,0,0,0,0,0,0,0,0,0,0,0,0,0,0,0,0,0,0,0,0,0,0,0,0,0,0,0,117,2026-02-05 15:28:57.826908
SMMR,23.71,23.6,23.71,,,3900.0,2182900.0,1983300.0,3900.0,,,2690.0,0,0,0,0,0,0,0,0,0,0,0,0,0,0,0,0,0,0,0,0,0,0,0,0,0,0,0,117,2026-02-05 15:28:57.826908
ATMN,24.26,24.01,24.26,,,,2304300.0,2234000.0,,,,,0,0,0,0,0,0,0,0,0,0,0,0,0,0,0,0,0,0,0,0,0,0,0,0,0,0,0,117,2026-02-05 15:28:57.826908
WNTR,25.9,25.73,25.9,6000.0,,,2183200.0,2174900.0,4500.0,,,,0,0,0,0,0,0,0,0,0,0,0,0,0,0,0,0,0,0,0,0,0,0,0,0,0,0,0,117,2026-02-05 15:28:57.826908
SPNG,26.27,26.18,26.27,12000.0,1680600.0,3000.0,1900800.0,3000.0,6000.0,0,0,0,0,0,0,0,0,0,0,0,0,0,0,0,0,0,0,0,0,0,0,0,0,0,0,0,0,0,0,118,2026-02-05 15:28:58.879340
SMMR,23.71,23.6,23.87,,2182900.0,3900.0,2225900.0,3900.0,,0,0,0,0,0,0,0,0,0,0,0,0,0,0,0,0,0,0,0,0,0,0,0,0,0,0,0,0,0,0,118,2026-02-05 15:28:58.879340
ATMN,24.12,24.1,24.12,6000.0,1990400.0,3600.0,2144500.0,3600.0,,0,0,0,0,0,0,0,0,0,0,0,0,0,0,0,0,0,0,0,0,0,0,0,0,0,0,0,0,0,0,118,2026-02-05 15:28:58.879340
WNTR,25.84,25.74,26.02,12000.0,1844800.0,9000.0,2106700.0,9000.0,,0,0,0,0,0,0,0,0,0,0,0,0,0,0,0,0,0,0,0,0,0,0,0,0,0,0,0,0,0,0,118,2026-02-05 15:28:58.879340
SPNG,26.31,25.93,26.31,2032800.0,1993100.0,6000.0,,0,0,0,0,0,0,0,0,0,0,0,0,0,0,0,0,0,0,0,0,0,0,0,0,0,0,0,0,0,0,0,0,119,2026-02-05 15:28:59.919650
SMMR,23.67,23.63,23.67,2321000.0,2351900.0,,,0,0,0,0,0,0,0,0,0,0,0,0,0,0,0,0,0,0,0,0,0,0,0,0,0,0,0,0,0,0,0,0,119,2026-02-05 15:28:59.919650
ATMN,24.32,24.02,24.32,2227700.0,2195800.0,,,0,0,0,0,0,0,0,0,0,0,0,0,0,0,0,0,0,0,0,0,0,0,0,0,0,0,0,0,0,0,0,0,119,2026-02-05 15:28:59.919650
WNTR,25.84,25.84,26.02,2208500.0,2330800.0,,6000.0,0,0,0,0,0,0,0,0,0,0,0,0,0,0,0,0,0,0,0,0,0,0,0,0,0,0,0,0,0,0,0,0,119,2026-02-05 15:28:59.919650
SPNG,25.71,25.71,26.29,909500.0,799900.0,6000.0,,0,0,0,0,0,0,0,0,0,0,0,0,0,0,0,0,0,0,0,0,0,0,0,0,0,0,0,0,0,0,0,0,120,2026-02-05 15:29:01.002401
SMMR,24.03,24.03,24.18,958300.0,888600.0,,,0,0,0,0,0,0,0,0,0,0,0,0,0,0,0,0,0,0,0,0,0,0,0,0,0,0,0,0,0,0,0,0,120,2026-02-05 15:29:01.002401
ATMN,27.19,25.98,26.22,798600.0,638400.0,,,0,0,0,0,0,0,0,0,0,0,0,0,0,0,0,0,0,0,0,0,0,0,0,0,0,0,0,0,0,0,0,0,120,2026-02-05 15:29:01.002401
WNTR,25.72,25.72,25.74,1001300.0,1000600.0,,6000.0,0,0,0,0,0,0,0,0,0,0,0,0,0,0,0,0,0,0,0,0,0,0,0,0,0,0,0,0,0,0,0,0,120,2026-02-05 15:29:01.002401
SPNG,25.54,25.54,25.72,906100.0,1002300.0,6000.0,,,0,0,0,0,0,0,0,0,0,0,0,0,0,0,0,0,0,0,0,0,0,0,0,0,0,0,0,0,0,0,0,121,2026-02-05 15:29:02.067549
SMMR,23.99,23.38,23.99,1002500.0,1151100.0,,1187.0,,0,0,0,0,0,0,0,0,0,0,0,0,0,0,0,0,0,0,0,0,0,0,0,0,0,0,0,0,0,0,0,121,2026-02-05 15:29:02.067549
ATMN,25.98,26.0,26.22,1157400.0,838300.0,,,1187.0,0,0,0,0,0,0,0,0,0,0,0,0,0,0,0,0,0,0,0,0,0,0,0,0,0,0,0,0,0,0,0,121,2026-02-05 15:29:02.067549
WNTR,25.08,25.11,25.33,1001300.0,1223200.0,,2374.0,1187.0,0,0,0,0,0,0,0,0,0,0,0,0,0,0,0,0,0,0,0,0,0,0,0,0,0,0,0,0,0,0,0,121,2026-02-05 15:29:02.067549
SPNG,26.17,25.59,25.78,1187.0,906100.0,1016900.0,6000.0,,0,0,0,0,0,0,0,0,0,0,0,0,0,0,0,0,0,0,0,0,0,0,0,0,0,0,0,0,0,0,0,122,2026-02-05 15:29:02.611050
SMMR,24.04,23.73,24.04,,1133100.0,1020100.0,,1187.0,0,0,0,0,0,0,0,0,0,0,0,0,0,0,0,0,0,0,0,0,0,0,0,0,0,0,0,0,0,0,0,122,2026-02-05 15:29:02.611050
ATMN,25.98,26.03,26.06,1187.0,1241800.0,940400.0,,1187.0,0,0,0,0,0,0,0,0,0,0,0,0,0,0,0,0,0,0,0,0,0,0,0,0,0,0,0,0,0,0,0,122,2026-02-05 15:29:02.611050
WNTR,25.08,24.49,24.92,,976700.0,1491400.0,,2374.0,0,0,0,0,0,0,0,0,0,0,0,0,0,0,0,0,0,0,0,0,0,0,0,0,0,0,0,0,0,0,0,122,2026-02-05 15:29:02.611050
SPNG,25.42,25.69,25.78,1038500.0,5224.0,1117100.0,2612.0,6000.0,0,0,0,0,0,0,0,0,0,0,0,0,0,0,0,0,0,0,0,0,0,0,0,0,0,0,0,0,0,0,0,123,2026-02-05 15:29:03.655812
SMMR,24.12,23.75,24.03,1133100.0,2612.0,1126700.0,,,0,0,0,0,0,0,0,0,0,0,0,0,0,0,0,0,0,0,0,0,0,0,0,0,0,0,0,0,0,0,0,123,2026-02-05 15:29:03.655812
ATMN,26.22,26.26,26.38,1341600.0,3799.0,927100.0,,,0,0,0,0,0,0,0,0,0,0,0,0,0,0,0,0,0,0,0,0,0,0,0,0,0,0,0,0,0,0,0,123,2026-02-05 15:29:03.655812
WNTR,24.49,24.49,24.63,976700.0,2612.0,1829200.0,7598.0,,0,0,0,0,0,0,0,0,0,0,0,0,0,0,0,0,0,0,0,0,0,0,0,0,0,0,0,0,0,0,0,123,2026-02-05 15:29:03.655812
SPNG,25.69,25.69,25.77,1277500.0,3000.0,6000.0,1009.0,1117100.0,4018.0,3000.0,6000.0,,,0,0,0,0,0,0,0,0,0,0,0,0,0,0,0,0,0,0,0,0,0,0,0,0,0,0,124,2026-02-05 15:29:04.701580
SMMR,24.18,23.93,24.03,1378800.0,3900.0,,1009.0,1025600.0,,3900.0,,2018.0,,0,0,0,0,0,0,0,0,0,0,0,0,0,0,0,0,0,0,0,0,0,0,0,0,0,0,124,2026-02-05 15:29:04.701580
ATMN,26.26,26.04,26.23,1241800.0,7200.0,2250.0,1009.0,1321200.0,,7200.0,,,2250.0,0,0,0,0,0,0,0,0,0,0,0,0,0,0,0,0,0,0,0,0,0,0,0,0,0,0,124,2026-02-05 15:29:04.701580
WNTR,24.14,24.14,24.34,958800.0,9000.0,,100.0,1952600.0,,9000.0,,,,0,0,0,0,0,0,0,0,0,0,0,0,0,0,0,0,0,0,0,0,0,0,0,0,0,0,124,2026-02-05 15:29:04.701580
SPNG,25.68,25.68,25.76,1157100.0,6000.0,1262.0,3000.0,6000.0,1238500.0,4018.0,6000.0,,,,0,0,0,0,0,0,0,0,0,0,0,0,0,0,0,0,0,0,0,0,0,0,0,0,0,125,2026-02-05 15:29:05.752606
SMMR,23.93,23.93,23.97,1378800.0,7800.0,2271.0,,7800.0,1251900.0,3766.0,,2018.0,,,0,0,0,0,0,0,0,0,0,0,0,0,0,0,0,0,0,0,0,0,0,0,0,0,0,125,2026-02-05 15:29:05.752606
ATMN,26.25,26.09,26.21,1241800.0,7200.0,2271.0,4500.0,7200.0,1376300.0,,,2524.0,2113.0,6750.0,0,0,0,0,0,0,0,0,0,0,0,0,0,0,0,0,0,0,0,0,0,0,0,0,0,125,2026-02-05 15:29:05.752606
WNTR,24.07,24.07,24.29,965300.0,4500.0,2624.0,,4500.0,1959300.0,,,,,,0,0,0,0,0,0,0,0,0,0,0,0,0,0,0,0,0,0,0,0,0,0,0,0,0,125,2026-02-05 15:29:05.752606
SPNG,25.79,25.43,25.74,3000.0,1143600.0,3000.0,3000.0,3000.0,1131900.0,6000.0,,,,,0,0,0,0,0,0,0,0,0,0,0,0,0,0,0,0,0,0,0,0,0,0,0,0,0,126,2026-02-05 15:29:06.802443
SMMR,23.87,23.87,24.02,,1248800.0,,,,1246300.0,,3766.0,,,,0,0,0,0,0,0,0,0,0,0,0,0,0,0,0,0,0,0,0,0,0,0,0,0,0,126,2026-02-05 15:29:06.802443
ATMN,26.13,26.13,26.2,11250.0,1215500.0,7200.0,3600.0,6750.0,1507900.0,,,4226.0,1514.0,,0,0,0,0,0,0,0,0,0,0,0,0,0,0,0,0,0,0,0,0,0,0,0,0,0,126,2026-02-05 15:29:06.802443
WNTR,23.73,23.73,23.85,,976600.0,4500.0,4500.0,,1771300.0,,4168.0,,6322.0,1647.0,0,0,0,0,0,0,0,0,0,0,0,0,0,0,0,0,0,0,0,0,0,0,0,0,0,126,2026-02-05 15:29:06.802443
SPNG,25.42,25.42,25.76,1143600.0,6000.0,4018.0,6000.0,3000.0,1131900.0,6000.0,,,,0,0,0,0,0,0,0,0,0,0,0,0,0,0,0,0,0,0,0,0,0,0,0,0,0,0,127,2026-02-05 15:29:07.851307
SMMR,24.04,23.87,23.98,1384100.0,7800.0,,7800.0,,1447300.0,,1661.0,,,0,0,0,0,0,0,0,0,0,0,0,0,0,0,0,0,0,0,0,0,0,0,0,0,0,0,127,2026-02-05 15:29:07.851307
ATMN,26.09,26.04,26.09,1324100.0,3600.0,,3600.0,6750.0,1603000.0,,,6750.0,,0,0,0,0,0,0,0,0,0,0,0,0,0,0,0,0,0,0,0,0,0,0,0,0,0,0,127,2026-02-05 15:29:07.851307
WNTR,23.58,23.58,23.59,994600.0,,4168.0,,,2033500.0,,,,4219.0,0,0,0,0,0,0,0,0,0,0,0,0,0,0,0,0,0,0,0,0,0,0,0,0,0,0,127,2026-02-05 15:29:07.851307
SPNG,26.07,25.33,25.75,3000.0,3000.0,1296000.0,6000.0,3000.0,1031700.0,6000.0,,,,,0,0,0,0,0,0,0,0,0,0,0,0,0,0,0,0,0,0,0,0,0,0,0,0,0,128,2026-02-05 15:29:08.890327
SMMR,24.03,23.89,23.97,7800.0,,1512800.0,7800.0,,1473900.0,,1872.0,3322.0,,,0,0,0,0,0,0,0,0,0,0,0,0,0,0,0,0,0,0,0,0,0,0,0,0,0,128,2026-02-05 15:29:08.890327
ATMN,26.14,26.13,26.14,,9000.0,1324100.0,,4500.0,1555500.0,,1248.0,,1244.0,624.0,0,0,0,0,0,0,0,0,0,0,0,0,0,0,0,0,0,0,0,0,0,0,0,0,0,128,2026-02-05 15:29:08.890327
WNTR,23.44,23.44,23.48,,,1005500.0,,,1796900.0,,936.0,,4168.0,9686.0,0,0,0,0,0,0,0,0,0,0,0,0,0,0,0,0,0,0,0,0,0,0,0,0,0,128,2026-02-05 15:29:08.890327
SPNG,26.07,25.62,25.73,1480100.0,6000.0,6000.0,1137100.0,6000.0,6000.0,6000.0,,,,0,0,0,0,0,0,0,0,0,0,0,0,0,0,0,0,0,0,0,0,0,0,0,0,0,0,129,2026-02-05 15:29:09.931818
SMMR,24.03,23.91,23.97,1843300.0,7800.0,,1473900.0,7800.0,,,9666.0,3322.0,,0,0,0,0,0,0,0,0,0,0,0,0,0,0,0,0,0,0,0,0,0,0,0,0,0,0,129,2026-02-05 15:29:09.931818
ATMN,26.14,26.16,26.22,1524500.0,,13500.0,1416900.0,,9000.0,,,,2488.0,0,0,0,0,0,0,0,0,0,0,0,0,0,0,0,0,0,0,0,0,0,0,0,0,0,0,129,2026-02-05 15:29:09.931818
WNTR,23.31,23.31,23.33,973500.0,,,2168200.0,,,,5319.0,,3462.0,0,0,0,0,0,0,0,0,0,0,0,0,0,0,0,0,0,0,0,0,0,0,0,0,0,0,129,2026-02-05 15:29:09.931818
SPNG,25.96,25.96,26.06,1152000.0,6000.0,4018.0,12000.0,1912.0,12000.0,1120200.0,6000.0,6000.0,,,0,0,0,0,0,0,0,0,0,0,0,0,0,0,0,0,0,0,0,0,0,0,0,0,0,130,2026-02-05 15:29:10.979431
SMMR,24.03,23.92,23.94,1670600.0,7800.0,3322.0,,13074.0,,1578600.0,7800.0,,11790.0,,0,0,0,0,0,0,0,0,0,0,0,0,0,0,0,0,0,0,0,0,0,0,0,0,0,130,2026-02-05 15:29:10.979431
ATMN,26.03,26.04,26.19,1343200.0,,,2250.0,,11250.0,1191000.0,,,2333.0,2488.0,0,0,0,0,0,0,0,0,0,0,0,0,0,0,0,0,0,0,0,0,0,0,0,0,0,130,2026-02-05 15:29:10.979431
WNTR,22.99,22.99,23.07,1012400.0,,,,,,1907200.0,,,10000.0,4840.0,0,0,0,0,0,0,0,0,0,0,0,0,0,0,0,0,0,0,0,0,0,0,0,0,0,130,2026-02-05 15:29:10.979431
SPNG,25.62,25.62,26.05,1480100.0,6000.0,100.0,18000.0,988500.0,6000.0,6000.0,,,,,0,0,0,0,0,0,0,0,0,0,0,0,0,0,0,0,0,0,0,0,0,0,0,0,0,131,2026-02-05 15:29:12.044759
SMMR,24.03,23.97,24.01,1417500.0,,,,1695400.0,7800.0,,20628.0,4059.0,7800.0,1199.0,0,0,0,0,0,0,0,0,0,0,0,0,0,0,0,0,0,0,0,0,0,0,0,0,0,131,2026-02-05 15:29:12.044759
ATMN,26.19,26.19,26.34,1567100.0,,,4500.0,1543600.0,,,4942.0,,,,0,0,0,0,0,0,0,0,0,0,0,0,0,0,0,0,0,0,0,0,0,0,0,0,0,131,2026-02-05 15:29:12.044759
WNTR,23.02,23.04,23.06,1408100.0,,10000.0,,1938400.0,,,,,,4840.0,0,0,0,0,0,0,0,0,0,0,0,0,0,0,0,0,0,0,0,0,0,0,0,0,0,131,2026-02-05 15:29:12.044759
SPNG,26.07,25.3,26.04,1391600.0,3000.0,1332200.0,6000.0,,,,,,0,0,0,0,0,0,0,0,0,0,0,0,0,0,0,0,0,0,0,0,0,0,0,0,0,0,0,132,2026-02-05 15:29:13.079494
SMMR,24.11,23.96,24.04,1779500.0,,1590700.0,,7800.0,4059.0,7800.0,,,0,0,0,0,0,0,0,0,0,0,0,0,0,0,0,0,0,0,0,0,0,0,0,0,0,0,0,132,2026-02-05 15:29:13.079494
ATMN,26.35,26.01,26.35,1354400.0,2250.0,1645600.0,,,,,,,0,0,0,0,0,0,0,0,0,0,0,0,0,0,0,0,0,0,0,0,0,0,0,0,0,0,0,132,2026-02-05 15:29:13.079494
WNTR,23.13,23.04,23.13,1554800.0,,2159200.0,,,,,3944.0,3462.0,0,0,0,0,0,0,0,0,0,0,0,0,0,0,0,0,0,0,0,0,0,0,0,0,0,0,0,132,2026-02-05 15:29:13.079494
SPNG,26.11,25.75,25.78,4018.0,3000.0,1498100.0,1230.0,2009.0,3000.0,1319800.0,6000.0,,,0,0,0,0,0,0,0,0,0,0,0,0,0,0,0,0,0,0,0,0,0,0,0,0,0,0,133,2026-02-05 15:29:14.121323
SMMR,23.95,23.94,23.95,4059.0,,1985100.0,,,,1798300.0,,7800.0,,0,0,0,0,0,0,0,0,0,0,0,0,0,0,0,0,0,0,0,0,0,0,0,0,0,0,133,2026-02-05 15:29:14.121323
ATMN,26.35,26.06,26.25,,4500.0,1456100.0,4960.0,,6750.0,1585900.0,,,1499.0,0,0,0,0,0,0,0,0,0,0,0,0,0,0,0,0,0,0,0,0,0,0,0,0,0,0,133,2026-02-05 15:29:14.121323
WNTR,23.06,23.06,23.12,,,1705900.0,3944.0,3462.0,,2039800.0,,,5992.0,0,0,0,0,0,0,0,0,0,0,0,0,0,0,0,0,0,0,0,0,0,0,0,0,0,0,133,2026-02-05 15:29:14.121323
SPNG,25.65,25.65,26.07,1611200.0,6000.0,1230.0,3819.0,1423300.0,6000.0,,,,0,0,0,0,0,0,0,0,0,0,0,0,0,0,0,0,0,0,0,0,0,0,0,0,0,0,0,134,2026-02-05 15:29:15.160038
SMMR,23.95,24.1,24.11,1892400.0,,4158.0,4158.0,1689400.0,,3821.0,,,0,0,0,0,0,0,0,0,0,0,0,0,0,0,0,0,0,0,0,0,0,0,0,0,0,0,0,134,2026-02-05 15:29:15.160038
ATMN,26.36,26.14,26.22,1557900.0,9000.0,12496.0,,1790400.0,,,2250.0,,0,0,0,0,0,0,0,0,0,0,0,0,0,0,0,0,0,0,0,0,0,0,0,0,0,0,0,134,2026-02-05 15:29:15.160038
WNTR,23.05,23.02,23.05,1443000.0,,1052.0,5992.0,2124200.0,,,,3462.0,0,0,0,0,0,0,0,0,0,0,0,0,0,0,0,0,0,0,0,0,0,0,0,0,0,0,0,134,2026-02-05 15:29:15.160038
SPNG,25.9,25.65,25.86,1611200.0,12000.0,1534600.0,6000.0,6000.0,,,,,0,0,0,0,0,0,0,0,0,0,0,0,0,0,0,0,0,0,0,0,0,0,0,0,0,0,0,135,2026-02-05 15:29:16.204114
SMMR,24.1,23.88,23.9,1898500.0,,1920400.0,,,3821.0,5911.0,6092.0,,0,0,0,0,0,0,0,0,0,0,0,0,0,0,0,0,0,0,0,0,0,0,0,0,0,0,0,135,2026-02-05 15:29:16.204114
ATMN,26.22,26.15,26.22,1308300.0,13500.0,1894400.0,,,4226.0,,,,0,0,0,0,0,0,0,0,0,0,0,0,0,0,0,0,0,0,0,0,0,0,0,0,0,0,0,135,2026-02-05 15:29:16.204114
WNTR,23.19,23.02,23.03,1701400.0,,1850000.0,,,,6054.0,6054.0,5622.0,0,0,0,0,0,0,0,0,0,0,0,0,0,0,0,0,0,0,0,0,0,0,0,0,0,0,0,135,2026-02-05 15:29:16.204114
SPNG,25.48,25.48,25.78,1498100.0,2009.0,1448200.0,5200.0,6000.0,6000.0,,,,0,0,0,0,0,0,0,0,0,0,0,0,0,0,0,0,0,0,0,0,0,0,0,0,0,0,0,136,2026-02-05 15:29:16.743049
SMMR,23.92,23.92,24.11,1882000.0,,2044700.0,,,,3821.0,5911.0,,0,0,0,0,0,0,0,0,0,0,0,0,0,0,0,0,0,0,0,0,0,0,0,0,0,0,0,136,2026-02-05 15:29:16.743049
ATMN,26.06,26.06,26.22,1456100.0,,1815200.0,747.0,,,,,2250.0,0,0,0,0,0,0,0,0,0,0,0,0,0,0,0,0,0,0,0,0,0,0,0,0,0,0,0,136,2026-02-05 15:29:16.743049
WNTR,22.95,22.95,23.03,1454700.0,5622.0,1841500.0,6054.0,,,,,,0,0,0,0,0,0,0,0,0,0,0,0,0,0,0,0,0,0,0,0,0,0,0,0,0,0,0,136,2026-02-05 15:29:16.743049
SPNG,25.48,25.64,25.71,6000.0,1724800.0,1013.0,11914.0,4018.0,3000.0,1371300.0,6000.0,,0,0,0,0,0,0,0,0,0,0,0,0,0,0,0,0,0,0,0,0,0,0,0,0,0,0,0,137,2026-02-05 15:29:17.779403
SMMR,24.06,23.95,23.98,,1881300.0,11773.0,,,,2022400.0,,2741.0,0,0,0,0,0,0,0,0,0,0,0,0,0,0,0,0,0,0,0,0,0,0,0,0,0,0,0,137,2026-02-05 15:29:17.779403
ATMN,26.06,26.11,26.22,4500.0,1781200.0,9132.0,1265.0,,2250.0,1632900.0,,,0,0,0,0,0,0,0,0,0,0,0,0,0,0,0,0,0,0,0,0,0,0,0,0,0,0,0,137,2026-02-05 15:29:17.779403
WNTR,23.18,22.95,22.99,,1454700.0,5777.0,,3462.0,,2221400.0,,,0,0,0,0,0,0,0,0,0,0,0,0,0,0,0,0,0,0,0,0,0,0,0,0,0,0,0,137,2026-02-05 15:29:17.779403
SPNG,25.63,25.63,25.85,1837600.0,3000.0,3000.0,1528200.0,6000.0,,,0,0,0,0,0,0,0,0,0,0,0,0,0,0,0,0,0,0,0,0,0,0,0,0,0,0,0,0,0,138,2026-02-05 15:29:18.822545
SMMR,23.87,23.87,24.13,2296400.0,,,1812700.0,,1661.0,,0,0,0,0,0,0,0,0,0,0,0,0,0,0,0,0,0,0,0,0,0,0,0,0,0,0,0,0,0,138,2026-02-05 15:29:18.822545
ATMN,26.23,26.25,26.34,1474300.0,9000.0,6750.0,1652300.0,,2488.0,,0,0,0,0,0,0,0,0,0,0,0,0,0,0,0,0,0,0,0,0,0,0,0,0,0,0,0,0,0,138,2026-02-05 15:29:18.822545
WNTR,22.99,22.95,22.99,1899600.0,,,2221400.0,,,3462.0,0,0,0,0,0,0,0,0,0,0,0,0,0,0,0,0,0,0,0,0,0,0,0,0,0,0,0,0,0,138,2026-02-05 15:29:18.822545
SPNG,25.42,25.42,25.65,1758600.0,1556800.0,9000.0,6000.0,,,,,,0,0,0,0,0,0,0,0,0,0,0,0,0,0,0,0,0,0,0,0,0,0,0,0,0,0,0,139,2026-02-05 15:29:19.865292
SMMR,23.87,23.87,24.11,2410300.0,1812700.0,,,5818.0,,,,,0,0,0,0,0,0,0,0,0,0,0,0,0,0,0,0,0,0,0,0,0,0,0,0,0,0,0,139,2026-02-05 15:29:19.865292
ATMN,26.21,26.12,26.2,1581900.0,1375800.0,11250.0,,259.0,11250.0,,,,0,0,0,0,0,0,0,0,0,0,0,0,0,0,0,0,0,0,0,0,0,0,0,0,0,0,0,139,2026-02-05 15:29:19.865292
WNTR,22.95,22.95,22.96,1784200.0,1954500.0,,,5818.0,,8869.0,2510.0,5972.0,0,0,0,0,0,0,0,0,0,0,0,0,0,0,0,0,0,0,0,0,0,0,0,0,0,0,0,139,2026-02-05 15:29:19.865292
SPNG,25.65,25.61,25.62,1849400.0,4018.0,100.0,4018.0,1884.0,1211000.0,12000.0,6000.0,0,0,0,0,0,0,0,0,0,0,0,0,0,0,0,0,0,0,0,0,0,0,0,0,0,0,0,0,140,2026-02-05 15:29:20.912705
SMMR,24.09,24.05,24.09,2213900.0,,2639.0,,5818.0,2013100.0,,,0,0,0,0,0,0,0,0,0,0,0,0,0,0,0,0,0,0,0,0,0,0,0,0,0,0,0,0,140,2026-02-05 15:29:20.912705
ATMN,26.21,26.13,26.19,2029100.0,,8869.0,,6910.0,1207600.0,13500.0,,0,0,0,0,0,0,0,0,0,0,0,0,0,0,0,0,0,0,0,0,0,0,0,0,0,0,0,0,140,2026-02-05 15:29:20.912705
WNTR,22.91,22.91,23.08,1643800.0,2510.0,,3462.0,,2271400.0,,,0,0,0,0,0,0,0,0,0,0,0,0,0,0,0,0,0,0,0,0,0,0,0,0,0,0,0,0,140,2026-02-05 15:29:20.912705
SPNG,25.58,25.42,25.57,1876200.0,1626100.0,6000.0,6000.0,,,0,0,0,0,0,0,0,0,0,0,0,0,0,0,0,0,0,0,0,0,0,0,0,0,0,0,0,0,0,0,141,2026-02-05 15:29:21.962910
SMMR,24.05,23.94,24.03,2389800.0,2070100.0,,,3526.0,,0,0,0,0,0,0,0,0,0,0,0,0,0,0,0,0,0,0,0,0,0,0,0,0,0,0,0,0,0,0,141,2026-02-05 15:29:21.962910
ATMN,26.22,26.14,26.18,1909700.0,1305000.0,13500.0,,2113.0,4226.0,0,0,0,0,0,0,0,0,0,0,0,0,0,0,0,0,0,0,0,0,0,0,0,0,0,0,0,0,0,0,141,2026-02-05 15:29:21.962910
WNTR,23.09,22.96,23.09,1915200.0,2241500.0,,,3462.0,2510.0,0,0,0,0,0,0,0,0,0,0,0,0,0,0,0,0,0,0,0,0,0,0,0,0,0,0,0,0,0,0,141,2026-02-05 15:29:21.962910
SPNG,25.51,25.51,25.56,1863200.0,6000.0,3459.0,15000.0,1278300.0,6000.0,,,0,0,0,0,0,0,0,0,0,0,0,0,0,0,0,0,0,0,0,0,0,0,0,0,0,0,0,0,142,2026-02-05 15:29:23.005244
SMMR,24.05,23.94,23.96,2247600.0,,5288.0,,1918200.0,,570.0,3526.0,0,0,0,0,0,0,0,0,0,0,0,0,0,0,0,0,0,0,0,0,0,0,0,0,0,0,0,0,142,2026-02-05 15:29:23.005244
ATMN,26.32,26.11,26.32,2131000.0,,,9000.0,1578900.0,,,,0,0,0,0,0,0,0,0,0,0,0,0,0,0,0,0,0,0,0,0,0,0,0,0,0,0,0,0,142,2026-02-05 15:29:23.005244
WNTR,22.87,22.93,22.99,1656500.0,,5274.0,,2008600.0,,6905.0,5162.0,0,0,0,0,0,0,0,0,0,0,0,0,0,0,0,0,0,0,0,0,0,0,0,0,0,0,0,0,142,2026-02-05 15:29:23.005244
SPNG,25.55,25.55,25.56,4018.0,5553.0,1546300.0,9000.0,3459.0,18000.0,994300.0,4018.0,6000.0,0,0,0,0,0,0,0,0,0,0,0,0,0,0,0,0,0,0,0,0,0,0,0,0,0,0,0,143,2026-02-05 15:29:24.052513
SMMR,24.05,23.94,23.95,,2696.0,2123500.0,,13776.0,,1839900.0,3526.0,,0,0,0,0,0,0,0,0,0,0,0,0,0,0,0,0,0,0,0,0,0,0,0,0,0,0,0,143,2026-02-05 15:29:24.052513
ATMN,26.11,26.11,26.17,,,1908000.0,4500.0,6533.0,11250.0,1411200.0,,,0,0,0,0,0,0,0,0,0,0,0,0,0,0,0,0,0,0,0,0,0,0,0,0,0,0,0,143,2026-02-05 15:29:24.052513
WNTR,23.17,22.99,23.17,,15104.0,1656500.0,,527.0,,2116600.0,3462.0,,0,0,0,0,0,0,0,0,0,0,0,0,0,0,0,0,0,0,0,0,0,0,0,0,0,0,0,143,2026-02-05 15:29:24.052513
SPNG,25.42,25.44,25.56,2075200.0,3000.0,18000.0,1110000.0,4018.0,6000.0,,0,0,0,0,0,0,0,0,0,0,0,0,0,0,0,0,0,0,0,0,0,0,0,0,0,0,0,0,0,144,2026-02-05 15:29:25.093374
SMMR,23.87,23.87,23.95,2342600.0,,,1935700.0,5423.0,,,0,0,0,0,0,0,0,0,0,0,0,0,0,0,0,0,0,0,0,0,0,0,0,0,0,0,0,0,0,144,2026-02-05 15:29:25.093374
ATMN,26.07,26.26,26.28,1924200.0,2250.0,18000.0,1244500.0,,,2113.0,0,0,0,0,0,0,0,0,0,0,0,0,0,0,0,0,0,0,0,0,0,0,0,0,0,0,0,0,0,144,2026-02-05 15:29:25.093374
WNTR,22.93,22.87,22.92,1656500.0,,,2287700.0,3462.0,,,0,0,0,0,0,0,0,0,0,0,0,0,0,0,0,0,0,0,0,0,0,0,0,0,0,0,0,0,0,144,2026-02-05 15:29:25.093374
SPNG,25.57,25.44,25.47,2045900.0,328.0,1573300.0,3000.0,4018.0,6000.0,,,0,0,0,0,0,0,0,0,0,0,0,0,0,0,0,0,0,0,0,0,0,0,0,0,0,0,0,0,145,2026-02-05 15:29:26.136248
SMMR,23.95,23.88,23.95,2068500.0,7347.0,1935700.0,,5423.0,,,,0,0,0,0,0,0,0,0,0,0,0,0,0,0,0,0,0,0,0,0,0,0,0,0,0,0,0,0,145,2026-02-05 15:29:26.136248
ATMN,25.98,26.0,26.25,1993100.0,,835600.0,20250.0,4226.0,,5313.0,,0,0,0,0,0,0,0,0,0,0,0,0,0,0,0,0,0,0,0,0,0,0,0,0,0,0,0,0,145,2026-02-05 15:29:26.136248
WNTR,22.87,22.87,22.89,1788200.0,2974.0,2287700.0,,1378.0,,9750.0,2516.0,0,0,0,0,0,0,0,0,0,0,0,0,0,0,0,0,0,0,0,0,0,0,0,0,0,0,0,0,145,2026-02-05 15:29:26.136248
SPNG,25.59,25.7,25.95,1499500.0,6000.0,428.0,2968.0,1616400.0,6000.0,,,,0,0,0,0,0,0,0,0,0,0,0,0,0,0,0,0,0,0,0,0,0,0,0,0,0,0,0,146,2026-02-05 15:29:27.172704
SMMR,23.87,23.89,23.93,2059100.0,,7318.0,,1713800.0,,11798.0,5423.0,,0,0,0,0,0,0,0,0,0,0,0,0,0,0,0,0,0,0,0,0,0,0,0,0,0,0,0,146,2026-02-05 15:29:27.172704
ATMN,26.32,26.01,26.32,1993100.0,2250.0,100.0,,1663900.0,,,,6750.0,0,0,0,0,0,0,0,0,0,0,0,0,0,0,0,0,0,0,0,0,0,0,0,0,0,0,0,146,2026-02-05 15:29:27.172704
WNTR,22.89,22.91,22.92,2324500.0,,2974.0,2516.0,2287700.0,,,3462.0,,0,0,0,0,0,0,0,0,0,0,0,0,0,0,0,0,0,0,0,0,0,0,0,0,0,0,0,146,2026-02-05 15:29:27.172704
SPNG,25.64,25.64,25.95,1737900.0,6000.0,2968.0,1616400.0,6000.0,,,,,0,0,0,0,0,0,0,0,0,0,0,0,0,0,0,0,0,0,0,0,0,0,0,0,0,0,0,147,2026-02-05 15:29:28.202914
SMMR,23.87,23.92,23.95,2058100.0,,2160.0,1970800.0,,5423.0,,,,0,0,0,0,0,0,0,0,0,0,0,0,0,0,0,0,0,0,0,0,0,0,0,0,0,0,0,147,2026-02-05 15:29:28.202914
ATMN,26.02,26.01,26.02,1984900.0,4500.0,,1472400.0,,,11250.0,,,0,0,0,0,0,0,0,0,0,0,0,0,0,0,0,0,0,0,0,0,0,0,0,0,0,0,0,147,2026-02-05 15:29:28.202914
WNTR,23.09,22.92,22.98,2324500.0,,2516.0,2327000.0,,1378.0,,5474.0,100.0,0,0,0,0,0,0,0,0,0,0,0,0,0,0,0,0,0,0,0,0,0,0,0,0,0,0,0,147,2026-02-05 15:29:28.202914
SPNG,26.11,25.39,26.11,2968.0,3000.0,1872100.0,1511500.0,6000.0,,,,,0,0,0,0,0,0,0,0,0,0,0,0,0,0,0,0,0,0,0,0,0,0,0,0,0,0,0,148,2026-02-05 15:29:29.239607
SMMR,23.92,23.94,23.99,2160.0,,1820200.0,2053300.0,,7840.0,8904.0,1763.0,,0,0,0,0,0,0,0,0,0,0,0,0,0,0,0,0,0,0,0,0,0,0,0,0,0,0,0,148,2026-02-05 15:29:29.239607
ATMN,25.96,26.24,26.26,,2250.0,1795700.0,1358000.0,,8904.0,,2672.0,9000.0,0,0,0,0,0,0,0,0,0,0,0,0,0,0,0,0,0,0,0,0,0,0,0,0,0,0,0,148,2026-02-05 15:29:29.239607
WNTR,22.91,22.91,22.98,2516.0,,2469500.0,2206500.0,,,8438.0,1378.0,,0,0,0,0,0,0,0,0,0,0,0,0,0,0,0,0,0,0,0,0,0,0,0,0,0,0,0,148,2026-02-05 15:29:29.239607
SPNG,26.11,25.39,25.41,1484.0,100.0,9000.0,1594300.0,3982.0,1425100.0,6000.0,6000.0,,0,0,0,0,0,0,0,0,0,0,0,0,0,0,0,0,0,0,0,0,0,0,0,0,0,0,0,149,2026-02-05 15:29:30.274537
SMMR,23.92,23.92,23.96,2160.0,,,2042300.0,18904.0,1972200.0,,,1763.0,0,0,0,0,0,0,0,0,0,0,0,0,0,0,0,0,0,0,0,0,0,0,0,0,0,0,0,149,2026-02-05 15:29:30.274537
ATMN,26.05,25.99,26.05,,,6750.0,1856700.0,9186.0,1138100.0,11250.0,,2672.0,0,0,0,0,0,0,0,0,0,0,0,0,0,0,0,0,0,0,0,0,0,0,0,0,0,0,0,149,2026-02-05 15:29:30.274537
WNTR,23.01,22.99,23.01,4946.0,7765.0,,2226600.0,7765.0,2066800.0,,,5066.0,0,0,0,0,0,0,0,0,0,0,0,0,0,0,0,0,0,0,0,0,0,0,0,0,0,0,0,149,2026-02-05 15:29:30.274537
SPNG,26.16,25.4,25.47,4280.0,100.0,12000.0,1290400.0,2796.0,3000.0,1393700.0,6000.0,,0,0,0,0,0,0,0,0,0,0,0,0,0,0,0,0,0,0,0,0,0,0,0,0,0,0,0,150,2026-02-05 15:29:30.825707
SMMR,23.86,23.86,23.96,2160.0,,,2036000.0,1763.0,,1972200.0,,18904.0,0,0,0,0,0,0,0,0,0,0,0,0,0,0,0,0,0,0,0,0,0,0,0,0,0,0,0,150,2026-02-05 15:29:30.825707
ATMN,26.05,26.18,26.26,,,6750.0,1863500.0,2672.0,11250.0,1108300.0,,9186.0,0,0,0,0,0,0,0,0,0,0,0,0,0,0,0,0,0,0,0,0,0,0,0,0,0,0,0,150,2026-02-05 15:29:30.825707
WNTR,23.01,22.99,23.01,4946.0,7765.0,,2220600.0,5066.0,,2066800.0,,7765.0,0,0,0,0,0,0,0,0,0,0,0,0,0,0,0,0,0,0,0,0,0,0,0,0,0,0,0,150,2026-02-05 15:29:30.825707
SPNG,25.47,25.87,26.15,1164400.0,100.0,4280.0,15000.0,6000.0,1507000.0,6000.0,,,0,0,0,0,0,0,0,0,0,0,0,0,0,0,0,0,0,0,0,0,0,0,0,0,0,0,0,151,2026-02-05 15:29:31.878434
SMMR,23.86,23.88,23.92,1934500.0,,4876.0,,,1849200.0,,5559.0,5322.0,0,0,0,0,0,0,0,0,0,0,0,0,0,0,0,0,0,0,0,0,0,0,0,0,0,0,0,151,2026-02-05 15:29:31.878434
ATMN,26.13,25.99,26.08,1752200.0,,,9000.0,,1973100.0,,,,0,0,0,0,0,0,0,0,0,0,0,0,0,0,0,0,0,0,0,0,0,0,0,0,0,0,0,151,2026-02-05 15:29:31.878434
WNTR,23.01,22.99,23.01,2190800.0,3857.0,4946.0,,,2088100.0,,5066.0,6239.0,0,0,0,0,0,0,0,0,0,0,0,0,0,0,0,0,0,0,0,0,0,0,0,0,0,0,0,151,2026-02-05 15:29:31.878434
SPNG,25.34,25.34,26.13,2147500.0,5281.0,9000.0,1422600.0,6000.0,,,,,0,0,0,0,0,0,0,0,0,0,0,0,0,0,0,0,0,0,0,0,0,0,0,0,0,0,0,152,2026-02-05 15:29:32.933389
SMMR,24.0,23.88,24.0,1918000.0,,,2175000.0,,4876.0,1763.0,,,0,0,0,0,0,0,0,0,0,0,0,0,0,0,0,0,0,0,0,0,0,0,0,0,0,0,0,152,2026-02-05 15:29:32.933389
ATMN,26.15,26.15,26.35,1470800.0,,,1988100.0,,,,11250.0,1618.0,0,0,0,0,0,0,0,0,0,0,0,0,0,0,0,0,0,0,0,0,0,0,0,0,0,0,0,152,2026-02-05 15:29:32.933389
WNTR,22.99,22.99,23.05,2161700.0,,,2483700.0,,3102.0,1378.0,,10070.0,0,0,0,0,0,0,0,0,0,0,0,0,0,0,0,0,0,0,0,0,0,0,0,0,0,0,0,152,2026-02-05 15:29:32.933389
SPNG,26.01,26.01,26.07,2031500.0,7077.0,6377.0,18000.0,1078000.0,6000.0,,,,0,0,0,0,0,0,0,0,0,0,0,0,0,0,0,0,0,0,0,0,0,0,0,0,0,0,0,153,2026-02-05 15:29:33.976948
SMMR,23.95,23.9,23.94,1789000.0,8327.0,4163.0,,2108500.0,,4876.0,1763.0,,0,0,0,0,0,0,0,0,0,0,0,0,0,0,0,0,0,0,0,0,0,0,0,0,0,0,0,153,2026-02-05 15:29:33.976948
ATMN,26.15,26.16,26.26,1022500.0,9945.0,100.0,,1872300.0,,,,18000.0,0,0,0,0,0,0,0,0,0,0,0,0,0,0,0,0,0,0,0,0,0,0,0,0,0,0,0,153,2026-02-05 15:29:33.976948
WNTR,22.91,22.88,22.9,2594900.0,,1926.0,,2092700.0,,1258.0,5066.0,,0,0,0,0,0,0,0,0,0,0,0,0,0,0,0,0,0,0,0,0,0,0,0,0,0,0,0,153,2026-02-05 15:29:33.976948
SPNG,26.01,25.34,25.89,2147500.0,1003300.0,1644.0,3406.0,21000.0,,,,0,0,0,0,0,0,0,0,0,0,0,0,0,0,0,0,0,0,0,0,0,0,0,0,0,0,0,0,154,2026-02-05 15:29:35.029439
SMMR,24.0,23.91,24.0,1789000.0,2175000.0,,1763.0,,100.0,4618.0,,0,0,0,0,0,0,0,0,0,0,0,0,0,0,0,0,0,0,0,0,0,0,0,0,0,0,0,0,154,2026-02-05 15:29:35.029439
ATMN,26.16,26.16,26.24,1934800.0,1790300.0,2211.0,,2250.0,,,4500.0,0,0,0,0,0,0,0,0,0,0,0,0,0,0,0,0,0,0,0,0,0,0,0,0,0,0,0,0,154,2026-02-05 15:29:35.029439
WNTR,23.05,22.88,23.05,2458700.0,2233900.0,,5066.0,,100.0,1258.0,,0,0,0,0,0,0,0,0,0,0,0,0,0,0,0,0,0,0,0,0,0,0,0,0,0,0,0,0,154,2026-02-05 15:29:35.029439
SPNG,26.16,25.81,26.06,2040600.0,5724.0,12000.0,1445600.0,6000.0,,,,,0,0,0,0,0,0,0,0,0,0,0,0,0,0,0,0,0,0,0,0,0,0,0,0,0,0,0,155,2026-02-05 15:29:36.080713
SMMR,23.92,23.91,23.92,1682500.0,100.0,,1877300.0,,6258.0,5043.0,2829.0,,0,0,0,0,0,0,0,0,0,0,0,0,0,0,0,0,0,0,0,0,0,0,0,0,0,0,0,155,2026-02-05 15:29:36.080713
ATMN,25.93,26.13,26.2,1794600.0,,4500.0,1622700.0,,4226.0,,11630.0,2250.0,0,0,0,0,0,0,0,0,0,0,0,0,0,0,0,0,0,0,0,0,0,0,0,0,0,0,0,155,2026-02-05 15:29:36.080713
WNTR,22.88,22.88,23.02,2426100.0,100.0,,2096200.0,,1258.0,5066.0,6735.0,,0,0,0,0,0,0,0,0,0,0,0,0,0,0,0,0,0,0,0,0,0,0,0,0,0,0,0,155,2026-02-05 15:29:36.080713
SPNG,26.06,26.07,26.16,2038900.0,3000.0,1445600.0,12000.0,6000.0,,,0,0,0,0,0,0,0,0,0,0,0,0,0,0,0,0,0,0,0,0,0,0,0,0,0,0,0,0,0,156,2026-02-05 15:29:37.126742
SMMR,23.92,23.85,23.92,2138200.0,,2003600.0,,,1080.0,5043.0,0,0,0,0,0,0,0,0,0,0,0,0,0,0,0,0,0,0,0,0,0,0,0,0,0,0,0,0,0,156,2026-02-05 15:29:37.126742
ATMN,26.24,25.94,26.23,2028100.0,2250.0,1790300.0,4500.0,,,,0,0,0,0,0,0,0,0,0,0,0,0,0,0,0,0,0,0,0,0,0,0,0,0,0,0,0,0,0,156,2026-02-05 15:29:37.126742
WNTR,23.02,23.04,23.05,2382700.0,,2354200.0,,,3354.0,3222.0,0,0,0,0,0,0,0,0,0,0,0,0,0,0,0,0,0,0,0,0,0,0,0,0,0,0,0,0,0,156,2026-02-05 15:29:37.126742
SPNG,26.07,26.13,26.16,3406.0,1581500.0,100.0,6000.0,1276000.0,18000.0,6000.0,,,0,0,0,0,0,0,0,0,0,0,0,0,0,0,0,0,0,0,0,0,0,0,0,0,0,0,0,157,2026-02-05 15:29:38.172822
SMMR,23.85,23.85,23.9,1080.0,2159200.0,,,1983000.0,,,5043.0,,0,0,0,0,0,0,0,0,0,0,0,0,0,0,0,0,0,0,0,0,0,0,0,0,0,0,0,157,2026-02-05 15:29:38.172822
ATMN,26.09,26.09,26.22,,1862400.0,12558.0,,1445700.0,9000.0,,,8258.0,0,0,0,0,0,0,0,0,0,0,0,0,0,0,0,0,0,0,0,0,0,0,0,0,0,0,0,157,2026-02-05 15:29:38.172822
WNTR,23.06,23.06,23.09,3354.0,2255500.0,8158.0,,2455200.0,,,1378.0,,0,0,0,0,0,0,0,0,0,0,0,0,0,0,0,0,0,0,0,0,0,0,0,0,0,0,0,157,2026-02-05 15:29:38.172822
SPNG,25.48,25.83,26.06,15000.0,1485500.0,100.0,982600.0,21000.0,1733.0,3406.0,,0,0,0,0,0,0,0,0,0,0,0,0,0,0,0,0,0,0,0,0,0,0,0,0,0,0,0,0,158,2026-02-05 15:29:39.225259
SMMR,23.91,23.86,23.88,,2054400.0,8672.0,1754100.0,,5951.0,6631.0,1080.0,0,0,0,0,0,0,0,0,0,0,0,0,0,0,0,0,0,0,0,0,0,0,0,0,0,0,0,0,158,2026-02-05 15:29:39.225259
ATMN,26.09,26.11,26.24,,1962000.0,8031.0,1785200.0,2250.0,2007.0,,,0,0,0,0,0,0,0,0,0,0,0,0,0,0,0,0,0,0,0,0,0,0,0,0,0,0,0,0,158,2026-02-05 15:29:39.225259
WNTR,23.06,23.08,23.09,,2096000.0,17648.0,2336300.0,,3838.0,1378.0,3354.0,0,0,0,0,0,0,0,0,0,0,0,0,0,0,0,0,0,0,0,0,0,0,0,0,0,0,0,0,158,2026-02-05 15:29:39.225259
SPNG,25.83,25.84,25.92,100.0,18000.0,1381300.0,923800.0,27000.0,3406.0,,,0,0,0,0,0,0,0,0,0,0,0,0,0,0,0,0,0,0,0,0,0,0,0,0,0,0,0,0,159,2026-02-05 15:29:40.276253
SMMR,23.85,23.85,23.97,,,2148400.0,1756500.0,,6631.0,1080.0,330.0,0,0,0,0,0,0,0,0,0,0,0,0,0,0,0,0,0,0,0,0,0,0,0,0,0,0,0,0,159,2026-02-05 15:29:40.276253
ATMN,26.09,26.19,26.21,863.0,4500.0,1507400.0,1457100.0,6750.0,4226.0,4226.0,100.0,0,0,0,0,0,0,0,0,0,0,0,0,0,0,0,0,0,0,0,0,0,0,0,0,0,0,0,0,159,2026-02-05 15:29:40.276253
WNTR,23.08,23.07,23.08,4514.0,,2378200.0,2313200.0,,1378.0,1258.0,8325.0,0,0,0,0,0,0,0,0,0,0,0,0,0,0,0,0,0,0,0,0,0,0,0,0,0,0,0,0,159,2026-02-05 15:29:40.276253
SPNG,25.83,25.84,25.91,100.0,21000.0,1268500.0,100.0,30000.0,745700.0,3406.0,,0,0,0,0,0,0,0,0,0,0,0,0,0,0,0,0,0,0,0,0,0,0,0,0,0,0,0,0,160,2026-02-05 15:29:40.827988
SMMR,23.83,23.83,23.97,,,2156200.0,330.0,,1756500.0,6631.0,1080.0,0,0,0,0,0,0,0,0,0,0,0,0,0,0,0,0,0,0,0,0,0,0,0,0,0,0,0,0,160,2026-02-05 15:29:40.827988
ATMN,26.09,26.19,26.21,863.0,6750.0,1392200.0,100.0,6750.0,1457100.0,4226.0,4226.0,0,0,0,0,0,0,0,0,0,0,0,0,0,0,0,0,0,0,0,0,0,0,0,0,0,0,0,0,160,2026-02-05 15:29:40.827988
WNTR,23.09,23.07,23.09,4514.0,,2378200.0,,,2328900.0,3584.0,1258.0,0,0,0,0,0,0,0,0,0,0,0,0,0,0,0,0,0,0,0,0,0,0,0,0,0,0,0,0,160,2026-02-05 15:29:40.827988
SPNG,25.85,25.85,25.91,6509.0,1915.0,3000.0,1821000.0,100.0,33000.0,745700.0,1703.0,0,0,0,0,0,0,0,0,0,0,0,0,0,0,0,0,0,0,0,0,0,0,0,0,0,0,0,0,161,2026-02-05 15:29:41.864128
