ticker,last_price,bid_price,ask_price,BUY_ANON,BUY_CNCD-1,BUY_CAMN-1,SELL_ANON,SELL_CAMN-1,SELL_CNCD-1,BUY_GIOT-3,SELL_WRSW-3,BUY_LUIS-1,SELL_UOTB-2,SELL_BRCH-3,BUY_LAVL-1,BUY_BRCH-3,BUY_UEBR-1,SELL_BABS-4,SELL_LETH-1,BUY_UOTB-1,BUY_UOTB-2,SELL_LUIS-1,SELL_COLA-3,BUY_COLA-1,SELL_UOTB-3,SELL_NAIT-1,BUY_LETH-1,BUY_WRSW-2,SELL_WRSW-1,BUY_CNCD-5,SELL_COLB-2,SELL_COLA-1,BUY_NAIT-1,BUY_WRSW-1,SELL_BRCH-1,BUY_BRCH-2,SELL_UOTB-1,BUY_COLA-3,SELL_LAVL-1,BUY_WRSW-3,BUY_BRCH-1,SELL_UEBR-1,SELL_GIOT-3,BUY_UOTB-3,BUY_BABS-4,SELL_CNCD-5,BUY_COLB-2,SELL_WRSW-2,SELL_BRCH-2,tick,timestamp,news_news_id,news_period,news_tick,news_ticker,news_headline,news_body
SPNG,25.21,25.21,25.4,2183500.0,3000.0,1100.0,2257700.0,1100.0,,0,0,0,0,0,0,0,0,0,0,0,0,0,0,0,0,0,0,0,0,0,0,0,0,0,0,0,0,0,0,0,0,0,0,0,0,0,0,0,0,2,2026-02-05 22:14:41.710537,2.0,1.0,1.0,,Aggregate Position Limit,Your CRO has set the aggregate position limit to 9000 shares for this week.
SMMR,25.07,24.8,25.07,1945600.0,,,2077000.0,,3000.0,0,0,0,0,0,0,0,0,0,0,0,0,0,0,0,0,0,0,0,0,0,0,0,0,0,0,0,0,0,0,0,0,0,0,0,0,0,0,0,0,2,2026-02-05 22:14:41.710537,1.0,1.0,1.0,,Welcome to the RITC 2026 Alogithmic Market Making Case - practice server,
ATMN,24.77,24.77,25.08,2224900.0,,,2100100.0,,,0,0,0,0,0,0,0,0,0,0,0,0,0,0,0,0,0,0,0,0,0,0,0,0,0,0,0,0,0,0,0,0,0,0,0,0,0,0,0,0,2,2026-02-05 22:14:41.710537,,,,,,
WNTR,25.06,24.98,25.06,2119500.0,,,2165300.0,,3000.0,0,0,0,0,0,0,0,0,0,0,0,0,0,0,0,0,0,0,0,0,0,0,0,0,0,0,0,0,0,0,0,0,0,0,0,0,0,0,0,0,2,2026-02-05 22:14:41.710537,,,,,,
SPNG,25.21,25.21,25.25,2183500.0,6000.0,2254600.0,3000.0,,0,0,0,0,0,0,0,0,0,0,0,0,0,0,0,0,0,0,0,0,0,0,0,0,0,0,0,0,0,0,0,0,0,0,0,0,0,0,0,0,0,3,2026-02-05 22:14:42.792082
SMMR,25.07,24.94,25.07,2061400.0,,1960200.0,6000.0,,0,0,0,0,0,0,0,0,0,0,0,0,0,0,0,0,0,0,0,0,0,0,0,0,0,0,0,0,0,0,0,0,0,0,0,0,0,0,0,0,0,3,2026-02-05 22:14:42.792082
ATMN,25.08,25.06,25.08,2106700.0,3000.0,2004100.0,3000.0,,0,0,0,0,0,0,0,0,0,0,0,0,0,0,0,0,0,0,0,0,0,0,0,0,0,0,0,0,0,0,0,0,0,0,0,0,0,0,0,0,0,3,2026-02-05 22:14:42.792082
WNTR,24.97,24.97,25.1,1869600.0,3000.0,2275300.0,,1100.0,0,0,0,0,0,0,0,0,0,0,0,0,0,0,0,0,0,0,0,0,0,0,0,0,0,0,0,0,0,0,0,0,0,0,0,0,0,0,0,0,0,3,2026-02-05 22:14:42.792082
SPNG,25.25,25.32,25.38,3000.0,2266700.0,2264800.0,3000.0,,,0,0,0,0,0,0,0,0,0,0,0,0,0,0,0,0,0,0,0,0,0,0,0,0,0,0,0,0,0,0,0,0,0,0,0,0,0,0,0,0,4,2026-02-05 22:14:43.858993
SMMR,24.95,24.94,24.95,,2061400.0,2074500.0,3000.0,,,0,0,0,0,0,0,0,0,0,0,0,0,0,0,0,0,0,0,0,0,0,0,0,0,0,0,0,0,0,0,0,0,0,0,0,0,0,0,0,0,4,2026-02-05 22:14:43.858993
ATMN,25.12,25.07,25.12,3000.0,2101400.0,1986100.0,,,,0,0,0,0,0,0,0,0,0,0,0,0,0,0,0,0,0,0,0,0,0,0,0,0,0,0,0,0,0,0,0,0,0,0,0,0,0,0,0,0,4,2026-02-05 22:14:43.858993
WNTR,25.06,24.97,25.06,,1992400.0,2137600.0,,1100.0,1100.0,0,0,0,0,0,0,0,0,0,0,0,0,0,0,0,0,0,0,0,0,0,0,0,0,0,0,0,0,0,0,0,0,0,0,0,0,0,0,0,0,4,2026-02-05 22:14:43.858993
SPNG,24.45,24.45,24.51,2285200.0,3000.0,6000.0,2029700.0,10000.0,,,0,0,0,0,0,0,0,0,0,0,0,0,0,0,0,0,0,0,0,0,0,0,0,0,0,0,0,0,0,0,0,0,0,0,0,0,0,0,0,5,2026-02-05 22:14:44.912061
SMMR,24.99,24.94,24.99,2061400.0,,,2194900.0,,,,0,0,0,0,0,0,0,0,0,0,0,0,0,0,0,0,0,0,0,0,0,0,0,0,0,0,0,0,0,0,0,0,0,0,0,0,0,0,0,5,2026-02-05 22:14:44.912061
ATMN,25.18,25.06,25.18,2214900.0,,,2075600.0,,,,0,0,0,0,0,0,0,0,0,0,0,0,0,0,0,0,0,0,0,0,0,0,0,0,0,0,0,0,0,0,0,0,0,0,0,0,0,0,0,5,2026-02-05 22:14:44.912061
WNTR,25.1,25.05,25.1,1976700.0,,,2128800.0,,1100.0,1100.0,0,0,0,0,0,0,0,0,0,0,0,0,0,0,0,0,0,0,0,0,0,0,0,0,0,0,0,0,0,0,0,0,0,0,0,0,0,0,0,5,2026-02-05 22:14:44.912061
SPNG,24.52,24.45,24.52,2290800.0,3000.0,30000.0,3800.0,1785700.0,,,0,0,0,0,0,0,0,0,0,0,0,0,0,0,0,0,0,0,0,0,0,0,0,0,0,0,0,0,0,0,0,0,0,0,0,0,0,0,0,6,2026-02-05 22:14:45.964397
SMMR,24.96,24.98,24.99,2043400.0,3000.0,,9000.0,1867900.0,1100.0,1100.0,0,0,0,0,0,0,0,0,0,0,0,0,0,0,0,0,0,0,0,0,0,0,0,0,0,0,0,0,0,0,0,0,0,0,0,0,0,0,0,6,2026-02-05 22:14:45.964397
ATMN,25.05,25.16,25.18,2105900.0,3000.0,,3000.0,1863600.0,,1100.0,0,0,0,0,0,0,0,0,0,0,0,0,0,0,0,0,0,0,0,0,0,0,0,0,0,0,0,0,0,0,0,0,0,0,0,0,0,0,0,6,2026-02-05 22:14:45.964397
WNTR,25.07,25.06,25.07,2083700.0,,,,2124400.0,,1100.0,0,0,0,0,0,0,0,0,0,0,0,0,0,0,0,0,0,0,0,0,0,0,0,0,0,0,0,0,0,0,0,0,0,0,0,0,0,0,0,6,2026-02-05 22:14:45.964397
SPNG,24.59,24.92,25.37,2326300.0,3000.0,2258300.0,10000.0,,,0,0,0,0,0,0,0,0,0,0,0,0,0,0,0,0,0,0,0,0,0,0,0,0,0,0,0,0,0,0,0,0,0,0,0,0,0,0,0,0,7,2026-02-05 22:14:47.027948
SMMR,25.1,24.99,25.0,2133000.0,3000.0,1846400.0,,1100.0,9000.0,0,0,0,0,0,0,0,0,0,0,0,0,0,0,0,0,0,0,0,0,0,0,0,0,0,0,0,0,0,0,0,0,0,0,0,0,0,0,0,0,7,2026-02-05 22:14:47.027948
ATMN,25.16,25.14,25.18,2105900.0,3000.0,1883900.0,,,4100.0,0,0,0,0,0,0,0,0,0,0,0,0,0,0,0,0,0,0,0,0,0,0,0,0,0,0,0,0,0,0,0,0,0,0,0,0,0,0,0,0,7,2026-02-05 22:14:47.027948
WNTR,24.88,24.88,25.07,2124400.0,,2232600.0,,,,0,0,0,0,0,0,0,0,0,0,0,0,0,0,0,0,0,0,0,0,0,0,0,0,0,0,0,0,0,0,0,0,0,0,0,0,0,0,0,0,7,2026-02-05 22:14:47.027948
SPNG,24.45,24.45,25.37,2201400.0,1100.0,3000.0,2153100.0,1100.0,10000.0,0,0,0,0,0,0,0,0,0,0,0,0,0,0,0,0,0,0,0,0,0,0,0,0,0,0,0,0,0,0,0,0,0,0,0,0,0,0,0,0,8,2026-02-05 22:14:47.962320
SMMR,25.0,25.07,25.1,2128800.0,1100.0,,2078400.0,1100.0,,0,0,0,0,0,0,0,0,0,0,0,0,0,0,0,0,0,0,0,0,0,0,0,0,0,0,0,0,0,0,0,0,0,0,0,0,0,0,0,0,8,2026-02-05 22:14:47.962320
ATMN,25.14,25.05,25.18,2235700.0,,,2096700.0,,,0,0,0,0,0,0,0,0,0,0,0,0,0,0,0,0,0,0,0,0,0,0,0,0,0,0,0,0,0,0,0,0,0,0,0,0,0,0,0,0,8,2026-02-05 22:14:47.962320
WNTR,24.86,24.88,24.89,2028600.0,1100.0,,2119400.0,1100.0,,0,0,0,0,0,0,0,0,0,0,0,0,0,0,0,0,0,0,0,0,0,0,0,0,0,0,0,0,0,0,0,0,0,0,0,0,0,0,0,0,8,2026-02-05 22:14:47.962320
SPNG,24.97,24.97,25.04,1918900.0,20000.0,9000.0,2287900.0,10000.0,,,,,,0,0,0,0,0,0,0,0,0,0,0,0,0,0,0,0,0,0,0,0,0,0,0,0,0,0,0,0,0,0,0,0,0,0,0,0,9,2026-02-05 22:14:49.029468
SMMR,25.14,25.13,25.14,2160900.0,,3000.0,2099600.0,,3000.0,,,,,0,0,0,0,0,0,0,0,0,0,0,0,0,0,0,0,0,0,0,0,0,0,0,0,0,0,0,0,0,0,0,0,0,0,0,0,9,2026-02-05 22:14:49.029468
ATMN,25.18,25.05,25.15,2216800.0,,,2081700.0,,,,,,,0,0,0,0,0,0,0,0,0,0,0,0,0,0,0,0,0,0,0,0,0,0,0,0,0,0,0,0,0,0,0,0,0,0,0,0,9,2026-02-05 22:14:49.029468
WNTR,25.07,24.84,24.87,1905800.0,,,2006500.0,,,1500.0,1100.0,1500.0,1100.0,0,0,0,0,0,0,0,0,0,0,0,0,0,0,0,0,0,0,0,0,0,0,0,0,0,0,0,0,0,0,0,0,0,0,0,0,9,2026-02-05 22:14:49.029468
SPNG,24.75,24.72,24.75,12000.0,1910200.0,20000.0,2061700.0,3000.0,1500.0,10000.0,,,0,0,0,0,0,0,0,0,0,0,0,0,0,0,0,0,0,0,0,0,0,0,0,0,0,0,0,0,0,0,0,0,0,0,0,0,0,10,2026-02-05 22:14:50.095912
SMMR,25.16,25.15,25.16,3000.0,2089500.0,,1967200.0,3000.0,,,1100.0,1100.0,0,0,0,0,0,0,0,0,0,0,0,0,0,0,0,0,0,0,0,0,0,0,0,0,0,0,0,0,0,0,0,0,0,0,0,0,0,10,2026-02-05 22:14:50.095912
ATMN,25.21,25.16,25.21,3000.0,2028700.0,,2093200.0,,,,1100.0,,0,0,0,0,0,0,0,0,0,0,0,0,0,0,0,0,0,0,0,0,0,0,0,0,0,0,0,0,0,0,0,0,0,0,0,0,0,10,2026-02-05 22:14:50.095912
WNTR,24.87,24.99,25.04,,2003400.0,,2224400.0,,,,1100.0,,0,0,0,0,0,0,0,0,0,0,0,0,0,0,0,0,0,0,0,0,0,0,0,0,0,0,0,0,0,0,0,0,0,0,0,0,0,10,2026-02-05 22:14:50.095912
SPNG,25.04,24.98,25.04,3000.0,1910400.0,30000.0,2164500.0,3000.0,10000.0,,0,0,0,0,0,0,0,0,0,0,0,0,0,0,0,0,0,0,0,0,0,0,0,0,0,0,0,0,0,0,0,0,0,0,0,0,0,0,0,11,2026-02-05 22:14:51.157826
SMMR,25.0,24.95,24.96,6000.0,2044700.0,,2057600.0,3000.0,,,0,0,0,0,0,0,0,0,0,0,0,0,0,0,0,0,0,0,0,0,0,0,0,0,0,0,0,0,0,0,0,0,0,0,0,0,0,0,0,11,2026-02-05 22:14:51.157826
ATMN,25.22,25.16,25.22,,2117100.0,,2101000.0,,,1100.0,0,0,0,0,0,0,0,0,0,0,0,0,0,0,0,0,0,0,0,0,0,0,0,0,0,0,0,0,0,0,0,0,0,0,0,0,0,0,0,11,2026-02-05 22:14:51.157826
WNTR,24.99,24.99,25.01,,1992300.0,,2235400.0,,,1100.0,0,0,0,0,0,0,0,0,0,0,0,0,0,0,0,0,0,0,0,0,0,0,0,0,0,0,0,0,0,0,0,0,0,0,0,0,0,0,0,11,2026-02-05 22:14:51.157826
SPNG,25.18,25.18,25.37,1770400.0,30000.0,3000.0,1500.0,2153100.0,20000.0,,,0,0,0,0,0,0,0,0,0,0,0,0,0,0,0,0,0,0,0,0,0,0,0,0,0,0,0,0,0,0,0,0,0,0,0,0,0,0,12,2026-02-05 22:14:52.201709
SMMR,24.97,24.97,25.2,1953200.0,,9000.0,1500.0,2047300.0,,1500.0,,0,0,0,0,0,0,0,0,0,0,0,0,0,0,0,0,0,0,0,0,0,0,0,0,0,0,0,0,0,0,0,0,0,0,0,0,0,0,12,2026-02-05 22:14:52.201709
ATMN,25.24,25.16,25.24,2117100.0,,,,2082000.0,,,1100.0,0,0,0,0,0,0,0,0,0,0,0,0,0,0,0,0,0,0,0,0,0,0,0,0,0,0,0,0,0,0,0,0,0,0,0,0,0,0,12,2026-02-05 22:14:52.201709
WNTR,24.83,24.83,25.01,2110000.0,,,,2225900.0,,,,0,0,0,0,0,0,0,0,0,0,0,0,0,0,0,0,0,0,0,0,0,0,0,0,0,0,0,0,0,0,0,0,0,0,0,0,0,0,12,2026-02-05 22:14:52.201709
SPNG,25.37,25.18,25.37,1770400.0,30000.0,3000.0,1500.0,2148000.0,20000.0,,,,0,0,0,0,0,0,0,0,0,0,0,0,0,0,0,0,0,0,0,0,0,0,0,0,0,0,0,0,0,0,0,0,0,0,0,0,0,13,2026-02-05 22:14:52.739053
SMMR,24.97,24.97,25.13,1953200.0,,9000.0,1500.0,2028300.0,,1500.0,,,0,0,0,0,0,0,0,0,0,0,0,0,0,0,0,0,0,0,0,0,0,0,0,0,0,0,0,0,0,0,0,0,0,0,0,0,0,13,2026-02-05 22:14:52.739053
ATMN,25.24,25.2,25.24,1864900.0,,6000.0,,2018200.0,,,1100.0,3000.0,0,0,0,0,0,0,0,0,0,0,0,0,0,0,0,0,0,0,0,0,0,0,0,0,0,0,0,0,0,0,0,0,0,0,0,0,0,13,2026-02-05 22:14:52.739053
WNTR,24.83,24.99,25.01,1901800.0,,6000.0,,2127500.0,,,,3000.0,0,0,0,0,0,0,0,0,0,0,0,0,0,0,0,0,0,0,0,0,0,0,0,0,0,0,0,0,0,0,0,0,0,0,0,0,0,13,2026-02-05 22:14:52.739053
SPNG,25.37,25.02,25.37,2013400.0,3000.0,20000.0,2040000.0,30000.0,,,,0,0,0,0,0,0,0,0,0,0,0,0,0,0,0,0,0,0,0,0,0,0,0,0,0,0,0,0,0,0,0,0,0,0,0,0,0,0,14,2026-02-05 22:14:53.795911
SMMR,24.98,24.98,25.13,2020600.0,12000.0,,2148200.0,,,,,0,0,0,0,0,0,0,0,0,0,0,0,0,0,0,0,0,0,0,0,0,0,0,0,0,0,0,0,0,0,0,0,0,0,0,0,0,0,14,2026-02-05 22:14:53.795911
ATMN,25.26,25.26,25.28,1900000.0,6000.0,,2078600.0,,1100.0,,,0,0,0,0,0,0,0,0,0,0,0,0,0,0,0,0,0,0,0,0,0,0,0,0,0,0,0,0,0,0,0,0,0,0,0,0,0,0,14,2026-02-05 22:14:53.795911
WNTR,24.85,24.93,25.01,1834300.0,6000.0,,2136200.0,,,1500.0,1500.0,0,0,0,0,0,0,0,0,0,0,0,0,0,0,0,0,0,0,0,0,0,0,0,0,0,0,0,0,0,0,0,0,0,0,0,0,0,0,14,2026-02-05 22:14:53.795911
SPNG,24.61,25.3,25.37,3000.0,1500.0,1911900.0,20000.0,1683100.0,40000.0,3000.0,1500.0,,0,0,0,0,0,0,0,0,0,0,0,0,0,0,0,0,0,0,0,0,0,0,0,0,0,0,0,0,0,0,0,0,0,0,0,0,0,15,2026-02-05 22:14:54.863809
SMMR,25.13,24.98,24.99,3000.0,,2122100.0,,2010800.0,,3000.0,,,0,0,0,0,0,0,0,0,0,0,0,0,0,0,0,0,0,0,0,0,0,0,0,0,0,0,0,0,0,0,0,0,0,0,0,0,0,15,2026-02-05 22:14:54.863809
ATMN,25.29,25.26,25.29,9000.0,,1900000.0,,2059300.0,,,,1100.0,0,0,0,0,0,0,0,0,0,0,0,0,0,0,0,0,0,0,0,0,0,0,0,0,0,0,0,0,0,0,0,0,0,0,0,0,0,15,2026-02-05 22:14:54.863809
WNTR,25.1,24.83,24.85,9000.0,,1932300.0,,2136300.0,,3000.0,,,0,0,0,0,0,0,0,0,0,0,0,0,0,0,0,0,0,0,0,0,0,0,0,0,0,0,0,0,0,0,0,0,0,0,0,0,0,15,2026-02-05 22:14:54.863809
SPNG,24.57,24.57,24.68,1818800.0,10500.0,20000.0,1500.0,3000.0,1500.0,1546900.0,50000.0,,0,0,0,0,0,0,0,0,0,0,0,0,0,0,0,0,0,0,0,0,0,0,0,0,0,0,0,0,0,0,0,0,0,0,0,0,0,16,2026-02-05 22:14:55.915461
SMMR,25.04,24.98,25.04,2252100.0,,,,3000.0,,2026600.0,,,0,0,0,0,0,0,0,0,0,0,0,0,0,0,0,0,0,0,0,0,0,0,0,0,0,0,0,0,0,0,0,0,0,0,0,0,0,16,2026-02-05 22:14:55.915461
ATMN,25.29,25.27,25.29,1899200.0,12000.0,,,3000.0,,1942800.0,,1100.0,0,0,0,0,0,0,0,0,0,0,0,0,0,0,0,0,0,0,0,0,0,0,0,0,0,0,0,0,0,0,0,0,0,0,0,0,0,16,2026-02-05 22:14:55.915461
WNTR,25.09,25.09,25.1,1917000.0,12000.0,,,,,2248700.0,,,0,0,0,0,0,0,0,0,0,0,0,0,0,0,0,0,0,0,0,0,0,0,0,0,0,0,0,0,0,0,0,0,0,0,0,0,0,16,2026-02-05 22:14:55.915461
SPNG,24.69,24.92,25.13,1846800.0,7500.0,20000.0,1500.0,1500.0,1683100.0,50000.0,,,0,0,0,0,0,0,0,0,0,0,0,0,0,0,0,0,0,0,0,0,0,0,0,0,0,0,0,0,0,0,0,0,0,0,0,0,0,17,2026-02-05 22:14:56.982444
SMMR,24.95,24.95,24.99,2322100.0,,,,,1906400.0,,6000.0,,0,0,0,0,0,0,0,0,0,0,0,0,0,0,0,0,0,0,0,0,0,0,0,0,0,0,0,0,0,0,0,0,0,0,0,0,0,17,2026-02-05 22:14:56.982444
ATMN,25.31,25.27,25.31,1901400.0,12000.0,,,,1932800.0,,3000.0,1100.0,0,0,0,0,0,0,0,0,0,0,0,0,0,0,0,0,0,0,0,0,0,0,0,0,0,0,0,0,0,0,0,0,0,0,0,0,0,17,2026-02-05 22:14:56.982444
WNTR,25.11,25.05,25.11,2132900.0,,,,,2137400.0,,3000.0,,0,0,0,0,0,0,0,0,0,0,0,0,0,0,0,0,0,0,0,0,0,0,0,0,0,0,0,0,0,0,0,0,0,0,0,0,0,17,2026-02-05 22:14:56.982444
SPNG,25.13,25.26,25.37,1742900.0,30000.0,1500.0,10500.0,1550600.0,60000.0,1500.0,,,0,0,0,0,0,0,0,0,0,0,0,0,0,0,0,0,0,0,0,0,0,0,0,0,0,0,0,0,0,0,0,0,0,0,0,0,0,18,2026-02-05 22:14:58.039934
SMMR,24.96,25.1,25.13,2133900.0,,,3000.0,2148200.0,,,,,0,0,0,0,0,0,0,0,0,0,0,0,0,0,0,0,0,0,0,0,0,0,0,0,0,0,0,0,0,0,0,0,0,0,0,0,0,18,2026-02-05 22:14:58.039934
ATMN,25.26,25.17,25.25,2099000.0,,,,1933000.0,,,1100.0,3000.0,0,0,0,0,0,0,0,0,0,0,0,0,0,0,0,0,0,0,0,0,0,0,0,0,0,0,0,0,0,0,0,0,0,0,0,0,0,18,2026-02-05 22:14:58.039934
WNTR,25.11,25.09,25.1,1917300.0,,,6000.0,2117600.0,,,,3000.0,0,0,0,0,0,0,0,0,0,0,0,0,0,0,0,0,0,0,0,0,0,0,0,0,0,0,0,0,0,0,0,0,0,0,0,0,0,18,2026-02-05 22:14:58.039934
SPNG,25.26,25.26,25.37,1742900.0,40000.0,3000.0,1500.0,1522900.0,70000.0,,,0,0,0,0,0,0,0,0,0,0,0,0,0,0,0,0,0,0,0,0,0,0,0,0,0,0,0,0,0,0,0,0,0,0,0,0,0,0,19,2026-02-05 22:14:59.112636
SMMR,25.13,25.16,25.2,2048400.0,,6000.0,,2163500.0,,,,0,0,0,0,0,0,0,0,0,0,0,0,0,0,0,0,0,0,0,0,0,0,0,0,0,0,0,0,0,0,0,0,0,0,0,0,0,0,19,2026-02-05 22:14:59.112636
ATMN,25.39,25.25,25.39,1975100.0,,3000.0,,2076300.0,,1100.0,,0,0,0,0,0,0,0,0,0,0,0,0,0,0,0,0,0,0,0,0,0,0,0,0,0,0,0,0,0,0,0,0,0,0,0,0,0,0,19,2026-02-05 22:14:59.112636
WNTR,25.11,25.1,25.11,1931100.0,,6000.0,,2151900.0,,,3000.0,0,0,0,0,0,0,0,0,0,0,0,0,0,0,0,0,0,0,0,0,0,0,0,0,0,0,0,0,0,0,0,0,0,0,0,0,0,0,19,2026-02-05 22:14:59.112636
SPNG,25.31,25.26,25.31,1742900.0,50000.0,3000.0,1294100.0,3000.0,80000.0,,,,0,0,0,0,0,0,0,0,0,0,0,0,0,0,0,0,0,0,0,0,0,0,0,0,0,0,0,0,0,0,0,0,0,0,0,0,0,20,2026-02-05 22:15:00.161539
SMMR,25.15,25.15,25.2,1929100.0,,9000.0,2019200.0,,,1500.0,1500.0,,0,0,0,0,0,0,0,0,0,0,0,0,0,0,0,0,0,0,0,0,0,0,0,0,0,0,0,0,0,0,0,0,0,0,0,0,0,20,2026-02-05 22:15:00.161539
ATMN,25.38,25.17,25.2,2104900.0,,,1956600.0,3000.0,,,,1100.0,0,0,0,0,0,0,0,0,0,0,0,0,0,0,0,0,0,0,0,0,0,0,0,0,0,0,0,0,0,0,0,0,0,0,0,0,0,20,2026-02-05 22:15:00.161539
WNTR,25.13,25.1,25.13,1948800.0,,6000.0,2138100.0,3000.0,,,,,0,0,0,0,0,0,0,0,0,0,0,0,0,0,0,0,0,0,0,0,0,0,0,0,0,0,0,0,0,0,0,0,0,0,0,0,0,20,2026-02-05 22:15:00.161539
SPNG,24.56,24.56,25.31,2237200.0,20000.0,1175800.0,90000.0,3000.0,,,,,0,0,0,0,0,0,0,0,0,0,0,0,0,0,0,0,0,0,0,0,0,0,0,0,0,0,0,0,0,0,0,0,0,0,0,0,0,21,2026-02-05 22:15:01.216088
SMMR,25.15,25.15,25.16,1913200.0,,1918500.0,,3000.0,12000.0,1500.0,1500.0,,0,0,0,0,0,0,0,0,0,0,0,0,0,0,0,0,0,0,0,0,0,0,0,0,0,0,0,0,0,0,0,0,0,0,0,0,0,21,2026-02-05 22:15:01.216088
ATMN,25.2,25.35,25.39,2060900.0,,1864700.0,,6000.0,,,,1100.0,0,0,0,0,0,0,0,0,0,0,0,0,0,0,0,0,0,0,0,0,0,0,0,0,0,0,0,0,0,0,0,0,0,0,0,0,0,21,2026-02-05 22:15:01.216088
WNTR,25.13,25.11,25.13,1969700.0,,2150200.0,,3000.0,6000.0,,,,0,0,0,0,0,0,0,0,0,0,0,0,0,0,0,0,0,0,0,0,0,0,0,0,0,0,0,0,0,0,0,0,0,0,0,0,0,21,2026-02-05 22:15:01.216088
SPNG,25.18,24.56,25.14,2086400.0,3000.0,20000.0,1173800.0,100000.0,,,,,0,0,0,0,0,0,0,0,0,0,0,0,0,0,0,0,0,0,0,0,0,0,0,0,0,0,0,0,0,0,0,0,0,0,0,0,0,22,2026-02-05 22:15:02.275035
SMMR,25.07,25.07,25.17,2192200.0,,,1918500.0,,1500.0,3000.0,1500.0,,0,0,0,0,0,0,0,0,0,0,0,0,0,0,0,0,0,0,0,0,0,0,0,0,0,0,0,0,0,0,0,0,0,0,0,0,0,22,2026-02-05 22:15:02.275035
ATMN,25.3,25.3,25.39,1936500.0,3000.0,,2091400.0,,,,,1100.0,0,0,0,0,0,0,0,0,0,0,0,0,0,0,0,0,0,0,0,0,0,0,0,0,0,0,0,0,0,0,0,0,0,0,0,0,0,22,2026-02-05 22:15:02.275035
WNTR,25.13,25.11,25.12,1980500.0,6000.0,,2134800.0,,,3000.0,,,0,0,0,0,0,0,0,0,0,0,0,0,0,0,0,0,0,0,0,0,0,0,0,0,0,0,0,0,0,0,0,0,0,0,0,0,0,22,2026-02-05 22:15:02.275035
SPNG,25.24,25.12,25.24,6000.0,1960500.0,20000.0,1168200.0,100000.0,,,,,0,0,0,0,0,0,0,0,0,0,0,0,0,0,0,0,0,0,0,0,0,0,0,0,0,0,0,0,0,0,0,0,0,0,0,0,0,23,2026-02-05 22:15:02.817787
SMMR,25.07,25.07,25.09,3000.0,2067100.0,,1839000.0,,1500.0,6000.0,1500.0,,0,0,0,0,0,0,0,0,0,0,0,0,0,0,0,0,0,0,0,0,0,0,0,0,0,0,0,0,0,0,0,0,0,0,0,0,0,23,2026-02-05 22:15:02.817787
ATMN,25.41,25.3,25.31,6000.0,1854800.0,,1989700.0,,,3000.0,,1100.0,0,0,0,0,0,0,0,0,0,0,0,0,0,0,0,0,0,0,0,0,0,0,0,0,0,0,0,0,0,0,0,0,0,0,0,0,0,23,2026-02-05 22:15:02.817787
WNTR,24.97,24.93,24.97,,2173200.0,,2026700.0,,,6000.0,,,0,0,0,0,0,0,0,0,0,0,0,0,0,0,0,0,0,0,0,0,0,0,0,0,0,0,0,0,0,0,0,0,0,0,0,0,0,23,2026-02-05 22:15:02.817787
SPNG,25.12,25.06,25.08,3000.0,2061300.0,20000.0,967500.0,3000.0,110000.0,,,,0,0,0,0,0,0,0,0,0,0,0,0,0,0,0,0,0,0,0,0,0,0,0,0,0,0,0,0,0,0,0,0,0,0,0,0,0,24,2026-02-05 22:15:03.881301
SMMR,25.07,25.08,25.09,3000.0,2050600.0,,1835300.0,6000.0,,1500.0,1500.0,,0,0,0,0,0,0,0,0,0,0,0,0,0,0,0,0,0,0,0,0,0,0,0,0,0,0,0,0,0,0,0,0,0,0,0,0,0,24,2026-02-05 22:15:03.881301
ATMN,25.41,25.4,25.41,6000.0,1854800.0,,1977900.0,3000.0,,,,1100.0,0,0,0,0,0,0,0,0,0,0,0,0,0,0,0,0,0,0,0,0,0,0,0,0,0,0,0,0,0,0,0,0,0,0,0,0,0,24,2026-02-05 22:15:03.881301
WNTR,25.12,24.95,24.97,3000.0,1629900.0,,1693500.0,9000.0,,6000.0,4500.0,,0,0,0,0,0,0,0,0,0,0,0,0,0,0,0,0,0,0,0,0,0,0,0,0,0,0,0,0,0,0,0,0,0,0,0,0,0,24,2026-02-05 22:15:03.881301
SPNG,25.08,25.06,25.08,3000.0,2121900.0,20000.0,701400.0,130000.0,3000.0,,,,0,0,0,0,0,0,0,0,0,0,0,0,0,0,0,0,0,0,0,0,0,0,0,0,0,0,0,0,0,0,0,0,0,0,0,0,0,25,2026-02-05 22:15:04.942707
SMMR,25.14,25.1,25.14,3000.0,2171400.0,,2055200.0,,,1500.0,,,0,0,0,0,0,0,0,0,0,0,0,0,0,0,0,0,0,0,0,0,0,0,0,0,0,0,0,0,0,0,0,0,0,0,0,0,0,25,2026-02-05 22:15:04.942707
ATMN,25.3,25.17,25.25,,2084900.0,,1982600.0,,3000.0,,1100.0,,0,0,0,0,0,0,0,0,0,0,0,0,0,0,0,0,0,0,0,0,0,0,0,0,0,0,0,0,0,0,0,0,0,0,0,0,0,25,2026-02-05 22:15:04.942707
WNTR,24.98,25.15,25.17,6000.0,1296400.0,,2108900.0,,3000.0,,,9000.0,0,0,0,0,0,0,0,0,0,0,0,0,0,0,0,0,0,0,0,0,0,0,0,0,0,0,0,0,0,0,0,0,0,0,0,0,0,25,2026-02-05 22:15:04.942707
SPNG,25.31,25.02,25.08,2021100.0,30000.0,3000.0,6000.0,110000.0,817100.0,,,,0,0,0,0,0,0,0,0,0,0,0,0,0,0,0,0,0,0,0,0,0,0,0,0,0,0,0,0,0,0,0,0,0,0,0,0,0,26,2026-02-05 22:15:06.002760
SMMR,25.14,25.13,25.14,2045800.0,,6000.0,3000.0,,1944500.0,1500.0,,,0,0,0,0,0,0,0,0,0,0,0,0,0,0,0,0,0,0,0,0,0,0,0,0,0,0,0,0,0,0,0,0,0,0,0,0,0,26,2026-02-05 22:15:06.002760
ATMN,25.41,25.29,25.41,1952400.0,,3000.0,,,2097700.0,,1100.0,,0,0,0,0,0,0,0,0,0,0,0,0,0,0,0,0,0,0,0,0,0,0,0,0,0,0,0,0,0,0,0,0,0,0,0,0,0,26,2026-02-05 22:15:06.002760
WNTR,25.15,25.15,25.16,1629700.0,,6000.0,,,1750600.0,6000.0,,4500.0,0,0,0,0,0,0,0,0,0,0,0,0,0,0,0,0,0,0,0,0,0,0,0,0,0,0,0,0,0,0,0,0,0,0,0,0,0,26,2026-02-05 22:15:06.002760
SPNG,25.02,25.02,25.08,1902200.0,40000.0,3000.0,6000.0,120000.0,721500.0,,,0,0,0,0,0,0,0,0,0,0,0,0,0,0,0,0,0,0,0,0,0,0,0,0,0,0,0,0,0,0,0,0,0,0,0,0,0,0,27,2026-02-05 22:15:07.055911
SMMR,25.17,25.13,25.15,2045800.0,,6000.0,3000.0,,2033600.0,,,0,0,0,0,0,0,0,0,0,0,0,0,0,0,0,0,0,0,0,0,0,0,0,0,0,0,0,0,0,0,0,0,0,0,0,0,0,0,27,2026-02-05 22:15:07.055911
ATMN,25.07,25.07,25.41,2241600.0,,,3000.0,,1994600.0,,,0,0,0,0,0,0,0,0,0,0,0,0,0,0,0,0,0,0,0,0,0,0,0,0,0,0,0,0,0,0,0,0,0,0,0,0,0,0,27,2026-02-05 22:15:07.055911
WNTR,25.17,25.13,25.17,1723000.0,,9000.0,3000.0,,1119000.0,3000.0,13500.0,0,0,0,0,0,0,0,0,0,0,0,0,0,0,0,0,0,0,0,0,0,0,0,0,0,0,0,0,0,0,0,0,0,0,0,0,0,0,27,2026-02-05 22:15:07.055911
SPNG,25.21,25.02,25.21,1745700.0,50000.0,3000.0,1158600.0,100000.0,,,,0,0,0,0,0,0,0,0,0,0,0,0,0,0,0,0,0,0,0,0,0,0,0,0,0,0,0,0,0,0,0,0,0,0,0,0,0,0,28,2026-02-05 22:15:08.103453
SMMR,25.16,25.12,25.15,2270700.0,,,2147300.0,,,,,0,0,0,0,0,0,0,0,0,0,0,0,0,0,0,0,0,0,0,0,0,0,0,0,0,0,0,0,0,0,0,0,0,0,0,0,0,0,28,2026-02-05 22:15:08.103453
ATMN,25.42,25.07,25.42,2102200.0,,3000.0,2096800.0,,,,,0,0,0,0,0,0,0,0,0,0,0,0,0,0,0,0,0,0,0,0,0,0,0,0,0,0,0,0,0,0,0,0,0,0,0,0,0,0,28,2026-02-05 22:15:08.103453
WNTR,25.17,25.15,25.17,1688700.0,,9000.0,1219400.0,,3000.0,3000.0,12000.0,0,0,0,0,0,0,0,0,0,0,0,0,0,0,0,0,0,0,0,0,0,0,0,0,0,0,0,0,0,0,0,0,0,0,0,0,0,0,28,2026-02-05 22:15:08.103453
SPNG,25.03,25.0,25.03,2265000.0,20000.0,941900.0,110000.0,3000.0,,,,0,0,0,0,0,0,0,0,0,0,0,0,0,0,0,0,0,0,0,0,0,0,0,0,0,0,0,0,0,0,0,0,0,0,0,0,0,0,29,2026-02-05 22:15:09.149534
SMMR,25.1,25.19,25.2,2065600.0,,2050600.0,,3000.0,6000.0,,,0,0,0,0,0,0,0,0,0,0,0,0,0,0,0,0,0,0,0,0,0,0,0,0,0,0,0,0,0,0,0,0,0,0,0,0,0,0,29,2026-02-05 22:15:09.149534
ATMN,25.42,25.4,25.42,2010800.0,,1987400.0,,3000.0,6000.0,,,0,0,0,0,0,0,0,0,0,0,0,0,0,0,0,0,0,0,0,0,0,0,0,0,0,0,0,0,0,0,0,0,0,0,0,0,0,0,29,2026-02-05 22:15:09.149534
WNTR,25.1,25.1,25.13,1809500.0,,1077000.0,,6000.0,3000.0,3000.0,12000.0,0,0,0,0,0,0,0,0,0,0,0,0,0,0,0,0,0,0,0,0,0,0,0,0,0,0,0,0,0,0,0,0,0,0,0,0,0,0,29,2026-02-05 22:15:09.149534
SPNG,25.21,25.0,25.21,2167000.0,3000.0,20000.0,926500.0,120000.0,,,,0,0,0,0,0,0,0,0,0,0,0,0,0,0,0,0,0,0,0,0,0,0,0,0,0,0,0,0,0,0,0,0,0,0,0,0,0,0,30,2026-02-05 22:15:10.192748
SMMR,25.08,25.08,25.09,2155700.0,3000.0,,1929300.0,,6000.0,,,0,0,0,0,0,0,0,0,0,0,0,0,0,0,0,0,0,0,0,0,0,0,0,0,0,0,0,0,0,0,0,0,0,0,0,0,0,0,30,2026-02-05 22:15:10.192748
ATMN,25.44,25.4,25.44,1999400.0,6000.0,,1991000.0,,3000.0,,,0,0,0,0,0,0,0,0,0,0,0,0,0,0,0,0,0,0,0,0,0,0,0,0,0,0,0,0,0,0,0,0,0,0,0,0,0,0,30,2026-02-05 22:15:10.192748
WNTR,25.05,24.95,25.05,1958100.0,,,1222900.0,,3000.0,3000.0,12000.0,0,0,0,0,0,0,0,0,0,0,0,0,0,0,0,0,0,0,0,0,0,0,0,0,0,0,0,0,0,0,0,0,0,0,0,0,0,0,30,2026-02-05 22:15:10.192748
SPNG,24.91,24.91,25.21,2297500.0,20000.0,704800.0,130000.0,3000.0,,,,0,0,0,0,0,0,0,0,0,0,0,0,0,0,0,0,0,0,0,0,0,0,0,0,0,0,0,0,0,0,0,0,0,0,0,0,0,0,31,2026-02-05 22:15:11.238797
SMMR,25.08,25.08,25.09,2162100.0,,1935800.0,,6000.0,3000.0,,,0,0,0,0,0,0,0,0,0,0,0,0,0,0,0,0,0,0,0,0,0,0,0,0,0,0,0,0,0,0,0,0,0,0,0,0,0,0,31,2026-02-05 22:15:11.238797
ATMN,25.44,25.42,25.44,2020800.0,,1997400.0,,3000.0,6000.0,,,0,0,0,0,0,0,0,0,0,0,0,0,0,0,0,0,0,0,0,0,0,0,0,0,0,0,0,0,0,0,0,0,0,0,0,0,0,0,31,2026-02-05 22:15:11.238797
WNTR,25.03,24.95,25.03,1958100.0,,1204700.0,,6000.0,,3000.0,10500.0,0,0,0,0,0,0,0,0,0,0,0,0,0,0,0,0,0,0,0,0,0,0,0,0,0,0,0,0,0,0,0,0,0,0,0,0,0,0,31,2026-02-05 22:15:11.238797
SPNG,25.31,24.56,24.61,2018200.0,30000.0,3000.0,6000.0,957100.0,100000.0,0,0,0,0,0,0,0,0,0,0,0,0,0,0,0,0,0,0,0,0,0,0,0,0,0,0,0,0,0,0,0,0,0,0,0,0,0,0,0,0,32,2026-02-05 22:15:12.283145
SMMR,25.03,25.01,25.02,2276500.0,,,9000.0,1942700.0,,0,0,0,0,0,0,0,0,0,0,0,0,0,0,0,0,0,0,0,0,0,0,0,0,0,0,0,0,0,0,0,0,0,0,0,0,0,0,0,0,32,2026-02-05 22:15:12.283145
ATMN,25.39,25.42,25.44,1996100.0,,6000.0,3000.0,1997400.0,,0,0,0,0,0,0,0,0,0,0,0,0,0,0,0,0,0,0,0,0,0,0,0,0,0,0,0,0,0,0,0,0,0,0,0,0,0,0,0,0,32,2026-02-05 22:15:12.283145
WNTR,24.98,24.93,24.98,2087700.0,,3000.0,,2218100.0,,0,0,0,0,0,0,0,0,0,0,0,0,0,0,0,0,0,0,0,0,0,0,0,0,0,0,0,0,0,0,0,0,0,0,0,0,0,0,0,0,32,2026-02-05 22:15:12.283145
SPNG,24.76,25.0,25.36,1835900.0,9000.0,30000.0,1546800.0,70000.0,,,,0,0,0,0,0,0,0,0,0,0,0,0,0,0,0,0,0,0,0,0,0,0,0,0,0,0,0,0,0,0,0,0,0,0,0,0,0,0,33,2026-02-05 22:15:13.331747
SMMR,25.01,25.01,25.11,2276500.0,,,2026200.0,,3000.0,,,0,0,0,0,0,0,0,0,0,0,0,0,0,0,0,0,0,0,0,0,0,0,0,0,0,0,0,0,0,0,0,0,0,0,0,0,0,0,33,2026-02-05 22:15:13.331747
ATMN,25.5,25.44,25.48,1963700.0,6000.0,,2004600.0,,3000.0,,,0,0,0,0,0,0,0,0,0,0,0,0,0,0,0,0,0,0,0,0,0,0,0,0,0,0,0,0,0,0,0,0,0,0,0,0,0,0,33,2026-02-05 22:15:13.331747
WNTR,24.97,24.97,24.98,1246400.0,6000.0,,2008300.0,,,10500.0,3000.0,0,0,0,0,0,0,0,0,0,0,0,0,0,0,0,0,0,0,0,0,0,0,0,0,0,0,0,0,0,0,0,0,0,0,0,0,0,0,33,2026-02-05 22:15:13.331747
SPNG,25.05,25.05,25.36,1793700.0,12000.0,30000.0,1546800.0,70000.0,,,0,0,0,0,0,0,0,0,0,0,0,0,0,0,0,0,0,0,0,0,0,0,0,0,0,0,0,0,0,0,0,0,0,0,0,0,0,0,0,34,2026-02-05 22:15:13.879599
SMMR,24.99,24.99,25.0,2292600.0,,,2114600.0,,,,0,0,0,0,0,0,0,0,0,0,0,0,0,0,0,0,0,0,0,0,0,0,0,0,0,0,0,0,0,0,0,0,0,0,0,0,0,0,0,34,2026-02-05 22:15:13.879599
ATMN,25.5,25.39,25.5,2176100.0,,,2101400.0,,,,0,0,0,0,0,0,0,0,0,0,0,0,0,0,0,0,0,0,0,0,0,0,0,0,0,0,0,0,0,0,0,0,0,0,0,0,0,0,0,34,2026-02-05 22:15:13.879599
WNTR,24.98,25.01,25.03,1270200.0,,,1984700.0,,13500.0,3000.0,0,0,0,0,0,0,0,0,0,0,0,0,0,0,0,0,0,0,0,0,0,0,0,0,0,0,0,0,0,0,0,0,0,0,0,0,0,0,0,34,2026-02-05 22:15:13.879599
SPNG,25.36,25.33,25.36,1927400.0,3000.0,30000.0,1527400.0,70000.0,,,0,0,0,0,0,0,0,0,0,0,0,0,0,0,0,0,0,0,0,0,0,0,0,0,0,0,0,0,0,0,0,0,0,0,0,0,0,0,0,35,2026-02-05 22:15:14.941668
SMMR,25.0,25.04,25.11,2292700.0,,,2145500.0,,,,0,0,0,0,0,0,0,0,0,0,0,0,0,0,0,0,0,0,0,0,0,0,0,0,0,0,0,0,0,0,0,0,0,0,0,0,0,0,0,35,2026-02-05 22:15:14.941668
ATMN,25.5,25.39,25.5,2179200.0,,,2101400.0,,,,0,0,0,0,0,0,0,0,0,0,0,0,0,0,0,0,0,0,0,0,0,0,0,0,0,0,0,0,0,0,0,0,0,0,0,0,0,0,0,35,2026-02-05 22:15:14.941668
WNTR,25.03,25.08,25.17,1364600.0,,,1982900.0,,12000.0,3000.0,0,0,0,0,0,0,0,0,0,0,0,0,0,0,0,0,0,0,0,0,0,0,0,0,0,0,0,0,0,0,0,0,0,0,0,0,0,0,0,35,2026-02-05 22:15:14.941668
SPNG,25.33,25.05,25.18,2086700.0,30000.0,1543800.0,70000.0,,,0,0,0,0,0,0,0,0,0,0,0,0,0,0,0,0,0,0,0,0,0,0,0,0,0,0,0,0,0,0,0,0,0,0,0,0,0,0,0,0,36,2026-02-05 22:15:15.996047
SMMR,24.97,24.95,24.97,2263600.0,,2150800.0,,,,0,0,0,0,0,0,0,0,0,0,0,0,0,0,0,0,0,0,0,0,0,0,0,0,0,0,0,0,0,0,0,0,0,0,0,0,0,0,0,0,36,2026-02-05 22:15:15.996047
ATMN,25.5,25.39,25.5,2173100.0,,2101400.0,,,,0,0,0,0,0,0,0,0,0,0,0,0,0,0,0,0,0,0,0,0,0,0,0,0,0,0,0,0,0,0,0,0,0,0,0,0,0,0,0,0,36,2026-02-05 22:15:15.996047
WNTR,24.92,24.92,25.03,1229200.0,,1910900.0,,13500.0,4500.0,0,0,0,0,0,0,0,0,0,0,0,0,0,0,0,0,0,0,0,0,0,0,0,0,0,0,0,0,0,0,0,0,0,0,0,0,0,0,0,0,36,2026-02-05 22:15:15.996047
SPNG,25.18,25.05,25.18,2086700.0,30000.0,1543800.0,70000.0,,,0,0,0,0,0,0,0,0,0,0,0,0,0,0,0,0,0,0,0,0,0,0,0,0,0,0,0,0,0,0,0,0,0,0,0,0,0,0,0,0,37,2026-02-05 22:15:17.066338
SMMR,24.97,24.96,24.97,2257500.0,,2158600.0,,,,0,0,0,0,0,0,0,0,0,0,0,0,0,0,0,0,0,0,0,0,0,0,0,0,0,0,0,0,0,0,0,0,0,0,0,0,0,0,0,0,37,2026-02-05 22:15:17.066338
ATMN,25.48,25.39,25.43,2173100.0,,2118300.0,,,,0,0,0,0,0,0,0,0,0,0,0,0,0,0,0,0,0,0,0,0,0,0,0,0,0,0,0,0,0,0,0,0,0,0,0,0,0,0,0,0,37,2026-02-05 22:15:17.066338
WNTR,25.01,25.01,25.03,1244400.0,,1910900.0,,13500.0,4500.0,0,0,0,0,0,0,0,0,0,0,0,0,0,0,0,0,0,0,0,0,0,0,0,0,0,0,0,0,0,0,0,0,0,0,0,0,0,0,0,0,37,2026-02-05 22:15:17.066338
SPNG,25.13,25.13,25.18,1933600.0,3000.0,30000.0,1543800.0,70000.0,,,,0,0,0,0,0,0,0,0,0,0,0,0,0,0,0,0,0,0,0,0,0,0,0,0,0,0,0,0,0,0,0,0,0,0,0,0,0,0,38,2026-02-05 22:15:18.231565
SMMR,25.05,24.97,24.98,2004900.0,9000.0,,2048100.0,,3000.0,,,0,0,0,0,0,0,0,0,0,0,0,0,0,0,0,0,0,0,0,0,0,0,0,0,0,0,0,0,0,0,0,0,0,0,0,0,0,0,38,2026-02-05 22:15:18.231565
ATMN,25.36,25.48,25.5,2069400.0,3000.0,,2106600.0,,,,,0,0,0,0,0,0,0,0,0,0,0,0,0,0,0,0,0,0,0,0,0,0,0,0,0,0,0,0,0,0,0,0,0,0,0,0,0,0,38,2026-02-05 22:15:18.231565
WNTR,25.0,25.01,25.03,1376500.0,,,1954400.0,,,12000.0,4500.0,0,0,0,0,0,0,0,0,0,0,0,0,0,0,0,0,0,0,0,0,0,0,0,0,0,0,0,0,0,0,0,0,0,0,0,0,0,0,38,2026-02-05 22:15:18.231565
SPNG,25.26,25.26,25.35,1805400.0,6000.0,30000.0,1548100.0,70000.0,,,,0,0,0,0,0,0,0,0,0,0,0,0,0,0,0,0,0,0,0,0,0,0,0,0,0,0,0,0,0,0,0,0,0,0,0,0,0,0,39,2026-02-05 22:15:19.291244
SMMR,24.96,25.04,25.05,2002100.0,12000.0,,2057400.0,,3000.0,,,0,0,0,0,0,0,0,0,0,0,0,0,0,0,0,0,0,0,0,0,0,0,0,0,0,0,0,0,0,0,0,0,0,0,0,0,0,0,39,2026-02-05 22:15:19.291244
ATMN,25.54,25.44,25.54,2206900.0,,,2109700.0,,,,,0,0,0,0,0,0,0,0,0,0,0,0,0,0,0,0,0,0,0,0,0,0,0,0,0,0,0,0,0,0,0,0,0,0,0,0,0,0,39,2026-02-05 22:15:19.291244
WNTR,25.01,25.01,25.03,1376500.0,,,1964800.0,,,12000.0,4500.0,0,0,0,0,0,0,0,0,0,0,0,0,0,0,0,0,0,0,0,0,0,0,0,0,0,0,0,0,0,0,0,0,0,0,0,0,0,0,39,2026-02-05 22:15:19.291244
SPNG,25.08,25.0,25.08,1967300.0,3000.0,30000.0,1559300.0,70000.0,,,,0,0,0,0,0,0,0,0,0,0,0,0,0,0,0,0,0,0,0,0,0,0,0,0,0,0,0,0,0,0,0,0,0,0,0,0,0,0,40,2026-02-05 22:15:20.342183
SMMR,24.94,24.94,24.95,2180100.0,3000.0,,1933200.0,,6000.0,,,0,0,0,0,0,0,0,0,0,0,0,0,0,0,0,0,0,0,0,0,0,0,0,0,0,0,0,0,0,0,0,0,0,0,0,0,0,0,40,2026-02-05 22:15:20.342183
ATMN,25.55,25.52,25.55,2075700.0,3000.0,,2106300.0,,,,,0,0,0,0,0,0,0,0,0,0,0,0,0,0,0,0,0,0,0,0,0,0,0,0,0,0,0,0,0,0,0,0,0,0,0,0,0,0,40,2026-02-05 22:15:20.342183
WNTR,25.01,25.01,25.03,1610500.0,,,1956600.0,,,9000.0,4500.0,0,0,0,0,0,0,0,0,0,0,0,0,0,0,0,0,0,0,0,0,0,0,0,0,0,0,0,0,0,0,0,0,0,0,0,0,0,0,40,2026-02-05 22:15:20.342183
SPNG,25.08,25.09,25.35,1889500.0,3000.0,30000.0,1548100.0,70000.0,,,,0,0,0,0,0,0,0,0,0,0,0,0,0,0,0,0,0,0,0,0,0,0,0,0,0,0,0,0,0,0,0,0,0,0,0,0,0,0,41,2026-02-05 22:15:20.959413
SMMR,24.94,24.94,24.95,2162300.0,3000.0,,1919300.0,,6000.0,,,0,0,0,0,0,0,0,0,0,0,0,0,0,0,0,0,0,0,0,0,0,0,0,0,0,0,0,0,0,0,0,0,0,0,0,0,0,0,41,2026-02-05 22:15:20.959413
ATMN,25.44,25.44,25.55,2204700.0,,,2027300.0,,3000.0,,,0,0,0,0,0,0,0,0,0,0,0,0,0,0,0,0,0,0,0,0,0,0,0,0,0,0,0,0,0,0,0,0,0,0,0,0,0,0,41,2026-02-05 22:15:20.959413
WNTR,25.01,25.01,25.03,1379500.0,6000.0,,1832100.0,,3000.0,9000.0,4500.0,0,0,0,0,0,0,0,0,0,0,0,0,0,0,0,0,0,0,0,0,0,0,0,0,0,0,0,0,0,0,0,0,0,0,0,0,0,0,41,2026-02-05 22:15:20.959413
SPNG,25.0,24.79,24.98,2096500.0,30000.0,1447100.0,3000.0,70000.0,,,,0,0,0,0,0,0,0,0,0,0,0,0,0,0,0,0,0,0,0,0,0,0,0,0,0,0,0,0,0,0,0,0,0,0,0,0,0,0,42,2026-02-05 22:15:22.022058
SMMR,24.95,24.96,25.09,2112300.0,,2167500.0,,,3000.0,,,0,0,0,0,0,0,0,0,0,0,0,0,0,0,0,0,0,0,0,0,0,0,0,0,0,0,0,0,0,0,0,0,0,0,0,0,0,0,42,2026-02-05 22:15:22.022058
ATMN,25.61,25.61,25.63,2053800.0,,2076900.0,,,3000.0,,,0,0,0,0,0,0,0,0,0,0,0,0,0,0,0,0,0,0,0,0,0,0,0,0,0,0,0,0,0,0,0,0,0,0,0,0,0,0,42,2026-02-05 22:15:22.022058
WNTR,24.95,24.92,24.95,1381800.0,,1827000.0,3000.0,,,12000.0,4500.0,0,0,0,0,0,0,0,0,0,0,0,0,0,0,0,0,0,0,0,0,0,0,0,0,0,0,0,0,0,0,0,0,0,0,0,0,0,0,42,2026-02-05 22:15:22.022058
SPNG,25.35,24.96,25.04,3000.0,1930800.0,30000.0,6000.0,1303200.0,70000.0,,,0,0,0,0,0,0,0,0,0,0,0,0,0,0,0,0,0,0,0,0,0,0,0,0,0,0,0,0,0,0,0,0,0,0,0,0,0,0,43,2026-02-05 22:15:23.059223
SMMR,24.94,24.94,25.03,6000.0,2021200.0,,,2121500.0,,,,0,0,0,0,0,0,0,0,0,0,0,0,0,0,0,0,0,0,0,0,0,0,0,0,0,0,0,0,0,0,0,0,0,0,0,0,0,0,43,2026-02-05 22:15:23.059223
ATMN,25.76,25.61,25.63,9000.0,1967600.0,,3000.0,2005000.0,,,,0,0,0,0,0,0,0,0,0,0,0,0,0,0,0,0,0,0,0,0,0,0,0,0,0,0,0,0,0,0,0,0,0,0,0,0,0,0,43,2026-02-05 22:15:23.059223
WNTR,24.92,24.92,25.04,,1278800.0,,,1950000.0,,13500.0,4500.0,0,0,0,0,0,0,0,0,0,0,0,0,0,0,0,0,0,0,0,0,0,0,0,0,0,0,0,0,0,0,0,0,0,0,0,0,0,0,43,2026-02-05 22:15:23.059223
SPNG,25.31,24.79,25.22,2071000.0,30000.0,1404200.0,70000.0,3000.0,,,,0,0,0,0,0,0,0,0,0,0,0,0,0,0,0,0,0,0,0,0,0,0,0,0,0,0,0,0,0,0,0,0,0,0,0,0,0,0,44,2026-02-05 22:15:24.107439
SMMR,25.02,24.94,24.98,2005400.0,,2111800.0,,,9000.0,,,0,0,0,0,0,0,0,0,0,0,0,0,0,0,0,0,0,0,0,0,0,0,0,0,0,0,0,0,0,0,0,0,0,0,0,0,0,0,44,2026-02-05 22:15:24.107439
ATMN,25.38,25.38,25.76,2217200.0,,2027200.0,,3000.0,,,,0,0,0,0,0,0,0,0,0,0,0,0,0,0,0,0,0,0,0,0,0,0,0,0,0,0,0,0,0,0,0,0,0,0,0,0,0,0,44,2026-02-05 22:15:24.107439
WNTR,25.04,24.92,24.93,1512000.0,,1823300.0,,3000.0,3000.0,9000.0,4500.0,0,0,0,0,0,0,0,0,0,0,0,0,0,0,0,0,0,0,0,0,0,0,0,0,0,0,0,0,0,0,0,0,0,0,0,0,0,0,44,2026-02-05 22:15:24.107439
SPNG,25.22,25.03,25.22,2023700.0,30000.0,1308100.0,6000.0,70000.0,,,,0,0,0,0,0,0,0,0,0,0,0,0,0,0,0,0,0,0,0,0,0,0,0,0,0,0,0,0,0,0,0,0,0,0,0,0,0,0,45,2026-02-05 22:15:25.153441
SMMR,24.94,24.94,25.09,2258200.0,,2156100.0,,,,,,0,0,0,0,0,0,0,0,0,0,0,0,0,0,0,0,0,0,0,0,0,0,0,0,0,0,0,0,0,0,0,0,0,0,0,0,0,0,45,2026-02-05 22:15:25.153441
ATMN,25.79,25.56,25.79,2087200.0,,2083100.0,,,3000.0,,,0,0,0,0,0,0,0,0,0,0,0,0,0,0,0,0,0,0,0,0,0,0,0,0,0,0,0,0,0,0,0,0,0,0,0,0,0,0,45,2026-02-05 22:15:25.153441
WNTR,25.05,25.03,25.05,1483300.0,,1824800.0,3000.0,,3000.0,9000.0,4500.0,0,0,0,0,0,0,0,0,0,0,0,0,0,0,0,0,0,0,0,0,0,0,0,0,0,0,0,0,0,0,0,0,0,0,0,0,0,0,45,2026-02-05 22:15:25.153441
SPNG,25.05,25.08,25.1,2039700.0,30000.0,1284700.0,9000.0,70000.0,,,,0,0,0,0,0,0,0,0,0,0,0,0,0,0,0,0,0,0,0,0,0,0,0,0,0,0,0,0,0,0,0,0,0,0,0,0,0,0,46,2026-02-05 22:15:26.201356
SMMR,25.13,24.99,25.13,2112500.0,,2125100.0,,,3000.0,,,0,0,0,0,0,0,0,0,0,0,0,0,0,0,0,0,0,0,0,0,0,0,0,0,0,0,0,0,0,0,0,0,0,0,0,0,0,0,46,2026-02-05 22:15:26.201356
ATMN,25.77,25.56,25.76,2208700.0,,2048800.0,3000.0,,,,,0,0,0,0,0,0,0,0,0,0,0,0,0,0,0,0,0,0,0,0,0,0,0,0,0,0,0,0,0,0,0,0,0,0,0,0,0,0,46,2026-02-05 22:15:26.201356
WNTR,25.04,24.99,25.03,1617700.0,,1811400.0,3000.0,,,9000.0,4500.0,0,0,0,0,0,0,0,0,0,0,0,0,0,0,0,0,0,0,0,0,0,0,0,0,0,0,0,0,0,0,0,0,0,0,0,0,0,0,46,2026-02-05 22:15:26.201356
SPNG,25.22,25.08,25.09,1919800.0,3000.0,30000.0,12000.0,1308100.0,70000.0,,,0,0,0,0,0,0,0,0,0,0,0,0,0,0,0,0,0,0,0,0,0,0,0,0,0,0,0,0,0,0,0,0,0,0,0,0,0,0,47,2026-02-05 22:15:27.287866
SMMR,25.12,24.99,25.12,2240700.0,,,3000.0,2012000.0,,,,0,0,0,0,0,0,0,0,0,0,0,0,0,0,0,0,0,0,0,0,0,0,0,0,0,0,0,0,0,0,0,0,0,0,0,0,0,0,47,2026-02-05 22:15:27.287866
ATMN,25.31,25.33,25.75,2214800.0,,,6000.0,1933900.0,,,,0,0,0,0,0,0,0,0,0,0,0,0,0,0,0,0,0,0,0,0,0,0,0,0,0,0,0,0,0,0,0,0,0,0,0,0,0,0,47,2026-02-05 22:15:27.287866
WNTR,25.07,25.07,25.09,1634700.0,,,,1925300.0,,9000.0,4500.0,0,0,0,0,0,0,0,0,0,0,0,0,0,0,0,0,0,0,0,0,0,0,0,0,0,0,0,0,0,0,0,0,0,0,0,0,0,0,47,2026-02-05 22:15:27.287866
SPNG,25.35,25.32,25.35,3000.0,1934000.0,30000.0,1548100.0,70000.0,,,0,0,0,0,0,0,0,0,0,0,0,0,0,0,0,0,0,0,0,0,0,0,0,0,0,0,0,0,0,0,0,0,0,0,0,0,0,0,0,48,2026-02-05 22:15:28.421047
SMMR,25.12,25.06,25.12,,2263800.0,,2150400.0,,,,0,0,0,0,0,0,0,0,0,0,0,0,0,0,0,0,0,0,0,0,0,0,0,0,0,0,0,0,0,0,0,0,0,0,0,0,0,0,0,48,2026-02-05 22:15:28.421047
ATMN,25.76,25.74,25.76,,2194400.0,,2128100.0,,,,0,0,0,0,0,0,0,0,0,0,0,0,0,0,0,0,0,0,0,0,0,0,0,0,0,0,0,0,0,0,0,0,0,0,0,0,0,0,0,48,2026-02-05 22:15:28.421047
WNTR,24.91,24.91,25.09,,1390100.0,,1939500.0,,12000.0,4500.0,0,0,0,0,0,0,0,0,0,0,0,0,0,0,0,0,0,0,0,0,0,0,0,0,0,0,0,0,0,0,0,0,0,0,0,0,0,0,0,48,2026-02-05 22:15:28.421047
SPNG,25.08,25.08,25.35,2043300.0,30000.0,1429800.0,70000.0,3000.0,,,,0,0,0,0,0,0,0,0,0,0,0,0,0,0,0,0,0,0,0,0,0,0,0,0,0,0,0,0,0,0,0,0,0,0,0,0,0,0,49,2026-02-05 22:15:28.985730
SMMR,25.12,25.11,25.12,2138700.0,,1905100.0,,9000.0,3000.0,,,0,0,0,0,0,0,0,0,0,0,0,0,0,0,0,0,0,0,0,0,0,0,0,0,0,0,0,0,0,0,0,0,0,0,0,0,0,0,49,2026-02-05 22:15:28.985730
ATMN,25.76,25.74,25.76,1929500.0,,2048800.0,,3000.0,6000.0,,,0,0,0,0,0,0,0,0,0,0,0,0,0,0,0,0,0,0,0,0,0,0,0,0,0,0,0,0,0,0,0,0,0,0,0,0,0,0,49,2026-02-05 22:15:28.985730
WNTR,24.98,24.98,25.09,1501100.0,,1939500.0,,,3000.0,9000.0,4500.0,0,0,0,0,0,0,0,0,0,0,0,0,0,0,0,0,0,0,0,0,0,0,0,0,0,0,0,0,0,0,0,0,0,0,0,0,0,0,49,2026-02-05 22:15:28.985730
SPNG,25.08,25.08,25.1,1823400.0,9000.0,30000.0,3000.0,1429800.0,70000.0,,,0,0,0,0,0,0,0,0,0,0,0,0,0,0,0,0,0,0,0,0,0,0,0,0,0,0,0,0,0,0,0,0,0,0,0,0,0,0,50,2026-02-05 22:15:30.043935
SMMR,25.05,24.98,25.04,2282000.0,,,9000.0,1936000.0,,,,0,0,0,0,0,0,0,0,0,0,0,0,0,0,0,0,0,0,0,0,0,0,0,0,0,0,0,0,0,0,0,0,0,0,0,0,0,0,50,2026-02-05 22:15:30.043935
ATMN,25.76,25.74,25.76,1933300.0,6000.0,,3000.0,2039900.0,,,,0,0,0,0,0,0,0,0,0,0,0,0,0,0,0,0,0,0,0,0,0,0,0,0,0,0,0,0,0,0,0,0,0,0,0,0,0,0,50,2026-02-05 22:15:30.043935
WNTR,24.99,25.04,25.12,1372100.0,6000.0,,,1942900.0,,9000.0,4500.0,0,0,0,0,0,0,0,0,0,0,0,0,0,0,0,0,0,0,0,0,0,0,0,0,0,0,0,0,0,0,0,0,0,0,0,0,0,0,50,2026-02-05 22:15:30.043935
SPNG,25.08,25.08,25.1,1815500.0,9000.0,30000.0,3000.0,1451900.0,70000.0,,,0,0,0,0,0,0,0,0,0,0,0,0,0,0,0,0,0,0,0,0,0,0,0,0,0,0,0,0,0,0,0,0,0,0,0,0,0,0,51,2026-02-05 22:15:31.104996
SMMR,24.98,24.98,24.99,2129400.0,3000.0,,3000.0,2029000.0,,,,0,0,0,0,0,0,0,0,0,0,0,0,0,0,0,0,0,0,0,0,0,0,0,0,0,0,0,0,0,0,0,0,0,0,0,0,0,0,51,2026-02-05 22:15:31.104996
ATMN,25.73,25.73,25.76,1952900.0,6000.0,,3000.0,2039900.0,,,,0,0,0,0,0,0,0,0,0,0,0,0,0,0,0,0,0,0,0,0,0,0,0,0,0,0,0,0,0,0,0,0,0,0,0,0,0,0,51,2026-02-05 22:15:31.104996
WNTR,25.12,24.98,25.12,1366700.0,9000.0,,,1929000.0,,9000.0,4500.0,0,0,0,0,0,0,0,0,0,0,0,0,0,0,0,0,0,0,0,0,0,0,0,0,0,0,0,0,0,0,0,0,0,0,0,0,0,0,51,2026-02-05 22:15:31.104996
SPNG,25.03,25.03,25.22,2037600.0,30000.0,1549200.0,70000.0,,,,,0,0,0,0,0,0,0,0,0,0,0,0,0,0,0,0,0,0,0,0,0,0,0,0,0,0,0,0,0,0,0,0,0,0,0,0,0,0,52,2026-02-05 22:15:32.186266
SMMR,25.04,24.98,24.99,2103500.0,,1949600.0,,3000.0,9000.0,,,0,0,0,0,0,0,0,0,0,0,0,0,0,0,0,0,0,0,0,0,0,0,0,0,0,0,0,0,0,0,0,0,0,0,0,0,0,0,52,2026-02-05 22:15:32.186266
ATMN,25.84,25.77,25.83,1952900.0,,2094000.0,,9000.0,3000.0,,,0,0,0,0,0,0,0,0,0,0,0,0,0,0,0,0,0,0,0,0,0,0,0,0,0,0,0,0,0,0,0,0,0,0,0,0,0,0,52,2026-02-05 22:15:32.186266
WNTR,24.89,25.11,25.13,1257100.0,,1593100.0,,12000.0,3000.0,10500.0,7500.0,0,0,0,0,0,0,0,0,0,0,0,0,0,0,0,0,0,0,0,0,0,0,0,0,0,0,0,0,0,0,0,0,0,0,0,0,0,0,52,2026-02-05 22:15:32.186266
SPNG,25.03,25.13,25.22,1928100.0,3000.0,30000.0,1549200.0,70000.0,,,,0,0,0,0,0,0,0,0,0,0,0,0,0,0,0,0,0,0,0,0,0,0,0,0,0,0,0,0,0,0,0,0,0,0,0,0,0,0,53,2026-02-05 22:15:33.306883
SMMR,24.9,24.9,24.92,2159900.0,3000.0,,1949600.0,,9000.0,,,0,0,0,0,0,0,0,0,0,0,0,0,0,0,0,0,0,0,0,0,0,0,0,0,0,0,0,0,0,0,0,0,0,0,0,0,0,0,53,2026-02-05 22:15:33.306883
ATMN,25.58,25.79,25.84,2018700.0,3000.0,,2206800.0,,,,,0,0,0,0,0,0,0,0,0,0,0,0,0,0,0,0,0,0,0,0,0,0,0,0,0,0,0,0,0,0,0,0,0,0,0,0,0,0,53,2026-02-05 22:15:33.306883
WNTR,24.92,24.96,25.05,1362900.0,3000.0,,1684200.0,,,10500.0,7500.0,0,0,0,0,0,0,0,0,0,0,0,0,0,0,0,0,0,0,0,0,0,0,0,0,0,0,0,0,0,0,0,0,0,0,0,0,0,0,53,2026-02-05 22:15:33.306883
SPNG,25.01,25.01,25.22,1822200.0,6000.0,30000.0,1534000.0,70000.0,,,,0,0,0,0,0,0,0,0,0,0,0,0,0,0,0,0,0,0,0,0,0,0,0,0,0,0,0,0,0,0,0,0,0,0,0,0,0,0,54,2026-02-05 22:15:34.365780
SMMR,24.9,24.9,25.04,2158300.0,3000.0,,2152000.0,,,,,0,0,0,0,0,0,0,0,0,0,0,0,0,0,0,0,0,0,0,0,0,0,0,0,0,0,0,0,0,0,0,0,0,0,0,0,0,0,54,2026-02-05 22:15:34.365780
ATMN,25.79,25.79,25.84,1926800.0,6000.0,,2206800.0,,,,,0,0,0,0,0,0,0,0,0,0,0,0,0,0,0,0,0,0,0,0,0,0,0,0,0,0,0,0,0,0,0,0,0,0,0,0,0,0,54,2026-02-05 22:15:34.365780
WNTR,24.9,24.9,24.93,1497700.0,,,1462800.0,,10500.0,6000.0,7500.0,0,0,0,0,0,0,0,0,0,0,0,0,0,0,0,0,0,0,0,0,0,0,0,0,0,0,0,0,0,0,0,0,0,0,0,0,0,0,54,2026-02-05 22:15:34.365780
SPNG,24.83,24.83,25.26,1961300.0,3000.0,30000.0,1555400.0,70000.0,,,,0,0,0,0,0,0,0,0,0,0,0,0,0,0,0,0,0,0,0,0,0,0,0,0,0,0,0,0,0,0,0,0,0,0,0,0,0,0,55,2026-02-05 22:15:35.434670
SMMR,24.9,24.9,24.92,2095700.0,6000.0,,2059000.0,,3000.0,,,0,0,0,0,0,0,0,0,0,0,0,0,0,0,0,0,0,0,0,0,0,0,0,0,0,0,0,0,0,0,0,0,0,0,0,0,0,0,55,2026-02-05 22:15:35.434670
ATMN,25.8,25.8,25.84,1916500.0,9000.0,,2204200.0,,,,,0,0,0,0,0,0,0,0,0,0,0,0,0,0,0,0,0,0,0,0,0,0,0,0,0,0,0,0,0,0,0,0,0,0,0,0,0,0,55,2026-02-05 22:15:35.434670
WNTR,24.91,25.02,25.16,1375400.0,3000.0,,1701300.0,,,10500.0,7500.0,0,0,0,0,0,0,0,0,0,0,0,0,0,0,0,0,0,0,0,0,0,0,0,0,0,0,0,0,0,0,0,0,0,0,0,0,0,0,55,2026-02-05 22:15:35.434670
SPNG,24.83,24.83,24.86,1826000.0,6000.0,30000.0,3000.0,1410400.0,70000.0,,,0,0,0,0,0,0,0,0,0,0,0,0,0,0,0,0,0,0,0,0,0,0,0,0,0,0,0,0,0,0,0,0,0,0,0,0,0,0,56,2026-02-05 22:15:35.978664
SMMR,24.94,24.94,25.04,2093900.0,6000.0,,,2152000.0,,,,0,0,0,0,0,0,0,0,0,0,0,0,0,0,0,0,0,0,0,0,0,0,0,0,0,0,0,0,0,0,0,0,0,0,0,0,0,0,56,2026-02-05 22:15:35.978664
ATMN,25.8,25.8,25.83,1916500.0,12000.0,,3000.0,2103000.0,,,,0,0,0,0,0,0,0,0,0,0,0,0,0,0,0,0,0,0,0,0,0,0,0,0,0,0,0,0,0,0,0,0,0,0,0,0,0,0,56,2026-02-05 22:15:35.978664
WNTR,24.91,25.02,25.15,1480700.0,,,,1665900.0,,10500.0,7500.0,0,0,0,0,0,0,0,0,0,0,0,0,0,0,0,0,0,0,0,0,0,0,0,0,0,0,0,0,0,0,0,0,0,0,0,0,0,0,56,2026-02-05 22:15:35.978664
SPNG,24.83,24.83,24.86,1826000.0,9000.0,30000.0,3000.0,1419700.0,70000.0,,,0,0,0,0,0,0,0,0,0,0,0,0,0,0,0,0,0,0,0,0,0,0,0,0,0,0,0,0,0,0,0,0,0,0,0,0,0,0,57,2026-02-05 22:15:37.031474
SMMR,25.02,25.02,25.04,2122000.0,12000.0,,,2147500.0,,,,0,0,0,0,0,0,0,0,0,0,0,0,0,0,0,0,0,0,0,0,0,0,0,0,0,0,0,0,0,0,0,0,0,0,0,0,0,0,57,2026-02-05 22:15:37.031474
ATMN,25.77,25.72,25.84,2161000.0,,,,2191400.0,,,,0,0,0,0,0,0,0,0,0,0,0,0,0,0,0,0,0,0,0,0,0,0,0,0,0,0,0,0,0,0,0,0,0,0,0,0,0,0,57,2026-02-05 22:15:37.031474
WNTR,25.02,25.02,25.13,1480700.0,,,,1659900.0,,10500.0,7500.0,0,0,0,0,0,0,0,0,0,0,0,0,0,0,0,0,0,0,0,0,0,0,0,0,0,0,0,0,0,0,0,0,0,0,0,0,0,0,57,2026-02-05 22:15:37.031474
SPNG,24.94,24.83,24.94,2073900.0,30000.0,1515300.0,70000.0,,,0,0,0,0,0,0,0,0,0,0,0,0,0,0,0,0,0,0,0,0,0,0,0,0,0,0,0,0,0,0,0,0,0,0,0,0,0,0,0,0,58,2026-02-05 22:15:38.082626
SMMR,25.04,25.02,25.04,2343100.0,,2153000.0,,,,0,0,0,0,0,0,0,0,0,0,0,0,0,0,0,0,0,0,0,0,0,0,0,0,0,0,0,0,0,0,0,0,0,0,0,0,0,0,0,0,58,2026-02-05 22:15:38.082626
ATMN,25.8,25.72,25.8,2161000.0,,2192200.0,,,,0,0,0,0,0,0,0,0,0,0,0,0,0,0,0,0,0,0,0,0,0,0,0,0,0,0,0,0,0,0,0,0,0,0,0,0,0,0,0,0,58,2026-02-05 22:15:38.082626
WNTR,25.04,25.02,25.04,1480700.0,,1651600.0,,10500.0,7500.0,0,0,0,0,0,0,0,0,0,0,0,0,0,0,0,0,0,0,0,0,0,0,0,0,0,0,0,0,0,0,0,0,0,0,0,0,0,0,0,0,58,2026-02-05 22:15:38.082626
SPNG,24.94,24.97,25.02,2436400.0,2361900.0,,,0,0,0,0,0,0,0,0,0,0,0,0,0,0,0,0,0,0,0,0,0,0,0,0,0,0,0,0,0,0,0,0,0,0,0,0,0,0,0,0,0,0,59,2026-02-05 22:15:39.143226
SMMR,24.9,24.9,24.95,2307300.0,2128900.0,,,0,0,0,0,0,0,0,0,0,0,0,0,0,0,0,0,0,0,0,0,0,0,0,0,0,0,0,0,0,0,0,0,0,0,0,0,0,0,0,0,0,0,59,2026-02-05 22:15:39.143226
ATMN,25.62,25.62,25.8,2109800.0,2192200.0,,,0,0,0,0,0,0,0,0,0,0,0,0,0,0,0,0,0,0,0,0,0,0,0,0,0,0,0,0,0,0,0,0,0,0,0,0,0,0,0,0,0,0,59,2026-02-05 22:15:39.143226
WNTR,24.87,24.92,25.02,1466400.0,1619500.0,10500.0,7500.0,0,0,0,0,0,0,0,0,0,0,0,0,0,0,0,0,0,0,0,0,0,0,0,0,0,0,0,0,0,0,0,0,0,0,0,0,0,0,0,0,0,0,59,2026-02-05 22:15:39.143226
SPNG,23.85,23.85,24.49,1208500.0,806400.0,,,0,0,0,0,0,0,0,0,0,0,0,0,0,0,0,0,0,0,0,0,0,0,0,0,0,0,0,0,0,0,0,0,0,0,0,0,0,0,0,0,0,0,60,2026-02-05 22:15:40.210072
SMMR,25.78,25.47,25.69,537800.0,654700.0,,,0,0,0,0,0,0,0,0,0,0,0,0,0,0,0,0,0,0,0,0,0,0,0,0,0,0,0,0,0,0,0,0,0,0,0,0,0,0,0,0,0,0,60,2026-02-05 22:15:40.210072
ATMN,26.62,26.62,27.52,931000.0,649300.0,,,0,0,0,0,0,0,0,0,0,0,0,0,0,0,0,0,0,0,0,0,0,0,0,0,0,0,0,0,0,0,0,0,0,0,0,0,0,0,0,0,0,0,60,2026-02-05 22:15:40.210072
WNTR,25.08,25.0,25.09,857900.0,854700.0,10500.0,7500.0,0,0,0,0,0,0,0,0,0,0,0,0,0,0,0,0,0,0,0,0,0,0,0,0,0,0,0,0,0,0,0,0,0,0,0,0,0,0,0,0,0,0,60,2026-02-05 22:15:40.210072
SPNG,23.85,23.85,23.97,1208500.0,1172200.0,,,0,0,0,0,0,0,0,0,0,0,0,0,0,0,0,0,0,0,0,0,0,0,0,0,0,0,0,0,0,0,0,0,0,0,0,0,0,0,0,0,0,0,61,2026-02-05 22:15:41.261235
SMMR,25.69,25.82,25.97,1084400.0,837700.0,,,0,0,0,0,0,0,0,0,0,0,0,0,0,0,0,0,0,0,0,0,0,0,0,0,0,0,0,0,0,0,0,0,0,0,0,0,0,0,0,0,0,0,61,2026-02-05 22:15:41.261235
ATMN,26.45,26.45,26.88,1056700.0,858600.0,,,0,0,0,0,0,0,0,0,0,0,0,0,0,0,0,0,0,0,0,0,0,0,0,0,0,0,0,0,0,0,0,0,0,0,0,0,0,0,0,0,0,0,61,2026-02-05 22:15:41.261235
WNTR,24.95,24.95,25.09,889300.0,984900.0,10500.0,7500.0,0,0,0,0,0,0,0,0,0,0,0,0,0,0,0,0,0,0,0,0,0,0,0,0,0,0,0,0,0,0,0,0,0,0,0,0,0,0,0,0,0,0,61,2026-02-05 22:15:41.261235
SPNG,23.85,22.65,23.76,1231300.0,1613000.0,,,0,0,0,0,0,0,0,0,0,0,0,0,0,0,0,0,0,0,0,0,0,0,0,0,0,0,0,0,0,0,0,0,0,0,0,0,0,0,0,0,0,0,62,2026-02-05 22:15:42.338813
SMMR,25.74,25.83,25.97,1180100.0,837700.0,,,0,0,0,0,0,0,0,0,0,0,0,0,0,0,0,0,0,0,0,0,0,0,0,0,0,0,0,0,0,0,0,0,0,0,0,0,0,0,0,0,0,0,62,2026-02-05 22:15:42.338813
ATMN,26.5,26.62,26.88,1265200.0,858600.0,,,0,0,0,0,0,0,0,0,0,0,0,0,0,0,0,0,0,0,0,0,0,0,0,0,0,0,0,0,0,0,0,0,0,0,0,0,0,0,0,0,0,0,62,2026-02-05 22:15:42.338813
WNTR,24.88,24.88,25.04,888100.0,1074000.0,10500.0,7500.0,0,0,0,0,0,0,0,0,0,0,0,0,0,0,0,0,0,0,0,0,0,0,0,0,0,0,0,0,0,0,0,0,0,0,0,0,0,0,0,0,0,0,62,2026-02-05 22:15:42.338813
SPNG,23.76,23.79,23.97,1478400.0,1599700.0,,0,0,0,0,0,0,0,0,0,0,0,0,0,0,0,0,0,0,0,0,0,0,0,0,0,0,0,0,0,0,0,0,0,0,0,0,0,0,0,0,0,0,0,63,2026-02-05 22:15:43.440505
SMMR,25.97,26.03,26.05,1518400.0,838600.0,,0,0,0,0,0,0,0,0,0,0,0,0,0,0,0,0,0,0,0,0,0,0,0,0,0,0,0,0,0,0,0,0,0,0,0,0,0,0,0,0,0,0,0,63,2026-02-05 22:15:43.440505
ATMN,26.38,26.54,26.67,1140800.0,979500.0,,0,0,0,0,0,0,0,0,0,0,0,0,0,0,0,0,0,0,0,0,0,0,0,0,0,0,0,0,0,0,0,0,0,0,0,0,0,0,0,0,0,0,0,63,2026-02-05 22:15:43.440505
WNTR,24.67,24.67,24.97,915400.0,1285000.0,7500.0,0,0,0,0,0,0,0,0,0,0,0,0,0,0,0,0,0,0,0,0,0,0,0,0,0,0,0,0,0,0,0,0,0,0,0,0,0,0,0,0,0,0,0,63,2026-02-05 22:15:43.440505
SPNG,23.95,23.69,23.9,3000.0,1371700.0,1708200.0,,,0,0,0,0,0,0,0,0,0,0,0,0,0,0,0,0,0,0,0,0,0,0,0,0,0,0,0,0,0,0,0,0,0,0,0,0,0,0,0,0,0,64,2026-02-05 22:15:44.492783
SMMR,25.97,26.0,26.05,3000.0,1634900.0,838600.0,3000.0,,0,0,0,0,0,0,0,0,0,0,0,0,0,0,0,0,0,0,0,0,0,0,0,0,0,0,0,0,0,0,0,0,0,0,0,0,0,0,0,0,0,64,2026-02-05 22:15:44.492783
ATMN,26.88,26.86,26.88,3000.0,1250500.0,958000.0,3000.0,,0,0,0,0,0,0,0,0,0,0,0,0,0,0,0,0,0,0,0,0,0,0,0,0,0,0,0,0,0,0,0,0,0,0,0,0,0,0,0,0,0,64,2026-02-05 22:15:44.492783
WNTR,25.04,24.95,25.04,3000.0,1041600.0,1074000.0,,6000.0,0,0,0,0,0,0,0,0,0,0,0,0,0,0,0,0,0,0,0,0,0,0,0,0,0,0,0,0,0,0,0,0,0,0,0,0,0,0,0,0,0,64,2026-02-05 22:15:44.492783
SPNG,23.97,23.83,23.97,1504900.0,3000.0,1599700.0,,,,0,0,0,0,0,0,0,0,0,0,0,0,0,0,0,0,0,0,0,0,0,0,0,0,0,0,0,0,0,0,0,0,0,0,0,0,0,0,0,0,65,2026-02-05 22:15:45.049479
SMMR,26.05,26.0,26.05,1751600.0,3000.0,942600.0,3000.0,,,0,0,0,0,0,0,0,0,0,0,0,0,0,0,0,0,0,0,0,0,0,0,0,0,0,0,0,0,0,0,0,0,0,0,0,0,0,0,0,0,65,2026-02-05 22:15:45.049479
ATMN,26.86,26.54,26.66,1250500.0,,1157200.0,3000.0,,,0,0,0,0,0,0,0,0,0,0,0,0,0,0,0,0,0,0,0,0,0,0,0,0,0,0,0,0,0,0,0,0,0,0,0,0,0,0,0,0,65,2026-02-05 22:15:45.049479
WNTR,24.99,24.95,24.99,1158700.0,3000.0,1203400.0,,10500.0,6000.0,0,0,0,0,0,0,0,0,0,0,0,0,0,0,0,0,0,0,0,0,0,0,0,0,0,0,0,0,0,0,0,0,0,0,0,0,0,0,0,0,65,2026-02-05 22:15:45.049479
SPNG,23.79,23.79,23.97,1507900.0,1599700.0,3000.0,,,,0,0,0,0,0,0,0,0,0,0,0,0,0,0,0,0,0,0,0,0,0,0,0,0,0,0,0,0,0,0,0,0,0,0,0,0,0,0,0,0,66,2026-02-05 22:15:46.107888
SMMR,26.16,26.02,26.16,1751600.0,1043000.0,,3000.0,,,0,0,0,0,0,0,0,0,0,0,0,0,0,0,0,0,0,0,0,0,0,0,0,0,0,0,0,0,0,0,0,0,0,0,0,0,0,0,0,0,66,2026-02-05 22:15:46.107888
ATMN,26.66,26.54,26.66,1459700.0,1157200.0,6000.0,,,,0,0,0,0,0,0,0,0,0,0,0,0,0,0,0,0,0,0,0,0,0,0,0,0,0,0,0,0,0,0,0,0,0,0,0,0,0,0,0,0,66,2026-02-05 22:15:46.107888
WNTR,24.99,24.97,24.99,890200.0,1566000.0,3000.0,6000.0,13500.0,4500.0,0,0,0,0,0,0,0,0,0,0,0,0,0,0,0,0,0,0,0,0,0,0,0,0,0,0,0,0,0,0,0,0,0,0,0,0,0,0,0,0,66,2026-02-05 22:15:46.107888
SPNG,23.99,23.2,23.99,1482400.0,1499500.0,,,,,0,0,0,0,0,0,0,0,0,0,0,0,0,0,0,0,0,0,0,0,0,0,0,0,0,0,0,0,0,0,0,0,0,0,0,0,0,0,0,0,67,2026-02-05 22:15:47.185708
SMMR,25.94,25.94,26.16,1629800.0,1126600.0,3000.0,,,,0,0,0,0,0,0,0,0,0,0,0,0,0,0,0,0,0,0,0,0,0,0,0,0,0,0,0,0,0,0,0,0,0,0,0,0,0,0,0,0,67,2026-02-05 22:15:47.185708
ATMN,26.95,26.62,26.7,1643000.0,971100.0,9000.0,3000.0,,,0,0,0,0,0,0,0,0,0,0,0,0,0,0,0,0,0,0,0,0,0,0,0,0,0,0,0,0,0,0,0,0,0,0,0,0,0,0,0,0,67,2026-02-05 22:15:47.185708
WNTR,25.02,24.97,25.02,1021000.0,1563100.0,,6000.0,12000.0,4500.0,0,0,0,0,0,0,0,0,0,0,0,0,0,0,0,0,0,0,0,0,0,0,0,0,0,0,0,0,0,0,0,0,0,0,0,0,0,0,0,0,67,2026-02-05 22:15:47.185708
SPNG,23.97,23.58,23.83,1626900.0,1533400.0,,,,,0,0,0,0,0,0,0,0,0,0,0,0,0,0,0,0,0,0,0,0,0,0,0,0,0,0,0,0,0,0,0,0,0,0,0,0,0,0,0,0,68,2026-02-05 22:15:48.256972
SMMR,25.9,25.9,26.16,1409100.0,1211300.0,,,,,0,0,0,0,0,0,0,0,0,0,0,0,0,0,0,0,0,0,0,0,0,0,0,0,0,0,0,0,0,0,0,0,0,0,0,0,0,0,0,0,68,2026-02-05 22:15:48.256972
ATMN,26.95,26.91,26.95,1746600.0,1247900.0,3000.0,9000.0,,,0,0,0,0,0,0,0,0,0,0,0,0,0,0,0,0,0,0,0,0,0,0,0,0,0,0,0,0,0,0,0,0,0,0,0,0,0,0,0,0,68,2026-02-05 22:15:48.256972
WNTR,24.86,24.86,24.98,1289500.0,1542600.0,,3000.0,7500.0,7500.0,0,0,0,0,0,0,0,0,0,0,0,0,0,0,0,0,0,0,0,0,0,0,0,0,0,0,0,0,0,0,0,0,0,0,0,0,0,0,0,0,68,2026-02-05 22:15:48.256972
SPNG,23.85,23.58,23.79,1792900.0,1501800.0,3000.0,,,0,0,0,0,0,0,0,0,0,0,0,0,0,0,0,0,0,0,0,0,0,0,0,0,0,0,0,0,0,0,0,0,0,0,0,0,0,0,0,0,0,69,2026-02-05 22:15:49.321641
SMMR,25.87,25.87,26.16,1296800.0,1211300.0,,,,0,0,0,0,0,0,0,0,0,0,0,0,0,0,0,0,0,0,0,0,0,0,0,0,0,0,0,0,0,0,0,0,0,0,0,0,0,0,0,0,0,69,2026-02-05 22:15:49.321641
ATMN,26.54,26.54,26.9,1660200.0,1340600.0,9000.0,,,0,0,0,0,0,0,0,0,0,0,0,0,0,0,0,0,0,0,0,0,0,0,0,0,0,0,0,0,0,0,0,0,0,0,0,0,0,0,0,0,0,69,2026-02-05 22:15:49.321641
WNTR,24.98,24.92,24.98,1285900.0,1028500.0,,3000.0,16500.0,0,0,0,0,0,0,0,0,0,0,0,0,0,0,0,0,0,0,0,0,0,0,0,0,0,0,0,0,0,0,0,0,0,0,0,0,0,0,0,0,0,69,2026-02-05 22:15:49.321641
SPNG,24.14,24.14,24.23,1930000.0,3000.0,1395000.0,,,,0,0,0,0,0,0,0,0,0,0,0,0,0,0,0,0,0,0,0,0,0,0,0,0,0,0,0,0,0,0,0,0,0,0,0,0,0,0,0,0,70,2026-02-05 22:15:50.381461
SMMR,25.87,25.87,25.89,1396800.0,3000.0,1411000.0,3000.0,,,0,0,0,0,0,0,0,0,0,0,0,0,0,0,0,0,0,0,0,0,0,0,0,0,0,0,0,0,0,0,0,0,0,0,0,0,0,0,0,0,70,2026-02-05 22:15:50.381461
ATMN,26.7,26.5,26.7,1535100.0,3000.0,1459900.0,,,,0,0,0,0,0,0,0,0,0,0,0,0,0,0,0,0,0,0,0,0,0,0,0,0,0,0,0,0,0,0,0,0,0,0,0,0,0,0,0,0,70,2026-02-05 22:15:50.381461
WNTR,25.02,24.96,25.0,1513800.0,6000.0,1342300.0,3000.0,6000.0,10500.0,0,0,0,0,0,0,0,0,0,0,0,0,0,0,0,0,0,0,0,0,0,0,0,0,0,0,0,0,0,0,0,0,0,0,0,0,0,0,0,0,70,2026-02-05 22:15:50.381461
SPNG,23.93,23.58,23.93,1792900.0,1628200.0,3000.0,,,,0,0,0,0,0,0,0,0,0,0,0,0,0,0,0,0,0,0,0,0,0,0,0,0,0,0,0,0,0,0,0,0,0,0,0,0,0,0,0,0,71,2026-02-05 22:15:51.424297
SMMR,25.83,25.83,26.16,1280100.0,1421900.0,,,,,0,0,0,0,0,0,0,0,0,0,0,0,0,0,0,0,0,0,0,0,0,0,0,0,0,0,0,0,0,0,0,0,0,0,0,0,0,0,0,0,71,2026-02-05 22:15:51.424297
ATMN,26.66,26.5,26.63,1535100.0,1526000.0,,,,,0,0,0,0,0,0,0,0,0,0,0,0,0,0,0,0,0,0,0,0,0,0,0,0,0,0,0,0,0,0,0,0,0,0,0,0,0,0,0,0,71,2026-02-05 22:15:51.424297
WNTR,24.93,25.0,25.02,1513800.0,1130000.0,3000.0,3000.0,6000.0,13500.0,0,0,0,0,0,0,0,0,0,0,0,0,0,0,0,0,0,0,0,0,0,0,0,0,0,0,0,0,0,0,0,0,0,0,0,0,0,0,0,0,71,2026-02-05 22:15:51.424297
SPNG,23.58,23.58,23.93,2011700.0,1628200.0,6000.0,,,,0,0,0,0,0,0,0,0,0,0,0,0,0,0,0,0,0,0,0,0,0,0,0,0,0,0,0,0,0,0,0,0,0,0,0,0,0,0,0,0,72,2026-02-05 22:15:52.474112
SMMR,25.83,25.84,25.85,1578900.0,1539600.0,3000.0,3000.0,,,0,0,0,0,0,0,0,0,0,0,0,0,0,0,0,0,0,0,0,0,0,0,0,0,0,0,0,0,0,0,0,0,0,0,0,0,0,0,0,0,72,2026-02-05 22:15:52.474112
ATMN,26.5,26.5,26.63,1760600.0,1526000.0,3000.0,,,,0,0,0,0,0,0,0,0,0,0,0,0,0,0,0,0,0,0,0,0,0,0,0,0,0,0,0,0,0,0,0,0,0,0,0,0,0,0,0,0,72,2026-02-05 22:15:52.474112
WNTR,24.95,24.95,24.99,1374000.0,1566500.0,,,9000.0,9000.0,0,0,0,0,0,0,0,0,0,0,0,0,0,0,0,0,0,0,0,0,0,0,0,0,0,0,0,0,0,0,0,0,0,0,0,0,0,0,0,0,72,2026-02-05 22:15:52.474112
SPNG,23.81,23.81,23.93,2237600.0,3000.0,1734300.0,,,,0,0,0,0,0,0,0,0,0,0,0,0,0,0,0,0,0,0,0,0,0,0,0,0,0,0,0,0,0,0,0,0,0,0,0,0,0,0,0,0,73,2026-02-05 22:15:53.518288
SMMR,25.83,25.84,25.85,1898600.0,3000.0,1539600.0,3000.0,,,0,0,0,0,0,0,0,0,0,0,0,0,0,0,0,0,0,0,0,0,0,0,0,0,0,0,0,0,0,0,0,0,0,0,0,0,0,0,0,0,73,2026-02-05 22:15:53.518288
ATMN,26.54,26.75,26.8,1858400.0,3000.0,1611200.0,,,,0,0,0,0,0,0,0,0,0,0,0,0,0,0,0,0,0,0,0,0,0,0,0,0,0,0,0,0,0,0,0,0,0,0,0,0,0,0,0,0,73,2026-02-05 22:15:53.518288
WNTR,24.93,24.86,24.9,1268400.0,,1597500.0,,7500.0,9000.0,0,0,0,0,0,0,0,0,0,0,0,0,0,0,0,0,0,0,0,0,0,0,0,0,0,0,0,0,0,0,0,0,0,0,0,0,0,0,0,0,73,2026-02-05 22:15:53.518288
SPNG,23.81,23.81,23.84,2461800.0,6000.0,3000.0,1734300.0,,,0,0,0,0,0,0,0,0,0,0,0,0,0,0,0,0,0,0,0,0,0,0,0,0,0,0,0,0,0,0,0,0,0,0,0,0,0,0,0,0,74,2026-02-05 22:15:54.067586
SMMR,25.83,25.83,25.85,1888900.0,3000.0,3000.0,1539600.0,,,0,0,0,0,0,0,0,0,0,0,0,0,0,0,0,0,0,0,0,0,0,0,0,0,0,0,0,0,0,0,0,0,0,0,0,0,0,0,0,0,74,2026-02-05 22:15:54.067586
ATMN,26.75,26.75,26.8,1858400.0,9000.0,,1611200.0,,,0,0,0,0,0,0,0,0,0,0,0,0,0,0,0,0,0,0,0,0,0,0,0,0,0,0,0,0,0,0,0,0,0,0,0,0,0,0,0,0,74,2026-02-05 22:15:54.067586
WNTR,24.9,24.86,24.9,1372900.0,,3000.0,1474600.0,8000.0,9000.0,0,0,0,0,0,0,0,0,0,0,0,0,0,0,0,0,0,0,0,0,0,0,0,0,0,0,0,0,0,0,0,0,0,0,0,0,0,0,0,0,74,2026-02-05 22:15:54.067586
SPNG,23.78,23.78,24.23,2359300.0,1608200.0,,,,0,0,0,0,0,0,0,0,0,0,0,0,0,0,0,0,0,0,0,0,0,0,0,0,0,0,0,0,0,0,0,0,0,0,0,0,0,0,0,0,0,75,2026-02-05 22:15:55.140729
SMMR,25.88,25.88,25.97,1898800.0,1539600.0,6000.0,,,0,0,0,0,0,0,0,0,0,0,0,0,0,0,0,0,0,0,0,0,0,0,0,0,0,0,0,0,0,0,0,0,0,0,0,0,0,0,0,0,0,75,2026-02-05 22:15:55.140729
ATMN,26.54,26.54,26.8,1783800.0,1693500.0,3000.0,,,0,0,0,0,0,0,0,0,0,0,0,0,0,0,0,0,0,0,0,0,0,0,0,0,0,0,0,0,0,0,0,0,0,0,0,0,0,0,0,0,0,75,2026-02-05 22:15:55.140729
WNTR,25.04,25.04,25.06,1357800.0,1547400.0,3000.0,7000.0,9000.0,0,0,0,0,0,0,0,0,0,0,0,0,0,0,0,0,0,0,0,0,0,0,0,0,0,0,0,0,0,0,0,0,0,0,0,0,0,0,0,0,0,75,2026-02-05 22:15:55.140729
SPNG,23.78,23.78,23.81,2471600.0,3000.0,3000.0,1816300.0,,,0,0,0,0,0,0,0,0,0,0,0,0,0,0,0,0,0,0,0,0,0,0,0,0,0,0,0,0,0,0,0,0,0,0,0,0,0,0,0,0,76,2026-02-05 22:15:56.245097
SMMR,25.97,25.88,25.9,1918400.0,9000.0,3000.0,1539600.0,,,0,0,0,0,0,0,0,0,0,0,0,0,0,0,0,0,0,0,0,0,0,0,0,0,0,0,0,0,0,0,0,0,0,0,0,0,0,0,0,0,76,2026-02-05 22:15:56.245097
ATMN,26.86,26.54,26.71,1783800.0,,3000.0,1626100.0,,,0,0,0,0,0,0,0,0,0,0,0,0,0,0,0,0,0,0,0,0,0,0,0,0,0,0,0,0,0,0,0,0,0,0,0,0,0,0,0,0,76,2026-02-05 22:15:56.245097
WNTR,24.97,24.97,25.06,1752400.0,3000.0,,1260900.0,4000.0,13500.0,0,0,0,0,0,0,0,0,0,0,0,0,0,0,0,0,0,0,0,0,0,0,0,0,0,0,0,0,0,0,0,0,0,0,0,0,0,0,0,0,76,2026-02-05 22:15:56.245097
SPNG,23.58,24.28,24.31,6000.0,2348200.0,1832800.0,3000.0,,,0,0,0,0,0,0,0,0,0,0,0,0,0,0,0,0,0,0,0,0,0,0,0,0,0,0,0,0,0,0,0,0,0,0,0,0,0,0,0,0,77,2026-02-05 22:15:57.313380
SMMR,25.82,25.82,25.84,3000.0,2036900.0,1664100.0,6000.0,,,0,0,0,0,0,0,0,0,0,0,0,0,0,0,0,0,0,0,0,0,0,0,0,0,0,0,0,0,0,0,0,0,0,0,0,0,0,0,0,0,77,2026-02-05 22:15:57.313380
ATMN,26.44,26.4,26.44,,1864700.0,1747900.0,6000.0,,,0,0,0,0,0,0,0,0,0,0,0,0,0,0,0,0,0,0,0,0,0,0,0,0,0,0,0,0,0,0,0,0,0,0,0,0,0,0,0,0,77,2026-02-05 22:15:57.313380
WNTR,25.01,24.97,25.01,,1847400.0,1219800.0,3000.0,4000.0,12000.0,0,0,0,0,0,0,0,0,0,0,0,0,0,0,0,0,0,0,0,0,0,0,0,0,0,0,0,0,0,0,0,0,0,0,0,0,0,0,0,0,77,2026-02-05 22:15:57.313380
SPNG,24.1,23.98,24.1,2486700.0,1943500.0,6000.0,,,,0,0,0,0,0,0,0,0,0,0,0,0,0,0,0,0,0,0,0,0,0,0,0,0,0,0,0,0,0,0,0,0,0,0,0,0,0,0,0,0,78,2026-02-05 22:15:58.456376
SMMR,25.97,25.82,25.97,2036900.0,1539600.0,,3000.0,,,0,0,0,0,0,0,0,0,0,0,0,0,0,0,0,0,0,0,0,0,0,0,0,0,0,0,0,0,0,0,0,0,0,0,0,0,0,0,0,0,78,2026-02-05 22:15:58.456376
ATMN,26.93,26.67,26.93,1864700.0,1705300.0,,3000.0,,,0,0,0,0,0,0,0,0,0,0,0,0,0,0,0,0,0,0,0,0,0,0,0,0,0,0,0,0,0,0,0,0,0,0,0,0,0,0,0,0,78,2026-02-05 22:15:58.456376
WNTR,24.94,24.89,24.94,1769700.0,1341100.0,6000.0,,4000.0,9000.0,0,0,0,0,0,0,0,0,0,0,0,0,0,0,0,0,0,0,0,0,0,0,0,0,0,0,0,0,0,0,0,0,0,0,0,0,0,0,0,0,78,2026-02-05 22:15:58.456376
SPNG,24.04,23.98,24.0,2486700.0,2008500.0,9000.0,,,,0,0,0,0,0,0,0,0,0,0,0,0,0,0,0,0,0,0,0,0,0,0,0,0,0,0,0,0,0,0,0,0,0,0,0,0,0,0,0,0,79,2026-02-05 22:15:59.554476
SMMR,26.07,25.95,26.07,1950800.0,1509300.0,,12000.0,,,0,0,0,0,0,0,0,0,0,0,0,0,0,0,0,0,0,0,0,0,0,0,0,0,0,0,0,0,0,0,0,0,0,0,0,0,0,0,0,0,79,2026-02-05 22:15:59.554476
ATMN,26.4,26.36,26.38,1974500.0,1795700.0,3000.0,3000.0,,,0,0,0,0,0,0,0,0,0,0,0,0,0,0,0,0,0,0,0,0,0,0,0,0,0,0,0,0,0,0,0,0,0,0,0,0,0,0,0,0,79,2026-02-05 22:15:59.554476
WNTR,24.89,24.89,25.01,1769700.0,1368900.0,,,4000.0,12000.0,0,0,0,0,0,0,0,0,0,0,0,0,0,0,0,0,0,0,0,0,0,0,0,0,0,0,0,0,0,0,0,0,0,0,0,0,0,0,0,0,79,2026-02-05 22:15:59.554476
SPNG,23.58,23.58,23.62,2500400.0,3000.0,12000.0,2008500.0,,,0,0,0,0,0,0,0,0,0,0,0,0,0,0,0,0,0,0,0,0,0,0,0,0,0,0,0,0,0,0,0,0,0,0,0,0,0,0,0,0,80,2026-02-05 22:16:00.108803
SMMR,26.17,26.15,26.17,2059000.0,3000.0,,1328500.0,,,0,0,0,0,0,0,0,0,0,0,0,0,0,0,0,0,0,0,0,0,0,0,0,0,0,0,0,0,0,0,0,0,0,0,0,0,0,0,0,0,80,2026-02-05 22:16:00.108803
ATMN,26.4,26.31,26.38,2166700.0,,,1795700.0,,,0,0,0,0,0,0,0,0,0,0,0,0,0,0,0,0,0,0,0,0,0,0,0,0,0,0,0,0,0,0,0,0,0,0,0,0,0,0,0,0,80,2026-02-05 22:16:00.108803
WNTR,25.06,24.89,25.06,1796200.0,,,1362500.0,4000.0,12000.0,0,0,0,0,0,0,0,0,0,0,0,0,0,0,0,0,0,0,0,0,0,0,0,0,0,0,0,0,0,0,0,0,0,0,0,0,0,0,0,0,80,2026-02-05 22:16:00.108803
SPNG,24.04,24.0,24.04,6000.0,2453300.0,2132000.0,3000.0,,,0,0,0,0,0,0,0,0,0,0,0,0,0,0,0,0,0,0,0,0,0,0,0,0,0,0,0,0,0,0,0,0,0,0,0,0,0,0,0,0,81,2026-02-05 22:16:01.169479
SMMR,25.85,25.82,25.85,,2179200.0,1558400.0,3000.0,,,0,0,0,0,0,0,0,0,0,0,0,0,0,0,0,0,0,0,0,0,0,0,0,0,0,0,0,0,0,0,0,0,0,0,0,0,0,0,0,0,81,2026-02-05 22:16:01.169479
ATMN,26.54,26.31,26.4,,2191800.0,1829300.0,,,,0,0,0,0,0,0,0,0,0,0,0,0,0,0,0,0,0,0,0,0,0,0,0,0,0,0,0,0,0,0,0,0,0,0,0,0,0,0,0,0,81,2026-02-05 22:16:01.169479
WNTR,24.94,24.83,24.94,,1800200.0,1383800.0,,4000.0,12000.0,0,0,0,0,0,0,0,0,0,0,0,0,0,0,0,0,0,0,0,0,0,0,0,0,0,0,0,0,0,0,0,0,0,0,0,0,0,0,0,0,81,2026-02-05 22:16:01.169479
SPNG,23.56,23.56,24.04,2474800.0,2122100.0,3000.0,,,,0,0,0,0,0,0,0,0,0,0,0,0,0,0,0,0,0,0,0,0,0,0,0,0,0,0,0,0,0,0,0,0,0,0,0,0,0,0,0,0,82,2026-02-05 22:16:02.225375
SMMR,26.01,25.93,25.97,2181600.0,1449600.0,6000.0,,,,0,0,0,0,0,0,0,0,0,0,0,0,0,0,0,0,0,0,0,0,0,0,0,0,0,0,0,0,0,0,0,0,0,0,0,0,0,0,0,0,82,2026-02-05 22:16:02.225375
ATMN,26.57,26.91,26.95,2009900.0,1601500.0,,3000.0,,,0,0,0,0,0,0,0,0,0,0,0,0,0,0,0,0,0,0,0,0,0,0,0,0,0,0,0,0,0,0,0,0,0,0,0,0,0,0,0,0,82,2026-02-05 22:16:02.225375
WNTR,24.94,24.83,24.94,1845000.0,1383800.0,,,4000.0,12000.0,0,0,0,0,0,0,0,0,0,0,0,0,0,0,0,0,0,0,0,0,0,0,0,0,0,0,0,0,0,0,0,0,0,0,0,0,0,0,0,0,82,2026-02-05 22:16:02.225375
SPNG,24.11,23.64,24.07,2615600.0,2131700.0,3000.0,,,0,0,0,0,0,0,0,0,0,0,0,0,0,0,0,0,0,0,0,0,0,0,0,0,0,0,0,0,0,0,0,0,0,0,0,0,0,0,0,0,0,83,2026-02-05 22:16:03.290925
SMMR,25.97,25.93,25.97,2148000.0,1650500.0,9000.0,,,0,0,0,0,0,0,0,0,0,0,0,0,0,0,0,0,0,0,0,0,0,0,0,0,0,0,0,0,0,0,0,0,0,0,0,0,0,0,0,0,0,83,2026-02-05 22:16:03.290925
ATMN,26.99,26.31,26.99,2191800.0,1585200.0,,,,0,0,0,0,0,0,0,0,0,0,0,0,0,0,0,0,0,0,0,0,0,0,0,0,0,0,0,0,0,0,0,0,0,0,0,0,0,0,0,0,0,83,2026-02-05 22:16:03.290925
WNTR,25.06,24.87,25.06,1839300.0,1362500.0,,4000.0,12000.0,0,0,0,0,0,0,0,0,0,0,0,0,0,0,0,0,0,0,0,0,0,0,0,0,0,0,0,0,0,0,0,0,0,0,0,0,0,0,0,0,0,83,2026-02-05 22:16:03.290925
SPNG,24.07,23.82,24.07,2720900.0,2023700.0,6000.0,,,0,0,0,0,0,0,0,0,0,0,0,0,0,0,0,0,0,0,0,0,0,0,0,0,0,0,0,0,0,0,0,0,0,0,0,0,0,0,0,0,0,84,2026-02-05 22:16:04.423426
SMMR,25.97,25.93,25.97,2095300.0,1754300.0,,,,0,0,0,0,0,0,0,0,0,0,0,0,0,0,0,0,0,0,0,0,0,0,0,0,0,0,0,0,0,0,0,0,0,0,0,0,0,0,0,0,0,84,2026-02-05 22:16:04.423426
ATMN,26.95,26.64,26.79,2107900.0,1881500.0,,,,0,0,0,0,0,0,0,0,0,0,0,0,0,0,0,0,0,0,0,0,0,0,0,0,0,0,0,0,0,0,0,0,0,0,0,0,0,0,0,0,0,84,2026-02-05 22:16:04.423426
WNTR,25.05,24.91,25.03,1866100.0,1383800.0,,4000.0,12000.0,0,0,0,0,0,0,0,0,0,0,0,0,0,0,0,0,0,0,0,0,0,0,0,0,0,0,0,0,0,0,0,0,0,0,0,0,0,0,0,0,0,84,2026-02-05 22:16:04.423426
SPNG,24.07,24.03,24.06,3000.0,2460200.0,2271200.0,,,0,0,0,0,0,0,0,0,0,0,0,0,0,0,0,0,0,0,0,0,0,0,0,0,0,0,0,0,0,0,0,0,0,0,0,0,0,0,0,0,0,85,2026-02-05 22:16:05.488373
SMMR,25.91,25.91,25.99,,2139600.0,1633200.0,,,0,0,0,0,0,0,0,0,0,0,0,0,0,0,0,0,0,0,0,0,0,0,0,0,0,0,0,0,0,0,0,0,0,0,0,0,0,0,0,0,0,85,2026-02-05 22:16:05.488373
ATMN,26.79,26.83,26.99,,2059900.0,1885100.0,,,0,0,0,0,0,0,0,0,0,0,0,0,0,0,0,0,0,0,0,0,0,0,0,0,0,0,0,0,0,0,0,0,0,0,0,0,0,0,0,0,0,85,2026-02-05 22:16:05.488373
WNTR,25.03,24.91,25.03,,1839200.0,1384200.0,4000.0,12000.0,0,0,0,0,0,0,0,0,0,0,0,0,0,0,0,0,0,0,0,0,0,0,0,0,0,0,0,0,0,0,0,0,0,0,0,0,0,0,0,0,0,85,2026-02-05 22:16:05.488373
SPNG,24.07,24.03,24.06,3000.0,2431600.0,2077900.0,9000.0,,,0,0,0,0,0,0,0,0,0,0,0,0,0,0,0,0,0,0,0,0,0,0,0,0,0,0,0,0,0,0,0,0,0,0,0,0,0,0,0,0,86,2026-02-05 22:16:06.556468
SMMR,25.93,25.93,26.14,3000.0,2008900.0,1441000.0,,,,0,0,0,0,0,0,0,0,0,0,0,0,0,0,0,0,0,0,0,0,0,0,0,0,0,0,0,0,0,0,0,0,0,0,0,0,0,0,0,0,86,2026-02-05 22:16:06.556468
ATMN,27.04,26.5,26.54,3000.0,1976700.0,1811200.0,3000.0,,,0,0,0,0,0,0,0,0,0,0,0,0,0,0,0,0,0,0,0,0,0,0,0,0,0,0,0,0,0,0,0,0,0,0,0,0,0,0,0,0,86,2026-02-05 22:16:06.556468
WNTR,24.91,24.91,25.06,,1839200.0,1358600.0,,4000.0,12000.0,0,0,0,0,0,0,0,0,0,0,0,0,0,0,0,0,0,0,0,0,0,0,0,0,0,0,0,0,0,0,0,0,0,0,0,0,0,0,0,0,86,2026-02-05 22:16:06.556468
SPNG,24.06,24.02,24.06,3000.0,2441800.0,2077900.0,12000.0,,,0,0,0,0,0,0,0,0,0,0,0,0,0,0,0,0,0,0,0,0,0,0,0,0,0,0,0,0,0,0,0,0,0,0,0,0,0,0,0,0,87,2026-02-05 22:16:07.604501
SMMR,26.05,26.05,26.14,9000.0,1913800.0,1522200.0,,,,0,0,0,0,0,0,0,0,0,0,0,0,0,0,0,0,0,0,0,0,0,0,0,0,0,0,0,0,0,0,0,0,0,0,0,0,0,0,0,0,87,2026-02-05 22:16:07.604501
ATMN,27.04,27.0,27.03,3000.0,1988400.0,1830900.0,3000.0,,,0,0,0,0,0,0,0,0,0,0,0,0,0,0,0,0,0,0,0,0,0,0,0,0,0,0,0,0,0,0,0,0,0,0,0,0,0,0,0,0,87,2026-02-05 22:16:07.604501
WNTR,25.07,24.97,25.07,,1841800.0,1444500.0,,4000.0,10500.0,0,0,0,0,0,0,0,0,0,0,0,0,0,0,0,0,0,0,0,0,0,0,0,0,0,0,0,0,0,0,0,0,0,0,0,0,0,0,0,0,87,2026-02-05 22:16:07.604501
SPNG,24.02,23.64,23.97,2615400.0,2153200.0,12000.0,,,,0,0,0,0,0,0,0,0,0,0,0,0,0,0,0,0,0,0,0,0,0,0,0,0,0,0,0,0,0,0,0,0,0,0,0,0,0,0,0,0,88,2026-02-05 22:16:08.193965
SMMR,26.05,26.05,26.13,1913800.0,1735400.0,,9000.0,,,0,0,0,0,0,0,0,0,0,0,0,0,0,0,0,0,0,0,0,0,0,0,0,0,0,0,0,0,0,0,0,0,0,0,0,0,0,0,0,0,88,2026-02-05 22:16:08.193965
ATMN,26.79,26.5,26.79,2093800.0,1832100.0,3000.0,,,,0,0,0,0,0,0,0,0,0,0,0,0,0,0,0,0,0,0,0,0,0,0,0,0,0,0,0,0,0,0,0,0,0,0,0,0,0,0,0,0,88,2026-02-05 22:16:08.193965
WNTR,25.1,24.97,25.1,1713800.0,1424700.0,,3000.0,4000.0,10500.0,0,0,0,0,0,0,0,0,0,0,0,0,0,0,0,0,0,0,0,0,0,0,0,0,0,0,0,0,0,0,0,0,0,0,0,0,0,0,0,0,88,2026-02-05 22:16:08.193965
SPNG,23.97,23.64,23.97,2566100.0,2246700.0,3000.0,,,,0,0,0,0,0,0,0,0,0,0,0,0,0,0,0,0,0,0,0,0,0,0,0,0,0,0,0,0,0,0,0,0,0,0,0,0,0,0,0,0,89,2026-02-05 22:16:09.299247
SMMR,25.93,25.93,26.06,2136000.0,1823800.0,3000.0,,,,0,0,0,0,0,0,0,0,0,0,0,0,0,0,0,0,0,0,0,0,0,0,0,0,0,0,0,0,0,0,0,0,0,0,0,0,0,0,0,0,89,2026-02-05 22:16:09.299247
ATMN,27.03,26.74,27.0,1969400.0,1923900.0,,3000.0,,,0,0,0,0,0,0,0,0,0,0,0,0,0,0,0,0,0,0,0,0,0,0,0,0,0,0,0,0,0,0,0,0,0,0,0,0,0,0,0,0,89,2026-02-05 22:16:09.299247
WNTR,24.97,24.97,25.1,1841800.0,1367700.0,3000.0,,4000.0,10500.0,0,0,0,0,0,0,0,0,0,0,0,0,0,0,0,0,0,0,0,0,0,0,0,0,0,0,0,0,0,0,0,0,0,0,0,0,0,0,0,0,89,2026-02-05 22:16:09.299247
SPNG,23.93,23.69,23.89,2560200.0,2380900.0,,,0,0,0,0,0,0,0,0,0,0,0,0,0,0,0,0,0,0,0,0,0,0,0,0,0,0,0,0,0,0,0,0,0,0,0,0,0,0,0,0,0,0,90,2026-02-05 22:16:10.427414
SMMR,25.8,25.92,25.93,2024200.0,1896400.0,1500.0,1500.0,0,0,0,0,0,0,0,0,0,0,0,0,0,0,0,0,0,0,0,0,0,0,0,0,0,0,0,0,0,0,0,0,0,0,0,0,0,0,0,0,0,0,90,2026-02-05 22:16:10.427414
ATMN,26.91,26.77,26.91,2066800.0,1940200.0,,,0,0,0,0,0,0,0,0,0,0,0,0,0,0,0,0,0,0,0,0,0,0,0,0,0,0,0,0,0,0,0,0,0,0,0,0,0,0,0,0,0,0,90,2026-02-05 22:16:10.427414
WNTR,24.89,24.96,25.1,1684200.0,1455800.0,5500.0,10500.0,0,0,0,0,0,0,0,0,0,0,0,0,0,0,0,0,0,0,0,0,0,0,0,0,0,0,0,0,0,0,0,0,0,0,0,0,0,0,0,0,0,0,90,2026-02-05 22:16:10.427414
SPNG,23.89,23.69,23.89,2557700.0,2287400.0,3000.0,,,,0,0,0,0,0,0,0,0,0,0,0,0,0,0,0,0,0,0,0,0,0,0,0,0,0,0,0,0,0,0,0,0,0,0,0,0,0,0,0,0,91,2026-02-05 22:16:11.531517
SMMR,26.06,25.92,26.06,1567900.0,1823800.0,,6000.0,3000.0,1500.0,0,0,0,0,0,0,0,0,0,0,0,0,0,0,0,0,0,0,0,0,0,0,0,0,0,0,0,0,0,0,0,0,0,0,0,0,0,0,0,0,91,2026-02-05 22:16:11.531517
ATMN,26.69,26.69,26.91,2078600.0,1766500.0,6000.0,,,,0,0,0,0,0,0,0,0,0,0,0,0,0,0,0,0,0,0,0,0,0,0,0,0,0,0,0,0,0,0,0,0,0,0,0,0,0,0,0,0,91,2026-02-05 22:16:11.531517
WNTR,24.96,24.87,24.91,1854500.0,1266600.0,9000.0,3000.0,3000.0,10500.0,0,0,0,0,0,0,0,0,0,0,0,0,0,0,0,0,0,0,0,0,0,0,0,0,0,0,0,0,0,0,0,0,0,0,0,0,0,0,0,0,91,2026-02-05 22:16:11.531517
SPNG,24.07,23.85,24.07,3000.0,2406400.0,2304000.0,,,,0,0,0,0,0,0,0,0,0,0,0,0,0,0,0,0,0,0,0,0,0,0,0,0,0,0,0,0,0,0,0,0,0,0,0,0,0,0,0,0,92,2026-02-05 22:16:12.589454
SMMR,26.04,25.92,25.95,,1479700.0,1631200.0,9000.0,3500.0,3000.0,0,0,0,0,0,0,0,0,0,0,0,0,0,0,0,0,0,0,0,0,0,0,0,0,0,0,0,0,0,0,0,0,0,0,0,0,0,0,0,0,92,2026-02-05 22:16:12.589454
ATMN,26.91,26.69,26.73,3000.0,1972200.0,1766500.0,,,9000.0,0,0,0,0,0,0,0,0,0,0,0,0,0,0,0,0,0,0,0,0,0,0,0,0,0,0,0,0,0,0,0,0,0,0,0,0,0,0,0,0,92,2026-02-05 22:16:12.589454
WNTR,24.98,25.03,25.1,,2063600.0,1706800.0,3000.0,7500.0,,0,0,0,0,0,0,0,0,0,0,0,0,0,0,0,0,0,0,0,0,0,0,0,0,0,0,0,0,0,0,0,0,0,0,0,0,0,0,0,0,92,2026-02-05 22:16:12.589454
SPNG,23.69,23.69,23.95,2558000.0,2231700.0,3000.0,,,,0,0,0,0,0,0,0,0,0,0,0,0,0,0,0,0,0,0,0,0,0,0,0,0,0,0,0,0,0,0,0,0,0,0,0,0,0,0,0,0,93,2026-02-05 22:16:13.168751
SMMR,26.0,25.92,26.0,1392800.0,1656000.0,6000.0,10500.0,3000.0,,0,0,0,0,0,0,0,0,0,0,0,0,0,0,0,0,0,0,0,0,0,0,0,0,0,0,0,0,0,0,0,0,0,0,0,0,0,0,0,0,93,2026-02-05 22:16:13.168751
ATMN,27.0,27.0,27.03,1965000.0,1911700.0,,,,3000.0,0,0,0,0,0,0,0,0,0,0,0,0,0,0,0,0,0,0,0,0,0,0,0,0,0,0,0,0,0,0,0,0,0,0,0,0,0,0,0,0,93,2026-02-05 22:16:13.168751
WNTR,25.0,25.0,25.1,1968000.0,1897000.0,,3000.0,4500.0,3000.0,0,0,0,0,0,0,0,0,0,0,0,0,0,0,0,0,0,0,0,0,0,0,0,0,0,0,0,0,0,0,0,0,0,0,0,0,0,0,0,0,93,2026-02-05 22:16:13.168751
SPNG,23.85,23.85,23.95,2416300.0,3000.0,2342400.0,,,,,,0,0,0,0,0,0,0,0,0,0,0,0,0,0,0,0,0,0,0,0,0,0,0,0,0,0,0,0,0,0,0,0,0,0,0,0,0,0,94,2026-02-05 22:16:14.294445
SMMR,25.88,25.88,25.96,1882800.0,3000.0,1367700.0,1000.0,9000.0,4000.0,,,0,0,0,0,0,0,0,0,0,0,0,0,0,0,0,0,0,0,0,0,0,0,0,0,0,0,0,0,0,0,0,0,0,0,0,0,0,0,94,2026-02-05 22:16:14.294445
ATMN,27.06,27.0,27.04,1755100.0,6000.0,1821800.0,,,,910.0,3000.0,0,0,0,0,0,0,0,0,0,0,0,0,0,0,0,0,0,0,0,0,0,0,0,0,0,0,0,0,0,0,0,0,0,0,0,0,0,0,94,2026-02-05 22:16:14.294445
WNTR,24.99,24.99,25.02,1822600.0,6000.0,1360000.0,3000.0,9000.0,4000.0,,3000.0,0,0,0,0,0,0,0,0,0,0,0,0,0,0,0,0,0,0,0,0,0,0,0,0,0,0,0,0,0,0,0,0,0,0,0,0,0,0,94,2026-02-05 22:16:14.294445
SPNG,23.88,23.74,23.77,2291100.0,6000.0,3000.0,910.0,2180000.0,,,0,0,0,0,0,0,0,0,0,0,0,0,0,0,0,0,0,0,0,0,0,0,0,0,0,0,0,0,0,0,0,0,0,0,0,0,0,0,0,95,2026-02-05 22:16:15.371925
SMMR,26.0,25.95,25.97,1669200.0,6000.0,3000.0,,1655300.0,2500.0,4500.0,0,0,0,0,0,0,0,0,0,0,0,0,0,0,0,0,0,0,0,0,0,0,0,0,0,0,0,0,0,0,0,0,0,0,0,0,0,0,0,95,2026-02-05 22:16:15.371925
ATMN,26.61,26.5,26.61,2071900.0,,3000.0,910.0,1718100.0,,,0,0,0,0,0,0,0,0,0,0,0,0,0,0,0,0,0,0,0,0,0,0,0,0,0,0,0,0,0,0,0,0,0,0,0,0,0,0,0,95,2026-02-05 22:16:15.371925
WNTR,25.02,24.99,25.0,1822600.0,6000.0,3000.0,,1587000.0,3000.0,7500.0,0,0,0,0,0,0,0,0,0,0,0,0,0,0,0,0,0,0,0,0,0,0,0,0,0,0,0,0,0,0,0,0,0,0,0,0,0,0,0,95,2026-02-05 22:16:15.371925
SPNG,23.95,23.92,23.95,9000.0,2298500.0,2348700.0,3000.0,,,,,0,0,0,0,0,0,0,0,0,0,0,0,0,0,0,0,0,0,0,0,0,0,0,0,0,0,0,0,0,0,0,0,0,0,0,0,0,0,96,2026-02-05 22:16:16.440361
SMMR,25.99,25.99,26.0,6000.0,1392800.0,1775500.0,3000.0,7500.0,4000.0,1500.0,4000.0,0,0,0,0,0,0,0,0,0,0,0,0,0,0,0,0,0,0,0,0,0,0,0,0,0,0,0,0,0,0,0,0,0,0,0,0,0,0,96,2026-02-05 22:16:16.440361
ATMN,26.64,26.71,26.73,3000.0,1917800.0,1938700.0,,,,,,0,0,0,0,0,0,0,0,0,0,0,0,0,0,0,0,0,0,0,0,0,0,0,0,0,0,0,0,0,0,0,0,0,0,0,0,0,0,96,2026-02-05 22:16:16.440361
WNTR,24.96,24.99,25.0,3000.0,1974400.0,1271100.0,3000.0,1000.0,4000.0,12000.0,,0,0,0,0,0,0,0,0,0,0,0,0,0,0,0,0,0,0,0,0,0,0,0,0,0,0,0,0,0,0,0,0,0,0,0,0,0,0,96,2026-02-05 22:16:16.440361
SPNG,23.95,23.92,23.95,9000.0,4000.0,2208300.0,2229900.0,4000.0,3000.0,,,0,0,0,0,0,0,0,0,0,0,0,0,0,0,0,0,0,0,0,0,0,0,0,0,0,0,0,0,0,0,0,0,0,0,0,0,0,0,97,2026-02-05 22:16:17.494948
SMMR,25.92,25.92,26.0,,,1700200.0,1584600.0,4000.0,3000.0,6000.0,4500.0,0,0,0,0,0,0,0,0,0,0,0,0,0,0,0,0,0,0,0,0,0,0,0,0,0,0,0,0,0,0,0,0,0,0,0,0,0,0,97,2026-02-05 22:16:17.494948
ATMN,26.5,26.61,26.67,6000.0,,1853300.0,1821800.0,,3000.0,,,0,0,0,0,0,0,0,0,0,0,0,0,0,0,0,0,0,0,0,0,0,0,0,0,0,0,0,0,0,0,0,0,0,0,0,0,0,0,97,2026-02-05 22:16:17.494948
WNTR,25.02,25.02,25.06,3000.0,,1978300.0,2152000.0,,,2500.0,1500.0,0,0,0,0,0,0,0,0,0,0,0,0,0,0,0,0,0,0,0,0,0,0,0,0,0,0,0,0,0,0,0,0,0,0,0,0,0,0,97,2026-02-05 22:16:17.494948
SPNG,24.04,23.93,24.04,9000.0,4000.0,2208300.0,2516400.0,,,,,0,0,0,0,0,0,0,0,0,0,0,0,0,0,0,0,0,0,0,0,0,0,0,0,0,0,0,0,0,0,0,0,0,0,0,0,0,0,98,2026-02-05 22:16:18.553405
SMMR,25.86,25.86,25.93,,,2086200.0,1178500.0,12000.0,9000.0,4000.0,,0,0,0,0,0,0,0,0,0,0,0,0,0,0,0,0,0,0,0,0,0,0,0,0,0,0,0,0,0,0,0,0,0,0,0,0,0,0,98,2026-02-05 22:16:18.553405
ATMN,26.99,26.99,27.06,6000.0,,1873700.0,1901300.0,,,,,0,0,0,0,0,0,0,0,0,0,0,0,0,0,0,0,0,0,0,0,0,0,0,0,0,0,0,0,0,0,0,0,0,0,0,0,0,0,98,2026-02-05 22:16:18.553405
WNTR,25.01,25.01,25.03,6000.0,,1698300.0,1694500.0,3000.0,4500.0,4000.0,4500.0,0,0,0,0,0,0,0,0,0,0,0,0,0,0,0,0,0,0,0,0,0,0,0,0,0,0,0,0,0,0,0,0,0,0,0,0,0,0,98,2026-02-05 22:16:18.553405
SPNG,23.74,23.74,23.76,2428700.0,3000.0,3000.0,2375800.0,,,,0,0,0,0,0,0,0,0,0,0,0,0,0,0,0,0,0,0,0,0,0,0,0,0,0,0,0,0,0,0,0,0,0,0,0,0,0,0,0,99,2026-02-05 22:16:19.647863
SMMR,26.0,25.86,25.91,1829200.0,3000.0,,1481700.0,3000.0,4000.0,7500.0,0,0,0,0,0,0,0,0,0,0,0,0,0,0,0,0,0,0,0,0,0,0,0,0,0,0,0,0,0,0,0,0,0,0,0,0,0,0,0,99,2026-02-05 22:16:19.647863
ATMN,27.07,26.5,27.07,2043600.0,,,1890300.0,,,,0,0,0,0,0,0,0,0,0,0,0,0,0,0,0,0,0,0,0,0,0,0,0,0,0,0,0,0,0,0,0,0,0,0,0,0,0,0,0,99,2026-02-05 22:16:19.647863
WNTR,25.06,25.01,25.02,1574800.0,3000.0,6000.0,1575400.0,7500.0,,5200.0,0,0,0,0,0,0,0,0,0,0,0,0,0,0,0,0,0,0,0,0,0,0,0,0,0,0,0,0,0,0,0,0,0,0,0,0,0,0,0,99,2026-02-05 22:16:19.647863
SPNG,23.77,23.97,24.05,2472100.0,3000.0,2471800.0,,,,,0,0,0,0,0,0,0,0,0,0,0,0,0,0,0,0,0,0,0,0,0,0,0,0,0,0,0,0,0,0,0,0,0,0,0,0,0,0,0,100,2026-02-05 22:16:20.195603
SMMR,25.91,25.99,26.01,1625200.0,3000.0,1740000.0,6000.0,6000.0,1500.0,,0,0,0,0,0,0,0,0,0,0,0,0,0,0,0,0,0,0,0,0,0,0,0,0,0,0,0,0,0,0,0,0,0,0,0,0,0,0,0,100,2026-02-05 22:16:20.195603
ATMN,27.08,27.08,27.11,1867700.0,3000.0,1804200.0,,3000.0,,4000.0,0,0,0,0,0,0,0,0,0,0,0,0,0,0,0,0,0,0,0,0,0,0,0,0,0,0,0,0,0,0,0,0,0,0,0,0,0,0,0,100,2026-02-05 22:16:20.195603
WNTR,24.9,24.86,24.9,2018000.0,,1462100.0,3000.0,3000.0,8200.0,,0,0,0,0,0,0,0,0,0,0,0,0,0,0,0,0,0,0,0,0,0,0,0,0,0,0,0,0,0,0,0,0,0,0,0,0,0,0,0,100,2026-02-05 22:16:20.195603
SPNG,24.05,23.75,23.94,4910.0,2428700.0,2371900.0,3000.0,,,,0,0,0,0,0,0,0,0,0,0,0,0,0,0,0,0,0,0,0,0,0,0,0,0,0,0,0,0,0,0,0,0,0,0,0,0,0,0,0,101,2026-02-05 22:16:21.275551
SMMR,25.85,25.85,25.86,,1803200.0,1466900.0,9000.0,3000.0,3000.0,6000.0,0,0,0,0,0,0,0,0,0,0,0,0,0,0,0,0,0,0,0,0,0,0,0,0,0,0,0,0,0,0,0,0,0,0,0,0,0,0,0,101,2026-02-05 22:16:21.275551
ATMN,26.89,26.89,27.15,4000.0,1843600.0,1921300.0,,,3000.0,,0,0,0,0,0,0,0,0,0,0,0,0,0,0,0,0,0,0,0,0,0,0,0,0,0,0,0,0,0,0,0,0,0,0,0,0,0,0,0,101,2026-02-05 22:16:21.275551
WNTR,24.9,24.88,24.9,,1884100.0,1462100.0,,4000.0,,9700.0,0,0,0,0,0,0,0,0,0,0,0,0,0,0,0,0,0,0,0,0,0,0,0,0,0,0,0,0,0,0,0,0,0,0,0,0,0,0,0,101,2026-02-05 22:16:21.275551
SPNG,24.07,24.05,24.07,3000.0,2428700.0,2195700.0,6000.0,,,,0,0,0,0,0,0,0,0,0,0,0,0,0,0,0,0,0,0,0,0,0,0,0,0,0,0,0,0,0,0,0,0,0,0,0,0,0,0,0,102,2026-02-05 22:16:22.336060
SMMR,25.85,25.85,25.86,3000.0,1616000.0,1740000.0,9000.0,6000.0,1500.0,,0,0,0,0,0,0,0,0,0,0,0,0,0,0,0,0,0,0,0,0,0,0,0,0,0,0,0,0,0,0,0,0,0,0,0,0,0,0,0,102,2026-02-05 22:16:22.336060
ATMN,27.19,27.15,27.19,6000.0,1719700.0,1788900.0,3000.0,,,4000.0,0,0,0,0,0,0,0,0,0,0,0,0,0,0,0,0,0,0,0,0,0,0,0,0,0,0,0,0,0,0,0,0,0,0,0,0,0,0,0,102,2026-02-05 22:16:22.336060
WNTR,25.1,24.89,24.91,,1557500.0,2025000.0,,7000.0,3000.0,3000.0,0,0,0,0,0,0,0,0,0,0,0,0,0,0,0,0,0,0,0,0,0,0,0,0,0,0,0,0,0,0,0,0,0,0,0,0,0,0,0,102,2026-02-05 22:16:22.336060
SPNG,24.1,23.61,23.67,3000.0,2404200.0,9000.0,2203000.0,,,,,0,0,0,0,0,0,0,0,0,0,0,0,0,0,0,0,0,0,0,0,0,0,0,0,0,0,0,0,0,0,0,0,0,0,0,0,0,0,103,2026-02-05 22:16:23.411939
SMMR,26.08,26.05,26.07,3000.0,1920600.0,3000.0,1838200.0,1500.0,1500.0,,,0,0,0,0,0,0,0,0,0,0,0,0,0,0,0,0,0,0,0,0,0,0,0,0,0,0,0,0,0,0,0,0,0,0,0,0,0,0,103,2026-02-05 22:16:23.411939
ATMN,27.19,27.15,27.19,6000.0,1752300.0,3000.0,1819700.0,,,4000.0,,0,0,0,0,0,0,0,0,0,0,0,0,0,0,0,0,0,0,0,0,0,0,0,0,0,0,0,0,0,0,0,0,0,0,0,0,0,0,103,2026-02-05 22:16:23.411939
WNTR,25.1,24.89,24.91,,1345400.0,,1923400.0,10500.0,3000.0,3000.0,3000.0,0,0,0,0,0,0,0,0,0,0,0,0,0,0,0,0,0,0,0,0,0,0,0,0,0,0,0,0,0,0,0,0,0,0,0,0,0,0,103,2026-02-05 22:16:23.411939
SPNG,23.7,23.72,24.1,4910.0,12000.0,2197000.0,2436800.0,,,,0,0,0,0,0,0,0,0,0,0,0,0,0,0,0,0,0,0,0,0,0,0,0,0,0,0,0,0,0,0,0,0,0,0,0,0,0,0,0,104,2026-02-05 22:16:24.469792
SMMR,25.8,25.8,26.07,,,2114900.0,1538900.0,6000.0,3000.0,,0,0,0,0,0,0,0,0,0,0,0,0,0,0,0,0,0,0,0,0,0,0,0,0,0,0,0,0,0,0,0,0,0,0,0,0,0,0,0,104,2026-02-05 22:16:24.469792
ATMN,27.16,27.16,27.19,3910.0,3000.0,1853000.0,1834600.0,,3000.0,,0,0,0,0,0,0,0,0,0,0,0,0,0,0,0,0,0,0,0,0,0,0,0,0,0,0,0,0,0,0,0,0,0,0,0,0,0,0,0,104,2026-02-05 22:16:24.469792
WNTR,25.12,24.89,25.03,3000.0,,1560900.0,2192200.0,,,7500.0,0,0,0,0,0,0,0,0,0,0,0,0,0,0,0,0,0,0,0,0,0,0,0,0,0,0,0,0,0,0,0,0,0,0,0,0,0,0,0,104,2026-02-05 22:16:24.469792
SPNG,23.98,23.98,24.06,2240400.0,4910.0,12000.0,2334400.0,4910.0,,,,0,0,0,0,0,0,0,0,0,0,0,0,0,0,0,0,0,0,0,0,0,0,0,0,0,0,0,0,0,0,0,0,0,0,0,0,0,0,105,2026-02-05 22:16:25.531916
SMMR,25.83,25.83,25.91,1704600.0,,3000.0,1371500.0,,2500.0,10500.0,,0,0,0,0,0,0,0,0,0,0,0,0,0,0,0,0,0,0,0,0,0,0,0,0,0,0,0,0,0,0,0,0,0,0,0,0,0,0,105,2026-02-05 22:16:25.531916
ATMN,26.97,26.97,27.21,2052700.0,,,1824400.0,,,,3000.0,0,0,0,0,0,0,0,0,0,0,0,0,0,0,0,0,0,0,0,0,0,0,0,0,0,0,0,0,0,0,0,0,0,0,0,0,0,0,105,2026-02-05 22:16:25.531916
WNTR,24.92,24.94,25.03,1556200.0,,,2211100.0,,9000.0,,,0,0,0,0,0,0,0,0,0,0,0,0,0,0,0,0,0,0,0,0,0,0,0,0,0,0,0,0,0,0,0,0,0,0,0,0,0,0,105,2026-02-05 22:16:25.531916
SPNG,24.06,23.98,24.01,2456700.0,3000.0,3000.0,2328600.0,,,,,0,0,0,0,0,0,0,0,0,0,0,0,0,0,0,0,0,0,0,0,0,0,0,0,0,0,0,0,0,0,0,0,0,0,0,0,0,0,106,2026-02-05 22:16:26.634214
SMMR,25.85,25.83,25.85,1645200.0,6000.0,3000.0,1355800.0,2500.0,2910.0,7500.0,,0,0,0,0,0,0,0,0,0,0,0,0,0,0,0,0,0,0,0,0,0,0,0,0,0,0,0,0,0,0,0,0,0,0,0,0,0,0,106,2026-02-05 22:16:26.634214
ATMN,27.21,26.93,27.01,1926500.0,3000.0,3000.0,1824400.0,,,,,0,0,0,0,0,0,0,0,0,0,0,0,0,0,0,0,0,0,0,0,0,0,0,0,0,0,0,0,0,0,0,0,0,0,0,0,0,0,106,2026-02-05 22:16:26.634214
WNTR,25.03,24.91,25.0,1684900.0,,,2188100.0,6000.0,,,5000.0,0,0,0,0,0,0,0,0,0,0,0,0,0,0,0,0,0,0,0,0,0,0,0,0,0,0,0,0,0,0,0,0,0,0,0,0,0,0,106,2026-02-05 22:16:26.634214
SPNG,23.98,24.03,24.06,3000.0,2456700.0,2484400.0,,,,0,0,0,0,0,0,0,0,0,0,0,0,0,0,0,0,0,0,0,0,0,0,0,0,0,0,0,0,0,0,0,0,0,0,0,0,0,0,0,0,107,2026-02-05 22:16:27.244173
SMMR,25.91,25.83,25.84,,1818000.0,1467400.0,2500.0,9000.0,,0,0,0,0,0,0,0,0,0,0,0,0,0,0,0,0,0,0,0,0,0,0,0,0,0,0,0,0,0,0,0,0,0,0,0,0,0,0,0,0,107,2026-02-05 22:16:27.244173
ATMN,26.85,26.85,27.23,,2050100.0,1869800.0,,,,0,0,0,0,0,0,0,0,0,0,0,0,0,0,0,0,0,0,0,0,0,0,0,0,0,0,0,0,0,0,0,0,0,0,0,0,0,0,0,0,107,2026-02-05 22:16:27.244173
WNTR,25.03,24.91,25.03,,1564100.0,2211100.0,7500.0,,5000.0,0,0,0,0,0,0,0,0,0,0,0,0,0,0,0,0,0,0,0,0,0,0,0,0,0,0,0,0,0,0,0,0,0,0,0,0,0,0,0,0,107,2026-02-05 22:16:27.244173
SPNG,23.53,23.95,24.01,9000.0,2307700.0,3000.0,2317300.0,,,,0,0,0,0,0,0,0,0,0,0,0,0,0,0,0,0,0,0,0,0,0,0,0,0,0,0,0,0,0,0,0,0,0,0,0,0,0,0,0,108,2026-02-05 22:16:28.476675
SMMR,25.8,25.9,25.91,3000.0,1696800.0,6000.0,1442300.0,3000.0,1000.0,6000.0,0,0,0,0,0,0,0,0,0,0,0,0,0,0,0,0,0,0,0,0,0,0,0,0,0,0,0,0,0,0,0,0,0,0,0,0,0,0,0,108,2026-02-05 22:16:28.476675
ATMN,27.21,27.21,27.23,3000.0,1933100.0,,1875500.0,,,,0,0,0,0,0,0,0,0,0,0,0,0,0,0,0,0,0,0,0,0,0,0,0,0,0,0,0,0,0,0,0,0,0,0,0,0,0,0,0,108,2026-02-05 22:16:28.476675
WNTR,25.02,25.02,25.03,,1402500.0,,2181400.0,4000.0,9000.0,,0,0,0,0,0,0,0,0,0,0,0,0,0,0,0,0,0,0,0,0,0,0,0,0,0,0,0,0,0,0,0,0,0,0,0,0,0,0,0,108,2026-02-05 22:16:28.476675
SPNG,23.53,23.53,23.57,2424700.0,3000.0,6000.0,2207600.0,,,,0,0,0,0,0,0,0,0,0,0,0,0,0,0,0,0,0,0,0,0,0,0,0,0,0,0,0,0,0,0,0,0,0,0,0,0,0,0,0,109,2026-02-05 22:16:29.601572
SMMR,25.92,25.93,25.94,1650300.0,3000.0,6000.0,1553200.0,3500.0,3000.0,4500.0,0,0,0,0,0,0,0,0,0,0,0,0,0,0,0,0,0,0,0,0,0,0,0,0,0,0,0,0,0,0,0,0,0,0,0,0,0,0,0,109,2026-02-05 22:16:29.601572
ATMN,27.21,27.21,27.23,2021400.0,,,1898200.0,,,,0,0,0,0,0,0,0,0,0,0,0,0,0,0,0,0,0,0,0,0,0,0,0,0,0,0,0,0,0,0,0,0,0,0,0,0,0,0,0,109,2026-02-05 22:16:29.601572
WNTR,24.95,24.95,25.03,1747600.0,,,2057600.0,6000.0,,1500.0,0,0,0,0,0,0,0,0,0,0,0,0,0,0,0,0,0,0,0,0,0,0,0,0,0,0,0,0,0,0,0,0,0,0,0,0,0,0,0,109,2026-02-05 22:16:29.601572
SPNG,24.06,23.53,23.57,2468600.0,3000.0,6000.0,2207600.0,,,,0,0,0,0,0,0,0,0,0,0,0,0,0,0,0,0,0,0,0,0,0,0,0,0,0,0,0,0,0,0,0,0,0,0,0,0,0,0,0,110,2026-02-05 22:16:30.700202
SMMR,25.91,25.93,25.95,1821400.0,3000.0,,1733400.0,2000.0,3000.0,5000.0,0,0,0,0,0,0,0,0,0,0,0,0,0,0,0,0,0,0,0,0,0,0,0,0,0,0,0,0,0,0,0,0,0,0,0,0,0,0,0,110,2026-02-05 22:16:30.700202
ATMN,26.5,26.5,26.58,2035200.0,,,1918000.0,,,,0,0,0,0,0,0,0,0,0,0,0,0,0,0,0,0,0,0,0,0,0,0,0,0,0,0,0,0,0,0,0,0,0,0,0,0,0,0,0,110,2026-02-05 22:16:30.700202
WNTR,24.91,24.94,24.96,1945500.0,,,1940300.0,3000.0,3000.0,,0,0,0,0,0,0,0,0,0,0,0,0,0,0,0,0,0,0,0,0,0,0,0,0,0,0,0,0,0,0,0,0,0,0,0,0,0,0,0,110,2026-02-05 22:16:30.700202
SPNG,23.57,23.77,24.06,2342700.0,3820.0,3000.0,2470400.0,,,,,0,0,0,0,0,0,0,0,0,0,0,0,0,0,0,0,0,0,0,0,0,0,0,0,0,0,0,0,0,0,0,0,0,0,0,0,0,0,111,2026-02-05 22:16:31.281417
SMMR,25.91,25.93,25.95,1554700.0,,6000.0,1309900.0,4000.0,7500.0,5000.0,3000.0,0,0,0,0,0,0,0,0,0,0,0,0,0,0,0,0,0,0,0,0,0,0,0,0,0,0,0,0,0,0,0,0,0,0,0,0,0,0,111,2026-02-05 22:16:31.281417
ATMN,27.25,26.5,27.25,1940700.0,,3000.0,1883300.0,,,,,0,0,0,0,0,0,0,0,0,0,0,0,0,0,0,0,0,0,0,0,0,0,0,0,0,0,0,0,0,0,0,0,0,0,0,0,0,0,111,2026-02-05 22:16:31.281417
WNTR,24.97,24.97,25.06,1965700.0,,3000.0,2064700.0,1000.0,1500.0,,,0,0,0,0,0,0,0,0,0,0,0,0,0,0,0,0,0,0,0,0,0,0,0,0,0,0,0,0,0,0,0,0,0,0,0,0,0,0,111,2026-02-05 22:16:31.281417
SPNG,23.5,23.5,23.99,2569600.0,2435300.0,,,,,0,0,0,0,0,0,0,0,0,0,0,0,0,0,0,0,0,0,0,0,0,0,0,0,0,0,0,0,0,0,0,0,0,0,0,0,0,0,0,0,112,2026-02-05 22:16:32.370008
SMMR,25.93,25.91,25.93,1917300.0,1334200.0,6000.0,3000.0,9000.0,,0,0,0,0,0,0,0,0,0,0,0,0,0,0,0,0,0,0,0,0,0,0,0,0,0,0,0,0,0,0,0,0,0,0,0,0,0,0,0,0,112,2026-02-05 22:16:32.370008
ATMN,27.21,26.5,27.21,2035200.0,1813000.0,,3000.0,,,0,0,0,0,0,0,0,0,0,0,0,0,0,0,0,0,0,0,0,0,0,0,0,0,0,0,0,0,0,0,0,0,0,0,0,0,0,0,0,0,112,2026-02-05 22:16:32.370008
WNTR,24.97,24.97,24.98,1597700.0,1746400.0,6000.0,3000.0,4500.0,4000.0,0,0,0,0,0,0,0,0,0,0,0,0,0,0,0,0,0,0,0,0,0,0,0,0,0,0,0,0,0,0,0,0,0,0,0,0,0,0,0,0,112,2026-02-05 22:16:32.370008
SPNG,23.5,23.5,23.51,2494200.0,3000.0,3820.0,3000.0,2185900.0,,,0,0,0,0,0,0,0,0,0,0,0,0,0,0,0,0,0,0,0,0,0,0,0,0,0,0,0,0,0,0,0,0,0,0,0,0,0,0,0,113,2026-02-05 22:16:33.490783
SMMR,25.9,25.9,25.92,2132600.0,,,3000.0,1238600.0,10500.0,,0,0,0,0,0,0,0,0,0,0,0,0,0,0,0,0,0,0,0,0,0,0,0,0,0,0,0,0,0,0,0,0,0,0,0,0,0,0,0,113,2026-02-05 22:16:33.490783
ATMN,27.21,27.17,27.21,1940700.0,3000.0,,6000.0,1737400.0,,,0,0,0,0,0,0,0,0,0,0,0,0,0,0,0,0,0,0,0,0,0,0,0,0,0,0,0,0,0,0,0,0,0,0,0,0,0,0,0,113,2026-02-05 22:16:33.490783
WNTR,25.07,24.97,25.07,1608700.0,6000.0,,,2135800.0,,4000.0,0,0,0,0,0,0,0,0,0,0,0,0,0,0,0,0,0,0,0,0,0,0,0,0,0,0,0,0,0,0,0,0,0,0,0,0,0,0,0,113,2026-02-05 22:16:33.490783
SPNG,23.57,23.64,23.99,2491200.0,3000.0,2435300.0,,,0,0,0,0,0,0,0,0,0,0,0,0,0,0,0,0,0,0,0,0,0,0,0,0,0,0,0,0,0,0,0,0,0,0,0,0,0,0,0,0,0,114,2026-02-05 22:16:34.573749
SMMR,25.81,25.91,25.92,2135100.0,,804100.0,15000.0,6000.0,0,0,0,0,0,0,0,0,0,0,0,0,0,0,0,0,0,0,0,0,0,0,0,0,0,0,0,0,0,0,0,0,0,0,0,0,0,0,0,0,0,114,2026-02-05 22:16:34.573749
ATMN,27.21,27.17,27.21,1940700.0,3000.0,1748400.0,,6000.0,0,0,0,0,0,0,0,0,0,0,0,0,0,0,0,0,0,0,0,0,0,0,0,0,0,0,0,0,0,0,0,0,0,0,0,0,0,0,0,0,0,114,2026-02-05 22:16:34.573749
WNTR,25.0,25.06,25.07,2199900.0,,1613100.0,6000.0,3000.0,0,0,0,0,0,0,0,0,0,0,0,0,0,0,0,0,0,0,0,0,0,0,0,0,0,0,0,0,0,0,0,0,0,0,0,0,0,0,0,0,0,114,2026-02-05 22:16:34.573749
SPNG,23.64,23.64,24.11,2359600.0,9000.0,2426300.0,,,,0,0,0,0,0,0,0,0,0,0,0,0,0,0,0,0,0,0,0,0,0,0,0,0,0,0,0,0,0,0,0,0,0,0,0,0,0,0,0,0,115,2026-02-05 22:16:35.642863
SMMR,25.95,25.91,25.95,1785400.0,3000.0,1917500.0,3000.0,1500.0,,0,0,0,0,0,0,0,0,0,0,0,0,0,0,0,0,0,0,0,0,0,0,0,0,0,0,0,0,0,0,0,0,0,0,0,0,0,0,0,0,115,2026-02-05 22:16:35.642863
ATMN,27.21,27.17,27.18,1921400.0,3000.0,1763200.0,,,6000.0,0,0,0,0,0,0,0,0,0,0,0,0,0,0,0,0,0,0,0,0,0,0,0,0,0,0,0,0,0,0,0,0,0,0,0,0,0,0,0,0,115,2026-02-05 22:16:35.642863
WNTR,24.97,24.93,24.97,2068200.0,,1296100.0,1500.0,9000.0,12000.0,0,0,0,0,0,0,0,0,0,0,0,0,0,0,0,0,0,0,0,0,0,0,0,0,0,0,0,0,0,0,0,0,0,0,0,0,0,0,0,0,115,2026-02-05 22:16:35.642863
SPNG,24.05,23.64,23.71,2638400.0,2299400.0,3000.0,,,,0,0,0,0,0,0,0,0,0,0,0,0,0,0,0,0,0,0,0,0,0,0,0,0,0,0,0,0,0,0,0,0,0,0,0,0,0,0,0,0,116,2026-02-05 22:16:36.714705
SMMR,25.9,25.9,25.95,1993400.0,1586500.0,3000.0,1500.0,4500.0,,0,0,0,0,0,0,0,0,0,0,0,0,0,0,0,0,0,0,0,0,0,0,0,0,0,0,0,0,0,0,0,0,0,0,0,0,0,0,0,0,116,2026-02-05 22:16:36.714705
ATMN,27.17,26.5,26.81,2045000.0,1780000.0,6000.0,,,,0,0,0,0,0,0,0,0,0,0,0,0,0,0,0,0,0,0,0,0,0,0,0,0,0,0,0,0,0,0,0,0,0,0,0,0,0,0,0,0,116,2026-02-05 22:16:36.714705
WNTR,24.95,24.96,24.97,1975000.0,1335500.0,3000.0,1500.0,10500.0,3000.0,0,0,0,0,0,0,0,0,0,0,0,0,0,0,0,0,0,0,0,0,0,0,0,0,0,0,0,0,0,0,0,0,0,0,0,0,0,0,0,0,116,2026-02-05 22:16:36.714705
SPNG,23.71,23.99,24.05,2634900.0,2180800.0,6000.0,,,,0,0,0,0,0,0,0,0,0,0,0,0,0,0,0,0,0,0,0,0,0,0,0,0,0,0,0,0,0,0,0,0,0,0,0,0,0,0,0,0,117,2026-02-05 22:16:37.272638
SMMR,25.9,25.9,25.92,1779100.0,1313800.0,6000.0,3000.0,3000.0,7500.0,0,0,0,0,0,0,0,0,0,0,0,0,0,0,0,0,0,0,0,0,0,0,0,0,0,0,0,0,0,0,0,0,0,0,0,0,0,0,0,0,117,2026-02-05 22:16:37.272638
ATMN,26.81,26.51,26.81,2038000.0,1780000.0,9000.0,,,,0,0,0,0,0,0,0,0,0,0,0,0,0,0,0,0,0,0,0,0,0,0,0,0,0,0,0,0,0,0,0,0,0,0,0,0,0,0,0,0,117,2026-02-05 22:16:37.272638
WNTR,24.95,24.94,24.95,1950500.0,1214400.0,9000.0,1500.0,3000.0,10500.0,0,0,0,0,0,0,0,0,0,0,0,0,0,0,0,0,0,0,0,0,0,0,0,0,0,0,0,0,0,0,0,0,0,0,0,0,0,0,0,0,117,2026-02-05 22:16:37.272638
SPNG,24.05,23.6,24.05,2619400.0,2461000.0,,,0,0,0,0,0,0,0,0,0,0,0,0,0,0,0,0,0,0,0,0,0,0,0,0,0,0,0,0,0,0,0,0,0,0,0,0,0,0,0,0,0,0,118,2026-02-05 22:16:38.340489
SMMR,25.9,25.9,25.95,1779100.0,1404400.0,4500.0,9000.0,0,0,0,0,0,0,0,0,0,0,0,0,0,0,0,0,0,0,0,0,0,0,0,0,0,0,0,0,0,0,0,0,0,0,0,0,0,0,0,0,0,0,118,2026-02-05 22:16:38.340489
ATMN,26.51,26.73,26.81,2100600.0,1969500.0,,,0,0,0,0,0,0,0,0,0,0,0,0,0,0,0,0,0,0,0,0,0,0,0,0,0,0,0,0,0,0,0,0,0,0,0,0,0,0,0,0,0,0,118,2026-02-05 22:16:38.340489
WNTR,24.88,24.88,24.97,2215300.0,1448800.0,,10500.0,0,0,0,0,0,0,0,0,0,0,0,0,0,0,0,0,0,0,0,0,0,0,0,0,0,0,0,0,0,0,0,0,0,0,0,0,0,0,0,0,0,0,118,2026-02-05 22:16:38.340489
SPNG,24.12,23.79,24.12,2601700.0,2412800.0,,,0,0,0,0,0,0,0,0,0,0,0,0,0,0,0,0,0,0,0,0,0,0,0,0,0,0,0,0,0,0,0,0,0,0,0,0,0,0,0,0,0,0,119,2026-02-05 22:16:39.463547
SMMR,25.95,25.9,25.95,1606300.0,1761000.0,7500.0,3000.0,0,0,0,0,0,0,0,0,0,0,0,0,0,0,0,0,0,0,0,0,0,0,0,0,0,0,0,0,0,0,0,0,0,0,0,0,0,0,0,0,0,0,119,2026-02-05 22:16:39.463547
ATMN,26.73,26.73,27.27,2110200.0,1932700.0,,,0,0,0,0,0,0,0,0,0,0,0,0,0,0,0,0,0,0,0,0,0,0,0,0,0,0,0,0,0,0,0,0,0,0,0,0,0,0,0,0,0,0,119,2026-02-05 22:16:39.463547
WNTR,24.97,24.86,24.97,2246900.0,1654500.0,,7500.0,0,0,0,0,0,0,0,0,0,0,0,0,0,0,0,0,0,0,0,0,0,0,0,0,0,0,0,0,0,0,0,0,0,0,0,0,0,0,0,0,0,0,119,2026-02-05 22:16:39.463547
SPNG,24.12,24.11,25.84,1243500.0,825100.0,,0,0,0,0,0,0,0,0,0,0,0,0,0,0,0,0,0,0,0,0,0,0,0,0,0,0,0,0,0,0,0,0,0,0,0,0,0,0,0,0,0,0,0,120,2026-02-05 22:16:40.535873
SMMR,25.87,23.97,24.82,943800.0,788700.0,,0,0,0,0,0,0,0,0,0,0,0,0,0,0,0,0,0,0,0,0,0,0,0,0,0,0,0,0,0,0,0,0,0,0,0,0,0,0,0,0,0,0,0,120,2026-02-05 22:16:40.535873
ATMN,27.13,27.39,0.0,200000.0,,,0,0,0,0,0,0,0,0,0,0,0,0,0,0,0,0,0,0,0,0,0,0,0,0,0,0,0,0,0,0,0,0,0,0,0,0,0,0,0,0,0,0,0,120,2026-02-05 22:16:40.535873
WNTR,26.2,26.27,26.41,906000.0,805200.0,3000.0,0,0,0,0,0,0,0,0,0,0,0,0,0,0,0,0,0,0,0,0,0,0,0,0,0,0,0,0,0,0,0,0,0,0,0,0,0,0,0,0,0,0,0,120,2026-02-05 22:16:40.535873
SPNG,24.11,24.11,24.56,1288400.0,1074400.0,,,0,0,0,0,0,0,0,0,0,0,0,0,0,0,0,0,0,0,0,0,0,0,0,0,0,0,0,0,0,0,0,0,0,0,0,0,0,0,0,0,0,0,121,2026-02-05 22:16:41.618116
SMMR,23.97,23.97,24.16,943800.0,1008100.0,6000.0,6000.0,0,0,0,0,0,0,0,0,0,0,0,0,0,0,0,0,0,0,0,0,0,0,0,0,0,0,0,0,0,0,0,0,0,0,0,0,0,0,0,0,0,0,121,2026-02-05 22:16:41.618116
ATMN,26.8,26.8,27.05,891700.0,829500.0,,,0,0,0,0,0,0,0,0,0,0,0,0,0,0,0,0,0,0,0,0,0,0,0,0,0,0,0,0,0,0,0,0,0,0,0,0,0,0,0,0,0,0,121,2026-02-05 22:16:41.618116
WNTR,26.2,26.2,26.39,896500.0,914900.0,1500.0,5500.0,0,0,0,0,0,0,0,0,0,0,0,0,0,0,0,0,0,0,0,0,0,0,0,0,0,0,0,0,0,0,0,0,0,0,0,0,0,0,0,0,0,0,121,2026-02-05 22:16:41.618116
SPNG,24.12,23.59,24.12,1321700.0,1204200.0,,,0,0,0,0,0,0,0,0,0,0,0,0,0,0,0,0,0,0,0,0,0,0,0,0,0,0,0,0,0,0,0,0,0,0,0,0,0,0,0,0,0,0,122,2026-02-05 22:16:42.757148
SMMR,23.97,23.75,23.88,915700.0,1381000.0,1500.0,10500.0,0,0,0,0,0,0,0,0,0,0,0,0,0,0,0,0,0,0,0,0,0,0,0,0,0,0,0,0,0,0,0,0,0,0,0,0,0,0,0,0,0,0,122,2026-02-05 22:16:42.757148
ATMN,27.05,27.11,28.1,1105400.0,806400.0,,,0,0,0,0,0,0,0,0,0,0,0,0,0,0,0,0,0,0,0,0,0,0,0,0,0,0,0,0,0,0,0,0,0,0,0,0,0,0,0,0,0,0,122,2026-02-05 22:16:42.757148
WNTR,26.39,26.19,26.39,903900.0,914900.0,1500.0,7000.0,0,0,0,0,0,0,0,0,0,0,0,0,0,0,0,0,0,0,0,0,0,0,0,0,0,0,0,0,0,0,0,0,0,0,0,0,0,0,0,0,0,0,122,2026-02-05 22:16:42.757148
SPNG,24.56,23.59,24.56,1321700.0,1074400.0,,,0,0,0,0,0,0,0,0,0,0,0,0,0,0,0,0,0,0,0,0,0,0,0,0,0,0,0,0,0,0,0,0,0,0,0,0,0,0,0,0,0,0,123,2026-02-05 22:16:43.366737
SMMR,24.0,23.75,24.0,915700.0,1474600.0,3000.0,9000.0,0,0,0,0,0,0,0,0,0,0,0,0,0,0,0,0,0,0,0,0,0,0,0,0,0,0,0,0,0,0,0,0,0,0,0,0,0,0,0,0,0,0,123,2026-02-05 22:16:43.366737
ATMN,27.05,27.11,27.48,1228200.0,897100.0,,,0,0,0,0,0,0,0,0,0,0,0,0,0,0,0,0,0,0,0,0,0,0,0,0,0,0,0,0,0,0,0,0,0,0,0,0,0,0,0,0,0,0,123,2026-02-05 22:16:43.366737
WNTR,26.14,26.14,26.39,895300.0,914900.0,1500.0,10000.0,0,0,0,0,0,0,0,0,0,0,0,0,0,0,0,0,0,0,0,0,0,0,0,0,0,0,0,0,0,0,0,0,0,0,0,0,0,0,0,0,0,0,123,2026-02-05 22:16:43.366737
SPNG,23.81,23.59,23.81,1457300.0,1082300.0,,,,,0,0,0,0,0,0,0,0,0,0,0,0,0,0,0,0,0,0,0,0,0,0,0,0,0,0,0,0,0,0,0,0,0,0,0,0,0,0,0,0,124,2026-02-05 22:16:44.425291
SMMR,24.0,23.79,23.92,1035900.0,1302700.0,4000.0,4500.0,11500.0,,0,0,0,0,0,0,0,0,0,0,0,0,0,0,0,0,0,0,0,0,0,0,0,0,0,0,0,0,0,0,0,0,0,0,0,0,0,0,0,0,124,2026-02-05 22:16:44.425291
ATMN,27.22,27.22,28.1,1323900.0,806400.0,,,,,0,0,0,0,0,0,0,0,0,0,0,0,0,0,0,0,0,0,0,0,0,0,0,0,0,0,0,0,0,0,0,0,0,0,0,0,0,0,0,0,124,2026-02-05 22:16:44.425291
WNTR,26.2,26.2,26.24,895300.0,909600.0,4000.0,3000.0,4500.0,4000.0,0,0,0,0,0,0,0,0,0,0,0,0,0,0,0,0,0,0,0,0,0,0,0,0,0,0,0,0,0,0,0,0,0,0,0,0,0,0,0,0,124,2026-02-05 22:16:44.425291
SPNG,23.54,24.09,24.48,4000.0,1337800.0,4000.0,1078600.0,,,,,0,0,0,0,0,0,0,0,0,0,0,0,0,0,0,0,0,0,0,0,0,0,0,0,0,0,0,0,0,0,0,0,0,0,0,0,0,0,125,2026-02-05 22:16:45.523422
SMMR,23.77,23.75,23.77,,935900.0,4000.0,1521700.0,4500.0,5500.0,3000.0,,0,0,0,0,0,0,0,0,0,0,0,0,0,0,0,0,0,0,0,0,0,0,0,0,0,0,0,0,0,0,0,0,0,0,0,0,0,0,125,2026-02-05 22:16:45.523422
ATMN,26.8,26.98,27.87,,1221800.0,4000.0,898200.0,,,,,0,0,0,0,0,0,0,0,0,0,0,0,0,0,0,0,0,0,0,0,0,0,0,0,0,0,0,0,0,0,0,0,0,0,0,0,0,0,125,2026-02-05 22:16:45.523422
WNTR,26.22,26.22,26.24,4000.0,995400.0,4000.0,1115400.0,3000.0,4500.0,,3000.0,0,0,0,0,0,0,0,0,0,0,0,0,0,0,0,0,0,0,0,0,0,0,0,0,0,0,0,0,0,0,0,0,0,0,0,0,0,0,125,2026-02-05 22:16:45.523422
SPNG,23.69,23.69,23.93,1452300.0,6000.0,1329000.0,4000.0,,,,0,0,0,0,0,0,0,0,0,0,0,0,0,0,0,0,0,0,0,0,0,0,0,0,0,0,0,0,0,0,0,0,0,0,0,0,0,0,0,126,2026-02-05 22:16:46.600578
SMMR,23.82,23.82,23.85,1180300.0,3000.0,1526400.0,,1500.0,3000.0,7000.0,0,0,0,0,0,0,0,0,0,0,0,0,0,0,0,0,0,0,0,0,0,0,0,0,0,0,0,0,0,0,0,0,0,0,0,0,0,0,0,126,2026-02-05 22:16:46.600578
ATMN,26.98,27.38,27.49,1308900.0,,1078200.0,,,,,0,0,0,0,0,0,0,0,0,0,0,0,0,0,0,0,0,0,0,0,0,0,0,0,0,0,0,0,0,0,0,0,0,0,0,0,0,0,0,126,2026-02-05 22:16:46.600578
WNTR,26.2,26.14,26.2,987300.0,,1215400.0,3910.0,5000.0,,10500.0,0,0,0,0,0,0,0,0,0,0,0,0,0,0,0,0,0,0,0,0,0,0,0,0,0,0,0,0,0,0,0,0,0,0,0,0,0,0,0,126,2026-02-05 22:16:46.600578
SPNG,23.93,23.86,23.87,9000.0,1712800.0,4000.0,1329000.0,3000.0,,,0,0,0,0,0,0,0,0,0,0,0,0,0,0,0,0,0,0,0,0,0,0,0,0,0,0,0,0,0,0,0,0,0,0,0,0,0,0,0,127,2026-02-05 22:16:47.686188
SMMR,23.82,23.83,23.85,3000.0,1298000.0,,1787700.0,3000.0,3000.0,4000.0,0,0,0,0,0,0,0,0,0,0,0,0,0,0,0,0,0,0,0,0,0,0,0,0,0,0,0,0,0,0,0,0,0,0,0,0,0,0,0,127,2026-02-05 22:16:47.686188
ATMN,27.49,27.7,27.75,,1400600.0,,998200.0,,,,0,0,0,0,0,0,0,0,0,0,0,0,0,0,0,0,0,0,0,0,0,0,0,0,0,0,0,0,0,0,0,0,0,0,0,0,0,0,0,127,2026-02-05 22:16:47.686188
WNTR,26.2,26.14,26.2,,1203200.0,4910.0,1319700.0,,5000.0,9000.0,0,0,0,0,0,0,0,0,0,0,0,0,0,0,0,0,0,0,0,0,0,0,0,0,0,0,0,0,0,0,0,0,0,0,0,0,0,0,0,127,2026-02-05 22:16:47.686188
SPNG,24.0,24.07,24.61,1979700.0,9000.0,1213600.0,,,,,,0,0,0,0,0,0,0,0,0,0,0,0,0,0,0,0,0,0,0,0,0,0,0,0,0,0,0,0,0,0,0,0,0,0,0,0,0,0,128,2026-02-05 22:16:48.414338
SMMR,23.82,23.83,23.85,1298000.0,3000.0,1729400.0,910.0,3000.0,3000.0,910.0,6000.0,0,0,0,0,0,0,0,0,0,0,0,0,0,0,0,0,0,0,0,0,0,0,0,0,0,0,0,0,0,0,0,0,0,0,0,0,0,0,128,2026-02-05 22:16:48.414338
ATMN,27.33,26.98,27.04,1318300.0,9000.0,1106000.0,,,,,,0,0,0,0,0,0,0,0,0,0,0,0,0,0,0,0,0,0,0,0,0,0,0,0,0,0,0,0,0,0,0,0,0,0,0,0,0,0,128,2026-02-05 22:16:48.414338
WNTR,26.14,26.14,26.2,1184100.0,,1331000.0,,,6000.0,4910.0,6000.0,0,0,0,0,0,0,0,0,0,0,0,0,0,0,0,0,0,0,0,0,0,0,0,0,0,0,0,0,0,0,0,0,0,0,0,0,0,0,128,2026-02-05 22:16:48.414338
SPNG,24.07,24.2,24.47,4000.0,1979700.0,12000.0,1590800.0,,,,,0,0,0,0,0,0,0,0,0,0,0,0,0,0,0,0,0,0,0,0,0,0,0,0,0,0,0,0,0,0,0,0,0,0,0,0,0,0,129,2026-02-05 22:16:49.501879
SMMR,23.67,23.67,23.85,,1166700.0,,1910000.0,910.0,6000.0,,,0,0,0,0,0,0,0,0,0,0,0,0,0,0,0,0,0,0,0,0,0,0,0,0,0,0,0,0,0,0,0,0,0,0,0,0,0,0,129,2026-02-05 22:16:49.501879
ATMN,27.48,27.48,27.57,,1413500.0,12000.0,1178800.0,4000.0,,,,0,0,0,0,0,0,0,0,0,0,0,0,0,0,0,0,0,0,0,0,0,0,0,0,0,0,0,0,0,0,0,0,0,0,0,0,0,0,129,2026-02-05 22:16:49.501879
WNTR,26.23,25.98,26.23,,1121200.0,,1588800.0,,,1500.0,1500.0,0,0,0,0,0,0,0,0,0,0,0,0,0,0,0,0,0,0,0,0,0,0,0,0,0,0,0,0,0,0,0,0,0,0,0,0,0,0,129,2026-02-05 22:16:49.501879
SPNG,23.69,24.07,24.13,2122100.0,3000.0,1590800.0,4000.0,,,,,0,0,0,0,0,0,0,0,0,0,0,0,0,0,0,0,0,0,0,0,0,0,0,0,0,0,0,0,0,0,0,0,0,0,0,0,0,0,130,2026-02-05 22:16:50.565538
SMMR,23.63,23.63,23.74,1162100.0,9000.0,1290400.0,910.0,3000.0,9000.0,,,0,0,0,0,0,0,0,0,0,0,0,0,0,0,0,0,0,0,0,0,0,0,0,0,0,0,0,0,0,0,0,0,0,0,0,0,0,0,130,2026-02-05 22:16:50.565538
ATMN,27.04,26.98,27.04,1436900.0,3000.0,1299000.0,4000.0,,,,,0,0,0,0,0,0,0,0,0,0,0,0,0,0,0,0,0,0,0,0,0,0,0,0,0,0,0,0,0,0,0,0,0,0,0,0,0,0,130,2026-02-05 22:16:50.565538
WNTR,26.24,26.04,26.24,1240600.0,3000.0,1498900.0,,,,4000.0,6000.0,0,0,0,0,0,0,0,0,0,0,0,0,0,0,0,0,0,0,0,0,0,0,0,0,0,0,0,0,0,0,0,0,0,0,0,0,0,0,130,2026-02-05 22:16:50.565538
SPNG,24.07,24.07,24.37,2122100.0,6000.0,4000.0,1700100.0,,,0,0,0,0,0,0,0,0,0,0,0,0,0,0,0,0,0,0,0,0,0,0,0,0,0,0,0,0,0,0,0,0,0,0,0,0,0,0,0,0,131,2026-02-05 22:16:51.651152
SMMR,23.85,23.63,23.67,1162100.0,3000.0,,1910000.0,4500.0,,0,0,0,0,0,0,0,0,0,0,0,0,0,0,0,0,0,0,0,0,0,0,0,0,0,0,0,0,0,0,0,0,0,0,0,0,0,0,0,0,131,2026-02-05 22:16:51.651152
ATMN,27.57,27.0,27.57,1768400.0,6000.0,4000.0,1178800.0,,,0,0,0,0,0,0,0,0,0,0,0,0,0,0,0,0,0,0,0,0,0,0,0,0,0,0,0,0,0,0,0,0,0,0,0,0,0,0,0,0,131,2026-02-05 22:16:51.651152
WNTR,26.31,26.33,26.36,1434800.0,3000.0,,1303800.0,,9000.0,0,0,0,0,0,0,0,0,0,0,0,0,0,0,0,0,0,0,0,0,0,0,0,0,0,0,0,0,0,0,0,0,0,0,0,0,0,0,0,0,131,2026-02-05 22:16:51.651152
SPNG,24.07,24.07,24.13,2346300.0,9000.0,3000.0,4000.0,1906200.0,,,,0,0,0,0,0,0,0,0,0,0,0,0,0,0,0,0,0,0,0,0,0,0,0,0,0,0,0,0,0,0,0,0,0,0,0,0,0,0,132,2026-02-05 22:16:52.694384
SMMR,23.78,23.79,23.82,1162100.0,6000.0,3000.0,,1860000.0,6000.0,4000.0,4500.0,0,0,0,0,0,0,0,0,0,0,0,0,0,0,0,0,0,0,0,0,0,0,0,0,0,0,0,0,0,0,0,0,0,0,0,0,0,0,132,2026-02-05 22:16:52.694384
ATMN,27.57,27.51,27.57,1871100.0,9000.0,3000.0,4000.0,1356800.0,,,,0,0,0,0,0,0,0,0,0,0,0,0,0,0,0,0,0,0,0,0,0,0,0,0,0,0,0,0,0,0,0,0,0,0,0,0,0,0,132,2026-02-05 22:16:52.694384
WNTR,26.08,26.2,26.33,1436700.0,,3000.0,,1417700.0,4000.0,,1500.0,0,0,0,0,0,0,0,0,0,0,0,0,0,0,0,0,0,0,0,0,0,0,0,0,0,0,0,0,0,0,0,0,0,0,0,0,0,0,132,2026-02-05 22:16:52.694384
SPNG,23.54,23.2,23.53,1987300.0,2039600.0,3000.0,4000.0,,,,0,0,0,0,0,0,0,0,0,0,0,0,0,0,0,0,0,0,0,0,0,0,0,0,0,0,0,0,0,0,0,0,0,0,0,0,0,0,0,133,2026-02-05 22:16:53.744259
SMMR,23.82,23.79,23.82,1056400.0,1866500.0,,,4500.0,5000.0,,0,0,0,0,0,0,0,0,0,0,0,0,0,0,0,0,0,0,0,0,0,0,0,0,0,0,0,0,0,0,0,0,0,0,0,0,0,0,0,133,2026-02-05 22:16:53.744259
ATMN,27.57,27.53,27.55,1871100.0,1752700.0,,4000.0,,,4000.0,0,0,0,0,0,0,0,0,0,0,0,0,0,0,0,0,0,0,0,0,0,0,0,0,0,0,0,0,0,0,0,0,0,0,0,0,0,0,0,133,2026-02-05 22:16:53.744259
WNTR,26.2,26.06,26.1,1544400.0,1651800.0,,,2000.0,4500.0,,0,0,0,0,0,0,0,0,0,0,0,0,0,0,0,0,0,0,0,0,0,0,0,0,0,0,0,0,0,0,0,0,0,0,0,0,0,0,0,133,2026-02-05 22:16:53.744259
SPNG,23.76,23.87,24.07,2353900.0,3000.0,4000.0,1906200.0,,,,,0,0,0,0,0,0,0,0,0,0,0,0,0,0,0,0,0,0,0,0,0,0,0,0,0,0,0,0,0,0,0,0,0,0,0,0,0,0,134,2026-02-05 22:16:54.794671
SMMR,23.82,23.79,23.81,1056400.0,3000.0,,1538700.0,5000.0,6500.0,6000.0,,0,0,0,0,0,0,0,0,0,0,0,0,0,0,0,0,0,0,0,0,0,0,0,0,0,0,0,0,0,0,0,0,0,0,0,0,0,0,134,2026-02-05 22:16:54.794671
ATMN,27.0,27.45,27.55,1881200.0,,4000.0,1765600.0,,,,,0,0,0,0,0,0,0,0,0,0,0,0,0,0,0,0,0,0,0,0,0,0,0,0,0,0,0,0,0,0,0,0,0,0,0,0,0,0,134,2026-02-05 22:16:54.794671
WNTR,26.26,26.27,26.33,1425000.0,,,1626900.0,500.0,4500.0,,910.0,0,0,0,0,0,0,0,0,0,0,0,0,0,0,0,0,0,0,0,0,0,0,0,0,0,0,0,0,0,0,0,0,0,0,0,0,0,0,134,2026-02-05 22:16:54.794671
SPNG,24.47,23.87,24.47,2467600.0,6000.0,2011000.0,,,0,0,0,0,0,0,0,0,0,0,0,0,0,0,0,0,0,0,0,0,0,0,0,0,0,0,0,0,0,0,0,0,0,0,0,0,0,0,0,0,0,135,2026-02-05 22:16:55.840186
SMMR,23.79,23.65,23.76,1152100.0,,1389300.0,9000.0,6000.0,0,0,0,0,0,0,0,0,0,0,0,0,0,0,0,0,0,0,0,0,0,0,0,0,0,0,0,0,0,0,0,0,0,0,0,0,0,0,0,0,0,135,2026-02-05 22:16:55.840186
ATMN,27.45,27.0,27.25,1858900.0,3000.0,1849800.0,,,0,0,0,0,0,0,0,0,0,0,0,0,0,0,0,0,0,0,0,0,0,0,0,0,0,0,0,0,0,0,0,0,0,0,0,0,0,0,0,0,0,135,2026-02-05 22:16:55.840186
WNTR,26.24,25.98,26.21,1302800.0,,1591700.0,6000.0,3000.0,0,0,0,0,0,0,0,0,0,0,0,0,0,0,0,0,0,0,0,0,0,0,0,0,0,0,0,0,0,0,0,0,0,0,0,0,0,0,0,0,0,135,2026-02-05 22:16:55.840186
SPNG,24.41,23.87,24.0,2467600.0,2146600.0,3000.0,,,,0,0,0,0,0,0,0,0,0,0,0,0,0,0,0,0,0,0,0,0,0,0,0,0,0,0,0,0,0,0,0,0,0,0,0,0,0,0,0,0,136,2026-02-05 22:16:56.379544
SMMR,23.76,23.65,23.76,1152100.0,1417800.0,9000.0,9000.0,,,0,0,0,0,0,0,0,0,0,0,0,0,0,0,0,0,0,0,0,0,0,0,0,0,0,0,0,0,0,0,0,0,0,0,0,0,0,0,0,0,136,2026-02-05 22:16:56.379544
ATMN,27.25,27.23,27.25,2034700.0,1760600.0,3000.0,,,,0,0,0,0,0,0,0,0,0,0,0,0,0,0,0,0,0,0,0,0,0,0,0,0,0,0,0,0,0,0,0,0,0,0,0,0,0,0,0,0,136,2026-02-05 22:16:56.379544
WNTR,26.24,25.98,26.0,1486900.0,1474600.0,3000.0,6000.0,8600.0,910.0,0,0,0,0,0,0,0,0,0,0,0,0,0,0,0,0,0,0,0,0,0,0,0,0,0,0,0,0,0,0,0,0,0,0,0,0,0,0,0,0,136,2026-02-05 22:16:56.379544
SPNG,23.87,23.76,23.87,2344200.0,2155800.0,,,,,0,0,0,0,0,0,0,0,0,0,0,0,0,0,0,0,0,0,0,0,0,0,0,0,0,0,0,0,0,0,0,0,0,0,0,0,0,0,0,0,137,2026-02-05 22:16:57.428218
SMMR,23.77,23.74,23.77,1152100.0,1424100.0,3000.0,12000.0,9000.0,,0,0,0,0,0,0,0,0,0,0,0,0,0,0,0,0,0,0,0,0,0,0,0,0,0,0,0,0,0,0,0,0,0,0,0,0,0,0,0,0,137,2026-02-05 22:16:57.428218
ATMN,27.0,27.0,27.06,2075100.0,1660600.0,3000.0,6000.0,,,0,0,0,0,0,0,0,0,0,0,0,0,0,0,0,0,0,0,0,0,0,0,0,0,0,0,0,0,0,0,0,0,0,0,0,0,0,0,0,0,137,2026-02-05 22:16:57.428218
WNTR,26.09,26.19,26.21,1693200.0,1591700.0,3000.0,3000.0,6000.0,4000.0,0,0,0,0,0,0,0,0,0,0,0,0,0,0,0,0,0,0,0,0,0,0,0,0,0,0,0,0,0,0,0,0,0,0,0,0,0,0,0,0,137,2026-02-05 22:16:57.428218
SPNG,24.61,24.55,24.61,3000.0,2344200.0,2098900.0,3000.0,,,,0,0,0,0,0,0,0,0,0,0,0,0,0,0,0,0,0,0,0,0,0,0,0,0,0,0,0,0,0,0,0,0,0,0,0,0,0,0,0,138,2026-02-05 22:16:58.496104
SMMR,23.77,23.75,23.77,3000.0,1152100.0,1423000.0,12000.0,5000.0,9000.0,,0,0,0,0,0,0,0,0,0,0,0,0,0,0,0,0,0,0,0,0,0,0,0,0,0,0,0,0,0,0,0,0,0,0,0,0,0,0,0,138,2026-02-05 22:16:58.496104
ATMN,27.12,27.02,27.04,,2074400.0,1658400.0,3000.0,4000.0,,4000.0,0,0,0,0,0,0,0,0,0,0,0,0,0,0,0,0,0,0,0,0,0,0,0,0,0,0,0,0,0,0,0,0,0,0,0,0,0,0,0,138,2026-02-05 22:16:58.496104
WNTR,26.29,26.09,26.29,,1816100.0,1649200.0,,4000.0,6000.0,,0,0,0,0,0,0,0,0,0,0,0,0,0,0,0,0,0,0,0,0,0,0,0,0,0,0,0,0,0,0,0,0,0,0,0,0,0,0,0,138,2026-02-05 22:16:58.496104
SPNG,24.61,24.55,24.61,3000.0,2344200.0,2209400.0,3000.0,,,,0,0,0,0,0,0,0,0,0,0,0,0,0,0,0,0,0,0,0,0,0,0,0,0,0,0,0,0,0,0,0,0,0,0,0,0,0,0,0,139,2026-02-05 22:16:59.559403
SMMR,23.66,23.64,23.66,,1277100.0,1413700.0,3000.0,500.0,10500.0,,0,0,0,0,0,0,0,0,0,0,0,0,0,0,0,0,0,0,0,0,0,0,0,0,0,0,0,0,0,0,0,0,0,0,0,0,0,0,0,139,2026-02-05 22:16:59.559403
ATMN,26.93,27.09,27.17,3000.0,1920000.0,1676400.0,6000.0,,,4000.0,0,0,0,0,0,0,0,0,0,0,0,0,0,0,0,0,0,0,0,0,0,0,0,0,0,0,0,0,0,0,0,0,0,0,0,0,0,0,0,139,2026-02-05 22:16:59.559403
WNTR,26.33,26.33,26.36,3000.0,1795500.0,1526300.0,,1500.0,3000.0,4000.0,0,0,0,0,0,0,0,0,0,0,0,0,0,0,0,0,0,0,0,0,0,0,0,0,0,0,0,0,0,0,0,0,0,0,0,0,0,0,0,139,2026-02-05 22:16:59.559403
SPNG,24.45,23.76,24.13,2344200.0,2125000.0,6000.0,,,,,0,0,0,0,0,0,0,0,0,0,0,0,0,0,0,0,0,0,0,0,0,0,0,0,0,0,0,0,0,0,0,0,0,0,0,0,0,0,0,140,2026-02-05 22:17:00.609413
SMMR,23.66,23.65,23.66,1505200.0,1265300.0,12000.0,3000.0,500.0,10500.0,,0,0,0,0,0,0,0,0,0,0,0,0,0,0,0,0,0,0,0,0,0,0,0,0,0,0,0,0,0,0,0,0,0,0,0,0,0,0,0,140,2026-02-05 22:17:00.609413
ATMN,27.05,27.17,27.57,1999600.0,1840600.0,,3000.0,,,,0,0,0,0,0,0,0,0,0,0,0,0,0,0,0,0,0,0,0,0,0,0,0,0,0,0,0,0,0,0,0,0,0,0,0,0,0,0,0,140,2026-02-05 22:17:00.609413
WNTR,26.33,26.33,26.35,1471500.0,1622200.0,3000.0,6000.0,4500.0,4500.0,4910.0,0,0,0,0,0,0,0,0,0,0,0,0,0,0,0,0,0,0,0,0,0,0,0,0,0,0,0,0,0,0,0,0,0,0,0,0,0,0,0,140,2026-02-05 22:17:00.609413
SPNG,24.1,24.1,24.13,2453100.0,3000.0,4000.0,2329800.0,,,,0,0,0,0,0,0,0,0,0,0,0,0,0,0,0,0,0,0,0,0,0,0,0,0,0,0,0,0,0,0,0,0,0,0,0,0,0,0,0,141,2026-02-05 22:17:01.657755
SMMR,23.65,23.65,23.66,1516400.0,3000.0,,1661300.0,2000.0,6000.0,12000.0,0,0,0,0,0,0,0,0,0,0,0,0,0,0,0,0,0,0,0,0,0,0,0,0,0,0,0,0,0,0,0,0,0,0,0,0,0,0,0,141,2026-02-05 22:17:01.657755
ATMN,27.56,27.59,27.64,1788400.0,6000.0,4000.0,1747300.0,,,3000.0,0,0,0,0,0,0,0,0,0,0,0,0,0,0,0,0,0,0,0,0,0,0,0,0,0,0,0,0,0,0,0,0,0,0,0,0,0,0,0,141,2026-02-05 22:17:01.657755
WNTR,26.34,26.22,26.32,1782400.0,,4000.0,1532200.0,2000.0,6000.0,3000.0,0,0,0,0,0,0,0,0,0,0,0,0,0,0,0,0,0,0,0,0,0,0,0,0,0,0,0,0,0,0,0,0,0,0,0,0,0,0,0,141,2026-02-05 22:17:01.657755
SPNG,23.76,23.76,23.99,2344200.0,2272400.0,3000.0,,,,,,0,0,0,0,0,0,0,0,0,0,0,0,0,0,0,0,0,0,0,0,0,0,0,0,0,0,0,0,0,0,0,0,0,0,0,0,0,0,142,2026-02-05 22:17:02.705707
SMMR,23.63,23.64,23.66,1376200.0,1284900.0,3000.0,500.0,3000.0,10500.0,4910.0,,0,0,0,0,0,0,0,0,0,0,0,0,0,0,0,0,0,0,0,0,0,0,0,0,0,0,0,0,0,0,0,0,0,0,0,0,0,0,142,2026-02-05 22:17:02.705707
ATMN,27.56,27.6,27.61,1788400.0,1722700.0,3000.0,,6000.0,,4000.0,4000.0,0,0,0,0,0,0,0,0,0,0,0,0,0,0,0,0,0,0,0,0,0,0,0,0,0,0,0,0,0,0,0,0,0,0,0,0,0,0,142,2026-02-05 22:17:02.705707
WNTR,26.11,26.09,26.11,1917500.0,1149700.0,6000.0,,,10500.0,,,0,0,0,0,0,0,0,0,0,0,0,0,0,0,0,0,0,0,0,0,0,0,0,0,0,0,0,0,0,0,0,0,0,0,0,0,0,0,142,2026-02-05 22:17:02.705707
SPNG,23.99,23.76,23.99,2560800.0,3000.0,2385400.0,,,,,,0,0,0,0,0,0,0,0,0,0,0,0,0,0,0,0,0,0,0,0,0,0,0,0,0,0,0,0,0,0,0,0,0,0,0,0,0,0,143,2026-02-05 22:17:03.748335
SMMR,23.69,23.64,23.65,1606300.0,3000.0,1900900.0,5000.0,9000.0,3000.0,,,0,0,0,0,0,0,0,0,0,0,0,0,0,0,0,0,0,0,0,0,0,0,0,0,0,0,0,0,0,0,0,0,0,0,0,0,0,0,143,2026-02-05 22:17:03.748335
ATMN,27.45,27.17,27.45,2105200.0,,1730400.0,,3000.0,,4000.0,,0,0,0,0,0,0,0,0,0,0,0,0,0,0,0,0,0,0,0,0,0,0,0,0,0,0,0,0,0,0,0,0,0,0,0,0,0,0,143,2026-02-05 22:17:03.748335
WNTR,26.11,26.09,26.11,1844600.0,3000.0,834400.0,,9000.0,13500.0,4000.0,910.0,0,0,0,0,0,0,0,0,0,0,0,0,0,0,0,0,0,0,0,0,0,0,0,0,0,0,0,0,0,0,0,0,0,0,0,0,0,0,143,2026-02-05 22:17:03.748335
SPNG,24.15,24.09,24.15,6000.0,2396100.0,2292600.0,3000.0,,,,0,0,0,0,0,0,0,0,0,0,0,0,0,0,0,0,0,0,0,0,0,0,0,0,0,0,0,0,0,0,0,0,0,0,0,0,0,0,0,144,2026-02-05 22:17:04.810470
SMMR,23.67,23.67,23.71,9000.0,1372700.0,2347700.0,,8000.0,,,0,0,0,0,0,0,0,0,0,0,0,0,0,0,0,0,0,0,0,0,0,0,0,0,0,0,0,0,0,0,0,0,0,0,0,0,0,0,0,144,2026-02-05 22:17:04.810470
ATMN,27.38,27.4,27.5,,1970700.0,1731600.0,12000.0,,910.0,,0,0,0,0,0,0,0,0,0,0,0,0,0,0,0,0,0,0,0,0,0,0,0,0,0,0,0,0,0,0,0,0,0,0,0,0,0,0,0,144,2026-02-05 22:17:04.810470
WNTR,26.23,26.25,26.32,3000.0,1562400.0,1635300.0,,4500.0,4000.0,6000.0,0,0,0,0,0,0,0,0,0,0,0,0,0,0,0,0,0,0,0,0,0,0,0,0,0,0,0,0,0,0,0,0,0,0,0,0,0,0,0,144,2026-02-05 22:17:04.810470
SPNG,24.15,24.09,24.15,6000.0,2320900.0,2292200.0,3000.0,,,,,0,0,0,0,0,0,0,0,0,0,0,0,0,0,0,0,0,0,0,0,0,0,0,0,0,0,0,0,0,0,0,0,0,0,0,0,0,0,145,2026-02-05 22:17:05.922662
SMMR,23.72,23.7,23.72,12000.0,1152700.0,2252800.0,3000.0,10500.0,4910.0,,,0,0,0,0,0,0,0,0,0,0,0,0,0,0,0,0,0,0,0,0,0,0,0,0,0,0,0,0,0,0,0,0,0,0,0,0,0,0,145,2026-02-05 22:17:05.922662
ATMN,27.56,27.5,27.56,,2087800.0,1838600.0,3000.0,,,,,0,0,0,0,0,0,0,0,0,0,0,0,0,0,0,0,0,0,0,0,0,0,0,0,0,0,0,0,0,0,0,0,0,0,0,0,0,0,145,2026-02-05 22:17:05.922662
WNTR,26.25,26.23,26.25,3000.0,1451500.0,1418300.0,3000.0,7500.0,,4000.0,6000.0,0,0,0,0,0,0,0,0,0,0,0,0,0,0,0,0,0,0,0,0,0,0,0,0,0,0,0,0,0,0,0,0,0,0,0,0,0,0,145,2026-02-05 22:17:05.922662
SPNG,23.91,23.76,23.91,2648800.0,2343900.0,3000.0,,,,,0,0,0,0,0,0,0,0,0,0,0,0,0,0,0,0,0,0,0,0,0,0,0,0,0,0,0,0,0,0,0,0,0,0,0,0,0,0,0,146,2026-02-05 22:17:06.516095
SMMR,23.69,23.68,23.69,1608200.0,2383300.0,,4910.0,7500.0,,,0,0,0,0,0,0,0,0,0,0,0,0,0,0,0,0,0,0,0,0,0,0,0,0,0,0,0,0,0,0,0,0,0,0,0,0,0,0,0,146,2026-02-05 22:17:06.516095
ATMN,27.5,27.5,27.52,1967600.0,1838600.0,,4000.0,,4000.0,,0,0,0,0,0,0,0,0,0,0,0,0,0,0,0,0,0,0,0,0,0,0,0,0,0,0,0,0,0,0,0,0,0,0,0,0,0,0,0,146,2026-02-05 22:17:06.516095
WNTR,26.32,26.23,26.32,1447100.0,1733600.0,,,9000.0,,4500.0,0,0,0,0,0,0,0,0,0,0,0,0,0,0,0,0,0,0,0,0,0,0,0,0,0,0,0,0,0,0,0,0,0,0,0,0,0,0,0,146,2026-02-05 22:17:06.516095
SPNG,24.09,23.76,23.95,2608000.0,2106600.0,4000.0,6000.0,,,,0,0,0,0,0,0,0,0,0,0,0,0,0,0,0,0,0,0,0,0,0,0,0,0,0,0,0,0,0,0,0,0,0,0,0,0,0,0,0,147,2026-02-05 22:17:07.579405
SMMR,23.71,23.68,23.71,1614500.0,2253600.0,,,4910.0,7500.0,1500.0,0,0,0,0,0,0,0,0,0,0,0,0,0,0,0,0,0,0,0,0,0,0,0,0,0,0,0,0,0,0,0,0,0,0,0,0,0,0,0,147,2026-02-05 22:17:07.579405
ATMN,27.67,27.17,27.67,2081100.0,1887700.0,,,,,,0,0,0,0,0,0,0,0,0,0,0,0,0,0,0,0,0,0,0,0,0,0,0,0,0,0,0,0,0,0,0,0,0,0,0,0,0,0,0,147,2026-02-05 22:17:07.579405
WNTR,26.35,26.16,26.35,1845700.0,2030500.0,,,4000.0,1500.0,,0,0,0,0,0,0,0,0,0,0,0,0,0,0,0,0,0,0,0,0,0,0,0,0,0,0,0,0,0,0,0,0,0,0,0,0,0,0,0,147,2026-02-05 22:17:07.579405
SPNG,23.95,23.89,23.95,3000.0,2433600.0,2363100.0,3000.0,,,,0,0,0,0,0,0,0,0,0,0,0,0,0,0,0,0,0,0,0,0,0,0,0,0,0,0,0,0,0,0,0,0,0,0,0,0,0,0,0,148,2026-02-05 22:17:08.686476
SMMR,23.67,23.7,23.71,,1831500.0,2165500.0,,6000.0,1500.0,4910.0,0,0,0,0,0,0,0,0,0,0,0,0,0,0,0,0,0,0,0,0,0,0,0,0,0,0,0,0,0,0,0,0,0,0,0,0,0,0,0,148,2026-02-05 22:17:08.686476
ATMN,27.67,27.17,27.67,,2049200.0,1887700.0,,,,,0,0,0,0,0,0,0,0,0,0,0,0,0,0,0,0,0,0,0,0,0,0,0,0,0,0,0,0,0,0,0,0,0,0,0,0,0,0,0,148,2026-02-05 22:17:08.686476
WNTR,26.24,26.16,26.22,,1647200.0,1547500.0,,6000.0,6000.0,4000.0,0,0,0,0,0,0,0,0,0,0,0,0,0,0,0,0,0,0,0,0,0,0,0,0,0,0,0,0,0,0,0,0,0,0,0,0,0,0,0,148,2026-02-05 22:17:08.686476
