ticker,last_price,bid_price,ask_price,BUY_ANON,SELL_ANON,BUY_UEBR-1,BUY_BRCH-1,BUY_LAVL-1,SELL_CALG-1,SELL_CHUL-2,SELL_GIOT-3,SELL_CHUL-4,BUY_CHUL-4,SELL_CHUL-3,BUY_CALG-1,SELL_ZUAI-3,BUY_WRSW-4,SELL_LUIS-1,SELL_WRSW-4,SELL_NAIT-4,BUY_CHUL-2,SELL_CHUL-1,BUY_WRSW-1,BUY_CHUL-1,SELL_LAVL-1,BUY_GIOT-3,SELL_UEBR-1,SELL_WRSW-1,BUY_WRSW-3,SELL_WRSW-3,BUY_NAIT-4,SELL_CALG-6,SELL_COLA-1,BUY_CALG-6,BUY_COLA-1,SELL_BRCH-1,BUY_ZUAI-3,BUY_CHUL-3,BUY_LUIS-1,tick,timestamp,news_news_id,news_period,news_tick,news_ticker,news_headline,news_body
SPNG,24.89,24.89,25.14,2243300.0,2245300.0,0,0,0,0,0,0,0,0,0,0,0,0,0,0,0,0,0,0,0,0,0,0,0,0,0,0,0,0,0,0,0,0,0,0,1,2026-02-07 03:05:01.397906,2.0,1.0,1.0,,Aggregate Position Limit,Your CRO has set the aggregate position limit to 15000 shares for this week.
SMMR,0.0,24.89,24.96,2070700.0,2132500.0,0,0,0,0,0,0,0,0,0,0,0,0,0,0,0,0,0,0,0,0,0,0,0,0,0,0,0,0,0,0,0,0,0,0,1,2026-02-07 03:05:01.397906,1.0,1.0,1.0,,Welcome to the RITC 2026 Alogithmic Market Making Case - practice server,
ATMN,24.99,24.99,25.08,2310400.0,2345300.0,0,0,0,0,0,0,0,0,0,0,0,0,0,0,0,0,0,0,0,0,0,0,0,0,0,0,0,0,0,0,0,0,0,0,1,2026-02-07 03:05:01.397906,,,,,,
WNTR,25.01,24.83,25.0,2013900.0,2241500.0,0,0,0,0,0,0,0,0,0,0,0,0,0,0,0,0,0,0,0,0,0,0,0,0,0,0,0,0,0,0,0,0,0,0,1,2026-02-07 03:05:01.397906,,,,,,
SPNG,25.42,24.72,25.42,2206400.0,2144000.0,,,0,0,0,0,0,0,0,0,0,0,0,0,0,0,0,0,0,0,0,0,0,0,0,0,0,0,0,0,0,0,0,0,2,2026-02-07 03:05:02.480
SMMR,25.14,24.91,25.14,1972500.0,2153200.0,5377.0,1561.0,0,0,0,0,0,0,0,0,0,0,0,0,0,0,0,0,0,0,0,0,0,0,0,0,0,0,0,0,0,0,0,0,2,2026-02-07 03:05:02.480
ATMN,24.98,25.03,25.08,2182600.0,2345300.0,3122.0,,0,0,0,0,0,0,0,0,0,0,0,0,0,0,0,0,0,0,0,0,0,0,0,0,0,0,0,0,0,0,0,0,2,2026-02-07 03:05:02.480
WNTR,25.01,24.84,24.93,2026900.0,2018500.0,7061.0,7061.0,0,0,0,0,0,0,0,0,0,0,0,0,0,0,0,0,0,0,0,0,0,0,0,0,0,0,0,0,0,0,0,0,2,2026-02-07 03:05:02.480
SPNG,25.42,24.72,25.26,2268300.0,2263900.0,,,0,0,0,0,0,0,0,0,0,0,0,0,0,0,0,0,0,0,0,0,0,0,0,0,0,0,0,0,0,0,0,0,3,2026-02-07 03:05:03.593645
SMMR,25.14,24.97,25.1,1966500.0,2152100.0,9748.0,4874.0,0,0,0,0,0,0,0,0,0,0,0,0,0,0,0,0,0,0,0,0,0,0,0,0,0,0,0,0,0,0,0,0,3,2026-02-07 03:05:03.593645
ATMN,24.87,24.87,24.88,2307000.0,2307200.0,,,0,0,0,0,0,0,0,0,0,0,0,0,0,0,0,0,0,0,0,0,0,0,0,0,0,0,0,0,0,0,0,0,3,2026-02-07 03:05:03.593645
WNTR,25.01,24.85,24.92,2158500.0,2123500.0,4874.0,4874.0,0,0,0,0,0,0,0,0,0,0,0,0,0,0,0,0,0,0,0,0,0,0,0,0,0,0,0,0,0,0,0,0,3,2026-02-07 03:05:03.593645
SPNG,25.24,25.24,25.26,2283500.0,2236400.0,,,0,0,0,0,0,0,0,0,0,0,0,0,0,0,0,0,0,0,0,0,0,0,0,0,0,0,0,0,0,0,0,0,4,2026-02-07 03:05:04.648341
SMMR,24.94,24.94,24.95,1980400.0,2025300.0,775.0,8767.0,0,0,0,0,0,0,0,0,0,0,0,0,0,0,0,0,0,0,0,0,0,0,0,0,0,0,0,0,0,0,0,0,4,2026-02-07 03:05:04.648341
ATMN,24.88,24.97,24.99,2068600.0,2303200.0,1650.0,,0,0,0,0,0,0,0,0,0,0,0,0,0,0,0,0,0,0,0,0,0,0,0,0,0,0,0,0,0,0,0,0,4,2026-02-07 03:05:04.648341
WNTR,24.84,24.84,25.02,2255300.0,2113900.0,,775.0,0,0,0,0,0,0,0,0,0,0,0,0,0,0,0,0,0,0,0,0,0,0,0,0,0,0,0,0,0,0,0,0,4,2026-02-07 03:05:04.648341
SPNG,25.24,24.7,25.11,2248300.0,2161600.0,775.0,,0,0,0,0,0,0,0,0,0,0,0,0,0,0,0,0,0,0,0,0,0,0,0,0,0,0,0,0,0,0,0,0,5,2026-02-07 03:05:05.212206
SMMR,24.94,24.94,24.95,1967000.0,2025300.0,8767.0,775.0,0,0,0,0,0,0,0,0,0,0,0,0,0,0,0,0,0,0,0,0,0,0,0,0,0,0,0,0,0,0,0,0,5,2026-02-07 03:05:05.212206
ATMN,24.93,24.87,24.9,2185700.0,2212100.0,775.0,100.0,0,0,0,0,0,0,0,0,0,0,0,0,0,0,0,0,0,0,0,0,0,0,0,0,0,0,0,0,0,0,0,0,5,2026-02-07 03:05:05.212206
WNTR,25.03,25.03,25.06,2257000.0,2129600.0,775.0,,0,0,0,0,0,0,0,0,0,0,0,0,0,0,0,0,0,0,0,0,0,0,0,0,0,0,0,0,0,0,0,0,5,2026-02-07 03:05:05.212206
SPNG,25.24,24.8,24.98,2164400.0,3145.0,2153100.0,3145.0,0,0,0,0,0,0,0,0,0,0,0,0,0,0,0,0,0,0,0,0,0,0,0,0,0,0,0,0,0,0,0,0,6,2026-02-07 03:05:06.292993
SMMR,24.94,24.94,24.95,1974200.0,3145.0,2230100.0,,0,0,0,0,0,0,0,0,0,0,0,0,0,0,0,0,0,0,0,0,0,0,0,0,0,0,0,0,0,0,0,0,6,2026-02-07 03:05:06.292993
ATMN,24.83,24.78,24.83,2279100.0,,2227100.0,3145.0,0,0,0,0,0,0,0,0,0,0,0,0,0,0,0,0,0,0,0,0,0,0,0,0,0,0,0,0,0,0,0,0,6,2026-02-07 03:05:06.292993
WNTR,24.84,24.84,25.08,2255300.0,,2247100.0,,0,0,0,0,0,0,0,0,0,0,0,0,0,0,0,0,0,0,0,0,0,0,0,0,0,0,0,0,0,0,0,0,6,2026-02-07 03:05:06.292993
SPNG,24.8,24.8,24.97,2203400.0,3145.0,6318.0,2054000.0,0,0,0,0,0,0,0,0,0,0,0,0,0,0,0,0,0,0,0,0,0,0,0,0,0,0,0,0,0,0,0,0,7,2026-02-07 03:05:07.470108
SMMR,24.96,24.89,24.96,1982400.0,3145.0,,2233500.0,0,0,0,0,0,0,0,0,0,0,0,0,0,0,0,0,0,0,0,0,0,0,0,0,0,0,0,0,0,0,0,0,7,2026-02-07 03:05:07.470108
ATMN,24.75,24.75,24.99,2288900.0,,,2327700.0,0,0,0,0,0,0,0,0,0,0,0,0,0,0,0,0,0,0,0,0,0,0,0,0,0,0,0,0,0,0,0,0,7,2026-02-07 03:05:07.470108
WNTR,25.08,24.86,24.95,2129300.0,8000.0,3405.0,2141600.0,0,0,0,0,0,0,0,0,0,0,0,0,0,0,0,0,0,0,0,0,0,0,0,0,0,0,0,0,0,0,0,0,7,2026-02-07 03:05:07.470108
SPNG,24.74,24.92,24.96,2270100.0,6418.0,1919600.0,,0,0,0,0,0,0,0,0,0,0,0,0,0,0,0,0,0,0,0,0,0,0,0,0,0,0,0,0,0,0,0,0,8,2026-02-07 03:05:08.541805
SMMR,24.89,24.92,24.95,1892100.0,10730.0,2001400.0,4726.0,0,0,0,0,0,0,0,0,0,0,0,0,0,0,0,0,0,0,0,0,0,0,0,0,0,0,0,0,0,0,0,0,8,2026-02-07 03:05:08.541805
ATMN,24.75,24.89,24.92,2166800.0,100.0,2221200.0,9912.0,0,0,0,0,0,0,0,0,0,0,0,0,0,0,0,0,0,0,0,0,0,0,0,0,0,0,0,0,0,0,0,0,8,2026-02-07 03:05:08.541805
WNTR,25.08,24.87,24.95,2011100.0,3405.0,2141600.0,8100.0,0,0,0,0,0,0,0,0,0,0,0,0,0,0,0,0,0,0,0,0,0,0,0,0,0,0,0,0,0,0,0,0,8,2026-02-07 03:05:08.541805
SPNG,25.11,25.03,25.11,2163500.0,1884.0,2260000.0,,0,0,0,0,0,0,0,0,0,0,0,0,0,0,0,0,0,0,0,0,0,0,0,0,0,0,0,0,0,0,0,0,9,2026-02-07 03:05:09.587538
SMMR,24.89,24.92,24.95,1892100.0,4726.0,1986800.0,10730.0,0,0,0,0,0,0,0,0,0,0,0,0,0,0,0,0,0,0,0,0,0,0,0,0,0,0,0,0,0,0,0,0,9,2026-02-07 03:05:09.587538
ATMN,24.75,24.89,24.92,2121600.0,14405.0,2093500.0,8699.0,0,0,0,0,0,0,0,0,0,0,0,0,0,0,0,0,0,0,0,0,0,0,0,0,0,0,0,0,0,0,0,0,9,2026-02-07 03:05:09.587538
WNTR,24.96,24.91,24.96,1876800.0,18045.0,2250900.0,,0,0,0,0,0,0,0,0,0,0,0,0,0,0,0,0,0,0,0,0,0,0,0,0,0,0,0,0,0,0,0,0,9,2026-02-07 03:05:09.587538
SPNG,25.11,25.03,25.11,100.0,2163500.0,100.0,2114300.0,0,0,0,0,0,0,0,0,0,0,0,0,0,0,0,0,0,0,0,0,0,0,0,0,0,0,0,0,0,0,0,0,10,2026-02-07 03:05:10.654655
SMMR,24.97,24.93,24.94,,2097800.0,9694.0,2110400.0,0,0,0,0,0,0,0,0,0,0,0,0,0,0,0,0,0,0,0,0,0,0,0,0,0,0,0,0,0,0,0,0,10,2026-02-07 03:05:10.654655
ATMN,24.92,24.89,24.92,,2352800.0,724.0,2224600.0,0,0,0,0,0,0,0,0,0,0,0,0,0,0,0,0,0,0,0,0,0,0,0,0,0,0,0,0,0,0,0,0,10,2026-02-07 03:05:10.654655
WNTR,24.84,24.94,24.96,1988.0,2077900.0,7436.0,2141600.0,0,0,0,0,0,0,0,0,0,0,0,0,0,0,0,0,0,0,0,0,0,0,0,0,0,0,0,0,0,0,0,0,10,2026-02-07 03:05:10.654655
SPNG,25.03,24.74,24.91,2277400.0,2128500.0,100.0,,0,0,0,0,0,0,0,0,0,0,0,0,0,0,0,0,0,0,0,0,0,0,0,0,0,0,0,0,0,0,0,0,11,2026-02-07 03:05:11.326734
SMMR,24.89,24.89,24.94,2091900.0,2110400.0,9694.0,,0,0,0,0,0,0,0,0,0,0,0,0,0,0,0,0,0,0,0,0,0,0,0,0,0,0,0,0,0,0,0,0,11,2026-02-07 03:05:11.326734
ATMN,24.77,24.77,24.91,2377700.0,2224600.0,724.0,,0,0,0,0,0,0,0,0,0,0,0,0,0,0,0,0,0,0,0,0,0,0,0,0,0,0,0,0,0,0,0,0,11,2026-02-07 03:05:11.326734
WNTR,24.84,24.94,24.96,2057000.0,2141600.0,7436.0,1988.0,0,0,0,0,0,0,0,0,0,0,0,0,0,0,0,0,0,0,0,0,0,0,0,0,0,0,0,0,0,0,0,0,11,2026-02-07 03:05:11.326734
SPNG,24.9,25.04,25.16,2297800.0,2266900.0,,,0,0,0,0,0,0,0,0,0,0,0,0,0,0,0,0,0,0,0,0,0,0,0,0,0,0,0,0,0,0,0,0,12,2026-02-07 03:05:12.375870
SMMR,24.97,24.98,25.05,2018800.0,2237100.0,5762.0,,0,0,0,0,0,0,0,0,0,0,0,0,0,0,0,0,0,0,0,0,0,0,0,0,0,0,0,0,0,0,0,0,12,2026-02-07 03:05:12.375870
ATMN,24.77,24.79,24.8,2302700.0,2146700.0,9442.0,824.0,0,0,0,0,0,0,0,0,0,0,0,0,0,0,0,0,0,0,0,0,0,0,0,0,0,0,0,0,0,0,0,0,12,2026-02-07 03:05:12.375870
WNTR,24.84,24.94,24.96,1978300.0,2027900.0,7955.0,14847.0,0,0,0,0,0,0,0,0,0,0,0,0,0,0,0,0,0,0,0,0,0,0,0,0,0,0,0,0,0,0,0,0,12,2026-02-07 03:05:12.375870
SPNG,25.14,25.05,25.08,4594.0,2177700.0,2102600.0,100.0,0,0,0,0,0,0,0,0,0,0,0,0,0,0,0,0,0,0,0,0,0,0,0,0,0,0,0,0,0,0,0,0,13,2026-02-07 03:05:13.442848
SMMR,24.88,24.88,25.04,,2061300.0,2102100.0,883.0,0,0,0,0,0,0,0,0,0,0,0,0,0,0,0,0,0,0,0,0,0,0,0,0,0,0,0,0,0,0,0,0,13,2026-02-07 03:05:13.442848
ATMN,25.02,24.79,25.02,14405.0,2172700.0,2317800.0,,0,0,0,0,0,0,0,0,0,0,0,0,0,0,0,0,0,0,0,0,0,0,0,0,0,0,0,0,0,0,0,0,13,2026-02-07 03:05:13.442848
WNTR,24.94,24.94,25.08,7955.0,1978300.0,2243000.0,,0,0,0,0,0,0,0,0,0,0,0,0,0,0,0,0,0,0,0,0,0,0,0,0,0,0,0,0,0,0,0,0,13,2026-02-07 03:05:13.442848
SPNG,25.14,25.05,25.08,4694.0,2044200.0,1961400.0,200.0,0,0,0,0,0,0,0,0,0,0,0,0,0,0,0,0,0,0,0,0,0,0,0,0,0,0,0,0,0,0,0,0,14,2026-02-07 03:05:14.502487
SMMR,25.05,25.02,25.04,18899.0,1878700.0,2102100.0,6176.0,0,0,0,0,0,0,0,0,0,0,0,0,0,0,0,0,0,0,0,0,0,0,0,0,0,0,0,0,0,0,0,0,14,2026-02-07 03:05:14.502487
ATMN,25.02,24.77,25.02,,2416500.0,2317800.0,,0,0,0,0,0,0,0,0,0,0,0,0,0,0,0,0,0,0,0,0,0,0,0,0,0,0,0,0,0,0,0,0,14,2026-02-07 03:05:14.502487
WNTR,24.85,24.93,25.1,2440.0,2070300.0,2110000.0,9761.0,0,0,0,0,0,0,0,0,0,0,0,0,0,0,0,0,0,0,0,0,0,0,0,0,0,0,0,0,0,0,0,0,14,2026-02-07 03:05:14.502487
SPNG,25.26,24.96,25.17,2270100.0,2213900.0,,0,0,0,0,0,0,0,0,0,0,0,0,0,0,0,0,0,0,0,0,0,0,0,0,0,0,0,0,0,0,0,0,0,15,2026-02-07 03:05:15.535915
SMMR,25.02,25.01,25.02,2085600.0,2195500.0,,0,0,0,0,0,0,0,0,0,0,0,0,0,0,0,0,0,0,0,0,0,0,0,0,0,0,0,0,0,0,0,0,0,15,2026-02-07 03:05:15.535915
ATMN,24.75,24.75,24.9,2389000.0,2265800.0,,0,0,0,0,0,0,0,0,0,0,0,0,0,0,0,0,0,0,0,0,0,0,0,0,0,0,0,0,0,0,0,0,0,15,2026-02-07 03:05:15.535915
WNTR,24.84,24.84,25.08,2181500.0,2119900.0,1771.0,0,0,0,0,0,0,0,0,0,0,0,0,0,0,0,0,0,0,0,0,0,0,0,0,0,0,0,0,0,0,0,0,0,15,2026-02-07 03:05:15.535915
SPNG,24.74,24.74,25.16,2288800.0,100.0,2068200.0,,0,0,0,0,0,0,0,0,0,0,0,0,0,0,0,0,0,0,0,0,0,0,0,0,0,0,0,0,0,0,0,0,16,2026-02-07 03:05:16.578397
SMMR,25.01,25.01,25.03,1972900.0,7101.0,2085800.0,9451.0,0,0,0,0,0,0,0,0,0,0,0,0,0,0,0,0,0,0,0,0,0,0,0,0,0,0,0,0,0,0,0,0,16,2026-02-07 03:05:16.578397
ATMN,24.9,24.78,24.79,2292200.0,9264.0,2138800.0,4684.0,0,0,0,0,0,0,0,0,0,0,0,0,0,0,0,0,0,0,0,0,0,0,0,0,0,0,0,0,0,0,0,0,16,2026-02-07 03:05:16.578397
WNTR,25.13,24.85,24.88,2081400.0,9667.0,2101500.0,9200.0,0,0,0,0,0,0,0,0,0,0,0,0,0,0,0,0,0,0,0,0,0,0,0,0,0,0,0,0,0,0,0,0,16,2026-02-07 03:05:16.578397
SPNG,24.7,25.08,25.14,2152400.0,100.0,200.0,1952400.0,0,0,0,0,0,0,0,0,0,0,0,0,0,0,0,0,0,0,0,0,0,0,0,0,0,0,0,0,0,0,0,0,17,2026-02-07 03:05:17.641678
SMMR,25.1,25.04,25.1,1900900.0,19451.0,,2204000.0,0,0,0,0,0,0,0,0,0,0,0,0,0,0,0,0,0,0,0,0,0,0,0,0,0,0,0,0,0,0,0,0,17,2026-02-07 03:05:17.641678
ATMN,25.02,24.8,24.97,2173500.0,9278.0,2297.0,2134800.0,0,0,0,0,0,0,0,0,0,0,0,0,0,0,0,0,0,0,0,0,0,0,0,0,0,0,0,0,0,0,0,0,17,2026-02-07 03:05:17.641678
WNTR,25.13,25.17,25.18,1962000.0,10971.0,,2079300.0,0,0,0,0,0,0,0,0,0,0,0,0,0,0,0,0,0,0,0,0,0,0,0,0,0,0,0,0,0,0,0,0,17,2026-02-07 03:05:17.641678
SPNG,24.87,24.88,24.93,100.0,2161500.0,1826000.0,300.0,0,0,0,0,0,0,0,0,0,0,0,0,0,0,0,0,0,0,0,0,0,0,0,0,0,0,0,0,0,0,0,0,18,2026-02-07 03:05:18.699410
SMMR,25.01,25.01,25.02,16000.0,1883900.0,2084400.0,9349.0,0,0,0,0,0,0,0,0,0,0,0,0,0,0,0,0,0,0,0,0,0,0,0,0,0,0,0,0,0,0,0,0,18,2026-02-07 03:05:18.699410
ATMN,24.75,24.77,24.98,1766.0,2303500.0,2131200.0,9136.0,0,0,0,0,0,0,0,0,0,0,0,0,0,0,0,0,0,0,0,0,0,0,0,0,0,0,0,0,0,0,0,0,18,2026-02-07 03:05:18.699410
WNTR,25.18,25.17,25.18,10971.0,1962000.0,2186400.0,,0,0,0,0,0,0,0,0,0,0,0,0,0,0,0,0,0,0,0,0,0,0,0,0,0,0,0,0,0,0,0,0,18,2026-02-07 03:05:18.699410
SPNG,25.17,24.9,25.17,200.0,2046700.0,2185300.0,,0,0,0,0,0,0,0,0,0,0,0,0,0,0,0,0,0,0,0,0,0,0,0,0,0,0,0,0,0,0,0,0,19,2026-02-07 03:05:19.751047
SMMR,24.99,24.99,25.02,,2085000.0,1971500.0,10000.0,0,0,0,0,0,0,0,0,0,0,0,0,0,0,0,0,0,0,0,0,0,0,0,0,0,0,0,0,0,0,0,0,19,2026-02-07 03:05:19.751047
ATMN,24.78,24.77,24.78,1766.0,2303500.0,2028900.0,9236.0,0,0,0,0,0,0,0,0,0,0,0,0,0,0,0,0,0,0,0,0,0,0,0,0,0,0,0,0,0,0,0,0,19,2026-02-07 03:05:19.751047
WNTR,25.02,24.86,24.98,10971.0,1980900.0,2062700.0,9506.0,0,0,0,0,0,0,0,0,0,0,0,0,0,0,0,0,0,0,0,0,0,0,0,0,0,0,0,0,0,0,0,0,19,2026-02-07 03:05:19.751047
SPNG,25.17,24.9,25.15,200.0,2046700.0,100.0,2079200.0,0,0,0,0,0,0,0,0,0,0,0,0,0,0,0,0,0,0,0,0,0,0,0,0,0,0,0,0,0,0,0,0,20,2026-02-07 03:05:20.293302
SMMR,24.99,24.99,25.02,,2085000.0,10000.0,1966400.0,0,0,0,0,0,0,0,0,0,0,0,0,0,0,0,0,0,0,0,0,0,0,0,0,0,0,0,0,0,0,0,0,20,2026-02-07 03:05:20.293302
ATMN,24.72,24.72,24.78,,2382000.0,9236.0,2028900.0,0,0,0,0,0,0,0,0,0,0,0,0,0,0,0,0,0,0,0,0,0,0,0,0,0,0,0,0,0,0,0,0,20,2026-02-07 03:05:20.293302
WNTR,24.84,24.84,24.98,,2164100.0,9506.0,2062700.0,0,0,0,0,0,0,0,0,0,0,0,0,0,0,0,0,0,0,0,0,0,0,0,0,0,0,0,0,0,0,0,0,20,2026-02-07 03:05:20.293302
SPNG,25.17,24.7,25.17,2264100.0,2199500.0,,,0,0,0,0,0,0,0,0,0,0,0,0,0,0,0,0,0,0,0,0,0,0,0,0,0,0,0,0,0,0,0,0,21,2026-02-07 03:05:21.367375
SMMR,24.99,24.99,25.0,2103800.0,2060600.0,10000.0,,0,0,0,0,0,0,0,0,0,0,0,0,0,0,0,0,0,0,0,0,0,0,0,0,0,0,0,0,0,0,0,0,21,2026-02-07 03:05:21.367375
ATMN,25.0,24.78,25.0,2297300.0,2263200.0,,100.0,0,0,0,0,0,0,0,0,0,0,0,0,0,0,0,0,0,0,0,0,0,0,0,0,0,0,0,0,0,0,0,0,21,2026-02-07 03:05:21.367375
WNTR,24.84,24.88,24.98,1957700.0,2183000.0,,877.0,0,0,0,0,0,0,0,0,0,0,0,0,0,0,0,0,0,0,0,0,0,0,0,0,0,0,0,0,0,0,0,0,21,2026-02-07 03:05:21.367375
SPNG,25.21,24.7,25.21,2257800.0,2181300.0,,0,0,0,0,0,0,0,0,0,0,0,0,0,0,0,0,0,0,0,0,0,0,0,0,0,0,0,0,0,0,0,0,0,22,2026-02-07 03:05:22.432311
SMMR,25.0,24.97,25.0,2015000.0,2192800.0,9118.0,0,0,0,0,0,0,0,0,0,0,0,0,0,0,0,0,0,0,0,0,0,0,0,0,0,0,0,0,0,0,0,0,0,22,2026-02-07 03:05:22.432311
ATMN,24.73,24.73,24.91,2386400.0,2316500.0,,0,0,0,0,0,0,0,0,0,0,0,0,0,0,0,0,0,0,0,0,0,0,0,0,0,0,0,0,0,0,0,0,0,22,2026-02-07 03:05:22.432311
WNTR,25.18,24.92,25.18,1957700.0,2186400.0,877.0,0,0,0,0,0,0,0,0,0,0,0,0,0,0,0,0,0,0,0,0,0,0,0,0,0,0,0,0,0,0,0,0,0,22,2026-02-07 03:05:22.432311
SPNG,25.21,24.74,24.98,100.0,2141600.0,2072100.0,8704.0,0,0,0,0,0,0,0,0,0,0,0,0,0,0,0,0,0,0,0,0,0,0,0,0,0,0,0,0,0,0,0,0,23,2026-02-07 03:05:23.514990
SMMR,25.04,25.07,25.1,18877.0,1908300.0,2192400.0,,0,0,0,0,0,0,0,0,0,0,0,0,0,0,0,0,0,0,0,0,0,0,0,0,0,0,0,0,0,0,0,0,23,2026-02-07 03:05:23.514990
ATMN,24.91,24.84,24.91,11638.0,2195100.0,2320700.0,,0,0,0,0,0,0,0,0,0,0,0,0,0,0,0,0,0,0,0,0,0,0,0,0,0,0,0,0,0,0,0,0,23,2026-02-07 03:05:23.514990
WNTR,25.18,24.95,25.0,4929.0,1872600.0,1980300.0,13957.0,0,0,0,0,0,0,0,0,0,0,0,0,0,0,0,0,0,0,0,0,0,0,0,0,0,0,0,0,0,0,0,0,23,2026-02-07 03:05:23.514990
SPNG,25.24,24.95,25.24,2027500.0,200.0,2176700.0,,0,0,0,0,0,0,0,0,0,0,0,0,0,0,0,0,0,0,0,0,0,0,0,0,0,0,0,0,0,0,0,0,24,2026-02-07 03:05:24.591637
SMMR,24.96,24.96,24.97,2002300.0,7123.0,2055600.0,8991.0,0,0,0,0,0,0,0,0,0,0,0,0,0,0,0,0,0,0,0,0,0,0,0,0,0,0,0,0,0,0,0,0,24,2026-02-07 03:05:24.591637
ATMN,24.83,24.83,24.9,2329000.0,5001.0,2173200.0,100.0,0,0,0,0,0,0,0,0,0,0,0,0,0,0,0,0,0,0,0,0,0,0,0,0,0,0,0,0,0,0,0,0,24,2026-02-07 03:05:24.591637
WNTR,25.18,25.02,25.16,1777400.0,11826.0,2082600.0,7114.0,0,0,0,0,0,0,0,0,0,0,0,0,0,0,0,0,0,0,0,0,0,0,0,0,0,0,0,0,0,0,0,0,24,2026-02-07 03:05:24.591637
SPNG,25.26,24.95,25.05,2253100.0,2211100.0,,,0,0,0,0,0,0,0,0,0,0,0,0,0,0,0,0,0,0,0,0,0,0,0,0,0,0,0,0,0,0,0,0,25,2026-02-07 03:05:25.652420
SMMR,24.98,25.09,25.1,1985200.0,2077400.0,8991.0,1230.0,0,0,0,0,0,0,0,0,0,0,0,0,0,0,0,0,0,0,0,0,0,0,0,0,0,0,0,0,0,0,0,0,25,2026-02-07 03:05:25.652420
ATMN,24.83,24.74,24.79,2420100.0,2294200.0,,,0,0,0,0,0,0,0,0,0,0,0,0,0,0,0,0,0,0,0,0,0,0,0,0,0,0,0,0,0,0,0,0,25,2026-02-07 03:05:25.652420
WNTR,25.18,25.07,25.18,2109700.0,2188400.0,10000.0,,0,0,0,0,0,0,0,0,0,0,0,0,0,0,0,0,0,0,0,0,0,0,0,0,0,0,0,0,0,0,0,0,25,2026-02-07 03:05:25.652420
SPNG,25.05,25.0,25.05,2500.0,2133400.0,2091600.0,100.0,0,0,0,0,0,0,0,0,0,0,0,0,0,0,0,0,0,0,0,0,0,0,0,0,0,0,0,0,0,0,0,0,26,2026-02-07 03:05:26.711838
SMMR,25.03,25.05,25.08,7123.0,2006000.0,1944100.0,10086.0,0,0,0,0,0,0,0,0,0,0,0,0,0,0,0,0,0,0,0,0,0,0,0,0,0,0,0,0,0,0,0,0,26,2026-02-07 03:05:26.711838
ATMN,24.83,24.76,24.83,6238.0,2175400.0,2281300.0,,0,0,0,0,0,0,0,0,0,0,0,0,0,0,0,0,0,0,0,0,0,0,0,0,0,0,0,0,0,0,0,0,26,2026-02-07 03:05:26.711838
WNTR,25.02,24.97,25.01,9058.0,2092700.0,2118600.0,9058.0,0,0,0,0,0,0,0,0,0,0,0,0,0,0,0,0,0,0,0,0,0,0,0,0,0,0,0,0,0,0,0,0,26,2026-02-07 03:05:26.711838
SPNG,24.73,24.89,25.05,2239200.0,1997500.0,1566.0,,0,0,0,0,0,0,0,0,0,0,0,0,0,0,0,0,0,0,0,0,0,0,0,0,0,0,0,0,0,0,0,0,27,2026-02-07 03:05:27.760467
SMMR,25.03,25.05,25.07,2004500.0,1817800.0,16675.0,7123.0,0,0,0,0,0,0,0,0,0,0,0,0,0,0,0,0,0,0,0,0,0,0,0,0,0,0,0,0,0,0,0,0,27,2026-02-07 03:05:27.760467
ATMN,24.83,24.77,24.83,2072200.0,2275900.0,,8384.0,0,0,0,0,0,0,0,0,0,0,0,0,0,0,0,0,0,0,0,0,0,0,0,0,0,0,0,0,0,0,0,0,27,2026-02-07 03:05:27.760467
WNTR,25.02,24.98,25.0,1964500.0,2118600.0,9058.0,16000.0,0,0,0,0,0,0,0,0,0,0,0,0,0,0,0,0,0,0,0,0,0,0,0,0,0,0,0,0,0,0,0,0,27,2026-02-07 03:05:27.760467
SPNG,25.26,24.9,25.26,100.0,2119500.0,2084100.0,100.0,0,0,0,0,0,0,0,0,0,0,0,0,0,0,0,0,0,0,0,0,0,0,0,0,0,0,0,0,0,0,0,0,28,2026-02-07 03:05:28.366291
SMMR,25.04,25.04,25.07,,2113500.0,1830700.0,16675.0,0,0,0,0,0,0,0,0,0,0,0,0,0,0,0,0,0,0,0,0,0,0,0,0,0,0,0,0,0,0,0,0,28,2026-02-07 03:05:28.366291
ATMN,24.72,24.72,24.78,,2372300.0,2183600.0,100.0,0,0,0,0,0,0,0,0,0,0,0,0,0,0,0,0,0,0,0,0,0,0,0,0,0,0,0,0,0,0,0,0,28,2026-02-07 03:05:28.366291
WNTR,25.0,25.0,25.01,16000.0,1964500.0,2107900.0,9058.0,0,0,0,0,0,0,0,0,0,0,0,0,0,0,0,0,0,0,0,0,0,0,0,0,0,0,0,0,0,0,0,0,28,2026-02-07 03:05:28.366291
SPNG,24.8,24.73,24.8,2287800.0,1964700.0,200.0,,0,0,0,0,0,0,0,0,0,0,0,0,0,0,0,0,0,0,0,0,0,0,0,0,0,0,0,0,0,0,0,0,29,2026-02-07 03:05:29.440221
SMMR,25.07,25.04,25.07,2113500.0,1920000.0,10086.0,,0,0,0,0,0,0,0,0,0,0,0,0,0,0,0,0,0,0,0,0,0,0,0,0,0,0,0,0,0,0,0,0,29,2026-02-07 03:05:29.440221
ATMN,24.83,24.66,24.83,2381300.0,2275900.0,,,0,0,0,0,0,0,0,0,0,0,0,0,0,0,0,0,0,0,0,0,0,0,0,0,0,0,0,0,0,0,0,0,29,2026-02-07 03:05:29.440221
WNTR,25.0,25.0,25.02,1811100.0,2217200.0,,16471.0,0,0,0,0,0,0,0,0,0,0,0,0,0,0,0,0,0,0,0,0,0,0,0,0,0,0,0,0,0,0,0,0,29,2026-02-07 03:05:29.440221
SPNG,24.8,24.89,25.21,2269400.0,1969300.0,200.0,,0,0,0,0,0,0,0,0,0,0,0,0,0,0,0,0,0,0,0,0,0,0,0,0,0,0,0,0,0,0,0,0,30,2026-02-07 03:05:30.532953
SMMR,25.1,25.04,25.1,2118600.0,2045200.0,1230.0,,0,0,0,0,0,0,0,0,0,0,0,0,0,0,0,0,0,0,0,0,0,0,0,0,0,0,0,0,0,0,0,0,30,2026-02-07 03:05:30.532953
ATMN,24.66,24.63,24.65,2348800.0,2198700.0,2606.0,,0,0,0,0,0,0,0,0,0,0,0,0,0,0,0,0,0,0,0,0,0,0,0,0,0,0,0,0,0,0,0,0,30,2026-02-07 03:05:30.532953
WNTR,25.11,25.01,25.11,1853300.0,2216300.0,,16471.0,0,0,0,0,0,0,0,0,0,0,0,0,0,0,0,0,0,0,0,0,0,0,0,0,0,0,0,0,0,0,0,0,30,2026-02-07 03:05:30.532953
SPNG,24.8,24.91,25.19,8178.0,2163600.0,100.0,2108600.0,0,0,0,0,0,0,0,0,0,0,0,0,0,0,0,0,0,0,0,0,0,0,0,0,0,0,0,0,0,0,0,0,31,2026-02-07 03:05:31.575405
SMMR,25.07,25.06,25.07,9008.0,2031500.0,,2170700.0,0,0,0,0,0,0,0,0,0,0,0,0,0,0,0,0,0,0,0,0,0,0,0,0,0,0,0,0,0,0,0,0,31,2026-02-07 03:05:31.575405
ATMN,25.0,24.77,25.0,,2377200.0,,2271600.0,0,0,0,0,0,0,0,0,0,0,0,0,0,0,0,0,0,0,0,0,0,0,0,0,0,0,0,0,0,0,0,0,31,2026-02-07 03:05:31.575405
WNTR,25.18,25.04,25.18,10000.0,2044500.0,,2210700.0,0,0,0,0,0,0,0,0,0,0,0,0,0,0,0,0,0,0,0,0,0,0,0,0,0,0,0,0,0,0,0,0,31,2026-02-07 03:05:31.575405
SPNG,25.21,24.95,25.19,6980.0,2067000.0,4938.0,2108600.0,0,0,0,0,0,0,0,0,0,0,0,0,0,0,0,0,0,0,0,0,0,0,0,0,0,0,0,0,0,0,0,0,32,2026-02-07 03:05:32.653429
SMMR,25.1,25.07,25.1,19108.0,1813600.0,,2170900.0,0,0,0,0,0,0,0,0,0,0,0,0,0,0,0,0,0,0,0,0,0,0,0,0,0,0,0,0,0,0,0,0,32,2026-02-07 03:05:32.653429
ATMN,24.63,24.63,24.66,,2381600.0,2634.0,2198100.0,0,0,0,0,0,0,0,0,0,0,0,0,0,0,0,0,0,0,0,0,0,0,0,0,0,0,0,0,0,0,0,0,32,2026-02-07 03:05:32.653429
WNTR,25.17,25.17,25.19,10000.0,2055800.0,,2187600.0,0,0,0,0,0,0,0,0,0,0,0,0,0,0,0,0,0,0,0,0,0,0,0,0,0,0,0,0,0,0,0,0,32,2026-02-07 03:05:32.653429
SPNG,25.26,24.95,25.26,6980.0,2067000.0,2201500.0,,0,0,0,0,0,0,0,0,0,0,0,0,0,0,0,0,0,0,0,0,0,0,0,0,0,0,0,0,0,0,0,0,33,2026-02-07 03:05:33.748825
SMMR,25.03,25.05,25.09,100.0,2003300.0,2159400.0,,0,0,0,0,0,0,0,0,0,0,0,0,0,0,0,0,0,0,0,0,0,0,0,0,0,0,0,0,0,0,0,0,33,2026-02-07 03:05:33.748825
ATMN,24.66,24.64,24.65,100.0,2223600.0,2084300.0,12602.0,0,0,0,0,0,0,0,0,0,0,0,0,0,0,0,0,0,0,0,0,0,0,0,0,0,0,0,0,0,0,0,0,33,2026-02-07 03:05:33.748825
WNTR,25.01,25.15,25.19,5181.0,2049100.0,2187600.0,,0,0,0,0,0,0,0,0,0,0,0,0,0,0,0,0,0,0,0,0,0,0,0,0,0,0,0,0,0,0,0,0,33,2026-02-07 03:05:33.748825
SPNG,24.72,24.82,25.3,100.0,2143500.0,2193800.0,,0,0,0,0,0,0,0,0,0,0,0,0,0,0,0,0,0,0,0,0,0,0,0,0,0,0,0,0,0,0,0,0,34,2026-02-07 03:05:34.791912
SMMR,25.03,25.05,25.06,6792.0,2042400.0,2051700.0,8252.0,0,0,0,0,0,0,0,0,0,0,0,0,0,0,0,0,0,0,0,0,0,0,0,0,0,0,0,0,0,0,0,0,34,2026-02-07 03:05:34.791912
ATMN,24.87,24.66,24.85,8165.0,2126700.0,2059900.0,10514.0,0,0,0,0,0,0,0,0,0,0,0,0,0,0,0,0,0,0,0,0,0,0,0,0,0,0,0,0,0,0,0,0,34,2026-02-07 03:05:34.791912
WNTR,25.2,25.16,25.19,13416.0,1986300.0,2079300.0,8440.0,0,0,0,0,0,0,0,0,0,0,0,0,0,0,0,0,0,0,0,0,0,0,0,0,0,0,0,0,0,0,0,0,34,2026-02-07 03:05:34.791912
SPNG,24.65,24.65,25.26,2273400.0,1969.0,2084600.0,,0,0,0,0,0,0,0,0,0,0,0,0,0,0,0,0,0,0,0,0,0,0,0,0,0,0,0,0,0,0,0,0,35,2026-02-07 03:05:35.345426
SMMR,25.05,25.03,25.04,2130200.0,8252.0,2039300.0,,0,0,0,0,0,0,0,0,0,0,0,0,0,0,0,0,0,0,0,0,0,0,0,0,0,0,0,0,0,0,0,0,35,2026-02-07 03:05:35.345426
ATMN,24.87,24.66,24.85,2126700.0,10514.0,2042400.0,8165.0,0,0,0,0,0,0,0,0,0,0,0,0,0,0,0,0,0,0,0,0,0,0,0,0,0,0,0,0,0,0,0,0,35,2026-02-07 03:05:35.345426
WNTR,25.13,25.13,25.19,2184200.0,8440.0,2071900.0,,0,0,0,0,0,0,0,0,0,0,0,0,0,0,0,0,0,0,0,0,0,0,0,0,0,0,0,0,0,0,0,0,35,2026-02-07 03:05:35.345426
SPNG,25.34,24.7,24.86,100.0,2145700.0,2202100.0,,0,0,0,0,0,0,0,0,0,0,0,0,0,0,0,0,0,0,0,0,0,0,0,0,0,0,0,0,0,0,0,0,36,2026-02-07 03:05:36.452395
SMMR,24.96,24.95,24.96,,2159000.0,2039100.0,10000.0,0,0,0,0,0,0,0,0,0,0,0,0,0,0,0,0,0,0,0,0,0,0,0,0,0,0,0,0,0,0,0,0,36,2026-02-07 03:05:36.452395
ATMN,24.62,24.62,24.66,,2319600.0,2267300.0,,0,0,0,0,0,0,0,0,0,0,0,0,0,0,0,0,0,0,0,0,0,0,0,0,0,0,0,0,0,0,0,0,36,2026-02-07 03:05:36.452395
WNTR,25.22,25.13,25.16,,2184200.0,2206400.0,,0,0,0,0,0,0,0,0,0,0,0,0,0,0,0,0,0,0,0,0,0,0,0,0,0,0,0,0,0,0,0,0,36,2026-02-07 03:05:36.452395
SPNG,25.34,24.83,24.85,2052400.0,1002.0,8246.0,2082600.0,0,0,0,0,0,0,0,0,0,0,0,0,0,0,0,0,0,0,0,0,0,0,0,0,0,0,0,0,0,0,0,0,37,2026-02-07 03:05:37.519470
SMMR,24.95,24.95,24.96,1998200.0,8000.0,16000.0,1928600.0,0,0,0,0,0,0,0,0,0,0,0,0,0,0,0,0,0,0,0,0,0,0,0,0,0,0,0,0,0,0,0,0,37,2026-02-07 03:05:37.519470
ATMN,24.65,24.63,24.65,2217200.0,4349.0,9931.0,2154100.0,0,0,0,0,0,0,0,0,0,0,0,0,0,0,0,0,0,0,0,0,0,0,0,0,0,0,0,0,0,0,0,0,37,2026-02-07 03:05:37.519470
WNTR,25.13,25.13,25.15,2194800.0,,,2212400.0,0,0,0,0,0,0,0,0,0,0,0,0,0,0,0,0,0,0,0,0,0,0,0,0,0,0,0,0,0,0,0,0,37,2026-02-07 03:05:37.519470
SPNG,25.34,24.83,24.85,2066200.0,1002.0,8888.0,1977500.0,0,0,0,0,0,0,0,0,0,0,0,0,0,0,0,0,0,0,0,0,0,0,0,0,0,0,0,0,0,0,0,0,38,2026-02-07 03:05:38.594753
SMMR,24.95,24.95,24.96,1910400.0,10000.0,16000.0,1928600.0,0,0,0,0,0,0,0,0,0,0,0,0,0,0,0,0,0,0,0,0,0,0,0,0,0,0,0,0,0,0,0,0,38,2026-02-07 03:05:38.594753
ATMN,24.62,24.62,24.64,2325400.0,,10031.0,2040800.0,0,0,0,0,0,0,0,0,0,0,0,0,0,0,0,0,0,0,0,0,0,0,0,0,0,0,0,0,0,0,0,0,38,2026-02-07 03:05:38.594753
WNTR,25.16,25.21,25.22,2030600.0,9539.0,4047.0,2092900.0,0,0,0,0,0,0,0,0,0,0,0,0,0,0,0,0,0,0,0,0,0,0,0,0,0,0,0,0,0,0,0,0,38,2026-02-07 03:05:38.594753
SPNG,25.12,25.32,25.34,5356.0,1957500.0,2207100.0,,0,0,0,0,0,0,0,0,0,0,0,0,0,0,0,0,0,0,0,0,0,0,0,0,0,0,0,0,0,0,0,0,39,2026-02-07 03:05:39.669306
SMMR,24.95,24.95,24.96,10000.0,1899200.0,1945500.0,16000.0,0,0,0,0,0,0,0,0,0,0,0,0,0,0,0,0,0,0,0,0,0,0,0,0,0,0,0,0,0,0,0,0,39,2026-02-07 03:05:39.669306
ATMN,24.66,24.64,24.65,9581.0,2119700.0,2160600.0,100.0,0,0,0,0,0,0,0,0,0,0,0,0,0,0,0,0,0,0,0,0,0,0,0,0,0,0,0,0,0,0,0,0,39,2026-02-07 03:05:39.669306
WNTR,25.21,25.21,25.22,9539.0,2009500.0,1994400.0,8049.0,0,0,0,0,0,0,0,0,0,0,0,0,0,0,0,0,0,0,0,0,0,0,0,0,0,0,0,0,0,0,0,0,39,2026-02-07 03:05:39.669306
SPNG,25.32,24.83,25.32,2279600.0,2201900.0,,,0,0,0,0,0,0,0,0,0,0,0,0,0,0,0,0,0,0,0,0,0,0,0,0,0,0,0,0,0,0,0,0,40,2026-02-07 03:05:40.716949
SMMR,24.95,24.95,24.96,2131400.0,2161000.0,,,0,0,0,0,0,0,0,0,0,0,0,0,0,0,0,0,0,0,0,0,0,0,0,0,0,0,0,0,0,0,0,0,40,2026-02-07 03:05:40.716949
ATMN,24.67,24.65,24.66,2216600.0,2157700.0,641.0,100.0,0,0,0,0,0,0,0,0,0,0,0,0,0,0,0,0,0,0,0,0,0,0,0,0,0,0,0,0,0,0,0,0,40,2026-02-07 03:05:40.716949
WNTR,25.21,25.21,25.22,2207200.0,2086200.0,,3956.0,0,0,0,0,0,0,0,0,0,0,0,0,0,0,0,0,0,0,0,0,0,0,0,0,0,0,0,0,0,0,0,0,40,2026-02-07 03:05:40.716949
SPNG,25.08,25.05,25.08,2152300.0,100.0,2093100.0,100.0,0,0,0,0,0,0,0,0,0,0,0,0,0,0,0,0,0,0,0,0,0,0,0,0,0,0,0,0,0,0,0,0,41,2026-02-07 03:05:41.758861
SMMR,24.95,24.95,24.96,1977600.0,7646.0,2063200.0,7646.0,0,0,0,0,0,0,0,0,0,0,0,0,0,0,0,0,0,0,0,0,0,0,0,0,0,0,0,0,0,0,0,0,41,2026-02-07 03:05:41.758861
ATMN,24.67,24.71,24.73,2235800.0,7472.0,2296200.0,,0,0,0,0,0,0,0,0,0,0,0,0,0,0,0,0,0,0,0,0,0,0,0,0,0,0,0,0,0,0,0,0,41,2026-02-07 03:05:41.758861
WNTR,25.13,25.13,25.23,2210800.0,,2109300.0,7820.0,0,0,0,0,0,0,0,0,0,0,0,0,0,0,0,0,0,0,0,0,0,0,0,0,0,0,0,0,0,0,0,0,41,2026-02-07 03:05:41.758861
SPNG,25.08,25.05,25.08,2174900.0,100.0,1971700.0,2307.0,0,0,0,0,0,0,0,0,0,0,0,0,0,0,0,0,0,0,0,0,0,0,0,0,0,0,0,0,0,0,0,0,42,2026-02-07 03:05:42.802491
SMMR,24.95,24.95,24.96,1907800.0,10000.0,1943600.0,15200.0,0,0,0,0,0,0,0,0,0,0,0,0,0,0,0,0,0,0,0,0,0,0,0,0,0,0,0,0,0,0,0,0,42,2026-02-07 03:05:42.802491
ATMN,24.78,24.65,24.71,2114200.0,9317.0,2144300.0,100.0,0,0,0,0,0,0,0,0,0,0,0,0,0,0,0,0,0,0,0,0,0,0,0,0,0,0,0,0,0,0,0,0,42,2026-02-07 03:05:42.802491
WNTR,25.09,25.03,25.09,2219000.0,,1976800.0,15546.0,0,0,0,0,0,0,0,0,0,0,0,0,0,0,0,0,0,0,0,0,0,0,0,0,0,0,0,0,0,0,0,0,42,2026-02-07 03:05:42.802491
SPNG,25.32,25.07,25.3,300.0,1961900.0,100.0,2071200.0,0,0,0,0,0,0,0,0,0,0,0,0,0,0,0,0,0,0,0,0,0,0,0,0,0,0,0,0,0,0,0,0,43,2026-02-07 03:05:43.846269
SMMR,24.94,24.94,24.96,,2097300.0,16000.0,1840000.0,0,0,0,0,0,0,0,0,0,0,0,0,0,0,0,0,0,0,0,0,0,0,0,0,0,0,0,0,0,0,0,0,43,2026-02-07 03:05:43.846269
ATMN,24.74,24.74,24.77,,2352400.0,8831.0,2144300.0,0,0,0,0,0,0,0,0,0,0,0,0,0,0,0,0,0,0,0,0,0,0,0,0,0,0,0,0,0,0,0,0,43,2026-02-07 03:05:43.846269
WNTR,25.07,25.03,25.05,,2216300.0,20384.0,1848400.0,0,0,0,0,0,0,0,0,0,0,0,0,0,0,0,0,0,0,0,0,0,0,0,0,0,0,0,0,0,0,0,0,43,2026-02-07 03:05:43.846269
SPNG,25.05,24.9,25.02,100.0,2239300.0,2042700.0,100.0,0,0,0,0,0,0,0,0,0,0,0,0,0,0,0,0,0,0,0,0,0,0,0,0,0,0,0,0,0,0,0,0,44,2026-02-07 03:05:44.393315
SMMR,24.94,24.94,24.96,,2098800.0,1840000.0,16000.0,0,0,0,0,0,0,0,0,0,0,0,0,0,0,0,0,0,0,0,0,0,0,0,0,0,0,0,0,0,0,0,0,44,2026-02-07 03:05:44.393315
ATMN,24.74,24.58,24.71,,2343800.0,2157300.0,8831.0,0,0,0,0,0,0,0,0,0,0,0,0,0,0,0,0,0,0,0,0,0,0,0,0,0,0,0,0,0,0,0,0,44,2026-02-07 03:05:44.393315
WNTR,25.13,25.13,25.23,,2252500.0,2085600.0,7820.0,0,0,0,0,0,0,0,0,0,0,0,0,0,0,0,0,0,0,0,0,0,0,0,0,0,0,0,0,0,0,0,0,44,2026-02-07 03:05:44.393315
SPNG,25.05,24.9,25.02,2332500.0,2164100.0,0,0,0,0,0,0,0,0,0,0,0,0,0,0,0,0,0,0,0,0,0,0,0,0,0,0,0,0,0,0,0,0,0,0,45,2026-02-07 03:05:45.469135
SMMR,25.04,24.94,25.04,2071700.0,2152000.0,0,0,0,0,0,0,0,0,0,0,0,0,0,0,0,0,0,0,0,0,0,0,0,0,0,0,0,0,0,0,0,0,0,0,45,2026-02-07 03:05:45.469135
ATMN,24.78,24.58,24.78,2328500.0,2279400.0,0,0,0,0,0,0,0,0,0,0,0,0,0,0,0,0,0,0,0,0,0,0,0,0,0,0,0,0,0,0,0,0,0,0,45,2026-02-07 03:05:45.469135
WNTR,25.23,25.13,25.23,2258600.0,2244900.0,0,0,0,0,0,0,0,0,0,0,0,0,0,0,0,0,0,0,0,0,0,0,0,0,0,0,0,0,0,0,0,0,0,0,45,2026-02-07 03:05:45.469135
SPNG,25.34,24.91,25.29,9220.0,2213700.0,2173200.0,,0,0,0,0,0,0,0,0,0,0,0,0,0,0,0,0,0,0,0,0,0,0,0,0,0,0,0,0,0,0,0,0,46,2026-02-07 03:05:46.566793
SMMR,25.02,25.02,25.04,9658.0,1992500.0,2152000.0,,0,0,0,0,0,0,0,0,0,0,0,0,0,0,0,0,0,0,0,0,0,0,0,0,0,0,0,0,0,0,0,0,46,2026-02-07 03:05:46.566793
ATMN,24.74,24.61,24.68,10000.0,2271700.0,2203900.0,1930.0,0,0,0,0,0,0,0,0,0,0,0,0,0,0,0,0,0,0,0,0,0,0,0,0,0,0,0,0,0,0,0,0,46,2026-02-07 03:05:46.566793
WNTR,25.25,25.12,25.25,9100.0,2101500.0,2270900.0,,0,0,0,0,0,0,0,0,0,0,0,0,0,0,0,0,0,0,0,0,0,0,0,0,0,0,0,0,0,0,0,0,46,2026-02-07 03:05:46.566793
SPNG,25.34,25.19,25.26,2066700.0,9320.0,992.0,2069900.0,0,0,0,0,0,0,0,0,0,0,0,0,0,0,0,0,0,0,0,0,0,0,0,0,0,0,0,0,0,0,0,0,47,2026-02-07 03:05:47.639962
SMMR,25.02,25.03,25.04,1893600.0,9758.0,4156.0,2067200.0,0,0,0,0,0,0,0,0,0,0,0,0,0,0,0,0,0,0,0,0,0,0,0,0,0,0,0,0,0,0,0,0,47,2026-02-07 03:05:47.639962
ATMN,24.55,24.66,24.79,2229300.0,1673.0,,2297200.0,0,0,0,0,0,0,0,0,0,0,0,0,0,0,0,0,0,0,0,0,0,0,0,0,0,0,0,0,0,0,0,0,47,2026-02-07 03:05:47.639962
WNTR,25.1,25.09,25.1,2226900.0,,4251.0,2142200.0,0,0,0,0,0,0,0,0,0,0,0,0,0,0,0,0,0,0,0,0,0,0,0,0,0,0,0,0,0,0,0,0,47,2026-02-07 03:05:47.639962
SPNG,25.2,24.93,25.02,2207100.0,9220.0,1958300.0,1092.0,0,0,0,0,0,0,0,0,0,0,0,0,0,0,0,0,0,0,0,0,0,0,0,0,0,0,0,0,0,0,0,0,48,2026-02-07 03:05:48.691522
SMMR,24.93,24.96,25.04,2047100.0,,1963600.0,5567.0,0,0,0,0,0,0,0,0,0,0,0,0,0,0,0,0,0,0,0,0,0,0,0,0,0,0,0,0,0,0,0,0,48,2026-02-07 03:05:48.691522
ATMN,24.48,24.5,24.79,2200600.0,100.0,2297200.0,,0,0,0,0,0,0,0,0,0,0,0,0,0,0,0,0,0,0,0,0,0,0,0,0,0,0,0,0,0,0,0,0,48,2026-02-07 03:05:48.691522
WNTR,25.03,25.03,25.07,2232100.0,,2007900.0,11487.0,0,0,0,0,0,0,0,0,0,0,0,0,0,0,0,0,0,0,0,0,0,0,0,0,0,0,0,0,0,0,0,0,48,2026-02-07 03:05:48.691522
SPNG,25.02,24.93,25.02,2235600.0,9220.0,1958300.0,1092.0,0,0,0,0,0,0,0,0,0,0,0,0,0,0,0,0,0,0,0,0,0,0,0,0,0,0,0,0,0,0,0,0,49,2026-02-07 03:05:49.738386
SMMR,24.93,24.99,25.02,2013300.0,100.0,1872000.0,14429.0,0,0,0,0,0,0,0,0,0,0,0,0,0,0,0,0,0,0,0,0,0,0,0,0,0,0,0,0,0,0,0,0,49,2026-02-07 03:05:49.738386
ATMN,24.62,24.5,24.62,2197300.0,100.0,2158000.0,8660.0,0,0,0,0,0,0,0,0,0,0,0,0,0,0,0,0,0,0,0,0,0,0,0,0,0,0,0,0,0,0,0,0,49,2026-02-07 03:05:49.738386
WNTR,25.0,25.02,25.1,2117600.0,7032.0,1987100.0,11487.0,0,0,0,0,0,0,0,0,0,0,0,0,0,0,0,0,0,0,0,0,0,0,0,0,0,0,0,0,0,0,0,0,49,2026-02-07 03:05:49.738386
SPNG,25.29,24.93,25.29,2362600.0,2173200.0,0,0,0,0,0,0,0,0,0,0,0,0,0,0,0,0,0,0,0,0,0,0,0,0,0,0,0,0,0,0,0,0,0,0,50,2026-02-07 03:05:50.782559
SMMR,25.04,24.99,25.04,2102700.0,2188500.0,0,0,0,0,0,0,0,0,0,0,0,0,0,0,0,0,0,0,0,0,0,0,0,0,0,0,0,0,0,0,0,0,0,0,50,2026-02-07 03:05:50.782559
ATMN,24.79,24.76,24.79,2329600.0,2261400.0,0,0,0,0,0,0,0,0,0,0,0,0,0,0,0,0,0,0,0,0,0,0,0,0,0,0,0,0,0,0,0,0,0,0,50,2026-02-07 03:05:50.782559
WNTR,25.22,25.23,25.25,2225000.0,2221400.0,0,0,0,0,0,0,0,0,0,0,0,0,0,0,0,0,0,0,0,0,0,0,0,0,0,0,0,0,0,0,0,0,0,0,50,2026-02-07 03:05:50.782559
SPNG,24.9,24.9,25.35,2364200.0,2170300.0,,,0,0,0,0,0,0,0,0,0,0,0,0,0,0,0,0,0,0,0,0,0,0,0,0,0,0,0,0,0,0,0,0,51,2026-02-07 03:05:51.832387
SMMR,24.99,24.99,25.04,2102700.0,2188500.0,,,0,0,0,0,0,0,0,0,0,0,0,0,0,0,0,0,0,0,0,0,0,0,0,0,0,0,0,0,0,0,0,0,51,2026-02-07 03:05:51.832387
ATMN,24.76,24.49,24.72,2337900.0,2348100.0,,,0,0,0,0,0,0,0,0,0,0,0,0,0,0,0,0,0,0,0,0,0,0,0,0,0,0,0,0,0,0,0,0,51,2026-02-07 03:05:51.832387
WNTR,25.1,25.02,25.08,2103200.0,2068100.0,6822.0,6822.0,0,0,0,0,0,0,0,0,0,0,0,0,0,0,0,0,0,0,0,0,0,0,0,0,0,0,0,0,0,0,0,0,51,2026-02-07 03:05:51.832387
SPNG,24.9,24.95,25.14,7934.0,2104400.0,6684.0,1928500.0,0,0,0,0,0,0,0,0,0,0,0,0,0,0,0,0,0,0,0,0,0,0,0,0,0,0,0,0,0,0,0,0,52,2026-02-07 03:05:52.898080
SMMR,24.98,24.98,25.03,,2075400.0,4924.0,2096900.0,0,0,0,0,0,0,0,0,0,0,0,0,0,0,0,0,0,0,0,0,0,0,0,0,0,0,0,0,0,0,0,0,52,2026-02-07 03:05:52.898080
ATMN,24.49,24.49,24.79,,2326300.0,,2305000.0,0,0,0,0,0,0,0,0,0,0,0,0,0,0,0,0,0,0,0,0,0,0,0,0,0,0,0,0,0,0,0,0,52,2026-02-07 03:05:52.898080
WNTR,25.23,25.04,25.07,13538.0,2002200.0,2780.0,2082200.0,0,0,0,0,0,0,0,0,0,0,0,0,0,0,0,0,0,0,0,0,0,0,0,0,0,0,0,0,0,0,0,0,52,2026-02-07 03:05:52.898080
SPNG,24.9,25.04,25.14,2087000.0,7934.0,6684.0,1928500.0,0,0,0,0,0,0,0,0,0,0,0,0,0,0,0,0,0,0,0,0,0,0,0,0,0,0,0,0,0,0,0,0,53,2026-02-07 03:05:53.462748
SMMR,24.98,24.98,25.03,2066500.0,,4924.0,2096900.0,0,0,0,0,0,0,0,0,0,0,0,0,0,0,0,0,0,0,0,0,0,0,0,0,0,0,0,0,0,0,0,0,53,2026-02-07 03:05:53.462748
ATMN,24.8,24.49,24.8,2326300.0,,,2302900.0,0,0,0,0,0,0,0,0,0,0,0,0,0,0,0,0,0,0,0,0,0,0,0,0,0,0,0,0,0,0,0,0,53,2026-02-07 03:05:53.462748
WNTR,25.0,25.0,25.07,2207900.0,,2780.0,2082200.0,0,0,0,0,0,0,0,0,0,0,0,0,0,0,0,0,0,0,0,0,0,0,0,0,0,0,0,0,0,0,0,0,53,2026-02-07 03:05:53.462748
SPNG,25.04,25.04,25.31,2087000.0,7934.0,2059700.0,6367.0,0,0,0,0,0,0,0,0,0,0,0,0,0,0,0,0,0,0,0,0,0,0,0,0,0,0,0,0,0,0,0,0,54,2026-02-07 03:05:54.531030
SMMR,24.96,24.96,25.01,2034600.0,,1988800.0,13856.0,0,0,0,0,0,0,0,0,0,0,0,0,0,0,0,0,0,0,0,0,0,0,0,0,0,0,0,0,0,0,0,0,54,2026-02-07 03:05:54.531030
ATMN,24.57,24.49,24.51,2231800.0,451.0,2206600.0,8711.0,0,0,0,0,0,0,0,0,0,0,0,0,0,0,0,0,0,0,0,0,0,0,0,0,0,0,0,0,0,0,0,0,54,2026-02-07 03:05:54.531030
WNTR,25.25,25.1,25.25,2208100.0,,2217500.0,,0,0,0,0,0,0,0,0,0,0,0,0,0,0,0,0,0,0,0,0,0,0,0,0,0,0,0,0,0,0,0,0,54,2026-02-07 03:05:54.531030
SPNG,25.04,25.05,25.29,2096600.0,7934.0,2058000.0,6367.0,0,0,0,0,0,0,0,0,0,0,0,0,0,0,0,0,0,0,0,0,0,0,0,0,0,0,0,0,0,0,0,0,55,2026-02-07 03:05:55.583439
SMMR,24.96,24.96,25.01,2045800.0,,1988800.0,13856.0,0,0,0,0,0,0,0,0,0,0,0,0,0,0,0,0,0,0,0,0,0,0,0,0,0,0,0,0,0,0,0,0,55,2026-02-07 03:05:55.583439
ATMN,24.76,24.49,24.63,2250300.0,451.0,2304600.0,,0,0,0,0,0,0,0,0,0,0,0,0,0,0,0,0,0,0,0,0,0,0,0,0,0,0,0,0,0,0,0,0,55,2026-02-07 03:05:55.583439
WNTR,25.25,25.25,25.26,2208900.0,,2186200.0,,0,0,0,0,0,0,0,0,0,0,0,0,0,0,0,0,0,0,0,0,0,0,0,0,0,0,0,0,0,0,0,0,55,2026-02-07 03:05:55.583439
SPNG,25.29,24.9,25.29,2320500.0,2165600.0,0,0,0,0,0,0,0,0,0,0,0,0,0,0,0,0,0,0,0,0,0,0,0,0,0,0,0,0,0,0,0,0,0,0,56,2026-02-07 03:05:56.662902
SMMR,25.04,25.02,25.04,2063800.0,2158100.0,0,0,0,0,0,0,0,0,0,0,0,0,0,0,0,0,0,0,0,0,0,0,0,0,0,0,0,0,0,0,0,0,0,0,56,2026-02-07 03:05:56.662902
ATMN,24.63,24.69,24.8,2381000.0,2295900.0,0,0,0,0,0,0,0,0,0,0,0,0,0,0,0,0,0,0,0,0,0,0,0,0,0,0,0,0,0,0,0,0,0,0,56,2026-02-07 03:05:56.662902
WNTR,25.26,25.05,25.26,2203200.0,2186200.0,0,0,0,0,0,0,0,0,0,0,0,0,0,0,0,0,0,0,0,0,0,0,0,0,0,0,0,0,0,0,0,0,0,0,56,2026-02-07 03:05:56.662902
SPNG,25.29,25.06,25.07,491.0,2222400.0,2184800.0,0,0,0,0,0,0,0,0,0,0,0,0,0,0,0,0,0,0,0,0,0,0,0,0,0,0,0,0,0,0,0,0,0,57,2026-02-07 03:05:57.708300
SMMR,25.05,25.02,25.05,,2104400.0,2152200.0,0,0,0,0,0,0,0,0,0,0,0,0,0,0,0,0,0,0,0,0,0,0,0,0,0,0,0,0,0,0,0,0,0,57,2026-02-07 03:05:57.708300
ATMN,24.8,24.55,24.8,,2406200.0,2295900.0,0,0,0,0,0,0,0,0,0,0,0,0,0,0,0,0,0,0,0,0,0,0,0,0,0,0,0,0,0,0,0,0,0,57,2026-02-07 03:05:57.708300
WNTR,25.27,25.13,25.17,1909.0,2094600.0,2151900.0,0,0,0,0,0,0,0,0,0,0,0,0,0,0,0,0,0,0,0,0,0,0,0,0,0,0,0,0,0,0,0,0,0,57,2026-02-07 03:05:57.708300
SPNG,25.07,24.97,25.07,2359300.0,2184800.0,0,0,0,0,0,0,0,0,0,0,0,0,0,0,0,0,0,0,0,0,0,0,0,0,0,0,0,0,0,0,0,0,0,0,58,2026-02-07 03:05:58.757907
SMMR,25.02,25.02,25.05,2104400.0,2180100.0,0,0,0,0,0,0,0,0,0,0,0,0,0,0,0,0,0,0,0,0,0,0,0,0,0,0,0,0,0,0,0,0,0,0,58,2026-02-07 03:05:58.757907
ATMN,24.55,24.55,24.8,2398200.0,2295900.0,0,0,0,0,0,0,0,0,0,0,0,0,0,0,0,0,0,0,0,0,0,0,0,0,0,0,0,0,0,0,0,0,0,0,58,2026-02-07 03:05:58.757907
WNTR,25.17,25.22,25.27,2212900.0,2136500.0,0,0,0,0,0,0,0,0,0,0,0,0,0,0,0,0,0,0,0,0,0,0,0,0,0,0,0,0,0,0,0,0,0,0,58,2026-02-07 03:05:58.757907
SPNG,25.29,25.29,25.31,2406400.0,2185700.0,0,0,0,0,0,0,0,0,0,0,0,0,0,0,0,0,0,0,0,0,0,0,0,0,0,0,0,0,0,0,0,0,0,0,59,2026-02-07 03:05:59.820714
SMMR,25.02,25.02,25.08,2104400.0,2147200.0,0,0,0,0,0,0,0,0,0,0,0,0,0,0,0,0,0,0,0,0,0,0,0,0,0,0,0,0,0,0,0,0,0,0,59,2026-02-07 03:05:59.820714
ATMN,24.83,24.7,24.83,2387000.0,2301000.0,0,0,0,0,0,0,0,0,0,0,0,0,0,0,0,0,0,0,0,0,0,0,0,0,0,0,0,0,0,0,0,0,0,0,59,2026-02-07 03:05:59.820714
WNTR,25.27,25.1,25.27,2181300.0,2138000.0,0,0,0,0,0,0,0,0,0,0,0,0,0,0,0,0,0,0,0,0,0,0,0,0,0,0,0,0,0,0,0,0,0,0,59,2026-02-07 03:05:59.820714
SPNG,25.7,25.7,26.03,862400.0,633100.0,0,0,0,0,0,0,0,0,0,0,0,0,0,0,0,0,0,0,0,0,0,0,0,0,0,0,0,0,0,0,0,0,0,0,60,2026-02-07 03:06:00.884741
SMMR,25.8,25.8,26.05,917600.0,678600.0,0,0,0,0,0,0,0,0,0,0,0,0,0,0,0,0,0,0,0,0,0,0,0,0,0,0,0,0,0,0,0,0,0,0,60,2026-02-07 03:06:00.884741
ATMN,25.92,25.92,26.44,911000.0,730700.0,0,0,0,0,0,0,0,0,0,0,0,0,0,0,0,0,0,0,0,0,0,0,0,0,0,0,0,0,0,0,0,0,0,0,60,2026-02-07 03:06:00.884741
WNTR,25.05,25.07,25.12,903000.0,795000.0,0,0,0,0,0,0,0,0,0,0,0,0,0,0,0,0,0,0,0,0,0,0,0,0,0,0,0,0,0,0,0,0,0,0,60,2026-02-07 03:06:00.884741
SPNG,25.57,24.75,25.1,986400.0,862900.0,,,0,0,0,0,0,0,0,0,0,0,0,0,0,0,0,0,0,0,0,0,0,0,0,0,0,0,0,0,0,0,0,0,61,2026-02-07 03:06:01.923378
SMMR,25.8,25.81,25.91,917600.0,965700.0,5377.0,5377.0,0,0,0,0,0,0,0,0,0,0,0,0,0,0,0,0,0,0,0,0,0,0,0,0,0,0,0,0,0,0,0,0,61,2026-02-07 03:06:01.923378
ATMN,25.92,25.95,26.07,1034000.0,1234900.0,4466.0,,0,0,0,0,0,0,0,0,0,0,0,0,0,0,0,0,0,0,0,0,0,0,0,0,0,0,0,0,0,0,0,0,61,2026-02-07 03:06:01.923378
WNTR,25.07,25.07,25.09,903000.0,998800.0,5500.0,5500.0,0,0,0,0,0,0,0,0,0,0,0,0,0,0,0,0,0,0,0,0,0,0,0,0,0,0,0,0,0,0,0,0,61,2026-02-07 03:06:01.923378
SPNG,27.27,24.88,26.23,1507.0,986400.0,810400.0,,0,0,0,0,0,0,0,0,0,0,0,0,0,0,0,0,0,0,0,0,0,0,0,0,0,0,0,0,0,0,0,0,62,2026-02-07 03:06:02.968756
SMMR,25.8,25.8,25.86,1507.0,904700.0,1162300.0,8391.0,0,0,0,0,0,0,0,0,0,0,0,0,0,0,0,0,0,0,0,0,0,0,0,0,0,0,0,0,0,0,0,0,62,2026-02-07 03:06:02.968756
ATMN,26.07,25.95,25.97,5973.0,1125400.0,1352100.0,5973.0,0,0,0,0,0,0,0,0,0,0,0,0,0,0,0,0,0,0,0,0,0,0,0,0,0,0,0,0,0,0,0,0,62,2026-02-07 03:06:02.968756
WNTR,25.07,25.02,25.06,1507.0,1029900.0,1211100.0,8514.0,0,0,0,0,0,0,0,0,0,0,0,0,0,0,0,0,0,0,0,0,0,0,0,0,0,0,0,0,0,0,0,0,62,2026-02-07 03:06:02.968756
SPNG,25.45,25.45,26.23,1110800.0,934900.0,,,0,0,0,0,0,0,0,0,0,0,0,0,0,0,0,0,0,0,0,0,0,0,0,0,0,0,0,0,0,0,0,0,63,2026-02-07 03:06:04.006354
SMMR,25.8,25.69,25.74,1011000.0,1275500.0,1024.0,2048.0,0,0,0,0,0,0,0,0,0,0,0,0,0,0,0,0,0,0,0,0,0,0,0,0,0,0,0,0,0,0,0,0,63,2026-02-07 03:06:04.006354
ATMN,26.0,26.0,26.21,1257100.0,1104000.0,1024.0,,0,0,0,0,0,0,0,0,0,0,0,0,0,0,0,0,0,0,0,0,0,0,0,0,0,0,0,0,0,0,0,0,63,2026-02-07 03:06:04.006354
WNTR,25.02,25.02,25.04,1029900.0,1552700.0,1024.0,2048.0,0,0,0,0,0,0,0,0,0,0,0,0,0,0,0,0,0,0,0,0,0,0,0,0,0,0,0,0,0,0,0,0,63,2026-02-07 03:06:04.006354
SPNG,25.46,25.45,25.46,1110800.0,1042500.0,1024.0,,0,0,0,0,0,0,0,0,0,0,0,0,0,0,0,0,0,0,0,0,0,0,0,0,0,0,0,0,0,0,0,0,64,2026-02-07 03:06:04.552346
SMMR,25.69,25.64,25.69,1124200.0,1371600.0,2048.0,,0,0,0,0,0,0,0,0,0,0,0,0,0,0,0,0,0,0,0,0,0,0,0,0,0,0,0,0,0,0,0,0,64,2026-02-07 03:06:04.552346
ATMN,26.26,25.92,26.26,1125400.0,979600.0,,1024.0,0,0,0,0,0,0,0,0,0,0,0,0,0,0,0,0,0,0,0,0,0,0,0,0,0,0,0,0,0,0,0,0,64,2026-02-07 03:06:04.552346
WNTR,24.89,24.89,25.05,903100.0,1552700.0,,,0,0,0,0,0,0,0,0,0,0,0,0,0,0,0,0,0,0,0,0,0,0,0,0,0,0,0,0,0,0,0,0,64,2026-02-07 03:06:04.552346
SPNG,25.46,25.5,26.11,1299800.0,1873.0,1024800.0,1024.0,0,0,0,0,0,0,0,0,0,0,0,0,0,0,0,0,0,0,0,0,0,0,0,0,0,0,0,0,0,0,0,0,65,2026-02-07 03:06:05.605181
SMMR,25.7,25.64,25.69,1235900.0,1873.0,1378600.0,2048.0,0,0,0,0,0,0,0,0,0,0,0,0,0,0,0,0,0,0,0,0,0,0,0,0,0,0,0,0,0,0,0,0,65,2026-02-07 03:06:05.605181
ATMN,25.88,25.87,25.88,1161400.0,1024.0,1200100.0,3746.0,0,0,0,0,0,0,0,0,0,0,0,0,0,0,0,0,0,0,0,0,0,0,0,0,0,0,0,0,0,0,0,0,65,2026-02-07 03:06:05.605181
WNTR,24.89,24.9,25.02,1251800.0,1873.0,1552700.0,3746.0,0,0,0,0,0,0,0,0,0,0,0,0,0,0,0,0,0,0,0,0,0,0,0,0,0,0,0,0,0,0,0,0,65,2026-02-07 03:06:05.605181
SPNG,25.64,25.12,25.54,1194800.0,1152700.0,1926.0,,0,0,0,0,0,0,0,0,0,0,0,0,0,0,0,0,0,0,0,0,0,0,0,0,0,0,0,0,0,0,0,0,66,2026-02-07 03:06:06.681072
SMMR,25.76,25.75,25.76,1443800.0,1275500.0,,9747.0,0,0,0,0,0,0,0,0,0,0,0,0,0,0,0,0,0,0,0,0,0,0,0,0,0,0,0,0,0,0,0,0,66,2026-02-07 03:06:06.681072
ATMN,26.03,25.8,26.03,1049900.0,1320500.0,,,0,0,0,0,0,0,0,0,0,0,0,0,0,0,0,0,0,0,0,0,0,0,0,0,0,0,0,0,0,0,0,0,66,2026-02-07 03:06:06.681072
WNTR,24.99,25.01,25.05,1259100.0,1766600.0,8000.0,9926.0,0,0,0,0,0,0,0,0,0,0,0,0,0,0,0,0,0,0,0,0,0,0,0,0,0,0,0,0,0,0,0,0,66,2026-02-07 03:06:06.681072
SPNG,25.54,25.37,25.54,1521400.0,100.0,1152700.0,1926.0,0,0,0,0,0,0,0,0,0,0,0,0,0,0,0,0,0,0,0,0,0,0,0,0,0,0,0,0,0,0,0,0,67,2026-02-07 03:06:07.790064
SMMR,25.75,25.75,25.76,1551000.0,14176.0,1275500.0,7821.0,0,0,0,0,0,0,0,0,0,0,0,0,0,0,0,0,0,0,0,0,0,0,0,0,0,0,0,0,0,0,0,0,67,2026-02-07 03:06:07.790064
ATMN,26.03,26.13,26.26,1155400.0,,1341400.0,,0,0,0,0,0,0,0,0,0,0,0,0,0,0,0,0,0,0,0,0,0,0,0,0,0,0,0,0,0,0,0,0,67,2026-02-07 03:06:07.790064
WNTR,24.99,25.02,25.04,1259100.0,10535.0,1880400.0,15465.0,0,0,0,0,0,0,0,0,0,0,0,0,0,0,0,0,0,0,0,0,0,0,0,0,0,0,0,0,0,0,0,0,67,2026-02-07 03:06:07.790064
SPNG,25.94,25.94,26.11,1632600.0,200.0,1149400.0,,0,0,0,0,0,0,0,0,0,0,0,0,0,0,0,0,0,0,0,0,0,0,0,0,0,0,0,0,0,0,0,0,68,2026-02-07 03:06:08.865604
SMMR,25.64,25.64,25.75,1526200.0,1926.0,1396300.0,18821.0,0,0,0,0,0,0,0,0,0,0,0,0,0,0,0,0,0,0,0,0,0,0,0,0,0,0,0,0,0,0,0,0,68,2026-02-07 03:06:08.865604
ATMN,26.13,25.63,25.85,1244000.0,2587.0,1583800.0,9612.0,0,0,0,0,0,0,0,0,0,0,0,0,0,0,0,0,0,0,0,0,0,0,0,0,0,0,0,0,0,0,0,0,68,2026-02-07 03:06:08.865604
WNTR,25.06,24.91,25.06,1255900.0,1926.0,2035300.0,,0,0,0,0,0,0,0,0,0,0,0,0,0,0,0,0,0,0,0,0,0,0,0,0,0,0,0,0,0,0,0,0,68,2026-02-07 03:06:08.865604
SPNG,25.94,25.96,26.11,9936.0,1632600.0,1473100.0,,0,0,0,0,0,0,0,0,0,0,0,0,0,0,0,0,0,0,0,0,0,0,0,0,0,0,0,0,0,0,0,0,69,2026-02-07 03:06:09.902550
SMMR,25.76,25.64,25.76,1926.0,1526200.0,1253300.0,,0,0,0,0,0,0,0,0,0,0,0,0,0,0,0,0,0,0,0,0,0,0,0,0,0,0,0,0,0,0,0,0,69,2026-02-07 03:06:09.902550
ATMN,26.13,25.65,25.85,5277.0,1607400.0,1583800.0,9612.0,0,0,0,0,0,0,0,0,0,0,0,0,0,0,0,0,0,0,0,0,0,0,0,0,0,0,0,0,0,0,0,0,69,2026-02-07 03:06:09.902550
WNTR,25.07,24.99,25.07,11926.0,1504500.0,1932000.0,,0,0,0,0,0,0,0,0,0,0,0,0,0,0,0,0,0,0,0,0,0,0,0,0,0,0,0,0,0,0,0,0,69,2026-02-07 03:06:09.902550
SPNG,26.18,25.37,26.18,1521400.0,1383200.0,,,0,0,0,0,0,0,0,0,0,0,0,0,0,0,0,0,0,0,0,0,0,0,0,0,0,0,0,0,0,0,0,0,70,2026-02-07 03:06:10.949534
SMMR,25.64,25.61,25.63,1661700.0,1343900.0,5158.0,,0,0,0,0,0,0,0,0,0,0,0,0,0,0,0,0,0,0,0,0,0,0,0,0,0,0,0,0,0,0,0,0,70,2026-02-07 03:06:10.949534
ATMN,26.17,25.85,26.17,1930500.0,1451400.0,,9512.0,0,0,0,0,0,0,0,0,0,0,0,0,0,0,0,0,0,0,0,0,0,0,0,0,0,0,0,0,0,0,0,0,70,2026-02-07 03:06:10.949534
WNTR,25.1,25.02,25.1,1504500.0,1737100.0,,10000.0,0,0,0,0,0,0,0,0,0,0,0,0,0,0,0,0,0,0,0,0,0,0,0,0,0,0,0,0,0,0,0,0,70,2026-02-07 03:06:10.949534
SPNG,25.77,25.78,26.18,1863800.0,10515.0,1383200.0,,0,0,0,0,0,0,0,0,0,0,0,0,0,0,0,0,0,0,0,0,0,0,0,0,0,0,0,0,0,0,0,0,71,2026-02-07 03:06:11.990479
SMMR,25.92,25.66,25.76,1661700.0,10000.0,1077000.0,,0,0,0,0,0,0,0,0,0,0,0,0,0,0,0,0,0,0,0,0,0,0,0,0,0,0,0,0,0,0,0,0,71,2026-02-07 03:06:11.990479
ATMN,26.17,26.05,26.13,2160200.0,14789.0,1561700.0,6825.0,0,0,0,0,0,0,0,0,0,0,0,0,0,0,0,0,0,0,0,0,0,0,0,0,0,0,0,0,0,0,0,0,71,2026-02-07 03:06:11.990479
WNTR,24.96,24.96,25.0,1504500.0,,1945900.0,6375.0,0,0,0,0,0,0,0,0,0,0,0,0,0,0,0,0,0,0,0,0,0,0,0,0,0,0,0,0,0,0,0,0,71,2026-02-07 03:06:11.990479
SPNG,25.12,25.17,25.88,100.0,1543000.0,1493600.0,7011.0,0,0,0,0,0,0,0,0,0,0,0,0,0,0,0,0,0,0,0,0,0,0,0,0,0,0,0,0,0,0,0,0,72,2026-02-07 03:06:13.022955
SMMR,25.76,25.78,25.92,10000.0,1995000.0,963900.0,,0,0,0,0,0,0,0,0,0,0,0,0,0,0,0,0,0,0,0,0,0,0,0,0,0,0,0,0,0,0,0,0,72,2026-02-07 03:06:13.022955
ATMN,25.82,25.96,26.09,,2140100.0,1753400.0,14973.0,0,0,0,0,0,0,0,0,0,0,0,0,0,0,0,0,0,0,0,0,0,0,0,0,0,0,0,0,0,0,0,0,72,2026-02-07 03:06:13.022955
WNTR,24.81,24.89,24.97,1823.0,1744200.0,1868400.0,9093.0,0,0,0,0,0,0,0,0,0,0,0,0,0,0,0,0,0,0,0,0,0,0,0,0,0,0,0,0,0,0,0,0,72,2026-02-07 03:06:13.022955
SPNG,25.65,25.17,25.65,100.0,1543000.0,1728500.0,7111.0,0,0,0,0,0,0,0,0,0,0,0,0,0,0,0,0,0,0,0,0,0,0,0,0,0,0,0,0,0,0,0,0,73,2026-02-07 03:06:14.062032
SMMR,25.88,25.88,25.9,10100.0,2005400.0,1070900.0,,0,0,0,0,0,0,0,0,0,0,0,0,0,0,0,0,0,0,0,0,0,0,0,0,0,0,0,0,0,0,0,0,73,2026-02-07 03:06:14.062032
ATMN,26.05,26.05,26.09,,2259500.0,1753400.0,14973.0,0,0,0,0,0,0,0,0,0,0,0,0,0,0,0,0,0,0,0,0,0,0,0,0,0,0,0,0,0,0,0,0,73,2026-02-07 03:06:14.062032
WNTR,24.81,24.91,24.95,1923.0,2070900.0,1781500.0,10000.0,0,0,0,0,0,0,0,0,0,0,0,0,0,0,0,0,0,0,0,0,0,0,0,0,0,0,0,0,0,0,0,0,73,2026-02-07 03:06:14.062032
SPNG,26.18,25.17,26.18,100.0,1543000.0,1488000.0,,0,0,0,0,0,0,0,0,0,0,0,0,0,0,0,0,0,0,0,0,0,0,0,0,0,0,0,0,0,0,0,0,74,2026-02-07 03:06:14.595245
SMMR,25.8,25.78,25.79,10000.0,1995000.0,1254700.0,,0,0,0,0,0,0,0,0,0,0,0,0,0,0,0,0,0,0,0,0,0,0,0,0,0,0,0,0,0,0,0,0,74,2026-02-07 03:06:14.595245
ATMN,25.82,25.82,26.09,,2138600.0,1887500.0,14973.0,0,0,0,0,0,0,0,0,0,0,0,0,0,0,0,0,0,0,0,0,0,0,0,0,0,0,0,0,0,0,0,0,74,2026-02-07 03:06:14.595245
WNTR,24.81,24.94,24.95,1923.0,2072500.0,1781500.0,10000.0,0,0,0,0,0,0,0,0,0,0,0,0,0,0,0,0,0,0,0,0,0,0,0,0,0,0,0,0,0,0,0,0,74,2026-02-07 03:06:14.595245
SPNG,26.23,25.25,26.1,200.0,1789200.0,100.0,1363400.0,0,0,0,0,0,0,0,0,0,0,0,0,0,0,0,0,0,0,0,0,0,0,0,0,0,0,0,0,0,0,0,0,75,2026-02-07 03:06:15.646163
SMMR,25.79,25.78,25.79,19861.0,1988300.0,1563.0,1341800.0,0,0,0,0,0,0,0,0,0,0,0,0,0,0,0,0,0,0,0,0,0,0,0,0,0,0,0,0,0,0,0,0,75,2026-02-07 03:06:15.646163
ATMN,26.26,25.76,26.26,,2056700.0,,1880700.0,0,0,0,0,0,0,0,0,0,0,0,0,0,0,0,0,0,0,0,0,0,0,0,0,0,0,0,0,0,0,0,0,75,2026-02-07 03:06:15.646163
WNTR,25.0,24.94,25.0,11684.0,1989600.0,6375.0,1945900.0,0,0,0,0,0,0,0,0,0,0,0,0,0,0,0,0,0,0,0,0,0,0,0,0,0,0,0,0,0,0,0,0,75,2026-02-07 03:06:15.646163
SPNG,25.07,25.07,25.81,1563000.0,1568500.0,,0,0,0,0,0,0,0,0,0,0,0,0,0,0,0,0,0,0,0,0,0,0,0,0,0,0,0,0,0,0,0,0,0,76,2026-02-07 03:06:16.692810
SMMR,25.78,25.73,25.76,2119900.0,1353700.0,,0,0,0,0,0,0,0,0,0,0,0,0,0,0,0,0,0,0,0,0,0,0,0,0,0,0,0,0,0,0,0,0,0,76,2026-02-07 03:06:16.692810
ATMN,26.26,25.82,26.05,2298000.0,1991600.0,7500.0,0,0,0,0,0,0,0,0,0,0,0,0,0,0,0,0,0,0,0,0,0,0,0,0,0,0,0,0,0,0,0,0,0,76,2026-02-07 03:06:16.692810
WNTR,25.05,25.0,25.05,2202000.0,1943700.0,7941.0,0,0,0,0,0,0,0,0,0,0,0,0,0,0,0,0,0,0,0,0,0,0,0,0,0,0,0,0,0,0,0,0,0,76,2026-02-07 03:06:16.692810
SPNG,26.11,25.69,25.98,1681600.0,7427.0,1655600.0,,0,0,0,0,0,0,0,0,0,0,0,0,0,0,0,0,0,0,0,0,0,0,0,0,0,0,0,0,0,0,0,0,77,2026-02-07 03:06:17.738843
SMMR,25.78,25.73,25.75,2211800.0,,1353700.0,5559.0,0,0,0,0,0,0,0,0,0,0,0,0,0,0,0,0,0,0,0,0,0,0,0,0,0,0,0,0,0,0,0,0,77,2026-02-07 03:06:17.738843
ATMN,26.26,25.95,26.03,2107000.0,17500.0,1991600.0,881.0,0,0,0,0,0,0,0,0,0,0,0,0,0,0,0,0,0,0,0,0,0,0,0,0,0,0,0,0,0,0,0,0,77,2026-02-07 03:06:17.738843
WNTR,25.12,25.06,25.12,2169100.0,7941.0,1706400.0,,0,0,0,0,0,0,0,0,0,0,0,0,0,0,0,0,0,0,0,0,0,0,0,0,0,0,0,0,0,0,0,0,77,2026-02-07 03:06:17.738843
SPNG,26.11,25.71,25.95,7527.0,1681600.0,1981500.0,,0,0,0,0,0,0,0,0,0,0,0,0,0,0,0,0,0,0,0,0,0,0,0,0,0,0,0,0,0,0,0,0,78,2026-02-07 03:06:18.802944
SMMR,25.71,25.71,25.75,,2224400.0,1465200.0,5878.0,0,0,0,0,0,0,0,0,0,0,0,0,0,0,0,0,0,0,0,0,0,0,0,0,0,0,0,0,0,0,0,0,78,2026-02-07 03:06:18.802944
ATMN,25.84,25.84,26.16,17500.0,2111400.0,2101000.0,,0,0,0,0,0,0,0,0,0,0,0,0,0,0,0,0,0,0,0,0,0,0,0,0,0,0,0,0,0,0,0,0,78,2026-02-07 03:06:18.802944
WNTR,25.17,25.08,25.1,19783.0,1927700.0,1715600.0,689.0,0,0,0,0,0,0,0,0,0,0,0,0,0,0,0,0,0,0,0,0,0,0,0,0,0,0,0,0,0,0,0,0,78,2026-02-07 03:06:18.802944
SPNG,26.11,25.71,25.78,7527.0,1681600.0,1949400.0,1023.0,0,0,0,0,0,0,0,0,0,0,0,0,0,0,0,0,0,0,0,0,0,0,0,0,0,0,0,0,0,0,0,0,79,2026-02-07 03:06:19.853719
SMMR,25.76,25.7,25.76,100.0,2112000.0,1573500.0,,0,0,0,0,0,0,0,0,0,0,0,0,0,0,0,0,0,0,0,0,0,0,0,0,0,0,0,0,0,0,0,0,79,2026-02-07 03:06:19.853719
ATMN,25.93,25.84,25.93,17500.0,2152600.0,2131600.0,2466.0,0,0,0,0,0,0,0,0,0,0,0,0,0,0,0,0,0,0,0,0,0,0,0,0,0,0,0,0,0,0,0,0,79,2026-02-07 03:06:19.853719
WNTR,25.0,25.02,25.09,8041.0,2060000.0,1715600.0,9506.0,0,0,0,0,0,0,0,0,0,0,0,0,0,0,0,0,0,0,0,0,0,0,0,0,0,0,0,0,0,0,0,0,79,2026-02-07 03:06:19.853719
SPNG,25.69,25.07,25.64,1563000.0,2068700.0,,,0,0,0,0,0,0,0,0,0,0,0,0,0,0,0,0,0,0,0,0,0,0,0,0,0,0,0,0,0,0,0,0,80,2026-02-07 03:06:20.901257
SMMR,25.76,25.78,25.83,2202000.0,1672100.0,,,0,0,0,0,0,0,0,0,0,0,0,0,0,0,0,0,0,0,0,0,0,0,0,0,0,0,0,0,0,0,0,0,80,2026-02-07 03:06:20.901257
ATMN,25.93,25.99,26.16,2380600.0,2205000.0,,,0,0,0,0,0,0,0,0,0,0,0,0,0,0,0,0,0,0,0,0,0,0,0,0,0,0,0,0,0,0,0,0,80,2026-02-07 03:06:20.901257
WNTR,25.01,25.0,25.01,2181300.0,1833900.0,6117.0,100.0,0,0,0,0,0,0,0,0,0,0,0,0,0,0,0,0,0,0,0,0,0,0,0,0,0,0,0,0,0,0,0,0,80,2026-02-07 03:06:20.901257
SPNG,25.78,25.69,25.78,1791300.0,2054600.0,,,0,0,0,0,0,0,0,0,0,0,0,0,0,0,0,0,0,0,0,0,0,0,0,0,0,0,0,0,0,0,0,0,81,2026-02-07 03:06:21.940848
SMMR,25.85,25.81,25.85,1933300.0,1585000.0,19892.0,,0,0,0,0,0,0,0,0,0,0,0,0,0,0,0,0,0,0,0,0,0,0,0,0,0,0,0,0,0,0,0,0,81,2026-02-07 03:06:21.940848
ATMN,26.06,26.07,26.13,2239300.0,2108100.0,100.0,100.0,0,0,0,0,0,0,0,0,0,0,0,0,0,0,0,0,0,0,0,0,0,0,0,0,0,0,0,0,0,0,0,0,81,2026-02-07 03:06:21.940848
WNTR,25.0,25.02,25.09,2094300.0,1809900.0,14158.0,9388.0,0,0,0,0,0,0,0,0,0,0,0,0,0,0,0,0,0,0,0,0,0,0,0,0,0,0,0,0,0,0,0,0,81,2026-02-07 03:06:21.940848
SPNG,25.78,25.69,25.75,1882200.0,1856.0,1861.0,2006500.0,0,0,0,0,0,0,0,0,0,0,0,0,0,0,0,0,0,0,0,0,0,0,0,0,0,0,0,0,0,0,0,0,82,2026-02-07 03:06:22.992740
SMMR,25.87,25.83,25.87,1792200.0,21419.0,,1586000.0,0,0,0,0,0,0,0,0,0,0,0,0,0,0,0,0,0,0,0,0,0,0,0,0,0,0,0,0,0,0,0,0,82,2026-02-07 03:06:22.992740
ATMN,26.06,26.11,26.12,2218400.0,100.0,4856.0,2029800.0,0,0,0,0,0,0,0,0,0,0,0,0,0,0,0,0,0,0,0,0,0,0,0,0,0,0,0,0,0,0,0,0,82,2026-02-07 03:06:22.992740
WNTR,25.18,25.05,25.15,1974200.0,23484.0,5423.0,1610500.0,0,0,0,0,0,0,0,0,0,0,0,0,0,0,0,0,0,0,0,0,0,0,0,0,0,0,0,0,0,0,0,0,82,2026-02-07 03:06:22.992740
SPNG,25.69,25.69,25.85,1882200.0,1856.0,2059900.0,,0,0,0,0,0,0,0,0,0,0,0,0,0,0,0,0,0,0,0,0,0,0,0,0,0,0,0,0,0,0,0,0,83,2026-02-07 03:06:24.029186
SMMR,25.77,25.79,25.87,2063000.0,4075.0,1668400.0,,0,0,0,0,0,0,0,0,0,0,0,0,0,0,0,0,0,0,0,0,0,0,0,0,0,0,0,0,0,0,0,0,83,2026-02-07 03:06:24.029186
ATMN,25.99,25.84,25.85,2363400.0,,2021500.0,4856.0,0,0,0,0,0,0,0,0,0,0,0,0,0,0,0,0,0,0,0,0,0,0,0,0,0,0,0,0,0,0,0,0,83,2026-02-07 03:06:24.029186
WNTR,24.97,24.97,25.0,2299400.0,,1812600.0,5423.0,0,0,0,0,0,0,0,0,0,0,0,0,0,0,0,0,0,0,0,0,0,0,0,0,0,0,0,0,0,0,0,0,83,2026-02-07 03:06:24.029186
SPNG,25.65,25.52,25.65,2022600.0,1856.0,2020600.0,9655.0,0,0,0,0,0,0,0,0,0,0,0,0,0,0,0,0,0,0,0,0,0,0,0,0,0,0,0,0,0,0,0,0,84,2026-02-07 03:06:25.097989
SMMR,25.77,25.81,25.85,1929000.0,4581.0,1788900.0,6743.0,0,0,0,0,0,0,0,0,0,0,0,0,0,0,0,0,0,0,0,0,0,0,0,0,0,0,0,0,0,0,0,0,84,2026-02-07 03:06:25.097989
ATMN,25.84,25.84,25.85,2338600.0,,1929200.0,11599.0,0,0,0,0,0,0,0,0,0,0,0,0,0,0,0,0,0,0,0,0,0,0,0,0,0,0,0,0,0,0,0,0,84,2026-02-07 03:06:25.097989
WNTR,25.18,25.09,25.16,2159000.0,9196.0,1610500.0,9196.0,0,0,0,0,0,0,0,0,0,0,0,0,0,0,0,0,0,0,0,0,0,0,0,0,0,0,0,0,0,0,0,0,84,2026-02-07 03:06:25.097989
SPNG,25.65,25.63,25.65,2237900.0,2138400.0,,,0,0,0,0,0,0,0,0,0,0,0,0,0,0,0,0,0,0,0,0,0,0,0,0,0,0,0,0,0,0,0,0,85,2026-02-07 03:06:26.132093
SMMR,25.85,25.79,25.83,2016100.0,1885300.0,2981.0,4524.0,0,0,0,0,0,0,0,0,0,0,0,0,0,0,0,0,0,0,0,0,0,0,0,0,0,0,0,0,0,0,0,0,85,2026-02-07 03:06:26.132093
ATMN,26.16,25.82,26.16,2330900.0,2256200.0,,,0,0,0,0,0,0,0,0,0,0,0,0,0,0,0,0,0,0,0,0,0,0,0,0,0,0,0,0,0,0,0,0,85,2026-02-07 03:06:26.132093
WNTR,25.11,25.12,25.15,2184600.0,1813700.0,6289.0,,0,0,0,0,0,0,0,0,0,0,0,0,0,0,0,0,0,0,0,0,0,0,0,0,0,0,0,0,0,0,0,0,85,2026-02-07 03:06:26.132093
SPNG,25.52,25.52,25.65,2380400.0,2138400.0,,,0,0,0,0,0,0,0,0,0,0,0,0,0,0,0,0,0,0,0,0,0,0,0,0,0,0,0,0,0,0,0,0,86,2026-02-07 03:06:26.686793
SMMR,25.85,25.79,25.83,2040100.0,1886100.0,2981.0,4524.0,0,0,0,0,0,0,0,0,0,0,0,0,0,0,0,0,0,0,0,0,0,0,0,0,0,0,0,0,0,0,0,0,86,2026-02-07 03:06:26.686793
ATMN,26.16,25.89,26.03,2206700.0,2230900.0,4821.0,,0,0,0,0,0,0,0,0,0,0,0,0,0,0,0,0,0,0,0,0,0,0,0,0,0,0,0,0,0,0,0,0,86,2026-02-07 03:06:26.686793
WNTR,25.11,25.12,25.15,2223200.0,1928400.0,6289.0,1319.0,0,0,0,0,0,0,0,0,0,0,0,0,0,0,0,0,0,0,0,0,0,0,0,0,0,0,0,0,0,0,0,0,86,2026-02-07 03:06:26.686793
SPNG,25.95,25.54,25.68,100.0,2206900.0,2109400.0,,0,0,0,0,0,0,0,0,0,0,0,0,0,0,0,0,0,0,0,0,0,0,0,0,0,0,0,0,0,0,0,0,87,2026-02-07 03:06:27.781195
SMMR,25.9,25.79,25.81,2981.0,2037900.0,1929900.0,,0,0,0,0,0,0,0,0,0,0,0,0,0,0,0,0,0,0,0,0,0,0,0,0,0,0,0,0,0,0,0,0,87,2026-02-07 03:06:27.781195
ATMN,25.79,25.79,26.16,,2334000.0,2224800.0,,0,0,0,0,0,0,0,0,0,0,0,0,0,0,0,0,0,0,0,0,0,0,0,0,0,0,0,0,0,0,0,0,87,2026-02-07 03:06:27.781195
WNTR,25.11,25.07,25.08,,2290400.0,1868200.0,10377.0,0,0,0,0,0,0,0,0,0,0,0,0,0,0,0,0,0,0,0,0,0,0,0,0,0,0,0,0,0,0,0,0,87,2026-02-07 03:06:27.781195
SPNG,25.88,25.55,25.88,200.0,2078600.0,2101600.0,,0,0,0,0,0,0,0,0,0,0,0,0,0,0,0,0,0,0,0,0,0,0,0,0,0,0,0,0,0,0,0,0,88,2026-02-07 03:06:28.866350
SMMR,25.81,25.77,25.81,,2145200.0,1929900.0,8786.0,0,0,0,0,0,0,0,0,0,0,0,0,0,0,0,0,0,0,0,0,0,0,0,0,0,0,0,0,0,0,0,0,88,2026-02-07 03:06:28.866350
ATMN,25.79,25.86,25.97,8587.0,2185800.0,2129800.0,8587.0,0,0,0,0,0,0,0,0,0,0,0,0,0,0,0,0,0,0,0,0,0,0,0,0,0,0,0,0,0,0,0,0,88,2026-02-07 03:06:28.866350
WNTR,25.07,25.11,25.14,138.0,2202000.0,1938000.0,1319.0,0,0,0,0,0,0,0,0,0,0,0,0,0,0,0,0,0,0,0,0,0,0,0,0,0,0,0,0,0,0,0,0,88,2026-02-07 03:06:28.866350
SPNG,25.5,25.74,25.86,2333200.0,2025200.0,100.0,,0,0,0,0,0,0,0,0,0,0,0,0,0,0,0,0,0,0,0,0,0,0,0,0,0,0,0,0,0,0,0,0,89,2026-02-07 03:06:29.909179
SMMR,25.89,25.78,25.89,2037900.0,1991500.0,,4718.0,0,0,0,0,0,0,0,0,0,0,0,0,0,0,0,0,0,0,0,0,0,0,0,0,0,0,0,0,0,0,0,0,89,2026-02-07 03:06:29.909179
ATMN,25.86,25.86,25.95,2185800.0,2047000.0,9605.0,8587.0,0,0,0,0,0,0,0,0,0,0,0,0,0,0,0,0,0,0,0,0,0,0,0,0,0,0,0,0,0,0,0,0,89,2026-02-07 03:06:29.909179
WNTR,25.15,25.12,25.15,2088600.0,1932300.0,1319.0,9051.0,0,0,0,0,0,0,0,0,0,0,0,0,0,0,0,0,0,0,0,0,0,0,0,0,0,0,0,0,0,0,0,0,89,2026-02-07 03:06:29.909179
SPNG,25.74,25.74,25.83,2299900.0,2121700.0,0,0,0,0,0,0,0,0,0,0,0,0,0,0,0,0,0,0,0,0,0,0,0,0,0,0,0,0,0,0,0,0,0,0,90,2026-02-07 03:06:30.958092
SMMR,25.72,25.72,25.84,2161200.0,1985100.0,0,0,0,0,0,0,0,0,0,0,0,0,0,0,0,0,0,0,0,0,0,0,0,0,0,0,0,0,0,0,0,0,0,0,90,2026-02-07 03:06:30.958092
ATMN,25.86,25.87,25.97,2313700.0,2273600.0,0,0,0,0,0,0,0,0,0,0,0,0,0,0,0,0,0,0,0,0,0,0,0,0,0,0,0,0,0,0,0,0,0,0,90,2026-02-07 03:06:30.958092
WNTR,25.14,25.14,25.15,2301300.0,2040100.0,0,0,0,0,0,0,0,0,0,0,0,0,0,0,0,0,0,0,0,0,0,0,0,0,0,0,0,0,0,0,0,0,0,0,90,2026-02-07 03:06:30.958092
SPNG,25.54,25.54,25.73,2302900.0,2046800.0,100.0,,0,0,0,0,0,0,0,0,0,0,0,0,0,0,0,0,0,0,0,0,0,0,0,0,0,0,0,0,0,0,0,0,91,2026-02-07 03:06:32.002176
SMMR,25.72,25.69,25.7,2138400.0,1906600.0,,,0,0,0,0,0,0,0,0,0,0,0,0,0,0,0,0,0,0,0,0,0,0,0,0,0,0,0,0,0,0,0,0,91,2026-02-07 03:06:32.002176
ATMN,25.86,25.87,25.92,2308700.0,2151600.0,100.0,,0,0,0,0,0,0,0,0,0,0,0,0,0,0,0,0,0,0,0,0,0,0,0,0,0,0,0,0,0,0,0,0,91,2026-02-07 03:06:32.002176
WNTR,25.14,25.14,25.15,2069600.0,1942300.0,4752.0,8784.0,0,0,0,0,0,0,0,0,0,0,0,0,0,0,0,0,0,0,0,0,0,0,0,0,0,0,0,0,0,0,0,0,91,2026-02-07 03:06:32.002176
SPNG,25.83,25.51,25.83,100.0,2170200.0,2137900.0,,0,0,0,0,0,0,0,0,0,0,0,0,0,0,0,0,0,0,0,0,0,0,0,0,0,0,0,0,0,0,0,0,92,2026-02-07 03:06:33.053017
SMMR,25.7,25.69,25.7,8590.0,1922800.0,1787000.0,10714.0,0,0,0,0,0,0,0,0,0,0,0,0,0,0,0,0,0,0,0,0,0,0,0,0,0,0,0,0,0,0,0,0,92,2026-02-07 03:06:33.053017
ATMN,25.91,25.91,25.92,100.0,2176600.0,2041300.0,8321.0,0,0,0,0,0,0,0,0,0,0,0,0,0,0,0,0,0,0,0,0,0,0,0,0,0,0,0,0,0,0,0,0,92,2026-02-07 03:06:33.053017
WNTR,25.18,25.14,25.18,17388.0,1939600.0,2076300.0,,0,0,0,0,0,0,0,0,0,0,0,0,0,0,0,0,0,0,0,0,0,0,0,0,0,0,0,0,0,0,0,0,92,2026-02-07 03:06:33.053017
SPNG,25.71,25.76,25.81,2145500.0,100.0,2184300.0,,0,0,0,0,0,0,0,0,0,0,0,0,0,0,0,0,0,0,0,0,0,0,0,0,0,0,0,0,0,0,0,0,93,2026-02-07 03:06:34.134996
SMMR,25.77,25.77,25.87,1791800.0,16923.0,1994600.0,,0,0,0,0,0,0,0,0,0,0,0,0,0,0,0,0,0,0,0,0,0,0,0,0,0,0,0,0,0,0,0,0,93,2026-02-07 03:06:34.134996
ATMN,25.77,25.92,25.96,2208600.0,4072.0,2180900.0,8144.0,0,0,0,0,0,0,0,0,0,0,0,0,0,0,0,0,0,0,0,0,0,0,0,0,0,0,0,0,0,0,0,0,93,2026-02-07 03:06:34.134996
WNTR,25.16,25.17,25.18,2202000.0,8523.0,2076300.0,,0,0,0,0,0,0,0,0,0,0,0,0,0,0,0,0,0,0,0,0,0,0,0,0,0,0,0,0,0,0,0,0,93,2026-02-07 03:06:34.134996
SPNG,25.81,25.53,25.81,1587.0,1898600.0,2184300.0,,0,0,0,0,0,0,0,0,0,0,0,0,0,0,0,0,0,0,0,0,0,0,0,0,0,0,0,0,0,0,0,0,94,2026-02-07 03:06:35.182536
SMMR,25.82,25.82,25.87,16923.0,1793200.0,1994600.0,,0,0,0,0,0,0,0,0,0,0,0,0,0,0,0,0,0,0,0,0,0,0,0,0,0,0,0,0,0,0,0,0,94,2026-02-07 03:06:35.182536
ATMN,25.76,25.78,25.94,9948.0,2183500.0,2052600.0,11720.0,0,0,0,0,0,0,0,0,0,0,0,0,0,0,0,0,0,0,0,0,0,0,0,0,0,0,0,0,0,0,0,0,94,2026-02-07 03:06:35.182536
WNTR,25.2,25.17,25.18,8623.0,2052400.0,1959000.0,100.0,0,0,0,0,0,0,0,0,0,0,0,0,0,0,0,0,0,0,0,0,0,0,0,0,0,0,0,0,0,0,0,0,94,2026-02-07 03:06:35.182536
SPNG,25.81,25.78,25.81,2235200.0,2184300.0,,,0,0,0,0,0,0,0,0,0,0,0,0,0,0,0,0,0,0,0,0,0,0,0,0,0,0,0,0,0,0,0,0,95,2026-02-07 03:06:36.227034
SMMR,25.82,25.82,25.86,2124400.0,1932000.0,8170.0,,0,0,0,0,0,0,0,0,0,0,0,0,0,0,0,0,0,0,0,0,0,0,0,0,0,0,0,0,0,0,0,0,95,2026-02-07 03:06:36.227034
ATMN,25.76,25.91,25.92,2152000.0,2180900.0,1667.0,666.0,0,0,0,0,0,0,0,0,0,0,0,0,0,0,0,0,0,0,0,0,0,0,0,0,0,0,0,0,0,0,0,0,95,2026-02-07 03:06:36.227034
WNTR,25.2,25.17,25.21,2307900.0,2007000.0,,,0,0,0,0,0,0,0,0,0,0,0,0,0,0,0,0,0,0,0,0,0,0,0,0,0,0,0,0,0,0,0,0,95,2026-02-07 03:06:36.227034
SPNG,25.78,25.78,25.83,2106900.0,100.0,2137900.0,,0,0,0,0,0,0,0,0,0,0,0,0,0,0,0,0,0,0,0,0,0,0,0,0,0,0,0,0,0,0,0,0,96,2026-02-07 03:06:36.776495
SMMR,25.82,25.82,25.85,2104300.0,,1934800.0,8170.0,0,0,0,0,0,0,0,0,0,0,0,0,0,0,0,0,0,0,0,0,0,0,0,0,0,0,0,0,0,0,0,0,96,2026-02-07 03:06:36.776495
ATMN,25.91,25.91,25.92,2161800.0,666.0,2180900.0,1667.0,0,0,0,0,0,0,0,0,0,0,0,0,0,0,0,0,0,0,0,0,0,0,0,0,0,0,0,0,0,0,0,0,96,2026-02-07 03:06:36.776495
WNTR,25.2,25.17,25.21,2270700.0,,2047900.0,,0,0,0,0,0,0,0,0,0,0,0,0,0,0,0,0,0,0,0,0,0,0,0,0,0,0,0,0,0,0,0,0,96,2026-02-07 03:06:36.776495
SPNG,25.46,25.44,25.46,2239400.0,2060200.0,100.0,,0,0,0,0,0,0,0,0,0,0,0,0,0,0,0,0,0,0,0,0,0,0,0,0,0,0,0,0,0,0,0,0,97,2026-02-07 03:06:37.838971
SMMR,25.77,25.77,25.84,2106000.0,1864500.0,9577.0,,0,0,0,0,0,0,0,0,0,0,0,0,0,0,0,0,0,0,0,0,0,0,0,0,0,0,0,0,0,0,0,0,97,2026-02-07 03:06:37.838971
ATMN,26.0,25.77,26.0,2265600.0,2225700.0,,,0,0,0,0,0,0,0,0,0,0,0,0,0,0,0,0,0,0,0,0,0,0,0,0,0,0,0,0,0,0,0,0,97,2026-02-07 03:06:37.838971
WNTR,25.22,25.19,25.22,2109000.0,2012100.0,,8270.0,0,0,0,0,0,0,0,0,0,0,0,0,0,0,0,0,0,0,0,0,0,0,0,0,0,0,0,0,0,0,0,0,97,2026-02-07 03:06:37.838971
SPNG,25.46,25.64,25.86,2104200.0,100.0,2163400.0,,0,0,0,0,0,0,0,0,0,0,0,0,0,0,0,0,0,0,0,0,0,0,0,0,0,0,0,0,0,0,0,0,98,2026-02-07 03:06:38.922081
SMMR,25.7,25.71,25.74,2010000.0,7914.0,1760000.0,9763.0,0,0,0,0,0,0,0,0,0,0,0,0,0,0,0,0,0,0,0,0,0,0,0,0,0,0,0,0,0,0,0,0,98,2026-02-07 03:06:38.922081
ATMN,25.96,25.79,25.83,2152400.0,7687.0,2182000.0,7819.0,0,0,0,0,0,0,0,0,0,0,0,0,0,0,0,0,0,0,0,0,0,0,0,0,0,0,0,0,0,0,0,0,98,2026-02-07 03:06:38.922081
WNTR,25.17,25.17,25.21,2243600.0,,1925200.0,495.0,0,0,0,0,0,0,0,0,0,0,0,0,0,0,0,0,0,0,0,0,0,0,0,0,0,0,0,0,0,0,0,0,98,2026-02-07 03:06:38.922081
SPNG,25.64,25.44,25.48,2118100.0,100.0,2183300.0,,0,0,0,0,0,0,0,0,0,0,0,0,0,0,0,0,0,0,0,0,0,0,0,0,0,0,0,0,0,0,0,0,99,2026-02-07 03:06:40.000564
SMMR,25.67,25.67,25.74,2091600.0,,1760000.0,9763.0,0,0,0,0,0,0,0,0,0,0,0,0,0,0,0,0,0,0,0,0,0,0,0,0,0,0,0,0,0,0,0,0,99,2026-02-07 03:06:40.000564
ATMN,25.81,25.81,25.83,2014700.0,15335.0,2182000.0,7819.0,0,0,0,0,0,0,0,0,0,0,0,0,0,0,0,0,0,0,0,0,0,0,0,0,0,0,0,0,0,0,0,0,99,2026-02-07 03:06:40.000564
WNTR,25.22,25.15,25.2,2127000.0,8004.0,1905900.0,8004.0,0,0,0,0,0,0,0,0,0,0,0,0,0,0,0,0,0,0,0,0,0,0,0,0,0,0,0,0,0,0,0,0,99,2026-02-07 03:06:40.000564
SPNG,25.44,25.44,25.98,2225500.0,2142300.0,,,0,0,0,0,0,0,0,0,0,0,0,0,0,0,0,0,0,0,0,0,0,0,0,0,0,0,0,0,0,0,0,0,100,2026-02-07 03:06:41.041672
SMMR,25.84,25.67,25.85,2090300.0,2056200.0,,,0,0,0,0,0,0,0,0,0,0,0,0,0,0,0,0,0,0,0,0,0,0,0,0,0,0,0,0,0,0,0,0,100,2026-02-07 03:06:41.041672
ATMN,25.81,25.81,25.96,2247400.0,2292400.0,,,0,0,0,0,0,0,0,0,0,0,0,0,0,0,0,0,0,0,0,0,0,0,0,0,0,0,0,0,0,0,0,0,100,2026-02-07 03:06:41.041672
WNTR,25.22,25.16,25.19,2127000.0,1888800.0,927.0,100.0,0,0,0,0,0,0,0,0,0,0,0,0,0,0,0,0,0,0,0,0,0,0,0,0,0,0,0,0,0,0,0,0,100,2026-02-07 03:06:41.041672
SPNG,25.35,25.35,25.72,2232600.0,2077600.0,100.0,,0,0,0,0,0,0,0,0,0,0,0,0,0,0,0,0,0,0,0,0,0,0,0,0,0,0,0,0,0,0,0,0,101,2026-02-07 03:06:42.077998
SMMR,25.84,25.7,25.71,1869500.0,1964600.0,511.0,7746.0,0,0,0,0,0,0,0,0,0,0,0,0,0,0,0,0,0,0,0,0,0,0,0,0,0,0,0,0,0,0,0,0,101,2026-02-07 03:06:42.077998
ATMN,25.77,25.79,26.08,2155800.0,2149100.0,7472.0,7472.0,0,0,0,0,0,0,0,0,0,0,0,0,0,0,0,0,0,0,0,0,0,0,0,0,0,0,0,0,0,0,0,0,101,2026-02-07 03:06:42.077998
WNTR,25.24,25.19,25.22,2000300.0,1874800.0,7820.0,8747.0,0,0,0,0,0,0,0,0,0,0,0,0,0,0,0,0,0,0,0,0,0,0,0,0,0,0,0,0,0,0,0,0,101,2026-02-07 03:06:42.077998
SPNG,25.72,25.39,25.72,7299.0,2095200.0,1993200.0,3749.0,0,0,0,0,0,0,0,0,0,0,0,0,0,0,0,0,0,0,0,0,0,0,0,0,0,0,0,0,0,0,0,0,102,2026-02-07 03:06:43.111771
SMMR,25.68,25.68,25.69,,2067800.0,1863300.0,8157.0,0,0,0,0,0,0,0,0,0,0,0,0,0,0,0,0,0,0,0,0,0,0,0,0,0,0,0,0,0,0,0,0,102,2026-02-07 03:06:43.111771
ATMN,25.92,25.81,25.9,15145.0,2028400.0,2130600.0,3193.0,0,0,0,0,0,0,0,0,0,0,0,0,0,0,0,0,0,0,0,0,0,0,0,0,0,0,0,0,0,0,0,0,102,2026-02-07 03:06:43.111771
WNTR,25.27,25.2,25.21,9192.0,1892800.0,1929200.0,3863.0,0,0,0,0,0,0,0,0,0,0,0,0,0,0,0,0,0,0,0,0,0,0,0,0,0,0,0,0,0,0,0,0,102,2026-02-07 03:06:43.111771
SPNG,25.72,25.72,25.93,2093700.0,7299.0,2078800.0,100.0,0,0,0,0,0,0,0,0,0,0,0,0,0,0,0,0,0,0,0,0,0,0,0,0,0,0,0,0,0,0,0,0,103,2026-02-07 03:06:44.145049
SMMR,25.73,25.73,25.85,1983300.0,7461.0,2047000.0,,0,0,0,0,0,0,0,0,0,0,0,0,0,0,0,0,0,0,0,0,0,0,0,0,0,0,0,0,0,0,0,0,103,2026-02-07 03:06:44.145049
ATMN,25.92,26.02,26.06,2149100.0,7291.0,2136200.0,7291.0,0,0,0,0,0,0,0,0,0,0,0,0,0,0,0,0,0,0,0,0,0,0,0,0,0,0,0,0,0,0,0,0,103,2026-02-07 03:06:44.145049
WNTR,25.21,25.21,25.27,1892300.0,8847.0,2017800.0,,0,0,0,0,0,0,0,0,0,0,0,0,0,0,0,0,0,0,0,0,0,0,0,0,0,0,0,0,0,0,0,0,103,2026-02-07 03:06:44.145049
SPNG,25.98,25.39,25.98,7299.0,2088700.0,2168100.0,,0,0,0,0,0,0,0,0,0,0,0,0,0,0,0,0,0,0,0,0,0,0,0,0,0,0,0,0,0,0,0,0,104,2026-02-07 03:06:45.178496
SMMR,25.83,25.83,25.85,15023.0,1910600.0,1979400.0,597.0,0,0,0,0,0,0,0,0,0,0,0,0,0,0,0,0,0,0,0,0,0,0,0,0,0,0,0,0,0,0,0,0,104,2026-02-07 03:06:45.178496
ATMN,25.78,25.8,26.04,3564.0,2133300.0,2081200.0,14709.0,0,0,0,0,0,0,0,0,0,0,0,0,0,0,0,0,0,0,0,0,0,0,0,0,0,0,0,0,0,0,0,0,104,2026-02-07 03:06:45.178496
WNTR,25.28,25.23,25.26,16381.0,1787700.0,1945100.0,100.0,0,0,0,0,0,0,0,0,0,0,0,0,0,0,0,0,0,0,0,0,0,0,0,0,0,0,0,0,0,0,0,0,104,2026-02-07 03:06:45.178496
SPNG,25.99,25.38,25.6,2197000.0,2171500.0,,,0,0,0,0,0,0,0,0,0,0,0,0,0,0,0,0,0,0,0,0,0,0,0,0,0,0,0,0,0,0,0,0,105,2026-02-07 03:06:46.215923
SMMR,25.83,25.83,25.84,1998800.0,1968500.0,1866.0,1792.0,0,0,0,0,0,0,0,0,0,0,0,0,0,0,0,0,0,0,0,0,0,0,0,0,0,0,0,0,0,0,0,0,105,2026-02-07 03:06:46.215923
ATMN,26.08,25.82,26.08,2149200.0,2283000.0,100.0,,0,0,0,0,0,0,0,0,0,0,0,0,0,0,0,0,0,0,0,0,0,0,0,0,0,0,0,0,0,0,0,0,105,2026-02-07 03:06:46.215923
WNTR,25.26,25.26,25.28,2238200.0,2032000.0,,,0,0,0,0,0,0,0,0,0,0,0,0,0,0,0,0,0,0,0,0,0,0,0,0,0,0,0,0,0,0,0,0,105,2026-02-07 03:06:46.215923
SPNG,25.99,25.44,25.6,5920.0,1982200.0,2086700.0,100.0,0,0,0,0,0,0,0,0,0,0,0,0,0,0,0,0,0,0,0,0,0,0,0,0,0,0,0,0,0,0,0,0,106,2026-02-07 03:06:47.250471
SMMR,25.78,25.73,25.75,7173.0,1983300.0,1868700.0,4255.0,0,0,0,0,0,0,0,0,0,0,0,0,0,0,0,0,0,0,0,0,0,0,0,0,0,0,0,0,0,0,0,0,106,2026-02-07 03:06:47.250471
ATMN,26.16,25.84,26.04,7010.0,2146200.0,2154200.0,7010.0,0,0,0,0,0,0,0,0,0,0,0,0,0,0,0,0,0,0,0,0,0,0,0,0,0,0,0,0,0,0,0,0,106,2026-02-07 03:06:47.250471
WNTR,25.25,25.26,25.28,7337.0,2104000.0,2032000.0,,0,0,0,0,0,0,0,0,0,0,0,0,0,0,0,0,0,0,0,0,0,0,0,0,0,0,0,0,0,0,0,0,106,2026-02-07 03:06:47.250471
SPNG,25.6,25.45,25.6,6609.0,1885500.0,2086700.0,100.0,0,0,0,0,0,0,0,0,0,0,0,0,0,0,0,0,0,0,0,0,0,0,0,0,0,0,0,0,0,0,0,0,107,2026-02-07 03:06:48.286501
SMMR,25.73,25.73,25.75,12479.0,1872600.0,1887300.0,4255.0,0,0,0,0,0,0,0,0,0,0,0,0,0,0,0,0,0,0,0,0,0,0,0,0,0,0,0,0,0,0,0,0,107,2026-02-07 03:06:48.286501
ATMN,26.16,25.87,26.02,12658.0,2017800.0,2023200.0,13342.0,0,0,0,0,0,0,0,0,0,0,0,0,0,0,0,0,0,0,0,0,0,0,0,0,0,0,0,0,0,0,0,0,107,2026-02-07 03:06:48.286501
WNTR,25.16,25.13,25.14,7236.0,2127000.0,1944700.0,1809.0,0,0,0,0,0,0,0,0,0,0,0,0,0,0,0,0,0,0,0,0,0,0,0,0,0,0,0,0,0,0,0,0,107,2026-02-07 03:06:48.286501
SPNG,25.6,25.45,25.58,6609.0,1864900.0,200.0,1985400.0,0,0,0,0,0,0,0,0,0,0,0,0,0,0,0,0,0,0,0,0,0,0,0,0,0,0,0,0,0,0,0,0,108,2026-02-07 03:06:48.830162
SMMR,25.73,25.73,25.75,12479.0,1872600.0,4255.0,1876700.0,0,0,0,0,0,0,0,0,0,0,0,0,0,0,0,0,0,0,0,0,0,0,0,0,0,0,0,0,0,0,0,0,108,2026-02-07 03:06:48.830162
ATMN,25.84,25.95,26.02,7010.0,2140500.0,13342.0,2023200.0,0,0,0,0,0,0,0,0,0,0,0,0,0,0,0,0,0,0,0,0,0,0,0,0,0,0,0,0,0,0,0,0,108,2026-02-07 03:06:48.830162
WNTR,25.22,25.13,25.22,7236.0,2083900.0,,2055600.0,0,0,0,0,0,0,0,0,0,0,0,0,0,0,0,0,0,0,0,0,0,0,0,0,0,0,0,0,0,0,0,0,108,2026-02-07 03:06:48.830162
SPNG,25.83,25.83,25.93,1874100.0,6609.0,100.0,2069200.0,0,0,0,0,0,0,0,0,0,0,0,0,0,0,0,0,0,0,0,0,0,0,0,0,0,0,0,0,0,0,0,0,109,2026-02-07 03:06:49.886161
SMMR,25.7,25.7,25.78,2094200.0,,1792.0,1976800.0,0,0,0,0,0,0,0,0,0,0,0,0,0,0,0,0,0,0,0,0,0,0,0,0,0,0,0,0,0,0,0,0,109,2026-02-07 03:06:49.886161
ATMN,25.8,25.8,26.03,2252400.0,,,2273700.0,0,0,0,0,0,0,0,0,0,0,0,0,0,0,0,0,0,0,0,0,0,0,0,0,0,0,0,0,0,0,0,0,109,2026-02-07 03:06:49.886161
WNTR,25.11,25.11,25.28,2232300.0,,,2045700.0,0,0,0,0,0,0,0,0,0,0,0,0,0,0,0,0,0,0,0,0,0,0,0,0,0,0,0,0,0,0,0,0,109,2026-02-07 03:06:49.886161
SPNG,25.84,25.83,25.84,2235700.0,2196300.0,,0,0,0,0,0,0,0,0,0,0,0,0,0,0,0,0,0,0,0,0,0,0,0,0,0,0,0,0,0,0,0,0,0,110,2026-02-07 03:06:50.986872
SMMR,25.71,25.71,25.75,2082200.0,2093900.0,,0,0,0,0,0,0,0,0,0,0,0,0,0,0,0,0,0,0,0,0,0,0,0,0,0,0,0,0,0,0,0,0,0,110,2026-02-07 03:06:50.986872
ATMN,26.03,26.07,26.13,2221900.0,2269300.0,,0,0,0,0,0,0,0,0,0,0,0,0,0,0,0,0,0,0,0,0,0,0,0,0,0,0,0,0,0,0,0,0,0,110,2026-02-07 03:06:50.986872
WNTR,25.09,25.14,25.24,2101300.0,2055900.0,6928.0,0,0,0,0,0,0,0,0,0,0,0,0,0,0,0,0,0,0,0,0,0,0,0,0,0,0,0,0,0,0,0,0,0,110,2026-02-07 03:06:50.986872
SPNG,25.68,25.38,25.68,2213700.0,2119000.0,100.0,,0,0,0,0,0,0,0,0,0,0,0,0,0,0,0,0,0,0,0,0,0,0,0,0,0,0,0,0,0,0,0,0,111,2026-02-07 03:06:52.055445
SMMR,25.75,25.72,25.75,1974500.0,2096000.0,,6773.0,0,0,0,0,0,0,0,0,0,0,0,0,0,0,0,0,0,0,0,0,0,0,0,0,0,0,0,0,0,0,0,0,111,2026-02-07 03:06:52.055445
ATMN,26.04,25.88,25.99,2279000.0,2100200.0,3176.0,,0,0,0,0,0,0,0,0,0,0,0,0,0,0,0,0,0,0,0,0,0,0,0,0,0,0,0,0,0,0,0,0,111,2026-02-07 03:06:52.055445
WNTR,25.24,25.16,25.22,1975800.0,1945700.0,6822.0,13750.0,0,0,0,0,0,0,0,0,0,0,0,0,0,0,0,0,0,0,0,0,0,0,0,0,0,0,0,0,0,0,0,0,111,2026-02-07 03:06:52.055445
SPNG,25.68,25.57,25.66,2076100.0,6367.0,200.0,2014600.0,0,0,0,0,0,0,0,0,0,0,0,0,0,0,0,0,0,0,0,0,0,0,0,0,0,0,0,0,0,0,0,0,112,2026-02-07 03:06:53.134081
SMMR,25.84,25.76,25.82,1771700.0,22181.0,1731.0,1977400.0,0,0,0,0,0,0,0,0,0,0,0,0,0,0,0,0,0,0,0,0,0,0,0,0,0,0,0,0,0,0,0,0,112,2026-02-07 03:06:53.134081
ATMN,25.78,25.78,25.95,2288200.0,,1059.0,2138500.0,0,0,0,0,0,0,0,0,0,0,0,0,0,0,0,0,0,0,0,0,0,0,0,0,0,0,0,0,0,0,0,0,112,2026-02-07 03:06:53.134081
WNTR,25.2,25.16,25.2,1969700.0,13750.0,,2072700.0,0,0,0,0,0,0,0,0,0,0,0,0,0,0,0,0,0,0,0,0,0,0,0,0,0,0,0,0,0,0,0,0,112,2026-02-07 03:06:53.134081
SPNG,25.9,25.58,25.9,6609.0,1985200.0,2221500.0,,0,0,0,0,0,0,0,0,0,0,0,0,0,0,0,0,0,0,0,0,0,0,0,0,0,0,0,0,0,0,0,0,113,2026-02-07 03:06:54.182831
SMMR,25.85,25.73,25.85,2864.0,1989000.0,2034800.0,,0,0,0,0,0,0,0,0,0,0,0,0,0,0,0,0,0,0,0,0,0,0,0,0,0,0,0,0,0,0,0,0,113,2026-02-07 03:06:54.182831
ATMN,26.13,25.76,26.13,,2331900.0,2236200.0,,0,0,0,0,0,0,0,0,0,0,0,0,0,0,0,0,0,0,0,0,0,0,0,0,0,0,0,0,0,0,0,0,113,2026-02-07 03:06:54.182831
WNTR,25.2,25.18,25.19,21083.0,1741300.0,1937200.0,2301.0,0,0,0,0,0,0,0,0,0,0,0,0,0,0,0,0,0,0,0,0,0,0,0,0,0,0,0,0,0,0,0,0,113,2026-02-07 03:06:54.182831
SPNG,25.38,25.38,25.72,2208200.0,2137200.0,6167.0,0,0,0,0,0,0,0,0,0,0,0,0,0,0,0,0,0,0,0,0,0,0,0,0,0,0,0,0,0,0,0,0,0,114,2026-02-07 03:06:55.227702
SMMR,25.86,25.71,25.86,2052200.0,2024700.0,,0,0,0,0,0,0,0,0,0,0,0,0,0,0,0,0,0,0,0,0,0,0,0,0,0,0,0,0,0,0,0,0,0,114,2026-02-07 03:06:55.227702
ATMN,26.13,25.76,25.94,2290800.0,2125900.0,2568.0,0,0,0,0,0,0,0,0,0,0,0,0,0,0,0,0,0,0,0,0,0,0,0,0,0,0,0,0,0,0,0,0,0,114,2026-02-07 03:06:55.227702
WNTR,25.2,25.15,25.2,2256700.0,2053800.0,,0,0,0,0,0,0,0,0,0,0,0,0,0,0,0,0,0,0,0,0,0,0,0,0,0,0,0,0,0,0,0,0,0,114,2026-02-07 03:06:55.227702
SPNG,25.38,25.38,25.72,2199800.0,2137200.0,6167.0,0,0,0,0,0,0,0,0,0,0,0,0,0,0,0,0,0,0,0,0,0,0,0,0,0,0,0,0,0,0,0,0,0,115,2026-02-07 03:06:55.809272
SMMR,25.8,25.71,25.8,2052200.0,2038600.0,,0,0,0,0,0,0,0,0,0,0,0,0,0,0,0,0,0,0,0,0,0,0,0,0,0,0,0,0,0,0,0,0,0,115,2026-02-07 03:06:55.809272
ATMN,25.76,25.76,25.94,2290800.0,2125900.0,2568.0,0,0,0,0,0,0,0,0,0,0,0,0,0,0,0,0,0,0,0,0,0,0,0,0,0,0,0,0,0,0,0,0,0,115,2026-02-07 03:06:55.809272
WNTR,25.28,25.15,25.28,2252600.0,2059300.0,,0,0,0,0,0,0,0,0,0,0,0,0,0,0,0,0,0,0,0,0,0,0,0,0,0,0,0,0,0,0,0,0,0,115,2026-02-07 03:06:55.809272
SPNG,25.38,25.38,25.43,2204600.0,2261800.0,,0,0,0,0,0,0,0,0,0,0,0,0,0,0,0,0,0,0,0,0,0,0,0,0,0,0,0,0,0,0,0,0,0,116,2026-02-07 03:06:56.892110
SMMR,25.79,25.79,25.8,2081000.0,2038600.0,,0,0,0,0,0,0,0,0,0,0,0,0,0,0,0,0,0,0,0,0,0,0,0,0,0,0,0,0,0,0,0,0,0,116,2026-02-07 03:06:56.892110
ATMN,26.16,26.08,26.16,2154000.0,2239700.0,5745.0,0,0,0,0,0,0,0,0,0,0,0,0,0,0,0,0,0,0,0,0,0,0,0,0,0,0,0,0,0,0,0,0,0,116,2026-02-07 03:06:56.892110
WNTR,25.12,25.12,25.28,2252000.0,2059300.0,,0,0,0,0,0,0,0,0,0,0,0,0,0,0,0,0,0,0,0,0,0,0,0,0,0,0,0,0,0,0,0,0,0,116,2026-02-07 03:06:56.892110
SPNG,25.43,25.49,25.9,2198200.0,2221500.0,0,0,0,0,0,0,0,0,0,0,0,0,0,0,0,0,0,0,0,0,0,0,0,0,0,0,0,0,0,0,0,0,0,0,117,2026-02-07 03:06:58.010820
SMMR,25.85,25.85,25.86,2076400.0,2024700.0,0,0,0,0,0,0,0,0,0,0,0,0,0,0,0,0,0,0,0,0,0,0,0,0,0,0,0,0,0,0,0,0,0,0,117,2026-02-07 03:06:58.010820
ATMN,26.07,25.76,25.92,2290200.0,2275300.0,0,0,0,0,0,0,0,0,0,0,0,0,0,0,0,0,0,0,0,0,0,0,0,0,0,0,0,0,0,0,0,0,0,0,117,2026-02-07 03:06:58.010820
WNTR,25.28,25.24,25.28,2203300.0,2063200.0,0,0,0,0,0,0,0,0,0,0,0,0,0,0,0,0,0,0,0,0,0,0,0,0,0,0,0,0,0,0,0,0,0,0,117,2026-02-07 03:06:58.010820
SPNG,25.9,25.49,25.75,2198200.0,2202800.0,0,0,0,0,0,0,0,0,0,0,0,0,0,0,0,0,0,0,0,0,0,0,0,0,0,0,0,0,0,0,0,0,0,0,118,2026-02-07 03:06:59.059819
SMMR,25.86,25.86,25.87,2082000.0,2031300.0,0,0,0,0,0,0,0,0,0,0,0,0,0,0,0,0,0,0,0,0,0,0,0,0,0,0,0,0,0,0,0,0,0,0,118,2026-02-07 03:06:59.059819
ATMN,26.19,25.88,26.19,2282400.0,2239700.0,0,0,0,0,0,0,0,0,0,0,0,0,0,0,0,0,0,0,0,0,0,0,0,0,0,0,0,0,0,0,0,0,0,0,118,2026-02-07 03:06:59.059819
WNTR,25.29,25.24,25.29,2203300.0,2092300.0,0,0,0,0,0,0,0,0,0,0,0,0,0,0,0,0,0,0,0,0,0,0,0,0,0,0,0,0,0,0,0,0,0,0,118,2026-02-07 03:06:59.059819
SPNG,25.99,25.55,25.74,2187000.0,2157400.0,0,0,0,0,0,0,0,0,0,0,0,0,0,0,0,0,0,0,0,0,0,0,0,0,0,0,0,0,0,0,0,0,0,0,119,2026-02-07 03:07:00.142166
SMMR,25.86,25.78,25.8,2067100.0,2040500.0,0,0,0,0,0,0,0,0,0,0,0,0,0,0,0,0,0,0,0,0,0,0,0,0,0,0,0,0,0,0,0,0,0,0,119,2026-02-07 03:07:00.142166
ATMN,26.19,25.88,26.14,2264800.0,2251200.0,0,0,0,0,0,0,0,0,0,0,0,0,0,0,0,0,0,0,0,0,0,0,0,0,0,0,0,0,0,0,0,0,0,0,119,2026-02-07 03:07:00.142166
WNTR,25.29,25.12,25.29,2218900.0,2092300.0,0,0,0,0,0,0,0,0,0,0,0,0,0,0,0,0,0,0,0,0,0,0,0,0,0,0,0,0,0,0,0,0,0,0,119,2026-02-07 03:07:00.142166
SPNG,26.82,26.82,28.64,941000.0,672600.0,0,0,0,0,0,0,0,0,0,0,0,0,0,0,0,0,0,0,0,0,0,0,0,0,0,0,0,0,0,0,0,0,0,0,120,2026-02-07 03:07:01.200704
SMMR,25.78,24.06,24.16,940600.0,880700.0,0,0,0,0,0,0,0,0,0,0,0,0,0,0,0,0,0,0,0,0,0,0,0,0,0,0,0,0,0,0,0,0,0,0,120,2026-02-07 03:07:01.200704
ATMN,25.84,25.49,26.6,927300.0,836900.0,0,0,0,0,0,0,0,0,0,0,0,0,0,0,0,0,0,0,0,0,0,0,0,0,0,0,0,0,0,0,0,0,0,0,120,2026-02-07 03:07:01.200704
WNTR,25.32,25.14,25.23,853200.0,808400.0,0,0,0,0,0,0,0,0,0,0,0,0,0,0,0,0,0,0,0,0,0,0,0,0,0,0,0,0,0,0,0,0,0,0,120,2026-02-07 03:07:01.200704
SPNG,26.82,26.82,26.88,941000.0,1082200.0,,,0,0,0,0,0,0,0,0,0,0,0,0,0,0,0,0,0,0,0,0,0,0,0,0,0,0,0,0,0,0,0,0,121,2026-02-07 03:07:02.243462
SMMR,24.06,23.96,24.01,962900.0,1240900.0,4570.0,,0,0,0,0,0,0,0,0,0,0,0,0,0,0,0,0,0,0,0,0,0,0,0,0,0,0,0,0,0,0,0,0,121,2026-02-07 03:07:02.243462
ATMN,25.84,25.49,25.71,927300.0,1307500.0,,,0,0,0,0,0,0,0,0,0,0,0,0,0,0,0,0,0,0,0,0,0,0,0,0,0,0,0,0,0,0,0,0,121,2026-02-07 03:07:02.243462
WNTR,25.23,25.16,25.21,970400.0,927300.0,5500.0,5500.0,0,0,0,0,0,0,0,0,0,0,0,0,0,0,0,0,0,0,0,0,0,0,0,0,0,0,0,0,0,0,0,0,121,2026-02-07 03:07:02.243462
SPNG,26.46,26.46,26.55,940500.0,1258900.0,5133.0,,0,0,0,0,0,0,0,0,0,0,0,0,0,0,0,0,0,0,0,0,0,0,0,0,0,0,0,0,0,0,0,0,122,2026-02-07 03:07:03.286326
SMMR,23.96,23.96,24.01,962900.0,1446100.0,7052.0,7052.0,0,0,0,0,0,0,0,0,0,0,0,0,0,0,0,0,0,0,0,0,0,0,0,0,0,0,0,0,0,0,0,0,122,2026-02-07 03:07:03.286326
ATMN,25.84,25.52,25.54,927300.0,1757400.0,5255.0,7737.0,0,0,0,0,0,0,0,0,0,0,0,0,0,0,0,0,0,0,0,0,0,0,0,0,0,0,0,0,0,0,0,0,122,2026-02-07 03:07:03.286326
WNTR,25.14,25.14,25.21,970400.0,1110100.0,7982.0,,0,0,0,0,0,0,0,0,0,0,0,0,0,0,0,0,0,0,0,0,0,0,0,0,0,0,0,0,0,0,0,0,122,2026-02-07 03:07:03.286326
SPNG,26.55,26.55,26.68,1039500.0,1379300.0,0,0,0,0,0,0,0,0,0,0,0,0,0,0,0,0,0,0,0,0,0,0,0,0,0,0,0,0,0,0,0,0,0,0,123,2026-02-07 03:07:04.334285
SMMR,23.59,23.59,23.78,992400.0,1653500.0,0,0,0,0,0,0,0,0,0,0,0,0,0,0,0,0,0,0,0,0,0,0,0,0,0,0,0,0,0,0,0,0,0,0,123,2026-02-07 03:07:04.334285
ATMN,25.49,24.75,25.11,947500.0,2124600.0,0,0,0,0,0,0,0,0,0,0,0,0,0,0,0,0,0,0,0,0,0,0,0,0,0,0,0,0,0,0,0,0,0,0,123,2026-02-07 03:07:04.334285
WNTR,25.23,25.11,25.23,965800.0,916800.0,0,0,0,0,0,0,0,0,0,0,0,0,0,0,0,0,0,0,0,0,0,0,0,0,0,0,0,0,0,0,0,0,0,0,123,2026-02-07 03:07:04.334285
SPNG,25.33,25.84,26.68,1147000.0,1379300.0,0,0,0,0,0,0,0,0,0,0,0,0,0,0,0,0,0,0,0,0,0,0,0,0,0,0,0,0,0,0,0,0,0,0,124,2026-02-07 03:07:04.887536
SMMR,23.59,23.59,23.73,992400.0,1753100.0,0,0,0,0,0,0,0,0,0,0,0,0,0,0,0,0,0,0,0,0,0,0,0,0,0,0,0,0,0,0,0,0,0,0,124,2026-02-07 03:07:04.887536
ATMN,24.6,24.6,25.11,956300.0,2124600.0,0,0,0,0,0,0,0,0,0,0,0,0,0,0,0,0,0,0,0,0,0,0,0,0,0,0,0,0,0,0,0,0,0,0,124,2026-02-07 03:07:04.887536
WNTR,25.11,24.9,24.94,986200.0,1022600.0,0,0,0,0,0,0,0,0,0,0,0,0,0,0,0,0,0,0,0,0,0,0,0,0,0,0,0,0,0,0,0,0,0,0,124,2026-02-07 03:07:04.887536
SPNG,26.69,26.11,26.69,1274200.0,1406300.0,0,0,0,0,0,0,0,0,0,0,0,0,0,0,0,0,0,0,0,0,0,0,0,0,0,0,0,0,0,0,0,0,0,0,125,2026-02-07 03:07:05.976908
SMMR,23.55,23.55,23.78,964200.0,1855600.0,0,0,0,0,0,0,0,0,0,0,0,0,0,0,0,0,0,0,0,0,0,0,0,0,0,0,0,0,0,0,0,0,0,0,125,2026-02-07 03:07:05.976908
ATMN,24.6,24.12,24.28,951100.0,2346600.0,0,0,0,0,0,0,0,0,0,0,0,0,0,0,0,0,0,0,0,0,0,0,0,0,0,0,0,0,0,0,0,0,0,0,125,2026-02-07 03:07:05.976908
WNTR,25.29,24.9,25.29,1367200.0,820500.0,0,0,0,0,0,0,0,0,0,0,0,0,0,0,0,0,0,0,0,0,0,0,0,0,0,0,0,0,0,0,0,0,0,0,125,2026-02-07 03:07:05.976908
SPNG,26.69,26.36,26.69,1629800.0,1406300.0,0,0,0,0,0,0,0,0,0,0,0,0,0,0,0,0,0,0,0,0,0,0,0,0,0,0,0,0,0,0,0,0,0,0,126,2026-02-07 03:07:07.028727
SMMR,23.55,23.55,23.65,964200.0,2143400.0,0,0,0,0,0,0,0,0,0,0,0,0,0,0,0,0,0,0,0,0,0,0,0,0,0,0,0,0,0,0,0,0,0,0,126,2026-02-07 03:07:07.028727
ATMN,23.95,23.95,24.28,1017800.0,2373400.0,0,0,0,0,0,0,0,0,0,0,0,0,0,0,0,0,0,0,0,0,0,0,0,0,0,0,0,0,0,0,0,0,0,0,126,2026-02-07 03:07:07.028727
WNTR,25.29,25.23,25.29,1488100.0,995900.0,0,0,0,0,0,0,0,0,0,0,0,0,0,0,0,0,0,0,0,0,0,0,0,0,0,0,0,0,0,0,0,0,0,0,126,2026-02-07 03:07:07.028727
SPNG,26.69,26.11,26.69,1515500.0,1406300.0,,0,0,0,0,0,0,0,0,0,0,0,0,0,0,0,0,0,0,0,0,0,0,0,0,0,0,0,0,0,0,0,0,0,127,2026-02-07 03:07:08.076315
SMMR,23.55,23.32,23.54,997200.0,2057400.0,9112.0,0,0,0,0,0,0,0,0,0,0,0,0,0,0,0,0,0,0,0,0,0,0,0,0,0,0,0,0,0,0,0,0,0,127,2026-02-07 03:07:08.076315
ATMN,23.66,23.66,24.27,1027700.0,2300800.0,8903.0,0,0,0,0,0,0,0,0,0,0,0,0,0,0,0,0,0,0,0,0,0,0,0,0,0,0,0,0,0,0,0,0,0,127,2026-02-07 03:07:08.076315
WNTR,25.23,24.9,25.01,1489000.0,1118100.0,,0,0,0,0,0,0,0,0,0,0,0,0,0,0,0,0,0,0,0,0,0,0,0,0,0,0,0,0,0,0,0,0,0,127,2026-02-07 03:07:08.076315
SPNG,26.35,26.15,26.35,100.0,1610100.0,1525200.0,8648.0,0,0,0,0,0,0,0,0,0,0,0,0,0,0,0,0,0,0,0,0,0,0,0,0,0,0,0,0,0,0,0,0,128,2026-02-07 03:07:09.118368
SMMR,23.38,23.38,23.65,3570.0,1223500.0,2046300.0,9112.0,0,0,0,0,0,0,0,0,0,0,0,0,0,0,0,0,0,0,0,0,0,0,0,0,0,0,0,0,0,0,0,0,128,2026-02-07 03:07:09.118368
ATMN,23.66,23.71,24.06,872.0,1027700.0,2169400.0,17755.0,0,0,0,0,0,0,0,0,0,0,0,0,0,0,0,0,0,0,0,0,0,0,0,0,0,0,0,0,0,0,0,0,128,2026-02-07 03:07:09.118368
WNTR,25.01,25.05,25.29,3600.0,1801400.0,995900.0,,0,0,0,0,0,0,0,0,0,0,0,0,0,0,0,0,0,0,0,0,0,0,0,0,0,0,0,0,0,0,0,0,128,2026-02-07 03:07:09.118368
SPNG,26.35,26.16,26.35,200.0,1925400.0,1525200.0,8648.0,0,0,0,0,0,0,0,0,0,0,0,0,0,0,0,0,0,0,0,0,0,0,0,0,0,0,0,0,0,0,0,0,129,2026-02-07 03:07:10.168392
SMMR,23.61,23.38,23.54,3570.0,1323400.0,1955300.0,10967.0,0,0,0,0,0,0,0,0,0,0,0,0,0,0,0,0,0,0,0,0,0,0,0,0,0,0,0,0,0,0,0,0,129,2026-02-07 03:07:10.168392
ATMN,24.06,23.66,24.06,,1142500.0,2169400.0,17755.0,0,0,0,0,0,0,0,0,0,0,0,0,0,0,0,0,0,0,0,0,0,0,0,0,0,0,0,0,0,0,0,0,129,2026-02-07 03:07:10.168392
WNTR,24.9,24.9,25.09,,1586900.0,1340000.0,13673.0,0,0,0,0,0,0,0,0,0,0,0,0,0,0,0,0,0,0,0,0,0,0,0,0,0,0,0,0,0,0,0,0,129,2026-02-07 03:07:10.168392
SPNG,26.88,27.0,27.25,2048500.0,1287600.0,0,0,0,0,0,0,0,0,0,0,0,0,0,0,0,0,0,0,0,0,0,0,0,0,0,0,0,0,0,0,0,0,0,0,130,2026-02-07 03:07:11.229513
SMMR,23.54,23.38,23.54,1425600.0,2164400.0,0,0,0,0,0,0,0,0,0,0,0,0,0,0,0,0,0,0,0,0,0,0,0,0,0,0,0,0,0,0,0,0,0,0,130,2026-02-07 03:07:11.229513
ATMN,24.05,24.05,24.08,1267300.0,2408500.0,0,0,0,0,0,0,0,0,0,0,0,0,0,0,0,0,0,0,0,0,0,0,0,0,0,0,0,0,0,0,0,0,0,0,130,2026-02-07 03:07:11.229513
WNTR,25.1,25.03,25.1,1797200.0,1340000.0,0,0,0,0,0,0,0,0,0,0,0,0,0,0,0,0,0,0,0,0,0,0,0,0,0,0,0,0,0,0,0,0,0,0,130,2026-02-07 03:07:11.229513
SPNG,26.32,26.25,26.32,2123700.0,1396100.0,,,0,0,0,0,0,0,0,0,0,0,0,0,0,0,0,0,0,0,0,0,0,0,0,0,0,0,0,0,0,0,0,0,131,2026-02-07 03:07:12.268779
SMMR,23.54,23.43,23.52,1748300.0,2047900.0,2624.0,100.0,0,0,0,0,0,0,0,0,0,0,0,0,0,0,0,0,0,0,0,0,0,0,0,0,0,0,0,0,0,0,0,0,131,2026-02-07 03:07:12.268779
ATMN,23.45,23.45,24.06,1042400.0,2301300.0,,1199.0,0,0,0,0,0,0,0,0,0,0,0,0,0,0,0,0,0,0,0,0,0,0,0,0,0,0,0,0,0,0,0,0,131,2026-02-07 03:07:12.268779
WNTR,25.33,25.11,25.31,2036700.0,1124100.0,11651.0,9882.0,0,0,0,0,0,0,0,0,0,0,0,0,0,0,0,0,0,0,0,0,0,0,0,0,0,0,0,0,0,0,0,0,131,2026-02-07 03:07:12.268779
SPNG,26.71,26.26,26.46,100.0,2235500.0,1403000.0,,0,0,0,0,0,0,0,0,0,0,0,0,0,0,0,0,0,0,0,0,0,0,0,0,0,0,0,0,0,0,0,0,132,2026-02-07 03:07:13.308254
SMMR,23.57,23.47,23.55,16660.0,1972600.0,2050000.0,9204.0,0,0,0,0,0,0,0,0,0,0,0,0,0,0,0,0,0,0,0,0,0,0,0,0,0,0,0,0,0,0,0,0,132,2026-02-07 03:07:13.308254
ATMN,24.06,23.8,23.95,509.0,1288400.0,2288000.0,1199.0,0,0,0,0,0,0,0,0,0,0,0,0,0,0,0,0,0,0,0,0,0,0,0,0,0,0,0,0,0,0,0,0,132,2026-02-07 03:07:13.308254
WNTR,25.09,25.09,25.16,9173.0,2136700.0,1218100.0,9882.0,0,0,0,0,0,0,0,0,0,0,0,0,0,0,0,0,0,0,0,0,0,0,0,0,0,0,0,0,0,0,0,0,132,2026-02-07 03:07:13.308254
SPNG,26.48,26.7,27.25,2007700.0,4522.0,1287600.0,,0,0,0,0,0,0,0,0,0,0,0,0,0,0,0,0,0,0,0,0,0,0,0,0,0,0,0,0,0,0,0,0,133,2026-02-07 03:07:14.345729
SMMR,23.57,23.49,23.55,1818900.0,16796.0,2050000.0,9204.0,0,0,0,0,0,0,0,0,0,0,0,0,0,0,0,0,0,0,0,0,0,0,0,0,0,0,0,0,0,0,0,0,133,2026-02-07 03:07:14.345729
ATMN,23.05,23.46,23.95,1046400.0,100.0,2171000.0,1299.0,0,0,0,0,0,0,0,0,0,0,0,0,0,0,0,0,0,0,0,0,0,0,0,0,0,0,0,0,0,0,0,0,133,2026-02-07 03:07:14.345729
WNTR,25.09,25.12,25.14,2124300.0,9173.0,1459600.0,16827.0,0,0,0,0,0,0,0,0,0,0,0,0,0,0,0,0,0,0,0,0,0,0,0,0,0,0,0,0,0,0,0,0,133,2026-02-07 03:07:14.345729
SPNG,26.48,26.81,26.88,4722.0,1741800.0,1813900.0,1229.0,0,0,0,0,0,0,0,0,0,0,0,0,0,0,0,0,0,0,0,0,0,0,0,0,0,0,0,0,0,0,0,0,134,2026-02-07 03:07:15.407579
SMMR,23.57,23.51,23.55,16796.0,1817800.0,2027900.0,9204.0,0,0,0,0,0,0,0,0,0,0,0,0,0,0,0,0,0,0,0,0,0,0,0,0,0,0,0,0,0,0,0,0,134,2026-02-07 03:07:15.407579
ATMN,24.08,23.91,24.04,200.0,1164200.0,2156400.0,1299.0,0,0,0,0,0,0,0,0,0,0,0,0,0,0,0,0,0,0,0,0,0,0,0,0,0,0,0,0,0,0,0,0,134,2026-02-07 03:07:15.407579
WNTR,25.12,25.12,25.16,9173.0,2136200.0,1554500.0,9882.0,0,0,0,0,0,0,0,0,0,0,0,0,0,0,0,0,0,0,0,0,0,0,0,0,0,0,0,0,0,0,0,0,134,2026-02-07 03:07:15.407579
SPNG,26.7,26.3,26.45,4522.0,1992300.0,1826100.0,1229.0,0,0,0,0,0,0,0,0,0,0,0,0,0,0,0,0,0,0,0,0,0,0,0,0,0,0,0,0,0,0,0,0,135,2026-02-07 03:07:16.034837
SMMR,23.57,23.58,23.65,16796.0,1817700.0,2140700.0,,0,0,0,0,0,0,0,0,0,0,0,0,0,0,0,0,0,0,0,0,0,0,0,0,0,0,0,0,0,0,0,0,135,2026-02-07 03:07:16.034837
ATMN,23.89,23.46,23.71,100.0,1166700.0,2188500.0,1299.0,0,0,0,0,0,0,0,0,0,0,0,0,0,0,0,0,0,0,0,0,0,0,0,0,0,0,0,0,0,0,0,0,135,2026-02-07 03:07:16.034837
WNTR,25.06,25.06,25.16,9173.0,2115000.0,1682700.0,9882.0,0,0,0,0,0,0,0,0,0,0,0,0,0,0,0,0,0,0,0,0,0,0,0,0,0,0,0,0,0,0,0,0,135,2026-02-07 03:07:16.034837
SPNG,26.47,26.85,26.88,2188700.0,1917300.0,,0,0,0,0,0,0,0,0,0,0,0,0,0,0,0,0,0,0,0,0,0,0,0,0,0,0,0,0,0,0,0,0,0,136,2026-02-07 03:07:17.079055
SMMR,23.57,23.61,23.65,2180700.0,2174100.0,9204.0,0,0,0,0,0,0,0,0,0,0,0,0,0,0,0,0,0,0,0,0,0,0,0,0,0,0,0,0,0,0,0,0,0,136,2026-02-07 03:07:17.079055
ATMN,24.1,23.47,24.1,1583500.0,2416600.0,,0,0,0,0,0,0,0,0,0,0,0,0,0,0,0,0,0,0,0,0,0,0,0,0,0,0,0,0,0,0,0,0,0,136,2026-02-07 03:07:17.079055
WNTR,25.18,25.03,25.18,2019700.0,1460500.0,,0,0,0,0,0,0,0,0,0,0,0,0,0,0,0,0,0,0,0,0,0,0,0,0,0,0,0,0,0,0,0,0,0,136,2026-02-07 03:07:17.079055
SPNG,26.88,26.25,26.82,2256300.0,1933600.0,1229.0,,0,0,0,0,0,0,0,0,0,0,0,0,0,0,0,0,0,0,0,0,0,0,0,0,0,0,0,0,0,0,0,0,137,2026-02-07 03:07:18.125755
SMMR,23.61,23.51,23.61,2297000.0,2190500.0,,,0,0,0,0,0,0,0,0,0,0,0,0,0,0,0,0,0,0,0,0,0,0,0,0,0,0,0,0,0,0,0,0,137,2026-02-07 03:07:18.125755
ATMN,24.1,23.58,24.02,1844900.0,2272400.0,4989.0,2301.0,0,0,0,0,0,0,0,0,0,0,0,0,0,0,0,0,0,0,0,0,0,0,0,0,0,0,0,0,0,0,0,0,137,2026-02-07 03:07:18.125755
WNTR,25.02,24.95,25.01,1779400.0,1458500.0,,,0,0,0,0,0,0,0,0,0,0,0,0,0,0,0,0,0,0,0,0,0,0,0,0,0,0,0,0,0,0,0,0,137,2026-02-07 03:07:18.125755
SPNG,26.88,26.29,26.43,4487.0,2122300.0,1825200.0,7959.0,0,0,0,0,0,0,0,0,0,0,0,0,0,0,0,0,0,0,0,0,0,0,0,0,0,0,0,0,0,0,0,0,138,2026-02-07 03:07:19.172220
SMMR,23.65,23.53,23.59,6796.0,2153100.0,2185800.0,,0,0,0,0,0,0,0,0,0,0,0,0,0,0,0,0,0,0,0,0,0,0,0,0,0,0,0,0,0,0,0,0,138,2026-02-07 03:07:19.172220
ATMN,24.1,23.87,23.96,2301.0,2203500.0,2193600.0,5089.0,0,0,0,0,0,0,0,0,0,0,0,0,0,0,0,0,0,0,0,0,0,0,0,0,0,0,0,0,0,0,0,0,138,2026-02-07 03:07:19.172220
WNTR,25.24,25.03,25.24,12116.0,1981800.0,1335500.0,,0,0,0,0,0,0,0,0,0,0,0,0,0,0,0,0,0,0,0,0,0,0,0,0,0,0,0,0,0,0,0,0,138,2026-02-07 03:07:19.172220
SPNG,26.25,26.16,26.18,2250900.0,1865400.0,7959.0,,0,0,0,0,0,0,0,0,0,0,0,0,0,0,0,0,0,0,0,0,0,0,0,0,0,0,0,0,0,0,0,0,139,2026-02-07 03:07:20.262121
SMMR,23.47,23.52,23.55,2324400.0,1934900.0,10100.0,,0,0,0,0,0,0,0,0,0,0,0,0,0,0,0,0,0,0,0,0,0,0,0,0,0,0,0,0,0,0,0,0,139,2026-02-07 03:07:20.262121
ATMN,24.04,23.88,24.04,2203500.0,2395900.0,,8091.0,0,0,0,0,0,0,0,0,0,0,0,0,0,0,0,0,0,0,0,0,0,0,0,0,0,0,0,0,0,0,0,0,139,2026-02-07 03:07:20.262121
WNTR,24.96,24.95,24.96,2091200.0,1532900.0,9506.0,9506.0,0,0,0,0,0,0,0,0,0,0,0,0,0,0,0,0,0,0,0,0,0,0,0,0,0,0,0,0,0,0,0,0,139,2026-02-07 03:07:20.262121
SPNG,26.82,26.16,26.82,2216400.0,2030100.0,,,0,0,0,0,0,0,0,0,0,0,0,0,0,0,0,0,0,0,0,0,0,0,0,0,0,0,0,0,0,0,0,0,140,2026-02-07 03:07:21.308455
SMMR,23.45,23.45,23.54,2342600.0,2040000.0,2486.0,,0,0,0,0,0,0,0,0,0,0,0,0,0,0,0,0,0,0,0,0,0,0,0,0,0,0,0,0,0,0,0,0,140,2026-02-07 03:07:21.308455
ATMN,24.16,23.87,24.16,2350100.0,2398000.0,,,0,0,0,0,0,0,0,0,0,0,0,0,0,0,0,0,0,0,0,0,0,0,0,0,0,0,0,0,0,0,0,0,140,2026-02-07 03:07:21.308455
WNTR,24.96,25.02,25.11,2085500.0,1631600.0,1957.0,9448.0,0,0,0,0,0,0,0,0,0,0,0,0,0,0,0,0,0,0,0,0,0,0,0,0,0,0,0,0,0,0,0,0,140,2026-02-07 03:07:21.308455
SPNG,26.77,26.45,26.72,2086100.0,6613.0,2045900.0,,0,0,0,0,0,0,0,0,0,0,0,0,0,0,0,0,0,0,0,0,0,0,0,0,0,0,0,0,0,0,0,0,141,2026-02-07 03:07:22.352449
SMMR,23.43,23.43,23.51,2325000.0,,1931400.0,12368.0,0,0,0,0,0,0,0,0,0,0,0,0,0,0,0,0,0,0,0,0,0,0,0,0,0,0,0,0,0,0,0,0,141,2026-02-07 03:07:22.352449
ATMN,23.87,23.61,23.63,2438900.0,7624.0,2289900.0,100.0,0,0,0,0,0,0,0,0,0,0,0,0,0,0,0,0,0,0,0,0,0,0,0,0,0,0,0,0,0,0,0,0,141,2026-02-07 03:07:22.352449
WNTR,24.96,25.09,25.11,1983700.0,18836.0,1631600.0,2610.0,0,0,0,0,0,0,0,0,0,0,0,0,0,0,0,0,0,0,0,0,0,0,0,0,0,0,0,0,0,0,0,0,141,2026-02-07 03:07:22.352449
SPNG,26.16,26.16,26.52,2216400.0,1939000.0,100.0,,0,0,0,0,0,0,0,0,0,0,0,0,0,0,0,0,0,0,0,0,0,0,0,0,0,0,0,0,0,0,0,0,142,2026-02-07 03:07:23.399297
SMMR,23.61,23.43,23.61,2283100.0,2165800.0,,,0,0,0,0,0,0,0,0,0,0,0,0,0,0,0,0,0,0,0,0,0,0,0,0,0,0,0,0,0,0,0,0,142,2026-02-07 03:07:23.399297
ATMN,24.3,23.67,24.03,2294300.0,2425200.0,,17606.0,0,0,0,0,0,0,0,0,0,0,0,0,0,0,0,0,0,0,0,0,0,0,0,0,0,0,0,0,0,0,0,0,142,2026-02-07 03:07:23.399297
WNTR,25.2,25.14,25.2,1847000.0,1620300.0,,26000.0,0,0,0,0,0,0,0,0,0,0,0,0,0,0,0,0,0,0,0,0,0,0,0,0,0,0,0,0,0,0,0,0,142,2026-02-07 03:07:23.399297
SPNG,26.11,26.11,26.83,2278000.0,100.0,1917300.0,,0,0,0,0,0,0,0,0,0,0,0,0,0,0,0,0,0,0,0,0,0,0,0,0,0,0,0,0,0,0,0,0,143,2026-02-07 03:07:24.442972
SMMR,23.61,23.52,23.59,2179200.0,5531.0,2040600.0,5534.0,0,0,0,0,0,0,0,0,0,0,0,0,0,0,0,0,0,0,0,0,0,0,0,0,0,0,0,0,0,0,0,0,143,2026-02-07 03:07:24.442972
ATMN,23.66,24.0,24.03,2272900.0,7018.0,2186200.0,10338.0,0,0,0,0,0,0,0,0,0,0,0,0,0,0,0,0,0,0,0,0,0,0,0,0,0,0,0,0,0,0,0,0,143,2026-02-07 03:07:24.442972
WNTR,25.16,25.14,25.16,1845000.0,,1827000.0,26000.0,0,0,0,0,0,0,0,0,0,0,0,0,0,0,0,0,0,0,0,0,0,0,0,0,0,0,0,0,0,0,0,0,143,2026-02-07 03:07:24.442972
SPNG,26.94,26.11,26.88,2236000.0,100.0,1887100.0,,0,0,0,0,0,0,0,0,0,0,0,0,0,0,0,0,0,0,0,0,0,0,0,0,0,0,0,0,0,0,0,0,144,2026-02-07 03:07:25.492707
SMMR,23.5,23.52,23.57,2184100.0,14168.0,1903800.0,100.0,0,0,0,0,0,0,0,0,0,0,0,0,0,0,0,0,0,0,0,0,0,0,0,0,0,0,0,0,0,0,0,0,144,2026-02-07 03:07:25.492707
ATMN,24.0,23.73,23.87,2408900.0,11339.0,2083800.0,7624.0,0,0,0,0,0,0,0,0,0,0,0,0,0,0,0,0,0,0,0,0,0,0,0,0,0,0,0,0,0,0,0,0,144,2026-02-07 03:07:25.492707
WNTR,25.2,25.14,25.2,1831400.0,,1843700.0,26000.0,0,0,0,0,0,0,0,0,0,0,0,0,0,0,0,0,0,0,0,0,0,0,0,0,0,0,0,0,0,0,0,0,144,2026-02-07 03:07:25.492707
SPNG,26.94,26.11,26.13,2236000.0,2000100.0,,,0,0,0,0,0,0,0,0,0,0,0,0,0,0,0,0,0,0,0,0,0,0,0,0,0,0,0,0,0,0,0,0,145,2026-02-07 03:07:26.077042
SMMR,23.5,23.53,23.57,2151500.0,1866100.0,100.0,14168.0,0,0,0,0,0,0,0,0,0,0,0,0,0,0,0,0,0,0,0,0,0,0,0,0,0,0,0,0,0,0,0,0,145,2026-02-07 03:07:26.077042
ATMN,24.03,23.79,24.03,2374000.0,2197800.0,7624.0,7018.0,0,0,0,0,0,0,0,0,0,0,0,0,0,0,0,0,0,0,0,0,0,0,0,0,0,0,0,0,0,0,0,0,145,2026-02-07 03:07:26.077042
WNTR,25.2,25.14,25.2,1831400.0,2091200.0,26000.0,,0,0,0,0,0,0,0,0,0,0,0,0,0,0,0,0,0,0,0,0,0,0,0,0,0,0,0,0,0,0,0,0,145,2026-02-07 03:07:26.077042
SPNG,26.13,26.11,26.13,2216300.0,1920900.0,100.0,0,0,0,0,0,0,0,0,0,0,0,0,0,0,0,0,0,0,0,0,0,0,0,0,0,0,0,0,0,0,0,0,0,146,2026-02-07 03:07:27.160885
SMMR,23.5,23.43,23.5,2262600.0,2108900.0,,0,0,0,0,0,0,0,0,0,0,0,0,0,0,0,0,0,0,0,0,0,0,0,0,0,0,0,0,0,0,0,0,0,146,2026-02-07 03:07:27.160885
ATMN,24.06,24.06,24.15,2488500.0,2400700.0,,0,0,0,0,0,0,0,0,0,0,0,0,0,0,0,0,0,0,0,0,0,0,0,0,0,0,0,0,0,0,0,0,0,146,2026-02-07 03:07:27.160885
WNTR,25.2,25.12,25.15,2166700.0,2108200.0,,0,0,0,0,0,0,0,0,0,0,0,0,0,0,0,0,0,0,0,0,0,0,0,0,0,0,0,0,0,0,0,0,0,146,2026-02-07 03:07:27.160885
SPNG,26.63,26.11,26.59,2073600.0,7186.0,1981000.0,,0,0,0,0,0,0,0,0,0,0,0,0,0,0,0,0,0,0,0,0,0,0,0,0,0,0,0,0,0,0,0,0,147,2026-02-07 03:07:28.230918
SMMR,23.57,23.46,23.57,2145100.0,7370.0,2103900.0,,0,0,0,0,0,0,0,0,0,0,0,0,0,0,0,0,0,0,0,0,0,0,0,0,0,0,0,0,0,0,0,0,147,2026-02-07 03:07:28.230918
ATMN,24.06,24.07,24.14,2349100.0,8655.0,2323700.0,8655.0,0,0,0,0,0,0,0,0,0,0,0,0,0,0,0,0,0,0,0,0,0,0,0,0,0,0,0,0,0,0,0,0,147,2026-02-07 03:07:28.230918
WNTR,25.23,25.23,25.24,2060600.0,9482.0,2123000.0,,0,0,0,0,0,0,0,0,0,0,0,0,0,0,0,0,0,0,0,0,0,0,0,0,0,0,0,0,0,0,0,0,147,2026-02-07 03:07:28.230918
SPNG,26.07,26.07,26.18,2156000.0,1868800.0,,,0,0,0,0,0,0,0,0,0,0,0,0,0,0,0,0,0,0,0,0,0,0,0,0,0,0,0,0,0,0,0,0,148,2026-02-07 03:07:29.285936
SMMR,23.46,23.46,23.48,2156500.0,1992400.0,7370.0,1168.0,0,0,0,0,0,0,0,0,0,0,0,0,0,0,0,0,0,0,0,0,0,0,0,0,0,0,0,0,0,0,0,0,148,2026-02-07 03:07:29.285936
ATMN,23.79,23.73,23.78,2548400.0,2358400.0,,8655.0,0,0,0,0,0,0,0,0,0,0,0,0,0,0,0,0,0,0,0,0,0,0,0,0,0,0,0,0,0,0,0,0,148,2026-02-07 03:07:29.285936
WNTR,25.23,25.17,25.21,1939600.0,2122100.0,9582.0,,0,0,0,0,0,0,0,0,0,0,0,0,0,0,0,0,0,0,0,0,0,0,0,0,0,0,0,0,0,0,0,0,148,2026-02-07 03:07:29.285936
SPNG,26.42,26.42,27.03,2067500.0,100.0,1983300.0,,0,0,0,0,0,0,0,0,0,0,0,0,0,0,0,0,0,0,0,0,0,0,0,0,0,0,0,0,0,0,0,0,149,2026-02-07 03:07:30.325343
SMMR,23.57,23.48,23.57,2078000.0,16011.0,2103900.0,,0,0,0,0,0,0,0,0,0,0,0,0,0,0,0,0,0,0,0,0,0,0,0,0,0,0,0,0,0,0,0,0,149,2026-02-07 03:07:30.325343
ATMN,24.15,23.73,23.96,2516600.0,,2328200.0,8517.0,0,0,0,0,0,0,0,0,0,0,0,0,0,0,0,0,0,0,0,0,0,0,0,0,0,0,0,0,0,0,0,0,149,2026-02-07 03:07:30.325343
WNTR,25.16,25.12,25.16,2166700.0,,2124600.0,,0,0,0,0,0,0,0,0,0,0,0,0,0,0,0,0,0,0,0,0,0,0,0,0,0,0,0,0,0,0,0,0,149,2026-02-07 03:07:30.325343
SPNG,26.47,26.07,26.38,2172500.0,2030500.0,0,0,0,0,0,0,0,0,0,0,0,0,0,0,0,0,0,0,0,0,0,0,0,0,0,0,0,0,0,0,0,0,0,0,150,2026-02-07 03:07:31.380802
SMMR,23.58,23.46,23.58,2289100.0,2127100.0,0,0,0,0,0,0,0,0,0,0,0,0,0,0,0,0,0,0,0,0,0,0,0,0,0,0,0,0,0,0,0,0,0,0,150,2026-02-07 03:07:31.380802
ATMN,24.15,23.73,23.96,2451000.0,2461100.0,0,0,0,0,0,0,0,0,0,0,0,0,0,0,0,0,0,0,0,0,0,0,0,0,0,0,0,0,0,0,0,0,0,0,150,2026-02-07 03:07:31.380802
WNTR,25.16,25.12,25.16,2166700.0,2100600.0,0,0,0,0,0,0,0,0,0,0,0,0,0,0,0,0,0,0,0,0,0,0,0,0,0,0,0,0,0,0,0,0,0,0,150,2026-02-07 03:07:31.380802
SPNG,26.47,26.29,26.36,2202200.0,100.0,1934000.0,,0,0,0,0,0,0,0,0,0,0,0,0,0,0,0,0,0,0,0,0,0,0,0,0,0,0,0,0,0,0,0,0,151,2026-02-07 03:07:32.426863
SMMR,23.51,23.46,23.5,2294700.0,106.0,2011700.0,,0,0,0,0,0,0,0,0,0,0,0,0,0,0,0,0,0,0,0,0,0,0,0,0,0,0,0,0,0,0,0,0,151,2026-02-07 03:07:32.426863
ATMN,23.61,23.61,23.97,2474100.0,,2449700.0,,0,0,0,0,0,0,0,0,0,0,0,0,0,0,0,0,0,0,0,0,0,0,0,0,0,0,0,0,0,0,0,0,151,2026-02-07 03:07:32.426863
WNTR,25.21,25.09,25.18,2063700.0,3011.0,1988400.0,8684.0,0,0,0,0,0,0,0,0,0,0,0,0,0,0,0,0,0,0,0,0,0,0,0,0,0,0,0,0,0,0,0,0,151,2026-02-07 03:07:32.426863
SPNG,26.46,26.46,27.03,1932000.0,7953.0,1983300.0,,0,0,0,0,0,0,0,0,0,0,0,0,0,0,0,0,0,0,0,0,0,0,0,0,0,0,0,0,0,0,0,0,152,2026-02-07 03:07:33.487099
SMMR,23.65,23.51,23.58,2078000.0,15192.0,2021300.0,723.0,0,0,0,0,0,0,0,0,0,0,0,0,0,0,0,0,0,0,0,0,0,0,0,0,0,0,0,0,0,0,0,0,152,2026-02-07 03:07:33.487099
ATMN,23.75,23.62,23.75,2325800.0,100.0,2358000.0,6222.0,0,0,0,0,0,0,0,0,0,0,0,0,0,0,0,0,0,0,0,0,0,0,0,0,0,0,0,0,0,0,0,0,152,2026-02-07 03:07:33.487099
WNTR,25.06,25.02,25.03,2165300.0,,2031100.0,3011.0,0,0,0,0,0,0,0,0,0,0,0,0,0,0,0,0,0,0,0,0,0,0,0,0,0,0,0,0,0,0,0,0,152,2026-02-07 03:07:33.487099
SPNG,26.46,26.31,26.34,7953.0,1932000.0,1953800.0,3380.0,0,0,0,0,0,0,0,0,0,0,0,0,0,0,0,0,0,0,0,0,0,0,0,0,0,0,0,0,0,0,0,0,153,2026-02-07 03:07:34.593763
SMMR,23.67,23.55,23.67,24173.0,1978100.0,2179600.0,,0,0,0,0,0,0,0,0,0,0,0,0,0,0,0,0,0,0,0,0,0,0,0,0,0,0,0,0,0,0,0,0,153,2026-02-07 03:07:34.593763
ATMN,23.61,24.11,24.13,100.0,2325800.0,2252900.0,11151.0,0,0,0,0,0,0,0,0,0,0,0,0,0,0,0,0,0,0,0,0,0,0,0,0,0,0,0,0,0,0,0,0,153,2026-02-07 03:07:34.593763
WNTR,25.1,25.02,25.03,100.0,2018200.0,1907000.0,11534.0,0,0,0,0,0,0,0,0,0,0,0,0,0,0,0,0,0,0,0,0,0,0,0,0,0,0,0,0,0,0,0,0,153,2026-02-07 03:07:34.593763
SPNG,26.34,26.62,26.78,1942300.0,7953.0,2061500.0,,0,0,0,0,0,0,0,0,0,0,0,0,0,0,0,0,0,0,0,0,0,0,0,0,0,0,0,0,0,0,0,0,154,2026-02-07 03:07:35.180078
SMMR,23.67,23.51,23.67,2078000.0,15192.0,2179600.0,,0,0,0,0,0,0,0,0,0,0,0,0,0,0,0,0,0,0,0,0,0,0,0,0,0,0,0,0,0,0,0,0,154,2026-02-07 03:07:35.180078
ATMN,24.11,23.61,23.98,2474100.0,,2210600.0,11151.0,0,0,0,0,0,0,0,0,0,0,0,0,0,0,0,0,0,0,0,0,0,0,0,0,0,0,0,0,0,0,0,0,154,2026-02-07 03:07:35.180078
WNTR,25.02,25.02,25.18,2018200.0,100.0,1988400.0,3011.0,0,0,0,0,0,0,0,0,0,0,0,0,0,0,0,0,0,0,0,0,0,0,0,0,0,0,0,0,0,0,0,0,154,2026-02-07 03:07:35.180078
SPNG,26.3,26.3,26.56,2176300.0,2060600.0,,,0,0,0,0,0,0,0,0,0,0,0,0,0,0,0,0,0,0,0,0,0,0,0,0,0,0,0,0,0,0,0,0,155,2026-02-07 03:07:36.239781
SMMR,23.67,23.54,23.6,2000100.0,2045200.0,17019.0,8252.0,0,0,0,0,0,0,0,0,0,0,0,0,0,0,0,0,0,0,0,0,0,0,0,0,0,0,0,0,0,0,0,0,155,2026-02-07 03:07:36.239781
ATMN,23.98,23.74,23.98,2349000.0,2210600.0,100.0,11151.0,0,0,0,0,0,0,0,0,0,0,0,0,0,0,0,0,0,0,0,0,0,0,0,0,0,0,0,0,0,0,0,0,155,2026-02-07 03:07:36.239781
WNTR,25.02,25.05,25.15,1925600.0,1857700.0,8540.0,5121.0,0,0,0,0,0,0,0,0,0,0,0,0,0,0,0,0,0,0,0,0,0,0,0,0,0,0,0,0,0,0,0,0,155,2026-02-07 03:07:36.239781
SPNG,26.3,26.3,26.51,2045500.0,100.0,100.0,1949800.0,0,0,0,0,0,0,0,0,0,0,0,0,0,0,0,0,0,0,0,0,0,0,0,0,0,0,0,0,0,0,0,0,156,2026-02-07 03:07:37.302666
SMMR,23.67,23.54,23.55,2250300.0,8086.0,8815.0,1925700.0,0,0,0,0,0,0,0,0,0,0,0,0,0,0,0,0,0,0,0,0,0,0,0,0,0,0,0,0,0,0,0,0,156,2026-02-07 03:07:37.302666
ATMN,23.78,23.8,23.96,2380100.0,100.0,200.0,2319000.0,0,0,0,0,0,0,0,0,0,0,0,0,0,0,0,0,0,0,0,0,0,0,0,0,0,0,0,0,0,0,0,0,156,2026-02-07 03:07:37.302666
WNTR,25.02,25.12,25.13,1905300.0,8370.0,6655.0,1988700.0,0,0,0,0,0,0,0,0,0,0,0,0,0,0,0,0,0,0,0,0,0,0,0,0,0,0,0,0,0,0,0,0,156,2026-02-07 03:07:37.302666
SPNG,26.78,26.3,26.78,1947500.0,1355.0,2061500.0,,0,0,0,0,0,0,0,0,0,0,0,0,0,0,0,0,0,0,0,0,0,0,0,0,0,0,0,0,0,0,0,0,157,2026-02-07 03:07:38.447948
SMMR,23.67,23.54,23.55,2154300.0,17019.0,1846900.0,8981.0,0,0,0,0,0,0,0,0,0,0,0,0,0,0,0,0,0,0,0,0,0,0,0,0,0,0,0,0,0,0,0,0,157,2026-02-07 03:07:38.447948
ATMN,24.18,23.84,24.18,2134900.0,13002.0,2473400.0,,0,0,0,0,0,0,0,0,0,0,0,0,0,0,0,0,0,0,0,0,0,0,0,0,0,0,0,0,0,0,0,0,157,2026-02-07 03:07:38.447948
WNTR,25.21,25.14,25.16,1818100.0,18370.0,2079100.0,,0,0,0,0,0,0,0,0,0,0,0,0,0,0,0,0,0,0,0,0,0,0,0,0,0,0,0,0,0,0,0,0,157,2026-02-07 03:07:38.447948
SPNG,26.45,26.48,26.74,1832900.0,1455.0,100.0,1963700.0,0,0,0,0,0,0,0,0,0,0,0,0,0,0,0,0,0,0,0,0,0,0,0,0,0,0,0,0,0,0,0,0,158,2026-02-07 03:07:39.504831
SMMR,23.54,23.54,23.55,2168300.0,17019.0,8981.0,1884500.0,0,0,0,0,0,0,0,0,0,0,0,0,0,0,0,0,0,0,0,0,0,0,0,0,0,0,0,0,0,0,0,0,158,2026-02-07 03:07:39.504831
ATMN,24.2,23.85,24.01,1997200.0,13102.0,3149.0,2346200.0,0,0,0,0,0,0,0,0,0,0,0,0,0,0,0,0,0,0,0,0,0,0,0,0,0,0,0,0,0,0,0,0,158,2026-02-07 03:07:39.504831
WNTR,25.12,25.13,25.15,1830700.0,8470.0,8094.0,1998000.0,0,0,0,0,0,0,0,0,0,0,0,0,0,0,0,0,0,0,0,0,0,0,0,0,0,0,0,0,0,0,0,0,158,2026-02-07 03:07:39.504831
SPNG,26.48,26.48,26.74,1717200.0,1555.0,100.0,2004100.0,0,0,0,0,0,0,0,0,0,0,0,0,0,0,0,0,0,0,0,0,0,0,0,0,0,0,0,0,0,0,0,0,159,2026-02-07 03:07:40.571649
SMMR,23.54,23.47,23.48,2374800.0,,18981.0,1728800.0,0,0,0,0,0,0,0,0,0,0,0,0,0,0,0,0,0,0,0,0,0,0,0,0,0,0,0,0,0,0,0,0,159,2026-02-07 03:07:40.571649
ATMN,23.8,23.76,23.8,2382800.0,100.0,3149.0,2351500.0,0,0,0,0,0,0,0,0,0,0,0,0,0,0,0,0,0,0,0,0,0,0,0,0,0,0,0,0,0,0,0,0,159,2026-02-07 03:07:40.571649
WNTR,24.98,25.01,25.15,2000400.0,2389.0,8094.0,1998000.0,0,0,0,0,0,0,0,0,0,0,0,0,0,0,0,0,0,0,0,0,0,0,0,0,0,0,0,0,0,0,0,0,159,2026-02-07 03:07:40.571649
SPNG,26.3,26.3,26.74,1928000.0,1355.0,100.0,2003200.0,0,0,0,0,0,0,0,0,0,0,0,0,0,0,0,0,0,0,0,0,0,0,0,0,0,0,0,0,0,0,0,0,160,2026-02-07 03:07:41.159372
SMMR,23.6,23.47,23.6,2387900.0,,,2175200.0,0,0,0,0,0,0,0,0,0,0,0,0,0,0,0,0,0,0,0,0,0,0,0,0,0,0,0,0,0,0,0,0,160,2026-02-07 03:07:41.159372
ATMN,23.8,23.76,23.8,2414100.0,100.0,3149.0,2338900.0,0,0,0,0,0,0,0,0,0,0,0,0,0,0,0,0,0,0,0,0,0,0,0,0,0,0,0,0,0,0,0,0,160,2026-02-07 03:07:41.159372
WNTR,24.98,25.01,25.06,2000400.0,2389.0,8094.0,1982200.0,0,0,0,0,0,0,0,0,0,0,0,0,0,0,0,0,0,0,0,0,0,0,0,0,0,0,0,0,0,0,0,0,160,2026-02-07 03:07:41.159372
SPNG,26.29,26.33,26.34,100.0,2040400.0,2042300.0,1846.0,0,0,0,0,0,0,0,0,0,0,0,0,0,0,0,0,0,0,0,0,0,0,0,0,0,0,0,0,0,0,0,0,161,2026-02-07 03:07:42.224548
SMMR,23.57,23.58,23.6,,2397500.0,2175200.0,,0,0,0,0,0,0,0,0,0,0,0,0,0,0,0,0,0,0,0,0,0,0,0,0,0,0,0,0,0,0,0,0,161,2026-02-07 03:07:42.224548
ATMN,23.94,23.94,24.2,5670.0,2410400.0,2479100.0,,0,0,0,0,0,0,0,0,0,0,0,0,0,0,0,0,0,0,0,0,0,0,0,0,0,0,0,0,0,0,0,0,161,2026-02-07 03:07:42.224548
WNTR,25.05,25.06,25.14,5141.0,2013400.0,2103700.0,,0,0,0,0,0,0,0,0,0,0,0,0,0,0,0,0,0,0,0,0,0,0,0,0,0,0,0,0,0,0,0,0,161,2026-02-07 03:07:42.224548
SPNG,26.75,26.44,26.75,1955800.0,6495.0,2112500.0,,0,0,0,0,0,0,0,0,0,0,0,0,0,0,0,0,0,0,0,0,0,0,0,0,0,0,0,0,0,0,0,0,162,2026-02-07 03:07:43.279337
SMMR,23.47,23.47,23.6,2367400.0,,2161700.0,,0,0,0,0,0,0,0,0,0,0,0,0,0,0,0,0,0,0,0,0,0,0,0,0,0,0,0,0,0,0,0,0,162,2026-02-07 03:07:43.279337
ATMN,23.94,23.77,23.78,2414100.0,5670.0,2280800.0,4710.0,0,0,0,0,0,0,0,0,0,0,0,0,0,0,0,0,0,0,0,0,0,0,0,0,0,0,0,0,0,0,0,0,162,2026-02-07 03:07:43.279337
WNTR,25.06,25.08,25.12,1896700.0,14613.0,2012200.0,2463.0,0,0,0,0,0,0,0,0,0,0,0,0,0,0,0,0,0,0,0,0,0,0,0,0,0,0,0,0,0,0,0,0,162,2026-02-07 03:07:43.279337
SPNG,26.29,26.29,26.66,2137300.0,2046500.0,1802.0,,0,0,0,0,0,0,0,0,0,0,0,0,0,0,0,0,0,0,0,0,0,0,0,0,0,0,0,0,0,0,0,0,163,2026-02-07 03:07:44.325140
SMMR,23.63,23.61,23.63,2275900.0,2180500.0,,5665.0,0,0,0,0,0,0,0,0,0,0,0,0,0,0,0,0,0,0,0,0,0,0,0,0,0,0,0,0,0,0,0,0,163,2026-02-07 03:07:44.325140
ATMN,24.09,24.09,24.15,2310300.0,2268200.0,4710.0,7015.0,0,0,0,0,0,0,0,0,0,0,0,0,0,0,0,0,0,0,0,0,0,0,0,0,0,0,0,0,0,0,0,0,163,2026-02-07 03:07:44.325140
WNTR,25.14,25.11,25.14,1789400.0,2122500.0,,14713.0,0,0,0,0,0,0,0,0,0,0,0,0,0,0,0,0,0,0,0,0,0,0,0,0,0,0,0,0,0,0,0,0,163,2026-02-07 03:07:44.325140
SPNG,26.16,26.16,26.64,2152600.0,1902.0,1937100.0,,0,0,0,0,0,0,0,0,0,0,0,0,0,0,0,0,0,0,0,0,0,0,0,0,0,0,0,0,0,0,0,0,164,2026-02-07 03:07:45.366587
SMMR,23.47,23.47,23.48,2359700.0,925.0,2066100.0,,0,0,0,0,0,0,0,0,0,0,0,0,0,0,0,0,0,0,0,0,0,0,0,0,0,0,0,0,0,0,0,0,164,2026-02-07 03:07:45.366587
ATMN,23.88,23.8,23.88,2271200.0,4810.0,2167900.0,7015.0,0,0,0,0,0,0,0,0,0,0,0,0,0,0,0,0,0,0,0,0,0,0,0,0,0,0,0,0,0,0,0,0,164,2026-02-07 03:07:45.366587
WNTR,24.95,25.01,25.14,2005600.0,,2127300.0,100.0,0,0,0,0,0,0,0,0,0,0,0,0,0,0,0,0,0,0,0,0,0,0,0,0,0,0,0,0,0,0,0,0,164,2026-02-07 03:07:45.366587
SPNG,26.33,26.33,26.66,2148300.0,2128800.0,0,0,0,0,0,0,0,0,0,0,0,0,0,0,0,0,0,0,0,0,0,0,0,0,0,0,0,0,0,0,0,0,0,0,165,2026-02-07 03:07:46.408708
SMMR,23.46,23.46,23.63,2331300.0,2142800.0,0,0,0,0,0,0,0,0,0,0,0,0,0,0,0,0,0,0,0,0,0,0,0,0,0,0,0,0,0,0,0,0,0,0,165,2026-02-07 03:07:46.408708
ATMN,23.88,23.9,24.15,2503600.0,2407600.0,0,0,0,0,0,0,0,0,0,0,0,0,0,0,0,0,0,0,0,0,0,0,0,0,0,0,0,0,0,0,0,0,0,0,165,2026-02-07 03:07:46.408708
WNTR,25.0,25.03,25.14,2120600.0,2127300.0,0,0,0,0,0,0,0,0,0,0,0,0,0,0,0,0,0,0,0,0,0,0,0,0,0,0,0,0,0,0,0,0,0,0,165,2026-02-07 03:07:46.408708
SPNG,26.52,26.52,26.66,2058900.0,969.0,2128800.0,,0,0,0,0,0,0,0,0,0,0,0,0,0,0,0,0,0,0,0,0,0,0,0,0,0,0,0,0,0,0,0,0,166,2026-02-07 03:07:47.456115
SMMR,23.48,23.6,23.63,2234700.0,7270.0,2163500.0,,0,0,0,0,0,0,0,0,0,0,0,0,0,0,0,0,0,0,0,0,0,0,0,0,0,0,0,0,0,0,0,0,166,2026-02-07 03:07:47.456115
ATMN,23.88,23.92,24.12,2384800.0,7105.0,2266700.0,4810.0,0,0,0,0,0,0,0,0,0,0,0,0,0,0,0,0,0,0,0,0,0,0,0,0,0,0,0,0,0,0,0,0,166,2026-02-07 03:07:47.456115
WNTR,24.91,24.91,25.05,2102200.0,,1943200.0,15298.0,0,0,0,0,0,0,0,0,0,0,0,0,0,0,0,0,0,0,0,0,0,0,0,0,0,0,0,0,0,0,0,0,166,2026-02-07 03:07:47.456115
SPNG,26.33,26.33,26.66,1934600.0,1069.0,2128800.0,,0,0,0,0,0,0,0,0,0,0,0,0,0,0,0,0,0,0,0,0,0,0,0,0,0,0,0,0,0,0,0,0,167,2026-02-07 03:07:48.533212
SMMR,23.6,23.6,23.61,2127200.0,13059.0,2091900.0,5768.0,0,0,0,0,0,0,0,0,0,0,0,0,0,0,0,0,0,0,0,0,0,0,0,0,0,0,0,0,0,0,0,0,167,2026-02-07 03:07:48.533212
ATMN,23.96,23.96,24.01,2258200.0,7205.0,2276300.0,4810.0,0,0,0,0,0,0,0,0,0,0,0,0,0,0,0,0,0,0,0,0,0,0,0,0,0,0,0,0,0,0,0,0,167,2026-02-07 03:07:48.533212
WNTR,24.91,24.91,24.99,2124800.0,,1882000.0,22873.0,0,0,0,0,0,0,0,0,0,0,0,0,0,0,0,0,0,0,0,0,0,0,0,0,0,0,0,0,0,0,0,0,167,2026-02-07 03:07:48.533212
SPNG,26.78,26.36,26.73,2054500.0,100.0,100.0,2006800.0,0,0,0,0,0,0,0,0,0,0,0,0,0,0,0,0,0,0,0,0,0,0,0,0,0,0,0,0,0,0,0,0,168,2026-02-07 03:07:49.599149
SMMR,23.6,23.6,23.61,2127200.0,13059.0,5968.0,1858600.0,0,0,0,0,0,0,0,0,0,0,0,0,0,0,0,0,0,0,0,0,0,0,0,0,0,0,0,0,0,0,0,0,168,2026-02-07 03:07:49.599149
ATMN,24.01,23.98,24.01,2054500.0,10762.0,4810.0,2276300.0,0,0,0,0,0,0,0,0,0,0,0,0,0,0,0,0,0,0,0,0,0,0,0,0,0,0,0,0,0,0,0,0,168,2026-02-07 03:07:49.599149
WNTR,25.03,24.93,25.01,2016600.0,7135.0,16861.0,1876400.0,0,0,0,0,0,0,0,0,0,0,0,0,0,0,0,0,0,0,0,0,0,0,0,0,0,0,0,0,0,0,0,0,168,2026-02-07 03:07:49.599149
SPNG,26.36,26.36,26.61,2054500.0,100.0,2009500.0,100.0,0,0,0,0,0,0,0,0,0,0,0,0,0,0,0,0,0,0,0,0,0,0,0,0,0,0,0,0,0,0,0,0,169,2026-02-07 03:07:50.298146
SMMR,23.6,23.6,23.61,2127200.0,13059.0,1858600.0,5968.0,0,0,0,0,0,0,0,0,0,0,0,0,0,0,0,0,0,0,0,0,0,0,0,0,0,0,0,0,0,0,0,0,169,2026-02-07 03:07:50.298146
ATMN,24.01,23.98,24.01,2070900.0,10762.0,2276300.0,4810.0,0,0,0,0,0,0,0,0,0,0,0,0,0,0,0,0,0,0,0,0,0,0,0,0,0,0,0,0,0,0,0,0,169,2026-02-07 03:07:50.298146
WNTR,24.91,24.91,25.0,2126100.0,,1850200.0,16861.0,0,0,0,0,0,0,0,0,0,0,0,0,0,0,0,0,0,0,0,0,0,0,0,0,0,0,0,0,0,0,0,0,169,2026-02-07 03:07:50.298146
SPNG,26.07,26.17,26.4,2133900.0,2101000.0,,,0,0,0,0,0,0,0,0,0,0,0,0,0,0,0,0,0,0,0,0,0,0,0,0,0,0,0,0,0,0,0,0,170,2026-02-07 03:07:51.388080
SMMR,23.6,23.6,23.61,2332100.0,2108200.0,6773.0,,0,0,0,0,0,0,0,0,0,0,0,0,0,0,0,0,0,0,0,0,0,0,0,0,0,0,0,0,0,0,0,0,170,2026-02-07 03:07:51.388080
ATMN,23.9,23.9,24.01,2561400.0,2405000.0,,,0,0,0,0,0,0,0,0,0,0,0,0,0,0,0,0,0,0,0,0,0,0,0,0,0,0,0,0,0,0,0,0,170,2026-02-07 03:07:51.388080
WNTR,24.9,24.92,25.0,2004300.0,2210900.0,,6928.0,0,0,0,0,0,0,0,0,0,0,0,0,0,0,0,0,0,0,0,0,0,0,0,0,0,0,0,0,0,0,0,0,170,2026-02-07 03:07:51.388080
