ticker,last_price,bid_price,ask_price,BUY_CAMN-1,BUY_ANON,SELL_ANON,SELL_CAMN-1,SELL_BABS-3,BUY_UEBR-2,BUY_GIOT-3,SELL_WRSW-5,SELL_WRSW-3,BUY_LUIS-1,SELL_UOTB-2,SELL_DUBL-5,SELL_BRCH-3,BUY_LAVL-1,BUY_BRCH-3,SELL_DUBL-2,BUY_UEBR-1,BUY_WRSW-6,SELL_BABS-4,SELL_LETH-1,BUY_UOTB-1,BUY_UOTB-2,SELL_LUIS-1,SELL_WRSW-6,SELL_COLA-3,BUY_WRSW-5,SELL_CNCD-1,BUY_CNCD-1,BUY_COLA-1,BUY_WRSW-4,SELL_UOTB-3,SELL_HECM-3,SELL_NAIT-1,BUY_LETH-1,BUY_DUBL-2,BUY_WRSW-2,SELL_WRSW-1,BUY_CNCD-5,SELL_COLB-2,SELL_COLA-1,BUY_NAIT-1,BUY_WRSW-1,SELL_BRCH-1,BUY_BRCH-2,SELL_UOTB-1,BUY_COLA-3,BUY_BABS-3,SELL_LAVL-1,BUY_WRSW-3,BUY_BRCH-1,SELL_UEBR-1,SELL_GIOT-3,BUY_UOTB-3,BUY_DUBL-5,BUY_BABS-4,SELL_CNCD-5,BUY_COLB-2,SELL_WRSW-2,SELL_UEBR-2,SELL_WRSW-4,BUY_HECM-3,SELL_BRCH-2,tick,timestamp,news_news_id,news_period,news_tick,news_ticker,news_headline,news_body
SPNG,25.06,25.01,25.03,2800.0,2171900.0,2102500.0,2800.0,0,0,0,0,0,0,0,0,0,0,0,0,0,0,0,0,0,0,0,0,0,0,0,0,0,0,0,0,0,0,0,0,0,0,0,0,0,0,0,0,0,0,0,0,0,0,0,0,0,0,0,0,0,0,0,0,0,0,1,2026-02-06 14:56:09.224440,2.0,1.0,1.0,,Aggregate Position Limit,Your CRO has set the aggregate position limit to 13000 shares for this week.
SMMR,25.0,24.93,24.94,,2328000.0,2373900.0,,0,0,0,0,0,0,0,0,0,0,0,0,0,0,0,0,0,0,0,0,0,0,0,0,0,0,0,0,0,0,0,0,0,0,0,0,0,0,0,0,0,0,0,0,0,0,0,0,0,0,0,0,0,0,0,0,0,0,1,2026-02-06 14:56:09.224440,1.0,1.0,1.0,,Welcome to the RITC 2026 Alogithmic Market Making Case - practice server,
ATMN,0.0,24.99,25.14,2800.0,1861700.0,1495200.0,2800.0,0,0,0,0,0,0,0,0,0,0,0,0,0,0,0,0,0,0,0,0,0,0,0,0,0,0,0,0,0,0,0,0,0,0,0,0,0,0,0,0,0,0,0,0,0,0,0,0,0,0,0,0,0,0,0,0,0,0,1,2026-02-06 14:56:09.224440,,,,,,
WNTR,24.96,24.96,25.05,,2193900.0,1762000.0,2800.0,0,0,0,0,0,0,0,0,0,0,0,0,0,0,0,0,0,0,0,0,0,0,0,0,0,0,0,0,0,0,0,0,0,0,0,0,0,0,0,0,0,0,0,0,0,0,0,0,0,0,0,0,0,0,0,0,0,0,1,2026-02-06 14:56:09.224440,,,,,,
SPNG,25.03,25.04,25.05,2035800.0,2800.0,679.0,2800.0,1997600.0,679.0,0,0,0,0,0,0,0,0,0,0,0,0,0,0,0,0,0,0,0,0,0,0,0,0,0,0,0,0,0,0,0,0,0,0,0,0,0,0,0,0,0,0,0,0,0,0,0,0,0,0,0,0,0,0,0,0,2,2026-02-06 14:56:10.310590
SMMR,25.08,24.95,25.08,1879600.0,4200.0,740.0,,2023600.0,,0,0,0,0,0,0,0,0,0,0,0,0,0,0,0,0,0,0,0,0,0,0,0,0,0,0,0,0,0,0,0,0,0,0,0,0,0,0,0,0,0,0,0,0,0,0,0,0,0,0,0,0,0,0,0,0,2,2026-02-06 14:56:10.310590
ATMN,25.16,25.02,25.16,1302000.0,8400.0,710.0,,1391500.0,,0,0,0,0,0,0,0,0,0,0,0,0,0,0,0,0,0,0,0,0,0,0,0,0,0,0,0,0,0,0,0,0,0,0,0,0,0,0,0,0,0,0,0,0,0,0,0,0,0,0,0,0,0,0,0,0,2,2026-02-06 14:56:10.310590
WNTR,25.07,24.97,25.05,1980500.0,2800.0,,2800.0,1648400.0,,0,0,0,0,0,0,0,0,0,0,0,0,0,0,0,0,0,0,0,0,0,0,0,0,0,0,0,0,0,0,0,0,0,0,0,0,0,0,0,0,0,0,0,0,0,0,0,0,0,0,0,0,0,0,0,0,2,2026-02-06 14:56:10.310590
SPNG,25.03,25.03,25.12,2056100.0,2800.0,679.0,2320300.0,,,0,0,0,0,0,0,0,0,0,0,0,0,0,0,0,0,0,0,0,0,0,0,0,0,0,0,0,0,0,0,0,0,0,0,0,0,0,0,0,0,0,0,0,0,0,0,0,0,0,0,0,0,0,0,0,0,3,2026-02-06 14:56:10.896296
SMMR,25.08,24.96,24.98,1494400.0,8400.0,740.0,1911100.0,4200.0,630.0,0,0,0,0,0,0,0,0,0,0,0,0,0,0,0,0,0,0,0,0,0,0,0,0,0,0,0,0,0,0,0,0,0,0,0,0,0,0,0,0,0,0,0,0,0,0,0,0,0,0,0,0,0,0,0,0,3,2026-02-06 14:56:10.896296
ATMN,25.16,25.04,25.15,1036100.0,12600.0,710.0,1506400.0,,609.0,0,0,0,0,0,0,0,0,0,0,0,0,0,0,0,0,0,0,0,0,0,0,0,0,0,0,0,0,0,0,0,0,0,0,0,0,0,0,0,0,0,0,0,0,0,0,0,0,0,0,0,0,0,0,0,0,3,2026-02-06 14:56:10.896296
WNTR,24.95,24.92,24.94,2081000.0,1400.0,,1561500.0,7000.0,770.0,0,0,0,0,0,0,0,0,0,0,0,0,0,0,0,0,0,0,0,0,0,0,0,0,0,0,0,0,0,0,0,0,0,0,0,0,0,0,0,0,0,0,0,0,0,0,0,0,0,0,0,0,0,0,0,0,3,2026-02-06 14:56:10.896296
SPNG,24.94,25.05,25.11,1400.0,679.0,2164500.0,4200.0,679.0,1881400.0,0,0,0,0,0,0,0,0,0,0,0,0,0,0,0,0,0,0,0,0,0,0,0,0,0,0,0,0,0,0,0,0,0,0,0,0,0,0,0,0,0,0,0,0,0,0,0,0,0,0,0,0,0,0,0,0,4,2026-02-06 14:56:12.015094
SMMR,25.01,25.05,25.07,8400.0,740.0,1462300.0,5600.0,630.0,1800600.0,0,0,0,0,0,0,0,0,0,0,0,0,0,0,0,0,0,0,0,0,0,0,0,0,0,0,0,0,0,0,0,0,0,0,0,0,0,0,0,0,0,0,0,0,0,0,0,0,0,0,0,0,0,0,0,0,4,2026-02-06 14:56:12.015094
ATMN,25.02,24.98,24.99,,,2072100.0,,609.0,1798000.0,0,0,0,0,0,0,0,0,0,0,0,0,0,0,0,0,0,0,0,0,0,0,0,0,0,0,0,0,0,0,0,0,0,0,0,0,0,0,0,0,0,0,0,0,0,0,0,0,0,0,0,0,0,0,0,0,4,2026-02-06 14:56:12.015094
WNTR,25.07,24.92,25.06,2800.0,651.0,1867600.0,1400.0,,1776300.0,0,0,0,0,0,0,0,0,0,0,0,0,0,0,0,0,0,0,0,0,0,0,0,0,0,0,0,0,0,0,0,0,0,0,0,0,0,0,0,0,0,0,0,0,0,0,0,0,0,0,0,0,0,0,0,0,4,2026-02-06 14:56:12.015094
SPNG,24.94,25.05,25.1,5600.0,679.0,1808700.0,9800.0,679.0,1400500.0,0,0,0,0,0,0,0,0,0,0,0,0,0,0,0,0,0,0,0,0,0,0,0,0,0,0,0,0,0,0,0,0,0,0,0,0,0,0,0,0,0,0,0,0,0,0,0,0,0,0,0,0,0,0,0,0,5,2026-02-06 14:56:13.108268
SMMR,25.01,25.06,25.07,2800.0,740.0,1933500.0,2800.0,630.0,2047100.0,0,0,0,0,0,0,0,0,0,0,0,0,0,0,0,0,0,0,0,0,0,0,0,0,0,0,0,0,0,0,0,0,0,0,0,0,0,0,0,0,0,0,0,0,0,0,0,0,0,0,0,0,0,0,0,0,5,2026-02-06 14:56:13.108268
ATMN,25.15,25.11,25.14,2800.0,,1865500.0,1400.0,609.0,1700500.0,0,0,0,0,0,0,0,0,0,0,0,0,0,0,0,0,0,0,0,0,0,0,0,0,0,0,0,0,0,0,0,0,0,0,0,0,0,0,0,0,0,0,0,0,0,0,0,0,0,0,0,0,0,0,0,0,5,2026-02-06 14:56:13.108268
WNTR,24.91,24.94,24.99,4200.0,,1836700.0,7000.0,770.0,1554700.0,0,0,0,0,0,0,0,0,0,0,0,0,0,0,0,0,0,0,0,0,0,0,0,0,0,0,0,0,0,0,0,0,0,0,0,0,0,0,0,0,0,0,0,0,0,0,0,0,0,0,0,0,0,0,0,0,5,2026-02-06 14:56:13.108268
SPNG,24.92,24.95,25.08,587.0,2322300.0,8400.0,679.0,1498700.0,,0,0,0,0,0,0,0,0,0,0,0,0,0,0,0,0,0,0,0,0,0,0,0,0,0,0,0,0,0,0,0,0,0,0,0,0,0,0,0,0,0,0,0,0,0,0,0,0,0,0,0,0,0,0,0,0,6,2026-02-06 14:56:14.244145
SMMR,25.08,25.07,25.08,740.0,2172800.0,,630.0,2284100.0,,0,0,0,0,0,0,0,0,0,0,0,0,0,0,0,0,0,0,0,0,0,0,0,0,0,0,0,0,0,0,0,0,0,0,0,0,0,0,0,0,0,0,0,0,0,0,0,0,0,0,0,0,0,0,0,0,6,2026-02-06 14:56:14.244145
ATMN,25.16,25.07,25.16,609.0,1862900.0,,,1585600.0,1400.0,0,0,0,0,0,0,0,0,0,0,0,0,0,0,0,0,0,0,0,0,0,0,0,0,0,0,0,0,0,0,0,0,0,0,0,0,0,0,0,0,0,0,0,0,0,0,0,0,0,0,0,0,0,0,0,0,6,2026-02-06 14:56:14.244145
WNTR,25.08,24.94,25.07,770.0,1421000.0,5600.0,770.0,1677700.0,8400.0,0,0,0,0,0,0,0,0,0,0,0,0,0,0,0,0,0,0,0,0,0,0,0,0,0,0,0,0,0,0,0,0,0,0,0,0,0,0,0,0,0,0,0,0,0,0,0,0,0,0,0,0,0,0,0,0,6,2026-02-06 14:56:14.244145
SPNG,25.19,24.9,25.19,2476800.0,2262500.0,,,,,0,0,0,0,0,0,0,0,0,0,0,0,0,0,0,0,0,0,0,0,0,0,0,0,0,0,0,0,0,0,0,0,0,0,0,0,0,0,0,0,0,0,0,0,0,0,0,0,0,0,0,0,0,0,0,0,7,2026-02-06 14:56:14.928801
SMMR,25.09,25.08,25.09,2168300.0,2269100.0,740.0,630.0,,,0,0,0,0,0,0,0,0,0,0,0,0,0,0,0,0,0,0,0,0,0,0,0,0,0,0,0,0,0,0,0,0,0,0,0,0,0,0,0,0,0,0,0,0,0,0,0,0,0,0,0,0,0,0,0,0,7,2026-02-06 14:56:14.928801
ATMN,25.16,25.07,25.15,1542300.0,1660400.0,710.0,710.0,5600.0,4200.0,0,0,0,0,0,0,0,0,0,0,0,0,0,0,0,0,0,0,0,0,0,0,0,0,0,0,0,0,0,0,0,0,0,0,0,0,0,0,0,0,0,0,0,0,0,0,0,0,0,0,0,0,0,0,0,0,7,2026-02-06 14:56:14.928801
WNTR,24.95,25.05,25.06,1457600.0,1366800.0,770.0,770.0,8400.0,9800.0,0,0,0,0,0,0,0,0,0,0,0,0,0,0,0,0,0,0,0,0,0,0,0,0,0,0,0,0,0,0,0,0,0,0,0,0,0,0,0,0,0,0,0,0,0,0,0,0,0,0,0,0,0,0,0,0,7,2026-02-06 14:56:14.928801
SPNG,25.05,25.06,25.1,5600.0,1847200.0,679.0,4200.0,1939900.0,,0,0,0,0,0,0,0,0,0,0,0,0,0,0,0,0,0,0,0,0,0,0,0,0,0,0,0,0,0,0,0,0,0,0,0,0,0,0,0,0,0,0,0,0,0,0,0,0,0,0,0,0,0,0,0,0,8,2026-02-06 14:56:16.052166
SMMR,24.94,24.97,25.08,2800.0,1932400.0,740.0,1400.0,2146500.0,740.0,0,0,0,0,0,0,0,0,0,0,0,0,0,0,0,0,0,0,0,0,0,0,0,0,0,0,0,0,0,0,0,0,0,0,0,0,0,0,0,0,0,0,0,0,0,0,0,0,0,0,0,0,0,0,0,0,8,2026-02-06 14:56:16.052166
ATMN,25.08,24.98,25.04,,2072100.0,,9800.0,1201200.0,710.0,0,0,0,0,0,0,0,0,0,0,0,0,0,0,0,0,0,0,0,0,0,0,0,0,0,0,0,0,0,0,0,0,0,0,0,0,0,0,0,0,0,0,0,0,0,0,0,0,0,0,0,0,0,0,0,0,8,2026-02-06 14:56:16.052166
WNTR,24.96,24.92,24.95,2800.0,1847300.0,651.0,8400.0,1500100.0,770.0,0,0,0,0,0,0,0,0,0,0,0,0,0,0,0,0,0,0,0,0,0,0,0,0,0,0,0,0,0,0,0,0,0,0,0,0,0,0,0,0,0,0,0,0,0,0,0,0,0,0,0,0,0,0,0,0,8,2026-02-06 14:56:16.052166
SPNG,25.8,25.28,25.33,9800.0,679.0,1496600.0,1400.0,2167800.0,,0,0,0,0,0,0,0,0,0,0,0,0,0,0,0,0,0,0,0,0,0,0,0,0,0,0,0,0,0,0,0,0,0,0,0,0,0,0,0,0,0,0,0,0,0,0,0,0,0,0,0,0,0,0,0,0,9,2026-02-06 14:56:17.150836
SMMR,25.09,24.98,25.07,2800.0,740.0,1955200.0,1400.0,2260100.0,,0,0,0,0,0,0,0,0,0,0,0,0,0,0,0,0,0,0,0,0,0,0,0,0,0,0,0,0,0,0,0,0,0,0,0,0,0,0,0,0,0,0,0,0,0,0,0,0,0,0,0,0,0,0,0,0,9,2026-02-06 14:56:17.150836
ATMN,25.04,24.98,24.99,,508.0,1947000.0,7000.0,1415300.0,710.0,0,0,0,0,0,0,0,0,0,0,0,0,0,0,0,0,0,0,0,0,0,0,0,0,0,0,0,0,0,0,0,0,0,0,0,0,0,0,0,0,0,0,0,0,0,0,0,0,0,0,0,0,0,0,0,0,9,2026-02-06 14:56:17.150836
WNTR,25.15,24.93,25.03,7000.0,651.0,1536500.0,1400.0,1890200.0,,0,0,0,0,0,0,0,0,0,0,0,0,0,0,0,0,0,0,0,0,0,0,0,0,0,0,0,0,0,0,0,0,0,0,0,0,0,0,0,0,0,0,0,0,0,0,0,0,0,0,0,0,0,0,0,0,9,2026-02-06 14:56:17.150836
SPNG,25.5,25.67,25.79,2195700.0,2800.0,2800.0,2000800.0,,,0,0,0,0,0,0,0,0,0,0,0,0,0,0,0,0,0,0,0,0,0,0,0,0,0,0,0,0,0,0,0,0,0,0,0,0,0,0,0,0,0,0,0,0,0,0,0,0,0,0,0,0,0,0,0,0,10,2026-02-06 14:56:18.296617
SMMR,24.9,24.9,25.07,2274100.0,,5600.0,1774400.0,630.0,,0,0,0,0,0,0,0,0,0,0,0,0,0,0,0,0,0,0,0,0,0,0,0,0,0,0,0,0,0,0,0,0,0,0,0,0,0,0,0,0,0,0,0,0,0,0,0,0,0,0,0,0,0,0,0,0,10,2026-02-06 14:56:18.296617
ATMN,24.96,24.96,25.03,1991200.0,,4200.0,1728100.0,,508.0,0,0,0,0,0,0,0,0,0,0,0,0,0,0,0,0,0,0,0,0,0,0,0,0,0,0,0,0,0,0,0,0,0,0,0,0,0,0,0,0,0,0,0,0,0,0,0,0,0,0,0,0,0,0,0,0,10,2026-02-06 14:56:18.296617
WNTR,25.03,24.94,25.02,1318700.0,9800.0,2800.0,1890200.0,,770.0,0,0,0,0,0,0,0,0,0,0,0,0,0,0,0,0,0,0,0,0,0,0,0,0,0,0,0,0,0,0,0,0,0,0,0,0,0,0,0,0,0,0,0,0,0,0,0,0,0,0,0,0,0,0,0,0,10,2026-02-06 14:56:18.296617
SPNG,25.13,25.05,25.13,2276900.0,679.0,1739000.0,5600.0,614.0,,0,0,0,0,0,0,0,0,0,0,0,0,0,0,0,0,0,0,0,0,0,0,0,0,0,0,0,0,0,0,0,0,0,0,0,0,0,0,0,0,0,0,0,0,0,0,0,0,0,0,0,0,0,0,0,0,11,2026-02-06 14:56:19.368637
SMMR,24.94,24.91,24.93,1929100.0,,1442300.0,9800.0,740.0,4200.0,0,0,0,0,0,0,0,0,0,0,0,0,0,0,0,0,0,0,0,0,0,0,0,0,0,0,0,0,0,0,0,0,0,0,0,0,0,0,0,0,0,0,0,0,0,0,0,0,0,0,0,0,0,0,0,0,11,2026-02-06 14:56:19.368637
ATMN,25.16,24.97,25.15,1784200.0,609.0,1957000.0,1400.0,,2800.0,0,0,0,0,0,0,0,0,0,0,0,0,0,0,0,0,0,0,0,0,0,0,0,0,0,0,0,0,0,0,0,0,0,0,0,0,0,0,0,0,0,0,0,0,0,0,0,0,0,0,0,0,0,0,0,0,11,2026-02-06 14:56:19.368637
WNTR,24.98,24.94,24.96,1210500.0,770.0,1674300.0,7000.0,,11200.0,0,0,0,0,0,0,0,0,0,0,0,0,0,0,0,0,0,0,0,0,0,0,0,0,0,0,0,0,0,0,0,0,0,0,0,0,0,0,0,0,0,0,0,0,0,0,0,0,0,0,0,0,0,0,0,0,11,2026-02-06 14:56:19.368637
SPNG,25.33,25.06,25.12,4200.0,1946900.0,679.0,1400.0,2097900.0,614.0,0,0,0,0,0,0,0,0,0,0,0,0,0,0,0,0,0,0,0,0,0,0,0,0,0,0,0,0,0,0,0,0,0,0,0,0,0,0,0,0,0,0,0,0,0,0,0,0,0,0,0,0,0,0,0,0,12,2026-02-06 14:56:19.939243
SMMR,25.16,24.91,24.93,8400.0,1437100.0,630.0,1400.0,2272300.0,,0,0,0,0,0,0,0,0,0,0,0,0,0,0,0,0,0,0,0,0,0,0,0,0,0,0,0,0,0,0,0,0,0,0,0,0,0,0,0,0,0,0,0,0,0,0,0,0,0,0,0,0,0,0,0,0,12,2026-02-06 14:56:19.939243
ATMN,24.96,25.0,25.12,2800.0,1871600.0,,4200.0,1653100.0,710.0,0,0,0,0,0,0,0,0,0,0,0,0,0,0,0,0,0,0,0,0,0,0,0,0,0,0,0,0,0,0,0,0,0,0,0,0,0,0,0,0,0,0,0,0,0,0,0,0,0,0,0,0,0,0,0,0,12,2026-02-06 14:56:19.939243
WNTR,25.13,24.95,25.13,5600.0,1665800.0,770.0,,1895200.0,,0,0,0,0,0,0,0,0,0,0,0,0,0,0,0,0,0,0,0,0,0,0,0,0,0,0,0,0,0,0,0,0,0,0,0,0,0,0,0,0,0,0,0,0,0,0,0,0,0,0,0,0,0,0,0,0,12,2026-02-06 14:56:19.939243
SPNG,25.58,24.95,25.0,1400.0,2149300.0,679.0,1400.0,624.0,2076100.0,0,0,0,0,0,0,0,0,0,0,0,0,0,0,0,0,0,0,0,0,0,0,0,0,0,0,0,0,0,0,0,0,0,0,0,0,0,0,0,0,0,0,0,0,0,0,0,0,0,0,0,0,0,0,0,0,13,2026-02-06 14:56:21.049901
SMMR,25.16,24.91,24.92,8400.0,1437100.0,740.0,,,2373500.0,0,0,0,0,0,0,0,0,0,0,0,0,0,0,0,0,0,0,0,0,0,0,0,0,0,0,0,0,0,0,0,0,0,0,0,0,0,0,0,0,0,0,0,0,0,0,0,0,0,0,0,0,0,0,0,0,13,2026-02-06 14:56:21.049901
ATMN,25.15,25.0,25.14,8400.0,1394900.0,609.0,2800.0,,1836200.0,0,0,0,0,0,0,0,0,0,0,0,0,0,0,0,0,0,0,0,0,0,0,0,0,0,0,0,0,0,0,0,0,0,0,0,0,0,0,0,0,0,0,0,0,0,0,0,0,0,0,0,0,0,0,0,0,13,2026-02-06 14:56:21.049901
WNTR,24.88,24.89,24.93,1400.0,2036000.0,,1400.0,651.0,2029900.0,0,0,0,0,0,0,0,0,0,0,0,0,0,0,0,0,0,0,0,0,0,0,0,0,0,0,0,0,0,0,0,0,0,0,0,0,0,0,0,0,0,0,0,0,0,0,0,0,0,0,0,0,0,0,0,0,13,2026-02-06 14:56:21.049901
SPNG,24.79,25.18,25.23,679.0,1400.0,2143900.0,5600.0,538.0,1739300.0,0,0,0,0,0,0,0,0,0,0,0,0,0,0,0,0,0,0,0,0,0,0,0,0,0,0,0,0,0,0,0,0,0,0,0,0,0,0,0,0,0,0,0,0,0,0,0,0,0,0,0,0,0,0,0,0,14,2026-02-06 14:56:22.149980
SMMR,25.18,24.94,25.18,740.0,5600.0,1661200.0,,,2331500.0,0,0,0,0,0,0,0,0,0,0,0,0,0,0,0,0,0,0,0,0,0,0,0,0,0,0,0,0,0,0,0,0,0,0,0,0,0,0,0,0,0,0,0,0,0,0,0,0,0,0,0,0,0,0,0,0,14,2026-02-06 14:56:22.149980
ATMN,25.18,25.01,25.13,,11200.0,1239100.0,1400.0,710.0,1819400.0,0,0,0,0,0,0,0,0,0,0,0,0,0,0,0,0,0,0,0,0,0,0,0,0,0,0,0,0,0,0,0,0,0,0,0,0,0,0,0,0,0,0,0,0,0,0,0,0,0,0,0,0,0,0,0,0,14,2026-02-06 14:56:22.149980
WNTR,24.86,24.89,24.93,,1400.0,2052000.0,1400.0,770.0,2029900.0,0,0,0,0,0,0,0,0,0,0,0,0,0,0,0,0,0,0,0,0,0,0,0,0,0,0,0,0,0,0,0,0,0,0,0,0,0,0,0,0,0,0,0,0,0,0,0,0,0,0,0,0,0,0,0,0,14,2026-02-06 14:56:22.149980
SPNG,25.54,25.54,25.57,2137200.0,1400.0,635.0,2800.0,2092200.0,,0,0,0,0,0,0,0,0,0,0,0,0,0,0,0,0,0,0,0,0,0,0,0,0,0,0,0,0,0,0,0,0,0,0,0,0,0,0,0,0,0,0,0,0,0,0,0,0,0,0,0,0,0,0,0,0,15,2026-02-06 14:56:23.238514
SMMR,24.97,24.98,25.13,1799400.0,5600.0,,,2246300.0,457.0,0,0,0,0,0,0,0,0,0,0,0,0,0,0,0,0,0,0,0,0,0,0,0,0,0,0,0,0,0,0,0,0,0,0,0,0,0,0,0,0,0,0,0,0,0,0,0,0,0,0,0,0,0,0,0,0,15,2026-02-06 14:56:23.238514
ATMN,25.19,24.96,25.12,1484200.0,7000.0,609.0,2800.0,1836200.0,,0,0,0,0,0,0,0,0,0,0,0,0,0,0,0,0,0,0,0,0,0,0,0,0,0,0,0,0,0,0,0,0,0,0,0,0,0,0,0,0,0,0,0,0,0,0,0,0,0,0,0,0,0,0,0,0,15,2026-02-06 14:56:23.238514
WNTR,25.1,24.97,25.02,1834800.0,4200.0,,,2109200.0,651.0,0,0,0,0,0,0,0,0,0,0,0,0,0,0,0,0,0,0,0,0,0,0,0,0,0,0,0,0,0,0,0,0,0,0,0,0,0,0,0,0,0,0,0,0,0,0,0,0,0,0,0,0,0,0,0,0,15,2026-02-06 14:56:23.238514
SPNG,25.06,25.04,25.06,2273300.0,1400.0,1861300.0,4200.0,631.0,,0,0,0,0,0,0,0,0,0,0,0,0,0,0,0,0,0,0,0,0,0,0,0,0,0,0,0,0,0,0,0,0,0,0,0,0,0,0,0,0,0,0,0,0,0,0,0,0,0,0,0,0,0,0,0,0,16,2026-02-06 14:56:24.316872
SMMR,24.97,25.01,25.13,1573600.0,7000.0,2200800.0,,566.0,740.0,0,0,0,0,0,0,0,0,0,0,0,0,0,0,0,0,0,0,0,0,0,0,0,0,0,0,0,0,0,0,0,0,0,0,0,0,0,0,0,0,0,0,0,0,0,0,0,0,0,0,0,0,0,0,0,0,16,2026-02-06 14:56:24.316872
ATMN,25.23,24.98,25.22,1574100.0,5600.0,1846700.0,2800.0,,710.0,0,0,0,0,0,0,0,0,0,0,0,0,0,0,0,0,0,0,0,0,0,0,0,0,0,0,0,0,0,0,0,0,0,0,0,0,0,0,0,0,0,0,0,0,0,0,0,0,0,0,0,0,0,0,0,0,16,2026-02-06 14:56:24.316872
WNTR,25.13,24.99,25.02,1979000.0,1400.0,2006700.0,,770.0,770.0,0,0,0,0,0,0,0,0,0,0,0,0,0,0,0,0,0,0,0,0,0,0,0,0,0,0,0,0,0,0,0,0,0,0,0,0,0,0,0,0,0,0,0,0,0,0,0,0,0,0,0,0,0,0,0,0,16,2026-02-06 14:56:24.316872
SPNG,25.06,25.06,25.11,2315200.0,635.0,7000.0,679.0,1641600.0,,0,0,0,0,0,0,0,0,0,0,0,0,0,0,0,0,0,0,0,0,0,0,0,0,0,0,0,0,0,0,0,0,0,0,0,0,0,0,0,0,0,0,0,0,0,0,0,0,0,0,0,0,0,0,0,0,17,2026-02-06 14:56:25.373200
SMMR,24.97,25.04,25.13,1573600.0,,,566.0,2134700.0,8400.0,0,0,0,0,0,0,0,0,0,0,0,0,0,0,0,0,0,0,0,0,0,0,0,0,0,0,0,0,0,0,0,0,0,0,0,0,0,0,0,0,0,0,0,0,0,0,0,0,0,0,0,0,0,0,0,0,17,2026-02-06 14:56:25.373200
ATMN,25.21,24.9,24.93,1952700.0,,5600.0,609.0,1547500.0,1400.0,0,0,0,0,0,0,0,0,0,0,0,0,0,0,0,0,0,0,0,0,0,0,0,0,0,0,0,0,0,0,0,0,0,0,0,0,0,0,0,0,0,0,0,0,0,0,0,0,0,0,0,0,0,0,0,0,17,2026-02-06 14:56:25.373200
WNTR,25.15,25.17,25.19,2110900.0,770.0,,,1773500.0,,0,0,0,0,0,0,0,0,0,0,0,0,0,0,0,0,0,0,0,0,0,0,0,0,0,0,0,0,0,0,0,0,0,0,0,0,0,0,0,0,0,0,0,0,0,0,0,0,0,0,0,0,0,0,0,0,17,2026-02-06 14:56:25.373200
SPNG,25.03,25.03,25.42,2367100.0,4200.0,1865600.0,631.0,,,0,0,0,0,0,0,0,0,0,0,0,0,0,0,0,0,0,0,0,0,0,0,0,0,0,0,0,0,0,0,0,0,0,0,0,0,0,0,0,0,0,0,0,0,0,0,0,0,0,0,0,0,0,0,0,0,18,2026-02-06 14:56:26.438831
SMMR,25.06,24.99,25.01,2159200.0,1400.0,2047300.0,566.0,1400.0,,0,0,0,0,0,0,0,0,0,0,0,0,0,0,0,0,0,0,0,0,0,0,0,0,0,0,0,0,0,0,0,0,0,0,0,0,0,0,0,0,0,0,0,0,0,0,0,0,0,0,0,0,0,0,0,0,18,2026-02-06 14:56:26.438831
ATMN,25.21,25.06,25.19,1472000.0,7000.0,1422300.0,609.0,7000.0,710.0,0,0,0,0,0,0,0,0,0,0,0,0,0,0,0,0,0,0,0,0,0,0,0,0,0,0,0,0,0,0,0,0,0,0,0,0,0,0,0,0,0,0,0,0,0,0,0,0,0,0,0,0,0,0,0,0,18,2026-02-06 14:56:26.438831
WNTR,24.97,25.16,25.19,2045800.0,,1883600.0,,,770.0,0,0,0,0,0,0,0,0,0,0,0,0,0,0,0,0,0,0,0,0,0,0,0,0,0,0,0,0,0,0,0,0,0,0,0,0,0,0,0,0,0,0,0,0,0,0,0,0,0,0,0,0,0,0,0,0,18,2026-02-06 14:56:26.438831
SPNG,25.3,25.3,25.42,635.0,2800.0,2037100.0,8400.0,679.0,1529400.0,0,0,0,0,0,0,0,0,0,0,0,0,0,0,0,0,0,0,0,0,0,0,0,0,0,0,0,0,0,0,0,0,0,0,0,0,0,0,0,0,0,0,0,0,0,0,0,0,0,0,0,0,0,0,0,0,19,2026-02-06 14:56:27.061454
SMMR,25.01,24.89,25.0,692.0,,2181500.0,1400.0,740.0,2047300.0,0,0,0,0,0,0,0,0,0,0,0,0,0,0,0,0,0,0,0,0,0,0,0,0,0,0,0,0,0,0,0,0,0,0,0,0,0,0,0,0,0,0,0,0,0,0,0,0,0,0,0,0,0,0,0,0,19,2026-02-06 14:56:27.061454
ATMN,25.23,25.07,25.23,,11200.0,1241200.0,,,2034600.0,0,0,0,0,0,0,0,0,0,0,0,0,0,0,0,0,0,0,0,0,0,0,0,0,0,0,0,0,0,0,0,0,0,0,0,0,0,0,0,0,0,0,0,0,0,0,0,0,0,0,0,0,0,0,0,0,19,2026-02-06 14:56:27.061454
WNTR,24.95,24.95,25.19,,,2118300.0,,651.0,1985500.0,0,0,0,0,0,0,0,0,0,0,0,0,0,0,0,0,0,0,0,0,0,0,0,0,0,0,0,0,0,0,0,0,0,0,0,0,0,0,0,0,0,0,0,0,0,0,0,0,0,0,0,0,0,0,0,0,19,2026-02-06 14:56:27.061454
SPNG,24.83,24.83,25.04,2273800.0,548.0,1625700.0,679.0,7000.0,,0,0,0,0,0,0,0,0,0,0,0,0,0,0,0,0,0,0,0,0,0,0,0,0,0,0,0,0,0,0,0,0,0,0,0,0,0,0,0,0,0,0,0,0,0,0,0,0,0,0,0,0,0,0,0,0,20,2026-02-06 14:56:28.140829
SMMR,24.89,25.07,25.12,2068500.0,740.0,1937500.0,676.0,2800.0,1400.0,0,0,0,0,0,0,0,0,0,0,0,0,0,0,0,0,0,0,0,0,0,0,0,0,0,0,0,0,0,0,0,0,0,0,0,0,0,0,0,0,0,0,0,0,0,0,0,0,0,0,0,0,0,0,0,0,20,2026-02-06 14:56:28.140829
ATMN,25.3,25.18,25.3,1145400.0,710.0,1947000.0,522.0,,11200.0,0,0,0,0,0,0,0,0,0,0,0,0,0,0,0,0,0,0,0,0,0,0,0,0,0,0,0,0,0,0,0,0,0,0,0,0,0,0,0,0,0,0,0,0,0,0,0,0,0,0,0,0,0,0,0,0,20,2026-02-06 14:56:28.140829
WNTR,25.01,24.98,25.01,1633000.0,770.0,1865000.0,770.0,2800.0,5600.0,0,0,0,0,0,0,0,0,0,0,0,0,0,0,0,0,0,0,0,0,0,0,0,0,0,0,0,0,0,0,0,0,0,0,0,0,0,0,0,0,0,0,0,0,0,0,0,0,0,0,0,0,0,0,0,0,20,2026-02-06 14:56:28.140829
SPNG,25.05,24.83,25.05,2273800.0,548.0,2280000.0,1400.0,,,0,0,0,0,0,0,0,0,0,0,0,0,0,0,0,0,0,0,0,0,0,0,0,0,0,0,0,0,0,0,0,0,0,0,0,0,0,0,0,0,0,0,0,0,0,0,0,0,0,0,0,0,0,0,0,0,21,2026-02-06 14:56:29.242607
SMMR,24.86,24.86,25.12,2351500.0,,1574600.0,7000.0,676.0,,0,0,0,0,0,0,0,0,0,0,0,0,0,0,0,0,0,0,0,0,0,0,0,0,0,0,0,0,0,0,0,0,0,0,0,0,0,0,0,0,0,0,0,0,0,0,0,0,0,0,0,0,0,0,0,0,21,2026-02-06 14:56:29.242607
ATMN,25.04,25.04,25.3,2061800.0,,1947000.0,,435.0,,0,0,0,0,0,0,0,0,0,0,0,0,0,0,0,0,0,0,0,0,0,0,0,0,0,0,0,0,0,0,0,0,0,0,0,0,0,0,0,0,0,0,0,0,0,0,0,0,0,0,0,0,0,0,0,0,21,2026-02-06 14:56:29.242607
WNTR,25.01,25.04,25.18,1155600.0,770.0,1985500.0,2800.0,,11200.0,0,0,0,0,0,0,0,0,0,0,0,0,0,0,0,0,0,0,0,0,0,0,0,0,0,0,0,0,0,0,0,0,0,0,0,0,0,0,0,0,0,0,0,0,0,0,0,0,0,0,0,0,0,0,0,0,21,2026-02-06 14:56:29.242607
SPNG,25.05,24.94,25.05,2284400.0,548.0,1781200.0,625.0,5600.0,,0,0,0,0,0,0,0,0,0,0,0,0,0,0,0,0,0,0,0,0,0,0,0,0,0,0,0,0,0,0,0,0,0,0,0,0,0,0,0,0,0,0,0,0,0,0,0,0,0,0,0,0,0,0,0,0,22,2026-02-06 14:56:30.371139
SMMR,25.13,24.87,24.94,1919200.0,583.0,2159300.0,,1400.0,2800.0,0,0,0,0,0,0,0,0,0,0,0,0,0,0,0,0,0,0,0,0,0,0,0,0,0,0,0,0,0,0,0,0,0,0,0,0,0,0,0,0,0,0,0,0,0,0,0,0,0,0,0,0,0,0,0,0,22,2026-02-06 14:56:30.371139
ATMN,25.21,25.05,25.21,1694800.0,,1641000.0,536.0,4200.0,5600.0,0,0,0,0,0,0,0,0,0,0,0,0,0,0,0,0,0,0,0,0,0,0,0,0,0,0,0,0,0,0,0,0,0,0,0,0,0,0,0,0,0,0,0,0,0,0,0,0,0,0,0,0,0,0,0,0,22,2026-02-06 14:56:30.371139
WNTR,24.98,25.05,25.16,1963900.0,,1865300.0,651.0,2800.0,2800.0,0,0,0,0,0,0,0,0,0,0,0,0,0,0,0,0,0,0,0,0,0,0,0,0,0,0,0,0,0,0,0,0,0,0,0,0,0,0,0,0,0,0,0,0,0,0,0,0,0,0,0,0,0,0,0,0,22,2026-02-06 14:56:30.371139
SPNG,25.24,24.95,25.23,2800.0,2044500.0,679.0,4200.0,2033000.0,,0,0,0,0,0,0,0,0,0,0,0,0,0,0,0,0,0,0,0,0,0,0,0,0,0,0,0,0,0,0,0,0,0,0,0,0,0,0,0,0,0,0,0,0,0,0,0,0,0,0,0,0,0,0,0,0,23,2026-02-06 14:56:31.427046
SMMR,24.97,24.87,24.97,2800.0,1894200.0,583.0,2800.0,2056800.0,,0,0,0,0,0,0,0,0,0,0,0,0,0,0,0,0,0,0,0,0,0,0,0,0,0,0,0,0,0,0,0,0,0,0,0,0,0,0,0,0,0,0,0,0,0,0,0,0,0,0,0,0,0,0,0,0,23,2026-02-06 14:56:31.427046
ATMN,25.15,25.12,25.14,5600.0,1572500.0,710.0,5600.0,1518400.0,637.0,0,0,0,0,0,0,0,0,0,0,0,0,0,0,0,0,0,0,0,0,0,0,0,0,0,0,0,0,0,0,0,0,0,0,0,0,0,0,0,0,0,0,0,0,0,0,0,0,0,0,0,0,0,0,0,0,23,2026-02-06 14:56:31.427046
WNTR,25.09,24.98,25.03,1400.0,2062500.0,,1400.0,1986600.0,651.0,0,0,0,0,0,0,0,0,0,0,0,0,0,0,0,0,0,0,0,0,0,0,0,0,0,0,0,0,0,0,0,0,0,0,0,0,0,0,0,0,0,0,0,0,0,0,0,0,0,0,0,0,0,0,0,0,23,2026-02-06 14:56:31.427046
SPNG,24.97,24.95,24.97,2800.0,679.0,2045400.0,1663000.0,7000.0,539.0,0,0,0,0,0,0,0,0,0,0,0,0,0,0,0,0,0,0,0,0,0,0,0,0,0,0,0,0,0,0,0,0,0,0,0,0,0,0,0,0,0,0,0,0,0,0,0,0,0,0,0,0,0,0,0,0,24,2026-02-06 14:56:32.493658
SMMR,25.13,24.94,24.96,7000.0,740.0,1578800.0,1804000.0,4200.0,676.0,0,0,0,0,0,0,0,0,0,0,0,0,0,0,0,0,0,0,0,0,0,0,0,0,0,0,0,0,0,0,0,0,0,0,0,0,0,0,0,0,0,0,0,0,0,0,0,0,0,0,0,0,0,0,0,0,24,2026-02-06 14:56:32.493658
ATMN,25.24,25.16,25.21,9800.0,710.0,1277000.0,1731000.0,2800.0,637.0,0,0,0,0,0,0,0,0,0,0,0,0,0,0,0,0,0,0,0,0,0,0,0,0,0,0,0,0,0,0,0,0,0,0,0,0,0,0,0,0,0,0,0,0,0,0,0,0,0,0,0,0,0,0,0,0,24,2026-02-06 14:56:32.493658
WNTR,25.03,25.07,25.16,5600.0,651.0,1645900.0,1981000.0,1400.0,770.0,0,0,0,0,0,0,0,0,0,0,0,0,0,0,0,0,0,0,0,0,0,0,0,0,0,0,0,0,0,0,0,0,0,0,0,0,0,0,0,0,0,0,0,0,0,0,0,0,0,0,0,0,0,0,0,0,24,2026-02-06 14:56:32.493658
SPNG,25.02,25.0,25.24,2185700.0,1400.0,679.0,2153700.0,1400.0,539.0,0,0,0,0,0,0,0,0,0,0,0,0,0,0,0,0,0,0,0,0,0,0,0,0,0,0,0,0,0,0,0,0,0,0,0,0,0,0,0,0,0,0,0,0,0,0,0,0,0,0,0,0,0,0,0,0,25,2026-02-06 14:56:33.076434
SMMR,25.11,25.11,25.12,1811800.0,4200.0,740.0,2064200.0,2800.0,,0,0,0,0,0,0,0,0,0,0,0,0,0,0,0,0,0,0,0,0,0,0,0,0,0,0,0,0,0,0,0,0,0,0,0,0,0,0,0,0,0,0,0,0,0,0,0,0,0,0,0,0,0,0,0,0,25,2026-02-06 14:56:33.076434
ATMN,25.23,25.27,25.33,1483100.0,8400.0,,1934700.0,,546.0,0,0,0,0,0,0,0,0,0,0,0,0,0,0,0,0,0,0,0,0,0,0,0,0,0,0,0,0,0,0,0,0,0,0,0,0,0,0,0,0,0,0,0,0,0,0,0,0,0,0,0,0,0,0,0,0,25,2026-02-06 14:56:33.076434
WNTR,25.07,24.98,24.99,1764700.0,4200.0,651.0,1739900.0,4200.0,770.0,0,0,0,0,0,0,0,0,0,0,0,0,0,0,0,0,0,0,0,0,0,0,0,0,0,0,0,0,0,0,0,0,0,0,0,0,0,0,0,0,0,0,0,0,0,0,0,0,0,0,0,0,0,0,0,0,25,2026-02-06 14:56:33.076434
SPNG,25.14,25.02,25.04,5600.0,679.0,1825500.0,11200.0,1459100.0,0,0,0,0,0,0,0,0,0,0,0,0,0,0,0,0,0,0,0,0,0,0,0,0,0,0,0,0,0,0,0,0,0,0,0,0,0,0,0,0,0,0,0,0,0,0,0,0,0,0,0,0,0,0,0,0,0,26,2026-02-06 14:56:34.298892
SMMR,25.12,25.11,25.12,2800.0,,2044100.0,2800.0,2027300.0,0,0,0,0,0,0,0,0,0,0,0,0,0,0,0,0,0,0,0,0,0,0,0,0,0,0,0,0,0,0,0,0,0,0,0,0,0,0,0,0,0,0,0,0,0,0,0,0,0,0,0,0,0,0,0,0,0,26,2026-02-06 14:56:34.298892
ATMN,25.15,25.15,25.32,,,2092400.0,1400.0,1956200.0,0,0,0,0,0,0,0,0,0,0,0,0,0,0,0,0,0,0,0,0,0,0,0,0,0,0,0,0,0,0,0,0,0,0,0,0,0,0,0,0,0,0,0,0,0,0,0,0,0,0,0,0,0,0,0,0,0,26,2026-02-06 14:56:34.298892
WNTR,25.17,24.98,25.17,1400.0,,2096600.0,,2180500.0,0,0,0,0,0,0,0,0,0,0,0,0,0,0,0,0,0,0,0,0,0,0,0,0,0,0,0,0,0,0,0,0,0,0,0,0,0,0,0,0,0,0,0,0,0,0,0,0,0,0,0,0,0,0,0,0,0,26,2026-02-06 14:56:34.298892
SPNG,25.0,25.01,25.04,2800.0,2058000.0,679.0,14000.0,1090900.0,466.0,0,0,0,0,0,0,0,0,0,0,0,0,0,0,0,0,0,0,0,0,0,0,0,0,0,0,0,0,0,0,0,0,0,0,0,0,0,0,0,0,0,0,0,0,0,0,0,0,0,0,0,0,0,0,0,0,27,2026-02-06 14:56:35.382642
SMMR,25.13,24.87,25.07,1400.0,2030800.0,683.0,1400.0,2025300.0,740.0,0,0,0,0,0,0,0,0,0,0,0,0,0,0,0,0,0,0,0,0,0,0,0,0,0,0,0,0,0,0,0,0,0,0,0,0,0,0,0,0,0,0,0,0,0,0,0,0,0,0,0,0,0,0,0,0,27,2026-02-06 14:56:35.382642
ATMN,25.0,25.01,25.27,1400.0,1993000.0,,1400.0,1833000.0,657.0,0,0,0,0,0,0,0,0,0,0,0,0,0,0,0,0,0,0,0,0,0,0,0,0,0,0,0,0,0,0,0,0,0,0,0,0,0,0,0,0,0,0,0,0,0,0,0,0,0,0,0,0,0,0,0,0,27,2026-02-06 14:56:35.382642
WNTR,24.97,25.03,25.08,1400.0,1998500.0,770.0,4200.0,1736500.0,770.0,0,0,0,0,0,0,0,0,0,0,0,0,0,0,0,0,0,0,0,0,0,0,0,0,0,0,0,0,0,0,0,0,0,0,0,0,0,0,0,0,0,0,0,0,0,0,0,0,0,0,0,0,0,0,0,0,27,2026-02-06 14:56:35.382642
SPNG,24.86,24.86,25.04,2419300.0,2800.0,2032700.0,466.0,,,0,0,0,0,0,0,0,0,0,0,0,0,0,0,0,0,0,0,0,0,0,0,0,0,0,0,0,0,0,0,0,0,0,0,0,0,0,0,0,0,0,0,0,0,0,0,0,0,0,0,0,0,0,0,0,0,28,2026-02-06 14:56:36.452680
SMMR,25.03,24.88,25.03,1678300.0,5600.0,1707200.0,740.0,5600.0,683.0,0,0,0,0,0,0,0,0,0,0,0,0,0,0,0,0,0,0,0,0,0,0,0,0,0,0,0,0,0,0,0,0,0,0,0,0,0,0,0,0,0,0,0,0,0,0,0,0,0,0,0,0,0,0,0,0,28,2026-02-06 14:56:36.452680
ATMN,25.4,25.33,25.38,1662600.0,1400.0,1959600.0,,4200.0,660.0,0,0,0,0,0,0,0,0,0,0,0,0,0,0,0,0,0,0,0,0,0,0,0,0,0,0,0,0,0,0,0,0,0,0,0,0,0,0,0,0,0,0,0,0,0,0,0,0,0,0,0,0,0,0,0,0,28,2026-02-06 14:56:36.452680
WNTR,25.02,24.98,25.02,2096600.0,2800.0,1839300.0,770.0,1400.0,,0,0,0,0,0,0,0,0,0,0,0,0,0,0,0,0,0,0,0,0,0,0,0,0,0,0,0,0,0,0,0,0,0,0,0,0,0,0,0,0,0,0,0,0,0,0,0,0,0,0,0,0,0,0,0,0,28,2026-02-06 14:56:36.452680
SPNG,25.14,25.04,25.14,2316000.0,679.0,2038700.0,2800.0,558.0,,0,0,0,0,0,0,0,0,0,0,0,0,0,0,0,0,0,0,0,0,0,0,0,0,0,0,0,0,0,0,0,0,0,0,0,0,0,0,0,0,0,0,0,0,0,0,0,0,0,0,0,0,0,0,0,0,29,2026-02-06 14:56:37.527066
SMMR,24.96,24.89,24.95,1689100.0,683.0,1740200.0,5600.0,740.0,5600.0,0,0,0,0,0,0,0,0,0,0,0,0,0,0,0,0,0,0,0,0,0,0,0,0,0,0,0,0,0,0,0,0,0,0,0,0,0,0,0,0,0,0,0,0,0,0,0,0,0,0,0,0,0,0,0,0,29,2026-02-06 14:56:37.527066
ATMN,25.41,25.33,25.41,1534700.0,710.0,1982400.0,,657.0,5600.0,0,0,0,0,0,0,0,0,0,0,0,0,0,0,0,0,0,0,0,0,0,0,0,0,0,0,0,0,0,0,0,0,0,0,0,0,0,0,0,0,0,0,0,0,0,0,0,0,0,0,0,0,0,0,0,0,29,2026-02-06 14:56:37.527066
WNTR,24.97,24.98,25.0,1974500.0,532.0,1847100.0,2800.0,770.0,1400.0,0,0,0,0,0,0,0,0,0,0,0,0,0,0,0,0,0,0,0,0,0,0,0,0,0,0,0,0,0,0,0,0,0,0,0,0,0,0,0,0,0,0,0,0,0,0,0,0,0,0,0,0,0,0,0,0,29,2026-02-06 14:56:37.527066
SPNG,25.13,25.05,25.14,1400.0,679.0,2191500.0,1912700.0,651.0,4200.0,0,0,0,0,0,0,0,0,0,0,0,0,0,0,0,0,0,0,0,0,0,0,0,0,0,0,0,0,0,0,0,0,0,0,0,0,0,0,0,0,0,0,0,0,0,0,0,0,0,0,0,0,0,0,0,0,30,2026-02-06 14:56:38.091284
SMMR,24.98,24.99,25.01,8400.0,683.0,1497700.0,1720400.0,740.0,5600.0,0,0,0,0,0,0,0,0,0,0,0,0,0,0,0,0,0,0,0,0,0,0,0,0,0,0,0,0,0,0,0,0,0,0,0,0,0,0,0,0,0,0,0,0,0,0,0,0,0,0,0,0,0,0,0,0,30,2026-02-06 14:56:38.091284
ATMN,25.28,25.17,25.22,2800.0,,1883000.0,1964000.0,657.0,,0,0,0,0,0,0,0,0,0,0,0,0,0,0,0,0,0,0,0,0,0,0,0,0,0,0,0,0,0,0,0,0,0,0,0,0,0,0,0,0,0,0,0,0,0,0,0,0,0,0,0,0,0,0,0,0,30,2026-02-06 14:56:38.091284
WNTR,24.97,24.98,25.0,1400.0,532.0,1955900.0,1736500.0,770.0,4200.0,0,0,0,0,0,0,0,0,0,0,0,0,0,0,0,0,0,0,0,0,0,0,0,0,0,0,0,0,0,0,0,0,0,0,0,0,0,0,0,0,0,0,0,0,0,0,0,0,0,0,0,0,0,0,0,0,30,2026-02-06 14:56:38.091284
SPNG,25.0,24.86,25.0,2290000.0,614.0,1705400.0,679.0,7000.0,,0,0,0,0,0,0,0,0,0,0,0,0,0,0,0,0,0,0,0,0,0,0,0,0,0,0,0,0,0,0,0,0,0,0,0,0,0,0,0,0,0,0,0,0,0,0,0,0,0,0,0,0,0,0,0,0,31,2026-02-06 14:56:39.157669
SMMR,24.88,24.88,24.92,2167300.0,583.0,1737000.0,740.0,5600.0,,0,0,0,0,0,0,0,0,0,0,0,0,0,0,0,0,0,0,0,0,0,0,0,0,0,0,0,0,0,0,0,0,0,0,0,0,0,0,0,0,0,0,0,0,0,0,0,0,0,0,0,0,0,0,0,0,31,2026-02-06 14:56:39.157669
ATMN,25.33,25.33,25.4,1655300.0,710.0,1878200.0,,1400.0,4200.0,0,0,0,0,0,0,0,0,0,0,0,0,0,0,0,0,0,0,0,0,0,0,0,0,0,0,0,0,0,0,0,0,0,0,0,0,0,0,0,0,0,0,0,0,0,0,0,0,0,0,0,0,0,0,0,0,31,2026-02-06 14:56:39.157669
WNTR,25.02,25.14,25.16,1853600.0,651.0,1856100.0,,4200.0,2800.0,0,0,0,0,0,0,0,0,0,0,0,0,0,0,0,0,0,0,0,0,0,0,0,0,0,0,0,0,0,0,0,0,0,0,0,0,0,0,0,0,0,0,0,0,0,0,0,0,0,0,0,0,0,0,0,0,31,2026-02-06 14:56:39.157669
SPNG,25.23,25.06,25.23,2161600.0,1400.0,614.0,651.0,2800.0,2046900.0,0,0,0,0,0,0,0,0,0,0,0,0,0,0,0,0,0,0,0,0,0,0,0,0,0,0,0,0,0,0,0,0,0,0,0,0,0,0,0,0,0,0,0,0,0,0,0,0,0,0,0,0,0,0,0,0,32,2026-02-06 14:56:40.238707
SMMR,25.1,24.9,24.96,1685600.0,5600.0,692.0,,1400.0,2150200.0,0,0,0,0,0,0,0,0,0,0,0,0,0,0,0,0,0,0,0,0,0,0,0,0,0,0,0,0,0,0,0,0,0,0,0,0,0,0,0,0,0,0,0,0,0,0,0,0,0,0,0,0,0,0,0,0,32,2026-02-06 14:56:40.238707
ATMN,25.3,25.17,25.29,1656200.0,5600.0,,570.0,7000.0,1473000.0,0,0,0,0,0,0,0,0,0,0,0,0,0,0,0,0,0,0,0,0,0,0,0,0,0,0,0,0,0,0,0,0,0,0,0,0,0,0,0,0,0,0,0,0,0,0,0,0,0,0,0,0,0,0,0,0,32,2026-02-06 14:56:40.238707
WNTR,25.02,25.14,25.16,1970900.0,1400.0,770.0,770.0,1400.0,1979600.0,0,0,0,0,0,0,0,0,0,0,0,0,0,0,0,0,0,0,0,0,0,0,0,0,0,0,0,0,0,0,0,0,0,0,0,0,0,0,0,0,0,0,0,0,0,0,0,0,0,0,0,0,0,0,0,0,32,2026-02-06 14:56:40.238707
SPNG,25.23,25.08,25.09,7000.0,679.0,1654900.0,1578800.0,8400.0,651.0,0,0,0,0,0,0,0,0,0,0,0,0,0,0,0,0,0,0,0,0,0,0,0,0,0,0,0,0,0,0,0,0,0,0,0,0,0,0,0,0,0,0,0,0,0,0,0,0,0,0,0,0,0,0,0,0,33,2026-02-06 14:56:41.318752
SMMR,25.18,25.03,25.18,11200.0,740.0,1259400.0,2155300.0,,677.0,0,0,0,0,0,0,0,0,0,0,0,0,0,0,0,0,0,0,0,0,0,0,0,0,0,0,0,0,0,0,0,0,0,0,0,0,0,0,0,0,0,0,0,0,0,0,0,0,0,0,0,0,0,0,0,0,33,2026-02-06 14:56:41.318752
ATMN,25.3,25.42,25.55,7000.0,710.0,1431900.0,1584600.0,,,0,0,0,0,0,0,0,0,0,0,0,0,0,0,0,0,0,0,0,0,0,0,0,0,0,0,0,0,0,0,0,0,0,0,0,0,0,0,0,0,0,0,0,0,0,0,0,0,0,0,0,0,0,0,0,0,33,2026-02-06 14:56:41.318752
WNTR,24.96,24.97,25.02,2800.0,770.0,1875700.0,1934800.0,2800.0,770.0,0,0,0,0,0,0,0,0,0,0,0,0,0,0,0,0,0,0,0,0,0,0,0,0,0,0,0,0,0,0,0,0,0,0,0,0,0,0,0,0,0,0,0,0,0,0,0,0,0,0,0,0,0,0,0,0,33,2026-02-06 14:56:41.318752
SPNG,25.16,25.08,25.16,11200.0,679.0,1324500.0,11200.0,651.0,1336200.0,0,0,0,0,0,0,0,0,0,0,0,0,0,0,0,0,0,0,0,0,0,0,0,0,0,0,0,0,0,0,0,0,0,0,0,0,0,0,0,0,0,0,0,0,0,0,0,0,0,0,0,0,0,0,0,0,34,2026-02-06 14:56:42.411662
SMMR,24.89,24.89,25.06,,,2271200.0,,740.0,2187000.0,0,0,0,0,0,0,0,0,0,0,0,0,0,0,0,0,0,0,0,0,0,0,0,0,0,0,0,0,0,0,0,0,0,0,0,0,0,0,0,0,0,0,0,0,0,0,0,0,0,0,0,0,0,0,0,0,34,2026-02-06 14:56:42.411662
ATMN,25.59,25.58,25.59,9800.0,,1327700.0,,576.0,1583500.0,0,0,0,0,0,0,0,0,0,0,0,0,0,0,0,0,0,0,0,0,0,0,0,0,0,0,0,0,0,0,0,0,0,0,0,0,0,0,0,0,0,0,0,0,0,0,0,0,0,0,0,0,0,0,0,0,34,2026-02-06 14:56:42.411662
WNTR,24.96,24.97,25.01,9800.0,770.0,1291100.0,9800.0,770.0,1329300.0,0,0,0,0,0,0,0,0,0,0,0,0,0,0,0,0,0,0,0,0,0,0,0,0,0,0,0,0,0,0,0,0,0,0,0,0,0,0,0,0,0,0,0,0,0,0,0,0,0,0,0,0,0,0,0,0,34,2026-02-06 14:56:42.411662
SPNG,25.43,25.1,25.14,100.0,7000.0,679.0,1551400.0,300.0,2038000.0,,,0,0,0,0,0,0,0,0,0,0,0,0,0,0,0,0,0,0,0,0,0,0,0,0,0,0,0,0,0,0,0,0,0,0,0,0,0,0,0,0,0,0,0,0,0,0,0,0,0,0,0,0,0,0,35,2026-02-06 14:56:43.476683
SMMR,24.96,24.96,25.04,,2800.0,589.0,1892000.0,13000.0,1538000.0,5600.0,740.0,0,0,0,0,0,0,0,0,0,0,0,0,0,0,0,0,0,0,0,0,0,0,0,0,0,0,0,0,0,0,0,0,0,0,0,0,0,0,0,0,0,0,0,0,0,0,0,0,0,0,0,0,0,0,35,2026-02-06 14:56:43.476683
ATMN,25.59,25.17,25.34,2487.0,1400.0,710.0,1529800.0,3850.0,1583500.0,1400.0,677.0,0,0,0,0,0,0,0,0,0,0,0,0,0,0,0,0,0,0,0,0,0,0,0,0,0,0,0,0,0,0,0,0,0,0,0,0,0,0,0,0,0,0,0,0,0,0,0,0,0,0,0,0,0,0,35,2026-02-06 14:56:43.476683
WNTR,24.96,24.98,25.0,13000.0,4200.0,,1608100.0,13000.0,1551400.0,4200.0,770.0,0,0,0,0,0,0,0,0,0,0,0,0,0,0,0,0,0,0,0,0,0,0,0,0,0,0,0,0,0,0,0,0,0,0,0,0,0,0,0,0,0,0,0,0,0,0,0,0,0,0,0,0,0,0,35,2026-02-06 14:56:43.476683
SPNG,25.43,25.12,25.14,679.0,11200.0,100.0,1187100.0,300.0,474.0,1896500.0,,0,0,0,0,0,0,0,0,0,0,0,0,0,0,0,0,0,0,0,0,0,0,0,0,0,0,0,0,0,0,0,0,0,0,0,0,0,0,0,0,0,0,0,0,0,0,0,0,0,0,0,0,0,0,36,2026-02-06 14:56:44.161473
SMMR,24.96,24.98,25.03,589.0,7000.0,,1560500.0,13000.0,,1308500.0,9800.0,0,0,0,0,0,0,0,0,0,0,0,0,0,0,0,0,0,0,0,0,0,0,0,0,0,0,0,0,0,0,0,0,0,0,0,0,0,0,0,0,0,0,0,0,0,0,0,0,0,0,0,0,0,0,36,2026-02-06 14:56:44.161473
ATMN,25.59,25.28,25.33,710.0,5600.0,2487.0,1234300.0,1250.0,677.0,1477400.0,5600.0,0,0,0,0,0,0,0,0,0,0,0,0,0,0,0,0,0,0,0,0,0,0,0,0,0,0,0,0,0,0,0,0,0,0,0,0,0,0,0,0,0,0,0,0,0,0,0,0,0,0,0,0,0,0,36,2026-02-06 14:56:44.161473
WNTR,24.95,24.95,25.0,770.0,,,2050400.0,13000.0,770.0,1551400.0,4200.0,0,0,0,0,0,0,0,0,0,0,0,0,0,0,0,0,0,0,0,0,0,0,0,0,0,0,0,0,0,0,0,0,0,0,0,0,0,0,0,0,0,0,0,0,0,0,0,0,0,0,0,0,0,0,36,2026-02-06 14:56:44.161473
SPNG,25.06,25.06,25.14,2394600.0,4427.0,474.0,1927000.0,,,,0,0,0,0,0,0,0,0,0,0,0,0,0,0,0,0,0,0,0,0,0,0,0,0,0,0,0,0,0,0,0,0,0,0,0,0,0,0,0,0,0,0,0,0,0,0,0,0,0,0,0,0,0,0,0,37,2026-02-06 14:56:45.306887
SMMR,24.96,24.89,24.94,2138500.0,,740.0,1151100.0,589.0,12600.0,,0,0,0,0,0,0,0,0,0,0,0,0,0,0,0,0,0,0,0,0,0,0,0,0,0,0,0,0,0,0,0,0,0,0,0,0,0,0,0,0,0,0,0,0,0,0,0,0,0,0,0,0,0,0,0,37,2026-02-06 14:56:45.306887
ATMN,25.49,25.49,25.58,1447900.0,,,1690900.0,710.0,1400.0,7000.0,0,0,0,0,0,0,0,0,0,0,0,0,0,0,0,0,0,0,0,0,0,0,0,0,0,0,0,0,0,0,0,0,0,0,0,0,0,0,0,0,0,0,0,0,0,0,0,0,0,0,0,0,0,0,0,37,2026-02-06 14:56:45.306887
WNTR,24.94,24.94,24.98,2170600.0,10100.0,770.0,1340400.0,,7000.0,,0,0,0,0,0,0,0,0,0,0,0,0,0,0,0,0,0,0,0,0,0,0,0,0,0,0,0,0,0,0,0,0,0,0,0,0,0,0,0,0,0,0,0,0,0,0,0,0,0,0,0,0,0,0,0,37,2026-02-06 14:56:45.306887
SPNG,25.06,25.08,25.39,2800.0,679.0,2020300.0,4200.0,2033900.0,,,,0,0,0,0,0,0,0,0,0,0,0,0,0,0,0,0,0,0,0,0,0,0,0,0,0,0,0,0,0,0,0,0,0,0,0,0,0,0,0,0,0,0,0,0,0,0,0,0,0,0,0,0,0,0,38,2026-02-06 14:56:46.389698
SMMR,24.84,24.84,24.91,,,2274000.0,12600.0,1050800.0,740.0,6663.0,,0,0,0,0,0,0,0,0,0,0,0,0,0,0,0,0,0,0,0,0,0,0,0,0,0,0,0,0,0,0,0,0,0,0,0,0,0,0,0,0,0,0,0,0,0,0,0,0,0,0,0,0,0,0,38,2026-02-06 14:56:46.389698
ATMN,25.63,25.4,25.63,2800.0,710.0,1737700.0,,1591500.0,,,,0,0,0,0,0,0,0,0,0,0,0,0,0,0,0,0,0,0,0,0,0,0,0,0,0,0,0,0,0,0,0,0,0,0,0,0,0,0,0,0,0,0,0,0,0,0,0,0,0,0,0,0,0,0,38,2026-02-06 14:56:46.389698
WNTR,24.99,24.99,25.01,,,2078000.0,,2003600.0,770.0,8196.0,10000.0,0,0,0,0,0,0,0,0,0,0,0,0,0,0,0,0,0,0,0,0,0,0,0,0,0,0,0,0,0,0,0,0,0,0,0,0,0,0,0,0,0,0,0,0,0,0,0,0,0,0,0,0,0,0,38,2026-02-06 14:56:46.389698
SPNG,24.97,24.86,24.97,2445300.0,954700.0,11200.0,300.0,659.0,,,,0,0,0,0,0,0,0,0,0,0,0,0,0,0,0,0,0,0,0,0,0,0,0,0,0,0,0,0,0,0,0,0,0,0,0,0,0,0,0,0,0,0,0,0,0,0,0,0,0,0,0,0,0,0,39,2026-02-06 14:56:47.469895
SMMR,24.84,24.9,24.91,2085100.0,1050800.0,11200.0,13439.0,740.0,589.0,,,0,0,0,0,0,0,0,0,0,0,0,0,0,0,0,0,0,0,0,0,0,0,0,0,0,0,0,0,0,0,0,0,0,0,0,0,0,0,0,0,0,0,0,0,0,0,0,0,0,0,0,0,0,0,39,2026-02-06 14:56:47.469895
ATMN,25.39,25.39,25.52,1651000.0,1781000.0,,1914.0,485.0,,2883.0,2800.0,0,0,0,0,0,0,0,0,0,0,0,0,0,0,0,0,0,0,0,0,0,0,0,0,0,0,0,0,0,0,0,0,0,0,0,0,0,0,0,0,0,0,0,0,0,0,0,0,0,0,0,0,0,0,39,2026-02-06 14:56:47.469895
WNTR,24.99,24.99,25.01,1720500.0,2003600.0,,8196.0,770.0,651.0,17804.0,,0,0,0,0,0,0,0,0,0,0,0,0,0,0,0,0,0,0,0,0,0,0,0,0,0,0,0,0,0,0,0,0,0,0,0,0,0,0,0,0,0,0,0,0,0,0,0,0,0,0,0,0,0,0,39,2026-02-06 14:56:47.469895
SPNG,24.83,24.99,25.32,617.0,1941800.0,7572.0,679.0,5600.0,1376.0,1560000.0,,0,0,0,0,0,0,0,0,0,0,0,0,0,0,0,0,0,0,0,0,0,0,0,0,0,0,0,0,0,0,0,0,0,0,0,0,0,0,0,0,0,0,0,0,0,0,0,0,0,0,0,0,0,0,40,2026-02-06 14:56:48.547903
SMMR,24.84,24.84,24.91,589.0,2104600.0,,740.0,,13539.0,1841500.0,,0,0,0,0,0,0,0,0,0,0,0,0,0,0,0,0,0,0,0,0,0,0,0,0,0,0,0,0,0,0,0,0,0,0,0,0,0,0,0,0,0,0,0,0,0,0,0,0,0,0,0,0,0,0,40,2026-02-06 14:56:48.547903
ATMN,25.63,25.22,25.28,710.0,1370700.0,9448.0,687.0,2800.0,4233.0,1484700.0,4200.0,0,0,0,0,0,0,0,0,0,0,0,0,0,0,0,0,0,0,0,0,0,0,0,0,0,0,0,0,0,0,0,0,0,0,0,0,0,0,0,0,0,0,0,0,0,0,0,0,0,0,0,0,0,0,40,2026-02-06 14:56:48.547903
WNTR,24.94,24.94,25.07,651.0,2086200.0,,,2800.0,,1990400.0,,0,0,0,0,0,0,0,0,0,0,0,0,0,0,0,0,0,0,0,0,0,0,0,0,0,0,0,0,0,0,0,0,0,0,0,0,0,0,0,0,0,0,0,0,0,0,0,0,0,0,0,0,0,0,40,2026-02-06 14:56:48.547903
SPNG,24.83,24.83,25.3,2308200.0,1958.0,8400.0,679.0,1376.0,1338800.0,,,0,0,0,0,0,0,0,0,0,0,0,0,0,0,0,0,0,0,0,0,0,0,0,0,0,0,0,0,0,0,0,0,0,0,0,0,0,0,0,0,0,0,0,0,0,0,0,0,0,0,0,0,0,0,41,2026-02-06 14:56:49.130213
SMMR,24.91,24.84,24.91,2104600.0,,,,7839.0,2191300.0,589.0,,0,0,0,0,0,0,0,0,0,0,0,0,0,0,0,0,0,0,0,0,0,0,0,0,0,0,0,0,0,0,0,0,0,0,0,0,0,0,0,0,0,0,0,0,0,0,0,0,0,0,0,0,0,0,41,2026-02-06 14:56:49.130213
ATMN,25.63,25.23,25.27,1037200.0,9448.0,7000.0,687.0,4233.0,1171800.0,710.0,8400.0,0,0,0,0,0,0,0,0,0,0,0,0,0,0,0,0,0,0,0,0,0,0,0,0,0,0,0,0,0,0,0,0,0,0,0,0,0,0,0,0,0,0,0,0,0,0,0,0,0,0,0,0,0,0,41,2026-02-06 14:56:49.130213
WNTR,24.94,25.04,25.06,1958300.0,,4200.0,770.0,15941.0,1529800.0,770.0,1400.0,0,0,0,0,0,0,0,0,0,0,0,0,0,0,0,0,0,0,0,0,0,0,0,0,0,0,0,0,0,0,0,0,0,0,0,0,0,0,0,0,0,0,0,0,0,0,0,0,0,0,0,0,0,0,41,2026-02-06 14:56:49.130213
SPNG,25.08,25.08,25.26,2051600.0,2158.0,5000.0,15400.0,679.0,851500.0,,,,0,0,0,0,0,0,0,0,0,0,0,0,0,0,0,0,0,0,0,0,0,0,0,0,0,0,0,0,0,0,0,0,0,0,0,0,0,0,0,0,0,0,0,0,0,0,0,0,0,0,0,0,0,42,2026-02-06 14:56:50.239722
SMMR,24.97,24.85,24.89,1974000.0,5700.0,,7000.0,,1705000.0,698.0,,,0,0,0,0,0,0,0,0,0,0,0,0,0,0,0,0,0,0,0,0,0,0,0,0,0,0,0,0,0,0,0,0,0,0,0,0,0,0,0,0,0,0,0,0,0,0,0,0,0,0,0,0,0,42,2026-02-06 14:56:50.239722
ATMN,25.28,25.24,25.27,1065300.0,6688.0,,2800.0,687.0,1790600.0,710.0,8400.0,,0,0,0,0,0,0,0,0,0,0,0,0,0,0,0,0,0,0,0,0,0,0,0,0,0,0,0,0,0,0,0,0,0,0,0,0,0,0,0,0,0,0,0,0,0,0,0,0,0,0,0,0,0,42,2026-02-06 14:56:50.239722
WNTR,25.01,25.01,25.06,1947900.0,,,2800.0,770.0,1639300.0,770.0,1400.0,15941.0,0,0,0,0,0,0,0,0,0,0,0,0,0,0,0,0,0,0,0,0,0,0,0,0,0,0,0,0,0,0,0,0,0,0,0,0,0,0,0,0,0,0,0,0,0,0,0,0,0,0,0,0,0,42,2026-02-06 14:56:50.239722
SPNG,24.95,24.83,24.95,2448000.0,1580000.0,5600.0,2000.0,679.0,,,,,,0,0,0,0,0,0,0,0,0,0,0,0,0,0,0,0,0,0,0,0,0,0,0,0,0,0,0,0,0,0,0,0,0,0,0,0,0,0,0,0,0,0,0,0,0,0,0,0,0,0,0,0,43,2026-02-06 14:56:51.360856
SMMR,24.9,24.89,24.9,1966100.0,1534400.0,8400.0,,670.0,8688.0,740.0,,,,0,0,0,0,0,0,0,0,0,0,0,0,0,0,0,0,0,0,0,0,0,0,0,0,0,0,0,0,0,0,0,0,0,0,0,0,0,0,0,0,0,0,0,0,0,0,0,0,0,0,0,0,43,2026-02-06 14:56:51.360856
ATMN,25.53,25.48,25.51,1366400.0,1685900.0,4200.0,,589.0,,710.0,8400.0,,,0,0,0,0,0,0,0,0,0,0,0,0,0,0,0,0,0,0,0,0,0,0,0,0,0,0,0,0,0,0,0,0,0,0,0,0,0,0,0,0,0,0,0,0,0,0,0,0,0,0,0,0,43,2026-02-06 14:56:51.360856
WNTR,24.89,24.91,25.05,1629000.0,1424000.0,4200.0,5000.0,770.0,18483.0,532.0,,5000.0,7517.0,0,0,0,0,0,0,0,0,0,0,0,0,0,0,0,0,0,0,0,0,0,0,0,0,0,0,0,0,0,0,0,0,0,0,0,0,0,0,0,0,0,0,0,0,0,0,0,0,0,0,0,0,43,2026-02-06 14:56:51.360856
SPNG,25.51,25.03,25.51,4200.0,7765.0,1455400.0,539.0,2370000.0,,,,,0,0,0,0,0,0,0,0,0,0,0,0,0,0,0,0,0,0,0,0,0,0,0,0,0,0,0,0,0,0,0,0,0,0,0,0,0,0,0,0,0,0,0,0,0,0,0,0,0,0,0,0,0,44,2026-02-06 14:56:52.490404
SMMR,24.9,24.89,24.9,,,1750300.0,740.0,1939800.0,19113.0,2800.0,670.0,,0,0,0,0,0,0,0,0,0,0,0,0,0,0,0,0,0,0,0,0,0,0,0,0,0,0,0,0,0,0,0,0,0,0,0,0,0,0,0,0,0,0,0,0,0,0,0,0,0,0,0,0,0,44,2026-02-06 14:56:52.490404
ATMN,25.39,25.29,25.32,8400.0,,1393900.0,710.0,1389800.0,,8400.0,690.0,,0,0,0,0,0,0,0,0,0,0,0,0,0,0,0,0,0,0,0,0,0,0,0,0,0,0,0,0,0,0,0,0,0,0,0,0,0,0,0,0,0,0,0,0,0,0,0,0,0,0,0,0,0,44,2026-02-06 14:56:52.490404
WNTR,24.94,25.04,25.06,1400.0,,1865100.0,532.0,1760900.0,7811.0,4200.0,,5941.0,0,0,0,0,0,0,0,0,0,0,0,0,0,0,0,0,0,0,0,0,0,0,0,0,0,0,0,0,0,0,0,0,0,0,0,0,0,0,0,0,0,0,0,0,0,0,0,0,0,0,0,0,0,44,2026-02-06 14:56:52.490404
SPNG,24.88,24.97,25.09,1669600.0,5600.0,679.0,5000.0,7670.0,2873.0,7000.0,633.0,1070700.0,,0,0,0,0,0,0,0,0,0,0,0,0,0,0,0,0,0,0,0,0,0,0,0,0,0,0,0,0,0,0,0,0,0,0,0,0,0,0,0,0,0,0,0,0,0,0,0,0,0,0,0,0,45,2026-02-06 14:56:53.584018
SMMR,24.89,24.89,24.9,1789100.0,,740.0,,,,,670.0,2140400.0,19113.0,0,0,0,0,0,0,0,0,0,0,0,0,0,0,0,0,0,0,0,0,0,0,0,0,0,0,0,0,0,0,0,0,0,0,0,0,0,0,0,0,0,0,0,0,0,0,0,0,0,0,0,0,45,2026-02-06 14:56:53.584018
ATMN,25.44,25.44,25.63,1941000.0,,,,,,,690.0,1592900.0,1795.0,0,0,0,0,0,0,0,0,0,0,0,0,0,0,0,0,0,0,0,0,0,0,0,0,0,0,0,0,0,0,0,0,0,0,0,0,0,0,0,0,0,0,0,0,0,0,0,0,0,0,0,0,45,2026-02-06 14:56:53.584018
WNTR,24.88,24.87,24.88,1891400.0,,,,,19331.0,,770.0,1781800.0,3017.0,0,0,0,0,0,0,0,0,0,0,0,0,0,0,0,0,0,0,0,0,0,0,0,0,0,0,0,0,0,0,0,0,0,0,0,0,0,0,0,0,0,0,0,0,0,0,0,0,0,0,0,0,45,2026-02-06 14:56:53.584018
SPNG,25.31,25.31,25.49,1441200.0,5000.0,1244.0,679.0,5600.0,4200.0,2008000.0,,,,0,0,0,0,0,0,0,0,0,0,0,0,0,0,0,0,0,0,0,0,0,0,0,0,0,0,0,0,0,0,0,0,0,0,0,0,0,0,0,0,0,0,0,0,0,0,0,0,0,0,0,0,46,2026-02-06 14:56:54.169960
SMMR,24.89,24.89,24.9,1789100.0,,19113.0,740.0,,,2158700.0,670.0,,,0,0,0,0,0,0,0,0,0,0,0,0,0,0,0,0,0,0,0,0,0,0,0,0,0,0,0,0,0,0,0,0,0,0,0,0,0,0,0,0,0,0,0,0,0,0,0,0,0,0,0,0,46,2026-02-06 14:56:54.169960
ATMN,25.44,25.46,25.58,1200000.0,5000.0,8662.0,526.0,5600.0,5600.0,1490100.0,710.0,5000.0,,0,0,0,0,0,0,0,0,0,0,0,0,0,0,0,0,0,0,0,0,0,0,0,0,0,0,0,0,0,0,0,0,0,0,0,0,0,0,0,0,0,0,0,0,0,0,0,0,0,0,0,0,46,2026-02-06 14:56:54.169960
WNTR,24.88,24.87,24.88,1774100.0,,3017.0,651.0,,,1781800.0,770.0,,19331.0,0,0,0,0,0,0,0,0,0,0,0,0,0,0,0,0,0,0,0,0,0,0,0,0,0,0,0,0,0,0,0,0,0,0,0,0,0,0,0,0,0,0,0,0,0,0,0,0,0,0,0,0,46,2026-02-06 14:56:54.169960
SPNG,25.08,24.97,25.06,2162700.0,2800.0,2100400.0,1400.0,548.0,,,,0,0,0,0,0,0,0,0,0,0,0,0,0,0,0,0,0,0,0,0,0,0,0,0,0,0,0,0,0,0,0,0,0,0,0,0,0,0,0,0,0,0,0,0,0,0,0,0,0,0,0,0,0,0,47,2026-02-06 14:56:55.281091
SMMR,24.91,24.89,24.91,1674800.0,,2136100.0,,670.0,21113.0,740.0,,0,0,0,0,0,0,0,0,0,0,0,0,0,0,0,0,0,0,0,0,0,0,0,0,0,0,0,0,0,0,0,0,0,0,0,0,0,0,0,0,0,0,0,0,0,0,0,0,0,0,0,0,0,0,47,2026-02-06 14:56:55.281091
ATMN,25.44,25.48,25.55,895000.0,11200.0,1056200.0,11200.0,710.0,8662.0,526.0,5000.0,0,0,0,0,0,0,0,0,0,0,0,0,0,0,0,0,0,0,0,0,0,0,0,0,0,0,0,0,0,0,0,0,0,0,0,0,0,0,0,0,0,0,0,0,0,0,0,0,0,0,0,0,0,0,47,2026-02-06 14:56:55.281091
WNTR,25.1,24.98,24.99,1762000.0,2800.0,1531200.0,2800.0,770.0,1300.0,770.0,3500.0,0,0,0,0,0,0,0,0,0,0,0,0,0,0,0,0,0,0,0,0,0,0,0,0,0,0,0,0,0,0,0,0,0,0,0,0,0,0,0,0,0,0,0,0,0,0,0,0,0,0,0,0,0,0,47,2026-02-06 14:56:55.281091
SPNG,25.08,25.13,25.43,679.0,278.0,2800.0,1923200.0,4200.0,1997900.0,,,,0,0,0,0,0,0,0,0,0,0,0,0,0,0,0,0,0,0,0,0,0,0,0,0,0,0,0,0,0,0,0,0,0,0,0,0,0,0,0,0,0,0,0,0,0,0,0,0,0,0,0,0,0,48,2026-02-06 14:56:56.355803
SMMR,24.87,24.87,24.91,740.0,,,2155100.0,,2171000.0,670.0,,,0,0,0,0,0,0,0,0,0,0,0,0,0,0,0,0,0,0,0,0,0,0,0,0,0,0,0,0,0,0,0,0,0,0,0,0,0,0,0,0,0,0,0,0,0,0,0,0,0,0,0,0,0,48,2026-02-06 14:56:56.355803
ATMN,25.66,25.51,25.55,526.0,3500.0,12600.0,442800.0,,2021000.0,710.0,8662.0,,0,0,0,0,0,0,0,0,0,0,0,0,0,0,0,0,0,0,0,0,0,0,0,0,0,0,0,0,0,0,0,0,0,0,0,0,0,0,0,0,0,0,0,0,0,0,0,0,0,0,0,0,0,48,2026-02-06 14:56:56.355803
WNTR,25.09,24.97,25.01,770.0,,5600.0,1443500.0,,1992100.0,,4000.0,2000.0,0,0,0,0,0,0,0,0,0,0,0,0,0,0,0,0,0,0,0,0,0,0,0,0,0,0,0,0,0,0,0,0,0,0,0,0,0,0,0,0,0,0,0,0,0,0,0,0,0,0,0,0,0,48,2026-02-06 14:56:56.355803
SPNG,25.08,25.16,25.17,8400.0,679.0,5650.0,1089700.0,126.0,9800.0,1176500.0,5000.0,569.0,0,0,0,0,0,0,0,0,0,0,0,0,0,0,0,0,0,0,0,0,0,0,0,0,0,0,0,0,0,0,0,0,0,0,0,0,0,0,0,0,0,0,0,0,0,0,0,0,0,0,0,0,0,49,2026-02-06 14:56:57.450756
SMMR,24.95,24.88,24.89,1400.0,740.0,5000.0,1921800.0,1514.0,2800.0,1669700.0,5000.0,670.0,0,0,0,0,0,0,0,0,0,0,0,0,0,0,0,0,0,0,0,0,0,0,0,0,0,0,0,0,0,0,0,0,0,0,0,0,0,0,0,0,0,0,0,0,0,0,0,0,0,0,0,0,0,49,2026-02-06 14:56:57.450756
ATMN,25.29,25.29,25.66,1400.0,538.0,6050.0,1513700.0,,,2118400.0,,,0,0,0,0,0,0,0,0,0,0,0,0,0,0,0,0,0,0,0,0,0,0,0,0,0,0,0,0,0,0,0,0,0,0,0,0,0,0,0,0,0,0,0,0,0,0,0,0,0,0,0,0,0,49,2026-02-06 14:56:57.450756
WNTR,24.87,24.87,24.98,,,,2246300.0,,2800.0,1774400.0,2000.0,,0,0,0,0,0,0,0,0,0,0,0,0,0,0,0,0,0,0,0,0,0,0,0,0,0,0,0,0,0,0,0,0,0,0,0,0,0,0,0,0,0,0,0,0,0,0,0,0,0,0,0,0,0,49,2026-02-06 14:56:57.450756
SPNG,24.99,24.99,25.04,5600.0,679.0,1783800.0,8400.0,1307200.0,3305.0,,,,,0,0,0,0,0,0,0,0,0,0,0,0,0,0,0,0,0,0,0,0,0,0,0,0,0,0,0,0,0,0,0,0,0,0,0,0,0,0,0,0,0,0,0,0,0,0,0,0,0,0,0,0,50,2026-02-06 14:56:58.547650
SMMR,24.89,24.88,24.89,1400.0,740.0,1954100.0,2800.0,1689800.0,,5000.0,3228.0,670.0,,0,0,0,0,0,0,0,0,0,0,0,0,0,0,0,0,0,0,0,0,0,0,0,0,0,0,0,0,0,0,0,0,0,0,0,0,0,0,0,0,0,0,0,0,0,0,0,0,0,0,0,0,50,2026-02-06 14:56:58.547650
ATMN,25.66,25.3,25.66,4200.0,,1527600.0,,2118400.0,,4550.0,,,,0,0,0,0,0,0,0,0,0,0,0,0,0,0,0,0,0,0,0,0,0,0,0,0,0,0,0,0,0,0,0,0,0,0,0,0,0,0,0,0,0,0,0,0,0,0,0,0,0,0,0,0,50,2026-02-06 14:56:58.547650
WNTR,24.89,24.89,24.94,,,2096800.0,9800.0,1050700.0,5277.0,,,651.0,2000.0,0,0,0,0,0,0,0,0,0,0,0,0,0,0,0,0,0,0,0,0,0,0,0,0,0,0,0,0,0,0,0,0,0,0,0,0,0,0,0,0,0,0,0,0,0,0,0,0,0,0,0,0,50,2026-02-06 14:56:58.547650
SPNG,24.88,24.83,24.88,2422400.0,1870800.0,4200.0,109.0,,,,,,,0,0,0,0,0,0,0,0,0,0,0,0,0,0,0,0,0,0,0,0,0,0,0,0,0,0,0,0,0,0,0,0,0,0,0,0,0,0,0,0,0,0,0,0,0,0,0,0,0,0,0,0,51,2026-02-06 14:56:59.618388
SMMR,24.9,24.9,24.94,1701200.0,1545400.0,4200.0,2000.0,2800.0,740.0,2000.0,5000.0,670.0,,0,0,0,0,0,0,0,0,0,0,0,0,0,0,0,0,0,0,0,0,0,0,0,0,0,0,0,0,0,0,0,0,0,0,0,0,0,0,0,0,0,0,0,0,0,0,0,0,0,0,0,0,51,2026-02-06 14:56:59.618388
ATMN,25.7,25.5,25.7,1214000.0,2113800.0,,,5600.0,593.0,8640.0,,,,0,0,0,0,0,0,0,0,0,0,0,0,0,0,0,0,0,0,0,0,0,0,0,0,0,0,0,0,0,0,0,0,0,0,0,0,0,0,0,0,0,0,0,0,0,0,0,0,0,0,0,0,51,2026-02-06 14:56:59.618388
WNTR,24.96,24.89,24.96,1849400.0,1593400.0,2800.0,,,770.0,,5277.0,770.0,4000.0,0,0,0,0,0,0,0,0,0,0,0,0,0,0,0,0,0,0,0,0,0,0,0,0,0,0,0,0,0,0,0,0,0,0,0,0,0,0,0,0,0,0,0,0,0,0,0,0,0,0,0,0,51,2026-02-06 14:56:59.618388
SPNG,24.87,24.87,24.88,2259800.0,679.0,1761800.0,587.0,4200.0,109.0,,,,,0,0,0,0,0,0,0,0,0,0,0,0,0,0,0,0,0,0,0,0,0,0,0,0,0,0,0,0,0,0,0,0,0,0,0,0,0,0,0,0,0,0,0,0,0,0,0,0,0,0,0,0,52,2026-02-06 14:57:00.200432
SMMR,24.93,24.93,24.94,1697000.0,,1426100.0,571.0,5600.0,2000.0,4200.0,2000.0,5000.0,,0,0,0,0,0,0,0,0,0,0,0,0,0,0,0,0,0,0,0,0,0,0,0,0,0,0,0,0,0,0,0,0,0,0,0,0,0,0,0,0,0,0,0,0,0,0,0,0,0,0,0,0,52,2026-02-06 14:57:00.200432
ATMN,25.67,25.53,25.68,1428100.0,694.0,2140400.0,,,,7000.0,5000.0,,,0,0,0,0,0,0,0,0,0,0,0,0,0,0,0,0,0,0,0,0,0,0,0,0,0,0,0,0,0,0,0,0,0,0,0,0,0,0,0,0,0,0,0,0,0,0,0,0,0,0,0,0,52,2026-02-06 14:57:00.200432
WNTR,25.01,24.91,24.94,1386400.0,770.0,1941400.0,770.0,2800.0,,4200.0,5000.0,,4000.0,0,0,0,0,0,0,0,0,0,0,0,0,0,0,0,0,0,0,0,0,0,0,0,0,0,0,0,0,0,0,0,0,0,0,0,0,0,0,0,0,0,0,0,0,0,0,0,0,0,0,0,0,52,2026-02-06 14:57:00.200432
SPNG,24.96,24.9,24.95,5000.0,1400.0,2123200.0,326.0,5000.0,1527300.0,5600.0,507.0,,,0,0,0,0,0,0,0,0,0,0,0,0,0,0,0,0,0,0,0,0,0,0,0,0,0,0,0,0,0,0,0,0,0,0,0,0,0,0,0,0,0,0,0,0,0,0,0,0,0,0,0,0,53,2026-02-06 14:57:01.360508
SMMR,24.86,24.9,24.91,2000.0,,1899900.0,2299.0,5000.0,1411900.0,5600.0,680.0,740.0,,0,0,0,0,0,0,0,0,0,0,0,0,0,0,0,0,0,0,0,0,0,0,0,0,0,0,0,0,0,0,0,0,0,0,0,0,0,0,0,0,0,0,0,0,0,0,0,0,0,0,0,0,53,2026-02-06 14:57:01.360508
ATMN,25.68,25.26,25.28,5000.0,5600.0,1542000.0,1179.0,,1929600.0,1400.0,,697.0,,0,0,0,0,0,0,0,0,0,0,0,0,0,0,0,0,0,0,0,0,0,0,0,0,0,0,0,0,0,0,0,0,0,0,0,0,0,0,0,0,0,0,0,0,0,0,0,0,0,0,0,0,53,2026-02-06 14:57:01.360508
WNTR,24.98,24.98,25.03,2754.0,7000.0,1074200.0,,,1940000.0,2800.0,770.0,770.0,2031.0,0,0,0,0,0,0,0,0,0,0,0,0,0,0,0,0,0,0,0,0,0,0,0,0,0,0,0,0,0,0,0,0,0,0,0,0,0,0,0,0,0,0,0,0,0,0,0,0,0,0,0,0,53,2026-02-06 14:57:01.360508
SPNG,25.11,24.95,25.11,2800.0,2123200.0,1510900.0,163.0,5000.0,7000.0,,,,,0,0,0,0,0,0,0,0,0,0,0,0,0,0,0,0,0,0,0,0,0,0,0,0,0,0,0,0,0,0,0,0,0,0,0,0,0,0,0,0,0,0,0,0,0,0,0,0,0,0,0,0,54,2026-02-06 14:57:02.459367
SMMR,24.86,24.88,24.9,,1918100.0,1725600.0,2299.0,5000.0,1400.0,740.0,2000.0,680.0,,0,0,0,0,0,0,0,0,0,0,0,0,0,0,0,0,0,0,0,0,0,0,0,0,0,0,0,0,0,0,0,0,0,0,0,0,0,0,0,0,0,0,0,0,0,0,0,0,0,0,0,0,54,2026-02-06 14:57:02.459367
ATMN,25.7,25.7,25.73,9800.0,1015900.0,2126800.0,,,,710.0,2944.0,,,0,0,0,0,0,0,0,0,0,0,0,0,0,0,0,0,0,0,0,0,0,0,0,0,0,0,0,0,0,0,0,0,0,0,0,0,0,0,0,0,0,0,0,0,0,0,0,0,0,0,0,0,54,2026-02-06 14:57:02.459367
WNTR,25.04,25.01,25.03,8400.0,941500.0,2044900.0,,,1400.0,770.0,2754.0,651.0,2031.0,0,0,0,0,0,0,0,0,0,0,0,0,0,0,0,0,0,0,0,0,0,0,0,0,0,0,0,0,0,0,0,0,0,0,0,0,0,0,0,0,0,0,0,0,0,0,0,0,0,0,0,0,54,2026-02-06 14:57:02.459367
SPNG,25.46,24.98,25.07,5000.0,679.0,2160400.0,163.0,9367.0,2800.0,610.0,1508200.0,,,0,0,0,0,0,0,0,0,0,0,0,0,0,0,0,0,0,0,0,0,0,0,0,0,0,0,0,0,0,0,0,0,0,0,0,0,0,0,0,0,0,0,0,0,0,0,0,0,0,0,0,0,55,2026-02-06 14:57:03.579246
SMMR,24.86,24.86,24.87,2000.0,688.0,1911800.0,,5000.0,,740.0,1973400.0,,,0,0,0,0,0,0,0,0,0,0,0,0,0,0,0,0,0,0,0,0,0,0,0,0,0,0,0,0,0,0,0,0,0,0,0,0,0,0,0,0,0,0,0,0,0,0,0,0,0,0,0,0,55,2026-02-06 14:57:03.579246
ATMN,25.7,25.7,25.72,2944.0,,1647500.0,295.0,,,,2014400.0,2800.0,,0,0,0,0,0,0,0,0,0,0,0,0,0,0,0,0,0,0,0,0,0,0,0,0,0,0,0,0,0,0,0,0,0,0,0,0,0,0,0,0,0,0,0,0,0,0,0,0,0,0,0,0,55,2026-02-06 14:57:03.579246
WNTR,25.04,25.02,25.04,2754.0,770.0,1483000.0,,,,651.0,2120500.0,1400.0,2031.0,0,0,0,0,0,0,0,0,0,0,0,0,0,0,0,0,0,0,0,0,0,0,0,0,0,0,0,0,0,0,0,0,0,0,0,0,0,0,0,0,0,0,0,0,0,0,0,0,0,0,0,0,55,2026-02-06 14:57:03.579246
SPNG,25.25,25.26,25.39,11200.0,22227.0,679.0,697700.0,2338600.0,,,0,0,0,0,0,0,0,0,0,0,0,0,0,0,0,0,0,0,0,0,0,0,0,0,0,0,0,0,0,0,0,0,0,0,0,0,0,0,0,0,0,0,0,0,0,0,0,0,0,0,0,0,0,0,0,56,2026-02-06 14:57:04.661891
SMMR,24.86,24.86,24.87,,2000.0,,2017500.0,1958900.0,342.0,5000.0,0,0,0,0,0,0,0,0,0,0,0,0,0,0,0,0,0,0,0,0,0,0,0,0,0,0,0,0,0,0,0,0,0,0,0,0,0,0,0,0,0,0,0,0,0,0,0,0,0,0,0,0,0,0,0,56,2026-02-06 14:57:04.661891
ATMN,25.71,25.72,25.73,,2944.0,710.0,1740900.0,1993000.0,457.0,,0,0,0,0,0,0,0,0,0,0,0,0,0,0,0,0,0,0,0,0,0,0,0,0,0,0,0,0,0,0,0,0,0,0,0,0,0,0,0,0,0,0,0,0,0,0,0,0,0,0,0,0,0,0,0,56,2026-02-06 14:57:04.661891
WNTR,25.04,24.9,25.04,1400.0,5000.0,,1944100.0,1813000.0,651.0,1572.0,0,0,0,0,0,0,0,0,0,0,0,0,0,0,0,0,0,0,0,0,0,0,0,0,0,0,0,0,0,0,0,0,0,0,0,0,0,0,0,0,0,0,0,0,0,0,0,0,0,0,0,0,0,0,0,56,2026-02-06 14:57:04.661891
SPNG,25.25,25.29,25.39,18200.0,679.0,16079.0,316400.0,2220900.0,539.0,,,0,0,0,0,0,0,0,0,0,0,0,0,0,0,0,0,0,0,0,0,0,0,0,0,0,0,0,0,0,0,0,0,0,0,0,0,0,0,0,0,0,0,0,0,0,0,0,0,0,0,0,0,0,0,57,2026-02-06 14:57:05.283133
SMMR,24.86,24.86,24.87,,688.0,2000.0,1899300.0,1937600.0,342.0,5000.0,,0,0,0,0,0,0,0,0,0,0,0,0,0,0,0,0,0,0,0,0,0,0,0,0,0,0,0,0,0,0,0,0,0,0,0,0,0,0,0,0,0,0,0,0,0,0,0,0,0,0,0,0,0,0,57,2026-02-06 14:57:05.283133
ATMN,25.7,25.3,25.53,4200.0,,5000.0,1727900.0,2099900.0,,,,0,0,0,0,0,0,0,0,0,0,0,0,0,0,0,0,0,0,0,0,0,0,0,0,0,0,0,0,0,0,0,0,0,0,0,0,0,0,0,0,0,0,0,0,0,0,0,0,0,0,0,0,0,0,57,2026-02-06 14:57:05.283133
WNTR,24.89,24.92,25.03,1400.0,,,2081400.0,1813000.0,,1572.0,1400.0,0,0,0,0,0,0,0,0,0,0,0,0,0,0,0,0,0,0,0,0,0,0,0,0,0,0,0,0,0,0,0,0,0,0,0,0,0,0,0,0,0,0,0,0,0,0,0,0,0,0,0,0,0,0,57,2026-02-06 14:57:05.283133
SPNG,24.99,25.02,25.11,679.0,2154000.0,1400.0,1700900.0,5600.0,539.0,0,0,0,0,0,0,0,0,0,0,0,0,0,0,0,0,0,0,0,0,0,0,0,0,0,0,0,0,0,0,0,0,0,0,0,0,0,0,0,0,0,0,0,0,0,0,0,0,0,0,0,0,0,0,0,0,58,2026-02-06 14:57:06.463010
SMMR,24.85,24.85,24.88,688.0,2136000.0,,2015200.0,,740.0,0,0,0,0,0,0,0,0,0,0,0,0,0,0,0,0,0,0,0,0,0,0,0,0,0,0,0,0,0,0,0,0,0,0,0,0,0,0,0,0,0,0,0,0,0,0,0,0,0,0,0,0,0,0,0,0,58,2026-02-06 14:57:06.463010
ATMN,25.73,25.68,25.73,710.0,1086700.0,12600.0,1971100.0,,539.0,0,0,0,0,0,0,0,0,0,0,0,0,0,0,0,0,0,0,0,0,0,0,0,0,0,0,0,0,0,0,0,0,0,0,0,0,0,0,0,0,0,0,0,0,0,0,0,0,0,0,0,0,0,0,0,0,58,2026-02-06 14:57:06.463010
WNTR,24.86,24.86,24.88,651.0,2098700.0,,1795600.0,4200.0,770.0,0,0,0,0,0,0,0,0,0,0,0,0,0,0,0,0,0,0,0,0,0,0,0,0,0,0,0,0,0,0,0,0,0,0,0,0,0,0,0,0,0,0,0,0,0,0,0,0,0,0,0,0,0,0,0,0,58,2026-02-06 14:57:06.463010
SPNG,25.13,24.99,25.13,2259600.0,633.0,2327600.0,,0,0,0,0,0,0,0,0,0,0,0,0,0,0,0,0,0,0,0,0,0,0,0,0,0,0,0,0,0,0,0,0,0,0,0,0,0,0,0,0,0,0,0,0,0,0,0,0,0,0,0,0,0,0,0,0,0,0,59,2026-02-06 14:57:07.601695
SMMR,24.85,24.87,24.88,2151100.0,688.0,2037600.0,740.0,0,0,0,0,0,0,0,0,0,0,0,0,0,0,0,0,0,0,0,0,0,0,0,0,0,0,0,0,0,0,0,0,0,0,0,0,0,0,0,0,0,0,0,0,0,0,0,0,0,0,0,0,0,0,0,0,0,0,59,2026-02-06 14:57:07.601695
ATMN,25.46,25.32,25.4,2140100.0,,1977200.0,640.0,0,0,0,0,0,0,0,0,0,0,0,0,0,0,0,0,0,0,0,0,0,0,0,0,0,0,0,0,0,0,0,0,0,0,0,0,0,0,0,0,0,0,0,0,0,0,0,0,0,0,0,0,0,0,0,0,0,0,59,2026-02-06 14:57:07.601695
WNTR,24.85,24.85,25.05,2061100.0,651.0,2238000.0,,0,0,0,0,0,0,0,0,0,0,0,0,0,0,0,0,0,0,0,0,0,0,0,0,0,0,0,0,0,0,0,0,0,0,0,0,0,0,0,0,0,0,0,0,0,0,0,0,0,0,0,0,0,0,0,0,0,0,59,2026-02-06 14:57:07.601695
SPNG,25.13,25.62,0.0,200000.0,,,0,0,0,0,0,0,0,0,0,0,0,0,0,0,0,0,0,0,0,0,0,0,0,0,0,0,0,0,0,0,0,0,0,0,0,0,0,0,0,0,0,0,0,0,0,0,0,0,0,0,0,0,0,0,0,0,0,0,0,60,2026-02-06 14:57:08.329334
SMMR,24.9,24.85,24.9,200000.0,688.0,740.0,0,0,0,0,0,0,0,0,0,0,0,0,0,0,0,0,0,0,0,0,0,0,0,0,0,0,0,0,0,0,0,0,0,0,0,0,0,0,0,0,0,0,0,0,0,0,0,0,0,0,0,0,0,0,0,0,0,0,0,60,2026-02-06 14:57:08.329334
ATMN,25.59,26.85,0.0,200000.0,677.0,,0,0,0,0,0,0,0,0,0,0,0,0,0,0,0,0,0,0,0,0,0,0,0,0,0,0,0,0,0,0,0,0,0,0,0,0,0,0,0,0,0,0,0,0,0,0,0,0,0,0,0,0,0,0,0,0,0,0,0,60,2026-02-06 14:57:08.329334
WNTR,25.1,25.71,0.0,200000.0,770.0,,0,0,0,0,0,0,0,0,0,0,0,0,0,0,0,0,0,0,0,0,0,0,0,0,0,0,0,0,0,0,0,0,0,0,0,0,0,0,0,0,0,0,0,0,0,0,0,0,0,0,0,0,0,0,0,0,0,0,0,60,2026-02-06 14:57:08.329334
SPNG,26.12,25.63,26.09,5000.0,962800.0,679.0,5000.0,926700.0,632.0,0,0,0,0,0,0,0,0,0,0,0,0,0,0,0,0,0,0,0,0,0,0,0,0,0,0,0,0,0,0,0,0,0,0,0,0,0,0,0,0,0,0,0,0,0,0,0,0,0,0,0,0,0,0,0,0,61,2026-02-06 14:57:09.499734
SMMR,24.85,24.85,24.86,,1221300.0,688.0,,884800.0,,0,0,0,0,0,0,0,0,0,0,0,0,0,0,0,0,0,0,0,0,0,0,0,0,0,0,0,0,0,0,0,0,0,0,0,0,0,0,0,0,0,0,0,0,0,0,0,0,0,0,0,0,0,0,0,0,61,2026-02-06 14:57:09.499734
ATMN,26.85,26.85,26.88,,821800.0,,,792400.0,,0,0,0,0,0,0,0,0,0,0,0,0,0,0,0,0,0,0,0,0,0,0,0,0,0,0,0,0,0,0,0,0,0,0,0,0,0,0,0,0,0,0,0,0,0,0,0,0,0,0,0,0,0,0,0,0,61,2026-02-06 14:57:09.499734
WNTR,25.6,25.6,25.64,,1138400.0,,,872500.0,,0,0,0,0,0,0,0,0,0,0,0,0,0,0,0,0,0,0,0,0,0,0,0,0,0,0,0,0,0,0,0,0,0,0,0,0,0,0,0,0,0,0,0,0,0,0,0,0,0,0,0,0,0,0,0,0,61,2026-02-06 14:57:09.499734
SPNG,25.16,25.17,25.82,5000.0,1214200.0,5000.0,1147000.0,632.0,,,,0,0,0,0,0,0,0,0,0,0,0,0,0,0,0,0,0,0,0,0,0,0,0,0,0,0,0,0,0,0,0,0,0,0,0,0,0,0,0,0,0,0,0,0,0,0,0,0,0,0,0,0,0,0,62,2026-02-06 14:57:10.644954
SMMR,24.74,24.75,24.77,5000.0,1256700.0,5000.0,1099300.0,740.0,587.0,,,0,0,0,0,0,0,0,0,0,0,0,0,0,0,0,0,0,0,0,0,0,0,0,0,0,0,0,0,0,0,0,0,0,0,0,0,0,0,0,0,0,0,0,0,0,0,0,0,0,0,0,0,0,0,62,2026-02-06 14:57:10.644954
ATMN,26.69,26.62,26.68,,917400.0,,1011200.0,512.0,568.0,1400.0,,0,0,0,0,0,0,0,0,0,0,0,0,0,0,0,0,0,0,0,0,0,0,0,0,0,0,0,0,0,0,0,0,0,0,0,0,0,0,0,0,0,0,0,0,0,0,0,0,0,0,0,0,0,0,62,2026-02-06 14:57:10.644954
WNTR,25.64,25.75,25.81,,1250200.0,,1111300.0,520.0,616.0,1400.0,1400.0,0,0,0,0,0,0,0,0,0,0,0,0,0,0,0,0,0,0,0,0,0,0,0,0,0,0,0,0,0,0,0,0,0,0,0,0,0,0,0,0,0,0,0,0,0,0,0,0,0,0,0,0,0,0,62,2026-02-06 14:57:10.644954
SPNG,25.82,25.2,25.72,5000.0,633.0,1400.0,1396000.0,5000.0,679.0,2800.0,1271100.0,0,0,0,0,0,0,0,0,0,0,0,0,0,0,0,0,0,0,0,0,0,0,0,0,0,0,0,0,0,0,0,0,0,0,0,0,0,0,0,0,0,0,0,0,0,0,0,0,0,0,0,0,0,0,63,2026-02-06 14:57:11.266903
SMMR,24.85,24.77,24.82,5000.0,697.0,2800.0,1256700.0,,740.0,,1099300.0,0,0,0,0,0,0,0,0,0,0,0,0,0,0,0,0,0,0,0,0,0,0,0,0,0,0,0,0,0,0,0,0,0,0,0,0,0,0,0,0,0,0,0,0,0,0,0,0,0,0,0,0,0,0,63,2026-02-06 14:57:11.266903
ATMN,26.43,26.62,26.67,,710.0,,832400.0,,,4200.0,1098200.0,0,0,0,0,0,0,0,0,0,0,0,0,0,0,0,0,0,0,0,0,0,0,0,0,0,0,0,0,0,0,0,0,0,0,0,0,0,0,0,0,0,0,0,0,0,0,0,0,0,0,0,0,0,0,63,2026-02-06 14:57:11.266903
WNTR,25.69,25.6,25.64,,,,1231900.0,,520.0,4200.0,1366100.0,0,0,0,0,0,0,0,0,0,0,0,0,0,0,0,0,0,0,0,0,0,0,0,0,0,0,0,0,0,0,0,0,0,0,0,0,0,0,0,0,0,0,0,0,0,0,0,0,0,0,0,0,0,0,63,2026-02-06 14:57:11.266903
SPNG,25.72,25.49,25.71,5000.0,640.0,1392700.0,5000.0,5600.0,679.0,1461900.0,,0,0,0,0,0,0,0,0,0,0,0,0,0,0,0,0,0,0,0,0,0,0,0,0,0,0,0,0,0,0,0,0,0,0,0,0,0,0,0,0,0,0,0,0,0,0,0,0,0,0,0,0,0,0,64,2026-02-06 14:57:12.368053
SMMR,24.72,24.72,24.78,,593.0,991300.0,,2800.0,,1361100.0,,0,0,0,0,0,0,0,0,0,0,0,0,0,0,0,0,0,0,0,0,0,0,0,0,0,0,0,0,0,0,0,0,0,0,0,0,0,0,0,0,0,0,0,0,0,0,0,0,0,0,0,0,0,0,64,2026-02-06 14:57:12.368053
ATMN,26.62,26.44,26.56,3500.0,596.0,1000600.0,5000.0,5600.0,710.0,989100.0,2800.0,0,0,0,0,0,0,0,0,0,0,0,0,0,0,0,0,0,0,0,0,0,0,0,0,0,0,0,0,0,0,0,0,0,0,0,0,0,0,0,0,0,0,0,0,0,0,0,0,0,0,0,0,0,0,64,2026-02-06 14:57:12.368053
WNTR,25.64,25.61,25.63,,674.0,1231900.0,,8400.0,770.0,1498000.0,5600.0,0,0,0,0,0,0,0,0,0,0,0,0,0,0,0,0,0,0,0,0,0,0,0,0,0,0,0,0,0,0,0,0,0,0,0,0,0,0,0,0,0,0,0,0,0,0,0,0,0,0,0,0,0,0,64,2026-02-06 14:57:12.368053
SPNG,25.01,25.02,25.5,5000.0,1257000.0,10040.0,8400.0,958800.0,679.0,,,,,0,0,0,0,0,0,0,0,0,0,0,0,0,0,0,0,0,0,0,0,0,0,0,0,0,0,0,0,0,0,0,0,0,0,0,0,0,0,0,0,0,0,0,0,0,0,0,0,0,0,0,0,65,2026-02-06 14:57:13.449557
SMMR,24.76,24.76,24.77,,1358400.0,,2800.0,1361100.0,,200.0,1400.0,410.0,8867.0,0,0,0,0,0,0,0,0,0,0,0,0,0,0,0,0,0,0,0,0,0,0,0,0,0,0,0,0,0,0,0,0,0,0,0,0,0,0,0,0,0,0,0,0,0,0,0,0,0,0,0,0,65,2026-02-06 14:57:13.449557
ATMN,26.55,26.45,26.55,9480.0,1187300.0,5000.0,7000.0,989100.0,710.0,,2800.0,596.0,,0,0,0,0,0,0,0,0,0,0,0,0,0,0,0,0,0,0,0,0,0,0,0,0,0,0,0,0,0,0,0,0,0,0,0,0,0,0,0,0,0,0,0,0,0,0,0,0,0,0,0,0,65,2026-02-06 14:57:13.449557
WNTR,25.72,25.62,25.71,,1093600.0,,1400.0,1486500.0,,17100.0,8400.0,674.0,4709.0,0,0,0,0,0,0,0,0,0,0,0,0,0,0,0,0,0,0,0,0,0,0,0,0,0,0,0,0,0,0,0,0,0,0,0,0,0,0,0,0,0,0,0,0,0,0,0,0,0,0,0,0,65,2026-02-06 14:57:13.449557
SPNG,24.72,24.72,25.48,1240300.0,5000.0,1400.0,5600.0,12532.0,2216.0,1156200.0,,,,0,0,0,0,0,0,0,0,0,0,0,0,0,0,0,0,0,0,0,0,0,0,0,0,0,0,0,0,0,0,0,0,0,0,0,0,0,0,0,0,0,0,0,0,0,0,0,0,0,0,0,0,66,2026-02-06 14:57:14.549828
SMMR,24.86,24.78,24.86,1492100.0,,4200.0,,,,999000.0,100.0,550.0,592.0,0,0,0,0,0,0,0,0,0,0,0,0,0,0,0,0,0,0,0,0,0,0,0,0,0,0,0,0,0,0,0,0,0,0,0,0,0,0,0,0,0,0,0,0,0,0,0,0,0,0,0,0,66,2026-02-06 14:57:14.549828
ATMN,26.92,26.46,26.91,1187300.0,5000.0,1400.0,2800.0,5000.0,,814100.0,,596.0,,0,0,0,0,0,0,0,0,0,0,0,0,0,0,0,0,0,0,0,0,0,0,0,0,0,0,0,0,0,0,0,0,0,0,0,0,0,0,0,0,0,0,0,0,0,0,0,0,0,0,0,0,66,2026-02-06 14:57:14.549828
WNTR,25.8,25.66,25.68,1221000.0,5000.0,7000.0,1400.0,,,1364800.0,16755.0,770.0,745.0,0,0,0,0,0,0,0,0,0,0,0,0,0,0,0,0,0,0,0,0,0,0,0,0,0,0,0,0,0,0,0,0,0,0,0,0,0,0,0,0,0,0,0,0,0,0,0,0,0,0,0,0,66,2026-02-06 14:57:14.549828
SPNG,25.84,25.67,25.84,2800.0,5000.0,1344700.0,8370.0,1458100.0,,,,0,0,0,0,0,0,0,0,0,0,0,0,0,0,0,0,0,0,0,0,0,0,0,0,0,0,0,0,0,0,0,0,0,0,0,0,0,0,0,0,0,0,0,0,0,0,0,0,0,0,0,0,0,0,67,2026-02-06 14:57:15.630300
SMMR,24.76,24.79,24.83,2800.0,,1627000.0,,1134400.0,688.0,4200.0,740.0,0,0,0,0,0,0,0,0,0,0,0,0,0,0,0,0,0,0,0,0,0,0,0,0,0,0,0,0,0,0,0,0,0,0,0,0,0,0,0,0,0,0,0,0,0,0,0,0,0,0,0,0,0,0,67,2026-02-06 14:57:15.630300
ATMN,26.89,26.75,26.85,2800.0,9081.0,965500.0,14834.0,1111400.0,710.0,7000.0,620.0,0,0,0,0,0,0,0,0,0,0,0,0,0,0,0,0,0,0,0,0,0,0,0,0,0,0,0,0,0,0,0,0,0,0,0,0,0,0,0,0,0,0,0,0,0,0,0,0,0,0,0,0,0,0,67,2026-02-06 14:57:15.630300
WNTR,25.8,25.67,25.71,,5000.0,1561600.0,,1460100.0,770.0,,745.0,0,0,0,0,0,0,0,0,0,0,0,0,0,0,0,0,0,0,0,0,0,0,0,0,0,0,0,0,0,0,0,0,0,0,0,0,0,0,0,0,0,0,0,0,0,0,0,0,0,0,0,0,0,0,67,2026-02-06 14:57:15.630300
SPNG,26.1,25.33,26.1,5000.0,5600.0,1472200.0,1365900.0,,,,,0,0,0,0,0,0,0,0,0,0,0,0,0,0,0,0,0,0,0,0,0,0,0,0,0,0,0,0,0,0,0,0,0,0,0,0,0,0,0,0,0,0,0,0,0,0,0,0,0,0,0,0,0,0,68,2026-02-06 14:57:16.292765
SMMR,24.76,24.82,24.83,,1400.0,1835100.0,1134400.0,21130.0,688.0,5600.0,740.0,0,0,0,0,0,0,0,0,0,0,0,0,0,0,0,0,0,0,0,0,0,0,0,0,0,0,0,0,0,0,0,0,0,0,0,0,0,0,0,0,0,0,0,0,0,0,0,0,0,0,0,0,0,0,68,2026-02-06 14:57:16.292765
ATMN,26.89,26.76,26.78,9081.0,7000.0,662900.0,1020300.0,14834.0,710.0,11200.0,620.0,0,0,0,0,0,0,0,0,0,0,0,0,0,0,0,0,0,0,0,0,0,0,0,0,0,0,0,0,0,0,0,0,0,0,0,0,0,0,0,0,0,0,0,0,0,0,0,0,0,0,0,0,0,0,68,2026-02-06 14:57:16.292765
WNTR,25.64,25.64,25.66,5000.0,,1457800.0,1460100.0,,,,745.0,0,0,0,0,0,0,0,0,0,0,0,0,0,0,0,0,0,0,0,0,0,0,0,0,0,0,0,0,0,0,0,0,0,0,0,0,0,0,0,0,0,0,0,0,0,0,0,0,0,0,0,0,0,0,68,2026-02-06 14:57:16.292765
SPNG,25.56,25.36,25.55,5000.0,9800.0,1367800.0,598.0,5000.0,5600.0,1170500.0,679.0,7755.0,,0,0,0,0,0,0,0,0,0,0,0,0,0,0,0,0,0,0,0,0,0,0,0,0,0,0,0,0,0,0,0,0,0,0,0,0,0,0,0,0,0,0,0,0,0,0,0,0,0,0,0,0,69,2026-02-06 14:57:17.393308
SMMR,24.74,24.76,24.8,,2800.0,2002500.0,688.0,,4200.0,1268600.0,740.0,9426.0,,0,0,0,0,0,0,0,0,0,0,0,0,0,0,0,0,0,0,0,0,0,0,0,0,0,0,0,0,0,0,0,0,0,0,0,0,0,0,0,0,0,0,0,0,0,0,0,0,0,0,0,0,69,2026-02-06 14:57:17.393308
ATMN,26.75,26.73,26.75,4081.0,,1485000.0,710.0,,7000.0,1144700.0,620.0,200.0,,0,0,0,0,0,0,0,0,0,0,0,0,0,0,0,0,0,0,0,0,0,0,0,0,0,0,0,0,0,0,0,0,0,0,0,0,0,0,0,0,0,0,0,0,0,0,0,0,0,0,0,0,69,2026-02-06 14:57:17.393308
WNTR,25.71,25.64,25.66,5000.0,,1457800.0,674.0,,,1600200.0,770.0,13863.0,200.0,0,0,0,0,0,0,0,0,0,0,0,0,0,0,0,0,0,0,0,0,0,0,0,0,0,0,0,0,0,0,0,0,0,0,0,0,0,0,0,0,0,0,0,0,0,0,0,0,0,0,0,0,69,2026-02-06 14:57:17.393308
SPNG,26.1,25.37,25.55,7575.0,609.0,4200.0,1536900.0,679.0,1249700.0,,,,,0,0,0,0,0,0,0,0,0,0,0,0,0,0,0,0,0,0,0,0,0,0,0,0,0,0,0,0,0,0,0,0,0,0,0,0,0,0,0,0,0,0,0,0,0,0,0,0,0,0,0,0,70,2026-02-06 14:57:18.480027
SMMR,24.74,24.64,24.66,,688.0,,2266000.0,740.0,1191700.0,7673.0,8400.0,,,0,0,0,0,0,0,0,0,0,0,0,0,0,0,0,0,0,0,0,0,0,0,0,0,0,0,0,0,0,0,0,0,0,0,0,0,0,0,0,0,0,0,0,0,0,0,0,0,0,0,0,0,70,2026-02-06 14:57:18.480027
ATMN,26.85,26.74,26.85,5581.0,,,1391300.0,620.0,1096400.0,1976.0,1400.0,3598.0,5000.0,0,0,0,0,0,0,0,0,0,0,0,0,0,0,0,0,0,0,0,0,0,0,0,0,0,0,0,0,0,0,0,0,0,0,0,0,0,0,0,0,0,0,0,0,0,0,0,0,0,0,0,0,70,2026-02-06 14:57:18.480027
WNTR,25.82,25.66,25.7,8080.0,674.0,4200.0,976500.0,,1564600.0,,4200.0,3764.0,5000.0,0,0,0,0,0,0,0,0,0,0,0,0,0,0,0,0,0,0,0,0,0,0,0,0,0,0,0,0,0,0,0,0,0,0,0,0,0,0,0,0,0,0,0,0,0,0,0,0,0,0,0,0,70,2026-02-06 14:57:18.480027
SPNG,25.8,25.31,25.59,5000.0,1698800.0,618.0,11465.0,679.0,1242200.0,4200.0,,,,0,0,0,0,0,0,0,0,0,0,0,0,0,0,0,0,0,0,0,0,0,0,0,0,0,0,0,0,0,0,0,0,0,0,0,0,0,0,0,0,0,0,0,0,0,0,0,0,0,0,0,0,71,2026-02-06 14:57:19.566149
SMMR,24.69,24.65,24.68,,2083700.0,688.0,,740.0,1379800.0,7000.0,4306.0,1744.0,,0,0,0,0,0,0,0,0,0,0,0,0,0,0,0,0,0,0,0,0,0,0,0,0,0,0,0,0,0,0,0,0,0,0,0,0,0,0,0,0,0,0,0,0,0,0,0,0,0,0,0,0,71,2026-02-06 14:57:19.566149
ATMN,26.69,26.69,26.85,,1386100.0,,1108.0,620.0,1198200.0,2800.0,,2371.0,,0,0,0,0,0,0,0,0,0,0,0,0,0,0,0,0,0,0,0,0,0,0,0,0,0,0,0,0,0,0,0,0,0,0,0,0,0,0,0,0,0,0,0,0,0,0,0,0,0,0,0,0,71,2026-02-06 14:57:19.566149
WNTR,25.7,25.71,25.78,8080.0,519200.0,770.0,5000.0,745.0,1683800.0,4200.0,19056.0,,9800.0,0,0,0,0,0,0,0,0,0,0,0,0,0,0,0,0,0,0,0,0,0,0,0,0,0,0,0,0,0,0,0,0,0,0,0,0,0,0,0,0,0,0,0,0,0,0,0,0,0,0,0,0,71,2026-02-06 14:57:19.566149
SPNG,25.75,25.7,25.75,1400.0,1572300.0,8400.0,462.0,1173200.0,647.0,,,,,0,0,0,0,0,0,0,0,0,0,0,0,0,0,0,0,0,0,0,0,0,0,0,0,0,0,0,0,0,0,0,0,0,0,0,0,0,0,0,0,0,0,0,0,0,0,0,0,0,0,0,0,72,2026-02-06 14:57:20.661887
SMMR,24.8,24.77,24.8,,1916000.0,,,1607600.0,571.0,740.0,15685.0,315.0,,0,0,0,0,0,0,0,0,0,0,0,0,0,0,0,0,0,0,0,0,0,0,0,0,0,0,0,0,0,0,0,0,0,0,0,0,0,0,0,0,0,0,0,0,0,0,0,0,0,0,0,0,72,2026-02-06 14:57:20.661887
ATMN,26.63,26.61,26.62,,1484600.0,7000.0,1358.0,991400.0,710.0,,2082.0,8330.0,,0,0,0,0,0,0,0,0,0,0,0,0,0,0,0,0,0,0,0,0,0,0,0,0,0,0,0,0,0,0,0,0,0,0,0,0,0,0,0,0,0,0,0,0,0,0,0,0,0,0,0,0,72,2026-02-06 14:57:20.661887
WNTR,25.71,25.68,25.7,8400.0,781500.0,4200.0,5000.0,1667100.0,631.0,,19056.0,,8080.0,0,0,0,0,0,0,0,0,0,0,0,0,0,0,0,0,0,0,0,0,0,0,0,0,0,0,0,0,0,0,0,0,0,0,0,0,0,0,0,0,0,0,0,0,0,0,0,0,0,0,0,0,72,2026-02-06 14:57:20.661887
SPNG,25.73,25.7,25.73,7000.0,534.0,1572300.0,8400.0,300.0,647.0,771200.0,679.0,,,0,0,0,0,0,0,0,0,0,0,0,0,0,0,0,0,0,0,0,0,0,0,0,0,0,0,0,0,0,0,0,0,0,0,0,0,0,0,0,0,0,0,0,0,0,0,0,0,0,0,0,0,73,2026-02-06 14:57:21.297502
SMMR,24.82,24.66,24.78,,740.0,2227400.0,1400.0,,5000.0,1473400.0,680.0,5000.0,,0,0,0,0,0,0,0,0,0,0,0,0,0,0,0,0,0,0,0,0,0,0,0,0,0,0,0,0,0,0,0,0,0,0,0,0,0,0,0,0,0,0,0,0,0,0,0,0,0,0,0,0,73,2026-02-06 14:57:21.297502
ATMN,26.63,26.63,26.64,,597.0,1567700.0,4200.0,100.0,1358.0,1107100.0,710.0,,2282.0,0,0,0,0,0,0,0,0,0,0,0,0,0,0,0,0,0,0,0,0,0,0,0,0,0,0,0,0,0,0,0,0,0,0,0,0,0,0,0,0,0,0,0,0,0,0,0,0,0,0,0,0,73,2026-02-06 14:57:21.297502
WNTR,25.75,25.75,25.79,7000.0,770.0,750400.0,,,5000.0,1995600.0,631.0,8080.0,19056.0,0,0,0,0,0,0,0,0,0,0,0,0,0,0,0,0,0,0,0,0,0,0,0,0,0,0,0,0,0,0,0,0,0,0,0,0,0,0,0,0,0,0,0,0,0,0,0,0,0,0,0,0,73,2026-02-06 14:57:21.297502
SPNG,25.55,25.41,25.54,5000.0,4200.0,1669700.0,534.0,8400.0,770800.0,679.0,647.0,939.0,,0,0,0,0,0,0,0,0,0,0,0,0,0,0,0,0,0,0,0,0,0,0,0,0,0,0,0,0,0,0,0,0,0,0,0,0,0,0,0,0,0,0,0,0,0,0,0,0,0,0,0,0,74,2026-02-06 14:57:22.383710
SMMR,24.84,24.76,24.83,3000.0,1400.0,1783700.0,740.0,2800.0,1501500.0,580.0,,,16000.0,0,0,0,0,0,0,0,0,0,0,0,0,0,0,0,0,0,0,0,0,0,0,0,0,0,0,0,0,0,0,0,0,0,0,0,0,0,0,0,0,0,0,0,0,0,0,0,0,0,0,0,0,74,2026-02-06 14:57:22.383710
ATMN,26.61,26.65,26.87,,1400.0,1597300.0,698.0,2800.0,1174400.0,710.0,12406.0,,2082.0,0,0,0,0,0,0,0,0,0,0,0,0,0,0,0,0,0,0,0,0,0,0,0,0,0,0,0,0,0,0,0,0,0,0,0,0,0,0,0,0,0,0,0,0,0,0,0,0,0,0,0,0,74,2026-02-06 14:57:22.383710
WNTR,25.74,25.73,25.74,880.0,,1457800.0,770.0,2800.0,1472300.0,749.0,5000.0,15148.0,5568.0,0,0,0,0,0,0,0,0,0,0,0,0,0,0,0,0,0,0,0,0,0,0,0,0,0,0,0,0,0,0,0,0,0,0,0,0,0,0,0,0,0,0,0,0,0,0,0,0,0,0,0,0,74,2026-02-06 14:57:22.383710
SPNG,25.73,25.72,25.8,5809.0,1331800.0,7000.0,626.0,2054800.0,679.0,,,,0,0,0,0,0,0,0,0,0,0,0,0,0,0,0,0,0,0,0,0,0,0,0,0,0,0,0,0,0,0,0,0,0,0,0,0,0,0,0,0,0,0,0,0,0,0,0,0,0,0,0,0,0,75,2026-02-06 14:57:23.461507
SMMR,24.89,24.79,24.88,8178.0,1185100.0,5600.0,740.0,1362500.0,494.0,5600.0,1400.0,,0,0,0,0,0,0,0,0,0,0,0,0,0,0,0,0,0,0,0,0,0,0,0,0,0,0,0,0,0,0,0,0,0,0,0,0,0,0,0,0,0,0,0,0,0,0,0,0,0,0,0,0,0,75,2026-02-06 14:57:23.461507
ATMN,26.92,26.92,26.98,300.0,1144200.0,4200.0,698.0,989600.0,,5000.0,,,0,0,0,0,0,0,0,0,0,0,0,0,0,0,0,0,0,0,0,0,0,0,0,0,0,0,0,0,0,0,0,0,0,0,0,0,0,0,0,0,0,0,0,0,0,0,0,0,0,0,0,0,0,75,2026-02-06 14:57:23.461507
WNTR,25.6,25.6,25.76,,1347200.0,,770.0,1770600.0,749.0,880.0,2800.0,5000.0,0,0,0,0,0,0,0,0,0,0,0,0,0,0,0,0,0,0,0,0,0,0,0,0,0,0,0,0,0,0,0,0,0,0,0,0,0,0,0,0,0,0,0,0,0,0,0,0,0,0,0,0,0,75,2026-02-06 14:57:23.461507
SPNG,25.73,25.26,25.49,2800.0,1802000.0,1347.0,2800.0,1886700.0,679.0,,,,0,0,0,0,0,0,0,0,0,0,0,0,0,0,0,0,0,0,0,0,0,0,0,0,0,0,0,0,0,0,0,0,0,0,0,0,0,0,0,0,0,0,0,0,0,0,0,0,0,0,0,0,0,76,2026-02-06 14:57:24.555126
SMMR,24.89,24.87,24.88,5600.0,1055200.0,12980.0,2800.0,1601100.0,494.0,740.0,14050.0,,0,0,0,0,0,0,0,0,0,0,0,0,0,0,0,0,0,0,0,0,0,0,0,0,0,0,0,0,0,0,0,0,0,0,0,0,0,0,0,0,0,0,0,0,0,0,0,0,0,0,0,0,0,76,2026-02-06 14:57:24.555126
ATMN,26.92,26.93,26.94,4200.0,1257500.0,5000.0,2800.0,1287900.0,518.0,710.0,6503.0,,0,0,0,0,0,0,0,0,0,0,0,0,0,0,0,0,0,0,0,0,0,0,0,0,0,0,0,0,0,0,0,0,0,0,0,0,0,0,0,0,0,0,0,0,0,0,0,0,0,0,0,0,0,76,2026-02-06 14:57:24.555126
WNTR,25.55,25.63,25.74,2800.0,1345900.0,,4200.0,1462900.0,749.0,,,5460.0,0,0,0,0,0,0,0,0,0,0,0,0,0,0,0,0,0,0,0,0,0,0,0,0,0,0,0,0,0,0,0,0,0,0,0,0,0,0,0,0,0,0,0,0,0,0,0,0,0,0,0,0,0,76,2026-02-06 14:57:24.555126
SPNG,25.52,25.52,25.53,2017700.0,100.0,2800.0,633.0,1081.0,679.0,1966600.0,,,,0,0,0,0,0,0,0,0,0,0,0,0,0,0,0,0,0,0,0,0,0,0,0,0,0,0,0,0,0,0,0,0,0,0,0,0,0,0,0,0,0,0,0,0,0,0,0,0,0,0,0,0,77,2026-02-06 14:57:25.641844
SMMR,24.86,24.86,24.89,1523900.0,5200.0,,740.0,,,1728000.0,7980.0,,,0,0,0,0,0,0,0,0,0,0,0,0,0,0,0,0,0,0,0,0,0,0,0,0,0,0,0,0,0,0,0,0,0,0,0,0,0,0,0,0,0,0,0,0,0,0,0,0,0,0,0,0,77,2026-02-06 14:57:25.641844
ATMN,26.94,26.93,26.94,1565700.0,12148.0,,,,,1590900.0,5000.0,727.0,,0,0,0,0,0,0,0,0,0,0,0,0,0,0,0,0,0,0,0,0,0,0,0,0,0,0,0,0,0,0,0,0,0,0,0,0,0,0,0,0,0,0,0,0,0,0,0,0,0,0,0,0,77,2026-02-06 14:57:25.641844
WNTR,25.82,25.7,25.72,891900.0,9558.0,14000.0,,546.0,641.0,574200.0,5000.0,16442.0,12600.0,0,0,0,0,0,0,0,0,0,0,0,0,0,0,0,0,0,0,0,0,0,0,0,0,0,0,0,0,0,0,0,0,0,0,0,0,0,0,0,0,0,0,0,0,0,0,0,0,0,0,0,0,77,2026-02-06 14:57:25.641844
SPNG,25.16,24.92,25.16,1732900.0,1611700.0,1400.0,679.0,300.0,5000.0,,,,,0,0,0,0,0,0,0,0,0,0,0,0,0,0,0,0,0,0,0,0,0,0,0,0,0,0,0,0,0,0,0,0,0,0,0,0,0,0,0,0,0,0,0,0,0,0,0,0,0,0,0,0,78,2026-02-06 14:57:26.714804
SMMR,24.84,24.84,24.88,1538400.0,1850000.0,1400.0,,,,2800.0,16108.0,740.0,2280.0,0,0,0,0,0,0,0,0,0,0,0,0,0,0,0,0,0,0,0,0,0,0,0,0,0,0,0,0,0,0,0,0,0,0,0,0,0,0,0,0,0,0,0,0,0,0,0,0,0,0,0,0,78,2026-02-06 14:57:26.714804
ATMN,26.92,26.75,26.92,1382000.0,1266200.0,2800.0,619.0,11823.0,5000.0,1400.0,100.0,710.0,9254.0,0,0,0,0,0,0,0,0,0,0,0,0,0,0,0,0,0,0,0,0,0,0,0,0,0,0,0,0,0,0,0,0,0,0,0,0,0,0,0,0,0,0,0,0,0,0,0,0,0,0,0,0,78,2026-02-06 14:57:26.714804
WNTR,25.69,25.69,25.72,1568200.0,582300.0,12600.0,,26000.0,546.0,5600.0,,770.0,5000.0,0,0,0,0,0,0,0,0,0,0,0,0,0,0,0,0,0,0,0,0,0,0,0,0,0,0,0,0,0,0,0,0,0,0,0,0,0,0,0,0,0,0,0,0,0,0,0,0,0,0,0,0,78,2026-02-06 14:57:26.714804
SPNG,25.21,25.21,25.8,2105200.0,1456.0,553.0,1400.0,2131900.0,,,,,,0,0,0,0,0,0,0,0,0,0,0,0,0,0,0,0,0,0,0,0,0,0,0,0,0,0,0,0,0,0,0,0,0,0,0,0,0,0,0,0,0,0,0,0,0,0,0,0,0,0,0,0,79,2026-02-06 14:57:27.801541
SMMR,24.84,24.84,24.85,1432600.0,5002.0,740.0,4200.0,1884200.0,4200.0,2280.0,608.0,,,0,0,0,0,0,0,0,0,0,0,0,0,0,0,0,0,0,0,0,0,0,0,0,0,0,0,0,0,0,0,0,0,0,0,0,0,0,0,0,0,0,0,0,0,0,0,0,0,0,0,0,0,79,2026-02-06 14:57:27.801541
ATMN,26.61,26.62,26.89,1276600.0,3960.0,597.0,2800.0,1266200.0,2800.0,5000.0,,530.0,5724.0,0,0,0,0,0,0,0,0,0,0,0,0,0,0,0,0,0,0,0,0,0,0,0,0,0,0,0,0,0,0,0,0,0,0,0,0,0,0,0,0,0,0,0,0,0,0,0,0,0,0,0,0,79,2026-02-06 14:57:27.801541
WNTR,25.72,25.63,25.72,1567100.0,,770.0,,1501600.0,,,753.0,26000.0,4046.0,0,0,0,0,0,0,0,0,0,0,0,0,0,0,0,0,0,0,0,0,0,0,0,0,0,0,0,0,0,0,0,0,0,0,0,0,0,0,0,0,0,0,0,0,0,0,0,0,0,0,0,0,79,2026-02-06 14:57:27.801541
SPNG,25.66,25.66,25.78,5000.0,1461100.0,4200.0,645.0,1456.0,5000.0,5600.0,1722100.0,,,0,0,0,0,0,0,0,0,0,0,0,0,0,0,0,0,0,0,0,0,0,0,0,0,0,0,0,0,0,0,0,0,0,0,0,0,0,0,0,0,0,0,0,0,0,0,0,0,0,0,0,0,80,2026-02-06 14:57:28.404716
SMMR,24.84,24.84,24.85,2280.0,1432600.0,4200.0,740.0,5002.0,,4200.0,2015200.0,,,0,0,0,0,0,0,0,0,0,0,0,0,0,0,0,0,0,0,0,0,0,0,0,0,0,0,0,0,0,0,0,0,0,0,0,0,0,0,0,0,0,0,0,0,0,0,0,0,0,0,0,0,80,2026-02-06 14:57:28.404716
ATMN,26.82,26.83,26.88,5000.0,1299000.0,5600.0,597.0,900.0,5724.0,8400.0,774800.0,530.0,710.0,0,0,0,0,0,0,0,0,0,0,0,0,0,0,0,0,0,0,0,0,0,0,0,0,0,0,0,0,0,0,0,0,0,0,0,0,0,0,0,0,0,0,0,0,0,0,0,0,0,0,0,0,80,2026-02-06 14:57:28.404716
WNTR,25.73,25.58,25.73,,1466800.0,,,,312.0,,1934400.0,,753.0,0,0,0,0,0,0,0,0,0,0,0,0,0,0,0,0,0,0,0,0,0,0,0,0,0,0,0,0,0,0,0,0,0,0,0,0,0,0,0,0,0,0,0,0,0,0,0,0,0,0,0,0,80,2026-02-06 14:57:28.404716
SPNG,25.65,25.65,25.66,1174600.0,794.0,9800.0,679.0,7000.0,1183.0,613.0,1172100.0,620.0,,0,0,0,0,0,0,0,0,0,0,0,0,0,0,0,0,0,0,0,0,0,0,0,0,0,0,0,0,0,0,0,0,0,0,0,0,0,0,0,0,0,0,0,0,0,0,0,0,0,0,0,0,81,2026-02-06 14:57:29.520218
SMMR,24.85,24.84,24.85,1781000.0,5002.0,,740.0,,,,2251900.0,608.0,2280.0,0,0,0,0,0,0,0,0,0,0,0,0,0,0,0,0,0,0,0,0,0,0,0,0,0,0,0,0,0,0,0,0,0,0,0,0,0,0,0,0,0,0,0,0,0,0,0,0,0,0,0,0,81,2026-02-06 14:57:29.520218
ATMN,26.8,26.8,26.81,1391700.0,,5600.0,597.0,9800.0,207.0,,1153700.0,,5000.0,0,0,0,0,0,0,0,0,0,0,0,0,0,0,0,0,0,0,0,0,0,0,0,0,0,0,0,0,0,0,0,0,0,0,0,0,0,0,0,0,0,0,0,0,0,0,0,0,0,0,0,0,81,2026-02-06 14:57:29.520218
WNTR,25.82,25.62,25.67,1328500.0,15341.0,5600.0,666.0,1400.0,,,2044600.0,770.0,,0,0,0,0,0,0,0,0,0,0,0,0,0,0,0,0,0,0,0,0,0,0,0,0,0,0,0,0,0,0,0,0,0,0,0,0,0,0,0,0,0,0,0,0,0,0,0,0,0,0,0,0,81,2026-02-06 14:57:29.520218
SPNG,25.32,25.21,25.32,2235600.0,1632000.0,1400.0,2811.0,1183.0,620.0,,,,,0,0,0,0,0,0,0,0,0,0,0,0,0,0,0,0,0,0,0,0,0,0,0,0,0,0,0,0,0,0,0,0,0,0,0,0,0,0,0,0,0,0,0,0,0,0,0,0,0,0,0,0,82,2026-02-06 14:57:30.644179
SMMR,24.79,24.8,24.84,1778000.0,1762400.0,1400.0,1094.0,,608.0,1400.0,11274.0,2280.0,,0,0,0,0,0,0,0,0,0,0,0,0,0,0,0,0,0,0,0,0,0,0,0,0,0,0,0,0,0,0,0,0,0,0,0,0,0,0,0,0,0,0,0,0,0,0,0,0,0,0,0,0,82,2026-02-06 14:57:30.644179
ATMN,26.8,26.8,26.81,1414000.0,1150300.0,4200.0,5147.0,207.0,710.0,1400.0,13371.0,5000.0,698.0,0,0,0,0,0,0,0,0,0,0,0,0,0,0,0,0,0,0,0,0,0,0,0,0,0,0,0,0,0,0,0,0,0,0,0,0,0,0,0,0,0,0,0,0,0,0,0,0,0,0,0,0,82,2026-02-06 14:57:30.644179
WNTR,25.84,25.66,25.74,1117400.0,1694200.0,1400.0,,1165.0,753.0,8400.0,14674.0,,770.0,0,0,0,0,0,0,0,0,0,0,0,0,0,0,0,0,0,0,0,0,0,0,0,0,0,0,0,0,0,0,0,0,0,0,0,0,0,0,0,0,0,0,0,0,0,0,0,0,0,0,0,0,82,2026-02-06 14:57:30.644179
SPNG,25.88,25.28,25.31,2090900.0,5000.0,1400.0,645.0,4854.0,2206900.0,,,,,0,0,0,0,0,0,0,0,0,0,0,0,0,0,0,0,0,0,0,0,0,0,0,0,0,0,0,0,0,0,0,0,0,0,0,0,0,0,0,0,0,0,0,0,0,0,0,0,0,0,0,0,83,2026-02-06 14:57:31.734016
SMMR,24.7,24.65,24.69,2274500.0,,1400.0,,7553.0,1231200.0,8400.0,717.0,,,0,0,0,0,0,0,0,0,0,0,0,0,0,0,0,0,0,0,0,0,0,0,0,0,0,0,0,0,0,0,0,0,0,0,0,0,0,0,0,0,0,0,0,0,0,0,0,0,0,0,0,0,83,2026-02-06 14:57:31.734016
ATMN,26.71,26.71,26.72,1409100.0,8283.0,,698.0,5902.0,1459800.0,1400.0,710.0,100.0,5000.0,0,0,0,0,0,0,0,0,0,0,0,0,0,0,0,0,0,0,0,0,0,0,0,0,0,0,0,0,0,0,0,0,0,0,0,0,0,0,0,0,0,0,0,0,0,0,0,0,0,0,0,0,83,2026-02-06 14:57:31.734016
WNTR,25.67,25.66,25.67,1692200.0,,4200.0,,,1668000.0,,634.0,4247.0,5350.0,0,0,0,0,0,0,0,0,0,0,0,0,0,0,0,0,0,0,0,0,0,0,0,0,0,0,0,0,0,0,0,0,0,0,0,0,0,0,0,0,0,0,0,0,0,0,0,0,0,0,0,0,83,2026-02-06 14:57:31.734016
SPNG,25.59,25.59,25.89,1371200.0,300.0,4200.0,5000.0,645.0,2266700.0,,,,,0,0,0,0,0,0,0,0,0,0,0,0,0,0,0,0,0,0,0,0,0,0,0,0,0,0,0,0,0,0,0,0,0,0,0,0,0,0,0,0,0,0,0,0,0,0,0,0,0,0,0,0,84,2026-02-06 14:57:32.437829
SMMR,24.89,24.67,24.89,1623900.0,,5600.0,5000.0,651.0,1981900.0,1106.0,,,,0,0,0,0,0,0,0,0,0,0,0,0,0,0,0,0,0,0,0,0,0,0,0,0,0,0,0,0,0,0,0,0,0,0,0,0,0,0,0,0,0,0,0,0,0,0,0,0,0,0,0,0,84,2026-02-06 14:57:32.437829
ATMN,26.66,26.71,26.72,1686600.0,5100.0,,938.0,,1459800.0,5000.0,5902.0,1400.0,710.0,0,0,0,0,0,0,0,0,0,0,0,0,0,0,0,0,0,0,0,0,0,0,0,0,0,0,0,0,0,0,0,0,0,0,0,0,0,0,0,0,0,0,0,0,0,0,0,0,0,0,0,0,84,2026-02-06 14:57:32.437829
WNTR,25.67,25.66,25.67,1788400.0,11561.0,,,770.0,1360300.0,5350.0,2700.0,,636.0,0,0,0,0,0,0,0,0,0,0,0,0,0,0,0,0,0,0,0,0,0,0,0,0,0,0,0,0,0,0,0,0,0,0,0,0,0,0,0,0,0,0,0,0,0,0,0,0,0,0,0,0,84,2026-02-06 14:57:32.437829
SPNG,25.66,25.79,25.88,688200.0,9800.0,679.0,7709.0,200.0,5000.0,2065000.0,527.0,,,0,0,0,0,0,0,0,0,0,0,0,0,0,0,0,0,0,0,0,0,0,0,0,0,0,0,0,0,0,0,0,0,0,0,0,0,0,0,0,0,0,0,0,0,0,0,0,0,0,0,0,0,85,2026-02-06 14:57:33.560289
SMMR,24.89,24.79,24.89,811000.0,11200.0,740.0,12003.0,,,2201500.0,,1281.0,,0,0,0,0,0,0,0,0,0,0,0,0,0,0,0,0,0,0,0,0,0,0,0,0,0,0,0,0,0,0,0,0,0,0,0,0,0,0,0,0,0,0,0,0,0,0,0,0,0,0,0,0,85,2026-02-06 14:57:33.560289
ATMN,26.98,26.67,26.71,1507600.0,4200.0,599.0,938.0,,,1784800.0,,,2800.0,0,0,0,0,0,0,0,0,0,0,0,0,0,0,0,0,0,0,0,0,0,0,0,0,0,0,0,0,0,0,0,0,0,0,0,0,0,0,0,0,0,0,0,0,0,0,0,0,0,0,0,0,85,2026-02-06 14:57:33.560289
WNTR,25.69,25.76,25.84,1881600.0,1400.0,770.0,5000.0,,,2142300.0,636.0,,,0,0,0,0,0,0,0,0,0,0,0,0,0,0,0,0,0,0,0,0,0,0,0,0,0,0,0,0,0,0,0,0,0,0,0,0,0,0,0,0,0,0,0,0,0,0,0,0,0,0,0,0,85,2026-02-06 14:57:33.560289
SPNG,25.76,25.7,25.87,2800.0,679.0,2043900.0,1400.0,100.0,2751.0,1598600.0,620.0,,,0,0,0,0,0,0,0,0,0,0,0,0,0,0,0,0,0,0,0,0,0,0,0,0,0,0,0,0,0,0,0,0,0,0,0,0,0,0,0,0,0,0,0,0,0,0,0,0,0,0,0,0,86,2026-02-06 14:57:34.650907
SMMR,24.84,24.82,24.84,8400.0,,1025900.0,,,5000.0,2112600.0,611.0,100.0,16494.0,0,0,0,0,0,0,0,0,0,0,0,0,0,0,0,0,0,0,0,0,0,0,0,0,0,0,0,0,0,0,0,0,0,0,0,0,0,0,0,0,0,0,0,0,0,0,0,0,0,0,0,0,86,2026-02-06 14:57:34.650907
ATMN,26.72,26.72,26.73,5600.0,700.0,1410900.0,2800.0,100.0,,1693400.0,,,938.0,0,0,0,0,0,0,0,0,0,0,0,0,0,0,0,0,0,0,0,0,0,0,0,0,0,0,0,0,0,0,0,0,0,0,0,0,0,0,0,0,0,0,0,0,0,0,0,0,0,0,0,0,86,2026-02-06 14:57:34.650907
WNTR,25.84,25.78,25.81,7000.0,,1445100.0,1400.0,6592.0,5000.0,1573600.0,636.0,100.0,5000.0,0,0,0,0,0,0,0,0,0,0,0,0,0,0,0,0,0,0,0,0,0,0,0,0,0,0,0,0,0,0,0,0,0,0,0,0,0,0,0,0,0,0,0,0,0,0,0,0,0,0,0,0,86,2026-02-06 14:57:34.650907
SPNG,25.54,25.3,25.53,5000.0,2800.0,2043900.0,5000.0,1764500.0,4200.0,620.0,,,,0,0,0,0,0,0,0,0,0,0,0,0,0,0,0,0,0,0,0,0,0,0,0,0,0,0,0,0,0,0,0,0,0,0,0,0,0,0,0,0,0,0,0,0,0,0,0,0,0,0,0,0,87,2026-02-06 14:57:35.736529
SMMR,24.89,24.83,24.88,6568.0,2800.0,1528900.0,,2084400.0,,611.0,200.0,740.0,3486.0,0,0,0,0,0,0,0,0,0,0,0,0,0,0,0,0,0,0,0,0,0,0,0,0,0,0,0,0,0,0,0,0,0,0,0,0,0,0,0,0,0,0,0,0,0,0,0,0,0,0,0,0,87,2026-02-06 14:57:35.736529
ATMN,26.72,26.72,26.73,938.0,1400.0,1386200.0,,1584200.0,1400.0,617.0,20422.0,710.0,5000.0,0,0,0,0,0,0,0,0,0,0,0,0,0,0,0,0,0,0,0,0,0,0,0,0,0,0,0,0,0,0,0,0,0,0,0,0,0,0,0,0,0,0,0,0,0,0,0,0,0,0,0,0,87,2026-02-06 14:57:35.736529
WNTR,25.85,25.69,25.82,5000.0,5600.0,1323900.0,2695.0,1452500.0,2800.0,,10200.0,,12642.0,0,0,0,0,0,0,0,0,0,0,0,0,0,0,0,0,0,0,0,0,0,0,0,0,0,0,0,0,0,0,0,0,0,0,0,0,0,0,0,0,0,0,0,0,0,0,0,0,0,0,0,0,87,2026-02-06 14:57:35.736529
SPNG,25.33,25.33,25.5,5000.0,5600.0,553.0,1618700.0,2800.0,1532700.0,9378.0,,,,0,0,0,0,0,0,0,0,0,0,0,0,0,0,0,0,0,0,0,0,0,0,0,0,0,0,0,0,0,0,0,0,0,0,0,0,0,0,0,0,0,0,0,0,0,0,0,0,0,0,0,0,88,2026-02-06 14:57:36.808044
SMMR,24.79,24.78,24.79,6568.0,,,2123700.0,,1864600.0,,5010.0,611.0,,0,0,0,0,0,0,0,0,0,0,0,0,0,0,0,0,0,0,0,0,0,0,0,0,0,0,0,0,0,0,0,0,0,0,0,0,0,0,0,0,0,0,0,0,0,0,0,0,0,0,0,0,88,2026-02-06 14:57:36.808044
ATMN,26.72,26.72,26.73,938.0,,710.0,1499500.0,,1568600.0,,10426.0,617.0,20422.0,0,0,0,0,0,0,0,0,0,0,0,0,0,0,0,0,0,0,0,0,0,0,0,0,0,0,0,0,0,0,0,0,0,0,0,0,0,0,0,0,0,0,0,0,0,0,0,0,0,0,0,0,88,2026-02-06 14:57:36.808044
WNTR,25.83,25.84,25.86,5805.0,5600.0,770.0,902400.0,,1979500.0,,,,20609.0,0,0,0,0,0,0,0,0,0,0,0,0,0,0,0,0,0,0,0,0,0,0,0,0,0,0,0,0,0,0,0,0,0,0,0,0,0,0,0,0,0,0,0,0,0,0,0,0,0,0,0,0,88,2026-02-06 14:57:36.808044
SPNG,25.62,25.61,25.62,86.0,9800.0,901700.0,4111.0,645.0,2029100.0,1400.0,679.0,,0,0,0,0,0,0,0,0,0,0,0,0,0,0,0,0,0,0,0,0,0,0,0,0,0,0,0,0,0,0,0,0,0,0,0,0,0,0,0,0,0,0,0,0,0,0,0,0,0,0,0,0,0,89,2026-02-06 14:57:37.386455
SMMR,24.79,24.78,24.79,6568.0,,2002900.0,,740.0,1876400.0,,720.0,5010.0,0,0,0,0,0,0,0,0,0,0,0,0,0,0,0,0,0,0,0,0,0,0,0,0,0,0,0,0,0,0,0,0,0,0,0,0,0,0,0,0,0,0,0,0,0,0,0,0,0,0,0,0,0,89,2026-02-06 14:57:37.386455
ATMN,26.72,26.72,26.73,938.0,,1499500.0,20422.0,710.0,1676300.0,,,10426.0,0,0,0,0,0,0,0,0,0,0,0,0,0,0,0,0,0,0,0,0,0,0,0,0,0,0,0,0,0,0,0,0,0,0,0,0,0,0,0,0,0,0,0,0,0,0,0,0,0,0,0,0,0,89,2026-02-06 14:57:37.386455
WNTR,25.86,25.84,25.86,5805.0,5600.0,902400.0,20609.0,770.0,1993400.0,,,,0,0,0,0,0,0,0,0,0,0,0,0,0,0,0,0,0,0,0,0,0,0,0,0,0,0,0,0,0,0,0,0,0,0,0,0,0,0,0,0,0,0,0,0,0,0,0,0,0,0,0,0,0,89,2026-02-06 14:57:37.386455
SPNG,25.46,25.47,25.77,4200.0,1583900.0,6716.0,2800.0,1931400.0,679.0,,,,0,0,0,0,0,0,0,0,0,0,0,0,0,0,0,0,0,0,0,0,0,0,0,0,0,0,0,0,0,0,0,0,0,0,0,0,0,0,0,0,0,0,0,0,0,0,0,0,0,0,0,0,0,90,2026-02-06 14:57:38.486758
SMMR,24.81,24.86,24.88,2800.0,1374300.0,6568.0,2800.0,1995200.0,720.0,740.0,11850.0,,0,0,0,0,0,0,0,0,0,0,0,0,0,0,0,0,0,0,0,0,0,0,0,0,0,0,0,0,0,0,0,0,0,0,0,0,0,0,0,0,0,0,0,0,0,0,0,0,0,0,0,0,0,90,2026-02-06 14:57:38.486758
ATMN,26.54,26.54,26.72,,1907500.0,,5600.0,1166700.0,710.0,,,10426.0,0,0,0,0,0,0,0,0,0,0,0,0,0,0,0,0,0,0,0,0,0,0,0,0,0,0,0,0,0,0,0,0,0,0,0,0,0,0,0,0,0,0,0,0,0,0,0,0,0,0,0,0,0,90,2026-02-06 14:57:38.486758
WNTR,25.87,25.84,25.87,,1605000.0,5805.0,,1877300.0,525.0,770.0,6557.0,,0,0,0,0,0,0,0,0,0,0,0,0,0,0,0,0,0,0,0,0,0,0,0,0,0,0,0,0,0,0,0,0,0,0,0,0,0,0,0,0,0,0,0,0,0,0,0,0,0,0,0,0,0,90,2026-02-06 14:57:38.486758
SPNG,25.28,25.28,25.74,2385400.0,6485.0,9800.0,7977.0,679.0,550600.0,,,,,0,0,0,0,0,0,0,0,0,0,0,0,0,0,0,0,0,0,0,0,0,0,0,0,0,0,0,0,0,0,0,0,0,0,0,0,0,0,0,0,0,0,0,0,0,0,0,0,0,0,0,0,91,2026-02-06 14:57:39.559134
SMMR,24.83,24.83,24.92,2206900.0,5000.0,1400.0,,720.0,1987400.0,740.0,,,,0,0,0,0,0,0,0,0,0,0,0,0,0,0,0,0,0,0,0,0,0,0,0,0,0,0,0,0,0,0,0,0,0,0,0,0,0,0,0,0,0,0,0,0,0,0,0,0,0,0,0,0,91,2026-02-06 14:57:39.559134
ATMN,26.54,26.57,26.69,1471700.0,6797.0,14000.0,10426.0,710.0,265400.0,600.0,578.0,5000.0,1400.0,0,0,0,0,0,0,0,0,0,0,0,0,0,0,0,0,0,0,0,0,0,0,0,0,0,0,0,0,0,0,0,0,0,0,0,0,0,0,0,0,0,0,0,0,0,0,0,0,0,0,0,0,91,2026-02-06 14:57:39.559134
WNTR,25.79,25.71,25.79,1776000.0,,,8611.0,525.0,1878900.0,,,5805.0,,0,0,0,0,0,0,0,0,0,0,0,0,0,0,0,0,0,0,0,0,0,0,0,0,0,0,0,0,0,0,0,0,0,0,0,0,0,0,0,0,0,0,0,0,0,0,0,0,0,0,0,0,91,2026-02-06 14:57:39.559134
SPNG,25.78,25.31,25.45,4200.0,1836600.0,575.0,4200.0,679.0,1040.0,9752.0,1150500.0,,,0,0,0,0,0,0,0,0,0,0,0,0,0,0,0,0,0,0,0,0,0,0,0,0,0,0,0,0,0,0,0,0,0,0,0,0,0,0,0,0,0,0,0,0,0,0,0,0,0,0,0,0,92,2026-02-06 14:57:40.641092
SMMR,24.8,24.74,24.76,,2342000.0,,2800.0,614.0,5000.0,2029.0,1747600.0,,,0,0,0,0,0,0,0,0,0,0,0,0,0,0,0,0,0,0,0,0,0,0,0,0,0,0,0,0,0,0,0,0,0,0,0,0,0,0,0,0,0,0,0,0,0,0,0,0,0,0,0,0,92,2026-02-06 14:57:40.641092
ATMN,26.66,26.58,26.64,1400.0,1463400.0,600.0,12600.0,710.0,6078.0,15511.0,479900.0,5000.0,578.0,0,0,0,0,0,0,0,0,0,0,0,0,0,0,0,0,0,0,0,0,0,0,0,0,0,0,0,0,0,0,0,0,0,0,0,0,0,0,0,0,0,0,0,0,0,0,0,0,0,0,0,0,92,2026-02-06 14:57:40.641092
WNTR,25.79,25.73,25.78,5600.0,1206500.0,770.0,,762.0,,21687.0,1771400.0,5805.0,,0,0,0,0,0,0,0,0,0,0,0,0,0,0,0,0,0,0,0,0,0,0,0,0,0,0,0,0,0,0,0,0,0,0,0,0,0,0,0,0,0,0,0,0,0,0,0,0,0,0,0,0,92,2026-02-06 14:57:40.641092
SPNG,25.74,25.74,25.76,11200.0,8188.0,11798.0,679.0,448300.0,1947200.0,5000.0,1400.0,599.0,,0,0,0,0,0,0,0,0,0,0,0,0,0,0,0,0,0,0,0,0,0,0,0,0,0,0,0,0,0,0,0,0,0,0,0,0,0,0,0,0,0,0,0,0,0,0,0,0,0,0,0,0,93,2026-02-06 14:57:41.735572
SMMR,24.9,24.76,24.88,1400.0,,5350.0,,1881600.0,1761600.0,3171.0,2800.0,,,0,0,0,0,0,0,0,0,0,0,0,0,0,0,0,0,0,0,0,0,0,0,0,0,0,0,0,0,0,0,0,0,0,0,0,0,0,0,0,0,0,0,0,0,0,0,0,0,0,0,0,0,93,2026-02-06 14:57:41.735572
ATMN,26.73,26.49,26.69,1400.0,5000.0,6144.0,600.0,1547400.0,1552100.0,5000.0,1400.0,,5120.0,0,0,0,0,0,0,0,0,0,0,0,0,0,0,0,0,0,0,0,0,0,0,0,0,0,0,0,0,0,0,0,0,0,0,0,0,0,0,0,0,0,0,0,0,0,0,0,0,0,0,0,0,93,2026-02-06 14:57:41.735572
WNTR,25.79,25.79,25.8,8400.0,5805.0,13761.0,770.0,743100.0,1877300.0,,,,12239.0,0,0,0,0,0,0,0,0,0,0,0,0,0,0,0,0,0,0,0,0,0,0,0,0,0,0,0,0,0,0,0,0,0,0,0,0,0,0,0,0,0,0,0,0,0,0,0,0,0,0,0,0,93,2026-02-06 14:57:41.735572
SPNG,25.4,25.33,25.39,1907.0,5600.0,1584600.0,667.0,4200.0,2532.0,1597200.0,679.0,5000.0,,0,0,0,0,0,0,0,0,0,0,0,0,0,0,0,0,0,0,0,0,0,0,0,0,0,0,0,0,0,0,0,0,0,0,0,0,0,0,0,0,0,0,0,0,0,0,0,0,0,0,0,0,94,2026-02-06 14:57:42.814048
SMMR,24.93,24.83,24.87,11322.0,5600.0,1422200.0,740.0,4200.0,,1515000.0,617.0,3171.0,,0,0,0,0,0,0,0,0,0,0,0,0,0,0,0,0,0,0,0,0,0,0,0,0,0,0,0,0,0,0,0,0,0,0,0,0,0,0,0,0,0,0,0,0,0,0,0,0,0,0,0,0,94,2026-02-06 14:57:42.814048
ATMN,26.69,26.69,26.71,6144.0,4200.0,1254900.0,,1400.0,9652.0,1231400.0,710.0,430.0,5000.0,0,0,0,0,0,0,0,0,0,0,0,0,0,0,0,0,0,0,0,0,0,0,0,0,0,0,0,0,0,0,0,0,0,0,0,0,0,0,0,0,0,0,0,0,0,0,0,0,0,0,0,0,94,2026-02-06 14:57:42.814048
WNTR,25.89,25.82,25.89,20118.0,7000.0,869100.0,770.0,,,1656700.0,643.0,,5114.0,0,0,0,0,0,0,0,0,0,0,0,0,0,0,0,0,0,0,0,0,0,0,0,0,0,0,0,0,0,0,0,0,0,0,0,0,0,0,0,0,0,0,0,0,0,0,0,0,0,0,0,0,94,2026-02-06 14:57:42.814048
SPNG,25.4,25.34,25.38,5600.0,667.0,1907.0,1614900.0,5600.0,679.0,1597200.0,5000.0,,,0,0,0,0,0,0,0,0,0,0,0,0,0,0,0,0,0,0,0,0,0,0,0,0,0,0,0,0,0,0,0,0,0,0,0,0,0,0,0,0,0,0,0,0,0,0,0,0,0,0,0,0,95,2026-02-06 14:57:43.876170
SMMR,24.93,24.93,24.94,7000.0,740.0,13084.0,1448600.0,,617.0,2157800.0,,,,0,0,0,0,0,0,0,0,0,0,0,0,0,0,0,0,0,0,0,0,0,0,0,0,0,0,0,0,0,0,0,0,0,0,0,0,0,0,0,0,0,0,0,0,0,0,0,0,0,0,0,0,95,2026-02-06 14:57:43.876170
ATMN,26.73,26.51,26.71,4200.0,602.0,7502.0,867100.0,2800.0,,1363900.0,5000.0,8130.0,10769.0,0,0,0,0,0,0,0,0,0,0,0,0,0,0,0,0,0,0,0,0,0,0,0,0,0,0,0,0,0,0,0,0,0,0,0,0,0,0,0,0,0,0,0,0,0,0,0,0,0,0,0,0,95,2026-02-06 14:57:43.876170
WNTR,25.9,25.83,25.86,4200.0,,20048.0,1224300.0,1400.0,643.0,1535700.0,,592.0,5952.0,0,0,0,0,0,0,0,0,0,0,0,0,0,0,0,0,0,0,0,0,0,0,0,0,0,0,0,0,0,0,0,0,0,0,0,0,0,0,0,0,0,0,0,0,0,0,0,0,0,0,0,0,95,2026-02-06 14:57:43.876170
SPNG,25.76,25.36,25.76,5000.0,9800.0,2107.0,667.0,919400.0,2262400.0,,,,,0,0,0,0,0,0,0,0,0,0,0,0,0,0,0,0,0,0,0,0,0,0,0,0,0,0,0,0,0,0,0,0,0,0,0,0,0,0,0,0,0,0,0,0,0,0,0,0,0,0,0,0,96,2026-02-06 14:57:44.429571
SMMR,24.92,24.92,24.94,,2800.0,13084.0,740.0,1800300.0,2161200.0,617.0,,,,0,0,0,0,0,0,0,0,0,0,0,0,0,0,0,0,0,0,0,0,0,0,0,0,0,0,0,0,0,0,0,0,0,0,0,0,0,0,0,0,0,0,0,0,0,0,0,0,0,0,0,0,96,2026-02-06 14:57:44.429571
ATMN,26.56,26.68,26.7,8130.0,5600.0,7502.0,,825500.0,1264300.0,,4200.0,5000.0,10769.0,0,0,0,0,0,0,0,0,0,0,0,0,0,0,0,0,0,0,0,0,0,0,0,0,0,0,0,0,0,0,0,0,0,0,0,0,0,0,0,0,0,0,0,0,0,0,0,0,0,0,0,0,96,2026-02-06 14:57:44.429571
WNTR,25.9,25.9,25.93,,2800.0,,,2016000.0,1422000.0,,,,,0,0,0,0,0,0,0,0,0,0,0,0,0,0,0,0,0,0,0,0,0,0,0,0,0,0,0,0,0,0,0,0,0,0,0,0,0,0,0,0,0,0,0,0,0,0,0,0,0,0,0,0,96,2026-02-06 14:57:44.429571
SPNG,25.36,25.46,25.48,783200.0,2276.0,5000.0,11200.0,679.0,7544.0,300.0,1459200.0,,0,0,0,0,0,0,0,0,0,0,0,0,0,0,0,0,0,0,0,0,0,0,0,0,0,0,0,0,0,0,0,0,0,0,0,0,0,0,0,0,0,0,0,0,0,0,0,0,0,0,0,0,0,97,2026-02-06 14:57:45.499392
SMMR,24.94,24.92,24.94,1908000.0,21337.0,,,740.0,,333.0,2041200.0,617.0,0,0,0,0,0,0,0,0,0,0,0,0,0,0,0,0,0,0,0,0,0,0,0,0,0,0,0,0,0,0,0,0,0,0,0,0,0,0,0,0,0,0,0,0,0,0,0,0,0,0,0,0,0,97,2026-02-06 14:57:45.499392
ATMN,26.72,26.72,26.73,835000.0,8648.0,8130.0,4200.0,702.0,,,1878100.0,710.0,0,0,0,0,0,0,0,0,0,0,0,0,0,0,0,0,0,0,0,0,0,0,0,0,0,0,0,0,0,0,0,0,0,0,0,0,0,0,0,0,0,0,0,0,0,0,0,0,0,0,0,0,0,97,2026-02-06 14:57:45.499392
WNTR,25.94,25.91,25.94,1788500.0,5952.0,,2800.0,770.0,,10048.0,1546200.0,,0,0,0,0,0,0,0,0,0,0,0,0,0,0,0,0,0,0,0,0,0,0,0,0,0,0,0,0,0,0,0,0,0,0,0,0,0,0,0,0,0,0,0,0,0,0,0,0,0,0,0,0,0,97,2026-02-06 14:57:45.499392
SPNG,25.28,25.48,25.75,2800.0,679.0,1583600.0,3947.0,2800.0,518.0,1942400.0,,,,0,0,0,0,0,0,0,0,0,0,0,0,0,0,0,0,0,0,0,0,0,0,0,0,0,0,0,0,0,0,0,0,0,0,0,0,0,0,0,0,0,0,0,0,0,0,0,0,0,0,0,0,98,2026-02-06 14:57:46.569089
SMMR,24.94,24.92,24.94,,740.0,1870300.0,,,617.0,2068600.0,21337.0,333.0,,0,0,0,0,0,0,0,0,0,0,0,0,0,0,0,0,0,0,0,0,0,0,0,0,0,0,0,0,0,0,0,0,0,0,0,0,0,0,0,0,0,0,0,0,0,0,0,0,0,0,0,0,98,2026-02-06 14:57:46.569089
ATMN,26.73,26.72,26.73,2800.0,702.0,1041000.0,8130.0,,710.0,1585200.0,9425.0,300.0,,0,0,0,0,0,0,0,0,0,0,0,0,0,0,0,0,0,0,0,0,0,0,0,0,0,0,0,0,0,0,0,0,0,0,0,0,0,0,0,0,0,0,0,0,0,0,0,0,0,0,0,0,98,2026-02-06 14:57:46.569089
WNTR,25.9,25.82,25.86,1400.0,770.0,1774900.0,5000.0,,765.0,1662400.0,7245.0,18755.0,5000.0,0,0,0,0,0,0,0,0,0,0,0,0,0,0,0,0,0,0,0,0,0,0,0,0,0,0,0,0,0,0,0,0,0,0,0,0,0,0,0,0,0,0,0,0,0,0,0,0,0,0,0,0,98,2026-02-06 14:57:46.569089
SPNG,25.82,25.83,25.88,5041.0,1615300.0,2800.0,5000.0,2162700.0,,,,,0,0,0,0,0,0,0,0,0,0,0,0,0,0,0,0,0,0,0,0,0,0,0,0,0,0,0,0,0,0,0,0,0,0,0,0,0,0,0,0,0,0,0,0,0,0,0,0,0,0,0,0,0,99,2026-02-06 14:57:47.648203
SMMR,24.87,24.86,24.87,634.0,1908000.0,,5000.0,1848300.0,4563.0,8843.0,1400.0,726.0,0,0,0,0,0,0,0,0,0,0,0,0,0,0,0,0,0,0,0,0,0,0,0,0,0,0,0,0,0,0,0,0,0,0,0,0,0,0,0,0,0,0,0,0,0,0,0,0,0,0,0,0,0,99,2026-02-06 14:57:47.648203
ATMN,26.72,26.54,26.71,11630.0,1204600.0,4200.0,5000.0,1345500.0,,200.0,2800.0,710.0,0,0,0,0,0,0,0,0,0,0,0,0,0,0,0,0,0,0,0,0,0,0,0,0,0,0,0,0,0,0,0,0,0,0,0,0,0,0,0,0,0,0,0,0,0,0,0,0,0,0,0,0,0,99,2026-02-06 14:57:47.648203
WNTR,25.75,25.73,25.75,,2002400.0,2800.0,,1771900.0,,18755.0,,765.0,0,0,0,0,0,0,0,0,0,0,0,0,0,0,0,0,0,0,0,0,0,0,0,0,0,0,0,0,0,0,0,0,0,0,0,0,0,0,0,0,0,0,0,0,0,0,0,0,0,0,0,0,0,99,2026-02-06 14:57:47.648203
SPNG,25.27,25.77,25.82,1400.0,2222800.0,2800.0,5000.0,1877600.0,549.0,,,,,0,0,0,0,0,0,0,0,0,0,0,0,0,0,0,0,0,0,0,0,0,0,0,0,0,0,0,0,0,0,0,0,0,0,0,0,0,0,0,0,0,0,0,0,0,0,0,0,0,0,0,0,100,2026-02-06 14:57:48.719451
SMMR,24.88,24.88,24.89,,1535600.0,1400.0,5000.0,1783400.0,740.0,19596.0,634.0,642.0,6404.0,0,0,0,0,0,0,0,0,0,0,0,0,0,0,0,0,0,0,0,0,0,0,0,0,0,0,0,0,0,0,0,0,0,0,0,0,0,0,0,0,0,0,0,0,0,0,0,0,0,0,0,0,100,2026-02-06 14:57:48.719451
ATMN,26.68,26.58,26.65,11200.0,829500.0,1400.0,5000.0,1782200.0,,7059.0,5000.0,603.0,,0,0,0,0,0,0,0,0,0,0,0,0,0,0,0,0,0,0,0,0,0,0,0,0,0,0,0,0,0,0,0,0,0,0,0,0,0,0,0,0,0,0,0,0,0,0,0,0,0,0,0,0,100,2026-02-06 14:57:48.719451
WNTR,25.82,25.83,25.85,4200.0,1757500.0,1400.0,,1763900.0,,,,654.0,18755.0,0,0,0,0,0,0,0,0,0,0,0,0,0,0,0,0,0,0,0,0,0,0,0,0,0,0,0,0,0,0,0,0,0,0,0,0,0,0,0,0,0,0,0,0,0,0,0,0,0,0,0,0,100,2026-02-06 14:57:48.719451
SPNG,25.77,25.72,25.77,5600.0,1857600.0,7000.0,100.0,5000.0,1398300.0,641.0,,,,0,0,0,0,0,0,0,0,0,0,0,0,0,0,0,0,0,0,0,0,0,0,0,0,0,0,0,0,0,0,0,0,0,0,0,0,0,0,0,0,0,0,0,0,0,0,0,0,0,0,0,0,101,2026-02-06 14:57:49.815777
SMMR,24.81,24.81,24.89,,2281600.0,,6404.0,5000.0,1880900.0,740.0,642.0,,,0,0,0,0,0,0,0,0,0,0,0,0,0,0,0,0,0,0,0,0,0,0,0,0,0,0,0,0,0,0,0,0,0,0,0,0,0,0,0,0,0,0,0,0,0,0,0,0,0,0,0,0,101,2026-02-06 14:57:49.815777
ATMN,26.65,26.61,26.65,14000.0,361400.0,1400.0,5294.0,5000.0,1533200.0,710.0,704.0,7155.0,12825.0,0,0,0,0,0,0,0,0,0,0,0,0,0,0,0,0,0,0,0,0,0,0,0,0,0,0,0,0,0,0,0,0,0,0,0,0,0,0,0,0,0,0,0,0,0,0,0,0,0,0,0,0,101,2026-02-06 14:57:49.815777
WNTR,25.82,25.82,25.85,,2093000.0,7000.0,19525.0,,1194700.0,765.0,770.0,,,0,0,0,0,0,0,0,0,0,0,0,0,0,0,0,0,0,0,0,0,0,0,0,0,0,0,0,0,0,0,0,0,0,0,0,0,0,0,0,0,0,0,0,0,0,0,0,0,0,0,0,0,101,2026-02-06 14:57:49.815777
SPNG,25.89,25.02,25.88,2800.0,5008.0,1742000.0,5000.0,1400.0,2077400.0,,,,0,0,0,0,0,0,0,0,0,0,0,0,0,0,0,0,0,0,0,0,0,0,0,0,0,0,0,0,0,0,0,0,0,0,0,0,0,0,0,0,0,0,0,0,0,0,0,0,0,0,0,0,0,102,2026-02-06 14:57:50.454880
SMMR,24.9,24.83,24.87,7000.0,5000.0,1571500.0,3308.0,1400.0,1878600.0,642.0,,,0,0,0,0,0,0,0,0,0,0,0,0,0,0,0,0,0,0,0,0,0,0,0,0,0,0,0,0,0,0,0,0,0,0,0,0,0,0,0,0,0,0,0,0,0,0,0,0,0,0,0,0,0,102,2026-02-06 14:57:50.454880
ATMN,26.69,26.62,26.69,8400.0,12825.0,558400.0,,,1975300.0,704.0,7355.0,,0,0,0,0,0,0,0,0,0,0,0,0,0,0,0,0,0,0,0,0,0,0,0,0,0,0,0,0,0,0,0,0,0,0,0,0,0,0,0,0,0,0,0,0,0,0,0,0,0,0,0,0,0,102,2026-02-06 14:57:50.454880
WNTR,25.87,25.82,25.87,,,2118800.0,,,1985800.0,770.0,,765.0,0,0,0,0,0,0,0,0,0,0,0,0,0,0,0,0,0,0,0,0,0,0,0,0,0,0,0,0,0,0,0,0,0,0,0,0,0,0,0,0,0,0,0,0,0,0,0,0,0,0,0,0,0,102,2026-02-06 14:57:50.454880
SPNG,25.83,25.83,25.87,658200.0,8400.0,5011.0,300.0,632.0,4200.0,100.0,1877600.0,,,0,0,0,0,0,0,0,0,0,0,0,0,0,0,0,0,0,0,0,0,0,0,0,0,0,0,0,0,0,0,0,0,0,0,0,0,0,0,0,0,0,0,0,0,0,0,0,0,0,0,0,0,103,2026-02-06 14:57:51.571216
SMMR,24.79,24.83,24.84,2279000.0,,,,740.0,1400.0,13600.0,1398500.0,726.0,3308.0,0,0,0,0,0,0,0,0,0,0,0,0,0,0,0,0,0,0,0,0,0,0,0,0,0,0,0,0,0,0,0,0,0,0,0,0,0,0,0,0,0,0,0,0,0,0,0,0,0,0,0,0,103,2026-02-06 14:57:51.571216
ATMN,26.69,26.64,26.68,446000.0,9800.0,14262.0,12773.0,710.0,,300.0,1432800.0,613.0,5000.0,0,0,0,0,0,0,0,0,0,0,0,0,0,0,0,0,0,0,0,0,0,0,0,0,0,0,0,0,0,0,0,0,0,0,0,0,0,0,0,0,0,0,0,0,0,0,0,0,0,0,0,0,103,2026-02-06 14:57:51.571216
WNTR,25.82,25.83,25.9,1332300.0,1400.0,5052.0,9525.0,770.0,1400.0,,2005600.0,,5000.0,0,0,0,0,0,0,0,0,0,0,0,0,0,0,0,0,0,0,0,0,0,0,0,0,0,0,0,0,0,0,0,0,0,0,0,0,0,0,0,0,0,0,0,0,0,0,0,0,0,0,0,0,103,2026-02-06 14:57:51.571216
SPNG,25.47,25.05,25.46,632.0,3908.0,1400.0,1860000.0,11200.0,679.0,949100.0,1318.0,,,0,0,0,0,0,0,0,0,0,0,0,0,0,0,0,0,0,0,0,0,0,0,0,0,0,0,0,0,0,0,0,0,0,0,0,0,0,0,0,0,0,0,0,0,0,0,0,0,0,0,0,0,104,2026-02-06 14:57:52.648019
SMMR,24.96,24.83,24.96,740.0,,,2258700.0,,,2301000.0,,,,0,0,0,0,0,0,0,0,0,0,0,0,0,0,0,0,0,0,0,0,0,0,0,0,0,0,0,0,0,0,0,0,0,0,0,0,0,0,0,0,0,0,0,0,0,0,0,0,0,0,0,0,104,2026-02-06 14:57:52.648019
ATMN,26.69,26.65,26.67,,14262.0,8400.0,616200.0,,613.0,1547100.0,200.0,13271.0,5000.0,0,0,0,0,0,0,0,0,0,0,0,0,0,0,0,0,0,0,0,0,0,0,0,0,0,0,0,0,0,0,0,0,0,0,0,0,0,0,0,0,0,0,0,0,0,0,0,0,0,0,0,0,104,2026-02-06 14:57:52.648019
WNTR,25.71,25.86,25.87,770.0,,1400.0,1985300.0,5600.0,646.0,1109600.0,10000.0,,8483.0,0,0,0,0,0,0,0,0,0,0,0,0,0,0,0,0,0,0,0,0,0,0,0,0,0,0,0,0,0,0,0,0,0,0,0,0,0,0,0,0,0,0,0,0,0,0,0,0,0,0,0,0,104,2026-02-06 14:57:52.648019
SPNG,25.78,25.14,25.34,1747800.0,1400.0,5000.0,885.0,679.0,633.0,2800.0,5000.0,1899600.0,,0,0,0,0,0,0,0,0,0,0,0,0,0,0,0,0,0,0,0,0,0,0,0,0,0,0,0,0,0,0,0,0,0,0,0,0,0,0,0,0,0,0,0,0,0,0,0,0,0,0,0,0,105,2026-02-06 14:57:53.748207
SMMR,24.74,24.74,24.87,2376800.0,,,,,728.0,5600.0,5994.0,1282800.0,,0,0,0,0,0,0,0,0,0,0,0,0,0,0,0,0,0,0,0,0,0,0,0,0,0,0,0,0,0,0,0,0,0,0,0,0,0,0,0,0,0,0,0,0,0,0,0,0,0,0,0,0,105,2026-02-06 14:57:53.748207
ATMN,26.67,26.6,26.67,1358700.0,1400.0,6483.0,,704.0,710.0,,,1780200.0,4653.0,0,0,0,0,0,0,0,0,0,0,0,0,0,0,0,0,0,0,0,0,0,0,0,0,0,0,0,0,0,0,0,0,0,0,0,0,0,0,0,0,0,0,0,0,0,0,0,0,0,0,0,0,105,2026-02-06 14:57:53.748207
WNTR,25.87,25.85,25.86,1618200.0,5600.0,,,770.0,765.0,8400.0,8483.0,884700.0,7708.0,0,0,0,0,0,0,0,0,0,0,0,0,0,0,0,0,0,0,0,0,0,0,0,0,0,0,0,0,0,0,0,0,0,0,0,0,0,0,0,0,0,0,0,0,0,0,0,0,0,0,0,0,105,2026-02-06 14:57:53.748207
SPNG,25.24,25.24,25.66,1750300.0,679.0,7954.0,1400.0,548.0,2090100.0,,,,,0,0,0,0,0,0,0,0,0,0,0,0,0,0,0,0,0,0,0,0,0,0,0,0,0,0,0,0,0,0,0,0,0,0,0,0,0,0,0,0,0,0,0,0,0,0,0,0,0,0,0,0,106,2026-02-06 14:57:54.824263
SMMR,24.75,24.77,24.8,1850500.0,640.0,5000.0,4200.0,740.0,933500.0,2800.0,14695.0,8594.0,,0,0,0,0,0,0,0,0,0,0,0,0,0,0,0,0,0,0,0,0,0,0,0,0,0,0,0,0,0,0,0,0,0,0,0,0,0,0,0,0,0,0,0,0,0,0,0,0,0,0,0,0,106,2026-02-06 14:57:54.824263
ATMN,26.78,26.62,26.78,1015700.0,710.0,6483.0,,613.0,1890600.0,7000.0,,,,0,0,0,0,0,0,0,0,0,0,0,0,0,0,0,0,0,0,0,0,0,0,0,0,0,0,0,0,0,0,0,0,0,0,0,0,0,0,0,0,0,0,0,0,0,0,0,0,0,0,0,0,106,2026-02-06 14:57:54.824263
WNTR,25.89,25.75,25.89,2007000.0,,,1400.0,765.0,1699900.0,1400.0,,2439.0,2000.0,0,0,0,0,0,0,0,0,0,0,0,0,0,0,0,0,0,0,0,0,0,0,0,0,0,0,0,0,0,0,0,0,0,0,0,0,0,0,0,0,0,0,0,0,0,0,0,0,0,0,0,0,106,2026-02-06 14:57:54.824263
SPNG,25.64,25.27,25.63,6974.0,5600.0,679.0,1276200.0,5000.0,5600.0,1784200.0,,,,0,0,0,0,0,0,0,0,0,0,0,0,0,0,0,0,0,0,0,0,0,0,0,0,0,0,0,0,0,0,0,0,0,0,0,0,0,0,0,0,0,0,0,0,0,0,0,0,0,0,0,0,107,2026-02-06 14:57:55.886718
SMMR,24.88,24.83,24.87,5000.0,5600.0,640.0,1647300.0,2054.0,4200.0,1421000.0,7837.0,,,0,0,0,0,0,0,0,0,0,0,0,0,0,0,0,0,0,0,0,0,0,0,0,0,0,0,0,0,0,0,0,0,0,0,0,0,0,0,0,0,0,0,0,0,0,0,0,0,0,0,0,0,107,2026-02-06 14:57:55.886718
ATMN,26.61,26.6,26.61,2964.0,2800.0,,1482100.0,,,1872100.0,,613.0,,0,0,0,0,0,0,0,0,0,0,0,0,0,0,0,0,0,0,0,0,0,0,0,0,0,0,0,0,0,0,0,0,0,0,0,0,0,0,0,0,0,0,0,0,0,0,0,0,0,0,0,0,107,2026-02-06 14:57:55.886718
WNTR,25.91,25.81,25.91,,1400.0,654.0,1724000.0,,,2256900.0,,,1830.0,0,0,0,0,0,0,0,0,0,0,0,0,0,0,0,0,0,0,0,0,0,0,0,0,0,0,0,0,0,0,0,0,0,0,0,0,0,0,0,0,0,0,0,0,0,0,0,0,0,0,0,0,107,2026-02-06 14:57:55.886718
SPNG,25.73,25.75,25.76,1037.0,955000.0,679.0,8400.0,7699.0,2223600.0,553.0,,0,0,0,0,0,0,0,0,0,0,0,0,0,0,0,0,0,0,0,0,0,0,0,0,0,0,0,0,0,0,0,0,0,0,0,0,0,0,0,0,0,0,0,0,0,0,0,0,0,0,0,0,0,0,108,2026-02-06 14:57:56.950298
SMMR,24.97,24.83,24.86,,1636700.0,640.0,1400.0,5984.0,2228200.0,740.0,,0,0,0,0,0,0,0,0,0,0,0,0,0,0,0,0,0,0,0,0,0,0,0,0,0,0,0,0,0,0,0,0,0,0,0,0,0,0,0,0,0,0,0,0,0,0,0,0,0,0,0,0,0,0,108,2026-02-06 14:57:56.950298
ATMN,26.57,26.58,26.81,,1573300.0,704.0,1400.0,741.0,1878400.0,,1400.0,0,0,0,0,0,0,0,0,0,0,0,0,0,0,0,0,0,0,0,0,0,0,0,0,0,0,0,0,0,0,0,0,0,0,0,0,0,0,0,0,0,0,0,0,0,0,0,0,0,0,0,0,0,0,108,2026-02-06 14:57:56.950298
WNTR,25.72,25.71,25.72,,2051900.0,654.0,,,1813800.0,,5600.0,0,0,0,0,0,0,0,0,0,0,0,0,0,0,0,0,0,0,0,0,0,0,0,0,0,0,0,0,0,0,0,0,0,0,0,0,0,0,0,0,0,0,0,0,0,0,0,0,0,0,0,0,0,0,108,2026-02-06 14:57:56.950298
SPNG,25.28,25.27,25.28,2800.0,2699.0,1759200.0,2132600.0,1400.0,553.0,,,0,0,0,0,0,0,0,0,0,0,0,0,0,0,0,0,0,0,0,0,0,0,0,0,0,0,0,0,0,0,0,0,0,0,0,0,0,0,0,0,0,0,0,0,0,0,0,0,0,0,0,0,0,0,109,2026-02-06 14:57:57.512940
SMMR,24.79,24.81,24.85,2800.0,984.0,1640600.0,1900400.0,4200.0,740.0,640.0,,0,0,0,0,0,0,0,0,0,0,0,0,0,0,0,0,0,0,0,0,0,0,0,0,0,0,0,0,0,0,0,0,0,0,0,0,0,0,0,0,0,0,0,0,0,0,0,0,0,0,0,0,0,0,109,2026-02-06 14:57:57.512940
ATMN,26.84,26.78,26.8,4200.0,6296.0,1131600.0,1583700.0,2800.0,613.0,710.0,5000.0,0,0,0,0,0,0,0,0,0,0,0,0,0,0,0,0,0,0,0,0,0,0,0,0,0,0,0,0,0,0,0,0,0,0,0,0,0,0,0,0,0,0,0,0,0,0,0,0,0,0,0,0,0,0,109,2026-02-06 14:57:57.512940
WNTR,25.72,25.71,25.72,,,2144800.0,1712200.0,5600.0,646.0,,,0,0,0,0,0,0,0,0,0,0,0,0,0,0,0,0,0,0,0,0,0,0,0,0,0,0,0,0,0,0,0,0,0,0,0,0,0,0,0,0,0,0,0,0,0,0,0,0,0,0,0,0,0,0,109,2026-02-06 14:57:57.512940
SPNG,25.55,25.58,25.75,1060800.0,679.0,8400.0,1037.0,2699.0,2800.0,2131400.0,,,0,0,0,0,0,0,0,0,0,0,0,0,0,0,0,0,0,0,0,0,0,0,0,0,0,0,0,0,0,0,0,0,0,0,0,0,0,0,0,0,0,0,0,0,0,0,0,0,0,0,0,0,0,110,2026-02-06 14:57:58.614207
SMMR,24.93,24.85,24.93,1542700.0,740.0,4200.0,4865.0,,,1922600.0,7516.0,,0,0,0,0,0,0,0,0,0,0,0,0,0,0,0,0,0,0,0,0,0,0,0,0,0,0,0,0,0,0,0,0,0,0,0,0,0,0,0,0,0,0,0,0,0,0,0,0,0,0,0,0,0,110,2026-02-06 14:57:58.614207
ATMN,26.52,26.75,26.78,1726100.0,,1400.0,261.0,,4200.0,1589800.0,,613.0,0,0,0,0,0,0,0,0,0,0,0,0,0,0,0,0,0,0,0,0,0,0,0,0,0,0,0,0,0,0,0,0,0,0,0,0,0,0,0,0,0,0,0,0,0,0,0,0,0,0,0,0,0,110,2026-02-06 14:57:58.614207
WNTR,25.88,25.71,25.88,1903000.0,770.0,1400.0,,,1400.0,2145700.0,,,0,0,0,0,0,0,0,0,0,0,0,0,0,0,0,0,0,0,0,0,0,0,0,0,0,0,0,0,0,0,0,0,0,0,0,0,0,0,0,0,0,0,0,0,0,0,0,0,0,0,0,0,0,110,2026-02-06 14:57:58.614207
SPNG,25.74,25.73,25.74,1359.0,679.0,14000.0,11199.0,336700.0,5000.0,2232700.0,,,0,0,0,0,0,0,0,0,0,0,0,0,0,0,0,0,0,0,0,0,0,0,0,0,0,0,0,0,0,0,0,0,0,0,0,0,0,0,0,0,0,0,0,0,0,0,0,0,0,0,0,0,0,111,2026-02-06 14:57:59.710491
SMMR,24.95,24.88,24.94,6865.0,740.0,8400.0,1739.0,741000.0,,2123900.0,2800.0,,0,0,0,0,0,0,0,0,0,0,0,0,0,0,0,0,0,0,0,0,0,0,0,0,0,0,0,0,0,0,0,0,0,0,0,0,0,0,0,0,0,0,0,0,0,0,0,0,0,0,0,0,0,111,2026-02-06 14:57:59.710491
ATMN,26.78,26.78,26.84,261.0,,4200.0,5000.0,1400500.0,5000.0,1791800.0,1400.0,,0,0,0,0,0,0,0,0,0,0,0,0,0,0,0,0,0,0,0,0,0,0,0,0,0,0,0,0,0,0,0,0,0,0,0,0,0,0,0,0,0,0,0,0,0,0,0,0,0,0,0,0,0,111,2026-02-06 14:57:59.710491
WNTR,25.69,25.69,25.8,,,,,2133400.0,5594.0,1240800.0,5600.0,648.0,0,0,0,0,0,0,0,0,0,0,0,0,0,0,0,0,0,0,0,0,0,0,0,0,0,0,0,0,0,0,0,0,0,0,0,0,0,0,0,0,0,0,0,0,0,0,0,0,0,0,0,0,0,111,2026-02-06 14:57:59.710491
SPNG,25.45,25.41,25.45,2206600.0,1037.0,2126500.0,5000.0,563.0,,,,0,0,0,0,0,0,0,0,0,0,0,0,0,0,0,0,0,0,0,0,0,0,0,0,0,0,0,0,0,0,0,0,0,0,0,0,0,0,0,0,0,0,0,0,0,0,0,0,0,0,0,0,0,0,112,2026-02-06 14:58:00.791764
SMMR,24.97,24.75,24.97,2227500.0,,2238000.0,,639.0,1400.0,,,0,0,0,0,0,0,0,0,0,0,0,0,0,0,0,0,0,0,0,0,0,0,0,0,0,0,0,0,0,0,0,0,0,0,0,0,0,0,0,0,0,0,0,0,0,0,0,0,0,0,0,0,0,0,112,2026-02-06 14:58:00.791764
ATMN,26.78,26.81,26.83,1297900.0,261.0,1142500.0,934.0,613.0,7000.0,710.0,5600.0,0,0,0,0,0,0,0,0,0,0,0,0,0,0,0,0,0,0,0,0,0,0,0,0,0,0,0,0,0,0,0,0,0,0,0,0,0,0,0,0,0,0,0,0,0,0,0,0,0,0,0,0,0,0,112,2026-02-06 14:58:00.791764
WNTR,25.69,25.69,25.76,2019700.0,,1094700.0,9094.0,770.0,,652.0,7000.0,0,0,0,0,0,0,0,0,0,0,0,0,0,0,0,0,0,0,0,0,0,0,0,0,0,0,0,0,0,0,0,0,0,0,0,0,0,0,0,0,0,0,0,0,0,0,0,0,0,0,0,0,0,0,112,2026-02-06 14:58:00.791764
SPNG,25.91,25.46,25.91,3916.0,5000.0,4200.0,1640700.0,679.0,2311200.0,,,,0,0,0,0,0,0,0,0,0,0,0,0,0,0,0,0,0,0,0,0,0,0,0,0,0,0,0,0,0,0,0,0,0,0,0,0,0,0,0,0,0,0,0,0,0,0,0,0,0,0,0,0,0,113,2026-02-06 14:58:01.876067
SMMR,24.97,24.78,24.81,,4021.0,5600.0,1431700.0,729.0,1971800.0,740.0,2800.0,,0,0,0,0,0,0,0,0,0,0,0,0,0,0,0,0,0,0,0,0,0,0,0,0,0,0,0,0,0,0,0,0,0,0,0,0,0,0,0,0,0,0,0,0,0,0,0,0,0,0,0,0,0,113,2026-02-06 14:58:01.876067
ATMN,26.84,26.85,26.87,913.0,,9800.0,1086300.0,710.0,1673600.0,613.0,,534.0,0,0,0,0,0,0,0,0,0,0,0,0,0,0,0,0,0,0,0,0,0,0,0,0,0,0,0,0,0,0,0,0,0,0,0,0,0,0,0,0,0,0,0,0,0,0,0,0,0,0,0,0,0,113,2026-02-06 14:58:01.876067
WNTR,25.76,25.77,25.8,,,4200.0,1716000.0,652.0,1813000.0,,2800.0,2340.0,0,0,0,0,0,0,0,0,0,0,0,0,0,0,0,0,0,0,0,0,0,0,0,0,0,0,0,0,0,0,0,0,0,0,0,0,0,0,0,0,0,0,0,0,0,0,0,0,0,0,0,0,0,113,2026-02-06 14:58:01.876067
SPNG,25.47,25.46,25.47,679.0,4200.0,1857100.0,2220800.0,5000.0,,,,,0,0,0,0,0,0,0,0,0,0,0,0,0,0,0,0,0,0,0,0,0,0,0,0,0,0,0,0,0,0,0,0,0,0,0,0,0,0,0,0,0,0,0,0,0,0,0,0,0,0,0,0,0,114,2026-02-06 14:58:02.961327
SMMR,24.98,24.83,24.85,729.0,9800.0,1059200.0,2212200.0,,4021.0,1400.0,,,0,0,0,0,0,0,0,0,0,0,0,0,0,0,0,0,0,0,0,0,0,0,0,0,0,0,0,0,0,0,0,0,0,0,0,0,0,0,0,0,0,0,0,0,0,0,0,0,0,0,0,0,0,114,2026-02-06 14:58:02.961327
ATMN,26.81,26.82,26.86,,1400.0,1706800.0,1561000.0,534.0,,1400.0,457.0,613.0,0,0,0,0,0,0,0,0,0,0,0,0,0,0,0,0,0,0,0,0,0,0,0,0,0,0,0,0,0,0,0,0,0,0,0,0,0,0,0,0,0,0,0,0,0,0,0,0,0,0,0,0,0,114,2026-02-06 14:58:02.961327
WNTR,25.78,25.77,25.78,,4200.0,1809000.0,1585900.0,2340.0,,4200.0,,648.0,0,0,0,0,0,0,0,0,0,0,0,0,0,0,0,0,0,0,0,0,0,0,0,0,0,0,0,0,0,0,0,0,0,0,0,0,0,0,0,0,0,0,0,0,0,0,0,0,0,0,0,0,0,114,2026-02-06 14:58:02.961327
SPNG,25.47,25.45,25.47,161.0,1400.0,1738100.0,679.0,2220800.0,489.0,,,,0,0,0,0,0,0,0,0,0,0,0,0,0,0,0,0,0,0,0,0,0,0,0,0,0,0,0,0,0,0,0,0,0,0,0,0,0,0,0,0,0,0,0,0,0,0,0,0,0,0,0,0,0,115,2026-02-06 14:58:03.520739
SMMR,24.81,24.83,24.85,4021.0,8400.0,1191500.0,740.0,2109100.0,639.0,1400.0,,,0,0,0,0,0,0,0,0,0,0,0,0,0,0,0,0,0,0,0,0,0,0,0,0,0,0,0,0,0,0,0,0,0,0,0,0,0,0,0,0,0,0,0,0,0,0,0,0,0,0,0,0,0,115,2026-02-06 14:58:03.520739
ATMN,26.81,26.83,26.85,,7000.0,1278000.0,704.0,1131100.0,710.0,7000.0,457.0,534.0,0,0,0,0,0,0,0,0,0,0,0,0,0,0,0,0,0,0,0,0,0,0,0,0,0,0,0,0,0,0,0,0,0,0,0,0,0,0,0,0,0,0,0,0,0,0,0,0,0,0,0,0,0,115,2026-02-06 14:58:03.520739
WNTR,25.76,25.76,25.78,,,2012300.0,770.0,1585900.0,766.0,4200.0,,2340.0,0,0,0,0,0,0,0,0,0,0,0,0,0,0,0,0,0,0,0,0,0,0,0,0,0,0,0,0,0,0,0,0,0,0,0,0,0,0,0,0,0,0,0,0,0,0,0,0,0,0,0,0,0,115,2026-02-06 14:58:03.520739
SPNG,25.52,25.67,25.81,1280500.0,5600.0,679.0,1631.0,161.0,4200.0,422.0,1861200.0,,0,0,0,0,0,0,0,0,0,0,0,0,0,0,0,0,0,0,0,0,0,0,0,0,0,0,0,0,0,0,0,0,0,0,0,0,0,0,0,0,0,0,0,0,0,0,0,0,0,0,0,0,0,116,2026-02-06 14:58:04.609066
SMMR,24.74,24.74,24.98,2310600.0,,,,,,544.0,2212200.0,,0,0,0,0,0,0,0,0,0,0,0,0,0,0,0,0,0,0,0,0,0,0,0,0,0,0,0,0,0,0,0,0,0,0,0,0,0,0,0,0,0,0,0,0,0,0,0,0,0,0,0,0,0,116,2026-02-06 14:58:04.609066
ATMN,26.85,26.84,26.85,1632700.0,1400.0,710.0,,5000.0,2800.0,613.0,1370000.0,466.0,0,0,0,0,0,0,0,0,0,0,0,0,0,0,0,0,0,0,0,0,0,0,0,0,0,0,0,0,0,0,0,0,0,0,0,0,0,0,0,0,0,0,0,0,0,0,0,0,0,0,0,0,0,116,2026-02-06 14:58:04.609066
WNTR,25.69,25.69,25.74,2047300.0,,770.0,,,2800.0,766.0,1700600.0,2340.0,0,0,0,0,0,0,0,0,0,0,0,0,0,0,0,0,0,0,0,0,0,0,0,0,0,0,0,0,0,0,0,0,0,0,0,0,0,0,0,0,0,0,0,0,0,0,0,0,0,0,0,0,0,116,2026-02-06 14:58:04.609066
SPNG,25.8,25.7,25.78,9800.0,5000.0,679.0,1280500.0,8400.0,6400.0,1177400.0,,0,0,0,0,0,0,0,0,0,0,0,0,0,0,0,0,0,0,0,0,0,0,0,0,0,0,0,0,0,0,0,0,0,0,0,0,0,0,0,0,0,0,0,0,0,0,0,0,0,0,0,0,0,0,117,2026-02-06 14:58:05.682399
SMMR,24.8,24.75,24.79,4200.0,,,1996900.0,2800.0,,1939500.0,654.0,0,0,0,0,0,0,0,0,0,0,0,0,0,0,0,0,0,0,0,0,0,0,0,0,0,0,0,0,0,0,0,0,0,0,0,0,0,0,0,0,0,0,0,0,0,0,0,0,0,0,0,0,0,0,117,2026-02-06 14:58:05.682399
ATMN,26.84,26.86,26.98,2800.0,3360.0,705.0,1368400.0,,,1968500.0,,0,0,0,0,0,0,0,0,0,0,0,0,0,0,0,0,0,0,0,0,0,0,0,0,0,0,0,0,0,0,0,0,0,0,0,0,0,0,0,0,0,0,0,0,0,0,0,0,0,0,0,0,0,0,117,2026-02-06 14:58:05.682399
WNTR,25.81,25.71,25.79,4200.0,5000.0,770.0,1590600.0,2800.0,7866.0,1458500.0,766.0,0,0,0,0,0,0,0,0,0,0,0,0,0,0,0,0,0,0,0,0,0,0,0,0,0,0,0,0,0,0,0,0,0,0,0,0,0,0,0,0,0,0,0,0,0,0,0,0,0,0,0,0,0,0,117,2026-02-06 14:58:05.682399
SPNG,25.45,25.42,25.45,2344800.0,1184300.0,8400.0,6400.0,,,,,0,0,0,0,0,0,0,0,0,0,0,0,0,0,0,0,0,0,0,0,0,0,0,0,0,0,0,0,0,0,0,0,0,0,0,0,0,0,0,0,0,0,0,0,0,0,0,0,0,0,0,0,0,0,118,2026-02-06 14:58:06.756955
SMMR,24.87,24.81,24.85,1410000.0,1863600.0,4200.0,5000.0,5000.0,8400.0,714.0,,0,0,0,0,0,0,0,0,0,0,0,0,0,0,0,0,0,0,0,0,0,0,0,0,0,0,0,0,0,0,0,0,0,0,0,0,0,0,0,0,0,0,0,0,0,0,0,0,0,0,0,0,0,0,118,2026-02-06 14:58:06.756955
ATMN,26.95,26.68,26.95,1939600.0,1566800.0,4200.0,,,,,612.0,0,0,0,0,0,0,0,0,0,0,0,0,0,0,0,0,0,0,0,0,0,0,0,0,0,0,0,0,0,0,0,0,0,0,0,0,0,0,0,0,0,0,0,0,0,0,0,0,0,0,0,0,0,0,118,2026-02-06 14:58:06.756955
WNTR,25.76,25.75,25.76,1506200.0,1327300.0,4200.0,7866.0,5000.0,5600.0,770.0,648.0,0,0,0,0,0,0,0,0,0,0,0,0,0,0,0,0,0,0,0,0,0,0,0,0,0,0,0,0,0,0,0,0,0,0,0,0,0,0,0,0,0,0,0,0,0,0,0,0,0,0,0,0,0,0,118,2026-02-06 14:58:06.756955
