ticker,last_price,bid_price,ask_price,BUY_ANON,SELL_ANON,BUY_LAVL-1,BUY_GIOT-3,SELL_WRSW-3,BUY_LUIS-1,SELL_UOTB-2,SELL_BRCH-3,BUY_BRCH-3,BUY_UEBR-1,SELL_BABS-4,SELL_LETH-1,BUY_UOTB-1,BUY_UOTB-2,SELL_LUIS-1,SELL_COLA-3,SELL_CNCD-1,BUY_CNCD-1,BUY_COLA-1,SELL_UOTB-3,SELL_NAIT-1,BUY_LETH-1,BUY_WRSW-2,SELL_WRSW-1,BUY_CNCD-5,SELL_COLB-2,SELL_COLA-1,BUY_NAIT-1,BUY_WRSW-1,SELL_BRCH-1,BUY_BRCH-2,SELL_UOTB-1,BUY_COLA-3,SELL_LAVL-1,BUY_WRSW-3,BUY_BRCH-1,SELL_UEBR-1,SELL_GIOT-3,BUY_UOTB-3,BUY_BABS-4,BUY_CAMN-1,SELL_CNCD-5,BUY_COLB-2,SELL_WRSW-2,SELL_CAMN-1,SELL_BRCH-2,tick,timestamp,news_news_id,news_period,news_tick,news_ticker,news_headline,news_body
SPNG,25.09,24.76,25.09,1785400.0,2071200.0,,0,0,0,0,0,0,0,0,0,0,0,0,0,0,0,0,0,0,0,0,0,0,0,0,0,0,0,0,0,0,0,0,0,0,0,0,0,0,0,0,0,0,0,1,2026-02-05 22:39:24.200553,2.0,1.0,1.0,,Aggregate Position Limit,Your CRO has set the aggregate position limit to 8000 shares for this week.
SMMR,25.03,24.86,25.03,1812200.0,2244000.0,,0,0,0,0,0,0,0,0,0,0,0,0,0,0,0,0,0,0,0,0,0,0,0,0,0,0,0,0,0,0,0,0,0,0,0,0,0,0,0,0,0,0,0,1,2026-02-05 22:39:24.200553,1.0,1.0,1.0,,Welcome to the RITC 2026 Alogithmic Market Making Case - practice server,
ATMN,0.0,24.72,25.05,2286800.0,2110400.0,,0,0,0,0,0,0,0,0,0,0,0,0,0,0,0,0,0,0,0,0,0,0,0,0,0,0,0,0,0,0,0,0,0,0,0,0,0,0,0,0,0,0,0,1,2026-02-05 22:39:24.200553,,,,,,
WNTR,24.89,24.91,25.09,1816700.0,2127600.0,6500.0,0,0,0,0,0,0,0,0,0,0,0,0,0,0,0,0,0,0,0,0,0,0,0,0,0,0,0,0,0,0,0,0,0,0,0,0,0,0,0,0,0,0,0,1,2026-02-05 22:39:24.200553,,,,,,
SPNG,25.19,24.76,24.91,1785400.0,2097700.0,,,,,0,0,0,0,0,0,0,0,0,0,0,0,0,0,0,0,0,0,0,0,0,0,0,0,0,0,0,0,0,0,0,0,0,0,0,0,0,0,0,0,2,2026-02-05 22:39:25.319764
SMMR,24.84,24.87,25.03,1798400.0,2104900.0,6500.0,5000.0,,,0,0,0,0,0,0,0,0,0,0,0,0,0,0,0,0,0,0,0,0,0,0,0,0,0,0,0,0,0,0,0,0,0,0,0,0,0,0,0,0,2,2026-02-05 22:39:25.319764
ATMN,25.07,24.72,25.07,2295600.0,1979800.0,,,,,0,0,0,0,0,0,0,0,0,0,0,0,0,0,0,0,0,0,0,0,0,0,0,0,0,0,0,0,0,0,0,0,0,0,0,0,0,0,0,0,2,2026-02-05 22:39:25.319764
WNTR,24.89,24.89,24.92,2086400.0,1938200.0,,5000.0,5000.0,6500.0,0,0,0,0,0,0,0,0,0,0,0,0,0,0,0,0,0,0,0,0,0,0,0,0,0,0,0,0,0,0,0,0,0,0,0,0,0,0,0,0,2,2026-02-05 22:39:25.319764
SPNG,24.91,25.09,25.18,1873200.0,5000.0,5000.0,1849600.0,5000.0,,,,0,0,0,0,0,0,0,0,0,0,0,0,0,0,0,0,0,0,0,0,0,0,0,0,0,0,0,0,0,0,0,0,0,0,0,0,0,0,3,2026-02-05 22:39:26.369417
SMMR,25.05,25.05,25.09,1915200.0,5000.0,,2083000.0,5000.0,5000.0,,,0,0,0,0,0,0,0,0,0,0,0,0,0,0,0,0,0,0,0,0,0,0,0,0,0,0,0,0,0,0,0,0,0,0,0,0,0,0,3,2026-02-05 22:39:26.369417
ATMN,25.06,25.06,25.07,1966400.0,5000.0,5000.0,2071800.0,5000.0,5000.0,10000.0,,0,0,0,0,0,0,0,0,0,0,0,0,0,0,0,0,0,0,0,0,0,0,0,0,0,0,0,0,0,0,0,0,0,0,0,0,0,0,3,2026-02-05 22:39:26.369417
WNTR,24.89,24.89,24.91,1934900.0,5000.0,,1940200.0,5000.0,5000.0,6500.0,10000.0,0,0,0,0,0,0,0,0,0,0,0,0,0,0,0,0,0,0,0,0,0,0,0,0,0,0,0,0,0,0,0,0,0,0,0,0,0,0,3,2026-02-05 22:39:26.369417
SPNG,24.92,24.82,24.92,5000.0,1785400.0,1666800.0,825.0,5000.0,100.0,5000.0,,,0,0,0,0,0,0,0,0,0,0,0,0,0,0,0,0,0,0,0,0,0,0,0,0,0,0,0,0,0,0,0,0,0,0,0,0,0,4,2026-02-05 22:39:26.980372
SMMR,24.84,24.96,25.08,5000.0,1912900.0,1871100.0,825.0,5000.0,,5000.0,,,0,0,0,0,0,0,0,0,0,0,0,0,0,0,0,0,0,0,0,0,0,0,0,0,0,0,0,0,0,0,0,0,0,0,0,0,0,4,2026-02-05 22:39:26.980372
ATMN,25.06,25.06,25.07,5000.0,1968400.0,1838600.0,,5000.0,6187.0,5900.0,10000.0,5000.0,0,0,0,0,0,0,0,0,0,0,0,0,0,0,0,0,0,0,0,0,0,0,0,0,0,0,0,0,0,0,0,0,0,0,0,0,0,4,2026-02-05 22:39:26.980372
WNTR,24.89,24.9,24.91,5000.0,1970300.0,1698000.0,,10000.0,10000.0,5000.0,6500.0,5000.0,0,0,0,0,0,0,0,0,0,0,0,0,0,0,0,0,0,0,0,0,0,0,0,0,0,0,0,0,0,0,0,0,0,0,0,0,0,4,2026-02-05 22:39:26.980372
SPNG,25.36,24.84,25.36,100.0,5000.0,5000.0,1785400.0,2056000.0,,,,0,0,0,0,0,0,0,0,0,0,0,0,0,0,0,0,0,0,0,0,0,0,0,0,0,0,0,0,0,0,0,0,0,0,0,0,0,0,5,2026-02-05 22:39:28.049139
SMMR,25.07,25.07,25.09,4883.0,5000.0,5000.0,1807800.0,1960900.0,5000.0,5000.0,,0,0,0,0,0,0,0,0,0,0,0,0,0,0,0,0,0,0,0,0,0,0,0,0,0,0,0,0,0,0,0,0,0,0,0,0,0,0,5,2026-02-05 22:39:28.049139
ATMN,25.05,25.04,25.05,,5000.0,5000.0,2070300.0,1594700.0,5900.0,10000.0,6500.0,0,0,0,0,0,0,0,0,0,0,0,0,0,0,0,0,0,0,0,0,0,0,0,0,0,0,0,0,0,0,0,0,0,0,0,0,0,0,5,2026-02-05 22:39:28.049139
WNTR,24.88,24.88,24.92,,5000.0,5000.0,2101800.0,1923000.0,5000.0,5000.0,,0,0,0,0,0,0,0,0,0,0,0,0,0,0,0,0,0,0,0,0,0,0,0,0,0,0,0,0,0,0,0,0,0,0,0,0,0,0,5,2026-02-05 22:39:28.049139
SPNG,25.31,24.82,25.31,5000.0,1785400.0,5000.0,1842800.0,5000.0,,,0,0,0,0,0,0,0,0,0,0,0,0,0,0,0,0,0,0,0,0,0,0,0,0,0,0,0,0,0,0,0,0,0,0,0,0,0,0,0,6,2026-02-05 22:39:29.115922
SMMR,25.09,25.07,25.09,5000.0,1912900.0,5000.0,1918900.0,5000.0,5000.0,,0,0,0,0,0,0,0,0,0,0,0,0,0,0,0,0,0,0,0,0,0,0,0,0,0,0,0,0,0,0,0,0,0,0,0,0,0,0,0,6,2026-02-05 22:39:29.115922
ATMN,25.05,25.03,25.07,5000.0,1952700.0,,2073600.0,5900.0,,1650.0,0,0,0,0,0,0,0,0,0,0,0,0,0,0,0,0,0,0,0,0,0,0,0,0,0,0,0,0,0,0,0,0,0,0,0,0,0,0,0,6,2026-02-05 22:39:29.115922
WNTR,24.96,24.97,24.98,5000.0,2070700.0,,2149000.0,,5000.0,,0,0,0,0,0,0,0,0,0,0,0,0,0,0,0,0,0,0,0,0,0,0,0,0,0,0,0,0,0,0,0,0,0,0,0,0,0,0,0,6,2026-02-05 22:39:29.115922
SPNG,24.9,24.9,24.93,825.0,100.0,5000.0,1663300.0,5000.0,825.0,5000.0,1722800.0,5000.0,,0,0,0,0,0,0,0,0,0,0,0,0,0,0,0,0,0,0,0,0,0,0,0,0,0,0,0,0,0,0,0,0,0,0,0,0,7,2026-02-05 22:39:30.191764
SMMR,25.04,25.04,25.07,,,,2027400.0,5000.0,,,1923400.0,5000.0,10000.0,0,0,0,0,0,0,0,0,0,0,0,0,0,0,0,0,0,0,0,0,0,0,0,0,0,0,0,0,0,0,0,0,0,0,0,0,7,2026-02-05 22:39:30.191764
ATMN,24.95,24.96,25.01,825.0,875.0,,2065300.0,,825.0,10000.0,1474700.0,5900.0,14750.0,0,0,0,0,0,0,0,0,0,0,0,0,0,0,0,0,0,0,0,0,0,0,0,0,0,0,0,0,0,0,0,0,0,0,0,0,7,2026-02-05 22:39:30.191764
WNTR,25.09,24.98,25.08,825.0,,10000.0,1736900.0,10000.0,825.0,,2029200.0,,,0,0,0,0,0,0,0,0,0,0,0,0,0,0,0,0,0,0,0,0,0,0,0,0,0,0,0,0,0,0,0,0,0,0,0,0,7,2026-02-05 22:39:30.191764
SPNG,24.87,24.89,24.92,5000.0,1846100.0,5000.0,5000.0,6942.0,1722800.0,5000.0,,,,0,0,0,0,0,0,0,0,0,0,0,0,0,0,0,0,0,0,0,0,0,0,0,0,0,0,0,0,0,0,0,0,0,0,0,0,8,2026-02-05 22:39:31.254937
SMMR,24.84,24.84,25.05,,2005300.0,5000.0,5000.0,20000.0,1716200.0,5000.0,,,,0,0,0,0,0,0,0,0,0,0,0,0,0,0,0,0,0,0,0,0,0,0,0,0,0,0,0,0,0,0,0,0,0,0,0,0,8,2026-02-05 22:39:31.254937
ATMN,24.87,25.02,25.08,,2029200.0,,,,1948200.0,9100.0,825.0,9445.0,825.0,0,0,0,0,0,0,0,0,0,0,0,0,0,0,0,0,0,0,0,0,0,0,0,0,0,0,0,0,0,0,0,0,0,0,0,0,8,2026-02-05 22:39:31.254937
WNTR,24.94,24.94,24.99,,2056300.0,10000.0,,5000.0,1919900.0,5000.0,,,,0,0,0,0,0,0,0,0,0,0,0,0,0,0,0,0,0,0,0,0,0,0,0,0,0,0,0,0,0,0,0,0,0,0,0,0,8,2026-02-05 22:39:31.254937
SPNG,25.07,25.08,25.19,5000.0,1783400.0,100.0,5000.0,1940100.0,5000.0,,,,,0,0,0,0,0,0,0,0,0,0,0,0,0,0,0,0,0,0,0,0,0,0,0,0,0,0,0,0,0,0,0,0,0,0,0,0,9,2026-02-05 22:39:32.324496
SMMR,25.11,25.06,25.11,5000.0,1802900.0,2912.0,5000.0,2205900.0,,,,,,0,0,0,0,0,0,0,0,0,0,0,0,0,0,0,0,0,0,0,0,0,0,0,0,0,0,0,0,0,0,0,0,0,0,0,0,9,2026-02-05 22:39:32.324496
ATMN,24.72,25.03,25.05,5000.0,1980700.0,,5000.0,1707500.0,9100.0,825.0,825.0,5000.0,9445.0,0,0,0,0,0,0,0,0,0,0,0,0,0,0,0,0,0,0,0,0,0,0,0,0,0,0,0,0,0,0,0,0,0,0,0,0,9,2026-02-05 22:39:32.324496
WNTR,24.84,24.84,24.99,,2215200.0,,5000.0,1572300.0,5000.0,,825.0,10000.0,5000.0,0,0,0,0,0,0,0,0,0,0,0,0,0,0,0,0,0,0,0,0,0,0,0,0,0,0,0,0,0,0,0,0,0,0,0,0,9,2026-02-05 22:39:32.324496
SPNG,24.76,24.76,25.16,2090100.0,5000.0,1740400.0,1981.0,5000.0,,,,0,0,0,0,0,0,0,0,0,0,0,0,0,0,0,0,0,0,0,0,0,0,0,0,0,0,0,0,0,0,0,0,0,0,0,0,0,0,10,2026-02-05 22:39:33.382862
SMMR,24.99,24.84,24.99,2020600.0,,1939200.0,7222.0,5000.0,5000.0,,,0,0,0,0,0,0,0,0,0,0,0,0,0,0,0,0,0,0,0,0,0,0,0,0,0,0,0,0,0,0,0,0,0,0,0,0,0,0,10,2026-02-05 22:39:33.382862
ATMN,25.01,24.98,25.01,2046000.0,5000.0,1825300.0,100.0,9100.0,5000.0,5000.0,,0,0,0,0,0,0,0,0,0,0,0,0,0,0,0,0,0,0,0,0,0,0,0,0,0,0,0,0,0,0,0,0,0,0,0,0,0,0,10,2026-02-05 22:39:33.382862
WNTR,24.85,24.86,24.91,1968200.0,10000.0,1572300.0,20000.0,5000.0,10000.0,,825.0,0,0,0,0,0,0,0,0,0,0,0,0,0,0,0,0,0,0,0,0,0,0,0,0,0,0,0,0,0,0,0,0,0,0,0,0,0,0,10,2026-02-05 22:39:33.382862
SPNG,25.19,24.84,24.88,1773800.0,1686.0,5000.0,5000.0,5000.0,7144.0,1557700.0,5000.0,,,0,0,0,0,0,0,0,0,0,0,0,0,0,0,0,0,0,0,0,0,0,0,0,0,0,0,0,0,0,0,0,0,0,0,0,0,11,2026-02-05 22:39:34.445645
SMMR,24.89,24.9,24.91,1575400.0,5470.0,5000.0,5000.0,5000.0,17322.0,1539900.0,5000.0,825.0,825.0,0,0,0,0,0,0,0,0,0,0,0,0,0,0,0,0,0,0,0,0,0,0,0,0,0,0,0,0,0,0,0,0,0,0,0,0,11,2026-02-05 22:39:34.445645
ATMN,24.98,24.98,25.0,1956900.0,427.0,5000.0,5000.0,5000.0,200.0,1538900.0,9100.0,,825.0,0,0,0,0,0,0,0,0,0,0,0,0,0,0,0,0,0,0,0,0,0,0,0,0,0,0,0,0,0,0,0,0,0,0,0,0,11,2026-02-05 22:39:34.445645
WNTR,24.95,24.98,25.09,2057500.0,,,10000.0,,,2029200.0,5000.0,,,0,0,0,0,0,0,0,0,0,0,0,0,0,0,0,0,0,0,0,0,0,0,0,0,0,0,0,0,0,0,0,0,0,0,0,0,11,2026-02-05 22:39:34.445645
SPNG,25.19,24.86,25.19,5000.0,1876800.0,5000.0,1940100.0,5000.0,,,,,,0,0,0,0,0,0,0,0,0,0,0,0,0,0,0,0,0,0,0,0,0,0,0,0,0,0,0,0,0,0,0,0,0,0,0,0,12,2026-02-05 22:39:35.498049
SMMR,24.97,24.98,25.11,5000.0,1683500.0,5000.0,2064300.0,5000.0,825.0,10000.0,,,,0,0,0,0,0,0,0,0,0,0,0,0,0,0,0,0,0,0,0,0,0,0,0,0,0,0,0,0,0,0,0,0,0,0,0,0,12,2026-02-05 22:39:35.498049
ATMN,24.98,24.98,25.0,5000.0,1956900.0,5000.0,1948300.0,9100.0,,4905.0,5000.0,,,0,0,0,0,0,0,0,0,0,0,0,0,0,0,0,0,0,0,0,0,0,0,0,0,0,0,0,0,0,0,0,0,0,0,0,0,12,2026-02-05 22:39:35.498049
WNTR,24.98,25.03,25.04,10000.0,1551000.0,10000.0,1663800.0,5000.0,825.0,10000.0,5000.0,825.0,3375.0,0,0,0,0,0,0,0,0,0,0,0,0,0,0,0,0,0,0,0,0,0,0,0,0,0,0,0,0,0,0,0,0,0,0,0,0,12,2026-02-05 22:39:35.498049
SPNG,25.19,24.88,25.08,825.0,10000.0,1000.0,5000.0,1560300.0,5000.0,1756600.0,1000.0,5000.0,5000.0,,,0,0,0,0,0,0,0,0,0,0,0,0,0,0,0,0,0,0,0,0,0,0,0,0,0,0,0,0,0,0,0,0,0,0,13,2026-02-05 22:39:36.073184
SMMR,25.0,24.99,25.0,,10000.0,1000.0,5000.0,1683500.0,5000.0,1717600.0,1000.0,5000.0,5000.0,825.0,,0,0,0,0,0,0,0,0,0,0,0,0,0,0,0,0,0,0,0,0,0,0,0,0,0,0,0,0,0,0,0,0,0,0,13,2026-02-05 22:39:36.073184
ATMN,25.09,24.99,25.0,825.0,4905.0,,5000.0,1835200.0,5000.0,1835100.0,,5000.0,9100.0,825.0,,0,0,0,0,0,0,0,0,0,0,0,0,0,0,0,0,0,0,0,0,0,0,0,0,0,0,0,0,0,0,0,0,0,0,13,2026-02-05 22:39:36.073184
WNTR,24.98,25.03,25.04,,10000.0,2000.0,5000.0,1517700.0,10000.0,1547500.0,2000.0,5000.0,5000.0,,3375.0,0,0,0,0,0,0,0,0,0,0,0,0,0,0,0,0,0,0,0,0,0,0,0,0,0,0,0,0,0,0,0,0,0,0,13,2026-02-05 22:39:36.073184
SPNG,25.12,25.12,25.19,1116600.0,825.0,10100.0,4000.0,5000.0,5000.0,1905000.0,5000.0,,,,0,0,0,0,0,0,0,0,0,0,0,0,0,0,0,0,0,0,0,0,0,0,0,0,0,0,0,0,0,0,0,0,0,0,0,14,2026-02-05 22:39:37.139280
SMMR,25.0,24.99,25.0,1616000.0,,10000.0,2000.0,5000.0,5000.0,1411100.0,5000.0,4000.0,5000.0,942.0,0,0,0,0,0,0,0,0,0,0,0,0,0,0,0,0,0,0,0,0,0,0,0,0,0,0,0,0,0,0,0,0,0,0,0,14,2026-02-05 22:39:37.139280
ATMN,25.09,24.96,25.09,1823900.0,,5842.0,,5000.0,5000.0,2067600.0,9100.0,,,,0,0,0,0,0,0,0,0,0,0,0,0,0,0,0,0,0,0,0,0,0,0,0,0,0,0,0,0,0,0,0,0,0,0,0,14,2026-02-05 22:39:37.139280
WNTR,25.08,25.08,25.14,1270600.0,,20000.0,3000.0,5000.0,10000.0,2028500.0,5000.0,,,,0,0,0,0,0,0,0,0,0,0,0,0,0,0,0,0,0,0,0,0,0,0,0,0,0,0,0,0,0,0,0,0,0,0,0,14,2026-02-05 22:39:37.139280
SPNG,25.24,25.24,25.26,825.0,892200.0,5000.0,5000.0,10200.0,5000.0,5000.0,825.0,1656100.0,1000.0,5000.0,,0,0,0,0,0,0,0,0,0,0,0,0,0,0,0,0,0,0,0,0,0,0,0,0,0,0,0,0,0,0,0,0,0,0,15,2026-02-05 22:39:38.195716
SMMR,25.09,25.09,25.11,,1732000.0,2000.0,,10000.0,5000.0,,,1949600.0,1000.0,5000.0,,0,0,0,0,0,0,0,0,0,0,0,0,0,0,0,0,0,0,0,0,0,0,0,0,0,0,0,0,0,0,0,0,0,0,15,2026-02-05 22:39:38.195716
ATMN,24.97,24.95,24.97,,1823900.0,,5000.0,5842.0,5000.0,5000.0,,1808200.0,,9100.0,945.0,0,0,0,0,0,0,0,0,0,0,0,0,0,0,0,0,0,0,0,0,0,0,0,0,0,0,0,0,0,0,0,0,0,0,15,2026-02-05 22:39:38.195716
WNTR,25.03,25.09,25.12,,1284500.0,3000.0,10000.0,10000.0,10000.0,5000.0,,1567600.0,2000.0,5000.0,872.0,0,0,0,0,0,0,0,0,0,0,0,0,0,0,0,0,0,0,0,0,0,0,0,0,0,0,0,0,0,0,0,0,0,0,15,2026-02-05 22:39:38.195716
SPNG,24.84,24.84,25.25,1982300.0,5000.0,5000.0,2000.0,825.0,741.0,1473400.0,5000.0,,,,,0,0,0,0,0,0,0,0,0,0,0,0,0,0,0,0,0,0,0,0,0,0,0,0,0,0,0,0,0,0,0,0,0,0,16,2026-02-05 22:39:39.248351
SMMR,25.11,25.09,25.11,1630800.0,5000.0,5000.0,2000.0,,3414.0,1646400.0,5000.0,3000.0,5000.0,,,0,0,0,0,0,0,0,0,0,0,0,0,0,0,0,0,0,0,0,0,0,0,0,0,0,0,0,0,0,0,0,0,0,0,16,2026-02-05 22:39:39.248351
ATMN,25.09,24.99,25.08,1819200.0,5000.0,,,825.0,,1912300.0,9100.0,,5000.0,825.0,100.0,0,0,0,0,0,0,0,0,0,0,0,0,0,0,0,0,0,0,0,0,0,0,0,0,0,0,0,0,0,0,0,0,0,0,16,2026-02-05 22:39:39.248351
WNTR,25.1,25.03,25.08,1644900.0,10000.0,5000.0,1000.0,,,1803300.0,5000.0,3000.0,,,,0,0,0,0,0,0,0,0,0,0,0,0,0,0,0,0,0,0,0,0,0,0,0,0,0,0,0,0,0,0,0,0,0,0,16,2026-02-05 22:39:39.248351
SPNG,24.95,24.94,24.95,825.0,10000.0,2000.0,1547600.0,5000.0,1557200.0,825.0,2000.0,384.0,5000.0,,0,0,0,0,0,0,0,0,0,0,0,0,0,0,0,0,0,0,0,0,0,0,0,0,0,0,0,0,0,0,0,0,0,0,0,17,2026-02-05 22:39:40.315156
SMMR,25.13,25.0,25.09,825.0,9254.0,1000.0,1718100.0,5000.0,1703300.0,,,12768.0,5000.0,,0,0,0,0,0,0,0,0,0,0,0,0,0,0,0,0,0,0,0,0,0,0,0,0,0,0,0,0,0,0,0,0,0,0,0,17,2026-02-05 22:39:40.315156
ATMN,25.13,24.81,25.13,825.0,,,2041100.0,5000.0,2025800.0,,,,9100.0,,0,0,0,0,0,0,0,0,0,0,0,0,0,0,0,0,0,0,0,0,0,0,0,0,0,0,0,0,0,0,0,0,0,0,0,17,2026-02-05 22:39:40.315156
WNTR,25.04,25.03,25.04,,9465.0,2000.0,1638400.0,10000.0,1343100.0,,3000.0,13796.0,5000.0,5000.0,0,0,0,0,0,0,0,0,0,0,0,0,0,0,0,0,0,0,0,0,0,0,0,0,0,0,0,0,0,0,0,0,0,0,0,17,2026-02-05 22:39:40.315156
SPNG,25.09,24.77,24.87,825.0,1801600.0,1000.0,5000.0,825.0,1542200.0,2000.0,5000.0,5000.0,,,,0,0,0,0,0,0,0,0,0,0,0,0,0,0,0,0,0,0,0,0,0,0,0,0,0,0,0,0,0,0,0,0,0,0,18,2026-02-05 22:39:41.360514
SMMR,25.13,25.04,25.08,825.0,1387500.0,3000.0,5000.0,825.0,1472900.0,2000.0,5000.0,5000.0,9354.0,5000.0,3878.0,0,0,0,0,0,0,0,0,0,0,0,0,0,0,0,0,0,0,0,0,0,0,0,0,0,0,0,0,0,0,0,0,0,0,18,2026-02-05 22:39:41.360514
ATMN,25.13,25.07,25.09,825.0,1800100.0,,5000.0,825.0,1690500.0,,10000.0,9100.0,,10000.0,,0,0,0,0,0,0,0,0,0,0,0,0,0,0,0,0,0,0,0,0,0,0,0,0,0,0,0,0,0,0,0,0,0,0,18,2026-02-05 22:39:41.360514
WNTR,25.02,25.02,25.04,,1765600.0,,10000.0,,1227200.0,5000.0,5000.0,5000.0,,10000.0,2629.0,0,0,0,0,0,0,0,0,0,0,0,0,0,0,0,0,0,0,0,0,0,0,0,0,0,0,0,0,0,0,0,0,0,0,18,2026-02-05 22:39:41.360514
SPNG,24.78,24.77,24.78,100.0,2000.0,1718900.0,5000.0,1859000.0,1000.0,5000.0,,,,,,0,0,0,0,0,0,0,0,0,0,0,0,0,0,0,0,0,0,0,0,0,0,0,0,0,0,0,0,0,0,0,0,0,0,19,2026-02-05 22:39:42.408847
SMMR,25.13,25.03,25.13,9138.0,4000.0,1523400.0,5000.0,2014900.0,,5000.0,,,,,,0,0,0,0,0,0,0,0,0,0,0,0,0,0,0,0,0,0,0,0,0,0,0,0,0,0,0,0,0,0,0,0,0,0,19,2026-02-05 22:39:42.408847
ATMN,24.78,25.05,25.08,,,2045700.0,5000.0,1679900.0,,9100.0,825.0,825.0,2247.0,5000.0,,0,0,0,0,0,0,0,0,0,0,0,0,0,0,0,0,0,0,0,0,0,0,0,0,0,0,0,0,0,0,0,0,0,0,19,2026-02-05 22:39:42.408847
WNTR,25.01,25.02,25.03,9346.0,2000.0,1509400.0,10000.0,1053400.0,5000.0,5000.0,,,11975.0,10000.0,5000.0,0,0,0,0,0,0,0,0,0,0,0,0,0,0,0,0,0,0,0,0,0,0,0,0,0,0,0,0,0,0,0,0,0,0,19,2026-02-05 22:39:42.408847
SPNG,25.0,25.0,25.34,1342700.0,4000.0,100.0,5000.0,5000.0,100.0,1000.0,1766500.0,5000.0,,,,0,0,0,0,0,0,0,0,0,0,0,0,0,0,0,0,0,0,0,0,0,0,0,0,0,0,0,0,0,0,0,0,0,0,20,2026-02-05 22:39:43.455339
SMMR,25.17,25.02,25.09,1654500.0,1000.0,9077.0,5000.0,5000.0,4538.0,1000.0,1571500.0,5000.0,825.0,5000.0,825.0,0,0,0,0,0,0,0,0,0,0,0,0,0,0,0,0,0,0,0,0,0,0,0,0,0,0,0,0,0,0,0,0,0,0,20,2026-02-05 22:39:43.455339
ATMN,25.07,25.07,25.08,1829200.0,,6667.0,,5000.0,12059.0,,1643400.0,9100.0,825.0,,,0,0,0,0,0,0,0,0,0,0,0,0,0,0,0,0,0,0,0,0,0,0,0,0,0,0,0,0,0,0,0,0,0,0,20,2026-02-05 22:39:43.455339
WNTR,24.98,24.98,25.04,1993600.0,,,,10000.0,7189.0,3000.0,1475600.0,5000.0,,,,0,0,0,0,0,0,0,0,0,0,0,0,0,0,0,0,0,0,0,0,0,0,0,0,0,0,0,0,0,0,0,0,0,0,20,2026-02-05 22:39:43.455339
SPNG,25.0,24.79,24.89,5000.0,3000.0,1604400.0,5000.0,5000.0,3000.0,1578200.0,5000.0,,,,,0,0,0,0,0,0,0,0,0,0,0,0,0,0,0,0,0,0,0,0,0,0,0,0,0,0,0,0,0,0,0,0,0,0,21,2026-02-05 22:39:44.516666
SMMR,25.11,25.11,25.17,5000.0,3000.0,1551600.0,5000.0,,2000.0,1820200.0,5000.0,8593.0,,,,0,0,0,0,0,0,0,0,0,0,0,0,0,0,0,0,0,0,0,0,0,0,0,0,0,0,0,0,0,0,0,0,0,0,21,2026-02-05 22:39:44.516666
ATMN,25.12,25.09,25.12,10000.0,,1829200.0,5000.0,,,1990600.0,9100.0,7500.0,,,,0,0,0,0,0,0,0,0,0,0,0,0,0,0,0,0,0,0,0,0,0,0,0,0,0,0,0,0,0,0,0,0,0,0,21,2026-02-05 22:39:44.516666
WNTR,24.89,24.87,24.88,,1000.0,1711400.0,10000.0,10000.0,4000.0,1155900.0,5000.0,819.0,825.0,10000.0,825.0,0,0,0,0,0,0,0,0,0,0,0,0,0,0,0,0,0,0,0,0,0,0,0,0,0,0,0,0,0,0,0,0,0,0,21,2026-02-05 22:39:44.516666
SPNG,24.91,25.26,25.34,1452800.0,825.0,5000.0,100.0,2000.0,5000.0,2000.0,1782700.0,5000.0,,,,0,0,0,0,0,0,0,0,0,0,0,0,0,0,0,0,0,0,0,0,0,0,0,0,0,0,0,0,0,0,0,0,0,0,22,2026-02-05 22:39:45.091179
SMMR,25.02,25.03,25.07,1662200.0,825.0,,,3000.0,5000.0,2000.0,1575900.0,5000.0,825.0,5000.0,,0,0,0,0,0,0,0,0,0,0,0,0,0,0,0,0,0,0,0,0,0,0,0,0,0,0,0,0,0,0,0,0,0,0,22,2026-02-05 22:39:45.091179
ATMN,25.04,24.78,24.92,2136400.0,,,,,5000.0,,1726200.0,9100.0,825.0,,671.0,0,0,0,0,0,0,0,0,0,0,0,0,0,0,0,0,0,0,0,0,0,0,0,0,0,0,0,0,0,0,0,0,0,0,22,2026-02-05 22:39:45.091179
WNTR,25.08,24.86,24.89,1584000.0,,5000.0,819.0,2000.0,10000.0,,1907500.0,5000.0,,5000.0,,0,0,0,0,0,0,0,0,0,0,0,0,0,0,0,0,0,0,0,0,0,0,0,0,0,0,0,0,0,0,0,0,0,0,22,2026-02-05 22:39:45.091179
SPNG,25.26,24.79,25.21,100.0,1000.0,1793900.0,5000.0,1349200.0,825.0,5000.0,100.0,3000.0,5000.0,,0,0,0,0,0,0,0,0,0,0,0,0,0,0,0,0,0,0,0,0,0,0,0,0,0,0,0,0,0,0,0,0,0,0,0,23,2026-02-05 22:39:46.245077
SMMR,25.04,25.0,25.04,8884.0,2000.0,1752000.0,5000.0,1703100.0,825.0,5000.0,,1000.0,5000.0,,0,0,0,0,0,0,0,0,0,0,0,0,0,0,0,0,0,0,0,0,0,0,0,0,0,0,0,0,0,0,0,0,0,0,0,23,2026-02-05 22:39:46.245077
ATMN,24.83,24.8,24.83,8747.0,,2045700.0,5000.0,1763100.0,825.0,,671.0,,9100.0,,0,0,0,0,0,0,0,0,0,0,0,0,0,0,0,0,0,0,0,0,0,0,0,0,0,0,0,0,0,0,0,0,0,0,0,23,2026-02-05 22:39:46.245077
WNTR,24.89,24.99,25.03,819.0,4000.0,1338900.0,10000.0,1696100.0,,5000.0,,2000.0,5000.0,5000.0,0,0,0,0,0,0,0,0,0,0,0,0,0,0,0,0,0,0,0,0,0,0,0,0,0,0,0,0,0,0,0,0,0,0,0,23,2026-02-05 22:39:46.245077
SPNG,25.11,24.8,25.11,825.0,1890200.0,5000.0,1588300.0,3000.0,5000.0,5000.0,,,,,,0,0,0,0,0,0,0,0,0,0,0,0,0,0,0,0,0,0,0,0,0,0,0,0,0,0,0,0,0,0,0,0,0,0,24,2026-02-05 22:39:47.299342
SMMR,25.21,25.14,25.2,825.0,1616300.0,5000.0,1951200.0,,,5000.0,3000.0,825.0,,,,0,0,0,0,0,0,0,0,0,0,0,0,0,0,0,0,0,0,0,0,0,0,0,0,0,0,0,0,0,0,0,0,0,0,24,2026-02-05 22:39:47.299342
ATMN,24.83,24.78,24.83,,2054500.0,5000.0,1763100.0,,10000.0,9100.0,,,5000.0,,,0,0,0,0,0,0,0,0,0,0,0,0,0,0,0,0,0,0,0,0,0,0,0,0,0,0,0,0,0,0,0,0,0,0,24,2026-02-05 22:39:47.299342
WNTR,24.99,24.99,25.01,,1451700.0,10000.0,1472900.0,3000.0,5000.0,5000.0,3000.0,,5000.0,913.0,10000.0,0,0,0,0,0,0,0,0,0,0,0,0,0,0,0,0,0,0,0,0,0,0,0,0,0,0,0,0,0,0,0,0,0,0,24,2026-02-05 22:39:47.299342
SPNG,25.34,24.84,25.03,825.0,5000.0,1460200.0,2000.0,684.0,5000.0,1650.0,100.0,2000.0,5000.0,1365200.0,5000.0,0,0,0,0,0,0,0,0,0,0,0,0,0,0,0,0,0,0,0,0,0,0,0,0,0,0,0,0,0,0,0,0,0,0,25,2026-02-05 22:39:48.344497
SMMR,25.14,25.09,25.11,825.0,5000.0,1347600.0,4000.0,17500.0,,825.0,,2000.0,5000.0,1613700.0,5000.0,0,0,0,0,0,0,0,0,0,0,0,0,0,0,0,0,0,0,0,0,0,0,0,0,0,0,0,0,0,0,0,0,0,0,25,2026-02-05 22:39:48.344497
ATMN,25.12,25.12,25.13,,,2178200.0,,,5000.0,,,,,1959100.0,9100.0,0,0,0,0,0,0,0,0,0,0,0,0,0,0,0,0,0,0,0,0,0,0,0,0,0,0,0,0,0,0,0,0,0,0,25,2026-02-05 22:39:48.344497
WNTR,25.04,25.0,25.02,,5000.0,1211200.0,4000.0,9860.0,10000.0,,8947.0,1000.0,5000.0,1696400.0,5000.0,0,0,0,0,0,0,0,0,0,0,0,0,0,0,0,0,0,0,0,0,0,0,0,0,0,0,0,0,0,0,0,0,0,0,25,2026-02-05 22:39:48.344497
SPNG,25.36,24.85,25.28,825.0,5000.0,4000.0,1144400.0,842.0,5000.0,825.0,1751200.0,5000.0,5000.0,,,0,0,0,0,0,0,0,0,0,0,0,0,0,0,0,0,0,0,0,0,0,0,0,0,0,0,0,0,0,0,0,0,0,0,26,2026-02-05 22:39:49.386463
SMMR,24.97,25.14,25.22,,,1000.0,1812200.0,8434.0,5000.0,825.0,1610200.0,5000.0,5000.0,1200.0,,0,0,0,0,0,0,0,0,0,0,0,0,0,0,0,0,0,0,0,0,0,0,0,0,0,0,0,0,0,0,0,0,0,0,26,2026-02-05 22:39:49.386463
ATMN,25.09,24.83,24.97,,,,2055800.0,9602.0,5000.0,,1874200.0,5000.0,9100.0,,,0,0,0,0,0,0,0,0,0,0,0,0,0,0,0,0,0,0,0,0,0,0,0,0,0,0,0,0,0,0,0,0,0,0,26,2026-02-05 22:39:49.386463
WNTR,24.86,24.86,24.97,,,1000.0,1856100.0,1009.0,10000.0,,1292000.0,10000.0,5000.0,3000.0,18166.0,0,0,0,0,0,0,0,0,0,0,0,0,0,0,0,0,0,0,0,0,0,0,0,0,0,0,0,0,0,0,0,0,0,0,26,2026-02-05 22:39:49.386463
SPNG,24.93,24.93,25.24,1681800.0,3000.0,5000.0,825.0,5000.0,1745500.0,5000.0,,,,,0,0,0,0,0,0,0,0,0,0,0,0,0,0,0,0,0,0,0,0,0,0,0,0,0,0,0,0,0,0,0,0,0,0,0,27,2026-02-05 22:39:50.441079
SMMR,25.28,25.22,25.25,1384800.0,3000.0,10000.0,825.0,5000.0,1753100.0,5000.0,825.0,5000.0,1000.0,,0,0,0,0,0,0,0,0,0,0,0,0,0,0,0,0,0,0,0,0,0,0,0,0,0,0,0,0,0,0,0,0,0,0,0,27,2026-02-05 22:39:50.441079
ATMN,24.83,24.81,24.83,2063200.0,,5000.0,,,1948900.0,9100.0,,5000.0,,,0,0,0,0,0,0,0,0,0,0,0,0,0,0,0,0,0,0,0,0,0,0,0,0,0,0,0,0,0,0,0,0,0,0,0,27,2026-02-05 22:39:50.441079
WNTR,25.07,24.94,25.07,1748700.0,1000.0,10000.0,,,1944200.0,5000.0,825.0,,1000.0,9982.0,0,0,0,0,0,0,0,0,0,0,0,0,0,0,0,0,0,0,0,0,0,0,0,0,0,0,0,0,0,0,0,0,0,0,0,27,2026-02-05 22:39:50.441079
SPNG,24.84,24.83,24.84,825.0,1787000.0,5000.0,5000.0,1660100.0,5000.0,825.0,6358.0,5000.0,,,0,0,0,0,0,0,0,0,0,0,0,0,0,0,0,0,0,0,0,0,0,0,0,0,0,0,0,0,0,0,0,0,0,0,0,28,2026-02-05 22:39:51.508588
SMMR,25.25,25.0,25.05,825.0,1720800.0,5000.0,5000.0,1646000.0,5000.0,825.0,2132.0,5000.0,8529.0,1000.0,0,0,0,0,0,0,0,0,0,0,0,0,0,0,0,0,0,0,0,0,0,0,0,0,0,0,0,0,0,0,0,0,0,0,0,28,2026-02-05 22:39:51.508588
ATMN,25.17,24.82,24.99,825.0,1819300.0,5000.0,5000.0,2109800.0,5000.0,,,,8408.0,,0,0,0,0,0,0,0,0,0,0,0,0,0,0,0,0,0,0,0,0,0,0,0,0,0,0,0,0,0,0,0,0,0,0,0,28,2026-02-05 22:39:51.508588
WNTR,24.87,24.85,24.87,,1986000.0,,10000.0,1508600.0,10000.0,,14061.0,5000.0,8724.0,1000.0,0,0,0,0,0,0,0,0,0,0,0,0,0,0,0,0,0,0,0,0,0,0,0,0,0,0,0,0,0,0,0,0,0,0,0,28,2026-02-05 22:39:51.508588
SPNG,25.39,24.82,24.86,1791800.0,5000.0,100.0,5000.0,5000.0,1866800.0,5000.0,,,,0,0,0,0,0,0,0,0,0,0,0,0,0,0,0,0,0,0,0,0,0,0,0,0,0,0,0,0,0,0,0,0,0,0,0,0,29,2026-02-05 22:39:52.552449
SMMR,25.28,25.05,25.28,1851100.0,,8529.0,5000.0,,2130100.0,5000.0,825.0,,,0,0,0,0,0,0,0,0,0,0,0,0,0,0,0,0,0,0,0,0,0,0,0,0,0,0,0,0,0,0,0,0,0,0,0,0,29,2026-02-05 22:39:52.552449
ATMN,25.17,24.87,24.88,1743900.0,10000.0,18408.0,5000.0,10000.0,1763300.0,5000.0,,903.0,,0,0,0,0,0,0,0,0,0,0,0,0,0,0,0,0,0,0,0,0,0,0,0,0,0,0,0,0,0,0,0,0,0,0,0,0,29,2026-02-05 22:39:52.552449
WNTR,24.87,24.87,25.06,1735200.0,5000.0,18724.0,10000.0,,1854700.0,5000.0,,5337.0,1000.0,0,0,0,0,0,0,0,0,0,0,0,0,0,0,0,0,0,0,0,0,0,0,0,0,0,0,0,0,0,0,0,0,0,0,0,0,29,2026-02-05 22:39:52.552449
SPNG,24.82,24.82,24.99,1899900.0,100.0,5000.0,1754200.0,825.0,5000.0,5000.0,,,,0,0,0,0,0,0,0,0,0,0,0,0,0,0,0,0,0,0,0,0,0,0,0,0,0,0,0,0,0,0,0,0,0,0,0,0,30,2026-02-05 22:39:53.106949
SMMR,24.89,25.11,25.27,1929600.0,,5000.0,1999800.0,825.0,,5000.0,5000.0,,,0,0,0,0,0,0,0,0,0,0,0,0,0,0,0,0,0,0,0,0,0,0,0,0,0,0,0,0,0,0,0,0,0,0,0,0,30,2026-02-05 22:39:53.106949
ATMN,25.04,25.09,25.12,2182200.0,,5000.0,1998300.0,,5000.0,5000.0,,,,0,0,0,0,0,0,0,0,0,0,0,0,0,0,0,0,0,0,0,0,0,0,0,0,0,0,0,0,0,0,0,0,0,0,0,0,30,2026-02-05 22:39:53.106949
WNTR,24.85,24.91,25.05,1745800.0,8724.0,10000.0,1622900.0,825.0,5000.0,5000.0,10000.0,1000.0,5337.0,0,0,0,0,0,0,0,0,0,0,0,0,0,0,0,0,0,0,0,0,0,0,0,0,0,0,0,0,0,0,0,0,0,0,0,0,30,2026-02-05 22:39:53.106949
SPNG,24.98,24.84,24.98,825.0,5000.0,1804500.0,5000.0,1753900.0,825.0,5000.0,5000.0,,,,0,0,0,0,0,0,0,0,0,0,0,0,0,0,0,0,0,0,0,0,0,0,0,0,0,0,0,0,0,0,0,0,0,0,0,31,2026-02-05 22:39:54.178186
SMMR,25.28,25.29,25.3,,5000.0,1813300.0,5000.0,2127900.0,,,5000.0,566.0,,,0,0,0,0,0,0,0,0,0,0,0,0,0,0,0,0,0,0,0,0,0,0,0,0,0,0,0,0,0,0,0,0,0,0,0,31,2026-02-05 22:39:54.178186
ATMN,24.68,24.68,25.06,,,2185200.0,5000.0,1898300.0,,5000.0,5000.0,,10000.0,,0,0,0,0,0,0,0,0,0,0,0,0,0,0,0,0,0,0,0,0,0,0,0,0,0,0,0,0,0,0,0,0,0,0,0,31,2026-02-05 22:39:54.178186
WNTR,24.85,24.88,24.96,,5000.0,1959300.0,10000.0,1803500.0,,5000.0,5000.0,,,1000.0,0,0,0,0,0,0,0,0,0,0,0,0,0,0,0,0,0,0,0,0,0,0,0,0,0,0,0,0,0,0,0,0,0,0,0,31,2026-02-05 22:39:54.178186
SPNG,24.98,24.89,24.96,1713200.0,1650.0,100.0,5000.0,1650.0,1980.0,1657000.0,5000.0,,,,0,0,0,0,0,0,0,0,0,0,0,0,0,0,0,0,0,0,0,0,0,0,0,0,0,0,0,0,0,0,0,0,0,0,0,32,2026-02-05 22:39:55.224483
SMMR,24.96,24.96,25.04,2030600.0,,,5000.0,825.0,8298.0,1742700.0,5000.0,5000.0,,,0,0,0,0,0,0,0,0,0,0,0,0,0,0,0,0,0,0,0,0,0,0,0,0,0,0,0,0,0,0,0,0,0,0,0,32,2026-02-05 22:39:55.224483
ATMN,24.79,24.78,24.79,1944100.0,,964.0,5000.0,825.0,20000.0,1578100.0,10000.0,5000.0,5000.0,,0,0,0,0,0,0,0,0,0,0,0,0,0,0,0,0,0,0,0,0,0,0,0,0,0,0,0,0,0,0,0,0,0,0,0,32,2026-02-05 22:39:55.224483
WNTR,24.95,24.84,24.95,2076000.0,,,10000.0,,,1709900.0,5000.0,10000.0,,1000.0,0,0,0,0,0,0,0,0,0,0,0,0,0,0,0,0,0,0,0,0,0,0,0,0,0,0,0,0,0,0,0,0,0,0,0,32,2026-02-05 22:39:55.224483
SPNG,25.21,25.04,25.13,5000.0,3328.0,1688600.0,5000.0,1752900.0,825.0,5000.0,5000.0,,,,0,0,0,0,0,0,0,0,0,0,0,0,0,0,0,0,0,0,0,0,0,0,0,0,0,0,0,0,0,0,0,0,0,0,0,33,2026-02-05 22:39:56.286766
SMMR,25.07,25.07,25.1,5000.0,802.0,1813300.0,5000.0,1872800.0,,,5000.0,18298.0,,,0,0,0,0,0,0,0,0,0,0,0,0,0,0,0,0,0,0,0,0,0,0,0,0,0,0,0,0,0,0,0,0,0,0,0,33,2026-02-05 22:39:56.286766
ATMN,25.06,24.8,24.9,5000.0,1449.0,1689800.0,5000.0,1689000.0,825.0,5000.0,5000.0,11621.0,825.0,,0,0,0,0,0,0,0,0,0,0,0,0,0,0,0,0,0,0,0,0,0,0,0,0,0,0,0,0,0,0,0,0,0,0,0,33,2026-02-05 22:39:56.286766
WNTR,24.96,24.9,24.96,,,2052300.0,10000.0,1925700.0,,,5000.0,,,1000.0,0,0,0,0,0,0,0,0,0,0,0,0,0,0,0,0,0,0,0,0,0,0,0,0,0,0,0,0,0,0,0,0,0,0,0,33,2026-02-05 22:39:56.286766
SPNG,24.81,24.81,25.38,1998200.0,5000.0,825.0,1866800.0,5000.0,,,,,,0,0,0,0,0,0,0,0,0,0,0,0,0,0,0,0,0,0,0,0,0,0,0,0,0,0,0,0,0,0,0,0,0,0,0,0,34,2026-02-05 22:39:57.365853
SMMR,25.36,25.27,25.36,1812900.0,10000.0,,2110900.0,5000.0,5000.0,,,,,0,0,0,0,0,0,0,0,0,0,0,0,0,0,0,0,0,0,0,0,0,0,0,0,0,0,0,0,0,0,0,0,0,0,0,0,34,2026-02-05 22:39:57.365853
ATMN,24.98,24.98,25.0,1996800.0,5000.0,825.0,1900800.0,5000.0,,7952.0,5000.0,,,0,0,0,0,0,0,0,0,0,0,0,0,0,0,0,0,0,0,0,0,0,0,0,0,0,0,0,0,0,0,0,0,0,0,0,0,34,2026-02-05 22:39:57.365853
WNTR,24.81,24.81,24.83,1951100.0,5000.0,,1719000.0,5000.0,10000.0,,5000.0,5000.0,1000.0,0,0,0,0,0,0,0,0,0,0,0,0,0,0,0,0,0,0,0,0,0,0,0,0,0,0,0,0,0,0,0,0,0,0,0,0,34,2026-02-05 22:39:57.365853
SPNG,25.31,24.85,25.26,3748.0,825.0,5000.0,1674400.0,5000.0,825.0,1644100.0,5000.0,9498.0,5000.0,,0,0,0,0,0,0,0,0,0,0,0,0,0,0,0,0,0,0,0,0,0,0,0,0,0,0,0,0,0,0,0,0,0,0,0,35,2026-02-05 22:39:58.469740
SMMR,25.21,25.04,25.16,791.0,,5000.0,1718900.0,5000.0,825.0,1587400.0,5000.0,12500.0,5000.0,,0,0,0,0,0,0,0,0,0,0,0,0,0,0,0,0,0,0,0,0,0,0,0,0,0,0,0,0,0,0,0,0,0,0,0,35,2026-02-05 22:39:58.469740
ATMN,24.98,24.98,24.99,783.0,825.0,,1907200.0,5000.0,825.0,1900800.0,,9724.0,5000.0,,0,0,0,0,0,0,0,0,0,0,0,0,0,0,0,0,0,0,0,0,0,0,0,0,0,0,0,0,0,0,0,0,0,0,0,35,2026-02-05 22:39:58.469740
WNTR,24.8,24.81,24.83,5220.0,,,1860500.0,10000.0,,1739200.0,5000.0,13854.0,,1000.0,0,0,0,0,0,0,0,0,0,0,0,0,0,0,0,0,0,0,0,0,0,0,0,0,0,0,0,0,0,0,0,0,0,0,0,35,2026-02-05 22:39:58.469740
SPNG,25.27,25.05,25.26,1880900.0,5000.0,5000.0,5000.0,1859000.0,5000.0,,,,,0,0,0,0,0,0,0,0,0,0,0,0,0,0,0,0,0,0,0,0,0,0,0,0,0,0,0,0,0,0,0,0,0,0,0,0,36,2026-02-05 22:39:59.526500
SMMR,25.23,25.12,25.23,1825300.0,5000.0,5000.0,,2045200.0,5000.0,7885.0,,,,0,0,0,0,0,0,0,0,0,0,0,0,0,0,0,0,0,0,0,0,0,0,0,0,0,0,0,0,0,0,0,0,0,0,0,0,36,2026-02-05 22:39:59.526500
ATMN,24.99,24.99,25.05,1811000.0,5000.0,5000.0,,1996700.0,5000.0,7706.0,825.0,100.0,,0,0,0,0,0,0,0,0,0,0,0,0,0,0,0,0,0,0,0,0,0,0,0,0,0,0,0,0,0,0,0,0,0,0,0,0,36,2026-02-05 22:39:59.526500
WNTR,24.79,24.79,24.83,2193800.0,,5000.0,5000.0,1929700.0,,,,,1000.0,0,0,0,0,0,0,0,0,0,0,0,0,0,0,0,0,0,0,0,0,0,0,0,0,0,0,0,0,0,0,0,0,0,0,0,0,36,2026-02-05 22:39:59.526500
SPNG,24.81,24.81,25.08,1998200.0,5000.0,1845000.0,100.0,5000.0,,,,,,,0,0,0,0,0,0,0,0,0,0,0,0,0,0,0,0,0,0,0,0,0,0,0,0,0,0,0,0,0,0,0,0,0,0,0,37,2026-02-05 22:40:00.587110
SMMR,25.23,25.14,25.16,1628400.0,5000.0,1805400.0,7799.0,5000.0,13690.0,825.0,5000.0,5000.0,,,0,0,0,0,0,0,0,0,0,0,0,0,0,0,0,0,0,0,0,0,0,0,0,0,0,0,0,0,0,0,0,0,0,0,0,37,2026-02-05 22:40:00.587110
ATMN,24.99,24.8,24.98,2039700.0,5000.0,1667200.0,9053.0,5000.0,100.0,,,5000.0,825.0,,0,0,0,0,0,0,0,0,0,0,0,0,0,0,0,0,0,0,0,0,0,0,0,0,0,0,0,0,0,0,0,0,0,0,0,37,2026-02-05 22:40:00.587110
WNTR,24.87,24.78,24.87,1839200.0,5000.0,2034200.0,,,305.0,,10000.0,,,1000.0,0,0,0,0,0,0,0,0,0,0,0,0,0,0,0,0,0,0,0,0,0,0,0,0,0,0,0,0,0,0,0,0,0,0,0,37,2026-02-05 22:40:00.587110
SPNG,24.75,24.76,25.07,825.0,1909800.0,5000.0,825.0,1534200.0,7544.0,5000.0,5000.0,,,,0,0,0,0,0,0,0,0,0,0,0,0,0,0,0,0,0,0,0,0,0,0,0,0,0,0,0,0,0,0,0,0,0,0,0,38,2026-02-05 22:40:01.145749
SMMR,25.23,25.14,25.16,,1718800.0,5000.0,,1811300.0,7799.0,5000.0,5000.0,13690.0,5000.0,,0,0,0,0,0,0,0,0,0,0,0,0,0,0,0,0,0,0,0,0,0,0,0,0,0,0,0,0,0,0,0,0,0,0,0,38,2026-02-05 22:40:01.145749
ATMN,24.78,24.78,24.97,,2040300.0,5000.0,825.0,1667200.0,9053.0,5000.0,5000.0,100.0,,,0,0,0,0,0,0,0,0,0,0,0,0,0,0,0,0,0,0,0,0,0,0,0,0,0,0,0,0,0,0,0,0,0,0,0,38,2026-02-05 22:40:01.145749
WNTR,24.74,24.77,24.86,,2211300.0,,825.0,1928600.0,,,,,5000.0,1000.0,0,0,0,0,0,0,0,0,0,0,0,0,0,0,0,0,0,0,0,0,0,0,0,0,0,0,0,0,0,0,0,0,0,0,0,38,2026-02-05 22:40:01.145749
SPNG,24.75,24.75,25.04,2017900.0,5000.0,825.0,7644.0,1565800.0,5000.0,,,,,0,0,0,0,0,0,0,0,0,0,0,0,0,0,0,0,0,0,0,0,0,0,0,0,0,0,0,0,0,0,0,0,0,0,0,0,39,2026-02-05 22:40:02.229684
SMMR,25.23,25.14,25.15,1609400.0,5000.0,,10375.0,1691100.0,5000.0,15625.0,5000.0,5000.0,,0,0,0,0,0,0,0,0,0,0,0,0,0,0,0,0,0,0,0,0,0,0,0,0,0,0,0,0,0,0,0,0,0,0,0,0,39,2026-02-05 22:40:02.229684
ATMN,24.78,24.81,24.9,1791900.0,5000.0,,9153.0,1655200.0,5000.0,5752.0,5000.0,5000.0,,0,0,0,0,0,0,0,0,0,0,0,0,0,0,0,0,0,0,0,0,0,0,0,0,0,0,0,0,0,0,0,0,0,0,0,0,39,2026-02-05 22:40:02.229684
WNTR,24.74,24.77,24.82,2084100.0,5000.0,,7887.0,1732300.0,,,5000.0,10000.0,1000.0,0,0,0,0,0,0,0,0,0,0,0,0,0,0,0,0,0,0,0,0,0,0,0,0,0,0,0,0,0,0,0,0,0,0,0,0,39,2026-02-05 22:40:02.229684
SPNG,25.15,25.15,25.18,1890000.0,5000.0,5000.0,1983000.0,5000.0,,,,,,,0,0,0,0,0,0,0,0,0,0,0,0,0,0,0,0,0,0,0,0,0,0,0,0,0,0,0,0,0,0,0,0,0,0,0,40,2026-02-05 22:40:03.306300
SMMR,25.17,25.14,25.16,1736400.0,5000.0,5000.0,1817800.0,5000.0,825.0,7531.0,825.0,5000.0,,,0,0,0,0,0,0,0,0,0,0,0,0,0,0,0,0,0,0,0,0,0,0,0,0,0,0,0,0,0,0,0,0,0,0,0,40,2026-02-05 22:40:03.306300
ATMN,24.9,24.81,24.87,2004600.0,5000.0,5000.0,2117600.0,5000.0,,,,,,,0,0,0,0,0,0,0,0,0,0,0,0,0,0,0,0,0,0,0,0,0,0,0,0,0,0,0,0,0,0,0,0,0,0,0,40,2026-02-05 22:40:03.306300
WNTR,24.73,24.74,24.79,1958800.0,5000.0,5000.0,1500100.0,,,440.0,825.0,10000.0,17500.0,1000.0,0,0,0,0,0,0,0,0,0,0,0,0,0,0,0,0,0,0,0,0,0,0,0,0,0,0,0,0,0,0,0,0,0,0,0,40,2026-02-05 22:40:03.306300
SPNG,25.18,24.85,25.18,5000.0,1901000.0,5000.0,1796100.0,5391.0,5000.0,5000.0,,,,0,0,0,0,0,0,0,0,0,0,0,0,0,0,0,0,0,0,0,0,0,0,0,0,0,0,0,0,0,0,0,0,0,0,0,0,41,2026-02-05 22:40:04.364353
SMMR,25.13,25.11,25.12,5000.0,1830800.0,5000.0,1717400.0,13653.0,5000.0,5000.0,4833.0,,,0,0,0,0,0,0,0,0,0,0,0,0,0,0,0,0,0,0,0,0,0,0,0,0,0,0,0,0,0,0,0,0,0,0,0,0,41,2026-02-05 22:40:04.364353
ATMN,24.81,24.81,25.03,,2140000.0,5000.0,2018300.0,,5000.0,5000.0,,,,0,0,0,0,0,0,0,0,0,0,0,0,0,0,0,0,0,0,0,0,0,0,0,0,0,0,0,0,0,0,0,0,0,0,0,0,41,2026-02-05 22:40:04.364353
WNTR,24.7,24.7,24.75,,2165900.0,5000.0,1589600.0,23829.0,,,,825.0,1000.0,0,0,0,0,0,0,0,0,0,0,0,0,0,0,0,0,0,0,0,0,0,0,0,0,0,0,0,0,0,0,0,0,0,0,0,0,41,2026-02-05 22:40:04.364353
SPNG,24.87,24.89,25.02,5000.0,1650.0,1714200.0,5000.0,825.0,1787300.0,5000.0,5000.0,,,,0,0,0,0,0,0,0,0,0,0,0,0,0,0,0,0,0,0,0,0,0,0,0,0,0,0,0,0,0,0,0,0,0,0,0,42,2026-02-05 22:40:05.431288
SMMR,25.18,25.13,25.18,5000.0,,1942000.0,5000.0,,2006900.0,,5000.0,,,,0,0,0,0,0,0,0,0,0,0,0,0,0,0,0,0,0,0,0,0,0,0,0,0,0,0,0,0,0,0,0,0,0,0,0,42,2026-02-05 22:40:05.431288
ATMN,25.02,24.84,25.01,5000.0,825.0,1888200.0,5000.0,825.0,1888100.0,5000.0,5000.0,,,,0,0,0,0,0,0,0,0,0,0,0,0,0,0,0,0,0,0,0,0,0,0,0,0,0,0,0,0,0,0,0,0,0,0,0,42,2026-02-05 22:40:05.431288
WNTR,24.7,24.85,24.87,5000.0,,1937400.0,5000.0,,1962200.0,,,10000.0,173.0,1000.0,0,0,0,0,0,0,0,0,0,0,0,0,0,0,0,0,0,0,0,0,0,0,0,0,0,0,0,0,0,0,0,0,0,0,0,42,2026-02-05 22:40:05.431288
SPNG,24.87,24.91,24.97,825.0,5000.0,1726900.0,1299.0,5000.0,5000.0,825.0,2411.0,1649700.0,5000.0,,0,0,0,0,0,0,0,0,0,0,0,0,0,0,0,0,0,0,0,0,0,0,0,0,0,0,0,0,0,0,0,0,0,0,0,43,2026-02-05 22:40:06.524737
SMMR,25.13,25.14,25.18,,5000.0,1815000.0,7253.0,5000.0,5000.0,825.0,,1784200.0,5000.0,,0,0,0,0,0,0,0,0,0,0,0,0,0,0,0,0,0,0,0,0,0,0,0,0,0,0,0,0,0,0,0,0,0,0,0,43,2026-02-05 22:40:06.524737
ATMN,25.05,24.86,25.05,825.0,,1888200.0,7180.0,5000.0,,,,2109100.0,5000.0,,0,0,0,0,0,0,0,0,0,0,0,0,0,0,0,0,0,0,0,0,0,0,0,0,0,0,0,0,0,0,0,0,0,0,0,43,2026-02-05 22:40:06.524737
WNTR,24.69,24.86,24.87,,,2030600.0,10000.0,5000.0,5000.0,,320.0,1751400.0,,1000.0,0,0,0,0,0,0,0,0,0,0,0,0,0,0,0,0,0,0,0,0,0,0,0,0,0,0,0,0,0,0,0,0,0,0,0,43,2026-02-05 22:40:06.524737
SPNG,25.03,24.87,25.03,1818800.0,1886.0,5000.0,2015800.0,5000.0,,,,,,0,0,0,0,0,0,0,0,0,0,0,0,0,0,0,0,0,0,0,0,0,0,0,0,0,0,0,0,0,0,0,0,0,0,0,0,44,2026-02-05 22:40:07.597777
SMMR,25.09,25.17,25.19,1909500.0,100.0,5000.0,1765700.0,5000.0,825.0,5000.0,,,,0,0,0,0,0,0,0,0,0,0,0,0,0,0,0,0,0,0,0,0,0,0,0,0,0,0,0,0,0,0,0,0,0,0,0,0,44,2026-02-05 22:40:07.597777
ATMN,24.81,24.92,24.98,1889400.0,,5000.0,1747800.0,5000.0,825.0,5000.0,5000.0,825.0,3334.0,0,0,0,0,0,0,0,0,0,0,0,0,0,0,0,0,0,0,0,0,0,0,0,0,0,0,0,0,0,0,0,0,0,0,0,0,44,2026-02-05 22:40:07.597777
WNTR,24.86,24.69,24.7,2136300.0,,5000.0,1734400.0,,,5000.0,,,7641.0,0,0,0,0,0,0,0,0,0,0,0,0,0,0,0,0,0,0,0,0,0,0,0,0,0,0,0,0,0,0,0,0,0,0,0,0,44,2026-02-05 22:40:07.597777
SPNG,24.92,24.94,25.01,5000.0,825.0,1830000.0,5000.0,825.0,5000.0,1763600.0,5000.0,0,0,0,0,0,0,0,0,0,0,0,0,0,0,0,0,0,0,0,0,0,0,0,0,0,0,0,0,0,0,0,0,0,0,0,0,0,0,45,2026-02-05 22:40:08.654946
SMMR,25.16,25.09,25.15,,,2015300.0,5000.0,825.0,5000.0,1754500.0,5000.0,0,0,0,0,0,0,0,0,0,0,0,0,0,0,0,0,0,0,0,0,0,0,0,0,0,0,0,0,0,0,0,0,0,0,0,0,0,0,45,2026-02-05 22:40:08.654946
ATMN,24.82,24.82,24.97,,,2111500.0,5000.0,825.0,5000.0,1847000.0,5000.0,0,0,0,0,0,0,0,0,0,0,0,0,0,0,0,0,0,0,0,0,0,0,0,0,0,0,0,0,0,0,0,0,0,0,0,0,0,0,45,2026-02-05 22:40:08.654946
WNTR,24.7,24.69,24.7,5000.0,,2030600.0,5000.0,,10000.0,1940000.0,,0,0,0,0,0,0,0,0,0,0,0,0,0,0,0,0,0,0,0,0,0,0,0,0,0,0,0,0,0,0,0,0,0,0,0,0,0,0,45,2026-02-05 22:40:08.654946
SPNG,25.03,24.95,24.97,825.0,5000.0,1830000.0,5000.0,825.0,1867100.0,5000.0,,,0,0,0,0,0,0,0,0,0,0,0,0,0,0,0,0,0,0,0,0,0,0,0,0,0,0,0,0,0,0,0,0,0,0,0,0,0,46,2026-02-05 22:40:09.214445
SMMR,25.21,25.1,25.2,,5000.0,1940200.0,5000.0,825.0,1862300.0,5000.0,,,0,0,0,0,0,0,0,0,0,0,0,0,0,0,0,0,0,0,0,0,0,0,0,0,0,0,0,0,0,0,0,0,0,0,0,0,0,46,2026-02-05 22:40:09.214445
ATMN,25.0,24.82,24.96,,5000.0,2015300.0,5000.0,825.0,1977800.0,5000.0,,,0,0,0,0,0,0,0,0,0,0,0,0,0,0,0,0,0,0,0,0,0,0,0,0,0,0,0,0,0,0,0,0,0,0,0,0,0,46,2026-02-05 22:40:09.214445
WNTR,24.69,24.69,24.7,,5000.0,2024400.0,5000.0,,1940000.0,,5000.0,1000.0,0,0,0,0,0,0,0,0,0,0,0,0,0,0,0,0,0,0,0,0,0,0,0,0,0,0,0,0,0,0,0,0,0,0,0,0,0,46,2026-02-05 22:40:09.214445
SPNG,24.98,24.92,24.97,1909100.0,5000.0,5000.0,825.0,1789100.0,5000.0,5000.0,,0,0,0,0,0,0,0,0,0,0,0,0,0,0,0,0,0,0,0,0,0,0,0,0,0,0,0,0,0,0,0,0,0,0,0,0,0,0,47,2026-02-05 22:40:10.304589
SMMR,25.06,25.1,25.22,1919700.0,5000.0,5000.0,,1893400.0,5000.0,5000.0,,0,0,0,0,0,0,0,0,0,0,0,0,0,0,0,0,0,0,0,0,0,0,0,0,0,0,0,0,0,0,0,0,0,0,0,0,0,0,47,2026-02-05 22:40:10.304589
ATMN,25.0,24.84,24.94,1934200.0,10000.0,5000.0,,1878600.0,10000.0,5000.0,,0,0,0,0,0,0,0,0,0,0,0,0,0,0,0,0,0,0,0,0,0,0,0,0,0,0,0,0,0,0,0,0,0,0,0,0,0,0,47,2026-02-05 22:40:10.304589
WNTR,24.7,24.63,24.7,2281000.0,,,,1952100.0,5000.0,,1000.0,0,0,0,0,0,0,0,0,0,0,0,0,0,0,0,0,0,0,0,0,0,0,0,0,0,0,0,0,0,0,0,0,0,0,0,0,0,0,47,2026-02-05 22:40:10.304589
SPNG,25.18,24.87,25.18,2001000.0,5000.0,1989900.0,5000.0,,,,,0,0,0,0,0,0,0,0,0,0,0,0,0,0,0,0,0,0,0,0,0,0,0,0,0,0,0,0,0,0,0,0,0,0,0,0,0,0,48,2026-02-05 22:40:11.366621
SMMR,25.06,25.11,25.12,1835500.0,5000.0,1786000.0,5000.0,5000.0,4289.0,8336.0,5000.0,0,0,0,0,0,0,0,0,0,0,0,0,0,0,0,0,0,0,0,0,0,0,0,0,0,0,0,0,0,0,0,0,0,0,0,0,0,0,48,2026-02-05 22:40:11.366621
ATMN,24.96,24.86,24.93,1934200.0,5000.0,1977800.0,5000.0,5000.0,329.0,,5000.0,0,0,0,0,0,0,0,0,0,0,0,0,0,0,0,0,0,0,0,0,0,0,0,0,0,0,0,0,0,0,0,0,0,0,0,0,0,0,48,2026-02-05 22:40:11.366621
WNTR,24.66,24.64,24.65,2042400.0,,1834600.0,5000.0,10000.0,,10000.0,5000.0,0,0,0,0,0,0,0,0,0,0,0,0,0,0,0,0,0,0,0,0,0,0,0,0,0,0,0,0,0,0,0,0,0,0,0,0,0,0,48,2026-02-05 22:40:11.366621
SPNG,24.84,24.88,25.18,5000.0,825.0,1785600.0,5000.0,1740200.0,5000.0,1900.0,5000.0,,,0,0,0,0,0,0,0,0,0,0,0,0,0,0,0,0,0,0,0,0,0,0,0,0,0,0,0,0,0,0,0,0,0,0,0,0,49,2026-02-05 22:40:12.415452
SMMR,25.03,25.03,25.12,,,2018500.0,5000.0,1889600.0,,5379.0,5000.0,,,0,0,0,0,0,0,0,0,0,0,0,0,0,0,0,0,0,0,0,0,0,0,0,0,0,0,0,0,0,0,0,0,0,0,0,0,49,2026-02-05 22:40:12.415452
ATMN,24.92,25.03,25.09,5000.0,825.0,1809600.0,5000.0,2018200.0,,,5000.0,285.0,825.0,0,0,0,0,0,0,0,0,0,0,0,0,0,0,0,0,0,0,0,0,0,0,0,0,0,0,0,0,0,0,0,0,0,0,0,0,49,2026-02-05 22:40:12.415452
WNTR,24.65,24.63,24.65,5000.0,,2023500.0,5000.0,1829300.0,5000.0,10000.0,5000.0,,,0,0,0,0,0,0,0,0,0,0,0,0,0,0,0,0,0,0,0,0,0,0,0,0,0,0,0,0,0,0,0,0,0,0,0,0,49,2026-02-05 22:40:12.415452
SPNG,24.84,24.91,25.15,825.0,6361.0,5000.0,1698200.0,5000.0,1650.0,2000.0,5000.0,1467000.0,5000.0,,0,0,0,0,0,0,0,0,0,0,0,0,0,0,0,0,0,0,0,0,0,0,0,0,0,0,0,0,0,0,0,0,0,0,0,50,2026-02-05 22:40:13.492129
SMMR,25.01,25.04,25.08,825.0,,5000.0,1831200.0,5000.0,825.0,13336.0,5000.0,1596100.0,5000.0,,0,0,0,0,0,0,0,0,0,0,0,0,0,0,0,0,0,0,0,0,0,0,0,0,0,0,0,0,0,0,0,0,0,0,0,50,2026-02-05 22:40:13.492129
ATMN,25.06,25.07,25.09,825.0,5285.0,,1801600.0,5000.0,,100.0,5000.0,1878200.0,5000.0,,0,0,0,0,0,0,0,0,0,0,0,0,0,0,0,0,0,0,0,0,0,0,0,0,0,0,0,0,0,0,0,0,0,0,0,50,2026-02-05 22:40:13.492129
WNTR,24.62,24.63,24.64,,,10000.0,2064000.0,,,,5000.0,1949200.0,,1000.0,0,0,0,0,0,0,0,0,0,0,0,0,0,0,0,0,0,0,0,0,0,0,0,0,0,0,0,0,0,0,0,0,0,0,0,50,2026-02-05 22:40:13.492129
SPNG,24.8,24.8,24.85,2028000.0,5000.0,1948500.0,5000.0,,,,,,0,0,0,0,0,0,0,0,0,0,0,0,0,0,0,0,0,0,0,0,0,0,0,0,0,0,0,0,0,0,0,0,0,0,0,0,0,51,2026-02-05 22:40:14.574796
SMMR,25.12,25.08,25.11,1863200.0,5000.0,1892100.0,5000.0,10000.0,825.0,302.0,,,0,0,0,0,0,0,0,0,0,0,0,0,0,0,0,0,0,0,0,0,0,0,0,0,0,0,0,0,0,0,0,0,0,0,0,0,0,51,2026-02-05 22:40:14.574796
ATMN,25.07,24.99,25.01,2027700.0,5000.0,2122100.0,5000.0,6312.0,,,,,0,0,0,0,0,0,0,0,0,0,0,0,0,0,0,0,0,0,0,0,0,0,0,0,0,0,0,0,0,0,0,0,0,0,0,0,0,51,2026-02-05 22:40:14.574796
WNTR,24.59,24.71,24.78,1973200.0,5000.0,1833900.0,,8828.0,825.0,1214.0,825.0,1000.0,0,0,0,0,0,0,0,0,0,0,0,0,0,0,0,0,0,0,0,0,0,0,0,0,0,0,0,0,0,0,0,0,0,0,0,0,0,51,2026-02-05 22:40:14.574796
SPNG,25.18,24.81,25.18,825.0,1837300.0,198.0,5000.0,1943400.0,5000.0,,,,0,0,0,0,0,0,0,0,0,0,0,0,0,0,0,0,0,0,0,0,0,0,0,0,0,0,0,0,0,0,0,0,0,0,0,0,0,52,2026-02-05 22:40:15.668170
SMMR,25.06,25.01,25.05,,2055300.0,,5000.0,1797900.0,5000.0,825.0,302.0,,0,0,0,0,0,0,0,0,0,0,0,0,0,0,0,0,0,0,0,0,0,0,0,0,0,0,0,0,0,0,0,0,0,0,0,0,0,52,2026-02-05 22:40:15.668170
ATMN,24.92,24.92,25.16,,2176900.0,,5000.0,2026700.0,5000.0,825.0,,,0,0,0,0,0,0,0,0,0,0,0,0,0,0,0,0,0,0,0,0,0,0,0,0,0,0,0,0,0,0,0,0,0,0,0,0,0,52,2026-02-05 22:40:15.668170
WNTR,24.76,24.76,24.78,,2091900.0,8828.0,5000.0,1833900.0,5000.0,,1214.0,1000.0,0,0,0,0,0,0,0,0,0,0,0,0,0,0,0,0,0,0,0,0,0,0,0,0,0,0,0,0,0,0,0,0,0,0,0,0,0,52,2026-02-05 22:40:15.668170
SPNG,25.18,25.06,25.18,1949900.0,198.0,5000.0,1943400.0,5000.0,,0,0,0,0,0,0,0,0,0,0,0,0,0,0,0,0,0,0,0,0,0,0,0,0,0,0,0,0,0,0,0,0,0,0,0,0,0,0,0,0,53,2026-02-05 22:40:16.284827
SMMR,25.13,25.01,25.13,2055300.0,,5000.0,1996000.0,5000.0,,0,0,0,0,0,0,0,0,0,0,0,0,0,0,0,0,0,0,0,0,0,0,0,0,0,0,0,0,0,0,0,0,0,0,0,0,0,0,0,0,53,2026-02-05 22:40:16.284827
ATMN,24.92,25.0,25.13,2166000.0,,5000.0,2038700.0,5000.0,825.0,0,0,0,0,0,0,0,0,0,0,0,0,0,0,0,0,0,0,0,0,0,0,0,0,0,0,0,0,0,0,0,0,0,0,0,0,0,0,0,0,53,2026-02-05 22:40:16.284827
WNTR,24.76,24.71,24.76,2179500.0,,5000.0,1910300.0,5000.0,825.0,0,0,0,0,0,0,0,0,0,0,0,0,0,0,0,0,0,0,0,0,0,0,0,0,0,0,0,0,0,0,0,0,0,0,0,0,0,0,0,0,53,2026-02-05 22:40:16.284827
SPNG,24.76,24.77,25.18,2005200.0,5000.0,1935600.0,5000.0,,,0,0,0,0,0,0,0,0,0,0,0,0,0,0,0,0,0,0,0,0,0,0,0,0,0,0,0,0,0,0,0,0,0,0,0,0,0,0,0,0,54,2026-02-05 22:40:17.419947
SMMR,25.23,25.02,25.11,1966900.0,5000.0,1884500.0,5000.0,825.0,825.0,0,0,0,0,0,0,0,0,0,0,0,0,0,0,0,0,0,0,0,0,0,0,0,0,0,0,0,0,0,0,0,0,0,0,0,0,0,0,0,0,54,2026-02-05 22:40:17.419947
ATMN,25.13,25.0,25.13,2148900.0,5000.0,2149600.0,5000.0,,,0,0,0,0,0,0,0,0,0,0,0,0,0,0,0,0,0,0,0,0,0,0,0,0,0,0,0,0,0,0,0,0,0,0,0,0,0,0,0,0,54,2026-02-05 22:40:17.419947
WNTR,24.71,24.59,24.61,2174500.0,5000.0,2029700.0,5000.0,,,0,0,0,0,0,0,0,0,0,0,0,0,0,0,0,0,0,0,0,0,0,0,0,0,0,0,0,0,0,0,0,0,0,0,0,0,0,0,0,0,54,2026-02-05 22:40:17.419947
SPNG,25.2,24.78,25.2,825.0,1920900.0,5000.0,1939400.0,5000.0,,0,0,0,0,0,0,0,0,0,0,0,0,0,0,0,0,0,0,0,0,0,0,0,0,0,0,0,0,0,0,0,0,0,0,0,0,0,0,0,0,55,2026-02-05 22:40:18.597788
SMMR,25.23,25.03,25.11,825.0,2069400.0,,1884500.0,5000.0,825.0,0,0,0,0,0,0,0,0,0,0,0,0,0,0,0,0,0,0,0,0,0,0,0,0,0,0,0,0,0,0,0,0,0,0,0,0,0,0,0,0,55,2026-02-05 22:40:18.597788
ATMN,25.13,25.01,25.13,,2130100.0,5000.0,2142800.0,5000.0,,0,0,0,0,0,0,0,0,0,0,0,0,0,0,0,0,0,0,0,0,0,0,0,0,0,0,0,0,0,0,0,0,0,0,0,0,0,0,0,0,55,2026-02-05 22:40:18.597788
WNTR,24.59,24.59,24.61,,2176400.0,5000.0,2029700.0,5000.0,,0,0,0,0,0,0,0,0,0,0,0,0,0,0,0,0,0,0,0,0,0,0,0,0,0,0,0,0,0,0,0,0,0,0,0,0,0,0,0,0,55,2026-02-05 22:40:18.597788
SPNG,25.01,25.12,25.2,1650.0,1817000.0,5000.0,1908200.0,5000.0,,0,0,0,0,0,0,0,0,0,0,0,0,0,0,0,0,0,0,0,0,0,0,0,0,0,0,0,0,0,0,0,0,0,0,0,0,0,0,0,0,56,2026-02-05 22:40:19.657678
SMMR,25.01,25.02,25.1,825.0,2050800.0,,1811900.0,5000.0,1650.0,0,0,0,0,0,0,0,0,0,0,0,0,0,0,0,0,0,0,0,0,0,0,0,0,0,0,0,0,0,0,0,0,0,0,0,0,0,0,0,0,56,2026-02-05 22:40:19.657678
ATMN,24.93,24.92,24.93,,2120900.0,5000.0,2042500.0,5000.0,825.0,0,0,0,0,0,0,0,0,0,0,0,0,0,0,0,0,0,0,0,0,0,0,0,0,0,0,0,0,0,0,0,0,0,0,0,0,0,0,0,0,56,2026-02-05 22:40:19.657678
WNTR,24.61,24.66,24.72,825.0,2056400.0,5000.0,1894300.0,5000.0,825.0,0,0,0,0,0,0,0,0,0,0,0,0,0,0,0,0,0,0,0,0,0,0,0,0,0,0,0,0,0,0,0,0,0,0,0,0,0,0,0,0,56,2026-02-05 22:40:19.657678
SPNG,25.19,24.78,25.18,825.0,2001200.0,825.0,1928400.0,0,0,0,0,0,0,0,0,0,0,0,0,0,0,0,0,0,0,0,0,0,0,0,0,0,0,0,0,0,0,0,0,0,0,0,0,0,0,0,0,0,0,57,2026-02-05 22:40:20.709458
SMMR,25.01,25.01,25.22,,2144500.0,825.0,2024800.0,0,0,0,0,0,0,0,0,0,0,0,0,0,0,0,0,0,0,0,0,0,0,0,0,0,0,0,0,0,0,0,0,0,0,0,0,0,0,0,0,0,0,57,2026-02-05 22:40:20.709458
ATMN,24.92,24.92,24.93,,2292900.0,,2262000.0,0,0,0,0,0,0,0,0,0,0,0,0,0,0,0,0,0,0,0,0,0,0,0,0,0,0,0,0,0,0,0,0,0,0,0,0,0,0,0,0,0,0,57,2026-02-05 22:40:20.709458
WNTR,24.63,24.69,24.8,,2305400.0,,2151800.0,0,0,0,0,0,0,0,0,0,0,0,0,0,0,0,0,0,0,0,0,0,0,0,0,0,0,0,0,0,0,0,0,0,0,0,0,0,0,0,0,0,0,57,2026-02-05 22:40:20.709458
SPNG,25.19,25.02,25.19,2019300.0,825.0,2023800.0,,0,0,0,0,0,0,0,0,0,0,0,0,0,0,0,0,0,0,0,0,0,0,0,0,0,0,0,0,0,0,0,0,0,0,0,0,0,0,0,0,0,0,58,2026-02-05 22:40:21.295090
SMMR,25.01,25.05,25.28,2170400.0,,2024800.0,825.0,0,0,0,0,0,0,0,0,0,0,0,0,0,0,0,0,0,0,0,0,0,0,0,0,0,0,0,0,0,0,0,0,0,0,0,0,0,0,0,0,0,0,58,2026-02-05 22:40:21.295090
ATMN,25.07,24.92,25.07,2292900.0,,2258200.0,,0,0,0,0,0,0,0,0,0,0,0,0,0,0,0,0,0,0,0,0,0,0,0,0,0,0,0,0,0,0,0,0,0,0,0,0,0,0,0,0,0,0,58,2026-02-05 22:40:21.295090
WNTR,24.82,24.69,24.79,2305400.0,,2040500.0,825.0,0,0,0,0,0,0,0,0,0,0,0,0,0,0,0,0,0,0,0,0,0,0,0,0,0,0,0,0,0,0,0,0,0,0,0,0,0,0,0,0,0,0,58,2026-02-05 22:40:21.295090
SPNG,24.77,24.77,25.23,2118200.0,2019000.0,,0,0,0,0,0,0,0,0,0,0,0,0,0,0,0,0,0,0,0,0,0,0,0,0,0,0,0,0,0,0,0,0,0,0,0,0,0,0,0,0,0,0,0,59,2026-02-05 22:40:22.444936
SMMR,24.98,24.98,25.33,2127900.0,2099400.0,,0,0,0,0,0,0,0,0,0,0,0,0,0,0,0,0,0,0,0,0,0,0,0,0,0,0,0,0,0,0,0,0,0,0,0,0,0,0,0,0,0,0,0,59,2026-02-05 22:40:22.444936
ATMN,24.9,24.9,25.07,2333900.0,2239800.0,,0,0,0,0,0,0,0,0,0,0,0,0,0,0,0,0,0,0,0,0,0,0,0,0,0,0,0,0,0,0,0,0,0,0,0,0,0,0,0,0,0,0,0,59,2026-02-05 22:40:22.444936
WNTR,24.59,24.73,24.82,2262000.0,2040500.0,1000.0,0,0,0,0,0,0,0,0,0,0,0,0,0,0,0,0,0,0,0,0,0,0,0,0,0,0,0,0,0,0,0,0,0,0,0,0,0,0,0,0,0,0,0,59,2026-02-05 22:40:22.444936
SPNG,26.06,26.06,26.48,912100.0,613600.0,,0,0,0,0,0,0,0,0,0,0,0,0,0,0,0,0,0,0,0,0,0,0,0,0,0,0,0,0,0,0,0,0,0,0,0,0,0,0,0,0,0,0,0,60,2026-02-05 22:40:23.522380
SMMR,24.96,24.35,24.84,903100.0,897200.0,,0,0,0,0,0,0,0,0,0,0,0,0,0,0,0,0,0,0,0,0,0,0,0,0,0,0,0,0,0,0,0,0,0,0,0,0,0,0,0,0,0,0,0,60,2026-02-05 22:40:23.522380
ATMN,24.89,23.71,24.26,1006900.0,842700.0,,0,0,0,0,0,0,0,0,0,0,0,0,0,0,0,0,0,0,0,0,0,0,0,0,0,0,0,0,0,0,0,0,0,0,0,0,0,0,0,0,0,0,0,60,2026-02-05 22:40:23.522380
WNTR,24.58,24.19,24.58,865200.0,840100.0,1000.0,0,0,0,0,0,0,0,0,0,0,0,0,0,0,0,0,0,0,0,0,0,0,0,0,0,0,0,0,0,0,0,0,0,0,0,0,0,0,0,0,0,0,0,60,2026-02-05 22:40:23.522380
SPNG,26.06,26.07,26.32,825.0,913300.0,825.0,870300.0,,,,0,0,0,0,0,0,0,0,0,0,0,0,0,0,0,0,0,0,0,0,0,0,0,0,0,0,0,0,0,0,0,0,0,0,0,0,0,0,0,61,2026-02-05 22:40:24.560341
SMMR,24.19,24.38,24.72,825.0,954100.0,825.0,1023600.0,9777.0,9777.0,,0,0,0,0,0,0,0,0,0,0,0,0,0,0,0,0,0,0,0,0,0,0,0,0,0,0,0,0,0,0,0,0,0,0,0,0,0,0,0,61,2026-02-05 22:40:24.560341
ATMN,23.71,23.73,23.78,,1171200.0,,1058400.0,8121.0,8121.0,,0,0,0,0,0,0,0,0,0,0,0,0,0,0,0,0,0,0,0,0,0,0,0,0,0,0,0,0,0,0,0,0,0,0,0,0,0,0,0,61,2026-02-05 22:40:24.560341
WNTR,24.19,24.19,24.3,,865200.0,,1167900.0,,10000.0,1000.0,0,0,0,0,0,0,0,0,0,0,0,0,0,0,0,0,0,0,0,0,0,0,0,0,0,0,0,0,0,0,0,0,0,0,0,0,0,0,0,61,2026-02-05 22:40:24.560341
SPNG,26.32,25.72,26.32,914000.0,1083700.0,,,,0,0,0,0,0,0,0,0,0,0,0,0,0,0,0,0,0,0,0,0,0,0,0,0,0,0,0,0,0,0,0,0,0,0,0,0,0,0,0,0,0,62,2026-02-05 22:40:25.601759
SMMR,24.51,24.19,24.51,954100.0,1267600.0,9777.0,,,0,0,0,0,0,0,0,0,0,0,0,0,0,0,0,0,0,0,0,0,0,0,0,0,0,0,0,0,0,0,0,0,0,0,0,0,0,0,0,0,0,62,2026-02-05 22:40:25.601759
ATMN,23.7,23.7,23.81,1071200.0,1035700.0,,,,0,0,0,0,0,0,0,0,0,0,0,0,0,0,0,0,0,0,0,0,0,0,0,0,0,0,0,0,0,0,0,0,0,0,0,0,0,0,0,0,0,62,2026-02-05 22:40:25.601759
WNTR,24.19,24.19,24.2,865200.0,1392800.0,10000.0,825.0,1000.0,0,0,0,0,0,0,0,0,0,0,0,0,0,0,0,0,0,0,0,0,0,0,0,0,0,0,0,0,0,0,0,0,0,0,0,0,0,0,0,0,0,62,2026-02-05 22:40:25.601759
SPNG,26.32,25.92,26.03,1086100.0,5000.0,1172200.0,5000.0,,,,,,0,0,0,0,0,0,0,0,0,0,0,0,0,0,0,0,0,0,0,0,0,0,0,0,0,0,0,0,0,0,0,0,0,0,0,0,0,63,2026-02-05 22:40:26.652682
SMMR,24.23,24.22,24.23,948700.0,,1485500.0,5000.0,1690.0,10000.0,,,,0,0,0,0,0,0,0,0,0,0,0,0,0,0,0,0,0,0,0,0,0,0,0,0,0,0,0,0,0,0,0,0,0,0,0,0,0,63,2026-02-05 22:40:26.652682
ATMN,23.81,24.08,24.25,1172900.0,5000.0,1170400.0,5000.0,3997.0,,825.0,825.0,,0,0,0,0,0,0,0,0,0,0,0,0,0,0,0,0,0,0,0,0,0,0,0,0,0,0,0,0,0,0,0,0,0,0,0,0,0,63,2026-02-05 22:40:26.652682
WNTR,24.16,24.17,24.2,870900.0,5000.0,1514600.0,5000.0,2179.0,,,,1000.0,0,0,0,0,0,0,0,0,0,0,0,0,0,0,0,0,0,0,0,0,0,0,0,0,0,0,0,0,0,0,0,0,0,0,0,0,0,63,2026-02-05 22:40:26.652682
SPNG,26.32,26.22,26.26,5000.0,200.0,1650.0,1086100.0,1650.0,1376000.0,5000.0,,,,,0,0,0,0,0,0,0,0,0,0,0,0,0,0,0,0,0,0,0,0,0,0,0,0,0,0,0,0,0,0,0,0,0,0,0,64,2026-02-05 22:40:27.711621
SMMR,24.18,24.18,24.33,5000.0,1533.0,,1199200.0,825.0,1368000.0,5000.0,10000.0,,,,0,0,0,0,0,0,0,0,0,0,0,0,0,0,0,0,0,0,0,0,0,0,0,0,0,0,0,0,0,0,0,0,0,0,0,64,2026-02-05 22:40:27.711621
ATMN,23.72,23.7,23.72,,,,1071200.0,825.0,1552900.0,5000.0,9816.0,5000.0,,,0,0,0,0,0,0,0,0,0,0,0,0,0,0,0,0,0,0,0,0,0,0,0,0,0,0,0,0,0,0,0,0,0,0,0,64,2026-02-05 22:40:27.711621
WNTR,24.24,24.24,24.26,5000.0,8495.0,,977800.0,,1619200.0,5000.0,,,5000.0,1000.0,0,0,0,0,0,0,0,0,0,0,0,0,0,0,0,0,0,0,0,0,0,0,0,0,0,0,0,0,0,0,0,0,0,0,0,64,2026-02-05 22:40:27.711621
SPNG,26.08,25.96,26.08,200.0,1086100.0,1485300.0,9588.0,825.0,5000.0,,,,,,0,0,0,0,0,0,0,0,0,0,0,0,0,0,0,0,0,0,0,0,0,0,0,0,0,0,0,0,0,0,0,0,0,0,0,65,2026-02-05 22:40:28.308635
SMMR,24.33,24.39,24.44,1533.0,1391800.0,1368000.0,10000.0,,,825.0,5000.0,5000.0,5000.0,,0,0,0,0,0,0,0,0,0,0,0,0,0,0,0,0,0,0,0,0,0,0,0,0,0,0,0,0,0,0,0,0,0,0,0,65,2026-02-05 22:40:28.308635
ATMN,23.57,22.96,23.57,,1093300.0,1783700.0,9816.0,825.0,5000.0,,,,5000.0,,0,0,0,0,0,0,0,0,0,0,0,0,0,0,0,0,0,0,0,0,0,0,0,0,0,0,0,0,0,0,0,0,0,0,0,65,2026-02-05 22:40:28.308635
WNTR,24.35,24.25,24.35,8495.0,977800.0,1416100.0,,,,825.0,10000.0,5000.0,,1000.0,0,0,0,0,0,0,0,0,0,0,0,0,0,0,0,0,0,0,0,0,0,0,0,0,0,0,0,0,0,0,0,0,0,0,0,65,2026-02-05 22:40:28.308635
SPNG,26.32,26.01,26.27,5000.0,5000.0,300.0,1195400.0,5000.0,1268200.0,5000.0,,,,,0,0,0,0,0,0,0,0,0,0,0,0,0,0,0,0,0,0,0,0,0,0,0,0,0,0,0,0,0,0,0,0,0,0,0,66,2026-02-05 22:40:29.382286
SMMR,24.41,24.42,24.43,5000.0,10000.0,1533.0,1496000.0,,1468400.0,5000.0,825.0,11116.0,825.0,,0,0,0,0,0,0,0,0,0,0,0,0,0,0,0,0,0,0,0,0,0,0,0,0,0,0,0,0,0,0,0,0,0,0,0,66,2026-02-05 22:40:29.382286
ATMN,24.03,24.03,24.05,5000.0,5000.0,100.0,1468000.0,,1539800.0,5000.0,825.0,,,,0,0,0,0,0,0,0,0,0,0,0,0,0,0,0,0,0,0,0,0,0,0,0,0,0,0,0,0,0,0,0,0,0,0,0,66,2026-02-05 22:40:29.382286
WNTR,24.35,24.29,24.32,5000.0,10000.0,13000.0,1099400.0,5000.0,1618200.0,5000.0,825.0,7478.0,825.0,1000.0,0,0,0,0,0,0,0,0,0,0,0,0,0,0,0,0,0,0,0,0,0,0,0,0,0,0,0,0,0,0,0,0,0,0,0,66,2026-02-05 22:40:29.382286
SPNG,26.28,26.09,26.15,825.0,7500.0,5000.0,1500.0,5000.0,1280600.0,825.0,1382300.0,1500.0,5000.0,590.0,5000.0,0,0,0,0,0,0,0,0,0,0,0,0,0,0,0,0,0,0,0,0,0,0,0,0,0,0,0,0,0,0,0,0,0,0,67,2026-02-05 22:40:30.446605
SMMR,24.3,24.39,24.4,825.0,,5000.0,,10000.0,1422700.0,825.0,1468400.0,,5000.0,100.0,5000.0,0,0,0,0,0,0,0,0,0,0,0,0,0,0,0,0,0,0,0,0,0,0,0,0,0,0,0,0,0,0,0,0,0,0,67,2026-02-05 22:40:30.446605
ATMN,23.31,23.5,23.78,,,5000.0,,,1465000.0,,1662000.0,,,100.0,5100.0,0,0,0,0,0,0,0,0,0,0,0,0,0,0,0,0,0,0,0,0,0,0,0,0,0,0,0,0,0,0,0,0,0,0,67,2026-02-05 22:40:30.446605
WNTR,24.31,24.31,24.32,,,5000.0,,10000.0,1207300.0,,1795900.0,1000.0,10000.0,,5000.0,0,0,0,0,0,0,0,0,0,0,0,0,0,0,0,0,0,0,0,0,0,0,0,0,0,0,0,0,0,0,0,0,0,0,67,2026-02-05 22:40:30.446605
SPNG,26.09,26.0,26.09,825.0,5000.0,1500.0,1377500.0,1203600.0,4500.0,5000.0,2908.0,5000.0,,,,0,0,0,0,0,0,0,0,0,0,0,0,0,0,0,0,0,0,0,0,0,0,0,0,0,0,0,0,0,0,0,0,0,0,68,2026-02-05 22:40:31.505658
SMMR,24.4,24.39,24.4,,10000.0,,1422700.0,1791000.0,,5000.0,100.0,5000.0,1533.0,,,0,0,0,0,0,0,0,0,0,0,0,0,0,0,0,0,0,0,0,0,0,0,0,0,0,0,0,0,0,0,0,0,0,0,68,2026-02-05 22:40:31.505658
ATMN,23.31,23.6,23.75,825.0,5000.0,,1710700.0,1488200.0,,5000.0,8154.0,5100.0,6920.0,5000.0,1650.0,0,0,0,0,0,0,0,0,0,0,0,0,0,0,0,0,0,0,0,0,0,0,0,0,0,0,0,0,0,0,0,0,0,0,68,2026-02-05 22:40:31.505658
WNTR,24.24,24.31,24.34,825.0,5000.0,,1218800.0,1757700.0,1000.0,5000.0,,5000.0,9885.0,5000.0,,0,0,0,0,0,0,0,0,0,0,0,0,0,0,0,0,0,0,0,0,0,0,0,0,0,0,0,0,0,0,0,0,0,0,68,2026-02-05 22:40:31.505658
SPNG,26.16,26.07,26.08,5000.0,1268800.0,7500.0,5000.0,825.0,7500.0,5000.0,1104100.0,5000.0,,0,0,0,0,0,0,0,0,0,0,0,0,0,0,0,0,0,0,0,0,0,0,0,0,0,0,0,0,0,0,0,0,0,0,0,0,69,2026-02-05 22:40:32.578977
SMMR,24.44,24.41,24.44,5000.0,1534600.0,,10000.0,,,5000.0,1670300.0,5000.0,677.0,0,0,0,0,0,0,0,0,0,0,0,0,0,0,0,0,0,0,0,0,0,0,0,0,0,0,0,0,0,0,0,0,0,0,0,0,69,2026-02-05 22:40:32.578977
ATMN,23.69,23.65,23.68,5000.0,1982100.0,,5000.0,825.0,,,1918800.0,5100.0,,0,0,0,0,0,0,0,0,0,0,0,0,0,0,0,0,0,0,0,0,0,0,0,0,0,0,0,0,0,0,0,0,0,0,0,0,69,2026-02-05 22:40:32.578977
WNTR,24.37,24.36,24.37,5000.0,1443900.0,,5000.0,,1000.0,,1857900.0,5000.0,,0,0,0,0,0,0,0,0,0,0,0,0,0,0,0,0,0,0,0,0,0,0,0,0,0,0,0,0,0,0,0,0,0,0,0,0,69,2026-02-05 22:40:32.578977
SPNG,26.05,26.03,26.04,1772800.0,920400.0,12000.0,5000.0,5000.0,,,,,,,0,0,0,0,0,0,0,0,0,0,0,0,0,0,0,0,0,0,0,0,0,0,0,0,0,0,0,0,0,0,0,0,0,0,0,70,2026-02-05 22:40:33.633479
SMMR,24.41,24.42,24.43,1534600.0,1762600.0,,5000.0,5000.0,5000.0,9592.0,10000.0,10269.0,,,0,0,0,0,0,0,0,0,0,0,0,0,0,0,0,0,0,0,0,0,0,0,0,0,0,0,0,0,0,0,0,0,0,0,0,70,2026-02-05 22:40:33.633479
ATMN,23.7,23.75,24.04,2078700.0,1788100.0,,,5100.0,5000.0,7580.0,5000.0,,825.0,825.0,0,0,0,0,0,0,0,0,0,0,0,0,0,0,0,0,0,0,0,0,0,0,0,0,0,0,0,0,0,0,0,0,0,0,0,70,2026-02-05 22:40:33.633479
WNTR,24.36,24.24,24.25,1323200.0,1915100.0,1000.0,,5000.0,,,5000.0,9811.0,,,0,0,0,0,0,0,0,0,0,0,0,0,0,0,0,0,0,0,0,0,0,0,0,0,0,0,0,0,0,0,0,0,0,0,0,70,2026-02-05 22:40:33.633479
SPNG,26.04,26.03,26.04,1476600.0,5000.0,4500.0,5000.0,543500.0,5000.0,16500.0,100.0,5000.0,,,,0,0,0,0,0,0,0,0,0,0,0,0,0,0,0,0,0,0,0,0,0,0,0,0,0,0,0,0,0,0,0,0,0,0,71,2026-02-05 22:40:34.726019
SMMR,24.3,24.18,24.22,1290400.0,,,5000.0,1764600.0,,,10228.0,5000.0,825.0,,,0,0,0,0,0,0,0,0,0,0,0,0,0,0,0,0,0,0,0,0,0,0,0,0,0,0,0,0,0,0,0,0,0,0,71,2026-02-05 22:40:34.726019
ATMN,23.7,23.78,23.81,2018500.0,5000.0,,5000.0,1600900.0,5000.0,,9945.0,5100.0,825.0,825.0,7580.0,0,0,0,0,0,0,0,0,0,0,0,0,0,0,0,0,0,0,0,0,0,0,0,0,0,0,0,0,0,0,0,0,0,0,71,2026-02-05 22:40:34.726019
WNTR,24.42,24.25,24.42,1216300.0,5000.0,,5000.0,2086700.0,,1000.0,,,,825.0,6156.0,0,0,0,0,0,0,0,0,0,0,0,0,0,0,0,0,0,0,0,0,0,0,0,0,0,0,0,0,0,0,0,0,0,0,71,2026-02-05 22:40:34.726019
SPNG,26.33,26.03,26.33,2279.0,7500.0,1258900.0,5000.0,1171600.0,5000.0,,,,,,0,0,0,0,0,0,0,0,0,0,0,0,0,0,0,0,0,0,0,0,0,0,0,0,0,0,0,0,0,0,0,0,0,0,0,72,2026-02-05 22:40:35.346588
SMMR,24.21,24.21,24.22,,,1390700.0,5000.0,1764600.0,5000.0,825.0,10228.0,5000.0,,,0,0,0,0,0,0,0,0,0,0,0,0,0,0,0,0,0,0,0,0,0,0,0,0,0,0,0,0,0,0,0,0,0,0,0,72,2026-02-05 22:40:35.346588
ATMN,23.7,23.78,23.8,7580.0,,2083900.0,5000.0,1586400.0,5100.0,825.0,9945.0,5000.0,5000.0,825.0,0,0,0,0,0,0,0,0,0,0,0,0,0,0,0,0,0,0,0,0,0,0,0,0,0,0,0,0,0,0,0,0,0,0,0,72,2026-02-05 22:40:35.346588
WNTR,24.25,24.24,24.25,,,1216300.0,5000.0,1972700.0,,,,5000.0,5000.0,825.0,0,0,0,0,0,0,0,0,0,0,0,0,0,0,0,0,0,0,0,0,0,0,0,0,0,0,0,0,0,0,0,0,0,0,0,72,2026-02-05 22:40:35.346588
SPNG,26.02,26.03,26.05,6000.0,1470500.0,5000.0,100.0,2000.0,5000.0,1171600.0,5000.0,,,,,0,0,0,0,0,0,0,0,0,0,0,0,0,0,0,0,0,0,0,0,0,0,0,0,0,0,0,0,0,0,0,0,0,0,73,2026-02-05 22:40:36.411425
SMMR,24.44,24.21,24.44,,1597000.0,5000.0,,,,1855300.0,5000.0,9507.0,5000.0,,,0,0,0,0,0,0,0,0,0,0,0,0,0,0,0,0,0,0,0,0,0,0,0,0,0,0,0,0,0,0,0,0,0,0,73,2026-02-05 22:40:36.411425
ATMN,23.9,23.79,23.85,,2083900.0,5000.0,,,5000.0,1836400.0,5100.0,,5000.0,825.0,825.0,0,0,0,0,0,0,0,0,0,0,0,0,0,0,0,0,0,0,0,0,0,0,0,0,0,0,0,0,0,0,0,0,0,0,73,2026-02-05 22:40:36.411425
WNTR,24.25,24.26,24.28,,1516800.0,10000.0,6189.0,,5000.0,1904700.0,5000.0,19677.0,5000.0,,,0,0,0,0,0,0,0,0,0,0,0,0,0,0,0,0,0,0,0,0,0,0,0,0,0,0,0,0,0,0,0,0,0,0,73,2026-02-05 22:40:36.411425
SPNG,25.86,26.02,26.05,1500.0,1858000.0,5000.0,200.0,8000.0,983500.0,5000.0,,,,,0,0,0,0,0,0,0,0,0,0,0,0,0,0,0,0,0,0,0,0,0,0,0,0,0,0,0,0,0,0,0,0,0,0,0,74,2026-02-05 22:40:37.463695
SMMR,24.21,24.29,24.45,,1599100.0,5000.0,,,1758700.0,5000.0,20139.0,5000.0,,,0,0,0,0,0,0,0,0,0,0,0,0,0,0,0,0,0,0,0,0,0,0,0,0,0,0,0,0,0,0,0,0,0,0,0,74,2026-02-05 22:40:37.463695
ATMN,23.7,23.8,23.85,,2083900.0,5000.0,9700.0,,1842400.0,5100.0,100.0,5000.0,825.0,,0,0,0,0,0,0,0,0,0,0,0,0,0,0,0,0,0,0,0,0,0,0,0,0,0,0,0,0,0,0,0,0,0,0,0,74,2026-02-05 22:40:37.463695
WNTR,24.29,24.29,24.3,,1285700.0,10000.0,,,2004900.0,,29019.0,10000.0,825.0,10000.0,0,0,0,0,0,0,0,0,0,0,0,0,0,0,0,0,0,0,0,0,0,0,0,0,0,0,0,0,0,0,0,0,0,0,0,74,2026-02-05 22:40:37.463695
SPNG,25.86,26.28,26.32,1650.0,3000.0,5000.0,1375100.0,5000.0,1650.0,5000.0,1173800.0,4500.0,5000.0,0,0,0,0,0,0,0,0,0,0,0,0,0,0,0,0,0,0,0,0,0,0,0,0,0,0,0,0,0,0,0,0,0,0,0,0,75,2026-02-05 22:40:38.528703
SMMR,24.64,24.3,24.44,825.0,,5000.0,1708600.0,5000.0,825.0,,1530600.0,,,0,0,0,0,0,0,0,0,0,0,0,0,0,0,0,0,0,0,0,0,0,0,0,0,0,0,0,0,0,0,0,0,0,0,0,0,75,2026-02-05 22:40:38.528703
ATMN,23.65,23.65,23.81,,,,1982100.0,5000.0,825.0,5000.0,1891200.0,,5100.0,0,0,0,0,0,0,0,0,0,0,0,0,0,0,0,0,0,0,0,0,0,0,0,0,0,0,0,0,0,0,0,0,0,0,0,0,75,2026-02-05 22:40:38.528703
WNTR,24.3,24.27,24.3,,,5000.0,1755400.0,10000.0,,5000.0,2012500.0,,5000.0,0,0,0,0,0,0,0,0,0,0,0,0,0,0,0,0,0,0,0,0,0,0,0,0,0,0,0,0,0,0,0,0,0,0,0,0,75,2026-02-05 22:40:38.528703
SPNG,25.91,25.86,25.9,1655500.0,3000.0,5000.0,825.0,995100.0,7500.0,100.0,5000.0,5000.0,,,,0,0,0,0,0,0,0,0,0,0,0,0,0,0,0,0,0,0,0,0,0,0,0,0,0,0,0,0,0,0,0,0,0,0,76,2026-02-05 22:40:39.595738
SMMR,24.45,24.4,24.45,1830200.0,,5000.0,,1866400.0,,,5000.0,5000.0,15000.0,5000.0,,0,0,0,0,0,0,0,0,0,0,0,0,0,0,0,0,0,0,0,0,0,0,0,0,0,0,0,0,0,0,0,0,0,0,76,2026-02-05 22:40:39.595738
ATMN,23.66,23.73,23.83,1984700.0,,5000.0,825.0,1979700.0,,,,5100.0,1224.0,,825.0,0,0,0,0,0,0,0,0,0,0,0,0,0,0,0,0,0,0,0,0,0,0,0,0,0,0,0,0,0,0,0,0,0,0,76,2026-02-05 22:40:39.595738
WNTR,24.27,24.26,24.27,1874300.0,,10000.0,,1924000.0,,825.0,5000.0,5000.0,,,,0,0,0,0,0,0,0,0,0,0,0,0,0,0,0,0,0,0,0,0,0,0,0,0,0,0,0,0,0,0,0,0,0,0,76,2026-02-05 22:40:39.595738
SPNG,26.41,25.89,25.9,825.0,8308.0,6000.0,1230200.0,5000.0,1500.0,825.0,1262600.0,5000.0,,,,0,0,0,0,0,0,0,0,0,0,0,0,0,0,0,0,0,0,0,0,0,0,0,0,0,0,0,0,0,0,0,0,0,0,77,2026-02-05 22:40:40.651872
SMMR,24.51,24.53,24.55,,6940.0,,1952000.0,5000.0,,,1881400.0,5000.0,5000.0,,,0,0,0,0,0,0,0,0,0,0,0,0,0,0,0,0,0,0,0,0,0,0,0,0,0,0,0,0,0,0,0,0,0,0,77,2026-02-05 22:40:40.651872
ATMN,23.83,23.83,23.89,,7524.0,,1935900.0,5000.0,,,2088300.0,5100.0,10000.0,,,0,0,0,0,0,0,0,0,0,0,0,0,0,0,0,0,0,0,0,0,0,0,0,0,0,0,0,0,0,0,0,0,0,0,77,2026-02-05 22:40:40.651872
WNTR,24.28,24.26,24.27,,9465.0,,1697900.0,10000.0,,,1677600.0,5000.0,10000.0,10000.0,10290.0,0,0,0,0,0,0,0,0,0,0,0,0,0,0,0,0,0,0,0,0,0,0,0,0,0,0,0,0,0,0,0,0,0,0,77,2026-02-05 22:40:40.651872
SPNG,26.43,25.9,26.36,5000.0,825.0,12000.0,850500.0,5000.0,5000.0,825.0,1178500.0,,,,0,0,0,0,0,0,0,0,0,0,0,0,0,0,0,0,0,0,0,0,0,0,0,0,0,0,0,0,0,0,0,0,0,0,0,78,2026-02-05 22:40:41.704034
SMMR,24.33,24.29,24.32,,825.0,,1938000.0,5000.0,,825.0,2012000.0,5000.0,,,0,0,0,0,0,0,0,0,0,0,0,0,0,0,0,0,0,0,0,0,0,0,0,0,0,0,0,0,0,0,0,0,0,0,0,78,2026-02-05 22:40:41.704034
ATMN,23.85,23.6,23.73,,,,1846700.0,5000.0,5000.0,825.0,1768200.0,5100.0,5009.0,10000.0,0,0,0,0,0,0,0,0,0,0,0,0,0,0,0,0,0,0,0,0,0,0,0,0,0,0,0,0,0,0,0,0,0,0,0,78,2026-02-05 22:40:41.704034
WNTR,24.25,24.25,24.28,5000.0,,,1867300.0,10000.0,5000.0,,2029800.0,5000.0,,,0,0,0,0,0,0,0,0,0,0,0,0,0,0,0,0,0,0,0,0,0,0,0,0,0,0,0,0,0,0,0,0,0,0,0,78,2026-02-05 22:40:41.704034
SPNG,25.86,25.94,26.02,4361.0,5000.0,7500.0,1020400.0,10000.0,825.0,5000.0,5000.0,4000.0,100.0,1105900.0,,0,0,0,0,0,0,0,0,0,0,0,0,0,0,0,0,0,0,0,0,0,0,0,0,0,0,0,0,0,0,0,0,0,0,79,2026-02-05 22:40:42.783286
SMMR,24.3,24.29,24.3,6560.0,,,1895200.0,5000.0,,,5000.0,,10000.0,2019800.0,,0,0,0,0,0,0,0,0,0,0,0,0,0,0,0,0,0,0,0,0,0,0,0,0,0,0,0,0,0,0,0,0,0,0,79,2026-02-05 22:40:42.783286
ATMN,23.89,23.62,23.69,11688.0,,,1846700.0,5000.0,825.0,5000.0,5100.0,,6698.0,1784800.0,825.0,0,0,0,0,0,0,0,0,0,0,0,0,0,0,0,0,0,0,0,0,0,0,0,0,0,0,0,0,0,0,0,0,0,0,79,2026-02-05 22:40:42.783286
WNTR,24.27,24.27,24.28,10000.0,10000.0,,1531400.0,10000.0,,5000.0,5000.0,,3860.0,1824900.0,825.0,0,0,0,0,0,0,0,0,0,0,0,0,0,0,0,0,0,0,0,0,0,0,0,0,0,0,0,0,0,0,0,0,0,0,79,2026-02-05 22:40:42.783286
SPNG,26.32,25.94,26.21,4361.0,5000.0,7500.0,1020400.0,10000.0,1279200.0,825.0,3500.0,100.0,,,,0,0,0,0,0,0,0,0,0,0,0,0,0,0,0,0,0,0,0,0,0,0,0,0,0,0,0,0,0,0,0,0,0,0,80,2026-02-05 22:40:43.356026
SMMR,24.3,24.29,24.3,6560.0,,,1883100.0,5000.0,1938700.0,,,10000.0,5000.0,5000.0,,0,0,0,0,0,0,0,0,0,0,0,0,0,0,0,0,0,0,0,0,0,0,0,0,0,0,0,0,0,0,0,0,0,0,80,2026-02-05 22:40:43.356026
ATMN,23.8,23.63,23.72,11688.0,5000.0,,1846700.0,5000.0,2133200.0,,,,,5100.0,825.0,0,0,0,0,0,0,0,0,0,0,0,0,0,0,0,0,0,0,0,0,0,0,0,0,0,0,0,0,0,0,0,0,0,0,80,2026-02-05 22:40:43.356026
WNTR,24.27,24.27,24.28,,10000.0,,1788100.0,10000.0,1916400.0,,,3860.0,,5000.0,,0,0,0,0,0,0,0,0,0,0,0,0,0,0,0,0,0,0,0,0,0,0,0,0,0,0,0,0,0,0,0,0,0,0,80,2026-02-05 22:40:43.356026
SPNG,26.3,26.32,26.41,5000.0,825.0,546500.0,12000.0,4461.0,10000.0,5000.0,825.0,1359300.0,2000.0,5000.0,,0,0,0,0,0,0,0,0,0,0,0,0,0,0,0,0,0,0,0,0,0,0,0,0,0,0,0,0,0,0,0,0,0,0,81,2026-02-05 22:40:44.413350
SMMR,24.4,24.31,24.39,,825.0,1639900.0,,12385.0,5000.0,,825.0,2025000.0,,5000.0,,0,0,0,0,0,0,0,0,0,0,0,0,0,0,0,0,0,0,0,0,0,0,0,0,0,0,0,0,0,0,0,0,0,0,81,2026-02-05 22:40:44.413350
ATMN,23.89,23.67,23.89,5000.0,,1923900.0,,14188.0,5000.0,,,2112800.0,,5100.0,,0,0,0,0,0,0,0,0,0,0,0,0,0,0,0,0,0,0,0,0,0,0,0,0,0,0,0,0,0,0,0,0,0,0,81,2026-02-05 22:40:44.413350
WNTR,24.23,24.23,24.28,,,2004400.0,,,10000.0,5000.0,,1720500.0,,5000.0,13144.0,0,0,0,0,0,0,0,0,0,0,0,0,0,0,0,0,0,0,0,0,0,0,0,0,0,0,0,0,0,0,0,0,0,0,81,2026-02-05 22:40:44.413350
SPNG,26.3,26.33,26.4,100.0,5000.0,16500.0,451800.0,10000.0,100.0,5000.0,1087500.0,5000.0,5000.0,,,0,0,0,0,0,0,0,0,0,0,0,0,0,0,0,0,0,0,0,0,0,0,0,0,0,0,0,0,0,0,0,0,0,0,82,2026-02-05 22:40:45.476592
SMMR,24.55,24.32,24.55,,5000.0,,1972100.0,5000.0,,,2097400.0,,5000.0,,,0,0,0,0,0,0,0,0,0,0,0,0,0,0,0,0,0,0,0,0,0,0,0,0,0,0,0,0,0,0,0,0,0,0,82,2026-02-05 22:40:45.476592
ATMN,23.73,23.69,23.72,,5000.0,,2230700.0,5000.0,721.0,,1886100.0,,5100.0,825.0,825.0,0,0,0,0,0,0,0,0,0,0,0,0,0,0,0,0,0,0,0,0,0,0,0,0,0,0,0,0,0,0,0,0,0,0,82,2026-02-05 22:40:45.476592
WNTR,24.18,24.19,24.26,,,,1919300.0,5000.0,7500.0,10000.0,1852200.0,,5000.0,825.0,,0,0,0,0,0,0,0,0,0,0,0,0,0,0,0,0,0,0,0,0,0,0,0,0,0,0,0,0,0,0,0,0,0,0,82,2026-02-05 22:40:45.476592
SPNG,26.2,25.94,26.2,6000.0,1324800.0,10000.0,836200.0,825.0,200.0,5000.0,6000.0,5000.0,,,,0,0,0,0,0,0,0,0,0,0,0,0,0,0,0,0,0,0,0,0,0,0,0,0,0,0,0,0,0,0,0,0,0,0,83,2026-02-05 22:40:46.528531
SMMR,24.26,24.33,24.43,,2112500.0,5000.0,1898000.0,,8950.0,5000.0,,5000.0,,,,0,0,0,0,0,0,0,0,0,0,0,0,0,0,0,0,0,0,0,0,0,0,0,0,0,0,0,0,0,0,0,0,0,0,83,2026-02-05 22:40:46.528531
ATMN,23.5,23.69,23.74,,2096300.0,5000.0,1862000.0,,721.0,5000.0,,5100.0,5000.0,825.0,,0,0,0,0,0,0,0,0,0,0,0,0,0,0,0,0,0,0,0,0,0,0,0,0,0,0,0,0,0,0,0,0,0,0,83,2026-02-05 22:40:46.528531
WNTR,24.3,24.3,24.31,,1892300.0,10000.0,2164400.0,,,,,5000.0,,,5109.0,0,0,0,0,0,0,0,0,0,0,0,0,0,0,0,0,0,0,0,0,0,0,0,0,0,0,0,0,0,0,0,0,0,0,83,2026-02-05 22:40:46.528531
SPNG,26.44,26.04,26.14,1650.0,5000.0,658200.0,10500.0,100.0,10000.0,1500.0,825.0,1576200.0,5000.0,,,0,0,0,0,0,0,0,0,0,0,0,0,0,0,0,0,0,0,0,0,0,0,0,0,0,0,0,0,0,0,0,0,0,0,84,2026-02-05 22:40:47.580027
SMMR,24.39,24.28,24.32,,5000.0,1890300.0,,2870.0,5000.0,,825.0,1655800.0,5000.0,5000.0,18950.0,0,0,0,0,0,0,0,0,0,0,0,0,0,0,0,0,0,0,0,0,0,0,0,0,0,0,0,0,0,0,0,0,0,0,84,2026-02-05 22:40:47.580027
ATMN,23.53,23.53,23.72,,,2212700.0,,,5000.0,,825.0,1746900.0,5100.0,,9403.0,0,0,0,0,0,0,0,0,0,0,0,0,0,0,0,0,0,0,0,0,0,0,0,0,0,0,0,0,0,0,0,0,0,0,84,2026-02-05 22:40:47.580027
WNTR,24.3,24.3,24.31,,10000.0,1625900.0,,14196.0,10000.0,,,1956900.0,5000.0,5000.0,8258.0,0,0,0,0,0,0,0,0,0,0,0,0,0,0,0,0,0,0,0,0,0,0,0,0,0,0,0,0,0,0,0,0,0,0,84,2026-02-05 22:40:47.580027
SPNG,25.81,26.03,26.08,1650.0,1500.0,1446700.0,5000.0,5000.0,5000.0,825.0,100.0,5000.0,1097200.0,5000.0,,0,0,0,0,0,0,0,0,0,0,0,0,0,0,0,0,0,0,0,0,0,0,0,0,0,0,0,0,0,0,0,0,0,0,85,2026-02-05 22:40:48.634900
SMMR,24.54,24.28,24.31,,,2137300.0,,5000.0,5000.0,825.0,8747.0,,1804500.0,5000.0,,0,0,0,0,0,0,0,0,0,0,0,0,0,0,0,0,0,0,0,0,0,0,0,0,0,0,0,0,0,0,0,0,0,0,85,2026-02-05 22:40:48.634900
ATMN,23.9,23.56,23.89,825.0,,1899200.0,5000.0,5000.0,,825.0,,,1930700.0,5100.0,2237.0,0,0,0,0,0,0,0,0,0,0,0,0,0,0,0,0,0,0,0,0,0,0,0,0,0,0,0,0,0,0,0,0,0,0,85,2026-02-05 22:40:48.634900
WNTR,24.31,24.3,24.31,,,2037700.0,,10000.0,10000.0,,8258.0,,1899400.0,5000.0,,0,0,0,0,0,0,0,0,0,0,0,0,0,0,0,0,0,0,0,0,0,0,0,0,0,0,0,0,0,0,0,0,0,0,85,2026-02-05 22:40:48.634900
SPNG,25.81,26.02,26.05,825.0,4500.0,1236200.0,5000.0,10000.0,825.0,7600.0,5000.0,11000.0,632000.0,5000.0,,0,0,0,0,0,0,0,0,0,0,0,0,0,0,0,0,0,0,0,0,0,0,0,0,0,0,0,0,0,0,0,0,0,0,86,2026-02-05 22:40:49.746097
SMMR,24.45,24.45,24.54,,,1906200.0,5000.0,5000.0,,,,,2120900.0,5000.0,1185.0,0,0,0,0,0,0,0,0,0,0,0,0,0,0,0,0,0,0,0,0,0,0,0,0,0,0,0,0,0,0,0,0,0,0,86,2026-02-05 22:40:49.746097
ATMN,23.94,23.74,23.75,825.0,,1756700.0,5000.0,5000.0,825.0,8548.0,5000.0,,1737800.0,5100.0,2337.0,0,0,0,0,0,0,0,0,0,0,0,0,0,0,0,0,0,0,0,0,0,0,0,0,0,0,0,0,0,0,0,0,0,0,86,2026-02-05 22:40:49.746097
WNTR,24.19,24.18,24.19,,,2041000.0,,5000.0,,18258.0,5000.0,,1890500.0,5000.0,,0,0,0,0,0,0,0,0,0,0,0,0,0,0,0,0,0,0,0,0,0,0,0,0,0,0,0,0,0,0,0,0,0,0,86,2026-02-05 22:40:49.746097
SPNG,25.88,25.89,26.03,825.0,1548400.0,1500.0,10000.0,825.0,15500.0,632000.0,5000.0,,,,,0,0,0,0,0,0,0,0,0,0,0,0,0,0,0,0,0,0,0,0,0,0,0,0,0,0,0,0,0,0,0,0,0,0,87,2026-02-05 22:40:50.866579
SMMR,24.54,24.28,24.48,,1997800.0,,5000.0,,,2035400.0,5000.0,10000.0,2325.0,,,0,0,0,0,0,0,0,0,0,0,0,0,0,0,0,0,0,0,0,0,0,0,0,0,0,0,0,0,0,0,0,0,0,0,87,2026-02-05 22:40:50.866579
ATMN,23.73,23.74,23.76,,2297100.0,,5000.0,,,1955500.0,5100.0,6306.0,,5000.0,,0,0,0,0,0,0,0,0,0,0,0,0,0,0,0,0,0,0,0,0,0,0,0,0,0,0,0,0,0,0,0,0,0,0,87,2026-02-05 22:40:50.866579
WNTR,24.22,24.22,24.28,825.0,1807200.0,,5000.0,,,2063800.0,5000.0,8800.0,8800.0,,5000.0,0,0,0,0,0,0,0,0,0,0,0,0,0,0,0,0,0,0,0,0,0,0,0,0,0,0,0,0,0,0,0,0,0,0,87,2026-02-05 22:40:50.866579
SPNG,26.31,25.88,25.99,1354900.0,4500.0,818.0,10000.0,1585100.0,825.0,1500.0,5000.0,,,,,0,0,0,0,0,0,0,0,0,0,0,0,0,0,0,0,0,0,0,0,0,0,0,0,0,0,0,0,0,0,0,0,0,0,88,2026-02-05 22:40:51.419723
SMMR,24.18,24.18,24.43,2134300.0,,,5000.0,1924400.0,,,5000.0,5000.0,2325.0,,,0,0,0,0,0,0,0,0,0,0,0,0,0,0,0,0,0,0,0,0,0,0,0,0,0,0,0,0,0,0,0,0,0,0,88,2026-02-05 22:40:51.419723
ATMN,23.61,23.73,23.76,2261000.0,,,5000.0,1840400.0,,,5100.0,5000.0,8408.0,5000.0,,0,0,0,0,0,0,0,0,0,0,0,0,0,0,0,0,0,0,0,0,0,0,0,0,0,0,0,0,0,0,0,0,0,0,88,2026-02-05 22:40:51.419723
WNTR,24.18,24.23,24.29,1807200.0,,,5000.0,2046000.0,,,5000.0,5000.0,,10000.0,825.0,0,0,0,0,0,0,0,0,0,0,0,0,0,0,0,0,0,0,0,0,0,0,0,0,0,0,0,0,0,0,0,0,0,0,88,2026-02-05 22:40:51.419723
SPNG,25.97,25.97,25.98,5000.0,874200.0,10500.0,918.0,5000.0,1773200.0,5000.0,,,,0,0,0,0,0,0,0,0,0,0,0,0,0,0,0,0,0,0,0,0,0,0,0,0,0,0,0,0,0,0,0,0,0,0,0,0,89,2026-02-05 22:40:52.480852
SMMR,24.26,24.26,24.36,,2021900.0,,8529.0,5000.0,2120900.0,5000.0,,,,0,0,0,0,0,0,0,0,0,0,0,0,0,0,0,0,0,0,0,0,0,0,0,0,0,0,0,0,0,0,0,0,0,0,0,0,89,2026-02-05 22:40:52.480852
ATMN,23.5,23.58,23.73,,2317900.0,,,5000.0,1720600.0,5100.0,18408.0,5000.0,,0,0,0,0,0,0,0,0,0,0,0,0,0,0,0,0,0,0,0,0,0,0,0,0,0,0,0,0,0,0,0,0,0,0,0,0,89,2026-02-05 22:40:52.480852
WNTR,24.28,24.26,24.34,10000.0,1591200.0,,18302.0,5000.0,2034300.0,5000.0,2866.0,,825.0,0,0,0,0,0,0,0,0,0,0,0,0,0,0,0,0,0,0,0,0,0,0,0,0,0,0,0,0,0,0,0,0,0,0,0,0,89,2026-02-05 22:40:52.480852
SPNG,26.46,25.98,26.15,5000.0,15000.0,767800.0,5000.0,1000.0,1676900.0,5000.0,,,0,0,0,0,0,0,0,0,0,0,0,0,0,0,0,0,0,0,0,0,0,0,0,0,0,0,0,0,0,0,0,0,0,0,0,0,0,90,2026-02-05 22:40:53.536704
SMMR,24.48,24.48,24.53,5000.0,,2021900.0,5000.0,,2005500.0,5000.0,5000.0,,0,0,0,0,0,0,0,0,0,0,0,0,0,0,0,0,0,0,0,0,0,0,0,0,0,0,0,0,0,0,0,0,0,0,0,0,0,90,2026-02-05 22:40:53.536704
ATMN,23.58,23.58,23.59,,,2327000.0,5000.0,,2081400.0,5100.0,,,0,0,0,0,0,0,0,0,0,0,0,0,0,0,0,0,0,0,0,0,0,0,0,0,0,0,0,0,0,0,0,0,0,0,0,0,0,90,2026-02-05 22:40:53.536704
WNTR,24.16,24.29,24.33,,,1990900.0,5000.0,,2069000.0,5000.0,5000.0,877.0,0,0,0,0,0,0,0,0,0,0,0,0,0,0,0,0,0,0,0,0,0,0,0,0,0,0,0,0,0,0,0,0,0,0,0,0,0,90,2026-02-05 22:40:53.536704
SPNG,26.28,26.0,26.28,100.0,16500.0,685000.0,5000.0,1518600.0,825.0,5000.0,2000.0,,,,0,0,0,0,0,0,0,0,0,0,0,0,0,0,0,0,0,0,0,0,0,0,0,0,0,0,0,0,0,0,0,0,0,0,0,91,2026-02-05 22:40:54.586737
SMMR,24.16,24.5,24.52,,,2018700.0,5000.0,1934400.0,,5000.0,,5000.0,5000.0,1312.0,0,0,0,0,0,0,0,0,0,0,0,0,0,0,0,0,0,0,0,0,0,0,0,0,0,0,0,0,0,0,0,0,0,0,0,91,2026-02-05 22:40:54.586737
ATMN,23.59,23.58,23.59,268.0,,2127100.0,5000.0,1843300.0,,5100.0,,5000.0,5000.0,3982.0,0,0,0,0,0,0,0,0,0,0,0,0,0,0,0,0,0,0,0,0,0,0,0,0,0,0,0,0,0,0,0,0,0,0,0,91,2026-02-05 22:40:54.586737
WNTR,24.3,24.3,24.33,9365.0,,1696000.0,5000.0,2069000.0,825.0,5000.0,,10000.0,,,0,0,0,0,0,0,0,0,0,0,0,0,0,0,0,0,0,0,0,0,0,0,0,0,0,0,0,0,0,0,0,0,0,0,0,91,2026-02-05 22:40:54.586737
SPNG,26.48,26.08,26.26,1650.0,2186.0,5000.0,15000.0,512300.0,5000.0,825.0,1682100.0,,,,0,0,0,0,0,0,0,0,0,0,0,0,0,0,0,0,0,0,0,0,0,0,0,0,0,0,0,0,0,0,0,0,0,0,0,92,2026-02-05 22:40:55.639062
SMMR,24.44,24.33,24.43,,1330.0,5000.0,,1873200.0,,825.0,1800500.0,5000.0,9610.0,5000.0,0,0,0,0,0,0,0,0,0,0,0,0,0,0,0,0,0,0,0,0,0,0,0,0,0,0,0,0,0,0,0,0,0,0,0,92,2026-02-05 22:40:55.639062
ATMN,23.59,23.64,23.68,,1258.0,5000.0,,1962100.0,,,1950800.0,5000.0,3982.0,5100.0,0,0,0,0,0,0,0,0,0,0,0,0,0,0,0,0,0,0,0,0,0,0,0,0,0,0,0,0,0,0,0,0,0,0,0,92,2026-02-05 22:40:55.639062
WNTR,24.25,24.17,24.21,825.0,931.0,,,1900700.0,5000.0,825.0,1761500.0,5000.0,18488.0,5000.0,0,0,0,0,0,0,0,0,0,0,0,0,0,0,0,0,0,0,0,0,0,0,0,0,0,0,0,0,0,0,0,0,0,0,0,92,2026-02-05 22:40:55.639062
SPNG,26.48,26.08,26.48,825.0,21000.0,512300.0,2000.0,5000.0,1492800.0,5000.0,,,,,0,0,0,0,0,0,0,0,0,0,0,0,0,0,0,0,0,0,0,0,0,0,0,0,0,0,0,0,0,0,0,0,0,0,0,93,2026-02-05 22:40:56.691835
SMMR,24.43,24.33,24.37,,,1900800.0,,,2034700.0,5000.0,5000.0,5000.0,825.0,,0,0,0,0,0,0,0,0,0,0,0,0,0,0,0,0,0,0,0,0,0,0,0,0,0,0,0,0,0,0,0,0,0,0,0,93,2026-02-05 22:40:56.691835
ATMN,23.64,23.65,23.67,825.0,,2075000.0,,5000.0,1818400.0,100.0,5000.0,5000.0,1650.0,,0,0,0,0,0,0,0,0,0,0,0,0,0,0,0,0,0,0,0,0,0,0,0,0,0,0,0,0,0,0,0,0,0,0,0,93,2026-02-05 22:40:56.691835
WNTR,24.3,24.18,24.25,,,1996200.0,,5000.0,1976100.0,5000.0,5000.0,5000.0,,5581.0,0,0,0,0,0,0,0,0,0,0,0,0,0,0,0,0,0,0,0,0,0,0,0,0,0,0,0,0,0,0,0,0,0,0,0,93,2026-02-05 22:40:56.691835
SPNG,26.03,26.03,26.09,877700.0,15000.0,5000.0,1228900.0,4000.0,5000.0,100.0,5000.0,,,,0,0,0,0,0,0,0,0,0,0,0,0,0,0,0,0,0,0,0,0,0,0,0,0,0,0,0,0,0,0,0,0,0,0,0,94,2026-02-05 22:40:57.742864
SMMR,24.44,24.32,24.44,1866100.0,,5000.0,2148100.0,,,,5000.0,5000.0,687.0,,0,0,0,0,0,0,0,0,0,0,0,0,0,0,0,0,0,0,0,0,0,0,0,0,0,0,0,0,0,0,0,0,0,0,0,94,2026-02-05 22:40:57.742864
ATMN,23.58,23.65,23.66,2230100.0,,5000.0,1789100.0,,5000.0,9621.0,100.0,,4985.0,,0,0,0,0,0,0,0,0,0,0,0,0,0,0,0,0,0,0,0,0,0,0,0,0,0,0,0,0,0,0,0,0,0,0,0,94,2026-02-05 22:40:57.742864
WNTR,24.25,24.26,24.32,1906000.0,,5000.0,1990200.0,,5000.0,5581.0,5000.0,5000.0,,825.0,0,0,0,0,0,0,0,0,0,0,0,0,0,0,0,0,0,0,0,0,0,0,0,0,0,0,0,0,0,0,0,0,0,0,0,94,2026-02-05 22:40:57.742864
SPNG,26.09,26.08,26.09,825.0,5028.0,13500.0,5000.0,809500.0,953400.0,6000.0,5000.0,8243.0,5000.0,,,0,0,0,0,0,0,0,0,0,0,0,0,0,0,0,0,0,0,0,0,0,0,0,0,0,0,0,0,0,0,0,0,0,0,95,2026-02-05 22:40:58.884690
SMMR,24.24,24.24,24.53,,,,,2003200.0,1893300.0,,5000.0,100.0,5000.0,5000.0,,0,0,0,0,0,0,0,0,0,0,0,0,0,0,0,0,0,0,0,0,0,0,0,0,0,0,0,0,0,0,0,0,0,0,95,2026-02-05 22:40:58.884690
ATMN,23.49,23.51,23.61,825.0,5289.0,,,2128500.0,1894700.0,,,15626.0,,5000.0,825.0,0,0,0,0,0,0,0,0,0,0,0,0,0,0,0,0,0,0,0,0,0,0,0,0,0,0,0,0,0,0,0,0,0,0,95,2026-02-05 22:40:58.884690
WNTR,24.2,24.18,24.2,,,,5000.0,1996200.0,1642200.0,,5000.0,15681.0,5000.0,5000.0,825.0,0,0,0,0,0,0,0,0,0,0,0,0,0,0,0,0,0,0,0,0,0,0,0,0,0,0,0,0,0,0,0,0,0,0,95,2026-02-05 22:40:58.884690
SPNG,26.09,26.07,26.09,5028.0,15000.0,5000.0,809500.0,686900.0,8000.0,5000.0,9089.0,5000.0,,,,0,0,0,0,0,0,0,0,0,0,0,0,0,0,0,0,0,0,0,0,0,0,0,0,0,0,0,0,0,0,0,0,0,0,96,2026-02-05 22:40:59.446255
SMMR,24.34,24.46,24.52,,,,1994800.0,1893300.0,,,100.0,5000.0,825.0,5000.0,825.0,0,0,0,0,0,0,0,0,0,0,0,0,0,0,0,0,0,0,0,0,0,0,0,0,0,0,0,0,0,0,0,0,0,0,96,2026-02-05 22:40:59.446255
ATMN,23.75,23.5,23.75,5289.0,,,2290500.0,2059000.0,,,,5100.0,,5000.0,,0,0,0,0,0,0,0,0,0,0,0,0,0,0,0,0,0,0,0,0,0,0,0,0,0,0,0,0,0,0,0,0,0,0,96,2026-02-05 22:40:59.446255
WNTR,24.28,24.18,24.19,,,,2000100.0,1745700.0,,10000.0,5581.0,5000.0,825.0,5000.0,825.0,0,0,0,0,0,0,0,0,0,0,0,0,0,0,0,0,0,0,0,0,0,0,0,0,0,0,0,0,0,0,0,0,0,0,96,2026-02-05 22:40:59.446255
SPNG,26.09,26.07,26.09,10500.0,5000.0,1130200.0,5000.0,874400.0,8000.0,5000.0,382.0,5000.0,,,,0,0,0,0,0,0,0,0,0,0,0,0,0,0,0,0,0,0,0,0,0,0,0,0,0,0,0,0,0,0,0,0,0,0,97,2026-02-05 22:41:00.521596
SMMR,24.41,24.24,24.38,,,2003200.0,5000.0,1896100.0,,5000.0,100.0,5000.0,,,,0,0,0,0,0,0,0,0,0,0,0,0,0,0,0,0,0,0,0,0,0,0,0,0,0,0,0,0,0,0,0,0,0,0,97,2026-02-05 22:41:00.521596
ATMN,23.75,23.57,23.59,,5000.0,1969300.0,5000.0,2062800.0,,,170.0,,825.0,10000.0,825.0,0,0,0,0,0,0,0,0,0,0,0,0,0,0,0,0,0,0,0,0,0,0,0,0,0,0,0,0,0,0,0,0,0,0,97,2026-02-05 22:41:00.521596
WNTR,24.28,24.18,24.19,,5000.0,1841200.0,5000.0,1974300.0,,5000.0,6048.0,5000.0,,8065.0,,0,0,0,0,0,0,0,0,0,0,0,0,0,0,0,0,0,0,0,0,0,0,0,0,0,0,0,0,0,0,0,0,0,0,97,2026-02-05 22:41:00.521596
SPNG,26.19,26.08,26.19,825.0,10500.0,100.0,5000.0,1041500.0,1544100.0,3000.0,5000.0,,,,,0,0,0,0,0,0,0,0,0,0,0,0,0,0,0,0,0,0,0,0,0,0,0,0,0,0,0,0,0,0,0,0,0,0,98,2026-02-05 22:41:01.577238
SMMR,24.16,24.17,24.36,825.0,,,,1900800.0,1893300.0,,5000.0,5000.0,825.0,5000.0,,0,0,0,0,0,0,0,0,0,0,0,0,0,0,0,0,0,0,0,0,0,0,0,0,0,0,0,0,0,0,0,0,0,0,98,2026-02-05 22:41:01.577238
ATMN,23.67,23.6,23.67,825.0,,17500.0,5000.0,1834800.0,2062800.0,,,5000.0,,5000.0,170.0,0,0,0,0,0,0,0,0,0,0,0,0,0,0,0,0,0,0,0,0,0,0,0,0,0,0,0,0,0,0,0,0,0,0,98,2026-02-05 22:41:01.577238
WNTR,24.19,24.18,24.19,,,11369.0,10000.0,1607400.0,1963400.0,,5000.0,5000.0,825.0,5000.0,,0,0,0,0,0,0,0,0,0,0,0,0,0,0,0,0,0,0,0,0,0,0,0,0,0,0,0,0,0,0,0,0,0,0,98,2026-02-05 22:41:01.577238
SPNG,26.03,26.09,26.18,825.0,5000.0,1524100.0,3000.0,5000.0,825.0,5000.0,682.0,1160600.0,5000.0,,,0,0,0,0,0,0,0,0,0,0,0,0,0,0,0,0,0,0,0,0,0,0,0,0,0,0,0,0,0,0,0,0,0,0,99,2026-02-05 22:41:02.625970
SMMR,24.36,24.4,24.5,,5000.0,2031600.0,,5000.0,,,,2116300.0,5000.0,,,0,0,0,0,0,0,0,0,0,0,0,0,0,0,0,0,0,0,0,0,0,0,0,0,0,0,0,0,0,0,0,0,0,0,99,2026-02-05 22:41:02.625970
ATMN,23.67,23.63,23.66,825.0,5000.0,1721900.0,,5000.0,,,1676.0,1919100.0,,24112.0,5000.0,0,0,0,0,0,0,0,0,0,0,0,0,0,0,0,0,0,0,0,0,0,0,0,0,0,0,0,0,0,0,0,0,0,0,99,2026-02-05 22:41:02.625970
WNTR,24.16,24.19,24.21,,5000.0,1963800.0,,5000.0,,,133.0,1974000.0,5000.0,,5000.0,0,0,0,0,0,0,0,0,0,0,0,0,0,0,0,0,0,0,0,0,0,0,0,0,0,0,0,0,0,0,0,0,0,0,99,2026-02-05 22:41:02.625970
SPNG,26.15,26.14,26.15,825.0,5000.0,1113300.0,9000.0,787.0,8684.0,9500.0,1650.0,5000.0,673900.0,5000.0,,0,0,0,0,0,0,0,0,0,0,0,0,0,0,0,0,0,0,0,0,0,0,0,0,0,0,0,0,0,0,0,0,0,0,100,2026-02-05 22:41:03.687810
SMMR,24.15,24.15,24.48,,,1784400.0,,,7622.0,,1650.0,5000.0,1771300.0,,5000.0,0,0,0,0,0,0,0,0,0,0,0,0,0,0,0,0,0,0,0,0,0,0,0,0,0,0,0,0,0,0,0,0,0,0,100,2026-02-05 22:41:03.687810
ATMN,23.76,23.63,23.7,825.0,10000.0,1969700.0,,,,,825.0,5000.0,2030800.0,,5000.0,0,0,0,0,0,0,0,0,0,0,0,0,0,0,0,0,0,0,0,0,0,0,0,0,0,0,0,0,0,0,0,0,0,0,100,2026-02-05 22:41:03.687810
WNTR,24.14,24.14,24.17,,,2102700.0,,,10000.0,,,5000.0,1955300.0,5000.0,5000.0,0,0,0,0,0,0,0,0,0,0,0,0,0,0,0,0,0,0,0,0,0,0,0,0,0,0,0,0,0,0,0,0,0,0,100,2026-02-05 22:41:03.687810
SPNG,26.1,26.14,26.33,5000.0,825.0,1334400.0,6000.0,787.0,1650.0,1266200.0,3000.0,5000.0,5000.0,,,0,0,0,0,0,0,0,0,0,0,0,0,0,0,0,0,0,0,0,0,0,0,0,0,0,0,0,0,0,0,0,0,0,0,101,2026-02-05 22:41:04.744822
SMMR,24.45,24.45,24.46,,825.0,1763800.0,,12086.0,1650.0,1880500.0,,,,5000.0,7622.0,0,0,0,0,0,0,0,0,0,0,0,0,0,0,0,0,0,0,0,0,0,0,0,0,0,0,0,0,0,0,0,0,0,0,101,2026-02-05 22:41:04.744822
ATMN,23.68,23.68,23.69,5000.0,,2232700.0,,,,2030800.0,,5000.0,,5000.0,467.0,0,0,0,0,0,0,0,0,0,0,0,0,0,0,0,0,0,0,0,0,0,0,0,0,0,0,0,0,0,0,0,0,0,0,101,2026-02-05 22:41:04.744822
WNTR,24.18,24.15,24.18,10000.0,825.0,1505500.0,,8219.0,,2082200.0,,,5000.0,5000.0,10000.0,0,0,0,0,0,0,0,0,0,0,0,0,0,0,0,0,0,0,0,0,0,0,0,0,0,0,0,0,0,0,0,0,0,0,101,2026-02-05 22:41:04.744822
SPNG,26.08,26.21,26.32,5000.0,6000.0,1542800.0,5000.0,825.0,7000.0,1066000.0,5000.0,,,,,0,0,0,0,0,0,0,0,0,0,0,0,0,0,0,0,0,0,0,0,0,0,0,0,0,0,0,0,0,0,0,0,0,0,102,2026-02-05 22:41:05.821457
SMMR,24.46,24.2,24.46,,,1900000.0,5000.0,,,2097500.0,,5000.0,,,,0,0,0,0,0,0,0,0,0,0,0,0,0,0,0,0,0,0,0,0,0,0,0,0,0,0,0,0,0,0,0,0,0,0,102,2026-02-05 22:41:05.821457
ATMN,23.68,23.68,23.69,,,2223400.0,,,,2135400.0,,5000.0,1449.0,3590.0,,0,0,0,0,0,0,0,0,0,0,0,0,0,0,0,0,0,0,0,0,0,0,0,0,0,0,0,0,0,0,0,0,0,0,102,2026-02-05 22:41:05.821457
WNTR,24.18,24.15,24.17,10000.0,,1645600.0,,825.0,,1960400.0,5000.0,5000.0,7287.0,7565.0,825.0,0,0,0,0,0,0,0,0,0,0,0,0,0,0,0,0,0,0,0,0,0,0,0,0,0,0,0,0,0,0,0,0,0,0,102,2026-02-05 22:41:05.821457
SPNG,26.02,26.03,26.29,825.0,1754600.0,1500.0,5000.0,825.0,5000.0,100.0,11500.0,668600.0,5000.0,,,0,0,0,0,0,0,0,0,0,0,0,0,0,0,0,0,0,0,0,0,0,0,0,0,0,0,0,0,0,0,0,0,0,0,103,2026-02-05 22:41:06.887392
SMMR,24.46,24.19,24.46,,1818500.0,,5000.0,,,,,2207900.0,,7253.0,5000.0,0,0,0,0,0,0,0,0,0,0,0,0,0,0,0,0,0,0,0,0,0,0,0,0,0,0,0,0,0,0,0,0,0,0,103,2026-02-05 22:41:06.887392
ATMN,23.7,23.67,23.68,,2130900.0,,5000.0,,5000.0,7088.0,,2061000.0,,7088.0,5000.0,0,0,0,0,0,0,0,0,0,0,0,0,0,0,0,0,0,0,0,0,0,0,0,0,0,0,0,0,0,0,0,0,0,0,103,2026-02-05 22:41:06.887392
WNTR,24.28,24.22,24.28,,1860900.0,,5000.0,,,,,2200800.0,5000.0,7287.0,5000.0,0,0,0,0,0,0,0,0,0,0,0,0,0,0,0,0,0,0,0,0,0,0,0,0,0,0,0,0,0,0,0,0,0,0,103,2026-02-05 22:41:06.887392
SPNG,25.98,26.24,26.27,1650.0,1428500.0,5000.0,3000.0,5000.0,825.0,200.0,5000.0,14500.0,397700.0,5000.0,,0,0,0,0,0,0,0,0,0,0,0,0,0,0,0,0,0,0,0,0,0,0,0,0,0,0,0,0,0,0,0,0,0,0,104,2026-02-05 22:41:07.505102
SMMR,24.46,24.2,24.44,1650.0,1659500.0,5000.0,,5000.0,825.0,,,,2097500.0,,7253.0,0,0,0,0,0,0,0,0,0,0,0,0,0,0,0,0,0,0,0,0,0,0,0,0,0,0,0,0,0,0,0,0,0,0,104,2026-02-05 22:41:07.505102
ATMN,23.7,23.67,23.68,,2147000.0,5000.0,,5000.0,,7088.0,5000.0,,2061000.0,,7088.0,0,0,0,0,0,0,0,0,0,0,0,0,0,0,0,0,0,0,0,0,0,0,0,0,0,0,0,0,0,0,0,0,0,0,104,2026-02-05 22:41:07.505102
WNTR,24.16,24.15,24.16,,1864300.0,5000.0,,5000.0,825.0,,,,2072900.0,5000.0,7321.0,0,0,0,0,0,0,0,0,0,0,0,0,0,0,0,0,0,0,0,0,0,0,0,0,0,0,0,0,0,0,0,0,0,0,104,2026-02-05 22:41:07.505102
SPNG,26.22,26.03,26.16,3000.0,1725600.0,5000.0,416500.0,5479.0,18000.0,,,,,,,0,0,0,0,0,0,0,0,0,0,0,0,0,0,0,0,0,0,0,0,0,0,0,0,0,0,0,0,0,0,0,0,0,0,105,2026-02-05 22:41:08.682166
SMMR,24.27,24.2,24.26,,1800200.0,5000.0,1761700.0,105.0,,825.0,5000.0,7253.0,1650.0,5000.0,,0,0,0,0,0,0,0,0,0,0,0,0,0,0,0,0,0,0,0,0,0,0,0,0,0,0,0,0,0,0,0,0,0,0,105,2026-02-05 22:41:08.682166
ATMN,23.67,23.67,23.68,,2004000.0,5000.0,1919800.0,12610.0,,,5000.0,8663.0,,5000.0,,0,0,0,0,0,0,0,0,0,0,0,0,0,0,0,0,0,0,0,0,0,0,0,0,0,0,0,0,0,0,0,0,0,0,105,2026-02-05 22:41:08.682166
WNTR,24.14,24.14,24.27,,1976400.0,5000.0,1960100.0,,,,5000.0,,1650.0,,5000.0,0,0,0,0,0,0,0,0,0,0,0,0,0,0,0,0,0,0,0,0,0,0,0,0,0,0,0,0,0,0,0,0,0,0,105,2026-02-05 22:41:08.682166
SPNG,26.22,26.04,26.12,5000.0,6000.0,100.0,1447800.0,825.0,5000.0,1781.0,16500.0,504300.0,5000.0,,,0,0,0,0,0,0,0,0,0,0,0,0,0,0,0,0,0,0,0,0,0,0,0,0,0,0,0,0,0,0,0,0,0,0,106,2026-02-05 22:41:09.829568
SMMR,24.31,24.31,24.32,5000.0,,10100.0,1694000.0,,,456.0,,2094800.0,,825.0,5000.0,0,0,0,0,0,0,0,0,0,0,0,0,0,0,0,0,0,0,0,0,0,0,0,0,0,0,0,0,0,0,0,0,0,0,106,2026-02-05 22:41:09.829568
ATMN,23.4,23.42,23.66,,,6805.0,2261000.0,825.0,5000.0,6805.0,,1875700.0,,,5000.0,0,0,0,0,0,0,0,0,0,0,0,0,0,0,0,0,0,0,0,0,0,0,0,0,0,0,0,0,0,0,0,0,0,0,106,2026-02-05 22:41:09.829568
WNTR,24.19,24.17,24.18,5000.0,,8669.0,1613600.0,825.0,5000.0,14427.0,,1720800.0,5000.0,825.0,5000.0,0,0,0,0,0,0,0,0,0,0,0,0,0,0,0,0,0,0,0,0,0,0,0,0,0,0,0,0,0,0,0,0,0,0,106,2026-02-05 22:41:09.829568
SPNG,26.09,26.05,26.08,825.0,9000.0,5000.0,4934.0,1054800.0,825.0,1500.0,1534100.0,1251.0,5000.0,,,0,0,0,0,0,0,0,0,0,0,0,0,0,0,0,0,0,0,0,0,0,0,0,0,0,0,0,0,0,0,0,0,0,0,107,2026-02-05 22:41:10.944137
SMMR,24.41,24.32,24.4,825.0,,,16965.0,1682400.0,825.0,,1862100.0,6865.0,,5000.0,5000.0,0,0,0,0,0,0,0,0,0,0,0,0,0,0,0,0,0,0,0,0,0,0,0,0,0,0,0,0,0,0,0,0,0,0,107,2026-02-05 22:41:10.944137
ATMN,23.46,23.31,23.36,,,5000.0,,2289100.0,825.0,,1797600.0,9305.0,,5000.0,5000.0,0,0,0,0,0,0,0,0,0,0,0,0,0,0,0,0,0,0,0,0,0,0,0,0,0,0,0,0,0,0,0,0,0,0,107,2026-02-05 22:41:10.944137
WNTR,24.14,24.15,24.16,825.0,,,,1976400.0,825.0,,1496700.0,24427.0,5000.0,5000.0,10000.0,0,0,0,0,0,0,0,0,0,0,0,0,0,0,0,0,0,0,0,0,0,0,0,0,0,0,0,0,0,0,0,0,0,0,107,2026-02-05 22:41:10.944137
SPNG,26.1,26.15,26.34,866700.0,825.0,5000.0,12000.0,4934.0,1717500.0,1251.0,5000.0,,,,0,0,0,0,0,0,0,0,0,0,0,0,0,0,0,0,0,0,0,0,0,0,0,0,0,0,0,0,0,0,0,0,0,0,0,108,2026-02-05 22:41:11.500569
SMMR,24.22,24.33,24.39,1820200.0,825.0,5000.0,,100.0,1742700.0,6865.0,,5000.0,1650.0,5000.0,0,0,0,0,0,0,0,0,0,0,0,0,0,0,0,0,0,0,0,0,0,0,0,0,0,0,0,0,0,0,0,0,0,0,0,108,2026-02-05 22:41:11.500569
ATMN,23.47,23.32,23.46,2289100.0,825.0,,,,1902700.0,9305.0,,5000.0,825.0,,0,0,0,0,0,0,0,0,0,0,0,0,0,0,0,0,0,0,0,0,0,0,0,0,0,0,0,0,0,0,0,0,0,0,0,108,2026-02-05 22:41:11.500569
WNTR,24.17,24.17,24.18,2097900.0,,,,,1703800.0,14427.0,5000.0,5000.0,,10000.0,0,0,0,0,0,0,0,0,0,0,0,0,0,0,0,0,0,0,0,0,0,0,0,0,0,0,0,0,0,0,0,0,0,0,0,108,2026-02-05 22:41:11.500569
SPNG,26.15,26.15,26.48,953600.0,16500.0,825.0,1529700.0,2000.0,5000.0,,,,,,,0,0,0,0,0,0,0,0,0,0,0,0,0,0,0,0,0,0,0,0,0,0,0,0,0,0,0,0,0,0,0,0,0,0,109,2026-02-05 22:41:12.560302
SMMR,24.21,24.21,24.31,2149400.0,,825.0,1838300.0,,,5000.0,10000.0,5000.0,,,,0,0,0,0,0,0,0,0,0,0,0,0,0,0,0,0,0,0,0,0,0,0,0,0,0,0,0,0,0,0,0,0,0,0,109,2026-02-05 22:41:12.560302
ATMN,23.69,23.35,23.36,1975300.0,,825.0,2014600.0,,,5000.0,,5000.0,825.0,5000.0,328.0,0,0,0,0,0,0,0,0,0,0,0,0,0,0,0,0,0,0,0,0,0,0,0,0,0,0,0,0,0,0,0,0,0,0,109,2026-02-05 22:41:12.560302
WNTR,24.28,24.24,24.27,1644700.0,,825.0,1955200.0,,5000.0,5000.0,,5000.0,825.0,10000.0,6919.0,0,0,0,0,0,0,0,0,0,0,0,0,0,0,0,0,0,0,0,0,0,0,0,0,0,0,0,0,0,0,0,0,0,0,109,2026-02-05 22:41:12.560302
SPNG,26.03,26.04,26.34,825.0,7500.0,5000.0,1349400.0,5000.0,1650.0,933900.0,5500.0,6361.0,5000.0,,,0,0,0,0,0,0,0,0,0,0,0,0,0,0,0,0,0,0,0,0,0,0,0,0,0,0,0,0,0,0,0,0,0,0,110,2026-02-05 22:41:13.637225
SMMR,24.25,24.22,24.24,,,5000.0,2040600.0,5000.0,,1851800.0,,16664.0,,5000.0,,0,0,0,0,0,0,0,0,0,0,0,0,0,0,0,0,0,0,0,0,0,0,0,0,0,0,0,0,0,0,0,0,0,0,110,2026-02-05 22:41:13.637225
ATMN,23.6,23.6,23.63,825.0,,,1944500.0,,825.0,2119900.0,,,,5000.0,6841.0,0,0,0,0,0,0,0,0,0,0,0,0,0,0,0,0,0,0,0,0,0,0,0,0,0,0,0,0,0,0,0,0,0,0,110,2026-02-05 22:41:13.637225
WNTR,24.13,24.24,24.25,,,,1986200.0,10000.0,,1704400.0,,16816.0,5000.0,5000.0,160.0,0,0,0,0,0,0,0,0,0,0,0,0,0,0,0,0,0,0,0,0,0,0,0,0,0,0,0,0,0,0,0,0,0,0,110,2026-02-05 22:41:13.637225
SPNG,26.52,26.04,26.26,825.0,12000.0,1127400.0,825.0,1500.0,1629600.0,5000.0,,,,0,0,0,0,0,0,0,0,0,0,0,0,0,0,0,0,0,0,0,0,0,0,0,0,0,0,0,0,0,0,0,0,0,0,0,0,111,2026-02-05 22:41:14.689390
SMMR,24.19,24.19,24.25,,,2140700.0,,,2190800.0,,5000.0,,,0,0,0,0,0,0,0,0,0,0,0,0,0,0,0,0,0,0,0,0,0,0,0,0,0,0,0,0,0,0,0,0,0,0,0,0,111,2026-02-05 22:41:14.689390
ATMN,23.63,23.6,23.63,,,2327500.0,,,2189600.0,,5000.0,,,0,0,0,0,0,0,0,0,0,0,0,0,0,0,0,0,0,0,0,0,0,0,0,0,0,0,0,0,0,0,0,0,0,0,0,0,111,2026-02-05 22:41:14.689390
WNTR,24.19,24.19,24.2,,,2005600.0,,,2072500.0,5000.0,5000.0,6606.0,6160.0,0,0,0,0,0,0,0,0,0,0,0,0,0,0,0,0,0,0,0,0,0,0,0,0,0,0,0,0,0,0,0,0,0,0,0,0,111,2026-02-05 22:41:14.689390
SPNG,26.02,26.02,26.52,1836900.0,3000.0,1658200.0,2000.0,5000.0,,,,,,0,0,0,0,0,0,0,0,0,0,0,0,0,0,0,0,0,0,0,0,0,0,0,0,0,0,0,0,0,0,0,0,0,0,0,0,112,2026-02-05 22:41:15.752832
SMMR,24.25,24.2,24.23,1919400.0,,2183300.0,,,825.0,1661.0,5000.0,,,0,0,0,0,0,0,0,0,0,0,0,0,0,0,0,0,0,0,0,0,0,0,0,0,0,0,0,0,0,0,0,0,0,0,0,0,112,2026-02-05 22:41:15.752832
ATMN,23.39,23.35,23.38,2227600.0,,1971600.0,,,825.0,,5000.0,825.0,100.0,0,0,0,0,0,0,0,0,0,0,0,0,0,0,0,0,0,0,0,0,0,0,0,0,0,0,0,0,0,0,0,0,0,0,0,0,112,2026-02-05 22:41:15.752832
WNTR,24.14,24.13,24.14,2098000.0,,2059300.0,,5000.0,,,5000.0,,6160.0,0,0,0,0,0,0,0,0,0,0,0,0,0,0,0,0,0,0,0,0,0,0,0,0,0,0,0,0,0,0,0,0,0,0,0,0,112,2026-02-05 22:41:15.752832
SPNG,26.02,26.02,26.09,1643800.0,6000.0,1369200.0,6500.0,5000.0,,,,0,0,0,0,0,0,0,0,0,0,0,0,0,0,0,0,0,0,0,0,0,0,0,0,0,0,0,0,0,0,0,0,0,0,0,0,0,0,113,2026-02-05 22:41:16.805286
SMMR,24.34,24.2,24.34,2040100.0,,2181200.0,,,825.0,5000.0,,0,0,0,0,0,0,0,0,0,0,0,0,0,0,0,0,0,0,0,0,0,0,0,0,0,0,0,0,0,0,0,0,0,0,0,0,0,0,113,2026-02-05 22:41:16.805286
ATMN,23.34,23.34,23.36,2313300.0,,2112400.0,,,,5000.0,825.0,0,0,0,0,0,0,0,0,0,0,0,0,0,0,0,0,0,0,0,0,0,0,0,0,0,0,0,0,0,0,0,0,0,0,0,0,0,0,113,2026-02-05 22:41:16.805286
WNTR,24.18,24.18,24.2,2116800.0,,2204100.0,,5000.0,,5000.0,,0,0,0,0,0,0,0,0,0,0,0,0,0,0,0,0,0,0,0,0,0,0,0,0,0,0,0,0,0,0,0,0,0,0,0,0,0,0,113,2026-02-05 22:41:16.805286
SPNG,26.49,26.02,26.22,1434900.0,9000.0,1344900.0,6500.0,5000.0,,,,0,0,0,0,0,0,0,0,0,0,0,0,0,0,0,0,0,0,0,0,0,0,0,0,0,0,0,0,0,0,0,0,0,0,0,0,0,0,114,2026-02-05 22:41:17.867470
SMMR,24.34,24.35,24.36,2159600.0,,2196900.0,,,5000.0,,,0,0,0,0,0,0,0,0,0,0,0,0,0,0,0,0,0,0,0,0,0,0,0,0,0,0,0,0,0,0,0,0,0,0,0,0,0,0,114,2026-02-05 22:41:17.867470
ATMN,23.39,23.35,23.39,2184700.0,,2206800.0,,,5000.0,825.0,,0,0,0,0,0,0,0,0,0,0,0,0,0,0,0,0,0,0,0,0,0,0,0,0,0,0,0,0,0,0,0,0,0,0,0,0,0,0,114,2026-02-05 22:41:17.867470
WNTR,24.27,24.19,24.26,1976500.0,,2080200.0,,5000.0,5000.0,825.0,825.0,0,0,0,0,0,0,0,0,0,0,0,0,0,0,0,0,0,0,0,0,0,0,0,0,0,0,0,0,0,0,0,0,0,0,0,0,0,0,114,2026-02-05 22:41:17.867470
SPNG,26.49,26.03,26.21,825.0,1189900.0,10500.0,825.0,960700.0,11000.0,5000.0,,0,0,0,0,0,0,0,0,0,0,0,0,0,0,0,0,0,0,0,0,0,0,0,0,0,0,0,0,0,0,0,0,0,0,0,0,0,0,115,2026-02-05 22:41:18.931276
SMMR,24.35,24.18,24.22,825.0,2034500.0,,1650.0,1932900.0,,,5000.0,0,0,0,0,0,0,0,0,0,0,0,0,0,0,0,0,0,0,0,0,0,0,0,0,0,0,0,0,0,0,0,0,0,0,0,0,0,0,115,2026-02-05 22:41:18.931276
ATMN,23.66,23.66,23.69,825.0,2162600.0,,,2231900.0,,,5000.0,0,0,0,0,0,0,0,0,0,0,0,0,0,0,0,0,0,0,0,0,0,0,0,0,0,0,0,0,0,0,0,0,0,0,0,0,0,0,115,2026-02-05 22:41:18.931276
WNTR,24.28,24.19,24.27,825.0,1976500.0,,825.0,2074800.0,,5000.0,5000.0,0,0,0,0,0,0,0,0,0,0,0,0,0,0,0,0,0,0,0,0,0,0,0,0,0,0,0,0,0,0,0,0,0,0,0,0,0,0,115,2026-02-05 22:41:18.931276
SPNG,26.02,26.02,26.21,1384300.0,9000.0,825.0,950800.0,12000.0,5000.0,,,0,0,0,0,0,0,0,0,0,0,0,0,0,0,0,0,0,0,0,0,0,0,0,0,0,0,0,0,0,0,0,0,0,0,0,0,0,0,116,2026-02-05 22:41:20.006584
SMMR,24.3,24.17,24.3,2158800.0,,,2186500.0,,,5000.0,,0,0,0,0,0,0,0,0,0,0,0,0,0,0,0,0,0,0,0,0,0,0,0,0,0,0,0,0,0,0,0,0,0,0,0,0,0,0,116,2026-02-05 22:41:20.006584
ATMN,23.34,23.34,23.72,2284500.0,,,2263000.0,,,5000.0,,0,0,0,0,0,0,0,0,0,0,0,0,0,0,0,0,0,0,0,0,0,0,0,0,0,0,0,0,0,0,0,0,0,0,0,0,0,0,116,2026-02-05 22:41:20.006584
WNTR,24.13,24.14,24.24,1965000.0,,825.0,2040700.0,,5000.0,5000.0,825.0,0,0,0,0,0,0,0,0,0,0,0,0,0,0,0,0,0,0,0,0,0,0,0,0,0,0,0,0,0,0,0,0,0,0,0,0,0,0,116,2026-02-05 22:41:20.006584
SPNG,26.23,26.44,26.52,1111700.0,825.0,12000.0,1768500.0,3000.0,,0,0,0,0,0,0,0,0,0,0,0,0,0,0,0,0,0,0,0,0,0,0,0,0,0,0,0,0,0,0,0,0,0,0,0,0,0,0,0,0,117,2026-02-05 22:41:21.046442
SMMR,24.3,24.18,24.29,2034400.0,1650.0,,1974800.0,,1650.0,0,0,0,0,0,0,0,0,0,0,0,0,0,0,0,0,0,0,0,0,0,0,0,0,0,0,0,0,0,0,0,0,0,0,0,0,0,0,0,0,117,2026-02-05 22:41:21.046442
ATMN,23.73,23.35,23.65,2284500.0,825.0,,2129800.0,,825.0,0,0,0,0,0,0,0,0,0,0,0,0,0,0,0,0,0,0,0,0,0,0,0,0,0,0,0,0,0,0,0,0,0,0,0,0,0,0,0,0,117,2026-02-05 22:41:21.046442
WNTR,24.13,24.13,24.15,2184800.0,,,2270400.0,,,0,0,0,0,0,0,0,0,0,0,0,0,0,0,0,0,0,0,0,0,0,0,0,0,0,0,0,0,0,0,0,0,0,0,0,0,0,0,0,0,117,2026-02-05 22:41:21.046442
SPNG,26.23,26.45,26.52,825.0,903000.0,15000.0,1578700.0,6000.0,,0,0,0,0,0,0,0,0,0,0,0,0,0,0,0,0,0,0,0,0,0,0,0,0,0,0,0,0,0,0,0,0,0,0,0,0,0,0,0,0,118,2026-02-05 22:41:21.580751
SMMR,24.3,24.18,24.29,825.0,2158800.0,,2087100.0,,825.0,0,0,0,0,0,0,0,0,0,0,0,0,0,0,0,0,0,0,0,0,0,0,0,0,0,0,0,0,0,0,0,0,0,0,0,0,0,0,0,0,118,2026-02-05 22:41:21.580751
ATMN,23.73,23.69,23.73,,2399500.0,,2234900.0,,,0,0,0,0,0,0,0,0,0,0,0,0,0,0,0,0,0,0,0,0,0,0,0,0,0,0,0,0,0,0,0,0,0,0,0,0,0,0,0,0,118,2026-02-05 22:41:21.580751
WNTR,24.13,24.13,24.15,,2184800.0,,2270400.0,,,0,0,0,0,0,0,0,0,0,0,0,0,0,0,0,0,0,0,0,0,0,0,0,0,0,0,0,0,0,0,0,0,0,0,0,0,0,0,0,0,118,2026-02-05 22:41:21.580751
SPNG,26.52,26.02,26.52,1181300.0,12000.0,1465600.0,7500.0,0,0,0,0,0,0,0,0,0,0,0,0,0,0,0,0,0,0,0,0,0,0,0,0,0,0,0,0,0,0,0,0,0,0,0,0,0,0,0,0,0,0,119,2026-02-05 22:41:22.687161
SMMR,24.31,24.17,24.31,2267400.0,,2168500.0,,0,0,0,0,0,0,0,0,0,0,0,0,0,0,0,0,0,0,0,0,0,0,0,0,0,0,0,0,0,0,0,0,0,0,0,0,0,0,0,0,0,0,119,2026-02-05 22:41:22.687161
ATMN,23.79,23.58,23.79,2421900.0,,2284400.0,,0,0,0,0,0,0,0,0,0,0,0,0,0,0,0,0,0,0,0,0,0,0,0,0,0,0,0,0,0,0,0,0,0,0,0,0,0,0,0,0,0,0,119,2026-02-05 22:41:22.687161
WNTR,24.11,24.11,24.15,2199200.0,,2232800.0,,0,0,0,0,0,0,0,0,0,0,0,0,0,0,0,0,0,0,0,0,0,0,0,0,0,0,0,0,0,0,0,0,0,0,0,0,0,0,0,0,0,0,119,2026-02-05 22:41:22.687161
SPNG,26.53,27.06,0.0,200000.0,15000.0,0,0,0,0,0,0,0,0,0,0,0,0,0,0,0,0,0,0,0,0,0,0,0,0,0,0,0,0,0,0,0,0,0,0,0,0,0,0,0,0,0,0,0,0,120,2026-02-05 22:41:23.801399
SMMR,24.33,26.86,0.0,200000.0,,0,0,0,0,0,0,0,0,0,0,0,0,0,0,0,0,0,0,0,0,0,0,0,0,0,0,0,0,0,0,0,0,0,0,0,0,0,0,0,0,0,0,0,0,120,2026-02-05 22:41:23.801399
ATMN,23.58,23.46,0.0,200000.0,,0,0,0,0,0,0,0,0,0,0,0,0,0,0,0,0,0,0,0,0,0,0,0,0,0,0,0,0,0,0,0,0,0,0,0,0,0,0,0,0,0,0,0,0,120,2026-02-05 22:41:23.801399
WNTR,24.1,23.94,0.0,200000.0,,0,0,0,0,0,0,0,0,0,0,0,0,0,0,0,0,0,0,0,0,0,0,0,0,0,0,0,0,0,0,0,0,0,0,0,0,0,0,0,0,0,0,0,0,120,2026-02-05 22:41:23.801399
SPNG,26.89,27.06,27.08,825.0,18000.0,700400.0,825.0,788200.0,3000.0,,,0,0,0,0,0,0,0,0,0,0,0,0,0,0,0,0,0,0,0,0,0,0,0,0,0,0,0,0,0,0,0,0,0,0,0,0,0,0,121,2026-02-05 22:41:24.846282
SMMR,26.86,25.82,25.89,825.0,,1248300.0,1650.0,796500.0,,8310.0,8310.0,0,0,0,0,0,0,0,0,0,0,0,0,0,0,0,0,0,0,0,0,0,0,0,0,0,0,0,0,0,0,0,0,0,0,0,0,0,0,121,2026-02-05 22:41:24.846282
ATMN,23.5,23.47,23.5,825.0,,964700.0,,948000.0,,9555.0,,0,0,0,0,0,0,0,0,0,0,0,0,0,0,0,0,0,0,0,0,0,0,0,0,0,0,0,0,0,0,0,0,0,0,0,0,0,0,121,2026-02-05 22:41:24.846282
WNTR,23.88,23.9,23.94,825.0,,981800.0,825.0,1147900.0,,10000.0,10000.0,0,0,0,0,0,0,0,0,0,0,0,0,0,0,0,0,0,0,0,0,0,0,0,0,0,0,0,0,0,0,0,0,0,0,0,0,0,0,121,2026-02-05 22:41:24.846282
SPNG,26.83,26.45,26.82,825.0,942600.0,15000.0,825.0,958800.0,6500.0,100.0,,0,0,0,0,0,0,0,0,0,0,0,0,0,0,0,0,0,0,0,0,0,0,0,0,0,0,0,0,0,0,0,0,0,0,0,0,0,0,122,2026-02-05 22:41:25.902701
SMMR,26.27,26.01,26.27,825.0,1584800.0,,,824700.0,,,8310.0,0,0,0,0,0,0,0,0,0,0,0,0,0,0,0,0,0,0,0,0,0,0,0,0,0,0,0,0,0,0,0,0,0,0,0,0,0,0,122,2026-02-05 22:41:25.902701
ATMN,23.46,23.09,23.27,,997400.0,,825.0,957300.0,,,,0,0,0,0,0,0,0,0,0,0,0,0,0,0,0,0,0,0,0,0,0,0,0,0,0,0,0,0,0,0,0,0,0,0,0,0,0,0,122,2026-02-05 22:41:25.902701
WNTR,23.94,23.91,23.94,825.0,1108900.0,,,1380100.0,,,,0,0,0,0,0,0,0,0,0,0,0,0,0,0,0,0,0,0,0,0,0,0,0,0,0,0,0,0,0,0,0,0,0,0,0,0,0,0,122,2026-02-05 22:41:25.902701
SPNG,26.92,26.92,27.09,943900.0,5000.0,825.0,12000.0,880200.0,5000.0,,,,0,0,0,0,0,0,0,0,0,0,0,0,0,0,0,0,0,0,0,0,0,0,0,0,0,0,0,0,0,0,0,0,0,0,0,0,0,123,2026-02-05 22:41:26.964271
SMMR,26.29,26.29,26.3,1925500.0,5000.0,825.0,,814600.0,,10000.0,5000.0,4277.0,0,0,0,0,0,0,0,0,0,0,0,0,0,0,0,0,0,0,0,0,0,0,0,0,0,0,0,0,0,0,0,0,0,0,0,0,0,123,2026-02-05 22:41:26.964271
ATMN,23.71,23.23,23.41,1239900.0,5000.0,,,828700.0,,9555.0,5000.0,,0,0,0,0,0,0,0,0,0,0,0,0,0,0,0,0,0,0,0,0,0,0,0,0,0,0,0,0,0,0,0,0,0,0,0,0,0,123,2026-02-05 22:41:26.964271
WNTR,23.92,23.9,23.93,1108900.0,5000.0,,,1682300.0,,,,,0,0,0,0,0,0,0,0,0,0,0,0,0,0,0,0,0,0,0,0,0,0,0,0,0,0,0,0,0,0,0,0,0,0,0,0,0,123,2026-02-05 22:41:26.964271
SPNG,27.16,27.05,27.16,200.0,652100.0,16500.0,954200.0,825.0,5000.0,,,,,0,0,0,0,0,0,0,0,0,0,0,0,0,0,0,0,0,0,0,0,0,0,0,0,0,0,0,0,0,0,0,0,0,0,0,0,124,2026-02-05 22:41:28.030623
SMMR,26.85,26.61,26.84,20000.0,1795200.0,,787700.0,825.0,5000.0,5000.0,5000.0,928.0,,0,0,0,0,0,0,0,0,0,0,0,0,0,0,0,0,0,0,0,0,0,0,0,0,0,0,0,0,0,0,0,0,0,0,0,0,124,2026-02-05 22:41:28.030623
ATMN,23.25,23.24,23.25,12138.0,1658000.0,,828700.0,,5000.0,,5000.0,7166.0,5000.0,0,0,0,0,0,0,0,0,0,0,0,0,0,0,0,0,0,0,0,0,0,0,0,0,0,0,0,0,0,0,0,0,0,0,0,0,124,2026-02-05 22:41:28.030623
WNTR,23.93,23.92,23.93,9989.0,1326600.0,,1571800.0,,5000.0,5000.0,5000.0,9989.0,5000.0,0,0,0,0,0,0,0,0,0,0,0,0,0,0,0,0,0,0,0,0,0,0,0,0,0,0,0,0,0,0,0,0,0,0,0,0,124,2026-02-05 22:41:28.030623
SPNG,27.22,27.06,27.15,825.0,16500.0,652100.0,100.0,825.0,878000.0,5000.0,5000.0,,,,0,0,0,0,0,0,0,0,0,0,0,0,0,0,0,0,0,0,0,0,0,0,0,0,0,0,0,0,0,0,0,0,0,0,0,125,2026-02-05 22:41:28.607284
SMMR,26.91,26.7,26.84,825.0,,1690100.0,20000.0,,767000.0,5000.0,5000.0,5000.0,5000.0,,0,0,0,0,0,0,0,0,0,0,0,0,0,0,0,0,0,0,0,0,0,0,0,0,0,0,0,0,0,0,0,0,0,0,0,125,2026-02-05 22:41:28.607284
ATMN,23.25,23.27,23.28,,,1881300.0,12138.0,825.0,828700.0,5000.0,5000.0,,5000.0,,0,0,0,0,0,0,0,0,0,0,0,0,0,0,0,0,0,0,0,0,0,0,0,0,0,0,0,0,0,0,0,0,0,0,0,125,2026-02-05 22:41:28.607284
WNTR,23.93,23.92,23.93,,,1326600.0,9989.0,,1684300.0,10000.0,5000.0,5000.0,10000.0,9989.0,0,0,0,0,0,0,0,0,0,0,0,0,0,0,0,0,0,0,0,0,0,0,0,0,0,0,0,0,0,0,0,0,0,0,0,125,2026-02-05 22:41:28.607284
SPNG,27.11,27.07,27.11,200.0,16500.0,652100.0,1112400.0,2000.0,10000.0,,,,,,0,0,0,0,0,0,0,0,0,0,0,0,0,0,0,0,0,0,0,0,0,0,0,0,0,0,0,0,0,0,0,0,0,0,0,126,2026-02-05 22:41:29.666667
SMMR,26.83,26.86,26.9,24886.0,,1499700.0,855700.0,,5000.0,825.0,5000.0,5000.0,825.0,,0,0,0,0,0,0,0,0,0,0,0,0,0,0,0,0,0,0,0,0,0,0,0,0,0,0,0,0,0,0,0,0,0,0,0,126,2026-02-05 22:41:29.666667
ATMN,23.74,23.38,23.44,12238.0,,1728900.0,976200.0,,5000.0,825.0,5000.0,5000.0,825.0,,0,0,0,0,0,0,0,0,0,0,0,0,0,0,0,0,0,0,0,0,0,0,0,0,0,0,0,0,0,0,0,0,0,0,0,126,2026-02-05 22:41:29.666667
WNTR,23.88,23.91,23.93,,,1171100.0,1440700.0,,5000.0,825.0,5000.0,,825.0,5000.0,0,0,0,0,0,0,0,0,0,0,0,0,0,0,0,0,0,0,0,0,0,0,0,0,0,0,0,0,0,0,0,0,0,0,0,126,2026-02-05 22:41:29.666667
SPNG,26.44,26.44,27.1,957500.0,13500.0,5000.0,4641.0,2000.0,5000.0,1035500.0,10000.0,,,,,0,0,0,0,0,0,0,0,0,0,0,0,0,0,0,0,0,0,0,0,0,0,0,0,0,0,0,0,0,0,0,0,0,0,127,2026-02-05 22:41:30.735479
SMMR,26.85,26.88,26.9,1998400.0,,5000.0,310.0,,5000.0,975600.0,5000.0,10000.0,,,,0,0,0,0,0,0,0,0,0,0,0,0,0,0,0,0,0,0,0,0,0,0,0,0,0,0,0,0,0,0,0,0,0,0,127,2026-02-05 22:41:30.735479
ATMN,23.9,23.39,23.43,2014000.0,,5000.0,,,5000.0,971200.0,,,825.0,5000.0,,0,0,0,0,0,0,0,0,0,0,0,0,0,0,0,0,0,0,0,0,0,0,0,0,0,0,0,0,0,0,0,0,0,0,127,2026-02-05 22:41:30.735479
WNTR,23.86,23.88,23.89,1396200.0,,5000.0,12500.0,,,1440700.0,5000.0,,825.0,5000.0,825.0,0,0,0,0,0,0,0,0,0,0,0,0,0,0,0,0,0,0,0,0,0,0,0,0,0,0,0,0,0,0,0,0,0,0,127,2026-02-05 22:41:30.735479
SPNG,26.44,26.5,27.09,825.0,9256.0,15000.0,668100.0,5000.0,825.0,4641.0,4000.0,1035500.0,10000.0,,,0,0,0,0,0,0,0,0,0,0,0,0,0,0,0,0,0,0,0,0,0,0,0,0,0,0,0,0,0,0,0,0,0,0,128,2026-02-05 22:41:31.810887
SMMR,26.85,26.88,26.9,825.0,,,1796400.0,5000.0,,410.0,,975600.0,5000.0,5000.0,5000.0,0,0,0,0,0,0,0,0,0,0,0,0,0,0,0,0,0,0,0,0,0,0,0,0,0,0,0,0,0,0,0,0,0,0,128,2026-02-05 22:41:31.810887
ATMN,23.38,23.38,23.65,,,,2014000.0,5000.0,825.0,,,1100700.0,5000.0,5000.0,5000.0,0,0,0,0,0,0,0,0,0,0,0,0,0,0,0,0,0,0,0,0,0,0,0,0,0,0,0,0,0,0,0,0,0,0,128,2026-02-05 22:41:31.810887
WNTR,24.0,23.87,23.88,825.0,9885.0,,1551300.0,,825.0,9885.0,,1440700.0,,5000.0,5000.0,0,0,0,0,0,0,0,0,0,0,0,0,0,0,0,0,0,0,0,0,0,0,0,0,0,0,0,0,0,0,0,0,0,0,128,2026-02-05 22:41:31.810887
SPNG,27.03,26.49,27.03,15000.0,865100.0,5000.0,1140300.0,5000.0,825.0,2000.0,10000.0,,,0,0,0,0,0,0,0,0,0,0,0,0,0,0,0,0,0,0,0,0,0,0,0,0,0,0,0,0,0,0,0,0,0,0,0,0,129,2026-02-05 22:41:32.863305
SMMR,26.91,26.95,26.97,,1887000.0,5000.0,859000.0,,,,5000.0,5000.0,,0,0,0,0,0,0,0,0,0,0,0,0,0,0,0,0,0,0,0,0,0,0,0,0,0,0,0,0,0,0,0,0,0,0,0,0,129,2026-02-05 22:41:32.863305
ATMN,23.56,23.53,23.55,,2115800.0,5000.0,1349900.0,5000.0,,,5000.0,5000.0,,0,0,0,0,0,0,0,0,0,0,0,0,0,0,0,0,0,0,0,0,0,0,0,0,0,0,0,0,0,0,0,0,0,0,0,0,129,2026-02-05 22:41:32.863305
WNTR,24.0,23.99,24.0,,1664100.0,,1773400.0,,,,5000.0,5000.0,3615.0,0,0,0,0,0,0,0,0,0,0,0,0,0,0,0,0,0,0,0,0,0,0,0,0,0,0,0,0,0,0,0,0,0,0,0,0,129,2026-02-05 22:41:32.863305
SPNG,26.43,26.43,27.02,1788900.0,5000.0,3000.0,5000.0,825.0,980500.0,4000.0,100.0,10000.0,,,0,0,0,0,0,0,0,0,0,0,0,0,0,0,0,0,0,0,0,0,0,0,0,0,0,0,0,0,0,0,0,0,0,0,0,130,2026-02-05 22:41:33.917986
SMMR,26.93,26.9,26.91,1777600.0,5000.0,,5000.0,825.0,1075000.0,,,5000.0,825.0,3687.0,0,0,0,0,0,0,0,0,0,0,0,0,0,0,0,0,0,0,0,0,0,0,0,0,0,0,0,0,0,0,0,0,0,0,0,130,2026-02-05 22:41:33.917986
ATMN,23.47,23.38,23.47,2115800.0,5000.0,,5000.0,,1592400.0,,9411.0,5000.0,825.0,,0,0,0,0,0,0,0,0,0,0,0,0,0,0,0,0,0,0,0,0,0,0,0,0,0,0,0,0,0,0,0,0,0,0,0,130,2026-02-05 22:41:33.917986
WNTR,23.95,23.88,23.92,1661600.0,,,5000.0,825.0,1512400.0,,13426.0,10000.0,825.0,9811.0,0,0,0,0,0,0,0,0,0,0,0,0,0,0,0,0,0,0,0,0,0,0,0,0,0,0,0,0,0,0,0,0,0,0,0,130,2026-02-05 22:41:33.917986
SPNG,27.09,27.1,27.21,5000.0,1379700.0,825.0,4500.0,5000.0,5000.0,1110600.0,3500.0,10000.0,,,,0,0,0,0,0,0,0,0,0,0,0,0,0,0,0,0,0,0,0,0,0,0,0,0,0,0,0,0,0,0,0,0,0,0,131,2026-02-05 22:41:34.976914
SMMR,26.93,26.9,26.91,,1651700.0,,,5000.0,,1287700.0,,5000.0,15560.0,2398.0,825.0,0,0,0,0,0,0,0,0,0,0,0,0,0,0,0,0,0,0,0,0,0,0,0,0,0,0,0,0,0,0,0,0,0,0,131,2026-02-05 22:41:34.976914
ATMN,23.46,23.47,23.59,5000.0,1957200.0,825.0,,5000.0,,1346300.0,,5000.0,9374.0,,,0,0,0,0,0,0,0,0,0,0,0,0,0,0,0,0,0,0,0,0,0,0,0,0,0,0,0,0,0,0,0,0,0,0,131,2026-02-05 22:41:34.976914
WNTR,23.88,23.89,23.9,10000.0,1697900.0,825.0,,,10000.0,1313700.0,,10000.0,17385.0,20290.0,825.0,0,0,0,0,0,0,0,0,0,0,0,0,0,0,0,0,0,0,0,0,0,0,0,0,0,0,0,0,0,0,0,0,0,0,131,2026-02-05 22:41:34.976914
SPNG,26.7,26.37,26.7,1694100.0,4500.0,5000.0,900000.0,825.0,5000.0,8000.0,10000.0,,,,0,0,0,0,0,0,0,0,0,0,0,0,0,0,0,0,0,0,0,0,0,0,0,0,0,0,0,0,0,0,0,0,0,0,0,132,2026-02-05 22:41:36.027958
SMMR,26.93,26.89,26.91,1852500.0,,5000.0,1396200.0,,5000.0,,5000.0,5000.0,,,0,0,0,0,0,0,0,0,0,0,0,0,0,0,0,0,0,0,0,0,0,0,0,0,0,0,0,0,0,0,0,0,0,0,0,132,2026-02-05 22:41:36.027958
ATMN,23.38,23.42,23.45,2237200.0,,5000.0,1481500.0,,5000.0,,5000.0,5000.0,,,0,0,0,0,0,0,0,0,0,0,0,0,0,0,0,0,0,0,0,0,0,0,0,0,0,0,0,0,0,0,0,0,0,0,0,132,2026-02-05 22:41:36.027958
WNTR,23.96,23.97,23.99,1909900.0,,5000.0,1813200.0,,,,10000.0,5000.0,9724.0,5000.0,0,0,0,0,0,0,0,0,0,0,0,0,0,0,0,0,0,0,0,0,0,0,0,0,0,0,0,0,0,0,0,0,0,0,0,132,2026-02-05 22:41:36.027958
SPNG,26.74,26.77,27.09,1650.0,908600.0,9000.0,5000.0,100.0,5000.0,825.0,961400.0,8000.0,10000.0,,,0,0,0,0,0,0,0,0,0,0,0,0,0,0,0,0,0,0,0,0,0,0,0,0,0,0,0,0,0,0,0,0,0,0,133,2026-02-05 22:41:37.087007
SMMR,26.82,26.88,26.9,,1840000.0,,,9461.0,5000.0,825.0,1498000.0,,5000.0,10440.0,5000.0,0,0,0,0,0,0,0,0,0,0,0,0,0,0,0,0,0,0,0,0,0,0,0,0,0,0,0,0,0,0,0,0,0,0,133,2026-02-05 22:41:37.087007
ATMN,23.48,23.48,23.59,825.0,1974900.0,,5000.0,3018.0,5000.0,,1595600.0,,5000.0,,,0,0,0,0,0,0,0,0,0,0,0,0,0,0,0,0,0,0,0,0,0,0,0,0,0,0,0,0,0,0,0,0,0,0,133,2026-02-05 22:41:37.087007
WNTR,23.94,23.85,23.94,,2075700.0,,,,5000.0,,1684800.0,,10000.0,14677.0,,0,0,0,0,0,0,0,0,0,0,0,0,0,0,0,0,0,0,0,0,0,0,0,0,0,0,0,0,0,0,0,0,0,0,133,2026-02-05 22:41:37.087007
SPNG,27.29,26.85,27.29,1650.0,200.0,10500.0,5000.0,695300.0,5000.0,1194600.0,1000.0,5000.0,,,,0,0,0,0,0,0,0,0,0,0,0,0,0,0,0,0,0,0,0,0,0,0,0,0,0,0,0,0,0,0,0,0,0,0,134,2026-02-05 22:41:37.640799
SMMR,26.92,26.88,26.9,,9461.0,,5000.0,1763400.0,5000.0,1386500.0,,5000.0,5000.0,,,0,0,0,0,0,0,0,0,0,0,0,0,0,0,0,0,0,0,0,0,0,0,0,0,0,0,0,0,0,0,0,0,0,0,134,2026-02-05 22:41:37.640799
ATMN,23.48,23.49,23.58,825.0,12264.0,,5000.0,1801800.0,5000.0,1809600.0,,5000.0,5000.0,2311.0,,0,0,0,0,0,0,0,0,0,0,0,0,0,0,0,0,0,0,0,0,0,0,0,0,0,0,0,0,0,0,0,0,0,0,134,2026-02-05 22:41:37.640799
WNTR,24.0,23.9,23.93,825.0,,,5000.0,1908100.0,5000.0,1564800.0,,10000.0,10000.0,,825.0,0,0,0,0,0,0,0,0,0,0,0,0,0,0,0,0,0,0,0,0,0,0,0,0,0,0,0,0,0,0,0,0,0,0,134,2026-02-05 22:41:37.640799
SPNG,27.19,27.19,27.2,405500.0,5000.0,15000.0,825.0,10074.0,5000.0,825.0,938200.0,4000.0,5000.0,10000.0,962.0,0,0,0,0,0,0,0,0,0,0,0,0,0,0,0,0,0,0,0,0,0,0,0,0,0,0,0,0,0,0,0,0,0,0,135,2026-02-05 22:41:38.707047
SMMR,26.83,26.83,26.9,1979000.0,,,,,5000.0,,1386500.0,,5000.0,5000.0,,0,0,0,0,0,0,0,0,0,0,0,0,0,0,0,0,0,0,0,0,0,0,0,0,0,0,0,0,0,0,0,0,0,0,135,2026-02-05 22:41:38.707047
ATMN,23.48,23.55,23.57,1646200.0,10000.0,,825.0,12264.0,5000.0,,1735500.0,,10000.0,5000.0,4932.0,0,0,0,0,0,0,0,0,0,0,0,0,0,0,0,0,0,0,0,0,0,0,0,0,0,0,0,0,0,0,0,0,0,0,135,2026-02-05 22:41:38.707047
WNTR,24.03,23.91,23.93,1908100.0,10000.0,,,,5000.0,,2054600.0,,5000.0,,,0,0,0,0,0,0,0,0,0,0,0,0,0,0,0,0,0,0,0,0,0,0,0,0,0,0,0,0,0,0,0,0,0,0,135,2026-02-05 22:41:38.707047
SPNG,26.94,26.84,26.93,10500.0,1189500.0,5000.0,969700.0,5000.0,5000.0,100.0,10000.0,,,0,0,0,0,0,0,0,0,0,0,0,0,0,0,0,0,0,0,0,0,0,0,0,0,0,0,0,0,0,0,0,0,0,0,0,0,136,2026-02-05 22:41:39.778115
SMMR,26.9,26.84,26.87,,1711000.0,5000.0,1491900.0,,5000.0,10000.0,5000.0,6539.0,5000.0,0,0,0,0,0,0,0,0,0,0,0,0,0,0,0,0,0,0,0,0,0,0,0,0,0,0,0,0,0,0,0,0,0,0,0,0,136,2026-02-05 22:41:39.778115
ATMN,23.48,23.54,23.57,,2286100.0,5000.0,2073000.0,,,2189.0,5000.0,,,0,0,0,0,0,0,0,0,0,0,0,0,0,0,0,0,0,0,0,0,0,0,0,0,0,0,0,0,0,0,0,0,0,0,0,0,136,2026-02-05 22:41:39.778115
WNTR,23.93,23.92,23.93,,1908100.0,5000.0,1819600.0,,5000.0,5836.0,5000.0,5000.0,5000.0,0,0,0,0,0,0,0,0,0,0,0,0,0,0,0,0,0,0,0,0,0,0,0,0,0,0,0,0,0,0,0,0,0,0,0,0,136,2026-02-05 22:41:39.778115
SPNG,27.29,26.89,27.29,5000.0,1950.0,15000.0,703800.0,5000.0,1378000.0,2000.0,10000.0,,,,0,0,0,0,0,0,0,0,0,0,0,0,0,0,0,0,0,0,0,0,0,0,0,0,0,0,0,0,0,0,0,0,0,0,0,137,2026-02-05 22:41:40.870109
SMMR,26.92,26.93,26.97,5000.0,9254.0,,1665100.0,5000.0,1390100.0,,5000.0,,,,0,0,0,0,0,0,0,0,0,0,0,0,0,0,0,0,0,0,0,0,0,0,0,0,0,0,0,0,0,0,0,0,0,0,0,137,2026-02-05 22:41:40.870109
ATMN,23.42,23.5,23.57,5000.0,,,2207400.0,5000.0,1888400.0,,5000.0,2289.0,5000.0,,0,0,0,0,0,0,0,0,0,0,0,0,0,0,0,0,0,0,0,0,0,0,0,0,0,0,0,0,0,0,0,0,0,0,0,137,2026-02-05 22:41:40.870109
WNTR,24.03,23.93,24.03,10000.0,5000.0,,1659900.0,5000.0,2035000.0,,5000.0,,,825.0,0,0,0,0,0,0,0,0,0,0,0,0,0,0,0,0,0,0,0,0,0,0,0,0,0,0,0,0,0,0,0,0,0,0,0,137,2026-02-05 22:41:40.870109
SPNG,27.3,26.92,26.94,5000.0,18000.0,594600.0,5000.0,2000.0,1407800.0,10000.0,,,,,0,0,0,0,0,0,0,0,0,0,0,0,0,0,0,0,0,0,0,0,0,0,0,0,0,0,0,0,0,0,0,0,0,0,0,138,2026-02-05 22:41:41.939426
