ticker,last_price,bid_price,ask_price,BUY_ANON,BUY_LAVL-1,SELL_LAVL-1,SELL_WRSW-3,SELL_ANON,BUY_WRSW-3,BUY_WRSW-2,SELL_WRSW-1,SELL_COLA-1,BUY_NAIT-1,BUY_WRSW-1,SELL_BRCH-1,SELL_UOTB-2,SELL_UOTB-1,BUY_UEBR-1,BUY_COLA-3,BUY_BRCH-1,SELL_UEBR-1,BUY_UOTB-1,BUY_UOTB-2,BUY_UOTB-3,SELL_COLA-3,SELL_WRSW-2,BUY_COLA-1,SELL_UOTB-3,SELL_NAIT-1,tick,timestamp,news_news_id,news_period,news_tick,news_ticker,news_headline,news_body
SPNG,25.0,24.6,24.96,1851400.0,300.0,300.0,6000.0,1925600.0,,0,0,0,0,0,0,0,0,0,0,0,0,0,0,0,0,0,0,0,0,1,2026-02-04 15:35:26.337594,2.0,1.0,1.0,,Aggregate Position Limit,Your CRO has set the aggregate position limit to 12000 shares for this week.
SMMR,25.1,24.98,25.1,2228100.0,,,,2360200.0,,0,0,0,0,0,0,0,0,0,0,0,0,0,0,0,0,0,0,0,0,1,2026-02-04 15:35:26.337594,1.0,1.0,1.0,,Welcome to the RITC 2026 Alogithmic Market Making Case - practice server,
ATMN,24.97,25.0,25.2,2172300.0,,,,2235600.0,6000.0,0,0,0,0,0,0,0,0,0,0,0,0,0,0,0,0,0,0,0,0,1,2026-02-04 15:35:26.337594,,,,,,
WNTR,25.0,24.97,25.01,2065300.0,,,,2140300.0,,0,0,0,0,0,0,0,0,0,0,0,0,0,0,0,0,0,0,0,0,1,2026-02-04 15:35:26.337594,,,,,,
SPNG,24.6,24.6,25.31,1851400.0,300.0,2131000.0,,0,0,0,0,0,0,0,0,0,0,0,0,0,0,0,0,0,0,0,0,0,0,2,2026-02-04 15:35:26.891841
SMMR,25.1,24.98,25.1,2228100.0,300.0,2252900.0,300.0,0,0,0,0,0,0,0,0,0,0,0,0,0,0,0,0,0,0,0,0,0,0,2,2026-02-04 15:35:26.891841
ATMN,25.0,24.91,24.94,2157600.0,300.0,2132900.0,300.0,0,0,0,0,0,0,0,0,0,0,0,0,0,0,0,0,0,0,0,0,0,0,2,2026-02-04 15:35:26.891841
WNTR,25.0,24.97,25.01,1961300.0,300.0,2157700.0,,0,0,0,0,0,0,0,0,0,0,0,0,0,0,0,0,0,0,0,0,0,0,2,2026-02-04 15:35:26.891841
SPNG,25.31,25.38,25.58,1968600.0,300.0,2139300.0,0,0,0,0,0,0,0,0,0,0,0,0,0,0,0,0,0,0,0,0,0,0,0,3,2026-02-04 15:35:27.999983
SMMR,24.89,24.84,24.89,2366000.0,,2372600.0,0,0,0,0,0,0,0,0,0,0,0,0,0,0,0,0,0,0,0,0,0,0,0,3,2026-02-04 15:35:27.999983
ATMN,25.23,24.82,25.23,2229500.0,,2224100.0,0,0,0,0,0,0,0,0,0,0,0,0,0,0,0,0,0,0,0,0,0,0,0,3,2026-02-04 15:35:27.999983
WNTR,25.0,24.97,25.01,2065300.0,,2168200.0,0,0,0,0,0,0,0,0,0,0,0,0,0,0,0,0,0,0,0,0,0,0,0,3,2026-02-04 15:35:27.999983
SPNG,25.06,25.22,25.58,2092400.0,2022500.0,300.0,,0,0,0,0,0,0,0,0,0,0,0,0,0,0,0,0,0,0,0,0,0,0,4,2026-02-04 15:35:29.096829
SMMR,24.89,24.87,24.89,2200300.0,2238900.0,300.0,300.0,0,0,0,0,0,0,0,0,0,0,0,0,0,0,0,0,0,0,0,0,0,0,4,2026-02-04 15:35:29.096829
ATMN,25.23,24.82,25.02,2130700.0,2129500.0,300.0,300.0,0,0,0,0,0,0,0,0,0,0,0,0,0,0,0,0,0,0,0,0,0,0,4,2026-02-04 15:35:29.096829
WNTR,25.0,24.98,25.01,2067200.0,2161200.0,,,0,0,0,0,0,0,0,0,0,0,0,0,0,0,0,0,0,0,0,0,0,0,4,2026-02-04 15:35:29.096829
SPNG,25.22,25.05,25.22,300.0,1966600.0,2047300.0,300.0,0,0,0,0,0,0,0,0,0,0,0,0,0,0,0,0,0,0,0,0,0,0,5,2026-02-04 15:35:30.141708
SMMR,25.11,24.92,25.01,300.0,2200300.0,2217700.0,300.0,0,0,0,0,0,0,0,0,0,0,0,0,0,0,0,0,0,0,0,0,0,0,5,2026-02-04 15:35:30.141708
ATMN,24.75,24.75,25.02,300.0,2103700.0,2129500.0,300.0,0,0,0,0,0,0,0,0,0,0,0,0,0,0,0,0,0,0,0,0,0,0,5,2026-02-04 15:35:30.141708
WNTR,25.02,24.98,25.02,,2067200.0,2204400.0,,0,0,0,0,0,0,0,0,0,0,0,0,0,0,0,0,0,0,0,0,0,0,5,2026-02-04 15:35:30.141708
SPNG,24.71,24.6,24.71,2088600.0,2042100.0,6000.0,0,0,0,0,0,0,0,0,0,0,0,0,0,0,0,0,0,0,0,0,0,0,0,6,2026-02-04 15:35:31.184359
SMMR,25.11,25.05,25.23,2308700.0,2337500.0,,0,0,0,0,0,0,0,0,0,0,0,0,0,0,0,0,0,0,0,0,0,0,0,6,2026-02-04 15:35:31.184359
ATMN,24.75,24.75,25.16,2214200.0,2212800.0,,0,0,0,0,0,0,0,0,0,0,0,0,0,0,0,0,0,0,0,0,0,0,0,6,2026-02-04 15:35:31.184359
WNTR,25.02,24.98,25.02,2067200.0,2223500.0,,0,0,0,0,0,0,0,0,0,0,0,0,0,0,0,0,0,0,0,0,0,0,0,6,2026-02-04 15:35:31.184359
SPNG,25.05,25.05,25.22,2110300.0,300.0,2131200.0,,,,0,0,0,0,0,0,0,0,0,0,0,0,0,0,0,0,0,0,0,0,7,2026-02-04 15:35:32.227014
SMMR,25.04,24.98,25.04,2214900.0,300.0,2094500.0,6000.0,300.0,,0,0,0,0,0,0,0,0,0,0,0,0,0,0,0,0,0,0,0,0,7,2026-02-04 15:35:32.227014
ATMN,24.75,24.75,24.9,2053800.0,300.0,2130000.0,,300.0,6000.0,0,0,0,0,0,0,0,0,0,0,0,0,0,0,0,0,0,0,0,0,7,2026-02-04 15:35:32.227014
WNTR,25.02,24.98,25.0,1951700.0,300.0,2126700.0,6000.0,,,0,0,0,0,0,0,0,0,0,0,0,0,0,0,0,0,0,0,0,0,7,2026-02-04 15:35:32.227014
SPNG,25.05,25.05,25.11,2004100.0,300.0,6000.0,1987100.0,300.0,,0,0,0,0,0,0,0,0,0,0,0,0,0,0,0,0,0,0,0,0,8,2026-02-04 15:35:33.272191
SMMR,25.23,24.98,25.23,2247400.0,300.0,,2219900.0,300.0,,0,0,0,0,0,0,0,0,0,0,0,0,0,0,0,0,0,0,0,0,8,2026-02-04 15:35:33.272191
ATMN,24.8,24.83,25.16,2053800.0,300.0,6000.0,2129900.0,300.0,,0,0,0,0,0,0,0,0,0,0,0,0,0,0,0,0,0,0,0,0,8,2026-02-04 15:35:33.272191
WNTR,25.0,24.98,25.0,1975700.0,300.0,,2077500.0,,6000.0,0,0,0,0,0,0,0,0,0,0,0,0,0,0,0,0,0,0,0,0,8,2026-02-04 15:35:33.272191
SPNG,24.6,24.88,25.11,6000.0,300.0,2008000.0,2009600.0,300.0,,0,0,0,0,0,0,0,0,0,0,0,0,0,0,0,0,0,0,0,0,9,2026-02-04 15:35:34.319299
SMMR,25.09,25.01,25.09,,,2372300.0,2193900.0,,6000.0,0,0,0,0,0,0,0,0,0,0,0,0,0,0,0,0,0,0,0,0,9,2026-02-04 15:35:34.319299
ATMN,24.96,25.13,25.16,6000.0,,2187000.0,2231700.0,,,0,0,0,0,0,0,0,0,0,0,0,0,0,0,0,0,0,0,0,0,9,2026-02-04 15:35:34.319299
WNTR,25.03,24.98,25.01,,,2071100.0,2079900.0,,6000.0,0,0,0,0,0,0,0,0,0,0,0,0,0,0,0,0,0,0,0,0,9,2026-02-04 15:35:34.319299
SPNG,24.94,24.74,24.94,300.0,6000.0,2008000.0,1913600.0,6000.0,300.0,0,0,0,0,0,0,0,0,0,0,0,0,0,0,0,0,0,0,0,0,10,2026-02-04 15:35:34.890483
SMMR,25.24,25.01,25.24,300.0,,2269500.0,2191700.0,,300.0,0,0,0,0,0,0,0,0,0,0,0,0,0,0,0,0,0,0,0,0,10,2026-02-04 15:35:34.890483
ATMN,25.13,25.13,25.16,300.0,6000.0,2075000.0,2132200.0,,300.0,0,0,0,0,0,0,0,0,0,0,0,0,0,0,0,0,0,0,0,0,10,2026-02-04 15:35:34.890483
WNTR,25.03,25.01,25.02,300.0,6000.0,1862200.0,2056700.0,6000.0,,0,0,0,0,0,0,0,0,0,0,0,0,0,0,0,0,0,0,0,0,10,2026-02-04 15:35:34.890483
SPNG,24.94,24.99,25.0,2011200.0,300.0,6000.0,6000.0,2045300.0,0,0,0,0,0,0,0,0,0,0,0,0,0,0,0,0,0,0,0,0,0,11,2026-02-04 15:35:35.962140
SMMR,24.97,24.97,25.11,2323100.0,,,6000.0,2190100.0,0,0,0,0,0,0,0,0,0,0,0,0,0,0,0,0,0,0,0,0,0,11,2026-02-04 15:35:35.962140
ATMN,25.16,24.81,25.16,2193300.0,,6000.0,,2231700.0,0,0,0,0,0,0,0,0,0,0,0,0,0,0,0,0,0,0,0,0,0,11,2026-02-04 15:35:35.962140
WNTR,24.84,24.84,24.94,2116600.0,,,,2181100.0,0,0,0,0,0,0,0,0,0,0,0,0,0,0,0,0,0,0,0,0,0,11,2026-02-04 15:35:35.962140
SPNG,24.6,24.5,24.6,2211900.0,1950700.0,6000.0,300.0,,,0,0,0,0,0,0,0,0,0,0,0,0,0,0,0,0,0,0,0,0,12,2026-02-04 15:35:37.002508
SMMR,25.09,25.05,25.07,2272100.0,2064200.0,6000.0,300.0,300.0,,0,0,0,0,0,0,0,0,0,0,0,0,0,0,0,0,0,0,0,0,12,2026-02-04 15:35:37.002508
ATMN,24.88,24.9,25.18,2109300.0,2140800.0,,300.0,150.0,6000.0,0,0,0,0,0,0,0,0,0,0,0,0,0,0,0,0,0,0,0,0,12,2026-02-04 15:35:37.002508
WNTR,24.84,24.84,24.94,1990000.0,2181100.0,,,300.0,,0,0,0,0,0,0,0,0,0,0,0,0,0,0,0,0,0,0,0,0,12,2026-02-04 15:35:37.002508
SPNG,25.11,24.5,25.11,2156300.0,150.0,2162400.0,,,0,0,0,0,0,0,0,0,0,0,0,0,0,0,0,0,0,0,0,0,0,13,2026-02-04 15:35:38.055754
SMMR,25.02,24.97,25.0,2206900.0,300.0,2193800.0,6000.0,,0,0,0,0,0,0,0,0,0,0,0,0,0,0,0,0,0,0,0,0,0,13,2026-02-04 15:35:38.055754
ATMN,25.07,24.9,25.07,2213800.0,,2272800.0,,6000.0,0,0,0,0,0,0,0,0,0,0,0,0,0,0,0,0,0,0,0,0,0,13,2026-02-04 15:35:38.055754
WNTR,25.03,24.98,25.03,2107000.0,,2182900.0,,,0,0,0,0,0,0,0,0,0,0,0,0,0,0,0,0,0,0,0,0,0,13,2026-02-04 15:35:38.055754
SPNG,24.85,24.86,24.94,2087600.0,6000.0,150.0,6000.0,2045300.0,0,0,0,0,0,0,0,0,0,0,0,0,0,0,0,0,0,0,0,0,0,14,2026-02-04 15:35:39.095202
SMMR,25.0,24.97,25.0,2216500.0,,300.0,6000.0,2187800.0,0,0,0,0,0,0,0,0,0,0,0,0,0,0,0,0,0,0,0,0,0,14,2026-02-04 15:35:39.095202
ATMN,24.73,24.89,25.07,2182800.0,6000.0,,,2307800.0,0,0,0,0,0,0,0,0,0,0,0,0,0,0,0,0,0,0,0,0,0,14,2026-02-04 15:35:39.095202
WNTR,24.98,24.98,25.04,2137500.0,,,,2170600.0,0,0,0,0,0,0,0,0,0,0,0,0,0,0,0,0,0,0,0,0,0,14,2026-02-04 15:35:39.095202
SPNG,24.86,24.92,25.22,300.0,2087600.0,6000.0,2052300.0,300.0,,0,0,0,0,0,0,0,0,0,0,0,0,0,0,0,0,0,0,0,0,15,2026-02-04 15:35:40.134465
SMMR,24.9,24.9,25.0,300.0,2188400.0,,2071200.0,300.0,6000.0,0,0,0,0,0,0,0,0,0,0,0,0,0,0,0,0,0,0,0,0,15,2026-02-04 15:35:40.134465
ATMN,25.07,25.15,25.18,150.0,2176800.0,,2317900.0,,,0,0,0,0,0,0,0,0,0,0,0,0,0,0,0,0,0,0,0,0,15,2026-02-04 15:35:40.134465
WNTR,25.04,24.98,25.04,,2113100.0,,2180100.0,,,0,0,0,0,0,0,0,0,0,0,0,0,0,0,0,0,0,0,0,0,15,2026-02-04 15:35:40.134465
SPNG,25.0,25.13,25.22,2197500.0,6000.0,2156600.0,,0,0,0,0,0,0,0,0,0,0,0,0,0,0,0,0,0,0,0,0,0,0,16,2026-02-04 15:35:41.165505
SMMR,24.87,24.97,25.0,2275100.0,,2170500.0,6000.0,0,0,0,0,0,0,0,0,0,0,0,0,0,0,0,0,0,0,0,0,0,0,16,2026-02-04 15:35:41.165505
ATMN,24.59,24.82,25.11,2130800.0,1334.0,2339600.0,,0,0,0,0,0,0,0,0,0,0,0,0,0,0,0,0,0,0,0,0,0,0,16,2026-02-04 15:35:41.165505
WNTR,24.94,24.9,24.94,2081900.0,,2194600.0,,0,0,0,0,0,0,0,0,0,0,0,0,0,0,0,0,0,0,0,0,0,0,16,2026-02-04 15:35:41.165505
SPNG,24.5,24.5,25.0,2282600.0,2030400.0,300.0,,,,0,0,0,0,0,0,0,0,0,0,0,0,0,0,0,0,0,0,0,0,17,2026-02-04 15:35:42.196498
SMMR,24.87,24.97,25.0,2120700.0,2092300.0,300.0,300.0,6000.0,,0,0,0,0,0,0,0,0,0,0,0,0,0,0,0,0,0,0,0,0,17,2026-02-04 15:35:42.196498
ATMN,24.43,24.82,24.94,2004300.0,2106200.0,300.0,300.0,6000.0,6000.0,0,0,0,0,0,0,0,0,0,0,0,0,0,0,0,0,0,0,0,0,17,2026-02-04 15:35:42.196498
WNTR,24.92,24.9,24.92,1963800.0,2049000.0,300.0,300.0,,,0,0,0,0,0,0,0,0,0,0,0,0,0,0,0,0,0,0,0,0,17,2026-02-04 15:35:42.196498
SPNG,25.22,24.67,25.22,150.0,6000.0,2022400.0,2130900.0,,,0,0,0,0,0,0,0,0,0,0,0,0,0,0,0,0,0,0,0,0,18,2026-02-04 15:35:43.235652
SMMR,24.87,24.97,25.0,300.0,,2189600.0,2092300.0,6000.0,300.0,0,0,0,0,0,0,0,0,0,0,0,0,0,0,0,0,0,0,0,0,18,2026-02-04 15:35:43.235652
ATMN,24.94,25.1,25.11,,4666.0,2139200.0,2325700.0,,,0,0,0,0,0,0,0,0,0,0,0,0,0,0,0,0,0,0,0,0,18,2026-02-04 15:35:43.235652
WNTR,24.92,24.9,24.92,,,2097100.0,2150300.0,,,0,0,0,0,0,0,0,0,0,0,0,0,0,0,0,0,0,0,0,0,18,2026-02-04 15:35:43.235652
SPNG,24.68,24.61,24.68,2279000.0,2154300.0,,0,0,0,0,0,0,0,0,0,0,0,0,0,0,0,0,0,0,0,0,0,0,0,19,2026-02-04 15:35:44.272836
SMMR,24.96,24.96,25.07,2315800.0,2305100.0,,0,0,0,0,0,0,0,0,0,0,0,0,0,0,0,0,0,0,0,0,0,0,0,19,2026-02-04 15:35:44.272836
ATMN,25.1,25.1,25.11,2100300.0,2330800.0,6000.0,0,0,0,0,0,0,0,0,0,0,0,0,0,0,0,0,0,0,0,0,0,0,0,19,2026-02-04 15:35:44.272836
WNTR,24.92,24.9,24.92,2145300.0,2150300.0,,0,0,0,0,0,0,0,0,0,0,0,0,0,0,0,0,0,0,0,0,0,0,0,19,2026-02-04 15:35:44.272836
SPNG,24.85,24.85,25.09,6000.0,2045400.0,300.0,2158700.0,0,0,0,0,0,0,0,0,0,0,0,0,0,0,0,0,0,0,0,0,0,0,20,2026-02-04 15:35:45.321951
SMMR,25.02,25.04,25.06,2083.0,2098000.0,300.0,2325500.0,0,0,0,0,0,0,0,0,0,0,0,0,0,0,0,0,0,0,0,0,0,0,20,2026-02-04 15:35:45.321951
ATMN,24.42,24.63,24.96,,2074600.0,,2327000.0,0,0,0,0,0,0,0,0,0,0,0,0,0,0,0,0,0,0,0,0,0,0,20,2026-02-04 15:35:45.321951
WNTR,24.9,24.9,24.92,,2148200.0,,2150300.0,0,0,0,0,0,0,0,0,0,0,0,0,0,0,0,0,0,0,0,0,0,0,20,2026-02-04 15:35:45.321951
SPNG,25.2,25.2,25.22,2049300.0,300.0,6000.0,2030600.0,300.0,,0,0,0,0,0,0,0,0,0,0,0,0,0,0,0,0,0,0,0,0,21,2026-02-04 15:35:46.365089
SMMR,25.06,25.04,25.06,1991500.0,300.0,6000.0,2215600.0,300.0,,0,0,0,0,0,0,0,0,0,0,0,0,0,0,0,0,0,0,0,0,21,2026-02-04 15:35:46.365089
ATMN,24.67,24.63,24.67,2012200.0,150.0,6000.0,2071200.0,300.0,6000.0,0,0,0,0,0,0,0,0,0,0,0,0,0,0,0,0,0,0,0,0,21,2026-02-04 15:35:46.365089
WNTR,25.04,24.9,25.04,2083500.0,300.0,,2156300.0,,,0,0,0,0,0,0,0,0,0,0,0,0,0,0,0,0,0,0,0,0,21,2026-02-04 15:35:46.365089
SPNG,24.61,24.86,25.0,6000.0,300.0,2045400.0,2150700.0,,0,0,0,0,0,0,0,0,0,0,0,0,0,0,0,0,0,0,0,0,0,22,2026-02-04 15:35:47.400301
SMMR,24.89,25.01,25.06,,,2277000.0,2352200.0,,0,0,0,0,0,0,0,0,0,0,0,0,0,0,0,0,0,0,0,0,0,22,2026-02-04 15:35:47.400301
ATMN,24.49,24.49,24.84,,,2255000.0,2207600.0,6000.0,0,0,0,0,0,0,0,0,0,0,0,0,0,0,0,0,0,0,0,0,0,22,2026-02-04 15:35:47.400301
WNTR,25.04,24.9,25.03,,,2188500.0,2149500.0,,0,0,0,0,0,0,0,0,0,0,0,0,0,0,0,0,0,0,0,0,0,22,2026-02-04 15:35:47.400301
SPNG,25.0,24.37,25.0,2309500.0,1923900.0,6000.0,300.0,,,0,0,0,0,0,0,0,0,0,0,0,0,0,0,0,0,0,0,0,0,23,2026-02-04 15:35:47.934273
SMMR,25.1,25.01,25.04,2036900.0,2208200.0,,300.0,6000.0,300.0,0,0,0,0,0,0,0,0,0,0,0,0,0,0,0,0,0,0,0,0,23,2026-02-04 15:35:47.934273
ATMN,24.96,24.53,24.96,2162200.0,2184200.0,,300.0,,150.0,0,0,0,0,0,0,0,0,0,0,0,0,0,0,0,0,0,0,0,0,23,2026-02-04 15:35:47.934273
WNTR,25.04,24.97,25.03,2094000.0,2149500.0,,,,300.0,0,0,0,0,0,0,0,0,0,0,0,0,0,0,0,0,0,0,0,0,23,2026-02-04 15:35:47.934273
SPNG,25.22,24.83,25.17,2184700.0,150.0,300.0,2030600.0,0,0,0,0,0,0,0,0,0,0,0,0,0,0,0,0,0,0,0,0,0,0,24,2026-02-04 15:35:48.973735
SMMR,25.05,25.01,25.05,2277000.0,,,2329300.0,0,0,0,0,0,0,0,0,0,0,0,0,0,0,0,0,0,0,0,0,0,0,24,2026-02-04 15:35:48.973735
ATMN,24.71,24.72,24.96,2274000.0,,,2274700.0,0,0,0,0,0,0,0,0,0,0,0,0,0,0,0,0,0,0,0,0,0,0,24,2026-02-04 15:35:48.973735
WNTR,25.04,24.97,25.03,2213400.0,,,2125100.0,0,0,0,0,0,0,0,0,0,0,0,0,0,0,0,0,0,0,0,0,0,0,24,2026-02-04 15:35:48.973735
SPNG,24.83,24.83,25.01,2199700.0,150.0,6000.0,1906500.0,300.0,,0,0,0,0,0,0,0,0,0,0,0,0,0,0,0,0,0,0,0,0,25,2026-02-04 15:35:50.025882
SMMR,24.99,24.99,25.12,2050300.0,300.0,,2204300.0,300.0,6000.0,0,0,0,0,0,0,0,0,0,0,0,0,0,0,0,0,0,0,0,0,25,2026-02-04 15:35:50.025882
ATMN,24.72,24.58,24.64,2064100.0,150.0,,2262300.0,,6000.0,0,0,0,0,0,0,0,0,0,0,0,0,0,0,0,0,0,0,0,0,25,2026-02-04 15:35:50.025882
WNTR,24.97,24.97,25.03,2213400.0,,,2117300.0,,,0,0,0,0,0,0,0,0,0,0,0,0,0,0,0,0,0,0,0,0,25,2026-02-04 15:35:50.025882
SPNG,24.83,24.92,24.98,2211400.0,150.0,1893700.0,6000.0,300.0,,0,0,0,0,0,0,0,0,0,0,0,0,0,0,0,0,0,0,0,0,26,2026-02-04 15:35:51.083216
SMMR,25.13,25.02,25.1,2043300.0,300.0,2203000.0,,300.0,6000.0,0,0,0,0,0,0,0,0,0,0,0,0,0,0,0,0,0,0,0,0,26,2026-02-04 15:35:51.083216
ATMN,25.04,24.53,25.04,2067500.0,150.0,2269900.0,,,6000.0,0,0,0,0,0,0,0,0,0,0,0,0,0,0,0,0,0,0,0,0,26,2026-02-04 15:35:51.083216
WNTR,24.9,24.9,25.01,2171300.0,,2128300.0,,,,0,0,0,0,0,0,0,0,0,0,0,0,0,0,0,0,0,0,0,0,26,2026-02-04 15:35:51.083216
SPNG,25.01,25.03,25.06,2312300.0,2109200.0,,0,0,0,0,0,0,0,0,0,0,0,0,0,0,0,0,0,0,0,0,0,0,0,27,2026-02-04 15:35:52.157971
SMMR,25.1,24.99,25.1,2256700.0,2302300.0,,0,0,0,0,0,0,0,0,0,0,0,0,0,0,0,0,0,0,0,0,0,0,0,27,2026-02-04 15:35:52.157971
ATMN,25.11,24.58,25.11,2172000.0,2256200.0,6000.0,0,0,0,0,0,0,0,0,0,0,0,0,0,0,0,0,0,0,0,0,0,0,0,27,2026-02-04 15:35:52.157971
WNTR,24.9,24.9,24.91,2171300.0,2128300.0,,0,0,0,0,0,0,0,0,0,0,0,0,0,0,0,0,0,0,0,0,0,0,0,27,2026-02-04 15:35:52.157971
SPNG,25.03,25.03,25.15,2072700.0,6000.0,150.0,1988600.0,300.0,,0,0,0,0,0,0,0,0,0,0,0,0,0,0,0,0,0,0,0,0,28,2026-02-04 15:35:53.218356
SMMR,25.13,25.05,25.09,2070900.0,4666.0,300.0,2153300.0,300.0,6000.0,0,0,0,0,0,0,0,0,0,0,0,0,0,0,0,0,0,0,0,0,28,2026-02-04 15:35:53.218356
ATMN,24.39,24.67,24.87,2146900.0,4666.0,,2007500.0,300.0,6000.0,0,0,0,0,0,0,0,0,0,0,0,0,0,0,0,0,0,0,0,0,28,2026-02-04 15:35:53.218356
WNTR,24.9,24.9,24.91,2073800.0,,300.0,2118500.0,,,0,0,0,0,0,0,0,0,0,0,0,0,0,0,0,0,0,0,0,0,28,2026-02-04 15:35:53.218356
SPNG,24.83,24.78,24.81,150.0,2173700.0,2003300.0,300.0,,,0,0,0,0,0,0,0,0,0,0,0,0,0,0,0,0,0,0,0,0,29,2026-02-04 15:35:54.271404
SMMR,25.13,25.07,25.1,300.0,2093200.0,2245500.0,,4666.0,6000.0,0,0,0,0,0,0,0,0,0,0,0,0,0,0,0,0,0,0,0,0,29,2026-02-04 15:35:54.271404
ATMN,24.69,24.59,24.69,,2176700.0,2143200.0,,4666.0,6000.0,0,0,0,0,0,0,0,0,0,0,0,0,0,0,0,0,0,0,0,0,29,2026-02-04 15:35:54.271404
WNTR,24.9,24.9,24.91,,2136800.0,2119400.0,,,,0,0,0,0,0,0,0,0,0,0,0,0,0,0,0,0,0,0,0,0,29,2026-02-04 15:35:54.271404
SPNG,25.25,24.83,25.0,6000.0,150.0,2091100.0,6000.0,1879300.0,300.0,0,0,0,0,0,0,0,0,0,0,0,0,0,0,0,0,0,0,0,0,30,2026-02-04 15:35:55.316586
SMMR,25.09,25.07,25.09,,,2320700.0,6000.0,2247300.0,,0,0,0,0,0,0,0,0,0,0,0,0,0,0,0,0,0,0,0,0,30,2026-02-04 15:35:55.316586
ATMN,24.98,24.59,24.69,4666.0,,2156300.0,6000.0,2114800.0,,0,0,0,0,0,0,0,0,0,0,0,0,0,0,0,0,0,0,0,0,30,2026-02-04 15:35:55.316586
WNTR,24.88,24.88,24.91,,,2078500.0,,2098000.0,,0,0,0,0,0,0,0,0,0,0,0,0,0,0,0,0,0,0,0,0,30,2026-02-04 15:35:55.316586
SPNG,24.62,25.16,25.27,2333000.0,1998900.0,300.0,,,0,0,0,0,0,0,0,0,0,0,0,0,0,0,0,0,0,0,0,0,0,31,2026-02-04 15:35:56.353255
SMMR,25.09,25.07,25.08,2231500.0,2097600.0,300.0,300.0,6000.0,0,0,0,0,0,0,0,0,0,0,0,0,0,0,0,0,0,0,0,0,0,31,2026-02-04 15:35:56.353255
ATMN,24.79,24.59,24.79,2156300.0,2146600.0,300.0,300.0,,0,0,0,0,0,0,0,0,0,0,0,0,0,0,0,0,0,0,0,0,0,31,2026-02-04 15:35:56.353255
WNTR,24.93,24.88,24.93,1994300.0,2112400.0,,300.0,,0,0,0,0,0,0,0,0,0,0,0,0,0,0,0,0,0,0,0,0,0,31,2026-02-04 15:35:56.353255
SPNG,25.16,24.96,25.09,150.0,6000.0,2091100.0,2069000.0,,0,0,0,0,0,0,0,0,0,0,0,0,0,0,0,0,0,0,0,0,0,32,2026-02-04 15:35:57.392308
SMMR,25.07,25.07,25.08,,,2320300.0,2206300.0,6000.0,0,0,0,0,0,0,0,0,0,0,0,0,0,0,0,0,0,0,0,0,0,32,2026-02-04 15:35:57.392308
ATMN,24.98,24.67,24.98,,4666.0,2180300.0,2244100.0,,0,0,0,0,0,0,0,0,0,0,0,0,0,0,0,0,0,0,0,0,0,32,2026-02-04 15:35:57.392308
WNTR,24.88,24.88,24.93,,,2057400.0,2147100.0,,0,0,0,0,0,0,0,0,0,0,0,0,0,0,0,0,0,0,0,0,0,32,2026-02-04 15:35:57.392308
SPNG,25.09,24.72,25.09,2269800.0,1964300.0,300.0,,,,0,0,0,0,0,0,0,0,0,0,0,0,0,0,0,0,0,0,0,0,33,2026-02-04 15:35:58.446639
SMMR,24.99,24.99,25.08,2201700.0,2206300.0,300.0,300.0,,,0,0,0,0,0,0,0,0,0,0,0,0,0,0,0,0,0,0,0,0,33,2026-02-04 15:35:58.446639
ATMN,24.98,24.69,24.77,2058200.0,1998800.0,300.0,300.0,6000.0,6000.0,0,0,0,0,0,0,0,0,0,0,0,0,0,0,0,0,0,0,0,0,33,2026-02-04 15:35:58.446639
WNTR,24.93,24.85,24.93,1950000.0,2054300.0,,300.0,,6000.0,0,0,0,0,0,0,0,0,0,0,0,0,0,0,0,0,0,0,0,0,33,2026-02-04 15:35:58.446639
SPNG,25.09,24.85,24.9,6000.0,2043600.0,150.0,1925100.0,6000.0,300.0,0,0,0,0,0,0,0,0,0,0,0,0,0,0,0,0,0,0,0,0,34,2026-02-04 15:35:59.488323
SMMR,24.93,24.93,25.08,,2198900.0,300.0,2340100.0,,,0,0,0,0,0,0,0,0,0,0,0,0,0,0,0,0,0,0,0,0,34,2026-02-04 15:35:59.488323
ATMN,24.69,24.39,24.42,,2279500.0,,2131400.0,6000.0,,0,0,0,0,0,0,0,0,0,0,0,0,0,0,0,0,0,0,0,0,34,2026-02-04 15:35:59.488323
WNTR,24.93,24.85,24.93,,2047200.0,,2050800.0,6000.0,,0,0,0,0,0,0,0,0,0,0,0,0,0,0,0,0,0,0,0,0,34,2026-02-04 15:35:59.488323
SPNG,25.22,24.85,24.88,6000.0,2043600.0,150.0,2079000.0,,0,0,0,0,0,0,0,0,0,0,0,0,0,0,0,0,0,0,0,0,0,35,2026-02-04 15:36:00.536891
SMMR,25.09,24.93,25.09,,2313500.0,,2210200.0,6000.0,0,0,0,0,0,0,0,0,0,0,0,0,0,0,0,0,0,0,0,0,0,35,2026-02-04 15:36:00.536891
ATMN,24.42,24.45,24.71,,2279700.0,,2099600.0,6000.0,0,0,0,0,0,0,0,0,0,0,0,0,0,0,0,0,0,0,0,0,0,35,2026-02-04 15:36:00.536891
WNTR,24.84,24.84,24.93,,2021400.0,,2168200.0,,0,0,0,0,0,0,0,0,0,0,0,0,0,0,0,0,0,0,0,0,0,35,2026-02-04 15:36:00.536891
SPNG,25.22,24.81,25.12,2153700.0,150.0,300.0,1988800.0,0,0,0,0,0,0,0,0,0,0,0,0,0,0,0,0,0,0,0,0,0,0,36,2026-02-04 15:36:01.068022
SMMR,25.13,24.93,25.13,2313500.0,,,2333800.0,0,0,0,0,0,0,0,0,0,0,0,0,0,0,0,0,0,0,0,0,0,0,36,2026-02-04 15:36:01.068022
ATMN,25.16,24.45,25.16,2279700.0,,,2198900.0,0,0,0,0,0,0,0,0,0,0,0,0,0,0,0,0,0,0,0,0,0,0,36,2026-02-04 15:36:01.068022
WNTR,24.84,24.84,24.93,2021400.0,,,2157600.0,0,0,0,0,0,0,0,0,0,0,0,0,0,0,0,0,0,0,0,0,0,0,36,2026-02-04 15:36:01.068022
SPNG,25.09,25.1,25.22,2061600.0,6000.0,150.0,2113500.0,,0,0,0,0,0,0,0,0,0,0,0,0,0,0,0,0,0,0,0,0,0,37,2026-02-04 15:36:02.139481
SMMR,24.89,24.89,25.1,2280600.0,,,2222000.0,6000.0,0,0,0,0,0,0,0,0,0,0,0,0,0,0,0,0,0,0,0,0,0,37,2026-02-04 15:36:02.139481
ATMN,25.18,24.49,25.18,2166200.0,6000.0,,2214500.0,,0,0,0,0,0,0,0,0,0,0,0,0,0,0,0,0,0,0,0,0,0,37,2026-02-04 15:36:02.139481
WNTR,24.94,24.84,24.94,2014900.0,,,2183600.0,,0,0,0,0,0,0,0,0,0,0,0,0,0,0,0,0,0,0,0,0,0,37,2026-02-04 15:36:02.139481
SPNG,25.1,25.1,25.22,2183600.0,6000.0,2156900.0,,0,0,0,0,0,0,0,0,0,0,0,0,0,0,0,0,0,0,0,0,0,0,38,2026-02-04 15:36:03.197673
SMMR,25.05,25.05,25.13,2295000.0,,2222000.0,6000.0,0,0,0,0,0,0,0,0,0,0,0,0,0,0,0,0,0,0,0,0,0,0,38,2026-02-04 15:36:03.197673
ATMN,24.4,24.67,25.18,2295400.0,,2214500.0,,0,0,0,0,0,0,0,0,0,0,0,0,0,0,0,0,0,0,0,0,0,0,38,2026-02-04 15:36:03.197673
WNTR,24.97,24.84,24.97,2014900.0,,2132700.0,,0,0,0,0,0,0,0,0,0,0,0,0,0,0,0,0,0,0,0,0,0,0,38,2026-02-04 15:36:03.197673
SPNG,25.09,24.81,25.22,2283700.0,2202900.0,,,0,0,0,0,0,0,0,0,0,0,0,0,0,0,0,0,0,0,0,0,0,0,39,2026-02-04 15:36:04.250059
SMMR,25.13,25.07,25.13,2276900.0,2299400.0,,,0,0,0,0,0,0,0,0,0,0,0,0,0,0,0,0,0,0,0,0,0,0,39,2026-02-04 15:36:04.250059
ATMN,24.67,24.71,24.76,2223500.0,2102800.0,6000.0,6000.0,0,0,0,0,0,0,0,0,0,0,0,0,0,0,0,0,0,0,0,0,0,0,39,2026-02-04 15:36:04.250059
WNTR,24.97,24.87,24.9,2036400.0,2156200.0,,,0,0,0,0,0,0,0,0,0,0,0,0,0,0,0,0,0,0,0,0,0,0,39,2026-02-04 15:36:04.250059
SPNG,24.82,24.82,25.22,2268800.0,2202900.0,0,0,0,0,0,0,0,0,0,0,0,0,0,0,0,0,0,0,0,0,0,0,0,0,40,2026-02-04 15:36:05.302056
SMMR,25.07,24.88,25.02,2275700.0,2285800.0,0,0,0,0,0,0,0,0,0,0,0,0,0,0,0,0,0,0,0,0,0,0,0,0,40,2026-02-04 15:36:05.302056
ATMN,24.71,24.71,24.83,2315900.0,2201300.0,0,0,0,0,0,0,0,0,0,0,0,0,0,0,0,0,0,0,0,0,0,0,0,0,40,2026-02-04 15:36:05.302056
WNTR,24.9,24.87,24.9,2036400.0,2155300.0,0,0,0,0,0,0,0,0,0,0,0,0,0,0,0,0,0,0,0,0,0,0,0,0,40,2026-02-04 15:36:05.302056
SPNG,25.09,24.77,25.22,2276700.0,2202900.0,,0,0,0,0,0,0,0,0,0,0,0,0,0,0,0,0,0,0,0,0,0,0,0,41,2026-02-04 15:36:06.344959
SMMR,25.15,25.15,25.16,2317900.0,2275900.0,,0,0,0,0,0,0,0,0,0,0,0,0,0,0,0,0,0,0,0,0,0,0,0,41,2026-02-04 15:36:06.344959
ATMN,24.8,24.8,24.83,2256600.0,2201300.0,6000.0,0,0,0,0,0,0,0,0,0,0,0,0,0,0,0,0,0,0,0,0,0,0,0,41,2026-02-04 15:36:06.344959
WNTR,24.9,24.87,24.88,2036300.0,2149400.0,,0,0,0,0,0,0,0,0,0,0,0,0,0,0,0,0,0,0,0,0,0,0,0,41,2026-02-04 15:36:06.344959
SPNG,25.22,24.77,25.22,2263300.0,2166900.0,0,0,0,0,0,0,0,0,0,0,0,0,0,0,0,0,0,0,0,0,0,0,0,0,42,2026-02-04 15:36:07.376967
SMMR,25.15,25.15,25.16,2317900.0,2285400.0,0,0,0,0,0,0,0,0,0,0,0,0,0,0,0,0,0,0,0,0,0,0,0,0,42,2026-02-04 15:36:07.376967
ATMN,24.48,24.48,24.67,2283200.0,2201100.0,0,0,0,0,0,0,0,0,0,0,0,0,0,0,0,0,0,0,0,0,0,0,0,0,42,2026-02-04 15:36:07.376967
WNTR,24.9,24.87,24.88,2036300.0,2113700.0,0,0,0,0,0,0,0,0,0,0,0,0,0,0,0,0,0,0,0,0,0,0,0,0,42,2026-02-04 15:36:07.376967
SPNG,25.11,25.11,25.27,2294000.0,2139200.0,0,0,0,0,0,0,0,0,0,0,0,0,0,0,0,0,0,0,0,0,0,0,0,0,43,2026-02-04 15:36:08.417587
SMMR,25.03,25.01,25.03,2305900.0,2262700.0,0,0,0,0,0,0,0,0,0,0,0,0,0,0,0,0,0,0,0,0,0,0,0,0,43,2026-02-04 15:36:08.417587
ATMN,24.67,24.78,24.83,2304900.0,2167000.0,0,0,0,0,0,0,0,0,0,0,0,0,0,0,0,0,0,0,0,0,0,0,0,0,43,2026-02-04 15:36:08.417587
WNTR,24.84,24.84,24.88,2009200.0,2132600.0,0,0,0,0,0,0,0,0,0,0,0,0,0,0,0,0,0,0,0,0,0,0,0,0,43,2026-02-04 15:36:08.417587
SPNG,25.11,25.11,25.27,2172000.0,6000.0,2152800.0,,0,0,0,0,0,0,0,0,0,0,0,0,0,0,0,0,0,0,0,0,0,0,44,2026-02-04 15:36:09.458836
SMMR,25.03,25.01,25.03,2312800.0,,2113300.0,6000.0,0,0,0,0,0,0,0,0,0,0,0,0,0,0,0,0,0,0,0,0,0,0,44,2026-02-04 15:36:09.458836
ATMN,24.67,24.48,24.59,2283200.0,,2185500.0,,0,0,0,0,0,0,0,0,0,0,0,0,0,0,0,0,0,0,0,0,0,0,44,2026-02-04 15:36:09.458836
WNTR,24.88,24.84,24.88,2034200.0,,2132600.0,,0,0,0,0,0,0,0,0,0,0,0,0,0,0,0,0,0,0,0,0,0,0,44,2026-02-04 15:36:09.458836
SPNG,25.28,24.86,25.28,2278000.0,2156000.0,0,0,0,0,0,0,0,0,0,0,0,0,0,0,0,0,0,0,0,0,0,0,0,0,45,2026-02-04 15:36:10.499099
SMMR,25.16,25.01,25.16,2316500.0,2263600.0,0,0,0,0,0,0,0,0,0,0,0,0,0,0,0,0,0,0,0,0,0,0,0,0,45,2026-02-04 15:36:10.499099
ATMN,24.8,24.8,24.83,2295900.0,2189400.0,0,0,0,0,0,0,0,0,0,0,0,0,0,0,0,0,0,0,0,0,0,0,0,0,45,2026-02-04 15:36:10.499099
WNTR,24.84,24.84,24.9,2037000.0,2094200.0,0,0,0,0,0,0,0,0,0,0,0,0,0,0,0,0,0,0,0,0,0,0,0,0,45,2026-02-04 15:36:10.499099
SPNG,25.09,24.86,25.06,2296200.0,2168800.0,,0,0,0,0,0,0,0,0,0,0,0,0,0,0,0,0,0,0,0,0,0,0,0,46,2026-02-04 15:36:11.561402
SMMR,25.16,25.01,25.09,2324600.0,2277600.0,,0,0,0,0,0,0,0,0,0,0,0,0,0,0,0,0,0,0,0,0,0,0,0,46,2026-02-04 15:36:11.561402
ATMN,24.8,24.8,24.83,2191400.0,2189100.0,6000.0,0,0,0,0,0,0,0,0,0,0,0,0,0,0,0,0,0,0,0,0,0,0,0,46,2026-02-04 15:36:11.561402
WNTR,24.84,24.84,24.9,2063200.0,2094200.0,,0,0,0,0,0,0,0,0,0,0,0,0,0,0,0,0,0,0,0,0,0,0,0,46,2026-02-04 15:36:11.561402
SPNG,25.06,24.86,25.06,2302100.0,2060300.0,6000.0,0,0,0,0,0,0,0,0,0,0,0,0,0,0,0,0,0,0,0,0,0,0,0,47,2026-02-04 15:36:12.120610
SMMR,25.07,25.01,25.02,2324600.0,2148600.0,6000.0,0,0,0,0,0,0,0,0,0,0,0,0,0,0,0,0,0,0,0,0,0,0,0,47,2026-02-04 15:36:12.120610
ATMN,24.8,24.8,24.83,2295900.0,2206100.0,,0,0,0,0,0,0,0,0,0,0,0,0,0,0,0,0,0,0,0,0,0,0,0,47,2026-02-04 15:36:12.120610
WNTR,24.84,24.87,24.89,2070900.0,2121800.0,,0,0,0,0,0,0,0,0,0,0,0,0,0,0,0,0,0,0,0,0,0,0,0,47,2026-02-04 15:36:12.120610
SPNG,24.86,24.96,25.06,2278200.0,2060300.0,6000.0,0,0,0,0,0,0,0,0,0,0,0,0,0,0,0,0,0,0,0,0,0,0,0,48,2026-02-04 15:36:13.237513
SMMR,25.01,25.01,25.02,2339300.0,2148600.0,6000.0,0,0,0,0,0,0,0,0,0,0,0,0,0,0,0,0,0,0,0,0,0,0,0,48,2026-02-04 15:36:13.237513
ATMN,24.56,24.38,24.56,2251400.0,2087200.0,6000.0,0,0,0,0,0,0,0,0,0,0,0,0,0,0,0,0,0,0,0,0,0,0,0,48,2026-02-04 15:36:13.237513
WNTR,24.87,24.87,24.89,2092900.0,2121800.0,,0,0,0,0,0,0,0,0,0,0,0,0,0,0,0,0,0,0,0,0,0,0,0,48,2026-02-04 15:36:13.237513
SPNG,24.96,24.88,24.95,2295800.0,2153400.0,0,0,0,0,0,0,0,0,0,0,0,0,0,0,0,0,0,0,0,0,0,0,0,0,49,2026-02-04 15:36:14.335272
SMMR,25.02,25.01,25.02,2312400.0,2288100.0,0,0,0,0,0,0,0,0,0,0,0,0,0,0,0,0,0,0,0,0,0,0,0,0,49,2026-02-04 15:36:14.335272
ATMN,24.38,24.38,24.56,2256900.0,2201000.0,0,0,0,0,0,0,0,0,0,0,0,0,0,0,0,0,0,0,0,0,0,0,0,0,49,2026-02-04 15:36:14.335272
WNTR,24.89,24.84,24.89,2079900.0,2101000.0,0,0,0,0,0,0,0,0,0,0,0,0,0,0,0,0,0,0,0,0,0,0,0,0,49,2026-02-04 15:36:14.335272
SPNG,25.28,24.88,25.26,2279300.0,2186900.0,0,0,0,0,0,0,0,0,0,0,0,0,0,0,0,0,0,0,0,0,0,0,0,0,50,2026-02-04 15:36:15.395085
SMMR,24.97,24.97,25.02,2293700.0,2274800.0,0,0,0,0,0,0,0,0,0,0,0,0,0,0,0,0,0,0,0,0,0,0,0,0,50,2026-02-04 15:36:15.395085
ATMN,24.83,24.38,24.83,2256900.0,2206100.0,0,0,0,0,0,0,0,0,0,0,0,0,0,0,0,0,0,0,0,0,0,0,0,0,50,2026-02-04 15:36:15.395085
WNTR,24.9,24.84,24.9,2091900.0,2104600.0,0,0,0,0,0,0,0,0,0,0,0,0,0,0,0,0,0,0,0,0,0,0,0,0,50,2026-02-04 15:36:15.395085
SPNG,24.91,24.88,24.91,2279300.0,2039800.0,6000.0,0,0,0,0,0,0,0,0,0,0,0,0,0,0,0,0,0,0,0,0,0,0,0,51,2026-02-04 15:36:16.474953
SMMR,25.08,24.97,25.08,2276600.0,2136500.0,6000.0,0,0,0,0,0,0,0,0,0,0,0,0,0,0,0,0,0,0,0,0,0,0,0,51,2026-02-04 15:36:16.474953
ATMN,24.35,24.35,24.7,2275200.0,2118200.0,6000.0,0,0,0,0,0,0,0,0,0,0,0,0,0,0,0,0,0,0,0,0,0,0,0,51,2026-02-04 15:36:16.474953
WNTR,24.83,24.83,24.9,2100900.0,2097500.0,,0,0,0,0,0,0,0,0,0,0,0,0,0,0,0,0,0,0,0,0,0,0,0,51,2026-02-04 15:36:16.474953
SPNG,24.91,24.88,24.91,2281200.0,2073400.0,6000.0,0,0,0,0,0,0,0,0,0,0,0,0,0,0,0,0,0,0,0,0,0,0,0,52,2026-02-04 15:36:17.149733
SMMR,25.09,24.97,25.09,2276600.0,2142700.0,6000.0,0,0,0,0,0,0,0,0,0,0,0,0,0,0,0,0,0,0,0,0,0,0,0,52,2026-02-04 15:36:17.149733
ATMN,24.33,24.33,24.36,2246100.0,2123200.0,6000.0,0,0,0,0,0,0,0,0,0,0,0,0,0,0,0,0,0,0,0,0,0,0,0,52,2026-02-04 15:36:17.149733
WNTR,24.9,24.83,24.9,2100900.0,2120500.0,,0,0,0,0,0,0,0,0,0,0,0,0,0,0,0,0,0,0,0,0,0,0,0,52,2026-02-04 15:36:17.149733
SPNG,24.94,24.86,24.94,2294700.0,2185000.0,0,0,0,0,0,0,0,0,0,0,0,0,0,0,0,0,0,0,0,0,0,0,0,0,53,2026-02-04 15:36:18.260991
SMMR,24.97,24.97,25.03,2276600.0,2245900.0,0,0,0,0,0,0,0,0,0,0,0,0,0,0,0,0,0,0,0,0,0,0,0,0,53,2026-02-04 15:36:18.260991
ATMN,24.45,24.45,24.52,2286600.0,2216300.0,0,0,0,0,0,0,0,0,0,0,0,0,0,0,0,0,0,0,0,0,0,0,0,0,53,2026-02-04 15:36:18.260991
WNTR,24.91,24.84,24.91,2097600.0,2145600.0,0,0,0,0,0,0,0,0,0,0,0,0,0,0,0,0,0,0,0,0,0,0,0,0,53,2026-02-04 15:36:18.260991
SPNG,24.94,25.11,25.26,2278900.0,2173500.0,0,0,0,0,0,0,0,0,0,0,0,0,0,0,0,0,0,0,0,0,0,0,0,0,54,2026-02-04 15:36:19.374213
SMMR,25.09,24.99,25.09,2317100.0,2246900.0,0,0,0,0,0,0,0,0,0,0,0,0,0,0,0,0,0,0,0,0,0,0,0,0,54,2026-02-04 15:36:19.374213
ATMN,24.3,24.3,24.82,2258900.0,2220400.0,0,0,0,0,0,0,0,0,0,0,0,0,0,0,0,0,0,0,0,0,0,0,0,0,54,2026-02-04 15:36:19.374213
WNTR,24.91,24.89,24.91,2096000.0,2145600.0,0,0,0,0,0,0,0,0,0,0,0,0,0,0,0,0,0,0,0,0,0,0,0,0,54,2026-02-04 15:36:19.374213
SPNG,25.11,25.11,25.26,2278900.0,2154300.0,0,0,0,0,0,0,0,0,0,0,0,0,0,0,0,0,0,0,0,0,0,0,0,0,55,2026-02-04 15:36:20.459018
SMMR,25.09,24.99,25.09,2272200.0,2239600.0,0,0,0,0,0,0,0,0,0,0,0,0,0,0,0,0,0,0,0,0,0,0,0,0,55,2026-02-04 15:36:20.459018
ATMN,24.3,24.41,24.48,2269400.0,2240500.0,0,0,0,0,0,0,0,0,0,0,0,0,0,0,0,0,0,0,0,0,0,0,0,0,55,2026-02-04 15:36:20.459018
WNTR,24.83,24.83,24.91,2076500.0,2145600.0,0,0,0,0,0,0,0,0,0,0,0,0,0,0,0,0,0,0,0,0,0,0,0,0,55,2026-02-04 15:36:20.459018
SPNG,25.11,24.85,24.89,2282200.0,2160300.0,0,0,0,0,0,0,0,0,0,0,0,0,0,0,0,0,0,0,0,0,0,0,0,0,56,2026-02-04 15:36:21.531068
SMMR,24.96,24.96,25.09,2282600.0,2239600.0,0,0,0,0,0,0,0,0,0,0,0,0,0,0,0,0,0,0,0,0,0,0,0,0,56,2026-02-04 15:36:21.531068
ATMN,24.3,24.45,24.48,2296800.0,2240500.0,0,0,0,0,0,0,0,0,0,0,0,0,0,0,0,0,0,0,0,0,0,0,0,0,56,2026-02-04 15:36:21.531068
WNTR,24.93,24.86,24.93,2073200.0,2143200.0,0,0,0,0,0,0,0,0,0,0,0,0,0,0,0,0,0,0,0,0,0,0,0,0,56,2026-02-04 15:36:21.531068
SPNG,24.89,24.72,24.89,2280800.0,2166900.0,0,0,0,0,0,0,0,0,0,0,0,0,0,0,0,0,0,0,0,0,0,0,0,0,57,2026-02-04 15:36:22.594998
SMMR,24.94,24.94,25.0,2280300.0,2226300.0,0,0,0,0,0,0,0,0,0,0,0,0,0,0,0,0,0,0,0,0,0,0,0,0,57,2026-02-04 15:36:22.594998
ATMN,24.44,24.46,24.48,2286100.0,2240500.0,0,0,0,0,0,0,0,0,0,0,0,0,0,0,0,0,0,0,0,0,0,0,0,0,57,2026-02-04 15:36:22.594998
WNTR,24.96,24.82,24.96,2028100.0,2164500.0,0,0,0,0,0,0,0,0,0,0,0,0,0,0,0,0,0,0,0,0,0,0,0,0,57,2026-02-04 15:36:22.594998
SPNG,25.05,25.05,25.26,2278600.0,2143600.0,0,0,0,0,0,0,0,0,0,0,0,0,0,0,0,0,0,0,0,0,0,0,0,0,58,2026-02-04 15:36:23.653272
SMMR,24.99,24.94,24.99,2305800.0,2254600.0,0,0,0,0,0,0,0,0,0,0,0,0,0,0,0,0,0,0,0,0,0,0,0,0,58,2026-02-04 15:36:23.653272
ATMN,24.48,24.46,24.48,2331200.0,2255600.0,0,0,0,0,0,0,0,0,0,0,0,0,0,0,0,0,0,0,0,0,0,0,0,0,58,2026-02-04 15:36:23.653272
WNTR,24.96,24.9,24.96,2100700.0,2164500.0,0,0,0,0,0,0,0,0,0,0,0,0,0,0,0,0,0,0,0,0,0,0,0,0,58,2026-02-04 15:36:23.653272
SPNG,24.67,24.67,25.26,2295400.0,2143600.0,0,0,0,0,0,0,0,0,0,0,0,0,0,0,0,0,0,0,0,0,0,0,0,0,59,2026-02-04 15:36:24.270973
SMMR,25.0,24.96,25.0,2343900.0,2226300.0,0,0,0,0,0,0,0,0,0,0,0,0,0,0,0,0,0,0,0,0,0,0,0,0,59,2026-02-04 15:36:24.270973
ATMN,24.48,24.49,24.82,2310400.0,2215800.0,0,0,0,0,0,0,0,0,0,0,0,0,0,0,0,0,0,0,0,0,0,0,0,0,59,2026-02-04 15:36:24.270973
WNTR,24.96,24.9,24.91,2107300.0,2139900.0,0,0,0,0,0,0,0,0,0,0,0,0,0,0,0,0,0,0,0,0,0,0,0,0,59,2026-02-04 15:36:24.270973
SPNG,25.19,26.19,26.81,907400.0,739500.0,0,0,0,0,0,0,0,0,0,0,0,0,0,0,0,0,0,0,0,0,0,0,0,0,60,2026-02-04 15:36:25.513302
SMMR,25.12,24.13,24.56,926700.0,919500.0,0,0,0,0,0,0,0,0,0,0,0,0,0,0,0,0,0,0,0,0,0,0,0,0,60,2026-02-04 15:36:25.513302
ATMN,24.46,25.56,25.87,1015500.0,732600.0,0,0,0,0,0,0,0,0,0,0,0,0,0,0,0,0,0,0,0,0,0,0,0,0,60,2026-02-04 15:36:25.513302
WNTR,25.94,25.94,26.21,853300.0,699300.0,0,0,0,0,0,0,0,0,0,0,0,0,0,0,0,0,0,0,0,0,0,0,0,0,60,2026-02-04 15:36:25.513302
SPNG,26.19,26.19,26.32,907400.0,965200.0,0,0,0,0,0,0,0,0,0,0,0,0,0,0,0,0,0,0,0,0,0,0,0,0,61,2026-02-04 15:36:26.580809
SMMR,25.12,24.13,24.24,926700.0,1294600.0,0,0,0,0,0,0,0,0,0,0,0,0,0,0,0,0,0,0,0,0,0,0,0,0,61,2026-02-04 15:36:26.580809
ATMN,24.46,25.56,25.87,1015500.0,1056500.0,0,0,0,0,0,0,0,0,0,0,0,0,0,0,0,0,0,0,0,0,0,0,0,0,61,2026-02-04 15:36:26.580809
WNTR,25.94,25.94,26.07,864200.0,909800.0,0,0,0,0,0,0,0,0,0,0,0,0,0,0,0,0,0,0,0,0,0,0,0,0,61,2026-02-04 15:36:26.580809
SPNG,26.34,26.19,26.34,907400.0,150.0,974000.0,300.0,0,0,0,0,0,0,0,0,0,0,0,0,0,0,0,0,0,0,0,0,0,0,62,2026-02-04 15:36:27.630689
SMMR,24.09,24.09,24.13,925600.0,300.0,1439500.0,300.0,0,0,0,0,0,0,0,0,0,0,0,0,0,0,0,0,0,0,0,0,0,0,62,2026-02-04 15:36:27.630689
ATMN,25.32,25.46,25.63,1047900.0,300.0,1147000.0,300.0,0,0,0,0,0,0,0,0,0,0,0,0,0,0,0,0,0,0,0,0,0,0,62,2026-02-04 15:36:27.630689
WNTR,26.07,25.94,26.07,864200.0,300.0,1117000.0,300.0,0,0,0,0,0,0,0,0,0,0,0,0,0,0,0,0,0,0,0,0,0,0,62,2026-02-04 15:36:27.630689
SPNG,26.39,26.28,26.39,1014500.0,150.0,956900.0,300.0,0,0,0,0,0,0,0,0,0,0,0,0,0,0,0,0,0,0,0,0,0,0,63,2026-02-04 15:36:28.696217
SMMR,24.09,24.09,24.13,925600.0,300.0,1814300.0,300.0,0,0,0,0,0,0,0,0,0,0,0,0,0,0,0,0,0,0,0,0,0,0,63,2026-02-04 15:36:28.696217
ATMN,25.51,25.32,25.42,1165200.0,,1378200.0,,0,0,0,0,0,0,0,0,0,0,0,0,0,0,0,0,0,0,0,0,0,0,63,2026-02-04 15:36:28.696217
WNTR,26.21,25.48,26.21,871600.0,,1102900.0,,0,0,0,0,0,0,0,0,0,0,0,0,0,0,0,0,0,0,0,0,0,0,63,2026-02-04 15:36:28.696217
SPNG,26.19,26.19,26.35,921000.0,150.0,1075800.0,300.0,0,0,0,0,0,0,0,0,0,0,0,0,0,0,0,0,0,0,0,0,0,0,64,2026-02-04 15:36:29.277673
SMMR,24.09,24.09,24.12,925600.0,300.0,2017100.0,300.0,0,0,0,0,0,0,0,0,0,0,0,0,0,0,0,0,0,0,0,0,0,0,64,2026-02-04 15:36:29.277673
ATMN,25.51,25.32,25.42,1425700.0,300.0,1378200.0,300.0,0,0,0,0,0,0,0,0,0,0,0,0,0,0,0,0,0,0,0,0,0,0,64,2026-02-04 15:36:29.277673
WNTR,26.03,26.03,26.21,981200.0,300.0,1189300.0,,0,0,0,0,0,0,0,0,0,0,0,0,0,0,0,0,0,0,0,0,0,0,64,2026-02-04 15:36:29.277673
SPNG,25.68,25.68,26.35,1117200.0,150.0,1075800.0,0,0,0,0,0,0,0,0,0,0,0,0,0,0,0,0,0,0,0,0,0,0,0,65,2026-02-04 15:36:30.359215
SMMR,24.03,23.71,23.87,985500.0,,2266000.0,0,0,0,0,0,0,0,0,0,0,0,0,0,0,0,0,0,0,0,0,0,0,0,65,2026-02-04 15:36:30.359215
ATMN,25.51,25.38,25.42,1748400.0,,1378200.0,0,0,0,0,0,0,0,0,0,0,0,0,0,0,0,0,0,0,0,0,0,0,0,65,2026-02-04 15:36:30.359215
WNTR,26.03,26.03,26.2,981200.0,,1487400.0,0,0,0,0,0,0,0,0,0,0,0,0,0,0,0,0,0,0,0,0,0,0,0,65,2026-02-04 15:36:30.359215
SPNG,25.68,25.93,26.35,1231700.0,150.0,1075800.0,0,0,0,0,0,0,0,0,0,0,0,0,0,0,0,0,0,0,0,0,0,0,0,66,2026-02-04 15:36:31.415517
SMMR,24.06,23.96,24.01,1119500.0,300.0,2258700.0,0,0,0,0,0,0,0,0,0,0,0,0,0,0,0,0,0,0,0,0,0,0,0,66,2026-02-04 15:36:31.415517
ATMN,25.56,25.38,25.55,1748400.0,,1420400.0,0,0,0,0,0,0,0,0,0,0,0,0,0,0,0,0,0,0,0,0,0,0,0,66,2026-02-04 15:36:31.415517
WNTR,25.99,25.99,26.03,1114700.0,,1609400.0,0,0,0,0,0,0,0,0,0,0,0,0,0,0,0,0,0,0,0,0,0,0,0,66,2026-02-04 15:36:31.415517
SPNG,25.93,25.93,26.35,1347300.0,300.0,6000.0,1188600.0,300.0,,0,0,0,0,0,0,0,0,0,0,0,0,0,0,0,0,0,0,0,0,67,2026-02-04 15:36:32.468330
SMMR,23.98,24.08,24.09,1238700.0,300.0,250.0,2017100.0,300.0,6000.0,0,0,0,0,0,0,0,0,0,0,0,0,0,0,0,0,0,0,0,0,67,2026-02-04 15:36:32.468330
ATMN,25.79,25.7,25.73,1852500.0,300.0,6000.0,1183400.0,,6000.0,0,0,0,0,0,0,0,0,0,0,0,0,0,0,0,0,0,0,0,0,67,2026-02-04 15:36:32.468330
WNTR,25.88,25.75,25.88,1082200.0,300.0,,1709100.0,300.0,6000.0,0,0,0,0,0,0,0,0,0,0,0,0,0,0,0,0,0,0,0,0,67,2026-02-04 15:36:32.468330
SPNG,26.13,26.21,26.28,1538900.0,6000.0,300.0,300.0,1302900.0,,0,0,0,0,0,0,0,0,0,0,0,0,0,0,0,0,0,0,0,0,68,2026-02-04 15:36:33.515155
SMMR,23.96,23.96,24.06,1261700.0,,,,2017100.0,6000.0,0,0,0,0,0,0,0,0,0,0,0,0,0,0,0,0,0,0,0,0,68,2026-02-04 15:36:33.515155
ATMN,25.87,25.61,25.87,1631100.0,250.0,,,1056500.0,,0,0,0,0,0,0,0,0,0,0,0,0,0,0,0,0,0,0,0,0,68,2026-02-04 15:36:33.515155
WNTR,25.88,25.9,25.99,1293300.0,,,,1692900.0,6000.0,0,0,0,0,0,0,0,0,0,0,0,0,0,0,0,0,0,0,0,0,68,2026-02-04 15:36:33.515155
SPNG,26.13,26.21,26.28,1538900.0,6000.0,300.0,300.0,1584000.0,,0,0,0,0,0,0,0,0,0,0,0,0,0,0,0,0,0,0,0,0,69,2026-02-04 15:36:34.565238
SMMR,24.08,24.08,24.12,1369200.0,5750.0,300.0,300.0,2017100.0,,0,0,0,0,0,0,0,0,0,0,0,0,0,0,0,0,0,0,0,0,69,2026-02-04 15:36:34.565238
ATMN,25.94,25.75,25.85,1765600.0,6000.0,300.0,,1060400.0,6000.0,0,0,0,0,0,0,0,0,0,0,0,0,0,0,0,0,0,0,0,0,69,2026-02-04 15:36:34.565238
WNTR,26.08,26.08,26.14,1404500.0,6000.0,,,1759700.0,,0,0,0,0,0,0,0,0,0,0,0,0,0,0,0,0,0,0,0,0,69,2026-02-04 15:36:34.565238
SPNG,25.93,25.93,26.28,1447100.0,6000.0,300.0,300.0,1584000.0,,0,0,0,0,0,0,0,0,0,0,0,0,0,0,0,0,0,0,0,0,70,2026-02-04 15:36:35.675850
SMMR,24.04,24.04,24.12,1264200.0,6000.0,300.0,300.0,2258900.0,,0,0,0,0,0,0,0,0,0,0,0,0,0,0,0,0,0,0,0,0,70,2026-02-04 15:36:35.675850
ATMN,25.51,25.32,25.39,1912600.0,,300.0,150.0,1177400.0,6000.0,0,0,0,0,0,0,0,0,0,0,0,0,0,0,0,0,0,0,0,0,70,2026-02-04 15:36:35.675850
WNTR,25.99,25.9,25.95,1293300.0,,300.0,300.0,1891900.0,,0,0,0,0,0,0,0,0,0,0,0,0,0,0,0,0,0,0,0,0,70,2026-02-04 15:36:35.675850
SPNG,25.93,25.78,25.85,1332600.0,1732700.0,300.0,,0,0,0,0,0,0,0,0,0,0,0,0,0,0,0,0,0,0,0,0,0,0,71,2026-02-04 15:36:36.749294
SMMR,23.71,23.71,24.03,1127700.0,2258900.0,,6000.0,0,0,0,0,0,0,0,0,0,0,0,0,0,0,0,0,0,0,0,0,0,0,71,2026-02-04 15:36:36.749294
ATMN,25.27,25.27,25.78,2002700.0,1060400.0,,6000.0,0,0,0,0,0,0,0,0,0,0,0,0,0,0,0,0,0,0,0,0,0,0,71,2026-02-04 15:36:36.749294
WNTR,25.95,25.9,25.95,1467900.0,1912700.0,,6000.0,0,0,0,0,0,0,0,0,0,0,0,0,0,0,0,0,0,0,0,0,0,0,71,2026-02-04 15:36:36.749294
SPNG,26.35,25.93,26.35,1420900.0,6000.0,1496600.0,300.0,,,0,0,0,0,0,0,0,0,0,0,0,0,0,0,0,0,0,0,0,0,72,2026-02-04 15:36:37.305649
SMMR,23.71,23.99,24.02,1375200.0,500.0,2137300.0,300.0,300.0,6000.0,0,0,0,0,0,0,0,0,0,0,0,0,0,0,0,0,0,0,0,0,72,2026-02-04 15:36:37.305649
ATMN,26.21,25.35,25.77,2138700.0,,946600.0,150.0,300.0,6000.0,0,0,0,0,0,0,0,0,0,0,0,0,0,0,0,0,0,0,0,0,72,2026-02-04 15:36:37.305649
WNTR,25.95,25.9,25.95,1586500.0,,1822300.0,300.0,300.0,6000.0,0,0,0,0,0,0,0,0,0,0,0,0,0,0,0,0,0,0,0,0,72,2026-02-04 15:36:37.305649
SPNG,26.35,25.93,26.25,1420900.0,6000.0,300.0,1717000.0,300.0,,0,0,0,0,0,0,0,0,0,0,0,0,0,0,0,0,0,0,0,0,73,2026-02-04 15:36:38.363466
SMMR,24.13,23.97,24.13,1484800.0,500.0,,2382200.0,,,0,0,0,0,0,0,0,0,0,0,0,0,0,0,0,0,0,0,0,0,73,2026-02-04 15:36:38.363466
ATMN,26.21,25.64,25.81,2251400.0,6000.0,,1158200.0,,6000.0,0,0,0,0,0,0,0,0,0,0,0,0,0,0,0,0,0,0,0,0,73,2026-02-04 15:36:38.363466
WNTR,25.95,25.9,25.95,1676300.0,,,2007600.0,,,0,0,0,0,0,0,0,0,0,0,0,0,0,0,0,0,0,0,0,0,73,2026-02-04 15:36:38.363466
SPNG,26.17,26.17,26.25,1517000.0,6000.0,300.0,1717000.0,300.0,,0,0,0,0,0,0,0,0,0,0,0,0,0,0,0,0,0,0,0,0,74,2026-02-04 15:36:39.454699
SMMR,24.13,23.97,24.13,1504800.0,2583.0,300.0,2237300.0,300.0,,0,0,0,0,0,0,0,0,0,0,0,0,0,0,0,0,0,0,0,0,74,2026-02-04 15:36:39.454699
ATMN,26.21,25.74,25.87,2366500.0,6000.0,,1480700.0,,6000.0,0,0,0,0,0,0,0,0,0,0,0,0,0,0,0,0,0,0,0,0,74,2026-02-04 15:36:39.454699
WNTR,25.95,25.9,25.95,2001100.0,,,1985700.0,,,0,0,0,0,0,0,0,0,0,0,0,0,0,0,0,0,0,0,0,0,74,2026-02-04 15:36:39.454699
SPNG,26.44,25.97,26.44,6000.0,1525000.0,300.0,1397700.0,,,0,0,0,0,0,0,0,0,0,0,0,0,0,0,0,0,0,0,0,0,75,2026-02-04 15:36:40.528498
SMMR,24.13,23.97,24.02,6000.0,1749800.0,300.0,2139100.0,6000.0,300.0,0,0,0,0,0,0,0,0,0,0,0,0,0,0,0,0,0,0,0,0,75,2026-02-04 15:36:40.528498
ATMN,25.48,25.48,25.87,,2253800.0,,1701200.0,6000.0,150.0,0,0,0,0,0,0,0,0,0,0,0,0,0,0,0,0,0,0,0,0,75,2026-02-04 15:36:40.528498
WNTR,25.97,25.9,25.97,,1970800.0,300.0,1898600.0,,300.0,0,0,0,0,0,0,0,0,0,0,0,0,0,0,0,0,0,0,0,0,75,2026-02-04 15:36:40.528498
SPNG,26.18,26.18,26.44,1558700.0,300.0,6000.0,1507200.0,300.0,,0,0,0,0,0,0,0,0,0,0,0,0,0,0,0,0,0,0,0,0,76,2026-02-04 15:36:41.569569
SMMR,23.88,23.96,24.02,1889500.0,300.0,2583.0,2230900.0,,6000.0,0,0,0,0,0,0,0,0,0,0,0,0,0,0,0,0,0,0,0,0,76,2026-02-04 15:36:41.569569
ATMN,25.27,25.78,25.87,2261700.0,,,1822200.0,,6000.0,0,0,0,0,0,0,0,0,0,0,0,0,0,0,0,0,0,0,0,0,76,2026-02-04 15:36:41.569569
WNTR,25.97,25.95,25.97,2090400.0,,,1994700.0,,,0,0,0,0,0,0,0,0,0,0,0,0,0,0,0,0,0,0,0,0,76,2026-02-04 15:36:41.569569
SPNG,26.4,25.78,26.4,1436700.0,1692300.0,300.0,,,0,0,0,0,0,0,0,0,0,0,0,0,0,0,0,0,0,0,0,0,0,77,2026-02-04 15:36:42.613865
SMMR,23.96,23.97,24.01,2130700.0,2230900.0,,2583.0,6000.0,0,0,0,0,0,0,0,0,0,0,0,0,0,0,0,0,0,0,0,0,0,77,2026-02-04 15:36:42.613865
ATMN,25.77,25.8,25.87,2261800.0,1822200.0,,,6000.0,0,0,0,0,0,0,0,0,0,0,0,0,0,0,0,0,0,0,0,0,0,77,2026-02-04 15:36:42.613865
WNTR,25.97,25.95,25.97,2039500.0,2015400.0,,,,0,0,0,0,0,0,0,0,0,0,0,0,0,0,0,0,0,0,0,0,0,77,2026-02-04 15:36:42.613865
SPNG,26.32,26.23,26.32,1553800.0,300.0,1868600.0,300.0,,,0,0,0,0,0,0,0,0,0,0,0,0,0,0,0,0,0,0,0,0,78,2026-02-04 15:36:43.663382
SMMR,23.97,23.97,24.02,2234700.0,300.0,2276300.0,300.0,2583.0,,0,0,0,0,0,0,0,0,0,0,0,0,0,0,0,0,0,0,0,0,78,2026-02-04 15:36:43.663382
ATMN,25.8,25.58,25.73,2138700.0,300.0,1910200.0,300.0,,6000.0,0,0,0,0,0,0,0,0,0,0,0,0,0,0,0,0,0,0,0,0,78,2026-02-04 15:36:43.663382
WNTR,25.95,25.95,25.97,1780900.0,300.0,1904500.0,,6000.0,6000.0,0,0,0,0,0,0,0,0,0,0,0,0,0,0,0,0,0,0,0,0,78,2026-02-04 15:36:43.663382
SPNG,26.32,25.78,26.32,1436700.0,300.0,1868600.0,,,0,0,0,0,0,0,0,0,0,0,0,0,0,0,0,0,0,0,0,0,0,79,2026-02-04 15:36:44.714915
SMMR,24.02,23.97,24.02,2228100.0,,2380300.0,6000.0,,0,0,0,0,0,0,0,0,0,0,0,0,0,0,0,0,0,0,0,0,0,79,2026-02-04 15:36:44.714915
ATMN,25.23,25.72,25.73,2156800.0,,1986400.0,,6000.0,0,0,0,0,0,0,0,0,0,0,0,0,0,0,0,0,0,0,0,0,0,79,2026-02-04 15:36:44.714915
WNTR,25.97,25.91,25.97,1998800.0,,2024700.0,,,0,0,0,0,0,0,0,0,0,0,0,0,0,0,0,0,0,0,0,0,0,79,2026-02-04 15:36:44.714915
SPNG,26.32,26.35,26.4,1781600.0,6000.0,300.0,1782900.0,,0,0,0,0,0,0,0,0,0,0,0,0,0,0,0,0,0,0,0,0,0,80,2026-02-04 15:36:45.760168
SMMR,24.04,24.06,24.08,2363500.0,,300.0,2245300.0,300.0,0,0,0,0,0,0,0,0,0,0,0,0,0,0,0,0,0,0,0,0,0,80,2026-02-04 15:36:45.760168
ATMN,25.71,25.71,25.73,2154300.0,,300.0,2004500.0,300.0,0,0,0,0,0,0,0,0,0,0,0,0,0,0,0,0,0,0,0,0,0,80,2026-02-04 15:36:45.760168
WNTR,26.06,25.91,26.06,1988200.0,,,2008200.0,,0,0,0,0,0,0,0,0,0,0,0,0,0,0,0,0,0,0,0,0,0,80,2026-02-04 15:36:45.760168
SPNG,26.11,26.11,26.4,1669600.0,1900800.0,0,0,0,0,0,0,0,0,0,0,0,0,0,0,0,0,0,0,0,0,0,0,0,0,81,2026-02-04 15:36:46.303276
SMMR,24.08,24.06,24.08,2509700.0,2380300.0,0,0,0,0,0,0,0,0,0,0,0,0,0,0,0,0,0,0,0,0,0,0,0,0,81,2026-02-04 15:36:46.303276
ATMN,25.23,25.23,25.73,2197800.0,2080700.0,0,0,0,0,0,0,0,0,0,0,0,0,0,0,0,0,0,0,0,0,0,0,0,0,81,2026-02-04 15:36:46.303276
WNTR,26.06,25.91,26.06,1967000.0,2008200.0,0,0,0,0,0,0,0,0,0,0,0,0,0,0,0,0,0,0,0,0,0,0,0,0,81,2026-02-04 15:36:46.303276
SPNG,26.44,26.11,26.16,1761100.0,6000.0,300.0,1891400.0,300.0,,0,0,0,0,0,0,0,0,0,0,0,0,0,0,0,0,0,0,0,0,82,2026-02-04 15:36:47.396109
SMMR,24.04,24.04,24.08,2246500.0,6000.0,300.0,2244900.0,300.0,,0,0,0,0,0,0,0,0,0,0,0,0,0,0,0,0,0,0,0,0,82,2026-02-04 15:36:47.396109
ATMN,25.73,25.56,25.73,2330000.0,,300.0,1905300.0,300.0,6000.0,0,0,0,0,0,0,0,0,0,0,0,0,0,0,0,0,0,0,0,0,82,2026-02-04 15:36:47.396109
WNTR,25.93,26.04,26.06,1878600.0,,300.0,1922400.0,300.0,,0,0,0,0,0,0,0,0,0,0,0,0,0,0,0,0,0,0,0,0,82,2026-02-04 15:36:47.396109
SPNG,26.16,26.18,26.39,1976500.0,6000.0,300.0,300.0,1914100.0,,0,0,0,0,0,0,0,0,0,0,0,0,0,0,0,0,0,0,0,0,83,2026-02-04 15:36:48.464953
SMMR,23.99,23.99,24.05,2238700.0,6000.0,300.0,300.0,2257800.0,,0,0,0,0,0,0,0,0,0,0,0,0,0,0,0,0,0,0,0,0,83,2026-02-04 15:36:48.464953
ATMN,25.56,25.23,25.33,2426900.0,,,,2005800.0,6000.0,0,0,0,0,0,0,0,0,0,0,0,0,0,0,0,0,0,0,0,0,83,2026-02-04 15:36:48.464953
WNTR,26.08,25.9,25.91,1996100.0,,,,1971500.0,,0,0,0,0,0,0,0,0,0,0,0,0,0,0,0,0,0,0,0,0,83,2026-02-04 15:36:48.464953
SPNG,26.16,26.31,26.44,2184400.0,6000.0,2022900.0,,0,0,0,0,0,0,0,0,0,0,0,0,0,0,0,0,0,0,0,0,0,0,84,2026-02-04 15:36:49.527552
SMMR,24.05,23.99,24.05,2384900.0,6000.0,2375100.0,,0,0,0,0,0,0,0,0,0,0,0,0,0,0,0,0,0,0,0,0,0,0,84,2026-02-04 15:36:49.527552
ATMN,25.76,25.25,25.73,2515900.0,,1966200.0,6000.0,0,0,0,0,0,0,0,0,0,0,0,0,0,0,0,0,0,0,0,0,0,0,84,2026-02-04 15:36:49.527552
WNTR,26.1,25.97,26.1,2001100.0,,1964700.0,,0,0,0,0,0,0,0,0,0,0,0,0,0,0,0,0,0,0,0,0,0,0,84,2026-02-04 15:36:49.527552
SPNG,26.18,26.18,26.44,2079100.0,6000.0,300.0,1944300.0,300.0,,0,0,0,0,0,0,0,0,0,0,0,0,0,0,0,0,0,0,0,0,85,2026-02-04 15:36:50.581534
SMMR,24.05,24.05,24.07,2248800.0,6000.0,300.0,2227300.0,300.0,,0,0,0,0,0,0,0,0,0,0,0,0,0,0,0,0,0,0,0,0,85,2026-02-04 15:36:50.581534
ATMN,25.61,25.25,25.51,2331300.0,,300.0,1893800.0,300.0,6000.0,0,0,0,0,0,0,0,0,0,0,0,0,0,0,0,0,0,0,0,0,85,2026-02-04 15:36:50.581534
WNTR,26.14,25.97,26.14,1876600.0,,300.0,1915700.0,300.0,,0,0,0,0,0,0,0,0,0,0,0,0,0,0,0,0,0,0,0,0,85,2026-02-04 15:36:50.581534
SPNG,26.05,26.11,26.16,6000.0,2051800.0,300.0,6000.0,1849600.0,300.0,0,0,0,0,0,0,0,0,0,0,0,0,0,0,0,0,0,0,0,0,86,2026-02-04 15:36:51.620133
SMMR,24.04,24.04,24.07,,2492700.0,,,2340200.0,,0,0,0,0,0,0,0,0,0,0,0,0,0,0,0,0,0,0,0,0,86,2026-02-04 15:36:51.620133
ATMN,25.81,25.83,25.87,,2402600.0,,,2043900.0,,0,0,0,0,0,0,0,0,0,0,0,0,0,0,0,0,0,0,0,0,86,2026-02-04 15:36:51.620133
WNTR,25.88,25.88,26.01,,2015900.0,,6000.0,1915700.0,,0,0,0,0,0,0,0,0,0,0,0,0,0,0,0,0,0,0,0,0,86,2026-02-04 15:36:51.620133
SPNG,26.05,26.09,26.16,2030100.0,6000.0,300.0,6000.0,1849600.0,300.0,0,0,0,0,0,0,0,0,0,0,0,0,0,0,0,0,0,0,0,0,87,2026-02-04 15:36:52.656840
SMMR,23.97,23.97,24.07,2382300.0,,300.0,,2227300.0,300.0,0,0,0,0,0,0,0,0,0,0,0,0,0,0,0,0,0,0,0,0,87,2026-02-04 15:36:52.656840
ATMN,25.25,25.61,25.75,2205300.0,6000.0,300.0,4666.0,1948100.0,,0,0,0,0,0,0,0,0,0,0,0,0,0,0,0,0,0,0,0,0,87,2026-02-04 15:36:52.656840
WNTR,26.15,26.15,26.17,1881700.0,2333.0,,,2006800.0,,0,0,0,0,0,0,0,0,0,0,0,0,0,0,0,0,0,0,0,0,87,2026-02-04 15:36:52.656840
SPNG,26.15,26.09,26.15,2152400.0,300.0,1936800.0,300.0,,,0,0,0,0,0,0,0,0,0,0,0,0,0,0,0,0,0,0,0,0,88,2026-02-04 15:36:53.712059
SMMR,23.92,23.92,24.02,2400400.0,300.0,2233600.0,300.0,,,0,0,0,0,0,0,0,0,0,0,0,0,0,0,0,0,0,0,0,0,88,2026-02-04 15:36:53.712059
ATMN,25.87,25.57,25.73,2158500.0,300.0,1881800.0,300.0,6000.0,4666.0,0,0,0,0,0,0,0,0,0,0,0,0,0,0,0,0,0,0,0,0,88,2026-02-04 15:36:53.712059
WNTR,25.92,25.88,25.92,1971400.0,,1917900.0,,,2333.0,0,0,0,0,0,0,0,0,0,0,0,0,0,0,0,0,0,0,0,0,88,2026-02-04 15:36:53.712059
SPNG,26.37,26.37,26.44,2128100.0,4666.0,2054800.0,0,0,0,0,0,0,0,0,0,0,0,0,0,0,0,0,0,0,0,0,0,0,0,89,2026-02-04 15:36:54.753687
SMMR,24.08,23.92,24.08,2400400.0,,2346800.0,0,0,0,0,0,0,0,0,0,0,0,0,0,0,0,0,0,0,0,0,0,0,0,89,2026-02-04 15:36:54.753687
ATMN,25.87,25.57,25.72,2232400.0,6000.0,2085800.0,0,0,0,0,0,0,0,0,0,0,0,0,0,0,0,0,0,0,0,0,0,0,0,89,2026-02-04 15:36:54.753687
WNTR,25.95,25.95,26.17,1846300.0,2333.0,2006800.0,0,0,0,0,0,0,0,0,0,0,0,0,0,0,0,0,0,0,0,0,0,0,0,89,2026-02-04 15:36:54.753687
SPNG,26.16,26.15,26.16,300.0,2018400.0,6000.0,6000.0,1889100.0,300.0,0,0,0,0,0,0,0,0,0,0,0,0,0,0,0,0,0,0,0,0,90,2026-02-04 15:36:55.816843
SMMR,23.97,23.97,24.08,300.0,2369600.0,,,2223200.0,300.0,0,0,0,0,0,0,0,0,0,0,0,0,0,0,0,0,0,0,0,0,90,2026-02-04 15:36:55.816843
ATMN,25.72,25.64,25.72,300.0,2218300.0,,6000.0,1893300.0,300.0,0,0,0,0,0,0,0,0,0,0,0,0,0,0,0,0,0,0,0,0,90,2026-02-04 15:36:55.816843
WNTR,26.18,25.95,26.0,300.0,1846300.0,,2333.0,1781000.0,300.0,0,0,0,0,0,0,0,0,0,0,0,0,0,0,0,0,0,0,0,0,90,2026-02-04 15:36:55.816843
SPNG,26.44,26.09,26.44,2155600.0,6000.0,2034900.0,0,0,0,0,0,0,0,0,0,0,0,0,0,0,0,0,0,0,0,0,0,0,0,91,2026-02-04 15:36:56.390481
SMMR,24.12,23.91,24.12,2259600.0,,2347700.0,0,0,0,0,0,0,0,0,0,0,0,0,0,0,0,0,0,0,0,0,0,0,0,91,2026-02-04 15:36:56.390481
ATMN,25.84,25.82,25.84,2310200.0,,2061100.0,0,0,0,0,0,0,0,0,0,0,0,0,0,0,0,0,0,0,0,0,0,0,0,91,2026-02-04 15:36:56.390481
WNTR,26.0,26.01,26.18,1942200.0,,1991200.0,0,0,0,0,0,0,0,0,0,0,0,0,0,0,0,0,0,0,0,0,0,0,0,91,2026-02-04 15:36:56.390481
SPNG,26.53,26.05,26.53,2160800.0,300.0,2012100.0,,,0,0,0,0,0,0,0,0,0,0,0,0,0,0,0,0,0,0,0,0,0,92,2026-02-04 15:36:57.471158
SMMR,23.9,23.9,24.05,2124000.0,300.0,2199300.0,300.0,,0,0,0,0,0,0,0,0,0,0,0,0,0,0,0,0,0,0,0,0,0,92,2026-02-04 15:36:57.471158
ATMN,25.82,25.72,25.81,2106000.0,300.0,2053400.0,300.0,6000.0,0,0,0,0,0,0,0,0,0,0,0,0,0,0,0,0,0,0,0,0,0,92,2026-02-04 15:36:57.471158
WNTR,26.0,26.13,26.18,1743600.0,300.0,1900300.0,300.0,6000.0,0,0,0,0,0,0,0,0,0,0,0,0,0,0,0,0,0,0,0,0,0,92,2026-02-04 15:36:57.471158
SPNG,26.55,26.06,26.36,6000.0,2060700.0,300.0,300.0,1921500.0,0,0,0,0,0,0,0,0,0,0,0,0,0,0,0,0,0,0,0,0,0,93,2026-02-04 15:36:58.561531
SMMR,24.12,23.96,24.12,,2376900.0,300.0,300.0,2221200.0,0,0,0,0,0,0,0,0,0,0,0,0,0,0,0,0,0,0,0,0,0,93,2026-02-04 15:36:58.561531
ATMN,25.79,25.73,25.79,6000.0,2218300.0,,,2129300.0,0,0,0,0,0,0,0,0,0,0,0,0,0,0,0,0,0,0,0,0,0,93,2026-02-04 15:36:58.561531
WNTR,26.2,26.13,26.2,6000.0,1837200.0,,,2011100.0,0,0,0,0,0,0,0,0,0,0,0,0,0,0,0,0,0,0,0,0,0,93,2026-02-04 15:36:58.561531
SPNG,25.84,25.84,26.27,2311300.0,6000.0,1942900.0,,0,0,0,0,0,0,0,0,0,0,0,0,0,0,0,0,0,0,0,0,0,0,94,2026-02-04 15:36:59.675950
SMMR,23.88,23.88,23.97,2280900.0,,2362000.0,,0,0,0,0,0,0,0,0,0,0,0,0,0,0,0,0,0,0,0,0,0,0,94,2026-02-04 15:36:59.675950
ATMN,25.56,25.46,25.56,2387900.0,6000.0,2057700.0,,0,0,0,0,0,0,0,0,0,0,0,0,0,0,0,0,0,0,0,0,0,0,94,2026-02-04 15:36:59.675950
WNTR,26.1,26.1,26.2,1864600.0,,2011100.0,6000.0,0,0,0,0,0,0,0,0,0,0,0,0,0,0,0,0,0,0,0,0,0,0,94,2026-02-04 15:36:59.675950
SPNG,26.02,25.84,26.02,2196800.0,150.0,2032800.0,,0,0,0,0,0,0,0,0,0,0,0,0,0,0,0,0,0,0,0,0,0,0,95,2026-02-04 15:37:00.786669
SMMR,23.88,23.88,24.12,2399700.0,300.0,2221200.0,300.0,0,0,0,0,0,0,0,0,0,0,0,0,0,0,0,0,0,0,0,0,0,0,95,2026-02-04 15:37:00.786669
ATMN,25.78,25.53,25.76,2240900.0,300.0,2018400.0,300.0,0,0,0,0,0,0,0,0,0,0,0,0,0,0,0,0,0,0,0,0,0,0,95,2026-02-04 15:37:00.786669
WNTR,26.08,26.08,26.21,1846700.0,300.0,1938100.0,300.0,0,0,0,0,0,0,0,0,0,0,0,0,0,0,0,0,0,0,0,0,0,0,95,2026-02-04 15:37:00.786669
SPNG,26.6,26.05,26.1,6000.0,2140300.0,6000.0,1933000.0,0,0,0,0,0,0,0,0,0,0,0,0,0,0,0,0,0,0,0,0,0,0,96,2026-02-04 15:37:01.842064
SMMR,23.84,23.84,23.95,,2395200.0,,2320600.0,0,0,0,0,0,0,0,0,0,0,0,0,0,0,0,0,0,0,0,0,0,0,96,2026-02-04 15:37:01.842064
ATMN,25.94,25.9,25.94,6000.0,2211200.0,,2132400.0,0,0,0,0,0,0,0,0,0,0,0,0,0,0,0,0,0,0,0,0,0,0,96,2026-02-04 15:37:01.842064
WNTR,26.14,26.14,26.21,6000.0,1863300.0,,2058200.0,0,0,0,0,0,0,0,0,0,0,0,0,0,0,0,0,0,0,0,0,0,0,96,2026-02-04 15:37:01.842064
SPNG,26.6,26.15,26.18,6000.0,2096900.0,6000.0,1933000.0,0,0,0,0,0,0,0,0,0,0,0,0,0,0,0,0,0,0,0,0,0,0,97,2026-02-04 15:37:02.381736
SMMR,24.12,23.86,24.12,,2519800.0,,2344300.0,0,0,0,0,0,0,0,0,0,0,0,0,0,0,0,0,0,0,0,0,0,0,97,2026-02-04 15:37:02.381736
ATMN,25.9,25.8,25.83,6000.0,2227100.0,,2161100.0,0,0,0,0,0,0,0,0,0,0,0,0,0,0,0,0,0,0,0,0,0,0,97,2026-02-04 15:37:02.381736
WNTR,26.21,26.14,26.21,,1956900.0,,2026200.0,0,0,0,0,0,0,0,0,0,0,0,0,0,0,0,0,0,0,0,0,0,0,97,2026-02-04 15:37:02.381736
SPNG,26.2,25.93,26.2,2214500.0,1935200.0,6000.0,,0,0,0,0,0,0,0,0,0,0,0,0,0,0,0,0,0,0,0,0,0,0,98,2026-02-04 15:37:03.457779
SMMR,23.96,23.99,24.04,2387700.0,2221200.0,6000.0,6000.0,0,0,0,0,0,0,0,0,0,0,0,0,0,0,0,0,0,0,0,0,0,0,98,2026-02-04 15:37:03.457779
ATMN,25.96,25.84,25.87,2241600.0,2030400.0,6000.0,6000.0,0,0,0,0,0,0,0,0,0,0,0,0,0,0,0,0,0,0,0,0,0,0,98,2026-02-04 15:37:03.457779
WNTR,26.14,26.08,26.13,1942200.0,2071000.0,,,0,0,0,0,0,0,0,0,0,0,0,0,0,0,0,0,0,0,0,0,0,0,98,2026-02-04 15:37:03.457779
SPNG,25.93,25.93,26.57,2167300.0,2032300.0,,0,0,0,0,0,0,0,0,0,0,0,0,0,0,0,0,0,0,0,0,0,0,0,99,2026-02-04 15:37:04.540154
SMMR,23.91,23.89,23.91,2501300.0,2237600.0,6000.0,0,0,0,0,0,0,0,0,0,0,0,0,0,0,0,0,0,0,0,0,0,0,0,99,2026-02-04 15:37:04.540154
ATMN,25.54,25.66,25.77,2337400.0,2101700.0,6000.0,0,0,0,0,0,0,0,0,0,0,0,0,0,0,0,0,0,0,0,0,0,0,0,99,2026-02-04 15:37:04.540154
WNTR,26.13,26.01,26.13,1942200.0,2040200.0,,0,0,0,0,0,0,0,0,0,0,0,0,0,0,0,0,0,0,0,0,0,0,0,99,2026-02-04 15:37:04.540154
SPNG,25.93,25.93,26.32,2167300.0,6000.0,1954400.0,0,0,0,0,0,0,0,0,0,0,0,0,0,0,0,0,0,0,0,0,0,0,0,100,2026-02-04 15:37:05.592681
SMMR,23.92,23.89,23.9,2501300.0,6000.0,2221700.0,0,0,0,0,0,0,0,0,0,0,0,0,0,0,0,0,0,0,0,0,0,0,0,100,2026-02-04 15:37:05.592681
ATMN,25.66,25.54,25.55,2343400.0,6000.0,2078700.0,0,0,0,0,0,0,0,0,0,0,0,0,0,0,0,0,0,0,0,0,0,0,0,100,2026-02-04 15:37:05.592681
WNTR,26.01,26.01,26.13,1942200.0,,2068100.0,0,0,0,0,0,0,0,0,0,0,0,0,0,0,0,0,0,0,0,0,0,0,0,100,2026-02-04 15:37:05.592681
SPNG,26.42,25.92,26.42,2186000.0,2053700.0,,0,0,0,0,0,0,0,0,0,0,0,0,0,0,0,0,0,0,0,0,0,0,0,101,2026-02-04 15:37:06.634701
SMMR,24.03,23.89,24.0,2521100.0,2212300.0,6000.0,0,0,0,0,0,0,0,0,0,0,0,0,0,0,0,0,0,0,0,0,0,0,0,101,2026-02-04 15:37:06.634701
ATMN,25.62,25.62,25.84,2335500.0,2066100.0,6000.0,0,0,0,0,0,0,0,0,0,0,0,0,0,0,0,0,0,0,0,0,0,0,0,101,2026-02-04 15:37:06.634701
WNTR,26.17,26.09,26.17,1950600.0,2090900.0,,0,0,0,0,0,0,0,0,0,0,0,0,0,0,0,0,0,0,0,0,0,0,0,101,2026-02-04 15:37:06.634701
SPNG,26.45,25.92,26.42,2186000.0,2048900.0,0,0,0,0,0,0,0,0,0,0,0,0,0,0,0,0,0,0,0,0,0,0,0,0,102,2026-02-04 15:37:07.679692
SMMR,23.89,23.86,23.89,2524000.0,2347000.0,0,0,0,0,0,0,0,0,0,0,0,0,0,0,0,0,0,0,0,0,0,0,0,0,102,2026-02-04 15:37:07.679692
ATMN,25.78,25.62,25.74,2335200.0,2206500.0,0,0,0,0,0,0,0,0,0,0,0,0,0,0,0,0,0,0,0,0,0,0,0,0,102,2026-02-04 15:37:07.679692
WNTR,26.19,26.09,26.19,1950600.0,2042400.0,0,0,0,0,0,0,0,0,0,0,0,0,0,0,0,0,0,0,0,0,0,0,0,0,102,2026-02-04 15:37:07.679692
SPNG,26.03,26.03,26.22,2054700.0,6000.0,1964600.0,6000.0,0,0,0,0,0,0,0,0,0,0,0,0,0,0,0,0,0,0,0,0,0,0,103,2026-02-04 15:37:08.728293
SMMR,23.89,23.9,23.96,2506700.0,,2212300.0,6000.0,0,0,0,0,0,0,0,0,0,0,0,0,0,0,0,0,0,0,0,0,0,0,103,2026-02-04 15:37:08.728293
ATMN,25.5,25.46,25.5,2343400.0,,2086000.0,6000.0,0,0,0,0,0,0,0,0,0,0,0,0,0,0,0,0,0,0,0,0,0,0,103,2026-02-04 15:37:08.728293
WNTR,26.09,26.09,26.19,1925400.0,,2042400.0,,0,0,0,0,0,0,0,0,0,0,0,0,0,0,0,0,0,0,0,0,0,0,103,2026-02-04 15:37:08.728293
SPNG,26.18,26.18,26.22,2059900.0,6000.0,1945500.0,6000.0,0,0,0,0,0,0,0,0,0,0,0,0,0,0,0,0,0,0,0,0,0,0,104,2026-02-04 15:37:09.765819
SMMR,24.01,24.01,24.03,2510700.0,,2335900.0,,0,0,0,0,0,0,0,0,0,0,0,0,0,0,0,0,0,0,0,0,0,0,104,2026-02-04 15:37:09.765819
ATMN,26.01,25.78,26.01,2223300.0,6000.0,2075900.0,,0,0,0,0,0,0,0,0,0,0,0,0,0,0,0,0,0,0,0,0,0,0,104,2026-02-04 15:37:09.765819
WNTR,25.88,26.09,26.12,1866600.0,6000.0,1956300.0,6000.0,0,0,0,0,0,0,0,0,0,0,0,0,0,0,0,0,0,0,0,0,0,0,104,2026-02-04 15:37:09.765819
SPNG,26.22,25.98,26.22,2147400.0,2048400.0,,0,0,0,0,0,0,0,0,0,0,0,0,0,0,0,0,0,0,0,0,0,0,0,105,2026-02-04 15:37:10.806389
SMMR,24.03,24.07,24.12,2525600.0,2354400.0,,0,0,0,0,0,0,0,0,0,0,0,0,0,0,0,0,0,0,0,0,0,0,0,105,2026-02-04 15:37:10.806389
ATMN,25.6,25.46,25.6,2326600.0,2016200.0,4666.0,0,0,0,0,0,0,0,0,0,0,0,0,0,0,0,0,0,0,0,0,0,0,0,105,2026-02-04 15:37:10.806389
WNTR,26.0,26.0,26.11,1974700.0,1956300.0,2333.0,0,0,0,0,0,0,0,0,0,0,0,0,0,0,0,0,0,0,0,0,0,0,0,105,2026-02-04 15:37:10.806389
SPNG,25.98,25.98,26.06,2155900.0,2064900.0,0,0,0,0,0,0,0,0,0,0,0,0,0,0,0,0,0,0,0,0,0,0,0,0,106,2026-02-04 15:37:11.856640
SMMR,24.07,23.95,23.99,2522800.0,2352000.0,0,0,0,0,0,0,0,0,0,0,0,0,0,0,0,0,0,0,0,0,0,0,0,0,106,2026-02-04 15:37:11.856640
ATMN,26.01,25.46,25.59,2326600.0,2089200.0,0,0,0,0,0,0,0,0,0,0,0,0,0,0,0,0,0,0,0,0,0,0,0,0,106,2026-02-04 15:37:11.856640
WNTR,26.0,26.1,26.13,1934700.0,2042100.0,0,0,0,0,0,0,0,0,0,0,0,0,0,0,0,0,0,0,0,0,0,0,0,0,106,2026-02-04 15:37:11.856640
SPNG,26.06,25.98,26.03,2065700.0,6000.0,6000.0,1955400.0,0,0,0,0,0,0,0,0,0,0,0,0,0,0,0,0,0,0,0,0,0,0,107,2026-02-04 15:37:12.904244
SMMR,23.95,23.95,23.99,2550500.0,,,2352000.0,0,0,0,0,0,0,0,0,0,0,0,0,0,0,0,0,0,0,0,0,0,0,107,2026-02-04 15:37:12.904244
ATMN,25.59,25.77,25.85,2182900.0,4666.0,6000.0,1998700.0,0,0,0,0,0,0,0,0,0,0,0,0,0,0,0,0,0,0,0,0,0,0,107,2026-02-04 15:37:12.904244
WNTR,25.88,26.09,26.11,1883200.0,2333.0,6000.0,1956300.0,0,0,0,0,0,0,0,0,0,0,0,0,0,0,0,0,0,0,0,0,0,0,107,2026-02-04 15:37:12.904244
SPNG,26.32,26.03,26.1,6000.0,2065700.0,2026400.0,,0,0,0,0,0,0,0,0,0,0,0,0,0,0,0,0,0,0,0,0,0,0,108,2026-02-04 15:37:13.447104
SMMR,23.93,23.93,23.99,,2518200.0,2352000.0,,0,0,0,0,0,0,0,0,0,0,0,0,0,0,0,0,0,0,0,0,0,0,108,2026-02-04 15:37:13.447104
ATMN,25.85,25.77,25.85,4666.0,2146900.0,1998700.0,6000.0,0,0,0,0,0,0,0,0,0,0,0,0,0,0,0,0,0,0,0,0,0,0,108,2026-02-04 15:37:13.447104
WNTR,25.87,26.04,26.09,,1981100.0,1956300.0,6000.0,0,0,0,0,0,0,0,0,0,0,0,0,0,0,0,0,0,0,0,0,0,0,108,2026-02-04 15:37:13.447104
SPNG,25.94,26.03,26.1,2162800.0,2026400.0,,0,0,0,0,0,0,0,0,0,0,0,0,0,0,0,0,0,0,0,0,0,0,0,109,2026-02-04 15:37:14.516630
SMMR,24.13,23.9,24.13,2517400.0,2393200.0,,0,0,0,0,0,0,0,0,0,0,0,0,0,0,0,0,0,0,0,0,0,0,0,109,2026-02-04 15:37:14.516630
ATMN,25.65,25.65,25.85,2285500.0,1998700.0,6000.0,0,0,0,0,0,0,0,0,0,0,0,0,0,0,0,0,0,0,0,0,0,0,0,109,2026-02-04 15:37:14.516630
WNTR,25.87,26.0,26.08,2005800.0,1931200.0,6000.0,0,0,0,0,0,0,0,0,0,0,0,0,0,0,0,0,0,0,0,0,0,0,0,109,2026-02-04 15:37:14.516630
SPNG,26.03,25.94,25.98,2191600.0,2046200.0,,0,0,0,0,0,0,0,0,0,0,0,0,0,0,0,0,0,0,0,0,0,0,0,110,2026-02-04 15:37:15.642178
SMMR,24.13,23.94,24.13,2498300.0,2443700.0,,0,0,0,0,0,0,0,0,0,0,0,0,0,0,0,0,0,0,0,0,0,0,0,110,2026-02-04 15:37:15.642178
ATMN,25.46,25.46,25.85,2283800.0,1998700.0,6000.0,0,0,0,0,0,0,0,0,0,0,0,0,0,0,0,0,0,0,0,0,0,0,0,110,2026-02-04 15:37:15.642178
WNTR,25.87,26.0,26.08,1949100.0,1910900.0,6000.0,0,0,0,0,0,0,0,0,0,0,0,0,0,0,0,0,0,0,0,0,0,0,0,110,2026-02-04 15:37:15.642178
SPNG,25.94,25.94,26.32,2182800.0,2066100.0,0,0,0,0,0,0,0,0,0,0,0,0,0,0,0,0,0,0,0,0,0,0,0,0,111,2026-02-04 15:37:16.715994
SMMR,23.92,23.99,24.13,2506300.0,2443700.0,0,0,0,0,0,0,0,0,0,0,0,0,0,0,0,0,0,0,0,0,0,0,0,0,111,2026-02-04 15:37:16.715994
ATMN,26.01,25.48,26.01,2243900.0,2075900.0,0,0,0,0,0,0,0,0,0,0,0,0,0,0,0,0,0,0,0,0,0,0,0,0,111,2026-02-04 15:37:16.715994
WNTR,26.11,26.0,26.11,1949100.0,2010900.0,0,0,0,0,0,0,0,0,0,0,0,0,0,0,0,0,0,0,0,0,0,0,0,0,111,2026-02-04 15:37:16.715994
SPNG,26.32,25.99,26.03,6000.0,2052700.0,6000.0,1958800.0,0,0,0,0,0,0,0,0,0,0,0,0,0,0,0,0,0,0,0,0,0,0,112,2026-02-04 15:37:17.810170
SMMR,23.84,23.84,24.13,,2528300.0,,2459200.0,0,0,0,0,0,0,0,0,0,0,0,0,0,0,0,0,0,0,0,0,0,0,112,2026-02-04 15:37:17.810170
ATMN,25.46,25.46,26.01,,2282700.0,,2075900.0,0,0,0,0,0,0,0,0,0,0,0,0,0,0,0,0,0,0,0,0,0,0,112,2026-02-04 15:37:17.810170
WNTR,26.01,26.01,26.11,6000.0,1829000.0,,2010900.0,0,0,0,0,0,0,0,0,0,0,0,0,0,0,0,0,0,0,0,0,0,0,112,2026-02-04 15:37:17.810170
SPNG,25.94,25.94,26.55,2169400.0,2044900.0,0,0,0,0,0,0,0,0,0,0,0,0,0,0,0,0,0,0,0,0,0,0,0,0,113,2026-02-04 15:37:18.900869
SMMR,24.07,23.82,23.98,2511400.0,2464500.0,0,0,0,0,0,0,0,0,0,0,0,0,0,0,0,0,0,0,0,0,0,0,0,0,113,2026-02-04 15:37:18.900869
ATMN,26.02,25.46,25.82,2282700.0,2063200.0,0,0,0,0,0,0,0,0,0,0,0,0,0,0,0,0,0,0,0,0,0,0,0,0,113,2026-02-04 15:37:18.900869
WNTR,26.11,26.08,26.11,1944000.0,2019000.0,0,0,0,0,0,0,0,0,0,0,0,0,0,0,0,0,0,0,0,0,0,0,0,0,113,2026-02-04 15:37:18.900869
SPNG,25.94,25.84,25.92,2133400.0,2043400.0,0,0,0,0,0,0,0,0,0,0,0,0,0,0,0,0,0,0,0,0,0,0,0,0,114,2026-02-04 15:37:19.455453
SMMR,23.82,23.82,24.13,2485700.0,2459200.0,0,0,0,0,0,0,0,0,0,0,0,0,0,0,0,0,0,0,0,0,0,0,0,0,114,2026-02-04 15:37:19.455453
ATMN,25.82,25.92,26.02,2265100.0,2062900.0,0,0,0,0,0,0,0,0,0,0,0,0,0,0,0,0,0,0,0,0,0,0,0,0,114,2026-02-04 15:37:19.455453
WNTR,26.08,26.01,26.05,1928000.0,2036000.0,0,0,0,0,0,0,0,0,0,0,0,0,0,0,0,0,0,0,0,0,0,0,0,0,114,2026-02-04 15:37:19.455453
SPNG,26.55,25.84,26.55,2104200.0,2044900.0,0,0,0,0,0,0,0,0,0,0,0,0,0,0,0,0,0,0,0,0,0,0,0,0,115,2026-02-04 15:37:20.507643
SMMR,23.79,23.79,23.97,2385300.0,2456200.0,0,0,0,0,0,0,0,0,0,0,0,0,0,0,0,0,0,0,0,0,0,0,0,0,115,2026-02-04 15:37:20.507643
ATMN,25.46,25.46,25.82,2282700.0,2092800.0,0,0,0,0,0,0,0,0,0,0,0,0,0,0,0,0,0,0,0,0,0,0,0,0,115,2026-02-04 15:37:20.507643
WNTR,26.12,26.06,26.12,1976100.0,2041800.0,0,0,0,0,0,0,0,0,0,0,0,0,0,0,0,0,0,0,0,0,0,0,0,0,115,2026-02-04 15:37:20.507643
SPNG,26.04,26.17,26.55,2146700.0,2044900.0,0,0,0,0,0,0,0,0,0,0,0,0,0,0,0,0,0,0,0,0,0,0,0,0,116,2026-02-04 15:37:21.571158
SMMR,23.79,23.79,23.97,2497000.0,2456200.0,0,0,0,0,0,0,0,0,0,0,0,0,0,0,0,0,0,0,0,0,0,0,0,0,116,2026-02-04 15:37:21.571158
ATMN,25.43,25.39,25.42,2289900.0,2132300.0,0,0,0,0,0,0,0,0,0,0,0,0,0,0,0,0,0,0,0,0,0,0,0,0,116,2026-02-04 15:37:21.571158
WNTR,25.98,25.98,26.12,1950700.0,2041800.0,0,0,0,0,0,0,0,0,0,0,0,0,0,0,0,0,0,0,0,0,0,0,0,0,116,2026-02-04 15:37:21.571158
SPNG,26.04,26.04,26.39,2139900.0,2017600.0,0,0,0,0,0,0,0,0,0,0,0,0,0,0,0,0,0,0,0,0,0,0,0,0,117,2026-02-04 15:37:22.667052
SMMR,23.97,23.9,23.97,2479700.0,2456200.0,0,0,0,0,0,0,0,0,0,0,0,0,0,0,0,0,0,0,0,0,0,0,0,0,117,2026-02-04 15:37:22.667052
ATMN,25.65,25.39,25.49,2261400.0,2145700.0,0,0,0,0,0,0,0,0,0,0,0,0,0,0,0,0,0,0,0,0,0,0,0,0,117,2026-02-04 15:37:22.667052
WNTR,25.92,25.92,26.12,1949600.0,2052600.0,0,0,0,0,0,0,0,0,0,0,0,0,0,0,0,0,0,0,0,0,0,0,0,0,117,2026-02-04 15:37:22.667052
SPNG,26.04,26.04,26.39,2157900.0,2017600.0,0,0,0,0,0,0,0,0,0,0,0,0,0,0,0,0,0,0,0,0,0,0,0,0,118,2026-02-04 15:37:23.577684
SMMR,24.14,23.9,24.14,2503800.0,2468100.0,0,0,0,0,0,0,0,0,0,0,0,0,0,0,0,0,0,0,0,0,0,0,0,0,118,2026-02-04 15:37:23.577684
ATMN,25.58,25.39,25.53,2261400.0,2145100.0,0,0,0,0,0,0,0,0,0,0,0,0,0,0,0,0,0,0,0,0,0,0,0,0,118,2026-02-04 15:37:23.577684
WNTR,25.92,25.92,26.04,1977800.0,2034000.0,0,0,0,0,0,0,0,0,0,0,0,0,0,0,0,0,0,0,0,0,0,0,0,0,118,2026-02-04 15:37:23.577684
SPNG,26.04,26.34,26.39,2129900.0,2059200.0,0,0,0,0,0,0,0,0,0,0,0,0,0,0,0,0,0,0,0,0,0,0,0,0,119,2026-02-04 15:37:24.735196
SMMR,23.9,23.9,24.08,2503800.0,2484900.0,0,0,0,0,0,0,0,0,0,0,0,0,0,0,0,0,0,0,0,0,0,0,0,0,119,2026-02-04 15:37:24.735196
ATMN,25.58,25.39,25.53,2261800.0,2145100.0,0,0,0,0,0,0,0,0,0,0,0,0,0,0,0,0,0,0,0,0,0,0,0,0,119,2026-02-04 15:37:24.735196
WNTR,26.04,26.07,26.12,2012100.0,2027400.0,0,0,0,0,0,0,0,0,0,0,0,0,0,0,0,0,0,0,0,0,0,0,0,0,119,2026-02-04 15:37:24.735196
SPNG,26.03,23.11,24.08,1003600.0,766300.0,0,0,0,0,0,0,0,0,0,0,0,0,0,0,0,0,0,0,0,0,0,0,0,0,120,2026-02-04 15:37:25.924340
SMMR,23.9,24.53,24.69,916600.0,965900.0,0,0,0,0,0,0,0,0,0,0,0,0,0,0,0,0,0,0,0,0,0,0,0,0,120,2026-02-04 15:37:25.924340
ATMN,25.39,23.84,24.53,1037800.0,835000.0,0,0,0,0,0,0,0,0,0,0,0,0,0,0,0,0,0,0,0,0,0,0,0,0,120,2026-02-04 15:37:25.924340
WNTR,26.04,24.44,24.88,893100.0,833800.0,0,0,0,0,0,0,0,0,0,0,0,0,0,0,0,0,0,0,0,0,0,0,0,0,120,2026-02-04 15:37:25.924340
SPNG,22.96,22.96,23.22,996400.0,994700.0,0,0,0,0,0,0,0,0,0,0,0,0,0,0,0,0,0,0,0,0,0,0,0,0,121,2026-02-04 15:37:26.518859
SMMR,23.9,24.53,24.68,916600.0,1222400.0,0,0,0,0,0,0,0,0,0,0,0,0,0,0,0,0,0,0,0,0,0,0,0,0,121,2026-02-04 15:37:26.518859
ATMN,25.39,23.84,24.19,1037800.0,1202600.0,0,0,0,0,0,0,0,0,0,0,0,0,0,0,0,0,0,0,0,0,0,0,0,0,121,2026-02-04 15:37:26.518859
WNTR,24.44,24.44,24.63,940200.0,1065700.0,0,0,0,0,0,0,0,0,0,0,0,0,0,0,0,0,0,0,0,0,0,0,0,0,121,2026-02-04 15:37:26.518859
SPNG,22.96,22.96,22.97,996400.0,300.0,1309600.0,300.0,0,0,0,0,0,0,0,0,0,0,0,0,0,0,0,0,0,0,0,0,0,0,122,2026-02-04 15:37:27.668021
SMMR,23.9,24.53,24.54,1041700.0,300.0,1581200.0,300.0,0,0,0,0,0,0,0,0,0,0,0,0,0,0,0,0,0,0,0,0,0,0,122,2026-02-04 15:37:27.668021
ATMN,23.84,23.84,24.13,1088400.0,300.0,1435800.0,300.0,0,0,0,0,0,0,0,0,0,0,0,0,0,0,0,0,0,0,0,0,0,0,122,2026-02-04 15:37:27.668021
WNTR,24.44,24.44,24.5,1054000.0,300.0,1282900.0,,0,0,0,0,0,0,0,0,0,0,0,0,0,0,0,0,0,0,0,0,0,0,122,2026-02-04 15:37:27.668021
SPNG,22.93,22.93,22.97,1144200.0,300.0,1309600.0,300.0,0,0,0,0,0,0,0,0,0,0,0,0,0,0,0,0,0,0,0,0,0,0,123,2026-02-04 15:37:28.904939
SMMR,24.53,24.53,24.54,1203800.0,300.0,1682400.0,300.0,0,0,0,0,0,0,0,0,0,0,0,0,0,0,0,0,0,0,0,0,0,0,123,2026-02-04 15:37:28.904939
ATMN,23.71,22.65,23.59,1390000.0,,1541700.0,,0,0,0,0,0,0,0,0,0,0,0,0,0,0,0,0,0,0,0,0,0,0,123,2026-02-04 15:37:28.904939
WNTR,24.63,24.46,24.59,1170300.0,,1382000.0,,0,0,0,0,0,0,0,0,0,0,0,0,0,0,0,0,0,0,0,0,0,0,123,2026-02-04 15:37:28.904939
SPNG,22.93,22.93,22.97,1255200.0,1540100.0,0,0,0,0,0,0,0,0,0,0,0,0,0,0,0,0,0,0,0,0,0,0,0,0,124,2026-02-04 15:37:29.946535
SMMR,24.54,24.52,24.54,1103800.0,1808000.0,0,0,0,0,0,0,0,0,0,0,0,0,0,0,0,0,0,0,0,0,0,0,0,0,124,2026-02-04 15:37:29.946535
ATMN,23.59,23.97,24.13,1778900.0,1435800.0,0,0,0,0,0,0,0,0,0,0,0,0,0,0,0,0,0,0,0,0,0,0,0,0,124,2026-02-04 15:37:29.946535
WNTR,24.59,24.44,24.59,1054000.0,1499600.0,0,0,0,0,0,0,0,0,0,0,0,0,0,0,0,0,0,0,0,0,0,0,0,0,124,2026-02-04 15:37:29.946535
SPNG,22.93,22.93,22.97,1526300.0,300.0,1540100.0,300.0,0,0,0,0,0,0,0,0,0,0,0,0,0,0,0,0,0,0,0,0,0,0,125,2026-02-04 15:37:30.498998
SMMR,24.68,24.52,24.68,978700.0,300.0,1575200.0,300.0,0,0,0,0,0,0,0,0,0,0,0,0,0,0,0,0,0,0,0,0,0,0,125,2026-02-04 15:37:30.498998
ATMN,23.59,23.97,24.13,1778900.0,,1691200.0,,0,0,0,0,0,0,0,0,0,0,0,0,0,0,0,0,0,0,0,0,0,0,125,2026-02-04 15:37:30.498998
WNTR,24.4,24.48,24.59,1078900.0,,1499600.0,,0,0,0,0,0,0,0,0,0,0,0,0,0,0,0,0,0,0,0,0,0,0,125,2026-02-04 15:37:30.498998
SPNG,23.06,23.06,23.13,1662800.0,6000.0,300.0,1764900.0,,0,0,0,0,0,0,0,0,0,0,0,0,0,0,0,0,0,0,0,0,0,126,2026-02-04 15:37:31.545118
SMMR,24.61,24.61,24.68,1238400.0,,,1575200.0,6000.0,0,0,0,0,0,0,0,0,0,0,0,0,0,0,0,0,0,0,0,0,0,126,2026-02-04 15:37:31.545118
ATMN,23.97,23.97,23.98,1778900.0,6000.0,,2084900.0,,0,0,0,0,0,0,0,0,0,0,0,0,0,0,0,0,0,0,0,0,0,126,2026-02-04 15:37:31.545118
WNTR,24.48,24.48,24.63,1078900.0,6000.0,,1492300.0,,0,0,0,0,0,0,0,0,0,0,0,0,0,0,0,0,0,0,0,0,0,126,2026-02-04 15:37:31.545118
SPNG,23.13,22.84,23.13,300.0,1398800.0,1900900.0,300.0,,,0,0,0,0,0,0,0,0,0,0,0,0,0,0,0,0,0,0,0,0,127,2026-02-04 15:37:32.587290
SMMR,24.6,24.52,24.6,300.0,1246700.0,1676900.0,300.0,6000.0,,0,0,0,0,0,0,0,0,0,0,0,0,0,0,0,0,0,0,0,0,127,2026-02-04 15:37:32.587290
ATMN,23.97,23.97,24.13,300.0,1778900.0,2073600.0,300.0,,6000.0,0,0,0,0,0,0,0,0,0,0,0,0,0,0,0,0,0,0,0,0,127,2026-02-04 15:37:32.587290
WNTR,24.44,24.46,24.55,300.0,1189800.0,1596900.0,300.0,,,0,0,0,0,0,0,0,0,0,0,0,0,0,0,0,0,0,0,0,0,127,2026-02-04 15:37:32.587290
SPNG,22.63,23.02,23.06,500.0,1408600.0,150.0,6000.0,1917500.0,300.0,0,0,0,0,0,0,0,0,0,0,0,0,0,0,0,0,0,0,0,0,128,2026-02-04 15:37:33.655087
SMMR,24.52,24.46,24.47,,1120400.0,,6000.0,1942800.0,,0,0,0,0,0,0,0,0,0,0,0,0,0,0,0,0,0,0,0,0,128,2026-02-04 15:37:33.655087
ATMN,23.81,23.82,24.09,6000.0,1875400.0,,,2210400.0,,0,0,0,0,0,0,0,0,0,0,0,0,0,0,0,0,0,0,0,0,128,2026-02-04 15:37:33.655087
WNTR,24.46,24.43,24.44,500.0,1072400.0,,6000.0,1817800.0,,0,0,0,0,0,0,0,0,0,0,0,0,0,0,0,0,0,0,0,0,128,2026-02-04 15:37:33.655087
SPNG,22.63,22.63,23.02,1287800.0,150.0,6000.0,1949800.0,300.0,,0,0,0,0,0,0,0,0,0,0,0,0,0,0,0,0,0,0,0,0,129,2026-02-04 15:37:34.718985
SMMR,24.42,24.42,24.44,1096600.0,300.0,6000.0,2045900.0,300.0,,0,0,0,0,0,0,0,0,0,0,0,0,0,0,0,0,0,0,0,0,129,2026-02-04 15:37:34.718985
ATMN,23.71,23.71,23.88,1763500.0,300.0,6000.0,2096800.0,300.0,6000.0,0,0,0,0,0,0,0,0,0,0,0,0,0,0,0,0,0,0,0,0,129,2026-02-04 15:37:34.718985
WNTR,24.48,24.48,24.54,1430000.0,,,1700900.0,,500.0,0,0,0,0,0,0,0,0,0,0,0,0,0,0,0,0,0,0,0,0,129,2026-02-04 15:37:34.718985
SPNG,22.49,22.49,23.02,6000.0,1153800.0,6000.0,1949800.0,300.0,,0,0,0,0,0,0,0,0,0,0,0,0,0,0,0,0,0,0,0,0,130,2026-02-04 15:37:35.782030
SMMR,24.47,24.42,24.47,,1306700.0,,1812600.0,300.0,300.0,0,0,0,0,0,0,0,0,0,0,0,0,0,0,0,0,0,0,0,0,130,2026-02-04 15:37:35.782030
ATMN,24.15,23.9,24.15,6000.0,1967900.0,,2084200.0,300.0,300.0,0,0,0,0,0,0,0,0,0,0,0,0,0,0,0,0,0,0,0,0,130,2026-02-04 15:37:35.782030
WNTR,24.55,24.42,24.44,6000.0,1551500.0,500.0,1596900.0,,,0,0,0,0,0,0,0,0,0,0,0,0,0,0,0,0,0,0,0,0,130,2026-02-04 15:37:35.782030
SPNG,23.13,22.9,23.02,6000.0,1390100.0,6000.0,2057400.0,0,0,0,0,0,0,0,0,0,0,0,0,0,0,0,0,0,0,0,0,0,0,131,2026-02-04 15:37:36.841286
SMMR,24.63,24.42,24.61,6000.0,1050900.0,,1816100.0,0,0,0,0,0,0,0,0,0,0,0,0,0,0,0,0,0,0,0,0,0,0,131,2026-02-04 15:37:36.841286
ATMN,24.15,24.15,24.16,,2110200.0,,1945700.0,0,0,0,0,0,0,0,0,0,0,0,0,0,0,0,0,0,0,0,0,0,0,131,2026-02-04 15:37:36.841286
WNTR,24.45,24.39,24.45,,1664000.0,500.0,1703100.0,0,0,0,0,0,0,0,0,0,0,0,0,0,0,0,0,0,0,0,0,0,0,131,2026-02-04 15:37:36.841286
SPNG,23.14,22.99,23.07,6000.0,150.0,1390100.0,500.0,1982700.0,300.0,0,0,0,0,0,0,0,0,0,0,0,0,0,0,0,0,0,0,0,0,132,2026-02-04 15:37:37.897310
SMMR,24.62,24.46,24.6,6000.0,300.0,1155300.0,500.0,1846400.0,300.0,0,0,0,0,0,0,0,0,0,0,0,0,0,0,0,0,0,0,0,0,132,2026-02-04 15:37:37.897310
ATMN,23.82,23.84,23.93,6000.0,,1979400.0,6000.0,2094600.0,300.0,0,0,0,0,0,0,0,0,0,0,0,0,0,0,0,0,0,0,0,0,132,2026-02-04 15:37:37.897310
WNTR,24.63,24.46,24.48,6000.0,300.0,1764600.0,1100.0,1617300.0,300.0,0,0,0,0,0,0,0,0,0,0,0,0,0,0,0,0,0,0,0,0,132,2026-02-04 15:37:37.897310
SPNG,22.38,22.38,23.1,1150300.0,500.0,1988500.0,300.0,,,0,0,0,0,0,0,0,0,0,0,0,0,0,0,0,0,0,0,0,0,133,2026-02-04 15:37:38.955286
SMMR,24.62,24.49,24.62,1155300.0,,2108000.0,300.0,6000.0,300.0,0,0,0,0,0,0,0,0,0,0,0,0,0,0,0,0,0,0,0,0,133,2026-02-04 15:37:38.955286
ATMN,23.71,23.79,23.9,2112300.0,6000.0,2194600.0,,500.0,,0,0,0,0,0,0,0,0,0,0,0,0,0,0,0,0,0,0,0,0,133,2026-02-04 15:37:38.955286
WNTR,24.63,24.4,24.49,2108100.0,,1747500.0,,,,0,0,0,0,0,0,0,0,0,0,0,0,0,0,0,0,0,0,0,0,133,2026-02-04 15:37:38.955286
SPNG,23.14,22.97,23.14,2083.0,1150300.0,2153300.0,,0,0,0,0,0,0,0,0,0,0,0,0,0,0,0,0,0,0,0,0,0,0,134,2026-02-04 15:37:40.013446
SMMR,24.52,24.34,24.47,,1155300.0,2337300.0,1583.0,0,0,0,0,0,0,0,0,0,0,0,0,0,0,0,0,0,0,0,0,0,0,134,2026-02-04 15:37:40.013446
ATMN,24.14,24.14,24.16,2583.0,2211300.0,2332500.0,,0,0,0,0,0,0,0,0,0,0,0,0,0,0,0,0,0,0,0,0,0,0,134,2026-02-04 15:37:40.013446
WNTR,24.39,24.46,24.49,,1988200.0,1747500.0,,0,0,0,0,0,0,0,0,0,0,0,0,0,0,0,0,0,0,0,0,0,0,134,2026-02-04 15:37:40.013446
SPNG,22.92,22.8,22.92,150.0,1379200.0,1988300.0,6000.0,300.0,0,0,0,0,0,0,0,0,0,0,0,0,0,0,0,0,0,0,0,0,0,135,2026-02-04 15:37:40.616966
SMMR,24.47,24.55,24.61,300.0,1521200.0,2215100.0,6000.0,300.0,0,0,0,0,0,0,0,0,0,0,0,0,0,0,0,0,0,0,0,0,0,135,2026-02-04 15:37:40.616966
ATMN,23.76,23.88,24.16,,2363700.0,2221800.0,,300.0,0,0,0,0,0,0,0,0,0,0,0,0,0,0,0,0,0,0,0,0,0,135,2026-02-04 15:37:40.616966
WNTR,24.49,24.46,24.49,300.0,2093700.0,1747500.0,,,0,0,0,0,0,0,0,0,0,0,0,0,0,0,0,0,0,0,0,0,0,135,2026-02-04 15:37:40.616966
SPNG,22.92,23.01,23.05,1518300.0,150.0,6000.0,2079300.0,,0,0,0,0,0,0,0,0,0,0,0,0,0,0,0,0,0,0,0,0,0,136,2026-02-04 15:37:41.661812
SMMR,24.47,24.55,24.61,1666600.0,,6000.0,2319700.0,,0,0,0,0,0,0,0,0,0,0,0,0,0,0,0,0,0,0,0,0,0,136,2026-02-04 15:37:41.661812
ATMN,23.91,24.09,24.16,2468600.0,,,2314400.0,6000.0,0,0,0,0,0,0,0,0,0,0,0,0,0,0,0,0,0,0,0,0,0,136,2026-02-04 15:37:41.661812
WNTR,24.49,24.46,24.49,2093700.0,,,1876000.0,,0,0,0,0,0,0,0,0,0,0,0,0,0,0,0,0,0,0,0,0,0,136,2026-02-04 15:37:41.661812
SPNG,22.56,22.56,23.03,1282800.0,6000.0,2013400.0,300.0,,,0,0,0,0,0,0,0,0,0,0,0,0,0,0,0,0,0,0,0,0,137,2026-02-04 15:37:42.723880
SMMR,24.61,24.55,24.6,1802500.0,6000.0,2218800.0,300.0,6000.0,300.0,0,0,0,0,0,0,0,0,0,0,0,0,0,0,0,0,0,0,0,0,137,2026-02-04 15:37:42.723880
ATMN,24.09,23.88,23.94,2363700.0,,2291900.0,300.0,6000.0,300.0,0,0,0,0,0,0,0,0,0,0,0,0,0,0,0,0,0,0,0,0,137,2026-02-04 15:37:42.723880
WNTR,24.39,24.39,24.63,1881100.0,,1629900.0,,,300.0,0,0,0,0,0,0,0,0,0,0,0,0,0,0,0,0,0,0,0,0,137,2026-02-04 15:37:42.723880
SPNG,23.18,22.93,23.04,6000.0,150.0,1424000.0,6000.0,2045100.0,300.0,0,0,0,0,0,0,0,0,0,0,0,0,0,0,0,0,0,0,0,0,138,2026-02-04 15:37:43.781511
SMMR,24.63,24.55,24.63,6000.0,300.0,1939000.0,,2304800.0,,0,0,0,0,0,0,0,0,0,0,0,0,0,0,0,0,0,0,0,0,138,2026-02-04 15:37:43.781511
ATMN,23.61,23.61,24.16,,,1987200.0,,2400200.0,,0,0,0,0,0,0,0,0,0,0,0,0,0,0,0,0,0,0,0,0,138,2026-02-04 15:37:43.781511
WNTR,24.67,24.45,24.47,6000.0,,1894200.0,6000.0,1517900.0,,0,0,0,0,0,0,0,0,0,0,0,0,0,0,0,0,0,0,0,0,138,2026-02-04 15:37:43.781511
SPNG,22.72,22.8,22.99,1724600.0,2046500.0,6000.0,300.0,,,0,0,0,0,0,0,0,0,0,0,0,0,0,0,0,0,0,0,0,0,139,2026-02-04 15:37:44.844973
SMMR,24.51,24.51,24.63,1931000.0,2440600.0,,,300.0,,0,0,0,0,0,0,0,0,0,0,0,0,0,0,0,0,0,0,0,0,139,2026-02-04 15:37:44.844973
ATMN,23.92,23.61,23.92,2153100.0,2413200.0,,,,,0,0,0,0,0,0,0,0,0,0,0,0,0,0,0,0,0,0,0,0,139,2026-02-04 15:37:44.844973
WNTR,24.69,24.46,24.48,2023400.0,1426100.0,6000.0,,,6000.0,0,0,0,0,0,0,0,0,0,0,0,0,0,0,0,0,0,0,0,0,139,2026-02-04 15:37:44.844973
SPNG,22.8,22.8,23.03,1724600.0,150.0,6000.0,2045100.0,300.0,,0,0,0,0,0,0,0,0,0,0,0,0,0,0,0,0,0,0,0,0,140,2026-02-04 15:37:45.910472
SMMR,24.6,24.55,24.6,2190800.0,300.0,,2316800.0,300.0,,0,0,0,0,0,0,0,0,0,0,0,0,0,0,0,0,0,0,0,0,140,2026-02-04 15:37:45.910472
ATMN,23.92,23.93,24.02,2548100.0,300.0,,2304100.0,300.0,6000.0,0,0,0,0,0,0,0,0,0,0,0,0,0,0,0,0,0,0,0,0,140,2026-02-04 15:37:45.910472
WNTR,24.6,24.47,24.6,2023400.0,300.0,,1527800.0,,6000.0,0,0,0,0,0,0,0,0,0,0,0,0,0,0,0,0,0,0,0,0,140,2026-02-04 15:37:45.910472
SPNG,23.22,22.93,22.98,6000.0,150.0,1724600.0,2224600.0,,0,0,0,0,0,0,0,0,0,0,0,0,0,0,0,0,0,0,0,0,0,141,2026-02-04 15:37:47.008478
SMMR,24.55,24.55,24.6,,,2301100.0,2438600.0,,0,0,0,0,0,0,0,0,0,0,0,0,0,0,0,0,0,0,0,0,0,141,2026-02-04 15:37:47.008478
ATMN,23.93,23.93,24.0,6000.0,,2548100.0,2384700.0,,0,0,0,0,0,0,0,0,0,0,0,0,0,0,0,0,0,0,0,0,0,141,2026-02-04 15:37:47.008478
WNTR,24.6,24.48,24.52,6000.0,,2146200.0,1835300.0,2333.0,0,0,0,0,0,0,0,0,0,0,0,0,0,0,0,0,0,0,0,0,0,141,2026-02-04 15:37:47.008478
SPNG,22.4,22.83,22.98,1420600.0,2044800.0,4666.0,300.0,,,0,0,0,0,0,0,0,0,0,0,0,0,0,0,0,0,0,0,0,0,142,2026-02-04 15:37:48.045780
SMMR,24.6,24.55,24.63,2301100.0,2404600.0,,300.0,300.0,,0,0,0,0,0,0,0,0,0,0,0,0,0,0,0,0,0,0,0,0,142,2026-02-04 15:37:48.045780
ATMN,23.33,23.33,24.0,2289900.0,2307200.0,6000.0,,,6000.0,0,0,0,0,0,0,0,0,0,0,0,0,0,0,0,0,0,0,0,0,142,2026-02-04 15:37:48.045780
WNTR,24.59,24.51,24.59,2264100.0,1928400.0,2333.0,,,,0,0,0,0,0,0,0,0,0,0,0,0,0,0,0,0,0,0,0,0,142,2026-02-04 15:37:48.045780
SPNG,22.78,22.69,22.78,150.0,1587900.0,2055100.0,6000.0,300.0,,0,0,0,0,0,0,0,0,0,0,0,0,0,0,0,0,0,0,0,0,143,2026-02-04 15:37:49.095280
SMMR,24.63,24.51,24.63,300.0,2304800.0,2380300.0,,300.0,,0,0,0,0,0,0,0,0,0,0,0,0,0,0,0,0,0,0,0,0,143,2026-02-04 15:37:49.095280
ATMN,24.03,23.62,23.86,300.0,2190000.0,2334500.0,,300.0,,0,0,0,0,0,0,0,0,0,0,0,0,0,0,0,0,0,0,0,0,143,2026-02-04 15:37:49.095280
WNTR,24.59,24.54,24.56,300.0,2095800.0,1939900.0,3667.0,300.0,4666.0,0,0,0,0,0,0,0,0,0,0,0,0,0,0,0,0,0,0,0,0,143,2026-02-04 15:37:49.095280
SPNG,22.98,22.69,22.98,150.0,1722500.0,2039200.0,6000.0,300.0,,0,0,0,0,0,0,0,0,0,0,0,0,0,0,0,0,0,0,0,0,144,2026-02-04 15:37:49.648541
SMMR,24.63,24.51,24.63,300.0,2311600.0,2481500.0,,,,0,0,0,0,0,0,0,0,0,0,0,0,0,0,0,0,0,0,0,0,144,2026-02-04 15:37:49.648541
ATMN,23.86,23.68,23.86,,2314700.0,2449500.0,,,,0,0,0,0,0,0,0,0,0,0,0,0,0,0,0,0,0,0,0,0,144,2026-02-04 15:37:49.648541
WNTR,24.59,24.54,24.56,,2208300.0,2045500.0,3667.0,,4666.0,0,0,0,0,0,0,0,0,0,0,0,0,0,0,0,0,0,0,0,0,144,2026-02-04 15:37:49.648541
SPNG,22.98,22.96,22.98,1828600.0,150.0,2050100.0,6000.0,300.0,,0,0,0,0,0,0,0,0,0,0,0,0,0,0,0,0,0,0,0,0,145,2026-02-04 15:37:50.689493
SMMR,24.63,24.57,24.63,2279200.0,300.0,2389900.0,,300.0,,0,0,0,0,0,0,0,0,0,0,0,0,0,0,0,0,0,0,0,0,145,2026-02-04 15:37:50.689493
ATMN,24.03,23.84,24.03,2582500.0,300.0,2318200.0,,300.0,4666.0,0,0,0,0,0,0,0,0,0,0,0,0,0,0,0,0,0,0,0,0,145,2026-02-04 15:37:50.689493
WNTR,24.46,24.55,24.56,2090400.0,300.0,2056800.0,6000.0,,999.0,0,0,0,0,0,0,0,0,0,0,0,0,0,0,0,0,0,0,0,0,145,2026-02-04 15:37:50.689493
SPNG,22.62,22.85,22.98,1826900.0,150.0,2152700.0,6000.0,,0,0,0,0,0,0,0,0,0,0,0,0,0,0,0,0,0,0,0,0,0,146,2026-02-04 15:37:51.802498
SMMR,24.57,24.57,24.58,2417900.0,,2510100.0,,,0,0,0,0,0,0,0,0,0,0,0,0,0,0,0,0,0,0,0,0,0,146,2026-02-04 15:37:51.802498
ATMN,24.13,23.87,23.92,2582500.0,,2347600.0,6000.0,6000.0,0,0,0,0,0,0,0,0,0,0,0,0,0,0,0,0,0,0,0,0,0,146,2026-02-04 15:37:51.802498
WNTR,24.36,24.36,24.56,1894200.0,,2041000.0,6000.0,,0,0,0,0,0,0,0,0,0,0,0,0,0,0,0,0,0,0,0,0,0,146,2026-02-04 15:37:51.802498
SPNG,23.06,22.62,23.06,1722500.0,2145000.0,300.0,,,,0,0,0,0,0,0,0,0,0,0,0,0,0,0,0,0,0,0,0,0,147,2026-02-04 15:37:52.873106
SMMR,24.51,24.51,24.58,2309400.0,2413000.0,300.0,300.0,,,0,0,0,0,0,0,0,0,0,0,0,0,0,0,0,0,0,0,0,0,147,2026-02-04 15:37:52.873106
ATMN,23.94,23.91,23.94,2514100.0,2347600.0,300.0,300.0,6000.0,,0,0,0,0,0,0,0,0,0,0,0,0,0,0,0,0,0,0,0,0,147,2026-02-04 15:37:52.873106
WNTR,24.36,24.36,24.53,1894200.0,2011400.0,,,,6000.0,0,0,0,0,0,0,0,0,0,0,0,0,0,0,0,0,0,0,0,0,147,2026-02-04 15:37:52.873106
SPNG,23.06,22.67,22.98,1977000.0,150.0,6000.0,2000700.0,300.0,,0,0,0,0,0,0,0,0,0,0,0,0,0,0,0,0,0,0,0,0,148,2026-02-04 15:37:53.929426
SMMR,24.43,24.43,24.58,2305300.0,300.0,,2383800.0,300.0,,0,0,0,0,0,0,0,0,0,0,0,0,0,0,0,0,0,0,0,0,148,2026-02-04 15:37:53.929426
ATMN,23.94,23.91,23.94,2427000.0,300.0,,2311400.0,300.0,6000.0,0,0,0,0,0,0,0,0,0,0,0,0,0,0,0,0,0,0,0,0,148,2026-02-04 15:37:53.929426
WNTR,24.34,24.34,24.5,1781100.0,300.0,6000.0,1902100.0,300.0,,0,0,0,0,0,0,0,0,0,0,0,0,0,0,0,0,0,0,0,0,148,2026-02-04 15:37:53.929426
SPNG,22.67,22.67,22.98,1848200.0,6000.0,1972000.0,300.0,,,0,0,0,0,0,0,0,0,0,0,0,0,0,0,0,0,0,0,0,0,149,2026-02-04 15:37:54.971686
SMMR,24.58,24.42,24.58,2293200.0,,2519600.0,,300.0,,0,0,0,0,0,0,0,0,0,0,0,0,0,0,0,0,0,0,0,0,149,2026-02-04 15:37:54.971686
ATMN,23.78,23.91,23.94,2575900.0,6000.0,2311400.0,,,6000.0,0,0,0,0,0,0,0,0,0,0,0,0,0,0,0,0,0,0,0,0,149,2026-02-04 15:37:54.971686
WNTR,24.34,24.34,24.36,1878300.0,6000.0,2002000.0,,,,0,0,0,0,0,0,0,0,0,0,0,0,0,0,0,0,0,0,0,0,149,2026-02-04 15:37:54.971686
SPNG,22.67,22.67,22.72,1979800.0,1994800.0,6000.0,300.0,,,0,0,0,0,0,0,0,0,0,0,0,0,0,0,0,0,0,0,0,0,150,2026-02-04 15:37:56.016225
SMMR,24.58,24.42,24.54,2276500.0,2534300.0,,,300.0,,0,0,0,0,0,0,0,0,0,0,0,0,0,0,0,0,0,0,0,0,150,2026-02-04 15:37:56.016225
ATMN,23.78,23.91,23.94,2465100.0,2277100.0,6000.0,,,6000.0,0,0,0,0,0,0,0,0,0,0,0,0,0,0,0,0,0,0,0,0,150,2026-02-04 15:37:56.016225
WNTR,24.53,24.53,24.56,2120100.0,2147600.0,,,,,0,0,0,0,0,0,0,0,0,0,0,0,0,0,0,0,0,0,0,0,150,2026-02-04 15:37:56.016225
SPNG,23.06,23.21,23.22,2101200.0,150.0,2255400.0,,,,0,0,0,0,0,0,0,0,0,0,0,0,0,0,0,0,0,0,0,0,151,2026-02-04 15:37:57.068786
SMMR,24.58,24.44,24.54,2290800.0,300.0,2398100.0,300.0,,,0,0,0,0,0,0,0,0,0,0,0,0,0,0,0,0,0,0,0,0,151,2026-02-04 15:37:57.068786
ATMN,23.78,23.87,23.93,2314400.0,300.0,2173800.0,300.0,6000.0,6000.0,0,0,0,0,0,0,0,0,0,0,0,0,0,0,0,0,0,0,0,0,151,2026-02-04 15:37:57.068786
WNTR,24.53,24.45,24.51,1994700.0,300.0,2167400.0,,5001.0,,0,0,0,0,0,0,0,0,0,0,0,0,0,0,0,0,0,0,0,0,151,2026-02-04 15:37:57.068786
SPNG,22.83,22.83,23.22,1866100.0,150.0,2273100.0,,0,0,0,0,0,0,0,0,0,0,0,0,0,0,0,0,0,0,0,0,0,0,152,2026-02-04 15:37:58.122679
SMMR,24.52,24.52,24.54,2393800.0,,2499800.0,,0,0,0,0,0,0,0,0,0,0,0,0,0,0,0,0,0,0,0,0,0,0,152,2026-02-04 15:37:58.122679
ATMN,23.93,23.93,23.94,2603200.0,,2246400.0,2300.0,0,0,0,0,0,0,0,0,0,0,0,0,0,0,0,0,0,0,0,0,0,0,152,2026-02-04 15:37:58.122679
WNTR,24.33,24.33,24.55,1764500.0,,2167400.0,,0,0,0,0,0,0,0,0,0,0,0,0,0,0,0,0,0,0,0,0,0,0,152,2026-02-04 15:37:58.122679
SPNG,22.35,22.67,22.69,1751000.0,150.0,6000.0,2137100.0,,,0,0,0,0,0,0,0,0,0,0,0,0,0,0,0,0,0,0,0,0,153,2026-02-04 15:37:58.667930
SMMR,24.52,24.52,24.54,2280600.0,300.0,,2499800.0,,,0,0,0,0,0,0,0,0,0,0,0,0,0,0,0,0,0,0,0,0,153,2026-02-04 15:37:58.667930
ATMN,23.93,23.85,23.86,2314400.0,300.0,,2257500.0,6000.0,300.0,0,0,0,0,0,0,0,0,0,0,0,0,0,0,0,0,0,0,0,0,153,2026-02-04 15:37:58.667930
WNTR,24.33,24.41,24.55,1863500.0,300.0,,2080500.0,6000.0,300.0,0,0,0,0,0,0,0,0,0,0,0,0,0,0,0,0,0,0,0,0,153,2026-02-04 15:37:58.667930
SPNG,23.09,22.9,23.09,150.0,1751000.0,2146700.0,300.0,,0,0,0,0,0,0,0,0,0,0,0,0,0,0,0,0,0,0,0,0,0,154,2026-02-04 15:37:59.710508
SMMR,24.54,24.51,24.54,300.0,2310900.0,2500400.0,,,0,0,0,0,0,0,0,0,0,0,0,0,0,0,0,0,0,0,0,0,0,154,2026-02-04 15:37:59.710508
ATMN,24.11,23.84,24.11,,2477100.0,2368200.0,,6000.0,0,0,0,0,0,0,0,0,0,0,0,0,0,0,0,0,0,0,0,0,0,154,2026-02-04 15:37:59.710508
WNTR,24.33,24.48,24.55,,2112200.0,2174600.0,,6000.0,0,0,0,0,0,0,0,0,0,0,0,0,0,0,0,0,0,0,0,0,0,154,2026-02-04 15:37:59.710508
SPNG,22.96,22.67,22.96,1751000.0,6000.0,2118700.0,300.0,,,0,0,0,0,0,0,0,0,0,0,0,0,0,0,0,0,0,0,0,0,155,2026-02-04 15:38:00.758902
SMMR,24.6,24.51,24.56,2301000.0,,2485500.0,,300.0,,0,0,0,0,0,0,0,0,0,0,0,0,0,0,0,0,0,0,0,0,155,2026-02-04 15:38:00.758902
ATMN,23.77,23.68,23.77,2593500.0,,2265900.0,,,6000.0,0,0,0,0,0,0,0,0,0,0,0,0,0,0,0,0,0,0,0,0,155,2026-02-04 15:38:00.758902
WNTR,24.32,24.32,24.56,1796000.0,,2170100.0,,,,0,0,0,0,0,0,0,0,0,0,0,0,0,0,0,0,0,0,0,0,155,2026-02-04 15:38:00.758902
SPNG,22.96,22.67,22.84,2024400.0,6000.0,150.0,4666.0,2048300.0,300.0,0,0,0,0,0,0,0,0,0,0,0,0,0,0,0,0,0,0,0,0,156,2026-02-04 15:38:01.814261
SMMR,24.6,24.61,24.62,2333700.0,,300.0,,2404000.0,300.0,0,0,0,0,0,0,0,0,0,0,0,0,0,0,0,0,0,0,0,0,156,2026-02-04 15:38:01.814261
ATMN,24.15,23.9,23.98,2409300.0,,300.0,,2255000.0,300.0,0,0,0,0,0,0,0,0,0,0,0,0,0,0,0,0,0,0,0,0,156,2026-02-04 15:38:01.814261
WNTR,24.49,24.52,24.56,2008500.0,6000.0,300.0,,2083200.0,300.0,0,0,0,0,0,0,0,0,0,0,0,0,0,0,0,0,0,0,0,0,156,2026-02-04 15:38:01.814261
SPNG,22.96,22.67,22.96,2174000.0,2255800.0,,0,0,0,0,0,0,0,0,0,0,0,0,0,0,0,0,0,0,0,0,0,0,0,157,2026-02-04 15:38:02.893601
SMMR,24.61,24.59,24.61,2401000.0,2499900.0,,0,0,0,0,0,0,0,0,0,0,0,0,0,0,0,0,0,0,0,0,0,0,0,157,2026-02-04 15:38:02.893601
ATMN,23.72,23.77,23.92,2556500.0,2255000.0,6000.0,0,0,0,0,0,0,0,0,0,0,0,0,0,0,0,0,0,0,0,0,0,0,0,157,2026-02-04 15:38:02.893601
WNTR,24.43,24.53,24.56,2019600.0,2180400.0,,0,0,0,0,0,0,0,0,0,0,0,0,0,0,0,0,0,0,0,0,0,0,0,157,2026-02-04 15:38:02.893601
SPNG,22.96,22.67,22.96,2157600.0,6000.0,2283800.0,0,0,0,0,0,0,0,0,0,0,0,0,0,0,0,0,0,0,0,0,0,0,0,158,2026-02-04 15:38:03.999234
SMMR,24.59,24.54,24.56,2411300.0,,2441100.0,0,0,0,0,0,0,0,0,0,0,0,0,0,0,0,0,0,0,0,0,0,0,0,158,2026-02-04 15:38:03.999234
ATMN,24.11,24.11,24.15,2516200.0,,2350900.0,0,0,0,0,0,0,0,0,0,0,0,0,0,0,0,0,0,0,0,0,0,0,0,158,2026-02-04 15:38:03.999234
WNTR,24.53,24.37,24.41,2009800.0,6000.0,2175400.0,0,0,0,0,0,0,0,0,0,0,0,0,0,0,0,0,0,0,0,0,0,0,0,158,2026-02-04 15:38:03.999234
SPNG,22.96,22.76,22.96,2402700.0,6000.0,2289500.0,0,0,0,0,0,0,0,0,0,0,0,0,0,0,0,0,0,0,0,0,0,0,0,159,2026-02-04 15:38:05.055235
SMMR,24.62,24.54,24.62,2411300.0,,2487900.0,0,0,0,0,0,0,0,0,0,0,0,0,0,0,0,0,0,0,0,0,0,0,0,159,2026-02-04 15:38:05.055235
ATMN,23.77,23.77,23.95,2412800.0,6000.0,2409200.0,0,0,0,0,0,0,0,0,0,0,0,0,0,0,0,0,0,0,0,0,0,0,0,159,2026-02-04 15:38:05.055235
WNTR,24.53,24.37,24.41,2214200.0,6000.0,2174600.0,0,0,0,0,0,0,0,0,0,0,0,0,0,0,0,0,0,0,0,0,0,0,0,159,2026-02-04 15:38:05.055235
SPNG,22.96,22.76,22.9,2523200.0,6000.0,2329900.0,0,0,0,0,0,0,0,0,0,0,0,0,0,0,0,0,0,0,0,0,0,0,0,160,2026-02-04 15:38:06.113331
SMMR,24.6,24.54,24.6,2409000.0,,2474800.0,0,0,0,0,0,0,0,0,0,0,0,0,0,0,0,0,0,0,0,0,0,0,0,160,2026-02-04 15:38:06.113331
ATMN,23.77,23.77,23.95,2371300.0,6000.0,2358400.0,0,0,0,0,0,0,0,0,0,0,0,0,0,0,0,0,0,0,0,0,0,0,0,160,2026-02-04 15:38:06.113331
WNTR,24.41,24.37,24.41,2172200.0,6000.0,2174600.0,0,0,0,0,0,0,0,0,0,0,0,0,0,0,0,0,0,0,0,0,0,0,0,160,2026-02-04 15:38:06.113331
SPNG,23.0,23.0,23.09,2521200.0,6000.0,2294100.0,,0,0,0,0,0,0,0,0,0,0,0,0,0,0,0,0,0,0,0,0,0,0,161,2026-02-04 15:38:07.171163
SMMR,24.53,24.53,24.6,2425900.0,,2474800.0,,0,0,0,0,0,0,0,0,0,0,0,0,0,0,0,0,0,0,0,0,0,0,161,2026-02-04 15:38:07.171163
ATMN,23.77,23.66,23.95,2555900.0,,2358400.0,,0,0,0,0,0,0,0,0,0,0,0,0,0,0,0,0,0,0,0,0,0,0,161,2026-02-04 15:38:07.171163
WNTR,24.46,24.4,24.44,2327200.0,,2054200.0,6000.0,0,0,0,0,0,0,0,0,0,0,0,0,0,0,0,0,0,0,0,0,0,0,161,2026-02-04 15:38:07.171163
SPNG,22.67,22.61,22.65,2303100.0,2335800.0,,,0,0,0,0,0,0,0,0,0,0,0,0,0,0,0,0,0,0,0,0,0,0,162,2026-02-04 15:38:07.730691
SMMR,24.52,24.52,24.6,2428200.0,2474800.0,,,0,0,0,0,0,0,0,0,0,0,0,0,0,0,0,0,0,0,0,0,0,0,162,2026-02-04 15:38:07.730691
ATMN,23.66,23.73,23.77,2394400.0,2252300.0,6000.0,6000.0,0,0,0,0,0,0,0,0,0,0,0,0,0,0,0,0,0,0,0,0,0,0,162,2026-02-04 15:38:07.730691
WNTR,24.29,24.29,24.41,2241200.0,2054200.0,,6000.0,0,0,0,0,0,0,0,0,0,0,0,0,0,0,0,0,0,0,0,0,0,0,162,2026-02-04 15:38:07.730691
SPNG,22.65,22.62,22.65,2568500.0,2231800.0,6000.0,0,0,0,0,0,0,0,0,0,0,0,0,0,0,0,0,0,0,0,0,0,0,0,163,2026-02-04 15:38:08.776804
SMMR,24.62,24.51,24.62,2435200.0,2517300.0,,0,0,0,0,0,0,0,0,0,0,0,0,0,0,0,0,0,0,0,0,0,0,0,163,2026-02-04 15:38:08.776804
ATMN,23.77,23.81,23.95,2499600.0,2346800.0,,0,0,0,0,0,0,0,0,0,0,0,0,0,0,0,0,0,0,0,0,0,0,0,163,2026-02-04 15:38:08.776804
WNTR,24.25,24.28,24.41,2232700.0,2102800.0,6000.0,0,0,0,0,0,0,0,0,0,0,0,0,0,0,0,0,0,0,0,0,0,0,0,163,2026-02-04 15:38:08.776804
SPNG,22.96,22.93,22.96,2682300.0,4666.0,6000.0,2182500.0,0,0,0,0,0,0,0,0,0,0,0,0,0,0,0,0,0,0,0,0,0,0,164,2026-02-04 15:38:09.811428
SMMR,24.63,24.51,24.63,2448800.0,,,2498400.0,0,0,0,0,0,0,0,0,0,0,0,0,0,0,0,0,0,0,0,0,0,0,164,2026-02-04 15:38:09.811428
ATMN,23.77,23.84,23.93,2339200.0,6000.0,,2340200.0,0,0,0,0,0,0,0,0,0,0,0,0,0,0,0,0,0,0,0,0,0,0,164,2026-02-04 15:38:09.811428
WNTR,24.43,24.34,24.43,2232700.0,6000.0,,2235900.0,0,0,0,0,0,0,0,0,0,0,0,0,0,0,0,0,0,0,0,0,0,0,164,2026-02-04 15:38:09.811428
SPNG,22.86,22.62,22.86,2568500.0,2204700.0,6000.0,,0,0,0,0,0,0,0,0,0,0,0,0,0,0,0,0,0,0,0,0,0,0,165,2026-02-04 15:38:10.875
SMMR,24.51,24.51,24.62,2414700.0,2497800.0,,,0,0,0,0,0,0,0,0,0,0,0,0,0,0,0,0,0,0,0,0,0,0,165,2026-02-04 15:38:10.875
ATMN,23.77,23.84,23.86,2339200.0,2342000.0,,6000.0,0,0,0,0,0,0,0,0,0,0,0,0,0,0,0,0,0,0,0,0,0,0,165,2026-02-04 15:38:10.875
WNTR,24.56,24.54,24.56,2193800.0,2218100.0,,6000.0,0,0,0,0,0,0,0,0,0,0,0,0,0,0,0,0,0,0,0,0,0,0,165,2026-02-04 15:38:10.875
SPNG,23.22,22.62,23.22,2568500.0,2242000.0,,0,0,0,0,0,0,0,0,0,0,0,0,0,0,0,0,0,0,0,0,0,0,0,166,2026-02-04 15:38:11.927604
SMMR,24.49,24.49,24.51,2413800.0,2499400.0,,0,0,0,0,0,0,0,0,0,0,0,0,0,0,0,0,0,0,0,0,0,0,0,166,2026-02-04 15:38:11.927604
ATMN,23.77,23.77,23.86,2360600.0,2346400.0,6000.0,0,0,0,0,0,0,0,0,0,0,0,0,0,0,0,0,0,0,0,0,0,0,0,166,2026-02-04 15:38:11.927604
WNTR,24.39,24.39,24.41,2232700.0,2187700.0,6000.0,0,0,0,0,0,0,0,0,0,0,0,0,0,0,0,0,0,0,0,0,0,0,0,166,2026-02-04 15:38:11.927604
SPNG,23.17,22.62,23.17,2568500.0,2269500.0,,0,0,0,0,0,0,0,0,0,0,0,0,0,0,0,0,0,0,0,0,0,0,0,167,2026-02-04 15:38:12.983219
SMMR,24.47,24.47,24.51,2372800.0,2499400.0,,0,0,0,0,0,0,0,0,0,0,0,0,0,0,0,0,0,0,0,0,0,0,0,167,2026-02-04 15:38:12.983219
ATMN,23.77,23.73,23.77,2464400.0,2264900.0,1900.0,0,0,0,0,0,0,0,0,0,0,0,0,0,0,0,0,0,0,0,0,0,0,0,167,2026-02-04 15:38:12.983219
WNTR,24.54,24.46,24.54,2329400.0,2211300.0,,0,0,0,0,0,0,0,0,0,0,0,0,0,0,0,0,0,0,0,0,0,0,0,167,2026-02-04 15:38:12.983219
SPNG,22.65,22.62,22.65,2699500.0,2280000.0,,0,0,0,0,0,0,0,0,0,0,0,0,0,0,0,0,0,0,0,0,0,0,0,168,2026-02-04 15:38:14.024708
SMMR,24.47,24.47,24.48,2339100.0,2501000.0,,0,0,0,0,0,0,0,0,0,0,0,0,0,0,0,0,0,0,0,0,0,0,0,168,2026-02-04 15:38:14.024708
ATMN,23.64,23.64,23.83,2549800.0,2359800.0,,0,0,0,0,0,0,0,0,0,0,0,0,0,0,0,0,0,0,0,0,0,0,0,168,2026-02-04 15:38:14.024708
WNTR,24.46,24.46,24.5,2202800.0,2187300.0,6000.0,0,0,0,0,0,0,0,0,0,0,0,0,0,0,0,0,0,0,0,0,0,0,0,168,2026-02-04 15:38:14.024708
SPNG,22.65,22.68,22.96,2751200.0,6000.0,2155100.0,0,0,0,0,0,0,0,0,0,0,0,0,0,0,0,0,0,0,0,0,0,0,0,169,2026-02-04 15:38:15.073880
SMMR,24.47,24.47,24.48,2368800.0,,2501000.0,0,0,0,0,0,0,0,0,0,0,0,0,0,0,0,0,0,0,0,0,0,0,0,169,2026-02-04 15:38:15.073880
ATMN,23.83,23.61,23.83,2587100.0,,2365600.0,0,0,0,0,0,0,0,0,0,0,0,0,0,0,0,0,0,0,0,0,0,0,0,169,2026-02-04 15:38:15.073880
WNTR,24.36,24.49,24.5,2314600.0,,2187300.0,0,0,0,0,0,0,0,0,0,0,0,0,0,0,0,0,0,0,0,0,0,0,0,169,2026-02-04 15:38:15.073880
SPNG,22.63,22.63,22.78,2803200.0,2165600.0,6000.0,,0,0,0,0,0,0,0,0,0,0,0,0,0,0,0,0,0,0,0,0,0,0,170,2026-02-04 15:38:16.141461
SMMR,24.48,24.47,24.48,2368800.0,2493900.0,,,0,0,0,0,0,0,0,0,0,0,0,0,0,0,0,0,0,0,0,0,0,0,170,2026-02-04 15:38:16.141461
ATMN,23.61,23.7,23.77,2482700.0,2264000.0,6000.0,6000.0,0,0,0,0,0,0,0,0,0,0,0,0,0,0,0,0,0,0,0,0,0,0,170,2026-02-04 15:38:16.141461
WNTR,24.33,24.41,24.43,2172900.0,2058800.0,1166.0,6000.0,0,0,0,0,0,0,0,0,0,0,0,0,0,0,0,0,0,0,0,0,0,0,170,2026-02-04 15:38:16.141461
SPNG,22.63,22.63,22.78,2666700.0,2165600.0,6000.0,,0,0,0,0,0,0,0,0,0,0,0,0,0,0,0,0,0,0,0,0,0,0,171,2026-02-04 15:38:17.197098
SMMR,24.49,24.47,24.49,2368800.0,2486800.0,,,0,0,0,0,0,0,0,0,0,0,0,0,0,0,0,0,0,0,0,0,0,0,171,2026-02-04 15:38:17.197098
ATMN,23.67,23.5,23.67,2651500.0,2402800.0,,,0,0,0,0,0,0,0,0,0,0,0,0,0,0,0,0,0,0,0,0,0,0,171,2026-02-04 15:38:17.197098
WNTR,24.36,24.39,24.41,2156900.0,2184800.0,,6000.0,0,0,0,0,0,0,0,0,0,0,0,0,0,0,0,0,0,0,0,0,0,0,171,2026-02-04 15:38:17.197098
SPNG,22.78,22.81,23.17,2585200.0,2269500.0,,,0,0,0,0,0,0,0,0,0,0,0,0,0,0,0,0,0,0,0,0,0,0,172,2026-02-04 15:38:17.762465
SMMR,24.51,24.47,24.51,2229200.0,2382200.0,6000.0,6000.0,0,0,0,0,0,0,0,0,0,0,0,0,0,0,0,0,0,0,0,0,0,0,172,2026-02-04 15:38:17.762465
ATMN,23.83,23.5,23.83,2651500.0,2378400.0,,,0,0,0,0,0,0,0,0,0,0,0,0,0,0,0,0,0,0,0,0,0,0,172,2026-02-04 15:38:17.762465
WNTR,24.48,24.46,24.48,2156900.0,2184800.0,6000.0,,0,0,0,0,0,0,0,0,0,0,0,0,0,0,0,0,0,0,0,0,0,0,172,2026-02-04 15:38:17.762465
SPNG,22.87,22.81,22.87,2450600.0,6000.0,2301600.0,,0,0,0,0,0,0,0,0,0,0,0,0,0,0,0,0,0,0,0,0,0,0,173,2026-02-04 15:38:18.807008
SMMR,24.44,24.44,24.5,2360300.0,,2403600.0,6000.0,0,0,0,0,0,0,0,0,0,0,0,0,0,0,0,0,0,0,0,0,0,0,173,2026-02-04 15:38:18.807008
ATMN,23.67,23.45,23.58,2675000.0,,2232300.0,6000.0,0,0,0,0,0,0,0,0,0,0,0,0,0,0,0,0,0,0,0,0,0,0,173,2026-02-04 15:38:18.807008
WNTR,24.5,24.53,24.54,2121400.0,6000.0,2211300.0,,0,0,0,0,0,0,0,0,0,0,0,0,0,0,0,0,0,0,0,0,0,0,173,2026-02-04 15:38:18.807008
SPNG,22.81,22.81,22.87,2585200.0,2301600.0,0,0,0,0,0,0,0,0,0,0,0,0,0,0,0,0,0,0,0,0,0,0,0,0,174,2026-02-04 15:38:19.851927
SMMR,24.44,24.47,24.5,2379200.0,2490700.0,0,0,0,0,0,0,0,0,0,0,0,0,0,0,0,0,0,0,0,0,0,0,0,0,174,2026-02-04 15:38:19.851927
ATMN,23.48,23.48,23.86,2651300.0,2370700.0,0,0,0,0,0,0,0,0,0,0,0,0,0,0,0,0,0,0,0,0,0,0,0,0,174,2026-02-04 15:38:19.851927
WNTR,24.51,24.46,24.49,2265600.0,2235700.0,0,0,0,0,0,0,0,0,0,0,0,0,0,0,0,0,0,0,0,0,0,0,0,0,174,2026-02-04 15:38:19.851927
SPNG,22.89,22.99,23.12,2586200.0,2270100.0,0,0,0,0,0,0,0,0,0,0,0,0,0,0,0,0,0,0,0,0,0,0,0,0,175,2026-02-04 15:38:20.899834
SMMR,24.45,24.45,24.54,2369900.0,2471900.0,0,0,0,0,0,0,0,0,0,0,0,0,0,0,0,0,0,0,0,0,0,0,0,0,175,2026-02-04 15:38:20.899834
ATMN,23.43,23.43,23.86,2648300.0,2370700.0,0,0,0,0,0,0,0,0,0,0,0,0,0,0,0,0,0,0,0,0,0,0,0,0,175,2026-02-04 15:38:20.899834
WNTR,24.56,24.46,24.56,2231200.0,2257400.0,0,0,0,0,0,0,0,0,0,0,0,0,0,0,0,0,0,0,0,0,0,0,0,0,175,2026-02-04 15:38:20.899834
SPNG,22.73,22.88,23.12,2508800.0,2270100.0,0,0,0,0,0,0,0,0,0,0,0,0,0,0,0,0,0,0,0,0,0,0,0,0,176,2026-02-04 15:38:21.961385
SMMR,24.44,24.44,24.54,2360300.0,2469900.0,0,0,0,0,0,0,0,0,0,0,0,0,0,0,0,0,0,0,0,0,0,0,0,0,176,2026-02-04 15:38:21.961385
ATMN,23.86,23.43,23.86,2584900.0,2350400.0,0,0,0,0,0,0,0,0,0,0,0,0,0,0,0,0,0,0,0,0,0,0,0,0,176,2026-02-04 15:38:21.961385
WNTR,24.58,24.46,24.58,2268200.0,2276700.0,0,0,0,0,0,0,0,0,0,0,0,0,0,0,0,0,0,0,0,0,0,0,0,0,176,2026-02-04 15:38:21.961385
SPNG,22.62,22.62,22.68,2568700.0,2280700.0,0,0,0,0,0,0,0,0,0,0,0,0,0,0,0,0,0,0,0,0,0,0,0,0,177,2026-02-04 15:38:23.035889
SMMR,24.42,24.42,24.59,2338200.0,2465600.0,0,0,0,0,0,0,0,0,0,0,0,0,0,0,0,0,0,0,0,0,0,0,0,0,177,2026-02-04 15:38:23.035889
ATMN,23.41,23.41,23.89,2605100.0,2381300.0,0,0,0,0,0,0,0,0,0,0,0,0,0,0,0,0,0,0,0,0,0,0,0,0,177,2026-02-04 15:38:23.035889
WNTR,24.59,24.45,24.59,2271200.0,2240700.0,0,0,0,0,0,0,0,0,0,0,0,0,0,0,0,0,0,0,0,0,0,0,0,0,177,2026-02-04 15:38:23.035889
SPNG,22.68,22.97,23.12,2538900.0,2270100.0,0,0,0,0,0,0,0,0,0,0,0,0,0,0,0,0,0,0,0,0,0,0,0,0,178,2026-02-04 15:38:24.100632
SMMR,24.62,24.5,24.57,2352900.0,2453300.0,0,0,0,0,0,0,0,0,0,0,0,0,0,0,0,0,0,0,0,0,0,0,0,0,178,2026-02-04 15:38:24.100632
ATMN,23.41,23.55,23.71,2555500.0,2383400.0,0,0,0,0,0,0,0,0,0,0,0,0,0,0,0,0,0,0,0,0,0,0,0,0,178,2026-02-04 15:38:24.100632
WNTR,24.6,24.51,24.6,2290700.0,2213200.0,0,0,0,0,0,0,0,0,0,0,0,0,0,0,0,0,0,0,0,0,0,0,0,0,178,2026-02-04 15:38:24.100632
SPNG,22.61,22.61,23.12,2578200.0,2268200.0,0,0,0,0,0,0,0,0,0,0,0,0,0,0,0,0,0,0,0,0,0,0,0,0,179,2026-02-04 15:38:25.159097
SMMR,24.41,24.41,24.57,2346800.0,2453300.0,0,0,0,0,0,0,0,0,0,0,0,0,0,0,0,0,0,0,0,0,0,0,0,0,179,2026-02-04 15:38:25.159097
ATMN,23.71,23.55,23.59,2555500.0,2369100.0,0,0,0,0,0,0,0,0,0,0,0,0,0,0,0,0,0,0,0,0,0,0,0,0,179,2026-02-04 15:38:25.159097
WNTR,24.6,24.51,24.58,2314600.0,2242500.0,0,0,0,0,0,0,0,0,0,0,0,0,0,0,0,0,0,0,0,0,0,0,0,0,179,2026-02-04 15:38:25.159097
SPNG,24.19,24.19,25.4,916000.0,682700.0,0,0,0,0,0,0,0,0,0,0,0,0,0,0,0,0,0,0,0,0,0,0,0,0,180,2026-02-04 15:38:26.216700
SMMR,24.41,24.28,24.5,964100.0,935000.0,0,0,0,0,0,0,0,0,0,0,0,0,0,0,0,0,0,0,0,0,0,0,0,0,180,2026-02-04 15:38:26.216700
ATMN,24.83,23.99,24.54,796000.0,672400.0,0,0,0,0,0,0,0,0,0,0,0,0,0,0,0,0,0,0,0,0,0,0,0,0,180,2026-02-04 15:38:26.216700
WNTR,25.19,25.19,25.31,923000.0,786500.0,0,0,0,0,0,0,0,0,0,0,0,0,0,0,0,0,0,0,0,0,0,0,0,0,180,2026-02-04 15:38:26.216700
SPNG,24.19,24.19,24.63,1078500.0,899200.0,0,0,0,0,0,0,0,0,0,0,0,0,0,0,0,0,0,0,0,0,0,0,0,0,181,2026-02-04 15:38:27.278240
SMMR,24.41,24.28,24.43,964100.0,1268900.0,0,0,0,0,0,0,0,0,0,0,0,0,0,0,0,0,0,0,0,0,0,0,0,0,181,2026-02-04 15:38:27.278240
ATMN,24.83,24.0,24.54,1304000.0,761500.0,0,0,0,0,0,0,0,0,0,0,0,0,0,0,0,0,0,0,0,0,0,0,0,0,181,2026-02-04 15:38:27.278240
WNTR,25.19,24.99,25.16,1062300.0,999800.0,0,0,0,0,0,0,0,0,0,0,0,0,0,0,0,0,0,0,0,0,0,0,0,0,181,2026-02-04 15:38:27.278240
SPNG,23.9,24.18,24.63,1213200.0,899200.0,300.0,,0,0,0,0,0,0,0,0,0,0,0,0,0,0,0,0,0,0,0,0,0,0,182,2026-02-04 15:38:27.854250
SMMR,24.43,24.28,24.43,964100.0,1268900.0,300.0,300.0,0,0,0,0,0,0,0,0,0,0,0,0,0,0,0,0,0,0,0,0,0,0,182,2026-02-04 15:38:27.854250
ATMN,24.57,24.68,24.9,1525300.0,755200.0,,300.0,0,0,0,0,0,0,0,0,0,0,0,0,0,0,0,0,0,0,0,0,0,0,182,2026-02-04 15:38:27.854250
WNTR,25.2,25.0,25.2,1187100.0,904800.0,,,0,0,0,0,0,0,0,0,0,0,0,0,0,0,0,0,0,0,0,0,0,0,182,2026-02-04 15:38:27.854250
SPNG,23.84,24.12,24.63,1333900.0,899200.0,0,0,0,0,0,0,0,0,0,0,0,0,0,0,0,0,0,0,0,0,0,0,0,0,183,2026-02-04 15:38:28.922739
SMMR,24.3,24.3,24.43,1096500.0,1268900.0,0,0,0,0,0,0,0,0,0,0,0,0,0,0,0,0,0,0,0,0,0,0,0,0,183,2026-02-04 15:38:28.922739
ATMN,24.99,24.68,24.99,1751700.0,733300.0,0,0,0,0,0,0,0,0,0,0,0,0,0,0,0,0,0,0,0,0,0,0,0,0,183,2026-02-04 15:38:28.922739
WNTR,25.0,25.13,25.2,1278700.0,996500.0,0,0,0,0,0,0,0,0,0,0,0,0,0,0,0,0,0,0,0,0,0,0,0,0,183,2026-02-04 15:38:28.922739
SPNG,23.81,23.88,24.63,1338400.0,1089000.0,300.0,,0,0,0,0,0,0,0,0,0,0,0,0,0,0,0,0,0,0,0,0,0,0,184,2026-02-04 15:38:30.024364
SMMR,24.28,24.28,24.31,1091000.0,1633900.0,300.0,300.0,0,0,0,0,0,0,0,0,0,0,0,0,0,0,0,0,0,0,0,0,0,0,184,2026-02-04 15:38:30.024364
ATMN,25.2,25.2,25.62,1848300.0,1015600.0,,300.0,0,0,0,0,0,0,0,0,0,0,0,0,0,0,0,0,0,0,0,0,0,0,184,2026-02-04 15:38:30.024364
WNTR,25.31,25.13,25.31,1403000.0,878200.0,300.0,300.0,0,0,0,0,0,0,0,0,0,0,0,0,0,0,0,0,0,0,0,0,0,0,184,2026-02-04 15:38:30.024364
SPNG,23.88,23.88,24.04,1460500.0,150.0,1211000.0,300.0,0,0,0,0,0,0,0,0,0,0,0,0,0,0,0,0,0,0,0,0,0,0,185,2026-02-04 15:38:31.094035
SMMR,24.25,24.27,24.31,1107200.0,300.0,1745300.0,,0,0,0,0,0,0,0,0,0,0,0,0,0,0,0,0,0,0,0,0,0,0,185,2026-02-04 15:38:31.094035
ATMN,25.2,25.2,25.26,1848300.0,,1455000.0,,0,0,0,0,0,0,0,0,0,0,0,0,0,0,0,0,0,0,0,0,0,0,185,2026-02-04 15:38:31.094035
WNTR,24.99,24.99,25.26,1437200.0,,970400.0,,0,0,0,0,0,0,0,0,0,0,0,0,0,0,0,0,0,0,0,0,0,0,185,2026-02-04 15:38:31.094035
SPNG,23.81,23.81,24.21,1324000.0,150.0,300.0,1089000.0,0,0,0,0,0,0,0,0,0,0,0,0,0,0,0,0,0,0,0,0,0,0,186,2026-02-04 15:38:32.158962
SMMR,24.31,24.35,24.38,1244600.0,300.0,,1846400.0,0,0,0,0,0,0,0,0,0,0,0,0,0,0,0,0,0,0,0,0,0,0,186,2026-02-04 15:38:32.158962
ATMN,24.58,24.58,25.26,1635700.0,,,1703800.0,0,0,0,0,0,0,0,0,0,0,0,0,0,0,0,0,0,0,0,0,0,0,186,2026-02-04 15:38:32.158962
WNTR,25.31,24.97,25.31,1433000.0,,,878200.0,0,0,0,0,0,0,0,0,0,0,0,0,0,0,0,0,0,0,0,0,0,0,186,2026-02-04 15:38:32.158962
SPNG,24.04,24.11,24.16,6000.0,1324000.0,250.0,1343200.0,300.0,,0,0,0,0,0,0,0,0,0,0,0,0,0,0,0,0,0,0,0,0,187,2026-02-04 15:38:33.229091
SMMR,24.27,24.32,24.33,6000.0,1107200.0,250.0,2055600.0,300.0,300.0,0,0,0,0,0,0,0,0,0,0,0,0,0,0,0,0,0,0,0,0,187,2026-02-04 15:38:33.229091
ATMN,25.19,24.67,25.19,,1635700.0,6000.0,2063100.0,,300.0,0,0,0,0,0,0,0,0,0,0,0,0,0,0,0,0,0,0,0,0,187,2026-02-04 15:38:33.229091
WNTR,24.97,24.97,25.15,6000.0,1433000.0,,980700.0,,300.0,0,0,0,0,0,0,0,0,0,0,0,0,0,0,0,0,0,0,0,0,187,2026-02-04 15:38:33.229091
SPNG,24.27,24.27,24.51,1542800.0,150.0,6000.0,1343200.0,,0,0,0,0,0,0,0,0,0,0,0,0,0,0,0,0,0,0,0,0,0,188,2026-02-04 15:38:34.277022
SMMR,24.35,24.29,24.31,1107200.0,,6000.0,2192200.0,6000.0,0,0,0,0,0,0,0,0,0,0,0,0,0,0,0,0,0,0,0,0,0,188,2026-02-04 15:38:34.277022
ATMN,24.57,24.57,25.19,1633500.0,,,2063100.0,6000.0,0,0,0,0,0,0,0,0,0,0,0,0,0,0,0,0,0,0,0,0,0,188,2026-02-04 15:38:34.277022
WNTR,24.97,24.97,25.15,1533800.0,,6000.0,980700.0,,0,0,0,0,0,0,0,0,0,0,0,0,0,0,0,0,0,0,0,0,0,188,2026-02-04 15:38:34.277022
SPNG,24.27,24.27,24.32,1542800.0,6000.0,1778400.0,,0,0,0,0,0,0,0,0,0,0,0,0,0,0,0,0,0,0,0,0,0,0,189,2026-02-04 15:38:35.393432
SMMR,24.21,24.21,24.27,1016400.0,,2217200.0,6000.0,0,0,0,0,0,0,0,0,0,0,0,0,0,0,0,0,0,0,0,0,0,0,189,2026-02-04 15:38:35.393432
ATMN,24.63,24.57,24.63,1906600.0,,2081700.0,6000.0,0,0,0,0,0,0,0,0,0,0,0,0,0,0,0,0,0,0,0,0,0,0,189,2026-02-04 15:38:35.393432
WNTR,25.13,24.97,25.02,1641500.0,6000.0,1183100.0,,0,0,0,0,0,0,0,0,0,0,0,0,0,0,0,0,0,0,0,0,0,0,189,2026-02-04 15:38:35.393432
SPNG,24.27,24.27,24.32,1542800.0,6000.0,150.0,1896900.0,300.0,,0,0,0,0,0,0,0,0,0,0,0,0,0,0,0,0,0,0,0,0,190,2026-02-04 15:38:35.936284
SMMR,24.21,24.21,24.27,1227300.0,,300.0,2217200.0,,6000.0,0,0,0,0,0,0,0,0,0,0,0,0,0,0,0,0,0,0,0,0,190,2026-02-04 15:38:35.936284
ATMN,24.63,24.94,25.11,2023600.0,,,2070400.0,,6000.0,0,0,0,0,0,0,0,0,0,0,0,0,0,0,0,0,0,0,0,0,190,2026-02-04 15:38:35.936284
WNTR,25.13,24.97,25.02,1641500.0,6000.0,,1274200.0,,,0,0,0,0,0,0,0,0,0,0,0,0,0,0,0,0,0,0,0,0,190,2026-02-04 15:38:35.936284
SPNG,24.16,23.81,24.02,1427300.0,2015300.0,300.0,,,0,0,0,0,0,0,0,0,0,0,0,0,0,0,0,0,0,0,0,0,0,191,2026-02-04 15:38:37.000859
SMMR,24.21,24.21,24.27,1204300.0,2217200.0,,6000.0,,0,0,0,0,0,0,0,0,0,0,0,0,0,0,0,0,0,0,0,0,0,191,2026-02-04 15:38:37.000859
ATMN,24.94,24.57,24.73,2126200.0,2096800.0,,6000.0,,0,0,0,0,0,0,0,0,0,0,0,0,0,0,0,0,0,0,0,0,0,191,2026-02-04 15:38:37.000859
WNTR,25.0,25.0,25.15,1748800.0,1167000.0,,,6000.0,0,0,0,0,0,0,0,0,0,0,0,0,0,0,0,0,0,0,0,0,0,191,2026-02-04 15:38:37.000859
SPNG,24.02,23.96,24.02,1655600.0,150.0,1931500.0,300.0,6000.0,,0,0,0,0,0,0,0,0,0,0,0,0,0,0,0,0,0,0,0,0,192,2026-02-04 15:38:38.080926
SMMR,24.21,24.21,24.27,1343800.0,300.0,2166000.0,300.0,6000.0,,0,0,0,0,0,0,0,0,0,0,0,0,0,0,0,0,0,0,0,0,192,2026-02-04 15:38:38.080926
ATMN,24.57,24.82,25.11,2126200.0,300.0,2186300.0,,,,0,0,0,0,0,0,0,0,0,0,0,0,0,0,0,0,0,0,0,0,192,2026-02-04 15:38:38.080926
WNTR,25.02,25.09,25.15,1954200.0,,1167000.0,,,6000.0,0,0,0,0,0,0,0,0,0,0,0,0,0,0,0,0,0,0,0,0,192,2026-02-04 15:38:38.080926
SPNG,24.21,24.21,24.32,1885600.0,2023100.0,,,0,0,0,0,0,0,0,0,0,0,0,0,0,0,0,0,0,0,0,0,0,0,193,2026-02-04 15:38:39.149767
SMMR,24.21,24.23,24.27,1474300.0,2305600.0,6000.0,,0,0,0,0,0,0,0,0,0,0,0,0,0,0,0,0,0,0,0,0,0,0,193,2026-02-04 15:38:39.149767
ATMN,24.75,25.09,25.19,2340800.0,2179000.0,,6000.0,0,0,0,0,0,0,0,0,0,0,0,0,0,0,0,0,0,0,0,0,0,0,193,2026-02-04 15:38:39.149767
WNTR,25.0,25.04,25.15,1854600.0,1334600.0,,6000.0,0,0,0,0,0,0,0,0,0,0,0,0,0,0,0,0,0,0,0,0,0,0,193,2026-02-04 15:38:39.149767
SPNG,24.21,24.04,24.18,6000.0,150.0,2042300.0,1969800.0,6000.0,300.0,0,0,0,0,0,0,0,0,0,0,0,0,0,0,0,0,0,0,0,0,194,2026-02-04 15:38:40.219403
SMMR,24.21,24.23,24.27,,300.0,1474300.0,2123500.0,6000.0,300.0,0,0,0,0,0,0,0,0,0,0,0,0,0,0,0,0,0,0,0,0,194,2026-02-04 15:38:40.219403
ATMN,24.84,24.61,24.84,6000.0,,2243800.0,2223600.0,,,0,0,0,0,0,0,0,0,0,0,0,0,0,0,0,0,0,0,0,0,194,2026-02-04 15:38:40.219403
WNTR,25.15,25.0,25.15,,,1748800.0,1352700.0,,,0,0,0,0,0,0,0,0,0,0,0,0,0,0,0,0,0,0,0,0,194,2026-02-04 15:38:40.219403
SPNG,24.19,24.04,24.19,6000.0,2173900.0,150.0,2000100.0,6000.0,300.0,0,0,0,0,0,0,0,0,0,0,0,0,0,0,0,0,0,0,0,0,195,2026-02-04 15:38:41.264025
SMMR,24.23,24.23,24.29,,1721800.0,300.0,2250500.0,,300.0,0,0,0,0,0,0,0,0,0,0,0,0,0,0,0,0,0,0,0,0,195,2026-02-04 15:38:41.264025
ATMN,25.26,24.63,24.98,6000.0,2213200.0,300.0,2029900.0,,300.0,0,0,0,0,0,0,0,0,0,0,0,0,0,0,0,0,0,0,0,0,195,2026-02-04 15:38:41.264025
WNTR,25.16,24.93,25.05,,1641500.0,,1480200.0,,,0,0,0,0,0,0,0,0,0,0,0,0,0,0,0,0,0,0,0,0,195,2026-02-04 15:38:41.264025
SPNG,24.0,24.0,24.19,2308400.0,2093100.0,6000.0,0,0,0,0,0,0,0,0,0,0,0,0,0,0,0,0,0,0,0,0,0,0,0,196,2026-02-04 15:38:42.313203
SMMR,24.23,24.23,24.29,1591300.0,2378300.0,,0,0,0,0,0,0,0,0,0,0,0,0,0,0,0,0,0,0,0,0,0,0,0,196,2026-02-04 15:38:42.313203
ATMN,24.66,24.66,25.08,2447000.0,2120800.0,,0,0,0,0,0,0,0,0,0,0,0,0,0,0,0,0,0,0,0,0,0,0,0,196,2026-02-04 15:38:42.313203
WNTR,25.2,25.04,25.2,1748800.0,1262400.0,,0,0,0,0,0,0,0,0,0,0,0,0,0,0,0,0,0,0,0,0,0,0,0,196,2026-02-04 15:38:42.313203
SPNG,24.0,24.0,24.19,2430700.0,150.0,2018000.0,6000.0,300.0,,0,0,0,0,0,0,0,0,0,0,0,0,0,0,0,0,0,0,0,0,197,2026-02-04 15:38:43.350305
SMMR,24.18,24.18,24.23,1396300.0,300.0,2277500.0,,300.0,,0,0,0,0,0,0,0,0,0,0,0,0,0,0,0,0,0,0,0,0,197,2026-02-04 15:38:43.350305
ATMN,24.41,24.41,25.08,2125300.0,,2037000.0,,300.0,,0,0,0,0,0,0,0,0,0,0,0,0,0,0,0,0,0,0,0,0,197,2026-02-04 15:38:43.350305
WNTR,25.02,25.11,25.2,1866200.0,300.0,1262400.0,,300.0,6000.0,0,0,0,0,0,0,0,0,0,0,0,0,0,0,0,0,0,0,0,0,197,2026-02-04 15:38:43.350305
SPNG,23.97,23.97,24.2,2415700.0,150.0,2102100.0,300.0,,0,0,0,0,0,0,0,0,0,0,0,0,0,0,0,0,0,0,0,0,0,198,2026-02-04 15:38:44.390596
SMMR,24.29,24.18,24.29,1523700.0,,2375500.0,,,0,0,0,0,0,0,0,0,0,0,0,0,0,0,0,0,0,0,0,0,0,198,2026-02-04 15:38:44.390596
ATMN,25.08,25.23,25.26,2363100.0,,2141400.0,,6000.0,0,0,0,0,0,0,0,0,0,0,0,0,0,0,0,0,0,0,0,0,0,198,2026-02-04 15:38:44.390596
WNTR,25.02,25.11,25.2,1960100.0,,1577300.0,,6000.0,0,0,0,0,0,0,0,0,0,0,0,0,0,0,0,0,0,0,0,0,0,198,2026-02-04 15:38:44.390596
SPNG,23.91,24.06,24.19,2083.0,2172500.0,150.0,6000.0,2040400.0,,0,0,0,0,0,0,0,0,0,0,0,0,0,0,0,0,0,0,0,0,199,2026-02-04 15:38:44.930108
SMMR,24.29,24.18,24.29,,1649500.0,300.0,,2265700.0,300.0,0,0,0,0,0,0,0,0,0,0,0,0,0,0,0,0,0,0,0,0,199,2026-02-04 15:38:44.930108
