ticker,last_price,bid_price,ask_price,BUY_ANON,SELL_ANON,BUY_GIOT-3,BUY_ZUAI-2,SELL_UEBR-1,SELL_GIOT-4,BUY_WRSW-1,BUY_WRSW-2,BUY_GIOT-4,BUY_UEBR-1,SELL_IESE-1,BUY_LUIS-4,SELL_GIOT-3,SELL_WRSW-2,SELL_WRSW-3,SELL_WRSW-1,BUY_WRSW-3,BUY_IESE-1,SELL_LUIS-4,tick,timestamp,news_news_id,news_period,news_tick,news_ticker,news_headline,news_body
SPNG,25.09,24.96,25.09,2288800.0,1674600.0,0,0,0,0,0,0,0,0,0,0,0,0,0,0,0,0,0,1,2026-02-04 02:11:25.926126,2.0,1.0,1.0,,Aggregate Position Limit,Your CRO has set the aggregate position limit to 10000 shares for this week.
SMMR,25.0,24.91,24.92,2013100.0,2010300.0,0,0,0,0,0,0,0,0,0,0,0,0,0,0,0,0,0,1,2026-02-04 02:11:25.926126,1.0,1.0,1.0,,Welcome to the RITC 2026 Alogithmic Market Making Case - practice server,
ATMN,24.86,24.86,24.94,2372600.0,2206800.0,0,0,0,0,0,0,0,0,0,0,0,0,0,0,0,0,0,1,2026-02-04 02:11:25.926126,,,,,,
WNTR,25.04,24.98,25.04,2419000.0,2298100.0,0,0,0,0,0,0,0,0,0,0,0,0,0,0,0,0,0,1,2026-02-04 02:11:25.926126,,,,,,
SPNG,25.1,25.25,25.32,2290700.0,1459500.0,0,0,0,0,0,0,0,0,0,0,0,0,0,0,0,0,0,2,2026-02-04 02:11:26.476602
SMMR,24.89,24.89,24.92,2009000.0,2010300.0,0,0,0,0,0,0,0,0,0,0,0,0,0,0,0,0,0,2,2026-02-04 02:11:26.476602
ATMN,25.08,24.86,25.08,2372600.0,2105800.0,0,0,0,0,0,0,0,0,0,0,0,0,0,0,0,0,0,2,2026-02-04 02:11:26.476602
WNTR,25.04,24.98,25.04,2412800.0,2298100.0,0,0,0,0,0,0,0,0,0,0,0,0,0,0,0,0,0,2,2026-02-04 02:11:26.476602
SPNG,25.25,24.96,25.24,2294100.0,1670800.0,0,0,0,0,0,0,0,0,0,0,0,0,0,0,0,0,0,3,2026-02-04 02:11:27.516568
SMMR,24.92,25.0,25.09,2034100.0,1904900.0,0,0,0,0,0,0,0,0,0,0,0,0,0,0,0,0,0,3,2026-02-04 02:11:27.516568
ATMN,24.91,24.91,25.08,2359000.0,2239200.0,0,0,0,0,0,0,0,0,0,0,0,0,0,0,0,0,0,3,2026-02-04 02:11:27.516568
WNTR,25.15,25.07,25.08,2433400.0,2288000.0,0,0,0,0,0,0,0,0,0,0,0,0,0,0,0,0,0,3,2026-02-04 02:11:27.516568
SPNG,25.25,24.96,24.99,2297800.0,1906100.0,0,0,0,0,0,0,0,0,0,0,0,0,0,0,0,0,0,4,2026-02-04 02:11:28.553053
SMMR,25.03,25.08,25.09,2059800.0,1993600.0,0,0,0,0,0,0,0,0,0,0,0,0,0,0,0,0,0,4,2026-02-04 02:11:28.553053
ATMN,25.15,24.91,24.93,2359000.0,2231700.0,0,0,0,0,0,0,0,0,0,0,0,0,0,0,0,0,0,4,2026-02-04 02:11:28.553053
WNTR,25.08,25.07,25.08,2433400.0,2303200.0,0,0,0,0,0,0,0,0,0,0,0,0,0,0,0,0,0,4,2026-02-04 02:11:28.553053
SPNG,24.87,24.87,24.99,2292500.0,2004900.0,0,0,0,0,0,0,0,0,0,0,0,0,0,0,0,0,0,5,2026-02-04 02:11:29.582878
SMMR,25.1,25.0,25.1,2034100.0,1809200.0,0,0,0,0,0,0,0,0,0,0,0,0,0,0,0,0,0,5,2026-02-04 02:11:29.582878
ATMN,25.15,24.91,24.93,2407200.0,2362000.0,0,0,0,0,0,0,0,0,0,0,0,0,0,0,0,0,0,5,2026-02-04 02:11:29.582878
WNTR,24.98,25.05,25.07,2390600.0,2309700.0,0,0,0,0,0,0,0,0,0,0,0,0,0,0,0,0,0,5,2026-02-04 02:11:29.582878
SPNG,25.35,24.87,25.35,2292500.0,1765600.0,0,0,0,0,0,0,0,0,0,0,0,0,0,0,0,0,0,6,2026-02-04 02:11:30.618789
SMMR,25.16,25.0,25.16,2036700.0,1716300.0,0,0,0,0,0,0,0,0,0,0,0,0,0,0,0,0,0,6,2026-02-04 02:11:30.618789
ATMN,24.86,24.86,24.93,2406300.0,2362000.0,0,0,0,0,0,0,0,0,0,0,0,0,0,0,0,0,0,6,2026-02-04 02:11:30.618789
WNTR,24.98,24.98,25.07,2412800.0,2370100.0,0,0,0,0,0,0,0,0,0,0,0,0,0,0,0,0,0,6,2026-02-04 02:11:30.618789
SPNG,25.35,24.87,25.35,2303400.0,1990000.0,0,0,0,0,0,0,0,0,0,0,0,0,0,0,0,0,0,7,2026-02-04 02:11:31.645979
SMMR,25.16,25.15,25.16,2032300.0,1812400.0,0,0,0,0,0,0,0,0,0,0,0,0,0,0,0,0,0,7,2026-02-04 02:11:31.645979
ATMN,24.93,24.86,24.93,2405300.0,2362000.0,0,0,0,0,0,0,0,0,0,0,0,0,0,0,0,0,0,7,2026-02-04 02:11:31.645979
WNTR,24.94,24.94,25.02,2390300.0,2361400.0,0,0,0,0,0,0,0,0,0,0,0,0,0,0,0,0,0,7,2026-02-04 02:11:31.645979
SPNG,24.82,24.82,25.23,2279200.0,2198200.0,0,0,0,0,0,0,0,0,0,0,0,0,0,0,0,0,0,8,2026-02-04 02:11:32.687804
SMMR,25.0,25.0,25.02,2038500.0,2031000.0,0,0,0,0,0,0,0,0,0,0,0,0,0,0,0,0,0,8,2026-02-04 02:11:32.687804
ATMN,25.13,24.92,25.13,2385300.0,2368400.0,0,0,0,0,0,0,0,0,0,0,0,0,0,0,0,0,0,8,2026-02-04 02:11:32.687804
WNTR,24.93,24.93,24.97,2349700.0,2373100.0,0,0,0,0,0,0,0,0,0,0,0,0,0,0,0,0,0,8,2026-02-04 02:11:32.687804
SPNG,24.82,24.59,24.64,2251100.0,2196300.0,0,0,0,0,0,0,0,0,0,0,0,0,0,0,0,0,0,9,2026-02-04 02:11:33.726995
SMMR,25.02,25.0,25.01,2038500.0,2029500.0,0,0,0,0,0,0,0,0,0,0,0,0,0,0,0,0,0,9,2026-02-04 02:11:33.726995
ATMN,25.13,24.92,25.13,2361800.0,2391200.0,0,0,0,0,0,0,0,0,0,0,0,0,0,0,0,0,0,9,2026-02-04 02:11:33.726995
WNTR,24.97,24.99,25.0,2412300.0,2352500.0,0,0,0,0,0,0,0,0,0,0,0,0,0,0,0,0,0,9,2026-02-04 02:11:33.726995
SPNG,25.23,24.76,25.23,2212800.0,2186000.0,0,0,0,0,0,0,0,0,0,0,0,0,0,0,0,0,0,10,2026-02-04 02:11:34.757543
SMMR,24.99,24.92,24.99,2042800.0,2021500.0,0,0,0,0,0,0,0,0,0,0,0,0,0,0,0,0,0,10,2026-02-04 02:11:34.757543
ATMN,25.1,25.1,25.13,2381100.0,2344900.0,0,0,0,0,0,0,0,0,0,0,0,0,0,0,0,0,0,10,2026-02-04 02:11:34.757543
WNTR,24.99,24.93,24.94,2388800.0,2358900.0,0,0,0,0,0,0,0,0,0,0,0,0,0,0,0,0,0,10,2026-02-04 02:11:34.757543
SPNG,25.34,24.76,25.34,2212800.0,2190100.0,0,0,0,0,0,0,0,0,0,0,0,0,0,0,0,0,0,11,2026-02-04 02:11:35.794239
SMMR,24.92,24.89,24.91,2092600.0,2036500.0,0,0,0,0,0,0,0,0,0,0,0,0,0,0,0,0,0,11,2026-02-04 02:11:35.794239
ATMN,24.89,24.89,25.13,2385500.0,2344900.0,0,0,0,0,0,0,0,0,0,0,0,0,0,0,0,0,0,11,2026-02-04 02:11:35.794239
WNTR,24.93,24.93,24.95,2408600.0,2370000.0,0,0,0,0,0,0,0,0,0,0,0,0,0,0,0,0,0,11,2026-02-04 02:11:35.794239
SPNG,24.74,24.68,24.72,2250000.0,2209300.0,0,0,0,0,0,0,0,0,0,0,0,0,0,0,0,0,0,12,2026-02-04 02:11:36.829046
SMMR,25.19,25.06,25.19,2139400.0,2005300.0,0,0,0,0,0,0,0,0,0,0,0,0,0,0,0,0,0,12,2026-02-04 02:11:36.829046
ATMN,24.89,24.89,25.18,2385500.0,2356300.0,0,0,0,0,0,0,0,0,0,0,0,0,0,0,0,0,0,12,2026-02-04 02:11:36.829046
WNTR,25.02,24.93,25.02,2408600.0,2354400.0,0,0,0,0,0,0,0,0,0,0,0,0,0,0,0,0,0,12,2026-02-04 02:11:36.829046
SPNG,24.97,24.68,24.86,2250000.0,2214300.0,0,0,0,0,0,0,0,0,0,0,0,0,0,0,0,0,0,13,2026-02-04 02:11:37.868681
SMMR,25.19,25.06,25.14,2139400.0,2018600.0,0,0,0,0,0,0,0,0,0,0,0,0,0,0,0,0,0,13,2026-02-04 02:11:37.868681
ATMN,25.18,24.89,25.18,2385500.0,2324100.0,0,0,0,0,0,0,0,0,0,0,0,0,0,0,0,0,0,13,2026-02-04 02:11:37.868681
WNTR,24.92,24.92,25.0,2417400.0,2369300.0,0,0,0,0,0,0,0,0,0,0,0,0,0,0,0,0,0,13,2026-02-04 02:11:37.868681
SPNG,25.08,25.08,25.21,2254600.0,2233300.0,0,0,0,0,0,0,0,0,0,0,0,0,0,0,0,0,0,14,2026-02-04 02:11:38.908654
SMMR,25.19,25.06,25.12,2145400.0,2072300.0,0,0,0,0,0,0,0,0,0,0,0,0,0,0,0,0,0,14,2026-02-04 02:11:38.908654
ATMN,25.18,25.06,25.18,2396100.0,2358300.0,0,0,0,0,0,0,0,0,0,0,0,0,0,0,0,0,0,14,2026-02-04 02:11:38.908654
WNTR,24.88,24.92,25.0,2423700.0,2369300.0,0,0,0,0,0,0,0,0,0,0,0,0,0,0,0,0,0,14,2026-02-04 02:11:38.908654
SPNG,25.34,24.68,25.34,2218000.0,2222700.0,0,0,0,0,0,0,0,0,0,0,0,0,0,0,0,0,0,15,2026-02-04 02:11:39.995378
SMMR,25.19,25.1,25.12,2164600.0,2073500.0,0,0,0,0,0,0,0,0,0,0,0,0,0,0,0,0,0,15,2026-02-04 02:11:39.995378
ATMN,24.92,24.92,25.18,2401100.0,2319000.0,0,0,0,0,0,0,0,0,0,0,0,0,0,0,0,0,0,15,2026-02-04 02:11:39.995378
WNTR,25.06,24.92,24.97,2423700.0,2337400.0,0,0,0,0,0,0,0,0,0,0,0,0,0,0,0,0,0,15,2026-02-04 02:11:39.995378
SPNG,25.34,24.89,25.34,2202700.0,2222700.0,0,0,0,0,0,0,0,0,0,0,0,0,0,0,0,0,0,16,2026-02-04 02:11:40.543195
SMMR,25.1,25.1,25.12,2164600.0,2073500.0,0,0,0,0,0,0,0,0,0,0,0,0,0,0,0,0,0,16,2026-02-04 02:11:40.543195
ATMN,24.92,25.13,25.18,2409600.0,2319000.0,0,0,0,0,0,0,0,0,0,0,0,0,0,0,0,0,0,16,2026-02-04 02:11:40.543195
WNTR,25.06,24.92,24.97,2423700.0,2337400.0,0,0,0,0,0,0,0,0,0,0,0,0,0,0,0,0,0,16,2026-02-04 02:11:40.543195
SPNG,25.15,24.92,25.15,2235700.0,2267600.0,0,0,0,0,0,0,0,0,0,0,0,0,0,0,0,0,0,17,2026-02-04 02:11:41.581628
SMMR,25.09,25.09,25.12,2177700.0,2073500.0,0,0,0,0,0,0,0,0,0,0,0,0,0,0,0,0,0,17,2026-02-04 02:11:41.581628
ATMN,24.92,24.92,25.2,2399900.0,2347600.0,0,0,0,0,0,0,0,0,0,0,0,0,0,0,0,0,0,17,2026-02-04 02:11:41.581628
WNTR,24.87,24.95,24.97,2413200.0,2338500.0,0,0,0,0,0,0,0,0,0,0,0,0,0,0,0,0,0,17,2026-02-04 02:11:41.581628
SPNG,24.92,24.92,25.15,2235700.0,2263100.0,0,0,0,0,0,0,0,0,0,0,0,0,0,0,0,0,0,18,2026-02-04 02:11:42.617479
SMMR,25.14,25.09,25.14,2159200.0,2049100.0,0,0,0,0,0,0,0,0,0,0,0,0,0,0,0,0,0,18,2026-02-04 02:11:42.617479
ATMN,25.04,25.04,25.2,2440200.0,2347600.0,0,0,0,0,0,0,0,0,0,0,0,0,0,0,0,0,0,18,2026-02-04 02:11:42.617479
WNTR,25.04,24.95,25.04,2413200.0,2363200.0,0,0,0,0,0,0,0,0,0,0,0,0,0,0,0,0,0,18,2026-02-04 02:11:42.617479
SPNG,24.89,24.68,24.82,2213300.0,2251300.0,0,0,0,0,0,0,0,0,0,0,0,0,0,0,0,0,0,19,2026-02-04 02:11:43.651686
SMMR,25.09,25.06,25.09,2155500.0,2103700.0,0,0,0,0,0,0,0,0,0,0,0,0,0,0,0,0,0,19,2026-02-04 02:11:43.651686
ATMN,25.22,25.25,25.26,2413600.0,2401600.0,0,0,0,0,0,0,0,0,0,0,0,0,0,0,0,0,0,19,2026-02-04 02:11:43.651686
WNTR,24.95,24.95,25.04,2413200.0,2371400.0,0,0,0,0,0,0,0,0,0,0,0,0,0,0,0,0,0,19,2026-02-04 02:11:43.651686
SPNG,24.82,24.92,25.15,2231000.0,2263100.0,0,0,0,0,0,0,0,0,0,0,0,0,0,0,0,0,0,20,2026-02-04 02:11:44.685785
SMMR,25.11,25.06,25.11,2128900.0,2110700.0,0,0,0,0,0,0,0,0,0,0,0,0,0,0,0,0,0,20,2026-02-04 02:11:44.685785
ATMN,24.89,24.89,25.14,2397600.0,2384900.0,0,0,0,0,0,0,0,0,0,0,0,0,0,0,0,0,0,20,2026-02-04 02:11:44.685785
WNTR,24.86,24.86,25.04,2376100.0,2403500.0,0,0,0,0,0,0,0,0,0,0,0,0,0,0,0,0,0,20,2026-02-04 02:11:44.685785
SPNG,24.92,24.76,24.8,2320000.0,2281800.0,0,0,0,0,0,0,0,0,0,0,0,0,0,0,0,0,0,21,2026-02-04 02:11:45.722720
SMMR,25.11,25.06,25.11,2128900.0,2097700.0,0,0,0,0,0,0,0,0,0,0,0,0,0,0,0,0,0,21,2026-02-04 02:11:45.722720
ATMN,25.26,25.11,25.26,2373300.0,2388400.0,0,0,0,0,0,0,0,0,0,0,0,0,0,0,0,0,0,21,2026-02-04 02:11:45.722720
WNTR,25.06,24.91,25.06,2376200.0,2410400.0,0,0,0,0,0,0,0,0,0,0,0,0,0,0,0,0,0,21,2026-02-04 02:11:45.722720
SPNG,25.15,24.76,25.15,2284400.0,2263100.0,0,0,0,0,0,0,0,0,0,0,0,0,0,0,0,0,0,22,2026-02-04 02:11:46.760183
SMMR,24.97,24.97,25.11,2118800.0,2097700.0,0,0,0,0,0,0,0,0,0,0,0,0,0,0,0,0,0,22,2026-02-04 02:11:46.760183
ATMN,25.26,25.14,25.26,2412500.0,2373300.0,0,0,0,0,0,0,0,0,0,0,0,0,0,0,0,0,0,22,2026-02-04 02:11:46.760183
WNTR,25.06,24.91,25.02,2426300.0,2460100.0,0,0,0,0,0,0,0,0,0,0,0,0,0,0,0,0,0,22,2026-02-04 02:11:46.760183
SPNG,25.36,24.76,25.36,2284400.0,2312600.0,0,0,0,0,0,0,0,0,0,0,0,0,0,0,0,0,0,23,2026-02-04 02:11:47.799831
SMMR,24.97,24.97,25.11,2127300.0,2097700.0,0,0,0,0,0,0,0,0,0,0,0,0,0,0,0,0,0,23,2026-02-04 02:11:47.799831
ATMN,25.11,24.89,25.03,2397600.0,2360900.0,0,0,0,0,0,0,0,0,0,0,0,0,0,0,0,0,0,23,2026-02-04 02:11:47.799831
WNTR,24.91,24.86,24.91,2425100.0,2450400.0,0,0,0,0,0,0,0,0,0,0,0,0,0,0,0,0,0,23,2026-02-04 02:11:47.799831
SPNG,24.7,24.7,25.0,2291000.0,2292700.0,0,0,0,0,0,0,0,0,0,0,0,0,0,0,0,0,0,24,2026-02-04 02:11:48.843055
SMMR,24.97,24.96,24.97,2129800.0,2112900.0,0,0,0,0,0,0,0,0,0,0,0,0,0,0,0,0,0,24,2026-02-04 02:11:48.843055
ATMN,25.11,24.98,25.03,2378000.0,2360900.0,0,0,0,0,0,0,0,0,0,0,0,0,0,0,0,0,0,24,2026-02-04 02:11:48.843055
WNTR,24.86,24.86,25.02,2466100.0,2460100.0,0,0,0,0,0,0,0,0,0,0,0,0,0,0,0,0,0,24,2026-02-04 02:11:48.843055
SPNG,25.0,24.7,25.0,2251500.0,2305200.0,0,0,0,0,0,0,0,0,0,0,0,0,0,0,0,0,0,25,2026-02-04 02:11:49.902950
SMMR,25.12,24.96,25.12,2129800.0,2082800.0,0,0,0,0,0,0,0,0,0,0,0,0,0,0,0,0,0,25,2026-02-04 02:11:49.902950
ATMN,24.98,24.98,25.26,2364100.0,2373300.0,0,0,0,0,0,0,0,0,0,0,0,0,0,0,0,0,0,25,2026-02-04 02:11:49.902950
WNTR,24.98,24.98,25.02,2451200.0,2463800.0,0,0,0,0,0,0,0,0,0,0,0,0,0,0,0,0,0,25,2026-02-04 02:11:49.902950
SPNG,24.96,24.96,25.0,2271600.0,2305200.0,0,0,0,0,0,0,0,0,0,0,0,0,0,0,0,0,0,26,2026-02-04 02:11:50.943716
SMMR,25.06,24.96,24.97,2129800.0,2088300.0,0,0,0,0,0,0,0,0,0,0,0,0,0,0,0,0,0,26,2026-02-04 02:11:50.943716
ATMN,24.94,24.94,25.2,2392200.0,2368600.0,0,0,0,0,0,0,0,0,0,0,0,0,0,0,0,0,0,26,2026-02-04 02:11:50.943716
WNTR,24.83,24.83,25.02,2429300.0,2469900.0,0,0,0,0,0,0,0,0,0,0,0,0,0,0,0,0,0,26,2026-02-04 02:11:50.943716
SPNG,24.73,24.7,24.73,2251500.0,2319700.0,0,0,0,0,0,0,0,0,0,0,0,0,0,0,0,0,0,27,2026-02-04 02:11:51.978588
SMMR,24.97,25.0,25.12,2116800.0,2080200.0,0,0,0,0,0,0,0,0,0,0,0,0,0,0,0,0,0,27,2026-02-04 02:11:51.978588
ATMN,25.2,25.23,25.26,2413700.0,2363800.0,0,0,0,0,0,0,0,0,0,0,0,0,0,0,0,0,0,27,2026-02-04 02:11:51.978588
WNTR,25.07,24.83,25.07,2468800.0,2472000.0,0,0,0,0,0,0,0,0,0,0,0,0,0,0,0,0,0,27,2026-02-04 02:11:51.978588
SPNG,25.36,24.7,25.36,2274700.0,2312600.0,0,0,0,0,0,0,0,0,0,0,0,0,0,0,0,0,0,28,2026-02-04 02:11:53.019769
SMMR,24.92,25.1,25.12,2126700.0,2080200.0,0,0,0,0,0,0,0,0,0,0,0,0,0,0,0,0,0,28,2026-02-04 02:11:53.019769
ATMN,25.27,25.23,25.27,2430500.0,2346600.0,0,0,0,0,0,0,0,0,0,0,0,0,0,0,0,0,0,28,2026-02-04 02:11:53.019769
WNTR,24.95,24.83,24.93,2468800.0,2484400.0,0,0,0,0,0,0,0,0,0,0,0,0,0,0,0,0,0,28,2026-02-04 02:11:53.019769
SPNG,25.36,24.78,24.9,2229300.0,2293100.0,0,0,0,0,0,0,0,0,0,0,0,0,0,0,0,0,0,29,2026-02-04 02:11:54.057436
SMMR,24.92,25.1,25.12,2138200.0,2107100.0,0,0,0,0,0,0,0,0,0,0,0,0,0,0,0,0,0,29,2026-02-04 02:11:54.057436
ATMN,25.05,25.05,25.29,2428200.0,2337900.0,0,0,0,0,0,0,0,0,0,0,0,0,0,0,0,0,0,29,2026-02-04 02:11:54.057436
WNTR,24.95,24.92,24.93,2425000.0,2484400.0,0,0,0,0,0,0,0,0,0,0,0,0,0,0,0,0,0,29,2026-02-04 02:11:54.057436
SPNG,24.9,24.84,24.9,2269300.0,2293100.0,0,0,0,0,0,0,0,0,0,0,0,0,0,0,0,0,0,30,2026-02-04 02:11:55.087401
SMMR,25.0,25.0,25.12,2151500.0,2118700.0,0,0,0,0,0,0,0,0,0,0,0,0,0,0,0,0,0,30,2026-02-04 02:11:55.087401
ATMN,25.29,25.03,25.29,2401100.0,2330700.0,0,0,0,0,0,0,0,0,0,0,0,0,0,0,0,0,0,30,2026-02-04 02:11:55.087401
WNTR,25.07,24.92,25.07,2425000.0,2500200.0,0,0,0,0,0,0,0,0,0,0,0,0,0,0,0,0,0,30,2026-02-04 02:11:55.087401
SPNG,25.0,24.84,25.0,2269300.0,2295900.0,0,0,0,0,0,0,0,0,0,0,0,0,0,0,0,0,0,31,2026-02-04 02:11:55.618470
SMMR,25.0,25.0,25.12,2146800.0,2118700.0,0,0,0,0,0,0,0,0,0,0,0,0,0,0,0,0,0,31,2026-02-04 02:11:55.618470
ATMN,25.34,25.03,25.17,2401100.0,2358400.0,0,0,0,0,0,0,0,0,0,0,0,0,0,0,0,0,0,31,2026-02-04 02:11:55.618470
WNTR,25.07,24.92,25.07,2408300.0,2500200.0,0,0,0,0,0,0,0,0,0,0,0,0,0,0,0,0,0,31,2026-02-04 02:11:55.618470
SPNG,24.84,24.84,25.0,2236000.0,2295900.0,0,0,0,0,0,0,0,0,0,0,0,0,0,0,0,0,0,32,2026-02-04 02:11:56.650301
SMMR,25.03,25.03,25.12,2140400.0,2130000.0,0,0,0,0,0,0,0,0,0,0,0,0,0,0,0,0,0,32,2026-02-04 02:11:56.650301
ATMN,25.34,25.03,25.16,2401100.0,2327100.0,0,0,0,0,0,0,0,0,0,0,0,0,0,0,0,0,0,32,2026-02-04 02:11:56.650301
WNTR,24.98,24.98,25.07,2450500.0,2496200.0,0,0,0,0,0,0,0,0,0,0,0,0,0,0,0,0,0,32,2026-02-04 02:11:56.650301
SPNG,24.84,24.68,24.84,2224900.0,2322200.0,0,0,0,0,0,0,0,0,0,0,0,0,0,0,0,0,0,33,2026-02-04 02:11:57.677264
SMMR,25.03,25.03,25.12,2140400.0,2117100.0,0,0,0,0,0,0,0,0,0,0,0,0,0,0,0,0,0,33,2026-02-04 02:11:57.677264
ATMN,25.34,25.16,25.34,2433700.0,2355200.0,0,0,0,0,0,0,0,0,0,0,0,0,0,0,0,0,0,33,2026-02-04 02:11:57.677264
WNTR,25.08,25.04,25.08,2460500.0,2491800.0,0,0,0,0,0,0,0,0,0,0,0,0,0,0,0,0,0,33,2026-02-04 02:11:57.677264
SPNG,24.84,24.77,24.84,2238100.0,2322200.0,0,0,0,0,0,0,0,0,0,0,0,0,0,0,0,0,0,34,2026-02-04 02:11:58.706442
SMMR,25.14,25.06,25.14,2144900.0,2110200.0,0,0,0,0,0,0,0,0,0,0,0,0,0,0,0,0,0,34,2026-02-04 02:11:58.706442
ATMN,25.16,25.16,25.33,2433700.0,2336300.0,0,0,0,0,0,0,0,0,0,0,0,0,0,0,0,0,0,34,2026-02-04 02:11:58.706442
WNTR,24.83,24.83,25.08,2422800.0,2465900.0,0,0,0,0,0,0,0,0,0,0,0,0,0,0,0,0,0,34,2026-02-04 02:11:58.706442
SPNG,24.92,24.77,24.92,2238100.0,2307800.0,0,0,0,0,0,0,0,0,0,0,0,0,0,0,0,0,0,35,2026-02-04 02:11:59.734023
SMMR,24.9,24.9,25.05,2179000.0,2180900.0,0,0,0,0,0,0,0,0,0,0,0,0,0,0,0,0,0,35,2026-02-04 02:11:59.734023
ATMN,25.16,25.26,25.33,2405800.0,2336300.0,0,0,0,0,0,0,0,0,0,0,0,0,0,0,0,0,0,35,2026-02-04 02:11:59.734023
WNTR,24.99,24.83,24.97,2422800.0,2468200.0,0,0,0,0,0,0,0,0,0,0,0,0,0,0,0,0,0,35,2026-02-04 02:11:59.734023
SPNG,25.29,24.77,24.95,2238100.0,2315800.0,0,0,0,0,0,0,0,0,0,0,0,0,0,0,0,0,0,36,2026-02-04 02:12:00.766475
SMMR,24.89,24.89,25.05,2178900.0,2180900.0,0,0,0,0,0,0,0,0,0,0,0,0,0,0,0,0,0,36,2026-02-04 02:12:00.766475
ATMN,25.16,25.26,25.33,2366700.0,2318500.0,0,0,0,0,0,0,0,0,0,0,0,0,0,0,0,0,0,36,2026-02-04 02:12:00.766475
WNTR,24.83,25.08,25.11,2441400.0,2467300.0,0,0,0,0,0,0,0,0,0,0,0,0,0,0,0,0,0,36,2026-02-04 02:12:00.766475
SPNG,25.29,24.77,24.95,2238100.0,2309300.0,0,0,0,0,0,0,0,0,0,0,0,0,0,0,0,0,0,37,2026-02-04 02:12:01.802778
SMMR,25.14,24.92,25.04,2168900.0,2183700.0,0,0,0,0,0,0,0,0,0,0,0,0,0,0,0,0,0,37,2026-02-04 02:12:01.802778
ATMN,25.22,25.03,25.11,2388500.0,2314300.0,0,0,0,0,0,0,0,0,0,0,0,0,0,0,0,0,0,37,2026-02-04 02:12:01.802778
WNTR,25.08,24.99,25.03,2433900.0,2477600.0,0,0,0,0,0,0,0,0,0,0,0,0,0,0,0,0,0,37,2026-02-04 02:12:01.802778
SPNG,25.06,25.14,25.2,2242000.0,2294300.0,0,0,0,0,0,0,0,0,0,0,0,0,0,0,0,0,0,38,2026-02-04 02:12:02.831849
SMMR,25.04,24.95,25.04,2181100.0,2183700.0,0,0,0,0,0,0,0,0,0,0,0,0,0,0,0,0,0,38,2026-02-04 02:12:02.831849
ATMN,25.33,25.03,25.33,2430000.0,2318500.0,0,0,0,0,0,0,0,0,0,0,0,0,0,0,0,0,0,38,2026-02-04 02:12:02.831849
WNTR,25.08,24.99,25.03,2449200.0,2439900.0,0,0,0,0,0,0,0,0,0,0,0,0,0,0,0,0,0,38,2026-02-04 02:12:02.831849
SPNG,25.14,24.68,24.88,2224900.0,2284400.0,0,0,0,0,0,0,0,0,0,0,0,0,0,0,0,0,0,39,2026-02-04 02:12:03.866028
SMMR,25.04,25.07,25.09,2091100.0,2158600.0,0,0,0,0,0,0,0,0,0,0,0,0,0,0,0,0,0,39,2026-02-04 02:12:03.866028
ATMN,25.34,25.14,25.34,2427100.0,2317700.0,0,0,0,0,0,0,0,0,0,0,0,0,0,0,0,0,0,39,2026-02-04 02:12:03.866028
WNTR,25.08,24.99,25.03,2449200.0,2441500.0,0,0,0,0,0,0,0,0,0,0,0,0,0,0,0,0,0,39,2026-02-04 02:12:03.866028
SPNG,24.65,24.65,25.26,2260200.0,2267300.0,0,0,0,0,0,0,0,0,0,0,0,0,0,0,0,0,0,40,2026-02-04 02:12:04.893513
SMMR,25.07,24.95,24.99,2105700.0,2165800.0,0,0,0,0,0,0,0,0,0,0,0,0,0,0,0,0,0,40,2026-02-04 02:12:04.893513
ATMN,25.14,25.03,25.14,2435100.0,2317300.0,0,0,0,0,0,0,0,0,0,0,0,0,0,0,0,0,0,40,2026-02-04 02:12:04.893513
WNTR,24.99,24.91,24.95,2453500.0,2477200.0,0,0,0,0,0,0,0,0,0,0,0,0,0,0,0,0,0,40,2026-02-04 02:12:04.893513
SPNG,24.68,24.66,24.68,2247900.0,2284800.0,0,0,0,0,0,0,0,0,0,0,0,0,0,0,0,0,0,41,2026-02-04 02:12:05.921067
SMMR,24.95,24.95,25.09,2105700.0,2151400.0,0,0,0,0,0,0,0,0,0,0,0,0,0,0,0,0,0,41,2026-02-04 02:12:05.921067
ATMN,25.36,25.03,25.36,2431200.0,2337400.0,0,0,0,0,0,0,0,0,0,0,0,0,0,0,0,0,0,41,2026-02-04 02:12:05.921067
WNTR,24.95,24.91,24.95,2495500.0,2477200.0,0,0,0,0,0,0,0,0,0,0,0,0,0,0,0,0,0,41,2026-02-04 02:12:05.921067
SPNG,24.68,24.66,24.68,2276100.0,2284800.0,0,0,0,0,0,0,0,0,0,0,0,0,0,0,0,0,0,42,2026-02-04 02:12:06.950357
SMMR,25.14,25.14,25.15,2108300.0,2100700.0,0,0,0,0,0,0,0,0,0,0,0,0,0,0,0,0,0,42,2026-02-04 02:12:06.950357
ATMN,25.36,25.28,25.36,2383000.0,2331700.0,0,0,0,0,0,0,0,0,0,0,0,0,0,0,0,0,0,42,2026-02-04 02:12:06.950357
WNTR,24.95,24.95,25.03,2530900.0,2455100.0,0,0,0,0,0,0,0,0,0,0,0,0,0,0,0,0,0,42,2026-02-04 02:12:06.950357
SPNG,25.26,25.34,25.36,2290300.0,2283900.0,0,0,0,0,0,0,0,0,0,0,0,0,0,0,0,0,0,43,2026-02-04 02:12:07.981851
SMMR,25.15,25.14,25.15,2108300.0,2069900.0,0,0,0,0,0,0,0,0,0,0,0,0,0,0,0,0,0,43,2026-02-04 02:12:07.981851
ATMN,25.16,25.16,25.42,2390400.0,2353700.0,0,0,0,0,0,0,0,0,0,0,0,0,0,0,0,0,0,43,2026-02-04 02:12:07.981851
WNTR,24.95,24.99,25.03,2496200.0,2455100.0,0,0,0,0,0,0,0,0,0,0,0,0,0,0,0,0,0,43,2026-02-04 02:12:07.981851
SPNG,24.66,24.66,25.06,2250300.0,2257600.0,0,0,0,0,0,0,0,0,0,0,0,0,0,0,0,0,0,44,2026-02-04 02:12:09.008892
SMMR,25.16,25.14,25.15,2108300.0,2061100.0,0,0,0,0,0,0,0,0,0,0,0,0,0,0,0,0,0,44,2026-02-04 02:12:09.008892
ATMN,25.16,25.16,25.33,2369000.0,2301300.0,0,0,0,0,0,0,0,0,0,0,0,0,0,0,0,0,0,44,2026-02-04 02:12:09.008892
WNTR,25.06,24.99,25.06,2470100.0,2471300.0,0,0,0,0,0,0,0,0,0,0,0,0,0,0,0,0,0,44,2026-02-04 02:12:09.008892
SPNG,24.65,24.66,25.04,2238400.0,2293300.0,0,0,0,0,0,0,0,0,0,0,0,0,0,0,0,0,0,45,2026-02-04 02:12:10.038070
SMMR,25.06,25.06,25.15,2089000.0,2073800.0,0,0,0,0,0,0,0,0,0,0,0,0,0,0,0,0,0,45,2026-02-04 02:12:10.038070
ATMN,25.16,25.32,25.33,2355000.0,2301300.0,0,0,0,0,0,0,0,0,0,0,0,0,0,0,0,0,0,45,2026-02-04 02:12:10.038070
WNTR,25.06,25.0,25.06,2473900.0,2471300.0,0,0,0,0,0,0,0,0,0,0,0,0,0,0,0,0,0,45,2026-02-04 02:12:10.038070
SPNG,24.81,24.81,25.04,2239800.0,2268700.0,0,0,0,0,0,0,0,0,0,0,0,0,0,0,0,0,0,46,2026-02-04 02:12:11.074253
SMMR,25.02,25.02,25.08,2099100.0,2076400.0,0,0,0,0,0,0,0,0,0,0,0,0,0,0,0,0,0,46,2026-02-04 02:12:11.074253
ATMN,25.42,25.32,25.43,2334600.0,2373700.0,0,0,0,0,0,0,0,0,0,0,0,0,0,0,0,0,0,46,2026-02-04 02:12:11.074253
WNTR,25.07,25.0,25.07,2473900.0,2445300.0,0,0,0,0,0,0,0,0,0,0,0,0,0,0,0,0,0,46,2026-02-04 02:12:11.074253
SPNG,25.02,25.02,25.04,2271300.0,2268700.0,0,0,0,0,0,0,0,0,0,0,0,0,0,0,0,0,0,47,2026-02-04 02:12:12.105555
SMMR,25.02,24.95,24.96,2116500.0,2075500.0,0,0,0,0,0,0,0,0,0,0,0,0,0,0,0,0,0,47,2026-02-04 02:12:12.105555
ATMN,25.37,25.32,25.34,2327400.0,2373100.0,0,0,0,0,0,0,0,0,0,0,0,0,0,0,0,0,0,47,2026-02-04 02:12:12.105555
WNTR,24.94,24.94,25.07,2479400.0,2445300.0,0,0,0,0,0,0,0,0,0,0,0,0,0,0,0,0,0,47,2026-02-04 02:12:12.105555
SPNG,24.66,24.82,25.04,2266000.0,2247600.0,0,0,0,0,0,0,0,0,0,0,0,0,0,0,0,0,0,48,2026-02-04 02:12:13.134454
SMMR,25.15,24.95,25.15,2145800.0,2073800.0,0,0,0,0,0,0,0,0,0,0,0,0,0,0,0,0,0,48,2026-02-04 02:12:13.134454
ATMN,25.48,25.38,25.48,2337800.0,2348000.0,0,0,0,0,0,0,0,0,0,0,0,0,0,0,0,0,0,48,2026-02-04 02:12:13.134454
WNTR,25.08,24.94,25.08,2465300.0,2436500.0,0,0,0,0,0,0,0,0,0,0,0,0,0,0,0,0,0,48,2026-02-04 02:12:13.134454
SPNG,24.82,24.66,24.69,2238400.0,2266300.0,0,0,0,0,0,0,0,0,0,0,0,0,0,0,0,0,0,49,2026-02-04 02:12:14.161724
SMMR,25.15,24.97,25.0,2137400.0,2093200.0,0,0,0,0,0,0,0,0,0,0,0,0,0,0,0,0,0,49,2026-02-04 02:12:14.161724
ATMN,25.48,25.38,25.42,2327800.0,2354700.0,0,0,0,0,0,0,0,0,0,0,0,0,0,0,0,0,0,49,2026-02-04 02:12:14.161724
WNTR,25.11,24.99,25.11,2450200.0,2408600.0,0,0,0,0,0,0,0,0,0,0,0,0,0,0,0,0,0,49,2026-02-04 02:12:14.161724
SPNG,25.04,24.69,25.04,2281900.0,2244800.0,0,0,0,0,0,0,0,0,0,0,0,0,0,0,0,0,0,50,2026-02-04 02:12:15.191323
SMMR,25.0,25.06,25.15,2166300.0,2073800.0,0,0,0,0,0,0,0,0,0,0,0,0,0,0,0,0,0,50,2026-02-04 02:12:15.191323
ATMN,25.48,25.41,25.42,2314600.0,2365400.0,0,0,0,0,0,0,0,0,0,0,0,0,0,0,0,0,0,50,2026-02-04 02:12:15.191323
WNTR,25.01,25.01,25.11,2432600.0,2408600.0,0,0,0,0,0,0,0,0,0,0,0,0,0,0,0,0,0,50,2026-02-04 02:12:15.191323
SPNG,25.06,24.69,25.06,2274500.0,2240800.0,0,0,0,0,0,0,0,0,0,0,0,0,0,0,0,0,0,51,2026-02-04 02:12:16.223649
SMMR,25.0,25.06,25.15,2144500.0,2073800.0,0,0,0,0,0,0,0,0,0,0,0,0,0,0,0,0,0,51,2026-02-04 02:12:16.223649
ATMN,25.42,25.41,25.42,2314600.0,2365400.0,0,0,0,0,0,0,0,0,0,0,0,0,0,0,0,0,0,51,2026-02-04 02:12:16.223649
WNTR,25.14,25.01,25.14,2432600.0,2428000.0,0,0,0,0,0,0,0,0,0,0,0,0,0,0,0,0,0,51,2026-02-04 02:12:16.223649
SPNG,25.06,24.96,25.06,2261100.0,2240800.0,0,0,0,0,0,0,0,0,0,0,0,0,0,0,0,0,0,52,2026-02-04 02:12:16.761909
SMMR,25.0,25.06,25.15,2149800.0,2073800.0,0,0,0,0,0,0,0,0,0,0,0,0,0,0,0,0,0,52,2026-02-04 02:12:16.761909
ATMN,25.51,25.41,25.51,2314600.0,2333600.0,0,0,0,0,0,0,0,0,0,0,0,0,0,0,0,0,0,52,2026-02-04 02:12:16.761909
WNTR,25.15,25.01,25.15,2443300.0,2449600.0,0,0,0,0,0,0,0,0,0,0,0,0,0,0,0,0,0,52,2026-02-04 02:12:16.761909
SPNG,25.06,24.96,25.02,2261100.0,2237600.0,0,0,0,0,0,0,0,0,0,0,0,0,0,0,0,0,0,53,2026-02-04 02:12:17.798668
SMMR,25.02,25.02,25.11,2142400.0,2099600.0,0,0,0,0,0,0,0,0,0,0,0,0,0,0,0,0,0,53,2026-02-04 02:12:17.798668
ATMN,25.59,25.38,25.59,2314500.0,2233200.0,0,0,0,0,0,0,0,0,0,0,0,0,0,0,0,0,0,53,2026-02-04 02:12:17.798668
WNTR,24.99,24.99,25.15,2435100.0,2449600.0,0,0,0,0,0,0,0,0,0,0,0,0,0,0,0,0,0,53,2026-02-04 02:12:17.798668
SPNG,24.69,24.69,25.02,2254200.0,2234800.0,0,0,0,0,0,0,0,0,0,0,0,0,0,0,0,0,0,54,2026-02-04 02:12:18.832119
SMMR,25.11,24.94,25.11,2162800.0,2102900.0,0,0,0,0,0,0,0,0,0,0,0,0,0,0,0,0,0,54,2026-02-04 02:12:18.832119
ATMN,25.59,25.38,25.41,2314500.0,2363700.0,0,0,0,0,0,0,0,0,0,0,0,0,0,0,0,0,0,54,2026-02-04 02:12:18.832119
WNTR,24.99,24.99,25.15,2425000.0,2456000.0,0,0,0,0,0,0,0,0,0,0,0,0,0,0,0,0,0,54,2026-02-04 02:12:18.832119
SPNG,24.69,25.01,25.02,2271700.0,2234800.0,0,0,0,0,0,0,0,0,0,0,0,0,0,0,0,0,0,55,2026-02-04 02:12:19.872538
SMMR,25.07,25.07,25.11,2189900.0,2102900.0,0,0,0,0,0,0,0,0,0,0,0,0,0,0,0,0,0,55,2026-02-04 02:12:19.872538
ATMN,25.41,25.38,25.41,2300900.0,2378400.0,0,0,0,0,0,0,0,0,0,0,0,0,0,0,0,0,0,55,2026-02-04 02:12:19.872538
WNTR,24.95,25.06,25.15,2451400.0,2445100.0,0,0,0,0,0,0,0,0,0,0,0,0,0,0,0,0,0,55,2026-02-04 02:12:19.872538
SPNG,24.93,24.73,24.93,2275500.0,2263200.0,0,0,0,0,0,0,0,0,0,0,0,0,0,0,0,0,0,56,2026-02-04 02:12:20.908553
SMMR,25.15,25.09,25.15,2192400.0,2100200.0,0,0,0,0,0,0,0,0,0,0,0,0,0,0,0,0,0,56,2026-02-04 02:12:20.908553
ATMN,25.32,25.32,25.43,2297500.0,2351400.0,0,0,0,0,0,0,0,0,0,0,0,0,0,0,0,0,0,56,2026-02-04 02:12:20.908553
WNTR,25.16,24.95,25.16,2437600.0,2441600.0,0,0,0,0,0,0,0,0,0,0,0,0,0,0,0,0,0,56,2026-02-04 02:12:20.908553
SPNG,24.73,24.73,25.12,2275500.0,2256100.0,0,0,0,0,0,0,0,0,0,0,0,0,0,0,0,0,0,57,2026-02-04 02:12:21.949123
SMMR,25.07,25.05,25.07,2167400.0,2124700.0,0,0,0,0,0,0,0,0,0,0,0,0,0,0,0,0,0,57,2026-02-04 02:12:21.949123
ATMN,25.31,25.31,25.43,2292500.0,2373400.0,0,0,0,0,0,0,0,0,0,0,0,0,0,0,0,0,0,57,2026-02-04 02:12:21.949123
WNTR,25.16,25.01,25.16,2406200.0,2471000.0,0,0,0,0,0,0,0,0,0,0,0,0,0,0,0,0,0,57,2026-02-04 02:12:21.949123
SPNG,24.73,24.73,25.01,2294800.0,2292500.0,0,0,0,0,0,0,0,0,0,0,0,0,0,0,0,0,0,58,2026-02-04 02:12:22.990775
SMMR,25.07,25.05,25.07,2196200.0,2126200.0,0,0,0,0,0,0,0,0,0,0,0,0,0,0,0,0,0,58,2026-02-04 02:12:22.990775
ATMN,25.46,25.31,25.46,2308000.0,2366500.0,0,0,0,0,0,0,0,0,0,0,0,0,0,0,0,0,0,58,2026-02-04 02:12:22.990775
WNTR,25.01,25.02,25.16,2432300.0,2471600.0,0,0,0,0,0,0,0,0,0,0,0,0,0,0,0,0,0,58,2026-02-04 02:12:22.990775
SPNG,25.0,24.73,24.96,2294800.0,2294400.0,0,0,0,0,0,0,0,0,0,0,0,0,0,0,0,0,0,59,2026-02-04 02:12:24.029304
SMMR,25.12,25.05,25.09,2196200.0,2122500.0,0,0,0,0,0,0,0,0,0,0,0,0,0,0,0,0,0,59,2026-02-04 02:12:24.029304
ATMN,25.45,25.45,25.46,2308200.0,2366500.0,0,0,0,0,0,0,0,0,0,0,0,0,0,0,0,0,0,59,2026-02-04 02:12:24.029304
WNTR,25.17,25.02,25.17,2429800.0,2457000.0,0,0,0,0,0,0,0,0,0,0,0,0,0,0,0,0,0,59,2026-02-04 02:12:24.029304
SPNG,24.69,25.67,26.13,862900.0,751600.0,0,0,0,0,0,0,0,0,0,0,0,0,0,0,0,0,0,60,2026-02-04 02:12:25.059665
SMMR,25.05,25.36,0.0,200000.0,,0,0,0,0,0,0,0,0,0,0,0,0,0,0,0,0,0,60,2026-02-04 02:12:25.059665
ATMN,25.26,25.39,0.0,200000.0,,0,0,0,0,0,0,0,0,0,0,0,0,0,0,0,0,0,60,2026-02-04 02:12:25.059665
WNTR,25.17,26.4,0.0,200000.0,,0,0,0,0,0,0,0,0,0,0,0,0,0,0,0,0,0,60,2026-02-04 02:12:25.059665
SPNG,24.69,25.67,25.93,862900.0,1052000.0,0,0,0,0,0,0,0,0,0,0,0,0,0,0,0,0,0,61,2026-02-04 02:12:26.088343
SMMR,25.38,25.38,25.5,954300.0,942500.0,0,0,0,0,0,0,0,0,0,0,0,0,0,0,0,0,0,61,2026-02-04 02:12:26.088343
ATMN,25.39,25.39,25.65,1087200.0,1036900.0,0,0,0,0,0,0,0,0,0,0,0,0,0,0,0,0,0,61,2026-02-04 02:12:26.088343
WNTR,25.94,26.18,26.34,1119300.0,873200.0,0,0,0,0,0,0,0,0,0,0,0,0,0,0,0,0,0,61,2026-02-04 02:12:26.088343
SPNG,24.69,25.67,25.82,862900.0,1366900.0,0,0,0,0,0,0,0,0,0,0,0,0,0,0,0,0,0,62,2026-02-04 02:12:27.121854
SMMR,25.36,25.36,25.46,880500.0,1118800.0,0,0,0,0,0,0,0,0,0,0,0,0,0,0,0,0,0,62,2026-02-04 02:12:27.121854
ATMN,25.4,25.25,25.4,1096800.0,1165200.0,0,0,0,0,0,0,0,0,0,0,0,0,0,0,0,0,0,62,2026-02-04 02:12:27.121854
WNTR,26.48,26.18,26.48,1210500.0,870300.0,0,0,0,0,0,0,0,0,0,0,0,0,0,0,0,0,0,62,2026-02-04 02:12:27.121854
SPNG,24.69,25.67,25.82,960900.0,1691400.0,0,0,0,0,0,0,0,0,0,0,0,0,0,0,0,0,0,63,2026-02-04 02:12:28.158737
SMMR,25.33,25.33,25.46,875900.0,1199000.0,0,0,0,0,0,0,0,0,0,0,0,0,0,0,0,0,0,63,2026-02-04 02:12:28.158737
ATMN,25.58,25.25,25.43,1096800.0,1143200.0,0,0,0,0,0,0,0,0,0,0,0,0,0,0,0,0,0,63,2026-02-04 02:12:28.158737
WNTR,26.48,26.36,26.48,1645900.0,870300.0,0,0,0,0,0,0,0,0,0,0,0,0,0,0,0,0,0,63,2026-02-04 02:12:28.158737
SPNG,25.71,25.67,25.71,1063600.0,1787100.0,0,0,0,0,0,0,0,0,0,0,0,0,0,0,0,0,0,64,2026-02-04 02:12:29.192040
SMMR,25.42,25.33,25.42,973800.0,1417400.0,0,0,0,0,0,0,0,0,0,0,0,0,0,0,0,0,0,64,2026-02-04 02:12:29.192040
ATMN,25.25,25.25,25.43,1096800.0,1252200.0,0,0,0,0,0,0,0,0,0,0,0,0,0,0,0,0,0,64,2026-02-04 02:12:29.192040
WNTR,26.36,26.36,26.44,1758800.0,980100.0,0,0,0,0,0,0,0,0,0,0,0,0,0,0,0,0,0,64,2026-02-04 02:12:29.192040
SPNG,25.82,25.67,25.82,1293300.0,1691400.0,0,0,0,0,0,0,0,0,0,0,0,0,0,0,0,0,0,65,2026-02-04 02:12:30.222078
SMMR,25.33,25.31,25.32,1084600.0,1528300.0,0,0,0,0,0,0,0,0,0,0,0,0,0,0,0,0,0,65,2026-02-04 02:12:30.222078
ATMN,25.25,25.25,25.28,1337300.0,1494900.0,0,0,0,0,0,0,0,0,0,0,0,0,0,0,0,0,0,65,2026-02-04 02:12:30.222078
WNTR,26.43,26.38,26.43,1866600.0,1080800.0,0,0,0,0,0,0,0,0,0,0,0,0,0,0,0,0,0,65,2026-02-04 02:12:30.222078
SPNG,25.93,25.67,25.72,1293300.0,1783000.0,0,0,0,0,0,0,0,0,0,0,0,0,0,0,0,0,0,66,2026-02-04 02:12:31.256657
SMMR,25.45,25.31,25.45,1200900.0,1424100.0,0,0,0,0,0,0,0,0,0,0,0,0,0,0,0,0,0,66,2026-02-04 02:12:31.256657
ATMN,25.25,25.09,25.22,1325900.0,1628900.0,0,0,0,0,0,0,0,0,0,0,0,0,0,0,0,0,0,66,2026-02-04 02:12:31.256657
WNTR,26.34,26.34,26.38,1751600.0,1176700.0,0,0,0,0,0,0,0,0,0,0,0,0,0,0,0,0,0,66,2026-02-04 02:12:31.256657
SPNG,25.59,25.59,25.72,1093300.0,1881900.0,0,0,0,0,0,0,0,0,0,0,0,0,0,0,0,0,0,67,2026-02-04 02:12:32.286519
SMMR,25.29,25.29,25.45,1103000.0,1600800.0,0,0,0,0,0,0,0,0,0,0,0,0,0,0,0,0,0,67,2026-02-04 02:12:32.286519
ATMN,25.22,25.22,25.28,1689900.0,1494900.0,0,0,0,0,0,0,0,0,0,0,0,0,0,0,0,0,0,67,2026-02-04 02:12:32.286519
WNTR,26.38,26.39,26.43,2133000.0,1080800.0,0,0,0,0,0,0,0,0,0,0,0,0,0,0,0,0,0,67,2026-02-04 02:12:32.286519
SPNG,25.47,25.47,25.72,995300.0,2003100.0,0,0,0,0,0,0,0,0,0,0,0,0,0,0,0,0,0,68,2026-02-04 02:12:33.320274
SMMR,25.27,25.41,25.42,1112300.0,1851200.0,0,0,0,0,0,0,0,0,0,0,0,0,0,0,0,0,0,68,2026-02-04 02:12:33.320274
ATMN,25.43,25.53,25.63,1804900.0,1520600.0,0,0,0,0,0,0,0,0,0,0,0,0,0,0,0,0,0,68,2026-02-04 02:12:33.320274
WNTR,26.48,26.39,26.48,2266100.0,969300.0,0,0,0,0,0,0,0,0,0,0,0,0,0,0,0,0,0,68,2026-02-04 02:12:33.320274
SPNG,25.24,25.24,25.93,897700.0,1833300.0,0,0,0,0,0,0,0,0,0,0,0,0,0,0,0,0,0,69,2026-02-04 02:12:34.378562
SMMR,25.41,25.41,25.42,1218700.0,2022300.0,0,0,0,0,0,0,0,0,0,0,0,0,0,0,0,0,0,69,2026-02-04 02:12:34.378562
ATMN,25.12,25.12,25.44,1584500.0,1728400.0,0,0,0,0,0,0,0,0,0,0,0,0,0,0,0,0,0,69,2026-02-04 02:12:34.378562
WNTR,26.48,26.39,26.48,2393500.0,1187200.0,0,0,0,0,0,0,0,0,0,0,0,0,0,0,0,0,0,69,2026-02-04 02:12:34.378562
SPNG,25.56,25.56,25.93,995300.0,1833300.0,0,0,0,0,0,0,0,0,0,0,0,0,0,0,0,0,0,70,2026-02-04 02:12:34.906029
SMMR,25.42,25.41,25.42,1330900.0,2022300.0,0,0,0,0,0,0,0,0,0,0,0,0,0,0,0,0,0,70,2026-02-04 02:12:34.906029
ATMN,25.63,25.12,25.62,1584500.0,1709800.0,0,0,0,0,0,0,0,0,0,0,0,0,0,0,0,0,0,70,2026-02-04 02:12:34.906029
WNTR,26.5,26.39,26.5,2342900.0,1175000.0,0,0,0,0,0,0,0,0,0,0,0,0,0,0,0,0,0,70,2026-02-04 02:12:34.906029
SPNG,25.17,25.17,25.2,897700.0,2046800.0,0,0,0,0,0,0,0,0,0,0,0,0,0,0,0,0,0,71,2026-02-04 02:12:35.940832
SMMR,25.27,25.27,25.42,1106600.0,2022300.0,0,0,0,0,0,0,0,0,0,0,0,0,0,0,0,0,0,71,2026-02-04 02:12:35.940832
ATMN,25.09,25.09,25.44,1453700.0,1831600.0,0,0,0,0,0,0,0,0,0,0,0,0,0,0,0,0,0,71,2026-02-04 02:12:35.940832
WNTR,26.5,26.39,26.42,2342900.0,1415000.0,0,0,0,0,0,0,0,0,0,0,0,0,0,0,0,0,0,71,2026-02-04 02:12:35.940832
SPNG,25.96,25.54,25.96,1224400.0,1812600.0,0,0,0,0,0,0,0,0,0,0,0,0,0,0,0,0,0,72,2026-02-04 02:12:36.966775
SMMR,25.23,25.23,25.4,892400.0,2061700.0,0,0,0,0,0,0,0,0,0,0,0,0,0,0,0,0,0,72,2026-02-04 02:12:36.966775
ATMN,25.44,25.5,25.62,1666800.0,1844700.0,0,0,0,0,0,0,0,0,0,0,0,0,0,0,0,0,0,72,2026-02-04 02:12:36.966775
WNTR,26.42,26.39,26.42,2296600.0,1519900.0,0,0,0,0,0,0,0,0,0,0,0,0,0,0,0,0,0,72,2026-02-04 02:12:36.966775
SPNG,25.96,25.54,25.72,1370200.0,2027800.0,0,0,0,0,0,0,0,0,0,0,0,0,0,0,0,0,0,73,2026-02-04 02:12:37.998323
SMMR,25.23,25.34,25.38,1087700.0,2049600.0,0,0,0,0,0,0,0,0,0,0,0,0,0,0,0,0,0,73,2026-02-04 02:12:37.998323
ATMN,25.44,25.5,25.58,1666800.0,2188700.0,0,0,0,0,0,0,0,0,0,0,0,0,0,0,0,0,0,73,2026-02-04 02:12:37.998323
WNTR,26.43,26.43,26.48,2289900.0,1406100.0,0,0,0,0,0,0,0,0,0,0,0,0,0,0,0,0,0,73,2026-02-04 02:12:37.998323
SPNG,25.96,25.54,25.72,1586500.0,2052600.0,0,0,0,0,0,0,0,0,0,0,0,0,0,0,0,0,0,74,2026-02-04 02:12:39.024426
SMMR,25.4,25.29,25.31,994300.0,2061600.0,0,0,0,0,0,0,0,0,0,0,0,0,0,0,0,0,0,74,2026-02-04 02:12:39.024426
ATMN,25.41,25.56,25.58,1699900.0,2306800.0,0,0,0,0,0,0,0,0,0,0,0,0,0,0,0,0,0,74,2026-02-04 02:12:39.024426
WNTR,26.37,26.37,26.48,2285800.0,1406100.0,0,0,0,0,0,0,0,0,0,0,0,0,0,0,0,0,0,74,2026-02-04 02:12:39.024426
SPNG,25.49,25.49,25.72,1508700.0,2052600.0,0,0,0,0,0,0,0,0,0,0,0,0,0,0,0,0,0,75,2026-02-04 02:12:40.052193
SMMR,25.31,25.29,25.31,1091100.0,2044500.0,0,0,0,0,0,0,0,0,0,0,0,0,0,0,0,0,0,75,2026-02-04 02:12:40.052193
ATMN,25.38,25.09,25.25,1699500.0,2350200.0,0,0,0,0,0,0,0,0,0,0,0,0,0,0,0,0,0,75,2026-02-04 02:12:40.052193
WNTR,26.57,26.37,26.57,2271200.0,1184400.0,0,0,0,0,0,0,0,0,0,0,0,0,0,0,0,0,0,75,2026-02-04 02:12:40.052193
SPNG,25.49,25.49,25.72,1508700.0,2126200.0,0,0,0,0,0,0,0,0,0,0,0,0,0,0,0,0,0,76,2026-02-04 02:12:41.080228
SMMR,25.31,25.36,25.4,1285000.0,2040900.0,0,0,0,0,0,0,0,0,0,0,0,0,0,0,0,0,0,76,2026-02-04 02:12:41.080228
ATMN,25.25,25.38,25.43,1967500.0,2343900.0,0,0,0,0,0,0,0,0,0,0,0,0,0,0,0,0,0,76,2026-02-04 02:12:41.080228
WNTR,26.34,26.34,26.45,2240300.0,1184400.0,0,0,0,0,0,0,0,0,0,0,0,0,0,0,0,0,0,76,2026-02-04 02:12:41.080228
SPNG,25.41,25.69,25.72,1613600.0,2153900.0,0,0,0,0,0,0,0,0,0,0,0,0,0,0,0,0,0,77,2026-02-04 02:12:42.108854
SMMR,25.46,25.37,25.46,1379300.0,1996900.0,0,0,0,0,0,0,0,0,0,0,0,0,0,0,0,0,0,77,2026-02-04 02:12:42.108854
ATMN,25.26,25.26,25.43,1980600.0,2336300.0,0,0,0,0,0,0,0,0,0,0,0,0,0,0,0,0,0,77,2026-02-04 02:12:42.108854
WNTR,26.57,26.41,26.57,2212400.0,1094300.0,0,0,0,0,0,0,0,0,0,0,0,0,0,0,0,0,0,77,2026-02-04 02:12:42.108854
SPNG,25.41,25.65,25.72,1722000.0,2153900.0,0,0,0,0,0,0,0,0,0,0,0,0,0,0,0,0,0,78,2026-02-04 02:12:43.142575
SMMR,25.47,25.37,25.47,1465300.0,2016600.0,0,0,0,0,0,0,0,0,0,0,0,0,0,0,0,0,0,78,2026-02-04 02:12:43.142575
ATMN,25.58,25.26,25.58,2126800.0,2338300.0,0,0,0,0,0,0,0,0,0,0,0,0,0,0,0,0,0,78,2026-02-04 02:12:43.142575
WNTR,26.57,26.69,26.75,2212400.0,1198800.0,0,0,0,0,0,0,0,0,0,0,0,0,0,0,0,0,0,78,2026-02-04 02:12:43.142575
SPNG,25.32,25.32,25.72,1473800.0,2175300.0,0,0,0,0,0,0,0,0,0,0,0,0,0,0,0,0,0,79,2026-02-04 02:12:44.172622
SMMR,25.37,25.37,25.39,1660200.0,2052800.0,0,0,0,0,0,0,0,0,0,0,0,0,0,0,0,0,0,79,2026-02-04 02:12:44.172622
ATMN,25.09,25.09,25.58,2235100.0,2338300.0,0,0,0,0,0,0,0,0,0,0,0,0,0,0,0,0,0,79,2026-02-04 02:12:44.172622
WNTR,26.63,26.41,26.63,2217600.0,1182900.0,0,0,0,0,0,0,0,0,0,0,0,0,0,0,0,0,0,79,2026-02-04 02:12:44.172622
SPNG,25.17,25.17,25.8,1394500.0,2164900.0,0,0,0,0,0,0,0,0,0,0,0,0,0,0,0,0,0,80,2026-02-04 02:12:45.203509
SMMR,25.37,25.35,25.37,1570700.0,2064400.0,0,0,0,0,0,0,0,0,0,0,0,0,0,0,0,0,0,80,2026-02-04 02:12:45.203509
ATMN,25.62,25.23,25.35,2332200.0,2327700.0,0,0,0,0,0,0,0,0,0,0,0,0,0,0,0,0,0,80,2026-02-04 02:12:45.203509
WNTR,26.44,26.41,26.44,2215300.0,1315900.0,0,0,0,0,0,0,0,0,0,0,0,0,0,0,0,0,0,80,2026-02-04 02:12:45.203509
SPNG,25.17,25.62,25.8,1597700.0,2190600.0,0,0,0,0,0,0,0,0,0,0,0,0,0,0,0,0,0,81,2026-02-04 02:12:46.235369
SMMR,25.39,25.35,25.39,1590200.0,2052800.0,0,0,0,0,0,0,0,0,0,0,0,0,0,0,0,0,0,81,2026-02-04 02:12:46.235369
ATMN,25.52,25.52,25.63,2577400.0,2296600.0,0,0,0,0,0,0,0,0,0,0,0,0,0,0,0,0,0,81,2026-02-04 02:12:46.235369
WNTR,26.75,26.61,26.75,2213500.0,1191600.0,0,0,0,0,0,0,0,0,0,0,0,0,0,0,0,0,0,81,2026-02-04 02:12:46.235369
SPNG,25.62,25.17,25.48,1496000.0,2213300.0,0,0,0,0,0,0,0,0,0,0,0,0,0,0,0,0,0,82,2026-02-04 02:12:47.264373
SMMR,25.28,25.32,25.35,1600300.0,2051200.0,0,0,0,0,0,0,0,0,0,0,0,0,0,0,0,0,0,82,2026-02-04 02:12:47.264373
ATMN,25.44,25.44,25.63,2588700.0,2293400.0,0,0,0,0,0,0,0,0,0,0,0,0,0,0,0,0,0,82,2026-02-04 02:12:47.264373
WNTR,26.79,26.61,26.62,2213500.0,1308800.0,0,0,0,0,0,0,0,0,0,0,0,0,0,0,0,0,0,82,2026-02-04 02:12:47.264373
SPNG,25.62,25.25,25.48,1950500.0,2213300.0,0,0,0,0,0,0,0,0,0,0,0,0,0,0,0,0,0,83,2026-02-04 02:12:48.291
SMMR,25.32,25.32,25.35,1702500.0,2048500.0,0,0,0,0,0,0,0,0,0,0,0,0,0,0,0,0,0,83,2026-02-04 02:12:48.291
ATMN,25.44,25.44,25.57,2588700.0,2352000.0,0,0,0,0,0,0,0,0,0,0,0,0,0,0,0,0,0,83,2026-02-04 02:12:48.291
WNTR,26.61,26.61,26.62,2213500.0,1406800.0,0,0,0,0,0,0,0,0,0,0,0,0,0,0,0,0,0,83,2026-02-04 02:12:48.291
SPNG,25.8,25.44,25.8,2145400.0,2200000.0,0,0,0,0,0,0,0,0,0,0,0,0,0,0,0,0,0,84,2026-02-04 02:12:49.319522
SMMR,25.39,25.32,25.39,1797100.0,2051900.0,0,0,0,0,0,0,0,0,0,0,0,0,0,0,0,0,0,84,2026-02-04 02:12:49.319522
ATMN,25.57,25.37,25.57,2459900.0,2327000.0,0,0,0,0,0,0,0,0,0,0,0,0,0,0,0,0,0,84,2026-02-04 02:12:49.319522
WNTR,26.41,26.58,26.8,2199700.0,1207300.0,0,0,0,0,0,0,0,0,0,0,0,0,0,0,0,0,0,84,2026-02-04 02:12:49.319522
SPNG,25.25,25.25,25.75,2051100.0,2228600.0,0,0,0,0,0,0,0,0,0,0,0,0,0,0,0,0,0,85,2026-02-04 02:12:50.346872
SMMR,25.48,25.46,25.48,2029300.0,2017700.0,0,0,0,0,0,0,0,0,0,0,0,0,0,0,0,0,0,85,2026-02-04 02:12:50.346872
ATMN,25.57,25.09,25.57,2339800.0,2327000.0,0,0,0,0,0,0,0,0,0,0,0,0,0,0,0,0,0,85,2026-02-04 02:12:50.346872
WNTR,26.41,26.58,26.62,2218800.0,1418000.0,0,0,0,0,0,0,0,0,0,0,0,0,0,0,0,0,0,85,2026-02-04 02:12:50.346872
SPNG,25.25,25.69,25.75,2219900.0,2204000.0,0,0,0,0,0,0,0,0,0,0,0,0,0,0,0,0,0,86,2026-02-04 02:12:51.374781
SMMR,25.4,25.32,25.39,1797100.0,2021300.0,0,0,0,0,0,0,0,0,0,0,0,0,0,0,0,0,0,86,2026-02-04 02:12:51.374781
ATMN,25.57,25.09,25.18,2470100.0,2302900.0,0,0,0,0,0,0,0,0,0,0,0,0,0,0,0,0,0,86,2026-02-04 02:12:51.374781
WNTR,26.58,26.58,26.62,2260800.0,1418000.0,0,0,0,0,0,0,0,0,0,0,0,0,0,0,0,0,0,86,2026-02-04 02:12:51.374781
SPNG,25.25,25.69,25.75,2219900.0,2198400.0,0,0,0,0,0,0,0,0,0,0,0,0,0,0,0,0,0,87,2026-02-04 02:12:52.406229
SMMR,25.35,25.35,25.49,1882800.0,2013000.0,0,0,0,0,0,0,0,0,0,0,0,0,0,0,0,0,0,87,2026-02-04 02:12:52.406229
ATMN,25.07,25.07,25.57,2334700.0,2325000.0,0,0,0,0,0,0,0,0,0,0,0,0,0,0,0,0,0,87,2026-02-04 02:12:52.406229
WNTR,26.58,26.61,26.62,2271100.0,1547700.0,0,0,0,0,0,0,0,0,0,0,0,0,0,0,0,0,0,87,2026-02-04 02:12:52.406229
SPNG,25.25,25.69,25.75,2219900.0,2205900.0,0,0,0,0,0,0,0,0,0,0,0,0,0,0,0,0,0,88,2026-02-04 02:12:53.436057
SMMR,25.36,25.36,25.38,1996500.0,1984400.0,0,0,0,0,0,0,0,0,0,0,0,0,0,0,0,0,0,88,2026-02-04 02:12:53.436057
ATMN,25.64,25.27,25.42,2443400.0,2273700.0,0,0,0,0,0,0,0,0,0,0,0,0,0,0,0,0,0,88,2026-02-04 02:12:53.436057
WNTR,26.62,26.61,26.62,2271100.0,1776300.0,0,0,0,0,0,0,0,0,0,0,0,0,0,0,0,0,0,88,2026-02-04 02:12:53.436057
SPNG,25.25,25.25,25.75,2261500.0,2205900.0,0,0,0,0,0,0,0,0,0,0,0,0,0,0,0,0,0,89,2026-02-04 02:12:54.462299
SMMR,25.32,25.41,25.43,2022100.0,1997700.0,0,0,0,0,0,0,0,0,0,0,0,0,0,0,0,0,0,89,2026-02-04 02:12:54.462299
ATMN,25.52,25.27,25.52,2546200.0,2282700.0,0,0,0,0,0,0,0,0,0,0,0,0,0,0,0,0,0,89,2026-02-04 02:12:54.462299
WNTR,26.61,26.61,26.62,2302700.0,1880800.0,0,0,0,0,0,0,0,0,0,0,0,0,0,0,0,0,0,89,2026-02-04 02:12:54.462299
SPNG,25.86,25.25,25.62,2261500.0,2195200.0,0,0,0,0,0,0,0,0,0,0,0,0,0,0,0,0,0,90,2026-02-04 02:12:54.986989
SMMR,25.32,25.41,25.43,2022100.0,2057800.0,0,0,0,0,0,0,0,0,0,0,0,0,0,0,0,0,0,90,2026-02-04 02:12:54.986989
ATMN,25.52,25.27,25.37,2546200.0,2301400.0,0,0,0,0,0,0,0,0,0,0,0,0,0,0,0,0,0,90,2026-02-04 02:12:54.986989
WNTR,26.62,26.61,26.62,2302700.0,1785100.0,0,0,0,0,0,0,0,0,0,0,0,0,0,0,0,0,0,90,2026-02-04 02:12:54.986989
SPNG,25.24,25.24,25.25,2169700.0,2197800.0,0,0,0,0,0,0,0,0,0,0,0,0,0,0,0,0,0,91,2026-02-04 02:12:56.012314
SMMR,25.41,25.41,25.43,2133500.0,2065400.0,0,0,0,0,0,0,0,0,0,0,0,0,0,0,0,0,0,91,2026-02-04 02:12:56.012314
ATMN,25.52,25.28,25.37,2403400.0,2301400.0,0,0,0,0,0,0,0,0,0,0,0,0,0,0,0,0,0,91,2026-02-04 02:12:56.012314
WNTR,26.57,26.57,26.61,2296800.0,1905600.0,0,0,0,0,0,0,0,0,0,0,0,0,0,0,0,0,0,91,2026-02-04 02:12:56.012314
SPNG,25.25,25.59,25.86,2229700.0,2193100.0,0,0,0,0,0,0,0,0,0,0,0,0,0,0,0,0,0,92,2026-02-04 02:12:57.047637
SMMR,25.41,25.34,25.39,2112200.0,2088700.0,0,0,0,0,0,0,0,0,0,0,0,0,0,0,0,0,0,92,2026-02-04 02:12:57.047637
ATMN,25.52,25.28,25.37,2384200.0,2307500.0,0,0,0,0,0,0,0,0,0,0,0,0,0,0,0,0,0,92,2026-02-04 02:12:57.047637
WNTR,26.56,26.6,26.61,2309100.0,1905600.0,0,0,0,0,0,0,0,0,0,0,0,0,0,0,0,0,0,92,2026-02-04 02:12:57.047637
SPNG,25.38,25.81,25.86,2259100.0,2171900.0,0,0,0,0,0,0,0,0,0,0,0,0,0,0,0,0,0,93,2026-02-04 02:12:58.086316
SMMR,25.48,25.37,25.48,2079300.0,2047400.0,0,0,0,0,0,0,0,0,0,0,0,0,0,0,0,0,0,93,2026-02-04 02:12:58.086316
ATMN,25.27,25.27,25.37,2387000.0,2307500.0,0,0,0,0,0,0,0,0,0,0,0,0,0,0,0,0,0,93,2026-02-04 02:12:58.086316
WNTR,26.62,26.49,26.62,2303300.0,1785100.0,0,0,0,0,0,0,0,0,0,0,0,0,0,0,0,0,0,93,2026-02-04 02:12:58.086316
SPNG,25.87,25.2,25.45,2317900.0,2139800.0,0,0,0,0,0,0,0,0,0,0,0,0,0,0,0,0,0,94,2026-02-04 02:12:59.129188
SMMR,25.43,25.34,25.43,2112200.0,2081700.0,0,0,0,0,0,0,0,0,0,0,0,0,0,0,0,0,0,94,2026-02-04 02:12:59.129188
ATMN,25.64,25.26,25.64,2410100.0,2283100.0,0,0,0,0,0,0,0,0,0,0,0,0,0,0,0,0,0,94,2026-02-04 02:12:59.129188
WNTR,26.64,26.63,26.64,2313300.0,1655400.0,0,0,0,0,0,0,0,0,0,0,0,0,0,0,0,0,0,94,2026-02-04 02:12:59.129188
SPNG,25.45,25.8,25.87,2273600.0,2154300.0,0,0,0,0,0,0,0,0,0,0,0,0,0,0,0,0,0,95,2026-02-04 02:13:00.157593
SMMR,25.43,25.34,25.37,2112200.0,2096800.0,0,0,0,0,0,0,0,0,0,0,0,0,0,0,0,0,0,95,2026-02-04 02:13:00.157593
ATMN,25.26,25.2,25.24,2420700.0,2323300.0,0,0,0,0,0,0,0,0,0,0,0,0,0,0,0,0,0,95,2026-02-04 02:13:00.157593
WNTR,26.49,26.49,26.64,2315400.0,1851300.0,0,0,0,0,0,0,0,0,0,0,0,0,0,0,0,0,0,95,2026-02-04 02:13:00.157593
SPNG,25.45,25.8,25.87,2273600.0,2152000.0,0,0,0,0,0,0,0,0,0,0,0,0,0,0,0,0,0,96,2026-02-04 02:13:01.184888
SMMR,25.49,25.34,25.49,2076900.0,2002900.0,0,0,0,0,0,0,0,0,0,0,0,0,0,0,0,0,0,96,2026-02-04 02:13:01.184888
ATMN,25.24,25.34,25.65,2402000.0,2304100.0,0,0,0,0,0,0,0,0,0,0,0,0,0,0,0,0,0,96,2026-02-04 02:13:01.184888
WNTR,26.46,26.62,26.64,2322300.0,1851300.0,0,0,0,0,0,0,0,0,0,0,0,0,0,0,0,0,0,96,2026-02-04 02:13:01.184888
SPNG,25.45,25.8,25.86,2273600.0,2125900.0,0,0,0,0,0,0,0,0,0,0,0,0,0,0,0,0,0,97,2026-02-04 02:13:02.217581
SMMR,25.49,25.42,25.49,2064900.0,2036900.0,0,0,0,0,0,0,0,0,0,0,0,0,0,0,0,0,0,97,2026-02-04 02:13:02.217581
ATMN,25.2,25.2,25.42,2433600.0,2294300.0,0,0,0,0,0,0,0,0,0,0,0,0,0,0,0,0,0,97,2026-02-04 02:13:02.217581
WNTR,26.65,26.62,26.65,2305200.0,1853800.0,0,0,0,0,0,0,0,0,0,0,0,0,0,0,0,0,0,97,2026-02-04 02:13:02.217581
SPNG,25.8,25.2,25.23,2300600.0,2169500.0,0,0,0,0,0,0,0,0,0,0,0,0,0,0,0,0,0,98,2026-02-04 02:13:03.255009
SMMR,25.5,25.42,25.5,2053500.0,2044200.0,0,0,0,0,0,0,0,0,0,0,0,0,0,0,0,0,0,98,2026-02-04 02:13:03.255009
ATMN,25.2,25.2,25.3,2442600.0,2307200.0,0,0,0,0,0,0,0,0,0,0,0,0,0,0,0,0,0,98,2026-02-04 02:13:03.255009
WNTR,26.62,26.56,26.61,2313200.0,2063100.0,0,0,0,0,0,0,0,0,0,0,0,0,0,0,0,0,0,98,2026-02-04 02:13:03.255009
SPNG,25.23,25.2,25.23,2315800.0,2169500.0,0,0,0,0,0,0,0,0,0,0,0,0,0,0,0,0,0,99,2026-02-04 02:13:04.325111
SMMR,25.42,25.42,25.5,2041100.0,2031200.0,0,0,0,0,0,0,0,0,0,0,0,0,0,0,0,0,0,99,2026-02-04 02:13:04.325111
ATMN,25.1,25.07,25.1,2392200.0,2305100.0,0,0,0,0,0,0,0,0,0,0,0,0,0,0,0,0,0,99,2026-02-04 02:13:04.325111
WNTR,26.56,26.56,26.61,2301700.0,2153200.0,0,0,0,0,0,0,0,0,0,0,0,0,0,0,0,0,0,99,2026-02-04 02:13:04.325111
SPNG,25.23,25.57,25.81,2251200.0,2178000.0,0,0,0,0,0,0,0,0,0,0,0,0,0,0,0,0,0,100,2026-02-04 02:13:05.374711
SMMR,25.52,25.42,25.52,2054100.0,2027600.0,0,0,0,0,0,0,0,0,0,0,0,0,0,0,0,0,0,100,2026-02-04 02:13:05.374711
ATMN,25.42,25.07,25.42,2392200.0,2315100.0,0,0,0,0,0,0,0,0,0,0,0,0,0,0,0,0,0,100,2026-02-04 02:13:05.374711
WNTR,26.61,26.62,26.65,2266800.0,2174700.0,0,0,0,0,0,0,0,0,0,0,0,0,0,0,0,0,0,100,2026-02-04 02:13:05.374711
SPNG,25.52,25.71,25.81,2242000.0,2178000.0,0,0,0,0,0,0,0,0,0,0,0,0,0,0,0,0,0,101,2026-02-04 02:13:06.422701
SMMR,25.52,25.41,25.52,2051300.0,2017400.0,0,0,0,0,0,0,0,0,0,0,0,0,0,0,0,0,0,101,2026-02-04 02:13:06.422701
ATMN,25.25,25.07,25.25,2392200.0,2340900.0,0,0,0,0,0,0,0,0,0,0,0,0,0,0,0,0,0,101,2026-02-04 02:13:06.422701
WNTR,26.45,26.45,26.65,2297200.0,2174700.0,0,0,0,0,0,0,0,0,0,0,0,0,0,0,0,0,0,101,2026-02-04 02:13:06.422701
SPNG,25.2,25.62,25.81,2275600.0,2184500.0,0,0,0,0,0,0,0,0,0,0,0,0,0,0,0,0,0,102,2026-02-04 02:13:07.460044
SMMR,25.4,25.4,25.52,2054600.0,2028400.0,0,0,0,0,0,0,0,0,0,0,0,0,0,0,0,0,0,102,2026-02-04 02:13:07.460044
ATMN,25.18,25.07,25.13,2392200.0,2347700.0,0,0,0,0,0,0,0,0,0,0,0,0,0,0,0,0,0,102,2026-02-04 02:13:07.460044
WNTR,26.67,26.45,26.67,2297200.0,1974700.0,0,0,0,0,0,0,0,0,0,0,0,0,0,0,0,0,0,102,2026-02-04 02:13:07.460044
SPNG,25.62,25.2,25.4,2276600.0,2193000.0,0,0,0,0,0,0,0,0,0,0,0,0,0,0,0,0,0,103,2026-02-04 02:13:08.492833
SMMR,25.39,25.39,25.5,2052900.0,2066700.0,0,0,0,0,0,0,0,0,0,0,0,0,0,0,0,0,0,103,2026-02-04 02:13:08.492833
ATMN,25.29,24.97,25.29,2428800.0,2333600.0,0,0,0,0,0,0,0,0,0,0,0,0,0,0,0,0,0,103,2026-02-04 02:13:08.492833
WNTR,26.67,26.45,26.52,2320300.0,2204700.0,0,0,0,0,0,0,0,0,0,0,0,0,0,0,0,0,0,103,2026-02-04 02:13:08.492833
SPNG,25.4,25.44,25.74,2214300.0,2199100.0,0,0,0,0,0,0,0,0,0,0,0,0,0,0,0,0,0,104,2026-02-04 02:13:09.525096
SMMR,25.4,25.4,25.5,2039700.0,2066700.0,0,0,0,0,0,0,0,0,0,0,0,0,0,0,0,0,0,104,2026-02-04 02:13:09.525096
ATMN,25.29,25.46,25.51,2408000.0,2320300.0,0,0,0,0,0,0,0,0,0,0,0,0,0,0,0,0,0,104,2026-02-04 02:13:09.525096
WNTR,26.52,26.45,26.52,2306800.0,2204700.0,0,0,0,0,0,0,0,0,0,0,0,0,0,0,0,0,0,104,2026-02-04 02:13:09.525096
SPNG,25.19,25.19,25.67,2252800.0,2212100.0,0,0,0,0,0,0,0,0,0,0,0,0,0,0,0,0,0,105,2026-02-04 02:13:10.559238
SMMR,25.34,25.34,25.52,2078900.0,2033700.0,0,0,0,0,0,0,0,0,0,0,0,0,0,0,0,0,0,105,2026-02-04 02:13:10.559238
ATMN,25.46,25.46,25.51,2408000.0,2312500.0,0,0,0,0,0,0,0,0,0,0,0,0,0,0,0,0,0,105,2026-02-04 02:13:10.559238
WNTR,26.71,26.43,26.71,2296100.0,1961200.0,0,0,0,0,0,0,0,0,0,0,0,0,0,0,0,0,0,105,2026-02-04 02:13:10.559238
SPNG,25.19,25.39,25.67,2252400.0,2212100.0,0,0,0,0,0,0,0,0,0,0,0,0,0,0,0,0,0,106,2026-02-04 02:13:11.098698
SMMR,25.34,25.34,25.39,2078900.0,2056000.0,0,0,0,0,0,0,0,0,0,0,0,0,0,0,0,0,0,106,2026-02-04 02:13:11.098698
ATMN,25.46,25.46,25.51,2408000.0,2301200.0,0,0,0,0,0,0,0,0,0,0,0,0,0,0,0,0,0,106,2026-02-04 02:13:11.098698
WNTR,26.71,26.67,26.71,2293500.0,1961200.0,0,0,0,0,0,0,0,0,0,0,0,0,0,0,0,0,0,106,2026-02-04 02:13:11.098698
SPNG,25.19,25.3,25.67,2225000.0,2212100.0,0,0,0,0,0,0,0,0,0,0,0,0,0,0,0,0,0,107,2026-02-04 02:13:12.123422
SMMR,25.54,25.34,25.54,2078900.0,2018900.0,0,0,0,0,0,0,0,0,0,0,0,0,0,0,0,0,0,107,2026-02-04 02:13:12.123422
ATMN,25.46,25.46,25.51,2408000.0,2291900.0,0,0,0,0,0,0,0,0,0,0,0,0,0,0,0,0,0,107,2026-02-04 02:13:12.123422
WNTR,26.43,26.47,26.71,2300100.0,1961200.0,0,0,0,0,0,0,0,0,0,0,0,0,0,0,0,0,0,107,2026-02-04 02:13:12.123422
SPNG,25.81,25.3,25.37,2187000.0,2231100.0,0,0,0,0,0,0,0,0,0,0,0,0,0,0,0,0,0,108,2026-02-04 02:13:13.158291
SMMR,25.56,25.34,25.56,2078900.0,1980900.0,0,0,0,0,0,0,0,0,0,0,0,0,0,0,0,0,0,108,2026-02-04 02:13:13.158291
ATMN,25.26,24.97,25.25,2387000.0,2327000.0,0,0,0,0,0,0,0,0,0,0,0,0,0,0,0,0,0,108,2026-02-04 02:13:13.158291
WNTR,26.57,26.47,26.57,2300100.0,2219500.0,0,0,0,0,0,0,0,0,0,0,0,0,0,0,0,0,0,108,2026-02-04 02:13:13.158291
SPNG,25.81,25.33,25.37,2188000.0,2231100.0,0,0,0,0,0,0,0,0,0,0,0,0,0,0,0,0,0,109,2026-02-04 02:13:14.185226
SMMR,25.34,25.32,25.34,2134100.0,2011100.0,0,0,0,0,0,0,0,0,0,0,0,0,0,0,0,0,0,109,2026-02-04 02:13:14.185226
ATMN,25.25,25.34,25.4,2402500.0,2296000.0,0,0,0,0,0,0,0,0,0,0,0,0,0,0,0,0,0,109,2026-02-04 02:13:14.185226
WNTR,26.47,26.47,26.57,2321600.0,2216100.0,0,0,0,0,0,0,0,0,0,0,0,0,0,0,0,0,0,109,2026-02-04 02:13:14.185226
SPNG,25.37,25.33,25.37,2148600.0,2231100.0,0,0,0,0,0,0,0,0,0,0,0,0,0,0,0,0,0,110,2026-02-04 02:13:15.212684
SMMR,25.56,25.35,25.56,2121700.0,1986100.0,0,0,0,0,0,0,0,0,0,0,0,0,0,0,0,0,0,110,2026-02-04 02:13:15.212684
ATMN,25.34,24.97,25.2,2387300.0,2302900.0,0,0,0,0,0,0,0,0,0,0,0,0,0,0,0,0,0,110,2026-02-04 02:13:15.212684
WNTR,26.57,26.63,26.66,2318400.0,2210600.0,0,0,0,0,0,0,0,0,0,0,0,0,0,0,0,0,0,110,2026-02-04 02:13:15.212684
SPNG,25.37,25.74,25.75,2148800.0,2249900.0,0,0,0,0,0,0,0,0,0,0,0,0,0,0,0,0,0,111,2026-02-04 02:13:16.242029
SMMR,25.56,25.41,25.43,2083700.0,1998300.0,0,0,0,0,0,0,0,0,0,0,0,0,0,0,0,0,0,111,2026-02-04 02:13:16.242029
ATMN,25.4,24.97,25.21,2380400.0,2273000.0,0,0,0,0,0,0,0,0,0,0,0,0,0,0,0,0,0,111,2026-02-04 02:13:16.242029
WNTR,26.63,26.63,26.66,2318400.0,2211800.0,0,0,0,0,0,0,0,0,0,0,0,0,0,0,0,0,0,111,2026-02-04 02:13:16.242029
SPNG,25.74,25.41,25.43,2130100.0,2236100.0,0,0,0,0,0,0,0,0,0,0,0,0,0,0,0,0,0,112,2026-02-04 02:13:17.295336
SMMR,25.38,25.38,25.43,2089900.0,2020600.0,0,0,0,0,0,0,0,0,0,0,0,0,0,0,0,0,0,112,2026-02-04 02:13:17.295336
ATMN,25.07,24.97,25.07,2380400.0,2271500.0,0,0,0,0,0,0,0,0,0,0,0,0,0,0,0,0,0,112,2026-02-04 02:13:17.295336
WNTR,26.67,26.55,26.6,2328600.0,2219200.0,0,0,0,0,0,0,0,0,0,0,0,0,0,0,0,0,0,112,2026-02-04 02:13:17.295336
SPNG,25.43,25.49,25.75,2111500.0,2230600.0,0,0,0,0,0,0,0,0,0,0,0,0,0,0,0,0,0,113,2026-02-04 02:13:18.346893
SMMR,25.38,25.42,25.43,2088400.0,2020600.0,0,0,0,0,0,0,0,0,0,0,0,0,0,0,0,0,0,113,2026-02-04 02:13:18.346893
ATMN,24.89,24.99,25.07,2372900.0,2271500.0,0,0,0,0,0,0,0,0,0,0,0,0,0,0,0,0,0,113,2026-02-04 02:13:18.346893
WNTR,26.6,26.58,26.6,2310300.0,2219200.0,0,0,0,0,0,0,0,0,0,0,0,0,0,0,0,0,0,113,2026-02-04 02:13:18.346893
SPNG,25.43,25.49,25.65,2135300.0,2252200.0,0,0,0,0,0,0,0,0,0,0,0,0,0,0,0,0,0,114,2026-02-04 02:13:19.394634
SMMR,25.4,25.4,25.43,2085500.0,2024900.0,0,0,0,0,0,0,0,0,0,0,0,0,0,0,0,0,0,114,2026-02-04 02:13:19.394634
ATMN,25.52,24.99,25.52,2372900.0,2324100.0,0,0,0,0,0,0,0,0,0,0,0,0,0,0,0,0,0,114,2026-02-04 02:13:19.394634
WNTR,26.67,26.55,26.67,2309300.0,2215200.0,0,0,0,0,0,0,0,0,0,0,0,0,0,0,0,0,0,114,2026-02-04 02:13:19.394634
SPNG,25.43,25.49,25.65,2135300.0,2258600.0,0,0,0,0,0,0,0,0,0,0,0,0,0,0,0,0,0,115,2026-02-04 02:13:20.434736
SMMR,25.38,25.38,25.43,2118100.0,2034100.0,0,0,0,0,0,0,0,0,0,0,0,0,0,0,0,0,0,115,2026-02-04 02:13:20.434736
ATMN,24.89,24.89,25.52,2382900.0,2323800.0,0,0,0,0,0,0,0,0,0,0,0,0,0,0,0,0,0,115,2026-02-04 02:13:20.434736
WNTR,26.67,26.55,26.67,2309300.0,2215100.0,0,0,0,0,0,0,0,0,0,0,0,0,0,0,0,0,0,115,2026-02-04 02:13:20.434736
SPNG,25.43,25.49,25.65,2135300.0,2258600.0,0,0,0,0,0,0,0,0,0,0,0,0,0,0,0,0,0,116,2026-02-04 02:13:21.464513
SMMR,25.38,25.38,25.42,2110700.0,2047000.0,0,0,0,0,0,0,0,0,0,0,0,0,0,0,0,0,0,116,2026-02-04 02:13:21.464513
ATMN,24.89,24.89,25.33,2382900.0,2341900.0,0,0,0,0,0,0,0,0,0,0,0,0,0,0,0,0,0,116,2026-02-04 02:13:21.464513
WNTR,26.51,26.55,26.58,2333900.0,2210200.0,0,0,0,0,0,0,0,0,0,0,0,0,0,0,0,0,0,116,2026-02-04 02:13:21.464513
SPNG,25.49,25.43,25.49,2162800.0,2274000.0,0,0,0,0,0,0,0,0,0,0,0,0,0,0,0,0,0,117,2026-02-04 02:13:22.495200
SMMR,25.35,25.32,25.33,2109000.0,2086700.0,0,0,0,0,0,0,0,0,0,0,0,0,0,0,0,0,0,117,2026-02-04 02:13:22.495200
ATMN,24.95,24.95,25.33,2346100.0,2341900.0,0,0,0,0,0,0,0,0,0,0,0,0,0,0,0,0,0,117,2026-02-04 02:13:22.495200
WNTR,26.48,26.48,26.58,2320400.0,2233000.0,0,0,0,0,0,0,0,0,0,0,0,0,0,0,0,0,0,117,2026-02-04 02:13:22.495200
SPNG,25.49,25.6,25.75,2183200.0,2261000.0,0,0,0,0,0,0,0,0,0,0,0,0,0,0,0,0,0,118,2026-02-04 02:13:23.528126
SMMR,25.33,25.33,25.42,2092900.0,2047000.0,0,0,0,0,0,0,0,0,0,0,0,0,0,0,0,0,0,118,2026-02-04 02:13:23.528126
ATMN,24.95,25.0,25.08,2389800.0,2332700.0,0,0,0,0,0,0,0,0,0,0,0,0,0,0,0,0,0,118,2026-02-04 02:13:23.528126
WNTR,26.48,26.48,26.58,2310700.0,2224900.0,0,0,0,0,0,0,0,0,0,0,0,0,0,0,0,0,0,118,2026-02-04 02:13:23.528126
SPNG,25.33,25.33,25.54,2162500.0,2287500.0,0,0,0,0,0,0,0,0,0,0,0,0,0,0,0,0,0,119,2026-02-04 02:13:24.561892
SMMR,25.42,25.34,25.42,2055900.0,2047000.0,0,0,0,0,0,0,0,0,0,0,0,0,0,0,0,0,0,119,2026-02-04 02:13:24.561892
ATMN,25.08,24.92,25.08,2357200.0,2332700.0,0,0,0,0,0,0,0,0,0,0,0,0,0,0,0,0,0,119,2026-02-04 02:13:24.561892
WNTR,26.58,26.58,26.63,2307900.0,2231300.0,0,0,0,0,0,0,0,0,0,0,0,0,0,0,0,0,0,119,2026-02-04 02:13:24.561892
SPNG,25.92,25.92,27.11,787000.0,667700.0,0,0,0,0,0,0,0,0,0,0,0,0,0,0,0,0,0,120,2026-02-04 02:13:25.595457
SMMR,25.42,24.86,24.95,911500.0,859500.0,0,0,0,0,0,0,0,0,0,0,0,0,0,0,0,0,0,120,2026-02-04 02:13:25.595457
ATMN,24.37,24.37,24.81,1044200.0,855900.0,0,0,0,0,0,0,0,0,0,0,0,0,0,0,0,0,0,120,2026-02-04 02:13:25.595457
WNTR,25.89,25.89,26.3,919700.0,921900.0,0,0,0,0,0,0,0,0,0,0,0,0,0,0,0,0,0,120,2026-02-04 02:13:25.595457
SPNG,25.92,25.92,26.03,951200.0,944200.0,0,0,0,0,0,0,0,0,0,0,0,0,0,0,0,0,0,121,2026-02-04 02:13:26.631259
SMMR,24.77,24.77,24.95,918600.0,957800.0,0,0,0,0,0,0,0,0,0,0,0,0,0,0,0,0,0,121,2026-02-04 02:13:26.631259
ATMN,24.37,23.32,23.78,1086100.0,1240100.0,0,0,0,0,0,0,0,0,0,0,0,0,0,0,0,0,0,121,2026-02-04 02:13:26.631259
WNTR,25.89,25.89,26.02,919700.0,1222000.0,0,0,0,0,0,0,0,0,0,0,0,0,0,0,0,0,0,121,2026-02-04 02:13:26.631259
SPNG,25.92,25.92,26.03,1084400.0,1052900.0,0,0,0,0,0,0,0,0,0,0,0,0,0,0,0,0,0,122,2026-02-04 02:13:27.166712
SMMR,24.89,24.77,24.89,918600.0,1081300.0,0,0,0,0,0,0,0,0,0,0,0,0,0,0,0,0,0,122,2026-02-04 02:13:27.166712
ATMN,23.78,24.13,24.43,1331300.0,1097800.0,0,0,0,0,0,0,0,0,0,0,0,0,0,0,0,0,0,122,2026-02-04 02:13:27.166712
WNTR,25.89,25.85,25.87,941500.0,1317000.0,0,0,0,0,0,0,0,0,0,0,0,0,0,0,0,0,0,122,2026-02-04 02:13:27.166712
SPNG,25.92,25.51,25.87,1221200.0,1179200.0,0,0,0,0,0,0,0,0,0,0,0,0,0,0,0,0,0,123,2026-02-04 02:13:28.201324
SMMR,24.95,24.77,24.95,1173600.0,1062200.0,0,0,0,0,0,0,0,0,0,0,0,0,0,0,0,0,0,123,2026-02-04 02:13:28.201324
ATMN,24.43,24.13,24.25,1331300.0,1215500.0,0,0,0,0,0,0,0,0,0,0,0,0,0,0,0,0,0,123,2026-02-04 02:13:28.201324
WNTR,25.71,25.71,25.81,929000.0,1434100.0,0,0,0,0,0,0,0,0,0,0,0,0,0,0,0,0,0,123,2026-02-04 02:13:28.201324
SPNG,26.19,25.51,26.19,1320100.0,864700.0,0,0,0,0,0,0,0,0,0,0,0,0,0,0,0,0,0,124,2026-02-04 02:13:29.229167
SMMR,24.76,24.73,24.76,1156600.0,1184000.0,0,0,0,0,0,0,0,0,0,0,0,0,0,0,0,0,0,124,2026-02-04 02:13:29.229167
ATMN,24.6,24.13,24.6,1470600.0,1214100.0,0,0,0,0,0,0,0,0,0,0,0,0,0,0,0,0,0,124,2026-02-04 02:13:29.229167
WNTR,25.81,25.81,25.87,1158000.0,1317000.0,0,0,0,0,0,0,0,0,0,0,0,0,0,0,0,0,0,124,2026-02-04 02:13:29.229167
SPNG,26.19,25.87,26.06,1530800.0,985700.0,0,0,0,0,0,0,0,0,0,0,0,0,0,0,0,0,0,125,2026-02-04 02:13:30.260555
SMMR,24.98,24.98,25.12,1244200.0,840600.0,0,0,0,0,0,0,0,0,0,0,0,0,0,0,0,0,0,125,2026-02-04 02:13:30.260555
ATMN,24.35,24.13,24.22,1470600.0,1600200.0,0,0,0,0,0,0,0,0,0,0,0,0,0,0,0,0,0,125,2026-02-04 02:13:30.260555
WNTR,25.81,25.81,25.87,1282200.0,1317000.0,0,0,0,0,0,0,0,0,0,0,0,0,0,0,0,0,0,125,2026-02-04 02:13:30.260555
SPNG,26.19,25.87,26.19,1530800.0,1004100.0,0,0,0,0,0,0,0,0,0,0,0,0,0,0,0,0,0,126,2026-02-04 02:13:31.296555
SMMR,24.98,24.98,25.08,1244200.0,1139300.0,0,0,0,0,0,0,0,0,0,0,0,0,0,0,0,0,0,126,2026-02-04 02:13:31.296555
ATMN,24.1,24.1,24.26,1368000.0,1601300.0,0,0,0,0,0,0,0,0,0,0,0,0,0,0,0,0,0,126,2026-02-04 02:13:31.296555
WNTR,25.92,25.81,25.92,1282200.0,1450900.0,0,0,0,0,0,0,0,0,0,0,0,0,0,0,0,0,0,126,2026-02-04 02:13:31.296555
SPNG,26.19,25.87,26.19,1530800.0,1289600.0,0,0,0,0,0,0,0,0,0,0,0,0,0,0,0,0,0,127,2026-02-04 02:13:32.333393
SMMR,25.0,24.73,25.0,1156600.0,1245100.0,0,0,0,0,0,0,0,0,0,0,0,0,0,0,0,0,0,127,2026-02-04 02:13:32.333393
ATMN,24.26,24.16,24.26,1637800.0,1601300.0,0,0,0,0,0,0,0,0,0,0,0,0,0,0,0,0,0,127,2026-02-04 02:13:32.333393
WNTR,25.81,25.81,26.02,1282200.0,1466500.0,0,0,0,0,0,0,0,0,0,0,0,0,0,0,0,0,0,127,2026-02-04 02:13:32.333393
SPNG,26.28,25.87,26.12,1530800.0,1294300.0,0,0,0,0,0,0,0,0,0,0,0,0,0,0,0,0,0,128,2026-02-04 02:13:33.389511
SMMR,24.94,24.88,24.94,1258600.0,1468000.0,0,0,0,0,0,0,0,0,0,0,0,0,0,0,0,0,0,128,2026-02-04 02:13:33.389511
ATMN,24.26,24.41,24.43,2156300.0,1458800.0,0,0,0,0,0,0,0,0,0,0,0,0,0,0,0,0,0,128,2026-02-04 02:13:33.389511
WNTR,25.75,25.92,25.93,1267600.0,1728900.0,0,0,0,0,0,0,0,0,0,0,0,0,0,0,0,0,0,128,2026-02-04 02:13:33.389511
SPNG,25.74,25.59,25.73,1411500.0,1532300.0,0,0,0,0,0,0,0,0,0,0,0,0,0,0,0,0,0,129,2026-02-04 02:13:34.451119
SMMR,25.08,24.9,25.08,1488700.0,1237300.0,0,0,0,0,0,0,0,0,0,0,0,0,0,0,0,0,0,129,2026-02-04 02:13:34.451119
ATMN,24.43,24.47,24.6,2252600.0,1574900.0,0,0,0,0,0,0,0,0,0,0,0,0,0,0,0,0,0,129,2026-02-04 02:13:34.451119
WNTR,25.93,25.71,25.93,1158700.0,1846800.0,0,0,0,0,0,0,0,0,0,0,0,0,0,0,0,0,0,129,2026-02-04 02:13:34.451119
SPNG,26.12,25.59,26.12,1733100.0,1294300.0,0,0,0,0,0,0,0,0,0,0,0,0,0,0,0,0,0,130,2026-02-04 02:13:35.572513
SMMR,24.88,24.88,25.03,1372800.0,1483300.0,0,0,0,0,0,0,0,0,0,0,0,0,0,0,0,0,0,130,2026-02-04 02:13:35.572513
ATMN,24.43,24.47,24.6,2252600.0,1931400.0,0,0,0,0,0,0,0,0,0,0,0,0,0,0,0,0,0,130,2026-02-04 02:13:35.572513
WNTR,25.93,25.71,25.93,1265300.0,1846800.0,0,0,0,0,0,0,0,0,0,0,0,0,0,0,0,0,0,130,2026-02-04 02:13:35.572513
SPNG,25.96,25.96,26.12,1854400.0,1409800.0,0,0,0,0,0,0,0,0,0,0,0,0,0,0,0,0,0,131,2026-02-04 02:13:36.610601
SMMR,24.88,24.88,25.0,1372800.0,1815300.0,0,0,0,0,0,0,0,0,0,0,0,0,0,0,0,0,0,131,2026-02-04 02:13:36.610601
ATMN,24.6,24.41,24.6,2058500.0,1936400.0,0,0,0,0,0,0,0,0,0,0,0,0,0,0,0,0,0,131,2026-02-04 02:13:36.610601
WNTR,25.93,25.71,25.8,1503500.0,1972200.0,0,0,0,0,0,0,0,0,0,0,0,0,0,0,0,0,0,131,2026-02-04 02:13:36.610601
SPNG,26.11,25.7,26.11,1848500.0,1514800.0,0,0,0,0,0,0,0,0,0,0,0,0,0,0,0,0,0,132,2026-02-04 02:13:37.646130
SMMR,24.82,24.82,24.89,1396000.0,2018400.0,0,0,0,0,0,0,0,0,0,0,0,0,0,0,0,0,0,132,2026-02-04 02:13:37.646130
ATMN,24.16,24.16,24.51,2077500.0,2073300.0,0,0,0,0,0,0,0,0,0,0,0,0,0,0,0,0,0,132,2026-02-04 02:13:37.646130
WNTR,25.8,25.76,25.8,1503500.0,2094600.0,0,0,0,0,0,0,0,0,0,0,0,0,0,0,0,0,0,132,2026-02-04 02:13:37.646130
SPNG,26.12,25.7,26.12,1949500.0,1409800.0,0,0,0,0,0,0,0,0,0,0,0,0,0,0,0,0,0,133,2026-02-04 02:13:38.211868
SMMR,25.0,24.82,25.0,1396000.0,1901400.0,0,0,0,0,0,0,0,0,0,0,0,0,0,0,0,0,0,133,2026-02-04 02:13:38.211868
ATMN,24.16,24.42,24.51,2204200.0,2073300.0,0,0,0,0,0,0,0,0,0,0,0,0,0,0,0,0,0,133,2026-02-04 02:13:38.211868
WNTR,25.93,25.99,26.02,1616100.0,1711300.0,0,0,0,0,0,0,0,0,0,0,0,0,0,0,0,0,0,133,2026-02-04 02:13:38.211868
SPNG,25.7,25.7,26.26,2064900.0,1285300.0,0,0,0,0,0,0,0,0,0,0,0,0,0,0,0,0,0,134,2026-02-04 02:13:39.245062
SMMR,24.82,24.73,24.79,1490900.0,2143500.0,0,0,0,0,0,0,0,0,0,0,0,0,0,0,0,0,0,134,2026-02-04 02:13:39.245062
ATMN,24.42,24.16,24.27,2077500.0,2335600.0,0,0,0,0,0,0,0,0,0,0,0,0,0,0,0,0,0,134,2026-02-04 02:13:39.245062
WNTR,26.02,25.76,26.02,1503500.0,1835700.0,0,0,0,0,0,0,0,0,0,0,0,0,0,0,0,0,0,134,2026-02-04 02:13:39.245062
SPNG,25.59,25.59,26.26,1834100.0,1586600.0,0,0,0,0,0,0,0,0,0,0,0,0,0,0,0,0,0,135,2026-02-04 02:13:40.272734
SMMR,24.82,24.73,24.79,1799100.0,2143500.0,0,0,0,0,0,0,0,0,0,0,0,0,0,0,0,0,0,135,2026-02-04 02:13:40.272734
ATMN,24.27,24.26,24.27,2346700.0,2353400.0,0,0,0,0,0,0,0,0,0,0,0,0,0,0,0,0,0,135,2026-02-04 02:13:40.272734
WNTR,26.02,25.76,25.87,1503500.0,2174500.0,0,0,0,0,0,0,0,0,0,0,0,0,0,0,0,0,0,135,2026-02-04 02:13:40.272734
SPNG,25.53,25.53,26.1,1871400.0,1711200.0,0,0,0,0,0,0,0,0,0,0,0,0,0,0,0,0,0,136,2026-02-04 02:13:41.306503
SMMR,24.79,24.94,24.96,2261800.0,2021800.0,0,0,0,0,0,0,0,0,0,0,0,0,0,0,0,0,0,136,2026-02-04 02:13:41.306503
ATMN,24.41,24.26,24.35,2346700.0,2334100.0,0,0,0,0,0,0,0,0,0,0,0,0,0,0,0,0,0,136,2026-02-04 02:13:41.306503
WNTR,25.64,25.64,25.74,1173800.0,2299300.0,0,0,0,0,0,0,0,0,0,0,0,0,0,0,0,0,0,136,2026-02-04 02:13:41.306503
SPNG,25.63,25.65,26.1,1978300.0,1838200.0,0,0,0,0,0,0,0,0,0,0,0,0,0,0,0,0,0,137,2026-02-04 02:13:42.334967
SMMR,24.73,24.73,24.96,2127300.0,2021800.0,0,0,0,0,0,0,0,0,0,0,0,0,0,0,0,0,0,137,2026-02-04 02:13:42.334967
ATMN,24.41,24.26,24.35,2761900.0,2334100.0,0,0,0,0,0,0,0,0,0,0,0,0,0,0,0,0,0,137,2026-02-04 02:13:42.334967
WNTR,25.74,25.8,25.87,1427000.0,2284700.0,0,0,0,0,0,0,0,0,0,0,0,0,0,0,0,0,0,137,2026-02-04 02:13:42.334967
SPNG,25.63,25.67,25.81,2170900.0,1952800.0,0,0,0,0,0,0,0,0,0,0,0,0,0,0,0,0,0,138,2026-02-04 02:13:43.371745
SMMR,24.72,24.77,24.84,2105200.0,2117500.0,0,0,0,0,0,0,0,0,0,0,0,0,0,0,0,0,0,138,2026-02-04 02:13:43.371745
ATMN,24.6,24.44,24.6,2756100.0,2285300.0,0,0,0,0,0,0,0,0,0,0,0,0,0,0,0,0,0,138,2026-02-04 02:13:43.371745
WNTR,25.8,25.64,25.71,1295600.0,2342700.0,0,0,0,0,0,0,0,0,0,0,0,0,0,0,0,0,0,138,2026-02-04 02:13:43.371745
SPNG,25.81,26.0,26.1,2246300.0,1948800.0,0,0,0,0,0,0,0,0,0,0,0,0,0,0,0,0,0,139,2026-02-04 02:13:44.431260
SMMR,24.95,24.89,24.91,2204500.0,2147900.0,0,0,0,0,0,0,0,0,0,0,0,0,0,0,0,0,0,139,2026-02-04 02:13:44.431260
ATMN,24.26,24.26,24.6,2761900.0,2320500.0,0,0,0,0,0,0,0,0,0,0,0,0,0,0,0,0,0,139,2026-02-04 02:13:44.431260
WNTR,25.69,25.69,25.71,1542100.0,2342700.0,0,0,0,0,0,0,0,0,0,0,0,0,0,0,0,0,0,139,2026-02-04 02:13:44.431260
SPNG,25.65,25.65,26.1,2075900.0,1948800.0,0,0,0,0,0,0,0,0,0,0,0,0,0,0,0,0,0,140,2026-02-04 02:13:45.463719
SMMR,24.72,24.72,24.85,2108000.0,2181200.0,0,0,0,0,0,0,0,0,0,0,0,0,0,0,0,0,0,140,2026-02-04 02:13:45.463719
ATMN,24.26,24.57,24.6,2729600.0,2343100.0,0,0,0,0,0,0,0,0,0,0,0,0,0,0,0,0,0,140,2026-02-04 02:13:45.463719
WNTR,25.71,25.74,25.87,1535100.0,2324300.0,0,0,0,0,0,0,0,0,0,0,0,0,0,0,0,0,0,140,2026-02-04 02:13:45.463719
SPNG,26.1,25.51,26.1,1975500.0,1948800.0,0,0,0,0,0,0,0,0,0,0,0,0,0,0,0,0,0,141,2026-02-04 02:13:46.500277
SMMR,24.85,24.9,24.91,2209600.0,2179300.0,0,0,0,0,0,0,0,0,0,0,0,0,0,0,0,0,0,141,2026-02-04 02:13:46.500277
ATMN,24.61,24.29,24.39,2708400.0,2336400.0,0,0,0,0,0,0,0,0,0,0,0,0,0,0,0,0,0,141,2026-02-04 02:13:46.500277
WNTR,25.94,25.74,25.94,1647700.0,2334600.0,0,0,0,0,0,0,0,0,0,0,0,0,0,0,0,0,0,141,2026-02-04 02:13:46.500277
SPNG,26.11,25.97,25.99,2100300.0,2066200.0,0,0,0,0,0,0,0,0,0,0,0,0,0,0,0,0,0,142,2026-02-04 02:13:47.548652
SMMR,24.81,24.72,24.75,2198100.0,2205600.0,0,0,0,0,0,0,0,0,0,0,0,0,0,0,0,0,0,142,2026-02-04 02:13:47.548652
ATMN,24.61,24.29,24.39,2618200.0,2336400.0,0,0,0,0,0,0,0,0,0,0,0,0,0,0,0,0,0,142,2026-02-04 02:13:47.548652
WNTR,25.62,25.62,25.94,1403500.0,2343400.0,0,0,0,0,0,0,0,0,0,0,0,0,0,0,0,0,0,142,2026-02-04 02:13:47.548652
SPNG,25.99,25.97,25.99,2100300.0,2127000.0,0,0,0,0,0,0,0,0,0,0,0,0,0,0,0,0,0,143,2026-02-04 02:13:48.577967
SMMR,24.71,24.69,24.71,2125900.0,2219300.0,0,0,0,0,0,0,0,0,0,0,0,0,0,0,0,0,0,143,2026-02-04 02:13:48.577967
ATMN,24.43,24.44,24.61,2603400.0,2342700.0,0,0,0,0,0,0,0,0,0,0,0,0,0,0,0,0,0,143,2026-02-04 02:13:48.577967
WNTR,25.95,25.62,25.86,1534400.0,2306500.0,0,0,0,0,0,0,0,0,0,0,0,0,0,0,0,0,0,143,2026-02-04 02:13:48.577967
SPNG,25.74,25.81,25.99,2234400.0,2127000.0,0,0,0,0,0,0,0,0,0,0,0,0,0,0,0,0,0,144,2026-02-04 02:13:49.609545
SMMR,24.86,24.69,24.86,2219800.0,2181900.0,0,0,0,0,0,0,0,0,0,0,0,0,0,0,0,0,0,144,2026-02-04 02:13:49.609545
ATMN,24.61,24.62,24.63,2583200.0,2333000.0,0,0,0,0,0,0,0,0,0,0,0,0,0,0,0,0,0,144,2026-02-04 02:13:49.609545
WNTR,25.86,25.91,25.95,1654600.0,2349100.0,0,0,0,0,0,0,0,0,0,0,0,0,0,0,0,0,0,144,2026-02-04 02:13:49.609545
SPNG,25.74,25.81,25.99,2234400.0,2154700.0,0,0,0,0,0,0,0,0,0,0,0,0,0,0,0,0,0,145,2026-02-04 02:13:50.652442
SMMR,24.91,24.8,24.87,2151000.0,2181200.0,0,0,0,0,0,0,0,0,0,0,0,0,0,0,0,0,0,145,2026-02-04 02:13:50.652442
ATMN,24.44,24.44,24.63,2588300.0,2353200.0,0,0,0,0,0,0,0,0,0,0,0,0,0,0,0,0,0,145,2026-02-04 02:13:50.652442
WNTR,25.86,25.91,25.95,1654600.0,2325800.0,0,0,0,0,0,0,0,0,0,0,0,0,0,0,0,0,0,145,2026-02-04 02:13:50.652442
SPNG,25.51,25.51,26.03,2007100.0,2129900.0,0,0,0,0,0,0,0,0,0,0,0,0,0,0,0,0,0,146,2026-02-04 02:13:51.679404
SMMR,24.91,24.8,24.91,2111800.0,2179300.0,0,0,0,0,0,0,0,0,0,0,0,0,0,0,0,0,0,146,2026-02-04 02:13:51.679404
ATMN,24.63,24.31,24.54,2591900.0,2376100.0,0,0,0,0,0,0,0,0,0,0,0,0,0,0,0,0,0,146,2026-02-04 02:13:51.679404
WNTR,25.75,25.79,25.95,1773300.0,2325800.0,0,0,0,0,0,0,0,0,0,0,0,0,0,0,0,0,0,146,2026-02-04 02:13:51.679404
SPNG,25.51,25.78,26.03,2378900.0,2129900.0,0,0,0,0,0,0,0,0,0,0,0,0,0,0,0,0,0,147,2026-02-04 02:13:52.722143
SMMR,24.72,24.72,24.97,2158200.0,2103600.0,0,0,0,0,0,0,0,0,0,0,0,0,0,0,0,0,0,147,2026-02-04 02:13:52.722143
ATMN,24.26,24.26,24.54,2580800.0,2376100.0,0,0,0,0,0,0,0,0,0,0,0,0,0,0,0,0,0,147,2026-02-04 02:13:52.722143
WNTR,25.99,25.79,25.95,1871900.0,2323700.0,0,0,0,0,0,0,0,0,0,0,0,0,0,0,0,0,0,147,2026-02-04 02:13:52.722143
SPNG,25.79,25.78,25.79,2315400.0,2159400.0,0,0,0,0,0,0,0,0,0,0,0,0,0,0,0,0,0,148,2026-02-04 02:13:53.752513
SMMR,24.72,24.69,24.72,2196800.0,2124300.0,0,0,0,0,0,0,0,0,0,0,0,0,0,0,0,0,0,148,2026-02-04 02:13:53.752513
ATMN,24.55,24.26,24.55,2580800.0,2390400.0,0,0,0,0,0,0,0,0,0,0,0,0,0,0,0,0,0,148,2026-02-04 02:13:53.752513
WNTR,25.76,25.9,25.95,1736400.0,2333900.0,0,0,0,0,0,0,0,0,0,0,0,0,0,0,0,0,0,148,2026-02-04 02:13:53.752513
SPNG,25.79,26.0,26.03,2296500.0,2115800.0,0,0,0,0,0,0,0,0,0,0,0,0,0,0,0,0,0,149,2026-02-04 02:13:54.786987
SMMR,24.72,24.69,24.72,2109300.0,2124300.0,0,0,0,0,0,0,0,0,0,0,0,0,0,0,0,0,0,149,2026-02-04 02:13:54.786987
ATMN,24.25,24.25,24.55,2601400.0,2396200.0,0,0,0,0,0,0,0,0,0,0,0,0,0,0,0,0,0,149,2026-02-04 02:13:54.786987
WNTR,25.95,25.75,25.95,1736500.0,2333900.0,0,0,0,0,0,0,0,0,0,0,0,0,0,0,0,0,0,149,2026-02-04 02:13:54.786987
SPNG,25.75,25.75,25.86,2372100.0,2126400.0,0,0,0,0,0,0,0,0,0,0,0,0,0,0,0,0,0,150,2026-02-04 02:13:55.335008
SMMR,24.72,24.89,25.03,2129800.0,2106000.0,0,0,0,0,0,0,0,0,0,0,0,0,0,0,0,0,0,150,2026-02-04 02:13:55.335008
ATMN,24.26,24.25,24.26,2601400.0,2419000.0,0,0,0,0,0,0,0,0,0,0,0,0,0,0,0,0,0,150,2026-02-04 02:13:55.335008
WNTR,25.95,25.75,25.95,1736500.0,2357700.0,0,0,0,0,0,0,0,0,0,0,0,0,0,0,0,0,0,150,2026-02-04 02:13:55.335008
SPNG,25.64,25.51,25.64,2280500.0,2117800.0,0,0,0,0,0,0,0,0,0,0,0,0,0,0,0,0,0,151,2026-02-04 02:13:56.363563
SMMR,25.04,24.69,24.96,2135300.0,2073500.0,0,0,0,0,0,0,0,0,0,0,0,0,0,0,0,0,0,151,2026-02-04 02:13:56.363563
ATMN,24.16,24.16,24.55,2646600.0,2429100.0,0,0,0,0,0,0,0,0,0,0,0,0,0,0,0,0,0,151,2026-02-04 02:13:56.363563
WNTR,25.83,25.89,25.95,1983500.0,2357700.0,0,0,0,0,0,0,0,0,0,0,0,0,0,0,0,0,0,151,2026-02-04 02:13:56.363563
SPNG,26.03,25.79,25.84,2370500.0,2144700.0,0,0,0,0,0,0,0,0,0,0,0,0,0,0,0,0,0,152,2026-02-04 02:13:57.399881
SMMR,24.69,24.69,24.92,2141600.0,2077900.0,0,0,0,0,0,0,0,0,0,0,0,0,0,0,0,0,0,152,2026-02-04 02:13:57.399881
ATMN,24.16,24.16,24.25,2619800.0,2436400.0,0,0,0,0,0,0,0,0,0,0,0,0,0,0,0,0,0,152,2026-02-04 02:13:57.399881
WNTR,25.78,25.75,25.78,1856800.0,2380300.0,0,0,0,0,0,0,0,0,0,0,0,0,0,0,0,0,0,152,2026-02-04 02:13:57.399881
SPNG,25.79,25.51,25.66,2319900.0,2122600.0,0,0,0,0,0,0,0,0,0,0,0,0,0,0,0,0,0,153,2026-02-04 02:13:58.446908
SMMR,24.67,24.74,24.92,2157600.0,2077900.0,0,0,0,0,0,0,0,0,0,0,0,0,0,0,0,0,0,153,2026-02-04 02:13:58.446908
ATMN,24.25,24.31,24.55,2580400.0,2428900.0,0,0,0,0,0,0,0,0,0,0,0,0,0,0,0,0,0,153,2026-02-04 02:13:58.446908
WNTR,25.78,25.81,25.84,2099800.0,2370700.0,0,0,0,0,0,0,0,0,0,0,0,0,0,0,0,0,0,153,2026-02-04 02:13:58.446908
SPNG,26.11,25.81,26.11,2283500.0,2100300.0,0,0,0,0,0,0,0,0,0,0,0,0,0,0,0,0,0,154,2026-02-04 02:13:59.509046
SMMR,25.04,24.79,24.95,2162800.0,2082000.0,0,0,0,0,0,0,0,0,0,0,0,0,0,0,0,0,0,154,2026-02-04 02:13:59.509046
ATMN,24.57,24.31,24.57,2580400.0,2390700.0,0,0,0,0,0,0,0,0,0,0,0,0,0,0,0,0,0,154,2026-02-04 02:13:59.509046
WNTR,25.81,25.8,25.81,1988800.0,2363600.0,0,0,0,0,0,0,0,0,0,0,0,0,0,0,0,0,0,154,2026-02-04 02:13:59.509046
SPNG,25.51,25.51,26.11,2319900.0,2113700.0,0,0,0,0,0,0,0,0,0,0,0,0,0,0,0,0,0,155,2026-02-04 02:14:00.569819
SMMR,24.9,24.79,24.9,2162800.0,2111200.0,0,0,0,0,0,0,0,0,0,0,0,0,0,0,0,0,0,155,2026-02-04 02:14:00.569819
ATMN,24.12,24.12,24.49,2591700.0,2359000.0,0,0,0,0,0,0,0,0,0,0,0,0,0,0,0,0,0,155,2026-02-04 02:14:00.569819
WNTR,25.71,25.71,25.81,1855000.0,2363600.0,0,0,0,0,0,0,0,0,0,0,0,0,0,0,0,0,0,155,2026-02-04 02:14:00.569819
SPNG,26.14,25.51,26.14,2249500.0,2077600.0,0,0,0,0,0,0,0,0,0,0,0,0,0,0,0,0,0,156,2026-02-04 02:14:01.607434
SMMR,24.95,24.84,24.95,2126600.0,2082000.0,0,0,0,0,0,0,0,0,0,0,0,0,0,0,0,0,0,156,2026-02-04 02:14:01.607434
ATMN,24.12,24.12,24.49,2561600.0,2359000.0,0,0,0,0,0,0,0,0,0,0,0,0,0,0,0,0,0,156,2026-02-04 02:14:01.607434
WNTR,25.71,25.73,25.81,2187600.0,2363600.0,0,0,0,0,0,0,0,0,0,0,0,0,0,0,0,0,0,156,2026-02-04 02:14:01.607434
SPNG,26.14,25.98,26.14,2229800.0,2077600.0,0,0,0,0,0,0,0,0,0,0,0,0,0,0,0,0,0,157,2026-02-04 02:14:02.647304
SMMR,24.84,24.91,24.94,2108600.0,2101200.0,0,0,0,0,0,0,0,0,0,0,0,0,0,0,0,0,0,157,2026-02-04 02:14:02.647304
ATMN,24.11,24.11,24.13,2570400.0,2358500.0,0,0,0,0,0,0,0,0,0,0,0,0,0,0,0,0,0,157,2026-02-04 02:14:02.647304
WNTR,25.84,25.73,25.84,2275900.0,2370700.0,0,0,0,0,0,0,0,0,0,0,0,0,0,0,0,0,0,157,2026-02-04 02:14:02.647304
SPNG,25.98,25.98,26.14,2229800.0,2077800.0,0,0,0,0,0,0,0,0,0,0,0,0,0,0,0,0,0,158,2026-02-04 02:14:03.685290
SMMR,24.91,24.91,24.94,2108600.0,2126000.0,0,0,0,0,0,0,0,0,0,0,0,0,0,0,0,0,0,158,2026-02-04 02:14:03.685290
ATMN,24.49,24.51,24.61,2562500.0,2386200.0,0,0,0,0,0,0,0,0,0,0,0,0,0,0,0,0,0,158,2026-02-04 02:14:03.685290
WNTR,25.96,25.91,25.96,2269700.0,2359100.0,0,0,0,0,0,0,0,0,0,0,0,0,0,0,0,0,0,158,2026-02-04 02:14:03.685290
SPNG,25.51,25.51,25.83,2249500.0,2100600.0,0,0,0,0,0,0,0,0,0,0,0,0,0,0,0,0,0,159,2026-02-04 02:14:04.730712
SMMR,24.91,24.84,24.88,2119000.0,2170100.0,0,0,0,0,0,0,0,0,0,0,0,0,0,0,0,0,0,159,2026-02-04 02:14:04.730712
ATMN,24.49,24.51,24.61,2562500.0,2350600.0,0,0,0,0,0,0,0,0,0,0,0,0,0,0,0,0,0,159,2026-02-04 02:14:04.730712
WNTR,25.98,25.91,25.98,2299000.0,2342500.0,0,0,0,0,0,0,0,0,0,0,0,0,0,0,0,0,0,159,2026-02-04 02:14:04.730712
SPNG,25.83,25.94,26.01,2249200.0,2085500.0,0,0,0,0,0,0,0,0,0,0,0,0,0,0,0,0,0,160,2026-02-04 02:14:05.775570
SMMR,24.84,24.82,24.84,2133800.0,2195300.0,0,0,0,0,0,0,0,0,0,0,0,0,0,0,0,0,0,160,2026-02-04 02:14:05.775570
ATMN,24.1,24.1,24.28,2572700.0,2370200.0,0,0,0,0,0,0,0,0,0,0,0,0,0,0,0,0,0,160,2026-02-04 02:14:05.775570
WNTR,25.98,25.91,25.96,2296000.0,2329200.0,0,0,0,0,0,0,0,0,0,0,0,0,0,0,0,0,0,160,2026-02-04 02:14:05.775570
SPNG,25.85,25.51,25.85,2229600.0,2086600.0,0,0,0,0,0,0,0,0,0,0,0,0,0,0,0,0,0,161,2026-02-04 02:14:06.830778
SMMR,24.84,24.82,24.84,2131500.0,2254100.0,0,0,0,0,0,0,0,0,0,0,0,0,0,0,0,0,0,161,2026-02-04 02:14:06.830778
ATMN,24.1,24.13,24.28,2524800.0,2370200.0,0,0,0,0,0,0,0,0,0,0,0,0,0,0,0,0,0,161,2026-02-04 02:14:06.830778
WNTR,25.98,25.91,25.98,2296000.0,2342500.0,0,0,0,0,0,0,0,0,0,0,0,0,0,0,0,0,0,161,2026-02-04 02:14:06.830778
SPNG,26.14,25.77,26.14,2214000.0,2108000.0,0,0,0,0,0,0,0,0,0,0,0,0,0,0,0,0,0,162,2026-02-04 02:14:07.363329
SMMR,24.79,24.79,24.84,2153300.0,2242800.0,0,0,0,0,0,0,0,0,0,0,0,0,0,0,0,0,0,162,2026-02-04 02:14:07.363329
ATMN,24.1,24.1,24.61,2539700.0,2350600.0,0,0,0,0,0,0,0,0,0,0,0,0,0,0,0,0,0,162,2026-02-04 02:14:07.363329
WNTR,25.99,25.91,25.99,2297100.0,2316400.0,0,0,0,0,0,0,0,0,0,0,0,0,0,0,0,0,0,162,2026-02-04 02:14:07.363329
SPNG,25.51,25.51,26.14,2229600.0,2083600.0,0,0,0,0,0,0,0,0,0,0,0,0,0,0,0,0,0,163,2026-02-04 02:14:08.394155
SMMR,24.79,24.79,24.88,2153300.0,2208200.0,0,0,0,0,0,0,0,0,0,0,0,0,0,0,0,0,0,163,2026-02-04 02:14:08.394155
ATMN,24.1,24.42,24.47,2532200.0,2356900.0,0,0,0,0,0,0,0,0,0,0,0,0,0,0,0,0,0,163,2026-02-04 02:14:08.394155
WNTR,25.99,25.96,25.99,2329000.0,2340800.0,0,0,0,0,0,0,0,0,0,0,0,0,0,0,0,0,0,163,2026-02-04 02:14:08.394155
SPNG,25.5,25.5,25.95,2228900.0,2077500.0,0,0,0,0,0,0,0,0,0,0,0,0,0,0,0,0,0,164,2026-02-04 02:14:09.431494
SMMR,24.75,24.75,24.93,2164800.0,2213000.0,0,0,0,0,0,0,0,0,0,0,0,0,0,0,0,0,0,164,2026-02-04 02:14:09.431494
ATMN,24.1,24.34,24.47,2528700.0,2356900.0,0,0,0,0,0,0,0,0,0,0,0,0,0,0,0,0,0,164,2026-02-04 02:14:09.431494
WNTR,25.99,25.96,25.99,2317300.0,2351100.0,0,0,0,0,0,0,0,0,0,0,0,0,0,0,0,0,0,164,2026-02-04 02:14:09.431494
SPNG,25.5,25.5,25.65,2274900.0,2084600.0,0,0,0,0,0,0,0,0,0,0,0,0,0,0,0,0,0,165,2026-02-04 02:14:10.464026
SMMR,24.74,24.67,24.69,2175200.0,2250000.0,0,0,0,0,0,0,0,0,0,0,0,0,0,0,0,0,0,165,2026-02-04 02:14:10.464026
ATMN,24.1,24.1,24.37,2539700.0,2384500.0,0,0,0,0,0,0,0,0,0,0,0,0,0,0,0,0,0,165,2026-02-04 02:14:10.464026
WNTR,26.02,25.96,26.02,2317300.0,2325000.0,0,0,0,0,0,0,0,0,0,0,0,0,0,0,0,0,0,165,2026-02-04 02:14:10.464026
SPNG,25.65,25.5,25.65,2234600.0,2084600.0,0,0,0,0,0,0,0,0,0,0,0,0,0,0,0,0,0,166,2026-02-04 02:14:11.505154
SMMR,24.69,24.69,24.93,2108600.0,2232900.0,0,0,0,0,0,0,0,0,0,0,0,0,0,0,0,0,0,166,2026-02-04 02:14:11.505154
ATMN,24.1,24.1,24.27,2548000.0,2417700.0,0,0,0,0,0,0,0,0,0,0,0,0,0,0,0,0,0,166,2026-02-04 02:14:11.505154
WNTR,26.03,25.96,26.03,2309900.0,2322400.0,0,0,0,0,0,0,0,0,0,0,0,0,0,0,0,0,0,166,2026-02-04 02:14:11.505154
SPNG,25.65,25.71,25.72,2244300.0,2092800.0,0,0,0,0,0,0,0,0,0,0,0,0,0,0,0,0,0,167,2026-02-04 02:14:12.564284
SMMR,24.94,24.84,24.94,2090000.0,2210500.0,0,0,0,0,0,0,0,0,0,0,0,0,0,0,0,0,0,167,2026-02-04 02:14:12.564284
ATMN,24.37,24.07,24.37,2566600.0,2391700.0,0,0,0,0,0,0,0,0,0,0,0,0,0,0,0,0,0,167,2026-02-04 02:14:12.564284
WNTR,26.04,25.96,26.04,2309900.0,2345700.0,0,0,0,0,0,0,0,0,0,0,0,0,0,0,0,0,0,167,2026-02-04 02:14:12.564284
SPNG,25.72,25.71,25.72,2292200.0,2109200.0,0,0,0,0,0,0,0,0,0,0,0,0,0,0,0,0,0,168,2026-02-04 02:14:13.613923
SMMR,24.84,24.84,24.87,2102600.0,2206200.0,0,0,0,0,0,0,0,0,0,0,0,0,0,0,0,0,0,168,2026-02-04 02:14:13.613923
ATMN,24.47,24.07,24.47,2581900.0,2401000.0,0,0,0,0,0,0,0,0,0,0,0,0,0,0,0,0,0,168,2026-02-04 02:14:13.613923
WNTR,25.95,26.0,26.04,2265900.0,2345700.0,0,0,0,0,0,0,0,0,0,0,0,0,0,0,0,0,0,168,2026-02-04 02:14:13.613923
SPNG,26.02,25.71,26.02,2288400.0,2087800.0,0,0,0,0,0,0,0,0,0,0,0,0,0,0,0,0,0,169,2026-02-04 02:14:14.653870
SMMR,24.87,24.87,24.94,2057400.0,2210500.0,0,0,0,0,0,0,0,0,0,0,0,0,0,0,0,0,0,169,2026-02-04 02:14:14.653870
ATMN,24.47,24.07,24.47,2542600.0,2401000.0,0,0,0,0,0,0,0,0,0,0,0,0,0,0,0,0,0,169,2026-02-04 02:14:14.653870
WNTR,25.96,25.96,26.04,2297600.0,2345700.0,0,0,0,0,0,0,0,0,0,0,0,0,0,0,0,0,0,169,2026-02-04 02:14:14.653870
SPNG,26.14,25.71,26.14,2274500.0,2080400.0,0,0,0,0,0,0,0,0,0,0,0,0,0,0,0,0,0,170,2026-02-04 02:14:15.698084
SMMR,24.72,24.73,24.94,2126900.0,2207100.0,0,0,0,0,0,0,0,0,0,0,0,0,0,0,0,0,0,170,2026-02-04 02:14:15.698084
ATMN,24.52,24.34,24.52,2517000.0,2395600.0,0,0,0,0,0,0,0,0,0,0,0,0,0,0,0,0,0,170,2026-02-04 02:14:15.698084
WNTR,26.03,25.96,26.01,2290600.0,2379800.0,0,0,0,0,0,0,0,0,0,0,0,0,0,0,0,0,0,170,2026-02-04 02:14:15.698084
SPNG,25.63,25.63,26.14,2280700.0,2117100.0,0,0,0,0,0,0,0,0,0,0,0,0,0,0,0,0,0,171,2026-02-04 02:14:16.747343
SMMR,24.92,24.82,24.92,2105800.0,2226600.0,0,0,0,0,0,0,0,0,0,0,0,0,0,0,0,0,0,171,2026-02-04 02:14:16.747343
ATMN,24.34,24.07,24.3,2542600.0,2397500.0,0,0,0,0,0,0,0,0,0,0,0,0,0,0,0,0,0,171,2026-02-04 02:14:16.747343
WNTR,26.06,25.96,26.06,2264200.0,2349300.0,0,0,0,0,0,0,0,0,0,0,0,0,0,0,0,0,0,171,2026-02-04 02:14:16.747343
SPNG,25.56,25.56,25.68,2275300.0,2131200.0,0,0,0,0,0,0,0,0,0,0,0,0,0,0,0,0,0,172,2026-02-04 02:14:17.783246
SMMR,24.94,24.73,24.94,2126900.0,2235500.0,0,0,0,0,0,0,0,0,0,0,0,0,0,0,0,0,0,172,2026-02-04 02:14:17.783246
ATMN,24.07,24.07,24.52,2542600.0,2364700.0,0,0,0,0,0,0,0,0,0,0,0,0,0,0,0,0,0,172,2026-02-04 02:14:17.783246
WNTR,26.06,25.96,26.06,2264200.0,2372700.0,0,0,0,0,0,0,0,0,0,0,0,0,0,0,0,0,0,172,2026-02-04 02:14:17.783246
SPNG,25.68,25.56,25.68,2252700.0,2131200.0,0,0,0,0,0,0,0,0,0,0,0,0,0,0,0,0,0,173,2026-02-04 02:14:18.821293
SMMR,24.94,24.79,24.81,2100900.0,2208600.0,0,0,0,0,0,0,0,0,0,0,0,0,0,0,0,0,0,173,2026-02-04 02:14:18.821293
ATMN,24.07,24.15,24.22,2545500.0,2403500.0,0,0,0,0,0,0,0,0,0,0,0,0,0,0,0,0,0,173,2026-02-04 02:14:18.821293
WNTR,26.06,25.96,26.06,2257600.0,2341100.0,0,0,0,0,0,0,0,0,0,0,0,0,0,0,0,0,0,173,2026-02-04 02:14:18.821293
SPNG,26.14,25.56,26.14,2245600.0,2105100.0,0,0,0,0,0,0,0,0,0,0,0,0,0,0,0,0,0,174,2026-02-04 02:14:19.862423
SMMR,24.81,24.79,24.8,2096100.0,2231700.0,0,0,0,0,0,0,0,0,0,0,0,0,0,0,0,0,0,174,2026-02-04 02:14:19.862423
ATMN,24.07,24.15,24.19,2511000.0,2437700.0,0,0,0,0,0,0,0,0,0,0,0,0,0,0,0,0,0,174,2026-02-04 02:14:19.862423
WNTR,26.06,26.0,26.06,2230600.0,2307300.0,0,0,0,0,0,0,0,0,0,0,0,0,0,0,0,0,0,174,2026-02-04 02:14:19.862423
SPNG,25.51,25.77,26.14,2220100.0,2104000.0,0,0,0,0,0,0,0,0,0,0,0,0,0,0,0,0,0,175,2026-02-04 02:14:20.897190
SMMR,24.73,24.73,24.8,2127700.0,2231700.0,0,0,0,0,0,0,0,0,0,0,0,0,0,0,0,0,0,175,2026-02-04 02:14:20.897190
ATMN,24.22,24.15,24.22,2511000.0,2413700.0,0,0,0,0,0,0,0,0,0,0,0,0,0,0,0,0,0,175,2026-02-04 02:14:20.897190
WNTR,26.06,26.0,26.06,2256000.0,2327600.0,0,0,0,0,0,0,0,0,0,0,0,0,0,0,0,0,0,175,2026-02-04 02:14:20.897190
SPNG,25.5,25.49,25.5,2235100.0,2105700.0,0,0,0,0,0,0,0,0,0,0,0,0,0,0,0,0,0,176,2026-02-04 02:14:21.934413
SMMR,24.8,24.73,24.8,2127700.0,2219100.0,0,0,0,0,0,0,0,0,0,0,0,0,0,0,0,0,0,176,2026-02-04 02:14:21.934413
ATMN,24.22,24.15,24.17,2530300.0,2399800.0,0,0,0,0,0,0,0,0,0,0,0,0,0,0,0,0,0,176,2026-02-04 02:14:21.934413
WNTR,25.97,25.97,26.11,2251400.0,2325500.0,0,0,0,0,0,0,0,0,0,0,0,0,0,0,0,0,0,176,2026-02-04 02:14:21.934413
SPNG,25.5,25.57,26.14,2233900.0,2101700.0,0,0,0,0,0,0,0,0,0,0,0,0,0,0,0,0,0,177,2026-02-04 02:14:22.471686
SMMR,24.8,24.77,24.8,2141300.0,2207200.0,0,0,0,0,0,0,0,0,0,0,0,0,0,0,0,0,0,177,2026-02-04 02:14:22.471686
ATMN,24.22,24.15,24.22,2530300.0,2413700.0,0,0,0,0,0,0,0,0,0,0,0,0,0,0,0,0,0,177,2026-02-04 02:14:22.471686
WNTR,25.97,26.09,26.11,2275900.0,2325500.0,0,0,0,0,0,0,0,0,0,0,0,0,0,0,0,0,0,177,2026-02-04 02:14:22.471686
SPNG,25.49,25.66,26.14,2264600.0,2116600.0,0,0,0,0,0,0,0,0,0,0,0,0,0,0,0,0,0,178,2026-02-04 02:14:23.515198
SMMR,24.81,24.78,24.81,2117400.0,2179500.0,0,0,0,0,0,0,0,0,0,0,0,0,0,0,0,0,0,178,2026-02-04 02:14:23.515198
ATMN,24.47,24.15,24.17,2530300.0,2378700.0,0,0,0,0,0,0,0,0,0,0,0,0,0,0,0,0,0,178,2026-02-04 02:14:23.515198
WNTR,25.97,26.09,26.11,2308400.0,2337900.0,0,0,0,0,0,0,0,0,0,0,0,0,0,0,0,0,0,178,2026-02-04 02:14:23.515198
SPNG,25.66,25.66,25.79,2275300.0,2156000.0,0,0,0,0,0,0,0,0,0,0,0,0,0,0,0,0,0,179,2026-02-04 02:14:24.578024
SMMR,24.93,24.8,24.93,2110700.0,2224800.0,0,0,0,0,0,0,0,0,0,0,0,0,0,0,0,0,0,179,2026-02-04 02:14:24.578024
ATMN,24.17,24.37,24.52,2489400.0,2391300.0,0,0,0,0,0,0,0,0,0,0,0,0,0,0,0,0,0,179,2026-02-04 02:14:24.578024
WNTR,25.97,26.09,26.11,2344000.0,2317100.0,0,0,0,0,0,0,0,0,0,0,0,0,0,0,0,0,0,179,2026-02-04 02:14:24.578024
SPNG,25.66,25.42,0.0,200000.0,0,0,0,0,0,0,0,0,0,0,0,0,0,0,0,0,0,0,180,2026-02-04 02:14:25.632475
SMMR,24.77,25.11,0.0,200000.0,0,0,0,0,0,0,0,0,0,0,0,0,0,0,0,0,0,0,180,2026-02-04 02:14:25.632475
ATMN,24.1,24.88,0.0,200000.0,0,0,0,0,0,0,0,0,0,0,0,0,0,0,0,0,0,0,180,2026-02-04 02:14:25.632475
WNTR,26.09,25.89,0.0,200000.0,0,0,0,0,0,0,0,0,0,0,0,0,0,0,0,0,0,0,180,2026-02-04 02:14:25.632475
SPNG,25.42,24.94,25.38,1076600.0,951300.0,0,0,0,0,0,0,0,0,0,0,0,0,0,0,0,0,0,181,2026-02-04 02:14:26.671295
SMMR,25.33,25.48,25.51,988600.0,780600.0,0,0,0,0,0,0,0,0,0,0,0,0,0,0,0,0,0,181,2026-02-04 02:14:26.671295
ATMN,24.59,24.92,24.98,1134300.0,999000.0,0,0,0,0,0,0,0,0,0,0,0,0,0,0,0,0,0,181,2026-02-04 02:14:26.671295
WNTR,26.09,25.94,26.05,959600.0,1124800.0,0,0,0,0,0,0,0,0,0,0,0,0,0,0,0,0,0,181,2026-02-04 02:14:26.671295
SPNG,25.42,24.94,25.38,1431900.0,951300.0,0,0,0,0,0,0,0,0,0,0,0,0,0,0,0,0,0,182,2026-02-04 02:14:27.717847
SMMR,25.33,25.48,25.5,988600.0,1188000.0,0,0,0,0,0,0,0,0,0,0,0,0,0,0,0,0,0,182,2026-02-04 02:14:27.717847
ATMN,24.98,25.03,25.44,1368500.0,863600.0,0,0,0,0,0,0,0,0,0,0,0,0,0,0,0,0,0,182,2026-02-04 02:14:27.717847
WNTR,25.94,25.94,26.03,959600.0,1377500.0,0,0,0,0,0,0,0,0,0,0,0,0,0,0,0,0,0,182,2026-02-04 02:14:27.717847
SPNG,24.99,25.22,25.69,1643800.0,841700.0,0,0,0,0,0,0,0,0,0,0,0,0,0,0,0,0,0,183,2026-02-04 02:14:28.760251
SMMR,25.48,25.11,25.36,885500.0,1619800.0,0,0,0,0,0,0,0,0,0,0,0,0,0,0,0,0,0,183,2026-02-04 02:14:28.760251
ATMN,25.03,24.92,24.97,1380600.0,1105100.0,0,0,0,0,0,0,0,0,0,0,0,0,0,0,0,0,0,183,2026-02-04 02:14:28.760251
WNTR,25.77,25.77,26.02,1002200.0,1494400.0,0,0,0,0,0,0,0,0,0,0,0,0,0,0,0,0,0,183,2026-02-04 02:14:28.760251
SPNG,25.68,25.68,25.69,1672000.0,841700.0,0,0,0,0,0,0,0,0,0,0,0,0,0,0,0,0,0,184,2026-02-04 02:14:29.800295
SMMR,25.11,25.11,25.23,885500.0,1708900.0,0,0,0,0,0,0,0,0,0,0,0,0,0,0,0,0,0,184,2026-02-04 02:14:29.800295
ATMN,24.9,24.9,24.97,1482300.0,1105100.0,0,0,0,0,0,0,0,0,0,0,0,0,0,0,0,0,0,184,2026-02-04 02:14:29.800295
WNTR,25.77,25.77,25.84,1219600.0,1701900.0,0,0,0,0,0,0,0,0,0,0,0,0,0,0,0,0,0,184,2026-02-04 02:14:29.800295
SPNG,25.68,25.68,25.69,1672000.0,1174400.0,0,0,0,0,0,0,0,0,0,0,0,0,0,0,0,0,0,185,2026-02-04 02:14:30.840193
SMMR,25.11,25.11,25.23,1089400.0,1954700.0,0,0,0,0,0,0,0,0,0,0,0,0,0,0,0,0,0,185,2026-02-04 02:14:30.840193
ATMN,24.9,24.9,24.97,1595000.0,1105100.0,0,0,0,0,0,0,0,0,0,0,0,0,0,0,0,0,0,185,2026-02-04 02:14:30.840193
WNTR,25.77,25.77,25.84,1478300.0,1836800.0,0,0,0,0,0,0,0,0,0,0,0,0,0,0,0,0,0,185,2026-02-04 02:14:30.840193
SPNG,25.04,25.54,25.69,1651200.0,1285200.0,0,0,0,0,0,0,0,0,0,0,0,0,0,0,0,0,0,186,2026-02-04 02:14:31.875612
SMMR,25.11,25.11,25.23,989400.0,2104100.0,0,0,0,0,0,0,0,0,0,0,0,0,0,0,0,0,0,186,2026-02-04 02:14:31.875612
ATMN,24.85,24.85,24.97,1475200.0,1306200.0,0,0,0,0,0,0,0,0,0,0,0,0,0,0,0,0,0,186,2026-02-04 02:14:31.875612
WNTR,25.71,25.71,25.84,1556200.0,1836800.0,0,0,0,0,0,0,0,0,0,0,0,0,0,0,0,0,0,186,2026-02-04 02:14:31.875612
SPNG,25.54,24.94,25.41,1922300.0,1409300.0,0,0,0,0,0,0,0,0,0,0,0,0,0,0,0,0,0,187,2026-02-04 02:14:32.920086
SMMR,25.11,25.11,25.22,1227700.0,2127900.0,0,0,0,0,0,0,0,0,0,0,0,0,0,0,0,0,0,187,2026-02-04 02:14:32.920086
ATMN,24.97,24.99,25.18,1638100.0,1180100.0,0,0,0,0,0,0,0,0,0,0,0,0,0,0,0,0,0,187,2026-02-04 02:14:32.920086
WNTR,25.84,25.85,25.87,1910100.0,1743000.0,0,0,0,0,0,0,0,0,0,0,0,0,0,0,0,0,0,187,2026-02-04 02:14:32.920086
SPNG,25.41,25.57,25.69,2169900.0,1285200.0,0,0,0,0,0,0,0,0,0,0,0,0,0,0,0,0,0,188,2026-02-04 02:14:33.967821
SMMR,25.09,25.01,25.07,1024800.0,2149400.0,0,0,0,0,0,0,0,0,0,0,0,0,0,0,0,0,0,188,2026-02-04 02:14:33.967821
ATMN,24.57,24.57,25.18,1501500.0,1413600.0,0,0,0,0,0,0,0,0,0,0,0,0,0,0,0,0,0,188,2026-02-04 02:14:33.967821
WNTR,25.85,25.83,25.85,1797600.0,2000300.0,0,0,0,0,0,0,0,0,0,0,0,0,0,0,0,0,0,188,2026-02-04 02:14:33.967821
SPNG,25.57,25.26,25.54,2380800.0,1398100.0,0,0,0,0,0,0,0,0,0,0,0,0,0,0,0,0,0,189,2026-02-04 02:14:35.013849
SMMR,25.12,25.01,25.12,1248400.0,2131100.0,0,0,0,0,0,0,0,0,0,0,0,0,0,0,0,0,0,189,2026-02-04 02:14:35.013849
ATMN,25.18,24.57,24.87,1501500.0,1548000.0,0,0,0,0,0,0,0,0,0,0,0,0,0,0,0,0,0,189,2026-02-04 02:14:35.013849
WNTR,25.87,25.95,25.97,1987200.0,1742300.0,0,0,0,0,0,0,0,0,0,0,0,0,0,0,0,0,0,189,2026-02-04 02:14:35.013849
SPNG,25.26,25.26,25.54,2380800.0,1398100.0,0,0,0,0,0,0,0,0,0,0,0,0,0,0,0,0,0,190,2026-02-04 02:14:35.558759
SMMR,25.19,25.01,25.19,1360300.0,2126100.0,0,0,0,0,0,0,0,0,0,0,0,0,0,0,0,0,0,190,2026-02-04 02:14:35.558759
ATMN,24.87,24.91,25.18,1768800.0,1413600.0,0,0,0,0,0,0,0,0,0,0,0,0,0,0,0,0,0,190,2026-02-04 02:14:35.558759
WNTR,25.97,25.83,25.97,1891000.0,1742300.0,0,0,0,0,0,0,0,0,0,0,0,0,0,0,0,0,0,190,2026-02-04 02:14:35.558759
SPNG,25.44,25.46,25.54,2351500.0,1493900.0,0,0,0,0,0,0,0,0,0,0,0,0,0,0,0,0,0,191,2026-02-04 02:14:36.599606
SMMR,25.14,25.01,25.14,1360300.0,2116300.0,0,0,0,0,0,0,0,0,0,0,0,0,0,0,0,0,0,191,2026-02-04 02:14:36.599606
ATMN,24.91,24.68,24.79,1861300.0,1527300.0,0,0,0,0,0,0,0,0,0,0,0,0,0,0,0,0,0,191,2026-02-04 02:14:36.599606
WNTR,25.89,25.83,25.89,1891000.0,1966200.0,0,0,0,0,0,0,0,0,0,0,0,0,0,0,0,0,0,191,2026-02-04 02:14:36.599606
SPNG,25.2,25.2,25.69,2407000.0,1381000.0,0,0,0,0,0,0,0,0,0,0,0,0,0,0,0,0,0,192,2026-02-04 02:14:37.642580
SMMR,25.19,25.01,25.19,1259300.0,2126100.0,0,0,0,0,0,0,0,0,0,0,0,0,0,0,0,0,0,192,2026-02-04 02:14:37.642580
ATMN,25.18,25.2,25.31,2083000.0,1309400.0,0,0,0,0,0,0,0,0,0,0,0,0,0,0,0,0,0,192,2026-02-04 02:14:37.642580
WNTR,25.94,25.74,25.94,1886400.0,1846000.0,0,0,0,0,0,0,0,0,0,0,0,0,0,0,0,0,0,192,2026-02-04 02:14:37.642580
SPNG,25.2,25.2,25.45,2407000.0,1694100.0,0,0,0,0,0,0,0,0,0,0,0,0,0,0,0,0,0,193,2026-02-04 02:14:38.704801
SMMR,25.22,25.04,25.05,1366500.0,2147700.0,0,0,0,0,0,0,0,0,0,0,0,0,0,0,0,0,0,193,2026-02-04 02:14:38.704801
ATMN,25.31,24.68,25.3,1861300.0,1443300.0,0,0,0,0,0,0,0,0,0,0,0,0,0,0,0,0,0,193,2026-02-04 02:14:38.704801
WNTR,25.97,26.0,26.02,2246700.0,1608100.0,0,0,0,0,0,0,0,0,0,0,0,0,0,0,0,0,0,193,2026-02-04 02:14:38.704801
SPNG,25.45,25.2,25.45,2403000.0,1694100.0,0,0,0,0,0,0,0,0,0,0,0,0,0,0,0,0,0,194,2026-02-04 02:14:39.776671
SMMR,25.22,25.04,25.05,1693300.0,2147700.0,0,0,0,0,0,0,0,0,0,0,0,0,0,0,0,0,0,194,2026-02-04 02:14:39.776671
ATMN,25.31,24.68,24.86,2125600.0,1676800.0,0,0,0,0,0,0,0,0,0,0,0,0,0,0,0,0,0,194,2026-02-04 02:14:39.776671
WNTR,26.0,25.8,25.98,2389100.0,1831200.0,0,0,0,0,0,0,0,0,0,0,0,0,0,0,0,0,0,194,2026-02-04 02:14:39.776671
SPNG,25.56,25.36,25.56,2358700.0,1666100.0,0,0,0,0,0,0,0,0,0,0,0,0,0,0,0,0,0,195,2026-02-04 02:14:40.864769
SMMR,25.02,25.04,25.05,1935900.0,2147700.0,0,0,0,0,0,0,0,0,0,0,0,0,0,0,0,0,0,195,2026-02-04 02:14:40.864769
ATMN,24.69,24.69,24.86,2125600.0,1676800.0,0,0,0,0,0,0,0,0,0,0,0,0,0,0,0,0,0,195,2026-02-04 02:14:40.864769
WNTR,26.0,25.92,25.93,2349000.0,1966400.0,0,0,0,0,0,0,0,0,0,0,0,0,0,0,0,0,0,195,2026-02-04 02:14:40.864769
SPNG,25.47,25.47,25.56,2343300.0,1784900.0,0,0,0,0,0,0,0,0,0,0,0,0,0,0,0,0,0,196,2026-02-04 02:14:41.903877
SMMR,25.05,25.19,25.22,2024800.0,2132300.0,0,0,0,0,0,0,0,0,0,0,0,0,0,0,0,0,0,196,2026-02-04 02:14:41.903877
ATMN,25.04,24.69,25.04,2125600.0,1551700.0,0,0,0,0,0,0,0,0,0,0,0,0,0,0,0,0,0,196,2026-02-04 02:14:41.903877
WNTR,25.8,25.8,25.93,2309100.0,1966400.0,0,0,0,0,0,0,0,0,0,0,0,0,0,0,0,0,0,196,2026-02-04 02:14:41.903877
SPNG,25.36,25.36,25.56,2346000.0,1995900.0,0,0,0,0,0,0,0,0,0,0,0,0,0,0,0,0,0,197,2026-02-04 02:14:42.945875
SMMR,25.23,25.19,25.23,2235000.0,2106800.0,0,0,0,0,0,0,0,0,0,0,0,0,0,0,0,0,0,197,2026-02-04 02:14:42.945875
ATMN,25.04,24.69,25.0,2277700.0,1787200.0,0,0,0,0,0,0,0,0,0,0,0,0,0,0,0,0,0,197,2026-02-04 02:14:42.945875
WNTR,26.03,25.8,26.03,2292400.0,1613400.0,0,0,0,0,0,0,0,0,0,0,0,0,0,0,0,0,0,197,2026-02-04 02:14:42.945875
SPNG,25.05,25.05,25.62,2380800.0,1895300.0,0,0,0,0,0,0,0,0,0,0,0,0,0,0,0,0,0,198,2026-02-04 02:14:43.991168
SMMR,25.23,25.19,25.23,2205500.0,2114900.0,0,0,0,0,0,0,0,0,0,0,0,0,0,0,0,0,0,198,2026-02-04 02:14:43.991168
ATMN,25.0,24.69,25.0,2389200.0,1987200.0,0,0,0,0,0,0,0,0,0,0,0,0,0,0,0,0,0,198,2026-02-04 02:14:43.991168
WNTR,26.03,25.79,26.03,2286300.0,1477200.0,0,0,0,0,0,0,0,0,0,0,0,0,0,0,0,0,0,198,2026-02-04 02:14:43.991168
SPNG,25.77,25.21,25.77,2356700.0,1799000.0,0,0,0,0,0,0,0,0,0,0,0,0,0,0,0,0,0,199,2026-02-04 02:14:45.036491
SMMR,25.18,25.18,25.28,2210100.0,2107800.0,0,0,0,0,0,0,0,0,0,0,0,0,0,0,0,0,0,199,2026-02-04 02:14:45.036491
ATMN,24.91,24.91,25.04,2502000.0,1872300.0,0,0,0,0,0,0,0,0,0,0,0,0,0,0,0,0,0,199,2026-02-04 02:14:45.036491
WNTR,25.78,25.78,26.03,2300600.0,1477200.0,0,0,0,0,0,0,0,0,0,0,0,0,0,0,0,0,0,199,2026-02-04 02:14:45.036491
SPNG,25.77,25.62,25.7,2350400.0,2051200.0,0,0,0,0,0,0,0,0,0,0,0,0,0,0,0,0,0,200,2026-02-04 02:14:46.075694
SMMR,25.13,25.13,25.16,2215400.0,2112000.0,0,0,0,0,0,0,0,0,0,0,0,0,0,0,0,0,0,200,2026-02-04 02:14:46.075694
ATMN,25.06,24.69,25.06,2389200.0,1860500.0,0,0,0,0,0,0,0,0,0,0,0,0,0,0,0,0,0,200,2026-02-04 02:14:46.075694
WNTR,26.04,26.02,26.04,2273400.0,1360700.0,0,0,0,0,0,0,0,0,0,0,0,0,0,0,0,0,0,200,2026-02-04 02:14:46.075694
SPNG,25.77,25.62,25.67,2350400.0,2090600.0,0,0,0,0,0,0,0,0,0,0,0,0,0,0,0,0,0,201,2026-02-04 02:14:46.638669
SMMR,25.13,25.13,25.16,2237500.0,2108000.0,0,0,0,0,0,0,0,0,0,0,0,0,0,0,0,0,0,201,2026-02-04 02:14:46.638669
ATMN,24.82,24.88,25.06,2510100.0,1860500.0,0,0,0,0,0,0,0,0,0,0,0,0,0,0,0,0,0,201,2026-02-04 02:14:46.638669
WNTR,26.02,25.78,25.92,2290000.0,1491300.0,0,0,0,0,0,0,0,0,0,0,0,0,0,0,0,0,0,201,2026-02-04 02:14:46.638669
SPNG,25.77,25.62,25.65,2350400.0,2204200.0,0,0,0,0,0,0,0,0,0,0,0,0,0,0,0,0,0,202,2026-02-04 02:14:47.673417
SMMR,25.18,25.18,25.19,2252300.0,2077500.0,0,0,0,0,0,0,0,0,0,0,0,0,0,0,0,0,0,202,2026-02-04 02:14:47.673417
ATMN,24.68,24.71,25.06,2481700.0,1860500.0,0,0,0,0,0,0,0,0,0,0,0,0,0,0,0,0,0,202,2026-02-04 02:14:47.673417
WNTR,26.02,25.87,25.92,2248500.0,1491300.0,0,0,0,0,0,0,0,0,0,0,0,0,0,0,0,0,0,202,2026-02-04 02:14:47.673417
SPNG,25.21,25.21,25.5,2356700.0,2242600.0,0,0,0,0,0,0,0,0,0,0,0,0,0,0,0,0,0,203,2026-02-04 02:14:48.717485
SMMR,25.1,25.1,25.24,2246800.0,2084600.0,0,0,0,0,0,0,0,0,0,0,0,0,0,0,0,0,0,203,2026-02-04 02:14:48.717485
ATMN,25.06,25.22,25.23,2449100.0,1884000.0,0,0,0,0,0,0,0,0,0,0,0,0,0,0,0,0,0,203,2026-02-04 02:14:48.717485
WNTR,26.02,25.87,25.92,2234600.0,1491300.0,0,0,0,0,0,0,0,0,0,0,0,0,0,0,0,0,0,203,2026-02-04 02:14:48.717485
SPNG,25.05,25.05,25.33,2347600.0,2243200.0,0,0,0,0,0,0,0,0,0,0,0,0,0,0,0,0,0,204,2026-02-04 02:14:49.789145
SMMR,25.1,25.1,25.24,2234300.0,2072200.0,0,0,0,0,0,0,0,0,0,0,0,0,0,0,0,0,0,204,2026-02-04 02:14:49.789145
ATMN,24.68,24.68,24.93,2521500.0,2018300.0,0,0,0,0,0,0,0,0,0,0,0,0,0,0,0,0,0,204,2026-02-04 02:14:49.789145
WNTR,25.96,25.9,25.96,2211100.0,1470000.0,0,0,0,0,0,0,0,0,0,0,0,0,0,0,0,0,0,204,2026-02-04 02:14:49.789145
SPNG,25.05,25.19,25.33,2311000.0,2243200.0,0,0,0,0,0,0,0,0,0,0,0,0,0,0,0,0,0,205,2026-02-04 02:14:50.848663
SMMR,25.1,25.13,25.24,2224200.0,2126600.0,0,0,0,0,0,0,0,0,0,0,0,0,0,0,0,0,0,205,2026-02-04 02:14:50.848663
ATMN,24.96,24.68,24.93,2521500.0,2008300.0,0,0,0,0,0,0,0,0,0,0,0,0,0,0,0,0,0,205,2026-02-04 02:14:50.848663
WNTR,26.05,25.99,26.05,2219100.0,1343300.0,0,0,0,0,0,0,0,0,0,0,0,0,0,0,0,0,0,205,2026-02-04 02:14:50.848663
SPNG,25.14,25.05,25.14,2331800.0,2282200.0,0,0,0,0,0,0,0,0,0,0,0,0,0,0,0,0,0,206,2026-02-04 02:14:51.902566
SMMR,25.09,25.09,25.24,2221700.0,2126600.0,0,0,0,0,0,0,0,0,0,0,0,0,0,0,0,0,0,206,2026-02-04 02:14:51.902566
ATMN,25.23,24.89,25.23,2521500.0,2002000.0,0,0,0,0,0,0,0,0,0,0,0,0,0,0,0,0,0,206,2026-02-04 02:14:51.902566
WNTR,26.05,25.99,26.04,2218000.0,1470600.0,0,0,0,0,0,0,0,0,0,0,0,0,0,0,0,0,0,206,2026-02-04 02:14:51.902566
SPNG,25.65,25.32,25.36,2351200.0,2222000.0,0,0,0,0,0,0,0,0,0,0,0,0,0,0,0,0,0,207,2026-02-04 02:14:52.960219
SMMR,25.22,25.1,25.16,2249700.0,2135700.0,0,0,0,0,0,0,0,0,0,0,0,0,0,0,0,0,0,207,2026-02-04 02:14:52.960219
ATMN,24.89,24.89,25.23,2521500.0,2106700.0,0,0,0,0,0,0,0,0,0,0,0,0,0,0,0,0,0,207,2026-02-04 02:14:52.960219
WNTR,26.04,25.92,26.04,2241300.0,1558200.0,0,0,0,0,0,0,0,0,0,0,0,0,0,0,0,0,0,207,2026-02-04 02:14:52.960219
SPNG,25.48,25.32,25.48,2351200.0,2232300.0,0,0,0,0,0,0,0,0,0,0,0,0,0,0,0,0,0,208,2026-02-04 02:14:53.992333
SMMR,25.24,25.23,25.24,2201800.0,2126600.0,0,0,0,0,0,0,0,0,0,0,0,0,0,0,0,0,0,208,2026-02-04 02:14:53.992333
ATMN,25.23,25.25,25.3,2503800.0,2115500.0,0,0,0,0,0,0,0,0,0,0,0,0,0,0,0,0,0,208,2026-02-04 02:14:53.992333
WNTR,25.92,25.92,26.04,2241300.0,1651200.0,0,0,0,0,0,0,0,0,0,0,0,0,0,0,0,0,0,208,2026-02-04 02:14:53.992333
SPNG,25.32,25.32,25.48,2351200.0,2262000.0,0,0,0,0,0,0,0,0,0,0,0,0,0,0,0,0,0,209,2026-02-04 02:14:55.038876
SMMR,25.23,25.1,25.17,2225400.0,2113300.0,0,0,0,0,0,0,0,0,0,0,0,0,0,0,0,0,0,209,2026-02-04 02:14:55.038876
ATMN,25.23,25.25,25.3,2503800.0,2209200.0,0,0,0,0,0,0,0,0,0,0,0,0,0,0,0,0,0,209,2026-02-04 02:14:55.038876
WNTR,25.92,25.92,26.0,2219400.0,1874900.0,0,0,0,0,0,0,0,0,0,0,0,0,0,0,0,0,0,209,2026-02-04 02:14:55.038876
SPNG,25.32,25.05,25.12,2343300.0,2261300.0,0,0,0,0,0,0,0,0,0,0,0,0,0,0,0,0,0,210,2026-02-04 02:14:56.069174
SMMR,25.21,25.1,25.21,2238200.0,2127000.0,0,0,0,0,0,0,0,0,0,0,0,0,0,0,0,0,0,210,2026-02-04 02:14:56.069174
ATMN,25.23,25.25,25.3,2503800.0,2277300.0,0,0,0,0,0,0,0,0,0,0,0,0,0,0,0,0,0,210,2026-02-04 02:14:56.069174
WNTR,26.0,25.92,26.0,2219400.0,1968600.0,0,0,0,0,0,0,0,0,0,0,0,0,0,0,0,0,0,210,2026-02-04 02:14:56.069174
SPNG,25.32,25.05,25.12,2330200.0,2261300.0,0,0,0,0,0,0,0,0,0,0,0,0,0,0,0,0,0,211,2026-02-04 02:14:57.103520
SMMR,25.09,25.09,25.13,2241300.0,2111600.0,0,0,0,0,0,0,0,0,0,0,0,0,0,0,0,0,0,211,2026-02-04 02:14:57.103520
ATMN,25.25,24.89,24.95,2507100.0,2327100.0,0,0,0,0,0,0,0,0,0,0,0,0,0,0,0,0,0,211,2026-02-04 02:14:57.103520
WNTR,25.9,25.9,26.08,2190300.0,1616700.0,0,0,0,0,0,0,0,0,0,0,0,0,0,0,0,0,0,211,2026-02-04 02:14:57.103520
SPNG,25.12,25.17,25.48,2307600.0,2279700.0,0,0,0,0,0,0,0,0,0,0,0,0,0,0,0,0,0,212,2026-02-04 02:14:57.635910
SMMR,25.08,25.08,25.13,2214200.0,2126100.0,0,0,0,0,0,0,0,0,0,0,0,0,0,0,0,0,0,212,2026-02-04 02:14:57.635910
ATMN,24.95,25.22,25.3,2431900.0,2289700.0,0,0,0,0,0,0,0,0,0,0,0,0,0,0,0,0,0,212,2026-02-04 02:14:57.635910
WNTR,25.87,25.87,25.98,2221700.0,1711700.0,0,0,0,0,0,0,0,0,0,0,0,0,0,0,0,0,0,212,2026-02-04 02:14:57.635910
SPNG,25.17,25.17,25.48,2324600.0,2279700.0,0,0,0,0,0,0,0,0,0,0,0,0,0,0,0,0,0,213,2026-02-04 02:14:58.672473
SMMR,25.13,25.14,25.24,2165300.0,2133000.0,0,0,0,0,0,0,0,0,0,0,0,0,0,0,0,0,0,213,2026-02-04 02:14:58.672473
ATMN,25.3,24.89,25.3,2507100.0,2289700.0,0,0,0,0,0,0,0,0,0,0,0,0,0,0,0,0,0,213,2026-02-04 02:14:58.672473
WNTR,25.98,25.89,25.98,2226900.0,1711700.0,0,0,0,0,0,0,0,0,0,0,0,0,0,0,0,0,0,213,2026-02-04 02:14:58.672473
SPNG,25.05,25.05,25.48,2293600.0,2279700.0,0,0,0,0,0,0,0,0,0,0,0,0,0,0,0,0,0,214,2026-02-04 02:14:59.700028
SMMR,25.2,25.2,25.26,2162400.0,2125200.0,0,0,0,0,0,0,0,0,0,0,0,0,0,0,0,0,0,214,2026-02-04 02:14:59.700028
ATMN,25.05,24.89,25.05,2507100.0,2324800.0,0,0,0,0,0,0,0,0,0,0,0,0,0,0,0,0,0,214,2026-02-04 02:14:59.700028
WNTR,25.98,25.96,25.98,2252500.0,1711700.0,0,0,0,0,0,0,0,0,0,0,0,0,0,0,0,0,0,214,2026-02-04 02:14:59.700028
SPNG,25.57,25.05,25.57,2293600.0,2267100.0,0,0,0,0,0,0,0,0,0,0,0,0,0,0,0,0,0,215,2026-02-04 02:15:00.734572
SMMR,25.16,25.21,25.26,2130500.0,2125200.0,0,0,0,0,0,0,0,0,0,0,0,0,0,0,0,0,0,215,2026-02-04 02:15:00.734572
ATMN,25.18,24.89,25.09,2507100.0,2318100.0,0,0,0,0,0,0,0,0,0,0,0,0,0,0,0,0,0,215,2026-02-04 02:15:00.734572
WNTR,25.98,26.05,26.08,2248800.0,1821200.0,0,0,0,0,0,0,0,0,0,0,0,0,0,0,0,0,0,215,2026-02-04 02:15:00.734572
SPNG,25.57,25.37,25.57,2271800.0,2286100.0,0,0,0,0,0,0,0,0,0,0,0,0,0,0,0,0,0,216,2026-02-04 02:15:01.762382
SMMR,25.26,25.21,25.26,2138300.0,2104500.0,0,0,0,0,0,0,0,0,0,0,0,0,0,0,0,0,0,216,2026-02-04 02:15:01.762382
ATMN,25.09,24.89,25.04,2485600.0,2345800.0,0,0,0,0,0,0,0,0,0,0,0,0,0,0,0,0,0,216,2026-02-04 02:15:01.762382
WNTR,26.12,25.96,26.12,2254500.0,1699700.0,0,0,0,0,0,0,0,0,0,0,0,0,0,0,0,0,0,216,2026-02-04 02:15:01.762382
SPNG,25.37,25.37,25.57,2271800.0,2253000.0,0,0,0,0,0,0,0,0,0,0,0,0,0,0,0,0,0,217,2026-02-04 02:15:02.797207
SMMR,25.21,25.14,25.15,2146800.0,2078900.0,0,0,0,0,0,0,0,0,0,0,0,0,0,0,0,0,0,217,2026-02-04 02:15:02.797207
ATMN,24.89,24.89,25.04,2483100.0,2345800.0,0,0,0,0,0,0,0,0,0,0,0,0,0,0,0,0,0,217,2026-02-04 02:15:02.797207
WNTR,25.89,25.89,26.1,2260500.0,1920300.0,0,0,0,0,0,0,0,0,0,0,0,0,0,0,0,0,0,217,2026-02-04 02:15:02.797207
SPNG,25.27,25.05,25.27,2279600.0,2278500.0,0,0,0,0,0,0,0,0,0,0,0,0,0,0,0,0,0,218,2026-02-04 02:15:03.852064
SMMR,25.26,25.26,25.28,2139400.0,2101200.0,0,0,0,0,0,0,0,0,0,0,0,0,0,0,0,0,0,218,2026-02-04 02:15:03.852064
ATMN,25.04,24.96,25.04,2419500.0,2345800.0,0,0,0,0,0,0,0,0,0,0,0,0,0,0,0,0,0,218,2026-02-04 02:15:03.852064
WNTR,25.89,25.94,26.1,2211600.0,1920300.0,0,0,0,0,0,0,0,0,0,0,0,0,0,0,0,0,0,218,2026-02-04 02:15:03.852064
SPNG,25.27,25.17,25.27,2308500.0,2278500.0,0,0,0,0,0,0,0,0,0,0,0,0,0,0,0,0,0,219,2026-02-04 02:15:04.914768
SMMR,25.28,25.26,25.28,2139400.0,2081200.0,0,0,0,0,0,0,0,0,0,0,0,0,0,0,0,0,0,219,2026-02-04 02:15:04.914768
ATMN,25.03,24.96,25.03,2419500.0,2327000.0,0,0,0,0,0,0,0,0,0,0,0,0,0,0,0,0,0,219,2026-02-04 02:15:04.914768
WNTR,25.89,25.97,26.08,2153400.0,2023400.0,0,0,0,0,0,0,0,0,0,0,0,0,0,0,0,0,0,219,2026-02-04 02:15:04.914768
SPNG,25.61,25.05,25.61,2277800.0,2244900.0,0,0,0,0,0,0,0,0,0,0,0,0,0,0,0,0,0,220,2026-02-04 02:15:05.950806
SMMR,25.26,25.13,25.26,2165100.0,2067900.0,0,0,0,0,0,0,0,0,0,0,0,0,0,0,0,0,0,220,2026-02-04 02:15:05.950806
ATMN,25.03,24.96,25.03,2419500.0,2399500.0,0,0,0,0,0,0,0,0,0,0,0,0,0,0,0,0,0,220,2026-02-04 02:15:05.950806
WNTR,26.1,25.97,26.1,2172500.0,2040600.0,0,0,0,0,0,0,0,0,0,0,0,0,0,0,0,0,0,220,2026-02-04 02:15:05.950806
SPNG,25.03,25.03,25.49,2271600.0,2228500.0,0,0,0,0,0,0,0,0,0,0,0,0,0,0,0,0,0,221,2026-02-04 02:15:06.989739
SMMR,25.28,25.13,25.17,2160400.0,2100200.0,0,0,0,0,0,0,0,0,0,0,0,0,0,0,0,0,0,221,2026-02-04 02:15:06.989739
ATMN,25.03,25.08,25.09,2430800.0,2388900.0,0,0,0,0,0,0,0,0,0,0,0,0,0,0,0,0,0,221,2026-02-04 02:15:06.989739
WNTR,26.12,25.94,26.12,2183800.0,1936900.0,0,0,0,0,0,0,0,0,0,0,0,0,0,0,0,0,0,221,2026-02-04 02:15:06.989739
SPNG,25.0,25.0,25.04,2264100.0,2228800.0,0,0,0,0,0,0,0,0,0,0,0,0,0,0,0,0,0,222,2026-02-04 02:15:08.034053
SMMR,25.17,25.17,25.28,2160200.0,2081400.0,0,0,0,0,0,0,0,0,0,0,0,0,0,0,0,0,0,222,2026-02-04 02:15:08.034053
ATMN,24.96,24.96,25.09,2427700.0,2370500.0,0,0,0,0,0,0,0,0,0,0,0,0,0,0,0,0,0,222,2026-02-04 02:15:08.034053
WNTR,25.94,25.94,26.03,2208200.0,2036300.0,0,0,0,0,0,0,0,0,0,0,0,0,0,0,0,0,0,222,2026-02-04 02:15:08.034053
SPNG,25.49,25.0,25.25,2264100.0,2249600.0,0,0,0,0,0,0,0,0,0,0,0,0,0,0,0,0,0,223,2026-02-04 02:15:09.087990
SMMR,25.13,25.1,25.13,2152900.0,2080900.0,0,0,0,0,0,0,0,0,0,0,0,0,0,0,0,0,0,223,2026-02-04 02:15:09.087990
ATMN,25.1,25.1,25.18,2412700.0,2371200.0,0,0,0,0,0,0,0,0,0,0,0,0,0,0,0,0,0,223,2026-02-04 02:15:09.087990
WNTR,26.09,25.94,26.03,2208200.0,2162600.0,0,0,0,0,0,0,0,0,0,0,0,0,0,0,0,0,0,223,2026-02-04 02:15:09.087990
SPNG,25.25,25.42,25.61,2249400.0,2243300.0,0,0,0,0,0,0,0,0,0,0,0,0,0,0,0,0,0,224,2026-02-04 02:15:10.168947
SMMR,25.13,25.25,25.28,2114100.0,2087500.0,0,0,0,0,0,0,0,0,0,0,0,0,0,0,0,0,0,224,2026-02-04 02:15:10.168947
ATMN,25.19,24.89,25.19,2415100.0,2371400.0,0,0,0,0,0,0,0,0,0,0,0,0,0,0,0,0,0,224,2026-02-04 02:15:10.168947
WNTR,26.03,26.08,26.1,2228500.0,2054200.0,0,0,0,0,0,0,0,0,0,0,0,0,0,0,0,0,0,224,2026-02-04 02:15:10.168947
SPNG,25.25,25.42,25.47,2249400.0,2251100.0,0,0,0,0,0,0,0,0,0,0,0,0,0,0,0,0,0,225,2026-02-04 02:15:10.708628
SMMR,25.25,25.1,25.24,2122700.0,2073600.0,0,0,0,0,0,0,0,0,0,0,0,0,0,0,0,0,0,225,2026-02-04 02:15:10.708628
ATMN,24.83,24.83,24.91,2389700.0,2379800.0,0,0,0,0,0,0,0,0,0,0,0,0,0,0,0,0,0,225,2026-02-04 02:15:10.708628
WNTR,26.07,26.02,26.07,2211500.0,2218700.0,0,0,0,0,0,0,0,0,0,0,0,0,0,0,0,0,0,225,2026-02-04 02:15:10.708628
SPNG,25.44,25.44,25.47,2281400.0,2251100.0,0,0,0,0,0,0,0,0,0,0,0,0,0,0,0,0,0,226,2026-02-04 02:15:11.746585
SMMR,25.24,25.25,25.28,2137200.0,2061900.0,0,0,0,0,0,0,0,0,0,0,0,0,0,0,0,0,0,226,2026-02-04 02:15:11.746585
ATMN,25.19,24.83,25.19,2413200.0,2388000.0,0,0,0,0,0,0,0,0,0,0,0,0,0,0,0,0,0,226,2026-02-04 02:15:11.746585
WNTR,26.1,26.02,26.1,2211500.0,2216700.0,0,0,0,0,0,0,0,0,0,0,0,0,0,0,0,0,0,226,2026-02-04 02:15:11.746585
SPNG,25.44,25.03,25.34,2257500.0,2217600.0,0,0,0,0,0,0,0,0,0,0,0,0,0,0,0,0,0,227,2026-02-04 02:15:12.780447
SMMR,25.3,25.1,25.17,2113100.0,2077000.0,0,0,0,0,0,0,0,0,0,0,0,0,0,0,0,0,0,227,2026-02-04 02:15:12.780447
ATMN,25.11,24.83,24.85,2413200.0,2386400.0,0,0,0,0,0,0,0,0,0,0,0,0,0,0,0,0,0,227,2026-02-04 02:15:12.780447
WNTR,25.94,25.89,25.94,2201100.0,2232300.0,0,0,0,0,0,0,0,0,0,0,0,0,0,0,0,0,0,227,2026-02-04 02:15:12.780447
SPNG,25.47,25.53,25.61,2284600.0,2275200.0,0,0,0,0,0,0,0,0,0,0,0,0,0,0,0,0,0,228,2026-02-04 02:15:13.814847
SMMR,25.3,25.1,25.17,2025800.0,2077000.0,0,0,0,0,0,0,0,0,0,0,0,0,0,0,0,0,0,228,2026-02-04 02:15:13.814847
ATMN,25.11,24.83,24.85,2374700.0,2386400.0,0,0,0,0,0,0,0,0,0,0,0,0,0,0,0,0,0,228,2026-02-04 02:15:13.814847
WNTR,26.12,25.89,26.09,2201100.0,2180400.0,0,0,0,0,0,0,0,0,0,0,0,0,0,0,0,0,0,228,2026-02-04 02:15:13.814847
SPNG,25.13,24.99,25.13,2296000.0,2280200.0,0,0,0,0,0,0,0,0,0,0,0,0,0,0,0,0,0,229,2026-02-04 02:15:14.858631
SMMR,25.3,25.08,25.3,2034800.0,2085000.0,0,0,0,0,0,0,0,0,0,0,0,0,0,0,0,0,0,229,2026-02-04 02:15:14.858631
ATMN,24.83,24.83,24.85,2365700.0,2386400.0,0,0,0,0,0,0,0,0,0,0,0,0,0,0,0,0,0,229,2026-02-04 02:15:14.858631
WNTR,26.1,25.89,26.09,2201100.0,2236800.0,0,0,0,0,0,0,0,0,0,0,0,0,0,0,0,0,0,229,2026-02-04 02:15:14.858631
SPNG,25.13,25.0,25.13,2279000.0,2280200.0,0,0,0,0,0,0,0,0,0,0,0,0,0,0,0,0,0,230,2026-02-04 02:15:15.915150
SMMR,25.3,25.16,25.24,2050000.0,2082000.0,0,0,0,0,0,0,0,0,0,0,0,0,0,0,0,0,0,230,2026-02-04 02:15:15.915150
ATMN,24.98,24.83,24.98,2387500.0,2372400.0,0,0,0,0,0,0,0,0,0,0,0,0,0,0,0,0,0,230,2026-02-04 02:15:15.915150
WNTR,26.09,25.89,26.08,2201100.0,2255100.0,0,0,0,0,0,0,0,0,0,0,0,0,0,0,0,0,0,230,2026-02-04 02:15:15.915150
SPNG,25.13,25.0,25.13,2273600.0,2280200.0,0,0,0,0,0,0,0,0,0,0,0,0,0,0,0,0,0,231,2026-02-04 02:15:16.985406
SMMR,25.3,25.16,25.22,2059500.0,2060300.0,0,0,0,0,0,0,0,0,0,0,0,0,0,0,0,0,0,231,2026-02-04 02:15:16.985406
ATMN,25.25,24.83,24.95,2398000.0,2338500.0,0,0,0,0,0,0,0,0,0,0,0,0,0,0,0,0,0,231,2026-02-04 02:15:16.985406
WNTR,25.88,25.88,26.08,2228100.0,2255100.0,0,0,0,0,0,0,0,0,0,0,0,0,0,0,0,0,0,231,2026-02-04 02:15:16.985406
SPNG,25.13,25.48,25.61,2260100.0,2271000.0,0,0,0,0,0,0,0,0,0,0,0,0,0,0,0,0,0,232,2026-02-04 02:15:18.023711
SMMR,25.08,25.08,25.22,2036600.0,2055000.0,0,0,0,0,0,0,0,0,0,0,0,0,0,0,0,0,0,232,2026-02-04 02:15:18.023711
ATMN,25.25,24.83,25.25,2398000.0,2368800.0,0,0,0,0,0,0,0,0,0,0,0,0,0,0,0,0,0,232,2026-02-04 02:15:18.023711
WNTR,25.88,25.88,26.08,2242200.0,2259000.0,0,0,0,0,0,0,0,0,0,0,0,0,0,0,0,0,0,232,2026-02-04 02:15:18.023711
