ticker,last_price,bid_price,ask_price,BUY_ANON,SELL_ANON,BUY_WRSW-2,SELL_WRSW-1,SELL_COLA-1,BUY_NAIT-1,BUY_WRSW-1,SELL_BRCH-1,SELL_WRSW-3,SELL_UOTB-2,SELL_UOTB-1,BUY_UEBR-1,BUY_COLA-3,BUY_WRSW-3,BUY_BRCH-1,SELL_UEBR-1,BUY_UOTB-1,BUY_UOTB-2,SELL_COLA-3,SELL_WRSW-2,BUY_COLA-1,SELL_NAIT-1,tick,timestamp
SPNG,0.0,0.0,25.23,2391500.0,2352100.0,0,0,0,0,0,0,0,0,0,0,0,0,0,0,0,0,0,0,0,0,0,2026-02-04 14:46:27.693620
SMMR,0.0,0.0,0.0,2268000.0,2210200.0,0,0,0,0,0,0,0,0,0,0,0,0,0,0,0,0,0,0,0,0,0,2026-02-04 14:46:27.693620
ATMN,0.0,0.0,0.0,2419000.0,2331100.0,0,0,0,0,0,0,0,0,0,0,0,0,0,0,0,0,0,0,0,0,0,2026-02-04 14:46:27.693620
WNTR,0.0,0.0,0.0,2001400.0,1818000.0,0,0,0,0,0,0,0,0,0,0,0,0,0,0,0,0,0,0,0,0,0,2026-02-04 14:46:27.693620
SPNG,25.23,24.48,25.23,2379300.0,2352100.0,0,0,0,0,0,0,0,0,0,0,0,0,0,0,0,0,0,0,0,0,1,2026-02-04 14:46:28.231122,2.0,1.0,1.0,,Aggregate Position Limit,Your CRO has set the aggregate position limit to 11000 shares for this week.
SMMR,24.99,24.99,25.01,2268000.0,2179300.0,0,0,0,0,0,0,0,0,0,0,0,0,0,0,0,0,0,0,0,0,1,2026-02-04 14:46:28.231122,1.0,1.0,1.0,,Welcome to the RITC 2026 Alogithmic Market Making Case - practice server,
ATMN,24.81,24.81,25.04,2295100.0,2331100.0,0,0,0,0,0,0,0,0,0,0,0,0,0,0,0,0,0,0,0,0,1,2026-02-04 14:46:28.231122,,,,,,
WNTR,25.05,24.98,25.05,2001400.0,1821600.0,0,0,0,0,0,0,0,0,0,0,0,0,0,0,0,0,0,0,0,0,1,2026-02-04 14:46:28.231122,,,,,,
SPNG,25.71,24.48,25.71,2262200.0,5000.0,2206400.0,5000.0,0,0,0,0,0,0,0,0,0,0,0,0,0,0,0,0,0,0,2,2026-02-04 14:46:29.275427
SMMR,24.9,24.9,25.01,2270000.0,,2183800.0,,0,0,0,0,0,0,0,0,0,0,0,0,0,0,0,0,0,0,2,2026-02-04 14:46:29.275427
ATMN,24.89,24.89,25.04,2423100.0,,2331100.0,,0,0,0,0,0,0,0,0,0,0,0,0,0,0,0,0,0,0,2,2026-02-04 14:46:29.275427
WNTR,25.05,24.98,25.05,2001400.0,,2053100.0,,0,0,0,0,0,0,0,0,0,0,0,0,0,0,0,0,0,0,2,2026-02-04 14:46:29.275427
SPNG,25.71,25.52,25.71,2395800.0,2322100.0,0,0,0,0,0,0,0,0,0,0,0,0,0,0,0,0,0,0,0,0,3,2026-02-04 14:46:30.325018
SMMR,24.9,24.9,25.01,2251800.0,2171700.0,0,0,0,0,0,0,0,0,0,0,0,0,0,0,0,0,0,0,0,0,3,2026-02-04 14:46:30.325018
ATMN,25.18,24.89,25.18,2407600.0,2376700.0,0,0,0,0,0,0,0,0,0,0,0,0,0,0,0,0,0,0,0,0,3,2026-02-04 14:46:30.325018
WNTR,24.98,24.98,25.01,2001400.0,2044000.0,0,0,0,0,0,0,0,0,0,0,0,0,0,0,0,0,0,0,0,0,3,2026-02-04 14:46:30.325018
SPNG,25.71,25.52,25.58,2395800.0,2189500.0,5000.0,0,0,0,0,0,0,0,0,0,0,0,0,0,0,0,0,0,0,0,4,2026-02-04 14:46:31.371146
SMMR,24.95,24.9,24.95,2251800.0,2208000.0,,0,0,0,0,0,0,0,0,0,0,0,0,0,0,0,0,0,0,0,4,2026-02-04 14:46:31.371146
ATMN,25.18,24.89,25.07,2399800.0,2321000.0,,0,0,0,0,0,0,0,0,0,0,0,0,0,0,0,0,0,0,0,4,2026-02-04 14:46:31.371146
WNTR,25.01,24.98,25.01,2027200.0,2016000.0,,0,0,0,0,0,0,0,0,0,0,0,0,0,0,0,0,0,0,0,4,2026-02-04 14:46:31.371146
SPNG,25.52,25.52,25.58,2280800.0,5000.0,2207700.0,5000.0,0,0,0,0,0,0,0,0,0,0,0,0,0,0,0,0,0,0,5,2026-02-04 14:46:32.417643
SMMR,25.05,24.9,25.05,2221000.0,,2184900.0,,0,0,0,0,0,0,0,0,0,0,0,0,0,0,0,0,0,0,5,2026-02-04 14:46:32.417643
ATMN,24.76,24.76,25.07,2421500.0,,2321000.0,,0,0,0,0,0,0,0,0,0,0,0,0,0,0,0,0,0,0,5,2026-02-04 14:46:32.417643
WNTR,25.05,24.98,25.05,2019000.0,,2043900.0,,0,0,0,0,0,0,0,0,0,0,0,0,0,0,0,0,0,0,5,2026-02-04 14:46:32.417643
SPNG,24.82,24.48,24.82,2401700.0,2346000.0,,0,0,0,0,0,0,0,0,0,0,0,0,0,0,0,0,0,0,0,6,2026-02-04 14:46:33.458486
SMMR,25.05,24.92,25.05,2207600.0,2093500.0,6000.0,0,0,0,0,0,0,0,0,0,0,0,0,0,0,0,0,0,0,0,6,2026-02-04 14:46:33.458486
ATMN,25.07,24.86,25.07,2302200.0,2303400.0,,0,0,0,0,0,0,0,0,0,0,0,0,0,0,0,0,0,0,0,6,2026-02-04 14:46:33.458486
WNTR,24.93,24.93,25.04,2016700.0,1913200.0,6000.0,0,0,0,0,0,0,0,0,0,0,0,0,0,0,0,0,0,0,0,6,2026-02-04 14:46:33.458486
SPNG,24.83,25.49,25.58,2303500.0,5000.0,2317800.0,,,0,0,0,0,0,0,0,0,0,0,0,0,0,0,0,0,0,7,2026-02-04 14:46:34.506090
SMMR,25.13,24.92,25.13,2207600.0,,2211100.0,,,0,0,0,0,0,0,0,0,0,0,0,0,0,0,0,0,0,7,2026-02-04 14:46:34.506090
ATMN,24.86,24.86,25.04,2302200.0,,2308600.0,6000.0,,0,0,0,0,0,0,0,0,0,0,0,0,0,0,0,0,0,7,2026-02-04 14:46:34.506090
WNTR,25.04,24.93,24.95,2016700.0,,1907900.0,,6000.0,0,0,0,0,0,0,0,0,0,0,0,0,0,0,0,0,0,7,2026-02-04 14:46:34.506090
SPNG,24.78,24.82,24.83,6000.0,5000.0,2210000.0,6000.0,5000.0,2109200.0,0,0,0,0,0,0,0,0,0,0,0,0,0,0,0,0,8,2026-02-04 14:46:35.552450
SMMR,25.06,25.09,25.13,6000.0,,2114300.0,,,2211100.0,0,0,0,0,0,0,0,0,0,0,0,0,0,0,0,0,8,2026-02-04 14:46:35.552450
ATMN,24.82,24.45,24.63,,,2294900.0,,,2308100.0,0,0,0,0,0,0,0,0,0,0,0,0,0,0,0,0,8,2026-02-04 14:46:35.552450
WNTR,24.91,24.91,24.94,,,2025800.0,6000.0,,1943100.0,0,0,0,0,0,0,0,0,0,0,0,0,0,0,0,0,8,2026-02-04 14:46:35.552450
SPNG,24.82,24.82,24.83,6000.0,2323900.0,5000.0,2207700.0,,0,0,0,0,0,0,0,0,0,0,0,0,0,0,0,0,0,9,2026-02-04 14:46:36.590303
SMMR,25.16,25.02,25.16,,2233000.0,,2121100.0,,0,0,0,0,0,0,0,0,0,0,0,0,0,0,0,0,0,9,2026-02-04 14:46:36.590303
ATMN,24.63,24.73,24.84,6000.0,2286200.0,,2198800.0,6000.0,0,0,0,0,0,0,0,0,0,0,0,0,0,0,0,0,0,9,2026-02-04 14:46:36.590303
WNTR,24.95,24.91,24.95,,2025800.0,,1914200.0,6000.0,0,0,0,0,0,0,0,0,0,0,0,0,0,0,0,0,0,9,2026-02-04 14:46:36.590303
SPNG,24.78,25.19,25.55,5000.0,2323900.0,2235200.0,5000.0,,,0,0,0,0,0,0,0,0,0,0,0,0,0,0,0,0,10,2026-02-04 14:46:37.631044
SMMR,24.94,25.06,25.1,,2108600.0,2102200.0,,6000.0,6000.0,0,0,0,0,0,0,0,0,0,0,0,0,0,0,0,0,10,2026-02-04 14:46:37.631044
ATMN,24.76,24.72,24.76,,2261600.0,2220500.0,,6000.0,6000.0,0,0,0,0,0,0,0,0,0,0,0,0,0,0,0,0,10,2026-02-04 14:46:37.631044
WNTR,24.95,24.96,25.04,,2001300.0,1906600.0,,,6000.0,0,0,0,0,0,0,0,0,0,0,0,0,0,0,0,0,10,2026-02-04 14:46:37.631044
SPNG,25.42,25.42,25.44,2185700.0,6000.0,5000.0,2235300.0,5000.0,,0,0,0,0,0,0,0,0,0,0,0,0,0,0,0,0,11,2026-02-04 14:46:38.665452
SMMR,24.9,25.05,25.1,2102900.0,500.0,,2098300.0,,6000.0,0,0,0,0,0,0,0,0,0,0,0,0,0,0,0,0,11,2026-02-04 14:46:38.665452
ATMN,24.89,24.95,25.04,2263000.0,6000.0,,2302900.0,,,0,0,0,0,0,0,0,0,0,0,0,0,0,0,0,0,11,2026-02-04 14:46:38.665452
WNTR,24.96,24.87,24.9,2030400.0,,,1941900.0,,6000.0,0,0,0,0,0,0,0,0,0,0,0,0,0,0,0,0,11,2026-02-04 14:46:38.665452
SPNG,25.42,24.81,25.14,6000.0,5000.0,2208000.0,2268400.0,5000.0,,0,0,0,0,0,0,0,0,0,0,0,0,0,0,0,0,12,2026-02-04 14:46:39.199714
SMMR,25.05,24.96,25.04,500.0,,2074800.0,2087500.0,,6000.0,0,0,0,0,0,0,0,0,0,0,0,0,0,0,0,0,12,2026-02-04 14:46:39.199714
ATMN,24.63,24.72,25.04,6000.0,,2282600.0,2309300.0,,,0,0,0,0,0,0,0,0,0,0,0,0,0,0,0,0,12,2026-02-04 14:46:39.199714
WNTR,24.96,24.87,24.96,,,2016900.0,2018200.0,,,0,0,0,0,0,0,0,0,0,0,0,0,0,0,0,0,12,2026-02-04 14:46:39.199714
SPNG,24.89,24.89,25.14,2105100.0,10000.0,6000.0,2268400.0,5000.0,,0,0,0,0,0,0,0,0,0,0,0,0,0,0,0,0,13,2026-02-04 14:46:40.229716
SMMR,24.96,24.96,25.05,2201100.0,,,2083600.0,,6000.0,0,0,0,0,0,0,0,0,0,0,0,0,0,0,0,0,13,2026-02-04 14:46:40.229716
ATMN,24.84,24.99,25.04,2321400.0,,6000.0,2309300.0,,,0,0,0,0,0,0,0,0,0,0,0,0,0,0,0,0,13,2026-02-04 14:46:40.229716
WNTR,24.96,24.87,24.96,2025900.0,,,2022200.0,,,0,0,0,0,0,0,0,0,0,0,0,0,0,0,0,0,13,2026-02-04 14:46:40.229716
SPNG,25.14,25.15,25.27,2374400.0,5000.0,2381000.0,,,0,0,0,0,0,0,0,0,0,0,0,0,0,0,0,0,0,14,2026-02-04 14:46:41.261127
SMMR,25.05,24.9,25.05,2221000.0,,2203300.0,,,0,0,0,0,0,0,0,0,0,0,0,0,0,0,0,0,0,14,2026-02-04 14:46:41.261127
ATMN,25.04,24.63,24.84,2323700.0,,2188600.0,6000.0,3917.0,0,0,0,0,0,0,0,0,0,0,0,0,0,0,0,0,0,14,2026-02-04 14:46:41.261127
WNTR,24.96,25.0,25.04,2042000.0,,2025400.0,,,0,0,0,0,0,0,0,0,0,0,0,0,0,0,0,0,0,14,2026-02-04 14:46:41.261127
SPNG,24.94,24.82,24.94,6000.0,10000.0,2112300.0,2141700.0,10000.0,0,0,0,0,0,0,0,0,0,0,0,0,0,0,0,0,0,15,2026-02-04 14:46:42.292939
SMMR,25.1,24.83,25.1,,,2231300.0,2194800.0,,0,0,0,0,0,0,0,0,0,0,0,0,0,0,0,0,0,15,2026-02-04 14:46:42.292939
ATMN,24.86,25.03,25.04,6000.0,,2327000.0,2309300.0,,0,0,0,0,0,0,0,0,0,0,0,0,0,0,0,0,0,15,2026-02-04 14:46:42.292939
WNTR,25.0,24.87,24.98,,,2025900.0,2018900.0,,0,0,0,0,0,0,0,0,0,0,0,0,0,0,0,0,0,15,2026-02-04 14:46:42.292939
SPNG,25.44,24.8,25.44,5000.0,2376800.0,2360200.0,,,0,0,0,0,0,0,0,0,0,0,0,0,0,0,0,0,0,16,2026-02-04 14:46:43.322605
SMMR,25.07,24.92,25.04,,2089400.0,2090200.0,6000.0,6000.0,0,0,0,0,0,0,0,0,0,0,0,0,0,0,0,0,0,16,2026-02-04 14:46:43.322605
ATMN,25.09,24.76,25.09,,2355800.0,2284600.0,6000.0,,0,0,0,0,0,0,0,0,0,0,0,0,0,0,0,0,0,16,2026-02-04 14:46:43.322605
WNTR,24.87,24.83,24.87,,2028600.0,2052700.0,,,0,0,0,0,0,0,0,0,0,0,0,0,0,0,0,0,0,16,2026-02-04 14:46:43.322605
SPNG,24.74,24.74,25.19,2480300.0,2382900.0,,,0,0,0,0,0,0,0,0,0,0,0,0,0,0,0,0,0,0,17,2026-02-04 14:46:44.361926
SMMR,25.04,25.02,25.04,2220900.0,2090200.0,6000.0,,0,0,0,0,0,0,0,0,0,0,0,0,0,0,0,0,0,0,17,2026-02-04 14:46:44.361926
ATMN,25.09,24.83,25.09,2314500.0,2308700.0,,6000.0,0,0,0,0,0,0,0,0,0,0,0,0,0,0,0,0,0,0,17,2026-02-04 14:46:44.361926
WNTR,24.95,24.86,24.95,2080000.0,2041600.0,,,0,0,0,0,0,0,0,0,0,0,0,0,0,0,0,0,0,0,17,2026-02-04 14:46:44.361926
SPNG,25.19,24.83,24.94,6000.0,2326300.0,2143600.0,5000.0,6000.0,0,0,0,0,0,0,0,0,0,0,0,0,0,0,0,0,0,18,2026-02-04 14:46:45.404832
SMMR,25.1,25.12,25.13,,2176300.0,2189300.0,,,0,0,0,0,0,0,0,0,0,0,0,0,0,0,0,0,0,18,2026-02-04 14:46:45.404832
ATMN,25.09,24.76,24.79,6000.0,2314500.0,2325100.0,,,0,0,0,0,0,0,0,0,0,0,0,0,0,0,0,0,0,18,2026-02-04 14:46:45.404832
WNTR,24.87,24.87,24.95,,2095300.0,2071100.0,,,0,0,0,0,0,0,0,0,0,0,0,0,0,0,0,0,0,18,2026-02-04 14:46:45.404832
SPNG,24.94,24.99,25.16,2274600.0,5000.0,6000.0,6000.0,5000.0,2135000.0,0,0,0,0,0,0,0,0,0,0,0,0,0,0,0,0,19,2026-02-04 14:46:46.441625
SMMR,25.02,25.02,25.13,2182300.0,,,,,2204800.0,0,0,0,0,0,0,0,0,0,0,0,0,0,0,0,0,19,2026-02-04 14:46:46.441625
ATMN,24.79,24.76,24.79,2279900.0,,6000.0,,,2325100.0,0,0,0,0,0,0,0,0,0,0,0,0,0,0,0,0,19,2026-02-04 14:46:46.441625
WNTR,24.83,24.83,24.98,2075700.0,,,,,2033600.0,0,0,0,0,0,0,0,0,0,0,0,0,0,0,0,0,19,2026-02-04 14:46:46.441625
SPNG,24.74,24.51,24.53,2483400.0,2157500.0,5000.0,6000.0,,0,0,0,0,0,0,0,0,0,0,0,0,0,0,0,0,0,20,2026-02-04 14:46:47.490235
SMMR,25.16,25.04,25.07,2113800.0,2121800.0,,1334.0,6000.0,0,0,0,0,0,0,0,0,0,0,0,0,0,0,0,0,0,20,2026-02-04 14:46:47.490235
ATMN,24.76,24.9,25.1,2281000.0,2290000.0,,,6000.0,0,0,0,0,0,0,0,0,0,0,0,0,0,0,0,0,0,20,2026-02-04 14:46:47.490235
WNTR,24.86,24.83,24.86,2073100.0,2059800.0,,,,0,0,0,0,0,0,0,0,0,0,0,0,0,0,0,0,0,20,2026-02-04 14:46:47.490235
SPNG,24.53,24.91,24.97,2491400.0,6000.0,5000.0,2135000.0,,0,0,0,0,0,0,0,0,0,0,0,0,0,0,0,0,0,21,2026-02-04 14:46:48.538734
SMMR,25.17,25.05,25.09,2145900.0,6000.0,,2138700.0,6000.0,0,0,0,0,0,0,0,0,0,0,0,0,0,0,0,0,0,21,2026-02-04 14:46:48.538734
ATMN,25.18,24.9,25.18,2310400.0,,,2291700.0,6000.0,0,0,0,0,0,0,0,0,0,0,0,0,0,0,0,0,0,21,2026-02-04 14:46:48.538734
WNTR,24.82,24.82,24.86,2064200.0,,,2075800.0,,0,0,0,0,0,0,0,0,0,0,0,0,0,0,0,0,0,21,2026-02-04 14:46:48.538734
SPNG,25.44,24.91,25.44,2528500.0,2344500.0,,,0,0,0,0,0,0,0,0,0,0,0,0,0,0,0,0,0,0,22,2026-02-04 14:46:49.574728
SMMR,25.04,25.02,25.04,2251700.0,2030300.0,6000.0,,0,0,0,0,0,0,0,0,0,0,0,0,0,0,0,0,0,0,22,2026-02-04 14:46:49.574728
ATMN,25.18,25.04,25.07,2301100.0,2298000.0,,6000.0,0,0,0,0,0,0,0,0,0,0,0,0,0,0,0,0,0,0,22,2026-02-04 14:46:49.574728
WNTR,24.82,24.83,24.86,2060500.0,2086600.0,,,0,0,0,0,0,0,0,0,0,0,0,0,0,0,0,0,0,0,22,2026-02-04 14:46:49.574728
SPNG,24.7,24.7,24.96,2527200.0,2267100.0,5000.0,0,0,0,0,0,0,0,0,0,0,0,0,0,0,0,0,0,0,0,23,2026-02-04 14:46:50.604574
SMMR,25.04,25.02,25.04,2251200.0,2227500.0,,0,0,0,0,0,0,0,0,0,0,0,0,0,0,0,0,0,0,0,23,2026-02-04 14:46:50.604574
ATMN,24.97,24.97,25.07,2420200.0,2325300.0,,0,0,0,0,0,0,0,0,0,0,0,0,0,0,0,0,0,0,0,23,2026-02-04 14:46:50.604574
WNTR,24.82,24.83,24.85,2060500.0,2094500.0,,0,0,0,0,0,0,0,0,0,0,0,0,0,0,0,0,0,0,0,23,2026-02-04 14:46:50.604574
SPNG,24.61,24.61,24.94,2511700.0,6000.0,2146500.0,5000.0,0,0,0,0,0,0,0,0,0,0,0,0,0,0,0,0,0,0,24,2026-02-04 14:46:51.645034
SMMR,25.1,25.1,25.12,2238500.0,,2262800.0,,0,0,0,0,0,0,0,0,0,0,0,0,0,0,0,0,0,0,24,2026-02-04 14:46:51.645034
ATMN,25.07,24.9,25.07,2407600.0,6000.0,2215500.0,,0,0,0,0,0,0,0,0,0,0,0,0,0,0,0,0,0,0,24,2026-02-04 14:46:51.645034
WNTR,24.83,24.83,24.85,2063700.0,,2075800.0,,0,0,0,0,0,0,0,0,0,0,0,0,0,0,0,0,0,0,24,2026-02-04 14:46:51.645034
SPNG,24.94,24.94,24.96,4666.0,2445600.0,2267100.0,5000.0,,0,0,0,0,0,0,0,0,0,0,0,0,0,0,0,0,0,25,2026-02-04 14:46:52.696732
SMMR,25.01,25.01,25.12,,2261300.0,2278500.0,,,0,0,0,0,0,0,0,0,0,0,0,0,0,0,0,0,0,25,2026-02-04 14:46:52.696732
ATMN,24.76,24.76,25.07,,2435600.0,2215500.0,,6000.0,0,0,0,0,0,0,0,0,0,0,0,0,0,0,0,0,0,25,2026-02-04 14:46:52.696732
WNTR,24.82,24.82,24.83,,2035600.0,2063500.0,,,0,0,0,0,0,0,0,0,0,0,0,0,0,0,0,0,0,25,2026-02-04 14:46:52.696732
SPNG,24.92,24.94,24.96,1334.0,2456200.0,2149800.0,5000.0,6000.0,0,0,0,0,0,0,0,0,0,0,0,0,0,0,0,0,0,26,2026-02-04 14:46:53.737397
SMMR,25.01,25.01,25.04,,2275200.0,2334400.0,,,0,0,0,0,0,0,0,0,0,0,0,0,0,0,0,0,0,26,2026-02-04 14:46:53.737397
ATMN,25.09,24.76,25.09,,2435600.0,2346100.0,,,0,0,0,0,0,0,0,0,0,0,0,0,0,0,0,0,0,26,2026-02-04 14:46:53.737397
WNTR,24.85,24.82,24.85,,2035600.0,1987800.0,,6000.0,0,0,0,0,0,0,0,0,0,0,0,0,0,0,0,0,0,26,2026-02-04 14:46:53.737397
SPNG,24.96,25.09,25.27,2428300.0,1334.0,2334100.0,,0,0,0,0,0,0,0,0,0,0,0,0,0,0,0,0,0,0,27,2026-02-04 14:46:54.279025
SMMR,25.01,25.01,25.04,2263500.0,,2364100.0,,0,0,0,0,0,0,0,0,0,0,0,0,0,0,0,0,0,0,27,2026-02-04 14:46:54.279025
ATMN,25.09,25.05,25.08,2303700.0,6000.0,2236300.0,6000.0,0,0,0,0,0,0,0,0,0,0,0,0,0,0,0,0,0,0,27,2026-02-04 14:46:54.279025
WNTR,24.82,24.82,24.87,2035600.0,,1975600.0,6000.0,0,0,0,0,0,0,0,0,0,0,0,0,0,0,0,0,0,0,27,2026-02-04 14:46:54.279025
SPNG,25.09,24.92,24.95,2455700.0,4666.0,2106400.0,5000.0,6000.0,0,0,0,0,0,0,0,0,0,0,0,0,0,0,0,0,0,28,2026-02-04 14:46:55.311225
SMMR,25.01,25.01,25.04,2263500.0,,2357100.0,,,0,0,0,0,0,0,0,0,0,0,0,0,0,0,0,0,0,28,2026-02-04 14:46:55.311225
ATMN,24.93,24.76,24.93,2423700.0,,2355500.0,,,0,0,0,0,0,0,0,0,0,0,0,0,0,0,0,0,0,28,2026-02-04 14:46:55.311225
WNTR,24.92,24.82,24.92,2035600.0,,2057100.0,,,0,0,0,0,0,0,0,0,0,0,0,0,0,0,0,0,0,28,2026-02-04 14:46:55.311225
SPNG,25.24,25.24,25.27,2141400.0,5000.0,6000.0,2248400.0,5000.0,,0,0,0,0,0,0,0,0,0,0,0,0,0,0,0,0,29,2026-02-04 14:46:56.375635
SMMR,25.01,25.01,25.04,2282000.0,,,2379700.0,,,0,0,0,0,0,0,0,0,0,0,0,0,0,0,0,0,29,2026-02-04 14:46:56.375635
ATMN,24.99,24.76,24.99,2447900.0,,,2247600.0,,6000.0,0,0,0,0,0,0,0,0,0,0,0,0,0,0,0,0,29,2026-02-04 14:46:56.375635
WNTR,24.93,24.87,24.93,2070300.0,,,1946100.0,,6000.0,0,0,0,0,0,0,0,0,0,0,0,0,0,0,0,0,29,2026-02-04 14:46:56.375635
SPNG,25.24,25.24,25.27,2141400.0,5000.0,6000.0,2278100.0,5000.0,,0,0,0,0,0,0,0,0,0,0,0,0,0,0,0,0,30,2026-02-04 14:46:57.476953
SMMR,24.99,24.99,25.07,2280900.0,,,2350400.0,,,0,0,0,0,0,0,0,0,0,0,0,0,0,0,0,0,30,2026-02-04 14:46:57.476953
ATMN,24.99,24.78,24.99,2458500.0,,,2247600.0,,6000.0,0,0,0,0,0,0,0,0,0,0,0,0,0,0,0,0,30,2026-02-04 14:46:57.476953
WNTR,24.87,24.87,24.93,2049600.0,,,2037200.0,,,0,0,0,0,0,0,0,0,0,0,0,0,0,0,0,0,30,2026-02-04 14:46:57.476953
SPNG,25.27,24.75,25.27,2554900.0,2282700.0,5000.0,,0,0,0,0,0,0,0,0,0,0,0,0,0,0,0,0,0,0,31,2026-02-04 14:46:58.517015
SMMR,25.07,25.06,25.07,2331800.0,2251800.0,,6000.0,0,0,0,0,0,0,0,0,0,0,0,0,0,0,0,0,0,0,31,2026-02-04 14:46:58.517015
ATMN,24.78,24.78,24.8,2441900.0,2229900.0,,6000.0,0,0,0,0,0,0,0,0,0,0,0,0,0,0,0,0,0,0,31,2026-02-04 14:46:58.517015
WNTR,24.81,24.81,24.94,2040900.0,2038500.0,,,0,0,0,0,0,0,0,0,0,0,0,0,0,0,0,0,0,0,31,2026-02-04 14:46:58.517015
SPNG,24.99,24.99,25.27,2305000.0,5000.0,6000.0,2282700.0,5000.0,0,0,0,0,0,0,0,0,0,0,0,0,0,0,0,0,0,32,2026-02-04 14:46:59.558129
SMMR,25.07,25.06,25.07,2331800.0,,,2380300.0,,0,0,0,0,0,0,0,0,0,0,0,0,0,0,0,0,0,32,2026-02-04 14:46:59.558129
ATMN,25.18,24.78,25.18,2441900.0,,,2325100.0,,0,0,0,0,0,0,0,0,0,0,0,0,0,0,0,0,0,32,2026-02-04 14:46:59.558129
WNTR,24.88,24.91,24.94,2054500.0,,,2038500.0,,0,0,0,0,0,0,0,0,0,0,0,0,0,0,0,0,0,32,2026-02-04 14:46:59.558129
SPNG,24.53,24.53,25.27,2538600.0,2282700.0,5000.0,,0,0,0,0,0,0,0,0,0,0,0,0,0,0,0,0,0,0,33,2026-02-04 14:47:00.596960
SMMR,25.13,25.06,25.13,2314700.0,2360900.0,,,0,0,0,0,0,0,0,0,0,0,0,0,0,0,0,0,0,0,33,2026-02-04 14:47:00.596960
ATMN,25.18,24.78,25.09,2400500.0,2209100.0,,6000.0,0,0,0,0,0,0,0,0,0,0,0,0,0,0,0,0,0,0,33,2026-02-04 14:47:00.596960
WNTR,24.8,24.8,24.95,2049900.0,2056900.0,,,0,0,0,0,0,0,0,0,0,0,0,0,0,0,0,0,0,0,33,2026-02-04 14:47:00.596960
SPNG,25.18,24.92,25.18,6000.0,2471300.0,2374300.0,,0,0,0,0,0,0,0,0,0,0,0,0,0,0,0,0,0,0,34,2026-02-04 14:47:01.632189
SMMR,25.03,25.03,25.13,,2344600.0,2360900.0,,0,0,0,0,0,0,0,0,0,0,0,0,0,0,0,0,0,0,34,2026-02-04 14:47:01.632189
ATMN,25.28,24.78,25.09,,2421200.0,2179300.0,6000.0,0,0,0,0,0,0,0,0,0,0,0,0,0,0,0,0,0,0,34,2026-02-04 14:47:01.632189
WNTR,24.92,24.92,24.95,6000.0,1957800.0,2056900.0,,0,0,0,0,0,0,0,0,0,0,0,0,0,0,0,0,0,0,34,2026-02-04 14:47:01.632189
SPNG,25.26,24.9,25.18,5000.0,2471300.0,5000.0,2237700.0,,0,0,0,0,0,0,0,0,0,0,0,0,0,0,0,0,0,35,2026-02-04 14:47:02.668764
SMMR,24.99,24.99,25.04,,2313800.0,,2319000.0,,0,0,0,0,0,0,0,0,0,0,0,0,0,0,0,0,0,35,2026-02-04 14:47:02.668764
ATMN,24.78,25.01,25.05,,2301600.0,,2320500.0,6000.0,0,0,0,0,0,0,0,0,0,0,0,0,0,0,0,0,0,35,2026-02-04 14:47:02.668764
WNTR,24.92,24.92,24.95,,2046200.0,,2079000.0,,0,0,0,0,0,0,0,0,0,0,0,0,0,0,0,0,0,35,2026-02-04 14:47:02.668764
SPNG,24.65,24.99,25.18,2357100.0,5000.0,6000.0,5000.0,2267600.0,,0,0,0,0,0,0,0,0,0,0,0,0,0,0,0,0,36,2026-02-04 14:47:03.697310
SMMR,24.99,24.99,25.05,2292000.0,,,,2245200.0,6000.0,0,0,0,0,0,0,0,0,0,0,0,0,0,0,0,0,36,2026-02-04 14:47:03.697310
ATMN,25.28,25.01,25.21,2301600.0,,6000.0,,2285200.0,,0,0,0,0,0,0,0,0,0,0,0,0,0,0,0,0,36,2026-02-04 14:47:03.697310
WNTR,24.92,24.92,24.95,2046200.0,,,,2049900.0,,0,0,0,0,0,0,0,0,0,0,0,0,0,0,0,0,36,2026-02-04 14:47:03.697310
SPNG,24.99,24.99,25.18,2341900.0,5000.0,6000.0,5000.0,2267600.0,,0,0,0,0,0,0,0,0,0,0,0,0,0,0,0,0,37,2026-02-04 14:47:04.738523
SMMR,24.99,25.02,25.05,2312900.0,,,,2243000.0,6000.0,0,0,0,0,0,0,0,0,0,0,0,0,0,0,0,0,37,2026-02-04 14:47:04.738523
ATMN,25.12,25.12,25.21,2344600.0,,6000.0,,2318600.0,,0,0,0,0,0,0,0,0,0,0,0,0,0,0,0,0,37,2026-02-04 14:47:04.738523
WNTR,24.95,24.8,24.95,2073800.0,,,,2076700.0,,0,0,0,0,0,0,0,0,0,0,0,0,0,0,0,0,37,2026-02-04 14:47:04.738523
SPNG,24.95,24.72,24.74,2427900.0,2800.0,2264400.0,5000.0,,0,0,0,0,0,0,0,0,0,0,0,0,0,0,0,0,0,38,2026-02-04 14:47:05.776777
SMMR,25.05,25.02,25.05,2297500.0,,2370600.0,,,0,0,0,0,0,0,0,0,0,0,0,0,0,0,0,0,0,38,2026-02-04 14:47:05.776777
ATMN,24.78,24.78,25.21,2421200.0,,2316900.0,,,0,0,0,0,0,0,0,0,0,0,0,0,0,0,0,0,0,38,2026-02-04 14:47:05.776777
WNTR,24.78,24.86,24.95,1957100.0,,2081700.0,,6000.0,0,0,0,0,0,0,0,0,0,0,0,0,0,0,0,0,0,38,2026-02-04 14:47:05.776777
SPNG,24.99,25.19,25.27,2439600.0,2800.0,2368400.0,0,0,0,0,0,0,0,0,0,0,0,0,0,0,0,0,0,0,0,39,2026-02-04 14:47:06.808021
SMMR,25.13,25.02,25.13,2297500.0,,2363700.0,0,0,0,0,0,0,0,0,0,0,0,0,0,0,0,0,0,0,0,39,2026-02-04 14:47:06.808021
ATMN,24.74,24.74,25.26,2408500.0,,2304500.0,0,0,0,0,0,0,0,0,0,0,0,0,0,0,0,0,0,0,0,39,2026-02-04 14:47:06.808021
WNTR,24.78,24.89,25.0,2052200.0,,2069500.0,0,0,0,0,0,0,0,0,0,0,0,0,0,0,0,0,0,0,0,39,2026-02-04 14:47:06.808021
SPNG,24.72,24.75,24.96,6000.0,2800.0,2309000.0,6000.0,2262800.0,0,0,0,0,0,0,0,0,0,0,0,0,0,0,0,0,0,40,2026-02-04 14:47:07.843024
SMMR,25.16,25.02,25.16,,,2297500.0,,2341500.0,0,0,0,0,0,0,0,0,0,0,0,0,0,0,0,0,0,40,2026-02-04 14:47:07.843024
ATMN,24.84,24.95,25.17,,,2413100.0,6000.0,2190500.0,0,0,0,0,0,0,0,0,0,0,0,0,0,0,0,0,0,40,2026-02-04 14:47:07.843024
WNTR,24.76,24.76,25.0,,,2047400.0,,2078400.0,0,0,0,0,0,0,0,0,0,0,0,0,0,0,0,0,0,40,2026-02-04 14:47:07.843024
SPNG,24.65,24.65,25.32,2605400.0,2258000.0,5000.0,,,0,0,0,0,0,0,0,0,0,0,0,0,0,0,0,0,0,41,2026-02-04 14:47:08.876170
SMMR,25.16,25.08,25.16,2298500.0,2348800.0,,,,0,0,0,0,0,0,0,0,0,0,0,0,0,0,0,0,0,41,2026-02-04 14:47:08.876170
ATMN,25.28,25.28,25.3,2397200.0,2334700.0,,,,0,0,0,0,0,0,0,0,0,0,0,0,0,0,0,0,0,41,2026-02-04 14:47:08.876170
WNTR,24.76,24.82,24.87,1947700.0,2018600.0,,5566.0,6000.0,0,0,0,0,0,0,0,0,0,0,0,0,0,0,0,0,0,41,2026-02-04 14:47:08.876170
SPNG,25.27,25.27,25.32,2325800.0,6000.0,5000.0,2258000.0,5000.0,,0,0,0,0,0,0,0,0,0,0,0,0,0,0,0,0,42,2026-02-04 14:47:09.409965
SMMR,25.16,25.08,25.16,2298500.0,,,2309000.0,,,0,0,0,0,0,0,0,0,0,0,0,0,0,0,0,0,42,2026-02-04 14:47:09.409965
ATMN,25.3,25.1,25.18,2289600.0,6000.0,,2216900.0,,6000.0,0,0,0,0,0,0,0,0,0,0,0,0,0,0,0,0,42,2026-02-04 14:47:09.409965
WNTR,24.91,24.79,24.82,1947700.0,5566.0,,2018600.0,,6000.0,0,0,0,0,0,0,0,0,0,0,0,0,0,0,0,0,42,2026-02-04 14:47:09.409965
SPNG,24.53,24.72,24.95,6000.0,2498800.0,6000.0,5000.0,2157200.0,0,0,0,0,0,0,0,0,0,0,0,0,0,0,0,0,0,43,2026-02-04 14:47:10.445942
SMMR,25.16,25.08,25.14,,2298500.0,,,2283500.0,0,0,0,0,0,0,0,0,0,0,0,0,0,0,0,0,0,43,2026-02-04 14:47:10.445942
ATMN,24.76,25.43,25.45,,2410100.0,,,2372300.0,0,0,0,0,0,0,0,0,0,0,0,0,0,0,0,0,0,43,2026-02-04 14:47:10.445942
WNTR,24.75,24.75,24.8,,2076100.0,6000.0,,2021200.0,0,0,0,0,0,0,0,0,0,0,0,0,0,0,0,0,0,43,2026-02-04 14:47:10.445942
SPNG,25.38,24.72,25.38,6000.0,5000.0,2354500.0,2265900.0,5000.0,,0,0,0,0,0,0,0,0,0,0,0,0,0,0,0,0,44,2026-02-04 14:47:11.490543
SMMR,25.16,25.1,25.16,,,2316400.0,2302000.0,,,0,0,0,0,0,0,0,0,0,0,0,0,0,0,0,0,44,2026-02-04 14:47:11.490543
ATMN,24.73,24.73,25.24,,,2415900.0,2262200.0,,6000.0,0,0,0,0,0,0,0,0,0,0,0,0,0,0,0,0,44,2026-02-04 14:47:11.490543
WNTR,24.89,24.89,24.9,,,2028400.0,2114600.0,,,0,0,0,0,0,0,0,0,0,0,0,0,0,0,0,0,44,2026-02-04 14:47:11.490543
SPNG,25.08,24.7,25.08,5000.0,2498800.0,2236700.0,5000.0,0,0,0,0,0,0,0,0,0,0,0,0,0,0,0,0,0,0,45,2026-02-04 14:47:12.547121
SMMR,25.17,25.1,25.17,,2316400.0,2276200.0,,0,0,0,0,0,0,0,0,0,0,0,0,0,0,0,0,0,0,45,2026-02-04 14:47:12.547121
ATMN,25.23,24.73,24.78,,2411200.0,2360400.0,,0,0,0,0,0,0,0,0,0,0,0,0,0,0,0,0,0,0,45,2026-02-04 14:47:12.547121
WNTR,24.78,24.77,24.9,,2053100.0,2114600.0,,0,0,0,0,0,0,0,0,0,0,0,0,0,0,0,0,0,0,45,2026-02-04 14:47:12.547121
SPNG,24.86,24.86,25.37,2629500.0,2000.0,2250400.0,,0,0,0,0,0,0,0,0,0,0,0,0,0,0,0,0,0,0,46,2026-02-04 14:47:13.587799
SMMR,25.08,25.08,25.1,2298500.0,,2157500.0,6000.0,0,0,0,0,0,0,0,0,0,0,0,0,0,0,0,0,0,0,46,2026-02-04 14:47:13.587799
ATMN,24.78,25.08,25.3,2404600.0,,2347300.0,,0,0,0,0,0,0,0,0,0,0,0,0,0,0,0,0,0,0,46,2026-02-04 14:47:13.587799
WNTR,24.79,24.77,24.79,2053100.0,,2101900.0,,0,0,0,0,0,0,0,0,0,0,0,0,0,0,0,0,0,0,46,2026-02-04 14:47:13.587799
SPNG,24.86,24.86,25.26,2485200.0,6000.0,2353700.0,,0,0,0,0,0,0,0,0,0,0,0,0,0,0,0,0,0,0,47,2026-02-04 14:47:14.630664
SMMR,25.05,25.05,25.1,2336600.0,,2165700.0,6000.0,0,0,0,0,0,0,0,0,0,0,0,0,0,0,0,0,0,0,47,2026-02-04 14:47:14.630664
ATMN,24.82,24.91,25.04,2307100.0,2732.0,2251900.0,6000.0,0,0,0,0,0,0,0,0,0,0,0,0,0,0,0,0,0,0,47,2026-02-04 14:47:14.630664
WNTR,24.79,24.87,24.9,2049800.0,,2112300.0,,0,0,0,0,0,0,0,0,0,0,0,0,0,0,0,0,0,0,47,2026-02-04 14:47:14.630664
SPNG,24.51,25.15,25.24,2611200.0,2000.0,2256600.0,,,0,0,0,0,0,0,0,0,0,0,0,0,0,0,0,0,0,48,2026-02-04 14:47:15.677163
SMMR,25.17,25.05,25.17,2336600.0,,2278200.0,,,0,0,0,0,0,0,0,0,0,0,0,0,0,0,0,0,0,48,2026-02-04 14:47:15.677163
ATMN,25.04,24.93,25.04,2332700.0,,2251900.0,2732.0,6000.0,0,0,0,0,0,0,0,0,0,0,0,0,0,0,0,0,0,48,2026-02-04 14:47:15.677163
WNTR,24.87,24.78,24.84,1952500.0,,2115400.0,6000.0,,0,0,0,0,0,0,0,0,0,0,0,0,0,0,0,0,0,48,2026-02-04 14:47:15.677163
SPNG,24.51,24.51,25.24,2576100.0,2000.0,2237900.0,,0,0,0,0,0,0,0,0,0,0,0,0,0,0,0,0,0,0,49,2026-02-04 14:47:16.713952
SMMR,25.18,25.05,25.18,2355900.0,,2296200.0,,0,0,0,0,0,0,0,0,0,0,0,0,0,0,0,0,0,0,49,2026-02-04 14:47:16.713952
ATMN,25.3,25.04,25.3,2318900.0,,2347300.0,2732.0,0,0,0,0,0,0,0,0,0,0,0,0,0,0,0,0,0,0,49,2026-02-04 14:47:16.713952
WNTR,24.87,24.83,24.84,1948200.0,,2070400.0,6000.0,0,0,0,0,0,0,0,0,0,0,0,0,0,0,0,0,0,0,49,2026-02-04 14:47:16.713952
SPNG,24.51,24.67,25.24,2473900.0,6000.0,2000.0,2237900.0,0,0,0,0,0,0,0,0,0,0,0,0,0,0,0,0,0,0,50,2026-02-04 14:47:17.784416
SMMR,25.08,25.08,25.18,2356600.0,,,2296200.0,0,0,0,0,0,0,0,0,0,0,0,0,0,0,0,0,0,0,50,2026-02-04 14:47:17.784416
ATMN,25.32,24.82,25.32,2455100.0,,,2360100.0,0,0,0,0,0,0,0,0,0,0,0,0,0,0,0,0,0,0,50,2026-02-04 14:47:17.784416
WNTR,24.84,24.83,24.84,2046800.0,,,2072600.0,0,0,0,0,0,0,0,0,0,0,0,0,0,0,0,0,0,0,50,2026-02-04 14:47:17.784416
SPNG,24.6,24.71,25.24,2482000.0,6000.0,2000.0,2237900.0,,0,0,0,0,0,0,0,0,0,0,0,0,0,0,0,0,0,51,2026-02-04 14:47:18.820276
SMMR,25.02,25.02,25.13,2297500.0,,,2324700.0,,0,0,0,0,0,0,0,0,0,0,0,0,0,0,0,0,0,51,2026-02-04 14:47:18.820276
ATMN,25.32,25.06,25.3,2296500.0,6000.0,,2239200.0,6000.0,0,0,0,0,0,0,0,0,0,0,0,0,0,0,0,0,0,51,2026-02-04 14:47:18.820276
WNTR,24.9,24.88,24.9,1971700.0,6000.0,,2113500.0,,0,0,0,0,0,0,0,0,0,0,0,0,0,0,0,0,0,51,2026-02-04 14:47:18.820276
SPNG,24.71,24.71,25.33,2623700.0,2387400.0,,,0,0,0,0,0,0,0,0,0,0,0,0,0,0,0,0,0,0,52,2026-02-04 14:47:19.859519
SMMR,24.99,25.07,25.08,2176500.0,2215500.0,6000.0,6000.0,0,0,0,0,0,0,0,0,0,0,0,0,0,0,0,0,0,0,52,2026-02-04 14:47:19.859519
ATMN,25.06,25.06,25.1,2290000.0,2194400.0,6000.0,6000.0,0,0,0,0,0,0,0,0,0,0,0,0,0,0,0,0,0,0,52,2026-02-04 14:47:19.859519
WNTR,24.94,24.88,24.94,1927700.0,2102500.0,6000.0,,0,0,0,0,0,0,0,0,0,0,0,0,0,0,0,0,0,0,52,2026-02-04 14:47:19.859519
SPNG,24.66,24.6,24.66,2627900.0,2379800.0,0,0,0,0,0,0,0,0,0,0,0,0,0,0,0,0,0,0,0,0,53,2026-02-04 14:47:20.902906
SMMR,25.19,24.98,25.19,2253700.0,2285000.0,0,0,0,0,0,0,0,0,0,0,0,0,0,0,0,0,0,0,0,0,53,2026-02-04 14:47:20.902906
ATMN,25.32,25.06,25.32,2410600.0,2344800.0,0,0,0,0,0,0,0,0,0,0,0,0,0,0,0,0,0,0,0,0,53,2026-02-04 14:47:20.902906
WNTR,24.98,24.88,24.94,2052200.0,2137900.0,0,0,0,0,0,0,0,0,0,0,0,0,0,0,0,0,0,0,0,0,53,2026-02-04 14:47:20.902906
SPNG,25.32,24.6,25.32,2614200.0,2390400.0,0,0,0,0,0,0,0,0,0,0,0,0,0,0,0,0,0,0,0,0,54,2026-02-04 14:47:21.435680
SMMR,25.19,25.01,25.19,2244900.0,2299700.0,0,0,0,0,0,0,0,0,0,0,0,0,0,0,0,0,0,0,0,0,54,2026-02-04 14:47:21.435680
ATMN,25.17,25.06,25.17,2410600.0,2338100.0,0,0,0,0,0,0,0,0,0,0,0,0,0,0,0,0,0,0,0,0,54,2026-02-04 14:47:21.435680
WNTR,24.98,24.88,24.94,2052200.0,2099900.0,0,0,0,0,0,0,0,0,0,0,0,0,0,0,0,0,0,0,0,0,54,2026-02-04 14:47:21.435680
SPNG,24.81,25.02,25.32,2589800.0,2390400.0,0,0,0,0,0,0,0,0,0,0,0,0,0,0,0,0,0,0,0,0,55,2026-02-04 14:47:22.477370
SMMR,25.15,24.98,25.15,2253700.0,2333100.0,0,0,0,0,0,0,0,0,0,0,0,0,0,0,0,0,0,0,0,0,55,2026-02-04 14:47:22.477370
ATMN,25.12,25.06,25.12,2410600.0,2312200.0,0,0,0,0,0,0,0,0,0,0,0,0,0,0,0,0,0,0,0,0,55,2026-02-04 14:47:22.477370
WNTR,24.94,24.95,24.98,2033300.0,2116800.0,0,0,0,0,0,0,0,0,0,0,0,0,0,0,0,0,0,0,0,0,55,2026-02-04 14:47:22.477370
SPNG,25.02,25.02,25.32,2589800.0,2379300.0,0,0,0,0,0,0,0,0,0,0,0,0,0,0,0,0,0,0,0,0,56,2026-02-04 14:47:23.511797
SMMR,24.97,24.97,25.07,2254500.0,2341700.0,0,0,0,0,0,0,0,0,0,0,0,0,0,0,0,0,0,0,0,0,56,2026-02-04 14:47:23.511797
ATMN,25.04,25.04,25.32,2395400.0,2349500.0,0,0,0,0,0,0,0,0,0,0,0,0,0,0,0,0,0,0,0,0,56,2026-02-04 14:47:23.511797
WNTR,24.94,24.95,24.98,2044700.0,2101300.0,0,0,0,0,0,0,0,0,0,0,0,0,0,0,0,0,0,0,0,0,56,2026-02-04 14:47:23.511797
SPNG,25.32,25.19,25.32,2605200.0,2379300.0,0,0,0,0,0,0,0,0,0,0,0,0,0,0,0,0,0,0,0,0,57,2026-02-04 14:47:24.545570
SMMR,24.99,24.99,25.07,2258800.0,2341700.0,0,0,0,0,0,0,0,0,0,0,0,0,0,0,0,0,0,0,0,0,57,2026-02-04 14:47:24.545570
ATMN,25.32,25.04,25.32,2395400.0,2336500.0,0,0,0,0,0,0,0,0,0,0,0,0,0,0,0,0,0,0,0,0,57,2026-02-04 14:47:24.545570
WNTR,24.88,24.88,24.98,2025200.0,2101300.0,0,0,0,0,0,0,0,0,0,0,0,0,0,0,0,0,0,0,0,0,57,2026-02-04 14:47:24.545570
SPNG,25.32,25.19,25.22,2605200.0,2410900.0,0,0,0,0,0,0,0,0,0,0,0,0,0,0,0,0,0,0,0,0,58,2026-02-04 14:47:25.573374
SMMR,24.99,24.99,25.07,2290100.0,2360300.0,0,0,0,0,0,0,0,0,0,0,0,0,0,0,0,0,0,0,0,0,58,2026-02-04 14:47:25.573374
ATMN,25.04,25.04,25.18,2401900.0,2340900.0,0,0,0,0,0,0,0,0,0,0,0,0,0,0,0,0,0,0,0,0,58,2026-02-04 14:47:25.573374
WNTR,25.0,24.89,25.0,2052900.0,2115900.0,0,0,0,0,0,0,0,0,0,0,0,0,0,0,0,0,0,0,0,0,58,2026-02-04 14:47:25.573374
SPNG,25.19,25.19,25.22,2605200.0,2410900.0,0,0,0,0,0,0,0,0,0,0,0,0,0,0,0,0,0,0,0,0,59,2026-02-04 14:47:26.606552
SMMR,24.99,24.99,25.07,2290100.0,2360300.0,0,0,0,0,0,0,0,0,0,0,0,0,0,0,0,0,0,0,0,0,59,2026-02-04 14:47:26.606552
ATMN,25.32,24.82,25.32,2404100.0,2336500.0,0,0,0,0,0,0,0,0,0,0,0,0,0,0,0,0,0,0,0,0,59,2026-02-04 14:47:26.606552
WNTR,24.9,24.89,24.9,2052900.0,2091300.0,0,0,0,0,0,0,0,0,0,0,0,0,0,0,0,0,0,0,0,0,59,2026-02-04 14:47:26.606552
SPNG,25.32,24.25,0.0,200000.0,0,0,0,0,0,0,0,0,0,0,0,0,0,0,0,0,0,0,0,0,0,60,2026-02-04 14:47:27.642362
SMMR,24.99,25.05,0.0,200000.0,0,0,0,0,0,0,0,0,0,0,0,0,0,0,0,0,0,0,0,0,0,60,2026-02-04 14:47:27.642362
ATMN,25.37,25.69,0.0,200000.0,0,0,0,0,0,0,0,0,0,0,0,0,0,0,0,0,0,0,0,0,0,60,2026-02-04 14:47:27.642362
WNTR,24.89,24.67,0.0,200000.0,0,0,0,0,0,0,0,0,0,0,0,0,0,0,0,0,0,0,0,0,0,60,2026-02-04 14:47:27.642362
SPNG,26.23,26.23,27.53,970400.0,913600.0,5000.0,0,0,0,0,0,0,0,0,0,0,0,0,0,0,0,0,0,0,0,61,2026-02-04 14:47:28.693670
SMMR,25.11,25.05,25.11,962700.0,940900.0,,0,0,0,0,0,0,0,0,0,0,0,0,0,0,0,0,0,0,0,61,2026-02-04 14:47:28.693670
ATMN,25.7,25.95,27.44,1093300.0,767800.0,,0,0,0,0,0,0,0,0,0,0,0,0,0,0,0,0,0,0,0,61,2026-02-04 14:47:28.693670
WNTR,24.86,24.53,24.72,892400.0,870800.0,,0,0,0,0,0,0,0,0,0,0,0,0,0,0,0,0,0,0,0,61,2026-02-04 14:47:28.693670
SPNG,24.25,24.25,26.42,1048400.0,1027300.0,10000.0,0,0,0,0,0,0,0,0,0,0,0,0,0,0,0,0,0,0,0,62,2026-02-04 14:47:29.743271
SMMR,25.11,25.05,25.1,1095200.0,1266700.0,,0,0,0,0,0,0,0,0,0,0,0,0,0,0,0,0,0,0,0,62,2026-02-04 14:47:29.743271
ATMN,25.69,25.69,26.13,995300.0,974900.0,,0,0,0,0,0,0,0,0,0,0,0,0,0,0,0,0,0,0,0,62,2026-02-04 14:47:29.743271
WNTR,24.72,24.49,24.72,927400.0,963900.0,,0,0,0,0,0,0,0,0,0,0,0,0,0,0,0,0,0,0,0,62,2026-02-04 14:47:29.743271
SPNG,24.25,24.25,25.54,1048400.0,1271600.0,5000.0,0,0,0,0,0,0,0,0,0,0,0,0,0,0,0,0,0,0,0,63,2026-02-04 14:47:30.782798
SMMR,25.07,25.05,25.07,995200.0,1388600.0,,0,0,0,0,0,0,0,0,0,0,0,0,0,0,0,0,0,0,0,63,2026-02-04 14:47:30.782798
ATMN,25.69,25.92,26.13,1282500.0,974900.0,,0,0,0,0,0,0,0,0,0,0,0,0,0,0,0,0,0,0,0,63,2026-02-04 14:47:30.782798
WNTR,24.72,24.67,24.69,1244400.0,1055400.0,,0,0,0,0,0,0,0,0,0,0,0,0,0,0,0,0,0,0,0,63,2026-02-04 14:47:30.782798
SPNG,24.25,24.1,24.15,1143300.0,1503200.0,5000.0,0,0,0,0,0,0,0,0,0,0,0,0,0,0,0,0,0,0,0,64,2026-02-04 14:47:31.824394
SMMR,25.03,25.03,25.1,1006000.0,1266700.0,,0,0,0,0,0,0,0,0,0,0,0,0,0,0,0,0,0,0,0,64,2026-02-04 14:47:31.824394
ATMN,25.92,25.66,25.87,1393500.0,1075200.0,,0,0,0,0,0,0,0,0,0,0,0,0,0,0,0,0,0,0,0,64,2026-02-04 14:47:31.824394
WNTR,24.61,24.61,24.69,1138800.0,1055400.0,,0,0,0,0,0,0,0,0,0,0,0,0,0,0,0,0,0,0,0,64,2026-02-04 14:47:31.824394
SPNG,24.1,24.1,25.22,1143300.0,1537500.0,0,0,0,0,0,0,0,0,0,0,0,0,0,0,0,0,0,0,0,0,65,2026-02-04 14:47:32.861501
SMMR,25.13,25.08,25.12,1103300.0,1277000.0,0,0,0,0,0,0,0,0,0,0,0,0,0,0,0,0,0,0,0,0,65,2026-02-04 14:47:32.861501
ATMN,25.45,25.45,25.68,1495000.0,1207500.0,0,0,0,0,0,0,0,0,0,0,0,0,0,0,0,0,0,0,0,0,65,2026-02-04 14:47:32.861501
WNTR,24.77,24.78,24.86,1461800.0,756200.0,0,0,0,0,0,0,0,0,0,0,0,0,0,0,0,0,0,0,0,0,65,2026-02-04 14:47:32.861501
SPNG,23.92,24.17,24.52,1285200.0,1677200.0,,0,0,0,0,0,0,0,0,0,0,0,0,0,0,0,0,0,0,0,66,2026-02-04 14:47:33.908006
SMMR,25.03,25.03,25.13,1117700.0,1144100.0,,0,0,0,0,0,0,0,0,0,0,0,0,0,0,0,0,0,0,0,66,2026-02-04 14:47:33.908006
ATMN,25.45,25.46,25.68,1734300.0,1207500.0,6000.0,0,0,0,0,0,0,0,0,0,0,0,0,0,0,0,0,0,0,0,66,2026-02-04 14:47:33.908006
WNTR,24.79,24.79,24.86,1577900.0,855800.0,,0,0,0,0,0,0,0,0,0,0,0,0,0,0,0,0,0,0,0,66,2026-02-04 14:47:33.908006
SPNG,24.36,24.36,24.43,1256100.0,6000.0,1774700.0,,0,0,0,0,0,0,0,0,0,0,0,0,0,0,0,0,0,0,67,2026-02-04 14:47:34.943065
SMMR,25.35,25.03,25.19,1234900.0,,921600.0,6000.0,0,0,0,0,0,0,0,0,0,0,0,0,0,0,0,0,0,0,67,2026-02-04 14:47:34.943065
ATMN,26.06,26.06,26.11,1826000.0,6000.0,1215300.0,,0,0,0,0,0,0,0,0,0,0,0,0,0,0,0,0,0,0,67,2026-02-04 14:47:34.943065
WNTR,24.79,24.79,24.86,1577900.0,6000.0,1156500.0,,0,0,0,0,0,0,0,0,0,0,0,0,0,0,0,0,0,0,67,2026-02-04 14:47:34.943065
SPNG,24.24,24.24,24.43,1392800.0,5000.0,6000.0,1774700.0,5000.0,,0,0,0,0,0,0,0,0,0,0,0,0,0,0,0,0,68,2026-02-04 14:47:35.987254
SMMR,25.01,25.01,25.34,1304400.0,,,921600.0,,6000.0,0,0,0,0,0,0,0,0,0,0,0,0,0,0,0,0,68,2026-02-04 14:47:35.987254
ATMN,25.44,25.46,25.58,1523500.0,,6000.0,1413400.0,,6000.0,0,0,0,0,0,0,0,0,0,0,0,0,0,0,0,0,68,2026-02-04 14:47:35.987254
WNTR,24.61,24.61,24.84,1259300.0,,,1274700.0,,,0,0,0,0,0,0,0,0,0,0,0,0,0,0,0,0,68,2026-02-04 14:47:35.987254
SPNG,24.11,24.01,24.11,6000.0,1384400.0,1900500.0,5000.0,,0,0,0,0,0,0,0,0,0,0,0,0,0,0,0,0,0,69,2026-02-04 14:47:37.088889
SMMR,24.98,24.98,25.11,,1209200.0,1149500.0,,6000.0,0,0,0,0,0,0,0,0,0,0,0,0,0,0,0,0,0,69,2026-02-04 14:47:37.088889
ATMN,26.0,26.0,26.11,6000.0,1773200.0,1413400.0,,,0,0,0,0,0,0,0,0,0,0,0,0,0,0,0,0,0,69,2026-02-04 14:47:37.088889
WNTR,24.84,24.77,24.78,6000.0,1378000.0,1367600.0,,6000.0,0,0,0,0,0,0,0,0,0,0,0,0,0,0,0,0,0,69,2026-02-04 14:47:37.088889
SPNG,24.11,24.31,24.43,1642100.0,6000.0,1774700.0,,0,0,0,0,0,0,0,0,0,0,0,0,0,0,0,0,0,0,70,2026-02-04 14:47:37.619217
SMMR,25.11,25.26,25.27,1339900.0,,1180000.0,6000.0,0,0,0,0,0,0,0,0,0,0,0,0,0,0,0,0,0,0,70,2026-02-04 14:47:37.619217
ATMN,25.44,25.44,26.11,1638300.0,,1510300.0,,0,0,0,0,0,0,0,0,0,0,0,0,0,0,0,0,0,0,70,2026-02-04 14:47:37.619217
WNTR,24.77,24.61,24.71,1467900.0,,1482100.0,6000.0,0,0,0,0,0,0,0,0,0,0,0,0,0,0,0,0,0,0,70,2026-02-04 14:47:37.619217
SPNG,23.92,24.42,24.43,1638200.0,6000.0,1890300.0,5000.0,,0,0,0,0,0,0,0,0,0,0,0,0,0,0,0,0,0,71,2026-02-04 14:47:38.679153
SMMR,25.26,24.98,25.17,1341400.0,,1393300.0,,6000.0,0,0,0,0,0,0,0,0,0,0,0,0,0,0,0,0,0,71,2026-02-04 14:47:38.679153
ATMN,25.75,25.94,26.11,1750900.0,6000.0,1732000.0,,,0,0,0,0,0,0,0,0,0,0,0,0,0,0,0,0,0,71,2026-02-04 14:47:38.679153
WNTR,24.67,24.67,24.71,1591000.0,,1585300.0,,6000.0,0,0,0,0,0,0,0,0,0,0,0,0,0,0,0,0,0,71,2026-02-04 14:47:38.679153
SPNG,24.42,24.42,24.43,1638200.0,6000.0,2155900.0,5000.0,,0,0,0,0,0,0,0,0,0,0,0,0,0,0,0,0,0,72,2026-02-04 14:47:39.731367
SMMR,25.24,25.0,25.1,1447900.0,,1423200.0,,6000.0,0,0,0,0,0,0,0,0,0,0,0,0,0,0,0,0,0,72,2026-02-04 14:47:39.731367
ATMN,25.94,25.45,25.82,1638300.0,6000.0,2034800.0,,,0,0,0,0,0,0,0,0,0,0,0,0,0,0,0,0,0,72,2026-02-04 14:47:39.731367
WNTR,24.71,24.67,24.71,1789000.0,,1585300.0,,,0,0,0,0,0,0,0,0,0,0,0,0,0,0,0,0,0,72,2026-02-04 14:47:39.731367
SPNG,24.5,23.92,24.06,1659200.0,5000.0,2131600.0,,,0,0,0,0,0,0,0,0,0,0,0,0,0,0,0,0,0,73,2026-02-04 14:47:40.779659
SMMR,25.1,25.07,25.1,1434400.0,,1679600.0,6000.0,,0,0,0,0,0,0,0,0,0,0,0,0,0,0,0,0,0,73,2026-02-04 14:47:40.779659
ATMN,25.84,25.86,26.11,1877400.0,,2046900.0,,6000.0,0,0,0,0,0,0,0,0,0,0,0,0,0,0,0,0,0,73,2026-02-04 14:47:40.779659
WNTR,24.54,24.58,24.71,1449300.0,,1585300.0,,,0,0,0,0,0,0,0,0,0,0,0,0,0,0,0,0,0,73,2026-02-04 14:47:40.779659
SPNG,24.52,24.07,24.11,6000.0,10000.0,1805700.0,6000.0,10000.0,1926100.0,0,0,0,0,0,0,0,0,0,0,0,0,0,0,0,0,74,2026-02-04 14:47:41.829290
SMMR,25.0,25.0,25.07,,,1470300.0,6000.0,,1813300.0,0,0,0,0,0,0,0,0,0,0,0,0,0,0,0,0,74,2026-02-04 14:47:41.829290
ATMN,25.31,25.31,26.11,,,1627000.0,,,2049800.0,0,0,0,0,0,0,0,0,0,0,0,0,0,0,0,0,74,2026-02-04 14:47:41.829290
WNTR,24.63,24.7,24.82,,,1563700.0,,,1564700.0,0,0,0,0,0,0,0,0,0,0,0,0,0,0,0,0,74,2026-02-04 14:47:41.829290
SPNG,23.91,24.42,24.52,5000.0,1778800.0,1999300.0,5000.0,,,0,0,0,0,0,0,0,0,0,0,0,0,0,0,0,0,75,2026-02-04 14:47:42.868785
SMMR,24.95,25.04,25.16,,1346300.0,1545000.0,,,,0,0,0,0,0,0,0,0,0,0,0,0,0,0,0,0,75,2026-02-04 14:47:42.868785
ATMN,25.5,25.45,25.5,,1891100.0,1974700.0,,6000.0,6000.0,0,0,0,0,0,0,0,0,0,0,0,0,0,0,0,0,75,2026-02-04 14:47:42.868785
WNTR,24.58,24.58,24.61,,1449300.0,1907400.0,,,,0,0,0,0,0,0,0,0,0,0,0,0,0,0,0,0,75,2026-02-04 14:47:42.868785
SPNG,24.12,24.44,24.52,1922200.0,1999300.0,,,0,0,0,0,0,0,0,0,0,0,0,0,0,0,0,0,0,0,76,2026-02-04 14:47:43.907262
SMMR,25.08,25.04,25.05,1346300.0,1887400.0,6000.0,6000.0,0,0,0,0,0,0,0,0,0,0,0,0,0,0,0,0,0,0,76,2026-02-04 14:47:43.907262
ATMN,26.11,25.47,26.11,2107500.0,2023500.0,6000.0,,0,0,0,0,0,0,0,0,0,0,0,0,0,0,0,0,0,0,76,2026-02-04 14:47:43.907262
WNTR,24.58,24.58,24.61,1574400.0,2034900.0,,,0,0,0,0,0,0,0,0,0,0,0,0,0,0,0,0,0,0,76,2026-02-04 14:47:43.907262
SPNG,24.44,24.44,24.52,1922200.0,5000.0,6000.0,2187400.0,5000.0,,0,0,0,0,0,0,0,0,0,0,0,0,0,0,0,0,77,2026-02-04 14:47:44.956485
SMMR,24.97,24.97,25.05,1377200.0,,,2113000.0,,6000.0,0,0,0,0,0,0,0,0,0,0,0,0,0,0,0,0,77,2026-02-04 14:47:44.956485
ATMN,25.87,25.47,26.11,2226500.0,,6000.0,2017400.0,,,0,0,0,0,0,0,0,0,0,0,0,0,0,0,0,0,77,2026-02-04 14:47:44.956485
WNTR,24.63,24.56,24.63,1743600.0,,,2024700.0,,,0,0,0,0,0,0,0,0,0,0,0,0,0,0,0,0,77,2026-02-04 14:47:44.956485
SPNG,24.41,24.09,24.41,6000.0,5000.0,1896400.0,5000.0,2187400.0,,0,0,0,0,0,0,0,0,0,0,0,0,0,0,0,0,78,2026-02-04 14:47:45.985042
SMMR,25.05,24.97,25.05,,,1485700.0,,2221900.0,6000.0,0,0,0,0,0,0,0,0,0,0,0,0,0,0,0,0,78,2026-02-04 14:47:45.985042
ATMN,25.77,25.47,25.77,6000.0,,2226500.0,,2077200.0,,0,0,0,0,0,0,0,0,0,0,0,0,0,0,0,0,78,2026-02-04 14:47:45.985042
WNTR,24.64,24.56,24.64,,,1743600.0,,2001600.0,,0,0,0,0,0,0,0,0,0,0,0,0,0,0,0,0,78,2026-02-04 14:47:45.985042
SPNG,24.37,24.37,24.41,2016000.0,5000.0,6000.0,5000.0,2183900.0,0,0,0,0,0,0,0,0,0,0,0,0,0,0,0,0,0,79,2026-02-04 14:47:47.030128
SMMR,25.06,25.03,25.06,1576500.0,,,,2094100.0,0,0,0,0,0,0,0,0,0,0,0,0,0,0,0,0,0,79,2026-02-04 14:47:47.030128
ATMN,25.77,25.81,25.95,2351200.0,,6000.0,,2106700.0,0,0,0,0,0,0,0,0,0,0,0,0,0,0,0,0,0,79,2026-02-04 14:47:47.030128
WNTR,24.56,24.56,24.6,1743600.0,,,,1988900.0,0,0,0,0,0,0,0,0,0,0,0,0,0,0,0,0,0,79,2026-02-04 14:47:47.030128
SPNG,24.27,24.27,24.41,2035300.0,5000.0,6000.0,5000.0,2183900.0,0,0,0,0,0,0,0,0,0,0,0,0,0,0,0,0,0,80,2026-02-04 14:47:48.073695
SMMR,25.08,25.06,25.08,1618000.0,,,,1882800.0,0,0,0,0,0,0,0,0,0,0,0,0,0,0,0,0,0,80,2026-02-04 14:47:48.073695
ATMN,25.77,25.81,25.84,2351200.0,,,,2164500.0,0,0,0,0,0,0,0,0,0,0,0,0,0,0,0,0,0,80,2026-02-04 14:47:48.073695
WNTR,24.56,24.51,24.53,1714900.0,,,,2048100.0,0,0,0,0,0,0,0,0,0,0,0,0,0,0,0,0,0,80,2026-02-04 14:47:48.073695
SPNG,24.38,24.43,24.52,2138500.0,5000.0,2281800.0,,0,0,0,0,0,0,0,0,0,0,0,0,0,0,0,0,0,0,81,2026-02-04 14:47:49.108403
SMMR,25.1,24.88,25.1,1247700.0,,1888400.0,,0,0,0,0,0,0,0,0,0,0,0,0,0,0,0,0,0,0,81,2026-02-04 14:47:49.108403
ATMN,25.75,25.77,25.84,2226500.0,,2196600.0,6000.0,0,0,0,0,0,0,0,0,0,0,0,0,0,0,0,0,0,0,81,2026-02-04 14:47:49.108403
WNTR,24.53,24.55,24.6,1955700.0,,2014900.0,,0,0,0,0,0,0,0,0,0,0,0,0,0,0,0,0,0,0,81,2026-02-04 14:47:49.108403
SPNG,24.41,23.91,23.95,2029200.0,2185200.0,5000.0,0,0,0,0,0,0,0,0,0,0,0,0,0,0,0,0,0,0,0,82,2026-02-04 14:47:49.645717
SMMR,25.1,25.05,25.1,1443800.0,1888400.0,,0,0,0,0,0,0,0,0,0,0,0,0,0,0,0,0,0,0,0,82,2026-02-04 14:47:49.645717
ATMN,25.32,25.64,25.84,2235600.0,2196600.0,,0,0,0,0,0,0,0,0,0,0,0,0,0,0,0,0,0,0,0,82,2026-02-04 14:47:49.645717
WNTR,24.53,24.56,24.6,2078700.0,2014800.0,,0,0,0,0,0,0,0,0,0,0,0,0,0,0,0,0,0,0,0,82,2026-02-04 14:47:49.645717
SPNG,24.44,24.1,24.37,6000.0,5000.0,2133500.0,6000.0,5000.0,2076300.0,0,0,0,0,0,0,0,0,0,0,0,0,0,0,0,0,83,2026-02-04 14:47:50.694745
SMMR,24.77,24.87,24.99,,,1344400.0,,,2000400.0,0,0,0,0,0,0,0,0,0,0,0,0,0,0,0,0,83,2026-02-04 14:47:50.694745
ATMN,25.84,25.64,25.77,6000.0,,2235600.0,6000.0,,2076800.0,0,0,0,0,0,0,0,0,0,0,0,0,0,0,0,0,83,2026-02-04 14:47:50.694745
WNTR,24.64,24.62,24.64,,,2192800.0,6000.0,,1916300.0,0,0,0,0,0,0,0,0,0,0,0,0,0,0,0,0,83,2026-02-04 14:47:50.694745
SPNG,23.97,23.95,23.97,2276900.0,1700.0,5000.0,2000.0,2076300.0,,0,0,0,0,0,0,0,0,0,0,0,0,0,0,0,0,84,2026-02-04 14:47:51.731638
SMMR,24.77,24.87,24.99,1676100.0,,,,2000400.0,,0,0,0,0,0,0,0,0,0,0,0,0,0,0,0,0,84,2026-02-04 14:47:51.731638
ATMN,25.9,25.64,25.9,2344600.0,,,,2173300.0,6000.0,0,0,0,0,0,0,0,0,0,0,0,0,0,0,0,0,84,2026-02-04 14:47:51.731638
WNTR,24.56,24.56,24.64,2078700.0,,,6000.0,1898800.0,,0,0,0,0,0,0,0,0,0,0,0,0,0,0,0,0,84,2026-02-04 14:47:51.731638
SPNG,24.1,23.95,24.0,2276900.0,2180900.0,6000.0,0,0,0,0,0,0,0,0,0,0,0,0,0,0,0,0,0,0,0,85,2026-02-04 14:47:52.779560
SMMR,24.87,24.76,24.8,1675100.0,2113800.0,6000.0,0,0,0,0,0,0,0,0,0,0,0,0,0,0,0,0,0,0,0,85,2026-02-04 14:47:52.779560
ATMN,25.77,25.57,25.58,2312500.0,2079500.0,3200.0,0,0,0,0,0,0,0,0,0,0,0,0,0,0,0,0,0,0,0,85,2026-02-04 14:47:52.779560
WNTR,24.56,24.56,24.58,2181500.0,1994100.0,,0,0,0,0,0,0,0,0,0,0,0,0,0,0,0,0,0,0,0,85,2026-02-04 14:47:52.779560
SPNG,24.74,23.95,24.74,2276900.0,6700.0,2193300.0,,0,0,0,0,0,0,0,0,0,0,0,0,0,0,0,0,0,0,86,2026-02-04 14:47:53.824374
SMMR,24.8,24.76,24.8,2025800.0,,2113800.0,6000.0,0,0,0,0,0,0,0,0,0,0,0,0,0,0,0,0,0,0,86,2026-02-04 14:47:53.824374
ATMN,25.58,25.69,25.82,2393500.0,,1980700.0,6000.0,0,0,0,0,0,0,0,0,0,0,0,0,0,0,0,0,0,0,86,2026-02-04 14:47:53.824374
WNTR,24.67,24.56,24.67,2283200.0,,2007100.0,,0,0,0,0,0,0,0,0,0,0,0,0,0,0,0,0,0,0,86,2026-02-04 14:47:53.824374
SPNG,24.04,24.11,24.37,2516600.0,6000.0,2016100.0,0,0,0,0,0,0,0,0,0,0,0,0,0,0,0,0,0,0,0,87,2026-02-04 14:47:54.861808
SMMR,24.76,24.76,25.05,2134800.0,6000.0,1888400.0,0,0,0,0,0,0,0,0,0,0,0,0,0,0,0,0,0,0,0,87,2026-02-04 14:47:54.861808
ATMN,25.69,25.57,25.59,2390400.0,6000.0,2105700.0,0,0,0,0,0,0,0,0,0,0,0,0,0,0,0,0,0,0,0,87,2026-02-04 14:47:54.861808
WNTR,24.66,24.51,24.66,2041900.0,,2008100.0,0,0,0,0,0,0,0,0,0,0,0,0,0,0,0,0,0,0,0,87,2026-02-04 14:47:54.861808
SPNG,23.95,23.95,24.74,2378400.0,2140600.0,5000.0,,0,0,0,0,0,0,0,0,0,0,0,0,0,0,0,0,0,0,88,2026-02-04 14:47:55.909521
SMMR,24.98,24.98,25.05,2258000.0,1888400.0,,6000.0,0,0,0,0,0,0,0,0,0,0,0,0,0,0,0,0,0,0,88,2026-02-04 14:47:55.909521
ATMN,25.57,25.57,25.82,2353000.0,2072300.0,,6000.0,0,0,0,0,0,0,0,0,0,0,0,0,0,0,0,0,0,0,88,2026-02-04 14:47:55.909521
WNTR,24.66,24.51,24.66,2258300.0,2024700.0,,,0,0,0,0,0,0,0,0,0,0,0,0,0,0,0,0,0,0,88,2026-02-04 14:47:55.909521
SPNG,24.32,24.66,24.74,2502800.0,6000.0,2140600.0,5000.0,0,0,0,0,0,0,0,0,0,0,0,0,0,0,0,0,0,0,89,2026-02-04 14:47:56.961802
SMMR,25.11,24.98,25.11,2119700.0,6000.0,2023500.0,,0,0,0,0,0,0,0,0,0,0,0,0,0,0,0,0,0,0,89,2026-02-04 14:47:56.961802
ATMN,25.57,25.42,25.52,2416600.0,,2178200.0,,0,0,0,0,0,0,0,0,0,0,0,0,0,0,0,0,0,0,89,2026-02-04 14:47:56.961802
WNTR,24.5,24.49,24.5,2140800.0,,2028300.0,,0,0,0,0,0,0,0,0,0,0,0,0,0,0,0,0,0,0,89,2026-02-04 14:47:56.961802
SPNG,24.55,24.09,24.15,6000.0,10000.0,2221600.0,10000.0,2073900.0,,0,0,0,0,0,0,0,0,0,0,0,0,0,0,0,0,90,2026-02-04 14:47:57.995778
SMMR,25.19,24.98,25.03,6000.0,,2119700.0,,1881100.0,,0,0,0,0,0,0,0,0,0,0,0,0,0,0,0,0,90,2026-02-04 14:47:57.995778
ATMN,25.52,25.5,25.52,,,2311100.0,,2083300.0,6000.0,0,0,0,0,0,0,0,0,0,0,0,0,0,0,0,0,90,2026-02-04 14:47:57.995778
WNTR,24.49,24.49,24.66,,,2226400.0,,2024700.0,,0,0,0,0,0,0,0,0,0,0,0,0,0,0,0,0,90,2026-02-04 14:47:57.995778
SPNG,24.44,24.44,24.55,2510000.0,5000.0,2233900.0,5000.0,,,0,0,0,0,0,0,0,0,0,0,0,0,0,0,0,0,91,2026-02-04 14:47:59.044219
SMMR,25.05,24.96,25.05,2107700.0,,1769000.0,,6000.0,6000.0,0,0,0,0,0,0,0,0,0,0,0,0,0,0,0,0,91,2026-02-04 14:47:59.044219
ATMN,25.95,25.5,25.77,2304200.0,,2066200.0,,,6000.0,0,0,0,0,0,0,0,0,0,0,0,0,0,0,0,0,91,2026-02-04 14:47:59.044219
WNTR,24.49,24.49,24.61,2223900.0,,2028400.0,,,,0,0,0,0,0,0,0,0,0,0,0,0,0,0,0,0,91,2026-02-04 14:47:59.044219
SPNG,23.95,23.99,24.34,2484900.0,5000.0,6000.0,2122800.0,5000.0,0,0,0,0,0,0,0,0,0,0,0,0,0,0,0,0,0,92,2026-02-04 14:48:00.097921
SMMR,25.0,25.05,25.19,2273700.0,,,1877200.0,,0,0,0,0,0,0,0,0,0,0,0,0,0,0,0,0,0,92,2026-02-04 14:48:00.097921
ATMN,25.46,25.67,25.7,2329700.0,,,2175300.0,,0,0,0,0,0,0,0,0,0,0,0,0,0,0,0,0,0,92,2026-02-04 14:48:00.097921
WNTR,24.67,24.57,24.67,2192000.0,,,2021600.0,,0,0,0,0,0,0,0,0,0,0,0,0,0,0,0,0,0,92,2026-02-04 14:48:00.097921
SPNG,23.95,24.28,24.29,2276600.0,5000.0,6000.0,6000.0,5000.0,2118000.0,0,0,0,0,0,0,0,0,0,0,0,0,0,0,0,0,93,2026-02-04 14:48:01.134175
SMMR,25.05,25.05,25.26,2156500.0,,6000.0,,,1738700.0,0,0,0,0,0,0,0,0,0,0,0,0,0,0,0,0,93,2026-02-04 14:48:01.134175
ATMN,25.79,25.75,25.78,2304000.0,,,6000.0,,2071900.0,0,0,0,0,0,0,0,0,0,0,0,0,0,0,0,0,93,2026-02-04 14:48:01.134175
WNTR,24.67,24.57,24.6,2217300.0,,,,,2011000.0,0,0,0,0,0,0,0,0,0,0,0,0,0,0,0,0,93,2026-02-04 14:48:01.134175
SPNG,24.55,24.22,24.55,2313600.0,2800.0,6000.0,2316500.0,,0,0,0,0,0,0,0,0,0,0,0,0,0,0,0,0,0,94,2026-02-04 14:48:02.176636
SMMR,25.06,25.06,25.12,2134100.0,,6000.0,1973500.0,,0,0,0,0,0,0,0,0,0,0,0,0,0,0,0,0,0,94,2026-02-04 14:48:02.176636
ATMN,25.75,25.75,25.76,2304100.0,,,2071900.0,6000.0,0,0,0,0,0,0,0,0,0,0,0,0,0,0,0,0,0,94,2026-02-04 14:48:02.176636
WNTR,24.67,24.58,24.67,2217900.0,,,2021600.0,,0,0,0,0,0,0,0,0,0,0,0,0,0,0,0,0,0,94,2026-02-04 14:48:02.176636
SPNG,23.99,24.02,24.55,6000.0,2484900.0,2233900.0,5000.0,0,0,0,0,0,0,0,0,0,0,0,0,0,0,0,0,0,0,95,2026-02-04 14:48:02.716976
SMMR,25.12,25.07,25.12,6000.0,2132500.0,1973500.0,,0,0,0,0,0,0,0,0,0,0,0,0,0,0,0,0,0,0,95,2026-02-04 14:48:02.716976
ATMN,25.77,25.77,25.79,,2286400.0,2166800.0,,0,0,0,0,0,0,0,0,0,0,0,0,0,0,0,0,0,0,95,2026-02-04 14:48:02.716976
WNTR,24.67,24.58,24.67,,2216300.0,2021600.0,,0,0,0,0,0,0,0,0,0,0,0,0,0,0,0,0,0,0,95,2026-02-04 14:48:02.716976
SPNG,23.91,24.01,24.29,6000.0,2800.0,2304000.0,6000.0,5000.0,2122800.0,0,0,0,0,0,0,0,0,0,0,0,0,0,0,0,0,96,2026-02-04 14:48:03.753344
SMMR,25.06,25.06,25.09,6000.0,,2136500.0,,,2075800.0,0,0,0,0,0,0,0,0,0,0,0,0,0,0,0,0,96,2026-02-04 14:48:03.753344
ATMN,25.77,25.77,25.8,6000.0,,2185400.0,,,2206200.0,0,0,0,0,0,0,0,0,0,0,0,0,0,0,0,0,96,2026-02-04 14:48:03.753344
WNTR,24.73,24.58,24.73,,,2216300.0,,,2046500.0,0,0,0,0,0,0,0,0,0,0,0,0,0,0,0,0,96,2026-02-04 14:48:03.753344
SPNG,24.75,24.09,24.75,6000.0,2800.0,2316700.0,2240200.0,0,0,0,0,0,0,0,0,0,0,0,0,0,0,0,0,0,0,97,2026-02-04 14:48:04.795579
SMMR,25.06,25.06,25.12,6000.0,,2136500.0,2076900.0,0,0,0,0,0,0,0,0,0,0,0,0,0,0,0,0,0,0,97,2026-02-04 14:48:04.795579
ATMN,25.67,25.7,25.95,6000.0,,2175700.0,2215600.0,0,0,0,0,0,0,0,0,0,0,0,0,0,0,0,0,0,0,97,2026-02-04 14:48:04.795579
WNTR,24.73,24.58,24.59,,,2219900.0,2019100.0,0,0,0,0,0,0,0,0,0,0,0,0,0,0,0,0,0,0,97,2026-02-04 14:48:04.795579
SPNG,24.25,24.24,24.25,6000.0,5000.0,2310900.0,2176000.0,5000.0,0,0,0,0,0,0,0,0,0,0,0,0,0,0,0,0,0,98,2026-02-04 14:48:05.841938
SMMR,25.12,25.0,25.12,,,2240500.0,2179700.0,,0,0,0,0,0,0,0,0,0,0,0,0,0,0,0,0,0,98,2026-02-04 14:48:05.841938
ATMN,25.96,25.68,25.96,6000.0,,2162600.0,2175000.0,,0,0,0,0,0,0,0,0,0,0,0,0,0,0,0,0,0,98,2026-02-04 14:48:05.841938
WNTR,24.76,24.58,24.76,,,2219900.0,2024200.0,,0,0,0,0,0,0,0,0,0,0,0,0,0,0,0,0,0,98,2026-02-04 14:48:05.841938
SPNG,24.81,24.27,24.73,6000.0,2454100.0,2170700.0,5000.0,,0,0,0,0,0,0,0,0,0,0,0,0,0,0,0,0,0,99,2026-02-04 14:48:06.880980
SMMR,25.14,25.06,25.12,6000.0,2163500.0,2145800.0,,6000.0,0,0,0,0,0,0,0,0,0,0,0,0,0,0,0,0,0,99,2026-02-04 14:48:06.880980
ATMN,25.79,25.93,25.96,,2286500.0,2175000.0,,,0,0,0,0,0,0,0,0,0,0,0,0,0,0,0,0,0,99,2026-02-04 14:48:06.880980
WNTR,24.76,24.58,24.76,,2219900.0,1935000.0,,6000.0,0,0,0,0,0,0,0,0,0,0,0,0,0,0,0,0,0,99,2026-02-04 14:48:06.880980
SPNG,24.81,24.38,24.58,6000.0,5000.0,2310900.0,2142600.0,10000.0,,0,0,0,0,0,0,0,0,0,0,0,0,0,0,0,0,100,2026-02-04 14:48:07.922345
SMMR,25.01,25.1,25.19,,,2286800.0,2043000.0,,,0,0,0,0,0,0,0,0,0,0,0,0,0,0,0,0,100,2026-02-04 14:48:07.922345
ATMN,25.48,25.75,25.79,6000.0,,2205000.0,2072300.0,,6000.0,0,0,0,0,0,0,0,0,0,0,0,0,0,0,0,0,100,2026-02-04 14:48:07.922345
WNTR,24.76,24.62,24.76,,,2184600.0,1935000.0,,6000.0,0,0,0,0,0,0,0,0,0,0,0,0,0,0,0,0,100,2026-02-04 14:48:07.922345
SPNG,24.36,23.95,24.05,6000.0,5000.0,2281800.0,2299000.0,5000.0,,0,0,0,0,0,0,0,0,0,0,0,0,0,0,0,0,101,2026-02-04 14:48:08.958293
SMMR,25.01,25.1,25.14,,,2315900.0,2284400.0,,,0,0,0,0,0,0,0,0,0,0,0,0,0,0,0,0,101,2026-02-04 14:48:08.958293
ATMN,25.46,25.7,25.79,,,2304500.0,2072300.0,,6000.0,0,0,0,0,0,0,0,0,0,0,0,0,0,0,0,0,101,2026-02-04 14:48:08.958293
WNTR,24.61,24.66,24.76,,,2173200.0,1935000.0,,6000.0,0,0,0,0,0,0,0,0,0,0,0,0,0,0,0,0,101,2026-02-04 14:48:08.958293
SPNG,24.05,24.55,24.56,2264700.0,5000.0,6000.0,2331900.0,5000.0,,0,0,0,0,0,0,0,0,0,0,0,0,0,0,0,0,102,2026-02-04 14:48:09.991688
SMMR,25.09,25.0,25.09,2294600.0,,,2297100.0,,,0,0,0,0,0,0,0,0,0,0,0,0,0,0,0,0,102,2026-02-04 14:48:09.991688
ATMN,25.97,25.7,25.97,2300700.0,,,2176000.0,,,0,0,0,0,0,0,0,0,0,0,0,0,0,0,0,0,102,2026-02-04 14:48:09.991688
WNTR,24.61,24.66,24.73,2157200.0,,,1924500.0,,6000.0,0,0,0,0,0,0,0,0,0,0,0,0,0,0,0,0,102,2026-02-04 14:48:09.991688
SPNG,24.05,24.55,24.56,2264700.0,5000.0,6000.0,2344400.0,5000.0,,0,0,0,0,0,0,0,0,0,0,0,0,0,0,0,0,103,2026-02-04 14:48:11.023309
SMMR,25.12,25.0,25.09,2295900.0,,,2321700.0,,,0,0,0,0,0,0,0,0,0,0,0,0,0,0,0,0,103,2026-02-04 14:48:11.023309
ATMN,25.87,25.87,25.97,2323000.0,,,2189800.0,,,0,0,0,0,0,0,0,0,0,0,0,0,0,0,0,0,103,2026-02-04 14:48:11.023309
WNTR,24.66,24.66,24.73,2157200.0,,,1946600.0,,6000.0,0,0,0,0,0,0,0,0,0,0,0,0,0,0,0,0,103,2026-02-04 14:48:11.023309
SPNG,24.55,24.55,24.56,2264700.0,5000.0,6000.0,2394600.0,5000.0,,0,0,0,0,0,0,0,0,0,0,0,0,0,0,0,0,104,2026-02-04 14:48:12.059942
SMMR,25.0,25.0,25.09,2295900.0,,,2319900.0,,,0,0,0,0,0,0,0,0,0,0,0,0,0,0,0,0,104,2026-02-04 14:48:12.059942
ATMN,25.52,25.57,25.78,2286800.0,,,2052800.0,,6000.0,0,0,0,0,0,0,0,0,0,0,0,0,0,0,0,0,104,2026-02-04 14:48:12.059942
WNTR,24.57,24.57,24.82,2171200.0,,,1974200.0,,,0,0,0,0,0,0,0,0,0,0,0,0,0,0,0,0,104,2026-02-04 14:48:12.059942
SPNG,23.91,24.1,24.56,2387000.0,5000.0,2394600.0,5000.0,0,0,0,0,0,0,0,0,0,0,0,0,0,0,0,0,0,0,105,2026-02-04 14:48:13.095897
SMMR,25.04,25.06,25.09,2291000.0,,2319900.0,,0,0,0,0,0,0,0,0,0,0,0,0,0,0,0,0,0,0,105,2026-02-04 14:48:13.095897
ATMN,25.97,25.57,25.97,2277600.0,,2189800.0,,0,0,0,0,0,0,0,0,0,0,0,0,0,0,0,0,0,0,105,2026-02-04 14:48:13.095897
WNTR,24.78,24.56,24.78,2179600.0,,2000300.0,,0,0,0,0,0,0,0,0,0,0,0,0,0,0,0,0,0,0,105,2026-02-04 14:48:13.095897
SPNG,24.42,24.42,24.54,2336000.0,6000.0,9200.0,2387300.0,0,0,0,0,0,0,0,0,0,0,0,0,0,0,0,0,0,0,106,2026-02-04 14:48:14.139394
SMMR,25.06,25.06,25.15,2291000.0,,,2271000.0,0,0,0,0,0,0,0,0,0,0,0,0,0,0,0,0,0,0,106,2026-02-04 14:48:14.139394
ATMN,25.75,25.88,25.97,2288000.0,,,2172600.0,0,0,0,0,0,0,0,0,0,0,0,0,0,0,0,0,0,0,106,2026-02-04 14:48:14.139394
WNTR,24.78,24.61,24.78,2168200.0,,,2011700.0,0,0,0,0,0,0,0,0,0,0,0,0,0,0,0,0,0,0,106,2026-02-04 14:48:14.139394
SPNG,24.1,24.1,24.54,2387000.0,6000.0,9200.0,2389400.0,0,0,0,0,0,0,0,0,0,0,0,0,0,0,0,0,0,0,107,2026-02-04 14:48:15.174525
SMMR,25.06,25.06,25.15,2291000.0,,,2266000.0,0,0,0,0,0,0,0,0,0,0,0,0,0,0,0,0,0,0,107,2026-02-04 14:48:15.174525
ATMN,26.0,25.71,26.0,2308400.0,,,2166400.0,0,0,0,0,0,0,0,0,0,0,0,0,0,0,0,0,0,0,107,2026-02-04 14:48:15.174525
WNTR,24.79,24.67,24.78,2021800.0,6000.0,,2026400.0,0,0,0,0,0,0,0,0,0,0,0,0,0,0,0,0,0,0,107,2026-02-04 14:48:15.174525
SPNG,24.05,24.03,24.04,2558300.0,2380400.0,9200.0,,0,0,0,0,0,0,0,0,0,0,0,0,0,0,0,0,0,0,108,2026-02-04 14:48:16.209149
SMMR,25.18,25.09,25.18,2293700.0,2285600.0,,,0,0,0,0,0,0,0,0,0,0,0,0,0,0,0,0,0,0,108,2026-02-04 14:48:16.209149
ATMN,25.71,25.71,26.0,2236300.0,2187900.0,,6000.0,0,0,0,0,0,0,0,0,0,0,0,0,0,0,0,0,0,0,108,2026-02-04 14:48:16.209149
WNTR,24.76,24.76,24.78,2037700.0,2017500.0,,6000.0,0,0,0,0,0,0,0,0,0,0,0,0,0,0,0,0,0,0,108,2026-02-04 14:48:16.209149
SPNG,24.04,24.05,24.1,6000.0,2404300.0,6000.0,2389400.0,0,0,0,0,0,0,0,0,0,0,0,0,0,0,0,0,0,0,109,2026-02-04 14:48:17.247552
SMMR,25.18,25.09,25.18,,2278500.0,,2270000.0,0,0,0,0,0,0,0,0,0,0,0,0,0,0,0,0,0,0,109,2026-02-04 14:48:17.247552
ATMN,25.92,25.58,25.88,6000.0,2231300.0,,2192800.0,0,0,0,0,0,0,0,0,0,0,0,0,0,0,0,0,0,0,109,2026-02-04 14:48:17.247552
WNTR,24.76,24.61,24.78,,2151200.0,,2014100.0,0,0,0,0,0,0,0,0,0,0,0,0,0,0,0,0,0,0,109,2026-02-04 14:48:17.247552
SPNG,24.34,24.34,24.56,2425200.0,6000.0,2510500.0,,0,0,0,0,0,0,0,0,0,0,0,0,0,0,0,0,0,0,110,2026-02-04 14:48:17.780905
SMMR,25.18,25.09,25.18,2278500.0,,2258300.0,,0,0,0,0,0,0,0,0,0,0,0,0,0,0,0,0,0,0,110,2026-02-04 14:48:17.780905
ATMN,25.88,25.95,26.0,2218600.0,6000.0,2187900.0,,0,0,0,0,0,0,0,0,0,0,0,0,0,0,0,0,0,0,110,2026-02-04 14:48:17.780905
WNTR,24.68,24.61,24.68,2151200.0,,1907900.0,6000.0,0,0,0,0,0,0,0,0,0,0,0,0,0,0,0,0,0,0,110,2026-02-04 14:48:17.780905
SPNG,24.34,24.04,24.07,2547000.0,2513200.0,,0,0,0,0,0,0,0,0,0,0,0,0,0,0,0,0,0,0,0,111,2026-02-04 14:48:18.824597
SMMR,25.09,25.09,25.12,2280400.0,2239800.0,,0,0,0,0,0,0,0,0,0,0,0,0,0,0,0,0,0,0,0,111,2026-02-04 14:48:18.824597
ATMN,26.05,25.52,25.71,2327900.0,2104500.0,6000.0,0,0,0,0,0,0,0,0,0,0,0,0,0,0,0,0,0,0,0,111,2026-02-04 14:48:18.824597
WNTR,24.78,24.61,24.78,2153600.0,2014100.0,,0,0,0,0,0,0,0,0,0,0,0,0,0,0,0,0,0,0,0,111,2026-02-04 14:48:18.824597
SPNG,24.64,24.5,24.64,2445300.0,6000.0,2431000.0,,0,0,0,0,0,0,0,0,0,0,0,0,0,0,0,0,0,0,112,2026-02-04 14:48:19.872315
SMMR,25.23,25.2,25.23,2285700.0,,2230600.0,,0,0,0,0,0,0,0,0,0,0,0,0,0,0,0,0,0,0,112,2026-02-04 14:48:19.872315
ATMN,26.05,25.65,25.84,2184400.0,6000.0,2104500.0,6000.0,0,0,0,0,0,0,0,0,0,0,0,0,0,0,0,0,0,0,112,2026-02-04 14:48:19.872315
WNTR,24.78,24.67,24.71,2148700.0,,1917300.0,6000.0,0,0,0,0,0,0,0,0,0,0,0,0,0,0,0,0,0,0,112,2026-02-04 14:48:19.872315
SPNG,24.5,24.5,24.64,2557400.0,2432500.0,0,0,0,0,0,0,0,0,0,0,0,0,0,0,0,0,0,0,0,0,113,2026-02-04 14:48:20.927196
SMMR,25.0,25.0,25.17,2286400.0,2247800.0,0,0,0,0,0,0,0,0,0,0,0,0,0,0,0,0,0,0,0,0,113,2026-02-04 14:48:20.927196
ATMN,26.05,25.82,26.05,2311400.0,2210600.0,0,0,0,0,0,0,0,0,0,0,0,0,0,0,0,0,0,0,0,0,113,2026-02-04 14:48:20.927196
WNTR,24.67,24.67,24.71,2135100.0,2015000.0,0,0,0,0,0,0,0,0,0,0,0,0,0,0,0,0,0,0,0,0,113,2026-02-04 14:48:20.927196
SPNG,24.43,24.43,24.64,2550400.0,2432500.0,0,0,0,0,0,0,0,0,0,0,0,0,0,0,0,0,0,0,0,0,114,2026-02-04 14:48:21.967995
SMMR,25.0,25.0,25.17,2293400.0,2216300.0,0,0,0,0,0,0,0,0,0,0,0,0,0,0,0,0,0,0,0,0,114,2026-02-04 14:48:21.967995
ATMN,25.68,25.68,26.05,2293000.0,2192800.0,0,0,0,0,0,0,0,0,0,0,0,0,0,0,0,0,0,0,0,0,114,2026-02-04 14:48:21.967995
WNTR,24.71,24.67,24.71,2151800.0,2014600.0,0,0,0,0,0,0,0,0,0,0,0,0,0,0,0,0,0,0,0,0,114,2026-02-04 14:48:21.967995
SPNG,23.99,24.1,24.64,2569300.0,2453000.0,0,0,0,0,0,0,0,0,0,0,0,0,0,0,0,0,0,0,0,0,115,2026-02-04 14:48:23.011566
SMMR,24.94,24.94,25.17,2296600.0,2201700.0,0,0,0,0,0,0,0,0,0,0,0,0,0,0,0,0,0,0,0,0,115,2026-02-04 14:48:23.011566
ATMN,25.68,25.68,25.84,2293000.0,2208000.0,0,0,0,0,0,0,0,0,0,0,0,0,0,0,0,0,0,0,0,0,115,2026-02-04 14:48:23.011566
WNTR,24.71,24.67,24.71,2151800.0,2014600.0,0,0,0,0,0,0,0,0,0,0,0,0,0,0,0,0,0,0,0,0,115,2026-02-04 14:48:23.011566
SPNG,24.3,24.3,24.64,2550500.0,2453000.0,0,0,0,0,0,0,0,0,0,0,0,0,0,0,0,0,0,0,0,0,116,2026-02-04 14:48:24.048032
SMMR,25.23,24.94,24.98,2296600.0,2186000.0,0,0,0,0,0,0,0,0,0,0,0,0,0,0,0,0,0,0,0,0,116,2026-02-04 14:48:24.048032
ATMN,25.65,25.65,25.84,2318900.0,2226300.0,0,0,0,0,0,0,0,0,0,0,0,0,0,0,0,0,0,0,0,0,116,2026-02-04 14:48:24.048032
WNTR,24.71,24.7,24.71,2142500.0,2000900.0,0,0,0,0,0,0,0,0,0,0,0,0,0,0,0,0,0,0,0,0,116,2026-02-04 14:48:24.048032
SPNG,24.1,24.1,24.64,2569300.0,2453000.0,0,0,0,0,0,0,0,0,0,0,0,0,0,0,0,0,0,0,0,0,117,2026-02-04 14:48:25.079568
SMMR,25.26,25.11,25.26,2318600.0,2193400.0,0,0,0,0,0,0,0,0,0,0,0,0,0,0,0,0,0,0,0,0,117,2026-02-04 14:48:25.079568
ATMN,25.65,25.65,25.84,2305400.0,2262700.0,0,0,0,0,0,0,0,0,0,0,0,0,0,0,0,0,0,0,0,0,117,2026-02-04 14:48:25.079568
WNTR,24.79,24.7,24.79,2142500.0,1980500.0,0,0,0,0,0,0,0,0,0,0,0,0,0,0,0,0,0,0,0,0,117,2026-02-04 14:48:25.079568
SPNG,23.9,23.9,24.64,2587400.0,2453000.0,0,0,0,0,0,0,0,0,0,0,0,0,0,0,0,0,0,0,0,0,118,2026-02-04 14:48:26.113923
SMMR,24.92,24.92,25.19,2277100.0,2198500.0,0,0,0,0,0,0,0,0,0,0,0,0,0,0,0,0,0,0,0,0,118,2026-02-04 14:48:26.113923
ATMN,25.84,25.65,25.84,2310200.0,2262700.0,0,0,0,0,0,0,0,0,0,0,0,0,0,0,0,0,0,0,0,0,118,2026-02-04 14:48:26.113923
WNTR,24.79,24.7,24.79,2106100.0,1992700.0,0,0,0,0,0,0,0,0,0,0,0,0,0,0,0,0,0,0,0,0,118,2026-02-04 14:48:26.113923
SPNG,24.63,23.9,24.17,2556900.0,2436500.0,0,0,0,0,0,0,0,0,0,0,0,0,0,0,0,0,0,0,0,0,119,2026-02-04 14:48:27.146286
SMMR,24.89,24.89,25.19,2250800.0,2194900.0,0,0,0,0,0,0,0,0,0,0,0,0,0,0,0,0,0,0,0,0,119,2026-02-04 14:48:27.146286
ATMN,25.61,25.61,25.94,2281400.0,2227200.0,0,0,0,0,0,0,0,0,0,0,0,0,0,0,0,0,0,0,0,0,119,2026-02-04 14:48:27.146286
WNTR,24.8,24.7,24.8,2138800.0,1993400.0,0,0,0,0,0,0,0,0,0,0,0,0,0,0,0,0,0,0,0,0,119,2026-02-04 14:48:27.146286
SPNG,24.55,23.75,0.0,200000.0,,0,0,0,0,0,0,0,0,0,0,0,0,0,0,0,0,0,0,0,0,120,2026-02-04 14:48:28.175061
SMMR,25.19,25.55,0.0,200000.0,,0,0,0,0,0,0,0,0,0,0,0,0,0,0,0,0,0,0,0,0,120,2026-02-04 14:48:28.175061
ATMN,25.72,25.44,0.0,200000.0,,0,0,0,0,0,0,0,0,0,0,0,0,0,0,0,0,0,0,0,0,120,2026-02-04 14:48:28.175061
WNTR,24.8,24.17,24.46,864900.0,724800.0,0,0,0,0,0,0,0,0,0,0,0,0,0,0,0,0,0,0,0,0,120,2026-02-04 14:48:28.175061
SPNG,23.76,23.75,23.76,1087100.0,5000.0,987600.0,0,0,0,0,0,0,0,0,0,0,0,0,0,0,0,0,0,0,0,121,2026-02-04 14:48:29.208833
SMMR,25.19,25.55,25.67,915200.0,,1085600.0,0,0,0,0,0,0,0,0,0,0,0,0,0,0,0,0,0,0,0,121,2026-02-04 14:48:29.208833
ATMN,25.23,25.23,25.61,963700.0,,927700.0,0,0,0,0,0,0,0,0,0,0,0,0,0,0,0,0,0,0,0,121,2026-02-04 14:48:29.208833
WNTR,24.17,24.15,24.17,1023100.0,,825600.0,0,0,0,0,0,0,0,0,0,0,0,0,0,0,0,0,0,0,0,121,2026-02-04 14:48:29.208833
SPNG,23.6,23.61,23.87,5000.0,1105800.0,5000.0,1097500.0,5000.0,0,0,0,0,0,0,0,0,0,0,0,0,0,0,0,0,0,0,0,122,2026-02-04 14:48:30.253900
SMMR,25.55,25.64,25.73,5000.0,943500.0,5000.0,992000.0,,0,0,0,0,0,0,0,0,0,0,0,0,0,0,0,0,0,0,0,122,2026-02-04 14:48:30.253900
ATMN,25.69,25.23,25.69,,1177000.0,,1084800.0,,0,0,0,0,0,0,0,0,0,0,0,0,0,0,0,0,0,0,0,122,2026-02-04 14:48:30.253900
WNTR,24.17,24.36,24.45,5000.0,1223700.0,5000.0,940500.0,,0,0,0,0,0,0,0,0,0,0,0,0,0,0,0,0,0,0,0,122,2026-02-04 14:48:30.253900
SPNG,23.6,23.76,23.87,1472800.0,10000.0,5000.0,1097500.0,,,0,0,0,0,0,0,0,0,0,0,0,0,0,0,0,0,0,0,123,2026-02-04 14:48:31.286283
SMMR,25.59,25.59,25.66,1108100.0,,,1249600.0,5000.0,,0,0,0,0,0,0,0,0,0,0,0,0,0,0,0,0,0,0,123,2026-02-04 14:48:31.286283
ATMN,25.69,24.87,25.69,971200.0,,,1084800.0,,,0,0,0,0,0,0,0,0,0,0,0,0,0,0,0,0,0,0,123,2026-02-04 14:48:31.286283
WNTR,24.15,24.16,24.18,1118400.0,,,1147300.0,5000.0,10000.0,0,0,0,0,0,0,0,0,0,0,0,0,0,0,0,0,0,0,123,2026-02-04 14:48:31.286283
SPNG,23.62,23.75,23.86,5000.0,1473800.0,5000.0,10000.0,1218200.0,,0,0,0,0,0,0,0,0,0,0,0,0,0,0,0,0,0,0,124,2026-02-04 14:48:32.330351
SMMR,25.59,25.37,25.43,,1189200.0,5000.0,,1450000.0,5000.0,0,0,0,0,0,0,0,0,0,0,0,0,0,0,0,0,0,0,124,2026-02-04 14:48:32.330351
ATMN,25.69,24.95,25.67,,1322100.0,5000.0,,1084800.0,5000.0,0,0,0,0,0,0,0,0,0,0,0,0,0,0,0,0,0,0,124,2026-02-04 14:48:32.330351
WNTR,24.22,24.16,24.22,,1118400.0,10000.0,,1252000.0,5000.0,0,0,0,0,0,0,0,0,0,0,0,0,0,0,0,0,0,0,124,2026-02-04 14:48:32.330351
SPNG,23.62,23.8,23.86,1576300.0,10000.0,5000.0,5000.0,1479400.0,,0,0,0,0,0,0,0,0,0,0,0,0,0,0,0,0,0,0,125,2026-02-04 14:48:33.376240
SMMR,25.66,25.55,25.66,1437100.0,,,,1249600.0,5000.0,0,0,0,0,0,0,0,0,0,0,0,0,0,0,0,0,0,0,125,2026-02-04 14:48:33.376240
ATMN,25.73,25.52,25.73,1681500.0,,,,958900.0,5000.0,0,0,0,0,0,0,0,0,0,0,0,0,0,0,0,0,0,0,125,2026-02-04 14:48:33.376240
WNTR,24.13,24.13,24.22,1009800.0,,5000.0,,1579800.0,,0,0,0,0,0,0,0,0,0,0,0,0,0,0,0,0,0,0,125,2026-02-04 14:48:33.376240
SPNG,23.9,23.8,23.9,1576300.0,5000.0,6000.0,1457900.0,,,,0,0,0,0,0,0,0,0,0,0,0,0,0,0,0,0,0,126,2026-02-04 14:48:33.909515
SMMR,25.55,25.55,25.62,1437100.0,,6000.0,1464500.0,5000.0,,,0,0,0,0,0,0,0,0,0,0,0,0,0,0,0,0,0,126,2026-02-04 14:48:33.909515
ATMN,25.73,25.52,25.73,1681500.0,,,1067900.0,5000.0,6000.0,,0,0,0,0,0,0,0,0,0,0,0,0,0,0,0,0,0,126,2026-02-04 14:48:33.909515
WNTR,24.22,24.13,24.22,1113700.0,,,1579800.0,,6000.0,5000.0,0,0,0,0,0,0,0,0,0,0,0,0,0,0,0,0,0,126,2026-02-04 14:48:33.909515
SPNG,23.71,23.81,23.86,5000.0,5000.0,6000.0,1589400.0,10000.0,1594600.0,,,0,0,0,0,0,0,0,0,0,0,0,0,0,0,0,0,127,2026-02-04 14:48:34.941710
SMMR,25.55,25.55,25.56,5000.0,,6000.0,1437100.0,,1783000.0,,,0,0,0,0,0,0,0,0,0,0,0,0,0,0,0,0,127,2026-02-04 14:48:34.941710
ATMN,25.73,25.53,25.62,10000.0,,,1681500.0,,1506000.0,5000.0,6000.0,0,0,0,0,0,0,0,0,0,0,0,0,0,0,0,0,127,2026-02-04 14:48:34.941710
WNTR,23.81,23.81,24.2,5000.0,,,1373000.0,,1579800.0,14750.0,6000.0,0,0,0,0,0,0,0,0,0,0,0,0,0,0,0,0,127,2026-02-04 14:48:34.941710
SPNG,23.62,23.7,23.76,6000.0,5000.0,1701000.0,5650.0,1594600.0,,,0,0,0,0,0,0,0,0,0,0,0,0,0,0,0,0,0,128,2026-02-04 14:48:35.975146
SMMR,25.55,25.55,25.56,6000.0,,1437100.0,,1985800.0,5000.0,,0,0,0,0,0,0,0,0,0,0,0,0,0,0,0,0,0,128,2026-02-04 14:48:35.975146
ATMN,25.73,25.55,25.6,,,1681500.0,6000.0,1792300.0,5000.0,5000.0,0,0,0,0,0,0,0,0,0,0,0,0,0,0,0,0,0,128,2026-02-04 14:48:35.975146
WNTR,24.08,24.16,24.2,,,1693800.0,6000.0,1579800.0,,7800.0,0,0,0,0,0,0,0,0,0,0,0,0,0,0,0,0,0,128,2026-02-04 14:48:35.975146
SPNG,23.71,23.64,23.71,5000.0,2105600.0,5000.0,6000.0,1594600.0,,,,0,0,0,0,0,0,0,0,0,0,0,0,0,0,0,0,129,2026-02-04 14:48:37.022685
SMMR,25.55,25.53,25.55,,1440700.0,,6000.0,2083900.0,2000.0,,,0,0,0,0,0,0,0,0,0,0,0,0,0,0,0,0,129,2026-02-04 14:48:37.022685
ATMN,25.61,25.11,25.6,,1679900.0,,6000.0,1792300.0,5000.0,5000.0,,0,0,0,0,0,0,0,0,0,0,0,0,0,0,0,0,129,2026-02-04 14:48:37.022685
WNTR,24.27,24.27,24.28,,1786800.0,,,1568900.0,,6240.0,6000.0,0,0,0,0,0,0,0,0,0,0,0,0,0,0,0,0,129,2026-02-04 14:48:37.022685
SPNG,23.76,23.91,24.24,2373600.0,5000.0,1454600.0,,,0,0,0,0,0,0,0,0,0,0,0,0,0,0,0,0,0,0,0,130,2026-02-04 14:48:38.055092
SMMR,25.55,25.54,25.56,1440700.0,7000.0,2000300.0,5000.0,,0,0,0,0,0,0,0,0,0,0,0,0,0,0,0,0,0,0,0,130,2026-02-04 14:48:38.055092
ATMN,25.21,25.53,25.6,1774600.0,,1907400.0,5000.0,6000.0,0,0,0,0,0,0,0,0,0,0,0,0,0,0,0,0,0,0,0,130,2026-02-04 14:48:38.055092
WNTR,24.16,24.16,24.28,1693800.0,,1766500.0,6240.0,,0,0,0,0,0,0,0,0,0,0,0,0,0,0,0,0,0,0,0,130,2026-02-04 14:48:38.055092
SPNG,23.64,23.61,23.64,5000.0,2255500.0,5000.0,1596600.0,5000.0,500.0,5000.0,0,0,0,0,0,0,0,0,0,0,0,0,0,0,0,0,0,131,2026-02-04 14:48:39.091770
SMMR,25.37,25.37,25.42,,1440700.0,,2138300.0,,,5000.0,0,0,0,0,0,0,0,0,0,0,0,0,0,0,0,0,0,131,2026-02-04 14:48:39.091770
ATMN,25.1,25.1,25.6,,1679900.0,,1963600.0,,,10000.0,0,0,0,0,0,0,0,0,0,0,0,0,0,0,0,0,0,131,2026-02-04 14:48:39.091770
WNTR,24.28,24.08,24.28,5000.0,1679100.0,,1879900.0,,,,0,0,0,0,0,0,0,0,0,0,0,0,0,0,0,0,0,131,2026-02-04 14:48:39.091770
SPNG,23.84,23.85,23.94,5000.0,2137900.0,5000.0,6000.0,1579800.0,5000.0,5000.0,,0,0,0,0,0,0,0,0,0,0,0,0,0,0,0,0,132,2026-02-04 14:48:40.133863
SMMR,25.3,25.3,25.41,,1597900.0,,,1823200.0,10000.0,,6000.0,0,0,0,0,0,0,0,0,0,0,0,0,0,0,0,0,132,2026-02-04 14:48:40.133863
ATMN,25.62,25.0,25.62,5000.0,1691300.0,,,1981100.0,3200.0,,6000.0,0,0,0,0,0,0,0,0,0,0,0,0,0,0,0,0,132,2026-02-04 14:48:40.133863
WNTR,24.12,24.09,24.11,10000.0,1776000.0,,,1811100.0,5000.0,,6000.0,0,0,0,0,0,0,0,0,0,0,0,0,0,0,0,0,132,2026-02-04 14:48:40.133863
SPNG,23.6,23.71,23.77,6000.0,5000.0,2173800.0,5000.0,6000.0,10000.0,1579800.0,0,0,0,0,0,0,0,0,0,0,0,0,0,0,0,0,0,133,2026-02-04 14:48:41.168875
SMMR,25.56,25.52,25.56,,5000.0,1848800.0,,,,2000300.0,0,0,0,0,0,0,0,0,0,0,0,0,0,0,0,0,0,133,2026-02-04 14:48:41.168875
ATMN,25.2,24.99,25.2,,1800.0,1825200.0,,6000.0,,2117200.0,0,0,0,0,0,0,0,0,0,0,0,0,0,0,0,0,0,133,2026-02-04 14:48:41.168875
WNTR,24.12,24.12,24.16,,5000.0,1869600.0,,6000.0,,1919000.0,0,0,0,0,0,0,0,0,0,0,0,0,0,0,0,0,0,133,2026-02-04 14:48:41.168875
SPNG,23.94,23.7,23.75,6000.0,2248500.0,5000.0,6000.0,5000.0,1579800.0,,0,0,0,0,0,0,0,0,0,0,0,0,0,0,0,0,0,134,2026-02-04 14:48:42.208043
SMMR,25.52,25.53,25.54,,1938600.0,5000.0,,,2133600.0,5000.0,0,0,0,0,0,0,0,0,0,0,0,0,0,0,0,0,0,134,2026-02-04 14:48:42.208043
ATMN,25.37,25.06,25.36,,2057700.0,6800.0,6000.0,,1998500.0,5000.0,0,0,0,0,0,0,0,0,0,0,0,0,0,0,0,0,0,134,2026-02-04 14:48:42.208043
WNTR,24.12,24.14,24.15,,1879500.0,10000.0,6000.0,,1854900.0,5000.0,0,0,0,0,0,0,0,0,0,0,0,0,0,0,0,0,0,134,2026-02-04 14:48:42.208043
SPNG,23.94,23.74,23.75,1967900.0,6000.0,10000.0,5000.0,5000.0,2083.0,1579800.0,,0,0,0,0,0,0,0,0,0,0,0,0,0,0,0,0,135,2026-02-04 14:48:43.242394
SMMR,25.52,25.53,25.54,2060300.0,,,5000.0,,,2166500.0,5000.0,0,0,0,0,0,0,0,0,0,0,0,0,0,0,0,0,135,2026-02-04 14:48:43.242394
ATMN,25.37,25.09,25.37,2200800.0,,,1800.0,,6000.0,2080600.0,,0,0,0,0,0,0,0,0,0,0,0,0,0,0,0,0,135,2026-02-04 14:48:43.242394
WNTR,24.16,24.14,24.16,1833800.0,,,10000.0,,6000.0,1966400.0,,0,0,0,0,0,0,0,0,0,0,0,0,0,0,0,0,135,2026-02-04 14:48:43.242394
SPNG,23.64,23.64,23.94,2474700.0,1586400.0,5000.0,,0,0,0,0,0,0,0,0,0,0,0,0,0,0,0,0,0,0,0,0,136,2026-02-04 14:48:44.268962
SMMR,25.58,25.53,25.58,2171900.0,2278300.0,,5000.0,0,0,0,0,0,0,0,0,0,0,0,0,0,0,0,0,0,0,0,0,136,2026-02-04 14:48:44.268962
ATMN,25.7,25.38,25.7,2397200.0,2042500.0,,,0,0,0,0,0,0,0,0,0,0,0,0,0,0,0,0,0,0,0,0,136,2026-02-04 14:48:44.268962
WNTR,24.23,24.14,24.23,1816000.0,2047800.0,,10000.0,0,0,0,0,0,0,0,0,0,0,0,0,0,0,0,0,0,0,0,0,136,2026-02-04 14:48:44.268962
SPNG,23.6,23.62,23.94,5000.0,2367700.0,1586400.0,5000.0,,,,,0,0,0,0,0,0,0,0,0,0,0,0,0,0,0,0,137,2026-02-04 14:48:45.305219
SMMR,25.37,25.38,25.47,,1961300.0,2180300.0,,5000.0,5000.0,,,0,0,0,0,0,0,0,0,0,0,0,0,0,0,0,0,137,2026-02-04 14:48:45.305219
ATMN,25.7,25.42,25.45,,2005000.0,2144200.0,,6800.0,,6000.0,6000.0,0,0,0,0,0,0,0,0,0,0,0,0,0,0,0,0,137,2026-02-04 14:48:45.305219
WNTR,24.08,24.08,24.15,,2102900.0,2074700.0,,,,,,0,0,0,0,0,0,0,0,0,0,0,0,0,0,0,0,137,2026-02-04 14:48:45.305219
SPNG,23.92,23.7,23.72,6000.0,5000.0,2229300.0,5000.0,6000.0,1586400.0,,,0,0,0,0,0,0,0,0,0,0,0,0,0,0,0,0,138,2026-02-04 14:48:46.341283
SMMR,25.47,25.43,25.47,,,2422900.0,,,2304300.0,,,0,0,0,0,0,0,0,0,0,0,0,0,0,0,0,0,138,2026-02-04 14:48:46.341283
ATMN,25.45,25.38,25.45,6000.0,,2157900.0,,6000.0,1960300.0,5000.0,5000.0,0,0,0,0,0,0,0,0,0,0,0,0,0,0,0,0,138,2026-02-04 14:48:46.341283
WNTR,24.08,24.09,24.14,,,2126700.0,,,1820100.0,5000.0,7000.0,0,0,0,0,0,0,0,0,0,0,0,0,0,0,0,0,138,2026-02-04 14:48:46.341283
SPNG,24.24,23.82,24.23,6000.0,5000.0,5000.0,2092500.0,5000.0,1572700.0,5000.0,,0,0,0,0,0,0,0,0,0,0,0,0,0,0,0,0,139,2026-02-04 14:48:47.372703
SMMR,25.47,25.48,25.55,,,,2366400.0,,2181100.0,,6000.0,0,0,0,0,0,0,0,0,0,0,0,0,0,0,0,0,139,2026-02-04 14:48:47.372703
ATMN,25.37,25.16,25.23,,5000.0,,2249800.0,10000.0,1852600.0,,6000.0,0,0,0,0,0,0,0,0,0,0,0,0,0,0,0,0,139,2026-02-04 14:48:47.372703
WNTR,24.04,24.04,24.18,,,,2243000.0,,2109800.0,,,0,0,0,0,0,0,0,0,0,0,0,0,0,0,0,0,139,2026-02-04 14:48:47.372703
SPNG,23.6,23.6,24.06,2487300.0,5000.0,1691000.0,5000.0,,,,0,0,0,0,0,0,0,0,0,0,0,0,0,0,0,0,0,140,2026-02-04 14:48:48.409365
SMMR,25.6,25.55,25.6,2088400.0,,2267600.0,,6000.0,5000.0,,0,0,0,0,0,0,0,0,0,0,0,0,0,0,0,0,0,140,2026-02-04 14:48:48.409365
ATMN,25.15,25.15,25.61,2375900.0,,2112400.0,,,,6000.0,0,0,0,0,0,0,0,0,0,0,0,0,0,0,0,0,0,140,2026-02-04 14:48:48.409365
WNTR,24.08,24.07,24.18,1995200.0,,2109800.0,,,5000.0,,0,0,0,0,0,0,0,0,0,0,0,0,0,0,0,0,0,140,2026-02-04 14:48:48.409365
SPNG,23.78,23.6,23.78,2347500.0,5000.0,1812300.0,5000.0,5000.0,,0,0,0,0,0,0,0,0,0,0,0,0,0,0,0,0,0,0,141,2026-02-04 14:48:49.457030
SMMR,25.62,25.57,25.61,2197300.0,,2148500.0,5000.0,,5000.0,0,0,0,0,0,0,0,0,0,0,0,0,0,0,0,0,0,0,141,2026-02-04 14:48:49.457030
ATMN,25.51,24.99,25.4,2234200.0,,2141700.0,5000.0,,5000.0,0,0,0,0,0,0,0,0,0,0,0,0,0,0,0,0,0,0,141,2026-02-04 14:48:49.457030
WNTR,24.04,24.04,24.13,2243000.0,,2129800.0,,,,0,0,0,0,0,0,0,0,0,0,0,0,0,0,0,0,0,0,141,2026-02-04 14:48:49.457030
SPNG,23.78,23.6,23.78,2346200.0,5000.0,1812300.0,5000.0,5000.0,,,0,0,0,0,0,0,0,0,0,0,0,0,0,0,0,0,0,142,2026-02-04 14:48:49.990707
SMMR,25.63,25.55,25.63,2238100.0,,2242500.0,,,6000.0,,0,0,0,0,0,0,0,0,0,0,0,0,0,0,0,0,0,142,2026-02-04 14:48:49.990707
ATMN,25.73,25.3,25.63,2360800.0,,2036800.0,,,,6000.0,0,0,0,0,0,0,0,0,0,0,0,0,0,0,0,0,0,142,2026-02-04 14:48:49.990707
WNTR,24.04,24.04,24.13,2126400.0,,1932100.0,5000.0,,,,0,0,0,0,0,0,0,0,0,0,0,0,0,0,0,0,0,142,2026-02-04 14:48:49.990707
SPNG,23.78,23.6,23.78,2368400.0,5000.0,5000.0,1691000.0,,,0,0,0,0,0,0,0,0,0,0,0,0,0,0,0,0,0,0,143,2026-02-04 14:48:51.033457
SMMR,25.61,25.48,25.52,2366400.0,,,2275300.0,,,0,0,0,0,0,0,0,0,0,0,0,0,0,0,0,0,0,0,143,2026-02-04 14:48:51.033457
ATMN,25.01,24.98,25.01,2146400.0,,,2178100.0,5000.0,,0,0,0,0,0,0,0,0,0,0,0,0,0,0,0,0,0,0,143,2026-02-04 14:48:51.033457
WNTR,24.04,24.05,24.08,2131400.0,,,2052900.0,5000.0,5000.0,0,0,0,0,0,0,0,0,0,0,0,0,0,0,0,0,0,0,143,2026-02-04 14:48:51.033457
SPNG,23.67,23.92,23.94,6000.0,2276800.0,5000.0,6000.0,1572700.0,5000.0,,0,0,0,0,0,0,0,0,0,0,0,0,0,0,0,0,0,144,2026-02-04 14:48:52.077946
SMMR,25.63,25.55,25.56,6000.0,2238100.0,,6000.0,2174000.0,,,0,0,0,0,0,0,0,0,0,0,0,0,0,0,0,0,0,144,2026-02-04 14:48:52.077946
ATMN,25.01,24.98,25.01,,2086900.0,,6000.0,2090500.0,,5000.0,0,0,0,0,0,0,0,0,0,0,0,0,0,0,0,0,0,144,2026-02-04 14:48:52.077946
WNTR,24.13,24.04,24.13,,2263500.0,,,2126200.0,,,0,0,0,0,0,0,0,0,0,0,0,0,0,0,0,0,0,144,2026-02-04 14:48:52.077946
SPNG,24.24,23.92,23.94,6000.0,5000.0,2276800.0,5000.0,4666.0,1695600.0,,,0,0,0,0,0,0,0,0,0,0,0,0,0,0,0,0,145,2026-02-04 14:48:53.110376
SMMR,25.48,25.5,25.63,,,2126400.0,,,2247000.0,5000.0,,0,0,0,0,0,0,0,0,0,0,0,0,0,0,0,0,145,2026-02-04 14:48:53.110376
ATMN,25.15,24.98,25.01,,,2345500.0,,,2038000.0,,,0,0,0,0,0,0,0,0,0,0,0,0,0,0,0,0,145,2026-02-04 14:48:53.110376
WNTR,24.14,24.05,24.13,,,2097000.0,,,2017100.0,5000.0,5000.0,0,0,0,0,0,0,0,0,0,0,0,0,0,0,0,0,145,2026-02-04 14:48:53.110376
SPNG,24.03,24.03,24.07,2264500.0,5000.0,6000.0,6000.0,5000.0,1809100.0,,,0,0,0,0,0,0,0,0,0,0,0,0,0,0,0,0,146,2026-02-04 14:48:54.141801
SMMR,25.59,25.44,25.57,2284800.0,,,6000.0,,2045800.0,5000.0,5000.0,0,0,0,0,0,0,0,0,0,0,0,0,0,0,0,0,146,2026-02-04 14:48:54.141801
ATMN,25.01,25.45,25.64,2202600.0,,6000.0,6000.0,,2040500.0,,,0,0,0,0,0,0,0,0,0,0,0,0,0,0,0,0,146,2026-02-04 14:48:54.141801
WNTR,24.14,24.04,24.13,1976000.0,,,,,2132700.0,4400.0,,0,0,0,0,0,0,0,0,0,0,0,0,0,0,0,0,146,2026-02-04 14:48:54.141801
SPNG,24.01,23.92,24.01,6000.0,2850.0,2256000.0,2052600.0,5000.0,6000.0,,,0,0,0,0,0,0,0,0,0,0,0,0,0,0,0,0,147,2026-02-04 14:48:55.180543
SMMR,25.64,25.61,25.64,6000.0,,2284800.0,2280300.0,,,,,0,0,0,0,0,0,0,0,0,0,0,0,0,0,0,0,147,2026-02-04 14:48:55.180543
ATMN,25.27,25.13,25.27,6000.0,,2201000.0,2121800.0,,,5000.0,,0,0,0,0,0,0,0,0,0,0,0,0,0,0,0,0,147,2026-02-04 14:48:55.180543
WNTR,24.13,24.03,24.13,,,2007500.0,2120100.0,,,,1760.0,0,0,0,0,0,0,0,0,0,0,0,0,0,0,0,0,147,2026-02-04 14:48:55.180543
SPNG,24.01,23.54,24.01,2460800.0,2052600.0,5000.0,6000.0,,,,0,0,0,0,0,0,0,0,0,0,0,0,0,0,0,0,0,148,2026-02-04 14:48:56.215196
SMMR,25.61,25.43,25.6,2396400.0,2214700.0,,4666.0,,,,0,0,0,0,0,0,0,0,0,0,0,0,0,0,0,0,0,148,2026-02-04 14:48:56.215196
ATMN,25.52,25.52,25.64,2179200.0,2170700.0,,,6000.0,,,0,0,0,0,0,0,0,0,0,0,0,0,0,0,0,0,0,148,2026-02-04 14:48:56.215196
WNTR,24.15,24.05,24.14,2116300.0,1996000.0,,,,5000.0,5000.0,0,0,0,0,0,0,0,0,0,0,0,0,0,0,0,0,0,148,2026-02-04 14:48:56.215196
SPNG,24.13,24.2,24.24,2522600.0,1808000.0,,,,,0,0,0,0,0,0,0,0,0,0,0,0,0,0,0,0,0,0,149,2026-02-04 14:48:57.247713
SMMR,25.64,25.44,25.64,2270900.0,2320300.0,5000.0,,,,0,0,0,0,0,0,0,0,0,0,0,0,0,0,0,0,0,0,149,2026-02-04 14:48:57.247713
ATMN,25.08,25.14,25.35,1871100.0,1997900.0,7000.0,6000.0,5000.0,1334.0,0,0,0,0,0,0,0,0,0,0,0,0,0,0,0,0,0,0,149,2026-02-04 14:48:57.247713
WNTR,24.15,24.05,24.14,1904600.0,1955600.0,11760.0,,5000.0,,0,0,0,0,0,0,0,0,0,0,0,0,0,0,0,0,0,0,149,2026-02-04 14:48:57.247713
SPNG,23.88,23.74,23.87,5000.0,2390600.0,5000.0,1956800.0,5000.0,6000.0,0,0,0,0,0,0,0,0,0,0,0,0,0,0,0,0,0,0,150,2026-02-04 14:48:58.289059
SMMR,25.4,25.4,25.6,,2420600.0,,2322500.0,,,0,0,0,0,0,0,0,0,0,0,0,0,0,0,0,0,0,0,150,2026-02-04 14:48:58.289059
ATMN,25.46,25.46,25.59,12000.0,1974300.0,5000.0,2094400.0,,,0,0,0,0,0,0,0,0,0,0,0,0,0,0,0,0,0,0,150,2026-02-04 14:48:58.289059
WNTR,24.05,24.04,24.05,6760.0,2006900.0,5000.0,1984400.0,,,0,0,0,0,0,0,0,0,0,0,0,0,0,0,0,0,0,0,150,2026-02-04 14:48:58.289059
SPNG,23.54,24.0,24.06,6000.0,2377900.0,6000.0,5000.0,5000.0,1705800.0,,0,0,0,0,0,0,0,0,0,0,0,0,0,0,0,0,0,151,2026-02-04 14:48:59.327701
SMMR,25.57,25.57,25.59,,2251200.0,,10000.0,,1971800.0,5000.0,0,0,0,0,0,0,0,0,0,0,0,0,0,0,0,0,0,151,2026-02-04 14:48:59.327701
ATMN,25.29,25.29,25.59,,2297000.0,,,,2262500.0,,0,0,0,0,0,0,0,0,0,0,0,0,0,0,0,0,0,151,2026-02-04 14:48:59.327701
WNTR,24.03,24.02,24.03,,2214400.0,,5000.0,,1986900.0,,0,0,0,0,0,0,0,0,0,0,0,0,0,0,0,0,0,151,2026-02-04 14:48:59.327701
SPNG,24.0,23.73,23.82,2525000.0,1833100.0,5000.0,5000.0,,,,0,0,0,0,0,0,0,0,0,0,0,0,0,0,0,0,0,152,2026-02-04 14:49:00.356650
SMMR,25.55,25.55,25.59,2291500.0,1868200.0,,10000.0,5000.0,6000.0,,0,0,0,0,0,0,0,0,0,0,0,0,0,0,0,0,0,152,2026-02-04 14:49:00.356650
ATMN,25.38,25.55,25.59,2237200.0,2262500.0,,,,,6000.0,0,0,0,0,0,0,0,0,0,0,0,0,0,0,0,0,0,152,2026-02-04 14:49:00.356650
WNTR,24.15,24.02,24.15,2218300.0,2055600.0,,,,,,0,0,0,0,0,0,0,0,0,0,0,0,0,0,0,0,0,152,2026-02-04 14:49:00.356650
SPNG,24.0,23.75,23.8,5000.0,2434500.0,10000.0,1833100.0,5000.0,0,0,0,0,0,0,0,0,0,0,0,0,0,0,0,0,0,0,0,153,2026-02-04 14:49:01.407539
SMMR,25.6,25.55,25.6,,2408700.0,,2323700.0,,0,0,0,0,0,0,0,0,0,0,0,0,0,0,0,0,0,0,0,153,2026-02-04 14:49:01.407539
ATMN,25.29,25.3,25.58,5000.0,2189900.0,5000.0,2201500.0,,0,0,0,0,0,0,0,0,0,0,0,0,0,0,0,0,0,0,0,153,2026-02-04 14:49:01.407539
WNTR,24.07,24.07,24.08,7000.0,1859600.0,,2074300.0,,0,0,0,0,0,0,0,0,0,0,0,0,0,0,0,0,0,0,0,153,2026-02-04 14:49:01.407539
SPNG,23.83,24.01,24.06,2395200.0,5000.0,6000.0,1705800.0,,,0,0,0,0,0,0,0,0,0,0,0,0,0,0,0,0,0,0,154,2026-02-04 14:49:02.445623
SMMR,25.6,25.55,25.6,2384500.0,,6000.0,2200200.0,,,0,0,0,0,0,0,0,0,0,0,0,0,0,0,0,0,0,0,154,2026-02-04 14:49:02.445623
ATMN,25.43,25.48,25.59,2197200.0,,,2341300.0,6000.0,,0,0,0,0,0,0,0,0,0,0,0,0,0,0,0,0,0,0,154,2026-02-04 14:49:02.445623
WNTR,24.02,24.02,24.11,2207000.0,,,1957300.0,,5000.0,0,0,0,0,0,0,0,0,0,0,0,0,0,0,0,0,0,0,154,2026-02-04 14:49:02.445623
SPNG,24.06,24.28,24.34,2395700.0,5000.0,1705800.0,5000.0,,,,,0,0,0,0,0,0,0,0,0,0,0,0,0,0,0,0,155,2026-02-04 14:49:03.504719
SMMR,25.5,25.56,25.59,2245300.0,,2098700.0,,5000.0,5000.0,6000.0,,0,0,0,0,0,0,0,0,0,0,0,0,0,0,0,0,155,2026-02-04 14:49:03.504719
ATMN,24.97,25.29,25.53,2228900.0,,2335100.0,,,,,6000.0,0,0,0,0,0,0,0,0,0,0,0,0,0,0,0,0,155,2026-02-04 14:49:03.504719
WNTR,24.02,24.02,24.12,2207000.0,,2052300.0,,,,,,0,0,0,0,0,0,0,0,0,0,0,0,0,0,0,0,155,2026-02-04 14:49:03.504719
SPNG,24.28,24.28,24.34,2395700.0,5000.0,2074800.0,5000.0,,,0,0,0,0,0,0,0,0,0,0,0,0,0,0,0,0,0,0,156,2026-02-04 14:49:04.559331
SMMR,25.37,25.5,25.59,2230800.0,,2211700.0,,5000.0,5000.0,0,0,0,0,0,0,0,0,0,0,0,0,0,0,0,0,0,0,156,2026-02-04 14:49:04.559331
ATMN,25.37,24.97,25.37,2343000.0,,1943400.0,,,10000.0,0,0,0,0,0,0,0,0,0,0,0,0,0,0,0,0,0,0,156,2026-02-04 14:49:04.559331
WNTR,24.16,24.03,24.16,2091000.0,,2055000.0,,5000.0,,0,0,0,0,0,0,0,0,0,0,0,0,0,0,0,0,0,0,156,2026-02-04 14:49:04.559331
SPNG,24.28,24.28,24.34,2273100.0,5000.0,6000.0,2215100.0,5000.0,,,,0,0,0,0,0,0,0,0,0,0,0,0,0,0,0,0,157,2026-02-04 14:49:05.096591
SMMR,25.37,25.54,25.56,2233100.0,,,2098700.0,,5000.0,5000.0,6000.0,0,0,0,0,0,0,0,0,0,0,0,0,0,0,0,0,157,2026-02-04 14:49:05.096591
ATMN,25.37,25.28,25.36,2104200.0,,6000.0,2200700.0,,5000.0,5000.0,,0,0,0,0,0,0,0,0,0,0,0,0,0,0,0,0,157,2026-02-04 14:49:05.096591
WNTR,24.16,24.13,24.15,1823400.0,,,1971000.0,,10000.0,5000.0,,0,0,0,0,0,0,0,0,0,0,0,0,0,0,0,0,157,2026-02-04 14:49:05.096591
SPNG,23.73,23.73,24.16,2553900.0,5000.0,2114300.0,5000.0,,,0,0,0,0,0,0,0,0,0,0,0,0,0,0,0,0,0,0,158,2026-02-04 14:49:06.145042
SMMR,25.5,25.5,25.56,2355000.0,5000.0,2211700.0,,,,0,0,0,0,0,0,0,0,0,0,0,0,0,0,0,0,0,0,158,2026-02-04 14:49:06.145042
ATMN,25.53,25.27,25.53,2084000.0,,2325800.0,,6000.0,5000.0,0,0,0,0,0,0,0,0,0,0,0,0,0,0,0,0,0,0,158,2026-02-04 14:49:06.145042
WNTR,24.08,24.02,24.03,2198900.0,5000.0,1977300.0,,,,0,0,0,0,0,0,0,0,0,0,0,0,0,0,0,0,0,0,158,2026-02-04 14:49:06.145042
SPNG,24.17,23.67,24.17,2562800.0,2332600.0,,,,0,0,0,0,0,0,0,0,0,0,0,0,0,0,0,0,0,0,0,159,2026-02-04 14:49:07.197712
SMMR,25.49,25.49,25.52,2341800.0,1833200.0,10000.0,6000.0,,0,0,0,0,0,0,0,0,0,0,0,0,0,0,0,0,0,0,0,159,2026-02-04 14:49:07.197712
ATMN,25.03,25.03,25.52,2325000.0,2203500.0,5000.0,,,0,0,0,0,0,0,0,0,0,0,0,0,0,0,0,0,0,0,0,159,2026-02-04 14:49:07.197712
WNTR,24.21,24.03,24.2,2081500.0,1966900.0,5000.0,,5000.0,0,0,0,0,0,0,0,0,0,0,0,0,0,0,0,0,0,0,0,159,2026-02-04 14:49:07.197712
SPNG,24.17,23.68,23.94,5000.0,2142600.0,10000.0,5000.0,10000.0,1898100.0,6000.0,0,0,0,0,0,0,0,0,0,0,0,0,0,0,0,0,0,160,2026-02-04 14:49:08.241395
SMMR,25.38,25.38,25.51,,2328000.0,,10000.0,,1963000.0,6000.0,0,0,0,0,0,0,0,0,0,0,0,0,0,0,0,0,0,160,2026-02-04 14:49:08.241395
ATMN,25.59,25.03,25.59,,2325000.0,,,,2332300.0,,0,0,0,0,0,0,0,0,0,0,0,0,0,0,0,0,0,160,2026-02-04 14:49:08.241395
WNTR,24.08,24.04,24.07,5000.0,2081500.0,,5000.0,,1969100.0,,0,0,0,0,0,0,0,0,0,0,0,0,0,0,0,0,0,160,2026-02-04 14:49:08.241395
SPNG,23.74,23.68,23.73,5000.0,2265200.0,5000.0,5000.0,1907900.0,10000.0,6000.0,,0,0,0,0,0,0,0,0,0,0,0,0,0,0,0,0,161,2026-02-04 14:49:09.275350
SMMR,25.38,25.48,25.5,,2355500.0,,8000.0,1928100.0,,6000.0,,0,0,0,0,0,0,0,0,0,0,0,0,0,0,0,0,161,2026-02-04 14:49:09.275350
ATMN,25.33,25.33,25.34,,2232200.0,,,2207800.0,,6000.0,6000.0,0,0,0,0,0,0,0,0,0,0,0,0,0,0,0,0,161,2026-02-04 14:49:09.275350
WNTR,24.08,24.17,24.2,10000.0,1844400.0,,5000.0,1969900.0,,,,0,0,0,0,0,0,0,0,0,0,0,0,0,0,0,0,161,2026-02-04 14:49:09.275350
SPNG,24.32,23.68,23.73,10000.0,2029500.0,5000.0,5000.0,6000.0,2103400.0,,0,0,0,0,0,0,0,0,0,0,0,0,0,0,0,0,0,162,2026-02-04 14:49:10.318705
SMMR,25.66,25.49,25.66,,1921300.0,6600.0,,,2286300.0,,0,0,0,0,0,0,0,0,0,0,0,0,0,0,0,0,0,162,2026-02-04 14:49:10.318705
ATMN,25.02,25.03,25.38,,1974000.0,10000.0,,6000.0,2095800.0,5000.0,0,0,0,0,0,0,0,0,0,0,0,0,0,0,0,0,0,162,2026-02-04 14:49:10.318705
WNTR,24.02,24.0,24.01,,2213500.0,,,,1978700.0,5000.0,0,0,0,0,0,0,0,0,0,0,0,0,0,0,0,0,0,162,2026-02-04 14:49:10.318705
SPNG,23.73,23.89,24.17,2036400.0,10000.0,5000.0,5000.0,6000.0,2103400.0,,,0,0,0,0,0,0,0,0,0,0,0,0,0,0,0,0,163,2026-02-04 14:49:11.356779
SMMR,25.67,25.53,25.57,1921300.0,,6600.0,,,2276500.0,6000.0,,0,0,0,0,0,0,0,0,0,0,0,0,0,0,0,0,163,2026-02-04 14:49:11.356779
ATMN,25.35,25.56,25.61,1914200.0,,5000.0,,,2349400.0,4666.0,,0,0,0,0,0,0,0,0,0,0,0,0,0,0,0,0,163,2026-02-04 14:49:11.356779
WNTR,24.01,24.0,24.01,2213500.0,,,,,2003100.0,,5000.0,0,0,0,0,0,0,0,0,0,0,0,0,0,0,0,0,163,2026-02-04 14:49:11.356779
SPNG,23.68,23.9,24.16,5000.0,5000.0,2280500.0,5000.0,5000.0,2145600.0,0,0,0,0,0,0,0,0,0,0,0,0,0,0,0,0,0,0,164,2026-02-04 14:49:12.409102
SMMR,25.48,25.48,25.68,,,2316400.0,5000.0,,2123900.0,0,0,0,0,0,0,0,0,0,0,0,0,0,0,0,0,0,0,164,2026-02-04 14:49:12.409102
ATMN,25.04,25.05,25.27,8334.0,,1958900.0,5000.0,,2213100.0,0,0,0,0,0,0,0,0,0,0,0,0,0,0,0,0,0,0,164,2026-02-04 14:49:12.409102
WNTR,24.13,24.0,24.13,,,2213500.0,5000.0,,2014900.0,0,0,0,0,0,0,0,0,0,0,0,0,0,0,0,0,0,0,164,2026-02-04 14:49:12.409102
SPNG,23.68,23.91,24.15,5000.0,2426200.0,5000.0,6000.0,2142300.0,0,0,0,0,0,0,0,0,0,0,0,0,0,0,0,0,0,0,0,165,2026-02-04 14:49:13.455926
SMMR,25.47,25.47,25.49,,2318100.0,5000.0,,2154100.0,0,0,0,0,0,0,0,0,0,0,0,0,0,0,0,0,0,0,0,165,2026-02-04 14:49:13.455926
ATMN,24.98,24.98,25.64,,2336700.0,,,2320900.0,0,0,0,0,0,0,0,0,0,0,0,0,0,0,0,0,0,0,0,165,2026-02-04 14:49:13.455926
WNTR,23.98,23.98,24.12,,2225700.0,10000.0,,1781500.0,0,0,0,0,0,0,0,0,0,0,0,0,0,0,0,0,0,0,0,165,2026-02-04 14:49:13.455926
SPNG,23.63,23.63,24.15,2549900.0,5000.0,2250200.0,,0,0,0,0,0,0,0,0,0,0,0,0,0,0,0,0,0,0,0,0,166,2026-02-04 14:49:14.509424
SMMR,25.49,25.47,25.49,2318100.0,5000.0,2041100.0,6000.0,0,0,0,0,0,0,0,0,0,0,0,0,0,0,0,0,0,0,0,0,166,2026-02-04 14:49:14.509424
ATMN,25.12,25.27,25.64,2325700.0,,2320900.0,,0,0,0,0,0,0,0,0,0,0,0,0,0,0,0,0,0,0,0,0,166,2026-02-04 14:49:14.509424
WNTR,24.05,23.98,24.05,2195000.0,10000.0,1780900.0,,0,0,0,0,0,0,0,0,0,0,0,0,0,0,0,0,0,0,0,0,166,2026-02-04 14:49:14.509424
SPNG,23.56,23.56,23.66,2555300.0,2192700.0,5000.0,6000.0,,0,0,0,0,0,0,0,0,0,0,0,0,0,0,0,0,0,0,0,167,2026-02-04 14:49:15.553446
SMMR,25.5,25.47,25.5,2318100.0,2130600.0,5000.0,,,0,0,0,0,0,0,0,0,0,0,0,0,0,0,0,0,0,0,0,167,2026-02-04 14:49:15.553446
ATMN,24.97,25.13,25.28,2198900.0,2182000.0,,6000.0,4666.0,0,0,0,0,0,0,0,0,0,0,0,0,0,0,0,0,0,0,0,167,2026-02-04 14:49:15.553446
WNTR,24.17,24.16,24.17,2204900.0,2093900.0,,,,0,0,0,0,0,0,0,0,0,0,0,0,0,0,0,0,0,0,0,167,2026-02-04 14:49:15.553446
SPNG,24.17,24.18,24.3,2529500.0,2351300.0,,0,0,0,0,0,0,0,0,0,0,0,0,0,0,0,0,0,0,0,0,0,168,2026-02-04 14:49:16.597207
SMMR,25.5,25.56,25.61,2311900.0,2147600.0,5000.0,0,0,0,0,0,0,0,0,0,0,0,0,0,0,0,0,0,0,0,0,0,168,2026-02-04 14:49:16.597207
ATMN,25.44,25.16,25.19,2294400.0,2334900.0,,0,0,0,0,0,0,0,0,0,0,0,0,0,0,0,0,0,0,0,0,0,168,2026-02-04 14:49:16.597207
WNTR,24.16,24.16,24.17,2204900.0,2074200.0,,0,0,0,0,0,0,0,0,0,0,0,0,0,0,0,0,0,0,0,0,0,168,2026-02-04 14:49:16.597207
SPNG,23.61,23.73,23.77,6000.0,2407600.0,2251100.0,6000.0,0,0,0,0,0,0,0,0,0,0,0,0,0,0,0,0,0,0,0,0,169,2026-02-04 14:49:17.136405
SMMR,25.56,25.56,25.7,6000.0,2181100.0,2258400.0,,0,0,0,0,0,0,0,0,0,0,0,0,0,0,0,0,0,0,0,0,169,2026-02-04 14:49:17.136405
ATMN,25.16,25.0,25.14,,2314800.0,2202400.0,6000.0,0,0,0,0,0,0,0,0,0,0,0,0,0,0,0,0,0,0,0,0,169,2026-02-04 14:49:17.136405
WNTR,23.96,23.96,24.17,,2168000.0,2081000.0,,0,0,0,0,0,0,0,0,0,0,0,0,0,0,0,0,0,0,0,0,169,2026-02-04 14:49:17.136405
SPNG,24.3,23.72,24.15,6000.0,2407600.0,6000.0,2309700.0,0,0,0,0,0,0,0,0,0,0,0,0,0,0,0,0,0,0,0,0,170,2026-02-04 14:49:18.177926
SMMR,25.47,25.41,25.47,,2317800.0,,2211900.0,0,0,0,0,0,0,0,0,0,0,0,0,0,0,0,0,0,0,0,0,170,2026-02-04 14:49:18.177926
ATMN,25.29,25.29,25.64,6000.0,2245600.0,,2320900.0,0,0,0,0,0,0,0,0,0,0,0,0,0,0,0,0,0,0,0,0,170,2026-02-04 14:49:18.177926
WNTR,23.96,24.09,24.12,,2196100.0,,2072900.0,0,0,0,0,0,0,0,0,0,0,0,0,0,0,0,0,0,0,0,0,170,2026-02-04 14:49:18.177926
SPNG,24.3,23.72,24.11,6000.0,2407600.0,2351800.0,4666.0,0,0,0,0,0,0,0,0,0,0,0,0,0,0,0,0,0,0,0,0,171,2026-02-04 14:49:19.218219
SMMR,25.47,25.57,25.6,,2291600.0,2232700.0,,0,0,0,0,0,0,0,0,0,0,0,0,0,0,0,0,0,0,0,0,171,2026-02-04 14:49:19.218219
ATMN,25.22,25.39,25.64,,2355900.0,2320900.0,,0,0,0,0,0,0,0,0,0,0,0,0,0,0,0,0,0,0,0,0,171,2026-02-04 14:49:19.218219
WNTR,24.1,24.09,24.1,,2196100.0,2079100.0,,0,0,0,0,0,0,0,0,0,0,0,0,0,0,0,0,0,0,0,0,171,2026-02-04 14:49:19.218219
SPNG,24.11,23.72,24.11,6000.0,2396200.0,2367900.0,6000.0,0,0,0,0,0,0,0,0,0,0,0,0,0,0,0,0,0,0,0,0,172,2026-02-04 14:49:20.254708
SMMR,25.41,25.64,25.7,,2288700.0,2222600.0,,0,0,0,0,0,0,0,0,0,0,0,0,0,0,0,0,0,0,0,0,172,2026-02-04 14:49:20.254708
ATMN,25.16,25.15,25.16,6000.0,2219300.0,2202100.0,4666.0,0,0,0,0,0,0,0,0,0,0,0,0,0,0,0,0,0,0,0,0,172,2026-02-04 14:49:20.254708
WNTR,23.96,23.96,24.12,,2196100.0,2091600.0,,0,0,0,0,0,0,0,0,0,0,0,0,0,0,0,0,0,0,0,0,172,2026-02-04 14:49:20.254708
SPNG,23.58,23.58,23.94,2584900.0,2491500.0,0,0,0,0,0,0,0,0,0,0,0,0,0,0,0,0,0,0,0,0,0,0,173,2026-02-04 14:49:21.290299
SMMR,25.38,25.38,25.7,2317300.0,2249400.0,0,0,0,0,0,0,0,0,0,0,0,0,0,0,0,0,0,0,0,0,0,0,173,2026-02-04 14:49:21.290299
ATMN,25.45,25.0,25.45,2342200.0,2313600.0,0,0,0,0,0,0,0,0,0,0,0,0,0,0,0,0,0,0,0,0,0,0,173,2026-02-04 14:49:21.290299
WNTR,24.1,24.1,24.12,2216400.0,2091600.0,0,0,0,0,0,0,0,0,0,0,0,0,0,0,0,0,0,0,0,0,0,0,173,2026-02-04 14:49:21.290299
SPNG,23.58,23.83,23.94,2527700.0,2491500.0,0,0,0,0,0,0,0,0,0,0,0,0,0,0,0,0,0,0,0,0,0,0,174,2026-02-04 14:49:22.327419
SMMR,25.38,25.53,25.62,2287700.0,2247900.0,0,0,0,0,0,0,0,0,0,0,0,0,0,0,0,0,0,0,0,0,0,0,174,2026-02-04 14:49:22.327419
ATMN,24.95,24.95,25.08,2332600.0,2311400.0,0,0,0,0,0,0,0,0,0,0,0,0,0,0,0,0,0,0,0,0,0,0,174,2026-02-04 14:49:22.327419
WNTR,23.96,23.96,24.12,2196900.0,2091600.0,0,0,0,0,0,0,0,0,0,0,0,0,0,0,0,0,0,0,0,0,0,0,174,2026-02-04 14:49:22.327419
SPNG,23.58,23.83,23.94,2527700.0,2529600.0,0,0,0,0,0,0,0,0,0,0,0,0,0,0,0,0,0,0,0,0,0,0,175,2026-02-04 14:49:23.362618
SMMR,25.45,25.56,25.58,2280900.0,2246100.0,0,0,0,0,0,0,0,0,0,0,0,0,0,0,0,0,0,0,0,0,0,0,175,2026-02-04 14:49:23.362618
ATMN,24.95,24.96,25.08,2313600.0,2311400.0,0,0,0,0,0,0,0,0,0,0,0,0,0,0,0,0,0,0,0,0,0,0,175,2026-02-04 14:49:23.362618
WNTR,23.96,24.08,24.1,2183200.0,2081400.0,0,0,0,0,0,0,0,0,0,0,0,0,0,0,0,0,0,0,0,0,0,0,175,2026-02-04 14:49:23.362618
SPNG,23.58,23.58,23.94,2569700.0,2493900.0,0,0,0,0,0,0,0,0,0,0,0,0,0,0,0,0,0,0,0,0,0,0,176,2026-02-04 14:49:24.398078
SMMR,25.58,25.57,25.58,2224800.0,2266200.0,0,0,0,0,0,0,0,0,0,0,0,0,0,0,0,0,0,0,0,0,0,0,176,2026-02-04 14:49:24.398078
ATMN,25.12,25.1,25.12,2353200.0,2312500.0,0,0,0,0,0,0,0,0,0,0,0,0,0,0,0,0,0,0,0,0,0,0,176,2026-02-04 14:49:24.398078
WNTR,23.96,23.93,23.96,2171800.0,2095300.0,0,0,0,0,0,0,0,0,0,0,0,0,0,0,0,0,0,0,0,0,0,0,176,2026-02-04 14:49:24.398078
SPNG,23.58,23.81,23.94,2527900.0,2493900.0,0,0,0,0,0,0,0,0,0,0,0,0,0,0,0,0,0,0,0,0,0,0,177,2026-02-04 14:49:25.441933
SMMR,25.58,25.57,25.58,2224800.0,2246300.0,0,0,0,0,0,0,0,0,0,0,0,0,0,0,0,0,0,0,0,0,0,0,177,2026-02-04 14:49:25.441933
ATMN,25.55,25.1,25.19,2353200.0,2338700.0,0,0,0,0,0,0,0,0,0,0,0,0,0,0,0,0,0,0,0,0,0,0,177,2026-02-04 14:49:25.441933
WNTR,23.96,23.93,23.96,2191900.0,2095300.0,0,0,0,0,0,0,0,0,0,0,0,0,0,0,0,0,0,0,0,0,0,0,177,2026-02-04 14:49:25.441933
SPNG,23.94,23.58,23.94,2569700.0,2493900.0,0,0,0,0,0,0,0,0,0,0,0,0,0,0,0,0,0,0,0,0,0,0,178,2026-02-04 14:49:26.482376
SMMR,25.54,25.4,25.54,2296400.0,2234200.0,0,0,0,0,0,0,0,0,0,0,0,0,0,0,0,0,0,0,0,0,0,0,178,2026-02-04 14:49:26.482376
ATMN,25.55,25.1,25.19,2305100.0,2325600.0,0,0,0,0,0,0,0,0,0,0,0,0,0,0,0,0,0,0,0,0,0,0,178,2026-02-04 14:49:26.482376
WNTR,24.1,23.93,24.06,2179300.0,2110500.0,0,0,0,0,0,0,0,0,0,0,0,0,0,0,0,0,0,0,0,0,0,0,178,2026-02-04 14:49:26.482376
SPNG,23.53,23.53,23.73,2576000.0,2493000.0,0,0,0,0,0,0,0,0,0,0,0,0,0,0,0,0,0,0,0,0,0,0,179,2026-02-04 14:49:27.524315
SMMR,25.54,25.4,25.54,2217100.0,2234200.0,0,0,0,0,0,0,0,0,0,0,0,0,0,0,0,0,0,0,0,0,0,0,179,2026-02-04 14:49:27.524315
ATMN,25.05,25.05,25.19,2278600.0,2299200.0,0,0,0,0,0,0,0,0,0,0,0,0,0,0,0,0,0,0,0,0,0,0,179,2026-02-04 14:49:27.524315
WNTR,23.92,23.95,24.06,2191800.0,2110500.0,0,0,0,0,0,0,0,0,0,0,0,0,0,0,0,0,0,0,0,0,0,0,179,2026-02-04 14:49:27.524315
SPNG,25.25,25.25,26.43,938100.0,689700.0,0,0,0,0,0,0,0,0,0,0,0,0,0,0,0,0,0,0,0,0,0,0,180,2026-02-04 14:49:28.557691
SMMR,25.59,25.8,0.0,200000.0,,0,0,0,0,0,0,0,0,0,0,0,0,0,0,0,0,0,0,0,0,0,0,180,2026-02-04 14:49:28.557691
ATMN,25.19,24.18,24.64,955600.0,872500.0,0,0,0,0,0,0,0,0,0,0,0,0,0,0,0,0,0,0,0,0,0,0,180,2026-02-04 14:49:28.557691
WNTR,24.17,25.67,0.0,200000.0,,0,0,0,0,0,0,0,0,0,0,0,0,0,0,0,0,0,0,0,0,0,0,180,2026-02-04 14:49:28.557691
SPNG,25.17,24.86,25.17,1323700.0,5000.0,824900.0,5000.0,0,0,0,0,0,0,0,0,0,0,0,0,0,0,0,0,0,0,0,0,181,2026-02-04 14:49:29.595283
SMMR,26.05,26.05,26.16,877400.0,,1011600.0,,0,0,0,0,0,0,0,0,0,0,0,0,0,0,0,0,0,0,0,0,181,2026-02-04 14:49:29.595283
ATMN,24.16,24.16,24.64,1019400.0,,971800.0,,0,0,0,0,0,0,0,0,0,0,0,0,0,0,0,0,0,0,0,0,181,2026-02-04 14:49:29.595283
WNTR,25.61,25.65,25.66,876800.0,,869600.0,,0,0,0,0,0,0,0,0,0,0,0,0,0,0,0,0,0,0,0,0,181,2026-02-04 14:49:29.595283
SPNG,25.53,24.89,25.3,1422800.0,5000.0,903600.0,5000.0,0,0,0,0,0,0,0,0,0,0,0,0,0,0,0,0,0,0,0,0,182,2026-02-04 14:49:30.639934
SMMR,25.94,25.94,26.06,843700.0,,1362000.0,,0,0,0,0,0,0,0,0,0,0,0,0,0,0,0,0,0,0,0,0,182,2026-02-04 14:49:30.639934
ATMN,24.11,23.54,23.69,1491600.0,,1092600.0,,0,0,0,0,0,0,0,0,0,0,0,0,0,0,0,0,0,0,0,0,182,2026-02-04 14:49:30.639934
WNTR,25.65,25.16,25.18,793800.0,,982800.0,,0,0,0,0,0,0,0,0,0,0,0,0,0,0,0,0,0,0,0,0,182,2026-02-04 14:49:30.639934
SPNG,25.53,25.05,25.29,1889100.0,5000.0,7000.0,7000.0,5000.0,903600.0,0,0,0,0,0,0,0,0,0,0,0,0,0,0,0,0,0,0,183,2026-02-04 14:49:31.678554
SMMR,25.94,25.94,26.06,843700.0,,,,,1677400.0,0,0,0,0,0,0,0,0,0,0,0,0,0,0,0,0,0,0,183,2026-02-04 14:49:31.678554
ATMN,23.69,23.73,23.94,1725100.0,,7000.0,7000.0,,1076600.0,0,0,0,0,0,0,0,0,0,0,0,0,0,0,0,0,0,0,183,2026-02-04 14:49:31.678554
WNTR,25.18,25.57,25.72,1244100.0,,,,,886400.0,0,0,0,0,0,0,0,0,0,0,0,0,0,0,0,0,0,0,183,2026-02-04 14:49:31.678554
SPNG,25.2,25.05,25.2,1889100.0,910300.0,7000.0,5000.0,,0,0,0,0,0,0,0,0,0,0,0,0,0,0,0,0,0,0,0,184,2026-02-04 14:49:32.216078
SMMR,25.94,25.95,26.03,843700.0,1889500.0,7000.0,,7000.0,0,0,0,0,0,0,0,0,0,0,0,0,0,0,0,0,0,0,0,184,2026-02-04 14:49:32.216078
ATMN,23.95,24.07,24.28,1861900.0,1209700.0,,,7000.0,0,0,0,0,0,0,0,0,0,0,0,0,0,0,0,0,0,0,0,184,2026-02-04 14:49:32.216078
WNTR,25.72,25.58,25.72,1244100.0,983700.0,,,7000.0,0,0,0,0,0,0,0,0,0,0,0,0,0,0,0,0,0,0,0,184,2026-02-04 14:49:32.216078
SPNG,25.72,25.05,25.69,1889100.0,1022400.0,14000.0,5000.0,,0,0,0,0,0,0,0,0,0,0,0,0,0,0,0,0,0,0,0,185,2026-02-04 14:49:33.253807
SMMR,25.78,25.79,26.02,883700.0,1889500.0,7000.0,,7000.0,0,0,0,0,0,0,0,0,0,0,0,0,0,0,0,0,0,0,0,185,2026-02-04 14:49:33.253807
ATMN,23.95,24.16,24.27,1963600.0,1416800.0,7000.0,,14000.0,0,0,0,0,0,0,0,0,0,0,0,0,0,0,0,0,0,0,0,185,2026-02-04 14:49:33.253807
WNTR,25.57,25.75,25.85,1328000.0,868800.0,7000.0,,7000.0,0,0,0,0,0,0,0,0,0,0,0,0,0,0,0,0,0,0,0,185,2026-02-04 14:49:33.253807
SPNG,25.72,25.05,25.26,1889100.0,1153900.0,21000.0,,0,0,0,0,0,0,0,0,0,0,0,0,0,0,0,0,0,0,0,0,186,2026-02-04 14:49:34.285851
SMMR,25.78,25.78,25.87,883700.0,2128700.0,,,0,0,0,0,0,0,0,0,0,0,0,0,0,0,0,0,0,0,0,0,186,2026-02-04 14:49:34.285851
ATMN,23.95,24.17,24.22,1963600.0,1750800.0,7000.0,14000.0,0,0,0,0,0,0,0,0,0,0,0,0,0,0,0,0,0,0,0,0,186,2026-02-04 14:49:34.285851
WNTR,25.87,25.76,25.87,1432800.0,892500.0,,7000.0,0,0,0,0,0,0,0,0,0,0,0,0,0,0,0,0,0,0,0,0,186,2026-02-04 14:49:34.285851
SPNG,25.26,25.08,25.26,2254000.0,5000.0,1153900.0,5000.0,7280.0,6000.0,,,0,0,0,0,0,0,0,0,0,0,0,0,0,0,0,0,187,2026-02-04 14:49:35.325138
SMMR,25.78,25.78,25.87,1122600.0,,2128700.0,,,,6000.0,,0,0,0,0,0,0,0,0,0,0,0,0,0,0,0,0,187,2026-02-04 14:49:35.325138
ATMN,24.08,24.08,24.1,2002800.0,,1927100.0,,14000.0,,,7000.0,0,0,0,0,0,0,0,0,0,0,0,0,0,0,0,0,187,2026-02-04 14:49:35.325138
WNTR,25.67,25.67,25.87,1449400.0,,1003200.0,,,,,,0,0,0,0,0,0,0,0,0,0,0,0,0,0,0,0,187,2026-02-04 14:49:35.325138
SPNG,25.09,25.09,25.26,2379300.0,5000.0,1153900.0,5000.0,14560.0,6000.0,,,0,0,0,0,0,0,0,0,0,0,0,0,0,0,0,0,188,2026-02-04 14:49:36.364305
SMMR,25.78,25.75,25.86,1249100.0,,2142200.0,,,,,,0,0,0,0,0,0,0,0,0,0,0,0,0,0,0,0,188,2026-02-04 14:49:36.364305
ATMN,24.1,24.14,24.22,2131300.0,,1895400.0,,,,6000.0,,0,0,0,0,0,0,0,0,0,0,0,0,0,0,0,0,188,2026-02-04 14:49:36.364305
WNTR,25.67,25.68,25.86,1449400.0,,1252400.0,,7000.0,,6000.0,7000.0,0,0,0,0,0,0,0,0,0,0,0,0,0,0,0,0,188,2026-02-04 14:49:36.364305
SPNG,25.09,25.09,25.26,2253100.0,5000.0,1153900.0,5000.0,11648.0,6000.0,,0,0,0,0,0,0,0,0,0,0,0,0,0,0,0,0,0,189,2026-02-04 14:49:37.393345
SMMR,25.86,25.71,25.74,1252400.0,,2170900.0,,,,,0,0,0,0,0,0,0,0,0,0,0,0,0,0,0,0,0,189,2026-02-04 14:49:37.393345
ATMN,24.04,24.04,24.22,2130600.0,,2004000.0,,,,6000.0,0,0,0,0,0,0,0,0,0,0,0,0,0,0,0,0,0,189,2026-02-04 14:49:37.393345
WNTR,25.67,25.66,25.77,1441000.0,,1467600.0,,,,6000.0,0,0,0,0,0,0,0,0,0,0,0,0,0,0,0,0,0,189,2026-02-04 14:49:37.393345
SPNG,25.28,25.29,25.7,7000.0,2122100.0,5000.0,1242300.0,7000.0,5000.0,,,0,0,0,0,0,0,0,0,0,0,0,0,0,0,0,0,190,2026-02-04 14:49:38.425329
SMMR,25.74,25.71,25.74,,1343000.0,,2098700.0,,,6000.0,,0,0,0,0,0,0,0,0,0,0,0,0,0,0,0,0,190,2026-02-04 14:49:38.425329
ATMN,23.99,23.97,23.99,,2129500.0,,2065400.0,11200.0,,,6000.0,0,0,0,0,0,0,0,0,0,0,0,0,0,0,0,0,190,2026-02-04 14:49:38.425329
WNTR,25.57,25.73,25.76,,1459700.0,,1656700.0,9950.0,,,6000.0,0,0,0,0,0,0,0,0,0,0,0,0,0,0,0,0,190,2026-02-04 14:49:38.425329
SPNG,25.7,25.25,25.26,6000.0,5000.0,2148900.0,5000.0,1242300.0,,,,0,0,0,0,0,0,0,0,0,0,0,0,0,0,0,0,191,2026-02-04 14:49:39.467347
SMMR,25.91,25.71,25.91,,,1343000.0,,2152800.0,,,,0,0,0,0,0,0,0,0,0,0,0,0,0,0,0,0,191,2026-02-04 14:49:39.467347
ATMN,23.81,23.72,23.82,,,1999100.0,,1956500.0,8960.0,6000.0,,0,0,0,0,0,0,0,0,0,0,0,0,0,0,0,0,191,2026-02-04 14:49:39.467347
WNTR,25.76,25.74,25.75,6000.0,,1559000.0,,1745800.0,7000.0,,7000.0,0,0,0,0,0,0,0,0,0,0,0,0,0,0,0,0,191,2026-02-04 14:49:39.467347
SPNG,25.21,25.21,25.28,2251000.0,5000.0,500.0,1242300.0,,,,0,0,0,0,0,0,0,0,0,0,0,0,0,0,0,0,0,192,2026-02-04 14:49:40.506262
SMMR,25.93,25.94,25.96,1457100.0,,,2056100.0,7000.0,6000.0,7000.0,0,0,0,0,0,0,0,0,0,0,0,0,0,0,0,0,0,192,2026-02-04 14:49:40.506262
ATMN,23.83,23.83,23.98,2529600.0,,6000.0,2004000.0,,,,0,0,0,0,0,0,0,0,0,0,0,0,0,0,0,0,0,192,2026-02-04 14:49:40.506262
WNTR,25.77,25.75,25.77,1566600.0,,,1641600.0,,6000.0,,0,0,0,0,0,0,0,0,0,0,0,0,0,0,0,0,0,192,2026-02-04 14:49:40.506262
SPNG,25.66,25.22,25.66,5000.0,2251000.0,1510300.0,5000.0,,,,0,0,0,0,0,0,0,0,0,0,0,0,0,0,0,0,0,193,2026-02-04 14:49:41.540916
SMMR,25.97,25.78,25.97,,1569600.0,2166900.0,,6000.0,,,0,0,0,0,0,0,0,0,0,0,0,0,0,0,0,0,0,193,2026-02-04 14:49:41.540916
ATMN,23.83,23.83,24.02,,2349800.0,2004000.0,,,6000.0,6000.0,0,0,0,0,0,0,0,0,0,0,0,0,0,0,0,0,0,193,2026-02-04 14:49:41.540916
WNTR,25.79,25.81,25.87,,1633100.0,1437900.0,,,7000.0,,0,0,0,0,0,0,0,0,0,0,0,0,0,0,0,0,0,193,2026-02-04 14:49:41.540916
SPNG,25.3,25.08,25.13,2273300.0,5000.0,5000.0,1642100.0,7000.0,6000.0,,,0,0,0,0,0,0,0,0,0,0,0,0,0,0,0,0,194,2026-02-04 14:49:42.571900
SMMR,25.97,25.79,25.86,1685800.0,,,2024500.0,,2083.0,7000.0,6000.0,0,0,0,0,0,0,0,0,0,0,0,0,0,0,0,0,194,2026-02-04 14:49:42.571900
ATMN,24.09,24.09,24.21,1967600.0,,,2122000.0,7000.0,,13000.0,2083.0,0,0,0,0,0,0,0,0,0,0,0,0,0,0,0,0,194,2026-02-04 14:49:42.571900
WNTR,25.87,25.81,25.87,1635700.0,,,1437900.0,,,14000.0,6000.0,0,0,0,0,0,0,0,0,0,0,0,0,0,0,0,0,194,2026-02-04 14:49:42.571900
SPNG,25.05,25.05,25.3,2412600.0,1642100.0,5000.0,6000.0,7000.0,,,0,0,0,0,0,0,0,0,0,0,0,0,0,0,0,0,0,195,2026-02-04 14:49:43.602521
SMMR,25.9,25.78,25.88,1685800.0,2132000.0,,,,6000.0,,0,0,0,0,0,0,0,0,0,0,0,0,0,0,0,0,0,195,2026-02-04 14:49:43.602521
ATMN,23.87,23.91,24.02,2420000.0,2179400.0,,2583.0,,3917.0,,0,0,0,0,0,0,0,0,0,0,0,0,0,0,0,0,0,195,2026-02-04 14:49:43.602521
WNTR,25.8,25.8,25.87,1635700.0,1743600.0,,,,6000.0,8000.0,0,0,0,0,0,0,0,0,0,0,0,0,0,0,0,0,0,195,2026-02-04 14:49:43.602521
SPNG,25.66,25.03,25.66,2283100.0,5000.0,1510300.0,,,,0,0,0,0,0,0,0,0,0,0,0,0,0,0,0,0,0,0,196,2026-02-04 14:49:44.642356
SMMR,25.9,25.86,25.88,1933300.0,,1922000.0,2800.0,,,0,0,0,0,0,0,0,0,0,0,0,0,0,0,0,0,0,0,196,2026-02-04 14:49:44.642356
ATMN,24.05,24.1,24.22,2210500.0,,2228600.0,,7000.0,6000.0,0,0,0,0,0,0,0,0,0,0,0,0,0,0,0,0,0,0,196,2026-02-04 14:49:44.642356
WNTR,25.67,25.62,25.66,1622100.0,,1955400.0,,,,0,0,0,0,0,0,0,0,0,0,0,0,0,0,0,0,0,0,196,2026-02-04 14:49:44.642356
SPNG,25.66,25.27,25.37,6000.0,5000.0,2156400.0,1834300.0,5000.0,6000.0,,0,0,0,0,0,0,0,0,0,0,0,0,0,0,0,0,0,197,2026-02-04 14:49:45.677707
SMMR,25.73,25.73,25.88,,,1814600.0,1943200.0,,,2800.0,0,0,0,0,0,0,0,0,0,0,0,0,0,0,0,0,0,197,2026-02-04 14:49:45.677707
ATMN,24.02,24.02,24.22,6000.0,,2344700.0,2276200.0,,,,0,0,0,0,0,0,0,0,0,0,0,0,0,0,0,0,0,197,2026-02-04 14:49:45.677707
WNTR,25.67,25.83,25.87,,,1944800.0,1940900.0,,,,0,0,0,0,0,0,0,0,0,0,0,0,0,0,0,0,0,197,2026-02-04 14:49:45.677707
SPNG,24.97,24.97,25.27,2299900.0,5000.0,1975800.0,5000.0,6000.0,,0,0,0,0,0,0,0,0,0,0,0,0,0,0,0,0,0,0,198,2026-02-04 14:49:46.717621
SMMR,25.89,25.78,25.89,1558100.0,,2169000.0,,,6000.0,0,0,0,0,0,0,0,0,0,0,0,0,0,0,0,0,0,0,198,2026-02-04 14:49:46.717621
ATMN,24.05,24.02,24.05,2464300.0,,2310600.0,,,,0,0,0,0,0,0,0,0,0,0,0,0,0,0,0,0,0,0,198,2026-02-04 14:49:46.717621
WNTR,25.82,25.82,25.87,1963500.0,,1832700.0,,,6000.0,0,0,0,0,0,0,0,0,0,0,0,0,0,0,0,0,0,0,198,2026-02-04 14:49:46.717621
SPNG,25.27,24.97,25.27,2279500.0,5000.0,2054900.0,5000.0,,0,0,0,0,0,0,0,0,0,0,0,0,0,0,0,0,0,0,0,199,2026-02-04 14:49:47.751103
SMMR,25.92,25.69,25.91,1558100.0,,2165500.0,,,0,0,0,0,0,0,0,0,0,0,0,0,0,0,0,0,0,0,0,199,2026-02-04 14:49:47.751103
ATMN,23.98,23.98,24.05,2495500.0,,2310600.0,,,0,0,0,0,0,0,0,0,0,0,0,0,0,0,0,0,0,0,0,199,2026-02-04 14:49:47.751103
WNTR,25.62,25.62,25.65,1724800.0,,1811500.0,,4666.0,0,0,0,0,0,0,0,0,0,0,0,0,0,0,0,0,0,0,0,199,2026-02-04 14:49:47.751103
SPNG,25.27,25.0,25.27,2295600.0,5000.0,1975800.0,5000.0,6000.0,,0,0,0,0,0,0,0,0,0,0,0,0,0,0,0,0,0,0,200,2026-02-04 14:49:48.786888
SMMR,25.97,25.78,25.93,1468200.0,,2179600.0,,,6000.0,0,0,0,0,0,0,0,0,0,0,0,0,0,0,0,0,0,0,200,2026-02-04 14:49:48.786888
ATMN,24.05,24.14,24.22,2518100.0,,2305900.0,,,,0,0,0,0,0,0,0,0,0,0,0,0,0,0,0,0,0,0,200,2026-02-04 14:49:48.786888
WNTR,25.65,25.59,25.65,1944700.0,,1811500.0,,1334.0,,0,0,0,0,0,0,0,0,0,0,0,0,0,0,0,0,0,0,200,2026-02-04 14:49:48.786888
SPNG,25.27,25.34,25.37,2187400.0,10000.0,1942800.0,5000.0,6000.0,,,0,0,0,0,0,0,0,0,0,0,0,0,0,0,0,0,0,201,2026-02-04 14:49:49.815894
SMMR,25.81,25.82,25.93,1578900.0,,2179600.0,,,6000.0,,0,0,0,0,0,0,0,0,0,0,0,0,0,0,0,0,0,201,2026-02-04 14:49:49.815894
ATMN,24.05,24.14,24.22,2296500.0,,2328600.0,,,,7000.0,0,0,0,0,0,0,0,0,0,0,0,0,0,0,0,0,0,201,2026-02-04 14:49:49.815894
WNTR,25.9,25.6,25.9,1809100.0,,1732000.0,,,,6000.0,0,0,0,0,0,0,0,0,0,0,0,0,0,0,0,0,0,201,2026-02-04 14:49:49.815894
SPNG,25.31,25.31,25.37,2267500.0,5000.0,1863700.0,10000.0,6000.0,,,0,0,0,0,0,0,0,0,0,0,0,0,0,0,0,0,0,202,2026-02-04 14:49:50.345622
SMMR,25.81,25.86,25.93,1817700.0,,2186000.0,,,6000.0,,0,0,0,0,0,0,0,0,0,0,0,0,0,0,0,0,0,202,2026-02-04 14:49:50.345622
ATMN,23.92,24.13,24.22,2252700.0,,2328600.0,,,,7000.0,0,0,0,0,0,0,0,0,0,0,0,0,0,0,0,0,0,202,2026-02-04 14:49:50.345622
WNTR,25.6,25.6,25.9,2042900.0,,1732000.0,,,,,0,0,0,0,0,0,0,0,0,0,0,0,0,0,0,0,0,202,2026-02-04 14:49:50.345622
SPNG,25.63,25.32,25.63,7000.0,2179700.0,5000.0,1844500.0,5000.0,6000.0,,0,0,0,0,0,0,0,0,0,0,0,0,0,0,0,0,0,203,2026-02-04 14:49:51.386021
SMMR,25.97,25.83,25.88,,1941800.0,,2194900.0,,,6000.0,0,0,0,0,0,0,0,0,0,0,0,0,0,0,0,0,0,203,2026-02-04 14:49:51.386021
ATMN,24.12,23.92,23.97,,2485100.0,,2376800.0,,,,0,0,0,0,0,0,0,0,0,0,0,0,0,0,0,0,0,203,2026-02-04 14:49:51.386021
WNTR,25.7,25.6,25.64,,2013700.0,,1812800.0,,6000.0,,0,0,0,0,0,0,0,0,0,0,0,0,0,0,0,0,0,203,2026-02-04 14:49:51.386021
SPNG,25.09,25.01,25.09,7000.0,2150300.0,5000.0,2064700.0,5000.0,6000.0,,,0,0,0,0,0,0,0,0,0,0,0,0,0,0,0,0,204,2026-02-04 14:49:52.427541
SMMR,25.84,25.83,25.84,,2045900.0,,2069900.0,,,7000.0,,0,0,0,0,0,0,0,0,0,0,0,0,0,0,0,0,204,2026-02-04 14:49:52.427541
ATMN,23.97,23.93,23.97,,2377200.0,,2376800.0,,,,6000.0,0,0,0,0,0,0,0,0,0,0,0,0,0,0,0,0,204,2026-02-04 14:49:52.427541
WNTR,25.59,25.6,25.63,7000.0,1895900.0,,1812800.0,,,7000.0,,0,0,0,0,0,0,0,0,0,0,0,0,0,0,0,0,204,2026-02-04 14:49:52.427541
SPNG,25.42,25.08,25.42,2025900.0,5000.0,14000.0,2158000.0,6000.0,,0,0,0,0,0,0,0,0,0,0,0,0,0,0,0,0,0,0,205,2026-02-04 14:49:53.468909
SMMR,25.88,25.88,25.95,2138400.0,,,2168200.0,,,0,0,0,0,0,0,0,0,0,0,0,0,0,0,0,0,0,0,205,2026-02-04 14:49:53.468909
ATMN,23.9,23.9,23.97,2448400.0,,,2383300.0,,,0,0,0,0,0,0,0,0,0,0,0,0,0,0,0,0,0,0,205,2026-02-04 14:49:53.468909
WNTR,25.7,25.65,25.69,1895900.0,,,1832900.0,6000.0,1166.0,0,0,0,0,0,0,0,0,0,0,0,0,0,0,0,0,0,0,205,2026-02-04 14:49:53.468909
SPNG,25.42,25.08,25.42,2055200.0,5000.0,11200.0,2069000.0,5000.0,6000.0,,,0,0,0,0,0,0,0,0,0,0,0,0,0,0,0,0,206,2026-02-04 14:49:54.503965
SMMR,25.97,25.87,25.91,1703300.0,,,2065300.0,,6000.0,5166.0,,0,0,0,0,0,0,0,0,0,0,0,0,0,0,0,0,206,2026-02-04 14:49:54.503965
ATMN,23.87,23.87,23.96,2474200.0,,,2267500.0,,,,7000.0,0,0,0,0,0,0,0,0,0,0,0,0,0,0,0,0,206,2026-02-04 14:49:54.503965
WNTR,25.73,25.65,25.68,1915200.0,,,1827200.0,,6000.0,1166.0,,0,0,0,0,0,0,0,0,0,0,0,0,0,0,0,0,206,2026-02-04 14:49:54.503965
SPNG,25.42,25.17,25.41,15960.0,1945800.0,5000.0,7000.0,1888500.0,10000.0,6000.0,,0,0,0,0,0,0,0,0,0,0,0,0,0,0,0,0,207,2026-02-04 14:49:55.532746
SMMR,25.97,25.89,25.92,,1810500.0,,,2068000.0,,6000.0,5166.0,0,0,0,0,0,0,0,0,0,0,0,0,0,0,0,0,207,2026-02-04 14:49:55.532746
ATMN,23.8,23.81,23.95,7000.0,2353600.0,,14000.0,2050200.0,,,,0,0,0,0,0,0,0,0,0,0,0,0,0,0,0,0,207,2026-02-04 14:49:55.532746
WNTR,25.67,25.57,25.67,,2005300.0,,7000.0,1723100.0,,6000.0,,0,0,0,0,0,0,0,0,0,0,0,0,0,0,0,0,207,2026-02-04 14:49:55.532746
SPNG,25.57,25.17,25.42,5000.0,2262400.0,7000.0,1963000.0,6000.0,,,0,0,0,0,0,0,0,0,0,0,0,0,0,0,0,0,0,208,2026-02-04 14:49:56.573417
SMMR,25.89,25.82,25.86,,2032500.0,7000.0,1950300.0,6000.0,,,0,0,0,0,0,0,0,0,0,0,0,0,0,0,0,0,0,208,2026-02-04 14:49:56.573417
ATMN,24.12,23.93,24.07,,2258200.0,,2358900.0,,6000.0,7000.0,0,0,0,0,0,0,0,0,0,0,0,0,0,0,0,0,0,208,2026-02-04 14:49:56.573417
WNTR,25.91,25.62,25.68,,2006500.0,1000.0,1647100.0,,,,0,0,0,0,0,0,0,0,0,0,0,0,0,0,0,0,0,208,2026-02-04 14:49:56.573417
SPNG,25.44,25.44,25.53,2400500.0,2195900.0,6000.0,,,0,0,0,0,0,0,0,0,0,0,0,0,0,0,0,0,0,0,0,209,2026-02-04 14:49:57.610881
SMMR,25.78,25.84,25.86,2126600.0,1950300.0,,7000.0,,0,0,0,0,0,0,0,0,0,0,0,0,0,0,0,0,0,0,0,209,2026-02-04 14:49:57.610881
ATMN,24.16,23.81,24.15,2364300.0,2251000.0,,7000.0,7000.0,0,0,0,0,0,0,0,0,0,0,0,0,0,0,0,0,0,0,0,209,2026-02-04 14:49:57.610881
WNTR,25.67,25.65,25.68,2001700.0,1653800.0,6000.0,1000.0,,0,0,0,0,0,0,0,0,0,0,0,0,0,0,0,0,0,0,0,209,2026-02-04 14:49:57.610881
