news_id,period,tick,ticker,headline,body,tick,timestamp,ticker,last_price,bid_price,ask_price,BUY_ANON,SELL_ANON,BUY_LUIS-1,SELL_LUIS-1
2.0,1.0,1.0,,Aggregate Position Limit,Your CRO has set the aggregate position limit to 8000 shares for this week.,3,2026-02-01 13:52:27.482019,SPNG,24.88,24.55,24.71,1802300.0,1829700.0,0,0
1.0,1.0,1.0,,Welcome to the RITC 2026 Alogithmic Market Making Case - practice server,,3,2026-02-01 13:52:27.482019,SMMR,24.95,24.95,24.97,1907300.0,2059900.0,0,0
,,,,,,3,2026-02-01 13:52:27.482019,ATMN,25.11,25.11,25.16,2096400.0,1997100.0,0,0
,,,,,,3,2026-02-01 13:52:27.482019,WNTR,25.02,24.95,25.02,2258100.0,2260900.0,0,0
2.0,1.0,1.0,,Aggregate Position Limit,Your CRO has set the aggregate position limit to 8000 shares for this week.,4,2026-02-01 13:52:28.512182,SPNG,24.71,24.84,25.13,2036400.0,1716600.0,0,0
1.0,1.0,1.0,,Welcome to the RITC 2026 Alogithmic Market Making Case - practice server,,4,2026-02-01 13:52:28.512182,SMMR,24.97,25.09,25.1,2004500.0,2059000.0,0,0
,,,,,,4,2026-02-01 13:52:28.512182,ATMN,25.16,25.16,25.2,2105100.0,2007400.0,0,0
,,,,,,4,2026-02-01 13:52:28.512182,WNTR,25.02,24.95,25.02,2324700.0,2243000.0,0,0
2.0,1.0,1.0,,Aggregate Position Limit,Your CRO has set the aggregate position limit to 8000 shares for this week.,5,2026-02-01 13:52:29.532172,SPNG,25.1,24.84,25.1,2036400.0,1942700.0,0,0
1.0,1.0,1.0,,Welcome to the RITC 2026 Alogithmic Market Making Case - practice server,,5,2026-02-01 13:52:29.532172,SMMR,24.97,25.09,25.1,2005400.0,2039900.0,0,0
,,,,,,5,2026-02-01 13:52:29.532172,ATMN,24.78,24.93,25.2,1876400.0,1991500.0,0,0
,,,,,,5,2026-02-01 13:52:29.532172,WNTR,25.04,25.03,25.04,2290700.0,2233100.0,0,0
2.0,1.0,1.0,,Aggregate Position Limit,Your CRO has set the aggregate position limit to 8000 shares for this week.,6,2026-02-01 13:52:30.563042,SPNG,24.74,24.74,25.13,2028200.0,1920600.0,0,0
1.0,1.0,1.0,,Welcome to the RITC 2026 Alogithmic Market Making Case - practice server,,6,2026-02-01 13:52:30.563042,SMMR,24.95,25.0,25.1,2016200.0,2039900.0,0,0
,,,,,,6,2026-02-01 13:52:30.563042,ATMN,25.27,24.93,25.27,2092400.0,2011800.0,0,0
,,,,,,6,2026-02-01 13:52:30.563042,WNTR,25.03,24.95,25.02,2324700.0,2275300.0,0,0
2.0,1.0,1.0,,Aggregate Position Limit,Your CRO has set the aggregate position limit to 8000 shares for this week.,7,2026-02-01 13:52:31.579623,SPNG,25.13,24.97,25.13,2050200.0,1831600.0,0,0
1.0,1.0,1.0,,Welcome to the RITC 2026 Alogithmic Market Making Case - practice server,,7,2026-02-01 13:52:31.579623,SMMR,25.02,25.02,25.1,2030700.0,2039900.0,0,0
,,,,,,7,2026-02-01 13:52:31.579623,ATMN,24.78,24.78,24.89,1997000.0,2011500.0,0,0
,,,,,,7,2026-02-01 13:52:31.579623,WNTR,25.06,24.95,25.06,2247600.0,2299300.0,0,0
2.0,1.0,1.0,,Aggregate Position Limit,Your CRO has set the aggregate position limit to 8000 shares for this week.,8,2026-02-01 13:52:32.606914,SPNG,25.16,24.97,24.98,2050200.0,1953300.0,0,0
1.0,1.0,1.0,,Welcome to the RITC 2026 Alogithmic Market Making Case - practice server,,8,2026-02-01 13:52:32.606914,SMMR,25.0,25.0,25.1,2031600.0,2029200.0,0,0
,,,,,,8,2026-02-01 13:52:32.606914,ATMN,25.28,24.78,25.28,2072300.0,2010800.0,0,0
,,,,,,8,2026-02-01 13:52:32.606914,WNTR,25.1,24.95,25.1,2228400.0,2344100.0,0,0
2.0,1.0,1.0,,Aggregate Position Limit,Your CRO has set the aggregate position limit to 8000 shares for this week.,9,2026-02-01 13:52:33.636820,SPNG,25.16,25.24,25.26,2045400.0,1627600.0,0,0
1.0,1.0,1.0,,Welcome to the RITC 2026 Alogithmic Market Making Case - practice server,,9,2026-02-01 13:52:33.636820,SMMR,25.13,25.0,25.13,2027700.0,2019700.0,0,0
,,,,,,9,2026-02-01 13:52:33.636820,ATMN,25.18,24.78,25.14,2072300.0,2020700.0,0,0
,,,,,,9,2026-02-01 13:52:33.636820,WNTR,25.16,24.98,25.16,2208300.0,2344900.0,0,0
2.0,1.0,1.0,,Aggregate Position Limit,Your CRO has set the aggregate position limit to 8000 shares for this week.,10,2026-02-01 13:52:34.668929,SPNG,24.97,24.97,24.98,2050200.0,1805100.0,0,0
1.0,1.0,1.0,,Welcome to the RITC 2026 Alogithmic Market Making Case - practice server,,10,2026-02-01 13:52:34.668929,SMMR,25.17,24.95,25.17,2019200.0,2034300.0,0,0
,,,,,,10,2026-02-01 13:52:34.668929,ATMN,25.32,24.78,25.32,2082900.0,1997800.0,0,0
,,,,,,10,2026-02-01 13:52:34.668929,WNTR,24.95,25.15,25.16,2196500.0,2378000.0,0,0
2.0,1.0,1.0,,Aggregate Position Limit,Your CRO has set the aggregate position limit to 8000 shares for this week.,11,2026-02-01 13:52:35.700097,SPNG,24.97,24.83,24.96,2044000.0,1941100.0,0,0
1.0,1.0,1.0,,Welcome to the RITC 2026 Alogithmic Market Making Case - practice server,,11,2026-02-01 13:52:35.700097,SMMR,24.95,24.95,25.14,2037100.0,2044100.0,0,0
,,,,,,11,2026-02-01 13:52:35.700097,ATMN,25.32,25.01,25.06,2090800.0,1994600.0,0,0
,,,,,,11,2026-02-01 13:52:35.700097,WNTR,24.95,24.95,25.13,2230200.0,2346000.0,0,0
2.0,1.0,1.0,,Aggregate Position Limit,Your CRO has set the aggregate position limit to 8000 shares for this week.,12,2026-02-01 13:52:36.730494,SPNG,24.83,24.83,24.98,2044000.0,1913000.0,0,0
1.0,1.0,1.0,,Welcome to the RITC 2026 Alogithmic Market Making Case - practice server,,12,2026-02-01 13:52:36.730494,SMMR,25.14,25.04,25.17,2014000.0,2034300.0,0,0
,,,,,,12,2026-02-01 13:52:36.730494,ATMN,25.32,25.01,25.06,2096600.0,1994600.0,0,0
,,,,,,12,2026-02-01 13:52:36.730494,WNTR,25.02,24.95,25.02,2230200.0,2361800.0,0,0
2.0,1.0,1.0,,Aggregate Position Limit,Your CRO has set the aggregate position limit to 8000 shares for this week.,13,2026-02-01 13:52:37.765727,SPNG,24.98,25.06,25.26,2039100.0,1921200.0,0,0
1.0,1.0,1.0,,Welcome to the RITC 2026 Alogithmic Market Making Case - practice server,,13,2026-02-01 13:52:37.765727,SMMR,25.2,25.04,25.2,2014000.0,2043000.0,0,0
,,,,,,13,2026-02-01 13:52:37.765727,ATMN,25.32,25.01,25.06,2123600.0,2010400.0,0,0
,,,,,,13,2026-02-01 13:52:37.765727,WNTR,25.02,25.11,25.13,2220800.0,2346000.0,0,0
2.0,1.0,1.0,,Aggregate Position Limit,Your CRO has set the aggregate position limit to 8000 shares for this week.,14,2026-02-01 13:52:38.800230,SPNG,24.83,24.83,25.19,2044000.0,1953200.0,0,0
1.0,1.0,1.0,,Welcome to the RITC 2026 Alogithmic Market Making Case - practice server,,14,2026-02-01 13:52:38.800230,SMMR,25.04,24.94,25.01,2035500.0,2029600.0,0,0
,,,,,,14,2026-02-01 13:52:38.800230,ATMN,25.32,25.01,25.06,2083500.0,2010400.0,0,0
,,,,,,14,2026-02-01 13:52:38.800230,WNTR,24.9,24.9,25.16,2273400.0,2316400.0,0,0
2.0,1.0,1.0,,Aggregate Position Limit,Your CRO has set the aggregate position limit to 8000 shares for this week.,15,2026-02-01 13:52:39.832214,SPNG,24.81,24.81,25.14,2041100.0,1981800.0,0,0
1.0,1.0,1.0,,Welcome to the RITC 2026 Alogithmic Market Making Case - practice server,,15,2026-02-01 13:52:39.832214,SMMR,25.01,25.18,25.22,2021100.0,2029700.0,0,0
,,,,,,15,2026-02-01 13:52:39.832214,ATMN,25.1,24.97,25.1,2115900.0,1995100.0,0,0
,,,,,,15,2026-02-01 13:52:39.832214,WNTR,25.21,24.9,25.21,2273400.0,2310700.0,0,0
2.0,1.0,1.0,,Aggregate Position Limit,Your CRO has set the aggregate position limit to 8000 shares for this week.,16,2026-02-01 13:52:40.863401,SPNG,24.81,24.81,25.14,2033400.0,1986600.0,0,0
1.0,1.0,1.0,,Welcome to the RITC 2026 Alogithmic Market Making Case - practice server,,16,2026-02-01 13:52:40.863401,SMMR,25.18,24.94,25.17,2035500.0,2018700.0,0,0
,,,,,,16,2026-02-01 13:52:40.863401,ATMN,25.1,24.93,25.1,2132000.0,1995100.0,0,0
,,,,,,16,2026-02-01 13:52:40.863401,WNTR,25.15,25.1,25.15,2279500.0,2343800.0,0,0
2.0,1.0,1.0,,Aggregate Position Limit,Your CRO has set the aggregate position limit to 8000 shares for this week.,17,2026-02-01 13:52:41.901671,SPNG,24.74,24.74,25.14,2037200.0,1986600.0,0,0
1.0,1.0,1.0,,Welcome to the RITC 2026 Alogithmic Market Making Case - practice server,,17,2026-02-01 13:52:41.901671,SMMR,24.93,25.0,25.05,2011700.0,2037300.0,0,0
,,,,,,17,2026-02-01 13:52:41.901671,ATMN,24.87,24.87,25.28,2153200.0,1979900.0,0,0
,,,,,,17,2026-02-01 13:52:41.901671,WNTR,24.9,24.97,25.15,2243500.0,2343800.0,0,0
2.0,1.0,1.0,,Aggregate Position Limit,Your CRO has set the aggregate position limit to 8000 shares for this week.,18,2026-02-01 13:52:42.916275,SPNG,24.96,24.74,24.96,2013000.0,1964800.0,0,0
1.0,1.0,1.0,,Welcome to the RITC 2026 Alogithmic Market Making Case - practice server,,18,2026-02-01 13:52:42.916275,SMMR,25.05,25.0,25.02,2002000.0,2014000.0,0,0
,,,,,,18,2026-02-01 13:52:42.916275,ATMN,24.83,24.83,24.91,2159300.0,1999700.0,0,0
,,,,,,18,2026-02-01 13:52:42.916275,WNTR,25.04,25.02,25.04,2238400.0,2333600.0,0,0
2.0,1.0,1.0,,Aggregate Position Limit,Your CRO has set the aggregate position limit to 8000 shares for this week.,19,2026-02-01 13:52:43.946742,SPNG,25.19,25.17,25.19,2015800.0,1950700.0,0,0
1.0,1.0,1.0,,Welcome to the RITC 2026 Alogithmic Market Making Case - practice server,,19,2026-02-01 13:52:43.946742,SMMR,24.93,24.93,25.02,1994000.0,2014000.0,0,0
,,,,,,19,2026-02-01 13:52:43.946742,ATMN,24.79,24.79,25.28,2184200.0,1961100.0,0,0
,,,,,,19,2026-02-01 13:52:43.946742,WNTR,25.22,25.13,25.2,2258600.0,2323100.0,0,0
2.0,1.0,1.0,,Aggregate Position Limit,Your CRO has set the aggregate position limit to 8000 shares for this week.,20,2026-02-01 13:52:44.965375,SPNG,25.19,25.17,25.19,2015800.0,1946500.0,0,0
1.0,1.0,1.0,,Welcome to the RITC 2026 Alogithmic Market Making Case - practice server,,20,2026-02-01 13:52:44.965375,SMMR,25.02,25.02,25.05,2029300.0,2037300.0,0,0
,,,,,,20,2026-02-01 13:52:44.965375,ATMN,25.35,24.95,25.23,2163200.0,1994400.0,0,0
,,,,,,20,2026-02-01 13:52:44.965375,WNTR,25.02,25.02,25.2,2238400.0,2309500.0,0,0
2.0,1.0,1.0,,Aggregate Position Limit,Your CRO has set the aggregate position limit to 8000 shares for this week.,21,2026-02-01 13:52:45.998386,SPNG,25.17,24.91,25.01,2007600.0,1960000.0,0,0
1.0,1.0,1.0,,Welcome to the RITC 2026 Alogithmic Market Making Case - practice server,,21,2026-02-01 13:52:45.998386,SMMR,25.1,25.1,25.23,2045900.0,2008000.0,0,0
,,,,,,21,2026-02-01 13:52:45.998386,ATMN,25.23,25.3,25.35,2170600.0,1999500.0,0,0
,,,,,,21,2026-02-01 13:52:45.998386,WNTR,25.18,25.18,25.2,2260300.0,2288000.0,0,0
2.0,1.0,1.0,,Aggregate Position Limit,Your CRO has set the aggregate position limit to 8000 shares for this week.,22,2026-02-01 13:52:47.031983,SPNG,24.91,24.91,25.34,2007600.0,1916600.0,0,0
1.0,1.0,1.0,,Welcome to the RITC 2026 Alogithmic Market Making Case - practice server,,22,2026-02-01 13:52:47.031983,SMMR,25.1,25.1,25.23,2045900.0,2066200.0,0,0
,,,,,,22,2026-02-01 13:52:47.031983,ATMN,25.23,25.3,25.35,2170600.0,2018700.0,0,0
,,,,,,22,2026-02-01 13:52:47.031983,WNTR,24.97,25.07,25.08,2253700.0,2297300.0,0,0
2.0,1.0,1.0,,Aggregate Position Limit,Your CRO has set the aggregate position limit to 8000 shares for this week.,23,2026-02-01 13:52:48.064571,SPNG,25.37,24.68,25.37,2012300.0,1933100.0,0,0
1.0,1.0,1.0,,Welcome to the RITC 2026 Alogithmic Market Making Case - practice server,,23,2026-02-01 13:52:48.064571,SMMR,25.24,25.1,25.22,2045900.0,2062400.0,0,0
,,,,,,23,2026-02-01 13:52:48.064571,ATMN,24.95,24.79,24.89,2184200.0,2092700.0,0,0
,,,,,,23,2026-02-01 13:52:48.064571,WNTR,25.2,25.07,25.09,2219500.0,2266800.0,0,0
2.0,1.0,1.0,,Aggregate Position Limit,Your CRO has set the aggregate position limit to 8000 shares for this week.,24,2026-02-01 13:52:49.111431,SPNG,25.17,25.17,25.18,2010500.0,1921500.0,0,0
1.0,1.0,1.0,,Welcome to the RITC 2026 Alogithmic Market Making Case - practice server,,24,2026-02-01 13:52:49.111431,SMMR,24.91,24.91,25.24,2023200.0,2083900.0,0,0
,,,,,,24,2026-02-01 13:52:49.111431,ATMN,25.19,24.79,24.94,2184200.0,2096600.0,0,0
,,,,,,24,2026-02-01 13:52:49.111431,WNTR,25.18,25.07,25.08,2219500.0,2252500.0,0,0
2.0,1.0,1.0,,Aggregate Position Limit,Your CRO has set the aggregate position limit to 8000 shares for this week.,25,2026-02-01 13:52:50.151519,SPNG,24.68,24.68,25.18,2012300.0,1906000.0,0,0
1.0,1.0,1.0,,Welcome to the RITC 2026 Alogithmic Market Making Case - practice server,,25,2026-02-01 13:52:50.151519,SMMR,24.91,24.95,25.0,2007500.0,2088400.0,0,0
,,,,,,25,2026-02-01 13:52:50.151519,ATMN,25.42,24.79,25.42,2185100.0,2021300.0,0,0
,,,,,,25,2026-02-01 13:52:50.151519,WNTR,25.0,25.0,25.08,2259500.0,2252500.0,0,0
2.0,1.0,1.0,,Aggregate Position Limit,Your CRO has set the aggregate position limit to 8000 shares for this week.,26,2026-02-01 13:52:51.189513,SPNG,24.68,24.83,24.93,2021800.0,1939500.0,0,0
1.0,1.0,1.0,,Welcome to the RITC 2026 Alogithmic Market Making Case - practice server,,26,2026-02-01 13:52:51.189513,SMMR,25.24,24.95,25.24,2012200.0,2083900.0,0,0
,,,,,,26,2026-02-01 13:52:51.189513,ATMN,24.93,24.93,25.02,2186000.0,2049500.0,0,0
,,,,,,26,2026-02-01 13:52:51.189513,WNTR,25.2,25.1,25.2,2273600.0,2269400.0,0,0
2.0,1.0,1.0,,Aggregate Position Limit,Your CRO has set the aggregate position limit to 8000 shares for this week.,27,2026-02-01 13:52:52.211281,SPNG,24.93,24.83,24.93,2017000.0,1939500.0,0,0
1.0,1.0,1.0,,Welcome to the RITC 2026 Alogithmic Market Making Case - practice server,,27,2026-02-01 13:52:52.211281,SMMR,25.24,24.95,25.0,1990400.0,2079900.0,0,0
,,,,,,27,2026-02-01 13:52:52.211281,ATMN,24.93,24.79,24.8,2196500.0,2074700.0,0,0
,,,,,,27,2026-02-01 13:52:52.211281,WNTR,25.26,25.1,25.26,2273600.0,2286400.0,0,0
2.0,1.0,1.0,,Aggregate Position Limit,Your CRO has set the aggregate position limit to 8000 shares for this week.,28,2026-02-01 13:52:53.232200,SPNG,24.93,24.84,24.93,2006400.0,1945800.0,0,0
1.0,1.0,1.0,,Welcome to the RITC 2026 Alogithmic Market Making Case - practice server,,28,2026-02-01 13:52:53.232200,SMMR,25.0,25.07,25.21,1981700.0,2100800.0,0,0
,,,,,,28,2026-02-01 13:52:53.232200,ATMN,25.02,25.17,25.2,2234000.0,2058700.0,0,0
,,,,,,28,2026-02-01 13:52:53.232200,WNTR,25.23,25.1,25.22,2273600.0,2284300.0,0,0
2.0,1.0,1.0,,Aggregate Position Limit,Your CRO has set the aggregate position limit to 8000 shares for this week.,29,2026-02-01 13:52:54.251284,SPNG,25.18,24.92,24.96,1996400.0,1928500.0,0,0
1.0,1.0,1.0,,Welcome to the RITC 2026 Alogithmic Market Making Case - practice server,,29,2026-02-01 13:52:54.251284,SMMR,25.0,25.07,25.15,1981700.0,2051100.0,0,0
,,,,,,29,2026-02-01 13:52:54.251284,ATMN,25.17,25.17,25.2,2234000.0,2074200.0,0,0
,,,,,,29,2026-02-01 13:52:54.251284,WNTR,25.26,25.0,25.26,2257300.0,2273400.0,0,0
2.0,1.0,1.0,,Aggregate Position Limit,Your CRO has set the aggregate position limit to 8000 shares for this week.,30,2026-02-01 13:52:55.281589,SPNG,25.19,24.84,25.19,2006400.0,1903400.0,0,0
1.0,1.0,1.0,,Welcome to the RITC 2026 Alogithmic Market Making Case - practice server,,30,2026-02-01 13:52:55.281589,SMMR,25.21,25.07,25.21,1969600.0,2083000.0,0,0
,,,,,,30,2026-02-01 13:52:55.281589,ATMN,24.79,25.19,25.2,2213300.0,2074200.0,0,0
,,,,,,30,2026-02-01 13:52:55.281589,WNTR,25.28,25.19,25.28,2259600.0,2306600.0,0,0
2.0,1.0,1.0,,Aggregate Position Limit,Your CRO has set the aggregate position limit to 8000 shares for this week.,31,2026-02-01 13:52:56.301828,SPNG,25.19,24.84,25.19,2011700.0,1952600.0,0,0
1.0,1.0,1.0,,Welcome to the RITC 2026 Alogithmic Market Making Case - practice server,,31,2026-02-01 13:52:56.301828,SMMR,25.21,25.07,25.21,1969600.0,2055600.0,0,0
,,,,,,31,2026-02-01 13:52:56.301828,ATMN,25.05,25.05,25.14,2229900.0,2074400.0,0,0
,,,,,,31,2026-02-01 13:52:56.301828,WNTR,25.19,25.0,25.02,2292800.0,2300500.0,0,0
2.0,1.0,1.0,,Aggregate Position Limit,Your CRO has set the aggregate position limit to 8000 shares for this week.,32,2026-02-01 13:52:57.331580,SPNG,24.83,24.68,24.81,2007900.0,1974100.0,0,0
1.0,1.0,1.0,,Welcome to the RITC 2026 Alogithmic Market Making Case - practice server,,32,2026-02-01 13:52:57.331580,SMMR,25.07,24.95,25.02,1980400.0,2019800.0,0,0
,,,,,,32,2026-02-01 13:52:57.331580,ATMN,24.87,25.12,25.14,2202400.0,2074400.0,0,0
,,,,,,32,2026-02-01 13:52:57.331580,WNTR,25.11,25.08,25.11,2272900.0,2301600.0,0,0
2.0,1.0,1.0,,Aggregate Position Limit,Your CRO has set the aggregate position limit to 8000 shares for this week.,33,2026-02-01 13:52:58.361305,SPNG,24.81,24.89,25.19,2014200.0,1952600.0,0,0
1.0,1.0,1.0,,Welcome to the RITC 2026 Alogithmic Market Making Case - practice server,,33,2026-02-01 13:52:58.361305,SMMR,25.1,24.95,25.1,2014200.0,2029000.0,0,0
,,,,,,33,2026-02-01 13:52:58.361305,ATMN,25.12,25.12,25.14,2198400.0,2092000.0,0,0
,,,,,,33,2026-02-01 13:52:58.361305,WNTR,25.11,25.13,25.21,2261500.0,2289700.0,0,0
2.0,1.0,1.0,,Aggregate Position Limit,Your CRO has set the aggregate position limit to 8000 shares for this week.,34,2026-02-01 13:52:59.381572,SPNG,24.89,24.68,24.78,2030200.0,1971400.0,0,0
1.0,1.0,1.0,,Welcome to the RITC 2026 Alogithmic Market Making Case - practice server,,34,2026-02-01 13:52:59.381572,SMMR,25.1,25.03,25.1,2029600.0,2043800.0,0,0
,,,,,,34,2026-02-01 13:52:59.381572,ATMN,24.86,25.06,25.14,2187300.0,2092000.0,0,0
,,,,,,34,2026-02-01 13:52:59.381572,WNTR,25.28,25.13,25.24,2261500.0,2301600.0,0,0
2.0,1.0,1.0,,Aggregate Position Limit,Your CRO has set the aggregate position limit to 8000 shares for this week.,35,2026-02-01 13:53:00.411496,SPNG,24.66,24.66,25.19,1996300.0,1964700.0,0,0
1.0,1.0,1.0,,Welcome to the RITC 2026 Alogithmic Market Making Case - practice server,,35,2026-02-01 13:53:00.411496,SMMR,25.21,25.03,25.21,2024300.0,2032400.0,0,0
,,,,,,35,2026-02-01 13:53:00.411496,ATMN,24.88,24.88,25.14,2209700.0,2092000.0,0,0
,,,,,,35,2026-02-01 13:53:00.411496,WNTR,25.29,25.27,25.29,2271800.0,2322300.0,0,0
2.0,1.0,1.0,,Aggregate Position Limit,Your CRO has set the aggregate position limit to 8000 shares for this week.,36,2026-02-01 13:53:01.455542,SPNG,24.66,25.13,25.19,1995900.0,1964700.0,0,0
1.0,1.0,1.0,,Welcome to the RITC 2026 Alogithmic Market Making Case - practice server,,36,2026-02-01 13:53:01.455542,SMMR,25.21,25.03,25.19,2024300.0,1974500.0,0,0
,,,,,,36,2026-02-01 13:53:01.455542,ATMN,24.88,24.98,25.2,2216700.0,2082500.0,0,0
,,,,,,36,2026-02-01 13:53:01.455542,WNTR,25.31,25.27,25.31,2271800.0,2346700.0,0,0
2.0,1.0,1.0,,Aggregate Position Limit,Your CRO has set the aggregate position limit to 8000 shares for this week.,37,2026-02-01 13:53:02.491416,SPNG,24.66,24.66,25.19,1996300.0,1954400.0,0,0
1.0,1.0,1.0,,Welcome to the RITC 2026 Alogithmic Market Making Case - practice server,,37,2026-02-01 13:53:02.491416,SMMR,24.95,24.95,25.21,2013500.0,2006600.0,0,0
,,,,,,37,2026-02-01 13:53:02.491416,ATMN,24.86,25.03,25.2,2184600.0,2095200.0,0,0
,,,,,,37,2026-02-01 13:53:02.491416,WNTR,25.31,25.27,25.31,2235000.0,2330400.0,0,0
2.0,1.0,1.0,,Aggregate Position Limit,Your CRO has set the aggregate position limit to 8000 shares for this week.,38,2026-02-01 13:53:03.511179,SPNG,24.66,24.77,24.85,2038800.0,1978200.0,0,0
1.0,1.0,1.0,,Welcome to the RITC 2026 Alogithmic Market Making Case - practice server,,38,2026-02-01 13:53:03.511179,SMMR,24.97,24.95,24.97,2013500.0,1957700.0,0,0
,,,,,,38,2026-02-01 13:53:03.511179,ATMN,24.86,25.03,25.18,2214700.0,2134900.0,0,0
,,,,,,38,2026-02-01 13:53:03.511179,WNTR,25.32,25.27,25.32,2288200.0,2316000.0,0,0
2.0,1.0,1.0,,Aggregate Position Limit,Your CRO has set the aggregate position limit to 8000 shares for this week.,39,2026-02-01 13:53:04.548356,SPNG,25.03,24.77,24.98,2037000.0,1974700.0,0,0
1.0,1.0,1.0,,Welcome to the RITC 2026 Alogithmic Market Making Case - practice server,,39,2026-02-01 13:53:04.548356,SMMR,25.03,24.99,25.03,2021700.0,1982600.0,0,0
,,,,,,39,2026-02-01 13:53:04.548356,ATMN,24.86,24.86,25.18,2215400.0,2114800.0,0,0
,,,,,,39,2026-02-01 13:53:04.548356,WNTR,25.13,25.3,25.32,2247300.0,2316000.0,0,0
2.0,1.0,1.0,,Aggregate Position Limit,Your CRO has set the aggregate position limit to 8000 shares for this week.,40,2026-02-01 13:53:05.566287,SPNG,24.77,24.84,24.86,2048200.0,1934900.0,0,0
1.0,1.0,1.0,,Welcome to the RITC 2026 Alogithmic Market Making Case - practice server,,40,2026-02-01 13:53:05.566287,SMMR,25.03,25.03,25.13,2036400.0,1994600.0,0,0
,,,,,,40,2026-02-01 13:53:05.566287,ATMN,24.86,24.9,25.05,2204600.0,2078700.0,0,0
,,,,,,40,2026-02-01 13:53:05.566287,WNTR,25.33,25.21,25.33,2246900.0,2309800.0,0,0
2.0,1.0,1.0,,Aggregate Position Limit,Your CRO has set the aggregate position limit to 8000 shares for this week.,41,2026-02-01 13:53:06.597770,SPNG,25.19,24.84,25.12,2048200.0,1928000.0,0,0
1.0,1.0,1.0,,Welcome to the RITC 2026 Alogithmic Market Making Case - practice server,,41,2026-02-01 13:53:06.597770,SMMR,24.99,24.99,25.07,2021100.0,2018800.0,0,0
,,,,,,41,2026-02-01 13:53:06.597770,ATMN,24.86,24.93,25.05,2194500.0,2078700.0,0,0
,,,,,,41,2026-02-01 13:53:06.597770,WNTR,25.33,25.21,25.22,2246900.0,2300500.0,0,0
2.0,1.0,1.0,,Aggregate Position Limit,Your CRO has set the aggregate position limit to 8000 shares for this week.,42,2026-02-01 13:53:07.631157,SPNG,24.84,24.84,24.95,2048200.0,1961700.0,0,0
1.0,1.0,1.0,,Welcome to the RITC 2026 Alogithmic Market Making Case - practice server,,42,2026-02-01 13:53:07.631157,SMMR,24.99,24.99,25.07,2013500.0,2042900.0,0,0
,,,,,,42,2026-02-01 13:53:07.631157,ATMN,25.08,24.93,25.08,2168500.0,2088000.0,0,0
,,,,,,42,2026-02-01 13:53:07.631157,WNTR,25.35,25.21,25.25,2208200.0,2310400.0,0,0
2.0,1.0,1.0,,Aggregate Position Limit,Your CRO has set the aggregate position limit to 8000 shares for this week.,43,2026-02-01 13:53:08.645963,SPNG,24.84,24.84,24.95,2048200.0,1973300.0,0,0
1.0,1.0,1.0,,Welcome to the RITC 2026 Alogithmic Market Making Case - practice server,,43,2026-02-01 13:53:08.645963,SMMR,24.95,24.95,25.07,2029700.0,2042900.0,0,0
,,,,,,43,2026-02-01 13:53:08.645963,ATMN,25.12,24.93,25.12,2157000.0,2099300.0,0,0
,,,,,,43,2026-02-01 13:53:08.645963,WNTR,25.2,25.2,25.25,2221900.0,2275900.0,0,0
2.0,1.0,1.0,,Aggregate Position Limit,Your CRO has set the aggregate position limit to 8000 shares for this week.,44,2026-02-01 13:53:09.665187,SPNG,25.07,24.84,25.05,2048200.0,1969800.0,0,0
1.0,1.0,1.0,,Welcome to the RITC 2026 Alogithmic Market Making Case - practice server,,44,2026-02-01 13:53:09.665187,SMMR,24.95,24.98,25.07,2048800.0,2067200.0,0,0
,,,,,,44,2026-02-01 13:53:09.665187,ATMN,25.08,24.93,25.08,2164800.0,2119500.0,0,0
,,,,,,44,2026-02-01 13:53:09.665187,WNTR,25.2,25.2,25.25,2191700.0,2275900.0,0,0
2.0,1.0,1.0,,Aggregate Position Limit,Your CRO has set the aggregate position limit to 8000 shares for this week.,45,2026-02-01 13:53:10.694300,SPNG,24.66,24.66,25.05,2006400.0,1969800.0,0,0
1.0,1.0,1.0,,Welcome to the RITC 2026 Alogithmic Market Making Case - practice server,,45,2026-02-01 13:53:10.694300,SMMR,24.95,24.98,25.01,2083300.0,2097600.0,0,0
,,,,,,45,2026-02-01 13:53:10.694300,ATMN,25.18,25.08,25.18,2166000.0,2127000.0,0,0
,,,,,,45,2026-02-01 13:53:10.694300,WNTR,25.2,25.2,25.22,2157700.0,2289200.0,0,0
2.0,1.0,1.0,,Aggregate Position Limit,Your CRO has set the aggregate position limit to 8000 shares for this week.,47,2026-02-01 13:53:11.721129,SPNG,25.05,24.91,25.05,2012900.0,1969800.0,0,0
1.0,1.0,1.0,,Welcome to the RITC 2026 Alogithmic Market Making Case - practice server,,47,2026-02-01 13:53:11.721129,SMMR,25.01,24.98,25.01,2083300.0,2097600.0,0,0
,,,,,,47,2026-02-01 13:53:11.721129,ATMN,25.08,25.08,25.18,2147300.0,2114600.0,0,0
,,,,,,47,2026-02-01 13:53:11.721129,WNTR,25.25,25.16,25.25,2174500.0,2275900.0,0,0
2.0,1.0,1.0,,Aggregate Position Limit,Your CRO has set the aggregate position limit to 8000 shares for this week.,48,2026-02-01 13:53:12.741064,SPNG,24.66,24.66,25.05,2006400.0,1978600.0,0,0
1.0,1.0,1.0,,Welcome to the RITC 2026 Alogithmic Market Making Case - practice server,,48,2026-02-01 13:53:12.741064,SMMR,25.07,25.05,25.07,2040100.0,2047900.0,0,0
,,,,,,48,2026-02-01 13:53:12.741064,ATMN,25.19,25.08,25.19,2147300.0,2115300.0,0,0
,,,,,,48,2026-02-01 13:53:12.741064,WNTR,25.23,25.14,25.23,2206600.0,2288300.0,0,0
2.0,1.0,1.0,,Aggregate Position Limit,Your CRO has set the aggregate position limit to 8000 shares for this week.,49,2026-02-01 13:53:13.771281,SPNG,24.69,24.64,24.69,1996700.0,1966400.0,0,0
1.0,1.0,1.0,,Welcome to the RITC 2026 Alogithmic Market Making Case - practice server,,49,2026-02-01 13:53:13.771281,SMMR,25.05,25.0,25.04,2047600.0,2038000.0,0,0
,,,,,,49,2026-02-01 13:53:13.771281,ATMN,25.19,25.08,25.19,2147300.0,2106400.0,0,0
,,,,,,49,2026-02-01 13:53:13.771281,WNTR,25.27,25.14,25.27,2206600.0,2310600.0,0,0
2.0,1.0,1.0,,Aggregate Position Limit,Your CRO has set the aggregate position limit to 8000 shares for this week.,50,2026-02-01 13:53:14.793942,SPNG,25.07,24.64,25.07,2027200.0,1975600.0,0,0
1.0,1.0,1.0,,Welcome to the RITC 2026 Alogithmic Market Making Case - practice server,,50,2026-02-01 13:53:14.793942,SMMR,24.98,24.98,25.04,2083300.0,2061900.0,0,0
,,,,,,50,2026-02-01 13:53:14.793942,ATMN,24.93,25.09,25.19,2144900.0,2106400.0,0,0
,,,,,,50,2026-02-01 13:53:14.793942,WNTR,25.28,25.26,25.28,2204100.0,2300500.0,0,0
2.0,1.0,1.0,,Aggregate Position Limit,Your CRO has set the aggregate position limit to 8000 shares for this week.,51,2026-02-01 13:53:15.820203,SPNG,24.71,24.64,24.65,2027200.0,1996500.0,0,0
1.0,1.0,1.0,,Welcome to the RITC 2026 Alogithmic Market Making Case - practice server,,51,2026-02-01 13:53:15.820203,SMMR,24.98,24.98,25.04,2056300.0,2088500.0,0,0
,,,,,,51,2026-02-01 13:53:15.820203,ATMN,24.98,24.98,25.04,2151500.0,2127300.0,0,0
,,,,,,51,2026-02-01 13:53:15.820203,WNTR,25.08,25.08,25.28,2240700.0,2291400.0,0,0
2.0,1.0,1.0,,Aggregate Position Limit,Your CRO has set the aggregate position limit to 8000 shares for this week.,52,2026-02-01 13:53:16.850923,SPNG,24.62,24.62,24.97,2014500.0,1969400.0,0,0
1.0,1.0,1.0,,Welcome to the RITC 2026 Alogithmic Market Making Case - practice server,,52,2026-02-01 13:53:16.850923,SMMR,24.98,24.98,25.0,2056300.0,2074500.0,0,0
,,,,,,52,2026-02-01 13:53:16.850923,ATMN,24.98,24.98,25.04,2151500.0,2158000.0,0,0
,,,,,,52,2026-02-01 13:53:16.850923,WNTR,25.06,25.18,25.2,2266700.0,2285700.0,0,0
2.0,1.0,1.0,,Aggregate Position Limit,Your CRO has set the aggregate position limit to 8000 shares for this week.,53,2026-02-01 13:53:17.881075,SPNG,25.12,24.57,25.12,1983100.0,1957200.0,0,0
1.0,1.0,1.0,,Welcome to the RITC 2026 Alogithmic Market Making Case - practice server,,53,2026-02-01 13:53:17.881075,SMMR,24.99,24.99,25.0,2035000.0,2074500.0,0,0
,,,,,,53,2026-02-01 13:53:17.881075,ATMN,24.97,24.97,25.04,2097400.0,2158000.0,0,0
,,,,,,53,2026-02-01 13:53:17.881075,WNTR,25.02,25.02,25.29,2269300.0,2291700.0,0,0
2.0,1.0,1.0,,Aggregate Position Limit,Your CRO has set the aggregate position limit to 8000 shares for this week.,54,2026-02-01 13:53:18.910991,SPNG,24.95,24.96,25.12,2016100.0,1957200.0,0,0
1.0,1.0,1.0,,Welcome to the RITC 2026 Alogithmic Market Making Case - practice server,,54,2026-02-01 13:53:18.910991,SMMR,25.04,24.98,25.04,2029500.0,2077700.0,0,0
,,,,,,54,2026-02-01 13:53:18.910991,ATMN,24.97,24.97,25.0,2097400.0,2154200.0,0,0
,,,,,,54,2026-02-01 13:53:18.910991,WNTR,25.29,25.02,25.29,2244300.0,2274900.0,0,0
2.0,1.0,1.0,,Aggregate Position Limit,Your CRO has set the aggregate position limit to 8000 shares for this week.,55,2026-02-01 13:53:19.941003,SPNG,24.96,25.06,25.12,2015100.0,1957200.0,0,0
1.0,1.0,1.0,,Welcome to the RITC 2026 Alogithmic Market Making Case - practice server,,55,2026-02-01 13:53:19.941003,SMMR,25.04,25.01,25.04,2005700.0,2083600.0,0,0
,,,,,,55,2026-02-01 13:53:19.941003,ATMN,25.0,24.97,25.0,2077700.0,2123500.0,0,0
,,,,,,55,2026-02-01 13:53:19.941003,WNTR,25.01,25.01,25.19,2261300.0,2303600.0,0,0
2.0,1.0,1.0,,Aggregate Position Limit,Your CRO has set the aggregate position limit to 8000 shares for this week.,56,2026-02-01 13:53:20.970042,SPNG,24.96,25.06,25.12,2015100.0,1951300.0,0,0
1.0,1.0,1.0,,Welcome to the RITC 2026 Alogithmic Market Making Case - practice server,,56,2026-02-01 13:53:20.970042,SMMR,25.01,25.03,25.04,2012200.0,2083600.0,0,0
,,,,,,56,2026-02-01 13:53:20.970042,ATMN,25.04,24.88,25.04,2114200.0,2158000.0,0,0
,,,,,,56,2026-02-01 13:53:20.970042,WNTR,25.01,25.01,25.08,2261300.0,2251000.0,0,0
2.0,1.0,1.0,,Aggregate Position Limit,Your CRO has set the aggregate position limit to 8000 shares for this week.,57,2026-02-01 13:53:21.998927,SPNG,25.08,24.57,25.08,1983100.0,1938400.0,0,0
1.0,1.0,1.0,,Welcome to the RITC 2026 Alogithmic Market Making Case - practice server,,57,2026-02-01 13:53:21.998927,SMMR,25.03,25.03,25.04,2012200.0,2095500.0,0,0
,,,,,,57,2026-02-01 13:53:21.998927,ATMN,25.09,24.88,25.09,2114200.0,2138800.0,0,0
,,,,,,57,2026-02-01 13:53:21.998927,WNTR,24.98,24.98,25.08,2273500.0,2259000.0,0,0
2.0,1.0,1.0,,Aggregate Position Limit,Your CRO has set the aggregate position limit to 8000 shares for this week.,58,2026-02-01 13:53:23.030842,SPNG,25.08,24.57,24.91,2019000.0,1946400.0,0,0
1.0,1.0,1.0,,Welcome to the RITC 2026 Alogithmic Market Making Case - practice server,,58,2026-02-01 13:53:23.030842,SMMR,25.04,25.03,25.04,2012200.0,2077200.0,0,0
,,,,,,58,2026-02-01 13:53:23.030842,ATMN,25.09,24.88,24.9,2114200.0,2144700.0,0,0
,,,,,,58,2026-02-01 13:53:23.030842,WNTR,25.09,25.04,25.09,2277100.0,2286400.0,0,0
2.0,1.0,1.0,,Aggregate Position Limit,Your CRO has set the aggregate position limit to 8000 shares for this week.,59,2026-02-01 13:53:24.060958,SPNG,25.08,24.76,24.91,2041300.0,1946400.0,0,0
1.0,1.0,1.0,,Welcome to the RITC 2026 Alogithmic Market Making Case - practice server,,59,2026-02-01 13:53:24.060958,SMMR,25.05,25.06,25.07,2014900.0,2086000.0,0,0
,,,,,,59,2026-02-01 13:53:24.060958,ATMN,24.86,24.86,24.9,2129300.0,2144700.0,0,0
,,,,,,59,2026-02-01 13:53:24.060958,WNTR,25.04,25.04,25.09,2277100.0,2309400.0,0,0
2.0,1.0,1.0,,Aggregate Position Limit,Your CRO has set the aggregate position limit to 8000 shares for this week.,60,2026-02-01 13:53:25.080932,SPNG,24.91,25.39,0.0,200000.0,,0,0
1.0,1.0,1.0,,Welcome to the RITC 2026 Alogithmic Market Making Case - practice server,,60,2026-02-01 13:53:25.080932,SMMR,25.03,24.85,0.0,200000.0,,0,0
,,,,,,60,2026-02-01 13:53:25.080932,ATMN,25.1,24.22,0.0,200000.0,,0,0
,,,,,,60,2026-02-01 13:53:25.080932,WNTR,25.81,25.23,25.52,717600.0,723800.0,0,0
2.0,1.0,1.0,,Aggregate Position Limit,Your CRO has set the aggregate position limit to 8000 shares for this week.,61,2026-02-01 13:53:26.109782,SPNG,28.69,26.32,26.41,861200.0,872700.0,0,0
1.0,1.0,1.0,,Welcome to the RITC 2026 Alogithmic Market Making Case - practice server,,61,2026-02-01 13:53:26.109782,SMMR,25.03,24.85,25.02,853000.0,972900.0,0,0
,,,,,,61,2026-02-01 13:53:26.109782,ATMN,24.09,24.09,24.29,965900.0,846600.0,0,0
,,,,,,61,2026-02-01 13:53:26.109782,WNTR,25.68,25.69,25.79,1191700.0,808000.0,0,0
2.0,1.0,1.0,,Aggregate Position Limit,Your CRO has set the aggregate position limit to 8000 shares for this week.,62,2026-02-01 13:53:27.134968,SPNG,26.32,25.39,26.22,867500.0,1198500.0,0,0
1.0,1.0,1.0,,Welcome to the RITC 2026 Alogithmic Market Making Case - practice server,,62,2026-02-01 13:53:27.134968,SMMR,24.85,24.85,24.97,835300.0,1060900.0,0,0
,,,,,,62,2026-02-01 13:53:27.134968,ATMN,24.09,24.24,24.29,1287600.0,846600.0,0,0
,,,,,,62,2026-02-01 13:53:27.134968,WNTR,25.79,25.77,25.79,1401200.0,801700.0,0,0
2.0,1.0,1.0,,Aggregate Position Limit,Your CRO has set the aggregate position limit to 8000 shares for this week.,63,2026-02-01 13:53:28.150828,SPNG,26.32,25.39,25.54,867500.0,1514800.0,0,0
1.0,1.0,1.0,,Welcome to the RITC 2026 Alogithmic Market Making Case - practice server,,63,2026-02-01 13:53:28.150828,SMMR,24.98,24.85,24.87,835300.0,1189300.0,0,0
,,,,,,63,2026-02-01 13:53:28.150828,ATMN,24.06,24.06,24.29,1057300.0,846600.0,0,0
,,,,,,63,2026-02-01 13:53:28.150828,WNTR,25.89,25.77,25.89,1627800.0,792300.0,0,0
2.0,1.0,1.0,,Aggregate Position Limit,Your CRO has set the aggregate position limit to 8000 shares for this week.,64,2026-02-01 13:53:29.171006,SPNG,25.54,25.39,25.54,977100.0,1600900.0,0,0
1.0,1.0,1.0,,Welcome to the RITC 2026 Alogithmic Market Making Case - practice server,,64,2026-02-01 13:53:29.171006,SMMR,24.84,24.84,24.87,845400.0,1387000.0,0,0
,,,,,,64,2026-02-01 13:53:29.171006,ATMN,24.36,24.06,24.36,1146900.0,739400.0,0,0
,,,,,,64,2026-02-01 13:53:29.171006,WNTR,25.78,25.77,25.78,1743000.0,1025000.0,0,0
2.0,1.0,1.0,,Aggregate Position Limit,Your CRO has set the aggregate position limit to 8000 shares for this week.,65,2026-02-01 13:53:30.195696,SPNG,25.65,25.39,25.5,1097500.0,1592700.0,0,0
1.0,1.0,1.0,,Welcome to the RITC 2026 Alogithmic Market Making Case - practice server,,65,2026-02-01 13:53:30.195696,SMMR,24.84,24.62,24.73,972100.0,1392600.0,0,0
,,,,,,65,2026-02-01 13:53:30.195696,ATMN,24.16,24.33,24.45,1256900.0,726400.0,0,0
,,,,,,65,2026-02-01 13:53:30.195696,WNTR,25.78,25.77,25.78,1743000.0,948500.0,0,0
2.0,1.0,1.0,,Aggregate Position Limit,Your CRO has set the aggregate position limit to 8000 shares for this week.,66,2026-02-01 13:53:31.233938,SPNG,25.39,25.39,25.44,997500.0,1613400.0,0,0
1.0,1.0,1.0,,Welcome to the RITC 2026 Alogithmic Market Making Case - practice server,,66,2026-02-01 13:53:31.233938,SMMR,24.73,24.8,24.87,1282900.0,1284500.0,0,0
,,,,,,66,2026-02-01 13:53:31.233938,ATMN,24.32,24.33,24.38,1257800.0,954200.0,0,0
,,,,,,66,2026-02-01 13:53:31.233938,WNTR,25.78,25.93,26.07,2078900.0,919300.0,0,0
2.0,1.0,1.0,,Aggregate Position Limit,Your CRO has set the aggregate position limit to 8000 shares for this week.,67,2026-02-01 13:53:32.250707,SPNG,25.65,25.39,25.65,1094000.0,1518500.0,0,0
1.0,1.0,1.0,,Welcome to the RITC 2026 Alogithmic Market Making Case - practice server,,67,2026-02-01 13:53:32.250707,SMMR,24.96,24.8,24.96,1282900.0,1391100.0,0,0
,,,,,,67,2026-02-01 13:53:32.250707,ATMN,24.1,24.1,24.38,1272300.0,1061000.0,0,0
,,,,,,67,2026-02-01 13:53:32.250707,WNTR,25.86,25.77,25.79,1964500.0,1173000.0,0,0
2.0,1.0,1.0,,Aggregate Position Limit,Your CRO has set the aggregate position limit to 8000 shares for this week.,68,2026-02-01 13:53:33.281,SPNG,25.19,25.19,26.1,994000.0,1512000.0,0,0
1.0,1.0,1.0,,Welcome to the RITC 2026 Alogithmic Market Making Case - practice server,,68,2026-02-01 13:53:33.281,SMMR,25.02,24.89,25.02,1366200.0,1167500.0,0,0
,,,,,,68,2026-02-01 13:53:33.281,ATMN,24.48,24.1,24.48,1272300.0,849400.0,0,0
,,,,,,68,2026-02-01 13:53:33.281,WNTR,25.9,25.98,26.07,2065200.0,1048000.0,0,0
2.0,1.0,1.0,,Aggregate Position Limit,Your CRO has set the aggregate position limit to 8000 shares for this week.,69,2026-02-01 13:53:34.310935,SPNG,25.19,25.19,25.82,994000.0,1813300.0,0,0
1.0,1.0,1.0,,Welcome to the RITC 2026 Alogithmic Market Making Case - practice server,,69,2026-02-01 13:53:34.310935,SMMR,24.89,24.81,24.86,1392200.0,1385500.0,0,0
,,,,,,69,2026-02-01 13:53:34.310935,ATMN,24.48,24.33,24.34,1596600.0,950900.0,0,0
,,,,,,69,2026-02-01 13:53:34.310935,WNTR,25.71,25.71,25.88,1859800.0,1270700.0,0,0
2.0,1.0,1.0,,Aggregate Position Limit,Your CRO has set the aggregate position limit to 8000 shares for this week.,70,2026-02-01 13:53:35.346011,SPNG,25.55,25.19,25.22,994000.0,1917700.0,0,0
1.0,1.0,1.0,,Welcome to the RITC 2026 Alogithmic Market Making Case - practice server,,70,2026-02-01 13:53:35.346011,SMMR,25.03,24.81,24.99,1392200.0,1169800.0,0,0
,,,,,,70,2026-02-01 13:53:35.346011,ATMN,24.34,24.41,24.46,1582800.0,965800.0,0,0
,,,,,,70,2026-02-01 13:53:35.346011,WNTR,25.65,25.75,25.88,1774100.0,1270700.0,0,0
2.0,1.0,1.0,,Aggregate Position Limit,Your CRO has set the aggregate position limit to 8000 shares for this week.,71,2026-02-01 13:53:36.365374,SPNG,25.55,25.19,25.22,1454900.0,1917700.0,0,0
1.0,1.0,1.0,,Welcome to the RITC 2026 Alogithmic Market Making Case - practice server,,71,2026-02-01 13:53:36.365374,SMMR,24.87,24.9,24.99,1488500.0,1252400.0,0,0
,,,,,,71,2026-02-01 13:53:36.365374,ATMN,24.06,23.98,23.99,1348700.0,1300100.0,0,0
,,,,,,71,2026-02-01 13:53:36.365374,WNTR,25.57,25.57,25.59,1645500.0,1395800.0,0,0
2.0,1.0,1.0,,Aggregate Position Limit,Your CRO has set the aggregate position limit to 8000 shares for this week.,72,2026-02-01 13:53:37.395333,SPNG,25.22,25.19,25.22,1680700.0,1917700.0,0,0
1.0,1.0,1.0,,Welcome to the RITC 2026 Alogithmic Market Making Case - practice server,,72,2026-02-01 13:53:37.395333,SMMR,24.81,24.81,24.99,1392200.0,1450000.0,0,0
,,,,,,72,2026-02-01 13:53:37.395333,ATMN,24.06,23.98,23.99,1706300.0,1300100.0,0,0
,,,,,,72,2026-02-01 13:53:37.395333,WNTR,25.57,25.57,25.59,2136800.0,1395800.0,0,0
2.0,1.0,1.0,,Aggregate Position Limit,Your CRO has set the aggregate position limit to 8000 shares for this week.,73,2026-02-01 13:53:38.431676,SPNG,25.61,25.19,25.48,1680700.0,1931000.0,0,0
1.0,1.0,1.0,,Welcome to the RITC 2026 Alogithmic Market Making Case - practice server,,73,2026-02-01 13:53:38.431676,SMMR,24.99,24.81,24.99,1392200.0,1549200.0,0,0
,,,,,,73,2026-02-01 13:53:38.431676,ATMN,24.46,24.09,24.46,1916500.0,1293800.0,0,0
,,,,,,73,2026-02-01 13:53:38.431676,WNTR,25.69,25.57,25.61,2237600.0,1389300.0,0,0
2.0,1.0,1.0,,Aggregate Position Limit,Your CRO has set the aggregate position limit to 8000 shares for this week.,74,2026-02-01 13:53:39.460673,SPNG,25.61,25.19,25.48,2004600.0,1931000.0,0,0
1.0,1.0,1.0,,Welcome to the RITC 2026 Alogithmic Market Making Case - practice server,,74,2026-02-01 13:53:39.460673,SMMR,24.99,24.81,24.99,1392200.0,1641300.0,0,0
,,,,,,74,2026-02-01 13:53:39.460673,ATMN,24.46,24.17,24.23,2021800.0,1499500.0,0,0
,,,,,,74,2026-02-01 13:53:39.460673,WNTR,25.61,25.74,25.78,2362900.0,1495700.0,0,0
2.0,1.0,1.0,,Aggregate Position Limit,Your CRO has set the aggregate position limit to 8000 shares for this week.,75,2026-02-01 13:53:40.490484,SPNG,25.7,25.47,25.63,2089700.0,1915500.0,0,0
1.0,1.0,1.0,,Welcome to the RITC 2026 Alogithmic Market Making Case - practice server,,75,2026-02-01 13:53:40.490484,SMMR,24.92,24.81,24.92,1392200.0,1853900.0,0,0
,,,,,,75,2026-02-01 13:53:40.490484,ATMN,24.46,24.46,24.48,2140900.0,1384300.0,0,0
,,,,,,75,2026-02-01 13:53:40.490484,WNTR,25.53,25.53,25.78,2253100.0,1495700.0,0,0
2.0,1.0,1.0,,Aggregate Position Limit,Your CRO has set the aggregate position limit to 8000 shares for this week.,76,2026-02-01 13:53:41.507869,SPNG,25.63,25.19,25.3,2004600.0,1955800.0,0,0
1.0,1.0,1.0,,Welcome to the RITC 2026 Alogithmic Market Making Case - practice server,,76,2026-02-01 13:53:41.507869,SMMR,24.73,24.77,24.92,1367900.0,1853900.0,0,0
,,,,,,76,2026-02-01 13:53:41.507869,ATMN,24.46,24.46,24.47,2140900.0,1741200.0,0,0
,,,,,,76,2026-02-01 13:53:41.507869,WNTR,25.79,25.63,25.72,2385900.0,1526400.0,0,0
2.0,1.0,1.0,,Aggregate Position Limit,Your CRO has set the aggregate position limit to 8000 shares for this week.,77,2026-02-01 13:53:42.531906,SPNG,25.63,25.46,25.63,2099700.0,1915500.0,0,0
1.0,1.0,1.0,,Welcome to the RITC 2026 Alogithmic Market Making Case - practice server,,77,2026-02-01 13:53:42.531906,SMMR,24.92,24.95,24.98,1392400.0,1846600.0,0,0
,,,,,,77,2026-02-01 13:53:42.531906,ATMN,24.47,24.17,24.47,2021800.0,1844300.0,0,0
,,,,,,77,2026-02-01 13:53:42.531906,WNTR,25.79,25.71,25.79,2356600.0,1497500.0,0,0
2.0,1.0,1.0,,Aggregate Position Limit,Your CRO has set the aggregate position limit to 8000 shares for this week.,78,2026-02-01 13:53:43.569908,SPNG,25.63,25.46,25.63,2099700.0,1938600.0,0,0
1.0,1.0,1.0,,Welcome to the RITC 2026 Alogithmic Market Making Case - practice server,,78,2026-02-01 13:53:43.569908,SMMR,24.95,24.73,24.82,1365900.0,1948200.0,0,0
,,,,,,78,2026-02-01 13:53:43.569908,ATMN,24.47,24.26,24.3,2244600.0,2043900.0,0,0
,,,,,,78,2026-02-01 13:53:43.569908,WNTR,25.81,25.75,25.81,2348600.0,1483000.0,0,0
2.0,1.0,1.0,,Aggregate Position Limit,Your CRO has set the aggregate position limit to 8000 shares for this week.,79,2026-02-01 13:53:44.605460,SPNG,25.72,25.19,25.72,2086900.0,1913900.0,0,0
1.0,1.0,1.0,,Welcome to the RITC 2026 Alogithmic Market Making Case - practice server,,79,2026-02-01 13:53:44.605460,SMMR,24.86,24.81,24.86,1690400.0,1935900.0,0,0
,,,,,,79,2026-02-01 13:53:44.605460,ATMN,24.47,24.26,24.3,2233900.0,2056300.0,0,0
,,,,,,79,2026-02-01 13:53:44.605460,WNTR,25.81,25.75,25.81,2359600.0,1796700.0,0,0
2.0,1.0,1.0,,Aggregate Position Limit,Your CRO has set the aggregate position limit to 8000 shares for this week.,80,2026-02-01 13:53:45.625222,SPNG,25.19,25.1,25.12,1977300.0,1956200.0,0,0
1.0,1.0,1.0,,Welcome to the RITC 2026 Alogithmic Market Making Case - practice server,,80,2026-02-01 13:53:45.625222,SMMR,24.98,24.81,24.98,1801900.0,1931900.0,0,0
,,,,,,80,2026-02-01 13:53:45.625222,ATMN,24.26,24.26,24.3,2212300.0,2070600.0,0,0
,,,,,,80,2026-02-01 13:53:45.625222,WNTR,25.71,25.71,25.81,2335200.0,1796700.0,0,0
2.0,1.0,1.0,,Aggregate Position Limit,Your CRO has set the aggregate position limit to 8000 shares for this week.,81,2026-02-01 13:53:46.650577,SPNG,25.12,25.34,25.72,2158200.0,1937200.0,0,0
1.0,1.0,1.0,,Welcome to the RITC 2026 Alogithmic Market Making Case - practice server,,81,2026-02-01 13:53:46.650577,SMMR,24.98,24.81,24.93,1801900.0,1949200.0,0,0
,,,,,,81,2026-02-01 13:53:46.650577,ATMN,24.2,24.31,24.41,2230000.0,2047300.0,0,0
,,,,,,81,2026-02-01 13:53:46.650577,WNTR,25.87,25.69,25.87,2372500.0,1918400.0,0,0
2.0,1.0,1.0,,Aggregate Position Limit,Your CRO has set the aggregate position limit to 8000 shares for this week.,82,2026-02-01 13:53:47.665627,SPNG,25.33,25.46,25.72,2157900.0,1912700.0,0,0
1.0,1.0,1.0,,Welcome to the RITC 2026 Alogithmic Market Making Case - practice server,,82,2026-02-01 13:53:47.665627,SMMR,24.81,24.81,24.93,1909400.0,1949200.0,0,0
,,,,,,82,2026-02-01 13:53:47.665627,ATMN,24.2,24.31,24.41,2230000.0,2091600.0,0,0
,,,,,,82,2026-02-01 13:53:47.665627,WNTR,25.63,25.63,25.81,2385900.0,2133300.0,0,0
2.0,1.0,1.0,,Aggregate Position Limit,Your CRO has set the aggregate position limit to 8000 shares for this week.,83,2026-02-01 13:53:48.703335,SPNG,25.08,25.08,25.72,2098100.0,1926300.0,0,0
1.0,1.0,1.0,,Welcome to the RITC 2026 Alogithmic Market Making Case - practice server,,83,2026-02-01 13:53:48.703335,SMMR,24.99,24.79,24.99,1894000.0,1924900.0,0,0
,,,,,,83,2026-02-01 13:53:48.703335,ATMN,24.14,24.14,24.41,2222700.0,2098400.0,0,0
,,,,,,83,2026-02-01 13:53:48.703335,WNTR,25.53,25.53,25.76,2253100.0,2146700.0,0,0
2.0,1.0,1.0,,Aggregate Position Limit,Your CRO has set the aggregate position limit to 8000 shares for this week.,84,2026-02-01 13:53:49.713613,SPNG,25.28,25.37,25.72,2209700.0,1926300.0,0,0
1.0,1.0,1.0,,Welcome to the RITC 2026 Alogithmic Market Making Case - practice server,,84,2026-02-01 13:53:49.713613,SMMR,24.77,24.77,24.94,1683000.0,1953000.0,0,0
,,,,,,84,2026-02-01 13:53:49.713613,ATMN,24.43,24.24,24.3,2218700.0,2133100.0,0,0
,,,,,,84,2026-02-01 13:53:49.713613,WNTR,25.62,25.53,25.62,2315000.0,2140300.0,0,0
2.0,1.0,1.0,,Aggregate Position Limit,Your CRO has set the aggregate position limit to 8000 shares for this week.,85,2026-02-01 13:53:50.740217,SPNG,25.28,25.37,25.59,2154900.0,1928500.0,0,0
1.0,1.0,1.0,,Welcome to the RITC 2026 Alogithmic Market Making Case - practice server,,85,2026-02-01 13:53:50.740217,SMMR,24.77,24.9,24.94,1872000.0,1953000.0,0,0
,,,,,,85,2026-02-01 13:53:50.740217,ATMN,24.43,24.24,24.3,2215400.0,2139800.0,0,0
,,,,,,85,2026-02-01 13:53:50.740217,WNTR,25.75,25.53,25.64,2291000.0,2135000.0,0,0
2.0,1.0,1.0,,Aggregate Position Limit,Your CRO has set the aggregate position limit to 8000 shares for this week.,86,2026-02-01 13:53:51.760232,SPNG,25.28,25.37,25.58,2135600.0,1890900.0,0,0
1.0,1.0,1.0,,Welcome to the RITC 2026 Alogithmic Market Making Case - practice server,,86,2026-02-01 13:53:51.760232,SMMR,24.77,24.9,24.94,2089100.0,1956300.0,0,0
,,,,,,86,2026-02-01 13:53:51.760232,ATMN,24.14,24.14,24.3,2248400.0,2165200.0,0,0
,,,,,,86,2026-02-01 13:53:51.760232,WNTR,25.64,25.66,25.76,2260700.0,2141900.0,0,0
2.0,1.0,1.0,,Aggregate Position Limit,Your CRO has set the aggregate position limit to 8000 shares for this week.,87,2026-02-01 13:53:52.799598,SPNG,25.28,25.37,25.58,2118300.0,1930300.0,0,0
1.0,1.0,1.0,,Welcome to the RITC 2026 Alogithmic Market Making Case - practice server,,87,2026-02-01 13:53:52.799598,SMMR,24.98,24.96,24.98,2064000.0,1969900.0,0,0
,,,,,,87,2026-02-01 13:53:52.799598,ATMN,24.3,24.31,24.33,2254400.0,2147200.0,0,0
,,,,,,87,2026-02-01 13:53:52.799598,WNTR,25.53,25.53,25.6,2278300.0,2155500.0,0,0
2.0,1.0,1.0,,Aggregate Position Limit,Your CRO has set the aggregate position limit to 8000 shares for this week.,88,2026-02-01 13:53:53.828228,SPNG,25.28,25.37,25.43,2118300.0,1969500.0,0,0
1.0,1.0,1.0,,Welcome to the RITC 2026 Alogithmic Market Making Case - practice server,,88,2026-02-01 13:53:53.828228,SMMR,24.98,24.9,24.98,2085900.0,1949100.0,0,0
,,,,,,88,2026-02-01 13:53:53.828228,ATMN,24.29,24.14,24.29,2240900.0,2174600.0,0,0
,,,,,,88,2026-02-01 13:53:53.828228,WNTR,25.6,25.7,25.72,2350300.0,2167800.0,0,0
2.0,1.0,1.0,,Aggregate Position Limit,Your CRO has set the aggregate position limit to 8000 shares for this week.,89,2026-02-01 13:53:54.856244,SPNG,25.37,25.37,25.58,2118300.0,1950500.0,0,0
1.0,1.0,1.0,,Welcome to the RITC 2026 Alogithmic Market Making Case - practice server,,89,2026-02-01 13:53:54.856244,SMMR,24.9,24.9,25.04,2085900.0,1935000.0,0,0
,,,,,,89,2026-02-01 13:53:54.856244,ATMN,24.48,24.14,24.48,2240900.0,2086600.0,0,0
,,,,,,89,2026-02-01 13:53:54.856244,WNTR,25.69,25.69,25.72,2324600.0,2167800.0,0,0
2.0,1.0,1.0,,Aggregate Position Limit,Your CRO has set the aggregate position limit to 8000 shares for this week.,90,2026-02-01 13:53:55.879138,SPNG,25.18,25.18,25.58,2132400.0,1950500.0,0,0
1.0,1.0,1.0,,Welcome to the RITC 2026 Alogithmic Market Making Case - practice server,,90,2026-02-01 13:53:55.879138,SMMR,24.97,24.91,24.97,2074700.0,1947000.0,0,0
,,,,,,90,2026-02-01 13:53:55.879138,ATMN,24.14,24.14,24.48,2240900.0,2098400.0,0,0
,,,,,,90,2026-02-01 13:53:55.879138,WNTR,25.64,25.66,25.72,2299800.0,2167800.0,0,0
2.0,1.0,1.0,,Aggregate Position Limit,Your CRO has set the aggregate position limit to 8000 shares for this week.,91,2026-02-01 13:53:56.900163,SPNG,25.27,25.18,25.27,2132400.0,1965600.0,0,0
1.0,1.0,1.0,,Welcome to the RITC 2026 Alogithmic Market Making Case - practice server,,91,2026-02-01 13:53:56.900163,SMMR,25.07,24.91,25.07,2070000.0,1942200.0,0,0
,,,,,,91,2026-02-01 13:53:56.900163,ATMN,24.51,24.44,24.51,2214900.0,2094700.0,0,0
,,,,,,91,2026-02-01 13:53:56.900163,WNTR,25.64,25.66,25.67,2299800.0,2219600.0,0,0
2.0,1.0,1.0,,Aggregate Position Limit,Your CRO has set the aggregate position limit to 8000 shares for this week.,92,2026-02-01 13:53:57.914050,SPNG,25.27,25.3,25.59,2084400.0,1942100.0,0,0
1.0,1.0,1.0,,Welcome to the RITC 2026 Alogithmic Market Making Case - practice server,,92,2026-02-01 13:53:57.914050,SMMR,25.07,25.0,25.07,2051700.0,1949000.0,0,0
,,,,,,92,2026-02-01 13:53:57.914050,ATMN,24.41,24.14,24.34,2238500.0,2113300.0,0,0
,,,,,,92,2026-02-01 13:53:57.914050,WNTR,25.6,25.6,25.76,2311100.0,2162500.0,0,0
2.0,1.0,1.0,,Aggregate Position Limit,Your CRO has set the aggregate position limit to 8000 shares for this week.,93,2026-02-01 13:53:58.930599,SPNG,25.18,25.18,25.59,2105400.0,1942100.0,0,0
1.0,1.0,1.0,,Welcome to the RITC 2026 Alogithmic Market Making Case - practice server,,93,2026-02-01 13:53:58.930599,SMMR,25.07,25.0,25.01,2051700.0,1979200.0,0,0
,,,,,,93,2026-02-01 13:53:58.930599,ATMN,24.41,24.25,24.34,2228500.0,2119300.0,0,0
,,,,,,93,2026-02-01 13:53:58.930599,WNTR,25.6,25.6,25.62,2286300.0,2167100.0,0,0
2.0,1.0,1.0,,Aggregate Position Limit,Your CRO has set the aggregate position limit to 8000 shares for this week.,94,2026-02-01 13:53:59.954161,SPNG,25.16,25.16,25.34,2120600.0,1985300.0,0,0
1.0,1.0,1.0,,Welcome to the RITC 2026 Alogithmic Market Making Case - practice server,,94,2026-02-01 13:53:59.954161,SMMR,25.01,24.91,25.01,2070000.0,2007500.0,0,0
,,,,,,94,2026-02-01 13:53:59.954161,ATMN,24.34,24.42,24.51,2239500.0,2151600.0,0,0
,,,,,,94,2026-02-01 13:53:59.954161,WNTR,25.66,25.6,25.66,2276500.0,2227700.0,0,0
2.0,1.0,1.0,,Aggregate Position Limit,Your CRO has set the aggregate position limit to 8000 shares for this week.,95,2026-02-01 13:54:00.974133,SPNG,25.27,25.16,25.27,2120600.0,1986900.0,0,0
1.0,1.0,1.0,,Welcome to the RITC 2026 Alogithmic Market Making Case - practice server,,95,2026-02-01 13:54:00.974133,SMMR,24.97,24.91,24.97,2070000.0,2005500.0,0,0
,,,,,,95,2026-02-01 13:54:00.974133,ATMN,24.25,24.25,24.33,2228500.0,2167600.0,0,0
,,,,,,95,2026-02-01 13:54:00.974133,WNTR,25.66,25.61,25.66,2306500.0,2227700.0,0,0
2.0,1.0,1.0,,Aggregate Position Limit,Your CRO has set the aggregate position limit to 8000 shares for this week.,96,2026-02-01 13:54:01.989799,SPNG,25.44,25.16,25.33,2120600.0,1971300.0,0,0
1.0,1.0,1.0,,Welcome to the RITC 2026 Alogithmic Market Making Case - practice server,,96,2026-02-01 13:54:01.989799,SMMR,24.9,24.9,24.97,2091000.0,2004900.0,0,0
,,,,,,96,2026-02-01 13:54:01.989799,ATMN,24.22,24.22,24.51,2226200.0,2174500.0,0,0
,,,,,,96,2026-02-01 13:54:01.989799,WNTR,25.69,25.69,25.76,2269100.0,2199700.0,0,0
2.0,1.0,1.0,,Aggregate Position Limit,Your CRO has set the aggregate position limit to 8000 shares for this week.,98,2026-02-01 13:54:03.020164,SPNG,25.33,25.16,25.33,2119500.0,1977900.0,0,0
1.0,1.0,1.0,,Welcome to the RITC 2026 Alogithmic Market Making Case - practice server,,98,2026-02-01 13:54:03.020164,SMMR,24.98,24.95,24.98,2072900.0,2023200.0,0,0
,,,,,,98,2026-02-01 13:54:03.020164,ATMN,24.33,24.22,24.33,2238300.0,2168100.0,0,0
,,,,,,98,2026-02-01 13:54:03.020164,WNTR,25.69,25.75,25.76,2245800.0,2222200.0,0,0
2.0,1.0,1.0,,Aggregate Position Limit,Your CRO has set the aggregate position limit to 8000 shares for this week.,99,2026-02-01 13:54:04.050260,SPNG,25.16,25.13,25.14,2119600.0,1982500.0,0,0
1.0,1.0,1.0,,Welcome to the RITC 2026 Alogithmic Market Making Case - practice server,,99,2026-02-01 13:54:04.050260,SMMR,24.95,24.84,24.85,2074900.0,1997600.0,0,0
,,,,,,99,2026-02-01 13:54:04.050260,ATMN,24.16,24.14,24.16,2245700.0,2203200.0,0,0
,,,,,,99,2026-02-01 13:54:04.050260,WNTR,25.65,25.65,25.76,2248600.0,2222200.0,0,0
2.0,1.0,1.0,,Aggregate Position Limit,Your CRO has set the aggregate position limit to 8000 shares for this week.,100,2026-02-01 13:54:05.060125,SPNG,25.33,25.4,25.59,2115400.0,1986100.0,0,0
1.0,1.0,1.0,,Welcome to the RITC 2026 Alogithmic Market Making Case - practice server,,100,2026-02-01 13:54:05.060125,SMMR,24.91,24.84,24.9,2086400.0,1995700.0,0,0
,,,,,,100,2026-02-01 13:54:05.060125,ATMN,24.16,24.14,24.16,2263100.0,2203200.0,0,0
,,,,,,100,2026-02-01 13:54:05.060125,WNTR,25.61,25.67,25.76,2248500.0,2223400.0,0,0
2.0,1.0,1.0,,Aggregate Position Limit,Your CRO has set the aggregate position limit to 8000 shares for this week.,101,2026-02-01 13:54:06.070058,SPNG,25.4,25.13,25.18,2119600.0,1983900.0,0,0
1.0,1.0,1.0,,Welcome to the RITC 2026 Alogithmic Market Making Case - practice server,,101,2026-02-01 13:54:06.070058,SMMR,24.91,24.84,24.9,2101000.0,1995700.0,0,0
,,,,,,101,2026-02-01 13:54:06.070058,ATMN,24.16,24.14,24.16,2290000.0,2203200.0,0,0
,,,,,,101,2026-02-01 13:54:06.070058,WNTR,25.6,25.6,25.76,2298000.0,2191700.0,0,0
2.0,1.0,1.0,,Aggregate Position Limit,Your CRO has set the aggregate position limit to 8000 shares for this week.,102,2026-02-01 13:54:07.093485,SPNG,25.58,25.13,25.57,2119600.0,1952800.0,0,0
1.0,1.0,1.0,,Welcome to the RITC 2026 Alogithmic Market Making Case - practice server,,102,2026-02-01 13:54:07.093485,SMMR,24.91,24.84,24.9,2091900.0,2013600.0,0,0
,,,,,,102,2026-02-01 13:54:07.093485,ATMN,24.16,24.14,24.16,2276900.0,2203200.0,0,0
,,,,,,102,2026-02-01 13:54:07.093485,WNTR,25.8,25.68,25.76,2308100.0,2150000.0,0,0
2.0,1.0,1.0,,Aggregate Position Limit,Your CRO has set the aggregate position limit to 8000 shares for this week.,103,2026-02-01 13:54:08.109970,SPNG,25.42,25.13,25.23,2119600.0,1948800.0,0,0
1.0,1.0,1.0,,Welcome to the RITC 2026 Alogithmic Market Making Case - practice server,,103,2026-02-01 13:54:08.109970,SMMR,24.84,24.84,24.9,2081700.0,2013600.0,0,0
,,,,,,103,2026-02-01 13:54:08.109970,ATMN,24.54,24.25,24.36,2233300.0,2202500.0,0,0
,,,,,,103,2026-02-01 13:54:08.109970,WNTR,25.68,25.68,25.73,2308100.0,2167600.0,0,0
2.0,1.0,1.0,,Aggregate Position Limit,Your CRO has set the aggregate position limit to 8000 shares for this week.,104,2026-02-01 13:54:09.127026,SPNG,25.57,25.19,25.57,2139600.0,1938000.0,0,0
1.0,1.0,1.0,,Welcome to the RITC 2026 Alogithmic Market Making Case - practice server,,104,2026-02-01 13:54:09.127026,SMMR,24.9,24.84,24.9,2076800.0,2013600.0,0,0
,,,,,,104,2026-02-01 13:54:09.127026,ATMN,24.54,24.25,24.36,2233300.0,2184200.0,0,0
,,,,,,104,2026-02-01 13:54:09.127026,WNTR,25.73,25.6,25.73,2298000.0,2160600.0,0,0
2.0,1.0,1.0,,Aggregate Position Limit,Your CRO has set the aggregate position limit to 8000 shares for this week.,105,2026-02-01 13:54:10.161964,SPNG,25.13,25.13,25.57,2119600.0,1958700.0,0,0
1.0,1.0,1.0,,Welcome to the RITC 2026 Alogithmic Market Making Case - practice server,,105,2026-02-01 13:54:10.161964,SMMR,24.83,24.83,24.9,2076800.0,2017200.0,0,0
,,,,,,105,2026-02-01 13:54:10.161964,ATMN,24.36,24.25,24.36,2229700.0,2184200.0,0,0
,,,,,,105,2026-02-01 13:54:10.161964,WNTR,25.76,25.73,25.76,2276200.0,2154300.0,0,0
2.0,1.0,1.0,,Aggregate Position Limit,Your CRO has set the aggregate position limit to 8000 shares for this week.,106,2026-02-01 13:54:11.199923,SPNG,25.11,25.11,25.57,2134400.0,1958700.0,0,0
1.0,1.0,1.0,,Welcome to the RITC 2026 Alogithmic Market Making Case - practice server,,106,2026-02-01 13:54:11.199923,SMMR,24.9,24.93,25.02,2080900.0,1993900.0,0,0
,,,,,,106,2026-02-01 13:54:11.199923,ATMN,24.36,24.34,24.36,2187500.0,2184200.0,0,0
,,,,,,106,2026-02-01 13:54:11.199923,WNTR,25.76,25.58,25.76,2281100.0,2156700.0,0,0
2.0,1.0,1.0,,Aggregate Position Limit,Your CRO has set the aggregate position limit to 8000 shares for this week.,107,2026-02-01 13:54:12.233906,SPNG,25.57,25.11,25.57,2134400.0,1958700.0,0,0
1.0,1.0,1.0,,Welcome to the RITC 2026 Alogithmic Market Making Case - practice server,,107,2026-02-01 13:54:12.233906,SMMR,25.04,24.93,25.04,2080900.0,1988600.0,0,0
,,,,,,107,2026-02-01 13:54:12.233906,ATMN,24.53,24.34,24.53,2187500.0,2189000.0,0,0
,,,,,,107,2026-02-01 13:54:12.233906,WNTR,25.76,25.67,25.76,2303400.0,2156700.0,0,0
2.0,1.0,1.0,,Aggregate Position Limit,Your CRO has set the aggregate position limit to 8000 shares for this week.,108,2026-02-01 13:54:13.264141,SPNG,25.2,25.33,25.57,2100600.0,1958700.0,0,0
1.0,1.0,1.0,,Welcome to the RITC 2026 Alogithmic Market Making Case - practice server,,108,2026-02-01 13:54:13.264141,SMMR,24.93,24.83,24.84,2056600.0,1991100.0,0,0
,,,,,,108,2026-02-01 13:54:13.264141,ATMN,24.34,24.34,24.56,2209500.0,2168300.0,0,0
,,,,,,108,2026-02-01 13:54:13.264141,WNTR,25.67,25.67,25.8,2303400.0,2184700.0,0,0
2.0,1.0,1.0,,Aggregate Position Limit,Your CRO has set the aggregate position limit to 8000 shares for this week.,109,2026-02-01 13:54:14.304509,SPNG,25.06,25.06,25.59,2138700.0,1936200.0,0,0
1.0,1.0,1.0,,Welcome to the RITC 2026 Alogithmic Market Making Case - practice server,,109,2026-02-01 13:54:14.304509,SMMR,24.84,24.99,25.05,2066000.0,1990200.0,0,0
,,,,,,109,2026-02-01 13:54:14.304509,ATMN,24.52,24.34,24.52,2209500.0,2182300.0,0,0
,,,,,,109,2026-02-01 13:54:14.304509,WNTR,25.66,25.7,25.8,2322200.0,2184700.0,0,0
2.0,1.0,1.0,,Aggregate Position Limit,Your CRO has set the aggregate position limit to 8000 shares for this week.,110,2026-02-01 13:54:15.330021,SPNG,25.5,25.37,25.42,2140100.0,1973200.0,0,0
1.0,1.0,1.0,,Welcome to the RITC 2026 Alogithmic Market Making Case - practice server,,110,2026-02-01 13:54:15.330021,SMMR,24.99,24.82,24.97,2084600.0,1984700.0,0,0
,,,,,,110,2026-02-01 13:54:15.330021,ATMN,24.31,24.39,24.5,2218000.0,2207100.0,0,0
,,,,,,110,2026-02-01 13:54:15.330021,WNTR,25.58,25.58,25.8,2271500.0,2187200.0,0,0
2.0,1.0,1.0,,Aggregate Position Limit,Your CRO has set the aggregate position limit to 8000 shares for this week.,111,2026-02-01 13:54:16.367566,SPNG,25.35,25.35,25.42,2137800.0,1973200.0,0,0
1.0,1.0,1.0,,Welcome to the RITC 2026 Alogithmic Market Making Case - practice server,,111,2026-02-01 13:54:16.367566,SMMR,24.82,24.82,25.02,2067600.0,1986800.0,0,0
,,,,,,111,2026-02-01 13:54:16.367566,ATMN,24.45,24.31,24.45,2194100.0,2237500.0,0,0
,,,,,,111,2026-02-01 13:54:16.367566,WNTR,25.58,25.76,25.8,2284000.0,2174000.0,0,0
2.0,1.0,1.0,,Aggregate Position Limit,Your CRO has set the aggregate position limit to 8000 shares for this week.,112,2026-02-01 13:54:17.399636,SPNG,24.99,24.99,25.42,2165900.0,1979100.0,0,0
1.0,1.0,1.0,,Welcome to the RITC 2026 Alogithmic Market Making Case - practice server,,112,2026-02-01 13:54:17.399636,SMMR,24.82,24.94,25.02,2083000.0,1964700.0,0,0
,,,,,,112,2026-02-01 13:54:17.399636,ATMN,24.31,24.27,24.3,2203900.0,2243000.0,0,0
,,,,,,112,2026-02-01 13:54:17.399636,WNTR,25.76,25.76,25.8,2285200.0,2174000.0,0,0
2.0,1.0,1.0,,Aggregate Position Limit,Your CRO has set the aggregate position limit to 8000 shares for this week.,113,2026-02-01 13:54:18.433933,SPNG,24.99,25.37,25.42,2142800.0,1979100.0,0,0
1.0,1.0,1.0,,Welcome to the RITC 2026 Alogithmic Market Making Case - practice server,,113,2026-02-01 13:54:18.433933,SMMR,24.94,24.94,25.02,2084700.0,1964700.0,0,0
,,,,,,113,2026-02-01 13:54:18.433933,ATMN,24.3,24.28,24.3,2211700.0,2243000.0,0,0
,,,,,,113,2026-02-01 13:54:18.433933,WNTR,25.71,25.62,25.69,2338900.0,2223700.0,0,0
2.0,1.0,1.0,,Aggregate Position Limit,Your CRO has set the aggregate position limit to 8000 shares for this week.,114,2026-02-01 13:54:19.478669,SPNG,25.49,25.13,25.36,2174300.0,1957900.0,0,0
1.0,1.0,1.0,,Welcome to the RITC 2026 Alogithmic Market Making Case - practice server,,114,2026-02-01 13:54:19.478669,SMMR,24.94,24.82,24.85,2070400.0,1984800.0,0,0
,,,,,,114,2026-02-01 13:54:19.478669,ATMN,24.5,24.28,24.38,2179100.0,2205400.0,0,0
,,,,,,114,2026-02-01 13:54:19.478669,WNTR,25.71,25.62,25.71,2338900.0,2205600.0,0,0
2.0,1.0,1.0,,Aggregate Position Limit,Your CRO has set the aggregate position limit to 8000 shares for this week.,115,2026-02-01 13:54:20.495639,SPNG,25.36,25.48,25.49,2177100.0,1974600.0,0,0
1.0,1.0,1.0,,Welcome to the RITC 2026 Alogithmic Market Making Case - practice server,,115,2026-02-01 13:54:20.495639,SMMR,25.05,24.82,25.05,2071700.0,1990200.0,0,0
,,,,,,115,2026-02-01 13:54:20.495639,ATMN,24.27,24.37,24.38,2184400.0,2195400.0,0,0
,,,,,,115,2026-02-01 13:54:20.495639,WNTR,25.8,25.76,25.8,2278600.0,2170200.0,0,0
2.0,1.0,1.0,,Aggregate Position Limit,Your CRO has set the aggregate position limit to 8000 shares for this week.,116,2026-02-01 13:54:21.531102,SPNG,25.49,25.13,25.49,2174300.0,1948400.0,0,0
1.0,1.0,1.0,,Welcome to the RITC 2026 Alogithmic Market Making Case - practice server,,116,2026-02-01 13:54:21.531102,SMMR,24.85,24.92,25.05,2092100.0,1990200.0,0,0
,,,,,,116,2026-02-01 13:54:21.531102,ATMN,24.39,24.27,24.39,2209200.0,2222900.0,0,0
,,,,,,116,2026-02-01 13:54:21.531102,WNTR,25.65,25.65,25.8,2313100.0,2174700.0,0,0
2.0,1.0,1.0,,Aggregate Position Limit,Your CRO has set the aggregate position limit to 8000 shares for this week.,117,2026-02-01 13:54:22.565294,SPNG,25.49,25.13,25.49,2137500.0,1948400.0,0,0
1.0,1.0,1.0,,Welcome to the RITC 2026 Alogithmic Market Making Case - practice server,,117,2026-02-01 13:54:22.565294,SMMR,24.92,24.92,25.05,2102500.0,1990200.0,0,0
,,,,,,117,2026-02-01 13:54:22.565294,ATMN,24.39,24.27,24.39,2225100.0,2224000.0,0,0
,,,,,,117,2026-02-01 13:54:22.565294,WNTR,25.65,25.62,25.63,2329200.0,2185600.0,0,0
2.0,1.0,1.0,,Aggregate Position Limit,Your CRO has set the aggregate position limit to 8000 shares for this week.,118,2026-02-01 13:54:23.599259,SPNG,25.41,25.13,25.14,2157600.0,1973900.0,0,0
1.0,1.0,1.0,,Welcome to the RITC 2026 Alogithmic Market Making Case - practice server,,118,2026-02-01 13:54:23.599259,SMMR,24.88,24.88,25.05,2096500.0,1990200.0,0,0
,,,,,,118,2026-02-01 13:54:23.599259,ATMN,24.5,24.27,24.5,2225100.0,2224000.0,0,0
,,,,,,118,2026-02-01 13:54:23.599259,WNTR,25.74,25.77,25.8,2312700.0,2187100.0,0,0
2.0,1.0,1.0,,Aggregate Position Limit,Your CRO has set the aggregate position limit to 8000 shares for this week.,119,2026-02-01 13:54:24.631015,SPNG,25.15,25.15,25.49,2158700.0,1970900.0,0,0
1.0,1.0,1.0,,Welcome to the RITC 2026 Alogithmic Market Making Case - practice server,,119,2026-02-01 13:54:24.631015,SMMR,24.88,24.88,25.05,2096500.0,2010600.0,0,0
,,,,,,119,2026-02-01 13:54:24.631015,ATMN,24.25,24.25,24.5,2238700.0,2217800.0,0,0
,,,,,,119,2026-02-01 13:54:24.631015,WNTR,25.58,25.58,25.72,2304900.0,2192200.0,0,0
2.0,1.0,1.0,,Aggregate Position Limit,Your CRO has set the aggregate position limit to 8000 shares for this week.,120,2026-02-01 13:54:25.668308,SPNG,25.13,24.39,24.7,858800.0,813700.0,0,0
1.0,1.0,1.0,,Welcome to the RITC 2026 Alogithmic Market Making Case - practice server,,120,2026-02-01 13:54:25.668308,SMMR,24.82,25.6,0.0,200000.0,,0,0
,,,,,,120,2026-02-01 13:54:25.668308,ATMN,28.1,26.72,27.28,734000.0,702800.0,0,0
,,,,,,120,2026-02-01 13:54:25.668308,WNTR,25.59,26.06,26.27,874300.0,859700.0,0,0
2.0,1.0,1.0,,Aggregate Position Limit,Your CRO has set the aggregate position limit to 8000 shares for this week.,121,2026-02-01 13:54:26.700314,SPNG,24.39,24.39,24.7,858800.0,1131800.0,0,0
1.0,1.0,1.0,,Welcome to the RITC 2026 Alogithmic Market Making Case - practice server,,121,2026-02-01 13:54:26.700314,SMMR,25.26,25.57,25.62,968000.0,897500.0,0,0
,,,,,,121,2026-02-01 13:54:26.700314,ATMN,26.72,26.72,26.91,852400.0,1094400.0,0,0
,,,,,,121,2026-02-01 13:54:26.700314,WNTR,26.07,26.06,26.07,1014500.0,1090300.0,0,0
2.0,1.0,1.0,,Aggregate Position Limit,Your CRO has set the aggregate position limit to 8000 shares for this week.,122,2026-02-01 13:54:27.726139,SPNG,24.39,24.39,24.7,850400.0,1355700.0,0,0
1.0,1.0,1.0,,Welcome to the RITC 2026 Alogithmic Market Making Case - practice server,,122,2026-02-01 13:54:27.726139,SMMR,25.56,25.56,25.62,878600.0,897500.0,0,0
,,,,,,122,2026-02-01 13:54:27.726139,ATMN,26.72,26.72,26.85,955300.0,1292400.0,0,0
,,,,,,122,2026-02-01 13:54:27.726139,WNTR,26.07,26.08,26.27,1129300.0,1072200.0,0,0
2.0,1.0,1.0,,Aggregate Position Limit,Your CRO has set the aggregate position limit to 8000 shares for this week.,123,2026-02-01 13:54:28.765169,SPNG,24.39,24.06,24.22,992300.0,1553400.0,0,0
1.0,1.0,1.0,,Welcome to the RITC 2026 Alogithmic Market Making Case - practice server,,123,2026-02-01 13:54:28.765169,SMMR,25.56,25.37,25.54,1082800.0,989000.0,0,0
,,,,,,123,2026-02-01 13:54:28.765169,ATMN,26.89,26.72,26.89,955300.0,1388100.0,0,0
,,,,,,123,2026-02-01 13:54:28.765169,WNTR,26.08,26.08,26.21,1129300.0,1374100.0,0,0
2.0,1.0,1.0,,Aggregate Position Limit,Your CRO has set the aggregate position limit to 8000 shares for this week.,124,2026-02-01 13:54:29.795511,SPNG,24.39,24.06,24.22,1328800.0,1553400.0,0,0
1.0,1.0,1.0,,Welcome to the RITC 2026 Alogithmic Market Making Case - practice server,,124,2026-02-01 13:54:29.795511,SMMR,25.62,25.49,25.62,1290300.0,808200.0,0,0
,,,,,,124,2026-02-01 13:54:29.795511,ATMN,26.82,26.86,26.88,1057700.0,1483700.0,0,0
,,,,,,124,2026-02-01 13:54:29.795511,WNTR,26.08,26.1,26.13,1222400.0,1710900.0,0,0
2.0,1.0,1.0,,Aggregate Position Limit,Your CRO has set the aggregate position limit to 8000 shares for this week.,125,2026-02-01 13:54:30.835058,SPNG,24.7,24.19,24.7,1668400.0,1441200.0,0,0
1.0,1.0,1.0,,Welcome to the RITC 2026 Alogithmic Market Making Case - practice server,,125,2026-02-01 13:54:30.835058,SMMR,25.62,25.55,25.62,1405200.0,808200.0,0,0
,,,,,,125,2026-02-01 13:54:30.835058,ATMN,26.49,26.49,26.88,1066000.0,1561100.0,0,0
,,,,,,125,2026-02-01 13:54:30.835058,WNTR,26.08,26.08,26.13,1232800.0,1807600.0,0,0
2.0,1.0,1.0,,Aggregate Position Limit,Your CRO has set the aggregate position limit to 8000 shares for this week.,126,2026-02-01 13:54:31.885701,SPNG,24.27,24.19,24.27,1668400.0,1562400.0,,0
1.0,1.0,1.0,,Welcome to the RITC 2026 Alogithmic Market Making Case - practice server,,126,2026-02-01 13:54:31.885701,SMMR,25.37,25.37,25.6,1204800.0,894100.0,,0
,,,,,,126,2026-02-01 13:54:31.885701,ATMN,26.89,26.68,26.89,1289000.0,1465500.0,,0
,,,,,,126,2026-02-01 13:54:31.885701,WNTR,26.06,26.07,26.13,1028000.0,2031800.0,1500.0,0
2.0,1.0,1.0,,Aggregate Position Limit,Your CRO has set the aggregate position limit to 8000 shares for this week.,127,2026-02-01 13:54:32.916099,SPNG,24.27,24.26,24.27,1964800.0,1562400.0,,
1.0,1.0,1.0,,Welcome to the RITC 2026 Alogithmic Market Making Case - practice server,,127,2026-02-01 13:54:32.916099,SMMR,25.37,25.51,25.59,1507100.0,894100.0,1500.0,1500.0
,,,,,,127,2026-02-01 13:54:32.916099,ATMN,26.47,26.59,26.78,1176200.0,1571900.0,,
,,,,,,127,2026-02-01 13:54:32.916099,WNTR,26.06,25.96,26.03,1044100.0,2130800.0,,
2.0,1.0,1.0,,Aggregate Position Limit,Your CRO has set the aggregate position limit to 8000 shares for this week.,128,2026-02-01 13:54:33.946992,SPNG,24.17,24.17,24.69,1897800.0,1500.0,1441200.0,
1.0,1.0,1.0,,Welcome to the RITC 2026 Alogithmic Market Making Case - practice server,,128,2026-02-01 13:54:33.946992,SMMR,25.51,25.51,25.62,1596100.0,,808200.0,1500.0
,,,,,,128,2026-02-01 13:54:33.946992,ATMN,26.78,26.74,26.77,1374900.0,1500.0,1571900.0,1500.0
,,,,,,128,2026-02-01 13:54:33.946992,WNTR,25.96,25.96,26.02,1400400.0,1500.0,2013800.0,
2.0,1.0,1.0,,Aggregate Position Limit,Your CRO has set the aggregate position limit to 8000 shares for this week.,129,2026-02-01 13:54:34.980176,SPNG,24.5,24.18,24.31,1500.0,1897800.0,1655200.0,3000.0
1.0,1.0,1.0,,Welcome to the RITC 2026 Alogithmic Market Making Case - practice server,,129,2026-02-01 13:54:34.980176,SMMR,25.49,25.49,25.61,1500.0,1504400.0,808200.0,1500.0
,,,,,,129,2026-02-01 13:54:34.980176,ATMN,26.78,26.74,26.77,1500.0,1743000.0,1571900.0,1500.0
,,,,,,129,2026-02-01 13:54:34.980176,WNTR,26.18,25.97,26.01,1500.0,1509300.0,1921000.0,1500.0
2.0,1.0,1.0,,Aggregate Position Limit,Your CRO has set the aggregate position limit to 8000 shares for this week.,130,2026-02-01 13:54:36.012618,SPNG,24.4,24.4,24.7,2077800.0,1620400.0,0,0
1.0,1.0,1.0,,Welcome to the RITC 2026 Alogithmic Market Making Case - practice server,,130,2026-02-01 13:54:36.012618,SMMR,25.47,25.47,25.79,1517900.0,866800.0,0,0
,,,,,,130,2026-02-01 13:54:36.012618,ATMN,26.89,26.86,26.89,1932400.0,1465500.0,0,0
,,,,,,130,2026-02-01 13:54:36.012618,WNTR,26.0,26.02,26.07,1740100.0,2031100.0,0,0
2.0,1.0,1.0,,Aggregate Position Limit,Your CRO has set the aggregate position limit to 8000 shares for this week.,131,2026-02-01 13:54:37.040256,SPNG,24.32,24.64,24.7,2040700.0,1500.0,1620400.0,0
1.0,1.0,1.0,,Welcome to the RITC 2026 Alogithmic Market Making Case - practice server,,131,2026-02-01 13:54:37.040256,SMMR,25.46,25.49,25.79,1631700.0,,866800.0,0
,,,,,,131,2026-02-01 13:54:37.040256,ATMN,26.74,26.74,26.91,1962200.0,,1259200.0,0
,,,,,,131,2026-02-01 13:54:37.040256,WNTR,26.07,26.08,26.11,2062200.0,,2041200.0,0
2.0,1.0,1.0,,Aggregate Position Limit,Your CRO has set the aggregate position limit to 8000 shares for this week.,132,2026-02-01 13:54:38.072368,SPNG,24.7,24.2,24.7,3000.0,1927700.0,1591000.0,
1.0,1.0,1.0,,Welcome to the RITC 2026 Alogithmic Market Making Case - practice server,,132,2026-02-01 13:54:38.072368,SMMR,25.46,25.5,25.78,1500.0,1808500.0,866800.0,1500.0
,,,,,,132,2026-02-01 13:54:38.072368,ATMN,26.91,26.75,26.91,1500.0,1869400.0,1259200.0,
,,,,,,132,2026-02-01 13:54:38.072368,WNTR,26.18,26.13,26.17,1500.0,2161100.0,2023300.0,1500.0
2.0,1.0,1.0,,Aggregate Position Limit,Your CRO has set the aggregate position limit to 8000 shares for this week.,133,2026-02-01 13:54:39.104212,SPNG,24.23,24.2,24.23,3000.0,1892100.0,1780900.0,1500.0
1.0,1.0,1.0,,Welcome to the RITC 2026 Alogithmic Market Making Case - practice server,,133,2026-02-01 13:54:39.104212,SMMR,25.79,25.51,25.79,3000.0,1808500.0,866800.0,
,,,,,,133,2026-02-01 13:54:39.104212,ATMN,26.73,26.73,26.92,,1869400.0,1147500.0,1500.0
,,,,,,133,2026-02-01 13:54:39.104212,WNTR,26.04,26.04,26.2,,1950300.0,1934200.0,1500.0
2.0,1.0,1.0,,Aggregate Position Limit,Your CRO has set the aggregate position limit to 8000 shares for this week.,134,2026-02-01 13:54:40.129641,SPNG,24.23,24.2,24.23,3000.0,1865700.0,1780900.0,1500.0
1.0,1.0,1.0,,Welcome to the RITC 2026 Alogithmic Market Making Case - practice server,,134,2026-02-01 13:54:40.129641,SMMR,25.5,25.62,25.75,3000.0,1925400.0,1078100.0,3000.0
,,,,,,134,2026-02-01 13:54:40.129641,ATMN,26.73,26.73,27.02,,1869400.0,1290200.0,1500.0
,,,,,,134,2026-02-01 13:54:40.129641,WNTR,26.04,26.02,26.03,,2168900.0,2027000.0,1500.0
2.0,1.0,1.0,,Aggregate Position Limit,Your CRO has set the aggregate position limit to 8000 shares for this week.,135,2026-02-01 13:54:41.149661,SPNG,24.19,24.31,24.65,1863300.0,3000.0,1797500.0,1500.0
1.0,1.0,1.0,,Welcome to the RITC 2026 Alogithmic Market Making Case - practice server,,135,2026-02-01 13:54:41.149661,SMMR,25.61,25.61,25.62,2009900.0,1500.0,1168000.0,4500.0
,,,,,,135,2026-02-01 13:54:41.149661,ATMN,26.69,26.73,27.01,1842600.0,1500.0,1368300.0,3000.0
,,,,,,135,2026-02-01 13:54:41.149661,WNTR,26.02,26.02,26.08,2168900.0,,1902500.0,3000.0
2.0,1.0,1.0,,Aggregate Position Limit,Your CRO has set the aggregate position limit to 8000 shares for this week.,136,2026-02-01 13:54:42.179289,SPNG,24.31,24.53,24.65,2077000.0,1797500.0,,
1.0,1.0,1.0,,Welcome to the RITC 2026 Alogithmic Market Making Case - practice server,,136,2026-02-01 13:54:42.179289,SMMR,25.61,25.5,25.57,2011300.0,1274700.0,,
,,,,,,136,2026-02-01 13:54:42.179289,ATMN,26.68,26.88,26.9,1768600.0,1466000.0,1500.0,1500.0
,,,,,,136,2026-02-01 13:54:42.179289,WNTR,26.11,25.98,26.11,2037200.0,2148600.0,,
2.0,1.0,1.0,,Aggregate Position Limit,Your CRO has set the aggregate position limit to 8000 shares for this week.,137,2026-02-01 13:54:43.199170,SPNG,24.31,24.54,24.64,1500.0,1935800.0,1500.0,1943800.0
1.0,1.0,1.0,,Welcome to the RITC 2026 Alogithmic Market Making Case - practice server,,137,2026-02-01 13:54:43.199170,SMMR,25.61,25.51,25.57,,2029600.0,,1274700.0
,,,,,,137,2026-02-01 13:54:43.199170,ATMN,26.71,26.68,26.7,,1661500.0,,1581800.0
,,,,,,137,2026-02-01 13:54:43.199170,WNTR,26.11,26.07,26.09,,2278800.0,,2101200.0
2.0,1.0,1.0,,Aggregate Position Limit,Your CRO has set the aggregate position limit to 8000 shares for this week.,138,2026-02-01 13:54:44.231977,SPNG,24.33,24.53,24.64,2021800.0,1500.0,1943800.0,
1.0,1.0,1.0,,Welcome to the RITC 2026 Alogithmic Market Making Case - practice server,,138,2026-02-01 13:54:44.231977,SMMR,25.72,25.53,25.71,1850800.0,,1194200.0,3000.0
,,,,,,138,2026-02-01 13:54:44.231977,ATMN,26.7,26.73,26.91,2060700.0,,1466000.0,
,,,,,,138,2026-02-01 13:54:44.231977,WNTR,26.11,26.07,26.11,2281400.0,,2135000.0,
2.0,1.0,1.0,,Aggregate Position Limit,Your CRO has set the aggregate position limit to 8000 shares for this week.,139,2026-02-01 13:54:45.249040,SPNG,24.53,24.31,24.35,2077000.0,1831100.0,3000.0,
1.0,1.0,1.0,,Welcome to the RITC 2026 Alogithmic Market Making Case - practice server,,139,2026-02-01 13:54:45.249040,SMMR,25.72,25.53,25.57,1836000.0,1397400.0,1500.0,3000.0
,,,,,,139,2026-02-01 13:54:45.249040,ATMN,26.91,26.77,26.9,1984800.0,1466000.0,1500.0,1500.0
,,,,,,139,2026-02-01 13:54:45.249040,WNTR,26.11,26.16,26.17,2284400.0,2143000.0,,
2.0,1.0,1.0,,Aggregate Position Limit,Your CRO has set the aggregate position limit to 8000 shares for this week.,140,2026-02-01 13:54:46.269393,SPNG,24.65,24.52,24.65,2052000.0,2041300.0,0,0
1.0,1.0,1.0,,Welcome to the RITC 2026 Alogithmic Market Making Case - practice server,,140,2026-02-01 13:54:46.269393,SMMR,25.57,25.56,25.57,2044100.0,1397400.0,0,0
,,,,,,140,2026-02-01 13:54:46.269393,ATMN,26.86,26.77,26.86,2086200.0,1659900.0,0,0
,,,,,,140,2026-02-01 13:54:46.269393,WNTR,26.07,26.07,26.11,2297900.0,2169300.0,0,0
2.0,1.0,1.0,,Aggregate Position Limit,Your CRO has set the aggregate position limit to 8000 shares for this week.,141,2026-02-01 13:54:47.289131,SPNG,24.19,24.19,24.65,2079400.0,2019100.0,0,0
1.0,1.0,1.0,,Welcome to the RITC 2026 Alogithmic Market Making Case - practice server,,141,2026-02-01 13:54:47.289131,SMMR,25.71,25.56,25.71,2044100.0,1307300.0,0,0
,,,,,,141,2026-02-01 13:54:47.289131,ATMN,26.89,26.77,26.89,2066000.0,1734600.0,0,0
,,,,,,141,2026-02-01 13:54:47.289131,WNTR,26.17,25.98,26.17,2266300.0,2144700.0,0,0
2.0,1.0,1.0,,Aggregate Position Limit,Your CRO has set the aggregate position limit to 8000 shares for this week.,142,2026-02-01 13:54:48.299434,SPNG,24.35,24.2,24.35,1500.0,1909000.0,1933400.0,1500.0
1.0,1.0,1.0,,Welcome to the RITC 2026 Alogithmic Market Making Case - practice server,,142,2026-02-01 13:54:48.299434,SMMR,25.51,25.63,25.7,1500.0,1952400.0,1393200.0,1500.0
,,,,,,142,2026-02-01 13:54:48.299434,ATMN,26.89,26.78,26.87,1500.0,1891900.0,1771700.0,1500.0
,,,,,,142,2026-02-01 13:54:48.299434,WNTR,25.96,25.97,26.17,1500.0,2139700.0,2045000.0,1500.0
2.0,1.0,1.0,,Aggregate Position Limit,Your CRO has set the aggregate position limit to 8000 shares for this week.,144,2026-02-01 13:54:49.351095,SPNG,24.34,24.36,24.67,1770500.0,3000.0,2050100.0,
1.0,1.0,1.0,,Welcome to the RITC 2026 Alogithmic Market Making Case - practice server,,144,2026-02-01 13:54:49.351095,SMMR,25.51,25.64,25.69,1837500.0,3000.0,1693300.0,3000.0
,,,,,,144,2026-02-01 13:54:49.351095,ATMN,26.78,26.77,26.78,2008400.0,,1709800.0,3000.0
,,,,,,144,2026-02-01 13:54:49.351095,WNTR,26.21,26.07,26.08,2007500.0,3000.0,2160500.0,
2.0,1.0,1.0,,Aggregate Position Limit,Your CRO has set the aggregate position limit to 8000 shares for this week.,145,2026-02-01 13:54:50.379002,SPNG,24.36,24.37,24.66,4500.0,1660500.0,1500.0,1965800.0
1.0,1.0,1.0,,Welcome to the RITC 2026 Alogithmic Market Making Case - practice server,,145,2026-02-01 13:54:50.379002,SMMR,25.48,25.64,25.68,1500.0,1980600.0,4500.0,1701600.0
,,,,,,145,2026-02-01 13:54:50.379002,ATMN,27.03,26.77,27.03,,2008400.0,,1719900.0
,,,,,,145,2026-02-01 13:54:50.379002,WNTR,26.07,26.07,26.08,3000.0,2017400.0,1500.0,2055800.0
2.0,1.0,1.0,,Aggregate Position Limit,Your CRO has set the aggregate position limit to 8000 shares for this week.,146,2026-02-01 13:54:51.398941,SPNG,24.36,24.49,24.67,1961200.0,2066300.0,0,0
1.0,1.0,1.0,,Welcome to the RITC 2026 Alogithmic Market Making Case - practice server,,146,2026-02-01 13:54:51.398941,SMMR,25.71,25.46,25.71,2089200.0,1793600.0,0,0
,,,,,,146,2026-02-01 13:54:51.398941,ATMN,26.75,26.75,26.8,2010600.0,1859800.0,0,0
,,,,,,146,2026-02-01 13:54:51.398941,WNTR,26.07,26.07,26.08,2214200.0,2192300.0,0,0
2.0,1.0,1.0,,Aggregate Position Limit,Your CRO has set the aggregate position limit to 8000 shares for this week.,147,2026-02-01 13:54:52.419264,SPNG,24.33,24.34,24.46,1500.0,1877600.0,2001500.0,1500.0
1.0,1.0,1.0,,Welcome to the RITC 2026 Alogithmic Market Making Case - practice server,,147,2026-02-01 13:54:52.419264,SMMR,25.75,25.47,25.75,1500.0,1986500.0,1677500.0,
,,,,,,147,2026-02-01 13:54:52.419264,ATMN,27.03,26.68,27.03,,2045100.0,1822200.0,
,,,,,,147,2026-02-01 13:54:52.419264,WNTR,26.12,26.12,26.14,,2232500.0,2192300.0,
2.0,1.0,1.0,,Aggregate Position Limit,Your CRO has set the aggregate position limit to 8000 shares for this week.,148,2026-02-01 13:54:53.443502,SPNG,24.46,24.35,24.46,3000.0,1760800.0,2001500.0,1500.0
1.0,1.0,1.0,,Welcome to the RITC 2026 Alogithmic Market Making Case - practice server,,148,2026-02-01 13:54:53.443502,SMMR,25.82,25.48,25.61,3000.0,1864500.0,1593800.0,1500.0
,,,,,,148,2026-02-01 13:54:53.443502,ATMN,26.63,26.69,27.02,1500.0,1948200.0,1758400.0,1500.0
,,,,,,148,2026-02-01 13:54:53.443502,WNTR,26.14,26.17,26.18,,2239300.0,2173500.0,
2.0,1.0,1.0,,Aggregate Position Limit,Your CRO has set the aggregate position limit to 8000 shares for this week.,149,2026-02-01 13:54:54.478817,SPNG,24.67,24.36,24.45,4500.0,1668000.0,1500.0,1981900.0
1.0,1.0,1.0,,Welcome to the RITC 2026 Alogithmic Market Making Case - practice server,,149,2026-02-01 13:54:54.478817,SMMR,25.45,25.47,25.61,1500.0,1988700.0,1500.0,1593800.0
,,,,,,149,2026-02-01 13:54:54.478817,ATMN,26.59,26.59,26.9,,1864800.0,3000.0,1695000.0
,,,,,,149,2026-02-01 13:54:54.478817,WNTR,26.13,26.14,26.17,1500.0,2119400.0,1500.0,2059000.0
2.0,1.0,1.0,,Aggregate Position Limit,Your CRO has set the aggregate position limit to 8000 shares for this week.,150,2026-02-01 13:54:55.509083,SPNG,24.67,24.37,24.44,6000.0,1569000.0,3000.0,1876900.0
1.0,1.0,1.0,,Welcome to the RITC 2026 Alogithmic Market Making Case - practice server,,150,2026-02-01 13:54:55.509083,SMMR,25.61,25.62,25.81,1500.0,2006200.0,1500.0,1475800.0
,,,,,,150,2026-02-01 13:54:55.509083,ATMN,26.59,26.59,26.89,,1670700.0,4500.0,1618000.0
,,,,,,150,2026-02-01 13:54:55.509083,WNTR,25.98,25.98,26.17,,2232500.0,1500.0,2045800.0
2.0,1.0,1.0,,Aggregate Position Limit,Your CRO has set the aggregate position limit to 8000 shares for this week.,151,2026-02-01 13:54:56.529385,SPNG,24.45,24.64,24.66,7500.0,1476600.0,1500.0,1943300.0
1.0,1.0,1.0,,Welcome to the RITC 2026 Alogithmic Market Making Case - practice server,,151,2026-02-01 13:54:56.529385,SMMR,25.62,25.78,25.81,1500.0,1992900.0,1500.0,1672900.0
,,,,,,151,2026-02-01 13:54:56.529385,ATMN,26.56,26.56,26.61,,1558400.0,6000.0,1560200.0
,,,,,,151,2026-02-01 13:54:56.529385,WNTR,26.2,25.99,26.05,1500.0,2106300.0,1500.0,2066100.0
2.0,1.0,1.0,,Aggregate Position Limit,Your CRO has set the aggregate position limit to 8000 shares for this week.,152,2026-02-01 13:54:57.549001,SPNG,24.45,24.63,24.67,1979600.0,2039700.0,0,0
1.0,1.0,1.0,,Welcome to the RITC 2026 Alogithmic Market Making Case - practice server,,152,2026-02-01 13:54:57.549001,SMMR,25.78,25.65,25.68,2059400.0,1867000.0,0,0
,,,,,,152,2026-02-01 13:54:57.549001,ATMN,26.61,26.56,26.61,1659200.0,1906400.0,0,0
,,,,,,152,2026-02-01 13:54:57.549001,WNTR,26.07,26.07,26.2,2185900.0,2184600.0,0,0
2.0,1.0,1.0,,Aggregate Position Limit,Your CRO has set the aggregate position limit to 8000 shares for this week.,153,2026-02-01 13:54:58.569118,SPNG,24.64,24.36,24.49,1500.0,1884100.0,1911500.0,1500.0
1.0,1.0,1.0,,Welcome to the RITC 2026 Alogithmic Market Making Case - practice server,,153,2026-02-01 13:54:58.569118,SMMR,25.6,25.6,25.68,,2105900.0,1867000.0,
,,,,,,153,2026-02-01 13:54:58.569118,ATMN,26.54,26.54,26.6,,1557700.0,1804300.0,1500.0
,,,,,,153,2026-02-01 13:54:58.569118,WNTR,26.21,26.08,26.21,1500.0,2093600.0,2221400.0,
2.0,1.0,1.0,,Aggregate Position Limit,Your CRO has set the aggregate position limit to 8000 shares for this week.,154,2026-02-01 13:54:59.593122,SPNG,24.39,24.36,24.39,1500.0,1876000.0,1829300.0,3000.0
1.0,1.0,1.0,,Welcome to the RITC 2026 Alogithmic Market Making Case - practice server,,154,2026-02-01 13:54:59.593122,SMMR,25.68,25.58,25.68,,2108000.0,1847600.0,
,,,,,,154,2026-02-01 13:54:59.593122,ATMN,26.67,26.55,26.66,1500.0,1557700.0,1826700.0,1500.0
,,,,,,154,2026-02-01 13:54:59.593122,WNTR,26.11,26.12,26.2,3000.0,1981400.0,2108200.0,1500.0
2.0,1.0,1.0,,Aggregate Position Limit,Your CRO has set the aggregate position limit to 8000 shares for this week.,155,2026-02-01 13:55:00.623213,SPNG,24.4,24.4,24.48,1893900.0,1500.0,3000.0,1831300.0
1.0,1.0,1.0,,Welcome to the RITC 2026 Alogithmic Market Making Case - practice server,,155,2026-02-01 13:55:00.623213,SMMR,25.68,25.6,25.67,1976300.0,1500.0,1500.0,1865000.0
,,,,,,155,2026-02-01 13:55:00.623213,ATMN,26.47,26.44,26.45,1374300.0,,3000.0,1757400.0
,,,,,,155,2026-02-01 13:55:00.623213,WNTR,26.1,26.08,26.1,2093600.0,1500.0,1500.0,2135200.0
2.0,1.0,1.0,,Aggregate Position Limit,Your CRO has set the aggregate position limit to 8000 shares for this week.,156,2026-02-01 13:55:01.650035,SPNG,24.64,24.24,24.43,2003700.0,2060500.0,,
1.0,1.0,1.0,,Welcome to the RITC 2026 Alogithmic Market Making Case - practice server,,156,2026-02-01 13:55:01.650035,SMMR,25.69,25.62,25.68,1959100.0,1882400.0,1500.0,1500.0
,,,,,,156,2026-02-01 13:55:01.650035,ATMN,26.79,26.44,26.51,1374300.0,1912000.0,,
,,,,,,156,2026-02-01 13:55:01.650035,WNTR,26.07,26.07,26.22,2205300.0,2213300.0,,
2.0,1.0,1.0,,Aggregate Position Limit,Your CRO has set the aggregate position limit to 8000 shares for this week.,157,2026-02-01 13:55:02.677949,SPNG,24.24,24.25,24.67,1500.0,1908700.0,2064900.0,0
1.0,1.0,1.0,,Welcome to the RITC 2026 Alogithmic Market Making Case - practice server,,157,2026-02-01 13:55:02.677949,SMMR,25.77,25.6,25.77,,2060300.0,1993200.0,0
,,,,,,157,2026-02-01 13:55:02.677949,ATMN,26.44,26.44,26.51,,1461900.0,1912000.0,0
,,,,,,157,2026-02-01 13:55:02.677949,WNTR,26.08,26.07,26.08,,2202800.0,2234000.0,0
2.0,1.0,1.0,,Aggregate Position Limit,Your CRO has set the aggregate position limit to 8000 shares for this week.,158,2026-02-01 13:55:03.697891,SPNG,24.24,24.26,24.65,3000.0,1829100.0,3000.0,1858800.0
1.0,1.0,1.0,,Welcome to the RITC 2026 Alogithmic Market Making Case - practice server,,158,2026-02-01 13:55:03.697891,SMMR,25.77,25.61,25.76,1500.0,1968700.0,1500.0,1892500.0
,,,,,,158,2026-02-01 13:55:03.697891,ATMN,26.43,26.43,26.74,,1348500.0,1500.0,1847400.0
,,,,,,158,2026-02-01 13:55:03.697891,WNTR,26.22,26.07,26.12,,2202800.0,,2216700.0
2.0,1.0,1.0,,Aggregate Position Limit,Your CRO has set the aggregate position limit to 8000 shares for this week.,159,2026-02-01 13:55:04.728598,SPNG,24.72,24.49,24.72,4500.0,1730600.0,2061100.0,
1.0,1.0,1.0,,Welcome to the RITC 2026 Alogithmic Market Making Case - practice server,,159,2026-02-01 13:55:04.728598,SMMR,25.58,25.51,25.55,,2070700.0,1792300.0,3000.0
,,,,,,159,2026-02-01 13:55:04.728598,ATMN,26.82,26.44,26.82,1500.0,1455100.0,1922800.0,
,,,,,,159,2026-02-01 13:55:04.728598,WNTR,26.22,26.08,26.22,1500.0,2087500.0,2196700.0,
2.0,1.0,1.0,,Aggregate Position Limit,Your CRO has set the aggregate position limit to 8000 shares for this week.,160,2026-02-01 13:55:05.764785,SPNG,24.74,24.48,24.74,1836400.0,3000.0,2061400.0,
1.0,1.0,1.0,,Welcome to the RITC 2026 Alogithmic Market Making Case - practice server,,160,2026-02-01 13:55:05.764785,SMMR,25.55,25.55,25.59,1929900.0,1500.0,1794700.0,3000.0
,,,,,,160,2026-02-01 13:55:05.764785,ATMN,26.44,26.44,26.51,1455100.0,,1841400.0,1500.0
,,,,,,160,2026-02-01 13:55:05.764785,WNTR,26.22,26.21,26.22,2086900.0,1500.0,2196700.0,
2.0,1.0,1.0,,Aggregate Position Limit,Your CRO has set the aggregate position limit to 8000 shares for this week.,161,2026-02-01 13:55:06.788522,SPNG,24.74,24.19,24.74,2022900.0,2061700.0,,0
1.0,1.0,1.0,,Welcome to the RITC 2026 Alogithmic Market Making Case - practice server,,161,2026-02-01 13:55:06.788522,SMMR,25.59,25.74,25.77,2027800.0,1982100.0,,0
,,,,,,161,2026-02-01 13:55:06.788522,ATMN,26.82,26.43,26.58,1263200.0,1920500.0,1500.0,0
,,,,,,161,2026-02-01 13:55:06.788522,WNTR,26.2,26.2,26.22,2223000.0,2192600.0,,0
2.0,1.0,1.0,,Aggregate Position Limit,Your CRO has set the aggregate position limit to 8000 shares for this week.,162,2026-02-01 13:55:07.812035,SPNG,24.6,24.6,24.73,1922200.0,1500.0,1500.0,1956300.0
1.0,1.0,1.0,,Welcome to the RITC 2026 Alogithmic Market Making Case - practice server,,162,2026-02-01 13:55:07.812035,SMMR,25.67,25.55,25.67,2006500.0,,1500.0,1911800.0
,,,,,,162,2026-02-01 13:55:07.812035,ATMN,26.58,26.42,26.58,1360700.0,,,1920500.0
,,,,,,162,2026-02-01 13:55:07.812035,WNTR,26.22,26.11,26.19,2225200.0,,,2204900.0
2.0,1.0,1.0,,Aggregate Position Limit,Your CRO has set the aggregate position limit to 8000 shares for this week.,163,2026-02-01 13:55:08.842253,SPNG,24.6,24.61,24.68,3000.0,1811700.0,3000.0,1863200.0
1.0,1.0,1.0,,Welcome to the RITC 2026 Alogithmic Market Making Case - practice server,,163,2026-02-01 13:55:08.842253,SMMR,25.82,25.56,25.66,1500.0,1899800.0,1500.0,1873200.0
,,,,,,163,2026-02-01 13:55:08.842253,ATMN,26.58,26.43,26.58,1500.0,1615200.0,,1930100.0
,,,,,,163,2026-02-01 13:55:08.842253,WNTR,26.23,26.12,26.23,1500.0,2130200.0,,2163100.0
2.0,1.0,1.0,,Aggregate Position Limit,Your CRO has set the aggregate position limit to 8000 shares for this week.,164,2026-02-01 13:55:09.863366,SPNG,24.63,24.21,24.55,3000.0,1818300.0,1889200.0,3000.0
1.0,1.0,1.0,,Welcome to the RITC 2026 Alogithmic Market Making Case - practice server,,164,2026-02-01 13:55:09.863366,SMMR,25.82,25.57,25.65,3000.0,1758900.0,1791000.0,3000.0
,,,,,,164,2026-02-01 13:55:09.863366,ATMN,26.39,26.39,26.57,,1520200.0,1839300.0,1500.0
,,,,,,164,2026-02-01 13:55:09.863366,WNTR,26.24,26.19,26.24,3000.0,2045800.0,2177700.0,
2.0,1.0,1.0,,Aggregate Position Limit,Your CRO has set the aggregate position limit to 8000 shares for this week.,165,2026-02-01 13:55:10.895742,SPNG,24.19,24.19,24.54,2022900.0,4500.0,1803700.0,
1.0,1.0,1.0,,Welcome to the RITC 2026 Alogithmic Market Making Case - practice server,,165,2026-02-01 13:55:10.895742,SMMR,25.82,25.61,25.65,1686100.0,3000.0,1791000.0,4500.0
,,,,,,165,2026-02-01 13:55:10.895742,ATMN,26.29,26.29,26.67,1509700.0,,1945000.0,
,,,,,,165,2026-02-01 13:55:10.895742,WNTR,26.25,26.2,26.25,1973200.0,,2052700.0,4500.0
2.0,1.0,1.0,,Aggregate Position Limit,Your CRO has set the aggregate position limit to 8000 shares for this week.,166,2026-02-01 13:55:11.933655,SPNG,24.16,24.46,24.67,1500.0,1922000.0,4500.0,1765000.0
1.0,1.0,1.0,,Welcome to the RITC 2026 Alogithmic Market Making Case - practice server,,166,2026-02-01 13:55:11.933655,SMMR,25.66,25.72,25.82,4500.0,1655800.0,,1959900.0
,,,,,,166,2026-02-01 13:55:11.933655,ATMN,26.29,26.3,26.62,1500.0,1588700.0,1500.0,1851600.0
,,,,,,166,2026-02-01 13:55:11.933655,WNTR,26.27,26.21,26.27,6000.0,1820500.0,,1948500.0
2.0,1.0,1.0,,Aggregate Position Limit,Your CRO has set the aggregate position limit to 8000 shares for this week.,167,2026-02-01 13:55:12.962463,SPNG,24.46,24.46,24.47,2068600.0,2085800.0,,
1.0,1.0,1.0,,Welcome to the RITC 2026 Alogithmic Market Making Case - practice server,,167,2026-02-01 13:55:12.962463,SMMR,25.66,25.72,25.74,1971100.0,1974400.0,,
,,,,,,167,2026-02-01 13:55:12.962463,ATMN,26.29,26.3,26.44,1679800.0,1972300.0,,
,,,,,,167,2026-02-01 13:55:12.962463,WNTR,26.27,26.21,26.27,2138900.0,1948500.0,1500.0,1500.0
2.0,1.0,1.0,,Aggregate Position Limit,Your CRO has set the aggregate position limit to 8000 shares for this week.,168,2026-02-01 13:55:13.983416,SPNG,24.69,24.47,24.68,1500.0,1968500.0,1500.0,1960200.0
1.0,1.0,1.0,,Welcome to the RITC 2026 Alogithmic Market Making Case - practice server,,168,2026-02-01 13:55:13.983416,SMMR,25.72,25.72,25.74,,1979100.0,,2004100.0
,,,,,,168,2026-02-01 13:55:13.983416,ATMN,26.44,26.38,26.44,1500.0,1771200.0,,1922100.0
,,,,,,168,2026-02-01 13:55:13.983416,WNTR,26.28,26.23,26.28,1500.0,2125400.0,,1850100.0
2.0,1.0,1.0,,Aggregate Position Limit,Your CRO has set the aggregate position limit to 8000 shares for this week.,169,2026-02-01 13:55:15.011784,SPNG,24.69,24.48,24.51,3000.0,1864000.0,1972200.0,1500.0
1.0,1.0,1.0,,Welcome to the RITC 2026 Alogithmic Market Making Case - practice server,,169,2026-02-01 13:55:15.011784,SMMR,25.72,25.66,25.7,,1977500.0,1993800.0,
,,,,,,169,2026-02-01 13:55:15.011784,ATMN,26.3,26.3,26.42,,1680100.0,1821500.0,1500.0
,,,,,,169,2026-02-01 13:55:15.011784,WNTR,26.28,26.24,26.28,3000.0,2041000.0,1729400.0,
2.0,1.0,1.0,,Aggregate Position Limit,Your CRO has set the aggregate position limit to 8000 shares for this week.,170,2026-02-01 13:55:16.048412,SPNG,24.39,24.17,24.39,1500.0,1949400.0,1836600.0,3000.0
1.0,1.0,1.0,,Welcome to the RITC 2026 Alogithmic Market Making Case - practice server,,170,2026-02-01 13:55:16.048412,SMMR,25.74,25.66,25.74,,1977500.0,2016000.0,
,,,,,,170,2026-02-01 13:55:16.048412,ATMN,26.45,26.44,26.45,1500.0,1806400.0,1907100.0,
,,,,,,170,2026-02-01 13:55:16.048412,WNTR,26.28,26.25,26.27,4500.0,1887600.0,1710700.0,1500.0
2.0,1.0,1.0,,Aggregate Position Limit,Your CRO has set the aggregate position limit to 8000 shares for this week.,171,2026-02-01 13:55:17.078756,SPNG,24.15,24.15,24.69,2054700.0,2047600.0,0,0
1.0,1.0,1.0,,Welcome to the RITC 2026 Alogithmic Market Making Case - practice server,,171,2026-02-01 13:55:17.078756,SMMR,25.66,25.71,25.74,1960700.0,1977400.0,0,0
,,,,,,171,2026-02-01 13:55:17.078756,ATMN,26.44,26.29,26.44,1792800.0,1917500.0,0,0
,,,,,,171,2026-02-01 13:55:17.078756,WNTR,26.19,26.19,26.31,2247700.0,1520800.0,0,0
2.0,1.0,1.0,,Aggregate Position Limit,Your CRO has set the aggregate position limit to 8000 shares for this week.,172,2026-02-01 13:55:18.113698,SPNG,24.69,24.13,24.69,1500.0,1953600.0,2047600.0,
1.0,1.0,1.0,,Welcome to the RITC 2026 Alogithmic Market Making Case - practice server,,172,2026-02-01 13:55:18.113698,SMMR,25.67,25.67,25.74,,1981900.0,1977400.0,
,,,,,,172,2026-02-01 13:55:18.113698,ATMN,26.55,26.3,26.54,1500.0,1882700.0,1826900.0,1500.0
,,,,,,172,2026-02-01 13:55:18.113698,WNTR,26.2,26.3,26.36,,2256000.0,1303100.0,
2.0,1.0,1.0,,Aggregate Position Limit,Your CRO has set the aggregate position limit to 8000 shares for this week.,173,2026-02-01 13:55:19.138057,SPNG,24.07,24.37,24.57,2104100.0,1500.0,1964300.0,
1.0,1.0,1.0,,Welcome to the RITC 2026 Alogithmic Market Making Case - practice server,,173,2026-02-01 13:55:19.138057,SMMR,25.66,25.68,25.7,1849500.0,1500.0,1882800.0,1500.0
,,,,,,173,2026-02-01 13:55:19.138057,ATMN,26.29,26.29,26.62,2068900.0,,1957300.0,
,,,,,,173,2026-02-01 13:55:19.138057,WNTR,26.29,26.18,26.28,2126700.0,1500.0,1401000.0,1500.0
2.0,1.0,1.0,,Aggregate Position Limit,Your CRO has set the aggregate position limit to 8000 shares for this week.,174,2026-02-01 13:55:20.160284,SPNG,24.07,24.4,24.44,1986000.0,1500.0,1856100.0,3000.0
1.0,1.0,1.0,,Welcome to the RITC 2026 Alogithmic Market Making Case - practice server,,174,2026-02-01 13:55:20.160284,SMMR,25.66,25.61,25.64,1945600.0,,1904200.0,1500.0
,,,,,,174,2026-02-01 13:55:20.160284,ATMN,26.29,26.48,26.61,1909900.0,1500.0,1821100.0,1500.0
,,,,,,174,2026-02-01 13:55:20.160284,WNTR,26.36,26.36,26.39,2026000.0,3000.0,1308100.0,
2.0,1.0,1.0,,Aggregate Position Limit,Your CRO has set the aggregate position limit to 8000 shares for this week.,175,2026-02-01 13:55:21.202511,SPNG,24.46,24.52,24.56,1899900.0,3000.0,3000.0,1849100.0
1.0,1.0,1.0,,Welcome to the RITC 2026 Alogithmic Market Making Case - practice server,,175,2026-02-01 13:55:21.202511,SMMR,25.61,25.6,25.61,1976500.0,,1500.0,1895100.0
,,,,,,175,2026-02-01 13:55:21.202511,ATMN,26.29,26.49,26.6,1928300.0,1500.0,3000.0,1717000.0
,,,,,,175,2026-02-01 13:55:21.202511,WNTR,26.28,26.28,26.38,1899900.0,4500.0,1500.0,1308100.0
2.0,1.0,1.0,,Aggregate Position Limit,Your CRO has set the aggregate position limit to 8000 shares for this week.,176,2026-02-01 13:55:22.238240,SPNG,24.55,24.4,24.55,2107800.0,2053700.0,0,0
1.0,1.0,1.0,,Welcome to the RITC 2026 Alogithmic Market Making Case - practice server,,176,2026-02-01 13:55:22.238240,SMMR,25.6,25.6,25.61,1948600.0,2006800.0,0,0
,,,,,,176,2026-02-01 13:55:22.238240,ATMN,26.29,26.33,26.62,1998500.0,1891500.0,0,0
,,,,,,176,2026-02-01 13:55:22.238240,WNTR,26.28,26.28,26.39,2241400.0,1638500.0,0,0
2.0,1.0,1.0,,Aggregate Position Limit,Your CRO has set the aggregate position limit to 8000 shares for this week.,177,2026-02-01 13:55:23.282201,SPNG,24.59,24.09,24.59,2088000.0,2067200.0,0,0
1.0,1.0,1.0,,Welcome to the RITC 2026 Alogithmic Market Making Case - practice server,,177,2026-02-01 13:55:23.282201,SMMR,25.56,25.56,25.61,1913400.0,2006800.0,0,0
,,,,,,177,2026-02-01 13:55:23.282201,ATMN,26.32,26.32,26.45,2026900.0,1923300.0,0,0
,,,,,,177,2026-02-01 13:55:23.282201,WNTR,26.39,26.28,26.39,2241400.0,1745300.0,0,0
2.0,1.0,1.0,,Aggregate Position Limit,Your CRO has set the aggregate position limit to 8000 shares for this week.,178,2026-02-01 13:55:24.311292,SPNG,24.59,24.38,24.39,2084800.0,2054500.0,0,0
1.0,1.0,1.0,,Welcome to the RITC 2026 Alogithmic Market Making Case - practice server,,178,2026-02-01 13:55:24.311292,SMMR,25.56,25.58,25.61,1946800.0,2006800.0,0,0
,,,,,,178,2026-02-01 13:55:24.311292,ATMN,26.28,26.28,26.45,2047100.0,1923300.0,0,0
,,,,,,178,2026-02-01 13:55:24.311292,WNTR,26.23,26.17,26.18,2210300.0,2055400.0,0,0
2.0,1.0,1.0,,Aggregate Position Limit,Your CRO has set the aggregate position limit to 8000 shares for this week.,179,2026-02-01 13:55:25.330979,SPNG,24.38,24.09,24.27,2088000.0,2068900.0,0,0
1.0,1.0,1.0,,Welcome to the RITC 2026 Alogithmic Market Making Case - practice server,,179,2026-02-01 13:55:25.330979,SMMR,25.56,25.56,25.61,1931700.0,2006800.0,0,0
,,,,,,179,2026-02-01 13:55:25.330979,ATMN,26.35,26.28,26.35,2047100.0,1923100.0,0,0
,,,,,,179,2026-02-01 13:55:25.330979,WNTR,26.17,26.17,26.18,2239200.0,2179100.0,0,0
2.0,1.0,1.0,,Aggregate Position Limit,Your CRO has set the aggregate position limit to 8000 shares for this week.,180,2026-02-01 13:55:26.368487,SPNG,25.39,24.85,25.27,847900.0,804900.0,0,0
1.0,1.0,1.0,,Welcome to the RITC 2026 Alogithmic Market Making Case - practice server,,180,2026-02-01 13:55:26.368487,SMMR,25.37,25.35,25.37,935800.0,781100.0,0,0
,,,,,,180,2026-02-01 13:55:26.368487,ATMN,26.35,24.77,25.43,961600.0,898500.0,0,0
,,,,,,180,2026-02-01 13:55:26.368487,WNTR,26.17,24.44,24.68,943900.0,1051400.0,0,0
2.0,1.0,1.0,,Aggregate Position Limit,Your CRO has set the aggregate position limit to 8000 shares for this week.,181,2026-02-01 13:55:27.395960,SPNG,25.27,25.5,25.67,1111500.0,1500.0,708300.0,0
1.0,1.0,1.0,,Welcome to the RITC 2026 Alogithmic Market Making Case - practice server,,181,2026-02-01 13:55:27.395960,SMMR,25.35,25.35,25.37,1052700.0,,781100.0,0
,,,,,,181,2026-02-01 13:55:27.395960,ATMN,26.35,24.78,24.93,961600.0,1500.0,1229700.0,0
,,,,,,181,2026-02-01 13:55:27.395960,WNTR,24.44,24.06,24.23,982400.0,,1464200.0,0
2.0,1.0,1.0,,Aggregate Position Limit,Your CRO has set the aggregate position limit to 8000 shares for this week.,182,2026-02-01 13:55:28.418029,SPNG,25.27,25.51,25.66,3000.0,1111500.0,1500.0,984800.0
1.0,1.0,1.0,,Welcome to the RITC 2026 Alogithmic Market Making Case - practice server,,182,2026-02-01 13:55:28.418029,SMMR,25.35,25.35,25.37,,1249800.0,,890500.0
,,,,,,182,2026-02-01 13:55:28.418029,ATMN,24.77,24.78,24.9,1500.0,982400.0,3000.0,1445900.0
,,,,,,182,2026-02-01 13:55:28.418029,WNTR,24.44,24.07,24.08,1500.0,1114600.0,1500.0,1654400.0
2.0,1.0,1.0,,Aggregate Position Limit,Your CRO has set the aggregate position limit to 8000 shares for this week.,183,2026-02-01 13:55:29.444670,SPNG,25.19,25.2,25.64,1500.0,1017800.0,4500.0,1155600.0
1.0,1.0,1.0,,Welcome to the RITC 2026 Alogithmic Market Making Case - practice server,,183,2026-02-01 13:55:29.444670,SMMR,25.35,25.35,25.37,,1523700.0,,890500.0
,,,,,,183,2026-02-01 13:55:29.444670,ATMN,24.22,24.22,24.49,,960900.0,4500.0,1656900.0
,,,,,,183,2026-02-01 13:55:29.444670,WNTR,24.16,24.07,24.13,1500.0,1114600.0,1500.0,1929600.0
2.0,1.0,1.0,,Aggregate Position Limit,Your CRO has set the aggregate position limit to 8000 shares for this week.,184,2026-02-01 13:55:30.467980,SPNG,25.67,25.33,25.67,1103700.0,3000.0,1155600.0,
1.0,1.0,1.0,,Welcome to the RITC 2026 Alogithmic Market Making Case - practice server,,184,2026-02-01 13:55:30.467980,SMMR,25.37,25.35,25.37,1708600.0,,786400.0,
,,,,,,184,2026-02-01 13:55:30.467980,ATMN,24.22,24.22,24.48,1006100.0,,1601800.0,6000.0
,,,,,,184,2026-02-01 13:55:30.467980,WNTR,24.06,24.07,24.12,1250700.0,1500.0,1929600.0,3000.0
2.0,1.0,1.0,,Aggregate Position Limit,Your CRO has set the aggregate position limit to 8000 shares for this week.,185,2026-02-01 13:55:31.493593,SPNG,25.53,25.19,25.53,1017800.0,1251600.0,,
1.0,1.0,1.0,,Welcome to the RITC 2026 Alogithmic Market Making Case - practice server,,185,2026-02-01 13:55:31.493593,SMMR,25.37,25.5,25.64,1727100.0,884000.0,1500.0,1500.0
,,,,,,185,2026-02-01 13:55:31.493593,ATMN,24.18,24.44,24.47,1193500.0,1995200.0,,
,,,,,,185,2026-02-01 13:55:31.493593,WNTR,24.04,24.04,24.07,1150700.0,2288500.0,,
2.0,1.0,1.0,,Aggregate Position Limit,Your CRO has set the aggregate position limit to 8000 shares for this week.,186,2026-02-01 13:55:32.525,SPNG,25.49,25.49,25.52,1131000.0,1500.0,1500.0,1359200.0
1.0,1.0,1.0,,Welcome to the RITC 2026 Alogithmic Market Making Case - practice server,,186,2026-02-01 13:55:32.525,SMMR,25.45,25.45,25.63,1609400.0,1500.0,1500.0,884000.0
,,,,,,186,2026-02-01 13:55:32.525,ATMN,24.44,24.12,24.14,1192000.0,,,2026700.0
,,,,,,186,2026-02-01 13:55:32.525,WNTR,24.01,23.93,24.01,1018500.0,,,2301900.0
2.0,1.0,1.0,,Aggregate Position Limit,Your CRO has set the aggregate position limit to 8000 shares for this week.,188,2026-02-01 13:55:33.561270,SPNG,25.06,25.07,25.52,1500.0,1268700.0,1500.0,1359200.0
1.0,1.0,1.0,,Welcome to the RITC 2026 Alogithmic Market Making Case - practice server,,188,2026-02-01 13:55:33.561270,SMMR,25.28,25.46,25.62,1500.0,1396000.0,3000.0,1094300.0
,,,,,,188,2026-02-01 13:55:33.561270,ATMN,24.22,24.13,24.21,1500.0,1508100.0,1500.0,1916500.0
,,,,,,188,2026-02-01 13:55:33.561270,WNTR,24.01,23.94,23.95,1500.0,1246000.0,1500.0,2254500.0
2.0,1.0,1.0,,Aggregate Position Limit,Your CRO has set the aggregate position limit to 8000 shares for this week.,189,2026-02-01 13:55:34.595015,SPNG,25.67,25.07,25.67,1500.0,1268700.0,1238800.0,
1.0,1.0,1.0,,Welcome to the RITC 2026 Alogithmic Market Making Case - practice server,,189,2026-02-01 13:55:34.595015,SMMR,25.4,25.48,25.61,,1512700.0,1094300.0,4500.0
,,,,,,189,2026-02-01 13:55:34.595015,ATMN,24.47,24.11,24.47,,1615200.0,1995200.0,
,,,,,,189,2026-02-01 13:55:34.595015,WNTR,23.94,23.94,24.0,,1348500.0,2241800.0,1500.0
2.0,1.0,1.0,,Aggregate Position Limit,Your CRO has set the aggregate position limit to 8000 shares for this week.,190,2026-02-01 13:55:35.627606,SPNG,25.7,25.08,25.7,3000.0,1481700.0,1131900.0,
1.0,1.0,1.0,,Welcome to the RITC 2026 Alogithmic Market Making Case - practice server,,190,2026-02-01 13:55:35.627606,SMMR,25.47,25.27,25.4,,1397300.0,1353600.0,6000.0
,,,,,,190,2026-02-01 13:55:35.627606,ATMN,24.47,24.31,24.47,,1637300.0,1918100.0,1500.0
,,,,,,190,2026-02-01 13:55:35.627606,WNTR,24.07,23.94,24.07,,1348500.0,2268100.0,
2.0,1.0,1.0,,Aggregate Position Limit,Your CRO has set the aggregate position limit to 8000 shares for this week.,191,2026-02-01 13:55:36.648097,SPNG,25.28,25.28,25.7,1573200.0,3000.0,1131900.0,
1.0,1.0,1.0,,Welcome to the RITC 2026 Alogithmic Market Making Case - practice server,,191,2026-02-01 13:55:36.648097,SMMR,25.47,25.26,25.47,1302600.0,,1344700.0,6000.0
,,,,,,191,2026-02-01 13:55:36.648097,ATMN,23.97,23.97,24.45,1420900.0,,1696900.0,6000.0
,,,,,,191,2026-02-01 13:55:36.648097,WNTR,23.98,23.98,24.06,1396500.0,1500.0,2180300.0,1500.0
2.0,1.0,1.0,,Aggregate Position Limit,Your CRO has set the aggregate position limit to 8000 shares for this week.,192,2026-02-01 13:55:37.688118,SPNG,25.28,25.29,25.69,4500.0,1678400.0,1500.0,1321700.0
1.0,1.0,1.0,,Welcome to the RITC 2026 Alogithmic Market Making Case - practice server,,192,2026-02-01 13:55:37.688118,SMMR,25.3,25.24,25.29,,1295200.0,7500.0,1459100.0
,,,,,,192,2026-02-01 13:55:37.688118,ATMN,24.11,24.13,24.49,750.0,1448600.0,3000.0,1835300.0
,,,,,,192,2026-02-01 13:55:37.688118,WNTR,24.08,23.89,24.08,,1370600.0,,2144900.0
2.0,1.0,1.0,,Aggregate Position Limit,Your CRO has set the aggregate position limit to 8000 shares for this week.,193,2026-02-01 13:55:38.707909,SPNG,25.28,25.28,25.72,1702500.0,3000.0,1227900.0,
1.0,1.0,1.0,,Welcome to the RITC 2026 Alogithmic Market Making Case - practice server,,193,2026-02-01 13:55:38.707909,SMMR,25.29,25.26,25.29,1295200.0,2250.0,1437500.0,7500.0
,,,,,,193,2026-02-01 13:55:38.707909,ATMN,24.49,24.14,24.49,1448600.0,2250.0,1668300.0,6000.0
,,,,,,193,2026-02-01 13:55:38.707909,WNTR,23.95,24.0,24.08,1572400.0,,2144900.0,
2.0,1.0,1.0,,Aggregate Position Limit,Your CRO has set the aggregate position limit to 8000 shares for this week.,194,2026-02-01 13:55:39.745596,SPNG,25.28,25.28,25.56,1803600.0,3000.0,1524100.0,
1.0,1.0,1.0,,Welcome to the RITC 2026 Alogithmic Market Making Case - practice server,,194,2026-02-01 13:55:39.745596,SMMR,25.29,25.35,25.47,1601300.0,2250.0,1344700.0,7500.0
,,,,,,194,2026-02-01 13:55:39.745596,ATMN,24.49,23.86,24.49,1443700.0,,1668300.0,6000.0
,,,,,,194,2026-02-01 13:55:39.745596,WNTR,23.95,24.06,24.07,1911400.0,1500.0,2144900.0,1500.0
2.0,1.0,1.0,,Aggregate Position Limit,Your CRO has set the aggregate position limit to 8000 shares for this week.,195,2026-02-01 13:55:40.777689,SPNG,25.78,25.29,25.33,4500.0,1803600.0,1407800.0,1500.0
1.0,1.0,1.0,,Welcome to the RITC 2026 Alogithmic Market Making Case - practice server,,195,2026-02-01 13:55:40.777689,SMMR,25.47,25.35,25.47,3000.0,1701700.0,1344700.0,7500.0
,,,,,,195,2026-02-01 13:55:40.777689,ATMN,24.25,24.25,24.3,750.0,1564300.0,1695200.0,6000.0
,,,,,,195,2026-02-01 13:55:40.777689,WNTR,24.0,24.0,24.07,,1805900.0,2194400.0,1500.0
2.0,1.0,1.0,,Aggregate Position Limit,Your CRO has set the aggregate position limit to 8000 shares for this week.,196,2026-02-01 13:55:41.813790,SPNG,25.55,25.56,25.78,6000.0,1663100.0,1325600.0,
