news_id,period,tick,ticker,headline,body,tick,timestamp,ticker,last_price,bid_price,ask_price,BUY_ANON,SELL_ANON
2.0,1.0,1.0,,Aggregate Position Limit,Your CRO has set the aggregate position limit to 13000 shares for this week.,2,2026-02-01 23:13:13.996206,SPNG,25.07,24.97,25.07,2264900.0,2317900.0
1.0,1.0,1.0,,Welcome to the RITC 2026 Alogithmic Market Making Case - practice server,,2,2026-02-01 23:13:13.996206,SMMR,25.05,24.98,25.05,2121000.0,2181700.0
,,,,,,2,2026-02-01 23:13:13.996206,ATMN,25.05,25.04,25.05,2120600.0,2109700.0
,,,,,,2,2026-02-01 23:13:13.996206,WNTR,25.0,24.96,24.99,1922300.0,2252000.0
2.0,1.0,1.0,,Aggregate Position Limit,Your CRO has set the aggregate position limit to 13000 shares for this week.,3,2026-02-01 23:13:15.016365,SPNG,25.09,24.97,25.09,2270900.0,2330500.0
1.0,1.0,1.0,,Welcome to the RITC 2026 Alogithmic Market Making Case - practice server,,3,2026-02-01 23:13:15.016365,SMMR,24.98,24.98,25.05,2121000.0,2160400.0
,,,,,,3,2026-02-01 23:13:15.016365,ATMN,25.04,24.93,24.98,2143700.0,2122300.0
,,,,,,3,2026-02-01 23:13:15.016365,WNTR,25.14,24.88,25.14,1801100.0,2213300.0
2.0,1.0,1.0,,Aggregate Position Limit,Your CRO has set the aggregate position limit to 13000 shares for this week.,4,2026-02-01 23:13:16.045992,SPNG,25.21,24.97,25.2,2293700.0,2310900.0
1.0,1.0,1.0,,Welcome to the RITC 2026 Alogithmic Market Making Case - practice server,,4,2026-02-01 23:13:16.045992,SMMR,24.87,24.88,24.93,2101300.0,2185400.0
,,,,,,4,2026-02-01 23:13:16.045992,ATMN,24.85,24.85,25.25,2156500.0,2101800.0
,,,,,,4,2026-02-01 23:13:16.045992,WNTR,25.04,24.88,24.96,1911000.0,2222800.0
2.0,1.0,1.0,,Aggregate Position Limit,Your CRO has set the aggregate position limit to 13000 shares for this week.,5,2026-02-01 23:13:17.085848,SPNG,24.92,24.92,25.2,2282400.0,2298100.0
1.0,1.0,1.0,,Welcome to the RITC 2026 Alogithmic Market Making Case - practice server,,5,2026-02-01 23:13:17.085848,SMMR,25.09,24.99,25.09,2233700.0,2186400.0
,,,,,,5,2026-02-01 23:13:17.085848,ATMN,24.85,25.15,25.25,2144500.0,2082300.0
,,,,,,5,2026-02-01 23:13:17.085848,WNTR,24.96,25.05,25.14,2140100.0,2210400.0
2.0,1.0,1.0,,Aggregate Position Limit,Your CRO has set the aggregate position limit to 13000 shares for this week.,6,2026-02-01 23:13:18.125689,SPNG,24.42,24.66,24.88,2300200.0,2289500.0
1.0,1.0,1.0,,Welcome to the RITC 2026 Alogithmic Market Making Case - practice server,,6,2026-02-01 23:13:18.125689,SMMR,25.09,25.09,25.11,2350600.0,2195900.0
,,,,,,6,2026-02-01 23:13:18.125689,ATMN,25.15,25.15,25.18,2144500.0,2071000.0
,,,,,,6,2026-02-01 23:13:18.125689,WNTR,25.16,25.05,25.11,2140100.0,2237100.0
2.0,1.0,1.0,,Aggregate Position Limit,Your CRO has set the aggregate position limit to 13000 shares for this week.,7,2026-02-01 23:13:19.150703,SPNG,24.42,24.66,24.88,2316500.0,2289500.0
1.0,1.0,1.0,,Welcome to the RITC 2026 Alogithmic Market Making Case - practice server,,7,2026-02-01 23:13:19.150703,SMMR,25.09,25.09,25.11,2354100.0,2226500.0
,,,,,,7,2026-02-01 23:13:19.150703,ATMN,25.15,25.06,25.12,2154100.0,2043900.0
,,,,,,7,2026-02-01 23:13:19.150703,WNTR,25.05,24.91,25.02,2237800.0,2236300.0
2.0,1.0,1.0,,Aggregate Position Limit,Your CRO has set the aggregate position limit to 13000 shares for this week.,8,2026-02-01 23:13:20.190679,SPNG,24.66,25.0,25.2,2334500.0,2298100.0
1.0,1.0,1.0,,Welcome to the RITC 2026 Alogithmic Market Making Case - practice server,,8,2026-02-01 23:13:20.190679,SMMR,25.0,24.99,25.0,2363100.0,2276400.0
,,,,,,8,2026-02-01 23:13:20.190679,ATMN,25.18,25.06,25.18,2154100.0,2071300.0
,,,,,,8,2026-02-01 23:13:20.190679,WNTR,25.05,24.93,25.02,2249800.0,2247400.0
2.0,1.0,1.0,,Aggregate Position Limit,Your CRO has set the aggregate position limit to 13000 shares for this week.,9,2026-02-01 23:13:21.220255,SPNG,24.66,25.0,25.06,2334500.0,2325300.0
1.0,1.0,1.0,,Welcome to the RITC 2026 Alogithmic Market Making Case - practice server,,9,2026-02-01 23:13:21.220255,SMMR,24.99,24.99,25.0,2317200.0,2276400.0
,,,,,,9,2026-02-01 23:13:21.220255,ATMN,25.18,25.06,25.18,2167600.0,2071300.0
,,,,,,9,2026-02-01 23:13:21.220255,WNTR,24.93,24.93,25.02,2249800.0,2216400.0
2.0,1.0,1.0,,Aggregate Position Limit,Your CRO has set the aggregate position limit to 13000 shares for this week.,10,2026-02-01 23:13:22.235297,SPNG,25.06,24.66,25.06,2354000.0,2325300.0
1.0,1.0,1.0,,Welcome to the RITC 2026 Alogithmic Market Making Case - practice server,,10,2026-02-01 23:13:22.235297,SMMR,25.0,24.99,25.0,2277300.0,2276400.0
,,,,,,10,2026-02-01 23:13:22.235297,ATMN,25.22,25.06,25.22,2149800.0,2050000.0
,,,,,,10,2026-02-01 23:13:22.235297,WNTR,25.02,24.88,25.02,2107500.0,2216400.0
2.0,1.0,1.0,,Aggregate Position Limit,Your CRO has set the aggregate position limit to 13000 shares for this week.,11,2026-02-01 23:13:23.265568,SPNG,25.06,25.11,25.12,2379000.0,2326300.0
1.0,1.0,1.0,,Welcome to the RITC 2026 Alogithmic Market Making Case - practice server,,11,2026-02-01 23:13:23.265568,SMMR,25.0,24.99,25.0,2281200.0,2276400.0
,,,,,,11,2026-02-01 23:13:23.265568,ATMN,25.22,25.08,25.16,2139200.0,2077000.0
,,,,,,11,2026-02-01 23:13:23.265568,WNTR,25.02,24.88,24.89,2107500.0,2171400.0
2.0,1.0,1.0,,Aggregate Position Limit,Your CRO has set the aggregate position limit to 13000 shares for this week.,12,2026-02-01 23:13:24.285615,SPNG,24.56,24.56,25.12,2301200.0,2326300.0
1.0,1.0,1.0,,Welcome to the RITC 2026 Alogithmic Market Making Case - practice server,,12,2026-02-01 23:13:24.285615,SMMR,25.11,24.97,25.1,2275600.0,2253300.0
,,,,,,12,2026-02-01 23:13:24.285615,ATMN,25.22,25.08,25.16,2128600.0,2045000.0
,,,,,,12,2026-02-01 23:13:24.285615,WNTR,24.96,24.9,24.96,2201100.0,2193000.0
2.0,1.0,1.0,,Aggregate Position Limit,Your CRO has set the aggregate position limit to 13000 shares for this week.,13,2026-02-01 23:13:25.310278,SPNG,24.56,25.03,25.06,2308200.0,2312900.0
1.0,1.0,1.0,,Welcome to the RITC 2026 Alogithmic Market Making Case - practice server,,13,2026-02-01 23:13:25.310278,SMMR,24.97,24.97,25.1,2279700.0,2253300.0
,,,,,,13,2026-02-01 23:13:25.310278,ATMN,25.08,25.08,25.25,2128600.0,2037800.0
,,,,,,13,2026-02-01 23:13:25.310278,WNTR,25.02,24.9,24.97,2201100.0,2200900.0
2.0,1.0,1.0,,Aggregate Position Limit,Your CRO has set the aggregate position limit to 13000 shares for this week.,14,2026-02-01 23:13:26.345153,SPNG,24.55,24.95,25.06,2270700.0,2312900.0
1.0,1.0,1.0,,Welcome to the RITC 2026 Alogithmic Market Making Case - practice server,,14,2026-02-01 23:13:26.345153,SMMR,24.97,25.0,25.1,2281200.0,2276800.0
,,,,,,14,2026-02-01 23:13:26.345153,ATMN,25.26,25.25,25.26,2121400.0,2054400.0
,,,,,,14,2026-02-01 23:13:26.345153,WNTR,24.88,24.85,24.87,2134200.0,2233900.0
2.0,1.0,1.0,,Aggregate Position Limit,Your CRO has set the aggregate position limit to 13000 shares for this week.,15,2026-02-01 23:13:27.355341,SPNG,24.42,25.01,25.06,2273300.0,2312700.0
1.0,1.0,1.0,,Welcome to the RITC 2026 Alogithmic Market Making Case - practice server,,15,2026-02-01 23:13:27.355341,SMMR,25.1,25.0,25.1,2273400.0,2276800.0
,,,,,,15,2026-02-01 23:13:27.355341,ATMN,25.17,25.17,25.26,2106300.0,2054400.0
,,,,,,15,2026-02-01 23:13:27.355341,WNTR,24.88,24.85,24.87,2220900.0,2242900.0
2.0,1.0,1.0,,Aggregate Position Limit,Your CRO has set the aggregate position limit to 13000 shares for this week.,16,2026-02-01 23:13:28.377607,SPNG,25.01,25.01,25.06,2273300.0,2324000.0
1.0,1.0,1.0,,Welcome to the RITC 2026 Alogithmic Market Making Case - practice server,,16,2026-02-01 23:13:28.377607,SMMR,25.1,25.0,25.07,2273400.0,2280700.0
,,,,,,16,2026-02-01 23:13:28.377607,ATMN,25.28,25.07,25.28,2148700.0,2064300.0
,,,,,,16,2026-02-01 23:13:28.377607,WNTR,24.87,24.94,24.97,2205400.0,2214900.0
2.0,1.0,1.0,,Aggregate Position Limit,Your CRO has set the aggregate position limit to 13000 shares for this week.,17,2026-02-01 23:13:29.399513,SPNG,25.06,24.42,25.06,2302200.0,2324000.0
1.0,1.0,1.0,,Welcome to the RITC 2026 Alogithmic Market Making Case - practice server,,17,2026-02-01 23:13:29.399513,SMMR,25.1,25.06,25.1,2273800.0,2275800.0
,,,,,,17,2026-02-01 23:13:29.399513,ATMN,25.29,25.05,25.29,2170900.0,2045400.0
,,,,,,17,2026-02-01 23:13:29.399513,WNTR,24.87,24.94,24.97,2193000.0,2235900.0
2.0,1.0,1.0,,Aggregate Position Limit,Your CRO has set the aggregate position limit to 13000 shares for this week.,18,2026-02-01 23:13:30.414895,SPNG,24.42,24.42,25.06,2302200.0,2354100.0
1.0,1.0,1.0,,Welcome to the RITC 2026 Alogithmic Market Making Case - practice server,,18,2026-02-01 23:13:30.414895,SMMR,25.06,24.97,25.05,2281700.0,2292100.0
,,,,,,18,2026-02-01 23:13:30.414895,ATMN,25.05,24.95,24.99,2156900.0,2048100.0
,,,,,,18,2026-02-01 23:13:30.414895,WNTR,24.91,24.91,24.97,2206400.0,2199300.0
2.0,1.0,1.0,,Aggregate Position Limit,Your CRO has set the aggregate position limit to 13000 shares for this week.,19,2026-02-01 23:13:31.434708,SPNG,25.1,24.42,25.1,2332400.0,2312200.0
1.0,1.0,1.0,,Welcome to the RITC 2026 Alogithmic Market Making Case - practice server,,19,2026-02-01 23:13:31.434708,SMMR,24.9,24.9,25.05,2273200.0,2292100.0
,,,,,,19,2026-02-01 23:13:31.434708,ATMN,24.99,25.26,25.29,2114200.0,2029100.0
,,,,,,19,2026-02-01 23:13:31.434708,WNTR,24.9,24.9,24.97,2234800.0,2199300.0
2.0,1.0,1.0,,Aggregate Position Limit,Your CRO has set the aggregate position limit to 13000 shares for this week.,20,2026-02-01 23:13:32.454456,SPNG,25.03,25.03,25.1,2343100.0,2312200.0
1.0,1.0,1.0,,Welcome to the RITC 2026 Alogithmic Market Making Case - practice server,,20,2026-02-01 23:13:32.454456,SMMR,24.9,24.9,25.05,2273200.0,2337400.0
,,,,,,20,2026-02-01 23:13:32.454456,ATMN,25.21,25.21,25.29,2115100.0,2029100.0
,,,,,,20,2026-02-01 23:13:32.454456,WNTR,24.9,24.9,24.95,2234800.0,2277700.0
2.0,1.0,1.0,,Aggregate Position Limit,Your CRO has set the aggregate position limit to 13000 shares for this week.,21,2026-02-01 23:13:33.484438,SPNG,25.1,24.47,25.1,2340300.0,2312200.0
1.0,1.0,1.0,,Welcome to the RITC 2026 Alogithmic Market Making Case - practice server,,21,2026-02-01 23:13:33.484438,SMMR,25.05,24.93,25.05,2278500.0,2304300.0
,,,,,,21,2026-02-01 23:13:33.484438,ATMN,25.19,25.19,25.29,2150000.0,2038500.0
,,,,,,21,2026-02-01 23:13:33.484438,WNTR,24.85,24.85,24.88,2220900.0,2251000.0
2.0,1.0,1.0,,Aggregate Position Limit,Your CRO has set the aggregate position limit to 13000 shares for this week.,22,2026-02-01 23:13:34.509339,SPNG,25.1,24.47,25.1,2333700.0,2319900.0
1.0,1.0,1.0,,Welcome to the RITC 2026 Alogithmic Market Making Case - practice server,,22,2026-02-01 23:13:34.509339,SMMR,24.95,24.93,24.95,2278500.0,2335500.0
,,,,,,22,2026-02-01 23:13:34.509339,ATMN,25.04,25.04,25.29,2160800.0,2017100.0
,,,,,,22,2026-02-01 23:13:34.509339,WNTR,24.73,24.73,24.88,1998200.0,2251000.0
2.0,1.0,1.0,,Aggregate Position Limit,Your CRO has set the aggregate position limit to 13000 shares for this week.,23,2026-02-01 23:13:35.544290,SPNG,24.68,24.47,24.65,2333700.0,2314600.0
1.0,1.0,1.0,,Welcome to the RITC 2026 Alogithmic Market Making Case - practice server,,23,2026-02-01 23:13:35.544290,SMMR,25.0,24.93,24.99,2278500.0,2359000.0
,,,,,,23,2026-02-01 23:13:35.544290,ATMN,25.29,25.14,25.29,2160600.0,2042600.0
,,,,,,23,2026-02-01 23:13:35.544290,WNTR,24.64,24.76,24.88,1917900.0,2251000.0
2.0,1.0,1.0,,Aggregate Position Limit,Your CRO has set the aggregate position limit to 13000 shares for this week.,24,2026-02-01 23:13:36.554326,SPNG,25.02,24.69,24.93,2310400.0,2301400.0
1.0,1.0,1.0,,Welcome to the RITC 2026 Alogithmic Market Making Case - practice server,,24,2026-02-01 23:13:36.554326,SMMR,24.88,24.88,24.89,2242400.0,2304400.0
,,,,,,24,2026-02-01 23:13:36.554326,ATMN,25.34,25.14,25.34,2160600.0,2067900.0
,,,,,,24,2026-02-01 23:13:36.554326,WNTR,24.76,24.76,24.88,1917900.0,2242600.0
2.0,1.0,1.0,,Aggregate Position Limit,Your CRO has set the aggregate position limit to 13000 shares for this week.,25,2026-02-01 23:13:37.580640,SPNG,24.47,24.47,24.93,2335400.0,2301400.0
1.0,1.0,1.0,,Welcome to the RITC 2026 Alogithmic Market Making Case - practice server,,25,2026-02-01 23:13:37.580640,SMMR,25.05,25.02,25.05,2259700.0,2340200.0
,,,,,,25,2026-02-01 23:13:37.580640,ATMN,25.36,25.14,25.36,2160600.0,2126800.0
,,,,,,25,2026-02-01 23:13:37.580640,WNTR,24.76,24.76,24.88,1917900.0,2254900.0
2.0,1.0,1.0,,Aggregate Position Limit,Your CRO has set the aggregate position limit to 13000 shares for this week.,26,2026-02-01 23:13:38.598761,SPNG,24.47,24.47,24.93,2349400.0,2301400.0
1.0,1.0,1.0,,Welcome to the RITC 2026 Alogithmic Market Making Case - practice server,,26,2026-02-01 23:13:38.598761,SMMR,25.05,25.02,25.05,2262600.0,2344000.0
,,,,,,26,2026-02-01 23:13:38.598761,ATMN,25.38,25.14,25.38,2160600.0,2147400.0
,,,,,,26,2026-02-01 23:13:38.598761,WNTR,24.88,24.76,24.88,1917900.0,2254900.0
2.0,1.0,1.0,,Aggregate Position Limit,Your CRO has set the aggregate position limit to 13000 shares for this week.,27,2026-02-01 23:13:39.634210,SPNG,24.42,24.42,24.93,2359600.0,2301400.0
1.0,1.0,1.0,,Welcome to the RITC 2026 Alogithmic Market Making Case - practice server,,27,2026-02-01 23:13:39.634210,SMMR,25.05,25.02,25.04,2262600.0,2366300.0
,,,,,,27,2026-02-01 23:13:39.634210,ATMN,25.38,25.14,25.36,2156600.0,2155800.0
,,,,,,27,2026-02-01 23:13:39.634210,WNTR,24.76,24.64,24.75,1787800.0,2231100.0
2.0,1.0,1.0,,Aggregate Position Limit,Your CRO has set the aggregate position limit to 13000 shares for this week.,28,2026-02-01 23:13:40.654028,SPNG,25.02,24.42,24.79,2356000.0,2294500.0
1.0,1.0,1.0,,Welcome to the RITC 2026 Alogithmic Market Making Case - practice server,,28,2026-02-01 23:13:40.654028,SMMR,25.01,25.01,25.04,2263800.0,2384100.0
,,,,,,28,2026-02-01 23:13:40.654028,ATMN,25.05,25.05,25.35,2124000.0,2114100.0
,,,,,,28,2026-02-01 23:13:40.654028,WNTR,24.76,24.69,24.73,2012800.0,2204000.0
2.0,1.0,1.0,,Aggregate Position Limit,Your CRO has set the aggregate position limit to 13000 shares for this week.,29,2026-02-01 23:13:41.673979,SPNG,25.02,24.65,24.79,2377500.0,2308600.0
1.0,1.0,1.0,,Welcome to the RITC 2026 Alogithmic Market Making Case - practice server,,29,2026-02-01 23:13:41.673979,SMMR,24.9,24.9,25.04,2251100.0,2384100.0
,,,,,,29,2026-02-01 23:13:41.673979,ATMN,25.05,25.05,25.16,2142700.0,2089600.0
,,,,,,29,2026-02-01 23:13:41.673979,WNTR,24.88,24.69,24.88,2012800.0,2268900.0
2.0,1.0,1.0,,Aggregate Position Limit,Your CRO has set the aggregate position limit to 13000 shares for this week.,30,2026-02-01 23:13:42.698840,SPNG,24.41,24.41,24.79,2392400.0,2308600.0
1.0,1.0,1.0,,Welcome to the RITC 2026 Alogithmic Market Making Case - practice server,,30,2026-02-01 23:13:42.698840,SMMR,24.9,24.89,24.9,2249000.0,2400600.0
,,,,,,30,2026-02-01 23:13:42.698840,ATMN,25.05,25.05,25.11,2134700.0,2064300.0
,,,,,,30,2026-02-01 23:13:42.698840,WNTR,24.88,24.76,24.88,2126200.0,2266300.0
2.0,1.0,1.0,,Aggregate Position Limit,Your CRO has set the aggregate position limit to 13000 shares for this week.,31,2026-02-01 23:13:43.727313,SPNG,24.79,24.41,24.79,2381600.0,2308600.0
1.0,1.0,1.0,,Welcome to the RITC 2026 Alogithmic Market Making Case - practice server,,31,2026-02-01 23:13:43.727313,SMMR,24.89,24.89,25.02,2225100.0,2376600.0
,,,,,,31,2026-02-01 23:13:43.727313,ATMN,25.24,25.05,25.19,2134700.0,2096900.0
,,,,,,31,2026-02-01 23:13:43.727313,WNTR,24.88,24.88,24.91,2216800.0,2225700.0
2.0,1.0,1.0,,Aggregate Position Limit,Your CRO has set the aggregate position limit to 13000 shares for this week.,32,2026-02-01 23:13:44.738533,SPNG,25.1,24.77,25.1,2365300.0,2325700.0
1.0,1.0,1.0,,Welcome to the RITC 2026 Alogithmic Market Making Case - practice server,,32,2026-02-01 23:13:44.738533,SMMR,24.89,24.91,24.96,2249700.0,2351000.0
,,,,,,32,2026-02-01 23:13:44.738533,ATMN,25.23,25.22,25.23,2141900.0,2106500.0
,,,,,,32,2026-02-01 23:13:44.738533,WNTR,24.95,24.87,24.95,2218100.0,2243500.0
2.0,1.0,1.0,,Aggregate Position Limit,Your CRO has set the aggregate position limit to 13000 shares for this week.,33,2026-02-01 23:13:45.753587,SPNG,25.12,24.77,25.12,2365300.0,2328700.0
1.0,1.0,1.0,,Welcome to the RITC 2026 Alogithmic Market Making Case - practice server,,33,2026-02-01 23:13:45.753587,SMMR,25.02,24.89,25.02,2238900.0,2369200.0
,,,,,,33,2026-02-01 23:13:45.753587,ATMN,25.23,25.22,25.23,2121200.0,2106500.0
,,,,,,33,2026-02-01 23:13:45.753587,WNTR,24.69,24.69,24.95,2012800.0,2232700.0
2.0,1.0,1.0,,Aggregate Position Limit,Your CRO has set the aggregate position limit to 13000 shares for this week.,34,2026-02-01 23:13:46.773096,SPNG,25.12,24.56,25.12,2356000.0,2322100.0
1.0,1.0,1.0,,Welcome to the RITC 2026 Alogithmic Market Making Case - practice server,,34,2026-02-01 23:13:46.773096,SMMR,25.02,24.89,25.02,2282700.0,2369200.0
,,,,,,34,2026-02-01 23:13:46.773096,ATMN,25.22,25.22,25.25,2121200.0,2102900.0
,,,,,,34,2026-02-01 23:13:46.773096,WNTR,24.95,24.69,24.93,2012800.0,2213400.0
2.0,1.0,1.0,,Aggregate Position Limit,Your CRO has set the aggregate position limit to 13000 shares for this week.,35,2026-02-01 23:13:47.803008,SPNG,24.63,24.56,24.63,2347800.0,2320600.0
1.0,1.0,1.0,,Welcome to the RITC 2026 Alogithmic Market Making Case - practice server,,35,2026-02-01 23:13:47.803008,SMMR,24.97,24.99,25.02,2273700.0,2355100.0
,,,,,,35,2026-02-01 23:13:47.803008,ATMN,25.25,25.31,25.35,2113100.0,2114100.0
,,,,,,35,2026-02-01 23:13:47.803008,WNTR,24.89,24.69,24.79,2123000.0,2242400.0
2.0,1.0,1.0,,Aggregate Position Limit,Your CRO has set the aggregate position limit to 13000 shares for this week.,36,2026-02-01 23:13:48.813195,SPNG,24.56,24.41,24.47,2375500.0,2338800.0
1.0,1.0,1.0,,Welcome to the RITC 2026 Alogithmic Market Making Case - practice server,,36,2026-02-01 23:13:48.813195,SMMR,24.88,24.88,24.9,2280100.0,2351700.0
,,,,,,36,2026-02-01 23:13:48.813195,ATMN,25.32,25.32,25.35,2117900.0,2103300.0
,,,,,,36,2026-02-01 23:13:48.813195,WNTR,24.71,24.69,24.71,2239000.0,2269700.0
2.0,1.0,1.0,,Aggregate Position Limit,Your CRO has set the aggregate position limit to 13000 shares for this week.,37,2026-02-01 23:13:49.833323,SPNG,24.47,24.79,25.12,2357500.0,2331500.0
1.0,1.0,1.0,,Welcome to the RITC 2026 Alogithmic Market Making Case - practice server,,37,2026-02-01 23:13:49.833323,SMMR,24.88,24.88,24.9,2281200.0,2377900.0
,,,,,,37,2026-02-01 23:13:49.833323,ATMN,25.08,25.08,25.35,2141000.0,2103300.0
,,,,,,37,2026-02-01 23:13:49.833323,WNTR,24.71,24.69,24.71,2238200.0,2269700.0
2.0,1.0,1.0,,Aggregate Position Limit,Your CRO has set the aggregate position limit to 13000 shares for this week.,38,2026-02-01 23:13:50.862993,SPNG,24.43,24.56,24.98,2361800.0,2325400.0
1.0,1.0,1.0,,Welcome to the RITC 2026 Alogithmic Market Making Case - practice server,,38,2026-02-01 23:13:50.862993,SMMR,24.96,24.95,24.96,2294500.0,2358700.0
,,,,,,38,2026-02-01 23:13:50.862993,ATMN,25.36,25.33,25.36,2127700.0,2140500.0
,,,,,,38,2026-02-01 23:13:50.862993,WNTR,24.69,24.69,24.93,2238200.0,2213400.0
2.0,1.0,1.0,,Aggregate Position Limit,Your CRO has set the aggregate position limit to 13000 shares for this week.,39,2026-02-01 23:13:51.882746,SPNG,24.56,24.97,24.98,2338800.0,2325400.0
1.0,1.0,1.0,,Welcome to the RITC 2026 Alogithmic Market Making Case - practice server,,39,2026-02-01 23:13:51.882746,SMMR,24.95,24.88,24.94,2281200.0,2358500.0
,,,,,,39,2026-02-01 23:13:51.882746,ATMN,25.36,25.33,25.36,2102100.0,2109500.0
,,,,,,39,2026-02-01 23:13:51.882746,WNTR,24.93,24.73,24.9,2243600.0,2211100.0
2.0,1.0,1.0,,Aggregate Position Limit,Your CRO has set the aggregate position limit to 13000 shares for this week.,40,2026-02-01 23:13:52.934320,SPNG,24.41,24.41,24.98,2391100.0,2325400.0
1.0,1.0,1.0,,Welcome to the RITC 2026 Alogithmic Market Making Case - practice server,,40,2026-02-01 23:13:52.934320,SMMR,24.95,24.88,24.94,2276900.0,2371400.0
,,,,,,40,2026-02-01 23:13:52.934320,ATMN,25.4,25.33,25.4,2119700.0,2154100.0
,,,,,,40,2026-02-01 23:13:52.934320,WNTR,24.68,24.68,24.9,2268500.0,2218100.0
2.0,1.0,1.0,,Aggregate Position Limit,Your CRO has set the aggregate position limit to 13000 shares for this week.,41,2026-02-01 23:13:53.972918,SPNG,25.14,24.41,25.14,2375100.0,2295400.0
1.0,1.0,1.0,,Welcome to the RITC 2026 Alogithmic Market Making Case - practice server,,41,2026-02-01 23:13:53.972918,SMMR,24.99,24.88,24.99,2274000.0,2372200.0
,,,,,,41,2026-02-01 23:13:53.972918,ATMN,25.4,25.33,25.4,2101800.0,2154100.0
,,,,,,41,2026-02-01 23:13:53.972918,WNTR,24.68,24.68,24.9,2238800.0,2247200.0
2.0,1.0,1.0,,Aggregate Position Limit,Your CRO has set the aggregate position limit to 13000 shares for this week.,42,2026-02-01 23:13:55.002339,SPNG,24.5,24.41,24.5,2387500.0,2302700.0
1.0,1.0,1.0,,Welcome to the RITC 2026 Alogithmic Market Making Case - practice server,,42,2026-02-01 23:13:55.002339,SMMR,24.87,24.87,24.99,2295300.0,2403100.0
,,,,,,42,2026-02-01 23:13:55.002339,ATMN,25.42,25.4,25.42,2077100.0,2150800.0
,,,,,,42,2026-02-01 23:13:55.002339,WNTR,24.67,24.67,24.76,2247100.0,2280700.0
2.0,1.0,1.0,,Aggregate Position Limit,Your CRO has set the aggregate position limit to 13000 shares for this week.,43,2026-02-01 23:13:56.042443,SPNG,24.5,24.46,24.5,2369500.0,2302700.0
1.0,1.0,1.0,,Welcome to the RITC 2026 Alogithmic Market Making Case - practice server,,43,2026-02-01 23:13:56.042443,SMMR,24.87,24.9,24.96,2331800.0,2377800.0
,,,,,,43,2026-02-01 23:13:56.042443,ATMN,25.48,25.4,25.48,2079800.0,2134500.0
,,,,,,43,2026-02-01 23:13:56.042443,WNTR,24.95,24.67,24.95,2250000.0,2267000.0
2.0,1.0,1.0,,Aggregate Position Limit,Your CRO has set the aggregate position limit to 13000 shares for this week.,44,2026-02-01 23:13:57.072701,SPNG,24.5,25.03,25.12,2361500.0,2293300.0
1.0,1.0,1.0,,Welcome to the RITC 2026 Alogithmic Market Making Case - practice server,,44,2026-02-01 23:13:57.072701,SMMR,24.99,24.92,24.99,2349400.0,2409400.0
,,,,,,44,2026-02-01 23:13:57.072701,ATMN,25.53,25.4,25.53,2057100.0,2137200.0
,,,,,,44,2026-02-01 23:13:57.072701,WNTR,24.95,24.81,24.82,2225800.0,2246100.0
2.0,1.0,1.0,,Aggregate Position Limit,Your CRO has set the aggregate position limit to 13000 shares for this week.,46,2026-02-01 23:13:58.112129,SPNG,24.46,24.46,25.12,2369500.0,2293300.0
1.0,1.0,1.0,,Welcome to the RITC 2026 Alogithmic Market Making Case - practice server,,46,2026-02-01 23:13:58.112129,SMMR,24.94,24.92,24.94,2379100.0,2409400.0
,,,,,,46,2026-02-01 23:13:58.112129,ATMN,25.4,25.4,25.53,2094600.0,2123500.0
,,,,,,46,2026-02-01 23:13:58.112129,WNTR,24.81,24.75,24.77,2221800.0,2255100.0
2.0,1.0,1.0,,Aggregate Position Limit,Your CRO has set the aggregate position limit to 13000 shares for this week.,47,2026-02-01 23:13:59.132422,SPNG,24.89,24.46,24.83,2369500.0,2282500.0
1.0,1.0,1.0,,Welcome to the RITC 2026 Alogithmic Market Making Case - practice server,,47,2026-02-01 23:13:59.132422,SMMR,24.9,24.9,24.99,2334200.0,2391300.0
,,,,,,47,2026-02-01 23:13:59.132422,ATMN,25.53,25.47,25.53,2043300.0,2123500.0
,,,,,,47,2026-02-01 23:13:59.132422,WNTR,24.75,24.75,24.78,2207500.0,2267100.0
2.0,1.0,1.0,,Aggregate Position Limit,Your CRO has set the aggregate position limit to 13000 shares for this week.,48,2026-02-01 23:14:00.161913,SPNG,24.83,25.02,25.12,2370400.0,2258800.0
1.0,1.0,1.0,,Welcome to the RITC 2026 Alogithmic Market Making Case - practice server,,48,2026-02-01 23:14:00.161913,SMMR,25.02,24.99,25.02,2359600.0,2397700.0
,,,,,,48,2026-02-01 23:14:00.161913,ATMN,25.55,25.4,25.55,2078600.0,2134300.0
,,,,,,48,2026-02-01 23:14:00.161913,WNTR,24.78,24.82,24.86,2229600.0,2246100.0
2.0,1.0,1.0,,Aggregate Position Limit,Your CRO has set the aggregate position limit to 13000 shares for this week.,49,2026-02-01 23:14:01.182347,SPNG,25.02,24.46,24.75,2376500.0,2289100.0
1.0,1.0,1.0,,Welcome to the RITC 2026 Alogithmic Market Making Case - practice server,,49,2026-02-01 23:14:01.182347,SMMR,24.99,24.99,25.02,2359600.0,2398100.0
,,,,,,49,2026-02-01 23:14:01.182347,ATMN,25.56,25.33,25.56,2089400.0,2125600.0
,,,,,,49,2026-02-01 23:14:01.182347,WNTR,24.67,24.75,24.86,2219400.0,2262500.0
2.0,1.0,1.0,,Aggregate Position Limit,Your CRO has set the aggregate position limit to 13000 shares for this week.,50,2026-02-01 23:14:02.211888,SPNG,24.75,25.01,25.12,2369900.0,2309600.0
1.0,1.0,1.0,,Welcome to the RITC 2026 Alogithmic Market Making Case - practice server,,50,2026-02-01 23:14:02.211888,SMMR,24.87,24.96,24.97,2288400.0,2408700.0
,,,,,,50,2026-02-01 23:14:02.211888,ATMN,25.57,25.33,25.57,2070400.0,2086100.0
,,,,,,50,2026-02-01 23:14:02.211888,WNTR,24.95,24.75,24.79,2240800.0,2278900.0
2.0,1.0,1.0,,Aggregate Position Limit,Your CRO has set the aggregate position limit to 13000 shares for this week.,51,2026-02-01 23:14:03.222050,SPNG,24.67,24.67,24.85,2397900.0,2279100.0
1.0,1.0,1.0,,Welcome to the RITC 2026 Alogithmic Market Making Case - practice server,,51,2026-02-01 23:14:03.222050,SMMR,24.96,24.96,24.97,2288400.0,2400400.0
,,,,,,51,2026-02-01 23:14:03.222050,ATMN,25.59,25.55,25.59,2014700.0,1968300.0
,,,,,,51,2026-02-01 23:14:03.222050,WNTR,24.75,24.75,24.79,2259600.0,2278900.0
2.0,1.0,1.0,,Aggregate Position Limit,Your CRO has set the aggregate position limit to 13000 shares for this week.,52,2026-02-01 23:14:04.251598,SPNG,24.85,24.85,25.12,2408500.0,2309600.0
1.0,1.0,1.0,,Welcome to the RITC 2026 Alogithmic Market Making Case - practice server,,52,2026-02-01 23:14:04.251598,SMMR,24.96,24.96,24.97,2288400.0,2370700.0
,,,,,,52,2026-02-01 23:14:04.251598,ATMN,25.61,25.55,25.61,2014700.0,1754800.0
,,,,,,52,2026-02-01 23:14:04.251598,WNTR,24.81,24.81,24.93,2279400.0,2286300.0
2.0,1.0,1.0,,Aggregate Position Limit,Your CRO has set the aggregate position limit to 13000 shares for this week.,53,2026-02-01 23:14:05.281811,SPNG,24.43,24.85,25.12,2391000.0,2305600.0
1.0,1.0,1.0,,Welcome to the RITC 2026 Alogithmic Market Making Case - practice server,,53,2026-02-01 23:14:05.281811,SMMR,25.02,24.96,25.02,2315700.0,2373100.0
,,,,,,53,2026-02-01 23:14:05.281811,ATMN,25.61,25.7,25.71,2029900.0,1661300.0
,,,,,,53,2026-02-01 23:14:05.281811,WNTR,24.95,24.81,24.95,2272000.0,2267700.0
2.0,1.0,1.0,,Aggregate Position Limit,Your CRO has set the aggregate position limit to 13000 shares for this week.,54,2026-02-01 23:14:06.291892,SPNG,25.14,24.43,25.14,2383200.0,2334000.0
1.0,1.0,1.0,,Welcome to the RITC 2026 Alogithmic Market Making Case - practice server,,54,2026-02-01 23:14:06.291892,SMMR,25.03,24.87,25.03,2300400.0,2374000.0
,,,,,,54,2026-02-01 23:14:06.291892,ATMN,25.7,25.55,25.6,2020100.0,1907500.0
,,,,,,54,2026-02-01 23:14:06.291892,WNTR,24.97,24.81,24.91,2278800.0,2246300.0
2.0,1.0,1.0,,Aggregate Position Limit,Your CRO has set the aggregate position limit to 13000 shares for this week.,55,2026-02-01 23:14:07.311347,SPNG,24.43,24.47,25.15,2375800.0,2308400.0
1.0,1.0,1.0,,Welcome to the RITC 2026 Alogithmic Market Making Case - practice server,,55,2026-02-01 23:14:07.311347,SMMR,24.87,24.87,25.02,2288700.0,2353700.0
,,,,,,55,2026-02-01 23:14:07.311347,ATMN,25.55,25.46,25.48,2018200.0,2041000.0
,,,,,,55,2026-02-01 23:14:07.311347,WNTR,24.97,24.81,24.97,2276700.0,2210400.0
2.0,1.0,1.0,,Aggregate Position Limit,Your CRO has set the aggregate position limit to 13000 shares for this week.,56,2026-02-01 23:14:08.341545,SPNG,25.1,25.1,25.15,2383500.0,2298400.0
1.0,1.0,1.0,,Welcome to the RITC 2026 Alogithmic Market Making Case - practice server,,56,2026-02-01 23:14:08.341545,SMMR,25.03,24.87,25.03,2288700.0,2410700.0
,,,,,,56,2026-02-01 23:14:08.341545,ATMN,25.46,25.39,25.44,2040600.0,2049400.0
,,,,,,56,2026-02-01 23:14:08.341545,WNTR,24.98,24.81,24.82,2276700.0,2198100.0
2.0,1.0,1.0,,Aggregate Position Limit,Your CRO has set the aggregate position limit to 13000 shares for this week.,57,2026-02-01 23:14:09.361198,SPNG,24.41,24.41,25.15,2369500.0,2298400.0
1.0,1.0,1.0,,Welcome to the RITC 2026 Alogithmic Market Making Case - practice server,,57,2026-02-01 23:14:09.361198,SMMR,25.03,24.99,25.03,2318600.0,2398900.0
,,,,,,57,2026-02-01 23:14:09.361198,ATMN,25.65,25.39,25.65,2029500.0,2011500.0
,,,,,,57,2026-02-01 23:14:09.361198,WNTR,24.82,24.81,24.82,2255500.0,2206800.0
2.0,1.0,1.0,,Aggregate Position Limit,Your CRO has set the aggregate position limit to 13000 shares for this week.,58,2026-02-01 23:14:10.391734,SPNG,24.41,24.87,25.15,2384800.0,2298400.0
1.0,1.0,1.0,,Welcome to the RITC 2026 Alogithmic Market Making Case - practice server,,58,2026-02-01 23:14:10.391734,SMMR,24.99,24.99,25.03,2318600.0,2413200.0
,,,,,,58,2026-02-01 23:14:10.391734,ATMN,25.65,25.39,25.61,2029500.0,2024000.0
,,,,,,58,2026-02-01 23:14:10.391734,WNTR,24.81,24.75,24.81,2244500.0,2214500.0
2.0,1.0,1.0,,Aggregate Position Limit,Your CRO has set the aggregate position limit to 13000 shares for this week.,59,2026-02-01 23:14:11.411047,SPNG,24.87,24.97,25.15,2378400.0,2298400.0
1.0,1.0,1.0,,Welcome to the RITC 2026 Alogithmic Market Making Case - practice server,,59,2026-02-01 23:14:11.411047,SMMR,24.86,24.86,25.04,2290400.0,2392400.0
,,,,,,59,2026-02-01 23:14:11.411047,ATMN,25.52,25.52,25.64,2030500.0,2041600.0
,,,,,,59,2026-02-01 23:14:11.411047,WNTR,24.73,24.73,24.81,2267500.0,2214500.0
2.0,1.0,1.0,,Aggregate Position Limit,Your CRO has set the aggregate position limit to 13000 shares for this week.,60,2026-02-01 23:14:12.430851,SPNG,24.87,25.65,0.0,200000.0,
1.0,1.0,1.0,,Welcome to the RITC 2026 Alogithmic Market Making Case - practice server,,60,2026-02-01 23:14:12.430851,SMMR,25.52,25.18,25.38,567200.0,761800.0
,,,,,,60,2026-02-01 23:14:12.430851,ATMN,25.52,24.71,25.12,894100.0,781000.0
,,,,,,60,2026-02-01 23:14:12.430851,WNTR,24.73,24.35,0.0,200000.0,
2.0,1.0,1.0,,Aggregate Position Limit,Your CRO has set the aggregate position limit to 13000 shares for this week.,61,2026-02-01 23:14:13.441075,SPNG,24.87,25.65,25.88,1081100.0,1145900.0
1.0,1.0,1.0,,Welcome to the RITC 2026 Alogithmic Market Making Case - practice server,,61,2026-02-01 23:14:13.441075,SMMR,25.52,25.28,25.38,1104700.0,865400.0
,,,,,,61,2026-02-01 23:14:13.441075,ATMN,25.52,24.71,24.97,894100.0,1079200.0
,,,,,,61,2026-02-01 23:14:13.441075,WNTR,24.48,24.35,24.48,832100.0,874900.0
2.0,1.0,1.0,,Aggregate Position Limit,Your CRO has set the aggregate position limit to 13000 shares for this week.,62,2026-02-01 23:14:14.469310,SPNG,25.79,25.87,25.88,1328200.0,1145900.0
1.0,1.0,1.0,,Welcome to the RITC 2026 Alogithmic Market Making Case - practice server,,62,2026-02-01 23:14:14.469310,SMMR,25.58,25.61,25.68,1463800.0,857000.0
,,,,,,62,2026-02-01 23:14:14.469310,ATMN,24.55,24.55,24.73,890200.0,1375100.0
,,,,,,62,2026-02-01 23:14:14.469310,WNTR,24.35,23.96,24.11,881100.0,1003800.0
2.0,1.0,1.0,,Aggregate Position Limit,Your CRO has set the aggregate position limit to 13000 shares for this week.,63,2026-02-01 23:14:15.501487,SPNG,25.55,25.55,25.72,1107500.0,1237400.0
1.0,1.0,1.0,,Welcome to the RITC 2026 Alogithmic Market Making Case - practice server,,63,2026-02-01 23:14:15.501487,SMMR,25.61,25.61,25.68,1670600.0,857000.0
,,,,,,63,2026-02-01 23:14:15.501487,ATMN,24.55,24.55,24.57,890200.0,1671300.0
,,,,,,63,2026-02-01 23:14:15.501487,WNTR,24.35,24.02,24.11,1205200.0,1003800.0
2.0,1.0,1.0,,Aggregate Position Limit,Your CRO has set the aggregate position limit to 13000 shares for this week.,64,2026-02-01 23:14:16.525849,SPNG,25.3,25.58,25.72,1311500.0,1237400.0
1.0,1.0,1.0,,Welcome to the RITC 2026 Alogithmic Market Making Case - practice server,,64,2026-02-01 23:14:16.525849,SMMR,25.68,25.61,25.68,1920300.0,857000.0
,,,,,,64,2026-02-01 23:14:16.525849,ATMN,24.55,24.55,24.57,917300.0,1870500.0
,,,,,,64,2026-02-01 23:14:16.525849,WNTR,24.11,24.16,24.48,1518800.0,874900.0
2.0,1.0,1.0,,Aggregate Position Limit,Your CRO has set the aggregate position limit to 13000 shares for this week.,65,2026-02-01 23:14:17.560727,SPNG,25.72,25.58,25.72,1529800.0,1237400.0
1.0,1.0,1.0,,Welcome to the RITC 2026 Alogithmic Market Making Case - practice server,,65,2026-02-01 23:14:17.560727,SMMR,25.79,25.79,25.84,2156200.0,867900.0
,,,,,,65,2026-02-01 23:14:17.560727,ATMN,24.53,23.91,24.18,1063900.0,2008100.0
,,,,,,65,2026-02-01 23:14:17.560727,WNTR,24.11,24.28,24.46,1772200.0,969100.0
2.0,1.0,1.0,,Aggregate Position Limit,Your CRO has set the aggregate position limit to 13000 shares for this week.,66,2026-02-01 23:14:18.590764,SPNG,25.3,25.3,25.68,1294400.0,1360600.0
1.0,1.0,1.0,,Welcome to the RITC 2026 Alogithmic Market Making Case - practice server,,66,2026-02-01 23:14:18.590764,SMMR,25.79,25.82,25.84,2269900.0,867900.0
,,,,,,66,2026-02-01 23:14:18.590764,ATMN,24.57,24.23,24.57,1249800.0,1979200.0
,,,,,,66,2026-02-01 23:14:18.590764,WNTR,24.11,24.28,24.32,1998100.0,1095000.0
2.0,1.0,1.0,,Aggregate Position Limit,Your CRO has set the aggregate position limit to 13000 shares for this week.,67,2026-02-01 23:14:19.620218,SPNG,25.68,25.3,25.62,1515600.0,1362100.0
1.0,1.0,1.0,,Welcome to the RITC 2026 Alogithmic Market Making Case - practice server,,67,2026-02-01 23:14:19.620218,SMMR,25.82,25.67,25.74,2150400.0,1180800.0
,,,,,,67,2026-02-01 23:14:19.620218,ATMN,24.59,24.55,24.59,1436700.0,1972700.0
,,,,,,67,2026-02-01 23:14:19.620218,WNTR,24.32,24.28,24.32,2256800.0,1213600.0
2.0,1.0,1.0,,Aggregate Position Limit,Your CRO has set the aggregate position limit to 13000 shares for this week.,68,2026-02-01 23:14:20.650516,SPNG,25.88,25.69,25.88,1747700.0,1145900.0
1.0,1.0,1.0,,Welcome to the RITC 2026 Alogithmic Market Making Case - practice server,,68,2026-02-01 23:14:20.650516,SMMR,25.85,25.68,25.85,2250800.0,1070500.0
,,,,,,68,2026-02-01 23:14:20.650516,ATMN,24.66,24.65,24.66,1538600.0,1965200.0
,,,,,,68,2026-02-01 23:14:20.650516,WNTR,24.32,24.35,24.46,2247800.0,1087700.0
2.0,1.0,1.0,,Aggregate Position Limit,Your CRO has set the aggregate position limit to 13000 shares for this week.,69,2026-02-01 23:14:21.680119,SPNG,25.69,25.69,25.88,1747700.0,1372200.0
1.0,1.0,1.0,,Welcome to the RITC 2026 Alogithmic Market Making Case - practice server,,69,2026-02-01 23:14:21.680119,SMMR,25.97,26.11,26.15,2253100.0,850000.0
,,,,,,69,2026-02-01 23:14:21.680119,ATMN,24.46,24.46,24.66,1438500.0,1965200.0
,,,,,,69,2026-02-01 23:14:21.680119,WNTR,24.32,24.35,24.36,2229300.0,1459500.0
2.0,1.0,1.0,,Aggregate Position Limit,Your CRO has set the aggregate position limit to 13000 shares for this week.,70,2026-02-01 23:14:22.711356,SPNG,25.69,25.86,25.88,1865300.0,1562700.0
1.0,1.0,1.0,,Welcome to the RITC 2026 Alogithmic Market Making Case - practice server,,70,2026-02-01 23:14:22.711356,SMMR,26.11,25.68,25.86,2256500.0,1167800.0
,,,,,,70,2026-02-01 23:14:22.711356,ATMN,24.46,24.63,24.66,1660100.0,1989900.0
,,,,,,70,2026-02-01 23:14:22.711356,WNTR,24.32,24.35,24.36,2229300.0,1804900.0
2.0,1.0,1.0,,Aggregate Position Limit,Your CRO has set the aggregate position limit to 13000 shares for this week.,71,2026-02-01 23:14:23.720061,SPNG,25.69,25.3,25.5,1623000.0,1767800.0
1.0,1.0,1.0,,Welcome to the RITC 2026 Alogithmic Market Making Case - practice server,,71,2026-02-01 23:14:23.720061,SMMR,26.15,25.68,26.15,2223200.0,1063600.0
,,,,,,71,2026-02-01 23:14:23.720061,ATMN,24.55,24.55,24.73,1558800.0,1897800.0
,,,,,,71,2026-02-01 23:14:23.720061,WNTR,24.32,24.35,24.36,2229300.0,2092800.0
2.0,1.0,1.0,,Aggregate Position Limit,Your CRO has set the aggregate position limit to 13000 shares for this week.,72,2026-02-01 23:14:24.739930,SPNG,25.88,25.81,25.88,1731700.0,1765500.0
1.0,1.0,1.0,,Welcome to the RITC 2026 Alogithmic Market Making Case - practice server,,72,2026-02-01 23:14:24.739930,SMMR,26.15,25.68,25.9,2253600.0,1312600.0
,,,,,,72,2026-02-01 23:14:24.739930,ATMN,24.46,24.43,24.73,1579200.0,1897800.0
,,,,,,72,2026-02-01 23:14:24.739930,WNTR,24.31,24.31,24.36,2282600.0,2194700.0
2.0,1.0,1.0,,Aggregate Position Limit,Your CRO has set the aggregate position limit to 13000 shares for this week.,73,2026-02-01 23:14:25.779691,SPNG,25.81,25.3,25.75,1735000.0,1999200.0
1.0,1.0,1.0,,Welcome to the RITC 2026 Alogithmic Market Making Case - practice server,,73,2026-02-01 23:14:25.779691,SMMR,25.67,25.78,25.9,2252400.0,1434300.0
,,,,,,73,2026-02-01 23:14:25.779691,ATMN,24.73,24.67,24.73,1579200.0,1912700.0
,,,,,,73,2026-02-01 23:14:25.779691,WNTR,24.36,24.25,24.34,2152100.0,2200200.0
2.0,1.0,1.0,,Aggregate Position Limit,Your CRO has set the aggregate position limit to 13000 shares for this week.,74,2026-02-01 23:14:26.817800,SPNG,25.85,25.3,25.85,1969500.0,1874000.0
1.0,1.0,1.0,,Welcome to the RITC 2026 Alogithmic Market Making Case - practice server,,74,2026-02-01 23:14:26.817800,SMMR,25.9,25.78,25.9,2252400.0,1434300.0
,,,,,,74,2026-02-01 23:14:26.817800,ATMN,24.67,24.67,24.73,1579200.0,2023400.0
,,,,,,74,2026-02-01 23:14:26.817800,WNTR,24.21,24.21,24.28,2020700.0,2204600.0
2.0,1.0,1.0,,Aggregate Position Limit,Your CRO has set the aggregate position limit to 13000 shares for this week.,75,2026-02-01 23:14:27.849503,SPNG,26.15,25.3,26.15,2101700.0,1737200.0
1.0,1.0,1.0,,Welcome to the RITC 2026 Alogithmic Market Making Case - practice server,,75,2026-02-01 23:14:27.849503,SMMR,25.85,25.83,25.85,2275800.0,1691100.0
,,,,,,75,2026-02-01 23:14:27.849503,ATMN,24.23,24.02,24.18,1339400.0,2062200.0
,,,,,,75,2026-02-01 23:14:27.849503,WNTR,24.28,24.16,24.28,2051900.0,2204600.0
2.0,1.0,1.0,,Aggregate Position Limit,Your CRO has set the aggregate position limit to 13000 shares for this week.,76,2026-02-01 23:14:28.879735,SPNG,25.93,25.3,25.76,2101700.0,1947800.0
1.0,1.0,1.0,,Welcome to the RITC 2026 Alogithmic Market Making Case - practice server,,76,2026-02-01 23:14:28.879735,SMMR,25.9,25.84,25.9,2298400.0,1434300.0
,,,,,,76,2026-02-01 23:14:28.879735,ATMN,24.75,24.03,24.75,1446500.0,2004200.0
,,,,,,76,2026-02-01 23:14:28.879735,WNTR,24.35,24.16,24.35,2149800.0,2167100.0
2.0,1.0,1.0,,Aggregate Position Limit,Your CRO has set the aggregate position limit to 13000 shares for this week.,77,2026-02-01 23:14:29.899978,SPNG,26.15,25.95,26.15,2223600.0,1955600.0
1.0,1.0,1.0,,Welcome to the RITC 2026 Alogithmic Market Making Case - practice server,,77,2026-02-01 23:14:29.899978,SMMR,25.9,25.84,25.9,2298400.0,1656800.0
,,,,,,77,2026-02-01 23:14:29.899978,ATMN,24.75,24.41,24.75,1767800.0,2004200.0
,,,,,,77,2026-02-01 23:14:29.899978,WNTR,24.28,24.28,24.35,2248500.0,2175500.0
2.0,1.0,1.0,,Aggregate Position Limit,Your CRO has set the aggregate position limit to 13000 shares for this week.,78,2026-02-01 23:14:30.934347,SPNG,25.3,25.3,26.15,2101700.0,2068600.0
1.0,1.0,1.0,,Welcome to the RITC 2026 Alogithmic Market Making Case - practice server,,78,2026-02-01 23:14:30.934347,SMMR,25.84,25.84,25.87,2298400.0,1891100.0
,,,,,,78,2026-02-01 23:14:30.934347,ATMN,24.75,24.41,24.51,2026500.0,2041100.0
,,,,,,78,2026-02-01 23:14:30.934347,WNTR,24.12,24.12,24.35,1928800.0,2190900.0
2.0,1.0,1.0,,Aggregate Position Limit,Your CRO has set the aggregate position limit to 13000 shares for this week.,79,2026-02-01 23:14:31.989188,SPNG,26.2,25.3,25.88,2235900.0,2100100.0
1.0,1.0,1.0,,Welcome to the RITC 2026 Alogithmic Market Making Case - practice server,,79,2026-02-01 23:14:31.989188,SMMR,25.76,25.76,25.87,2219900.0,2002400.0
,,,,,,79,2026-02-01 23:14:31.989188,ATMN,24.51,24.41,24.51,2264700.0,2041100.0
,,,,,,79,2026-02-01 23:14:31.989188,WNTR,24.16,24.12,24.16,2048800.0,2206100.0
2.0,1.0,1.0,,Aggregate Position Limit,Your CRO has set the aggregate position limit to 13000 shares for this week.,80,2026-02-01 23:14:33.013165,SPNG,25.88,25.64,25.88,2456600.0,2100100.0
1.0,1.0,1.0,,Welcome to the RITC 2026 Alogithmic Market Making Case - practice server,,80,2026-02-01 23:14:33.013165,SMMR,25.76,25.67,25.74,2211700.0,2106500.0
,,,,,,80,2026-02-01 23:14:33.013165,ATMN,24.75,24.47,24.75,2197800.0,1990800.0
,,,,,,80,2026-02-01 23:14:33.013165,WNTR,24.16,24.12,24.16,2232200.0,2206100.0
2.0,1.0,1.0,,Aggregate Position Limit,Your CRO has set the aggregate position limit to 13000 shares for this week.,81,2026-02-01 23:14:34.034169,SPNG,26.22,25.27,25.64,2374600.0,1944500.0
1.0,1.0,1.0,,Welcome to the RITC 2026 Alogithmic Market Making Case - practice server,,81,2026-02-01 23:14:34.034169,SMMR,25.89,25.74,25.75,2208700.0,1989900.0
,,,,,,81,2026-02-01 23:14:34.034169,ATMN,24.75,24.47,24.75,2119700.0,2009800.0
,,,,,,81,2026-02-01 23:14:34.034169,WNTR,24.16,24.16,24.19,2204500.0,2190600.0
2.0,1.0,1.0,,Aggregate Position Limit,Your CRO has set the aggregate position limit to 13000 shares for this week.,82,2026-02-01 23:14:35.069156,SPNG,25.64,25.27,25.64,2460200.0,1944500.0
1.0,1.0,1.0,,Welcome to the RITC 2026 Alogithmic Market Making Case - practice server,,82,2026-02-01 23:14:35.069156,SMMR,25.75,25.83,25.89,2205900.0,2018200.0
,,,,,,82,2026-02-01 23:14:35.069156,ATMN,24.75,24.64,24.75,2038300.0,2000600.0
,,,,,,82,2026-02-01 23:14:35.069156,WNTR,24.35,24.16,24.35,2204500.0,2206400.0
2.0,1.0,1.0,,Aggregate Position Limit,Your CRO has set the aggregate position limit to 13000 shares for this week.,83,2026-02-01 23:14:36.098878,SPNG,26.26,25.27,26.07,2456500.0,1825000.0
1.0,1.0,1.0,,Welcome to the RITC 2026 Alogithmic Market Making Case - practice server,,83,2026-02-01 23:14:36.098878,SMMR,25.74,25.81,25.89,2199500.0,2018200.0
,,,,,,83,2026-02-01 23:14:36.098878,ATMN,24.57,24.47,24.51,2039300.0,2001600.0
,,,,,,83,2026-02-01 23:14:36.098878,WNTR,24.36,24.37,24.45,2225200.0,2198500.0
2.0,1.0,1.0,,Aggregate Position Limit,Your CRO has set the aggregate position limit to 13000 shares for this week.,84,2026-02-01 23:14:37.168441,SPNG,25.67,25.67,26.04,2404400.0,2009500.0
1.0,1.0,1.0,,Welcome to the RITC 2026 Alogithmic Market Making Case - practice server,,84,2026-02-01 23:14:37.168441,SMMR,25.81,25.74,25.78,2208700.0,2238500.0
,,,,,,84,2026-02-01 23:14:37.168441,ATMN,24.51,24.59,24.75,2037900.0,2000600.0
,,,,,,84,2026-02-01 23:14:37.168441,WNTR,24.37,24.15,24.16,2211500.0,2227400.0
2.0,1.0,1.0,,Aggregate Position Limit,Your CRO has set the aggregate position limit to 13000 shares for this week.,85,2026-02-01 23:14:38.217416,SPNG,26.04,25.67,26.04,2404400.0,2009500.0
1.0,1.0,1.0,,Welcome to the RITC 2026 Alogithmic Market Making Case - practice server,,85,2026-02-01 23:14:38.217416,SMMR,25.67,25.68,25.78,2252200.0,2238500.0
,,,,,,85,2026-02-01 23:14:38.217416,ATMN,24.48,24.48,24.75,2003100.0,2000600.0
,,,,,,85,2026-02-01 23:14:38.217416,WNTR,24.26,24.19,24.26,2222100.0,2231400.0
2.0,1.0,1.0,,Aggregate Position Limit,Your CRO has set the aggregate position limit to 13000 shares for this week.,86,2026-02-01 23:14:39.348666,SPNG,25.67,25.36,25.65,2384000.0,2078000.0
1.0,1.0,1.0,,Welcome to the RITC 2026 Alogithmic Market Making Case - practice server,,86,2026-02-01 23:14:39.348666,SMMR,25.67,25.72,25.74,2239500.0,2248300.0
,,,,,,86,2026-02-01 23:14:39.348666,ATMN,24.77,24.48,24.77,2003100.0,1985100.0
,,,,,,86,2026-02-01 23:14:39.348666,WNTR,24.1,24.1,24.2,2180700.0,2213300.0
2.0,1.0,1.0,,Aggregate Position Limit,Your CRO has set the aggregate position limit to 13000 shares for this week.,88,2026-02-01 23:14:40.860262,SPNG,25.84,25.75,25.84,2273200.0,2053200.0
1.0,1.0,1.0,,Welcome to the RITC 2026 Alogithmic Market Making Case - practice server,,88,2026-02-01 23:14:40.860262,SMMR,25.89,25.69,25.89,2250400.0,2228700.0
,,,,,,88,2026-02-01 23:14:40.860262,ATMN,24.77,24.73,24.77,2013800.0,1865800.0
,,,,,,88,2026-02-01 23:14:40.860262,WNTR,24.2,24.06,24.2,2193000.0,2208100.0
2.0,1.0,1.0,,Aggregate Position Limit,Your CRO has set the aggregate position limit to 13000 shares for this week.,89,2026-02-01 23:14:41.999108,SPNG,25.36,25.56,25.78,2239300.0,2062500.0
1.0,1.0,1.0,,Welcome to the RITC 2026 Alogithmic Market Making Case - practice server,,89,2026-02-01 23:14:41.999108,SMMR,25.91,25.69,25.91,2250400.0,2202400.0
,,,,,,89,2026-02-01 23:14:41.999108,ATMN,24.77,24.48,24.77,1992100.0,1981300.0
,,,,,,89,2026-02-01 23:14:41.999108,WNTR,24.04,24.17,24.2,2194500.0,2233100.0
2.0,1.0,1.0,,Aggregate Position Limit,Your CRO has set the aggregate position limit to 13000 shares for this week.,90,2026-02-01 23:14:43.078077,SPNG,25.87,25.66,25.87,2224100.0,2013900.0
1.0,1.0,1.0,,Welcome to the RITC 2026 Alogithmic Market Making Case - practice server,,90,2026-02-01 23:14:43.078077,SMMR,25.76,25.76,25.91,2276700.0,2202400.0
,,,,,,90,2026-02-01 23:14:43.078077,ATMN,24.81,24.58,24.65,2019000.0,1983300.0
,,,,,,90,2026-02-01 23:14:43.078077,WNTR,24.04,24.17,24.2,2186200.0,2255700.0
2.0,1.0,1.0,,Aggregate Position Limit,Your CRO has set the aggregate position limit to 13000 shares for this week.,91,2026-02-01 23:14:44.158174,SPNG,25.87,25.66,25.87,2175300.0,2025700.0
1.0,1.0,1.0,,Welcome to the RITC 2026 Alogithmic Market Making Case - practice server,,91,2026-02-01 23:14:44.158174,SMMR,25.9,25.9,25.91,2293800.0,2224800.0
,,,,,,91,2026-02-01 23:14:44.158174,ATMN,24.65,24.58,24.65,2019000.0,1983300.0
,,,,,,91,2026-02-01 23:14:44.158174,WNTR,24.17,24.17,24.3,2179700.0,2215900.0
2.0,1.0,1.0,,Aggregate Position Limit,Your CRO has set the aggregate position limit to 13000 shares for this week.,92,2026-02-01 23:14:45.337964,SPNG,25.94,25.59,25.94,2211400.0,2025900.0
1.0,1.0,1.0,,Welcome to the RITC 2026 Alogithmic Market Making Case - practice server,,92,2026-02-01 23:14:45.337964,SMMR,25.9,25.76,25.82,2303800.0,2235200.0
,,,,,,92,2026-02-01 23:14:45.337964,ATMN,24.65,24.68,24.81,2024200.0,1944000.0
,,,,,,92,2026-02-01 23:14:45.337964,WNTR,24.23,24.23,24.3,2179700.0,2215900.0
2.0,1.0,1.0,,Aggregate Position Limit,Your CRO has set the aggregate position limit to 13000 shares for this week.,94,2026-02-01 23:14:46.391297,SPNG,25.94,25.88,25.94,2218100.0,2072300.0
1.0,1.0,1.0,,Welcome to the RITC 2026 Alogithmic Market Making Case - practice server,,94,2026-02-01 23:14:46.391297,SMMR,25.91,25.76,25.91,2280700.0,2212500.0
,,,,,,94,2026-02-01 23:14:46.391297,ATMN,24.68,24.68,24.81,2052000.0,1937400.0
,,,,,,94,2026-02-01 23:14:46.391297,WNTR,24.07,24.07,24.3,2199200.0,2252900.0
2.0,1.0,1.0,,Aggregate Position Limit,Your CRO has set the aggregate position limit to 13000 shares for this week.,95,2026-02-01 23:14:47.449106,SPNG,25.65,25.59,25.65,2211400.0,2072600.0
1.0,1.0,1.0,,Welcome to the RITC 2026 Alogithmic Market Making Case - practice server,,95,2026-02-01 23:14:47.449106,SMMR,25.73,25.84,25.91,2263700.0,2212500.0
,,,,,,95,2026-02-01 23:14:47.449106,ATMN,24.86,24.66,24.86,2029800.0,1916000.0
,,,,,,95,2026-02-01 23:14:47.449106,WNTR,24.19,24.07,24.19,2206600.0,2290400.0
2.0,1.0,1.0,,Aggregate Position Limit,Your CRO has set the aggregate position limit to 13000 shares for this week.,96,2026-02-01 23:14:48.544024,SPNG,25.59,25.59,25.74,2211400.0,2100800.0
1.0,1.0,1.0,,Welcome to the RITC 2026 Alogithmic Market Making Case - practice server,,96,2026-02-01 23:14:48.544024,SMMR,25.84,25.69,25.72,2275400.0,2232000.0
,,,,,,96,2026-02-01 23:14:48.544024,ATMN,24.58,24.58,24.86,2019000.0,1923100.0
,,,,,,96,2026-02-01 23:14:48.544024,WNTR,24.07,24.07,24.19,2206500.0,2290400.0
2.0,1.0,1.0,,Aggregate Position Limit,Your CRO has set the aggregate position limit to 13000 shares for this week.,97,2026-02-01 23:14:49.653909,SPNG,25.74,25.71,25.74,2185700.0,2100800.0
1.0,1.0,1.0,,Welcome to the RITC 2026 Alogithmic Market Making Case - practice server,,97,2026-02-01 23:14:49.653909,SMMR,25.72,25.82,25.91,2280600.0,2219100.0
,,,,,,97,2026-02-01 23:14:49.653909,ATMN,24.85,24.58,24.83,2019000.0,2015400.0
,,,,,,97,2026-02-01 23:14:49.653909,WNTR,24.07,24.07,24.19,2224700.0,2290400.0
2.0,1.0,1.0,,Aggregate Position Limit,Your CRO has set the aggregate position limit to 13000 shares for this week.,98,2026-02-01 23:14:50.717546,SPNG,26.04,25.61,26.04,2185400.0,2095600.0
1.0,1.0,1.0,,Welcome to the RITC 2026 Alogithmic Market Making Case - practice server,,98,2026-02-01 23:14:50.717546,SMMR,25.82,25.69,25.7,2263800.0,2242400.0
,,,,,,98,2026-02-01 23:14:50.717546,ATMN,24.83,24.72,24.83,2002800.0,2015400.0
,,,,,,98,2026-02-01 23:14:50.717546,WNTR,24.19,24.23,24.3,2229700.0,2287800.0
2.0,1.0,1.0,,Aggregate Position Limit,Your CRO has set the aggregate position limit to 13000 shares for this week.,99,2026-02-01 23:14:51.858194,SPNG,25.59,25.59,26.04,2209700.0,2083000.0
1.0,1.0,1.0,,Welcome to the RITC 2026 Alogithmic Market Making Case - practice server,,99,2026-02-01 23:14:51.858194,SMMR,25.69,25.69,25.76,2243100.0,2229600.0
,,,,,,99,2026-02-01 23:14:51.858194,ATMN,24.65,24.65,24.71,2027400.0,2014200.0
,,,,,,99,2026-02-01 23:14:51.858194,WNTR,24.07,24.07,24.3,2224700.0,2314900.0
2.0,1.0,1.0,,Aggregate Position Limit,Your CRO has set the aggregate position limit to 13000 shares for this week.,100,2026-02-01 23:14:53.062266,SPNG,25.59,25.59,26.02,2185500.0,2091600.0
1.0,1.0,1.0,,Welcome to the RITC 2026 Alogithmic Market Making Case - practice server,,100,2026-02-01 23:14:53.062266,SMMR,25.86,25.69,25.86,2243100.0,2231100.0
,,,,,,100,2026-02-01 23:14:53.062266,ATMN,24.83,24.81,24.83,2059100.0,2015400.0
,,,,,,100,2026-02-01 23:14:53.062266,WNTR,24.07,24.08,24.3,2231600.0,2314900.0
2.0,1.0,1.0,,Aggregate Position Limit,Your CRO has set the aggregate position limit to 13000 shares for this week.,101,2026-02-01 23:14:54.179608,SPNG,25.59,25.89,26.02,2157900.0,2098200.0
1.0,1.0,1.0,,Welcome to the RITC 2026 Alogithmic Market Making Case - practice server,,101,2026-02-01 23:14:54.179608,SMMR,25.86,25.89,25.9,2245600.0,2255900.0
,,,,,,101,2026-02-01 23:14:54.179608,ATMN,24.75,24.78,24.83,2092900.0,2036600.0
,,,,,,101,2026-02-01 23:14:54.179608,WNTR,24.07,24.09,24.11,2247900.0,2288400.0
2.0,1.0,1.0,,Aggregate Position Limit,Your CRO has set the aggregate position limit to 13000 shares for this week.,102,2026-02-01 23:14:55.298522,SPNG,25.73,25.58,25.73,2206200.0,2107200.0
1.0,1.0,1.0,,Welcome to the RITC 2026 Alogithmic Market Making Case - practice server,,102,2026-02-01 23:14:55.298522,SMMR,25.69,25.69,25.9,2243100.0,2219100.0
,,,,,,102,2026-02-01 23:14:55.298522,ATMN,24.86,24.86,24.93,2073400.0,1986300.0
,,,,,,102,2026-02-01 23:14:55.298522,WNTR,24.09,24.29,24.3,2240700.0,2283000.0
2.0,1.0,1.0,,Aggregate Position Limit,Your CRO has set the aggregate position limit to 13000 shares for this week.,104,2026-02-01 23:14:56.623699,SPNG,26.07,25.71,26.07,2209000.0,2118500.0
1.0,1.0,1.0,,Welcome to the RITC 2026 Alogithmic Market Making Case - practice server,,104,2026-02-01 23:14:56.623699,SMMR,25.68,25.68,25.77,2251000.0,2238700.0
,,,,,,104,2026-02-01 23:14:56.623699,ATMN,24.65,24.65,24.71,2025900.0,1986300.0
,,,,,,104,2026-02-01 23:14:56.623699,WNTR,24.4,24.27,24.4,2247900.0,2239600.0
2.0,1.0,1.0,,Aggregate Position Limit,Your CRO has set the aggregate position limit to 13000 shares for this week.,105,2026-02-01 23:14:58.131837,SPNG,25.48,25.48,26.07,2251000.0,2102600.0
1.0,1.0,1.0,,Welcome to the RITC 2026 Alogithmic Market Making Case - practice server,,105,2026-02-01 23:14:58.131837,SMMR,25.67,25.67,25.77,2255400.0,2229700.0
,,,,,,105,2026-02-01 23:14:58.131837,ATMN,24.65,24.65,24.93,2037500.0,2030400.0
,,,,,,105,2026-02-01 23:14:58.131837,WNTR,24.27,24.29,24.4,2264000.0,2233100.0
2.0,1.0,1.0,,Aggregate Position Limit,Your CRO has set the aggregate position limit to 13000 shares for this week.,106,2026-02-01 23:14:59.330027,SPNG,25.91,25.48,25.67,2251000.0,2109900.0
1.0,1.0,1.0,,Welcome to the RITC 2026 Alogithmic Market Making Case - practice server,,106,2026-02-01 23:14:59.330027,SMMR,25.66,25.66,25.9,2241500.0,2231700.0
,,,,,,106,2026-02-01 23:14:59.330027,ATMN,24.65,24.65,24.76,2037500.0,1976800.0
,,,,,,106,2026-02-01 23:14:59.330027,WNTR,24.29,24.16,24.19,2243700.0,2237500.0
2.0,1.0,1.0,,Aggregate Position Limit,Your CRO has set the aggregate position limit to 13000 shares for this week.,108,2026-02-01 23:15:00.630639,SPNG,25.67,25.91,26.07,2218800.0,2120300.0
1.0,1.0,1.0,,Welcome to the RITC 2026 Alogithmic Market Making Case - practice server,,108,2026-02-01 23:15:00.630639,SMMR,25.65,25.65,25.9,2277400.0,2205100.0
,,,,,,108,2026-02-01 23:15:00.630639,ATMN,24.63,24.63,24.89,2046700.0,1976300.0
,,,,,,108,2026-02-01 23:15:00.630639,WNTR,24.08,24.09,24.19,2248300.0,2237500.0
2.0,1.0,1.0,,Aggregate Position Limit,Your CRO has set the aggregate position limit to 13000 shares for this week.,109,2026-02-01 23:15:01.775980,SPNG,25.91,25.48,25.55,2236200.0,2139300.0
1.0,1.0,1.0,,Welcome to the RITC 2026 Alogithmic Market Making Case - practice server,,109,2026-02-01 23:15:01.775980,SMMR,25.9,25.65,25.74,2277400.0,2187500.0
,,,,,,109,2026-02-01 23:15:01.775980,ATMN,24.58,24.58,24.89,2029200.0,1951800.0
,,,,,,109,2026-02-01 23:15:01.775980,WNTR,24.26,24.37,24.4,2235800.0,2273400.0
2.0,1.0,1.0,,Aggregate Position Limit,Your CRO has set the aggregate position limit to 13000 shares for this week.,110,2026-02-01 23:15:02.901227,SPNG,25.45,25.51,26.07,2242100.0,2124200.0
1.0,1.0,1.0,,Welcome to the RITC 2026 Alogithmic Market Making Case - practice server,,110,2026-02-01 23:15:02.901227,SMMR,25.9,25.65,25.9,2277400.0,2200800.0
,,,,,,110,2026-02-01 23:15:02.901227,ATMN,24.83,24.83,24.91,2042400.0,1971600.0
,,,,,,110,2026-02-01 23:15:02.901227,WNTR,24.41,24.37,24.41,2235800.0,2303400.0
2.0,1.0,1.0,,Aggregate Position Limit,Your CRO has set the aggregate position limit to 13000 shares for this week.,111,2026-02-01 23:15:04.023180,SPNG,25.45,25.45,26.07,2242300.0,2124200.0
1.0,1.0,1.0,,Welcome to the RITC 2026 Alogithmic Market Making Case - practice server,,111,2026-02-01 23:15:04.023180,SMMR,25.64,25.64,25.93,2246400.0,2231200.0
,,,,,,111,2026-02-01 23:15:04.023180,ATMN,24.83,24.72,24.78,2018400.0,1985900.0
,,,,,,111,2026-02-01 23:15:04.023180,WNTR,24.37,24.09,24.31,2254400.0,2305400.0
2.0,1.0,1.0,,Aggregate Position Limit,Your CRO has set the aggregate position limit to 13000 shares for this week.,112,2026-02-01 23:15:05.235789,SPNG,26.23,25.47,26.23,2249400.0,2102300.0
1.0,1.0,1.0,,Welcome to the RITC 2026 Alogithmic Market Making Case - practice server,,112,2026-02-01 23:15:05.235789,SMMR,25.83,25.64,25.67,2246400.0,2210200.0
,,,,,,112,2026-02-01 23:15:05.235789,ATMN,24.83,24.72,24.74,2018400.0,1995300.0
,,,,,,112,2026-02-01 23:15:05.235789,WNTR,24.09,24.15,24.41,2266800.0,2303400.0
2.0,1.0,1.0,,Aggregate Position Limit,Your CRO has set the aggregate position limit to 13000 shares for this week.,113,2026-02-01 23:15:06.451042,SPNG,25.98,26.08,26.23,2253500.0,2102300.0
1.0,1.0,1.0,,Welcome to the RITC 2026 Alogithmic Market Making Case - practice server,,113,2026-02-01 23:15:06.451042,SMMR,25.67,25.72,25.87,2220400.0,2220400.0
,,,,,,113,2026-02-01 23:15:06.451042,ATMN,24.56,24.56,24.93,2006200.0,1986100.0
,,,,,,113,2026-02-01 23:15:06.451042,WNTR,24.09,24.15,24.31,2261200.0,2297700.0
2.0,1.0,1.0,,Aggregate Position Limit,Your CRO has set the aggregate position limit to 13000 shares for this week.,115,2026-02-01 23:15:07.732918,SPNG,26.08,25.47,25.55,2235900.0,2113700.0
1.0,1.0,1.0,,Welcome to the RITC 2026 Alogithmic Market Making Case - practice server,,115,2026-02-01 23:15:07.732918,SMMR,25.64,25.64,25.79,2212700.0,2230700.0
,,,,,,115,2026-02-01 23:15:07.732918,ATMN,24.74,24.57,24.74,2015000.0,1986100.0
,,,,,,115,2026-02-01 23:15:07.732918,WNTR,24.31,24.35,24.41,2253200.0,2288200.0
2.0,1.0,1.0,,Aggregate Position Limit,Your CRO has set the aggregate position limit to 13000 shares for this week.,116,2026-02-01 23:15:08.820723,SPNG,26.08,25.49,25.55,2237100.0,2113700.0
1.0,1.0,1.0,,Welcome to the RITC 2026 Alogithmic Market Making Case - practice server,,116,2026-02-01 23:15:08.820723,SMMR,25.64,25.66,25.79,2228500.0,2230700.0
,,,,,,116,2026-02-01 23:15:08.820723,ATMN,24.74,24.77,24.85,2039700.0,1985900.0
,,,,,,116,2026-02-01 23:15:08.820723,WNTR,24.42,24.35,24.42,2267800.0,2287300.0
2.0,1.0,1.0,,Aggregate Position Limit,Your CRO has set the aggregate position limit to 13000 shares for this week.,117,2026-02-01 23:15:09.913710,SPNG,25.55,25.95,26.23,2239100.0,2097300.0
1.0,1.0,1.0,,Welcome to the RITC 2026 Alogithmic Market Making Case - practice server,,117,2026-02-01 23:15:09.913710,SMMR,25.66,25.66,25.87,2228500.0,2220400.0
,,,,,,117,2026-02-01 23:15:09.913710,ATMN,24.65,24.65,24.85,2024900.0,1999800.0
,,,,,,117,2026-02-01 23:15:09.913710,WNTR,24.42,24.37,24.42,2281700.0,2287300.0
2.0,1.0,1.0,,Aggregate Position Limit,Your CRO has set the aggregate position limit to 13000 shares for this week.,118,2026-02-01 23:15:11.015921,SPNG,25.92,25.95,26.23,2258200.0,2097300.0
1.0,1.0,1.0,,Welcome to the RITC 2026 Alogithmic Market Making Case - practice server,,118,2026-02-01 23:15:11.015921,SMMR,25.71,25.71,25.87,2201000.0,2232100.0
,,,,,,118,2026-02-01 23:15:11.015921,ATMN,24.56,24.56,24.74,2033400.0,2030000.0
,,,,,,118,2026-02-01 23:15:11.015921,WNTR,24.35,24.35,24.42,2308200.0,2287300.0
2.0,1.0,1.0,,Aggregate Position Limit,Your CRO has set the aggregate position limit to 13000 shares for this week.,119,2026-02-01 23:15:12.231856,SPNG,25.49,25.49,26.23,2244900.0,2097300.0
1.0,1.0,1.0,,Welcome to the RITC 2026 Alogithmic Market Making Case - practice server,,119,2026-02-01 23:15:12.231856,SMMR,25.61,25.61,25.8,2189600.0,2234100.0
,,,,,,119,2026-02-01 23:15:12.231856,ATMN,24.54,24.54,24.74,2006900.0,2030000.0
,,,,,,119,2026-02-01 23:15:12.231856,WNTR,24.45,24.35,24.45,2316800.0,2228300.0
2.0,1.0,1.0,,Aggregate Position Limit,Your CRO has set the aggregate position limit to 13000 shares for this week.,120,2026-02-01 23:15:13.297276,SPNG,34.5,28.22,29.53,909800.0,820400.0
1.0,1.0,1.0,,Welcome to the RITC 2026 Alogithmic Market Making Case - practice server,,120,2026-02-01 23:15:13.297276,SMMR,25.61,24.57,24.93,958700.0,1012500.0
,,,,,,120,2026-02-01 23:15:13.297276,ATMN,27.36,26.12,27.28,981900.0,684900.0
,,,,,,120,2026-02-01 23:15:13.297276,WNTR,24.35,24.35,24.51,904000.0,972400.0
2.0,1.0,1.0,,Aggregate Position Limit,Your CRO has set the aggregate position limit to 13000 shares for this week.,121,2026-02-01 23:15:14.394324,SPNG,34.5,28.22,28.45,909800.0,1101200.0
1.0,1.0,1.0,,Welcome to the RITC 2026 Alogithmic Market Making Case - practice server,,121,2026-02-01 23:15:14.394324,SMMR,24.57,24.57,24.72,958700.0,1273400.0
,,,,,,121,2026-02-01 23:15:14.394324,ATMN,27.72,26.99,27.11,1088900.0,772200.0
,,,,,,121,2026-02-01 23:15:14.394324,WNTR,24.34,23.89,24.22,1068500.0,1105200.0
2.0,1.0,1.0,,Aggregate Position Limit,Your CRO has set the aggregate position limit to 13000 shares for this week.,122,2026-02-01 23:15:15.466081,SPNG,27.6,26.74,27.39,1031600.0,1421300.0
1.0,1.0,1.0,,Welcome to the RITC 2026 Alogithmic Market Making Case - practice server,,122,2026-02-01 23:15:15.466081,SMMR,24.57,24.57,24.66,958700.0,1664100.0
,,,,,,122,2026-02-01 23:15:15.466081,ATMN,27.72,26.99,27.11,1392500.0,772200.0
,,,,,,122,2026-02-01 23:15:15.466081,WNTR,24.34,24.08,24.22,1402500.0,1105200.0
2.0,1.0,1.0,,Aggregate Position Limit,Your CRO has set the aggregate position limit to 13000 shares for this week.,124,2026-02-01 23:15:16.575517,SPNG,25.65,25.65,26.32,1140000.0,1703900.0
1.0,1.0,1.0,,Welcome to the RITC 2026 Alogithmic Market Making Case - practice server,,124,2026-02-01 23:15:16.575517,SMMR,24.48,24.29,24.45,1259900.0,1873100.0
,,,,,,124,2026-02-01 23:15:16.575517,ATMN,27.11,27.28,27.72,1770500.0,681600.0
,,,,,,124,2026-02-01 23:15:16.575517,WNTR,24.34,24.08,24.22,1861200.0,1105200.0
2.0,1.0,1.0,,Aggregate Position Limit,Your CRO has set the aggregate position limit to 13000 shares for this week.,125,2026-02-01 23:15:17.748565,SPNG,25.65,25.43,25.6,1377900.0,1824900.0
1.0,1.0,1.0,,Welcome to the RITC 2026 Alogithmic Market Making Case - practice server,,125,2026-02-01 23:15:17.748565,SMMR,24.52,24.52,24.55,1396100.0,1907000.0
,,,,,,125,2026-02-01 23:15:17.748565,ATMN,26.99,26.99,27.65,1662900.0,774100.0
,,,,,,125,2026-02-01 23:15:17.748565,WNTR,24.64,24.08,24.64,1986100.0,965900.0
2.0,1.0,1.0,,Aggregate Position Limit,Your CRO has set the aggregate position limit to 13000 shares for this week.,126,2026-02-01 23:15:18.813078,SPNG,25.6,26.17,26.26,1474900.0,1929100.0
1.0,1.0,1.0,,Welcome to the RITC 2026 Alogithmic Market Making Case - practice server,,126,2026-02-01 23:15:18.813078,SMMR,24.64,24.52,24.64,1396100.0,1876400.0
,,,,,,126,2026-02-01 23:15:18.813078,ATMN,27.06,27.22,27.65,1860600.0,774100.0
,,,,,,126,2026-02-01 23:15:18.813078,WNTR,24.38,24.22,24.38,2201600.0,1085800.0
2.0,1.0,1.0,,Aggregate Position Limit,Your CRO has set the aggregate position limit to 13000 shares for this week.,127,2026-02-01 23:15:19.859868,SPNG,26.17,25.43,25.65,1377900.0,1995100.0
1.0,1.0,1.0,,Welcome to the RITC 2026 Alogithmic Market Making Case - practice server,,127,2026-02-01 23:15:19.859868,SMMR,24.29,24.29,24.3,1259900.0,2136900.0
,,,,,,127,2026-02-01 23:15:19.859868,ATMN,27.28,27.22,27.28,1860600.0,886300.0
,,,,,,127,2026-02-01 23:15:19.859868,WNTR,24.38,24.48,24.56,2317200.0,1074300.0
2.0,1.0,1.0,,Aggregate Position Limit,Your CRO has set the aggregate position limit to 13000 shares for this week.,128,2026-02-01 23:15:20.904881,SPNG,25.43,25.43,26.26,1516300.0,1962600.0
1.0,1.0,1.0,,Welcome to the RITC 2026 Alogithmic Market Making Case - practice server,,128,2026-02-01 23:15:20.904881,SMMR,24.3,24.3,24.51,1537000.0,2114500.0
,,,,,,128,2026-02-01 23:15:20.904881,ATMN,27.28,27.22,27.28,1970400.0,1075900.0
,,,,,,128,2026-02-01 23:15:20.904881,WNTR,24.22,24.22,24.56,2201600.0,1185800.0
2.0,1.0,1.0,,Aggregate Position Limit,Your CRO has set the aggregate position limit to 13000 shares for this week.,129,2026-02-01 23:15:22.005804,SPNG,25.43,25.43,25.91,1516300.0,1993300.0
1.0,1.0,1.0,,Welcome to the RITC 2026 Alogithmic Market Making Case - practice server,,129,2026-02-01 23:15:22.005804,SMMR,24.38,24.39,24.48,1661000.0,2315100.0
,,,,,,129,2026-02-01 23:15:22.005804,ATMN,27.28,27.48,27.58,1989000.0,1058200.0
,,,,,,129,2026-02-01 23:15:22.005804,WNTR,24.22,24.1,24.16,2331800.0,1434500.0
2.0,1.0,1.0,,Aggregate Position Limit,Your CRO has set the aggregate position limit to 13000 shares for this week.,130,2026-02-01 23:15:23.102133,SPNG,25.43,25.43,25.7,1770200.0,2005300.0
1.0,1.0,1.0,,Welcome to the RITC 2026 Alogithmic Market Making Case - practice server,,130,2026-02-01 23:15:23.102133,SMMR,24.51,24.5,24.51,1799700.0,2352000.0
,,,,,,130,2026-02-01 23:15:23.102133,ATMN,27.53,27.53,27.58,1985300.0,1149200.0
,,,,,,130,2026-02-01 23:15:23.102133,WNTR,24.31,24.41,24.56,2294300.0,1282200.0
2.0,1.0,1.0,,Aggregate Position Limit,Your CRO has set the aggregate position limit to 13000 shares for this week.,131,2026-02-01 23:15:24.155065,SPNG,25.7,25.59,25.7,1903600.0,1993800.0
1.0,1.0,1.0,,Welcome to the RITC 2026 Alogithmic Market Making Case - practice server,,131,2026-02-01 23:15:24.155065,SMMR,24.51,24.39,24.51,1770800.0,2352000.0
,,,,,,131,2026-02-01 23:15:24.155065,ATMN,27.53,27.53,27.58,1929700.0,1252300.0
,,,,,,131,2026-02-01 23:15:24.155065,WNTR,24.41,24.1,24.35,2331800.0,1504500.0
2.0,1.0,1.0,,Aggregate Position Limit,Your CRO has set the aggregate position limit to 13000 shares for this week.,132,2026-02-01 23:15:25.209448,SPNG,25.59,25.59,25.66,1903600.0,2042100.0
1.0,1.0,1.0,,Welcome to the RITC 2026 Alogithmic Market Making Case - practice server,,132,2026-02-01 23:15:25.209448,SMMR,24.52,24.39,24.52,1770800.0,2320900.0
,,,,,,132,2026-02-01 23:15:25.209448,ATMN,27.47,27.47,27.58,1960700.0,1425400.0
,,,,,,132,2026-02-01 23:15:25.209448,WNTR,24.1,24.1,24.35,2331800.0,1504500.0
2.0,1.0,1.0,,Aggregate Position Limit,Your CRO has set the aggregate position limit to 13000 shares for this week.,133,2026-02-01 23:15:26.329516,SPNG,25.59,25.59,25.66,2038600.0,2053400.0
1.0,1.0,1.0,,Welcome to the RITC 2026 Alogithmic Market Making Case - practice server,,133,2026-02-01 23:15:26.329516,SMMR,24.54,24.39,24.47,1874800.0,2295400.0
,,,,,,133,2026-02-01 23:15:26.329516,ATMN,27.33,27.22,27.29,2000300.0,1519800.0
,,,,,,133,2026-02-01 23:15:26.329516,WNTR,24.1,24.2,24.35,2320800.0,1611000.0
2.0,1.0,1.0,,Aggregate Position Limit,Your CRO has set the aggregate position limit to 13000 shares for this week.,134,2026-02-01 23:15:27.386563,SPNG,25.59,25.59,25.63,2038600.0,2084500.0
1.0,1.0,1.0,,Welcome to the RITC 2026 Alogithmic Market Making Case - practice server,,134,2026-02-01 23:15:27.386563,SMMR,24.54,24.39,24.47,2105300.0,2295400.0
,,,,,,134,2026-02-01 23:15:27.386563,ATMN,27.63,27.29,27.41,1962600.0,1440700.0
,,,,,,134,2026-02-01 23:15:27.386563,WNTR,24.2,24.2,24.27,2320800.0,1812800.0
2.0,1.0,1.0,,Aggregate Position Limit,Your CRO has set the aggregate position limit to 13000 shares for this week.,135,2026-02-01 23:15:28.448986,SPNG,25.46,25.43,25.46,2027000.0,2093600.0
1.0,1.0,1.0,,Welcome to the RITC 2026 Alogithmic Market Making Case - practice server,,135,2026-02-01 23:15:28.448986,SMMR,24.48,24.52,24.54,2207500.0,2303800.0
,,,,,,135,2026-02-01 23:15:28.448986,ATMN,27.41,27.29,27.41,1946400.0,1440700.0
,,,,,,135,2026-02-01 23:15:28.448986,WNTR,24.27,24.33,24.35,2306300.0,1821600.0
2.0,1.0,1.0,,Aggregate Position Limit,Your CRO has set the aggregate position limit to 13000 shares for this week.,136,2026-02-01 23:15:29.519650,SPNG,25.42,25.42,25.66,2017900.0,2058900.0
1.0,1.0,1.0,,Welcome to the RITC 2026 Alogithmic Market Making Case - practice server,,136,2026-02-01 23:15:29.519650,SMMR,24.38,24.38,24.54,2095100.0,2326100.0
,,,,,,136,2026-02-01 23:15:29.519650,ATMN,27.22,27.29,27.41,1942600.0,1440700.0
,,,,,,136,2026-02-01 23:15:29.519650,WNTR,24.42,24.46,24.48,2277700.0,1612800.0
2.0,1.0,1.0,,Aggregate Position Limit,Your CRO has set the aggregate position limit to 13000 shares for this week.,137,2026-02-01 23:15:30.559909,SPNG,25.82,25.35,25.68,1905100.0,2048000.0
1.0,1.0,1.0,,Welcome to the RITC 2026 Alogithmic Market Making Case - practice server,,137,2026-02-01 23:15:30.559909,SMMR,24.37,24.36,24.37,1985300.0,2314700.0
,,,,,,137,2026-02-01 23:15:30.559909,ATMN,27.29,27.29,27.41,1922000.0,1440700.0
,,,,,,137,2026-02-01 23:15:30.559909,WNTR,24.42,24.46,24.48,2246400.0,1804300.0
2.0,1.0,1.0,,Aggregate Position Limit,Your CRO has set the aggregate position limit to 13000 shares for this week.,138,2026-02-01 23:15:31.593857,SPNG,25.68,25.35,25.68,2020500.0,2048000.0
1.0,1.0,1.0,,Welcome to the RITC 2026 Alogithmic Market Making Case - practice server,,138,2026-02-01 23:15:31.593857,SMMR,24.37,24.52,24.54,2319200.0,2326100.0
,,,,,,138,2026-02-01 23:15:31.593857,ATMN,27.29,27.38,27.63,1913300.0,1440300.0
,,,,,,138,2026-02-01 23:15:31.593857,WNTR,24.42,24.46,24.48,2246400.0,2154700.0
2.0,1.0,1.0,,Aggregate Position Limit,Your CRO has set the aggregate position limit to 13000 shares for this week.,139,2026-02-01 23:15:32.637920,SPNG,25.68,25.38,25.68,2117200.0,2048000.0
1.0,1.0,1.0,,Welcome to the RITC 2026 Alogithmic Market Making Case - practice server,,139,2026-02-01 23:15:32.637920,SMMR,24.54,24.52,24.54,2447500.0,2356500.0
,,,,,,139,2026-02-01 23:15:32.637920,ATMN,27.29,27.38,27.63,1913300.0,1735600.0
,,,,,,139,2026-02-01 23:15:32.637920,WNTR,24.23,24.2,24.22,2319300.0,2178000.0
2.0,1.0,1.0,,Aggregate Position Limit,Your CRO has set the aggregate position limit to 13000 shares for this week.,141,2026-02-01 23:15:33.735533,SPNG,25.38,25.38,25.56,2312500.0,2075700.0
1.0,1.0,1.0,,Welcome to the RITC 2026 Alogithmic Market Making Case - practice server,,141,2026-02-01 23:15:33.735533,SMMR,24.48,24.36,24.41,2224900.0,2386800.0
,,,,,,141,2026-02-01 23:15:33.735533,ATMN,27.64,27.38,27.64,1913300.0,1810400.0
,,,,,,141,2026-02-01 23:15:33.735533,WNTR,24.11,24.11,24.22,2311400.0,2178000.0
2.0,1.0,1.0,,Aggregate Position Limit,Your CRO has set the aggregate position limit to 13000 shares for this week.,142,2026-02-01 23:15:34.783843,SPNG,25.82,25.63,25.82,2403100.0,2049400.0
1.0,1.0,1.0,,Welcome to the RITC 2026 Alogithmic Market Making Case - practice server,,142,2026-02-01 23:15:34.783843,SMMR,24.48,24.36,24.41,2422800.0,2386800.0
,,,,,,142,2026-02-01 23:15:34.783843,ATMN,27.22,27.1,27.12,1929100.0,1855400.0
,,,,,,142,2026-02-01 23:15:34.783843,WNTR,24.49,24.26,24.49,2262300.0,2155300.0
2.0,1.0,1.0,,Aggregate Position Limit,Your CRO has set the aggregate position limit to 13000 shares for this week.,143,2026-02-01 23:15:35.817826,SPNG,25.37,25.37,25.82,2184700.0,2090200.0
1.0,1.0,1.0,,Welcome to the RITC 2026 Alogithmic Market Making Case - practice server,,143,2026-02-01 23:15:35.817826,SMMR,24.48,24.36,24.41,2388200.0,2386800.0
,,,,,,143,2026-02-01 23:15:35.817826,ATMN,27.12,27.28,27.56,1919300.0,1853400.0
,,,,,,143,2026-02-01 23:15:35.817826,WNTR,24.49,24.49,24.55,2259600.0,2145100.0
2.0,1.0,1.0,,Aggregate Position Limit,Your CRO has set the aggregate position limit to 13000 shares for this week.,144,2026-02-01 23:15:36.878522,SPNG,25.83,25.37,25.83,2305200.0,2087100.0
1.0,1.0,1.0,,Welcome to the RITC 2026 Alogithmic Market Making Case - practice server,,144,2026-02-01 23:15:36.878522,SMMR,24.41,24.42,24.52,2330500.0,2399600.0
,,,,,,144,2026-02-01 23:15:36.878522,ATMN,27.12,27.28,27.53,1918200.0,1891400.0
,,,,,,144,2026-02-01 23:15:36.878522,WNTR,24.37,24.26,24.37,2262300.0,2124800.0
2.0,1.0,1.0,,Aggregate Position Limit,Your CRO has set the aggregate position limit to 13000 shares for this week.,145,2026-02-01 23:15:37.948193,SPNG,25.32,25.32,25.87,2213800.0,2066700.0
1.0,1.0,1.0,,Welcome to the RITC 2026 Alogithmic Market Making Case - practice server,,145,2026-02-01 23:15:37.948193,SMMR,24.41,24.49,24.52,2322600.0,2401600.0
,,,,,,145,2026-02-01 23:15:37.948193,ATMN,27.1,27.1,27.53,1926300.0,1886100.0
,,,,,,145,2026-02-01 23:15:37.948193,WNTR,24.37,24.26,24.29,2262000.0,2142600.0
2.0,1.0,1.0,,Aggregate Position Limit,Your CRO has set the aggregate position limit to 13000 shares for this week.,146,2026-02-01 23:15:39.007320,SPNG,25.87,25.38,25.87,2442900.0,2066700.0
1.0,1.0,1.0,,Welcome to the RITC 2026 Alogithmic Market Making Case - practice server,,146,2026-02-01 23:15:39.007320,SMMR,24.49,24.49,24.52,2319100.0,2408600.0
,,,,,,146,2026-02-01 23:15:39.007320,ATMN,27.1,27.1,27.31,1926300.0,1898700.0
,,,,,,146,2026-02-01 23:15:39.007320,WNTR,24.21,24.21,24.37,2290200.0,2156400.0
2.0,1.0,1.0,,Aggregate Position Limit,Your CRO has set the aggregate position limit to 13000 shares for this week.,147,2026-02-01 23:15:40.077601,SPNG,25.46,25.62,25.87,2459300.0,2066700.0
1.0,1.0,1.0,,Welcome to the RITC 2026 Alogithmic Market Making Case - practice server,,147,2026-02-01 23:15:40.077601,SMMR,24.49,24.49,24.52,2298100.0,2392600.0
,,,,,,147,2026-02-01 23:15:40.077601,ATMN,27.31,27.2,27.31,1926200.0,1898700.0
,,,,,,147,2026-02-01 23:15:40.077601,WNTR,24.39,24.47,24.55,2290200.0,2137100.0
2.0,1.0,1.0,,Aggregate Position Limit,Your CRO has set the aggregate position limit to 13000 shares for this week.,148,2026-02-01 23:15:41.170519,SPNG,25.62,25.38,25.51,2423200.0,2097300.0
1.0,1.0,1.0,,Welcome to the RITC 2026 Alogithmic Market Making Case - practice server,,148,2026-02-01 23:15:41.170519,SMMR,24.48,24.42,24.43,2280900.0,2366800.0
,,,,,,148,2026-02-01 23:15:41.170519,ATMN,27.2,27.15,27.16,1922300.0,1918000.0
,,,,,,148,2026-02-01 23:15:41.170519,WNTR,24.47,24.22,24.37,2254200.0,2138500.0
2.0,1.0,1.0,,Aggregate Position Limit,Your CRO has set the aggregate position limit to 13000 shares for this week.,149,2026-02-01 23:15:42.240957,SPNG,25.62,25.46,25.51,2406700.0,2097300.0
1.0,1.0,1.0,,Welcome to the RITC 2026 Alogithmic Market Making Case - practice server,,149,2026-02-01 23:15:42.240957,SMMR,24.44,24.5,24.52,2277500.0,2372700.0
,,,,,,149,2026-02-01 23:15:42.240957,ATMN,27.15,27.15,27.38,1930400.0,1891000.0
,,,,,,149,2026-02-01 23:15:42.240957,WNTR,24.22,24.29,24.37,2281500.0,2138500.0
2.0,1.0,1.0,,Aggregate Position Limit,Your CRO has set the aggregate position limit to 13000 shares for this week.,150,2026-02-01 23:15:43.307957,SPNG,25.46,25.46,25.77,2409700.0,2111100.0
1.0,1.0,1.0,,Welcome to the RITC 2026 Alogithmic Market Making Case - practice server,,150,2026-02-01 23:15:43.307957,SMMR,24.38,24.38,24.43,2308300.0,2407100.0
,,,,,,150,2026-02-01 23:15:43.307957,ATMN,27.38,27.47,27.49,1936800.0,1877200.0
,,,,,,150,2026-02-01 23:15:43.307957,WNTR,24.22,24.29,24.37,2281500.0,2206200.0
2.0,1.0,1.0,,Aggregate Position Limit,Your CRO has set the aggregate position limit to 13000 shares for this week.,151,2026-02-01 23:15:44.363592,SPNG,25.6,25.64,25.69,2384700.0,2142600.0
1.0,1.0,1.0,,Welcome to the RITC 2026 Alogithmic Market Making Case - practice server,,151,2026-02-01 23:15:44.363592,SMMR,24.38,24.38,24.52,2308300.0,2389300.0
,,,,,,151,2026-02-01 23:15:44.363592,ATMN,27.11,27.11,27.27,1911300.0,1900100.0
,,,,,,151,2026-02-01 23:15:44.363592,WNTR,24.41,24.2,24.41,2271500.0,2177300.0
2.0,1.0,1.0,,Aggregate Position Limit,Your CRO has set the aggregate position limit to 13000 shares for this week.,152,2026-02-01 23:15:45.407835,SPNG,25.38,25.38,25.58,2424700.0,2161100.0
1.0,1.0,1.0,,Welcome to the RITC 2026 Alogithmic Market Making Case - practice server,,152,2026-02-01 23:15:45.407835,SMMR,24.38,24.38,24.44,2275000.0,2364900.0
,,,,,,152,2026-02-01 23:15:45.407835,ATMN,27.53,27.34,27.53,1920600.0,1893700.0
,,,,,,152,2026-02-01 23:15:45.407835,WNTR,24.09,24.09,24.25,2304700.0,2201800.0
2.0,1.0,1.0,,Aggregate Position Limit,Your CRO has set the aggregate position limit to 13000 shares for this week.,153,2026-02-01 23:15:46.452526,SPNG,25.65,25.38,25.65,2428600.0,2139200.0
1.0,1.0,1.0,,Welcome to the RITC 2026 Alogithmic Market Making Case - practice server,,153,2026-02-01 23:15:46.452526,SMMR,24.35,24.35,24.41,2323800.0,2383200.0
,,,,,,153,2026-02-01 23:15:46.452526,ATMN,27.53,27.34,27.53,1920600.0,1869700.0
,,,,,,153,2026-02-01 23:15:46.452526,WNTR,24.25,24.09,24.25,2294100.0,2201800.0
2.0,1.0,1.0,,Aggregate Position Limit,Your CRO has set the aggregate position limit to 13000 shares for this week.,154,2026-02-01 23:15:47.462878,SPNG,25.69,25.38,25.69,2372400.0,2142600.0
1.0,1.0,1.0,,Welcome to the RITC 2026 Alogithmic Market Making Case - practice server,,154,2026-02-01 23:15:47.462878,SMMR,24.35,24.39,24.41,2297400.0,2383200.0
,,,,,,154,2026-02-01 23:15:47.462878,ATMN,27.53,27.11,27.53,1901900.0,1869700.0
,,,,,,154,2026-02-01 23:15:47.462878,WNTR,24.25,24.4,24.41,2262800.0,2219900.0
2.0,1.0,1.0,,Aggregate Position Limit,Your CRO has set the aggregate position limit to 13000 shares for this week.,155,2026-02-01 23:15:48.486564,SPNG,25.63,25.67,25.69,2319500.0,2144600.0
1.0,1.0,1.0,,Welcome to the RITC 2026 Alogithmic Market Making Case - practice server,,155,2026-02-01 23:15:48.486564,SMMR,24.33,24.33,24.41,2331800.0,2370200.0
,,,,,,155,2026-02-01 23:15:48.486564,ATMN,27.56,27.29,27.56,1888200.0,1861700.0
,,,,,,155,2026-02-01 23:15:48.486564,WNTR,24.08,24.08,24.33,2308200.0,2214600.0
2.0,1.0,1.0,,Aggregate Position Limit,Your CRO has set the aggregate position limit to 13000 shares for this week.,156,2026-02-01 23:15:49.512637,SPNG,25.77,25.34,25.77,2402400.0,2121200.0
1.0,1.0,1.0,,Welcome to the RITC 2026 Alogithmic Market Making Case - practice server,,156,2026-02-01 23:15:49.512637,SMMR,24.33,24.33,24.53,2349700.0,2358600.0
,,,,,,156,2026-02-01 23:15:49.512637,ATMN,27.57,27.29,27.57,1889300.0,1838100.0
,,,,,,156,2026-02-01 23:15:49.512637,WNTR,24.49,24.1,24.35,2298400.0,2226400.0
2.0,1.0,1.0,,Aggregate Position Limit,Your CRO has set the aggregate position limit to 13000 shares for this week.,157,2026-02-01 23:15:50.532499,SPNG,25.87,25.27,25.87,2456600.0,2090800.0
1.0,1.0,1.0,,Welcome to the RITC 2026 Alogithmic Market Making Case - practice server,,157,2026-02-01 23:15:50.532499,SMMR,24.47,24.48,24.53,2308700.0,2358600.0
,,,,,,157,2026-02-01 23:15:50.532499,ATMN,27.57,27.29,27.31,1883700.0,1852900.0
,,,,,,157,2026-02-01 23:15:50.532499,WNTR,24.49,24.16,24.49,2315300.0,2217000.0
2.0,1.0,1.0,,Aggregate Position Limit,Your CRO has set the aggregate position limit to 13000 shares for this week.,158,2026-02-01 23:15:51.573740,SPNG,25.21,25.21,25.61,2483100.0,2091500.0
1.0,1.0,1.0,,Welcome to the RITC 2026 Alogithmic Market Making Case - practice server,,158,2026-02-01 23:15:51.573740,SMMR,24.36,24.33,24.36,2309600.0,2384900.0
,,,,,,158,2026-02-01 23:15:51.573740,ATMN,27.31,27.51,27.57,1902500.0,1838100.0
,,,,,,158,2026-02-01 23:15:51.573740,WNTR,24.16,24.16,24.49,2315300.0,2213400.0
2.0,1.0,1.0,,Aggregate Position Limit,Your CRO has set the aggregate position limit to 13000 shares for this week.,159,2026-02-01 23:15:52.602375,SPNG,25.49,25.49,25.61,2476500.0,2117200.0
1.0,1.0,1.0,,Welcome to the RITC 2026 Alogithmic Market Making Case - practice server,,159,2026-02-01 23:15:52.602375,SMMR,24.41,24.44,24.53,2315600.0,2358600.0
,,,,,,159,2026-02-01 23:15:52.602375,ATMN,27.24,27.21,27.24,1895100.0,1872300.0
,,,,,,159,2026-02-01 23:15:52.602375,WNTR,24.16,24.31,24.36,2333000.0,2211900.0
2.0,1.0,1.0,,Aggregate Position Limit,Your CRO has set the aggregate position limit to 13000 shares for this week.,160,2026-02-01 23:15:53.623037,SPNG,25.21,25.68,25.93,2470800.0,2094200.0
1.0,1.0,1.0,,Welcome to the RITC 2026 Alogithmic Market Making Case - practice server,,160,2026-02-01 23:15:53.623037,SMMR,24.41,24.44,24.53,2315600.0,2364200.0
,,,,,,160,2026-02-01 23:15:53.623037,ATMN,27.63,27.21,27.63,1904200.0,1848900.0
,,,,,,160,2026-02-01 23:15:53.623037,WNTR,24.26,24.26,24.36,2306400.0,2185400.0
2.0,1.0,1.0,,Aggregate Position Limit,Your CRO has set the aggregate position limit to 13000 shares for this week.,161,2026-02-01 23:15:54.712004,SPNG,25.36,25.21,25.36,2483100.0,2108200.0
1.0,1.0,1.0,,Welcome to the RITC 2026 Alogithmic Market Making Case - practice server,,161,2026-02-01 23:15:54.712004,SMMR,24.44,24.38,24.43,2310200.0,2288600.0
,,,,,,161,2026-02-01 23:15:54.712004,ATMN,27.22,27.21,27.22,1907300.0,1875900.0
,,,,,,161,2026-02-01 23:15:54.712004,WNTR,24.26,24.26,24.36,2295900.0,2200200.0
2.0,1.0,1.0,,Aggregate Position Limit,Your CRO has set the aggregate position limit to 13000 shares for this week.,162,2026-02-01 23:15:55.752830,SPNG,25.36,25.49,25.83,2466100.0,2087100.0
1.0,1.0,1.0,,Welcome to the RITC 2026 Alogithmic Market Making Case - practice server,,162,2026-02-01 23:15:55.752830,SMMR,24.44,24.41,24.43,2295400.0,2281400.0
,,,,,,162,2026-02-01 23:15:55.752830,ATMN,27.2,27.2,27.29,1888500.0,1876400.0
,,,,,,162,2026-02-01 23:15:55.752830,WNTR,24.23,24.24,24.36,2317900.0,2218500.0
2.0,1.0,1.0,,Aggregate Position Limit,Your CRO has set the aggregate position limit to 13000 shares for this week.,163,2026-02-01 23:15:56.801018,SPNG,25.49,25.37,25.49,2455900.0,2108600.0
1.0,1.0,1.0,,Welcome to the RITC 2026 Alogithmic Market Making Case - practice server,,163,2026-02-01 23:15:56.801018,SMMR,24.33,24.34,24.43,2347300.0,2281400.0
,,,,,,163,2026-02-01 23:15:56.801018,ATMN,27.51,27.16,27.51,1897500.0,1851200.0
,,,,,,163,2026-02-01 23:15:56.801018,WNTR,24.37,24.26,24.37,2325700.0,2243300.0
2.0,1.0,1.0,,Aggregate Position Limit,Your CRO has set the aggregate position limit to 13000 shares for this week.,165,2026-02-01 23:15:57.864630,SPNG,25.83,25.37,25.8,2455900.0,2110700.0
1.0,1.0,1.0,,Welcome to the RITC 2026 Alogithmic Market Making Case - practice server,,165,2026-02-01 23:15:57.864630,SMMR,24.33,24.34,24.43,2321300.0,2314400.0
,,,,,,165,2026-02-01 23:15:57.864630,ATMN,27.1,27.1,27.21,1906200.0,1885600.0
,,,,,,165,2026-02-01 23:15:57.864630,WNTR,24.33,24.26,24.33,2325700.0,2228100.0
2.0,1.0,1.0,,Aggregate Position Limit,Your CRO has set the aggregate position limit to 13000 shares for this week.,166,2026-02-01 23:15:58.891506,SPNG,25.8,25.19,25.8,2462300.0,2110700.0
1.0,1.0,1.0,,Welcome to the RITC 2026 Alogithmic Market Making Case - practice server,,166,2026-02-01 23:15:58.891506,SMMR,24.33,24.34,24.42,2333600.0,2317100.0
,,,,,,166,2026-02-01 23:15:58.891506,ATMN,27.07,27.07,27.48,1954000.0,1881100.0
,,,,,,166,2026-02-01 23:15:58.891506,WNTR,24.23,24.23,24.33,2336200.0,2228100.0
2.0,1.0,1.0,,Aggregate Position Limit,Your CRO has set the aggregate position limit to 13000 shares for this week.,167,2026-02-01 23:15:59.933509,SPNG,25.58,25.19,25.53,2445400.0,2139700.0
1.0,1.0,1.0,,Welcome to the RITC 2026 Alogithmic Market Making Case - practice server,,167,2026-02-01 23:15:59.933509,SMMR,24.33,24.34,24.42,2302600.0,2351800.0
,,,,,,167,2026-02-01 23:15:59.933509,ATMN,27.07,27.31,27.35,1939600.0,1897300.0
,,,,,,167,2026-02-01 23:15:59.933509,WNTR,24.32,24.32,24.33,2305600.0,2221000.0
2.0,1.0,1.0,,Aggregate Position Limit,Your CRO has set the aggregate position limit to 13000 shares for this week.,168,2026-02-01 23:16:00.971750,SPNG,25.19,25.19,25.8,2445400.0,2110200.0
1.0,1.0,1.0,,Welcome to the RITC 2026 Alogithmic Market Making Case - practice server,,168,2026-02-01 23:16:00.971750,SMMR,24.43,24.4,24.43,2266900.0,2344800.0
,,,,,,168,2026-02-01 23:16:00.971750,ATMN,27.31,27.07,27.18,1938000.0,1895900.0
,,,,,,168,2026-02-01 23:16:00.971750,WNTR,24.33,24.33,24.35,2313400.0,2232600.0
2.0,1.0,1.0,,Aggregate Position Limit,Your CRO has set the aggregate position limit to 13000 shares for this week.,169,2026-02-01 23:16:02.036236,SPNG,25.19,25.59,25.8,2339900.0,2119200.0
1.0,1.0,1.0,,Welcome to the RITC 2026 Alogithmic Market Making Case - practice server,,169,2026-02-01 23:16:02.036236,SMMR,24.44,24.4,24.44,2277200.0,2328300.0
,,,,,,169,2026-02-01 23:16:02.036236,ATMN,27.07,27.07,27.18,1959900.0,1895900.0
,,,,,,169,2026-02-01 23:16:02.036236,WNTR,24.12,24.12,24.35,2322100.0,2232600.0
2.0,1.0,1.0,,Aggregate Position Limit,Your CRO has set the aggregate position limit to 13000 shares for this week.,170,2026-02-01 23:16:03.061025,SPNG,25.83,25.86,25.95,2351700.0,2095100.0
1.0,1.0,1.0,,Welcome to the RITC 2026 Alogithmic Market Making Case - practice server,,170,2026-02-01 23:16:03.061025,SMMR,24.44,24.4,24.44,2277200.0,2312200.0
,,,,,,170,2026-02-01 23:16:03.061025,ATMN,27.18,27.26,27.27,1980000.0,1886100.0
,,,,,,170,2026-02-01 23:16:03.061025,WNTR,24.12,24.12,24.24,2328000.0,2216600.0
2.0,1.0,1.0,,Aggregate Position Limit,Your CRO has set the aggregate position limit to 13000 shares for this week.,171,2026-02-01 23:16:04.071419,SPNG,25.53,25.19,25.24,2445400.0,2093500.0
1.0,1.0,1.0,,Welcome to the RITC 2026 Alogithmic Market Making Case - practice server,,171,2026-02-01 23:16:04.071419,SMMR,24.44,24.44,24.53,2270700.0,2302500.0
,,,,,,171,2026-02-01 23:16:04.071419,ATMN,27.35,27.26,27.35,1980000.0,1890600.0
,,,,,,171,2026-02-01 23:16:04.071419,WNTR,24.24,24.12,24.23,2313000.0,2212200.0
2.0,1.0,1.0,,Aggregate Position Limit,Your CRO has set the aggregate position limit to 13000 shares for this week.,172,2026-02-01 23:16:05.096358,SPNG,26.0,25.58,26.0,2356400.0,2076400.0
1.0,1.0,1.0,,Welcome to the RITC 2026 Alogithmic Market Making Case - practice server,,172,2026-02-01 23:16:05.096358,SMMR,24.54,24.44,24.48,2236400.0,2297300.0
,,,,,,172,2026-02-01 23:16:05.096358,ATMN,27.26,27.07,27.2,1973000.0,1867400.0
,,,,,,172,2026-02-01 23:16:05.096358,WNTR,24.24,24.13,24.22,2315000.0,2212200.0
2.0,1.0,1.0,,Aggregate Position Limit,Your CRO has set the aggregate position limit to 13000 shares for this week.,173,2026-02-01 23:16:06.164160,SPNG,25.68,25.7,26.0,2353600.0,2076400.0
1.0,1.0,1.0,,Welcome to the RITC 2026 Alogithmic Market Making Case - practice server,,173,2026-02-01 23:16:06.164160,SMMR,24.55,24.47,24.55,2267500.0,2352900.0
,,,,,,173,2026-02-01 23:16:06.164160,ATMN,27.26,27.08,27.2,1935100.0,1867400.0
,,,,,,173,2026-02-01 23:16:06.164160,WNTR,24.15,24.15,24.24,2327000.0,2216600.0
2.0,1.0,1.0,,Aggregate Position Limit,Your CRO has set the aggregate position limit to 13000 shares for this week.,174,2026-02-01 23:16:07.230745,SPNG,25.1,25.1,25.44,2421100.0,2091400.0
1.0,1.0,1.0,,Welcome to the RITC 2026 Alogithmic Market Making Case - practice server,,174,2026-02-01 23:16:07.230745,SMMR,24.34,24.34,24.55,2302600.0,2352300.0
,,,,,,174,2026-02-01 23:16:07.230745,ATMN,27.26,27.08,27.2,1928000.0,1895500.0
,,,,,,174,2026-02-01 23:16:07.230745,WNTR,24.24,24.24,24.35,2293500.0,2247300.0
2.0,1.0,1.0,,Aggregate Position Limit,Your CRO has set the aggregate position limit to 13000 shares for this week.,175,2026-02-01 23:16:08.265501,SPNG,25.44,25.61,26.0,2309400.0,2100800.0
1.0,1.0,1.0,,Welcome to the RITC 2026 Alogithmic Market Making Case - practice server,,175,2026-02-01 23:16:08.265501,SMMR,24.34,24.41,24.42,2272300.0,2323000.0
,,,,,,175,2026-02-01 23:16:08.265501,ATMN,27.51,27.51,27.63,1949200.0,1877100.0
,,,,,,175,2026-02-01 23:16:08.265501,WNTR,24.24,24.15,24.24,2318200.0,2222900.0
2.0,1.0,1.0,,Aggregate Position Limit,Your CRO has set the aggregate position limit to 13000 shares for this week.,176,2026-02-01 23:16:09.298480,SPNG,25.61,25.1,25.5,2309800.0,2123500.0
1.0,1.0,1.0,,Welcome to the RITC 2026 Alogithmic Market Making Case - practice server,,176,2026-02-01 23:16:09.298480,SMMR,24.55,24.41,24.55,2272300.0,2381600.0
,,,,,,176,2026-02-01 23:16:09.298480,ATMN,27.51,27.51,27.59,1949200.0,1906400.0
,,,,,,176,2026-02-01 23:16:09.298480,WNTR,24.12,24.12,24.24,2321200.0,2229300.0
2.0,1.0,1.0,,Aggregate Position Limit,Your CRO has set the aggregate position limit to 13000 shares for this week.,177,2026-02-01 23:16:10.320472,SPNG,26.0,25.27,26.0,2238800.0,2100800.0
1.0,1.0,1.0,,Welcome to the RITC 2026 Alogithmic Market Making Case - practice server,,177,2026-02-01 23:16:10.320472,SMMR,24.58,24.34,24.5,2302600.0,2376500.0
,,,,,,177,2026-02-01 23:16:10.320472,ATMN,27.51,27.07,27.43,1938500.0,1903500.0
,,,,,,177,2026-02-01 23:16:10.320472,WNTR,24.3,24.12,24.3,2321200.0,2233300.0
2.0,1.0,1.0,,Aggregate Position Limit,Your CRO has set the aggregate position limit to 13000 shares for this week.,178,2026-02-01 23:16:11.360608,SPNG,26.0,25.81,26.0,2263500.0,2100800.0
1.0,1.0,1.0,,Welcome to the RITC 2026 Alogithmic Market Making Case - practice server,,178,2026-02-01 23:16:11.360608,SMMR,24.34,24.34,24.36,2280200.0,2357500.0
,,,,,,178,2026-02-01 23:16:11.360608,ATMN,27.43,27.25,27.43,1940100.0,1903500.0
,,,,,,178,2026-02-01 23:16:11.360608,WNTR,24.12,24.12,24.35,2293500.0,2199400.0
2.0,1.0,1.0,,Aggregate Position Limit,Your CRO has set the aggregate position limit to 13000 shares for this week.,179,2026-02-01 23:16:12.380375,SPNG,25.81,25.27,25.81,2284400.0,2120300.0
1.0,1.0,1.0,,Welcome to the RITC 2026 Alogithmic Market Making Case - practice server,,179,2026-02-01 23:16:12.380375,SMMR,24.38,24.34,24.38,2260400.0,2358400.0
,,,,,,179,2026-02-01 23:16:12.380375,ATMN,27.59,27.25,27.5,1928800.0,1887000.0
,,,,,,179,2026-02-01 23:16:12.380375,WNTR,24.1,24.1,24.37,2335600.0,2210400.0
2.0,1.0,1.0,,Aggregate Position Limit,Your CRO has set the aggregate position limit to 13000 shares for this week.,180,2026-02-01 23:16:13.410359,SPNG,25.81,24.9,25.46,995800.0,776200.0
1.0,1.0,1.0,,Welcome to the RITC 2026 Alogithmic Market Making Case - practice server,,180,2026-02-01 23:16:13.410359,SMMR,24.52,24.52,25.22,899800.0,799400.0
,,,,,,180,2026-02-01 23:16:13.410359,ATMN,27.59,26.34,26.72,810900.0,802600.0
,,,,,,180,2026-02-01 23:16:13.410359,WNTR,24.1,25.35,25.43,983500.0,806700.0
2.0,1.0,1.0,,Aggregate Position Limit,Your CRO has set the aggregate position limit to 13000 shares for this week.,181,2026-02-01 23:16:14.430154,SPNG,24.9,24.49,24.69,1071000.0,1014900.0
1.0,1.0,1.0,,Welcome to the RITC 2026 Alogithmic Market Making Case - practice server,,181,2026-02-01 23:16:14.430154,SMMR,24.48,24.48,24.72,876400.0,1165500.0
,,,,,,181,2026-02-01 23:16:14.430154,ATMN,27.59,26.34,26.38,897400.0,981300.0
,,,,,,181,2026-02-01 23:16:14.430154,WNTR,25.43,25.35,25.43,1082500.0,919700.0
2.0,1.0,1.0,,Aggregate Position Limit,Your CRO has set the aggregate position limit to 13000 shares for this week.,182,2026-02-01 23:16:15.458443,SPNG,24.49,23.89,24.39,1243000.0,975200.0
1.0,1.0,1.0,,Welcome to the RITC 2026 Alogithmic Market Making Case - practice server,,182,2026-02-01 23:16:15.458443,SMMR,24.46,24.46,24.53,886800.0,1278600.0
,,,,,,182,2026-02-01 23:16:15.458443,ATMN,26.38,26.34,26.38,897400.0,1088000.0
,,,,,,182,2026-02-01 23:16:15.458443,WNTR,25.43,25.35,25.43,1331100.0,1008900.0
2.0,1.0,1.0,,Aggregate Position Limit,Your CRO has set the aggregate position limit to 13000 shares for this week.,183,2026-02-01 23:16:16.490036,SPNG,24.39,25.22,25.31,1479200.0,996400.0
1.0,1.0,1.0,,Welcome to the RITC 2026 Alogithmic Market Making Case - practice server,,183,2026-02-01 23:16:16.490036,SMMR,24.46,24.46,24.53,886800.0,1629800.0
,,,,,,183,2026-02-01 23:16:16.490036,ATMN,26.3,26.3,26.38,788500.0,1296800.0
,,,,,,183,2026-02-01 23:16:16.490036,WNTR,25.43,25.35,25.39,1430700.0,1243300.0
2.0,1.0,1.0,,Aggregate Position Limit,Your CRO has set the aggregate position limit to 13000 shares for this week.,184,2026-02-01 23:16:17.515935,SPNG,25.22,24.11,25.21,1502200.0,1216700.0
1.0,1.0,1.0,,Welcome to the RITC 2026 Alogithmic Market Making Case - practice server,,184,2026-02-01 23:16:17.515935,SMMR,24.29,24.29,24.53,1143700.0,1736600.0
,,,,,,184,2026-02-01 23:16:17.515935,ATMN,26.3,26.3,26.33,901200.0,1597900.0
,,,,,,184,2026-02-01 23:16:17.515935,WNTR,25.43,25.43,25.44,1631300.0,999200.0
2.0,1.0,1.0,,Aggregate Position Limit,Your CRO has set the aggregate position limit to 13000 shares for this week.,185,2026-02-01 23:16:18.549951,SPNG,25.31,24.6,25.31,1859500.0,1103800.0
1.0,1.0,1.0,,Welcome to the RITC 2026 Alogithmic Market Making Case - practice server,,185,2026-02-01 23:16:18.549951,SMMR,24.52,24.29,24.45,1143700.0,1874100.0
,,,,,,185,2026-02-01 23:16:18.549951,ATMN,25.95,25.95,26.33,944900.0,1597900.0
,,,,,,185,2026-02-01 23:16:18.549951,WNTR,25.35,25.35,25.44,1533600.0,1121800.0
2.0,1.0,1.0,,Aggregate Position Limit,Your CRO has set the aggregate position limit to 13000 shares for this week.,186,2026-02-01 23:16:19.575259,SPNG,24.93,25.08,25.31,1976900.0,1103800.0
1.0,1.0,1.0,,Welcome to the RITC 2026 Alogithmic Market Making Case - practice server,,186,2026-02-01 23:16:19.575259,SMMR,24.52,24.35,24.45,1484500.0,1874100.0
,,,,,,186,2026-02-01 23:16:19.575259,ATMN,26.33,26.24,26.33,1034200.0,1706100.0
,,,,,,186,2026-02-01 23:16:19.575259,WNTR,25.49,25.35,25.39,1624900.0,1029300.0
2.0,1.0,1.0,,Aggregate Position Limit,Your CRO has set the aggregate position limit to 13000 shares for this week.,187,2026-02-01 23:16:20.610059,SPNG,25.06,25.18,25.31,1951100.0,1357500.0
1.0,1.0,1.0,,Welcome to the RITC 2026 Alogithmic Market Making Case - practice server,,187,2026-02-01 23:16:20.610059,SMMR,24.45,24.5,24.53,1618400.0,1825900.0
,,,,,,187,2026-02-01 23:16:20.610059,ATMN,26.36,26.24,26.36,1235400.0,1715600.0
,,,,,,187,2026-02-01 23:16:20.610059,WNTR,25.49,25.35,25.39,1624900.0,1321500.0
2.0,1.0,1.0,,Aggregate Position Limit,Your CRO has set the aggregate position limit to 13000 shares for this week.,188,2026-02-01 23:16:21.629659,SPNG,25.18,24.79,25.17,1953200.0,1614000.0
1.0,1.0,1.0,,Welcome to the RITC 2026 Alogithmic Market Making Case - practice server,,188,2026-02-01 23:16:21.629659,SMMR,24.53,24.52,24.53,1602000.0,1825900.0
,,,,,,188,2026-02-01 23:16:21.629659,ATMN,26.43,26.24,26.43,1235400.0,1480500.0
,,,,,,188,2026-02-01 23:16:21.629659,WNTR,25.36,25.35,25.36,1524900.0,1437800.0
2.0,1.0,1.0,,Aggregate Position Limit,Your CRO has set the aggregate position limit to 13000 shares for this week.,189,2026-02-01 23:16:22.669568,SPNG,25.18,24.89,25.03,2053800.0,1845400.0
1.0,1.0,1.0,,Welcome to the RITC 2026 Alogithmic Market Making Case - practice server,,189,2026-02-01 23:16:22.669568,SMMR,24.52,24.35,24.52,1484500.0,2150900.0
,,,,,,189,2026-02-01 23:16:22.669568,ATMN,26.21,26.03,26.2,1259500.0,1575500.0
,,,,,,189,2026-02-01 23:16:22.669568,WNTR,25.36,25.36,25.39,1543000.0,1551400.0
2.0,1.0,1.0,,Aggregate Position Limit,Your CRO has set the aggregate position limit to 13000 shares for this week.,190,2026-02-01 23:16:23.681480,SPNG,25.18,24.89,24.96,2270500.0,1978600.0
1.0,1.0,1.0,,Welcome to the RITC 2026 Alogithmic Market Making Case - practice server,,190,2026-02-01 23:16:23.681480,SMMR,24.52,24.35,24.52,1484500.0,2250300.0
,,,,,,190,2026-02-01 23:16:23.681480,ATMN,26.16,26.03,26.06,1259500.0,1487200.0
,,,,,,190,2026-02-01 23:16:23.681480,WNTR,25.36,25.36,25.39,1634600.0,1657300.0
2.0,1.0,1.0,,Aggregate Position Limit,Your CRO has set the aggregate position limit to 13000 shares for this week.,191,2026-02-01 23:16:24.709269,SPNG,24.96,24.89,24.96,2528200.0,1978600.0
1.0,1.0,1.0,,Welcome to the RITC 2026 Alogithmic Market Making Case - practice server,,191,2026-02-01 23:16:24.709269,SMMR,24.65,24.35,24.65,1484500.0,1808100.0
,,,,,,191,2026-02-01 23:16:24.709269,ATMN,26.03,26.03,26.57,1259500.0,1271600.0
,,,,,,191,2026-02-01 23:16:24.709269,WNTR,25.36,25.36,25.39,1609200.0,1767800.0
2.0,1.0,1.0,,Aggregate Position Limit,Your CRO has set the aggregate position limit to 13000 shares for this week.,192,2026-02-01 23:16:25.739339,SPNG,24.89,24.89,25.03,2483800.0,1845400.0
1.0,1.0,1.0,,Welcome to the RITC 2026 Alogithmic Market Making Case - practice server,,192,2026-02-01 23:16:25.739339,SMMR,24.65,24.35,24.38,1603900.0,2011700.0
,,,,,,192,2026-02-01 23:16:25.739339,ATMN,26.57,26.03,26.14,1354000.0,1351300.0
,,,,,,192,2026-02-01 23:16:25.739339,WNTR,25.32,25.23,25.27,1289200.0,1979700.0
2.0,1.0,1.0,,Aggregate Position Limit,Your CRO has set the aggregate position limit to 13000 shares for this week.,193,2026-02-01 23:16:26.773519,SPNG,25.17,24.79,24.82,2522500.0,1806600.0
1.0,1.0,1.0,,Welcome to the RITC 2026 Alogithmic Market Making Case - practice server,,193,2026-02-01 23:16:26.773519,SMMR,24.65,24.35,24.38,1948300.0,2011700.0
,,,,,,193,2026-02-01 23:16:26.773519,ATMN,26.57,26.03,26.14,1759400.0,1351300.0
,,,,,,193,2026-02-01 23:16:26.773519,WNTR,25.27,25.28,25.39,1445600.0,1992400.0
2.0,1.0,1.0,,Aggregate Position Limit,Your CRO has set the aggregate position limit to 13000 shares for this week.,194,2026-02-01 23:16:27.799009,SPNG,25.18,25.25,25.31,2511600.0,1582000.0
1.0,1.0,1.0,,Welcome to the RITC 2026 Alogithmic Market Making Case - practice server,,194,2026-02-01 23:16:27.799009,SMMR,24.38,24.44,24.65,2300200.0,1915300.0
,,,,,,194,2026-02-01 23:16:27.799009,ATMN,26.27,26.27,26.57,1964900.0,1271600.0
,,,,,,194,2026-02-01 23:16:27.799009,WNTR,25.4,25.15,25.4,1425900.0,1882700.0
2.0,1.0,1.0,,Aggregate Position Limit,Your CRO has set the aggregate position limit to 13000 shares for this week.,195,2026-02-01 23:16:28.819168,SPNG,24.68,24.68,25.31,2178000.0,1682000.0
1.0,1.0,1.0,,Welcome to the RITC 2026 Alogithmic Market Making Case - practice server,,195,2026-02-01 23:16:28.819168,SMMR,24.35,24.42,24.65,2249800.0,1915300.0
,,,,,,195,2026-02-01 23:16:28.819168,ATMN,26.23,26.27,26.35,1950600.0,1361700.0
,,,,,,195,2026-02-01 23:16:28.819168,WNTR,25.41,25.13,25.41,1342800.0,1866000.0
2.0,1.0,1.0,,Aggregate Position Limit,Your CRO has set the aggregate position limit to 13000 shares for this week.,196,2026-02-01 23:16:29.848120,SPNG,24.74,24.82,25.31,2439800.0,1682000.0
1.0,1.0,1.0,,Welcome to the RITC 2026 Alogithmic Market Making Case - practice server,,196,2026-02-01 23:16:29.848120,SMMR,24.35,24.35,24.51,2169900.0,2018800.0
,,,,,,196,2026-02-01 23:16:29.848120,ATMN,26.23,26.27,26.35,1950600.0,1631100.0
,,,,,,196,2026-02-01 23:16:29.848120,WNTR,25.41,25.21,25.29,1466400.0,2033400.0
2.0,1.0,1.0,,Aggregate Position Limit,Your CRO has set the aggregate position limit to 13000 shares for this week.,197,2026-02-01 23:16:30.868568,SPNG,25.31,24.82,25.17,2439800.0,1803700.0
1.0,1.0,1.0,,Welcome to the RITC 2026 Alogithmic Market Making Case - practice server,,197,2026-02-01 23:16:30.868568,SMMR,24.56,24.35,24.55,2269100.0,2138200.0
,,,,,,197,2026-02-01 23:16:30.868568,ATMN,26.35,26.27,26.35,1950600.0,1893000.0
,,,,,,197,2026-02-01 23:16:30.868568,WNTR,25.41,25.26,25.3,1675900.0,2030700.0
2.0,1.0,1.0,,Aggregate Position Limit,Your CRO has set the aggregate position limit to 13000 shares for this week.,198,2026-02-01 23:16:31.908935,SPNG,24.75,24.68,24.75,2582800.0,1933500.0
1.0,1.0,1.0,,Welcome to the RITC 2026 Alogithmic Market Making Case - practice server,,198,2026-02-01 23:16:31.908935,SMMR,24.34,24.34,24.54,2005500.0,2246200.0
,,,,,,198,2026-02-01 23:16:31.908935,ATMN,26.17,26.03,26.15,1759400.0,1947900.0
,,,,,,198,2026-02-01 23:16:31.908935,WNTR,25.3,25.31,25.41,1889000.0,2031100.0
2.0,1.0,1.0,,Aggregate Position Limit,Your CRO has set the aggregate position limit to 13000 shares for this week.,199,2026-02-01 23:16:32.931947,SPNG,25.33,24.68,25.25,2582800.0,1697300.0
1.0,1.0,1.0,,Welcome to the RITC 2026 Alogithmic Market Making Case - practice server,,199,2026-02-01 23:16:32.931947,SMMR,24.55,24.52,24.55,2111400.0,2236100.0
,,,,,,199,2026-02-01 23:16:32.931947,ATMN,26.3,26.03,26.3,1865900.0,1907100.0
,,,,,,199,2026-02-01 23:16:32.931947,WNTR,25.31,25.28,25.31,1892500.0,2055800.0
2.0,1.0,1.0,,Aggregate Position Limit,Your CRO has set the aggregate position limit to 13000 shares for this week.,200,2026-02-01 23:16:33.956555,SPNG,25.25,25.26,25.45,2485100.0,1692800.0
1.0,1.0,1.0,,Welcome to the RITC 2026 Alogithmic Market Making Case - practice server,,200,2026-02-01 23:16:33.956555,SMMR,24.52,24.34,24.48,2125900.0,2294600.0
,,,,,,200,2026-02-01 23:16:33.956555,ATMN,26.39,26.23,26.39,2043000.0,1873800.0
,,,,,,200,2026-02-01 23:16:33.956555,WNTR,25.31,25.28,25.31,2225000.0,2055800.0
2.0,1.0,1.0,,Aggregate Position Limit,Your CRO has set the aggregate position limit to 13000 shares for this week.,202,2026-02-01 23:16:35.012078,SPNG,25.26,24.52,24.63,2606100.0,1805300.0
1.0,1.0,1.0,,Welcome to the RITC 2026 Alogithmic Market Making Case - practice server,,202,2026-02-01 23:16:35.012078,SMMR,24.55,24.34,24.55,2229700.0,2274600.0
,,,,,,202,2026-02-01 23:16:35.012078,ATMN,26.43,26.23,26.43,2024700.0,1759800.0
,,,,,,202,2026-02-01 23:16:35.012078,WNTR,25.31,25.31,25.41,2224700.0,2088700.0
2.0,1.0,1.0,,Aggregate Position Limit,Your CRO has set the aggregate position limit to 13000 shares for this week.,203,2026-02-01 23:16:36.031296,SPNG,24.63,24.74,24.81,2474500.0,1829100.0
1.0,1.0,1.0,,Welcome to the RITC 2026 Alogithmic Market Making Case - practice server,,203,2026-02-01 23:16:36.031296,SMMR,24.55,24.53,24.55,2207300.0,2263800.0
,,,,,,203,2026-02-01 23:16:36.031296,ATMN,26.47,26.35,26.36,2000500.0,1643700.0
,,,,,,203,2026-02-01 23:16:36.031296,WNTR,25.31,25.28,25.3,2223400.0,2161500.0
2.0,1.0,1.0,,Aggregate Position Limit,Your CRO has set the aggregate position limit to 13000 shares for this week.,204,2026-02-01 23:16:37.058379,SPNG,24.81,24.74,24.81,2356800.0,1829100.0
1.0,1.0,1.0,,Welcome to the RITC 2026 Alogithmic Market Making Case - practice server,,204,2026-02-01 23:16:37.058379,SMMR,24.59,24.54,24.59,2241300.0,2253000.0
,,,,,,204,2026-02-01 23:16:37.058379,ATMN,26.35,26.23,26.32,2003300.0,1751300.0
,,,,,,204,2026-02-01 23:16:37.058379,WNTR,25.41,25.21,25.41,2134600.0,2136800.0
2.0,1.0,1.0,,Aggregate Position Limit,Your CRO has set the aggregate position limit to 13000 shares for this week.,205,2026-02-01 23:16:38.088046,SPNG,25.45,24.74,25.45,2356800.0,1880000.0
1.0,1.0,1.0,,Welcome to the RITC 2026 Alogithmic Market Making Case - practice server,,205,2026-02-01 23:16:38.088046,SMMR,24.59,24.33,24.59,2130500.0,2253000.0
,,,,,,205,2026-02-01 23:16:38.088046,ATMN,26.19,26.19,26.32,1976100.0,1751300.0
,,,,,,205,2026-02-01 23:16:38.088046,WNTR,25.41,25.21,25.41,2207800.0,2166300.0
2.0,1.0,1.0,,Aggregate Position Limit,Your CRO has set the aggregate position limit to 13000 shares for this week.,206,2026-02-01 23:16:39.108313,SPNG,25.45,24.74,25.39,2356800.0,2133000.0
1.0,1.0,1.0,,Welcome to the RITC 2026 Alogithmic Market Making Case - practice server,,206,2026-02-01 23:16:39.108313,SMMR,24.57,24.33,24.57,2130500.0,2276100.0
,,,,,,206,2026-02-01 23:16:39.108313,ATMN,26.19,26.28,26.32,1947100.0,1751300.0
,,,,,,206,2026-02-01 23:16:39.108313,WNTR,25.41,25.21,25.41,2232200.0,2166300.0
2.0,1.0,1.0,,Aggregate Position Limit,Your CRO has set the aggregate position limit to 13000 shares for this week.,207,2026-02-01 23:16:40.117979,SPNG,25.15,24.61,25.15,2401000.0,2163800.0
1.0,1.0,1.0,,Welcome to the RITC 2026 Alogithmic Market Making Case - practice server,,207,2026-02-01 23:16:40.117979,SMMR,24.33,24.33,24.57,2010100.0,2255600.0
,,,,,,207,2026-02-01 23:16:40.117979,ATMN,26.54,26.28,26.54,1965500.0,1454600.0
,,,,,,207,2026-02-01 23:16:40.117979,WNTR,25.29,25.29,25.41,2265100.0,2163400.0
2.0,1.0,1.0,,Aggregate Position Limit,Your CRO has set the aggregate position limit to 13000 shares for this week.,208,2026-02-01 23:16:41.158164,SPNG,24.49,24.52,25.15,2523500.0,2163800.0
1.0,1.0,1.0,,Welcome to the RITC 2026 Alogithmic Market Making Case - practice server,,208,2026-02-01 23:16:41.158164,SMMR,24.33,24.45,24.56,2261000.0,2241600.0
,,,,,,208,2026-02-01 23:16:41.158164,ATMN,26.28,26.28,26.44,1965500.0,1666000.0
,,,,,,208,2026-02-01 23:16:41.158164,WNTR,25.42,25.32,25.42,2221000.0,2133800.0
