news_id,period,tick,ticker,headline,body,tick,timestamp,ticker,last_price,bid_price,ask_price,BUY_ANON,SELL_ANON,SELL_COLA-6,BUY_COLA-6
2.0,1.0,1.0,,Aggregate Position Limit,Your CRO has set the aggregate position limit to 10000 shares for this week.,2,2026-02-01 04:11:22.298440,SPNG,25.09,25.09,25.25,2139200.0,2010000.0,0,0
1.0,1.0,1.0,,Welcome to the RITC 2026 Alogithmic Market Making Case - practice server,,2,2026-02-01 04:11:22.298440,SMMR,25.08,25.02,25.08,1854200.0,2225300.0,0,0
,,,,,,2,2026-02-01 04:11:22.298440,ATMN,25.21,24.88,25.21,2377600.0,2027600.0,0,0
,,,,,,2,2026-02-01 04:11:22.298440,WNTR,25.05,24.99,25.05,2006200.0,2034900.0,0,0
2.0,1.0,1.0,,Aggregate Position Limit,Your CRO has set the aggregate position limit to 10000 shares for this week.,3,2026-02-01 04:11:23.332012,SPNG,24.95,24.95,25.25,2022700.0,1982100.0,0,0
1.0,1.0,1.0,,Welcome to the RITC 2026 Alogithmic Market Making Case - practice server,,3,2026-02-01 04:11:23.332012,SMMR,25.09,25.02,25.09,1854200.0,2247200.0,0,0
,,,,,,3,2026-02-01 04:11:23.332012,ATMN,24.81,24.81,25.21,2370800.0,2142500.0,0,0
,,,,,,3,2026-02-01 04:11:23.332012,WNTR,24.98,24.89,24.95,1920100.0,2075100.0,0,0
2.0,1.0,1.0,,Aggregate Position Limit,Your CRO has set the aggregate position limit to 10000 shares for this week.,4,2026-02-01 04:11:24.365206,SPNG,24.75,25.2,25.25,1935900.0,1979000.0,0,0
1.0,1.0,1.0,,Welcome to the RITC 2026 Alogithmic Market Making Case - practice server,,4,2026-02-01 04:11:24.365206,SMMR,25.19,25.02,25.14,1854200.0,2214300.0,0,0
,,,,,,4,2026-02-01 04:11:24.365206,ATMN,24.76,24.76,25.21,2341100.0,2142500.0,0,0
,,,,,,4,2026-02-01 04:11:24.365206,WNTR,25.06,25.04,25.06,2028100.0,2013100.0,0,0
2.0,1.0,1.0,,Aggregate Position Limit,Your CRO has set the aggregate position limit to 10000 shares for this week.,5,2026-02-01 04:11:25.397584,SPNG,25.2,24.75,25.17,1823100.0,2065900.0,0,0
1.0,1.0,1.0,,Welcome to the RITC 2026 Alogithmic Market Making Case - practice server,,5,2026-02-01 04:11:25.397584,SMMR,25.19,25.12,25.14,1977900.0,2214100.0,0,0
,,,,,,5,2026-02-01 04:11:25.397584,ATMN,25.21,25.26,25.35,2333200.0,2237400.0,0,0
,,,,,,5,2026-02-01 04:11:25.397584,WNTR,24.94,24.81,24.94,1803200.0,2033700.0,0,0
2.0,1.0,1.0,,Aggregate Position Limit,Your CRO has set the aggregate position limit to 10000 shares for this week.,6,2026-02-01 04:11:26.438680,SPNG,24.68,25.16,25.17,1809400.0,2072000.0,0,0
1.0,1.0,1.0,,Welcome to the RITC 2026 Alogithmic Market Making Case - practice server,,6,2026-02-01 04:11:26.438680,SMMR,24.99,24.99,25.12,1755200.0,2214100.0,0,0
,,,,,,6,2026-02-01 04:11:26.438680,ATMN,24.91,24.97,25.35,2310100.0,2354200.0,0,0
,,,,,,6,2026-02-01 04:11:26.438680,WNTR,25.09,24.86,25.09,2118300.0,2001700.0,0,0
2.0,1.0,1.0,,Aggregate Position Limit,Your CRO has set the aggregate position limit to 10000 shares for this week.,8,2026-02-01 04:11:27.500529,SPNG,25.24,24.68,25.24,1723300.0,2044800.0,0,0
1.0,1.0,1.0,,Welcome to the RITC 2026 Alogithmic Market Making Case - practice server,,8,2026-02-01 04:11:27.500529,SMMR,24.95,24.95,25.19,1552300.0,2217700.0,0,0
,,,,,,8,2026-02-01 04:11:27.500529,ATMN,24.91,24.97,25.14,2310100.0,2373300.0,0,0
,,,,,,8,2026-02-01 04:11:27.500529,WNTR,24.79,24.79,25.09,2163900.0,2001700.0,0,0
2.0,1.0,1.0,,Aggregate Position Limit,Your CRO has set the aggregate position limit to 10000 shares for this week.,9,2026-02-01 04:11:28.534799,SPNG,25.25,24.88,25.25,1830300.0,2022000.0,0,0
1.0,1.0,1.0,,Welcome to the RITC 2026 Alogithmic Market Making Case - practice server,,9,2026-02-01 04:11:28.534799,SMMR,24.88,25.03,25.19,1560000.0,2202300.0,0,0
,,,,,,9,2026-02-01 04:11:28.534799,ATMN,24.81,24.68,24.81,2325800.0,2390300.0,0,0
,,,,,,9,2026-02-01 04:11:28.534799,WNTR,25.13,25.15,25.17,2149900.0,2023100.0,0,0
2.0,1.0,1.0,,Aggregate Position Limit,Your CRO has set the aggregate position limit to 10000 shares for this week.,10,2026-02-01 04:11:29.567229,SPNG,25.25,24.93,24.94,1916800.0,2063800.0,0,0
1.0,1.0,1.0,,Welcome to the RITC 2026 Alogithmic Market Making Case - practice server,,10,2026-02-01 04:11:29.567229,SMMR,24.79,24.79,25.19,1233000.0,2202300.0,0,0
,,,,,,10,2026-02-01 04:11:29.567229,ATMN,24.81,25.05,25.14,2299900.0,2379600.0,0,0
,,,,,,10,2026-02-01 04:11:29.567229,WNTR,25.15,24.79,25.02,2155000.0,2009400.0,0,0
2.0,1.0,1.0,,Aggregate Position Limit,Your CRO has set the aggregate position limit to 10000 shares for this week.,11,2026-02-01 04:11:30.597441,SPNG,25.25,24.93,24.94,2142000.0,2040900.0,0,0
1.0,1.0,1.0,,Welcome to the RITC 2026 Alogithmic Market Making Case - practice server,,11,2026-02-01 04:11:30.597441,SMMR,24.76,24.76,25.04,1124200.0,2192600.0,0,0
,,,,,,11,2026-02-01 04:11:30.597441,ATMN,25.14,24.81,25.14,2318700.0,2380200.0,0,0
,,,,,,11,2026-02-01 04:11:30.597441,WNTR,25.02,25.16,25.17,2180200.0,2023100.0,0,0
2.0,1.0,1.0,,Aggregate Position Limit,Your CRO has set the aggregate position limit to 10000 shares for this week.,12,2026-02-01 04:11:31.636151,SPNG,24.98,24.93,24.98,2142000.0,2022500.0,0,0
1.0,1.0,1.0,,Welcome to the RITC 2026 Alogithmic Market Making Case - practice server,,12,2026-02-01 04:11:31.636151,SMMR,24.72,24.82,25.04,1263100.0,2192600.0,0,0
,,,,,,12,2026-02-01 04:11:31.636151,ATMN,25.14,24.81,24.82,2312900.0,2368700.0,0,0
,,,,,,12,2026-02-01 04:11:31.636151,WNTR,25.21,25.16,25.21,2180800.0,2020100.0,0,0
2.0,1.0,1.0,,Aggregate Position Limit,Your CRO has set the aggregate position limit to 10000 shares for this week.,13,2026-02-01 04:11:32.667014,SPNG,24.86,24.86,24.98,2182200.0,2056300.0,0,0
1.0,1.0,1.0,,Welcome to the RITC 2026 Alogithmic Market Making Case - practice server,,13,2026-02-01 04:11:32.667014,SMMR,24.72,24.82,25.04,1500900.0,2202400.0,0,0
,,,,,,13,2026-02-01 04:11:32.667014,ATMN,24.82,25.07,25.14,2345300.0,2359500.0,0,0
,,,,,,13,2026-02-01 04:11:32.667014,WNTR,25.22,25.16,25.22,2180800.0,2009100.0,0,0
2.0,1.0,1.0,,Aggregate Position Limit,Your CRO has set the aggregate position limit to 10000 shares for this week.,14,2026-02-01 04:11:33.692424,SPNG,25.27,24.86,24.98,2191700.0,2016200.0,0,0
1.0,1.0,1.0,,Welcome to the RITC 2026 Alogithmic Market Making Case - practice server,,14,2026-02-01 04:11:33.692424,SMMR,24.99,24.82,24.99,1500900.0,2189800.0,0,0
,,,,,,14,2026-02-01 04:11:33.692424,ATMN,24.67,24.67,25.14,2319900.0,2335100.0,0,0
,,,,,,14,2026-02-01 04:11:33.692424,WNTR,25.22,25.16,25.22,2192100.0,1993400.0,0,0
2.0,1.0,1.0,,Aggregate Position Limit,Your CRO has set the aggregate position limit to 10000 shares for this week.,15,2026-02-01 04:11:34.732084,SPNG,25.27,24.86,25.27,2147500.0,2035300.0,0,0
1.0,1.0,1.0,,Welcome to the RITC 2026 Alogithmic Market Making Case - practice server,,15,2026-02-01 04:11:34.732084,SMMR,25.13,24.82,25.13,1591600.0,2211100.0,0,0
,,,,,,15,2026-02-01 04:11:34.732084,ATMN,24.48,24.48,24.77,2336900.0,2334300.0,0,0
,,,,,,15,2026-02-01 04:11:34.732084,WNTR,25.22,25.24,25.31,2205600.0,2010100.0,0,0
2.0,1.0,1.0,,Aggregate Position Limit,Your CRO has set the aggregate position limit to 10000 shares for this week.,16,2026-02-01 04:11:35.760713,SPNG,24.85,24.85,25.33,2162500.0,1990000.0,0,0
1.0,1.0,1.0,,Welcome to the RITC 2026 Alogithmic Market Making Case - practice server,,16,2026-02-01 04:11:35.760713,SMMR,24.79,24.79,24.84,1467600.0,2210400.0,0,0
,,,,,,16,2026-02-01 04:11:35.760713,ATMN,25.15,24.62,25.15,2345900.0,2350600.0,0,0
,,,,,,16,2026-02-01 04:11:35.760713,WNTR,25.31,25.24,25.3,2205600.0,2023500.0,0,0
2.0,1.0,1.0,,Aggregate Position Limit,Your CRO has set the aggregate position limit to 10000 shares for this week.,17,2026-02-01 04:11:36.792384,SPNG,25.0,25.1,25.33,2129500.0,1982700.0,0,0
1.0,1.0,1.0,,Welcome to the RITC 2026 Alogithmic Market Making Case - practice server,,17,2026-02-01 04:11:36.792384,SMMR,25.07,24.79,24.84,1560100.0,2224200.0,0,0
,,,,,,17,2026-02-01 04:11:36.792384,ATMN,25.15,24.67,24.9,2371400.0,2304600.0,0,0
,,,,,,17,2026-02-01 04:11:36.792384,WNTR,25.16,25.19,25.3,2202800.0,1992200.0,0,0
2.0,1.0,1.0,,Aggregate Position Limit,Your CRO has set the aggregate position limit to 10000 shares for this week.,18,2026-02-01 04:11:37.848813,SPNG,25.2,25.24,25.33,2163900.0,1982700.0,0,0
1.0,1.0,1.0,,Welcome to the RITC 2026 Alogithmic Market Making Case - practice server,,18,2026-02-01 04:11:37.848813,SMMR,25.02,24.79,25.0,1686300.0,2220400.0,0,0
,,,,,,18,2026-02-01 04:11:37.848813,ATMN,24.55,24.56,24.9,2345700.0,2326800.0,0,0
,,,,,,18,2026-02-01 04:11:37.848813,WNTR,25.27,25.19,25.27,2202800.0,1974600.0,0,0
2.0,1.0,1.0,,Aggregate Position Limit,Your CRO has set the aggregate position limit to 10000 shares for this week.,19,2026-02-01 04:11:38.907178,SPNG,25.24,24.83,25.12,2154100.0,1986800.0,0,0
1.0,1.0,1.0,,Welcome to the RITC 2026 Alogithmic Market Making Case - practice server,,19,2026-02-01 04:11:38.907178,SMMR,25.02,24.95,25.0,2007400.0,2220400.0,0,0
,,,,,,19,2026-02-01 04:11:38.907178,ATMN,24.45,24.45,24.5,2350200.0,2330100.0,0,0
,,,,,,19,2026-02-01 04:11:38.907178,WNTR,25.31,25.29,25.31,2173100.0,2043000.0,0,0
2.0,1.0,1.0,,Aggregate Position Limit,Your CRO has set the aggregate position limit to 10000 shares for this week.,20,2026-02-01 04:11:39.946839,SPNG,24.83,24.83,25.12,2154100.0,2001700.0,0,0
1.0,1.0,1.0,,Welcome to the RITC 2026 Alogithmic Market Making Case - practice server,,20,2026-02-01 04:11:39.946839,SMMR,25.13,24.88,25.13,1911200.0,2217900.0,0,0
,,,,,,20,2026-02-01 04:11:39.946839,ATMN,24.71,24.64,24.66,2339300.0,2339700.0,0,0
,,,,,,20,2026-02-01 04:11:39.946839,WNTR,25.29,25.06,25.21,2168800.0,2024200.0,0,0
2.0,1.0,1.0,,Aggregate Position Limit,Your CRO has set the aggregate position limit to 10000 shares for this week.,21,2026-02-01 04:11:40.981387,SPNG,24.83,24.83,25.12,2095700.0,2001700.0,0,0
1.0,1.0,1.0,,Welcome to the RITC 2026 Alogithmic Market Making Case - practice server,,21,2026-02-01 04:11:40.981387,SMMR,24.88,24.88,25.13,2113000.0,2217900.0,0,0
,,,,,,21,2026-02-01 04:11:40.981387,ATMN,24.66,24.71,24.9,2384700.0,2344900.0,0,0
,,,,,,21,2026-02-01 04:11:40.981387,WNTR,25.29,25.06,25.21,2174000.0,1995100.0,0,0
2.0,1.0,1.0,,Aggregate Position Limit,Your CRO has set the aggregate position limit to 10000 shares for this week.,22,2026-02-01 04:11:42.013857,SPNG,24.83,25.07,25.12,2108400.0,2001700.0,0,0
1.0,1.0,1.0,,Welcome to the RITC 2026 Alogithmic Market Making Case - practice server,,22,2026-02-01 04:11:42.013857,SMMR,25.13,24.88,25.13,2236500.0,2217900.0,0,0
,,,,,,22,2026-02-01 04:11:42.013857,ATMN,24.9,24.71,24.84,2384700.0,2351800.0,0,0
,,,,,,22,2026-02-01 04:11:42.013857,WNTR,25.22,25.06,25.12,2167900.0,1982800.0,0,0
2.0,1.0,1.0,,Aggregate Position Limit,Your CRO has set the aggregate position limit to 10000 shares for this week.,23,2026-02-01 04:11:43.051806,SPNG,25.07,24.83,24.99,2095700.0,1999600.0,0,0
1.0,1.0,1.0,,Welcome to the RITC 2026 Alogithmic Market Making Case - practice server,,23,2026-02-01 04:11:43.051806,SMMR,25.13,24.88,25.1,2174900.0,2245800.0,0,0
,,,,,,23,2026-02-01 04:11:43.051806,ATMN,24.53,24.64,24.84,2375600.0,2355000.0,0,0
,,,,,,23,2026-02-01 04:11:43.051806,WNTR,25.22,25.06,25.22,2147700.0,1995100.0,0,0
2.0,1.0,1.0,,Aggregate Position Limit,Your CRO has set the aggregate position limit to 10000 shares for this week.,24,2026-02-01 04:11:44.085123,SPNG,24.99,25.29,25.33,2078500.0,1969400.0,0,0
1.0,1.0,1.0,,Welcome to the RITC 2026 Alogithmic Market Making Case - practice server,,24,2026-02-01 04:11:44.085123,SMMR,25.03,25.03,25.1,2176700.0,2219300.0,0,0
,,,,,,24,2026-02-01 04:11:44.085123,ATMN,24.64,24.64,24.81,2375600.0,2339500.0,0,0
,,,,,,24,2026-02-01 04:11:44.085123,WNTR,25.22,25.06,25.22,2124300.0,2013000.0,0,0
2.0,1.0,1.0,,Aggregate Position Limit,Your CRO has set the aggregate position limit to 10000 shares for this week.,25,2026-02-01 04:11:45.121027,SPNG,25.29,24.83,25.1,2109200.0,1974500.0,0,0
1.0,1.0,1.0,,Welcome to the RITC 2026 Alogithmic Market Making Case - practice server,,25,2026-02-01 04:11:45.121027,SMMR,24.88,24.88,25.1,2174900.0,2252300.0,0,0
,,,,,,25,2026-02-01 04:11:45.121027,ATMN,24.45,24.45,24.81,2336200.0,2339500.0,0,0
,,,,,,25,2026-02-01 04:11:45.121027,WNTR,25.31,25.06,25.31,2145600.0,1992200.0,0,0
2.0,1.0,1.0,,Aggregate Position Limit,Your CRO has set the aggregate position limit to 10000 shares for this week.,26,2026-02-01 04:11:46.159520,SPNG,25.29,24.87,25.1,2082400.0,1974500.0,0,0
1.0,1.0,1.0,,Welcome to the RITC 2026 Alogithmic Market Making Case - practice server,,26,2026-02-01 04:11:46.159520,SMMR,24.99,24.88,24.99,2174900.0,2240900.0,0,0
,,,,,,26,2026-02-01 04:11:46.159520,ATMN,24.45,24.49,24.81,2369700.0,2339500.0,0,0
,,,,,,26,2026-02-01 04:11:46.159520,WNTR,25.32,25.06,25.32,2145600.0,2002900.0,0,0
2.0,1.0,1.0,,Aggregate Position Limit,Your CRO has set the aggregate position limit to 10000 shares for this week.,27,2026-02-01 04:11:47.189465,SPNG,25.31,24.87,24.91,2082400.0,1932400.0,0,0
1.0,1.0,1.0,,Welcome to the RITC 2026 Alogithmic Market Making Case - practice server,,27,2026-02-01 04:11:47.189465,SMMR,24.88,24.88,24.99,2197500.0,2240900.0,0,0
,,,,,,27,2026-02-01 04:11:47.189465,ATMN,24.49,24.45,24.48,2338000.0,2348200.0,0,0
,,,,,,27,2026-02-01 04:11:47.189465,WNTR,25.33,25.06,25.13,2149700.0,2013200.0,0,0
2.0,1.0,1.0,,Aggregate Position Limit,Your CRO has set the aggregate position limit to 10000 shares for this week.,28,2026-02-01 04:11:48.223346,SPNG,25.45,24.87,25.1,2082400.0,1982500.0,0,0
1.0,1.0,1.0,,Welcome to the RITC 2026 Alogithmic Market Making Case - practice server,,28,2026-02-01 04:11:48.223346,SMMR,24.85,24.85,24.99,2208200.0,2240900.0,0,0
,,,,,,28,2026-02-01 04:11:48.223346,ATMN,24.48,24.49,24.81,2353800.0,2339500.0,0,0
,,,,,,28,2026-02-01 04:11:48.223346,WNTR,25.33,25.06,25.33,2142600.0,2012200.0,0,0
2.0,1.0,1.0,,Aggregate Position Limit,Your CRO has set the aggregate position limit to 10000 shares for this week.,29,2026-02-01 04:11:49.250301,SPNG,25.45,24.98,25.01,2094700.0,2003300.0,0,0
1.0,1.0,1.0,,Welcome to the RITC 2026 Alogithmic Market Making Case - practice server,,29,2026-02-01 04:11:49.250301,SMMR,24.88,24.85,24.88,2196300.0,2214400.0,0,0
,,,,,,29,2026-02-01 04:11:49.250301,ATMN,24.48,24.49,24.81,2353800.0,2333400.0,0,0
,,,,,,29,2026-02-01 04:11:49.250301,WNTR,25.33,25.21,25.33,2134600.0,2008200.0,0,0
2.0,1.0,1.0,,Aggregate Position Limit,Your CRO has set the aggregate position limit to 10000 shares for this week.,30,2026-02-01 04:11:50.283994,SPNG,25.01,24.98,25.01,2088900.0,2003300.0,0,0
1.0,1.0,1.0,,Welcome to the RITC 2026 Alogithmic Market Making Case - practice server,,30,2026-02-01 04:11:50.283994,SMMR,24.88,24.85,24.86,2190800.0,2256400.0,0,0
,,,,,,30,2026-02-01 04:11:50.283994,ATMN,24.48,24.49,24.64,2353800.0,2276500.0,0,0
,,,,,,30,2026-02-01 04:11:50.283994,WNTR,25.21,25.21,25.24,2112500.0,2007800.0,0,0
2.0,1.0,1.0,,Aggregate Position Limit,Your CRO has set the aggregate position limit to 10000 shares for this week.,31,2026-02-01 04:11:51.311380,SPNG,25.45,24.98,25.45,2068600.0,1963200.0,0,0
1.0,1.0,1.0,,Welcome to the RITC 2026 Alogithmic Market Making Case - practice server,,31,2026-02-01 04:11:51.311380,SMMR,24.88,24.85,24.86,2145600.0,2220800.0,0,0
,,,,,,31,2026-02-01 04:11:51.311380,ATMN,24.45,24.45,24.64,2367900.0,2303100.0,0,0
,,,,,,31,2026-02-01 04:11:51.311380,WNTR,25.06,25.06,25.24,2143400.0,2007800.0,0,0
2.0,1.0,1.0,,Aggregate Position Limit,Your CRO has set the aggregate position limit to 10000 shares for this week.,32,2026-02-01 04:11:52.343719,SPNG,25.45,24.98,25.18,2068600.0,1976000.0,0,0
1.0,1.0,1.0,,Welcome to the RITC 2026 Alogithmic Market Making Case - practice server,,32,2026-02-01 04:11:52.343719,SMMR,24.86,24.85,24.86,2143700.0,2220800.0,0,0
,,,,,,32,2026-02-01 04:11:52.343719,ATMN,24.6,24.45,24.56,2367900.0,2270000.0,0,0
,,,,,,32,2026-02-01 04:11:52.343719,WNTR,25.35,25.06,25.35,2143400.0,2047000.0,0,0
2.0,1.0,1.0,,Aggregate Position Limit,Your CRO has set the aggregate position limit to 10000 shares for this week.,33,2026-02-01 04:11:53.378236,SPNG,25.06,24.98,25.06,2051200.0,1981100.0,0,0
1.0,1.0,1.0,,Welcome to the RITC 2026 Alogithmic Market Making Case - practice server,,33,2026-02-01 04:11:53.378236,SMMR,24.97,24.98,24.99,2129700.0,2240900.0,0,0
,,,,,,33,2026-02-01 04:11:53.378236,ATMN,24.56,24.61,24.64,2357700.0,2272000.0,0,0
,,,,,,33,2026-02-01 04:11:53.378236,WNTR,25.36,25.16,25.36,2156200.0,2051300.0,0,0
2.0,1.0,1.0,,Aggregate Position Limit,Your CRO has set the aggregate position limit to 10000 shares for this week.,34,2026-02-01 04:11:54.405820,SPNG,24.98,24.98,25.06,2051200.0,1985400.0,0,0
1.0,1.0,1.0,,Welcome to the RITC 2026 Alogithmic Market Making Case - practice server,,34,2026-02-01 04:11:54.405820,SMMR,24.79,24.79,24.99,2129300.0,2240900.0,0,0
,,,,,,34,2026-02-01 04:11:54.405820,ATMN,24.54,24.54,24.74,2354500.0,2296000.0,0,0
,,,,,,34,2026-02-01 04:11:54.405820,WNTR,25.16,25.16,25.36,2156200.0,2054400.0,0,0
2.0,1.0,1.0,,Aggregate Position Limit,Your CRO has set the aggregate position limit to 10000 shares for this week.,35,2026-02-01 04:11:55.429865,SPNG,24.87,24.87,25.09,2078000.0,2006400.0,0,0
1.0,1.0,1.0,,Welcome to the RITC 2026 Alogithmic Market Making Case - practice server,,35,2026-02-01 04:11:55.429865,SMMR,24.79,24.93,24.99,2155800.0,2240900.0,0,0
,,,,,,35,2026-02-01 04:11:55.429865,ATMN,24.54,24.54,24.67,2348600.0,2274700.0,0,0
,,,,,,35,2026-02-01 04:11:55.429865,WNTR,25.16,25.06,25.09,2143400.0,2074900.0,0,0
2.0,1.0,1.0,,Aggregate Position Limit,Your CRO has set the aggregate position limit to 10000 shares for this week.,36,2026-02-01 04:11:56.466088,SPNG,25.18,24.99,25.18,2054200.0,1979200.0,0,0
1.0,1.0,1.0,,Welcome to the RITC 2026 Alogithmic Market Making Case - practice server,,36,2026-02-01 04:11:56.466088,SMMR,24.79,24.93,24.99,2143200.0,2243500.0,0,0
,,,,,,36,2026-02-01 04:11:56.466088,ATMN,24.62,24.62,24.67,2331200.0,2271700.0,0,0
,,,,,,36,2026-02-01 04:11:56.466088,WNTR,25.09,25.23,25.36,2126400.0,2064400.0,0,0
2.0,1.0,1.0,,Aggregate Position Limit,Your CRO has set the aggregate position limit to 10000 shares for this week.,37,2026-02-01 04:11:57.494883,SPNG,24.87,24.87,25.18,2112900.0,1966900.0,0,0
1.0,1.0,1.0,,Welcome to the RITC 2026 Alogithmic Market Making Case - practice server,,37,2026-02-01 04:11:57.494883,SMMR,24.99,24.82,24.99,2117700.0,2257100.0,0,0
,,,,,,37,2026-02-01 04:11:57.494883,ATMN,24.62,24.62,24.67,2342100.0,2294100.0,0,0
,,,,,,37,2026-02-01 04:11:57.494883,WNTR,25.09,25.23,25.25,2126400.0,2067300.0,0,0
2.0,1.0,1.0,,Aggregate Position Limit,Your CRO has set the aggregate position limit to 10000 shares for this week.,38,2026-02-01 04:11:58.514931,SPNG,24.83,24.83,25.18,2107100.0,1955900.0,0,0
1.0,1.0,1.0,,Welcome to the RITC 2026 Alogithmic Market Making Case - practice server,,38,2026-02-01 04:11:58.514931,SMMR,24.82,24.82,24.99,2133700.0,2257100.0,0,0
,,,,,,38,2026-02-01 04:11:58.514931,ATMN,24.74,24.62,24.74,2342100.0,2293600.0,0,0
,,,,,,38,2026-02-01 04:11:58.514931,WNTR,25.23,25.12,25.18,2151000.0,2115000.0,0,0
2.0,1.0,1.0,,Aggregate Position Limit,Your CRO has set the aggregate position limit to 10000 shares for this week.,39,2026-02-01 04:11:59.560188,SPNG,24.98,24.98,25.18,2118900.0,1985800.0,0,0
1.0,1.0,1.0,,Welcome to the RITC 2026 Alogithmic Market Making Case - practice server,,39,2026-02-01 04:11:59.560188,SMMR,25.0,24.78,24.79,2134600.0,2219100.0,0,0
,,,,,,39,2026-02-01 04:11:59.560188,ATMN,24.74,24.62,24.74,2386100.0,2295600.0,0,0
,,,,,,39,2026-02-01 04:11:59.560188,WNTR,25.12,25.12,25.25,2141400.0,2078500.0,0,0
2.0,1.0,1.0,,Aggregate Position Limit,Your CRO has set the aggregate position limit to 10000 shares for this week.,40,2026-02-01 04:12:00.600741,SPNG,25.29,25.29,25.3,2124600.0,1985400.0,0,0
1.0,1.0,1.0,,Welcome to the RITC 2026 Alogithmic Market Making Case - practice server,,40,2026-02-01 04:12:00.600741,SMMR,24.89,24.78,24.85,2134600.0,2263400.0,0,0
,,,,,,40,2026-02-01 04:12:00.600741,ATMN,24.77,24.73,24.77,2376600.0,2288200.0,0,0
,,,,,,40,2026-02-01 04:12:00.600741,WNTR,25.17,25.17,25.25,2146900.0,2078500.0,0,0
2.0,1.0,1.0,,Aggregate Position Limit,Your CRO has set the aggregate position limit to 10000 shares for this week.,41,2026-02-01 04:12:01.628722,SPNG,24.98,24.83,24.91,2116800.0,1988600.0,0,0
1.0,1.0,1.0,,Welcome to the RITC 2026 Alogithmic Market Making Case - practice server,,41,2026-02-01 04:12:01.628722,SMMR,24.89,24.82,24.85,2084200.0,2263400.0,0,0
,,,,,,41,2026-02-01 04:12:01.628722,ATMN,24.62,24.62,24.77,2365000.0,2288200.0,0,0
,,,,,,41,2026-02-01 04:12:01.628722,WNTR,25.12,25.12,25.25,2119200.0,2091700.0,0,0
2.0,1.0,1.0,,Aggregate Position Limit,Your CRO has set the aggregate position limit to 10000 shares for this week.,42,2026-02-01 04:12:02.658043,SPNG,24.91,24.83,24.91,2139300.0,1988600.0,0,0
1.0,1.0,1.0,,Welcome to the RITC 2026 Alogithmic Market Making Case - practice server,,42,2026-02-01 04:12:02.658043,SMMR,25.1,24.82,25.1,2086900.0,2252300.0,0,0
,,,,,,42,2026-02-01 04:12:02.658043,ATMN,24.55,24.55,24.79,2366300.0,2267800.0,0,0
,,,,,,42,2026-02-01 04:12:02.658043,WNTR,25.22,25.06,25.22,2121300.0,2124700.0,0,0
2.0,1.0,1.0,,Aggregate Position Limit,Your CRO has set the aggregate position limit to 10000 shares for this week.,44,2026-02-01 04:12:03.693300,SPNG,25.3,24.83,25.3,2139300.0,1985400.0,0,0
1.0,1.0,1.0,,Welcome to the RITC 2026 Alogithmic Market Making Case - practice server,,44,2026-02-01 04:12:03.693300,SMMR,25.12,24.82,25.05,2086900.0,2225900.0,0,0
,,,,,,44,2026-02-01 04:12:03.693300,ATMN,24.79,24.55,24.79,2366300.0,2254300.0,0,0
,,,,,,44,2026-02-01 04:12:03.693300,WNTR,25.22,25.08,25.22,2098200.0,2124700.0,0,0
2.0,1.0,1.0,,Aggregate Position Limit,Your CRO has set the aggregate position limit to 10000 shares for this week.,45,2026-02-01 04:12:04.725352,SPNG,25.3,24.83,25.05,2139300.0,1961100.0,0,0
1.0,1.0,1.0,,Welcome to the RITC 2026 Alogithmic Market Making Case - practice server,,45,2026-02-01 04:12:04.725352,SMMR,24.8,24.87,24.95,2087100.0,2200700.0,0,0
,,,,,,45,2026-02-01 04:12:04.725352,ATMN,24.79,24.79,24.8,2385000.0,2259900.0,0,0
,,,,,,45,2026-02-01 04:12:04.725352,WNTR,25.25,25.08,25.25,2088400.0,2088600.0,0,0
2.0,1.0,1.0,,Aggregate Position Limit,Your CRO has set the aggregate position limit to 10000 shares for this week.,46,2026-02-01 04:12:05.752313,SPNG,25.3,25.0,25.05,2122100.0,1946700.0,0,0
1.0,1.0,1.0,,Welcome to the RITC 2026 Alogithmic Market Making Case - practice server,,46,2026-02-01 04:12:05.752313,SMMR,24.95,25.02,25.05,2097200.0,2225900.0,0,0
,,,,,,46,2026-02-01 04:12:05.752313,ATMN,24.79,24.55,24.71,2387900.0,2255700.0,0,0
,,,,,,46,2026-02-01 04:12:05.752313,WNTR,25.07,25.07,25.25,2100700.0,2109900.0,0,0
2.0,1.0,1.0,,Aggregate Position Limit,Your CRO has set the aggregate position limit to 10000 shares for this week.,47,2026-02-01 04:12:06.797592,SPNG,25.09,24.82,25.09,2159600.0,1972900.0,0,0
1.0,1.0,1.0,,Welcome to the RITC 2026 Alogithmic Market Making Case - practice server,,47,2026-02-01 04:12:06.797592,SMMR,25.05,25.02,25.05,2101400.0,2199000.0,0,0
,,,,,,47,2026-02-01 04:12:06.797592,ATMN,24.8,24.55,24.8,2387900.0,2259900.0,0,0
,,,,,,47,2026-02-01 04:12:06.797592,WNTR,25.06,25.14,25.16,2069300.0,2133600.0,0,0
2.0,1.0,1.0,,Aggregate Position Limit,Your CRO has set the aggregate position limit to 10000 shares for this week.,48,2026-02-01 04:12:07.827323,SPNG,25.09,25.03,25.04,2153000.0,1970700.0,0,0
1.0,1.0,1.0,,Welcome to the RITC 2026 Alogithmic Market Making Case - practice server,,48,2026-02-01 04:12:07.827323,SMMR,24.96,24.96,25.01,2104300.0,2201000.0,0,0
,,,,,,48,2026-02-01 04:12:07.827323,ATMN,24.67,24.67,24.8,2373100.0,2259900.0,0,0
,,,,,,48,2026-02-01 04:12:07.827323,WNTR,25.06,25.14,25.16,2032100.0,2120700.0,0,0
2.0,1.0,1.0,,Aggregate Position Limit,Your CRO has set the aggregate position limit to 10000 shares for this week.,49,2026-02-01 04:12:08.858737,SPNG,25.03,25.03,25.04,2153000.0,1997200.0,0,0
1.0,1.0,1.0,,Welcome to the RITC 2026 Alogithmic Market Making Case - practice server,,49,2026-02-01 04:12:08.858737,SMMR,25.05,24.96,25.01,2104300.0,2209400.0,0,0
,,,,,,49,2026-02-01 04:12:08.858737,ATMN,24.54,24.54,24.57,2372900.0,2255900.0,0,0
,,,,,,49,2026-02-01 04:12:08.858737,WNTR,25.04,25.04,25.1,2116500.0,2113700.0,0,0
2.0,1.0,1.0,,Aggregate Position Limit,Your CRO has set the aggregate position limit to 10000 shares for this week.,50,2026-02-01 04:12:09.899831,SPNG,25.04,24.82,25.04,2147700.0,1997200.0,0,0
1.0,1.0,1.0,,Welcome to the RITC 2026 Alogithmic Market Making Case - practice server,,50,2026-02-01 04:12:09.899831,SMMR,24.95,24.78,24.94,2095200.0,2204800.0,0,0
,,,,,,50,2026-02-01 04:12:09.899831,ATMN,24.57,24.67,24.71,2377100.0,2271300.0,0,0
,,,,,,50,2026-02-01 04:12:09.899831,WNTR,25.16,25.15,25.16,2107400.0,2109600.0,0,0
2.0,1.0,1.0,,Aggregate Position Limit,Your CRO has set the aggregate position limit to 10000 shares for this week.,51,2026-02-01 04:12:10.938599,SPNG,25.04,24.82,25.04,2141100.0,1997200.0,0,0
1.0,1.0,1.0,,Welcome to the RITC 2026 Alogithmic Market Making Case - practice server,,51,2026-02-01 04:12:10.938599,SMMR,24.95,24.78,24.94,2106600.0,2204800.0,0,0
,,,,,,51,2026-02-01 04:12:10.938599,ATMN,24.81,24.75,24.81,2394500.0,2264800.0,0,0
,,,,,,51,2026-02-01 04:12:10.938599,WNTR,25.04,25.1,25.16,2074800.0,2076900.0,0,0
2.0,1.0,1.0,,Aggregate Position Limit,Your CRO has set the aggregate position limit to 10000 shares for this week.,52,2026-02-01 04:12:11.996117,SPNG,24.97,24.97,25.04,2131900.0,2004700.0,0,0
1.0,1.0,1.0,,Welcome to the RITC 2026 Alogithmic Market Making Case - practice server,,52,2026-02-01 04:12:11.996117,SMMR,24.95,24.9,24.94,2117600.0,2227800.0,0,0
,,,,,,52,2026-02-01 04:12:11.996117,ATMN,24.81,24.78,24.8,2377200.0,2270300.0,0,0
,,,,,,52,2026-02-01 04:12:11.996117,WNTR,25.04,25.04,25.22,2096400.0,2067100.0,0,0
2.0,1.0,1.0,,Aggregate Position Limit,Your CRO has set the aggregate position limit to 10000 shares for this week.,53,2026-02-01 04:12:13.037693,SPNG,24.78,24.78,25.04,2170800.0,2004700.0,0,0
1.0,1.0,1.0,,Welcome to the RITC 2026 Alogithmic Market Making Case - practice server,,53,2026-02-01 04:12:13.037693,SMMR,24.9,24.78,24.79,2123800.0,2235900.0,0,0
,,,,,,53,2026-02-01 04:12:13.037693,ATMN,24.78,24.78,24.8,2377200.0,2319100.0,0,0
,,,,,,53,2026-02-01 04:12:13.037693,WNTR,25.03,25.03,25.22,2079800.0,2060300.0,0,0
2.0,1.0,1.0,,Aggregate Position Limit,Your CRO has set the aggregate position limit to 10000 shares for this week.,54,2026-02-01 04:12:14.074718,SPNG,25.04,24.78,25.04,2138000.0,2004700.0,0,0
1.0,1.0,1.0,,Welcome to the RITC 2026 Alogithmic Market Making Case - practice server,,54,2026-02-01 04:12:14.074718,SMMR,25.12,24.78,25.12,2123800.0,2223900.0,0,0
,,,,,,54,2026-02-01 04:12:14.074718,ATMN,24.67,24.61,24.63,2345500.0,2320500.0,0,0
,,,,,,54,2026-02-01 04:12:14.074718,WNTR,25.03,25.03,25.19,2073200.0,2092600.0,0,0
2.0,1.0,1.0,,Aggregate Position Limit,Your CRO has set the aggregate position limit to 10000 shares for this week.,55,2026-02-01 04:12:15.110047,SPNG,25.11,25.02,25.11,2135800.0,1979200.0,0,0
1.0,1.0,1.0,,Welcome to the RITC 2026 Alogithmic Market Making Case - practice server,,55,2026-02-01 04:12:15.110047,SMMR,24.91,24.78,24.91,2123800.0,2226000.0,0,0
,,,,,,55,2026-02-01 04:12:15.110047,ATMN,24.49,24.49,24.8,2360500.0,2319100.0,0,0
,,,,,,55,2026-02-01 04:12:15.110047,WNTR,25.03,25.15,25.19,2044000.0,2092600.0,0,0
2.0,1.0,1.0,,Aggregate Position Limit,Your CRO has set the aggregate position limit to 10000 shares for this week.,56,2026-02-01 04:12:16.151488,SPNG,25.02,24.91,25.0,2133200.0,1995300.0,0,0
1.0,1.0,1.0,,Welcome to the RITC 2026 Alogithmic Market Making Case - practice server,,56,2026-02-01 04:12:16.151488,SMMR,25.04,24.78,24.85,2114700.0,2223900.0,0,0
,,,,,,56,2026-02-01 04:12:16.151488,ATMN,24.44,24.44,24.79,2319200.0,2310500.0,0,0
,,,,,,56,2026-02-01 04:12:16.151488,WNTR,25.22,25.17,25.22,2037000.0,2087700.0,0,0
2.0,1.0,1.0,,Aggregate Position Limit,Your CRO has set the aggregate position limit to 10000 shares for this week.,57,2026-02-01 04:12:17.217422,SPNG,24.72,24.72,25.11,2151600.0,1978700.0,0,0
1.0,1.0,1.0,,Welcome to the RITC 2026 Alogithmic Market Making Case - practice server,,57,2026-02-01 04:12:17.217422,SMMR,24.85,25.05,25.12,2122500.0,2206600.0,0,0
,,,,,,57,2026-02-01 04:12:17.217422,ATMN,24.79,24.5,24.79,2318100.0,2310500.0,0,0
,,,,,,57,2026-02-01 04:12:17.217422,WNTR,25.23,25.15,25.23,2028800.0,2095300.0,0,0
2.0,1.0,1.0,,Aggregate Position Limit,Your CRO has set the aggregate position limit to 10000 shares for this week.,58,2026-02-01 04:12:18.315702,SPNG,24.71,24.99,25.11,2160900.0,1978700.0,0,0
1.0,1.0,1.0,,Welcome to the RITC 2026 Alogithmic Market Making Case - practice server,,58,2026-02-01 04:12:18.315702,SMMR,25.05,24.97,24.99,2141800.0,2196100.0,0,0
,,,,,,58,2026-02-01 04:12:18.315702,ATMN,24.5,24.5,24.79,2318100.0,2300500.0,0,0
,,,,,,58,2026-02-01 04:12:18.315702,WNTR,25.26,25.15,25.17,2028800.0,2079300.0,0,0
2.0,1.0,1.0,,Aggregate Position Limit,Your CRO has set the aggregate position limit to 10000 shares for this week.,59,2026-02-01 04:12:19.400976,SPNG,24.71,24.71,25.11,2184400.0,1978700.0,0,0
1.0,1.0,1.0,,Welcome to the RITC 2026 Alogithmic Market Making Case - practice server,,59,2026-02-01 04:12:19.400976,SMMR,24.97,24.97,24.99,2141800.0,2194900.0,0,0
,,,,,,59,2026-02-01 04:12:19.400976,ATMN,24.41,24.41,24.56,2312700.0,2336300.0,0,0
,,,,,,59,2026-02-01 04:12:19.400976,WNTR,25.26,25.15,25.17,2027200.0,2079300.0,0,0
2.0,1.0,1.0,,Aggregate Position Limit,Your CRO has set the aggregate position limit to 10000 shares for this week.,60,2026-02-01 04:12:20.428912,SPNG,24.68,25.62,26.78,929300.0,697300.0,0,0
1.0,1.0,1.0,,Welcome to the RITC 2026 Alogithmic Market Making Case - practice server,,60,2026-02-01 04:12:20.428912,SMMR,23.93,23.93,24.03,953400.0,903600.0,0,0
,,,,,,60,2026-02-01 04:12:20.428912,ATMN,24.41,23.83,24.24,960900.0,1081600.0,0,0
,,,,,,60,2026-02-01 04:12:20.428912,WNTR,25.15,25.03,25.13,842500.0,897500.0,0,0
2.0,1.0,1.0,,Aggregate Position Limit,Your CRO has set the aggregate position limit to 10000 shares for this week.,61,2026-02-01 04:12:21.465158,SPNG,25.51,25.59,25.96,941400.0,878200.0,0,0
1.0,1.0,1.0,,Welcome to the RITC 2026 Alogithmic Market Making Case - practice server,,61,2026-02-01 04:12:21.465158,SMMR,23.93,23.93,24.01,1055700.0,1131000.0,0,0
,,,,,,61,2026-02-01 04:12:21.465158,ATMN,24.41,23.83,23.93,960900.0,1487800.0,0,0
,,,,,,61,2026-02-01 04:12:21.465158,WNTR,25.03,25.03,25.19,846100.0,778300.0,0,0
2.0,1.0,1.0,,Aggregate Position Limit,Your CRO has set the aggregate position limit to 10000 shares for this week.,62,2026-02-01 04:12:22.496006,SPNG,24.29,25.64,25.96,1088300.0,878200.0,0,0
1.0,1.0,1.0,,Welcome to the RITC 2026 Alogithmic Market Making Case - practice server,,62,2026-02-01 04:12:22.496006,SMMR,24.01,23.98,24.01,1085100.0,1131000.0,0,0
,,,,,,62,2026-02-01 04:12:22.496006,ATMN,23.83,23.83,23.93,979600.0,1728400.0,0,0
,,,,,,62,2026-02-01 04:12:22.496006,WNTR,24.99,25.09,25.19,977100.0,871300.0,0,0
2.0,1.0,1.0,,Aggregate Position Limit,Your CRO has set the aggregate position limit to 10000 shares for this week.,63,2026-02-01 04:12:23.518903,SPNG,25.64,24.29,25.59,1009200.0,1158100.0,0,0
1.0,1.0,1.0,,Welcome to the RITC 2026 Alogithmic Market Making Case - practice server,,63,2026-02-01 04:12:23.518903,SMMR,23.98,23.98,24.01,1085100.0,1336200.0,0,0
,,,,,,63,2026-02-01 04:12:23.518903,ATMN,23.83,23.83,23.85,1207700.0,1827700.0,0,0
,,,,,,63,2026-02-01 04:12:23.518903,WNTR,24.92,24.92,25.19,869400.0,1074300.0,0,0
2.0,1.0,1.0,,Aggregate Position Limit,Your CRO has set the aggregate position limit to 10000 shares for this week.,64,2026-02-01 04:12:24.542074,SPNG,25.64,24.7,25.59,1317100.0,1158100.0,0,0
1.0,1.0,1.0,,Welcome to the RITC 2026 Alogithmic Market Making Case - practice server,,64,2026-02-01 04:12:24.542074,SMMR,23.77,23.85,24.01,1172100.0,1429500.0,0,0
,,,,,,64,2026-02-01 04:12:24.542074,ATMN,23.83,23.83,23.85,1252200.0,1935500.0,0,0
,,,,,,64,2026-02-01 04:12:24.542074,WNTR,24.92,24.92,25.0,869400.0,1196200.0,0,0
2.0,1.0,1.0,,Aggregate Position Limit,Your CRO has set the aggregate position limit to 10000 shares for this week.,65,2026-02-01 04:12:25.573991,SPNG,25.64,25.48,25.59,1518600.0,1264800.0,0,0
1.0,1.0,1.0,,Welcome to the RITC 2026 Alogithmic Market Making Case - practice server,,65,2026-02-01 04:12:25.573991,SMMR,23.79,23.79,24.01,1214500.0,1429500.0,0,0
,,,,,,65,2026-02-01 04:12:25.573991,ATMN,23.93,23.74,23.93,1256800.0,1836200.0,0,0
,,,,,,65,2026-02-01 04:12:25.573991,WNTR,25.05,24.92,24.98,973000.0,1168200.0,0,0
2.0,1.0,1.0,,Aggregate Position Limit,Your CRO has set the aggregate position limit to 10000 shares for this week.,66,2026-02-01 04:12:26.605259,SPNG,25.65,25.48,25.65,1745500.0,1175600.0,0,0
1.0,1.0,1.0,,Welcome to the RITC 2026 Alogithmic Market Making Case - practice server,,66,2026-02-01 04:12:26.605259,SMMR,24.01,23.8,24.01,1348000.0,1310800.0,0,0
,,,,,,66,2026-02-01 04:12:26.605259,ATMN,23.69,23.69,23.93,1367200.0,1836200.0,0,0
,,,,,,66,2026-02-01 04:12:26.605259,WNTR,25.05,24.95,24.98,1060100.0,1357400.0,0,0
2.0,1.0,1.0,,Aggregate Position Limit,Your CRO has set the aggregate position limit to 10000 shares for this week.,67,2026-02-01 04:12:27.634884,SPNG,25.65,25.48,25.59,1838300.0,1393900.0,0,0
1.0,1.0,1.0,,Welcome to the RITC 2026 Alogithmic Market Making Case - practice server,,67,2026-02-01 04:12:27.634884,SMMR,24.03,23.8,24.03,1468100.0,1343100.0,0,0
,,,,,,67,2026-02-01 04:12:27.634884,ATMN,23.69,23.69,23.9,1508700.0,2236900.0,0,0
,,,,,,67,2026-02-01 04:12:27.634884,WNTR,24.91,24.82,24.87,1003700.0,1467000.0,0,0
2.0,1.0,1.0,,Aggregate Position Limit,Your CRO has set the aggregate position limit to 10000 shares for this week.,68,2026-02-01 04:12:28.664713,SPNG,25.27,25.27,25.59,1724600.0,1393900.0,0,0
1.0,1.0,1.0,,Welcome to the RITC 2026 Alogithmic Market Making Case - practice server,,68,2026-02-01 04:12:28.664713,SMMR,24.03,23.82,24.03,1570500.0,1650300.0,0,0
,,,,,,68,2026-02-01 04:12:28.664713,ATMN,23.88,23.88,23.9,1648500.0,2362400.0,0,0
,,,,,,68,2026-02-01 04:12:28.664713,WNTR,24.95,24.95,25.02,1220900.0,1263500.0,0,0
2.0,1.0,1.0,,Aggregate Position Limit,Your CRO has set the aggregate position limit to 10000 shares for this week.,69,2026-02-01 04:12:29.692543,SPNG,25.59,25.43,25.59,1908800.0,1393900.0,0,0
1.0,1.0,1.0,,Welcome to the RITC 2026 Alogithmic Market Making Case - practice server,,69,2026-02-01 04:12:29.692543,SMMR,23.82,23.8,23.82,1468100.0,1770800.0,0,0
,,,,,,69,2026-02-01 04:12:29.692543,ATMN,23.7,23.69,23.7,1508700.0,2519000.0,0,0
,,,,,,69,2026-02-01 04:12:29.692543,WNTR,24.95,24.95,25.19,1220900.0,1158400.0,0,0
2.0,1.0,1.0,,Aggregate Position Limit,Your CRO has set the aggregate position limit to 10000 shares for this week.,70,2026-02-01 04:12:30.725634,SPNG,25.27,25.27,25.79,1824200.0,1098300.0,0,0
1.0,1.0,1.0,,Welcome to the RITC 2026 Alogithmic Market Making Case - practice server,,70,2026-02-01 04:12:30.725634,SMMR,24.04,23.8,24.04,1570000.0,1625300.0,0,0
,,,,,,70,2026-02-01 04:12:30.725634,ATMN,23.9,23.69,23.9,1648700.0,2362400.0,0,0
,,,,,,70,2026-02-01 04:12:30.725634,WNTR,24.95,25.05,25.1,1313600.0,1360700.0,0,0
2.0,1.0,1.0,,Aggregate Position Limit,Your CRO has set the aggregate position limit to 10000 shares for this week.,71,2026-02-01 04:12:31.748494,SPNG,25.91,25.65,25.91,1930900.0,1102900.0,0,0
1.0,1.0,1.0,,Welcome to the RITC 2026 Alogithmic Market Making Case - practice server,,71,2026-02-01 04:12:31.748494,SMMR,23.8,23.8,24.04,1815100.0,1625300.0,0,0
,,,,,,71,2026-02-01 04:12:31.748494,ATMN,23.69,23.85,23.9,1666400.0,2459700.0,0,0
,,,,,,71,2026-02-01 04:12:31.748494,WNTR,24.95,24.9,24.91,1199300.0,1648600.0,0,0
2.0,1.0,1.0,,Aggregate Position Limit,Your CRO has set the aggregate position limit to 10000 shares for this week.,72,2026-02-01 04:12:32.784517,SPNG,25.27,25.85,25.91,1910700.0,1218700.0,0,0
1.0,1.0,1.0,,Welcome to the RITC 2026 Alogithmic Market Making Case - practice server,,72,2026-02-01 04:12:32.784517,SMMR,23.8,23.99,24.04,1940300.0,1736800.0,0,0
,,,,,,72,2026-02-01 04:12:32.784517,ATMN,23.93,23.85,23.93,1776200.0,2186100.0,0,0
,,,,,,72,2026-02-01 04:12:32.784517,WNTR,25.1,25.04,25.1,1320400.0,1556500.0,0,0
2.0,1.0,1.0,,Aggregate Position Limit,Your CRO has set the aggregate position limit to 10000 shares for this week.,74,2026-02-01 04:12:33.837574,SPNG,25.24,25.24,25.91,1714600.0,1313100.0,0,0
1.0,1.0,1.0,,Welcome to the RITC 2026 Alogithmic Market Making Case - practice server,,74,2026-02-01 04:12:33.837574,SMMR,23.94,23.94,24.04,2041000.0,1855400.0,0,0
,,,,,,74,2026-02-01 04:12:33.837574,ATMN,23.93,23.85,23.93,2038600.0,2305500.0,0,0
,,,,,,74,2026-02-01 04:12:33.837574,WNTR,24.9,24.9,24.98,1302100.0,1768700.0,0,0
2.0,1.0,1.0,,Aggregate Position Limit,Your CRO has set the aggregate position limit to 10000 shares for this week.,75,2026-02-01 04:12:34.874155,SPNG,25.24,25.75,25.77,1830700.0,1483600.0,0,0
1.0,1.0,1.0,,Welcome to the RITC 2026 Alogithmic Market Making Case - practice server,,75,2026-02-01 04:12:34.874155,SMMR,23.94,23.87,23.91,1915800.0,1978400.0,0,0
,,,,,,75,2026-02-01 04:12:34.874155,ATMN,23.88,23.85,23.88,2038600.0,2470000.0,0,0
,,,,,,75,2026-02-01 04:12:34.874155,WNTR,24.87,24.88,24.9,1328100.0,1889000.0,0,0
2.0,1.0,1.0,,Aggregate Position Limit,Your CRO has set the aggregate position limit to 10000 shares for this week.,76,2026-02-01 04:12:35.907860,SPNG,25.01,25.71,25.77,1727900.0,1483600.0,0,0
1.0,1.0,1.0,,Welcome to the RITC 2026 Alogithmic Market Making Case - practice server,,76,2026-02-01 04:12:35.907860,SMMR,24.08,24.08,24.1,2260800.0,1647600.0,0,0
,,,,,,76,2026-02-01 04:12:35.907860,ATMN,23.89,24.03,24.06,2176800.0,2457700.0,0,0
,,,,,,76,2026-02-01 04:12:35.907860,WNTR,24.98,24.91,24.98,1430900.0,1768700.0,0,0
2.0,1.0,1.0,,Aggregate Position Limit,Your CRO has set the aggregate position limit to 10000 shares for this week.,77,2026-02-01 04:12:36.934325,SPNG,25.71,25.71,25.75,1727900.0,1676400.0,0,0
1.0,1.0,1.0,,Welcome to the RITC 2026 Alogithmic Market Making Case - practice server,,77,2026-02-01 04:12:36.934325,SMMR,24.08,23.87,24.05,2248700.0,1857400.0,0,0
,,,,,,77,2026-02-01 04:12:36.934325,ATMN,24.03,23.85,23.89,2038600.0,2479600.0,0,0
,,,,,,77,2026-02-01 04:12:36.934325,WNTR,24.98,25.06,25.08,1648500.0,1772000.0,0,0
2.0,1.0,1.0,,Aggregate Position Limit,Your CRO has set the aggregate position limit to 10000 shares for this week.,78,2026-02-01 04:12:37.969637,SPNG,25.71,25.01,25.53,1715900.0,1857200.0,0,0
1.0,1.0,1.0,,Welcome to the RITC 2026 Alogithmic Market Making Case - practice server,,78,2026-02-01 04:12:37.969637,SMMR,24.08,23.96,24.05,2346200.0,1988400.0,0,0
,,,,,,78,2026-02-01 04:12:37.969637,ATMN,23.65,23.65,23.89,1643300.0,2479600.0,0,0
,,,,,,78,2026-02-01 04:12:37.969637,WNTR,25.08,24.91,25.08,1536300.0,1747600.0,0,0
2.0,1.0,1.0,,Aggregate Position Limit,Your CRO has set the aggregate position limit to 10000 shares for this week.,79,2026-02-01 04:12:38.988460,SPNG,25.75,25.32,25.75,1931200.0,1748800.0,0,0
1.0,1.0,1.0,,Welcome to the RITC 2026 Alogithmic Market Making Case - practice server,,79,2026-02-01 04:12:38.988460,SMMR,23.87,23.87,24.02,2248700.0,2099000.0,0,0
,,,,,,79,2026-02-01 04:12:38.988460,ATMN,23.65,23.69,23.89,1767200.0,2495500.0,0,0
,,,,,,79,2026-02-01 04:12:38.988460,WNTR,25.1,24.88,24.9,1433500.0,1747000.0,0,0
2.0,1.0,1.0,,Aggregate Position Limit,Your CRO has set the aggregate position limit to 10000 shares for this week.,80,2026-02-01 04:12:40.010137,SPNG,25.32,25.32,25.75,1931200.0,1830000.0,0,0
1.0,1.0,1.0,,Welcome to the RITC 2026 Alogithmic Market Making Case - practice server,,80,2026-02-01 04:12:40.010137,SMMR,23.87,23.97,24.02,2374300.0,2203100.0,0,0
,,,,,,80,2026-02-01 04:12:40.010137,ATMN,23.89,23.93,23.95,1885100.0,2504800.0,0,0
,,,,,,80,2026-02-01 04:12:40.010137,WNTR,24.82,24.88,24.9,1316400.0,1871900.0,0,0
2.0,1.0,1.0,,Aggregate Position Limit,Your CRO has set the aggregate position limit to 10000 shares for this week.,81,2026-02-01 04:12:41.042117,SPNG,25.32,25.64,25.75,2160800.0,1870400.0,0,0
1.0,1.0,1.0,,Welcome to the RITC 2026 Alogithmic Market Making Case - practice server,,81,2026-02-01 04:12:41.042117,SMMR,23.97,23.97,24.02,2328600.0,2203100.0,0,0
,,,,,,81,2026-02-01 04:12:41.042117,ATMN,23.6,23.6,23.95,1740900.0,2513400.0,0,0
,,,,,,81,2026-02-01 04:12:41.042117,WNTR,24.82,24.82,24.9,1401200.0,1871900.0,0,0
2.0,1.0,1.0,,Aggregate Position Limit,Your CRO has set the aggregate position limit to 10000 shares for this week.,82,2026-02-01 04:12:42.077431,SPNG,25.64,25.64,25.75,2288400.0,1908000.0,0,0
1.0,1.0,1.0,,Welcome to the RITC 2026 Alogithmic Market Making Case - practice server,,82,2026-02-01 04:12:42.077431,SMMR,23.96,23.96,24.0,2332100.0,2216700.0,0,0
,,,,,,82,2026-02-01 04:12:42.077431,ATMN,23.6,23.6,23.91,1862500.0,2532300.0,0,0
,,,,,,82,2026-02-01 04:12:42.077431,WNTR,24.82,24.82,25.03,1510900.0,1774700.0,0,0
2.0,1.0,1.0,,Aggregate Position Limit,Your CRO has set the aggregate position limit to 10000 shares for this week.,83,2026-02-01 04:12:43.108440,SPNG,25.64,25.72,25.75,2197400.0,1941800.0,0,0
1.0,1.0,1.0,,Welcome to the RITC 2026 Alogithmic Market Making Case - practice server,,83,2026-02-01 04:12:43.108440,SMMR,24.0,23.82,24.0,2381100.0,2200200.0,0,0
,,,,,,83,2026-02-01 04:12:43.108440,ATMN,23.51,23.51,23.91,1613700.0,2532300.0,0,0
,,,,,,83,2026-02-01 04:12:43.108440,WNTR,24.82,24.87,25.03,1618000.0,1774700.0,0,0
2.0,1.0,1.0,,Aggregate Position Limit,Your CRO has set the aggregate position limit to 10000 shares for this week.,84,2026-02-01 04:12:44.140289,SPNG,25.77,25.64,25.77,2233100.0,1875700.0,0,0
1.0,1.0,1.0,,Welcome to the RITC 2026 Alogithmic Market Making Case - practice server,,84,2026-02-01 04:12:44.140289,SMMR,23.8,23.8,24.0,2376100.0,2200200.0,0,0
,,,,,,84,2026-02-01 04:12:44.140289,ATMN,23.55,23.55,23.61,1867400.0,2527500.0,0,0
,,,,,,84,2026-02-01 04:12:44.140289,WNTR,24.82,24.87,24.94,1618000.0,1979300.0,0,0
2.0,1.0,1.0,,Aggregate Position Limit,Your CRO has set the aggregate position limit to 10000 shares for this week.,85,2026-02-01 04:12:45.168427,SPNG,25.4,25.69,25.77,2264800.0,1894300.0,0,0
1.0,1.0,1.0,,Welcome to the RITC 2026 Alogithmic Market Making Case - practice server,,85,2026-02-01 04:12:45.168427,SMMR,23.89,23.8,23.89,2374800.0,2227500.0,0,0
,,,,,,85,2026-02-01 04:12:45.168427,ATMN,23.61,23.67,23.91,2108800.0,2532300.0,0,0
,,,,,,85,2026-02-01 04:12:45.168427,WNTR,24.94,24.81,24.94,1403600.0,2013900.0,0,0
2.0,1.0,1.0,,Aggregate Position Limit,Your CRO has set the aggregate position limit to 10000 shares for this week.,86,2026-02-01 04:12:46.188910,SPNG,25.4,25.4,25.8,2176400.0,1918100.0,0,0
1.0,1.0,1.0,,Welcome to the RITC 2026 Alogithmic Market Making Case - practice server,,86,2026-02-01 04:12:46.188910,SMMR,24.05,23.8,24.02,2374800.0,2188000.0,0,0
,,,,,,86,2026-02-01 04:12:46.188910,ATMN,23.51,23.51,23.88,1976800.0,2503600.0,0,0
,,,,,,86,2026-02-01 04:12:46.188910,WNTR,24.81,24.81,24.94,1619200.0,2013900.0,0,0
2.0,1.0,1.0,,Aggregate Position Limit,Your CRO has set the aggregate position limit to 10000 shares for this week.,87,2026-02-01 04:12:47.213591,SPNG,25.81,25.63,25.81,2290900.0,1961200.0,0,0
1.0,1.0,1.0,,Welcome to the RITC 2026 Alogithmic Market Making Case - practice server,,87,2026-02-01 04:12:47.213591,SMMR,24.05,23.93,24.05,2367600.0,2092500.0,0,0
,,,,,,87,2026-02-01 04:12:47.213591,ATMN,23.88,23.88,23.91,2077200.0,2502700.0,0,0
,,,,,,87,2026-02-01 04:12:47.213591,WNTR,24.8,24.8,24.94,1513800.0,2013900.0,0,0
2.0,1.0,1.0,,Aggregate Position Limit,Your CRO has set the aggregate position limit to 10000 shares for this week.,88,2026-02-01 04:12:48.234057,SPNG,25.63,25.63,25.68,2290900.0,1992700.0,0,0
1.0,1.0,1.0,,Welcome to the RITC 2026 Alogithmic Market Making Case - practice server,,88,2026-02-01 04:12:48.234057,SMMR,24.06,23.93,23.97,2367600.0,2120200.0,0,0
,,,,,,88,2026-02-01 04:12:48.234057,ATMN,23.74,23.76,23.91,2107500.0,2500000.0,0,0
,,,,,,88,2026-02-01 04:12:48.234057,WNTR,24.94,24.94,24.95,1756300.0,2011800.0,0,0
2.0,1.0,1.0,,Aggregate Position Limit,Your CRO has set the aggregate position limit to 10000 shares for this week.,89,2026-02-01 04:12:49.276755,SPNG,25.32,25.47,25.68,2174800.0,1997300.0,0,0
1.0,1.0,1.0,,Welcome to the RITC 2026 Alogithmic Market Making Case - practice server,,89,2026-02-01 04:12:49.276755,SMMR,23.78,23.83,23.97,2363500.0,2254700.0,0,0
,,,,,,89,2026-02-01 04:12:49.276755,ATMN,23.76,23.51,23.52,1976800.0,2464900.0,0,0
,,,,,,89,2026-02-01 04:12:49.276755,WNTR,24.95,24.91,24.95,1631900.0,2011800.0,0,0
2.0,1.0,1.0,,Aggregate Position Limit,Your CRO has set the aggregate position limit to 10000 shares for this week.,90,2026-02-01 04:12:50.320265,SPNG,25.48,25.47,25.48,2268700.0,2023400.0,0,0
1.0,1.0,1.0,,Welcome to the RITC 2026 Alogithmic Market Making Case - practice server,,90,2026-02-01 04:12:50.320265,SMMR,23.97,23.97,24.05,2328100.0,2237100.0,0,0
,,,,,,90,2026-02-01 04:12:50.320265,ATMN,23.91,23.62,23.91,2222600.0,2489600.0,0,0
,,,,,,90,2026-02-01 04:12:50.320265,WNTR,25.0,24.91,25.0,1750600.0,1978500.0,0,0
2.0,1.0,1.0,,Aggregate Position Limit,Your CRO has set the aggregate position limit to 10000 shares for this week.,91,2026-02-01 04:12:51.346164,SPNG,25.47,25.47,25.68,2268700.0,1997300.0,0,0
1.0,1.0,1.0,,Welcome to the RITC 2026 Alogithmic Market Making Case - practice server,,91,2026-02-01 04:12:51.346164,SMMR,23.83,23.83,23.98,2315300.0,2225200.0,0,0
,,,,,,91,2026-02-01 04:12:51.346164,ATMN,23.91,23.62,23.91,2486400.0,2475200.0,0,0
,,,,,,91,2026-02-01 04:12:51.346164,WNTR,24.91,24.8,24.9,1632500.0,2053500.0,0,0
2.0,1.0,1.0,,Aggregate Position Limit,Your CRO has set the aggregate position limit to 10000 shares for this week.,92,2026-02-01 04:12:52.373103,SPNG,25.47,25.51,25.68,2158800.0,2011700.0,0,0
1.0,1.0,1.0,,Welcome to the RITC 2026 Alogithmic Market Making Case - practice server,,92,2026-02-01 04:12:52.373103,SMMR,23.94,23.94,23.98,2342800.0,2225200.0,0,0
,,,,,,92,2026-02-01 04:12:52.373103,ATMN,23.92,23.79,23.92,2464600.0,2515400.0,0,0
,,,,,,92,2026-02-01 04:12:52.373103,WNTR,25.0,24.95,25.0,1881300.0,2013300.0,0,0
2.0,1.0,1.0,,Aggregate Position Limit,Your CRO has set the aggregate position limit to 10000 shares for this week.,93,2026-02-01 04:12:53.405496,SPNG,25.81,25.51,25.81,2140700.0,1987300.0,0,0
1.0,1.0,1.0,,Welcome to the RITC 2026 Alogithmic Market Making Case - practice server,,93,2026-02-01 04:12:53.405496,SMMR,24.05,23.95,24.05,2314100.0,2237100.0,0,0
,,,,,,93,2026-02-01 04:12:53.405496,ATMN,23.62,23.62,23.92,2500200.0,2515400.0,0,0
,,,,,,93,2026-02-01 04:12:53.405496,WNTR,25.0,24.95,24.96,1881300.0,2073900.0,0,0
2.0,1.0,1.0,,Aggregate Position Limit,Your CRO has set the aggregate position limit to 10000 shares for this week.,94,2026-02-01 04:12:54.441092,SPNG,25.81,25.51,25.58,2140700.0,1976900.0,0,0
1.0,1.0,1.0,,Welcome to the RITC 2026 Alogithmic Market Making Case - practice server,,94,2026-02-01 04:12:54.441092,SMMR,23.94,23.94,24.05,2354300.0,2250000.0,0,0
,,,,,,94,2026-02-01 04:12:54.441092,ATMN,23.62,23.62,23.92,2500200.0,2503000.0,0,0
,,,,,,94,2026-02-01 04:12:54.441092,WNTR,24.96,24.79,24.96,1667600.0,2061100.0,0,0
2.0,1.0,1.0,,Aggregate Position Limit,Your CRO has set the aggregate position limit to 10000 shares for this week.,95,2026-02-01 04:12:55.458793,SPNG,25.72,25.47,25.72,2165900.0,1968100.0,0,0
1.0,1.0,1.0,,Welcome to the RITC 2026 Alogithmic Market Making Case - practice server,,95,2026-02-01 04:12:55.458793,SMMR,23.96,24.03,24.05,2352800.0,2290900.0,0,0
,,,,,,95,2026-02-01 04:12:55.458793,ATMN,23.62,23.62,23.88,2500200.0,2549100.0,0,0
,,,,,,95,2026-02-01 04:12:55.458793,WNTR,24.74,24.74,24.96,1644700.0,2087200.0,0,0
2.0,1.0,1.0,,Aggregate Position Limit,Your CRO has set the aggregate position limit to 10000 shares for this week.,96,2026-02-01 04:12:56.591166,SPNG,25.72,25.47,25.68,2163600.0,1975900.0,0,0
1.0,1.0,1.0,,Welcome to the RITC 2026 Alogithmic Market Making Case - practice server,,96,2026-02-01 04:12:56.591166,SMMR,23.81,23.81,24.01,2344100.0,2336400.0,0,0
,,,,,,96,2026-02-01 04:12:56.591166,ATMN,23.88,23.56,23.88,2357500.0,2549100.0,0,0
,,,,,,96,2026-02-01 04:12:56.591166,WNTR,24.73,24.73,24.91,1586300.0,2134900.0,0,0
2.0,1.0,1.0,,Aggregate Position Limit,Your CRO has set the aggregate position limit to 10000 shares for this week.,97,2026-02-01 04:12:57.646177,SPNG,25.72,25.47,25.68,2139300.0,1954700.0,0,0
1.0,1.0,1.0,,Welcome to the RITC 2026 Alogithmic Market Making Case - practice server,,97,2026-02-01 04:12:57.646177,SMMR,23.81,23.81,23.91,2340000.0,2368300.0,0,0
,,,,,,97,2026-02-01 04:12:57.646177,ATMN,23.88,23.62,23.69,2465800.0,2513200.0,0,0
,,,,,,97,2026-02-01 04:12:57.646177,WNTR,24.91,24.72,24.88,1470000.0,2114700.0,0,0
2.0,1.0,1.0,,Aggregate Position Limit,Your CRO has set the aggregate position limit to 10000 shares for this week.,98,2026-02-01 04:12:58.718042,SPNG,25.72,25.45,25.72,2141400.0,1956700.0,0,0
1.0,1.0,1.0,,Welcome to the RITC 2026 Alogithmic Market Making Case - practice server,,98,2026-02-01 04:12:58.718042,SMMR,23.81,23.89,23.91,2352800.0,2356500.0,0,0
,,,,,,98,2026-02-01 04:12:58.718042,ATMN,23.61,23.65,23.69,2502800.0,2513200.0,0,0
,,,,,,98,2026-02-01 04:12:58.718042,WNTR,24.91,24.77,24.88,1714300.0,2125500.0,0,0
2.0,1.0,1.0,,Aggregate Position Limit,Your CRO has set the aggregate position limit to 10000 shares for this week.,99,2026-02-01 04:12:59.752544,SPNG,25.43,25.43,25.72,2113300.0,1956700.0,0,0
1.0,1.0,1.0,,Welcome to the RITC 2026 Alogithmic Market Making Case - practice server,,99,2026-02-01 04:12:59.752544,SMMR,23.91,23.95,24.01,2375600.0,2380500.0,0,0
,,,,,,99,2026-02-01 04:12:59.752544,ATMN,23.69,23.82,23.85,2498700.0,2545200.0,0,0
,,,,,,99,2026-02-01 04:12:59.752544,WNTR,24.9,24.82,24.9,1890900.0,2126500.0,0,0
2.0,1.0,1.0,,Aggregate Position Limit,Your CRO has set the aggregate position limit to 10000 shares for this week.,100,2026-02-01 04:13:00.775776,SPNG,25.64,25.64,25.72,2067700.0,1956700.0,0,0
1.0,1.0,1.0,,Welcome to the RITC 2026 Alogithmic Market Making Case - practice server,,100,2026-02-01 04:13:00.775776,SMMR,23.91,23.95,24.01,2375600.0,2353700.0,0,0
,,,,,,100,2026-02-01 04:13:00.775776,ATMN,23.61,23.61,23.71,2478200.0,2531600.0,0,0
,,,,,,100,2026-02-01 04:13:00.775776,WNTR,24.9,24.82,24.9,2186800.0,2126500.0,0,0
2.0,1.0,1.0,,Aggregate Position Limit,Your CRO has set the aggregate position limit to 10000 shares for this week.,101,2026-02-01 04:13:01.810794,SPNG,25.89,25.43,25.89,2075400.0,1936200.0,0,0
1.0,1.0,1.0,,Welcome to the RITC 2026 Alogithmic Market Making Case - practice server,,101,2026-02-01 04:13:01.810794,SMMR,24.01,23.89,24.01,2359800.0,2353700.0,0,0
,,,,,,101,2026-02-01 04:13:01.810794,ATMN,23.71,23.74,23.85,2446700.0,2545200.0,0,0
,,,,,,101,2026-02-01 04:13:01.810794,WNTR,24.82,24.82,24.87,2202500.0,2107400.0,0,0
2.0,1.0,1.0,,Aggregate Position Limit,Your CRO has set the aggregate position limit to 10000 shares for this week.,102,2026-02-01 04:13:02.831564,SPNG,25.89,25.43,25.89,2063100.0,1955800.0,0,0
1.0,1.0,1.0,,Welcome to the RITC 2026 Alogithmic Market Making Case - practice server,,102,2026-02-01 04:13:02.831564,SMMR,23.81,23.81,24.01,2342600.0,2375200.0,0,0
,,,,,,102,2026-02-01 04:13:02.831564,ATMN,23.71,23.74,23.78,2446700.0,2541600.0,0,0
,,,,,,102,2026-02-01 04:13:02.831564,WNTR,24.72,24.72,24.87,1896300.0,2107400.0,0,0
2.0,1.0,1.0,,Aggregate Position Limit,Your CRO has set the aggregate position limit to 10000 shares for this week.,103,2026-02-01 04:13:03.853154,SPNG,25.89,25.43,25.64,2047500.0,1963900.0,0,0
1.0,1.0,1.0,,Welcome to the RITC 2026 Alogithmic Market Making Case - practice server,,103,2026-02-01 04:13:03.853154,SMMR,23.99,23.81,23.95,2342600.0,2334400.0,0,0
,,,,,,103,2026-02-01 04:13:03.853154,ATMN,23.74,23.61,23.72,2462000.0,2520500.0,0,0
,,,,,,103,2026-02-01 04:13:03.853154,WNTR,24.7,24.7,24.83,1894800.0,2093700.0,0,0
2.0,1.0,1.0,,Aggregate Position Limit,Your CRO has set the aggregate position limit to 10000 shares for this week.,104,2026-02-01 04:13:04.887582,SPNG,25.91,25.64,25.91,2047500.0,1989500.0,0,0
1.0,1.0,1.0,,Welcome to the RITC 2026 Alogithmic Market Making Case - practice server,,104,2026-02-01 04:13:04.887582,SMMR,23.81,23.86,23.95,2389200.0,2334400.0,0,0
,,,,,,104,2026-02-01 04:13:04.887582,ATMN,23.74,23.61,23.7,2458800.0,2513200.0,0,0
,,,,,,104,2026-02-01 04:13:04.887582,WNTR,24.87,24.63,24.87,1773300.0,2107400.0,0,0
2.0,1.0,1.0,,Aggregate Position Limit,Your CRO has set the aggregate position limit to 10000 shares for this week.,105,2026-02-01 04:13:05.914429,SPNG,25.64,25.64,25.8,2019600.0,1993200.0,0,0
1.0,1.0,1.0,,Welcome to the RITC 2026 Alogithmic Market Making Case - practice server,,105,2026-02-01 04:13:05.914429,SMMR,23.95,23.86,23.95,2433400.0,2334400.0,0,0
,,,,,,105,2026-02-01 04:13:05.914429,ATMN,23.74,23.61,23.7,2478300.0,2431600.0,0,0
,,,,,,105,2026-02-01 04:13:05.914429,WNTR,24.87,24.85,24.87,2096100.0,2099400.0,0,0
2.0,1.0,1.0,,Aggregate Position Limit,Your CRO has set the aggregate position limit to 10000 shares for this week.,106,2026-02-01 04:13:06.940250,SPNG,25.8,25.43,25.8,2009800.0,1996600.0,0,0
1.0,1.0,1.0,,Welcome to the RITC 2026 Alogithmic Market Making Case - practice server,,106,2026-02-01 04:13:06.940250,SMMR,23.95,23.95,24.01,2452900.0,2340900.0,0,0
,,,,,,106,2026-02-01 04:13:06.940250,ATMN,23.51,23.51,23.7,2512400.0,2431600.0,0,0
,,,,,,106,2026-02-01 04:13:06.940250,WNTR,24.87,24.85,24.87,2177500.0,2099400.0,0,0
2.0,1.0,1.0,,Aggregate Position Limit,Your CRO has set the aggregate position limit to 10000 shares for this week.,107,2026-02-01 04:13:07.990540,SPNG,25.32,25.32,25.8,2025100.0,1996600.0,0,0
1.0,1.0,1.0,,Welcome to the RITC 2026 Alogithmic Market Making Case - practice server,,107,2026-02-01 04:13:07.990540,SMMR,23.95,23.86,23.95,2433400.0,2289300.0,0,0
,,,,,,107,2026-02-01 04:13:07.990540,ATMN,23.7,23.56,23.7,2487300.0,2431600.0,0,0
,,,,,,107,2026-02-01 04:13:07.990540,WNTR,24.88,24.77,24.88,2202300.0,2091400.0,0,0
2.0,1.0,1.0,,Aggregate Position Limit,Your CRO has set the aggregate position limit to 10000 shares for this week.,109,2026-02-01 04:13:09.023686,SPNG,25.91,25.47,25.91,1983000.0,1994200.0,0,0
1.0,1.0,1.0,,Welcome to the RITC 2026 Alogithmic Market Making Case - practice server,,109,2026-02-01 04:13:09.023686,SMMR,23.99,23.94,23.99,2441500.0,2314800.0,0,0
,,,,,,109,2026-02-01 04:13:09.023686,ATMN,23.56,23.56,23.7,2487300.0,2460900.0,0,0
,,,,,,109,2026-02-01 04:13:09.023686,WNTR,24.9,24.77,24.9,2189400.0,2126000.0,0,0
2.0,1.0,1.0,,Aggregate Position Limit,Your CRO has set the aggregate position limit to 10000 shares for this week.,110,2026-02-01 04:13:10.057679,SPNG,25.63,25.79,25.91,1999400.0,1994200.0,0,0
1.0,1.0,1.0,,Welcome to the RITC 2026 Alogithmic Market Making Case - practice server,,110,2026-02-01 04:13:10.057679,SMMR,23.96,23.86,23.88,2433400.0,2302400.0,0,0
,,,,,,110,2026-02-01 04:13:10.057679,ATMN,23.56,23.53,23.56,2500300.0,2466700.0,0,0
,,,,,,110,2026-02-01 04:13:10.057679,WNTR,24.76,24.88,24.9,2156000.0,2126000.0,0,0
2.0,1.0,1.0,,Aggregate Position Limit,Your CRO has set the aggregate position limit to 10000 shares for this week.,111,2026-02-01 04:13:11.092004,SPNG,25.55,25.47,25.55,1995700.0,2001200.0,0,0
1.0,1.0,1.0,,Welcome to the RITC 2026 Alogithmic Market Making Case - practice server,,111,2026-02-01 04:13:11.092004,SMMR,23.96,23.86,23.88,2418400.0,2308100.0,0,0
,,,,,,111,2026-02-01 04:13:11.092004,ATMN,23.49,23.49,23.56,2362200.0,2466700.0,0,0
,,,,,,111,2026-02-01 04:13:11.092004,WNTR,24.76,24.76,24.9,2168000.0,2111600.0,0,0
2.0,1.0,1.0,,Aggregate Position Limit,Your CRO has set the aggregate position limit to 10000 shares for this week.,112,2026-02-01 04:13:12.122562,SPNG,25.91,25.47,25.91,1994100.0,2001400.0,0,0
1.0,1.0,1.0,,Welcome to the RITC 2026 Alogithmic Market Making Case - practice server,,112,2026-02-01 04:13:12.122562,SMMR,23.8,23.81,23.88,2368500.0,2308100.0,0,0
,,,,,,112,2026-02-01 04:13:12.122562,ATMN,23.56,23.58,23.65,2472500.0,2459000.0,0,0
,,,,,,112,2026-02-01 04:13:12.122562,WNTR,24.76,24.76,24.77,2168000.0,2139100.0,0,0
2.0,1.0,1.0,,Aggregate Position Limit,Your CRO has set the aggregate position limit to 10000 shares for this week.,113,2026-02-01 04:13:13.158807,SPNG,25.32,25.28,25.32,1980600.0,2009300.0,0,0
1.0,1.0,1.0,,Welcome to the RITC 2026 Alogithmic Market Making Case - practice server,,113,2026-02-01 04:13:13.158807,SMMR,24.06,23.81,24.06,2372000.0,2332100.0,0,0
,,,,,,113,2026-02-01 04:13:13.158807,ATMN,23.58,23.49,23.55,2461800.0,2469300.0,0,0
,,,,,,113,2026-02-01 04:13:13.158807,WNTR,24.69,24.69,24.84,2189500.0,2112500.0,0,0
2.0,1.0,1.0,,Aggregate Position Limit,Your CRO has set the aggregate position limit to 10000 shares for this week.,114,2026-02-01 04:13:14.182492,SPNG,25.32,25.49,25.79,1968100.0,1985100.0,0,0
1.0,1.0,1.0,,Welcome to the RITC 2026 Alogithmic Market Making Case - practice server,,114,2026-02-01 04:13:14.182492,SMMR,23.81,23.81,24.06,2378000.0,2340300.0,0,0
,,,,,,114,2026-02-01 04:13:14.182492,ATMN,23.72,23.49,23.72,2461800.0,2453600.0,0,0
,,,,,,114,2026-02-01 04:13:14.182492,WNTR,24.69,24.69,24.83,2185600.0,2132800.0,0,0
2.0,1.0,1.0,,Aggregate Position Limit,Your CRO has set the aggregate position limit to 10000 shares for this week.,115,2026-02-01 04:13:15.213024,SPNG,25.93,25.94,25.96,1969200.0,1967700.0,0,0
1.0,1.0,1.0,,Welcome to the RITC 2026 Alogithmic Market Making Case - practice server,,115,2026-02-01 04:13:15.213024,SMMR,24.06,23.81,23.86,2378000.0,2357200.0,0,0
,,,,,,115,2026-02-01 04:13:15.213024,ATMN,23.46,23.46,23.72,2229400.0,2453600.0,0,0
,,,,,,115,2026-02-01 04:13:15.213024,WNTR,24.76,24.76,24.83,2202200.0,2116500.0,0,0
2.0,1.0,1.0,,Aggregate Position Limit,Your CRO has set the aggregate position limit to 10000 shares for this week.,116,2026-02-01 04:13:16.243110,SPNG,25.24,25.25,25.8,1996700.0,1969600.0,0,0
1.0,1.0,1.0,,Welcome to the RITC 2026 Alogithmic Market Making Case - practice server,,116,2026-02-01 04:13:16.243110,SMMR,23.86,23.82,23.86,2323000.0,2357200.0,0,0
,,,,,,116,2026-02-01 04:13:16.243110,ATMN,23.45,23.45,23.72,2107400.0,2453600.0,0,0
,,,,,,116,2026-02-01 04:13:16.243110,WNTR,24.76,24.81,24.83,2201100.0,2115100.0,0,0
2.0,1.0,1.0,,Aggregate Position Limit,Your CRO has set the aggregate position limit to 10000 shares for this week.,117,2026-02-01 04:13:17.280305,SPNG,25.8,25.81,25.96,1970400.0,1967700.0,0,0
1.0,1.0,1.0,,Welcome to the RITC 2026 Alogithmic Market Making Case - practice server,,117,2026-02-01 04:13:17.280305,SMMR,23.85,23.85,24.06,2353200.0,2362100.0,0,0
,,,,,,117,2026-02-01 04:13:17.280305,ATMN,23.58,23.63,23.72,2236800.0,2453600.0,0,0
,,,,,,117,2026-02-01 04:13:17.280305,WNTR,24.83,24.81,24.83,2201100.0,2118300.0,0,0
2.0,1.0,1.0,,Aggregate Position Limit,Your CRO has set the aggregate position limit to 10000 shares for this week.,118,2026-02-01 04:13:18.322706,SPNG,25.81,25.39,25.78,1996400.0,1976400.0,0,0
1.0,1.0,1.0,,Welcome to the RITC 2026 Alogithmic Market Making Case - practice server,,118,2026-02-01 04:13:18.322706,SMMR,23.85,23.85,23.97,2353200.0,2324800.0,0,0
,,,,,,118,2026-02-01 04:13:18.322706,ATMN,23.39,23.39,23.6,1842800.0,2479300.0,0,0
,,,,,,118,2026-02-01 04:13:18.322706,WNTR,24.69,24.69,24.83,2209000.0,2102900.0,0,0
2.0,1.0,1.0,,Aggregate Position Limit,Your CRO has set the aggregate position limit to 10000 shares for this week.,119,2026-02-01 04:13:19.346566,SPNG,25.81,25.44,25.78,2012500.0,1973800.0,0,0
1.0,1.0,1.0,,Welcome to the RITC 2026 Alogithmic Market Making Case - practice server,,119,2026-02-01 04:13:19.346566,SMMR,23.97,23.94,23.97,2366500.0,2324800.0,0,0
,,,,,,119,2026-02-01 04:13:19.346566,ATMN,23.6,23.39,23.6,1842800.0,2479300.0,0,0
,,,,,,119,2026-02-01 04:13:19.346566,WNTR,24.79,24.79,24.82,2205200.0,2099300.0,0,0
2.0,1.0,1.0,,Aggregate Position Limit,Your CRO has set the aggregate position limit to 10000 shares for this week.,120,2026-02-01 04:13:20.368119,SPNG,25.81,25.37,0.0,200000.0,,0,0
1.0,1.0,1.0,,Welcome to the RITC 2026 Alogithmic Market Making Case - practice server,,120,2026-02-01 04:13:20.368119,SMMR,26.18,25.1,25.25,726000.0,715800.0,0,0
,,,,,,120,2026-02-01 04:13:20.368119,ATMN,23.6,24.32,0.0,200000.0,,0,0
,,,,,,120,2026-02-01 04:13:20.368119,WNTR,27.05,26.0,26.27,633300.0,723000.0,0,0
2.0,1.0,1.0,,Aggregate Position Limit,Your CRO has set the aggregate position limit to 10000 shares for this week.,121,2026-02-01 04:13:21.400845,SPNG,24.48,24.48,25.91,998900.0,725000.0,0,0
1.0,1.0,1.0,,Welcome to the RITC 2026 Alogithmic Market Making Case - practice server,,121,2026-02-01 04:13:21.400845,SMMR,26.87,25.1,26.4,1056400.0,798200.0,0,0
,,,,,,121,2026-02-01 04:13:21.400845,ATMN,24.32,24.32,24.39,1012800.0,927800.0,0,0
,,,,,,121,2026-02-01 04:13:21.400845,WNTR,26.27,26.17,26.27,1031000.0,817200.0,0,0
2.0,1.0,1.0,,Aggregate Position Limit,Your CRO has set the aggregate position limit to 10000 shares for this week.,122,2026-02-01 04:13:22.422671,SPNG,24.48,25.24,25.27,1188000.0,805800.0,0,0
1.0,1.0,1.0,,Welcome to the RITC 2026 Alogithmic Market Making Case - practice server,,122,2026-02-01 04:13:22.422671,SMMR,26.87,25.89,26.4,1289600.0,913800.0,0,0
,,,,,,122,2026-02-01 04:13:22.422671,ATMN,24.32,24.32,24.35,1134200.0,1132900.0,0,0
,,,,,,122,2026-02-01 04:13:22.422671,WNTR,26.32,26.17,26.32,1297100.0,785900.0,0,0
2.0,1.0,1.0,,Aggregate Position Limit,Your CRO has set the aggregate position limit to 10000 shares for this week.,123,2026-02-01 04:13:23.456177,SPNG,25.91,25.24,25.9,1188000.0,929900.0,0,0
1.0,1.0,1.0,,Welcome to the RITC 2026 Alogithmic Market Making Case - practice server,,123,2026-02-01 04:13:23.456177,SMMR,26.87,26.05,26.09,1513800.0,1003500.0,0,0
,,,,,,123,2026-02-01 04:13:23.456177,ATMN,24.39,24.13,24.23,1034200.0,1130200.0,0,0
,,,,,,123,2026-02-01 04:13:23.456177,WNTR,26.39,26.78,27.37,1617200.0,716400.0,0,0
2.0,1.0,1.0,,Aggregate Position Limit,Your CRO has set the aggregate position limit to 10000 shares for this week.,124,2026-02-01 04:13:24.484923,SPNG,25.91,25.24,25.52,1188000.0,1195800.0,0,0
1.0,1.0,1.0,,Welcome to the RITC 2026 Alogithmic Market Making Case - practice server,,124,2026-02-01 04:13:24.484923,SMMR,26.09,26.05,26.09,1724400.0,1003500.0,0,0
,,,,,,124,2026-02-01 04:13:24.484923,ATMN,24.23,24.34,24.39,1409600.0,1022000.0,0,0
,,,,,,124,2026-02-01 04:13:24.484923,WNTR,26.39,27.15,27.37,1726200.0,885800.0,0,0
2.0,1.0,1.0,,Aggregate Position Limit,Your CRO has set the aggregate position limit to 10000 shares for this week.,125,2026-02-01 04:13:25.511576,SPNG,25.24,25.07,25.13,1184200.0,1398900.0,0,0
1.0,1.0,1.0,,Welcome to the RITC 2026 Alogithmic Market Making Case - practice server,,125,2026-02-01 04:13:25.511576,SMMR,26.05,26.05,26.4,1829500.0,913800.0,0,0
,,,,,,125,2026-02-01 04:13:25.511576,ATMN,24.49,24.47,24.49,1171100.0,913300.0,0,0
,,,,,,125,2026-02-01 04:13:25.511576,WNTR,27.15,26.86,26.87,1712100.0,1067700.0,0,0
2.0,1.0,1.0,,Aggregate Position Limit,Your CRO has set the aggregate position limit to 10000 shares for this week.,126,2026-02-01 04:13:26.526137,SPNG,25.13,25.24,25.41,1297000.0,1477400.0,0,0
1.0,1.0,1.0,,Welcome to the RITC 2026 Alogithmic Market Making Case - practice server,,126,2026-02-01 04:13:26.526137,SMMR,26.05,26.05,26.07,2054000.0,998800.0,0,0
,,,,,,126,2026-02-01 04:13:26.526137,ATMN,24.05,24.05,24.49,1053900.0,913300.0,0,0
,,,,,,126,2026-02-01 04:13:26.526137,WNTR,26.87,26.88,27.16,2015800.0,965300.0,0,0
2.0,1.0,1.0,,Aggregate Position Limit,Your CRO has set the aggregate position limit to 10000 shares for this week.,127,2026-02-01 04:13:27.559438,SPNG,25.24,25.24,25.45,1297000.0,1596800.0,0,0
1.0,1.0,1.0,,Welcome to the RITC 2026 Alogithmic Market Making Case - practice server,,127,2026-02-01 04:13:27.559438,SMMR,26.05,26.05,26.07,2167500.0,998800.0,0,0
,,,,,,127,2026-02-01 04:13:27.559438,ATMN,24.5,24.05,24.36,1308000.0,1019700.0,0,0
,,,,,,127,2026-02-01 04:13:27.559438,WNTR,27.37,26.8,27.37,1826200.0,885800.0,0,0
2.0,1.0,1.0,,Aggregate Position Limit,Your CRO has set the aggregate position limit to 10000 shares for this week.,128,2026-02-01 04:13:28.585554,SPNG,25.5,25.24,25.5,1388200.0,1576700.0,0,0
1.0,1.0,1.0,,Welcome to the RITC 2026 Alogithmic Market Making Case - practice server,,128,2026-02-01 04:13:28.585554,SMMR,26.07,26.2,26.4,2136200.0,1011000.0,0,0
,,,,,,128,2026-02-01 04:13:28.585554,ATMN,24.5,24.05,24.36,1561900.0,1158500.0,0,0
,,,,,,128,2026-02-01 04:13:28.585554,WNTR,27.37,27.1,27.15,1914500.0,1088600.0,0,0
2.0,1.0,1.0,,Aggregate Position Limit,Your CRO has set the aggregate position limit to 10000 shares for this week.,129,2026-02-01 04:13:29.605350,SPNG,25.5,25.24,25.5,1505300.0,1790900.0,0,0
1.0,1.0,1.0,,Welcome to the RITC 2026 Alogithmic Market Making Case - practice server,,129,2026-02-01 04:13:29.605350,SMMR,26.2,26.2,26.4,2136200.0,1132900.0,0,0
,,,,,,129,2026-02-01 04:13:29.605350,ATMN,23.89,23.89,23.95,1420800.0,1366000.0,0,0
,,,,,,129,2026-02-01 04:13:29.605350,WNTR,27.08,27.08,27.15,1935800.0,1088600.0,0,0
2.0,1.0,1.0,,Aggregate Position Limit,Your CRO has set the aggregate position limit to 10000 shares for this week.,130,2026-02-01 04:13:30.642048,SPNG,25.5,25.24,25.5,1505300.0,1914200.0,0,0
1.0,1.0,1.0,,Welcome to the RITC 2026 Alogithmic Market Making Case - practice server,,130,2026-02-01 04:13:30.642048,SMMR,26.05,26.05,26.21,2167500.0,1308500.0,0,0
,,,,,,130,2026-02-01 04:13:30.642048,ATMN,23.89,23.89,23.95,1761500.0,1366000.0,0,0
,,,,,,130,2026-02-01 04:13:30.642048,WNTR,27.08,27.11,27.12,2041400.0,1384300.0,0,0
2.0,1.0,1.0,,Aggregate Position Limit,Your CRO has set the aggregate position limit to 10000 shares for this week.,131,2026-02-01 04:13:31.671626,SPNG,25.24,25.08,25.14,1476300.0,1952000.0,0,0
1.0,1.0,1.0,,Welcome to the RITC 2026 Alogithmic Market Making Case - practice server,,131,2026-02-01 04:13:31.671626,SMMR,26.05,26.09,26.21,2149200.0,1308500.0,0,0
,,,,,,131,2026-02-01 04:13:31.671626,ATMN,23.95,23.89,23.95,1993900.0,1366000.0,0,0
,,,,,,131,2026-02-01 04:13:31.671626,WNTR,27.11,27.11,27.19,2029500.0,1191400.0,0,0
2.0,1.0,1.0,,Aggregate Position Limit,Your CRO has set the aggregate position limit to 10000 shares for this week.,132,2026-02-01 04:13:32.701326,SPNG,25.24,25.09,25.14,1805300.0,1952000.0,0,0
1.0,1.0,1.0,,Welcome to the RITC 2026 Alogithmic Market Making Case - practice server,,132,2026-02-01 04:13:32.701326,SMMR,26.24,26.09,26.24,2121400.0,1332200.0,0,0
,,,,,,132,2026-02-01 04:13:32.701326,ATMN,23.95,24.34,24.36,2350200.0,1387300.0,0,0
,,,,,,132,2026-02-01 04:13:32.701326,WNTR,27.19,27.11,27.19,2029500.0,1364300.0,0,0
2.0,1.0,1.0,,Aggregate Position Limit,Your CRO has set the aggregate position limit to 10000 shares for this week.,133,2026-02-01 04:13:33.771618,SPNG,25.09,25.27,25.5,1925000.0,1914200.0,0,0
1.0,1.0,1.0,,Welcome to the RITC 2026 Alogithmic Market Making Case - practice server,,133,2026-02-01 04:13:33.771618,SMMR,26.27,26.19,26.27,2102500.0,1243200.0,0,0
,,,,,,133,2026-02-01 04:13:33.771618,ATMN,24.06,23.89,24.02,1993900.0,1521600.0,0,0
,,,,,,133,2026-02-01 04:13:33.771618,WNTR,27.08,27.08,27.19,1940100.0,1550700.0,0,0
2.0,1.0,1.0,,Aggregate Position Limit,Your CRO has set the aggregate position limit to 10000 shares for this week.,134,2026-02-01 04:13:34.806114,SPNG,25.09,25.27,25.5,2014600.0,1961200.0,0,0
1.0,1.0,1.0,,Welcome to the RITC 2026 Alogithmic Market Making Case - practice server,,134,2026-02-01 04:13:34.806114,SMMR,26.27,26.26,26.27,2141000.0,1357800.0,0,0
,,,,,,134,2026-02-01 04:13:34.806114,ATMN,24.49,23.89,24.49,2133700.0,1269700.0,0,0
,,,,,,134,2026-02-01 04:13:34.806114,WNTR,26.92,26.92,27.08,1910700.0,1642000.0,0,0
2.0,1.0,1.0,,Aggregate Position Limit,Your CRO has set the aggregate position limit to 10000 shares for this week.,135,2026-02-01 04:13:35.868609,SPNG,25.44,25.23,25.44,1894900.0,1969800.0,0,0
1.0,1.0,1.0,,Welcome to the RITC 2026 Alogithmic Market Making Case - practice server,,135,2026-02-01 04:13:35.868609,SMMR,26.27,26.26,26.27,2127300.0,1436000.0,0,0
,,,,,,135,2026-02-01 04:13:35.868609,ATMN,24.5,23.89,24.18,2286400.0,1271900.0,0,0
,,,,,,135,2026-02-01 04:13:35.868609,WNTR,26.92,26.92,27.01,2023300.0,1816000.0,0,0
2.0,1.0,1.0,,Aggregate Position Limit,Your CRO has set the aggregate position limit to 10000 shares for this week.,136,2026-02-01 04:13:36.905642,SPNG,25.5,25.23,25.49,1894900.0,1927200.0,0,0
1.0,1.0,1.0,,Welcome to the RITC 2026 Alogithmic Market Making Case - practice server,,136,2026-02-01 04:13:36.905642,SMMR,26.4,26.26,26.4,2127300.0,1236000.0,0,0
,,,,,,136,2026-02-01 04:13:36.905642,ATMN,24.18,24.1,24.18,2536000.0,1271900.0,0,0
,,,,,,136,2026-02-01 04:13:36.905642,WNTR,27.03,26.95,27.03,2011600.0,1838900.0,0,0
2.0,1.0,1.0,,Aggregate Position Limit,Your CRO has set the aggregate position limit to 10000 shares for this week.,137,2026-02-01 04:13:37.936052,SPNG,25.08,25.08,25.15,1792900.0,1936800.0,0,0
1.0,1.0,1.0,,Welcome to the RITC 2026 Alogithmic Market Making Case - practice server,,137,2026-02-01 04:13:37.936052,SMMR,26.4,26.26,26.39,2134000.0,1462900.0,0,0
,,,,,,137,2026-02-01 04:13:37.936052,ATMN,24.18,24.35,24.5,2524100.0,1264400.0,0,0
,,,,,,137,2026-02-01 04:13:37.936052,WNTR,27.02,27.02,27.03,2014200.0,1843900.0,0,0
2.0,1.0,1.0,,Aggregate Position Limit,Your CRO has set the aggregate position limit to 10000 shares for this week.,138,2026-02-01 04:13:38.971966,SPNG,25.07,25.07,25.49,1709100.0,1927200.0,0,0
1.0,1.0,1.0,,Welcome to the RITC 2026 Alogithmic Market Making Case - practice server,,138,2026-02-01 04:13:38.971966,SMMR,26.39,26.35,26.39,2121700.0,1546200.0,0,0
,,,,,,138,2026-02-01 04:13:38.971966,ATMN,24.18,24.1,24.18,2523600.0,1506100.0,0,0
,,,,,,138,2026-02-01 04:13:38.971966,WNTR,26.95,26.95,27.03,1990900.0,1857100.0,0,0
2.0,1.0,1.0,,Aggregate Position Limit,Your CRO has set the aggregate position limit to 10000 shares for this week.,139,2026-02-01 04:13:40.005932,SPNG,25.07,25.1,25.49,1817300.0,1953900.0,0,0
1.0,1.0,1.0,,Welcome to the RITC 2026 Alogithmic Market Making Case - practice server,,139,2026-02-01 04:13:40.005932,SMMR,26.39,26.35,26.37,2121700.0,1872000.0,0,0
,,,,,,139,2026-02-01 04:13:40.005932,ATMN,24.18,24.1,24.18,2480400.0,1506100.0,0,0
,,,,,,139,2026-02-01 04:13:40.005932,WNTR,27.03,27.05,27.08,1993300.0,1848700.0,0,0
2.0,1.0,1.0,,Aggregate Position Limit,Your CRO has set the aggregate position limit to 10000 shares for this week.,140,2026-02-01 04:13:41.042806,SPNG,25.06,25.06,25.5,1727300.0,1950500.0,0,0
1.0,1.0,1.0,,Welcome to the RITC 2026 Alogithmic Market Making Case - practice server,,140,2026-02-01 04:13:41.042806,SMMR,26.37,26.35,26.37,2121700.0,2094000.0,0,0
,,,,,,140,2026-02-01 04:13:41.042806,ATMN,24.5,24.1,24.25,2480400.0,1517900.0,0,0
,,,,,,140,2026-02-01 04:13:41.042806,WNTR,27.05,26.95,26.97,1995700.0,1871500.0,0,0
2.0,1.0,1.0,,Aggregate Position Limit,Your CRO has set the aggregate position limit to 10000 shares for this week.,141,2026-02-01 04:13:42.074514,SPNG,25.53,24.95,25.53,1516600.0,1977400.0,0,0
1.0,1.0,1.0,,Welcome to the RITC 2026 Alogithmic Market Making Case - practice server,,141,2026-02-01 04:13:42.074514,SMMR,26.37,26.35,26.37,2121700.0,2102600.0,0,0
,,,,,,141,2026-02-01 04:13:42.074514,ATMN,24.16,24.1,24.16,2480400.0,1625800.0,0,0
,,,,,,141,2026-02-01 04:13:42.074514,WNTR,26.97,27.04,27.1,1991600.0,1857300.0,0,0
2.0,1.0,1.0,,Aggregate Position Limit,Your CRO has set the aggregate position limit to 10000 shares for this week.,142,2026-02-01 04:13:43.099534,SPNG,24.95,24.98,25.53,1604300.0,1977400.0,0,0
1.0,1.0,1.0,,Welcome to the RITC 2026 Alogithmic Market Making Case - practice server,,142,2026-02-01 04:13:43.099534,SMMR,26.37,26.35,26.37,2121700.0,2061400.0,0,0
,,,,,,142,2026-02-01 04:13:43.099534,ATMN,24.56,24.2,24.56,2461300.0,1129800.0,0,0
,,,,,,142,2026-02-01 04:13:43.099534,WNTR,26.97,27.04,27.1,1999700.0,1878100.0,0,0
2.0,1.0,1.0,,Aggregate Position Limit,Your CRO has set the aggregate position limit to 10000 shares for this week.,143,2026-02-01 04:13:44.128117,SPNG,25.55,24.98,25.22,1736700.0,2003100.0,0,0
1.0,1.0,1.0,,Welcome to the RITC 2026 Alogithmic Market Making Case - practice server,,143,2026-02-01 04:13:44.128117,SMMR,26.2,26.2,26.35,2111100.0,2083400.0,0,0
,,,,,,143,2026-02-01 04:13:44.128117,ATMN,24.2,24.2,24.56,2461300.0,1392700.0,0,0
,,,,,,143,2026-02-01 04:13:44.128117,WNTR,27.0,27.0,27.1,1989700.0,1874900.0,0,0
2.0,1.0,1.0,,Aggregate Position Limit,Your CRO has set the aggregate position limit to 10000 shares for this week.,144,2026-02-01 04:13:45.162838,SPNG,25.55,25.17,25.22,2154500.0,2003100.0,0,0
1.0,1.0,1.0,,Welcome to the RITC 2026 Alogithmic Market Making Case - practice server,,144,2026-02-01 04:13:45.162838,SMMR,26.2,26.2,26.35,2111100.0,2118200.0,0,0
,,,,,,144,2026-02-01 04:13:45.162838,ATMN,24.18,24.24,24.56,2469700.0,1392700.0,0,0
,,,,,,144,2026-02-01 04:13:45.162838,WNTR,27.05,27.05,27.12,2011900.0,1868200.0,0,0
2.0,1.0,1.0,,Aggregate Position Limit,Your CRO has set the aggregate position limit to 10000 shares for this week.,145,2026-02-01 04:13:46.194437,SPNG,25.22,25.17,25.22,2258700.0,2000000.0,0,0
1.0,1.0,1.0,,Welcome to the RITC 2026 Alogithmic Market Making Case - practice server,,145,2026-02-01 04:13:46.194437,SMMR,26.3,26.35,26.38,2131300.0,2088200.0,0,0
,,,,,,145,2026-02-01 04:13:46.194437,ATMN,24.18,24.24,24.37,2455800.0,1594000.0,0,0
,,,,,,145,2026-02-01 04:13:46.194437,WNTR,27.05,27.05,27.12,1988800.0,1888100.0,0,0
2.0,1.0,1.0,,Aggregate Position Limit,Your CRO has set the aggregate position limit to 10000 shares for this week.,147,2026-02-01 04:13:47.255125,SPNG,25.55,25.17,25.55,2258700.0,1957100.0,0,0
1.0,1.0,1.0,,Welcome to the RITC 2026 Alogithmic Market Making Case - practice server,,147,2026-02-01 04:13:47.255125,SMMR,26.3,26.35,26.38,2131300.0,2129200.0,0,0
,,,,,,147,2026-02-01 04:13:47.255125,ATMN,24.56,24.24,24.56,2481200.0,1608100.0,0,0
,,,,,,147,2026-02-01 04:13:47.255125,WNTR,27.05,27.05,27.08,1988800.0,1907700.0,0,0
2.0,1.0,1.0,,Aggregate Position Limit,Your CRO has set the aggregate position limit to 10000 shares for this week.,148,2026-02-01 04:13:48.293058,SPNG,25.14,25.14,25.55,2267300.0,1996600.0,0,0
1.0,1.0,1.0,,Welcome to the RITC 2026 Alogithmic Market Making Case - practice server,,148,2026-02-01 04:13:48.293058,SMMR,26.16,26.19,26.38,2133400.0,2129200.0,0,0
,,,,,,148,2026-02-01 04:13:48.293058,ATMN,24.74,24.24,24.26,2481200.0,1713400.0,0,0
,,,,,,148,2026-02-01 04:13:48.293058,WNTR,27.05,27.0,27.05,1985600.0,1943600.0,0,0
2.0,1.0,1.0,,Aggregate Position Limit,Your CRO has set the aggregate position limit to 10000 shares for this week.,149,2026-02-01 04:13:49.322984,SPNG,25.61,24.98,25.61,2170500.0,1952200.0,0,0
1.0,1.0,1.0,,Welcome to the RITC 2026 Alogithmic Market Making Case - practice server,,149,2026-02-01 04:13:49.322984,SMMR,26.16,26.37,26.38,2137100.0,2146100.0,0,0
,,,,,,149,2026-02-01 04:13:49.322984,ATMN,24.26,24.67,24.7,2483700.0,1585100.0,0,0
,,,,,,149,2026-02-01 04:13:49.322984,WNTR,27.01,27.01,27.05,2023300.0,1943600.0,0,0
2.0,1.0,1.0,,Aggregate Position Limit,Your CRO has set the aggregate position limit to 10000 shares for this week.,150,2026-02-01 04:13:50.351233,SPNG,25.61,24.98,25.45,2405300.0,1971100.0,0,0
1.0,1.0,1.0,,Welcome to the RITC 2026 Alogithmic Market Making Case - practice server,,150,2026-02-01 04:13:50.351233,SMMR,26.19,26.19,26.21,2133400.0,2164700.0,0,0
,,,,,,150,2026-02-01 04:13:50.351233,ATMN,24.67,24.24,24.34,2496600.0,1686700.0,0,0
,,,,,,150,2026-02-01 04:13:50.351233,WNTR,27.1,26.95,27.1,2002300.0,1897100.0,0,0
2.0,1.0,1.0,,Aggregate Position Limit,Your CRO has set the aggregate position limit to 10000 shares for this week.,151,2026-02-01 04:13:51.387280,SPNG,24.86,25.16,25.45,2400100.0,1971100.0,0,0
1.0,1.0,1.0,,Welcome to the RITC 2026 Alogithmic Market Making Case - practice server,,151,2026-02-01 04:13:51.387280,SMMR,26.21,26.19,26.21,2133400.0,2164700.0,0,0
,,,,,,151,2026-02-01 04:13:51.387280,ATMN,24.7,24.7,24.74,2530300.0,1575900.0,0,0
,,,,,,151,2026-02-01 04:13:51.387280,WNTR,27.1,26.95,27.06,2002300.0,1942300.0,0,0
2.0,1.0,1.0,,Aggregate Position Limit,Your CRO has set the aggregate position limit to 10000 shares for this week.,152,2026-02-01 04:13:52.413913,SPNG,24.86,25.16,25.45,2218900.0,1971100.0,0,0
1.0,1.0,1.0,,Welcome to the RITC 2026 Alogithmic Market Making Case - practice server,,152,2026-02-01 04:13:52.413913,SMMR,26.38,26.23,26.37,2124400.0,2125600.0,0,0
,,,,,,152,2026-02-01 04:13:52.413913,ATMN,24.7,24.24,24.33,2534800.0,1808300.0,0,0
,,,,,,152,2026-02-01 04:13:52.413913,WNTR,27.03,27.03,27.1,2003200.0,1928000.0,0,0
2.0,1.0,1.0,,Aggregate Position Limit,Your CRO has set the aggregate position limit to 10000 shares for this week.,153,2026-02-01 04:13:53.455921,SPNG,25.31,25.31,25.65,2197200.0,1962400.0,0,0
1.0,1.0,1.0,,Welcome to the RITC 2026 Alogithmic Market Making Case - practice server,,153,2026-02-01 04:13:53.455921,SMMR,26.28,26.23,26.28,2124400.0,2187400.0,0,0
,,,,,,153,2026-02-01 04:13:53.455921,ATMN,24.11,24.11,24.74,2488000.0,1683600.0,0,0
,,,,,,153,2026-02-01 04:13:53.455921,WNTR,27.03,26.95,27.02,2004900.0,1930500.0,0,0
2.0,1.0,1.0,,Aggregate Position Limit,Your CRO has set the aggregate position limit to 10000 shares for this week.,154,2026-02-01 04:13:54.518231,SPNG,25.31,25.31,25.59,2197200.0,2024800.0,0,0
1.0,1.0,1.0,,Welcome to the RITC 2026 Alogithmic Market Making Case - practice server,,154,2026-02-01 04:13:54.518231,SMMR,26.28,26.23,26.24,2108800.0,2153300.0,0,0
,,,,,,154,2026-02-01 04:13:54.518231,ATMN,24.3,24.11,24.3,2488000.0,1925500.0,0,0
,,,,,,154,2026-02-01 04:13:54.518231,WNTR,27.02,27.01,27.02,2007100.0,1930500.0,0,0
2.0,1.0,1.0,,Aggregate Position Limit,Your CRO has set the aggregate position limit to 10000 shares for this week.,155,2026-02-01 04:13:55.540621,SPNG,25.31,25.31,25.34,2197200.0,2004300.0,0,0
1.0,1.0,1.0,,Welcome to the RITC 2026 Alogithmic Market Making Case - practice server,,155,2026-02-01 04:13:55.540621,SMMR,26.24,26.09,26.24,2121100.0,2146800.0,0,0
,,,,,,155,2026-02-01 04:13:55.540621,ATMN,24.11,24.11,24.74,2488000.0,1818500.0,0,0
,,,,,,155,2026-02-01 04:13:55.540621,WNTR,27.11,27.07,27.11,1981400.0,1918000.0,0,0
2.0,1.0,1.0,,Aggregate Position Limit,Your CRO has set the aggregate position limit to 10000 shares for this week.,156,2026-02-01 04:13:56.593247,SPNG,25.31,25.16,25.2,2218900.0,2029600.0,0,0
1.0,1.0,1.0,,Welcome to the RITC 2026 Alogithmic Market Making Case - practice server,,156,2026-02-01 04:13:56.593247,SMMR,26.24,26.23,26.24,2155000.0,2133700.0,0,0
,,,,,,156,2026-02-01 04:13:56.593247,ATMN,24.11,24.11,24.65,2488000.0,1949000.0,0,0
,,,,,,156,2026-02-01 04:13:56.593247,WNTR,27.09,27.07,27.09,1981400.0,1934600.0,0,0
2.0,1.0,1.0,,Aggregate Position Limit,Your CRO has set the aggregate position limit to 10000 shares for this week.,157,2026-02-01 04:13:57.616039,SPNG,25.2,25.16,25.2,2218900.0,2012700.0,0,0
1.0,1.0,1.0,,Welcome to the RITC 2026 Alogithmic Market Making Case - practice server,,157,2026-02-01 04:13:57.616039,SMMR,26.27,26.23,26.27,2155000.0,2144900.0,0,0
,,,,,,157,2026-02-01 04:13:57.616039,ATMN,24.65,24.11,24.51,2520100.0,2084800.0,0,0
,,,,,,157,2026-02-01 04:13:57.616039,WNTR,26.95,26.95,27.09,1970300.0,1931700.0,0,0
2.0,1.0,1.0,,Aggregate Position Limit,Your CRO has set the aggregate position limit to 10000 shares for this week.,158,2026-02-01 04:13:58.639926,SPNG,25.06,25.06,25.45,2294700.0,2020500.0,0,0
1.0,1.0,1.0,,Welcome to the RITC 2026 Alogithmic Market Making Case - practice server,,158,2026-02-01 04:13:58.639926,SMMR,26.09,26.09,26.19,2131800.0,2152000.0,0,0
,,,,,,158,2026-02-01 04:13:58.639926,ATMN,24.21,24.28,24.51,2508000.0,2084800.0,0,0
,,,,,,158,2026-02-01 04:13:58.639926,WNTR,26.95,26.95,27.06,1970300.0,1962800.0,0,0
2.0,1.0,1.0,,Aggregate Position Limit,Your CRO has set the aggregate position limit to 10000 shares for this week.,159,2026-02-01 04:13:59.662452,SPNG,24.84,24.92,25.59,2436300.0,2009400.0,0,0
1.0,1.0,1.0,,Welcome to the RITC 2026 Alogithmic Market Making Case - practice server,,159,2026-02-01 04:13:59.662452,SMMR,26.09,26.09,26.27,2133700.0,2144900.0,0,0
,,,,,,159,2026-02-01 04:13:59.662452,ATMN,24.21,24.28,24.43,2508000.0,2314100.0,0,0
,,,,,,159,2026-02-01 04:13:59.662452,WNTR,26.95,26.95,26.99,1951900.0,1976100.0,0,0
2.0,1.0,1.0,,Aggregate Position Limit,Your CRO has set the aggregate position limit to 10000 shares for this week.,160,2026-02-01 04:14:00.695367,SPNG,24.84,25.21,25.43,2243900.0,2025500.0,0,0
1.0,1.0,1.0,,Welcome to the RITC 2026 Alogithmic Market Making Case - practice server,,160,2026-02-01 04:14:00.695367,SMMR,26.09,26.18,26.27,2143300.0,2144900.0,0,0
,,,,,,160,2026-02-01 04:14:00.695367,ATMN,24.1,24.1,24.43,2494400.0,2314100.0,0,0
,,,,,,160,2026-02-01 04:14:00.695367,WNTR,26.98,26.95,26.98,1951900.0,2013500.0,0,0
2.0,1.0,1.0,,Aggregate Position Limit,Your CRO has set the aggregate position limit to 10000 shares for this week.,161,2026-02-01 04:14:01.727470,SPNG,25.43,25.21,25.43,2243900.0,2015000.0,0,0
1.0,1.0,1.0,,Welcome to the RITC 2026 Alogithmic Market Making Case - practice server,,161,2026-02-01 04:14:01.727470,SMMR,26.36,26.18,26.36,2165000.0,2139200.0,0,0
,,,,,,161,2026-02-01 04:14:01.727470,ATMN,24.51,24.1,24.34,2494400.0,2407600.0,0,0
,,,,,,161,2026-02-01 04:14:01.727470,WNTR,26.94,26.94,26.98,1958800.0,2013500.0,0,0
2.0,1.0,1.0,,Aggregate Position Limit,Your CRO has set the aggregate position limit to 10000 shares for this week.,162,2026-02-01 04:14:02.760822,SPNG,25.62,25.21,25.4,2243900.0,2025400.0,0,0
1.0,1.0,1.0,,Welcome to the RITC 2026 Alogithmic Market Making Case - practice server,,162,2026-02-01 04:14:02.760822,SMMR,26.18,26.18,26.36,2165000.0,2139200.0,0,0
,,,,,,162,2026-02-01 04:14:02.760822,ATMN,24.51,24.32,24.34,2496400.0,2407600.0,0,0
,,,,,,162,2026-02-01 04:14:02.760822,WNTR,26.99,26.93,26.99,1942700.0,1990100.0,0,0
2.0,1.0,1.0,,Aggregate Position Limit,Your CRO has set the aggregate position limit to 10000 shares for this week.,163,2026-02-01 04:14:03.781346,SPNG,25.21,25.31,25.4,2202500.0,2025400.0,0,0
1.0,1.0,1.0,,Welcome to the RITC 2026 Alogithmic Market Making Case - practice server,,163,2026-02-01 04:14:03.781346,SMMR,26.12,26.15,26.34,2163200.0,2127300.0,0,0
,,,,,,163,2026-02-01 04:14:03.781346,ATMN,24.34,24.49,24.51,2493000.0,2398900.0,0,0
,,,,,,163,2026-02-01 04:14:03.781346,WNTR,26.93,26.97,26.99,1942500.0,1990100.0,0,0
2.0,1.0,1.0,,Aggregate Position Limit,Your CRO has set the aggregate position limit to 10000 shares for this week.,164,2026-02-01 04:14:04.814452,SPNG,25.21,25.21,25.4,2243900.0,1992600.0,0,0
1.0,1.0,1.0,,Welcome to the RITC 2026 Alogithmic Market Making Case - practice server,,164,2026-02-01 04:14:04.814452,SMMR,26.36,26.15,26.3,2163200.0,2155200.0,0,0
,,,,,,164,2026-02-01 04:14:04.814452,ATMN,24.32,24.32,24.51,2528300.0,2417800.0,0,0
,,,,,,164,2026-02-01 04:14:04.814452,WNTR,26.93,26.93,26.99,1943900.0,1978900.0,0,0
2.0,1.0,1.0,,Aggregate Position Limit,Your CRO has set the aggregate position limit to 10000 shares for this week.,165,2026-02-01 04:14:05.864653,SPNG,24.97,25.12,25.29,2246300.0,1989000.0,0,0
1.0,1.0,1.0,,Welcome to the RITC 2026 Alogithmic Market Making Case - practice server,,165,2026-02-01 04:14:05.864653,SMMR,26.36,26.15,26.3,2140000.0,2130100.0,0,0
,,,,,,165,2026-02-01 04:14:05.864653,ATMN,24.51,24.32,24.51,2497600.0,2417800.0,0,0
,,,,,,165,2026-02-01 04:14:05.864653,WNTR,26.88,26.88,26.99,1970100.0,1978900.0,0,0
2.0,1.0,1.0,,Aggregate Position Limit,Your CRO has set the aggregate position limit to 10000 shares for this week.,166,2026-02-01 04:14:06.930766,SPNG,25.35,25.12,25.2,2225000.0,2001100.0,0,0
1.0,1.0,1.0,,Welcome to the RITC 2026 Alogithmic Market Making Case - practice server,,166,2026-02-01 04:14:06.930766,SMMR,26.12,26.12,26.3,2149800.0,2124300.0,0,0
,,,,,,166,2026-02-01 04:14:06.930766,ATMN,24.66,24.42,24.66,2463600.0,2339700.0,0,0
,,,,,,166,2026-02-01 04:14:06.930766,WNTR,26.93,26.9,26.93,1947800.0,1987100.0,0,0
2.0,1.0,1.0,,Aggregate Position Limit,Your CRO has set the aggregate position limit to 10000 shares for this week.,167,2026-02-01 04:14:08.020602,SPNG,25.22,25.12,25.22,2187800.0,1978400.0,0,0
1.0,1.0,1.0,,Welcome to the RITC 2026 Alogithmic Market Making Case - practice server,,167,2026-02-01 04:14:08.020602,SMMR,26.32,26.12,26.32,2150200.0,2115700.0,0,0
,,,,,,167,2026-02-01 04:14:08.020602,ATMN,24.66,24.42,24.63,2463600.0,2406200.0,0,0
,,,,,,167,2026-02-01 04:14:08.020602,WNTR,27.0,26.9,27.0,1947800.0,1994700.0,0,0
2.0,1.0,1.0,,Aggregate Position Limit,Your CRO has set the aggregate position limit to 10000 shares for this week.,168,2026-02-01 04:14:09.048811,SPNG,25.68,25.12,25.16,2135500.0,1994200.0,0,0
1.0,1.0,1.0,,Welcome to the RITC 2026 Alogithmic Market Making Case - practice server,,168,2026-02-01 04:14:09.048811,SMMR,26.12,26.12,26.32,2121700.0,2090400.0,0,0
,,,,,,168,2026-02-01 04:14:09.048811,ATMN,24.42,24.42,24.63,2463600.0,2429000.0,0,0
,,,,,,168,2026-02-01 04:14:09.048811,WNTR,27.0,26.83,27.0,1957100.0,1994700.0,0,0
2.0,1.0,1.0,,Aggregate Position Limit,Your CRO has set the aggregate position limit to 10000 shares for this week.,169,2026-02-01 04:14:10.085106,SPNG,25.12,25.12,25.16,2132200.0,1994200.0,0,0
1.0,1.0,1.0,,Welcome to the RITC 2026 Alogithmic Market Making Case - practice server,,169,2026-02-01 04:14:10.085106,SMMR,26.12,26.12,26.15,2088400.0,2085600.0,0,0
,,,,,,169,2026-02-01 04:14:10.085106,ATMN,24.41,24.23,24.33,2527500.0,2445600.0,0,0
,,,,,,169,2026-02-01 04:14:10.085106,WNTR,26.82,26.94,27.0,1965200.0,1994700.0,0,0
2.0,1.0,1.0,,Aggregate Position Limit,Your CRO has set the aggregate position limit to 10000 shares for this week.,170,2026-02-01 04:14:11.129811,SPNG,24.99,24.99,25.56,2133300.0,1999700.0,0,0
1.0,1.0,1.0,,Welcome to the RITC 2026 Alogithmic Market Making Case - practice server,,170,2026-02-01 04:14:11.129811,SMMR,26.15,26.23,26.32,2110000.0,2090400.0,0,0
,,,,,,170,2026-02-01 04:14:11.129811,ATMN,24.33,24.23,24.33,2505700.0,2451300.0,0,0
,,,,,,170,2026-02-01 04:14:11.129811,WNTR,27.02,26.98,27.02,1958700.0,1983300.0,0,0
2.0,1.0,1.0,,Aggregate Position Limit,Your CRO has set the aggregate position limit to 10000 shares for this week.,171,2026-02-01 04:14:12.152762,SPNG,24.99,25.27,25.56,2105700.0,1974500.0,0,0
1.0,1.0,1.0,,Welcome to the RITC 2026 Alogithmic Market Making Case - practice server,,171,2026-02-01 04:14:12.152762,SMMR,26.15,26.23,26.3,2140200.0,2113600.0,0,0
,,,,,,171,2026-02-01 04:14:12.152762,ATMN,24.63,24.23,24.63,2505700.0,2453800.0,0,0
,,,,,,171,2026-02-01 04:14:12.152762,WNTR,26.94,26.94,27.01,1965200.0,2003800.0,0,0
2.0,1.0,1.0,,Aggregate Position Limit,Your CRO has set the aggregate position limit to 10000 shares for this week.,172,2026-02-01 04:14:13.175524,SPNG,25.56,24.99,25.56,2121100.0,1974500.0,0,0
1.0,1.0,1.0,,Welcome to the RITC 2026 Alogithmic Market Making Case - practice server,,172,2026-02-01 04:14:13.175524,SMMR,26.32,26.23,26.27,2140200.0,2108900.0,0,0
,,,,,,172,2026-02-01 04:14:13.175524,ATMN,24.23,24.23,24.26,2505700.0,2447500.0,0,0
,,,,,,172,2026-02-01 04:14:13.175524,WNTR,26.94,26.91,26.94,1970600.0,1998400.0,0,0
2.0,1.0,1.0,,Aggregate Position Limit,Your CRO has set the aggregate position limit to 10000 shares for this week.,173,2026-02-01 04:14:14.225948,SPNG,24.97,24.97,25.22,2115200.0,1983200.0,0,0
1.0,1.0,1.0,,Welcome to the RITC 2026 Alogithmic Market Making Case - practice server,,173,2026-02-01 04:14:14.225948,SMMR,26.23,26.18,26.21,2128700.0,2089100.0,0,0
,,,,,,173,2026-02-01 04:14:14.225948,ATMN,24.63,24.23,24.4,2509200.0,2442800.0,0,0
,,,,,,173,2026-02-01 04:14:14.225948,WNTR,27.01,27.01,27.02,1936600.0,1996500.0,0,0
2.0,1.0,1.0,,Aggregate Position Limit,Your CRO has set the aggregate position limit to 10000 shares for this week.,174,2026-02-01 04:14:15.259189,SPNG,25.22,24.97,25.22,2115200.0,1983200.0,0,0
1.0,1.0,1.0,,Welcome to the RITC 2026 Alogithmic Market Making Case - practice server,,174,2026-02-01 04:14:15.259189,SMMR,26.27,26.18,26.27,2140200.0,2116400.0,0,0
,,,,,,174,2026-02-01 04:14:15.259189,ATMN,24.21,24.21,24.4,2516500.0,2445900.0,0,0
,,,,,,174,2026-02-01 04:14:15.259189,WNTR,27.09,27.01,27.09,1936600.0,1970000.0,0,0
2.0,1.0,1.0,,Aggregate Position Limit,Your CRO has set the aggregate position limit to 10000 shares for this week.,175,2026-02-01 04:14:16.277394,SPNG,25.71,24.97,25.09,2115200.0,1965800.0,0,0
1.0,1.0,1.0,,Welcome to the RITC 2026 Alogithmic Market Making Case - practice server,,175,2026-02-01 04:14:16.277394,SMMR,26.34,26.27,26.34,2143900.0,2117300.0,0,0
,,,,,,175,2026-02-01 04:14:16.277394,ATMN,24.21,24.14,24.2,2521800.0,2438100.0,0,0
,,,,,,175,2026-02-01 04:14:16.277394,WNTR,27.09,27.01,27.09,1936600.0,1956000.0,0,0
2.0,1.0,1.0,,Aggregate Position Limit,Your CRO has set the aggregate position limit to 10000 shares for this week.,176,2026-02-01 04:14:17.312327,SPNG,25.09,24.97,25.09,2069100.0,1965800.0,0,0
1.0,1.0,1.0,,Welcome to the RITC 2026 Alogithmic Market Making Case - practice server,,176,2026-02-01 04:14:17.312327,SMMR,26.25,26.25,26.34,2145400.0,2132200.0,0,0
,,,,,,176,2026-02-01 04:14:17.312327,ATMN,24.4,24.14,24.4,2521800.0,2445900.0,0,0
,,,,,,176,2026-02-01 04:14:17.312327,WNTR,27.09,27.01,27.09,1929600.0,1921500.0,0,0
2.0,1.0,1.0,,Aggregate Position Limit,Your CRO has set the aggregate position limit to 10000 shares for this week.,177,2026-02-01 04:14:18.347478,SPNG,24.96,25.11,25.61,2063500.0,1965300.0,0,0
1.0,1.0,1.0,,Welcome to the RITC 2026 Alogithmic Market Making Case - practice server,,177,2026-02-01 04:14:18.347478,SMMR,26.18,26.18,26.27,2140200.0,2151200.0,0,0
,,,,,,177,2026-02-01 04:14:18.347478,ATMN,24.12,24.12,24.49,2541100.0,2431400.0,0,0
,,,,,,177,2026-02-01 04:14:18.347478,WNTR,27.1,27.1,27.11,1933000.0,1921500.0,0,0
2.0,1.0,1.0,,Aggregate Position Limit,Your CRO has set the aggregate position limit to 10000 shares for this week.,178,2026-02-01 04:14:19.399378,SPNG,25.11,25.11,25.39,2063500.0,1933600.0,0,0
1.0,1.0,1.0,,Welcome to the RITC 2026 Alogithmic Market Making Case - practice server,,178,2026-02-01 04:14:19.399378,SMMR,26.27,26.31,26.34,2137400.0,2132200.0,0,0
,,,,,,178,2026-02-01 04:14:19.399378,ATMN,24.54,24.35,24.38,2541300.0,2420900.0,0,0
,,,,,,178,2026-02-01 04:14:19.399378,WNTR,27.09,27.09,27.11,1925300.0,1902400.0,0,0
2.0,1.0,1.0,,Aggregate Position Limit,Your CRO has set the aggregate position limit to 10000 shares for this week.,180,2026-02-01 04:14:20.550046,SPNG,25.07,23.88,0.0,200000.0,0,0,0
1.0,1.0,1.0,,Welcome to the RITC 2026 Alogithmic Market Making Case - practice server,,180,2026-02-01 04:14:20.550046,SMMR,26.36,24.18,0.0,200000.0,0,0,0
,,,,,,180,2026-02-01 04:14:20.550046,ATMN,24.54,24.82,0.0,200000.0,0,0,0
,,,,,,180,2026-02-01 04:14:20.550046,WNTR,27.0,24.77,0.0,200000.0,0,0,0
2.0,1.0,1.0,,Aggregate Position Limit,Your CRO has set the aggregate position limit to 10000 shares for this week.,181,2026-02-01 04:14:21.585145,SPNG,24.28,23.88,24.28,916600.0,731300.0,0,0
1.0,1.0,1.0,,Welcome to the RITC 2026 Alogithmic Market Making Case - practice server,,181,2026-02-01 04:14:21.585145,SMMR,24.18,24.18,24.45,893900.0,957200.0,0,0
,,,,,,181,2026-02-01 04:14:21.585145,ATMN,24.54,24.82,24.94,943000.0,1040700.0,0,0
,,,,,,181,2026-02-01 04:14:21.585145,WNTR,24.77,24.77,25.47,861900.0,884700.0,0,0
2.0,1.0,1.0,,Aggregate Position Limit,Your CRO has set the aggregate position limit to 10000 shares for this week.,182,2026-02-01 04:14:22.624187,SPNG,24.28,23.87,24.28,931000.0,731300.0,0,0
1.0,1.0,1.0,,Welcome to the RITC 2026 Alogithmic Market Making Case - practice server,,182,2026-02-01 04:14:22.624187,SMMR,24.18,24.18,24.41,893900.0,1312000.0,0,0
,,,,,,182,2026-02-01 04:14:22.624187,ATMN,24.54,24.82,24.9,943000.0,1399500.0,0,0
,,,,,,182,2026-02-01 04:14:22.624187,WNTR,24.61,24.83,24.84,868700.0,1088900.0,0,0
2.0,1.0,1.0,,Aggregate Position Limit,Your CRO has set the aggregate position limit to 10000 shares for this week.,183,2026-02-01 04:14:23.653231,SPNG,23.67,23.75,23.95,1052100.0,830200.0,0,0
1.0,1.0,1.0,,Welcome to the RITC 2026 Alogithmic Market Making Case - practice server,,183,2026-02-01 04:14:23.653231,SMMR,24.05,24.17,24.41,1033800.0,1312000.0,0,0
,,,,,,183,2026-02-01 04:14:23.653231,ATMN,24.82,24.82,24.9,1085900.0,1588400.0,0,0
,,,,,,183,2026-02-01 04:14:23.653231,WNTR,24.61,24.64,24.69,1003800.0,1213600.0,0,0
2.0,1.0,1.0,,Aggregate Position Limit,Your CRO has set the aggregate position limit to 10000 shares for this week.,184,2026-02-01 04:14:24.680333,SPNG,23.64,23.9,23.95,1136800.0,830200.0,0,0
1.0,1.0,1.0,,Welcome to the RITC 2026 Alogithmic Market Making Case - practice server,,184,2026-02-01 04:14:24.680333,SMMR,24.34,24.17,24.34,1033800.0,1548500.0,0,0
,,,,,,184,2026-02-01 04:14:24.680333,ATMN,24.94,24.63,24.94,983900.0,1487100.0,0,0
,,,,,,184,2026-02-01 04:14:24.680333,WNTR,24.84,24.64,24.8,1202000.0,1178600.0,0,0
2.0,1.0,1.0,,Aggregate Position Limit,Your CRO has set the aggregate position limit to 10000 shares for this week.,185,2026-02-01 04:14:25.703412,SPNG,23.95,23.96,24.28,1361600.0,824400.0,0,0
1.0,1.0,1.0,,Welcome to the RITC 2026 Alogithmic Market Making Case - practice server,,185,2026-02-01 04:14:25.703412,SMMR,24.34,24.2,24.34,1153600.0,1783100.0,0,0
,,,,,,185,2026-02-01 04:14:25.703412,ATMN,24.96,24.68,24.96,1083800.0,1455700.0,0,0
,,,,,,185,2026-02-01 04:14:25.703412,WNTR,24.84,24.68,24.84,1397100.0,1088900.0,0,0
2.0,1.0,1.0,,Aggregate Position Limit,Your CRO has set the aggregate position limit to 10000 shares for this week.,186,2026-02-01 04:14:26.732512,SPNG,23.64,23.64,23.85,1272900.0,929600.0,0,0
1.0,1.0,1.0,,Welcome to the RITC 2026 Alogithmic Market Making Case - practice server,,186,2026-02-01 04:14:26.732512,SMMR,24.34,24.2,24.32,1153600.0,2131900.0,0,0
,,,,,,186,2026-02-01 04:14:26.732512,ATMN,24.96,25.04,25.05,1322800.0,1458500.0,0,0
,,,,,,186,2026-02-01 04:14:26.732512,WNTR,24.84,24.92,25.1,1395000.0,1092500.0,0,0
2.0,1.0,1.0,,Aggregate Position Limit,Your CRO has set the aggregate position limit to 10000 shares for this week.,187,2026-02-01 04:14:27.773751,SPNG,24.28,23.72,24.0,1387300.0,925800.0,0,0
1.0,1.0,1.0,,Welcome to the RITC 2026 Alogithmic Market Making Case - practice server,,187,2026-02-01 04:14:27.773751,SMMR,24.34,24.2,24.23,1153600.0,2225600.0,0,0
,,,,,,187,2026-02-01 04:14:27.773751,ATMN,25.04,24.79,24.96,1533400.0,1560500.0,0,0
,,,,,,187,2026-02-01 04:14:27.773751,WNTR,24.69,24.75,25.02,1504700.0,1092500.0,0,0
2.0,1.0,1.0,,Aggregate Position Limit,Your CRO has set the aggregate position limit to 10000 shares for this week.,188,2026-02-01 04:14:28.806462,SPNG,23.72,23.72,24.0,1387300.0,1041000.0,0,0
1.0,1.0,1.0,,Welcome to the RITC 2026 Alogithmic Market Making Case - practice server,,188,2026-02-01 04:14:28.806462,SMMR,24.2,24.2,24.21,1255200.0,2245200.0,0,0
,,,,,,188,2026-02-01 04:14:28.806462,ATMN,24.69,24.83,24.96,1535500.0,1691600.0,0,0
,,,,,,188,2026-02-01 04:14:28.806462,WNTR,24.72,24.72,25.02,1490400.0,1322800.0,0,0
2.0,1.0,1.0,,Aggregate Position Limit,Your CRO has set the aggregate position limit to 10000 shares for this week.,189,2026-02-01 04:14:29.826404,SPNG,23.72,23.84,24.0,1611400.0,1124700.0,0,0
1.0,1.0,1.0,,Welcome to the RITC 2026 Alogithmic Market Making Case - practice server,,189,2026-02-01 04:14:29.826404,SMMR,24.18,24.18,24.21,1135400.0,2258700.0,0,0
,,,,,,189,2026-02-01 04:14:29.826404,ATMN,24.68,24.68,24.71,1553300.0,1795100.0,0,0
,,,,,,189,2026-02-01 04:14:29.826404,WNTR,24.64,24.61,24.62,1283000.0,1651600.0,0,0
2.0,1.0,1.0,,Aggregate Position Limit,Your CRO has set the aggregate position limit to 10000 shares for this week.,190,2026-02-01 04:14:30.859876,SPNG,23.84,23.84,24.0,1611400.0,1412600.0,0,0
1.0,1.0,1.0,,Welcome to the RITC 2026 Alogithmic Market Making Case - practice server,,190,2026-02-01 04:14:30.859876,SMMR,23.98,23.98,24.19,925800.0,2266200.0,0,0
,,,,,,190,2026-02-01 04:14:30.859876,ATMN,24.68,24.63,24.65,1453400.0,2025100.0,0,0
,,,,,,190,2026-02-01 04:14:30.859876,WNTR,24.62,24.65,24.79,1499400.0,1651200.0,0,0
2.0,1.0,1.0,,Aggregate Position Limit,Your CRO has set the aggregate position limit to 10000 shares for this week.,191,2026-02-01 04:14:31.896309,SPNG,24.0,23.84,23.87,1699600.0,1500200.0,0,0
1.0,1.0,1.0,,Welcome to the RITC 2026 Alogithmic Market Making Case - practice server,,191,2026-02-01 04:14:31.896309,SMMR,23.98,23.98,24.19,1063900.0,2273000.0,0,0
,,,,,,191,2026-02-01 04:14:31.896309,ATMN,24.53,24.58,24.76,1440300.0,1797700.0,0,0
,,,,,,191,2026-02-01 04:14:31.896309,WNTR,24.78,24.78,24.79,1617500.0,1753700.0,0,0
2.0,1.0,1.0,,Aggregate Position Limit,Your CRO has set the aggregate position limit to 10000 shares for this week.,192,2026-02-01 04:14:32.929090,SPNG,23.56,23.56,24.28,1355300.0,1311200.0,0,0
1.0,1.0,1.0,,Welcome to the RITC 2026 Alogithmic Market Making Case - practice server,,192,2026-02-01 04:14:32.929090,SMMR,24.02,24.02,24.19,1394800.0,2273000.0,0,0
,,,,,,192,2026-02-01 04:14:32.929090,ATMN,24.96,24.58,24.96,1440300.0,1932700.0,0,0
,,,,,,192,2026-02-01 04:14:32.929090,WNTR,24.65,24.65,24.74,1499400.0,1960000.0,0,0
2.0,1.0,1.0,,Aggregate Position Limit,Your CRO has set the aggregate position limit to 10000 shares for this week.,193,2026-02-01 04:14:33.963113,SPNG,23.78,23.56,23.78,1355300.0,1309400.0,0,0
1.0,1.0,1.0,,Welcome to the RITC 2026 Alogithmic Market Making Case - practice server,,193,2026-02-01 04:14:33.963113,SMMR,24.21,24.02,24.21,1394800.0,2279000.0,0,0
,,,,,,193,2026-02-01 04:14:33.963113,ATMN,24.96,24.58,24.92,1565000.0,2151200.0,0,0
,,,,,,193,2026-02-01 04:14:33.963113,WNTR,24.83,24.61,24.83,1379600.0,1640100.0,0,0
2.0,1.0,1.0,,Aggregate Position Limit,Your CRO has set the aggregate position limit to 10000 shares for this week.,194,2026-02-01 04:14:34.999279,SPNG,23.78,24.11,24.21,1581500.0,1407100.0,0,0
1.0,1.0,1.0,,Welcome to the RITC 2026 Alogithmic Market Making Case - practice server,,194,2026-02-01 04:14:34.999279,SMMR,24.23,24.24,24.27,1328300.0,2315500.0,0,0
,,,,,,194,2026-02-01 04:14:34.999279,ATMN,24.58,24.58,24.92,1565000.0,2151200.0,0,0
,,,,,,194,2026-02-01 04:14:34.999279,WNTR,24.55,24.68,24.83,1351300.0,1831100.0,0,0
2.0,1.0,1.0,,Aggregate Position Limit,Your CRO has set the aggregate position limit to 10000 shares for this week.,195,2026-02-01 04:14:36.042619,SPNG,23.84,24.07,24.21,1594100.0,1407100.0,0,0
1.0,1.0,1.0,,Welcome to the RITC 2026 Alogithmic Market Making Case - practice server,,195,2026-02-01 04:14:36.042619,SMMR,23.9,23.9,24.08,1189900.0,2329600.0,0,0
,,,,,,195,2026-02-01 04:14:36.042619,ATMN,24.48,24.61,24.96,1463100.0,2052300.0,0,0
,,,,,,195,2026-02-01 04:14:36.042619,WNTR,24.55,24.68,24.69,1351300.0,2040400.0,0,0
2.0,1.0,1.0,,Aggregate Position Limit,Your CRO has set the aggregate position limit to 10000 shares for this week.,196,2026-02-01 04:14:37.070796,SPNG,23.84,24.07,24.21,1594100.0,1724900.0,0,0
1.0,1.0,1.0,,Welcome to the RITC 2026 Alogithmic Market Making Case - practice server,,196,2026-02-01 04:14:37.070796,SMMR,23.9,23.9,24.08,1295900.0,2365000.0,0,0
,,,,,,196,2026-02-01 04:14:37.070796,ATMN,24.61,24.61,24.96,1463100.0,2052300.0,0,0
,,,,,,196,2026-02-01 04:14:37.070796,WNTR,24.55,24.68,24.69,1684400.0,2040400.0,0,0
2.0,1.0,1.0,,Aggregate Position Limit,Your CRO has set the aggregate position limit to 10000 shares for this week.,197,2026-02-01 04:14:38.100990,SPNG,23.8,24.01,24.21,1588300.0,1831600.0,0,0
1.0,1.0,1.0,,Welcome to the RITC 2026 Alogithmic Market Making Case - practice server,,197,2026-02-01 04:14:38.100990,SMMR,24.08,24.1,24.17,1536500.0,2326400.0,0,0
,,,,,,197,2026-02-01 04:14:38.100990,ATMN,24.75,24.75,24.98,1588200.0,1950300.0,0,0
,,,,,,197,2026-02-01 04:14:38.100990,WNTR,24.69,24.68,24.69,1780300.0,2052600.0,0,0
2.0,1.0,1.0,,Aggregate Position Limit,Your CRO has set the aggregate position limit to 10000 shares for this week.,198,2026-02-01 04:14:39.145923,SPNG,24.21,23.75,24.21,1472200.0,1919800.0,0,0
1.0,1.0,1.0,,Welcome to the RITC 2026 Alogithmic Market Making Case - practice server,,198,2026-02-01 04:14:39.145923,SMMR,24.08,24.1,24.17,1773200.0,2326400.0,0,0
,,,,,,198,2026-02-01 04:14:39.145923,ATMN,24.46,24.46,24.96,1225300.0,2054600.0,0,0
,,,,,,198,2026-02-01 04:14:39.145923,WNTR,24.72,24.55,24.72,1796900.0,2009200.0,0,0
