tick,timestamp,ticker,last_price,bid_price,ask_price,BUY_ANON,SELL_ANON,SELL_LUIS-3,BUY_LUIS-3,SELL_CALG-1,BUY_CALG-1,SELL_LUIS-2,BUY_LUIS-2
0,2026-02-01 06:37:15.160842,SPNG,0.0,0.0,0.0,2192000.0,2083100.0,0,0,0,0,0,0
0,2026-02-01 06:37:15.160842,SMMR,0.0,0.0,0.0,2236300.0,2369500.0,0,0,0,0,0,0
0,2026-02-01 06:37:15.160842,ATMN,0.0,0.0,0.0,2153900.0,1816900.0,0,0,0,0,0,0
0,2026-02-01 06:37:15.160842,WNTR,0.0,0.0,0.0,1931700.0,2327600.0,0,0,0,0,0,0
2.0,1.0,1.0,,Aggregate Position Limit,Your CRO has set the aggregate position limit to 13000 shares for this week.,1,2026-02-01 06:37:16.233183,SPNG,25.07,24.75,25.07,2217400.0,1968600.0,0,0,0,0,0,0
1.0,1.0,1.0,,Welcome to the RITC 2026 Alogithmic Market Making Case - practice server,,1,2026-02-01 06:37:16.233183,SMMR,24.9,24.85,24.9,2262400.0,2340500.0,0,0,0,0,0,0
,,,,,,1,2026-02-01 06:37:16.233183,ATMN,25.06,25.07,25.15,2185100.0,1822100.0,0,0,0,0,0,0
,,,,,,1,2026-02-01 06:37:16.233183,WNTR,25.06,25.1,25.11,2288000.0,2295800.0,0,0,0,0,0,0
2.0,1.0,1.0,,Aggregate Position Limit,Your CRO has set the aggregate position limit to 13000 shares for this week.,2,2026-02-01 06:37:17.257195,SPNG,25.07,24.76,24.86,2500.0,2068400.0,1968600.0,0,0,0,0,0
1.0,1.0,1.0,,Welcome to the RITC 2026 Alogithmic Market Making Case - practice server,,2,2026-02-01 06:37:17.257195,SMMR,24.93,24.93,25.06,2500.0,2179000.0,2326800.0,0,0,0,0,0
,,,,,,2,2026-02-01 06:37:17.257195,ATMN,25.06,25.07,25.15,2500.0,2077500.0,1894400.0,0,0,0,0,0
,,,,,,2,2026-02-01 06:37:17.257195,WNTR,24.92,24.92,25.11,,2156800.0,2292200.0,0,0,0,0,0
2.0,1.0,1.0,,Aggregate Position Limit,Your CRO has set the aggregate position limit to 13000 shares for this week.,3,2026-02-01 06:37:18.318528,SPNG,25.07,25.21,25.51,5000.0,1938800.0,2061300.0,2500.0,0,0,0,0
1.0,1.0,1.0,,Welcome to the RITC 2026 Alogithmic Market Making Case - practice server,,3,2026-02-01 06:37:18.318528,SMMR,25.0,25.0,25.06,2500.0,2210800.0,2352600.0,,0,0,0,0
,,,,,,3,2026-02-01 06:37:18.318528,ATMN,25.15,24.87,25.15,,2174300.0,1980800.0,,0,0,0,0
,,,,,,3,2026-02-01 06:37:18.318528,WNTR,25.14,25.01,25.1,2500.0,2171200.0,2176100.0,2500.0,0,0,0,0
2.0,1.0,1.0,,Aggregate Position Limit,Your CRO has set the aggregate position limit to 13000 shares for this week.,4,2026-02-01 06:37:19.352132,SPNG,25.2,24.75,25.2,2188300.0,2060000.0,2500.0,,0,0,0,0
1.0,1.0,1.0,,Welcome to the RITC 2026 Alogithmic Market Making Case - practice server,,4,2026-02-01 06:37:19.352132,SMMR,24.92,24.99,25.05,2197200.0,2240300.0,2500.0,2500.0,0,0,0,0
,,,,,,4,2026-02-01 06:37:19.352132,ATMN,25.05,25.11,25.14,2076300.0,1980800.0,2500.0,2500.0,0,0,0,0
,,,,,,4,2026-02-01 06:37:19.352132,WNTR,25.01,24.94,25.01,2024100.0,2185000.0,2500.0,5000.0,0,0,0,0
2.0,1.0,1.0,,Aggregate Position Limit,Your CRO has set the aggregate position limit to 13000 shares for this week.,5,2026-02-01 06:37:20.389963,SPNG,24.65,24.96,25.19,2071900.0,2500.0,5000.0,1947800.0,0,0,0,0
1.0,1.0,1.0,,Welcome to the RITC 2026 Alogithmic Market Making Case - practice server,,5,2026-02-01 06:37:20.389963,SMMR,25.17,25.06,25.17,2051500.0,5000.0,,2327600.0,0,0,0,0
,,,,,,5,2026-02-01 06:37:20.389963,ATMN,25.15,24.87,25.15,2174700.0,,,2085500.0,0,0,0,0
,,,,,,5,2026-02-01 06:37:20.389963,WNTR,24.92,24.92,25.0,2286500.0,,5000.0,2062400.0,0,0,0,0
2.0,1.0,1.0,,Aggregate Position Limit,Your CRO has set the aggregate position limit to 13000 shares for this week.,6,2026-02-01 06:37:21.411673,SPNG,25.04,24.96,25.04,2071900.0,2500.0,1914700.0,5000.0,0,0,0,0
1.0,1.0,1.0,,Welcome to the RITC 2026 Alogithmic Market Making Case - practice server,,6,2026-02-01 06:37:21.411673,SMMR,24.91,24.91,25.08,2191800.0,2500.0,2328400.0,,0,0,0,0
,,,,,,6,2026-02-01 06:37:21.411673,ATMN,25.26,24.85,25.26,2161400.0,,1981100.0,,0,0,0,0
,,,,,,6,2026-02-01 06:37:21.411673,WNTR,25.1,24.93,24.99,2151100.0,2500.0,2141300.0,2500.0,0,0,0,0
2.0,1.0,1.0,,Aggregate Position Limit,Your CRO has set the aggregate position limit to 13000 shares for this week.,7,2026-02-01 06:37:22.446277,SPNG,24.96,24.96,25.03,2071300.0,2500.0,7500.0,1812200.0,0,0,0,0
1.0,1.0,1.0,,Welcome to the RITC 2026 Alogithmic Market Making Case - practice server,,7,2026-02-01 06:37:22.446277,SMMR,24.91,25.05,25.07,2044100.0,5000.0,2500.0,2219700.0,0,0,0,0
,,,,,,7,2026-02-01 06:37:22.446277,ATMN,25.3,25.21,25.3,2051700.0,2500.0,,1997900.0,0,0,0,0
,,,,,,7,2026-02-01 06:37:22.446277,WNTR,24.97,24.97,24.99,2119600.0,2500.0,2500.0,2144100.0,0,0,0,0
2.0,1.0,1.0,,Aggregate Position Limit,Your CRO has set the aggregate position limit to 13000 shares for this week.,8,2026-02-01 06:37:23.465263,SPNG,24.9,24.9,25.02,2073200.0,2500.0,2500.0,2049600.0,0,0,0,0
1.0,1.0,1.0,,Welcome to the RITC 2026 Alogithmic Market Making Case - practice server,,8,2026-02-01 06:37:23.465263,SMMR,24.91,24.92,25.13,2085000.0,5000.0,,2385600.0,0,0,0,0
,,,,,,8,2026-02-01 06:37:23.465263,ATMN,25.3,25.21,25.29,2051700.0,2500.0,2500.0,2033200.0,0,0,0,0
,,,,,,8,2026-02-01 06:37:23.465263,WNTR,24.99,24.95,24.99,2131700.0,2500.0,2500.0,2144100.0,0,0,0,0
2.0,1.0,1.0,,Aggregate Position Limit,Your CRO has set the aggregate position limit to 13000 shares for this week.,9,2026-02-01 06:37:24.498248,SPNG,24.99,24.9,24.99,2071200.0,2500.0,2017600.0,2500.0,0,0,0,0
1.0,1.0,1.0,,Welcome to the RITC 2026 Alogithmic Market Making Case - practice server,,9,2026-02-01 06:37:24.498248,SMMR,24.91,25.05,25.12,2205500.0,2500.0,2257100.0,2500.0,0,0,0,0
,,,,,,9,2026-02-01 06:37:24.498248,ATMN,25.28,24.85,25.28,2161400.0,,1925400.0,5000.0,0,0,0,0
,,,,,,9,2026-02-01 06:37:24.498248,WNTR,24.99,25.04,25.08,2140100.0,2500.0,2042000.0,5000.0,0,0,0,0
2.0,1.0,1.0,,Aggregate Position Limit,Your CRO has set the aggregate position limit to 13000 shares for this week.,10,2026-02-01 06:37:25.518902,SPNG,24.53,24.53,24.98,2197000.0,5000.0,1923800.0,,0,0,0,0
1.0,1.0,1.0,,Welcome to the RITC 2026 Alogithmic Market Making Case - practice server,,10,2026-02-01 06:37:25.518902,SMMR,25.13,25.06,25.12,2124100.0,2500.0,2277000.0,5000.0,0,0,0,0
,,,,,,10,2026-02-01 06:37:25.518902,ATMN,25.28,24.85,25.28,2188800.0,5000.0,1933700.0,,0,0,0,0
,,,,,,10,2026-02-01 06:37:25.518902,WNTR,25.14,24.92,24.99,2268900.0,,2346000.0,,0,0,0,0
2.0,1.0,1.0,,Aggregate Position Limit,Your CRO has set the aggregate position limit to 13000 shares for this week.,11,2026-02-01 06:37:26.554494,SPNG,24.91,24.54,24.62,2500.0,2093400.0,1923700.0,5000.0,0,0,0,0
1.0,1.0,1.0,,Welcome to the RITC 2026 Alogithmic Market Making Case - practice server,,11,2026-02-01 06:37:26.554494,SMMR,24.95,24.95,25.12,2500.0,2229000.0,2277000.0,2500.0,0,0,0,0
,,,,,,11,2026-02-01 06:37:26.554494,ATMN,25.28,24.97,25.0,2500.0,2105400.0,1817600.0,7500.0,0,0,0,0
,,,,,,11,2026-02-01 06:37:26.554494,WNTR,25.14,24.93,24.98,2500.0,2159700.0,2223300.0,2500.0,0,0,0,0
2.0,1.0,1.0,,Aggregate Position Limit,Your CRO has set the aggregate position limit to 13000 shares for this week.,12,2026-02-01 06:37:27.580262,SPNG,24.62,24.71,24.77,1980900.0,2500.0,2500.0,2120700.0,,,0,0
1.0,1.0,1.0,,Welcome to the RITC 2026 Alogithmic Market Making Case - practice server,,12,2026-02-01 06:37:27.580262,SMMR,24.95,24.95,25.02,2095200.0,2500.0,2500.0,2047000.0,2500.0,5000.0,0,0
,,,,,,12,2026-02-01 06:37:27.580262,ATMN,25.18,25.18,25.2,2110800.0,2500.0,,1826600.0,,7500.0,0,0
,,,,,,12,2026-02-01 06:37:27.580262,WNTR,24.87,24.87,24.97,2290700.0,,,2104400.0,,5000.0,0,0
2.0,1.0,1.0,,Aggregate Position Limit,Your CRO has set the aggregate position limit to 13000 shares for this week.,13,2026-02-01 06:37:28.602577,SPNG,24.82,24.82,25.46,1869900.0,5000.0,2500.0,2085100.0,,,0,0
1.0,1.0,1.0,,Welcome to the RITC 2026 Alogithmic Market Making Case - practice server,,13,2026-02-01 06:37:28.602577,SMMR,25.03,24.92,25.01,2221000.0,2500.0,,1927000.0,7500.0,2500.0,0,0
,,,,,,13,2026-02-01 06:37:28.602577,ATMN,25.18,24.97,25.05,2105400.0,2500.0,,1793000.0,7500.0,,0,0
,,,,,,13,2026-02-01 06:37:28.602577,WNTR,24.87,24.92,24.97,2149200.0,,2500.0,1991800.0,5000.0,2500.0,0,0
2.0,1.0,1.0,,Aggregate Position Limit,Your CRO has set the aggregate position limit to 13000 shares for this week.,14,2026-02-01 06:37:29.633818,SPNG,24.71,24.71,24.8,2107100.0,2500.0,1992000.0,2500.0,,,0,0
1.0,1.0,1.0,,Welcome to the RITC 2026 Alogithmic Market Making Case - practice server,,14,2026-02-01 06:37:29.633818,SMMR,24.99,24.99,25.14,2214500.0,2500.0,2386300.0,,,,0,0
,,,,,,14,2026-02-01 06:37:29.633818,ATMN,25.18,24.98,25.04,1851700.0,5000.0,1681000.0,2500.0,2500.0,7500.0,0,0
,,,,,,14,2026-02-01 06:37:29.633818,WNTR,25.0,24.93,24.98,2149200.0,2500.0,2182700.0,,,2500.0,0,0
2.0,1.0,1.0,,Aggregate Position Limit,Your CRO has set the aggregate position limit to 13000 shares for this week.,15,2026-02-01 06:37:30.664817,SPNG,24.8,24.72,24.8,5000.0,2500.0,1873900.0,2500.0,2500.0,1868000.0,0,0
1.0,1.0,1.0,,Welcome to the RITC 2026 Alogithmic Market Making Case - practice server,,15,2026-02-01 06:37:30.664817,SMMR,25.07,25.07,25.14,5000.0,,2115900.0,,,2392000.0,0,0
,,,,,,15,2026-02-01 06:37:30.664817,ATMN,25.0,24.98,25.0,5000.0,2500.0,1851700.0,2500.0,5000.0,1808700.0,0,0
,,,,,,15,2026-02-01 06:37:30.664817,WNTR,24.91,24.95,24.98,2500.0,,2171100.0,2500.0,2500.0,2081800.0,0,0
2.0,1.0,1.0,,Aggregate Position Limit,Your CRO has set the aggregate position limit to 13000 shares for this week.,16,2026-02-01 06:37:31.688620,SPNG,25.24,24.72,25.16,2500.0,2500.0,2000400.0,1842100.0,5000.0,,0,0
1.0,1.0,1.0,,Welcome to the RITC 2026 Alogithmic Market Making Case - practice server,,16,2026-02-01 06:37:31.688620,SMMR,25.05,25.08,25.17,7500.0,,1974300.0,2264100.0,2500.0,,0,0
,,,,,,16,2026-02-01 06:37:31.688620,ATMN,25.2,24.98,25.2,5000.0,2500.0,1851700.0,1903900.0,2500.0,2500.0,0,0
,,,,,,16,2026-02-01 06:37:31.688620,WNTR,24.91,24.95,24.97,2500.0,,2191300.0,1974700.0,5000.0,2500.0,0,0
2.0,1.0,1.0,,Aggregate Position Limit,Your CRO has set the aggregate position limit to 13000 shares for this week.,17,2026-02-01 06:37:32.709246,SPNG,25.16,24.73,25.09,5000.0,2000400.0,1705500.0,2500.0,5000.0,,0,0
1.0,1.0,1.0,,Welcome to the RITC 2026 Alogithmic Market Making Case - practice server,,17,2026-02-01 06:37:32.709246,SMMR,25.05,25.08,25.17,7500.0,1892400.0,2154700.0,2500.0,2500.0,2500.0,0,0
,,,,,,17,2026-02-01 06:37:32.709246,ATMN,24.84,24.84,25.19,,2194400.0,1903900.0,2500.0,2500.0,,0,0
,,,,,,17,2026-02-01 06:37:32.709246,WNTR,25.07,24.95,25.07,2500.0,2197300.0,2312900.0,,,,0,0
2.0,1.0,1.0,,Aggregate Position Limit,Your CRO has set the aggregate position limit to 13000 shares for this week.,18,2026-02-01 06:37:33.740878,SPNG,25.16,24.74,25.08,2031100.0,5000.0,7500.0,1692000.0,,,0,0
1.0,1.0,1.0,,Welcome to the RITC 2026 Alogithmic Market Making Case - practice server,,18,2026-02-01 06:37:33.740878,SMMR,25.2,25.09,25.2,1779800.0,10000.0,,2375900.0,2500.0,,0,0
,,,,,,18,2026-02-01 06:37:33.740878,ATMN,24.84,24.85,25.17,1959100.0,2500.0,5000.0,1792700.0,2500.0,2500.0,0,0
,,,,,,18,2026-02-01 06:37:33.740878,WNTR,25.07,24.97,24.99,2064100.0,2500.0,,2165600.0,2500.0,2500.0,0,0
2.0,1.0,1.0,,Aggregate Position Limit,Your CRO has set the aggregate position limit to 13000 shares for this week.,19,2026-02-01 06:37:34.770413,SPNG,24.99,24.99,25.07,1937200.0,5000.0,2500.0,7500.0,2500.0,1617000.0,0,0
1.0,1.0,1.0,,Welcome to the RITC 2026 Alogithmic Market Making Case - practice server,,19,2026-02-01 06:37:34.770413,SMMR,25.08,25.08,25.16,2115800.0,5000.0,,2500.0,2500.0,2108600.0,0,0
,,,,,,19,2026-02-01 06:37:34.770413,ATMN,24.84,24.84,25.28,2075500.0,2500.0,,,,2158600.0,0,0
,,,,,,19,2026-02-01 06:37:34.770413,WNTR,25.14,25.05,25.14,2046100.0,2500.0,2500.0,,,2334200.0,0,0
2.0,1.0,1.0,,Aggregate Position Limit,Your CRO has set the aggregate position limit to 13000 shares for this week.,21,2026-02-01 06:37:35.807007,SPNG,25.29,24.75,25.08,5000.0,1916300.0,2500.0,5000.0,1825200.0,,0,0
1.0,1.0,1.0,,Welcome to the RITC 2026 Alogithmic Market Making Case - practice server,,21,2026-02-01 06:37:35.807007,SMMR,25.18,25.18,25.28,2500.0,2231600.0,,,2385200.0,,0,0
,,,,,,21,2026-02-01 06:37:35.807007,ATMN,24.84,25.06,25.14,5000.0,1831200.0,2500.0,2500.0,1901000.0,2500.0,0,0
,,,,,,21,2026-02-01 06:37:35.807007,WNTR,25.14,25.06,25.09,5000.0,1928300.0,2500.0,2500.0,2056000.0,2500.0,0,0
2.0,1.0,1.0,,Aggregate Position Limit,Your CRO has set the aggregate position limit to 13000 shares for this week.,22,2026-02-01 06:37:36.862333,SPNG,25.29,24.95,25.29,2024300.0,5000.0,1929400.0,2500.0,,,0,0
1.0,1.0,1.0,,Welcome to the RITC 2026 Alogithmic Market Making Case - practice server,,22,2026-02-01 06:37:36.862333,SMMR,24.99,25.19,25.27,2112300.0,2500.0,2141400.0,2500.0,2500.0,2500.0,0,0
,,,,,,22,2026-02-01 06:37:36.862333,ATMN,25.11,25.11,25.14,1810700.0,5000.0,1901000.0,2500.0,2500.0,2500.0,0,0
,,,,,,22,2026-02-01 06:37:36.862333,WNTR,24.97,24.95,24.96,2321000.0,,2025000.0,2500.0,,2500.0,0,0
2.0,1.0,1.0,,Aggregate Position Limit,Your CRO has set the aggregate position limit to 13000 shares for this week.,23,2026-02-01 06:37:37.896275,SPNG,24.83,24.75,24.83,5000.0,2500.0,1916300.0,1795300.0,2500.0,2500.0,0,0
1.0,1.0,1.0,,Welcome to the RITC 2026 Alogithmic Market Making Case - practice server,,23,2026-02-01 06:37:37.896275,SMMR,25.18,24.99,25.03,,,2326000.0,2029400.0,5000.0,2500.0,0,0
,,,,,,23,2026-02-01 06:37:37.896275,ATMN,25.28,25.11,25.28,5000.0,2500.0,1810700.0,2011200.0,,2500.0,0,0
,,,,,,23,2026-02-01 06:37:37.896275,WNTR,25.13,24.95,25.13,,,2313300.0,2049400.0,2500.0,2500.0,0,0
2.0,1.0,1.0,,Aggregate Position Limit,Your CRO has set the aggregate position limit to 13000 shares for this week.,24,2026-02-01 06:37:38.932958,SPNG,24.83,24.83,25.07,2041100.0,5000.0,2500.0,2500.0,1821600.0,0,0,0
1.0,1.0,1.0,,Welcome to the RITC 2026 Alogithmic Market Making Case - practice server,,24,2026-02-01 06:37:38.932958,SMMR,24.97,24.97,24.99,2342000.0,,7500.0,2500.0,1864200.0,0,0,0
,,,,,,24,2026-02-01 06:37:38.932958,ATMN,25.11,25.12,25.17,1810700.0,7500.0,,,2103600.0,0,0,0
,,,,,,24,2026-02-01 06:37:38.932958,WNTR,25.13,25.11,25.13,2307000.0,,2500.0,2500.0,2013900.0,0,0,0
2.0,1.0,1.0,,Aggregate Position Limit,Your CRO has set the aggregate position limit to 13000 shares for this week.,25,2026-02-01 06:37:39.967378,SPNG,25.06,25.09,25.29,2044100.0,5000.0,2023500.0,,,,0,0
1.0,1.0,1.0,,Welcome to the RITC 2026 Alogithmic Market Making Case - practice server,,25,2026-02-01 06:37:39.967378,SMMR,24.99,25.04,25.17,2318300.0,,1867400.0,7500.0,2500.0,,0,0
,,,,,,25,2026-02-01 06:37:39.967378,ATMN,24.84,25.13,25.16,1966700.0,2500.0,2006800.0,2500.0,,2500.0,0,0
,,,,,,25,2026-02-01 06:37:39.967378,WNTR,25.09,25.09,25.13,2331700.0,,2016500.0,2500.0,2500.0,,0,0
2.0,1.0,1.0,,Aggregate Position Limit,Your CRO has set the aggregate position limit to 13000 shares for this week.,26,2026-02-01 06:37:41.031862,SPNG,24.75,24.85,25.08,2226000.0,1812600.0,2500.0,2500.0,,0,0,0
1.0,1.0,1.0,,Welcome to the RITC 2026 Alogithmic Market Making Case - practice server,,26,2026-02-01 06:37:41.031862,SMMR,25.23,25.05,25.09,2206400.0,2126600.0,5000.0,,2500.0,0,0,0
,,,,,,26,2026-02-01 06:37:41.031862,ATMN,24.8,24.8,25.16,2179100.0,1870300.0,2500.0,2500.0,,0,0,0
,,,,,,26,2026-02-01 06:37:41.031862,WNTR,24.95,24.95,25.13,2332000.0,2016500.0,2500.0,2500.0,,0,0,0
2.0,1.0,1.0,,Aggregate Position Limit,Your CRO has set the aggregate position limit to 13000 shares for this week.,27,2026-02-01 06:37:42.049119,SPNG,24.77,24.8,25.08,2240100.0,1812600.0,2500.0,2500.0,,,0,0
1.0,1.0,1.0,,Welcome to the RITC 2026 Alogithmic Market Making Case - practice server,,27,2026-02-01 06:37:42.049119,SMMR,25.04,25.06,25.09,2342700.0,1927900.0,7500.0,2500.0,,,0,0
,,,,,,27,2026-02-01 06:37:42.049119,ATMN,25.28,24.81,25.28,1951600.0,2049900.0,,,2500.0,2500.0,0,0
,,,,,,27,2026-02-01 06:37:42.049119,WNTR,24.95,24.95,24.99,2328300.0,2131600.0,2500.0,,,,0,0
2.0,1.0,1.0,,Aggregate Position Limit,Your CRO has set the aggregate position limit to 13000 shares for this week.,28,2026-02-01 06:37:43.066786,SPNG,24.77,24.81,24.94,2500.0,2041300.0,2500.0,1735900.0,5000.0,2500.0,0,0
1.0,1.0,1.0,,Welcome to the RITC 2026 Alogithmic Market Making Case - practice server,,28,2026-02-01 06:37:43.066786,SMMR,25.09,25.17,25.18,,2327100.0,,2108800.0,2500.0,2500.0,0,0
,,,,,,28,2026-02-01 06:37:43.066786,ATMN,25.28,25.05,25.27,5000.0,1829500.0,2500.0,1916200.0,2500.0,,0,0
,,,,,,28,2026-02-01 06:37:43.066786,WNTR,24.95,24.95,25.0,,2220000.0,2500.0,2131600.0,,2500.0,0,0
2.0,1.0,1.0,,Aggregate Position Limit,Your CRO has set the aggregate position limit to 13000 shares for this week.,29,2026-02-01 06:37:44.097436,SPNG,25.08,24.82,24.94,5000.0,2500.0,1883400.0,2500.0,1830200.0,2500.0,0,0
1.0,1.0,1.0,,Welcome to the RITC 2026 Alogithmic Market Making Case - practice server,,29,2026-02-01 06:37:44.097436,SMMR,25.22,25.18,25.21,2500.0,,2227300.0,,2237700.0,2500.0,0,0
,,,,,,29,2026-02-01 06:37:44.097436,ATMN,25.28,25.05,25.19,5000.0,2500.0,1829500.0,2500.0,1812700.0,2500.0,0,0
,,,,,,29,2026-02-01 06:37:44.097436,WNTR,24.92,24.92,24.93,,,2338100.0,2500.0,2127600.0,,0,0
2.0,1.0,1.0,,Aggregate Position Limit,Your CRO has set the aggregate position limit to 13000 shares for this week.,30,2026-02-01 06:37:45.172022,SPNG,24.94,24.97,25.07,7500.0,1705800.0,2500.0,5000.0,1830200.0,,0,0
1.0,1.0,1.0,,Welcome to the RITC 2026 Alogithmic Market Making Case - practice server,,30,2026-02-01 06:37:45.172022,SMMR,25.17,25.06,25.17,,2351400.0,,2500.0,2146900.0,2500.0,0,0
,,,,,,30,2026-02-01 06:37:45.172022,ATMN,24.78,24.78,25.18,,2179900.0,,5000.0,1712200.0,2500.0,0,0
,,,,,,30,2026-02-01 06:37:45.172022,WNTR,25.0,25.1,25.14,,2312100.0,,,2229100.0,,0,0
2.0,1.0,1.0,,Aggregate Position Limit,Your CRO has set the aggregate position limit to 13000 shares for this week.,31,2026-02-01 06:37:46.242677,SPNG,24.96,24.96,25.07,1826400.0,2500.0,5000.0,5000.0,1764400.0,2500.0,0,0
1.0,1.0,1.0,,Welcome to the RITC 2026 Alogithmic Market Making Case - practice server,,31,2026-02-01 06:37:46.242677,SMMR,25.2,25.17,25.2,2235900.0,,2500.0,2500.0,2163500.0,2500.0,0,0
,,,,,,31,2026-02-01 06:37:46.242677,ATMN,24.9,24.79,24.9,1960200.0,2500.0,2500.0,7500.0,1752000.0,,0,0
,,,,,,31,2026-02-01 06:37:46.242677,WNTR,25.02,25.04,25.14,2226200.0,,2500.0,,2229100.0,,0,0
2.0,1.0,1.0,,Aggregate Position Limit,Your CRO has set the aggregate position limit to 13000 shares for this week.,32,2026-02-01 06:37:47.262265,SPNG,24.82,24.81,24.82,2500.0,2136400.0,2056500.0,,,,0,0
1.0,1.0,1.0,,Welcome to the RITC 2026 Alogithmic Market Making Case - practice server,,32,2026-02-01 06:37:47.262265,SMMR,25.09,25.09,25.2,2500.0,2225300.0,2126900.0,2500.0,2500.0,,0,0
,,,,,,32,2026-02-01 06:37:47.262265,ATMN,25.19,24.85,25.19,5000.0,1832900.0,1931500.0,2500.0,,2500.0,0,0
,,,,,,32,2026-02-01 06:37:47.262265,WNTR,24.93,24.93,24.97,,2337000.0,2129900.0,,2500.0,,0,0
2.0,1.0,1.0,,Aggregate Position Limit,Your CRO has set the aggregate position limit to 13000 shares for this week.,33,2026-02-01 06:37:48.299215,SPNG,25.15,25.26,25.29,2087600.0,2500.0,2017900.0,,,,0,0
1.0,1.0,1.0,,Welcome to the RITC 2026 Alogithmic Market Making Case - practice server,,33,2026-02-01 06:37:48.299215,SMMR,25.21,25.21,25.22,2326900.0,,2208800.0,2500.0,,,0,0
,,,,,,33,2026-02-01 06:37:48.299215,ATMN,24.95,24.85,24.95,1832900.0,5000.0,1748600.0,2500.0,2500.0,5000.0,0,0
,,,,,,33,2026-02-01 06:37:48.299215,WNTR,24.97,25.11,25.14,2323300.0,,2124800.0,2500.0,,,0,0
2.0,1.0,1.0,,Aggregate Position Limit,Your CRO has set the aggregate position limit to 13000 shares for this week.,34,2026-02-01 06:37:49.367208,SPNG,25.15,25.26,25.29,2087600.0,2500.0,2062100.0,,,,0,0
1.0,1.0,1.0,,Welcome to the RITC 2026 Alogithmic Market Making Case - practice server,,34,2026-02-01 06:37:49.367208,SMMR,25.06,25.07,25.22,2129400.0,2500.0,2341700.0,2500.0,,,0,0
,,,,,,34,2026-02-01 06:37:49.367208,ATMN,24.95,24.95,25.17,1703700.0,7500.0,1838000.0,2500.0,5000.0,,0,0
,,,,,,34,2026-02-01 06:37:49.367208,WNTR,25.13,25.11,25.13,2323300.0,,2135300.0,,,2500.0,0,0
2.0,1.0,1.0,,Aggregate Position Limit,Your CRO has set the aggregate position limit to 13000 shares for this week.,35,2026-02-01 06:37:50.423268,SPNG,25.26,24.96,25.22,2500.0,2096400.0,2099300.0,,,,0,0
1.0,1.0,1.0,,Welcome to the RITC 2026 Alogithmic Market Making Case - practice server,,35,2026-02-01 06:37:50.423268,SMMR,25.07,25.06,25.07,,2229200.0,2099300.0,2500.0,2500.0,2500.0,0,0
,,,,,,35,2026-02-01 06:37:50.423268,ATMN,25.3,24.96,25.3,10000.0,1602100.0,2010000.0,2500.0,,,0,0
,,,,,,35,2026-02-01 06:37:50.423268,WNTR,25.13,25.11,25.13,,2304300.0,2144000.0,,,2500.0,0,0
2.0,1.0,1.0,,Aggregate Position Limit,Your CRO has set the aggregate position limit to 13000 shares for this week.,36,2026-02-01 06:37:51.445391,SPNG,24.78,24.78,25.17,2251300.0,1980600.0,2500.0,,,,0,0
1.0,1.0,1.0,,Welcome to the RITC 2026 Alogithmic Market Making Case - practice server,,36,2026-02-01 06:37:51.445391,SMMR,25.07,25.15,25.21,2275300.0,2207600.0,,2500.0,2500.0,,0,0
,,,,,,36,2026-02-01 06:37:51.445391,ATMN,24.85,24.85,25.29,2044900.0,1903100.0,,,2500.0,2500.0,0,0
,,,,,,36,2026-02-01 06:37:51.445391,WNTR,25.02,25.03,25.12,2187200.0,2069500.0,2500.0,,2500.0,2500.0,0,0
2.0,1.0,1.0,,Aggregate Position Limit,Your CRO has set the aggregate position limit to 13000 shares for this week.,37,2026-02-01 06:37:52.510500,SPNG,24.79,24.79,25.17,2500.0,2127000.0,2092300.0,,,,0,0
1.0,1.0,1.0,,Welcome to the RITC 2026 Alogithmic Market Making Case - practice server,,37,2026-02-01 06:37:52.510500,SMMR,25.07,25.16,25.17,2500.0,2146400.0,1984200.0,2500.0,5000.0,2500.0,0,0
,,,,,,37,2026-02-01 06:37:52.510500,ATMN,24.95,24.95,25.3,5000.0,1831500.0,1884700.0,2500.0,2500.0,,0,0
,,,,,,37,2026-02-01 06:37:52.510500,WNTR,25.14,25.07,25.12,2500.0,2059600.0,2179900.0,2500.0,,2500.0,0,0
2.0,1.0,1.0,,Aggregate Position Limit,Your CRO has set the aggregate position limit to 13000 shares for this week.,38,2026-02-01 06:37:53.581814,SPNG,24.74,24.84,25.16,2134500.0,2500.0,2500.0,1889600.0,2500.0,,0,0
1.0,1.0,1.0,,Welcome to the RITC 2026 Alogithmic Market Making Case - practice server,,38,2026-02-01 06:37:53.581814,SMMR,25.17,25.19,25.2,2150400.0,2500.0,5000.0,1962700.0,2500.0,2500.0,0,0
,,,,,,38,2026-02-01 06:37:53.581814,ATMN,25.22,24.95,25.15,1831500.0,5000.0,2500.0,1764800.0,2500.0,2500.0,0,0
,,,,,,38,2026-02-01 06:37:53.581814,WNTR,25.16,25.02,25.16,2304300.0,,,2265100.0,,,0,0
2.0,1.0,1.0,,Aggregate Position Limit,Your CRO has set the aggregate position limit to 13000 shares for this week.,39,2026-02-01 06:37:54.627240,SPNG,25.16,25.17,25.18,2122100.0,2500.0,2088700.0,,,,0,0
1.0,1.0,1.0,,Welcome to the RITC 2026 Alogithmic Market Making Case - practice server,,39,2026-02-01 06:37:54.627240,SMMR,25.13,25.06,25.13,2354000.0,,2097700.0,5000.0,,,0,0
,,,,,,39,2026-02-01 06:37:54.627240,ATMN,24.85,24.85,25.14,2169100.0,,1664300.0,5000.0,2500.0,,0,0
,,,,,,39,2026-02-01 06:37:54.627240,WNTR,25.16,25.06,25.11,2056000.0,2500.0,2042400.0,2500.0,2500.0,2500.0,0,0
2.0,1.0,1.0,,Aggregate Position Limit,Your CRO has set the aggregate position limit to 13000 shares for this week.,40,2026-02-01 06:37:55.662188,SPNG,24.68,25.06,25.16,2237200.0,2096900.0,,,,,0,0
1.0,1.0,1.0,,Welcome to the RITC 2026 Alogithmic Market Making Case - practice server,,40,2026-02-01 06:37:55.662188,SMMR,25.06,25.06,25.12,2317900.0,1996200.0,5000.0,2500.0,,,0,0
,,,,,,40,2026-02-01 06:37:55.662188,ATMN,25.11,24.86,25.1,1913700.0,1585200.0,7500.0,2500.0,2500.0,2500.0,0,0
,,,,,,40,2026-02-01 06:37:55.662188,WNTR,25.16,25.16,25.17,2189100.0,2256400.0,,,2500.0,,0,0
2.0,1.0,1.0,,Aggregate Position Limit,Your CRO has set the aggregate position limit to 13000 shares for this week.,41,2026-02-01 06:37:56.698335,SPNG,24.68,25.07,25.14,2500.0,2043700.0,2500.0,1906200.0,2500.0,2500.0,0,0
1.0,1.0,1.0,,Welcome to the RITC 2026 Alogithmic Market Making Case - practice server,,41,2026-02-01 06:37:56.698335,SMMR,25.13,25.13,25.2,2500.0,2112700.0,2500.0,2202400.0,2500.0,,0,0
,,,,,,41,2026-02-01 06:37:56.698335,ATMN,25.11,24.86,25.1,2500.0,1925000.0,2500.0,1585200.0,7500.0,2500.0,0,0
,,,,,,41,2026-02-01 06:37:56.698335,WNTR,25.06,25.06,25.18,2500.0,2056000.0,2500.0,2242700.0,,,0,0
2.0,1.0,1.0,,Aggregate Position Limit,Your CRO has set the aggregate position limit to 13000 shares for this week.,42,2026-02-01 06:37:57.749531,SPNG,25.14,25.07,25.14,2500.0,2500.0,2025200.0,2012900.0,2500.0,0,0,0
1.0,1.0,1.0,,Welcome to the RITC 2026 Alogithmic Market Making Case - practice server,,42,2026-02-01 06:37:57.749531,SMMR,25.13,25.13,25.2,2500.0,2500.0,2112700.0,2230100.0,2500.0,0,0,0
,,,,,,42,2026-02-01 06:37:57.749531,ATMN,25.34,25.13,25.34,2500.0,5000.0,1806300.0,1994700.0,,0,0,0
,,,,,,42,2026-02-01 06:37:57.749531,WNTR,25.0,24.93,24.96,,,2315600.0,2277900.0,,0,0,0
2.0,1.0,1.0,,Aggregate Position Limit,Your CRO has set the aggregate position limit to 13000 shares for this week.,43,2026-02-01 06:37:58.774266,SPNG,24.95,24.95,25.13,2170100.0,2500.0,5000.0,1808700.0,2500.0,,0,0
1.0,1.0,1.0,,Welcome to the RITC 2026 Alogithmic Market Making Case - practice server,,43,2026-02-01 06:37:58.774266,SMMR,25.2,25.14,25.19,1935800.0,5000.0,2500.0,2087400.0,2500.0,2500.0,0,0
,,,,,,43,2026-02-01 06:37:58.774266,ATMN,25.35,24.88,24.94,1828300.0,7500.0,2500.0,1904500.0,,,0,0
,,,,,,43,2026-02-01 06:37:58.774266,WNTR,25.19,25.04,25.19,2307900.0,,,2295000.0,,,0,0
2.0,1.0,1.0,,Aggregate Position Limit,Your CRO has set the aggregate position limit to 13000 shares for this week.,44,2026-02-01 06:37:59.812917,SPNG,24.95,24.96,25.12,5000.0,1962200.0,2500.0,7500.0,2500.0,1721200.0,0,0
1.0,1.0,1.0,,Welcome to the RITC 2026 Alogithmic Market Making Case - practice server,,44,2026-02-01 06:37:59.812917,SMMR,25.08,25.08,25.19,2500.0,2184900.0,,2500.0,,2187500.0,0,0
,,,,,,44,2026-02-01 06:37:59.812917,ATMN,24.94,25.3,25.35,7500.0,1710200.0,2500.0,,2500.0,1904500.0,0,0
,,,,,,44,2026-02-01 06:37:59.812917,WNTR,25.2,25.19,25.2,2500.0,2200700.0,,,,2312000.0,0,0
2.0,1.0,1.0,,Aggregate Position Limit,Your CRO has set the aggregate position limit to 13000 shares for this week.,45,2026-02-01 06:38:00.838415,SPNG,24.9,24.67,24.78,2172200.0,2500.0,1727800.0,7500.0,2500.0,,0,0
1.0,1.0,1.0,,Welcome to the RITC 2026 Alogithmic Market Making Case - practice server,,45,2026-02-01 06:38:00.838415,SMMR,25.2,25.1,25.2,1979400.0,5000.0,2302800.0,,,2500.0,0,0
,,,,,,45,2026-02-01 06:38:00.838415,ATMN,25.06,24.9,25.06,1847800.0,7500.0,1787100.0,2500.0,2500.0,,0,0
,,,,,,45,2026-02-01 06:38:00.838415,WNTR,25.23,25.19,25.23,2195200.0,2500.0,2306900.0,,,,0,0
2.0,1.0,1.0,,Aggregate Position Limit,Your CRO has set the aggregate position limit to 13000 shares for this week.,46,2026-02-01 06:38:01.867073,SPNG,24.78,24.67,24.78,2191000.0,2500.0,1623600.0,10000.0,2500.0,,0,0
1.0,1.0,1.0,,Welcome to the RITC 2026 Alogithmic Market Making Case - practice server,,46,2026-02-01 06:38:01.867073,SMMR,25.2,25.11,25.19,1860500.0,7500.0,2175500.0,2500.0,,2500.0,0,0
,,,,,,46,2026-02-01 06:38:01.867073,ATMN,25.06,24.97,25.05,1748300.0,10000.0,1686600.0,5000.0,2500.0,,0,0
,,,,,,46,2026-02-01 06:38:01.867073,WNTR,25.04,25.04,25.23,2310900.0,,2269500.0,,,,0,0
2.0,1.0,1.0,,Aggregate Position Limit,Your CRO has set the aggregate position limit to 13000 shares for this week.,47,2026-02-01 06:38:02.897233,SPNG,24.78,24.68,24.77,5000.0,2010300.0,12500.0,1520000.0,2500.0,,0,0
1.0,1.0,1.0,,Welcome to the RITC 2026 Alogithmic Market Making Case - practice server,,47,2026-02-01 06:38:02.897233,SMMR,25.01,25.01,25.14,2500.0,2245100.0,2500.0,2055700.0,2500.0,,0,0
,,,,,,47,2026-02-01 06:38:02.897233,ATMN,25.23,25.23,25.34,7500.0,1760900.0,2500.0,1880600.0,,2500.0,0,0
,,,,,,47,2026-02-01 06:38:02.897233,WNTR,25.04,25.07,25.08,2500.0,2040900.0,2500.0,2175400.0,,2500.0,0,0
2.0,1.0,1.0,,Aggregate Position Limit,Your CRO has set the aggregate position limit to 13000 shares for this week.,49,2026-02-01 06:38:03.933905,SPNG,25.22,24.68,25.22,2500.0,2116200.0,2094600.0,,,,0,0
1.0,1.0,1.0,,Welcome to the RITC 2026 Alogithmic Market Making Case - practice server,,49,2026-02-01 06:38:03.933905,SMMR,24.98,24.98,25.13,,2302600.0,1930400.0,5000.0,2500.0,,0,0
,,,,,,49,2026-02-01 06:38:03.933905,ATMN,24.97,24.97,25.34,5000.0,1840600.0,1912800.0,2500.0,,2500.0,0,0
,,,,,,49,2026-02-01 06:38:03.933905,WNTR,25.04,25.04,25.06,,2291600.0,2079000.0,2500.0,2500.0,,0,0
2.0,1.0,1.0,,Aggregate Position Limit,Your CRO has set the aggregate position limit to 13000 shares for this week.,50,2026-02-01 06:38:04.991784,SPNG,25.03,24.69,24.89,5000.0,2500.0,1874000.0,2119000.0,,,0,0
1.0,1.0,1.0,,Welcome to the RITC 2026 Alogithmic Market Making Case - practice server,,50,2026-02-01 06:38:04.991784,SMMR,24.98,24.99,25.09,2500.0,2500.0,2152800.0,1822100.0,7500.0,2500.0,0,0
,,,,,,50,2026-02-01 06:38:04.991784,ATMN,24.92,25.11,25.34,2500.0,,2031900.0,1912800.0,2500.0,,0,0
,,,,,,50,2026-02-01 06:38:04.991784,WNTR,25.11,25.05,25.11,2500.0,,2164600.0,2303000.0,,,0,0
2.0,1.0,1.0,,Aggregate Position Limit,Your CRO has set the aggregate position limit to 13000 shares for this week.,51,2026-02-01 06:38:06.011114,SPNG,25.22,24.72,24.87,1729800.0,7500.0,2500.0,1977900.0,2500.0,,0,0
1.0,1.0,1.0,,Welcome to the RITC 2026 Alogithmic Market Making Case - practice server,,51,2026-02-01 06:38:06.011114,SMMR,25.09,25.0,25.08,2006300.0,5000.0,2500.0,1708600.0,10000.0,2500.0,0,0
,,,,,,51,2026-02-01 06:38:06.011114,ATMN,24.92,25.11,25.18,2048300.0,2500.0,,1883300.0,2500.0,,0,0
,,,,,,51,2026-02-01 06:38:06.011114,WNTR,25.23,25.12,25.23,2004500.0,2500.0,2500.0,2182000.0,,2500.0,0,0
2.0,1.0,1.0,,Aggregate Position Limit,Your CRO has set the aggregate position limit to 13000 shares for this week.,52,2026-02-01 06:38:07.045912,SPNG,25.22,24.72,24.87,1752200.0,7500.0,2500.0,1882900.0,2500.0,2500.0,0,0
1.0,1.0,1.0,,Welcome to the RITC 2026 Alogithmic Market Making Case - practice server,,52,2026-02-01 06:38:07.045912,SMMR,24.98,24.98,25.08,2367400.0,,,2054700.0,2500.0,2500.0,0,0
,,,,,,52,2026-02-01 06:38:07.045912,ATMN,25.03,25.04,25.17,1956300.0,5000.0,,1906700.0,2500.0,,0,0
,,,,,,52,2026-02-01 06:38:07.045912,WNTR,25.23,25.13,25.22,1903500.0,5000.0,2500.0,2070800.0,2500.0,2500.0,0,0
2.0,1.0,1.0,,Aggregate Position Limit,Your CRO has set the aggregate position limit to 13000 shares for this week.,53,2026-02-01 06:38:08.082455,SPNG,24.87,24.73,24.87,7500.0,1838900.0,1977900.0,2500.0,,0,0,0
1.0,1.0,1.0,,Welcome to the RITC 2026 Alogithmic Market Making Case - practice server,,53,2026-02-01 06:38:08.082455,SMMR,25.08,25.09,25.14,,2424500.0,2280100.0,,,0,0,0
,,,,,,53,2026-02-01 06:38:08.082455,ATMN,24.9,24.9,25.33,,2159700.0,1908000.0,2500.0,,0,0,0
,,,,,,53,2026-02-01 06:38:08.082455,WNTR,25.11,25.05,25.11,2500.0,2119800.0,2131000.0,2500.0,2500.0,0,0,0
2.0,1.0,1.0,,Aggregate Position Limit,Your CRO has set the aggregate position limit to 13000 shares for this week.,54,2026-02-01 06:38:09.142104,SPNG,25.31,24.75,24.88,10000.0,1613100.0,2500.0,2500.0,1969500.0,,0,0
1.0,1.0,1.0,,Welcome to the RITC 2026 Alogithmic Market Making Case - practice server,,54,2026-02-01 06:38:09.142104,SMMR,25.19,25.09,25.14,,2298800.0,2500.0,,2166100.0,2500.0,0,0
,,,,,,54,2026-02-01 06:38:09.142104,ATMN,25.33,25.33,25.34,,2146400.0,,,2008500.0,,0,0
,,,,,,54,2026-02-01 06:38:09.142104,WNTR,25.11,25.06,25.1,5000.0,2031500.0,,5000.0,1973500.0,2500.0,0,0
2.0,1.0,1.0,,Aggregate Position Limit,Your CRO has set the aggregate position limit to 13000 shares for this week.,55,2026-02-01 06:38:10.192134,SPNG,24.97,24.75,24.97,10000.0,1738800.0,2002300.0,2500.0,,,0,0
1.0,1.0,1.0,,Welcome to the RITC 2026 Alogithmic Market Making Case - practice server,,55,2026-02-01 06:38:10.192134,SMMR,25.19,25.1,25.13,2500.0,2199300.0,2108700.0,2500.0,2500.0,2500.0,0,0
,,,,,,55,2026-02-01 06:38:10.192134,ATMN,25.33,25.33,25.34,,2146400.0,2028400.0,,,,0,0
,,,,,,55,2026-02-01 06:38:10.192134,WNTR,25.12,25.07,25.12,7500.0,1968900.0,2097300.0,,,5000.0,0,0
2.0,1.0,1.0,,Aggregate Position Limit,Your CRO has set the aggregate position limit to 13000 shares for this week.,56,2026-02-01 06:38:11.217477,SPNG,24.97,24.95,24.97,1822700.0,7500.0,2002300.0,2500.0,,,0,0
1.0,1.0,1.0,,Welcome to the RITC 2026 Alogithmic Market Making Case - practice server,,56,2026-02-01 06:38:11.217477,SMMR,25.21,25.1,25.21,2212700.0,2500.0,2325600.0,,2500.0,,0,0
,,,,,,56,2026-02-01 06:38:11.217477,ATMN,25.34,24.98,25.34,2034500.0,2500.0,2028400.0,,,,0,0
,,,,,,56,2026-02-01 06:38:11.217477,WNTR,25.23,25.07,25.12,1870800.0,7500.0,2215500.0,,2500.0,2500.0,0,0
2.0,1.0,1.0,,Aggregate Position Limit,Your CRO has set the aggregate position limit to 13000 shares for this week.,57,2026-02-01 06:38:12.247180,SPNG,25.32,24.95,25.32,1714700.0,2500.0,7500.0,2083300.0,,,0,0
1.0,1.0,1.0,,Welcome to the RITC 2026 Alogithmic Market Making Case - practice server,,57,2026-02-01 06:38:12.247180,SMMR,25.09,25.11,25.21,2316000.0,,2500.0,2165900.0,2500.0,,0,0
,,,,,,57,2026-02-01 06:38:12.247180,ATMN,24.95,24.95,25.34,2036400.0,,2500.0,2028400.0,,,0,0
,,,,,,57,2026-02-01 06:38:12.247180,WNTR,25.01,25.06,25.11,2267000.0,,,2215500.0,,2500.0,0,0
2.0,1.0,1.0,,Aggregate Position Limit,Your CRO has set the aggregate position limit to 13000 shares for this week.,58,2026-02-01 06:38:13.272100,SPNG,24.91,24.91,25.32,2500.0,7500.0,1729100.0,2500.0,1969000.0,,0,0
1.0,1.0,1.0,,Welcome to the RITC 2026 Alogithmic Market Making Case - practice server,,58,2026-02-01 06:38:13.272100,SMMR,25.07,25.07,25.21,,,2410600.0,2500.0,2165900.0,,0,0
,,,,,,58,2026-02-01 06:38:13.272100,ATMN,25.09,24.98,25.09,2500.0,5000.0,1834500.0,2500.0,1847000.0,2500.0,0,0
,,,,,,58,2026-02-01 06:38:13.272100,WNTR,25.06,25.06,25.23,,,2267000.0,,2284300.0,,0,0
2.0,1.0,1.0,,Aggregate Position Limit,Your CRO has set the aggregate position limit to 13000 shares for this week.,59,2026-02-01 06:38:14.285700,SPNG,25.11,24.91,25.11,2500.0,2105800.0,1983000.0,2500.0,0,0,0,0
1.0,1.0,1.0,,Welcome to the RITC 2026 Alogithmic Market Making Case - practice server,,59,2026-02-01 06:38:14.285700,SMMR,25.07,25.07,25.14,2500.0,2297200.0,2187500.0,2500.0,0,0,0,0
,,,,,,59,2026-02-01 06:38:14.285700,ATMN,25.34,25.12,25.34,2500.0,2026700.0,2023900.0,,0,0,0,0
,,,,,,59,2026-02-01 06:38:14.285700,WNTR,25.23,25.06,25.12,,2267000.0,2278000.0,,0,0,0,0
2.0,1.0,1.0,,Aggregate Position Limit,Your CRO has set the aggregate position limit to 13000 shares for this week.,60,2026-02-01 06:38:15.322145,SPNG,25.32,26.32,27.2,948900.0,709700.0,,0,0,0,0,0
1.0,1.0,1.0,,Welcome to the RITC 2026 Alogithmic Market Making Case - practice server,,60,2026-02-01 06:38:15.322145,SMMR,26.37,25.71,26.31,718000.0,749600.0,2500.0,0,0,0,0,0
,,,,,,60,2026-02-01 06:38:15.322145,ATMN,25.55,25.55,26.31,959600.0,757300.0,2500.0,0,0,0,0,0
,,,,,,60,2026-02-01 06:38:15.322145,WNTR,25.17,25.17,25.27,901600.0,903000.0,2500.0,0,0,0,0,0
2.0,1.0,1.0,,Aggregate Position Limit,Your CRO has set the aggregate position limit to 13000 shares for this week.,61,2026-02-01 06:38:16.336022,SPNG,26.31,25.2,26.01,974900.0,827400.0,2500.0,,,,0,0
1.0,1.0,1.0,,Welcome to the RITC 2026 Alogithmic Market Making Case - practice server,,61,2026-02-01 06:38:16.336022,SMMR,26.31,26.31,26.86,1193100.0,934300.0,,2500.0,2500.0,,0,0
,,,,,,61,2026-02-01 06:38:16.336022,ATMN,26.05,24.06,26.05,956900.0,845400.0,,2500.0,,2500.0,0,0
,,,,,,61,2026-02-01 06:38:16.336022,WNTR,25.27,25.17,25.22,1037000.0,1003000.0,,,2500.0,,0,0
2.0,1.0,1.0,,Aggregate Position Limit,Your CRO has set the aggregate position limit to 13000 shares for this week.,62,2026-02-01 06:38:17.376884,SPNG,26.31,25.9,26.0,2500.0,1287200.0,2500.0,5000.0,827400.0,2500.0,0,0
1.0,1.0,1.0,,Welcome to the RITC 2026 Alogithmic Market Making Case - practice server,,62,2026-02-01 06:38:17.376884,SMMR,26.31,26.31,26.39,2500.0,1193100.0,2500.0,,1124600.0,,0,0
,,,,,,62,2026-02-01 06:38:17.376884,ATMN,26.31,24.54,26.31,2500.0,1202600.0,,,757300.0,,0,0
,,,,,,62,2026-02-01 06:38:17.376884,WNTR,24.99,24.9,24.95,,998500.0,,2500.0,1140400.0,2500.0,0,0
2.0,1.0,1.0,,Aggregate Position Limit,Your CRO has set the aggregate position limit to 13000 shares for this week.,63,2026-02-01 06:38:18.412859,SPNG,26.94,25.9,26.73,2500.0,1384400.0,2500.0,906200.0,2500.0,,0,0
1.0,1.0,1.0,,Welcome to the RITC 2026 Alogithmic Market Making Case - practice server,,63,2026-02-01 06:38:18.412859,SMMR,26.31,26.27,26.31,2500.0,1403700.0,,1237900.0,2500.0,2500.0,0,0
,,,,,,63,2026-02-01 06:38:18.412859,ATMN,25.62,25.62,25.73,5000.0,1326300.0,2500.0,845400.0,2500.0,2500.0,0,0
,,,,,,63,2026-02-01 06:38:18.412859,WNTR,25.49,25.25,25.49,2500.0,1124700.0,,1027000.0,,,0,0
2.0,1.0,1.0,,Aggregate Position Limit,Your CRO has set the aggregate position limit to 13000 shares for this week.,64,2026-02-01 06:38:19.443042,SPNG,26.94,25.91,26.06,5000.0,2500.0,1534500.0,1128100.0,5000.0,2500.0,0,0
1.0,1.0,1.0,,Welcome to the RITC 2026 Alogithmic Market Making Case - practice server,,64,2026-02-01 06:38:19.443042,SMMR,26.31,26.32,26.38,2500.0,,1766300.0,1216900.0,2500.0,2500.0,0,0
,,,,,,64,2026-02-01 06:38:19.443042,ATMN,25.62,25.62,25.73,5000.0,2500.0,1326300.0,920300.0,2500.0,2500.0,0,0
,,,,,,64,2026-02-01 06:38:19.443042,WNTR,25.24,25.24,25.26,,,1124700.0,1275000.0,2500.0,2500.0,0,0
2.0,1.0,1.0,,Aggregate Position Limit,Your CRO has set the aggregate position limit to 13000 shares for this week.,65,2026-02-01 06:38:20.477072,SPNG,25.89,25.89,26.72,1631800.0,5000.0,1024700.0,2500.0,,,0,0
1.0,1.0,1.0,,Welcome to the RITC 2026 Alogithmic Market Making Case - practice server,,65,2026-02-01 06:38:20.477072,SMMR,26.45,26.33,26.44,1766300.0,2500.0,1366300.0,,5000.0,2500.0,0,0
,,,,,,65,2026-02-01 06:38:20.477072,ATMN,25.73,25.95,25.96,1444600.0,2500.0,1053600.0,2500.0,5000.0,2500.0,0,0
,,,,,,65,2026-02-01 06:38:20.477072,WNTR,25.24,24.9,25.1,998500.0,2500.0,1508800.0,2500.0,,,0,0
2.0,1.0,1.0,,Aggregate Position Limit,Your CRO has set the aggregate position limit to 13000 shares for this week.,66,2026-02-01 06:38:21.517188,SPNG,26.15,26.14,26.15,1732000.0,2500.0,1240000.0,7500.0,2500.0,,0,0
1.0,1.0,1.0,,Welcome to the RITC 2026 Alogithmic Market Making Case - practice server,,66,2026-02-01 06:38:21.517188,SMMR,26.45,26.49,26.5,2009300.0,2500.0,1369500.0,,,5000.0,0,0
,,,,,,66,2026-02-01 06:38:21.517188,ATMN,25.95,25.62,25.88,1326300.0,,1352200.0,2500.0,2500.0,5000.0,0,0
,,,,,,66,2026-02-01 06:38:21.517188,WNTR,25.24,25.05,25.09,1246800.0,2500.0,1613400.0,5000.0,2500.0,2500.0,0,0
2.0,1.0,1.0,,Aggregate Position Limit,Your CRO has set the aggregate position limit to 13000 shares for this week.,67,2026-02-01 06:38:22.555749,SPNG,26.36,26.14,26.15,1815500.0,2500.0,1317900.0,5000.0,2500.0,,0,0
1.0,1.0,1.0,,Welcome to the RITC 2026 Alogithmic Market Making Case - practice server,,67,2026-02-01 06:38:22.555749,SMMR,26.49,26.33,26.49,1894900.0,2500.0,1606300.0,,,2500.0,0,0
,,,,,,67,2026-02-01 06:38:22.555749,ATMN,25.41,25.62,25.85,1202600.0,2500.0,1561100.0,5000.0,2500.0,2500.0,0,0
,,,,,,67,2026-02-01 06:38:22.555749,WNTR,25.18,25.06,25.18,1384400.0,2500.0,1493400.0,2500.0,2500.0,5000.0,0,0
2.0,1.0,1.0,,Aggregate Position Limit,Your CRO has set the aggregate position limit to 13000 shares for this week.,68,2026-02-01 06:38:23.580279,SPNG,26.22,26.14,26.22,1907600.0,1344800.0,5000.0,2500.0,,0,0,0
1.0,1.0,1.0,,Welcome to the RITC 2026 Alogithmic Market Making Case - practice server,,68,2026-02-01 06:38:23.580279,SMMR,26.32,26.29,26.32,2008300.0,1735000.0,2500.0,,,0,0,0
,,,,,,68,2026-02-01 06:38:23.580279,ATMN,24.07,24.87,25.85,1317700.0,1561100.0,5000.0,2500.0,,0,0,0
,,,,,,68,2026-02-01 06:38:23.580279,WNTR,25.22,25.01,25.22,1387200.0,1388800.0,2500.0,,2500.0,0,0,0
2.0,1.0,1.0,,Aggregate Position Limit,Your CRO has set the aggregate position limit to 13000 shares for this week.,69,2026-02-01 06:38:24.615625,SPNG,26.22,26.6,26.71,2040600.0,2500.0,2500.0,2500.0,1335700.0,,0,0
1.0,1.0,1.0,,Welcome to the RITC 2026 Alogithmic Market Making Case - practice server,,69,2026-02-01 06:38:24.615625,SMMR,26.5,26.3,26.5,2008300.0,2500.0,,,1601100.0,,0,0
,,,,,,69,2026-02-01 06:38:24.615625,ATMN,25.39,25.4,25.85,1437300.0,2500.0,5000.0,2500.0,1561100.0,2500.0,0,0
,,,,,,69,2026-02-01 06:38:24.615625,WNTR,25.22,25.09,25.15,1601300.0,2500.0,2500.0,,1617600.0,,0,0
2.0,1.0,1.0,,Aggregate Position Limit,Your CRO has set the aggregate position limit to 13000 shares for this week.,70,2026-02-01 06:38:25.649686,SPNG,26.22,26.61,26.7,5000.0,1866200.0,2500.0,5000.0,1644000.0,,0,0
1.0,1.0,1.0,,Welcome to the RITC 2026 Alogithmic Market Making Case - practice server,,70,2026-02-01 06:38:25.649686,SMMR,26.47,26.47,26.5,2500.0,2126700.0,,,1705900.0,,0,0
,,,,,,70,2026-02-01 06:38:25.649686,ATMN,25.65,25.65,25.88,2500.0,1548000.0,2500.0,,1460400.0,,0,0
,,,,,,70,2026-02-01 06:38:25.649686,WNTR,25.11,25.11,25.14,5000.0,1726800.0,2500.0,2500.0,1717300.0,2500.0,0,0
2.0,1.0,1.0,,Aggregate Position Limit,Your CRO has set the aggregate position limit to 13000 shares for this week.,71,2026-02-01 06:38:26.678028,SPNG,26.6,26.51,26.56,2030500.0,2500.0,1704500.0,5000.0,2500.0,0,0,0
1.0,1.0,1.0,,Welcome to the RITC 2026 Alogithmic Market Making Case - practice server,,71,2026-02-01 06:38:26.678028,SMMR,26.47,26.47,26.49,2126700.0,2500.0,2158900.0,,,0,0,0
,,,,,,71,2026-02-01 06:38:26.678028,ATMN,25.39,24.87,25.21,1421900.0,,1680100.0,2500.0,2500.0,0,0,0
,,,,,,71,2026-02-01 06:38:26.678028,WNTR,25.02,25.01,25.02,1494400.0,,1838300.0,5000.0,,0,0,0
2.0,1.0,1.0,,Aggregate Position Limit,Your CRO has set the aggregate position limit to 13000 shares for this week.,72,2026-02-01 06:38:27.708978,SPNG,26.44,26.15,26.44,2500.0,1924400.0,1718700.0,5000.0,2500.0,0,0,0
1.0,1.0,1.0,,Welcome to the RITC 2026 Alogithmic Market Making Case - practice server,,72,2026-02-01 06:38:27.708978,SMMR,26.28,26.38,26.48,,1987100.0,2107200.0,2500.0,,0,0,0
,,,,,,72,2026-02-01 06:38:27.708978,ATMN,25.39,25.0,25.21,2500.0,1790100.0,1680100.0,2500.0,2500.0,0,0,0
,,,,,,72,2026-02-01 06:38:27.708978,WNTR,24.85,24.66,24.81,,1025300.0,1967600.0,5000.0,2500.0,0,0,0
2.0,1.0,1.0,,Aggregate Position Limit,Your CRO has set the aggregate position limit to 13000 shares for this week.,73,2026-02-01 06:38:28.730614,SPNG,26.15,26.03,26.09,2124200.0,2500.0,1719300.0,5000.0,2500.0,,0,0
1.0,1.0,1.0,,Welcome to the RITC 2026 Alogithmic Market Making Case - practice server,,73,2026-02-01 06:38:28.730614,SMMR,26.49,26.43,26.49,2216900.0,,2169700.0,,,2500.0,0,0
,,,,,,73,2026-02-01 06:38:28.730614,ATMN,25.21,25.38,25.87,2075400.0,2500.0,1582700.0,2500.0,,2500.0,0,0
,,,,,,73,2026-02-01 06:38:28.730614,WNTR,24.88,24.88,25.01,1252600.0,,1838300.0,7500.0,2500.0,,0,0
2.0,1.0,1.0,,Aggregate Position Limit,Your CRO has set the aggregate position limit to 13000 shares for this week.,74,2026-02-01 06:38:29.750116,SPNG,26.15,26.03,26.07,2018900.0,2500.0,7500.0,1626200.0,2500.0,,0,0
1.0,1.0,1.0,,Welcome to the RITC 2026 Alogithmic Market Making Case - practice server,,74,2026-02-01 06:38:29.750116,SMMR,26.38,26.38,26.48,2201400.0,,2500.0,2086900.0,,2500.0,0,0
,,,,,,74,2026-02-01 06:38:29.750116,ATMN,25.38,25.78,25.86,1834600.0,5000.0,5000.0,1582700.0,,2500.0,0,0
,,,,,,74,2026-02-01 06:38:29.750116,WNTR,24.99,24.99,25.01,1490500.0,,7500.0,1838300.0,2500.0,2500.0,0,0
2.0,1.0,1.0,,Aggregate Position Limit,Your CRO has set the aggregate position limit to 13000 shares for this week.,75,2026-02-01 06:38:30.768048,SPNG,26.44,26.03,26.44,1953200.0,2500.0,1730300.0,5000.0,2500.0,,0,0
1.0,1.0,1.0,,Welcome to the RITC 2026 Alogithmic Market Making Case - practice server,,75,2026-02-01 06:38:30.768048,SMMR,26.38,26.39,26.47,2084400.0,2500.0,1917200.0,5000.0,2500.0,2500.0,0,0
,,,,,,75,2026-02-01 06:38:30.768048,ATMN,25.38,25.79,25.86,1705600.0,7500.0,1787900.0,5000.0,,2500.0,0,0
,,,,,,75,2026-02-01 06:38:30.768048,WNTR,25.01,25.01,25.02,1716300.0,,2034100.0,5000.0,,2500.0,0,0
2.0,1.0,1.0,,Aggregate Position Limit,Your CRO has set the aggregate position limit to 13000 shares for this week.,76,2026-02-01 06:38:31.791105,SPNG,26.44,26.04,26.11,5000.0,1745900.0,2500.0,1828100.0,2500.0,2500.0,0,0
1.0,1.0,1.0,,Welcome to the RITC 2026 Alogithmic Market Making Case - practice server,,76,2026-02-01 06:38:31.791105,SMMR,26.44,26.44,26.47,2500.0,2008900.0,2500.0,1917200.0,5000.0,2500.0,0,0
,,,,,,76,2026-02-01 06:38:31.791105,ATMN,25.38,25.84,25.85,7500.0,1697100.0,2500.0,1566500.0,7500.0,2500.0,0,0
,,,,,,76,2026-02-01 06:38:31.791105,WNTR,25.01,25.01,25.11,,1829500.0,2500.0,1913100.0,2500.0,,0,0
2.0,1.0,1.0,,Aggregate Position Limit,Your CRO has set the aggregate position limit to 13000 shares for this week.,77,2026-02-01 06:38:32.813617,SPNG,26.56,26.05,26.1,7500.0,2500.0,1673200.0,2500.0,1896000.0,,0,0
1.0,1.0,1.0,,Welcome to the RITC 2026 Alogithmic Market Making Case - practice server,,77,2026-02-01 06:38:32.813617,SMMR,26.5,26.38,26.5,,2500.0,2175600.0,,2221200.0,,0,0
,,,,,,77,2026-02-01 06:38:32.813617,ATMN,25.84,25.84,25.85,7500.0,2500.0,1697100.0,5000.0,1673800.0,2500.0,0,0
,,,,,,77,2026-02-01 06:38:32.813617,WNTR,24.97,25.05,25.1,,,1684100.0,2500.0,2013100.0,2500.0,0,0
2.0,1.0,1.0,,Aggregate Position Limit,Your CRO has set the aggregate position limit to 13000 shares for this week.,78,2026-02-01 06:38:33.841998,SPNG,26.57,26.06,26.1,10000.0,2500.0,1602500.0,2500.0,1867200.0,,0,0
1.0,1.0,1.0,,Welcome to the RITC 2026 Alogithmic Market Making Case - practice server,,78,2026-02-01 06:38:33.841998,SMMR,26.35,26.35,26.49,,,2345900.0,2500.0,2014200.0,2500.0,0,0
,,,,,,78,2026-02-01 06:38:33.841998,ATMN,25.78,25.43,25.53,2500.0,,2081900.0,2500.0,1688600.0,5000.0,0,0
,,,,,,78,2026-02-01 06:38:33.841998,WNTR,25.15,25.07,25.15,,,1791100.0,,1919900.0,,0,0
2.0,1.0,1.0,,Aggregate Position Limit,Your CRO has set the aggregate position limit to 13000 shares for this week.,79,2026-02-01 06:38:34.882025,SPNG,26.57,26.06,26.57,7500.0,2500.0,1697300.0,1971400.0,,,0,0
1.0,1.0,1.0,,Welcome to the RITC 2026 Alogithmic Market Making Case - practice server,,79,2026-02-01 06:38:34.882025,SMMR,26.5,26.36,26.39,2500.0,2500.0,2114200.0,2015700.0,2500.0,2500.0,0,0
,,,,,,79,2026-02-01 06:38:34.882025,ATMN,25.79,25.79,25.84,5000.0,2500.0,1843700.0,1656700.0,7500.0,,0,0
,,,,,,79,2026-02-01 06:38:34.882025,WNTR,25.05,24.92,25.05,,,1707800.0,2250600.0,,,0,0
2.0,1.0,1.0,,Aggregate Position Limit,Your CRO has set the aggregate position limit to 13000 shares for this week.,80,2026-02-01 06:38:35.892146,SPNG,26.34,26.06,26.34,2500.0,1905000.0,2500.0,1836100.0,2500.0,2500.0,0,0
1.0,1.0,1.0,,Welcome to the RITC 2026 Alogithmic Market Making Case - practice server,,80,2026-02-01 06:38:35.892146,SMMR,26.27,26.3,26.39,,2342500.0,,2130800.0,2500.0,,0,0
,,,,,,80,2026-02-01 06:38:35.892146,ATMN,25.79,25.59,25.75,5000.0,1825800.0,2500.0,1681600.0,7500.0,,0,0
,,,,,,80,2026-02-01 06:38:35.892146,WNTR,25.15,24.92,25.15,2500.0,1800100.0,2500.0,2026300.0,,,0,0
2.0,1.0,1.0,,Aggregate Position Limit,Your CRO has set the aggregate position limit to 13000 shares for this week.,81,2026-02-01 06:38:36.909812,SPNG,26.05,26.07,26.22,2027000.0,2500.0,1872400.0,2500.0,2500.0,,0,0
1.0,1.0,1.0,,Welcome to the RITC 2026 Alogithmic Market Making Case - practice server,,81,2026-02-01 06:38:36.909812,SMMR,26.39,26.44,26.48,2103400.0,2500.0,2147100.0,2500.0,,2500.0,0,0
,,,,,,81,2026-02-01 06:38:36.909812,ATMN,25.88,25.88,25.9,1812400.0,2500.0,1985500.0,,,5000.0,0,0
,,,,,,81,2026-02-01 06:38:36.909812,WNTR,25.03,24.93,25.02,1902500.0,,2123100.0,2500.0,,5000.0,0,0
2.0,1.0,1.0,,Aggregate Position Limit,Your CRO has set the aggregate position limit to 13000 shares for this week.,82,2026-02-01 06:38:37.936939,SPNG,26.05,26.07,26.2,1972900.0,2500.0,2500.0,5000.0,1777600.0,2500.0,0,0
1.0,1.0,1.0,,Welcome to the RITC 2026 Alogithmic Market Making Case - practice server,,82,2026-02-01 06:38:37.936939,SMMR,26.44,26.3,26.42,2083700.0,2500.0,2500.0,2500.0,2144000.0,,0,0
,,,,,,82,2026-02-01 06:38:37.936939,ATMN,25.77,25.77,25.9,1672800.0,2500.0,7500.0,,1969400.0,,0,0
,,,,,,82,2026-02-01 06:38:37.936939,WNTR,25.03,24.96,25.02,2022500.0,2500.0,5000.0,2500.0,1993000.0,2500.0,0,0
2.0,1.0,1.0,,Aggregate Position Limit,Your CRO has set the aggregate position limit to 13000 shares for this week.,83,2026-02-01 06:38:38.970891,SPNG,26.22,26.15,26.21,1858200.0,5000.0,2500.0,5000.0,1777600.0,2500.0,0,0
1.0,1.0,1.0,,Welcome to the RITC 2026 Alogithmic Market Making Case - practice server,,83,2026-02-01 06:38:38.970891,SMMR,26.42,26.42,26.48,2092600.0,2500.0,2500.0,2500.0,2155600.0,,0,0
,,,,,,83,2026-02-01 06:38:38.970891,ATMN,25.72,25.83,25.9,2135600.0,,,,1969400.0,,0,0
,,,,,,83,2026-02-01 06:38:38.970891,WNTR,24.92,24.92,25.01,2000500.0,2500.0,,5000.0,1879600.0,2500.0,0,0
2.0,1.0,1.0,,Aggregate Position Limit,Your CRO has set the aggregate position limit to 13000 shares for this week.,84,2026-02-01 06:38:39.986675,SPNG,26.24,26.15,26.24,1858200.0,5000.0,2500.0,1982600.0,2500.0,,0,0
1.0,1.0,1.0,,Welcome to the RITC 2026 Alogithmic Market Making Case - practice server,,84,2026-02-01 06:38:39.986675,SMMR,26.27,26.27,26.32,2329700.0,,,1951700.0,5000.0,2500.0,0,0
,,,,,,84,2026-02-01 06:38:39.986675,ATMN,25.83,25.83,25.89,2038300.0,,2500.0,1800200.0,2500.0,2500.0,0,0
,,,,,,84,2026-02-01 06:38:39.986675,WNTR,25.22,24.93,25.22,2157900.0,5000.0,,2000100.0,,,0,0
2.0,1.0,1.0,,Aggregate Position Limit,Your CRO has set the aggregate position limit to 13000 shares for this week.,85,2026-02-01 06:38:41.011915,SPNG,26.15,26.15,26.31,1957400.0,5000.0,2100600.0,,,,0,0
1.0,1.0,1.0,,Welcome to the RITC 2026 Alogithmic Market Making Case - practice server,,85,2026-02-01 06:38:41.011915,SMMR,26.46,26.46,26.47,2206300.0,2500.0,1936500.0,5000.0,2500.0,,0,0
,,,,,,85,2026-02-01 06:38:41.011915,ATMN,25.57,25.57,25.89,2182100.0,,1800200.0,2500.0,2500.0,,0,0
,,,,,,85,2026-02-01 06:38:41.011915,WNTR,25.22,25.07,25.13,2016200.0,5000.0,2042700.0,2500.0,2500.0,2500.0,0,0
2.0,1.0,1.0,,Aggregate Position Limit,Your CRO has set the aggregate position limit to 13000 shares for this week.,86,2026-02-01 06:38:42.032980,SPNG,26.07,26.07,26.31,2069100.0,2500.0,1992500.0,2500.0,,,0,0
1.0,1.0,1.0,,Welcome to the RITC 2026 Alogithmic Market Making Case - practice server,,86,2026-02-01 06:38:42.032980,SMMR,26.46,26.46,26.47,2206300.0,2500.0,2064000.0,2500.0,2500.0,,0,0
,,,,,,86,2026-02-01 06:38:42.032980,ATMN,25.9,25.58,25.89,1915500.0,2500.0,1893800.0,2500.0,,2500.0,0,0
,,,,,,86,2026-02-01 06:38:42.032980,WNTR,25.12,25.08,25.12,2016200.0,5000.0,1929000.0,2500.0,5000.0,2500.0,0,0
2.0,1.0,1.0,,Aggregate Position Limit,Your CRO has set the aggregate position limit to 13000 shares for this week.,87,2026-02-01 06:38:43.051894,SPNG,26.38,26.08,26.09,5000.0,2500.0,1860400.0,1856900.0,2500.0,2500.0,0,0
1.0,1.0,1.0,,Welcome to the RITC 2026 Alogithmic Market Making Case - practice server,,87,2026-02-01 06:38:43.051894,SMMR,26.26,26.26,26.47,,,2323600.0,2064000.0,2500.0,2500.0,0,0
,,,,,,87,2026-02-01 06:38:43.051894,ATMN,25.48,25.42,25.48,,,2130800.0,1827500.0,2500.0,2500.0,0,0
,,,,,,87,2026-02-01 06:38:43.051894,WNTR,25.13,25.09,25.12,7500.0,2500.0,1880300.0,2037100.0,2500.0,2500.0,0,0
2.0,1.0,1.0,,Aggregate Position Limit,Your CRO has set the aggregate position limit to 13000 shares for this week.,88,2026-02-01 06:38:44.070035,SPNG,26.09,26.16,26.3,1959200.0,2500.0,2500.0,2500.0,2500.0,1867000.0,0,0
1.0,1.0,1.0,,Welcome to the RITC 2026 Alogithmic Market Making Case - practice server,,88,2026-02-01 06:38:44.070035,SMMR,26.25,26.36,26.41,2101400.0,2500.0,2500.0,2500.0,2500.0,2025000.0,0,0
,,,,,,88,2026-02-01 06:38:44.070035,ATMN,25.6,25.53,25.58,2015100.0,,2500.0,2500.0,2500.0,1813700.0,0,0
,,,,,,88,2026-02-01 06:38:44.070035,WNTR,25.2,25.09,25.1,1880300.0,7500.0,2500.0,2500.0,,2157300.0,0,0
2.0,1.0,1.0,,Aggregate Position Limit,Your CRO has set the aggregate position limit to 13000 shares for this week.,89,2026-02-01 06:38:45.101929,SPNG,25.95,26.16,26.28,2500.0,2500.0,1946200.0,5000.0,2500.0,1773900.0,0,0
1.0,1.0,1.0,,Welcome to the RITC 2026 Alogithmic Market Making Case - practice server,,89,2026-02-01 06:38:45.101929,SMMR,26.41,26.35,26.41,2500.0,,2212100.0,2500.0,,2148100.0,0,0
,,,,,,89,2026-02-01 06:38:45.101929,ATMN,25.54,25.54,25.87,2500.0,,1981000.0,5000.0,2500.0,1713500.0,0,0
,,,,,,89,2026-02-01 06:38:45.101929,WNTR,25.22,25.0,25.22,,2500.0,2258000.0,,,2261600.0,0,0
2.0,1.0,1.0,,Aggregate Position Limit,Your CRO has set the aggregate position limit to 13000 shares for this week.,90,2026-02-01 06:38:46.141696,SPNG,26.51,25.95,26.51,2500.0,2057600.0,2061500.0,,,,0,0
1.0,1.0,1.0,,Welcome to the RITC 2026 Alogithmic Market Making Case - practice server,,90,2026-02-01 06:38:46.141696,SMMR,26.25,26.25,26.41,,2349300.0,2052000.0,2500.0,2500.0,,0,0
,,,,,,90,2026-02-01 06:38:46.141696,ATMN,25.54,25.54,25.86,,1981000.0,1645400.0,2500.0,7500.0,2500.0,0,0
,,,,,,90,2026-02-01 06:38:46.141696,WNTR,25.22,25.01,25.07,2500.0,2193800.0,2169200.0,,2500.0,,0,0
2.0,1.0,1.0,,Aggregate Position Limit,Your CRO has set the aggregate position limit to 13000 shares for this week.,92,2026-02-01 06:38:47.188821,SPNG,25.92,25.92,26.21,2042800.0,2500.0,1969800.0,2500.0,,,0,0
1.0,1.0,1.0,,Welcome to the RITC 2026 Alogithmic Market Making Case - practice server,,92,2026-02-01 06:38:47.188821,SMMR,26.24,26.25,26.26,2308900.0,,1961700.0,5000.0,2500.0,,0,0
,,,,,,92,2026-02-01 06:38:47.188821,ATMN,25.92,25.57,25.91,1833500.0,2500.0,1902700.0,2500.0,,2500.0,0,0
,,,,,,92,2026-02-01 06:38:47.188821,WNTR,25.16,25.01,25.07,2079600.0,2500.0,2130100.0,,2500.0,2500.0,0,0
2.0,1.0,1.0,,Aggregate Position Limit,Your CRO has set the aggregate position limit to 13000 shares for this week.,93,2026-02-01 06:38:48.208055,SPNG,26.21,25.99,26.19,1907400.0,2500.0,2500.0,5000.0,1876700.0,,0,0
1.0,1.0,1.0,,Welcome to the RITC 2026 Alogithmic Market Making Case - practice server,,93,2026-02-01 06:38:48.208055,SMMR,26.24,26.24,26.26,2335800.0,,,5000.0,1953700.0,2500.0,0,0
,,,,,,93,2026-02-01 06:38:48.208055,ATMN,25.93,25.56,25.93,2074100.0,,,,1992500.0,,0,0
,,,,,,93,2026-02-01 06:38:48.208055,WNTR,24.94,24.94,25.06,2365100.0,,,2500.0,2149500.0,,0,0
2.0,1.0,1.0,,Aggregate Position Limit,Your CRO has set the aggregate position limit to 13000 shares for this week.,94,2026-02-01 06:38:49.239076,SPNG,25.99,25.99,26.5,1907400.0,2500.0,2500.0,2500.0,1986900.0,,0,0
1.0,1.0,1.0,,Welcome to the RITC 2026 Alogithmic Market Making Case - practice server,,94,2026-02-01 06:38:49.239076,SMMR,26.26,26.34,26.35,2373700.0,,,5000.0,1953100.0,2500.0,0,0
,,,,,,94,2026-02-01 06:38:49.239076,ATMN,25.92,25.92,25.93,1828900.0,2500.0,2500.0,,1894700.0,2500.0,0,0
,,,,,,94,2026-02-01 06:38:49.239076,WNTR,25.0,24.94,25.0,2365100.0,,,5000.0,2062300.0,,0,0
2.0,1.0,1.0,,Aggregate Position Limit,Your CRO has set the aggregate position limit to 13000 shares for this week.,95,2026-02-01 06:38:50.272418,SPNG,25.98,25.98,26.49,2027500.0,2500.0,5000.0,2500.0,1778900.0,,0,0
1.0,1.0,1.0,,Welcome to the RITC 2026 Alogithmic Market Making Case - practice server,,95,2026-02-01 06:38:50.272418,SMMR,26.23,26.25,26.34,2070400.0,2500.0,5000.0,,2075800.0,2500.0,0,0
,,,,,,95,2026-02-01 06:38:50.272418,ATMN,25.99,25.58,25.82,1744900.0,5000.0,,,1988400.0,2500.0,0,0
,,,,,,95,2026-02-01 06:38:50.272418,WNTR,24.99,24.99,25.0,2344800.0,,5000.0,2500.0,1935100.0,,0,0
2.0,1.0,1.0,,Aggregate Position Limit,Your CRO has set the aggregate position limit to 13000 shares for this week.,96,2026-02-01 06:38:51.293072,SPNG,26.51,26.14,26.49,1794200.0,2500.0,5000.0,2500.0,1986900.0,,0,0
1.0,1.0,1.0,,Welcome to the RITC 2026 Alogithmic Market Making Case - practice server,,96,2026-02-01 06:38:51.293072,SMMR,26.35,26.33,26.35,2051000.0,2500.0,2500.0,2500.0,2052200.0,2500.0,0,0
,,,,,,96,2026-02-01 06:38:51.293072,ATMN,25.99,25.59,25.82,1717300.0,2500.0,5000.0,2500.0,1803200.0,2500.0,0,0
,,,,,,96,2026-02-01 06:38:51.293072,WNTR,24.91,24.91,25.06,2343100.0,,,2500.0,2036100.0,2500.0,0,0
2.0,1.0,1.0,,Aggregate Position Limit,Your CRO has set the aggregate position limit to 13000 shares for this week.,97,2026-02-01 06:38:52.331990,SPNG,25.98,25.98,26.36,1929500.0,5000.0,1979500.0,2500.0,,,0,0
1.0,1.0,1.0,,Welcome to the RITC 2026 Alogithmic Market Making Case - practice server,,97,2026-02-01 06:38:52.331990,SMMR,26.35,26.33,26.35,2014300.0,2500.0,2093000.0,2500.0,2500.0,2500.0,0,0
,,,,,,97,2026-02-01 06:38:52.331990,ATMN,25.83,25.83,25.98,1603800.0,7500.0,1872400.0,2500.0,2500.0,,0,0
,,,,,,97,2026-02-01 06:38:52.331990,WNTR,24.92,24.91,24.92,2294000.0,,1928100.0,5000.0,,2500.0,0,0
2.0,1.0,1.0,,Aggregate Position Limit,Your CRO has set the aggregate position limit to 13000 shares for this week.,98,2026-02-01 06:38:53.381956,SPNG,26.36,25.99,26.36,7500.0,1709900.0,2500.0,1864600.0,2500.0,2500.0,0,0
1.0,1.0,1.0,,Welcome to the RITC 2026 Alogithmic Market Making Case - practice server,,98,2026-02-01 06:38:53.381956,SMMR,26.35,26.33,26.35,2500.0,2017000.0,2500.0,2215700.0,2500.0,,0,0
,,,,,,98,2026-02-01 06:38:53.381956,ATMN,25.97,25.97,25.98,10000.0,1512000.0,2500.0,1808800.0,2500.0,2500.0,0,0
,,,,,,98,2026-02-01 06:38:53.381956,WNTR,25.22,24.92,25.12,2500.0,2201400.0,,2144800.0,,2500.0,0,0
2.0,1.0,1.0,,Aggregate Position Limit,Your CRO has set the aggregate position limit to 13000 shares for this week.,99,2026-02-01 06:38:54.436674,SPNG,25.94,26.34,26.35,2140000.0,5000.0,1766700.0,2500.0,,,0,0
1.0,1.0,1.0,,Welcome to the RITC 2026 Alogithmic Market Making Case - practice server,,99,2026-02-01 06:38:54.436674,SMMR,26.43,26.33,26.43,2017000.0,,2289200.0,,2500.0,2500.0,0,0
,,,,,,99,2026-02-01 06:38:54.436674,ATMN,25.83,25.83,26.02,1614000.0,,2017300.0,,7500.0,2500.0,0,0
,,,,,,99,2026-02-01 06:38:54.436674,WNTR,25.22,24.92,25.08,2060900.0,2500.0,2027800.0,2500.0,2500.0,2500.0,0,0
2.0,1.0,1.0,,Aggregate Position Limit,Your CRO has set the aggregate position limit to 13000 shares for this week.,100,2026-02-01 06:38:55.504810,SPNG,25.94,26.07,26.35,1930300.0,2500.0,2500.0,5000.0,2500.0,1766700.0,0,0
1.0,1.0,1.0,,Welcome to the RITC 2026 Alogithmic Market Making Case - practice server,,100,2026-02-01 06:38:55.504810,SMMR,26.43,26.43,26.44,2024300.0,2500.0,2500.0,,,2269900.0,0,0
,,,,,,100,2026-02-01 06:38:55.504810,ATMN,25.83,25.99,26.02,1614000.0,2500.0,7500.0,2500.0,,1911900.0,0,0
,,,,,,100,2026-02-01 06:38:55.504810,WNTR,25.22,24.95,24.97,1897600.0,2500.0,5000.0,5000.0,2500.0,1931800.0,0,0
2.0,1.0,1.0,,Aggregate Position Limit,Your CRO has set the aggregate position limit to 13000 shares for this week.,101,2026-02-01 06:38:56.561905,SPNG,25.94,26.15,26.33,1918100.0,2500.0,2500.0,5000.0,2500.0,1770700.0,0,0
1.0,1.0,1.0,,Welcome to the RITC 2026 Alogithmic Market Making Case - practice server,,101,2026-02-01 06:38:56.561905,SMMR,26.3,26.27,26.3,2326200.0,,,,,2273300.0,0,0
,,,,,,101,2026-02-01 06:38:56.561905,ATMN,25.99,25.83,25.84,1823900.0,2500.0,2500.0,2500.0,,1915300.0,0,0
,,,,,,101,2026-02-01 06:38:56.561905,WNTR,25.01,24.97,25.0,2006100.0,,5000.0,5000.0,2500.0,1944900.0,0,0
2.0,1.0,1.0,,Aggregate Position Limit,Your CRO has set the aggregate position limit to 13000 shares for this week.,102,2026-02-01 06:38:57.614475,SPNG,26.07,26.15,26.31,2500.0,1932000.0,2500.0,7500.0,1565200.0,5000.0,0,0
1.0,1.0,1.0,,Welcome to the RITC 2026 Alogithmic Market Making Case - practice server,,102,2026-02-01 06:38:57.614475,SMMR,26.27,26.27,26.44,,2306800.0,,,2287300.0,,0,0
,,,,,,102,2026-02-01 06:38:57.614475,ATMN,26.02,25.84,26.01,2500.0,1823900.0,2500.0,5000.0,1847800.0,,0,0
,,,,,,102,2026-02-01 06:38:57.614475,WNTR,25.0,25.02,25.07,,2018400.0,5000.0,5000.0,1945600.0,2500.0,0,0
2.0,1.0,1.0,,Aggregate Position Limit,Your CRO has set the aggregate position limit to 13000 shares for this week.,103,2026-02-01 06:38:58.641964,SPNG,25.98,25.94,25.98,2019100.0,2500.0,1578900.0,10000.0,2500.0,,0,0
1.0,1.0,1.0,,Welcome to the RITC 2026 Alogithmic Market Making Case - practice server,,103,2026-02-01 06:38:58.641964,SMMR,26.27,26.41,26.44,2066500.0,2500.0,2157600.0,,2500.0,2500.0,0,0
,,,,,,103,2026-02-01 06:38:58.641964,ATMN,25.74,25.74,26.01,2000300.0,,1767000.0,5000.0,2500.0,,0,0
,,,,,,103,2026-02-01 06:38:58.641964,WNTR,25.02,24.97,25.0,1987200.0,5000.0,1801600.0,7500.0,2500.0,,0,0
2.0,1.0,1.0,,Aggregate Position Limit,Your CRO has set the aggregate position limit to 13000 shares for this week.,104,2026-02-01 06:38:59.678620,SPNG,26.32,26.31,26.32,2003800.0,2500.0,1883500.0,5000.0,,,0,0
1.0,1.0,1.0,,Welcome to the RITC 2026 Alogithmic Market Making Case - practice server,,104,2026-02-01 06:38:59.678620,SMMR,26.4,26.37,26.38,2317500.0,,2039900.0,2500.0,2500.0,,0,0
,,,,,,104,2026-02-01 06:38:59.678620,ATMN,25.79,25.79,26.0,1826000.0,2500.0,1663400.0,7500.0,2500.0,2500.0,0,0
,,,,,,104,2026-02-01 06:38:59.678620,WNTR,25.02,24.97,25.02,2043000.0,2500.0,1807000.0,7500.0,2500.0,,0,0
2.0,1.0,1.0,,Aggregate Position Limit,Your CRO has set the aggregate position limit to 13000 shares for this week.,105,2026-02-01 06:39:00.744123,SPNG,25.92,25.94,26.36,2500.0,2026400.0,2062600.0,,,,0,0
1.0,1.0,1.0,,Welcome to the RITC 2026 Alogithmic Market Making Case - practice server,,105,2026-02-01 06:39:00.744123,SMMR,26.38,26.27,26.37,,2306800.0,2063700.0,2500.0,2500.0,,0,0
,,,,,,105,2026-02-01 06:39:00.744123,ATMN,26.01,25.8,25.9,2500.0,1733500.0,1887900.0,2500.0,2500.0,5000.0,0,0
,,,,,,105,2026-02-01 06:39:00.744123,WNTR,25.12,24.98,25.09,2500.0,1844200.0,2038100.0,5000.0,,5000.0,0,0
2.0,1.0,1.0,,Aggregate Position Limit,Your CRO has set the aggregate position limit to 13000 shares for this week.,106,2026-02-01 06:39:01.802372,SPNG,26.46,25.95,26.46,2500.0,2500.0,1915700.0,2067300.0,,,0,0
1.0,1.0,1.0,,Welcome to the RITC 2026 Alogithmic Market Making Case - practice server,,106,2026-02-01 06:39:01.802372,SMMR,26.37,26.26,26.37,2500.0,,2196300.0,2063700.0,2500.0,2500.0,0,0
,,,,,,106,2026-02-01 06:39:01.802372,ATMN,26.06,25.8,25.94,5000.0,2500.0,1733500.0,1971700.0,2500.0,,0,0
,,,,,,106,2026-02-01 06:39:01.802372,WNTR,25.22,25.08,25.22,2500.0,2500.0,1965700.0,2284600.0,,,0,0
2.0,1.0,1.0,,Aggregate Position Limit,Your CRO has set the aggregate position limit to 13000 shares for this week.,107,2026-02-01 06:39:02.857216,SPNG,26.46,25.96,26.18,1823800.0,5000.0,2500.0,1967500.0,2500.0,,0,0
1.0,1.0,1.0,,Welcome to the RITC 2026 Alogithmic Market Making Case - practice server,,107,2026-02-01 06:39:02.857216,SMMR,26.42,26.26,26.42,2196300.0,2500.0,,2133600.0,,2500.0,0,0
,,,,,,107,2026-02-01 06:39:02.857216,ATMN,26.06,25.86,26.06,1618000.0,7500.0,2500.0,2076000.0,,,0,0
,,,,,,107,2026-02-01 06:39:02.857216,WNTR,24.95,24.95,25.21,2178000.0,,,2059100.0,2500.0,2500.0,0,0
2.0,1.0,1.0,,Aggregate Position Limit,Your CRO has set the aggregate position limit to 13000 shares for this week.,108,2026-02-01 06:39:03.905344,SPNG,26.46,25.96,26.17,1801700.0,5000.0,2500.0,2500.0,1866400.0,2500.0,0,0
1.0,1.0,1.0,,Welcome to the RITC 2026 Alogithmic Market Making Case - practice server,,108,2026-02-01 06:39:03.905344,SMMR,26.42,26.31,26.33,1983500.0,5000.0,2500.0,5000.0,1878800.0,2500.0,0,0
,,,,,,108,2026-02-01 06:39:03.905344,ATMN,26.06,25.88,26.06,1824800.0,2500.0,2500.0,2500.0,1887500.0,2500.0,0,0
,,,,,,108,2026-02-01 06:39:03.905344,WNTR,24.95,24.95,25.08,2072300.0,,2500.0,2500.0,2160400.0,,0,0
2.0,1.0,1.0,,Aggregate Position Limit,Your CRO has set the aggregate position limit to 13000 shares for this week.,109,2026-02-01 06:39:04.935262,SPNG,26.18,26.19,26.34,7500.0,1699900.0,2500.0,2001300.0,2500.0,,0,0
1.0,1.0,1.0,,Welcome to the RITC 2026 Alogithmic Market Making Case - practice server,,109,2026-02-01 06:39:04.935262,SMMR,26.31,26.27,26.31,5000.0,1975100.0,2500.0,1891700.0,5000.0,2500.0,0,0
,,,,,,109,2026-02-01 06:39:04.935262,ATMN,26.08,25.74,26.08,2500.0,1824800.0,2500.0,2068900.0,,,0,0
,,,,,,109,2026-02-01 06:39:04.935262,WNTR,24.92,24.92,24.94,,2077000.0,2500.0,2062300.0,5000.0,,0,0
2.0,1.0,1.0,,Aggregate Position Limit,Your CRO has set the aggregate position limit to 13000 shares for this week.,110,2026-02-01 06:39:06.009246,SPNG,26.14,25.99,26.14,2017900.0,2500.0,1729900.0,5000.0,2500.0,,0,0
1.0,1.0,1.0,,Welcome to the RITC 2026 Alogithmic Market Making Case - practice server,,110,2026-02-01 06:39:06.009246,SMMR,26.43,26.29,26.43,1941400.0,5000.0,2238300.0,,,2500.0,0,0
,,,,,,110,2026-02-01 06:39:06.009246,ATMN,26.02,26.02,26.07,1947100.0,,1975300.0,2500.0,,2500.0,0,0
,,,,,,110,2026-02-01 06:39:06.009246,WNTR,24.94,24.95,25.07,2192000.0,,1921200.0,5000.0,2500.0,,0,0
2.0,1.0,1.0,,Aggregate Position Limit,Your CRO has set the aggregate position limit to 13000 shares for this week.,111,2026-02-01 06:39:07.050987,SPNG,25.96,25.96,26.33,2019800.0,2500.0,5000.0,2500.0,1759400.0,,0,0
1.0,1.0,1.0,,Welcome to the RITC 2026 Alogithmic Market Making Case - practice server,,111,2026-02-01 06:39:07.050987,SMMR,26.29,26.29,26.34,1941400.0,5000.0,,,2217100.0,2500.0,0,0
,,,,,,111,2026-02-01 06:39:07.050987,ATMN,26.02,26.02,26.06,1829700.0,2500.0,5000.0,,1885700.0,2500.0,0,0
,,,,,,111,2026-02-01 06:39:07.050987,WNTR,24.94,24.96,25.03,2076700.0,2500.0,7500.0,,1933100.0,,0,0
2.0,1.0,1.0,,Aggregate Position Limit,Your CRO has set the aggregate position limit to 13000 shares for this week.,112,2026-02-01 06:39:08.094811,SPNG,25.92,25.92,26.32,2124800.0,7500.0,2500.0,1610600.0,,,0,0
1.0,1.0,1.0,,Welcome to the RITC 2026 Alogithmic Market Making Case - practice server,,112,2026-02-01 06:39:08.094811,SMMR,26.39,26.25,26.39,2217100.0,,,2215200.0,2500.0,,0,0
,,,,,,112,2026-02-01 06:39:08.094811,ATMN,26.02,26.02,26.06,1829700.0,5000.0,,1898300.0,2500.0,2500.0,0,0
,,,,,,112,2026-02-01 06:39:08.094811,WNTR,24.91,24.91,24.95,2233300.0,7500.0,2500.0,1837800.0,,,0,0
2.0,1.0,1.0,,Aggregate Position Limit,Your CRO has set the aggregate position limit to 13000 shares for this week.,113,2026-02-01 06:39:09.157915,SPNG,26.15,26.15,26.3,1915800.0,2500.0,2500.0,5000.0,2500.0,1723100.0,0,0
1.0,1.0,1.0,,Welcome to the RITC 2026 Alogithmic Market Making Case - practice server,,113,2026-02-01 06:39:09.157915,SMMR,26.23,26.24,26.25,2205600.0,2500.0,,2500.0,2500.0,2008400.0,0,0
,,,,,,113,2026-02-01 06:39:09.157915,ATMN,26.02,26.02,26.06,1829700.0,2500.0,2500.0,5000.0,,1879700.0,0,0
,,,,,,113,2026-02-01 06:39:09.157915,WNTR,24.91,24.91,24.95,2233300.0,,,7500.0,2500.0,1821200.0,0,0
2.0,1.0,1.0,,Aggregate Position Limit,Your CRO has set the aggregate position limit to 13000 shares for this week.,114,2026-02-01 06:39:10.202020,SPNG,26.34,26.37,26.42,2116100.0,2020400.0,,,,,0,0
1.0,1.0,1.0,,Welcome to the RITC 2026 Alogithmic Market Making Case - practice server,,114,2026-02-01 06:39:10.202020,SMMR,26.37,26.37,26.44,2173400.0,2215000.0,2500.0,,,,0,0
,,,,,,114,2026-02-01 06:39:10.202020,ATMN,26.02,25.7,25.73,1829300.0,1915100.0,2500.0,2500.0,5000.0,,0,0
,,,,,,114,2026-02-01 06:39:10.202020,WNTR,24.88,24.88,24.95,2336600.0,1951500.0,,,5000.0,2500.0,0,0
2.0,1.0,1.0,,Aggregate Position Limit,Your CRO has set the aggregate position limit to 13000 shares for this week.,115,2026-02-01 06:39:11.229187,SPNG,26.22,25.94,26.22,2500.0,2500.0,1928700.0,1945300.0,2500.0,,0,0
1.0,1.0,1.0,,Welcome to the RITC 2026 Alogithmic Market Making Case - practice server,,115,2026-02-01 06:39:11.229187,SMMR,26.2,26.37,26.44,,2500.0,2200400.0,2110500.0,2500.0,,0,0
,,,,,,115,2026-02-01 06:39:11.229187,ATMN,25.59,25.59,25.73,,2500.0,1943300.0,1915100.0,,5000.0,0,0
,,,,,,115,2026-02-01 06:39:11.229187,WNTR,24.84,24.84,24.94,,,2360700.0,1923200.0,2500.0,5000.0,0,0
2.0,1.0,1.0,,Aggregate Position Limit,Your CRO has set the aggregate position limit to 13000 shares for this week.,117,2026-02-01 06:39:12.271662,SPNG,26.31,26.31,26.42,2028600.0,2500.0,2020400.0,,,,0,0
1.0,1.0,1.0,,Welcome to the RITC 2026 Alogithmic Market Making Case - practice server,,117,2026-02-01 06:39:12.271662,SMMR,26.44,26.37,26.44,2200400.0,,2145600.0,2500.0,2500.0,,0,0
,,,,,,117,2026-02-01 06:39:12.271662,ATMN,25.99,25.82,25.99,1963600.0,,1991300.0,2500.0,,2500.0,0,0
,,,,,,117,2026-02-01 06:39:12.271662,WNTR,24.81,24.81,24.85,2382200.0,,1861200.0,,2500.0,7500.0,0,0
2.0,1.0,1.0,,Aggregate Position Limit,Your CRO has set the aggregate position limit to 13000 shares for this week.,118,2026-02-01 06:39:13.331953,SPNG,26.31,26.31,26.42,2028600.0,2500.0,2022800.0,,0,0,0,0
1.0,1.0,1.0,,Welcome to the RITC 2026 Alogithmic Market Making Case - practice server,,118,2026-02-01 06:39:13.331953,SMMR,26.2,26.2,26.21,2307000.0,,2090000.0,2500.0,0,0,0,0
,,,,,,118,2026-02-01 06:39:13.331953,ATMN,25.94,25.82,25.94,1963600.0,2500.0,1981200.0,2500.0,0,0,0,0
,,,,,,118,2026-02-01 06:39:13.331953,WNTR,24.77,24.77,24.78,2465100.0,,2188100.0,2500.0,0,0,0,0
2.0,1.0,1.0,,Aggregate Position Limit,Your CRO has set the aggregate position limit to 13000 shares for this week.,119,2026-02-01 06:39:14.371783,SPNG,26.31,26.36,26.42,2035400.0,2500.0,1943400.0,2500.0,0,0,0,0
1.0,1.0,1.0,,Welcome to the RITC 2026 Alogithmic Market Making Case - practice server,,119,2026-02-01 06:39:14.371783,SMMR,26.21,26.2,26.21,2327000.0,,2090000.0,2500.0,0,0,0,0
,,,,,,119,2026-02-01 06:39:14.371783,ATMN,25.67,25.67,25.94,2026500.0,,1981200.0,2500.0,0,0,0,0
,,,,,,119,2026-02-01 06:39:14.371783,WNTR,24.75,24.75,24.78,2502300.0,,2178500.0,2500.0,0,0,0,0
2.0,1.0,1.0,,Aggregate Position Limit,Your CRO has set the aggregate position limit to 13000 shares for this week.,120,2026-02-01 06:39:15.391860,SPNG,26.36,26.36,26.46,2500.0,200000.0,2500.0,0,0,0,0,0
1.0,1.0,1.0,,Welcome to the RITC 2026 Alogithmic Market Making Case - practice server,,120,2026-02-01 06:39:15.391860,SMMR,26.32,26.11,26.44,,200000.0,2500.0,0,0,0,0,0
,,,,,,120,2026-02-01 06:39:15.391860,ATMN,25.67,27.07,0.0,,200000.0,,0,0,0,0,0
,,,,,,120,2026-02-01 06:39:15.391860,WNTR,24.95,25.93,0.0,,200000.0,,0,0,0,0,0
2.0,1.0,1.0,,Aggregate Position Limit,Your CRO has set the aggregate position limit to 13000 shares for this week.,121,2026-02-01 06:39:16.408967,SPNG,25.95,26.36,26.45,2500.0,869800.0,2500.0,2500.0,829500.0,,0,0
1.0,1.0,1.0,,Welcome to the RITC 2026 Alogithmic Market Making Case - practice server,,121,2026-02-01 06:39:16.408967,SMMR,26.32,26.12,26.26,2500.0,892800.0,2500.0,,1065000.0,2500.0,0,0
,,,,,,121,2026-02-01 06:39:16.408967,ATMN,27.07,25.85,25.94,2500.0,1124300.0,,2500.0,775600.0,2500.0,0,0
,,,,,,121,2026-02-01 06:39:16.408967,WNTR,26.25,26.25,26.45,,933000.0,,,838900.0,,0,0
2.0,1.0,1.0,,Aggregate Position Limit,Your CRO has set the aggregate position limit to 13000 shares for this week.,122,2026-02-01 06:39:17.432038,SPNG,25.83,25.6,25.83,880800.0,1232200.0,2500.0,2500.0,,,0,0
1.0,1.0,1.0,,Welcome to the RITC 2026 Alogithmic Market Making Case - practice server,,122,2026-02-01 06:39:17.432038,SMMR,26.11,26.11,26.15,1121100.0,1177400.0,2500.0,2500.0,2500.0,,0,0
,,,,,,122,2026-02-01 06:39:17.432038,ATMN,25.94,26.01,26.24,1419600.0,775600.0,,,2500.0,2500.0,0,0
,,,,,,122,2026-02-01 06:39:17.432038,WNTR,26.24,25.85,25.97,1086800.0,1166000.0,2500.0,2500.0,2500.0,,0,0
2.0,1.0,1.0,,Aggregate Position Limit,Your CRO has set the aggregate position limit to 13000 shares for this week.,123,2026-02-01 06:39:18.466869,SPNG,25.26,25.26,25.3,910400.0,1323400.0,5000.0,2500.0,,,0,0
1.0,1.0,1.0,,Welcome to the RITC 2026 Alogithmic Market Making Case - practice server,,123,2026-02-01 06:39:18.466869,SMMR,26.11,26.11,26.15,1212000.0,1388800.0,2500.0,2500.0,2500.0,,0,0
,,,,,,123,2026-02-01 06:39:18.466869,ATMN,26.59,26.59,26.72,1748500.0,766900.0,,,2500.0,5000.0,0,0
,,,,,,123,2026-02-01 06:39:18.466869,WNTR,26.13,26.13,26.24,1298600.0,1173800.0,2500.0,,,2500.0,0,0
2.0,1.0,1.0,,Aggregate Position Limit,Your CRO has set the aggregate position limit to 13000 shares for this week.,124,2026-02-01 06:39:19.491565,SPNG,25.06,25.06,25.17,942500.0,1508500.0,5000.0,2500.0,,,0,0
1.0,1.0,1.0,,Welcome to the RITC 2026 Alogithmic Market Making Case - practice server,,124,2026-02-01 06:39:19.491565,SMMR,26.15,26.09,26.15,1238800.0,1480500.0,2500.0,2500.0,,,0,0
,,,,,,124,2026-02-01 06:39:19.491565,ATMN,26.59,26.6,26.71,1661200.0,766900.0,2500.0,2500.0,7500.0,2500.0,0,0
,,,,,,124,2026-02-01 06:39:19.491565,WNTR,25.85,25.86,26.0,1086800.0,1394100.0,2500.0,,2500.0,2500.0,0,0
2.0,1.0,1.0,,Aggregate Position Limit,Your CRO has set the aggregate position limit to 13000 shares for this week.,125,2026-02-01 06:39:20.511645,SPNG,25.3,25.07,25.16,2500.0,1127300.0,2500.0,7500.0,2500.0,1409600.0,0,0
1.0,1.0,1.0,,Welcome to the RITC 2026 Alogithmic Market Making Case - practice server,,125,2026-02-01 06:39:20.511645,SMMR,26.15,26.1,26.15,2500.0,1347200.0,2500.0,2500.0,2500.0,1480500.0,0,0
,,,,,,125,2026-02-01 06:39:20.511645,ATMN,26.59,26.69,26.71,7500.0,1626600.0,2500.0,2500.0,2500.0,766900.0,0,0
,,,,,,125,2026-02-01 06:39:20.511645,WNTR,25.85,26.03,26.16,,1216700.0,2500.0,5000.0,2500.0,1267900.0,0,0
2.0,1.0,1.0,,Aggregate Position Limit,Your CRO has set the aggregate position limit to 13000 shares for this week.,126,2026-02-01 06:39:21.536629,SPNG,25.53,25.14,25.16,1226200.0,5000.0,2500.0,2500.0,1418600.0,5000.0,0,0
1.0,1.0,1.0,,Welcome to the RITC 2026 Alogithmic Market Making Case - practice server,,126,2026-02-01 06:39:21.536629,SMMR,26.09,26.09,26.13,1575600.0,,2500.0,2500.0,1480500.0,5000.0,0,0
,,,,,,126,2026-02-01 06:39:21.536629,ATMN,26.72,26.83,26.91,1736200.0,7500.0,,,1040200.0,,0,0
,,,,,,126,2026-02-01 06:39:21.536629,WNTR,25.85,26.04,26.1,1216700.0,2500.0,2500.0,2500.0,1689900.0,7500.0,0,0
2.0,1.0,1.0,,Aggregate Position Limit,Your CRO has set the aggregate position limit to 13000 shares for this week.,127,2026-02-01 06:39:22.558535,SPNG,25.14,25.14,25.15,1324700.0,5000.0,2500.0,5000.0,2500.0,1526600.0,0,0
1.0,1.0,1.0,,Welcome to the RITC 2026 Alogithmic Market Making Case - practice server,,127,2026-02-01 06:39:22.558535,SMMR,26.08,26.08,26.13,1599900.0,,,2500.0,2500.0,1609400.0,0,0
,,,,,,127,2026-02-01 06:39:22.558535,ATMN,26.69,26.69,27.51,1846500.0,5000.0,,,2500.0,1056300.0,0,0
,,,,,,127,2026-02-01 06:39:22.558535,WNTR,25.82,26.05,26.09,960100.0,2500.0,,10000.0,2500.0,1601900.0,0,0
2.0,1.0,1.0,,Aggregate Position Limit,Your CRO has set the aggregate position limit to 13000 shares for this week.,128,2026-02-01 06:39:23.585009,SPNG,25.14,25.08,25.12,5000.0,2500.0,1367100.0,1758200.0,2500.0,2500.0,0,0
1.0,1.0,1.0,,Welcome to the RITC 2026 Alogithmic Market Making Case - practice server,,128,2026-02-01 06:39:23.585009,SMMR,26.17,26.17,26.2,2500.0,2500.0,1891500.0,1610200.0,,,0,0
,,,,,,128,2026-02-01 06:39:23.585009,ATMN,27.1,27.06,27.1,5000.0,,1823700.0,1160500.0,2500.0,2500.0,0,0
,,,,,,128,2026-02-01 06:39:23.585009,WNTR,26.05,25.82,25.95,,,1192200.0,1610100.0,10000.0,2500.0,0,0
2.0,1.0,1.0,,Aggregate Position Limit,Your CRO has set the aggregate position limit to 13000 shares for this week.,129,2026-02-01 06:39:24.611794,SPNG,24.95,24.95,25.11,1167100.0,5000.0,1706700.0,2500.0,,,0,0
1.0,1.0,1.0,,Welcome to the RITC 2026 Alogithmic Market Making Case - practice server,,129,2026-02-01 06:39:24.611794,SMMR,26.17,26.09,26.15,2002400.0,,1829100.0,,2500.0,2500.0,0,0
,,,,,,129,2026-02-01 06:39:24.611794,ATMN,27.06,27.06,27.5,1926100.0,2500.0,1156000.0,2500.0,2500.0,,0,0
,,,,,,129,2026-02-01 06:39:24.611794,WNTR,26.05,25.83,25.87,1283900.0,10000.0,1589800.0,2500.0,2500.0,2500.0,0,0
2.0,1.0,1.0,,Aggregate Position Limit,Your CRO has set the aggregate position limit to 13000 shares for this week.,130,2026-02-01 06:39:25.663710,SPNG,24.95,24.95,25.11,1167100.0,5000.0,1787300.0,2500.0,,,0,0
1.0,1.0,1.0,,Welcome to the RITC 2026 Alogithmic Market Making Case - practice server,,130,2026-02-01 06:39:25.663710,SMMR,26.07,26.07,26.2,1889800.0,,1735600.0,,,,0,0
,,,,,,130,2026-02-01 06:39:25.663710,ATMN,27.06,27.06,27.09,1909300.0,2500.0,1327900.0,2500.0,2500.0,,0,0
,,,,,,130,2026-02-01 06:39:25.663710,WNTR,25.95,25.81,25.85,1386900.0,10000.0,1610100.0,2500.0,2500.0,2500.0,0,0
2.0,1.0,1.0,,Aggregate Position Limit,Your CRO has set the aggregate position limit to 13000 shares for this week.,131,2026-02-01 06:39:26.701923,SPNG,25.11,25.13,25.26,1192500.0,1982500.0,,,,,0,0
1.0,1.0,1.0,,Welcome to the RITC 2026 Alogithmic Market Making Case - practice server,,131,2026-02-01 06:39:26.701923,SMMR,26.08,26.07,26.08,2154500.0,1833900.0,2500.0,2500.0,2500.0,,0,0
,,,,,,131,2026-02-01 06:39:26.701923,ATMN,27.34,27.44,27.5,1915000.0,1156000.0,,2500.0,,2500.0,0,0
,,,,,,131,2026-02-01 06:39:26.701923,WNTR,25.95,25.81,25.95,1607600.0,1813200.0,2500.0,7500.0,,2500.0,0,0
2.0,1.0,1.0,,Aggregate Position Limit,Your CRO has set the aggregate position limit to 13000 shares for this week.,132,2026-02-01 06:39:27.730069,SPNG,24.1,23.52,24.1,1037000.0,1953700.0,2500.0,,,,0,0
1.0,1.0,1.0,,Welcome to the RITC 2026 Alogithmic Market Making Case - practice server,,132,2026-02-01 06:39:27.730069,SMMR,26.2,26.07,26.2,2096800.0,1735600.0,,2500.0,2500.0,,0,0
,,,,,,132,2026-02-01 06:39:27.730069,ATMN,27.44,26.78,26.85,1810900.0,1241500.0,5000.0,2500.0,2500.0,2500.0,0,0
,,,,,,132,2026-02-01 06:39:27.730069,WNTR,26.07,25.82,25.95,1965700.0,1906100.0,2500.0,2500.0,2500.0,5000.0,0,0
2.0,1.0,1.0,,Aggregate Position Limit,Your CRO has set the aggregate position limit to 13000 shares for this week.,133,2026-02-01 06:39:28.766071,SPNG,24.1,23.76,24.1,1377300.0,1867500.0,2500.0,2500.0,,,0,0
1.0,1.0,1.0,,Welcome to the RITC 2026 Alogithmic Market Making Case - practice server,,133,2026-02-01 06:39:28.766071,SMMR,26.05,26.05,26.19,2280000.0,1838000.0,2500.0,2500.0,,,0,0
,,,,,,133,2026-02-01 06:39:28.766071,ATMN,26.85,26.79,26.84,1705900.0,1241500.0,7500.0,,5000.0,2500.0,0,0
,,,,,,133,2026-02-01 06:39:28.766071,WNTR,25.75,25.76,25.95,1736100.0,2006800.0,2500.0,,2500.0,,0,0
2.0,1.0,1.0,,Aggregate Position Limit,Your CRO has set the aggregate position limit to 13000 shares for this week.,134,2026-02-01 06:39:29.802985,SPNG,24.1,23.77,24.09,2500.0,1822200.0,2500.0,5000.0,1763500.0,2500.0,0,0
1.0,1.0,1.0,,Welcome to the RITC 2026 Alogithmic Market Making Case - practice server,,134,2026-02-01 06:39:29.802985,SMMR,26.26,26.2,26.26,2500.0,1973700.0,2500.0,,1716900.0,,0,0
,,,,,,134,2026-02-01 06:39:29.802985,ATMN,26.85,26.79,26.84,5000.0,1711900.0,2500.0,7500.0,1241500.0,2500.0,0,0
,,,,,,134,2026-02-01 06:39:29.802985,WNTR,25.96,25.96,25.98,2500.0,1860700.0,2500.0,,2105100.0,,0,0
2.0,1.0,1.0,,Aggregate Position Limit,Your CRO has set the aggregate position limit to 13000 shares for this week.,135,2026-02-01 06:39:30.843523,SPNG,25.32,24.94,25.26,2032400.0,5000.0,2500.0,2500.0,2500.0,1831800.0,0,0
1.0,1.0,1.0,,Welcome to the RITC 2026 Alogithmic Market Making Case - practice server,,135,2026-02-01 06:39:30.843523,SMMR,26.26,26.22,26.25,1961700.0,2500.0,2500.0,2500.0,,1926100.0,0,0
,,,,,,135,2026-02-01 06:39:30.843523,ATMN,26.91,26.91,27.33,1628000.0,7500.0,2500.0,,2500.0,1337100.0,0,0
,,,,,,135,2026-02-01 06:39:30.843523,WNTR,25.96,25.96,25.98,1860700.0,2500.0,2500.0,,,2146500.0,0,0
2.0,1.0,1.0,,Aggregate Position Limit,Your CRO has set the aggregate position limit to 13000 shares for this week.,136,2026-02-01 06:39:31.885530,SPNG,24.94,24.96,25.31,7500.0,1970300.0,2500.0,1900800.0,,,0,0
1.0,1.0,1.0,,Welcome to the RITC 2026 Alogithmic Market Making Case - practice server,,136,2026-02-01 06:39:31.885530,SMMR,26.19,26.05,26.15,,2256600.0,,2023800.0,2500.0,,0,0
,,,,,,136,2026-02-01 06:39:31.885530,ATMN,26.77,27.08,27.33,2500.0,1795400.0,5000.0,1337100.0,2500.0,2500.0,0,0
,,,,,,136,2026-02-01 06:39:31.885530,WNTR,25.96,25.96,25.98,2500.0,1860700.0,,2159600.0,,2500.0,0,0
2.0,1.0,1.0,,Aggregate Position Limit,Your CRO has set the aggregate position limit to 13000 shares for this week.,137,2026-02-01 06:39:32.911892,SPNG,25.34,24.8,25.34,2068900.0,5000.0,1752900.0,,,,0,0
1.0,1.0,1.0,,Welcome to the RITC 2026 Alogithmic Market Making Case - practice server,,137,2026-02-01 06:39:32.911892,SMMR,26.11,26.06,26.11,1993500.0,2500.0,1957700.0,2500.0,2500.0,2500.0,0,0
,,,,,,137,2026-02-01 06:39:32.911892,ATMN,26.77,26.78,26.79,1794900.0,2500.0,1509900.0,2500.0,7500.0,2500.0,0,0
,,,,,,137,2026-02-01 06:39:32.911892,WNTR,25.98,25.83,25.98,1837300.0,2500.0,2159600.0,2500.0,,,0,0
2.0,1.0,1.0,,Aggregate Position Limit,Your CRO has set the aggregate position limit to 13000 shares for this week.,138,2026-02-01 06:39:33.934934,SPNG,24.83,24.8,24.83,2160600.0,5000.0,1858300.0,2500.0,,,0,0
1.0,1.0,1.0,,Welcome to the RITC 2026 Alogithmic Market Making Case - practice server,,138,2026-02-01 06:39:33.934934,SMMR,26.3,26.07,26.09,1993500.0,5000.0,2036600.0,,2500.0,,0,0
,,,,,,138,2026-02-01 06:39:33.934934,ATMN,27.25,26.78,27.04,1833200.0,2500.0,1534100.0,2500.0,5000.0,2500.0,0,0
,,,,,,138,2026-02-01 06:39:33.934934,WNTR,25.99,25.79,25.99,1736100.0,2500.0,2139800.0,,,,0,0
2.0,1.0,1.0,,Aggregate Position Limit,Your CRO has set the aggregate position limit to 13000 shares for this week.,139,2026-02-01 06:39:34.956813,SPNG,24.83,24.8,24.83,2039200.0,5000.0,1858300.0,2500.0,,,0,0
1.0,1.0,1.0,,Welcome to the RITC 2026 Alogithmic Market Making Case - practice server,,139,2026-02-01 06:39:34.956813,SMMR,26.3,26.07,26.09,1868100.0,5000.0,1955500.0,2500.0,2500.0,2500.0,0,0
,,,,,,139,2026-02-01 06:39:34.956813,ATMN,27.22,27.22,27.25,1726700.0,5000.0,1583300.0,,2500.0,5000.0,0,0
,,,,,,139,2026-02-01 06:39:34.956813,WNTR,25.87,25.8,25.86,1736100.0,5000.0,2035300.0,,2500.0,2500.0,0,0
2.0,1.0,1.0,,Aggregate Position Limit,Your CRO has set the aggregate position limit to 13000 shares for this week.,140,2026-02-01 06:39:35.980843,SPNG,24.83,25.16,25.34,2248300.0,1844400.0,2500.0,,,,0,0
1.0,1.0,1.0,,Welcome to the RITC 2026 Alogithmic Market Making Case - practice server,,140,2026-02-01 06:39:35.980843,SMMR,26.0,26.03,26.09,2006500.0,1955500.0,2500.0,2500.0,2500.0,2500.0,0,0
,,,,,,140,2026-02-01 06:39:35.980843,ATMN,26.77,26.77,27.25,2023000.0,1692700.0,,,,5000.0,0,0
,,,,,,140,2026-02-01 06:39:35.980843,WNTR,25.98,25.84,25.98,1866000.0,2163800.0,,2500.0,2500.0,,0,0
2.0,1.0,1.0,,Aggregate Position Limit,Your CRO has set the aggregate position limit to 13000 shares for this week.,141,2026-02-01 06:39:37.011536,SPNG,25.16,24.8,25.06,2267700.0,1968100.0,,,,,0,0
1.0,1.0,1.0,,Welcome to the RITC 2026 Alogithmic Market Making Case - practice server,,141,2026-02-01 06:39:37.011536,SMMR,26.08,26.08,26.09,2000800.0,1955500.0,2500.0,2500.0,2500.0,2500.0,0,0
,,,,,,141,2026-02-01 06:39:37.011536,ATMN,26.83,26.78,26.83,1817800.0,1604200.0,2500.0,2500.0,2500.0,5000.0,0,0
,,,,,,141,2026-02-01 06:39:37.011536,WNTR,25.84,25.84,25.88,2104100.0,1926800.0,2500.0,2500.0,2500.0,2500.0,0,0
2.0,1.0,1.0,,Aggregate Position Limit,Your CRO has set the aggregate position limit to 13000 shares for this week.,142,2026-02-01 06:39:38.037965,SPNG,25.11,24.81,25.07,2500.0,2108700.0,1948400.0,,,0,0,0
1.0,1.0,1.0,,Welcome to the RITC 2026 Alogithmic Market Making Case - practice server,,142,2026-02-01 06:39:38.037965,SMMR,26.12,26.08,26.12,2500.0,1993800.0,2057800.0,2500.0,2500.0,0,0,0
,,,,,,142,2026-02-01 06:39:38.037965,ATMN,26.94,26.95,27.23,5000.0,1715400.0,1573200.0,2500.0,7500.0,0,0,0
,,,,,,142,2026-02-01 06:39:38.037965,WNTR,25.89,25.97,25.98,2500.0,2089200.0,2149000.0,2500.0,,0,0,0
2.0,1.0,1.0,,Aggregate Position Limit,Your CRO has set the aggregate position limit to 13000 shares for this week.,143,2026-02-01 06:39:39.071864,SPNG,24.74,24.83,25.39,2206900.0,1736400.0,,,,,0,0
1.0,1.0,1.0,,Welcome to the RITC 2026 Alogithmic Market Making Case - practice server,,143,2026-02-01 06:39:39.071864,SMMR,26.0,26.01,26.03,2003400.0,1847900.0,2500.0,2500.0,5000.0,2500.0,0,0
,,,,,,143,2026-02-01 06:39:39.071864,ATMN,26.94,26.78,26.79,1837000.0,1575900.0,2500.0,2500.0,7500.0,,0,0
,,,,,,143,2026-02-01 06:39:39.071864,WNTR,26.0,25.97,26.0,2057100.0,2138800.0,2500.0,2500.0,,,0,0
2.0,1.0,1.0,,Aggregate Position Limit,Your CRO has set the aggregate position limit to 13000 shares for this week.,144,2026-02-01 06:39:40.085082,SPNG,25.32,24.75,25.14,2500.0,2072500.0,1851900.0,2500.0,,,0,0
1.0,1.0,1.0,,Welcome to the RITC 2026 Alogithmic Market Making Case - practice server,,144,2026-02-01 06:39:40.085082,SMMR,26.1,26.1,26.11,2500.0,1994200.0,1964800.0,2500.0,2500.0,2500.0,0,0
,,,,,,144,2026-02-01 06:39:40.085082,ATMN,26.94,26.78,26.79,2500.0,1837000.0,1672700.0,5000.0,2500.0,,0,0
,,,,,,144,2026-02-01 06:39:40.085082,WNTR,26.0,25.82,26.0,2500.0,2082600.0,2000800.0,,2500.0,2500.0,0,0
2.0,1.0,1.0,,Aggregate Position Limit,Your CRO has set the aggregate position limit to 13000 shares for this week.,145,2026-02-01 06:39:41.116811,SPNG,25.39,24.93,25.13,5000.0,1798200.0,2500.0,2500.0,1736400.0,,0,0
1.0,1.0,1.0,,Welcome to the RITC 2026 Alogithmic Market Making Case - practice server,,145,2026-02-01 06:39:41.116811,SMMR,26.25,26.1,26.25,2500.0,1994200.0,2500.0,,2162000.0,,0,0
,,,,,,145,2026-02-01 06:39:41.116811,ATMN,26.79,27.07,27.2,2500.0,1829600.0,2500.0,5000.0,1690800.0,,0,0
,,,,,,145,2026-02-01 06:39:41.116811,WNTR,26.01,25.91,26.0,5000.0,1944500.0,2500.0,,1993600.0,2500.0,0,0
2.0,1.0,1.0,,Aggregate Position Limit,Your CRO has set the aggregate position limit to 13000 shares for this week.,146,2026-02-01 06:39:42.146242,SPNG,25.39,24.93,25.13,5000.0,1739700.0,2500.0,2500.0,2500.0,1736400.0,0,0
1.0,1.0,1.0,,Welcome to the RITC 2026 Alogithmic Market Making Case - practice server,,146,2026-02-01 06:39:42.146242,SMMR,26.05,26.21,26.24,,2200100.0,,2500.0,2500.0,1965000.0,0,0
,,,,,,146,2026-02-01 06:39:42.146242,ATMN,26.79,27.08,27.19,2500.0,1829600.0,2500.0,5000.0,2500.0,1613800.0,0,0
,,,,,,146,2026-02-01 06:39:42.146242,WNTR,26.01,25.92,25.99,7500.0,1819900.0,2500.0,2500.0,,1993600.0,0,0
2.0,1.0,1.0,,Aggregate Position Limit,Your CRO has set the aggregate position limit to 13000 shares for this week.,147,2026-02-01 06:39:43.165959,SPNG,25.39,25.52,25.54,1657700.0,7500.0,2500.0,1630000.0,,,0,0
1.0,1.0,1.0,,Welcome to the RITC 2026 Alogithmic Market Making Case - practice server,,147,2026-02-01 06:39:43.165959,SMMR,26.21,26.05,26.07,1963700.0,2500.0,2500.0,1953800.0,5000.0,,0,0
,,,,,,147,2026-02-01 06:39:43.165959,ATMN,27.07,27.07,27.19,1928900.0,,2500.0,1631800.0,5000.0,2500.0,0,0
,,,,,,147,2026-02-01 06:39:43.165959,WNTR,26.01,25.98,25.99,1874500.0,5000.0,2500.0,1884800.0,2500.0,2500.0,0,0
2.0,1.0,1.0,,Aggregate Position Limit,Your CRO has set the aggregate position limit to 13000 shares for this week.,148,2026-02-01 06:39:44.193751,SPNG,25.39,25.52,25.54,1657700.0,7500.0,2500.0,1961500.0,,,0,0
1.0,1.0,1.0,,Welcome to the RITC 2026 Alogithmic Market Making Case - practice server,,148,2026-02-01 06:39:44.193751,SMMR,26.08,26.13,26.24,1881900.0,5000.0,2500.0,1967400.0,2500.0,2500.0,0,0
,,,,,,148,2026-02-01 06:39:44.193751,ATMN,26.69,26.69,27.07,2015900.0,,,1574100.0,7500.0,2500.0,0,0
,,,,,,148,2026-02-01 06:39:44.193751,WNTR,26.01,25.98,26.01,1905300.0,5000.0,2500.0,2136200.0,,,0,0
2.0,1.0,1.0,,Aggregate Position Limit,Your CRO has set the aggregate position limit to 13000 shares for this week.,149,2026-02-01 06:39:45.225840,SPNG,25.27,25.28,25.35,10000.0,1527200.0,2500.0,1900600.0,2500.0,,0,0
1.0,1.0,1.0,,Welcome to the RITC 2026 Alogithmic Market Making Case - practice server,,149,2026-02-01 06:39:45.225840,SMMR,26.05,26.05,26.2,2500.0,2064800.0,,1962900.0,,5000.0,0,0
,,,,,,149,2026-02-01 06:39:45.225840,ATMN,27.07,26.77,27.07,2500.0,1816000.0,2500.0,1660300.0,2500.0,5000.0,0,0
,,,,,,149,2026-02-01 06:39:45.225840,WNTR,26.08,26.03,26.08,5000.0,1896000.0,2500.0,2151800.0,,,0,0
2.0,1.0,1.0,,Aggregate Position Limit,Your CRO has set the aggregate position limit to 13000 shares for this week.,150,2026-02-01 06:39:46.251608,SPNG,24.92,24.92,25.31,2103600.0,1823100.0,2500.0,2500.0,,,0,0
1.0,1.0,1.0,,Welcome to the RITC 2026 Alogithmic Market Making Case - practice server,,150,2026-02-01 06:39:46.251608,SMMR,26.0,26.0,26.19,2134400.0,1763000.0,7500.0,2500.0,,,0,0
,,,,,,150,2026-02-01 06:39:46.251608,ATMN,27.07,26.77,26.85,1725100.0,1565900.0,7500.0,2500.0,2500.0,5000.0,0,0
,,,,,,150,2026-02-01 06:39:46.251608,WNTR,26.1,26.1,26.13,1850200.0,2170300.0,,,2500.0,5000.0,0,0
2.0,1.0,1.0,,Aggregate Position Limit,Your CRO has set the aggregate position limit to 13000 shares for this week.,151,2026-02-01 06:39:47.289751,SPNG,24.92,25.18,25.3,2500.0,1837300.0,2500.0,5000.0,1770400.0,2500.0,0,0
1.0,1.0,1.0,,Welcome to the RITC 2026 Alogithmic Market Making Case - practice server,,151,2026-02-01 06:39:47.289751,SMMR,26.2,26.2,26.23,,2137400.0,,5000.0,1967600.0,,0,0
,,,,,,151,2026-02-01 06:39:47.289751,ATMN,27.07,26.77,27.01,5000.0,1725100.0,2500.0,5000.0,1658800.0,2500.0,0,0
,,,,,,151,2026-02-01 06:39:47.289751,WNTR,25.98,25.98,26.13,2500.0,2123600.0,,,2174900.0,,0,0
2.0,1.0,1.0,,Aggregate Position Limit,Your CRO has set the aggregate position limit to 13000 shares for this week.,152,2026-02-01 06:39:48.313358,SPNG,25.03,25.29,25.3,2078100.0,5000.0,2500.0,1768100.0,,,0,0
1.0,1.0,1.0,,Welcome to the RITC 2026 Alogithmic Market Making Case - practice server,,152,2026-02-01 06:39:48.313358,SMMR,26.06,26.06,26.19,2124300.0,2500.0,,2092400.0,,,0,0
,,,,,,152,2026-02-01 06:39:48.313358,ATMN,26.66,26.66,26.84,2043300.0,5000.0,2500.0,1663200.0,,,0,0
,,,,,,152,2026-02-01 06:39:48.313358,WNTR,26.14,26.08,26.12,2013800.0,2500.0,2500.0,1953900.0,2500.0,2500.0,0,0
2.0,1.0,1.0,,Aggregate Position Limit,Your CRO has set the aggregate position limit to 13000 shares for this week.,153,2026-02-01 06:39:49.344912,SPNG,24.92,24.92,25.3,2089400.0,5000.0,2500.0,1752900.0,,,0,0
1.0,1.0,1.0,,Welcome to the RITC 2026 Alogithmic Market Making Case - practice server,,153,2026-02-01 06:39:49.344912,SMMR,26.27,26.14,26.27,1925700.0,,,2193300.0,2500.0,2500.0,0,0
,,,,,,153,2026-02-01 06:39:49.344912,ATMN,27.08,26.67,27.08,1826700.0,,,1925500.0,2500.0,2500.0,0,0
,,,,,,153,2026-02-01 06:39:49.344912,WNTR,26.14,26.13,26.14,2123000.0,,2500.0,2072900.0,2500.0,,0,0
2.0,1.0,1.0,,Aggregate Position Limit,Your CRO has set the aggregate position limit to 13000 shares for this week.,154,2026-02-01 06:39:50.372160,SPNG,24.84,24.92,25.29,2500.0,2500.0,1869400.0,5000.0,2500.0,1774000.0,0,0
1.0,1.0,1.0,,Welcome to the RITC 2026 Alogithmic Market Making Case - practice server,,154,2026-02-01 06:39:50.372160,SMMR,26.27,26.15,26.2,2500.0,5000.0,1816700.0,,2500.0,2069400.0,0,0
,,,,,,154,2026-02-01 06:39:50.372160,ATMN,26.65,26.65,27.08,,,2052200.0,,,1950700.0,0,0
,,,,,,154,2026-02-01 06:39:50.372160,WNTR,26.16,26.13,26.15,2500.0,2500.0,1995700.0,,,2155000.0,0,0
2.0,1.0,1.0,,Aggregate Position Limit,Your CRO has set the aggregate position limit to 13000 shares for this week.,155,2026-02-01 06:39:51.395134,SPNG,24.84,24.99,25.02,1878000.0,2500.0,2500.0,1790800.0,2500.0,5000.0,0,0
1.0,1.0,1.0,,Welcome to the RITC 2026 Alogithmic Market Making Case - practice server,,155,2026-02-01 06:39:51.395134,SMMR,26.09,26.08,26.09,2019100.0,,2500.0,2201200.0,,,0,0
,,,,,,155,2026-02-01 06:39:51.395134,ATMN,26.87,26.66,26.86,1843900.0,2500.0,2500.0,1769400.0,2500.0,2500.0,0,0
,,,,,,155,2026-02-01 06:39:51.395134,WNTR,25.98,26.05,26.14,1979500.0,2500.0,2500.0,2047900.0,,2500.0,0,0
2.0,1.0,1.0,,Aggregate Position Limit,Your CRO has set the aggregate position limit to 13000 shares for this week.,156,2026-02-01 06:39:52.424527,SPNG,24.99,24.99,25.02,1860100.0,2500.0,2500.0,1790800.0,2500.0,5000.0,0,0
1.0,1.0,1.0,,Welcome to the RITC 2026 Alogithmic Market Making Case - practice server,,156,2026-02-01 06:39:52.424527,SMMR,25.99,25.99,26.0,2127600.0,,,2106900.0,2500.0,,0,0
,,,,,,156,2026-02-01 06:39:52.424527,ATMN,26.6,26.66,26.86,1831500.0,2500.0,2500.0,1771700.0,2500.0,2500.0,0,0
,,,,,,156,2026-02-01 06:39:52.424527,WNTR,26.18,26.04,26.18,1896500.0,2500.0,5000.0,2156200.0,,,0,0
2.0,1.0,1.0,,Aggregate Position Limit,Your CRO has set the aggregate position limit to 13000 shares for this week.,157,2026-02-01 06:39:53.451946,SPNG,24.82,24.82,25.31,2123100.0,2094900.0,,,,,0,0
1.0,1.0,1.0,,Welcome to the RITC 2026 Alogithmic Market Making Case - practice server,,157,2026-02-01 06:39:53.451946,SMMR,26.09,26.08,26.09,2124300.0,2097400.0,2500.0,,,,0,0
,,,,,,157,2026-02-01 06:39:53.451946,ATMN,26.99,26.66,26.84,1741800.0,1699900.0,2500.0,2500.0,5000.0,5000.0,0,0
,,,,,,157,2026-02-01 06:39:53.451946,WNTR,26.19,26.19,26.2,1868200.0,2152800.0,,2500.0,5000.0,,0,0
2.0,1.0,1.0,,Aggregate Position Limit,Your CRO has set the aggregate position limit to 13000 shares for this week.,158,2026-02-01 06:39:54.461854,SPNG,24.74,24.74,25.25,2111100.0,2500.0,1885900.0,2500.0,,,0,0
1.0,1.0,1.0,,Welcome to the RITC 2026 Alogithmic Market Making Case - practice server,,158,2026-02-01 06:39:54.461854,SMMR,26.27,26.23,26.26,2046300.0,2500.0,1971600.0,2500.0,2500.0,,0,0
,,,,,,158,2026-02-01 06:39:54.461854,ATMN,26.62,26.62,26.84,2041700.0,5000.0,1699900.0,2500.0,,,0,0
,,,,,,158,2026-02-01 06:39:54.461854,WNTR,26.2,26.04,26.18,1896500.0,,2181200.0,,5000.0,2500.0,0,0
2.0,1.0,1.0,,Aggregate Position Limit,Your CRO has set the aggregate position limit to 13000 shares for this week.,159,2026-02-01 06:39:55.496466,SPNG,25.31,24.75,25.24,2500.0,2009800.0,2500.0,1991100.0,,,0,0
1.0,1.0,1.0,,Welcome to the RITC 2026 Alogithmic Market Making Case - practice server,,159,2026-02-01 06:39:55.496466,SMMR,26.23,26.23,26.26,2500.0,2046300.0,2500.0,1980500.0,2500.0,,0,0
,,,,,,159,2026-02-01 06:39:55.496466,ATMN,26.62,26.62,26.73,2500.0,1832000.0,7500.0,1563300.0,2500.0,2500.0,0,0
,,,,,,159,2026-02-01 06:39:55.496466,WNTR,26.2,26.1,26.13,5000.0,1887100.0,,2050400.0,2500.0,2500.0,0,0
2.0,1.0,1.0,,Aggregate Position Limit,Your CRO has set the aggregate position limit to 13000 shares for this week.,161,2026-02-01 06:39:56.521575,SPNG,25.31,25.32,25.35,5000.0,1806300.0,2500.0,2089300.0,,,0,0
1.0,1.0,1.0,,Welcome to the RITC 2026 Alogithmic Market Making Case - practice server,,161,2026-02-01 06:39:56.521575,SMMR,26.23,26.09,26.19,2500.0,2030100.0,,1997800.0,2500.0,2500.0,0,0
,,,,,,161,2026-02-01 06:39:56.521575,ATMN,26.59,26.62,26.63,2500.0,1834000.0,2500.0,1489500.0,10000.0,2500.0,0,0
,,,,,,161,2026-02-01 06:39:56.521575,WNTR,26.1,26.04,26.08,5000.0,1896500.0,2500.0,2048100.0,,2500.0,0,0
2.0,1.0,1.0,,Aggregate Position Limit,Your CRO has set the aggregate position limit to 13000 shares for this week.,162,2026-02-01 06:39:57.556627,SPNG,25.45,25.1,25.45,1982100.0,2500.0,2092600.0,,,,0,0
1.0,1.0,1.0,,Welcome to the RITC 2026 Alogithmic Market Making Case - practice server,,162,2026-02-01 06:39:57.556627,SMMR,26.27,26.1,26.19,1828300.0,5000.0,2085100.0,2500.0,2500.0,,0,0
,,,,,,162,2026-02-01 06:39:57.556627,ATMN,26.62,26.61,26.63,1942500.0,2500.0,1488100.0,,2500.0,10000.0,0,0
,,,,,,162,2026-02-01 06:39:57.556627,WNTR,26.0,25.98,26.06,2215000.0,,2081600.0,,2500.0,,0,0
2.0,1.0,1.0,,Aggregate Position Limit,Your CRO has set the aggregate position limit to 13000 shares for this week.,163,2026-02-01 06:39:58.581508,SPNG,25.47,25.11,25.47,5000.0,1776700.0,2500.0,2111400.0,,,0,0
1.0,1.0,1.0,,Welcome to the RITC 2026 Alogithmic Market Making Case - practice server,,163,2026-02-01 06:39:58.581508,SMMR,26.26,26.11,26.18,7500.0,1719300.0,2500.0,1984000.0,2500.0,2500.0,0,0
,,,,,,163,2026-02-01 06:39:58.581508,ATMN,26.59,26.59,26.62,,2052600.0,,1477700.0,10000.0,2500.0,0,0
,,,,,,163,2026-02-01 06:39:58.581508,WNTR,25.96,25.96,26.02,,2232600.0,,2206200.0,,,0,0
2.0,1.0,1.0,,Aggregate Position Limit,Your CRO has set the aggregate position limit to 13000 shares for this week.,164,2026-02-01 06:39:59.614665,SPNG,25.23,25.23,25.47,1689600.0,7500.0,2500.0,2006600.0,2500.0,,0,0
1.0,1.0,1.0,,Welcome to the RITC 2026 Alogithmic Market Making Case - practice server,,164,2026-02-01 06:39:59.614665,SMMR,26.28,26.11,26.2,1719300.0,7500.0,2500.0,2159700.0,,,0,0
,,,,,,164,2026-02-01 06:39:59.614665,ATMN,26.62,26.55,26.62,2058200.0,,,1685900.0,2500.0,5000.0,0,0
,,,,,,164,2026-02-01 06:39:59.614665,WNTR,25.95,25.95,25.99,2249800.0,,,1953600.0,2500.0,2500.0,0,0
2.0,1.0,1.0,,Aggregate Position Limit,Your CRO has set the aggregate position limit to 13000 shares for this week.,165,2026-02-01 06:40:00.640023,SPNG,25.06,25.01,25.06,2008300.0,2500.0,2026700.0,2500.0,,,0,0
1.0,1.0,1.0,,Welcome to the RITC 2026 Alogithmic Market Making Case - practice server,,165,2026-02-01 06:40:00.640023,SMMR,26.09,26.12,26.15,2135900.0,,1969900.0,2500.0,2500.0,,0,0
,,,,,,165,2026-02-01 06:40:00.640023,ATMN,26.63,26.57,26.6,1874800.0,2500.0,1681300.0,,7500.0,2500.0,0,0
,,,,,,165,2026-02-01 06:40:00.640023,WNTR,26.18,25.95,26.18,2207400.0,,2160000.0,,,,0,0
2.0,1.0,1.0,,Aggregate Position Limit,Your CRO has set the aggregate position limit to 13000 shares for this week.,166,2026-02-01 06:40:01.693485,SPNG,25.06,25.02,25.05,2500.0,1918100.0,2500.0,2500.0,1938900.0,2500.0,0,0
1.0,1.0,1.0,,Welcome to the RITC 2026 Alogithmic Market Making Case - practice server,,166,2026-02-01 06:40:01.693485,SMMR,26.15,26.12,26.15,,2118300.0,,2500.0,2001400.0,2500.0,0,0
,,,,,,166,2026-02-01 06:40:01.693485,ATMN,26.73,26.79,26.82,5000.0,1836600.0,,2500.0,1883200.0,,0,0
,,,,,,166,2026-02-01 06:40:01.693485,WNTR,25.98,25.98,26.06,,2121600.0,2500.0,,2086400.0,2500.0,0,0
2.0,1.0,1.0,,Aggregate Position Limit,Your CRO has set the aggregate position limit to 13000 shares for this week.,167,2026-02-01 06:40:02.735819,SPNG,25.3,25.02,25.3,2500.0,1887700.0,2500.0,2128100.0,,,0,0
1.0,1.0,1.0,,Welcome to the RITC 2026 Alogithmic Market Making Case - practice server,,167,2026-02-01 06:40:02.735819,SMMR,26.2,26.12,26.2,,2146800.0,,2109000.0,2500.0,,0,0
,,,,,,167,2026-02-01 06:40:02.735819,ATMN,26.94,26.79,26.94,7500.0,1653100.0,2500.0,1982000.0,,,0,0
,,,,,,167,2026-02-01 06:40:02.735819,WNTR,25.95,25.95,26.05,,2239500.0,,1962200.0,2500.0,2500.0,0,0
2.0,1.0,1.0,,Aggregate Position Limit,Your CRO has set the aggregate position limit to 13000 shares for this week.,168,2026-02-01 06:40:03.761720,SPNG,24.99,25.02,25.3,2500.0,2018900.0,2037200.0,2500.0,,0,0,0
1.0,1.0,1.0,,Welcome to the RITC 2026 Alogithmic Market Making Case - practice server,,168,2026-02-01 06:40:03.761720,SMMR,26.28,26.12,26.28,,2146800.0,2227000.0,,,0,0,0
,,,,,,168,2026-02-01 06:40:03.761720,ATMN,26.94,26.66,26.94,7500.0,1744500.0,1982000.0,,,0,0,0
,,,,,,168,2026-02-01 06:40:03.761720,WNTR,26.05,25.96,26.05,2500.0,2019000.0,2092500.0,2500.0,2500.0,0,0,0
2.0,1.0,1.0,,Aggregate Position Limit,Your CRO has set the aggregate position limit to 13000 shares for this week.,169,2026-02-01 06:40:04.781778,SPNG,24.99,24.99,25.11,2142000.0,2036800.0,2500.0,,,,0,0
1.0,1.0,1.0,,Welcome to the RITC 2026 Alogithmic Market Making Case - practice server,,169,2026-02-01 06:40:04.781778,SMMR,26.28,26.13,26.2,1933500.0,2004600.0,2500.0,2500.0,2500.0,2500.0,0,0
,,,,,,169,2026-02-01 06:40:04.781778,ATMN,26.63,26.63,26.93,1766400.0,1754200.0,2500.0,7500.0,,2500.0,0,0
,,,,,,169,2026-02-01 06:40:04.781778,WNTR,25.94,26.01,26.05,2240100.0,2095800.0,,,,2500.0,0,0
2.0,1.0,1.0,,Aggregate Position Limit,Your CRO has set the aggregate position limit to 13000 shares for this week.,170,2026-02-01 06:40:05.821664,SPNG,25.3,25.0,25.3,2500.0,1954700.0,2500.0,2142400.0,,0,0,0
1.0,1.0,1.0,,Welcome to the RITC 2026 Alogithmic Market Making Case - practice server,,170,2026-02-01 06:40:05.821664,SMMR,26.29,26.13,26.29,2500.0,1928700.0,2500.0,2228500.0,,0,0,0
,,,,,,170,2026-02-01 06:40:05.821664,ATMN,27.07,26.63,27.07,7500.0,1658300.0,2500.0,2009700.0,,0,0,0
,,,,,,170,2026-02-01 06:40:05.821664,WNTR,25.9,25.9,26.04,,2245200.0,,2087100.0,2500.0,0,0,0
2.0,1.0,1.0,,Aggregate Position Limit,Your CRO has set the aggregate position limit to 13000 shares for this week.,171,2026-02-01 06:40:06.861903,SPNG,24.85,25.0,25.3,2500.0,2032000.0,2058200.0,2500.0,,,0,0
1.0,1.0,1.0,,Welcome to the RITC 2026 Alogithmic Market Making Case - practice server,,171,2026-02-01 06:40:06.861903,SMMR,26.29,26.08,26.29,,2135600.0,2228500.0,,,,0,0
,,,,,,171,2026-02-01 06:40:06.861903,ATMN,27.12,26.64,26.67,2500.0,1658300.0,1995100.0,,7500.0,,0,0
,,,,,,171,2026-02-01 06:40:06.861903,WNTR,25.91,25.91,26.03,2500.0,2031200.0,1983100.0,2500.0,2500.0,2500.0,0,0
2.0,1.0,1.0,,Aggregate Position Limit,Your CRO has set the aggregate position limit to 13000 shares for this week.,172,2026-02-01 06:40:07.901739,SPNG,24.96,24.85,24.96,2125300.0,2107800.0,2500.0,,,,0,0
1.0,1.0,1.0,,Welcome to the RITC 2026 Alogithmic Market Making Case - practice server,,172,2026-02-01 06:40:07.901739,SMMR,26.28,26.28,26.29,1964400.0,2233900.0,,2500.0,2500.0,,0,0
,,,,,,172,2026-02-01 06:40:07.901739,ATMN,26.72,26.92,27.0,1746000.0,1986600.0,,5000.0,2500.0,,0,0
,,,,,,172,2026-02-01 06:40:07.901739,WNTR,25.89,25.89,26.03,2247400.0,2100000.0,,,,2500.0,0,0
