news_id,period,tick,ticker,headline,body,tick,timestamp,ticker,last_price,bid_price,ask_price,BUY_ANON,SELL_ANON,SELL_LUIS-1,BUY_LUIS-1,BUY_CHUL-1,SELL_CHUL-1,SELL_COLA-6,BUY_COLA-6
2.0,1.0,1.0,,Aggregate Position Limit,Your CRO has set the aggregate position limit to 13000 shares for this week.,2,2026-02-01 13:52:53.621744,SPNG,24.99,24.94,24.99,2452300.0,2367600.0,0,0,0,0,0,0
1.0,1.0,1.0,,Welcome to the RITC 2026 Alogithmic Market Making Case - practice server,,2,2026-02-01 13:52:53.621744,SMMR,24.87,24.87,25.0,2048000.0,1703400.0,0,0,0,0,0,0
,,,,,,2,2026-02-01 13:52:53.621744,ATMN,24.78,24.78,25.01,2294500.0,2219700.0,0,0,0,0,0,0
,,,,,,2,2026-02-01 13:52:53.621744,WNTR,24.96,24.96,25.02,1975100.0,1869100.0,0,0,0,0,0,0
2.0,1.0,1.0,,Aggregate Position Limit,Your CRO has set the aggregate position limit to 13000 shares for this week.,3,2026-02-01 13:52:54.646675,SPNG,24.83,24.83,25.21,2431200.0,2371400.0,0,0,0,0,0,0
1.0,1.0,1.0,,Welcome to the RITC 2026 Alogithmic Market Making Case - practice server,,3,2026-02-01 13:52:54.646675,SMMR,24.87,24.87,25.05,2045300.0,1609100.0,0,0,0,0,0,0
,,,,,,3,2026-02-01 13:52:54.646675,ATMN,25.01,24.78,25.01,2262500.0,2219700.0,0,0,0,0,0,0
,,,,,,3,2026-02-01 13:52:54.646675,WNTR,25.02,25.02,25.04,1997500.0,1856900.0,0,0,0,0,0,0
2.0,1.0,1.0,,Aggregate Position Limit,Your CRO has set the aggregate position limit to 13000 shares for this week.,4,2026-02-01 13:52:55.671439,SPNG,25.22,24.83,25.22,2440200.0,2354400.0,0,0,0,0,0,0
1.0,1.0,1.0,,Welcome to the RITC 2026 Alogithmic Market Making Case - practice server,,4,2026-02-01 13:52:55.671439,SMMR,25.16,24.87,25.16,2062000.0,1561000.0,0,0,0,0,0,0
,,,,,,4,2026-02-01 13:52:55.671439,ATMN,25.01,24.96,25.01,2254000.0,2213700.0,0,0,0,0,0,0
,,,,,,4,2026-02-01 13:52:55.671439,WNTR,25.04,24.96,25.04,1993900.0,1856900.0,0,0,0,0,0,0
2.0,1.0,1.0,,Aggregate Position Limit,Your CRO has set the aggregate position limit to 13000 shares for this week.,5,2026-02-01 13:52:56.714537,SPNG,25.5,24.83,24.97,2463100.0,2497300.0,0,0,0,0,0,0
1.0,1.0,1.0,,Welcome to the RITC 2026 Alogithmic Market Making Case - practice server,,5,2026-02-01 13:52:56.714537,SMMR,25.16,24.87,24.88,2055400.0,1885700.0,0,0,0,0,0,0
,,,,,,5,2026-02-01 13:52:56.714537,ATMN,24.76,24.76,25.01,2271700.0,2195800.0,0,0,0,0,0,0
,,,,,,5,2026-02-01 13:52:56.714537,WNTR,24.96,24.96,25.05,1993900.0,1853800.0,0,0,0,0,0,0
2.0,1.0,1.0,,Aggregate Position Limit,Your CRO has set the aggregate position limit to 13000 shares for this week.,6,2026-02-01 13:52:57.746284,SPNG,24.71,24.71,25.06,2461800.0,2367000.0,0,0,0,0,0,0
1.0,1.0,1.0,,Welcome to the RITC 2026 Alogithmic Market Making Case - practice server,,6,2026-02-01 13:52:57.746284,SMMR,24.86,24.86,24.88,2097900.0,1885700.0,0,0,0,0,0,0
,,,,,,6,2026-02-01 13:52:57.746284,ATMN,24.78,24.78,25.01,2251100.0,2203300.0,0,0,0,0,0,0
,,,,,,6,2026-02-01 13:52:57.746284,WNTR,25.1,24.96,25.1,1993900.0,1851600.0,0,0,0,0,0,0
2.0,1.0,1.0,,Aggregate Position Limit,Your CRO has set the aggregate position limit to 13000 shares for this week.,7,2026-02-01 13:52:58.781402,SPNG,24.71,24.71,25.5,2461800.0,2360400.0,0,0,0,0,0,0
1.0,1.0,1.0,,Welcome to the RITC 2026 Alogithmic Market Making Case - practice server,,7,2026-02-01 13:52:58.781402,SMMR,24.95,24.88,24.95,2113600.0,1787200.0,0,0,0,0,0,0
,,,,,,7,2026-02-01 13:52:58.781402,ATMN,24.76,24.87,25.01,2273000.0,2203300.0,0,0,0,0,0,0
,,,,,,7,2026-02-01 13:52:58.781402,WNTR,25.21,24.97,25.21,1984700.0,1766300.0,0,0,0,0,0,0
2.0,1.0,1.0,,Aggregate Position Limit,Your CRO has set the aggregate position limit to 13000 shares for this week.,8,2026-02-01 13:52:59.824606,SPNG,24.58,24.58,25.5,2442200.0,2447100.0,0,0,0,0,0,0
1.0,1.0,1.0,,Welcome to the RITC 2026 Alogithmic Market Making Case - practice server,,8,2026-02-01 13:52:59.824606,SMMR,24.95,25.03,25.16,2149100.0,1764800.0,0,0,0,0,0,0
,,,,,,8,2026-02-01 13:52:59.824606,ATMN,24.76,24.76,25.01,2275200.0,2211100.0,0,0,0,0,0,0
,,,,,,8,2026-02-01 13:52:59.824606,WNTR,24.97,24.97,25.21,1992400.0,1766300.0,0,0,0,0,0,0
2.0,1.0,1.0,,Aggregate Position Limit,Your CRO has set the aggregate position limit to 13000 shares for this week.,9,2026-02-01 13:53:00.841719,SPNG,24.7,24.58,24.7,2430000.0,2452100.0,0,0,0,0,0,0
1.0,1.0,1.0,,Welcome to the RITC 2026 Alogithmic Market Making Case - practice server,,9,2026-02-01 13:53:00.841719,SMMR,25.05,24.88,25.05,2113600.0,1883100.0,0,0,0,0,0,0
,,,,,,9,2026-02-01 13:53:00.841719,ATMN,25.03,24.76,25.03,2248400.0,2219100.0,0,0,0,0,0,0
,,,,,,9,2026-02-01 13:53:00.841719,WNTR,24.91,25.0,25.01,2008300.0,1852900.0,0,0,0,0,0,0
2.0,1.0,1.0,,Aggregate Position Limit,Your CRO has set the aggregate position limit to 13000 shares for this week.,10,2026-02-01 13:53:01.861206,SPNG,25.16,24.58,24.85,2433700.0,2460100.0,0,0,0,0,0,0
1.0,1.0,1.0,,Welcome to the RITC 2026 Alogithmic Market Making Case - practice server,,10,2026-02-01 13:53:01.861206,SMMR,24.86,24.87,25.05,2104400.0,1883100.0,0,0,0,0,0,0
,,,,,,10,2026-02-01 13:53:01.861206,ATMN,24.98,24.76,24.98,2247400.0,2250600.0,0,0,0,0,0,0
,,,,,,10,2026-02-01 13:53:01.861206,WNTR,24.98,24.98,25.01,2015200.0,1938500.0,0,0,0,0,0,0
2.0,1.0,1.0,,Aggregate Position Limit,Your CRO has set the aggregate position limit to 13000 shares for this week.,11,2026-02-01 13:53:02.881821,SPNG,25.16,24.58,24.85,2457700.0,2460100.0,0,0,0,0,0,0
1.0,1.0,1.0,,Welcome to the RITC 2026 Alogithmic Market Making Case - practice server,,11,2026-02-01 13:53:02.881821,SMMR,25.09,24.87,24.98,2104400.0,1991200.0,0,0,0,0,0,0
,,,,,,11,2026-02-01 13:53:02.881821,ATMN,24.75,24.93,24.98,2230400.0,2250600.0,0,0,0,0,0,0
,,,,,,11,2026-02-01 13:53:02.881821,WNTR,24.9,24.9,25.01,2018800.0,2055800.0,0,0,0,0,0,0
2.0,1.0,1.0,,Aggregate Position Limit,Your CRO has set the aggregate position limit to 13000 shares for this week.,12,2026-02-01 13:53:03.911355,SPNG,24.85,24.85,25.5,2479500.0,2447100.0,0,0,0,0,0,0
1.0,1.0,1.0,,Welcome to the RITC 2026 Alogithmic Market Making Case - practice server,,12,2026-02-01 13:53:03.911355,SMMR,24.98,25.06,25.08,2127800.0,2064700.0,0,0,0,0,0,0
,,,,,,12,2026-02-01 13:53:03.911355,ATMN,25.03,24.93,25.03,2230400.0,2225700.0,0,0,0,0,0,0
,,,,,,12,2026-02-01 13:53:03.911355,WNTR,25.02,24.9,25.02,2049400.0,1969200.0,0,0,0,0,0,0
2.0,1.0,1.0,,Aggregate Position Limit,Your CRO has set the aggregate position limit to 13000 shares for this week.,13,2026-02-01 13:53:04.936294,SPNG,24.81,24.81,25.34,2468500.0,2418400.0,0,0,0,0,0,0
1.0,1.0,1.0,,Welcome to the RITC 2026 Alogithmic Market Making Case - practice server,,13,2026-02-01 13:53:04.936294,SMMR,24.9,24.92,25.01,2127200.0,2112000.0,0,0,0,0,0,0
,,,,,,13,2026-02-01 13:53:04.936294,ATMN,24.68,24.68,25.03,2248600.0,2212100.0,0,0,0,0,0,0
,,,,,,13,2026-02-01 13:53:04.936294,WNTR,24.9,24.9,25.02,2049400.0,2067400.0,0,0,0,0,0,0
2.0,1.0,1.0,,Aggregate Position Limit,Your CRO has set the aggregate position limit to 13000 shares for this week.,14,2026-02-01 13:53:05.950613,SPNG,24.67,24.67,25.19,2447100.0,2375600.0,0,0,0,0,0,0
1.0,1.0,1.0,,Welcome to the RITC 2026 Alogithmic Market Making Case - practice server,,14,2026-02-01 13:53:05.950613,SMMR,25.11,24.92,25.11,2136100.0,2062400.0,0,0,0,0,0,0
,,,,,,14,2026-02-01 13:53:05.950613,ATMN,24.68,24.94,25.03,2253000.0,2201800.0,0,0,0,0,0,0
,,,,,,14,2026-02-01 13:53:05.950613,WNTR,24.99,24.88,24.99,2019100.0,2089200.0,0,0,0,0,0,0
2.0,1.0,1.0,,Aggregate Position Limit,Your CRO has set the aggregate position limit to 13000 shares for this week.,15,2026-02-01 13:53:06.971192,SPNG,24.67,24.67,25.19,2466300.0,2375600.0,0,0,0,0,0,0
1.0,1.0,1.0,,Welcome to the RITC 2026 Alogithmic Market Making Case - practice server,,15,2026-02-01 13:53:06.971192,SMMR,25.12,25.05,25.1,2116500.0,2094800.0,0,0,0,0,0,0
,,,,,,15,2026-02-01 13:53:06.971192,ATMN,24.94,24.94,25.03,2253000.0,2177500.0,0,0,0,0,0,0
,,,,,,15,2026-02-01 13:53:06.971192,WNTR,25.02,24.88,25.02,2019100.0,2067400.0,0,0,0,0,0,0
2.0,1.0,1.0,,Aggregate Position Limit,Your CRO has set the aggregate position limit to 13000 shares for this week.,16,2026-02-01 13:53:07.996393,SPNG,24.67,24.87,25.04,2551500.0,2374400.0,0,0,0,0,0,0
1.0,1.0,1.0,,Welcome to the RITC 2026 Alogithmic Market Making Case - practice server,,16,2026-02-01 13:53:07.996393,SMMR,25.1,25.05,25.1,2116500.0,2089400.0,0,0,0,0,0,0
,,,,,,16,2026-02-01 13:53:07.996393,ATMN,25.03,24.68,25.03,2242200.0,2171700.0,0,0,0,0,0,0
,,,,,,16,2026-02-01 13:53:07.996393,WNTR,24.87,24.87,25.02,2009400.0,2067400.0,0,0,0,0,0,0
2.0,1.0,1.0,,Aggregate Position Limit,Your CRO has set the aggregate position limit to 13000 shares for this week.,17,2026-02-01 13:53:09.021256,SPNG,25.19,24.87,25.19,2551500.0,2375600.0,0,0,0,0,0,0
1.0,1.0,1.0,,Welcome to the RITC 2026 Alogithmic Market Making Case - practice server,,17,2026-02-01 13:53:09.021256,SMMR,25.05,24.95,25.01,2123700.0,2104000.0,0,0,0,0,0,0
,,,,,,17,2026-02-01 13:53:09.021256,ATMN,24.66,24.66,24.69,2239000.0,2151900.0,0,0,0,0,0,0
,,,,,,17,2026-02-01 13:53:09.021256,WNTR,25.21,24.97,25.21,2062000.0,1851900.0,0,0,0,0,0,0
2.0,1.0,1.0,,Aggregate Position Limit,Your CRO has set the aggregate position limit to 13000 shares for this week.,18,2026-02-01 13:53:10.041220,SPNG,25.29,24.87,25.29,2551500.0,2429500.0,0,0,0,0,0,0
1.0,1.0,1.0,,Welcome to the RITC 2026 Alogithmic Market Making Case - practice server,,18,2026-02-01 13:53:10.041220,SMMR,25.04,24.98,25.04,2100700.0,2119200.0,0,0,0,0,0,0
,,,,,,18,2026-02-01 13:53:10.041220,ATMN,24.69,25.02,25.03,2242900.0,2187200.0,0,0,0,0,0,0
,,,,,,18,2026-02-01 13:53:10.041220,WNTR,25.21,24.97,25.21,2062000.0,1971900.0,0,0,0,0,0,0
2.0,1.0,1.0,,Aggregate Position Limit,Your CRO has set the aggregate position limit to 13000 shares for this week.,19,2026-02-01 13:53:11.081342,SPNG,24.87,24.87,25.29,2551500.0,2444400.0,0,0,0,0,0,0
1.0,1.0,1.0,,Welcome to the RITC 2026 Alogithmic Market Making Case - practice server,,19,2026-02-01 13:53:11.081342,SMMR,25.07,24.98,25.06,2100700.0,2116800.0,0,0,0,0,0,0
,,,,,,19,2026-02-01 13:53:11.081342,ATMN,24.98,24.98,25.03,2280500.0,2187200.0,0,0,0,0,0,0
,,,,,,19,2026-02-01 13:53:11.081342,WNTR,24.98,24.97,24.98,2054200.0,2071000.0,0,0,0,0,0,0
2.0,1.0,1.0,,Aggregate Position Limit,Your CRO has set the aggregate position limit to 13000 shares for this week.,20,2026-02-01 13:53:12.116179,SPNG,25.34,24.6,25.03,2516800.0,2462300.0,0,0,0,0,0,0
1.0,1.0,1.0,,Welcome to the RITC 2026 Alogithmic Market Making Case - practice server,,20,2026-02-01 13:53:12.116179,SMMR,24.95,24.95,25.06,2112800.0,2116800.0,0,0,0,0,0,0
,,,,,,20,2026-02-01 13:53:12.116179,ATMN,25.05,24.83,24.88,2276700.0,2191500.0,0,0,0,0,0,0
,,,,,,20,2026-02-01 13:53:12.116179,WNTR,25.21,24.98,25.21,2085100.0,1971900.0,0,0,0,0,0,0
2.0,1.0,1.0,,Aggregate Position Limit,Your CRO has set the aggregate position limit to 13000 shares for this week.,21,2026-02-01 13:53:13.138571,SPNG,25.03,24.6,25.03,2489200.0,2462300.0,0,0,0,0,0,0
1.0,1.0,1.0,,Welcome to the RITC 2026 Alogithmic Market Making Case - practice server,,21,2026-02-01 13:53:13.138571,SMMR,25.04,24.87,25.04,2117100.0,2120500.0,0,0,0,0,0,0
,,,,,,21,2026-02-01 13:53:13.138571,ATMN,24.89,24.83,24.89,2282900.0,2208000.0,0,0,0,0,0,0
,,,,,,21,2026-02-01 13:53:13.138571,WNTR,25.23,24.98,25.07,2085100.0,2050300.0,0,0,0,0,0,0
2.0,1.0,1.0,,Aggregate Position Limit,Your CRO has set the aggregate position limit to 13000 shares for this week.,22,2026-02-01 13:53:14.161221,SPNG,25.48,24.6,25.1,2489200.0,2451800.0,0,0,0,0,0,0
1.0,1.0,1.0,,Welcome to the RITC 2026 Alogithmic Market Making Case - practice server,,22,2026-02-01 13:53:14.161221,SMMR,25.09,25.05,25.09,2132700.0,2108500.0,0,0,0,0,0,0
,,,,,,22,2026-02-01 13:53:14.161221,ATMN,24.83,24.72,24.73,2266400.0,2190100.0,0,0,0,0,0,0
,,,,,,22,2026-02-01 13:53:14.161221,WNTR,25.07,25.17,25.23,2112700.0,1947100.0,0,0,0,0,0,0
2.0,1.0,1.0,,Aggregate Position Limit,Your CRO has set the aggregate position limit to 13000 shares for this week.,23,2026-02-01 13:53:15.203802,SPNG,24.96,24.58,24.78,2477300.0,2446400.0,0,0,0,0,0,0
1.0,1.0,1.0,,Welcome to the RITC 2026 Alogithmic Market Making Case - practice server,,23,2026-02-01 13:53:15.203802,SMMR,25.05,25.05,25.09,2132700.0,2099100.0,0,0,0,0,0,0
,,,,,,23,2026-02-01 13:53:15.203802,ATMN,24.73,24.96,25.1,2230400.0,2203100.0,0,0,0,0,0,0
,,,,,,23,2026-02-01 13:53:15.203802,WNTR,25.07,25.17,25.22,2112700.0,2057300.0,0,0,0,0,0,0
2.0,1.0,1.0,,Aggregate Position Limit,Your CRO has set the aggregate position limit to 13000 shares for this week.,24,2026-02-01 13:53:16.221249,SPNG,25.1,24.58,25.1,2477300.0,2439300.0,0,0,0,0,0,0
1.0,1.0,1.0,,Welcome to the RITC 2026 Alogithmic Market Making Case - practice server,,24,2026-02-01 13:53:16.221249,SMMR,24.86,24.86,25.12,2142400.0,2078000.0,0,0,0,0,0,0
,,,,,,24,2026-02-01 13:53:16.221249,ATMN,24.73,24.96,25.1,2230400.0,2175500.0,0,0,0,0,0,0
,,,,,,24,2026-02-01 13:53:16.221249,WNTR,25.1,25.14,25.21,2079400.0,2043100.0,0,0,0,0,0,0
2.0,1.0,1.0,,Aggregate Position Limit,Your CRO has set the aggregate position limit to 13000 shares for this week.,25,2026-02-01 13:53:17.240861,SPNG,25.1,24.92,25.1,2472900.0,2429500.0,0,0,0,0,0,0
1.0,1.0,1.0,,Welcome to the RITC 2026 Alogithmic Market Making Case - practice server,,25,2026-02-01 13:53:17.240861,SMMR,24.86,24.88,25.09,2161200.0,2072900.0,0,0,0,0,0,0
,,,,,,25,2026-02-01 13:53:17.240861,ATMN,24.96,24.96,25.1,2230400.0,2179700.0,0,0,0,0,0,0
,,,,,,25,2026-02-01 13:53:17.240861,WNTR,25.1,25.14,25.21,2079400.0,2052200.0,0,0,0,0,0,0
2.0,1.0,1.0,,Aggregate Position Limit,Your CRO has set the aggregate position limit to 13000 shares for this week.,26,2026-02-01 13:53:18.260870,SPNG,24.92,24.92,25.1,2472900.0,2460200.0,0,0,0,0,0,0
1.0,1.0,1.0,,Welcome to the RITC 2026 Alogithmic Market Making Case - practice server,,26,2026-02-01 13:53:18.260870,SMMR,24.94,24.88,24.94,2135000.0,2068000.0,0,0,0,0,0,0
,,,,,,26,2026-02-01 13:53:18.260870,ATMN,24.72,24.72,25.1,2226700.0,2189200.0,0,0,0,0,0,0
,,,,,,26,2026-02-01 13:53:18.260870,WNTR,25.1,25.14,25.2,2079400.0,2090300.0,0,0,0,0,0,0
2.0,1.0,1.0,,Aggregate Position Limit,Your CRO has set the aggregate position limit to 13000 shares for this week.,27,2026-02-01 13:53:19.281236,SPNG,24.58,24.58,25.1,2462900.0,2460200.0,0,0,0,0,0,0
1.0,1.0,1.0,,Welcome to the RITC 2026 Alogithmic Market Making Case - practice server,,27,2026-02-01 13:53:19.281236,SMMR,25.12,25.1,25.12,2135600.0,2064900.0,0,0,0,0,0,0
,,,,,,27,2026-02-01 13:53:19.281236,ATMN,24.76,24.82,25.1,2232600.0,2189200.0,0,0,0,0,0,0
,,,,,,27,2026-02-01 13:53:19.281236,WNTR,25.14,25.06,25.07,2107800.0,2089500.0,0,0,0,0,0,0
2.0,1.0,1.0,,Aggregate Position Limit,Your CRO has set the aggregate position limit to 13000 shares for this week.,28,2026-02-01 13:53:20.321095,SPNG,24.58,24.66,25.1,2469900.0,2460200.0,0,0,0,0,0,0
1.0,1.0,1.0,,Welcome to the RITC 2026 Alogithmic Market Making Case - practice server,,28,2026-02-01 13:53:20.321095,SMMR,25.14,25.01,25.14,2133500.0,2074300.0,0,0,0,0,0,0
,,,,,,28,2026-02-01 13:53:20.321095,ATMN,24.73,24.73,25.1,2239100.0,2164100.0,0,0,0,0,0,0
,,,,,,28,2026-02-01 13:53:20.321095,WNTR,24.99,24.99,25.07,2082400.0,2117300.0,0,0,0,0,0,0
2.0,1.0,1.0,,Aggregate Position Limit,Your CRO has set the aggregate position limit to 13000 shares for this week.,29,2026-02-01 13:53:21.351114,SPNG,24.66,24.66,25.1,2469900.0,2460200.0,0,0,0,0,0,0
1.0,1.0,1.0,,Welcome to the RITC 2026 Alogithmic Market Making Case - practice server,,29,2026-02-01 13:53:21.351114,SMMR,25.14,25.01,25.14,2139400.0,2065800.0,0,0,0,0,0,0
,,,,,,29,2026-02-01 13:53:21.351114,ATMN,25.12,24.73,25.12,2219900.0,2182000.0,0,0,0,0,0,0
,,,,,,29,2026-02-01 13:53:21.351114,WNTR,25.07,24.99,25.07,2082400.0,2089900.0,0,0,0,0,0,0
2.0,1.0,1.0,,Aggregate Position Limit,Your CRO has set the aggregate position limit to 13000 shares for this week.,30,2026-02-01 13:53:22.388237,SPNG,24.58,24.58,24.82,2489000.0,2458500.0,0,0,0,0,0,0
1.0,1.0,1.0,,Welcome to the RITC 2026 Alogithmic Market Making Case - practice server,,30,2026-02-01 13:53:22.388237,SMMR,24.97,24.97,25.14,2135000.0,2065800.0,0,0,0,0,0,0
,,,,,,30,2026-02-01 13:53:22.388237,ATMN,25.12,24.92,25.12,2256000.0,2182000.0,0,0,0,0,0,0
,,,,,,30,2026-02-01 13:53:22.388237,WNTR,24.97,24.87,24.95,2025300.0,2142500.0,0,0,0,0,0,0
2.0,1.0,1.0,,Aggregate Position Limit,Your CRO has set the aggregate position limit to 13000 shares for this week.,32,2026-02-01 13:53:23.414723,SPNG,25.15,24.59,25.15,2471300.0,2437000.0,0,0,0,0,0,0
1.0,1.0,1.0,,Welcome to the RITC 2026 Alogithmic Market Making Case - practice server,,32,2026-02-01 13:53:23.414723,SMMR,24.88,25.09,25.14,2125300.0,2065800.0,0,0,0,0,0,0
,,,,,,32,2026-02-01 13:53:23.414723,ATMN,25.13,25.01,25.13,2274300.0,2168800.0,0,0,0,0,0,0
,,,,,,32,2026-02-01 13:53:23.414723,WNTR,24.87,24.87,24.99,2031100.0,2129400.0,0,0,0,0,0,0
2.0,1.0,1.0,,Aggregate Position Limit,Your CRO has set the aggregate position limit to 13000 shares for this week.,33,2026-02-01 13:53:24.445065,SPNG,24.58,24.57,24.58,2489800.0,2434200.0,0,0,0,0,0,0
1.0,1.0,1.0,,Welcome to the RITC 2026 Alogithmic Market Making Case - practice server,,33,2026-02-01 13:53:24.445065,SMMR,25.06,25.06,25.14,2151900.0,2067700.0,0,0,0,0,0,0
,,,,,,33,2026-02-01 13:53:24.445065,ATMN,24.82,24.82,25.13,2233200.0,2154100.0,0,0,0,0,0,0
,,,,,,33,2026-02-01 13:53:24.445065,WNTR,24.99,24.87,24.99,2038100.0,2120900.0,0,0,0,0,0,0
2.0,1.0,1.0,,Aggregate Position Limit,Your CRO has set the aggregate position limit to 13000 shares for this week.,34,2026-02-01 13:53:25.470917,SPNG,24.58,24.62,25.15,2443100.0,2437000.0,0,0,0,0,0,0
1.0,1.0,1.0,,Welcome to the RITC 2026 Alogithmic Market Making Case - practice server,,34,2026-02-01 13:53:25.470917,SMMR,25.06,25.07,25.14,2149600.0,2046400.0,0,0,0,0,0,0
,,,,,,34,2026-02-01 13:53:25.470917,ATMN,24.66,24.66,25.13,2189300.0,2154100.0,0,0,0,0,0,0
,,,,,,34,2026-02-01 13:53:25.470917,WNTR,24.99,25.05,25.07,2072900.0,2100200.0,0,0,0,0,0,0
2.0,1.0,1.0,,Aggregate Position Limit,Your CRO has set the aggregate position limit to 13000 shares for this week.,35,2026-02-01 13:53:26.510919,SPNG,25.19,24.62,25.19,2443100.0,2442400.0,0,0,0,0,0,0
1.0,1.0,1.0,,Welcome to the RITC 2026 Alogithmic Market Making Case - practice server,,35,2026-02-01 13:53:26.510919,SMMR,25.07,25.07,25.08,2153200.0,2072000.0,0,0,0,0,0,0
,,,,,,35,2026-02-01 13:53:26.510919,ATMN,24.66,24.66,25.13,2169100.0,2151800.0,0,0,0,0,0,0
,,,,,,35,2026-02-01 13:53:26.510919,WNTR,25.06,24.87,25.06,2082100.0,2103800.0,0,0,0,0,0,0
2.0,1.0,1.0,,Aggregate Position Limit,Your CRO has set the aggregate position limit to 13000 shares for this week.,36,2026-02-01 13:53:27.535782,SPNG,25.19,24.98,25.0,2472000.0,2387800.0,0,0,0,0,0,0
1.0,1.0,1.0,,Welcome to the RITC 2026 Alogithmic Market Making Case - practice server,,36,2026-02-01 13:53:27.535782,SMMR,25.08,25.06,25.08,2153000.0,2068900.0,0,0,0,0,0,0
,,,,,,36,2026-02-01 13:53:27.535782,ATMN,24.66,24.72,25.13,2134300.0,2151800.0,0,0,0,0,0,0
,,,,,,36,2026-02-01 13:53:27.535782,WNTR,25.06,24.87,25.06,2082100.0,2128700.0,0,0,0,0,0,0
2.0,1.0,1.0,,Aggregate Position Limit,Your CRO has set the aggregate position limit to 13000 shares for this week.,37,2026-02-01 13:53:28.560947,SPNG,24.57,24.86,25.0,2458800.0,2387800.0,0,0,0,0,0,0
1.0,1.0,1.0,,Welcome to the RITC 2026 Alogithmic Market Making Case - practice server,,37,2026-02-01 13:53:28.560947,SMMR,25.03,25.04,25.08,2127400.0,2068900.0,0,0,0,0,0,0
,,,,,,37,2026-02-01 13:53:28.560947,ATMN,24.66,24.72,24.88,2134300.0,2183500.0,0,0,0,0,0,0
,,,,,,37,2026-02-01 13:53:28.560947,WNTR,25.08,25.01,25.08,2085500.0,2097600.0,0,0,0,0,0,0
2.0,1.0,1.0,,Aggregate Position Limit,Your CRO has set the aggregate position limit to 13000 shares for this week.,38,2026-02-01 13:53:29.580809,SPNG,24.57,24.57,25.0,2466800.0,2385200.0,0,0,0,0,0,0
1.0,1.0,1.0,,Welcome to the RITC 2026 Alogithmic Market Making Case - practice server,,38,2026-02-01 13:53:29.580809,SMMR,25.03,25.04,25.08,2118800.0,2036600.0,0,0,0,0,0,0
,,,,,,38,2026-02-01 13:53:29.580809,ATMN,24.97,24.78,24.97,2145600.0,2180900.0,0,0,0,0,0,0
,,,,,,38,2026-02-01 13:53:29.580809,WNTR,25.1,25.14,25.16,2098900.0,2118600.0,0,0,0,0,0,0
2.0,1.0,1.0,,Aggregate Position Limit,Your CRO has set the aggregate position limit to 13000 shares for this week.,39,2026-02-01 13:53:30.600820,SPNG,25.0,25.02,25.06,2489100.0,2378700.0,0,0,0,0,0,0
1.0,1.0,1.0,,Welcome to the RITC 2026 Alogithmic Market Making Case - practice server,,39,2026-02-01 13:53:30.600820,SMMR,25.14,25.14,25.15,2140400.0,2023000.0,0,0,0,0,0,0
,,,,,,39,2026-02-01 13:53:30.600820,ATMN,25.04,24.78,25.04,2145600.0,2153800.0,0,0,0,0,0,0
,,,,,,39,2026-02-01 13:53:30.600820,WNTR,25.12,25.01,25.12,2085500.0,2103600.0,0,0,0,0,0,0
2.0,1.0,1.0,,Aggregate Position Limit,Your CRO has set the aggregate position limit to 13000 shares for this week.,40,2026-02-01 13:53:31.631051,SPNG,25.02,24.66,24.72,2468500.0,2370800.0,0,0,0,0,0,0
1.0,1.0,1.0,,Welcome to the RITC 2026 Alogithmic Market Making Case - practice server,,40,2026-02-01 13:53:31.631051,SMMR,25.15,25.04,25.15,2129900.0,1994500.0,0,0,0,0,0,0
,,,,,,40,2026-02-01 13:53:31.631051,ATMN,25.13,24.78,25.06,2145600.0,2164400.0,0,0,0,0,0,0
,,,,,,40,2026-02-01 13:53:31.631051,WNTR,25.01,24.87,24.88,2077300.0,2132700.0,0,0,0,0,0,0
2.0,1.0,1.0,,Aggregate Position Limit,Your CRO has set the aggregate position limit to 13000 shares for this week.,41,2026-02-01 13:53:32.641052,SPNG,25.06,24.85,25.06,2484400.0,2383900.0,0,0,0,0,0,0
1.0,1.0,1.0,,Welcome to the RITC 2026 Alogithmic Market Making Case - practice server,,41,2026-02-01 13:53:32.641052,SMMR,25.0,25.0,25.11,2176000.0,1977800.0,0,0,0,0,0,0
,,,,,,41,2026-02-01 13:53:32.641052,ATMN,25.06,24.68,25.06,2157800.0,2164400.0,0,0,0,0,0,0
,,,,,,41,2026-02-01 13:53:32.641052,WNTR,24.88,25.04,25.12,2094500.0,2103600.0,0,0,0,0,0,0
2.0,1.0,1.0,,Aggregate Position Limit,Your CRO has set the aggregate position limit to 13000 shares for this week.,42,2026-02-01 13:53:33.670903,SPNG,24.68,24.68,24.89,2474900.0,2357500.0,0,0,0,0,0,0
1.0,1.0,1.0,,Welcome to the RITC 2026 Alogithmic Market Making Case - practice server,,42,2026-02-01 13:53:33.670903,SMMR,25.04,24.93,25.04,2131300.0,2005600.0,0,0,0,0,0,0
,,,,,,42,2026-02-01 13:53:33.670903,ATMN,24.64,24.64,24.75,2192600.0,2174000.0,0,0,0,0,0,0
,,,,,,42,2026-02-01 13:53:33.670903,WNTR,24.85,24.85,25.16,2067800.0,2118600.0,0,0,0,0,0,0
2.0,1.0,1.0,,Aggregate Position Limit,Your CRO has set the aggregate position limit to 13000 shares for this week.,43,2026-02-01 13:53:34.696455,SPNG,24.56,24.79,24.86,2447200.0,2378200.0,0,0,0,0,0,0
1.0,1.0,1.0,,Welcome to the RITC 2026 Alogithmic Market Making Case - practice server,,43,2026-02-01 13:53:34.696455,SMMR,25.17,24.99,25.17,2131800.0,2031700.0,0,0,0,0,0,0
,,,,,,43,2026-02-01 13:53:34.696455,ATMN,24.75,24.93,25.06,2189400.0,2158700.0,0,0,0,0,0,0
,,,,,,43,2026-02-01 13:53:34.696455,WNTR,25.06,25.06,25.16,2062100.0,2118600.0,0,0,0,0,0,0
2.0,1.0,1.0,,Aggregate Position Limit,Your CRO has set the aggregate position limit to 13000 shares for this week.,44,2026-02-01 13:53:35.715800,SPNG,24.6,24.6,24.86,2466900.0,2381000.0,0,0,0,0,0,0
1.0,1.0,1.0,,Welcome to the RITC 2026 Alogithmic Market Making Case - practice server,,44,2026-02-01 13:53:35.715800,SMMR,25.07,25.15,25.17,2150100.0,2031700.0,0,0,0,0,0,0
,,,,,,44,2026-02-01 13:53:35.715800,ATMN,24.75,25.01,25.06,2226700.0,2158700.0,0,0,0,0,0,0
,,,,,,44,2026-02-01 13:53:35.715800,WNTR,25.11,25.11,25.16,2072000.0,2128900.0,0,0,0,0,0,0
2.0,1.0,1.0,,Aggregate Position Limit,Your CRO has set the aggregate position limit to 13000 shares for this week.,45,2026-02-01 13:53:36.743993,SPNG,25.06,25.09,25.19,2492900.0,2414400.0,0,0,0,0,0,0
1.0,1.0,1.0,,Welcome to the RITC 2026 Alogithmic Market Making Case - practice server,,45,2026-02-01 13:53:36.743993,SMMR,24.93,24.93,25.07,2131300.0,2044300.0,0,0,0,0,0,0
,,,,,,45,2026-02-01 13:53:36.743993,ATMN,25.01,24.72,24.99,2229500.0,2176000.0,0,0,0,0,0,0
,,,,,,45,2026-02-01 13:53:36.743993,WNTR,24.94,24.94,25.16,2062400.0,2128900.0,0,0,0,0,0,0
2.0,1.0,1.0,,Aggregate Position Limit,Your CRO has set the aggregate position limit to 13000 shares for this week.,46,2026-02-01 13:53:37.780903,SPNG,25.03,24.66,25.03,2472100.0,2415500.0,0,0,0,0,0,0
1.0,1.0,1.0,,Welcome to the RITC 2026 Alogithmic Market Making Case - practice server,,46,2026-02-01 13:53:37.780903,SMMR,25.07,25.1,25.12,2157100.0,2032400.0,0,0,0,0,0,0
,,,,,,46,2026-02-01 13:53:37.780903,ATMN,25.08,24.72,25.08,2229500.0,2140100.0,0,0,0,0,0,0
,,,,,,46,2026-02-01 13:53:37.780903,WNTR,25.16,25.16,25.17,2077900.0,2125200.0,0,0,0,0,0,0
2.0,1.0,1.0,,Aggregate Position Limit,Your CRO has set the aggregate position limit to 13000 shares for this week.,47,2026-02-01 13:53:38.799929,SPNG,24.55,24.55,25.03,2468800.0,2415500.0,0,0,0,0,0,0
1.0,1.0,1.0,,Welcome to the RITC 2026 Alogithmic Market Making Case - practice server,,47,2026-02-01 13:53:38.799929,SMMR,25.07,25.1,25.12,2155900.0,1997400.0,0,0,0,0,0,0
,,,,,,47,2026-02-01 13:53:38.799929,ATMN,25.08,25.0,25.03,2246200.0,2145600.0,0,0,0,0,0,0
,,,,,,47,2026-02-01 13:53:38.799929,WNTR,25.2,25.16,25.2,2069000.0,2129100.0,0,0,0,0,0,0
2.0,1.0,1.0,,Aggregate Position Limit,Your CRO has set the aggregate position limit to 13000 shares for this week.,48,2026-02-01 13:53:39.842572,SPNG,25.03,24.74,25.03,2458000.0,2415500.0,0,0,0,0,0,0
1.0,1.0,1.0,,Welcome to the RITC 2026 Alogithmic Market Making Case - practice server,,48,2026-02-01 13:53:39.842572,SMMR,25.17,25.08,25.17,2130700.0,2033200.0,0,0,0,0,0,0
,,,,,,48,2026-02-01 13:53:39.842572,ATMN,24.72,24.72,25.03,2221700.0,2145600.0,0,0,0,0,0,0
,,,,,,48,2026-02-01 13:53:39.842572,WNTR,25.03,25.03,25.15,2066100.0,2103400.0,0,0,0,0,0,0
2.0,1.0,1.0,,Aggregate Position Limit,Your CRO has set the aggregate position limit to 13000 shares for this week.,49,2026-02-01 13:53:40.870683,SPNG,24.6,24.55,24.6,2473500.0,2426900.0,0,0,0,0,0,0
1.0,1.0,1.0,,Welcome to the RITC 2026 Alogithmic Market Making Case - practice server,,49,2026-02-01 13:53:40.870683,SMMR,25.18,24.98,25.18,2149500.0,2033800.0,0,0,0,0,0,0
,,,,,,49,2026-02-01 13:53:40.870683,ATMN,24.68,24.68,24.85,2207000.0,2175800.0,0,0,0,0,0,0
,,,,,,49,2026-02-01 13:53:40.870683,WNTR,25.21,25.03,25.21,2066100.0,2123700.0,0,0,0,0,0,0
2.0,1.0,1.0,,Aggregate Position Limit,Your CRO has set the aggregate position limit to 13000 shares for this week.,50,2026-02-01 13:53:41.900259,SPNG,25.03,25.16,25.19,2455800.0,2402300.0,0,0,0,0,0,0
1.0,1.0,1.0,,Welcome to the RITC 2026 Alogithmic Market Making Case - practice server,,50,2026-02-01 13:53:41.900259,SMMR,25.17,25.17,25.18,2149000.0,2054000.0,0,0,0,0,0,0
,,,,,,50,2026-02-01 13:53:41.900259,ATMN,24.85,24.68,24.85,2202500.0,2175800.0,0,0,0,0,0,0
,,,,,,50,2026-02-01 13:53:41.900259,WNTR,25.03,24.94,24.97,2072700.0,2108800.0,0,0,0,0,0,0
2.0,1.0,1.0,,Aggregate Position Limit,Your CRO has set the aggregate position limit to 13000 shares for this week.,51,2026-02-01 13:53:42.935427,SPNG,25.16,24.64,25.02,2476200.0,2397400.0,0,0,0,0,0,0
1.0,1.0,1.0,,Welcome to the RITC 2026 Alogithmic Market Making Case - practice server,,51,2026-02-01 13:53:42.935427,SMMR,25.19,24.93,25.19,2153400.0,2076000.0,0,0,0,0,0,0
,,,,,,51,2026-02-01 13:53:42.935427,ATMN,24.64,24.64,25.03,2197600.0,2174700.0,0,0,0,0,0,0
,,,,,,51,2026-02-01 13:53:42.935427,WNTR,25.06,25.06,25.08,2049200.0,2140000.0,0,0,0,0,0,0
2.0,1.0,1.0,,Aggregate Position Limit,Your CRO has set the aggregate position limit to 13000 shares for this week.,52,2026-02-01 13:53:43.973505,SPNG,25.16,24.64,25.11,2476200.0,2369500.0,0,0,0,0,0,0
1.0,1.0,1.0,,Welcome to the RITC 2026 Alogithmic Market Making Case - practice server,,52,2026-02-01 13:53:43.973505,SMMR,25.19,25.14,25.19,2136200.0,2091400.0,0,0,0,0,0,0
,,,,,,52,2026-02-01 13:53:43.973505,ATMN,25.03,24.84,25.03,2221800.0,2174700.0,0,0,0,0,0,0
,,,,,,52,2026-02-01 13:53:43.973505,WNTR,24.91,24.91,25.08,2081300.0,2166300.0,0,0,0,0,0,0
2.0,1.0,1.0,,Aggregate Position Limit,Your CRO has set the aggregate position limit to 13000 shares for this week.,53,2026-02-01 13:53:45.000395,SPNG,25.11,25.17,25.19,2451600.0,2370300.0,0,0,0,0,0,0
1.0,1.0,1.0,,Welcome to the RITC 2026 Alogithmic Market Making Case - practice server,,53,2026-02-01 13:53:45.000395,SMMR,24.96,24.96,25.19,2139600.0,2091400.0,0,0,0,0,0,0
,,,,,,53,2026-02-01 13:53:45.000395,ATMN,24.75,24.87,25.03,2195800.0,2174700.0,0,0,0,0,0,0
,,,,,,53,2026-02-01 13:53:45.000395,WNTR,24.91,24.91,25.02,2052300.0,2184800.0,0,0,0,0,0,0
2.0,1.0,1.0,,Aggregate Position Limit,Your CRO has set the aggregate position limit to 13000 shares for this week.,54,2026-02-01 13:53:46.032,SPNG,25.21,24.88,25.21,2481200.0,2370600.0,0,0,0,0,0,0
1.0,1.0,1.0,,Welcome to the RITC 2026 Alogithmic Market Making Case - practice server,,54,2026-02-01 13:53:46.032,SMMR,25.19,25.02,25.19,2150600.0,2091400.0,0,0,0,0,0,0
,,,,,,54,2026-02-01 13:53:46.032,ATMN,24.87,24.87,25.03,2195800.0,2170500.0,0,0,0,0,0,0
,,,,,,54,2026-02-01 13:53:46.032,WNTR,25.09,24.91,25.09,2081100.0,2144800.0,0,0,0,0,0,0
2.0,1.0,1.0,,Aggregate Position Limit,Your CRO has set the aggregate position limit to 13000 shares for this week.,55,2026-02-01 13:53:47.050749,SPNG,24.88,24.63,24.87,2472300.0,2320600.0,0,0,0,0,0,0
1.0,1.0,1.0,,Welcome to the RITC 2026 Alogithmic Market Making Case - practice server,,55,2026-02-01 13:53:47.050749,SMMR,25.02,25.02,25.19,2150600.0,2098400.0,0,0,0,0,0,0
,,,,,,55,2026-02-01 13:53:47.050749,ATMN,24.62,24.62,24.89,2188000.0,2180500.0,0,0,0,0,0,0
,,,,,,55,2026-02-01 13:53:47.050749,WNTR,25.09,24.95,25.09,2080800.0,2144800.0,0,0,0,0,0,0
2.0,1.0,1.0,,Aggregate Position Limit,Your CRO has set the aggregate position limit to 13000 shares for this week.,56,2026-02-01 13:53:48.070734,SPNG,24.88,24.85,24.87,2464200.0,2320600.0,0,0,0,0,0,0
1.0,1.0,1.0,,Welcome to the RITC 2026 Alogithmic Market Making Case - practice server,,56,2026-02-01 13:53:48.070734,SMMR,25.02,25.06,25.19,2132000.0,2125400.0,0,0,0,0,0,0
,,,,,,56,2026-02-01 13:53:48.070734,ATMN,25.03,24.62,25.03,2188000.0,2156500.0,0,0,0,0,0,0
,,,,,,56,2026-02-01 13:53:48.070734,WNTR,25.09,24.95,25.09,2057800.0,2144800.0,0,0,0,0,0,0
2.0,1.0,1.0,,Aggregate Position Limit,Your CRO has set the aggregate position limit to 13000 shares for this week.,57,2026-02-01 13:53:49.100550,SPNG,24.82,24.82,25.21,2502300.0,2364800.0,0,0,0,0,0,0
1.0,1.0,1.0,,Welcome to the RITC 2026 Alogithmic Market Making Case - practice server,,57,2026-02-01 13:53:49.100550,SMMR,25.19,25.06,25.19,2132000.0,2139300.0,0,0,0,0,0,0
,,,,,,57,2026-02-01 13:53:49.100550,ATMN,24.57,24.57,24.9,2241200.0,2142600.0,0,0,0,0,0,0
,,,,,,57,2026-02-01 13:53:49.100550,WNTR,25.09,24.95,25.05,2065400.0,2159600.0,0,0,0,0,0,0
2.0,1.0,1.0,,Aggregate Position Limit,Your CRO has set the aggregate position limit to 13000 shares for this week.,58,2026-02-01 13:53:50.132308,SPNG,24.82,24.63,24.68,2462400.0,2318300.0,0,0,0,0,0,0
1.0,1.0,1.0,,Welcome to the RITC 2026 Alogithmic Market Making Case - practice server,,58,2026-02-01 13:53:50.132308,SMMR,24.93,24.93,25.11,2159100.0,2116800.0,0,0,0,0,0,0
,,,,,,58,2026-02-01 13:53:50.132308,ATMN,24.56,24.71,24.9,2246700.0,2142600.0,0,0,0,0,0,0
,,,,,,58,2026-02-01 13:53:50.132308,WNTR,25.05,24.95,25.05,2048000.0,2169500.0,0,0,0,0,0,0
2.0,1.0,1.0,,Aggregate Position Limit,Your CRO has set the aggregate position limit to 13000 shares for this week.,59,2026-02-01 13:53:51.160373,SPNG,25.16,24.63,24.66,2424500.0,2314900.0,0,0,0,0,0,0
1.0,1.0,1.0,,Welcome to the RITC 2026 Alogithmic Market Making Case - practice server,,59,2026-02-01 13:53:51.160373,SMMR,25.21,24.93,24.95,2159100.0,2147300.0,0,0,0,0,0,0
,,,,,,59,2026-02-01 13:53:51.160373,ATMN,24.56,24.71,24.86,2246700.0,2159700.0,0,0,0,0,0,0
,,,,,,59,2026-02-01 13:53:51.160373,WNTR,24.94,24.94,25.11,2048700.0,2155600.0,0,0,0,0,0,0
2.0,1.0,1.0,,Aggregate Position Limit,Your CRO has set the aggregate position limit to 13000 shares for this week.,60,2026-02-01 13:53:52.190487,SPNG,24.66,24.78,24.88,999500.0,830800.0,0,0,0,0,0,0
1.0,1.0,1.0,,Welcome to the RITC 2026 Alogithmic Market Making Case - practice server,,60,2026-02-01 13:53:52.190487,SMMR,26.04,26.04,26.2,876600.0,776700.0,0,0,0,0,0,0
,,,,,,60,2026-02-01 13:53:52.190487,ATMN,26.21,25.24,25.47,857100.0,775700.0,0,0,0,0,0,0
,,,,,,60,2026-02-01 13:53:52.190487,WNTR,24.94,24.77,25.3,864800.0,911200.0,0,0,0,0,0,0
2.0,1.0,1.0,,Aggregate Position Limit,Your CRO has set the aggregate position limit to 13000 shares for this week.,61,2026-02-01 13:53:53.210388,SPNG,24.88,24.66,24.88,974900.0,965800.0,0,0,0,0,0,0
1.0,1.0,1.0,,Welcome to the RITC 2026 Alogithmic Market Making Case - practice server,,61,2026-02-01 13:53:53.210388,SMMR,26.04,25.76,25.77,895600.0,858000.0,0,0,0,0,0,0
,,,,,,61,2026-02-01 13:53:53.210388,ATMN,25.24,24.73,24.87,962100.0,1194400.0,0,0,0,0,0,0
,,,,,,61,2026-02-01 13:53:53.210388,WNTR,24.76,24.76,24.87,889000.0,1136900.0,0,0,0,0,0,0
2.0,1.0,1.0,,Aggregate Position Limit,Your CRO has set the aggregate position limit to 13000 shares for this week.,62,2026-02-01 13:53:54.233325,SPNG,24.66,24.66,24.7,974900.0,970100.0,0,0,0,0,0,0
1.0,1.0,1.0,,Welcome to the RITC 2026 Alogithmic Market Making Case - practice server,,62,2026-02-01 13:53:54.233325,SMMR,26.04,25.76,25.77,1191500.0,858000.0,0,0,0,0,0,0
,,,,,,62,2026-02-01 13:53:54.233325,ATMN,24.73,23.74,24.57,1120100.0,1310800.0,0,0,0,0,0,0
,,,,,,62,2026-02-01 13:53:54.233325,WNTR,24.76,24.41,24.76,896200.0,1448900.0,0,0,0,0,0,0
2.0,1.0,1.0,,Aggregate Position Limit,Your CRO has set the aggregate position limit to 13000 shares for this week.,63,2026-02-01 13:53:55.260402,SPNG,24.66,24.66,24.68,1115400.0,1337100.0,0,0,0,0,0,0
1.0,1.0,1.0,,Welcome to the RITC 2026 Alogithmic Market Making Case - practice server,,63,2026-02-01 13:53:55.260402,SMMR,26.26,25.76,26.26,1286800.0,769600.0,0,0,0,0,0,0
,,,,,,63,2026-02-01 13:53:55.260402,ATMN,24.87,24.49,24.87,1445800.0,1194400.0,0,0,0,0,0,0
,,,,,,63,2026-02-01 13:53:55.260402,WNTR,24.76,24.41,24.61,896200.0,1745400.0,0,0,0,0,0,0
2.0,1.0,1.0,,Aggregate Position Limit,Your CRO has set the aggregate position limit to 13000 shares for this week.,64,2026-02-01 13:53:56.297293,SPNG,24.7,24.66,24.7,1115400.0,1553400.0,0,0,0,0,0,0
1.0,1.0,1.0,,Welcome to the RITC 2026 Alogithmic Market Making Case - practice server,,64,2026-02-01 13:53:56.297293,SMMR,25.8,25.76,25.8,1286800.0,969500.0,0,0,0,0,0,0
,,,,,,64,2026-02-01 13:53:56.297293,ATMN,24.87,24.82,24.87,1703300.0,1423900.0,0,0,0,0,0,0
,,,,,,64,2026-02-01 13:53:56.297293,WNTR,24.29,24.29,24.37,904900.0,2089900.0,0,0,0,0,0,0
2.0,1.0,1.0,,Aggregate Position Limit,Your CRO has set the aggregate position limit to 13000 shares for this week.,65,2026-02-01 13:53:57.325140,SPNG,24.74,24.66,24.74,1015400.0,1551200.0,0,0,0,0,0,0
1.0,1.0,1.0,,Welcome to the RITC 2026 Alogithmic Market Making Case - practice server,,65,2026-02-01 13:53:57.325140,SMMR,25.8,25.99,26.26,1484600.0,966900.0,0,0,0,0,0,0
,,,,,,65,2026-02-01 13:53:57.325140,ATMN,24.82,24.49,24.62,1583600.0,1644500.0,0,0,0,0,0,0
,,,,,,65,2026-02-01 13:53:57.325140,WNTR,24.29,24.32,24.37,898400.0,2113900.0,0,0,0,0,0,0
2.0,1.0,1.0,,Aggregate Position Limit,Your CRO has set the aggregate position limit to 13000 shares for this week.,66,2026-02-01 13:53:58.340418,SPNG,24.5,24.5,24.59,1021800.0,1547000.0,0,0,0,0,0,0
1.0,1.0,1.0,,Welcome to the RITC 2026 Alogithmic Market Making Case - practice server,,66,2026-02-01 13:53:58.340418,SMMR,25.8,26.05,26.26,1580400.0,1244100.0,0,0,0,0,0,0
,,,,,,66,2026-02-01 13:53:58.340418,ATMN,24.87,24.49,24.87,1798800.0,1543600.0,0,0,0,0,0,0
,,,,,,66,2026-02-01 13:53:58.340418,WNTR,24.29,24.32,24.37,898400.0,2203500.0,0,0,0,0,0,0
2.0,1.0,1.0,,Aggregate Position Limit,Your CRO has set the aggregate position limit to 13000 shares for this week.,67,2026-02-01 13:53:59.384914,SPNG,24.77,24.5,24.77,1153200.0,1672200.0,0,0,0,0,0,0
1.0,1.0,1.0,,Welcome to the RITC 2026 Alogithmic Market Making Case - practice server,,67,2026-02-01 13:53:59.384914,SMMR,26.05,26.05,26.23,1580400.0,1460600.0,0,0,0,0,0,0
,,,,,,67,2026-02-01 13:53:59.384914,ATMN,24.87,24.49,24.56,2141500.0,1666400.0,0,0,0,0,0,0
,,,,,,67,2026-02-01 13:53:59.384914,WNTR,24.2,24.02,24.19,914600.0,2218400.0,0,0,0,0,0,0
2.0,1.0,1.0,,Aggregate Position Limit,Your CRO has set the aggregate position limit to 13000 shares for this week.,68,2026-02-01 13:54:00.411142,SPNG,24.8,24.5,24.8,1153200.0,1896800.0,0,0,0,0,0,0
1.0,1.0,1.0,,Welcome to the RITC 2026 Alogithmic Market Making Case - practice server,,68,2026-02-01 13:54:00.411142,SMMR,26.05,26.12,26.23,1678900.0,1749000.0,0,0,0,0,0,0
,,,,,,68,2026-02-01 13:54:00.411142,ATMN,24.56,24.59,24.87,2310100.0,1637100.0,0,0,0,0,0,0
,,,,,,68,2026-02-01 13:54:00.411142,WNTR,24.19,24.25,24.29,1236800.0,2214600.0,0,0,0,0,0,0
2.0,1.0,1.0,,Aggregate Position Limit,Your CRO has set the aggregate position limit to 13000 shares for this week.,69,2026-02-01 13:54:01.457527,SPNG,24.51,24.5,24.51,1303500.0,2177700.0,0,0,0,0,0,0
1.0,1.0,1.0,,Welcome to the RITC 2026 Alogithmic Market Making Case - practice server,,69,2026-02-01 13:54:01.457527,SMMR,26.05,26.12,26.15,1678900.0,1932800.0,0,0,0,0,0,0
,,,,,,69,2026-02-01 13:54:01.457527,ATMN,24.56,24.65,24.87,2259300.0,1637100.0,0,0,0,0,0,0
,,,,,,69,2026-02-01 13:54:01.457527,WNTR,24.19,24.25,24.28,1457000.0,2228700.0,0,0,0,0,0,0
2.0,1.0,1.0,,Aggregate Position Limit,Your CRO has set the aggregate position limit to 13000 shares for this week.,70,2026-02-01 13:54:02.479876,SPNG,24.76,24.5,24.59,1303500.0,2033500.0,0,0,0,0,0,0
1.0,1.0,1.0,,Welcome to the RITC 2026 Alogithmic Market Making Case - practice server,,70,2026-02-01 13:54:02.479876,SMMR,25.99,25.86,25.97,1394300.0,1953500.0,0,0,0,0,0,0
,,,,,,70,2026-02-01 13:54:02.479876,ATMN,25.01,24.65,24.82,2231000.0,1672800.0,0,0,0,0,0,0
,,,,,,70,2026-02-01 13:54:02.479876,WNTR,24.17,24.17,24.28,1422800.0,2228700.0,0,0,0,0,0,0
2.0,1.0,1.0,,Aggregate Position Limit,Your CRO has set the aggregate position limit to 13000 shares for this week.,71,2026-02-01 13:54:03.491888,SPNG,24.84,24.45,24.47,1310300.0,1915500.0,0,0,0,0,0,0
1.0,1.0,1.0,,Welcome to the RITC 2026 Alogithmic Market Making Case - practice server,,71,2026-02-01 13:54:03.491888,SMMR,26.15,26.17,26.18,1700600.0,1940500.0,0,0,0,0,0,0
,,,,,,71,2026-02-01 13:54:03.491888,ATMN,24.82,24.75,24.82,2209600.0,1672800.0,0,0,0,0,0,0
,,,,,,71,2026-02-01 13:54:03.491888,WNTR,24.33,24.17,24.3,1519700.0,2203300.0,0,0,0,0,0,0
2.0,1.0,1.0,,Aggregate Position Limit,Your CRO has set the aggregate position limit to 13000 shares for this week.,72,2026-02-01 13:54:04.515498,SPNG,24.43,24.57,24.84,1294300.0,1801500.0,0,0,0,0,0,0
1.0,1.0,1.0,,Welcome to the RITC 2026 Alogithmic Market Making Case - practice server,,72,2026-02-01 13:54:04.515498,SMMR,26.17,25.98,26.12,1690700.0,1942900.0,0,0,0,0,0,0
,,,,,,72,2026-02-01 13:54:04.515498,ATMN,24.75,24.75,24.82,2230800.0,1672800.0,0,0,0,0,0,0
,,,,,,72,2026-02-01 13:54:04.515498,WNTR,24.33,24.18,24.3,1881300.0,2203300.0,0,0,0,0,0,0
2.0,1.0,1.0,,Aggregate Position Limit,Your CRO has set the aggregate position limit to 13000 shares for this week.,73,2026-02-01 13:54:05.549874,SPNG,24.88,24.55,24.75,1323200.0,1817100.0,0,0,0,0,0,0
1.0,1.0,1.0,,Welcome to the RITC 2026 Alogithmic Market Making Case - practice server,,73,2026-02-01 13:54:05.549874,SMMR,25.98,25.86,25.98,1704100.0,1956700.0,0,0,0,0,0,0
,,,,,,73,2026-02-01 13:54:05.549874,ATMN,24.59,24.59,25.03,2243900.0,1426400.0,0,0,0,0,0,0
,,,,,,73,2026-02-01 13:54:05.549874,WNTR,24.33,24.18,24.25,1975800.0,2245800.0,0,0,0,0,0,0
2.0,1.0,1.0,,Aggregate Position Limit,Your CRO has set the aggregate position limit to 13000 shares for this week.,74,2026-02-01 13:54:06.572567,SPNG,24.65,24.58,24.65,1467900.0,1941700.0,0,0,0,0,0,0
1.0,1.0,1.0,,Welcome to the RITC 2026 Alogithmic Market Making Case - practice server,,74,2026-02-01 13:54:06.572567,SMMR,25.98,26.1,26.12,2136100.0,1942900.0,0,0,0,0,0,0
,,,,,,74,2026-02-01 13:54:06.572567,ATMN,24.59,24.96,25.03,2276400.0,1753400.0,0,0,0,0,0,0
,,,,,,74,2026-02-01 13:54:06.572567,WNTR,24.25,24.18,24.25,2088500.0,2245800.0,0,0,0,0,0,0
2.0,1.0,1.0,,Aggregate Position Limit,Your CRO has set the aggregate position limit to 13000 shares for this week.,75,2026-02-01 13:54:07.610,SPNG,24.75,24.81,24.88,1585000.0,1935500.0,0,0,0,0,0,0
1.0,1.0,1.0,,Welcome to the RITC 2026 Alogithmic Market Making Case - practice server,,75,2026-02-01 13:54:07.610,SMMR,26.1,25.86,26.06,2141500.0,1945500.0,0,0,0,0,0,0
,,,,,,75,2026-02-01 13:54:07.610,ATMN,24.57,24.57,25.03,2249400.0,1753400.0,0,0,0,0,0,0
,,,,,,75,2026-02-01 13:54:07.610,WNTR,24.18,24.18,24.26,2088500.0,2206200.0,0,0,0,0,0,0
2.0,1.0,1.0,,Aggregate Position Limit,Your CRO has set the aggregate position limit to 13000 shares for this week.,76,2026-02-01 13:54:08.647926,SPNG,24.55,24.81,24.88,1582400.0,1935500.0,0,0,0,0,0,0
1.0,1.0,1.0,,Welcome to the RITC 2026 Alogithmic Market Making Case - practice server,,76,2026-02-01 13:54:08.647926,SMMR,26.12,26.08,26.12,2118300.0,1935000.0,0,0,0,0,0,0
,,,,,,76,2026-02-01 13:54:08.647926,ATMN,24.57,24.57,25.03,2249400.0,1872100.0,0,0,0,0,0,0
,,,,,,76,2026-02-01 13:54:08.647926,WNTR,24.18,24.18,24.26,1956000.0,2214000.0,0,0,0,0,0,0
2.0,1.0,1.0,,Aggregate Position Limit,Your CRO has set the aggregate position limit to 13000 shares for this week.,78,2026-02-01 13:54:09.671742,SPNG,24.88,24.55,24.88,1601900.0,1940100.0,0,0,0,0,0,0
1.0,1.0,1.0,,Welcome to the RITC 2026 Alogithmic Market Making Case - practice server,,78,2026-02-01 13:54:09.671742,SMMR,26.07,26.07,26.14,2129800.0,1942500.0,0,0,0,0,0,0
,,,,,,78,2026-02-01 13:54:09.671742,ATMN,24.57,24.57,25.03,2263200.0,2117100.0,0,0,0,0,0,0
,,,,,,78,2026-02-01 13:54:09.671742,WNTR,24.17,24.17,24.24,1900500.0,2222800.0,0,0,0,0,0,0
2.0,1.0,1.0,,Aggregate Position Limit,Your CRO has set the aggregate position limit to 13000 shares for this week.,79,2026-02-01 13:54:10.697224,SPNG,24.43,24.43,24.88,1689200.0,1940100.0,0,0,0,0,0,0
1.0,1.0,1.0,,Welcome to the RITC 2026 Alogithmic Market Making Case - practice server,,79,2026-02-01 13:54:10.697224,SMMR,26.2,25.82,26.2,2132100.0,1914700.0,0,0,0,0,0,0
,,,,,,79,2026-02-01 13:54:10.697224,ATMN,24.74,24.9,25.03,2259600.0,2240100.0,0,0,0,0,0,0
,,,,,,79,2026-02-01 13:54:10.697224,WNTR,24.24,24.17,24.24,2003100.0,2208400.0,0,0,0,0,0,0
2.0,1.0,1.0,,Aggregate Position Limit,Your CRO has set the aggregate position limit to 13000 shares for this week.,80,2026-02-01 13:54:11.719794,SPNG,24.35,24.35,24.94,1679300.0,1841700.0,0,0,0,0,0,0
1.0,1.0,1.0,,Welcome to the RITC 2026 Alogithmic Market Making Case - practice server,,80,2026-02-01 13:54:11.719794,SMMR,26.2,25.94,26.16,2128000.0,1913800.0,0,0,0,0,0,0
,,,,,,80,2026-02-01 13:54:11.719794,ATMN,24.51,24.51,25.03,2328800.0,2240100.0,0,0,0,0,0,0
,,,,,,80,2026-02-01 13:54:11.719794,WNTR,24.17,24.14,24.17,2018200.0,2213000.0,0,0,0,0,0,0
2.0,1.0,1.0,,Aggregate Position Limit,Your CRO has set the aggregate position limit to 13000 shares for this week.,81,2026-02-01 13:54:12.752504,SPNG,24.81,24.35,24.71,1679300.0,2081300.0,0,0,0,0,0,0
1.0,1.0,1.0,,Welcome to the RITC 2026 Alogithmic Market Making Case - practice server,,81,2026-02-01 13:54:12.752504,SMMR,26.16,26.05,26.16,2135400.0,1913800.0,0,0,0,0,0,0
,,,,,,81,2026-02-01 13:54:12.752504,ATMN,24.51,24.51,24.66,2328800.0,2328700.0,0,0,0,0,0,0
,,,,,,81,2026-02-01 13:54:12.752504,WNTR,24.12,24.12,24.17,2151800.0,2213000.0,0,0,0,0,0,0
2.0,1.0,1.0,,Aggregate Position Limit,Your CRO has set the aggregate position limit to 13000 shares for this week.,82,2026-02-01 13:54:13.779911,SPNG,24.81,24.6,24.71,2045700.0,2081300.0,0,0,0,0,0,0
1.0,1.0,1.0,,Welcome to the RITC 2026 Alogithmic Market Making Case - practice server,,82,2026-02-01 13:54:13.779911,SMMR,26.2,26.22,26.23,2127100.0,1943600.0,0,0,0,0,0,0
,,,,,,82,2026-02-01 13:54:13.779911,ATMN,24.7,24.51,24.67,2328800.0,2320300.0,0,0,0,0,0,0
,,,,,,82,2026-02-01 13:54:13.779911,WNTR,24.12,24.12,24.27,2258900.0,2199700.0,0,0,0,0,0,0
2.0,1.0,1.0,,Aggregate Position Limit,Your CRO has set the aggregate position limit to 13000 shares for this week.,83,2026-02-01 13:54:14.811903,SPNG,24.71,24.93,24.94,2182200.0,2054900.0,0,0,0,0,0,0
1.0,1.0,1.0,,Welcome to the RITC 2026 Alogithmic Market Making Case - practice server,,83,2026-02-01 13:54:14.811903,SMMR,26.2,26.22,26.23,2127100.0,1921800.0,0,0,0,0,0,0
,,,,,,83,2026-02-01 13:54:14.811903,ATMN,24.49,24.49,24.67,2277600.0,2321000.0,0,0,0,0,0,0
,,,,,,83,2026-02-01 13:54:14.811903,WNTR,24.12,24.12,24.18,2258900.0,2180600.0,0,0,0,0,0,0
2.0,1.0,1.0,,Aggregate Position Limit,Your CRO has set the aggregate position limit to 13000 shares for this week.,84,2026-02-01 13:54:15.849757,SPNG,24.93,24.5,24.73,2160600.0,2320100.0,0,0,0,0,0,0
1.0,1.0,1.0,,Welcome to the RITC 2026 Alogithmic Market Making Case - practice server,,84,2026-02-01 13:54:15.849757,SMMR,26.2,26.22,26.23,2127100.0,1947200.0,0,0,0,0,0,0
,,,,,,84,2026-02-01 13:54:15.849757,ATMN,24.65,24.65,24.67,2290700.0,2321000.0,0,0,0,0,0,0
,,,,,,84,2026-02-01 13:54:15.849757,WNTR,24.18,24.12,24.18,2258900.0,2227800.0,0,0,0,0,0,0
2.0,1.0,1.0,,Aggregate Position Limit,Your CRO has set the aggregate position limit to 13000 shares for this week.,85,2026-02-01 13:54:16.882550,SPNG,24.73,24.83,24.94,2526000.0,2280600.0,0,0,0,0,0,0
1.0,1.0,1.0,,Welcome to the RITC 2026 Alogithmic Market Making Case - practice server,,85,2026-02-01 13:54:16.882550,SMMR,26.22,26.04,26.11,2115900.0,1944100.0,0,0,0,0,0,0
,,,,,,85,2026-02-01 13:54:16.882550,ATMN,24.65,24.47,24.6,2314800.0,2283700.0,0,0,0,0,0,0
,,,,,,85,2026-02-01 13:54:16.882550,WNTR,24.12,24.12,24.18,2135100.0,2257100.0,0,0,0,0,0,0
2.0,1.0,1.0,,Aggregate Position Limit,Your CRO has set the aggregate position limit to 13000 shares for this week.,86,2026-02-01 13:54:17.917978,SPNG,24.5,24.5,24.76,2279500.0,2335400.0,0,0,0,0,0,0
1.0,1.0,1.0,,Welcome to the RITC 2026 Alogithmic Market Making Case - practice server,,86,2026-02-01 13:54:17.917978,SMMR,26.02,25.98,26.01,2113000.0,1962300.0,0,0,0,0,0,0
,,,,,,86,2026-02-01 13:54:17.917978,ATMN,24.37,24.37,24.67,2352500.0,2303300.0,0,0,0,0,0,0
,,,,,,86,2026-02-01 13:54:17.917978,WNTR,24.02,24.02,24.14,2128400.0,2298000.0,0,0,0,0,0,0
2.0,1.0,1.0,,Aggregate Position Limit,Your CRO has set the aggregate position limit to 13000 shares for this week.,87,2026-02-01 13:54:18.963371,SPNG,24.76,24.69,24.76,2408700.0,2383500.0,0,0,0,0,0,0
1.0,1.0,1.0,,Welcome to the RITC 2026 Alogithmic Market Making Case - practice server,,87,2026-02-01 13:54:18.963371,SMMR,26.08,25.98,26.0,2113000.0,1986500.0,0,0,0,0,0,0
,,,,,,87,2026-02-01 13:54:18.963371,ATMN,24.3,24.48,24.67,2329400.0,2302100.0,0,0,0,0,0,0
,,,,,,87,2026-02-01 13:54:18.963371,WNTR,23.97,23.97,24.14,1926100.0,2298000.0,0,0,0,0,0,0
2.0,1.0,1.0,,Aggregate Position Limit,Your CRO has set the aggregate position limit to 13000 shares for this week.,88,2026-02-01 13:54:19.994702,SPNG,24.47,24.79,24.88,2264800.0,2381600.0,0,0,0,0,0,0
1.0,1.0,1.0,,Welcome to the RITC 2026 Alogithmic Market Making Case - practice server,,88,2026-02-01 13:54:19.994702,SMMR,26.0,26.0,26.11,2082500.0,1955000.0,0,0,0,0,0,0
,,,,,,88,2026-02-01 13:54:19.994702,ATMN,24.46,24.46,24.67,2334000.0,2302100.0,0,0,0,0,0,0
,,,,,,88,2026-02-01 13:54:19.994702,WNTR,24.18,23.97,24.18,2051000.0,2250200.0,0,0,0,0,0,0
2.0,1.0,1.0,,Aggregate Position Limit,Your CRO has set the aggregate position limit to 13000 shares for this week.,89,2026-02-01 13:54:21.029533,SPNG,24.47,24.79,24.88,2363100.0,2418600.0,0,0,0,0,0,0
1.0,1.0,1.0,,Welcome to the RITC 2026 Alogithmic Market Making Case - practice server,,89,2026-02-01 13:54:21.029533,SMMR,25.98,25.98,26.19,2113300.0,1942300.0,0,0,0,0,0,0
,,,,,,89,2026-02-01 13:54:21.029533,ATMN,24.35,24.5,24.67,2241800.0,2302100.0,0,0,0,0,0,0
,,,,,,89,2026-02-01 13:54:21.029533,WNTR,23.93,23.93,24.05,2166100.0,2250200.0,0,0,0,0,0,0
2.0,1.0,1.0,,Aggregate Position Limit,Your CRO has set the aggregate position limit to 13000 shares for this week.,90,2026-02-01 13:54:22.062302,SPNG,24.54,24.54,24.76,2390900.0,2418100.0,0,0,0,0,0,0
1.0,1.0,1.0,,Welcome to the RITC 2026 Alogithmic Market Making Case - practice server,,90,2026-02-01 13:54:22.062302,SMMR,25.98,26.01,26.19,2092300.0,1949100.0,0,0,0,0,0,0
,,,,,,90,2026-02-01 13:54:22.062302,ATMN,24.58,24.58,24.67,2244500.0,2302100.0,0,0,0,0,0,0
,,,,,,90,2026-02-01 13:54:22.062302,WNTR,24.05,23.93,24.05,2166100.0,2250200.0,0,0,0,0,0,0
2.0,1.0,1.0,,Aggregate Position Limit,Your CRO has set the aggregate position limit to 13000 shares for this week.,91,2026-02-01 13:54:23.094371,SPNG,24.35,24.9,24.94,2163300.0,2387500.0,0,0,0,0,0,0
1.0,1.0,1.0,,Welcome to the RITC 2026 Alogithmic Market Making Case - practice server,,91,2026-02-01 13:54:23.094371,SMMR,25.98,26.1,26.11,2105100.0,1945300.0,0,0,0,0,0,0
,,,,,,91,2026-02-01 13:54:23.094371,ATMN,24.43,24.35,24.42,2265500.0,2329900.0,0,0,0,0,0,0
,,,,,,91,2026-02-01 13:54:23.094371,WNTR,24.2,24.02,24.2,2174500.0,2213900.0,0,0,0,0,0,0
2.0,1.0,1.0,,Aggregate Position Limit,Your CRO has set the aggregate position limit to 13000 shares for this week.,92,2026-02-01 13:54:24.124569,SPNG,24.9,24.35,24.88,2049100.0,2435500.0,0,0,0,0,0,0
1.0,1.0,1.0,,Welcome to the RITC 2026 Alogithmic Market Making Case - practice server,,92,2026-02-01 13:54:24.124569,SMMR,26.01,26.01,26.11,2090100.0,1934200.0,0,0,0,0,0,0
,,,,,,92,2026-02-01 13:54:24.124569,ATMN,24.5,24.58,24.67,2261500.0,2348800.0,0,0,0,0,0,0
,,,,,,92,2026-02-01 13:54:24.124569,WNTR,23.97,24.11,24.2,2173700.0,2244600.0,0,0,0,0,0,0
2.0,1.0,1.0,,Aggregate Position Limit,Your CRO has set the aggregate position limit to 13000 shares for this week.,93,2026-02-01 13:54:25.163575,SPNG,24.94,24.74,24.82,2164000.0,2424700.0,0,0,0,0,0,0
1.0,1.0,1.0,,Welcome to the RITC 2026 Alogithmic Market Making Case - practice server,,93,2026-02-01 13:54:25.163575,SMMR,26.11,26.11,26.13,2102200.0,1925000.0,0,0,0,0,0,0
,,,,,,93,2026-02-01 13:54:25.163575,ATMN,24.48,24.34,24.48,2316400.0,2353000.0,0,0,0,0,0,0
,,,,,,93,2026-02-01 13:54:25.163575,WNTR,24.11,24.11,24.2,2173700.0,2248400.0,0,0,0,0,0,0
2.0,1.0,1.0,,Aggregate Position Limit,Your CRO has set the aggregate position limit to 13000 shares for this week.,94,2026-02-01 13:54:26.199268,SPNG,24.82,24.78,24.82,2297300.0,2428300.0,0,0,0,0,0,0
1.0,1.0,1.0,,Welcome to the RITC 2026 Alogithmic Market Making Case - practice server,,94,2026-02-01 13:54:26.199268,SMMR,26.11,26.01,26.02,2090500.0,1937600.0,0,0,0,0,0,0
,,,,,,94,2026-02-01 13:54:26.199268,ATMN,24.48,24.34,24.48,2290900.0,2352000.0,0,0,0,0,0,0
,,,,,,94,2026-02-01 13:54:26.199268,WNTR,23.92,23.97,24.2,2176500.0,2256900.0,0,0,0,0,0,0
2.0,1.0,1.0,,Aggregate Position Limit,Your CRO has set the aggregate position limit to 13000 shares for this week.,95,2026-02-01 13:54:27.230709,SPNG,24.74,24.74,24.82,2164000.0,2421500.0,0,0,0,0,0,0
1.0,1.0,1.0,,Welcome to the RITC 2026 Alogithmic Market Making Case - practice server,,95,2026-02-01 13:54:27.230709,SMMR,26.11,26.01,26.02,2078200.0,1937600.0,0,0,0,0,0,0
,,,,,,95,2026-02-01 13:54:27.230709,ATMN,24.29,24.29,24.49,2300300.0,2372300.0,0,0,0,0,0,0
,,,,,,95,2026-02-01 13:54:27.230709,WNTR,23.91,23.91,23.97,2053900.0,2239300.0,0,0,0,0,0,0
2.0,1.0,1.0,,Aggregate Position Limit,Your CRO has set the aggregate position limit to 13000 shares for this week.,96,2026-02-01 13:54:28.269440,SPNG,24.79,24.79,24.94,2298800.0,2424100.0,0,0,0,0,0,0
1.0,1.0,1.0,,Welcome to the RITC 2026 Alogithmic Market Making Case - practice server,,96,2026-02-01 13:54:28.269440,SMMR,26.01,26.01,26.09,2090300.0,1944600.0,0,0,0,0,0,0
,,,,,,96,2026-02-01 13:54:28.269440,ATMN,24.49,24.25,24.49,2310500.0,2372300.0,0,0,0,0,0,0
,,,,,,96,2026-02-01 13:54:28.269440,WNTR,23.97,23.98,24.2,2159500.0,2256900.0,0,0,0,0,0,0
2.0,1.0,1.0,,Aggregate Position Limit,Your CRO has set the aggregate position limit to 13000 shares for this week.,97,2026-02-01 13:54:29.296875,SPNG,24.42,24.63,24.94,2181100.0,2416100.0,0,0,0,0,0,0
1.0,1.0,1.0,,Welcome to the RITC 2026 Alogithmic Market Making Case - practice server,,97,2026-02-01 13:54:29.296875,SMMR,26.01,26.01,26.09,2090300.0,1947100.0,0,0,0,0,0,0
,,,,,,97,2026-02-01 13:54:29.296875,ATMN,24.25,24.2,24.24,2327200.0,2360000.0,0,0,0,0,0,0
,,,,,,97,2026-02-01 13:54:29.296875,WNTR,24.13,24.13,24.2,2289400.0,2248400.0,0,0,0,0,0,0
2.0,1.0,1.0,,Aggregate Position Limit,Your CRO has set the aggregate position limit to 13000 shares for this week.,98,2026-02-01 13:54:30.311294,SPNG,24.35,24.35,25.03,2169600.0,2406200.0,0,0,0,0,0,0
1.0,1.0,1.0,,Welcome to the RITC 2026 Alogithmic Market Making Case - practice server,,98,2026-02-01 13:54:30.311294,SMMR,26.19,26.04,26.19,2087300.0,1929500.0,0,0,0,0,0,0
,,,,,,98,2026-02-01 13:54:30.311294,ATMN,24.56,24.41,24.56,2309300.0,2331700.0,0,0,0,0,0,0
,,,,,,98,2026-02-01 13:54:30.311294,WNTR,24.13,24.13,24.2,2289400.0,2245500.0,0,0,0,0,0,0
2.0,1.0,1.0,,Aggregate Position Limit,Your CRO has set the aggregate position limit to 13000 shares for this week.,99,2026-02-01 13:54:31.340711,SPNG,24.31,24.31,25.03,2036500.0,2394900.0,0,0,0,0,0,0
1.0,1.0,1.0,,Welcome to the RITC 2026 Alogithmic Market Making Case - practice server,,99,2026-02-01 13:54:31.340711,SMMR,26.04,26.04,26.15,2087300.0,1934800.0,0,0,0,0,0,0
,,,,,,99,2026-02-01 13:54:31.340711,ATMN,24.2,24.2,24.56,2327200.0,2333200.0,0,0,0,0,0,0
,,,,,,99,2026-02-01 13:54:31.340711,WNTR,23.9,23.9,24.2,1939300.0,2242600.0,0,0,0,0,0,0
2.0,1.0,1.0,,Aggregate Position Limit,Your CRO has set the aggregate position limit to 13000 shares for this week.,100,2026-02-01 13:54:32.379207,SPNG,25.04,24.49,25.04,2144000.0,2382800.0,0,0,0,0,0,0
1.0,1.0,1.0,,Welcome to the RITC 2026 Alogithmic Market Making Case - practice server,,100,2026-02-01 13:54:32.379207,SMMR,25.97,25.97,26.13,2067100.0,1936500.0,0,0,0,0,0,0
,,,,,,100,2026-02-01 13:54:32.379207,ATMN,24.23,24.34,24.56,2318200.0,2333200.0,0,0,0,0,0,0
,,,,,,100,2026-02-01 13:54:32.379207,WNTR,23.9,23.9,24.0,2042000.0,2215900.0,0,0,0,0,0,0
2.0,1.0,1.0,,Aggregate Position Limit,Your CRO has set the aggregate position limit to 13000 shares for this week.,101,2026-02-01 13:54:33.414244,SPNG,24.31,24.83,25.04,2272900.0,2387000.0,0,0,0,0,0,0
1.0,1.0,1.0,,Welcome to the RITC 2026 Alogithmic Market Making Case - practice server,,101,2026-02-01 13:54:33.414244,SMMR,25.97,26.02,26.13,2052000.0,1936500.0,0,0,0,0,0,0
,,,,,,101,2026-02-01 13:54:33.414244,ATMN,24.14,24.14,24.56,2372900.0,2328300.0,0,0,0,0,0,0
,,,,,,101,2026-02-01 13:54:33.414244,WNTR,23.97,23.97,24.0,2296900.0,2215900.0,0,0,0,0,0,0
2.0,1.0,1.0,,Aggregate Position Limit,Your CRO has set the aggregate position limit to 13000 shares for this week.,102,2026-02-01 13:54:34.451170,SPNG,24.94,24.45,24.94,2153700.0,2375700.0,0,0,0,0,0,0
1.0,1.0,1.0,,Welcome to the RITC 2026 Alogithmic Market Making Case - practice server,,102,2026-02-01 13:54:34.451170,SMMR,26.02,26.02,26.15,2052000.0,1952300.0,0,0,0,0,0,0
,,,,,,102,2026-02-01 13:54:34.451170,ATMN,24.21,24.14,24.21,2371300.0,2335000.0,0,0,0,0,0,0
,,,,,,102,2026-02-01 13:54:34.451170,WNTR,24.17,23.97,24.07,2296900.0,2224900.0,0,0,0,0,0,0
2.0,1.0,1.0,,Aggregate Position Limit,Your CRO has set the aggregate position limit to 13000 shares for this week.,103,2026-02-01 13:54:35.487216,SPNG,24.92,24.45,24.81,2281900.0,2411200.0,0,0,0,0,0,0
1.0,1.0,1.0,,Welcome to the RITC 2026 Alogithmic Market Making Case - practice server,,103,2026-02-01 13:54:35.487216,SMMR,26.15,26.02,26.11,2052000.0,1941300.0,0,0,0,0,0,0
,,,,,,103,2026-02-01 13:54:35.487216,ATMN,24.14,24.14,24.33,2371300.0,2327500.0,0,0,0,0,0,0
,,,,,,103,2026-02-01 13:54:35.487216,WNTR,24.07,24.07,24.11,2173800.0,2232700.0,0,0,0,0,0,0
2.0,1.0,1.0,,Aggregate Position Limit,Your CRO has set the aggregate position limit to 13000 shares for this week.,104,2026-02-01 13:54:36.517475,SPNG,25.04,24.7,25.04,2526000.0,2387000.0,0,0,0,0,0,0
1.0,1.0,1.0,,Welcome to the RITC 2026 Alogithmic Market Making Case - practice server,,104,2026-02-01 13:54:36.517475,SMMR,26.15,26.02,26.11,2052000.0,1955000.0,0,0,0,0,0,0
,,,,,,104,2026-02-01 13:54:36.517475,ATMN,24.14,24.14,24.33,2326600.0,2327500.0,0,0,0,0,0,0
,,,,,,104,2026-02-01 13:54:36.517475,WNTR,24.07,23.87,24.06,2051600.0,2214100.0,0,0,0,0,0,0
2.0,1.0,1.0,,Aggregate Position Limit,Your CRO has set the aggregate position limit to 13000 shares for this week.,105,2026-02-01 13:54:37.539094,SPNG,24.7,24.45,24.51,2537400.0,2415800.0,0,0,0,0,0,0
1.0,1.0,1.0,,Welcome to the RITC 2026 Alogithmic Market Making Case - practice server,,105,2026-02-01 13:54:37.539094,SMMR,26.13,26.02,26.07,2044500.0,1955100.0,0,0,0,0,0,0
,,,,,,105,2026-02-01 13:54:37.539094,ATMN,24.11,24.11,24.33,2309200.0,2327500.0,0,0,0,0,0,0
,,,,,,105,2026-02-01 13:54:37.539094,WNTR,24.06,24.05,24.06,2180800.0,2214100.0,0,0,0,0,0,0
2.0,1.0,1.0,,Aggregate Position Limit,Your CRO has set the aggregate position limit to 13000 shares for this week.,106,2026-02-01 13:54:38.564328,SPNG,24.45,24.45,25.04,2537400.0,2421200.0,0,0,0,0,0,0
1.0,1.0,1.0,,Welcome to the RITC 2026 Alogithmic Market Making Case - practice server,,106,2026-02-01 13:54:38.564328,SMMR,26.13,26.02,26.07,2044500.0,1974100.0,0,0,0,0,0,0
,,,,,,106,2026-02-01 13:54:38.564328,ATMN,24.56,24.57,24.58,2327600.0,2328400.0,0,0,0,0,0,0
,,,,,,106,2026-02-01 13:54:38.564328,WNTR,24.05,23.87,24.03,2144300.0,2202300.0,0,0,0,0,0,0
2.0,1.0,1.0,,Aggregate Position Limit,Your CRO has set the aggregate position limit to 13000 shares for this week.,107,2026-02-01 13:54:39.587256,SPNG,24.45,24.5,24.68,2475500.0,2403600.0,0,0,0,0,0,0
1.0,1.0,1.0,,Welcome to the RITC 2026 Alogithmic Market Making Case - practice server,,107,2026-02-01 13:54:39.587256,SMMR,26.13,26.02,26.03,2033800.0,1983300.0,0,0,0,0,0,0
,,,,,,107,2026-02-01 13:54:39.587256,ATMN,24.37,24.37,24.43,2311300.0,2343300.0,0,0,0,0,0,0
,,,,,,107,2026-02-01 13:54:39.587256,WNTR,24.09,23.82,24.09,2283600.0,2178900.0,0,0,0,0,0,0
2.0,1.0,1.0,,Aggregate Position Limit,Your CRO has set the aggregate position limit to 13000 shares for this week.,108,2026-02-01 13:54:40.600620,SPNG,24.45,24.66,24.68,2443100.0,2409400.0,0,0,0,0,0,0
1.0,1.0,1.0,,Welcome to the RITC 2026 Alogithmic Market Making Case - practice server,,108,2026-02-01 13:54:40.600620,SMMR,26.08,26.02,26.08,2033800.0,2015300.0,0,0,0,0,0,0
,,,,,,108,2026-02-01 13:54:40.600620,ATMN,24.37,24.37,24.43,2311300.0,2346200.0,0,0,0,0,0,0
,,,,,,108,2026-02-01 13:54:40.600620,WNTR,24.09,23.82,24.09,2268100.0,2178900.0,0,0,0,0,0,0
2.0,1.0,1.0,,Aggregate Position Limit,Your CRO has set the aggregate position limit to 13000 shares for this week.,109,2026-02-01 13:54:41.629445,SPNG,24.68,24.71,24.91,2481100.0,2431400.0,0,0,0,0,0,0
1.0,1.0,1.0,,Welcome to the RITC 2026 Alogithmic Market Making Case - practice server,,109,2026-02-01 13:54:41.629445,SMMR,26.08,25.93,26.08,2059100.0,2015300.0,0,0,0,0,0,0
,,,,,,109,2026-02-01 13:54:41.629445,ATMN,23.98,24.23,24.43,2285500.0,2346200.0,0,0,0,0,0,0
,,,,,,109,2026-02-01 13:54:41.629445,WNTR,24.13,23.97,24.11,2278100.0,2215900.0,0,0,0,0,0,0
2.0,1.0,1.0,,Aggregate Position Limit,Your CRO has set the aggregate position limit to 13000 shares for this week.,110,2026-02-01 13:54:42.644051,SPNG,24.57,24.65,24.91,2485700.0,2431400.0,0,0,0,0,0,0
1.0,1.0,1.0,,Welcome to the RITC 2026 Alogithmic Market Making Case - practice server,,110,2026-02-01 13:54:42.644051,SMMR,26.08,25.95,26.06,2050000.0,2032100.0,0,0,0,0,0,0
,,,,,,110,2026-02-01 13:54:42.644051,ATMN,24.58,24.32,24.44,2292600.0,2330800.0,0,0,0,0,0,0
,,,,,,110,2026-02-01 13:54:42.644051,WNTR,24.13,23.97,23.99,2278100.0,2207300.0,0,0,0,0,0,0
2.0,1.0,1.0,,Aggregate Position Limit,Your CRO has set the aggregate position limit to 13000 shares for this week.,111,2026-02-01 13:54:43.702245,SPNG,24.57,24.67,24.71,2498600.0,2450400.0,0,0,0,0,0,0
1.0,1.0,1.0,,Welcome to the RITC 2026 Alogithmic Market Making Case - practice server,,111,2026-02-01 13:54:43.702245,SMMR,25.92,25.92,26.05,2050300.0,2032000.0,0,0,0,0,0,0
,,,,,,111,2026-02-01 13:54:43.702245,ATMN,24.23,24.23,24.58,2285500.0,2340900.0,0,0,0,0,0,0
,,,,,,111,2026-02-01 13:54:43.702245,WNTR,23.99,24.03,24.11,2302000.0,2187700.0,0,0,0,0,0,0
2.0,1.0,1.0,,Aggregate Position Limit,Your CRO has set the aggregate position limit to 13000 shares for this week.,112,2026-02-01 13:54:44.719336,SPNG,25.04,24.67,25.04,2457600.0,2441200.0,0,0,0,0,0,0
1.0,1.0,1.0,,Welcome to the RITC 2026 Alogithmic Market Making Case - practice server,,112,2026-02-01 13:54:44.719336,SMMR,26.05,25.93,26.05,2052000.0,2032000.0,0,0,0,0,0,0
,,,,,,112,2026-02-01 13:54:44.719336,ATMN,24.2,24.2,24.4,2292200.0,2368500.0,0,0,0,0,0,0
,,,,,,112,2026-02-01 13:54:44.719336,WNTR,24.1,24.03,24.08,2302000.0,2177700.0,0,0,0,0,0,0
2.0,1.0,1.0,,Aggregate Position Limit,Your CRO has set the aggregate position limit to 13000 shares for this week.,113,2026-02-01 13:54:45.739210,SPNG,24.67,24.67,24.93,2457600.0,2464200.0,0,0,0,0,0,0
1.0,1.0,1.0,,Welcome to the RITC 2026 Alogithmic Market Making Case - practice server,,113,2026-02-01 13:54:45.739210,SMMR,26.13,26.05,26.13,2048000.0,2003000.0,0,0,0,0,0,0
,,,,,,113,2026-02-01 13:54:45.739210,ATMN,24.2,24.39,24.4,2285500.0,2366600.0,0,0,0,0,0,0
,,,,,,113,2026-02-01 13:54:45.739210,WNTR,24.1,24.03,24.08,2339600.0,2186200.0,0,0,0,0,0,0
2.0,1.0,1.0,,Aggregate Position Limit,Your CRO has set the aggregate position limit to 13000 shares for this week.,114,2026-02-01 13:54:46.758983,SPNG,24.5,24.72,24.89,2462200.0,2468400.0,0,0,0,0,0,0
1.0,1.0,1.0,,Welcome to the RITC 2026 Alogithmic Market Making Case - practice server,,114,2026-02-01 13:54:46.758983,SMMR,26.13,26.05,26.13,2048000.0,1993700.0,0,0,0,0,0,0
,,,,,,114,2026-02-01 13:54:46.758983,ATMN,24.2,24.2,24.4,2292200.0,2376800.0,0,0,0,0,0,0
,,,,,,114,2026-02-01 13:54:46.758983,WNTR,24.11,24.03,24.11,2339600.0,2187600.0,0,0,0,0,0,0
2.0,1.0,1.0,,Aggregate Position Limit,Your CRO has set the aggregate position limit to 13000 shares for this week.,115,2026-02-01 13:54:47.789404,SPNG,24.72,24.5,24.63,2497700.0,2455400.0,0,0,0,0,0,0
1.0,1.0,1.0,,Welcome to the RITC 2026 Alogithmic Market Making Case - practice server,,115,2026-02-01 13:54:47.789404,SMMR,26.13,26.05,26.13,2030700.0,1976600.0,0,0,0,0,0,0
,,,,,,115,2026-02-01 13:54:47.789404,ATMN,23.96,23.96,24.19,2394000.0,2370700.0,0,0,0,0,0,0
,,,,,,115,2026-02-01 13:54:47.789404,WNTR,24.03,24.03,24.04,2339600.0,2179800.0,0,0,0,0,0,0
2.0,1.0,1.0,,Aggregate Position Limit,Your CRO has set the aggregate position limit to 13000 shares for this week.,116,2026-02-01 13:54:48.809385,SPNG,24.63,24.5,24.63,2440100.0,2455400.0,0,0,0,0,0,0
1.0,1.0,1.0,,Welcome to the RITC 2026 Alogithmic Market Making Case - practice server,,116,2026-02-01 13:54:48.809385,SMMR,26.05,25.93,25.99,2040100.0,2003400.0,0,0,0,0,0,0
,,,,,,116,2026-02-01 13:54:48.809385,ATMN,24.19,23.96,24.19,2324200.0,2370700.0,0,0,0,0,0,0
,,,,,,116,2026-02-01 13:54:48.809385,WNTR,23.95,23.95,24.01,2276700.0,2181500.0,0,0,0,0,0,0
2.0,1.0,1.0,,Aggregate Position Limit,Your CRO has set the aggregate position limit to 13000 shares for this week.,117,2026-02-01 13:54:49.839610,SPNG,24.63,24.87,24.89,2423700.0,2441300.0,0,0,0,0,0,0
1.0,1.0,1.0,,Welcome to the RITC 2026 Alogithmic Market Making Case - practice server,,117,2026-02-01 13:54:49.839610,SMMR,26.16,25.93,26.05,2040100.0,1988700.0,0,0,0,0,0,0
,,,,,,117,2026-02-01 13:54:49.839610,ATMN,24.4,24.06,24.4,2296300.0,2376800.0,0,0,0,0,0,0
,,,,,,117,2026-02-01 13:54:49.839610,WNTR,23.95,23.99,24.01,2330500.0,2181500.0,0,0,0,0,0,0
2.0,1.0,1.0,,Aggregate Position Limit,Your CRO has set the aggregate position limit to 13000 shares for this week.,118,2026-02-01 13:54:50.859382,SPNG,24.89,24.5,24.89,2446900.0,2450700.0,0,0,0,0,0,0
1.0,1.0,1.0,,Welcome to the RITC 2026 Alogithmic Market Making Case - practice server,,118,2026-02-01 13:54:50.859382,SMMR,26.05,25.93,26.05,2045400.0,1979500.0,0,0,0,0,0,0
,,,,,,118,2026-02-01 13:54:50.859382,ATMN,24.43,24.06,24.18,2296300.0,2379200.0,0,0,0,0,0,0
,,,,,,118,2026-02-01 13:54:50.859382,WNTR,23.99,23.99,24.01,2328500.0,2181500.0,0,0,0,0,0,0
2.0,1.0,1.0,,Aggregate Position Limit,Your CRO has set the aggregate position limit to 13000 shares for this week.,119,2026-02-01 13:54:51.884,SPNG,24.89,24.5,24.89,2428800.0,2450700.0,0,0,0,0,0,0
1.0,1.0,1.0,,Welcome to the RITC 2026 Alogithmic Market Making Case - practice server,,119,2026-02-01 13:54:51.884,SMMR,25.9,25.9,25.98,2061300.0,1965400.0,0,0,0,0,0,0
,,,,,,119,2026-02-01 13:54:51.884,ATMN,24.31,24.06,24.31,2304300.0,2373600.0,0,0,0,0,0,0
,,,,,,119,2026-02-01 13:54:51.884,WNTR,24.01,23.99,24.01,2300100.0,2174400.0,0,0,0,0,0,0
2.0,1.0,1.0,,Aggregate Position Limit,Your CRO has set the aggregate position limit to 13000 shares for this week.,120,2026-02-01 13:54:52.909548,SPNG,25.41,25.41,25.65,987900.0,869900.0,0,0,0,0,0,0
1.0,1.0,1.0,,Welcome to the RITC 2026 Alogithmic Market Making Case - practice server,,120,2026-02-01 13:54:52.909548,SMMR,23.79,23.79,24.46,897400.0,840300.0,0,0,0,0,0,0
,,,,,,120,2026-02-01 13:54:52.909548,ATMN,26.1,25.32,26.1,1071000.0,786600.0,0,0,0,0,0,0
,,,,,,120,2026-02-01 13:54:52.909548,WNTR,24.79,24.34,24.5,879900.0,848300.0,0,0,0,0,0,0
2.0,1.0,1.0,,Aggregate Position Limit,Your CRO has set the aggregate position limit to 13000 shares for this week.,121,2026-02-01 13:54:53.929239,SPNG,25.09,25.45,25.61,1150900.0,1001500.0,0,0,0,0,0,0
1.0,1.0,1.0,,Welcome to the RITC 2026 Alogithmic Market Making Case - practice server,,121,2026-02-01 13:54:53.929239,SMMR,23.27,23.56,24.02,919500.0,1046700.0,0,0,0,0,0,0
,,,,,,121,2026-02-01 13:54:53.929239,ATMN,26.85,25.32,26.2,1071000.0,1045800.0,0,0,0,0,0,0
,,,,,,121,2026-02-01 13:54:53.929239,WNTR,25.16,24.36,24.84,1007200.0,955500.0,0,0,0,0,0,0
2.0,1.0,1.0,,Aggregate Position Limit,Your CRO has set the aggregate position limit to 13000 shares for this week.,123,2026-02-01 13:54:54.968267,SPNG,25.45,24.61,24.76,1278800.0,1211700.0,0,0,0,0,0,0
1.0,1.0,1.0,,Welcome to the RITC 2026 Alogithmic Market Making Case - practice server,,123,2026-02-01 13:54:54.968267,SMMR,23.27,23.73,23.79,1236000.0,1136600.0,0,0,0,0,0,0
,,,,,,123,2026-02-01 13:54:54.968267,ATMN,25.92,25.32,25.6,1071000.0,1256400.0,0,0,0,0,0,0
,,,,,,123,2026-02-01 13:54:54.968267,WNTR,24.84,24.63,24.84,1110200.0,1063800.0,0,0,0,0,0,0
2.0,1.0,1.0,,Aggregate Position Limit,Your CRO has set the aggregate position limit to 13000 shares for this week.,124,2026-02-01 13:54:55.988802,SPNG,25.54,25.54,25.61,1637600.0,1098900.0,0,0,0,0,0,0
1.0,1.0,1.0,,Welcome to the RITC 2026 Alogithmic Market Making Case - practice server,,124,2026-02-01 13:54:55.988802,SMMR,23.6,23.6,23.82,1246200.0,1136700.0,0,0,0,0,0,0
,,,,,,124,2026-02-01 13:54:55.988802,ATMN,25.6,26.05,26.2,1491000.0,1143800.0,0,0,0,0,0,0
,,,,,,124,2026-02-01 13:54:55.988802,WNTR,24.83,24.63,24.79,1210500.0,1186100.0,0,0,0,0,0,0
2.0,1.0,1.0,,Aggregate Position Limit,Your CRO has set the aggregate position limit to 13000 shares for this week.,125,2026-02-01 13:54:57.028993,SPNG,25.54,25.12,25.54,1768400.0,1288400.0,0,0,0,0,0,0
1.0,1.0,1.0,,Welcome to the RITC 2026 Alogithmic Market Making Case - practice server,,125,2026-02-01 13:54:57.028993,SMMR,24.09,23.6,23.8,1246200.0,1058400.0,0,0,0,0,0,0
,,,,,,125,2026-02-01 13:54:57.028993,ATMN,26.05,25.58,25.8,1398800.0,1471400.0,0,0,0,0,0,0
,,,,,,125,2026-02-01 13:54:57.028993,WNTR,24.83,24.68,24.79,1521700.0,1186100.0,0,0,0,0,0,0
2.0,1.0,1.0,,Aggregate Position Limit,Your CRO has set the aggregate position limit to 13000 shares for this week.,126,2026-02-01 13:54:58.067469,SPNG,25.5,25.12,25.31,2016800.0,1413400.0,0,0,0,0,0,0
1.0,1.0,1.0,,Welcome to the RITC 2026 Alogithmic Market Making Case - practice server,,126,2026-02-01 13:54:58.067469,SMMR,23.56,23.7,23.8,1383600.0,1058400.0,0,0,0,0,0,0
,,,,,,126,2026-02-01 13:54:58.067469,ATMN,25.93,25.78,25.93,1511300.0,1486100.0,0,0,0,0,0,0
,,,,,,126,2026-02-01 13:54:58.067469,WNTR,24.68,24.68,24.88,1521700.0,937600.0,0,0,0,0,0,0
2.0,1.0,1.0,,Aggregate Position Limit,Your CRO has set the aggregate position limit to 13000 shares for this week.,127,2026-02-01 13:54:59.097119,SPNG,25.31,25.31,25.54,2358000.0,1288400.0,0,0,0,0,0,0
1.0,1.0,1.0,,Welcome to the RITC 2026 Alogithmic Market Making Case - practice server,,127,2026-02-01 13:54:59.097119,SMMR,23.8,23.73,23.8,1718600.0,1058400.0,0,0,0,0,0,0
,,,,,,127,2026-02-01 13:54:59.097119,ATMN,25.77,25.77,25.84,1505900.0,1660400.0,0,0,0,0,0,0
,,,,,,127,2026-02-01 13:54:59.097119,WNTR,24.74,24.68,24.74,1521700.0,1156000.0,0,0,0,0,0,0
2.0,1.0,1.0,,Aggregate Position Limit,Your CRO has set the aggregate position limit to 13000 shares for this week.,128,2026-02-01 13:55:00.121968,SPNG,25.54,25.12,25.54,2150600.0,1417600.0,0,0,0,0,0,0
1.0,1.0,1.0,,Welcome to the RITC 2026 Alogithmic Market Making Case - practice server,,128,2026-02-01 13:55:00.121968,SMMR,23.8,23.87,24.09,1998700.0,941100.0,0,0,0,0,0,0
,,,,,,128,2026-02-01 13:55:00.121968,ATMN,25.93,25.77,25.93,1505900.0,1755700.0,0,0,0,0,0,0
,,,,,,128,2026-02-01 13:55:00.121968,WNTR,24.74,24.68,24.74,1830600.0,1258900.0,0,0,0,0,0,0
2.0,1.0,1.0,,Aggregate Position Limit,Your CRO has set the aggregate position limit to 13000 shares for this week.,129,2026-02-01 13:55:01.142752,SPNG,25.12,25.12,25.54,2150600.0,1417600.0,0,0,0,0,0,0
1.0,1.0,1.0,,Welcome to the RITC 2026 Alogithmic Market Making Case - practice server,,129,2026-02-01 13:55:01.142752,SMMR,23.8,23.87,23.96,1998700.0,1391400.0,0,0,0,0,0,0
,,,,,,129,2026-02-01 13:55:01.142752,ATMN,25.93,25.77,25.81,1710700.0,1855400.0,0,0,0,0,0,0
,,,,,,129,2026-02-01 13:55:01.142752,WNTR,24.63,24.72,24.74,1744700.0,1258900.0,0,0,0,0,0,0
2.0,1.0,1.0,,Aggregate Position Limit,Your CRO has set the aggregate position limit to 13000 shares for this week.,130,2026-02-01 13:55:02.175046,SPNG,25.54,25.57,25.61,2282800.0,1651200.0,0,0,0,0,0,0
1.0,1.0,1.0,,Welcome to the RITC 2026 Alogithmic Market Making Case - practice server,,130,2026-02-01 13:55:02.175046,SMMR,23.73,23.73,23.8,1907000.0,1725000.0,0,0,0,0,0,0
,,,,,,130,2026-02-01 13:55:02.175046,ATMN,25.93,26.0,26.2,1925800.0,1631100.0,0,0,0,0,0,0
,,,,,,130,2026-02-01 13:55:02.175046,WNTR,24.72,24.72,24.88,1868300.0,1154800.0,0,0,0,0,0,0
2.0,1.0,1.0,,Aggregate Position Limit,Your CRO has set the aggregate position limit to 13000 shares for this week.,131,2026-02-01 13:55:03.197363,SPNG,25.54,25.57,25.61,2282800.0,2005900.0,0,0,0,0,0,0
1.0,1.0,1.0,,Welcome to the RITC 2026 Alogithmic Market Making Case - practice server,,131,2026-02-01 13:55:03.197363,SMMR,23.85,23.81,23.85,2133100.0,1620800.0,0,0,0,0,0,0
,,,,,,131,2026-02-01 13:55:03.197363,ATMN,26.09,25.6,26.09,1733000.0,1562000.0,0,0,0,0,0,0
,,,,,,131,2026-02-01 13:55:03.197363,WNTR,24.88,24.89,24.91,1969300.0,1046500.0,0,0,0,0,0,0
2.0,1.0,1.0,,Aggregate Position Limit,Your CRO has set the aggregate position limit to 13000 shares for this week.,132,2026-02-01 13:55:04.229592,SPNG,24.54,25.47,25.61,2008400.0,2194500.0,0,0,0,0,0,0
1.0,1.0,1.0,,Welcome to the RITC 2026 Alogithmic Market Making Case - practice server,,132,2026-02-01 13:55:04.229592,SMMR,23.96,23.81,23.96,2133100.0,1596700.0,0,0,0,0,0,0
,,,,,,132,2026-02-01 13:55:04.229592,ATMN,26.09,25.87,26.09,2077000.0,1562000.0,0,0,0,0,0,0
,,,,,,132,2026-02-01 13:55:04.229592,WNTR,24.72,24.63,24.64,1743300.0,1369800.0,0,0,0,0,0,0
2.0,1.0,1.0,,Aggregate Position Limit,Your CRO has set the aggregate position limit to 13000 shares for this week.,133,2026-02-01 13:55:05.257837,SPNG,25.47,25.29,25.43,2044400.0,2244400.0,0,0,0,0,0,0
1.0,1.0,1.0,,Welcome to the RITC 2026 Alogithmic Market Making Case - practice server,,133,2026-02-01 13:55:05.257837,SMMR,23.71,23.71,23.8,1903900.0,1835700.0,0,0,0,0,0,0
,,,,,,133,2026-02-01 13:55:05.257837,ATMN,25.6,25.96,26.09,2172400.0,1676100.0,0,0,0,0,0,0
,,,,,,133,2026-02-01 13:55:05.257837,WNTR,24.64,24.63,24.64,2048600.0,1369800.0,0,0,0,0,0,0
2.0,1.0,1.0,,Aggregate Position Limit,Your CRO has set the aggregate position limit to 13000 shares for this week.,134,2026-02-01 13:55:06.279361,SPNG,25.61,25.41,25.61,2183900.0,2221100.0,0,0,0,0,0,0
1.0,1.0,1.0,,Welcome to the RITC 2026 Alogithmic Market Making Case - practice server,,134,2026-02-01 13:55:06.279361,SMMR,23.92,23.71,23.82,1903900.0,1944600.0,0,0,0,0,0,0
,,,,,,134,2026-02-01 13:55:06.279361,ATMN,26.09,26.14,26.33,2092400.0,1654800.0,0,0,0,0,0,0
,,,,,,134,2026-02-01 13:55:06.279361,WNTR,24.64,24.63,24.64,2175000.0,1369800.0,0,0,0,0,0,0
2.0,1.0,1.0,,Aggregate Position Limit,Your CRO has set the aggregate position limit to 13000 shares for this week.,135,2026-02-01 13:55:07.318580,SPNG,25.41,25.29,25.35,2044400.0,2285800.0,0,0,0,0,0,0
1.0,1.0,1.0,,Welcome to the RITC 2026 Alogithmic Market Making Case - practice server,,135,2026-02-01 13:55:07.318580,SMMR,23.96,23.96,23.97,1787300.0,1592200.0,0,0,0,0,0,0
,,,,,,135,2026-02-01 13:55:07.318580,ATMN,26.09,26.14,26.32,2092400.0,1995400.0,0,0,0,0,0,0
,,,,,,135,2026-02-01 13:55:07.318580,WNTR,24.64,24.68,24.84,2137300.0,1340300.0,0,0,0,0,0,0
2.0,1.0,1.0,,Aggregate Position Limit,Your CRO has set the aggregate position limit to 13000 shares for this week.,136,2026-02-01 13:55:08.338625,SPNG,25.31,25.31,25.35,2401100.0,2285800.0,0,0,0,0,0,0
1.0,1.0,1.0,,Welcome to the RITC 2026 Alogithmic Market Making Case - practice server,,136,2026-02-01 13:55:08.338625,SMMR,23.64,23.64,23.97,1576800.0,1687100.0,0,0,0,0,0,0
,,,,,,136,2026-02-01 13:55:08.338625,ATMN,26.32,25.58,26.32,2118200.0,1995400.0,0,0,0,0,0,0
,,,,,,136,2026-02-01 13:55:08.338625,WNTR,24.64,24.8,24.84,2149300.0,1441700.0,0,0,0,0,0,0
2.0,1.0,1.0,,Aggregate Position Limit,Your CRO has set the aggregate position limit to 13000 shares for this week.,137,2026-02-01 13:55:09.379035,SPNG,25.31,25.33,25.35,2463100.0,2285800.0,0,0,0,0,0,0
1.0,1.0,1.0,,Welcome to the RITC 2026 Alogithmic Market Making Case - practice server,,137,2026-02-01 13:55:09.379035,SMMR,23.97,23.85,23.96,1671800.0,1913200.0,0,0,0,0,0,0
,,,,,,137,2026-02-01 13:55:09.379035,ATMN,26.11,26.11,26.21,2235000.0,2016100.0,0,0,0,0,0,0
,,,,,,137,2026-02-01 13:55:09.379035,WNTR,24.79,24.79,24.84,2177600.0,1441700.0,0,0,0,0,0,0
2.0,1.0,1.0,,Aggregate Position Limit,Your CRO has set the aggregate position limit to 13000 shares for this week.,138,2026-02-01 13:55:10.407764,SPNG,25.45,25.33,25.43,2463100.0,2344700.0,0,0,0,0,0,0
1.0,1.0,1.0,,Welcome to the RITC 2026 Alogithmic Market Making Case - practice server,,138,2026-02-01 13:55:10.407764,SMMR,23.79,23.8,23.96,1677600.0,2006000.0,0,0,0,0,0,0
,,,,,,138,2026-02-01 13:55:10.407764,ATMN,25.68,25.83,26.17,2244400.0,2044300.0,0,0,0,0,0,0
,,,,,,138,2026-02-01 13:55:10.407764,WNTR,24.79,24.79,24.84,2161400.0,1652700.0,0,0,0,0,0,0
2.0,1.0,1.0,,Aggregate Position Limit,Your CRO has set the aggregate position limit to 13000 shares for this week.,139,2026-02-01 13:55:11.431665,SPNG,25.61,25.33,25.61,2414400.0,2279500.0,0,0,0,0,0,0
1.0,1.0,1.0,,Welcome to the RITC 2026 Alogithmic Market Making Case - practice server,,139,2026-02-01 13:55:11.431665,SMMR,23.65,23.76,23.92,1804400.0,2037100.0,0,0,0,0,0,0
,,,,,,139,2026-02-01 13:55:11.431665,ATMN,25.68,25.98,26.17,2329000.0,2047600.0,0,0,0,0,0,0
,,,,,,139,2026-02-01 13:55:11.431665,WNTR,24.79,24.71,24.77,2153400.0,1876900.0,0,0,0,0,0,0
2.0,1.0,1.0,,Aggregate Position Limit,Your CRO has set the aggregate position limit to 13000 shares for this week.,140,2026-02-01 13:55:12.457992,SPNG,25.65,25.33,25.65,2383700.0,2236600.0,0,0,0,0,0,0
1.0,1.0,1.0,,Welcome to the RITC 2026 Alogithmic Market Making Case - practice server,,140,2026-02-01 13:55:12.457992,SMMR,23.64,23.6,23.62,1611600.0,2053200.0,0,0,0,0,0,0
,,,,,,140,2026-02-01 13:55:12.457992,ATMN,25.98,25.83,25.95,2361200.0,2065900.0,0,0,0,0,0,0
,,,,,,140,2026-02-01 13:55:12.457992,WNTR,24.71,24.71,24.76,2153400.0,1843700.0,0,0,0,0,0,0
2.0,1.0,1.0,,Aggregate Position Limit,Your CRO has set the aggregate position limit to 13000 shares for this week.,141,2026-02-01 13:55:13.478985,SPNG,25.65,25.33,25.34,2403300.0,2286300.0,0,0,0,0,0,0
1.0,1.0,1.0,,Welcome to the RITC 2026 Alogithmic Market Making Case - practice server,,141,2026-02-01 13:55:13.478985,SMMR,23.62,23.78,23.92,1922700.0,2037100.0,0,0,0,0,0,0
,,,,,,141,2026-02-01 13:55:13.478985,ATMN,26.07,25.83,26.03,2328200.0,2071600.0,0,0,0,0,0,0
,,,,,,141,2026-02-01 13:55:13.478985,WNTR,24.68,24.68,24.84,2140000.0,1756500.0,0,0,0,0,0,0
2.0,1.0,1.0,,Aggregate Position Limit,Your CRO has set the aggregate position limit to 13000 shares for this week.,142,2026-02-01 13:55:14.518747,SPNG,25.63,25.33,25.5,2403300.0,2288000.0,0,0,0,0,0,0
1.0,1.0,1.0,,Welcome to the RITC 2026 Alogithmic Market Making Case - practice server,,142,2026-02-01 13:55:14.518747,SMMR,23.98,23.87,23.98,2134000.0,1770500.0,0,0,0,0,0,0
,,,,,,142,2026-02-01 13:55:14.518747,ATMN,25.83,25.83,26.03,2321700.0,2071600.0,0,0,0,0,0,0
,,,,,,142,2026-02-01 13:55:14.518747,WNTR,24.68,24.63,24.65,2130700.0,1988500.0,0,0,0,0,0,0
2.0,1.0,1.0,,Aggregate Position Limit,Your CRO has set the aggregate position limit to 13000 shares for this week.,143,2026-02-01 13:55:15.545293,SPNG,25.67,25.33,25.67,2373000.0,2203600.0,0,0,0,0,0,0
1.0,1.0,1.0,,Welcome to the RITC 2026 Alogithmic Market Making Case - practice server,,143,2026-02-01 13:55:15.545293,SMMR,23.78,23.78,23.98,2021200.0,1878100.0,0,0,0,0,0,0
,,,,,,143,2026-02-01 13:55:15.545293,ATMN,25.78,25.92,26.03,2332400.0,2071600.0,0,0,0,0,0,0
,,,,,,143,2026-02-01 13:55:15.545293,WNTR,24.69,24.63,24.67,2152200.0,1989100.0,0,0,0,0,0,0
2.0,1.0,1.0,,Aggregate Position Limit,Your CRO has set the aggregate position limit to 13000 shares for this week.,144,2026-02-01 13:55:16.568990,SPNG,25.29,25.29,25.67,2335500.0,2202800.0,0,0,0,0,0,0
1.0,1.0,1.0,,Welcome to the RITC 2026 Alogithmic Market Making Case - practice server,,144,2026-02-01 13:55:16.568990,SMMR,24.09,23.78,23.99,2245500.0,1774000.0,0,0,0,0,0,0
,,,,,,144,2026-02-01 13:55:16.568990,ATMN,25.78,25.92,26.02,2278800.0,2086200.0,0,0,0,0,0,0
,,,,,,144,2026-02-01 13:55:16.568990,WNTR,24.62,24.62,24.67,2170700.0,2091700.0,0,0,0,0,0,0
2.0,1.0,1.0,,Aggregate Position Limit,Your CRO has set the aggregate position limit to 13000 shares for this week.,145,2026-02-01 13:55:17.598658,SPNG,25.08,25.08,25.67,2312600.0,2202800.0,0,0,0,0,0,0
1.0,1.0,1.0,,Welcome to the RITC 2026 Alogithmic Market Making Case - practice server,,145,2026-02-01 13:55:17.598658,SMMR,24.09,23.76,24.09,2128000.0,1679600.0,0,0,0,0,0,0
,,,,,,145,2026-02-01 13:55:17.598658,ATMN,25.73,25.73,26.02,2260700.0,2086200.0,0,0,0,0,0,0
,,,,,,145,2026-02-01 13:55:17.598658,WNTR,24.61,24.61,24.81,2172800.0,1859100.0,0,0,0,0,0,0
2.0,1.0,1.0,,Aggregate Position Limit,Your CRO has set the aggregate position limit to 13000 shares for this week.,146,2026-02-01 13:55:18.633511,SPNG,25.72,25.08,25.72,2359200.0,2174800.0,0,0,0,0,0,0
1.0,1.0,1.0,,Welcome to the RITC 2026 Alogithmic Market Making Case - practice server,,146,2026-02-01 13:55:18.633511,SMMR,24.11,23.76,23.82,2219000.0,1820300.0,0,0,0,0,0,0
,,,,,,146,2026-02-01 13:55:18.633511,ATMN,25.58,25.58,26.02,2308200.0,2091800.0,0,0,0,0,0,0
,,,,,,146,2026-02-01 13:55:18.633511,WNTR,24.61,24.64,24.81,2211700.0,2054800.0,0,0,0,0,0,0
2.0,1.0,1.0,,Aggregate Position Limit,Your CRO has set the aggregate position limit to 13000 shares for this week.,147,2026-02-01 13:55:19.651910,SPNG,25.72,25.09,25.72,2347700.0,2163100.0,0,0,0,0,0,0
1.0,1.0,1.0,,Welcome to the RITC 2026 Alogithmic Market Making Case - practice server,,147,2026-02-01 13:55:19.651910,SMMR,23.82,23.76,23.82,2222100.0,1820300.0,0,0,0,0,0,0
,,,,,,147,2026-02-01 13:55:19.651910,ATMN,26.02,25.6,26.02,2257000.0,2091800.0,0,0,0,0,0,0
,,,,,,147,2026-02-01 13:55:19.651910,WNTR,24.61,24.64,24.81,2211700.0,2072500.0,0,0,0,0,0,0
2.0,1.0,1.0,,Aggregate Position Limit,Your CRO has set the aggregate position limit to 13000 shares for this week.,148,2026-02-01 13:55:20.683749,SPNG,25.72,25.09,25.44,2375500.0,2168900.0,0,0,0,0,0,0
1.0,1.0,1.0,,Welcome to the RITC 2026 Alogithmic Market Making Case - practice server,,148,2026-02-01 13:55:20.683749,SMMR,23.88,23.76,23.81,2222100.0,2062800.0,0,0,0,0,0,0
,,,,,,148,2026-02-01 13:55:20.683749,ATMN,26.03,25.73,26.03,2238800.0,2072500.0,0,0,0,0,0,0
,,,,,,148,2026-02-01 13:55:20.683749,WNTR,24.68,24.64,24.68,2211700.0,2087200.0,0,0,0,0,0,0
2.0,1.0,1.0,,Aggregate Position Limit,Your CRO has set the aggregate position limit to 13000 shares for this week.,149,2026-02-01 13:55:21.722239,SPNG,25.08,25.08,25.72,2357000.0,2163100.0,0,0,0,0,0,0
1.0,1.0,1.0,,Welcome to the RITC 2026 Alogithmic Market Making Case - practice server,,149,2026-02-01 13:55:21.722239,SMMR,23.81,23.94,24.04,2220400.0,2071800.0,0,0,0,0,0,0
,,,,,,149,2026-02-01 13:55:21.722239,ATMN,26.03,25.79,26.03,2225600.0,2072500.0,0,0,0,0,0,0
,,,,,,149,2026-02-01 13:55:21.722239,WNTR,24.78,24.64,24.75,2211700.0,2131300.0,0,0,0,0,0,0
2.0,1.0,1.0,,Aggregate Position Limit,Your CRO has set the aggregate position limit to 13000 shares for this week.,150,2026-02-01 13:55:22.754648,SPNG,25.08,25.08,25.46,2348000.0,2168900.0,0,0,0,0,0,0
1.0,1.0,1.0,,Welcome to the RITC 2026 Alogithmic Market Making Case - practice server,,150,2026-02-01 13:55:22.754648,SMMR,23.81,23.94,24.01,2220400.0,2105900.0,0,0,0,0,0,0
,,,,,,150,2026-02-01 13:55:22.754648,ATMN,26.03,25.79,26.03,2231500.0,2072500.0,0,0,0,0,0,0
,,,,,,150,2026-02-01 13:55:22.754648,WNTR,24.64,24.64,24.72,2211700.0,2166500.0,0,0,0,0,0,0
2.0,1.0,1.0,,Aggregate Position Limit,Your CRO has set the aggregate position limit to 13000 shares for this week.,151,2026-02-01 13:55:23.787027,SPNG,25.58,25.08,25.58,2348000.0,2149700.0,0,0,0,0,0,0
1.0,1.0,1.0,,Welcome to the RITC 2026 Alogithmic Market Making Case - practice server,,151,2026-02-01 13:55:23.787027,SMMR,23.94,23.76,23.88,2222100.0,2126700.0,0,0,0,0,0,0
,,,,,,151,2026-02-01 13:55:23.787027,ATMN,26.03,25.83,26.03,2205600.0,2072500.0,0,0,0,0,0,0
,,,,,,151,2026-02-01 13:55:23.787027,WNTR,24.6,24.6,24.7,2145800.0,2172800.0,0,0,0,0,0,0
2.0,1.0,1.0,,Aggregate Position Limit,Your CRO has set the aggregate position limit to 13000 shares for this week.,152,2026-02-01 13:55:24.828225,SPNG,25.23,25.23,25.75,2367000.0,2130400.0,0,0,0,0,0,0
1.0,1.0,1.0,,Welcome to the RITC 2026 Alogithmic Market Making Case - practice server,,152,2026-02-01 13:55:24.828225,SMMR,23.78,23.76,23.78,2232500.0,2157900.0,0,0,0,0,0,0
,,,,,,152,2026-02-01 13:55:24.828225,ATMN,26.17,25.83,26.17,2202900.0,2045700.0,0,0,0,0,0,0
,,,,,,152,2026-02-01 13:55:24.828225,WNTR,24.58,24.58,24.7,2204100.0,2172800.0,0,0,0,0,0,0
2.0,1.0,1.0,,Aggregate Position Limit,Your CRO has set the aggregate position limit to 13000 shares for this week.,153,2026-02-01 13:55:25.858250,SPNG,25.8,25.56,25.8,2349100.0,2126200.0,0,0,0,0,0,0
1.0,1.0,1.0,,Welcome to the RITC 2026 Alogithmic Market Making Case - practice server,,153,2026-02-01 13:55:25.858250,SMMR,23.76,23.76,23.78,2228300.0,2157900.0,0,0,0,0,0,0
,,,,,,153,2026-02-01 13:55:25.858250,ATMN,26.17,25.99,26.17,2167300.0,2089300.0,0,0,0,0,0,0
,,,,,,153,2026-02-01 13:55:25.858250,WNTR,24.52,24.52,24.7,2194700.0,2172400.0,0,0,0,0,0,0
2.0,1.0,1.0,,Aggregate Position Limit,Your CRO has set the aggregate position limit to 13000 shares for this week.,154,2026-02-01 13:55:26.878945,SPNG,25.11,25.11,25.67,2354200.0,2143700.0,0,0,0,0,0,0
1.0,1.0,1.0,,Welcome to the RITC 2026 Alogithmic Market Making Case - practice server,,154,2026-02-01 13:55:26.878945,SMMR,23.73,23.73,23.75,2227600.0,2171600.0,0,0,0,0,0,0
,,,,,,154,2026-02-01 13:55:26.878945,ATMN,25.99,25.99,26.17,2167300.0,2082400.0,0,0,0,0,0,0
,,,,,,154,2026-02-01 13:55:26.878945,WNTR,24.52,24.56,24.7,2198800.0,2176800.0,0,0,0,0,0,0
2.0,1.0,1.0,,Aggregate Position Limit,Your CRO has set the aggregate position limit to 13000 shares for this week.,155,2026-02-01 13:55:27.916715,SPNG,25.19,25.19,25.67,2379800.0,2142200.0,0,0,0,0,0,0
1.0,1.0,1.0,,Welcome to the RITC 2026 Alogithmic Market Making Case - practice server,,155,2026-02-01 13:55:27.916715,SMMR,23.73,23.73,23.75,2208200.0,2171600.0,0,0,0,0,0,0
,,,,,,155,2026-02-01 13:55:27.916715,ATMN,25.83,25.83,26.17,2148200.0,2082400.0,0,0,0,0,0,0
,,,,,,155,2026-02-01 13:55:27.916715,WNTR,24.52,24.56,24.7,2198800.0,2172700.0,0,0,0,0,0,0
2.0,1.0,1.0,,Aggregate Position Limit,Your CRO has set the aggregate position limit to 13000 shares for this week.,156,2026-02-01 13:55:28.933137,SPNG,25.04,25.09,25.67,2351900.0,2142200.0,0,0,0,0,0,0
1.0,1.0,1.0,,Welcome to the RITC 2026 Alogithmic Market Making Case - practice server,,156,2026-02-01 13:55:28.933137,SMMR,23.86,23.73,23.86,2187800.0,2146700.0,0,0,0,0,0,0
,,,,,,156,2026-02-01 13:55:28.933137,ATMN,25.83,25.83,26.17,2156100.0,2082400.0,0,0,0,0,0,0
,,,,,,156,2026-02-01 13:55:28.933137,WNTR,24.56,24.56,24.7,2198800.0,2164200.0,0,0,0,0,0,0
2.0,1.0,1.0,,Aggregate Position Limit,Your CRO has set the aggregate position limit to 13000 shares for this week.,157,2026-02-01 13:55:29.961542,SPNG,25.06,25.4,25.64,2395700.0,2184300.0,0,0,0,0,0,0
1.0,1.0,1.0,,Welcome to the RITC 2026 Alogithmic Market Making Case - practice server,,157,2026-02-01 13:55:29.961542,SMMR,23.86,23.73,23.81,2196200.0,2154500.0,0,0,0,0,0,0
,,,,,,157,2026-02-01 13:55:29.961542,ATMN,26.21,25.83,26.21,2122800.0,2063300.0,0,0,0,0,0,0
,,,,,,157,2026-02-01 13:55:29.961542,WNTR,24.7,24.56,24.7,2201200.0,2160900.0,0,0,0,0,0,0
2.0,1.0,1.0,,Aggregate Position Limit,Your CRO has set the aggregate position limit to 13000 shares for this week.,158,2026-02-01 13:55:30.992203,SPNG,25.06,25.4,25.64,2395700.0,2268200.0,0,0,0,0,0,0
1.0,1.0,1.0,,Welcome to the RITC 2026 Alogithmic Market Making Case - practice server,,158,2026-02-01 13:55:30.992203,SMMR,23.78,23.78,23.81,2147800.0,2154500.0,0,0,0,0,0,0
,,,,,,158,2026-02-01 13:55:30.992203,ATMN,26.23,25.83,25.87,2122800.0,2058800.0,0,0,0,0,0,0
,,,,,,158,2026-02-01 13:55:30.992203,WNTR,24.72,24.56,24.62,2201200.0,2137600.0,0,0,0,0,0,0
2.0,1.0,1.0,,Aggregate Position Limit,Your CRO has set the aggregate position limit to 13000 shares for this week.,159,2026-02-01 13:55:32.013457,SPNG,25.06,25.43,25.5,2382400.0,2250100.0,0,0,0,0,0,0
1.0,1.0,1.0,,Welcome to the RITC 2026 Alogithmic Market Making Case - practice server,,159,2026-02-01 13:55:32.013457,SMMR,23.69,23.69,23.81,2193000.0,2169600.0,0,0,0,0,0,0
,,,,,,159,2026-02-01 13:55:32.013457,ATMN,25.87,25.86,25.87,2126100.0,2058800.0,0,0,0,0,0,0
,,,,,,159,2026-02-01 13:55:32.013457,WNTR,24.72,24.56,24.72,2201200.0,2147800.0,0,0,0,0,0,0
2.0,1.0,1.0,,Aggregate Position Limit,Your CRO has set the aggregate position limit to 13000 shares for this week.,160,2026-02-01 13:55:33.048378,SPNG,25.4,25.4,25.5,2404900.0,2274300.0,0,0,0,0,0,0
1.0,1.0,1.0,,Welcome to the RITC 2026 Alogithmic Market Making Case - practice server,,160,2026-02-01 13:55:33.048378,SMMR,23.86,23.79,23.86,2159900.0,2162600.0,0,0,0,0,0,0
,,,,,,160,2026-02-01 13:55:33.048378,ATMN,25.87,26.05,26.23,2128900.0,2029900.0,0,0,0,0,0,0
,,,,,,160,2026-02-01 13:55:33.048378,WNTR,24.55,24.55,24.72,2224300.0,2132000.0,0,0,0,0,0,0
2.0,1.0,1.0,,Aggregate Position Limit,Your CRO has set the aggregate position limit to 13000 shares for this week.,161,2026-02-01 13:55:34.101454,SPNG,25.37,25.07,25.37,2401100.0,2274100.0,0,0,0,0,0,0
1.0,1.0,1.0,,Welcome to the RITC 2026 Alogithmic Market Making Case - practice server,,161,2026-02-01 13:55:34.101454,SMMR,23.69,23.85,23.86,2162000.0,2164500.0,0,0,0,0,0,0
,,,,,,161,2026-02-01 13:55:34.101454,ATMN,26.33,26.05,26.33,2119700.0,2019200.0,0,0,0,0,0,0
,,,,,,161,2026-02-01 13:55:34.101454,WNTR,24.62,24.62,24.73,2220900.0,2136100.0,0,0,0,0,0,0
2.0,1.0,1.0,,Aggregate Position Limit,Your CRO has set the aggregate position limit to 13000 shares for this week.,162,2026-02-01 13:55:35.134165,SPNG,25.37,25.09,25.37,2418200.0,2274100.0,0,0,0,0,0,0
1.0,1.0,1.0,,Welcome to the RITC 2026 Alogithmic Market Making Case - practice server,,162,2026-02-01 13:55:35.134165,SMMR,23.99,23.69,23.73,2193000.0,2140300.0,0,0,0,0,0,0
,,,,,,162,2026-02-01 13:55:35.134165,ATMN,25.98,25.98,26.17,2149500.0,2036600.0,0,0,0,0,0,0
,,,,,,162,2026-02-01 13:55:35.134165,WNTR,24.48,24.66,24.73,2151000.0,2136100.0,0,0,0,0,0,0
2.0,1.0,1.0,,Aggregate Position Limit,Your CRO has set the aggregate position limit to 13000 shares for this week.,163,2026-02-01 13:55:36.158006,SPNG,25.64,25.18,25.49,2432600.0,2310500.0,0,0,0,0,0,0
1.0,1.0,1.0,,Welcome to the RITC 2026 Alogithmic Market Making Case - practice server,,163,2026-02-01 13:55:36.158006,SMMR,23.73,23.96,23.99,2202200.0,2140300.0,0,0,0,0,0,0
,,,,,,163,2026-02-01 13:55:36.158006,ATMN,25.98,25.98,26.12,2141600.0,2028900.0,0,0,0,0,0,0
,,,,,,163,2026-02-01 13:55:36.158006,WNTR,24.66,24.66,24.77,2151000.0,2122500.0,0,0,0,0,0,0
2.0,1.0,1.0,,Aggregate Position Limit,Your CRO has set the aggregate position limit to 13000 shares for this week.,165,2026-02-01 13:55:37.197559,SPNG,25.49,25.21,25.49,2446300.0,2310500.0,0,0,0,0,0,0
1.0,1.0,1.0,,Welcome to the RITC 2026 Alogithmic Market Making Case - practice server,,165,2026-02-01 13:55:37.197559,SMMR,23.96,23.96,23.99,2202200.0,2170000.0,0,0,0,0,0,0
,,,,,,165,2026-02-01 13:55:37.197559,ATMN,26.17,25.98,26.17,2141600.0,2036600.0,0,0,0,0,0,0
,,,,,,165,2026-02-01 13:55:37.197559,WNTR,24.74,24.66,24.74,2151000.0,2125000.0,0,0,0,0,0,0
2.0,1.0,1.0,,Aggregate Position Limit,Your CRO has set the aggregate position limit to 13000 shares for this week.,166,2026-02-01 13:55:38.225931,SPNG,25.58,25.21,25.36,2417800.0,2306200.0,0,0,0,0,0,0
1.0,1.0,1.0,,Welcome to the RITC 2026 Alogithmic Market Making Case - practice server,,166,2026-02-01 13:55:38.225931,SMMR,24.01,23.69,24.01,2193400.0,2132800.0,0,0,0,0,0,0
,,,,,,166,2026-02-01 13:55:38.225931,ATMN,25.98,25.98,26.34,2141600.0,2034300.0,0,0,0,0,0,0
,,,,,,166,2026-02-01 13:55:38.225931,WNTR,24.76,24.76,24.77,2157400.0,2126700.0,0,0,0,0,0,0
2.0,1.0,1.0,,Aggregate Position Limit,Your CRO has set the aggregate position limit to 13000 shares for this week.,167,2026-02-01 13:55:39.260905,SPNG,25.47,25.51,25.64,2402300.0,2311200.0,0,0,0,0,0,0
1.0,1.0,1.0,,Welcome to the RITC 2026 Alogithmic Market Making Case - practice server,,167,2026-02-01 13:55:39.260905,SMMR,24.01,23.69,23.73,2193400.0,2136600.0,0,0,0,0,0,0
,,,,,,167,2026-02-01 13:55:39.260905,ATMN,26.23,25.98,26.12,2141600.0,2039900.0,0,0,0,0,0,0
,,,,,,167,2026-02-01 13:55:39.260905,WNTR,24.67,24.67,24.77,2158300.0,2140400.0,0,0,0,0,0,0
2.0,1.0,1.0,,Aggregate Position Limit,Your CRO has set the aggregate position limit to 13000 shares for this week.,168,2026-02-01 13:55:40.288444,SPNG,25.67,25.51,25.67,2402300.0,2285800.0,0,0,0,0,0,0
1.0,1.0,1.0,,Welcome to the RITC 2026 Alogithmic Market Making Case - practice server,,168,2026-02-01 13:55:40.288444,SMMR,23.73,23.88,23.95,2192700.0,2154200.0,0,0,0,0,0,0
,,,,,,168,2026-02-01 13:55:40.288444,ATMN,25.9,26.04,26.12,2196800.0,2039900.0,0,0,0,0,0,0
,,,,,,168,2026-02-01 13:55:40.288444,WNTR,24.66,24.52,24.65,2161900.0,2175400.0,0,0,0,0,0,0
2.0,1.0,1.0,,Aggregate Position Limit,Your CRO has set the aggregate position limit to 13000 shares for this week.,169,2026-02-01 13:55:41.328110,SPNG,25.18,25.18,25.67,2399100.0,2285800.0,0,0,0,0,0,0
1.0,1.0,1.0,,Welcome to the RITC 2026 Alogithmic Market Making Case - practice server,,169,2026-02-01 13:55:41.328110,SMMR,23.87,23.69,23.86,2195800.0,2190800.0,0,0,0,0,0,0
,,,,,,169,2026-02-01 13:55:41.328110,ATMN,25.9,26.04,26.06,2174900.0,2065500.0,0,0,0,0,0,0
,,,,,,169,2026-02-01 13:55:41.328110,WNTR,24.52,24.52,24.65,2161900.0,2175400.0,0,0,0,0,0,0
2.0,1.0,1.0,,Aggregate Position Limit,Your CRO has set the aggregate position limit to 13000 shares for this week.,170,2026-02-01 13:55:42.364095,SPNG,25.18,25.09,25.13,2402900.0,2277100.0,0,0,0,0,0,0
1.0,1.0,1.0,,Welcome to the RITC 2026 Alogithmic Market Making Case - practice server,,170,2026-02-01 13:55:42.364095,SMMR,23.68,23.82,23.86,2171600.0,2190800.0,0,0,0,0,0,0
,,,,,,170,2026-02-01 13:55:42.364095,ATMN,26.04,26.04,26.06,2170600.0,2065500.0,0,0,0,0,0,0
,,,,,,170,2026-02-01 13:55:42.364095,WNTR,24.65,24.7,24.71,2182600.0,2134100.0,0,0,0,0,0,0
2.0,1.0,1.0,,Aggregate Position Limit,Your CRO has set the aggregate position limit to 13000 shares for this week.,171,2026-02-01 13:55:43.400811,SPNG,25.13,25.27,25.29,2404900.0,2261600.0,0,0,0,0,0,0
1.0,1.0,1.0,,Welcome to the RITC 2026 Alogithmic Market Making Case - practice server,,171,2026-02-01 13:55:43.400811,SMMR,23.68,23.68,23.86,2191600.0,2190800.0,0,0,0,0,0,0
,,,,,,171,2026-02-01 13:55:43.400811,ATMN,26.37,26.04,26.37,2170600.0,2005000.0,0,0,0,0,0,0
,,,,,,171,2026-02-01 13:55:43.400811,WNTR,24.71,24.7,24.71,2178100.0,2160100.0,0,0,0,0,0,0
2.0,1.0,1.0,,Aggregate Position Limit,Your CRO has set the aggregate position limit to 13000 shares for this week.,172,2026-02-01 13:55:44.430802,SPNG,25.29,25.27,25.29,2401400.0,2261600.0,0,0,0,0,0,0
1.0,1.0,1.0,,Welcome to the RITC 2026 Alogithmic Market Making Case - practice server,,172,2026-02-01 13:55:44.430802,SMMR,23.95,23.82,23.95,2193700.0,2151900.0,0,0,0,0,0,0
,,,,,,172,2026-02-01 13:55:44.430802,ATMN,26.04,26.04,26.11,2163900.0,2014600.0,0,0,0,0,0,0
,,,,,,172,2026-02-01 13:55:44.430802,WNTR,24.8,24.7,24.71,2178100.0,2162300.0,0,0,0,0,0,0
2.0,1.0,1.0,,Aggregate Position Limit,Your CRO has set the aggregate position limit to 13000 shares for this week.,173,2026-02-01 13:55:45.463787,SPNG,25.29,25.42,25.75,2389600.0,2255400.0,0,0,0,0,0,0
1.0,1.0,1.0,,Welcome to the RITC 2026 Alogithmic Market Making Case - practice server,,173,2026-02-01 13:55:45.463787,SMMR,23.67,23.67,23.82,2199900.0,2152400.0,0,0,0,0,0,0
,,,,,,173,2026-02-01 13:55:45.463787,ATMN,26.11,26.04,26.11,2170200.0,2014600.0,0,0,0,0,0,0
,,,,,,173,2026-02-01 13:55:45.463787,WNTR,24.7,24.49,24.57,2189300.0,2148100.0,0,0,0,0,0,0
2.0,1.0,1.0,,Aggregate Position Limit,Your CRO has set the aggregate position limit to 13000 shares for this week.,174,2026-02-01 13:55:46.497711,SPNG,25.27,25.27,25.54,2378800.0,2307900.0,0,0,0,0,0,0
1.0,1.0,1.0,,Welcome to the RITC 2026 Alogithmic Market Making Case - practice server,,174,2026-02-01 13:55:46.497711,SMMR,23.82,23.81,23.82,2224600.0,2152400.0,0,0,0,0,0,0
,,,,,,174,2026-02-01 13:55:46.497711,ATMN,26.37,26.04,26.37,2184200.0,1989100.0,0,0,0,0,0,0
,,,,,,174,2026-02-01 13:55:46.497711,WNTR,24.65,24.55,24.58,2179300.0,2178400.0,0,0,0,0,0,0
2.0,1.0,1.0,,Aggregate Position Limit,Your CRO has set the aggregate position limit to 13000 shares for this week.,175,2026-02-01 13:55:47.543799,SPNG,25.26,25.26,25.54,2379100.0,2316100.0,0,0,0,0,0,0
1.0,1.0,1.0,,Welcome to the RITC 2026 Alogithmic Market Making Case - practice server,,175,2026-02-01 13:55:47.543799,SMMR,23.77,23.77,23.82,2204700.0,2134500.0,0,0,0,0,0,0
,,,,,,175,2026-02-01 13:55:47.543799,ATMN,26.25,26.04,26.08,2184200.0,1967300.0,0,0,0,0,0,0
,,,,,,175,2026-02-01 13:55:47.543799,WNTR,24.65,24.55,24.58,2177500.0,2178400.0,0,0,0,0,0,0
2.0,1.0,1.0,,Aggregate Position Limit,Your CRO has set the aggregate position limit to 13000 shares for this week.,176,2026-02-01 13:55:48.579473,SPNG,25.54,25.26,25.54,2351500.0,2316100.0,0,0,0,0,0,0
1.0,1.0,1.0,,Welcome to the RITC 2026 Alogithmic Market Making Case - practice server,,176,2026-02-01 13:55:48.579473,SMMR,23.77,23.77,23.82,2204700.0,2120900.0,0,0,0,0,0,0
,,,,,,176,2026-02-01 13:55:48.579473,ATMN,26.0,26.0,26.39,2188300.0,1964100.0,0,0,0,0,0,0
,,,,,,176,2026-02-01 13:55:48.579473,WNTR,24.75,24.55,24.75,2162000.0,2152200.0,0,0,0,0,0,0
2.0,1.0,1.0,,Aggregate Position Limit,Your CRO has set the aggregate position limit to 13000 shares for this week.,177,2026-02-01 13:55:49.611279,SPNG,25.26,25.09,25.1,2358900.0,2273600.0,0,0,0,0,0,0
1.0,1.0,1.0,,Welcome to the RITC 2026 Alogithmic Market Making Case - practice server,,177,2026-02-01 13:55:49.611279,SMMR,23.66,23.66,23.77,2200100.0,2108500.0,0,0,0,0,0,0
,,,,,,177,2026-02-01 13:55:49.611279,ATMN,26.39,26.21,26.39,2243800.0,1964100.0,0,0,0,0,0,0
,,,,,,177,2026-02-01 13:55:49.611279,WNTR,24.58,24.61,24.75,2196100.0,2152200.0,0,0,0,0,0,0
2.0,1.0,1.0,,Aggregate Position Limit,Your CRO has set the aggregate position limit to 13000 shares for this week.,178,2026-02-01 13:55:50.650575,SPNG,25.1,25.32,25.36,2347400.0,2277200.0,0,0,0,0,0,0
1.0,1.0,1.0,,Welcome to the RITC 2026 Alogithmic Market Making Case - practice server,,178,2026-02-01 13:55:50.650575,SMMR,23.66,23.68,23.77,2173600.0,2108500.0,0,0,0,0,0,0
,,,,,,178,2026-02-01 13:55:50.650575,ATMN,26.39,26.21,26.39,2249100.0,1964100.0,0,0,0,0,0,0
,,,,,,178,2026-02-01 13:55:50.650575,WNTR,24.61,24.61,24.81,2196100.0,2117800.0,0,0,0,0,0,0
2.0,1.0,1.0,,Aggregate Position Limit,Your CRO has set the aggregate position limit to 13000 shares for this week.,179,2026-02-01 13:55:51.687394,SPNG,25.53,25.54,25.68,2373300.0,2300500.0,0,0,0,0,0,0
1.0,1.0,1.0,,Welcome to the RITC 2026 Alogithmic Market Making Case - practice server,,179,2026-02-01 13:55:51.687394,SMMR,23.66,23.71,23.72,2161400.0,2104700.0,0,0,0,0,0,0
,,,,,,179,2026-02-01 13:55:51.687394,ATMN,26.46,26.21,26.46,2231900.0,1932300.0,0,0,0,0,0,0
,,,,,,179,2026-02-01 13:55:51.687394,WNTR,24.76,24.61,24.76,2196100.0,2160800.0,0,0,0,0,0,0
2.0,1.0,1.0,,Aggregate Position Limit,Your CRO has set the aggregate position limit to 13000 shares for this week.,180,2026-02-01 13:55:52.731047,SPNG,25.44,24.41,25.72,930100.0,809700.0,0,0,0,0,0,0
1.0,1.0,1.0,,Welcome to the RITC 2026 Alogithmic Market Making Case - practice server,,180,2026-02-01 13:55:52.731047,SMMR,25.79,24.81,25.16,635600.0,747500.0,0,0,0,0,0,0
,,,,,,180,2026-02-01 13:55:52.731047,ATMN,26.44,24.72,25.48,922300.0,930800.0,0,0,0,0,0,0
,,,,,,180,2026-02-01 13:55:52.731047,WNTR,24.76,25.54,25.63,852700.0,822900.0,0,0,0,0,0,0
2.0,1.0,1.0,,Aggregate Position Limit,Your CRO has set the aggregate position limit to 13000 shares for this week.,181,2026-02-01 13:55:53.767940,SPNG,24.2,24.2,24.51,979600.0,1133400.0,0,0,0,0,0,0
1.0,1.0,1.0,,Welcome to the RITC 2026 Alogithmic Market Making Case - practice server,,181,2026-02-01 13:55:53.767940,SMMR,25.16,25.24,25.8,1185300.0,835000.0,0,0,0,0,0,0
,,,,,,181,2026-02-01 13:55:53.767940,ATMN,24.72,23.93,24.46,936800.0,1388600.0,0,0,0,0,0,0
,,,,,,181,2026-02-01 13:55:53.767940,WNTR,25.54,25.54,25.63,982500.0,910500.0,0,0,0,0,0,0
2.0,1.0,1.0,,Aggregate Position Limit,Your CRO has set the aggregate position limit to 13000 shares for this week.,182,2026-02-01 13:55:54.813176,SPNG,24.16,24.16,24.51,1021000.0,1375900.0,0,0,0,0,0,0
1.0,1.0,1.0,,Welcome to the RITC 2026 Alogithmic Market Making Case - practice server,,182,2026-02-01 13:55:54.813176,SMMR,25.16,25.78,25.8,1460700.0,835000.0,0,0,0,0,0,0
,,,,,,182,2026-02-01 13:55:54.813176,ATMN,24.72,23.93,24.12,936800.0,1715500.0,0,0,0,0,0,0
,,,,,,182,2026-02-01 13:55:54.813176,WNTR,25.61,25.4,25.58,882500.0,1018300.0,0,0,0,0,0,0
2.0,1.0,1.0,,Aggregate Position Limit,Your CRO has set the aggregate position limit to 13000 shares for this week.,183,2026-02-01 13:55:55.843681,SPNG,23.44,24.0,24.51,1344600.0,1375900.0,0,0,0,0,0,0
1.0,1.0,1.0,,Welcome to the RITC 2026 Alogithmic Market Making Case - practice server,,183,2026-02-01 13:55:55.843681,SMMR,25.64,25.65,25.8,1694400.0,835000.0,0,0,0,0,0,0
,,,,,,183,2026-02-01 13:55:55.843681,ATMN,23.81,23.74,23.81,966900.0,1849900.0,0,0,0,0,0,0
,,,,,,183,2026-02-01 13:55:55.843681,WNTR,25.4,25.4,25.46,882500.0,1225100.0,0,0,0,0,0,0
2.0,1.0,1.0,,Aggregate Position Limit,Your CRO has set the aggregate position limit to 13000 shares for this week.,184,2026-02-01 13:55:56.878207,SPNG,23.26,24.39,24.51,1501500.0,1488600.0,0,0,0,0,0,0
1.0,1.0,1.0,,Welcome to the RITC 2026 Alogithmic Market Making Case - practice server,,184,2026-02-01 13:55:56.878207,SMMR,25.8,25.77,25.8,1783000.0,927700.0,0,0,0,0,0,0
,,,,,,184,2026-02-01 13:55:56.878207,ATMN,23.81,23.74,23.81,966900.0,2184500.0,0,0,0,0,0,0
,,,,,,184,2026-02-01 13:55:56.878207,WNTR,25.4,25.11,25.2,1028900.0,1439100.0,0,0,0,0,0,0
2.0,1.0,1.0,,Aggregate Position Limit,Your CRO has set the aggregate position limit to 13000 shares for this week.,185,2026-02-01 13:55:57.913900,SPNG,24.39,23.26,23.69,1388300.0,1847100.0,0,0,0,0,0,0
1.0,1.0,1.0,,Welcome to the RITC 2026 Alogithmic Market Making Case - practice server,,185,2026-02-01 13:55:57.913900,SMMR,25.81,25.81,25.93,1890000.0,1015900.0,0,0,0,0,0,0
,,,,,,185,2026-02-01 13:55:57.913900,ATMN,23.29,23.29,23.89,1005200.0,2053700.0,0,0,0,0,0,0
,,,,,,185,2026-02-01 13:55:57.913900,WNTR,25.42,25.31,25.42,1347100.0,1339200.0,0,0,0,0,0,0
