news_id,period,tick,ticker,headline,body,tick,timestamp,ticker,last_price,bid_price,ask_price,BUY_ANON,SELL_ANON,SELL_COLA-6,BUY_COLA-6
2.0,1.0,1.0,,Aggregate Position Limit,Your CRO has set the aggregate position limit to 14000 shares for this week.,2,2026-02-01 05:17:53.317926,SPNG,25.09,24.87,25.09,2313200.0,2295500.0,0,0
1.0,1.0,1.0,,Welcome to the RITC 2026 Alogithmic Market Making Case - practice server,,2,2026-02-01 05:17:53.317926,SMMR,24.99,24.99,25.16,2053200.0,2115800.0,0,0
,,,,,,2,2026-02-01 05:17:53.317926,ATMN,24.98,25.0,25.22,2435200.0,2326300.0,0,0
,,,,,,2,2026-02-01 05:17:53.317926,WNTR,25.11,24.94,25.1,2015900.0,2422000.0,0,0
2.0,1.0,1.0,,Aggregate Position Limit,Your CRO has set the aggregate position limit to 14000 shares for this week.,3,2026-02-01 05:17:54.345216,SPNG,24.81,24.79,24.8,2086700.0,2307100.0,0,0
1.0,1.0,1.0,,Welcome to the RITC 2026 Alogithmic Market Making Case - practice server,,3,2026-02-01 05:17:54.345216,SMMR,24.98,24.98,25.09,1941600.0,2122100.0,0,0
,,,,,,3,2026-02-01 05:17:54.345216,ATMN,24.99,24.94,24.99,2454000.0,2358400.0,0,0
,,,,,,3,2026-02-01 05:17:54.345216,WNTR,24.94,24.67,24.88,1887500.0,2413800.0,0,0
2.0,1.0,1.0,,Aggregate Position Limit,Your CRO has set the aggregate position limit to 14000 shares for this week.,4,2026-02-01 05:17:55.365431,SPNG,25.05,24.79,25.05,2350000.0,2278200.0,0,0
1.0,1.0,1.0,,Welcome to the RITC 2026 Alogithmic Market Making Case - practice server,,4,2026-02-01 05:17:55.365431,SMMR,25.15,24.98,25.15,1941600.0,2124800.0,0,0
,,,,,,4,2026-02-01 05:17:55.365431,ATMN,24.99,24.99,25.04,2452000.0,2333900.0,0,0
,,,,,,4,2026-02-01 05:17:55.365431,WNTR,24.94,24.76,24.88,2268500.0,2413800.0,0,0
2.0,1.0,1.0,,Aggregate Position Limit,Your CRO has set the aggregate position limit to 14000 shares for this week.,5,2026-02-01 05:17:56.394735,SPNG,25.03,24.79,25.03,2314900.0,2312300.0,0,0
1.0,1.0,1.0,,Welcome to the RITC 2026 Alogithmic Market Making Case - practice server,,5,2026-02-01 05:17:56.394735,SMMR,24.97,25.1,25.15,1921200.0,2097800.0,0,0
,,,,,,5,2026-02-01 05:17:56.394735,ATMN,25.04,24.76,25.04,2395500.0,2333900.0,0,0
,,,,,,5,2026-02-01 05:17:56.394735,WNTR,24.97,24.92,24.97,2381100.0,2416400.0,0,0
2.0,1.0,1.0,,Aggregate Position Limit,Your CRO has set the aggregate position limit to 14000 shares for this week.,6,2026-02-01 05:17:57.428422,SPNG,25.38,24.86,25.26,2312200.0,2300100.0,0,0
1.0,1.0,1.0,,Welcome to the RITC 2026 Alogithmic Market Making Case - practice server,,6,2026-02-01 05:17:57.428422,SMMR,24.97,24.97,25.0,1821700.0,2091700.0,0,0
,,,,,,6,2026-02-01 05:17:57.428422,ATMN,24.74,24.74,25.16,2424700.0,2333700.0,0,0
,,,,,,6,2026-02-01 05:17:57.428422,WNTR,24.94,24.94,25.02,2346800.0,2394300.0,0,0
2.0,1.0,1.0,,Aggregate Position Limit,Your CRO has set the aggregate position limit to 14000 shares for this week.,7,2026-02-01 05:17:58.457192,SPNG,25.06,24.86,25.05,2312200.0,2298300.0,0,0
1.0,1.0,1.0,,Welcome to the RITC 2026 Alogithmic Market Making Case - practice server,,7,2026-02-01 05:17:58.457192,SMMR,25.0,25.0,25.03,2058500.0,2065900.0,0,0
,,,,,,7,2026-02-01 05:17:58.457192,ATMN,24.83,24.74,24.83,2438600.0,2350800.0,0,0
,,,,,,7,2026-02-01 05:17:58.457192,WNTR,24.79,24.87,25.02,2357400.0,2394300.0,0,0
2.0,1.0,1.0,,Aggregate Position Limit,Your CRO has set the aggregate position limit to 14000 shares for this week.,8,2026-02-01 05:17:59.498383,SPNG,25.31,24.86,25.31,2364900.0,2270200.0,0,0
1.0,1.0,1.0,,Welcome to the RITC 2026 Alogithmic Market Making Case - practice server,,8,2026-02-01 05:17:59.498383,SMMR,24.96,24.97,24.99,1925800.0,2072300.0,0,0
,,,,,,8,2026-02-01 05:17:59.498383,ATMN,24.63,24.63,25.22,2415900.0,2328300.0,0,0
,,,,,,8,2026-02-01 05:17:59.498383,WNTR,25.1,24.92,25.1,2369800.0,2384600.0,0,0
2.0,1.0,1.0,,Aggregate Position Limit,Your CRO has set the aggregate position limit to 14000 shares for this week.,9,2026-02-01 05:18:00.561413,SPNG,25.4,24.79,25.4,2368800.0,2274200.0,0,0
1.0,1.0,1.0,,Welcome to the RITC 2026 Alogithmic Market Making Case - practice server,,9,2026-02-01 05:18:00.561413,SMMR,24.99,25.1,25.14,1723100.0,2061200.0,0,0
,,,,,,9,2026-02-01 05:18:00.561413,ATMN,25.22,25.22,25.23,2433300.0,2305500.0,0,0
,,,,,,9,2026-02-01 05:18:00.561413,WNTR,24.98,25.05,25.1,2390500.0,2384600.0,0,0
2.0,1.0,1.0,,Aggregate Position Limit,Your CRO has set the aggregate position limit to 14000 shares for this week.,10,2026-02-01 05:18:01.584044,SPNG,25.4,24.79,25.4,2368800.0,2305200.0,0,0
1.0,1.0,1.0,,Welcome to the RITC 2026 Alogithmic Market Making Case - practice server,,10,2026-02-01 05:18:01.584044,SMMR,25.1,24.79,24.8,1824800.0,2053300.0,0,0
,,,,,,10,2026-02-01 05:18:01.584044,ATMN,25.22,25.22,25.23,2433300.0,2350200.0,0,0
,,,,,,10,2026-02-01 05:18:01.584044,WNTR,24.97,24.97,25.06,2398400.0,2357600.0,0,0
2.0,1.0,1.0,,Aggregate Position Limit,Your CRO has set the aggregate position limit to 14000 shares for this week.,11,2026-02-01 05:18:02.622430,SPNG,25.4,24.79,25.27,2359600.0,2278700.0,0,0
1.0,1.0,1.0,,Welcome to the RITC 2026 Alogithmic Market Making Case - practice server,,11,2026-02-01 05:18:02.622430,SMMR,24.99,25.04,25.14,2041400.0,2061200.0,0,0
,,,,,,11,2026-02-01 05:18:02.622430,ATMN,24.63,24.82,24.99,2409700.0,2340300.0,0,0
,,,,,,11,2026-02-01 05:18:02.622430,WNTR,25.06,25.03,25.06,2431300.0,2357600.0,0,0
2.0,1.0,1.0,,Aggregate Position Limit,Your CRO has set the aggregate position limit to 14000 shares for this week.,12,2026-02-01 05:18:03.655995,SPNG,24.86,25.06,25.27,2369300.0,2267200.0,0,0
1.0,1.0,1.0,,Welcome to the RITC 2026 Alogithmic Market Making Case - practice server,,12,2026-02-01 05:18:03.655995,SMMR,25.15,25.04,25.09,2041400.0,2090000.0,0,0
,,,,,,12,2026-02-01 05:18:03.655995,ATMN,24.82,24.82,25.23,2409700.0,2346600.0,0,0
,,,,,,12,2026-02-01 05:18:03.655995,WNTR,25.12,25.03,25.12,2431300.0,2355000.0,0,0
2.0,1.0,1.0,,Aggregate Position Limit,Your CRO has set the aggregate position limit to 14000 shares for this week.,13,2026-02-01 05:18:04.683178,SPNG,24.79,24.79,25.27,2359600.0,2315300.0,0,0
1.0,1.0,1.0,,Welcome to the RITC 2026 Alogithmic Market Making Case - practice server,,13,2026-02-01 05:18:04.683178,SMMR,25.09,25.04,25.09,2041400.0,2065800.0,0,0
,,,,,,13,2026-02-01 05:18:04.683178,ATMN,25.29,24.92,25.29,2399300.0,2336200.0,0,0
,,,,,,13,2026-02-01 05:18:04.683178,WNTR,25.12,25.03,25.12,2482700.0,2353400.0,0,0
2.0,1.0,1.0,,Aggregate Position Limit,Your CRO has set the aggregate position limit to 14000 shares for this week.,14,2026-02-01 05:18:05.709559,SPNG,24.79,24.79,25.09,2347700.0,2318300.0,0,0
1.0,1.0,1.0,,Welcome to the RITC 2026 Alogithmic Market Making Case - practice server,,14,2026-02-01 05:18:05.709559,SMMR,24.95,24.89,24.95,1914800.0,2091600.0,0,0
,,,,,,14,2026-02-01 05:18:05.709559,ATMN,24.82,24.82,25.29,2409700.0,2336200.0,0,0
,,,,,,14,2026-02-01 05:18:05.709559,WNTR,25.12,25.05,25.12,2470500.0,2347400.0,0,0
2.0,1.0,1.0,,Aggregate Position Limit,Your CRO has set the aggregate position limit to 14000 shares for this week.,16,2026-02-01 05:18:06.746243,SPNG,24.79,24.76,24.77,2359600.0,2311700.0,0,0
1.0,1.0,1.0,,Welcome to the RITC 2026 Alogithmic Market Making Case - practice server,,16,2026-02-01 05:18:06.746243,SMMR,25.16,25.09,25.16,1998600.0,2079200.0,0,0
,,,,,,16,2026-02-01 05:18:06.746243,ATMN,24.6,24.86,25.29,2421600.0,2336200.0,0,0
,,,,,,16,2026-02-01 05:18:06.746243,WNTR,25.16,25.05,25.16,2470500.0,2351500.0,0,0
2.0,1.0,1.0,,Aggregate Position Limit,Your CRO has set the aggregate position limit to 14000 shares for this week.,17,2026-02-01 05:18:07.778573,SPNG,25.27,24.76,25.27,2331100.0,2315300.0,0,0
1.0,1.0,1.0,,Welcome to the RITC 2026 Alogithmic Market Making Case - practice server,,17,2026-02-01 05:18:07.778573,SMMR,25.18,25.08,25.18,1909200.0,2052400.0,0,0
,,,,,,17,2026-02-01 05:18:07.778573,ATMN,25.0,24.87,25.0,2440400.0,2334500.0,0,0
,,,,,,17,2026-02-01 05:18:07.778573,WNTR,25.03,25.03,25.16,2482700.0,2378000.0,0,0
2.0,1.0,1.0,,Aggregate Position Limit,Your CRO has set the aggregate position limit to 14000 shares for this week.,18,2026-02-01 05:18:08.800226,SPNG,25.21,24.76,24.91,2331100.0,2298100.0,0,0
1.0,1.0,1.0,,Welcome to the RITC 2026 Alogithmic Market Making Case - practice server,,18,2026-02-01 05:18:08.800226,SMMR,25.19,24.79,25.19,1944000.0,2052600.0,0,0
,,,,,,18,2026-02-01 05:18:08.800226,ATMN,25.18,24.87,25.18,2431500.0,2317700.0,0,0
,,,,,,18,2026-02-01 05:18:08.800226,WNTR,24.97,24.97,25.16,2440500.0,2358400.0,0,0
2.0,1.0,1.0,,Aggregate Position Limit,Your CRO has set the aggregate position limit to 14000 shares for this week.,19,2026-02-01 05:18:09.830210,SPNG,24.76,24.76,25.21,2346800.0,2288000.0,0,0
1.0,1.0,1.0,,Welcome to the RITC 2026 Alogithmic Market Making Case - practice server,,19,2026-02-01 05:18:09.830210,SMMR,25.19,25.03,25.19,2026900.0,2071300.0,0,0
,,,,,,19,2026-02-01 05:18:09.830210,ATMN,24.61,24.61,25.05,2399600.0,2311700.0,0,0
,,,,,,19,2026-02-01 05:18:09.830210,WNTR,25.16,25.1,25.16,2413100.0,2385500.0,0,0
2.0,1.0,1.0,,Aggregate Position Limit,Your CRO has set the aggregate position limit to 14000 shares for this week.,20,2026-02-01 05:18:10.866650,SPNG,25.27,24.75,25.27,2330300.0,2315300.0,0,0
1.0,1.0,1.0,,Welcome to the RITC 2026 Alogithmic Market Making Case - practice server,,20,2026-02-01 05:18:10.866650,SMMR,24.96,25.15,25.19,2068700.0,2071300.0,0,0
,,,,,,20,2026-02-01 05:18:10.866650,ATMN,25.15,24.83,24.97,2396500.0,2319500.0,0,0
,,,,,,20,2026-02-01 05:18:10.866650,WNTR,25.18,25.1,25.18,2413100.0,2379700.0,0,0
2.0,1.0,1.0,,Aggregate Position Limit,Your CRO has set the aggregate position limit to 14000 shares for this week.,21,2026-02-01 05:18:11.895681,SPNG,24.75,25.13,25.27,2363600.0,2314900.0,0,0
1.0,1.0,1.0,,Welcome to the RITC 2026 Alogithmic Market Making Case - practice server,,21,2026-02-01 05:18:11.895681,SMMR,24.87,25.11,25.19,2053800.0,2066200.0,0,0
,,,,,,21,2026-02-01 05:18:11.895681,ATMN,25.23,24.83,25.11,2396500.0,2321700.0,0,0
,,,,,,21,2026-02-01 05:18:11.895681,WNTR,25.1,24.94,24.98,2415800.0,2386900.0,0,0
2.0,1.0,1.0,,Aggregate Position Limit,Your CRO has set the aggregate position limit to 14000 shares for this week.,22,2026-02-01 05:18:12.929257,SPNG,25.13,24.75,24.86,2336000.0,2342600.0,0,0
1.0,1.0,1.0,,Welcome to the RITC 2026 Alogithmic Market Making Case - practice server,,22,2026-02-01 05:18:12.929257,SMMR,25.04,25.04,25.15,2039900.0,2072300.0,0,0
,,,,,,22,2026-02-01 05:18:12.929257,ATMN,25.23,24.83,24.91,2383600.0,2357100.0,0,0
,,,,,,22,2026-02-01 05:18:12.929257,WNTR,25.07,25.17,25.18,2445600.0,2345200.0,0,0
2.0,1.0,1.0,,Aggregate Position Limit,Your CRO has set the aggregate position limit to 14000 shares for this week.,23,2026-02-01 05:18:13.957374,SPNG,25.27,25.19,25.27,2340200.0,2328300.0,0,0
1.0,1.0,1.0,,Welcome to the RITC 2026 Alogithmic Market Making Case - practice server,,23,2026-02-01 05:18:13.957374,SMMR,25.2,24.82,25.2,2057300.0,2064600.0,0,0
,,,,,,23,2026-02-01 05:18:13.957374,ATMN,25.11,24.83,25.11,2401800.0,2321700.0,0,0
,,,,,,23,2026-02-01 05:18:13.957374,WNTR,25.17,24.94,25.13,2448700.0,2377900.0,0,0
2.0,1.0,1.0,,Aggregate Position Limit,Your CRO has set the aggregate position limit to 14000 shares for this week.,24,2026-02-01 05:18:14.990768,SPNG,25.32,24.83,25.32,2329100.0,2310000.0,0,0
1.0,1.0,1.0,,Welcome to the RITC 2026 Alogithmic Market Making Case - practice server,,24,2026-02-01 05:18:14.990768,SMMR,25.09,25.01,25.09,2067200.0,2092500.0,0,0
,,,,,,24,2026-02-01 05:18:14.990768,ATMN,24.83,24.85,25.31,2387100.0,2304800.0,0,0
,,,,,,24,2026-02-01 05:18:14.990768,WNTR,24.92,25.07,25.18,2428100.0,2357900.0,0,0
2.0,1.0,1.0,,Aggregate Position Limit,Your CRO has set the aggregate position limit to 14000 shares for this week.,25,2026-02-01 05:18:16.040711,SPNG,25.04,25.27,25.32,2341700.0,2310000.0,0,0
1.0,1.0,1.0,,Welcome to the RITC 2026 Alogithmic Market Making Case - practice server,,25,2026-02-01 05:18:16.040711,SMMR,25.01,25.01,25.2,2093100.0,2064600.0,0,0
,,,,,,25,2026-02-01 05:18:16.040711,ATMN,25.07,24.85,25.07,2387100.0,2328500.0,0,0
,,,,,,25,2026-02-01 05:18:16.040711,WNTR,25.07,25.0,25.04,2449400.0,2354600.0,0,0
2.0,1.0,1.0,,Aggregate Position Limit,Your CRO has set the aggregate position limit to 14000 shares for this week.,26,2026-02-01 05:18:17.089176,SPNG,24.83,24.83,25.18,2329100.0,2270200.0,0,0
1.0,1.0,1.0,,Welcome to the RITC 2026 Alogithmic Market Making Case - practice server,,26,2026-02-01 05:18:17.089176,SMMR,25.21,24.89,25.21,2063300.0,2039700.0,0,0
,,,,,,26,2026-02-01 05:18:17.089176,ATMN,25.31,24.85,25.31,2400900.0,2304800.0,0,0
,,,,,,26,2026-02-01 05:18:17.089176,WNTR,25.0,25.0,25.21,2449400.0,2355500.0,0,0
2.0,1.0,1.0,,Aggregate Position Limit,Your CRO has set the aggregate position limit to 14000 shares for this week.,27,2026-02-01 05:18:18.121183,SPNG,24.83,24.83,25.11,2324800.0,2278000.0,0,0
1.0,1.0,1.0,,Welcome to the RITC 2026 Alogithmic Market Making Case - practice server,,27,2026-02-01 05:18:18.121183,SMMR,24.89,24.82,24.86,2056400.0,2045400.0,0,0
,,,,,,27,2026-02-01 05:18:18.121183,ATMN,24.74,24.74,24.89,2419100.0,2335900.0,0,0
,,,,,,27,2026-02-01 05:18:18.121183,WNTR,24.92,24.92,25.21,2453300.0,2355500.0,0,0
2.0,1.0,1.0,,Aggregate Position Limit,Your CRO has set the aggregate position limit to 14000 shares for this week.,28,2026-02-01 05:18:19.163085,SPNG,25.18,24.83,24.9,2324800.0,2297800.0,0,0
1.0,1.0,1.0,,Welcome to the RITC 2026 Alogithmic Market Making Case - practice server,,28,2026-02-01 05:18:19.163085,SMMR,25.19,25.19,25.26,2100800.0,2052500.0,0,0
,,,,,,28,2026-02-01 05:18:19.163085,ATMN,24.96,24.84,24.89,2469700.0,2316800.0,0,0
,,,,,,28,2026-02-01 05:18:19.163085,WNTR,25.22,25.01,25.04,2435600.0,2354100.0,0,0
2.0,1.0,1.0,,Aggregate Position Limit,Your CRO has set the aggregate position limit to 14000 shares for this week.,29,2026-02-01 05:18:20.244645,SPNG,24.71,24.71,25.21,2272700.0,2315800.0,0,0
1.0,1.0,1.0,,Welcome to the RITC 2026 Alogithmic Market Making Case - practice server,,29,2026-02-01 05:18:20.244645,SMMR,25.03,24.82,24.88,2056400.0,2046600.0,0,0
,,,,,,29,2026-02-01 05:18:20.244645,ATMN,24.96,24.84,24.89,2454600.0,2316800.0,0,0
,,,,,,29,2026-02-01 05:18:20.244645,WNTR,25.04,25.05,25.22,2433900.0,2370400.0,0,0
2.0,1.0,1.0,,Aggregate Position Limit,Your CRO has set the aggregate position limit to 14000 shares for this week.,30,2026-02-01 05:18:21.271766,SPNG,25.32,24.71,25.32,2272700.0,2300900.0,0,0
1.0,1.0,1.0,,Welcome to the RITC 2026 Alogithmic Market Making Case - practice server,,30,2026-02-01 05:18:21.271766,SMMR,24.98,25.13,25.14,2068000.0,2042800.0,0,0
,,,,,,30,2026-02-01 05:18:21.271766,ATMN,25.32,24.84,25.32,2438300.0,2280300.0,0,0
,,,,,,30,2026-02-01 05:18:21.271766,WNTR,25.04,25.05,25.07,2409400.0,2355200.0,0,0
2.0,1.0,1.0,,Aggregate Position Limit,Your CRO has set the aggregate position limit to 14000 shares for this week.,31,2026-02-01 05:18:22.301257,SPNG,25.32,24.88,24.95,2300800.0,2294500.0,0,0
1.0,1.0,1.0,,Welcome to the RITC 2026 Alogithmic Market Making Case - practice server,,31,2026-02-01 05:18:22.301257,SMMR,25.13,24.88,25.13,2072000.0,2025300.0,0,0
,,,,,,31,2026-02-01 05:18:22.301257,ATMN,25.04,24.84,24.98,2438300.0,2313400.0,0,0
,,,,,,31,2026-02-01 05:18:22.301257,WNTR,25.05,24.99,25.05,2416400.0,2391500.0,0,0
2.0,1.0,1.0,,Aggregate Position Limit,Your CRO has set the aggregate position limit to 14000 shares for this week.,32,2026-02-01 05:18:23.337912,SPNG,24.95,24.88,24.95,2301900.0,2294500.0,0,0
1.0,1.0,1.0,,Welcome to the RITC 2026 Alogithmic Market Making Case - practice server,,32,2026-02-01 05:18:23.337912,SMMR,25.14,25.1,25.14,2077300.0,2029100.0,0,0
,,,,,,32,2026-02-01 05:18:23.337912,ATMN,25.33,24.84,24.89,2402500.0,2317200.0,0,0
,,,,,,32,2026-02-01 05:18:23.337912,WNTR,25.05,25.08,25.13,2399100.0,2375400.0,0,0
2.0,1.0,1.0,,Aggregate Position Limit,Your CRO has set the aggregate position limit to 14000 shares for this week.,33,2026-02-01 05:18:24.372133,SPNG,24.88,24.88,25.32,2273900.0,2271500.0,0,0
1.0,1.0,1.0,,Welcome to the RITC 2026 Alogithmic Market Making Case - practice server,,33,2026-02-01 05:18:24.372133,SMMR,25.1,24.88,24.93,2072000.0,2063800.0,0,0
,,,,,,33,2026-02-01 05:18:24.372133,ATMN,24.89,25.18,25.33,2405200.0,2286100.0,0,0
,,,,,,33,2026-02-01 05:18:24.372133,WNTR,24.99,25.04,25.13,2439600.0,2375400.0,0,0
2.0,1.0,1.0,,Aggregate Position Limit,Your CRO has set the aggregate position limit to 14000 shares for this week.,34,2026-02-01 05:18:25.396402,SPNG,25.22,24.88,25.01,2250100.0,2268200.0,0,0
1.0,1.0,1.0,,Welcome to the RITC 2026 Alogithmic Market Making Case - practice server,,34,2026-02-01 05:18:25.396402,SMMR,25.1,24.88,24.93,2083500.0,2063800.0,0,0
,,,,,,34,2026-02-01 05:18:25.396402,ATMN,25.35,24.84,25.35,2402500.0,2267000.0,0,0
,,,,,,34,2026-02-01 05:18:25.396402,WNTR,25.04,25.04,25.19,2439600.0,2402000.0,0,0
2.0,1.0,1.0,,Aggregate Position Limit,Your CRO has set the aggregate position limit to 14000 shares for this week.,35,2026-02-01 05:18:26.445940,SPNG,25.33,24.88,25.33,2273300.0,2307600.0,0,0
1.0,1.0,1.0,,Welcome to the RITC 2026 Alogithmic Market Making Case - practice server,,35,2026-02-01 05:18:26.445940,SMMR,24.88,24.88,25.14,2083500.0,2050300.0,0,0
,,,,,,35,2026-02-01 05:18:26.445940,ATMN,24.97,25.2,25.22,2408600.0,2280000.0,0,0
,,,,,,35,2026-02-01 05:18:26.445940,WNTR,25.15,25.15,25.19,2423500.0,2403500.0,0,0
2.0,1.0,1.0,,Aggregate Position Limit,Your CRO has set the aggregate position limit to 14000 shares for this week.,36,2026-02-01 05:18:27.507722,SPNG,24.85,24.85,25.18,2270600.0,2273600.0,0,0
1.0,1.0,1.0,,Welcome to the RITC 2026 Alogithmic Market Making Case - practice server,,36,2026-02-01 05:18:27.507722,SMMR,25.1,25.0,25.1,2085100.0,2050500.0,0,0
,,,,,,36,2026-02-01 05:18:27.507722,ATMN,25.05,25.07,25.22,2397300.0,2280000.0,0,0
,,,,,,36,2026-02-01 05:18:27.507722,WNTR,25.19,25.21,25.22,2437800.0,2387600.0,0,0
2.0,1.0,1.0,,Aggregate Position Limit,Your CRO has set the aggregate position limit to 14000 shares for this week.,37,2026-02-01 05:18:28.548348,SPNG,25.17,25.17,25.18,2278800.0,2293400.0,0,0
1.0,1.0,1.0,,Welcome to the RITC 2026 Alogithmic Market Making Case - practice server,,37,2026-02-01 05:18:28.548348,SMMR,25.1,25.0,25.1,2104600.0,2050500.0,0,0
,,,,,,37,2026-02-01 05:18:28.548348,ATMN,25.05,25.07,25.22,2397100.0,2303200.0,0,0
,,,,,,37,2026-02-01 05:18:28.548348,WNTR,25.05,25.22,25.24,2419600.0,2398600.0,0,0
2.0,1.0,1.0,,Aggregate Position Limit,Your CRO has set the aggregate position limit to 14000 shares for this week.,38,2026-02-01 05:18:29.581450,SPNG,25.17,25.17,25.18,2278800.0,2299000.0,0,0
1.0,1.0,1.0,,Welcome to the RITC 2026 Alogithmic Market Making Case - practice server,,38,2026-02-01 05:18:29.581450,SMMR,25.19,25.0,25.19,2104600.0,2022900.0,0,0
,,,,,,38,2026-02-01 05:18:29.581450,ATMN,25.05,25.07,25.09,2381500.0,2316300.0,0,0
,,,,,,38,2026-02-01 05:18:29.581450,WNTR,25.26,25.22,25.26,2419600.0,2381900.0,0,0
2.0,1.0,1.0,,Aggregate Position Limit,Your CRO has set the aggregate position limit to 14000 shares for this week.,39,2026-02-01 05:18:30.636576,SPNG,25.18,24.71,25.18,2240200.0,2303900.0,0,0
1.0,1.0,1.0,,Welcome to the RITC 2026 Alogithmic Market Making Case - practice server,,39,2026-02-01 05:18:30.636576,SMMR,25.25,25.0,25.25,2104600.0,2043400.0,0,0
,,,,,,39,2026-02-01 05:18:30.636576,ATMN,25.09,25.07,25.09,2357600.0,2316300.0,0,0
,,,,,,39,2026-02-01 05:18:30.636576,WNTR,25.22,25.07,25.14,2408300.0,2355800.0,0,0
2.0,1.0,1.0,,Aggregate Position Limit,Your CRO has set the aggregate position limit to 14000 shares for this week.,40,2026-02-01 05:18:31.691746,SPNG,24.69,24.87,25.05,2252900.0,2290100.0,0,0
1.0,1.0,1.0,,Welcome to the RITC 2026 Alogithmic Market Making Case - practice server,,40,2026-02-01 05:18:31.691746,SMMR,25.25,25.03,25.25,2115000.0,2060700.0,0,0
,,,,,,40,2026-02-01 05:18:31.691746,ATMN,25.22,25.07,25.2,2334400.0,2315400.0,0,0
,,,,,,40,2026-02-01 05:18:31.691746,WNTR,25.25,25.25,25.26,2398900.0,2381900.0,0,0
2.0,1.0,1.0,,Aggregate Position Limit,Your CRO has set the aggregate position limit to 14000 shares for this week.,41,2026-02-01 05:18:32.722937,SPNG,24.69,24.96,25.05,2259400.0,2268300.0,0,0
1.0,1.0,1.0,,Welcome to the RITC 2026 Alogithmic Market Making Case - practice server,,41,2026-02-01 05:18:32.722937,SMMR,25.03,25.03,25.09,2115000.0,2056900.0,0,0
,,,,,,41,2026-02-01 05:18:32.722937,ATMN,25.22,25.32,25.35,2341600.0,2316500.0,0,0
,,,,,,41,2026-02-01 05:18:32.722937,WNTR,25.28,25.08,25.28,2392200.0,2385000.0,0,0
2.0,1.0,1.0,,Aggregate Position Limit,Your CRO has set the aggregate position limit to 14000 shares for this week.,42,2026-02-01 05:18:33.753943,SPNG,24.96,24.96,25.05,2259400.0,2302000.0,0,0
1.0,1.0,1.0,,Welcome to the RITC 2026 Alogithmic Market Making Case - practice server,,42,2026-02-01 05:18:33.753943,SMMR,25.03,25.03,25.09,2101400.0,2036900.0,0,0
,,,,,,42,2026-02-01 05:18:33.753943,ATMN,25.21,25.33,25.35,2331300.0,2326300.0,0,0
,,,,,,42,2026-02-01 05:18:33.753943,WNTR,25.29,25.08,25.29,2359800.0,2346300.0,0,0
2.0,1.0,1.0,,Aggregate Position Limit,Your CRO has set the aggregate position limit to 14000 shares for this week.,43,2026-02-01 05:18:34.784439,SPNG,24.75,24.75,25.17,2235900.0,2303000.0,0,0
1.0,1.0,1.0,,Welcome to the RITC 2026 Alogithmic Market Making Case - practice server,,43,2026-02-01 05:18:34.784439,SMMR,25.0,25.0,25.04,2104600.0,2039700.0,0,0
,,,,,,43,2026-02-01 05:18:34.784439,ATMN,25.35,25.23,25.35,2347000.0,2302200.0,0,0
,,,,,,43,2026-02-01 05:18:34.784439,WNTR,25.23,25.23,25.29,2358600.0,2349900.0,0,0
2.0,1.0,1.0,,Aggregate Position Limit,Your CRO has set the aggregate position limit to 14000 shares for this week.,44,2026-02-01 05:18:35.817319,SPNG,25.18,24.84,25.18,2257500.0,2301100.0,0,0
1.0,1.0,1.0,,Welcome to the RITC 2026 Alogithmic Market Making Case - practice server,,44,2026-02-01 05:18:35.817319,SMMR,24.9,24.9,25.04,2101200.0,2039700.0,0,0
,,,,,,44,2026-02-01 05:18:35.817319,ATMN,25.04,24.99,25.04,2362300.0,2262400.0,0,0
,,,,,,44,2026-02-01 05:18:35.817319,WNTR,25.3,25.23,25.3,2327500.0,2360700.0,0,0
2.0,1.0,1.0,,Aggregate Position Limit,Your CRO has set the aggregate position limit to 14000 shares for this week.,45,2026-02-01 05:18:36.891802,SPNG,24.68,24.68,25.28,2260300.0,2334500.0,0,0
1.0,1.0,1.0,,Welcome to the RITC 2026 Alogithmic Market Making Case - practice server,,45,2026-02-01 05:18:36.891802,SMMR,25.09,24.9,25.09,2120500.0,2036900.0,0,0
,,,,,,45,2026-02-01 05:18:36.891802,ATMN,25.37,25.08,25.37,2364400.0,2282900.0,0,0
,,,,,,45,2026-02-01 05:18:36.891802,WNTR,25.31,25.23,25.31,2327500.0,2384400.0,0,0
2.0,1.0,1.0,,Aggregate Position Limit,Your CRO has set the aggregate position limit to 14000 shares for this week.,47,2026-02-01 05:18:37.939978,SPNG,24.66,24.66,25.22,2277800.0,2330600.0,0,0
1.0,1.0,1.0,,Welcome to the RITC 2026 Alogithmic Market Making Case - practice server,,47,2026-02-01 05:18:37.939978,SMMR,25.18,25.01,25.18,2121500.0,2031900.0,0,0
,,,,,,47,2026-02-01 05:18:37.939978,ATMN,24.99,24.99,25.31,2362300.0,2251900.0,0,0
,,,,,,47,2026-02-01 05:18:37.939978,WNTR,25.15,25.08,25.15,2347200.0,2423200.0,0,0
2.0,1.0,1.0,,Aggregate Position Limit,Your CRO has set the aggregate position limit to 14000 shares for this week.,48,2026-02-01 05:18:38.986071,SPNG,24.66,24.98,25.22,2285300.0,2322300.0,0,0
1.0,1.0,1.0,,Welcome to the RITC 2026 Alogithmic Market Making Case - practice server,,48,2026-02-01 05:18:38.986071,SMMR,25.24,25.01,25.23,2121500.0,2045200.0,0,0
,,,,,,48,2026-02-01 05:18:38.986071,ATMN,24.95,25.22,25.31,2358600.0,2247200.0,0,0
,,,,,,48,2026-02-01 05:18:38.986071,WNTR,25.34,25.08,25.34,2318600.0,2397200.0,0,0
2.0,1.0,1.0,,Aggregate Position Limit,Your CRO has set the aggregate position limit to 14000 shares for this week.,49,2026-02-01 05:18:40.032689,SPNG,24.63,24.63,25.22,2271900.0,2322300.0,0,0
1.0,1.0,1.0,,Welcome to the RITC 2026 Alogithmic Market Making Case - practice server,,49,2026-02-01 05:18:40.032689,SMMR,25.03,25.01,25.03,2099500.0,2056300.0,0,0
,,,,,,49,2026-02-01 05:18:40.032689,ATMN,24.91,24.91,25.3,2360900.0,2234800.0,0,0
,,,,,,49,2026-02-01 05:18:40.032689,WNTR,25.08,25.08,25.23,2348900.0,2415300.0,0,0
2.0,1.0,1.0,,Aggregate Position Limit,Your CRO has set the aggregate position limit to 14000 shares for this week.,50,2026-02-01 05:18:41.069329,SPNG,24.87,24.87,24.91,2289500.0,2331800.0,0,0
1.0,1.0,1.0,,Welcome to the RITC 2026 Alogithmic Market Making Case - practice server,,50,2026-02-01 05:18:41.069329,SMMR,24.9,24.9,25.03,2120500.0,2068800.0,0,0
,,,,,,50,2026-02-01 05:18:41.069329,ATMN,24.89,24.89,25.01,2380000.0,2193900.0,0,0
,,,,,,50,2026-02-01 05:18:41.069329,WNTR,25.08,25.08,25.23,2328400.0,2394200.0,0,0
2.0,1.0,1.0,,Aggregate Position Limit,Your CRO has set the aggregate position limit to 14000 shares for this week.,51,2026-02-01 05:18:42.116565,SPNG,25.22,24.87,25.22,2263900.0,2322300.0,0,0
1.0,1.0,1.0,,Welcome to the RITC 2026 Alogithmic Market Making Case - practice server,,51,2026-02-01 05:18:42.116565,SMMR,24.89,24.89,25.03,2121200.0,2068800.0,0,0
,,,,,,51,2026-02-01 05:18:42.116565,ATMN,24.84,24.87,25.01,2376400.0,2193900.0,0,0
,,,,,,51,2026-02-01 05:18:42.116565,WNTR,25.08,25.08,25.14,2328400.0,2362900.0,0,0
2.0,1.0,1.0,,Aggregate Position Limit,Your CRO has set the aggregate position limit to 14000 shares for this week.,52,2026-02-01 05:18:43.149672,SPNG,25.22,24.62,25.22,2256700.0,2322300.0,0,0
1.0,1.0,1.0,,Welcome to the RITC 2026 Alogithmic Market Making Case - practice server,,52,2026-02-01 05:18:43.149672,SMMR,25.25,24.89,25.25,2121200.0,2032200.0,0,0
,,,,,,52,2026-02-01 05:18:43.149672,ATMN,25.01,25.02,25.3,2362500.0,2213700.0,0,0
,,,,,,52,2026-02-01 05:18:43.149672,WNTR,25.23,25.05,25.23,2410700.0,2371700.0,0,0
2.0,1.0,1.0,,Aggregate Position Limit,Your CRO has set the aggregate position limit to 14000 shares for this week.,53,2026-02-01 05:18:44.178905,SPNG,24.85,25.15,25.22,2265900.0,2322300.0,0,0
1.0,1.0,1.0,,Welcome to the RITC 2026 Alogithmic Market Making Case - practice server,,53,2026-02-01 05:18:44.178905,SMMR,25.25,24.89,24.98,2110500.0,2049500.0,0,0
,,,,,,53,2026-02-01 05:18:44.178905,ATMN,24.92,25.27,25.3,2370700.0,2193600.0,0,0
,,,,,,53,2026-02-01 05:18:44.178905,WNTR,25.23,25.05,25.23,2407000.0,2371700.0,0,0
2.0,1.0,1.0,,Aggregate Position Limit,Your CRO has set the aggregate position limit to 14000 shares for this week.,54,2026-02-01 05:18:45.206241,SPNG,24.62,24.62,25.22,2272700.0,2322300.0,0,0
1.0,1.0,1.0,,Welcome to the RITC 2026 Alogithmic Market Making Case - practice server,,54,2026-02-01 05:18:45.206241,SMMR,24.88,24.93,24.98,2077100.0,2049500.0,0,0
,,,,,,54,2026-02-01 05:18:45.206241,ATMN,25.27,24.87,24.93,2356000.0,2201200.0,0,0
,,,,,,54,2026-02-01 05:18:45.206241,WNTR,25.04,25.04,25.23,2409500.0,2371700.0,0,0
2.0,1.0,1.0,,Aggregate Position Limit,Your CRO has set the aggregate position limit to 14000 shares for this week.,55,2026-02-01 05:18:46.239144,SPNG,25.07,25.07,25.13,2281700.0,2284800.0,0,0
1.0,1.0,1.0,,Welcome to the RITC 2026 Alogithmic Market Making Case - practice server,,55,2026-02-01 05:18:46.239144,SMMR,24.89,24.89,24.98,2103400.0,2049500.0,0,0
,,,,,,55,2026-02-01 05:18:46.239144,ATMN,25.17,24.87,25.14,2356000.0,2209900.0,0,0
,,,,,,55,2026-02-01 05:18:46.239144,WNTR,25.26,25.04,25.26,2409500.0,2369000.0,0,0
2.0,1.0,1.0,,Aggregate Position Limit,Your CRO has set the aggregate position limit to 14000 shares for this week.,56,2026-02-01 05:18:47.260031,SPNG,25.07,25.07,25.13,2281700.0,2308100.0,0,0
1.0,1.0,1.0,,Welcome to the RITC 2026 Alogithmic Market Making Case - practice server,,56,2026-02-01 05:18:47.260031,SMMR,25.11,24.94,25.08,2106200.0,2029500.0,0,0
,,,,,,56,2026-02-01 05:18:47.260031,ATMN,24.84,24.84,25.1,2381400.0,2219500.0,0,0
,,,,,,56,2026-02-01 05:18:47.260031,WNTR,25.09,25.04,25.09,2409500.0,2376900.0,0,0
2.0,1.0,1.0,,Aggregate Position Limit,Your CRO has set the aggregate position limit to 14000 shares for this week.,57,2026-02-01 05:18:48.288984,SPNG,25.13,24.62,25.13,2247900.0,2308100.0,0,0
1.0,1.0,1.0,,Welcome to the RITC 2026 Alogithmic Market Making Case - practice server,,57,2026-02-01 05:18:48.288984,SMMR,25.08,25.15,25.2,2109300.0,2022600.0,0,0
,,,,,,57,2026-02-01 05:18:48.288984,ATMN,25.14,24.84,25.14,2381300.0,2203200.0,0,0
,,,,,,57,2026-02-01 05:18:48.288984,WNTR,25.17,25.17,25.26,2404900.0,2372500.0,0,0
2.0,1.0,1.0,,Aggregate Position Limit,Your CRO has set the aggregate position limit to 14000 shares for this week.,58,2026-02-01 05:18:49.320380,SPNG,25.13,24.62,24.92,2247900.0,2263200.0,0,0
1.0,1.0,1.0,,Welcome to the RITC 2026 Alogithmic Market Making Case - practice server,,58,2026-02-01 05:18:49.320380,SMMR,25.08,25.0,25.08,2118000.0,2042900.0,0,0
,,,,,,58,2026-02-01 05:18:49.320380,ATMN,24.94,25.02,25.14,2380200.0,2196000.0,0,0
,,,,,,58,2026-02-01 05:18:49.320380,WNTR,25.17,25.14,25.16,2404400.0,2382300.0,0,0
2.0,1.0,1.0,,Aggregate Position Limit,Your CRO has set the aggregate position limit to 14000 shares for this week.,59,2026-02-01 05:18:50.351307,SPNG,24.6,24.6,25.15,2269000.0,2260000.0,0,0
1.0,1.0,1.0,,Welcome to the RITC 2026 Alogithmic Market Making Case - practice server,,59,2026-02-01 05:18:50.351307,SMMR,25.17,25.17,25.2,2155700.0,1995900.0,0,0
,,,,,,59,2026-02-01 05:18:50.351307,ATMN,25.14,25.02,25.14,2380200.0,2198700.0,0,0
,,,,,,59,2026-02-01 05:18:50.351307,WNTR,25.14,25.14,25.16,2388900.0,2382300.0,0,0
2.0,1.0,1.0,,Aggregate Position Limit,Your CRO has set the aggregate position limit to 14000 shares for this week.,60,2026-02-01 05:18:51.382061,SPNG,25.59,25.59,25.82,944800.0,668900.0,0,0
1.0,1.0,1.0,,Welcome to the RITC 2026 Alogithmic Market Making Case - practice server,,60,2026-02-01 05:18:51.382061,SMMR,24.94,25.03,0.0,200000.0,,0,0
,,,,,,60,2026-02-01 05:18:51.382061,ATMN,24.83,24.25,0.0,200000.0,,0,0
,,,,,,60,2026-02-01 05:18:51.382061,WNTR,25.88,25.4,25.69,671100.0,791900.0,0,0
2.0,1.0,1.0,,Aggregate Position Limit,Your CRO has set the aggregate position limit to 14000 shares for this week.,61,2026-02-01 05:18:52.410926,SPNG,25.59,25.2,25.36,1185800.0,895100.0,0,0
1.0,1.0,1.0,,Welcome to the RITC 2026 Alogithmic Market Making Case - practice server,,61,2026-02-01 05:18:52.410926,SMMR,25.03,25.03,25.47,856300.0,1039200.0,0,0
,,,,,,61,2026-02-01 05:18:52.410926,ATMN,24.25,24.25,24.66,1018400.0,1190800.0,0,0
,,,,,,61,2026-02-01 05:18:52.410926,WNTR,25.85,25.68,25.85,980700.0,920300.0,0,0
2.0,1.0,1.0,,Aggregate Position Limit,Your CRO has set the aggregate position limit to 14000 shares for this week.,62,2026-02-01 05:18:53.440470,SPNG,25.56,25.2,25.42,1185800.0,984200.0,0,0
1.0,1.0,1.0,,Welcome to the RITC 2026 Alogithmic Market Making Case - practice server,,62,2026-02-01 05:18:53.440470,SMMR,25.03,25.03,25.19,856300.0,1404400.0,0,0
,,,,,,62,2026-02-01 05:18:53.440470,ATMN,24.25,24.25,24.33,1018400.0,1659600.0,0,0
,,,,,,62,2026-02-01 05:18:53.440470,WNTR,25.85,25.91,26.24,1172800.0,972900.0,0,0
2.0,1.0,1.0,,Aggregate Position Limit,Your CRO has set the aggregate position limit to 14000 shares for this week.,63,2026-02-01 05:18:54.465942,SPNG,25.56,25.38,25.42,1669900.0,984200.0,0,0
1.0,1.0,1.0,,Welcome to the RITC 2026 Alogithmic Market Making Case - practice server,,63,2026-02-01 05:18:54.465942,SMMR,24.94,24.94,25.19,885800.0,1591700.0,0,0
,,,,,,63,2026-02-01 05:18:54.465942,ATMN,24.05,24.21,24.33,1134200.0,1788500.0,0,0
,,,,,,63,2026-02-01 05:18:54.465942,WNTR,25.85,25.82,25.85,1080200.0,1221800.0,0,0
2.0,1.0,1.0,,Aggregate Position Limit,Your CRO has set the aggregate position limit to 14000 shares for this week.,64,2026-02-01 05:18:55.492391,SPNG,25.42,25.58,25.68,2008300.0,864300.0,0,0
1.0,1.0,1.0,,Welcome to the RITC 2026 Alogithmic Market Making Case - practice server,,64,2026-02-01 05:18:55.492391,SMMR,24.94,24.94,25.12,993800.0,1815400.0,0,0
,,,,,,64,2026-02-01 05:18:55.492391,ATMN,24.33,24.0,24.33,1177500.0,1788500.0,0,0
,,,,,,64,2026-02-01 05:18:55.492391,WNTR,26.0,25.8,26.0,1223200.0,1097300.0,0,0
2.0,1.0,1.0,,Aggregate Position Limit,Your CRO has set the aggregate position limit to 14000 shares for this week.,65,2026-02-01 05:18:56.521691,SPNG,25.82,25.51,25.82,2035900.0,768600.0,0,0
1.0,1.0,1.0,,Welcome to the RITC 2026 Alogithmic Market Making Case - practice server,,65,2026-02-01 05:18:56.521691,SMMR,24.94,24.94,25.1,1092600.0,1991400.0,0,0
,,,,,,65,2026-02-01 05:18:56.521691,ATMN,24.11,24.11,24.33,1289700.0,1788500.0,0,0
,,,,,,65,2026-02-01 05:18:56.521691,WNTR,26.0,25.8,26.0,1747200.0,1097300.0,0,0
2.0,1.0,1.0,,Aggregate Position Limit,Your CRO has set the aggregate position limit to 14000 shares for this week.,66,2026-02-01 05:18:57.552832,SPNG,25.51,25.51,25.72,2139900.0,891600.0,0,0
1.0,1.0,1.0,,Welcome to the RITC 2026 Alogithmic Market Making Case - practice server,,66,2026-02-01 05:18:57.552832,SMMR,25.0,24.92,25.0,996700.0,2005900.0,0,0
,,,,,,66,2026-02-01 05:18:57.552832,ATMN,24.35,24.11,24.18,1289700.0,1883300.0,0,0
,,,,,,66,2026-02-01 05:18:57.552832,WNTR,25.8,25.8,25.91,1747200.0,1319400.0,0,0
2.0,1.0,1.0,,Aggregate Position Limit,Your CRO has set the aggregate position limit to 14000 shares for this week.,67,2026-02-01 05:18:58.582962,SPNG,25.72,25.43,25.72,2124100.0,997100.0,0,0
1.0,1.0,1.0,,Welcome to the RITC 2026 Alogithmic Market Making Case - practice server,,67,2026-02-01 05:18:58.582962,SMMR,24.92,24.6,24.81,975900.0,1986300.0,0,0
,,,,,,67,2026-02-01 05:18:58.582962,ATMN,24.18,24.11,24.18,1428000.0,2117200.0,0,0
,,,,,,67,2026-02-01 05:18:58.582962,WNTR,25.79,25.79,25.87,1521900.0,1513500.0,0,0
2.0,1.0,1.0,,Aggregate Position Limit,Your CRO has set the aggregate position limit to 14000 shares for this week.,68,2026-02-01 05:18:59.625749,SPNG,25.82,25.43,25.71,2266500.0,869400.0,0,0
1.0,1.0,1.0,,Welcome to the RITC 2026 Alogithmic Market Making Case - practice server,,68,2026-02-01 05:18:59.625749,SMMR,24.92,24.71,24.81,1301900.0,1986300.0,0,0
,,,,,,68,2026-02-01 05:18:59.625749,ATMN,24.0,24.0,24.18,1413700.0,2216900.0,0,0
,,,,,,68,2026-02-01 05:18:59.625749,WNTR,25.91,25.74,25.88,1391900.0,1554400.0,0,0
2.0,1.0,1.0,,Aggregate Position Limit,Your CRO has set the aggregate position limit to 14000 shares for this week.,69,2026-02-01 05:19:00.658923,SPNG,25.44,25.52,25.82,2394900.0,768600.0,0,0
1.0,1.0,1.0,,Welcome to the RITC 2026 Alogithmic Market Making Case - practice server,,69,2026-02-01 05:19:00.658923,SMMR,24.81,24.98,25.12,1597600.0,1988000.0,0,0
,,,,,,69,2026-02-01 05:19:00.658923,ATMN,23.97,23.97,24.27,1283900.0,2095900.0,0,0
,,,,,,69,2026-02-01 05:19:00.658923,WNTR,25.91,25.74,25.81,1734200.0,1676000.0,0,0
2.0,1.0,1.0,,Aggregate Position Limit,Your CRO has set the aggregate position limit to 14000 shares for this week.,70,2026-02-01 05:19:01.718734,SPNG,25.38,25.56,25.82,2136700.0,768600.0,0,0
1.0,1.0,1.0,,Welcome to the RITC 2026 Alogithmic Market Making Case - practice server,,70,2026-02-01 05:19:01.718734,SMMR,24.89,24.79,24.87,1592400.0,1977900.0,0,0
,,,,,,70,2026-02-01 05:19:01.718734,ATMN,23.96,23.96,24.27,1541300.0,2095900.0,0,0
,,,,,,70,2026-02-01 05:19:01.718734,WNTR,25.68,25.68,25.81,1468000.0,1892100.0,0,0
2.0,1.0,1.0,,Aggregate Position Limit,Your CRO has set the aggregate position limit to 14000 shares for this week.,71,2026-02-01 05:19:02.752716,SPNG,25.97,25.56,25.97,2136700.0,997600.0,0,0
1.0,1.0,1.0,,Welcome to the RITC 2026 Alogithmic Market Making Case - practice server,,71,2026-02-01 05:19:02.752716,SMMR,24.87,24.94,25.12,1907400.0,1988000.0,0,0
,,,,,,71,2026-02-01 05:19:02.752716,ATMN,24.19,24.19,24.27,1662900.0,2205800.0,0,0
,,,,,,71,2026-02-01 05:19:02.752716,WNTR,25.58,25.61,25.81,1473800.0,1994400.0,0,0
2.0,1.0,1.0,,Aggregate Position Limit,Your CRO has set the aggregate position limit to 14000 shares for this week.,72,2026-02-01 05:19:03.784808,SPNG,25.9,25.37,25.9,2038900.0,1110600.0,0,0
1.0,1.0,1.0,,Welcome to the RITC 2026 Alogithmic Market Making Case - practice server,,72,2026-02-01 05:19:03.784808,SMMR,25.19,24.94,25.19,1907400.0,1968500.0,0,0
,,,,,,72,2026-02-01 05:19:03.784808,ATMN,23.95,23.95,24.27,1403000.0,2383900.0,0,0
,,,,,,72,2026-02-01 05:19:03.784808,WNTR,25.81,25.75,25.81,1604300.0,2096900.0,0,0
2.0,1.0,1.0,,Aggregate Position Limit,Your CRO has set the aggregate position limit to 14000 shares for this week.,73,2026-02-01 05:19:04.832296,SPNG,26.0,26.0,26.29,2137100.0,760200.0,0,0
1.0,1.0,1.0,,Welcome to the RITC 2026 Alogithmic Market Making Case - practice server,,73,2026-02-01 05:19:04.832296,SMMR,25.19,24.94,25.04,2013300.0,1994300.0,0,0
,,,,,,73,2026-02-01 05:19:04.832296,ATMN,24.27,24.23,24.27,1655800.0,2383900.0,0,0
,,,,,,73,2026-02-01 05:19:04.832296,WNTR,25.56,25.77,25.81,1518800.0,2096900.0,0,0
2.0,1.0,1.0,,Aggregate Position Limit,Your CRO has set the aggregate position limit to 14000 shares for this week.,74,2026-02-01 05:19:05.863544,SPNG,25.22,25.22,26.29,2044000.0,1098100.0,0,0
1.0,1.0,1.0,,Welcome to the RITC 2026 Alogithmic Market Making Case - practice server,,74,2026-02-01 05:19:05.863544,SMMR,25.04,25.04,25.19,2032800.0,2019200.0,0,0
,,,,,,74,2026-02-01 05:19:05.863544,ATMN,24.27,23.99,24.27,1816900.0,2356600.0,0,0
,,,,,,74,2026-02-01 05:19:05.863544,WNTR,25.88,25.77,25.88,1518800.0,1857500.0,0,0
2.0,1.0,1.0,,Aggregate Position Limit,Your CRO has set the aggregate position limit to 14000 shares for this week.,75,2026-02-01 05:19:06.907574,SPNG,25.71,25.22,25.71,2140000.0,1214200.0,0,0
1.0,1.0,1.0,,Welcome to the RITC 2026 Alogithmic Market Making Case - practice server,,75,2026-02-01 05:19:06.907574,SMMR,24.82,24.82,24.93,1809800.0,2116500.0,0,0
,,,,,,75,2026-02-01 05:19:06.907574,ATMN,23.87,23.87,24.34,1571900.0,2376200.0,0,0
,,,,,,75,2026-02-01 05:19:06.907574,WNTR,25.91,25.77,25.86,1641900.0,1862600.0,0,0
2.0,1.0,1.0,,Aggregate Position Limit,Your CRO has set the aggregate position limit to 14000 shares for this week.,76,2026-02-01 05:19:07.943361,SPNG,25.71,25.58,25.71,2404600.0,1214200.0,0,0
1.0,1.0,1.0,,Welcome to the RITC 2026 Alogithmic Market Making Case - practice server,,76,2026-02-01 05:19:07.943361,SMMR,24.93,24.92,24.93,2048700.0,2116500.0,0,0
,,,,,,76,2026-02-01 05:19:07.943361,ATMN,23.8,23.8,24.19,1602500.0,2375600.0,0,0
,,,,,,76,2026-02-01 05:19:07.943361,WNTR,25.91,25.77,25.86,1867400.0,2059500.0,0,0
2.0,1.0,1.0,,Aggregate Position Limit,Your CRO has set the aggregate position limit to 14000 shares for this week.,77,2026-02-01 05:19:08.975290,SPNG,26.07,25.58,25.63,2404600.0,1314400.0,0,0
1.0,1.0,1.0,,Welcome to the RITC 2026 Alogithmic Market Making Case - practice server,,77,2026-02-01 05:19:08.975290,SMMR,24.93,25.04,25.06,2126300.0,2085900.0,0,0
,,,,,,77,2026-02-01 05:19:08.975290,ATMN,23.84,23.8,23.84,1602500.0,2273000.0,0,0
,,,,,,77,2026-02-01 05:19:08.975290,WNTR,25.62,25.62,25.86,1646100.0,2190500.0,0,0
2.0,1.0,1.0,,Aggregate Position Limit,Your CRO has set the aggregate position limit to 14000 shares for this week.,78,2026-02-01 05:19:10.003703,SPNG,25.63,25.73,26.17,2308400.0,1199000.0,0,0
1.0,1.0,1.0,,Welcome to the RITC 2026 Alogithmic Market Making Case - practice server,,78,2026-02-01 05:19:10.003703,SMMR,25.04,25.04,25.06,2126300.0,2067000.0,0,0
,,,,,,78,2026-02-01 05:19:10.003703,ATMN,24.43,23.8,24.43,1602500.0,2019200.0,0,0
,,,,,,78,2026-02-01 05:19:10.003703,WNTR,25.6,25.6,25.9,1649000.0,1951800.0,0,0
2.0,1.0,1.0,,Aggregate Position Limit,Your CRO has set the aggregate position limit to 14000 shares for this week.,79,2026-02-01 05:19:11.040732,SPNG,25.67,26.16,26.17,2313800.0,1302000.0,0,0
1.0,1.0,1.0,,Welcome to the RITC 2026 Alogithmic Market Making Case - practice server,,79,2026-02-01 05:19:11.040732,SMMR,24.96,24.96,25.06,2153100.0,2068800.0,0,0
,,,,,,79,2026-02-01 05:19:11.040732,ATMN,23.88,23.8,23.88,1602500.0,2158800.0,0,0
,,,,,,79,2026-02-01 05:19:11.040732,WNTR,25.64,25.6,25.64,1888200.0,2079600.0,0,0
2.0,1.0,1.0,,Aggregate Position Limit,Your CRO has set the aggregate position limit to 14000 shares for this week.,80,2026-02-01 05:19:12.074880,SPNG,25.67,26.16,26.17,2313800.0,1760000.0,0,0
1.0,1.0,1.0,,Welcome to the RITC 2026 Alogithmic Market Making Case - practice server,,80,2026-02-01 05:19:12.074880,SMMR,25.06,24.82,25.06,2042900.0,2068800.0,0,0
,,,,,,80,2026-02-01 05:19:12.074880,ATMN,23.88,24.12,24.43,1921200.0,2019200.0,0,0
,,,,,,80,2026-02-01 05:19:12.074880,WNTR,25.64,25.62,25.64,2261000.0,2079600.0,0,0
2.0,1.0,1.0,,Aggregate Position Limit,Your CRO has set the aggregate position limit to 14000 shares for this week.,81,2026-02-01 05:19:13.098058,SPNG,26.16,25.59,25.68,2343000.0,2084400.0,0,0
1.0,1.0,1.0,,Welcome to the RITC 2026 Alogithmic Market Making Case - practice server,,81,2026-02-01 05:19:13.098058,SMMR,25.07,25.09,25.1,2165100.0,2049200.0,0,0
,,,,,,81,2026-02-01 05:19:13.098058,ATMN,23.78,23.78,24.43,1607900.0,2019200.0,0,0
,,,,,,81,2026-02-01 05:19:13.098058,WNTR,25.64,25.64,25.9,2366300.0,1951800.0,0,0
2.0,1.0,1.0,,Aggregate Position Limit,Your CRO has set the aggregate position limit to 14000 shares for this week.,82,2026-02-01 05:19:14.142507,SPNG,25.54,25.54,25.79,2400700.0,2091600.0,0,0
1.0,1.0,1.0,,Welcome to the RITC 2026 Alogithmic Market Making Case - practice server,,82,2026-02-01 05:19:14.142507,SMMR,25.09,25.09,25.1,2165100.0,2045500.0,0,0
,,,,,,82,2026-02-01 05:19:14.142507,ATMN,24.4,24.4,24.42,1750100.0,2248400.0,0,0
,,,,,,82,2026-02-01 05:19:14.142507,WNTR,25.9,25.6,25.9,2380400.0,1951800.0,0,0
2.0,1.0,1.0,,Aggregate Position Limit,Your CRO has set the aggregate position limit to 14000 shares for this week.,84,2026-02-01 05:19:15.222125,SPNG,25.79,25.54,25.79,2322700.0,2091600.0,0,0
1.0,1.0,1.0,,Welcome to the RITC 2026 Alogithmic Market Making Case - practice server,,84,2026-02-01 05:19:15.222125,SMMR,25.1,24.82,25.1,2146900.0,2058200.0,0,0
,,,,,,84,2026-02-01 05:19:15.222125,ATMN,24.4,24.01,24.09,1725700.0,2395000.0,0,0
,,,,,,84,2026-02-01 05:19:15.222125,WNTR,25.91,25.65,25.87,2374100.0,1973000.0,0,0
2.0,1.0,1.0,,Aggregate Position Limit,Your CRO has set the aggregate position limit to 14000 shares for this week.,85,2026-02-01 05:19:16.267607,SPNG,25.54,25.54,25.7,2322700.0,2125200.0,0,0
1.0,1.0,1.0,,Welcome to the RITC 2026 Alogithmic Market Making Case - practice server,,85,2026-02-01 05:19:16.267607,SMMR,24.81,24.95,25.02,2125300.0,2048200.0,0,0
,,,,,,85,2026-02-01 05:19:16.267607,ATMN,23.96,23.99,24.09,2060000.0,2367900.0,0,0
,,,,,,85,2026-02-01 05:19:16.267607,WNTR,25.65,25.65,25.91,2374100.0,1949700.0,0,0
2.0,1.0,1.0,,Aggregate Position Limit,Your CRO has set the aggregate position limit to 14000 shares for this week.,86,2026-02-01 05:19:17.298756,SPNG,25.54,25.36,25.53,2340300.0,2091300.0,0,0
1.0,1.0,1.0,,Welcome to the RITC 2026 Alogithmic Market Making Case - practice server,,86,2026-02-01 05:19:17.298756,SMMR,24.81,24.95,25.02,2106300.0,2048200.0,0,0
,,,,,,86,2026-02-01 05:19:17.298756,ATMN,23.99,23.78,23.96,1935900.0,2378400.0,0,0
,,,,,,86,2026-02-01 05:19:17.298756,WNTR,25.65,25.9,25.91,2362200.0,2084000.0,0,0
2.0,1.0,1.0,,Aggregate Position Limit,Your CRO has set the aggregate position limit to 14000 shares for this week.,87,2026-02-01 05:19:18.332439,SPNG,25.99,25.36,25.49,2291500.0,2111600.0,0,0
1.0,1.0,1.0,,Welcome to the RITC 2026 Alogithmic Market Making Case - practice server,,87,2026-02-01 05:19:18.332439,SMMR,24.95,24.84,24.88,2119200.0,2071800.0,0,0
,,,,,,87,2026-02-01 05:19:18.332439,ATMN,23.96,24.3,24.42,2315500.0,2352600.0,0,0
,,,,,,87,2026-02-01 05:19:18.332439,WNTR,25.9,25.65,25.7,2388900.0,2191800.0,0,0
2.0,1.0,1.0,,Aggregate Position Limit,Your CRO has set the aggregate position limit to 14000 shares for this week.,88,2026-02-01 05:19:19.379835,SPNG,26.06,25.36,26.06,2252800.0,1977900.0,0,0
1.0,1.0,1.0,,Welcome to the RITC 2026 Alogithmic Market Making Case - practice server,,88,2026-02-01 05:19:19.379835,SMMR,24.84,24.84,25.02,2105300.0,2054600.0,0,0
,,,,,,88,2026-02-01 05:19:19.379835,ATMN,24.43,23.78,24.43,2214600.0,2348800.0,0,0
,,,,,,88,2026-02-01 05:19:19.379835,WNTR,25.7,25.77,25.79,2372200.0,2215100.0,0,0
2.0,1.0,1.0,,Aggregate Position Limit,Your CRO has set the aggregate position limit to 14000 shares for this week.,89,2026-02-01 05:19:20.407278,SPNG,25.68,25.68,25.74,2243500.0,2081600.0,0,0
1.0,1.0,1.0,,Welcome to the RITC 2026 Alogithmic Market Making Case - practice server,,89,2026-02-01 05:19:20.407278,SMMR,24.84,24.91,25.02,2092400.0,2035600.0,0,0
,,,,,,89,2026-02-01 05:19:20.407278,ATMN,23.86,23.95,24.43,2256000.0,2348800.0,0,0
,,,,,,89,2026-02-01 05:19:20.407278,WNTR,25.99,25.77,25.99,2372200.0,2081100.0,0,0
2.0,1.0,1.0,,Aggregate Position Limit,Your CRO has set the aggregate position limit to 14000 shares for this week.,90,2026-02-01 05:19:21.442827,SPNG,25.74,25.36,25.74,2231300.0,2131500.0,0,0
1.0,1.0,1.0,,Welcome to the RITC 2026 Alogithmic Market Making Case - practice server,,90,2026-02-01 05:19:21.442827,SMMR,25.02,24.91,25.02,2133900.0,2035600.0,0,0
,,,,,,90,2026-02-01 05:19:21.442827,ATMN,24.43,23.95,24.43,2507000.0,2344400.0,0,0
,,,,,,90,2026-02-01 05:19:21.442827,WNTR,25.76,25.82,25.99,2358700.0,2081100.0,0,0
2.0,1.0,1.0,,Aggregate Position Limit,Your CRO has set the aggregate position limit to 14000 shares for this week.,91,2026-02-01 05:19:22.487441,SPNG,25.9,25.9,26.06,2251200.0,1977900.0,0,0
1.0,1.0,1.0,,Welcome to the RITC 2026 Alogithmic Market Making Case - practice server,,91,2026-02-01 05:19:22.487441,SMMR,24.88,24.88,25.07,2134100.0,2057100.0,0,0
,,,,,,91,2026-02-01 05:19:22.487441,ATMN,24.43,23.95,24.22,2643400.0,2378800.0,0,0
,,,,,,91,2026-02-01 05:19:22.487441,WNTR,25.92,25.82,25.92,2358700.0,2212700.0,0,0
2.0,1.0,1.0,,Aggregate Position Limit,Your CRO has set the aggregate position limit to 14000 shares for this week.,92,2026-02-01 05:19:23.518910,SPNG,25.9,25.33,25.49,2272900.0,2181500.0,0,0
1.0,1.0,1.0,,Welcome to the RITC 2026 Alogithmic Market Making Case - practice server,,92,2026-02-01 05:19:23.518910,SMMR,25.18,24.95,25.18,2162100.0,2068600.0,0,0
,,,,,,92,2026-02-01 05:19:23.518910,ATMN,24.47,23.95,24.42,2622600.0,2345500.0,0,0
,,,,,,92,2026-02-01 05:19:23.518910,WNTR,25.82,25.65,25.78,2363200.0,2232600.0,0,0
2.0,1.0,1.0,,Aggregate Position Limit,Your CRO has set the aggregate position limit to 14000 shares for this week.,93,2026-02-01 05:19:24.542181,SPNG,25.77,25.77,25.93,2232000.0,2156000.0,0,0
1.0,1.0,1.0,,Welcome to the RITC 2026 Alogithmic Market Making Case - practice server,,93,2026-02-01 05:19:24.542181,SMMR,24.89,25.02,25.18,2142700.0,2068600.0,0,0
,,,,,,93,2026-02-01 05:19:24.542181,ATMN,24.1,24.2,24.42,2578800.0,2345500.0,0,0
,,,,,,93,2026-02-01 05:19:24.542181,WNTR,25.64,25.64,25.67,2362400.0,2243900.0,0,0
2.0,1.0,1.0,,Aggregate Position Limit,Your CRO has set the aggregate position limit to 14000 shares for this week.,94,2026-02-01 05:19:25.552338,SPNG,25.84,25.77,25.84,2194800.0,2189700.0,0,0
1.0,1.0,1.0,,Welcome to the RITC 2026 Alogithmic Market Making Case - practice server,,94,2026-02-01 05:19:25.552338,SMMR,25.07,24.85,24.95,2111100.0,2067600.0,0,0
,,,,,,94,2026-02-01 05:19:25.552338,ATMN,24.47,24.0,24.22,2622500.0,2339300.0,0,0
,,,,,,94,2026-02-01 05:19:25.552338,WNTR,25.78,25.81,25.85,2395500.0,2236700.0,0,0
2.0,1.0,1.0,,Aggregate Position Limit,Your CRO has set the aggregate position limit to 14000 shares for this week.,95,2026-02-01 05:19:26.570478,SPNG,25.77,25.33,25.66,2265700.0,2167500.0,0,0
1.0,1.0,1.0,,Welcome to the RITC 2026 Alogithmic Market Making Case - practice server,,95,2026-02-01 05:19:26.570478,SMMR,25.07,24.92,24.95,2139100.0,2071600.0,0,0
,,,,,,95,2026-02-01 05:19:26.570478,ATMN,24.47,24.0,24.47,2622500.0,2344500.0,0,0
,,,,,,95,2026-02-01 05:19:26.570478,WNTR,25.72,25.7,25.72,2368800.0,2247100.0,0,0
2.0,1.0,1.0,,Aggregate Position Limit,Your CRO has set the aggregate position limit to 14000 shares for this week.,96,2026-02-01 05:19:27.592233,SPNG,25.86,25.8,25.86,2225000.0,2133500.0,0,0
1.0,1.0,1.0,,Welcome to the RITC 2026 Alogithmic Market Making Case - practice server,,96,2026-02-01 05:19:27.592233,SMMR,25.07,25.09,25.16,2124700.0,2033300.0,0,0
,,,,,,96,2026-02-01 05:19:27.592233,ATMN,24.47,24.0,24.1,2622500.0,2401700.0,0,0
,,,,,,96,2026-02-01 05:19:27.592233,WNTR,25.7,25.7,25.85,2368800.0,2241100.0,0,0
2.0,1.0,1.0,,Aggregate Position Limit,Your CRO has set the aggregate position limit to 14000 shares for this week.,97,2026-02-01 05:19:28.631307,SPNG,25.86,25.92,25.99,2210600.0,2094100.0,0,0
1.0,1.0,1.0,,Welcome to the RITC 2026 Alogithmic Market Making Case - practice server,,97,2026-02-01 05:19:28.631307,SMMR,24.92,24.98,25.16,2114200.0,2033300.0,0,0
,,,,,,97,2026-02-01 05:19:28.631307,ATMN,24.42,23.87,24.42,2613300.0,2399700.0,0,0
,,,,,,97,2026-02-01 05:19:28.631307,WNTR,25.87,25.64,25.84,2362400.0,2237700.0,0,0
2.0,1.0,1.0,,Aggregate Position Limit,Your CRO has set the aggregate position limit to 14000 shares for this week.,98,2026-02-01 05:19:29.659013,SPNG,25.33,25.87,25.99,2192700.0,2157200.0,0,0
1.0,1.0,1.0,,Welcome to the RITC 2026 Alogithmic Market Making Case - practice server,,98,2026-02-01 05:19:29.659013,SMMR,25.11,25.11,25.16,2144200.0,2056100.0,0,0
,,,,,,98,2026-02-01 05:19:29.659013,ATMN,23.75,23.75,23.91,2580900.0,2403800.0,0,0
,,,,,,98,2026-02-01 05:19:29.659013,WNTR,25.87,25.76,25.87,2364800.0,2233000.0,0,0
2.0,1.0,1.0,,Aggregate Position Limit,Your CRO has set the aggregate position limit to 14000 shares for this week.,99,2026-02-01 05:19:30.686141,SPNG,25.87,25.33,25.58,2213500.0,2199600.0,0,0
1.0,1.0,1.0,,Welcome to the RITC 2026 Alogithmic Market Making Case - practice server,,99,2026-02-01 05:19:30.686141,SMMR,24.9,24.9,25.16,2138500.0,2010700.0,0,0
,,,,,,99,2026-02-01 05:19:30.686141,ATMN,23.91,24.16,24.42,2513900.0,2399700.0,0,0
,,,,,,99,2026-02-01 05:19:30.686141,WNTR,25.76,25.64,25.71,2384600.0,2232900.0,0,0
2.0,1.0,1.0,,Aggregate Position Limit,Your CRO has set the aggregate position limit to 14000 shares for this week.,100,2026-02-01 05:19:31.712257,SPNG,26.01,25.89,26.01,2218700.0,2192800.0,0,0
1.0,1.0,1.0,,Welcome to the RITC 2026 Alogithmic Market Making Case - practice server,,100,2026-02-01 05:19:31.712257,SMMR,25.16,25.16,25.18,2105300.0,2039300.0,0,0
,,,,,,100,2026-02-01 05:19:31.712257,ATMN,24.48,23.75,24.48,2573600.0,2395300.0,0,0
,,,,,,100,2026-02-01 05:19:31.712257,WNTR,25.62,25.62,25.71,2386300.0,2232900.0,0,0
2.0,1.0,1.0,,Aggregate Position Limit,Your CRO has set the aggregate position limit to 14000 shares for this week.,101,2026-02-01 05:19:32.747587,SPNG,26.08,25.89,26.08,2243100.0,2148900.0,0,0
1.0,1.0,1.0,,Welcome to the RITC 2026 Alogithmic Market Making Case - practice server,,101,2026-02-01 05:19:32.747587,SMMR,24.9,25.13,25.18,2114000.0,2024300.0,0,0
,,,,,,101,2026-02-01 05:19:32.747587,ATMN,24.48,24.17,24.33,2550600.0,2380300.0,0,0
,,,,,,101,2026-02-01 05:19:32.747587,WNTR,25.77,25.62,25.77,2386300.0,2208700.0,0,0
2.0,1.0,1.0,,Aggregate Position Limit,Your CRO has set the aggregate position limit to 14000 shares for this week.,102,2026-02-01 05:19:33.769182,SPNG,25.89,25.63,25.7,2219700.0,2163100.0,0,0
1.0,1.0,1.0,,Welcome to the RITC 2026 Alogithmic Market Making Case - practice server,,102,2026-02-01 05:19:33.769182,SMMR,25.13,24.9,25.0,2107500.0,2045100.0,0,0
,,,,,,102,2026-02-01 05:19:33.769182,ATMN,23.71,23.71,24.23,2591700.0,2388500.0,0,0
,,,,,,102,2026-02-01 05:19:33.769182,WNTR,25.65,25.7,25.77,2360800.0,2208700.0,0,0
2.0,1.0,1.0,,Aggregate Position Limit,Your CRO has set the aggregate position limit to 14000 shares for this week.,103,2026-02-01 05:19:34.801989,SPNG,25.63,25.63,26.08,2205300.0,2148900.0,0,0
1.0,1.0,1.0,,Welcome to the RITC 2026 Alogithmic Market Making Case - practice server,,103,2026-02-01 05:19:34.801989,SMMR,25.0,24.9,25.0,2107500.0,2051300.0,0,0
,,,,,,103,2026-02-01 05:19:34.801989,ATMN,24.23,24.22,24.23,2562500.0,2388500.0,0,0
,,,,,,103,2026-02-01 05:19:34.801989,WNTR,25.62,25.62,25.77,2378900.0,2246800.0,0,0
2.0,1.0,1.0,,Aggregate Position Limit,Your CRO has set the aggregate position limit to 14000 shares for this week.,104,2026-02-01 05:19:35.832916,SPNG,25.62,25.73,26.17,2242100.0,2125100.0,0,0
1.0,1.0,1.0,,Welcome to the RITC 2026 Alogithmic Market Making Case - practice server,,104,2026-02-01 05:19:35.832916,SMMR,25.02,25.06,25.19,2118600.0,2043300.0,0,0
,,,,,,104,2026-02-01 05:19:35.832916,ATMN,24.16,24.06,24.15,2567600.0,2397800.0,0,0
,,,,,,104,2026-02-01 05:19:35.832916,WNTR,25.62,25.62,25.77,2391500.0,2246800.0,0,0
2.0,1.0,1.0,,Aggregate Position Limit,Your CRO has set the aggregate position limit to 14000 shares for this week.,105,2026-02-01 05:19:36.864068,SPNG,25.73,25.73,26.0,2228800.0,2146700.0,0,0
1.0,1.0,1.0,,Welcome to the RITC 2026 Alogithmic Market Making Case - practice server,,105,2026-02-01 05:19:36.864068,SMMR,24.9,24.92,25.04,2084400.0,2029000.0,0,0
,,,,,,105,2026-02-01 05:19:36.864068,ATMN,24.33,24.2,24.33,2566500.0,2377900.0,0,0
,,,,,,105,2026-02-01 05:19:36.864068,WNTR,25.8,25.62,25.8,2391500.0,2246600.0,0,0
2.0,1.0,1.0,,Aggregate Position Limit,Your CRO has set the aggregate position limit to 14000 shares for this week.,106,2026-02-01 05:19:37.902028,SPNG,25.72,25.89,26.0,2197900.0,2142500.0,0,0
1.0,1.0,1.0,,Welcome to the RITC 2026 Alogithmic Market Making Case - practice server,,106,2026-02-01 05:19:37.902028,SMMR,25.19,24.92,25.19,2090600.0,2043300.0,0,0
,,,,,,106,2026-02-01 05:19:37.902028,ATMN,24.0,24.0,24.33,2575300.0,2377900.0,0,0
,,,,,,106,2026-02-01 05:19:37.902028,WNTR,25.86,25.61,25.68,2422700.0,2246200.0,0,0
2.0,1.0,1.0,,Aggregate Position Limit,Your CRO has set the aggregate position limit to 14000 shares for this week.,107,2026-02-01 05:19:38.960395,SPNG,25.89,25.62,25.72,2233800.0,2145200.0,0,0
1.0,1.0,1.0,,Welcome to the RITC 2026 Alogithmic Market Making Case - practice server,,107,2026-02-01 05:19:38.960395,SMMR,25.19,24.92,25.19,2100500.0,2044200.0,0,0
,,,,,,107,2026-02-01 05:19:38.960395,ATMN,23.98,24.08,24.33,2580700.0,2377900.0,0,0
,,,,,,107,2026-02-01 05:19:38.960395,WNTR,25.86,25.61,25.68,2422700.0,2246200.0,0,0
2.0,1.0,1.0,,Aggregate Position Limit,Your CRO has set the aggregate position limit to 14000 shares for this week.,108,2026-02-01 05:19:40.004309,SPNG,25.72,25.85,26.0,2200500.0,2142500.0,0,0
1.0,1.0,1.0,,Welcome to the RITC 2026 Alogithmic Market Making Case - practice server,,108,2026-02-01 05:19:40.004309,SMMR,25.19,24.92,24.99,2087600.0,2043700.0,0,0
,,,,,,108,2026-02-01 05:19:40.004309,ATMN,24.48,24.08,24.17,2580700.0,2376900.0,0,0
,,,,,,108,2026-02-01 05:19:40.004309,WNTR,25.95,25.71,25.95,2421300.0,2239900.0,0,0
2.0,1.0,1.0,,Aggregate Position Limit,Your CRO has set the aggregate position limit to 14000 shares for this week.,109,2026-02-01 05:19:41.034385,SPNG,25.85,25.85,26.0,2213400.0,2146200.0,0,0
1.0,1.0,1.0,,Welcome to the RITC 2026 Alogithmic Market Making Case - practice server,,109,2026-02-01 05:19:41.034385,SMMR,24.99,24.92,24.99,2063400.0,2043700.0,0,0
,,,,,,109,2026-02-01 05:19:41.034385,ATMN,24.08,24.08,24.19,2580700.0,2367200.0,0,0
,,,,,,109,2026-02-01 05:19:41.034385,WNTR,25.85,25.71,25.85,2421300.0,2260600.0,0,0
2.0,1.0,1.0,,Aggregate Position Limit,Your CRO has set the aggregate position limit to 14000 shares for this week.,110,2026-02-01 05:19:42.067619,SPNG,25.66,25.66,26.0,2176700.0,2146200.0,0,0
1.0,1.0,1.0,,Welcome to the RITC 2026 Alogithmic Market Making Case - practice server,,110,2026-02-01 05:19:42.067619,SMMR,24.99,24.95,24.99,2068200.0,2029600.0,0,0
,,,,,,110,2026-02-01 05:19:42.067619,ATMN,24.02,24.02,24.19,2557100.0,2341100.0,0,0
,,,,,,110,2026-02-01 05:19:42.067619,WNTR,25.93,25.71,25.74,2436400.0,2239200.0,0,0
2.0,1.0,1.0,,Aggregate Position Limit,Your CRO has set the aggregate position limit to 14000 shares for this week.,111,2026-02-01 05:19:43.111953,SPNG,25.61,25.61,26.19,2184800.0,2133000.0,0,0
1.0,1.0,1.0,,Welcome to the RITC 2026 Alogithmic Market Making Case - practice server,,111,2026-02-01 05:19:43.111953,SMMR,25.11,24.98,25.11,2054800.0,2037900.0,0,0
,,,,,,111,2026-02-01 05:19:43.111953,ATMN,24.19,24.33,24.42,2561400.0,2357500.0,0,0
,,,,,,111,2026-02-01 05:19:43.111953,WNTR,25.71,25.71,25.95,2436400.0,2234100.0,0,0
2.0,1.0,1.0,,Aggregate Position Limit,Your CRO has set the aggregate position limit to 14000 shares for this week.,112,2026-02-01 05:19:44.174500,SPNG,25.61,25.61,26.21,2184800.0,2103500.0,0,0
1.0,1.0,1.0,,Welcome to the RITC 2026 Alogithmic Market Making Case - practice server,,112,2026-02-01 05:19:44.174500,SMMR,25.11,24.98,25.11,2054800.0,2000400.0,0,0
,,,,,,112,2026-02-01 05:19:44.174500,ATMN,23.98,24.35,24.42,2527700.0,2350000.0,0,0
,,,,,,112,2026-02-01 05:19:44.174500,WNTR,25.71,25.72,25.89,2426900.0,2267200.0,0,0
2.0,1.0,1.0,,Aggregate Position Limit,Your CRO has set the aggregate position limit to 14000 shares for this week.,113,2026-02-01 05:19:45.217300,SPNG,25.69,25.6,25.69,2173000.0,2145100.0,0,0
1.0,1.0,1.0,,Welcome to the RITC 2026 Alogithmic Market Making Case - practice server,,113,2026-02-01 05:19:45.217300,SMMR,24.98,24.92,24.98,2063400.0,2047200.0,0,0
,,,,,,113,2026-02-01 05:19:45.217300,ATMN,24.35,24.12,24.25,2550600.0,2320200.0,0,0
,,,,,,113,2026-02-01 05:19:45.217300,WNTR,25.89,25.72,25.87,2383900.0,2280000.0,0,0
2.0,1.0,1.0,,Aggregate Position Limit,Your CRO has set the aggregate position limit to 14000 shares for this week.,114,2026-02-01 05:19:46.248875,SPNG,26.21,25.6,25.74,2173000.0,2138500.0,0,0
1.0,1.0,1.0,,Welcome to the RITC 2026 Alogithmic Market Making Case - practice server,,114,2026-02-01 05:19:46.248875,SMMR,24.9,24.96,24.98,2079800.0,2047200.0,0,0
,,,,,,114,2026-02-01 05:19:46.248875,ATMN,24.25,24.27,24.42,2538400.0,2350700.0,0,0
,,,,,,114,2026-02-01 05:19:46.248875,WNTR,25.71,25.74,25.86,2406000.0,2285400.0,0,0
2.0,1.0,1.0,,Aggregate Position Limit,Your CRO has set the aggregate position limit to 14000 shares for this week.,115,2026-02-01 05:19:47.271794,SPNG,25.74,25.6,25.74,2182000.0,2138500.0,0,0
1.0,1.0,1.0,,Welcome to the RITC 2026 Alogithmic Market Making Case - practice server,,115,2026-02-01 05:19:47.271794,SMMR,25.13,24.99,25.13,2122900.0,2019300.0,0,0
,,,,,,115,2026-02-01 05:19:47.271794,ATMN,24.38,24.27,24.38,2538400.0,2348500.0,0,0
,,,,,,115,2026-02-01 05:19:47.271794,WNTR,25.86,25.74,25.86,2445100.0,2308800.0,0,0
2.0,1.0,1.0,,Aggregate Position Limit,Your CRO has set the aggregate position limit to 14000 shares for this week.,116,2026-02-01 05:19:48.302398,SPNG,25.74,25.74,26.18,2191500.0,2148000.0,0,0
1.0,1.0,1.0,,Welcome to the RITC 2026 Alogithmic Market Making Case - practice server,,116,2026-02-01 05:19:48.302398,SMMR,25.16,24.99,25.16,2118000.0,2005700.0,0,0
,,,,,,116,2026-02-01 05:19:48.302398,ATMN,24.12,24.12,24.42,2529800.0,2325300.0,0,0
,,,,,,116,2026-02-01 05:19:48.302398,WNTR,25.86,25.74,25.75,2413800.0,2303600.0,0,0
2.0,1.0,1.0,,Aggregate Position Limit,Your CRO has set the aggregate position limit to 14000 shares for this week.,118,2026-02-01 05:19:49.349267,SPNG,25.78,25.74,25.78,2191500.0,2172800.0,0,0
1.0,1.0,1.0,,Welcome to the RITC 2026 Alogithmic Market Making Case - practice server,,118,2026-02-01 05:19:49.349267,SMMR,24.98,24.98,25.1,2109700.0,2017600.0,0,0
,,,,,,118,2026-02-01 05:19:49.349267,ATMN,24.44,24.12,24.44,2531600.0,2338700.0,0,0
,,,,,,118,2026-02-01 05:19:49.349267,WNTR,25.74,25.74,25.75,2413800.0,2286900.0,0,0
2.0,1.0,1.0,,Aggregate Position Limit,Your CRO has set the aggregate position limit to 14000 shares for this week.,119,2026-02-01 05:19:50.440669,SPNG,26.18,25.74,26.12,2182100.0,2143000.0,0,0
1.0,1.0,1.0,,Welcome to the RITC 2026 Alogithmic Market Making Case - practice server,,119,2026-02-01 05:19:50.440669,SMMR,24.98,24.96,24.98,2112000.0,2028900.0,0,0
,,,,,,119,2026-02-01 05:19:50.440669,ATMN,24.45,23.95,24.45,2503100.0,2327300.0,0,0
,,,,,,119,2026-02-01 05:19:50.440669,WNTR,25.7,25.7,25.75,2417500.0,2309600.0,0,0
2.0,1.0,1.0,,Aggregate Position Limit,Your CRO has set the aggregate position limit to 14000 shares for this week.,120,2026-02-01 05:19:51.490617,SPNG,25.64,24.59,0.0,200000.0,0,0,0
1.0,1.0,1.0,,Welcome to the RITC 2026 Alogithmic Market Making Case - practice server,,120,2026-02-01 05:19:51.490617,SMMR,24.91,24.28,0.0,200000.0,0,0,0
,,,,,,120,2026-02-01 05:19:51.490617,ATMN,24.48,25.0,0.0,200000.0,0,0,0
,,,,,,120,2026-02-01 05:19:51.490617,WNTR,25.65,26.89,0.0,200000.0,0,0,0
2.0,1.0,1.0,,Aggregate Position Limit,Your CRO has set the aggregate position limit to 14000 shares for this week.,121,2026-02-01 05:19:52.543518,SPNG,23.97,24.01,24.62,1335500.0,862200.0,0,0
1.0,1.0,1.0,,Welcome to the RITC 2026 Alogithmic Market Making Case - practice server,,121,2026-02-01 05:19:52.543518,SMMR,24.45,24.28,24.35,847200.0,1044600.0,0,0
,,,,,,121,2026-02-01 05:19:52.543518,ATMN,25.0,25.0,25.36,953200.0,969800.0,0,0
,,,,,,121,2026-02-01 05:19:52.543518,WNTR,26.89,26.89,26.93,962800.0,900100.0,0,0
2.0,1.0,1.0,,Aggregate Position Limit,Your CRO has set the aggregate position limit to 14000 shares for this week.,122,2026-02-01 05:19:53.596699,SPNG,24.86,24.01,24.68,1595200.0,980800.0,0,0
1.0,1.0,1.0,,Welcome to the RITC 2026 Alogithmic Market Making Case - practice server,,122,2026-02-01 05:19:53.596699,SMMR,24.36,24.46,24.51,974200.0,1020800.0,0,0
,,,,,,122,2026-02-01 05:19:53.596699,ATMN,25.02,25.0,25.02,953200.0,1330100.0,0,0
,,,,,,122,2026-02-01 05:19:53.596699,WNTR,26.93,26.63,26.93,1127200.0,1030900.0,0,0
2.0,1.0,1.0,,Aggregate Position Limit,Your CRO has set the aggregate position limit to 14000 shares for this week.,123,2026-02-01 05:19:54.638199,SPNG,24.86,24.18,24.68,2126600.0,980800.0,0,0
1.0,1.0,1.0,,Welcome to the RITC 2026 Alogithmic Market Making Case - practice server,,123,2026-02-01 05:19:54.638199,SMMR,24.36,24.46,24.51,974200.0,1353700.0,0,0
,,,,,,123,2026-02-01 05:19:54.638199,ATMN,24.67,24.88,25.02,1151600.0,1460400.0,0,0
,,,,,,123,2026-02-01 05:19:54.638199,WNTR,26.93,26.89,26.93,1548000.0,1030900.0,0,0
2.0,1.0,1.0,,Aggregate Position Limit,Your CRO has set the aggregate position limit to 14000 shares for this week.,124,2026-02-01 05:19:55.671632,SPNG,24.95,24.18,24.95,2249900.0,1003400.0,0,0
1.0,1.0,1.0,,Welcome to the RITC 2026 Alogithmic Market Making Case - practice server,,124,2026-02-01 05:19:55.671632,SMMR,24.1,24.19,24.39,863300.0,1576400.0,0,0
,,,,,,124,2026-02-01 05:19:55.671632,ATMN,25.07,24.88,25.07,1151600.0,1787100.0,0,0
,,,,,,124,2026-02-01 05:19:55.671632,WNTR,26.93,26.89,26.93,1645600.0,877200.0,0,0
2.0,1.0,1.0,,Aggregate Position Limit,Your CRO has set the aggregate position limit to 14000 shares for this week.,125,2026-02-01 05:19:56.711674,SPNG,24.95,24.52,24.58,2492700.0,1121000.0,0,0
1.0,1.0,1.0,,Welcome to the RITC 2026 Alogithmic Market Making Case - practice server,,125,2026-02-01 05:19:56.711674,SMMR,24.4,24.19,24.4,863300.0,1573600.0,0,0
,,,,,,125,2026-02-01 05:19:56.711674,ATMN,24.88,24.88,24.95,1384600.0,1787100.0,0,0
,,,,,,125,2026-02-01 05:19:56.711674,WNTR,27.0,26.89,27.0,1734600.0,803600.0,0,0
2.0,1.0,1.0,,Aggregate Position Limit,Your CRO has set the aggregate position limit to 14000 shares for this week.,126,2026-02-01 05:19:57.791950,SPNG,24.95,24.52,24.58,2593200.0,1121000.0,0,0
1.0,1.0,1.0,,Welcome to the RITC 2026 Alogithmic Market Making Case - practice server,,126,2026-02-01 05:19:57.791950,SMMR,24.39,24.39,24.4,1098600.0,1770700.0,0,0
,,,,,,126,2026-02-01 05:19:57.791950,ATMN,24.67,24.91,24.95,1403300.0,1901300.0,0,0
,,,,,,126,2026-02-01 05:19:57.791950,WNTR,26.83,26.83,26.94,1655700.0,1013300.0,0,0
2.0,1.0,1.0,,Aggregate Position Limit,Your CRO has set the aggregate position limit to 14000 shares for this week.,127,2026-02-01 05:19:58.830892,SPNG,24.77,24.56,24.59,2556300.0,1131400.0,0,0
1.0,1.0,1.0,,Welcome to the RITC 2026 Alogithmic Market Making Case - practice server,,127,2026-02-01 05:19:58.830892,SMMR,23.92,23.92,24.4,876200.0,1878100.0,0,0
,,,,,,127,2026-02-01 05:19:58.830892,ATMN,24.91,24.91,24.95,1403300.0,2211800.0,0,0
,,,,,,127,2026-02-01 05:19:58.830892,WNTR,26.78,26.78,26.94,1932800.0,1013300.0,0,0
2.0,1.0,1.0,,Aggregate Position Limit,Your CRO has set the aggregate position limit to 14000 shares for this week.,128,2026-02-01 05:19:59.874461,SPNG,24.77,24.56,24.59,2462300.0,1217300.0,0,0
1.0,1.0,1.0,,Welcome to the RITC 2026 Alogithmic Market Making Case - practice server,,128,2026-02-01 05:19:59.874461,SMMR,24.51,23.92,24.0,1084900.0,1767000.0,0,0
,,,,,,128,2026-02-01 05:19:59.874461,ATMN,25.02,24.91,25.02,1655600.0,2110800.0,0,0
,,,,,,128,2026-02-01 05:19:59.874461,WNTR,26.78,26.78,26.94,2046900.0,1234300.0,0,0
2.0,1.0,1.0,,Aggregate Position Limit,Your CRO has set the aggregate position limit to 14000 shares for this week.,129,2026-02-01 05:20:00.937335,SPNG,24.59,24.59,24.95,2367500.0,1089300.0,0,0
1.0,1.0,1.0,,Welcome to the RITC 2026 Alogithmic Market Making Case - practice server,,129,2026-02-01 05:20:00.937335,SMMR,24.0,23.92,24.0,1301700.0,1767000.0,0,0
,,,,,,129,2026-02-01 05:20:00.937335,ATMN,24.65,24.65,25.02,1406600.0,2223000.0,0,0
,,,,,,129,2026-02-01 05:20:00.937335,WNTR,26.94,26.82,26.94,2260500.0,1355500.0,0,0
2.0,1.0,1.0,,Aggregate Position Limit,Your CRO has set the aggregate position limit to 14000 shares for this week.,130,2026-02-01 05:20:01.971898,SPNG,24.59,24.59,24.9,2354300.0,1298800.0,0,0
1.0,1.0,1.0,,Welcome to the RITC 2026 Alogithmic Market Making Case - practice server,,130,2026-02-01 05:20:01.971898,SMMR,24.55,24.23,24.46,1396800.0,1669600.0,0,0
,,,,,,130,2026-02-01 05:20:01.971898,ATMN,24.65,24.65,24.76,1406600.0,2286100.0,0,0
,,,,,,130,2026-02-01 05:20:01.971898,WNTR,26.96,26.82,26.96,2281800.0,1250500.0,0,0
2.0,1.0,1.0,,Aggregate Position Limit,Your CRO has set the aggregate position limit to 14000 shares for this week.,131,2026-02-01 05:20:02.996641,SPNG,24.56,24.56,24.71,2362000.0,1539500.0,0,0
1.0,1.0,1.0,,Welcome to the RITC 2026 Alogithmic Market Making Case - practice server,,131,2026-02-01 05:20:02.996641,SMMR,24.16,24.17,24.46,1638300.0,1669600.0,0,0
,,,,,,131,2026-02-01 05:20:02.996641,ATMN,24.76,24.65,24.76,1682500.0,2286100.0,0,0
,,,,,,131,2026-02-01 05:20:02.996641,WNTR,26.82,26.78,26.81,2310800.0,1500700.0,0,0
2.0,1.0,1.0,,Aggregate Position Limit,Your CRO has set the aggregate position limit to 14000 shares for this week.,132,2026-02-01 05:20:04.037452,SPNG,24.56,24.56,24.71,2348100.0,1539500.0,0,0
1.0,1.0,1.0,,Welcome to the RITC 2026 Alogithmic Market Making Case - practice server,,132,2026-02-01 05:20:04.037452,SMMR,24.17,24.17,24.37,1638300.0,1775600.0,0,0
,,,,,,132,2026-02-01 05:20:04.037452,ATMN,24.76,24.77,25.02,2094800.0,2258700.0,0,0
,,,,,,132,2026-02-01 05:20:04.037452,WNTR,26.94,26.78,26.81,2313800.0,1498600.0,0,0
2.0,1.0,1.0,,Aggregate Position Limit,Your CRO has set the aggregate position limit to 14000 shares for this week.,133,2026-02-01 05:20:05.083111,SPNG,24.76,24.63,24.65,2322600.0,1647600.0,0,0
1.0,1.0,1.0,,Welcome to the RITC 2026 Alogithmic Market Making Case - practice server,,133,2026-02-01 05:20:05.083111,SMMR,24.17,24.17,24.36,1638300.0,1962800.0,0,0
,,,,,,133,2026-02-01 05:20:05.083111,ATMN,24.67,24.67,25.07,2113900.0,2219400.0,0,0
,,,,,,133,2026-02-01 05:20:05.083111,WNTR,27.02,26.91,27.02,2252400.0,1044300.0,0,0
2.0,1.0,1.0,,Aggregate Position Limit,Your CRO has set the aggregate position limit to 14000 shares for this week.,134,2026-02-01 05:20:06.122596,SPNG,24.52,24.64,24.65,2314100.0,1647600.0,0,0
1.0,1.0,1.0,,Welcome to the RITC 2026 Alogithmic Market Making Case - practice server,,134,2026-02-01 05:20:06.122596,SMMR,24.17,24.17,24.2,1730300.0,2063000.0,0,0
,,,,,,134,2026-02-01 05:20:06.122596,ATMN,24.84,24.9,25.07,2473800.0,2219400.0,0,0
,,,,,,134,2026-02-01 05:20:06.122596,WNTR,27.03,26.91,27.03,2263500.0,923100.0,0,0
2.0,1.0,1.0,,Aggregate Position Limit,Your CRO has set the aggregate position limit to 14000 shares for this week.,135,2026-02-01 05:20:07.158471,SPNG,24.51,24.51,24.76,2367900.0,1660000.0,0,0
1.0,1.0,1.0,,Welcome to the RITC 2026 Alogithmic Market Making Case - practice server,,135,2026-02-01 05:20:07.158471,SMMR,24.2,24.17,24.2,1730300.0,2106700.0,0,0
,,,,,,135,2026-02-01 05:20:07.158471,ATMN,24.68,24.68,24.97,2344000.0,2251900.0,0,0
,,,,,,135,2026-02-01 05:20:07.158471,WNTR,27.14,26.88,27.14,2278100.0,819500.0,0,0
2.0,1.0,1.0,,Aggregate Position Limit,Your CRO has set the aggregate position limit to 14000 shares for this week.,136,2026-02-01 05:20:08.189419,SPNG,24.49,24.49,24.66,2394200.0,1995700.0,0,0
1.0,1.0,1.0,,Welcome to the RITC 2026 Alogithmic Market Making Case - practice server,,136,2026-02-01 05:20:08.189419,SMMR,24.08,24.08,24.29,1713800.0,2136300.0,0,0
,,,,,,136,2026-02-01 05:20:08.189419,ATMN,24.68,24.68,24.81,2473400.0,2240900.0,0,0
,,,,,,136,2026-02-01 05:20:08.189419,WNTR,26.98,26.88,26.98,2263200.0,944300.0,0,0
2.0,1.0,1.0,,Aggregate Position Limit,Your CRO has set the aggregate position limit to 14000 shares for this week.,137,2026-02-01 05:20:09.224837,SPNG,24.73,24.48,24.73,2411700.0,1884500.0,0,0
1.0,1.0,1.0,,Welcome to the RITC 2026 Alogithmic Market Making Case - practice server,,137,2026-02-01 05:20:09.224837,SMMR,24.36,24.18,24.36,1816300.0,2053400.0,0,0
,,,,,,137,2026-02-01 05:20:09.224837,ATMN,24.81,24.68,24.81,2463800.0,2240900.0,0,0
,,,,,,137,2026-02-01 05:20:09.224837,WNTR,26.79,26.86,26.98,2233000.0,944300.0,0,0
2.0,1.0,1.0,,Aggregate Position Limit,Your CRO has set the aggregate position limit to 14000 shares for this week.,138,2026-02-01 05:20:10.260361,SPNG,24.47,24.47,24.73,2415400.0,1969500.0,0,0
1.0,1.0,1.0,,Welcome to the RITC 2026 Alogithmic Market Making Case - practice server,,138,2026-02-01 05:20:10.260361,SMMR,24.36,24.22,24.35,1940300.0,2127000.0,0,0
,,,,,,138,2026-02-01 05:20:10.260361,ATMN,24.65,24.65,24.67,2361200.0,2240500.0,0,0
,,,,,,138,2026-02-01 05:20:10.260361,WNTR,26.79,26.79,26.98,2249200.0,944300.0,0,0
2.0,1.0,1.0,,Aggregate Position Limit,Your CRO has set the aggregate position limit to 14000 shares for this week.,139,2026-02-01 05:20:11.295511,SPNG,24.36,24.36,24.66,2449300.0,2095900.0,0,0
1.0,1.0,1.0,,Welcome to the RITC 2026 Alogithmic Market Making Case - practice server,,139,2026-02-01 05:20:11.295511,SMMR,24.35,24.23,24.35,2054600.0,2113600.0,0,0
,,,,,,139,2026-02-01 05:20:11.295511,ATMN,24.85,24.83,24.85,2494200.0,2235200.0,0,0
,,,,,,139,2026-02-01 05:20:11.295511,WNTR,26.95,26.97,26.98,2268200.0,944300.0,0,0
2.0,1.0,1.0,,Aggregate Position Limit,Your CRO has set the aggregate position limit to 14000 shares for this week.,140,2026-02-01 05:20:12.325176,SPNG,24.61,24.36,24.61,2449300.0,2094900.0,0,0
1.0,1.0,1.0,,Welcome to the RITC 2026 Alogithmic Market Making Case - practice server,,140,2026-02-01 05:20:12.325176,SMMR,24.35,24.23,24.33,2054600.0,2133000.0,0,0
,,,,,,140,2026-02-01 05:20:12.325176,ATMN,24.64,24.64,24.85,2452000.0,2235200.0,0,0
,,,,,,140,2026-02-01 05:20:12.325176,WNTR,27.12,26.97,27.12,2268200.0,1181400.0,0,0
2.0,1.0,1.0,,Aggregate Position Limit,Your CRO has set the aggregate position limit to 14000 shares for this week.,141,2026-02-01 05:20:13.362867,SPNG,24.61,24.38,24.61,2451900.0,2187500.0,0,0
1.0,1.0,1.0,,Welcome to the RITC 2026 Alogithmic Market Making Case - practice server,,141,2026-02-01 05:20:13.362867,SMMR,24.22,24.22,24.24,1940300.0,2118100.0,0,0
,,,,,,141,2026-02-01 05:20:13.362867,ATMN,24.64,24.71,24.76,2414200.0,2241500.0,0,0
,,,,,,141,2026-02-01 05:20:13.362867,WNTR,26.9,26.97,27.02,2238100.0,1420600.0,0,0
2.0,1.0,1.0,,Aggregate Position Limit,Your CRO has set the aggregate position limit to 14000 shares for this week.,142,2026-02-01 05:20:14.395488,SPNG,24.36,24.36,24.61,2443100.0,2214600.0,0,0
1.0,1.0,1.0,,Welcome to the RITC 2026 Alogithmic Market Making Case - practice server,,142,2026-02-01 05:20:14.395488,SMMR,23.92,23.87,23.92,1507600.0,2172700.0,0,0
,,,,,,142,2026-02-01 05:20:14.395488,ATMN,24.76,24.77,24.79,2358500.0,2243900.0,0,0
,,,,,,142,2026-02-01 05:20:14.395488,WNTR,26.9,26.97,26.98,2234700.0,1542200.0,0,0
2.0,1.0,1.0,,Aggregate Position Limit,Your CRO has set the aggregate position limit to 14000 shares for this week.,143,2026-02-01 05:20:15.423430,SPNG,24.36,24.36,24.61,2398700.0,2214600.0,0,0
1.0,1.0,1.0,,Welcome to the RITC 2026 Alogithmic Market Making Case - practice server,,143,2026-02-01 05:20:15.423430,SMMR,23.92,24.02,24.14,1818700.0,2148500.0,0,0
,,,,,,143,2026-02-01 05:20:15.423430,ATMN,24.79,24.72,24.79,2374700.0,2256800.0,0,0
,,,,,,143,2026-02-01 05:20:15.423430,WNTR,26.98,26.9,26.98,2250800.0,1542200.0,0,0
2.0,1.0,1.0,,Aggregate Position Limit,Your CRO has set the aggregate position limit to 14000 shares for this week.,144,2026-02-01 05:20:16.445684,SPNG,24.57,24.57,24.61,2406200.0,2245200.0,0,0
1.0,1.0,1.0,,Welcome to the RITC 2026 Alogithmic Market Making Case - practice server,,144,2026-02-01 05:20:16.445684,SMMR,23.97,24.23,24.24,1825900.0,2122600.0,0,0
,,,,,,144,2026-02-01 05:20:16.445684,ATMN,25.06,24.74,24.87,2340600.0,2295700.0,0,0
,,,,,,144,2026-02-01 05:20:16.445684,WNTR,26.89,26.89,27.12,2247200.0,1299300.0,0,0
2.0,1.0,1.0,,Aggregate Position Limit,Your CRO has set the aggregate position limit to 14000 shares for this week.,146,2026-02-01 05:20:17.502717,SPNG,24.54,24.54,24.61,2398000.0,2266500.0,0,0
1.0,1.0,1.0,,Welcome to the RITC 2026 Alogithmic Market Making Case - practice server,,146,2026-02-01 05:20:17.502717,SMMR,24.26,24.23,24.26,1818300.0,2135900.0,0,0
,,,,,,146,2026-02-01 05:20:17.502717,ATMN,25.09,25.03,25.09,2355000.0,2282400.0,0,0
,,,,,,146,2026-02-01 05:20:17.502717,WNTR,27.05,27.05,27.15,2232800.0,1085700.0,0,0
2.0,1.0,1.0,,Aggregate Position Limit,Your CRO has set the aggregate position limit to 14000 shares for this week.,147,2026-02-01 05:20:18.535622,SPNG,24.33,24.33,24.61,2379900.0,2266500.0,0,0
1.0,1.0,1.0,,Welcome to the RITC 2026 Alogithmic Market Making Case - practice server,,147,2026-02-01 05:20:18.535622,SMMR,24.26,24.23,24.26,2034500.0,2149800.0,0,0
,,,,,,147,2026-02-01 05:20:18.535622,ATMN,25.0,24.74,24.79,2340600.0,2296900.0,0,0
,,,,,,147,2026-02-01 05:20:18.535622,WNTR,27.15,27.05,27.15,2232800.0,1085700.0,0,0
2.0,1.0,1.0,,Aggregate Position Limit,Your CRO has set the aggregate position limit to 14000 shares for this week.,148,2026-02-01 05:20:19.579880,SPNG,24.3,24.3,24.76,2419900.0,2196400.0,0,0
1.0,1.0,1.0,,Welcome to the RITC 2026 Alogithmic Market Making Case - practice server,,148,2026-02-01 05:20:19.579880,SMMR,24.23,24.18,24.21,2025900.0,2165400.0,0,0
,,,,,,148,2026-02-01 05:20:19.579880,ATMN,25.09,25.0,25.09,2370200.0,2282400.0,0,0
,,,,,,148,2026-02-01 05:20:19.579880,WNTR,26.8,26.99,27.07,2213000.0,1181700.0,0,0
2.0,1.0,1.0,,Aggregate Position Limit,Your CRO has set the aggregate position limit to 14000 shares for this week.,149,2026-02-01 05:20:20.614871,SPNG,24.3,24.3,24.76,2419900.0,2227900.0,0,0
1.0,1.0,1.0,,Welcome to the RITC 2026 Alogithmic Market Making Case - practice server,,149,2026-02-01 05:20:20.614871,SMMR,24.21,24.22,24.28,2127700.0,2139500.0,0,0
,,,,,,149,2026-02-01 05:20:20.614871,ATMN,25.09,25.0,25.02,2370200.0,2286900.0,0,0
,,,,,,149,2026-02-01 05:20:20.614871,WNTR,26.99,26.82,26.88,2233900.0,1623300.0,0,0
2.0,1.0,1.0,,Aggregate Position Limit,Your CRO has set the aggregate position limit to 14000 shares for this week.,150,2026-02-01 05:20:21.656312,SPNG,24.59,24.59,24.63,2409800.0,2237300.0,0,0
1.0,1.0,1.0,,Welcome to the RITC 2026 Alogithmic Market Making Case - practice server,,150,2026-02-01 05:20:21.656312,SMMR,24.28,24.32,24.33,2088300.0,2132800.0,0,0
,,,,,,150,2026-02-01 05:20:21.656312,ATMN,25.09,25.0,25.02,2370200.0,2350200.0,0,0
,,,,,,150,2026-02-01 05:20:21.656312,WNTR,26.88,26.91,27.07,2208600.0,1608400.0,0,0
2.0,1.0,1.0,,Aggregate Position Limit,Your CRO has set the aggregate position limit to 14000 shares for this week.,151,2026-02-01 05:20:22.689159,SPNG,24.3,24.3,24.63,2396300.0,2237300.0,0,0
1.0,1.0,1.0,,Welcome to the RITC 2026 Alogithmic Market Making Case - practice server,,151,2026-02-01 05:20:22.689159,SMMR,24.25,24.18,24.23,2115500.0,2171600.0,0,0
,,,,,,151,2026-02-01 05:20:22.689159,ATMN,24.74,24.74,25.02,2340600.0,2322000.0,0,0
,,,,,,151,2026-02-01 05:20:22.689159,WNTR,27.15,26.91,27.15,2208600.0,1512400.0,0,0
2.0,1.0,1.0,,Aggregate Position Limit,Your CRO has set the aggregate position limit to 14000 shares for this week.,152,2026-02-01 05:20:23.726897,SPNG,24.77,24.35,24.77,2371400.0,2228900.0,0,0
1.0,1.0,1.0,,Welcome to the RITC 2026 Alogithmic Market Making Case - practice server,,152,2026-02-01 05:20:23.726897,SMMR,24.25,24.18,24.23,2104900.0,2150300.0,0,0
,,,,,,152,2026-02-01 05:20:23.726897,ATMN,24.77,24.83,25.02,2381600.0,2322000.0,0,0
,,,,,,152,2026-02-01 05:20:23.726897,WNTR,27.15,26.91,27.02,2208600.0,1952100.0,0,0
2.0,1.0,1.0,,Aggregate Position Limit,Your CRO has set the aggregate position limit to 14000 shares for this week.,153,2026-02-01 05:20:24.758640,SPNG,24.77,24.35,24.71,2371400.0,2206100.0,0,0
1.0,1.0,1.0,,Welcome to the RITC 2026 Alogithmic Market Making Case - practice server,,153,2026-02-01 05:20:24.758640,SMMR,24.25,24.15,24.25,2097700.0,2151500.0,0,0
,,,,,,153,2026-02-01 05:20:24.758640,ATMN,25.03,24.83,24.87,2381600.0,2378200.0,0,0
,,,,,,153,2026-02-01 05:20:24.758640,WNTR,26.98,26.91,26.98,2208600.0,2183400.0,0,0
2.0,1.0,1.0,,Aggregate Position Limit,Your CRO has set the aggregate position limit to 14000 shares for this week.,154,2026-02-01 05:20:25.787071,SPNG,24.18,24.18,24.71,2401200.0,2206100.0,0,0
1.0,1.0,1.0,,Welcome to the RITC 2026 Alogithmic Market Making Case - practice server,,154,2026-02-01 05:20:25.787071,SMMR,24.25,24.1,24.25,2110500.0,2151500.0,0,0
,,,,,,154,2026-02-01 05:20:25.787071,ATMN,25.06,24.83,25.06,2356600.0,2367700.0,0,0
,,,,,,154,2026-02-01 05:20:25.787071,WNTR,26.82,26.86,26.96,2209900.0,2203900.0,0,0
2.0,1.0,1.0,,Aggregate Position Limit,Your CRO has set the aggregate position limit to 14000 shares for this week.,155,2026-02-01 05:20:26.835687,SPNG,24.18,24.67,24.71,2360400.0,2219400.0,0,0
1.0,1.0,1.0,,Welcome to the RITC 2026 Alogithmic Market Making Case - practice server,,155,2026-02-01 05:20:26.835687,SMMR,24.33,24.1,24.33,2110500.0,2148500.0,0,0
,,,,,,155,2026-02-01 05:20:26.835687,ATMN,24.71,24.71,25.09,2340200.0,2359500.0,0,0
,,,,,,155,2026-02-01 05:20:26.835687,WNTR,26.82,26.92,27.02,2233200.0,2214500.0,0,0
2.0,1.0,1.0,,Aggregate Position Limit,Your CRO has set the aggregate position limit to 14000 shares for this week.,156,2026-02-01 05:20:27.881417,SPNG,24.18,24.67,24.71,2360400.0,2197400.0,0,0
1.0,1.0,1.0,,Welcome to the RITC 2026 Alogithmic Market Making Case - practice server,,156,2026-02-01 05:20:27.881417,SMMR,24.14,24.1,24.14,2110500.0,2140000.0,0,0
,,,,,,156,2026-02-01 05:20:27.881417,ATMN,24.71,24.71,24.95,2358800.0,2375100.0,0,0
,,,,,,156,2026-02-01 05:20:27.881417,WNTR,26.82,26.99,27.02,2230400.0,2218500.0,0,0
2.0,1.0,1.0,,Aggregate Position Limit,Your CRO has set the aggregate position limit to 14000 shares for this week.,157,2026-02-01 05:20:28.913138,SPNG,24.18,24.18,24.71,2376500.0,2220700.0,0,0
1.0,1.0,1.0,,Welcome to the RITC 2026 Alogithmic Market Making Case - practice server,,157,2026-02-01 05:20:28.913138,SMMR,24.14,24.1,24.14,2121400.0,2140000.0,0,0
,,,,,,157,2026-02-01 05:20:28.913138,ATMN,24.95,24.71,24.95,2376300.0,2395600.0,0,0
,,,,,,157,2026-02-01 05:20:28.913138,WNTR,26.92,26.92,27.02,2233200.0,2174700.0,0,0
2.0,1.0,1.0,,Aggregate Position Limit,Your CRO has set the aggregate position limit to 14000 shares for this week.,158,2026-02-01 05:20:29.931548,SPNG,24.77,24.18,24.77,2364800.0,2224200.0,0,0
1.0,1.0,1.0,,Welcome to the RITC 2026 Alogithmic Market Making Case - practice server,,158,2026-02-01 05:20:29.931548,SMMR,24.33,24.1,24.33,2121400.0,2137300.0,0,0
,,,,,,158,2026-02-01 05:20:29.931548,ATMN,24.63,24.63,24.93,2335500.0,2418900.0,0,0
,,,,,,158,2026-02-01 05:20:29.931548,WNTR,26.82,26.82,26.94,2233900.0,2176800.0,0,0
2.0,1.0,1.0,,Aggregate Position Limit,Your CRO has set the aggregate position limit to 14000 shares for this week.,159,2026-02-01 05:20:30.966130,SPNG,24.77,24.54,24.65,2346200.0,2256400.0,0,0
1.0,1.0,1.0,,Welcome to the RITC 2026 Alogithmic Market Making Case - practice server,,159,2026-02-01 05:20:30.966130,SMMR,24.1,24.27,24.33,2146500.0,2137300.0,0,0
,,,,,,159,2026-02-01 05:20:30.966130,ATMN,24.93,24.63,24.93,2335500.0,2435400.0,0,0
,,,,,,159,2026-02-01 05:20:30.966130,WNTR,26.94,26.82,26.94,2217600.0,2176800.0,0,0
2.0,1.0,1.0,,Aggregate Position Limit,Your CRO has set the aggregate position limit to 14000 shares for this week.,160,2026-02-01 05:20:32.005483,SPNG,24.11,24.63,24.65,2411200.0,2295700.0,0,0
1.0,1.0,1.0,,Welcome to the RITC 2026 Alogithmic Market Making Case - practice server,,160,2026-02-01 05:20:32.005483,SMMR,24.09,24.09,24.34,2135100.0,2151200.0,0,0
,,,,,,160,2026-02-01 05:20:32.005483,ATMN,25.15,24.63,25.15,2341200.0,2386100.0,0,0
,,,,,,160,2026-02-01 05:20:32.005483,WNTR,26.94,26.96,26.98,2188200.0,2192300.0,0,0
2.0,1.0,1.0,,Aggregate Position Limit,Your CRO has set the aggregate position limit to 14000 shares for this week.,161,2026-02-01 05:20:33.034760,SPNG,24.63,24.11,24.17,2372600.0,2289700.0,0,0
1.0,1.0,1.0,,Welcome to the RITC 2026 Alogithmic Market Making Case - practice server,,161,2026-02-01 05:20:33.034760,SMMR,24.09,24.09,24.33,2139500.0,2128700.0,0,0
,,,,,,161,2026-02-01 05:20:33.034760,ATMN,24.52,24.52,25.1,2322200.0,2412800.0,0,0
,,,,,,161,2026-02-01 05:20:33.034760,WNTR,26.98,26.96,26.98,2188200.0,2208600.0,0,0
2.0,1.0,1.0,,Aggregate Position Limit,Your CRO has set the aggregate position limit to 14000 shares for this week.,162,2026-02-01 05:20:34.056086,SPNG,24.69,24.13,24.69,2372500.0,2268000.0,0,0
1.0,1.0,1.0,,Welcome to the RITC 2026 Alogithmic Market Making Case - practice server,,162,2026-02-01 05:20:34.056086,SMMR,24.05,24.23,24.32,2133000.0,2130900.0,0,0
,,,,,,162,2026-02-01 05:20:34.056086,ATMN,24.52,24.91,25.1,2343400.0,2412800.0,0,0
,,,,,,162,2026-02-01 05:20:34.056086,WNTR,26.92,26.82,26.92,2217600.0,2223000.0,0,0
2.0,1.0,1.0,,Aggregate Position Limit,Your CRO has set the aggregate position limit to 14000 shares for this week.,163,2026-02-01 05:20:35.080679,SPNG,24.78,24.13,24.78,2372500.0,2196600.0,0,0
1.0,1.0,1.0,,Welcome to the RITC 2026 Alogithmic Market Making Case - practice server,,163,2026-02-01 05:20:35.080679,SMMR,23.98,23.98,24.32,2134200.0,2095700.0,0,0
,,,,,,163,2026-02-01 05:20:35.080679,ATMN,24.91,24.91,25.05,2343400.0,2404200.0,0,0
,,,,,,163,2026-02-01 05:20:35.080679,WNTR,27.06,26.82,27.06,2217600.0,2206200.0,0,0
2.0,1.0,1.0,,Aggregate Position Limit,Your CRO has set the aggregate position limit to 14000 shares for this week.,164,2026-02-01 05:20:36.107377,SPNG,24.13,24.13,24.78,2372500.0,2196600.0,0,0
1.0,1.0,1.0,,Welcome to the RITC 2026 Alogithmic Market Making Case - practice server,,164,2026-02-01 05:20:36.107377,SMMR,24.33,24.2,24.33,2137700.0,2097500.0,0,0
,,,,,,164,2026-02-01 05:20:36.107377,ATMN,25.1,24.5,25.1,2326000.0,2422700.0,0,0
,,,,,,164,2026-02-01 05:20:36.107377,WNTR,26.82,26.82,26.96,2199300.0,2216000.0,0,0
2.0,1.0,1.0,,Aggregate Position Limit,Your CRO has set the aggregate position limit to 14000 shares for this week.,165,2026-02-01 05:20:37.145607,SPNG,24.13,24.13,24.78,2372500.0,2250000.0,0,0
1.0,1.0,1.0,,Welcome to the RITC 2026 Alogithmic Market Making Case - practice server,,165,2026-02-01 05:20:37.145607,SMMR,24.3,24.2,24.3,2137700.0,2103700.0,0,0
,,,,,,165,2026-02-01 05:20:37.145607,ATMN,25.1,24.7,25.1,2324800.0,2422700.0,0,0
,,,,,,165,2026-02-01 05:20:37.145607,WNTR,26.79,26.79,26.96,2228900.0,2189900.0,0,0
2.0,1.0,1.0,,Aggregate Position Limit,Your CRO has set the aggregate position limit to 14000 shares for this week.,166,2026-02-01 05:20:38.174025,SPNG,24.13,24.13,24.78,2371600.0,2250000.0,0,0
1.0,1.0,1.0,,Welcome to the RITC 2026 Alogithmic Market Making Case - practice server,,166,2026-02-01 05:20:38.174025,SMMR,24.2,24.05,24.18,2135700.0,2136700.0,0,0
,,,,,,166,2026-02-01 05:20:38.174025,ATMN,25.1,25.11,25.13,2343500.0,2429300.0,0,0
,,,,,,166,2026-02-01 05:20:38.174025,WNTR,26.96,26.98,27.03,2226300.0,2219500.0,0,0
2.0,1.0,1.0,,Aggregate Position Limit,Your CRO has set the aggregate position limit to 14000 shares for this week.,167,2026-02-01 05:20:39.205927,SPNG,24.34,24.34,24.35,2355100.0,2273900.0,0,0
1.0,1.0,1.0,,Welcome to the RITC 2026 Alogithmic Market Making Case - practice server,,167,2026-02-01 05:20:39.205927,SMMR,24.28,24.23,24.28,2148600.0,2132900.0,0,0
,,,,,,167,2026-02-01 05:20:39.205927,ATMN,25.11,25.11,25.13,2353100.0,2419800.0,0,0
,,,,,,167,2026-02-01 05:20:39.205927,WNTR,26.98,26.78,26.9,2216000.0,2260500.0,0,0
2.0,1.0,1.0,,Aggregate Position Limit,Your CRO has set the aggregate position limit to 14000 shares for this week.,168,2026-02-01 05:20:40.236818,SPNG,24.11,24.11,24.78,2336500.0,2250000.0,0,0
1.0,1.0,1.0,,Welcome to the RITC 2026 Alogithmic Market Making Case - practice server,,168,2026-02-01 05:20:40.236818,SMMR,24.33,24.23,24.33,2148600.0,2124800.0,0,0
,,,,,,168,2026-02-01 05:20:40.236818,ATMN,24.82,24.82,25.1,2341200.0,2423500.0,0,0
,,,,,,168,2026-02-01 05:20:40.236818,WNTR,26.9,26.91,27.03,2217100.0,2237500.0,0,0
2.0,1.0,1.0,,Aggregate Position Limit,Your CRO has set the aggregate position limit to 14000 shares for this week.,169,2026-02-01 05:20:41.275266,SPNG,24.79,24.11,24.79,2358000.0,2227600.0,0,0
1.0,1.0,1.0,,Welcome to the RITC 2026 Alogithmic Market Making Case - practice server,,169,2026-02-01 05:20:41.275266,SMMR,24.05,24.05,24.33,2135700.0,2124800.0,0,0
,,,,,,169,2026-02-01 05:20:41.275266,ATMN,24.78,24.78,25.1,2324600.0,2422900.0,0,0
,,,,,,169,2026-02-01 05:20:41.275266,WNTR,27.03,26.79,27.03,2206800.0,2237500.0,0,0
2.0,1.0,1.0,,Aggregate Position Limit,Your CRO has set the aggregate position limit to 14000 shares for this week.,170,2026-02-01 05:20:42.301095,SPNG,24.1,24.1,24.81,2392500.0,2198500.0,0,0
1.0,1.0,1.0,,Welcome to the RITC 2026 Alogithmic Market Making Case - practice server,,170,2026-02-01 05:20:42.301095,SMMR,24.05,24.05,24.13,2163900.0,2093100.0,0,0
,,,,,,170,2026-02-01 05:20:42.301095,ATMN,24.78,24.78,25.1,2324600.0,2392600.0,0,0
,,,,,,170,2026-02-01 05:20:42.301095,WNTR,26.79,26.79,27.03,2206800.0,2251100.0,0,0
2.0,1.0,1.0,,Aggregate Position Limit,Your CRO has set the aggregate position limit to 14000 shares for this week.,171,2026-02-01 05:20:43.340064,SPNG,24.69,24.1,24.24,2342000.0,2209800.0,0,0
1.0,1.0,1.0,,Welcome to the RITC 2026 Alogithmic Market Making Case - practice server,,171,2026-02-01 05:20:43.340064,SMMR,24.34,23.93,24.34,2146400.0,2134400.0,0,0
,,,,,,171,2026-02-01 05:20:43.340064,ATMN,24.78,24.78,25.0,2324600.0,2384000.0,0,0
,,,,,,171,2026-02-01 05:20:43.340064,WNTR,26.78,26.78,27.03,2216100.0,2276400.0,0,0
2.0,1.0,1.0,,Aggregate Position Limit,Your CRO has set the aggregate position limit to 14000 shares for this week.,172,2026-02-01 05:20:44.378474,SPNG,24.81,24.1,24.81,2332700.0,2198500.0,0,0
1.0,1.0,1.0,,Welcome to the RITC 2026 Alogithmic Market Making Case - practice server,,172,2026-02-01 05:20:44.378474,SMMR,24.31,23.93,24.14,2146400.0,2095500.0,0,0
,,,,,,172,2026-02-01 05:20:44.378474,ATMN,24.81,24.78,24.81,2353700.0,2398400.0,0,0
,,,,,,172,2026-02-01 05:20:44.378474,WNTR,26.78,26.86,26.95,2174900.0,2245700.0,0,0
2.0,1.0,1.0,,Aggregate Position Limit,Your CRO has set the aggregate position limit to 14000 shares for this week.,173,2026-02-01 05:20:45.421979,SPNG,24.47,24.55,24.81,2320800.0,2198500.0,0,0
1.0,1.0,1.0,,Welcome to the RITC 2026 Alogithmic Market Making Case - practice server,,173,2026-02-01 05:20:45.421979,SMMR,24.35,24.19,24.35,2138800.0,2132100.0,0,0
,,,,,,173,2026-02-01 05:20:45.421979,ATMN,25.0,24.57,25.0,2353200.0,2370500.0,0,0
,,,,,,173,2026-02-01 05:20:45.421979,WNTR,26.95,27.01,27.03,2157200.0,2276400.0,0,0
2.0,1.0,1.0,,Aggregate Position Limit,Your CRO has set the aggregate position limit to 14000 shares for this week.,174,2026-02-01 05:20:46.500538,SPNG,24.47,24.55,24.59,2320800.0,2253900.0,0,0
1.0,1.0,1.0,,Welcome to the RITC 2026 Alogithmic Market Making Case - practice server,,174,2026-02-01 05:20:46.500538,SMMR,24.35,24.19,24.35,2138800.0,2124500.0,0,0
,,,,,,174,2026-02-01 05:20:46.500538,ATMN,25.0,24.57,24.82,2394700.0,2386000.0,0,0
,,,,,,174,2026-02-01 05:20:46.500538,WNTR,26.95,27.01,27.03,2157200.0,2234100.0,0,0
2.0,1.0,1.0,,Aggregate Position Limit,Your CRO has set the aggregate position limit to 14000 shares for this week.,175,2026-02-01 05:20:47.531078,SPNG,24.55,24.1,24.55,2332700.0,2253200.0,0,0
1.0,1.0,1.0,,Welcome to the RITC 2026 Alogithmic Market Making Case - practice server,,175,2026-02-01 05:20:47.531078,SMMR,24.35,24.35,24.36,2153900.0,2118500.0,0,0
,,,,,,175,2026-02-01 05:20:47.531078,ATMN,25.04,24.57,24.95,2394700.0,2385500.0,0,0
,,,,,,175,2026-02-01 05:20:47.531078,WNTR,26.86,26.86,27.03,2174900.0,2242800.0,0,0
2.0,1.0,1.0,,Aggregate Position Limit,Your CRO has set the aggregate position limit to 14000 shares for this week.,176,2026-02-01 05:20:48.576828,SPNG,24.55,24.75,24.81,2339500.0,2272000.0,0,0
1.0,1.0,1.0,,Welcome to the RITC 2026 Alogithmic Market Making Case - practice server,,176,2026-02-01 05:20:48.576828,SMMR,24.3,24.3,24.36,2140900.0,2118500.0,0,0
,,,,,,176,2026-02-01 05:20:48.576828,ATMN,25.05,25.09,25.1,2378000.0,2349400.0,0,0
,,,,,,176,2026-02-01 05:20:48.576828,WNTR,26.76,26.76,26.84,2213600.0,2223900.0,0,0
2.0,1.0,1.0,,Aggregate Position Limit,Your CRO has set the aggregate position limit to 14000 shares for this week.,178,2026-02-01 05:20:49.615190,SPNG,24.84,24.1,24.84,2344700.0,2240400.0,0,0
1.0,1.0,1.0,,Welcome to the RITC 2026 Alogithmic Market Making Case - practice server,,178,2026-02-01 05:20:49.615190,SMMR,24.3,24.3,24.36,2140900.0,2120400.0,0,0
,,,,,,178,2026-02-01 05:20:49.615190,ATMN,24.57,24.57,25.09,2394700.0,2390200.0,0,0
,,,,,,178,2026-02-01 05:20:49.615190,WNTR,27.03,26.76,27.03,2189200.0,2248700.0,0,0
2.0,1.0,1.0,,Aggregate Position Limit,Your CRO has set the aggregate position limit to 14000 shares for this week.,179,2026-02-01 05:20:50.722874,SPNG,24.73,24.1,24.73,2347200.0,2246300.0,0,0
1.0,1.0,1.0,,Welcome to the RITC 2026 Alogithmic Market Making Case - practice server,,179,2026-02-01 05:20:50.722874,SMMR,24.3,24.09,24.1,2155300.0,2090400.0,0,0
,,,,,,179,2026-02-01 05:20:50.722874,ATMN,24.57,24.57,25.09,2394700.0,2375700.0,0,0
,,,,,,179,2026-02-01 05:20:50.722874,WNTR,27.03,26.8,26.89,2179200.0,2233600.0,0,0
2.0,1.0,1.0,,Aggregate Position Limit,Your CRO has set the aggregate position limit to 14000 shares for this week.,180,2026-02-01 05:20:51.762730,SPNG,24.06,24.09,0.0,200000.0,0,0,0
1.0,1.0,1.0,,Welcome to the RITC 2026 Alogithmic Market Making Case - practice server,,180,2026-02-01 05:20:51.762730,SMMR,24.09,24.53,0.0,200000.0,0,0,0
,,,,,,180,2026-02-01 05:20:51.762730,ATMN,24.57,24.75,0.0,200000.0,0,0,0
,,,,,,180,2026-02-01 05:20:51.762730,WNTR,26.89,25.38,0.0,200000.0,0,0,0
2.0,1.0,1.0,,Aggregate Position Limit,Your CRO has set the aggregate position limit to 14000 shares for this week.,181,2026-02-01 05:20:52.786500,SPNG,27.86,27.86,27.94,853700.0,832400.0,0,0
1.0,1.0,1.0,,Welcome to the RITC 2026 Alogithmic Market Making Case - practice server,,181,2026-02-01 05:20:52.786500,SMMR,24.53,24.53,24.61,835000.0,880600.0,0,0
,,,,,,181,2026-02-01 05:20:52.786500,ATMN,24.75,24.02,24.2,1106800.0,1028500.0,0,0
,,,,,,181,2026-02-01 05:20:52.786500,WNTR,25.77,25.77,25.89,922100.0,1094700.0,0,0
2.0,1.0,1.0,,Aggregate Position Limit,Your CRO has set the aggregate position limit to 14000 shares for this week.,182,2026-02-01 05:20:53.810077,SPNG,25.94,25.94,27.0,941900.0,1152800.0,0,0
1.0,1.0,1.0,,Welcome to the RITC 2026 Alogithmic Market Making Case - practice server,,182,2026-02-01 05:20:53.810077,SMMR,24.46,24.37,24.46,958600.0,1005800.0,0,0
,,,,,,182,2026-02-01 05:20:53.810077,ATMN,24.87,24.2,24.87,1438400.0,899700.0,0,0
,,,,,,182,2026-02-01 05:20:53.810077,WNTR,25.77,25.77,25.83,922100.0,1338200.0,0,0
2.0,1.0,1.0,,Aggregate Position Limit,Your CRO has set the aggregate position limit to 14000 shares for this week.,183,2026-02-01 05:20:54.843750,SPNG,25.94,25.35,25.71,930400.0,1478700.0,0,0
1.0,1.0,1.0,,Welcome to the RITC 2026 Alogithmic Market Making Case - practice server,,183,2026-02-01 05:20:54.843750,SMMR,24.46,24.37,24.46,1260100.0,1005800.0,0,0
,,,,,,183,2026-02-01 05:20:54.843750,ATMN,25.1,24.78,24.8,1670200.0,1056700.0,0,0
,,,,,,183,2026-02-01 05:20:54.843750,WNTR,25.42,25.42,25.56,902100.0,1546300.0,0,0
2.0,1.0,1.0,,Aggregate Position Limit,Your CRO has set the aggregate position limit to 14000 shares for this week.,184,2026-02-01 05:20:55.866954,SPNG,25.35,24.09,25.01,958100.0,1807200.0,0,0
1.0,1.0,1.0,,Welcome to the RITC 2026 Alogithmic Market Making Case - practice server,,184,2026-02-01 05:20:55.866954,SMMR,24.61,24.37,24.61,1383900.0,880600.0,0,0
,,,,,,184,2026-02-01 05:20:55.866954,ATMN,24.77,24.78,24.8,1683100.0,1184800.0,0,0
,,,,,,184,2026-02-01 05:20:55.866954,WNTR,25.38,25.38,25.56,930700.0,1677000.0,0,0
2.0,1.0,1.0,,Aggregate Position Limit,Your CRO has set the aggregate position limit to 14000 shares for this week.,185,2026-02-01 05:20:56.893306,SPNG,24.09,24.09,25.01,1045800.0,2039500.0,0,0
1.0,1.0,1.0,,Welcome to the RITC 2026 Alogithmic Market Making Case - practice server,,185,2026-02-01 05:20:56.893306,SMMR,24.57,24.57,24.61,1510100.0,983500.0,0,0
,,,,,,185,2026-02-01 05:20:56.893306,ATMN,24.78,24.37,24.68,1926900.0,1286800.0,0,0
,,,,,,185,2026-02-01 05:20:56.893306,WNTR,25.56,25.47,25.56,1046600.0,1799500.0,0,0
2.0,1.0,1.0,,Aggregate Position Limit,Your CRO has set the aggregate position limit to 14000 shares for this week.,186,2026-02-01 05:20:57.928683,SPNG,23.88,23.88,24.77,1052100.0,2103900.0,0,0
1.0,1.0,1.0,,Welcome to the RITC 2026 Alogithmic Market Making Case - practice server,,186,2026-02-01 05:20:57.928683,SMMR,24.57,24.48,24.54,1506700.0,1296500.0,0,0
,,,,,,186,2026-02-01 05:20:57.928683,ATMN,24.8,24.37,24.51,2055000.0,1326600.0,0,0
,,,,,,186,2026-02-01 05:20:57.928683,WNTR,25.52,25.38,25.52,1078800.0,1930000.0,0,0
2.0,1.0,1.0,,Aggregate Position Limit,Your CRO has set the aggregate position limit to 14000 shares for this week.,187,2026-02-01 05:20:58.955594,SPNG,23.88,23.88,24.3,1052100.0,2157500.0,0,0
1.0,1.0,1.0,,Welcome to the RITC 2026 Alogithmic Market Making Case - practice server,,187,2026-02-01 05:20:58.955594,SMMR,24.5,24.48,24.5,1506700.0,1539000.0,0,0
,,,,,,187,2026-02-01 05:20:58.955594,ATMN,24.51,24.79,24.8,2295800.0,1273400.0,0,0
,,,,,,187,2026-02-01 05:20:58.955594,WNTR,25.52,25.42,25.52,1312100.0,2025500.0,0,0
2.0,1.0,1.0,,Aggregate Position Limit,Your CRO has set the aggregate position limit to 14000 shares for this week.,188,2026-02-01 05:20:59.983541,SPNG,23.91,24.09,24.3,1318100.0,2157500.0,0,0
1.0,1.0,1.0,,Welcome to the RITC 2026 Alogithmic Market Making Case - practice server,,188,2026-02-01 05:20:59.983541,SMMR,24.69,24.48,24.69,1506700.0,1222600.0,0,0
,,,,,,188,2026-02-01 05:20:59.983541,ATMN,24.82,24.51,24.82,2267900.0,1265700.0,0,0
,,,,,,188,2026-02-01 05:20:59.983541,WNTR,25.52,25.42,25.43,1312100.0,2258700.0,0,0
2.0,1.0,1.0,,Aggregate Position Limit,Your CRO has set the aggregate position limit to 14000 shares for this week.,189,2026-02-01 05:21:01.011759,SPNG,24.09,23.88,24.04,1189500.0,2196400.0,0,0
1.0,1.0,1.0,,Welcome to the RITC 2026 Alogithmic Market Making Case - practice server,,189,2026-02-01 05:21:01.011759,SMMR,24.37,24.48,24.65,1478900.0,1434700.0,0,0
,,,,,,189,2026-02-01 05:21:01.011759,ATMN,24.42,24.46,24.82,2294500.0,1366600.0,0,0
,,,,,,189,2026-02-01 05:21:01.011759,WNTR,25.43,25.4,25.43,1314900.0,2258700.0,0,0
2.0,1.0,1.0,,Aggregate Position Limit,Your CRO has set the aggregate position limit to 14000 shares for this week.,190,2026-02-01 05:21:02.047806,SPNG,24.04,23.88,24.04,1450600.0,2214300.0,0,0
1.0,1.0,1.0,,Welcome to the RITC 2026 Alogithmic Market Making Case - practice server,,190,2026-02-01 05:21:02.047806,SMMR,24.37,24.49,24.55,1583600.0,1623100.0,0,0
,,,,,,190,2026-02-01 05:21:02.047806,ATMN,24.54,24.83,24.88,2540300.0,1257700.0,0,0
,,,,,,190,2026-02-01 05:21:02.047806,WNTR,25.4,25.4,25.52,1427500.0,2251800.0,0,0
2.0,1.0,1.0,,Aggregate Position Limit,Your CRO has set the aggregate position limit to 14000 shares for this week.,191,2026-02-01 05:21:03.069047,SPNG,24.24,23.88,24.0,1450600.0,2166100.0,0,0
1.0,1.0,1.0,,Welcome to the RITC 2026 Alogithmic Market Making Case - practice server,,191,2026-02-01 05:21:03.069047,SMMR,24.48,24.48,24.64,1478900.0,1614400.0,0,0
,,,,,,191,2026-02-01 05:21:03.069047,ATMN,24.88,24.47,24.88,2411000.0,1353900.0,0,0
,,,,,,191,2026-02-01 05:21:03.069047,WNTR,25.44,25.38,25.44,1312100.0,2279000.0,0,0
2.0,1.0,1.0,,Aggregate Position Limit,Your CRO has set the aggregate position limit to 14000 shares for this week.,192,2026-02-01 05:21:04.101777,SPNG,24.27,23.88,24.27,1450600.0,2188800.0,0,0
1.0,1.0,1.0,,Welcome to the RITC 2026 Alogithmic Market Making Case - practice server,,192,2026-02-01 05:21:04.101777,SMMR,24.48,24.37,24.44,1510700.0,1711500.0,0,0
,,,,,,192,2026-02-01 05:21:04.101777,ATMN,24.46,24.46,24.62,2294500.0,1683700.0,0,0
,,,,,,192,2026-02-01 05:21:04.101777,WNTR,25.38,25.29,25.3,1212100.0,2309900.0,0,0
2.0,1.0,1.0,,Aggregate Position Limit,Your CRO has set the aggregate position limit to 14000 shares for this week.,193,2026-02-01 05:21:05.157720,SPNG,24.22,23.85,24.19,1341900.0,2254500.0,0,0
1.0,1.0,1.0,,Welcome to the RITC 2026 Alogithmic Market Making Case - practice server,,193,2026-02-01 05:21:05.157720,SMMR,24.48,24.37,24.44,1809400.0,1711500.0,0,0
,,,,,,193,2026-02-01 05:21:05.157720,ATMN,24.66,24.68,24.69,2412400.0,1576500.0,0,0
,,,,,,193,2026-02-01 05:21:05.157720,WNTR,25.29,25.29,25.42,1212100.0,2329500.0,0,0
2.0,1.0,1.0,,Aggregate Position Limit,Your CRO has set the aggregate position limit to 14000 shares for this week.,194,2026-02-01 05:21:06.185828,SPNG,24.3,23.98,24.3,1468100.0,2210300.0,0,0
1.0,1.0,1.0,,Welcome to the RITC 2026 Alogithmic Market Making Case - practice server,,194,2026-02-01 05:21:06.185828,SMMR,24.39,24.4,24.65,1936800.0,1620600.0,0,0
,,,,,,194,2026-02-01 05:21:06.185828,ATMN,24.92,24.46,24.92,2294500.0,1353500.0,0,0
,,,,,,194,2026-02-01 05:21:06.185828,WNTR,25.29,25.29,25.42,1207600.0,2374000.0,0,0
2.0,1.0,1.0,,Aggregate Position Limit,Your CRO has set the aggregate position limit to 14000 shares for this week.,195,2026-02-01 05:21:07.225786,SPNG,23.71,24.18,24.3,1364600.0,2246900.0,0,0
1.0,1.0,1.0,,Welcome to the RITC 2026 Alogithmic Market Making Case - practice server,,195,2026-02-01 05:21:07.225786,SMMR,24.39,24.47,24.53,2142000.0,1725300.0,0,0
,,,,,,195,2026-02-01 05:21:07.225786,ATMN,24.82,24.46,24.73,2294500.0,1462300.0,0,0
,,,,,,195,2026-02-01 05:21:07.225786,WNTR,25.42,25.42,25.43,1339300.0,2345600.0,0,0
2.0,1.0,1.0,,Aggregate Position Limit,Your CRO has set the aggregate position limit to 14000 shares for this week.,196,2026-02-01 05:21:08.251059,SPNG,23.71,24.18,24.23,1364600.0,2271500.0,0,0
1.0,1.0,1.0,,Welcome to the RITC 2026 Alogithmic Market Making Case - practice server,,196,2026-02-01 05:21:08.251059,SMMR,24.53,24.47,24.52,2138000.0,1834500.0,0,0
,,,,,,196,2026-02-01 05:21:08.251059,ATMN,24.82,24.67,24.73,2536700.0,1564300.0,0,0
,,,,,,196,2026-02-01 05:21:08.251059,WNTR,25.44,25.42,25.44,1466000.0,2344700.0,0,0
2.0,1.0,1.0,,Aggregate Position Limit,Your CRO has set the aggregate position limit to 14000 shares for this week.,197,2026-02-01 05:21:09.312461,SPNG,23.71,23.79,24.23,1470700.0,2271500.0,0,0
1.0,1.0,1.0,,Welcome to the RITC 2026 Alogithmic Market Making Case - practice server,,197,2026-02-01 05:21:09.312461,SMMR,24.53,24.47,24.52,2144600.0,1945000.0,0,0
,,,,,,197,2026-02-01 05:21:09.312461,ATMN,24.46,24.46,24.73,2285900.0,1779900.0,0,0
,,,,,,197,2026-02-01 05:21:09.312461,WNTR,25.44,25.42,25.44,1702800.0,2382800.0,0,0
2.0,1.0,1.0,,Aggregate Position Limit,Your CRO has set the aggregate position limit to 14000 shares for this week.,198,2026-02-01 05:21:10.346411,SPNG,23.91,23.91,24.23,1853600.0,2271500.0,0,0
1.0,1.0,1.0,,Welcome to the RITC 2026 Alogithmic Market Making Case - practice server,,198,2026-02-01 05:21:10.346411,SMMR,24.61,24.47,24.61,2141100.0,1731100.0,0,0
,,,,,,198,2026-02-01 05:21:10.346411,ATMN,24.46,24.46,24.55,2285900.0,2111600.0,0,0
,,,,,,198,2026-02-01 05:21:10.346411,WNTR,25.44,25.42,25.44,1948100.0,2370600.0,0,0
2.0,1.0,1.0,,Aggregate Position Limit,Your CRO has set the aggregate position limit to 14000 shares for this week.,199,2026-02-01 05:21:11.391845,SPNG,23.89,23.89,24.23,1963700.0,2271500.0,0,0
