news_id,period,tick,ticker,headline,body,tick,timestamp,ticker,last_price,bid_price,ask_price,BUY_ANON,SELL_ANON,SELL_IESE-1,SELL_LUIS-1,BUY_IESE-1,SELL_LUIS-3,BUY_LUIS-1,BUY_LUIS-3,SELL_CALG-1,BUY_CALG-1,BUY_UEBR-1,SELL_LUIS-2,BUY_LUIS-2
2.0,1.0,1.0,,Aggregate Position Limit,Your CRO has set the aggregate position limit to 10000 shares for this week.,1,2026-02-01 11:34:54.616713,SPNG,25.16,24.79,25.16,2250000.0,1934000.0,0,0,0,0,0,0,0,0,0,0,0
1.0,1.0,1.0,,Welcome to the RITC 2026 Alogithmic Market Making Case - practice server,,1,2026-02-01 11:34:54.616713,SMMR,25.06,24.97,25.06,2078500.0,2124400.0,0,0,0,0,0,0,0,0,0,0,0
,,,,,,1,2026-02-01 11:34:54.616713,ATMN,25.06,25.04,25.06,2047600.0,2136700.0,0,0,0,0,0,0,0,0,0,0,0
,,,,,,1,2026-02-01 11:34:54.616713,WNTR,24.75,24.89,24.93,2068500.0,2338800.0,0,0,0,0,0,0,0,0,0,0,0
2.0,1.0,1.0,,Aggregate Position Limit,Your CRO has set the aggregate position limit to 10000 shares for this week.,2,2026-02-01 11:34:55.640009,SPNG,25.16,25.0,25.15,2153800.0,2500.0,2500.0,2038800.0,0,0,0,0,0,0,0,0,0
1.0,1.0,1.0,,Welcome to the RITC 2026 Alogithmic Market Making Case - practice server,,2,2026-02-01 11:34:55.640009,SMMR,24.9,25.0,25.05,1977000.0,2500.0,2500.0,2017900.0,0,0,0,0,0,0,0,0,0
,,,,,,2,2026-02-01 11:34:55.640009,ATMN,24.96,24.96,25.16,2016800.0,,2500.0,2075400.0,0,0,0,0,0,0,0,0,0
,,,,,,2,2026-02-01 11:34:55.640009,WNTR,24.93,24.99,25.01,2272000.0,,,2314500.0,0,0,0,0,0,0,0,0,0
2.0,1.0,1.0,,Aggregate Position Limit,Your CRO has set the aggregate position limit to 10000 shares for this week.,3,2026-02-01 11:34:56.677133,SPNG,24.79,25.01,25.16,2500.0,2149800.0,2022500.0,,0,0,0,0,0,0,0,0,0
1.0,1.0,1.0,,Welcome to the RITC 2026 Alogithmic Market Making Case - practice server,,3,2026-02-01 11:34:56.677133,SMMR,24.84,25.01,25.07,2500.0,1909100.0,2114700.0,,0,0,0,0,0,0,0,0,0
,,,,,,3,2026-02-01 11:34:56.677133,ATMN,25.16,24.97,25.16,2500.0,1931300.0,2023000.0,2500.0,0,0,0,0,0,0,0,0,0
,,,,,,3,2026-02-01 11:34:56.677133,WNTR,25.03,24.9,25.03,2500.0,2186700.0,2313600.0,,0,0,0,0,0,0,0,0,0
2.0,1.0,1.0,,Aggregate Position Limit,Your CRO has set the aggregate position limit to 10000 shares for this week.,4,2026-02-01 11:34:57.697122,SPNG,25.2,24.71,25.2,2304200.0,1821600.0,,,0,0,0,0,0,0,0,0,0
1.0,1.0,1.0,,Welcome to the RITC 2026 Alogithmic Market Making Case - practice server,,4,2026-02-01 11:34:57.697122,SMMR,25.0,24.84,25.0,1909100.0,1970300.0,2500.0,,0,0,0,0,0,0,0,0,0
,,,,,,4,2026-02-01 11:34:57.697122,ATMN,25.17,25.17,25.18,2027300.0,2128000.0,,,0,0,0,0,0,0,0,0,0
,,,,,,4,2026-02-01 11:34:57.697122,WNTR,25.03,24.9,25.02,2198000.0,2213800.0,2500.0,2500.0,0,0,0,0,0,0,0,0,0
2.0,1.0,1.0,,Aggregate Position Limit,Your CRO has set the aggregate position limit to 10000 shares for this week.,5,2026-02-01 11:34:58.731651,SPNG,25.2,24.72,25.18,2500.0,2174400.0,1997900.0,2500.0,0,0,0,0,0,0,0,0,0
1.0,1.0,1.0,,Welcome to the RITC 2026 Alogithmic Market Making Case - practice server,,5,2026-02-01 11:34:58.731651,SMMR,25.06,25.03,25.06,,2138900.0,2089800.0,,0,0,0,0,0,0,0,0,0
,,,,,,5,2026-02-01 11:34:58.731651,ATMN,24.9,24.9,25.16,,2027900.0,2024000.0,2500.0,0,0,0,0,0,0,0,0,0
,,,,,,5,2026-02-01 11:34:58.731651,WNTR,25.03,24.96,25.01,5000.0,2089400.0,2213800.0,2500.0,0,0,0,0,0,0,0,0,0
2.0,1.0,1.0,,Aggregate Position Limit,Your CRO has set the aggregate position limit to 10000 shares for this week.,6,2026-02-01 11:34:59.771786,SPNG,24.71,24.61,24.65,2296500.0,2012500.0,2500.0,,0,0,0,0,0,0,0,0,0
1.0,1.0,1.0,,Welcome to the RITC 2026 Alogithmic Market Making Case - practice server,,6,2026-02-01 11:34:59.771786,SMMR,24.96,24.96,25.08,2014900.0,2081500.0,,,0,0,0,0,0,0,0,0,0
,,,,,,6,2026-02-01 11:34:59.771786,ATMN,24.9,24.9,24.98,2033000.0,1944200.0,2500.0,,0,0,0,0,0,0,0,0,0
,,,,,,6,2026-02-01 11:34:59.771786,WNTR,24.95,24.95,24.97,2204600.0,2185100.0,2500.0,2500.0,0,0,0,0,0,0,0,0,0
2.0,1.0,1.0,,Aggregate Position Limit,Your CRO has set the aggregate position limit to 10000 shares for this week.,7,2026-02-01 11:35:00.816605,SPNG,24.65,24.78,25.18,2322000.0,1997900.0,2500.0,,0,0,0,0,0,0,0,0,0
1.0,1.0,1.0,,Welcome to the RITC 2026 Alogithmic Market Making Case - practice server,,7,2026-02-01 11:35:00.816605,SMMR,25.0,25.03,25.07,1996100.0,1972000.0,2500.0,2500.0,0,0,0,0,0,0,0,0,0
,,,,,,7,2026-02-01 11:35:00.816605,ATMN,24.88,24.88,24.97,2042500.0,1854700.0,5000.0,,0,0,0,0,0,0,0,0,0
,,,,,,7,2026-02-01 11:35:00.816605,WNTR,24.95,24.95,24.97,2206000.0,2215500.0,2500.0,2500.0,0,0,0,0,0,0,0,0,0
2.0,1.0,1.0,,Aggregate Position Limit,Your CRO has set the aggregate position limit to 10000 shares for this week.,8,2026-02-01 11:35:01.842054,SPNG,25.18,25.16,25.18,2217700.0,2500.0,5000.0,1919100.0,0,0,0,0,0,0,0,0,0
1.0,1.0,1.0,,Welcome to the RITC 2026 Alogithmic Market Making Case - practice server,,8,2026-02-01 11:35:01.842054,SMMR,24.96,24.97,25.07,1982000.0,2500.0,5000.0,1881400.0,0,0,0,0,0,0,0,0,0
,,,,,,8,2026-02-01 11:35:01.842054,ATMN,24.99,25.07,25.15,2041100.0,,2500.0,1985100.0,0,0,0,0,0,0,0,0,0
,,,,,,8,2026-02-01 11:35:01.842054,WNTR,25.0,24.95,25.0,2229500.0,2500.0,2500.0,2205700.0,0,0,0,0,0,0,0,0,0
2.0,1.0,1.0,,Aggregate Position Limit,Your CRO has set the aggregate position limit to 10000 shares for this week.,10,2026-02-01 11:35:02.877115,SPNG,24.94,25.04,25.17,2324500.0,5000.0,1919100.0,,0,0,0,0,0,0,0,0,0
1.0,1.0,1.0,,Welcome to the RITC 2026 Alogithmic Market Making Case - practice server,,10,2026-02-01 11:35:02.877115,SMMR,25.09,24.97,24.98,1964800.0,,2060500.0,2500.0,0,0,0,0,0,0,0,0,0
,,,,,,10,2026-02-01 11:35:02.877115,ATMN,24.96,24.88,25.14,2042500.0,2500.0,1989600.0,,0,0,0,0,0,0,0,0,0
,,,,,,10,2026-02-01 11:35:02.877115,WNTR,25.06,24.95,25.06,2240000.0,,2291300.0,2500.0,0,0,0,0,0,0,0,0,0
2.0,1.0,1.0,,Aggregate Position Limit,Your CRO has set the aggregate position limit to 10000 shares for this week.,11,2026-02-01 11:35:03.916611,SPNG,24.78,24.78,25.1,2315900.0,1810200.0,7500.0,,0,0,0,0,0,0,0,0,0
1.0,1.0,1.0,,Welcome to the RITC 2026 Alogithmic Market Making Case - practice server,,11,2026-02-01 11:35:03.916611,SMMR,24.79,24.79,24.98,2078400.0,2060500.0,,,0,0,0,0,0,0,0,0,0
,,,,,,11,2026-02-01 11:35:03.916611,ATMN,25.15,24.89,25.04,1932300.0,1874800.0,5000.0,2500.0,0,0,0,0,0,0,0,0,0
,,,,,,11,2026-02-01 11:35:03.916611,WNTR,24.94,24.94,24.96,2260600.0,2168100.0,2500.0,2500.0,0,0,0,0,0,0,0,0,0
2.0,1.0,1.0,,Aggregate Position Limit,Your CRO has set the aggregate position limit to 10000 shares for this week.,12,2026-02-01 11:35:04.936749,SPNG,25.01,24.79,25.01,2500.0,2225900.0,1846800.0,7500.0,0,0,0,0,0,0,0,0,0
1.0,1.0,1.0,,Welcome to the RITC 2026 Alogithmic Market Making Case - practice server,,12,2026-02-01 11:35:04.936749,SMMR,24.79,24.88,24.98,2500.0,1949100.0,2060500.0,,0,0,0,0,0,0,0,0,0
,,,,,,12,2026-02-01 11:35:04.936749,ATMN,24.77,24.89,24.95,2500.0,1941100.0,1886400.0,5000.0,0,0,0,0,0,0,0,0,0
,,,,,,12,2026-02-01 11:35:04.936749,WNTR,25.06,24.94,25.06,2500.0,2260600.0,2295800.0,,0,0,0,0,0,0,0,0,0
2.0,1.0,1.0,,Aggregate Position Limit,Your CRO has set the aggregate position limit to 10000 shares for this week.,13,2026-02-01 11:35:05.969949,SPNG,25.02,24.67,25.02,2320300.0,1840700.0,7500.0,,0,0,0,0,0,0,0,0,0
1.0,1.0,1.0,,Welcome to the RITC 2026 Alogithmic Market Making Case - practice server,,13,2026-02-01 11:35:05.969949,SMMR,25.09,24.97,25.09,1936300.0,2077500.0,,2500.0,0,0,0,0,0,0,0,0,0
,,,,,,13,2026-02-01 11:35:05.969949,ATMN,25.15,24.89,25.15,1949400.0,1991700.0,2500.0,2500.0,0,0,0,0,0,0,0,0,0
,,,,,,13,2026-02-01 11:35:05.969949,WNTR,25.06,24.89,25.06,2400000.0,2302600.0,,,0,0,0,0,0,0,0,0,0
2.0,1.0,1.0,,Aggregate Position Limit,Your CRO has set the aggregate position limit to 10000 shares for this week.,14,2026-02-01 11:35:06.986952,SPNG,25.1,24.68,25.09,2500.0,2250700.0,10000.0,1692000.0,0,0,0,0,0,0,0,0,0
1.0,1.0,1.0,,Welcome to the RITC 2026 Alogithmic Market Making Case - practice server,,14,2026-02-01 11:35:06.986952,SMMR,24.88,24.94,25.08,5000.0,1861200.0,2500.0,1962900.0,0,0,0,0,0,0,0,0,0
,,,,,,14,2026-02-01 11:35:06.986952,ATMN,24.76,25.01,25.14,2500.0,1973800.0,5000.0,1885100.0,0,0,0,0,0,0,0,0,0
,,,,,,14,2026-02-01 11:35:06.986952,WNTR,24.9,24.89,24.9,,2351600.0,,2329700.0,0,0,0,0,0,0,0,0,0
2.0,1.0,1.0,,Aggregate Position Limit,Your CRO has set the aggregate position limit to 10000 shares for this week.,15,2026-02-01 11:35:08.006792,SPNG,24.96,24.96,25.09,2274200.0,2500.0,10000.0,1720300.0,0,0,0,0,0,0,0,0,0
1.0,1.0,1.0,,Welcome to the RITC 2026 Alogithmic Market Making Case - practice server,,15,2026-02-01 11:35:08.006792,SMMR,25.1,25.08,25.1,1886600.0,5000.0,,2069200.0,0,0,0,0,0,0,0,0,0
,,,,,,15,2026-02-01 11:35:08.006792,ATMN,24.75,24.75,25.14,2077100.0,,5000.0,1884400.0,0,0,0,0,0,0,0,0,0
,,,,,,15,2026-02-01 11:35:08.006792,WNTR,24.89,24.89,25.06,2365000.0,,,2326600.0,0,0,0,0,0,0,0,0,0
2.0,1.0,1.0,,Aggregate Position Limit,Your CRO has set the aggregate position limit to 10000 shares for this week.,16,2026-02-01 11:35:09.052120,SPNG,24.97,24.61,24.85,2322000.0,1585200.0,12500.0,,0,0,0,0,0,0,0,0,0
1.0,1.0,1.0,,Welcome to the RITC 2026 Alogithmic Market Making Case - practice server,,16,2026-02-01 11:35:09.052120,SMMR,25.11,25.08,25.11,1886600.0,2108200.0,,5000.0,0,0,0,0,0,0,0,0,0
,,,,,,16,2026-02-01 11:35:09.052120,ATMN,25.16,24.92,24.98,1978600.0,2092900.0,,2500.0,0,0,0,0,0,0,0,0,0
,,,,,,16,2026-02-01 11:35:09.052120,WNTR,24.87,24.86,24.87,2353300.0,2202000.0,2500.0,,0,0,0,0,0,0,0,0,0
2.0,1.0,1.0,,Aggregate Position Limit,Your CRO has set the aggregate position limit to 10000 shares for this week.,17,2026-02-01 11:35:10.076993,SPNG,24.85,24.69,24.84,2257100.0,2500.0,15000.0,1473000.0,0,0,0,0,0,0,0,0,0
1.0,1.0,1.0,,Welcome to the RITC 2026 Alogithmic Market Making Case - practice server,,17,2026-02-01 11:35:10.076993,SMMR,25.08,25.08,25.11,1850700.0,5000.0,,2095200.0,0,0,0,0,0,0,0,0,0
,,,,,,17,2026-02-01 11:35:10.076993,ATMN,24.66,24.66,24.97,1978500.0,,2500.0,1978300.0,0,0,0,0,0,0,0,0,0
,,,,,,17,2026-02-01 11:35:10.076993,WNTR,25.01,24.86,24.97,2371000.0,,2500.0,2186800.0,0,0,0,0,0,0,0,0,0
2.0,1.0,1.0,,Aggregate Position Limit,Your CRO has set the aggregate position limit to 10000 shares for this week.,18,2026-02-01 11:35:11.116618,SPNG,24.85,24.69,24.84,2231000.0,2500.0,15000.0,1473000.0,0,0,0,0,0,0,0,0,0
1.0,1.0,1.0,,Welcome to the RITC 2026 Alogithmic Market Making Case - practice server,,18,2026-02-01 11:35:11.116618,SMMR,24.94,24.94,25.11,1900500.0,5000.0,,2111200.0,0,0,0,0,0,0,0,0,0
,,,,,,18,2026-02-01 11:35:11.116618,ATMN,25.17,24.88,25.17,2096200.0,,,2075200.0,0,0,0,0,0,0,0,0,0
,,,,,,18,2026-02-01 11:35:11.116618,WNTR,25.07,25.0,25.05,2374000.0,,,2319700.0,0,0,0,0,0,0,0,0,0
2.0,1.0,1.0,,Aggregate Position Limit,Your CRO has set the aggregate position limit to 10000 shares for this week.,19,2026-02-01 11:35:12.131927,SPNG,24.69,24.69,25.01,2235100.0,2500.0,1475700.0,15000.0,0,0,0,0,0,0,0,0,0
1.0,1.0,1.0,,Welcome to the RITC 2026 Alogithmic Market Making Case - practice server,,19,2026-02-01 11:35:12.131927,SMMR,24.94,24.95,25.1,1875700.0,5000.0,1994600.0,2500.0,0,0,0,0,0,0,0,0,0
,,,,,,19,2026-02-01 11:35:12.131927,ATMN,24.66,24.89,25.16,1978500.0,2500.0,1969000.0,2500.0,0,0,0,0,0,0,0,0,0
,,,,,,19,2026-02-01 11:35:12.131927,WNTR,24.86,24.86,25.03,2371000.0,,2178100.0,2500.0,0,0,0,0,0,0,0,0,0
2.0,1.0,1.0,,Aggregate Position Limit,Your CRO has set the aggregate position limit to 10000 shares for this week.,20,2026-02-01 11:35:13.171583,SPNG,24.95,24.95,25.01,2236100.0,2500.0,1499400.0,15000.0,0,0,0,0,0,0,0,0,0
1.0,1.0,1.0,,Welcome to the RITC 2026 Alogithmic Market Making Case - practice server,,20,2026-02-01 11:35:13.171583,SMMR,25.18,24.96,25.18,1754500.0,7500.0,2090500.0,,0,0,0,0,0,0,0,0,0
,,,,,,20,2026-02-01 11:35:13.171583,ATMN,24.8,24.92,25.04,1942000.0,2500.0,1976500.0,2500.0,0,0,0,0,0,0,0,0,0
,,,,,,20,2026-02-01 11:35:13.171583,WNTR,24.86,24.94,25.03,2242700.0,2500.0,2147300.0,2500.0,0,0,0,0,0,0,0,0,0
2.0,1.0,1.0,,Aggregate Position Limit,Your CRO has set the aggregate position limit to 10000 shares for this week.,21,2026-02-01 11:35:14.206634,SPNG,24.95,24.95,25.0,2236100.0,2500.0,17500.0,1420200.0,0,0,0,0,0,0,0,0,0
1.0,1.0,1.0,,Welcome to the RITC 2026 Alogithmic Market Making Case - practice server,,21,2026-02-01 11:35:14.206634,SMMR,25.01,25.1,25.18,1773400.0,7500.0,,2112700.0,0,0,0,0,0,0,0,0,0
,,,,,,21,2026-02-01 11:35:14.206634,ATMN,24.92,24.67,24.85,1953200.0,2500.0,2500.0,1991900.0,0,0,0,0,0,0,0,0,0
,,,,,,21,2026-02-01 11:35:14.206634,WNTR,24.94,24.94,25.02,2255700.0,2500.0,5000.0,2040500.0,0,0,0,0,0,0,0,0,0
2.0,1.0,1.0,,Aggregate Position Limit,Your CRO has set the aggregate position limit to 10000 shares for this week.,22,2026-02-01 11:35:15.247015,SPNG,24.77,24.7,24.76,5000.0,2105300.0,20000.0,1345600.0,0,0,0,0,0,0,0,0,0
1.0,1.0,1.0,,Welcome to the RITC 2026 Alogithmic Market Making Case - practice server,,22,2026-02-01 11:35:15.247015,SMMR,24.94,25.13,25.17,7500.0,1785000.0,2500.0,1986100.0,0,0,0,0,0,0,0,0,0
,,,,,,22,2026-02-01 11:35:15.247015,ATMN,24.66,24.66,24.84,,2043100.0,5000.0,1890100.0,0,0,0,0,0,0,0,0,0
,,,,,,22,2026-02-01 11:35:15.247015,WNTR,25.04,24.95,25.01,5000.0,2144900.0,2500.0,2187600.0,0,0,0,0,0,0,0,0,0
2.0,1.0,1.0,,Aggregate Position Limit,Your CRO has set the aggregate position limit to 10000 shares for this week.,23,2026-02-01 11:35:16.280209,SPNG,24.77,24.86,25.0,2071500.0,5000.0,17500.0,1420200.0,0,0,0,0,0,0,0,0,0
1.0,1.0,1.0,,Welcome to the RITC 2026 Alogithmic Market Making Case - practice server,,23,2026-02-01 11:35:16.280209,SMMR,25.13,25.0,25.03,1786600.0,7500.0,2500.0,2024900.0,0,0,0,0,0,0,0,0,0
,,,,,,23,2026-02-01 11:35:16.280209,ATMN,24.85,24.93,25.04,2087300.0,,2500.0,2001900.0,0,0,0,0,0,0,0,0,0
,,,,,,23,2026-02-01 11:35:16.280209,WNTR,25.04,25.03,25.04,2336800.0,,,2302700.0,0,0,0,0,0,0,0,0,0
2.0,1.0,1.0,,Aggregate Position Limit,Your CRO has set the aggregate position limit to 10000 shares for this week.,24,2026-02-01 11:35:17.306915,SPNG,24.71,24.71,24.97,2041300.0,5000.0,1312500.0,20000.0,0,0,0,0,0,0,0,0,0
1.0,1.0,1.0,,Welcome to the RITC 2026 Alogithmic Market Making Case - practice server,,24,2026-02-01 11:35:17.306915,SMMR,25.03,25.0,25.03,1821100.0,7500.0,2055800.0,2500.0,0,0,0,0,0,0,0,0,0
,,,,,,24,2026-02-01 11:35:17.306915,ATMN,24.71,24.71,25.03,2049300.0,,1892900.0,5000.0,0,0,0,0,0,0,0,0,0
,,,,,,24,2026-02-01 11:35:17.306915,WNTR,25.03,24.87,24.89,2352600.0,,2347200.0,,0,0,0,0,0,0,0,0,0
2.0,1.0,1.0,,Aggregate Position Limit,Your CRO has set the aggregate position limit to 10000 shares for this week.,25,2026-02-01 11:35:18.352359,SPNG,25.01,24.72,25.01,5000.0,2087800.0,1533800.0,15000.0,0,0,0,0,0,0,0,0,0
1.0,1.0,1.0,,Welcome to the RITC 2026 Alogithmic Market Making Case - practice server,,25,2026-02-01 11:35:18.352359,SMMR,25.06,24.95,25.06,5000.0,1908100.0,2015400.0,2500.0,0,0,0,0,0,0,0,0,0
,,,,,,25,2026-02-01 11:35:18.352359,ATMN,25.0,24.71,24.75,,2049300.0,1899900.0,5000.0,0,0,0,0,0,0,0,0,0
,,,,,,25,2026-02-01 11:35:18.352359,WNTR,25.03,24.87,24.89,,2376900.0,2347200.0,,0,0,0,0,0,0,0,0,0
2.0,1.0,1.0,,Aggregate Position Limit,Your CRO has set the aggregate position limit to 10000 shares for this week.,26,2026-02-01 11:35:19.379025,SPNG,25.15,24.72,25.15,5000.0,2063400.0,1836600.0,7500.0,0,0,0,0,0,0,0,0,0
1.0,1.0,1.0,,Welcome to the RITC 2026 Alogithmic Market Making Case - practice server,,26,2026-02-01 11:35:19.379025,SMMR,25.06,24.95,25.06,5000.0,1867400.0,2015400.0,2500.0,0,0,0,0,0,0,0,0,0
,,,,,,26,2026-02-01 11:35:19.379025,ATMN,25.04,24.71,24.91,,2068100.0,2012700.0,2500.0,0,0,0,0,0,0,0,0,0
,,,,,,26,2026-02-01 11:35:19.379025,WNTR,25.03,24.87,24.89,,2369500.0,2347200.0,,0,0,0,0,0,0,0,0,0
2.0,1.0,1.0,,Aggregate Position Limit,Your CRO has set the aggregate position limit to 10000 shares for this week.,27,2026-02-01 11:35:20.401255,SPNG,24.83,24.73,24.83,7500.0,1980700.0,1736300.0,10000.0,0,0,0,0,0,0,0,0,0
1.0,1.0,1.0,,Welcome to the RITC 2026 Alogithmic Market Making Case - practice server,,27,2026-02-01 11:35:20.401255,SMMR,25.05,25.05,25.06,7500.0,1739900.0,2015400.0,2500.0,0,0,0,0,0,0,0,0,0
,,,,,,27,2026-02-01 11:35:20.401255,ATMN,24.64,24.65,24.9,2500.0,1977200.0,1937200.0,5000.0,0,0,0,0,0,0,0,0,0
,,,,,,27,2026-02-01 11:35:20.401255,WNTR,25.09,24.93,25.08,2500.0,2234000.0,2238300.0,2500.0,0,0,0,0,0,0,0,0,0
2.0,1.0,1.0,,Aggregate Position Limit,Your CRO has set the aggregate position limit to 10000 shares for this week.,28,2026-02-01 11:35:21.434401,SPNG,25.21,24.73,25.21,7500.0,1975900.0,2154700.0,,0,0,0,0,0,0,0,0,0
1.0,1.0,1.0,,Welcome to the RITC 2026 Alogithmic Market Making Case - practice server,,28,2026-02-01 11:35:21.434401,SMMR,25.05,25.05,25.06,7500.0,1739900.0,2008000.0,2500.0,0,0,0,0,0,0,0,0,0
,,,,,,28,2026-02-01 11:35:21.434401,ATMN,24.63,24.65,24.9,,2062800.0,1916800.0,5000.0,0,0,0,0,0,0,0,0,0
,,,,,,28,2026-02-01 11:35:21.434401,WNTR,25.09,24.94,25.08,2500.0,2274500.0,2238300.0,2500.0,0,0,0,0,0,0,0,0,0
2.0,1.0,1.0,,Aggregate Position Limit,Your CRO has set the aggregate position limit to 10000 shares for this week.,29,2026-02-01 11:35:22.470681,SPNG,25.22,24.74,25.2,10000.0,1876600.0,2500.0,2034800.0,0,0,0,0,0,0,0,0,0
1.0,1.0,1.0,,Welcome to the RITC 2026 Alogithmic Market Making Case - practice server,,29,2026-02-01 11:35:22.470681,SMMR,25.07,25.05,25.07,7500.0,1765000.0,2500.0,2012100.0,0,0,0,0,0,0,0,0,0
,,,,,,29,2026-02-01 11:35:22.470681,ATMN,24.63,24.66,24.89,2500.0,1987700.0,7500.0,1835700.0,0,0,0,0,0,0,0,0,0
,,,,,,29,2026-02-01 11:35:22.470681,WNTR,25.07,25.1,25.12,5000.0,2205200.0,,2341400.0,0,0,0,0,0,0,0,0,0
2.0,1.0,1.0,,Aggregate Position Limit,Your CRO has set the aggregate position limit to 10000 shares for this week.,30,2026-02-01 11:35:23.486863,SPNG,24.65,25.01,25.33,2207100.0,2500.0,2139900.0,,0,0,0,0,0,0,0,0,0
1.0,1.0,1.0,,Welcome to the RITC 2026 Alogithmic Market Making Case - practice server,,30,2026-02-01 11:35:23.486863,SMMR,25.02,25.02,25.07,1784300.0,7500.0,2027000.0,2500.0,0,0,0,0,0,0,0,0,0
,,,,,,30,2026-02-01 11:35:23.486863,ATMN,24.63,24.7,24.89,2035300.0,2500.0,1817200.0,7500.0,0,0,0,0,0,0,0,0,0
,,,,,,30,2026-02-01 11:35:23.486863,WNTR,25.19,25.1,25.13,2205200.0,5000.0,2295800.0,,0,0,0,0,0,0,0,0,0
2.0,1.0,1.0,,Aggregate Position Limit,Your CRO has set the aggregate position limit to 10000 shares for this week.,31,2026-02-01 11:35:24.507162,SPNG,24.65,24.65,25.22,2214600.0,2500.0,2060500.0,2500.0,0,0,0,0,0,0,0,0,0
1.0,1.0,1.0,,Welcome to the RITC 2026 Alogithmic Market Making Case - practice server,,31,2026-02-01 11:35:24.507162,SMMR,24.99,24.99,25.07,1759200.0,7500.0,2038400.0,2500.0,0,0,0,0,0,0,0,0,0
,,,,,,31,2026-02-01 11:35:24.507162,ATMN,25.0,24.65,24.82,2110800.0,,1989000.0,2500.0,0,0,0,0,0,0,0,0,0
,,,,,,31,2026-02-01 11:35:24.507162,WNTR,25.23,25.1,25.15,2188000.0,5000.0,2324700.0,,0,0,0,0,0,0,0,0,0
2.0,1.0,1.0,,Aggregate Position Limit,Your CRO has set the aggregate position limit to 10000 shares for this week.,32,2026-02-01 11:35:25.547216,SPNG,25.18,24.66,25.17,5000.0,2112900.0,5000.0,1959600.0,0,0,0,0,0,0,0,0,0
1.0,1.0,1.0,,Welcome to the RITC 2026 Alogithmic Market Making Case - practice server,,32,2026-02-01 11:35:25.547216,SMMR,25.07,25.05,25.07,10000.0,1690700.0,2500.0,2042400.0,0,0,0,0,0,0,0,0,0
,,,,,,32,2026-02-01 11:35:25.547216,ATMN,24.82,24.66,24.81,2500.0,2020800.0,5000.0,1906000.0,0,0,0,0,0,0,0,0,0
,,,,,,32,2026-02-01 11:35:25.547216,WNTR,25.23,25.23,25.24,7500.0,2101800.0,,2309900.0,0,0,0,0,0,0,0,0,0
2.0,1.0,1.0,,Aggregate Position Limit,Your CRO has set the aggregate position limit to 10000 shares for this week.,33,2026-02-01 11:35:26.577133,SPNG,24.65,24.65,25.17,2214600.0,2500.0,5000.0,1959600.0,0,0,0,0,0,0,0,0,0
1.0,1.0,1.0,,Welcome to the RITC 2026 Alogithmic Market Making Case - practice server,,33,2026-02-01 11:35:26.577133,SMMR,25.14,25.05,25.14,1690700.0,10000.0,2500.0,2027700.0,0,0,0,0,0,0,0,0,0
,,,,,,33,2026-02-01 11:35:26.577133,ATMN,24.82,24.7,24.81,2049100.0,2500.0,5000.0,1904300.0,0,0,0,0,0,0,0,0,0
,,,,,,33,2026-02-01 11:35:26.577133,WNTR,25.1,25.1,25.18,2218500.0,5000.0,,2296800.0,0,0,0,0,0,0,0,0,0
2.0,1.0,1.0,,Aggregate Position Limit,Your CRO has set the aggregate position limit to 10000 shares for this week.,34,2026-02-01 11:35:27.597054,SPNG,24.65,24.69,25.16,2075900.0,5000.0,7500.0,1835300.0,0,0,0,0,0,0,0,0,0
1.0,1.0,1.0,,Welcome to the RITC 2026 Alogithmic Market Making Case - practice server,,34,2026-02-01 11:35:27.597054,SMMR,25.05,25.0,25.03,1668700.0,10000.0,5000.0,1977300.0,0,0,0,0,0,0,0,0,0
,,,,,,34,2026-02-01 11:35:27.597054,ATMN,24.96,24.71,24.96,1976800.0,5000.0,2500.0,2031700.0,0,0,0,0,0,0,0,0,0
,,,,,,34,2026-02-01 11:35:27.597054,WNTR,25.24,25.11,25.24,2080100.0,7500.0,,2303000.0,0,0,0,0,0,0,0,0,0
2.0,1.0,1.0,,Aggregate Position Limit,Your CRO has set the aggregate position limit to 10000 shares for this week.,35,2026-02-01 11:35:28.613628,SPNG,25.22,24.66,25.22,5000.0,2100600.0,2055100.0,2500.0,0,0,0,0,0,0,0,0,0
1.0,1.0,1.0,,Welcome to the RITC 2026 Alogithmic Market Making Case - practice server,,35,2026-02-01 11:35:28.613628,SMMR,25.03,25.03,25.09,7500.0,1726700.0,1952100.0,5000.0,0,0,0,0,0,0,0,0,0
,,,,,,35,2026-02-01 11:35:28.613628,ATMN,24.96,24.72,24.96,7500.0,1852400.0,2030000.0,2500.0,0,0,0,0,0,0,0,0,0
,,,,,,35,2026-02-01 11:35:28.613628,WNTR,25.31,25.12,25.17,10000.0,1921800.0,2287700.0,,0,0,0,0,0,0,0,0,0
2.0,1.0,1.0,,Aggregate Position Limit,Your CRO has set the aggregate position limit to 10000 shares for this week.,36,2026-02-01 11:35:29.634863,SPNG,24.94,25.18,25.22,2076800.0,5000.0,2055100.0,2500.0,0,0,0,0,0,0,0,0,0
1.0,1.0,1.0,,Welcome to the RITC 2026 Alogithmic Market Making Case - practice server,,36,2026-02-01 11:35:29.634863,SMMR,24.94,24.94,25.16,1814800.0,5000.0,2031300.0,2500.0,0,0,0,0,0,0,0,0,0
,,,,,,36,2026-02-01 11:35:29.634863,ATMN,24.65,24.65,24.8,2123900.0,,1915200.0,5000.0,0,0,0,0,0,0,0,0,0
,,,,,,36,2026-02-01 11:35:29.634863,WNTR,25.17,25.25,25.3,2200600.0,5000.0,2183300.0,2500.0,0,0,0,0,0,0,0,0,0
2.0,1.0,1.0,,Aggregate Position Limit,Your CRO has set the aggregate position limit to 10000 shares for this week.,37,2026-02-01 11:35:30.661765,SPNG,25.09,25.09,25.22,1960300.0,7500.0,2022500.0,2500.0,0,0,0,0,0,0,0,0,0
1.0,1.0,1.0,,Welcome to the RITC 2026 Alogithmic Market Making Case - practice server,,37,2026-02-01 11:35:30.661765,SMMR,24.93,25.07,25.15,1665500.0,7500.0,1946400.0,5000.0,0,0,0,0,0,0,0,0,0
,,,,,,37,2026-02-01 11:35:30.661765,ATMN,24.71,24.71,24.94,2155500.0,,1816900.0,7500.0,0,0,0,0,0,0,0,0,0
,,,,,,37,2026-02-01 11:35:30.661765,WNTR,25.1,25.26,25.29,2081700.0,7500.0,2079000.0,5000.0,0,0,0,0,0,0,0,0,0
2.0,1.0,1.0,,Aggregate Position Limit,Your CRO has set the aggregate position limit to 10000 shares for this week.,38,2026-02-01 11:35:31.696849,SPNG,25.09,25.09,25.19,1960300.0,7500.0,2035400.0,2500.0,0,0,0,0,0,0,0,0,0
1.0,1.0,1.0,,Welcome to the RITC 2026 Alogithmic Market Making Case - practice server,,38,2026-02-01 11:35:31.696849,SMMR,24.93,25.07,25.15,1665500.0,7500.0,1949900.0,5000.0,0,0,0,0,0,0,0,0,0
,,,,,,38,2026-02-01 11:35:31.696849,ATMN,24.71,24.72,24.76,2191300.0,,1829700.0,7500.0,0,0,0,0,0,0,0,0,0
,,,,,,38,2026-02-01 11:35:31.696849,WNTR,25.21,25.22,25.29,2200000.0,5000.0,2079000.0,5000.0,0,0,0,0,0,0,0,0,0
2.0,1.0,1.0,,Aggregate Position Limit,Your CRO has set the aggregate position limit to 10000 shares for this week.,39,2026-02-01 11:35:32.716810,SPNG,24.68,24.68,25.18,2068700.0,5000.0,5000.0,1933000.0,0,0,0,0,0,0,0,0,0
1.0,1.0,1.0,,Welcome to the RITC 2026 Alogithmic Market Making Case - practice server,,39,2026-02-01 11:35:32.716810,SMMR,25.07,25.07,25.14,1690700.0,7500.0,7500.0,1828500.0,0,0,0,0,0,0,0,0,0
,,,,,,39,2026-02-01 11:35:32.716810,ATMN,24.63,24.63,24.75,2150500.0,,10000.0,1730900.0,0,0,0,0,0,0,0,0,0
,,,,,,39,2026-02-01 11:35:32.716810,WNTR,25.1,25.1,25.12,2218700.0,5000.0,7500.0,1980100.0,0,0,0,0,0,0,0,0,0
2.0,1.0,1.0,,Aggregate Position Limit,Your CRO has set the aggregate position limit to 10000 shares for this week.,40,2026-02-01 11:35:33.746920,SPNG,24.68,24.68,24.9,2075400.0,5000.0,1958800.0,5000.0,0,0,0,0,0,0,0,0,0
1.0,1.0,1.0,,Welcome to the RITC 2026 Alogithmic Market Making Case - practice server,,40,2026-02-01 11:35:33.746920,SMMR,25.07,25.07,25.14,1681700.0,7500.0,1828500.0,7500.0,0,0,0,0,0,0,0,0,0
,,,,,,40,2026-02-01 11:35:33.746920,ATMN,24.76,24.68,24.76,2128700.0,,1836700.0,7500.0,0,0,0,0,0,0,0,0,0
,,,,,,40,2026-02-01 11:35:33.746920,WNTR,25.12,25.21,25.28,2125700.0,5000.0,1997400.0,7500.0,0,0,0,0,0,0,0,0,0
2.0,1.0,1.0,,Aggregate Position Limit,Your CRO has set the aggregate position limit to 10000 shares for this week.,41,2026-02-01 11:35:34.771837,SPNG,25.19,24.69,25.19,7500.0,1967100.0,2035400.0,2500.0,0,0,0,0,0,0,0,0,0
1.0,1.0,1.0,,Welcome to the RITC 2026 Alogithmic Market Making Case - practice server,,41,2026-02-01 11:35:34.771837,SMMR,25.17,25.07,25.17,7500.0,1691700.0,2163100.0,,0,0,0,0,0,0,0,0,0
,,,,,,41,2026-02-01 11:35:34.771837,ATMN,24.9,24.68,24.9,2500.0,2043500.0,1803300.0,7500.0,0,0,0,0,0,0,0,0,0
,,,,,,41,2026-02-01 11:35:34.771837,WNTR,25.29,25.03,25.29,5000.0,2168500.0,2212300.0,2500.0,0,0,0,0,0,0,0,0,0
2.0,1.0,1.0,,Aggregate Position Limit,Your CRO has set the aggregate position limit to 10000 shares for this week.,42,2026-02-01 11:35:35.797284,SPNG,24.67,25.12,25.19,1954800.0,7500.0,2052800.0,2500.0,0,0,0,0,0,0,0,0,0
1.0,1.0,1.0,,Welcome to the RITC 2026 Alogithmic Market Making Case - practice server,,42,2026-02-01 11:35:35.797284,SMMR,25.07,25.08,25.17,1587100.0,10000.0,2175400.0,,0,0,0,0,0,0,0,0,0
,,,,,,42,2026-02-01 11:35:35.797284,ATMN,24.69,24.69,24.9,2053400.0,2500.0,1803300.0,7500.0,0,0,0,0,0,0,0,0,0
,,,,,,42,2026-02-01 11:35:35.797284,WNTR,25.31,25.17,25.31,1982600.0,7500.0,2311600.0,,0,0,0,0,0,0,0,0,0
2.0,1.0,1.0,,Aggregate Position Limit,Your CRO has set the aggregate position limit to 10000 shares for this week.,43,2026-02-01 11:35:36.835040,SPNG,24.67,24.67,25.14,2074000.0,5000.0,1968500.0,5000.0,0,0,0,0,0,0,0,0,0
1.0,1.0,1.0,,Welcome to the RITC 2026 Alogithmic Market Making Case - practice server,,43,2026-02-01 11:35:36.835040,SMMR,24.93,24.97,25.16,1800600.0,5000.0,2053400.0,2500.0,0,0,0,0,0,0,0,0,0
,,,,,,43,2026-02-01 11:35:36.835040,ATMN,24.68,24.68,24.95,2052600.0,2500.0,2032900.0,2500.0,0,0,0,0,0,0,0,0,0
,,,,,,43,2026-02-01 11:35:36.835040,WNTR,25.08,25.08,25.13,2133100.0,5000.0,2203600.0,2500.0,0,0,0,0,0,0,0,0,0
2.0,1.0,1.0,,Aggregate Position Limit,Your CRO has set the aggregate position limit to 10000 shares for this week.,44,2026-02-01 11:35:37.857192,SPNG,25.19,24.68,25.13,7500.0,1942900.0,5000.0,1959000.0,0,0,0,0,0,0,0,0,0
1.0,1.0,1.0,,Welcome to the RITC 2026 Alogithmic Market Making Case - practice server,,44,2026-02-01 11:35:37.857192,SMMR,24.96,25.03,25.15,7500.0,1689600.0,5000.0,1957500.0,0,0,0,0,0,0,0,0,0
,,,,,,44,2026-02-01 11:35:37.857192,ATMN,24.63,24.69,24.94,2500.0,2044200.0,5000.0,1925000.0,0,0,0,0,0,0,0,0,0
,,,,,,44,2026-02-01 11:35:37.857192,WNTR,25.28,25.28,25.31,5000.0,2115900.0,,2311600.0,0,0,0,0,0,0,0,0,0
2.0,1.0,1.0,,Aggregate Position Limit,Your CRO has set the aggregate position limit to 10000 shares for this week.,45,2026-02-01 11:35:38.887309,SPNG,24.67,24.67,25.13,2060100.0,5000.0,5000.0,1958700.0,0,0,0,0,0,0,0,0,0
1.0,1.0,1.0,,Welcome to the RITC 2026 Alogithmic Market Making Case - practice server,,45,2026-02-01 11:35:38.887309,SMMR,24.96,25.07,25.15,1795400.0,5000.0,5000.0,1937200.0,0,0,0,0,0,0,0,0,0
,,,,,,45,2026-02-01 11:35:38.887309,ATMN,24.63,24.66,24.93,2105800.0,,5000.0,1928100.0,0,0,0,0,0,0,0,0,0
,,,,,,45,2026-02-01 11:35:38.887309,WNTR,25.08,25.08,25.29,2133100.0,5000.0,,2322600.0,0,0,0,0,0,0,0,0,0
2.0,1.0,1.0,,Aggregate Position Limit,Your CRO has set the aggregate position limit to 10000 shares for this week.,46,2026-02-01 11:35:39.917049,SPNG,24.65,24.62,24.65,2500.0,2163200.0,1858800.0,7500.0,0,0,0,0,0,0,0,0,0
1.0,1.0,1.0,,Welcome to the RITC 2026 Alogithmic Market Making Case - practice server,,46,2026-02-01 11:35:39.917049,SMMR,25.15,24.99,25.15,5000.0,1783300.0,2061300.0,2500.0,0,0,0,0,0,0,0,0,0
,,,,,,46,2026-02-01 11:35:39.917049,ATMN,24.63,24.8,24.9,2500.0,2036400.0,1847900.0,7500.0,0,0,0,0,0,0,0,0,0
,,,,,,46,2026-02-01 11:35:39.917049,WNTR,25.1,25.16,25.29,5000.0,2139200.0,2347100.0,,0,0,0,0,0,0,0,0,0
2.0,1.0,1.0,,Aggregate Position Limit,Your CRO has set the aggregate position limit to 10000 shares for this week.,47,2026-02-01 11:35:40.954476,SPNG,25.13,25.16,25.19,2164100.0,2500.0,2055600.0,2500.0,0,0,0,0,0,0,0,0,0
1.0,1.0,1.0,,Welcome to the RITC 2026 Alogithmic Market Making Case - practice server,,47,2026-02-01 11:35:40.954476,SMMR,24.96,24.96,25.14,1799700.0,5000.0,2035100.0,2500.0,0,0,0,0,0,0,0,0,0
,,,,,,47,2026-02-01 11:35:40.954476,ATMN,24.9,24.73,24.9,2103500.0,,1847900.0,7500.0,0,0,0,0,0,0,0,0,0
,,,,,,47,2026-02-01 11:35:40.954476,WNTR,25.16,25.16,25.23,2139200.0,5000.0,2322600.0,,0,0,0,0,0,0,0,0,0
2.0,1.0,1.0,,Aggregate Position Limit,Your CRO has set the aggregate position limit to 10000 shares for this week.,48,2026-02-01 11:35:41.986889,SPNG,25.22,24.59,25.22,2281400.0,2020500.0,2500.0,,0,0,0,0,0,0,0,0,0
1.0,1.0,1.0,,Welcome to the RITC 2026 Alogithmic Market Making Case - practice server,,48,2026-02-01 11:35:41.986889,SMMR,25.14,25.1,25.14,1694100.0,2030100.0,2500.0,7500.0,0,0,0,0,0,0,0,0,0
,,,,,,48,2026-02-01 11:35:41.986889,ATMN,24.93,24.63,24.93,2132200.0,1946500.0,5000.0,,0,0,0,0,0,0,0,0,0
,,,,,,48,2026-02-01 11:35:41.986889,WNTR,25.29,25.19,25.22,2070100.0,2211800.0,2500.0,7500.0,0,0,0,0,0,0,0,0,0
2.0,1.0,1.0,,Aggregate Position Limit,Your CRO has set the aggregate position limit to 10000 shares for this week.,49,2026-02-01 11:35:43.020044,SPNG,25.22,24.6,25.21,2500.0,2179700.0,5000.0,1934300.0,0,0,0,0,0,0,0,0,0
1.0,1.0,1.0,,Welcome to the RITC 2026 Alogithmic Market Making Case - practice server,,49,2026-02-01 11:35:43.020044,SMMR,25.15,25.14,25.15,7500.0,1700400.0,2500.0,2048600.0,0,0,0,0,0,0,0,0,0
,,,,,,49,2026-02-01 11:35:43.020044,ATMN,24.62,24.62,24.92,,2134600.0,7500.0,1867500.0,0,0,0,0,0,0,0,0,0
,,,,,,49,2026-02-01 11:35:43.020044,WNTR,25.31,25.25,25.31,7500.0,2025000.0,,2357000.0,0,0,0,0,0,0,0,0,0
2.0,1.0,1.0,,Aggregate Position Limit,Your CRO has set the aggregate position limit to 10000 shares for this week.,50,2026-02-01 11:35:44.046765,SPNG,24.55,24.88,25.19,2272500.0,1962000.0,5000.0,,0,0,0,0,0,0,0,0,0
1.0,1.0,1.0,,Welcome to the RITC 2026 Alogithmic Market Making Case - practice server,,50,2026-02-01 11:35:44.046765,SMMR,25.17,25.14,25.17,1747900.0,2176400.0,,7500.0,0,0,0,0,0,0,0,0,0
,,,,,,50,2026-02-01 11:35:44.046765,ATMN,24.93,24.62,24.93,2134600.0,1983600.0,5000.0,,0,0,0,0,0,0,0,0,0
,,,,,,50,2026-02-01 11:35:44.046765,WNTR,25.25,25.3,25.31,2036300.0,2343900.0,,7500.0,0,0,0,0,0,0,0,0,0
2.0,1.0,1.0,,Aggregate Position Limit,Your CRO has set the aggregate position limit to 10000 shares for this week.,51,2026-02-01 11:35:45.071854,SPNG,24.55,24.55,25.18,2314200.0,7500.0,1854100.0,,0,0,0,0,0,0,0,0,0
1.0,1.0,1.0,,Welcome to the RITC 2026 Alogithmic Market Making Case - practice server,,51,2026-02-01 11:35:45.071854,SMMR,25.1,25.1,25.17,1712200.0,,2172900.0,7500.0,0,0,0,0,0,0,0,0,0
,,,,,,51,2026-02-01 11:35:45.071854,ATMN,24.62,24.9,24.92,2157100.0,7500.0,1867000.0,,0,0,0,0,0,0,0,0,0
,,,,,,51,2026-02-01 11:35:45.071854,WNTR,25.31,25.3,25.31,2036300.0,,2312500.0,7500.0,0,0,0,0,0,0,0,0,0
2.0,1.0,1.0,,Aggregate Position Limit,Your CRO has set the aggregate position limit to 10000 shares for this week.,52,2026-02-01 11:35:46.096646,SPNG,24.55,24.55,25.05,2314200.0,1856400.0,7500.0,,0,0,0,0,0,0,0,0,0
1.0,1.0,1.0,,Welcome to the RITC 2026 Alogithmic Market Making Case - practice server,,52,2026-02-01 11:35:46.096646,SMMR,25.02,25.03,25.17,1718300.0,2163800.0,,7500.0,0,0,0,0,0,0,0,0,0
,,,,,,52,2026-02-01 11:35:46.096646,ATMN,24.95,24.9,24.95,2157100.0,2096100.0,2500.0,,0,0,0,0,0,0,0,0,0
,,,,,,52,2026-02-01 11:35:46.096646,WNTR,25.25,25.25,25.33,2025000.0,2317100.0,,7500.0,0,0,0,0,0,0,0,0,0
2.0,1.0,1.0,,Aggregate Position Limit,Your CRO has set the aggregate position limit to 10000 shares for this week.,53,2026-02-01 11:35:47.126633,SPNG,25.05,24.56,25.05,2500.0,2149000.0,1865900.0,7500.0,0,0,0,0,0,0,0,0,0
1.0,1.0,1.0,,Welcome to the RITC 2026 Alogithmic Market Making Case - practice server,,53,2026-02-01 11:35:47.126633,SMMR,24.96,24.96,25.16,5000.0,1797600.0,2065700.0,2500.0,0,0,0,0,0,0,0,0,0
,,,,,,53,2026-02-01 11:35:47.126633,ATMN,24.9,24.75,24.85,,2144200.0,2103500.0,2500.0,0,0,0,0,0,0,0,0,0
,,,,,,53,2026-02-01 11:35:47.126633,WNTR,25.19,25.19,25.32,7500.0,2018200.0,2239000.0,2500.0,0,0,0,0,0,0,0,0,0
2.0,1.0,1.0,,Aggregate Position Limit,Your CRO has set the aggregate position limit to 10000 shares for this week.,55,2026-02-01 11:35:48.151970,SPNG,24.54,24.67,25.05,2153400.0,2500.0,1865900.0,7500.0,0,0,0,0,0,0,0,0,0
1.0,1.0,1.0,,Welcome to the RITC 2026 Alogithmic Market Making Case - practice server,,55,2026-02-01 11:35:48.151970,SMMR,25.03,25.03,25.07,1794600.0,5000.0,2042300.0,2500.0,0,0,0,0,0,0,0,0,0
,,,,,,55,2026-02-01 11:35:48.151970,ATMN,24.74,24.6,24.71,2133000.0,,2084000.0,2500.0,0,0,0,0,0,0,0,0,0
,,,,,,55,2026-02-01 11:35:48.151970,WNTR,25.19,25.17,25.18,2021000.0,7500.0,2251000.0,2500.0,0,0,0,0,0,0,0,0,0
2.0,1.0,1.0,,Aggregate Position Limit,Your CRO has set the aggregate position limit to 10000 shares for this week.,56,2026-02-01 11:35:49.181779,SPNG,25.18,24.67,25.18,2153400.0,2500.0,2008900.0,5000.0,0,0,0,0,0,0,0,0,0
1.0,1.0,1.0,,Welcome to the RITC 2026 Alogithmic Market Making Case - practice server,,56,2026-02-01 11:35:49.181779,SMMR,24.98,24.98,25.16,1795700.0,5000.0,2065700.0,2500.0,0,0,0,0,0,0,0,0,0
,,,,,,56,2026-02-01 11:35:49.181779,ATMN,24.63,24.6,24.63,2133000.0,,2071700.0,2500.0,0,0,0,0,0,0,0,0,0
,,,,,,56,2026-02-01 11:35:49.181779,WNTR,25.19,25.17,25.18,2003700.0,7500.0,2133000.0,5000.0,0,0,0,0,0,0,0,0,0
2.0,1.0,1.0,,Aggregate Position Limit,Your CRO has set the aggregate position limit to 10000 shares for this week.,57,2026-02-01 11:35:50.220058,SPNG,25.18,24.82,24.97,5000.0,2039600.0,1873500.0,7500.0,0,0,0,0,0,0,0,0,0
1.0,1.0,1.0,,Welcome to the RITC 2026 Alogithmic Market Making Case - practice server,,57,2026-02-01 11:35:50.220058,SMMR,24.99,25.05,25.16,5000.0,1814400.0,2065700.0,2500.0,0,0,0,0,0,0,0,0,0
,,,,,,57,2026-02-01 11:35:50.220058,ATMN,24.99,24.87,24.99,,2161500.0,2065200.0,2500.0,0,0,0,0,0,0,0,0,0
,,,,,,57,2026-02-01 11:35:50.220058,WNTR,25.16,25.16,25.26,5000.0,2130600.0,2123600.0,5000.0,0,0,0,0,0,0,0,0,0
2.0,1.0,1.0,,Aggregate Position Limit,Your CRO has set the aggregate position limit to 10000 shares for this week.,58,2026-02-01 11:35:51.236971,SPNG,24.81,24.81,24.97,2284300.0,2228900.0,0,0,0,0,0,0,0,0,0,0,0
1.0,1.0,1.0,,Welcome to the RITC 2026 Alogithmic Market Making Case - practice server,,58,2026-02-01 11:35:51.236971,SMMR,25.17,25.05,25.17,2030200.0,2184200.0,0,0,0,0,0,0,0,0,0,0,0
,,,,,,58,2026-02-01 11:35:51.236971,ATMN,25.0,24.6,25.0,2133000.0,2139800.0,0,0,0,0,0,0,0,0,0,0,0
,,,,,,58,2026-02-01 11:35:51.236971,WNTR,25.16,25.16,25.26,2361900.0,2351600.0,0,0,0,0,0,0,0,0,0,0,0
2.0,1.0,1.0,,Aggregate Position Limit,Your CRO has set the aggregate position limit to 10000 shares for this week.,59,2026-02-01 11:35:52.274905,SPNG,24.81,24.81,24.97,2298400.0,2221600.0,0,0,0,0,0,0,0,0,0,0,0
1.0,1.0,1.0,,Welcome to the RITC 2026 Alogithmic Market Making Case - practice server,,59,2026-02-01 11:35:52.274905,SMMR,25.19,25.05,25.19,1999400.0,2196900.0,0,0,0,0,0,0,0,0,0,0,0
,,,,,,59,2026-02-01 11:35:52.274905,ATMN,24.6,24.6,24.66,2195600.0,2192500.0,0,0,0,0,0,0,0,0,0,0,0
,,,,,,59,2026-02-01 11:35:52.274905,WNTR,25.16,25.16,25.26,2375300.0,2348200.0,0,0,0,0,0,0,0,0,0,0,0
2.0,1.0,1.0,,Aggregate Position Limit,Your CRO has set the aggregate position limit to 10000 shares for this week.,60,2026-02-01 11:35:53.297070,SPNG,24.91,24.81,0.0,200000.0,0,0,0,0,0,0,0,0,0,0,0,0
1.0,1.0,1.0,,Welcome to the RITC 2026 Alogithmic Market Making Case - practice server,,60,2026-02-01 11:35:53.297070,SMMR,25.19,24.82,0.0,200000.0,0,0,0,0,0,0,0,0,0,0,0,0
,,,,,,60,2026-02-01 11:35:53.297070,ATMN,24.6,24.42,0.0,200000.0,0,0,0,0,0,0,0,0,0,0,0,0
,,,,,,60,2026-02-01 11:35:53.297070,WNTR,25.26,26.44,0.0,200000.0,0,0,0,0,0,0,0,0,0,0,0,0
2.0,1.0,1.0,,Aggregate Position Limit,Your CRO has set the aggregate position limit to 10000 shares for this week.,61,2026-02-01 11:35:54.330300,SPNG,24.81,24.81,24.85,1049700.0,880600.0,0,0,0,0,0,0,0,0,0,0,0
1.0,1.0,1.0,,Welcome to the RITC 2026 Alogithmic Market Making Case - practice server,,61,2026-02-01 11:35:54.330300,SMMR,24.82,24.86,24.98,810600.0,935900.0,0,0,0,0,0,0,0,0,0,0,0
,,,,,,61,2026-02-01 11:35:54.330300,ATMN,24.53,24.42,24.53,858900.0,854800.0,0,0,0,0,0,0,0,0,0,0,0
,,,,,,61,2026-02-01 11:35:54.330300,WNTR,26.44,26.44,26.47,1098900.0,967100.0,0,0,0,0,0,0,0,0,0,0,0
2.0,1.0,1.0,,Aggregate Position Limit,Your CRO has set the aggregate position limit to 10000 shares for this week.,62,2026-02-01 11:35:55.341674,SPNG,24.55,24.67,24.84,1331300.0,2500.0,880600.0,,0,0,0,0,0,0,0,0,0
1.0,1.0,1.0,,Welcome to the RITC 2026 Alogithmic Market Making Case - practice server,,62,2026-02-01 11:35:55.341674,SMMR,24.98,24.87,24.98,810600.0,,1125000.0,2500.0,0,0,0,0,0,0,0,0,0
,,,,,,62,2026-02-01 11:35:55.341674,ATMN,24.74,24.74,24.86,1083600.0,,938800.0,2500.0,0,0,0,0,0,0,0,0,0
,,,,,,62,2026-02-01 11:35:55.341674,WNTR,26.38,25.72,26.07,1010700.0,,1094600.0,,0,0,0,0,0,0,0,0,0
2.0,1.0,1.0,,Aggregate Position Limit,Your CRO has set the aggregate position limit to 10000 shares for this week.,63,2026-02-01 11:35:56.372132,SPNG,25.2,24.68,25.2,2500.0,1331300.0,894900.0,0,0,0,0,0,0,0,0,0,0
1.0,1.0,1.0,,Welcome to the RITC 2026 Alogithmic Market Making Case - practice server,,63,2026-02-01 11:35:56.372132,SMMR,24.43,24.83,24.98,2500.0,809000.0,1219900.0,0,0,0,0,0,0,0,0,0,0
,,,,,,63,2026-02-01 11:35:56.372132,ATMN,24.31,24.44,24.62,2500.0,873900.0,1249000.0,0,0,0,0,0,0,0,0,0,0
,,,,,,63,2026-02-01 11:35:56.372132,WNTR,26.38,26.06,26.07,,1438700.0,1094600.0,0,0,0,0,0,0,0,0,0,0
2.0,1.0,1.0,,Aggregate Position Limit,Your CRO has set the aggregate position limit to 10000 shares for this week.,64,2026-02-01 11:35:57.387006,SPNG,25.24,24.68,25.19,2500.0,1331300.0,2500.0,1003200.0,0,0,0,0,0,0,0,0,0
1.0,1.0,1.0,,Welcome to the RITC 2026 Alogithmic Market Making Case - practice server,,64,2026-02-01 11:35:57.387006,SMMR,24.83,24.43,24.65,,809000.0,2500.0,1644100.0,0,0,0,0,0,0,0,0,0
,,,,,,64,2026-02-01 11:35:57.387006,ATMN,24.44,24.31,24.41,,1188600.0,2500.0,1377100.0,0,0,0,0,0,0,0,0,0
,,,,,,64,2026-02-01 11:35:57.387006,WNTR,26.38,26.06,26.07,,1849800.0,,1094600.0,0,0,0,0,0,0,0,0,0
2.0,1.0,1.0,,Aggregate Position Limit,Your CRO has set the aggregate position limit to 10000 shares for this week.,65,2026-02-01 11:35:58.419243,SPNG,24.75,24.75,25.05,1460300.0,5000.0,1196700.0,5000.0,0,0,0,0,0,0,0,0,0
1.0,1.0,1.0,,Welcome to the RITC 2026 Alogithmic Market Making Case - practice server,,65,2026-02-01 11:35:58.419243,SMMR,24.83,24.56,24.64,1139400.0,2500.0,1644100.0,5000.0,0,0,0,0,0,0,0,0,0
,,,,,,65,2026-02-01 11:35:58.419243,ATMN,24.41,24.57,24.61,1447600.0,2500.0,1249000.0,2500.0,0,0,0,0,0,0,0,0,0
,,,,,,65,2026-02-01 11:35:58.419243,WNTR,26.38,26.06,26.07,2181400.0,,1094600.0,,0,0,0,0,0,0,0,0,0
2.0,1.0,1.0,,Aggregate Position Limit,Your CRO has set the aggregate position limit to 10000 shares for this week.,66,2026-02-01 11:35:59.451880,SPNG,24.19,24.19,25.05,1218700.0,1284400.0,5000.0,,0,0,0,0,0,0,0,0,0
1.0,1.0,1.0,,Welcome to the RITC 2026 Alogithmic Market Making Case - practice server,,66,2026-02-01 11:35:59.451880,SMMR,24.65,24.73,24.79,1247100.0,1691900.0,2500.0,2500.0,0,0,0,0,0,0,0,0,0
,,,,,,66,2026-02-01 11:35:59.451880,ATMN,24.68,24.57,24.68,1447600.0,1236600.0,,2500.0,0,0,0,0,0,0,0,0,0
,,,,,,66,2026-02-01 11:35:59.451880,WNTR,26.07,26.45,26.47,2315100.0,1219100.0,,,0,0,0,0,0,0,0,0,0
2.0,1.0,1.0,,Aggregate Position Limit,Your CRO has set the aggregate position limit to 10000 shares for this week.,67,2026-02-01 11:36:00.476877,SPNG,25.04,25.04,25.05,1343000.0,1383200.0,5000.0,,0,0,0,0,0,0,0,0,0
1.0,1.0,1.0,,Welcome to the RITC 2026 Alogithmic Market Making Case - practice server,,67,2026-02-01 11:36:00.476877,SMMR,24.95,24.73,24.95,1247100.0,1779600.0,2500.0,2500.0,0,0,0,0,0,0,0,0,0
,,,,,,67,2026-02-01 11:36:00.476877,ATMN,24.68,24.62,24.68,1435800.0,1236600.0,,,0,0,0,0,0,0,0,0,0
,,,,,,67,2026-02-01 11:36:00.476877,WNTR,26.45,26.45,26.47,2315100.0,1316800.0,,,0,0,0,0,0,0,0,0,0
2.0,1.0,1.0,,Aggregate Position Limit,Your CRO has set the aggregate position limit to 10000 shares for this week.,68,2026-02-01 11:36:01.496689,SPNG,25.04,25.04,25.05,1343000.0,1656700.0,5000.0,,0,0,0,0,0,0,0,0,0
1.0,1.0,1.0,,Welcome to the RITC 2026 Alogithmic Market Making Case - practice server,,68,2026-02-01 11:36:01.496689,SMMR,24.73,24.78,24.95,1336400.0,1782400.0,2500.0,2500.0,0,0,0,0,0,0,0,0,0
,,,,,,68,2026-02-01 11:36:01.496689,ATMN,24.44,24.52,24.68,1530300.0,1236600.0,,,0,0,0,0,0,0,0,0,0
,,,,,,68,2026-02-01 11:36:01.496689,WNTR,26.45,26.17,26.42,2302300.0,1602500.0,,,0,0,0,0,0,0,0,0,0
2.0,1.0,1.0,,Aggregate Position Limit,Your CRO has set the aggregate position limit to 10000 shares for this week.,69,2026-02-01 11:36:02.527251,SPNG,25.05,24.19,25.05,1320200.0,1656700.0,5000.0,,0,0,0,0,0,0,0,0,0
1.0,1.0,1.0,,Welcome to the RITC 2026 Alogithmic Market Making Case - practice server,,69,2026-02-01 11:36:02.527251,SMMR,24.98,24.78,24.91,1424700.0,1872100.0,,2500.0,0,0,0,0,0,0,0,0,0
,,,,,,69,2026-02-01 11:36:02.527251,ATMN,24.64,24.52,24.62,1641900.0,1350900.0,,,0,0,0,0,0,0,0,0,0
,,,,,,69,2026-02-01 11:36:02.527251,WNTR,26.52,26.53,26.56,2290300.0,1413500.0,,,0,0,0,0,0,0,0,0,0
2.0,1.0,1.0,,Aggregate Position Limit,Your CRO has set the aggregate position limit to 10000 shares for this week.,70,2026-02-01 11:36:03.547269,SPNG,25.03,25.03,25.05,1421000.0,1759600.0,5000.0,,0,0,0,0,0,0,0,0,0
1.0,1.0,1.0,,Welcome to the RITC 2026 Alogithmic Market Making Case - practice server,,70,2026-02-01 11:36:03.547269,SMMR,24.98,24.73,24.98,1425100.0,1773600.0,,2500.0,0,0,0,0,0,0,0,0,0
,,,,,,70,2026-02-01 11:36:03.547269,ATMN,24.37,24.37,24.62,1658800.0,1350900.0,,,0,0,0,0,0,0,0,0,0
,,,,,,70,2026-02-01 11:36:03.547269,WNTR,26.5,26.17,26.3,2257000.0,1522700.0,,,0,0,0,0,0,0,0,0,0
2.0,1.0,1.0,,Aggregate Position Limit,Your CRO has set the aggregate position limit to 10000 shares for this week.,71,2026-02-01 11:36:04.576994,SPNG,25.03,24.19,24.98,1320200.0,1863100.0,5000.0,,0,0,0,0,0,0,0,0,0
1.0,1.0,1.0,,Welcome to the RITC 2026 Alogithmic Market Making Case - practice server,,71,2026-02-01 11:36:04.576994,SMMR,24.99,24.73,24.96,1549100.0,1788900.0,,2500.0,0,0,0,0,0,0,0,0,0
,,,,,,71,2026-02-01 11:36:04.576994,ATMN,24.37,24.37,24.38,1909200.0,1479800.0,,,0,0,0,0,0,0,0,0,0
,,,,,,71,2026-02-01 11:36:04.576994,WNTR,26.17,26.17,26.5,2222000.0,1539600.0,,,0,0,0,0,0,0,0,0,0
2.0,1.0,1.0,,Aggregate Position Limit,Your CRO has set the aggregate position limit to 10000 shares for this week.,72,2026-02-01 11:36:05.597097,SPNG,24.19,24.28,24.98,1438000.0,1863100.0,5000.0,,0,0,0,0,0,0,0,0,0
1.0,1.0,1.0,,Welcome to the RITC 2026 Alogithmic Market Making Case - practice server,,72,2026-02-01 11:36:05.597097,SMMR,24.84,24.75,24.84,1643300.0,1923100.0,,2500.0,0,0,0,0,0,0,0,0,0
,,,,,,72,2026-02-01 11:36:05.597097,ATMN,24.38,24.37,24.38,2255900.0,1479800.0,2500.0,,0,0,0,0,0,0,0,0,0
,,,,,,72,2026-02-01 11:36:05.597097,WNTR,26.17,26.36,26.5,2192100.0,1647000.0,,,0,0,0,0,0,0,0,0,0
2.0,1.0,1.0,,Aggregate Position Limit,Your CRO has set the aggregate position limit to 10000 shares for this week.,73,2026-02-01 11:36:06.626724,SPNG,24.98,24.73,24.98,1776900.0,2500.0,1863100.0,5000.0,0,0,0,0,0,0,0,0,0
1.0,1.0,1.0,,Welcome to the RITC 2026 Alogithmic Market Making Case - practice server,,73,2026-02-01 11:36:06.626724,SMMR,24.91,24.76,24.91,1643300.0,5000.0,1973300.0,,0,0,0,0,0,0,0,0,0
,,,,,,73,2026-02-01 11:36:06.626724,ATMN,24.62,24.62,24.68,2196500.0,,1236600.0,,0,0,0,0,0,0,0,0,0
,,,,,,73,2026-02-01 11:36:06.626724,WNTR,26.5,26.37,26.5,2035500.0,2500.0,1647000.0,,0,0,0,0,0,0,0,0,0
2.0,1.0,1.0,,Aggregate Position Limit,Your CRO has set the aggregate position limit to 10000 shares for this week.,74,2026-02-01 11:36:07.652783,SPNG,24.98,24.73,24.81,1886500.0,2500.0,1781900.0,7500.0,0,0,0,0,0,0,0,0,0
1.0,1.0,1.0,,Welcome to the RITC 2026 Alogithmic Market Making Case - practice server,,74,2026-02-01 11:36:07.652783,SMMR,24.94,24.76,24.79,1896000.0,5000.0,1962100.0,,0,0,0,0,0,0,0,0,0
,,,,,,74,2026-02-01 11:36:07.652783,ATMN,24.62,24.63,24.64,2065100.0,2500.0,1649800.0,2500.0,0,0,0,0,0,0,0,0,0
,,,,,,74,2026-02-01 11:36:07.652783,WNTR,26.43,26.46,26.56,2032500.0,2500.0,1520900.0,,0,0,0,0,0,0,0,0,0
2.0,1.0,1.0,,Aggregate Position Limit,Your CRO has set the aggregate position limit to 10000 shares for this week.,75,2026-02-01 11:36:08.691713,SPNG,24.56,24.56,24.8,1859900.0,2500.0,10000.0,1661700.0,0,0,0,0,0,0,0,0,0
1.0,1.0,1.0,,Welcome to the RITC 2026 Alogithmic Market Making Case - practice server,,75,2026-02-01 11:36:08.691713,SMMR,24.75,24.75,24.95,1801800.0,2500.0,2500.0,1856700.0,0,0,0,0,0,0,0,0,0
,,,,,,75,2026-02-01 11:36:08.691713,ATMN,24.65,24.63,24.65,2065100.0,2500.0,2500.0,1748100.0,0,0,0,0,0,0,0,0,0
,,,,,,75,2026-02-01 11:36:08.691713,WNTR,26.36,26.36,26.57,2157600.0,,2500.0,1556000.0,0,0,0,0,0,0,0,0,0
2.0,1.0,1.0,,Aggregate Position Limit,Your CRO has set the aggregate position limit to 10000 shares for this week.,76,2026-02-01 11:36:09.718821,SPNG,24.56,24.56,24.8,2195600.0,2500.0,10000.0,1661700.0,0,0,0,0,0,0,0,0,0
1.0,1.0,1.0,,Welcome to the RITC 2026 Alogithmic Market Making Case - practice server,,76,2026-02-01 11:36:09.718821,SMMR,24.75,24.8,24.83,2017200.0,2500.0,2500.0,1869700.0,0,0,0,0,0,0,0,0,0
,,,,,,76,2026-02-01 11:36:09.718821,ATMN,24.65,24.4,24.65,2172100.0,,2500.0,1834200.0,0,0,0,0,0,0,0,0,0
,,,,,,76,2026-02-01 11:36:09.718821,WNTR,26.57,26.4,26.57,2125300.0,,2500.0,1667900.0,0,0,0,0,0,0,0,0,0
2.0,1.0,1.0,,Aggregate Position Limit,Your CRO has set the aggregate position limit to 10000 shares for this week.,77,2026-02-01 11:36:10.746801,SPNG,24.81,24.87,24.97,2094900.0,5000.0,7500.0,1770200.0,0,0,0,0,0,0,0,0,0
1.0,1.0,1.0,,Welcome to the RITC 2026 Alogithmic Market Making Case - practice server,,77,2026-02-01 11:36:10.746801,SMMR,24.75,24.75,24.81,1918300.0,2500.0,2500.0,1875400.0,0,0,0,0,0,0,0,0,0
,,,,,,77,2026-02-01 11:36:10.746801,ATMN,24.65,24.58,24.64,2071600.0,2500.0,5000.0,1867600.0,0,0,0,0,0,0,0,0,0
,,,,,,77,2026-02-01 11:36:10.746801,WNTR,26.57,26.57,26.58,2139000.0,,,1667900.0,0,0,0,0,0,0,0,0,0
2.0,1.0,1.0,,Aggregate Position Limit,Your CRO has set the aggregate position limit to 10000 shares for this week.,78,2026-02-01 11:36:11.776859,SPNG,24.96,24.96,24.97,1939600.0,7500.0,7500.0,1770200.0,0,0,0,0,0,0,0,0,0
1.0,1.0,1.0,,Welcome to the RITC 2026 Alogithmic Market Making Case - practice server,,78,2026-02-01 11:36:11.776859,SMMR,24.81,24.93,24.95,1933700.0,5000.0,2500.0,1870200.0,0,0,0,0,0,0,0,0,0
,,,,,,78,2026-02-01 11:36:11.776859,ATMN,24.66,24.6,24.66,1958900.0,5000.0,2500.0,1977500.0,0,0,0,0,0,0,0,0,0
,,,,,,78,2026-02-01 11:36:11.776859,WNTR,26.4,26.4,26.58,2125300.0,,,1889000.0,0,0,0,0,0,0,0,0,0
2.0,1.0,1.0,,Aggregate Position Limit,Your CRO has set the aggregate position limit to 10000 shares for this week.,79,2026-02-01 11:36:12.796639,SPNG,25.1,24.57,25.1,5000.0,2155800.0,1854300.0,5000.0,0,0,0,0,0,0,0,0,0
1.0,1.0,1.0,,Welcome to the RITC 2026 Alogithmic Market Making Case - practice server,,79,2026-02-01 11:36:12.796639,SMMR,24.93,24.76,24.86,5000.0,1918300.0,1955500.0,2500.0,0,0,0,0,0,0,0,0,0
,,,,,,79,2026-02-01 11:36:12.796639,ATMN,24.6,24.6,24.63,5000.0,1958900.0,1909600.0,5000.0,0,0,0,0,0,0,0,0,0
,,,,,,79,2026-02-01 11:36:12.796639,WNTR,26.36,26.36,26.55,,2157600.0,2092400.0,,0,0,0,0,0,0,0,0,0
2.0,1.0,1.0,,Aggregate Position Limit,Your CRO has set the aggregate position limit to 10000 shares for this week.,80,2026-02-01 11:36:13.827012,SPNG,25.2,24.68,25.2,7500.0,1965200.0,2017300.0,,0,0,0,0,0,0,0,0,0
1.0,1.0,1.0,,Welcome to the RITC 2026 Alogithmic Market Making Case - practice server,,80,2026-02-01 11:36:13.827012,SMMR,24.93,24.77,24.81,7500.0,1827700.0,1844600.0,5000.0,0,0,0,0,0,0,0,0,0
,,,,,,80,2026-02-01 11:36:13.827012,ATMN,24.4,24.64,24.69,,2154500.0,1980600.0,,0,0,0,0,0,0,0,0,0
,,,,,,80,2026-02-01 11:36:13.827012,WNTR,26.55,26.49,26.5,2500.0,2037200.0,2076700.0,2500.0,0,0,0,0,0,0,0,0,0
2.0,1.0,1.0,,Aggregate Position Limit,Your CRO has set the aggregate position limit to 10000 shares for this week.,81,2026-02-01 11:36:14.852049,SPNG,25.2,24.69,24.88,10000.0,1829000.0,2048600.0,,0,0,0,0,0,0,0,0,0
1.0,1.0,1.0,,Welcome to the RITC 2026 Alogithmic Market Making Case - practice server,,81,2026-02-01 11:36:14.852049,SMMR,24.86,24.77,24.86,7500.0,1851200.0,1926400.0,2500.0,0,0,0,0,0,0,0,0,0
,,,,,,81,2026-02-01 11:36:14.852049,ATMN,24.4,24.41,24.63,2500.0,2040700.0,2120200.0,,0,0,0,0,0,0,0,0,0
,,,,,,81,2026-02-01 11:36:14.852049,WNTR,26.49,26.5,26.58,5000.0,1914000.0,1989900.0,,0,0,0,0,0,0,0,0,0
2.0,1.0,1.0,,Aggregate Position Limit,Your CRO has set the aggregate position limit to 10000 shares for this week.,82,2026-02-01 11:36:15.887040,SPNG,24.88,24.69,24.88,10000.0,1819000.0,2048600.0,,0,0,0,0,0,0,0,0,0
1.0,1.0,1.0,,Welcome to the RITC 2026 Alogithmic Market Making Case - practice server,,82,2026-02-01 11:36:15.887040,SMMR,24.87,24.77,24.87,7500.0,1851200.0,1949500.0,2500.0,0,0,0,0,0,0,0,0,0
,,,,,,82,2026-02-01 11:36:15.887040,ATMN,24.63,24.41,24.63,2500.0,2073500.0,2014200.0,2500.0,0,0,0,0,0,0,0,0,0
,,,,,,82,2026-02-01 11:36:15.887040,WNTR,26.31,26.39,26.57,,2138900.0,1989900.0,2500.0,0,0,0,0,0,0,0,0,0
2.0,1.0,1.0,,Aggregate Position Limit,Your CRO has set the aggregate position limit to 10000 shares for this week.,83,2026-02-01 11:36:16.920264,SPNG,24.94,24.7,24.8,12500.0,1679700.0,1982800.0,2500.0,0,0,0,0,0,0,0,0,0
1.0,1.0,1.0,,Welcome to the RITC 2026 Alogithmic Market Making Case - practice server,,83,2026-02-01 11:36:16.920264,SMMR,24.8,24.78,24.8,10000.0,1728100.0,1839300.0,5000.0,0,0,0,0,0,0,0,0,0
,,,,,,83,2026-02-01 11:36:16.920264,ATMN,24.69,24.42,24.69,5000.0,1975300.0,2089900.0,,0,0,0,0,0,0,0,0,0
,,,,,,83,2026-02-01 11:36:16.920264,WNTR,26.56,26.56,26.57,2500.0,2024500.0,1989900.0,2500.0,0,0,0,0,0,0,0,0,0
2.0,1.0,1.0,,Aggregate Position Limit,Your CRO has set the aggregate position limit to 10000 shares for this week.,84,2026-02-01 11:36:17.946938,SPNG,24.53,24.53,25.2,2250800.0,2500.0,2045300.0,,0,0,0,0,0,0,0,0,0
1.0,1.0,1.0,,Welcome to the RITC 2026 Alogithmic Market Making Case - practice server,,84,2026-02-01 11:36:17.946938,SMMR,24.73,24.73,24.76,2034400.0,2500.0,1849100.0,5000.0,0,0,0,0,0,0,0,0,0
,,,,,,84,2026-02-01 11:36:17.946938,ATMN,24.69,24.61,24.69,2181200.0,,1978000.0,,0,0,0,0,0,0,0,0,0
,,,,,,84,2026-02-01 11:36:17.946938,WNTR,26.56,26.43,26.52,2031600.0,2500.0,2087200.0,2500.0,0,0,0,0,0,0,0,0,0
2.0,1.0,1.0,,Aggregate Position Limit,Your CRO has set the aggregate position limit to 10000 shares for this week.,85,2026-02-01 11:36:18.970680,SPNG,24.53,24.41,24.51,2203600.0,2500.0,2001600.0,2500.0,0,0,0,0,0,0,0,0,0
1.0,1.0,1.0,,Welcome to the RITC 2026 Alogithmic Market Making Case - practice server,,85,2026-02-01 11:36:18.970680,SMMR,24.87,24.7,24.87,2015400.0,2500.0,1949500.0,2500.0,0,0,0,0,0,0,0,0,0
,,,,,,85,2026-02-01 11:36:18.970680,ATMN,24.74,24.57,24.74,2177300.0,,1881600.0,,0,0,0,0,0,0,0,0,0
,,,,,,85,2026-02-01 11:36:18.970680,WNTR,26.56,26.43,26.49,1918500.0,5000.0,1989600.0,5000.0,0,0,0,0,0,0,0,0,0
2.0,1.0,1.0,,Aggregate Position Limit,Your CRO has set the aggregate position limit to 10000 shares for this week.,86,2026-02-01 11:36:20.001756,SPNG,24.77,25.04,25.18,2179100.0,2500.0,5000.0,1874600.0,0,0,0,0,0,0,0,0,0
1.0,1.0,1.0,,Welcome to the RITC 2026 Alogithmic Market Making Case - practice server,,86,2026-02-01 11:36:20.001756,SMMR,24.99,24.72,24.76,1928900.0,5000.0,2500.0,1927200.0,0,0,0,0,0,0,0,0,0
,,,,,,86,2026-02-01 11:36:20.001756,ATMN,24.53,24.58,24.67,2071700.0,2500.0,2500.0,1988600.0,0,0,0,0,0,0,0,0,0
,,,,,,86,2026-02-01 11:36:20.001756,WNTR,26.43,26.43,26.48,1958100.0,5000.0,7500.0,1836700.0,0,0,0,0,0,0,0,0,0
2.0,1.0,1.0,,Aggregate Position Limit,Your CRO has set the aggregate position limit to 10000 shares for this week.,87,2026-02-01 11:36:21.030537,SPNG,24.77,25.04,25.18,2179100.0,2500.0,5000.0,1913700.0,0,0,0,0,0,0,0,0,0
1.0,1.0,1.0,,Welcome to the RITC 2026 Alogithmic Market Making Case - practice server,,87,2026-02-01 11:36:21.030537,SMMR,24.9,24.72,24.79,1928900.0,5000.0,2500.0,1943500.0,0,0,0,0,0,0,0,0,0
,,,,,,87,2026-02-01 11:36:21.030537,ATMN,24.58,24.58,24.74,2071700.0,2500.0,,1977900.0,0,0,0,0,0,0,0,0,0
,,,,,,87,2026-02-01 11:36:21.030537,WNTR,26.57,26.43,26.57,1958100.0,5000.0,,2202100.0,0,0,0,0,0,0,0,0,0
2.0,1.0,1.0,,Aggregate Position Limit,Your CRO has set the aggregate position limit to 10000 shares for this week.,88,2026-02-01 11:36:22.056513,SPNG,25.04,24.41,24.64,2203600.0,2500.0,1808800.0,7500.0,0,0,0,0,0,0,0,0,0
1.0,1.0,1.0,,Welcome to the RITC 2026 Alogithmic Market Making Case - practice server,,88,2026-02-01 11:36:22.056513,SMMR,24.73,24.73,24.78,1915100.0,5000.0,1841200.0,5000.0,0,0,0,0,0,0,0,0,0
,,,,,,88,2026-02-01 11:36:22.056513,ATMN,24.58,24.53,24.58,2171000.0,,2023700.0,2500.0,0,0,0,0,0,0,0,0,0
,,,,,,88,2026-02-01 11:36:22.056513,WNTR,26.57,26.44,26.56,1867000.0,7500.0,2104800.0,2500.0,0,0,0,0,0,0,0,0,0
2.0,1.0,1.0,,Aggregate Position Limit,Your CRO has set the aggregate position limit to 10000 shares for this week.,89,2026-02-01 11:36:23.077238,SPNG,25.04,24.42,24.64,5000.0,2076300.0,1808800.0,7500.0,0,0,0,0,0,0,0,0,0
1.0,1.0,1.0,,Welcome to the RITC 2026 Alogithmic Market Making Case - practice server,,89,2026-02-01 11:36:23.077238,SMMR,24.79,24.74,24.79,7500.0,1824600.0,1930700.0,2500.0,0,0,0,0,0,0,0,0,0
,,,,,,89,2026-02-01 11:36:23.077238,ATMN,24.51,24.51,24.58,,2210000.0,2054600.0,2500.0,0,0,0,0,0,0,0,0,0
,,,,,,89,2026-02-01 11:36:23.077238,WNTR,26.47,26.53,26.56,7500.0,1858400.0,2101300.0,2500.0,0,0,0,0,0,0,0,0,0
2.0,1.0,1.0,,Aggregate Position Limit,Your CRO has set the aggregate position limit to 10000 shares for this week.,90,2026-02-01 11:36:24.112112,SPNG,24.64,25.05,25.17,2031100.0,5000.0,7500.0,1796100.0,0,0,0,0,0,0,0,0,0
1.0,1.0,1.0,,Welcome to the RITC 2026 Alogithmic Market Making Case - practice server,,90,2026-02-01 11:36:24.112112,SMMR,24.81,24.74,24.81,1824600.0,7500.0,2500.0,1907600.0,0,0,0,0,0,0,0,0,0
,,,,,,90,2026-02-01 11:36:24.112112,ATMN,24.58,24.51,24.58,2210000.0,,2500.0,2051900.0,0,0,0,0,0,0,0,0,0
,,,,,,90,2026-02-01 11:36:24.112112,WNTR,26.41,26.53,26.58,2078400.0,2500.0,,2185800.0,0,0,0,0,0,0,0,0,0
2.0,1.0,1.0,,Aggregate Position Limit,Your CRO has set the aggregate position limit to 10000 shares for this week.,91,2026-02-01 11:36:25.147102,SPNG,25.05,24.43,24.68,7500.0,1939900.0,10000.0,1720200.0,0,0,0,0,0,0,0,0,0
1.0,1.0,1.0,,Welcome to the RITC 2026 Alogithmic Market Making Case - practice server,,91,2026-02-01 11:36:25.147102,SMMR,24.99,24.75,24.79,10000.0,1695000.0,2500.0,1922000.0,0,0,0,0,0,0,0,0,0
,,,,,,91,2026-02-01 11:36:25.147102,ATMN,24.58,24.52,24.57,2500.0,2129100.0,5000.0,1961500.0,0,0,0,0,0,0,0,0,0
,,,,,,91,2026-02-01 11:36:25.147102,WNTR,26.44,26.44,26.57,2500.0,2064900.0,2500.0,2083500.0,0,0,0,0,0,0,0,0,0
2.0,1.0,1.0,,Aggregate Position Limit,Your CRO has set the aggregate position limit to 10000 shares for this week.,92,2026-02-01 11:36:26.179919,SPNG,24.69,24.83,25.05,1910100.0,7500.0,1852600.0,7500.0,0,0,0,0,0,0,0,0,0
1.0,1.0,1.0,,Welcome to the RITC 2026 Alogithmic Market Making Case - practice server,,92,2026-02-01 11:36:26.179919,SMMR,24.79,24.75,24.79,1689300.0,10000.0,1949600.0,2500.0,0,0,0,0,0,0,0,0,0
,,,,,,92,2026-02-01 11:36:26.179919,ATMN,24.59,24.52,24.59,2154100.0,2500.0,2041500.0,2500.0,0,0,0,0,0,0,0,0,0
,,,,,,92,2026-02-01 11:36:26.179919,WNTR,26.4,26.51,26.53,2161900.0,,2103300.0,2500.0,0,0,0,0,0,0,0,0,0
2.0,1.0,1.0,,Aggregate Position Limit,Your CRO has set the aggregate position limit to 10000 shares for this week.,93,2026-02-01 11:36:27.196992,SPNG,24.69,24.84,25.04,10000.0,1804500.0,10000.0,1718300.0,0,0,0,0,0,0,0,0,0
1.0,1.0,1.0,,Welcome to the RITC 2026 Alogithmic Market Making Case - practice server,,93,2026-02-01 11:36:27.196992,SMMR,24.85,24.77,24.81,10000.0,1718200.0,2500.0,1930000.0,0,0,0,0,0,0,0,0,0
,,,,,,93,2026-02-01 11:36:27.196992,ATMN,24.44,24.55,24.56,,2252300.0,5000.0,1949900.0,0,0,0,0,0,0,0,0,0
,,,,,,93,2026-02-01 11:36:27.196992,WNTR,26.53,26.39,26.53,,2144400.0,2500.0,2105100.0,0,0,0,0,0,0,0,0,0
2.0,1.0,1.0,,Aggregate Position Limit,Your CRO has set the aggregate position limit to 10000 shares for this week.,94,2026-02-01 11:36:28.227094,SPNG,25.05,25.05,25.12,1718800.0,12500.0,1828800.0,7500.0,0,0,0,0,0,0,0,0,0
1.0,1.0,1.0,,Welcome to the RITC 2026 Alogithmic Market Making Case - practice server,,94,2026-02-01 11:36:28.227094,SMMR,24.78,24.77,24.78,1809400.0,7500.0,1956600.0,2500.0,0,0,0,0,0,0,0,0,0
,,,,,,94,2026-02-01 11:36:28.227094,ATMN,24.54,24.54,24.56,2277800.0,,1933500.0,5000.0,0,0,0,0,0,0,0,0,0
,,,,,,94,2026-02-01 11:36:28.227094,WNTR,26.56,26.4,26.52,2057500.0,2500.0,1986900.0,5000.0,0,0,0,0,0,0,0,0,0
2.0,1.0,1.0,,Aggregate Position Limit,Your CRO has set the aggregate position limit to 10000 shares for this week.,95,2026-02-01 11:36:29.256828,SPNG,25.05,25.05,25.12,1718800.0,12500.0,1836800.0,7500.0,0,0,0,0,0,0,0,0,0
1.0,1.0,1.0,,Welcome to the RITC 2026 Alogithmic Market Making Case - practice server,,95,2026-02-01 11:36:29.256828,SMMR,24.78,24.77,24.78,1798200.0,7500.0,1975300.0,2500.0,0,0,0,0,0,0,0,0,0
,,,,,,95,2026-02-01 11:36:29.256828,ATMN,24.54,24.54,24.56,2241500.0,,1933500.0,5000.0,0,0,0,0,0,0,0,0,0
,,,,,,95,2026-02-01 11:36:29.256828,WNTR,26.56,26.5,26.52,2089400.0,2500.0,1975400.0,5000.0,0,0,0,0,0,0,0,0,0
2.0,1.0,1.0,,Aggregate Position Limit,Your CRO has set the aggregate position limit to 10000 shares for this week.,96,2026-02-01 11:36:30.276910,SPNG,24.59,24.73,25.11,1922300.0,7500.0,10000.0,1745100.0,0,0,0,0,0,0,0,0,0
1.0,1.0,1.0,,Welcome to the RITC 2026 Alogithmic Market Making Case - practice server,,96,2026-02-01 11:36:30.276910,SMMR,24.81,24.76,24.81,1790400.0,7500.0,2500.0,1956800.0,0,0,0,0,0,0,0,0,0
,,,,,,96,2026-02-01 11:36:30.276910,ATMN,24.6,24.45,24.6,2238500.0,,2500.0,2053500.0,0,0,0,0,0,0,0,0,0
,,,,,,96,2026-02-01 11:36:30.276910,WNTR,26.5,26.4,26.44,2091200.0,2500.0,5000.0,1979300.0,0,0,0,0,0,0,0,0,0
2.0,1.0,1.0,,Aggregate Position Limit,Your CRO has set the aggregate position limit to 10000 shares for this week.,97,2026-02-01 11:36:31.306948,SPNG,25.12,24.73,25.12,1952400.0,7500.0,1836800.0,7500.0,0,0,0,0,0,0,0,0,0
1.0,1.0,1.0,,Welcome to the RITC 2026 Alogithmic Market Making Case - practice server,,97,2026-02-01 11:36:31.306948,SMMR,24.82,24.76,24.82,1790400.0,7500.0,1992200.0,2500.0,0,0,0,0,0,0,0,0,0
,,,,,,97,2026-02-01 11:36:31.306948,ATMN,24.43,24.45,24.65,2146400.0,2500.0,2043900.0,2500.0,0,0,0,0,0,0,0,0,0
,,,,,,97,2026-02-01 11:36:31.306948,WNTR,26.55,26.55,26.56,2064300.0,2500.0,2063100.0,2500.0,0,0,0,0,0,0,0,0,0
2.0,1.0,1.0,,Aggregate Position Limit,Your CRO has set the aggregate position limit to 10000 shares for this week.,98,2026-02-01 11:36:32.337005,SPNG,25.12,24.74,24.81,10000.0,1852000.0,1728100.0,10000.0,0,0,0,0,0,0,0,0,0
1.0,1.0,1.0,,Welcome to the RITC 2026 Alogithmic Market Making Case - practice server,,98,2026-02-01 11:36:32.337005,SMMR,24.72,24.72,24.8,5000.0,1916000.0,1924800.0,5000.0,0,0,0,0,0,0,0,0,0
,,,,,,98,2026-02-01 11:36:32.337005,ATMN,24.74,24.45,24.74,2500.0,2138400.0,2109200.0,,0,0,0,0,0,0,0,0,0
,,,,,,98,2026-02-01 11:36:32.337005,WNTR,26.56,26.54,26.56,,2197300.0,2064000.0,2500.0,0,0,0,0,0,0,0,0,0
2.0,1.0,1.0,,Aggregate Position Limit,Your CRO has set the aggregate position limit to 10000 shares for this week.,99,2026-02-01 11:36:33.375172,SPNG,25.12,24.75,25.12,12500.0,1726600.0,1874100.0,7500.0,0,0,0,0,0,0,0,0,0
1.0,1.0,1.0,,Welcome to the RITC 2026 Alogithmic Market Making Case - practice server,,99,2026-02-01 11:36:33.375172,SMMR,24.77,24.73,24.77,7500.0,1811700.0,1911300.0,5000.0,0,0,0,0,0,0,0,0,0
,,,,,,99,2026-02-01 11:36:33.375172,ATMN,24.74,24.46,24.6,5000.0,2045600.0,1994600.0,2500.0,0,0,0,0,0,0,0,0,0
,,,,,,99,2026-02-01 11:36:33.375172,WNTR,26.54,26.54,26.56,,2197300.0,2046000.0,2500.0,0,0,0,0,0,0,0,0,0
2.0,1.0,1.0,,Aggregate Position Limit,Your CRO has set the aggregate position limit to 10000 shares for this week.,100,2026-02-01 11:36:34.402045,SPNG,24.64,24.64,25.11,1968800.0,7500.0,10000.0,1753900.0,0,0,0,0,0,0,0,0,0
1.0,1.0,1.0,,Welcome to the RITC 2026 Alogithmic Market Making Case - practice server,,100,2026-02-01 11:36:34.402045,SMMR,24.69,24.69,24.75,2035400.0,2500.0,2500.0,2016900.0,0,0,0,0,0,0,0,0,0
,,,,,,100,2026-02-01 11:36:34.402045,ATMN,24.6,24.46,24.6,2045600.0,5000.0,2500.0,1994600.0,0,0,0,0,0,0,0,0,0
,,,,,,100,2026-02-01 11:36:34.402045,WNTR,26.6,26.39,26.52,2169000.0,,,2155300.0,0,0,0,0,0,0,0,0,0
2.0,1.0,1.0,,Aggregate Position Limit,Your CRO has set the aggregate position limit to 10000 shares for this week.,101,2026-02-01 11:36:35.421961,SPNG,25.2,25.02,25.05,1860100.0,10000.0,2114600.0,2500.0,0,0,0,0,0,0,0,0,0
1.0,1.0,1.0,,Welcome to the RITC 2026 Alogithmic Market Making Case - practice server,,101,2026-02-01 11:36:35.421961,SMMR,24.88,24.7,24.88,1911900.0,5000.0,1991100.0,2500.0,0,0,0,0,0,0,0,0,0
,,,,,,101,2026-02-01 11:36:35.421961,ATMN,24.42,24.42,24.59,2297800.0,,1906400.0,5000.0,0,0,0,0,0,0,0,0,0
,,,,,,101,2026-02-01 11:36:35.421961,WNTR,26.51,26.4,26.51,2055900.0,2500.0,2133300.0,,0,0,0,0,0,0,0,0,0
2.0,1.0,1.0,,Aggregate Position Limit,Your CRO has set the aggregate position limit to 10000 shares for this week.,102,2026-02-01 11:36:36.446600,SPNG,25.02,25.02,25.05,1859800.0,10000.0,2085200.0,2500.0,0,0,0,0,0,0,0,0,0
1.0,1.0,1.0,,Welcome to the RITC 2026 Alogithmic Market Making Case - practice server,,102,2026-02-01 11:36:36.446600,SMMR,24.67,24.67,24.88,2042300.0,2500.0,1991100.0,2500.0,0,0,0,0,0,0,0,0,0
,,,,,,102,2026-02-01 11:36:36.446600,ATMN,24.42,24.47,24.59,2220900.0,,1906400.0,5000.0,0,0,0,0,0,0,0,0,0
,,,,,,102,2026-02-01 11:36:36.446600,WNTR,26.48,26.4,26.45,2055900.0,2500.0,2111200.0,,0,0,0,0,0,0,0,0,0
2.0,1.0,1.0,,Aggregate Position Limit,Your CRO has set the aggregate position limit to 10000 shares for this week.,103,2026-02-01 11:36:37.490185,SPNG,25.19,24.65,25.19,10000.0,1842900.0,2189100.0,,0,0,0,0,0,0,0,0,0
1.0,1.0,1.0,,Welcome to the RITC 2026 Alogithmic Market Making Case - practice server,,103,2026-02-01 11:36:37.490185,SMMR,24.67,24.75,24.82,2500.0,2037800.0,1918800.0,5000.0,0,0,0,0,0,0,0,0,0
,,,,,,103,2026-02-01 11:36:37.490185,ATMN,24.63,24.72,24.73,,2259300.0,2030300.0,2500.0,0,0,0,0,0,0,0,0,0
,,,,,,103,2026-02-01 11:36:37.490185,WNTR,26.52,26.53,26.6,,2172200.0,2130800.0,,0,0,0,0,0,0,0,0,0
2.0,1.0,1.0,,Aggregate Position Limit,Your CRO has set the aggregate position limit to 10000 shares for this week.,105,2026-02-01 11:36:38.526915,SPNG,24.64,24.43,24.55,7500.0,1973600.0,2119300.0,2500.0,0,0,0,0,0,0,0,0,0
1.0,1.0,1.0,,Welcome to the RITC 2026 Alogithmic Market Making Case - practice server,,105,2026-02-01 11:36:38.526915,SMMR,24.73,24.67,24.73,2500.0,2046200.0,1835500.0,7500.0,0,0,0,0,0,0,0,0,0
,,,,,,105,2026-02-01 11:36:38.526915,ATMN,24.39,24.39,24.73,,2259500.0,2018400.0,2500.0,0,0,0,0,0,0,0,0,0
,,,,,,105,2026-02-01 11:36:38.526915,WNTR,26.53,26.38,26.42,2500.0,2058700.0,2020100.0,2500.0,0,0,0,0,0,0,0,0,0
2.0,1.0,1.0,,Aggregate Position Limit,Your CRO has set the aggregate position limit to 10000 shares for this week.,106,2026-02-01 11:36:39.576196,SPNG,24.41,24.41,25.18,2197800.0,2500.0,2500.0,2081900.0,0,0,0,0,0,0,0,0,0
1.0,1.0,1.0,,Welcome to the RITC 2026 Alogithmic Market Making Case - practice server,,106,2026-02-01 11:36:39.576196,SMMR,24.73,24.7,24.73,2040400.0,2500.0,7500.0,1837100.0,0,0,0,0,0,0,0,0,0
,,,,,,106,2026-02-01 11:36:39.576196,ATMN,24.39,24.39,24.74,2259500.0,,,2117700.0,0,0,0,0,0,0,0,0,0
,,,,,,106,2026-02-01 11:36:39.576196,WNTR,26.53,26.39,26.42,2084900.0,2500.0,2500.0,2020100.0,0,0,0,0,0,0,0,0,0
2.0,1.0,1.0,,Aggregate Position Limit,Your CRO has set the aggregate position limit to 10000 shares for this week.,107,2026-02-01 11:36:40.602388,SPNG,24.41,25.11,25.17,2047800.0,5000.0,5000.0,1991400.0,0,0,0,0,0,0,0,0,0
1.0,1.0,1.0,,Welcome to the RITC 2026 Alogithmic Market Making Case - practice server,,107,2026-02-01 11:36:40.602388,SMMR,24.82,24.7,24.82,2040400.0,2500.0,5000.0,1916700.0,0,0,0,0,0,0,0,0,0
,,,,,,107,2026-02-01 11:36:40.602388,ATMN,24.55,24.66,24.73,2144800.0,2500.0,2500.0,2026100.0,0,0,0,0,0,0,0,0,0
,,,,,,107,2026-02-01 11:36:40.602388,WNTR,26.6,26.53,26.6,2070800.0,2500.0,,2109300.0,0,0,0,0,0,0,0,0,0
2.0,1.0,1.0,,Aggregate Position Limit,Your CRO has set the aggregate position limit to 10000 shares for this week.,108,2026-02-01 11:36:41.626917,SPNG,25.0,24.85,25.0,2066600.0,5000.0,1968200.0,5000.0,0,0,0,0,0,0,0,0,0
1.0,1.0,1.0,,Welcome to the RITC 2026 Alogithmic Market Making Case - practice server,,108,2026-02-01 11:36:41.626917,SMMR,24.82,24.7,24.76,2002800.0,2500.0,1903100.0,5000.0,0,0,0,0,0,0,0,0,0
,,,,,,108,2026-02-01 11:36:41.626917,ATMN,24.66,24.53,24.66,2052900.0,5000.0,2015400.0,2500.0,0,0,0,0,0,0,0,0,0
,,,,,,108,2026-02-01 11:36:41.626917,WNTR,26.45,26.39,26.45,2084900.0,2500.0,2125100.0,,0,0,0,0,0,0,0,0,0
2.0,1.0,1.0,,Aggregate Position Limit,Your CRO has set the aggregate position limit to 10000 shares for this week.,109,2026-02-01 11:36:42.656494,SPNG,25.0,24.85,25.0,2066600.0,5000.0,1887000.0,7500.0,0,0,0,0,0,0,0,0,0
1.0,1.0,1.0,,Welcome to the RITC 2026 Alogithmic Market Making Case - practice server,,109,2026-02-01 11:36:42.656494,SMMR,24.76,24.71,24.76,1916000.0,5000.0,1903100.0,5000.0,0,0,0,0,0,0,0,0,0
,,,,,,109,2026-02-01 11:36:42.656494,ATMN,24.52,24.52,24.66,2168100.0,2500.0,2015400.0,2500.0,0,0,0,0,0,0,0,0,0
,,,,,,109,2026-02-01 11:36:42.656494,WNTR,26.45,26.49,26.59,2120600.0,2500.0,1995900.0,2500.0,0,0,0,0,0,0,0,0,0
2.0,1.0,1.0,,Aggregate Position Limit,Your CRO has set the aggregate position limit to 10000 shares for this week.,110,2026-02-01 11:36:43.686782,SPNG,25.0,24.86,24.99,7500.0,1923600.0,10000.0,1766800.0,0,0,0,0,0,0,0,0,0
1.0,1.0,1.0,,Welcome to the RITC 2026 Alogithmic Market Making Case - practice server,,110,2026-02-01 11:36:43.686782,SMMR,24.78,24.78,24.82,5000.0,1893400.0,5000.0,1919900.0,0,0,0,0,0,0,0,0,0
,,,,,,110,2026-02-01 11:36:43.686782,ATMN,24.4,24.53,24.65,2500.0,2150200.0,5000.0,1921500.0,0,0,0,0,0,0,0,0,0
,,,,,,110,2026-02-01 11:36:43.686782,WNTR,26.49,26.39,26.49,2500.0,2101800.0,5000.0,1962500.0,0,0,0,0,0,0,0,0,0
2.0,1.0,1.0,,Aggregate Position Limit,Your CRO has set the aggregate position limit to 10000 shares for this week.,111,2026-02-01 11:36:44.706958,SPNG,25.0,25.0,25.16,1914800.0,7500.0,7500.0,1881700.0,0,0,0,0,0,0,0,0,0
1.0,1.0,1.0,,Welcome to the RITC 2026 Alogithmic Market Making Case - practice server,,111,2026-02-01 11:36:44.706958,SMMR,24.82,24.84,24.87,1916000.0,5000.0,5000.0,1895400.0,0,0,0,0,0,0,0,0,0
,,,,,,111,2026-02-01 11:36:44.706958,ATMN,24.65,24.65,24.66,2254800.0,,2500.0,2011300.0,0,0,0,0,0,0,0,0,0
,,,,,,111,2026-02-01 11:36:44.706958,WNTR,26.59,26.54,26.59,2097000.0,2500.0,,2153400.0,0,0,0,0,0,0,0,0,0
2.0,1.0,1.0,,Aggregate Position Limit,Your CRO has set the aggregate position limit to 10000 shares for this week.,112,2026-02-01 11:36:45.736938,SPNG,25.17,24.87,25.15,1909300.0,7500.0,5000.0,1979200.0,0,0,0,0,0,0,0,0,0
1.0,1.0,1.0,,Welcome to the RITC 2026 Alogithmic Market Making Case - practice server,,112,2026-02-01 11:36:45.736938,SMMR,24.78,24.78,24.87,1913100.0,5000.0,5000.0,1881900.0,0,0,0,0,0,0,0,0,0
,,,,,,112,2026-02-01 11:36:45.736938,ATMN,24.65,24.38,24.49,2265200.0,,2500.0,2005800.0,0,0,0,0,0,0,0,0,0
,,,,,,112,2026-02-01 11:36:45.736938,WNTR,26.54,26.54,26.58,2098500.0,2500.0,2500.0,2023600.0,0,0,0,0,0,0,0,0,0
2.0,1.0,1.0,,Aggregate Position Limit,Your CRO has set the aggregate position limit to 10000 shares for this week.,113,2026-02-01 11:36:46.766659,SPNG,25.25,24.87,25.25,1909300.0,7500.0,2155500.0,,0,0,0,0,0,0,0,0,0
1.0,1.0,1.0,,Welcome to the RITC 2026 Alogithmic Market Making Case - practice server,,113,2026-02-01 11:36:46.766659,SMMR,24.88,24.72,24.88,2015000.0,2500.0,1997900.0,2500.0,0,0,0,0,0,0,0,0,0
,,,,,,113,2026-02-01 11:36:46.766659,ATMN,24.66,24.46,24.66,2241900.0,,2011300.0,2500.0,0,0,0,0,0,0,0,0,0
,,,,,,113,2026-02-01 11:36:46.766659,WNTR,26.6,26.5,26.6,2126000.0,2500.0,2107000.0,,0,0,0,0,0,0,0,0,0
2.0,1.0,1.0,,Aggregate Position Limit,Your CRO has set the aggregate position limit to 10000 shares for this week.,114,2026-02-01 11:36:47.786999,SPNG,25.25,24.88,25.25,10000.0,1778800.0,2142500.0,,0,0,0,0,0,0,0,0,0
1.0,1.0,1.0,,Welcome to the RITC 2026 Alogithmic Market Making Case - practice server,,114,2026-02-01 11:36:47.786999,SMMR,24.66,24.66,24.67,2500.0,1978400.0,1898600.0,5000.0,0,0,0,0,0,0,0,0,0
,,,,,,114,2026-02-01 11:36:47.786999,ATMN,24.7,24.38,24.7,,2265200.0,2023400.0,2500.0,0,0,0,0,0,0,0,0,0
,,,,,,114,2026-02-01 11:36:47.786999,WNTR,26.53,26.57,26.59,2500.0,2113400.0,1993600.0,2500.0,0,0,0,0,0,0,0,0,0
2.0,1.0,1.0,,Aggregate Position Limit,Your CRO has set the aggregate position limit to 10000 shares for this week.,115,2026-02-01 11:36:48.809880,SPNG,24.85,24.86,25.24,7500.0,1923600.0,2161200.0,,0,0,0,0,0,0,0,0,0
1.0,1.0,1.0,,Welcome to the RITC 2026 Alogithmic Market Making Case - practice server,,115,2026-02-01 11:36:48.809880,SMMR,24.67,24.64,24.67,2500.0,1999600.0,1898600.0,5000.0,0,0,0,0,0,0,0,0,0
,,,,,,115,2026-02-01 11:36:48.809880,ATMN,24.52,24.53,24.7,2500.0,2147300.0,1898200.0,5000.0,0,0,0,0,0,0,0,0,0
,,,,,,115,2026-02-01 11:36:48.809880,WNTR,26.57,26.5,26.55,2500.0,2126000.0,2109700.0,,0,0,0,0,0,0,0,0,0
2.0,1.0,1.0,,Aggregate Position Limit,Your CRO has set the aggregate position limit to 10000 shares for this week.,116,2026-02-01 11:36:49.842040,SPNG,24.82,24.82,25.28,2043100.0,5000.0,2118300.0,,0,0,0,0,0,0,0,0,0
1.0,1.0,1.0,,Welcome to the RITC 2026 Alogithmic Market Making Case - practice server,,116,2026-02-01 11:36:49.842040,SMMR,24.85,24.63,24.85,2005100.0,2500.0,1904000.0,5000.0,0,0,0,0,0,0,0,0,0
,,,,,,116,2026-02-01 11:36:49.842040,ATMN,24.53,24.52,24.53,2242300.0,,1863100.0,5000.0,0,0,0,0,0,0,0,0,0
,,,,,,116,2026-02-01 11:36:49.842040,WNTR,26.57,26.5,26.55,2152700.0,2500.0,2110700.0,,0,0,0,0,0,0,0,0,0
2.0,1.0,1.0,,Aggregate Position Limit,Your CRO has set the aggregate position limit to 10000 shares for this week.,117,2026-02-01 11:36:50.871855,SPNG,25.29,24.83,25.27,7500.0,1897000.0,2500.0,2009400.0,0,0,0,0,0,0,0,0,0
1.0,1.0,1.0,,Welcome to the RITC 2026 Alogithmic Market Making Case - practice server,,117,2026-02-01 11:36:50.871855,SMMR,24.89,24.74,24.88,5000.0,1894300.0,5000.0,1895600.0,0,0,0,0,0,0,0,0,0
,,,,,,117,2026-02-01 11:36:50.871855,ATMN,24.53,24.52,24.53,,2242300.0,5000.0,1848100.0,0,0,0,0,0,0,0,0,0
,,,,,,117,2026-02-01 11:36:50.871855,WNTR,26.54,26.54,26.55,5000.0,2046200.0,,2110500.0,0,0,0,0,0,0,0,0,0
2.0,1.0,1.0,,Aggregate Position Limit,Your CRO has set the aggregate position limit to 10000 shares for this week.,118,2026-02-01 11:36:51.901832,SPNG,25.29,24.87,25.29,2241300.0,2130400.0,0,0,0,0,0,0,0,0,0,0,0
1.0,1.0,1.0,,Welcome to the RITC 2026 Alogithmic Market Making Case - practice server,,118,2026-02-01 11:36:51.901832,SMMR,24.9,24.63,24.9,2110200.0,2115000.0,0,0,0,0,0,0,0,0,0,0,0
,,,,,,118,2026-02-01 11:36:51.901832,ATMN,24.38,24.38,24.53,2251700.0,2033300.0,0,0,0,0,0,0,0,0,0,0,0
,,,,,,118,2026-02-01 11:36:51.901832,WNTR,26.54,26.54,26.55,2295600.0,2134200.0,0,0,0,0,0,0,0,0,0,0,0
2.0,1.0,1.0,,Aggregate Position Limit,Your CRO has set the aggregate position limit to 10000 shares for this week.,119,2026-02-01 11:36:52.935095,SPNG,25.29,24.87,25.29,2243500.0,2130400.0,0,0,0,0,0,0,0,0,0,0,0
1.0,1.0,1.0,,Welcome to the RITC 2026 Alogithmic Market Making Case - practice server,,119,2026-02-01 11:36:52.935095,SMMR,24.9,24.85,24.9,2104500.0,2119300.0,0,0,0,0,0,0,0,0,0,0,0
,,,,,,119,2026-02-01 11:36:52.935095,ATMN,24.38,24.38,24.53,2276200.0,2033300.0,0,0,0,0,0,0,0,0,0,0,0
,,,,,,119,2026-02-01 11:36:52.935095,WNTR,26.61,26.54,26.61,2295600.0,2109200.0,0,0,0,0,0,0,0,0,0,0,0
2.0,1.0,1.0,,Aggregate Position Limit,Your CRO has set the aggregate position limit to 10000 shares for this week.,120,2026-02-01 11:36:53.952003,SPNG,25.3,23.57,0.0,200000.0,,0,0,0,0,0,0,0,0,0,0,0
1.0,1.0,1.0,,Welcome to the RITC 2026 Alogithmic Market Making Case - practice server,,120,2026-02-01 11:36:53.952003,SMMR,24.85,24.82,25.25,893100.0,789800.0,0,0,0,0,0,0,0,0,0,0,0
,,,,,,120,2026-02-01 11:36:53.952003,ATMN,25.66,25.66,25.69,920000.0,714700.0,0,0,0,0,0,0,0,0,0,0,0
,,,,,,120,2026-02-01 11:36:53.952003,WNTR,26.69,26.69,27.2,814200.0,806000.0,0,0,0,0,0,0,0,0,0,0,0
2.0,1.0,1.0,,Aggregate Position Limit,Your CRO has set the aggregate position limit to 10000 shares for this week.,121,2026-02-01 11:36:54.980516,SPNG,23.57,23.57,23.78,1096200.0,871400.0,0,0,0,0,0,0,0,0,0,0,0
1.0,1.0,1.0,,Welcome to the RITC 2026 Alogithmic Market Making Case - practice server,,121,2026-02-01 11:36:54.980516,SMMR,24.82,24.82,24.9,882100.0,1106400.0,0,0,0,0,0,0,0,0,0,0,0
,,,,,,121,2026-02-01 11:36:54.980516,ATMN,25.66,25.51,25.63,943600.0,934700.0,0,0,0,0,0,0,0,0,0,0,0
,,,,,,121,2026-02-01 11:36:54.980516,WNTR,27.2,26.61,27.2,1052800.0,806000.0,0,0,0,0,0,0,0,0,0,0,0
2.0,1.0,1.0,,Aggregate Position Limit,Your CRO has set the aggregate position limit to 10000 shares for this week.,122,2026-02-01 11:36:56.013960,SPNG,23.78,23.58,23.77,2500.0,1096200.0,2500.0,1001800.0,0,0,0,0,0,0,0,0,0
1.0,1.0,1.0,,Welcome to the RITC 2026 Alogithmic Market Making Case - practice server,,122,2026-02-01 11:36:56.013960,SMMR,24.82,24.66,24.77,,977600.0,2500.0,1284800.0,0,0,0,0,0,0,0,0,0
,,,,,,122,2026-02-01 11:36:56.013960,ATMN,25.63,25.52,25.61,2500.0,943600.0,2500.0,1023800.0,0,0,0,0,0,0,0,0,0
,,,,,,122,2026-02-01 11:36:56.013960,WNTR,27.2,26.62,26.81,2500.0,1052800.0,2500.0,1121400.0,0,0,0,0,0,0,0,0,0
2.0,1.0,1.0,,Aggregate Position Limit,Your CRO has set the aggregate position limit to 10000 shares for this week.,123,2026-02-01 11:36:57.035673,SPNG,23.78,23.59,23.77,5000.0,1236000.0,2500.0,1176700.0,0,0,0,0,0,0,0,0,0
1.0,1.0,1.0,,Welcome to the RITC 2026 Alogithmic Market Making Case - practice server,,123,2026-02-01 11:36:57.035673,SMMR,24.85,24.67,24.76,2500.0,1232000.0,2500.0,1311300.0,0,0,0,0,0,0,0,0,0
,,,,,,123,2026-02-01 11:36:57.035673,ATMN,25.63,25.53,25.63,5000.0,1144800.0,,1023800.0,0,0,0,0,0,0,0,0,0
,,,,,,123,2026-02-01 11:36:57.035673,WNTR,27.2,26.76,26.81,5000.0,1183100.0,2500.0,1476000.0,0,0,0,0,0,0,0,0,0
2.0,1.0,1.0,,Aggregate Position Limit,Your CRO has set the aggregate position limit to 10000 shares for this week.,124,2026-02-01 11:36:58.067606,SPNG,23.43,23.43,23.53,1234900.0,1287500.0,5000.0,,0,0,0,0,0,0,0,0,0
1.0,1.0,1.0,,Welcome to the RITC 2026 Alogithmic Market Making Case - practice server,,124,2026-02-01 11:36:58.067606,SMMR,24.93,25.03,25.04,1562300.0,999600.0,,2500.0,0,0,0,0,0,0,0,0,0
,,,,,,124,2026-02-01 11:36:58.067606,ATMN,25.69,25.78,25.79,1350200.0,911500.0,,5000.0,0,0,0,0,0,0,0,0,0
,,,,,,124,2026-02-01 11:36:58.067606,WNTR,27.2,26.76,26.8,1368100.0,1569100.0,5000.0,5000.0,0,0,0,0,0,0,0,0,0
2.0,1.0,1.0,,Aggregate Position Limit,Your CRO has set the aggregate position limit to 10000 shares for this week.,125,2026-02-01 11:36:59.101027,SPNG,23.78,23.44,23.78,2500.0,1347200.0,1176700.0,,0,0,0,0,0,0,0,0,0
1.0,1.0,1.0,,Welcome to the RITC 2026 Alogithmic Market Making Case - practice server,,125,2026-02-01 11:36:59.101027,SMMR,24.8,24.8,25.04,5000.0,1459300.0,999600.0,,0,0,0,0,0,0,0,0,0
,,,,,,125,2026-02-01 11:36:59.101027,ATMN,25.51,25.51,25.79,,1144800.0,1100100.0,,0,0,0,0,0,0,0,0,0
,,,,,,125,2026-02-01 11:36:59.101027,WNTR,26.78,26.78,26.79,5000.0,1584100.0,1569100.0,7500.0,0,0,0,0,0,0,0,0,0
2.0,1.0,1.0,,Aggregate Position Limit,Your CRO has set the aggregate position limit to 10000 shares for this week.,126,2026-02-01 11:37:00.136607,SPNG,22.99,22.99,23.78,1418800.0,1176700.0,,,0,0,0,0,0,0,0,0,0
1.0,1.0,1.0,,Welcome to the RITC 2026 Alogithmic Market Making Case - practice server,,126,2026-02-01 11:37:00.136607,SMMR,24.96,24.8,24.96,1560800.0,1096100.0,5000.0,,0,0,0,0,0,0,0,0,0
,,,,,,126,2026-02-01 11:37:00.136607,ATMN,25.51,25.51,25.68,1144800.0,1423100.0,,,0,0,0,0,0,0,0,0,0
,,,,,,126,2026-02-01 11:37:00.136607,WNTR,26.74,26.74,26.81,1345300.0,1655800.0,2500.0,2500.0,0,0,0,0,0,0,0,0,0
2.0,1.0,1.0,,Aggregate Position Limit,Your CRO has set the aggregate position limit to 10000 shares for this week.,127,2026-02-01 11:37:01.168745,SPNG,23.56,23.56,23.64,1554100.0,2500.0,1277900.0,2500.0,0,0,0,0,0,0,0,0,0
1.0,1.0,1.0,,Welcome to the RITC 2026 Alogithmic Market Making Case - practice server,,127,2026-02-01 11:37:01.168745,SMMR,24.8,24.8,24.92,1560800.0,5000.0,1212500.0,2500.0,0,0,0,0,0,0,0,0,0
,,,,,,127,2026-02-01 11:37:01.168745,ATMN,25.68,25.25,25.68,1172100.0,,1423100.0,,0,0,0,0,0,0,0,0,0
,,,,,,127,2026-02-01 11:37:01.168745,WNTR,26.8,26.8,26.81,1488000.0,2500.0,1743200.0,2500.0,0,0,0,0,0,0,0,0,0
2.0,1.0,1.0,,Aggregate Position Limit,Your CRO has set the aggregate position limit to 10000 shares for this week.,128,2026-02-01 11:37:02.200390,SPNG,23.56,23.0,23.34,2500.0,1418800.0,1313800.0,,0,0,0,0,0,0,0,0,0
1.0,1.0,1.0,,Welcome to the RITC 2026 Alogithmic Market Making Case - practice server,,128,2026-02-01 11:37:02.200390,SMMR,24.84,24.8,24.84,5000.0,1560800.0,1333600.0,2500.0,0,0,0,0,0,0,0,0,0
,,,,,,128,2026-02-01 11:37:02.200390,ATMN,25.8,25.6,25.8,2500.0,1256000.0,1110000.0,,0,0,0,0,0,0,0,0,0
,,,,,,128,2026-02-01 11:37:02.200390,WNTR,26.8,26.8,26.81,2500.0,1612600.0,1917000.0,2500.0,0,0,0,0,0,0,0,0,0
2.0,1.0,1.0,,Aggregate Position Limit,Your CRO has set the aggregate position limit to 10000 shares for this week.,129,2026-02-01 11:37:03.235503,SPNG,24.04,23.3,23.4,1529300.0,2500.0,1057400.0,,0,0,0,0,0,0,0,0,0
1.0,1.0,1.0,,Welcome to the RITC 2026 Alogithmic Market Making Case - practice server,,129,2026-02-01 11:37:03.235503,SMMR,24.84,24.86,24.91,1757600.0,5000.0,1319200.0,5000.0,0,0,0,0,0,0,0,0,0
,,,,,,129,2026-02-01 11:37:03.235503,ATMN,25.56,25.56,25.64,1376300.0,,1198700.0,2500.0,0,0,0,0,0,0,0,0,0
,,,,,,129,2026-02-01 11:37:03.235503,WNTR,26.83,26.82,26.83,1696500.0,2500.0,1819500.0,2500.0,0,0,0,0,0,0,0,0,0
2.0,1.0,1.0,,Aggregate Position Limit,Your CRO has set the aggregate position limit to 10000 shares for this week.,130,2026-02-01 11:37:04.270491,SPNG,24.04,23.31,24.04,5000.0,1664600.0,947600.0,,0,0,0,0,0,0,0,0,0
1.0,1.0,1.0,,Welcome to the RITC 2026 Alogithmic Market Making Case - practice server,,130,2026-02-01 11:37:04.270491,SMMR,24.81,24.81,25.0,5000.0,1667500.0,1207900.0,,0,0,0,0,0,0,0,0,0
,,,,,,130,2026-02-01 11:37:04.270491,ATMN,25.25,25.25,25.63,,1374500.0,1198700.0,5000.0,0,0,0,0,0,0,0,0,0
,,,,,,130,2026-02-01 11:37:04.270491,WNTR,26.89,26.82,26.85,2500.0,1820000.0,1816600.0,2500.0,0,0,0,0,0,0,0,0,0
2.0,1.0,1.0,,Aggregate Position Limit,Your CRO has set the aggregate position limit to 10000 shares for this week.,131,2026-02-01 11:37:05.301580,SPNG,23.48,23.74,24.04,1922200.0,7500.0,1055000.0,,0,0,0,0,0,0,0,0,0
1.0,1.0,1.0,,Welcome to the RITC 2026 Alogithmic Market Making Case - practice server,,131,2026-02-01 11:37:05.301580,SMMR,24.82,24.81,24.82,1786700.0,5000.0,1306100.0,,0,0,0,0,0,0,0,0,0
,,,,,,131,2026-02-01 11:37:05.301580,ATMN,25.25,25.42,25.63,1697300.0,2500.0,1198700.0,5000.0,0,0,0,0,0,0,0,0,0
,,,,,,131,2026-02-01 11:37:05.301580,WNTR,26.89,26.82,26.83,1820000.0,2500.0,1948300.0,2500.0,0,0,0,0,0,0,0,0,0
2.0,1.0,1.0,,Aggregate Position Limit,Your CRO has set the aggregate position limit to 10000 shares for this week.,132,2026-02-01 11:37:06.331387,SPNG,23.06,23.06,23.16,1693000.0,2500.0,1160200.0,,0,0,0,0,0,0,0,0,0
1.0,1.0,1.0,,Welcome to the RITC 2026 Alogithmic Market Making Case - practice server,,132,2026-02-01 11:37:06.331387,SMMR,25.0,24.89,25.0,1978600.0,5000.0,1096300.0,,0,0,0,0,0,0,0,0,0
,,,,,,132,2026-02-01 11:37:06.331387,ATMN,25.25,25.57,25.62,1876700.0,2500.0,1310100.0,7500.0,0,0,0,0,0,0,0,0,0
,,,,,,132,2026-02-01 11:37:06.331387,WNTR,26.84,26.82,26.84,1915500.0,2500.0,1945000.0,2500.0,0,0,0,0,0,0,0,0,0
2.0,1.0,1.0,,Aggregate Position Limit,Your CRO has set the aggregate position limit to 10000 shares for this week.,133,2026-02-01 11:37:07.365597,SPNG,24.13,23.07,23.9,5000.0,1693000.0,1022700.0,2500.0,0,0,0,0,0,0,0,0,0
1.0,1.0,1.0,,Welcome to the RITC 2026 Alogithmic Market Making Case - practice server,,133,2026-02-01 11:37:07.365597,SMMR,24.89,24.89,25.0,5000.0,1978600.0,1294100.0,,0,0,0,0,0,0,0,0,0
,,,,,,133,2026-02-01 11:37:07.365597,ATMN,25.64,25.58,25.61,5000.0,1781600.0,1491200.0,5000.0,0,0,0,0,0,0,0,0,0
,,,,,,133,2026-02-01 11:37:07.365597,WNTR,26.84,26.77,26.84,2500.0,1930400.0,1960600.0,2500.0,0,0,0,0,0,0,0,0,0
2.0,1.0,1.0,,Aggregate Position Limit,Your CRO has set the aggregate position limit to 10000 shares for this week.,134,2026-02-01 11:37:08.401915,SPNG,23.06,23.06,24.13,1693000.0,2500.0,929700.0,,0,0,0,0,0,0,0,0,0
1.0,1.0,1.0,,Welcome to the RITC 2026 Alogithmic Market Making Case - practice server,,134,2026-02-01 11:37:08.401915,SMMR,24.89,24.89,24.94,1961400.0,5000.0,1495000.0,,0,0,0,0,0,0,0,0,0
,,,,,,134,2026-02-01 11:37:08.401915,ATMN,25.73,25.58,25.64,1781600.0,5000.0,1511800.0,,0,0,0,0,0,0,0,0,0
,,,,,,134,2026-02-01 11:37:08.401915,WNTR,26.75,26.72,26.74,1699600.0,,1961700.0,2500.0,0,0,0,0,0,0,0,0,0
2.0,1.0,1.0,,Aggregate Position Limit,Your CRO has set the aggregate position limit to 10000 shares for this week.,135,2026-02-01 11:37:09.424624,SPNG,24.32,23.41,24.32,1655900.0,919300.0,,,0,0,0,0,0,0,0,0,0
1.0,1.0,1.0,,Welcome to the RITC 2026 Alogithmic Market Making Case - practice server,,135,2026-02-01 11:37:09.424624,SMMR,24.89,24.81,24.83,1925100.0,1795400.0,5000.0,2500.0,0,0,0,0,0,0,0,0,0
,,,,,,135,2026-02-01 11:37:09.424624,ATMN,25.81,25.58,25.81,1883000.0,1313400.0,5000.0,,0,0,0,0,0,0,0,0,0
,,,,,,135,2026-02-01 11:37:09.424624,WNTR,26.67,26.67,26.79,1476900.0,1933300.0,,2500.0,0,0,0,0,0,0,0,0,0
2.0,1.0,1.0,,Aggregate Position Limit,Your CRO has set the aggregate position limit to 10000 shares for this week.,136,2026-02-01 11:37:10.447957,SPNG,24.32,23.46,23.55,1765600.0,2500.0,1105100.0,2500.0,0,0,0,0,0,0,0,0,0
1.0,1.0,1.0,,Welcome to the RITC 2026 Alogithmic Market Making Case - practice server,,136,2026-02-01 11:37:10.447957,SMMR,24.83,24.83,24.92,1932800.0,5000.0,1805200.0,2500.0,0,0,0,0,0,0,0,0,0
,,,,,,136,2026-02-01 11:37:10.447957,ATMN,25.58,25.42,25.56,1883000.0,2500.0,1514500.0,2500.0,0,0,0,0,0,0,0,0,0
,,,,,,136,2026-02-01 11:37:10.447957,WNTR,26.79,26.79,26.8,1566200.0,2500.0,1948100.0,2500.0,0,0,0,0,0,0,0,0,0
2.0,1.0,1.0,,Aggregate Position Limit,Your CRO has set the aggregate position limit to 10000 shares for this week.,137,2026-02-01 11:37:11.470442,SPNG,23.41,23.41,24.24,1655900.0,1139100.0,2500.0,,0,0,0,0,0,0,0,0,0
1.0,1.0,1.0,,Welcome to the RITC 2026 Alogithmic Market Making Case - practice server,,137,2026-02-01 11:37:11.470442,SMMR,24.92,24.83,24.9,1932800.0,1932200.0,2500.0,5000.0,0,0,0,0,0,0,0,0,0
,,,,,,137,2026-02-01 11:37:11.470442,ATMN,25.81,25.42,25.81,1986300.0,1416500.0,,2500.0,0,0,0,0,0,0,0,0,0
,,,,,,137,2026-02-01 11:37:11.470442,WNTR,26.69,26.67,26.69,1476900.0,1930000.0,2500.0,,0,0,0,0,0,0,0,0,0
2.0,1.0,1.0,,Aggregate Position Limit,Your CRO has set the aggregate position limit to 10000 shares for this week.,138,2026-02-01 11:37:12.501495,SPNG,23.99,23.42,23.88,2500.0,1655900.0,1238700.0,5000.0,0,0,0,0,0,0,0,0,0
1.0,1.0,1.0,,Welcome to the RITC 2026 Alogithmic Market Making Case - practice server,,138,2026-02-01 11:37:12.501495,SMMR,24.92,24.84,24.89,7500.0,1806600.0,1906000.0,5000.0,0,0,0,0,0,0,0,0,0
,,,,,,138,2026-02-01 11:37:12.501495,ATMN,25.79,25.79,25.8,5000.0,1960900.0,1416500.0,2500.0,0,0,0,0,0,0,0,0,0
,,,,,,138,2026-02-01 11:37:12.501495,WNTR,26.66,26.66,26.69,,1449700.0,1909200.0,2500.0,0,0,0,0,0,0,0,0,0
2.0,1.0,1.0,,Aggregate Position Limit,Your CRO has set the aggregate position limit to 10000 shares for this week.,139,2026-02-01 11:37:13.535542,SPNG,23.25,23.61,23.87,1778400.0,2500.0,7500.0,1238700.0,0,0,0,0,0,0,0,0,0
1.0,1.0,1.0,,Welcome to the RITC 2026 Alogithmic Market Making Case - practice server,,139,2026-02-01 11:37:13.535542,SMMR,24.89,24.89,24.9,1675100.0,10000.0,2500.0,1980900.0,0,0,0,0,0,0,0,0,0
,,,,,,139,2026-02-01 11:37:13.535542,ATMN,25.81,25.76,25.81,1904800.0,5000.0,,1327400.0,0,0,0,0,0,0,0,0,0
,,,,,,139,2026-02-01 11:37:13.535542,WNTR,26.71,26.62,26.69,1211500.0,2500.0,2500.0,1946600.0,0,0,0,0,0,0,0,0,0
2.0,1.0,1.0,,Aggregate Position Limit,Your CRO has set the aggregate position limit to 10000 shares for this week.,140,2026-02-01 11:37:14.555079,SPNG,23.88,23.61,23.88,1778400.0,2500.0,1374100.0,5000.0,0,0,0,0,0,0,0,0,0
1.0,1.0,1.0,,Welcome to the RITC 2026 Alogithmic Market Making Case - practice server,,140,2026-02-01 11:37:14.555079,SMMR,24.85,24.85,24.9,1787400.0,7500.0,1981500.0,2500.0,0,0,0,0,0,0,0,0,0
,,,,,,140,2026-02-01 11:37:14.555079,ATMN,25.76,25.76,25.85,1904800.0,5000.0,1331700.0,,0,0,0,0,0,0,0,0,0
,,,,,,140,2026-02-01 11:37:14.555079,WNTR,26.53,26.53,26.69,1150500.0,,1946600.0,2500.0,0,0,0,0,0,0,0,0,0
2.0,1.0,1.0,,Aggregate Position Limit,Your CRO has set the aggregate position limit to 10000 shares for this week.,141,2026-02-01 11:37:15.584043,SPNG,23.49,23.75,23.87,1801000.0,2500.0,7500.0,1497000.0,0,0,0,0,0,0,0,0,0
1.0,1.0,1.0,,Welcome to the RITC 2026 Alogithmic Market Making Case - practice server,,141,2026-02-01 11:37:15.584043,SMMR,24.81,24.81,24.89,1905100.0,5000.0,2500.0,1989500.0,0,0,0,0,0,0,0,0,0
,,,,,,141,2026-02-01 11:37:15.584043,ATMN,25.58,25.58,25.84,1937900.0,5000.0,2500.0,1416000.0,0,0,0,0,0,0,0,0,0
,,,,,,141,2026-02-01 11:37:15.584043,WNTR,26.53,26.5,26.52,1128200.0,,5000.0,1867000.0,0,0,0,0,0,0,0,0,0
2.0,1.0,1.0,,Aggregate Position Limit,Your CRO has set the aggregate position limit to 10000 shares for this week.,142,2026-02-01 11:37:16.624588,SPNG,23.25,23.25,23.87,1678900.0,7500.0,1604800.0,,0,0,0,0,0,0,0,0,0
1.0,1.0,1.0,,Welcome to the RITC 2026 Alogithmic Market Making Case - practice server,,142,2026-02-01 11:37:16.624588,SMMR,24.89,24.82,24.89,1747500.0,2500.0,1986400.0,7500.0,0,0,0,0,0,0,0,0,0
,,,,,,142,2026-02-01 11:37:16.624588,ATMN,25.48,25.73,25.84,1888100.0,2500.0,1416000.0,5000.0,0,0,0,0,0,0,0,0,0
,,,,,,142,2026-02-01 11:37:16.624588,WNTR,26.78,26.5,26.66,1320700.0,,2034000.0,,0,0,0,0,0,0,0,0,0
2.0,1.0,1.0,,Aggregate Position Limit,Your CRO has set the aggregate position limit to 10000 shares for this week.,143,2026-02-01 11:37:17.654803,SPNG,23.25,22.99,23.08,1660100.0,1605200.0,5000.0,,0,0,0,0,0,0,0,0,0
1.0,1.0,1.0,,Welcome to the RITC 2026 Alogithmic Market Making Case - practice server,,143,2026-02-01 11:37:17.654803,SMMR,24.9,24.87,24.9,1770800.0,1981500.0,2500.0,7500.0,0,0,0,0,0,0,0,0,0
,,,,,,143,2026-02-01 11:37:17.654803,ATMN,25.9,25.73,25.83,1902100.0,1485300.0,2500.0,5000.0,0,0,0,0,0,0,0,0,0
,,,,,,143,2026-02-01 11:37:17.654803,WNTR,26.78,26.62,26.66,1417300.0,2069900.0,,,0,0,0,0,0,0,0,0,0
2.0,1.0,1.0,,Aggregate Position Limit,Your CRO has set the aggregate position limit to 10000 shares for this week.,144,2026-02-01 11:37:18.684083,SPNG,23.93,23.44,23.93,1885800.0,2500.0,1505200.0,5000.0,0,0,0,0,0,0,0,0,0
1.0,1.0,1.0,,Welcome to the RITC 2026 Alogithmic Market Making Case - practice server,,144,2026-02-01 11:37:18.684083,SMMR,24.81,24.81,24.9,1875100.0,5000.0,1981500.0,2500.0,0,0,0,0,0,0,0,0,0
,,,,,,144,2026-02-01 11:37:18.684083,ATMN,25.9,25.74,25.82,1766300.0,7500.0,1663700.0,5000.0,0,0,0,0,0,0,0,0,0
,,,,,,144,2026-02-01 11:37:18.684083,WNTR,26.62,26.5,26.59,1320700.0,,2087100.0,,0,0,0,0,0,0,0,0,0
2.0,1.0,1.0,,Aggregate Position Limit,Your CRO has set the aggregate position limit to 10000 shares for this week.,145,2026-02-01 11:37:19.721107,SPNG,22.99,23.63,23.93,1944300.0,2500.0,1505200.0,5000.0,0,0,0,0,0,0,0,0,0
1.0,1.0,1.0,,Welcome to the RITC 2026 Alogithmic Market Making Case - practice server,,145,2026-02-01 11:37:19.721107,SMMR,24.81,24.82,24.85,1803800.0,7500.0,2015300.0,2500.0,0,0,0,0,0,0,0,0,0
,,,,,,145,2026-02-01 11:37:19.721107,ATMN,25.88,25.73,25.84,1892600.0,5000.0,1763300.0,,0,0,0,0,0,0,0,0,0
,,,,,,145,2026-02-01 11:37:19.721107,WNTR,26.38,26.42,26.59,1019200.0,2500.0,2071800.0,,0,0,0,0,0,0,0,0,0
2.0,1.0,1.0,,Aggregate Position Limit,Your CRO has set the aggregate position limit to 10000 shares for this week.,146,2026-02-01 11:37:20.761057,SPNG,23.63,23.0,23.16,2500.0,2083900.0,1635500.0,7500.0,0,0,0,0,0,0,0,0,0
1.0,1.0,1.0,,Welcome to the RITC 2026 Alogithmic Market Making Case - practice server,,146,2026-02-01 11:37:20.761057,SMMR,24.94,24.85,24.94,7500.0,1789700.0,2060300.0,,0,0,0,0,0,0,0,0,0
,,,,,,146,2026-02-01 11:37:20.761057,ATMN,25.88,25.73,25.84,5000.0,1892600.0,1967200.0,,0,0,0,0,0,0,0,0,0
,,,,,,146,2026-02-01 11:37:20.761057,WNTR,26.38,26.46,26.58,2500.0,1253000.0,1971200.0,2500.0,0,0,0,0,0,0,0,0,0
2.0,1.0,1.0,,Aggregate Position Limit,Your CRO has set the aggregate position limit to 10000 shares for this week.,148,2026-02-01 11:37:21.783742,SPNG,23.16,23.23,23.68,2455100.0,5000.0,1634000.0,10000.0,0,0,0,0,0,0,0,0,0
1.0,1.0,1.0,,Welcome to the RITC 2026 Alogithmic Market Making Case - practice server,,148,2026-02-01 11:37:21.783742,SMMR,24.94,24.92,24.93,1710800.0,10000.0,1999900.0,2500.0,0,0,0,0,0,0,0,0,0
,,,,,,148,2026-02-01 11:37:21.783742,ATMN,25.7,25.74,25.83,1787400.0,7500.0,1867400.0,2500.0,0,0,0,0,0,0,0,0,0
,,,,,,148,2026-02-01 11:37:21.783742,WNTR,26.38,26.51,26.57,1361100.0,5000.0,1867600.0,5000.0,0,0,0,0,0,0,0,0,0
2.0,1.0,1.0,,Aggregate Position Limit,Your CRO has set the aggregate position limit to 10000 shares for this week.,149,2026-02-01 11:37:22.811001,SPNG,24.22,23.23,23.36,2455100.0,5000.0,1495400.0,5000.0,0,0,0,0,0,0,0,0,0
1.0,1.0,1.0,,Welcome to the RITC 2026 Alogithmic Market Making Case - practice server,,149,2026-02-01 11:37:22.811001,SMMR,24.85,24.85,24.98,1789700.0,7500.0,2076900.0,,0,0,0,0,0,0,0,0,0
,,,,,,149,2026-02-01 11:37:22.811001,ATMN,25.6,25.6,25.83,2067400.0,2500.0,1869400.0,2500.0,0,0,0,0,0,0,0,0,0
,,,,,,149,2026-02-01 11:37:22.811001,WNTR,26.59,26.5,26.59,1361100.0,2500.0,2078800.0,,0,0,0,0,0,0,0,0,0
2.0,1.0,1.0,,Aggregate Position Limit,Your CRO has set the aggregate position limit to 10000 shares for this week.,150,2026-02-01 11:37:23.857308,SPNG,23.36,23.24,23.36,7500.0,2265700.0,1495400.0,7500.0,0,0,0,0,0,0,0,0,0
1.0,1.0,1.0,,Welcome to the RITC 2026 Alogithmic Market Making Case - practice server,,150,2026-02-01 11:37:23.857308,SMMR,24.98,24.94,24.98,10000.0,1680800.0,2095700.0,,0,0,0,0,0,0,0,0,0
,,,,,,150,2026-02-01 11:37:23.857308,ATMN,25.88,25.61,25.77,5000.0,1930000.0,1873500.0,2500.0,0,0,0,0,0,0,0,0,0
,,,,,,150,2026-02-01 11:37:23.857308,WNTR,26.46,26.46,26.58,2500.0,1376700.0,1991800.0,2500.0,0,0,0,0,0,0,0,0,0
2.0,1.0,1.0,,Aggregate Position Limit,Your CRO has set the aggregate position limit to 10000 shares for this week.,151,2026-02-01 11:37:24.886626,SPNG,24.24,23.25,23.35,10000.0,2055600.0,5000.0,1262000.0,0,0,0,0,0,0,0,0,0
1.0,1.0,1.0,,Welcome to the RITC 2026 Alogithmic Market Making Case - practice server,,151,2026-02-01 11:37:24.886626,SMMR,24.81,24.81,24.98,5000.0,1885500.0,,2085500.0,0,0,0,0,0,0,0,0,0
,,,,,,151,2026-02-01 11:37:24.886626,ATMN,25.77,25.53,25.77,2500.0,2037800.0,2500.0,1873500.0,0,0,0,0,0,0,0,0,0
,,,,,,151,2026-02-01 11:37:24.886626,WNTR,26.46,26.47,26.56,5000.0,1611900.0,5000.0,1903100.0,0,0,0,0,0,0,0,0,0
2.0,1.0,1.0,,Aggregate Position Limit,Your CRO has set the aggregate position limit to 10000 shares for this week.,152,2026-02-01 11:37:25.916825,SPNG,23.42,23.42,24.24,2039600.0,10000.0,1262000.0,2500.0,0,0,0,0,0,0,0,0,0
1.0,1.0,1.0,,Welcome to the RITC 2026 Alogithmic Market Making Case - practice server,,152,2026-02-01 11:37:25.916825,SMMR,24.81,24.96,24.98,1893200.0,5000.0,2114400.0,,0,0,0,0,0,0,0,0,0
,,,,,,152,2026-02-01 11:37:25.916825,ATMN,25.42,25.42,25.52,2044100.0,2500.0,1880700.0,2500.0,0,0,0,0,0,0,0,0,0
,,,,,,152,2026-02-01 11:37:25.916825,WNTR,26.4,26.4,26.42,1362100.0,,2105800.0,,0,0,0,0,0,0,0,0,0
2.0,1.0,1.0,,Aggregate Position Limit,Your CRO has set the aggregate position limit to 10000 shares for this week.,153,2026-02-01 11:37:26.946732,SPNG,23.42,23.46,23.53,2000.0,12500.0,1588800.0,1384900.0,5000.0,0,0,0,0,0,0,0,0
1.0,1.0,1.0,,Welcome to the RITC 2026 Alogithmic Market Making Case - practice server,,153,2026-02-01 11:37:26.946732,SMMR,24.81,24.96,24.98,,5000.0,1893200.0,2169200.0,,0,0,0,0,0,0,0,0
,,,,,,153,2026-02-01 11:37:26.946732,ATMN,25.42,25.43,25.51,,5000.0,1874700.0,1790000.0,5000.0,0,0,0,0,0,0,0,0
,,,,,,153,2026-02-01 11:37:26.946732,WNTR,26.64,26.48,26.64,,,1594400.0,2084000.0,,0,0,0,0,0,0,0,0
2.0,1.0,1.0,,Aggregate Position Limit,Your CRO has set the aggregate position limit to 10000 shares for this week.,154,2026-02-01 11:37:27.966623,SPNG,23.53,24.0,24.23,1625900.0,2000.0,12500.0,5000.0,1365900.0,,0,0,0,0,0,0,0,0
1.0,1.0,1.0,,Welcome to the RITC 2026 Alogithmic Market Making Case - practice server,,154,2026-02-01 11:37:27.966623,SMMR,25.04,24.96,25.04,1677400.0,2000.0,5000.0,,2114400.0,,0,0,0,0,0,0,0,0
,,,,,,154,2026-02-01 11:37:27.966623,ATMN,25.37,25.46,25.5,1665400.0,2000.0,5000.0,2500.0,1800800.0,1000.0,0,0,0,0,0,0,0,0
,,,,,,154,2026-02-01 11:37:27.966623,WNTR,26.71,26.49,26.71,1699800.0,,2500.0,,2043700.0,,0,0,0,0,0,0,0,0
2.0,1.0,1.0,,Aggregate Position Limit,Your CRO has set the aggregate position limit to 10000 shares for this week.,155,2026-02-01 11:37:28.986778,SPNG,24.0,23.5,23.56,1740300.0,1000.0,12500.0,1585800.0,5000.0,,0,0,0,0,0,0,0,0
1.0,1.0,1.0,,Welcome to the RITC 2026 Alogithmic Market Making Case - practice server,,155,2026-02-01 11:37:28.986778,SMMR,24.95,24.95,25.04,1903300.0,,5000.0,2104300.0,,,0,0,0,0,0,0,0,0
,,,,,,155,2026-02-01 11:37:28.986778,ATMN,25.38,25.38,25.43,2035600.0,,2500.0,1626200.0,5000.0,2000.0,0,0,0,0,0,0,0,0
,,,,,,155,2026-02-01 11:37:28.986778,WNTR,26.62,26.68,26.76,1820400.0,2000.0,2500.0,2042700.0,,,0,0,0,0,0,0,0,0
2.0,1.0,1.0,,Aggregate Position Limit,Your CRO has set the aggregate position limit to 10000 shares for this week.,156,2026-02-01 11:37:30.016569,SPNG,23.75,23.43,23.55,12500.0,1612000.0,2000.0,7500.0,1488600.0,2000.0,0,0,0,0,0,0,0,0
1.0,1.0,1.0,,Welcome to the RITC 2026 Alogithmic Market Making Case - practice server,,156,2026-02-01 11:37:30.016569,SMMR,24.91,24.91,25.03,7500.0,1808300.0,,2500.0,2003400.0,,0,0,0,0,0,0,0,0
,,,,,,156,2026-02-01 11:37:30.016569,ATMN,25.43,25.39,25.42,5000.0,1654700.0,2000.0,7500.0,1626200.0,1000.0,0,0,0,0,0,0,0,0
,,,,,,156,2026-02-01 11:37:30.016569,WNTR,26.58,26.58,26.75,2500.0,1811600.0,2000.0,2500.0,1944600.0,,0,0,0,0,0,0,0,0
2.0,1.0,1.0,,Aggregate Position Limit,Your CRO has set the aggregate position limit to 10000 shares for this week.,157,2026-02-01 11:37:31.057066,SPNG,23.51,23.44,23.51,15000.0,1499600.0,2000.0,1625300.0,7500.0,2000.0,0,0,0,0,0,0,0,0
1.0,1.0,1.0,,Welcome to the RITC 2026 Alogithmic Market Making Case - practice server,,157,2026-02-01 11:37:31.057066,SMMR,24.91,24.91,24.92,7500.0,1808300.0,,2030000.0,2500.0,,0,0,0,0,0,0,0,0
,,,,,,157,2026-02-01 11:37:31.057066,ATMN,25.38,25.38,25.57,2500.0,1784600.0,2000.0,1688000.0,2500.0,2000.0,0,0,0,0,0,0,0,0
,,,,,,157,2026-02-01 11:37:31.057066,WNTR,26.41,26.56,26.63,2500.0,1709000.0,2000.0,1767200.0,2500.0,2000.0,0,0,0,0,0,0,0,0
2.0,1.0,1.0,,Aggregate Position Limit,Your CRO has set the aggregate position limit to 10000 shares for this week.,158,2026-02-01 11:37:32.096980,SPNG,23.75,23.44,23.75,15000.0,1485000.0,2000.0,1594400.0,3000.0,5000.0,0,0,0,0,0,0,0,0
1.0,1.0,1.0,,Welcome to the RITC 2026 Alogithmic Market Making Case - practice server,,158,2026-02-01 11:37:32.096980,SMMR,24.9,24.81,24.9,5000.0,1801500.0,1000.0,2037700.0,,2500.0,0,0,0,0,0,0,0,0
,,,,,,158,2026-02-01 11:37:32.096980,ATMN,25.38,25.54,25.57,2500.0,1757100.0,2000.0,1688000.0,2000.0,2500.0,0,0,0,0,0,0,0,0
,,,,,,158,2026-02-01 11:37:32.096980,WNTR,26.55,26.55,26.63,,1923100.0,2000.0,1669500.0,2000.0,5000.0,0,0,0,0,0,0,0,0
2.0,1.0,1.0,,Aggregate Position Limit,Your CRO has set the aggregate position limit to 10000 shares for this week.,159,2026-02-01 11:37:33.136794,SPNG,23.35,23.35,23.6,1621800.0,3000.0,10000.0,1597400.0,7500.0,2000.0,0,0,0,0,0,0,0,0
1.0,1.0,1.0,,Welcome to the RITC 2026 Alogithmic Market Making Case - practice server,,159,2026-02-01 11:37:33.136794,SMMR,24.9,24.84,24.89,1830700.0,,7500.0,1725300.0,5000.0,2000.0,0,0,0,0,0,0,0,0
,,,,,,159,2026-02-01 11:37:33.136794,ATMN,25.38,25.54,25.57,1651300.0,3000.0,2500.0,1597500.0,2500.0,3000.0,0,0,0,0,0,0,0,0
,,,,,,159,2026-02-01 11:37:33.136794,WNTR,26.55,26.56,26.62,1923100.0,1000.0,2500.0,1564700.0,7500.0,2000.0,0,0,0,0,0,0,0,0
2.0,1.0,1.0,,Aggregate Position Limit,Your CRO has set the aggregate position limit to 10000 shares for this week.,160,2026-02-01 11:37:34.162500,SPNG,23.6,23.37,23.6,1708900.0,2000.0,10000.0,1597400.0,7500.0,2000.0,0,0,0,0,0,0,0,0
1.0,1.0,1.0,,Welcome to the RITC 2026 Alogithmic Market Making Case - practice server,,160,2026-02-01 11:37:34.162500,SMMR,24.9,24.9,24.92,1941200.0,,5000.0,1827900.0,2500.0,2000.0,0,0,0,0,0,0,0,0
,,,,,,160,2026-02-01 11:37:34.162500,ATMN,25.47,25.47,25.6,1664200.0,3000.0,2500.0,1714700.0,2500.0,2000.0,0,0,0,0,0,0,0,0
,,,,,,160,2026-02-01 11:37:34.162500,WNTR,26.62,26.56,26.62,1703000.0,3000.0,2500.0,1659300.0,7500.0,1000.0,0,0,0,0,0,0,0,0
2.0,1.0,1.0,,Aggregate Position Limit,Your CRO has set the aggregate position limit to 10000 shares for this week.,161,2026-02-01 11:37:35.182282,SPNG,23.6,23.38,23.59,12500.0,1541700.0,2000.0,10000.0,1431100.0,3000.0,0,0,0,0,0,0,0,0
1.0,1.0,1.0,,Welcome to the RITC 2026 Alogithmic Market Making Case - practice server,,161,2026-02-01 11:37:35.182282,SMMR,24.92,24.9,24.92,5000.0,1982700.0,,2500.0,1934800.0,1000.0,0,0,0,0,0,0,0,0
,,,,,,161,2026-02-01 11:37:35.182282,ATMN,25.6,25.64,25.77,2500.0,1696500.0,3000.0,2500.0,1688000.0,2000.0,0,0,0,0,0,0,0,0
,,,,,,161,2026-02-01 11:37:35.182282,WNTR,26.63,26.49,26.63,,1899200.0,2000.0,5000.0,1644100.0,2000.0,0,0,0,0,0,0,0,0
2.0,1.0,1.0,,Aggregate Position Limit,Your CRO has set the aggregate position limit to 10000 shares for this week.,162,2026-02-01 11:37:36.202091,SPNG,23.6,23.82,23.99,15000.0,1498700.0,1000.0,7500.0,1471700.0,3000.0,0,0,0,0,0,0,0,0
1.0,1.0,1.0,,Welcome to the RITC 2026 Alogithmic Market Making Case - practice server,,162,2026-02-01 11:37:36.202091,SMMR,24.96,24.91,24.96,5000.0,1982700.0,,2500.0,1703900.0,3000.0,0,0,0,0,0,0,0,0
,,,,,,162,2026-02-01 11:37:36.202091,ATMN,25.4,25.46,25.75,2500.0,1726600.0,2000.0,2500.0,1795100.0,1000.0,0,0,0,0,0,0,0,0
,,,,,,162,2026-02-01 11:37:36.202091,WNTR,26.68,26.5,26.52,2500.0,1899200.0,1000.0,2500.0,1766300.0,2000.0,0,0,0,0,0,0,0,0
2.0,1.0,1.0,,Aggregate Position Limit,Your CRO has set the aggregate position limit to 10000 shares for this week.,163,2026-02-01 11:37:37.226704,SPNG,23.37,23.37,23.56,1641900.0,2000.0,10000.0,1468500.0,10000.0,3000.0,0,0,0,0,0,0,0,0
1.0,1.0,1.0,,Welcome to the RITC 2026 Alogithmic Market Making Case - practice server,,163,2026-02-01 11:37:37.226704,SMMR,25.03,24.91,25.03,1965500.0,,5000.0,1822700.0,,3000.0,0,0,0,0,0,0,0,0
,,,,,,163,2026-02-01 11:37:37.226704,ATMN,25.75,25.76,25.77,1774500.0,2000.0,2500.0,1688000.0,2500.0,2000.0,0,0,0,0,0,0,0,0
,,,,,,163,2026-02-01 11:37:37.226704,WNTR,26.28,26.28,26.55,1613800.0,1000.0,,1573200.0,5000.0,3000.0,0,0,0,0,0,0,0,0
2.0,1.0,1.0,,Aggregate Position Limit,Your CRO has set the aggregate position limit to 10000 shares for this week.,164,2026-02-01 11:37:38.257016,SPNG,24.24,23.38,23.55,12500.0,1392700.0,3000.0,5000.0,1569400.0,,0,0,0,0,0,0,0,0
1.0,1.0,1.0,,Welcome to the RITC 2026 Alogithmic Market Making Case - practice server,,164,2026-02-01 11:37:38.257016,SMMR,24.9,24.9,25.02,5000.0,1964100.0,,2500.0,1807400.0,2000.0,0,0,0,0,0,0,0,0
,,,,,,164,2026-02-01 11:37:38.257016,ATMN,25.64,25.54,25.63,5000.0,1750400.0,1000.0,5000.0,1707000.0,1000.0,0,0,0,0,0,0,0,0
,,,,,,164,2026-02-01 11:37:38.257016,WNTR,26.65,26.45,26.54,2500.0,1617500.0,,5000.0,1580200.0,3000.0,0,0,0,0,0,0,0,0
