news_id,period,tick,ticker,headline,body,tick,timestamp,ticker,last_price,bid_price,ask_price,BUY_ANON,SELL_ANON,SELL_LUIS-3,BUY_LUIS-3,SELL_CALG-1,BUY_CALG-1,SELL_LUIS-2,BUY_LUIS-2
2.0,1.0,1.0,,Aggregate Position Limit,Your CRO has set the aggregate position limit to 13000 shares for this week.,1,2026-02-01 08:08:18.284636,SPNG,24.83,24.83,25.15,2245600.0,1931300.0,0,0,0,0,0,0
1.0,1.0,1.0,,Welcome to the RITC 2026 Alogithmic Market Making Case - practice server,,1,2026-02-01 08:08:18.284636,SMMR,25.04,24.87,25.04,1594200.0,2047900.0,0,0,0,0,0,0
,,,,,,1,2026-02-01 08:08:18.284636,ATMN,24.67,24.67,25.17,1851900.0,2207200.0,0,0,0,0,0,0
,,,,,,1,2026-02-01 08:08:18.284636,WNTR,25.05,25.05,25.07,1930500.0,2129700.0,0,0,0,0,0,0
2.0,1.0,1.0,,Aggregate Position Limit,Your CRO has set the aggregate position limit to 13000 shares for this week.,2,2026-02-01 08:08:19.309443,SPNG,25.15,25.48,26.03,2274000.0,1806400.0,0,0,0,0,0,0
1.0,1.0,1.0,,Welcome to the RITC 2026 Alogithmic Market Making Case - practice server,,2,2026-02-01 08:08:19.309443,SMMR,25.04,24.87,24.95,1594200.0,2046400.0,0,0,0,0,0,0
,,,,,,2,2026-02-01 08:08:19.309443,ATMN,24.67,24.67,24.81,2098600.0,2193800.0,0,0,0,0,0,0
,,,,,,2,2026-02-01 08:08:19.309443,WNTR,25.01,24.86,24.98,1914400.0,2135700.0,0,0,0,0,0,0
2.0,1.0,1.0,,Aggregate Position Limit,Your CRO has set the aggregate position limit to 13000 shares for this week.,3,2026-02-01 08:08:20.344848,SPNG,25.48,25.48,25.61,2274000.0,1995000.0,0,0,0,0,0,0
1.0,1.0,1.0,,Welcome to the RITC 2026 Alogithmic Market Making Case - practice server,,3,2026-02-01 08:08:20.344848,SMMR,24.95,25.02,25.04,1787000.0,2043200.0,0,0,0,0,0,0
,,,,,,3,2026-02-01 08:08:20.344848,ATMN,24.67,24.67,24.81,2109200.0,2193800.0,0,0,0,0,0,0
,,,,,,3,2026-02-01 08:08:20.344848,WNTR,25.07,24.92,25.07,2123100.0,2136400.0,0,0,0,0,0,0
2.0,1.0,1.0,,Aggregate Position Limit,Your CRO has set the aggregate position limit to 13000 shares for this week.,4,2026-02-01 08:08:21.379074,SPNG,25.61,24.4,25.27,2263800.0,2123100.0,0,0,0,0,0,0
1.0,1.0,1.0,,Welcome to the RITC 2026 Alogithmic Market Making Case - practice server,,4,2026-02-01 08:08:21.379074,SMMR,25.02,25.0,25.02,1805400.0,2063300.0,0,0,0,0,0,0
,,,,,,4,2026-02-01 08:08:21.379074,ATMN,24.81,24.67,24.81,2106500.0,2193800.0,0,0,0,0,0,0
,,,,,,4,2026-02-01 08:08:21.379074,WNTR,24.86,24.95,25.07,2140300.0,2136400.0,0,0,0,0,0,0
2.0,1.0,1.0,,Aggregate Position Limit,Your CRO has set the aggregate position limit to 13000 shares for this week.,5,2026-02-01 08:08:22.402957,SPNG,24.34,24.5,25.27,2257700.0,2123100.0,0,0,0,0,0,0
1.0,1.0,1.0,,Welcome to the RITC 2026 Alogithmic Market Making Case - practice server,,5,2026-02-01 08:08:22.402957,SMMR,24.87,24.88,25.02,1924900.0,2063300.0,0,0,0,0,0,0
,,,,,,5,2026-02-01 08:08:22.402957,ATMN,24.94,24.67,24.9,2089200.0,2227100.0,0,0,0,0,0,0
,,,,,,5,2026-02-01 08:08:22.402957,WNTR,24.95,24.95,25.07,2150200.0,2158400.0,0,0,0,0,0,0
2.0,1.0,1.0,,Aggregate Position Limit,Your CRO has set the aggregate position limit to 13000 shares for this week.,6,2026-02-01 08:08:23.424554,SPNG,24.34,25.02,25.27,2278100.0,2341000.0,0,0,0,0,0,0
1.0,1.0,1.0,,Welcome to the RITC 2026 Alogithmic Market Making Case - practice server,,6,2026-02-01 08:08:23.424554,SMMR,24.87,24.89,25.02,2122200.0,2063300.0,0,0,0,0,0,0
,,,,,,6,2026-02-01 08:08:23.424554,ATMN,25.17,24.89,25.17,2089500.0,2214800.0,0,0,0,0,0,0
,,,,,,6,2026-02-01 08:08:23.424554,WNTR,25.04,24.95,24.97,2193300.0,2152000.0,0,0,0,0,0,0
2.0,1.0,1.0,,Aggregate Position Limit,Your CRO has set the aggregate position limit to 13000 shares for this week.,7,2026-02-01 08:08:24.444788,SPNG,24.5,24.5,25.27,2257700.0,2298300.0,0,0,0,0,0,0
1.0,1.0,1.0,,Welcome to the RITC 2026 Alogithmic Market Making Case - practice server,,7,2026-02-01 08:08:24.444788,SMMR,24.94,24.89,24.94,2118500.0,2078200.0,0,0,0,0,0,0
,,,,,,7,2026-02-01 08:08:24.444788,ATMN,24.67,24.67,25.17,2089200.0,2222800.0,0,0,0,0,0,0
,,,,,,7,2026-02-01 08:08:24.444788,WNTR,25.07,24.86,25.07,2161100.0,2158400.0,0,0,0,0,0,0
2.0,1.0,1.0,,Aggregate Position Limit,Your CRO has set the aggregate position limit to 13000 shares for this week.,8,2026-02-01 08:08:25.484611,SPNG,25.27,24.5,25.27,2257700.0,2298300.0,0,0,0,0,0,0
1.0,1.0,1.0,,Welcome to the RITC 2026 Alogithmic Market Making Case - practice server,,8,2026-02-01 08:08:25.484611,SMMR,24.88,24.88,25.02,2098100.0,2063300.0,0,0,0,0,0,0
,,,,,,8,2026-02-01 08:08:25.484611,ATMN,25.19,25.04,25.19,2092000.0,2196500.0,0,0,0,0,0,0
,,,,,,8,2026-02-01 08:08:25.484611,WNTR,24.85,24.85,24.99,2184000.0,2153000.0,0,0,0,0,0,0
2.0,1.0,1.0,,Aggregate Position Limit,Your CRO has set the aggregate position limit to 13000 shares for this week.,9,2026-02-01 08:08:26.513059,SPNG,25.12,25.12,25.27,2258600.0,2291900.0,0,0,0,0,0,0
1.0,1.0,1.0,,Welcome to the RITC 2026 Alogithmic Market Making Case - practice server,,9,2026-02-01 08:08:26.513059,SMMR,24.88,24.99,25.02,2099200.0,2092900.0,0,0,0,0,0,0
,,,,,,9,2026-02-01 08:08:26.513059,ATMN,25.04,24.67,25.03,2089200.0,2190100.0,0,0,0,0,0,0
,,,,,,9,2026-02-01 08:08:26.513059,WNTR,24.99,24.84,24.99,2200200.0,2153000.0,0,0,0,0,0,0
2.0,1.0,1.0,,Aggregate Position Limit,Your CRO has set the aggregate position limit to 13000 shares for this week.,10,2026-02-01 08:08:27.530979,SPNG,25.12,24.5,24.75,2257700.0,2222100.0,0,0,0,0,0,0
1.0,1.0,1.0,,Welcome to the RITC 2026 Alogithmic Market Making Case - practice server,,10,2026-02-01 08:08:27.530979,SMMR,25.03,24.99,25.03,2099200.0,2053800.0,0,0,0,0,0,0
,,,,,,10,2026-02-01 08:08:27.530979,ATMN,25.16,25.03,25.16,2112000.0,2161700.0,0,0,0,0,0,0
,,,,,,10,2026-02-01 08:08:27.530979,WNTR,24.84,24.84,24.93,2203600.0,2130800.0,0,0,0,0,0,0
2.0,1.0,1.0,,Aggregate Position Limit,Your CRO has set the aggregate position limit to 13000 shares for this week.,11,2026-02-01 08:08:28.566772,SPNG,24.5,24.5,25.27,2257700.0,2234000.0,0,0,0,0,0,0
1.0,1.0,1.0,,Welcome to the RITC 2026 Alogithmic Market Making Case - practice server,,11,2026-02-01 08:08:28.566772,SMMR,24.88,24.88,25.04,2098100.0,2019800.0,0,0,0,0,0,0
,,,,,,11,2026-02-01 08:08:28.566772,ATMN,25.19,25.03,25.19,2135000.0,2157800.0,0,0,0,0,0,0
,,,,,,11,2026-02-01 08:08:28.566772,WNTR,24.99,24.98,24.99,2145900.0,2153000.0,0,0,0,0,0,0
2.0,1.0,1.0,,Aggregate Position Limit,Your CRO has set the aggregate position limit to 13000 shares for this week.,12,2026-02-01 08:08:29.591485,SPNG,24.83,24.5,24.83,2262300.0,2244600.0,0,0,0,0,0,0
1.0,1.0,1.0,,Welcome to the RITC 2026 Alogithmic Market Making Case - practice server,,12,2026-02-01 08:08:29.591485,SMMR,24.88,24.96,25.04,2025200.0,2019800.0,0,0,0,0,0,0
,,,,,,12,2026-02-01 08:08:29.591485,ATMN,24.94,24.94,25.19,2123100.0,2170200.0,0,0,0,0,0,0
,,,,,,12,2026-02-01 08:08:29.591485,WNTR,25.09,24.88,25.09,2181200.0,2159800.0,0,0,0,0,0,0
2.0,1.0,1.0,,Aggregate Position Limit,Your CRO has set the aggregate position limit to 13000 shares for this week.,13,2026-02-01 08:08:30.623284,SPNG,25.28,25.34,25.39,2272100.0,2232200.0,0,0,0,0,0,0
1.0,1.0,1.0,,Welcome to the RITC 2026 Alogithmic Market Making Case - practice server,,13,2026-02-01 08:08:30.623284,SMMR,24.91,24.91,25.04,2047900.0,2014700.0,0,0,0,0,0,0
,,,,,,13,2026-02-01 08:08:30.623284,ATMN,25.2,25.13,25.2,2169400.0,2166400.0,0,0,0,0,0,0
,,,,,,13,2026-02-01 08:08:30.623284,WNTR,24.88,24.86,24.87,2168000.0,2154700.0,0,0,0,0,0,0
2.0,1.0,1.0,,Aggregate Position Limit,Your CRO has set the aggregate position limit to 13000 shares for this week.,14,2026-02-01 08:08:31.644539,SPNG,24.86,24.77,24.86,2249800.0,2220700.0,0,0,0,0,0,0
1.0,1.0,1.0,,Welcome to the RITC 2026 Alogithmic Market Making Case - practice server,,14,2026-02-01 08:08:31.644539,SMMR,24.91,24.98,25.04,2071000.0,2029800.0,0,0,0,0,0,0
,,,,,,14,2026-02-01 08:08:31.644539,ATMN,25.13,25.13,25.17,2169400.0,2165300.0,0,0,0,0,0,0
,,,,,,14,2026-02-01 08:08:31.644539,WNTR,24.88,24.86,24.87,2172200.0,2178800.0,0,0,0,0,0,0
2.0,1.0,1.0,,Aggregate Position Limit,Your CRO has set the aggregate position limit to 13000 shares for this week.,15,2026-02-01 08:08:32.663386,SPNG,24.86,25.33,25.35,2238100.0,2213300.0,0,0,0,0,0,0
1.0,1.0,1.0,,Welcome to the RITC 2026 Alogithmic Market Making Case - practice server,,15,2026-02-01 08:08:32.663386,SMMR,25.05,24.98,25.05,2071000.0,2056100.0,0,0,0,0,0,0
,,,,,,15,2026-02-01 08:08:32.663386,ATMN,25.25,25.13,25.25,2173200.0,2133400.0,0,0,0,0,0,0
,,,,,,15,2026-02-01 08:08:32.663386,WNTR,24.93,24.86,24.93,2194000.0,2163100.0,0,0,0,0,0,0
2.0,1.0,1.0,,Aggregate Position Limit,Your CRO has set the aggregate position limit to 13000 shares for this week.,16,2026-02-01 08:08:33.694759,SPNG,25.35,24.78,25.35,2254500.0,2213300.0,0,0,0,0,0,0
1.0,1.0,1.0,,Welcome to the RITC 2026 Alogithmic Market Making Case - practice server,,16,2026-02-01 08:08:33.694759,SMMR,24.91,24.91,25.06,2047900.0,2025900.0,0,0,0,0,0,0
,,,,,,16,2026-02-01 08:08:33.694759,ATMN,25.25,25.13,25.22,2173200.0,2156200.0,0,0,0,0,0,0
,,,,,,16,2026-02-01 08:08:33.694759,WNTR,24.93,24.96,25.09,2192100.0,2143100.0,0,0,0,0,0,0
2.0,1.0,1.0,,Aggregate Position Limit,Your CRO has set the aggregate position limit to 13000 shares for this week.,17,2026-02-01 08:08:34.725151,SPNG,25.35,24.78,25.0,2239600.0,2199400.0,0,0,0,0,0,0
1.0,1.0,1.0,,Welcome to the RITC 2026 Alogithmic Market Making Case - practice server,,17,2026-02-01 08:08:34.725151,SMMR,25.09,24.91,25.09,2047900.0,2015000.0,0,0,0,0,0,0
,,,,,,17,2026-02-01 08:08:34.725151,ATMN,25.13,25.13,25.22,2162000.0,2114500.0,0,0,0,0,0,0
,,,,,,17,2026-02-01 08:08:34.725151,WNTR,24.86,24.86,24.92,2194000.0,2161700.0,0,0,0,0,0,0
2.0,1.0,1.0,,Aggregate Position Limit,Your CRO has set the aggregate position limit to 13000 shares for this week.,18,2026-02-01 08:08:35.738024,SPNG,25.39,24.78,25.39,2230300.0,2217600.0,0,0,0,0,0,0
1.0,1.0,1.0,,Welcome to the RITC 2026 Alogithmic Market Making Case - practice server,,18,2026-02-01 08:08:35.738024,SMMR,24.88,25.02,25.09,2044800.0,2015000.0,0,0,0,0,0,0
,,,,,,18,2026-02-01 08:08:35.738024,ATMN,24.84,24.91,25.24,2106900.0,2146600.0,0,0,0,0,0,0
,,,,,,18,2026-02-01 08:08:35.738024,WNTR,24.92,24.9,24.92,2211600.0,2161700.0,0,0,0,0,0,0
2.0,1.0,1.0,,Aggregate Position Limit,Your CRO has set the aggregate position limit to 13000 shares for this week.,19,2026-02-01 08:08:36.755789,SPNG,25.04,25.04,25.18,2259000.0,2223000.0,0,0,0,0,0,0
1.0,1.0,1.0,,Welcome to the RITC 2026 Alogithmic Market Making Case - practice server,,19,2026-02-01 08:08:36.755789,SMMR,24.88,25.02,25.09,2044800.0,2047500.0,0,0,0,0,0,0
,,,,,,19,2026-02-01 08:08:36.755789,ATMN,25.25,25.03,25.25,2108400.0,2155900.0,0,0,0,0,0,0
,,,,,,19,2026-02-01 08:08:36.755789,WNTR,25.09,24.9,25.09,2209000.0,2154500.0,0,0,0,0,0,0
2.0,1.0,1.0,,Aggregate Position Limit,Your CRO has set the aggregate position limit to 13000 shares for this week.,20,2026-02-01 08:08:37.774782,SPNG,24.95,24.95,25.18,2238000.0,2223000.0,0,0,0,0,0,0
1.0,1.0,1.0,,Welcome to the RITC 2026 Alogithmic Market Making Case - practice server,,20,2026-02-01 08:08:37.774782,SMMR,25.02,24.9,24.94,2052100.0,2028200.0,0,0,0,0,0,0
,,,,,,20,2026-02-01 08:08:37.774782,ATMN,25.25,25.2,25.25,2134400.0,2155900.0,0,0,0,0,0,0
,,,,,,20,2026-02-01 08:08:37.774782,WNTR,24.9,24.9,24.94,2209000.0,2162600.0,0,0,0,0,0,0
2.0,1.0,1.0,,Aggregate Position Limit,Your CRO has set the aggregate position limit to 13000 shares for this week.,22,2026-02-01 08:08:38.814763,SPNG,24.77,24.77,25.39,2236900.0,2217600.0,0,0,0,0,0,0
1.0,1.0,1.0,,Welcome to the RITC 2026 Alogithmic Market Making Case - practice server,,22,2026-02-01 08:08:38.814763,SMMR,25.11,24.93,25.11,2018000.0,2034100.0,0,0,0,0,0,0
,,,,,,22,2026-02-01 08:08:38.814763,ATMN,25.05,25.05,25.22,2111200.0,2142600.0,0,0,0,0,0,0
,,,,,,22,2026-02-01 08:08:38.814763,WNTR,24.94,25.04,25.06,2204000.0,2173600.0,0,0,0,0,0,0
2.0,1.0,1.0,,Aggregate Position Limit,Your CRO has set the aggregate position limit to 13000 shares for this week.,22,2026-02-01 08:08:39.848329,SPNG,24.63,24.63,25.39,2258200.0,2232800.0,0,0,0,0,0,0
1.0,1.0,1.0,,Welcome to the RITC 2026 Alogithmic Market Making Case - practice server,,22,2026-02-01 08:08:39.848329,SMMR,25.06,24.93,25.06,2047300.0,2056900.0,0,0,0,0,0,0
,,,,,,22,2026-02-01 08:08:39.848329,ATMN,25.22,25.17,25.22,2124700.0,2142600.0,0,0,0,0,0,0
,,,,,,22,2026-02-01 08:08:39.848329,WNTR,24.94,24.94,25.06,2212400.0,2161100.0,0,0,0,0,0,0
2.0,1.0,1.0,,Aggregate Position Limit,Your CRO has set the aggregate position limit to 13000 shares for this week.,24,2026-02-01 08:08:40.909288,SPNG,24.63,24.63,25.42,2258200.0,2214200.0,0,0,0,0,0,0
1.0,1.0,1.0,,Welcome to the RITC 2026 Alogithmic Market Making Case - practice server,,24,2026-02-01 08:08:40.909288,SMMR,25.06,24.93,25.06,2047300.0,2056900.0,0,0,0,0,0,0
,,,,,,24,2026-02-01 08:08:40.909288,ATMN,25.05,25.05,25.07,2144300.0,2173000.0,0,0,0,0,0,0
,,,,,,24,2026-02-01 08:08:40.909288,WNTR,24.87,24.87,25.06,2155500.0,2170200.0,0,0,0,0,0,0
2.0,1.0,1.0,,Aggregate Position Limit,Your CRO has set the aggregate position limit to 13000 shares for this week.,25,2026-02-01 08:08:41.943312,SPNG,25.48,24.63,25.48,2258200.0,2224600.0,0,0,0,0,0,0
1.0,1.0,1.0,,Welcome to the RITC 2026 Alogithmic Market Making Case - practice server,,25,2026-02-01 08:08:41.943312,SMMR,25.11,24.93,25.11,2046600.0,2029900.0,0,0,0,0,0,0
,,,,,,25,2026-02-01 08:08:41.943312,ATMN,25.3,25.32,25.34,2150000.0,2189000.0,0,0,0,0,0,0
,,,,,,25,2026-02-01 08:08:41.943312,WNTR,24.87,24.87,24.91,2186900.0,2167900.0,0,0,0,0,0,0
2.0,1.0,1.0,,Aggregate Position Limit,Your CRO has set the aggregate position limit to 13000 shares for this week.,26,2026-02-01 08:08:42.983342,SPNG,25.06,24.71,24.96,2248100.0,2199400.0,0,0,0,0,0,0
1.0,1.0,1.0,,Welcome to the RITC 2026 Alogithmic Market Making Case - practice server,,26,2026-02-01 08:08:42.983342,SMMR,24.93,24.93,25.05,2069400.0,2028200.0,0,0,0,0,0,0
,,,,,,26,2026-02-01 08:08:42.983342,ATMN,25.32,25.05,25.21,2150000.0,2149500.0,0,0,0,0,0,0
,,,,,,26,2026-02-01 08:08:42.983342,WNTR,24.87,24.87,25.09,2186900.0,2155000.0,0,0,0,0,0,0
2.0,1.0,1.0,,Aggregate Position Limit,Your CRO has set the aggregate position limit to 13000 shares for this week.,27,2026-02-01 08:08:44.012088,SPNG,25.48,24.86,25.42,2241300.0,2225600.0,0,0,0,0,0,0
1.0,1.0,1.0,,Welcome to the RITC 2026 Alogithmic Market Making Case - practice server,,27,2026-02-01 08:08:44.012088,SMMR,24.93,24.93,24.98,2069400.0,2060700.0,0,0,0,0,0,0
,,,,,,27,2026-02-01 08:08:44.012088,ATMN,25.32,25.16,25.21,2112400.0,2149500.0,0,0,0,0,0,0
,,,,,,27,2026-02-01 08:08:44.012088,WNTR,24.86,24.86,25.06,2193500.0,2098000.0,0,0,0,0,0,0
2.0,1.0,1.0,,Aggregate Position Limit,Your CRO has set the aggregate position limit to 13000 shares for this week.,28,2026-02-01 08:08:45.032499,SPNG,24.86,24.86,25.35,2241300.0,2209500.0,0,0,0,0,0,0
1.0,1.0,1.0,,Welcome to the RITC 2026 Alogithmic Market Making Case - practice server,,28,2026-02-01 08:08:45.032499,SMMR,25.02,24.93,25.02,2074800.0,2067400.0,0,0,0,0,0,0
,,,,,,28,2026-02-01 08:08:45.032499,ATMN,25.32,25.16,25.21,2103400.0,2149500.0,0,0,0,0,0,0
,,,,,,28,2026-02-01 08:08:45.032499,WNTR,25.08,24.86,25.06,2193500.0,2108900.0,0,0,0,0,0,0
2.0,1.0,1.0,,Aggregate Position Limit,Your CRO has set the aggregate position limit to 13000 shares for this week.,29,2026-02-01 08:08:46.069558,SPNG,24.86,24.86,24.95,2262900.0,2203900.0,0,0,0,0,0,0
1.0,1.0,1.0,,Welcome to the RITC 2026 Alogithmic Market Making Case - practice server,,29,2026-02-01 08:08:46.069558,SMMR,25.01,25.01,25.02,2106000.0,2056700.0,0,0,0,0,0,0
,,,,,,29,2026-02-01 08:08:46.069558,ATMN,25.34,25.16,25.22,2103400.0,2184100.0,0,0,0,0,0,0
,,,,,,29,2026-02-01 08:08:46.069558,WNTR,25.08,24.87,25.06,2186000.0,2108900.0,0,0,0,0,0,0
2.0,1.0,1.0,,Aggregate Position Limit,Your CRO has set the aggregate position limit to 13000 shares for this week.,30,2026-02-01 08:08:47.092054,SPNG,24.95,25.04,25.35,2263300.0,2193000.0,0,0,0,0,0,0
1.0,1.0,1.0,,Welcome to the RITC 2026 Alogithmic Market Making Case - practice server,,30,2026-02-01 08:08:47.092054,SMMR,24.92,24.92,25.02,2088700.0,2038100.0,0,0,0,0,0,0
,,,,,,30,2026-02-01 08:08:47.092054,ATMN,25.12,25.12,25.21,2122700.0,2189500.0,0,0,0,0,0,0
,,,,,,30,2026-02-01 08:08:47.092054,WNTR,25.14,24.87,25.14,2186000.0,2099500.0,0,0,0,0,0,0
2.0,1.0,1.0,,Aggregate Position Limit,Your CRO has set the aggregate position limit to 13000 shares for this week.,31,2026-02-01 08:08:48.124921,SPNG,24.95,25.04,25.29,2263300.0,2179500.0,0,0,0,0,0,0
1.0,1.0,1.0,,Welcome to the RITC 2026 Alogithmic Market Making Case - practice server,,31,2026-02-01 08:08:48.124921,SMMR,25.02,24.92,25.02,2081200.0,2038100.0,0,0,0,0,0,0
,,,,,,31,2026-02-01 08:08:48.124921,ATMN,25.22,25.12,25.22,2107300.0,2184100.0,0,0,0,0,0,0
,,,,,,31,2026-02-01 08:08:48.124921,WNTR,24.98,24.98,25.07,2156400.0,2115400.0,0,0,0,0,0,0
2.0,1.0,1.0,,Aggregate Position Limit,Your CRO has set the aggregate position limit to 13000 shares for this week.,32,2026-02-01 08:08:49.154779,SPNG,24.79,24.79,25.31,2259500.0,2182600.0,0,0,0,0,0,0
1.0,1.0,1.0,,Welcome to the RITC 2026 Alogithmic Market Making Case - practice server,,32,2026-02-01 08:08:49.154779,SMMR,25.05,24.98,25.05,2119000.0,2045100.0,0,0,0,0,0,0
,,,,,,32,2026-02-01 08:08:49.154779,ATMN,25.05,25.05,25.19,2098700.0,2203300.0,0,0,0,0,0,0
,,,,,,32,2026-02-01 08:08:49.154779,WNTR,24.98,24.98,25.0,2156400.0,2167400.0,0,0,0,0,0,0
2.0,1.0,1.0,,Aggregate Position Limit,Your CRO has set the aggregate position limit to 13000 shares for this week.,33,2026-02-01 08:08:50.174869,SPNG,24.79,25.12,25.31,2275200.0,2178300.0,0,0,0,0,0,0
1.0,1.0,1.0,,Welcome to the RITC 2026 Alogithmic Market Making Case - practice server,,33,2026-02-01 08:08:50.174869,SMMR,24.98,24.98,25.05,2057300.0,2060700.0,0,0,0,0,0,0
,,,,,,33,2026-02-01 08:08:50.174869,ATMN,25.19,25.29,25.34,2141200.0,2215400.0,0,0,0,0,0,0
,,,,,,33,2026-02-01 08:08:50.174869,WNTR,24.84,24.84,25.0,2181600.0,2167400.0,0,0,0,0,0,0
2.0,1.0,1.0,,Aggregate Position Limit,Your CRO has set the aggregate position limit to 13000 shares for this week.,34,2026-02-01 08:08:51.193272,SPNG,24.79,25.11,25.31,2241700.0,2184000.0,0,0,0,0,0,0
1.0,1.0,1.0,,Welcome to the RITC 2026 Alogithmic Market Making Case - practice server,,34,2026-02-01 08:08:51.193272,SMMR,24.92,24.92,25.07,2102400.0,2076700.0,0,0,0,0,0,0
,,,,,,34,2026-02-01 08:08:51.193272,ATMN,25.19,25.29,25.34,2141200.0,2179200.0,0,0,0,0,0,0
,,,,,,34,2026-02-01 08:08:51.193272,WNTR,24.84,24.8,24.81,2215900.0,2167800.0,0,0,0,0,0,0
2.0,1.0,1.0,,Aggregate Position Limit,Your CRO has set the aggregate position limit to 13000 shares for this week.,35,2026-02-01 08:08:52.244488,SPNG,24.79,25.11,25.31,2241700.0,2154400.0,0,0,0,0,0,0
1.0,1.0,1.0,,Welcome to the RITC 2026 Alogithmic Market Making Case - practice server,,35,2026-02-01 08:08:52.244488,SMMR,24.92,24.98,25.07,2069900.0,2044600.0,0,0,0,0,0,0
,,,,,,35,2026-02-01 08:08:52.244488,ATMN,25.34,25.04,25.34,2121700.0,2179200.0,0,0,0,0,0,0
,,,,,,35,2026-02-01 08:08:52.244488,WNTR,24.81,24.93,25.0,2166600.0,2192600.0,0,0,0,0,0,0
2.0,1.0,1.0,,Aggregate Position Limit,Your CRO has set the aggregate position limit to 13000 shares for this week.,36,2026-02-01 08:08:53.284684,SPNG,25.11,24.79,25.05,2259500.0,2176600.0,0,0,0,0,0,0
1.0,1.0,1.0,,Welcome to the RITC 2026 Alogithmic Market Making Case - practice server,,36,2026-02-01 08:08:53.284684,SMMR,24.98,24.98,25.07,2069900.0,2044600.0,0,0,0,0,0,0
,,,,,,36,2026-02-01 08:08:53.284684,ATMN,25.34,25.38,25.42,2121300.0,2168200.0,0,0,0,0,0,0
,,,,,,36,2026-02-01 08:08:53.284684,WNTR,25.0,24.82,25.0,2143700.0,2192600.0,0,0,0,0,0,0
2.0,1.0,1.0,,Aggregate Position Limit,Your CRO has set the aggregate position limit to 13000 shares for this week.,37,2026-02-01 08:08:54.315258,SPNG,25.32,24.81,25.32,2268700.0,2134700.0,0,0,0,0,0,0
1.0,1.0,1.0,,Welcome to the RITC 2026 Alogithmic Market Making Case - practice server,,37,2026-02-01 08:08:54.315258,SMMR,25.07,24.98,25.07,2069900.0,2063200.0,0,0,0,0,0,0
,,,,,,37,2026-02-01 08:08:54.315258,ATMN,25.02,25.02,25.25,2154000.0,2194200.0,0,0,0,0,0,0
,,,,,,37,2026-02-01 08:08:54.315258,WNTR,24.8,24.8,24.85,2177600.0,2189800.0,0,0,0,0,0,0
2.0,1.0,1.0,,Aggregate Position Limit,Your CRO has set the aggregate position limit to 13000 shares for this week.,38,2026-02-01 08:08:55.334504,SPNG,25.32,24.81,25.32,2248500.0,2134700.0,0,0,0,0,0,0
1.0,1.0,1.0,,Welcome to the RITC 2026 Alogithmic Market Making Case - practice server,,38,2026-02-01 08:08:55.334504,SMMR,25.12,24.98,25.12,2069900.0,2018300.0,0,0,0,0,0,0
,,,,,,38,2026-02-01 08:08:55.334504,ATMN,25.02,25.02,25.11,2165400.0,2216000.0,0,0,0,0,0,0
,,,,,,38,2026-02-01 08:08:55.334504,WNTR,24.8,24.8,24.85,2177600.0,2176100.0,0,0,0,0,0,0
2.0,1.0,1.0,,Aggregate Position Limit,Your CRO has set the aggregate position limit to 13000 shares for this week.,39,2026-02-01 08:08:56.358484,SPNG,25.32,24.92,25.2,2225500.0,2149500.0,0,0,0,0,0,0
1.0,1.0,1.0,,Welcome to the RITC 2026 Alogithmic Market Making Case - practice server,,39,2026-02-01 08:08:56.358484,SMMR,24.92,24.92,25.12,2082100.0,2018300.0,0,0,0,0,0,0
,,,,,,39,2026-02-01 08:08:56.358484,ATMN,25.11,24.99,25.11,2170600.0,2216000.0,0,0,0,0,0,0
,,,,,,39,2026-02-01 08:08:56.358484,WNTR,24.8,24.76,24.79,2164800.0,2133100.0,0,0,0,0,0,0
2.0,1.0,1.0,,Aggregate Position Limit,Your CRO has set the aggregate position limit to 13000 shares for this week.,40,2026-02-01 08:08:57.386792,SPNG,25.35,25.38,25.42,2194200.0,2168300.0,0,0,0,0,0,0
1.0,1.0,1.0,,Welcome to the RITC 2026 Alogithmic Market Making Case - practice server,,40,2026-02-01 08:08:57.386792,SMMR,25.05,25.05,25.12,2103700.0,2052600.0,0,0,0,0,0,0
,,,,,,40,2026-02-01 08:08:57.386792,ATMN,25.25,25.07,25.12,2166100.0,2181500.0,0,0,0,0,0,0
,,,,,,40,2026-02-01 08:08:57.386792,WNTR,24.8,24.76,24.79,2193200.0,2138500.0,0,0,0,0,0,0
2.0,1.0,1.0,,Aggregate Position Limit,Your CRO has set the aggregate position limit to 13000 shares for this week.,41,2026-02-01 08:08:58.408831,SPNG,25.38,24.92,25.16,2238700.0,2117100.0,0,0,0,0,0,0
1.0,1.0,1.0,,Welcome to the RITC 2026 Alogithmic Market Making Case - practice server,,41,2026-02-01 08:08:58.408831,SMMR,25.14,25.15,25.16,2088400.0,2061300.0,0,0,0,0,0,0
,,,,,,41,2026-02-01 08:08:58.408831,ATMN,25.12,25.24,25.25,2184800.0,2178200.0,0,0,0,0,0,0
,,,,,,41,2026-02-01 08:08:58.408831,WNTR,24.75,24.77,24.79,2204600.0,2162600.0,0,0,0,0,0,0
2.0,1.0,1.0,,Aggregate Position Limit,Your CRO has set the aggregate position limit to 13000 shares for this week.,42,2026-02-01 08:08:59.425446,SPNG,24.81,24.81,25.42,2269400.0,2094000.0,0,0,0,0,0,0
1.0,1.0,1.0,,Welcome to the RITC 2026 Alogithmic Market Making Case - practice server,,42,2026-02-01 08:08:59.425446,SMMR,25.15,25.05,25.09,2103700.0,2017200.0,0,0,0,0,0,0
,,,,,,42,2026-02-01 08:08:59.425446,ATMN,25.02,25.12,25.25,2200200.0,2178200.0,0,0,0,0,0,0
,,,,,,42,2026-02-01 08:08:59.425446,WNTR,24.85,24.77,24.85,2183700.0,2189900.0,0,0,0,0,0,0
2.0,1.0,1.0,,Aggregate Position Limit,Your CRO has set the aggregate position limit to 13000 shares for this week.,43,2026-02-01 08:09:00.445038,SPNG,25.42,24.97,25.42,2260700.0,2089900.0,0,0,0,0,0,0
1.0,1.0,1.0,,Welcome to the RITC 2026 Alogithmic Market Making Case - practice server,,43,2026-02-01 08:09:00.445038,SMMR,25.15,25.05,25.09,2103700.0,2035000.0,0,0,0,0,0,0
,,,,,,43,2026-02-01 08:09:00.445038,ATMN,24.93,24.93,25.25,2182800.0,2178200.0,0,0,0,0,0,0
,,,,,,43,2026-02-01 08:09:00.445038,WNTR,24.77,24.75,24.76,2184800.0,2165500.0,0,0,0,0,0,0
2.0,1.0,1.0,,Aggregate Position Limit,Your CRO has set the aggregate position limit to 13000 shares for this week.,44,2026-02-01 08:09:01.462638,SPNG,25.44,25.07,25.44,2263600.0,2090000.0,0,0,0,0,0,0
1.0,1.0,1.0,,Welcome to the RITC 2026 Alogithmic Market Making Case - practice server,,44,2026-02-01 08:09:01.462638,SMMR,24.96,24.92,24.96,2082100.0,2029000.0,0,0,0,0,0,0
,,,,,,44,2026-02-01 08:09:01.462638,ATMN,24.92,24.92,25.14,2206200.0,2184000.0,0,0,0,0,0,0
,,,,,,44,2026-02-01 08:09:01.462638,WNTR,24.85,24.75,24.76,2158100.0,2165300.0,0,0,0,0,0,0
2.0,1.0,1.0,,Aggregate Position Limit,Your CRO has set the aggregate position limit to 13000 shares for this week.,45,2026-02-01 08:09:02.485725,SPNG,24.97,24.97,25.2,2275800.0,2082400.0,0,0,0,0,0,0
1.0,1.0,1.0,,Welcome to the RITC 2026 Alogithmic Market Making Case - practice server,,45,2026-02-01 08:09:02.485725,SMMR,24.96,24.99,25.09,2044500.0,2029100.0,0,0,0,0,0,0
,,,,,,45,2026-02-01 08:09:02.485725,ATMN,24.87,24.87,25.26,2177200.0,2178200.0,0,0,0,0,0,0
,,,,,,45,2026-02-01 08:09:02.485725,WNTR,24.73,24.73,24.76,2146800.0,2175100.0,0,0,0,0,0,0
2.0,1.0,1.0,,Aggregate Position Limit,Your CRO has set the aggregate position limit to 13000 shares for this week.,46,2026-02-01 08:09:03.514603,SPNG,25.2,24.97,25.2,2282300.0,2054200.0,0,0,0,0,0,0
1.0,1.0,1.0,,Welcome to the RITC 2026 Alogithmic Market Making Case - practice server,,46,2026-02-01 08:09:03.514603,SMMR,25.02,25.02,25.09,2048900.0,2029100.0,0,0,0,0,0,0
,,,,,,46,2026-02-01 08:09:03.514603,ATMN,24.84,24.84,24.85,2181600.0,2183200.0,0,0,0,0,0,0
,,,,,,46,2026-02-01 08:09:03.514603,WNTR,24.73,24.73,24.76,2154400.0,2156600.0,0,0,0,0,0,0
2.0,1.0,1.0,,Aggregate Position Limit,Your CRO has set the aggregate position limit to 13000 shares for this week.,47,2026-02-01 08:09:04.534547,SPNG,25.54,24.97,25.31,2282300.0,2094500.0,0,0,0,0,0,0
1.0,1.0,1.0,,Welcome to the RITC 2026 Alogithmic Market Making Case - practice server,,47,2026-02-01 08:09:04.534547,SMMR,24.99,24.98,24.99,2051100.0,2014300.0,0,0,0,0,0,0
,,,,,,47,2026-02-01 08:09:04.534547,ATMN,24.84,24.84,24.85,2186100.0,2183400.0,0,0,0,0,0,0
,,,,,,47,2026-02-01 08:09:04.534547,WNTR,24.7,24.7,24.79,2136000.0,2177700.0,0,0,0,0,0,0
2.0,1.0,1.0,,Aggregate Position Limit,Your CRO has set the aggregate position limit to 13000 shares for this week.,48,2026-02-01 08:09:05.564524,SPNG,25.54,24.97,25.54,2319200.0,2125300.0,0,0,0,0,0,0
1.0,1.0,1.0,,Welcome to the RITC 2026 Alogithmic Market Making Case - practice server,,48,2026-02-01 08:09:05.564524,SMMR,24.98,24.98,25.05,2051100.0,2012500.0,0,0,0,0,0,0
,,,,,,48,2026-02-01 08:09:05.564524,ATMN,24.84,24.84,24.98,2186100.0,2173100.0,0,0,0,0,0,0
,,,,,,48,2026-02-01 08:09:05.564524,WNTR,24.69,24.69,24.7,2133400.0,2169200.0,0,0,0,0,0,0
2.0,1.0,1.0,,Aggregate Position Limit,Your CRO has set the aggregate position limit to 13000 shares for this week.,49,2026-02-01 08:09:06.583280,SPNG,24.81,24.81,25.49,2294200.0,2082000.0,0,0,0,0,0,0
1.0,1.0,1.0,,Welcome to the RITC 2026 Alogithmic Market Making Case - practice server,,49,2026-02-01 08:09:06.583280,SMMR,25.05,25.05,25.09,2030800.0,2006800.0,0,0,0,0,0,0
,,,,,,49,2026-02-01 08:09:06.583280,ATMN,24.98,25.0,25.26,2171900.0,2172200.0,0,0,0,0,0,0
,,,,,,49,2026-02-01 08:09:06.583280,WNTR,24.7,24.68,24.7,2166100.0,2162300.0,0,0,0,0,0,0
2.0,1.0,1.0,,Aggregate Position Limit,Your CRO has set the aggregate position limit to 13000 shares for this week.,50,2026-02-01 08:09:07.608518,SPNG,24.81,24.9,25.49,2313900.0,2082000.0,0,0,0,0,0,0
1.0,1.0,1.0,,Welcome to the RITC 2026 Alogithmic Market Making Case - practice server,,50,2026-02-01 08:09:07.608518,SMMR,25.09,24.98,25.09,2018200.0,2006800.0,0,0,0,0,0,0
,,,,,,50,2026-02-01 08:09:07.608518,ATMN,25.26,25.0,25.26,2171900.0,2167200.0,0,0,0,0,0,0
,,,,,,50,2026-02-01 08:09:07.608518,WNTR,24.84,24.68,24.84,2167600.0,2165200.0,0,0,0,0,0,0
2.0,1.0,1.0,,Aggregate Position Limit,Your CRO has set the aggregate position limit to 13000 shares for this week.,51,2026-02-01 08:09:08.641870,SPNG,24.81,24.9,25.0,2332900.0,2061700.0,0,0,0,0,0,0
1.0,1.0,1.0,,Welcome to the RITC 2026 Alogithmic Market Making Case - practice server,,51,2026-02-01 08:09:08.641870,SMMR,24.98,24.92,24.95,2043800.0,2034500.0,0,0,0,0,0,0
,,,,,,51,2026-02-01 08:09:08.641870,ATMN,24.71,24.71,25.26,2167900.0,2177700.0,0,0,0,0,0,0
,,,,,,51,2026-02-01 08:09:08.641870,WNTR,24.67,24.67,24.73,2157700.0,2143200.0,0,0,0,0,0,0
2.0,1.0,1.0,,Aggregate Position Limit,Your CRO has set the aggregate position limit to 13000 shares for this week.,52,2026-02-01 08:09:09.716301,SPNG,25.42,24.9,25.3,2332900.0,2056900.0,0,0,0,0,0,0
1.0,1.0,1.0,,Welcome to the RITC 2026 Alogithmic Market Making Case - practice server,,52,2026-02-01 08:09:09.716301,SMMR,25.1,24.92,25.1,1990100.0,2006100.0,0,0,0,0,0,0
,,,,,,52,2026-02-01 08:09:09.716301,ATMN,24.71,24.99,25.19,2164500.0,2151500.0,0,0,0,0,0,0
,,,,,,52,2026-02-01 08:09:09.716301,WNTR,24.84,24.67,24.84,2110900.0,2165200.0,0,0,0,0,0,0
2.0,1.0,1.0,,Aggregate Position Limit,Your CRO has set the aggregate position limit to 13000 shares for this week.,53,2026-02-01 08:09:10.824837,SPNG,24.9,24.89,24.9,2333400.0,2079900.0,0,0,0,0,0,0
1.0,1.0,1.0,,Welcome to the RITC 2026 Alogithmic Market Making Case - practice server,,53,2026-02-01 08:09:10.824837,SMMR,25.02,24.92,25.0,2014400.0,2047700.0,0,0,0,0,0,0
,,,,,,53,2026-02-01 08:09:10.824837,ATMN,24.99,24.83,24.91,2185400.0,2195500.0,0,0,0,0,0,0
,,,,,,53,2026-02-01 08:09:10.824837,WNTR,24.79,24.79,24.83,2110900.0,2159700.0,0,0,0,0,0,0
2.0,1.0,1.0,,Aggregate Position Limit,Your CRO has set the aggregate position limit to 13000 shares for this week.,54,2026-02-01 08:09:11.856495,SPNG,24.9,25.24,25.3,2332700.0,2065500.0,0,0,0,0,0,0
1.0,1.0,1.0,,Welcome to the RITC 2026 Alogithmic Market Making Case - practice server,,54,2026-02-01 08:09:11.856495,SMMR,24.9,24.9,25.0,2063700.0,2047700.0,0,0,0,0,0,0
,,,,,,54,2026-02-01 08:09:11.856495,ATMN,25.07,24.83,24.94,2150500.0,2196200.0,0,0,0,0,0,0
,,,,,,54,2026-02-01 08:09:11.856495,WNTR,24.83,24.83,24.84,2132200.0,2155400.0,0,0,0,0,0,0
2.0,1.0,1.0,,Aggregate Position Limit,Your CRO has set the aggregate position limit to 13000 shares for this week.,55,2026-02-01 08:09:12.894884,SPNG,24.9,25.24,25.3,2332700.0,2079400.0,0,0,0,0,0,0
1.0,1.0,1.0,,Welcome to the RITC 2026 Alogithmic Market Making Case - practice server,,55,2026-02-01 08:09:12.894884,SMMR,25.0,24.9,25.0,2045200.0,2047700.0,0,0,0,0,0,0
,,,,,,55,2026-02-01 08:09:12.894884,ATMN,24.94,24.83,24.94,2153400.0,2196200.0,0,0,0,0,0,0
,,,,,,55,2026-02-01 08:09:12.894884,WNTR,24.66,24.69,24.7,2154100.0,2183800.0,0,0,0,0,0,0
2.0,1.0,1.0,,Aggregate Position Limit,Your CRO has set the aggregate position limit to 13000 shares for this week.,56,2026-02-01 08:09:13.918570,SPNG,25.24,24.89,25.07,2345700.0,2095400.0,0,0,0,0,0,0
1.0,1.0,1.0,,Welcome to the RITC 2026 Alogithmic Market Making Case - practice server,,56,2026-02-01 08:09:13.918570,SMMR,25.0,24.96,25.0,2021000.0,2047700.0,0,0,0,0,0,0
,,,,,,56,2026-02-01 08:09:13.918570,ATMN,25.07,25.18,25.19,2163300.0,2148500.0,0,0,0,0,0,0
,,,,,,56,2026-02-01 08:09:13.918570,WNTR,24.7,24.81,24.84,2143800.0,2201200.0,0,0,0,0,0,0
2.0,1.0,1.0,,Aggregate Position Limit,Your CRO has set the aggregate position limit to 13000 shares for this week.,57,2026-02-01 08:09:14.946082,SPNG,25.07,24.89,25.07,2311900.0,2109700.0,0,0,0,0,0,0
1.0,1.0,1.0,,Welcome to the RITC 2026 Alogithmic Market Making Case - practice server,,57,2026-02-01 08:09:14.946082,SMMR,25.0,24.96,24.99,2021000.0,2068900.0,0,0,0,0,0,0
,,,,,,57,2026-02-01 08:09:14.946082,ATMN,24.71,24.71,25.18,2160400.0,2136300.0,0,0,0,0,0,0
,,,,,,57,2026-02-01 08:09:14.946082,WNTR,24.7,24.81,24.84,2143800.0,2218400.0,0,0,0,0,0,0
2.0,1.0,1.0,,Aggregate Position Limit,Your CRO has set the aggregate position limit to 13000 shares for this week.,58,2026-02-01 08:09:15.966187,SPNG,25.08,24.89,25.01,2311900.0,2079500.0,0,0,0,0,0,0
1.0,1.0,1.0,,Welcome to the RITC 2026 Alogithmic Market Making Case - practice server,,58,2026-02-01 08:09:15.966187,SMMR,25.0,24.96,24.99,1987400.0,2071200.0,0,0,0,0,0,0
,,,,,,58,2026-02-01 08:09:15.966187,ATMN,25.19,24.67,25.19,2135900.0,2140900.0,0,0,0,0,0,0
,,,,,,58,2026-02-01 08:09:15.966187,WNTR,24.81,24.81,24.84,2143800.0,2149100.0,0,0,0,0,0,0
2.0,1.0,1.0,,Aggregate Position Limit,Your CRO has set the aggregate position limit to 13000 shares for this week.,59,2026-02-01 08:09:17.004603,SPNG,25.01,25.21,25.3,2318900.0,2075500.0,0,0,0,0,0,0
1.0,1.0,1.0,,Welcome to the RITC 2026 Alogithmic Market Making Case - practice server,,59,2026-02-01 08:09:17.004603,SMMR,24.99,24.99,25.0,1990500.0,2047700.0,0,0,0,0,0,0
,,,,,,59,2026-02-01 08:09:17.004603,ATMN,24.67,25.08,25.19,2117100.0,2140900.0,0,0,0,0,0,0
,,,,,,59,2026-02-01 08:09:17.004603,WNTR,24.81,24.69,24.73,2154400.0,2134500.0,0,0,0,0,0,0
2.0,1.0,1.0,,Aggregate Position Limit,Your CRO has set the aggregate position limit to 13000 shares for this week.,60,2026-02-01 08:09:18.038928,SPNG,25.01,25.99,26.57,964100.0,869000.0,0,0,0,0,0,0
1.0,1.0,1.0,,Welcome to the RITC 2026 Alogithmic Market Making Case - practice server,,60,2026-02-01 08:09:18.038928,SMMR,24.99,24.83,24.84,853500.0,984800.0,0,0,0,0,0,0
,,,,,,60,2026-02-01 08:09:18.038928,ATMN,25.9,25.06,25.38,1138300.0,764200.0,0,0,0,0,0,0
,,,,,,60,2026-02-01 08:09:18.038928,WNTR,24.66,24.63,24.71,929300.0,971700.0,0,0,0,0,0,0
2.0,1.0,1.0,,Aggregate Position Limit,Your CRO has set the aggregate position limit to 13000 shares for this week.,61,2026-02-01 08:09:19.070173,SPNG,25.99,25.99,26.28,977900.0,1112000.0,0,0,0,0,0,0
1.0,1.0,1.0,,Welcome to the RITC 2026 Alogithmic Market Making Case - practice server,,61,2026-02-01 08:09:19.070173,SMMR,24.99,24.83,24.84,976500.0,1199300.0,0,0,0,0,0,0
,,,,,,61,2026-02-01 08:09:19.070173,ATMN,26.05,25.06,26.05,1369800.0,762200.0,0,0,0,0,0,0
,,,,,,61,2026-02-01 08:09:19.070173,WNTR,24.66,24.63,24.68,929300.0,1237200.0,0,0,0,0,0,0
2.0,1.0,1.0,,Aggregate Position Limit,Your CRO has set the aggregate position limit to 13000 shares for this week.,63,2026-02-01 08:09:20.106411,SPNG,25.65,25.65,26.28,1107900.0,1112000.0,0,0,0,0,0,0
1.0,1.0,1.0,,Welcome to the RITC 2026 Alogithmic Market Making Case - practice server,,63,2026-02-01 08:09:20.106411,SMMR,24.86,24.83,24.86,876500.0,1095100.0,0,0,0,0,0,0
,,,,,,63,2026-02-01 08:09:20.106411,ATMN,26.05,25.84,26.05,1564700.0,868500.0,0,0,0,0,0,0
,,,,,,63,2026-02-01 08:09:20.106411,WNTR,24.66,24.63,24.68,929300.0,1661600.0,0,0,0,0,0,0
2.0,1.0,1.0,,Aggregate Position Limit,Your CRO has set the aggregate position limit to 13000 shares for this week.,64,2026-02-01 08:09:21.134632,SPNG,25.4,25.4,25.96,1105300.0,1226000.0,0,0,0,0,0,0
1.0,1.0,1.0,,Welcome to the RITC 2026 Alogithmic Market Making Case - practice server,,64,2026-02-01 08:09:21.134632,SMMR,24.83,24.83,24.87,876500.0,1059600.0,0,0,0,0,0,0
,,,,,,64,2026-02-01 08:09:21.134632,ATMN,25.06,25.54,26.05,1720400.0,868500.0,0,0,0,0,0,0
,,,,,,64,2026-02-01 08:09:21.134632,WNTR,24.69,24.63,24.69,924200.0,1781500.0,0,0,0,0,0,0
2.0,1.0,1.0,,Aggregate Position Limit,Your CRO has set the aggregate position limit to 13000 shares for this week.,65,2026-02-01 08:09:22.168055,SPNG,25.96,25.87,25.96,1221900.0,1226000.0,0,0,0,0,0,0
1.0,1.0,1.0,,Welcome to the RITC 2026 Alogithmic Market Making Case - practice server,,65,2026-02-01 08:09:22.168055,SMMR,24.82,24.82,24.87,1000800.0,1059600.0,0,0,0,0,0,0
,,,,,,65,2026-02-01 08:09:22.168055,ATMN,25.54,25.68,26.05,1959800.0,868500.0,0,0,0,0,0,0
,,,,,,65,2026-02-01 08:09:22.168055,WNTR,24.7,24.67,24.7,1166300.0,1695600.0,0,0,0,0,0,0
2.0,1.0,1.0,,Aggregate Position Limit,Your CRO has set the aggregate position limit to 13000 shares for this week.,66,2026-02-01 08:09:23.191630,SPNG,26.28,26.35,26.41,1326200.0,1081400.0,0,0,0,0,0,0
1.0,1.0,1.0,,Welcome to the RITC 2026 Alogithmic Market Making Case - practice server,,66,2026-02-01 08:09:23.191630,SMMR,24.89,24.82,24.86,1000800.0,1160900.0,0,0,0,0,0,0
,,,,,,66,2026-02-01 08:09:23.191630,ATMN,25.17,25.33,26.05,1971600.0,868500.0,0,0,0,0,0,0
,,,,,,66,2026-02-01 08:09:23.191630,WNTR,24.63,24.63,24.71,1055300.0,1688400.0,0,0,0,0,0,0
2.0,1.0,1.0,,Aggregate Position Limit,Your CRO has set the aggregate position limit to 13000 shares for this week.,67,2026-02-01 08:09:24.223833,SPNG,26.35,25.87,26.25,1221900.0,1382800.0,0,0,0,0,0,0
1.0,1.0,1.0,,Welcome to the RITC 2026 Alogithmic Market Making Case - practice server,,67,2026-02-01 08:09:24.223833,SMMR,24.85,24.85,24.86,1229200.0,1160900.0,0,0,0,0,0,0
,,,,,,67,2026-02-01 08:09:24.223833,ATMN,26.13,25.33,26.13,1971600.0,756000.0,0,0,0,0,0,0
,,,,,,67,2026-02-01 08:09:24.223833,WNTR,24.63,24.48,24.54,1146700.0,1908500.0,0,0,0,0,0,0
2.0,1.0,1.0,,Aggregate Position Limit,Your CRO has set the aggregate position limit to 13000 shares for this week.,68,2026-02-01 08:09:25.246789,SPNG,25.87,25.87,26.1,1221900.0,1569400.0,0,0,0,0,0,0
1.0,1.0,1.0,,Welcome to the RITC 2026 Alogithmic Market Making Case - practice server,,68,2026-02-01 08:09:25.246789,SMMR,24.93,24.87,24.93,1354000.0,1058800.0,0,0,0,0,0,0
,,,,,,68,2026-02-01 08:09:25.246789,ATMN,26.15,25.85,26.15,2181000.0,741600.0,0,0,0,0,0,0
,,,,,,68,2026-02-01 08:09:25.246789,WNTR,24.4,24.4,24.67,1054100.0,1904200.0,0,0,0,0,0,0
2.0,1.0,1.0,,Aggregate Position Limit,Your CRO has set the aggregate position limit to 13000 shares for this week.,69,2026-02-01 08:09:26.266746,SPNG,25.87,25.51,25.71,1337200.0,1692200.0,0,0,0,0,0,0
1.0,1.0,1.0,,Welcome to the RITC 2026 Alogithmic Market Making Case - practice server,,69,2026-02-01 08:09:26.266746,SMMR,25.0,24.78,25.0,1008500.0,866400.0,0,0,0,0,0,0
,,,,,,69,2026-02-01 08:09:26.266746,ATMN,25.85,25.33,25.54,2089200.0,1048600.0,0,0,0,0,0,0
,,,,,,69,2026-02-01 08:09:26.266746,WNTR,24.67,24.5,24.67,1232200.0,1993900.0,0,0,0,0,0,0
2.0,1.0,1.0,,Aggregate Position Limit,Your CRO has set the aggregate position limit to 13000 shares for this week.,70,2026-02-01 08:09:27.324574,SPNG,25.87,25.51,25.71,1762600.0,1692200.0,0,0,0,0,0,0
1.0,1.0,1.0,,Welcome to the RITC 2026 Alogithmic Market Making Case - practice server,,70,2026-02-01 08:09:27.324574,SMMR,24.83,24.95,25.0,988400.0,866400.0,0,0,0,0,0,0
,,,,,,70,2026-02-01 08:09:27.324574,ATMN,25.53,25.53,26.05,2178900.0,1036400.0,0,0,0,0,0,0
,,,,,,70,2026-02-01 08:09:27.324574,WNTR,24.76,24.49,24.6,1253700.0,1883100.0,0,0,0,0,0,0
2.0,1.0,1.0,,Aggregate Position Limit,Your CRO has set the aggregate position limit to 13000 shares for this week.,71,2026-02-01 08:09:28.354764,SPNG,25.87,25.51,25.71,2093000.0,1692200.0,0,0,0,0,0,0
1.0,1.0,1.0,,Welcome to the RITC 2026 Alogithmic Market Making Case - practice server,,71,2026-02-01 08:09:28.354764,SMMR,24.76,24.71,24.75,969400.0,974500.0,0,0,0,0,0,0
,,,,,,71,2026-02-01 08:09:28.354764,ATMN,26.05,25.85,26.05,2407100.0,1036400.0,0,0,0,0,0,0
,,,,,,71,2026-02-01 08:09:28.354764,WNTR,24.59,24.59,24.76,1488000.0,1782000.0,0,0,0,0,0,0
2.0,1.0,1.0,,Aggregate Position Limit,Your CRO has set the aggregate position limit to 13000 shares for this week.,72,2026-02-01 08:09:29.384823,SPNG,25.51,25.51,26.1,2093000.0,1569400.0,0,0,0,0,0,0
1.0,1.0,1.0,,Welcome to the RITC 2026 Alogithmic Market Making Case - practice server,,72,2026-02-01 08:09:29.384823,SMMR,24.75,24.78,25.0,1299500.0,866400.0,0,0,0,0,0,0
,,,,,,72,2026-02-01 08:09:29.384823,ATMN,26.14,25.85,26.14,2348600.0,1051100.0,0,0,0,0,0,0
,,,,,,72,2026-02-01 08:09:29.384823,WNTR,24.76,24.59,24.76,1615700.0,1696300.0,0,0,0,0,0,0
2.0,1.0,1.0,,Aggregate Position Limit,Your CRO has set the aggregate position limit to 13000 shares for this week.,73,2026-02-01 08:09:30.414575,SPNG,26.19,25.51,25.59,2311300.0,1582500.0,0,0,0,0,0,0
1.0,1.0,1.0,,Welcome to the RITC 2026 Alogithmic Market Making Case - practice server,,73,2026-02-01 08:09:30.414575,SMMR,24.75,24.78,24.79,1528700.0,967300.0,0,0,0,0,0,0
,,,,,,73,2026-02-01 08:09:30.414575,ATMN,25.86,25.85,25.86,2348600.0,1169000.0,0,0,0,0,0,0
,,,,,,73,2026-02-01 08:09:30.414575,WNTR,24.59,24.59,24.63,1615700.0,1807000.0,0,0,0,0,0,0
2.0,1.0,1.0,,Aggregate Position Limit,Your CRO has set the aggregate position limit to 13000 shares for this week.,74,2026-02-01 08:09:31.434900,SPNG,26.41,25.51,26.41,2302400.0,1363400.0,0,0,0,0,0,0
1.0,1.0,1.0,,Welcome to the RITC 2026 Alogithmic Market Making Case - practice server,,74,2026-02-01 08:09:31.434900,SMMR,24.72,24.72,25.0,1405000.0,962900.0,0,0,0,0,0,0
,,,,,,74,2026-02-01 08:09:31.434900,ATMN,26.22,25.85,26.15,2348600.0,1041100.0,0,0,0,0,0,0
,,,,,,74,2026-02-01 08:09:31.434900,WNTR,24.53,24.53,24.73,1491100.0,1889200.0,0,0,0,0,0,0
2.0,1.0,1.0,,Aggregate Position Limit,Your CRO has set the aggregate position limit to 13000 shares for this week.,75,2026-02-01 08:09:32.483524,SPNG,26.51,25.94,26.33,2289500.0,1332700.0,0,0,0,0,0,0
1.0,1.0,1.0,,Welcome to the RITC 2026 Alogithmic Market Making Case - practice server,,75,2026-02-01 08:09:32.483524,SMMR,24.72,24.93,24.98,1616300.0,1178000.0,0,0,0,0,0,0
,,,,,,75,2026-02-01 08:09:32.483524,ATMN,25.79,25.79,25.8,2298900.0,1136400.0,0,0,0,0,0,0
,,,,,,75,2026-02-01 08:09:32.483524,WNTR,24.52,24.52,24.73,1669900.0,1800100.0,0,0,0,0,0,0
2.0,1.0,1.0,,Aggregate Position Limit,Your CRO has set the aggregate position limit to 13000 shares for this week.,76,2026-02-01 08:09:33.526960,SPNG,25.94,25.51,25.7,2281900.0,1650900.0,0,0,0,0,0,0
1.0,1.0,1.0,,Welcome to the RITC 2026 Alogithmic Market Making Case - practice server,,76,2026-02-01 08:09:33.526960,SMMR,24.98,24.93,24.97,1725900.0,1408600.0,0,0,0,0,0,0
,,,,,,76,2026-02-01 08:09:33.526960,ATMN,25.88,25.53,25.63,2406300.0,1136300.0,0,0,0,0,0,0
,,,,,,76,2026-02-01 08:09:33.526960,WNTR,24.54,24.59,24.61,1788800.0,1917400.0,0,0,0,0,0,0
2.0,1.0,1.0,,Aggregate Position Limit,Your CRO has set the aggregate position limit to 13000 shares for this week.,77,2026-02-01 08:09:34.572280,SPNG,25.94,25.51,25.7,2204200.0,1650900.0,0,0,0,0,0,0
1.0,1.0,1.0,,Welcome to the RITC 2026 Alogithmic Market Making Case - practice server,,77,2026-02-01 08:09:34.572280,SMMR,24.97,24.93,24.97,1825200.0,1408600.0,0,0,0,0,0,0
,,,,,,77,2026-02-01 08:09:34.572280,ATMN,25.88,25.61,25.63,2281800.0,1136300.0,0,0,0,0,0,0
,,,,,,77,2026-02-01 08:09:34.572280,WNTR,24.61,24.67,24.76,2152400.0,1800100.0,0,0,0,0,0,0
2.0,1.0,1.0,,Aggregate Position Limit,Your CRO has set the aggregate position limit to 13000 shares for this week.,78,2026-02-01 08:09:35.594509,SPNG,25.7,26.2,26.21,2192900.0,1751900.0,0,0,0,0,0,0
1.0,1.0,1.0,,Welcome to the RITC 2026 Alogithmic Market Making Case - practice server,,78,2026-02-01 08:09:35.594509,SMMR,24.87,24.82,24.86,1625800.0,1517900.0,0,0,0,0,0,0
,,,,,,78,2026-02-01 08:09:35.594509,ATMN,26.23,25.61,26.02,2277800.0,1024800.0,0,0,0,0,0,0
,,,,,,78,2026-02-01 08:09:35.594509,WNTR,24.61,24.67,24.76,2152400.0,2018200.0,0,0,0,0,0,0
2.0,1.0,1.0,,Aggregate Position Limit,Your CRO has set the aggregate position limit to 13000 shares for this week.,79,2026-02-01 08:09:36.625648,SPNG,25.98,25.51,25.94,2204200.0,1842400.0,0,0,0,0,0,0
1.0,1.0,1.0,,Welcome to the RITC 2026 Alogithmic Market Making Case - practice server,,79,2026-02-01 08:09:36.625648,SMMR,24.87,24.82,24.86,1832600.0,1639400.0,0,0,0,0,0,0
,,,,,,79,2026-02-01 08:09:36.625648,ATMN,26.02,25.97,26.02,2247700.0,1123400.0,0,0,0,0,0,0
,,,,,,79,2026-02-01 08:09:36.625648,WNTR,24.67,24.67,24.72,2152400.0,2027600.0,0,0,0,0,0,0
2.0,1.0,1.0,,Aggregate Position Limit,Your CRO has set the aggregate position limit to 13000 shares for this week.,80,2026-02-01 08:09:37.674475,SPNG,26.14,26.14,26.21,2215100.0,1751900.0,0,0,0,0,0,0
1.0,1.0,1.0,,Welcome to the RITC 2026 Alogithmic Market Making Case - practice server,,80,2026-02-01 08:09:37.674475,SMMR,24.87,24.82,24.87,2014500.0,1530100.0,0,0,0,0,0,0
,,,,,,80,2026-02-01 08:09:37.674475,ATMN,25.99,25.99,26.02,2226400.0,1226200.0,0,0,0,0,0,0
,,,,,,80,2026-02-01 08:09:37.674475,WNTR,24.72,24.67,24.72,2251200.0,2049200.0,0,0,0,0,0,0
2.0,1.0,1.0,,Aggregate Position Limit,Your CRO has set the aggregate position limit to 13000 shares for this week.,81,2026-02-01 08:09:38.689956,SPNG,25.46,26.11,26.21,2176300.0,1858200.0,0,0,0,0,0,0
1.0,1.0,1.0,,Welcome to the RITC 2026 Alogithmic Market Making Case - practice server,,81,2026-02-01 08:09:38.689956,SMMR,24.87,24.92,24.97,2156400.0,1408600.0,0,0,0,0,0,0
,,,,,,81,2026-02-01 08:09:38.689956,ATMN,26.15,25.61,26.15,2277800.0,1225400.0,0,0,0,0,0,0
,,,,,,81,2026-02-01 08:09:38.689956,WNTR,24.72,24.7,24.72,2169600.0,2049200.0,0,0,0,0,0,0
2.0,1.0,1.0,,Aggregate Position Limit,Your CRO has set the aggregate position limit to 13000 shares for this week.,82,2026-02-01 08:09:39.704691,SPNG,26.11,25.46,25.68,2186000.0,1981500.0,0,0,0,0,0,0
1.0,1.0,1.0,,Welcome to the RITC 2026 Alogithmic Market Making Case - practice server,,82,2026-02-01 08:09:39.704691,SMMR,24.92,24.92,24.93,2148100.0,1528900.0,0,0,0,0,0,0
,,,,,,82,2026-02-01 08:09:39.704691,ATMN,26.26,25.61,26.26,2277800.0,1032000.0,0,0,0,0,0,0
,,,,,,82,2026-02-01 08:09:39.704691,WNTR,24.75,24.7,24.75,2155900.0,2061900.0,0,0,0,0,0,0
2.0,1.0,1.0,,Aggregate Position Limit,Your CRO has set the aggregate position limit to 13000 shares for this week.,83,2026-02-01 08:09:40.734468,SPNG,26.21,26.26,26.33,2190200.0,1837400.0,0,0,0,0,0,0
1.0,1.0,1.0,,Welcome to the RITC 2026 Alogithmic Market Making Case - practice server,,83,2026-02-01 08:09:40.734468,SMMR,24.81,24.81,24.85,2119200.0,1721500.0,0,0,0,0,0,0
,,,,,,83,2026-02-01 08:09:40.734468,ATMN,25.68,25.77,26.26,2248100.0,1032000.0,0,0,0,0,0,0
,,,,,,83,2026-02-01 08:09:40.734468,WNTR,24.67,24.59,24.63,2194600.0,2065400.0,0,0,0,0,0,0
2.0,1.0,1.0,,Aggregate Position Limit,Your CRO has set the aggregate position limit to 13000 shares for this week.,84,2026-02-01 08:09:41.779778,SPNG,26.26,25.46,26.14,2194700.0,1987200.0,0,0,0,0,0,0
1.0,1.0,1.0,,Welcome to the RITC 2026 Alogithmic Market Making Case - practice server,,84,2026-02-01 08:09:41.779778,SMMR,24.81,24.81,24.86,2119200.0,1630900.0,0,0,0,0,0,0
,,,,,,84,2026-02-01 08:09:41.779778,ATMN,25.68,25.77,26.02,2248100.0,1330300.0,0,0,0,0,0,0
,,,,,,84,2026-02-01 08:09:41.779778,WNTR,24.63,24.66,24.78,2197200.0,2043600.0,0,0,0,0,0,0
2.0,1.0,1.0,,Aggregate Position Limit,Your CRO has set the aggregate position limit to 13000 shares for this week.,85,2026-02-01 08:09:42.812930,SPNG,26.26,25.85,26.14,2253800.0,1987200.0,0,0,0,0,0,0
1.0,1.0,1.0,,Welcome to the RITC 2026 Alogithmic Market Making Case - practice server,,85,2026-02-01 08:09:42.812930,SMMR,24.81,24.81,24.84,2129600.0,1720100.0,0,0,0,0,0,0
,,,,,,85,2026-02-01 08:09:42.812930,ATMN,25.61,25.61,26.02,2250800.0,1449400.0,0,0,0,0,0,0
,,,,,,85,2026-02-01 08:09:42.812930,WNTR,24.66,24.52,24.55,2225300.0,2046300.0,0,0,0,0,0,0
2.0,1.0,1.0,,Aggregate Position Limit,Your CRO has set the aggregate position limit to 13000 shares for this week.,86,2026-02-01 08:09:43.835035,SPNG,26.26,25.87,26.14,2220500.0,1984900.0,0,0,0,0,0,0
1.0,1.0,1.0,,Welcome to the RITC 2026 Alogithmic Market Making Case - practice server,,86,2026-02-01 08:09:43.835035,SMMR,24.81,24.81,24.84,2141300.0,1720100.0,0,0,0,0,0,0
,,,,,,86,2026-02-01 08:09:43.835035,ATMN,25.61,25.61,25.76,2250800.0,1535700.0,0,0,0,0,0,0
,,,,,,86,2026-02-01 08:09:43.835035,WNTR,24.55,24.72,24.78,2155000.0,2044300.0,0,0,0,0,0,0
2.0,1.0,1.0,,Aggregate Position Limit,Your CRO has set the aggregate position limit to 13000 shares for this week.,87,2026-02-01 08:09:44.881243,SPNG,26.14,26.29,26.31,2243400.0,1993200.0,0,0,0,0,0,0
1.0,1.0,1.0,,Welcome to the RITC 2026 Alogithmic Market Making Case - practice server,,87,2026-02-01 08:09:44.881243,SMMR,24.93,24.81,24.93,2135800.0,1528900.0,0,0,0,0,0,0
,,,,,,87,2026-02-01 08:09:44.881243,ATMN,25.61,25.62,25.66,2235900.0,1878200.0,0,0,0,0,0,0
,,,,,,87,2026-02-01 08:09:44.881243,WNTR,24.7,24.7,24.77,2188800.0,2104800.0,0,0,0,0,0,0
2.0,1.0,1.0,,Aggregate Position Limit,Your CRO has set the aggregate position limit to 13000 shares for this week.,88,2026-02-01 08:09:45.914485,SPNG,26.29,26.21,26.23,2239400.0,1974000.0,0,0,0,0,0,0
1.0,1.0,1.0,,Welcome to the RITC 2026 Alogithmic Market Making Case - practice server,,88,2026-02-01 08:09:45.914485,SMMR,24.81,24.81,24.93,2116800.0,1528900.0,0,0,0,0,0,0
,,,,,,88,2026-02-01 08:09:45.914485,ATMN,25.76,25.62,25.76,2235900.0,1633200.0,0,0,0,0,0,0
,,,,,,88,2026-02-01 08:09:45.914485,WNTR,24.5,24.5,24.61,2220700.0,2108600.0,0,0,0,0,0,0
2.0,1.0,1.0,,Aggregate Position Limit,Your CRO has set the aggregate position limit to 13000 shares for this week.,89,2026-02-01 08:09:46.949296,SPNG,25.49,25.49,26.31,2224300.0,1993200.0,0,0,0,0,0,0
1.0,1.0,1.0,,Welcome to the RITC 2026 Alogithmic Market Making Case - practice server,,89,2026-02-01 08:09:46.949296,SMMR,24.81,24.88,24.93,2091900.0,1648000.0,0,0,0,0,0,0
,,,,,,89,2026-02-01 08:09:46.949296,ATMN,25.61,25.61,25.62,2260600.0,1746400.0,0,0,0,0,0,0
,,,,,,89,2026-02-01 08:09:46.949296,WNTR,24.77,24.59,24.77,2135200.0,2104800.0,0,0,0,0,0,0
2.0,1.0,1.0,,Aggregate Position Limit,Your CRO has set the aggregate position limit to 13000 shares for this week.,90,2026-02-01 08:09:47.979783,SPNG,25.49,25.91,26.06,2227200.0,2000700.0,0,0,0,0,0,0
1.0,1.0,1.0,,Welcome to the RITC 2026 Alogithmic Market Making Case - practice server,,90,2026-02-01 08:09:47.979783,SMMR,24.81,24.81,24.93,2086400.0,1607700.0,0,0,0,0,0,0
,,,,,,90,2026-02-01 08:09:47.979783,ATMN,25.61,25.61,25.62,2248100.0,1838600.0,0,0,0,0,0,0
,,,,,,90,2026-02-01 08:09:47.979783,WNTR,24.78,24.59,24.78,2135200.0,2080000.0,0,0,0,0,0,0
2.0,1.0,1.0,,Aggregate Position Limit,Your CRO has set the aggregate position limit to 13000 shares for this week.,91,2026-02-01 08:09:49.016784,SPNG,25.49,25.91,26.06,2227200.0,2063700.0,0,0,0,0,0,0
1.0,1.0,1.0,,Welcome to the RITC 2026 Alogithmic Market Making Case - practice server,,91,2026-02-01 08:09:49.016784,SMMR,25.01,24.95,25.01,2099500.0,1134300.0,0,0,0,0,0,0
,,,,,,91,2026-02-01 08:09:49.016784,ATMN,25.62,25.53,25.62,2239900.0,1838600.0,0,0,0,0,0,0
,,,,,,91,2026-02-01 08:09:49.016784,WNTR,24.79,24.59,24.79,2135200.0,2041100.0,0,0,0,0,0,0
2.0,1.0,1.0,,Aggregate Position Limit,Your CRO has set the aggregate position limit to 13000 shares for this week.,92,2026-02-01 08:09:50.045574,SPNG,25.49,25.91,26.06,2237000.0,2052600.0,0,0,0,0,0,0
1.0,1.0,1.0,,Welcome to the RITC 2026 Alogithmic Market Making Case - practice server,,92,2026-02-01 08:09:50.045574,SMMR,24.95,24.81,24.88,2131300.0,1352700.0,0,0,0,0,0,0
,,,,,,92,2026-02-01 08:09:50.045574,ATMN,25.62,25.69,25.76,2215100.0,1809100.0,0,0,0,0,0,0
,,,,,,92,2026-02-01 08:09:50.045574,WNTR,24.81,24.59,24.79,2135200.0,2090500.0,0,0,0,0,0,0
2.0,1.0,1.0,,Aggregate Position Limit,Your CRO has set the aggregate position limit to 13000 shares for this week.,93,2026-02-01 08:09:51.076593,SPNG,25.49,25.95,26.03,2225500.0,2090000.0,0,0,0,0,0,0
1.0,1.0,1.0,,Welcome to the RITC 2026 Alogithmic Market Making Case - practice server,,93,2026-02-01 08:09:51.076593,SMMR,24.88,25.0,25.01,2160800.0,1242300.0,0,0,0,0,0,0
,,,,,,93,2026-02-01 08:09:51.076593,ATMN,25.41,25.41,25.68,2241400.0,1938900.0,0,0,0,0,0,0
,,,,,,93,2026-02-01 08:09:51.076593,WNTR,24.59,24.59,24.68,2117900.0,2071300.0,0,0,0,0,0,0
2.0,1.0,1.0,,Aggregate Position Limit,Your CRO has set the aggregate position limit to 13000 shares for this week.,94,2026-02-01 08:09:52.104546,SPNG,25.91,25.91,26.03,2261900.0,2091900.0,0,0,0,0,0,0
1.0,1.0,1.0,,Welcome to the RITC 2026 Alogithmic Market Making Case - practice server,,94,2026-02-01 08:09:52.104546,SMMR,24.88,25.0,25.01,2160800.0,1541400.0,0,0,0,0,0,0
,,,,,,94,2026-02-01 08:09:52.104546,ATMN,25.4,25.4,25.51,2248800.0,1938300.0,0,0,0,0,0,0
,,,,,,94,2026-02-01 08:09:52.104546,WNTR,24.59,24.59,24.68,2129300.0,2072800.0,0,0,0,0,0,0
2.0,1.0,1.0,,Aggregate Position Limit,Your CRO has set the aggregate position limit to 13000 shares for this week.,95,2026-02-01 08:09:53.134417,SPNG,26.03,25.95,26.03,2263100.0,2054200.0,0,0,0,0,0,0
1.0,1.0,1.0,,Welcome to the RITC 2026 Alogithmic Market Making Case - practice server,,95,2026-02-01 08:09:53.134417,SMMR,25.0,24.8,24.97,2158100.0,1865300.0,0,0,0,0,0,0
,,,,,,95,2026-02-01 08:09:53.134417,ATMN,25.36,25.36,25.51,2255400.0,1938300.0,0,0,0,0,0,0
,,,,,,95,2026-02-01 08:09:53.134417,WNTR,24.74,24.74,24.79,2133200.0,2065300.0,0,0,0,0,0,0
2.0,1.0,1.0,,Aggregate Position Limit,Your CRO has set the aggregate position limit to 13000 shares for this week.,96,2026-02-01 08:09:54.170732,SPNG,26.06,25.97,26.06,2225100.0,2055800.0,0,0,0,0,0,0
1.0,1.0,1.0,,Welcome to the RITC 2026 Alogithmic Market Making Case - practice server,,96,2026-02-01 08:09:54.170732,SMMR,24.83,24.8,24.83,2136600.0,1983100.0,0,0,0,0,0,0
,,,,,,96,2026-02-01 08:09:54.170732,ATMN,25.36,25.39,25.51,2237900.0,1938300.0,0,0,0,0,0,0
,,,,,,96,2026-02-01 08:09:54.170732,WNTR,24.82,24.59,24.82,2146900.0,2033700.0,0,0,0,0,0,0
2.0,1.0,1.0,,Aggregate Position Limit,Your CRO has set the aggregate position limit to 13000 shares for this week.,97,2026-02-01 08:09:55.194432,SPNG,26.2,25.97,26.2,2244300.0,2097900.0,0,0,0,0,0,0
1.0,1.0,1.0,,Welcome to the RITC 2026 Alogithmic Market Making Case - practice server,,97,2026-02-01 08:09:55.194432,SMMR,24.79,24.79,24.83,2161900.0,1983100.0,0,0,0,0,0,0
,,,,,,97,2026-02-01 08:09:55.194432,ATMN,25.76,25.39,25.62,2249900.0,1924200.0,0,0,0,0,0,0
,,,,,,97,2026-02-01 08:09:55.194432,WNTR,24.73,24.73,24.82,2102000.0,2033700.0,0,0,0,0,0,0
2.0,1.0,1.0,,Aggregate Position Limit,Your CRO has set the aggregate position limit to 13000 shares for this week.,98,2026-02-01 08:09:56.228324,SPNG,25.96,26.01,26.2,2265300.0,2097900.0,0,0,0,0,0,0
1.0,1.0,1.0,,Welcome to the RITC 2026 Alogithmic Market Making Case - practice server,,98,2026-02-01 08:09:56.228324,SMMR,24.9,24.9,24.97,2154600.0,1993200.0,0,0,0,0,0,0
,,,,,,98,2026-02-01 08:09:56.228324,ATMN,25.83,25.39,25.83,2249900.0,1902800.0,0,0,0,0,0,0
,,,,,,98,2026-02-01 08:09:56.228324,WNTR,24.68,24.68,24.84,2121900.0,2009000.0,0,0,0,0,0,0
2.0,1.0,1.0,,Aggregate Position Limit,Your CRO has set the aggregate position limit to 13000 shares for this week.,100,2026-02-01 08:09:57.263809,SPNG,25.95,25.95,26.2,2247700.0,2096700.0,0,0,0,0,0,0
1.0,1.0,1.0,,Welcome to the RITC 2026 Alogithmic Market Making Case - practice server,,100,2026-02-01 08:09:57.263809,SMMR,24.91,24.91,24.97,2150500.0,1998500.0,0,0,0,0,0,0
,,,,,,100,2026-02-01 08:09:57.263809,ATMN,25.38,25.38,25.83,2243900.0,1902800.0,0,0,0,0,0,0
,,,,,,100,2026-02-01 08:09:57.263809,WNTR,24.85,24.71,24.85,2091900.0,1992500.0,0,0,0,0,0,0
2.0,1.0,1.0,,Aggregate Position Limit,Your CRO has set the aggregate position limit to 13000 shares for this week.,101,2026-02-01 08:09:58.298849,SPNG,26.25,25.95,26.25,2247700.0,2094800.0,0,0,0,0,0,0
1.0,1.0,1.0,,Welcome to the RITC 2026 Alogithmic Market Making Case - practice server,,101,2026-02-01 08:09:58.298849,SMMR,24.9,24.79,24.88,2159300.0,2036300.0,0,0,0,0,0,0
,,,,,,101,2026-02-01 08:09:58.298849,ATMN,25.33,25.33,25.62,2253100.0,1937900.0,0,0,0,0,0,0
,,,,,,101,2026-02-01 08:09:58.298849,WNTR,24.83,24.71,24.83,2091900.0,1958800.0,0,0,0,0,0,0
2.0,1.0,1.0,,Aggregate Position Limit,Your CRO has set the aggregate position limit to 13000 shares for this week.,102,2026-02-01 08:09:59.330866,SPNG,26.31,25.93,26.31,2247500.0,2059300.0,0,0,0,0,0,0
1.0,1.0,1.0,,Welcome to the RITC 2026 Alogithmic Market Making Case - practice server,,102,2026-02-01 08:09:59.330866,SMMR,24.88,24.79,24.88,2159300.0,2004800.0,0,0,0,0,0,0
,,,,,,102,2026-02-01 08:09:59.330866,ATMN,25.43,25.43,25.62,2260500.0,1963200.0,0,0,0,0,0,0
,,,,,,102,2026-02-01 08:09:59.330866,WNTR,24.66,24.78,24.83,2065200.0,1958800.0,0,0,0,0,0,0
2.0,1.0,1.0,,Aggregate Position Limit,Your CRO has set the aggregate position limit to 13000 shares for this week.,103,2026-02-01 08:10:00.374454,SPNG,26.37,25.75,26.37,2242200.0,2032400.0,0,0,0,0,0,0
1.0,1.0,1.0,,Welcome to the RITC 2026 Alogithmic Market Making Case - practice server,,103,2026-02-01 08:10:00.374454,SMMR,24.92,24.84,24.88,2137300.0,2004000.0,0,0,0,0,0,0
,,,,,,103,2026-02-01 08:10:00.374454,ATMN,25.26,25.43,25.62,2231100.0,1943800.0,0,0,0,0,0,0
,,,,,,103,2026-02-01 08:10:00.374454,WNTR,24.66,24.78,24.83,2065200.0,1960400.0,0,0,0,0,0,0
2.0,1.0,1.0,,Aggregate Position Limit,Your CRO has set the aggregate position limit to 13000 shares for this week.,104,2026-02-01 08:10:01.409370,SPNG,25.71,25.62,25.71,2236500.0,2046600.0,0,0,0,0,0,0
1.0,1.0,1.0,,Welcome to the RITC 2026 Alogithmic Market Making Case - practice server,,104,2026-02-01 08:10:01.409370,SMMR,24.79,24.83,24.88,2161300.0,2004000.0,0,0,0,0,0,0
,,,,,,104,2026-02-01 08:10:01.409370,ATMN,25.43,25.26,25.39,2260900.0,1951700.0,0,0,0,0,0,0
,,,,,,104,2026-02-01 08:10:01.409370,WNTR,24.58,24.58,24.83,2177100.0,1997300.0,0,0,0,0,0,0
2.0,1.0,1.0,,Aggregate Position Limit,Your CRO has set the aggregate position limit to 13000 shares for this week.,105,2026-02-01 08:10:02.434256,SPNG,26.17,26.06,26.17,2239200.0,2073100.0,0,0,0,0,0,0
1.0,1.0,1.0,,Welcome to the RITC 2026 Alogithmic Market Making Case - practice server,,105,2026-02-01 08:10:02.434256,SMMR,24.79,24.83,24.84,2149500.0,1996000.0,0,0,0,0,0,0
,,,,,,105,2026-02-01 08:10:02.434256,ATMN,25.26,25.26,25.42,2279000.0,1941700.0,0,0,0,0,0,0
,,,,,,105,2026-02-01 08:10:02.434256,WNTR,24.58,24.58,24.85,2177100.0,2013300.0,0,0,0,0,0,0
2.0,1.0,1.0,,Aggregate Position Limit,Your CRO has set the aggregate position limit to 13000 shares for this week.,106,2026-02-01 08:10:03.470159,SPNG,26.39,26.06,26.39,2225300.0,2015900.0,0,0,0,0,0,0
1.0,1.0,1.0,,Welcome to the RITC 2026 Alogithmic Market Making Case - practice server,,106,2026-02-01 08:10:03.470159,SMMR,24.79,24.79,24.84,2163500.0,1981400.0,0,0,0,0,0,0
,,,,,,106,2026-02-01 08:10:03.470159,ATMN,25.42,25.26,25.42,2266900.0,1946500.0,0,0,0,0,0,0
,,,,,,106,2026-02-01 08:10:03.470159,WNTR,24.6,24.72,24.85,2165500.0,2016400.0,0,0,0,0,0,0
2.0,1.0,1.0,,Aggregate Position Limit,Your CRO has set the aggregate position limit to 13000 shares for this week.,107,2026-02-01 08:10:04.494899,SPNG,25.62,25.54,25.58,2248100.0,2031600.0,0,0,0,0,0,0
1.0,1.0,1.0,,Welcome to the RITC 2026 Alogithmic Market Making Case - practice server,,107,2026-02-01 08:10:04.494899,SMMR,24.92,24.96,24.97,2138900.0,1968700.0,0,0,0,0,0,0
,,,,,,107,2026-02-01 08:10:04.494899,ATMN,25.62,25.23,25.62,2269000.0,1908200.0,0,0,0,0,0,0
,,,,,,107,2026-02-01 08:10:04.494899,WNTR,24.88,24.76,24.78,2164300.0,2038400.0,0,0,0,0,0,0
2.0,1.0,1.0,,Aggregate Position Limit,Your CRO has set the aggregate position limit to 13000 shares for this week.,108,2026-02-01 08:10:05.521158,SPNG,26.03,25.56,25.88,2235500.0,2052300.0,0,0,0,0,0,0
1.0,1.0,1.0,,Welcome to the RITC 2026 Alogithmic Market Making Case - practice server,,108,2026-02-01 08:10:05.521158,SMMR,24.79,24.79,24.97,2158100.0,1968700.0,0,0,0,0,0,0
,,,,,,108,2026-02-01 08:10:05.521158,ATMN,25.62,25.42,25.62,2244100.0,1942400.0,0,0,0,0,0,0
,,,,,,108,2026-02-01 08:10:05.521158,WNTR,24.72,24.72,24.78,2165500.0,2037800.0,0,0,0,0,0,0
2.0,1.0,1.0,,Aggregate Position Limit,Your CRO has set the aggregate position limit to 13000 shares for this week.,109,2026-02-01 08:10:06.558636,SPNG,26.43,26.0,26.43,2232800.0,2048500.0,0,0,0,0,0,0
1.0,1.0,1.0,,Welcome to the RITC 2026 Alogithmic Market Making Case - practice server,,109,2026-02-01 08:10:06.558636,SMMR,24.77,24.77,24.97,2127800.0,1968700.0,0,0,0,0,0,0
,,,,,,109,2026-02-01 08:10:06.558636,ATMN,25.62,25.42,25.52,2244100.0,1988100.0,0,0,0,0,0,0
,,,,,,109,2026-02-01 08:10:06.558636,WNTR,24.78,24.58,24.78,2187500.0,2052600.0,0,0,0,0,0,0
2.0,1.0,1.0,,Aggregate Position Limit,Your CRO has set the aggregate position limit to 13000 shares for this week.,110,2026-02-01 08:10:07.588984,SPNG,26.0,26.0,26.26,2219500.0,2033100.0,0,0,0,0,0,0
1.0,1.0,1.0,,Welcome to the RITC 2026 Alogithmic Market Making Case - practice server,,110,2026-02-01 08:10:07.588984,SMMR,24.77,24.77,24.79,2145000.0,1956300.0,0,0,0,0,0,0
,,,,,,110,2026-02-01 08:10:07.588984,ATMN,25.17,25.17,25.36,2293000.0,1998500.0,0,0,0,0,0,0
,,,,,,110,2026-02-01 08:10:07.588984,WNTR,24.55,24.55,24.82,2177300.0,2028500.0,0,0,0,0,0,0
2.0,1.0,1.0,,Aggregate Position Limit,Your CRO has set the aggregate position limit to 13000 shares for this week.,111,2026-02-01 08:10:08.611771,SPNG,25.56,26.24,26.26,2231000.0,2033100.0,0,0,0,0,0,0
1.0,1.0,1.0,,Welcome to the RITC 2026 Alogithmic Market Making Case - practice server,,111,2026-02-01 08:10:08.611771,SMMR,24.79,24.9,24.97,2096300.0,1968700.0,0,0,0,0,0,0
,,,,,,111,2026-02-01 08:10:08.611771,ATMN,25.17,25.17,25.36,2297200.0,1998500.0,0,0,0,0,0,0
,,,,,,111,2026-02-01 08:10:08.611771,WNTR,24.82,24.55,24.82,2161000.0,2028500.0,0,0,0,0,0,0
2.0,1.0,1.0,,Aggregate Position Limit,Your CRO has set the aggregate position limit to 13000 shares for this week.,112,2026-02-01 08:10:09.648776,SPNG,25.56,25.56,26.26,2235500.0,2006600.0,0,0,0,0,0,0
1.0,1.0,1.0,,Welcome to the RITC 2026 Alogithmic Market Making Case - practice server,,112,2026-02-01 08:10:09.648776,SMMR,24.79,24.9,24.97,2096300.0,1965100.0,0,0,0,0,0,0
,,,,,,112,2026-02-01 08:10:09.648776,ATMN,25.17,25.17,25.22,2280800.0,1982600.0,0,0,0,0,0,0
,,,,,,112,2026-02-01 08:10:09.648776,WNTR,24.66,24.55,24.66,2161000.0,2060600.0,0,0,0,0,0,0
2.0,1.0,1.0,,Aggregate Position Limit,Your CRO has set the aggregate position limit to 13000 shares for this week.,113,2026-02-01 08:10:10.679026,SPNG,26.26,26.35,26.43,2239200.0,2043100.0,0,0,0,0,0,0
1.0,1.0,1.0,,Welcome to the RITC 2026 Alogithmic Market Making Case - practice server,,113,2026-02-01 08:10:10.679026,SMMR,24.77,24.73,24.74,2138600.0,1965400.0,0,0,0,0,0,0
,,,,,,113,2026-02-01 08:10:10.679026,ATMN,25.22,25.16,25.22,2270200.0,1982600.0,0,0,0,0,0,0
,,,,,,113,2026-02-01 08:10:10.679026,WNTR,24.53,24.53,24.7,2153800.0,2042200.0,0,0,0,0,0,0
2.0,1.0,1.0,,Aggregate Position Limit,Your CRO has set the aggregate position limit to 13000 shares for this week.,114,2026-02-01 08:10:11.709072,SPNG,26.43,25.97,26.43,2249700.0,2043100.0,0,0,0,0,0,0
1.0,1.0,1.0,,Welcome to the RITC 2026 Alogithmic Market Making Case - practice server,,114,2026-02-01 08:10:11.709072,SMMR,24.73,24.73,24.74,2121200.0,1970400.0,0,0,0,0,0,0
,,,,,,114,2026-02-01 08:10:11.709072,ATMN,25.52,25.16,25.52,2270200.0,2003700.0,0,0,0,0,0,0
,,,,,,114,2026-02-01 08:10:11.709072,WNTR,24.59,24.59,24.7,2205700.0,2042200.0,0,0,0,0,0,0
2.0,1.0,1.0,,Aggregate Position Limit,Your CRO has set the aggregate position limit to 13000 shares for this week.,115,2026-02-01 08:10:12.724645,SPNG,26.43,25.97,26.07,2249700.0,2020900.0,0,0,0,0,0,0
1.0,1.0,1.0,,Welcome to the RITC 2026 Alogithmic Market Making Case - practice server,,115,2026-02-01 08:10:12.724645,SMMR,24.81,24.73,24.76,2121200.0,1994300.0,0,0,0,0,0,0
,,,,,,115,2026-02-01 08:10:12.724645,ATMN,25.56,25.16,25.56,2245500.0,1973400.0,0,0,0,0,0,0
,,,,,,115,2026-02-01 08:10:12.724645,WNTR,24.51,24.51,24.7,2207200.0,2041400.0,0,0,0,0,0,0
2.0,1.0,1.0,,Aggregate Position Limit,Your CRO has set the aggregate position limit to 13000 shares for this week.,116,2026-02-01 08:10:13.754494,SPNG,25.49,25.49,26.07,2254000.0,2020900.0,0,0,0,0,0,0
1.0,1.0,1.0,,Welcome to the RITC 2026 Alogithmic Market Making Case - practice server,,116,2026-02-01 08:10:13.754494,SMMR,24.98,24.73,24.98,2109300.0,1939000.0,0,0,0,0,0,0
,,,,,,116,2026-02-01 08:10:13.754494,ATMN,25.14,25.41,25.56,2254700.0,1978700.0,0,0,0,0,0,0
,,,,,,116,2026-02-01 08:10:13.754494,WNTR,24.51,24.51,24.7,2206400.0,2026900.0,0,0,0,0,0,0
2.0,1.0,1.0,,Aggregate Position Limit,Your CRO has set the aggregate position limit to 13000 shares for this week.,117,2026-02-01 08:10:14.774582,SPNG,25.49,25.91,26.07,2272400.0,2020900.0,0,0,0,0,0,0
1.0,1.0,1.0,,Welcome to the RITC 2026 Alogithmic Market Making Case - practice server,,117,2026-02-01 08:10:14.774582,SMMR,24.75,24.75,24.88,2114400.0,1964800.0,0,0,0,0,0,0
,,,,,,117,2026-02-01 08:10:14.774582,ATMN,25.14,25.06,25.1,2268700.0,1987700.0,0,0,0,0,0,0
,,,,,,117,2026-02-01 08:10:14.774582,WNTR,24.7,24.51,24.7,2198000.0,2026900.0,0,0,0,0,0,0
2.0,1.0,1.0,,Aggregate Position Limit,Your CRO has set the aggregate position limit to 13000 shares for this week.,118,2026-02-01 08:10:15.819047,SPNG,25.49,25.97,26.07,2263500.0,2002900.0,0,0,0,0,0,0
1.0,1.0,1.0,,Welcome to the RITC 2026 Alogithmic Market Making Case - practice server,,118,2026-02-01 08:10:15.819047,SMMR,24.88,24.75,24.88,2147300.0,1997800.0,0,0,0,0,0,0
,,,,,,118,2026-02-01 08:10:15.819047,ATMN,25.1,25.06,25.1,2254000.0,1987700.0,0,0,0,0,0,0
,,,,,,118,2026-02-01 08:10:15.819047,WNTR,24.5,24.5,24.88,2196500.0,2001600.0,0,0,0,0,0,0
2.0,1.0,1.0,,Aggregate Position Limit,Your CRO has set the aggregate position limit to 13000 shares for this week.,119,2026-02-01 08:10:16.834489,SPNG,26.43,25.97,26.23,2263500.0,2008300.0,0,0,0,0,0,0
1.0,1.0,1.0,,Welcome to the RITC 2026 Alogithmic Market Making Case - practice server,,119,2026-02-01 08:10:16.834489,SMMR,24.95,24.75,24.86,2147300.0,1994600.0,0,0,0,0,0,0
,,,,,,119,2026-02-01 08:10:16.834489,ATMN,25.7,25.06,25.48,2254000.0,1992200.0,0,0,0,0,0,0
,,,,,,119,2026-02-01 08:10:16.834489,WNTR,24.5,24.5,24.62,2196500.0,2027000.0,0,0,0,0,0,0
2.0,1.0,1.0,,Aggregate Position Limit,Your CRO has set the aggregate position limit to 13000 shares for this week.,120,2026-02-01 08:10:17.870542,SPNG,26.49,26.49,27.37,891800.0,629900.0,0,0,0,0,0,0
1.0,1.0,1.0,,Welcome to the RITC 2026 Alogithmic Market Making Case - practice server,,120,2026-02-01 08:10:17.870542,SMMR,24.95,24.89,24.92,864600.0,797600.0,0,0,0,0,0,0
,,,,,,120,2026-02-01 08:10:17.870542,ATMN,25.9,25.9,26.39,958200.0,849800.0,0,0,0,0,0,0
,,,,,,120,2026-02-01 08:10:17.870542,WNTR,24.49,23.96,24.09,902100.0,775000.0,0,0,0,0,0,0
2.0,1.0,1.0,,Aggregate Position Limit,Your CRO has set the aggregate position limit to 13000 shares for this week.,121,2026-02-01 08:10:18.913987,SPNG,26.49,26.49,26.65,1060800.0,958400.0,0,0,0,0,0,0
1.0,1.0,1.0,,Welcome to the RITC 2026 Alogithmic Market Making Case - practice server,,121,2026-02-01 08:10:18.913987,SMMR,24.89,24.83,24.84,898700.0,908600.0,0,0,0,0,0,0
,,,,,,121,2026-02-01 08:10:18.913987,ATMN,25.9,25.45,25.57,988300.0,1136600.0,0,0,0,0,0,0
,,,,,,121,2026-02-01 08:10:18.913987,WNTR,23.89,23.89,23.92,958600.0,991300.0,0,0,0,0,0,0
2.0,1.0,1.0,,Aggregate Position Limit,Your CRO has set the aggregate position limit to 13000 shares for this week.,122,2026-02-01 08:10:19.954673,SPNG,26.49,25.93,26.45,1196400.0,1076400.0,0,0,0,0,0,0
1.0,1.0,1.0,,Welcome to the RITC 2026 Alogithmic Market Making Case - practice server,,122,2026-02-01 08:10:19.954673,SMMR,24.83,24.83,24.84,902200.0,1026400.0,0,0,0,0,0,0
,,,,,,122,2026-02-01 08:10:19.954673,ATMN,25.57,25.64,26.39,1310400.0,1016300.0,0,0,0,0,0,0
,,,,,,122,2026-02-01 08:10:19.954673,WNTR,23.89,23.89,23.92,1050700.0,1248400.0,0,0,0,0,0,0
2.0,1.0,1.0,,Aggregate Position Limit,Your CRO has set the aggregate position limit to 13000 shares for this week.,123,2026-02-01 08:10:20.986226,SPNG,26.49,26.12,26.45,1531000.0,1076400.0,0,0,0,0,0,0
1.0,1.0,1.0,,Welcome to the RITC 2026 Alogithmic Market Making Case - practice server,,123,2026-02-01 08:10:20.986226,SMMR,24.92,24.83,24.87,1027600.0,1040600.0,0,0,0,0,0,0
,,,,,,123,2026-02-01 08:10:20.986226,ATMN,25.64,25.45,25.55,1314600.0,1216000.0,0,0,0,0,0,0
,,,,,,123,2026-02-01 08:10:20.986226,WNTR,23.92,23.89,23.92,1154000.0,1453800.0,0,0,0,0,0,0
2.0,1.0,1.0,,Aggregate Position Limit,Your CRO has set the aggregate position limit to 13000 shares for this week.,124,2026-02-01 08:10:22.018272,SPNG,26.83,26.12,26.83,1799600.0,834000.0,0,0,0,0,0,0
1.0,1.0,1.0,,Welcome to the RITC 2026 Alogithmic Market Making Case - practice server,,124,2026-02-01 08:10:22.018272,SMMR,24.92,24.83,24.87,1027600.0,1229700.0,0,0,0,0,0,0
,,,,,,124,2026-02-01 08:10:22.018272,ATMN,25.55,25.99,26.16,1654800.0,1114300.0,0,0,0,0,0,0
,,,,,,124,2026-02-01 08:10:22.018272,WNTR,23.93,23.95,23.96,1247700.0,1425400.0,0,0,0,0,0,0
2.0,1.0,1.0,,Aggregate Position Limit,Your CRO has set the aggregate position limit to 13000 shares for this week.,125,2026-02-01 08:10:23.060701,SPNG,26.15,26.12,26.15,1918300.0,952200.0,0,0,0,0,0,0
1.0,1.0,1.0,,Welcome to the RITC 2026 Alogithmic Market Making Case - practice server,,125,2026-02-01 08:10:23.060701,SMMR,24.77,24.77,24.83,927600.0,1451600.0,0,0,0,0,0,0
,,,,,,125,2026-02-01 08:10:23.060701,ATMN,25.99,25.99,26.16,1654800.0,1329400.0,0,0,0,0,0,0
,,,,,,125,2026-02-01 08:10:23.060701,WNTR,23.93,23.95,23.96,1341400.0,1628100.0,0,0,0,0,0,0
2.0,1.0,1.0,,Aggregate Position Limit,Your CRO has set the aggregate position limit to 13000 shares for this week.,126,2026-02-01 08:10:24.094486,SPNG,26.15,26.23,26.83,2236900.0,947600.0,0,0,0,0,0,0
1.0,1.0,1.0,,Welcome to the RITC 2026 Alogithmic Market Making Case - practice server,,126,2026-02-01 08:10:24.094486,SMMR,24.73,24.73,24.74,1073400.0,1558100.0,0,0,0,0,0,0
,,,,,,126,2026-02-01 08:10:24.094486,ATMN,25.6,25.74,26.16,1532300.0,1406900.0,0,0,0,0,0,0
,,,,,,126,2026-02-01 08:10:24.094486,WNTR,23.93,23.95,23.96,1458100.0,1844000.0,0,0,0,0,0,0
2.0,1.0,1.0,,Aggregate Position Limit,Your CRO has set the aggregate position limit to 13000 shares for this week.,127,2026-02-01 08:10:25.124255,SPNG,26.15,26.23,26.73,2236900.0,1149900.0,0,0,0,0,0,0
1.0,1.0,1.0,,Welcome to the RITC 2026 Alogithmic Market Making Case - practice server,,127,2026-02-01 08:10:25.124255,SMMR,24.74,24.75,24.83,1274000.0,1451600.0,0,0,0,0,0,0
,,,,,,127,2026-02-01 08:10:25.124255,ATMN,25.54,25.77,26.16,1539900.0,1523500.0,0,0,0,0,0,0
,,,,,,127,2026-02-01 08:10:25.124255,WNTR,23.89,23.89,23.93,1487900.0,2064200.0,0,0,0,0,0,0
2.0,1.0,1.0,,Aggregate Position Limit,Your CRO has set the aggregate position limit to 13000 shares for this week.,128,2026-02-01 08:10:26.168658,SPNG,26.08,26.08,26.62,2147300.0,1249800.0,0,0,0,0,0,0
1.0,1.0,1.0,,Welcome to the RITC 2026 Alogithmic Market Making Case - practice server,,128,2026-02-01 08:10:26.168658,SMMR,24.81,24.75,24.81,1375500.0,1564900.0,0,0,0,0,0,0
,,,,,,128,2026-02-01 08:10:26.168658,ATMN,25.54,25.77,25.86,1539900.0,1797500.0,0,0,0,0,0,0
,,,,,,128,2026-02-01 08:10:26.168658,WNTR,23.93,23.89,23.93,1707400.0,2083100.0,0,0,0,0,0,0
2.0,1.0,1.0,,Aggregate Position Limit,Your CRO has set the aggregate position limit to 13000 shares for this week.,129,2026-02-01 08:10:27.208690,SPNG,26.03,26.03,26.24,2039700.0,1272600.0,0,0,0,0,0,0
1.0,1.0,1.0,,Welcome to the RITC 2026 Alogithmic Market Making Case - practice server,,129,2026-02-01 08:10:27.208690,SMMR,24.81,24.79,24.8,1675400.0,1667300.0,0,0,0,0,0,0
,,,,,,129,2026-02-01 08:10:27.208690,ATMN,25.86,25.89,25.9,1736500.0,1823500.0,0,0,0,0,0,0
,,,,,,129,2026-02-01 08:10:27.208690,WNTR,23.87,23.87,23.93,1607400.0,2132400.0,0,0,0,0,0,0
2.0,1.0,1.0,,Aggregate Position Limit,Your CRO has set the aggregate position limit to 13000 shares for this week.,130,2026-02-01 08:10:28.246363,SPNG,26.24,26.03,26.24,2292000.0,1272600.0,0,0,0,0,0,0
1.0,1.0,1.0,,Welcome to the RITC 2026 Alogithmic Market Making Case - practice server,,130,2026-02-01 08:10:28.246363,SMMR,24.75,24.75,24.8,1683600.0,1764600.0,0,0,0,0,0,0
,,,,,,130,2026-02-01 08:10:28.246363,ATMN,25.45,25.45,25.9,1527500.0,1920800.0,0,0,0,0,0,0
,,,,,,130,2026-02-01 08:10:28.246363,WNTR,23.87,23.87,23.93,1708800.0,2124200.0,0,0,0,0,0,0
2.0,1.0,1.0,,Aggregate Position Limit,Your CRO has set the aggregate position limit to 13000 shares for this week.,131,2026-02-01 08:10:29.265694,SPNG,26.24,26.34,26.73,2389000.0,1343900.0,0,0,0,0,0,0
1.0,1.0,1.0,,Welcome to the RITC 2026 Alogithmic Market Making Case - practice server,,131,2026-02-01 08:10:29.265694,SMMR,24.83,24.75,24.83,1683600.0,1548900.0,0,0,0,0,0,0
,,,,,,131,2026-02-01 08:10:29.265694,ATMN,25.45,25.45,25.9,1905400.0,1920800.0,0,0,0,0,0,0
,,,,,,131,2026-02-01 08:10:29.265694,WNTR,23.94,23.87,23.94,1708800.0,2094900.0,0,0,0,0,0,0
2.0,1.0,1.0,,Aggregate Position Limit,Your CRO has set the aggregate position limit to 13000 shares for this week.,132,2026-02-01 08:10:30.309413,SPNG,26.03,26.4,26.48,2524700.0,1445100.0,0,0,0,0,0,0
1.0,1.0,1.0,,Welcome to the RITC 2026 Alogithmic Market Making Case - practice server,,132,2026-02-01 08:10:30.309413,SMMR,24.73,24.73,24.83,1900300.0,1548900.0,0,0,0,0,0,0
,,,,,,132,2026-02-01 08:10:30.309413,ATMN,25.45,25.75,25.9,2211500.0,1920800.0,0,0,0,0,0,0
,,,,,,132,2026-02-01 08:10:30.309413,WNTR,23.94,23.87,23.93,1831500.0,2093200.0,0,0,0,0,0,0
2.0,1.0,1.0,,Aggregate Position Limit,Your CRO has set the aggregate position limit to 13000 shares for this week.,133,2026-02-01 08:10:31.339909,SPNG,26.01,26.28,26.48,2520000.0,1445100.0,0,0,0,0,0,0
1.0,1.0,1.0,,Welcome to the RITC 2026 Alogithmic Market Making Case - practice server,,133,2026-02-01 08:10:31.339909,SMMR,24.7,24.7,24.78,1774900.0,1571600.0,0,0,0,0,0,0
,,,,,,133,2026-02-01 08:10:31.339909,ATMN,25.69,25.45,25.69,2111200.0,1970800.0,0,0,0,0,0,0
,,,,,,133,2026-02-01 08:10:31.339909,WNTR,23.96,23.86,23.96,1708000.0,2026500.0,0,0,0,0,0,0
2.0,1.0,1.0,,Aggregate Position Limit,Your CRO has set the aggregate position limit to 13000 shares for this week.,134,2026-02-01 08:10:32.377791,SPNG,26.48,25.93,26.48,2435300.0,1560600.0,0,0,0,0,0,0
1.0,1.0,1.0,,Welcome to the RITC 2026 Alogithmic Market Making Case - practice server,,134,2026-02-01 08:10:32.377791,SMMR,24.7,24.7,24.78,1991800.0,1655800.0,0,0,0,0,0,0
,,,,,,134,2026-02-01 08:10:32.377791,ATMN,25.69,25.59,25.69,2338900.0,1970800.0,0,0,0,0,0,0
,,,,,,134,2026-02-01 08:10:32.377791,WNTR,23.91,23.91,24.02,1928500.0,2022900.0,0,0,0,0,0,0
2.0,1.0,1.0,,Aggregate Position Limit,Your CRO has set the aggregate position limit to 13000 shares for this week.,135,2026-02-01 08:10:33.404552,SPNG,26.56,25.93,26.56,2477200.0,1459400.0,0,0,0,0,0,0
1.0,1.0,1.0,,Welcome to the RITC 2026 Alogithmic Market Making Case - practice server,,135,2026-02-01 08:10:33.404552,SMMR,24.73,24.73,24.78,2006000.0,1655800.0,0,0,0,0,0,0
,,,,,,135,2026-02-01 08:10:33.404552,ATMN,25.59,25.59,26.16,2338900.0,1985200.0,0,0,0,0,0,0
,,,,,,135,2026-02-01 08:10:33.404552,WNTR,23.91,23.91,23.99,1928500.0,2088100.0,0,0,0,0,0,0
2.0,1.0,1.0,,Aggregate Position Limit,Your CRO has set the aggregate position limit to 13000 shares for this week.,136,2026-02-01 08:10:34.434636,SPNG,26.56,25.93,26.56,2358300.0,1459400.0,0,0,0,0,0,0
1.0,1.0,1.0,,Welcome to the RITC 2026 Alogithmic Market Making Case - practice server,,136,2026-02-01 08:10:34.434636,SMMR,24.78,24.64,24.78,1874700.0,1655800.0,0,0,0,0,0,0
,,,,,,136,2026-02-01 08:10:34.434636,ATMN,25.59,25.59,25.71,2294600.0,2002200.0,0,0,0,0,0,0
,,,,,,136,2026-02-01 08:10:34.434636,WNTR,23.86,23.85,23.99,1725000.0,2088100.0,0,0,0,0,0,0
2.0,1.0,1.0,,Aggregate Position Limit,Your CRO has set the aggregate position limit to 13000 shares for this week.,138,2026-02-01 08:10:35.468282,SPNG,26.0,26.0,26.73,2309600.0,1343900.0,0,0,0,0,0,0
1.0,1.0,1.0,,Welcome to the RITC 2026 Alogithmic Market Making Case - practice server,,138,2026-02-01 08:10:35.468282,SMMR,24.87,24.7,24.87,2093100.0,1349900.0,0,0,0,0,0,0
,,,,,,138,2026-02-01 08:10:35.468282,ATMN,25.59,25.59,25.71,2254300.0,2002200.0,0,0,0,0,0,0
,,,,,,138,2026-02-01 08:10:35.468282,WNTR,23.84,23.84,23.99,1525300.0,2145900.0,0,0,0,0,0,0
2.0,1.0,1.0,,Aggregate Position Limit,Your CRO has set the aggregate position limit to 13000 shares for this week.,139,2026-02-01 08:10:36.504682,SPNG,26.0,26.19,26.69,2251500.0,1467400.0,0,0,0,0,0,0
1.0,1.0,1.0,,Welcome to the RITC 2026 Alogithmic Market Making Case - practice server,,139,2026-02-01 08:10:36.504682,SMMR,24.87,24.7,24.87,2208000.0,1349900.0,0,0,0,0,0,0
,,,,,,139,2026-02-01 08:10:36.504682,ATMN,25.59,25.59,25.71,2270600.0,2002200.0,0,0,0,0,0,0
,,,,,,139,2026-02-01 08:10:36.504682,WNTR,23.99,23.84,23.99,1525300.0,2146400.0,0,0,0,0,0,0
2.0,1.0,1.0,,Aggregate Position Limit,Your CRO has set the aggregate position limit to 13000 shares for this week.,140,2026-02-01 08:10:37.539737,SPNG,25.92,25.92,26.09,2367500.0,1577300.0,0,0,0,0,0,0
1.0,1.0,1.0,,Welcome to the RITC 2026 Alogithmic Market Making Case - practice server,,140,2026-02-01 08:10:37.539737,SMMR,24.7,24.7,24.87,2208000.0,1439600.0,0,0,0,0,0,0
,,,,,,140,2026-02-01 08:10:37.539737,ATMN,26.16,25.59,26.05,2270600.0,2016400.0,0,0,0,0,0,0
,,,,,,140,2026-02-01 08:10:37.539737,WNTR,23.99,23.84,23.87,1525300.0,2172800.0,0,0,0,0,0,0
2.0,1.0,1.0,,Aggregate Position Limit,Your CRO has set the aggregate position limit to 13000 shares for this week.,141,2026-02-01 08:10:38.564454,SPNG,25.92,25.92,26.09,2325200.0,1577300.0,0,0,0,0,0,0
1.0,1.0,1.0,,Welcome to the RITC 2026 Alogithmic Market Making Case - practice server,,141,2026-02-01 08:10:38.564454,SMMR,24.7,24.8,24.87,2224100.0,1523900.0,0,0,0,0,0,0
,,,,,,141,2026-02-01 08:10:38.564454,ATMN,25.65,25.76,26.05,2259600.0,2009100.0,0,0,0,0,0,0
,,,,,,141,2026-02-01 08:10:38.564454,WNTR,23.87,23.96,23.99,1655300.0,2177500.0,0,0,0,0,0,0
2.0,1.0,1.0,,Aggregate Position Limit,Your CRO has set the aggregate position limit to 13000 shares for this week.,142,2026-02-01 08:10:39.594489,SPNG,26.09,25.92,26.09,2288400.0,1577300.0,0,0,0,0,0,0
1.0,1.0,1.0,,Welcome to the RITC 2026 Alogithmic Market Making Case - practice server,,142,2026-02-01 08:10:39.594489,SMMR,24.8,24.8,24.87,2150600.0,1523900.0,0,0,0,0,0,0
,,,,,,142,2026-02-01 08:10:39.594489,ATMN,25.65,26.04,26.05,2248100.0,1998600.0,0,0,0,0,0,0
,,,,,,142,2026-02-01 08:10:39.594489,WNTR,24.02,23.82,24.02,1422000.0,2169400.0,0,0,0,0,0,0
2.0,1.0,1.0,,Aggregate Position Limit,Your CRO has set the aggregate position limit to 13000 shares for this week.,143,2026-02-01 08:10:40.644583,SPNG,26.12,25.92,26.12,2288400.0,1581600.0,0,0,0,0,0,0
1.0,1.0,1.0,,Welcome to the RITC 2026 Alogithmic Market Making Case - practice server,,143,2026-02-01 08:10:40.644583,SMMR,24.7,24.64,24.65,2232000.0,1509500.0,0,0,0,0,0,0
,,,,,,143,2026-02-01 08:10:40.644583,ATMN,25.58,25.58,26.05,2254600.0,1974100.0,0,0,0,0,0,0
,,,,,,143,2026-02-01 08:10:40.644583,WNTR,23.82,23.82,24.02,1204800.0,2205500.0,0,0,0,0,0,0
2.0,1.0,1.0,,Aggregate Position Limit,Your CRO has set the aggregate position limit to 13000 shares for this week.,144,2026-02-01 08:10:41.670342,SPNG,26.12,26.63,26.69,2216400.0,1566200.0,0,0,0,0,0,0
1.0,1.0,1.0,,Welcome to the RITC 2026 Alogithmic Market Making Case - practice server,,144,2026-02-01 08:10:41.670342,SMMR,24.7,24.64,24.65,2186100.0,1509500.0,0,0,0,0,0,0
,,,,,,144,2026-02-01 08:10:41.670342,ATMN,25.58,25.66,26.05,2244200.0,1969800.0,0,0,0,0,0,0
,,,,,,144,2026-02-01 08:10:41.670342,WNTR,23.82,23.82,23.88,1111100.0,2204000.0,0,0,0,0,0,0
2.0,1.0,1.0,,Aggregate Position Limit,Your CRO has set the aggregate position limit to 13000 shares for this week.,145,2026-02-01 08:10:42.701270,SPNG,25.92,25.92,26.53,2264300.0,1762300.0,0,0,0,0,0,0
1.0,1.0,1.0,,Welcome to the RITC 2026 Alogithmic Market Making Case - practice server,,145,2026-02-01 08:10:42.701270,SMMR,24.88,24.64,24.88,2164100.0,1314400.0,0,0,0,0,0,0
,,,,,,145,2026-02-01 08:10:42.701270,ATMN,25.58,25.66,25.78,2212000.0,1954300.0,0,0,0,0,0,0
,,,,,,145,2026-02-01 08:10:42.701270,WNTR,23.88,23.91,23.98,1356700.0,2231300.0,0,0,0,0,0,0
2.0,1.0,1.0,,Aggregate Position Limit,Your CRO has set the aggregate position limit to 13000 shares for this week.,146,2026-02-01 08:10:43.744698,SPNG,25.92,25.92,25.98,2231200.0,1871100.0,0,0,0,0,0,0
1.0,1.0,1.0,,Welcome to the RITC 2026 Alogithmic Market Making Case - practice server,,146,2026-02-01 08:10:43.744698,SMMR,24.86,24.86,24.88,2149000.0,1401700.0,0,0,0,0,0,0
,,,,,,146,2026-02-01 08:10:43.744698,ATMN,25.58,25.66,25.78,2187100.0,1954300.0,0,0,0,0,0,0
,,,,,,146,2026-02-01 08:10:43.744698,WNTR,23.93,23.91,23.93,1356700.0,2203100.0,0,0,0,0,0,0
2.0,1.0,1.0,,Aggregate Position Limit,Your CRO has set the aggregate position limit to 13000 shares for this week.,147,2026-02-01 08:10:44.786639,SPNG,25.98,26.17,26.53,2194900.0,1762300.0,0,0,0,0,0,0
1.0,1.0,1.0,,Welcome to the RITC 2026 Alogithmic Market Making Case - practice server,,147,2026-02-01 08:10:44.786639,SMMR,24.86,24.64,24.84,2164100.0,1591000.0,0,0,0,0,0,0
,,,,,,147,2026-02-01 08:10:44.786639,ATMN,25.78,25.85,26.05,2174700.0,1996400.0,0,0,0,0,0,0
,,,,,,147,2026-02-01 08:10:44.786639,WNTR,23.75,23.75,23.92,1003200.0,2201100.0,0,0,0,0,0,0
2.0,1.0,1.0,,Aggregate Position Limit,Your CRO has set the aggregate position limit to 13000 shares for this week.,148,2026-02-01 08:10:45.812462,SPNG,26.33,26.37,26.53,2185600.0,1854000.0,0,0,0,0,0,0
1.0,1.0,1.0,,Welcome to the RITC 2026 Alogithmic Market Making Case - practice server,,148,2026-02-01 08:10:45.812462,SMMR,24.64,24.64,24.84,2164100.0,1714700.0,0,0,0,0,0,0
,,,,,,148,2026-02-01 08:10:45.812462,ATMN,25.72,25.94,26.05,2156000.0,2014600.0,0,0,0,0,0,0
,,,,,,148,2026-02-01 08:10:45.812462,WNTR,23.75,23.79,23.92,1129700.0,2219500.0,0,0,0,0,0,0
2.0,1.0,1.0,,Aggregate Position Limit,Your CRO has set the aggregate position limit to 13000 shares for this week.,149,2026-02-01 08:10:46.845222,SPNG,26.37,25.91,26.18,2206500.0,1960600.0,0,0,0,0,0,0
1.0,1.0,1.0,,Welcome to the RITC 2026 Alogithmic Market Making Case - practice server,,149,2026-02-01 08:10:46.845222,SMMR,24.64,24.64,24.67,2201400.0,1827000.0,0,0,0,0,0,0
,,,,,,149,2026-02-01 08:10:46.845222,ATMN,25.94,25.66,25.68,2177000.0,2083000.0,0,0,0,0,0,0
,,,,,,149,2026-02-01 08:10:46.845222,WNTR,23.92,23.82,23.92,1248300.0,2219500.0,0,0,0,0,0,0
2.0,1.0,1.0,,Aggregate Position Limit,Your CRO has set the aggregate position limit to 13000 shares for this week.,150,2026-02-01 08:10:47.870623,SPNG,26.18,26.17,26.18,2144200.0,1960600.0,0,0,0,0,0,0
1.0,1.0,1.0,,Welcome to the RITC 2026 Alogithmic Market Making Case - practice server,,150,2026-02-01 08:10:47.870623,SMMR,24.84,24.73,24.84,2204800.0,1714700.0,0,0,0,0,0,0
,,,,,,150,2026-02-01 08:10:47.870623,ATMN,25.67,25.67,25.68,2149600.0,2083000.0,0,0,0,0,0,0
,,,,,,150,2026-02-01 08:10:47.870623,WNTR,23.94,23.9,23.94,1469300.0,2206600.0,0,0,0,0,0,0
2.0,1.0,1.0,,Aggregate Position Limit,Your CRO has set the aggregate position limit to 13000 shares for this week.,151,2026-02-01 08:10:48.903648,SPNG,26.17,26.02,26.08,2146200.0,1989100.0,0,0,0,0,0,0
1.0,1.0,1.0,,Welcome to the RITC 2026 Alogithmic Market Making Case - practice server,,151,2026-02-01 08:10:48.903648,SMMR,24.73,24.73,24.75,2223300.0,1835200.0,0,0,0,0,0,0
,,,,,,151,2026-02-01 08:10:48.903648,ATMN,26.05,25.66,26.05,2177000.0,1998900.0,0,0,0,0,0,0
,,,,,,151,2026-02-01 08:10:48.903648,WNTR,23.9,23.9,23.93,1469300.0,2204100.0,0,0,0,0,0,0
2.0,1.0,1.0,,Aggregate Position Limit,Your CRO has set the aggregate position limit to 13000 shares for this week.,152,2026-02-01 08:10:49.940660,SPNG,25.91,25.91,26.69,2140200.0,1756300.0,0,0,0,0,0,0
1.0,1.0,1.0,,Welcome to the RITC 2026 Alogithmic Market Making Case - practice server,,152,2026-02-01 08:10:49.940660,SMMR,24.94,24.93,24.94,2224400.0,1395900.0,0,0,0,0,0,0
,,,,,,152,2026-02-01 08:10:49.940660,ATMN,26.04,25.59,26.04,2200800.0,2004500.0,0,0,0,0,0,0
,,,,,,152,2026-02-01 08:10:49.940660,WNTR,23.93,23.9,23.93,1814800.0,2204100.0,0,0,0,0,0,0
2.0,1.0,1.0,,Aggregate Position Limit,Your CRO has set the aggregate position limit to 13000 shares for this week.,153,2026-02-01 08:10:50.967312,SPNG,25.91,26.21,26.68,2115900.0,1957000.0,0,0,0,0,0,0
1.0,1.0,1.0,,Welcome to the RITC 2026 Alogithmic Market Making Case - practice server,,153,2026-02-01 08:10:50.967312,SMMR,24.96,24.93,24.96,2224400.0,1518100.0,0,0,0,0,0,0
,,,,,,153,2026-02-01 08:10:50.967312,ATMN,25.59,25.59,26.06,2200800.0,1963300.0,0,0,0,0,0,0
,,,,,,153,2026-02-01 08:10:50.967312,WNTR,23.86,23.86,23.93,1815100.0,2173600.0,0,0,0,0,0,0
2.0,1.0,1.0,,Aggregate Position Limit,Your CRO has set the aggregate position limit to 13000 shares for this week.,154,2026-02-01 08:10:51.999420,SPNG,26.21,25.91,26.18,2115500.0,1996000.0,0,0,0,0,0,0
1.0,1.0,1.0,,Welcome to the RITC 2026 Alogithmic Market Making Case - practice server,,154,2026-02-01 08:10:51.999420,SMMR,24.64,24.66,24.96,2220500.0,1518100.0,0,0,0,0,0,0
,,,,,,154,2026-02-01 08:10:51.999420,ATMN,25.59,25.59,25.89,2188100.0,2004900.0,0,0,0,0,0,0
,,,,,,154,2026-02-01 08:10:51.999420,WNTR,23.93,23.93,23.94,1938500.0,2205200.0,0,0,0,0,0,0
2.0,1.0,1.0,,Aggregate Position Limit,Your CRO has set the aggregate position limit to 13000 shares for this week.,155,2026-02-01 08:10:53.034987,SPNG,26.68,25.91,26.53,2115500.0,1969700.0,0,0,0,0,0,0
1.0,1.0,1.0,,Welcome to the RITC 2026 Alogithmic Market Making Case - practice server,,155,2026-02-01 08:10:53.034987,SMMR,24.91,24.91,24.93,2242500.0,1716300.0,0,0,0,0,0,0
,,,,,,155,2026-02-01 08:10:53.034987,ATMN,26.16,25.59,26.16,2166800.0,1949200.0,0,0,0,0,0,0
,,,,,,155,2026-02-01 08:10:53.034987,WNTR,23.82,23.82,23.95,1723700.0,2173900.0,0,0,0,0,0,0
2.0,1.0,1.0,,Aggregate Position Limit,Your CRO has set the aggregate position limit to 13000 shares for this week.,156,2026-02-01 08:10:54.059588,SPNG,25.91,25.91,25.92,2147700.0,1974400.0,0,0,0,0,0,0
1.0,1.0,1.0,,Welcome to the RITC 2026 Alogithmic Market Making Case - practice server,,156,2026-02-01 08:10:54.059588,SMMR,24.91,24.66,24.67,2242100.0,1941800.0,0,0,0,0,0,0
,,,,,,156,2026-02-01 08:10:54.059588,ATMN,25.54,25.54,26.16,2164900.0,1989300.0,0,0,0,0,0,0
,,,,,,156,2026-02-01 08:10:54.059588,WNTR,23.85,23.87,23.95,1977100.0,2198200.0,0,0,0,0,0,0
2.0,1.0,1.0,,Aggregate Position Limit,Your CRO has set the aggregate position limit to 13000 shares for this week.,157,2026-02-01 08:10:55.099480,SPNG,25.91,25.91,25.92,2144400.0,1974400.0,0,0,0,0,0,0
1.0,1.0,1.0,,Welcome to the RITC 2026 Alogithmic Market Making Case - practice server,,157,2026-02-01 08:10:55.099480,SMMR,24.96,24.66,24.96,2250100.0,1717900.0,0,0,0,0,0,0
,,,,,,157,2026-02-01 08:10:55.099480,ATMN,25.45,25.45,25.92,2167800.0,2027900.0,0,0,0,0,0,0
,,,,,,157,2026-02-01 08:10:55.099480,WNTR,23.95,23.96,23.97,2067000.0,2185200.0,0,0,0,0,0,0
2.0,1.0,1.0,,Aggregate Position Limit,Your CRO has set the aggregate position limit to 13000 shares for this week.,158,2026-02-01 08:10:56.132732,SPNG,25.89,25.89,26.53,2098300.0,1996100.0,0,0,0,0,0,0
1.0,1.0,1.0,,Welcome to the RITC 2026 Alogithmic Market Making Case - practice server,,158,2026-02-01 08:10:56.132732,SMMR,24.66,24.66,24.75,2250100.0,1908400.0,0,0,0,0,0,0
,,,,,,158,2026-02-01 08:10:56.132732,ATMN,25.45,25.45,25.8,2167800.0,2043700.0,0,0,0,0,0,0
,,,,,,158,2026-02-01 08:10:56.132732,WNTR,23.82,23.82,23.91,1736800.0,2173600.0,0,0,0,0,0,0
2.0,1.0,1.0,,Aggregate Position Limit,Your CRO has set the aggregate position limit to 13000 shares for this week.,159,2026-02-01 08:10:57.163098,SPNG,26.53,25.89,26.53,2098300.0,2029200.0,0,0,0,0,0,0
1.0,1.0,1.0,,Welcome to the RITC 2026 Alogithmic Market Making Case - practice server,,159,2026-02-01 08:10:57.163098,SMMR,24.64,24.64,24.68,2268900.0,2015400.0,0,0,0,0,0,0
,,,,,,159,2026-02-01 08:10:57.163098,ATMN,25.45,25.45,25.58,2167400.0,2055600.0,0,0,0,0,0,0
,,,,,,159,2026-02-01 08:10:57.163098,WNTR,23.82,23.82,23.97,1883000.0,2180800.0,0,0,0,0,0,0
2.0,1.0,1.0,,Aggregate Position Limit,Your CRO has set the aggregate position limit to 13000 shares for this week.,160,2026-02-01 08:10:58.197052,SPNG,26.56,26.58,26.68,2125600.0,2012400.0,0,0,0,0,0,0
1.0,1.0,1.0,,Welcome to the RITC 2026 Alogithmic Market Making Case - practice server,,160,2026-02-01 08:10:58.197052,SMMR,24.64,24.64,24.68,2276500.0,2017000.0,0,0,0,0,0,0
,,,,,,160,2026-02-01 08:10:58.197052,ATMN,25.58,25.72,25.8,2184600.0,2043700.0,0,0,0,0,0,0
,,,,,,160,2026-02-01 08:10:58.197052,WNTR,23.98,23.82,23.89,1980300.0,2195900.0,0,0,0,0,0,0
2.0,1.0,1.0,,Aggregate Position Limit,Your CRO has set the aggregate position limit to 13000 shares for this week.,161,2026-02-01 08:10:59.235416,SPNG,25.88,25.88,26.14,2086400.0,2017300.0,0,0,0,0,0,0
1.0,1.0,1.0,,Welcome to the RITC 2026 Alogithmic Market Making Case - practice server,,161,2026-02-01 08:10:59.235416,SMMR,24.62,24.62,24.68,2289700.0,2017000.0,0,0,0,0,0,0
,,,,,,161,2026-02-01 08:10:59.235416,ATMN,25.58,25.72,25.8,2154700.0,2042200.0,0,0,0,0,0,0
,,,,,,161,2026-02-01 08:10:59.235416,WNTR,23.98,23.82,23.98,1855900.0,2190600.0,0,0,0,0,0,0
2.0,1.0,1.0,,Aggregate Position Limit,Your CRO has set the aggregate position limit to 13000 shares for this week.,162,2026-02-01 08:11:00.282508,SPNG,26.68,25.88,26.68,2086400.0,2012400.0,0,0,0,0,0,0
1.0,1.0,1.0,,Welcome to the RITC 2026 Alogithmic Market Making Case - practice server,,162,2026-02-01 08:11:00.282508,SMMR,24.68,24.62,24.68,2283100.0,2017000.0,0,0,0,0,0,0
,,,,,,162,2026-02-01 08:11:00.282508,ATMN,25.78,25.78,25.8,2132500.0,2068000.0,0,0,0,0,0,0
,,,,,,162,2026-02-01 08:11:00.282508,WNTR,23.99,23.82,23.99,1855900.0,2204300.0,0,0,0,0,0,0
2.0,1.0,1.0,,Aggregate Position Limit,Your CRO has set the aggregate position limit to 13000 shares for this week.,163,2026-02-01 08:11:01.314480,SPNG,26.11,26.27,26.68,2110000.0,2026500.0,0,0,0,0,0,0
1.0,1.0,1.0,,Welcome to the RITC 2026 Alogithmic Market Making Case - practice server,,163,2026-02-01 08:11:01.314480,SMMR,24.62,24.62,24.69,2297100.0,2024900.0,0,0,0,0,0,0
,,,,,,163,2026-02-01 08:11:01.314480,ATMN,25.45,25.45,25.8,2130000.0,2068000.0,0,0,0,0,0,0
,,,,,,163,2026-02-01 08:11:01.314480,WNTR,23.9,23.82,23.86,1855900.0,2190400.0,0,0,0,0,0,0
2.0,1.0,1.0,,Aggregate Position Limit,Your CRO has set the aggregate position limit to 13000 shares for this week.,164,2026-02-01 08:11:02.344326,SPNG,26.27,26.23,26.24,2112200.0,2047900.0,0,0,0,0,0,0
1.0,1.0,1.0,,Welcome to the RITC 2026 Alogithmic Market Making Case - practice server,,164,2026-02-01 08:11:02.344326,SMMR,24.67,24.62,24.64,2297100.0,2069000.0,0,0,0,0,0,0
,,,,,,164,2026-02-01 08:11:02.344326,ATMN,25.45,25.47,25.63,2135100.0,2080900.0,0,0,0,0,0,0
,,,,,,164,2026-02-01 08:11:02.344326,WNTR,23.8,23.8,23.86,1954700.0,2190400.0,0,0,0,0,0,0
2.0,1.0,1.0,,Aggregate Position Limit,Your CRO has set the aggregate position limit to 13000 shares for this week.,165,2026-02-01 08:11:03.369256,SPNG,26.23,26.23,26.24,2138600.0,2047900.0,0,0,0,0,0,0
1.0,1.0,1.0,,Welcome to the RITC 2026 Alogithmic Market Making Case - practice server,,165,2026-02-01 08:11:03.369256,SMMR,24.64,24.62,24.64,2297100.0,2052000.0,0,0,0,0,0,0
,,,,,,165,2026-02-01 08:11:03.369256,ATMN,25.45,25.49,25.63,2103500.0,2080900.0,0,0,0,0,0,0
,,,,,,165,2026-02-01 08:11:03.369256,WNTR,23.8,23.8,23.86,1948800.0,2231100.0,0,0,0,0,0,0
2.0,1.0,1.0,,Aggregate Position Limit,Your CRO has set the aggregate position limit to 13000 shares for this week.,166,2026-02-01 08:11:04.390311,SPNG,26.23,26.23,26.24,2151800.0,2047900.0,0,0,0,0,0,0
1.0,1.0,1.0,,Welcome to the RITC 2026 Alogithmic Market Making Case - practice server,,166,2026-02-01 08:11:04.390311,SMMR,24.7,24.63,24.7,2289400.0,2039100.0,0,0,0,0,0,0
,,,,,,166,2026-02-01 08:11:04.390311,ATMN,25.44,25.44,25.63,2138800.0,2080900.0,0,0,0,0,0,0
,,,,,,166,2026-02-01 08:11:04.390311,WNTR,23.8,23.8,23.85,2051900.0,2236000.0,0,0,0,0,0,0
2.0,1.0,1.0,,Aggregate Position Limit,Your CRO has set the aggregate position limit to 13000 shares for this week.,167,2026-02-01 08:11:05.424534,SPNG,26.68,26.23,26.68,2151800.0,2053700.0,0,0,0,0,0,0
1.0,1.0,1.0,,Welcome to the RITC 2026 Alogithmic Market Making Case - practice server,,167,2026-02-01 08:11:05.424534,SMMR,24.71,24.68,24.71,2301600.0,2043000.0,0,0,0,0,0,0
,,,,,,167,2026-02-01 08:11:05.424534,ATMN,25.68,25.44,25.62,2138800.0,2064800.0,0,0,0,0,0,0
,,,,,,167,2026-02-01 08:11:05.424534,WNTR,23.79,23.79,23.85,1924300.0,2236000.0,0,0,0,0,0,0
2.0,1.0,1.0,,Aggregate Position Limit,Your CRO has set the aggregate position limit to 13000 shares for this week.,168,2026-02-01 08:11:06.464192,SPNG,25.88,25.88,26.66,2128000.0,2096800.0,0,0,0,0,0,0
1.0,1.0,1.0,,Welcome to the RITC 2026 Alogithmic Market Making Case - practice server,,168,2026-02-01 08:11:06.464192,SMMR,24.68,24.63,24.68,2311700.0,2050000.0,0,0,0,0,0,0
,,,,,,168,2026-02-01 08:11:06.464192,ATMN,25.42,25.42,25.62,2166100.0,2054300.0,0,0,0,0,0,0
,,,,,,168,2026-02-01 08:11:06.464192,WNTR,23.92,23.79,23.92,1799800.0,2213700.0,0,0,0,0,0,0
2.0,1.0,1.0,,Aggregate Position Limit,Your CRO has set the aggregate position limit to 13000 shares for this week.,169,2026-02-01 08:11:07.500064,SPNG,26.14,25.88,26.14,2128000.0,2070500.0,0,0,0,0,0,0
1.0,1.0,1.0,,Welcome to the RITC 2026 Alogithmic Market Making Case - practice server,,169,2026-02-01 08:11:07.500064,SMMR,24.63,24.63,24.68,2311700.0,2050000.0,0,0,0,0,0,0
,,,,,,169,2026-02-01 08:11:07.500064,ATMN,25.42,25.42,25.48,2166100.0,2041800.0,0,0,0,0,0,0
,,,,,,169,2026-02-01 08:11:07.500064,WNTR,23.91,23.79,23.91,1907700.0,2227300.0,0,0,0,0,0,0
2.0,1.0,1.0,,Aggregate Position Limit,Your CRO has set the aggregate position limit to 13000 shares for this week.,170,2026-02-01 08:11:08.534343,SPNG,26.14,26.22,26.66,2130700.0,2096800.0,0,0,0,0,0,0
1.0,1.0,1.0,,Welcome to the RITC 2026 Alogithmic Market Making Case - practice server,,170,2026-02-01 08:11:08.534343,SMMR,24.79,24.78,24.79,2316800.0,2018900.0,0,0,0,0,0,0
,,,,,,170,2026-02-01 08:11:08.534343,ATMN,25.4,25.4,25.49,2205800.0,2047200.0,0,0,0,0,0,0
,,,,,,170,2026-02-01 08:11:08.534343,WNTR,23.91,23.89,23.91,2257800.0,2227300.0,0,0,0,0,0,0
2.0,1.0,1.0,,Aggregate Position Limit,Your CRO has set the aggregate position limit to 13000 shares for this week.,171,2026-02-01 08:11:09.560811,SPNG,26.7,25.88,26.7,2128000.0,2038700.0,0,0,0,0,0,0
1.0,1.0,1.0,,Welcome to the RITC 2026 Alogithmic Market Making Case - practice server,,171,2026-02-01 08:11:09.560811,SMMR,24.62,24.62,24.79,2284600.0,2036100.0,0,0,0,0,0,0
,,,,,,171,2026-02-01 08:11:09.560811,ATMN,25.68,25.39,25.68,2196900.0,2045400.0,0,0,0,0,0,0
,,,,,,171,2026-02-01 08:11:09.560811,WNTR,23.79,23.79,23.92,2233000.0,2202600.0,0,0,0,0,0,0
2.0,1.0,1.0,,Aggregate Position Limit,Your CRO has set the aggregate position limit to 13000 shares for this week.,172,2026-02-01 08:11:10.591647,SPNG,26.55,25.88,26.41,2135500.0,2047600.0,0,0,0,0,0,0
1.0,1.0,1.0,,Welcome to the RITC 2026 Alogithmic Market Making Case - practice server,,172,2026-02-01 08:11:10.591647,SMMR,24.62,24.62,24.79,2288400.0,2036100.0,0,0,0,0,0,0
,,,,,,172,2026-02-01 08:11:10.591647,ATMN,25.36,25.36,25.62,2216200.0,2049700.0,0,0,0,0,0,0
,,,,,,172,2026-02-01 08:11:10.591647,WNTR,23.79,23.8,23.82,2355100.0,2224000.0,0,0,0,0,0,0
2.0,1.0,1.0,,Aggregate Position Limit,Your CRO has set the aggregate position limit to 13000 shares for this week.,173,2026-02-01 08:11:11.625237,SPNG,26.55,26.21,26.41,2145100.0,2047600.0,0,0,0,0,0,0
1.0,1.0,1.0,,Welcome to the RITC 2026 Alogithmic Market Making Case - practice server,,173,2026-02-01 08:11:11.625237,SMMR,24.79,24.62,24.79,2288400.0,2036200.0,0,0,0,0,0,0
,,,,,,173,2026-02-01 08:11:11.625237,ATMN,25.34,25.34,25.62,2220300.0,2066900.0,0,0,0,0,0,0
,,,,,,173,2026-02-01 08:11:11.625237,WNTR,23.92,23.8,23.92,2334200.0,2223500.0,0,0,0,0,0,0
2.0,1.0,1.0,,Aggregate Position Limit,Your CRO has set the aggregate position limit to 13000 shares for this week.,174,2026-02-01 08:11:12.655834,SPNG,26.7,25.87,26.7,2167800.0,2038700.0,0,0,0,0,0,0
1.0,1.0,1.0,,Welcome to the RITC 2026 Alogithmic Market Making Case - practice server,,174,2026-02-01 08:11:12.655834,SMMR,24.8,24.65,24.68,2290000.0,2040500.0,0,0,0,0,0,0
,,,,,,174,2026-02-01 08:11:12.655834,ATMN,25.32,25.32,25.42,2293200.0,2083800.0,0,0,0,0,0,0
,,,,,,174,2026-02-01 08:11:12.655834,WNTR,23.92,23.8,23.92,2316600.0,2239900.0,0,0,0,0,0,0
2.0,1.0,1.0,,Aggregate Position Limit,Your CRO has set the aggregate position limit to 13000 shares for this week.,176,2026-02-01 08:11:13.690696,SPNG,26.7,25.87,26.03,2153400.0,2036500.0,0,0,0,0,0,0
1.0,1.0,1.0,,Welcome to the RITC 2026 Alogithmic Market Making Case - practice server,,176,2026-02-01 08:11:13.690696,SMMR,24.68,24.69,24.8,2286400.0,2018900.0,0,0,0,0,0,0
,,,,,,176,2026-02-01 08:11:13.690696,ATMN,25.51,25.21,25.51,2308300.0,2081300.0,0,0,0,0,0,0
,,,,,,176,2026-02-01 08:11:13.690696,WNTR,23.8,23.8,23.82,2316600.0,2235600.0,0,0,0,0,0,0
2.0,1.0,1.0,,Aggregate Position Limit,Your CRO has set the aggregate position limit to 13000 shares for this week.,177,2026-02-01 08:11:14.721708,SPNG,25.84,25.84,26.7,2182200.0,2056700.0,0,0,0,0,0,0
1.0,1.0,1.0,,Welcome to the RITC 2026 Alogithmic Market Making Case - practice server,,177,2026-02-01 08:11:14.721708,SMMR,24.8,24.8,24.82,2289900.0,2043000.0,0,0,0,0,0,0
,,,,,,177,2026-02-01 08:11:14.721708,ATMN,25.15,25.15,25.51,2310500.0,2088200.0,0,0,0,0,0,0
,,,,,,177,2026-02-01 08:11:14.721708,WNTR,23.99,23.78,23.99,2319100.0,2196500.0,0,0,0,0,0,0
2.0,1.0,1.0,,Aggregate Position Limit,Your CRO has set the aggregate position limit to 13000 shares for this week.,178,2026-02-01 08:11:15.754881,SPNG,26.42,26.42,26.53,2177100.0,2076100.0,0,0,0,0,0,0
1.0,1.0,1.0,,Welcome to the RITC 2026 Alogithmic Market Making Case - practice server,,178,2026-02-01 08:11:15.754881,SMMR,24.65,24.65,24.7,2292100.0,2024200.0,0,0,0,0,0,0
,,,,,,178,2026-02-01 08:11:15.754881,ATMN,25.58,25.28,25.58,2262600.0,2063000.0,0,0,0,0,0,0
,,,,,,178,2026-02-01 08:11:15.754881,WNTR,23.99,23.86,23.92,2319400.0,2219600.0,0,0,0,0,0,0
2.0,1.0,1.0,,Aggregate Position Limit,Your CRO has set the aggregate position limit to 13000 shares for this week.,179,2026-02-01 08:11:16.794703,SPNG,26.42,25.84,26.01,2182200.0,2055000.0,0,0,0,0,0,0
1.0,1.0,1.0,,Welcome to the RITC 2026 Alogithmic Market Making Case - practice server,,179,2026-02-01 08:11:16.794703,SMMR,24.74,24.65,24.74,2292100.0,2071500.0,0,0,0,0,0,0
,,,,,,179,2026-02-01 08:11:16.794703,ATMN,25.58,25.28,25.3,2262600.0,2059200.0,0,0,0,0,0,0
,,,,,,179,2026-02-01 08:11:16.794703,WNTR,23.86,23.86,23.92,2311200.0,2248400.0,0,0,0,0,0,0
2.0,1.0,1.0,,Aggregate Position Limit,Your CRO has set the aggregate position limit to 13000 shares for this week.,180,2026-02-01 08:11:17.839395,SPNG,26.42,24.99,0.0,200000.0,,0,0,0,0,0,0
1.0,1.0,1.0,,Welcome to the RITC 2026 Alogithmic Market Making Case - practice server,,180,2026-02-01 08:11:17.839395,SMMR,24.82,24.83,24.93,822500.0,783000.0,0,0,0,0,0,0
,,,,,,180,2026-02-01 08:11:17.839395,ATMN,25.15,25.4,25.7,955300.0,729000.0,0,0,0,0,0,0
,,,,,,180,2026-02-01 08:11:17.839395,WNTR,24.88,24.88,24.94,802600.0,593500.0,0,0,0,0,0,0
2.0,1.0,1.0,,Aggregate Position Limit,Your CRO has set the aggregate position limit to 13000 shares for this week.,181,2026-02-01 08:11:18.878621,SPNG,26.42,24.99,25.15,1008000.0,973200.0,0,0,0,0,0,0
1.0,1.0,1.0,,Welcome to the RITC 2026 Alogithmic Market Making Case - practice server,,181,2026-02-01 08:11:18.878621,SMMR,24.56,24.56,24.93,872700.0,783000.0,0,0,0,0,0,0
,,,,,,181,2026-02-01 08:11:18.878621,ATMN,25.32,25.5,25.7,1091100.0,729000.0,0,0,0,0,0,0
,,,,,,181,2026-02-01 08:11:18.878621,WNTR,24.88,24.61,24.77,1150000.0,801000.0,0,0,0,0,0,0
2.0,1.0,1.0,,Aggregate Position Limit,Your CRO has set the aggregate position limit to 13000 shares for this week.,182,2026-02-01 08:11:19.919525,SPNG,24.99,24.99,25.15,1020000.0,1065800.0,0,0,0,0,0,0
1.0,1.0,1.0,,Welcome to the RITC 2026 Alogithmic Market Making Case - practice server,,182,2026-02-01 08:11:19.919525,SMMR,24.83,24.62,24.79,975300.0,1006900.0,0,0,0,0,0,0
,,,,,,182,2026-02-01 08:11:19.919525,ATMN,25.7,25.03,25.7,1159100.0,729000.0,0,0,0,0,0,0
,,,,,,182,2026-02-01 08:11:19.919525,WNTR,24.93,24.61,24.89,1276700.0,887700.0,0,0,0,0,0,0
2.0,1.0,1.0,,Aggregate Position Limit,Your CRO has set the aggregate position limit to 13000 shares for this week.,183,2026-02-01 08:11:20.963471,SPNG,25.34,24.85,25.34,1138700.0,936800.0,0,0,0,0,0,0
1.0,1.0,1.0,,Welcome to the RITC 2026 Alogithmic Market Making Case - practice server,,183,2026-02-01 08:11:20.963471,SMMR,24.56,24.63,24.93,964000.0,883200.0,0,0,0,0,0,0
,,,,,,183,2026-02-01 08:11:20.963471,ATMN,25.7,25.36,25.7,1365600.0,829500.0,0,0,0,0,0,0
,,,,,,183,2026-02-01 08:11:20.963471,WNTR,24.89,24.92,24.94,1603900.0,788800.0,0,0,0,0,0,0
2.0,1.0,1.0,,Aggregate Position Limit,Your CRO has set the aggregate position limit to 13000 shares for this week.,184,2026-02-01 08:11:21.992284,SPNG,24.57,24.98,25.34,1304200.0,936800.0,0,0,0,0,0,0
1.0,1.0,1.0,,Welcome to the RITC 2026 Alogithmic Market Making Case - practice server,,184,2026-02-01 08:11:21.992284,SMMR,24.56,24.82,24.84,1155100.0,999400.0,0,0,0,0,0,0
,,,,,,184,2026-02-01 08:11:21.992284,ATMN,25.36,25.03,25.07,1497300.0,941700.0,0,0,0,0,0,0
,,,,,,184,2026-02-01 08:11:21.992284,WNTR,24.8,24.8,24.83,1696000.0,914700.0,0,0,0,0,0,0
2.0,1.0,1.0,,Aggregate Position Limit,Your CRO has set the aggregate position limit to 13000 shares for this week.,185,2026-02-01 08:11:23.020065,SPNG,24.57,24.98,25.34,1304200.0,1185100.0,0,0,0,0,0,0
1.0,1.0,1.0,,Welcome to the RITC 2026 Alogithmic Market Making Case - practice server,,185,2026-02-01 08:11:23.020065,SMMR,24.72,24.73,24.84,1176700.0,1090400.0,0,0,0,0,0,0
,,,,,,185,2026-02-01 08:11:23.020065,ATMN,25.36,25.03,25.07,1789500.0,941700.0,0,0,0,0,0,0
,,,,,,185,2026-02-01 08:11:23.020065,WNTR,24.8,24.8,24.83,1787800.0,1108300.0,0,0,0,0,0,0
