news_id,period,tick,ticker,headline,body,tick,timestamp,ticker,last_price,bid_price,ask_price,BUY_ANON,BUY_COLA-6,SELL_ANON,SELL_COLA-6,SELL_LUIS-1,BUY_LUIS-1,BUY_CHUL-1,SELL_CHUL-1
2.0,1.0,1.0,,Aggregate Position Limit,Your CRO has set the aggregate position limit to 11000 shares for this week.,2,2026-02-01 10:57:28.166990,SPNG,24.96,24.96,25.18,2013400.0,900.0,2327500.0,,0,0,0,0
1.0,1.0,1.0,,Welcome to the RITC 2026 Alogithmic Market Making Case - practice server,,2,2026-02-01 10:57:28.166990,SMMR,25.04,25.01,25.04,2066800.0,461.0,1868700.0,,0,0,0,0
,,,,,,2,2026-02-01 10:57:28.166990,ATMN,0.0,24.92,25.1,2273600.0,385.0,2288200.0,385.0,0,0,0,0
,,,,,,2,2026-02-01 10:57:28.166990,WNTR,25.01,24.97,25.0,2020000.0,595.0,1986000.0,595.0,0,0,0,0
2.0,1.0,1.0,,Aggregate Position Limit,Your CRO has set the aggregate position limit to 11000 shares for this week.,3,2026-02-01 10:57:29.197599,SPNG,24.44,24.44,25.18,1769400.0,2185200.0,900.0,,0,0,0,0
1.0,1.0,1.0,,Welcome to the RITC 2026 Alogithmic Market Making Case - practice server,,3,2026-02-01 10:57:29.197599,SMMR,24.92,24.89,24.9,2024100.0,1998900.0,459.0,459.0,0,0,0,0
,,,,,,3,2026-02-01 10:57:29.197599,ATMN,25.1,25.13,25.18,2316500.0,2390600.0,,385.0,0,0,0,0
,,,,,,3,2026-02-01 10:57:29.197599,WNTR,25.02,24.97,25.02,2025100.0,2127300.0,,1700.0,0,0,0,0
2.0,1.0,1.0,,Aggregate Position Limit,Your CRO has set the aggregate position limit to 11000 shares for this week.,4,2026-02-01 10:57:30.214991,SPNG,24.44,25.06,25.18,2120600.0,250.0,2185200.0,250.0,0,0,0,0
1.0,1.0,1.0,,Welcome to the RITC 2026 Alogithmic Market Making Case - practice server,,4,2026-02-01 10:57:30.214991,SMMR,24.9,24.91,24.96,2111200.0,,1977600.0,197.0,0,0,0,0
,,,,,,4,2026-02-01 10:57:30.214991,ATMN,25.18,24.92,25.15,2273600.0,349.0,2269900.0,349.0,0,0,0,0
,,,,,,4,2026-02-01 10:57:30.214991,WNTR,24.88,24.88,24.99,2033000.0,,1988900.0,1700.0,0,0,0,0
2.0,1.0,1.0,,Aggregate Position Limit,Your CRO has set the aggregate position limit to 11000 shares for this week.,5,2026-02-01 10:57:31.232371,SPNG,25.28,25.06,25.24,2120600.0,260.0,2159400.0,260.0,0,0,0,0
1.0,1.0,1.0,,Welcome to the RITC 2026 Alogithmic Market Making Case - practice server,,5,2026-02-01 10:57:31.232371,SMMR,24.9,24.92,24.99,2163100.0,,1993800.0,197.0,0,0,0,0
,,,,,,5,2026-02-01 10:57:31.232371,ATMN,24.92,24.92,25.18,2278300.0,349.0,2272500.0,349.0,0,0,0,0
,,,,,,5,2026-02-01 10:57:31.232371,WNTR,24.87,24.88,24.99,1910000.0,595.0,2009300.0,595.0,0,0,0,0
2.0,1.0,1.0,,Aggregate Position Limit,Your CRO has set the aggregate position limit to 11000 shares for this week.,6,2026-02-01 10:57:32.261897,SPNG,24.37,24.37,25.24,1929800.0,2152300.0,260.0,,0,0,0,0
1.0,1.0,1.0,,Welcome to the RITC 2026 Alogithmic Market Making Case - practice server,,6,2026-02-01 10:57:32.261897,SMMR,25.02,25.02,25.04,2058100.0,2070700.0,,459.0,0,0,0,0
,,,,,,6,2026-02-01 10:57:32.261897,ATMN,24.92,25.14,25.18,2253300.0,2262100.0,997.0,997.0,0,0,0,0
,,,,,,6,2026-02-01 10:57:32.261897,WNTR,24.82,24.88,24.99,2055000.0,2004700.0,1603.0,1603.0,0,0,0,0
2.0,1.0,1.0,,Aggregate Position Limit,Your CRO has set the aggregate position limit to 11000 shares for this week.,7,2026-02-01 10:57:33.296281,SPNG,24.37,25.11,25.24,2156300.0,250.0,2159600.0,260.0,0,0,0,0
1.0,1.0,1.0,,Welcome to the RITC 2026 Alogithmic Market Making Case - practice server,,7,2026-02-01 10:57:33.296281,SMMR,24.93,24.93,25.04,2184000.0,,2015900.0,487.0,0,0,0,0
,,,,,,7,2026-02-01 10:57:33.296281,ATMN,25.14,24.92,25.04,2278300.0,349.0,2252700.0,349.0,0,0,0,0
,,,,,,7,2026-02-01 10:57:33.296281,WNTR,24.99,24.99,25.02,2072700.0,1480.0,2133900.0,,0,0,0,0
2.0,1.0,1.0,,Aggregate Position Limit,Your CRO has set the aggregate position limit to 11000 shares for this week.,8,2026-02-01 10:57:34.318861,SPNG,24.37,24.37,25.12,1929800.0,2193200.0,250.0,,0,0,0,0
1.0,1.0,1.0,,Welcome to the RITC 2026 Alogithmic Market Making Case - practice server,,8,2026-02-01 10:57:34.318861,SMMR,24.92,24.97,25.04,2068600.0,2015900.0,458.0,458.0,0,0,0,0
,,,,,,8,2026-02-01 10:57:34.318861,ATMN,25.04,24.92,25.04,2275000.0,2252700.0,349.0,349.0,0,0,0,0
,,,,,,8,2026-02-01 10:57:34.318861,WNTR,25.02,24.97,25.02,2049200.0,2140000.0,,1480.0,0,0,0,0
2.0,1.0,1.0,,Aggregate Position Limit,Your CRO has set the aggregate position limit to 11000 shares for this week.,9,2026-02-01 10:57:35.348960,SPNG,24.37,24.85,25.12,2300300.0,240.0,2193200.0,240.0,0,0,0,0
1.0,1.0,1.0,,Welcome to the RITC 2026 Alogithmic Market Making Case - practice server,,9,2026-02-01 10:57:35.348960,SMMR,24.92,24.92,25.04,2153800.0,,2019000.0,1308.0,0,0,0,0
,,,,,,9,2026-02-01 10:57:35.348960,ATMN,24.87,24.68,24.87,2277000.0,349.0,2392200.0,,0,0,0,0
,,,,,,9,2026-02-01 10:57:35.348960,WNTR,24.81,24.81,25.02,1831900.0,,2021200.0,449.0,0,0,0,0
2.0,1.0,1.0,,Aggregate Position Limit,Your CRO has set the aggregate position limit to 11000 shares for this week.,10,2026-02-01 10:57:36.379569,SPNG,25.24,24.82,25.24,240.0,2042000.0,2258600.0,,0,0,0,0
1.0,1.0,1.0,,Welcome to the RITC 2026 Alogithmic Market Making Case - practice server,,10,2026-02-01 10:57:36.379569,SMMR,24.92,24.92,25.04,814.0,2043000.0,2027300.0,814.0,0,0,0,0
,,,,,,10,2026-02-01 10:57:36.379569,ATMN,24.87,24.72,24.87,365.0,2278200.0,2262900.0,349.0,0,0,0,0
,,,,,,10,2026-02-01 10:57:36.379569,WNTR,25.05,24.81,25.05,449.0,1831900.0,2001900.0,481.0,0,0,0,0
2.0,1.0,1.0,,Aggregate Position Limit,Your CRO has set the aggregate position limit to 11000 shares for this week.,11,2026-02-01 10:57:37.405343,SPNG,25.3,24.79,25.24,249.0,2158900.0,249.0,2170300.0,0,0,0,0
1.0,1.0,1.0,,Welcome to the RITC 2026 Alogithmic Market Making Case - practice server,,11,2026-02-01 10:57:37.405343,SMMR,25.05,24.97,25.05,1086.0,2039100.0,,2119700.0,0,0,0,0
,,,,,,11,2026-02-01 10:57:37.405343,ATMN,24.87,24.84,24.87,157.0,2262600.0,,2392200.0,0,0,0,0
,,,,,,11,2026-02-01 10:57:37.405343,WNTR,25.05,24.9,24.97,206.0,2065300.0,,2109100.0,0,0,0,0
2.0,1.0,1.0,,Aggregate Position Limit,Your CRO has set the aggregate position limit to 11000 shares for this week.,12,2026-02-01 10:57:38.440279,SPNG,25.43,24.87,25.06,2287200.0,259.0,2212700.0,259.0,0,0,0,0
1.0,1.0,1.0,,Welcome to the RITC 2026 Alogithmic Market Making Case - practice server,,12,2026-02-01 10:57:38.440279,SMMR,25.05,24.97,25.05,2039100.0,1086.0,1936300.0,1270.0,0,0,0,0
,,,,,,12,2026-02-01 10:57:38.440279,ATMN,25.07,24.91,25.07,2233500.0,365.0,2249900.0,365.0,0,0,0,0
,,,,,,12,2026-02-01 10:57:38.440279,WNTR,25.05,24.9,24.93,2073000.0,1375.0,2139100.0,,0,0,0,0
2.0,1.0,1.0,,Aggregate Position Limit,Your CRO has set the aggregate position limit to 11000 shares for this week.,13,2026-02-01 10:57:39.466617,SPNG,24.78,24.49,24.78,2360800.0,2232300.0,259.0,,0,0,0,0
1.0,1.0,1.0,,Welcome to the RITC 2026 Alogithmic Market Making Case - practice server,,13,2026-02-01 10:57:39.466617,SMMR,25.05,24.97,25.05,2039100.0,1935800.0,952.0,1086.0,0,0,0,0
,,,,,,13,2026-02-01 10:57:39.466617,ATMN,24.73,24.73,25.07,2251500.0,2249900.0,365.0,365.0,0,0,0,0
,,,,,,13,2026-02-01 10:57:39.466617,WNTR,25.05,24.91,24.93,2080300.0,2010500.0,1031.0,1031.0,0,0,0,0
2.0,1.0,1.0,,Aggregate Position Limit,Your CRO has set the aggregate position limit to 11000 shares for this week.,14,2026-02-01 10:57:40.498950,SPNG,25.06,24.49,25.06,2272100.0,249.0,2339000.0,,0,0,0,0
1.0,1.0,1.0,,Welcome to the RITC 2026 Alogithmic Market Making Case - practice server,,14,2026-02-01 10:57:40.498950,SMMR,25.05,24.97,24.99,2032700.0,1086.0,1930500.0,1270.0,0,0,0,0
,,,,,,14,2026-02-01 10:57:40.498950,ATMN,24.98,24.87,24.92,2233800.0,382.0,2284400.0,365.0,0,0,0,0
,,,,,,14,2026-02-01 10:57:40.498950,WNTR,24.91,24.91,24.93,2072600.0,1375.0,1997700.0,1375.0,0,0,0,0
2.0,1.0,1.0,,Aggregate Position Limit,Your CRO has set the aggregate position limit to 11000 shares for this week.,15,2026-02-01 10:57:41.527082,SPNG,25.06,25.3,25.43,2329800.0,258.0,2328400.0,,0,0,0,0
1.0,1.0,1.0,,Welcome to the RITC 2026 Alogithmic Market Making Case - practice server,,15,2026-02-01 10:57:41.527082,SMMR,24.89,24.89,24.96,2170700.0,,1920900.0,1270.0,0,0,0,0
,,,,,,15,2026-02-01 10:57:41.527082,ATMN,24.98,24.91,24.92,2229100.0,382.0,2284400.0,382.0,0,0,0,0
,,,,,,15,2026-02-01 10:57:41.527082,WNTR,24.95,25.01,25.02,2085000.0,1375.0,2106000.0,,0,0,0,0
2.0,1.0,1.0,,Aggregate Position Limit,Your CRO has set the aggregate position limit to 11000 shares for this week.,16,2026-02-01 10:57:42.551624,SPNG,25.04,25.04,25.43,2316800.0,278.0,2197600.0,278.0,0,0,0,0
1.0,1.0,1.0,,Welcome to the RITC 2026 Alogithmic Market Making Case - practice server,,16,2026-02-01 10:57:42.551624,SMMR,24.87,24.87,24.96,2036000.0,369.0,1920900.0,369.0,0,0,0,0
,,,,,,16,2026-02-01 10:57:42.551624,ATMN,24.91,24.91,25.18,2229100.0,365.0,2271100.0,365.0,0,0,0,0
,,,,,,16,2026-02-01 10:57:42.551624,WNTR,24.95,25.01,25.02,2085000.0,283.0,2020600.0,283.0,0,0,0,0
2.0,1.0,1.0,,Aggregate Position Limit,Your CRO has set the aggregate position limit to 11000 shares for this week.,17,2026-02-01 10:57:43.581827,SPNG,25.04,25.07,25.12,2485700.0,2221500.0,278.0,,0,0,0,0
1.0,1.0,1.0,,Welcome to the RITC 2026 Alogithmic Market Making Case - practice server,,17,2026-02-01 10:57:43.581827,SMMR,24.96,24.87,24.96,2045600.0,1920900.0,369.0,369.0,0,0,0,0
,,,,,,17,2026-02-01 10:57:43.581827,ATMN,24.93,24.91,24.93,2345400.0,2408800.0,,,0,0,0,0
,,,,,,17,2026-02-01 10:57:43.581827,WNTR,24.9,24.9,24.91,2052300.0,2044800.0,283.0,283.0,0,0,0,0
2.0,1.0,1.0,,Aggregate Position Limit,Your CRO has set the aggregate position limit to 11000 shares for this week.,18,2026-02-01 10:57:44.612960,SPNG,25.04,25.07,25.12,2487000.0,2185400.0,278.0,,0,0,0,0
1.0,1.0,1.0,,Welcome to the RITC 2026 Alogithmic Market Making Case - practice server,,18,2026-02-01 10:57:44.612960,SMMR,24.99,24.96,24.99,2040000.0,2038300.0,,791.0,0,0,0,0
,,,,,,18,2026-02-01 10:57:44.612960,ATMN,24.73,25.07,25.18,2344600.0,2271100.0,372.0,,0,0,0,0
,,,,,,18,2026-02-01 10:57:44.612960,WNTR,24.88,24.88,24.91,2059900.0,2038300.0,303.0,303.0,0,0,0,0
2.0,1.0,1.0,,Aggregate Position Limit,Your CRO has set the aggregate position limit to 11000 shares for this week.,19,2026-02-01 10:57:45.643022,SPNG,25.07,25.07,25.12,2353500.0,595.0,2185400.0,595.0,0,0,0,0
1.0,1.0,1.0,,Welcome to the RITC 2026 Alogithmic Market Making Case - practice server,,19,2026-02-01 10:57:45.643022,SMMR,24.94,24.87,24.94,2156400.0,,1948000.0,416.0,0,0,0,0
,,,,,,19,2026-02-01 10:57:45.643022,ATMN,25.07,25.07,25.18,2247900.0,381.0,2263500.0,381.0,0,0,0,0
,,,,,,19,2026-02-01 10:57:45.643022,WNTR,24.93,24.88,24.93,2059900.0,324.0,2013400.0,324.0,0,0,0,0
2.0,1.0,1.0,,Aggregate Position Limit,Your CRO has set the aggregate position limit to 11000 shares for this week.,20,2026-02-01 10:57:46.665680,SPNG,25.12,25.04,25.12,2357400.0,729.0,2185400.0,729.0,0,0,0,0
1.0,1.0,1.0,,Welcome to the RITC 2026 Alogithmic Market Making Case - practice server,,20,2026-02-01 10:57:46.665680,SMMR,24.86,24.86,25.01,2071700.0,415.0,1919900.0,415.0,0,0,0,0
,,,,,,20,2026-02-01 10:57:46.665680,ATMN,24.73,24.73,25.18,2240300.0,363.0,2293800.0,381.0,0,0,0,0
,,,,,,20,2026-02-01 10:57:46.665680,WNTR,24.85,24.85,24.93,2152500.0,,2055100.0,693.0,0,0,0,0
2.0,1.0,1.0,,Aggregate Position Limit,Your CRO has set the aggregate position limit to 11000 shares for this week.,21,2026-02-01 10:57:47.690571,SPNG,25.04,24.81,24.92,2425200.0,2203900.0,401.0,,0,0,0,0
1.0,1.0,1.0,,Welcome to the RITC 2026 Alogithmic Market Making Case - practice server,,21,2026-02-01 10:57:47.690571,SMMR,25.02,25.0,25.02,2142800.0,1945900.0,651.0,,0,0,0,0
,,,,,,21,2026-02-01 10:57:47.690571,ATMN,24.96,24.96,25.18,2226600.0,2293800.0,381.0,363.0,0,0,0,0
,,,,,,21,2026-02-01 10:57:47.690571,WNTR,24.85,24.85,24.93,2006700.0,2147700.0,,587.0,0,0,0,0
2.0,1.0,1.0,,Aggregate Position Limit,Your CRO has set the aggregate position limit to 11000 shares for this week.,22,2026-02-01 10:57:48.717085,SPNG,25.12,24.94,25.12,2327100.0,255.0,2314200.0,,0,0,0,0
1.0,1.0,1.0,,Welcome to the RITC 2026 Alogithmic Market Making Case - practice server,,22,2026-02-01 10:57:48.717085,SMMR,25.02,25.0,25.02,2039500.0,439.0,1932700.0,439.0,0,0,0,0
,,,,,,22,2026-02-01 10:57:48.717085,ATMN,24.96,25.1,25.18,2248600.0,363.0,2284000.0,381.0,0,0,0,0
,,,,,,22,2026-02-01 10:57:48.717085,WNTR,24.95,24.84,24.93,2056900.0,1067.0,2050300.0,1067.0,0,0,0,0
2.0,1.0,1.0,,Aggregate Position Limit,Your CRO has set the aggregate position limit to 11000 shares for this week.,23,2026-02-01 10:57:49.747547,SPNG,24.81,24.81,24.98,2319100.0,255.0,2227100.0,255.0,0,0,0,0
1.0,1.0,1.0,,Welcome to the RITC 2026 Alogithmic Market Making Case - practice server,,23,2026-02-01 10:57:49.747547,SMMR,25.0,25.0,25.02,2002800.0,1255.0,1932700.0,439.0,0,0,0,0
,,,,,,23,2026-02-01 10:57:49.747547,ATMN,25.1,25.1,25.18,2270100.0,363.0,2284000.0,381.0,0,0,0,0
,,,,,,23,2026-02-01 10:57:49.747547,WNTR,24.95,24.81,24.95,2053500.0,,2185000.0,,0,0,0,0
2.0,1.0,1.0,,Aggregate Position Limit,Your CRO has set the aggregate position limit to 11000 shares for this week.,24,2026-02-01 10:57:50.787507,SPNG,24.98,24.94,24.98,2335400.0,255.0,2227100.0,255.0,0,0,0,0
1.0,1.0,1.0,,Welcome to the RITC 2026 Alogithmic Market Making Case - practice server,,24,2026-02-01 10:57:50.787507,SMMR,24.99,24.97,24.98,2107600.0,,1948100.0,573.0,0,0,0,0
,,,,,,24,2026-02-01 10:57:50.787507,ATMN,25.1,25.1,25.18,2371800.0,,2279100.0,570.0,0,0,0,0
,,,,,,24,2026-02-01 10:57:50.787507,WNTR,24.95,24.86,24.95,2069000.0,519.0,2049200.0,1408.0,0,0,0,0
2.0,1.0,1.0,,Aggregate Position Limit,Your CRO has set the aggregate position limit to 11000 shares for this week.,25,2026-02-01 10:57:51.817026,SPNG,25.21,24.94,25.01,2335400.0,255.0,255.0,2186200.0,0,0,0,0
1.0,1.0,1.0,,Welcome to the RITC 2026 Alogithmic Market Making Case - practice server,,25,2026-02-01 10:57:51.817026,SMMR,25.02,24.97,25.02,2107600.0,,,2065500.0,0,0,0,0
,,,,,,25,2026-02-01 10:57:51.817026,ATMN,25.06,25.06,25.18,2357400.0,,570.0,2284900.0,0,0,0,0
,,,,,,25,2026-02-01 10:57:51.817026,WNTR,24.79,24.79,24.95,1856100.0,,,2173200.0,0,0,0,0
2.0,1.0,1.0,,Aggregate Position Limit,Your CRO has set the aggregate position limit to 11000 shares for this week.,26,2026-02-01 10:57:52.849890,SPNG,24.76,24.8,25.01,2289300.0,245.0,255.0,2186200.0,0,0,0,0
1.0,1.0,1.0,,Welcome to the RITC 2026 Alogithmic Market Making Case - practice server,,26,2026-02-01 10:57:52.849890,SMMR,24.94,24.91,24.92,2124000.0,,626.0,1930900.0,0,0,0,0
,,,,,,26,2026-02-01 10:57:52.849890,ATMN,24.72,24.72,25.03,2240600.0,327.0,,2381700.0,0,0,0,0
,,,,,,26,2026-02-01 10:57:52.849890,WNTR,24.79,24.79,24.94,1856100.0,,788.0,2062800.0,0,0,0,0
2.0,1.0,1.0,,Aggregate Position Limit,Your CRO has set the aggregate position limit to 11000 shares for this week.,27,2026-02-01 10:57:53.881689,SPNG,25.21,25.35,25.37,2250900.0,245.0,2330200.0,,0,0,0,0
1.0,1.0,1.0,,Welcome to the RITC 2026 Alogithmic Market Making Case - practice server,,27,2026-02-01 10:57:53.881689,SMMR,25.02,25.01,25.02,1992600.0,352.0,2067300.0,,0,0,0,0
,,,,,,27,2026-02-01 10:57:53.881689,ATMN,24.72,24.98,24.99,2241600.0,327.0,2292200.0,327.0,0,0,0,0
,,,,,,27,2026-02-01 10:57:53.881689,WNTR,24.81,24.78,24.81,1867600.0,425.0,2045300.0,425.0,0,0,0,0
2.0,1.0,1.0,,Aggregate Position Limit,Your CRO has set the aggregate position limit to 11000 shares for this week.,28,2026-02-01 10:57:54.921464,SPNG,24.8,24.8,24.89,2396700.0,2243600.0,255.0,,0,0,0,0
1.0,1.0,1.0,,Welcome to the RITC 2026 Alogithmic Market Making Case - practice server,,28,2026-02-01 10:57:54.921464,SMMR,24.91,24.91,25.04,2123200.0,1946300.0,373.0,,0,0,0,0
,,,,,,28,2026-02-01 10:57:54.921464,ATMN,24.72,24.98,24.99,2271700.0,2292200.0,327.0,327.0,0,0,0,0
,,,,,,28,2026-02-01 10:57:54.921464,WNTR,24.94,24.77,24.89,1748100.0,2062800.0,425.0,425.0,0,0,0,0
2.0,1.0,1.0,,Aggregate Position Limit,Your CRO has set the aggregate position limit to 11000 shares for this week.,29,2026-02-01 10:57:55.950158,SPNG,24.89,24.8,24.89,2231300.0,245.0,2243600.0,245.0,0,0,0,0
1.0,1.0,1.0,,Welcome to the RITC 2026 Alogithmic Market Making Case - practice server,,29,2026-02-01 10:57:55.950158,SMMR,25.06,24.91,25.06,1978800.0,351.0,2023000.0,,0,0,0,0
,,,,,,29,2026-02-01 10:57:55.950158,ATMN,25.13,24.98,24.99,2271700.0,327.0,2391400.0,,0,0,0,0
,,,,,,29,2026-02-01 10:57:55.950158,WNTR,24.75,24.75,24.94,1535200.0,,2174700.0,,0,0,0,0
2.0,1.0,1.0,,Aggregate Position Limit,Your CRO has set the aggregate position limit to 11000 shares for this week.,30,2026-02-01 10:57:56.975580,SPNG,25.37,24.76,25.37,2344800.0,2365000.0,,,0,0,0,0
1.0,1.0,1.0,,Welcome to the RITC 2026 Alogithmic Market Making Case - practice server,,30,2026-02-01 10:57:56.975580,SMMR,24.86,24.86,25.06,2119600.0,1940000.0,550.0,,0,0,0,0
,,,,,,30,2026-02-01 10:57:56.975580,ATMN,25.14,24.98,25.14,2366700.0,2397200.0,,,0,0,0,0
,,,,,,30,2026-02-01 10:57:56.975580,WNTR,24.74,24.83,24.94,1532200.0,2058100.0,910.0,910.0,0,0,0,0
2.0,1.0,1.0,,Aggregate Position Limit,Your CRO has set the aggregate position limit to 11000 shares for this week.,31,2026-02-01 10:57:58.002279,SPNG,24.73,24.73,25.37,2249200.0,260.0,2235000.0,260.0,0,0,0,0
1.0,1.0,1.0,,Welcome to the RITC 2026 Alogithmic Market Making Case - practice server,,31,2026-02-01 10:57:58.002279,SMMR,24.83,24.96,25.06,2007600.0,999.0,1940000.0,999.0,0,0,0,0
,,,,,,31,2026-02-01 10:57:58.002279,ATMN,25.18,24.84,25.18,2262400.0,376.0,2392300.0,,0,0,0,0
,,,,,,31,2026-02-01 10:57:58.002279,WNTR,24.74,24.74,24.94,1419900.0,1340.0,2051800.0,1340.0,0,0,0,0
2.0,1.0,1.0,,Aggregate Position Limit,Your CRO has set the aggregate position limit to 11000 shares for this week.,32,2026-02-01 10:57:59.030079,SPNG,24.73,24.78,25.29,2255400.0,260.0,2242800.0,260.0,0,0,0,0
1.0,1.0,1.0,,Welcome to the RITC 2026 Alogithmic Market Making Case - practice server,,32,2026-02-01 10:57:59.030079,SMMR,24.83,24.96,25.03,1998000.0,350.0,1906100.0,350.0,0,0,0,0
,,,,,,32,2026-02-01 10:57:59.030079,ATMN,24.96,24.84,24.94,2380700.0,,2270200.0,377.0,0,0,0,0
,,,,,,32,2026-02-01 10:57:59.030079,WNTR,24.6,24.6,24.94,1279000.0,522.0,2051800.0,522.0,0,0,0,0
2.0,1.0,1.0,,Aggregate Position Limit,Your CRO has set the aggregate position limit to 11000 shares for this week.,33,2026-02-01 10:58:00.061843,SPNG,24.73,25.28,25.29,2247500.0,742.0,2251300.0,742.0,0,0,0,0
1.0,1.0,1.0,,Welcome to the RITC 2026 Alogithmic Market Making Case - practice server,,33,2026-02-01 10:58:00.061843,SMMR,24.83,24.96,25.03,1981700.0,350.0,1890400.0,350.0,0,0,0,0
,,,,,,33,2026-02-01 10:58:00.061843,ATMN,24.94,25.14,25.2,2262900.0,375.0,2313100.0,375.0,0,0,0,0
,,,,,,33,2026-02-01 10:58:00.061843,WNTR,24.6,24.6,24.64,1374100.0,571.0,2045800.0,571.0,0,0,0,0
2.0,1.0,1.0,,Aggregate Position Limit,Your CRO has set the aggregate position limit to 11000 shares for this week.,34,2026-02-01 10:58:01.095837,SPNG,25.25,24.78,25.05,2383900.0,2275900.0,260.0,,0,0,0,0
1.0,1.0,1.0,,Welcome to the RITC 2026 Alogithmic Market Making Case - practice server,,34,2026-02-01 10:58:01.095837,SMMR,24.96,24.96,25.03,1981700.0,1873600.0,999.0,999.0,0,0,0,0
,,,,,,34,2026-02-01 10:58:01.095837,ATMN,24.94,25.14,25.2,2262900.0,2313100.0,375.0,375.0,0,0,0,0
,,,,,,34,2026-02-01 10:58:01.095837,WNTR,24.64,24.65,24.7,1678200.0,2056200.0,245.0,,0,0,0,0
2.0,1.0,1.0,,Aggregate Position Limit,Your CRO has set the aggregate position limit to 11000 shares for this week.,35,2026-02-01 10:58:02.116917,SPNG,25.29,25.27,25.29,2292100.0,250.0,2361400.0,,0,0,0,0
1.0,1.0,1.0,,Welcome to the RITC 2026 Alogithmic Market Making Case - practice server,,35,2026-02-01 10:58:02.116917,SMMR,25.04,24.85,25.03,1974100.0,290.0,1864800.0,290.0,0,0,0,0
,,,,,,35,2026-02-01 10:58:02.116917,ATMN,24.81,24.81,25.16,2257600.0,375.0,2293500.0,1073.0,0,0,0,0
,,,,,,35,2026-02-01 10:58:02.116917,WNTR,24.64,24.69,24.7,1878600.0,,1966300.0,490.0,0,0,0,0
2.0,1.0,1.0,,Aggregate Position Limit,Your CRO has set the aggregate position limit to 11000 shares for this week.,36,2026-02-01 10:58:03.145222,SPNG,24.72,25.23,25.29,2366200.0,2254500.0,250.0,,0,0,0,0
1.0,1.0,1.0,,Welcome to the RITC 2026 Alogithmic Market Making Case - practice server,,36,2026-02-01 10:58:03.145222,SMMR,24.84,24.84,24.91,2002300.0,1847900.0,350.0,350.0,0,0,0,0
,,,,,,36,2026-02-01 10:58:03.145222,ATMN,25.2,24.81,25.03,2257600.0,2424100.0,,325.0,0,0,0,0
,,,,,,36,2026-02-01 10:58:03.145222,WNTR,24.64,24.64,24.68,1764300.0,1976100.0,816.0,,0,0,0,0
2.0,1.0,1.0,,Aggregate Position Limit,Your CRO has set the aggregate position limit to 11000 shares for this week.,37,2026-02-01 10:58:04.169385,SPNG,25.09,24.72,25.09,2394500.0,2222800.0,250.0,,0,0,0,0
1.0,1.0,1.0,,Welcome to the RITC 2026 Alogithmic Market Making Case - practice server,,37,2026-02-01 10:58:04.169385,SMMR,24.82,24.82,25.05,2127400.0,1878100.0,371.0,,0,0,0,0
,,,,,,37,2026-02-01 10:58:04.169385,ATMN,24.81,24.81,25.03,2248900.0,2322500.0,343.0,325.0,0,0,0,0
,,,,,,37,2026-02-01 10:58:04.169385,WNTR,24.64,24.64,24.68,1979700.0,1981800.0,1877.0,1135.0,0,0,0,0
2.0,1.0,1.0,,Aggregate Position Limit,Your CRO has set the aggregate position limit to 11000 shares for this week.,38,2026-02-01 10:58:05.197026,SPNG,25.29,25.36,25.37,2281500.0,231.0,2321600.0,,0,0,0,0
1.0,1.0,1.0,,Welcome to the RITC 2026 Alogithmic Market Making Case - practice server,,38,2026-02-01 10:58:05.197026,SMMR,24.82,24.88,25.03,2000200.0,349.0,1914300.0,371.0,0,0,0,0
,,,,,,38,2026-02-01 10:58:05.197026,ATMN,24.81,24.81,25.2,2367200.0,,2291600.0,343.0,0,0,0,0
,,,,,,38,2026-02-01 10:58:05.197026,WNTR,24.63,24.63,24.68,2014000.0,1135.0,2006500.0,1380.0,0,0,0,0
2.0,1.0,1.0,,Aggregate Position Limit,Your CRO has set the aggregate position limit to 11000 shares for this week.,39,2026-02-01 10:58:06.231044,SPNG,25.29,25.36,25.37,2281500.0,240.0,2161200.0,240.0,0,0,0,0
1.0,1.0,1.0,,Welcome to the RITC 2026 Alogithmic Market Making Case - practice server,,39,2026-02-01 10:58:06.231044,SMMR,25.03,24.95,25.03,1987200.0,349.0,1914300.0,349.0,0,0,0,0
,,,,,,39,2026-02-01 10:58:06.231044,ATMN,24.81,25.04,25.2,2281700.0,343.0,2311500.0,343.0,0,0,0,0
,,,,,,39,2026-02-01 10:58:06.231044,WNTR,24.73,24.63,24.73,2030000.0,1135.0,2078400.0,1135.0,0,0,0,0
2.0,1.0,1.0,,Aggregate Position Limit,Your CRO has set the aggregate position limit to 11000 shares for this week.,40,2026-02-01 10:58:07.264788,SPNG,24.7,24.7,25.37,2293300.0,231.0,2167200.0,231.0,0,0,0,0
1.0,1.0,1.0,,Welcome to the RITC 2026 Alogithmic Market Making Case - practice server,,40,2026-02-01 10:58:07.264788,SMMR,25.05,25.02,25.04,1987200.0,349.0,1996200.0,,0,0,0,0
,,,,,,40,2026-02-01 10:58:07.264788,ATMN,24.81,25.04,25.2,2273200.0,343.0,2361600.0,343.0,0,0,0,0
,,,,,,40,2026-02-01 10:58:07.264788,WNTR,24.73,24.65,24.73,2012300.0,1602.0,1959000.0,2737.0,0,0,0,0
2.0,1.0,1.0,,Aggregate Position Limit,Your CRO has set the aggregate position limit to 11000 shares for this week.,41,2026-02-01 10:58:08.299951,SPNG,25.01,24.7,24.76,2412000.0,2200300.0,99.0,,0,0,0,0
1.0,1.0,1.0,,Welcome to the RITC 2026 Alogithmic Market Making Case - practice server,,41,2026-02-01 10:58:08.299951,SMMR,25.02,24.95,24.97,1972000.0,1895800.0,408.0,408.0,0,0,0,0
,,,,,,41,2026-02-01 10:58:08.299951,ATMN,25.2,25.04,25.2,2265900.0,2456800.0,,979.0,0,0,0,0
,,,,,,41,2026-02-01 10:58:08.299951,WNTR,24.73,24.73,24.77,2021500.0,2151500.0,,881.0,0,0,0,0
2.0,1.0,1.0,,Aggregate Position Limit,Your CRO has set the aggregate position limit to 11000 shares for this week.,43,2026-02-01 10:58:09.329032,SPNG,25.15,25.28,25.37,2332100.0,231.0,2273600.0,,0,0,0,0
1.0,1.0,1.0,,Welcome to the RITC 2026 Alogithmic Market Making Case - practice server,,43,2026-02-01 10:58:09.329032,SMMR,25.0,25.03,25.06,1921400.0,387.0,2003900.0,,0,0,0,0
,,,,,,43,2026-02-01 10:58:09.329032,ATMN,24.96,25.15,25.21,2403900.0,,2351600.0,1090.0,0,0,0,0
,,,,,,43,2026-02-01 10:58:09.329032,WNTR,24.77,24.77,24.79,2002400.0,561.0,2060900.0,479.0,0,0,0,0
2.0,1.0,1.0,,Aggregate Position Limit,Your CRO has set the aggregate position limit to 11000 shares for this week.,44,2026-02-01 10:58:10.347560,SPNG,24.91,24.91,25.37,2312900.0,230.0,2167200.0,239.0,0,0,0,0
1.0,1.0,1.0,,Welcome to the RITC 2026 Alogithmic Market Making Case - practice server,,44,2026-02-01 10:58:10.347560,SMMR,25.0,25.03,25.05,1906300.0,410.0,1906200.0,410.0,0,0,0,0
,,,,,,44,2026-02-01 10:58:10.347560,ATMN,24.96,25.15,25.21,2402400.0,,2367400.0,343.0,0,0,0,0
,,,,,,44,2026-02-01 10:58:10.347560,WNTR,24.77,24.73,24.74,2021500.0,205.0,2140600.0,,0,0,0,0
2.0,1.0,1.0,,Aggregate Position Limit,Your CRO has set the aggregate position limit to 11000 shares for this week.,45,2026-02-01 10:58:11.367048,SPNG,25.05,25.05,25.37,2449900.0,2259600.0,,,0,0,0,0
1.0,1.0,1.0,,Welcome to the RITC 2026 Alogithmic Market Making Case - practice server,,45,2026-02-01 10:58:11.367048,SMMR,25.03,25.03,25.05,1907600.0,1889000.0,1171.0,410.0,0,0,0,0
,,,,,,45,2026-02-01 10:58:11.367048,ATMN,24.79,24.97,25.02,2294800.0,2344500.0,327.0,343.0,0,0,0,0
,,,,,,45,2026-02-01 10:58:11.367048,WNTR,24.87,24.73,24.87,2021500.0,2188500.0,205.0,,0,0,0,0
2.0,1.0,1.0,,Aggregate Position Limit,Your CRO has set the aggregate position limit to 11000 shares for this week.,46,2026-02-01 10:58:12.397650,SPNG,24.63,24.63,25.37,2395700.0,2168500.0,100.0,,0,0,0,0
1.0,1.0,1.0,,Welcome to the RITC 2026 Alogithmic Market Making Case - practice server,,46,2026-02-01 10:58:12.397650,SMMR,24.91,24.91,24.97,1952500.0,1925900.0,340.0,340.0,0,0,0,0
,,,,,,46,2026-02-01 10:58:12.397650,ATMN,25.23,24.97,25.23,2412700.0,2467900.0,,,0,0,0,0
,,,,,,46,2026-02-01 10:58:12.397650,WNTR,24.87,24.73,24.74,1931700.0,2180000.0,,684.0,0,0,0,0
2.0,1.0,1.0,,Aggregate Position Limit,Your CRO has set the aggregate position limit to 11000 shares for this week.,47,2026-02-01 10:58:13.419123,SPNG,25.4,24.63,25.4,2411000.0,2130800.0,102.0,,0,0,0,0
1.0,1.0,1.0,,Welcome to the RITC 2026 Alogithmic Market Making Case - practice server,,47,2026-02-01 10:58:13.419123,SMMR,25.05,24.91,24.97,1956800.0,1914900.0,340.0,340.0,0,0,0,0
,,,,,,47,2026-02-01 10:58:13.419123,ATMN,24.93,24.92,24.93,2371100.0,2364100.0,333.0,,0,0,0,0
,,,,,,47,2026-02-01 10:58:13.419123,WNTR,24.71,24.71,24.92,2042900.0,2067500.0,479.0,205.0,0,0,0,0
2.0,1.0,1.0,,Aggregate Position Limit,Your CRO has set the aggregate position limit to 11000 shares for this week.,48,2026-02-01 10:58:14.450040,SPNG,24.98,25.2,25.4,2333500.0,238.0,2130800.0,238.0,0,0,0,0
1.0,1.0,1.0,,Welcome to the RITC 2026 Alogithmic Market Making Case - practice server,,48,2026-02-01 10:58:14.450040,SMMR,25.05,24.94,24.97,1968500.0,773.0,1914900.0,773.0,0,0,0,0
,,,,,,48,2026-02-01 10:58:14.450040,ATMN,25.25,24.92,25.25,2271000.0,333.0,2356000.0,333.0,0,0,0,0
,,,,,,48,2026-02-01 10:58:14.450040,WNTR,24.68,24.68,24.92,2132300.0,,2067500.0,479.0,0,0,0,0
2.0,1.0,1.0,,Aggregate Position Limit,Your CRO has set the aggregate position limit to 11000 shares for this week.,49,2026-02-01 10:58:15.467208,SPNG,25.1,24.63,25.1,2397600.0,2177500.0,238.0,,0,0,0,0
1.0,1.0,1.0,,Welcome to the RITC 2026 Alogithmic Market Making Case - practice server,,49,2026-02-01 10:58:15.467208,SMMR,24.94,24.94,25.0,2066700.0,2000500.0,,,0,0,0,0
,,,,,,49,2026-02-01 10:58:15.467208,ATMN,25.25,24.97,25.25,2234800.0,2334200.0,333.0,333.0,0,0,0,0
,,,,,,49,2026-02-01 10:58:15.467208,WNTR,24.68,24.71,24.81,2044000.0,2174100.0,,807.0,0,0,0,0
2.0,1.0,1.0,,Aggregate Position Limit,Your CRO has set the aggregate position limit to 11000 shares for this week.,50,2026-02-01 10:58:16.494491,SPNG,25.1,25.04,25.1,2426000.0,2208900.0,229.0,,0,0,0,0
1.0,1.0,1.0,,Welcome to the RITC 2026 Alogithmic Market Making Case - practice server,,50,2026-02-01 10:58:16.494491,SMMR,24.91,24.91,25.0,2059400.0,1932600.0,1126.0,,0,0,0,0
,,,,,,50,2026-02-01 10:58:16.494491,ATMN,25.25,25.18,25.25,2253700.0,2470300.0,,333.0,0,0,0,0
,,,,,,50,2026-02-01 10:58:16.494491,WNTR,24.68,24.71,24.81,2034300.0,2045600.0,513.0,513.0,0,0,0,0
2.0,1.0,1.0,,Aggregate Position Limit,Your CRO has set the aggregate position limit to 11000 shares for this week.,51,2026-02-01 10:58:17.530163,SPNG,24.71,24.71,25.1,2395800.0,2208900.0,229.0,,0,0,0,0
1.0,1.0,1.0,,Welcome to the RITC 2026 Alogithmic Market Making Case - practice server,,51,2026-02-01 10:58:17.530163,SMMR,24.86,24.86,25.0,2077700.0,1932600.0,449.0,,0,0,0,0
,,,,,,51,2026-02-01 10:58:17.530163,ATMN,25.26,25.18,25.25,2253700.0,2336000.0,348.0,348.0,0,0,0,0
,,,,,,51,2026-02-01 10:58:17.530163,WNTR,24.75,24.69,24.75,2034300.0,2047800.0,513.0,476.0,0,0,0,0
2.0,1.0,1.0,,Aggregate Position Limit,Your CRO has set the aggregate position limit to 11000 shares for this week.,52,2026-02-01 10:58:18.551571,SPNG,24.58,24.74,25.1,220.0,2268500.0,2208900.0,229.0,0,0,0,0
1.0,1.0,1.0,,Welcome to the RITC 2026 Alogithmic Market Making Case - practice server,,52,2026-02-01 10:58:18.551571,SMMR,24.86,24.93,24.97,,2047100.0,1948300.0,449.0,0,0,0,0
,,,,,,52,2026-02-01 10:58:18.551571,ATMN,25.27,25.18,25.27,,2384600.0,2447300.0,,0,0,0,0
,,,,,,52,2026-02-01 10:58:18.551571,WNTR,24.85,24.88,24.92,476.0,2024000.0,2178300.0,,0,0,0,0
2.0,1.0,1.0,,Aggregate Position Limit,Your CRO has set the aggregate position limit to 11000 shares for this week.,53,2026-02-01 10:58:19.576190,SPNG,25.4,24.71,25.4,229.0,2268500.0,2186300.0,229.0,0,0,0,0
1.0,1.0,1.0,,Welcome to the RITC 2026 Alogithmic Market Making Case - practice server,,53,2026-02-01 10:58:19.576190,SMMR,24.86,24.86,25.05,,2071200.0,1999700.0,,0,0,0,0
,,,,,,53,2026-02-01 10:58:19.576190,ATMN,25.27,25.18,25.25,,2409800.0,2312400.0,573.0,0,0,0,0
,,,,,,53,2026-02-01 10:58:19.576190,WNTR,24.87,24.69,24.87,,2125900.0,2058700.0,408.0,0,0,0,0
2.0,1.0,1.0,,Aggregate Position Limit,Your CRO has set the aggregate position limit to 11000 shares for this week.,54,2026-02-01 10:58:20.599955,SPNG,25.4,24.71,24.8,229.0,2288100.0,2220400.0,229.0,0,0,0,0
1.0,1.0,1.0,,Welcome to the RITC 2026 Alogithmic Market Making Case - practice server,,54,2026-02-01 10:58:20.599955,SMMR,24.86,24.86,25.05,,2066400.0,1999700.0,,0,0,0,0
,,,,,,54,2026-02-01 10:58:20.599955,ATMN,25.15,24.92,25.05,,2369900.0,2330000.0,573.0,0,0,0,0
,,,,,,54,2026-02-01 10:58:20.599955,WNTR,24.69,24.69,24.89,,2144300.0,2092000.0,408.0,0,0,0,0
2.0,1.0,1.0,,Aggregate Position Limit,Your CRO has set the aggregate position limit to 11000 shares for this week.,55,2026-02-01 10:58:21.633204,SPNG,24.8,24.71,24.8,229.0,2259500.0,2220400.0,229.0,0,0,0,0
1.0,1.0,1.0,,Welcome to the RITC 2026 Alogithmic Market Making Case - practice server,,55,2026-02-01 10:58:21.633204,SMMR,24.86,24.86,25.05,,2072200.0,2023600.0,,0,0,0,0
,,,,,,55,2026-02-01 10:58:21.633204,ATMN,25.05,24.92,25.05,,2391500.0,2330000.0,573.0,0,0,0,0
,,,,,,55,2026-02-01 10:58:21.633204,WNTR,24.83,24.69,24.78,,2156100.0,2088300.0,408.0,0,0,0,0
2.0,1.0,1.0,,Aggregate Position Limit,Your CRO has set the aggregate position limit to 11000 shares for this week.,56,2026-02-01 10:58:22.657399,SPNG,24.8,24.76,24.8,2215800.0,229.0,2220400.0,229.0,0,0,0,0
1.0,1.0,1.0,,Welcome to the RITC 2026 Alogithmic Market Making Case - practice server,,56,2026-02-01 10:58:22.657399,SMMR,24.86,24.86,25.05,2072200.0,,2040800.0,,0,0,0,0
,,,,,,56,2026-02-01 10:58:22.657399,ATMN,25.29,24.99,25.29,2408300.0,,2460400.0,,0,0,0,0
,,,,,,56,2026-02-01 10:58:22.657399,WNTR,24.69,24.68,24.69,2188800.0,,2090100.0,408.0,0,0,0,0
2.0,1.0,1.0,,Aggregate Position Limit,Your CRO has set the aggregate position limit to 11000 shares for this week.,57,2026-02-01 10:58:23.697395,SPNG,25.43,24.76,24.96,2215800.0,229.0,2322000.0,,0,0,0,0
1.0,1.0,1.0,,Welcome to the RITC 2026 Alogithmic Market Making Case - practice server,,57,2026-02-01 10:58:23.697395,SMMR,24.85,24.85,25.06,2074600.0,,2024000.0,,0,0,0,0
,,,,,,57,2026-02-01 10:58:23.697395,ATMN,25.29,25.27,25.29,2417300.0,,2440900.0,,0,0,0,0
,,,,,,57,2026-02-01 10:58:23.697395,WNTR,24.69,24.68,24.69,2188800.0,,2090100.0,408.0,0,0,0,0
2.0,1.0,1.0,,Aggregate Position Limit,Your CRO has set the aggregate position limit to 11000 shares for this week.,58,2026-02-01 10:58:24.717347,SPNG,25.16,24.76,24.87,2215800.0,229.0,2312300.0,,0,0,0,0
1.0,1.0,1.0,,Welcome to the RITC 2026 Alogithmic Market Making Case - practice server,,58,2026-02-01 10:58:24.717347,SMMR,24.85,25.01,25.03,2061400.0,,2013900.0,,0,0,0,0
,,,,,,58,2026-02-01 10:58:24.717347,ATMN,25.3,24.99,25.3,2443700.0,,2392700.0,,0,0,0,0
,,,,,,58,2026-02-01 10:58:24.717347,WNTR,24.66,24.66,24.69,2166700.0,,2093700.0,408.0,0,0,0,0
2.0,1.0,1.0,,Aggregate Position Limit,Your CRO has set the aggregate position limit to 11000 shares for this week.,59,2026-02-01 10:58:25.751562,SPNG,24.79,24.79,25.43,2194200.0,229.0,2289400.0,,0,0,0,0
1.0,1.0,1.0,,Welcome to the RITC 2026 Alogithmic Market Making Case - practice server,,59,2026-02-01 10:58:25.751562,SMMR,24.85,25.01,25.03,2061400.0,,2030600.0,,0,0,0,0
,,,,,,59,2026-02-01 10:58:25.751562,ATMN,24.99,24.92,24.99,2484100.0,,2407000.0,,0,0,0,0
,,,,,,59,2026-02-01 10:58:25.751562,WNTR,24.65,24.65,24.69,2159400.0,,2083200.0,408.0,0,0,0,0
2.0,1.0,1.0,,Aggregate Position Limit,Your CRO has set the aggregate position limit to 11000 shares for this week.,60,2026-02-01 10:58:26.786950,SPNG,25.43,24.71,24.75,229.0,1158300.0,853900.0,0,0,0,0,0
1.0,1.0,1.0,,Welcome to the RITC 2026 Alogithmic Market Making Case - practice server,,60,2026-02-01 10:58:26.786950,SMMR,24.13,24.13,24.36,,833500.0,835000.0,0,0,0,0,0
,,,,,,60,2026-02-01 10:58:26.786950,ATMN,24.99,24.48,0.0,,200000.0,,0,0,0,0,0
,,,,,,60,2026-02-01 10:58:26.786950,WNTR,24.97,25.0,25.13,,830100.0,815600.0,0,0,0,0,0
2.0,1.0,1.0,,Aggregate Position Limit,Your CRO has set the aggregate position limit to 11000 shares for this week.,61,2026-02-01 10:58:27.819065,SPNG,23.85,22.97,23.85,1237700.0,1094300.0,220.0,,0,0,0,0
1.0,1.0,1.0,,Welcome to the RITC 2026 Alogithmic Market Making Case - practice server,,61,2026-02-01 10:58:27.819065,SMMR,24.31,24.1,24.31,853000.0,1008600.0,312.0,312.0,0,0,0,0
,,,,,,61,2026-02-01 10:58:27.819065,ATMN,24.48,24.48,24.6,1069000.0,922500.0,379.0,,0,0,0,0
,,,,,,61,2026-02-01 10:58:27.819065,WNTR,25.13,25.0,25.1,830100.0,1008600.0,442.0,442.0,0,0,0,0
2.0,1.0,1.0,,Aggregate Position Limit,Your CRO has set the aggregate position limit to 11000 shares for this week.,62,2026-02-01 10:58:28.850058,SPNG,23.78,23.65,23.78,1508000.0,1115600.0,212.0,,0,0,0,0
1.0,1.0,1.0,,Welcome to the RITC 2026 Alogithmic Market Making Case - practice server,,62,2026-02-01 10:58:28.850058,SMMR,24.31,24.05,24.17,1025500.0,1125600.0,134.0,,0,0,0,0
,,,,,,62,2026-02-01 10:58:28.850058,ATMN,24.41,24.41,24.44,1108900.0,1032800.0,373.0,373.0,0,0,0,0
,,,,,,62,2026-02-01 10:58:28.850058,WNTR,25.0,25.04,25.1,910400.0,1242500.0,442.0,442.0,0,0,0,0
2.0,1.0,1.0,,Aggregate Position Limit,Your CRO has set the aggregate position limit to 11000 shares for this week.,63,2026-02-01 10:58:29.868929,SPNG,24.38,23.8,24.38,1773100.0,204.0,984300.0,,0,0,0,0
1.0,1.0,1.0,,Welcome to the RITC 2026 Alogithmic Market Making Case - practice server,,63,2026-02-01 10:58:29.868929,SMMR,24.02,24.04,24.17,1043700.0,,1125600.0,503.0,0,0,0,0
,,,,,,63,2026-02-01 10:58:29.868929,ATMN,24.6,24.41,24.6,1383300.0,356.0,922500.0,,0,0,0,0
,,,,,,63,2026-02-01 10:58:29.868929,WNTR,25.0,25.0,25.06,822100.0,,1367900.0,,0,0,0,0
2.0,1.0,1.0,,Aggregate Position Limit,Your CRO has set the aggregate position limit to 11000 shares for this week.,64,2026-02-01 10:58:30.897865,SPNG,25.1,23.89,24.81,2000600.0,923300.0,,,0,0,0,0
1.0,1.0,1.0,,Welcome to the RITC 2026 Alogithmic Market Making Case - practice server,,64,2026-02-01 10:58:30.897865,SMMR,24.31,24.04,24.31,1043700.0,1113900.0,686.0,,0,0,0,0
,,,,,,64,2026-02-01 10:58:30.897865,ATMN,24.22,24.26,24.6,1218000.0,922500.0,,372.0,0,0,0,0
,,,,,,64,2026-02-01 10:58:30.897865,WNTR,24.99,25.02,25.06,949200.0,1367900.0,1054.0,1054.0,0,0,0,0
2.0,1.0,1.0,,Aggregate Position Limit,Your CRO has set the aggregate position limit to 11000 shares for this week.,65,2026-02-01 10:58:31.917540,SPNG,23.8,23.8,24.44,2160100.0,211.0,1061900.0,211.0,0,0,0,0
1.0,1.0,1.0,,Welcome to the RITC 2026 Alogithmic Market Making Case - practice server,,65,2026-02-01 10:58:31.917540,SMMR,24.16,24.04,24.16,1257100.0,361.0,1233000.0,320.0,0,0,0,0
,,,,,,65,2026-02-01 10:58:31.917540,ATMN,23.86,23.86,24.86,1232500.0,,810900.0,,0,0,0,0
,,,,,,65,2026-02-01 10:58:31.917540,WNTR,25.02,25.02,25.1,1059700.0,211.0,1326900.0,,0,0,0,0
2.0,1.0,1.0,,Aggregate Position Limit,Your CRO has set the aggregate position limit to 11000 shares for this week.,66,2026-02-01 10:58:32.956873,SPNG,23.8,24.2,24.44,2437700.0,211.0,1191700.0,211.0,0,0,0,0
1.0,1.0,1.0,,Welcome to the RITC 2026 Alogithmic Market Making Case - practice server,,66,2026-02-01 10:58:32.956873,SMMR,24.04,24.04,24.11,1374600.0,361.0,1318500.0,361.0,0,0,0,0
,,,,,,66,2026-02-01 10:58:32.956873,ATMN,24.43,23.99,24.41,1378200.0,,955400.0,356.0,0,0,0,0
,,,,,,66,2026-02-01 10:58:32.956873,WNTR,24.95,25.09,25.1,1079800.0,178.0,1326900.0,,0,0,0,0
2.0,1.0,1.0,,Aggregate Position Limit,Your CRO has set the aggregate position limit to 11000 shares for this week.,67,2026-02-01 10:58:33.982272,SPNG,24.2,24.2,24.44,2437700.0,211.0,1191700.0,,0,0,0,0
1.0,1.0,1.0,,Welcome to the RITC 2026 Alogithmic Market Making Case - practice server,,67,2026-02-01 10:58:33.982272,SMMR,24.25,24.04,24.2,1374600.0,382.0,1357900.0,382.0,0,0,0,0
,,,,,,67,2026-02-01 10:58:33.982272,ATMN,24.86,23.99,24.86,1505900.0,340.0,810900.0,340.0,0,0,0,0
,,,,,,67,2026-02-01 10:58:33.982272,WNTR,25.1,24.87,25.01,951500.0,431.0,1326900.0,862.0,0,0,0,0
2.0,1.0,1.0,,Aggregate Position Limit,Your CRO has set the aggregate position limit to 11000 shares for this week.,68,2026-02-01 10:58:35.021228,SPNG,24.17,23.83,23.89,2449600.0,1194600.0,228.0,,0,0,0,0
1.0,1.0,1.0,,Welcome to the RITC 2026 Alogithmic Market Making Case - practice server,,68,2026-02-01 10:58:35.021228,SMMR,24.0,24.07,24.2,1283200.0,1477300.0,382.0,382.0,0,0,0,0
,,,,,,68,2026-02-01 10:58:35.021228,ATMN,24.06,24.09,24.86,1780800.0,810900.0,,356.0,0,0,0,0
,,,,,,68,2026-02-01 10:58:35.021228,WNTR,25.13,24.97,25.13,1163900.0,1250500.0,893.0,462.0,0,0,0,0
2.0,1.0,1.0,,Aggregate Position Limit,Your CRO has set the aggregate position limit to 11000 shares for this week.,69,2026-02-01 10:58:36.052092,SPNG,23.89,23.83,23.89,2721700.0,219.0,1194600.0,219.0,0,0,0,0
1.0,1.0,1.0,,Welcome to the RITC 2026 Alogithmic Market Making Case - practice server,,69,2026-02-01 10:58:36.052092,SMMR,24.2,24.15,24.2,1376600.0,771.0,1576200.0,771.0,0,0,0,0
,,,,,,69,2026-02-01 10:58:36.052092,ATMN,24.06,24.4,24.48,1899300.0,356.0,1043100.0,372.0,0,0,0,0
,,,,,,69,2026-02-01 10:58:36.052092,WNTR,25.01,24.97,25.01,1258900.0,862.0,1355800.0,431.0,0,0,0,0
2.0,1.0,1.0,,Aggregate Position Limit,Your CRO has set the aggregate position limit to 11000 shares for this week.,70,2026-02-01 10:58:37.077223,SPNG,23.89,23.95,24.61,2618100.0,228.0,1053100.0,,0,0,0,0
1.0,1.0,1.0,,Welcome to the RITC 2026 Alogithmic Market Making Case - practice server,,70,2026-02-01 10:58:37.077223,SMMR,24.0,24.1,24.2,1288700.0,,1668000.0,565.0,0,0,0,0
,,,,,,70,2026-02-01 10:58:37.077223,ATMN,24.48,24.37,24.48,1653900.0,372.0,1043100.0,372.0,0,0,0,0
,,,,,,70,2026-02-01 10:58:37.077223,WNTR,25.01,25.05,25.06,1371000.0,862.0,1559900.0,862.0,0,0,0,0
2.0,1.0,1.0,,Aggregate Position Limit,Your CRO has set the aggregate position limit to 11000 shares for this week.,71,2026-02-01 10:58:38.100027,SPNG,23.83,23.83,24.81,2823400.0,1040000.0,237.0,,0,0,0,0
1.0,1.0,1.0,,Welcome to the RITC 2026 Alogithmic Market Making Case - practice server,,71,2026-02-01 10:58:38.100027,SMMR,24.24,24.1,24.15,1288700.0,1513200.0,869.0,771.0,0,0,0,0
,,,,,,71,2026-02-01 10:58:38.100027,ATMN,24.45,24.45,24.86,1906000.0,928700.0,,,0,0,0,0
,,,,,,71,2026-02-01 10:58:38.100027,WNTR,25.05,25.05,25.06,1481100.0,1653700.0,862.0,862.0,0,0,0,0
2.0,1.0,1.0,,Aggregate Position Limit,Your CRO has set the aggregate position limit to 11000 shares for this week.,72,2026-02-01 10:58:39.127634,SPNG,24.32,24.32,24.81,2601700.0,228.0,1133500.0,,0,0,0,0
1.0,1.0,1.0,,Welcome to the RITC 2026 Alogithmic Market Making Case - practice server,,72,2026-02-01 10:58:39.127634,SMMR,24.24,24.1,24.24,1393300.0,,1527300.0,,0,0,0,0
,,,,,,72,2026-02-01 10:58:39.127634,ATMN,24.45,24.45,24.47,1906000.0,372.0,1312600.0,372.0,0,0,0,0
,,,,,,72,2026-02-01 10:58:39.127634,WNTR,24.95,24.99,25.06,1353000.0,,1747200.0,1355.0,0,0,0,0
2.0,1.0,1.0,,Aggregate Position Limit,Your CRO has set the aggregate position limit to 11000 shares for this week.,73,2026-02-01 10:58:40.157456,SPNG,24.32,23.83,23.93,2573800.0,237.0,1276600.0,237.0,0,0,0,0
1.0,1.0,1.0,,Welcome to the RITC 2026 Alogithmic Market Making Case - practice server,,73,2026-02-01 10:58:40.157456,SMMR,24.19,24.1,24.16,1393300.0,,1648100.0,178.0,0,0,0,0
,,,,,,73,2026-02-01 10:58:40.157456,ATMN,24.47,23.99,24.47,1653900.0,,1312600.0,372.0,0,0,0,0
,,,,,,73,2026-02-01 10:58:40.157456,WNTR,25.06,24.99,25.06,1353000.0,529.0,1747200.0,960.0,0,0,0,0
2.0,1.0,1.0,,Aggregate Position Limit,Your CRO has set the aggregate position limit to 11000 shares for this week.,74,2026-02-01 10:58:41.182234,SPNG,23.93,24.04,24.81,2593200.0,246.0,1275700.0,,0,0,0,0
1.0,1.0,1.0,,Welcome to the RITC 2026 Alogithmic Market Making Case - practice server,,74,2026-02-01 10:58:41.182234,SMMR,24.27,24.0,24.27,1288500.0,,1435500.0,,0,0,0,0
,,,,,,74,2026-02-01 10:58:41.182234,ATMN,24.47,24.35,24.47,2082600.0,338.0,1312600.0,372.0,0,0,0,0
,,,,,,74,2026-02-01 10:58:41.182234,WNTR,25.09,25.12,25.13,1473400.0,1511.0,1782200.0,,0,0,0,0
2.0,1.0,1.0,,Aggregate Position Limit,Your CRO has set the aggregate position limit to 11000 shares for this week.,75,2026-02-01 10:58:42.217560,SPNG,23.81,24.14,24.81,2587100.0,236.0,1380600.0,246.0,0,0,0,0
1.0,1.0,1.0,,Welcome to the RITC 2026 Alogithmic Market Making Case - practice server,,75,2026-02-01 10:58:42.217560,SMMR,24.04,24.0,24.04,1288500.0,,1536500.0,183.0,0,0,0,0
,,,,,,75,2026-02-01 10:58:42.217560,ATMN,24.22,24.22,24.47,2063700.0,,1312600.0,724.0,0,0,0,0
,,,,,,75,2026-02-01 10:58:42.217560,WNTR,25.11,25.1,25.11,1576900.0,417.0,1871800.0,,0,0,0,0
2.0,1.0,1.0,,Aggregate Position Limit,Your CRO has set the aggregate position limit to 11000 shares for this week.,76,2026-02-01 10:58:43.237192,SPNG,24.22,24.58,24.81,2688100.0,1380600.0,,,0,0,0,0
1.0,1.0,1.0,,Welcome to the RITC 2026 Alogithmic Market Making Case - practice server,,76,2026-02-01 10:58:43.237192,SMMR,24.04,24.0,24.04,1635900.0,1536500.0,427.0,,0,0,0,0
,,,,,,76,2026-02-01 10:58:43.237192,ATMN,24.48,24.34,24.47,2312100.0,1177600.0,304.0,304.0,0,0,0,0
,,,,,,76,2026-02-01 10:58:43.237192,WNTR,25.11,25.1,25.11,1576900.0,1911900.0,417.0,834.0,0,0,0,0
2.0,1.0,1.0,,Aggregate Position Limit,Your CRO has set the aggregate position limit to 11000 shares for this week.,77,2026-02-01 10:58:44.252251,SPNG,24.22,24.58,24.64,2688100.0,1746000.0,103.0,,0,0,0,0
1.0,1.0,1.0,,Welcome to the RITC 2026 Alogithmic Market Making Case - practice server,,77,2026-02-01 10:58:44.252251,SMMR,24.09,24.21,24.27,1945900.0,1435500.0,452.0,452.0,0,0,0,0
,,,,,,77,2026-02-01 10:58:44.252251,ATMN,24.34,24.31,24.33,2208800.0,1443400.0,352.0,338.0,0,0,0,0
,,,,,,77,2026-02-01 10:58:44.252251,WNTR,24.93,24.92,24.93,1138500.0,1912200.0,898.0,,0,0,0,0
2.0,1.0,1.0,,Aggregate Position Limit,Your CRO has set the aggregate position limit to 11000 shares for this week.,78,2026-02-01 10:58:45.291496,SPNG,24.51,24.14,24.45,2692600.0,2117100.0,240.0,,0,0,0,0
1.0,1.0,1.0,,Welcome to the RITC 2026 Alogithmic Market Making Case - practice server,,78,2026-02-01 10:58:45.291496,SMMR,23.97,23.97,24.27,1537200.0,1435500.0,452.0,,0,0,0,0
,,,,,,78,2026-02-01 10:58:45.291496,ATMN,24.48,24.64,24.85,2344100.0,1417300.0,352.0,352.0,0,0,0,0
,,,,,,78,2026-02-01 10:58:45.291496,WNTR,25.04,25.04,25.11,1258400.0,2022500.0,417.0,516.0,0,0,0,0
2.0,1.0,1.0,,Aggregate Position Limit,Your CRO has set the aggregate position limit to 11000 shares for this week.,79,2026-02-01 10:58:46.317189,SPNG,24.51,24.14,24.45,2549700.0,231.0,2236200.0,231.0,0,0,0,0
1.0,1.0,1.0,,Welcome to the RITC 2026 Alogithmic Market Making Case - practice server,,79,2026-02-01 10:58:46.317189,SMMR,24.09,23.97,24.09,1652700.0,,1558500.0,182.0,0,0,0,0
,,,,,,79,2026-02-01 10:58:46.317189,ATMN,24.22,24.16,24.21,2218900.0,,1684800.0,368.0,0,0,0,0
,,,,,,79,2026-02-01 10:58:46.317189,WNTR,25.04,24.91,25.03,1356100.0,,2033400.0,479.0,0,0,0,0
2.0,1.0,1.0,,Aggregate Position Limit,Your CRO has set the aggregate position limit to 11000 shares for this week.,80,2026-02-01 10:58:47.336278,SPNG,24.45,24.45,24.64,2520300.0,240.0,2227300.0,240.0,0,0,0,0
1.0,1.0,1.0,,Welcome to the RITC 2026 Alogithmic Market Making Case - practice server,,80,2026-02-01 10:58:47.336278,SMMR,24.09,24.24,24.27,1739800.0,,1735500.0,187.0,0,0,0,0
,,,,,,80,2026-02-01 10:58:47.336278,ATMN,24.16,24.16,24.75,2325900.0,,1558900.0,352.0,0,0,0,0
,,,,,,80,2026-02-01 10:58:47.336278,WNTR,25.11,24.87,25.11,1257800.0,,2119100.0,,0,0,0,0
2.0,1.0,1.0,,Aggregate Position Limit,Your CRO has set the aggregate position limit to 11000 shares for this week.,81,2026-02-01 10:58:48.366950,SPNG,23.85,23.91,24.05,2533300.0,231.0,2252600.0,240.0,0,0,0,0
1.0,1.0,1.0,,Welcome to the RITC 2026 Alogithmic Market Making Case - practice server,,81,2026-02-01 10:58:48.366950,SMMR,23.97,23.97,24.23,1534900.0,,1925600.0,187.0,0,0,0,0
,,,,,,81,2026-02-01 10:58:48.366950,ATMN,24.09,23.99,24.07,2075800.0,,1814600.0,352.0,0,0,0,0
,,,,,,81,2026-02-01 10:58:48.366950,WNTR,24.87,24.87,24.99,1354300.0,,2022500.0,514.0,0,0,0,0
2.0,1.0,1.0,,Aggregate Position Limit,Your CRO has set the aggregate position limit to 11000 shares for this week.,82,2026-02-01 10:58:49.397102,SPNG,24.64,24.11,24.64,2638200.0,2312400.0,,,0,0,0,0
1.0,1.0,1.0,,Welcome to the RITC 2026 Alogithmic Market Making Case - practice server,,82,2026-02-01 10:58:49.397102,SMMR,23.97,23.97,24.19,1623200.0,1973900.0,436.0,436.0,0,0,0,0
,,,,,,82,2026-02-01 10:58:49.397102,ATMN,24.22,24.35,24.41,2330800.0,1952600.0,,,0,0,0,0
,,,,,,82,2026-02-01 10:58:49.397102,WNTR,24.87,24.97,24.99,1466600.0,2003000.0,1573.0,1573.0,0,0,0,0
2.0,1.0,1.0,,Aggregate Position Limit,Your CRO has set the aggregate position limit to 11000 shares for this week.,83,2026-02-01 10:58:50.423864,SPNG,24.53,23.91,24.53,2668400.0,2257000.0,234.0,,0,0,0,0
1.0,1.0,1.0,,Welcome to the RITC 2026 Alogithmic Market Making Case - practice server,,83,2026-02-01 10:58:50.423864,SMMR,24.19,23.97,24.19,1623200.0,2012300.0,1245.0,1245.0,0,0,0,0
,,,,,,83,2026-02-01 10:58:50.423864,ATMN,24.61,24.22,24.61,2221200.0,1809400.0,,335.0,0,0,0,0
,,,,,,83,2026-02-01 10:58:50.423864,WNTR,24.99,25.0,25.1,1704600.0,2139100.0,,236.0,0,0,0,0
2.0,1.0,1.0,,Aggregate Position Limit,Your CRO has set the aggregate position limit to 11000 shares for this week.,84,2026-02-01 10:58:51.456906,SPNG,24.53,24.35,24.53,2488500.0,225.0,2238200.0,234.0,0,0,0,0
1.0,1.0,1.0,,Welcome to the RITC 2026 Alogithmic Market Making Case - practice server,,84,2026-02-01 10:58:51.456906,SMMR,23.95,24.17,24.19,1739400.0,,1994000.0,934.0,0,0,0,0
,,,,,,84,2026-02-01 10:58:51.456906,ATMN,23.86,23.88,24.75,2044800.0,,1687900.0,351.0,0,0,0,0
,,,,,,84,2026-02-01 10:58:51.456906,WNTR,25.1,25.0,25.1,1903900.0,437.0,2037900.0,437.0,0,0,0,0
2.0,1.0,1.0,,Aggregate Position Limit,Your CRO has set the aggregate position limit to 11000 shares for this week.,85,2026-02-01 10:58:52.472110,SPNG,24.35,24.35,24.53,2488500.0,225.0,2269700.0,234.0,0,0,0,0
1.0,1.0,1.0,,Welcome to the RITC 2026 Alogithmic Market Making Case - practice server,,85,2026-02-01 10:58:52.472110,SMMR,24.09,23.95,24.04,1730900.0,,1995600.0,403.0,0,0,0,0
,,,,,,85,2026-02-01 10:58:52.472110,ATMN,24.8,24.26,24.63,2307500.0,352.0,1687900.0,352.0,0,0,0,0
,,,,,,85,2026-02-01 10:58:52.472110,WNTR,25.0,25.0,25.14,1997100.0,937.0,2121700.0,,0,0,0,0
2.0,1.0,1.0,,Aggregate Position Limit,Your CRO has set the aggregate position limit to 11000 shares for this week.,86,2026-02-01 10:58:53.487204,SPNG,23.91,23.91,24.53,2648600.0,2269700.0,354.0,,0,0,0,0
1.0,1.0,1.0,,Welcome to the RITC 2026 Alogithmic Market Making Case - practice server,,86,2026-02-01 10:58:53.487204,SMMR,24.04,23.95,24.04,1843600.0,1995600.0,379.0,379.0,0,0,0,0
,,,,,,86,2026-02-01 10:58:53.487204,ATMN,24.58,24.36,24.58,2419500.0,1814400.0,352.0,352.0,0,0,0,0
,,,,,,86,2026-02-01 10:58:53.487204,WNTR,25.0,25.0,25.08,1988300.0,2135000.0,,581.0,0,0,0,0
2.0,1.0,1.0,,Aggregate Position Limit,Your CRO has set the aggregate position limit to 11000 shares for this week.,87,2026-02-01 10:58:54.497105,SPNG,23.91,24.29,24.53,2424900.0,225.0,2269700.0,225.0,0,0,0,0
1.0,1.0,1.0,,Welcome to the RITC 2026 Alogithmic Market Making Case - practice server,,87,2026-02-01 10:58:54.497105,SMMR,24.15,24.08,24.15,1962700.0,379.0,1991000.0,379.0,0,0,0,0
,,,,,,87,2026-02-01 10:58:54.497105,ATMN,24.58,24.45,24.58,2511500.0,352.0,1948200.0,352.0,0,0,0,0
,,,,,,87,2026-02-01 10:58:54.497105,WNTR,25.13,25.04,25.13,1969200.0,581.0,2125900.0,,0,0,0,0
2.0,1.0,1.0,,Aggregate Position Limit,Your CRO has set the aggregate position limit to 11000 shares for this week.,88,2026-02-01 10:58:55.537404,SPNG,24.07,24.07,24.53,2597300.0,2361200.0,,,0,0,0,0
1.0,1.0,1.0,,Welcome to the RITC 2026 Alogithmic Market Making Case - practice server,,88,2026-02-01 10:58:55.537404,SMMR,24.08,24.08,24.19,1962700.0,2078600.0,402.0,,0,0,0,0
,,,,,,88,2026-02-01 10:58:55.537404,ATMN,24.45,24.45,24.63,2511500.0,1942400.0,352.0,352.0,0,0,0,0
,,,,,,88,2026-02-01 10:58:55.537404,WNTR,25.13,25.06,25.13,2007500.0,2015300.0,411.0,411.0,0,0,0,0
2.0,1.0,1.0,,Aggregate Position Limit,Your CRO has set the aggregate position limit to 11000 shares for this week.,89,2026-02-01 10:58:56.587436,SPNG,24.07,23.91,23.94,2476000.0,234.0,2269300.0,234.0,0,0,0,0
1.0,1.0,1.0,,Welcome to the RITC 2026 Alogithmic Market Making Case - practice server,,89,2026-02-01 10:58:56.587436,SMMR,24.08,24.08,24.1,1962700.0,960.0,1882400.0,960.0,0,0,0,0
,,,,,,89,2026-02-01 10:58:56.587436,ATMN,24.45,24.36,24.45,2532800.0,,2178800.0,352.0,0,0,0,0
,,,,,,89,2026-02-01 10:58:56.587436,WNTR,25.14,25.14,25.15,2028400.0,411.0,1908400.0,822.0,0,0,0,0
2.0,1.0,1.0,,Aggregate Position Limit,Your CRO has set the aggregate position limit to 11000 shares for this week.,91,2026-02-01 10:58:57.611572,SPNG,23.94,23.95,23.96,2569700.0,234.0,2224300.0,,0,0,0,0
1.0,1.0,1.0,,Welcome to the RITC 2026 Alogithmic Market Making Case - practice server,,91,2026-02-01 10:58:57.611572,SMMR,23.93,23.93,23.97,1858100.0,391.0,1863000.0,391.0,0,0,0,0
,,,,,,91,2026-02-01 10:58:57.611572,ATMN,24.63,24.26,24.48,2420800.0,161.0,2196500.0,,0,0,0,0
,,,,,,91,2026-02-01 10:58:57.611572,WNTR,25.14,25.14,25.15,2028400.0,1293.0,1943400.0,882.0,0,0,0,0
2.0,1.0,1.0,,Aggregate Position Limit,Your CRO has set the aggregate position limit to 11000 shares for this week.,92,2026-02-01 10:58:58.657405,SPNG,24.68,23.95,24.68,2583600.0,2290400.0,,0,0,0,0,0
1.0,1.0,1.0,,Welcome to the RITC 2026 Alogithmic Market Making Case - practice server,,92,2026-02-01 10:58:58.657405,SMMR,23.97,23.93,23.97,2177400.0,1863000.0,168.0,0,0,0,0,0
,,,,,,92,2026-02-01 10:58:58.657405,ATMN,24.5,24.26,24.44,2420800.0,2188400.0,376.0,0,0,0,0,0
,,,,,,92,2026-02-01 10:58:58.657405,WNTR,25.15,25.04,25.15,2097000.0,1939200.0,822.0,0,0,0,0,0
2.0,1.0,1.0,,Aggregate Position Limit,Your CRO has set the aggregate position limit to 11000 shares for this week.,93,2026-02-01 10:58:59.687299,SPNG,23.86,23.86,23.92,2505300.0,244.0,2191800.0,253.0,0,0,0,0
1.0,1.0,1.0,,Welcome to the RITC 2026 Alogithmic Market Making Case - practice server,,93,2026-02-01 10:58:59.687299,SMMR,24.15,23.97,24.03,2063300.0,391.0,1880000.0,391.0,0,0,0,0
,,,,,,93,2026-02-01 10:58:59.687299,ATMN,24.63,24.11,24.63,2398100.0,,2126300.0,,0,0,0,0
,,,,,,93,2026-02-01 10:58:59.687299,WNTR,25.03,25.04,25.17,2102800.0,,1957000.0,916.0,0,0,0,0
2.0,1.0,1.0,,Aggregate Position Limit,Your CRO has set the aggregate position limit to 11000 shares for this week.,94,2026-02-01 10:59:00.712176,SPNG,23.95,24.31,24.68,2661200.0,2290400.0,,,0,0,0,0
1.0,1.0,1.0,,Welcome to the RITC 2026 Alogithmic Market Making Case - practice server,,94,2026-02-01 10:59:00.712176,SMMR,24.2,24.05,24.2,2047700.0,1889600.0,414.0,414.0,0,0,0,0
,,,,,,94,2026-02-01 10:59:00.712176,ATMN,24.63,24.19,24.44,2511600.0,2205500.0,,358.0,0,0,0,0
,,,,,,94,2026-02-01 10:59:00.712176,WNTR,25.03,25.07,25.17,2007200.0,1954400.0,1442.0,1853.0,0,0,0,0
2.0,1.0,1.0,,Aggregate Position Limit,Your CRO has set the aggregate position limit to 11000 shares for this week.,95,2026-02-01 10:59:01.737293,SPNG,24.24,23.86,24.24,2650500.0,2220800.0,106.0,,0,0,0,0
1.0,1.0,1.0,,Welcome to the RITC 2026 Alogithmic Market Making Case - practice server,,95,2026-02-01 10:59:01.737293,SMMR,24.21,23.97,24.21,2172300.0,1891600.0,414.0,,0,0,0,0
,,,,,,95,2026-02-01 10:59:01.737293,ATMN,24.63,24.19,24.35,2433100.0,2234200.0,358.0,358.0,0,0,0,0
,,,,,,95,2026-02-01 10:59:01.737293,WNTR,25.03,25.07,25.17,1895000.0,2009700.0,1853.0,3092.0,0,0,0,0
2.0,1.0,1.0,,Aggregate Position Limit,Your CRO has set the aggregate position limit to 11000 shares for this week.,96,2026-02-01 10:59:02.772381,SPNG,23.81,23.83,24.47,238.0,2540700.0,2241600.0,248.0,0,0,0,0
1.0,1.0,1.0,,Welcome to the RITC 2026 Alogithmic Market Making Case - practice server,,96,2026-02-01 10:59:02.772381,SMMR,24.23,24.22,24.23,439.0,2016200.0,1918800.0,439.0,0,0,0,0
,,,,,,96,2026-02-01 10:59:02.772381,ATMN,24.19,24.19,24.44,358.0,2433100.0,2294800.0,,0,0,0,0
,,,,,,96,2026-02-01 10:59:02.772381,WNTR,25.18,25.14,25.18,2706.0,1888800.0,2039600.0,1571.0,0,0,0,0
2.0,1.0,1.0,,Aggregate Position Limit,Your CRO has set the aggregate position limit to 11000 shares for this week.,97,2026-02-01 10:59:03.787252,SPNG,23.81,24.06,24.47,2651700.0,2241600.0,102.0,,0,0,0,0
1.0,1.0,1.0,,Welcome to the RITC 2026 Alogithmic Market Making Case - practice server,,97,2026-02-01 10:59:03.787252,SMMR,24.15,23.97,23.99,2172300.0,1918200.0,439.0,,0,0,0,0
,,,,,,97,2026-02-01 10:59:03.787252,ATMN,24.19,24.19,24.44,2376200.0,2260500.0,375.0,358.0,0,0,0,0
,,,,,,97,2026-02-01 10:59:03.787252,WNTR,25.18,24.99,25.05,1998200.0,2032600.0,848.0,437.0,0,0,0,0
2.0,1.0,1.0,,Aggregate Position Limit,Your CRO has set the aggregate position limit to 11000 shares for this week.,98,2026-02-01 10:59:04.807179,SPNG,24.06,24.06,24.35,2651700.0,2220500.0,98.0,,0,0,0,0
1.0,1.0,1.0,,Welcome to the RITC 2026 Alogithmic Market Making Case - practice server,,98,2026-02-01 10:59:04.807179,SMMR,24.23,23.97,24.23,2002500.0,2038800.0,,413.0,0,0,0,0
,,,,,,98,2026-02-01 10:59:04.807179,ATMN,24.51,24.31,24.48,2483500.0,2342900.0,,,0,0,0,0
,,,,,,98,2026-02-01 10:59:04.807179,WNTR,25.13,24.99,25.04,2009100.0,2134600.0,411.0,574.0,0,0,0,0
2.0,1.0,1.0,,Aggregate Position Limit,Your CRO has set the aggregate position limit to 11000 shares for this week.,99,2026-02-01 10:59:05.827412,SPNG,24.06,23.81,23.91,2626800.0,2230800.0,98.0,,0,0,0,0
1.0,1.0,1.0,,Welcome to the RITC 2026 Alogithmic Market Making Case - practice server,,99,2026-02-01 10:59:05.827412,SMMR,24.2,24.01,24.2,1989700.0,1933900.0,437.0,437.0,0,0,0,0
,,,,,,99,2026-02-01 10:59:05.827412,ATMN,24.11,24.31,24.48,2424300.0,2397200.0,,1079.0,0,0,0,0
,,,,,,99,2026-02-01 10:59:05.827412,WNTR,24.99,24.99,25.04,1992800.0,2143900.0,1642.0,1642.0,0,0,0,0
2.0,1.0,1.0,,Aggregate Position Limit,Your CRO has set the aggregate position limit to 11000 shares for this week.,100,2026-02-01 10:59:06.855691,SPNG,23.91,23.81,23.91,2460700.0,229.0,2230800.0,229.0,0,0,0,0
1.0,1.0,1.0,,Welcome to the RITC 2026 Alogithmic Market Making Case - practice server,,100,2026-02-01 10:59:06.855691,SMMR,24.17,24.17,24.2,2119100.0,,2032900.0,,0,0,0,0
,,,,,,100,2026-02-01 10:59:06.855691,ATMN,24.31,24.11,24.22,2378400.0,375.0,2196400.0,1454.0,0,0,0,0
,,,,,,100,2026-02-01 10:59:06.855691,WNTR,25.1,24.99,25.1,2000300.0,1642.0,2167800.0,1642.0,0,0,0,0
2.0,1.0,1.0,,Aggregate Position Limit,Your CRO has set the aggregate position limit to 11000 shares for this week.,101,2026-02-01 10:59:07.894078,SPNG,23.91,23.81,23.91,2426100.0,491.0,2230800.0,491.0,0,0,0,0
1.0,1.0,1.0,,Welcome to the RITC 2026 Alogithmic Market Making Case - practice server,,101,2026-02-01 10:59:07.894078,SMMR,24.17,24.17,24.2,2006900.0,448.0,1974600.0,192.0,0,0,0,0
,,,,,,101,2026-02-01 10:59:07.894078,ATMN,24.48,24.2,24.48,2342900.0,375.0,2186700.0,1403.0,0,0,0,0
,,,,,,101,2026-02-01 10:59:07.894078,WNTR,25.14,24.99,25.14,2000300.0,717.0,2219200.0,,0,0,0,0
2.0,1.0,1.0,,Aggregate Position Limit,Your CRO has set the aggregate position limit to 11000 shares for this week.,102,2026-02-01 10:59:08.923544,SPNG,24.35,24.43,24.47,2567200.0,2341100.0,,,0,0,0,0
1.0,1.0,1.0,,Welcome to the RITC 2026 Alogithmic Market Making Case - practice server,,102,2026-02-01 10:59:08.923544,SMMR,24.13,23.97,24.13,2002500.0,2089300.0,422.0,,0,0,0,0
,,,,,,102,2026-02-01 10:59:08.923544,ATMN,24.48,24.2,24.48,2341300.0,2182800.0,342.0,1403.0,0,0,0,0
,,,,,,102,2026-02-01 10:59:08.923544,WNTR,25.16,25.16,25.18,1999900.0,2206500.0,978.0,,0,0,0,0
2.0,1.0,1.0,,Aggregate Position Limit,Your CRO has set the aggregate position limit to 11000 shares for this week.,103,2026-02-01 10:59:09.957607,SPNG,23.79,23.79,24.47,2454900.0,243.0,2211800.0,243.0,0,0,0,0
1.0,1.0,1.0,,Welcome to the RITC 2026 Alogithmic Market Making Case - practice server,,103,2026-02-01 10:59:09.957607,SMMR,23.93,23.93,24.12,2031500.0,397.0,1966100.0,422.0,0,0,0,0
,,,,,,103,2026-02-01 10:59:09.957607,ATMN,24.51,24.54,24.63,2315800.0,363.0,2254600.0,363.0,0,0,0,0
,,,,,,103,2026-02-01 10:59:09.957607,WNTR,24.98,25.11,25.18,1995900.0,386.0,2098500.0,386.0,0,0,0,0
2.0,1.0,1.0,,Aggregate Position Limit,Your CRO has set the aggregate position limit to 11000 shares for this week.,104,2026-02-01 10:59:10.977485,SPNG,23.77,23.77,24.47,2535200.0,243.0,2251400.0,243.0,0,0,0,0
1.0,1.0,1.0,,Welcome to the RITC 2026 Alogithmic Market Making Case - practice server,,104,2026-02-01 10:59:10.977485,SMMR,24.13,24.14,24.2,2007200.0,397.0,1965000.0,397.0,0,0,0,0
,,,,,,104,2026-02-01 10:59:10.977485,ATMN,24.54,24.28,24.42,2317500.0,363.0,2284000.0,363.0,0,0,0,0
,,,,,,104,2026-02-01 10:59:10.977485,WNTR,25.09,25.09,25.19,2077400.0,,2067700.0,414.0,0,0,0,0
2.0,1.0,1.0,,Aggregate Position Limit,Your CRO has set the aggregate position limit to 11000 shares for this week.,105,2026-02-01 10:59:11.987520,SPNG,24.47,23.79,24.47,2500700.0,694.0,2251400.0,694.0,0,0,0,0
1.0,1.0,1.0,,Welcome to the RITC 2026 Alogithmic Market Making Case - practice server,,105,2026-02-01 10:59:11.987520,SMMR,24.14,24.11,24.14,2008100.0,422.0,1934800.0,422.0,0,0,0,0
,,,,,,105,2026-02-01 10:59:11.987520,ATMN,24.2,24.2,24.31,2452800.0,,2333900.0,380.0,0,0,0,0
,,,,,,105,2026-02-01 10:59:11.987520,WNTR,25.14,24.98,25.11,1971900.0,444.0,2100900.0,444.0,0,0,0,0
2.0,1.0,1.0,,Aggregate Position Limit,Your CRO has set the aggregate position limit to 11000 shares for this week.,106,2026-02-01 10:59:13.017105,SPNG,24.22,24.42,24.47,2530900.0,694.0,2251400.0,694.0,0,0,0,0
1.0,1.0,1.0,,Welcome to the RITC 2026 Alogithmic Market Making Case - practice server,,106,2026-02-01 10:59:13.017105,SMMR,24.05,23.93,24.05,2139600.0,,1954400.0,1205.0,0,0,0,0
,,,,,,106,2026-02-01 10:59:13.017105,ATMN,24.42,24.1,24.42,2471300.0,,2391200.0,,0,0,0,0
,,,,,,106,2026-02-01 10:59:13.017105,WNTR,24.98,24.98,25.07,1944400.0,190.0,2194800.0,,0,0,0,0
2.0,1.0,1.0,,Aggregate Position Limit,Your CRO has set the aggregate position limit to 11000 shares for this week.,107,2026-02-01 10:59:14.047040,SPNG,24.22,24.42,24.47,2530900.0,243.0,2255900.0,243.0,0,0,0,0
1.0,1.0,1.0,,Welcome to the RITC 2026 Alogithmic Market Making Case - practice server,,107,2026-02-01 10:59:14.047040,SMMR,24.05,23.94,24.05,1985900.0,350.0,1954400.0,350.0,0,0,0,0
,,,,,,107,2026-02-01 10:59:14.047040,ATMN,24.42,24.1,24.42,2334300.0,799.0,2292200.0,373.0,0,0,0,0
,,,,,,107,2026-02-01 10:59:14.047040,WNTR,25.07,24.98,25.07,1926700.0,176.0,2194800.0,,0,0,0,0
2.0,1.0,1.0,,Aggregate Position Limit,Your CRO has set the aggregate position limit to 11000 shares for this week.,108,2026-02-01 10:59:15.077317,SPNG,24.22,24.42,24.43,2678300.0,2288600.0,382.0,,0,0,0,0
1.0,1.0,1.0,,Welcome to the RITC 2026 Alogithmic Market Making Case - practice server,,108,2026-02-01 10:59:15.077317,SMMR,24.05,24.05,24.07,1998500.0,2037800.0,,350.0,0,0,0,0
,,,,,,108,2026-02-01 10:59:15.077317,ATMN,24.68,24.28,24.42,2318900.0,2250300.0,373.0,373.0,0,0,0,0
,,,,,,108,2026-02-01 10:59:15.077317,WNTR,24.98,24.98,25.04,1924100.0,2096000.0,412.0,412.0,0,0,0,0
2.0,1.0,1.0,,Aggregate Position Limit,Your CRO has set the aggregate position limit to 11000 shares for this week.,109,2026-02-01 10:59:16.110272,SPNG,24.42,23.77,23.86,2667500.0,2332800.0,521.0,,0,0,0,0
1.0,1.0,1.0,,Welcome to the RITC 2026 Alogithmic Market Making Case - practice server,,109,2026-02-01 10:59:16.110272,SMMR,24.05,23.96,24.05,2018400.0,1936700.0,371.0,371.0,0,0,0,0
,,,,,,109,2026-02-01 10:59:16.110272,ATMN,24.42,24.36,24.42,2301500.0,2250300.0,360.0,360.0,0,0,0,0
,,,,,,109,2026-02-01 10:59:16.110272,WNTR,25.04,24.98,25.04,1938100.0,2096000.0,882.0,882.0,0,0,0,0
2.0,1.0,1.0,,Aggregate Position Limit,Your CRO has set the aggregate position limit to 11000 shares for this week.,110,2026-02-01 10:59:17.132042,SPNG,23.76,23.76,23.94,2544000.0,232.0,2309400.0,232.0,0,0,0,0
1.0,1.0,1.0,,Welcome to the RITC 2026 Alogithmic Market Making Case - practice server,,110,2026-02-01 10:59:17.132042,SMMR,23.93,23.93,24.05,2115600.0,,1960400.0,159.0,0,0,0,0
,,,,,,110,2026-02-01 10:59:17.132042,ATMN,24.77,24.28,24.52,2312900.0,360.0,2247600.0,343.0,0,0,0,0
,,,,,,110,2026-02-01 10:59:17.132042,WNTR,25.19,24.98,25.19,2068100.0,,2104200.0,412.0,0,0,0,0
2.0,1.0,1.0,,Aggregate Position Limit,Your CRO has set the aggregate position limit to 11000 shares for this week.,111,2026-02-01 10:59:18.187147,SPNG,23.94,24.36,24.43,2668900.0,2268100.0,101.0,,0,0,0,0
1.0,1.0,1.0,,Welcome to the RITC 2026 Alogithmic Market Making Case - practice server,,111,2026-02-01 10:59:18.187147,SMMR,24.05,24.03,24.05,1989000.0,1966700.0,371.0,371.0,0,0,0,0
,,,,,,111,2026-02-01 10:59:18.187147,ATMN,24.27,24.27,24.33,2289500.0,2283400.0,343.0,360.0,0,0,0,0
,,,,,,111,2026-02-01 10:59:18.187147,WNTR,24.97,24.97,25.19,1955100.0,2182400.0,,441.0,0,0,0,0
2.0,1.0,1.0,,Aggregate Position Limit,Your CRO has set the aggregate position limit to 11000 shares for this week.,112,2026-02-01 10:59:19.217596,SPNG,24.29,23.76,23.9,2683300.0,2306400.0,235.0,,0,0,0,0
1.0,1.0,1.0,,Welcome to the RITC 2026 Alogithmic Market Making Case - practice server,,112,2026-02-01 10:59:19.217596,SMMR,24.05,24.03,24.05,1989000.0,1997800.0,371.0,371.0,0,0,0,0
,,,,,,112,2026-02-01 10:59:19.217596,ATMN,24.64,24.3,24.64,2307400.0,2318000.0,,360.0,0,0,0,0
,,,,,,112,2026-02-01 10:59:19.217596,WNTR,25.2,25.09,25.13,1956400.0,2068400.0,409.0,409.0,0,0,0,0
2.0,1.0,1.0,,Aggregate Position Limit,Your CRO has set the aggregate position limit to 11000 shares for this week.,113,2026-02-01 10:59:20.245151,SPNG,24.29,23.76,23.9,2506900.0,226.0,2306400.0,226.0,0,0,0,0
1.0,1.0,1.0,,Welcome to the RITC 2026 Alogithmic Market Making Case - practice server,,113,2026-02-01 10:59:20.245151,SMMR,24.03,23.93,23.95,2086200.0,,2023700.0,583.0,0,0,0,0
,,,,,,113,2026-02-01 10:59:20.245151,ATMN,24.77,24.3,24.77,2435500.0,,2333100.0,,0,0,0,0
,,,,,,113,2026-02-01 10:59:20.245151,WNTR,25.07,24.97,24.99,1951300.0,409.0,2106300.0,409.0,0,0,0,0
2.0,1.0,1.0,,Aggregate Position Limit,Your CRO has set the aggregate position limit to 11000 shares for this week.,114,2026-02-01 10:59:21.267289,SPNG,23.76,23.76,23.87,2506900.0,226.0,2424500.0,,0,0,0,0
1.0,1.0,1.0,,Welcome to the RITC 2026 Alogithmic Market Making Case - practice server,,114,2026-02-01 10:59:21.267289,SMMR,24.03,23.93,23.95,2109100.0,,2023700.0,583.0,0,0,0,0
,,,,,,114,2026-02-01 10:59:21.267289,ATMN,24.77,24.3,24.4,2429000.0,,2351700.0,,0,0,0,0
,,,,,,114,2026-02-01 10:59:21.267289,WNTR,25.08,25.08,25.13,1972300.0,409.0,2185300.0,,0,0,0,0
2.0,1.0,1.0,,Aggregate Position Limit,Your CRO has set the aggregate position limit to 11000 shares for this week.,115,2026-02-01 10:59:22.300300,SPNG,23.87,23.76,23.87,2524800.0,226.0,2424500.0,0,0,0,0,0
1.0,1.0,1.0,,Welcome to the RITC 2026 Alogithmic Market Making Case - practice server,,115,2026-02-01 10:59:22.300300,SMMR,23.89,23.89,24.11,2122200.0,,2097600.0,0,0,0,0,0
,,,,,,115,2026-02-01 10:59:22.300300,ATMN,24.4,24.3,24.4,2429000.0,,2368300.0,0,0,0,0,0
,,,,,,115,2026-02-01 10:59:22.300300,WNTR,25.08,24.97,25.06,1960100.0,409.0,2205900.0,0,0,0,0,0
2.0,1.0,1.0,,Aggregate Position Limit,Your CRO has set the aggregate position limit to 11000 shares for this week.,116,2026-02-01 10:59:23.317354,SPNG,24.52,23.75,24.52,2524900.0,226.0,2358100.0,0,0,0,0,0
1.0,1.0,1.0,,Welcome to the RITC 2026 Alogithmic Market Making Case - practice server,,116,2026-02-01 10:59:23.317354,SMMR,24.14,23.9,24.14,2119100.0,,2117100.0,0,0,0,0,0
,,,,,,116,2026-02-01 10:59:23.317354,ATMN,24.8,24.3,24.8,2405400.0,,2286800.0,0,0,0,0,0
,,,,,,116,2026-02-01 10:59:23.317354,WNTR,25.13,25.08,25.13,1992800.0,409.0,2213700.0,0,0,0,0,0
2.0,1.0,1.0,,Aggregate Position Limit,Your CRO has set the aggregate position limit to 11000 shares for this week.,117,2026-02-01 10:59:24.346957,SPNG,23.72,23.72,24.52,2659400.0,2317900.0,,0,0,0,0,0
1.0,1.0,1.0,,Welcome to the RITC 2026 Alogithmic Market Making Case - practice server,,117,2026-02-01 10:59:24.346957,SMMR,24.14,23.93,24.14,2145800.0,2100400.0,,0,0,0,0,0
,,,,,,117,2026-02-01 10:59:24.346957,ATMN,24.28,24.27,24.28,2377200.0,2311900.0,,0,0,0,0,0
,,,,,,117,2026-02-01 10:59:24.346957,WNTR,25.1,25.1,25.13,2026500.0,2202000.0,409.0,0,0,0,0,0
2.0,1.0,1.0,,Aggregate Position Limit,Your CRO has set the aggregate position limit to 11000 shares for this week.,118,2026-02-01 10:59:25.369337,SPNG,23.72,23.71,23.72,2648700.0,2292600.0,,0,0,0,0,0
1.0,1.0,1.0,,Welcome to the RITC 2026 Alogithmic Market Making Case - practice server,,118,2026-02-01 10:59:25.369337,SMMR,24.15,23.93,23.94,2137800.0,2134200.0,,0,0,0,0,0
,,,,,,118,2026-02-01 10:59:25.369337,ATMN,24.28,24.52,24.69,2366500.0,2305400.0,,0,0,0,0,0
,,,,,,118,2026-02-01 10:59:25.369337,WNTR,25.08,24.97,25.01,1960100.0,2238200.0,409.0,0,0,0,0,0
2.0,1.0,1.0,,Aggregate Position Limit,Your CRO has set the aggregate position limit to 11000 shares for this week.,119,2026-02-01 10:59:26.393430,SPNG,24.52,24.07,24.52,2614900.0,2302600.0,,0,0,0,0,0
1.0,1.0,1.0,,Welcome to the RITC 2026 Alogithmic Market Making Case - practice server,,119,2026-02-01 10:59:26.393430,SMMR,23.93,23.93,24.15,2137800.0,2091900.0,,0,0,0,0,0
,,,,,,119,2026-02-01 10:59:26.393430,ATMN,24.28,24.52,24.55,2366500.0,2402600.0,,0,0,0,0,0
,,,,,,119,2026-02-01 10:59:26.393430,WNTR,24.95,24.95,25.01,1987700.0,2238200.0,409.0,0,0,0,0,0
2.0,1.0,1.0,,Aggregate Position Limit,Your CRO has set the aggregate position limit to 11000 shares for this week.,120,2026-02-01 10:59:27.417156,SPNG,25.0,25.0,25.63,1075900.0,784500.0,,,0,0,0,0
1.0,1.0,1.0,,Welcome to the RITC 2026 Alogithmic Market Making Case - practice server,,120,2026-02-01 10:59:27.417156,SMMR,25.18,25.18,25.19,808200.0,813300.0,428.0,,0,0,0,0
,,,,,,120,2026-02-01 10:59:27.417156,ATMN,23.73,23.73,24.32,1080900.0,890200.0,343.0,343.0,0,0,0,0
,,,,,,120,2026-02-01 10:59:27.417156,WNTR,25.13,24.27,25.08,916300.0,866400.0,,,0,0,0,0
2.0,1.0,1.0,,Aggregate Position Limit,Your CRO has set the aggregate position limit to 11000 shares for this week.,121,2026-02-01 10:59:28.450686,SPNG,24.74,25.38,25.63,1490200.0,226.0,784500.0,,0,0,0,0
1.0,1.0,1.0,,Welcome to the RITC 2026 Alogithmic Market Making Case - practice server,,121,2026-02-01 10:59:28.450686,SMMR,25.29,25.29,25.35,1001600.0,453.0,797200.0,,0,0,0,0
,,,,,,121,2026-02-01 10:59:28.450686,ATMN,22.72,23.54,24.32,1389100.0,359.0,890200.0,343.0,0,0,0,0
,,,,,,121,2026-02-01 10:59:28.450686,WNTR,24.73,24.27,24.3,916300.0,494.0,1305700.0,494.0,0,0,0,0
2.0,1.0,1.0,,Aggregate Position Limit,Your CRO has set the aggregate position limit to 11000 shares for this week.,122,2026-02-01 10:59:29.468476,SPNG,24.74,25.38,25.63,1490200.0,235.0,1151900.0,235.0,0,0,0,0
1.0,1.0,1.0,,Welcome to the RITC 2026 Alogithmic Market Making Case - practice server,,122,2026-02-01 10:59:29.468476,SMMR,25.62,25.67,25.81,1117900.0,480.0,887300.0,,0,0,0,0
,,,,,,122,2026-02-01 10:59:29.468476,ATMN,23.67,23.54,23.67,1389100.0,154.0,1157800.0,,0,0,0,0
,,,,,,122,2026-02-01 10:59:29.468476,WNTR,24.21,23.87,24.03,942900.0,,1630400.0,494.0,0,0,0,0
2.0,1.0,1.0,,Aggregate Position Limit,Your CRO has set the aggregate position limit to 11000 shares for this week.,123,2026-02-01 10:59:30.500882,SPNG,25.35,25.07,25.16,1446200.0,226.0,1412900.0,226.0,0,0,0,0
1.0,1.0,1.0,,Welcome to the RITC 2026 Alogithmic Market Making Case - practice server,,123,2026-02-01 10:59:30.500882,SMMR,25.76,25.76,25.81,1306000.0,202.0,887300.0,,0,0,0,0
,,,,,,123,2026-02-01 10:59:30.500882,ATMN,22.72,22.72,23.85,1378300.0,,1026000.0,,0,0,0,0
,,,,,,123,2026-02-01 10:59:30.500882,WNTR,24.21,23.87,23.96,942900.0,529.0,1967500.0,529.0,0,0,0,0
2.0,1.0,1.0,,Aggregate Position Limit,Your CRO has set the aggregate position limit to 11000 shares for this week.,124,2026-02-01 10:59:31.520677,SPNG,25.22,25.19,25.22,235.0,1446200.0,1624700.0,235.0,0,0,0,0
1.0,1.0,1.0,,Welcome to the RITC 2026 Alogithmic Market Making Case - practice server,,124,2026-02-01 10:59:31.520677,SMMR,25.81,25.76,25.81,202.0,1482900.0,969900.0,,0,0,0,0
,,,,,,124,2026-02-01 10:59:31.520677,ATMN,24.32,23.84,23.93,366.0,1503900.0,1148700.0,366.0,0,0,0,0
,,,,,,124,2026-02-01 10:59:31.520677,WNTR,23.96,23.87,23.88,1513.0,942900.0,1981300.0,529.0,0,0,0,0
2.0,1.0,1.0,,Aggregate Position Limit,Your CRO has set the aggregate position limit to 11000 shares for this week.,125,2026-02-01 10:59:32.557309,SPNG,25.16,25.16,25.22,1483500.0,226.0,1846700.0,,0,0,0,0
1.0,1.0,1.0,,Welcome to the RITC 2026 Alogithmic Market Making Case - practice server,,125,2026-02-01 10:59:32.557309,SMMR,25.84,25.76,25.77,1482900.0,,861200.0,472.0,0,0,0,0
,,,,,,125,2026-02-01 10:59:32.557309,ATMN,24.32,23.84,23.87,1503900.0,366.0,1548500.0,366.0,0,0,0,0
,,,,,,125,2026-02-01 10:59:32.557309,WNTR,23.86,23.86,23.88,1038100.0,1576.0,2101100.0,,0,0,0,0
2.0,1.0,1.0,,Aggregate Position Limit,Your CRO has set the aggregate position limit to 11000 shares for this week.,126,2026-02-01 10:59:33.601861,SPNG,25.16,25.16,25.22,1602200.0,234.0,2109200.0,234.0,0,0,0,0
1.0,1.0,1.0,,Welcome to the RITC 2026 Alogithmic Market Making Case - practice server,,126,2026-02-01 10:59:33.601861,SMMR,25.77,25.87,25.89,1790600.0,480.0,780700.0,,0,0,0,0
,,,,,,126,2026-02-01 10:59:33.601861,ATMN,23.84,23.11,23.5,1496800.0,366.0,1653700.0,366.0,0,0,0,0
,,,,,,126,2026-02-01 10:59:33.601861,WNTR,23.86,23.76,23.83,1242900.0,,1933800.0,1812.0,0,0,0,0
2.0,1.0,1.0,,Aggregate Position Limit,Your CRO has set the aggregate position limit to 11000 shares for this week.,127,2026-02-01 10:59:34.634593,SPNG,25.36,25.16,25.25,1602200.0,695.0,695.0,1999600.0,0,0,0,0
1.0,1.0,1.0,,Welcome to the RITC 2026 Alogithmic Market Making Case - practice server,,127,2026-02-01 10:59:34.634593,SMMR,25.77,25.87,25.89,1903700.0,471.0,471.0,871800.0,0,0,0,0
,,,,,,127,2026-02-01 10:59:34.634593,ATMN,23.87,23.48,23.87,1753100.0,164.0,,1548500.0,0,0,0,0
,,,,,,127,2026-02-01 10:59:34.634593,WNTR,23.96,23.76,23.96,1142900.0,,,2087300.0,0,0,0,0
2.0,1.0,1.0,,Aggregate Position Limit,Your CRO has set the aggregate position limit to 11000 shares for this week.,128,2026-02-01 10:59:35.669099,SPNG,24.61,24.61,25.25,1846300.0,217.0,217.0,1999600.0,0,0,0,0
1.0,1.0,1.0,,Welcome to the RITC 2026 Alogithmic Market Making Case - practice server,,128,2026-02-01 10:59:35.669099,SMMR,25.79,25.85,25.89,1906200.0,481.0,481.0,871800.0,0,0,0,0
,,,,,,128,2026-02-01 10:59:35.669099,ATMN,23.87,23.78,23.8,1983100.0,157.0,,1696300.0,0,0,0,0
,,,,,,128,2026-02-01 10:59:35.669099,WNTR,23.71,23.71,23.96,1163600.0,1663.0,,2086000.0,0,0,0,0
2.0,1.0,1.0,,Aggregate Position Limit,Your CRO has set the aggregate position limit to 11000 shares for this week.,129,2026-02-01 10:59:36.688990,SPNG,25.37,24.98,25.37,2145800.0,217.0,1873700.0,225.0,0,0,0,0
1.0,1.0,1.0,,Welcome to the RITC 2026 Alogithmic Market Making Case - practice server,,129,2026-02-01 10:59:36.688990,SMMR,25.75,25.75,25.92,1816400.0,,838000.0,,0,0,0,0
,,,,,,129,2026-02-01 10:59:36.688990,ATMN,23.8,23.78,23.8,1983100.0,157.0,1952300.0,,0,0,0,0
,,,,,,129,2026-02-01 10:59:36.688990,WNTR,23.71,23.71,23.76,1502400.0,549.0,2028600.0,549.0,0,0,0,0
2.0,1.0,1.0,,Aggregate Position Limit,Your CRO has set the aggregate position limit to 11000 shares for this week.,130,2026-02-01 10:59:37.705690,SPNG,25.37,24.98,25.14,2145800.0,225.0,225.0,1979100.0,0,0,0,0
1.0,1.0,1.0,,Welcome to the RITC 2026 Alogithmic Market Making Case - practice server,,130,2026-02-01 10:59:37.705690,SMMR,25.92,25.95,25.96,1928700.0,1345.0,,928100.0,0,0,0,0
,,,,,,130,2026-02-01 10:59:37.705690,ATMN,23.72,23.48,23.7,2107800.0,374.0,374.0,2079200.0,0,0,0,0
,,,,,,130,2026-02-01 10:59:37.705690,WNTR,23.71,23.71,23.76,1473000.0,,549.0,2020600.0,0,0,0,0
2.0,1.0,1.0,,Aggregate Position Limit,Your CRO has set the aggregate position limit to 11000 shares for this week.,131,2026-02-01 10:59:38.731354,SPNG,25.37,24.99,25.37,2546800.0,225.0,1851300.0,,0,0,0,0
1.0,1.0,1.0,,Welcome to the RITC 2026 Alogithmic Market Making Case - practice server,,131,2026-02-01 10:59:38.731354,SMMR,25.95,25.95,25.96,1928700.0,419.0,1045000.0,419.0,0,0,0,0
,,,,,,131,2026-02-01 10:59:38.731354,ATMN,23.7,23.67,23.7,2315200.0,374.0,2079200.0,374.0,0,0,0,0
,,,,,,131,2026-02-01 10:59:38.731354,WNTR,23.76,23.76,23.96,1607900.0,549.0,2033800.0,549.0,0,0,0,0
2.0,1.0,1.0,,Aggregate Position Limit,Your CRO has set the aggregate position limit to 11000 shares for this week.,132,2026-02-01 10:59:39.751084,SPNG,25.37,24.99,25.06,2546800.0,2092300.0,100.0,,0,0,0,0
1.0,1.0,1.0,,Welcome to the RITC 2026 Alogithmic Market Making Case - practice server,,132,2026-02-01 10:59:39.751084,SMMR,25.97,25.75,25.97,1816400.0,1061500.0,419.0,,0,0,0,0
,,,,,,132,2026-02-01 10:59:39.751084,ATMN,23.87,23.65,23.87,2332300.0,1804500.0,,374.0,0,0,0,0
,,,,,,132,2026-02-01 10:59:39.751084,WNTR,23.97,23.77,23.97,1704500.0,2122400.0,,528.0,0,0,0,0
2.0,1.0,1.0,,Aggregate Position Limit,Your CRO has set the aggregate position limit to 11000 shares for this week.,134,2026-02-01 10:59:40.784042,SPNG,25.37,24.99,25.06,2402400.0,234.0,2211900.0,,0,0,0,0
1.0,1.0,1.0,,Welcome to the RITC 2026 Alogithmic Market Making Case - practice server,,134,2026-02-01 10:59:40.784042,SMMR,25.99,25.76,25.99,1916600.0,444.0,970400.0,418.0,0,0,0,0
,,,,,,134,2026-02-01 10:59:40.784042,ATMN,23.84,23.65,23.84,2332300.0,374.0,1928200.0,374.0,0,0,0,0
,,,,,,134,2026-02-01 10:59:40.784042,WNTR,23.97,23.71,23.97,1574400.0,,2134200.0,,0,0,0,0
2.0,1.0,1.0,,Aggregate Position Limit,Your CRO has set the aggregate position limit to 11000 shares for this week.,135,2026-02-01 10:59:41.807005,SPNG,24.98,24.98,25.06,2382100.0,668.0,2122800.0,668.0,0,0,0,0
1.0,1.0,1.0,,Welcome to the RITC 2026 Alogithmic Market Making Case - practice server,,135,2026-02-01 10:59:41.807005,SMMR,25.99,25.85,25.95,1867200.0,418.0,1087100.0,,0,0,0,0
,,,,,,135,2026-02-01 10:59:41.807005,ATMN,23.84,23.65,23.66,2441500.0,374.0,2175300.0,356.0,0,0,0,0
,,,,,,135,2026-02-01 10:59:41.807005,WNTR,23.7,23.7,23.73,1453700.0,,2074400.0,490.0,0,0,0,0
2.0,1.0,1.0,,Aggregate Position Limit,Your CRO has set the aggregate position limit to 11000 shares for this week.,136,2026-02-01 10:59:42.836809,SPNG,25.09,24.98,25.09,2351400.0,668.0,2269000.0,,0,0,0,0
1.0,1.0,1.0,,Welcome to the RITC 2026 Alogithmic Market Making Case - practice server,,136,2026-02-01 10:59:42.836809,SMMR,25.95,25.85,25.95,1867200.0,1194.0,1087100.0,1194.0,0,0,0,0
,,,,,,136,2026-02-01 10:59:42.836809,ATMN,23.73,23.75,23.84,2318700.0,356.0,2175800.0,,0,0,0,0
,,,,,,136,2026-02-01 10:59:42.836809,WNTR,23.81,23.88,23.97,1466800.0,505.0,2135600.0,,0,0,0,0
2.0,1.0,1.0,,Aggregate Position Limit,Your CRO has set the aggregate position limit to 11000 shares for this week.,137,2026-02-01 10:59:43.868898,SPNG,25.09,24.98,25.09,2370700.0,668.0,2170400.0,555.0,0,0,0,0
1.0,1.0,1.0,,Welcome to the RITC 2026 Alogithmic Market Making Case - practice server,,137,2026-02-01 10:59:43.868898,SMMR,26.04,25.85,26.04,1840000.0,347.0,932500.0,347.0,0,0,0,0
,,,,,,137,2026-02-01 10:59:43.868898,ATMN,23.84,23.48,23.66,2399000.0,340.0,2175800.0,340.0,0,0,0,0
,,,,,,137,2026-02-01 10:59:43.868898,WNTR,23.88,23.88,23.97,1466800.0,540.0,2086400.0,504.0,0,0,0,0
2.0,1.0,1.0,,Aggregate Position Limit,Your CRO has set the aggregate position limit to 11000 shares for this week.,138,2026-02-01 10:59:44.900493,SPNG,25.12,25.32,25.37,2343200.0,668.0,2202400.0,,0,0,0,0
1.0,1.0,1.0,,Welcome to the RITC 2026 Alogithmic Market Making Case - practice server,,138,2026-02-01 10:59:44.900493,SMMR,26.07,26.1,26.11,1839500.0,326.0,1023200.0,326.0,0,0,0,0
,,,,,,138,2026-02-01 10:59:44.900493,ATMN,23.84,23.48,23.84,2320000.0,146.0,2175800.0,,0,0,0,0
,,,,,,138,2026-02-01 10:59:44.900493,WNTR,23.6,23.57,23.59,1043100.0,,2123700.0,504.0,0,0,0,0
2.0,1.0,1.0,,Aggregate Position Limit,Your CRO has set the aggregate position limit to 11000 shares for this week.,139,2026-02-01 10:59:45.933380,SPNG,25.37,24.98,25.37,2367800.0,307.0,2142700.0,,0,0,0,0
1.0,1.0,1.0,,Welcome to the RITC 2026 Alogithmic Market Making Case - practice server,,139,2026-02-01 10:59:45.933380,SMMR,25.83,25.83,26.11,1958500.0,,1137300.0,326.0,0,0,0,0
,,,,,,139,2026-02-01 10:59:45.933380,ATMN,24.07,23.48,24.06,2292000.0,146.0,2040500.0,,0,0,0,0
,,,,,,139,2026-02-01 10:59:45.933380,WNTR,23.69,23.57,23.69,1279900.0,582.0,2194200.0,,0,0,0,0
2.0,1.0,1.0,,Aggregate Position Limit,Your CRO has set the aggregate position limit to 11000 shares for this week.,140,2026-02-01 10:59:46.952148,SPNG,25.22,24.98,25.22,2414200.0,307.0,2085800.0,307.0,0,0,0,0
1.0,1.0,1.0,,Welcome to the RITC 2026 Alogithmic Market Making Case - practice server,,140,2026-02-01 10:59:46.952148,SMMR,26.12,25.98,26.12,1831300.0,346.0,1145100.0,346.0,0,0,0,0
,,,,,,140,2026-02-01 10:59:46.952148,ATMN,23.48,24.03,24.06,2300500.0,340.0,2153800.0,340.0,0,0,0,0
,,,,,,140,2026-02-01 10:59:46.952148,WNTR,23.69,23.79,23.88,1389400.0,249.0,2235300.0,,0,0,0,0
2.0,1.0,1.0,,Aggregate Position Limit,Your CRO has set the aggregate position limit to 11000 shares for this week.,141,2026-02-01 10:59:47.983298,SPNG,25.47,24.98,25.43,2394700.0,307.0,295.0,2030400.0,0,0,0,0
1.0,1.0,1.0,,Welcome to the RITC 2026 Alogithmic Market Making Case - practice server,,141,2026-02-01 10:59:47.983298,SMMR,25.83,25.83,25.93,1860600.0,152.0,,1241000.0,0,0,0,0
,,,,,,141,2026-02-01 10:59:47.983298,ATMN,23.52,23.67,23.74,2425200.0,,340.0,2278700.0,0,0,0,0
,,,,,,141,2026-02-01 10:59:47.983298,WNTR,23.7,23.65,23.7,1495500.0,,540.0,2133600.0,0,0,0,0
2.0,1.0,1.0,,Aggregate Position Limit,Your CRO has set the aggregate position limit to 11000 shares for this week.,142,2026-02-01 10:59:49.002383,SPNG,24.95,25.37,25.46,2392300.0,307.0,307.0,2030400.0,0,0,0,0
1.0,1.0,1.0,,Welcome to the RITC 2026 Alogithmic Market Making Case - practice server,,142,2026-02-01 10:59:49.002383,SMMR,25.93,26.02,26.12,1837900.0,152.0,,1238000.0,0,0,0,0
,,,,,,142,2026-02-01 10:59:49.002383,ATMN,23.36,23.67,23.74,2299300.0,372.0,,2278700.0,0,0,0,0
,,,,,,142,2026-02-01 10:59:49.002383,WNTR,23.65,23.65,23.88,1495500.0,593.0,,2269300.0,0,0,0,0
2.0,1.0,1.0,,Aggregate Position Limit,Your CRO has set the aggregate position limit to 11000 shares for this week.,143,2026-02-01 10:59:50.027580,SPNG,24.95,24.95,25.38,2362900.0,134.0,2137600.0,,0,0,0,0
1.0,1.0,1.0,,Welcome to the RITC 2026 Alogithmic Market Making Case - practice server,,143,2026-02-01 10:59:50.027580,SMMR,26.03,26.0,26.03,1960600.0,,1345800.0,,0,0,0,0
,,,,,,143,2026-02-01 10:59:50.027580,ATMN,23.36,23.36,23.74,2324400.0,372.0,2278700.0,372.0,0,0,0,0
,,,,,,143,2026-02-01 10:59:50.027580,WNTR,23.57,23.57,23.88,1261100.0,,2144400.0,554.0,0,0,0,0
2.0,1.0,1.0,,Aggregate Position Limit,Your CRO has set the aggregate position limit to 11000 shares for this week.,144,2026-02-01 10:59:51.051947,SPNG,25.63,24.95,25.41,2362900.0,312.0,312.0,2074700.0,0,0,0,0
1.0,1.0,1.0,,Welcome to the RITC 2026 Alogithmic Market Making Case - practice server,,144,2026-02-01 10:59:51.051947,SMMR,25.82,25.95,25.99,1966900.0,,354.0,1458700.0,0,0,0,0
,,,,,,144,2026-02-01 10:59:51.051947,ATMN,24.06,23.45,24.06,2330000.0,372.0,,2153800.0,0,0,0,0
,,,,,,144,2026-02-01 10:59:51.051947,WNTR,23.62,23.62,23.69,1490600.0,594.0,594.0,2159900.0,0,0,0,0
2.0,1.0,1.0,,Aggregate Position Limit,Your CRO has set the aggregate position limit to 11000 shares for this week.,145,2026-02-01 10:59:52.076437,SPNG,25.63,24.95,25.44,2362900.0,892.0,892.0,2101000.0,0,0,0,0
1.0,1.0,1.0,,Welcome to the RITC 2026 Alogithmic Market Making Case - practice server,,145,2026-02-01 10:59:52.076437,SMMR,25.95,25.95,25.99,1831700.0,1073.0,1073.0,1560800.0,0,0,0,0
,,,,,,145,2026-02-01 10:59:52.076437,ATMN,23.45,23.45,23.87,2321500.0,372.0,355.0,2044100.0,0,0,0,0
,,,,,,145,2026-02-01 10:59:52.076437,WNTR,23.69,23.6,23.64,1376300.0,594.0,594.0,2186200.0,0,0,0,0
2.0,1.0,1.0,,Aggregate Position Limit,Your CRO has set the aggregate position limit to 11000 shares for this week.,146,2026-02-01 10:59:53.102197,SPNG,24.84,24.84,24.95,2404400.0,284.0,2136400.0,284.0,0,0,0,0
1.0,1.0,1.0,,Welcome to the RITC 2026 Alogithmic Market Making Case - practice server,,146,2026-02-01 10:59:53.102197,SMMR,25.95,25.91,25.93,1938900.0,,1653000.0,1073.0,0,0,0,0
,,,,,,146,2026-02-01 10:59:53.102197,ATMN,23.45,23.78,23.87,2359500.0,372.0,2044100.0,355.0,0,0,0,0
,,,,,,146,2026-02-01 10:59:53.102197,WNTR,23.6,23.6,23.64,1471400.0,,2176300.0,1697.0,0,0,0,0
2.0,1.0,1.0,,Aggregate Position Limit,Your CRO has set the aggregate position limit to 11000 shares for this week.,147,2026-02-01 10:59:54.141218,SPNG,24.96,25.08,25.19,2541600.0,2215500.0,,,0,0,0,0
1.0,1.0,1.0,,Welcome to the RITC 2026 Alogithmic Market Making Case - practice server,,147,2026-02-01 10:59:54.141218,SMMR,25.84,25.84,25.99,1964000.0,1560800.0,439.0,,0,0,0,0
,,,,,,147,2026-02-01 10:59:54.141218,ATMN,23.91,23.95,24.07,2368400.0,1912100.0,,355.0,0,0,0,0
,,,,,,147,2026-02-01 10:59:54.141218,WNTR,23.64,23.6,23.62,1589500.0,2176300.0,1354.0,1354.0,0,0,0,0
2.0,1.0,1.0,,Aggregate Position Limit,Your CRO has set the aggregate position limit to 11000 shares for this week.,148,2026-02-01 10:59:55.182228,SPNG,25.17,25.08,25.17,2370000.0,288.0,2243300.0,,0,0,0,0
1.0,1.0,1.0,,Welcome to the RITC 2026 Alogithmic Market Making Case - practice server,,148,2026-02-01 10:59:55.182228,SMMR,25.84,25.84,25.91,1843600.0,465.0,1761000.0,465.0,0,0,0,0
,,,,,,148,2026-02-01 10:59:55.182228,ATMN,23.35,23.67,24.04,2336300.0,338.0,2045600.0,338.0,0,0,0,0
,,,,,,148,2026-02-01 10:59:55.182228,WNTR,23.65,23.6,23.65,1589500.0,1354.0,2186000.0,1354.0,0,0,0,0
2.0,1.0,1.0,,Aggregate Position Limit,Your CRO has set the aggregate position limit to 11000 shares for this week.,149,2026-02-01 10:59:56.202628,SPNG,24.84,24.84,25.17,2480300.0,824.0,2140600.0,,0,0,0,0
1.0,1.0,1.0,,Welcome to the RITC 2026 Alogithmic Market Making Case - practice server,,149,2026-02-01 10:59:56.202628,SMMR,25.99,25.84,25.99,1871800.0,1104.0,1671900.0,1329.0,0,0,0,0
,,,,,,149,2026-02-01 10:59:56.202628,ATMN,24.04,23.8,24.04,2335800.0,,2045600.0,152.0,0,0,0,0
,,,,,,149,2026-02-01 10:59:56.202628,WNTR,23.87,23.6,23.87,1589500.0,,2272200.0,1354.0,0,0,0,0
2.0,1.0,1.0,,Aggregate Position Limit,Your CRO has set the aggregate position limit to 11000 shares for this week.,150,2026-02-01 10:59:57.234371,SPNG,24.74,24.74,25.58,2471200.0,2233600.0,,,0,0,0,0
1.0,1.0,1.0,,Welcome to the RITC 2026 Alogithmic Market Making Case - practice server,,150,2026-02-01 10:59:57.234371,SMMR,25.99,25.84,25.99,1871800.0,1748900.0,828.0,828.0,0,0,0,0
,,,,,,150,2026-02-01 10:59:57.234371,ATMN,23.8,23.77,23.78,2345500.0,2285300.0,152.0,,0,0,0,0
,,,,,,150,2026-02-01 10:59:57.234371,WNTR,23.66,23.66,23.71,1585300.0,2169100.0,1116.0,1116.0,0,0,0,0
2.0,1.0,1.0,,Aggregate Position Limit,Your CRO has set the aggregate position limit to 11000 shares for this week.,151,2026-02-01 10:59:58.254466,SPNG,24.74,24.74,24.89,2374900.0,299.0,2152700.0,299.0,0,0,0,0
1.0,1.0,1.0,,Welcome to the RITC 2026 Alogithmic Market Making Case - practice server,,151,2026-02-01 10:59:58.254466,SMMR,26.0,25.88,25.93,1856900.0,386.0,1637800.0,386.0,0,0,0,0
,,,,,,151,2026-02-01 10:59:58.254466,ATMN,23.8,23.77,23.78,2326400.0,362.0,2342400.0,362.0,0,0,0,0
,,,,,,151,2026-02-01 10:59:58.254466,WNTR,23.53,23.55,23.56,1480100.0,1633.0,2218200.0,1633.0,0,0,0,0
2.0,1.0,1.0,,Aggregate Position Limit,Your CRO has set the aggregate position limit to 11000 shares for this week.,152,2026-02-01 10:59:59.284683,SPNG,24.89,24.74,24.89,2481500.0,2152700.0,128.0,,0,0,0,0
1.0,1.0,1.0,,Welcome to the RITC 2026 Alogithmic Market Making Case - practice server,,152,2026-02-01 10:59:59.284683,SMMR,26.0,25.88,26.0,1856900.0,1843600.0,337.0,337.0,0,0,0,0
,,,,,,152,2026-02-01 10:59:59.284683,ATMN,23.61,23.66,23.78,2315400.0,2342400.0,362.0,362.0,0,0,0,0
,,,,,,152,2026-02-01 10:59:59.284683,WNTR,23.53,23.55,23.56,1725400.0,2227000.0,491.0,491.0,0,0,0,0
2.0,1.0,1.0,,Aggregate Position Limit,Your CRO has set the aggregate position limit to 11000 shares for this week.,153,2026-02-01 11:00:00.303152,SPNG,25.43,25.43,25.57,2334000.0,314.0,2180300.0,314.0,0,0,0,0
1.0,1.0,1.0,,Welcome to the RITC 2026 Alogithmic Market Making Case - practice server,,153,2026-02-01 11:00:00.303152,SMMR,25.88,25.99,26.0,1865100.0,144.0,1843600.0,,0,0,0,0
,,,,,,153,2026-02-01 11:00:00.303152,ATMN,23.99,23.66,23.99,2431400.0,,2453800.0,,0,0,0,0
,,,,,,153,2026-02-01 11:00:00.303152,WNTR,23.53,23.55,23.56,1968400.0,491.0,2243900.0,491.0,0,0,0,0
2.0,1.0,1.0,,Aggregate Position Limit,Your CRO has set the aggregate position limit to 11000 shares for this week.,154,2026-02-01 11:00:01.333863,SPNG,25.19,25.28,25.57,2362700.0,304.0,2266800.0,,0,0,0,0
1.0,1.0,1.0,,Welcome to the RITC 2026 Alogithmic Market Making Case - practice server,,154,2026-02-01 11:00:01.333863,SMMR,26.0,26.01,26.03,1883200.0,337.0,1851400.0,337.0,0,0,0,0
,,,,,,154,2026-02-01 11:00:01.333863,ATMN,23.65,23.65,23.99,2358600.0,379.0,2365400.0,379.0,0,0,0,0
,,,,,,154,2026-02-01 11:00:01.333863,WNTR,23.56,23.55,23.56,2209800.0,1403.0,2258900.0,1403.0,0,0,0,0
2.0,1.0,1.0,,Aggregate Position Limit,Your CRO has set the aggregate position limit to 11000 shares for this week.,155,2026-02-01 11:00:02.367763,SPNG,24.61,24.61,25.47,2364800.0,303.0,2212800.0,303.0,0,0,0,0
1.0,1.0,1.0,,Welcome to the RITC 2026 Alogithmic Market Making Case - practice server,,155,2026-02-01 11:00:02.367763,SMMR,25.99,25.99,26.0,1895100.0,337.0,1895400.0,337.0,0,0,0,0
,,,,,,155,2026-02-01 11:00:02.367763,ATMN,23.99,24.01,24.02,2416500.0,379.0,2327700.0,379.0,0,0,0,0
,,,,,,155,2026-02-01 11:00:02.367763,WNTR,23.56,23.55,23.56,2245700.0,1403.0,2302900.0,1403.0,0,0,0,0
2.0,1.0,1.0,,Aggregate Position Limit,Your CRO has set the aggregate position limit to 11000 shares for this week.,156,2026-02-01 11:00:03.408680,SPNG,25.57,24.6,25.57,2451900.0,2311800.0,,,0,0,0,0
1.0,1.0,1.0,,Welcome to the RITC 2026 Alogithmic Market Making Case - practice server,,156,2026-02-01 11:00:03.408680,SMMR,26.0,25.97,26.0,1895400.0,1887900.0,722.0,722.0,0,0,0,0
,,,,,,156,2026-02-01 11:00:03.408680,ATMN,23.74,23.74,24.04,2420000.0,2378600.0,379.0,379.0,0,0,0,0
,,,,,,156,2026-02-01 11:00:03.408680,WNTR,23.56,23.54,23.56,2361700.0,2296200.0,,1403.0,0,0,0,0
2.0,1.0,1.0,,Aggregate Position Limit,Your CRO has set the aggregate position limit to 11000 shares for this week.,157,2026-02-01 11:00:04.450129,SPNG,25.57,25.49,25.57,2333400.0,308.0,2253700.0,308.0,0,0,0,0
1.0,1.0,1.0,,Welcome to the RITC 2026 Alogithmic Market Making Case - practice server,,157,2026-02-01 11:00:04.450129,SMMR,26.09,26.01,26.09,1888200.0,337.0,1835600.0,337.0,0,0,0,0
,,,,,,157,2026-02-01 11:00:04.450129,ATMN,24.05,23.74,23.81,2424100.0,374.0,2373800.0,374.0,0,0,0,0
,,,,,,157,2026-02-01 11:00:04.450129,WNTR,23.56,23.54,23.56,2200900.0,835.0,2311700.0,835.0,0,0,0,0
2.0,1.0,1.0,,Aggregate Position Limit,Your CRO has set the aggregate position limit to 11000 shares for this week.,158,2026-02-01 11:00:05.481820,SPNG,25.19,25.42,25.57,2359200.0,296.0,2346400.0,,0,0,0,0
1.0,1.0,1.0,,Welcome to the RITC 2026 Alogithmic Market Making Case - practice server,,158,2026-02-01 11:00:05.481820,SMMR,26.01,26.01,26.08,1888200.0,294.0,1849600.0,294.0,0,0,0,0
,,,,,,158,2026-02-01 11:00:05.481820,ATMN,24.05,23.8,23.81,2552400.0,,2373800.0,160.0,0,0,0,0
,,,,,,158,2026-02-01 11:00:05.481820,WNTR,23.52,23.52,23.65,2211700.0,835.0,2396300.0,,0,0,0,0
2.0,1.0,1.0,,Aggregate Position Limit,Your CRO has set the aggregate position limit to 11000 shares for this week.,159,2026-02-01 11:00:06.502688,SPNG,25.42,25.02,25.05,2355800.0,296.0,2201300.0,308.0,0,0,0,0
1.0,1.0,1.0,,Welcome to the RITC 2026 Alogithmic Market Making Case - practice server,,159,2026-02-01 11:00:06.502688,SMMR,25.97,25.97,26.09,1913200.0,631.0,1972000.0,,0,0,0,0
,,,,,,159,2026-02-01 11:00:06.502688,ATMN,24.05,23.8,23.81,2596400.0,,2413800.0,160.0,0,0,0,0
,,,,,,159,2026-02-01 11:00:06.502688,WNTR,23.68,23.68,23.69,2208000.0,1286.0,2360700.0,,0,0,0,0
2.0,1.0,1.0,,Aggregate Position Limit,Your CRO has set the aggregate position limit to 11000 shares for this week.,160,2026-02-01 11:00:07.539039,SPNG,25.22,25.02,25.22,2357300.0,308.0,2333200.0,,0,0,0,0
1.0,1.0,1.0,,Welcome to the RITC 2026 Alogithmic Market Making Case - practice server,,160,2026-02-01 11:00:07.539039,SMMR,26.1,25.97,26.1,1913200.0,876.0,1969800.0,,0,0,0,0
,,,,,,160,2026-02-01 11:00:07.539039,ATMN,23.74,23.74,23.81,2598100.0,,2413800.0,374.0,0,0,0,0
,,,,,,160,2026-02-01 11:00:07.539039,WNTR,23.59,23.5,23.57,2313400.0,,2272300.0,450.0,0,0,0,0
2.0,1.0,1.0,,Aggregate Position Limit,Your CRO has set the aggregate position limit to 11000 shares for this week.,161,2026-02-01 11:00:08.578549,SPNG,25.02,24.82,24.89,2472400.0,2204000.0,310.0,,0,0,0,0
1.0,1.0,1.0,,Welcome to the RITC 2026 Alogithmic Market Making Case - practice server,,161,2026-02-01 11:00:08.578549,SMMR,25.88,25.88,26.04,1883500.0,1869900.0,359.0,359.0,0,0,0,0
,,,,,,161,2026-02-01 11:00:08.578549,ATMN,23.81,23.78,23.81,2440600.0,2422300.0,356.0,374.0,0,0,0,0
,,,,,,161,2026-02-01 11:00:08.578549,WNTR,23.59,23.5,23.57,2227200.0,2272300.0,450.0,450.0,0,0,0,0
2.0,1.0,1.0,,Aggregate Position Limit,Your CRO has set the aggregate position limit to 11000 shares for this week.,162,2026-02-01 11:00:09.600730,SPNG,24.89,24.82,24.89,2328300.0,296.0,2204000.0,296.0,0,0,0,0
1.0,1.0,1.0,,Welcome to the RITC 2026 Alogithmic Market Making Case - practice server,,162,2026-02-01 11:00:09.600730,SMMR,25.88,25.98,26.04,1876400.0,359.0,1869900.0,359.0,0,0,0,0
,,,,,,162,2026-02-01 11:00:09.600730,ATMN,23.78,23.78,24.05,2549800.0,,2423200.0,356.0,0,0,0,0
,,,,,,162,2026-02-01 11:00:09.600730,WNTR,23.5,23.5,23.56,2229600.0,1193.0,2263000.0,1193.0,0,0,0,0
2.0,1.0,1.0,,Aggregate Position Limit,Your CRO has set the aggregate position limit to 11000 shares for this week.,163,2026-02-01 11:00:10.619535,SPNG,24.81,24.81,25.59,2293100.0,307.0,2212400.0,307.0,0,0,0,0
1.0,1.0,1.0,,Welcome to the RITC 2026 Alogithmic Market Making Case - practice server,,163,2026-02-01 11:00:10.619535,SMMR,25.88,25.99,26.02,1853400.0,359.0,1883000.0,359.0,0,0,0,0
,,,,,,163,2026-02-01 11:00:10.619535,ATMN,23.74,23.74,23.85,2598100.0,,2528500.0,,0,0,0,0
,,,,,,163,2026-02-01 11:00:10.619535,WNTR,23.48,23.48,23.51,2394500.0,,2411500.0,,0,0,0,0
2.0,1.0,1.0,,Aggregate Position Limit,Your CRO has set the aggregate position limit to 11000 shares for this week.,164,2026-02-01 11:00:11.645206,SPNG,24.72,24.6,24.72,2326800.0,295.0,2225900.0,295.0,0,0,0,0
1.0,1.0,1.0,,Welcome to the RITC 2026 Alogithmic Market Making Case - practice server,,164,2026-02-01 11:00:11.645206,SMMR,26.03,25.99,26.03,1853400.0,1025.0,2019900.0,,0,0,0,0
,,,,,,164,2026-02-01 11:00:11.645206,ATMN,24.09,23.69,23.71,2577200.0,,2530600.0,,0,0,0,0
,,,,,,164,2026-02-01 11:00:11.645206,WNTR,23.68,23.48,23.68,2238300.0,568.0,2393400.0,,0,0,0,0
2.0,1.0,1.0,,Aggregate Position Limit,Your CRO has set the aggregate position limit to 11000 shares for this week.,165,2026-02-01 11:00:12.666151,SPNG,24.72,25.43,25.59,2414100.0,2322600.0,,,0,0,0,0
1.0,1.0,1.0,,Welcome to the RITC 2026 Alogithmic Market Making Case - practice server,,165,2026-02-01 11:00:12.666151,SMMR,25.98,25.98,26.03,1889500.0,1913600.0,1199.0,1199.0,0,0,0,0
,,,,,,165,2026-02-01 11:00:12.666151,ATMN,24.11,23.69,24.11,2431400.0,2473600.0,339.0,,0,0,0,0
,,,,,,165,2026-02-01 11:00:12.666151,WNTR,23.68,23.62,23.68,2268100.0,2285500.0,504.0,504.0,0,0,0,0
2.0,1.0,1.0,,Aggregate Position Limit,Your CRO has set the aggregate position limit to 11000 shares for this week.,166,2026-02-01 11:00:13.699836,SPNG,25.4,24.61,24.88,2321500.0,295.0,2203200.0,295.0,0,0,0,0
1.0,1.0,1.0,,Welcome to the RITC 2026 Alogithmic Market Making Case - practice server,,166,2026-02-01 11:00:13.699836,SMMR,26.03,25.98,26.03,1889500.0,1199.0,1910000.0,1199.0,0,0,0,0
,,,,,,166,2026-02-01 11:00:13.699836,ATMN,23.65,23.71,24.11,2446900.0,355.0,2384200.0,356.0,0,0,0,0
,,,,,,166,2026-02-01 11:00:13.699836,WNTR,23.6,23.6,23.65,2361500.0,,2277900.0,504.0,0,0,0,0
2.0,1.0,1.0,,Aggregate Position Limit,Your CRO has set the aggregate position limit to 11000 shares for this week.,167,2026-02-01 11:00:14.735371,SPNG,25.59,25.33,25.59,2319200.0,306.0,2311700.0,,0,0,0,0
1.0,1.0,1.0,,Welcome to the RITC 2026 Alogithmic Market Making Case - practice server,,167,2026-02-01 11:00:14.735371,SMMR,26.03,25.98,26.03,1889500.0,1199.0,1922400.0,1046.0,0,0,0,0
,,,,,,167,2026-02-01 11:00:14.735371,ATMN,23.65,23.92,23.93,2457400.0,355.0,2410500.0,356.0,0,0,0,0
,,,,,,167,2026-02-01 11:00:14.735371,WNTR,23.61,23.6,23.61,2117300.0,1090.0,2256500.0,545.0,0,0,0,0
2.0,1.0,1.0,,Aggregate Position Limit,Your CRO has set the aggregate position limit to 11000 shares for this week.,168,2026-02-01 11:00:15.753373,SPNG,25.33,25.33,25.39,2442400.0,2163100.0,131.0,,0,0,0,0
1.0,1.0,1.0,,Welcome to the RITC 2026 Alogithmic Market Making Case - practice server,,168,2026-02-01 11:00:15.753373,SMMR,25.96,25.97,26.03,1868000.0,1922400.0,1250.0,1250.0,0,0,0,0
,,,,,,168,2026-02-01 11:00:15.753373,ATMN,23.65,23.7,23.93,2564900.0,2410500.0,355.0,,0,0,0,0
,,,,,,168,2026-02-01 11:00:15.753373,WNTR,23.61,23.62,23.64,2339900.0,2374300.0,,,0,0,0,0
2.0,1.0,1.0,,Aggregate Position Limit,Your CRO has set the aggregate position limit to 11000 shares for this week.,169,2026-02-01 11:00:16.780708,SPNG,25.33,24.61,25.01,2444600.0,2177600.0,131.0,,0,0,0,0
1.0,1.0,1.0,,Welcome to the RITC 2026 Alogithmic Market Making Case - practice server,,169,2026-02-01 11:00:16.780708,SMMR,25.96,25.97,25.98,1868000.0,1910100.0,1250.0,1250.0,0,0,0,0
,,,,,,169,2026-02-01 11:00:16.780708,ATMN,23.93,24.03,24.11,2421200.0,2382400.0,339.0,339.0,0,0,0,0
,,,,,,169,2026-02-01 11:00:16.780708,WNTR,23.64,23.46,23.64,2249400.0,2374300.0,,505.0,0,0,0,0
2.0,1.0,1.0,,Aggregate Position Limit,Your CRO has set the aggregate position limit to 11000 shares for this week.,170,2026-02-01 11:00:17.798921,SPNG,25.33,24.61,25.01,2322400.0,306.0,2177600.0,306.0,0,0,0,0
1.0,1.0,1.0,,Welcome to the RITC 2026 Alogithmic Market Making Case - practice server,,170,2026-02-01 11:00:17.798921,SMMR,26.01,25.88,26.01,1873100.0,468.0,2010600.0,,0,0,0,0
,,,,,,170,2026-02-01 11:00:17.798921,ATMN,23.93,24.03,24.06,2421200.0,339.0,2341600.0,339.0,0,0,0,0
,,,,,,170,2026-02-01 11:00:17.798921,WNTR,23.65,23.46,23.65,2234600.0,505.0,2260700.0,461.0,0,0,0,0
2.0,1.0,1.0,,Aggregate Position Limit,Your CRO has set the aggregate position limit to 11000 shares for this week.,171,2026-02-01 11:00:18.831981,SPNG,25.33,24.62,25.01,2462300.0,2177600.0,306.0,,0,0,0,0
1.0,1.0,1.0,,Welcome to the RITC 2026 Alogithmic Market Making Case - practice server,,171,2026-02-01 11:00:18.831981,SMMR,25.84,25.88,26.01,1872200.0,1923800.0,484.0,484.0,0,0,0,0
,,,,,,171,2026-02-01 11:00:18.831981,ATMN,24.03,23.7,23.96,2564900.0,2354000.0,152.0,,0,0,0,0
,,,,,,171,2026-02-01 11:00:18.831981,WNTR,23.69,23.65,23.69,2255000.0,2259800.0,461.0,461.0,0,0,0,0
2.0,1.0,1.0,,Aggregate Position Limit,Your CRO has set the aggregate position limit to 11000 shares for this week.,172,2026-02-01 11:00:19.851646,SPNG,25.01,25.03,25.35,2383300.0,875.0,2279000.0,,0,0,0,0
1.0,1.0,1.0,,Welcome to the RITC 2026 Alogithmic Market Making Case - practice server,,172,2026-02-01 11:00:19.851646,SMMR,26.08,25.88,26.08,1872200.0,1338.0,1995700.0,,0,0,0,0
,,,,,,172,2026-02-01 11:00:19.851646,ATMN,23.96,23.7,23.96,2442800.0,355.0,2354000.0,355.0,0,0,0,0
,,,,,,172,2026-02-01 11:00:19.851646,WNTR,23.69,23.46,23.69,2228500.0,494.0,2360000.0,,0,0,0,0
2.0,1.0,1.0,,Aggregate Position Limit,Your CRO has set the aggregate position limit to 11000 shares for this week.,173,2026-02-01 11:00:20.872569,SPNG,25.36,25.03,25.36,2392400.0,290.0,2145300.0,290.0,0,0,0,0
1.0,1.0,1.0,,Welcome to the RITC 2026 Alogithmic Market Making Case - practice server,,173,2026-02-01 11:00:20.872569,SMMR,26.03,25.98,26.03,1885600.0,1338.0,1931100.0,1235.0,0,0,0,0
,,,,,,173,2026-02-01 11:00:20.872569,ATMN,23.96,23.71,23.96,2440200.0,355.0,2354000.0,355.0,0,0,0,0
,,,,,,173,2026-02-01 11:00:20.872569,WNTR,23.49,23.57,23.69,2202300.0,461.0,2259800.0,461.0,0,0,0,0
2.0,1.0,1.0,,Aggregate Position Limit,Your CRO has set the aggregate position limit to 11000 shares for this week.,174,2026-02-01 11:00:21.902062,SPNG,24.97,24.97,25.01,2526400.0,2155200.0,290.0,,0,0,0,0
1.0,1.0,1.0,,Welcome to the RITC 2026 Alogithmic Market Making Case - practice server,,174,2026-02-01 11:00:21.902062,SMMR,26.08,26.08,26.1,1901500.0,2011900.0,,1338.0,0,0,0,0
,,,,,,174,2026-02-01 11:00:21.902062,ATMN,24.05,24.02,24.05,2408500.0,2448400.0,,355.0,0,0,0,0
,,,,,,174,2026-02-01 11:00:21.902062,WNTR,23.46,23.46,23.66,2228500.0,2259300.0,461.0,461.0,0,0,0,0
2.0,1.0,1.0,,Aggregate Position Limit,Your CRO has set the aggregate position limit to 11000 shares for this week.,175,2026-02-01 11:00:22.934055,SPNG,25.14,24.97,25.14,2526400.0,2119000.0,290.0,,0,0,0,0
1.0,1.0,1.0,,Welcome to the RITC 2026 Alogithmic Market Making Case - practice server,,175,2026-02-01 11:00:22.934055,SMMR,26.08,26.08,26.1,1901500.0,2054400.0,,1338.0,0,0,0,0
,,,,,,175,2026-02-01 11:00:22.934055,ATMN,24.05,24.02,24.05,2418000.0,2448400.0,,355.0,0,0,0,0
,,,,,,175,2026-02-01 11:00:22.934055,WNTR,23.69,23.46,23.69,2228500.0,2282200.0,461.0,461.0,0,0,0,0
2.0,1.0,1.0,,Aggregate Position Limit,Your CRO has set the aggregate position limit to 11000 shares for this week.,176,2026-02-01 11:00:23.964439,SPNG,25.57,24.76,25.57,2497300.0,2274700.0,,,0,0,0,0
1.0,1.0,1.0,,Welcome to the RITC 2026 Alogithmic Market Making Case - practice server,,176,2026-02-01 11:00:23.964439,SMMR,26.08,25.98,26.08,1885600.0,2046200.0,1338.0,,0,0,0,0
,,,,,,176,2026-02-01 11:00:23.964439,ATMN,24.02,23.78,23.86,2419900.0,2455100.0,355.0,,0,0,0,0
,,,,,,176,2026-02-01 11:00:23.964439,WNTR,23.69,23.63,23.66,2186700.0,2253900.0,461.0,461.0,0,0,0,0
2.0,1.0,1.0,,Aggregate Position Limit,Your CRO has set the aggregate position limit to 11000 shares for this week.,178,2026-02-01 11:00:24.999691,SPNG,24.97,24.98,25.57,2521700.0,2274700.0,,,0,0,0,0
1.0,1.0,1.0,,Welcome to the RITC 2026 Alogithmic Market Making Case - practice server,,178,2026-02-01 11:00:24.999691,SMMR,25.98,25.98,26.1,1922300.0,2071300.0,1338.0,,0,0,0,0
,,,,,,178,2026-02-01 11:00:24.999691,ATMN,24.13,23.78,23.93,2406000.0,2444700.0,355.0,,0,0,0,0
,,,,,,178,2026-02-01 11:00:24.999691,WNTR,23.69,23.45,23.69,2237900.0,2246800.0,461.0,461.0,0,0,0,0
2.0,1.0,1.0,,Aggregate Position Limit,Your CRO has set the aggregate position limit to 11000 shares for this week.,179,2026-02-01 11:00:26.017557,SPNG,24.94,25.36,25.57,2525100.0,2274700.0,,,0,0,0,0
1.0,1.0,1.0,,Welcome to the RITC 2026 Alogithmic Market Making Case - practice server,,179,2026-02-01 11:00:26.017557,SMMR,25.97,25.97,26.1,1927100.0,2045900.0,1338.0,,0,0,0,0
,,,,,,179,2026-02-01 11:00:26.017557,ATMN,23.78,23.78,24.17,2406000.0,2461600.0,355.0,,0,0,0,0
