news_id,period,tick,ticker,headline,body,tick,timestamp,ticker,last_price,bid_price,ask_price,BUY_ANON,SELL_ANON,SELL_IESE-1,SELL_LUIS-1,BUY_IESE-1,SELL_LUIS-3,BUY_LUIS-1,BUY_LUIS-3,SELL_CALG-1,SELL_UEBR-1,BUY_CALG-1,BUY_UEBR-1,SELL_LUIS-2,BUY_LUIS-2
2.0,1.0,1.0,,Aggregate Position Limit,Your CRO has set the aggregate position limit to 10000 shares for this week.,2,2026-02-01 13:24:33.061061,SPNG,25.04,24.92,25.04,2252400.0,2341700.0,0,0,0,0,0,0,0,0,0,0,0,0
1.0,1.0,1.0,,Welcome to the RITC 2026 Alogithmic Market Making Case - practice server,,2,2026-02-01 13:24:33.061061,SMMR,24.95,25.0,25.02,2150000.0,2071200.0,0,0,0,0,0,0,0,0,0,0,0,0
,,,,,,2,2026-02-01 13:24:33.061061,ATMN,25.07,24.97,25.07,2079800.0,2049800.0,0,0,0,0,0,0,0,0,0,0,0,0
,,,,,,2,2026-02-01 13:24:33.061061,WNTR,25.1,25.1,25.11,2406900.0,2207700.0,0,0,0,0,0,0,0,0,0,0,0,0
2.0,1.0,1.0,,Aggregate Position Limit,Your CRO has set the aggregate position limit to 10000 shares for this week.,3,2026-02-01 13:24:34.092522,SPNG,25.11,24.62,25.11,2251300.0,2335400.0,0,0,0,0,0,0,0,0,0,0,0,0
1.0,1.0,1.0,,Welcome to the RITC 2026 Alogithmic Market Making Case - practice server,,3,2026-02-01 13:24:34.092522,SMMR,24.95,25.0,25.02,2119300.0,2071200.0,0,0,0,0,0,0,0,0,0,0,0,0
,,,,,,3,2026-02-01 13:24:34.092522,ATMN,24.96,24.81,24.94,1975700.0,2067800.0,0,0,0,0,0,0,0,0,0,0,0,0
,,,,,,3,2026-02-01 13:24:34.092522,WNTR,24.99,24.99,25.09,2372800.0,2218200.0,0,0,0,0,0,0,0,0,0,0,0,0
2.0,1.0,1.0,,Aggregate Position Limit,Your CRO has set the aggregate position limit to 10000 shares for this week.,4,2026-02-01 13:24:35.118273,SPNG,24.73,24.73,25.11,2230400.0,2317000.0,0,0,0,0,0,0,0,0,0,0,0,0
1.0,1.0,1.0,,Welcome to the RITC 2026 Alogithmic Market Making Case - practice server,,4,2026-02-01 13:24:35.118273,SMMR,25.06,25.0,25.06,2119300.0,2055700.0,0,0,0,0,0,0,0,0,0,0,0,0
,,,,,,4,2026-02-01 13:24:35.118273,ATMN,24.96,24.81,24.94,2099100.0,2067800.0,0,0,0,0,0,0,0,0,0,0,0,0
,,,,,,4,2026-02-01 13:24:35.118273,WNTR,25.11,25.04,25.11,2411500.0,2216000.0,0,0,0,0,0,0,0,0,0,0,0,0
2.0,1.0,1.0,,Aggregate Position Limit,Your CRO has set the aggregate position limit to 10000 shares for this week.,5,2026-02-01 13:24:36.150800,SPNG,24.73,24.76,25.11,2235100.0,2317000.0,0,0,0,0,0,0,0,0,0,0,0,0
1.0,1.0,1.0,,Welcome to the RITC 2026 Alogithmic Market Making Case - practice server,,5,2026-02-01 13:24:36.150800,SMMR,25.09,25.0,25.09,2114500.0,2099600.0,0,0,0,0,0,0,0,0,0,0,0,0
,,,,,,5,2026-02-01 13:24:36.150800,ATMN,24.88,24.81,24.88,2085400.0,2085000.0,0,0,0,0,0,0,0,0,0,0,0,0
,,,,,,5,2026-02-01 13:24:36.150800,WNTR,25.04,25.04,25.11,2411500.0,2216000.0,0,0,0,0,0,0,0,0,0,0,0,0
2.0,1.0,1.0,,Aggregate Position Limit,Your CRO has set the aggregate position limit to 10000 shares for this week.,6,2026-02-01 13:24:37.173553,SPNG,25.11,25.16,25.36,2238600.0,2308200.0,0,0,0,0,0,0,0,0,0,0,0,0
1.0,1.0,1.0,,Welcome to the RITC 2026 Alogithmic Market Making Case - practice server,,6,2026-02-01 13:24:37.173553,SMMR,25.11,25.0,25.11,2129000.0,2099800.0,0,0,0,0,0,0,0,0,0,0,0,0
,,,,,,6,2026-02-01 13:24:37.173553,ATMN,25.19,25.04,25.19,2076500.0,2053100.0,0,0,0,0,0,0,0,0,0,0,0,0
,,,,,,6,2026-02-01 13:24:37.173553,WNTR,24.98,25.03,25.17,2341400.0,2193800.0,0,0,0,0,0,0,0,0,0,0,0,0
2.0,1.0,1.0,,Aggregate Position Limit,Your CRO has set the aggregate position limit to 10000 shares for this week.,7,2026-02-01 13:24:38.198191,SPNG,25.16,25.11,25.12,2241300.0,2338800.0,0,0,0,0,0,0,0,0,0,0,0,0
1.0,1.0,1.0,,Welcome to the RITC 2026 Alogithmic Market Making Case - practice server,,7,2026-02-01 13:24:38.198191,SMMR,24.95,24.95,25.14,2173500.0,2105800.0,0,0,0,0,0,0,0,0,0,0,0,0
,,,,,,7,2026-02-01 13:24:38.198191,ATMN,25.2,25.04,25.2,2076500.0,2082600.0,0,0,0,0,0,0,0,0,0,0,0,0
,,,,,,7,2026-02-01 13:24:38.198191,WNTR,24.98,25.04,25.17,2364700.0,2218400.0,0,0,0,0,0,0,0,0,0,0,0,0
2.0,1.0,1.0,,Aggregate Position Limit,Your CRO has set the aggregate position limit to 10000 shares for this week.,8,2026-02-01 13:24:39.273250,SPNG,25.11,25.11,25.12,2241300.0,2355600.0,0,0,0,0,0,0,0,0,0,0,0,0
1.0,1.0,1.0,,Welcome to the RITC 2026 Alogithmic Market Making Case - practice server,,8,2026-02-01 13:24:39.273250,SMMR,24.95,24.95,25.14,2137500.0,2100700.0,0,0,0,0,0,0,0,0,0,0,0,0
,,,,,,8,2026-02-01 13:24:39.273250,ATMN,24.78,24.78,25.06,2071300.0,2120400.0,0,0,0,0,0,0,0,0,0,0,0,0
,,,,,,8,2026-02-01 13:24:39.273250,WNTR,24.98,25.04,25.11,2367700.0,2184500.0,0,0,0,0,0,0,0,0,0,0,0,0
2.0,1.0,1.0,,Aggregate Position Limit,Your CRO has set the aggregate position limit to 10000 shares for this week.,9,2026-02-01 13:24:40.282889,SPNG,24.73,24.73,24.83,2261300.0,2348400.0,0,0,0,0,0,0,0,0,0,0,0,0
1.0,1.0,1.0,,Welcome to the RITC 2026 Alogithmic Market Making Case - practice server,,9,2026-02-01 13:24:40.282889,SMMR,24.9,24.9,25.14,2124900.0,2100700.0,0,0,0,0,0,0,0,0,0,0,0,0
,,,,,,9,2026-02-01 13:24:40.282889,ATMN,25.06,24.78,25.06,2076800.0,2120400.0,0,0,0,0,0,0,0,0,0,0,0,0
,,,,,,9,2026-02-01 13:24:40.282889,WNTR,25.17,25.1,25.17,2390700.0,2218400.0,0,0,0,0,0,0,0,0,0,0,0,0
2.0,1.0,1.0,,Aggregate Position Limit,Your CRO has set the aggregate position limit to 10000 shares for this week.,10,2026-02-01 13:24:41.315825,SPNG,25.27,24.73,25.27,2261300.0,2349700.0,0,0,0,0,0,0,0,0,0,0,0,0
1.0,1.0,1.0,,Welcome to the RITC 2026 Alogithmic Market Making Case - practice server,,10,2026-02-01 13:24:41.315825,SMMR,24.9,24.97,25.0,2130600.0,2067500.0,0,0,0,0,0,0,0,0,0,0,0,0
,,,,,,10,2026-02-01 13:24:41.315825,ATMN,25.23,25.09,25.21,2080900.0,2071900.0,0,0,0,0,0,0,0,0,0,0,0,0
,,,,,,10,2026-02-01 13:24:41.315825,WNTR,25.18,25.1,25.17,2420200.0,2208800.0,0,0,0,0,0,0,0,0,0,0,0,0
2.0,1.0,1.0,,Aggregate Position Limit,Your CRO has set the aggregate position limit to 10000 shares for this week.,11,2026-02-01 13:24:42.333451,SPNG,25.36,24.76,25.36,2235800.0,2326300.0,0,0,0,0,0,0,0,0,0,0,0,0
1.0,1.0,1.0,,Welcome to the RITC 2026 Alogithmic Market Making Case - practice server,,11,2026-02-01 13:24:42.333451,SMMR,25.18,25.01,25.18,2183300.0,2087400.0,0,0,0,0,0,0,0,0,0,0,0,0
,,,,,,11,2026-02-01 13:24:42.333451,ATMN,24.78,24.78,25.21,2081100.0,2057800.0,0,0,0,0,0,0,0,0,0,0,0,0
,,,,,,11,2026-02-01 13:24:42.333451,WNTR,25.18,25.1,25.15,2451100.0,2154500.0,0,0,0,0,0,0,0,0,0,0,0,0
2.0,1.0,1.0,,Aggregate Position Limit,Your CRO has set the aggregate position limit to 10000 shares for this week.,12,2026-02-01 13:24:43.353063,SPNG,25.0,24.73,25.0,2263500.0,2362200.0,0,0,0,0,0,0,0,0,0,0,0,0
1.0,1.0,1.0,,Welcome to the RITC 2026 Alogithmic Market Making Case - practice server,,12,2026-02-01 13:24:43.353063,SMMR,25.01,25.01,25.18,2183300.0,2056700.0,0,0,0,0,0,0,0,0,0,0,0,0
,,,,,,12,2026-02-01 13:24:43.353063,ATMN,25.12,24.76,25.04,2103500.0,2074000.0,0,0,0,0,0,0,0,0,0,0,0,0
,,,,,,12,2026-02-01 13:24:43.353063,WNTR,25.04,25.04,25.12,2427100.0,2185300.0,0,0,0,0,0,0,0,0,0,0,0,0
2.0,1.0,1.0,,Aggregate Position Limit,Your CRO has set the aggregate position limit to 10000 shares for this week.,13,2026-02-01 13:24:44.382971,SPNG,24.98,24.98,25.34,2259800.0,2349700.0,0,0,0,0,0,0,0,0,0,0,0,0
1.0,1.0,1.0,,Welcome to the RITC 2026 Alogithmic Market Making Case - practice server,,13,2026-02-01 13:24:44.382971,SMMR,24.97,24.97,25.01,2171100.0,2038400.0,0,0,0,0,0,0,0,0,0,0,0,0
,,,,,,13,2026-02-01 13:24:44.382971,ATMN,25.21,24.76,24.95,2103600.0,2064000.0,0,0,0,0,0,0,0,0,0,0,0,0
,,,,,,13,2026-02-01 13:24:44.382971,WNTR,25.15,25.04,25.15,2427100.0,2154500.0,0,0,0,0,0,0,0,0,0,0,0,0
2.0,1.0,1.0,,Aggregate Position Limit,Your CRO has set the aggregate position limit to 10000 shares for this week.,14,2026-02-01 13:24:45.413143,SPNG,24.98,24.98,25.34,2259800.0,2347700.0,0,0,0,0,0,0,0,0,0,0,0,0
1.0,1.0,1.0,,Welcome to the RITC 2026 Alogithmic Market Making Case - practice server,,14,2026-02-01 13:24:45.413143,SMMR,25.18,24.97,25.07,2156200.0,2037800.0,0,0,0,0,0,0,0,0,0,0,0,0
,,,,,,14,2026-02-01 13:24:45.413143,ATMN,24.71,24.71,24.95,2088900.0,2046300.0,0,0,0,0,0,0,0,0,0,0,0,0
,,,,,,14,2026-02-01 13:24:45.413143,WNTR,25.03,25.03,25.15,2400300.0,2154500.0,0,0,0,0,0,0,0,0,0,0,0,0
2.0,1.0,1.0,,Aggregate Position Limit,Your CRO has set the aggregate position limit to 10000 shares for this week.,15,2026-02-01 13:24:46.443012,SPNG,24.64,24.69,24.71,2260000.0,2330000.0,0,0,0,0,0,0,0,0,0,0,0,0
1.0,1.0,1.0,,Welcome to the RITC 2026 Alogithmic Market Making Case - practice server,,15,2026-02-01 13:24:46.443012,SMMR,24.96,24.96,25.07,2162200.0,2047600.0,0,0,0,0,0,0,0,0,0,0,0,0
,,,,,,15,2026-02-01 13:24:46.443012,ATMN,24.95,25.0,25.06,2097500.0,2055700.0,0,0,0,0,0,0,0,0,0,0,0,0
,,,,,,15,2026-02-01 13:24:46.443012,WNTR,25.17,25.03,25.17,2426500.0,2179100.0,0,0,0,0,0,0,0,0,0,0,0,0
2.0,1.0,1.0,,Aggregate Position Limit,Your CRO has set the aggregate position limit to 10000 shares for this week.,16,2026-02-01 13:24:47.496272,SPNG,24.71,24.86,25.28,2232200.0,2355200.0,0,0,0,0,0,0,0,0,0,0,0,0
1.0,1.0,1.0,,Welcome to the RITC 2026 Alogithmic Market Making Case - practice server,,16,2026-02-01 13:24:47.496272,SMMR,24.96,25.06,25.07,2123000.0,2047600.0,0,0,0,0,0,0,0,0,0,0,0,0
,,,,,,16,2026-02-01 13:24:47.496272,ATMN,24.69,24.86,25.06,2067700.0,2055700.0,0,0,0,0,0,0,0,0,0,0,0,0
,,,,,,16,2026-02-01 13:24:47.496272,WNTR,25.18,24.99,25.18,2395600.0,2183600.0,0,0,0,0,0,0,0,0,0,0,0,0
2.0,1.0,1.0,,Aggregate Position Limit,Your CRO has set the aggregate position limit to 10000 shares for this week.,17,2026-02-01 13:24:48.522735,SPNG,25.28,24.69,25.28,2260500.0,2340500.0,0,0,0,0,0,0,0,0,0,0,0,0
1.0,1.0,1.0,,Welcome to the RITC 2026 Alogithmic Market Making Case - practice server,,17,2026-02-01 13:24:48.522735,SMMR,25.03,24.96,25.01,2168300.0,2068900.0,0,0,0,0,0,0,0,0,0,0,0,0
,,,,,,17,2026-02-01 13:24:48.522735,ATMN,25.21,24.86,25.21,2050700.0,2021600.0,0,0,0,0,0,0,0,0,0,0,0,0
,,,,,,17,2026-02-01 13:24:48.522735,WNTR,24.98,24.98,25.18,2433400.0,2183600.0,0,0,0,0,0,0,0,0,0,0,0,0
2.0,1.0,1.0,,Aggregate Position Limit,Your CRO has set the aggregate position limit to 10000 shares for this week.,18,2026-02-01 13:24:49.556293,SPNG,24.64,24.64,25.28,2270100.0,2340500.0,0,0,0,0,0,0,0,0,0,0,0,0
1.0,1.0,1.0,,Welcome to the RITC 2026 Alogithmic Market Making Case - practice server,,18,2026-02-01 13:24:49.556293,SMMR,25.01,25.04,25.14,2146600.0,2026000.0,0,0,0,0,0,0,0,0,0,0,0,0
,,,,,,18,2026-02-01 13:24:49.556293,ATMN,25.21,24.86,25.07,2052500.0,2041400.0,0,0,0,0,0,0,0,0,0,0,0,0
,,,,,,18,2026-02-01 13:24:49.556293,WNTR,24.96,24.96,25.18,2426000.0,2179500.0,0,0,0,0,0,0,0,0,0,0,0,0
2.0,1.0,1.0,,Aggregate Position Limit,Your CRO has set the aggregate position limit to 10000 shares for this week.,19,2026-02-01 13:24:50.593278,SPNG,24.64,24.64,25.14,2266200.0,2373800.0,0,0,0,0,0,0,0,0,0,0,0,0
1.0,1.0,1.0,,Welcome to the RITC 2026 Alogithmic Market Making Case - practice server,,19,2026-02-01 13:24:50.593278,SMMR,25.18,25.03,25.18,2171300.0,2017100.0,0,0,0,0,0,0,0,0,0,0,0,0
,,,,,,19,2026-02-01 13:24:50.593278,ATMN,24.86,24.86,24.91,2048700.0,2005700.0,0,0,0,0,0,0,0,0,0,0,0,0
,,,,,,19,2026-02-01 13:24:50.593278,WNTR,25.18,24.96,25.18,2430600.0,2222600.0,0,0,0,0,0,0,0,0,0,0,0,0
2.0,1.0,1.0,,Aggregate Position Limit,Your CRO has set the aggregate position limit to 10000 shares for this week.,20,2026-02-01 13:24:51.605801,SPNG,24.62,24.62,25.14,2234300.0,2373800.0,0,0,0,0,0,0,0,0,0,0,0,0
1.0,1.0,1.0,,Welcome to the RITC 2026 Alogithmic Market Making Case - practice server,,20,2026-02-01 13:24:51.605801,SMMR,25.18,24.94,25.18,2185600.0,2018900.0,0,0,0,0,0,0,0,0,0,0,0,0
,,,,,,20,2026-02-01 13:24:51.605801,ATMN,24.86,24.89,24.91,2084100.0,2005700.0,0,0,0,0,0,0,0,0,0,0,0,0
,,,,,,20,2026-02-01 13:24:51.605801,WNTR,25.21,25.07,25.21,2464300.0,2234200.0,0,0,0,0,0,0,0,0,0,0,0,0
2.0,1.0,1.0,,Aggregate Position Limit,Your CRO has set the aggregate position limit to 10000 shares for this week.,21,2026-02-01 13:24:52.644599,SPNG,24.9,24.65,24.81,2263100.0,2353900.0,0,0,0,0,0,0,0,0,0,0,0,0
1.0,1.0,1.0,,Welcome to the RITC 2026 Alogithmic Market Making Case - practice server,,21,2026-02-01 13:24:52.644599,SMMR,25.2,24.94,24.95,2185600.0,2049600.0,0,0,0,0,0,0,0,0,0,0,0,0
,,,,,,21,2026-02-01 13:24:52.644599,ATMN,25.07,24.85,25.07,2076500.0,2041400.0,0,0,0,0,0,0,0,0,0,0,0,0
,,,,,,21,2026-02-01 13:24:52.644599,WNTR,25.21,25.2,25.21,2498100.0,2228500.0,0,0,0,0,0,0,0,0,0,0,0,0
2.0,1.0,1.0,,Aggregate Position Limit,Your CRO has set the aggregate position limit to 10000 shares for this week.,22,2026-02-01 13:24:53.682876,SPNG,25.28,24.65,25.12,2287600.0,2338300.0,0,0,0,0,0,0,0,0,0,0,0,0
1.0,1.0,1.0,,Welcome to the RITC 2026 Alogithmic Market Making Case - practice server,,22,2026-02-01 13:24:53.682876,SMMR,24.95,24.94,24.95,2169200.0,2022700.0,0,0,0,0,0,0,0,0,0,0,0,0
,,,,,,22,2026-02-01 13:24:53.682876,ATMN,25.06,25.06,25.07,2083700.0,2026900.0,0,0,0,0,0,0,0,0,0,0,0,0
,,,,,,22,2026-02-01 13:24:53.682876,WNTR,25.2,25.07,25.2,2464300.0,2252400.0,0,0,0,0,0,0,0,0,0,0,0,0
2.0,1.0,1.0,,Aggregate Position Limit,Your CRO has set the aggregate position limit to 10000 shares for this week.,23,2026-02-01 13:24:54.721341,SPNG,25.12,24.72,25.12,2266800.0,2338300.0,0,0,0,0,0,0,0,0,0,0,0,0
1.0,1.0,1.0,,Welcome to the RITC 2026 Alogithmic Market Making Case - practice server,,23,2026-02-01 13:24:54.721341,SMMR,24.9,24.9,25.2,2168600.0,2025600.0,0,0,0,0,0,0,0,0,0,0,0,0
,,,,,,23,2026-02-01 13:24:54.721341,ATMN,25.06,24.85,24.92,2068400.0,2053800.0,0,0,0,0,0,0,0,0,0,0,0,0
,,,,,,23,2026-02-01 13:24:54.721341,WNTR,25.07,24.96,24.97,2430600.0,2272300.0,0,0,0,0,0,0,0,0,0,0,0,0
2.0,1.0,1.0,,Aggregate Position Limit,Your CRO has set the aggregate position limit to 10000 shares for this week.,24,2026-02-01 13:24:55.742466,SPNG,24.65,24.84,24.87,2274600.0,2342900.0,0,0,0,0,0,0,0,0,0,0,0,0
1.0,1.0,1.0,,Welcome to the RITC 2026 Alogithmic Market Making Case - practice server,,24,2026-02-01 13:24:55.742466,SMMR,25.21,25.11,25.21,2158600.0,2042600.0,0,0,0,0,0,0,0,0,0,0,0,0
,,,,,,24,2026-02-01 13:24:55.742466,ATMN,25.06,24.85,24.92,2071400.0,2053800.0,0,0,0,0,0,0,0,0,0,0,0,0
,,,,,,24,2026-02-01 13:24:55.742466,WNTR,25.2,24.96,24.99,2443400.0,2284600.0,0,0,0,0,0,0,0,0,0,0,0,0
2.0,1.0,1.0,,Aggregate Position Limit,Your CRO has set the aggregate position limit to 10000 shares for this week.,25,2026-02-01 13:24:56.756639,SPNG,25.12,24.84,25.12,2269700.0,2338300.0,0,0,0,0,0,0,0,0,0,0,0,0
1.0,1.0,1.0,,Welcome to the RITC 2026 Alogithmic Market Making Case - practice server,,25,2026-02-01 13:24:56.756639,SMMR,25.21,25.11,25.21,2158600.0,2063400.0,0,0,0,0,0,0,0,0,0,0,0,0
,,,,,,25,2026-02-01 13:24:56.756639,ATMN,24.85,24.85,25.07,2036600.0,2026900.0,0,0,0,0,0,0,0,0,0,0,0,0
,,,,,,25,2026-02-01 13:24:56.756639,WNTR,24.94,24.94,24.99,2431900.0,2284600.0,0,0,0,0,0,0,0,0,0,0,0,0
2.0,1.0,1.0,,Aggregate Position Limit,Your CRO has set the aggregate position limit to 10000 shares for this week.,26,2026-02-01 13:24:57.802538,SPNG,25.28,24.65,25.28,2287200.0,2310800.0,0,0,0,0,0,0,0,0,0,0,0,0
1.0,1.0,1.0,,Welcome to the RITC 2026 Alogithmic Market Making Case - practice server,,26,2026-02-01 13:24:57.802538,SMMR,25.11,25.11,25.21,2158600.0,2053500.0,0,0,0,0,0,0,0,0,0,0,0,0
,,,,,,26,2026-02-01 13:24:57.802538,ATMN,25.21,25.01,25.21,2042000.0,2046600.0,0,0,0,0,0,0,0,0,0,0,0,0
,,,,,,26,2026-02-01 13:24:57.802538,WNTR,24.99,24.99,25.2,2446600.0,2289600.0,0,0,0,0,0,0,0,0,0,0,0,0
2.0,1.0,1.0,,Aggregate Position Limit,Your CRO has set the aggregate position limit to 10000 shares for this week.,27,2026-02-01 13:24:58.835283,SPNG,25.3,24.57,25.01,2299300.0,2317300.0,0,0,0,0,0,0,0,0,0,0,0,0
1.0,1.0,1.0,,Welcome to the RITC 2026 Alogithmic Market Making Case - practice server,,27,2026-02-01 13:24:58.835283,SMMR,25.11,25.11,25.13,2158600.0,2034100.0,0,0,0,0,0,0,0,0,0,0,0,0
,,,,,,27,2026-02-01 13:24:58.835283,ATMN,25.24,25.09,25.24,2036900.0,2052500.0,0,0,0,0,0,0,0,0,0,0,0,0
,,,,,,27,2026-02-01 13:24:58.835283,WNTR,25.21,24.99,25.21,2446600.0,2268000.0,0,0,0,0,0,0,0,0,0,0,0,0
2.0,1.0,1.0,,Aggregate Position Limit,Your CRO has set the aggregate position limit to 10000 shares for this week.,28,2026-02-01 13:24:59.853023,SPNG,25.3,24.82,25.01,2302100.0,2317300.0,0,0,0,0,0,0,0,0,0,0,0,0
1.0,1.0,1.0,,Welcome to the RITC 2026 Alogithmic Market Making Case - practice server,,28,2026-02-01 13:24:59.853023,SMMR,25.11,25.11,25.12,2158600.0,2066200.0,0,0,0,0,0,0,0,0,0,0,0,0
,,,,,,28,2026-02-01 13:24:59.853023,ATMN,25.24,25.09,25.24,2036900.0,2044900.0,0,0,0,0,0,0,0,0,0,0,0,0
,,,,,,28,2026-02-01 13:24:59.853023,WNTR,25.21,24.94,25.21,2468400.0,2262000.0,0,0,0,0,0,0,0,0,0,0,0,0
2.0,1.0,1.0,,Aggregate Position Limit,Your CRO has set the aggregate position limit to 10000 shares for this week.,29,2026-02-01 13:25:00.892750,SPNG,25.02,24.82,24.84,2302100.0,2312100.0,0,0,0,0,0,0,0,0,0,0,0,0
1.0,1.0,1.0,,Welcome to the RITC 2026 Alogithmic Market Making Case - practice server,,29,2026-02-01 13:25:00.892750,SMMR,25.03,25.03,25.05,2149400.0,2054500.0,0,0,0,0,0,0,0,0,0,0,0,0
,,,,,,29,2026-02-01 13:25:00.892750,ATMN,24.83,24.83,25.17,2030400.0,2054200.0,0,0,0,0,0,0,0,0,0,0,0,0
,,,,,,29,2026-02-01 13:25:00.892750,WNTR,25.21,24.94,25.02,2446400.0,2277800.0,0,0,0,0,0,0,0,0,0,0,0,0
2.0,1.0,1.0,,Aggregate Position Limit,Your CRO has set the aggregate position limit to 10000 shares for this week.,30,2026-02-01 13:25:01.922539,SPNG,25.02,24.82,24.84,2313100.0,2293300.0,0,0,0,0,0,0,0,0,0,0,0,0
1.0,1.0,1.0,,Welcome to the RITC 2026 Alogithmic Market Making Case - practice server,,30,2026-02-01 13:25:01.922539,SMMR,24.89,24.89,25.05,2135900.0,2054500.0,0,0,0,0,0,0,0,0,0,0,0,0
,,,,,,30,2026-02-01 13:25:01.922539,ATMN,24.83,25.03,25.17,2023400.0,2037300.0,0,0,0,0,0,0,0,0,0,0,0,0
,,,,,,30,2026-02-01 13:25:01.922539,WNTR,25.02,25.1,25.18,2428500.0,2273900.0,0,0,0,0,0,0,0,0,0,0,0,0
2.0,1.0,1.0,,Aggregate Position Limit,Your CRO has set the aggregate position limit to 10000 shares for this week.,31,2026-02-01 13:25:02.950420,SPNG,24.84,24.82,24.84,2313100.0,2293300.0,0,0,0,0,0,0,0,0,0,0,0,0
1.0,1.0,1.0,,Welcome to the RITC 2026 Alogithmic Market Making Case - practice server,,31,2026-02-01 13:25:02.950420,SMMR,25.12,24.86,25.12,2166000.0,2075100.0,0,0,0,0,0,0,0,0,0,0,0,0
,,,,,,31,2026-02-01 13:25:02.950420,ATMN,25.03,25.03,25.17,2023400.0,2037300.0,0,0,0,0,0,0,0,0,0,0,0,0
,,,,,,31,2026-02-01 13:25:02.950420,WNTR,25.21,24.94,25.21,2446400.0,2285400.0,0,0,0,0,0,0,0,0,0,0,0,0
2.0,1.0,1.0,,Aggregate Position Limit,Your CRO has set the aggregate position limit to 10000 shares for this week.,32,2026-02-01 13:25:03.982430,SPNG,24.84,24.86,25.06,2396300.0,2295900.0,0,0,0,0,0,0,0,0,0,0,0,0
1.0,1.0,1.0,,Welcome to the RITC 2026 Alogithmic Market Making Case - practice server,,32,2026-02-01 13:25:03.982430,SMMR,24.91,24.96,24.98,2156000.0,2071900.0,0,0,0,0,0,0,0,0,0,0,0,0
,,,,,,32,2026-02-01 13:25:03.982430,ATMN,25.17,24.84,25.17,1998100.0,2037300.0,0,0,0,0,0,0,0,0,0,0,0,0
,,,,,,32,2026-02-01 13:25:03.982430,WNTR,25.21,24.94,24.97,2437000.0,2283700.0,0,0,0,0,0,0,0,0,0,0,0,0
2.0,1.0,1.0,,Aggregate Position Limit,Your CRO has set the aggregate position limit to 10000 shares for this week.,33,2026-02-01 13:25:04.995356,SPNG,24.86,24.82,24.84,2387200.0,2308700.0,0,0,0,0,0,0,0,0,0,0,0,0
1.0,1.0,1.0,,Welcome to the RITC 2026 Alogithmic Market Making Case - practice server,,33,2026-02-01 13:25:04.995356,SMMR,24.98,25.05,25.12,2162500.0,2068200.0,0,0,0,0,0,0,0,0,0,0,0,0
,,,,,,33,2026-02-01 13:25:04.995356,ATMN,24.83,24.83,25.17,2001800.0,2037300.0,0,0,0,0,0,0,0,0,0,0,0,0
,,,,,,33,2026-02-01 13:25:04.995356,WNTR,24.97,24.94,24.97,2407200.0,2326300.0,0,0,0,0,0,0,0,0,0,0,0,0
2.0,1.0,1.0,,Aggregate Position Limit,Your CRO has set the aggregate position limit to 10000 shares for this week.,34,2026-02-01 13:25:06.022365,SPNG,24.82,24.82,25.3,2387200.0,2296600.0,0,0,0,0,0,0,0,0,0,0,0,0
1.0,1.0,1.0,,Welcome to the RITC 2026 Alogithmic Market Making Case - practice server,,34,2026-02-01 13:25:06.022365,SMMR,24.9,24.92,25.12,2166800.0,2068200.0,0,0,0,0,0,0,0,0,0,0,0,0
,,,,,,34,2026-02-01 13:25:06.022365,ATMN,24.83,25.01,25.17,2008900.0,2053200.0,0,0,0,0,0,0,0,0,0,0,0,0
,,,,,,34,2026-02-01 13:25:06.022365,WNTR,24.92,24.92,24.97,2376400.0,2362200.0,0,0,0,0,0,0,0,0,0,0,0,0
2.0,1.0,1.0,,Aggregate Position Limit,Your CRO has set the aggregate position limit to 10000 shares for this week.,35,2026-02-01 13:25:07.055366,SPNG,24.82,24.82,25.04,2378400.0,2300300.0,0,0,0,0,0,0,0,0,0,0,0,0
1.0,1.0,1.0,,Welcome to the RITC 2026 Alogithmic Market Making Case - practice server,,35,2026-02-01 13:25:07.055366,SMMR,24.86,24.86,25.06,2180100.0,2095700.0,0,0,0,0,0,0,0,0,0,0,0,0
,,,,,,35,2026-02-01 13:25:07.055366,ATMN,24.82,24.79,24.82,2033200.0,2023100.0,0,0,0,0,0,0,0,0,0,0,0,0
,,,,,,35,2026-02-01 13:25:07.055366,WNTR,24.92,24.92,24.97,2374300.0,2362200.0,0,0,0,0,0,0,0,0,0,0,0,0
2.0,1.0,1.0,,Aggregate Position Limit,Your CRO has set the aggregate position limit to 10000 shares for this week.,36,2026-02-01 13:25:08.092651,SPNG,24.68,24.68,25.21,2372600.0,2335800.0,0,0,0,0,0,0,0,0,0,0,0,0
1.0,1.0,1.0,,Welcome to the RITC 2026 Alogithmic Market Making Case - practice server,,36,2026-02-01 13:25:08.092651,SMMR,24.88,24.88,25.06,2179600.0,2095700.0,0,0,0,0,0,0,0,0,0,0,0,0
,,,,,,36,2026-02-01 13:25:08.092651,ATMN,24.86,25.02,25.17,2025900.0,2037900.0,0,0,0,0,0,0,0,0,0,0,0,0
,,,,,,36,2026-02-01 13:25:08.092651,WNTR,24.9,24.9,24.97,2383300.0,2362200.0,0,0,0,0,0,0,0,0,0,0,0,0
2.0,1.0,1.0,,Aggregate Position Limit,Your CRO has set the aggregate position limit to 10000 shares for this week.,37,2026-02-01 13:25:09.132151,SPNG,25.21,24.68,25.21,2410400.0,2335800.0,0,0,0,0,0,0,0,0,0,0,0,0
1.0,1.0,1.0,,Welcome to the RITC 2026 Alogithmic Market Making Case - practice server,,37,2026-02-01 13:25:09.132151,SMMR,25.01,24.88,25.01,2179600.0,2100700.0,0,0,0,0,0,0,0,0,0,0,0,0
,,,,,,37,2026-02-01 13:25:09.132151,ATMN,25.17,24.79,25.17,2033200.0,2050700.0,0,0,0,0,0,0,0,0,0,0,0,0
,,,,,,37,2026-02-01 13:25:09.132151,WNTR,24.97,24.98,25.02,2405000.0,2356500.0,0,0,0,0,0,0,0,0,0,0,0,0
2.0,1.0,1.0,,Aggregate Position Limit,Your CRO has set the aggregate position limit to 10000 shares for this week.,38,2026-02-01 13:25:10.149161,SPNG,25.21,24.68,24.84,2409700.0,2354800.0,0,0,0,0,0,0,0,0,0,0,0,0
1.0,1.0,1.0,,Welcome to the RITC 2026 Alogithmic Market Making Case - practice server,,38,2026-02-01 13:25:10.149161,SMMR,25.1,24.88,24.91,2179600.0,2082500.0,0,0,0,0,0,0,0,0,0,0,0,0
,,,,,,38,2026-02-01 13:25:10.149161,ATMN,24.79,24.79,25.17,2033200.0,2050700.0,0,0,0,0,0,0,0,0,0,0,0,0
,,,,,,38,2026-02-01 13:25:10.149161,WNTR,24.97,25.01,25.02,2400600.0,2356500.0,0,0,0,0,0,0,0,0,0,0,0,0
2.0,1.0,1.0,,Aggregate Position Limit,Your CRO has set the aggregate position limit to 10000 shares for this week.,39,2026-02-01 13:25:11.170953,SPNG,24.84,25.14,25.21,2428200.0,2353500.0,0,0,0,0,0,0,0,0,0,0,0,0
1.0,1.0,1.0,,Welcome to the RITC 2026 Alogithmic Market Making Case - practice server,,39,2026-02-01 13:25:11.170953,SMMR,24.91,24.88,24.91,2137000.0,2082500.0,0,0,0,0,0,0,0,0,0,0,0,0
,,,,,,39,2026-02-01 13:25:11.170953,ATMN,24.8,24.79,24.8,2004800.0,2050700.0,0,0,0,0,0,0,0,0,0,0,0,0
,,,,,,39,2026-02-01 13:25:11.170953,WNTR,25.01,25.01,25.02,2380600.0,2356500.0,0,0,0,0,0,0,0,0,0,0,0,0
2.0,1.0,1.0,,Aggregate Position Limit,Your CRO has set the aggregate position limit to 10000 shares for this week.,41,2026-02-01 13:25:12.212604,SPNG,24.68,25.12,25.21,2428000.0,2351100.0,0,0,0,0,0,0,0,0,0,0,0,0
1.0,1.0,1.0,,Welcome to the RITC 2026 Alogithmic Market Making Case - practice server,,41,2026-02-01 13:25:12.212604,SMMR,24.86,24.86,24.91,2144800.0,2062600.0,0,0,0,0,0,0,0,0,0,0,0,0
,,,,,,41,2026-02-01 13:25:12.212604,ATMN,25.17,25.2,25.24,2010200.0,2060000.0,0,0,0,0,0,0,0,0,0,0,0,0
,,,,,,41,2026-02-01 13:25:12.212604,WNTR,24.98,24.98,25.02,2364700.0,2356500.0,0,0,0,0,0,0,0,0,0,0,0,0
2.0,1.0,1.0,,Aggregate Position Limit,Your CRO has set the aggregate position limit to 10000 shares for this week.,42,2026-02-01 13:25:13.232527,SPNG,25.12,25.12,25.21,2428000.0,2327000.0,0,0,0,0,0,0,0,0,0,0,0,0
1.0,1.0,1.0,,Welcome to the RITC 2026 Alogithmic Market Making Case - practice server,,42,2026-02-01 13:25:13.232527,SMMR,24.86,24.86,24.91,2119700.0,2062600.0,0,0,0,0,0,0,0,0,0,0,0,0
,,,,,,42,2026-02-01 13:25:13.232527,ATMN,25.18,24.78,25.18,2029900.0,2059300.0,0,0,0,0,0,0,0,0,0,0,0,0
,,,,,,42,2026-02-01 13:25:13.232527,WNTR,25.11,24.9,25.11,2407000.0,2314800.0,0,0,0,0,0,0,0,0,0,0,0,0
2.0,1.0,1.0,,Aggregate Position Limit,Your CRO has set the aggregate position limit to 10000 shares for this week.,43,2026-02-01 13:25:14.242268,SPNG,25.12,24.93,24.94,2415500.0,2346700.0,0,0,0,0,0,0,0,0,0,0,0,0
1.0,1.0,1.0,,Welcome to the RITC 2026 Alogithmic Market Making Case - practice server,,43,2026-02-01 13:25:14.242268,SMMR,24.9,24.86,24.88,2119700.0,2057500.0,0,0,0,0,0,0,0,0,0,0,0,0
,,,,,,43,2026-02-01 13:25:14.242268,ATMN,25.18,24.83,24.96,2002800.0,2062700.0,0,0,0,0,0,0,0,0,0,0,0,0
,,,,,,43,2026-02-01 13:25:14.242268,WNTR,25.17,24.9,25.12,2393800.0,2305100.0,0,0,0,0,0,0,0,0,0,0,0,0
2.0,1.0,1.0,,Aggregate Position Limit,Your CRO has set the aggregate position limit to 10000 shares for this week.,44,2026-02-01 13:25:15.272303,SPNG,24.93,24.93,24.94,2435000.0,2359700.0,0,0,0,0,0,0,0,0,0,0,0,0
1.0,1.0,1.0,,Welcome to the RITC 2026 Alogithmic Market Making Case - practice server,,44,2026-02-01 13:25:15.272303,SMMR,24.86,25.04,25.07,2116000.0,2040500.0,0,0,0,0,0,0,0,0,0,0,0,0
,,,,,,44,2026-02-01 13:25:15.272303,ATMN,24.96,24.78,24.96,2013400.0,2062700.0,0,0,0,0,0,0,0,0,0,0,0,0
,,,,,,44,2026-02-01 13:25:15.272303,WNTR,25.2,24.9,25.1,2359700.0,2303000.0,0,0,0,0,0,0,0,0,0,0,0,0
2.0,1.0,1.0,,Aggregate Position Limit,Your CRO has set the aggregate position limit to 10000 shares for this week.,45,2026-02-01 13:25:16.332256,SPNG,24.94,24.76,24.94,2426900.0,2347900.0,0,0,0,0,0,0,0,0,0,0,0,0
1.0,1.0,1.0,,Welcome to the RITC 2026 Alogithmic Market Making Case - practice server,,45,2026-02-01 13:25:16.332256,SMMR,24.86,25.04,25.07,2116000.0,2058400.0,0,0,0,0,0,0,0,0,0,0,0,0
,,,,,,45,2026-02-01 13:25:16.332256,ATMN,24.96,24.78,24.96,2035000.0,2027500.0,0,0,0,0,0,0,0,0,0,0,0,0
,,,,,,45,2026-02-01 13:25:16.332256,WNTR,25.1,25.14,25.2,2339300.0,2278000.0,0,0,0,0,0,0,0,0,0,0,0,0
2.0,1.0,1.0,,Aggregate Position Limit,Your CRO has set the aggregate position limit to 10000 shares for this week.,46,2026-02-01 13:25:17.362241,SPNG,24.84,24.95,25.21,2461700.0,2338800.0,0,0,0,0,0,0,0,0,0,0,0,0
1.0,1.0,1.0,,Welcome to the RITC 2026 Alogithmic Market Making Case - practice server,,46,2026-02-01 13:25:17.362241,SMMR,25.09,24.87,25.09,2111800.0,2082900.0,0,0,0,0,0,0,0,0,0,0,0,0
,,,,,,46,2026-02-01 13:25:17.362241,ATMN,24.73,24.73,24.96,2103700.0,2058600.0,0,0,0,0,0,0,0,0,0,0,0,0
,,,,,,46,2026-02-01 13:25:17.362241,WNTR,24.99,24.99,25.2,2357800.0,2277200.0,0,0,0,0,0,0,0,0,0,0,0,0
2.0,1.0,1.0,,Aggregate Position Limit,Your CRO has set the aggregate position limit to 10000 shares for this week.,47,2026-02-01 13:25:18.372466,SPNG,24.76,24.76,24.77,2442300.0,2359400.0,0,0,0,0,0,0,0,0,0,0,0,0
1.0,1.0,1.0,,Welcome to the RITC 2026 Alogithmic Market Making Case - practice server,,47,2026-02-01 13:25:18.372466,SMMR,24.86,24.86,25.09,2119700.0,2082900.0,0,0,0,0,0,0,0,0,0,0,0,0
,,,,,,47,2026-02-01 13:25:18.372466,ATMN,24.73,24.73,24.96,2117700.0,2017800.0,0,0,0,0,0,0,0,0,0,0,0,0
,,,,,,47,2026-02-01 13:25:18.372466,WNTR,25.22,24.99,25.22,2357800.0,2270500.0,0,0,0,0,0,0,0,0,0,0,0,0
2.0,1.0,1.0,,Aggregate Position Limit,Your CRO has set the aggregate position limit to 10000 shares for this week.,48,2026-02-01 13:25:19.402214,SPNG,25.06,24.76,25.06,2436500.0,2358800.0,0,0,0,0,0,0,0,0,0,0,0,0
1.0,1.0,1.0,,Welcome to the RITC 2026 Alogithmic Market Making Case - practice server,,48,2026-02-01 13:25:19.402214,SMMR,25.11,24.97,24.99,2123100.0,2058400.0,0,0,0,0,0,0,0,0,0,0,0,0
,,,,,,48,2026-02-01 13:25:19.402214,ATMN,24.69,24.69,24.93,2140200.0,2024500.0,0,0,0,0,0,0,0,0,0,0,0,0
,,,,,,48,2026-02-01 13:25:19.402214,WNTR,25.22,25.09,25.22,2322700.0,2257400.0,0,0,0,0,0,0,0,0,0,0,0,0
2.0,1.0,1.0,,Aggregate Position Limit,Your CRO has set the aggregate position limit to 10000 shares for this week.,49,2026-02-01 13:25:20.442010,SPNG,25.29,25.09,25.29,2468300.0,2337000.0,0,0,0,0,0,0,0,0,0,0,0,0
1.0,1.0,1.0,,Welcome to the RITC 2026 Alogithmic Market Making Case - practice server,,49,2026-02-01 13:25:20.442010,SMMR,24.99,24.97,24.99,2128900.0,2095000.0,0,0,0,0,0,0,0,0,0,0,0,0
,,,,,,49,2026-02-01 13:25:20.442010,ATMN,24.64,24.64,24.93,2144400.0,2024500.0,0,0,0,0,0,0,0,0,0,0,0,0
,,,,,,49,2026-02-01 13:25:20.442010,WNTR,25.04,25.1,25.22,2311500.0,2296600.0,0,0,0,0,0,0,0,0,0,0,0,0
2.0,1.0,1.0,,Aggregate Position Limit,Your CRO has set the aggregate position limit to 10000 shares for this week.,50,2026-02-01 13:25:21.463413,SPNG,25.09,25.09,25.2,2468300.0,2353400.0,0,0,0,0,0,0,0,0,0,0,0,0
1.0,1.0,1.0,,Welcome to the RITC 2026 Alogithmic Market Making Case - practice server,,50,2026-02-01 13:25:21.463413,SMMR,24.97,24.97,24.99,2104900.0,2094600.0,0,0,0,0,0,0,0,0,0,0,0,0
,,,,,,50,2026-02-01 13:25:21.463413,ATMN,24.63,24.69,24.93,2182900.0,2003400.0,0,0,0,0,0,0,0,0,0,0,0,0
,,,,,,50,2026-02-01 13:25:21.463413,WNTR,25.04,25.04,25.22,2333100.0,2347000.0,0,0,0,0,0,0,0,0,0,0,0,0
2.0,1.0,1.0,,Aggregate Position Limit,Your CRO has set the aggregate position limit to 10000 shares for this week.,51,2026-02-01 13:25:22.481918,SPNG,25.09,25.09,25.2,2468300.0,2315700.0,0,0,0,0,0,0,0,0,0,0,0,0
1.0,1.0,1.0,,Welcome to the RITC 2026 Alogithmic Market Making Case - practice server,,51,2026-02-01 13:25:22.481918,SMMR,24.97,24.98,24.99,2079100.0,2094600.0,0,0,0,0,0,0,0,0,0,0,0,0
,,,,,,51,2026-02-01 13:25:22.481918,ATMN,24.63,24.63,24.93,2167500.0,2003400.0,0,0,0,0,0,0,0,0,0,0,0,0
,,,,,,51,2026-02-01 13:25:22.481918,WNTR,25.23,24.99,25.0,2357800.0,2357300.0,0,0,0,0,0,0,0,0,0,0,0,0
2.0,1.0,1.0,,Aggregate Position Limit,Your CRO has set the aggregate position limit to 10000 shares for this week.,52,2026-02-01 13:25:23.525369,SPNG,25.03,24.83,25.03,2433400.0,2306000.0,0,0,0,0,0,0,0,0,0,0,0,0
1.0,1.0,1.0,,Welcome to the RITC 2026 Alogithmic Market Making Case - practice server,,52,2026-02-01 13:25:23.525369,SMMR,24.99,24.98,24.99,2074700.0,2095100.0,0,0,0,0,0,0,0,0,0,0,0,0
,,,,,,52,2026-02-01 13:25:23.525369,ATMN,24.63,24.63,24.93,2169100.0,2003400.0,0,0,0,0,0,0,0,0,0,0,0,0
,,,,,,52,2026-02-01 13:25:23.525369,WNTR,24.99,24.9,24.99,2359700.0,2362600.0,0,0,0,0,0,0,0,0,0,0,0,0
2.0,1.0,1.0,,Aggregate Position Limit,Your CRO has set the aggregate position limit to 10000 shares for this week.,53,2026-02-01 13:25:24.551878,SPNG,24.83,24.83,25.2,2433400.0,2315000.0,0,0,0,0,0,0,0,0,0,0,0,0
1.0,1.0,1.0,,Welcome to the RITC 2026 Alogithmic Market Making Case - practice server,,53,2026-02-01 13:25:24.551878,SMMR,24.98,24.98,25.08,2060900.0,2058500.0,0,0,0,0,0,0,0,0,0,0,0,0
,,,,,,53,2026-02-01 13:25:24.551878,ATMN,24.56,24.56,24.58,2135100.0,2025100.0,0,0,0,0,0,0,0,0,0,0,0,0
,,,,,,53,2026-02-01 13:25:24.551878,WNTR,24.9,24.97,24.99,2345300.0,2346300.0,0,0,0,0,0,0,0,0,0,0,0,0
2.0,1.0,1.0,,Aggregate Position Limit,Your CRO has set the aggregate position limit to 10000 shares for this week.,54,2026-02-01 13:25:25.562085,SPNG,25.0,25.0,25.2,2428000.0,2315000.0,0,0,0,0,0,0,0,0,0,0,0,0
1.0,1.0,1.0,,Welcome to the RITC 2026 Alogithmic Market Making Case - practice server,,54,2026-02-01 13:25:25.562085,SMMR,25.11,24.98,25.07,2077400.0,2038100.0,0,0,0,0,0,0,0,0,0,0,0,0
,,,,,,54,2026-02-01 13:25:25.562085,ATMN,24.58,24.58,24.93,2171900.0,2003400.0,0,0,0,0,0,0,0,0,0,0,0,0
,,,,,,54,2026-02-01 13:25:25.562085,WNTR,24.9,24.97,24.99,2345300.0,2316300.0,0,0,0,0,0,0,0,0,0,0,0,0
2.0,1.0,1.0,,Aggregate Position Limit,Your CRO has set the aggregate position limit to 10000 shares for this week.,55,2026-02-01 13:25:26.591823,SPNG,25.16,25.16,25.2,2443500.0,2351600.0,0,0,0,0,0,0,0,0,0,0,0,0
1.0,1.0,1.0,,Welcome to the RITC 2026 Alogithmic Market Making Case - practice server,,55,2026-02-01 13:25:26.591823,SMMR,24.96,24.96,25.07,2061400.0,2038100.0,0,0,0,0,0,0,0,0,0,0,0,0
,,,,,,55,2026-02-01 13:25:26.591823,ATMN,24.52,24.52,24.93,2114100.0,2003400.0,0,0,0,0,0,0,0,0,0,0,0,0
,,,,,,55,2026-02-01 13:25:26.591823,WNTR,25.03,25.02,25.03,2330200.0,2314500.0,0,0,0,0,0,0,0,0,0,0,0,0
2.0,1.0,1.0,,Aggregate Position Limit,Your CRO has set the aggregate position limit to 10000 shares for this week.,56,2026-02-01 13:25:27.620809,SPNG,24.6,24.86,25.2,2492600.0,2351600.0,0,0,0,0,0,0,0,0,0,0,0,0
1.0,1.0,1.0,,Welcome to the RITC 2026 Alogithmic Market Making Case - practice server,,56,2026-02-01 13:25:27.620809,SMMR,25.11,24.96,25.11,2062000.0,2073600.0,0,0,0,0,0,0,0,0,0,0,0,0
,,,,,,56,2026-02-01 13:25:27.620809,ATMN,24.68,24.52,24.68,2117600.0,2015200.0,0,0,0,0,0,0,0,0,0,0,0,0
,,,,,,56,2026-02-01 13:25:27.620809,WNTR,25.04,24.97,25.04,2300700.0,2338800.0,0,0,0,0,0,0,0,0,0,0,0,0
2.0,1.0,1.0,,Aggregate Position Limit,Your CRO has set the aggregate position limit to 10000 shares for this week.,57,2026-02-01 13:25:28.661059,SPNG,24.86,24.86,25.22,2492600.0,2349600.0,0,0,0,0,0,0,0,0,0,0,0,0
1.0,1.0,1.0,,Welcome to the RITC 2026 Alogithmic Market Making Case - practice server,,57,2026-02-01 13:25:28.661059,SMMR,25.13,24.96,24.97,2062000.0,2112200.0,0,0,0,0,0,0,0,0,0,0,0,0
,,,,,,57,2026-02-01 13:25:28.661059,ATMN,24.93,24.95,24.96,2141000.0,2049800.0,0,0,0,0,0,0,0,0,0,0,0,0
,,,,,,57,2026-02-01 13:25:28.661059,WNTR,25.15,24.97,25.15,2300700.0,2354300.0,0,0,0,0,0,0,0,0,0,0,0,0
2.0,1.0,1.0,,Aggregate Position Limit,Your CRO has set the aggregate position limit to 10000 shares for this week.,58,2026-02-01 13:25:29.691669,SPNG,24.8,24.6,24.8,2458100.0,2389400.0,0,0,0,0,0,0,0,0,0,0,0,0
1.0,1.0,1.0,,Welcome to the RITC 2026 Alogithmic Market Making Case - practice server,,58,2026-02-01 13:25:29.691669,SMMR,24.97,24.96,24.97,2072400.0,2098200.0,0,0,0,0,0,0,0,0,0,0,0,0
,,,,,,58,2026-02-01 13:25:29.691669,ATMN,24.95,24.52,24.86,2117600.0,2067800.0,0,0,0,0,0,0,0,0,0,0,0,0
,,,,,,58,2026-02-01 13:25:29.691669,WNTR,25.15,24.97,25.15,2300700.0,2354300.0,0,0,0,0,0,0,0,0,0,0,0,0
2.0,1.0,1.0,,Aggregate Position Limit,Your CRO has set the aggregate position limit to 10000 shares for this week.,59,2026-02-01 13:25:30.712068,SPNG,24.8,24.91,25.22,2436100.0,2349600.0,0,0,0,0,0,0,0,0,0,0,0,0
1.0,1.0,1.0,,Welcome to the RITC 2026 Alogithmic Market Making Case - practice server,,59,2026-02-01 13:25:30.712068,SMMR,24.97,25.08,25.1,2114100.0,2101100.0,0,0,0,0,0,0,0,0,0,0,0,0
,,,,,,59,2026-02-01 13:25:30.712068,ATMN,24.86,24.78,24.86,2142800.0,2067800.0,0,0,0,0,0,0,0,0,0,0,0,0
,,,,,,59,2026-02-01 13:25:30.712068,WNTR,24.89,24.89,24.99,2357100.0,2329900.0,0,0,0,0,0,0,0,0,0,0,0,0
2.0,1.0,1.0,,Aggregate Position Limit,Your CRO has set the aggregate position limit to 10000 shares for this week.,60,2026-02-01 13:25:31.751455,SPNG,24.8,25.0,25.93,960300.0,820500.0,0,0,0,0,0,0,0,0,0,0,0,0
1.0,1.0,1.0,,Welcome to the RITC 2026 Alogithmic Market Making Case - practice server,,60,2026-02-01 13:25:31.751455,SMMR,25.79,25.79,25.94,780000.0,703700.0,0,0,0,0,0,0,0,0,0,0,0,0
,,,,,,60,2026-02-01 13:25:31.751455,ATMN,24.65,24.65,24.67,821000.0,892800.0,0,0,0,0,0,0,0,0,0,0,0,0
,,,,,,60,2026-02-01 13:25:31.751455,WNTR,24.89,24.48,24.8,951000.0,894600.0,0,0,0,0,0,0,0,0,0,0,0,0
2.0,1.0,1.0,,Aggregate Position Limit,Your CRO has set the aggregate position limit to 10000 shares for this week.,61,2026-02-01 13:25:32.761728,SPNG,24.8,25.0,25.16,960300.0,1308400.0,0,0,0,0,0,0,0,0,0,0,0,0
1.0,1.0,1.0,,Welcome to the RITC 2026 Alogithmic Market Making Case - practice server,,61,2026-02-01 13:25:32.761728,SMMR,25.79,25.79,25.83,908200.0,884200.0,0,0,0,0,0,0,0,0,0,0,0,0
,,,,,,61,2026-02-01 13:25:32.761728,ATMN,24.71,24.69,24.71,918900.0,972000.0,0,0,0,0,0,0,0,0,0,0,0,0
,,,,,,61,2026-02-01 13:25:32.761728,WNTR,24.58,24.48,24.58,951000.0,1013500.0,0,0,0,0,0,0,0,0,0,0,0,0
2.0,1.0,1.0,,Aggregate Position Limit,Your CRO has set the aggregate position limit to 10000 shares for this week.,62,2026-02-01 13:25:33.781622,SPNG,25.0,24.77,24.9,1134200.0,1671700.0,0,0,0,0,0,0,0,0,0,0,0,0
1.0,1.0,1.0,,Welcome to the RITC 2026 Alogithmic Market Making Case - practice server,,62,2026-02-01 13:25:33.781622,SMMR,25.82,25.79,25.82,908200.0,1099600.0,0,0,0,0,0,0,0,0,0,0,0,0
,,,,,,62,2026-02-01 13:25:33.781622,ATMN,24.71,24.65,24.71,935000.0,1091600.0,0,0,0,0,0,0,0,0,0,0,0,0
,,,,,,62,2026-02-01 13:25:33.781622,WNTR,24.48,24.48,24.58,979500.0,1155900.0,0,0,0,0,0,0,0,0,0,0,0,0
2.0,1.0,1.0,,Aggregate Position Limit,Your CRO has set the aggregate position limit to 10000 shares for this week.,63,2026-02-01 13:25:34.811721,SPNG,24.77,24.77,24.79,1285400.0,1913300.0,0,0,0,0,0,0,0,0,0,0,0,0
1.0,1.0,1.0,,Welcome to the RITC 2026 Alogithmic Market Making Case - practice server,,63,2026-02-01 13:25:34.811721,SMMR,25.79,25.7,25.75,1027300.0,1221600.0,0,0,0,0,0,0,0,0,0,0,0,0
,,,,,,63,2026-02-01 13:25:34.811721,ATMN,24.73,24.65,24.73,1062900.0,1088000.0,0,0,0,0,0,0,0,0,0,0,0,0
,,,,,,63,2026-02-01 13:25:34.811721,WNTR,24.47,24.47,24.58,1099700.0,1258500.0,0,0,0,0,0,0,0,0,0,0,0,0
2.0,1.0,1.0,,Aggregate Position Limit,Your CRO has set the aggregate position limit to 10000 shares for this week.,64,2026-02-01 13:25:35.843807,SPNG,24.9,24.5,24.9,1179000.0,1786800.0,0,0,0,0,0,0,0,0,0,0,0,0
1.0,1.0,1.0,,Welcome to the RITC 2026 Alogithmic Market Making Case - practice server,,64,2026-02-01 13:25:35.843807,SMMR,25.75,25.72,25.75,1234100.0,1221600.0,0,0,0,0,0,0,0,0,0,0,0,0
,,,,,,64,2026-02-01 13:25:35.843807,ATMN,24.81,24.65,24.81,1187700.0,981000.0,0,0,0,0,0,0,0,0,0,0,0,0
,,,,,,64,2026-02-01 13:25:35.843807,WNTR,24.54,24.47,24.48,1099700.0,1505600.0,0,0,0,0,0,0,0,0,0,0,0,0
2.0,1.0,1.0,,Aggregate Position Limit,Your CRO has set the aggregate position limit to 10000 shares for this week.,65,2026-02-01 13:25:36.874465,SPNG,24.97,24.69,24.97,1576000.0,1667000.0,0,0,0,0,0,0,0,0,0,0,0,0
1.0,1.0,1.0,,Welcome to the RITC 2026 Alogithmic Market Making Case - practice server,,65,2026-02-01 13:25:36.874465,SMMR,25.72,25.72,25.75,1566400.0,1221600.0,0,0,0,0,0,0,0,0,0,0,0,0
,,,,,,65,2026-02-01 13:25:36.874465,ATMN,24.9,24.65,24.86,1187700.0,1150300.0,0,0,0,0,0,0,0,0,0,0,0,0
,,,,,,65,2026-02-01 13:25:36.874465,WNTR,24.48,24.29,24.48,1105100.0,1505600.0,0,0,0,0,0,0,0,0,0,0,0,0
2.0,1.0,1.0,,Aggregate Position Limit,Your CRO has set the aggregate position limit to 10000 shares for this week.,66,2026-02-01 13:25:37.907721,SPNG,24.5,24.5,24.97,1311500.0,1770300.0,0,0,0,0,0,0,0,0,0,0,0,0
1.0,1.0,1.0,,Welcome to the RITC 2026 Alogithmic Market Making Case - practice server,,66,2026-02-01 13:25:37.907721,SMMR,25.7,25.7,25.75,1450400.0,1431400.0,0,0,0,0,0,0,0,0,0,0,0,0
,,,,,,66,2026-02-01 13:25:37.907721,ATMN,24.86,24.28,24.86,1075800.0,1150300.0,0,0,0,0,0,0,0,0,0,0,0,0
,,,,,,66,2026-02-01 13:25:37.907721,WNTR,24.58,24.37,24.57,1231800.0,1369300.0,0,0,0,0,0,0,0,0,0,0,0,0
2.0,1.0,1.0,,Aggregate Position Limit,Your CRO has set the aggregate position limit to 10000 shares for this week.,67,2026-02-01 13:25:38.941497,SPNG,24.44,24.92,24.97,1318100.0,1770300.0,0,0,0,0,0,0,0,0,0,0,0,0
1.0,1.0,1.0,,Welcome to the RITC 2026 Alogithmic Market Making Case - practice server,,67,2026-02-01 13:25:38.941497,SMMR,25.79,25.81,25.82,1565300.0,1204900.0,0,0,0,0,0,0,0,0,0,0,0,0
,,,,,,67,2026-02-01 13:25:38.941497,ATMN,24.86,24.62,24.86,1256200.0,1247300.0,0,0,0,0,0,0,0,0,0,0,0,0
,,,,,,67,2026-02-01 13:25:38.941497,WNTR,24.58,24.5,24.58,1343000.0,1375900.0,0,0,0,0,0,0,0,0,0,0,0,0
2.0,1.0,1.0,,Aggregate Position Limit,Your CRO has set the aggregate position limit to 10000 shares for this week.,68,2026-02-01 13:25:39.962949,SPNG,22.55,22.55,24.97,1283500.0,1888300.0,0,0,0,0,0,0,0,0,0,0,0,0
1.0,1.0,1.0,,Welcome to the RITC 2026 Alogithmic Market Making Case - practice server,,68,2026-02-01 13:25:39.962949,SMMR,25.7,25.64,25.68,1594400.0,1324100.0,0,0,0,0,0,0,0,0,0,0,0,0
,,,,,,68,2026-02-01 13:25:39.962949,ATMN,24.46,24.81,24.86,1283200.0,1451100.0,0,0,0,0,0,0,0,0,0,0,0,0
,,,,,,68,2026-02-01 13:25:39.962949,WNTR,24.58,24.59,24.62,1449400.0,1373400.0,0,0,0,0,0,0,0,0,0,0,0,0
2.0,1.0,1.0,,Aggregate Position Limit,Your CRO has set the aggregate position limit to 10000 shares for this week.,69,2026-02-01 13:25:40.985318,SPNG,24.63,24.15,24.22,1561000.0,2023800.0,0,0,0,0,0,0,0,0,0,0,0,0
1.0,1.0,1.0,,Welcome to the RITC 2026 Alogithmic Market Making Case - practice server,,69,2026-02-01 13:25:40.985318,SMMR,25.84,25.78,25.84,1921200.0,1012200.0,0,0,0,0,0,0,0,0,0,0,0,0
,,,,,,69,2026-02-01 13:25:40.985318,ATMN,24.81,24.51,24.72,1268700.0,1762100.0,0,0,0,0,0,0,0,0,0,0,0,0
,,,,,,69,2026-02-01 13:25:40.985318,WNTR,24.44,24.44,24.62,1370400.0,1373400.0,0,0,0,0,0,0,0,0,0,0,0,0
2.0,1.0,1.0,,Aggregate Position Limit,Your CRO has set the aggregate position limit to 10000 shares for this week.,70,2026-02-01 13:25:42.006218,SPNG,25.12,24.15,25.12,1561000.0,1653500.0,0,0,0,0,0,0,0,0,0,0,0,0
1.0,1.0,1.0,,Welcome to the RITC 2026 Alogithmic Market Making Case - practice server,,70,2026-02-01 13:25:42.006218,SMMR,25.84,25.64,25.84,1821700.0,1012200.0,0,0,0,0,0,0,0,0,0,0,0,0
,,,,,,70,2026-02-01 13:25:42.006218,ATMN,24.85,24.51,24.81,1268700.0,1844100.0,0,0,0,0,0,0,0,0,0,0,0,0
,,,,,,70,2026-02-01 13:25:42.006218,WNTR,24.44,24.51,24.58,1627400.0,1479900.0,0,0,0,0,0,0,0,0,0,0,0,0
2.0,1.0,1.0,,Aggregate Position Limit,Your CRO has set the aggregate position limit to 10000 shares for this week.,71,2026-02-01 13:25:43.037693,SPNG,25.12,24.54,24.57,1681200.0,1855900.0,0,0,0,0,0,0,0,0,0,0,0,0
1.0,1.0,1.0,,Welcome to the RITC 2026 Alogithmic Market Making Case - practice server,,71,2026-02-01 13:25:43.037693,SMMR,25.69,25.69,25.84,2131100.0,1012200.0,0,0,0,0,0,0,0,0,0,0,0,0
,,,,,,71,2026-02-01 13:25:43.037693,ATMN,24.85,24.51,24.6,1482400.0,1967900.0,0,0,0,0,0,0,0,0,0,0,0,0
,,,,,,71,2026-02-01 13:25:43.037693,WNTR,24.44,24.51,24.58,1848300.0,1612200.0,0,0,0,0,0,0,0,0,0,0,0,0
2.0,1.0,1.0,,Aggregate Position Limit,Your CRO has set the aggregate position limit to 10000 shares for this week.,72,2026-02-01 13:25:44.057503,SPNG,24.57,24.64,24.69,1943400.0,1992500.0,0,0,0,0,0,0,0,0,0,0,0,0
1.0,1.0,1.0,,Welcome to the RITC 2026 Alogithmic Market Making Case - practice server,,72,2026-02-01 13:25:44.057503,SMMR,25.88,25.69,25.8,2131100.0,1127700.0,0,0,0,0,0,0,0,0,0,0,0,0
,,,,,,72,2026-02-01 13:25:44.057503,ATMN,24.6,24.47,24.6,1473400.0,2055900.0,0,0,0,0,0,0,0,0,0,0,0,0
,,,,,,72,2026-02-01 13:25:44.057503,WNTR,24.54,24.57,24.58,1984400.0,1612200.0,0,0,0,0,0,0,0,0,0,0,0,0
2.0,1.0,1.0,,Aggregate Position Limit,Your CRO has set the aggregate position limit to 10000 shares for this week.,73,2026-02-01 13:25:45.093569,SPNG,25.06,24.64,24.81,2046100.0,1969900.0,0,0,0,0,0,0,0,0,0,0,0,0
1.0,1.0,1.0,,Welcome to the RITC 2026 Alogithmic Market Making Case - practice server,,73,2026-02-01 13:25:45.093569,SMMR,25.8,25.64,25.8,1898800.0,1114600.0,0,0,0,0,0,0,0,0,0,0,0,0
,,,,,,73,2026-02-01 13:25:45.093569,ATMN,24.51,24.47,24.51,1473400.0,2059800.0,0,0,0,0,0,0,0,0,0,0,0,0
,,,,,,73,2026-02-01 13:25:45.093569,WNTR,24.62,24.57,24.62,1984400.0,1613600.0,0,0,0,0,0,0,0,0,0,0,0,0
2.0,1.0,1.0,,Aggregate Position Limit,Your CRO has set the aggregate position limit to 10000 shares for this week.,74,2026-02-01 13:25:46.131116,SPNG,25.06,24.64,24.81,2185100.0,2183100.0,0,0,0,0,0,0,0,0,0,0,0,0
1.0,1.0,1.0,,Welcome to the RITC 2026 Alogithmic Market Making Case - practice server,,74,2026-02-01 13:25:46.131116,SMMR,25.63,25.63,25.94,1904600.0,914000.0,0,0,0,0,0,0,0,0,0,0,0,0
,,,,,,74,2026-02-01 13:25:46.131116,ATMN,24.46,24.46,24.48,1377100.0,2052700.0,0,0,0,0,0,0,0,0,0,0,0,0
,,,,,,74,2026-02-01 13:25:46.131116,WNTR,24.62,24.57,24.62,2232500.0,1511000.0,0,0,0,0,0,0,0,0,0,0,0,0
2.0,1.0,1.0,,Aggregate Position Limit,Your CRO has set the aggregate position limit to 10000 shares for this week.,75,2026-02-01 13:25:47.171127,SPNG,24.54,24.54,24.65,2059100.0,2216000.0,0,0,0,0,0,0,0,0,0,0,0,0
1.0,1.0,1.0,,Welcome to the RITC 2026 Alogithmic Market Making Case - practice server,,75,2026-02-01 13:25:47.171127,SMMR,25.94,25.71,25.93,2003800.0,939600.0,0,0,0,0,0,0,0,0,0,0,0,0
,,,,,,75,2026-02-01 13:25:47.171127,ATMN,24.51,24.74,24.81,1503600.0,1932100.0,0,0,0,0,0,0,0,0,0,0,0,0
,,,,,,75,2026-02-01 13:25:47.171127,WNTR,24.68,24.57,24.68,2232500.0,1383900.0,0,0,0,0,0,0,0,0,0,0,0,0
2.0,1.0,1.0,,Aggregate Position Limit,Your CRO has set the aggregate position limit to 10000 shares for this week.,76,2026-02-01 13:25:48.194228,SPNG,24.65,24.54,24.65,2347000.0,2216000.0,0,0,0,0,0,0,0,0,0,0,0,0
1.0,1.0,1.0,,Welcome to the RITC 2026 Alogithmic Market Making Case - practice server,,76,2026-02-01 13:25:48.194228,SMMR,25.94,25.86,25.93,2211700.0,1030000.0,0,0,0,0,0,0,0,0,0,0,0,0
,,,,,,76,2026-02-01 13:25:48.194228,ATMN,24.38,24.38,24.45,1395600.0,2081400.0,0,0,0,0,0,0,0,0,0,0,0,0
,,,,,,76,2026-02-01 13:25:48.194228,WNTR,24.68,24.57,24.68,2369300.0,1482400.0,0,0,0,0,0,0,0,0,0,0,0,0
2.0,1.0,1.0,,Aggregate Position Limit,Your CRO has set the aggregate position limit to 10000 shares for this week.,77,2026-02-01 13:25:49.226499,SPNG,24.65,24.78,24.88,2447300.0,2201600.0,0,0,0,0,0,0,0,0,0,0,0,0
1.0,1.0,1.0,,Welcome to the RITC 2026 Alogithmic Market Making Case - practice server,,77,2026-02-01 13:25:49.226499,SMMR,25.78,25.78,25.87,2101700.0,1339800.0,0,0,0,0,0,0,0,0,0,0,0,0
,,,,,,77,2026-02-01 13:25:49.226499,ATMN,24.45,24.31,24.45,1409300.0,2081400.0,0,0,0,0,0,0,0,0,0,0,0,0
,,,,,,77,2026-02-01 13:25:49.226499,WNTR,24.68,24.61,24.68,2463000.0,1604500.0,0,0,0,0,0,0,0,0,0,0,0,0
2.0,1.0,1.0,,Aggregate Position Limit,Your CRO has set the aggregate position limit to 10000 shares for this week.,78,2026-02-01 13:25:50.261257,SPNG,25.09,24.39,24.43,2226800.0,2189200.0,0,0,0,0,0,0,0,0,0,0,0,0
1.0,1.0,1.0,,Welcome to the RITC 2026 Alogithmic Market Making Case - practice server,,78,2026-02-01 13:25:50.261257,SMMR,25.78,25.71,25.76,2214200.0,1454700.0,0,0,0,0,0,0,0,0,0,0,0,0
,,,,,,78,2026-02-01 13:25:50.261257,ATMN,24.31,24.31,24.68,1409300.0,2046000.0,0,0,0,0,0,0,0,0,0,0,0,0
,,,,,,78,2026-02-01 13:25:50.261257,WNTR,24.77,24.62,24.77,2477800.0,1363900.0,0,0,0,0,0,0,0,0,0,0,0,0
2.0,1.0,1.0,,Aggregate Position Limit,Your CRO has set the aggregate position limit to 10000 shares for this week.,79,2026-02-01 13:25:51.290652,SPNG,24.83,24.4,24.82,2459000.0,2197100.0,0,0,0,0,0,0,0,0,0,0,0,0
1.0,1.0,1.0,,Welcome to the RITC 2026 Alogithmic Market Making Case - practice server,,79,2026-02-01 13:25:51.290652,SMMR,25.75,25.75,25.76,2175400.0,1568300.0,0,0,0,0,0,0,0,0,0,0,0,0
,,,,,,79,2026-02-01 13:25:51.290652,ATMN,24.64,24.31,24.49,1409300.0,2071200.0,0,0,0,0,0,0,0,0,0,0,0,0
,,,,,,79,2026-02-01 13:25:51.290652,WNTR,24.77,24.62,24.77,2477800.0,1705300.0,0,0,0,0,0,0,0,0,0,0,0,0
2.0,1.0,1.0,,Aggregate Position Limit,Your CRO has set the aggregate position limit to 10000 shares for this week.,80,2026-02-01 13:25:52.311198,SPNG,24.82,24.4,24.82,2696300.0,2197100.0,0,0,0,0,0,0,0,0,0,0,0,0
1.0,1.0,1.0,,Welcome to the RITC 2026 Alogithmic Market Making Case - practice server,,80,2026-02-01 13:25:52.311198,SMMR,25.66,25.74,25.76,2173700.0,1568300.0,0,0,0,0,0,0,0,0,0,0,0,0
,,,,,,80,2026-02-01 13:25:52.311198,ATMN,24.49,24.31,24.49,1631800.0,2071200.0,0,0,0,0,0,0,0,0,0,0,0,0
,,,,,,80,2026-02-01 13:25:52.311198,WNTR,24.77,24.76,24.77,2441300.0,1705300.0,0,0,0,0,0,0,0,0,0,0,0,0
2.0,1.0,1.0,,Aggregate Position Limit,Your CRO has set the aggregate position limit to 10000 shares for this week.,81,2026-02-01 13:25:53.331343,SPNG,25.09,24.4,25.09,2645000.0,2176300.0,0,0,0,0,0,0,0,0,0,0,0,0
1.0,1.0,1.0,,Welcome to the RITC 2026 Alogithmic Market Making Case - practice server,,81,2026-02-01 13:25:53.331343,SMMR,25.66,25.74,25.76,2134900.0,1665300.0,0,0,0,0,0,0,0,0,0,0,0,0
,,,,,,81,2026-02-01 13:25:53.331343,ATMN,24.28,24.28,24.68,1642800.0,2046000.0,0,0,0,0,0,0,0,0,0,0,0,0
,,,,,,81,2026-02-01 13:25:53.331343,WNTR,24.76,24.62,24.64,2448900.0,1848300.0,0,0,0,0,0,0,0,0,0,0,0,0
2.0,1.0,1.0,,Aggregate Position Limit,Your CRO has set the aggregate position limit to 10000 shares for this week.,82,2026-02-01 13:25:54.376114,SPNG,24.71,24.4,24.47,2595100.0,2210000.0,0,0,0,0,0,0,0,0,0,0,0,0
1.0,1.0,1.0,,Welcome to the RITC 2026 Alogithmic Market Making Case - practice server,,82,2026-02-01 13:25:54.376114,SMMR,25.71,25.75,25.76,2126500.0,1665300.0,0,0,0,0,0,0,0,0,0,0,0,0
,,,,,,82,2026-02-01 13:25:54.376114,ATMN,24.28,24.77,24.81,1705900.0,2067000.0,0,0,0,0,0,0,0,0,0,0,0,0
,,,,,,82,2026-02-01 13:25:54.376114,WNTR,24.64,24.62,24.64,2427300.0,1848300.0,0,0,0,0,0,0,0,0,0,0,0,0
2.0,1.0,1.0,,Aggregate Position Limit,Your CRO has set the aggregate position limit to 10000 shares for this week.,83,2026-02-01 13:25:55.391561,SPNG,24.65,24.8,25.07,2540100.0,2172900.0,0,0,0,0,0,0,0,0,0,0,0,0
1.0,1.0,1.0,,Welcome to the RITC 2026 Alogithmic Market Making Case - practice server,,83,2026-02-01 13:25:55.391561,SMMR,25.71,25.71,25.87,2132000.0,1550400.0,0,0,0,0,0,0,0,0,0,0,0,0
,,,,,,83,2026-02-01 13:25:55.391561,ATMN,24.28,24.77,24.81,1705900.0,2048700.0,0,0,0,0,0,0,0,0,0,0,0,0
,,,,,,83,2026-02-01 13:25:55.391561,WNTR,24.77,24.67,24.77,2397700.0,1844800.0,0,0,0,0,0,0,0,0,0,0,0,0
2.0,1.0,1.0,,Aggregate Position Limit,Your CRO has set the aggregate position limit to 10000 shares for this week.,84,2026-02-01 13:25:56.411039,SPNG,24.8,24.51,24.72,2551000.0,2206900.0,0,0,0,0,0,0,0,0,0,0,0,0
1.0,1.0,1.0,,Welcome to the RITC 2026 Alogithmic Market Making Case - practice server,,84,2026-02-01 13:25:56.411039,SMMR,25.64,25.81,25.87,2118000.0,1550400.0,0,0,0,0,0,0,0,0,0,0,0,0
,,,,,,84,2026-02-01 13:25:56.411039,ATMN,24.43,24.69,24.81,1737800.0,2020300.0,0,0,0,0,0,0,0,0,0,0,0,0
,,,,,,84,2026-02-01 13:25:56.411039,WNTR,24.77,24.67,24.77,2421100.0,2073200.0,0,0,0,0,0,0,0,0,0,0,0,0
2.0,1.0,1.0,,Aggregate Position Limit,Your CRO has set the aggregate position limit to 10000 shares for this week.,86,2026-02-01 13:25:57.450807,SPNG,24.72,24.83,25.02,2458700.0,2236900.0,0,0,0,0,0,0,0,0,0,0,0,0
1.0,1.0,1.0,,Welcome to the RITC 2026 Alogithmic Market Making Case - practice server,,86,2026-02-01 13:25:57.450807,SMMR,25.66,25.66,25.93,2126400.0,1627700.0,0,0,0,0,0,0,0,0,0,0,0,0
,,,,,,86,2026-02-01 13:25:57.450807,ATMN,24.23,24.77,24.81,1516400.0,2011400.0,0,0,0,0,0,0,0,0,0,0,0,0
,,,,,,86,2026-02-01 13:25:57.450807,WNTR,24.78,24.71,24.78,2419000.0,2052000.0,0,0,0,0,0,0,0,0,0,0,0,0
2.0,1.0,1.0,,Aggregate Position Limit,Your CRO has set the aggregate position limit to 10000 shares for this week.,87,2026-02-01 13:25:58.471048,SPNG,25.02,24.51,25.02,2523700.0,2236900.0,0,0,0,0,0,0,0,0,0,0,0,0
1.0,1.0,1.0,,Welcome to the RITC 2026 Alogithmic Market Making Case - practice server,,87,2026-02-01 13:25:58.471048,SMMR,25.62,25.62,25.94,2177900.0,1515900.0,0,0,0,0,0,0,0,0,0,0,0,0
,,,,,,87,2026-02-01 13:25:58.471048,ATMN,24.77,24.23,24.65,1512600.0,2014800.0,0,0,0,0,0,0,0,0,0,0,0,0
,,,,,,87,2026-02-01 13:25:58.471048,WNTR,24.78,24.71,24.78,2419000.0,2295100.0,0,0,0,0,0,0,0,0,0,0,0,0
2.0,1.0,1.0,,Aggregate Position Limit,Your CRO has set the aggregate position limit to 10000 shares for this week.,88,2026-02-01 13:25:59.491130,SPNG,24.69,24.51,24.69,2490700.0,2255700.0,0,0,0,0,0,0,0,0,0,0,0,0
1.0,1.0,1.0,,Welcome to the RITC 2026 Alogithmic Market Making Case - practice server,,88,2026-02-01 13:25:59.491130,SMMR,25.62,25.62,25.94,2169000.0,1630700.0,0,0,0,0,0,0,0,0,0,0,0,0
,,,,,,88,2026-02-01 13:25:59.491130,ATMN,24.77,24.41,24.65,1847900.0,2014800.0,0,0,0,0,0,0,0,0,0,0,0,0
,,,,,,88,2026-02-01 13:25:59.491130,WNTR,24.63,24.63,24.78,2425100.0,2295100.0,0,0,0,0,0,0,0,0,0,0,0,0
2.0,1.0,1.0,,Aggregate Position Limit,Your CRO has set the aggregate position limit to 10000 shares for this week.,89,2026-02-01 13:26:00.522837,SPNG,24.93,24.51,24.89,2471800.0,2273200.0,0,0,0,0,0,0,0,0,0,0,0,0
1.0,1.0,1.0,,Welcome to the RITC 2026 Alogithmic Market Making Case - practice server,,89,2026-02-01 13:26:00.522837,SMMR,25.62,25.62,25.72,2162300.0,1820500.0,0,0,0,0,0,0,0,0,0,0,0,0
,,,,,,89,2026-02-01 13:26:00.522837,ATMN,24.41,24.41,24.53,1967900.0,2017100.0,0,0,0,0,0,0,0,0,0,0,0,0
,,,,,,89,2026-02-01 13:26:00.522837,WNTR,24.79,24.63,24.72,2457400.0,2292500.0,0,0,0,0,0,0,0,0,0,0,0,0
2.0,1.0,1.0,,Aggregate Position Limit,Your CRO has set the aggregate position limit to 10000 shares for this week.,90,2026-02-01 13:26:01.547140,SPNG,24.93,24.54,24.89,2471700.0,2273400.0,0,0,0,0,0,0,0,0,0,0,0,0
1.0,1.0,1.0,,Welcome to the RITC 2026 Alogithmic Market Making Case - practice server,,90,2026-02-01 13:26:01.547140,SMMR,25.95,25.62,25.93,2162300.0,1684000.0,0,0,0,0,0,0,0,0,0,0,0,0
,,,,,,90,2026-02-01 13:26:01.547140,ATMN,24.23,24.19,24.23,1867300.0,2053800.0,0,0,0,0,0,0,0,0,0,0,0,0
,,,,,,90,2026-02-01 13:26:01.547140,WNTR,24.63,24.63,24.72,2450000.0,2297400.0,0,0,0,0,0,0,0,0,0,0,0,0
2.0,1.0,1.0,,Aggregate Position Limit,Your CRO has set the aggregate position limit to 10000 shares for this week.,91,2026-02-01 13:26:02.590881,SPNG,24.51,24.41,24.89,2474200.0,2273400.0,0,0,0,0,0,0,0,0,0,0,0,0
1.0,1.0,1.0,,Welcome to the RITC 2026 Alogithmic Market Making Case - practice server,,91,2026-02-01 13:26:02.590881,SMMR,25.73,25.75,25.93,2202600.0,1684000.0,0,0,0,0,0,0,0,0,0,0,0,0
,,,,,,91,2026-02-01 13:26:02.590881,ATMN,24.67,24.54,24.67,1954500.0,2023500.0,0,0,0,0,0,0,0,0,0,0,0,0
,,,,,,91,2026-02-01 13:26:02.590881,WNTR,24.63,24.63,24.64,2485100.0,2297400.0,0,0,0,0,0,0,0,0,0,0,0,0
2.0,1.0,1.0,,Aggregate Position Limit,Your CRO has set the aggregate position limit to 10000 shares for this week.,92,2026-02-01 13:26:03.620737,SPNG,24.41,24.41,24.89,2474200.0,2273400.0,0,0,0,0,0,0,0,0,0,0,0,0
1.0,1.0,1.0,,Welcome to the RITC 2026 Alogithmic Market Making Case - practice server,,92,2026-02-01 13:26:03.620737,SMMR,25.75,25.75,25.79,2202600.0,1703900.0,0,0,0,0,0,0,0,0,0,0,0,0
,,,,,,92,2026-02-01 13:26:03.620737,ATMN,24.58,24.58,24.67,1891300.0,2024900.0,0,0,0,0,0,0,0,0,0,0,0,0
,,,,,,92,2026-02-01 13:26:03.620737,WNTR,24.64,24.68,24.72,2491000.0,2281500.0,0,0,0,0,0,0,0,0,0,0,0,0
2.0,1.0,1.0,,Aggregate Position Limit,Your CRO has set the aggregate position limit to 10000 shares for this week.,93,2026-02-01 13:26:04.641853,SPNG,24.73,24.41,24.69,2475900.0,2289000.0,0,0,0,0,0,0,0,0,0,0,0,0
1.0,1.0,1.0,,Welcome to the RITC 2026 Alogithmic Market Making Case - practice server,,93,2026-02-01 13:26:04.641853,SMMR,25.75,25.75,25.79,2184600.0,1904800.0,0,0,0,0,0,0,0,0,0,0,0,0
,,,,,,93,2026-02-01 13:26:04.641853,ATMN,24.53,24.53,24.67,2017500.0,2024900.0,0,0,0,0,0,0,0,0,0,0,0,0
,,,,,,93,2026-02-01 13:26:04.641853,WNTR,24.63,24.63,24.72,2469300.0,2264900.0,0,0,0,0,0,0,0,0,0,0,0,0
2.0,1.0,1.0,,Aggregate Position Limit,Your CRO has set the aggregate position limit to 10000 shares for this week.,94,2026-02-01 13:26:05.670655,SPNG,25.02,24.41,25.02,2439200.0,2248400.0,0,0,0,0,0,0,0,0,0,0,0,0
1.0,1.0,1.0,,Welcome to the RITC 2026 Alogithmic Market Making Case - practice server,,94,2026-02-01 13:26:05.670655,SMMR,25.69,25.69,25.79,2166900.0,1904800.0,0,0,0,0,0,0,0,0,0,0,0,0
,,,,,,94,2026-02-01 13:26:05.670655,ATMN,24.48,24.51,24.67,2130700.0,2026700.0,0,0,0,0,0,0,0,0,0,0,0,0
,,,,,,94,2026-02-01 13:26:05.670655,WNTR,24.63,24.63,24.72,2471900.0,2299000.0,0,0,0,0,0,0,0,0,0,0,0,0
2.0,1.0,1.0,,Aggregate Position Limit,Your CRO has set the aggregate position limit to 10000 shares for this week.,95,2026-02-01 13:26:06.699924,SPNG,24.39,24.4,24.57,2489300.0,2264200.0,0,0,0,0,0,0,0,0,0,0,0,0
1.0,1.0,1.0,,Welcome to the RITC 2026 Alogithmic Market Making Case - practice server,,95,2026-02-01 13:26:06.699924,SMMR,25.69,25.71,25.79,2130800.0,1997300.0,0,0,0,0,0,0,0,0,0,0,0,0
,,,,,,95,2026-02-01 13:26:06.699924,ATMN,24.81,24.48,24.81,2126100.0,2001800.0,0,0,0,0,0,0,0,0,0,0,0,0
,,,,,,95,2026-02-01 13:26:06.699924,WNTR,24.63,24.7,24.72,2472600.0,2305100.0,0,0,0,0,0,0,0,0,0,0,0,0
2.0,1.0,1.0,,Aggregate Position Limit,Your CRO has set the aggregate position limit to 10000 shares for this week.,96,2026-02-01 13:26:07.720784,SPNG,24.4,24.4,25.02,2443100.0,2248400.0,0,0,0,0,0,0,0,0,0,0,0,0
1.0,1.0,1.0,,Welcome to the RITC 2026 Alogithmic Market Making Case - practice server,,96,2026-02-01 13:26:07.720784,SMMR,25.66,25.66,25.79,2160500.0,1997300.0,0,0,0,0,0,0,0,0,0,0,0,0
,,,,,,96,2026-02-01 13:26:07.720784,ATMN,24.65,24.8,24.81,2181100.0,2001800.0,0,0,0,0,0,0,0,0,0,0,0,0
,,,,,,96,2026-02-01 13:26:07.720784,WNTR,24.62,24.62,24.72,2477800.0,2304100.0,0,0,0,0,0,0,0,0,0,0,0,0
2.0,1.0,1.0,,Aggregate Position Limit,Your CRO has set the aggregate position limit to 10000 shares for this week.,97,2026-02-01 13:26:08.760897,SPNG,24.4,24.76,25.02,2445800.0,2255600.0,0,0,0,0,0,0,0,0,0,0,0,0
1.0,1.0,1.0,,Welcome to the RITC 2026 Alogithmic Market Making Case - practice server,,97,2026-02-01 13:26:08.760897,SMMR,25.66,25.7,25.79,2120700.0,2022100.0,0,0,0,0,0,0,0,0,0,0,0,0
,,,,,,97,2026-02-01 13:26:08.760897,ATMN,24.43,24.59,24.81,2224400.0,2001800.0,0,0,0,0,0,0,0,0,0,0,0,0
,,,,,,97,2026-02-01 13:26:08.760897,WNTR,24.62,24.62,24.72,2452800.0,2355800.0,0,0,0,0,0,0,0,0,0,0,0,0
2.0,1.0,1.0,,Aggregate Position Limit,Your CRO has set the aggregate position limit to 10000 shares for this week.,98,2026-02-01 13:26:09.780991,SPNG,24.76,24.4,24.59,2443100.0,2197600.0,0,0,0,0,0,0,0,0,0,0,0,0
1.0,1.0,1.0,,Welcome to the RITC 2026 Alogithmic Market Making Case - practice server,,98,2026-02-01 13:26:09.780991,SMMR,25.85,25.85,25.91,2096100.0,1920700.0,0,0,0,0,0,0,0,0,0,0,0,0
,,,,,,98,2026-02-01 13:26:09.780991,ATMN,24.16,24.78,24.81,2198700.0,2001800.0,0,0,0,0,0,0,0,0,0,0,0,0
,,,,,,98,2026-02-01 13:26:09.780991,WNTR,24.6,24.6,24.72,2410700.0,2355800.0,0,0,0,0,0,0,0,0,0,0,0,0
2.0,1.0,1.0,,Aggregate Position Limit,Your CRO has set the aggregate position limit to 10000 shares for this week.,99,2026-02-01 13:26:10.810688,SPNG,24.76,24.4,24.59,2437300.0,2197600.0,0,0,0,0,0,0,0,0,0,0,0,0
1.0,1.0,1.0,,Welcome to the RITC 2026 Alogithmic Market Making Case - practice server,,99,2026-02-01 13:26:10.810688,SMMR,25.85,25.85,25.91,2055300.0,2032700.0,0,0,0,0,0,0,0,0,0,0,0,0
,,,,,,99,2026-02-01 13:26:10.810688,ATMN,24.55,24.55,24.79,2081400.0,2007100.0,0,0,0,0,0,0,0,0,0,0,0,0
,,,,,,99,2026-02-01 13:26:10.810688,WNTR,24.6,24.6,24.72,2435400.0,2337000.0,0,0,0,0,0,0,0,0,0,0,0,0
2.0,1.0,1.0,,Aggregate Position Limit,Your CRO has set the aggregate position limit to 10000 shares for this week.,100,2026-02-01 13:26:11.850604,SPNG,24.59,24.63,24.84,2456600.0,2229100.0,0,0,0,0,0,0,0,0,0,0,0,0
1.0,1.0,1.0,,Welcome to the RITC 2026 Alogithmic Market Making Case - practice server,,100,2026-02-01 13:26:11.850604,SMMR,25.79,25.79,25.91,2098400.0,2082600.0,0,0,0,0,0,0,0,0,0,0,0,0
,,,,,,100,2026-02-01 13:26:11.850604,ATMN,24.79,24.53,24.79,2179500.0,2007100.0,0,0,0,0,0,0,0,0,0,0,0,0
,,,,,,100,2026-02-01 13:26:11.850604,WNTR,24.7,24.6,24.7,2435400.0,2344600.0,0,0,0,0,0,0,0,0,0,0,0,0
2.0,1.0,1.0,,Aggregate Position Limit,Your CRO has set the aggregate position limit to 10000 shares for this week.,101,2026-02-01 13:26:12.876098,SPNG,24.84,24.63,24.84,2426200.0,2211100.0,0,0,0,0,0,0,0,0,0,0,0,0
1.0,1.0,1.0,,Welcome to the RITC 2026 Alogithmic Market Making Case - practice server,,101,2026-02-01 13:26:12.876098,SMMR,25.79,25.79,25.81,2072400.0,2054800.0,0,0,0,0,0,0,0,0,0,0,0,0
,,,,,,101,2026-02-01 13:26:12.876098,ATMN,24.73,24.53,24.73,2151300.0,2019700.0,0,0,0,0,0,0,0,0,0,0,0,0
,,,,,,101,2026-02-01 13:26:12.876098,WNTR,24.57,24.57,24.72,2403000.0,2334400.0,0,0,0,0,0,0,0,0,0,0,0,0
2.0,1.0,1.0,,Aggregate Position Limit,Your CRO has set the aggregate position limit to 10000 shares for this week.,102,2026-02-01 13:26:13.900567,SPNG,24.94,24.75,24.94,2439100.0,2209700.0,0,0,0,0,0,0,0,0,0,0,0,0
1.0,1.0,1.0,,Welcome to the RITC 2026 Alogithmic Market Making Case - practice server,,102,2026-02-01 13:26:13.900567,SMMR,25.91,25.82,25.91,2058600.0,2068900.0,0,0,0,0,0,0,0,0,0,0,0,0
,,,,,,102,2026-02-01 13:26:13.900567,ATMN,24.69,24.69,24.73,2159200.0,2019700.0,0,0,0,0,0,0,0,0,0,0,0,0
,,,,,,102,2026-02-01 13:26:13.900567,WNTR,24.74,24.57,24.74,2390900.0,2379400.0,0,0,0,0,0,0,0,0,0,0,0,0
2.0,1.0,1.0,,Aggregate Position Limit,Your CRO has set the aggregate position limit to 10000 shares for this week.,103,2026-02-01 13:26:14.930845,SPNG,24.58,24.58,24.94,2431700.0,2258800.0,0,0,0,0,0,0,0,0,0,0,0,0
1.0,1.0,1.0,,Welcome to the RITC 2026 Alogithmic Market Making Case - practice server,,103,2026-02-01 13:26:14.930845,SMMR,25.91,25.73,25.91,2105800.0,2068900.0,0,0,0,0,0,0,0,0,0,0,0,0
,,,,,,103,2026-02-01 13:26:14.930845,ATMN,24.79,24.46,24.79,2127100.0,2007100.0,0,0,0,0,0,0,0,0,0,0,0,0
,,,,,,103,2026-02-01 13:26:14.930845,WNTR,24.63,24.63,24.68,2398000.0,2352300.0,0,0,0,0,0,0,0,0,0,0,0,0
2.0,1.0,1.0,,Aggregate Position Limit,Your CRO has set the aggregate position limit to 10000 shares for this week.,104,2026-02-01 13:26:15.950956,SPNG,24.38,24.38,24.89,2410400.0,2261500.0,0,0,0,0,0,0,0,0,0,0,0,0
1.0,1.0,1.0,,Welcome to the RITC 2026 Alogithmic Market Making Case - practice server,,104,2026-02-01 13:26:15.950956,SMMR,25.91,25.73,25.91,2105800.0,2070200.0,0,0,0,0,0,0,0,0,0,0,0,0
,,,,,,104,2026-02-01 13:26:15.950956,ATMN,24.44,24.66,24.79,2159500.0,2007100.0,0,0,0,0,0,0,0,0,0,0,0,0
,,,,,,104,2026-02-01 13:26:15.950956,WNTR,24.56,24.56,24.66,2382400.0,2309200.0,0,0,0,0,0,0,0,0,0,0,0,0
2.0,1.0,1.0,,Aggregate Position Limit,Your CRO has set the aggregate position limit to 10000 shares for this week.,105,2026-02-01 13:26:16.980664,SPNG,24.38,24.83,24.89,2402000.0,2245100.0,0,0,0,0,0,0,0,0,0,0,0,0
1.0,1.0,1.0,,Welcome to the RITC 2026 Alogithmic Market Making Case - practice server,,105,2026-02-01 13:26:16.980664,SMMR,25.78,25.88,25.91,2077000.0,2070200.0,0,0,0,0,0,0,0,0,0,0,0,0
,,,,,,105,2026-02-01 13:26:16.980664,ATMN,24.83,24.66,24.68,2159500.0,1988500.0,0,0,0,0,0,0,0,0,0,0,0,0
,,,,,,105,2026-02-01 13:26:16.980664,WNTR,24.56,24.56,24.66,2389800.0,2309200.0,0,0,0,0,0,0,0,0,0,0,0,0
2.0,1.0,1.0,,Aggregate Position Limit,Your CRO has set the aggregate position limit to 10000 shares for this week.,106,2026-02-01 13:26:18.010840,SPNG,24.83,24.38,24.66,2427300.0,2292200.0,0,0,0,0,0,0,0,0,0,0,0,0
1.0,1.0,1.0,,Welcome to the RITC 2026 Alogithmic Market Making Case - practice server,,106,2026-02-01 13:26:18.010840,SMMR,25.73,25.73,25.91,2082400.0,2071000.0,0,0,0,0,0,0,0,0,0,0,0,0
,,,,,,106,2026-02-01 13:26:18.010840,ATMN,24.44,24.44,24.68,2165500.0,1988500.0,0,0,0,0,0,0,0,0,0,0,0,0
,,,,,,106,2026-02-01 13:26:18.010840,WNTR,24.58,24.56,24.58,2389800.0,2336900.0,0,0,0,0,0,0,0,0,0,0,0,0
2.0,1.0,1.0,,Aggregate Position Limit,Your CRO has set the aggregate position limit to 10000 shares for this week.,107,2026-02-01 13:26:19.040801,SPNG,24.89,24.38,24.89,2395700.0,2245100.0,0,0,0,0,0,0,0,0,0,0,0,0
1.0,1.0,1.0,,Welcome to the RITC 2026 Alogithmic Market Making Case - practice server,,107,2026-02-01 13:26:19.040801,SMMR,25.91,25.91,25.95,2041100.0,2049100.0,0,0,0,0,0,0,0,0,0,0,0,0
,,,,,,107,2026-02-01 13:26:19.040801,ATMN,24.44,24.48,24.68,2216700.0,1988500.0,0,0,0,0,0,0,0,0,0,0,0,0
,,,,,,107,2026-02-01 13:26:19.040801,WNTR,24.61,24.56,24.61,2416300.0,2303400.0,0,0,0,0,0,0,0,0,0,0,0,0
2.0,1.0,1.0,,Aggregate Position Limit,Your CRO has set the aggregate position limit to 10000 shares for this week.,108,2026-02-01 13:26:20.080465,SPNG,24.37,24.37,24.89,2391900.0,2245100.0,0,0,0,0,0,0,0,0,0,0,0,0
1.0,1.0,1.0,,Welcome to the RITC 2026 Alogithmic Market Making Case - practice server,,108,2026-02-01 13:26:20.080465,SMMR,25.78,25.78,25.8,2033600.0,2043500.0,0,0,0,0,0,0,0,0,0,0,0,0
,,,,,,108,2026-02-01 13:26:20.080465,ATMN,24.66,24.48,24.65,2216700.0,1989100.0,0,0,0,0,0,0,0,0,0,0,0,0
,,,,,,108,2026-02-01 13:26:20.080465,WNTR,24.66,24.56,24.66,2416300.0,2304900.0,0,0,0,0,0,0,0,0,0,0,0,0
2.0,1.0,1.0,,Aggregate Position Limit,Your CRO has set the aggregate position limit to 10000 shares for this week.,109,2026-02-01 13:26:21.129451,SPNG,25.0,24.37,24.68,2373900.0,2227500.0,0,0,0,0,0,0,0,0,0,0,0,0
1.0,1.0,1.0,,Welcome to the RITC 2026 Alogithmic Market Making Case - practice server,,109,2026-02-01 13:26:21.129451,SMMR,25.72,25.72,25.8,2103500.0,2043500.0,0,0,0,0,0,0,0,0,0,0,0,0
,,,,,,109,2026-02-01 13:26:21.129451,ATMN,24.44,24.5,24.65,2215900.0,1989100.0,0,0,0,0,0,0,0,0,0,0,0,0
,,,,,,109,2026-02-01 13:26:21.129451,WNTR,24.54,24.54,24.66,2421000.0,2325400.0,0,0,0,0,0,0,0,0,0,0,0,0
2.0,1.0,1.0,,Aggregate Position Limit,Your CRO has set the aggregate position limit to 10000 shares for this week.,110,2026-02-01 13:26:22.160391,SPNG,24.68,24.86,24.96,2399500.0,2238200.0,0,0,0,0,0,0,0,0,0,0,0,0
1.0,1.0,1.0,,Welcome to the RITC 2026 Alogithmic Market Making Case - practice server,,110,2026-02-01 13:26:22.160391,SMMR,25.72,25.72,25.8,2102200.0,2033400.0,0,0,0,0,0,0,0,0,0,0,0,0
,,,,,,110,2026-02-01 13:26:22.160391,ATMN,24.83,24.5,24.83,2213200.0,2012200.0,0,0,0,0,0,0,0,0,0,0,0,0
,,,,,,110,2026-02-01 13:26:22.160391,WNTR,24.73,24.54,24.73,2448600.0,2366900.0,0,0,0,0,0,0,0,0,0,0,0,0
2.0,1.0,1.0,,Aggregate Position Limit,Your CRO has set the aggregate position limit to 10000 shares for this week.,111,2026-02-01 13:26:23.220242,SPNG,24.43,24.37,24.43,2412700.0,2282500.0,0,0,0,0,0,0,0,0,0,0,0,0
1.0,1.0,1.0,,Welcome to the RITC 2026 Alogithmic Market Making Case - practice server,,111,2026-02-01 13:26:23.220242,SMMR,25.72,25.7,25.71,2111700.0,2050600.0,0,0,0,0,0,0,0,0,0,0,0,0
,,,,,,111,2026-02-01 13:26:23.220242,ATMN,24.6,24.73,24.83,2221000.0,2012200.0,0,0,0,0,0,0,0,0,0,0,0,0
,,,,,,111,2026-02-01 13:26:23.220242,WNTR,24.73,24.54,24.57,2448600.0,2367500.0,0,0,0,0,0,0,0,0,0,0,0,0
2.0,1.0,1.0,,Aggregate Position Limit,Your CRO has set the aggregate position limit to 10000 shares for this week.,112,2026-02-01 13:26:24.249903,SPNG,25.02,24.42,25.02,2415000.0,2238800.0,0,0,0,0,0,0,0,0,0,0,0,0
1.0,1.0,1.0,,Welcome to the RITC 2026 Alogithmic Market Making Case - practice server,,112,2026-02-01 13:26:24.249903,SMMR,25.8,25.7,25.8,2091500.0,2044700.0,0,0,0,0,0,0,0,0,0,0,0,0
,,,,,,112,2026-02-01 13:26:24.249903,ATMN,24.42,24.42,24.83,2206200.0,2012200.0,0,0,0,0,0,0,0,0,0,0,0,0
,,,,,,112,2026-02-01 13:26:24.249903,WNTR,24.51,24.51,24.66,2381000.0,2378600.0,0,0,0,0,0,0,0,0,0,0,0,0
2.0,1.0,1.0,,Aggregate Position Limit,Your CRO has set the aggregate position limit to 10000 shares for this week.,113,2026-02-01 13:26:25.275029,SPNG,24.65,25.01,25.02,2438900.0,2238800.0,0,0,0,0,0,0,0,0,0,0,0,0
1.0,1.0,1.0,,Welcome to the RITC 2026 Alogithmic Market Making Case - practice server,,113,2026-02-01 13:26:25.275029,SMMR,25.85,25.87,25.95,2109600.0,2058000.0,0,0,0,0,0,0,0,0,0,0,0,0
,,,,,,113,2026-02-01 13:26:25.275029,ATMN,24.41,24.44,24.83,2202700.0,2023400.0,0,0,0,0,0,0,0,0,0,0,0,0
,,,,,,113,2026-02-01 13:26:25.275029,WNTR,24.51,24.65,24.66,2381100.0,2378600.0,0,0,0,0,0,0,0,0,0,0,0,0
2.0,1.0,1.0,,Aggregate Position Limit,Your CRO has set the aggregate position limit to 10000 shares for this week.,114,2026-02-01 13:26:26.313263,SPNG,25.02,24.42,24.43,2405200.0,2231500.0,0,0,0,0,0,0,0,0,0,0,0,0
1.0,1.0,1.0,,Welcome to the RITC 2026 Alogithmic Market Making Case - practice server,,114,2026-02-01 13:26:26.313263,SMMR,25.95,25.87,25.95,2109600.0,2058000.0,0,0,0,0,0,0,0,0,0,0,0,0
,,,,,,114,2026-02-01 13:26:26.313263,ATMN,24.41,24.48,24.81,2188000.0,2041800.0,0,0,0,0,0,0,0,0,0,0,0,0
,,,,,,114,2026-02-01 13:26:26.313263,WNTR,24.51,24.65,24.66,2417500.0,2361700.0,0,0,0,0,0,0,0,0,0,0,0,0
2.0,1.0,1.0,,Aggregate Position Limit,Your CRO has set the aggregate position limit to 10000 shares for this week.,115,2026-02-01 13:26:27.352253,SPNG,24.37,24.37,25.02,2386800.0,2238800.0,0,0,0,0,0,0,0,0,0,0,0,0
1.0,1.0,1.0,,Welcome to the RITC 2026 Alogithmic Market Making Case - practice server,,115,2026-02-01 13:26:27.352253,SMMR,25.84,25.84,25.88,2107900.0,2055900.0,0,0,0,0,0,0,0,0,0,0,0,0
,,,,,,115,2026-02-01 13:26:27.352253,ATMN,24.44,24.44,24.83,2202700.0,2000300.0,0,0,0,0,0,0,0,0,0,0,0,0
,,,,,,115,2026-02-01 13:26:27.352253,WNTR,24.66,24.69,24.73,2383600.0,2361300.0,0,0,0,0,0,0,0,0,0,0,0,0
2.0,1.0,1.0,,Aggregate Position Limit,Your CRO has set the aggregate position limit to 10000 shares for this week.,116,2026-02-01 13:26:28.369993,SPNG,24.34,24.8,25.02,2386000.0,2238800.0,0,0,0,0,0,0,0,0,0,0,0,0
1.0,1.0,1.0,,Welcome to the RITC 2026 Alogithmic Market Making Case - practice server,,116,2026-02-01 13:26:28.369993,SMMR,25.69,25.69,25.88,2109200.0,2055900.0,0,0,0,0,0,0,0,0,0,0,0,0
,,,,,,116,2026-02-01 13:26:28.369993,ATMN,24.46,24.56,24.83,2192600.0,2000300.0,0,0,0,0,0,0,0,0,0,0,0,0
,,,,,,116,2026-02-01 13:26:28.369993,WNTR,24.6,24.61,24.73,2388700.0,2361300.0,0,0,0,0,0,0,0,0,0,0,0,0
2.0,1.0,1.0,,Aggregate Position Limit,Your CRO has set the aggregate position limit to 10000 shares for this week.,117,2026-02-01 13:26:29.399929,SPNG,24.86,24.34,24.84,2379900.0,2265800.0,0,0,0,0,0,0,0,0,0,0,0,0
1.0,1.0,1.0,,Welcome to the RITC 2026 Alogithmic Market Making Case - practice server,,117,2026-02-01 13:26:29.399929,SMMR,25.95,25.81,25.95,2106500.0,2071400.0,0,0,0,0,0,0,0,0,0,0,0,0
,,,,,,117,2026-02-01 13:26:29.399929,ATMN,24.46,24.56,24.72,2192600.0,1998500.0,0,0,0,0,0,0,0,0,0,0,0,0
,,,,,,117,2026-02-01 13:26:29.399929,WNTR,24.6,24.6,24.73,2418200.0,2361300.0,0,0,0,0,0,0,0,0,0,0,0,0
2.0,1.0,1.0,,Aggregate Position Limit,Your CRO has set the aggregate position limit to 10000 shares for this week.,118,2026-02-01 13:26:30.430259,SPNG,24.31,24.31,24.84,2414400.0,2265800.0,0,0,0,0,0,0,0,0,0,0,0,0
1.0,1.0,1.0,,Welcome to the RITC 2026 Alogithmic Market Making Case - practice server,,118,2026-02-01 13:26:30.430259,SMMR,25.81,25.72,25.77,2102200.0,2077500.0,0,0,0,0,0,0,0,0,0,0,0,0
,,,,,,118,2026-02-01 13:26:30.430259,ATMN,24.41,24.41,24.75,2215900.0,1993000.0,0,0,0,0,0,0,0,0,0,0,0,0
,,,,,,118,2026-02-01 13:26:30.430259,WNTR,24.6,24.6,24.72,2418200.0,2382100.0,0,0,0,0,0,0,0,0,0,0,0,0
2.0,1.0,1.0,,Aggregate Position Limit,Your CRO has set the aggregate position limit to 10000 shares for this week.,119,2026-02-01 13:26:31.450082,SPNG,24.81,24.31,24.55,2414400.0,2260700.0,0,0,0,0,0,0,0,0,0,0,0,0
1.0,1.0,1.0,,Welcome to the RITC 2026 Alogithmic Market Making Case - practice server,,119,2026-02-01 13:26:31.450082,SMMR,25.96,25.72,25.81,2102200.0,2028000.0,0,0,0,0,0,0,0,0,0,0,0,0
,,,,,,119,2026-02-01 13:26:31.450082,ATMN,24.78,24.56,24.72,2206800.0,1997100.0,0,0,0,0,0,0,0,0,0,0,0,0
,,,,,,119,2026-02-01 13:26:31.450082,WNTR,24.59,24.59,24.72,2421000.0,2382100.0,0,0,0,0,0,0,0,0,0,0,0,0
2.0,1.0,1.0,,Aggregate Position Limit,Your CRO has set the aggregate position limit to 10000 shares for this week.,120,2026-02-01 13:26:32.479930,SPNG,23.56,23.52,23.56,1033600.0,1051100.0,0,0,0,0,0,0,0,0,0,0,0,0
1.0,1.0,1.0,,Welcome to the RITC 2026 Alogithmic Market Making Case - practice server,,120,2026-02-01 13:26:32.479930,SMMR,26.44,26.4,26.44,888400.0,731000.0,0,0,0,0,0,0,0,0,0,0,0,0
,,,,,,120,2026-02-01 13:26:32.479930,ATMN,24.78,22.91,23.25,974100.0,984700.0,0,0,0,0,0,0,0,0,0,0,0,0
,,,,,,120,2026-02-01 13:26:32.479930,WNTR,23.89,23.89,23.93,915900.0,974000.0,0,0,0,0,0,0,0,0,0,0,0,0
2.0,1.0,1.0,,Aggregate Position Limit,Your CRO has set the aggregate position limit to 10000 shares for this week.,121,2026-02-01 13:26:33.500003,SPNG,23.31,23.31,23.56,1261200.0,1151300.0,0,0,0,0,0,0,0,0,0,0,0,0
1.0,1.0,1.0,,Welcome to the RITC 2026 Alogithmic Market Making Case - practice server,,121,2026-02-01 13:26:33.500003,SMMR,26.93,26.7,26.93,1001200.0,745200.0,0,0,0,0,0,0,0,0,0,0,0,0
,,,,,,121,2026-02-01 13:26:33.500003,ATMN,22.91,22.91,23.17,1010000.0,1307500.0,0,0,0,0,0,0,0,0,0,0,0,0
,,,,,,121,2026-02-01 13:26:33.500003,WNTR,23.73,23.73,23.93,978500.0,1190200.0,0,0,0,0,0,0,0,0,0,0,0,0
2.0,1.0,1.0,,Aggregate Position Limit,Your CRO has set the aggregate position limit to 10000 shares for this week.,122,2026-02-01 13:26:34.540013,SPNG,23.58,23.31,23.58,1261200.0,1254200.0,0,0,0,0,0,0,0,0,0,0,0,0
1.0,1.0,1.0,,Welcome to the RITC 2026 Alogithmic Market Making Case - practice server,,122,2026-02-01 13:26:34.540013,SMMR,26.93,27.01,27.08,1200000.0,775500.0,0,0,0,0,0,0,0,0,0,0,0,0
,,,,,,122,2026-02-01 13:26:34.540013,ATMN,22.91,22.91,23.01,1010000.0,1797700.0,0,0,0,0,0,0,0,0,0,0,0,0
,,,,,,122,2026-02-01 13:26:34.540013,WNTR,23.73,22.78,23.57,1146000.0,1424700.0,0,0,0,0,0,0,0,0,0,0,0,0
2.0,1.0,1.0,,Aggregate Position Limit,Your CRO has set the aggregate position limit to 10000 shares for this week.,123,2026-02-01 13:26:35.569780,SPNG,23.58,23.55,23.58,1380200.0,1620400.0,0,0,0,0,0,0,0,0,0,0,0,0
1.0,1.0,1.0,,Welcome to the RITC 2026 Alogithmic Market Making Case - practice server,,123,2026-02-01 13:26:35.569780,SMMR,27.01,26.79,26.93,1212500.0,971800.0,0,0,0,0,0,0,0,0,0,0,0,0
,,,,,,123,2026-02-01 13:26:35.569780,ATMN,22.91,22.71,22.74,1042900.0,2005900.0,0,0,0,0,0,0,0,0,0,0,0,0
,,,,,,123,2026-02-01 13:26:35.569780,WNTR,23.93,23.45,23.93,1389800.0,1297900.0,0,0,0,0,0,0,0,0,0,0,0,0
2.0,1.0,1.0,,Aggregate Position Limit,Your CRO has set the aggregate position limit to 10000 shares for this week.,124,2026-02-01 13:26:36.599733,SPNG,23.31,23.31,23.58,1261200.0,1953700.0,0,0,0,0,0,0,0,0,0,0,0,0
1.0,1.0,1.0,,Welcome to the RITC 2026 Alogithmic Market Making Case - practice server,,124,2026-02-01 13:26:36.599733,SMMR,26.84,26.91,26.93,1305600.0,1062800.0,0,0,0,0,0,0,0,0,0,0,0,0
,,,,,,124,2026-02-01 13:26:36.599733,ATMN,22.95,22.93,22.95,1146400.0,1888400.0,0,0,0,0,0,0,0,0,0,0,0,0
,,,,,,124,2026-02-01 13:26:36.599733,WNTR,23.57,23.76,23.93,1656300.0,1297900.0,0,0,0,0,0,0,0,0,0,0,0,0
2.0,1.0,1.0,,Aggregate Position Limit,Your CRO has set the aggregate position limit to 10000 shares for this week.,125,2026-02-01 13:26:37.629849,SPNG,23.32,23.32,23.69,1409600.0,1809800.0,0,0,0,0,0,0,0,0,0,0,0,0
1.0,1.0,1.0,,Welcome to the RITC 2026 Alogithmic Market Making Case - practice server,,125,2026-02-01 13:26:37.629849,SMMR,26.95,26.79,26.95,1212500.0,973700.0,0,0,0,0,0,0,0,0,0,0,0,0
,,,,,,125,2026-02-01 13:26:37.629849,ATMN,22.93,22.93,22.99,1146400.0,1982300.0,0,0,0,0,0,0,0,0,0,0,0,0
,,,,,,125,2026-02-01 13:26:37.629849,WNTR,23.45,23.86,23.92,1502200.0,1418600.0,0,0,0,0,0,0,0,0,0,0,0,0
2.0,1.0,1.0,,Aggregate Position Limit,Your CRO has set the aggregate position limit to 10000 shares for this week.,126,2026-02-01 13:26:38.663662,SPNG,23.31,23.25,23.31,1266900.0,1952500.0,0,0,0,0,0,0,0,0,0,0,0,0
1.0,1.0,1.0,,Welcome to the RITC 2026 Alogithmic Market Making Case - practice server,,126,2026-02-01 13:26:38.663662,SMMR,27.01,26.57,26.71,1111000.0,988800.0,0,0,0,0,0,0,0,0,0,0,0,0
,,,,,,126,2026-02-01 13:26:38.663662,ATMN,22.71,22.71,22.74,1042900.0,2125100.0,0,0,0,0,0,0,0,0,0,0,0,0
,,,,,,126,2026-02-01 13:26:38.663662,WNTR,23.86,23.74,23.84,1677600.0,1536300.0,0,0,0,0,0,0,0,0,0,0,0,0
2.0,1.0,1.0,,Aggregate Position Limit,Your CRO has set the aggregate position limit to 10000 shares for this week.,128,2026-02-01 13:26:39.694288,SPNG,23.31,23.63,23.69,1388700.0,2153100.0,0,0,0,0,0,0,0,0,0,0,0,0
1.0,1.0,1.0,,Welcome to the RITC 2026 Alogithmic Market Making Case - practice server,,128,2026-02-01 13:26:39.694288,SMMR,27.08,26.57,26.65,1111000.0,879700.0,0,0,0,0,0,0,0,0,0,0,0,0
,,,,,,128,2026-02-01 13:26:39.694288,ATMN,22.99,23.02,23.07,1284100.0,2120300.0,0,0,0,0,0,0,0,0,0,0,0,0
,,,,,,128,2026-02-01 13:26:39.694288,WNTR,23.74,23.54,23.68,1677500.0,1763900.0,0,0,0,0,0,0,0,0,0,0,0,0
2.0,1.0,1.0,,Aggregate Position Limit,Your CRO has set the aggregate position limit to 10000 shares for this week.,129,2026-02-01 13:26:40.709800,SPNG,23.63,23.25,23.55,1384100.0,2304800.0,0,0,0,0,0,0,0,0,0,0,0,0
1.0,1.0,1.0,,Welcome to the RITC 2026 Alogithmic Market Making Case - practice server,,129,2026-02-01 13:26:40.709800,SMMR,26.65,26.57,26.65,1307500.0,879700.0,0,0,0,0,0,0,0,0,0,0,0,0
,,,,,,129,2026-02-01 13:26:40.709800,ATMN,23.07,23.07,23.11,1139900.0,2109700.0,0,0,0,0,0,0,0,0,0,0,0,0
,,,,,,129,2026-02-01 13:26:40.709800,WNTR,23.54,23.54,23.68,1811200.0,1763900.0,0,0,0,0,0,0,0,0,0,0,0,0
2.0,1.0,1.0,,Aggregate Position Limit,Your CRO has set the aggregate position limit to 10000 shares for this week.,130,2026-02-01 13:26:41.729506,SPNG,23.69,23.25,23.69,1647200.0,2283100.0,0,0,0,0,0,0,0,0,0,0,0,0
1.0,1.0,1.0,,Welcome to the RITC 2026 Alogithmic Market Making Case - practice server,,130,2026-02-01 13:26:41.729506,SMMR,26.65,26.83,27.01,1612100.0,857700.0,0,0,0,0,0,0,0,0,0,0,0,0
,,,,,,130,2026-02-01 13:26:41.729506,ATMN,23.07,22.71,22.93,1138600.0,2143700.0,0,0,0,0,0,0,0,0,0,0,0,0
,,,,,,130,2026-02-01 13:26:41.729506,WNTR,23.93,23.54,23.93,1957100.0,1405000.0,0,0,0,0,0,0,0,0,0,0,0,0
2.0,1.0,1.0,,Aggregate Position Limit,Your CRO has set the aggregate position limit to 10000 shares for this week.,131,2026-02-01 13:26:42.739947,SPNG,23.6,23.6,23.65,1650800.0,2303400.0,0,0,0,0,0,0,0,0,0,0,0,0
1.0,1.0,1.0,,Welcome to the RITC 2026 Alogithmic Market Making Case - practice server,,131,2026-02-01 13:26:42.739947,SMMR,26.89,26.83,26.89,1724900.0,975000.0,0,0,0,0,0,0,0,0,0,0,0,0
,,,,,,131,2026-02-01 13:26:42.739947,ATMN,23.11,22.71,23.11,1243500.0,2151500.0,0,0,0,0,0,0,0,0,0,0,0,0
,,,,,,131,2026-02-01 13:26:42.739947,WNTR,24.0,23.54,23.56,1957100.0,1449000.0,0,0,0,0,0,0,0,0,0,0,0,0
2.0,1.0,1.0,,Aggregate Position Limit,Your CRO has set the aggregate position limit to 10000 shares for this week.,132,2026-02-01 13:26:43.772858,SPNG,23.6,23.22,23.46,1524200.0,2360400.0,0,0,0,0,0,0,0,0,0,0,0,0
1.0,1.0,1.0,,Welcome to the RITC 2026 Alogithmic Market Making Case - practice server,,132,2026-02-01 13:26:43.772858,SMMR,26.89,26.83,26.89,2040500.0,975000.0,0,0,0,0,0,0,0,0,0,0,0,0
,,,,,,132,2026-02-01 13:26:43.772858,ATMN,22.72,22.8,23.11,1486600.0,2167900.0,0,0,0,0,0,0,0,0,0,0,0,0
,,,,,,132,2026-02-01 13:26:43.772858,WNTR,23.56,23.54,23.56,2300700.0,1449000.0,0,0,0,0,0,0,0,0,0,0,0,0
2.0,1.0,1.0,,Aggregate Position Limit,Your CRO has set the aggregate position limit to 10000 shares for this week.,133,2026-02-01 13:26:44.802956,SPNG,23.6,23.44,23.46,1912200.0,2360400.0,0,0,0,0,0,0,0,0,0,0,0,0
1.0,1.0,1.0,,Welcome to the RITC 2026 Alogithmic Market Making Case - practice server,,133,2026-02-01 13:26:44.802956,SMMR,26.89,26.83,26.89,2119800.0,975000.0,0,0,0,0,0,0,0,0,0,0,0,0
,,,,,,133,2026-02-01 13:26:44.802956,ATMN,22.79,22.81,23.11,1453500.0,2167900.0,0,0,0,0,0,0,0,0,0,0,0,0
,,,,,,133,2026-02-01 13:26:44.802956,WNTR,23.56,23.89,24.0,2549300.0,1406400.0,0,0,0,0,0,0,0,0,0,0,0,0
2.0,1.0,1.0,,Aggregate Position Limit,Your CRO has set the aggregate position limit to 10000 shares for this week.,134,2026-02-01 13:26:45.832792,SPNG,23.44,23.44,23.46,2051500.0,2374300.0,0,0,0,0,0,0,0,0,0,0,0,0
1.0,1.0,1.0,,Welcome to the RITC 2026 Alogithmic Market Making Case - practice server,,134,2026-02-01 13:26:45.832792,SMMR,26.89,26.83,26.89,2063300.0,975000.0,0,0,0,0,0,0,0,0,0,0,0,0
,,,,,,134,2026-02-01 13:26:45.832792,ATMN,22.69,22.69,22.89,1239800.0,2157800.0,0,0,0,0,0,0,0,0,0,0,0,0
,,,,,,134,2026-02-01 13:26:45.832792,WNTR,23.56,23.89,24.0,2549300.0,1740300.0,0,0,0,0,0,0,0,0,0,0,0,0
2.0,1.0,1.0,,Aggregate Position Limit,Your CRO has set the aggregate position limit to 10000 shares for this week.,135,2026-02-01 13:26:46.860053,SPNG,23.65,23.44,23.65,2165400.0,2324200.0,0,0,0,0,0,0,0,0,0,0,0,0
1.0,1.0,1.0,,Welcome to the RITC 2026 Alogithmic Market Making Case - practice server,,135,2026-02-01 13:26:46.860053,SMMR,27.01,26.83,26.85,2092400.0,941900.0,0,0,0,0,0,0,0,0,0,0,0,0
,,,,,,135,2026-02-01 13:26:46.860053,ATMN,22.6,22.69,22.89,1250000.0,2180200.0,0,0,0,0,0,0,0,0,0,0,0,0
,,,,,,135,2026-02-01 13:26:46.860053,WNTR,24.0,24.01,24.05,2560200.0,1749000.0,0,0,0,0,0,0,0,0,0,0,0,0
2.0,1.0,1.0,,Aggregate Position Limit,Your CRO has set the aggregate position limit to 10000 shares for this week.,136,2026-02-01 13:26:47.879883,SPNG,23.22,23.22,23.83,1925100.0,2324700.0,0,0,0,0,0,0,0,0,0,0,0,0
1.0,1.0,1.0,,Welcome to the RITC 2026 Alogithmic Market Making Case - practice server,,136,2026-02-01 13:26:47.879883,SMMR,26.85,26.82,26.85,2102000.0,941900.0,0,0,0,0,0,0,0,0,0,0,0,0
,,,,,,136,2026-02-01 13:26:47.879883,ATMN,22.6,22.8,22.89,1375800.0,2225700.0,0,0,0,0,0,0,0,0,0,0,0,0
,,,,,,136,2026-02-01 13:26:47.879883,WNTR,24.05,23.93,24.05,2565000.0,1749000.0,0,0,0,0,0,0,0,0,0,0,0,0
2.0,1.0,1.0,,Aggregate Position Limit,Your CRO has set the aggregate position limit to 10000 shares for this week.,137,2026-02-01 13:26:48.909854,SPNG,23.22,23.22,23.83,2340500.0,2324700.0,0,0,0,0,0,0,0,0,0,0,0,0
1.0,1.0,1.0,,Welcome to the RITC 2026 Alogithmic Market Making Case - practice server,,137,2026-02-01 13:26:48.909854,SMMR,26.99,26.82,26.95,2105600.0,953500.0,0,0,0,0,0,0,0,0,0,0,0,0
,,,,,,137,2026-02-01 13:26:48.909854,ATMN,22.69,22.84,22.89,1587800.0,2225700.0,0,0,0,0,0,0,0,0,0,0,0,0
,,,,,,137,2026-02-01 13:26:48.909854,WNTR,23.93,23.54,23.93,2450300.0,2139000.0,0,0,0,0,0,0,0,0,0,0,0,0
2.0,1.0,1.0,,Aggregate Position Limit,Your CRO has set the aggregate position limit to 10000 shares for this week.,138,2026-02-01 13:26:49.959260,SPNG,23.17,23.54,23.6,2317200.0,2311200.0,0,0,0,0,0,0,0,0,0,0,0,0
1.0,1.0,1.0,,Welcome to the RITC 2026 Alogithmic Market Making Case - practice server,,138,2026-02-01 13:26:49.959260,SMMR,26.79,26.79,26.95,2094500.0,953500.0,0,0,0,0,0,0,0,0,0,0,0,0
,,,,,,138,2026-02-01 13:26:49.959260,ATMN,22.91,22.84,22.91,1587800.0,2232200.0,0,0,0,0,0,0,0,0,0,0,0,0
,,,,,,138,2026-02-01 13:26:49.959260,WNTR,23.93,23.79,23.93,2608600.0,2280400.0,0,0,0,0,0,0,0,0,0,0,0,0
2.0,1.0,1.0,,Aggregate Position Limit,Your CRO has set the aggregate position limit to 10000 shares for this week.,139,2026-02-01 13:26:50.979623,SPNG,23.54,23.17,23.54,2650800.0,2337200.0,0,0,0,0,0,0,0,0,0,0,0,0
1.0,1.0,1.0,,Welcome to the RITC 2026 Alogithmic Market Making Case - practice server,,139,2026-02-01 13:26:50.979623,SMMR,26.83,26.84,26.95,2066200.0,1170600.0,0,0,0,0,0,0,0,0,0,0,0,0
,,,,,,139,2026-02-01 13:26:50.979623,ATMN,22.84,22.73,22.81,1811200.0,2253700.0,0,0,0,0,0,0,0,0,0,0,0,0
,,,,,,139,2026-02-01 13:26:50.979623,WNTR,23.79,23.79,23.83,2591100.0,2416500.0,0,0,0,0,0,0,0,0,0,0,0,0
2.0,1.0,1.0,,Aggregate Position Limit,Your CRO has set the aggregate position limit to 10000 shares for this week.,140,2026-02-01 13:26:51.996514,SPNG,23.6,23.45,23.6,2733400.0,2311200.0,0,0,0,0,0,0,0,0,0,0,0,0
1.0,1.0,1.0,,Welcome to the RITC 2026 Alogithmic Market Making Case - practice server,,140,2026-02-01 13:26:51.996514,SMMR,26.82,26.79,26.82,2094500.0,1345600.0,0,0,0,0,0,0,0,0,0,0,0,0
,,,,,,140,2026-02-01 13:26:51.996514,ATMN,22.91,22.73,22.91,1811200.0,2215600.0,0,0,0,0,0,0,0,0,0,0,0,0
,,,,,,140,2026-02-01 13:26:51.996514,WNTR,23.83,23.92,23.93,2616600.0,2280400.0,0,0,0,0,0,0,0,0,0,0,0,0
2.0,1.0,1.0,,Aggregate Position Limit,Your CRO has set the aggregate position limit to 10000 shares for this week.,141,2026-02-01 13:26:53.019290,SPNG,23.45,23.45,23.62,2697800.0,2351200.0,0,0,0,0,0,0,0,0,0,0,0,0
1.0,1.0,1.0,,Welcome to the RITC 2026 Alogithmic Market Making Case - practice server,,141,2026-02-01 13:26:53.019290,SMMR,26.94,26.79,26.94,2094500.0,1249000.0,0,0,0,0,0,0,0,0,0,0,0,0
,,,,,,141,2026-02-01 13:26:53.019290,ATMN,22.73,22.73,22.91,1811200.0,2236900.0,0,0,0,0,0,0,0,0,0,0,0,0
,,,,,,141,2026-02-01 13:26:53.019290,WNTR,23.79,23.91,23.93,2592800.0,2280400.0,0,0,0,0,0,0,0,0,0,0,0,0
2.0,1.0,1.0,,Aggregate Position Limit,Your CRO has set the aggregate position limit to 10000 shares for this week.,142,2026-02-01 13:26:54.055340,SPNG,23.13,23.13,23.62,2746700.0,2351200.0,0,0,0,0,0,0,0,0,0,0,0,0
1.0,1.0,1.0,,Welcome to the RITC 2026 Alogithmic Market Making Case - practice server,,142,2026-02-01 13:26:54.055340,SMMR,26.94,26.79,26.94,2077500.0,1249000.0,0,0,0,0,0,0,0,0,0,0,0,0
,,,,,,142,2026-02-01 13:26:54.055340,ATMN,22.97,22.8,22.97,1905300.0,2189800.0,0,0,0,0,0,0,0,0,0,0,0,0
,,,,,,142,2026-02-01 13:26:54.055340,WNTR,24.08,23.91,23.97,2592800.0,2433200.0,0,0,0,0,0,0,0,0,0,0,0,0
2.0,1.0,1.0,,Aggregate Position Limit,Your CRO has set the aggregate position limit to 10000 shares for this week.,143,2026-02-01 13:26:55.072880,SPNG,23.83,23.13,23.83,2746700.0,2343200.0,0,0,0,0,0,0,0,0,0,0,0,0
1.0,1.0,1.0,,Welcome to the RITC 2026 Alogithmic Market Making Case - practice server,,143,2026-02-01 13:26:55.072880,SMMR,27.16,26.79,27.16,2077500.0,861500.0,0,0,0,0,0,0,0,0,0,0,0,0
,,,,,,143,2026-02-01 13:26:55.072880,ATMN,22.97,22.88,22.97,2039900.0,2222400.0,0,0,0,0,0,0,0,0,0,0,0,0
,,,,,,143,2026-02-01 13:26:55.072880,WNTR,23.91,23.91,23.97,2592800.0,2433200.0,0,0,0,0,0,0,0,0,0,0,0,0
2.0,1.0,1.0,,Aggregate Position Limit,Your CRO has set the aggregate position limit to 10000 shares for this week.,144,2026-02-01 13:26:56.099278,SPNG,23.74,23.3,23.49,2710500.0,2348700.0,0,0,0,0,0,0,0,0,0,0,0,0
1.0,1.0,1.0,,Welcome to the RITC 2026 Alogithmic Market Making Case - practice server,,144,2026-02-01 13:26:56.099278,SMMR,26.78,26.78,27.13,2118700.0,851600.0,0,0,0,0,0,0,0,0,0,0,0,0
,,,,,,144,2026-02-01 13:26:56.099278,ATMN,22.97,22.88,22.97,2133100.0,2204600.0,0,0,0,0,0,0,0,0,0,0,0,0
,,,,,,144,2026-02-01 13:26:56.099278,WNTR,23.91,23.91,23.95,2595600.0,2488100.0,0,0,0,0,0,0,0,0,0,0,0,0
2.0,1.0,1.0,,Aggregate Position Limit,Your CRO has set the aggregate position limit to 10000 shares for this week.,145,2026-02-01 13:26:57.119395,SPNG,23.74,23.3,23.49,2672000.0,2348700.0,0,0,0,0,0,0,0,0,0,0,0,0
1.0,1.0,1.0,,Welcome to the RITC 2026 Alogithmic Market Making Case - practice server,,145,2026-02-01 13:26:57.119395,SMMR,26.93,27.03,27.09,2097400.0,953900.0,0,0,0,0,0,0,0,0,0,0,0,0
,,,,,,145,2026-02-01 13:26:57.119395,ATMN,22.8,22.8,22.97,2016500.0,2204600.0,0,0,0,0,0,0,0,0,0,0,0,0
,,,,,,145,2026-02-01 13:26:57.119395,WNTR,23.91,23.91,23.94,2586200.0,2496100.0,0,0,0,0,0,0,0,0,0,0,0,0
2.0,1.0,1.0,,Aggregate Position Limit,Your CRO has set the aggregate position limit to 10000 shares for this week.,146,2026-02-01 13:26:58.145846,SPNG,23.8,23.43,23.54,2585600.0,2347600.0,0,0,0,0,0,0,0,0,0,0,0,0
1.0,1.0,1.0,,Welcome to the RITC 2026 Alogithmic Market Making Case - practice server,,146,2026-02-01 13:26:58.145846,SMMR,26.93,27.03,27.09,2097400.0,1260600.0,0,0,0,0,0,0,0,0,0,0,0,0
,,,,,,146,2026-02-01 13:26:58.145846,ATMN,23.0,22.8,23.0,2142900.0,2178400.0,0,0,0,0,0,0,0,0,0,0,0,0
,,,,,,146,2026-02-01 13:26:58.145846,WNTR,23.91,23.91,23.94,2624500.0,2517600.0,0,0,0,0,0,0,0,0,0,0,0,0
2.0,1.0,1.0,,Aggregate Position Limit,Your CRO has set the aggregate position limit to 10000 shares for this week.,147,2026-02-01 13:26:59.159394,SPNG,23.8,23.43,23.48,2592200.0,2369000.0,0,0,0,0,0,0,0,0,0,0,0,0
1.0,1.0,1.0,,Welcome to the RITC 2026 Alogithmic Market Making Case - practice server,,147,2026-02-01 13:26:59.159394,SMMR,26.77,26.77,27.06,2127800.0,1453800.0,0,0,0,0,0,0,0,0,0,0,0,0
,,,,,,147,2026-02-01 13:26:59.159394,ATMN,23.0,22.95,23.0,2241200.0,2204900.0,0,0,0,0,0,0,0,0,0,0,0,0
,,,,,,147,2026-02-01 13:26:59.159394,WNTR,23.91,23.82,23.83,2602100.0,2532000.0,0,0,0,0,0,0,0,0,0,0,0,0
2.0,1.0,1.0,,Aggregate Position Limit,Your CRO has set the aggregate position limit to 10000 shares for this week.,148,2026-02-01 13:27:00.193272,SPNG,23.83,23.43,23.83,2564800.0,2343200.0,0,0,0,0,0,0,0,0,0,0,0,0
1.0,1.0,1.0,,Welcome to the RITC 2026 Alogithmic Market Making Case - practice server,,148,2026-02-01 13:27:00.193272,SMMR,26.79,26.79,27.06,2135000.0,1536200.0,0,0,0,0,0,0,0,0,0,0,0,0
,,,,,,148,2026-02-01 13:27:00.193272,ATMN,22.72,22.89,23.0,2050500.0,2205800.0,0,0,0,0,0,0,0,0,0,0,0,0
,,,,,,148,2026-02-01 13:27:00.193272,WNTR,23.91,23.82,23.83,2593600.0,2532000.0,0,0,0,0,0,0,0,0,0,0,0,0
2.0,1.0,1.0,,Aggregate Position Limit,Your CRO has set the aggregate position limit to 10000 shares for this week.,149,2026-02-01 13:27:01.229049,SPNG,23.33,23.33,23.83,2595700.0,2393000.0,0,0,0,0,0,0,0,0,0,0,0,0
1.0,1.0,1.0,,Welcome to the RITC 2026 Alogithmic Market Making Case - practice server,,149,2026-02-01 13:27:01.229049,SMMR,26.8,26.79,26.8,2099300.0,1638200.0,0,0,0,0,0,0,0,0,0,0,0,0
,,,,,,149,2026-02-01 13:27:01.229049,ATMN,22.63,22.63,23.0,1707900.0,2232400.0,0,0,0,0,0,0,0,0,0,0,0,0
,,,,,,149,2026-02-01 13:27:01.229049,WNTR,23.95,23.82,23.95,2673800.0,2498300.0,0,0,0,0,0,0,0,0,0,0,0,0
2.0,1.0,1.0,,Aggregate Position Limit,Your CRO has set the aggregate position limit to 10000 shares for this week.,150,2026-02-01 13:27:02.268910,SPNG,23.33,23.33,23.83,2595700.0,2429800.0,0,0,0,0,0,0,0,0,0,0,0,0
1.0,1.0,1.0,,Welcome to the RITC 2026 Alogithmic Market Making Case - practice server,,150,2026-02-01 13:27:02.268910,SMMR,26.8,26.79,26.8,2052000.0,1638200.0,0,0,0,0,0,0,0,0,0,0,0,0
,,,,,,150,2026-02-01 13:27:02.268910,ATMN,23.02,22.63,23.02,1818100.0,2216700.0,0,0,0,0,0,0,0,0,0,0,0,0
,,,,,,150,2026-02-01 13:27:02.268910,WNTR,23.82,23.82,24.08,2662100.0,2439500.0,0,0,0,0,0,0,0,0,0,0,0,0
2.0,1.0,1.0,,Aggregate Position Limit,Your CRO has set the aggregate position limit to 10000 shares for this week.,151,2026-02-01 13:27:03.289237,SPNG,23.84,23.33,23.84,2584100.0,2427500.0,0,0,0,0,0,0,0,0,0,0,0,0
1.0,1.0,1.0,,Welcome to the RITC 2026 Alogithmic Market Making Case - practice server,,151,2026-02-01 13:27:03.289237,SMMR,27.06,26.79,27.06,2032600.0,1536200.0,0,0,0,0,0,0,0,0,0,0,0,0
,,,,,,151,2026-02-01 13:27:03.289237,ATMN,22.67,22.85,22.86,2100000.0,2218900.0,0,0,0,0,0,0,0,0,0,0,0,0
,,,,,,151,2026-02-01 13:27:03.289237,WNTR,24.09,24.09,24.1,2638000.0,2446000.0,0,0,0,0,0,0,0,0,0,0,0,0
2.0,1.0,1.0,,Aggregate Position Limit,Your CRO has set the aggregate position limit to 10000 shares for this week.,152,2026-02-01 13:27:04.338892,SPNG,23.85,23.33,23.85,2584100.0,2400300.0,0,0,0,0,0,0,0,0,0,0,0,0
1.0,1.0,1.0,,Welcome to the RITC 2026 Alogithmic Market Making Case - practice server,,152,2026-02-01 13:27:04.338892,SMMR,27.06,26.79,26.89,2032600.0,1933200.0,0,0,0,0,0,0,0,0,0,0,0,0
,,,,,,152,2026-02-01 13:27:04.338892,ATMN,22.85,22.63,22.78,2073900.0,2275100.0,0,0,0,0,0,0,0,0,0,0,0,0
,,,,,,152,2026-02-01 13:27:04.338892,WNTR,24.09,23.82,24.05,2662100.0,2465800.0,0,0,0,0,0,0,0,0,0,0,0,0
2.0,1.0,1.0,,Aggregate Position Limit,Your CRO has set the aggregate position limit to 10000 shares for this week.,153,2026-02-01 13:27:05.379228,SPNG,23.33,23.33,23.81,2584100.0,2439600.0,0,0,0,0,0,0,0,0,0,0,0,0
1.0,1.0,1.0,,Welcome to the RITC 2026 Alogithmic Market Making Case - practice server,,153,2026-02-01 13:27:05.379228,SMMR,26.77,26.77,26.89,2039800.0,1933200.0,0,0,0,0,0,0,0,0,0,0,0,0
,,,,,,153,2026-02-01 13:27:05.379228,ATMN,23.05,22.63,23.05,2306700.0,2248800.0,0,0,0,0,0,0,0,0,0,0,0,0
,,,,,,153,2026-02-01 13:27:05.379228,WNTR,23.9,23.99,24.1,2646100.0,2454300.0,0,0,0,0,0,0,0,0,0,0,0,0
2.0,1.0,1.0,,Aggregate Position Limit,Your CRO has set the aggregate position limit to 10000 shares for this week.,154,2026-02-01 13:27:06.420771,SPNG,23.3,23.61,23.81,2555500.0,2439600.0,0,0,0,0,0,0,0,0,0,0,0,0
1.0,1.0,1.0,,Welcome to the RITC 2026 Alogithmic Market Making Case - practice server,,154,2026-02-01 13:27:06.420771,SMMR,26.89,26.89,26.97,2027500.0,1930600.0,0,0,0,0,0,0,0,0,0,0,0,0
,,,,,,154,2026-02-01 13:27:06.420771,ATMN,22.63,22.63,23.05,2306700.0,2248800.0,0,0,0,0,0,0,0,0,0,0,0,0
,,,,,,154,2026-02-01 13:27:06.420771,WNTR,23.79,23.77,23.79,2604700.0,2459500.0,0,0,0,0,0,0,0,0,0,0,0,0
2.0,1.0,1.0,,Aggregate Position Limit,Your CRO has set the aggregate position limit to 10000 shares for this week.,155,2026-02-01 13:27:07.463941,SPNG,23.68,23.25,23.68,2577600.0,2450500.0,0,0,0,0,0,0,0,0,0,0,0,0
1.0,1.0,1.0,,Welcome to the RITC 2026 Alogithmic Market Making Case - practice server,,155,2026-02-01 13:27:07.463941,SMMR,26.76,26.75,26.76,2003500.0,1963700.0,0,0,0,0,0,0,0,0,0,0,0,0
,,,,,,155,2026-02-01 13:27:07.463941,ATMN,23.11,23.08,23.11,2436300.0,2277500.0,0,0,0,0,0,0,0,0,0,0,0,0
,,,,,,155,2026-02-01 13:27:07.463941,WNTR,23.77,23.77,24.05,2606700.0,2463600.0,0,0,0,0,0,0,0,0,0,0,0,0
2.0,1.0,1.0,,Aggregate Position Limit,Your CRO has set the aggregate position limit to 10000 shares for this week.,156,2026-02-01 13:27:08.503287,SPNG,23.25,23.25,23.68,2528100.0,2450500.0,0,0,0,0,0,0,0,0,0,0,0,0
1.0,1.0,1.0,,Welcome to the RITC 2026 Alogithmic Market Making Case - practice server,,156,2026-02-01 13:27:08.503287,SMMR,26.96,26.75,26.94,2003500.0,1919200.0,0,0,0,0,0,0,0,0,0,0,0,0
,,,,,,156,2026-02-01 13:27:08.503287,ATMN,23.08,22.63,22.99,2306700.0,2298000.0,0,0,0,0,0,0,0,0,0,0,0,0
,,,,,,156,2026-02-01 13:27:08.503287,WNTR,24.05,24.08,24.1,2551200.0,2446700.0,0,0,0,0,0,0,0,0,0,0,0,0
2.0,1.0,1.0,,Aggregate Position Limit,Your CRO has set the aggregate position limit to 10000 shares for this week.,157,2026-02-01 13:27:09.561367,SPNG,23.71,23.63,23.71,2541000.0,2436300.0,0,0,0,0,0,0,0,0,0,0,0,0
1.0,1.0,1.0,,Welcome to the RITC 2026 Alogithmic Market Making Case - practice server,,157,2026-02-01 13:27:09.561367,SMMR,26.75,26.79,26.94,2003000.0,1945700.0,0,0,0,0,0,0,0,0,0,0,0,0
,,,,,,157,2026-02-01 13:27:09.561367,ATMN,22.99,22.76,22.99,2449500.0,2298000.0,0,0,0,0,0,0,0,0,0,0,0,0
,,,,,,157,2026-02-01 13:27:09.561367,WNTR,24.05,24.08,24.1,2551200.0,2487600.0,0,0,0,0,0,0,0,0,0,0,0,0
2.0,1.0,1.0,,Aggregate Position Limit,Your CRO has set the aggregate position limit to 10000 shares for this week.,158,2026-02-01 13:27:10.588883,SPNG,23.63,23.63,23.71,2517600.0,2431200.0,0,0,0,0,0,0,0,0,0,0,0,0
1.0,1.0,1.0,,Welcome to the RITC 2026 Alogithmic Market Making Case - practice server,,158,2026-02-01 13:27:10.588883,SMMR,26.79,26.79,26.87,1997800.0,1935300.0,0,0,0,0,0,0,0,0,0,0,0,0
,,,,,,158,2026-02-01 13:27:10.588883,ATMN,22.84,22.76,22.84,2449500.0,2316000.0,0,0,0,0,0,0,0,0,0,0,0,0
,,,,,,158,2026-02-01 13:27:10.588883,WNTR,24.11,24.08,24.09,2551200.0,2504400.0,0,0,0,0,0,0,0,0,0,0,0,0
2.0,1.0,1.0,,Aggregate Position Limit,Your CRO has set the aggregate position limit to 10000 shares for this week.,159,2026-02-01 13:27:11.622042,SPNG,23.79,23.62,23.79,2505400.0,2416300.0,0,0,0,0,0,0,0,0,0,0,0,0
1.0,1.0,1.0,,Welcome to the RITC 2026 Alogithmic Market Making Case - practice server,,159,2026-02-01 13:27:11.622042,SMMR,26.74,26.74,26.76,2015000.0,1910500.0,0,0,0,0,0,0,0,0,0,0,0,0
,,,,,,159,2026-02-01 13:27:11.622042,ATMN,22.78,22.78,23.04,2392400.0,2300400.0,0,0,0,0,0,0,0,0,0,0,0,0
,,,,,,159,2026-02-01 13:27:11.622042,WNTR,24.08,23.97,24.03,2571300.0,2506000.0,0,0,0,0,0,0,0,0,0,0,0,0
2.0,1.0,1.0,,Aggregate Position Limit,Your CRO has set the aggregate position limit to 10000 shares for this week.,160,2026-02-01 13:27:12.654671,SPNG,23.85,23.84,23.85,2500800.0,2405500.0,0,0,0,0,0,0,0,0,0,0,0,0
1.0,1.0,1.0,,Welcome to the RITC 2026 Alogithmic Market Making Case - practice server,,160,2026-02-01 13:27:12.654671,SMMR,26.81,26.85,26.87,1978700.0,1935300.0,0,0,0,0,0,0,0,0,0,0,0,0
,,,,,,160,2026-02-01 13:27:12.654671,ATMN,22.76,22.76,23.11,2449500.0,2305700.0,0,0,0,0,0,0,0,0,0,0,0,0
,,,,,,160,2026-02-01 13:27:12.654671,WNTR,24.08,23.97,24.03,2538500.0,2518100.0,0,0,0,0,0,0,0,0,0,0,0,0
2.0,1.0,1.0,,Aggregate Position Limit,Your CRO has set the aggregate position limit to 10000 shares for this week.,161,2026-02-01 13:27:13.680262,SPNG,23.35,23.35,23.73,2517100.0,2434300.0,0,0,0,0,0,0,0,0,0,0,0,0
1.0,1.0,1.0,,Welcome to the RITC 2026 Alogithmic Market Making Case - practice server,,161,2026-02-01 13:27:13.680262,SMMR,26.71,26.76,26.83,1983100.0,1914100.0,0,0,0,0,0,0,0,0,0,0,0,0
,,,,,,161,2026-02-01 13:27:13.680262,ATMN,23.11,22.75,23.11,2425000.0,2320700.0,0,0,0,0,0,0,0,0,0,0,0,0
,,,,,,161,2026-02-01 13:27:13.680262,WNTR,23.97,23.97,24.09,2516000.0,2514500.0,0,0,0,0,0,0,0,0,0,0,0,0
2.0,1.0,1.0,,Aggregate Position Limit,Your CRO has set the aggregate position limit to 10000 shares for this week.,162,2026-02-01 13:27:14.698632,SPNG,23.35,23.46,23.73,2529400.0,2434300.0,0,0,0,0,0,0,0,0,0,0,0,0
1.0,1.0,1.0,,Welcome to the RITC 2026 Alogithmic Market Making Case - practice server,,162,2026-02-01 13:27:14.698632,SMMR,26.71,26.71,26.87,2024000.0,1918700.0,0,0,0,0,0,0,0,0,0,0,0,0
,,,,,,162,2026-02-01 13:27:14.698632,ATMN,23.11,23.09,23.11,2446700.0,2331400.0,0,0,0,0,0,0,0,0,0,0,0,0
,,,,,,162,2026-02-01 13:27:14.698632,WNTR,23.97,24.0,24.09,2475400.0,2516700.0,0,0,0,0,0,0,0,0,0,0,0,0
2.0,1.0,1.0,,Aggregate Position Limit,Your CRO has set the aggregate position limit to 10000 shares for this week.,163,2026-02-01 13:27:15.724701,SPNG,23.46,23.46,23.73,2529400.0,2412600.0,0,0,0,0,0,0,0,0,0,0,0,0
1.0,1.0,1.0,,Welcome to the RITC 2026 Alogithmic Market Making Case - practice server,,163,2026-02-01 13:27:15.724701,SMMR,26.88,26.79,26.88,2005000.0,1943800.0,0,0,0,0,0,0,0,0,0,0,0,0
,,,,,,163,2026-02-01 13:27:15.724701,ATMN,22.57,22.57,23.11,2180300.0,2316200.0,0,0,0,0,0,0,0,0,0,0,0,0
,,,,,,163,2026-02-01 13:27:15.724701,WNTR,24.09,23.87,24.09,2519000.0,2516700.0,0,0,0,0,0,0,0,0,0,0,0,0
2.0,1.0,1.0,,Aggregate Position Limit,Your CRO has set the aggregate position limit to 10000 shares for this week.,164,2026-02-01 13:27:16.738879,SPNG,23.73,23.71,23.73,2514700.0,2412600.0,0,0,0,0,0,0,0,0,0,0,0,0
1.0,1.0,1.0,,Welcome to the RITC 2026 Alogithmic Market Making Case - practice server,,164,2026-02-01 13:27:16.738879,SMMR,26.97,26.71,26.97,2001200.0,1907200.0,0,0,0,0,0,0,0,0,0,0,0,0
,,,,,,164,2026-02-01 13:27:16.738879,ATMN,22.57,22.68,22.98,2403500.0,2323000.0,0,0,0,0,0,0,0,0,0,0,0,0
,,,,,,164,2026-02-01 13:27:16.738879,WNTR,24.09,24.08,24.09,2506700.0,2525900.0,0,0,0,0,0,0,0,0,0,0,0,0
2.0,1.0,1.0,,Aggregate Position Limit,Your CRO has set the aggregate position limit to 10000 shares for this week.,165,2026-02-01 13:27:17.754665,SPNG,23.85,23.46,23.77,2522200.0,2382000.0,0,0,0,0,0,0,0,0,0,0,0,0
1.0,1.0,1.0,,Welcome to the RITC 2026 Alogithmic Market Making Case - practice server,,165,2026-02-01 13:27:17.754665,SMMR,26.83,26.83,26.9,1999300.0,1939600.0,0,0,0,0,0,0,0,0,0,0,0,0
,,,,,,165,2026-02-01 13:27:17.754665,ATMN,23.11,22.68,23.11,2403500.0,2316200.0,0,0,0,0,0,0,0,0,0,0,0,0
,,,,,,165,2026-02-01 13:27:17.754665,WNTR,24.1,24.08,24.1,2506700.0,2521200.0,0,0,0,0,0,0,0,0,0,0,0,0
2.0,1.0,1.0,,Aggregate Position Limit,Your CRO has set the aggregate position limit to 10000 shares for this week.,166,2026-02-01 13:27:18.783383,SPNG,23.17,23.17,23.86,2578900.0,2385500.0,0,0,0,0,0,0,0,0,0,0,0,0
1.0,1.0,1.0,,Welcome to the RITC 2026 Alogithmic Market Making Case - practice server,,166,2026-02-01 13:27:18.783383,SMMR,26.9,26.69,26.9,2036900.0,1951800.0,0,0,0,0,0,0,0,0,0,0,0,0
,,,,,,166,2026-02-01 13:27:18.783383,ATMN,22.77,22.75,22.77,2349800.0,2323700.0,0,0,0,0,0,0,0,0,0,0,0,0
,,,,,,166,2026-02-01 13:27:18.783383,WNTR,24.1,24.08,24.1,2487900.0,2521200.0,0,0,0,0,0,0,0,0,0,0,0,0
2.0,1.0,1.0,,Aggregate Position Limit,Your CRO has set the aggregate position limit to 10000 shares for this week.,167,2026-02-01 13:27:19.806135,SPNG,23.69,23.69,23.86,2568800.0,2375200.0,0,0,0,0,0,0,0,0,0,0,0,0
1.0,1.0,1.0,,Welcome to the RITC 2026 Alogithmic Market Making Case - practice server,,167,2026-02-01 13:27:19.806135,SMMR,26.66,26.66,26.9,2048100.0,1951800.0,0,0,0,0,0,0,0,0,0,0,0,0
,,,,,,167,2026-02-01 13:27:19.806135,ATMN,23.11,22.8,23.11,2294800.0,2300100.0,0,0,0,0,0,0,0,0,0,0,0,0
,,,,,,167,2026-02-01 13:27:19.806135,WNTR,24.1,23.98,24.1,2498200.0,2506000.0,0,0,0,0,0,0,0,0,0,0,0,0
2.0,1.0,1.0,,Aggregate Position Limit,Your CRO has set the aggregate position limit to 10000 shares for this week.,168,2026-02-01 13:27:20.840239,SPNG,23.86,23.6,23.86,2572000.0,2375200.0,0,0,0,0,0,0,0,0,0,0,0,0
1.0,1.0,1.0,,Welcome to the RITC 2026 Alogithmic Market Making Case - practice server,,168,2026-02-01 13:27:20.840239,SMMR,26.79,26.66,26.76,2048100.0,1945400.0,0,0,0,0,0,0,0,0,0,0,0,0
,,,,,,168,2026-02-01 13:27:20.840239,ATMN,23.11,22.85,23.11,2248100.0,2300100.0,0,0,0,0,0,0,0,0,0,0,0,0
,,,,,,168,2026-02-01 13:27:20.840239,WNTR,24.11,23.98,24.11,2498200.0,2466600.0,0,0,0,0,0,0,0,0,0,0,0,0
2.0,1.0,1.0,,Aggregate Position Limit,Your CRO has set the aggregate position limit to 10000 shares for this week.,169,2026-02-01 13:27:21.872982,SPNG,23.17,23.7,23.86,2572300.0,2375200.0,0,0,0,0,0,0,0,0,0,0,0,0
1.0,1.0,1.0,,Welcome to the RITC 2026 Alogithmic Market Making Case - practice server,,169,2026-02-01 13:27:21.872982,SMMR,26.76,26.73,26.76,2061400.0,1992600.0,0,0,0,0,0,0,0,0,0,0,0,0
,,,,,,169,2026-02-01 13:27:21.872982,ATMN,22.79,22.79,23.13,2303200.0,2288000.0,0,0,0,0,0,0,0,0,0,0,0,0
,,,,,,169,2026-02-01 13:27:21.872982,WNTR,24.19,23.87,24.19,2499000.0,2483100.0,0,0,0,0,0,0,0,0,0,0,0,0
2.0,1.0,1.0,,Aggregate Position Limit,Your CRO has set the aggregate position limit to 10000 shares for this week.,170,2026-02-01 13:27:22.905867,SPNG,23.7,23.7,23.86,2572300.0,2392900.0,0,0,0,0,0,0,0,0,0,0,0,0
1.0,1.0,1.0,,Welcome to the RITC 2026 Alogithmic Market Making Case - practice server,,170,2026-02-01 13:27:22.905867,SMMR,26.84,26.73,26.84,2061400.0,1946300.0,0,0,0,0,0,0,0,0,0,0,0,0
