news_id,period,tick,ticker,headline,body,tick,timestamp,ticker,last_price,bid_price,ask_price,BUY_ANON,SELL_ANON,SELL_LUIS-3,BUY_LUIS-3,SELL_CALG-1,BUY_CALG-1
2.0,1.0,1.0,,Aggregate Position Limit,Your CRO has set the aggregate position limit to 15000 shares for this week.,1,2026-02-01 05:06:01.562837,SPNG,24.88,24.88,25.12,2322200.0,1602700.0,0,0,0,0
1.0,1.0,1.0,,Welcome to the RITC 2026 Alogithmic Market Making Case - practice server,,1,2026-02-01 05:06:01.562837,SMMR,24.87,24.87,24.99,2168700.0,2360900.0,0,0,0,0
,,,,,,1,2026-02-01 05:06:01.562837,ATMN,25.04,24.87,25.04,1908900.0,2191600.0,0,0,0,0
,,,,,,1,2026-02-01 05:06:01.562837,WNTR,25.0,25.04,25.08,2089800.0,1766500.0,0,0,0,0
2.0,1.0,1.0,,Aggregate Position Limit,Your CRO has set the aggregate position limit to 15000 shares for this week.,2,2026-02-01 05:06:02.600052,SPNG,24.88,24.88,25.12,2322000.0,1802500.0,0,0,0,0
1.0,1.0,1.0,,Welcome to the RITC 2026 Alogithmic Market Making Case - practice server,,2,2026-02-01 05:06:02.600052,SMMR,25.01,24.87,25.01,2416100.0,2234800.0,0,0,0,0
,,,,,,2,2026-02-01 05:06:02.600052,ATMN,24.87,24.67,24.86,1786700.0,2213100.0,0,0,0,0
,,,,,,2,2026-02-01 05:06:02.600052,WNTR,25.04,24.89,24.99,2088400.0,1866600.0,0,0,0,0
2.0,1.0,1.0,,Aggregate Position Limit,Your CRO has set the aggregate position limit to 15000 shares for this week.,3,2026-02-01 05:06:03.623283,SPNG,24.86,24.86,25.08,2327800.0,1928800.0,0,0,0,0
1.0,1.0,1.0,,Welcome to the RITC 2026 Alogithmic Market Making Case - practice server,,3,2026-02-01 05:06:03.623283,SMMR,25.01,24.91,25.01,2373800.0,2104800.0,0,0,0,0
,,,,,,3,2026-02-01 05:06:03.623283,ATMN,25.24,24.98,25.24,2042400.0,2175400.0,0,0,0,0
,,,,,,3,2026-02-01 05:06:03.623283,WNTR,24.89,24.89,24.99,2088400.0,1969900.0,0,0,0,0
2.0,1.0,1.0,,Aggregate Position Limit,Your CRO has set the aggregate position limit to 15000 shares for this week.,4,2026-02-01 05:06:04.653250,SPNG,24.86,25.04,25.08,2325100.0,2059800.0,0,0,0,0
1.0,1.0,1.0,,Welcome to the RITC 2026 Alogithmic Market Making Case - practice server,,4,2026-02-01 05:06:04.653250,SMMR,25.01,24.98,25.01,2377900.0,2227000.0,0,0,0,0
,,,,,,4,2026-02-01 05:06:04.653250,ATMN,25.09,25.06,25.09,2152100.0,2205100.0,0,0,0,0
,,,,,,4,2026-02-01 05:06:04.653250,WNTR,24.91,24.91,24.99,2081400.0,2084900.0,0,0,0,0
2.0,1.0,1.0,,Aggregate Position Limit,Your CRO has set the aggregate position limit to 15000 shares for this week.,5,2026-02-01 05:06:05.687980,SPNG,24.86,24.86,25.08,2349500.0,2059800.0,0,0,0,0
1.0,1.0,1.0,,Welcome to the RITC 2026 Alogithmic Market Making Case - practice server,,5,2026-02-01 05:06:05.687980,SMMR,25.06,24.98,25.06,2389300.0,2092400.0,0,0,0,0
,,,,,,5,2026-02-01 05:06:05.687980,ATMN,25.09,25.06,25.09,2190300.0,2188700.0,0,0,0,0
,,,,,,5,2026-02-01 05:06:05.687980,WNTR,24.87,24.87,24.99,2050800.0,2084900.0,0,0,0,0
2.0,1.0,1.0,,Aggregate Position Limit,Your CRO has set the aggregate position limit to 15000 shares for this week.,6,2026-02-01 05:06:06.721897,SPNG,24.86,24.94,25.08,2331700.0,2194900.0,0,0,0,0
1.0,1.0,1.0,,Welcome to the RITC 2026 Alogithmic Market Making Case - practice server,,6,2026-02-01 05:06:06.721897,SMMR,24.87,24.87,25.06,2406200.0,2208700.0,0,0,0,0
,,,,,,6,2026-02-01 05:06:06.721897,ATMN,25.09,25.06,25.09,2188700.0,2155700.0,0,0,0,0
,,,,,,6,2026-02-01 05:06:06.721897,WNTR,24.87,24.87,24.95,2058600.0,2082800.0,0,0,0,0
2.0,1.0,1.0,,Aggregate Position Limit,Your CRO has set the aggregate position limit to 15000 shares for this week.,7,2026-02-01 05:06:07.757462,SPNG,25.11,25.02,25.11,2346500.0,2068600.0,0,0,0,0
1.0,1.0,1.0,,Welcome to the RITC 2026 Alogithmic Market Making Case - practice server,,7,2026-02-01 05:06:07.757462,SMMR,25.08,24.98,25.08,2414500.0,2086500.0,0,0,0,0
,,,,,,7,2026-02-01 05:06:07.757462,ATMN,25.06,25.06,25.09,2186900.0,2179700.0,0,0,0,0
,,,,,,7,2026-02-01 05:06:07.757462,WNTR,24.87,24.87,24.89,2058600.0,2108500.0,0,0,0,0
2.0,1.0,1.0,,Aggregate Position Limit,Your CRO has set the aggregate position limit to 15000 shares for this week.,8,2026-02-01 05:06:08.784441,SPNG,25.23,25.02,25.23,2346500.0,1704500.0,0,0,0,0
1.0,1.0,1.0,,Welcome to the RITC 2026 Alogithmic Market Making Case - practice server,,8,2026-02-01 05:06:08.784441,SMMR,25.15,24.87,25.15,2409000.0,1978500.0,0,0,0,0
,,,,,,8,2026-02-01 05:06:08.784441,ATMN,25.11,25.18,25.24,2172200.0,2139000.0,0,0,0,0
,,,,,,8,2026-02-01 05:06:08.784441,WNTR,24.87,24.87,24.89,2106300.0,2108500.0,0,0,0,0
2.0,1.0,1.0,,Aggregate Position Limit,Your CRO has set the aggregate position limit to 15000 shares for this week.,9,2026-02-01 05:06:09.807682,SPNG,25.23,25.11,25.23,2373900.0,1890800.0,0,0,0,0
1.0,1.0,1.0,,Welcome to the RITC 2026 Alogithmic Market Making Case - practice server,,9,2026-02-01 05:06:09.807682,SMMR,24.91,24.91,24.97,2391400.0,2179500.0,0,0,0,0
,,,,,,9,2026-02-01 05:06:09.807682,ATMN,25.18,24.85,24.94,2166200.0,2182600.0,0,0,0,0
,,,,,,9,2026-02-01 05:06:09.807682,WNTR,24.99,24.87,24.99,2106300.0,2089100.0,0,0,0,0
2.0,1.0,1.0,,Aggregate Position Limit,Your CRO has set the aggregate position limit to 15000 shares for this week.,10,2026-02-01 05:06:10.878840,SPNG,25.02,25.02,25.23,2346500.0,2210400.0,0,0,0,0
1.0,1.0,1.0,,Welcome to the RITC 2026 Alogithmic Market Making Case - practice server,,10,2026-02-01 05:06:10.878840,SMMR,24.97,24.98,25.13,2416400.0,2218600.0,0,0,0,0
,,,,,,10,2026-02-01 05:06:10.878840,ATMN,25.26,25.14,25.26,2162600.0,2146600.0,0,0,0,0
,,,,,,10,2026-02-01 05:06:10.878840,WNTR,24.85,24.85,24.99,2127800.0,2122900.0,0,0,0,0
2.0,1.0,1.0,,Aggregate Position Limit,Your CRO has set the aggregate position limit to 15000 shares for this week.,11,2026-02-01 05:06:11.963322,SPNG,25.11,25.18,25.23,2381000.0,2210400.0,0,0,0,0
1.0,1.0,1.0,,Welcome to the RITC 2026 Alogithmic Market Making Case - practice server,,11,2026-02-01 05:06:11.963322,SMMR,25.13,24.98,25.13,2416400.0,2312800.0,0,0,0,0
,,,,,,11,2026-02-01 05:06:11.963322,ATMN,25.26,25.14,25.26,2174000.0,2150200.0,0,0,0,0
,,,,,,11,2026-02-01 05:06:11.963322,WNTR,24.99,24.89,24.99,2127800.0,2122900.0,0,0,0,0
2.0,1.0,1.0,,Aggregate Position Limit,Your CRO has set the aggregate position limit to 15000 shares for this week.,12,2026-02-01 05:06:13.000730,SPNG,24.86,24.86,25.23,2335400.0,2249000.0,0,0,0,0
1.0,1.0,1.0,,Welcome to the RITC 2026 Alogithmic Market Making Case - practice server,,12,2026-02-01 05:06:13.000730,SMMR,24.98,24.98,25.13,2416400.0,2355600.0,0,0,0,0
,,,,,,12,2026-02-01 05:06:13.000730,ATMN,25.14,24.85,25.11,2178300.0,2195700.0,0,0,0,0
,,,,,,12,2026-02-01 05:06:13.000730,WNTR,24.89,24.89,24.99,2127800.0,2111900.0,0,0,0,0
2.0,1.0,1.0,,Aggregate Position Limit,Your CRO has set the aggregate position limit to 15000 shares for this week.,13,2026-02-01 05:06:14.029942,SPNG,24.86,24.86,25.23,2355200.0,2224300.0,0,0,0,0
1.0,1.0,1.0,,Welcome to the RITC 2026 Alogithmic Market Making Case - practice server,,13,2026-02-01 05:06:14.029942,SMMR,25.12,24.87,25.12,2408300.0,2363900.0,0,0,0,0
,,,,,,13,2026-02-01 05:06:14.029942,ATMN,25.41,24.85,25.41,2169100.0,2154400.0,0,0,0,0
,,,,,,13,2026-02-01 05:06:14.029942,WNTR,24.78,24.78,24.99,2128500.0,2111900.0,0,0,0,0
2.0,1.0,1.0,,Aggregate Position Limit,Your CRO has set the aggregate position limit to 15000 shares for this week.,14,2026-02-01 05:06:15.062291,SPNG,24.8,24.8,25.05,2367000.0,2221200.0,0,0,0,0
1.0,1.0,1.0,,Welcome to the RITC 2026 Alogithmic Market Making Case - practice server,,14,2026-02-01 05:06:15.062291,SMMR,25.13,25.1,25.13,2400100.0,2355600.0,0,0,0,0
,,,,,,14,2026-02-01 05:06:15.062291,ATMN,25.44,24.85,25.44,2169100.0,2148000.0,0,0,0,0
,,,,,,14,2026-02-01 05:06:15.062291,WNTR,24.78,24.78,24.99,2128500.0,2105400.0,0,0,0,0
2.0,1.0,1.0,,Aggregate Position Limit,Your CRO has set the aggregate position limit to 15000 shares for this week.,15,2026-02-01 05:06:16.093190,SPNG,25.23,24.8,25.13,2343600.0,2204800.0,,,0,0
1.0,1.0,1.0,,Welcome to the RITC 2026 Alogithmic Market Making Case - practice server,,15,2026-02-01 05:06:16.093190,SMMR,24.87,24.87,25.05,2448800.0,2327100.0,,,0,0
,,,,,,15,2026-02-01 05:06:16.093190,ATMN,24.85,24.85,25.43,2165200.0,2025600.0,5000.0,,0,0
,,,,,,15,2026-02-01 05:06:16.093190,WNTR,24.78,24.79,24.85,2044700.0,1994400.0,2500.0,2500.0,0,0
2.0,1.0,1.0,,Aggregate Position Limit,Your CRO has set the aggregate position limit to 15000 shares for this week.,16,2026-02-01 05:06:17.132935,SPNG,25.23,24.92,25.23,2337400.0,2224300.0,,,0,0
1.0,1.0,1.0,,Welcome to the RITC 2026 Alogithmic Market Making Case - practice server,,16,2026-02-01 05:06:17.132935,SMMR,24.85,24.85,25.04,2444200.0,2220800.0,2500.0,,0,0
,,,,,,16,2026-02-01 05:06:17.132935,ATMN,24.8,25.32,25.42,2014200.0,1902900.0,7500.0,2500.0,0,0
,,,,,,16,2026-02-01 05:06:17.132935,WNTR,24.78,24.79,24.85,2045000.0,1965900.0,2500.0,2500.0,0,0
2.0,1.0,1.0,,Aggregate Position Limit,Your CRO has set the aggregate position limit to 15000 shares for this week.,17,2026-02-01 05:06:18.158842,SPNG,24.8,24.81,25.22,2500.0,2201100.0,2500.0,2051900.0,0,0
1.0,1.0,1.0,,Welcome to the RITC 2026 Alogithmic Market Making Case - practice server,,17,2026-02-01 05:06:18.158842,SMMR,25.05,24.85,25.05,,2444200.0,,2327100.0,0,0
,,,,,,17,2026-02-01 05:06:18.158842,ATMN,25.44,25.43,25.44,,2150800.0,,2117800.0,0,0
,,,,,,17,2026-02-01 05:06:18.158842,WNTR,24.77,24.77,24.84,,2133600.0,7500.0,1823600.0,0,0
2.0,1.0,1.0,,Aggregate Position Limit,Your CRO has set the aggregate position limit to 15000 shares for this week.,18,2026-02-01 05:06:19.186090,SPNG,25.28,24.81,25.28,2500.0,2189000.0,2178500.0,,0,0
1.0,1.0,1.0,,Welcome to the RITC 2026 Alogithmic Market Making Case - practice server,,18,2026-02-01 05:06:19.186090,SMMR,25.05,24.97,25.04,2500.0,2269400.0,2229000.0,2500.0,0,0
,,,,,,18,2026-02-01 05:06:19.186090,ATMN,25.43,25.43,25.44,,2150800.0,2137400.0,,0,0
,,,,,,18,2026-02-01 05:06:19.186090,WNTR,24.76,24.77,24.83,5000.0,2052700.0,1744400.0,12500.0,0,0
2.0,1.0,1.0,,Aggregate Position Limit,Your CRO has set the aggregate position limit to 15000 shares for this week.,19,2026-02-01 05:06:20.217999,SPNG,24.82,25.01,25.27,2194300.0,2500.0,2500.0,2054300.0,0,0
1.0,1.0,1.0,,Welcome to the RITC 2026 Alogithmic Market Making Case - practice server,,19,2026-02-01 05:06:20.217999,SMMR,25.02,25.02,25.03,2157400.0,7500.0,7500.0,2122000.0,0,0
,,,,,,19,2026-02-01 05:06:20.217999,ATMN,25.01,24.8,25.01,2143500.0,,,2095700.0,0,0
,,,,,,19,2026-02-01 05:06:20.217999,WNTR,24.79,24.77,24.79,2052700.0,5000.0,12500.0,1767600.0,0,0
2.0,1.0,1.0,,Aggregate Position Limit,Your CRO has set the aggregate position limit to 15000 shares for this week.,20,2026-02-01 05:06:21.248147,SPNG,25.01,25.01,25.35,2194300.0,2500.0,2500.0,2057400.0,0,0
1.0,1.0,1.0,,Welcome to the RITC 2026 Alogithmic Market Making Case - practice server,,20,2026-02-01 05:06:21.248147,SMMR,25.06,25.11,25.13,2311400.0,2500.0,,2344600.0,0,0
,,,,,,20,2026-02-01 05:06:21.248147,ATMN,24.97,24.8,24.85,2143500.0,,,2102700.0,0,0
,,,,,,20,2026-02-01 05:06:21.248147,WNTR,24.75,24.75,24.79,2149100.0,,12500.0,1753100.0,0,0
2.0,1.0,1.0,,Aggregate Position Limit,Your CRO has set the aggregate position limit to 15000 shares for this week.,21,2026-02-01 05:06:22.285966,SPNG,24.8,25.02,25.27,2500.0,2155700.0,5000.0,1879200.0,0,0
1.0,1.0,1.0,,Welcome to the RITC 2026 Alogithmic Market Making Case - practice server,,21,2026-02-01 05:06:22.285966,SMMR,25.13,24.97,25.13,5000.0,2163200.0,,2344600.0,0,0
,,,,,,21,2026-02-01 05:06:22.285966,ATMN,25.51,24.8,24.96,,2128500.0,,2143800.0,0,0
,,,,,,21,2026-02-01 05:06:22.285966,WNTR,24.66,24.74,24.75,,2134900.0,12500.0,1792600.0,0,0
2.0,1.0,1.0,,Aggregate Position Limit,Your CRO has set the aggregate position limit to 15000 shares for this week.,22,2026-02-01 05:06:23.322946,SPNG,25.02,24.8,24.98,2277000.0,1891300.0,5000.0,,0,0
1.0,1.0,1.0,,Welcome to the RITC 2026 Alogithmic Market Making Case - practice server,,22,2026-02-01 05:06:23.322946,SMMR,25.13,25.05,25.1,2190700.0,2212100.0,2500.0,5000.0,0,0
,,,,,,22,2026-02-01 05:06:23.322946,ATMN,25.21,25.21,25.51,2056400.0,2107800.0,,2500.0,0,0
,,,,,,22,2026-02-01 05:06:23.322946,WNTR,24.74,24.74,24.79,2134900.0,1769300.0,12500.0,,0,0
2.0,1.0,1.0,,Aggregate Position Limit,Your CRO has set the aggregate position limit to 15000 shares for this week.,23,2026-02-01 05:06:24.355640,SPNG,24.98,24.8,24.98,2253400.0,1891300.0,5000.0,,0,0
1.0,1.0,1.0,,Welcome to the RITC 2026 Alogithmic Market Making Case - practice server,,23,2026-02-01 05:06:24.355640,SMMR,25.05,25.06,25.07,2056900.0,2160100.0,5000.0,7500.0,0,0
,,,,,,23,2026-02-01 05:06:24.355640,ATMN,25.21,24.88,25.2,2018500.0,2090400.0,,2500.0,0,0
,,,,,,23,2026-02-01 05:06:24.355640,WNTR,24.8,24.74,24.77,2030200.0,1630900.0,15000.0,2500.0,0,0
2.0,1.0,1.0,,Aggregate Position Limit,Your CRO has set the aggregate position limit to 15000 shares for this week.,24,2026-02-01 05:06:25.393812,SPNG,24.98,25.01,25.23,2500.0,2142700.0,1751200.0,7500.0,0,0
1.0,1.0,1.0,,Welcome to the RITC 2026 Alogithmic Market Making Case - practice server,,24,2026-02-01 05:06:25.393812,SMMR,24.85,24.85,25.07,,2444200.0,2121600.0,5000.0,0,0
,,,,,,24,2026-02-01 05:06:25.393812,ATMN,25.06,25.31,25.48,2500.0,2046000.0,2104300.0,,0,0
,,,,,,24,2026-02-01 05:06:25.393812,WNTR,24.66,24.66,24.77,,2130100.0,1630900.0,15000.0,0,0
2.0,1.0,1.0,,Aggregate Position Limit,Your CRO has set the aggregate position limit to 15000 shares for this week.,25,2026-02-01 05:06:26.427091,SPNG,25.0,24.8,24.94,2245600.0,1747600.0,7500.0,,0,0
1.0,1.0,1.0,,Welcome to the RITC 2026 Alogithmic Market Making Case - practice server,,25,2026-02-01 05:06:26.427091,SMMR,24.97,24.96,24.97,2380600.0,1947000.0,7500.0,,0,0
,,,,,,25,2026-02-01 05:06:26.427091,ATMN,25.13,25.3,25.43,2048700.0,2107900.0,,2500.0,0,0
,,,,,,25,2026-02-01 05:06:26.427091,WNTR,24.66,24.66,24.85,2022900.0,1939400.0,2500.0,2500.0,0,0
2.0,1.0,1.0,,Aggregate Position Limit,Your CRO has set the aggregate position limit to 15000 shares for this week.,27,2026-02-01 05:06:27.496754,SPNG,25.28,24.77,25.28,2289400.0,1988100.0,2500.0,,0,0
1.0,1.0,1.0,,Welcome to the RITC 2026 Alogithmic Market Making Case - practice server,,27,2026-02-01 05:06:27.496754,SMMR,24.85,24.96,24.97,2389000.0,1947000.0,7500.0,,0,0
,,,,,,27,2026-02-01 05:06:27.496754,ATMN,25.43,24.96,25.19,1942400.0,1997500.0,2500.0,5000.0,0,0
,,,,,,27,2026-02-01 05:06:27.496754,WNTR,24.85,24.85,24.86,1942500.0,1973900.0,2500.0,7500.0,0,0
2.0,1.0,1.0,,Aggregate Position Limit,Your CRO has set the aggregate position limit to 15000 shares for this week.,28,2026-02-01 05:06:28.527871,SPNG,25.28,25.19,25.28,2308700.0,2001900.0,2500.0,,0,0
1.0,1.0,1.0,,Welcome to the RITC 2026 Alogithmic Market Making Case - practice server,,28,2026-02-01 05:06:28.527871,SMMR,25.07,24.97,25.06,2325100.0,1921600.0,7500.0,2500.0,0,0
,,,,,,28,2026-02-01 05:06:28.527871,ATMN,25.43,25.09,25.19,1907200.0,1997500.0,2500.0,5000.0,0,0
,,,,,,28,2026-02-01 05:06:28.527871,WNTR,24.61,24.61,24.67,2145800.0,1973400.0,2500.0,,0,0
2.0,1.0,1.0,,Aggregate Position Limit,Your CRO has set the aggregate position limit to 15000 shares for this week.,29,2026-02-01 05:06:29.561792,SPNG,24.77,25.06,25.09,2181400.0,2500.0,5000.0,1912700.0,0,0
1.0,1.0,1.0,,Welcome to the RITC 2026 Alogithmic Market Making Case - practice server,,29,2026-02-01 05:06:29.561792,SMMR,25.08,24.96,25.08,2421800.0,,5000.0,2061800.0,0,0
,,,,,,29,2026-02-01 05:06:29.561792,ATMN,25.43,25.09,25.43,1907200.0,5000.0,,2105200.0,0,0
,,,,,,29,2026-02-01 05:06:29.561792,WNTR,24.72,24.62,24.72,2032200.0,2500.0,2500.0,1977700.0,0,0
2.0,1.0,1.0,,Aggregate Position Limit,Your CRO has set the aggregate position limit to 15000 shares for this week.,30,2026-02-01 05:06:30.607692,SPNG,24.77,25.06,25.08,2195600.0,2500.0,1916800.0,5000.0,0,0
1.0,1.0,1.0,,Welcome to the RITC 2026 Alogithmic Market Making Case - practice server,,30,2026-02-01 05:06:30.607692,SMMR,25.1,25.09,25.1,2280300.0,2500.0,2337100.0,,0,0
,,,,,,30,2026-02-01 05:06:30.607692,ATMN,25.43,25.09,25.41,1907200.0,5000.0,2056900.0,,0,0
,,,,,,30,2026-02-01 05:06:30.607692,WNTR,24.61,24.61,24.71,2128600.0,,1882100.0,5000.0,0,0
2.0,1.0,1.0,,Aggregate Position Limit,Your CRO has set the aggregate position limit to 15000 shares for this week.,31,2026-02-01 05:06:31.647731,SPNG,24.9,24.77,24.88,2296400.0,1933600.0,5000.0,,0,0
1.0,1.0,1.0,,Welcome to the RITC 2026 Alogithmic Market Making Case - practice server,,31,2026-02-01 05:06:31.647731,SMMR,24.91,24.91,25.1,2435700.0,2337100.0,,,0,0
,,,,,,31,2026-02-01 05:06:31.647731,ATMN,25.12,25.15,25.17,1905000.0,2036500.0,,5000.0,0,0
,,,,,,31,2026-02-01 05:06:31.647731,WNTR,24.57,24.59,24.7,2038200.0,1838500.0,10000.0,5000.0,0,0
2.0,1.0,1.0,,Aggregate Position Limit,Your CRO has set the aggregate position limit to 15000 shares for this week.,32,2026-02-01 05:06:32.698945,SPNG,25.28,25.12,25.28,2300400.0,1977700.0,2500.0,,0,0
1.0,1.0,1.0,,Welcome to the RITC 2026 Alogithmic Market Making Case - practice server,,32,2026-02-01 05:06:32.698945,SMMR,25.1,24.92,25.1,2257700.0,2335900.0,,5000.0,0,0
,,,,,,32,2026-02-01 05:06:32.698945,ATMN,24.99,25.1,25.16,1804300.0,1936100.0,2500.0,7500.0,0,0
,,,,,,32,2026-02-01 05:06:32.698945,WNTR,24.73,24.59,24.73,2038200.0,2001600.0,2500.0,5000.0,0,0
2.0,1.0,1.0,,Aggregate Position Limit,Your CRO has set the aggregate position limit to 15000 shares for this week.,33,2026-02-01 05:06:33.742758,SPNG,25.36,24.77,25.36,5000.0,2161000.0,2101000.0,,0,0
1.0,1.0,1.0,,Welcome to the RITC 2026 Alogithmic Market Making Case - practice server,,33,2026-02-01 05:06:33.742758,SMMR,25.1,24.92,25.1,5000.0,2281900.0,2323400.0,,0,0
,,,,,,33,2026-02-01 05:06:33.742758,ATMN,25.21,25.1,25.21,7500.0,1789600.0,2073800.0,,0,0
,,,,,,33,2026-02-01 05:06:33.742758,WNTR,24.73,24.6,24.72,10000.0,1888000.0,1915000.0,7500.0,0,0
2.0,1.0,1.0,,Aggregate Position Limit,Your CRO has set the aggregate position limit to 15000 shares for this week.,34,2026-02-01 05:06:34.783576,SPNG,25.36,25.27,25.36,2166100.0,5000.0,2094900.0,,0,0
1.0,1.0,1.0,,Welcome to the RITC 2026 Alogithmic Market Making Case - practice server,,34,2026-02-01 05:06:34.783576,SMMR,25.11,24.93,25.01,2125700.0,7500.0,2169500.0,2500.0,0,0
,,,,,,34,2026-02-01 05:06:34.783576,ATMN,24.96,24.96,25.2,1910500.0,5000.0,1993700.0,5000.0,0,0
,,,,,,34,2026-02-01 05:06:34.783576,WNTR,24.56,24.57,24.71,1973500.0,5000.0,1827700.0,12500.0,0,0
2.0,1.0,1.0,,Aggregate Position Limit,Your CRO has set the aggregate position limit to 15000 shares for this week.,35,2026-02-01 05:06:35.817494,SPNG,25.36,25.27,25.36,2166100.0,5000.0,2099500.0,,0,0
1.0,1.0,1.0,,Welcome to the RITC 2026 Alogithmic Market Making Case - practice server,,35,2026-02-01 05:06:35.817494,SMMR,24.92,24.92,24.97,2391300.0,,2172000.0,2500.0,0,0
,,,,,,35,2026-02-01 05:06:35.817494,ATMN,25.41,24.96,25.41,1947300.0,5000.0,2087700.0,,0,0
,,,,,,35,2026-02-01 05:06:35.817494,WNTR,24.55,24.55,24.69,1893200.0,5000.0,1885500.0,7500.0,0,0
2.0,1.0,1.0,,Aggregate Position Limit,Your CRO has set the aggregate position limit to 15000 shares for this week.,36,2026-02-01 05:06:36.867335,SPNG,25.36,25.27,25.36,2166100.0,5000.0,2125800.0,,0,0
1.0,1.0,1.0,,Welcome to the RITC 2026 Alogithmic Market Making Case - practice server,,36,2026-02-01 05:06:36.867335,SMMR,25.01,24.93,25.01,2393600.0,,2169500.0,2500.0,0,0
,,,,,,36,2026-02-01 05:06:36.867335,ATMN,24.98,25.22,25.41,1948900.0,5000.0,2087700.0,,0,0
,,,,,,36,2026-02-01 05:06:36.867335,WNTR,24.64,24.62,24.64,2008800.0,5000.0,1999900.0,5000.0,0,0
2.0,1.0,1.0,,Aggregate Position Limit,Your CRO has set the aggregate position limit to 15000 shares for this week.,37,2026-02-01 05:06:37.889492,SPNG,24.76,24.76,25.22,2280400.0,2126000.0,,,0,0
1.0,1.0,1.0,,Welcome to the RITC 2026 Alogithmic Market Making Case - practice server,,37,2026-02-01 05:06:37.889492,SMMR,25.01,25.08,25.09,2268200.0,2204200.0,2500.0,2500.0,0,0
,,,,,,37,2026-02-01 05:06:37.889492,ATMN,25.22,24.96,25.16,1947600.0,2097800.0,5000.0,,0,0
,,,,,,37,2026-02-01 05:06:37.889492,WNTR,24.69,24.76,24.77,1977300.0,2136000.0,5000.0,,0,0
2.0,1.0,1.0,,Aggregate Position Limit,Your CRO has set the aggregate position limit to 15000 shares for this week.,38,2026-02-01 05:06:38.949117,SPNG,25.25,24.78,25.25,10000.0,2062400.0,2006600.0,5000.0,0,0
1.0,1.0,1.0,,Welcome to the RITC 2026 Alogithmic Market Making Case - practice server,,38,2026-02-01 05:06:38.949117,SMMR,24.89,24.82,24.87,,2429100.0,2164600.0,2500.0,0,0
,,,,,,38,2026-02-01 05:06:38.949117,ATMN,25.41,24.94,25.41,5000.0,1930200.0,2095800.0,,0,0
,,,,,,38,2026-02-01 05:06:38.949117,WNTR,24.77,24.62,24.77,5000.0,2008800.0,2155600.0,,0,0
2.0,1.0,1.0,,Aggregate Position Limit,Your CRO has set the aggregate position limit to 15000 shares for this week.,39,2026-02-01 05:06:39.996931,SPNG,24.97,24.78,24.82,10000.0,2062400.0,2091200.0,,0,0
1.0,1.0,1.0,,Welcome to the RITC 2026 Alogithmic Market Making Case - practice server,,39,2026-02-01 05:06:39.996931,SMMR,24.87,24.91,25.09,,2389000.0,2204200.0,2500.0,0,0
,,,,,,39,2026-02-01 05:06:39.996931,ATMN,25.43,24.95,25.23,7500.0,1837100.0,1988400.0,2500.0,0,0
,,,,,,39,2026-02-01 05:06:39.996931,WNTR,24.62,24.63,24.64,7500.0,1876400.0,2065900.0,2500.0,0,0
2.0,1.0,1.0,,Aggregate Position Limit,Your CRO has set the aggregate position limit to 15000 shares for this week.,40,2026-02-01 05:06:41.062029,SPNG,25.38,25.03,25.21,2057700.0,10000.0,2097500.0,,0,0
1.0,1.0,1.0,,Welcome to the RITC 2026 Alogithmic Market Making Case - practice server,,40,2026-02-01 05:06:41.062029,SMMR,25.05,25.05,25.09,2408300.0,,2204200.0,2500.0,0,0
,,,,,,40,2026-02-01 05:06:41.062029,ATMN,24.91,24.93,25.23,1949100.0,5000.0,1988400.0,2500.0,0,0
,,,,,,40,2026-02-01 05:06:41.062029,WNTR,24.62,24.56,24.59,1841600.0,10000.0,1970200.0,7500.0,0,0
2.0,1.0,1.0,,Aggregate Position Limit,Your CRO has set the aggregate position limit to 15000 shares for this week.,41,2026-02-01 05:06:42.108518,SPNG,25.04,24.74,24.94,2271300.0,1994800.0,5000.0,,0,0
1.0,1.0,1.0,,Welcome to the RITC 2026 Alogithmic Market Making Case - practice server,,41,2026-02-01 05:06:42.108518,SMMR,25.15,25.05,25.15,2398700.0,2314700.0,,,0,0
,,,,,,41,2026-02-01 05:06:42.108518,ATMN,25.19,25.19,25.23,1985300.0,1989000.0,2500.0,5000.0,0,0
,,,,,,41,2026-02-01 05:06:42.108518,WNTR,24.62,24.56,24.59,1841600.0,1970200.0,7500.0,10000.0,0,0
2.0,1.0,1.0,,Aggregate Position Limit,Your CRO has set the aggregate position limit to 15000 shares for this week.,42,2026-02-01 05:06:43.169718,SPNG,24.95,24.95,25.21,2298200.0,2097500.0,,,0,0
1.0,1.0,1.0,,Welcome to the RITC 2026 Alogithmic Market Making Case - practice server,,42,2026-02-01 05:06:43.169718,SMMR,24.91,24.82,24.89,2412500.0,2298700.0,,,0,0
,,,,,,42,2026-02-01 05:06:43.169718,ATMN,24.89,24.89,25.23,2068500.0,1989000.0,2500.0,2500.0,0,0
,,,,,,42,2026-02-01 05:06:43.169718,WNTR,24.64,24.61,24.64,1843400.0,2065900.0,10000.0,2500.0,0,0
2.0,1.0,1.0,,Aggregate Position Limit,Your CRO has set the aggregate position limit to 15000 shares for this week.,43,2026-02-01 05:06:44.212311,SPNG,24.95,24.75,24.92,2308500.0,2004700.0,5000.0,,0,0
1.0,1.0,1.0,,Welcome to the RITC 2026 Alogithmic Market Making Case - practice server,,43,2026-02-01 05:06:44.212311,SMMR,24.91,24.86,24.89,2397900.0,2285400.0,,,0,0
,,,,,,43,2026-02-01 05:06:44.212311,ATMN,25.35,25.0,25.35,2083500.0,1979700.0,2500.0,2500.0,0,0
,,,,,,43,2026-02-01 05:06:44.212311,WNTR,24.64,24.61,24.64,1843400.0,2065900.0,2500.0,10000.0,0,0
2.0,1.0,1.0,,Aggregate Position Limit,Your CRO has set the aggregate position limit to 15000 shares for this week.,44,2026-02-01 05:06:45.254445,SPNG,24.92,24.99,25.2,2301400.0,5000.0,2004200.0,,0,0
1.0,1.0,1.0,,Welcome to the RITC 2026 Alogithmic Market Making Case - practice server,,44,2026-02-01 05:06:45.254445,SMMR,24.89,24.89,25.15,2362700.0,,2275200.0,,0,0
,,,,,,44,2026-02-01 05:06:45.254445,ATMN,25.41,25.01,25.34,1964200.0,2500.0,1998400.0,5000.0,0,0
,,,,,,44,2026-02-01 05:06:45.254445,WNTR,24.54,24.54,24.64,1965800.0,2500.0,2086100.0,5000.0,0,0
2.0,1.0,1.0,,Aggregate Position Limit,Your CRO has set the aggregate position limit to 15000 shares for this week.,45,2026-02-01 05:06:46.305712,SPNG,24.98,24.87,24.98,2234500.0,1926700.0,7500.0,,0,0
1.0,1.0,1.0,,Welcome to the RITC 2026 Alogithmic Market Making Case - practice server,,45,2026-02-01 05:06:46.305712,SMMR,25.15,25.03,25.14,2240400.0,2182000.0,5000.0,5000.0,0,0
,,,,,,45,2026-02-01 05:06:46.305712,ATMN,25.41,25.0,25.41,2079100.0,1998400.0,5000.0,5000.0,0,0
,,,,,,45,2026-02-01 05:06:46.305712,WNTR,24.7,24.54,24.69,1974100.0,2176400.0,,5000.0,0,0
2.0,1.0,1.0,,Aggregate Position Limit,Your CRO has set the aggregate position limit to 15000 shares for this week.,46,2026-02-01 05:06:47.397893,SPNG,25.4,24.97,25.4,2500.0,2105000.0,2084100.0,,0,0
1.0,1.0,1.0,,Welcome to the RITC 2026 Alogithmic Market Making Case - practice server,,46,2026-02-01 05:06:47.397893,SMMR,24.86,24.86,25.12,,2391600.0,2203600.0,5000.0,0,0
,,,,,,46,2026-02-01 05:06:47.397893,ATMN,25.25,25.25,25.4,5000.0,2074900.0,1998400.0,5000.0,0,0
,,,,,,46,2026-02-01 05:06:47.397893,WNTR,24.69,24.61,24.69,7500.0,1876400.0,2176400.0,,0,0
2.0,1.0,1.0,,Aggregate Position Limit,Your CRO has set the aggregate position limit to 15000 shares for this week.,47,2026-02-01 05:06:48.433616,SPNG,24.87,24.87,25.4,2276700.0,2114900.0,,,0,0
1.0,1.0,1.0,,Welcome to the RITC 2026 Alogithmic Market Making Case - practice server,,47,2026-02-01 05:06:48.433616,SMMR,24.82,25.04,25.12,2418300.0,2075400.0,7500.0,,0,0
,,,,,,47,2026-02-01 05:06:48.433616,ATMN,25.25,25.25,25.39,1974000.0,1960900.0,2500.0,7500.0,0,0
,,,,,,47,2026-02-01 05:06:48.433616,WNTR,24.69,24.65,24.68,1779600.0,2075200.0,2500.0,10000.0,0,0
2.0,1.0,1.0,,Aggregate Position Limit,Your CRO has set the aggregate position limit to 15000 shares for this week.,48,2026-02-01 05:06:49.469891,SPNG,24.75,24.75,25.4,2289400.0,2114900.0,,,0,0
1.0,1.0,1.0,,Welcome to the RITC 2026 Alogithmic Market Making Case - practice server,,48,2026-02-01 05:06:49.469891,SMMR,25.04,24.82,24.86,2401000.0,2075700.0,7500.0,,0,0
,,,,,,48,2026-02-01 05:06:49.469891,ATMN,25.51,25.25,25.41,1974000.0,2103300.0,,7500.0,0,0
,,,,,,48,2026-02-01 05:06:49.469891,WNTR,24.67,24.65,24.67,1779600.0,2042400.0,2500.0,10000.0,0,0
2.0,1.0,1.0,,Aggregate Position Limit,Your CRO has set the aggregate position limit to 15000 shares for this week.,49,2026-02-01 05:06:50.507791,SPNG,24.74,25.05,25.39,2120200.0,5000.0,5000.0,2023200.0,0,0
1.0,1.0,1.0,,Welcome to the RITC 2026 Alogithmic Market Making Case - practice server,,49,2026-02-01 05:06:50.507791,SMMR,24.98,24.82,24.98,2401000.0,,10000.0,1968200.0,0,0
,,,,,,49,2026-02-01 05:06:50.507791,ATMN,25.41,25.08,25.41,1958900.0,7500.0,,2103300.0,0,0
,,,,,,49,2026-02-01 05:06:50.507791,WNTR,24.67,24.65,24.67,1741800.0,10000.0,2500.0,2041500.0,0,0
2.0,1.0,1.0,,Aggregate Position Limit,Your CRO has set the aggregate position limit to 15000 shares for this week.,50,2026-02-01 05:06:51.533413,SPNG,24.83,25.1,25.39,2127900.0,5000.0,5000.0,2023200.0,0,0
1.0,1.0,1.0,,Welcome to the RITC 2026 Alogithmic Market Making Case - practice server,,50,2026-02-01 05:06:51.533413,SMMR,25.07,24.87,24.96,2278400.0,2500.0,10000.0,1974000.0,0,0
,,,,,,50,2026-02-01 05:06:51.533413,ATMN,25.54,24.98,25.54,2177700.0,,,2095700.0,0,0
,,,,,,50,2026-02-01 05:06:51.533413,WNTR,24.65,24.65,24.7,1714600.0,10000.0,,2132800.0,0,0
2.0,1.0,1.0,,Aggregate Position Limit,Your CRO has set the aggregate position limit to 15000 shares for this week.,51,2026-02-01 05:06:52.566472,SPNG,24.83,24.84,25.25,10000.0,1998300.0,10000.0,1939200.0,0,0
1.0,1.0,1.0,,Welcome to the RITC 2026 Alogithmic Market Making Case - practice server,,51,2026-02-01 05:06:52.566472,SMMR,24.95,24.95,24.96,2500.0,2239700.0,10000.0,1974000.0,0,0
,,,,,,51,2026-02-01 05:06:52.566472,ATMN,25.54,25.26,25.53,5000.0,2056000.0,5000.0,1962900.0,0,0
,,,,,,51,2026-02-01 05:06:52.566472,WNTR,24.64,24.64,24.68,10000.0,1730600.0,,2123600.0,0,0
2.0,1.0,1.0,,Aggregate Position Limit,Your CRO has set the aggregate position limit to 15000 shares for this week.,52,2026-02-01 05:06:53.599173,SPNG,24.83,25.17,25.24,12500.0,1919700.0,12500.0,1845900.0,0,0
1.0,1.0,1.0,,Welcome to the RITC 2026 Alogithmic Market Making Case - practice server,,52,2026-02-01 05:06:53.599173,SMMR,25.0,24.95,25.0,2500.0,2239700.0,7500.0,2097500.0,0,0
,,,,,,52,2026-02-01 05:06:53.599173,ATMN,25.29,24.98,25.29,,2177700.0,5000.0,1984400.0,0,0
,,,,,,52,2026-02-01 05:06:53.599173,WNTR,24.68,24.64,24.68,10000.0,1708100.0,,2130200.0,0,0
2.0,1.0,1.0,,Aggregate Position Limit,Your CRO has set the aggregate position limit to 15000 shares for this week.,54,2026-02-01 05:06:54.648922,SPNG,25.4,24.84,25.4,10000.0,2038700.0,2114900.0,,0,0
1.0,1.0,1.0,,Welcome to the RITC 2026 Alogithmic Market Making Case - practice server,,54,2026-02-01 05:06:54.648922,SMMR,25.07,24.96,25.07,5000.0,2142400.0,2067300.0,7500.0,0,0
,,,,,,54,2026-02-01 05:06:54.648922,ATMN,25.44,25.15,25.44,2500.0,2058800.0,1994200.0,5000.0,0,0
,,,,,,54,2026-02-01 05:06:54.648922,WNTR,24.64,24.64,24.68,10000.0,1735600.0,2150300.0,,0,0
2.0,1.0,1.0,,Aggregate Position Limit,Your CRO has set the aggregate position limit to 15000 shares for this week.,55,2026-02-01 05:06:55.674238,SPNG,24.81,25.04,25.25,2010600.0,10000.0,2018700.0,5000.0,0,0
1.0,1.0,1.0,,Welcome to the RITC 2026 Alogithmic Market Making Case - practice server,,55,2026-02-01 05:06:55.674238,SMMR,25.08,25.04,25.06,2305400.0,2500.0,1941300.0,10000.0,0,0
,,,,,,55,2026-02-01 05:06:55.674238,ATMN,25.08,25.28,25.44,2060000.0,2500.0,1994200.0,5000.0,0,0
,,,,,,55,2026-02-01 05:06:55.674238,WNTR,24.61,24.61,24.68,1840900.0,7500.0,2121400.0,,0,0
2.0,1.0,1.0,,Aggregate Position Limit,Your CRO has set the aggregate position limit to 15000 shares for this week.,56,2026-02-01 05:06:56.715268,SPNG,25.25,25.05,25.15,12500.0,1897800.0,1926900.0,7500.0,0,0
1.0,1.0,1.0,,Welcome to the RITC 2026 Alogithmic Market Making Case - practice server,,56,2026-02-01 05:06:56.715268,SMMR,25.04,24.81,25.0,2500.0,2293500.0,1927000.0,10000.0,0,0
,,,,,,56,2026-02-01 05:06:56.715268,ATMN,25.54,25.2,25.54,2500.0,2076800.0,2085500.0,,0,0
,,,,,,56,2026-02-01 05:06:56.715268,WNTR,24.59,24.55,24.59,2500.0,1942800.0,2043400.0,2500.0,0,0
2.0,1.0,1.0,,Aggregate Position Limit,Your CRO has set the aggregate position limit to 15000 shares for this week.,57,2026-02-01 05:06:57.754844,SPNG,25.21,24.85,25.21,10000.0,2009300.0,2133700.0,,0,0
1.0,1.0,1.0,,Welcome to the RITC 2026 Alogithmic Market Making Case - practice server,,57,2026-02-01 05:06:57.754844,SMMR,24.8,24.8,24.99,,2427800.0,1822800.0,12500.0,0,0
,,,,,,57,2026-02-01 05:06:57.754844,ATMN,25.37,25.2,25.37,2500.0,2074900.0,2056200.0,,0,0
,,,,,,57,2026-02-01 05:06:57.754844,WNTR,24.74,24.6,24.73,5000.0,1862500.0,2028100.0,2500.0,0,0
2.0,1.0,1.0,,Aggregate Position Limit,Your CRO has set the aggregate position limit to 15000 shares for this week.,58,2026-02-01 05:06:58.794979,SPNG,25.08,25.08,25.21,2240700.0,2133700.0,0,0,0,0
1.0,1.0,1.0,,Welcome to the RITC 2026 Alogithmic Market Making Case - practice server,,58,2026-02-01 05:06:58.794979,SMMR,25.08,25.04,25.08,2422200.0,2262100.0,0,0,0,0
,,,,,,58,2026-02-01 05:06:58.794979,ATMN,25.19,25.41,25.56,2179000.0,2064000.0,0,0,0,0
,,,,,,58,2026-02-01 05:06:58.794979,WNTR,24.74,24.69,24.74,2094900.0,2128000.0,0,0,0,0
2.0,1.0,1.0,,Aggregate Position Limit,Your CRO has set the aggregate position limit to 15000 shares for this week.,59,2026-02-01 05:06:59.829933,SPNG,24.74,24.78,25.21,2280600.0,2136100.0,0,0,0,0
1.0,1.0,1.0,,Welcome to the RITC 2026 Alogithmic Market Making Case - practice server,,59,2026-02-01 05:06:59.829933,SMMR,25.04,25.04,25.08,2422200.0,2275000.0,0,0,0,0
,,,,,,59,2026-02-01 05:06:59.829933,ATMN,25.57,25.19,25.57,2194100.0,2072000.0,0,0,0,0
,,,,,,59,2026-02-01 05:06:59.829933,WNTR,24.69,24.69,24.74,2094900.0,2116200.0,0,0,0,0
2.0,1.0,1.0,,Aggregate Position Limit,Your CRO has set the aggregate position limit to 15000 shares for this week.,60,2026-02-01 05:07:00.858023,SPNG,25.36,25.39,0.0,200000.0,,0,0,0,0
1.0,1.0,1.0,,Welcome to the RITC 2026 Alogithmic Market Making Case - practice server,,60,2026-02-01 05:07:00.858023,SMMR,25.04,24.73,0.0,200000.0,,0,0,0,0
,,,,,,60,2026-02-01 05:07:00.858023,ATMN,25.13,25.13,25.58,995400.0,761600.0,0,0,0,0
,,,,,,60,2026-02-01 05:07:00.858023,WNTR,24.75,25.86,0.0,200000.0,,0,0,0,0
2.0,1.0,1.0,,Aggregate Position Limit,Your CRO has set the aggregate position limit to 15000 shares for this week.,61,2026-02-01 05:07:01.883925,SPNG,25.39,24.74,24.99,1115100.0,1035300.0,0,0,0,0
1.0,1.0,1.0,,Welcome to the RITC 2026 Alogithmic Market Making Case - practice server,,61,2026-02-01 05:07:01.883925,SMMR,24.75,24.78,24.95,1072900.0,826400.0,0,0,0,0
,,,,,,61,2026-02-01 05:07:01.883925,ATMN,25.13,25.13,25.21,995400.0,1054800.0,0,0,0,0
,,,,,,61,2026-02-01 05:07:01.883925,WNTR,25.86,25.3,25.4,976700.0,771900.0,0,0,0,0
2.0,1.0,1.0,,Aggregate Position Limit,Your CRO has set the aggregate position limit to 15000 shares for this week.,62,2026-02-01 05:07:02.917529,SPNG,25.4,25.02,25.4,1427600.0,2500.0,928700.0,,0,0
1.0,1.0,1.0,,Welcome to the RITC 2026 Alogithmic Market Making Case - practice server,,62,2026-02-01 05:07:02.917529,SMMR,24.42,24.42,24.83,951900.0,,945600.0,2500.0,0,0
,,,,,,62,2026-02-01 05:07:02.917529,ATMN,25.2,25.14,25.19,995400.0,2500.0,1364600.0,2500.0,0,0
,,,,,,62,2026-02-01 05:07:02.917529,WNTR,25.4,25.3,25.4,1280200.0,,771900.0,,0,0
2.0,1.0,1.0,,Aggregate Position Limit,Your CRO has set the aggregate position limit to 15000 shares for this week.,63,2026-02-01 05:07:03.948047,SPNG,25.67,25.67,25.93,1791700.0,5000.0,805500.0,,0,0
1.0,1.0,1.0,,Welcome to the RITC 2026 Alogithmic Market Making Case - practice server,,63,2026-02-01 05:07:03.948047,SMMR,24.42,24.76,24.83,1323000.0,,945600.0,2500.0,0,0
,,,,,,63,2026-02-01 05:07:03.948047,ATMN,25.2,25.14,25.2,995400.0,2500.0,1468200.0,,0,0
,,,,,,63,2026-02-01 05:07:03.948047,WNTR,25.6,25.4,25.6,1513700.0,2500.0,760200.0,,0,0
2.0,1.0,1.0,,Aggregate Position Limit,Your CRO has set the aggregate position limit to 15000 shares for this week.,64,2026-02-01 05:07:04.976763,SPNG,25.67,25.69,25.85,7500.0,1791700.0,1128500.0,,0,0
1.0,1.0,1.0,,Welcome to the RITC 2026 Alogithmic Market Making Case - practice server,,64,2026-02-01 05:07:04.976763,SMMR,24.75,24.65,24.67,,1198200.0,1289000.0,5000.0,0,0
,,,,,,64,2026-02-01 05:07:04.976763,ATMN,24.5,24.5,25.15,,1049600.0,1810600.0,,0,0
,,,,,,64,2026-02-01 05:07:04.976763,WNTR,25.6,25.6,25.64,2500.0,1843300.0,730800.0,,0,0
2.0,1.0,1.0,,Aggregate Position Limit,Your CRO has set the aggregate position limit to 15000 shares for this week.,65,2026-02-01 05:07:06.001823,SPNG,25.05,25.06,25.85,1667500.0,2500.0,1128500.0,2500.0,0,0
1.0,1.0,1.0,,Welcome to the RITC 2026 Alogithmic Market Making Case - practice server,,65,2026-02-01 05:07:06.001823,SMMR,24.67,24.65,24.67,1588100.0,,1153400.0,5000.0,0,0
,,,,,,65,2026-02-01 05:07:06.001823,ATMN,24.5,24.93,25.14,1391700.0,5000.0,1810600.0,5000.0,0,0
,,,,,,65,2026-02-01 05:07:06.001823,WNTR,25.78,25.66,25.78,2033400.0,2500.0,733500.0,,0,0
2.0,1.0,1.0,,Aggregate Position Limit,Your CRO has set the aggregate position limit to 15000 shares for this week.,66,2026-02-01 05:07:07.036869,SPNG,25.23,25.43,25.85,1671300.0,2500.0,1128500.0,2500.0,0,0
1.0,1.0,1.0,,Welcome to the RITC 2026 Alogithmic Market Making Case - practice server,,66,2026-02-01 05:07:07.036869,SMMR,24.75,24.67,24.75,1840900.0,,1157300.0,5000.0,0,0
,,,,,,66,2026-02-01 05:07:07.036869,ATMN,25.33,24.93,25.33,1391700.0,5000.0,1488900.0,,0,0
,,,,,,66,2026-02-01 05:07:07.036869,WNTR,25.78,25.69,25.78,1985900.0,2500.0,733500.0,,0,0
2.0,1.0,1.0,,Aggregate Position Limit,Your CRO has set the aggregate position limit to 15000 shares for this week.,67,2026-02-01 05:07:08.072259,SPNG,24.97,25.67,25.8,1562600.0,2500.0,1348200.0,2500.0,0,0
1.0,1.0,1.0,,Welcome to the RITC 2026 Alogithmic Market Making Case - practice server,,67,2026-02-01 05:07:08.072259,SMMR,24.65,24.65,24.75,1567000.0,,1157300.0,5000.0,0,0
,,,,,,67,2026-02-01 05:07:08.072259,ATMN,25.33,24.93,25.33,1517900.0,5000.0,1488900.0,,0,0
,,,,,,67,2026-02-01 05:07:08.072259,WNTR,25.89,25.74,25.83,2015900.0,2500.0,853200.0,,0,0
2.0,1.0,1.0,,Aggregate Position Limit,Your CRO has set the aggregate position limit to 15000 shares for this week.,68,2026-02-01 05:07:09.120391,SPNG,25.85,24.68,25.85,1243900.0,1255700.0,2500.0,,0,0
1.0,1.0,1.0,,Welcome to the RITC 2026 Alogithmic Market Making Case - practice server,,68,2026-02-01 05:07:09.120391,SMMR,24.83,24.65,24.83,1663400.0,1168300.0,2500.0,,0,0
,,,,,,68,2026-02-01 05:07:09.120391,ATMN,25.33,24.93,25.24,1643600.0,1617800.0,,5000.0,0,0
,,,,,,68,2026-02-01 05:07:09.120391,WNTR,26.01,26.2,26.21,2010900.0,937200.0,,2500.0,0,0
2.0,1.0,1.0,,Aggregate Position Limit,Your CRO has set the aggregate position limit to 15000 shares for this week.,69,2026-02-01 05:07:10.141459,SPNG,25.93,25.61,25.93,1553000.0,1024700.0,,,0,0
1.0,1.0,1.0,,Welcome to the RITC 2026 Alogithmic Market Making Case - practice server,,69,2026-02-01 05:07:10.141459,SMMR,24.85,24.65,24.85,1874500.0,1049100.0,2500.0,,0,0
,,,,,,69,2026-02-01 05:07:10.141459,ATMN,25.24,24.78,25.24,1651400.0,1727100.0,,5000.0,0,0
,,,,,,69,2026-02-01 05:07:10.141459,WNTR,25.74,25.74,26.07,2015900.0,1130400.0,,2500.0,0,0
2.0,1.0,1.0,,Aggregate Position Limit,Your CRO has set the aggregate position limit to 15000 shares for this week.,70,2026-02-01 05:07:11.175979,SPNG,24.68,24.29,24.55,1330400.0,1377500.0,,,0,0
1.0,1.0,1.0,,Welcome to the RITC 2026 Alogithmic Market Making Case - practice server,,70,2026-02-01 05:07:11.175979,SMMR,24.76,24.65,24.68,2003100.0,1262800.0,2500.0,,0,0
,,,,,,70,2026-02-01 05:07:11.175979,ATMN,24.79,24.79,25.24,1921100.0,1727100.0,,5000.0,0,0
,,,,,,70,2026-02-01 05:07:11.175979,WNTR,25.8,25.89,26.07,2005100.0,1241600.0,,2500.0,0,0
2.0,1.0,1.0,,Aggregate Position Limit,Your CRO has set the aggregate position limit to 15000 shares for this week.,71,2026-02-01 05:07:12.208687,SPNG,25.79,24.41,25.79,1552800.0,1276100.0,,,0,0
1.0,1.0,1.0,,Welcome to the RITC 2026 Alogithmic Market Making Case - practice server,,71,2026-02-01 05:07:12.208687,SMMR,24.78,24.65,24.76,2105900.0,1273400.0,2500.0,,0,0
,,,,,,71,2026-02-01 05:07:12.208687,ATMN,24.59,24.59,25.24,1781000.0,1727100.0,,,0,0
,,,,,,71,2026-02-01 05:07:12.208687,WNTR,26.07,25.68,26.07,1992700.0,1241600.0,,2500.0,0,0
2.0,1.0,1.0,,Aggregate Position Limit,Your CRO has set the aggregate position limit to 15000 shares for this week.,72,2026-02-01 05:07:13.243299,SPNG,24.58,24.58,25.79,1691300.0,1371000.0,,,0,0
1.0,1.0,1.0,,Welcome to the RITC 2026 Alogithmic Market Making Case - practice server,,72,2026-02-01 05:07:13.243299,SMMR,24.89,24.65,24.84,2105900.0,1019500.0,2500.0,,0,0
,,,,,,72,2026-02-01 05:07:13.243299,ATMN,24.59,24.95,24.98,2158100.0,1822600.0,,,0,0
,,,,,,72,2026-02-01 05:07:13.243299,WNTR,26.07,25.84,25.85,1978100.0,1436400.0,,2500.0,0,0
2.0,1.0,1.0,,Aggregate Position Limit,Your CRO has set the aggregate position limit to 15000 shares for this week.,73,2026-02-01 05:07:14.275507,SPNG,25.24,24.58,24.99,1691300.0,1605100.0,,,0,0
1.0,1.0,1.0,,Welcome to the RITC 2026 Alogithmic Market Making Case - practice server,,73,2026-02-01 05:07:14.275507,SMMR,24.84,24.65,24.84,2105900.0,1218600.0,2500.0,,0,0
,,,,,,73,2026-02-01 05:07:14.275507,ATMN,24.59,24.97,24.98,2456800.0,1822600.0,,,0,0
,,,,,,73,2026-02-01 05:07:14.275507,WNTR,25.66,25.66,25.85,1995400.0,1436400.0,,2500.0,0,0
2.0,1.0,1.0,,Aggregate Position Limit,Your CRO has set the aggregate position limit to 15000 shares for this week.,74,2026-02-01 05:07:15.310980,SPNG,25.78,24.76,25.45,1802900.0,1708600.0,,,0,0
1.0,1.0,1.0,,Welcome to the RITC 2026 Alogithmic Market Making Case - practice server,,74,2026-02-01 05:07:15.310980,SMMR,24.89,24.65,24.89,2105900.0,1342700.0,2500.0,,0,0
,,,,,,74,2026-02-01 05:07:15.310980,ATMN,24.97,24.97,25.17,2456800.0,1729900.0,,,0,0
,,,,,,74,2026-02-01 05:07:15.310980,WNTR,25.9,25.66,25.9,1995400.0,1341700.0,,2500.0,0,0
2.0,1.0,1.0,,Aggregate Position Limit,Your CRO has set the aggregate position limit to 15000 shares for this week.,75,2026-02-01 05:07:16.340141,SPNG,25.78,25.07,25.45,2142900.0,1708600.0,,,0,0
1.0,1.0,1.0,,Welcome to the RITC 2026 Alogithmic Market Making Case - practice server,,75,2026-02-01 05:07:16.340141,SMMR,24.89,24.89,24.92,2232400.0,1441000.0,2500.0,,0,0
,,,,,,75,2026-02-01 05:07:16.340141,ATMN,24.93,24.93,25.13,2229500.0,1952700.0,,,0,0
,,,,,,75,2026-02-01 05:07:16.340141,WNTR,25.9,25.71,25.74,2018200.0,1531600.0,,2500.0,0,0
2.0,1.0,1.0,,Aggregate Position Limit,Your CRO has set the aggregate position limit to 15000 shares for this week.,76,2026-02-01 05:07:17.370268,SPNG,25.81,25.07,25.81,2142900.0,1733000.0,,,0,0
1.0,1.0,1.0,,Welcome to the RITC 2026 Alogithmic Market Making Case - practice server,,76,2026-02-01 05:07:17.370268,SMMR,24.83,24.69,24.83,2242500.0,1664900.0,2500.0,,0,0
,,,,,,76,2026-02-01 05:07:17.370268,ATMN,24.95,24.93,24.95,2229500.0,2078800.0,,,0,0
,,,,,,76,2026-02-01 05:07:17.370268,WNTR,25.74,25.83,25.87,1990500.0,1537600.0,,2500.0,0,0
2.0,1.0,1.0,,Aggregate Position Limit,Your CRO has set the aggregate position limit to 15000 shares for this week.,77,2026-02-01 05:07:18.409146,SPNG,24.76,24.67,24.74,2121000.0,1866800.0,,0,0,0
1.0,1.0,1.0,,Welcome to the RITC 2026 Alogithmic Market Making Case - practice server,,77,2026-02-01 05:07:18.409146,SMMR,24.93,24.88,24.93,2379400.0,1469600.0,,0,0,0
,,,,,,77,2026-02-01 05:07:18.409146,ATMN,24.91,24.91,24.95,2139100.0,2081700.0,,0,0,0
,,,,,,77,2026-02-01 05:07:18.409146,WNTR,25.74,25.74,25.87,1999400.0,1537600.0,2500.0,0,0,0
2.0,1.0,1.0,,Aggregate Position Limit,Your CRO has set the aggregate position limit to 15000 shares for this week.,78,2026-02-01 05:07:19.448911,SPNG,25.81,24.67,25.81,2337500.0,1733000.0,,0,0,0
1.0,1.0,1.0,,Welcome to the RITC 2026 Alogithmic Market Making Case - practice server,,78,2026-02-01 05:07:19.448911,SMMR,24.65,24.65,24.91,2105900.0,1697200.0,,0,0,0
,,,,,,78,2026-02-01 05:07:19.448911,ATMN,24.91,24.91,24.95,2352600.0,2096400.0,,0,0,0
,,,,,,78,2026-02-01 05:07:19.448911,WNTR,25.71,25.71,25.75,1977400.0,1628700.0,2500.0,0,0,0
2.0,1.0,1.0,,Aggregate Position Limit,Your CRO has set the aggregate position limit to 15000 shares for this week.,79,2026-02-01 05:07:20.482011,SPNG,25.81,25.22,25.67,2480400.0,1849600.0,,0,0,0
1.0,1.0,1.0,,Welcome to the RITC 2026 Alogithmic Market Making Case - practice server,,79,2026-02-01 05:07:20.482011,SMMR,24.63,24.63,24.82,1980400.0,1959800.0,,0,0,0
,,,,,,79,2026-02-01 05:07:20.482011,ATMN,24.96,24.92,24.96,2242900.0,2096100.0,,0,0,0
,,,,,,79,2026-02-01 05:07:20.482011,WNTR,25.75,25.71,25.75,1959600.0,1628700.0,2500.0,0,0,0
2.0,1.0,1.0,,Aggregate Position Limit,Your CRO has set the aggregate position limit to 15000 shares for this week.,80,2026-02-01 05:07:21.512561,SPNG,25.81,25.84,25.93,2429100.0,1732100.0,,0,0,0
1.0,1.0,1.0,,Welcome to the RITC 2026 Alogithmic Market Making Case - practice server,,80,2026-02-01 05:07:21.512561,SMMR,24.67,24.69,24.82,2226200.0,1959800.0,,0,0,0
,,,,,,80,2026-02-01 05:07:21.512561,ATMN,24.59,24.59,25.04,2104700.0,2082700.0,,0,0,0
,,,,,,80,2026-02-01 05:07:21.512561,WNTR,25.87,25.88,25.9,1958200.0,1539300.0,2500.0,0,0,0
2.0,1.0,1.0,,Aggregate Position Limit,Your CRO has set the aggregate position limit to 15000 shares for this week.,81,2026-02-01 05:07:22.552341,SPNG,25.22,25.22,25.62,2480400.0,2061600.0,,0,0,0
1.0,1.0,1.0,,Welcome to the RITC 2026 Alogithmic Market Making Case - practice server,,81,2026-02-01 05:07:22.552341,SMMR,24.57,24.57,24.82,1998500.0,2064100.0,,0,0,0
,,,,,,81,2026-02-01 05:07:22.552341,ATMN,24.57,24.79,25.17,2126000.0,1922200.0,,0,0,0
,,,,,,81,2026-02-01 05:07:22.552341,WNTR,25.7,25.7,25.84,1967700.0,1758000.0,2500.0,0,0,0
2.0,1.0,1.0,,Aggregate Position Limit,Your CRO has set the aggregate position limit to 15000 shares for this week.,82,2026-02-01 05:07:23.588487,SPNG,25.62,25.62,25.79,2508500.0,2074100.0,,0,0,0
1.0,1.0,1.0,,Welcome to the RITC 2026 Alogithmic Market Making Case - practice server,,82,2026-02-01 05:07:23.588487,SMMR,24.76,24.64,24.76,2105800.0,2199300.0,,0,0,0
,,,,,,82,2026-02-01 05:07:23.588487,ATMN,24.57,24.85,25.14,2240500.0,2065000.0,,0,0,0
,,,,,,82,2026-02-01 05:07:23.588487,WNTR,25.84,25.74,25.84,1983300.0,1758000.0,2500.0,0,0,0
2.0,1.0,1.0,,Aggregate Position Limit,Your CRO has set the aggregate position limit to 15000 shares for this week.,83,2026-02-01 05:07:24.623789,SPNG,25.62,24.88,25.41,2506700.0,2260200.0,,0,0,0
1.0,1.0,1.0,,Welcome to the RITC 2026 Alogithmic Market Making Case - practice server,,83,2026-02-01 05:07:24.623789,SMMR,24.76,24.64,24.72,2390400.0,2198700.0,,0,0,0
,,,,,,83,2026-02-01 05:07:24.623789,ATMN,24.79,24.79,25.14,2126000.0,2072000.0,,0,0,0
,,,,,,83,2026-02-01 05:07:24.623789,WNTR,25.78,25.78,25.84,1953600.0,1758000.0,2500.0,0,0,0
2.0,1.0,1.0,,Aggregate Position Limit,Your CRO has set the aggregate position limit to 15000 shares for this week.,84,2026-02-01 05:07:25.655333,SPNG,25.69,25.12,25.23,2469100.0,2289700.0,,0,0,0
1.0,1.0,1.0,,Welcome to the RITC 2026 Alogithmic Market Making Case - practice server,,84,2026-02-01 05:07:25.655333,SMMR,24.84,24.64,24.84,2388600.0,2035700.0,,0,0,0
,,,,,,84,2026-02-01 05:07:25.655333,ATMN,24.79,24.79,24.81,2460100.0,2065800.0,,0,0,0
,,,,,,84,2026-02-01 05:07:25.655333,WNTR,25.84,25.84,25.9,1961100.0,1640900.0,2500.0,0,0,0
2.0,1.0,1.0,,Aggregate Position Limit,Your CRO has set the aggregate position limit to 15000 shares for this week.,85,2026-02-01 05:07:26.683606,SPNG,25.69,25.15,25.23,2376100.0,2289700.0,,0,0,0
1.0,1.0,1.0,,Welcome to the RITC 2026 Alogithmic Market Making Case - practice server,,85,2026-02-01 05:07:26.683606,SMMR,24.84,24.82,24.84,2400400.0,2035700.0,,0,0,0
,,,,,,85,2026-02-01 05:07:26.683606,ATMN,24.57,24.57,24.81,2356000.0,2071600.0,,0,0,0
,,,,,,85,2026-02-01 05:07:26.683606,WNTR,25.78,25.78,25.9,1980100.0,1640900.0,2500.0,0,0,0
2.0,1.0,1.0,,Aggregate Position Limit,Your CRO has set the aggregate position limit to 15000 shares for this week.,86,2026-02-01 05:07:27.722553,SPNG,25.23,25.26,25.72,2377000.0,2283300.0,0,0,0,0
1.0,1.0,1.0,,Welcome to the RITC 2026 Alogithmic Market Making Case - practice server,,86,2026-02-01 05:07:27.722553,SMMR,24.93,24.76,24.93,2406800.0,1822800.0,0,0,0,0
,,,,,,86,2026-02-01 05:07:27.722553,ATMN,24.62,24.57,24.62,2426200.0,2106300.0,0,0,0,0
,,,,,,86,2026-02-01 05:07:27.722553,WNTR,25.85,25.85,25.9,2068800.0,1846400.0,0,0,0,0
2.0,1.0,1.0,,Aggregate Position Limit,Your CRO has set the aggregate position limit to 15000 shares for this week.,87,2026-02-01 05:07:28.758582,SPNG,25.15,25.26,25.34,2382400.0,2326000.0,0,0,0,0
1.0,1.0,1.0,,Welcome to the RITC 2026 Alogithmic Market Making Case - practice server,,87,2026-02-01 05:07:28.758582,SMMR,24.77,24.76,24.77,2406800.0,2066700.0,0,0,0,0
,,,,,,87,2026-02-01 05:07:28.758582,ATMN,24.96,24.77,24.96,2366900.0,2091400.0,0,0,0,0
,,,,,,87,2026-02-01 05:07:28.758582,WNTR,25.9,25.92,25.93,2091200.0,1845900.0,0,0,0,0
2.0,1.0,1.0,,Aggregate Position Limit,Your CRO has set the aggregate position limit to 15000 shares for this week.,89,2026-02-01 05:07:29.813714,SPNG,25.34,25.39,25.5,2400700.0,2304400.0,0,0,0,0
1.0,1.0,1.0,,Welcome to the RITC 2026 Alogithmic Market Making Case - practice server,,89,2026-02-01 05:07:29.813714,SMMR,24.76,24.64,24.72,2386400.0,2192800.0,0,0,0,0
,,,,,,89,2026-02-01 05:07:29.813714,ATMN,24.52,24.74,24.88,2374900.0,2103900.0,0,0,0,0
,,,,,,89,2026-02-01 05:07:29.813714,WNTR,25.85,25.78,25.84,2116400.0,1956300.0,0,0,0,0
2.0,1.0,1.0,,Aggregate Position Limit,Your CRO has set the aggregate position limit to 15000 shares for this week.,90,2026-02-01 05:07:30.846995,SPNG,25.5,25.27,25.5,2368900.0,2294800.0,0,0,0,0
1.0,1.0,1.0,,Welcome to the RITC 2026 Alogithmic Market Making Case - practice server,,90,2026-02-01 05:07:30.846995,SMMR,24.64,24.64,24.72,2399000.0,2192800.0,0,0,0,0
,,,,,,90,2026-02-01 05:07:30.846995,ATMN,24.65,24.65,24.83,2439300.0,2161000.0,0,0,0,0
,,,,,,90,2026-02-01 05:07:30.846995,WNTR,25.75,25.75,25.76,2127500.0,1949000.0,0,0,0,0
2.0,1.0,1.0,,Aggregate Position Limit,Your CRO has set the aggregate position limit to 15000 shares for this week.,91,2026-02-01 05:07:31.879542,SPNG,25.26,25.26,25.55,2391900.0,2282900.0,0,0,0,0
1.0,1.0,1.0,,Welcome to the RITC 2026 Alogithmic Market Making Case - practice server,,91,2026-02-01 05:07:31.879542,SMMR,24.64,24.68,24.72,2398000.0,2192800.0,0,0,0,0
,,,,,,91,2026-02-01 05:07:31.879542,ATMN,24.88,24.65,24.76,2439300.0,2162400.0,0,0,0,0
,,,,,,91,2026-02-01 05:07:31.879542,WNTR,25.76,25.75,25.76,2121000.0,1980900.0,0,0,0,0
2.0,1.0,1.0,,Aggregate Position Limit,Your CRO has set the aggregate position limit to 15000 shares for this week.,92,2026-02-01 05:07:32.907845,SPNG,25.52,25.52,25.55,2424300.0,2313200.0,0,0,0,0
1.0,1.0,1.0,,Welcome to the RITC 2026 Alogithmic Market Making Case - practice server,,92,2026-02-01 05:07:32.907845,SMMR,24.95,24.68,24.95,2327400.0,1817200.0,0,0,0,0
,,,,,,92,2026-02-01 05:07:32.907845,ATMN,24.76,24.65,24.76,2388100.0,2197000.0,0,0,0,0
,,,,,,92,2026-02-01 05:07:32.907845,WNTR,25.74,25.74,25.93,2103500.0,1964900.0,0,0,0,0
2.0,1.0,1.0,,Aggregate Position Limit,Your CRO has set the aggregate position limit to 15000 shares for this week.,93,2026-02-01 05:07:33.934433,SPNG,25.52,25.26,25.51,2418700.0,2299500.0,0,0,0,0
1.0,1.0,1.0,,Welcome to the RITC 2026 Alogithmic Market Making Case - practice server,,93,2026-02-01 05:07:33.934433,SMMR,24.67,24.76,24.77,2326400.0,1935400.0,0,0,0,0
,,,,,,93,2026-02-01 05:07:33.934433,ATMN,24.88,24.65,24.88,2342000.0,2148900.0,0,0,0,0
,,,,,,93,2026-02-01 05:07:33.934433,WNTR,25.74,25.93,25.95,2113000.0,1863300.0,0,0,0,0
2.0,1.0,1.0,,Aggregate Position Limit,Your CRO has set the aggregate position limit to 15000 shares for this week.,94,2026-02-01 05:07:34.973001,SPNG,25.55,25.26,25.55,2381500.0,2273200.0,0,0,0,0
1.0,1.0,1.0,,Welcome to the RITC 2026 Alogithmic Market Making Case - practice server,,94,2026-02-01 05:07:34.973001,SMMR,24.67,24.67,24.77,2359300.0,2064300.0,0,0,0,0
,,,,,,94,2026-02-01 05:07:34.973001,ATMN,24.62,24.62,24.89,2351600.0,2126500.0,0,0,0,0
,,,,,,94,2026-02-01 05:07:34.973001,WNTR,25.91,25.91,25.95,2111600.0,1969500.0,0,0,0,0
2.0,1.0,1.0,,Aggregate Position Limit,Your CRO has set the aggregate position limit to 15000 shares for this week.,95,2026-02-01 05:07:36.001716,SPNG,25.15,25.15,25.78,2372000.0,2269700.0,0,0,0,0
1.0,1.0,1.0,,Welcome to the RITC 2026 Alogithmic Market Making Case - practice server,,95,2026-02-01 05:07:36.001716,SMMR,24.78,24.7,24.78,2316400.0,1946100.0,0,0,0,0
,,,,,,95,2026-02-01 05:07:36.001716,ATMN,24.58,24.58,24.6,2347100.0,2117500.0,0,0,0,0
,,,,,,95,2026-02-01 05:07:36.001716,WNTR,25.91,25.81,25.82,2107500.0,2028300.0,0,0,0,0
2.0,1.0,1.0,,Aggregate Position Limit,Your CRO has set the aggregate position limit to 15000 shares for this week.,96,2026-02-01 05:07:37.045275,SPNG,25.12,25.44,25.79,2331900.0,2286600.0,0,0,0,0
1.0,1.0,1.0,,Welcome to the RITC 2026 Alogithmic Market Making Case - practice server,,96,2026-02-01 05:07:37.045275,SMMR,24.78,24.9,24.95,2332600.0,1817200.0,0,0,0,0
,,,,,,96,2026-02-01 05:07:37.045275,ATMN,24.8,24.75,24.8,2324800.0,2106000.0,0,0,0,0
,,,,,,96,2026-02-01 05:07:37.045275,WNTR,25.7,25.7,25.82,2113300.0,2028300.0,0,0,0,0
2.0,1.0,1.0,,Aggregate Position Limit,Your CRO has set the aggregate position limit to 15000 shares for this week.,97,2026-02-01 05:07:38.095539,SPNG,25.12,25.44,25.49,2331900.0,2318800.0,0,0,0,0
1.0,1.0,1.0,,Welcome to the RITC 2026 Alogithmic Market Making Case - practice server,,97,2026-02-01 05:07:38.095539,SMMR,24.7,24.7,24.95,2351300.0,1817200.0,0,0,0,0
,,,,,,97,2026-02-01 05:07:38.095539,ATMN,24.58,24.58,24.59,2347100.0,2112000.0,0,0,0,0
,,,,,,97,2026-02-01 05:07:38.095539,WNTR,25.77,25.7,25.77,2111100.0,2042200.0,0,0,0,0
2.0,1.0,1.0,,Aggregate Position Limit,Your CRO has set the aggregate position limit to 15000 shares for this week.,98,2026-02-01 05:07:39.132272,SPNG,25.49,25.12,25.49,2385100.0,2333000.0,0,0,0,0
1.0,1.0,1.0,,Welcome to the RITC 2026 Alogithmic Market Making Case - practice server,,98,2026-02-01 05:07:39.132272,SMMR,24.66,24.66,24.75,2355300.0,2041100.0,0,0,0,0
,,,,,,98,2026-02-01 05:07:39.132272,ATMN,24.8,24.83,24.96,2304900.0,2091400.0,0,0,0,0
,,,,,,98,2026-02-01 05:07:39.132272,WNTR,25.82,25.78,25.82,2056600.0,2028300.0,0,0,0,0
2.0,1.0,1.0,,Aggregate Position Limit,Your CRO has set the aggregate position limit to 15000 shares for this week.,99,2026-02-01 05:07:40.178189,SPNG,25.49,25.53,25.79,2404900.0,2294400.0,0,0,0,0
1.0,1.0,1.0,,Welcome to the RITC 2026 Alogithmic Market Making Case - practice server,,99,2026-02-01 05:07:40.178189,SMMR,24.75,24.74,24.75,2393400.0,2041100.0,0,0,0,0
,,,,,,99,2026-02-01 05:07:40.178189,ATMN,24.8,24.83,24.96,2304900.0,2155300.0,0,0,0,0
,,,,,,99,2026-02-01 05:07:40.178189,WNTR,25.82,25.84,25.89,2030000.0,2001700.0,0,0,0,0
2.0,1.0,1.0,,Aggregate Position Limit,Your CRO has set the aggregate position limit to 15000 shares for this week.,100,2026-02-01 05:07:41.211124,SPNG,25.53,25.12,25.4,2403300.0,2331900.0,0,0,0,0
1.0,1.0,1.0,,Welcome to the RITC 2026 Alogithmic Market Making Case - practice server,,100,2026-02-01 05:07:41.211124,SMMR,24.97,24.74,24.94,2393400.0,2040600.0,0,0,0,0
,,,,,,100,2026-02-01 05:07:41.211124,ATMN,24.59,24.66,24.96,2297400.0,2174000.0,0,0,0,0
,,,,,,100,2026-02-01 05:07:41.211124,WNTR,25.95,25.85,25.95,1983300.0,1981200.0,0,0,0,0
2.0,1.0,1.0,,Aggregate Position Limit,Your CRO has set the aggregate position limit to 15000 shares for this week.,101,2026-02-01 05:07:42.244641,SPNG,25.39,25.12,25.39,2403300.0,2341500.0,0,0,0,0
1.0,1.0,1.0,,Welcome to the RITC 2026 Alogithmic Market Making Case - practice server,,101,2026-02-01 05:07:42.244641,SMMR,24.97,24.74,24.82,2361600.0,2166000.0,0,0,0,0
,,,,,,101,2026-02-01 05:07:42.244641,ATMN,24.62,24.58,24.62,2319400.0,2187000.0,0,0,0,0
,,,,,,101,2026-02-01 05:07:42.244641,WNTR,25.95,25.85,25.95,1964000.0,2016000.0,0,0,0,0
2.0,1.0,1.0,,Aggregate Position Limit,Your CRO has set the aggregate position limit to 15000 shares for this week.,102,2026-02-01 05:07:43.291222,SPNG,25.01,25.01,25.05,2412200.0,2365600.0,0,0,0,0
1.0,1.0,1.0,,Welcome to the RITC 2026 Alogithmic Market Making Case - practice server,,102,2026-02-01 05:07:43.291222,SMMR,24.97,24.81,24.82,2352400.0,2166000.0,0,0,0,0
,,,,,,102,2026-02-01 05:07:43.291222,ATMN,24.58,24.58,24.96,2295400.0,2179400.0,0,0,0,0
,,,,,,102,2026-02-01 05:07:43.291222,WNTR,25.99,25.85,25.99,1969800.0,2045600.0,0,0,0,0
2.0,1.0,1.0,,Aggregate Position Limit,Your CRO has set the aggregate position limit to 15000 shares for this week.,103,2026-02-01 05:07:44.334327,SPNG,25.88,25.01,25.88,2395300.0,2328400.0,0,0,0,0
1.0,1.0,1.0,,Welcome to the RITC 2026 Alogithmic Market Making Case - practice server,,103,2026-02-01 05:07:44.334327,SMMR,24.81,24.81,24.91,2352400.0,2164100.0,0,0,0,0
,,,,,,103,2026-02-01 05:07:44.334327,ATMN,24.67,24.67,24.96,2291100.0,2193100.0,0,0,0,0
,,,,,,103,2026-02-01 05:07:44.334327,WNTR,25.92,25.85,25.92,1946900.0,2034200.0,0,0,0,0
2.0,1.0,1.0,,Aggregate Position Limit,Your CRO has set the aggregate position limit to 15000 shares for this week.,104,2026-02-01 05:07:45.395419,SPNG,25.88,25.3,25.75,2414600.0,2368000.0,0,0,0,0
1.0,1.0,1.0,,Welcome to the RITC 2026 Alogithmic Market Making Case - practice server,,104,2026-02-01 05:07:45.395419,SMMR,24.81,24.74,24.78,2363900.0,2152900.0,0,0,0,0
,,,,,,104,2026-02-01 05:07:45.395419,ATMN,24.54,24.54,25.0,2314100.0,2183700.0,0,0,0,0
,,,,,,104,2026-02-01 05:07:45.395419,WNTR,25.92,25.85,25.92,1941100.0,2031900.0,0,0,0,0
2.0,1.0,1.0,,Aggregate Position Limit,Your CRO has set the aggregate position limit to 15000 shares for this week.,105,2026-02-01 05:07:46.454265,SPNG,25.3,25.01,25.18,2395300.0,2348400.0,0,0,0,0
1.0,1.0,1.0,,Welcome to the RITC 2026 Alogithmic Market Making Case - practice server,,105,2026-02-01 05:07:46.454265,SMMR,24.81,24.74,24.78,2329200.0,2150800.0,0,0,0,0
,,,,,,105,2026-02-01 05:07:46.454265,ATMN,24.7,24.54,24.7,2314100.0,2221900.0,0,0,0,0
,,,,,,105,2026-02-01 05:07:46.454265,WNTR,25.93,25.88,25.93,1949200.0,2028300.0,0,0,0,0
2.0,1.0,1.0,,Aggregate Position Limit,Your CRO has set the aggregate position limit to 15000 shares for this week.,106,2026-02-01 05:07:47.497395,SPNG,25.75,25.01,25.75,2427700.0,2368000.0,0,0,0,0
1.0,1.0,1.0,,Welcome to the RITC 2026 Alogithmic Market Making Case - practice server,,106,2026-02-01 05:07:47.497395,SMMR,24.74,24.74,24.78,2322500.0,2150800.0,0,0,0,0
,,,,,,106,2026-02-01 05:07:47.497395,ATMN,24.52,24.52,24.7,2351200.0,2221900.0,0,0,0,0
,,,,,,106,2026-02-01 05:07:47.497395,WNTR,25.93,25.96,25.99,1970700.0,2045900.0,0,0,0,0
2.0,1.0,1.0,,Aggregate Position Limit,Your CRO has set the aggregate position limit to 15000 shares for this week.,107,2026-02-01 05:07:48.529203,SPNG,25.75,25.01,25.75,2403300.0,2368000.0,0,0,0,0
1.0,1.0,1.0,,Welcome to the RITC 2026 Alogithmic Market Making Case - practice server,,107,2026-02-01 05:07:48.529203,SMMR,24.74,24.74,24.78,2322500.0,2144100.0,0,0,0,0
,,,,,,107,2026-02-01 05:07:48.529203,ATMN,24.52,24.59,24.69,2345400.0,2216300.0,0,0,0,0
,,,,,,107,2026-02-01 05:07:48.529203,WNTR,25.96,25.98,25.99,1970600.0,2045900.0,0,0,0,0
2.0,1.0,1.0,,Aggregate Position Limit,Your CRO has set the aggregate position limit to 15000 shares for this week.,108,2026-02-01 05:07:49.571861,SPNG,25.62,25.62,25.75,2417000.0,2379200.0,0,0,0,0
1.0,1.0,1.0,,Welcome to the RITC 2026 Alogithmic Market Making Case - practice server,,108,2026-02-01 05:07:49.571861,SMMR,24.64,24.64,24.76,2390200.0,2165300.0,0,0,0,0
,,,,,,108,2026-02-01 05:07:49.571861,ATMN,24.59,24.59,24.77,2345400.0,2207800.0,0,0,0,0
,,,,,,108,2026-02-01 05:07:49.571861,WNTR,25.99,25.89,25.99,1966800.0,2022000.0,0,0,0,0
2.0,1.0,1.0,,Aggregate Position Limit,Your CRO has set the aggregate position limit to 15000 shares for this week.,109,2026-02-01 05:07:50.606178,SPNG,25.62,25.62,25.75,2417000.0,2361200.0,0,0,0,0
1.0,1.0,1.0,,Welcome to the RITC 2026 Alogithmic Market Making Case - practice server,,109,2026-02-01 05:07:50.606178,SMMR,24.62,24.62,24.78,2408800.0,2144100.0,0,0,0,0
,,,,,,109,2026-02-01 05:07:50.606178,ATMN,24.77,24.77,24.82,2354300.0,2191900.0,0,0,0,0
,,,,,,109,2026-02-01 05:07:50.606178,WNTR,25.85,25.85,26.02,1941100.0,2023000.0,0,0,0,0
2.0,1.0,1.0,,Aggregate Position Limit,Your CRO has set the aggregate position limit to 15000 shares for this week.,110,2026-02-01 05:07:51.651423,SPNG,25.62,25.62,25.68,2399500.0,2333800.0,0,0,0,0
1.0,1.0,1.0,,Welcome to the RITC 2026 Alogithmic Market Making Case - practice server,,110,2026-02-01 05:07:51.651423,SMMR,24.79,24.79,24.8,2385000.0,2170500.0,0,0,0,0
,,,,,,110,2026-02-01 05:07:51.651423,ATMN,24.82,24.52,24.82,2351200.0,2181900.0,0,0,0,0
,,,,,,110,2026-02-01 05:07:51.651423,WNTR,25.91,25.85,25.91,1941100.0,2028700.0,0,0,0,0
2.0,1.0,1.0,,Aggregate Position Limit,Your CRO has set the aggregate position limit to 15000 shares for this week.,111,2026-02-01 05:07:52.689127,SPNG,25.62,25.01,25.08,2401100.0,2275600.0,0,0,0,0
1.0,1.0,1.0,,Welcome to the RITC 2026 Alogithmic Market Making Case - practice server,,111,2026-02-01 05:07:52.689127,SMMR,24.79,24.79,24.8,2349100.0,2166400.0,0,0,0,0
,,,,,,111,2026-02-01 05:07:52.689127,ATMN,24.83,24.52,24.83,2330600.0,2209100.0,0,0,0,0
,,,,,,111,2026-02-01 05:07:52.689127,WNTR,25.84,25.84,25.91,1984900.0,2028700.0,0,0,0,0
2.0,1.0,1.0,,Aggregate Position Limit,Your CRO has set the aggregate position limit to 15000 shares for this week.,112,2026-02-01 05:07:53.716168,SPNG,25.08,25.23,25.5,2403000.0,2279700.0,0,0,0,0
1.0,1.0,1.0,,Welcome to the RITC 2026 Alogithmic Market Making Case - practice server,,112,2026-02-01 05:07:53.716168,SMMR,24.68,24.72,24.8,2348400.0,2162400.0,0,0,0,0
,,,,,,112,2026-02-01 05:07:53.716168,ATMN,24.83,24.98,25.0,2286200.0,2185700.0,0,0,0,0
,,,,,,112,2026-02-01 05:07:53.716168,WNTR,26.02,25.95,26.0,1956600.0,2013500.0,0,0,0,0
2.0,1.0,1.0,,Aggregate Position Limit,Your CRO has set the aggregate position limit to 15000 shares for this week.,113,2026-02-01 05:07:54.747415,SPNG,25.23,25.01,25.07,2404500.0,2297300.0,0,0,0,0
1.0,1.0,1.0,,Welcome to the RITC 2026 Alogithmic Market Making Case - practice server,,113,2026-02-01 05:07:54.747415,SMMR,24.72,24.72,24.8,2321100.0,2162400.0,0,0,0,0
,,,,,,113,2026-02-01 05:07:54.747415,ATMN,24.98,24.52,24.63,2283500.0,2213800.0,0,0,0,0
,,,,,,113,2026-02-01 05:07:54.747415,WNTR,25.95,25.84,25.91,1984900.0,2022900.0,0,0,0,0
2.0,1.0,1.0,,Aggregate Position Limit,Your CRO has set the aggregate position limit to 15000 shares for this week.,114,2026-02-01 05:07:55.772457,SPNG,25.07,25.59,25.68,2387500.0,2297200.0,0,0,0,0
1.0,1.0,1.0,,Welcome to the RITC 2026 Alogithmic Market Making Case - practice server,,114,2026-02-01 05:07:55.772457,SMMR,24.83,24.72,24.83,2286400.0,2186200.0,0,0,0,0
,,,,,,114,2026-02-01 05:07:55.772457,ATMN,25.0,24.75,24.9,2284400.0,2195500.0,0,0,0,0
,,,,,,114,2026-02-01 05:07:55.772457,WNTR,25.84,25.8,25.81,1984400.0,2039600.0,0,0,0,0
2.0,1.0,1.0,,Aggregate Position Limit,Your CRO has set the aggregate position limit to 15000 shares for this week.,115,2026-02-01 05:07:56.806836,SPNG,25.24,25.4,25.68,2383000.0,2305900.0,0,0,0,0
1.0,1.0,1.0,,Welcome to the RITC 2026 Alogithmic Market Making Case - practice server,,115,2026-02-01 05:07:56.806836,SMMR,24.7,24.7,24.83,2295500.0,2153100.0,0,0,0,0
,,,,,,115,2026-02-01 05:07:56.806836,ATMN,25.0,24.75,24.9,2284400.0,2172700.0,0,0,0,0
,,,,,,115,2026-02-01 05:07:56.806836,WNTR,25.85,25.8,25.85,2011600.0,2030300.0,0,0,0,0
2.0,1.0,1.0,,Aggregate Position Limit,Your CRO has set the aggregate position limit to 15000 shares for this week.,116,2026-02-01 05:07:57.852274,SPNG,25.34,25.42,25.68,2364200.0,2305900.0,0,0,0,0
1.0,1.0,1.0,,Welcome to the RITC 2026 Alogithmic Market Making Case - practice server,,116,2026-02-01 05:07:57.852274,SMMR,24.89,24.82,24.89,2250700.0,2166300.0,0,0,0,0
,,,,,,116,2026-02-01 05:07:57.852274,ATMN,24.84,24.52,24.56,2271500.0,2203400.0,0,0,0,0
,,,,,,116,2026-02-01 05:07:57.852274,WNTR,25.95,25.8,25.95,2011600.0,2033700.0,0,0,0,0
2.0,1.0,1.0,,Aggregate Position Limit,Your CRO has set the aggregate position limit to 15000 shares for this week.,117,2026-02-01 05:07:58.905431,SPNG,25.78,25.35,25.47,2361200.0,2300600.0,0,0,0,0
1.0,1.0,1.0,,Welcome to the RITC 2026 Alogithmic Market Making Case - practice server,,117,2026-02-01 05:07:58.905431,SMMR,24.82,24.7,24.71,2295500.0,2241700.0,0,0,0,0
,,,,,,117,2026-02-01 05:07:58.905431,ATMN,24.98,24.67,24.98,2206100.0,2198100.0,0,0,0,0
,,,,,,117,2026-02-01 05:07:58.905431,WNTR,25.83,25.94,25.95,2012700.0,2033700.0,0,0,0,0
2.0,1.0,1.0,,Aggregate Position Limit,Your CRO has set the aggregate position limit to 15000 shares for this week.,119,2026-02-01 05:07:59.941259,SPNG,25.47,25.73,25.78,2378700.0,2319600.0,0,0,0,0
1.0,1.0,1.0,,Welcome to the RITC 2026 Alogithmic Market Making Case - practice server,,119,2026-02-01 05:07:59.941259,SMMR,24.63,24.63,24.71,2352800.0,2258100.0,0,0,0,0
,,,,,,119,2026-02-01 05:07:59.941259,ATMN,24.98,24.67,24.98,2204000.0,2198100.0,0,0,0,0
,,,,,,119,2026-02-01 05:07:59.941259,WNTR,25.9,25.9,25.95,1997900.0,2034100.0,0,0,0,0
2.0,1.0,1.0,,Aggregate Position Limit,Your CRO has set the aggregate position limit to 15000 shares for this week.,120,2026-02-01 05:08:01.052235,SPNG,25.35,24.39,0.0,200000.0,,0,0,0,0
1.0,1.0,1.0,,Welcome to the RITC 2026 Alogithmic Market Making Case - practice server,,120,2026-02-01 05:08:01.052235,SMMR,24.63,23.98,0.0,200000.0,,0,0,0,0
,,,,,,120,2026-02-01 05:08:01.052235,ATMN,25.0,26.14,0.0,200000.0,,0,0,0,0
,,,,,,120,2026-02-01 05:08:01.052235,WNTR,25.9,25.37,0.0,200000.0,2500.0,0,0,0,0
2.0,1.0,1.0,,Aggregate Position Limit,Your CRO has set the aggregate position limit to 15000 shares for this week.,121,2026-02-01 05:08:02.113986,SPNG,24.39,24.39,25.09,1014600.0,987600.0,,0,0,0
1.0,1.0,1.0,,Welcome to the RITC 2026 Alogithmic Market Making Case - practice server,,121,2026-02-01 05:08:02.113986,SMMR,24.63,24.11,24.12,929800.0,1136900.0,,0,0,0
,,,,,,121,2026-02-01 05:08:02.113986,ATMN,26.14,25.39,25.69,1054000.0,754800.0,,0,0,0
,,,,,,121,2026-02-01 05:08:02.113986,WNTR,25.37,25.37,25.47,854300.0,844000.0,2500.0,0,0,0
2.0,1.0,1.0,,Aggregate Position Limit,Your CRO has set the aggregate position limit to 15000 shares for this week.,122,2026-02-01 05:08:03.177899,SPNG,24.26,24.26,24.97,1037800.0,1318900.0,,0,0,0
1.0,1.0,1.0,,Welcome to the RITC 2026 Alogithmic Market Making Case - practice server,,122,2026-02-01 05:08:03.177899,SMMR,23.98,23.98,24.12,1025600.0,1257700.0,,0,0,0
,,,,,,122,2026-02-01 05:08:03.177899,ATMN,26.14,25.64,25.69,1597100.0,754800.0,,0,0,0
,,,,,,122,2026-02-01 05:08:03.177899,WNTR,25.64,25.37,25.52,946700.0,837400.0,2500.0,0,0,0
2.0,1.0,1.0,,Aggregate Position Limit,Your CRO has set the aggregate position limit to 15000 shares for this week.,123,2026-02-01 05:08:04.214744,SPNG,24.26,24.26,24.32,1141500.0,1571400.0,,0,0,0
1.0,1.0,1.0,,Welcome to the RITC 2026 Alogithmic Market Making Case - practice server,,123,2026-02-01 05:08:04.214744,SMMR,23.97,24.02,24.11,927400.0,1503000.0,,0,0,0
,,,,,,123,2026-02-01 05:08:04.214744,ATMN,25.69,25.91,26.36,1703200.0,963600.0,,0,0,0
,,,,,,123,2026-02-01 05:08:04.214744,WNTR,25.35,25.35,25.49,934200.0,1021900.0,2500.0,0,0,0
2.0,1.0,1.0,,Aggregate Position Limit,Your CRO has set the aggregate position limit to 15000 shares for this week.,124,2026-02-01 05:08:05.252590,SPNG,22.6,23.94,24.32,1309200.0,1571400.0,,0,0,0
1.0,1.0,1.0,,Welcome to the RITC 2026 Alogithmic Market Making Case - practice server,,124,2026-02-01 05:08:05.252590,SMMR,23.94,23.94,24.11,1020700.0,1734200.0,,0,0,0
,,,,,,124,2026-02-01 05:08:05.252590,ATMN,25.91,25.91,26.09,1792000.0,1163600.0,,0,0,0
,,,,,,124,2026-02-01 05:08:05.252590,WNTR,25.35,25.37,25.49,1246300.0,1021900.0,2500.0,0,0,0
2.0,1.0,1.0,,Aggregate Position Limit,Your CRO has set the aggregate position limit to 15000 shares for this week.,125,2026-02-01 05:08:06.294638,SPNG,24.32,24.18,24.32,1686000.0,1571400.0,,0,0,0
1.0,1.0,1.0,,Welcome to the RITC 2026 Alogithmic Market Making Case - practice server,,125,2026-02-01 05:08:06.294638,SMMR,24.06,23.94,24.04,1020700.0,1981400.0,,0,0,0
,,,,,,125,2026-02-01 05:08:06.294638,ATMN,25.64,25.64,25.97,1597100.0,1257200.0,,0,0,0
,,,,,,125,2026-02-01 05:08:06.294638,WNTR,25.37,25.37,25.52,1246300.0,1020400.0,2500.0,0,0,0
2.0,1.0,1.0,,Aggregate Position Limit,Your CRO has set the aggregate position limit to 15000 shares for this week.,126,2026-02-01 05:08:07.321648,SPNG,24.32,24.33,24.65,1885500.0,1650900.0,,0,0,0
1.0,1.0,1.0,,Welcome to the RITC 2026 Alogithmic Market Making Case - practice server,,126,2026-02-01 05:08:07.321648,SMMR,23.94,23.71,23.73,1045900.0,2122000.0,,0,0,0
,,,,,,126,2026-02-01 05:08:07.321648,ATMN,25.64,25.64,26.0,1597100.0,1262700.0,,0,0,0
,,,,,,126,2026-02-01 05:08:07.321648,WNTR,25.32,25.32,25.49,1154500.0,1016500.0,2500.0,0,0,0
2.0,1.0,1.0,,Aggregate Position Limit,Your CRO has set the aggregate position limit to 15000 shares for this week.,127,2026-02-01 05:08:08.363825,SPNG,24.18,24.18,24.41,1922800.0,1770800.0,0,0,0,0
1.0,1.0,1.0,,Welcome to the RITC 2026 Alogithmic Market Making Case - practice server,,127,2026-02-01 05:08:08.363825,SMMR,23.73,23.76,24.04,1400200.0,1981400.0,0,0,0,0
,,,,,,127,2026-02-01 05:08:08.363825,ATMN,25.45,25.45,26.29,1381500.0,1156800.0,0,0,0,0
,,,,,,127,2026-02-01 05:08:08.363825,WNTR,25.31,25.26,25.28,1247700.0,1126800.0,0,0,0,0
2.0,1.0,1.0,,Aggregate Position Limit,Your CRO has set the aggregate position limit to 15000 shares for this week.,128,2026-02-01 05:08:09.407236,SPNG,24.41,24.29,24.41,2273900.0,1770800.0,0,0,0,0
1.0,1.0,1.0,,Welcome to the RITC 2026 Alogithmic Market Making Case - practice server,,128,2026-02-01 05:08:09.407236,SMMR,23.73,23.84,23.97,1505400.0,2252800.0,0,0,0,0
,,,,,,128,2026-02-01 05:08:09.407236,ATMN,25.97,25.97,26.25,1470400.0,1332400.0,0,0,0,0
,,,,,,128,2026-02-01 05:08:09.407236,WNTR,25.31,25.26,25.28,1569800.0,1126800.0,0,0,0,0
2.0,1.0,1.0,,Aggregate Position Limit,Your CRO has set the aggregate position limit to 15000 shares for this week.,129,2026-02-01 05:08:10.441256,SPNG,24.24,24.24,24.41,2158400.0,2000900.0,0,0,0,0
1.0,1.0,1.0,,Welcome to the RITC 2026 Alogithmic Market Making Case - practice server,,129,2026-02-01 05:08:10.441256,SMMR,23.97,23.9,23.97,1740700.0,2252800.0,0,0,0,0
,,,,,,129,2026-02-01 05:08:10.441256,ATMN,25.39,25.39,25.58,1384500.0,1438800.0,0,0,0,0
,,,,,,129,2026-02-01 05:08:10.441256,WNTR,25.49,25.6,25.64,1765200.0,1034000.0,0,0,0,0
2.0,1.0,1.0,,Aggregate Position Limit,Your CRO has set the aggregate position limit to 15000 shares for this week.,130,2026-02-01 05:08:11.463504,SPNG,24.41,24.49,24.65,2513300.0,1997100.0,0,0,0,0
1.0,1.0,1.0,,Welcome to the RITC 2026 Alogithmic Market Making Case - practice server,,130,2026-02-01 05:08:11.463504,SMMR,24.11,23.9,23.96,1867200.0,2125000.0,0,0,0,0
,,,,,,130,2026-02-01 05:08:11.463504,ATMN,25.39,25.44,25.58,1782700.0,1438800.0,0,0,0,0
,,,,,,130,2026-02-01 05:08:11.463504,WNTR,25.59,25.59,25.64,1669300.0,1142500.0,0,0,0,0
2.0,1.0,1.0,,Aggregate Position Limit,Your CRO has set the aggregate position limit to 15000 shares for this week.,131,2026-02-01 05:08:12.512149,SPNG,24.49,24.49,24.65,2513300.0,2154000.0,0,0,0,0
1.0,1.0,1.0,,Welcome to the RITC 2026 Alogithmic Market Making Case - practice server,,131,2026-02-01 05:08:12.512149,SMMR,23.84,23.89,23.96,2012700.0,2125000.0,0,0,0,0
,,,,,,131,2026-02-01 05:08:12.512149,ATMN,25.39,25.44,25.58,2176100.0,1438800.0,0,0,0,0
,,,,,,131,2026-02-01 05:08:12.512149,WNTR,25.23,25.23,25.64,1381900.0,1322900.0,0,0,0,0
2.0,1.0,1.0,,Aggregate Position Limit,Your CRO has set the aggregate position limit to 15000 shares for this week.,132,2026-02-01 05:08:13.555152,SPNG,24.29,24.34,24.65,2274800.0,2154000.0,0,0,0,0
1.0,1.0,1.0,,Welcome to the RITC 2026 Alogithmic Market Making Case - practice server,,132,2026-02-01 05:08:13.555152,SMMR,23.84,23.93,23.96,2385000.0,2125000.0,0,0,0,0
,,,,,,132,2026-02-01 05:08:13.555152,ATMN,25.58,25.61,25.75,2260800.0,1421500.0,0,0,0,0
,,,,,,132,2026-02-01 05:08:13.555152,WNTR,25.23,25.4,25.62,1495500.0,1521600.0,0,0,0,0
2.0,1.0,1.0,,Aggregate Position Limit,Your CRO has set the aggregate position limit to 15000 shares for this week.,133,2026-02-01 05:08:14.629290,SPNG,23.98,23.98,24.65,2223200.0,2154000.0,0,0,0,0
1.0,1.0,1.0,,Welcome to the RITC 2026 Alogithmic Market Making Case - practice server,,133,2026-02-01 05:08:14.629290,SMMR,23.96,24.07,24.11,2527400.0,2128500.0,0,0,0,0
,,,,,,133,2026-02-01 05:08:14.629290,ATMN,25.75,25.96,26.25,2161100.0,1332400.0,0,0,0,0
,,,,,,133,2026-02-01 05:08:14.629290,WNTR,25.4,25.24,25.25,1491700.0,1631500.0,0,0,0,0
2.0,1.0,1.0,,Aggregate Position Limit,Your CRO has set the aggregate position limit to 15000 shares for this week.,134,2026-02-01 05:08:15.685576,SPNG,24.65,24.68,24.86,2499400.0,2156000.0,0,0,0,0
1.0,1.0,1.0,,Welcome to the RITC 2026 Alogithmic Market Making Case - practice server,,134,2026-02-01 05:08:15.685576,SMMR,24.07,23.93,23.99,2467800.0,2258100.0,0,0,0,0
,,,,,,134,2026-02-01 05:08:15.685576,ATMN,25.75,25.96,26.0,2161100.0,1669200.0,0,0,0,0
,,,,,,134,2026-02-01 05:08:15.685576,WNTR,25.64,25.26,25.64,1704000.0,1430300.0,0,0,0,0
2.0,1.0,1.0,,Aggregate Position Limit,Your CRO has set the aggregate position limit to 15000 shares for this week.,135,2026-02-01 05:08:16.710933,SPNG,23.98,23.98,24.46,2477900.0,2193200.0,0,0,0,0
1.0,1.0,1.0,,Welcome to the RITC 2026 Alogithmic Market Making Case - practice server,,135,2026-02-01 05:08:16.710933,SMMR,24.07,23.95,23.99,2464700.0,2438200.0,0,0,0,0
,,,,,,135,2026-02-01 05:08:16.710933,ATMN,25.95,25.95,26.0,2113900.0,1766000.0,0,0,0,0
,,,,,,135,2026-02-01 05:08:16.710933,WNTR,25.64,25.51,25.59,1804800.0,1620500.0,0,0,0,0
2.0,1.0,1.0,,Aggregate Position Limit,Your CRO has set the aggregate position limit to 15000 shares for this week.,136,2026-02-01 05:08:17.745528,SPNG,23.98,24.35,24.46,2531400.0,2193200.0,0,0,0,0
1.0,1.0,1.0,,Welcome to the RITC 2026 Alogithmic Market Making Case - practice server,,136,2026-02-01 05:08:17.745528,SMMR,24.03,23.95,24.03,2460100.0,2409300.0,0,0,0,0
,,,,,,136,2026-02-01 05:08:17.745528,ATMN,26.0,25.95,26.0,2083800.0,1766000.0,0,0,0,0
,,,,,,136,2026-02-01 05:08:17.745528,WNTR,25.51,25.31,25.32,2025600.0,1726200.0,0,0,0,0
2.0,1.0,1.0,,Aggregate Position Limit,Your CRO has set the aggregate position limit to 15000 shares for this week.,137,2026-02-01 05:08:18.787715,SPNG,23.95,23.95,24.69,2436800.0,2164200.0,0,0,0,0
1.0,1.0,1.0,,Welcome to the RITC 2026 Alogithmic Market Making Case - practice server,,137,2026-02-01 05:08:18.787715,SMMR,24.03,24.03,24.09,2412300.0,2363500.0,0,0,0,0
,,,,,,137,2026-02-01 05:08:18.787715,ATMN,25.62,25.62,26.25,2123500.0,1370400.0,0,0,0,0
,,,,,,137,2026-02-01 05:08:18.787715,WNTR,25.64,25.47,25.64,2090200.0,1444900.0,0,0,0,0
2.0,1.0,1.0,,Aggregate Position Limit,Your CRO has set the aggregate position limit to 15000 shares for this week.,138,2026-02-01 05:08:19.860630,SPNG,24.25,24.25,24.42,2546400.0,2205800.0,0,0,0,0
1.0,1.0,1.0,,Welcome to the RITC 2026 Alogithmic Market Making Case - practice server,,138,2026-02-01 05:08:19.860630,SMMR,23.93,23.93,24.11,2440100.0,2419900.0,0,0,0,0
,,,,,,138,2026-02-01 05:08:19.860630,ATMN,25.61,25.96,26.29,2052400.0,1462000.0,0,0,0,0
,,,,,,138,2026-02-01 05:08:19.860630,WNTR,25.55,25.55,25.64,2089000.0,1533700.0,0,0,0,0
2.0,1.0,1.0,,Aggregate Position Limit,Your CRO has set the aggregate position limit to 15000 shares for this week.,139,2026-02-01 05:08:20.892481,SPNG,24.69,24.25,24.69,2520300.0,2240200.0,0,0,0,0
1.0,1.0,1.0,,Welcome to the RITC 2026 Alogithmic Market Making Case - practice server,,139,2026-02-01 05:08:20.892481,SMMR,24.12,24.02,24.12,2403100.0,2398700.0,0,0,0,0
,,,,,,139,2026-02-01 05:08:20.892481,ATMN,25.96,25.8,25.82,2074100.0,1678400.0,0,0,0,0
,,,,,,139,2026-02-01 05:08:20.892481,WNTR,25.47,25.47,25.5,2085400.0,1646000.0,0,0,0,0
2.0,1.0,1.0,,Aggregate Position Limit,Your CRO has set the aggregate position limit to 15000 shares for this week.,140,2026-02-01 05:08:21.918979,SPNG,24.25,24.07,24.23,2524700.0,2269400.0,0,0,0,0
1.0,1.0,1.0,,Welcome to the RITC 2026 Alogithmic Market Making Case - practice server,,140,2026-02-01 05:08:21.918979,SMMR,23.93,24.01,24.12,2372200.0,2398700.0,0,0,0,0
,,,,,,140,2026-02-01 05:08:21.918979,ATMN,25.96,25.8,25.82,2068700.0,1678400.0,0,0,0,0
,,,,,,140,2026-02-01 05:08:21.918979,WNTR,25.47,25.49,25.5,2038600.0,1755200.0,0,0,0,0
2.0,1.0,1.0,,Aggregate Position Limit,Your CRO has set the aggregate position limit to 15000 shares for this week.,141,2026-02-01 05:08:22.968449,SPNG,24.25,24.07,24.23,2475700.0,2269400.0,0,0,0,0
1.0,1.0,1.0,,Welcome to the RITC 2026 Alogithmic Market Making Case - practice server,,141,2026-02-01 05:08:22.968449,SMMR,23.93,24.01,24.11,2372200.0,2390300.0,0,0,0,0
,,,,,,141,2026-02-01 05:08:22.968449,ATMN,25.8,25.8,26.25,2068700.0,1652100.0,0,0,0,0
,,,,,,141,2026-02-01 05:08:22.968449,WNTR,25.5,25.49,25.5,2020400.0,1866100.0,0,0,0,0
2.0,1.0,1.0,,Aggregate Position Limit,Your CRO has set the aggregate position limit to 15000 shares for this week.,142,2026-02-01 05:08:23.988609,SPNG,24.23,24.31,24.51,2422200.0,2242900.0,0,0,0,0
1.0,1.0,1.0,,Welcome to the RITC 2026 Alogithmic Market Making Case - practice server,,142,2026-02-01 05:08:23.988609,SMMR,24.11,24.01,24.02,2372200.0,2370200.0,0,0,0,0
,,,,,,142,2026-02-01 05:08:23.988609,ATMN,26.18,25.85,26.04,2067700.0,1769700.0,0,0,0,0
,,,,,,142,2026-02-01 05:08:23.988609,WNTR,25.5,25.49,25.5,2033500.0,1984700.0,0,0,0,0
2.0,1.0,1.0,,Aggregate Position Limit,Your CRO has set the aggregate position limit to 15000 shares for this week.,143,2026-02-01 05:08:25.020930,SPNG,24.23,24.43,24.5,2266700.0,2500.0,2500.0,2226100.0,0,0
1.0,1.0,1.0,,Welcome to the RITC 2026 Alogithmic Market Making Case - practice server,,143,2026-02-01 05:08:25.020930,SMMR,24.01,24.01,24.02,2372200.0,,,2379500.0,0,0
,,,,,,143,2026-02-01 05:08:25.020930,ATMN,26.25,25.85,26.25,2067700.0,,,1652100.0,0,0
,,,,,,143,2026-02-01 05:08:25.020930,WNTR,25.5,25.52,25.54,2058900.0,,,1963600.0,0,0
2.0,1.0,1.0,,Aggregate Position Limit,Your CRO has set the aggregate position limit to 15000 shares for this week.,144,2026-02-01 05:08:26.045904,SPNG,24.31,24.31,24.5,2422200.0,2500.0,2241300.0,,0,0
1.0,1.0,1.0,,Welcome to the RITC 2026 Alogithmic Market Making Case - practice server,,144,2026-02-01 05:08:26.045904,SMMR,24.01,23.93,23.98,2387200.0,,2419000.0,,0,0
,,,,,,144,2026-02-01 05:08:26.045904,ATMN,26.29,25.87,26.29,1979800.0,,1551800.0,2500.0,0,0
,,,,,,144,2026-02-01 05:08:26.045904,WNTR,25.5,25.53,25.54,2028800.0,,1972600.0,,0,0
2.0,1.0,1.0,,Aggregate Position Limit,Your CRO has set the aggregate position limit to 15000 shares for this week.,145,2026-02-01 05:08:27.073852,SPNG,24.31,24.07,24.12,2446500.0,2161800.0,5000.0,,0,0
1.0,1.0,1.0,,Welcome to the RITC 2026 Alogithmic Market Making Case - practice server,,145,2026-02-01 05:08:27.073852,SMMR,24.02,23.94,24.02,2222100.0,2376900.0,,5000.0,0,0
,,,,,,145,2026-02-01 05:08:27.073852,ATMN,25.87,25.88,26.28,1878100.0,1840700.0,2500.0,5000.0,0,0
,,,,,,145,2026-02-01 05:08:27.073852,WNTR,25.49,25.49,25.54,2052200.0,1980600.0,,,0,0
2.0,1.0,1.0,,Aggregate Position Limit,Your CRO has set the aggregate position limit to 15000 shares for this week.,146,2026-02-01 05:08:28.105423,SPNG,24.09,24.09,24.51,2474800.0,2368700.0,,0,0,0
1.0,1.0,1.0,,Welcome to the RITC 2026 Alogithmic Market Making Case - practice server,,146,2026-02-01 05:08:28.105423,SMMR,23.9,23.95,24.02,2237500.0,2371600.0,5000.0,0,0,0
,,,,,,146,2026-02-01 05:08:28.105423,ATMN,26.34,25.8,26.34,2073800.0,1749100.0,,0,0,0
,,,,,,146,2026-02-01 05:08:28.105423,WNTR,25.54,25.46,25.54,2044900.0,1980600.0,,0,0,0
2.0,1.0,1.0,,Aggregate Position Limit,Your CRO has set the aggregate position limit to 15000 shares for this week.,148,2026-02-01 05:08:29.136059,SPNG,24.29,24.09,24.29,2454300.0,2338100.0,,,0,0
1.0,1.0,1.0,,Welcome to the RITC 2026 Alogithmic Market Making Case - practice server,,148,2026-02-01 05:08:29.136059,SMMR,24.03,24.04,24.07,2249300.0,2341700.0,5000.0,,0,0
,,,,,,148,2026-02-01 05:08:29.136059,ATMN,26.34,25.81,26.1,1986000.0,1916800.0,5000.0,5000.0,0,0
,,,,,,148,2026-02-01 05:08:29.136059,WNTR,25.54,25.5,25.54,1937900.0,1980700.0,2500.0,,0,0
2.0,1.0,1.0,,Aggregate Position Limit,Your CRO has set the aggregate position limit to 15000 shares for this week.,149,2026-02-01 05:08:30.156121,SPNG,24.29,24.48,24.51,2415900.0,2368700.0,,,0,0
1.0,1.0,1.0,,Welcome to the RITC 2026 Alogithmic Market Making Case - practice server,,149,2026-02-01 05:08:30.156121,SMMR,24.07,24.07,24.11,2256200.0,2351000.0,5000.0,,0,0
,,,,,,149,2026-02-01 05:08:30.156121,ATMN,26.08,26.08,26.09,1896800.0,1822100.0,7500.0,7500.0,0,0
,,,,,,149,2026-02-01 05:08:30.156121,WNTR,25.54,25.5,25.54,1860700.0,1980700.0,2500.0,,0,0
2.0,1.0,1.0,,Aggregate Position Limit,Your CRO has set the aggregate position limit to 15000 shares for this week.,150,2026-02-01 05:08:31.192161,SPNG,24.16,24.09,24.16,2467300.0,2231000.0,5000.0,,0,0
1.0,1.0,1.0,,Welcome to the RITC 2026 Alogithmic Market Making Case - practice server,,150,2026-02-01 05:08:31.192161,SMMR,24.04,24.04,24.11,2201900.0,2356800.0,,5000.0,0,0
,,,,,,150,2026-02-01 05:08:31.192161,ATMN,25.81,26.01,26.09,1993500.0,1822700.0,7500.0,5000.0,0,0
,,,,,,150,2026-02-01 05:08:31.192161,WNTR,25.5,25.5,25.54,1840300.0,1963700.0,,2500.0,0,0
2.0,1.0,1.0,,Aggregate Position Limit,Your CRO has set the aggregate position limit to 15000 shares for this week.,151,2026-02-01 05:08:32.220734,SPNG,24.16,24.09,24.16,2448300.0,2231000.0,5000.0,,0,0
1.0,1.0,1.0,,Welcome to the RITC 2026 Alogithmic Market Making Case - practice server,,151,2026-02-01 05:08:32.220734,SMMR,24.03,24.05,24.1,2208200.0,2239600.0,2500.0,5000.0,0,0
,,,,,,151,2026-02-01 05:08:32.220734,ATMN,25.78,25.78,26.08,2086000.0,1725200.0,12500.0,,0,0
,,,,,,151,2026-02-01 05:08:32.220734,WNTR,25.57,25.53,25.57,1765000.0,1973600.0,,5000.0,0,0
2.0,1.0,1.0,,Aggregate Position Limit,Your CRO has set the aggregate position limit to 15000 shares for this week.,152,2026-02-01 05:08:33.240866,SPNG,24.66,24.1,24.66,5000.0,2348800.0,2351200.0,,0,0
1.0,1.0,1.0,,Welcome to the RITC 2026 Alogithmic Market Making Case - practice server,,152,2026-02-01 05:08:33.240866,SMMR,24.01,24.06,24.1,7500.0,2079300.0,2241700.0,2500.0,0,0
,,,,,,152,2026-02-01 05:08:33.240866,ATMN,26.21,25.84,26.21,,2092100.0,1882900.0,5000.0,0,0
,,,,,,152,2026-02-01 05:08:33.240866,WNTR,25.53,25.53,25.54,5000.0,1765000.0,1961500.0,,0,0
2.0,1.0,1.0,,Aggregate Position Limit,Your CRO has set the aggregate position limit to 15000 shares for this week.,153,2026-02-01 05:08:34.264053,SPNG,24.66,24.1,24.21,5000.0,2348800.0,2358200.0,,0,0
1.0,1.0,1.0,,Welcome to the RITC 2026 Alogithmic Market Making Case - practice server,,153,2026-02-01 05:08:34.264053,SMMR,24.01,23.95,24.01,5000.0,2180100.0,2114900.0,5000.0,0,0
,,,,,,153,2026-02-01 05:08:34.264053,ATMN,25.61,25.61,26.14,,2059700.0,1794200.0,7500.0,0,0
,,,,,,153,2026-02-01 05:08:34.264053,WNTR,25.57,25.53,25.57,5000.0,1765000.0,1936300.0,,0,0
2.0,1.0,1.0,,Aggregate Position Limit,Your CRO has set the aggregate position limit to 15000 shares for this week.,154,2026-02-01 05:08:35.321120,SPNG,24.7,24.08,24.7,2423300.0,2342300.0,,,0,0
1.0,1.0,1.0,,Welcome to the RITC 2026 Alogithmic Market Making Case - practice server,,154,2026-02-01 05:08:35.321120,SMMR,24.01,23.95,24.01,2315500.0,2112800.0,5000.0,,0,0
,,,,,,154,2026-02-01 05:08:35.321120,ATMN,25.57,25.57,26.34,2052000.0,1883100.0,5000.0,,0,0
,,,,,,154,2026-02-01 05:08:35.321120,WNTR,25.53,25.51,25.53,1763300.0,1973400.0,,5000.0,0,0
2.0,1.0,1.0,,Aggregate Position Limit,Your CRO has set the aggregate position limit to 15000 shares for this week.,155,2026-02-01 05:08:36.354922,SPNG,24.07,24.46,24.69,2427200.0,5000.0,2218500.0,,0,0
1.0,1.0,1.0,,Welcome to the RITC 2026 Alogithmic Market Making Case - practice server,,155,2026-02-01 05:08:36.354922,SMMR,23.93,23.94,23.99,2198700.0,10000.0,1996200.0,5000.0,0,0
,,,,,,155,2026-02-01 05:08:36.354922,ATMN,26.2,25.8,26.18,2056200.0,5000.0,1881300.0,,0,0
,,,,,,155,2026-02-01 05:08:36.354922,WNTR,25.6,25.62,25.64,1797500.0,,1971300.0,5000.0,0,0
2.0,1.0,1.0,,Aggregate Position Limit,Your CRO has set the aggregate position limit to 15000 shares for this week.,156,2026-02-01 05:08:37.386366,SPNG,24.07,24.07,24.52,2445300.0,2211900.0,5000.0,,0,0
1.0,1.0,1.0,,Welcome to the RITC 2026 Alogithmic Market Making Case - practice server,,156,2026-02-01 05:08:37.386366,SMMR,24.1,23.97,24.1,2355200.0,2363400.0,,,0,0
,,,,,,156,2026-02-01 05:08:37.386366,ATMN,25.57,25.57,26.09,2046100.0,1797300.0,7500.0,,0,0
,,,,,,156,2026-02-01 05:08:37.386366,WNTR,25.51,25.51,25.61,1859200.0,1896900.0,2500.0,2500.0,0,0
2.0,1.0,1.0,,Aggregate Position Limit,Your CRO has set the aggregate position limit to 15000 shares for this week.,157,2026-02-01 05:08:38.408565,SPNG,24.16,24.26,24.51,2292000.0,2500.0,2500.0,2204300.0,0,0
1.0,1.0,1.0,,Welcome to the RITC 2026 Alogithmic Market Making Case - practice server,,157,2026-02-01 05:08:38.408565,SMMR,24.1,23.98,24.08,2219000.0,2500.0,2500.0,2237400.0,0,0
,,,,,,157,2026-02-01 05:08:38.408565,ATMN,26.18,26.3,26.34,1930200.0,2500.0,5000.0,1881100.0,0,0
,,,,,,157,2026-02-01 05:08:38.408565,WNTR,25.45,25.45,25.61,2010700.0,,2500.0,1886600.0,0,0
2.0,1.0,1.0,,Aggregate Position Limit,Your CRO has set the aggregate position limit to 15000 shares for this week.,158,2026-02-01 05:08:39.433543,SPNG,24.72,24.1,24.43,2306300.0,2500.0,2349500.0,,0,0
1.0,1.0,1.0,,Welcome to the RITC 2026 Alogithmic Market Making Case - practice server,,158,2026-02-01 05:08:39.433543,SMMR,23.97,23.97,24.1,2355200.0,,2338400.0,,0,0
,,,,,,158,2026-02-01 05:08:39.433543,ATMN,26.07,25.57,25.64,2046100.0,,1891400.0,5000.0,0,0
,,,,,,158,2026-02-01 05:08:39.433543,WNTR,25.42,25.42,25.6,2037000.0,,1773800.0,5000.0,0,0
2.0,1.0,1.0,,Aggregate Position Limit,Your CRO has set the aggregate position limit to 15000 shares for this week.,159,2026-02-01 05:08:40.462758,SPNG,24.43,24.12,24.43,2315000.0,2500.0,2349500.0,,0,0
1.0,1.0,1.0,,Welcome to the RITC 2026 Alogithmic Market Making Case - practice server,,159,2026-02-01 05:08:40.462758,SMMR,23.96,23.9,23.96,2352200.0,,2253300.0,2500.0,0,0
,,,,,,159,2026-02-01 05:08:40.462758,ATMN,25.56,25.95,26.08,1942200.0,2500.0,1823300.0,7500.0,0,0
,,,,,,159,2026-02-01 05:08:40.462758,WNTR,25.41,25.41,25.53,2059800.0,,1794900.0,5000.0,0,0
2.0,1.0,1.0,,Aggregate Position Limit,Your CRO has set the aggregate position limit to 15000 shares for this week.,160,2026-02-01 05:08:41.480800,SPNG,24.43,24.29,24.43,2172300.0,5000.0,2222100.0,2500.0,0,0
1.0,1.0,1.0,,Welcome to the RITC 2026 Alogithmic Market Making Case - practice server,,160,2026-02-01 05:08:41.480800,SMMR,24.11,23.92,24.11,2229800.0,5000.0,2338900.0,,0,0
,,,,,,160,2026-02-01 05:08:41.480800,ATMN,25.67,26.02,26.08,2064400.0,,1823300.0,7500.0,0,0
,,,,,,160,2026-02-01 05:08:41.480800,WNTR,25.53,25.52,25.53,1963700.0,2500.0,1701200.0,7500.0,0,0
2.0,1.0,1.0,,Aggregate Position Limit,Your CRO has set the aggregate position limit to 15000 shares for this week.,161,2026-02-01 05:08:42.494863,SPNG,24.14,24.14,24.43,2277800.0,2500.0,2222100.0,2500.0,0,0
1.0,1.0,1.0,,Welcome to the RITC 2026 Alogithmic Market Making Case - practice server,,161,2026-02-01 05:08:42.494863,SMMR,23.89,23.89,23.94,2290100.0,,2232100.0,5000.0,0,0
,,,,,,161,2026-02-01 05:08:42.494863,ATMN,26.3,26.03,26.13,1969900.0,5000.0,1801400.0,7500.0,0,0
,,,,,,161,2026-02-01 05:08:42.494863,WNTR,25.41,25.42,25.52,1943800.0,2500.0,1625500.0,10000.0,0,0
2.0,1.0,1.0,,Aggregate Position Limit,Your CRO has set the aggregate position limit to 15000 shares for this week.,162,2026-02-01 05:08:43.526617,SPNG,24.02,24.02,24.42,2357400.0,5000.0,2122100.0,,0,0
1.0,1.0,1.0,,Welcome to the RITC 2026 Alogithmic Market Making Case - practice server,,162,2026-02-01 05:08:43.526617,SMMR,23.94,23.89,23.94,2181000.0,5000.0,2232100.0,2500.0,0,0
,,,,,,162,2026-02-01 05:08:43.526617,ATMN,26.02,26.02,26.3,2064400.0,7500.0,1818000.0,,0,0
,,,,,,162,2026-02-01 05:08:43.526617,WNTR,25.41,25.42,25.52,1921700.0,10000.0,1644200.0,2500.0,0,0
2.0,1.0,1.0,,Aggregate Position Limit,Your CRO has set the aggregate position limit to 15000 shares for this week.,163,2026-02-01 05:08:44.545875,SPNG,24.35,24.02,24.35,2376600.0,2356800.0,,,0,0
1.0,1.0,1.0,,Welcome to the RITC 2026 Alogithmic Market Making Case - practice server,,163,2026-02-01 05:08:44.545875,SMMR,23.94,23.99,24.09,2195400.0,2236400.0,2500.0,5000.0,0,0
,,,,,,163,2026-02-01 05:08:44.545875,ATMN,26.1,26.11,26.29,1982400.0,1708500.0,2500.0,10000.0,0,0
,,,,,,163,2026-02-01 05:08:44.545875,WNTR,25.36,25.37,25.51,2077200.0,1541000.0,,12500.0,0,0
2.0,1.0,1.0,,Aggregate Position Limit,Your CRO has set the aggregate position limit to 15000 shares for this week.,164,2026-02-01 05:08:45.583532,SPNG,24.18,24.55,24.77,2391800.0,2323700.0,,,0,0
1.0,1.0,1.0,,Welcome to the RITC 2026 Alogithmic Market Making Case - practice server,,164,2026-02-01 05:08:45.583532,SMMR,23.97,23.97,24.07,2170400.0,2099100.0,2500.0,10000.0,0,0
,,,,,,164,2026-02-01 05:08:45.583532,ATMN,26.11,26.06,26.11,1984900.0,1647800.0,2500.0,12500.0,0,0
,,,,,,164,2026-02-01 05:08:45.583532,WNTR,25.5,25.5,25.51,2056500.0,1553100.0,,12500.0,0,0
2.0,1.0,1.0,,Aggregate Position Limit,Your CRO has set the aggregate position limit to 15000 shares for this week.,165,2026-02-01 05:08:46.607087,SPNG,24.55,24.02,24.4,2376600.0,2237800.0,2500.0,,0,0
1.0,1.0,1.0,,Welcome to the RITC 2026 Alogithmic Market Making Case - practice server,,165,2026-02-01 05:08:46.607087,SMMR,24.12,23.97,24.1,2050700.0,2241500.0,5000.0,7500.0,0,0
,,,,,,165,2026-02-01 05:08:46.607087,ATMN,26.11,26.06,26.11,1867600.0,1632000.0,12500.0,7500.0,0,0
,,,,,,165,2026-02-01 05:08:46.607087,WNTR,25.54,25.5,25.54,2056500.0,1734900.0,7500.0,,0,0
2.0,1.0,1.0,,Aggregate Position Limit,Your CRO has set the aggregate position limit to 15000 shares for this week.,166,2026-02-01 05:08:47.675629,SPNG,24.6,24.03,24.46,5000.0,2259600.0,2089800.0,7500.0,0,0
1.0,1.0,1.0,,Welcome to the RITC 2026 Alogithmic Market Making Case - practice server,,166,2026-02-01 05:08:47.675629,SMMR,24.0,24.06,24.1,10000.0,1918500.0,2216800.0,5000.0,0,0
,,,,,,166,2026-02-01 05:08:47.675629,ATMN,26.06,26.06,26.14,2500.0,1969600.0,1610700.0,12500.0,0,0
,,,,,,166,2026-02-01 05:08:47.675629,WNTR,25.55,25.5,25.55,,2080300.0,1734900.0,7500.0,0,0
2.0,1.0,1.0,,Aggregate Position Limit,Your CRO has set the aggregate position limit to 15000 shares for this week.,167,2026-02-01 05:08:48.700363,SPNG,24.54,24.75,24.76,2309400.0,5000.0,2500.0,2221700.0,0,0
1.0,1.0,1.0,,Welcome to the RITC 2026 Alogithmic Market Making Case - practice server,,167,2026-02-01 05:08:48.700363,SMMR,24.06,24.05,24.06,2061400.0,7500.0,7500.0,2076700.0,0,0
,,,,,,167,2026-02-01 05:08:48.700363,ATMN,25.69,25.69,26.11,2031900.0,,15000.0,1514000.0,0,0
,,,,,,167,2026-02-01 05:08:48.700363,WNTR,25.55,25.51,25.54,2016900.0,2500.0,10000.0,1620000.0,0,0
2.0,1.0,1.0,,Aggregate Position Limit,Your CRO has set the aggregate position limit to 15000 shares for this week.,168,2026-02-01 05:08:49.762441,SPNG,24.12,24.36,24.77,2325900.0,5000.0,2326600.0,,0,0
1.0,1.0,1.0,,Welcome to the RITC 2026 Alogithmic Market Making Case - practice server,,168,2026-02-01 05:08:49.762441,SMMR,24.12,24.09,24.12,2077800.0,7500.0,2352000.0,,0,0
,,,,,,168,2026-02-01 05:08:49.762441,ATMN,26.13,25.69,25.72,2031900.0,,1636800.0,12500.0,0,0
,,,,,,168,2026-02-01 05:08:49.762441,WNTR,25.51,25.5,25.51,2134400.0,,1705100.0,7500.0,0,0
2.0,1.0,1.0,,Aggregate Position Limit,Your CRO has set the aggregate position limit to 15000 shares for this week.,169,2026-02-01 05:08:50.793866,SPNG,24.1,24.1,24.77,2308500.0,5000.0,2199200.0,5000.0,0,0
1.0,1.0,1.0,,Welcome to the RITC 2026 Alogithmic Market Making Case - practice server,,169,2026-02-01 05:08:50.793866,SMMR,24.09,23.99,24.0,2065900.0,7500.0,2342900.0,,0,0
,,,,,,169,2026-02-01 05:08:50.793866,ATMN,26.13,25.71,25.72,2064900.0,,1636800.0,12500.0,0,0
,,,,,,169,2026-02-01 05:08:50.793866,WNTR,25.56,25.51,25.56,2046800.0,2500.0,1729500.0,7500.0,0,0
2.0,1.0,1.0,,Aggregate Position Limit,Your CRO has set the aggregate position limit to 15000 shares for this week.,170,2026-02-01 05:08:51.824983,SPNG,24.77,24.29,24.37,2152700.0,7500.0,7500.0,2099200.0,0,0
1.0,1.0,1.0,,Welcome to the RITC 2026 Alogithmic Market Making Case - practice server,,170,2026-02-01 05:08:51.824983,SMMR,23.93,23.93,24.12,2157500.0,2500.0,,2340900.0,0,0
,,,,,,170,2026-02-01 05:08:51.824983,ATMN,26.15,26.11,26.15,2052000.0,,12500.0,1608400.0,0,0
,,,,,,170,2026-02-01 05:08:51.824983,WNTR,25.6,25.51,25.6,2046800.0,2500.0,2500.0,1901700.0,0,0
2.0,1.0,1.0,,Aggregate Position Limit,Your CRO has set the aggregate position limit to 15000 shares for this week.,171,2026-02-01 05:08:52.861746,SPNG,24.37,24.65,24.77,2130400.0,7500.0,2216900.0,5000.0,0,0
1.0,1.0,1.0,,Welcome to the RITC 2026 Alogithmic Market Making Case - practice server,,171,2026-02-01 05:08:52.861746,SMMR,23.98,23.98,24.12,2179900.0,2500.0,2366300.0,,0,0
,,,,,,171,2026-02-01 05:08:52.861746,ATMN,26.11,26.11,26.28,2052000.0,,1631100.0,12500.0,0,0
,,,,,,171,2026-02-01 05:08:52.861746,WNTR,25.6,25.46,25.6,2112200.0,,1901700.0,2500.0,0,0
2.0,1.0,1.0,,Aggregate Position Limit,Your CRO has set the aggregate position limit to 15000 shares for this week.,172,2026-02-01 05:08:53.886991,SPNG,24.65,24.29,24.58,2152700.0,7500.0,2216100.0,5000.0,0,0
1.0,1.0,1.0,,Welcome to the RITC 2026 Alogithmic Market Making Case - practice server,,172,2026-02-01 05:08:53.886991,SMMR,24.15,23.99,24.15,2063000.0,7500.0,2361500.0,,0,0
,,,,,,172,2026-02-01 05:08:53.886991,ATMN,25.71,25.71,26.28,2073500.0,,1631100.0,12500.0,0,0
,,,,,,172,2026-02-01 05:08:53.886991,WNTR,25.52,25.52,25.59,2155400.0,,1794300.0,5000.0,0,0
2.0,1.0,1.0,,Aggregate Position Limit,Your CRO has set the aggregate position limit to 15000 shares for this week.,173,2026-02-01 05:08:54.952588,SPNG,24.57,24.59,24.78,2021000.0,10000.0,2275500.0,,0,0
1.0,1.0,1.0,,Welcome to the RITC 2026 Alogithmic Market Making Case - practice server,,173,2026-02-01 05:08:54.952588,SMMR,24.15,24.08,24.14,1911200.0,10000.0,2219300.0,2500.0,0,0
,,,,,,173,2026-02-01 05:08:54.952588,ATMN,26.36,25.76,26.36,1992200.0,5000.0,2042000.0,,0,0
,,,,,,173,2026-02-01 05:08:54.952588,WNTR,25.61,25.46,25.61,2140700.0,,1976100.0,,0,0
2.0,1.0,1.0,,Aggregate Position Limit,Your CRO has set the aggregate position limit to 15000 shares for this week.,174,2026-02-01 05:08:55.985667,SPNG,24.34,24.3,24.34,10000.0,1996800.0,2249600.0,,0,0
1.0,1.0,1.0,,Welcome to the RITC 2026 Alogithmic Market Making Case - practice server,,174,2026-02-01 05:08:55.985667,SMMR,24.15,24.08,24.14,10000.0,1924100.0,2270400.0,2500.0,0,0
,,,,,,174,2026-02-01 05:08:55.985667,ATMN,26.49,26.31,26.49,5000.0,1973300.0,2026100.0,,0,0
,,,,,,174,2026-02-01 05:08:55.985667,WNTR,25.44,25.44,25.6,,2110300.0,1873600.0,2500.0,0,0
2.0,1.0,1.0,,Aggregate Position Limit,Your CRO has set the aggregate position limit to 15000 shares for this week.,175,2026-02-01 05:08:57.022471,SPNG,24.28,24.28,24.56,2149300.0,7500.0,2252200.0,,0,0
1.0,1.0,1.0,,Welcome to the RITC 2026 Alogithmic Market Making Case - practice server,,175,2026-02-01 05:08:57.022471,SMMR,23.97,24.07,24.13,2158800.0,2500.0,2163000.0,5000.0,0,0
,,,,,,175,2026-02-01 05:08:57.022471,ATMN,26.31,26.31,26.46,1973300.0,5000.0,2047200.0,,0,0
,,,,,,175,2026-02-01 05:08:57.022471,WNTR,25.64,25.45,25.63,2020500.0,2500.0,1881300.0,2500.0,0,0
2.0,1.0,1.0,,Aggregate Position Limit,Your CRO has set the aggregate position limit to 15000 shares for this week.,176,2026-02-01 05:08:58.067781,SPNG,24.02,24.02,24.57,2388700.0,5000.0,2156800.0,,0,0
1.0,1.0,1.0,,Welcome to the RITC 2026 Alogithmic Market Making Case - practice server,,176,2026-02-01 05:08:58.067781,SMMR,23.97,24.07,24.11,2041900.0,7500.0,2030600.0,5000.0,0,0
,,,,,,176,2026-02-01 05:08:58.067781,ATMN,25.71,25.71,26.46,1965200.0,5000.0,1950100.0,5000.0,0,0
,,,,,,176,2026-02-01 05:08:58.067781,WNTR,25.64,25.45,25.64,2008400.0,,1973700.0,2500.0,0,0
2.0,1.0,1.0,,Aggregate Position Limit,Your CRO has set the aggregate position limit to 15000 shares for this week.,177,2026-02-01 05:08:59.153871,SPNG,24.58,24.03,24.58,5000.0,2280500.0,2261400.0,,0,0
1.0,1.0,1.0,,Welcome to the RITC 2026 Alogithmic Market Making Case - practice server,,177,2026-02-01 05:08:59.153871,SMMR,24.07,24.07,24.11,5000.0,2041900.0,2030600.0,7500.0,0,0
,,,,,,177,2026-02-01 05:08:59.153871,ATMN,26.02,26.04,26.18,5000.0,1968300.0,1945100.0,5000.0,0,0
,,,,,,177,2026-02-01 05:08:59.153871,WNTR,25.55,25.46,25.52,5000.0,1900600.0,1970500.0,,0,0
2.0,1.0,1.0,,Aggregate Position Limit,Your CRO has set the aggregate position limit to 15000 shares for this week.,178,2026-02-01 05:09:00.200323,SPNG,24.58,24.39,24.58,2287900.0,5000.0,2304300.0,,0,0
1.0,1.0,1.0,,Welcome to the RITC 2026 Alogithmic Market Making Case - practice server,,178,2026-02-01 05:09:00.200323,SMMR,24.11,24.11,24.13,2066800.0,5000.0,2158800.0,5000.0,0,0
,,,,,,178,2026-02-01 05:09:00.200323,ATMN,26.18,26.32,26.47,1894800.0,7500.0,1950100.0,5000.0,0,0
,,,,,,178,2026-02-01 05:09:00.200323,WNTR,25.55,25.47,25.5,1802200.0,10000.0,1912500.0,5000.0,0,0
2.0,1.0,1.0,,Aggregate Position Limit,Your CRO has set the aggregate position limit to 15000 shares for this week.,179,2026-02-01 05:09:01.234709,SPNG,24.36,24.3,24.36,2258400.0,5000.0,2194100.0,2500.0,0,0
1.0,1.0,1.0,,Welcome to the RITC 2026 Alogithmic Market Making Case - practice server,,179,2026-02-01 05:09:01.234709,SMMR,23.95,23.95,24.13,2174000.0,2500.0,2158800.0,5000.0,0,0
,,,,,,179,2026-02-01 05:09:01.234709,ATMN,26.49,26.32,26.49,1905900.0,7500.0,2066800.0,,0,0
,,,,,,179,2026-02-01 05:09:01.234709,WNTR,25.45,25.45,25.52,2099200.0,,2003400.0,,0,0
2.0,1.0,1.0,,Aggregate Position Limit,Your CRO has set the aggregate position limit to 15000 shares for this week.,180,2026-02-01 05:09:02.277460,SPNG,25.85,25.85,27.06,1000300.0,7500.0,894100.0,,0,0
1.0,1.0,1.0,,Welcome to the RITC 2026 Alogithmic Market Making Case - practice server,,180,2026-02-01 05:09:02.277460,SMMR,24.54,24.55,24.74,941500.0,5000.0,900300.0,,0,0
,,,,,,180,2026-02-01 05:09:02.277460,ATMN,25.97,25.63,25.79,1035100.0,,863200.0,,0,0
,,,,,,180,2026-02-01 05:09:02.277460,WNTR,25.45,25.49,25.52,784100.0,5000.0,1039300.0,5000.0,0,0
2.0,1.0,1.0,,Aggregate Position Limit,Your CRO has set the aggregate position limit to 15000 shares for this week.,181,2026-02-01 05:09:03.305635,SPNG,25.85,26.26,26.48,1110700.0,7500.0,1180800.0,,0,0
1.0,1.0,1.0,,Welcome to the RITC 2026 Alogithmic Market Making Case - practice server,,181,2026-02-01 05:09:03.305635,SMMR,24.48,24.53,24.66,1093400.0,2500.0,1124800.0,2500.0,0,0
,,,,,,181,2026-02-01 05:09:03.305635,ATMN,25.79,25.64,25.73,1035100.0,2500.0,982400.0,,0,0
,,,,,,181,2026-02-01 05:09:03.305635,WNTR,25.14,25.05,25.14,831300.0,,1225400.0,7500.0,0,0
2.0,1.0,1.0,,Aggregate Position Limit,Your CRO has set the aggregate position limit to 15000 shares for this week.,182,2026-02-01 05:09:04.327487,SPNG,26.22,25.85,26.22,1205800.0,7500.0,1299800.0,5000.0,0,0
1.0,1.0,1.0,,Welcome to the RITC 2026 Alogithmic Market Making Case - practice server,,182,2026-02-01 05:09:04.327487,SMMR,24.55,24.56,24.66,1231500.0,,1225100.0,2500.0,0,0
,,,,,,182,2026-02-01 05:09:04.327487,ATMN,25.96,25.96,26.07,1151800.0,5000.0,869700.0,,0,0
,,,,,,182,2026-02-01 05:09:04.327487,WNTR,24.9,24.9,24.98,900700.0,,1415500.0,7500.0,0,0
2.0,1.0,1.0,,Aggregate Position Limit,Your CRO has set the aggregate position limit to 15000 shares for this week.,183,2026-02-01 05:09:05.350513,SPNG,26.67,25.87,25.99,12500.0,1205800.0,5000.0,1182100.0,0,0
1.0,1.0,1.0,,Welcome to the RITC 2026 Alogithmic Market Making Case - practice server,,183,2026-02-01 05:09:05.350513,SMMR,24.53,24.53,24.66,,958200.0,2500.0,1455100.0,0,0
,,,,,,183,2026-02-01 05:09:05.350513,ATMN,25.63,24.46,25.62,,959100.0,,1166700.0,0,0
,,,,,,183,2026-02-01 05:09:05.350513,WNTR,24.75,24.69,24.72,,930500.0,12500.0,1738200.0,0,0
2.0,1.0,1.0,,Aggregate Position Limit,Your CRO has set the aggregate position limit to 15000 shares for this week.,185,2026-02-01 05:09:06.400146,SPNG,25.82,26.63,26.67,1222100.0,7500.0,1081500.0,,0,0
1.0,1.0,1.0,,Welcome to the RITC 2026 Alogithmic Market Making Case - practice server,,185,2026-02-01 05:09:06.400146,SMMR,24.48,23.82,24.48,980600.0,,1837500.0,5000.0,0,0
,,,,,,185,2026-02-01 05:09:06.400146,ATMN,25.63,25.37,25.61,1289900.0,5000.0,1166700.0,5000.0,0,0
,,,,,,185,2026-02-01 05:09:06.400146,WNTR,24.69,24.69,24.72,930500.0,,1754900.0,12500.0,0,0
2.0,1.0,1.0,,Aggregate Position Limit,Your CRO has set the aggregate position limit to 15000 shares for this week.,186,2026-02-01 05:09:07.456910,SPNG,26.63,25.89,26.25,1324700.0,7500.0,1328900.0,,0,0
1.0,1.0,1.0,,Welcome to the RITC 2026 Alogithmic Market Making Case - practice server,,186,2026-02-01 05:09:07.456910,SMMR,24.65,24.28,24.65,1241300.0,5000.0,1704200.0,2500.0,0,0
,,,,,,186,2026-02-01 05:09:07.456910,ATMN,25.72,25.72,25.76,1489000.0,10000.0,1293100.0,,0,0
,,,,,,186,2026-02-01 05:09:07.456910,WNTR,24.68,23.89,23.9,923300.0,,1774600.0,12500.0,0,0
2.0,1.0,1.0,,Aggregate Position Limit,Your CRO has set the aggregate position limit to 15000 shares for this week.,187,2026-02-01 05:09:08.533975,SPNG,26.25,26.48,26.67,1688600.0,10000.0,1201100.0,,0,0
1.0,1.0,1.0,,Welcome to the RITC 2026 Alogithmic Market Making Case - practice server,,187,2026-02-01 05:09:08.533975,SMMR,24.28,24.35,24.62,1241300.0,7500.0,1820100.0,2500.0,0,0
,,,,,,187,2026-02-01 05:09:08.533975,ATMN,25.72,25.53,25.61,1490900.0,10000.0,1525700.0,,0,0
,,,,,,187,2026-02-01 05:09:08.533975,WNTR,23.89,23.89,23.9,1038800.0,,1753800.0,12500.0,0,0
2.0,1.0,1.0,,Aggregate Position Limit,Your CRO has set the aggregate position limit to 15000 shares for this week.,188,2026-02-01 05:09:09.588652,SPNG,26.32,26.33,26.67,1812000.0,10000.0,1201100.0,,0,0
