ticker,last_price,bid_price,ask_price,BUY_ANON,SELL_ANON,SELL_UOTB-T1,SELL_UOTB-P,BUY_UOTB-D,SELL_BABS-P,SELL_UOTB-D,BUY_UOTB-P,tick,timestamp,news_news_id,news_period,news_tick,news_ticker,news_headline,news_body
NG,2.2,0.0,0.0,800000.0,800000.0,0,0,0,0,0,0,1,2026-02-04 16:14:30.419747,3.0,1.0,1.0,,You are logged in as a PRODUCER,
ELEC-day2,0.0,0.0,0.0,,,0,0,0,0,0,0,1,2026-02-04 16:14:30.419747,2.0,1.0,1.0,,FINES,"The fine for open positions of ELEC-dayX at the end of the day is $20,000/contract."
ELEC-day3,0.0,0.0,0.0,,,0,0,0,0,0,0,1,2026-02-04 16:14:30.419747,1.0,1.0,1.0,,Welcome to the RITC2026 GBE Energy Electricity Trading Case - practice server,
ELEC-day4,0.0,0.0,0.0,,,0,0,0,0,0,0,1,2026-02-04 16:14:30.419747,,,,,,
ELEC-day5,0.0,0.0,0.0,,,0,0,0,0,0,0,1,2026-02-04 16:14:30.419747,,,,,,
ELEC-day6,0.0,0.0,0.0,,,0,0,0,0,0,0,1,2026-02-04 16:14:30.419747,,,,,,
ELEC-F,0.0,0.0,0.0,,,0,0,0,0,0,0,1,2026-02-04 16:14:30.419747,,,,,,
NG,2.19,2.17,2.21,800000.0,800000.0,0,0,0,0,0,0,2,2026-02-04 16:14:31.641716,4.0,1.0,1.0,,SUNLIGHT Forecast for DAY 2,The weather forecasts call for between 3 and 9 hours of sunlight tomorrow.
ELEC-day2,0.0,0.0,0.0,,,0,0,0,0,0,0,2,2026-02-04 16:14:31.641716,,,,,,
ELEC-day3,0.0,0.0,0.0,,,0,0,0,0,0,0,2,2026-02-04 16:14:31.641716,,,,,,
ELEC-day4,0.0,0.0,0.0,,,0,0,0,0,0,0,2,2026-02-04 16:14:31.641716,,,,,,
ELEC-day5,0.0,0.0,0.0,,,0,0,0,0,0,0,2,2026-02-04 16:14:31.641716,,,,,,
ELEC-day6,0.0,0.0,0.0,,,0,0,0,0,0,0,2,2026-02-04 16:14:31.641716,,,,,,
ELEC-F,0.0,0.0,0.0,,,0,0,0,0,0,0,2,2026-02-04 16:14:31.641716,,,,,,
NG,2.2,2.18,2.22,800000.0,800000.0,0,0,0,0,0,0,3,2026-02-04 16:14:32.707932
ELEC-day2,0.0,0.0,0.0,,,0,0,0,0,0,0,3,2026-02-04 16:14:32.707932
ELEC-day3,0.0,0.0,0.0,,,0,0,0,0,0,0,3,2026-02-04 16:14:32.707932
ELEC-day4,0.0,0.0,0.0,,,0,0,0,0,0,0,3,2026-02-04 16:14:32.707932
ELEC-day5,0.0,0.0,0.0,,,0,0,0,0,0,0,3,2026-02-04 16:14:32.707932
ELEC-day6,0.0,0.0,0.0,,,0,0,0,0,0,0,3,2026-02-04 16:14:32.707932
ELEC-F,0.0,0.0,0.0,,,0,0,0,0,0,0,3,2026-02-04 16:14:32.707932
NG,2.21,2.19,2.23,800000.0,800000.0,0,0,0,0,0,0,4,2026-02-04 16:14:33.864179
ELEC-day2,0.0,0.0,0.0,,,0,0,0,0,0,0,4,2026-02-04 16:14:33.864179
ELEC-day3,0.0,0.0,0.0,,,0,0,0,0,0,0,4,2026-02-04 16:14:33.864179
ELEC-day4,0.0,0.0,0.0,,,0,0,0,0,0,0,4,2026-02-04 16:14:33.864179
ELEC-day5,0.0,0.0,0.0,,,0,0,0,0,0,0,4,2026-02-04 16:14:33.864179
ELEC-day6,0.0,0.0,0.0,,,0,0,0,0,0,0,4,2026-02-04 16:14:33.864179
ELEC-F,0.0,0.0,0.0,,,0,0,0,0,0,0,4,2026-02-04 16:14:33.864179
NG,2.21,2.19,2.23,800000.0,800000.0,0,0,0,0,0,0,5,2026-02-04 16:14:34.455881
ELEC-day2,0.0,0.0,0.0,,,0,0,0,0,0,0,5,2026-02-04 16:14:34.455881
ELEC-day3,0.0,0.0,0.0,,,0,0,0,0,0,0,5,2026-02-04 16:14:34.455881
ELEC-day4,0.0,0.0,0.0,,,0,0,0,0,0,0,5,2026-02-04 16:14:34.455881
ELEC-day5,0.0,0.0,0.0,,,0,0,0,0,0,0,5,2026-02-04 16:14:34.455881
ELEC-day6,0.0,0.0,0.0,,,0,0,0,0,0,0,5,2026-02-04 16:14:34.455881
ELEC-F,0.0,0.0,0.0,,,0,0,0,0,0,0,5,2026-02-04 16:14:34.455881
NG,2.21,2.19,2.23,800000.0,800000.0,0,0,0,0,0,0,6,2026-02-04 16:14:35.516125
ELEC-day2,0.0,0.0,0.0,,,0,0,0,0,0,0,6,2026-02-04 16:14:35.516125
ELEC-day3,0.0,0.0,0.0,,,0,0,0,0,0,0,6,2026-02-04 16:14:35.516125
ELEC-day4,0.0,0.0,0.0,,,0,0,0,0,0,0,6,2026-02-04 16:14:35.516125
ELEC-day5,0.0,0.0,0.0,,,0,0,0,0,0,0,6,2026-02-04 16:14:35.516125
ELEC-day6,0.0,0.0,0.0,,,0,0,0,0,0,0,6,2026-02-04 16:14:35.516125
ELEC-F,0.0,0.0,0.0,,,0,0,0,0,0,0,6,2026-02-04 16:14:35.516125
NG,2.21,2.19,2.23,800000.0,800000.0,0,0,0,0,0,0,7,2026-02-04 16:14:36.573336
ELEC-day2,0.0,0.0,0.0,,,0,0,0,0,0,0,7,2026-02-04 16:14:36.573336
ELEC-day3,0.0,0.0,0.0,,,0,0,0,0,0,0,7,2026-02-04 16:14:36.573336
ELEC-day4,0.0,0.0,0.0,,,0,0,0,0,0,0,7,2026-02-04 16:14:36.573336
ELEC-day5,0.0,0.0,0.0,,,0,0,0,0,0,0,7,2026-02-04 16:14:36.573336
ELEC-day6,0.0,0.0,0.0,,,0,0,0,0,0,0,7,2026-02-04 16:14:36.573336
ELEC-F,0.0,0.0,0.0,,,0,0,0,0,0,0,7,2026-02-04 16:14:36.573336
NG,2.19,2.17,2.21,800000.0,800000.0,0,0,0,0,0,0,8,2026-02-04 16:14:37.624033
ELEC-day2,0.0,0.0,0.0,,,0,0,0,0,0,0,8,2026-02-04 16:14:37.624033
ELEC-day3,0.0,0.0,0.0,,,0,0,0,0,0,0,8,2026-02-04 16:14:37.624033
ELEC-day4,0.0,0.0,0.0,,,0,0,0,0,0,0,8,2026-02-04 16:14:37.624033
ELEC-day5,0.0,0.0,0.0,,,0,0,0,0,0,0,8,2026-02-04 16:14:37.624033
ELEC-day6,0.0,0.0,0.0,,,0,0,0,0,0,0,8,2026-02-04 16:14:37.624033
ELEC-F,0.0,0.0,0.0,,,0,0,0,0,0,0,8,2026-02-04 16:14:37.624033
NG,2.2,2.18,2.22,800000.0,800000.0,0,0,0,0,0,0,9,2026-02-04 16:14:38.670477
ELEC-day2,0.0,0.0,0.0,,,0,0,0,0,0,0,9,2026-02-04 16:14:38.670477
ELEC-day3,0.0,0.0,0.0,,,0,0,0,0,0,0,9,2026-02-04 16:14:38.670477
ELEC-day4,0.0,0.0,0.0,,,0,0,0,0,0,0,9,2026-02-04 16:14:38.670477
ELEC-day5,0.0,0.0,0.0,,,0,0,0,0,0,0,9,2026-02-04 16:14:38.670477
ELEC-day6,0.0,0.0,0.0,,,0,0,0,0,0,0,9,2026-02-04 16:14:38.670477
ELEC-F,0.0,0.0,0.0,,,0,0,0,0,0,0,9,2026-02-04 16:14:38.670477
NG,2.2,2.18,2.22,800000.0,800000.0,0,0,0,0,0,0,10,2026-02-04 16:14:39.717327
ELEC-day2,0.0,0.0,0.0,,,0,0,0,0,0,0,10,2026-02-04 16:14:39.717327
ELEC-day3,0.0,0.0,0.0,,,0,0,0,0,0,0,10,2026-02-04 16:14:39.717327
ELEC-day4,0.0,0.0,0.0,,,0,0,0,0,0,0,10,2026-02-04 16:14:39.717327
ELEC-day5,0.0,0.0,0.0,,,0,0,0,0,0,0,10,2026-02-04 16:14:39.717327
ELEC-day6,0.0,0.0,0.0,,,0,0,0,0,0,0,10,2026-02-04 16:14:39.717327
ELEC-F,0.0,0.0,0.0,,,0,0,0,0,0,0,10,2026-02-04 16:14:39.717327
NG,2.2,2.18,2.22,800000.0,800000.0,0,0,0,0,0,0,11,2026-02-04 16:14:40.757108
ELEC-day2,0.0,0.0,0.0,,,0,0,0,0,0,0,11,2026-02-04 16:14:40.757108
ELEC-day3,0.0,0.0,0.0,,,0,0,0,0,0,0,11,2026-02-04 16:14:40.757108
ELEC-day4,0.0,0.0,0.0,,,0,0,0,0,0,0,11,2026-02-04 16:14:40.757108
ELEC-day5,0.0,0.0,0.0,,,0,0,0,0,0,0,11,2026-02-04 16:14:40.757108
ELEC-day6,0.0,0.0,0.0,,,0,0,0,0,0,0,11,2026-02-04 16:14:40.757108
ELEC-F,0.0,0.0,0.0,,,0,0,0,0,0,0,11,2026-02-04 16:14:40.757108
NG,2.21,2.19,2.23,800000.0,800000.0,0,0,0,0,0,0,12,2026-02-04 16:14:41.789666
ELEC-day2,0.0,0.0,0.0,,,0,0,0,0,0,0,12,2026-02-04 16:14:41.789666
ELEC-day3,0.0,0.0,0.0,,,0,0,0,0,0,0,12,2026-02-04 16:14:41.789666
ELEC-day4,0.0,0.0,0.0,,,0,0,0,0,0,0,12,2026-02-04 16:14:41.789666
ELEC-day5,0.0,0.0,0.0,,,0,0,0,0,0,0,12,2026-02-04 16:14:41.789666
ELEC-day6,0.0,0.0,0.0,,,0,0,0,0,0,0,12,2026-02-04 16:14:41.789666
ELEC-F,0.0,0.0,0.0,,,0,0,0,0,0,0,12,2026-02-04 16:14:41.789666
NG,2.22,2.2,2.24,800000.0,800000.0,0,0,0,0,0,0,13,2026-02-04 16:14:42.394382
ELEC-day2,0.0,0.0,0.0,,,0,0,0,0,0,0,13,2026-02-04 16:14:42.394382
ELEC-day3,0.0,0.0,0.0,,,0,0,0,0,0,0,13,2026-02-04 16:14:42.394382
ELEC-day4,0.0,0.0,0.0,,,0,0,0,0,0,0,13,2026-02-04 16:14:42.394382
ELEC-day5,0.0,0.0,0.0,,,0,0,0,0,0,0,13,2026-02-04 16:14:42.394382
ELEC-day6,0.0,0.0,0.0,,,0,0,0,0,0,0,13,2026-02-04 16:14:42.394382
ELEC-F,0.0,0.0,0.0,,,0,0,0,0,0,0,13,2026-02-04 16:14:42.394382
NG,2.21,2.19,2.23,800000.0,800000.0,0,0,0,0,0,0,14,2026-02-04 16:14:43.504831
ELEC-day2,0.0,0.0,0.0,,,0,0,0,0,0,0,14,2026-02-04 16:14:43.504831
ELEC-day3,0.0,0.0,0.0,,,0,0,0,0,0,0,14,2026-02-04 16:14:43.504831
ELEC-day4,0.0,0.0,0.0,,,0,0,0,0,0,0,14,2026-02-04 16:14:43.504831
ELEC-day5,0.0,0.0,0.0,,,0,0,0,0,0,0,14,2026-02-04 16:14:43.504831
ELEC-day6,0.0,0.0,0.0,,,0,0,0,0,0,0,14,2026-02-04 16:14:43.504831
ELEC-F,0.0,0.0,0.0,,,0,0,0,0,0,0,14,2026-02-04 16:14:43.504831
NG,2.22,2.2,2.24,800000.0,800000.0,0,0,0,0,0,0,15,2026-02-04 16:14:44.554369
ELEC-day2,0.0,0.0,0.0,,,0,0,0,0,0,0,15,2026-02-04 16:14:44.554369
ELEC-day3,0.0,0.0,0.0,,,0,0,0,0,0,0,15,2026-02-04 16:14:44.554369
ELEC-day4,0.0,0.0,0.0,,,0,0,0,0,0,0,15,2026-02-04 16:14:44.554369
ELEC-day5,0.0,0.0,0.0,,,0,0,0,0,0,0,15,2026-02-04 16:14:44.554369
ELEC-day6,0.0,0.0,0.0,,,0,0,0,0,0,0,15,2026-02-04 16:14:44.554369
ELEC-F,0.0,0.0,0.0,,,0,0,0,0,0,0,15,2026-02-04 16:14:44.554369
NG,2.21,2.19,2.23,800000.0,800000.0,0,0,0,0,0,0,16,2026-02-04 16:14:45.590967
ELEC-day2,0.0,0.0,0.0,,,0,0,0,0,0,0,16,2026-02-04 16:14:45.590967
ELEC-day3,0.0,0.0,0.0,,,0,0,0,0,0,0,16,2026-02-04 16:14:45.590967
ELEC-day4,0.0,0.0,0.0,,,0,0,0,0,0,0,16,2026-02-04 16:14:45.590967
ELEC-day5,0.0,0.0,0.0,,,0,0,0,0,0,0,16,2026-02-04 16:14:45.590967
ELEC-day6,0.0,0.0,0.0,,,0,0,0,0,0,0,16,2026-02-04 16:14:45.590967
ELEC-F,0.0,0.0,0.0,,,0,0,0,0,0,0,16,2026-02-04 16:14:45.590967
NG,2.21,2.19,2.23,800000.0,800000.0,0,0,0,0,0,0,17,2026-02-04 16:14:46.635660
ELEC-day2,0.0,0.0,0.0,,,0,0,0,0,0,0,17,2026-02-04 16:14:46.635660
ELEC-day3,0.0,0.0,0.0,,,0,0,0,0,0,0,17,2026-02-04 16:14:46.635660
ELEC-day4,0.0,0.0,0.0,,,0,0,0,0,0,0,17,2026-02-04 16:14:46.635660
ELEC-day5,0.0,0.0,0.0,,,0,0,0,0,0,0,17,2026-02-04 16:14:46.635660
ELEC-day6,0.0,0.0,0.0,,,0,0,0,0,0,0,17,2026-02-04 16:14:46.635660
ELEC-F,0.0,0.0,0.0,,,0,0,0,0,0,0,17,2026-02-04 16:14:46.635660
NG,2.2,2.18,2.22,800000.0,800000.0,0,0,0,0,0,0,18,2026-02-04 16:14:47.672998
ELEC-day2,0.0,0.0,0.0,,,0,0,0,0,0,0,18,2026-02-04 16:14:47.672998
ELEC-day3,0.0,0.0,0.0,,,0,0,0,0,0,0,18,2026-02-04 16:14:47.672998
ELEC-day4,0.0,0.0,0.0,,,0,0,0,0,0,0,18,2026-02-04 16:14:47.672998
ELEC-day5,0.0,0.0,0.0,,,0,0,0,0,0,0,18,2026-02-04 16:14:47.672998
ELEC-day6,0.0,0.0,0.0,,,0,0,0,0,0,0,18,2026-02-04 16:14:47.672998
ELEC-F,0.0,0.0,0.0,,,0,0,0,0,0,0,18,2026-02-04 16:14:47.672998
NG,2.2,2.18,2.22,800000.0,800000.0,0,0,0,0,0,0,19,2026-02-04 16:14:48.726453
ELEC-day2,0.0,0.0,0.0,,,0,0,0,0,0,0,19,2026-02-04 16:14:48.726453
ELEC-day3,0.0,0.0,0.0,,,0,0,0,0,0,0,19,2026-02-04 16:14:48.726453
ELEC-day4,0.0,0.0,0.0,,,0,0,0,0,0,0,19,2026-02-04 16:14:48.726453
ELEC-day5,0.0,0.0,0.0,,,0,0,0,0,0,0,19,2026-02-04 16:14:48.726453
ELEC-day6,0.0,0.0,0.0,,,0,0,0,0,0,0,19,2026-02-04 16:14:48.726453
ELEC-F,0.0,0.0,0.0,,,0,0,0,0,0,0,19,2026-02-04 16:14:48.726453
NG,2.19,2.17,2.21,800000.0,800000.0,0,0,0,0,0,0,20,2026-02-04 16:14:49.774186
ELEC-day2,0.0,0.0,0.0,,,0,0,0,0,0,0,20,2026-02-04 16:14:49.774186
ELEC-day3,0.0,0.0,0.0,,,0,0,0,0,0,0,20,2026-02-04 16:14:49.774186
ELEC-day4,0.0,0.0,0.0,,,0,0,0,0,0,0,20,2026-02-04 16:14:49.774186
ELEC-day5,0.0,0.0,0.0,,,0,0,0,0,0,0,20,2026-02-04 16:14:49.774186
ELEC-day6,0.0,0.0,0.0,,,0,0,0,0,0,0,20,2026-02-04 16:14:49.774186
ELEC-F,0.0,0.0,0.0,,,0,0,0,0,0,0,20,2026-02-04 16:14:49.774186
NG,2.19,2.17,2.21,800000.0,800000.0,0,0,0,0,0,0,21,2026-02-04 16:14:50.824313
ELEC-day2,0.0,0.0,0.0,,,0,0,0,0,0,0,21,2026-02-04 16:14:50.824313
ELEC-day3,0.0,0.0,0.0,,,0,0,0,0,0,0,21,2026-02-04 16:14:50.824313
ELEC-day4,0.0,0.0,0.0,,,0,0,0,0,0,0,21,2026-02-04 16:14:50.824313
ELEC-day5,0.0,0.0,0.0,,,0,0,0,0,0,0,21,2026-02-04 16:14:50.824313
ELEC-day6,0.0,0.0,0.0,,,0,0,0,0,0,0,21,2026-02-04 16:14:50.824313
ELEC-F,0.0,0.0,0.0,,,0,0,0,0,0,0,21,2026-02-04 16:14:50.824313
NG,2.19,2.17,2.21,800000.0,800000.0,0,0,0,0,0,0,22,2026-02-04 16:14:51.471385
ELEC-day2,0.0,0.0,0.0,,,0,0,0,0,0,0,22,2026-02-04 16:14:51.471385
ELEC-day3,0.0,0.0,0.0,,,0,0,0,0,0,0,22,2026-02-04 16:14:51.471385
ELEC-day4,0.0,0.0,0.0,,,0,0,0,0,0,0,22,2026-02-04 16:14:51.471385
ELEC-day5,0.0,0.0,0.0,,,0,0,0,0,0,0,22,2026-02-04 16:14:51.471385
ELEC-day6,0.0,0.0,0.0,,,0,0,0,0,0,0,22,2026-02-04 16:14:51.471385
ELEC-F,0.0,0.0,0.0,,,0,0,0,0,0,0,22,2026-02-04 16:14:51.471385
NG,2.19,2.17,2.21,800000.0,800000.0,0,0,0,0,0,0,23,2026-02-04 16:14:52.604387
ELEC-day2,0.0,0.0,0.0,,,0,0,0,0,0,0,23,2026-02-04 16:14:52.604387
ELEC-day3,0.0,0.0,0.0,,,0,0,0,0,0,0,23,2026-02-04 16:14:52.604387
ELEC-day4,0.0,0.0,0.0,,,0,0,0,0,0,0,23,2026-02-04 16:14:52.604387
ELEC-day5,0.0,0.0,0.0,,,0,0,0,0,0,0,23,2026-02-04 16:14:52.604387
ELEC-day6,0.0,0.0,0.0,,,0,0,0,0,0,0,23,2026-02-04 16:14:52.604387
ELEC-F,0.0,0.0,0.0,,,0,0,0,0,0,0,23,2026-02-04 16:14:52.604387
NG,2.21,2.17,2.21,800000.0,800000.0,0,0,0,0,0,0,24,2026-02-04 16:14:53.645574
ELEC-day2,0.0,0.0,0.0,,,0,0,0,0,0,0,24,2026-02-04 16:14:53.645574
ELEC-day3,0.0,0.0,0.0,,,0,0,0,0,0,0,24,2026-02-04 16:14:53.645574
ELEC-day4,0.0,0.0,0.0,,,0,0,0,0,0,0,24,2026-02-04 16:14:53.645574
ELEC-day5,0.0,0.0,0.0,,,0,0,0,0,0,0,24,2026-02-04 16:14:53.645574
ELEC-day6,0.0,0.0,0.0,,,0,0,0,0,0,0,24,2026-02-04 16:14:53.645574
ELEC-F,0.0,0.0,0.0,,,0,0,0,0,0,0,24,2026-02-04 16:14:53.645574
NG,2.18,2.16,2.2,800000.0,800000.0,0,0,0,0,0,0,25,2026-02-04 16:14:54.698009
ELEC-day2,0.0,0.0,0.0,,,0,0,0,0,0,0,25,2026-02-04 16:14:54.698009
ELEC-day3,0.0,0.0,0.0,,,0,0,0,0,0,0,25,2026-02-04 16:14:54.698009
ELEC-day4,0.0,0.0,0.0,,,0,0,0,0,0,0,25,2026-02-04 16:14:54.698009
ELEC-day5,0.0,0.0,0.0,,,0,0,0,0,0,0,25,2026-02-04 16:14:54.698009
ELEC-day6,0.0,0.0,0.0,,,0,0,0,0,0,0,25,2026-02-04 16:14:54.698009
ELEC-F,0.0,0.0,0.0,,,0,0,0,0,0,0,25,2026-02-04 16:14:54.698009
NG,2.18,2.16,2.2,800000.0,800000.0,0,0,0,0,0,0,26,2026-02-04 16:14:55.756457
ELEC-day2,0.0,0.0,0.0,,,0,0,0,0,0,0,26,2026-02-04 16:14:55.756457
ELEC-day3,0.0,0.0,0.0,,,0,0,0,0,0,0,26,2026-02-04 16:14:55.756457
ELEC-day4,0.0,0.0,0.0,,,0,0,0,0,0,0,26,2026-02-04 16:14:55.756457
ELEC-day5,0.0,0.0,0.0,,,0,0,0,0,0,0,26,2026-02-04 16:14:55.756457
ELEC-day6,0.0,0.0,0.0,,,0,0,0,0,0,0,26,2026-02-04 16:14:55.756457
ELEC-F,0.0,0.0,0.0,,,0,0,0,0,0,0,26,2026-02-04 16:14:55.756457
NG,2.17,2.15,2.19,800000.0,800000.0,0,0,0,0,0,0,27,2026-02-04 16:14:56.809641
ELEC-day2,0.0,0.0,0.0,,,0,0,0,0,0,0,27,2026-02-04 16:14:56.809641
ELEC-day3,0.0,0.0,0.0,,,0,0,0,0,0,0,27,2026-02-04 16:14:56.809641
ELEC-day4,0.0,0.0,0.0,,,0,0,0,0,0,0,27,2026-02-04 16:14:56.809641
ELEC-day5,0.0,0.0,0.0,,,0,0,0,0,0,0,27,2026-02-04 16:14:56.809641
ELEC-day6,0.0,0.0,0.0,,,0,0,0,0,0,0,27,2026-02-04 16:14:56.809641
ELEC-F,0.0,0.0,0.0,,,0,0,0,0,0,0,27,2026-02-04 16:14:56.809641
NG,2.17,2.15,2.19,800000.0,800000.0,0,0,0,0,0,0,28,2026-02-04 16:14:57.847109
ELEC-day2,0.0,0.0,0.0,,,0,0,0,0,0,0,28,2026-02-04 16:14:57.847109
ELEC-day3,0.0,0.0,0.0,,,0,0,0,0,0,0,28,2026-02-04 16:14:57.847109
ELEC-day4,0.0,0.0,0.0,,,0,0,0,0,0,0,28,2026-02-04 16:14:57.847109
ELEC-day5,0.0,0.0,0.0,,,0,0,0,0,0,0,28,2026-02-04 16:14:57.847109
ELEC-day6,0.0,0.0,0.0,,,0,0,0,0,0,0,28,2026-02-04 16:14:57.847109
ELEC-F,0.0,0.0,0.0,,,0,0,0,0,0,0,28,2026-02-04 16:14:57.847109
NG,2.16,2.14,2.18,800000.0,800000.0,0,0,0,0,0,0,29,2026-02-04 16:14:58.882646
ELEC-day2,0.0,0.0,0.0,,,0,0,0,0,0,0,29,2026-02-04 16:14:58.882646
ELEC-day3,0.0,0.0,0.0,,,0,0,0,0,0,0,29,2026-02-04 16:14:58.882646
ELEC-day4,0.0,0.0,0.0,,,0,0,0,0,0,0,29,2026-02-04 16:14:58.882646
ELEC-day5,0.0,0.0,0.0,,,0,0,0,0,0,0,29,2026-02-04 16:14:58.882646
ELEC-day6,0.0,0.0,0.0,,,0,0,0,0,0,0,29,2026-02-04 16:14:58.882646
ELEC-F,0.0,0.0,0.0,,,0,0,0,0,0,0,29,2026-02-04 16:14:58.882646
NG,2.16,2.14,2.18,800000.0,800000.0,0,0,0,0,0,0,30,2026-02-04 16:14:59.530130
ELEC-day2,0.0,0.0,0.0,,,0,0,0,0,0,0,30,2026-02-04 16:14:59.530130
ELEC-day3,0.0,0.0,0.0,,,0,0,0,0,0,0,30,2026-02-04 16:14:59.530130
ELEC-day4,0.0,0.0,0.0,,,0,0,0,0,0,0,30,2026-02-04 16:14:59.530130
ELEC-day5,0.0,0.0,0.0,,,0,0,0,0,0,0,30,2026-02-04 16:14:59.530130
ELEC-day6,0.0,0.0,0.0,,,0,0,0,0,0,0,30,2026-02-04 16:14:59.530130
ELEC-F,0.0,0.0,0.0,,,0,0,0,0,0,0,30,2026-02-04 16:14:59.530130
NG,2.17,2.15,2.19,800000.0,800000.0,0,0,0,0,0,0,31,2026-02-04 16:15:00.644849
ELEC-day2,0.0,0.0,0.0,,,0,0,0,0,0,0,31,2026-02-04 16:15:00.644849
ELEC-day3,0.0,0.0,0.0,,,0,0,0,0,0,0,31,2026-02-04 16:15:00.644849
ELEC-day4,0.0,0.0,0.0,,,0,0,0,0,0,0,31,2026-02-04 16:15:00.644849
ELEC-day5,0.0,0.0,0.0,,,0,0,0,0,0,0,31,2026-02-04 16:15:00.644849
ELEC-day6,0.0,0.0,0.0,,,0,0,0,0,0,0,31,2026-02-04 16:15:00.644849
ELEC-F,0.0,0.0,0.0,,,0,0,0,0,0,0,31,2026-02-04 16:15:00.644849
NG,2.17,2.15,2.19,800000.0,800000.0,0,0,0,0,0,0,32,2026-02-04 16:15:01.690488
ELEC-day2,0.0,0.0,0.0,,,0,0,0,0,0,0,32,2026-02-04 16:15:01.690488
ELEC-day3,0.0,0.0,0.0,,,0,0,0,0,0,0,32,2026-02-04 16:15:01.690488
ELEC-day4,0.0,0.0,0.0,,,0,0,0,0,0,0,32,2026-02-04 16:15:01.690488
ELEC-day5,0.0,0.0,0.0,,,0,0,0,0,0,0,32,2026-02-04 16:15:01.690488
ELEC-day6,0.0,0.0,0.0,,,0,0,0,0,0,0,32,2026-02-04 16:15:01.690488
ELEC-F,0.0,0.0,0.0,,,0,0,0,0,0,0,32,2026-02-04 16:15:01.690488
NG,2.16,2.14,2.18,800000.0,800000.0,0,0,0,0,0,0,33,2026-02-04 16:15:02.725477
ELEC-day2,0.0,0.0,0.0,,,0,0,0,0,0,0,33,2026-02-04 16:15:02.725477
ELEC-day3,0.0,0.0,0.0,,,0,0,0,0,0,0,33,2026-02-04 16:15:02.725477
ELEC-day4,0.0,0.0,0.0,,,0,0,0,0,0,0,33,2026-02-04 16:15:02.725477
ELEC-day5,0.0,0.0,0.0,,,0,0,0,0,0,0,33,2026-02-04 16:15:02.725477
ELEC-day6,0.0,0.0,0.0,,,0,0,0,0,0,0,33,2026-02-04 16:15:02.725477
ELEC-F,0.0,0.0,0.0,,,0,0,0,0,0,0,33,2026-02-04 16:15:02.725477
NG,2.16,2.14,2.18,800000.0,800000.0,0,0,0,0,0,0,34,2026-02-04 16:15:03.773422
ELEC-day2,0.0,0.0,0.0,,,0,0,0,0,0,0,34,2026-02-04 16:15:03.773422
ELEC-day3,0.0,0.0,0.0,,,0,0,0,0,0,0,34,2026-02-04 16:15:03.773422
ELEC-day4,0.0,0.0,0.0,,,0,0,0,0,0,0,34,2026-02-04 16:15:03.773422
ELEC-day5,0.0,0.0,0.0,,,0,0,0,0,0,0,34,2026-02-04 16:15:03.773422
ELEC-day6,0.0,0.0,0.0,,,0,0,0,0,0,0,34,2026-02-04 16:15:03.773422
ELEC-F,0.0,0.0,0.0,,,0,0,0,0,0,0,34,2026-02-04 16:15:03.773422
NG,2.16,2.14,2.18,800000.0,800000.0,0,0,0,0,0,0,35,2026-02-04 16:15:04.813247
ELEC-day2,0.0,0.0,0.0,,,0,0,0,0,0,0,35,2026-02-04 16:15:04.813247
ELEC-day3,0.0,0.0,0.0,,,0,0,0,0,0,0,35,2026-02-04 16:15:04.813247
ELEC-day4,0.0,0.0,0.0,,,0,0,0,0,0,0,35,2026-02-04 16:15:04.813247
ELEC-day5,0.0,0.0,0.0,,,0,0,0,0,0,0,35,2026-02-04 16:15:04.813247
ELEC-day6,0.0,0.0,0.0,,,0,0,0,0,0,0,35,2026-02-04 16:15:04.813247
ELEC-F,0.0,0.0,0.0,,,0,0,0,0,0,0,35,2026-02-04 16:15:04.813247
NG,2.17,2.15,2.19,800000.0,800000.0,0,0,0,0,0,0,36,2026-02-04 16:15:05.851969
ELEC-day2,0.0,0.0,0.0,,,0,0,0,0,0,0,36,2026-02-04 16:15:05.851969
ELEC-day3,0.0,0.0,0.0,,,0,0,0,0,0,0,36,2026-02-04 16:15:05.851969
ELEC-day4,0.0,0.0,0.0,,,0,0,0,0,0,0,36,2026-02-04 16:15:05.851969
ELEC-day5,0.0,0.0,0.0,,,0,0,0,0,0,0,36,2026-02-04 16:15:05.851969
ELEC-day6,0.0,0.0,0.0,,,0,0,0,0,0,0,36,2026-02-04 16:15:05.851969
ELEC-F,0.0,0.0,0.0,,,0,0,0,0,0,0,36,2026-02-04 16:15:05.851969
NG,2.17,2.15,2.19,800000.0,800000.0,0,0,0,0,0,0,37,2026-02-04 16:15:06.891626
ELEC-day2,0.0,0.0,0.0,,,0,0,0,0,0,0,37,2026-02-04 16:15:06.891626
ELEC-day3,0.0,0.0,0.0,,,0,0,0,0,0,0,37,2026-02-04 16:15:06.891626
ELEC-day4,0.0,0.0,0.0,,,0,0,0,0,0,0,37,2026-02-04 16:15:06.891626
ELEC-day5,0.0,0.0,0.0,,,0,0,0,0,0,0,37,2026-02-04 16:15:06.891626
ELEC-day6,0.0,0.0,0.0,,,0,0,0,0,0,0,37,2026-02-04 16:15:06.891626
ELEC-F,0.0,0.0,0.0,,,0,0,0,0,0,0,37,2026-02-04 16:15:06.891626
NG,2.18,2.16,2.2,800000.0,800000.0,0,0,0,0,0,0,38,2026-02-04 16:15:07.930572
ELEC-day2,0.0,0.0,0.0,,,0,0,0,0,0,0,38,2026-02-04 16:15:07.930572
ELEC-day3,0.0,0.0,0.0,,,0,0,0,0,0,0,38,2026-02-04 16:15:07.930572
ELEC-day4,0.0,0.0,0.0,,,0,0,0,0,0,0,38,2026-02-04 16:15:07.930572
ELEC-day5,0.0,0.0,0.0,,,0,0,0,0,0,0,38,2026-02-04 16:15:07.930572
ELEC-day6,0.0,0.0,0.0,,,0,0,0,0,0,0,38,2026-02-04 16:15:07.930572
ELEC-F,0.0,0.0,0.0,,,0,0,0,0,0,0,38,2026-02-04 16:15:07.930572
NG,2.17,2.15,2.19,800000.0,800000.0,0,0,0,0,0,0,39,2026-02-04 16:15:08.525319
ELEC-day2,0.0,0.0,0.0,,,0,0,0,0,0,0,39,2026-02-04 16:15:08.525319
ELEC-day3,0.0,0.0,0.0,,,0,0,0,0,0,0,39,2026-02-04 16:15:08.525319
ELEC-day4,0.0,0.0,0.0,,,0,0,0,0,0,0,39,2026-02-04 16:15:08.525319
ELEC-day5,0.0,0.0,0.0,,,0,0,0,0,0,0,39,2026-02-04 16:15:08.525319
ELEC-day6,0.0,0.0,0.0,,,0,0,0,0,0,0,39,2026-02-04 16:15:08.525319
ELEC-F,0.0,0.0,0.0,,,0,0,0,0,0,0,39,2026-02-04 16:15:08.525319
NG,2.17,2.15,2.19,800000.0,800000.0,0,0,0,0,0,0,40,2026-02-04 16:15:09.653384
ELEC-day2,0.0,0.0,0.0,,,0,0,0,0,0,0,40,2026-02-04 16:15:09.653384
ELEC-day3,0.0,0.0,0.0,,,0,0,0,0,0,0,40,2026-02-04 16:15:09.653384
ELEC-day4,0.0,0.0,0.0,,,0,0,0,0,0,0,40,2026-02-04 16:15:09.653384
ELEC-day5,0.0,0.0,0.0,,,0,0,0,0,0,0,40,2026-02-04 16:15:09.653384
ELEC-day6,0.0,0.0,0.0,,,0,0,0,0,0,0,40,2026-02-04 16:15:09.653384
ELEC-F,0.0,0.0,0.0,,,0,0,0,0,0,0,40,2026-02-04 16:15:09.653384
NG,2.16,2.14,2.18,800000.0,800000.0,0,0,0,0,0,0,41,2026-02-04 16:15:10.687441
ELEC-day2,0.0,0.0,0.0,,,0,0,0,0,0,0,41,2026-02-04 16:15:10.687441
ELEC-day3,0.0,0.0,0.0,,,0,0,0,0,0,0,41,2026-02-04 16:15:10.687441
ELEC-day4,0.0,0.0,0.0,,,0,0,0,0,0,0,41,2026-02-04 16:15:10.687441
ELEC-day5,0.0,0.0,0.0,,,0,0,0,0,0,0,41,2026-02-04 16:15:10.687441
ELEC-day6,0.0,0.0,0.0,,,0,0,0,0,0,0,41,2026-02-04 16:15:10.687441
ELEC-F,0.0,0.0,0.0,,,0,0,0,0,0,0,41,2026-02-04 16:15:10.687441
NG,2.15,2.13,2.17,800000.0,800000.0,0,0,0,0,0,0,42,2026-02-04 16:15:11.717886
ELEC-day2,0.0,0.0,0.0,,,0,0,0,0,0,0,42,2026-02-04 16:15:11.717886
ELEC-day3,0.0,0.0,0.0,,,0,0,0,0,0,0,42,2026-02-04 16:15:11.717886
ELEC-day4,0.0,0.0,0.0,,,0,0,0,0,0,0,42,2026-02-04 16:15:11.717886
ELEC-day5,0.0,0.0,0.0,,,0,0,0,0,0,0,42,2026-02-04 16:15:11.717886
ELEC-day6,0.0,0.0,0.0,,,0,0,0,0,0,0,42,2026-02-04 16:15:11.717886
ELEC-F,0.0,0.0,0.0,,,0,0,0,0,0,0,42,2026-02-04 16:15:11.717886
NG,2.14,2.12,2.16,800000.0,800000.0,0,0,0,0,0,0,43,2026-02-04 16:15:12.754329
ELEC-day2,0.0,0.0,0.0,,,0,0,0,0,0,0,43,2026-02-04 16:15:12.754329
ELEC-day3,0.0,0.0,0.0,,,0,0,0,0,0,0,43,2026-02-04 16:15:12.754329
ELEC-day4,0.0,0.0,0.0,,,0,0,0,0,0,0,43,2026-02-04 16:15:12.754329
ELEC-day5,0.0,0.0,0.0,,,0,0,0,0,0,0,43,2026-02-04 16:15:12.754329
ELEC-day6,0.0,0.0,0.0,,,0,0,0,0,0,0,43,2026-02-04 16:15:12.754329
ELEC-F,0.0,0.0,0.0,,,0,0,0,0,0,0,43,2026-02-04 16:15:12.754329
NG,2.14,2.12,2.16,800000.0,800000.0,0,0,0,0,0,0,44,2026-02-04 16:15:13.788317
ELEC-day2,0.0,0.0,0.0,,,0,0,0,0,0,0,44,2026-02-04 16:15:13.788317
ELEC-day3,0.0,0.0,0.0,,,0,0,0,0,0,0,44,2026-02-04 16:15:13.788317
ELEC-day4,0.0,0.0,0.0,,,0,0,0,0,0,0,44,2026-02-04 16:15:13.788317
ELEC-day5,0.0,0.0,0.0,,,0,0,0,0,0,0,44,2026-02-04 16:15:13.788317
ELEC-day6,0.0,0.0,0.0,,,0,0,0,0,0,0,44,2026-02-04 16:15:13.788317
ELEC-F,0.0,0.0,0.0,,,0,0,0,0,0,0,44,2026-02-04 16:15:13.788317
NG,2.14,2.12,2.16,800000.0,800000.0,0,0,0,0,0,0,45,2026-02-04 16:15:14.822231
ELEC-day2,0.0,0.0,0.0,,,0,0,0,0,0,0,45,2026-02-04 16:15:14.822231
ELEC-day3,0.0,0.0,0.0,,,0,0,0,0,0,0,45,2026-02-04 16:15:14.822231
ELEC-day4,0.0,0.0,0.0,,,0,0,0,0,0,0,45,2026-02-04 16:15:14.822231
ELEC-day5,0.0,0.0,0.0,,,0,0,0,0,0,0,45,2026-02-04 16:15:14.822231
ELEC-day6,0.0,0.0,0.0,,,0,0,0,0,0,0,45,2026-02-04 16:15:14.822231
ELEC-F,0.0,0.0,0.0,,,0,0,0,0,0,0,45,2026-02-04 16:15:14.822231
NG,2.13,2.11,2.15,800000.0,800000.0,0,0,0,0,0,0,46,2026-02-04 16:15:15.855923
ELEC-day2,0.0,0.0,0.0,,,0,0,0,0,0,0,46,2026-02-04 16:15:15.855923
ELEC-day3,0.0,0.0,0.0,,,0,0,0,0,0,0,46,2026-02-04 16:15:15.855923
ELEC-day4,0.0,0.0,0.0,,,0,0,0,0,0,0,46,2026-02-04 16:15:15.855923
ELEC-day5,0.0,0.0,0.0,,,0,0,0,0,0,0,46,2026-02-04 16:15:15.855923
ELEC-day6,0.0,0.0,0.0,,,0,0,0,0,0,0,46,2026-02-04 16:15:15.855923
ELEC-F,0.0,0.0,0.0,,,0,0,0,0,0,0,46,2026-02-04 16:15:15.855923
NG,2.13,2.11,2.15,800000.0,800000.0,0,0,0,0,0,0,47,2026-02-04 16:15:16.893992
ELEC-day2,0.0,0.0,0.0,,,0,0,0,0,0,0,47,2026-02-04 16:15:16.893992
ELEC-day3,0.0,0.0,0.0,,,0,0,0,0,0,0,47,2026-02-04 16:15:16.893992
ELEC-day4,0.0,0.0,0.0,,,0,0,0,0,0,0,47,2026-02-04 16:15:16.893992
ELEC-day5,0.0,0.0,0.0,,,0,0,0,0,0,0,47,2026-02-04 16:15:16.893992
ELEC-day6,0.0,0.0,0.0,,,0,0,0,0,0,0,47,2026-02-04 16:15:16.893992
ELEC-F,0.0,0.0,0.0,,,0,0,0,0,0,0,47,2026-02-04 16:15:16.893992
NG,2.12,2.1,2.14,800000.0,800000.0,0,0,0,0,0,0,48,2026-02-04 16:15:17.948827
ELEC-day2,0.0,0.0,0.0,,,0,0,0,0,0,0,48,2026-02-04 16:15:17.948827
ELEC-day3,0.0,0.0,0.0,,,0,0,0,0,0,0,48,2026-02-04 16:15:17.948827
ELEC-day4,0.0,0.0,0.0,,,0,0,0,0,0,0,48,2026-02-04 16:15:17.948827
ELEC-day5,0.0,0.0,0.0,,,0,0,0,0,0,0,48,2026-02-04 16:15:17.948827
ELEC-day6,0.0,0.0,0.0,,,0,0,0,0,0,0,48,2026-02-04 16:15:17.948827
ELEC-F,0.0,0.0,0.0,,,0,0,0,0,0,0,48,2026-02-04 16:15:17.948827
NG,2.13,2.11,2.15,800000.0,800000.0,0,0,0,0,0,0,49,2026-02-04 16:15:18.592490
ELEC-day2,0.0,0.0,0.0,,,0,0,0,0,0,0,49,2026-02-04 16:15:18.592490
ELEC-day3,0.0,0.0,0.0,,,0,0,0,0,0,0,49,2026-02-04 16:15:18.592490
ELEC-day4,0.0,0.0,0.0,,,0,0,0,0,0,0,49,2026-02-04 16:15:18.592490
ELEC-day5,0.0,0.0,0.0,,,0,0,0,0,0,0,49,2026-02-04 16:15:18.592490
ELEC-day6,0.0,0.0,0.0,,,0,0,0,0,0,0,49,2026-02-04 16:15:18.592490
ELEC-F,0.0,0.0,0.0,,,0,0,0,0,0,0,49,2026-02-04 16:15:18.592490
NG,2.13,2.11,2.15,800000.0,800000.0,0,0,0,0,0,0,50,2026-02-04 16:15:19.714111
ELEC-day2,0.0,0.0,0.0,,,0,0,0,0,0,0,50,2026-02-04 16:15:19.714111
ELEC-day3,0.0,0.0,0.0,,,0,0,0,0,0,0,50,2026-02-04 16:15:19.714111
ELEC-day4,0.0,0.0,0.0,,,0,0,0,0,0,0,50,2026-02-04 16:15:19.714111
ELEC-day5,0.0,0.0,0.0,,,0,0,0,0,0,0,50,2026-02-04 16:15:19.714111
ELEC-day6,0.0,0.0,0.0,,,0,0,0,0,0,0,50,2026-02-04 16:15:19.714111
ELEC-F,0.0,0.0,0.0,,,0,0,0,0,0,0,50,2026-02-04 16:15:19.714111
NG,2.14,2.12,2.16,800000.0,800000.0,0,0,0,0,0,0,51,2026-02-04 16:15:20.755867
ELEC-day2,0.0,0.0,0.0,,,0,0,0,0,0,0,51,2026-02-04 16:15:20.755867
ELEC-day3,0.0,0.0,0.0,,,0,0,0,0,0,0,51,2026-02-04 16:15:20.755867
ELEC-day4,0.0,0.0,0.0,,,0,0,0,0,0,0,51,2026-02-04 16:15:20.755867
ELEC-day5,0.0,0.0,0.0,,,0,0,0,0,0,0,51,2026-02-04 16:15:20.755867
ELEC-day6,0.0,0.0,0.0,,,0,0,0,0,0,0,51,2026-02-04 16:15:20.755867
ELEC-F,0.0,0.0,0.0,,,0,0,0,0,0,0,51,2026-02-04 16:15:20.755867
NG,2.15,2.13,2.17,800000.0,800000.0,0,0,0,0,0,0,52,2026-02-04 16:15:21.812607
ELEC-day2,0.0,0.0,0.0,,,0,0,0,0,0,0,52,2026-02-04 16:15:21.812607
ELEC-day3,0.0,0.0,0.0,,,0,0,0,0,0,0,52,2026-02-04 16:15:21.812607
ELEC-day4,0.0,0.0,0.0,,,0,0,0,0,0,0,52,2026-02-04 16:15:21.812607
ELEC-day5,0.0,0.0,0.0,,,0,0,0,0,0,0,52,2026-02-04 16:15:21.812607
ELEC-day6,0.0,0.0,0.0,,,0,0,0,0,0,0,52,2026-02-04 16:15:21.812607
ELEC-F,0.0,0.0,0.0,,,0,0,0,0,0,0,52,2026-02-04 16:15:21.812607
NG,2.15,2.13,2.17,800000.0,800000.0,0,0,0,0,0,0,53,2026-02-04 16:15:22.936367
ELEC-day2,0.0,0.0,0.0,,,0,0,0,0,0,0,53,2026-02-04 16:15:22.936367
ELEC-day3,0.0,0.0,0.0,,,0,0,0,0,0,0,53,2026-02-04 16:15:22.936367
ELEC-day4,0.0,0.0,0.0,,,0,0,0,0,0,0,53,2026-02-04 16:15:22.936367
ELEC-day5,0.0,0.0,0.0,,,0,0,0,0,0,0,53,2026-02-04 16:15:22.936367
ELEC-day6,0.0,0.0,0.0,,,0,0,0,0,0,0,53,2026-02-04 16:15:22.936367
ELEC-F,0.0,0.0,0.0,,,0,0,0,0,0,0,53,2026-02-04 16:15:22.936367
NG,2.15,2.13,2.17,800000.0,800000.0,0,0,0,0,0,0,54,2026-02-04 16:15:23.623165
ELEC-day2,0.0,0.0,0.0,,,0,0,0,0,0,0,54,2026-02-04 16:15:23.623165
ELEC-day3,0.0,0.0,0.0,,,0,0,0,0,0,0,54,2026-02-04 16:15:23.623165
ELEC-day4,0.0,0.0,0.0,,,0,0,0,0,0,0,54,2026-02-04 16:15:23.623165
ELEC-day5,0.0,0.0,0.0,,,0,0,0,0,0,0,54,2026-02-04 16:15:23.623165
ELEC-day6,0.0,0.0,0.0,,,0,0,0,0,0,0,54,2026-02-04 16:15:23.623165
ELEC-F,0.0,0.0,0.0,,,0,0,0,0,0,0,54,2026-02-04 16:15:23.623165
NG,2.16,2.14,2.18,800000.0,800000.0,0,0,0,0,0,0,55,2026-02-04 16:15:24.803217
ELEC-day2,0.0,0.0,0.0,,,0,0,0,0,0,0,55,2026-02-04 16:15:24.803217
ELEC-day3,0.0,0.0,0.0,,,0,0,0,0,0,0,55,2026-02-04 16:15:24.803217
ELEC-day4,0.0,0.0,0.0,,,0,0,0,0,0,0,55,2026-02-04 16:15:24.803217
ELEC-day5,0.0,0.0,0.0,,,0,0,0,0,0,0,55,2026-02-04 16:15:24.803217
ELEC-day6,0.0,0.0,0.0,,,0,0,0,0,0,0,55,2026-02-04 16:15:24.803217
ELEC-F,0.0,0.0,0.0,,,0,0,0,0,0,0,55,2026-02-04 16:15:24.803217
NG,2.17,2.15,2.19,800000.0,800000.0,0,0,0,0,0,0,56,2026-02-04 16:15:25.842989
ELEC-day2,0.0,0.0,0.0,,,0,0,0,0,0,0,56,2026-02-04 16:15:25.842989
ELEC-day3,0.0,0.0,0.0,,,0,0,0,0,0,0,56,2026-02-04 16:15:25.842989
ELEC-day4,0.0,0.0,0.0,,,0,0,0,0,0,0,56,2026-02-04 16:15:25.842989
ELEC-day5,0.0,0.0,0.0,,,0,0,0,0,0,0,56,2026-02-04 16:15:25.842989
ELEC-day6,0.0,0.0,0.0,,,0,0,0,0,0,0,56,2026-02-04 16:15:25.842989
ELEC-F,0.0,0.0,0.0,,,0,0,0,0,0,0,56,2026-02-04 16:15:25.842989
NG,2.18,2.16,2.2,800000.0,800000.0,0,0,0,0,0,0,57,2026-02-04 16:15:26.877896
ELEC-day2,0.0,0.0,0.0,,,0,0,0,0,0,0,57,2026-02-04 16:15:26.877896
ELEC-day3,0.0,0.0,0.0,,,0,0,0,0,0,0,57,2026-02-04 16:15:26.877896
ELEC-day4,0.0,0.0,0.0,,,0,0,0,0,0,0,57,2026-02-04 16:15:26.877896
ELEC-day5,0.0,0.0,0.0,,,0,0,0,0,0,0,57,2026-02-04 16:15:26.877896
ELEC-day6,0.0,0.0,0.0,,,0,0,0,0,0,0,57,2026-02-04 16:15:26.877896
ELEC-F,0.0,0.0,0.0,,,0,0,0,0,0,0,57,2026-02-04 16:15:26.877896
NG,2.18,2.16,2.2,800000.0,800000.0,0,0,0,0,0,0,58,2026-02-04 16:15:27.927550
ELEC-day2,0.0,0.0,0.0,,,0,0,0,0,0,0,58,2026-02-04 16:15:27.927550
ELEC-day3,0.0,0.0,0.0,,,0,0,0,0,0,0,58,2026-02-04 16:15:27.927550
ELEC-day4,0.0,0.0,0.0,,,0,0,0,0,0,0,58,2026-02-04 16:15:27.927550
ELEC-day5,0.0,0.0,0.0,,,0,0,0,0,0,0,58,2026-02-04 16:15:27.927550
ELEC-day6,0.0,0.0,0.0,,,0,0,0,0,0,0,58,2026-02-04 16:15:27.927550
ELEC-F,0.0,0.0,0.0,,,0,0,0,0,0,0,58,2026-02-04 16:15:27.927550
NG,2.18,2.16,2.2,800000.0,800000.0,0,0,0,0,0,0,59,2026-02-04 16:15:28.985131
ELEC-day2,0.0,0.0,0.0,,,0,0,0,0,0,0,59,2026-02-04 16:15:28.985131
ELEC-day3,0.0,0.0,0.0,,,0,0,0,0,0,0,59,2026-02-04 16:15:28.985131
ELEC-day4,0.0,0.0,0.0,,,0,0,0,0,0,0,59,2026-02-04 16:15:28.985131
ELEC-day5,0.0,0.0,0.0,,,0,0,0,0,0,0,59,2026-02-04 16:15:28.985131
ELEC-day6,0.0,0.0,0.0,,,0,0,0,0,0,0,59,2026-02-04 16:15:28.985131
ELEC-F,0.0,0.0,0.0,,,0,0,0,0,0,0,59,2026-02-04 16:15:28.985131
NG,2.18,2.16,2.2,800000.0,800000.0,0,0,0,0,0,0,60,2026-02-04 16:15:30.024497
ELEC-day2,0.0,0.0,0.0,,,0,0,0,0,0,0,60,2026-02-04 16:15:30.024497
ELEC-day3,0.0,0.0,0.0,,,0,0,0,0,0,0,60,2026-02-04 16:15:30.024497
ELEC-day4,0.0,0.0,0.0,,,0,0,0,0,0,0,60,2026-02-04 16:15:30.024497
ELEC-day5,0.0,0.0,0.0,,,0,0,0,0,0,0,60,2026-02-04 16:15:30.024497
ELEC-day6,0.0,0.0,0.0,,,0,0,0,0,0,0,60,2026-02-04 16:15:30.024497
ELEC-F,0.0,0.0,0.0,,,0,0,0,0,0,0,60,2026-02-04 16:15:30.024497
NG,2.17,2.15,2.19,800000.0,800000.0,0,0,0,0,0,0,61,2026-02-04 16:15:30.629157
ELEC-day2,0.0,0.0,0.0,,,0,0,0,0,0,0,61,2026-02-04 16:15:30.629157
ELEC-day3,0.0,0.0,0.0,,,0,0,0,0,0,0,61,2026-02-04 16:15:30.629157
ELEC-day4,0.0,0.0,0.0,,,0,0,0,0,0,0,61,2026-02-04 16:15:30.629157
ELEC-day5,0.0,0.0,0.0,,,0,0,0,0,0,0,61,2026-02-04 16:15:30.629157
ELEC-day6,0.0,0.0,0.0,,,0,0,0,0,0,0,61,2026-02-04 16:15:30.629157
ELEC-F,0.0,0.0,0.0,,,0,0,0,0,0,0,61,2026-02-04 16:15:30.629157
NG,2.17,2.15,2.19,800000.0,800000.0,0,0,0,0,0,0,62,2026-02-04 16:15:31.740051
ELEC-day2,0.0,0.0,0.0,,,0,0,0,0,0,0,62,2026-02-04 16:15:31.740051
ELEC-day3,0.0,0.0,0.0,,,0,0,0,0,0,0,62,2026-02-04 16:15:31.740051
ELEC-day4,0.0,0.0,0.0,,,0,0,0,0,0,0,62,2026-02-04 16:15:31.740051
ELEC-day5,0.0,0.0,0.0,,,0,0,0,0,0,0,62,2026-02-04 16:15:31.740051
ELEC-day6,0.0,0.0,0.0,,,0,0,0,0,0,0,62,2026-02-04 16:15:31.740051
ELEC-F,0.0,0.0,0.0,,,0,0,0,0,0,0,62,2026-02-04 16:15:31.740051
NG,2.17,2.15,2.19,800000.0,800000.0,0,0,0,0,0,0,63,2026-02-04 16:15:32.788373
ELEC-day2,0.0,0.0,0.0,,,0,0,0,0,0,0,63,2026-02-04 16:15:32.788373
ELEC-day3,0.0,0.0,0.0,,,0,0,0,0,0,0,63,2026-02-04 16:15:32.788373
ELEC-day4,0.0,0.0,0.0,,,0,0,0,0,0,0,63,2026-02-04 16:15:32.788373
ELEC-day5,0.0,0.0,0.0,,,0,0,0,0,0,0,63,2026-02-04 16:15:32.788373
ELEC-day6,0.0,0.0,0.0,,,0,0,0,0,0,0,63,2026-02-04 16:15:32.788373
ELEC-F,0.0,0.0,0.0,,,0,0,0,0,0,0,63,2026-02-04 16:15:32.788373
NG,2.17,2.15,2.19,800000.0,800000.0,0,0,0,0,0,0,64,2026-02-04 16:15:33.830322
ELEC-day2,0.0,0.0,0.0,,,0,0,0,0,0,0,64,2026-02-04 16:15:33.830322
ELEC-day3,0.0,0.0,0.0,,,0,0,0,0,0,0,64,2026-02-04 16:15:33.830322
ELEC-day4,0.0,0.0,0.0,,,0,0,0,0,0,0,64,2026-02-04 16:15:33.830322
ELEC-day5,0.0,0.0,0.0,,,0,0,0,0,0,0,64,2026-02-04 16:15:33.830322
ELEC-day6,0.0,0.0,0.0,,,0,0,0,0,0,0,64,2026-02-04 16:15:33.830322
ELEC-F,0.0,0.0,0.0,,,0,0,0,0,0,0,64,2026-02-04 16:15:33.830322
NG,2.17,2.15,2.19,800000.0,800000.0,0,0,0,0,0,0,65,2026-02-04 16:15:34.872775
ELEC-day2,0.0,0.0,0.0,,,0,0,0,0,0,0,65,2026-02-04 16:15:34.872775
ELEC-day3,0.0,0.0,0.0,,,0,0,0,0,0,0,65,2026-02-04 16:15:34.872775
ELEC-day4,0.0,0.0,0.0,,,0,0,0,0,0,0,65,2026-02-04 16:15:34.872775
ELEC-day5,0.0,0.0,0.0,,,0,0,0,0,0,0,65,2026-02-04 16:15:34.872775
ELEC-day6,0.0,0.0,0.0,,,0,0,0,0,0,0,65,2026-02-04 16:15:34.872775
ELEC-F,0.0,0.0,0.0,,,0,0,0,0,0,0,65,2026-02-04 16:15:34.872775
NG,2.19,2.15,2.19,800000.0,800000.0,0,0,0,0,0,0,66,2026-02-04 16:15:35.917572
ELEC-day2,0.0,0.0,0.0,,,0,0,0,0,0,0,66,2026-02-04 16:15:35.917572
ELEC-day3,0.0,0.0,0.0,,,0,0,0,0,0,0,66,2026-02-04 16:15:35.917572
ELEC-day4,0.0,0.0,0.0,,,0,0,0,0,0,0,66,2026-02-04 16:15:35.917572
ELEC-day5,0.0,0.0,0.0,,,0,0,0,0,0,0,66,2026-02-04 16:15:35.917572
ELEC-day6,0.0,0.0,0.0,,,0,0,0,0,0,0,66,2026-02-04 16:15:35.917572
ELEC-F,0.0,0.0,0.0,,,0,0,0,0,0,0,66,2026-02-04 16:15:35.917572
NG,2.17,2.15,2.19,800000.0,800000.0,0,0,0,0,0,0,67,2026-02-04 16:15:36.956699
ELEC-day2,0.0,0.0,0.0,,,0,0,0,0,0,0,67,2026-02-04 16:15:36.956699
ELEC-day3,0.0,0.0,0.0,,,0,0,0,0,0,0,67,2026-02-04 16:15:36.956699
ELEC-day4,0.0,0.0,0.0,,,0,0,0,0,0,0,67,2026-02-04 16:15:36.956699
ELEC-day5,0.0,0.0,0.0,,,0,0,0,0,0,0,67,2026-02-04 16:15:36.956699
ELEC-day6,0.0,0.0,0.0,,,0,0,0,0,0,0,67,2026-02-04 16:15:36.956699
ELEC-F,0.0,0.0,0.0,,,0,0,0,0,0,0,67,2026-02-04 16:15:36.956699
NG,2.17,2.15,2.19,800000.0,800000.0,0,0,0,0,0,0,68,2026-02-04 16:15:37.997369
ELEC-day2,0.0,0.0,0.0,,,0,0,0,0,0,0,68,2026-02-04 16:15:37.997369
ELEC-day3,0.0,0.0,0.0,,,0,0,0,0,0,0,68,2026-02-04 16:15:37.997369
ELEC-day4,0.0,0.0,0.0,,,0,0,0,0,0,0,68,2026-02-04 16:15:37.997369
ELEC-day5,0.0,0.0,0.0,,,0,0,0,0,0,0,68,2026-02-04 16:15:37.997369
ELEC-day6,0.0,0.0,0.0,,,0,0,0,0,0,0,68,2026-02-04 16:15:37.997369
ELEC-F,0.0,0.0,0.0,,,0,0,0,0,0,0,68,2026-02-04 16:15:37.997369
NG,2.17,2.15,2.19,800000.0,800000.0,0,0,0,0,0,0,69,2026-02-04 16:15:39.036821
ELEC-day2,0.0,0.0,0.0,,,0,0,0,0,0,0,69,2026-02-04 16:15:39.036821
ELEC-day3,0.0,0.0,0.0,,,0,0,0,0,0,0,69,2026-02-04 16:15:39.036821
ELEC-day4,0.0,0.0,0.0,,,0,0,0,0,0,0,69,2026-02-04 16:15:39.036821
ELEC-day5,0.0,0.0,0.0,,,0,0,0,0,0,0,69,2026-02-04 16:15:39.036821
ELEC-day6,0.0,0.0,0.0,,,0,0,0,0,0,0,69,2026-02-04 16:15:39.036821
ELEC-F,0.0,0.0,0.0,,,0,0,0,0,0,0,69,2026-02-04 16:15:39.036821
NG,2.17,2.15,2.19,800000.0,800000.0,0,0,0,0,0,0,70,2026-02-04 16:15:40.072877
ELEC-day2,0.0,0.0,0.0,,,0,0,0,0,0,0,70,2026-02-04 16:15:40.072877
ELEC-day3,0.0,0.0,0.0,,,0,0,0,0,0,0,70,2026-02-04 16:15:40.072877
ELEC-day4,0.0,0.0,0.0,,,0,0,0,0,0,0,70,2026-02-04 16:15:40.072877
ELEC-day5,0.0,0.0,0.0,,,0,0,0,0,0,0,70,2026-02-04 16:15:40.072877
ELEC-day6,0.0,0.0,0.0,,,0,0,0,0,0,0,70,2026-02-04 16:15:40.072877
ELEC-F,0.0,0.0,0.0,,,0,0,0,0,0,0,70,2026-02-04 16:15:40.072877
NG,2.16,2.14,2.18,800000.0,800000.0,0,0,0,0,0,0,71,2026-02-04 16:15:40.693546
ELEC-day2,0.0,0.0,0.0,,,0,0,0,0,0,0,71,2026-02-04 16:15:40.693546
ELEC-day3,0.0,0.0,0.0,,,0,0,0,0,0,0,71,2026-02-04 16:15:40.693546
ELEC-day4,0.0,0.0,0.0,,,0,0,0,0,0,0,71,2026-02-04 16:15:40.693546
ELEC-day5,0.0,0.0,0.0,,,0,0,0,0,0,0,71,2026-02-04 16:15:40.693546
ELEC-day6,0.0,0.0,0.0,,,0,0,0,0,0,0,71,2026-02-04 16:15:40.693546
ELEC-F,0.0,0.0,0.0,,,0,0,0,0,0,0,71,2026-02-04 16:15:40.693546
NG,2.17,2.15,2.19,800000.0,800000.0,0,0,0,0,0,0,72,2026-02-04 16:15:41.813099
ELEC-day2,0.0,0.0,0.0,,,0,0,0,0,0,0,72,2026-02-04 16:15:41.813099
ELEC-day3,0.0,0.0,0.0,,,0,0,0,0,0,0,72,2026-02-04 16:15:41.813099
ELEC-day4,0.0,0.0,0.0,,,0,0,0,0,0,0,72,2026-02-04 16:15:41.813099
ELEC-day5,0.0,0.0,0.0,,,0,0,0,0,0,0,72,2026-02-04 16:15:41.813099
ELEC-day6,0.0,0.0,0.0,,,0,0,0,0,0,0,72,2026-02-04 16:15:41.813099
ELEC-F,0.0,0.0,0.0,,,0,0,0,0,0,0,72,2026-02-04 16:15:41.813099
NG,2.16,2.14,2.18,800000.0,800000.0,0,0,0,0,0,0,73,2026-02-04 16:15:42.848816
ELEC-day2,0.0,0.0,0.0,,,0,0,0,0,0,0,73,2026-02-04 16:15:42.848816
ELEC-day3,0.0,0.0,0.0,,,0,0,0,0,0,0,73,2026-02-04 16:15:42.848816
ELEC-day4,0.0,0.0,0.0,,,0,0,0,0,0,0,73,2026-02-04 16:15:42.848816
ELEC-day5,0.0,0.0,0.0,,,0,0,0,0,0,0,73,2026-02-04 16:15:42.848816
ELEC-day6,0.0,0.0,0.0,,,0,0,0,0,0,0,73,2026-02-04 16:15:42.848816
ELEC-F,0.0,0.0,0.0,,,0,0,0,0,0,0,73,2026-02-04 16:15:42.848816
NG,2.16,2.14,2.18,800000.0,800000.0,0,0,0,0,0,0,74,2026-02-04 16:15:43.882204
ELEC-day2,0.0,0.0,0.0,,,0,0,0,0,0,0,74,2026-02-04 16:15:43.882204
ELEC-day3,0.0,0.0,0.0,,,0,0,0,0,0,0,74,2026-02-04 16:15:43.882204
ELEC-day4,0.0,0.0,0.0,,,0,0,0,0,0,0,74,2026-02-04 16:15:43.882204
ELEC-day5,0.0,0.0,0.0,,,0,0,0,0,0,0,74,2026-02-04 16:15:43.882204
ELEC-day6,0.0,0.0,0.0,,,0,0,0,0,0,0,74,2026-02-04 16:15:43.882204
ELEC-F,0.0,0.0,0.0,,,0,0,0,0,0,0,74,2026-02-04 16:15:43.882204
NG,2.16,2.14,2.18,800000.0,800000.0,0,0,0,0,0,0,75,2026-02-04 16:15:44.911162
ELEC-day2,0.0,0.0,0.0,,,0,0,0,0,0,0,75,2026-02-04 16:15:44.911162
ELEC-day3,0.0,0.0,0.0,,,0,0,0,0,0,0,75,2026-02-04 16:15:44.911162
ELEC-day4,0.0,0.0,0.0,,,0,0,0,0,0,0,75,2026-02-04 16:15:44.911162
ELEC-day5,0.0,0.0,0.0,,,0,0,0,0,0,0,75,2026-02-04 16:15:44.911162
ELEC-day6,0.0,0.0,0.0,,,0,0,0,0,0,0,75,2026-02-04 16:15:44.911162
ELEC-F,0.0,0.0,0.0,,,0,0,0,0,0,0,75,2026-02-04 16:15:44.911162
NG,2.15,2.13,2.17,800000.0,800000.0,0,0,0,0,0,0,76,2026-02-04 16:15:45.960402
ELEC-day2,0.0,0.0,0.0,,,0,0,0,0,0,0,76,2026-02-04 16:15:45.960402
ELEC-day3,0.0,0.0,0.0,,,0,0,0,0,0,0,76,2026-02-04 16:15:45.960402
ELEC-day4,0.0,0.0,0.0,,,0,0,0,0,0,0,76,2026-02-04 16:15:45.960402
ELEC-day5,0.0,0.0,0.0,,,0,0,0,0,0,0,76,2026-02-04 16:15:45.960402
ELEC-day6,0.0,0.0,0.0,,,0,0,0,0,0,0,76,2026-02-04 16:15:45.960402
ELEC-F,0.0,0.0,0.0,,,0,0,0,0,0,0,76,2026-02-04 16:15:45.960402
NG,2.15,2.13,2.17,800000.0,800000.0,0,0,0,0,0,0,77,2026-02-04 16:15:47.045732
ELEC-day2,0.0,0.0,0.0,,,0,0,0,0,0,0,77,2026-02-04 16:15:47.045732
ELEC-day3,0.0,0.0,0.0,,,0,0,0,0,0,0,77,2026-02-04 16:15:47.045732
ELEC-day4,0.0,0.0,0.0,,,0,0,0,0,0,0,77,2026-02-04 16:15:47.045732
ELEC-day5,0.0,0.0,0.0,,,0,0,0,0,0,0,77,2026-02-04 16:15:47.045732
ELEC-day6,0.0,0.0,0.0,,,0,0,0,0,0,0,77,2026-02-04 16:15:47.045732
ELEC-F,0.0,0.0,0.0,,,0,0,0,0,0,0,77,2026-02-04 16:15:47.045732
NG,2.14,2.12,2.16,800000.0,800000.0,0,0,0,0,0,0,78,2026-02-04 16:15:48.084719
ELEC-day2,0.0,0.0,0.0,,,0,0,0,0,0,0,78,2026-02-04 16:15:48.084719
ELEC-day3,0.0,0.0,0.0,,,0,0,0,0,0,0,78,2026-02-04 16:15:48.084719
ELEC-day4,0.0,0.0,0.0,,,0,0,0,0,0,0,78,2026-02-04 16:15:48.084719
ELEC-day5,0.0,0.0,0.0,,,0,0,0,0,0,0,78,2026-02-04 16:15:48.084719
ELEC-day6,0.0,0.0,0.0,,,0,0,0,0,0,0,78,2026-02-04 16:15:48.084719
ELEC-F,0.0,0.0,0.0,,,0,0,0,0,0,0,78,2026-02-04 16:15:48.084719
NG,2.14,2.12,2.16,800000.0,800000.0,0,0,0,0,0,0,79,2026-02-04 16:15:49.122153
ELEC-day2,0.0,0.0,0.0,,,0,0,0,0,0,0,79,2026-02-04 16:15:49.122153
ELEC-day3,0.0,0.0,0.0,,,0,0,0,0,0,0,79,2026-02-04 16:15:49.122153
ELEC-day4,0.0,0.0,0.0,,,0,0,0,0,0,0,79,2026-02-04 16:15:49.122153
ELEC-day5,0.0,0.0,0.0,,,0,0,0,0,0,0,79,2026-02-04 16:15:49.122153
ELEC-day6,0.0,0.0,0.0,,,0,0,0,0,0,0,79,2026-02-04 16:15:49.122153
ELEC-F,0.0,0.0,0.0,,,0,0,0,0,0,0,79,2026-02-04 16:15:49.122153
NG,2.13,2.11,2.15,800000.0,800000.0,0,0,0,0,0,0,80,2026-02-04 16:15:50.162487
ELEC-day2,0.0,0.0,0.0,,,0,0,0,0,0,0,80,2026-02-04 16:15:50.162487
ELEC-day3,0.0,0.0,0.0,,,0,0,0,0,0,0,80,2026-02-04 16:15:50.162487
ELEC-day4,0.0,0.0,0.0,,,0,0,0,0,0,0,80,2026-02-04 16:15:50.162487
ELEC-day5,0.0,0.0,0.0,,,0,0,0,0,0,0,80,2026-02-04 16:15:50.162487
ELEC-day6,0.0,0.0,0.0,,,0,0,0,0,0,0,80,2026-02-04 16:15:50.162487
ELEC-F,0.0,0.0,0.0,,,0,0,0,0,0,0,80,2026-02-04 16:15:50.162487
NG,2.12,2.1,2.14,800000.0,800000.0,0,0,0,0,0,0,81,2026-02-04 16:15:50.752877
ELEC-day2,0.0,0.0,0.0,,,0,0,0,0,0,0,81,2026-02-04 16:15:50.752877
ELEC-day3,0.0,0.0,0.0,,,0,0,0,0,0,0,81,2026-02-04 16:15:50.752877
ELEC-day4,0.0,0.0,0.0,,,0,0,0,0,0,0,81,2026-02-04 16:15:50.752877
ELEC-day5,0.0,0.0,0.0,,,0,0,0,0,0,0,81,2026-02-04 16:15:50.752877
ELEC-day6,0.0,0.0,0.0,,,0,0,0,0,0,0,81,2026-02-04 16:15:50.752877
ELEC-F,0.0,0.0,0.0,,,0,0,0,0,0,0,81,2026-02-04 16:15:50.752877
NG,2.13,2.11,2.15,800000.0,800000.0,0,0,0,0,0,0,82,2026-02-04 16:15:51.864214
ELEC-day2,0.0,0.0,0.0,,,0,0,0,0,0,0,82,2026-02-04 16:15:51.864214
ELEC-day3,0.0,0.0,0.0,,,0,0,0,0,0,0,82,2026-02-04 16:15:51.864214
ELEC-day4,0.0,0.0,0.0,,,0,0,0,0,0,0,82,2026-02-04 16:15:51.864214
ELEC-day5,0.0,0.0,0.0,,,0,0,0,0,0,0,82,2026-02-04 16:15:51.864214
ELEC-day6,0.0,0.0,0.0,,,0,0,0,0,0,0,82,2026-02-04 16:15:51.864214
ELEC-F,0.0,0.0,0.0,,,0,0,0,0,0,0,82,2026-02-04 16:15:51.864214
NG,2.13,2.11,2.15,800000.0,800000.0,0,0,0,0,0,0,83,2026-02-04 16:15:52.908502
ELEC-day2,0.0,0.0,0.0,,,0,0,0,0,0,0,83,2026-02-04 16:15:52.908502
ELEC-day3,0.0,0.0,0.0,,,0,0,0,0,0,0,83,2026-02-04 16:15:52.908502
ELEC-day4,0.0,0.0,0.0,,,0,0,0,0,0,0,83,2026-02-04 16:15:52.908502
ELEC-day5,0.0,0.0,0.0,,,0,0,0,0,0,0,83,2026-02-04 16:15:52.908502
ELEC-day6,0.0,0.0,0.0,,,0,0,0,0,0,0,83,2026-02-04 16:15:52.908502
ELEC-F,0.0,0.0,0.0,,,0,0,0,0,0,0,83,2026-02-04 16:15:52.908502
NG,2.13,2.11,2.15,800000.0,800000.0,0,0,0,0,0,0,84,2026-02-04 16:15:53.962648
ELEC-day2,0.0,0.0,0.0,,,0,0,0,0,0,0,84,2026-02-04 16:15:53.962648
ELEC-day3,0.0,0.0,0.0,,,0,0,0,0,0,0,84,2026-02-04 16:15:53.962648
ELEC-day4,0.0,0.0,0.0,,,0,0,0,0,0,0,84,2026-02-04 16:15:53.962648
ELEC-day5,0.0,0.0,0.0,,,0,0,0,0,0,0,84,2026-02-04 16:15:53.962648
ELEC-day6,0.0,0.0,0.0,,,0,0,0,0,0,0,84,2026-02-04 16:15:53.962648
ELEC-F,0.0,0.0,0.0,,,0,0,0,0,0,0,84,2026-02-04 16:15:53.962648
NG,2.12,2.1,2.14,800000.0,800000.0,0,0,0,0,0,0,85,2026-02-04 16:15:55.010700
ELEC-day2,0.0,0.0,0.0,,,0,0,0,0,0,0,85,2026-02-04 16:15:55.010700
ELEC-day3,0.0,0.0,0.0,,,0,0,0,0,0,0,85,2026-02-04 16:15:55.010700
ELEC-day4,0.0,0.0,0.0,,,0,0,0,0,0,0,85,2026-02-04 16:15:55.010700
ELEC-day5,0.0,0.0,0.0,,,0,0,0,0,0,0,85,2026-02-04 16:15:55.010700
ELEC-day6,0.0,0.0,0.0,,,0,0,0,0,0,0,85,2026-02-04 16:15:55.010700
ELEC-F,0.0,0.0,0.0,,,0,0,0,0,0,0,85,2026-02-04 16:15:55.010700
NG,2.12,2.1,2.14,800000.0,800000.0,0,0,0,0,0,0,86,2026-02-04 16:15:56.057407
ELEC-day2,0.0,0.0,0.0,,,0,0,0,0,0,0,86,2026-02-04 16:15:56.057407
ELEC-day3,0.0,0.0,0.0,,,0,0,0,0,0,0,86,2026-02-04 16:15:56.057407
ELEC-day4,0.0,0.0,0.0,,,0,0,0,0,0,0,86,2026-02-04 16:15:56.057407
ELEC-day5,0.0,0.0,0.0,,,0,0,0,0,0,0,86,2026-02-04 16:15:56.057407
ELEC-day6,0.0,0.0,0.0,,,0,0,0,0,0,0,86,2026-02-04 16:15:56.057407
ELEC-F,0.0,0.0,0.0,,,0,0,0,0,0,0,86,2026-02-04 16:15:56.057407
NG,2.13,2.11,2.15,800000.0,800000.0,0,0,0,0,0,0,87,2026-02-04 16:15:57.099
ELEC-day2,0.0,0.0,0.0,,,0,0,0,0,0,0,87,2026-02-04 16:15:57.099
ELEC-day3,0.0,0.0,0.0,,,0,0,0,0,0,0,87,2026-02-04 16:15:57.099
ELEC-day4,0.0,0.0,0.0,,,0,0,0,0,0,0,87,2026-02-04 16:15:57.099
ELEC-day5,0.0,0.0,0.0,,,0,0,0,0,0,0,87,2026-02-04 16:15:57.099
ELEC-day6,0.0,0.0,0.0,,,0,0,0,0,0,0,87,2026-02-04 16:15:57.099
ELEC-F,0.0,0.0,0.0,,,0,0,0,0,0,0,87,2026-02-04 16:15:57.099
NG,2.13,2.11,2.15,800000.0,800000.0,0,0,0,0,0,0,88,2026-02-04 16:15:58.140663
ELEC-day2,0.0,0.0,0.0,,,0,0,0,0,0,0,88,2026-02-04 16:15:58.140663
ELEC-day3,0.0,0.0,0.0,,,0,0,0,0,0,0,88,2026-02-04 16:15:58.140663
ELEC-day4,0.0,0.0,0.0,,,0,0,0,0,0,0,88,2026-02-04 16:15:58.140663
ELEC-day5,0.0,0.0,0.0,,,0,0,0,0,0,0,88,2026-02-04 16:15:58.140663
ELEC-day6,0.0,0.0,0.0,,,0,0,0,0,0,0,88,2026-02-04 16:15:58.140663
ELEC-F,0.0,0.0,0.0,,,0,0,0,0,0,0,88,2026-02-04 16:15:58.140663
NG,2.13,2.11,2.15,800000.0,800000.0,0,0,0,0,0,0,89,2026-02-04 16:15:59.213232
ELEC-day2,0.0,0.0,0.0,,,0,0,0,0,0,0,89,2026-02-04 16:15:59.213232
ELEC-day3,0.0,0.0,0.0,,,0,0,0,0,0,0,89,2026-02-04 16:15:59.213232
ELEC-day4,0.0,0.0,0.0,,,0,0,0,0,0,0,89,2026-02-04 16:15:59.213232
ELEC-day5,0.0,0.0,0.0,,,0,0,0,0,0,0,89,2026-02-04 16:15:59.213232
ELEC-day6,0.0,0.0,0.0,,,0,0,0,0,0,0,89,2026-02-04 16:15:59.213232
ELEC-F,0.0,0.0,0.0,,,0,0,0,0,0,0,89,2026-02-04 16:15:59.213232
NG,2.13,2.11,2.15,800000.0,800000.0,0,0,0,0,0,0,90,2026-02-04 16:15:59.848789,5.0,1.0,89.0,,SUNLIGHT Forecast for DAY 2,The weather forecasts call for between 1 and 6 hours of sunlight tomorrow.
ELEC-day2,0.0,0.0,0.0,,,0,0,0,0,0,0,90,2026-02-04 16:15:59.848789,,,,,,
ELEC-day3,0.0,0.0,0.0,,,0,0,0,0,0,0,90,2026-02-04 16:15:59.848789,,,,,,
ELEC-day4,0.0,0.0,0.0,,,0,0,0,0,0,0,90,2026-02-04 16:15:59.848789,,,,,,
ELEC-day5,0.0,0.0,0.0,,,0,0,0,0,0,0,90,2026-02-04 16:15:59.848789,,,,,,
ELEC-day6,0.0,0.0,0.0,,,0,0,0,0,0,0,90,2026-02-04 16:15:59.848789,,,,,,
ELEC-F,0.0,0.0,0.0,,,0,0,0,0,0,0,90,2026-02-04 16:15:59.848789,,,,,,
NG,2.12,2.1,2.14,800000.0,800000.0,0,0,0,0,0,0,91,2026-02-04 16:16:01.104919
ELEC-day2,0.0,0.0,0.0,,,0,0,0,0,0,0,91,2026-02-04 16:16:01.104919
ELEC-day3,0.0,0.0,0.0,,,0,0,0,0,0,0,91,2026-02-04 16:16:01.104919
ELEC-day4,0.0,0.0,0.0,,,0,0,0,0,0,0,91,2026-02-04 16:16:01.104919
ELEC-day5,0.0,0.0,0.0,,,0,0,0,0,0,0,91,2026-02-04 16:16:01.104919
ELEC-day6,0.0,0.0,0.0,,,0,0,0,0,0,0,91,2026-02-04 16:16:01.104919
ELEC-F,0.0,0.0,0.0,,,0,0,0,0,0,0,91,2026-02-04 16:16:01.104919
NG,2.12,2.1,2.14,800000.0,800000.0,0,0,0,0,0,0,92,2026-02-04 16:16:02.141047
ELEC-day2,0.0,0.0,0.0,,,0,0,0,0,0,0,92,2026-02-04 16:16:02.141047
ELEC-day3,0.0,0.0,0.0,,,0,0,0,0,0,0,92,2026-02-04 16:16:02.141047
ELEC-day4,0.0,0.0,0.0,,,0,0,0,0,0,0,92,2026-02-04 16:16:02.141047
ELEC-day5,0.0,0.0,0.0,,,0,0,0,0,0,0,92,2026-02-04 16:16:02.141047
ELEC-day6,0.0,0.0,0.0,,,0,0,0,0,0,0,92,2026-02-04 16:16:02.141047
ELEC-F,0.0,0.0,0.0,,,0,0,0,0,0,0,92,2026-02-04 16:16:02.141047
NG,2.11,2.09,2.13,800000.0,800000.0,0,0,0,0,0,0,93,2026-02-04 16:16:03.169840
ELEC-day2,0.0,0.0,0.0,,,0,0,0,0,0,0,93,2026-02-04 16:16:03.169840
ELEC-day3,0.0,0.0,0.0,,,0,0,0,0,0,0,93,2026-02-04 16:16:03.169840
ELEC-day4,0.0,0.0,0.0,,,0,0,0,0,0,0,93,2026-02-04 16:16:03.169840
ELEC-day5,0.0,0.0,0.0,,,0,0,0,0,0,0,93,2026-02-04 16:16:03.169840
ELEC-day6,0.0,0.0,0.0,,,0,0,0,0,0,0,93,2026-02-04 16:16:03.169840
ELEC-F,0.0,0.0,0.0,,,0,0,0,0,0,0,93,2026-02-04 16:16:03.169840
NG,2.11,2.09,2.13,800000.0,800000.0,0,0,0,0,0,0,94,2026-02-04 16:16:04.209920
ELEC-day2,0.0,0.0,0.0,,,0,0,0,0,0,0,94,2026-02-04 16:16:04.209920
ELEC-day3,0.0,0.0,0.0,,,0,0,0,0,0,0,94,2026-02-04 16:16:04.209920
ELEC-day4,0.0,0.0,0.0,,,0,0,0,0,0,0,94,2026-02-04 16:16:04.209920
ELEC-day5,0.0,0.0,0.0,,,0,0,0,0,0,0,94,2026-02-04 16:16:04.209920
ELEC-day6,0.0,0.0,0.0,,,0,0,0,0,0,0,94,2026-02-04 16:16:04.209920
ELEC-F,0.0,0.0,0.0,,,0,0,0,0,0,0,94,2026-02-04 16:16:04.209920
NG,2.11,2.09,2.13,800000.0,800000.0,0,0,0,0,0,0,95,2026-02-04 16:16:04.814086
ELEC-day2,0.0,0.0,0.0,,,0,0,0,0,0,0,95,2026-02-04 16:16:04.814086
ELEC-day3,0.0,0.0,0.0,,,0,0,0,0,0,0,95,2026-02-04 16:16:04.814086
ELEC-day4,0.0,0.0,0.0,,,0,0,0,0,0,0,95,2026-02-04 16:16:04.814086
ELEC-day5,0.0,0.0,0.0,,,0,0,0,0,0,0,95,2026-02-04 16:16:04.814086
ELEC-day6,0.0,0.0,0.0,,,0,0,0,0,0,0,95,2026-02-04 16:16:04.814086
ELEC-F,0.0,0.0,0.0,,,0,0,0,0,0,0,95,2026-02-04 16:16:04.814086
NG,2.12,2.1,2.14,800000.0,800000.0,0,0,0,0,0,0,96,2026-02-04 16:16:05.941479
ELEC-day2,0.0,0.0,0.0,,,0,0,0,0,0,0,96,2026-02-04 16:16:05.941479
ELEC-day3,0.0,0.0,0.0,,,0,0,0,0,0,0,96,2026-02-04 16:16:05.941479
ELEC-day4,0.0,0.0,0.0,,,0,0,0,0,0,0,96,2026-02-04 16:16:05.941479
ELEC-day5,0.0,0.0,0.0,,,0,0,0,0,0,0,96,2026-02-04 16:16:05.941479
ELEC-day6,0.0,0.0,0.0,,,0,0,0,0,0,0,96,2026-02-04 16:16:05.941479
ELEC-F,0.0,0.0,0.0,,,0,0,0,0,0,0,96,2026-02-04 16:16:05.941479
NG,2.11,2.09,2.13,800000.0,800000.0,0,0,0,0,0,0,97,2026-02-04 16:16:06.985623
ELEC-day2,0.0,0.0,0.0,,,0,0,0,0,0,0,97,2026-02-04 16:16:06.985623
ELEC-day3,0.0,0.0,0.0,,,0,0,0,0,0,0,97,2026-02-04 16:16:06.985623
ELEC-day4,0.0,0.0,0.0,,,0,0,0,0,0,0,97,2026-02-04 16:16:06.985623
ELEC-day5,0.0,0.0,0.0,,,0,0,0,0,0,0,97,2026-02-04 16:16:06.985623
ELEC-day6,0.0,0.0,0.0,,,0,0,0,0,0,0,97,2026-02-04 16:16:06.985623
ELEC-F,0.0,0.0,0.0,,,0,0,0,0,0,0,97,2026-02-04 16:16:06.985623
NG,2.12,2.1,2.14,800000.0,800000.0,0,0,0,0,0,0,98,2026-02-04 16:16:08.025214
ELEC-day2,0.0,0.0,0.0,,,0,0,0,0,0,0,98,2026-02-04 16:16:08.025214
ELEC-day3,0.0,0.0,0.0,,,0,0,0,0,0,0,98,2026-02-04 16:16:08.025214
ELEC-day4,0.0,0.0,0.0,,,0,0,0,0,0,0,98,2026-02-04 16:16:08.025214
ELEC-day5,0.0,0.0,0.0,,,0,0,0,0,0,0,98,2026-02-04 16:16:08.025214
ELEC-day6,0.0,0.0,0.0,,,0,0,0,0,0,0,98,2026-02-04 16:16:08.025214
ELEC-F,0.0,0.0,0.0,,,0,0,0,0,0,0,98,2026-02-04 16:16:08.025214
NG,2.12,2.1,2.14,800000.0,800000.0,0,0,0,0,0,0,99,2026-02-04 16:16:09.061261
ELEC-day2,0.0,0.0,0.0,,,0,0,0,0,0,0,99,2026-02-04 16:16:09.061261
ELEC-day3,0.0,0.0,0.0,,,0,0,0,0,0,0,99,2026-02-04 16:16:09.061261
ELEC-day4,0.0,0.0,0.0,,,0,0,0,0,0,0,99,2026-02-04 16:16:09.061261
ELEC-day5,0.0,0.0,0.0,,,0,0,0,0,0,0,99,2026-02-04 16:16:09.061261
ELEC-day6,0.0,0.0,0.0,,,0,0,0,0,0,0,99,2026-02-04 16:16:09.061261
ELEC-F,0.0,0.0,0.0,,,0,0,0,0,0,0,99,2026-02-04 16:16:09.061261
NG,2.11,2.09,2.13,800000.0,800000.0,0,0,0,0,0,0,100,2026-02-04 16:16:10.100912
ELEC-day2,0.0,0.0,0.0,,,0,0,0,0,0,0,100,2026-02-04 16:16:10.100912
ELEC-day3,0.0,0.0,0.0,,,0,0,0,0,0,0,100,2026-02-04 16:16:10.100912
ELEC-day4,0.0,0.0,0.0,,,0,0,0,0,0,0,100,2026-02-04 16:16:10.100912
ELEC-day5,0.0,0.0,0.0,,,0,0,0,0,0,0,100,2026-02-04 16:16:10.100912
ELEC-day6,0.0,0.0,0.0,,,0,0,0,0,0,0,100,2026-02-04 16:16:10.100912
ELEC-F,0.0,0.0,0.0,,,0,0,0,0,0,0,100,2026-02-04 16:16:10.100912
NG,2.11,2.09,2.13,800000.0,800000.0,0,0,0,0,0,0,101,2026-02-04 16:16:11.134904
ELEC-day2,0.0,0.0,0.0,,,0,0,0,0,0,0,101,2026-02-04 16:16:11.134904
ELEC-day3,0.0,0.0,0.0,,,0,0,0,0,0,0,101,2026-02-04 16:16:11.134904
ELEC-day4,0.0,0.0,0.0,,,0,0,0,0,0,0,101,2026-02-04 16:16:11.134904
ELEC-day5,0.0,0.0,0.0,,,0,0,0,0,0,0,101,2026-02-04 16:16:11.134904
ELEC-day6,0.0,0.0,0.0,,,0,0,0,0,0,0,101,2026-02-04 16:16:11.134904
ELEC-F,0.0,0.0,0.0,,,0,0,0,0,0,0,101,2026-02-04 16:16:11.134904
NG,2.11,2.09,2.13,800000.0,800000.0,0,0,0,0,0,0,102,2026-02-04 16:16:12.166534
ELEC-day2,0.0,0.0,0.0,,,0,0,0,0,0,0,102,2026-02-04 16:16:12.166534
ELEC-day3,0.0,0.0,0.0,,,0,0,0,0,0,0,102,2026-02-04 16:16:12.166534
ELEC-day4,0.0,0.0,0.0,,,0,0,0,0,0,0,102,2026-02-04 16:16:12.166534
ELEC-day5,0.0,0.0,0.0,,,0,0,0,0,0,0,102,2026-02-04 16:16:12.166534
ELEC-day6,0.0,0.0,0.0,,,0,0,0,0,0,0,102,2026-02-04 16:16:12.166534
ELEC-F,0.0,0.0,0.0,,,0,0,0,0,0,0,102,2026-02-04 16:16:12.166534
NG,2.12,2.1,2.14,800000.0,800000.0,0,0,0,0,0,0,103,2026-02-04 16:16:13.200331
ELEC-day2,0.0,0.0,0.0,,,0,0,0,0,0,0,103,2026-02-04 16:16:13.200331
ELEC-day3,0.0,0.0,0.0,,,0,0,0,0,0,0,103,2026-02-04 16:16:13.200331
ELEC-day4,0.0,0.0,0.0,,,0,0,0,0,0,0,103,2026-02-04 16:16:13.200331
ELEC-day5,0.0,0.0,0.0,,,0,0,0,0,0,0,103,2026-02-04 16:16:13.200331
ELEC-day6,0.0,0.0,0.0,,,0,0,0,0,0,0,103,2026-02-04 16:16:13.200331
ELEC-F,0.0,0.0,0.0,,,0,0,0,0,0,0,103,2026-02-04 16:16:13.200331
NG,2.12,2.1,2.14,800000.0,800000.0,0,0,0,0,0,0,104,2026-02-04 16:16:14.230203
ELEC-day2,0.0,0.0,0.0,,,0,0,0,0,0,0,104,2026-02-04 16:16:14.230203
ELEC-day3,0.0,0.0,0.0,,,0,0,0,0,0,0,104,2026-02-04 16:16:14.230203
ELEC-day4,0.0,0.0,0.0,,,0,0,0,0,0,0,104,2026-02-04 16:16:14.230203
ELEC-day5,0.0,0.0,0.0,,,0,0,0,0,0,0,104,2026-02-04 16:16:14.230203
ELEC-day6,0.0,0.0,0.0,,,0,0,0,0,0,0,104,2026-02-04 16:16:14.230203
ELEC-F,0.0,0.0,0.0,,,0,0,0,0,0,0,104,2026-02-04 16:16:14.230203
NG,2.13,2.11,2.15,800000.0,800000.0,0,0,0,0,0,0,105,2026-02-04 16:16:15.262897
ELEC-day2,0.0,0.0,0.0,,,0,0,0,0,0,0,105,2026-02-04 16:16:15.262897
ELEC-day3,0.0,0.0,0.0,,,0,0,0,0,0,0,105,2026-02-04 16:16:15.262897
ELEC-day4,0.0,0.0,0.0,,,0,0,0,0,0,0,105,2026-02-04 16:16:15.262897
ELEC-day5,0.0,0.0,0.0,,,0,0,0,0,0,0,105,2026-02-04 16:16:15.262897
ELEC-day6,0.0,0.0,0.0,,,0,0,0,0,0,0,105,2026-02-04 16:16:15.262897
ELEC-F,0.0,0.0,0.0,,,0,0,0,0,0,0,105,2026-02-04 16:16:15.262897
NG,2.13,2.11,2.15,800000.0,800000.0,0,0,0,0,0,0,106,2026-02-04 16:16:16.298093
ELEC-day2,0.0,0.0,0.0,,,0,0,0,0,0,0,106,2026-02-04 16:16:16.298093
ELEC-day3,0.0,0.0,0.0,,,0,0,0,0,0,0,106,2026-02-04 16:16:16.298093
ELEC-day4,0.0,0.0,0.0,,,0,0,0,0,0,0,106,2026-02-04 16:16:16.298093
ELEC-day5,0.0,0.0,0.0,,,0,0,0,0,0,0,106,2026-02-04 16:16:16.298093
ELEC-day6,0.0,0.0,0.0,,,0,0,0,0,0,0,106,2026-02-04 16:16:16.298093
ELEC-F,0.0,0.0,0.0,,,0,0,0,0,0,0,106,2026-02-04 16:16:16.298093
NG,2.13,2.11,2.15,800000.0,800000.0,0,0,0,0,0,0,107,2026-02-04 16:16:16.916297
ELEC-day2,0.0,0.0,0.0,,,0,0,0,0,0,0,107,2026-02-04 16:16:16.916297
ELEC-day3,0.0,0.0,0.0,,,0,0,0,0,0,0,107,2026-02-04 16:16:16.916297
ELEC-day4,0.0,0.0,0.0,,,0,0,0,0,0,0,107,2026-02-04 16:16:16.916297
ELEC-day5,0.0,0.0,0.0,,,0,0,0,0,0,0,107,2026-02-04 16:16:16.916297
ELEC-day6,0.0,0.0,0.0,,,0,0,0,0,0,0,107,2026-02-04 16:16:16.916297
ELEC-F,0.0,0.0,0.0,,,0,0,0,0,0,0,107,2026-02-04 16:16:16.916297
NG,2.12,2.1,2.14,800000.0,800000.0,0,0,0,0,0,0,108,2026-02-04 16:16:18.120395
ELEC-day2,0.0,0.0,0.0,,,0,0,0,0,0,0,108,2026-02-04 16:16:18.120395
ELEC-day3,0.0,0.0,0.0,,,0,0,0,0,0,0,108,2026-02-04 16:16:18.120395
ELEC-day4,0.0,0.0,0.0,,,0,0,0,0,0,0,108,2026-02-04 16:16:18.120395
ELEC-day5,0.0,0.0,0.0,,,0,0,0,0,0,0,108,2026-02-04 16:16:18.120395
ELEC-day6,0.0,0.0,0.0,,,0,0,0,0,0,0,108,2026-02-04 16:16:18.120395
ELEC-F,0.0,0.0,0.0,,,0,0,0,0,0,0,108,2026-02-04 16:16:18.120395
NG,2.11,2.09,2.13,800000.0,800000.0,0,0,0,0,0,0,109,2026-02-04 16:16:19.222842
ELEC-day2,0.0,0.0,0.0,,,0,0,0,0,0,0,109,2026-02-04 16:16:19.222842
ELEC-day3,0.0,0.0,0.0,,,0,0,0,0,0,0,109,2026-02-04 16:16:19.222842
ELEC-day4,0.0,0.0,0.0,,,0,0,0,0,0,0,109,2026-02-04 16:16:19.222842
ELEC-day5,0.0,0.0,0.0,,,0,0,0,0,0,0,109,2026-02-04 16:16:19.222842
ELEC-day6,0.0,0.0,0.0,,,0,0,0,0,0,0,109,2026-02-04 16:16:19.222842
ELEC-F,0.0,0.0,0.0,,,0,0,0,0,0,0,109,2026-02-04 16:16:19.222842
NG,2.11,2.09,2.13,800000.0,800000.0,0,0,0,0,0,0,110,2026-02-04 16:16:20.270189
ELEC-day2,0.0,0.0,0.0,,,0,0,0,0,0,0,110,2026-02-04 16:16:20.270189
ELEC-day3,0.0,0.0,0.0,,,0,0,0,0,0,0,110,2026-02-04 16:16:20.270189
ELEC-day4,0.0,0.0,0.0,,,0,0,0,0,0,0,110,2026-02-04 16:16:20.270189
ELEC-day5,0.0,0.0,0.0,,,0,0,0,0,0,0,110,2026-02-04 16:16:20.270189
ELEC-day6,0.0,0.0,0.0,,,0,0,0,0,0,0,110,2026-02-04 16:16:20.270189
ELEC-F,0.0,0.0,0.0,,,0,0,0,0,0,0,110,2026-02-04 16:16:20.270189
NG,2.11,2.09,2.13,800000.0,800000.0,0,0,0,0,0,0,111,2026-02-04 16:16:21.435584
ELEC-day2,0.0,0.0,0.0,,,0,0,0,0,0,0,111,2026-02-04 16:16:21.435584
ELEC-day3,0.0,0.0,0.0,,,0,0,0,0,0,0,111,2026-02-04 16:16:21.435584
ELEC-day4,0.0,0.0,0.0,,,0,0,0,0,0,0,111,2026-02-04 16:16:21.435584
ELEC-day5,0.0,0.0,0.0,,,0,0,0,0,0,0,111,2026-02-04 16:16:21.435584
ELEC-day6,0.0,0.0,0.0,,,0,0,0,0,0,0,111,2026-02-04 16:16:21.435584
ELEC-F,0.0,0.0,0.0,,,0,0,0,0,0,0,111,2026-02-04 16:16:21.435584
NG,2.11,2.09,2.13,800000.0,800000.0,0,0,0,0,0,0,112,2026-02-04 16:16:22.030503
ELEC-day2,0.0,0.0,0.0,,,0,0,0,0,0,0,112,2026-02-04 16:16:22.030503
ELEC-day3,0.0,0.0,0.0,,,0,0,0,0,0,0,112,2026-02-04 16:16:22.030503
ELEC-day4,0.0,0.0,0.0,,,0,0,0,0,0,0,112,2026-02-04 16:16:22.030503
ELEC-day5,0.0,0.0,0.0,,,0,0,0,0,0,0,112,2026-02-04 16:16:22.030503
ELEC-day6,0.0,0.0,0.0,,,0,0,0,0,0,0,112,2026-02-04 16:16:22.030503
ELEC-F,0.0,0.0,0.0,,,0,0,0,0,0,0,112,2026-02-04 16:16:22.030503
NG,2.12,2.1,2.14,800000.0,800000.0,0,0,0,0,0,0,113,2026-02-04 16:16:23.102959
ELEC-day2,0.0,0.0,0.0,,,0,0,0,0,0,0,113,2026-02-04 16:16:23.102959
ELEC-day3,0.0,0.0,0.0,,,0,0,0,0,0,0,113,2026-02-04 16:16:23.102959
ELEC-day4,0.0,0.0,0.0,,,0,0,0,0,0,0,113,2026-02-04 16:16:23.102959
ELEC-day5,0.0,0.0,0.0,,,0,0,0,0,0,0,113,2026-02-04 16:16:23.102959
ELEC-day6,0.0,0.0,0.0,,,0,0,0,0,0,0,113,2026-02-04 16:16:23.102959
ELEC-F,0.0,0.0,0.0,,,0,0,0,0,0,0,113,2026-02-04 16:16:23.102959
NG,2.12,2.1,2.14,800000.0,800000.0,0,0,0,0,0,0,114,2026-02-04 16:16:24.145568
ELEC-day2,0.0,0.0,0.0,,,0,0,0,0,0,0,114,2026-02-04 16:16:24.145568
ELEC-day3,0.0,0.0,0.0,,,0,0,0,0,0,0,114,2026-02-04 16:16:24.145568
ELEC-day4,0.0,0.0,0.0,,,0,0,0,0,0,0,114,2026-02-04 16:16:24.145568
ELEC-day5,0.0,0.0,0.0,,,0,0,0,0,0,0,114,2026-02-04 16:16:24.145568
ELEC-day6,0.0,0.0,0.0,,,0,0,0,0,0,0,114,2026-02-04 16:16:24.145568
ELEC-F,0.0,0.0,0.0,,,0,0,0,0,0,0,114,2026-02-04 16:16:24.145568
NG,2.12,2.1,2.14,800000.0,800000.0,0,0,0,0,0,0,115,2026-02-04 16:16:25.196665
ELEC-day2,0.0,0.0,0.0,,,0,0,0,0,0,0,115,2026-02-04 16:16:25.196665
ELEC-day3,0.0,0.0,0.0,,,0,0,0,0,0,0,115,2026-02-04 16:16:25.196665
ELEC-day4,0.0,0.0,0.0,,,0,0,0,0,0,0,115,2026-02-04 16:16:25.196665
ELEC-day5,0.0,0.0,0.0,,,0,0,0,0,0,0,115,2026-02-04 16:16:25.196665
ELEC-day6,0.0,0.0,0.0,,,0,0,0,0,0,0,115,2026-02-04 16:16:25.196665
ELEC-F,0.0,0.0,0.0,,,0,0,0,0,0,0,115,2026-02-04 16:16:25.196665
NG,2.13,2.11,2.15,800000.0,800000.0,0,0,0,0,0,0,116,2026-02-04 16:16:26.244580
ELEC-day2,0.0,0.0,0.0,,,0,0,0,0,0,0,116,2026-02-04 16:16:26.244580
ELEC-day3,0.0,0.0,0.0,,,0,0,0,0,0,0,116,2026-02-04 16:16:26.244580
ELEC-day4,0.0,0.0,0.0,,,0,0,0,0,0,0,116,2026-02-04 16:16:26.244580
ELEC-day5,0.0,0.0,0.0,,,0,0,0,0,0,0,116,2026-02-04 16:16:26.244580
ELEC-day6,0.0,0.0,0.0,,,0,0,0,0,0,0,116,2026-02-04 16:16:26.244580
ELEC-F,0.0,0.0,0.0,,,0,0,0,0,0,0,116,2026-02-04 16:16:26.244580
NG,2.13,2.11,2.15,800000.0,800000.0,0,0,0,0,0,0,117,2026-02-04 16:16:27.277994
ELEC-day2,0.0,0.0,0.0,,,0,0,0,0,0,0,117,2026-02-04 16:16:27.277994
ELEC-day3,0.0,0.0,0.0,,,0,0,0,0,0,0,117,2026-02-04 16:16:27.277994
ELEC-day4,0.0,0.0,0.0,,,0,0,0,0,0,0,117,2026-02-04 16:16:27.277994
ELEC-day5,0.0,0.0,0.0,,,0,0,0,0,0,0,117,2026-02-04 16:16:27.277994
ELEC-day6,0.0,0.0,0.0,,,0,0,0,0,0,0,117,2026-02-04 16:16:27.277994
ELEC-F,0.0,0.0,0.0,,,0,0,0,0,0,0,117,2026-02-04 16:16:27.277994
NG,2.14,2.12,2.16,800000.0,800000.0,0,0,0,0,0,0,118,2026-02-04 16:16:28.316628
ELEC-day2,0.0,0.0,0.0,,,0,0,0,0,0,0,118,2026-02-04 16:16:28.316628
ELEC-day3,0.0,0.0,0.0,,,0,0,0,0,0,0,118,2026-02-04 16:16:28.316628
ELEC-day4,0.0,0.0,0.0,,,0,0,0,0,0,0,118,2026-02-04 16:16:28.316628
ELEC-day5,0.0,0.0,0.0,,,0,0,0,0,0,0,118,2026-02-04 16:16:28.316628
ELEC-day6,0.0,0.0,0.0,,,0,0,0,0,0,0,118,2026-02-04 16:16:28.316628
ELEC-F,0.0,0.0,0.0,,,0,0,0,0,0,0,118,2026-02-04 16:16:28.316628
NG,2.14,2.12,2.16,800000.0,800000.0,0,0,0,0,0,0,119,2026-02-04 16:16:29.359836
ELEC-day2,0.0,0.0,0.0,,,0,0,0,0,0,0,119,2026-02-04 16:16:29.359836
ELEC-day3,0.0,0.0,0.0,,,0,0,0,0,0,0,119,2026-02-04 16:16:29.359836
ELEC-day4,0.0,0.0,0.0,,,0,0,0,0,0,0,119,2026-02-04 16:16:29.359836
ELEC-day5,0.0,0.0,0.0,,,0,0,0,0,0,0,119,2026-02-04 16:16:29.359836
ELEC-day6,0.0,0.0,0.0,,,0,0,0,0,0,0,119,2026-02-04 16:16:29.359836
ELEC-F,0.0,0.0,0.0,,,0,0,0,0,0,0,119,2026-02-04 16:16:29.359836
NG,2.13,2.11,2.15,800000.0,800000.0,0,0,0,0,0,0,120,2026-02-04 16:16:29.937592
ELEC-day2,0.0,0.0,0.0,,,0,0,0,0,0,0,120,2026-02-04 16:16:29.937592
ELEC-day3,0.0,0.0,0.0,,,0,0,0,0,0,0,120,2026-02-04 16:16:29.937592
ELEC-day4,0.0,0.0,0.0,,,0,0,0,0,0,0,120,2026-02-04 16:16:29.937592
ELEC-day5,0.0,0.0,0.0,,,0,0,0,0,0,0,120,2026-02-04 16:16:29.937592
ELEC-day6,0.0,0.0,0.0,,,0,0,0,0,0,0,120,2026-02-04 16:16:29.937592
ELEC-F,0.0,0.0,0.0,,,0,0,0,0,0,0,120,2026-02-04 16:16:29.937592
NG,2.12,2.1,2.14,800000.0,800000.0,0,0,0,0,0,0,121,2026-02-04 16:16:31.131017
ELEC-day2,0.0,0.0,0.0,,,0,0,0,0,0,0,121,2026-02-04 16:16:31.131017
ELEC-day3,0.0,0.0,0.0,,,0,0,0,0,0,0,121,2026-02-04 16:16:31.131017
ELEC-day4,0.0,0.0,0.0,,,0,0,0,0,0,0,121,2026-02-04 16:16:31.131017
ELEC-day5,0.0,0.0,0.0,,,0,0,0,0,0,0,121,2026-02-04 16:16:31.131017
ELEC-day6,0.0,0.0,0.0,,,0,0,0,0,0,0,121,2026-02-04 16:16:31.131017
ELEC-F,0.0,0.0,0.0,,,0,0,0,0,0,0,121,2026-02-04 16:16:31.131017
NG,2.11,2.09,2.13,800000.0,800000.0,0,0,0,0,0,0,122,2026-02-04 16:16:32.190033
ELEC-day2,0.0,0.0,0.0,,,0,0,0,0,0,0,122,2026-02-04 16:16:32.190033
ELEC-day3,0.0,0.0,0.0,,,0,0,0,0,0,0,122,2026-02-04 16:16:32.190033
ELEC-day4,0.0,0.0,0.0,,,0,0,0,0,0,0,122,2026-02-04 16:16:32.190033
ELEC-day5,0.0,0.0,0.0,,,0,0,0,0,0,0,122,2026-02-04 16:16:32.190033
ELEC-day6,0.0,0.0,0.0,,,0,0,0,0,0,0,122,2026-02-04 16:16:32.190033
ELEC-F,0.0,0.0,0.0,,,0,0,0,0,0,0,122,2026-02-04 16:16:32.190033
NG,2.1,2.08,2.12,800000.0,800000.0,0,0,0,0,0,0,123,2026-02-04 16:16:33.235513
ELEC-day2,0.0,0.0,0.0,,,0,0,0,0,0,0,123,2026-02-04 16:16:33.235513
ELEC-day3,0.0,0.0,0.0,,,0,0,0,0,0,0,123,2026-02-04 16:16:33.235513
ELEC-day4,0.0,0.0,0.0,,,0,0,0,0,0,0,123,2026-02-04 16:16:33.235513
ELEC-day5,0.0,0.0,0.0,,,0,0,0,0,0,0,123,2026-02-04 16:16:33.235513
ELEC-day6,0.0,0.0,0.0,,,0,0,0,0,0,0,123,2026-02-04 16:16:33.235513
ELEC-F,0.0,0.0,0.0,,,0,0,0,0,0,0,123,2026-02-04 16:16:33.235513
NG,2.1,2.08,2.12,800000.0,800000.0,0,0,0,0,0,0,124,2026-02-04 16:16:34.282295
ELEC-day2,0.0,0.0,0.0,,,0,0,0,0,0,0,124,2026-02-04 16:16:34.282295
ELEC-day3,0.0,0.0,0.0,,,0,0,0,0,0,0,124,2026-02-04 16:16:34.282295
ELEC-day4,0.0,0.0,0.0,,,0,0,0,0,0,0,124,2026-02-04 16:16:34.282295
ELEC-day5,0.0,0.0,0.0,,,0,0,0,0,0,0,124,2026-02-04 16:16:34.282295
ELEC-day6,0.0,0.0,0.0,,,0,0,0,0,0,0,124,2026-02-04 16:16:34.282295
ELEC-F,0.0,0.0,0.0,,,0,0,0,0,0,0,124,2026-02-04 16:16:34.282295
NG,2.1,2.08,2.12,800000.0,800000.0,0,0,0,0,0,0,125,2026-02-04 16:16:35.326396
ELEC-day2,0.0,0.0,0.0,,,0,0,0,0,0,0,125,2026-02-04 16:16:35.326396
ELEC-day3,0.0,0.0,0.0,,,0,0,0,0,0,0,125,2026-02-04 16:16:35.326396
ELEC-day4,0.0,0.0,0.0,,,0,0,0,0,0,0,125,2026-02-04 16:16:35.326396
ELEC-day5,0.0,0.0,0.0,,,0,0,0,0,0,0,125,2026-02-04 16:16:35.326396
ELEC-day6,0.0,0.0,0.0,,,0,0,0,0,0,0,125,2026-02-04 16:16:35.326396
ELEC-F,0.0,0.0,0.0,,,0,0,0,0,0,0,125,2026-02-04 16:16:35.326396
NG,2.1,2.08,2.12,800000.0,800000.0,0,0,0,0,0,0,126,2026-02-04 16:16:36.380927
ELEC-day2,0.0,0.0,0.0,,,0,0,0,0,0,0,126,2026-02-04 16:16:36.380927
ELEC-day3,0.0,0.0,0.0,,,0,0,0,0,0,0,126,2026-02-04 16:16:36.380927
ELEC-day4,0.0,0.0,0.0,,,0,0,0,0,0,0,126,2026-02-04 16:16:36.380927
ELEC-day5,0.0,0.0,0.0,,,0,0,0,0,0,0,126,2026-02-04 16:16:36.380927
ELEC-day6,0.0,0.0,0.0,,,0,0,0,0,0,0,126,2026-02-04 16:16:36.380927
ELEC-F,0.0,0.0,0.0,,,0,0,0,0,0,0,126,2026-02-04 16:16:36.380927
NG,2.1,2.08,2.12,800000.0,800000.0,0,0,0,0,0,0,127,2026-02-04 16:16:37.008635
ELEC-day2,0.0,0.0,0.0,,,0,0,0,0,0,0,127,2026-02-04 16:16:37.008635
ELEC-day3,0.0,0.0,0.0,,,0,0,0,0,0,0,127,2026-02-04 16:16:37.008635
ELEC-day4,0.0,0.0,0.0,,,0,0,0,0,0,0,127,2026-02-04 16:16:37.008635
ELEC-day5,0.0,0.0,0.0,,,0,0,0,0,0,0,127,2026-02-04 16:16:37.008635
ELEC-day6,0.0,0.0,0.0,,,0,0,0,0,0,0,127,2026-02-04 16:16:37.008635
ELEC-F,0.0,0.0,0.0,,,0,0,0,0,0,0,127,2026-02-04 16:16:37.008635
NG,2.11,2.09,2.13,800000.0,800000.0,0,0,0,0,0,0,128,2026-02-04 16:16:38.173772
ELEC-day2,0.0,0.0,0.0,,,0,0,0,0,0,0,128,2026-02-04 16:16:38.173772
ELEC-day3,0.0,0.0,0.0,,,0,0,0,0,0,0,128,2026-02-04 16:16:38.173772
ELEC-day4,0.0,0.0,0.0,,,0,0,0,0,0,0,128,2026-02-04 16:16:38.173772
ELEC-day5,0.0,0.0,0.0,,,0,0,0,0,0,0,128,2026-02-04 16:16:38.173772
ELEC-day6,0.0,0.0,0.0,,,0,0,0,0,0,0,128,2026-02-04 16:16:38.173772
ELEC-F,0.0,0.0,0.0,,,0,0,0,0,0,0,128,2026-02-04 16:16:38.173772
NG,2.11,2.09,2.13,800000.0,800000.0,0,0,0,0,0,0,129,2026-02-04 16:16:39.233209
ELEC-day2,0.0,0.0,0.0,,,0,0,0,0,0,0,129,2026-02-04 16:16:39.233209
ELEC-day3,0.0,0.0,0.0,,,0,0,0,0,0,0,129,2026-02-04 16:16:39.233209
ELEC-day4,0.0,0.0,0.0,,,0,0,0,0,0,0,129,2026-02-04 16:16:39.233209
ELEC-day5,0.0,0.0,0.0,,,0,0,0,0,0,0,129,2026-02-04 16:16:39.233209
ELEC-day6,0.0,0.0,0.0,,,0,0,0,0,0,0,129,2026-02-04 16:16:39.233209
ELEC-F,0.0,0.0,0.0,,,0,0,0,0,0,0,129,2026-02-04 16:16:39.233209
NG,2.11,2.09,2.13,800000.0,800000.0,0,0,0,0,0,0,130,2026-02-04 16:16:40.283507
ELEC-day2,0.0,0.0,0.0,,,0,0,0,0,0,0,130,2026-02-04 16:16:40.283507
ELEC-day3,0.0,0.0,0.0,,,0,0,0,0,0,0,130,2026-02-04 16:16:40.283507
ELEC-day4,0.0,0.0,0.0,,,0,0,0,0,0,0,130,2026-02-04 16:16:40.283507
ELEC-day5,0.0,0.0,0.0,,,0,0,0,0,0,0,130,2026-02-04 16:16:40.283507
ELEC-day6,0.0,0.0,0.0,,,0,0,0,0,0,0,130,2026-02-04 16:16:40.283507
ELEC-F,0.0,0.0,0.0,,,0,0,0,0,0,0,130,2026-02-04 16:16:40.283507
NG,2.11,2.09,2.13,800000.0,800000.0,0,0,0,0,0,0,131,2026-02-04 16:16:41.376013
ELEC-day2,0.0,0.0,0.0,,,0,0,0,0,0,0,131,2026-02-04 16:16:41.376013
ELEC-day3,0.0,0.0,0.0,,,0,0,0,0,0,0,131,2026-02-04 16:16:41.376013
ELEC-day4,0.0,0.0,0.0,,,0,0,0,0,0,0,131,2026-02-04 16:16:41.376013
ELEC-day5,0.0,0.0,0.0,,,0,0,0,0,0,0,131,2026-02-04 16:16:41.376013
ELEC-day6,0.0,0.0,0.0,,,0,0,0,0,0,0,131,2026-02-04 16:16:41.376013
ELEC-F,0.0,0.0,0.0,,,0,0,0,0,0,0,131,2026-02-04 16:16:41.376013
NG,2.12,2.1,2.14,800000.0,800000.0,0,0,0,0,0,0,132,2026-02-04 16:16:42.413945
ELEC-day2,0.0,0.0,0.0,,,0,0,0,0,0,0,132,2026-02-04 16:16:42.413945
ELEC-day3,0.0,0.0,0.0,,,0,0,0,0,0,0,132,2026-02-04 16:16:42.413945
ELEC-day4,0.0,0.0,0.0,,,0,0,0,0,0,0,132,2026-02-04 16:16:42.413945
ELEC-day5,0.0,0.0,0.0,,,0,0,0,0,0,0,132,2026-02-04 16:16:42.413945
ELEC-day6,0.0,0.0,0.0,,,0,0,0,0,0,0,132,2026-02-04 16:16:42.413945
ELEC-F,0.0,0.0,0.0,,,0,0,0,0,0,0,132,2026-02-04 16:16:42.413945
NG,2.12,2.1,2.14,800000.0,800000.0,0,0,0,0,0,0,133,2026-02-04 16:16:43.018275
ELEC-day2,0.0,0.0,0.0,,,0,0,0,0,0,0,133,2026-02-04 16:16:43.018275
ELEC-day3,0.0,0.0,0.0,,,0,0,0,0,0,0,133,2026-02-04 16:16:43.018275
ELEC-day4,0.0,0.0,0.0,,,0,0,0,0,0,0,133,2026-02-04 16:16:43.018275
ELEC-day5,0.0,0.0,0.0,,,0,0,0,0,0,0,133,2026-02-04 16:16:43.018275
ELEC-day6,0.0,0.0,0.0,,,0,0,0,0,0,0,133,2026-02-04 16:16:43.018275
ELEC-F,0.0,0.0,0.0,,,0,0,0,0,0,0,133,2026-02-04 16:16:43.018275
NG,2.11,2.09,2.13,800000.0,800000.0,0,0,0,0,0,0,134,2026-02-04 16:16:44.143702
ELEC-day2,0.0,0.0,0.0,,,0,0,0,0,0,0,134,2026-02-04 16:16:44.143702
ELEC-day3,0.0,0.0,0.0,,,0,0,0,0,0,0,134,2026-02-04 16:16:44.143702
ELEC-day4,0.0,0.0,0.0,,,0,0,0,0,0,0,134,2026-02-04 16:16:44.143702
ELEC-day5,0.0,0.0,0.0,,,0,0,0,0,0,0,134,2026-02-04 16:16:44.143702
ELEC-day6,0.0,0.0,0.0,,,0,0,0,0,0,0,134,2026-02-04 16:16:44.143702
ELEC-F,0.0,0.0,0.0,,,0,0,0,0,0,0,134,2026-02-04 16:16:44.143702
NG,2.12,2.1,2.14,800000.0,800000.0,0,0,0,0,0,0,135,2026-02-04 16:16:45.187956
ELEC-day2,0.0,0.0,0.0,,,0,0,0,0,0,0,135,2026-02-04 16:16:45.187956
ELEC-day3,0.0,0.0,0.0,,,0,0,0,0,0,0,135,2026-02-04 16:16:45.187956
ELEC-day4,0.0,0.0,0.0,,,0,0,0,0,0,0,135,2026-02-04 16:16:45.187956
ELEC-day5,0.0,0.0,0.0,,,0,0,0,0,0,0,135,2026-02-04 16:16:45.187956
ELEC-day6,0.0,0.0,0.0,,,0,0,0,0,0,0,135,2026-02-04 16:16:45.187956
ELEC-F,0.0,0.0,0.0,,,0,0,0,0,0,0,135,2026-02-04 16:16:45.187956
NG,2.12,2.1,2.14,800000.0,800000.0,0,0,0,0,0,0,136,2026-02-04 16:16:46.234847
ELEC-day2,0.0,0.0,0.0,,,0,0,0,0,0,0,136,2026-02-04 16:16:46.234847
ELEC-day3,0.0,0.0,0.0,,,0,0,0,0,0,0,136,2026-02-04 16:16:46.234847
ELEC-day4,0.0,0.0,0.0,,,0,0,0,0,0,0,136,2026-02-04 16:16:46.234847
ELEC-day5,0.0,0.0,0.0,,,0,0,0,0,0,0,136,2026-02-04 16:16:46.234847
ELEC-day6,0.0,0.0,0.0,,,0,0,0,0,0,0,136,2026-02-04 16:16:46.234847
ELEC-F,0.0,0.0,0.0,,,0,0,0,0,0,0,136,2026-02-04 16:16:46.234847
NG,2.12,2.1,2.14,800000.0,800000.0,0,0,0,0,0,0,137,2026-02-04 16:16:47.278877
ELEC-day2,0.0,0.0,0.0,,,0,0,0,0,0,0,137,2026-02-04 16:16:47.278877
ELEC-day3,0.0,0.0,0.0,,,0,0,0,0,0,0,137,2026-02-04 16:16:47.278877
ELEC-day4,0.0,0.0,0.0,,,0,0,0,0,0,0,137,2026-02-04 16:16:47.278877
ELEC-day5,0.0,0.0,0.0,,,0,0,0,0,0,0,137,2026-02-04 16:16:47.278877
ELEC-day6,0.0,0.0,0.0,,,0,0,0,0,0,0,137,2026-02-04 16:16:47.278877
ELEC-F,0.0,0.0,0.0,,,0,0,0,0,0,0,137,2026-02-04 16:16:47.278877
NG,2.12,2.1,2.14,800000.0,800000.0,0,0,0,0,0,0,138,2026-02-04 16:16:48.326047
ELEC-day2,0.0,0.0,0.0,,,0,0,0,0,0,0,138,2026-02-04 16:16:48.326047
ELEC-day3,0.0,0.0,0.0,,,0,0,0,0,0,0,138,2026-02-04 16:16:48.326047
ELEC-day4,0.0,0.0,0.0,,,0,0,0,0,0,0,138,2026-02-04 16:16:48.326047
ELEC-day5,0.0,0.0,0.0,,,0,0,0,0,0,0,138,2026-02-04 16:16:48.326047
ELEC-day6,0.0,0.0,0.0,,,0,0,0,0,0,0,138,2026-02-04 16:16:48.326047
ELEC-F,0.0,0.0,0.0,,,0,0,0,0,0,0,138,2026-02-04 16:16:48.326047
NG,2.14,2.12,2.16,800000.0,800000.0,0,0,0,0,0,0,139,2026-02-04 16:16:49.371514
ELEC-day2,0.0,0.0,0.0,,,0,0,0,0,0,0,139,2026-02-04 16:16:49.371514
ELEC-day3,0.0,0.0,0.0,,,0,0,0,0,0,0,139,2026-02-04 16:16:49.371514
ELEC-day4,0.0,0.0,0.0,,,0,0,0,0,0,0,139,2026-02-04 16:16:49.371514
ELEC-day5,0.0,0.0,0.0,,,0,0,0,0,0,0,139,2026-02-04 16:16:49.371514
ELEC-day6,0.0,0.0,0.0,,,0,0,0,0,0,0,139,2026-02-04 16:16:49.371514
ELEC-F,0.0,0.0,0.0,,,0,0,0,0,0,0,139,2026-02-04 16:16:49.371514
NG,2.13,2.11,2.15,800000.0,800000.0,0,0,0,0,0,0,140,2026-02-04 16:16:50.413057
ELEC-day2,0.0,0.0,0.0,,,0,0,0,0,0,0,140,2026-02-04 16:16:50.413057
ELEC-day3,0.0,0.0,0.0,,,0,0,0,0,0,0,140,2026-02-04 16:16:50.413057
ELEC-day4,0.0,0.0,0.0,,,0,0,0,0,0,0,140,2026-02-04 16:16:50.413057
ELEC-day5,0.0,0.0,0.0,,,0,0,0,0,0,0,140,2026-02-04 16:16:50.413057
ELEC-day6,0.0,0.0,0.0,,,0,0,0,0,0,0,140,2026-02-04 16:16:50.413057
ELEC-F,0.0,0.0,0.0,,,0,0,0,0,0,0,140,2026-02-04 16:16:50.413057
NG,2.12,2.1,2.14,800000.0,800000.0,0,0,0,0,0,0,141,2026-02-04 16:16:51.447566
ELEC-day2,0.0,0.0,0.0,,,0,0,0,0,0,0,141,2026-02-04 16:16:51.447566
ELEC-day3,0.0,0.0,0.0,,,0,0,0,0,0,0,141,2026-02-04 16:16:51.447566
ELEC-day4,0.0,0.0,0.0,,,0,0,0,0,0,0,141,2026-02-04 16:16:51.447566
ELEC-day5,0.0,0.0,0.0,,,0,0,0,0,0,0,141,2026-02-04 16:16:51.447566
ELEC-day6,0.0,0.0,0.0,,,0,0,0,0,0,0,141,2026-02-04 16:16:51.447566
ELEC-F,0.0,0.0,0.0,,,0,0,0,0,0,0,141,2026-02-04 16:16:51.447566
NG,2.12,2.1,2.14,800000.0,800000.0,0,0,0,0,0,0,142,2026-02-04 16:16:52.482619
ELEC-day2,0.0,0.0,0.0,,,0,0,0,0,0,0,142,2026-02-04 16:16:52.482619
ELEC-day3,0.0,0.0,0.0,,,0,0,0,0,0,0,142,2026-02-04 16:16:52.482619
ELEC-day4,0.0,0.0,0.0,,,0,0,0,0,0,0,142,2026-02-04 16:16:52.482619
ELEC-day5,0.0,0.0,0.0,,,0,0,0,0,0,0,142,2026-02-04 16:16:52.482619
ELEC-day6,0.0,0.0,0.0,,,0,0,0,0,0,0,142,2026-02-04 16:16:52.482619
ELEC-F,0.0,0.0,0.0,,,0,0,0,0,0,0,142,2026-02-04 16:16:52.482619
NG,2.12,2.1,2.14,800000.0,800000.0,0,0,0,0,0,0,143,2026-02-04 16:16:53.099453
ELEC-day2,0.0,0.0,0.0,,,0,0,0,0,0,0,143,2026-02-04 16:16:53.099453
ELEC-day3,0.0,0.0,0.0,,,0,0,0,0,0,0,143,2026-02-04 16:16:53.099453
ELEC-day4,0.0,0.0,0.0,,,0,0,0,0,0,0,143,2026-02-04 16:16:53.099453
ELEC-day5,0.0,0.0,0.0,,,0,0,0,0,0,0,143,2026-02-04 16:16:53.099453
ELEC-day6,0.0,0.0,0.0,,,0,0,0,0,0,0,143,2026-02-04 16:16:53.099453
ELEC-F,0.0,0.0,0.0,,,0,0,0,0,0,0,143,2026-02-04 16:16:53.099453
NG,2.11,2.09,2.13,800000.0,800000.0,0,0,0,0,0,0,144,2026-02-04 16:16:54.211408
ELEC-day2,0.0,0.0,0.0,,,0,0,0,0,0,0,144,2026-02-04 16:16:54.211408
ELEC-day3,0.0,0.0,0.0,,,0,0,0,0,0,0,144,2026-02-04 16:16:54.211408
ELEC-day4,0.0,0.0,0.0,,,0,0,0,0,0,0,144,2026-02-04 16:16:54.211408
ELEC-day5,0.0,0.0,0.0,,,0,0,0,0,0,0,144,2026-02-04 16:16:54.211408
ELEC-day6,0.0,0.0,0.0,,,0,0,0,0,0,0,144,2026-02-04 16:16:54.211408
ELEC-F,0.0,0.0,0.0,,,0,0,0,0,0,0,144,2026-02-04 16:16:54.211408
NG,2.11,2.09,2.13,800000.0,800000.0,0,0,0,0,0,0,145,2026-02-04 16:16:55.263293
ELEC-day2,0.0,0.0,0.0,,,0,0,0,0,0,0,145,2026-02-04 16:16:55.263293
ELEC-day3,0.0,0.0,0.0,,,0,0,0,0,0,0,145,2026-02-04 16:16:55.263293
ELEC-day4,0.0,0.0,0.0,,,0,0,0,0,0,0,145,2026-02-04 16:16:55.263293
ELEC-day5,0.0,0.0,0.0,,,0,0,0,0,0,0,145,2026-02-04 16:16:55.263293
ELEC-day6,0.0,0.0,0.0,,,0,0,0,0,0,0,145,2026-02-04 16:16:55.263293
ELEC-F,0.0,0.0,0.0,,,0,0,0,0,0,0,145,2026-02-04 16:16:55.263293
NG,2.11,2.09,2.13,800000.0,800000.0,0,0,0,0,0,0,146,2026-02-04 16:16:56.316742
ELEC-day2,0.0,0.0,0.0,,,0,0,0,0,0,0,146,2026-02-04 16:16:56.316742
ELEC-day3,0.0,0.0,0.0,,,0,0,0,0,0,0,146,2026-02-04 16:16:56.316742
ELEC-day4,0.0,0.0,0.0,,,0,0,0,0,0,0,146,2026-02-04 16:16:56.316742
ELEC-day5,0.0,0.0,0.0,,,0,0,0,0,0,0,146,2026-02-04 16:16:56.316742
ELEC-day6,0.0,0.0,0.0,,,0,0,0,0,0,0,146,2026-02-04 16:16:56.316742
ELEC-F,0.0,0.0,0.0,,,0,0,0,0,0,0,146,2026-02-04 16:16:56.316742
NG,2.11,2.09,2.13,800000.0,800000.0,0,0,0,0,0,0,147,2026-02-04 16:16:57.367713
ELEC-day2,0.0,0.0,0.0,,,0,0,0,0,0,0,147,2026-02-04 16:16:57.367713
ELEC-day3,0.0,0.0,0.0,,,0,0,0,0,0,0,147,2026-02-04 16:16:57.367713
ELEC-day4,0.0,0.0,0.0,,,0,0,0,0,0,0,147,2026-02-04 16:16:57.367713
ELEC-day5,0.0,0.0,0.0,,,0,0,0,0,0,0,147,2026-02-04 16:16:57.367713
ELEC-day6,0.0,0.0,0.0,,,0,0,0,0,0,0,147,2026-02-04 16:16:57.367713
ELEC-F,0.0,0.0,0.0,,,0,0,0,0,0,0,147,2026-02-04 16:16:57.367713
NG,2.11,2.09,2.13,800000.0,800000.0,0,0,0,0,0,0,148,2026-02-04 16:16:58.405832
ELEC-day2,0.0,0.0,0.0,,,0,0,0,0,0,0,148,2026-02-04 16:16:58.405832
ELEC-day3,0.0,0.0,0.0,,,0,0,0,0,0,0,148,2026-02-04 16:16:58.405832
ELEC-day4,0.0,0.0,0.0,,,0,0,0,0,0,0,148,2026-02-04 16:16:58.405832
ELEC-day5,0.0,0.0,0.0,,,0,0,0,0,0,0,148,2026-02-04 16:16:58.405832
ELEC-day6,0.0,0.0,0.0,,,0,0,0,0,0,0,148,2026-02-04 16:16:58.405832
ELEC-F,0.0,0.0,0.0,,,0,0,0,0,0,0,148,2026-02-04 16:16:58.405832
NG,2.11,2.09,2.13,800000.0,800000.0,0,0,0,0,0,0,149,2026-02-04 16:16:59.442891
ELEC-day2,0.0,0.0,0.0,,,0,0,0,0,0,0,149,2026-02-04 16:16:59.442891
ELEC-day3,0.0,0.0,0.0,,,0,0,0,0,0,0,149,2026-02-04 16:16:59.442891
ELEC-day4,0.0,0.0,0.0,,,0,0,0,0,0,0,149,2026-02-04 16:16:59.442891
ELEC-day5,0.0,0.0,0.0,,,0,0,0,0,0,0,149,2026-02-04 16:16:59.442891
ELEC-day6,0.0,0.0,0.0,,,0,0,0,0,0,0,149,2026-02-04 16:16:59.442891
ELEC-F,0.0,0.0,0.0,,,0,0,0,0,0,0,149,2026-02-04 16:16:59.442891
NG,2.12,2.1,2.14,800000.0,800000.0,0,0,0,0,0,0,150,2026-02-04 16:17:00.181505,7.0,1.0,149.0,,PRICE AND VOLUME BULLETIN,"Given the expected supply and demand in the market, the Regulatory Authority for Electricity board expects that the price for tomorrow will be between $17.00 and $22.00.<br><br>There will be 500 contracts available in the entire ELEC market, 250 contracts for buying and 250 contracts for selling. There are a total of 19 Producers, 19 Distributors and 38 Traders in the market.<br><br>Please note that the RAE will charge a bid-ask spread of 1 cent"
ELEC-day2,0.0,0.0,0.0,,,0,0,0,0,0,0,150,2026-02-04 16:17:00.181505,6.0,1.0,149.0,,SUNLIGHT Forecast for DAY 2,There will be 4 hours of sunlight tomorrow.
ELEC-day3,0.0,0.0,0.0,,,0,0,0,0,0,0,150,2026-02-04 16:17:00.181505,,,,,,
ELEC-day4,0.0,0.0,0.0,,,0,0,0,0,0,0,150,2026-02-04 16:17:00.181505,,,,,,
ELEC-day5,0.0,0.0,0.0,,,0,0,0,0,0,0,150,2026-02-04 16:17:00.181505,,,,,,
ELEC-day6,0.0,0.0,0.0,,,0,0,0,0,0,0,150,2026-02-04 16:17:00.181505,,,,,,
ELEC-F,0.0,0.0,0.0,,,0,0,0,0,0,0,150,2026-02-04 16:17:00.181505,,,,,,
NG,2.12,2.1,2.14,800000.0,800000.0,0,0,0,0,0,0,151,2026-02-04 16:17:01.337523
ELEC-day2,0.0,0.0,0.0,,,0,0,0,0,0,0,151,2026-02-04 16:17:01.337523
ELEC-day3,0.0,0.0,0.0,,,0,0,0,0,0,0,151,2026-02-04 16:17:01.337523
ELEC-day4,0.0,0.0,0.0,,,0,0,0,0,0,0,151,2026-02-04 16:17:01.337523
ELEC-day5,0.0,0.0,0.0,,,0,0,0,0,0,0,151,2026-02-04 16:17:01.337523
ELEC-day6,0.0,0.0,0.0,,,0,0,0,0,0,0,151,2026-02-04 16:17:01.337523
ELEC-F,0.0,0.0,0.0,,,0,0,0,0,0,0,151,2026-02-04 16:17:01.337523
NG,2.12,2.1,2.14,800000.0,800000.0,0,0,0,0,0,0,152,2026-02-04 16:17:02.390629
ELEC-day2,0.0,0.0,0.0,,,0,0,0,0,0,0,152,2026-02-04 16:17:02.390629
ELEC-day3,0.0,0.0,0.0,,,0,0,0,0,0,0,152,2026-02-04 16:17:02.390629
ELEC-day4,0.0,0.0,0.0,,,0,0,0,0,0,0,152,2026-02-04 16:17:02.390629
ELEC-day5,0.0,0.0,0.0,,,0,0,0,0,0,0,152,2026-02-04 16:17:02.390629
ELEC-day6,0.0,0.0,0.0,,,0,0,0,0,0,0,152,2026-02-04 16:17:02.390629
ELEC-F,0.0,0.0,0.0,,,0,0,0,0,0,0,152,2026-02-04 16:17:02.390629
NG,2.12,2.1,2.14,800000.0,800000.0,0,0,0,0,0,0,153,2026-02-04 16:17:03.432962
ELEC-day2,0.0,0.0,0.0,,,0,0,0,0,0,0,153,2026-02-04 16:17:03.432962
ELEC-day3,0.0,0.0,0.0,,,0,0,0,0,0,0,153,2026-02-04 16:17:03.432962
ELEC-day4,0.0,0.0,0.0,,,0,0,0,0,0,0,153,2026-02-04 16:17:03.432962
ELEC-day5,0.0,0.0,0.0,,,0,0,0,0,0,0,153,2026-02-04 16:17:03.432962
ELEC-day6,0.0,0.0,0.0,,,0,0,0,0,0,0,153,2026-02-04 16:17:03.432962
ELEC-F,0.0,0.0,0.0,,,0,0,0,0,0,0,153,2026-02-04 16:17:03.432962
NG,2.12,2.1,2.14,800000.0,800000.0,0,0,0,0,0,0,154,2026-02-04 16:17:04.501364
ELEC-day2,0.0,0.0,0.0,,,0,0,0,0,0,0,154,2026-02-04 16:17:04.501364
ELEC-day3,0.0,0.0,0.0,,,0,0,0,0,0,0,154,2026-02-04 16:17:04.501364
ELEC-day4,0.0,0.0,0.0,,,0,0,0,0,0,0,154,2026-02-04 16:17:04.501364
ELEC-day5,0.0,0.0,0.0,,,0,0,0,0,0,0,154,2026-02-04 16:17:04.501364
ELEC-day6,0.0,0.0,0.0,,,0,0,0,0,0,0,154,2026-02-04 16:17:04.501364
ELEC-F,0.0,0.0,0.0,,,0,0,0,0,0,0,154,2026-02-04 16:17:04.501364
NG,2.11,2.09,2.13,800000.0,800000.0,0,0,0,0,0,0,155,2026-02-04 16:17:05.625245
ELEC-day2,0.0,0.0,0.0,,,0,0,0,0,0,0,155,2026-02-04 16:17:05.625245
ELEC-day3,0.0,0.0,0.0,,,0,0,0,0,0,0,155,2026-02-04 16:17:05.625245
ELEC-day4,0.0,0.0,0.0,,,0,0,0,0,0,0,155,2026-02-04 16:17:05.625245
ELEC-day5,0.0,0.0,0.0,,,0,0,0,0,0,0,155,2026-02-04 16:17:05.625245
ELEC-day6,0.0,0.0,0.0,,,0,0,0,0,0,0,155,2026-02-04 16:17:05.625245
ELEC-F,0.0,0.0,0.0,,,0,0,0,0,0,0,155,2026-02-04 16:17:05.625245
NG,2.12,2.1,2.14,800000.0,800000.0,0,0,0,0,0,0,156,2026-02-04 16:17:06.231273
ELEC-day2,0.0,0.0,0.0,,,0,0,0,0,0,0,156,2026-02-04 16:17:06.231273
ELEC-day3,0.0,0.0,0.0,,,0,0,0,0,0,0,156,2026-02-04 16:17:06.231273
ELEC-day4,0.0,0.0,0.0,,,0,0,0,0,0,0,156,2026-02-04 16:17:06.231273
ELEC-day5,0.0,0.0,0.0,,,0,0,0,0,0,0,156,2026-02-04 16:17:06.231273
ELEC-day6,0.0,0.0,0.0,,,0,0,0,0,0,0,156,2026-02-04 16:17:06.231273
ELEC-F,0.0,0.0,0.0,,,0,0,0,0,0,0,156,2026-02-04 16:17:06.231273
NG,2.12,2.1,2.14,800000.0,800000.0,0,0,0,0,0,0,157,2026-02-04 16:17:07.275601
ELEC-day2,0.0,0.0,0.0,,,0,0,0,0,0,0,157,2026-02-04 16:17:07.275601
ELEC-day3,0.0,0.0,0.0,,,0,0,0,0,0,0,157,2026-02-04 16:17:07.275601
ELEC-day4,0.0,0.0,0.0,,,0,0,0,0,0,0,157,2026-02-04 16:17:07.275601
ELEC-day5,0.0,0.0,0.0,,,0,0,0,0,0,0,157,2026-02-04 16:17:07.275601
ELEC-day6,0.0,0.0,0.0,,,0,0,0,0,0,0,157,2026-02-04 16:17:07.275601
ELEC-F,0.0,0.0,0.0,,,0,0,0,0,0,0,157,2026-02-04 16:17:07.275601
NG,2.12,2.1,2.14,800000.0,800000.0,0,0,0,0,0,0,158,2026-02-04 16:17:08.326523
ELEC-day2,0.0,0.0,0.0,,,0,0,0,0,0,0,158,2026-02-04 16:17:08.326523
ELEC-day3,0.0,0.0,0.0,,,0,0,0,0,0,0,158,2026-02-04 16:17:08.326523
ELEC-day4,0.0,0.0,0.0,,,0,0,0,0,0,0,158,2026-02-04 16:17:08.326523
ELEC-day5,0.0,0.0,0.0,,,0,0,0,0,0,0,158,2026-02-04 16:17:08.326523
ELEC-day6,0.0,0.0,0.0,,,0,0,0,0,0,0,158,2026-02-04 16:17:08.326523
ELEC-F,0.0,0.0,0.0,,,0,0,0,0,0,0,158,2026-02-04 16:17:08.326523
NG,2.12,2.1,2.14,800000.0,800000.0,0,0,0,0,0,0,159,2026-02-04 16:17:09.368969
ELEC-day2,0.0,0.0,0.0,,,0,0,0,0,0,0,159,2026-02-04 16:17:09.368969
ELEC-day3,0.0,0.0,0.0,,,0,0,0,0,0,0,159,2026-02-04 16:17:09.368969
ELEC-day4,0.0,0.0,0.0,,,0,0,0,0,0,0,159,2026-02-04 16:17:09.368969
ELEC-day5,0.0,0.0,0.0,,,0,0,0,0,0,0,159,2026-02-04 16:17:09.368969
ELEC-day6,0.0,0.0,0.0,,,0,0,0,0,0,0,159,2026-02-04 16:17:09.368969
ELEC-F,0.0,0.0,0.0,,,0,0,0,0,0,0,159,2026-02-04 16:17:09.368969
NG,2.12,2.1,2.14,800000.0,800000.0,0,0,0,0,0,0,160,2026-02-04 16:17:10.413947
ELEC-day2,0.0,0.0,0.0,,,0,0,0,0,0,0,160,2026-02-04 16:17:10.413947
ELEC-day3,0.0,0.0,0.0,,,0,0,0,0,0,0,160,2026-02-04 16:17:10.413947
ELEC-day4,0.0,0.0,0.0,,,0,0,0,0,0,0,160,2026-02-04 16:17:10.413947
ELEC-day5,0.0,0.0,0.0,,,0,0,0,0,0,0,160,2026-02-04 16:17:10.413947
ELEC-day6,0.0,0.0,0.0,,,0,0,0,0,0,0,160,2026-02-04 16:17:10.413947
ELEC-F,0.0,0.0,0.0,,,0,0,0,0,0,0,160,2026-02-04 16:17:10.413947
NG,2.11,2.09,2.13,800000.0,800000.0,0,0,0,0,0,0,161,2026-02-04 16:17:11.459070
ELEC-day2,0.0,0.0,0.0,,,0,0,0,0,0,0,161,2026-02-04 16:17:11.459070
ELEC-day3,0.0,0.0,0.0,,,0,0,0,0,0,0,161,2026-02-04 16:17:11.459070
ELEC-day4,0.0,0.0,0.0,,,0,0,0,0,0,0,161,2026-02-04 16:17:11.459070
ELEC-day5,0.0,0.0,0.0,,,0,0,0,0,0,0,161,2026-02-04 16:17:11.459070
ELEC-day6,0.0,0.0,0.0,,,0,0,0,0,0,0,161,2026-02-04 16:17:11.459070
ELEC-F,0.0,0.0,0.0,,,0,0,0,0,0,0,161,2026-02-04 16:17:11.459070
NG,2.11,2.09,2.13,800000.0,800000.0,0,0,0,0,0,0,162,2026-02-04 16:17:12.517608
ELEC-day2,0.0,0.0,0.0,,,0,0,0,0,0,0,162,2026-02-04 16:17:12.517608
ELEC-day3,0.0,0.0,0.0,,,0,0,0,0,0,0,162,2026-02-04 16:17:12.517608
ELEC-day4,0.0,0.0,0.0,,,0,0,0,0,0,0,162,2026-02-04 16:17:12.517608
ELEC-day5,0.0,0.0,0.0,,,0,0,0,0,0,0,162,2026-02-04 16:17:12.517608
ELEC-day6,0.0,0.0,0.0,,,0,0,0,0,0,0,162,2026-02-04 16:17:12.517608
ELEC-F,0.0,0.0,0.0,,,0,0,0,0,0,0,162,2026-02-04 16:17:12.517608
NG,2.12,2.1,2.14,800000.0,800000.0,0,0,0,0,0,0,163,2026-02-04 16:17:13.562811
ELEC-day2,0.0,0.0,0.0,,,0,0,0,0,0,0,163,2026-02-04 16:17:13.562811
ELEC-day3,0.0,0.0,0.0,,,0,0,0,0,0,0,163,2026-02-04 16:17:13.562811
ELEC-day4,0.0,0.0,0.0,,,0,0,0,0,0,0,163,2026-02-04 16:17:13.562811
ELEC-day5,0.0,0.0,0.0,,,0,0,0,0,0,0,163,2026-02-04 16:17:13.562811
ELEC-day6,0.0,0.0,0.0,,,0,0,0,0,0,0,163,2026-02-04 16:17:13.562811
ELEC-F,0.0,0.0,0.0,,,0,0,0,0,0,0,163,2026-02-04 16:17:13.562811
NG,2.12,2.1,2.14,800000.0,800000.0,0,0,0,0,0,0,164,2026-02-04 16:17:14.171836
ELEC-day2,0.0,0.0,0.0,,,0,0,0,0,0,0,164,2026-02-04 16:17:14.171836
ELEC-day3,0.0,0.0,0.0,,,0,0,0,0,0,0,164,2026-02-04 16:17:14.171836
ELEC-day4,0.0,0.0,0.0,,,0,0,0,0,0,0,164,2026-02-04 16:17:14.171836
ELEC-day5,0.0,0.0,0.0,,,0,0,0,0,0,0,164,2026-02-04 16:17:14.171836
ELEC-day6,0.0,0.0,0.0,,,0,0,0,0,0,0,164,2026-02-04 16:17:14.171836
ELEC-F,0.0,0.0,0.0,,,0,0,0,0,0,0,164,2026-02-04 16:17:14.171836
NG,2.13,2.11,2.15,800000.0,800000.0,0,0,0,0,0,0,165,2026-02-04 16:17:15.309414
ELEC-day2,0.0,0.0,0.0,,,0,0,0,0,0,0,165,2026-02-04 16:17:15.309414
ELEC-day3,0.0,0.0,0.0,,,0,0,0,0,0,0,165,2026-02-04 16:17:15.309414
ELEC-day4,0.0,0.0,0.0,,,0,0,0,0,0,0,165,2026-02-04 16:17:15.309414
ELEC-day5,0.0,0.0,0.0,,,0,0,0,0,0,0,165,2026-02-04 16:17:15.309414
ELEC-day6,0.0,0.0,0.0,,,0,0,0,0,0,0,165,2026-02-04 16:17:15.309414
ELEC-F,0.0,0.0,0.0,,,0,0,0,0,0,0,165,2026-02-04 16:17:15.309414
NG,2.12,2.1,2.14,800000.0,800000.0,0,0,0,0,0,0,166,2026-02-04 16:17:16.353639
ELEC-day2,0.0,0.0,0.0,,,0,0,0,0,0,0,166,2026-02-04 16:17:16.353639
ELEC-day3,0.0,0.0,0.0,,,0,0,0,0,0,0,166,2026-02-04 16:17:16.353639
ELEC-day4,0.0,0.0,0.0,,,0,0,0,0,0,0,166,2026-02-04 16:17:16.353639
ELEC-day5,0.0,0.0,0.0,,,0,0,0,0,0,0,166,2026-02-04 16:17:16.353639
ELEC-day6,0.0,0.0,0.0,,,0,0,0,0,0,0,166,2026-02-04 16:17:16.353639
ELEC-F,0.0,0.0,0.0,,,0,0,0,0,0,0,166,2026-02-04 16:17:16.353639
NG,2.12,2.1,2.14,800000.0,800000.0,0,0,0,0,0,0,167,2026-02-04 16:17:17.406548
ELEC-day2,0.0,0.0,0.0,,,0,0,0,0,0,0,167,2026-02-04 16:17:17.406548
ELEC-day3,0.0,0.0,0.0,,,0,0,0,0,0,0,167,2026-02-04 16:17:17.406548
ELEC-day4,0.0,0.0,0.0,,,0,0,0,0,0,0,167,2026-02-04 16:17:17.406548
ELEC-day5,0.0,0.0,0.0,,,0,0,0,0,0,0,167,2026-02-04 16:17:17.406548
ELEC-day6,0.0,0.0,0.0,,,0,0,0,0,0,0,167,2026-02-04 16:17:17.406548
ELEC-F,0.0,0.0,0.0,,,0,0,0,0,0,0,167,2026-02-04 16:17:17.406548
NG,2.11,2.09,2.13,800000.0,800000.0,0,0,0,0,0,0,168,2026-02-04 16:17:18.454207
ELEC-day2,0.0,0.0,0.0,,,0,0,0,0,0,0,168,2026-02-04 16:17:18.454207
ELEC-day3,0.0,0.0,0.0,,,0,0,0,0,0,0,168,2026-02-04 16:17:18.454207
ELEC-day4,0.0,0.0,0.0,,,0,0,0,0,0,0,168,2026-02-04 16:17:18.454207
ELEC-day5,0.0,0.0,0.0,,,0,0,0,0,0,0,168,2026-02-04 16:17:18.454207
ELEC-day6,0.0,0.0,0.0,,,0,0,0,0,0,0,168,2026-02-04 16:17:18.454207
ELEC-F,0.0,0.0,0.0,,,0,0,0,0,0,0,168,2026-02-04 16:17:18.454207
NG,2.11,2.09,2.13,800000.0,800000.0,0,0,0,0,0,0,169,2026-02-04 16:17:19.512472
ELEC-day2,0.0,0.0,0.0,,,0,0,0,0,0,0,169,2026-02-04 16:17:19.512472
ELEC-day3,0.0,0.0,0.0,,,0,0,0,0,0,0,169,2026-02-04 16:17:19.512472
ELEC-day4,0.0,0.0,0.0,,,0,0,0,0,0,0,169,2026-02-04 16:17:19.512472
ELEC-day5,0.0,0.0,0.0,,,0,0,0,0,0,0,169,2026-02-04 16:17:19.512472
ELEC-day6,0.0,0.0,0.0,,,0,0,0,0,0,0,169,2026-02-04 16:17:19.512472
ELEC-F,0.0,0.0,0.0,,,0,0,0,0,0,0,169,2026-02-04 16:17:19.512472
NG,2.11,2.09,2.13,800000.0,800000.0,0,0,0,0,0,0,170,2026-02-04 16:17:20.565604
ELEC-day2,0.0,0.0,0.0,,,0,0,0,0,0,0,170,2026-02-04 16:17:20.565604
ELEC-day3,0.0,0.0,0.0,,,0,0,0,0,0,0,170,2026-02-04 16:17:20.565604
ELEC-day4,0.0,0.0,0.0,,,0,0,0,0,0,0,170,2026-02-04 16:17:20.565604
ELEC-day5,0.0,0.0,0.0,,,0,0,0,0,0,0,170,2026-02-04 16:17:20.565604
ELEC-day6,0.0,0.0,0.0,,,0,0,0,0,0,0,170,2026-02-04 16:17:20.565604
ELEC-F,0.0,0.0,0.0,,,0,0,0,0,0,0,170,2026-02-04 16:17:20.565604
NG,2.11,2.09,2.13,800000.0,800000.0,0,0,0,0,0,0,171,2026-02-04 16:17:21.617054
ELEC-day2,0.0,0.0,0.0,,,0,0,0,0,0,0,171,2026-02-04 16:17:21.617054
ELEC-day3,0.0,0.0,0.0,,,0,0,0,0,0,0,171,2026-02-04 16:17:21.617054
ELEC-day4,0.0,0.0,0.0,,,0,0,0,0,0,0,171,2026-02-04 16:17:21.617054
ELEC-day5,0.0,0.0,0.0,,,0,0,0,0,0,0,171,2026-02-04 16:17:21.617054
ELEC-day6,0.0,0.0,0.0,,,0,0,0,0,0,0,171,2026-02-04 16:17:21.617054
ELEC-F,0.0,0.0,0.0,,,0,0,0,0,0,0,171,2026-02-04 16:17:21.617054
NG,2.12,2.1,2.14,800000.0,800000.0,0,0,0,0,0,0,172,2026-02-04 16:17:22.213505
ELEC-day2,0.0,0.0,0.0,,,0,0,0,0,0,0,172,2026-02-04 16:17:22.213505
ELEC-day3,0.0,0.0,0.0,,,0,0,0,0,0,0,172,2026-02-04 16:17:22.213505
ELEC-day4,0.0,0.0,0.0,,,0,0,0,0,0,0,172,2026-02-04 16:17:22.213505
ELEC-day5,0.0,0.0,0.0,,,0,0,0,0,0,0,172,2026-02-04 16:17:22.213505
ELEC-day6,0.0,0.0,0.0,,,0,0,0,0,0,0,172,2026-02-04 16:17:22.213505
ELEC-F,0.0,0.0,0.0,,,0,0,0,0,0,0,172,2026-02-04 16:17:22.213505
NG,2.13,2.11,2.15,800000.0,800000.0,0,0,0,0,0,0,173,2026-02-04 16:17:23.331571
ELEC-day2,0.0,0.0,0.0,,,0,0,0,0,0,0,173,2026-02-04 16:17:23.331571
ELEC-day3,0.0,0.0,0.0,,,0,0,0,0,0,0,173,2026-02-04 16:17:23.331571
ELEC-day4,0.0,0.0,0.0,,,0,0,0,0,0,0,173,2026-02-04 16:17:23.331571
ELEC-day5,0.0,0.0,0.0,,,0,0,0,0,0,0,173,2026-02-04 16:17:23.331571
ELEC-day6,0.0,0.0,0.0,,,0,0,0,0,0,0,173,2026-02-04 16:17:23.331571
ELEC-F,0.0,0.0,0.0,,,0,0,0,0,0,0,173,2026-02-04 16:17:23.331571
NG,2.12,2.1,2.14,800000.0,800000.0,0,0,0,0,0,0,174,2026-02-04 16:17:24.393579
ELEC-day2,0.0,0.0,0.0,,,0,0,0,0,0,0,174,2026-02-04 16:17:24.393579
ELEC-day3,0.0,0.0,0.0,,,0,0,0,0,0,0,174,2026-02-04 16:17:24.393579
ELEC-day4,0.0,0.0,0.0,,,0,0,0,0,0,0,174,2026-02-04 16:17:24.393579
ELEC-day5,0.0,0.0,0.0,,,0,0,0,0,0,0,174,2026-02-04 16:17:24.393579
ELEC-day6,0.0,0.0,0.0,,,0,0,0,0,0,0,174,2026-02-04 16:17:24.393579
ELEC-F,0.0,0.0,0.0,,,0,0,0,0,0,0,174,2026-02-04 16:17:24.393579
NG,2.11,2.09,2.13,800000.0,800000.0,0,0,0,0,0,0,175,2026-02-04 16:17:25.431419
ELEC-day2,0.0,0.0,0.0,,,0,0,0,0,0,0,175,2026-02-04 16:17:25.431419
ELEC-day3,0.0,0.0,0.0,,,0,0,0,0,0,0,175,2026-02-04 16:17:25.431419
ELEC-day4,0.0,0.0,0.0,,,0,0,0,0,0,0,175,2026-02-04 16:17:25.431419
ELEC-day5,0.0,0.0,0.0,,,0,0,0,0,0,0,175,2026-02-04 16:17:25.431419
ELEC-day6,0.0,0.0,0.0,,,0,0,0,0,0,0,175,2026-02-04 16:17:25.431419
ELEC-F,0.0,0.0,0.0,,,0,0,0,0,0,0,175,2026-02-04 16:17:25.431419
NG,2.1,2.08,2.12,800000.0,800000.0,0,0,0,0,0,0,176,2026-02-04 16:17:26.473624
ELEC-day2,0.0,0.0,0.0,,,0,0,0,0,0,0,176,2026-02-04 16:17:26.473624
ELEC-day3,0.0,0.0,0.0,,,0,0,0,0,0,0,176,2026-02-04 16:17:26.473624
ELEC-day4,0.0,0.0,0.0,,,0,0,0,0,0,0,176,2026-02-04 16:17:26.473624
ELEC-day5,0.0,0.0,0.0,,,0,0,0,0,0,0,176,2026-02-04 16:17:26.473624
ELEC-day6,0.0,0.0,0.0,,,0,0,0,0,0,0,176,2026-02-04 16:17:26.473624
ELEC-F,0.0,0.0,0.0,,,0,0,0,0,0,0,176,2026-02-04 16:17:26.473624
NG,2.12,2.1,2.14,800000.0,800000.0,0,0,0,0,0,0,177,2026-02-04 16:17:27.516370
ELEC-day2,0.0,0.0,0.0,,,0,0,0,0,0,0,177,2026-02-04 16:17:27.516370
ELEC-day3,0.0,0.0,0.0,,,0,0,0,0,0,0,177,2026-02-04 16:17:27.516370
ELEC-day4,0.0,0.0,0.0,,,0,0,0,0,0,0,177,2026-02-04 16:17:27.516370
ELEC-day5,0.0,0.0,0.0,,,0,0,0,0,0,0,177,2026-02-04 16:17:27.516370
ELEC-day6,0.0,0.0,0.0,,,0,0,0,0,0,0,177,2026-02-04 16:17:27.516370
ELEC-F,0.0,0.0,0.0,,,0,0,0,0,0,0,177,2026-02-04 16:17:27.516370
NG,2.11,2.09,2.13,800000.0,800000.0,0,0,0,0,0,0,178,2026-02-04 16:17:28.557432
ELEC-day2,0.0,0.0,0.0,,,0,0,0,0,0,0,178,2026-02-04 16:17:28.557432
ELEC-day3,0.0,0.0,0.0,,,0,0,0,0,0,0,178,2026-02-04 16:17:28.557432
ELEC-day4,0.0,0.0,0.0,,,0,0,0,0,0,0,178,2026-02-04 16:17:28.557432
ELEC-day5,0.0,0.0,0.0,,,0,0,0,0,0,0,178,2026-02-04 16:17:28.557432
ELEC-day6,0.0,0.0,0.0,,,0,0,0,0,0,0,178,2026-02-04 16:17:28.557432
ELEC-F,0.0,0.0,0.0,,,0,0,0,0,0,0,178,2026-02-04 16:17:28.557432
NG,2.12,2.1,2.14,800000.0,800000.0,0,0,0,0,0,0,179,2026-02-04 16:17:29.596184
ELEC-day2,0.0,0.0,0.0,,,0,0,0,0,0,0,179,2026-02-04 16:17:29.596184
ELEC-day3,0.0,0.0,0.0,,,0,0,0,0,0,0,179,2026-02-04 16:17:29.596184
ELEC-day4,0.0,0.0,0.0,,,0,0,0,0,0,0,179,2026-02-04 16:17:29.596184
ELEC-day5,0.0,0.0,0.0,,,0,0,0,0,0,0,179,2026-02-04 16:17:29.596184
ELEC-day6,0.0,0.0,0.0,,,0,0,0,0,0,0,179,2026-02-04 16:17:29.596184
ELEC-F,0.0,0.0,0.0,,,0,0,0,0,0,0,179,2026-02-04 16:17:29.596184
NG,2.12,2.1,2.14,800000.0,800000.0,0,0,0,0,0,0,180,2026-02-04 16:17:30.636115
ELEC-day2,0.0,0.0,0.0,,,0,0,0,0,0,0,180,2026-02-04 16:17:30.636115
ELEC-day3,0.0,0.0,0.0,,,0,0,0,0,0,0,180,2026-02-04 16:17:30.636115
ELEC-day4,0.0,0.0,0.0,,,0,0,0,0,0,0,180,2026-02-04 16:17:30.636115
ELEC-day5,0.0,0.0,0.0,,,0,0,0,0,0,0,180,2026-02-04 16:17:30.636115
ELEC-day6,0.0,0.0,0.0,,,0,0,0,0,0,0,180,2026-02-04 16:17:30.636115
ELEC-F,0.0,0.0,0.0,,,0,0,0,0,0,0,180,2026-02-04 16:17:30.636115
NG,2.13,2.11,2.15,800000.0,800000.0,0,0,0,0,0,0,0,2026-02-04 16:17:31.682005,8.0,1.0,180.0,,SPOT PRICE AND VOLUMES FOR DAY 2,The Regulatory Authority for Electricity board decided that on day 2 the following prices and volumes will be enforced:<br><br>250 contracts are available for market participants to buy at a price of $20.01<br><br>250 contracts are available for market participants to sell at a price of $20.00
ELEC-day2,0.0,0.0,0.0,,,0,0,0,0,0,0,0,2026-02-04 16:17:31.682005,,,,,,
ELEC-day3,0.0,0.0,0.0,,,0,0,0,0,0,0,0,2026-02-04 16:17:31.682005,,,,,,
ELEC-day4,0.0,0.0,0.0,,,0,0,0,0,0,0,0,2026-02-04 16:17:31.682005,,,,,,
ELEC-day5,0.0,0.0,0.0,,,0,0,0,0,0,0,0,2026-02-04 16:17:31.682005,,,,,,
ELEC-day6,0.0,0.0,0.0,,,0,0,0,0,0,0,0,2026-02-04 16:17:31.682005,,,,,,
ELEC-F,0.0,0.0,0.0,,,0,0,0,0,0,0,0,2026-02-04 16:17:31.682005,,,,,,
NG,2.13,2.11,2.15,800000.0,800000.0,0,0,0,0,0,0,1,2026-02-04 16:17:32.755174
ELEC-day2,0.0,20.0,20.01,250.0,250.0,0,0,0,0,0,0,1,2026-02-04 16:17:32.755174
ELEC-day3,0.0,0.0,0.0,,,0,0,0,0,0,0,1,2026-02-04 16:17:32.755174
ELEC-day4,0.0,0.0,0.0,,,0,0,0,0,0,0,1,2026-02-04 16:17:32.755174
ELEC-day5,0.0,0.0,0.0,,,0,0,0,0,0,0,1,2026-02-04 16:17:32.755174
ELEC-day6,0.0,0.0,0.0,,,0,0,0,0,0,0,1,2026-02-04 16:17:32.755174
ELEC-F,0.0,0.0,0.0,,,0,0,0,0,0,0,1,2026-02-04 16:17:32.755174
NG,2.13,2.11,2.15,800000.0,800000.0,0,0,0,0,0,0,2,2026-02-04 16:17:33.359644,9.0,2.0,1.0,,SUNLIGHT Forecast for DAY 3,The weather forecasts call for between 0 and 7 hours of sunlight tomorrow.
ELEC-day2,0.0,20.0,20.01,250.0,250.0,0,0,0,0,0,0,2,2026-02-04 16:17:33.359644,,,,,,
ELEC-day3,0.0,0.0,0.0,,,0,0,0,0,0,0,2,2026-02-04 16:17:33.359644,,,,,,
ELEC-day4,0.0,0.0,0.0,,,0,0,0,0,0,0,2,2026-02-04 16:17:33.359644,,,,,,
ELEC-day5,0.0,0.0,0.0,,,0,0,0,0,0,0,2,2026-02-04 16:17:33.359644,,,,,,
ELEC-day6,0.0,0.0,0.0,,,0,0,0,0,0,0,2,2026-02-04 16:17:33.359644,,,,,,
ELEC-F,0.0,0.0,0.0,,,0,0,0,0,0,0,2,2026-02-04 16:17:33.359644,,,,,,
NG,2.13,2.11,2.15,800000.0,800000.0,0,0,0,0,0,0,3,2026-02-04 16:17:34.475078
ELEC-day2,0.0,20.0,20.01,250.0,250.0,0,0,0,0,0,0,3,2026-02-04 16:17:34.475078
ELEC-day3,0.0,0.0,0.0,,,0,0,0,0,0,0,3,2026-02-04 16:17:34.475078
ELEC-day4,0.0,0.0,0.0,,,0,0,0,0,0,0,3,2026-02-04 16:17:34.475078
ELEC-day5,0.0,0.0,0.0,,,0,0,0,0,0,0,3,2026-02-04 16:17:34.475078
ELEC-day6,0.0,0.0,0.0,,,0,0,0,0,0,0,3,2026-02-04 16:17:34.475078
ELEC-F,0.0,0.0,0.0,,,0,0,0,0,0,0,3,2026-02-04 16:17:34.475078
NG,2.13,2.11,2.15,800000.0,800000.0,0,0,0,0,0,0,4,2026-02-04 16:17:35.539983
ELEC-day2,0.0,20.0,20.01,250.0,250.0,0,0,0,0,0,0,4,2026-02-04 16:17:35.539983
ELEC-day3,0.0,0.0,0.0,,,0,0,0,0,0,0,4,2026-02-04 16:17:35.539983
ELEC-day4,0.0,0.0,0.0,,,0,0,0,0,0,0,4,2026-02-04 16:17:35.539983
ELEC-day5,0.0,0.0,0.0,,,0,0,0,0,0,0,4,2026-02-04 16:17:35.539983
ELEC-day6,0.0,0.0,0.0,,,0,0,0,0,0,0,4,2026-02-04 16:17:35.539983
ELEC-F,0.0,0.0,0.0,,,0,0,0,0,0,0,4,2026-02-04 16:17:35.539983
NG,2.13,2.11,2.15,800000.0,800000.0,0,0,0,0,0,0,5,2026-02-04 16:17:36.588787
ELEC-day2,0.0,20.0,20.01,250.0,250.0,0,0,0,0,0,0,5,2026-02-04 16:17:36.588787
ELEC-day3,0.0,0.0,0.0,,,0,0,0,0,0,0,5,2026-02-04 16:17:36.588787
ELEC-day4,0.0,0.0,0.0,,,0,0,0,0,0,0,5,2026-02-04 16:17:36.588787
ELEC-day5,0.0,0.0,0.0,,,0,0,0,0,0,0,5,2026-02-04 16:17:36.588787
ELEC-day6,0.0,0.0,0.0,,,0,0,0,0,0,0,5,2026-02-04 16:17:36.588787
ELEC-F,0.0,0.0,0.0,,,0,0,0,0,0,0,5,2026-02-04 16:17:36.588787
NG,2.13,2.11,2.15,800000.0,800000.0,0,0,0,0,0,0,6,2026-02-04 16:17:37.645100
ELEC-day2,0.0,20.0,20.01,250.0,250.0,0,0,0,0,0,0,6,2026-02-04 16:17:37.645100
ELEC-day3,0.0,0.0,0.0,,,0,0,0,0,0,0,6,2026-02-04 16:17:37.645100
ELEC-day4,0.0,0.0,0.0,,,0,0,0,0,0,0,6,2026-02-04 16:17:37.645100
ELEC-day5,0.0,0.0,0.0,,,0,0,0,0,0,0,6,2026-02-04 16:17:37.645100
ELEC-day6,0.0,0.0,0.0,,,0,0,0,0,0,0,6,2026-02-04 16:17:37.645100
ELEC-F,0.0,0.0,0.0,,,0,0,0,0,0,0,6,2026-02-04 16:17:37.645100
NG,2.12,2.1,2.14,800000.0,800000.0,0,0,0,0,0,0,7,2026-02-04 16:17:38.687097
ELEC-day2,0.0,20.0,20.01,250.0,250.0,0,0,0,0,0,0,7,2026-02-04 16:17:38.687097
ELEC-day3,0.0,0.0,0.0,,,0,0,0,0,0,0,7,2026-02-04 16:17:38.687097
ELEC-day4,0.0,0.0,0.0,,,0,0,0,0,0,0,7,2026-02-04 16:17:38.687097
ELEC-day5,0.0,0.0,0.0,,,0,0,0,0,0,0,7,2026-02-04 16:17:38.687097
ELEC-day6,0.0,0.0,0.0,,,0,0,0,0,0,0,7,2026-02-04 16:17:38.687097
ELEC-F,0.0,0.0,0.0,,,0,0,0,0,0,0,7,2026-02-04 16:17:38.687097
NG,2.13,2.11,2.15,800000.0,800000.0,0,0,0,0,0,0,8,2026-02-04 16:17:39.729198
ELEC-day2,0.0,20.0,20.01,250.0,250.0,0,0,0,0,0,0,8,2026-02-04 16:17:39.729198
ELEC-day3,0.0,0.0,0.0,,,0,0,0,0,0,0,8,2026-02-04 16:17:39.729198
ELEC-day4,0.0,0.0,0.0,,,0,0,0,0,0,0,8,2026-02-04 16:17:39.729198
ELEC-day5,0.0,0.0,0.0,,,0,0,0,0,0,0,8,2026-02-04 16:17:39.729198
ELEC-day6,0.0,0.0,0.0,,,0,0,0,0,0,0,8,2026-02-04 16:17:39.729198
ELEC-F,0.0,0.0,0.0,,,0,0,0,0,0,0,8,2026-02-04 16:17:39.729198
NG,2.12,2.1,2.14,800000.0,800000.0,0,0,0,0,0,0,9,2026-02-04 16:17:40.771861
ELEC-day2,0.0,20.0,20.01,250.0,250.0,0,0,0,0,0,0,9,2026-02-04 16:17:40.771861
ELEC-day3,0.0,0.0,0.0,,,0,0,0,0,0,0,9,2026-02-04 16:17:40.771861
ELEC-day4,0.0,0.0,0.0,,,0,0,0,0,0,0,9,2026-02-04 16:17:40.771861
ELEC-day5,0.0,0.0,0.0,,,0,0,0,0,0,0,9,2026-02-04 16:17:40.771861
ELEC-day6,0.0,0.0,0.0,,,0,0,0,0,0,0,9,2026-02-04 16:17:40.771861
ELEC-F,0.0,0.0,0.0,,,0,0,0,0,0,0,9,2026-02-04 16:17:40.771861
NG,2.13,2.11,2.15,800000.0,800000.0,0,0,0,0,0,0,10,2026-02-04 16:17:41.818183
ELEC-day2,0.0,20.0,20.01,250.0,250.0,0,0,0,0,0,0,10,2026-02-04 16:17:41.818183
ELEC-day3,0.0,0.0,0.0,,,0,0,0,0,0,0,10,2026-02-04 16:17:41.818183
ELEC-day4,0.0,0.0,0.0,,,0,0,0,0,0,0,10,2026-02-04 16:17:41.818183
ELEC-day5,0.0,0.0,0.0,,,0,0,0,0,0,0,10,2026-02-04 16:17:41.818183
ELEC-day6,0.0,0.0,0.0,,,0,0,0,0,0,0,10,2026-02-04 16:17:41.818183
ELEC-F,0.0,0.0,0.0,,,0,0,0,0,0,0,10,2026-02-04 16:17:41.818183
NG,2.14,2.12,2.16,800000.0,800000.0,0,0,0,0,0,0,11,2026-02-04 16:17:42.921107
ELEC-day2,0.0,20.0,20.01,250.0,250.0,0,0,0,0,0,0,11,2026-02-04 16:17:42.921107
ELEC-day3,0.0,0.0,0.0,,,0,0,0,0,0,0,11,2026-02-04 16:17:42.921107
ELEC-day4,0.0,0.0,0.0,,,0,0,0,0,0,0,11,2026-02-04 16:17:42.921107
ELEC-day5,0.0,0.0,0.0,,,0,0,0,0,0,0,11,2026-02-04 16:17:42.921107
ELEC-day6,0.0,0.0,0.0,,,0,0,0,0,0,0,11,2026-02-04 16:17:42.921107
ELEC-F,0.0,0.0,0.0,,,0,0,0,0,0,0,11,2026-02-04 16:17:42.921107
NG,2.14,2.12,2.16,800000.0,800000.0,0,0,0,0,0,0,12,2026-02-04 16:17:43.453579
ELEC-day2,0.0,20.0,20.01,250.0,250.0,0,0,0,0,0,0,12,2026-02-04 16:17:43.453579
ELEC-day3,0.0,0.0,0.0,,,0,0,0,0,0,0,12,2026-02-04 16:17:43.453579
ELEC-day4,0.0,0.0,0.0,,,0,0,0,0,0,0,12,2026-02-04 16:17:43.453579
ELEC-day5,0.0,0.0,0.0,,,0,0,0,0,0,0,12,2026-02-04 16:17:43.453579
ELEC-day6,0.0,0.0,0.0,,,0,0,0,0,0,0,12,2026-02-04 16:17:43.453579
ELEC-F,0.0,0.0,0.0,,,0,0,0,0,0,0,12,2026-02-04 16:17:43.453579
NG,2.13,2.11,2.15,800000.0,800000.0,0,0,0,0,0,0,13,2026-02-04 16:17:44.545024
ELEC-day2,0.0,20.0,20.01,250.0,250.0,0,0,0,0,0,0,13,2026-02-04 16:17:44.545024
ELEC-day3,0.0,0.0,0.0,,,0,0,0,0,0,0,13,2026-02-04 16:17:44.545024
ELEC-day4,0.0,0.0,0.0,,,0,0,0,0,0,0,13,2026-02-04 16:17:44.545024
ELEC-day5,0.0,0.0,0.0,,,0,0,0,0,0,0,13,2026-02-04 16:17:44.545024
ELEC-day6,0.0,0.0,0.0,,,0,0,0,0,0,0,13,2026-02-04 16:17:44.545024
ELEC-F,0.0,0.0,0.0,,,0,0,0,0,0,0,13,2026-02-04 16:17:44.545024
NG,2.14,2.12,2.16,800000.0,800000.0,0,0,0,0,0,0,14,2026-02-04 16:17:45.583226
ELEC-day2,0.0,20.0,20.01,250.0,250.0,0,0,0,0,0,0,14,2026-02-04 16:17:45.583226
ELEC-day3,0.0,0.0,0.0,,,0,0,0,0,0,0,14,2026-02-04 16:17:45.583226
ELEC-day4,0.0,0.0,0.0,,,0,0,0,0,0,0,14,2026-02-04 16:17:45.583226
ELEC-day5,0.0,0.0,0.0,,,0,0,0,0,0,0,14,2026-02-04 16:17:45.583226
ELEC-day6,0.0,0.0,0.0,,,0,0,0,0,0,0,14,2026-02-04 16:17:45.583226
ELEC-F,0.0,0.0,0.0,,,0,0,0,0,0,0,14,2026-02-04 16:17:45.583226
NG,2.14,2.12,2.16,800000.0,800000.0,0,0,0,0,0,0,15,2026-02-04 16:17:46.617797
ELEC-day2,0.0,20.0,20.01,250.0,250.0,0,0,0,0,0,0,15,2026-02-04 16:17:46.617797
ELEC-day3,0.0,0.0,0.0,,,0,0,0,0,0,0,15,2026-02-04 16:17:46.617797
ELEC-day4,0.0,0.0,0.0,,,0,0,0,0,0,0,15,2026-02-04 16:17:46.617797
ELEC-day5,0.0,0.0,0.0,,,0,0,0,0,0,0,15,2026-02-04 16:17:46.617797
ELEC-day6,0.0,0.0,0.0,,,0,0,0,0,0,0,15,2026-02-04 16:17:46.617797
ELEC-F,0.0,0.0,0.0,,,0,0,0,0,0,0,15,2026-02-04 16:17:46.617797
NG,2.14,2.12,2.16,800000.0,800000.0,0,0,0,0,0,0,16,2026-02-04 16:17:47.654091
ELEC-day2,0.0,20.0,20.01,250.0,250.0,0,0,0,0,0,0,16,2026-02-04 16:17:47.654091
ELEC-day3,0.0,0.0,0.0,,,0,0,0,0,0,0,16,2026-02-04 16:17:47.654091
ELEC-day4,0.0,0.0,0.0,,,0,0,0,0,0,0,16,2026-02-04 16:17:47.654091
ELEC-day5,0.0,0.0,0.0,,,0,0,0,0,0,0,16,2026-02-04 16:17:47.654091
ELEC-day6,0.0,0.0,0.0,,,0,0,0,0,0,0,16,2026-02-04 16:17:47.654091
ELEC-F,0.0,0.0,0.0,,,0,0,0,0,0,0,16,2026-02-04 16:17:47.654091
NG,2.13,2.11,2.15,800000.0,800000.0,0,0,0,0,0,0,17,2026-02-04 16:17:48.691106
ELEC-day2,0.0,20.0,20.01,250.0,250.0,0,0,0,0,0,0,17,2026-02-04 16:17:48.691106
ELEC-day3,0.0,0.0,0.0,,,0,0,0,0,0,0,17,2026-02-04 16:17:48.691106
ELEC-day4,0.0,0.0,0.0,,,0,0,0,0,0,0,17,2026-02-04 16:17:48.691106
ELEC-day5,0.0,0.0,0.0,,,0,0,0,0,0,0,17,2026-02-04 16:17:48.691106
ELEC-day6,0.0,0.0,0.0,,,0,0,0,0,0,0,17,2026-02-04 16:17:48.691106
ELEC-F,0.0,0.0,0.0,,,0,0,0,0,0,0,17,2026-02-04 16:17:48.691106
NG,2.13,2.11,2.15,800000.0,800000.0,0,0,0,0,0,0,18,2026-02-04 16:17:49.721325
ELEC-day2,0.0,20.0,20.01,250.0,250.0,0,0,0,0,0,0,18,2026-02-04 16:17:49.721325
ELEC-day3,0.0,0.0,0.0,,,0,0,0,0,0,0,18,2026-02-04 16:17:49.721325
ELEC-day4,0.0,0.0,0.0,,,0,0,0,0,0,0,18,2026-02-04 16:17:49.721325
ELEC-day5,0.0,0.0,0.0,,,0,0,0,0,0,0,18,2026-02-04 16:17:49.721325
ELEC-day6,0.0,0.0,0.0,,,0,0,0,0,0,0,18,2026-02-04 16:17:49.721325
ELEC-F,0.0,0.0,0.0,,,0,0,0,0,0,0,18,2026-02-04 16:17:49.721325
NG,2.13,2.11,2.15,800000.0,800000.0,0,0,0,0,0,0,19,2026-02-04 16:17:50.759819
ELEC-day2,0.0,20.0,20.01,250.0,250.0,0,0,0,0,0,0,19,2026-02-04 16:17:50.759819
ELEC-day3,0.0,0.0,0.0,,,0,0,0,0,0,0,19,2026-02-04 16:17:50.759819
ELEC-day4,0.0,0.0,0.0,,,0,0,0,0,0,0,19,2026-02-04 16:17:50.759819
ELEC-day5,0.0,0.0,0.0,,,0,0,0,0,0,0,19,2026-02-04 16:17:50.759819
ELEC-day6,0.0,0.0,0.0,,,0,0,0,0,0,0,19,2026-02-04 16:17:50.759819
ELEC-F,0.0,0.0,0.0,,,0,0,0,0,0,0,19,2026-02-04 16:17:50.759819
NG,2.13,2.11,2.15,800000.0,800000.0,0,0,0,0,0,0,20,2026-02-04 16:17:51.803244
ELEC-day2,0.0,20.0,20.01,250.0,250.0,0,0,0,0,0,0,20,2026-02-04 16:17:51.803244
ELEC-day3,0.0,0.0,0.0,,,0,0,0,0,0,0,20,2026-02-04 16:17:51.803244
ELEC-day4,0.0,0.0,0.0,,,0,0,0,0,0,0,20,2026-02-04 16:17:51.803244
ELEC-day5,0.0,0.0,0.0,,,0,0,0,0,0,0,20,2026-02-04 16:17:51.803244
ELEC-day6,0.0,0.0,0.0,,,0,0,0,0,0,0,20,2026-02-04 16:17:51.803244
ELEC-F,0.0,0.0,0.0,,,0,0,0,0,0,0,20,2026-02-04 16:17:51.803244
NG,2.13,2.11,2.15,800000.0,800000.0,0,0,0,0,0,0,21,2026-02-04 16:17:52.845476
ELEC-day2,0.0,20.0,20.01,250.0,250.0,0,0,0,0,0,0,21,2026-02-04 16:17:52.845476
ELEC-day3,0.0,0.0,0.0,,,0,0,0,0,0,0,21,2026-02-04 16:17:52.845476
ELEC-day4,0.0,0.0,0.0,,,0,0,0,0,0,0,21,2026-02-04 16:17:52.845476
ELEC-day5,0.0,0.0,0.0,,,0,0,0,0,0,0,21,2026-02-04 16:17:52.845476
ELEC-day6,0.0,0.0,0.0,,,0,0,0,0,0,0,21,2026-02-04 16:17:52.845476
ELEC-F,0.0,0.0,0.0,,,0,0,0,0,0,0,21,2026-02-04 16:17:52.845476
NG,2.13,2.11,2.15,800000.0,800000.0,0,0,0,0,0,0,22,2026-02-04 16:17:53.893723
ELEC-day2,20.01,20.0,20.01,250.0,250.0,0,0,0,0,0,0,22,2026-02-04 16:17:53.893723
ELEC-day3,0.0,0.0,0.0,,,0,0,0,0,0,0,22,2026-02-04 16:17:53.893723
ELEC-day4,0.0,0.0,0.0,,,0,0,0,0,0,0,22,2026-02-04 16:17:53.893723
ELEC-day5,0.0,0.0,0.0,,,0,0,0,0,0,0,22,2026-02-04 16:17:53.893723
ELEC-day6,0.0,0.0,0.0,,,0,0,0,0,0,0,22,2026-02-04 16:17:53.893723
ELEC-F,0.0,0.0,0.0,,,0,0,0,0,0,0,22,2026-02-04 16:17:53.893723
NG,2.12,2.1,2.14,800000.0,800000.0,0,0,0,0,0,0,23,2026-02-04 16:17:55.016844
ELEC-day2,20.01,20.0,20.01,250.0,250.0,0,0,0,0,0,0,23,2026-02-04 16:17:55.016844
ELEC-day3,0.0,0.0,0.0,,,0,0,0,0,0,0,23,2026-02-04 16:17:55.016844
ELEC-day4,0.0,0.0,0.0,,,0,0,0,0,0,0,23,2026-02-04 16:17:55.016844
ELEC-day5,0.0,0.0,0.0,,,0,0,0,0,0,0,23,2026-02-04 16:17:55.016844
ELEC-day6,0.0,0.0,0.0,,,0,0,0,0,0,0,23,2026-02-04 16:17:55.016844
ELEC-F,0.0,0.0,0.0,,,0,0,0,0,0,0,23,2026-02-04 16:17:55.016844
NG,2.11,2.09,2.13,800000.0,800000.0,0,0,0,0,0,0,24,2026-02-04 16:17:55.559523
ELEC-day2,20.01,20.0,20.01,250.0,250.0,0,0,0,0,0,0,24,2026-02-04 16:17:55.559523
ELEC-day3,0.0,0.0,0.0,,,0,0,0,0,0,0,24,2026-02-04 16:17:55.559523
ELEC-day4,0.0,0.0,0.0,,,0,0,0,0,0,0,24,2026-02-04 16:17:55.559523
ELEC-day5,0.0,0.0,0.0,,,0,0,0,0,0,0,24,2026-02-04 16:17:55.559523
ELEC-day6,0.0,0.0,0.0,,,0,0,0,0,0,0,24,2026-02-04 16:17:55.559523
ELEC-F,0.0,0.0,0.0,,,0,0,0,0,0,0,24,2026-02-04 16:17:55.559523
NG,2.11,2.09,2.13,800000.0,800000.0,0,0,0,0,0,0,25,2026-02-04 16:17:56.658991
ELEC-day2,20.01,20.0,20.01,250.0,250.0,0,0,0,0,0,0,25,2026-02-04 16:17:56.658991
ELEC-day3,0.0,0.0,0.0,,,0,0,0,0,0,0,25,2026-02-04 16:17:56.658991
ELEC-day4,0.0,0.0,0.0,,,0,0,0,0,0,0,25,2026-02-04 16:17:56.658991
ELEC-day5,0.0,0.0,0.0,,,0,0,0,0,0,0,25,2026-02-04 16:17:56.658991
ELEC-day6,0.0,0.0,0.0,,,0,0,0,0,0,0,25,2026-02-04 16:17:56.658991
ELEC-F,0.0,0.0,0.0,,,0,0,0,0,0,0,25,2026-02-04 16:17:56.658991
NG,2.1,2.08,2.12,800000.0,800000.0,0,0,0,0,0,0,26,2026-02-04 16:17:57.695924
ELEC-day2,20.01,20.0,20.01,250.0,250.0,0,0,0,0,0,0,26,2026-02-04 16:17:57.695924
ELEC-day3,0.0,0.0,0.0,,,0,0,0,0,0,0,26,2026-02-04 16:17:57.695924
ELEC-day4,0.0,0.0,0.0,,,0,0,0,0,0,0,26,2026-02-04 16:17:57.695924
ELEC-day5,0.0,0.0,0.0,,,0,0,0,0,0,0,26,2026-02-04 16:17:57.695924
