news_id,period,tick,ticker,headline,body,tick,timestamp,ticker,last_price,bid_price,ask_price,BUY_ANON,SELL_ANON,SELL_GIOT-P,BUY_LUIS-T2,BUY_BOST-D,BUY_LUIS-T1,BUY_GIOT-P,SELL_LUIS-T2,SELL_CHUL-P,SELL_LUIS-T1
3.0,1.0,1.0,,You are logged in as a DISTRIBUTOR,,1,2026-02-01 12:45:48.558544,NG,2.2,0.0,0.0,800000.0,800000.0,0,0,0,0,0,0,0,0
2.0,1.0,1.0,,FINES,"The fine for open positions of ELEC-dayX at the end of the day is $20,000/contract.",1,2026-02-01 12:45:48.558544,ELEC-day2,0.0,0.0,0.0,,,0,0,0,0,0,0,0,0
1.0,1.0,1.0,,Welcome to the RITC2026 GBE Energy Electricity Trading Case - practice server,,1,2026-02-01 12:45:48.558544,ELEC-day3,0.0,0.0,0.0,,,0,0,0,0,0,0,0,0
,,,,,,1,2026-02-01 12:45:48.558544,ELEC-day4,0.0,0.0,0.0,,,0,0,0,0,0,0,0,0
,,,,,,1,2026-02-01 12:45:48.558544,ELEC-day5,0.0,0.0,0.0,,,0,0,0,0,0,0,0,0
,,,,,,1,2026-02-01 12:45:48.558544,ELEC-day6,0.0,0.0,0.0,,,0,0,0,0,0,0,0,0
,,,,,,1,2026-02-01 12:45:48.558544,ELEC-F,0.0,0.0,0.0,,,0,0,0,0,0,0,0,0
4.0,1.0,1.0,,TEMPERATURE Forecast for DAY 2,The average temperature tomorrow is forecasted to be between 17 and 27 degrees Celsius.,2,2026-02-01 12:45:49.591622,NG,2.21,2.19,2.23,800000.0,800000.0,0,0,0,0,0,0,0,0
3.0,1.0,1.0,,You are logged in as a DISTRIBUTOR,,2,2026-02-01 12:45:49.591622,ELEC-day2,0.0,0.0,0.0,,,0,0,0,0,0,0,0,0
2.0,1.0,1.0,,FINES,"The fine for open positions of ELEC-dayX at the end of the day is $20,000/contract.",2,2026-02-01 12:45:49.591622,ELEC-day3,0.0,0.0,0.0,,,0,0,0,0,0,0,0,0
1.0,1.0,1.0,,Welcome to the RITC2026 GBE Energy Electricity Trading Case - practice server,,2,2026-02-01 12:45:49.591622,ELEC-day4,0.0,0.0,0.0,,,0,0,0,0,0,0,0,0
,,,,,,2,2026-02-01 12:45:49.591622,ELEC-day5,0.0,0.0,0.0,,,0,0,0,0,0,0,0,0
,,,,,,2,2026-02-01 12:45:49.591622,ELEC-day6,0.0,0.0,0.0,,,0,0,0,0,0,0,0,0
,,,,,,2,2026-02-01 12:45:49.591622,ELEC-F,0.0,0.0,0.0,,,0,0,0,0,0,0,0,0
4.0,1.0,1.0,,TEMPERATURE Forecast for DAY 2,The average temperature tomorrow is forecasted to be between 17 and 27 degrees Celsius.,3,2026-02-01 12:45:50.628663,NG,2.2,2.18,2.22,800000.0,800000.0,0,0,0,0,0,0,0,0
3.0,1.0,1.0,,You are logged in as a DISTRIBUTOR,,3,2026-02-01 12:45:50.628663,ELEC-day2,0.0,0.0,0.0,,,0,0,0,0,0,0,0,0
2.0,1.0,1.0,,FINES,"The fine for open positions of ELEC-dayX at the end of the day is $20,000/contract.",3,2026-02-01 12:45:50.628663,ELEC-day3,0.0,0.0,0.0,,,0,0,0,0,0,0,0,0
1.0,1.0,1.0,,Welcome to the RITC2026 GBE Energy Electricity Trading Case - practice server,,3,2026-02-01 12:45:50.628663,ELEC-day4,0.0,0.0,0.0,,,0,0,0,0,0,0,0,0
,,,,,,3,2026-02-01 12:45:50.628663,ELEC-day5,0.0,0.0,0.0,,,0,0,0,0,0,0,0,0
,,,,,,3,2026-02-01 12:45:50.628663,ELEC-day6,0.0,0.0,0.0,,,0,0,0,0,0,0,0,0
,,,,,,3,2026-02-01 12:45:50.628663,ELEC-F,0.0,0.0,0.0,,,0,0,0,0,0,0,0,0
4.0,1.0,1.0,,TEMPERATURE Forecast for DAY 2,The average temperature tomorrow is forecasted to be between 17 and 27 degrees Celsius.,4,2026-02-01 12:45:51.658273,NG,2.2,2.18,2.22,800000.0,800000.0,0,0,0,0,0,0,0,0
3.0,1.0,1.0,,You are logged in as a DISTRIBUTOR,,4,2026-02-01 12:45:51.658273,ELEC-day2,0.0,0.0,0.0,,,0,0,0,0,0,0,0,0
2.0,1.0,1.0,,FINES,"The fine for open positions of ELEC-dayX at the end of the day is $20,000/contract.",4,2026-02-01 12:45:51.658273,ELEC-day3,0.0,0.0,0.0,,,0,0,0,0,0,0,0,0
1.0,1.0,1.0,,Welcome to the RITC2026 GBE Energy Electricity Trading Case - practice server,,4,2026-02-01 12:45:51.658273,ELEC-day4,0.0,0.0,0.0,,,0,0,0,0,0,0,0,0
,,,,,,4,2026-02-01 12:45:51.658273,ELEC-day5,0.0,0.0,0.0,,,0,0,0,0,0,0,0,0
,,,,,,4,2026-02-01 12:45:51.658273,ELEC-day6,0.0,0.0,0.0,,,0,0,0,0,0,0,0,0
,,,,,,4,2026-02-01 12:45:51.658273,ELEC-F,0.0,0.0,0.0,,,0,0,0,0,0,0,0,0
4.0,1.0,1.0,,TEMPERATURE Forecast for DAY 2,The average temperature tomorrow is forecasted to be between 17 and 27 degrees Celsius.,6,2026-02-01 12:45:52.717389,NG,2.2,2.18,2.22,800000.0,800000.0,0,0,0,0,0,0,0,0
3.0,1.0,1.0,,You are logged in as a DISTRIBUTOR,,6,2026-02-01 12:45:52.717389,ELEC-day2,0.0,0.0,0.0,,,0,0,0,0,0,0,0,0
2.0,1.0,1.0,,FINES,"The fine for open positions of ELEC-dayX at the end of the day is $20,000/contract.",6,2026-02-01 12:45:52.717389,ELEC-day3,0.0,0.0,0.0,,,0,0,0,0,0,0,0,0
1.0,1.0,1.0,,Welcome to the RITC2026 GBE Energy Electricity Trading Case - practice server,,6,2026-02-01 12:45:52.717389,ELEC-day4,0.0,0.0,0.0,,,0,0,0,0,0,0,0,0
,,,,,,6,2026-02-01 12:45:52.717389,ELEC-day5,0.0,0.0,0.0,,,0,0,0,0,0,0,0,0
,,,,,,6,2026-02-01 12:45:52.717389,ELEC-day6,0.0,0.0,0.0,,,0,0,0,0,0,0,0,0
,,,,,,6,2026-02-01 12:45:52.717389,ELEC-F,0.0,0.0,0.0,,,0,0,0,0,0,0,0,0
4.0,1.0,1.0,,TEMPERATURE Forecast for DAY 2,The average temperature tomorrow is forecasted to be between 17 and 27 degrees Celsius.,7,2026-02-01 12:45:53.741700,NG,2.19,2.17,2.21,800000.0,800000.0,0,0,0,0,0,0,0,0
3.0,1.0,1.0,,You are logged in as a DISTRIBUTOR,,7,2026-02-01 12:45:53.741700,ELEC-day2,0.0,0.0,0.0,,,0,0,0,0,0,0,0,0
2.0,1.0,1.0,,FINES,"The fine for open positions of ELEC-dayX at the end of the day is $20,000/contract.",7,2026-02-01 12:45:53.741700,ELEC-day3,0.0,0.0,0.0,,,0,0,0,0,0,0,0,0
1.0,1.0,1.0,,Welcome to the RITC2026 GBE Energy Electricity Trading Case - practice server,,7,2026-02-01 12:45:53.741700,ELEC-day4,0.0,0.0,0.0,,,0,0,0,0,0,0,0,0
,,,,,,7,2026-02-01 12:45:53.741700,ELEC-day5,0.0,0.0,0.0,,,0,0,0,0,0,0,0,0
,,,,,,7,2026-02-01 12:45:53.741700,ELEC-day6,0.0,0.0,0.0,,,0,0,0,0,0,0,0,0
,,,,,,7,2026-02-01 12:45:53.741700,ELEC-F,0.0,0.0,0.0,,,0,0,0,0,0,0,0,0
4.0,1.0,1.0,,TEMPERATURE Forecast for DAY 2,The average temperature tomorrow is forecasted to be between 17 and 27 degrees Celsius.,8,2026-02-01 12:45:54.774350,NG,2.19,2.17,2.21,800000.0,800000.0,0,0,0,0,0,0,0,0
3.0,1.0,1.0,,You are logged in as a DISTRIBUTOR,,8,2026-02-01 12:45:54.774350,ELEC-day2,0.0,0.0,0.0,,,0,0,0,0,0,0,0,0
2.0,1.0,1.0,,FINES,"The fine for open positions of ELEC-dayX at the end of the day is $20,000/contract.",8,2026-02-01 12:45:54.774350,ELEC-day3,0.0,0.0,0.0,,,0,0,0,0,0,0,0,0
1.0,1.0,1.0,,Welcome to the RITC2026 GBE Energy Electricity Trading Case - practice server,,8,2026-02-01 12:45:54.774350,ELEC-day4,0.0,0.0,0.0,,,0,0,0,0,0,0,0,0
,,,,,,8,2026-02-01 12:45:54.774350,ELEC-day5,0.0,0.0,0.0,,,0,0,0,0,0,0,0,0
,,,,,,8,2026-02-01 12:45:54.774350,ELEC-day6,0.0,0.0,0.0,,,0,0,0,0,0,0,0,0
,,,,,,8,2026-02-01 12:45:54.774350,ELEC-F,0.0,0.0,0.0,,,0,0,0,0,0,0,0,0
4.0,1.0,1.0,,TEMPERATURE Forecast for DAY 2,The average temperature tomorrow is forecasted to be between 17 and 27 degrees Celsius.,9,2026-02-01 12:45:55.795076,NG,2.19,2.17,2.21,800000.0,800000.0,0,0,0,0,0,0,0,0
3.0,1.0,1.0,,You are logged in as a DISTRIBUTOR,,9,2026-02-01 12:45:55.795076,ELEC-day2,0.0,0.0,0.0,,,0,0,0,0,0,0,0,0
2.0,1.0,1.0,,FINES,"The fine for open positions of ELEC-dayX at the end of the day is $20,000/contract.",9,2026-02-01 12:45:55.795076,ELEC-day3,0.0,0.0,0.0,,,0,0,0,0,0,0,0,0
1.0,1.0,1.0,,Welcome to the RITC2026 GBE Energy Electricity Trading Case - practice server,,9,2026-02-01 12:45:55.795076,ELEC-day4,0.0,0.0,0.0,,,0,0,0,0,0,0,0,0
,,,,,,9,2026-02-01 12:45:55.795076,ELEC-day5,0.0,0.0,0.0,,,0,0,0,0,0,0,0,0
,,,,,,9,2026-02-01 12:45:55.795076,ELEC-day6,0.0,0.0,0.0,,,0,0,0,0,0,0,0,0
,,,,,,9,2026-02-01 12:45:55.795076,ELEC-F,0.0,0.0,0.0,,,0,0,0,0,0,0,0,0
4.0,1.0,1.0,,TEMPERATURE Forecast for DAY 2,The average temperature tomorrow is forecasted to be between 17 and 27 degrees Celsius.,10,2026-02-01 12:45:56.827591,NG,2.18,2.16,2.2,800000.0,800000.0,0,0,0,0,0,0,0,0
3.0,1.0,1.0,,You are logged in as a DISTRIBUTOR,,10,2026-02-01 12:45:56.827591,ELEC-day2,0.0,0.0,0.0,,,0,0,0,0,0,0,0,0
2.0,1.0,1.0,,FINES,"The fine for open positions of ELEC-dayX at the end of the day is $20,000/contract.",10,2026-02-01 12:45:56.827591,ELEC-day3,0.0,0.0,0.0,,,0,0,0,0,0,0,0,0
1.0,1.0,1.0,,Welcome to the RITC2026 GBE Energy Electricity Trading Case - practice server,,10,2026-02-01 12:45:56.827591,ELEC-day4,0.0,0.0,0.0,,,0,0,0,0,0,0,0,0
,,,,,,10,2026-02-01 12:45:56.827591,ELEC-day5,0.0,0.0,0.0,,,0,0,0,0,0,0,0,0
,,,,,,10,2026-02-01 12:45:56.827591,ELEC-day6,0.0,0.0,0.0,,,0,0,0,0,0,0,0,0
,,,,,,10,2026-02-01 12:45:56.827591,ELEC-F,0.0,0.0,0.0,,,0,0,0,0,0,0,0,0
4.0,1.0,1.0,,TEMPERATURE Forecast for DAY 2,The average temperature tomorrow is forecasted to be between 17 and 27 degrees Celsius.,11,2026-02-01 12:45:57.861273,NG,2.18,2.16,2.2,800000.0,800000.0,0,0,0,0,0,0,0,0
3.0,1.0,1.0,,You are logged in as a DISTRIBUTOR,,11,2026-02-01 12:45:57.861273,ELEC-day2,0.0,0.0,0.0,,,0,0,0,0,0,0,0,0
2.0,1.0,1.0,,FINES,"The fine for open positions of ELEC-dayX at the end of the day is $20,000/contract.",11,2026-02-01 12:45:57.861273,ELEC-day3,0.0,0.0,0.0,,,0,0,0,0,0,0,0,0
1.0,1.0,1.0,,Welcome to the RITC2026 GBE Energy Electricity Trading Case - practice server,,11,2026-02-01 12:45:57.861273,ELEC-day4,0.0,0.0,0.0,,,0,0,0,0,0,0,0,0
,,,,,,11,2026-02-01 12:45:57.861273,ELEC-day5,0.0,0.0,0.0,,,0,0,0,0,0,0,0,0
,,,,,,11,2026-02-01 12:45:57.861273,ELEC-day6,0.0,0.0,0.0,,,0,0,0,0,0,0,0,0
,,,,,,11,2026-02-01 12:45:57.861273,ELEC-F,0.0,0.0,0.0,,,0,0,0,0,0,0,0,0
4.0,1.0,1.0,,TEMPERATURE Forecast for DAY 2,The average temperature tomorrow is forecasted to be between 17 and 27 degrees Celsius.,12,2026-02-01 12:45:58.891098,NG,2.17,2.15,2.19,800000.0,800000.0,0,0,0,0,0,0,0,0
3.0,1.0,1.0,,You are logged in as a DISTRIBUTOR,,12,2026-02-01 12:45:58.891098,ELEC-day2,0.0,0.0,0.0,,,0,0,0,0,0,0,0,0
2.0,1.0,1.0,,FINES,"The fine for open positions of ELEC-dayX at the end of the day is $20,000/contract.",12,2026-02-01 12:45:58.891098,ELEC-day3,0.0,0.0,0.0,,,0,0,0,0,0,0,0,0
1.0,1.0,1.0,,Welcome to the RITC2026 GBE Energy Electricity Trading Case - practice server,,12,2026-02-01 12:45:58.891098,ELEC-day4,0.0,0.0,0.0,,,0,0,0,0,0,0,0,0
,,,,,,12,2026-02-01 12:45:58.891098,ELEC-day5,0.0,0.0,0.0,,,0,0,0,0,0,0,0,0
,,,,,,12,2026-02-01 12:45:58.891098,ELEC-day6,0.0,0.0,0.0,,,0,0,0,0,0,0,0,0
,,,,,,12,2026-02-01 12:45:58.891098,ELEC-F,0.0,0.0,0.0,,,0,0,0,0,0,0,0,0
4.0,1.0,1.0,,TEMPERATURE Forecast for DAY 2,The average temperature tomorrow is forecasted to be between 17 and 27 degrees Celsius.,13,2026-02-01 12:45:59.926947,NG,2.17,2.15,2.19,800000.0,800000.0,0,0,0,0,0,0,0,0
3.0,1.0,1.0,,You are logged in as a DISTRIBUTOR,,13,2026-02-01 12:45:59.926947,ELEC-day2,0.0,0.0,0.0,,,0,0,0,0,0,0,0,0
2.0,1.0,1.0,,FINES,"The fine for open positions of ELEC-dayX at the end of the day is $20,000/contract.",13,2026-02-01 12:45:59.926947,ELEC-day3,0.0,0.0,0.0,,,0,0,0,0,0,0,0,0
1.0,1.0,1.0,,Welcome to the RITC2026 GBE Energy Electricity Trading Case - practice server,,13,2026-02-01 12:45:59.926947,ELEC-day4,0.0,0.0,0.0,,,0,0,0,0,0,0,0,0
,,,,,,13,2026-02-01 12:45:59.926947,ELEC-day5,0.0,0.0,0.0,,,0,0,0,0,0,0,0,0
,,,,,,13,2026-02-01 12:45:59.926947,ELEC-day6,0.0,0.0,0.0,,,0,0,0,0,0,0,0,0
,,,,,,13,2026-02-01 12:45:59.926947,ELEC-F,0.0,0.0,0.0,,,0,0,0,0,0,0,0,0
4.0,1.0,1.0,,TEMPERATURE Forecast for DAY 2,The average temperature tomorrow is forecasted to be between 17 and 27 degrees Celsius.,14,2026-02-01 12:46:00.957737,NG,2.17,2.15,2.19,800000.0,800000.0,0,0,0,0,0,0,0,0
3.0,1.0,1.0,,You are logged in as a DISTRIBUTOR,,14,2026-02-01 12:46:00.957737,ELEC-day2,0.0,0.0,0.0,,,0,0,0,0,0,0,0,0
2.0,1.0,1.0,,FINES,"The fine for open positions of ELEC-dayX at the end of the day is $20,000/contract.",14,2026-02-01 12:46:00.957737,ELEC-day3,0.0,0.0,0.0,,,0,0,0,0,0,0,0,0
1.0,1.0,1.0,,Welcome to the RITC2026 GBE Energy Electricity Trading Case - practice server,,14,2026-02-01 12:46:00.957737,ELEC-day4,0.0,0.0,0.0,,,0,0,0,0,0,0,0,0
,,,,,,14,2026-02-01 12:46:00.957737,ELEC-day5,0.0,0.0,0.0,,,0,0,0,0,0,0,0,0
,,,,,,14,2026-02-01 12:46:00.957737,ELEC-day6,0.0,0.0,0.0,,,0,0,0,0,0,0,0,0
,,,,,,14,2026-02-01 12:46:00.957737,ELEC-F,0.0,0.0,0.0,,,0,0,0,0,0,0,0,0
4.0,1.0,1.0,,TEMPERATURE Forecast for DAY 2,The average temperature tomorrow is forecasted to be between 17 and 27 degrees Celsius.,15,2026-02-01 12:46:01.990942,NG,2.17,2.15,2.19,800000.0,800000.0,0,0,0,0,0,0,0,0
3.0,1.0,1.0,,You are logged in as a DISTRIBUTOR,,15,2026-02-01 12:46:01.990942,ELEC-day2,0.0,0.0,0.0,,,0,0,0,0,0,0,0,0
2.0,1.0,1.0,,FINES,"The fine for open positions of ELEC-dayX at the end of the day is $20,000/contract.",15,2026-02-01 12:46:01.990942,ELEC-day3,0.0,0.0,0.0,,,0,0,0,0,0,0,0,0
1.0,1.0,1.0,,Welcome to the RITC2026 GBE Energy Electricity Trading Case - practice server,,15,2026-02-01 12:46:01.990942,ELEC-day4,0.0,0.0,0.0,,,0,0,0,0,0,0,0,0
,,,,,,15,2026-02-01 12:46:01.990942,ELEC-day5,0.0,0.0,0.0,,,0,0,0,0,0,0,0,0
,,,,,,15,2026-02-01 12:46:01.990942,ELEC-day6,0.0,0.0,0.0,,,0,0,0,0,0,0,0,0
,,,,,,15,2026-02-01 12:46:01.990942,ELEC-F,0.0,0.0,0.0,,,0,0,0,0,0,0,0,0
4.0,1.0,1.0,,TEMPERATURE Forecast for DAY 2,The average temperature tomorrow is forecasted to be between 17 and 27 degrees Celsius.,16,2026-02-01 12:46:03.023925,NG,2.18,2.16,2.2,800000.0,800000.0,0,0,0,0,0,0,0,0
3.0,1.0,1.0,,You are logged in as a DISTRIBUTOR,,16,2026-02-01 12:46:03.023925,ELEC-day2,0.0,0.0,0.0,,,0,0,0,0,0,0,0,0
2.0,1.0,1.0,,FINES,"The fine for open positions of ELEC-dayX at the end of the day is $20,000/contract.",16,2026-02-01 12:46:03.023925,ELEC-day3,0.0,0.0,0.0,,,0,0,0,0,0,0,0,0
1.0,1.0,1.0,,Welcome to the RITC2026 GBE Energy Electricity Trading Case - practice server,,16,2026-02-01 12:46:03.023925,ELEC-day4,0.0,0.0,0.0,,,0,0,0,0,0,0,0,0
,,,,,,16,2026-02-01 12:46:03.023925,ELEC-day5,0.0,0.0,0.0,,,0,0,0,0,0,0,0,0
,,,,,,16,2026-02-01 12:46:03.023925,ELEC-day6,0.0,0.0,0.0,,,0,0,0,0,0,0,0,0
,,,,,,16,2026-02-01 12:46:03.023925,ELEC-F,0.0,0.0,0.0,,,0,0,0,0,0,0,0,0
4.0,1.0,1.0,,TEMPERATURE Forecast for DAY 2,The average temperature tomorrow is forecasted to be between 17 and 27 degrees Celsius.,17,2026-02-01 12:46:04.057681,NG,2.17,2.15,2.19,800000.0,800000.0,0,0,0,0,0,0,0,0
3.0,1.0,1.0,,You are logged in as a DISTRIBUTOR,,17,2026-02-01 12:46:04.057681,ELEC-day2,0.0,0.0,0.0,,,0,0,0,0,0,0,0,0
2.0,1.0,1.0,,FINES,"The fine for open positions of ELEC-dayX at the end of the day is $20,000/contract.",17,2026-02-01 12:46:04.057681,ELEC-day3,0.0,0.0,0.0,,,0,0,0,0,0,0,0,0
1.0,1.0,1.0,,Welcome to the RITC2026 GBE Energy Electricity Trading Case - practice server,,17,2026-02-01 12:46:04.057681,ELEC-day4,0.0,0.0,0.0,,,0,0,0,0,0,0,0,0
,,,,,,17,2026-02-01 12:46:04.057681,ELEC-day5,0.0,0.0,0.0,,,0,0,0,0,0,0,0,0
,,,,,,17,2026-02-01 12:46:04.057681,ELEC-day6,0.0,0.0,0.0,,,0,0,0,0,0,0,0,0
,,,,,,17,2026-02-01 12:46:04.057681,ELEC-F,0.0,0.0,0.0,,,0,0,0,0,0,0,0,0
4.0,1.0,1.0,,TEMPERATURE Forecast for DAY 2,The average temperature tomorrow is forecasted to be between 17 and 27 degrees Celsius.,18,2026-02-01 12:46:05.091214,NG,2.18,2.16,2.2,800000.0,800000.0,0,0,0,0,0,0,0,0
3.0,1.0,1.0,,You are logged in as a DISTRIBUTOR,,18,2026-02-01 12:46:05.091214,ELEC-day2,0.0,0.0,0.0,,,0,0,0,0,0,0,0,0
2.0,1.0,1.0,,FINES,"The fine for open positions of ELEC-dayX at the end of the day is $20,000/contract.",18,2026-02-01 12:46:05.091214,ELEC-day3,0.0,0.0,0.0,,,0,0,0,0,0,0,0,0
1.0,1.0,1.0,,Welcome to the RITC2026 GBE Energy Electricity Trading Case - practice server,,18,2026-02-01 12:46:05.091214,ELEC-day4,0.0,0.0,0.0,,,0,0,0,0,0,0,0,0
,,,,,,18,2026-02-01 12:46:05.091214,ELEC-day5,0.0,0.0,0.0,,,0,0,0,0,0,0,0,0
,,,,,,18,2026-02-01 12:46:05.091214,ELEC-day6,0.0,0.0,0.0,,,0,0,0,0,0,0,0,0
,,,,,,18,2026-02-01 12:46:05.091214,ELEC-F,0.0,0.0,0.0,,,0,0,0,0,0,0,0,0
4.0,1.0,1.0,,TEMPERATURE Forecast for DAY 2,The average temperature tomorrow is forecasted to be between 17 and 27 degrees Celsius.,19,2026-02-01 12:46:06.126589,NG,2.18,2.16,2.2,800000.0,800000.0,0,0,0,0,0,0,0,0
3.0,1.0,1.0,,You are logged in as a DISTRIBUTOR,,19,2026-02-01 12:46:06.126589,ELEC-day2,0.0,0.0,0.0,,,0,0,0,0,0,0,0,0
2.0,1.0,1.0,,FINES,"The fine for open positions of ELEC-dayX at the end of the day is $20,000/contract.",19,2026-02-01 12:46:06.126589,ELEC-day3,0.0,0.0,0.0,,,0,0,0,0,0,0,0,0
1.0,1.0,1.0,,Welcome to the RITC2026 GBE Energy Electricity Trading Case - practice server,,19,2026-02-01 12:46:06.126589,ELEC-day4,0.0,0.0,0.0,,,0,0,0,0,0,0,0,0
,,,,,,19,2026-02-01 12:46:06.126589,ELEC-day5,0.0,0.0,0.0,,,0,0,0,0,0,0,0,0
,,,,,,19,2026-02-01 12:46:06.126589,ELEC-day6,0.0,0.0,0.0,,,0,0,0,0,0,0,0,0
,,,,,,19,2026-02-01 12:46:06.126589,ELEC-F,0.0,0.0,0.0,,,0,0,0,0,0,0,0,0
4.0,1.0,1.0,,TEMPERATURE Forecast for DAY 2,The average temperature tomorrow is forecasted to be between 17 and 27 degrees Celsius.,20,2026-02-01 12:46:07.159447,NG,2.18,2.16,2.2,800000.0,800000.0,0,0,0,0,0,0,0,0
3.0,1.0,1.0,,You are logged in as a DISTRIBUTOR,,20,2026-02-01 12:46:07.159447,ELEC-day2,0.0,0.0,0.0,,,0,0,0,0,0,0,0,0
2.0,1.0,1.0,,FINES,"The fine for open positions of ELEC-dayX at the end of the day is $20,000/contract.",20,2026-02-01 12:46:07.159447,ELEC-day3,0.0,0.0,0.0,,,0,0,0,0,0,0,0,0
1.0,1.0,1.0,,Welcome to the RITC2026 GBE Energy Electricity Trading Case - practice server,,20,2026-02-01 12:46:07.159447,ELEC-day4,0.0,0.0,0.0,,,0,0,0,0,0,0,0,0
,,,,,,20,2026-02-01 12:46:07.159447,ELEC-day5,0.0,0.0,0.0,,,0,0,0,0,0,0,0,0
,,,,,,20,2026-02-01 12:46:07.159447,ELEC-day6,0.0,0.0,0.0,,,0,0,0,0,0,0,0,0
,,,,,,20,2026-02-01 12:46:07.159447,ELEC-F,0.0,0.0,0.0,,,0,0,0,0,0,0,0,0
4.0,1.0,1.0,,TEMPERATURE Forecast for DAY 2,The average temperature tomorrow is forecasted to be between 17 and 27 degrees Celsius.,21,2026-02-01 12:46:08.191356,NG,2.18,2.16,2.2,800000.0,800000.0,0,0,0,0,0,0,0,0
3.0,1.0,1.0,,You are logged in as a DISTRIBUTOR,,21,2026-02-01 12:46:08.191356,ELEC-day2,0.0,0.0,0.0,,,0,0,0,0,0,0,0,0
2.0,1.0,1.0,,FINES,"The fine for open positions of ELEC-dayX at the end of the day is $20,000/contract.",21,2026-02-01 12:46:08.191356,ELEC-day3,0.0,0.0,0.0,,,0,0,0,0,0,0,0,0
1.0,1.0,1.0,,Welcome to the RITC2026 GBE Energy Electricity Trading Case - practice server,,21,2026-02-01 12:46:08.191356,ELEC-day4,0.0,0.0,0.0,,,0,0,0,0,0,0,0,0
,,,,,,21,2026-02-01 12:46:08.191356,ELEC-day5,0.0,0.0,0.0,,,0,0,0,0,0,0,0,0
,,,,,,21,2026-02-01 12:46:08.191356,ELEC-day6,0.0,0.0,0.0,,,0,0,0,0,0,0,0,0
,,,,,,21,2026-02-01 12:46:08.191356,ELEC-F,0.0,0.0,0.0,,,0,0,0,0,0,0,0,0
4.0,1.0,1.0,,TEMPERATURE Forecast for DAY 2,The average temperature tomorrow is forecasted to be between 17 and 27 degrees Celsius.,22,2026-02-01 12:46:09.223481,NG,2.19,2.17,2.21,800000.0,800000.0,0,0,0,0,0,0,0,0
3.0,1.0,1.0,,You are logged in as a DISTRIBUTOR,,22,2026-02-01 12:46:09.223481,ELEC-day2,0.0,0.0,0.0,,,0,0,0,0,0,0,0,0
2.0,1.0,1.0,,FINES,"The fine for open positions of ELEC-dayX at the end of the day is $20,000/contract.",22,2026-02-01 12:46:09.223481,ELEC-day3,0.0,0.0,0.0,,,0,0,0,0,0,0,0,0
1.0,1.0,1.0,,Welcome to the RITC2026 GBE Energy Electricity Trading Case - practice server,,22,2026-02-01 12:46:09.223481,ELEC-day4,0.0,0.0,0.0,,,0,0,0,0,0,0,0,0
,,,,,,22,2026-02-01 12:46:09.223481,ELEC-day5,0.0,0.0,0.0,,,0,0,0,0,0,0,0,0
,,,,,,22,2026-02-01 12:46:09.223481,ELEC-day6,0.0,0.0,0.0,,,0,0,0,0,0,0,0,0
,,,,,,22,2026-02-01 12:46:09.223481,ELEC-F,0.0,0.0,0.0,,,0,0,0,0,0,0,0,0
4.0,1.0,1.0,,TEMPERATURE Forecast for DAY 2,The average temperature tomorrow is forecasted to be between 17 and 27 degrees Celsius.,23,2026-02-01 12:46:10.261634,NG,2.19,2.17,2.21,800000.0,800000.0,0,0,0,0,0,0,0,0
3.0,1.0,1.0,,You are logged in as a DISTRIBUTOR,,23,2026-02-01 12:46:10.261634,ELEC-day2,0.0,0.0,0.0,,,0,0,0,0,0,0,0,0
2.0,1.0,1.0,,FINES,"The fine for open positions of ELEC-dayX at the end of the day is $20,000/contract.",23,2026-02-01 12:46:10.261634,ELEC-day3,0.0,0.0,0.0,,,0,0,0,0,0,0,0,0
1.0,1.0,1.0,,Welcome to the RITC2026 GBE Energy Electricity Trading Case - practice server,,23,2026-02-01 12:46:10.261634,ELEC-day4,0.0,0.0,0.0,,,0,0,0,0,0,0,0,0
,,,,,,23,2026-02-01 12:46:10.261634,ELEC-day5,0.0,0.0,0.0,,,0,0,0,0,0,0,0,0
,,,,,,23,2026-02-01 12:46:10.261634,ELEC-day6,0.0,0.0,0.0,,,0,0,0,0,0,0,0,0
,,,,,,23,2026-02-01 12:46:10.261634,ELEC-F,0.0,0.0,0.0,,,0,0,0,0,0,0,0,0
4.0,1.0,1.0,,TEMPERATURE Forecast for DAY 2,The average temperature tomorrow is forecasted to be between 17 and 27 degrees Celsius.,24,2026-02-01 12:46:11.308298,NG,2.18,2.16,2.2,800000.0,800000.0,0,0,0,0,0,0,0,0
3.0,1.0,1.0,,You are logged in as a DISTRIBUTOR,,24,2026-02-01 12:46:11.308298,ELEC-day2,0.0,0.0,0.0,,,0,0,0,0,0,0,0,0
2.0,1.0,1.0,,FINES,"The fine for open positions of ELEC-dayX at the end of the day is $20,000/contract.",24,2026-02-01 12:46:11.308298,ELEC-day3,0.0,0.0,0.0,,,0,0,0,0,0,0,0,0
1.0,1.0,1.0,,Welcome to the RITC2026 GBE Energy Electricity Trading Case - practice server,,24,2026-02-01 12:46:11.308298,ELEC-day4,0.0,0.0,0.0,,,0,0,0,0,0,0,0,0
,,,,,,24,2026-02-01 12:46:11.308298,ELEC-day5,0.0,0.0,0.0,,,0,0,0,0,0,0,0,0
,,,,,,24,2026-02-01 12:46:11.308298,ELEC-day6,0.0,0.0,0.0,,,0,0,0,0,0,0,0,0
,,,,,,24,2026-02-01 12:46:11.308298,ELEC-F,0.0,0.0,0.0,,,0,0,0,0,0,0,0,0
4.0,1.0,1.0,,TEMPERATURE Forecast for DAY 2,The average temperature tomorrow is forecasted to be between 17 and 27 degrees Celsius.,25,2026-02-01 12:46:12.340605,NG,2.19,2.17,2.21,800000.0,800000.0,0,0,0,0,0,0,0,0
3.0,1.0,1.0,,You are logged in as a DISTRIBUTOR,,25,2026-02-01 12:46:12.340605,ELEC-day2,0.0,0.0,0.0,,,0,0,0,0,0,0,0,0
2.0,1.0,1.0,,FINES,"The fine for open positions of ELEC-dayX at the end of the day is $20,000/contract.",25,2026-02-01 12:46:12.340605,ELEC-day3,0.0,0.0,0.0,,,0,0,0,0,0,0,0,0
1.0,1.0,1.0,,Welcome to the RITC2026 GBE Energy Electricity Trading Case - practice server,,25,2026-02-01 12:46:12.340605,ELEC-day4,0.0,0.0,0.0,,,0,0,0,0,0,0,0,0
,,,,,,25,2026-02-01 12:46:12.340605,ELEC-day5,0.0,0.0,0.0,,,0,0,0,0,0,0,0,0
,,,,,,25,2026-02-01 12:46:12.340605,ELEC-day6,0.0,0.0,0.0,,,0,0,0,0,0,0,0,0
,,,,,,25,2026-02-01 12:46:12.340605,ELEC-F,0.0,0.0,0.0,,,0,0,0,0,0,0,0,0
4.0,1.0,1.0,,TEMPERATURE Forecast for DAY 2,The average temperature tomorrow is forecasted to be between 17 and 27 degrees Celsius.,26,2026-02-01 12:46:13.374182,NG,2.19,2.17,2.21,800000.0,800000.0,0,0,0,0,0,0,0,0
3.0,1.0,1.0,,You are logged in as a DISTRIBUTOR,,26,2026-02-01 12:46:13.374182,ELEC-day2,0.0,0.0,0.0,,,0,0,0,0,0,0,0,0
2.0,1.0,1.0,,FINES,"The fine for open positions of ELEC-dayX at the end of the day is $20,000/contract.",26,2026-02-01 12:46:13.374182,ELEC-day3,0.0,0.0,0.0,,,0,0,0,0,0,0,0,0
1.0,1.0,1.0,,Welcome to the RITC2026 GBE Energy Electricity Trading Case - practice server,,26,2026-02-01 12:46:13.374182,ELEC-day4,0.0,0.0,0.0,,,0,0,0,0,0,0,0,0
,,,,,,26,2026-02-01 12:46:13.374182,ELEC-day5,0.0,0.0,0.0,,,0,0,0,0,0,0,0,0
,,,,,,26,2026-02-01 12:46:13.374182,ELEC-day6,0.0,0.0,0.0,,,0,0,0,0,0,0,0,0
,,,,,,26,2026-02-01 12:46:13.374182,ELEC-F,0.0,0.0,0.0,,,0,0,0,0,0,0,0,0
4.0,1.0,1.0,,TEMPERATURE Forecast for DAY 2,The average temperature tomorrow is forecasted to be between 17 and 27 degrees Celsius.,27,2026-02-01 12:46:14.404351,NG,2.18,2.16,2.2,800000.0,800000.0,0,0,0,0,0,0,0,0
3.0,1.0,1.0,,You are logged in as a DISTRIBUTOR,,27,2026-02-01 12:46:14.404351,ELEC-day2,0.0,0.0,0.0,,,0,0,0,0,0,0,0,0
2.0,1.0,1.0,,FINES,"The fine for open positions of ELEC-dayX at the end of the day is $20,000/contract.",27,2026-02-01 12:46:14.404351,ELEC-day3,0.0,0.0,0.0,,,0,0,0,0,0,0,0,0
1.0,1.0,1.0,,Welcome to the RITC2026 GBE Energy Electricity Trading Case - practice server,,27,2026-02-01 12:46:14.404351,ELEC-day4,0.0,0.0,0.0,,,0,0,0,0,0,0,0,0
,,,,,,27,2026-02-01 12:46:14.404351,ELEC-day5,0.0,0.0,0.0,,,0,0,0,0,0,0,0,0
,,,,,,27,2026-02-01 12:46:14.404351,ELEC-day6,0.0,0.0,0.0,,,0,0,0,0,0,0,0,0
,,,,,,27,2026-02-01 12:46:14.404351,ELEC-F,0.0,0.0,0.0,,,0,0,0,0,0,0,0,0
4.0,1.0,1.0,,TEMPERATURE Forecast for DAY 2,The average temperature tomorrow is forecasted to be between 17 and 27 degrees Celsius.,28,2026-02-01 12:46:15.442703,NG,2.18,2.16,2.2,800000.0,800000.0,0,0,0,0,0,0,0,0
3.0,1.0,1.0,,You are logged in as a DISTRIBUTOR,,28,2026-02-01 12:46:15.442703,ELEC-day2,0.0,0.0,0.0,,,0,0,0,0,0,0,0,0
2.0,1.0,1.0,,FINES,"The fine for open positions of ELEC-dayX at the end of the day is $20,000/contract.",28,2026-02-01 12:46:15.442703,ELEC-day3,0.0,0.0,0.0,,,0,0,0,0,0,0,0,0
1.0,1.0,1.0,,Welcome to the RITC2026 GBE Energy Electricity Trading Case - practice server,,28,2026-02-01 12:46:15.442703,ELEC-day4,0.0,0.0,0.0,,,0,0,0,0,0,0,0,0
,,,,,,28,2026-02-01 12:46:15.442703,ELEC-day5,0.0,0.0,0.0,,,0,0,0,0,0,0,0,0
,,,,,,28,2026-02-01 12:46:15.442703,ELEC-day6,0.0,0.0,0.0,,,0,0,0,0,0,0,0,0
,,,,,,28,2026-02-01 12:46:15.442703,ELEC-F,0.0,0.0,0.0,,,0,0,0,0,0,0,0,0
4.0,1.0,1.0,,TEMPERATURE Forecast for DAY 2,The average temperature tomorrow is forecasted to be between 17 and 27 degrees Celsius.,29,2026-02-01 12:46:16.474656,NG,2.18,2.16,2.2,800000.0,800000.0,0,0,0,0,0,0,0,0
3.0,1.0,1.0,,You are logged in as a DISTRIBUTOR,,29,2026-02-01 12:46:16.474656,ELEC-day2,0.0,0.0,0.0,,,0,0,0,0,0,0,0,0
2.0,1.0,1.0,,FINES,"The fine for open positions of ELEC-dayX at the end of the day is $20,000/contract.",29,2026-02-01 12:46:16.474656,ELEC-day3,0.0,0.0,0.0,,,0,0,0,0,0,0,0,0
1.0,1.0,1.0,,Welcome to the RITC2026 GBE Energy Electricity Trading Case - practice server,,29,2026-02-01 12:46:16.474656,ELEC-day4,0.0,0.0,0.0,,,0,0,0,0,0,0,0,0
,,,,,,29,2026-02-01 12:46:16.474656,ELEC-day5,0.0,0.0,0.0,,,0,0,0,0,0,0,0,0
,,,,,,29,2026-02-01 12:46:16.474656,ELEC-day6,0.0,0.0,0.0,,,0,0,0,0,0,0,0,0
,,,,,,29,2026-02-01 12:46:16.474656,ELEC-F,0.0,0.0,0.0,,,0,0,0,0,0,0,0,0
4.0,1.0,1.0,,TEMPERATURE Forecast for DAY 2,The average temperature tomorrow is forecasted to be between 17 and 27 degrees Celsius.,30,2026-02-01 12:46:17.506891,NG,2.18,2.16,2.2,800000.0,800000.0,0,0,0,0,0,0,0,0
3.0,1.0,1.0,,You are logged in as a DISTRIBUTOR,,30,2026-02-01 12:46:17.506891,ELEC-day2,0.0,0.0,0.0,,,0,0,0,0,0,0,0,0
2.0,1.0,1.0,,FINES,"The fine for open positions of ELEC-dayX at the end of the day is $20,000/contract.",30,2026-02-01 12:46:17.506891,ELEC-day3,0.0,0.0,0.0,,,0,0,0,0,0,0,0,0
1.0,1.0,1.0,,Welcome to the RITC2026 GBE Energy Electricity Trading Case - practice server,,30,2026-02-01 12:46:17.506891,ELEC-day4,0.0,0.0,0.0,,,0,0,0,0,0,0,0,0
,,,,,,30,2026-02-01 12:46:17.506891,ELEC-day5,0.0,0.0,0.0,,,0,0,0,0,0,0,0,0
,,,,,,30,2026-02-01 12:46:17.506891,ELEC-day6,0.0,0.0,0.0,,,0,0,0,0,0,0,0,0
,,,,,,30,2026-02-01 12:46:17.506891,ELEC-F,0.0,0.0,0.0,,,0,0,0,0,0,0,0,0
4.0,1.0,1.0,,TEMPERATURE Forecast for DAY 2,The average temperature tomorrow is forecasted to be between 17 and 27 degrees Celsius.,31,2026-02-01 12:46:18.543443,NG,2.19,2.17,2.21,800000.0,800000.0,0,0,0,0,0,0,0,0
3.0,1.0,1.0,,You are logged in as a DISTRIBUTOR,,31,2026-02-01 12:46:18.543443,ELEC-day2,0.0,0.0,0.0,,,0,0,0,0,0,0,0,0
2.0,1.0,1.0,,FINES,"The fine for open positions of ELEC-dayX at the end of the day is $20,000/contract.",31,2026-02-01 12:46:18.543443,ELEC-day3,0.0,0.0,0.0,,,0,0,0,0,0,0,0,0
1.0,1.0,1.0,,Welcome to the RITC2026 GBE Energy Electricity Trading Case - practice server,,31,2026-02-01 12:46:18.543443,ELEC-day4,0.0,0.0,0.0,,,0,0,0,0,0,0,0,0
,,,,,,31,2026-02-01 12:46:18.543443,ELEC-day5,0.0,0.0,0.0,,,0,0,0,0,0,0,0,0
,,,,,,31,2026-02-01 12:46:18.543443,ELEC-day6,0.0,0.0,0.0,,,0,0,0,0,0,0,0,0
,,,,,,31,2026-02-01 12:46:18.543443,ELEC-F,0.0,0.0,0.0,,,0,0,0,0,0,0,0,0
4.0,1.0,1.0,,TEMPERATURE Forecast for DAY 2,The average temperature tomorrow is forecasted to be between 17 and 27 degrees Celsius.,32,2026-02-01 12:46:19.589441,NG,2.19,2.17,2.21,800000.0,800000.0,0,0,0,0,0,0,0,0
3.0,1.0,1.0,,You are logged in as a DISTRIBUTOR,,32,2026-02-01 12:46:19.589441,ELEC-day2,0.0,0.0,0.0,,,0,0,0,0,0,0,0,0
2.0,1.0,1.0,,FINES,"The fine for open positions of ELEC-dayX at the end of the day is $20,000/contract.",32,2026-02-01 12:46:19.589441,ELEC-day3,0.0,0.0,0.0,,,0,0,0,0,0,0,0,0
1.0,1.0,1.0,,Welcome to the RITC2026 GBE Energy Electricity Trading Case - practice server,,32,2026-02-01 12:46:19.589441,ELEC-day4,0.0,0.0,0.0,,,0,0,0,0,0,0,0,0
,,,,,,32,2026-02-01 12:46:19.589441,ELEC-day5,0.0,0.0,0.0,,,0,0,0,0,0,0,0,0
,,,,,,32,2026-02-01 12:46:19.589441,ELEC-day6,0.0,0.0,0.0,,,0,0,0,0,0,0,0,0
,,,,,,32,2026-02-01 12:46:19.589441,ELEC-F,0.0,0.0,0.0,,,0,0,0,0,0,0,0,0
4.0,1.0,1.0,,TEMPERATURE Forecast for DAY 2,The average temperature tomorrow is forecasted to be between 17 and 27 degrees Celsius.,33,2026-02-01 12:46:20.628744,NG,2.19,2.17,2.21,800000.0,800000.0,0,0,0,0,0,0,0,0
3.0,1.0,1.0,,You are logged in as a DISTRIBUTOR,,33,2026-02-01 12:46:20.628744,ELEC-day2,0.0,0.0,0.0,,,0,0,0,0,0,0,0,0
2.0,1.0,1.0,,FINES,"The fine for open positions of ELEC-dayX at the end of the day is $20,000/contract.",33,2026-02-01 12:46:20.628744,ELEC-day3,0.0,0.0,0.0,,,0,0,0,0,0,0,0,0
1.0,1.0,1.0,,Welcome to the RITC2026 GBE Energy Electricity Trading Case - practice server,,33,2026-02-01 12:46:20.628744,ELEC-day4,0.0,0.0,0.0,,,0,0,0,0,0,0,0,0
,,,,,,33,2026-02-01 12:46:20.628744,ELEC-day5,0.0,0.0,0.0,,,0,0,0,0,0,0,0,0
,,,,,,33,2026-02-01 12:46:20.628744,ELEC-day6,0.0,0.0,0.0,,,0,0,0,0,0,0,0,0
,,,,,,33,2026-02-01 12:46:20.628744,ELEC-F,0.0,0.0,0.0,,,0,0,0,0,0,0,0,0
4.0,1.0,1.0,,TEMPERATURE Forecast for DAY 2,The average temperature tomorrow is forecasted to be between 17 and 27 degrees Celsius.,34,2026-02-01 12:46:21.680710,NG,2.18,2.16,2.2,800000.0,800000.0,0,0,0,0,0,0,0,0
3.0,1.0,1.0,,You are logged in as a DISTRIBUTOR,,34,2026-02-01 12:46:21.680710,ELEC-day2,0.0,0.0,0.0,,,0,0,0,0,0,0,0,0
2.0,1.0,1.0,,FINES,"The fine for open positions of ELEC-dayX at the end of the day is $20,000/contract.",34,2026-02-01 12:46:21.680710,ELEC-day3,0.0,0.0,0.0,,,0,0,0,0,0,0,0,0
1.0,1.0,1.0,,Welcome to the RITC2026 GBE Energy Electricity Trading Case - practice server,,34,2026-02-01 12:46:21.680710,ELEC-day4,0.0,0.0,0.0,,,0,0,0,0,0,0,0,0
,,,,,,34,2026-02-01 12:46:21.680710,ELEC-day5,0.0,0.0,0.0,,,0,0,0,0,0,0,0,0
,,,,,,34,2026-02-01 12:46:21.680710,ELEC-day6,0.0,0.0,0.0,,,0,0,0,0,0,0,0,0
,,,,,,34,2026-02-01 12:46:21.680710,ELEC-F,0.0,0.0,0.0,,,0,0,0,0,0,0,0,0
4.0,1.0,1.0,,TEMPERATURE Forecast for DAY 2,The average temperature tomorrow is forecasted to be between 17 and 27 degrees Celsius.,35,2026-02-01 12:46:22.737545,NG,2.17,2.15,2.19,800000.0,800000.0,0,0,0,0,0,0,0,0
3.0,1.0,1.0,,You are logged in as a DISTRIBUTOR,,35,2026-02-01 12:46:22.737545,ELEC-day2,0.0,0.0,0.0,,,0,0,0,0,0,0,0,0
2.0,1.0,1.0,,FINES,"The fine for open positions of ELEC-dayX at the end of the day is $20,000/contract.",35,2026-02-01 12:46:22.737545,ELEC-day3,0.0,0.0,0.0,,,0,0,0,0,0,0,0,0
1.0,1.0,1.0,,Welcome to the RITC2026 GBE Energy Electricity Trading Case - practice server,,35,2026-02-01 12:46:22.737545,ELEC-day4,0.0,0.0,0.0,,,0,0,0,0,0,0,0,0
,,,,,,35,2026-02-01 12:46:22.737545,ELEC-day5,0.0,0.0,0.0,,,0,0,0,0,0,0,0,0
,,,,,,35,2026-02-01 12:46:22.737545,ELEC-day6,0.0,0.0,0.0,,,0,0,0,0,0,0,0,0
,,,,,,35,2026-02-01 12:46:22.737545,ELEC-F,0.0,0.0,0.0,,,0,0,0,0,0,0,0,0
4.0,1.0,1.0,,TEMPERATURE Forecast for DAY 2,The average temperature tomorrow is forecasted to be between 17 and 27 degrees Celsius.,36,2026-02-01 12:46:23.815994,NG,2.16,2.14,2.18,800000.0,800000.0,0,0,0,0,0,0,0,0
3.0,1.0,1.0,,You are logged in as a DISTRIBUTOR,,36,2026-02-01 12:46:23.815994,ELEC-day2,0.0,0.0,0.0,,,0,0,0,0,0,0,0,0
2.0,1.0,1.0,,FINES,"The fine for open positions of ELEC-dayX at the end of the day is $20,000/contract.",36,2026-02-01 12:46:23.815994,ELEC-day3,0.0,0.0,0.0,,,0,0,0,0,0,0,0,0
1.0,1.0,1.0,,Welcome to the RITC2026 GBE Energy Electricity Trading Case - practice server,,36,2026-02-01 12:46:23.815994,ELEC-day4,0.0,0.0,0.0,,,0,0,0,0,0,0,0,0
,,,,,,36,2026-02-01 12:46:23.815994,ELEC-day5,0.0,0.0,0.0,,,0,0,0,0,0,0,0,0
,,,,,,36,2026-02-01 12:46:23.815994,ELEC-day6,0.0,0.0,0.0,,,0,0,0,0,0,0,0,0
,,,,,,36,2026-02-01 12:46:23.815994,ELEC-F,0.0,0.0,0.0,,,0,0,0,0,0,0,0,0
4.0,1.0,1.0,,TEMPERATURE Forecast for DAY 2,The average temperature tomorrow is forecasted to be between 17 and 27 degrees Celsius.,38,2026-02-01 12:46:25.002820,NG,2.15,2.13,2.17,800000.0,800000.0,0,0,0,0,0,0,0,0
3.0,1.0,1.0,,You are logged in as a DISTRIBUTOR,,38,2026-02-01 12:46:25.002820,ELEC-day2,0.0,0.0,0.0,,,0,0,0,0,0,0,0,0
2.0,1.0,1.0,,FINES,"The fine for open positions of ELEC-dayX at the end of the day is $20,000/contract.",38,2026-02-01 12:46:25.002820,ELEC-day3,0.0,0.0,0.0,,,0,0,0,0,0,0,0,0
1.0,1.0,1.0,,Welcome to the RITC2026 GBE Energy Electricity Trading Case - practice server,,38,2026-02-01 12:46:25.002820,ELEC-day4,0.0,0.0,0.0,,,0,0,0,0,0,0,0,0
,,,,,,38,2026-02-01 12:46:25.002820,ELEC-day5,0.0,0.0,0.0,,,0,0,0,0,0,0,0,0
,,,,,,38,2026-02-01 12:46:25.002820,ELEC-day6,0.0,0.0,0.0,,,0,0,0,0,0,0,0,0
,,,,,,38,2026-02-01 12:46:25.002820,ELEC-F,0.0,0.0,0.0,,,0,0,0,0,0,0,0,0
4.0,1.0,1.0,,TEMPERATURE Forecast for DAY 2,The average temperature tomorrow is forecasted to be between 17 and 27 degrees Celsius.,39,2026-02-01 12:46:26.072501,NG,2.16,2.14,2.18,800000.0,800000.0,0,0,0,0,0,0,0,0
3.0,1.0,1.0,,You are logged in as a DISTRIBUTOR,,39,2026-02-01 12:46:26.072501,ELEC-day2,0.0,0.0,0.0,,,0,0,0,0,0,0,0,0
2.0,1.0,1.0,,FINES,"The fine for open positions of ELEC-dayX at the end of the day is $20,000/contract.",39,2026-02-01 12:46:26.072501,ELEC-day3,0.0,0.0,0.0,,,0,0,0,0,0,0,0,0
1.0,1.0,1.0,,Welcome to the RITC2026 GBE Energy Electricity Trading Case - practice server,,39,2026-02-01 12:46:26.072501,ELEC-day4,0.0,0.0,0.0,,,0,0,0,0,0,0,0,0
,,,,,,39,2026-02-01 12:46:26.072501,ELEC-day5,0.0,0.0,0.0,,,0,0,0,0,0,0,0,0
,,,,,,39,2026-02-01 12:46:26.072501,ELEC-day6,0.0,0.0,0.0,,,0,0,0,0,0,0,0,0
,,,,,,39,2026-02-01 12:46:26.072501,ELEC-F,0.0,0.0,0.0,,,0,0,0,0,0,0,0,0
4.0,1.0,1.0,,TEMPERATURE Forecast for DAY 2,The average temperature tomorrow is forecasted to be between 17 and 27 degrees Celsius.,40,2026-02-01 12:46:27.140006,NG,2.17,2.15,2.19,800000.0,800000.0,0,0,0,0,0,0,0,0
3.0,1.0,1.0,,You are logged in as a DISTRIBUTOR,,40,2026-02-01 12:46:27.140006,ELEC-day2,0.0,0.0,0.0,,,0,0,0,0,0,0,0,0
2.0,1.0,1.0,,FINES,"The fine for open positions of ELEC-dayX at the end of the day is $20,000/contract.",40,2026-02-01 12:46:27.140006,ELEC-day3,0.0,0.0,0.0,,,0,0,0,0,0,0,0,0
1.0,1.0,1.0,,Welcome to the RITC2026 GBE Energy Electricity Trading Case - practice server,,40,2026-02-01 12:46:27.140006,ELEC-day4,0.0,0.0,0.0,,,0,0,0,0,0,0,0,0
,,,,,,40,2026-02-01 12:46:27.140006,ELEC-day5,0.0,0.0,0.0,,,0,0,0,0,0,0,0,0
,,,,,,40,2026-02-01 12:46:27.140006,ELEC-day6,0.0,0.0,0.0,,,0,0,0,0,0,0,0,0
,,,,,,40,2026-02-01 12:46:27.140006,ELEC-F,0.0,0.0,0.0,,,0,0,0,0,0,0,0,0
4.0,1.0,1.0,,TEMPERATURE Forecast for DAY 2,The average temperature tomorrow is forecasted to be between 17 and 27 degrees Celsius.,41,2026-02-01 12:46:28.192428,NG,2.16,2.14,2.18,800000.0,800000.0,0,0,0,0,0,0,0,0
3.0,1.0,1.0,,You are logged in as a DISTRIBUTOR,,41,2026-02-01 12:46:28.192428,ELEC-day2,0.0,0.0,0.0,,,0,0,0,0,0,0,0,0
2.0,1.0,1.0,,FINES,"The fine for open positions of ELEC-dayX at the end of the day is $20,000/contract.",41,2026-02-01 12:46:28.192428,ELEC-day3,0.0,0.0,0.0,,,0,0,0,0,0,0,0,0
1.0,1.0,1.0,,Welcome to the RITC2026 GBE Energy Electricity Trading Case - practice server,,41,2026-02-01 12:46:28.192428,ELEC-day4,0.0,0.0,0.0,,,0,0,0,0,0,0,0,0
,,,,,,41,2026-02-01 12:46:28.192428,ELEC-day5,0.0,0.0,0.0,,,0,0,0,0,0,0,0,0
,,,,,,41,2026-02-01 12:46:28.192428,ELEC-day6,0.0,0.0,0.0,,,0,0,0,0,0,0,0,0
,,,,,,41,2026-02-01 12:46:28.192428,ELEC-F,0.0,0.0,0.0,,,0,0,0,0,0,0,0,0
4.0,1.0,1.0,,TEMPERATURE Forecast for DAY 2,The average temperature tomorrow is forecasted to be between 17 and 27 degrees Celsius.,42,2026-02-01 12:46:29.376345,NG,2.17,2.15,2.19,800000.0,800000.0,0,0,0,0,0,0,0,0
3.0,1.0,1.0,,You are logged in as a DISTRIBUTOR,,42,2026-02-01 12:46:29.376345,ELEC-day2,0.0,0.0,0.0,,,0,0,0,0,0,0,0,0
2.0,1.0,1.0,,FINES,"The fine for open positions of ELEC-dayX at the end of the day is $20,000/contract.",42,2026-02-01 12:46:29.376345,ELEC-day3,0.0,0.0,0.0,,,0,0,0,0,0,0,0,0
1.0,1.0,1.0,,Welcome to the RITC2026 GBE Energy Electricity Trading Case - practice server,,42,2026-02-01 12:46:29.376345,ELEC-day4,0.0,0.0,0.0,,,0,0,0,0,0,0,0,0
,,,,,,42,2026-02-01 12:46:29.376345,ELEC-day5,0.0,0.0,0.0,,,0,0,0,0,0,0,0,0
,,,,,,42,2026-02-01 12:46:29.376345,ELEC-day6,0.0,0.0,0.0,,,0,0,0,0,0,0,0,0
,,,,,,42,2026-02-01 12:46:29.376345,ELEC-F,0.0,0.0,0.0,,,0,0,0,0,0,0,0,0
4.0,1.0,1.0,,TEMPERATURE Forecast for DAY 2,The average temperature tomorrow is forecasted to be between 17 and 27 degrees Celsius.,43,2026-02-01 12:46:30.738601,NG,2.16,2.14,2.18,800000.0,800000.0,0,0,0,0,0,0,0,0
3.0,1.0,1.0,,You are logged in as a DISTRIBUTOR,,43,2026-02-01 12:46:30.738601,ELEC-day2,0.0,0.0,0.0,,,0,0,0,0,0,0,0,0
2.0,1.0,1.0,,FINES,"The fine for open positions of ELEC-dayX at the end of the day is $20,000/contract.",43,2026-02-01 12:46:30.738601,ELEC-day3,0.0,0.0,0.0,,,0,0,0,0,0,0,0,0
1.0,1.0,1.0,,Welcome to the RITC2026 GBE Energy Electricity Trading Case - practice server,,43,2026-02-01 12:46:30.738601,ELEC-day4,0.0,0.0,0.0,,,0,0,0,0,0,0,0,0
,,,,,,43,2026-02-01 12:46:30.738601,ELEC-day5,0.0,0.0,0.0,,,0,0,0,0,0,0,0,0
,,,,,,43,2026-02-01 12:46:30.738601,ELEC-day6,0.0,0.0,0.0,,,0,0,0,0,0,0,0,0
,,,,,,43,2026-02-01 12:46:30.738601,ELEC-F,0.0,0.0,0.0,,,0,0,0,0,0,0,0,0
4.0,1.0,1.0,,TEMPERATURE Forecast for DAY 2,The average temperature tomorrow is forecasted to be between 17 and 27 degrees Celsius.,45,2026-02-01 12:46:32.289621,NG,2.19,2.17,2.21,800000.0,800000.0,0,0,0,0,0,0,0,0
3.0,1.0,1.0,,You are logged in as a DISTRIBUTOR,,45,2026-02-01 12:46:32.289621,ELEC-day2,0.0,0.0,0.0,,,0,0,0,0,0,0,0,0
2.0,1.0,1.0,,FINES,"The fine for open positions of ELEC-dayX at the end of the day is $20,000/contract.",45,2026-02-01 12:46:32.289621,ELEC-day3,0.0,0.0,0.0,,,0,0,0,0,0,0,0,0
1.0,1.0,1.0,,Welcome to the RITC2026 GBE Energy Electricity Trading Case - practice server,,45,2026-02-01 12:46:32.289621,ELEC-day4,0.0,0.0,0.0,,,0,0,0,0,0,0,0,0
,,,,,,45,2026-02-01 12:46:32.289621,ELEC-day5,0.0,0.0,0.0,,,0,0,0,0,0,0,0,0
,,,,,,45,2026-02-01 12:46:32.289621,ELEC-day6,0.0,0.0,0.0,,,0,0,0,0,0,0,0,0
,,,,,,45,2026-02-01 12:46:32.289621,ELEC-F,0.0,0.0,0.0,,,0,0,0,0,0,0,0,0
4.0,1.0,1.0,,TEMPERATURE Forecast for DAY 2,The average temperature tomorrow is forecasted to be between 17 and 27 degrees Celsius.,46,2026-02-01 12:46:33.653948,NG,2.18,2.16,2.2,800000.0,800000.0,0,0,0,0,0,0,0,0
3.0,1.0,1.0,,You are logged in as a DISTRIBUTOR,,46,2026-02-01 12:46:33.653948,ELEC-day2,0.0,0.0,0.0,,,0,0,0,0,0,0,0,0
2.0,1.0,1.0,,FINES,"The fine for open positions of ELEC-dayX at the end of the day is $20,000/contract.",46,2026-02-01 12:46:33.653948,ELEC-day3,0.0,0.0,0.0,,,0,0,0,0,0,0,0,0
1.0,1.0,1.0,,Welcome to the RITC2026 GBE Energy Electricity Trading Case - practice server,,46,2026-02-01 12:46:33.653948,ELEC-day4,0.0,0.0,0.0,,,0,0,0,0,0,0,0,0
,,,,,,46,2026-02-01 12:46:33.653948,ELEC-day5,0.0,0.0,0.0,,,0,0,0,0,0,0,0,0
,,,,,,46,2026-02-01 12:46:33.653948,ELEC-day6,0.0,0.0,0.0,,,0,0,0,0,0,0,0,0
,,,,,,46,2026-02-01 12:46:33.653948,ELEC-F,0.0,0.0,0.0,,,0,0,0,0,0,0,0,0
4.0,1.0,1.0,,TEMPERATURE Forecast for DAY 2,The average temperature tomorrow is forecasted to be between 17 and 27 degrees Celsius.,48,2026-02-01 12:46:35.303646,NG,2.19,2.17,2.21,800000.0,800000.0,0,0,0,0,0,0,0,0
3.0,1.0,1.0,,You are logged in as a DISTRIBUTOR,,48,2026-02-01 12:46:35.303646,ELEC-day2,0.0,0.0,0.0,,,0,0,0,0,0,0,0,0
2.0,1.0,1.0,,FINES,"The fine for open positions of ELEC-dayX at the end of the day is $20,000/contract.",48,2026-02-01 12:46:35.303646,ELEC-day3,0.0,0.0,0.0,,,0,0,0,0,0,0,0,0
1.0,1.0,1.0,,Welcome to the RITC2026 GBE Energy Electricity Trading Case - practice server,,48,2026-02-01 12:46:35.303646,ELEC-day4,0.0,0.0,0.0,,,0,0,0,0,0,0,0,0
,,,,,,48,2026-02-01 12:46:35.303646,ELEC-day5,0.0,0.0,0.0,,,0,0,0,0,0,0,0,0
,,,,,,48,2026-02-01 12:46:35.303646,ELEC-day6,0.0,0.0,0.0,,,0,0,0,0,0,0,0,0
,,,,,,48,2026-02-01 12:46:35.303646,ELEC-F,0.0,0.0,0.0,,,0,0,0,0,0,0,0,0
4.0,1.0,1.0,,TEMPERATURE Forecast for DAY 2,The average temperature tomorrow is forecasted to be between 17 and 27 degrees Celsius.,49,2026-02-01 12:46:36.695286,NG,2.19,2.17,2.21,800000.0,800000.0,0,0,0,0,0,0,0,0
3.0,1.0,1.0,,You are logged in as a DISTRIBUTOR,,49,2026-02-01 12:46:36.695286,ELEC-day2,0.0,0.0,0.0,,,0,0,0,0,0,0,0,0
2.0,1.0,1.0,,FINES,"The fine for open positions of ELEC-dayX at the end of the day is $20,000/contract.",49,2026-02-01 12:46:36.695286,ELEC-day3,0.0,0.0,0.0,,,0,0,0,0,0,0,0,0
1.0,1.0,1.0,,Welcome to the RITC2026 GBE Energy Electricity Trading Case - practice server,,49,2026-02-01 12:46:36.695286,ELEC-day4,0.0,0.0,0.0,,,0,0,0,0,0,0,0,0
,,,,,,49,2026-02-01 12:46:36.695286,ELEC-day5,0.0,0.0,0.0,,,0,0,0,0,0,0,0,0
,,,,,,49,2026-02-01 12:46:36.695286,ELEC-day6,0.0,0.0,0.0,,,0,0,0,0,0,0,0,0
,,,,,,49,2026-02-01 12:46:36.695286,ELEC-F,0.0,0.0,0.0,,,0,0,0,0,0,0,0,0
4.0,1.0,1.0,,TEMPERATURE Forecast for DAY 2,The average temperature tomorrow is forecasted to be between 17 and 27 degrees Celsius.,51,2026-02-01 12:46:38.223021,NG,2.21,2.19,2.23,800000.0,800000.0,0,0,0,0,0,0,0,0
3.0,1.0,1.0,,You are logged in as a DISTRIBUTOR,,51,2026-02-01 12:46:38.223021,ELEC-day2,0.0,0.0,0.0,,,0,0,0,0,0,0,0,0
2.0,1.0,1.0,,FINES,"The fine for open positions of ELEC-dayX at the end of the day is $20,000/contract.",51,2026-02-01 12:46:38.223021,ELEC-day3,0.0,0.0,0.0,,,0,0,0,0,0,0,0,0
1.0,1.0,1.0,,Welcome to the RITC2026 GBE Energy Electricity Trading Case - practice server,,51,2026-02-01 12:46:38.223021,ELEC-day4,0.0,0.0,0.0,,,0,0,0,0,0,0,0,0
,,,,,,51,2026-02-01 12:46:38.223021,ELEC-day5,0.0,0.0,0.0,,,0,0,0,0,0,0,0,0
,,,,,,51,2026-02-01 12:46:38.223021,ELEC-day6,0.0,0.0,0.0,,,0,0,0,0,0,0,0,0
,,,,,,51,2026-02-01 12:46:38.223021,ELEC-F,0.0,0.0,0.0,,,0,0,0,0,0,0,0,0
4.0,1.0,1.0,,TEMPERATURE Forecast for DAY 2,The average temperature tomorrow is forecasted to be between 17 and 27 degrees Celsius.,53,2026-02-01 12:46:40.271386,NG,2.2,2.18,2.22,800000.0,800000.0,0,0,0,0,0,0,0,0
3.0,1.0,1.0,,You are logged in as a DISTRIBUTOR,,53,2026-02-01 12:46:40.271386,ELEC-day2,0.0,0.0,0.0,,,0,0,0,0,0,0,0,0
2.0,1.0,1.0,,FINES,"The fine for open positions of ELEC-dayX at the end of the day is $20,000/contract.",53,2026-02-01 12:46:40.271386,ELEC-day3,0.0,0.0,0.0,,,0,0,0,0,0,0,0,0
1.0,1.0,1.0,,Welcome to the RITC2026 GBE Energy Electricity Trading Case - practice server,,53,2026-02-01 12:46:40.271386,ELEC-day4,0.0,0.0,0.0,,,0,0,0,0,0,0,0,0
,,,,,,53,2026-02-01 12:46:40.271386,ELEC-day5,0.0,0.0,0.0,,,0,0,0,0,0,0,0,0
,,,,,,53,2026-02-01 12:46:40.271386,ELEC-day6,0.0,0.0,0.0,,,0,0,0,0,0,0,0,0
,,,,,,53,2026-02-01 12:46:40.271386,ELEC-F,0.0,0.0,0.0,,,0,0,0,0,0,0,0,0
4.0,1.0,1.0,,TEMPERATURE Forecast for DAY 2,The average temperature tomorrow is forecasted to be between 17 and 27 degrees Celsius.,55,2026-02-01 12:46:42.519909,NG,2.21,2.19,2.23,800000.0,800000.0,0,0,0,0,0,0,0,0
3.0,1.0,1.0,,You are logged in as a DISTRIBUTOR,,55,2026-02-01 12:46:42.519909,ELEC-day2,0.0,0.0,0.0,,,0,0,0,0,0,0,0,0
2.0,1.0,1.0,,FINES,"The fine for open positions of ELEC-dayX at the end of the day is $20,000/contract.",55,2026-02-01 12:46:42.519909,ELEC-day3,0.0,0.0,0.0,,,0,0,0,0,0,0,0,0
1.0,1.0,1.0,,Welcome to the RITC2026 GBE Energy Electricity Trading Case - practice server,,55,2026-02-01 12:46:42.519909,ELEC-day4,0.0,0.0,0.0,,,0,0,0,0,0,0,0,0
,,,,,,55,2026-02-01 12:46:42.519909,ELEC-day5,0.0,0.0,0.0,,,0,0,0,0,0,0,0,0
,,,,,,55,2026-02-01 12:46:42.519909,ELEC-day6,0.0,0.0,0.0,,,0,0,0,0,0,0,0,0
,,,,,,55,2026-02-01 12:46:42.519909,ELEC-F,0.0,0.0,0.0,,,0,0,0,0,0,0,0,0
4.0,1.0,1.0,,TEMPERATURE Forecast for DAY 2,The average temperature tomorrow is forecasted to be between 17 and 27 degrees Celsius.,57,2026-02-01 12:46:44.454513,NG,2.2,2.18,2.22,800000.0,800000.0,0,0,0,0,0,0,0,0
3.0,1.0,1.0,,You are logged in as a DISTRIBUTOR,,57,2026-02-01 12:46:44.454513,ELEC-day2,0.0,0.0,0.0,,,0,0,0,0,0,0,0,0
2.0,1.0,1.0,,FINES,"The fine for open positions of ELEC-dayX at the end of the day is $20,000/contract.",57,2026-02-01 12:46:44.454513,ELEC-day3,0.0,0.0,0.0,,,0,0,0,0,0,0,0,0
1.0,1.0,1.0,,Welcome to the RITC2026 GBE Energy Electricity Trading Case - practice server,,57,2026-02-01 12:46:44.454513,ELEC-day4,0.0,0.0,0.0,,,0,0,0,0,0,0,0,0
,,,,,,57,2026-02-01 12:46:44.454513,ELEC-day5,0.0,0.0,0.0,,,0,0,0,0,0,0,0,0
,,,,,,57,2026-02-01 12:46:44.454513,ELEC-day6,0.0,0.0,0.0,,,0,0,0,0,0,0,0,0
,,,,,,57,2026-02-01 12:46:44.454513,ELEC-F,0.0,0.0,0.0,,,0,0,0,0,0,0,0,0
4.0,1.0,1.0,,TEMPERATURE Forecast for DAY 2,The average temperature tomorrow is forecasted to be between 17 and 27 degrees Celsius.,59,2026-02-01 12:46:46.615502,NG,2.2,2.18,2.22,800000.0,800000.0,0,0,0,0,0,0,0,0
3.0,1.0,1.0,,You are logged in as a DISTRIBUTOR,,59,2026-02-01 12:46:46.615502,ELEC-day2,0.0,0.0,0.0,,,0,0,0,0,0,0,0,0
2.0,1.0,1.0,,FINES,"The fine for open positions of ELEC-dayX at the end of the day is $20,000/contract.",59,2026-02-01 12:46:46.615502,ELEC-day3,0.0,0.0,0.0,,,0,0,0,0,0,0,0,0
1.0,1.0,1.0,,Welcome to the RITC2026 GBE Energy Electricity Trading Case - practice server,,59,2026-02-01 12:46:46.615502,ELEC-day4,0.0,0.0,0.0,,,0,0,0,0,0,0,0,0
,,,,,,59,2026-02-01 12:46:46.615502,ELEC-day5,0.0,0.0,0.0,,,0,0,0,0,0,0,0,0
,,,,,,59,2026-02-01 12:46:46.615502,ELEC-day6,0.0,0.0,0.0,,,0,0,0,0,0,0,0,0
,,,,,,59,2026-02-01 12:46:46.615502,ELEC-F,0.0,0.0,0.0,,,0,0,0,0,0,0,0,0
4.0,1.0,1.0,,TEMPERATURE Forecast for DAY 2,The average temperature tomorrow is forecasted to be between 17 and 27 degrees Celsius.,61,2026-02-01 12:46:48.384146,NG,2.2,2.18,2.22,800000.0,800000.0,0,0,0,0,0,0,0,0
3.0,1.0,1.0,,You are logged in as a DISTRIBUTOR,,61,2026-02-01 12:46:48.384146,ELEC-day2,0.0,0.0,0.0,,,0,0,0,0,0,0,0,0
2.0,1.0,1.0,,FINES,"The fine for open positions of ELEC-dayX at the end of the day is $20,000/contract.",61,2026-02-01 12:46:48.384146,ELEC-day3,0.0,0.0,0.0,,,0,0,0,0,0,0,0,0
1.0,1.0,1.0,,Welcome to the RITC2026 GBE Energy Electricity Trading Case - practice server,,61,2026-02-01 12:46:48.384146,ELEC-day4,0.0,0.0,0.0,,,0,0,0,0,0,0,0,0
,,,,,,61,2026-02-01 12:46:48.384146,ELEC-day5,0.0,0.0,0.0,,,0,0,0,0,0,0,0,0
,,,,,,61,2026-02-01 12:46:48.384146,ELEC-day6,0.0,0.0,0.0,,,0,0,0,0,0,0,0,0
,,,,,,61,2026-02-01 12:46:48.384146,ELEC-F,0.0,0.0,0.0,,,0,0,0,0,0,0,0,0
4.0,1.0,1.0,,TEMPERATURE Forecast for DAY 2,The average temperature tomorrow is forecasted to be between 17 and 27 degrees Celsius.,62,2026-02-01 12:46:49.506099,NG,2.21,2.19,2.23,800000.0,800000.0,0,0,0,0,0,0,0,0
3.0,1.0,1.0,,You are logged in as a DISTRIBUTOR,,62,2026-02-01 12:46:49.506099,ELEC-day2,0.0,0.0,0.0,,,0,0,0,0,0,0,0,0
2.0,1.0,1.0,,FINES,"The fine for open positions of ELEC-dayX at the end of the day is $20,000/contract.",62,2026-02-01 12:46:49.506099,ELEC-day3,0.0,0.0,0.0,,,0,0,0,0,0,0,0,0
1.0,1.0,1.0,,Welcome to the RITC2026 GBE Energy Electricity Trading Case - practice server,,62,2026-02-01 12:46:49.506099,ELEC-day4,0.0,0.0,0.0,,,0,0,0,0,0,0,0,0
,,,,,,62,2026-02-01 12:46:49.506099,ELEC-day5,0.0,0.0,0.0,,,0,0,0,0,0,0,0,0
,,,,,,62,2026-02-01 12:46:49.506099,ELEC-day6,0.0,0.0,0.0,,,0,0,0,0,0,0,0,0
,,,,,,62,2026-02-01 12:46:49.506099,ELEC-F,0.0,0.0,0.0,,,0,0,0,0,0,0,0,0
4.0,1.0,1.0,,TEMPERATURE Forecast for DAY 2,The average temperature tomorrow is forecasted to be between 17 and 27 degrees Celsius.,63,2026-02-01 12:46:50.542209,NG,2.21,2.19,2.23,800000.0,800000.0,0,0,0,0,0,0,0,0
3.0,1.0,1.0,,You are logged in as a DISTRIBUTOR,,63,2026-02-01 12:46:50.542209,ELEC-day2,0.0,0.0,0.0,,,0,0,0,0,0,0,0,0
2.0,1.0,1.0,,FINES,"The fine for open positions of ELEC-dayX at the end of the day is $20,000/contract.",63,2026-02-01 12:46:50.542209,ELEC-day3,0.0,0.0,0.0,,,0,0,0,0,0,0,0,0
1.0,1.0,1.0,,Welcome to the RITC2026 GBE Energy Electricity Trading Case - practice server,,63,2026-02-01 12:46:50.542209,ELEC-day4,0.0,0.0,0.0,,,0,0,0,0,0,0,0,0
,,,,,,63,2026-02-01 12:46:50.542209,ELEC-day5,0.0,0.0,0.0,,,0,0,0,0,0,0,0,0
,,,,,,63,2026-02-01 12:46:50.542209,ELEC-day6,0.0,0.0,0.0,,,0,0,0,0,0,0,0,0
,,,,,,63,2026-02-01 12:46:50.542209,ELEC-F,0.0,0.0,0.0,,,0,0,0,0,0,0,0,0
4.0,1.0,1.0,,TEMPERATURE Forecast for DAY 2,The average temperature tomorrow is forecasted to be between 17 and 27 degrees Celsius.,64,2026-02-01 12:46:51.591918,NG,2.21,2.19,2.23,800000.0,800000.0,0,0,0,0,0,0,0,0
3.0,1.0,1.0,,You are logged in as a DISTRIBUTOR,,64,2026-02-01 12:46:51.591918,ELEC-day2,0.0,0.0,0.0,,,0,0,0,0,0,0,0,0
2.0,1.0,1.0,,FINES,"The fine for open positions of ELEC-dayX at the end of the day is $20,000/contract.",64,2026-02-01 12:46:51.591918,ELEC-day3,0.0,0.0,0.0,,,0,0,0,0,0,0,0,0
1.0,1.0,1.0,,Welcome to the RITC2026 GBE Energy Electricity Trading Case - practice server,,64,2026-02-01 12:46:51.591918,ELEC-day4,0.0,0.0,0.0,,,0,0,0,0,0,0,0,0
,,,,,,64,2026-02-01 12:46:51.591918,ELEC-day5,0.0,0.0,0.0,,,0,0,0,0,0,0,0,0
,,,,,,64,2026-02-01 12:46:51.591918,ELEC-day6,0.0,0.0,0.0,,,0,0,0,0,0,0,0,0
,,,,,,64,2026-02-01 12:46:51.591918,ELEC-F,0.0,0.0,0.0,,,0,0,0,0,0,0,0,0
4.0,1.0,1.0,,TEMPERATURE Forecast for DAY 2,The average temperature tomorrow is forecasted to be between 17 and 27 degrees Celsius.,65,2026-02-01 12:46:52.637571,NG,2.22,2.2,2.24,800000.0,800000.0,0,0,0,0,0,0,0,0
3.0,1.0,1.0,,You are logged in as a DISTRIBUTOR,,65,2026-02-01 12:46:52.637571,ELEC-day2,0.0,0.0,0.0,,,0,0,0,0,0,0,0,0
2.0,1.0,1.0,,FINES,"The fine for open positions of ELEC-dayX at the end of the day is $20,000/contract.",65,2026-02-01 12:46:52.637571,ELEC-day3,0.0,0.0,0.0,,,0,0,0,0,0,0,0,0
1.0,1.0,1.0,,Welcome to the RITC2026 GBE Energy Electricity Trading Case - practice server,,65,2026-02-01 12:46:52.637571,ELEC-day4,0.0,0.0,0.0,,,0,0,0,0,0,0,0,0
,,,,,,65,2026-02-01 12:46:52.637571,ELEC-day5,0.0,0.0,0.0,,,0,0,0,0,0,0,0,0
,,,,,,65,2026-02-01 12:46:52.637571,ELEC-day6,0.0,0.0,0.0,,,0,0,0,0,0,0,0,0
,,,,,,65,2026-02-01 12:46:52.637571,ELEC-F,0.0,0.0,0.0,,,0,0,0,0,0,0,0,0
4.0,1.0,1.0,,TEMPERATURE Forecast for DAY 2,The average temperature tomorrow is forecasted to be between 17 and 27 degrees Celsius.,66,2026-02-01 12:46:53.663743,NG,2.22,2.2,2.24,800000.0,800000.0,0,0,0,0,0,0,0,0
3.0,1.0,1.0,,You are logged in as a DISTRIBUTOR,,66,2026-02-01 12:46:53.663743,ELEC-day2,0.0,0.0,0.0,,,0,0,0,0,0,0,0,0
2.0,1.0,1.0,,FINES,"The fine for open positions of ELEC-dayX at the end of the day is $20,000/contract.",66,2026-02-01 12:46:53.663743,ELEC-day3,0.0,0.0,0.0,,,0,0,0,0,0,0,0,0
1.0,1.0,1.0,,Welcome to the RITC2026 GBE Energy Electricity Trading Case - practice server,,66,2026-02-01 12:46:53.663743,ELEC-day4,0.0,0.0,0.0,,,0,0,0,0,0,0,0,0
,,,,,,66,2026-02-01 12:46:53.663743,ELEC-day5,0.0,0.0,0.0,,,0,0,0,0,0,0,0,0
,,,,,,66,2026-02-01 12:46:53.663743,ELEC-day6,0.0,0.0,0.0,,,0,0,0,0,0,0,0,0
,,,,,,66,2026-02-01 12:46:53.663743,ELEC-F,0.0,0.0,0.0,,,0,0,0,0,0,0,0,0
4.0,1.0,1.0,,TEMPERATURE Forecast for DAY 2,The average temperature tomorrow is forecasted to be between 17 and 27 degrees Celsius.,67,2026-02-01 12:46:54.706910,NG,2.21,2.19,2.23,800000.0,800000.0,0,0,0,0,0,0,0,0
3.0,1.0,1.0,,You are logged in as a DISTRIBUTOR,,67,2026-02-01 12:46:54.706910,ELEC-day2,0.0,0.0,0.0,,,0,0,0,0,0,0,0,0
2.0,1.0,1.0,,FINES,"The fine for open positions of ELEC-dayX at the end of the day is $20,000/contract.",67,2026-02-01 12:46:54.706910,ELEC-day3,0.0,0.0,0.0,,,0,0,0,0,0,0,0,0
1.0,1.0,1.0,,Welcome to the RITC2026 GBE Energy Electricity Trading Case - practice server,,67,2026-02-01 12:46:54.706910,ELEC-day4,0.0,0.0,0.0,,,0,0,0,0,0,0,0,0
,,,,,,67,2026-02-01 12:46:54.706910,ELEC-day5,0.0,0.0,0.0,,,0,0,0,0,0,0,0,0
,,,,,,67,2026-02-01 12:46:54.706910,ELEC-day6,0.0,0.0,0.0,,,0,0,0,0,0,0,0,0
,,,,,,67,2026-02-01 12:46:54.706910,ELEC-F,0.0,0.0,0.0,,,0,0,0,0,0,0,0,0
4.0,1.0,1.0,,TEMPERATURE Forecast for DAY 2,The average temperature tomorrow is forecasted to be between 17 and 27 degrees Celsius.,68,2026-02-01 12:46:55.736078,NG,2.21,2.19,2.23,800000.0,800000.0,0,0,0,0,0,0,0,0
3.0,1.0,1.0,,You are logged in as a DISTRIBUTOR,,68,2026-02-01 12:46:55.736078,ELEC-day2,0.0,0.0,0.0,,,0,0,0,0,0,0,0,0
2.0,1.0,1.0,,FINES,"The fine for open positions of ELEC-dayX at the end of the day is $20,000/contract.",68,2026-02-01 12:46:55.736078,ELEC-day3,0.0,0.0,0.0,,,0,0,0,0,0,0,0,0
1.0,1.0,1.0,,Welcome to the RITC2026 GBE Energy Electricity Trading Case - practice server,,68,2026-02-01 12:46:55.736078,ELEC-day4,0.0,0.0,0.0,,,0,0,0,0,0,0,0,0
,,,,,,68,2026-02-01 12:46:55.736078,ELEC-day5,0.0,0.0,0.0,,,0,0,0,0,0,0,0,0
,,,,,,68,2026-02-01 12:46:55.736078,ELEC-day6,0.0,0.0,0.0,,,0,0,0,0,0,0,0,0
,,,,,,68,2026-02-01 12:46:55.736078,ELEC-F,0.0,0.0,0.0,,,0,0,0,0,0,0,0,0
4.0,1.0,1.0,,TEMPERATURE Forecast for DAY 2,The average temperature tomorrow is forecasted to be between 17 and 27 degrees Celsius.,69,2026-02-01 12:46:56.775579,NG,2.2,2.18,2.22,800000.0,800000.0,0,0,0,0,0,0,0,0
3.0,1.0,1.0,,You are logged in as a DISTRIBUTOR,,69,2026-02-01 12:46:56.775579,ELEC-day2,0.0,0.0,0.0,,,0,0,0,0,0,0,0,0
2.0,1.0,1.0,,FINES,"The fine for open positions of ELEC-dayX at the end of the day is $20,000/contract.",69,2026-02-01 12:46:56.775579,ELEC-day3,0.0,0.0,0.0,,,0,0,0,0,0,0,0,0
1.0,1.0,1.0,,Welcome to the RITC2026 GBE Energy Electricity Trading Case - practice server,,69,2026-02-01 12:46:56.775579,ELEC-day4,0.0,0.0,0.0,,,0,0,0,0,0,0,0,0
,,,,,,69,2026-02-01 12:46:56.775579,ELEC-day5,0.0,0.0,0.0,,,0,0,0,0,0,0,0,0
,,,,,,69,2026-02-01 12:46:56.775579,ELEC-day6,0.0,0.0,0.0,,,0,0,0,0,0,0,0,0
,,,,,,69,2026-02-01 12:46:56.775579,ELEC-F,0.0,0.0,0.0,,,0,0,0,0,0,0,0,0
4.0,1.0,1.0,,TEMPERATURE Forecast for DAY 2,The average temperature tomorrow is forecasted to be between 17 and 27 degrees Celsius.,70,2026-02-01 12:46:57.817961,NG,2.2,2.18,2.22,800000.0,800000.0,0,0,0,0,0,0,0,0
3.0,1.0,1.0,,You are logged in as a DISTRIBUTOR,,70,2026-02-01 12:46:57.817961,ELEC-day2,0.0,0.0,0.0,,,0,0,0,0,0,0,0,0
2.0,1.0,1.0,,FINES,"The fine for open positions of ELEC-dayX at the end of the day is $20,000/contract.",70,2026-02-01 12:46:57.817961,ELEC-day3,0.0,0.0,0.0,,,0,0,0,0,0,0,0,0
1.0,1.0,1.0,,Welcome to the RITC2026 GBE Energy Electricity Trading Case - practice server,,70,2026-02-01 12:46:57.817961,ELEC-day4,0.0,0.0,0.0,,,0,0,0,0,0,0,0,0
,,,,,,70,2026-02-01 12:46:57.817961,ELEC-day5,0.0,0.0,0.0,,,0,0,0,0,0,0,0,0
,,,,,,70,2026-02-01 12:46:57.817961,ELEC-day6,0.0,0.0,0.0,,,0,0,0,0,0,0,0,0
,,,,,,70,2026-02-01 12:46:57.817961,ELEC-F,0.0,0.0,0.0,,,0,0,0,0,0,0,0,0
4.0,1.0,1.0,,TEMPERATURE Forecast for DAY 2,The average temperature tomorrow is forecasted to be between 17 and 27 degrees Celsius.,71,2026-02-01 12:46:58.847702,NG,2.2,2.18,2.22,800000.0,800000.0,0,0,0,0,0,0,0,0
3.0,1.0,1.0,,You are logged in as a DISTRIBUTOR,,71,2026-02-01 12:46:58.847702,ELEC-day2,0.0,0.0,0.0,,,0,0,0,0,0,0,0,0
2.0,1.0,1.0,,FINES,"The fine for open positions of ELEC-dayX at the end of the day is $20,000/contract.",71,2026-02-01 12:46:58.847702,ELEC-day3,0.0,0.0,0.0,,,0,0,0,0,0,0,0,0
1.0,1.0,1.0,,Welcome to the RITC2026 GBE Energy Electricity Trading Case - practice server,,71,2026-02-01 12:46:58.847702,ELEC-day4,0.0,0.0,0.0,,,0,0,0,0,0,0,0,0
,,,,,,71,2026-02-01 12:46:58.847702,ELEC-day5,0.0,0.0,0.0,,,0,0,0,0,0,0,0,0
,,,,,,71,2026-02-01 12:46:58.847702,ELEC-day6,0.0,0.0,0.0,,,0,0,0,0,0,0,0,0
,,,,,,71,2026-02-01 12:46:58.847702,ELEC-F,0.0,0.0,0.0,,,0,0,0,0,0,0,0,0
4.0,1.0,1.0,,TEMPERATURE Forecast for DAY 2,The average temperature tomorrow is forecasted to be between 17 and 27 degrees Celsius.,72,2026-02-01 12:46:59.874889,NG,2.2,2.18,2.22,800000.0,800000.0,0,0,0,0,0,0,0,0
3.0,1.0,1.0,,You are logged in as a DISTRIBUTOR,,72,2026-02-01 12:46:59.874889,ELEC-day2,0.0,0.0,0.0,,,0,0,0,0,0,0,0,0
2.0,1.0,1.0,,FINES,"The fine for open positions of ELEC-dayX at the end of the day is $20,000/contract.",72,2026-02-01 12:46:59.874889,ELEC-day3,0.0,0.0,0.0,,,0,0,0,0,0,0,0,0
1.0,1.0,1.0,,Welcome to the RITC2026 GBE Energy Electricity Trading Case - practice server,,72,2026-02-01 12:46:59.874889,ELEC-day4,0.0,0.0,0.0,,,0,0,0,0,0,0,0,0
,,,,,,72,2026-02-01 12:46:59.874889,ELEC-day5,0.0,0.0,0.0,,,0,0,0,0,0,0,0,0
,,,,,,72,2026-02-01 12:46:59.874889,ELEC-day6,0.0,0.0,0.0,,,0,0,0,0,0,0,0,0
,,,,,,72,2026-02-01 12:46:59.874889,ELEC-F,0.0,0.0,0.0,,,0,0,0,0,0,0,0,0
4.0,1.0,1.0,,TEMPERATURE Forecast for DAY 2,The average temperature tomorrow is forecasted to be between 17 and 27 degrees Celsius.,73,2026-02-01 12:47:00.926136,NG,2.2,2.18,2.22,800000.0,800000.0,0,0,0,0,0,0,0,0
3.0,1.0,1.0,,You are logged in as a DISTRIBUTOR,,73,2026-02-01 12:47:00.926136,ELEC-day2,0.0,0.0,0.0,,,0,0,0,0,0,0,0,0
2.0,1.0,1.0,,FINES,"The fine for open positions of ELEC-dayX at the end of the day is $20,000/contract.",73,2026-02-01 12:47:00.926136,ELEC-day3,0.0,0.0,0.0,,,0,0,0,0,0,0,0,0
1.0,1.0,1.0,,Welcome to the RITC2026 GBE Energy Electricity Trading Case - practice server,,73,2026-02-01 12:47:00.926136,ELEC-day4,0.0,0.0,0.0,,,0,0,0,0,0,0,0,0
,,,,,,73,2026-02-01 12:47:00.926136,ELEC-day5,0.0,0.0,0.0,,,0,0,0,0,0,0,0,0
,,,,,,73,2026-02-01 12:47:00.926136,ELEC-day6,0.0,0.0,0.0,,,0,0,0,0,0,0,0,0
,,,,,,73,2026-02-01 12:47:00.926136,ELEC-F,0.0,0.0,0.0,,,0,0,0,0,0,0,0,0
4.0,1.0,1.0,,TEMPERATURE Forecast for DAY 2,The average temperature tomorrow is forecasted to be between 17 and 27 degrees Celsius.,74,2026-02-01 12:47:01.960582,NG,2.2,2.18,2.22,800000.0,800000.0,0,0,0,0,0,0,0,0
3.0,1.0,1.0,,You are logged in as a DISTRIBUTOR,,74,2026-02-01 12:47:01.960582,ELEC-day2,0.0,0.0,0.0,,,0,0,0,0,0,0,0,0
2.0,1.0,1.0,,FINES,"The fine for open positions of ELEC-dayX at the end of the day is $20,000/contract.",74,2026-02-01 12:47:01.960582,ELEC-day3,0.0,0.0,0.0,,,0,0,0,0,0,0,0,0
1.0,1.0,1.0,,Welcome to the RITC2026 GBE Energy Electricity Trading Case - practice server,,74,2026-02-01 12:47:01.960582,ELEC-day4,0.0,0.0,0.0,,,0,0,0,0,0,0,0,0
,,,,,,74,2026-02-01 12:47:01.960582,ELEC-day5,0.0,0.0,0.0,,,0,0,0,0,0,0,0,0
,,,,,,74,2026-02-01 12:47:01.960582,ELEC-day6,0.0,0.0,0.0,,,0,0,0,0,0,0,0,0
,,,,,,74,2026-02-01 12:47:01.960582,ELEC-F,0.0,0.0,0.0,,,0,0,0,0,0,0,0,0
4.0,1.0,1.0,,TEMPERATURE Forecast for DAY 2,The average temperature tomorrow is forecasted to be between 17 and 27 degrees Celsius.,75,2026-02-01 12:47:03.005847,NG,2.21,2.19,2.23,800000.0,800000.0,0,0,0,0,0,0,0,0
3.0,1.0,1.0,,You are logged in as a DISTRIBUTOR,,75,2026-02-01 12:47:03.005847,ELEC-day2,0.0,0.0,0.0,,,0,0,0,0,0,0,0,0
2.0,1.0,1.0,,FINES,"The fine for open positions of ELEC-dayX at the end of the day is $20,000/contract.",75,2026-02-01 12:47:03.005847,ELEC-day3,0.0,0.0,0.0,,,0,0,0,0,0,0,0,0
1.0,1.0,1.0,,Welcome to the RITC2026 GBE Energy Electricity Trading Case - practice server,,75,2026-02-01 12:47:03.005847,ELEC-day4,0.0,0.0,0.0,,,0,0,0,0,0,0,0,0
,,,,,,75,2026-02-01 12:47:03.005847,ELEC-day5,0.0,0.0,0.0,,,0,0,0,0,0,0,0,0
,,,,,,75,2026-02-01 12:47:03.005847,ELEC-day6,0.0,0.0,0.0,,,0,0,0,0,0,0,0,0
,,,,,,75,2026-02-01 12:47:03.005847,ELEC-F,0.0,0.0,0.0,,,0,0,0,0,0,0,0,0
4.0,1.0,1.0,,TEMPERATURE Forecast for DAY 2,The average temperature tomorrow is forecasted to be between 17 and 27 degrees Celsius.,76,2026-02-01 12:47:04.039099,NG,2.21,2.19,2.23,800000.0,800000.0,0,0,0,0,0,0,0,0
3.0,1.0,1.0,,You are logged in as a DISTRIBUTOR,,76,2026-02-01 12:47:04.039099,ELEC-day2,0.0,0.0,0.0,,,0,0,0,0,0,0,0,0
2.0,1.0,1.0,,FINES,"The fine for open positions of ELEC-dayX at the end of the day is $20,000/contract.",76,2026-02-01 12:47:04.039099,ELEC-day3,0.0,0.0,0.0,,,0,0,0,0,0,0,0,0
1.0,1.0,1.0,,Welcome to the RITC2026 GBE Energy Electricity Trading Case - practice server,,76,2026-02-01 12:47:04.039099,ELEC-day4,0.0,0.0,0.0,,,0,0,0,0,0,0,0,0
,,,,,,76,2026-02-01 12:47:04.039099,ELEC-day5,0.0,0.0,0.0,,,0,0,0,0,0,0,0,0
,,,,,,76,2026-02-01 12:47:04.039099,ELEC-day6,0.0,0.0,0.0,,,0,0,0,0,0,0,0,0
,,,,,,76,2026-02-01 12:47:04.039099,ELEC-F,0.0,0.0,0.0,,,0,0,0,0,0,0,0,0
4.0,1.0,1.0,,TEMPERATURE Forecast for DAY 2,The average temperature tomorrow is forecasted to be between 17 and 27 degrees Celsius.,78,2026-02-01 12:47:05.091565,NG,2.21,2.19,2.23,800000.0,800000.0,0,0,0,0,0,0,0,0
3.0,1.0,1.0,,You are logged in as a DISTRIBUTOR,,78,2026-02-01 12:47:05.091565,ELEC-day2,0.0,0.0,0.0,,,0,0,0,0,0,0,0,0
2.0,1.0,1.0,,FINES,"The fine for open positions of ELEC-dayX at the end of the day is $20,000/contract.",78,2026-02-01 12:47:05.091565,ELEC-day3,0.0,0.0,0.0,,,0,0,0,0,0,0,0,0
1.0,1.0,1.0,,Welcome to the RITC2026 GBE Energy Electricity Trading Case - practice server,,78,2026-02-01 12:47:05.091565,ELEC-day4,0.0,0.0,0.0,,,0,0,0,0,0,0,0,0
,,,,,,78,2026-02-01 12:47:05.091565,ELEC-day5,0.0,0.0,0.0,,,0,0,0,0,0,0,0,0
,,,,,,78,2026-02-01 12:47:05.091565,ELEC-day6,0.0,0.0,0.0,,,0,0,0,0,0,0,0,0
,,,,,,78,2026-02-01 12:47:05.091565,ELEC-F,0.0,0.0,0.0,,,0,0,0,0,0,0,0,0
4.0,1.0,1.0,,TEMPERATURE Forecast for DAY 2,The average temperature tomorrow is forecasted to be between 17 and 27 degrees Celsius.,79,2026-02-01 12:47:06.121444,NG,2.21,2.19,2.23,800000.0,800000.0,0,0,0,0,0,0,0,0
3.0,1.0,1.0,,You are logged in as a DISTRIBUTOR,,79,2026-02-01 12:47:06.121444,ELEC-day2,0.0,0.0,0.0,,,0,0,0,0,0,0,0,0
2.0,1.0,1.0,,FINES,"The fine for open positions of ELEC-dayX at the end of the day is $20,000/contract.",79,2026-02-01 12:47:06.121444,ELEC-day3,0.0,0.0,0.0,,,0,0,0,0,0,0,0,0
1.0,1.0,1.0,,Welcome to the RITC2026 GBE Energy Electricity Trading Case - practice server,,79,2026-02-01 12:47:06.121444,ELEC-day4,0.0,0.0,0.0,,,0,0,0,0,0,0,0,0
,,,,,,79,2026-02-01 12:47:06.121444,ELEC-day5,0.0,0.0,0.0,,,0,0,0,0,0,0,0,0
,,,,,,79,2026-02-01 12:47:06.121444,ELEC-day6,0.0,0.0,0.0,,,0,0,0,0,0,0,0,0
,,,,,,79,2026-02-01 12:47:06.121444,ELEC-F,0.0,0.0,0.0,,,0,0,0,0,0,0,0,0
4.0,1.0,1.0,,TEMPERATURE Forecast for DAY 2,The average temperature tomorrow is forecasted to be between 17 and 27 degrees Celsius.,80,2026-02-01 12:47:07.154402,NG,2.2,2.18,2.22,800000.0,800000.0,0,0,0,0,0,0,0,0
3.0,1.0,1.0,,You are logged in as a DISTRIBUTOR,,80,2026-02-01 12:47:07.154402,ELEC-day2,0.0,0.0,0.0,,,0,0,0,0,0,0,0,0
2.0,1.0,1.0,,FINES,"The fine for open positions of ELEC-dayX at the end of the day is $20,000/contract.",80,2026-02-01 12:47:07.154402,ELEC-day3,0.0,0.0,0.0,,,0,0,0,0,0,0,0,0
1.0,1.0,1.0,,Welcome to the RITC2026 GBE Energy Electricity Trading Case - practice server,,80,2026-02-01 12:47:07.154402,ELEC-day4,0.0,0.0,0.0,,,0,0,0,0,0,0,0,0
,,,,,,80,2026-02-01 12:47:07.154402,ELEC-day5,0.0,0.0,0.0,,,0,0,0,0,0,0,0,0
,,,,,,80,2026-02-01 12:47:07.154402,ELEC-day6,0.0,0.0,0.0,,,0,0,0,0,0,0,0,0
,,,,,,80,2026-02-01 12:47:07.154402,ELEC-F,0.0,0.0,0.0,,,0,0,0,0,0,0,0,0
4.0,1.0,1.0,,TEMPERATURE Forecast for DAY 2,The average temperature tomorrow is forecasted to be between 17 and 27 degrees Celsius.,81,2026-02-01 12:47:08.189613,NG,2.2,2.18,2.22,800000.0,800000.0,0,0,0,0,0,0,0,0
3.0,1.0,1.0,,You are logged in as a DISTRIBUTOR,,81,2026-02-01 12:47:08.189613,ELEC-day2,0.0,0.0,0.0,,,0,0,0,0,0,0,0,0
2.0,1.0,1.0,,FINES,"The fine for open positions of ELEC-dayX at the end of the day is $20,000/contract.",81,2026-02-01 12:47:08.189613,ELEC-day3,0.0,0.0,0.0,,,0,0,0,0,0,0,0,0
1.0,1.0,1.0,,Welcome to the RITC2026 GBE Energy Electricity Trading Case - practice server,,81,2026-02-01 12:47:08.189613,ELEC-day4,0.0,0.0,0.0,,,0,0,0,0,0,0,0,0
,,,,,,81,2026-02-01 12:47:08.189613,ELEC-day5,0.0,0.0,0.0,,,0,0,0,0,0,0,0,0
,,,,,,81,2026-02-01 12:47:08.189613,ELEC-day6,0.0,0.0,0.0,,,0,0,0,0,0,0,0,0
,,,,,,81,2026-02-01 12:47:08.189613,ELEC-F,0.0,0.0,0.0,,,0,0,0,0,0,0,0,0
4.0,1.0,1.0,,TEMPERATURE Forecast for DAY 2,The average temperature tomorrow is forecasted to be between 17 and 27 degrees Celsius.,82,2026-02-01 12:47:09.220534,NG,2.2,2.18,2.22,800000.0,800000.0,0,0,0,0,0,0,0,0
3.0,1.0,1.0,,You are logged in as a DISTRIBUTOR,,82,2026-02-01 12:47:09.220534,ELEC-day2,0.0,0.0,0.0,,,0,0,0,0,0,0,0,0
2.0,1.0,1.0,,FINES,"The fine for open positions of ELEC-dayX at the end of the day is $20,000/contract.",82,2026-02-01 12:47:09.220534,ELEC-day3,0.0,0.0,0.0,,,0,0,0,0,0,0,0,0
1.0,1.0,1.0,,Welcome to the RITC2026 GBE Energy Electricity Trading Case - practice server,,82,2026-02-01 12:47:09.220534,ELEC-day4,0.0,0.0,0.0,,,0,0,0,0,0,0,0,0
,,,,,,82,2026-02-01 12:47:09.220534,ELEC-day5,0.0,0.0,0.0,,,0,0,0,0,0,0,0,0
,,,,,,82,2026-02-01 12:47:09.220534,ELEC-day6,0.0,0.0,0.0,,,0,0,0,0,0,0,0,0
,,,,,,82,2026-02-01 12:47:09.220534,ELEC-F,0.0,0.0,0.0,,,0,0,0,0,0,0,0,0
4.0,1.0,1.0,,TEMPERATURE Forecast for DAY 2,The average temperature tomorrow is forecasted to be between 17 and 27 degrees Celsius.,83,2026-02-01 12:47:10.252387,NG,2.2,2.18,2.22,800000.0,800000.0,0,0,0,0,0,0,0,0
3.0,1.0,1.0,,You are logged in as a DISTRIBUTOR,,83,2026-02-01 12:47:10.252387,ELEC-day2,0.0,0.0,0.0,,,0,0,0,0,0,0,0,0
2.0,1.0,1.0,,FINES,"The fine for open positions of ELEC-dayX at the end of the day is $20,000/contract.",83,2026-02-01 12:47:10.252387,ELEC-day3,0.0,0.0,0.0,,,0,0,0,0,0,0,0,0
1.0,1.0,1.0,,Welcome to the RITC2026 GBE Energy Electricity Trading Case - practice server,,83,2026-02-01 12:47:10.252387,ELEC-day4,0.0,0.0,0.0,,,0,0,0,0,0,0,0,0
,,,,,,83,2026-02-01 12:47:10.252387,ELEC-day5,0.0,0.0,0.0,,,0,0,0,0,0,0,0,0
,,,,,,83,2026-02-01 12:47:10.252387,ELEC-day6,0.0,0.0,0.0,,,0,0,0,0,0,0,0,0
,,,,,,83,2026-02-01 12:47:10.252387,ELEC-F,0.0,0.0,0.0,,,0,0,0,0,0,0,0,0
4.0,1.0,1.0,,TEMPERATURE Forecast for DAY 2,The average temperature tomorrow is forecasted to be between 17 and 27 degrees Celsius.,84,2026-02-01 12:47:11.288041,NG,2.2,2.18,2.22,800000.0,800000.0,0,0,0,0,0,0,0,0
3.0,1.0,1.0,,You are logged in as a DISTRIBUTOR,,84,2026-02-01 12:47:11.288041,ELEC-day2,0.0,0.0,0.0,,,0,0,0,0,0,0,0,0
2.0,1.0,1.0,,FINES,"The fine for open positions of ELEC-dayX at the end of the day is $20,000/contract.",84,2026-02-01 12:47:11.288041,ELEC-day3,0.0,0.0,0.0,,,0,0,0,0,0,0,0,0
1.0,1.0,1.0,,Welcome to the RITC2026 GBE Energy Electricity Trading Case - practice server,,84,2026-02-01 12:47:11.288041,ELEC-day4,0.0,0.0,0.0,,,0,0,0,0,0,0,0,0
,,,,,,84,2026-02-01 12:47:11.288041,ELEC-day5,0.0,0.0,0.0,,,0,0,0,0,0,0,0,0
,,,,,,84,2026-02-01 12:47:11.288041,ELEC-day6,0.0,0.0,0.0,,,0,0,0,0,0,0,0,0
,,,,,,84,2026-02-01 12:47:11.288041,ELEC-F,0.0,0.0,0.0,,,0,0,0,0,0,0,0,0
4.0,1.0,1.0,,TEMPERATURE Forecast for DAY 2,The average temperature tomorrow is forecasted to be between 17 and 27 degrees Celsius.,85,2026-02-01 12:47:12.305719,NG,2.21,2.19,2.23,800000.0,800000.0,0,0,0,0,0,0,0,0
3.0,1.0,1.0,,You are logged in as a DISTRIBUTOR,,85,2026-02-01 12:47:12.305719,ELEC-day2,0.0,0.0,0.0,,,0,0,0,0,0,0,0,0
2.0,1.0,1.0,,FINES,"The fine for open positions of ELEC-dayX at the end of the day is $20,000/contract.",85,2026-02-01 12:47:12.305719,ELEC-day3,0.0,0.0,0.0,,,0,0,0,0,0,0,0,0
1.0,1.0,1.0,,Welcome to the RITC2026 GBE Energy Electricity Trading Case - practice server,,85,2026-02-01 12:47:12.305719,ELEC-day4,0.0,0.0,0.0,,,0,0,0,0,0,0,0,0
,,,,,,85,2026-02-01 12:47:12.305719,ELEC-day5,0.0,0.0,0.0,,,0,0,0,0,0,0,0,0
,,,,,,85,2026-02-01 12:47:12.305719,ELEC-day6,0.0,0.0,0.0,,,0,0,0,0,0,0,0,0
,,,,,,85,2026-02-01 12:47:12.305719,ELEC-F,0.0,0.0,0.0,,,0,0,0,0,0,0,0,0
4.0,1.0,1.0,,TEMPERATURE Forecast for DAY 2,The average temperature tomorrow is forecasted to be between 17 and 27 degrees Celsius.,86,2026-02-01 12:47:13.332138,NG,2.22,2.2,2.24,800000.0,800000.0,0,0,0,0,0,0,0,0
3.0,1.0,1.0,,You are logged in as a DISTRIBUTOR,,86,2026-02-01 12:47:13.332138,ELEC-day2,0.0,0.0,0.0,,,0,0,0,0,0,0,0,0
2.0,1.0,1.0,,FINES,"The fine for open positions of ELEC-dayX at the end of the day is $20,000/contract.",86,2026-02-01 12:47:13.332138,ELEC-day3,0.0,0.0,0.0,,,0,0,0,0,0,0,0,0
1.0,1.0,1.0,,Welcome to the RITC2026 GBE Energy Electricity Trading Case - practice server,,86,2026-02-01 12:47:13.332138,ELEC-day4,0.0,0.0,0.0,,,0,0,0,0,0,0,0,0
,,,,,,86,2026-02-01 12:47:13.332138,ELEC-day5,0.0,0.0,0.0,,,0,0,0,0,0,0,0,0
,,,,,,86,2026-02-01 12:47:13.332138,ELEC-day6,0.0,0.0,0.0,,,0,0,0,0,0,0,0,0
,,,,,,86,2026-02-01 12:47:13.332138,ELEC-F,0.0,0.0,0.0,,,0,0,0,0,0,0,0,0
4.0,1.0,1.0,,TEMPERATURE Forecast for DAY 2,The average temperature tomorrow is forecasted to be between 17 and 27 degrees Celsius.,87,2026-02-01 12:47:14.371692,NG,2.24,2.22,2.26,800000.0,800000.0,0,0,0,0,0,0,0,0
3.0,1.0,1.0,,You are logged in as a DISTRIBUTOR,,87,2026-02-01 12:47:14.371692,ELEC-day2,0.0,0.0,0.0,,,0,0,0,0,0,0,0,0
2.0,1.0,1.0,,FINES,"The fine for open positions of ELEC-dayX at the end of the day is $20,000/contract.",87,2026-02-01 12:47:14.371692,ELEC-day3,0.0,0.0,0.0,,,0,0,0,0,0,0,0,0
1.0,1.0,1.0,,Welcome to the RITC2026 GBE Energy Electricity Trading Case - practice server,,87,2026-02-01 12:47:14.371692,ELEC-day4,0.0,0.0,0.0,,,0,0,0,0,0,0,0,0
,,,,,,87,2026-02-01 12:47:14.371692,ELEC-day5,0.0,0.0,0.0,,,0,0,0,0,0,0,0,0
,,,,,,87,2026-02-01 12:47:14.371692,ELEC-day6,0.0,0.0,0.0,,,0,0,0,0,0,0,0,0
,,,,,,87,2026-02-01 12:47:14.371692,ELEC-F,0.0,0.0,0.0,,,0,0,0,0,0,0,0,0
4.0,1.0,1.0,,TEMPERATURE Forecast for DAY 2,The average temperature tomorrow is forecasted to be between 17 and 27 degrees Celsius.,88,2026-02-01 12:47:15.411857,NG,2.24,2.22,2.26,800000.0,800000.0,0,0,0,0,0,0,0,0
3.0,1.0,1.0,,You are logged in as a DISTRIBUTOR,,88,2026-02-01 12:47:15.411857,ELEC-day2,0.0,0.0,0.0,,,0,0,0,0,0,0,0,0
2.0,1.0,1.0,,FINES,"The fine for open positions of ELEC-dayX at the end of the day is $20,000/contract.",88,2026-02-01 12:47:15.411857,ELEC-day3,0.0,0.0,0.0,,,0,0,0,0,0,0,0,0
1.0,1.0,1.0,,Welcome to the RITC2026 GBE Energy Electricity Trading Case - practice server,,88,2026-02-01 12:47:15.411857,ELEC-day4,0.0,0.0,0.0,,,0,0,0,0,0,0,0,0
,,,,,,88,2026-02-01 12:47:15.411857,ELEC-day5,0.0,0.0,0.0,,,0,0,0,0,0,0,0,0
,,,,,,88,2026-02-01 12:47:15.411857,ELEC-day6,0.0,0.0,0.0,,,0,0,0,0,0,0,0,0
,,,,,,88,2026-02-01 12:47:15.411857,ELEC-F,0.0,0.0,0.0,,,0,0,0,0,0,0,0,0
4.0,1.0,1.0,,TEMPERATURE Forecast for DAY 2,The average temperature tomorrow is forecasted to be between 17 and 27 degrees Celsius.,89,2026-02-01 12:47:16.449986,NG,2.24,2.22,2.26,800000.0,800000.0,0,0,0,0,0,0,0,0
3.0,1.0,1.0,,You are logged in as a DISTRIBUTOR,,89,2026-02-01 12:47:16.449986,ELEC-day2,0.0,0.0,0.0,,,0,0,0,0,0,0,0,0
2.0,1.0,1.0,,FINES,"The fine for open positions of ELEC-dayX at the end of the day is $20,000/contract.",89,2026-02-01 12:47:16.449986,ELEC-day3,0.0,0.0,0.0,,,0,0,0,0,0,0,0,0
1.0,1.0,1.0,,Welcome to the RITC2026 GBE Energy Electricity Trading Case - practice server,,89,2026-02-01 12:47:16.449986,ELEC-day4,0.0,0.0,0.0,,,0,0,0,0,0,0,0,0
,,,,,,89,2026-02-01 12:47:16.449986,ELEC-day5,0.0,0.0,0.0,,,0,0,0,0,0,0,0,0
,,,,,,89,2026-02-01 12:47:16.449986,ELEC-day6,0.0,0.0,0.0,,,0,0,0,0,0,0,0,0
,,,,,,89,2026-02-01 12:47:16.449986,ELEC-F,0.0,0.0,0.0,,,0,0,0,0,0,0,0,0
5.0,1.0,89.0,,TEMPERATURE Forecast for DAY 2,The average temperature tomorrow is forecasted to be between 14 and 21 degrees Celsius.,90,2026-02-01 12:47:17.489523,NG,2.24,2.22,2.26,800000.0,800000.0,0,0,0,0,0,0,0,0
4.0,1.0,1.0,,TEMPERATURE Forecast for DAY 2,The average temperature tomorrow is forecasted to be between 17 and 27 degrees Celsius.,90,2026-02-01 12:47:17.489523,ELEC-day2,0.0,0.0,0.0,,,0,0,0,0,0,0,0,0
3.0,1.0,1.0,,You are logged in as a DISTRIBUTOR,,90,2026-02-01 12:47:17.489523,ELEC-day3,0.0,0.0,0.0,,,0,0,0,0,0,0,0,0
2.0,1.0,1.0,,FINES,"The fine for open positions of ELEC-dayX at the end of the day is $20,000/contract.",90,2026-02-01 12:47:17.489523,ELEC-day4,0.0,0.0,0.0,,,0,0,0,0,0,0,0,0
1.0,1.0,1.0,,Welcome to the RITC2026 GBE Energy Electricity Trading Case - practice server,,90,2026-02-01 12:47:17.489523,ELEC-day5,0.0,0.0,0.0,,,0,0,0,0,0,0,0,0
,,,,,,90,2026-02-01 12:47:17.489523,ELEC-day6,0.0,0.0,0.0,,,0,0,0,0,0,0,0,0
,,,,,,90,2026-02-01 12:47:17.489523,ELEC-F,0.0,0.0,0.0,,,0,0,0,0,0,0,0,0
5.0,1.0,89.0,,TEMPERATURE Forecast for DAY 2,The average temperature tomorrow is forecasted to be between 14 and 21 degrees Celsius.,91,2026-02-01 12:47:18.525887,NG,2.24,2.22,2.26,800000.0,800000.0,0,0,0,0,0,0,0,0
4.0,1.0,1.0,,TEMPERATURE Forecast for DAY 2,The average temperature tomorrow is forecasted to be between 17 and 27 degrees Celsius.,91,2026-02-01 12:47:18.525887,ELEC-day2,0.0,0.0,0.0,,,0,0,0,0,0,0,0,0
3.0,1.0,1.0,,You are logged in as a DISTRIBUTOR,,91,2026-02-01 12:47:18.525887,ELEC-day3,0.0,0.0,0.0,,,0,0,0,0,0,0,0,0
2.0,1.0,1.0,,FINES,"The fine for open positions of ELEC-dayX at the end of the day is $20,000/contract.",91,2026-02-01 12:47:18.525887,ELEC-day4,0.0,0.0,0.0,,,0,0,0,0,0,0,0,0
1.0,1.0,1.0,,Welcome to the RITC2026 GBE Energy Electricity Trading Case - practice server,,91,2026-02-01 12:47:18.525887,ELEC-day5,0.0,0.0,0.0,,,0,0,0,0,0,0,0,0
,,,,,,91,2026-02-01 12:47:18.525887,ELEC-day6,0.0,0.0,0.0,,,0,0,0,0,0,0,0,0
,,,,,,91,2026-02-01 12:47:18.525887,ELEC-F,0.0,0.0,0.0,,,0,0,0,0,0,0,0,0
5.0,1.0,89.0,,TEMPERATURE Forecast for DAY 2,The average temperature tomorrow is forecasted to be between 14 and 21 degrees Celsius.,92,2026-02-01 12:47:19.556879,NG,2.24,2.22,2.26,800000.0,800000.0,0,0,0,0,0,0,0,0
4.0,1.0,1.0,,TEMPERATURE Forecast for DAY 2,The average temperature tomorrow is forecasted to be between 17 and 27 degrees Celsius.,92,2026-02-01 12:47:19.556879,ELEC-day2,0.0,0.0,0.0,,,0,0,0,0,0,0,0,0
3.0,1.0,1.0,,You are logged in as a DISTRIBUTOR,,92,2026-02-01 12:47:19.556879,ELEC-day3,0.0,0.0,0.0,,,0,0,0,0,0,0,0,0
2.0,1.0,1.0,,FINES,"The fine for open positions of ELEC-dayX at the end of the day is $20,000/contract.",92,2026-02-01 12:47:19.556879,ELEC-day4,0.0,0.0,0.0,,,0,0,0,0,0,0,0,0
1.0,1.0,1.0,,Welcome to the RITC2026 GBE Energy Electricity Trading Case - practice server,,92,2026-02-01 12:47:19.556879,ELEC-day5,0.0,0.0,0.0,,,0,0,0,0,0,0,0,0
,,,,,,92,2026-02-01 12:47:19.556879,ELEC-day6,0.0,0.0,0.0,,,0,0,0,0,0,0,0,0
,,,,,,92,2026-02-01 12:47:19.556879,ELEC-F,0.0,0.0,0.0,,,0,0,0,0,0,0,0,0
5.0,1.0,89.0,,TEMPERATURE Forecast for DAY 2,The average temperature tomorrow is forecasted to be between 14 and 21 degrees Celsius.,93,2026-02-01 12:47:20.581834,NG,2.23,2.21,2.25,800000.0,800000.0,0,0,0,0,0,0,0,0
4.0,1.0,1.0,,TEMPERATURE Forecast for DAY 2,The average temperature tomorrow is forecasted to be between 17 and 27 degrees Celsius.,93,2026-02-01 12:47:20.581834,ELEC-day2,0.0,0.0,0.0,,,0,0,0,0,0,0,0,0
3.0,1.0,1.0,,You are logged in as a DISTRIBUTOR,,93,2026-02-01 12:47:20.581834,ELEC-day3,0.0,0.0,0.0,,,0,0,0,0,0,0,0,0
2.0,1.0,1.0,,FINES,"The fine for open positions of ELEC-dayX at the end of the day is $20,000/contract.",93,2026-02-01 12:47:20.581834,ELEC-day4,0.0,0.0,0.0,,,0,0,0,0,0,0,0,0
1.0,1.0,1.0,,Welcome to the RITC2026 GBE Energy Electricity Trading Case - practice server,,93,2026-02-01 12:47:20.581834,ELEC-day5,0.0,0.0,0.0,,,0,0,0,0,0,0,0,0
,,,,,,93,2026-02-01 12:47:20.581834,ELEC-day6,0.0,0.0,0.0,,,0,0,0,0,0,0,0,0
,,,,,,93,2026-02-01 12:47:20.581834,ELEC-F,0.0,0.0,0.0,,,0,0,0,0,0,0,0,0
5.0,1.0,89.0,,TEMPERATURE Forecast for DAY 2,The average temperature tomorrow is forecasted to be between 14 and 21 degrees Celsius.,94,2026-02-01 12:47:21.623118,NG,2.24,2.22,2.26,800000.0,800000.0,0,0,0,0,0,0,0,0
4.0,1.0,1.0,,TEMPERATURE Forecast for DAY 2,The average temperature tomorrow is forecasted to be between 17 and 27 degrees Celsius.,94,2026-02-01 12:47:21.623118,ELEC-day2,0.0,0.0,0.0,,,0,0,0,0,0,0,0,0
3.0,1.0,1.0,,You are logged in as a DISTRIBUTOR,,94,2026-02-01 12:47:21.623118,ELEC-day3,0.0,0.0,0.0,,,0,0,0,0,0,0,0,0
2.0,1.0,1.0,,FINES,"The fine for open positions of ELEC-dayX at the end of the day is $20,000/contract.",94,2026-02-01 12:47:21.623118,ELEC-day4,0.0,0.0,0.0,,,0,0,0,0,0,0,0,0
1.0,1.0,1.0,,Welcome to the RITC2026 GBE Energy Electricity Trading Case - practice server,,94,2026-02-01 12:47:21.623118,ELEC-day5,0.0,0.0,0.0,,,0,0,0,0,0,0,0,0
,,,,,,94,2026-02-01 12:47:21.623118,ELEC-day6,0.0,0.0,0.0,,,0,0,0,0,0,0,0,0
,,,,,,94,2026-02-01 12:47:21.623118,ELEC-F,0.0,0.0,0.0,,,0,0,0,0,0,0,0,0
5.0,1.0,89.0,,TEMPERATURE Forecast for DAY 2,The average temperature tomorrow is forecasted to be between 14 and 21 degrees Celsius.,95,2026-02-01 12:47:22.650385,NG,2.24,2.22,2.26,800000.0,800000.0,0,0,0,0,0,0,0,0
4.0,1.0,1.0,,TEMPERATURE Forecast for DAY 2,The average temperature tomorrow is forecasted to be between 17 and 27 degrees Celsius.,95,2026-02-01 12:47:22.650385,ELEC-day2,0.0,0.0,0.0,,,0,0,0,0,0,0,0,0
3.0,1.0,1.0,,You are logged in as a DISTRIBUTOR,,95,2026-02-01 12:47:22.650385,ELEC-day3,0.0,0.0,0.0,,,0,0,0,0,0,0,0,0
2.0,1.0,1.0,,FINES,"The fine for open positions of ELEC-dayX at the end of the day is $20,000/contract.",95,2026-02-01 12:47:22.650385,ELEC-day4,0.0,0.0,0.0,,,0,0,0,0,0,0,0,0
1.0,1.0,1.0,,Welcome to the RITC2026 GBE Energy Electricity Trading Case - practice server,,95,2026-02-01 12:47:22.650385,ELEC-day5,0.0,0.0,0.0,,,0,0,0,0,0,0,0,0
,,,,,,95,2026-02-01 12:47:22.650385,ELEC-day6,0.0,0.0,0.0,,,0,0,0,0,0,0,0,0
,,,,,,95,2026-02-01 12:47:22.650385,ELEC-F,0.0,0.0,0.0,,,0,0,0,0,0,0,0,0
5.0,1.0,89.0,,TEMPERATURE Forecast for DAY 2,The average temperature tomorrow is forecasted to be between 14 and 21 degrees Celsius.,96,2026-02-01 12:47:23.684494,NG,2.24,2.22,2.26,800000.0,800000.0,0,0,0,0,0,0,0,0
4.0,1.0,1.0,,TEMPERATURE Forecast for DAY 2,The average temperature tomorrow is forecasted to be between 17 and 27 degrees Celsius.,96,2026-02-01 12:47:23.684494,ELEC-day2,0.0,0.0,0.0,,,0,0,0,0,0,0,0,0
3.0,1.0,1.0,,You are logged in as a DISTRIBUTOR,,96,2026-02-01 12:47:23.684494,ELEC-day3,0.0,0.0,0.0,,,0,0,0,0,0,0,0,0
2.0,1.0,1.0,,FINES,"The fine for open positions of ELEC-dayX at the end of the day is $20,000/contract.",96,2026-02-01 12:47:23.684494,ELEC-day4,0.0,0.0,0.0,,,0,0,0,0,0,0,0,0
1.0,1.0,1.0,,Welcome to the RITC2026 GBE Energy Electricity Trading Case - practice server,,96,2026-02-01 12:47:23.684494,ELEC-day5,0.0,0.0,0.0,,,0,0,0,0,0,0,0,0
,,,,,,96,2026-02-01 12:47:23.684494,ELEC-day6,0.0,0.0,0.0,,,0,0,0,0,0,0,0,0
,,,,,,96,2026-02-01 12:47:23.684494,ELEC-F,0.0,0.0,0.0,,,0,0,0,0,0,0,0,0
5.0,1.0,89.0,,TEMPERATURE Forecast for DAY 2,The average temperature tomorrow is forecasted to be between 14 and 21 degrees Celsius.,97,2026-02-01 12:47:24.721447,NG,2.24,2.22,2.26,800000.0,800000.0,0,0,0,0,0,0,0,0
4.0,1.0,1.0,,TEMPERATURE Forecast for DAY 2,The average temperature tomorrow is forecasted to be between 17 and 27 degrees Celsius.,97,2026-02-01 12:47:24.721447,ELEC-day2,0.0,0.0,0.0,,,0,0,0,0,0,0,0,0
3.0,1.0,1.0,,You are logged in as a DISTRIBUTOR,,97,2026-02-01 12:47:24.721447,ELEC-day3,0.0,0.0,0.0,,,0,0,0,0,0,0,0,0
2.0,1.0,1.0,,FINES,"The fine for open positions of ELEC-dayX at the end of the day is $20,000/contract.",97,2026-02-01 12:47:24.721447,ELEC-day4,0.0,0.0,0.0,,,0,0,0,0,0,0,0,0
1.0,1.0,1.0,,Welcome to the RITC2026 GBE Energy Electricity Trading Case - practice server,,97,2026-02-01 12:47:24.721447,ELEC-day5,0.0,0.0,0.0,,,0,0,0,0,0,0,0,0
,,,,,,97,2026-02-01 12:47:24.721447,ELEC-day6,0.0,0.0,0.0,,,0,0,0,0,0,0,0,0
,,,,,,97,2026-02-01 12:47:24.721447,ELEC-F,0.0,0.0,0.0,,,0,0,0,0,0,0,0,0
5.0,1.0,89.0,,TEMPERATURE Forecast for DAY 2,The average temperature tomorrow is forecasted to be between 14 and 21 degrees Celsius.,98,2026-02-01 12:47:25.757606,NG,2.25,2.23,2.27,800000.0,800000.0,0,0,0,0,0,0,0,0
4.0,1.0,1.0,,TEMPERATURE Forecast for DAY 2,The average temperature tomorrow is forecasted to be between 17 and 27 degrees Celsius.,98,2026-02-01 12:47:25.757606,ELEC-day2,0.0,0.0,0.0,,,0,0,0,0,0,0,0,0
3.0,1.0,1.0,,You are logged in as a DISTRIBUTOR,,98,2026-02-01 12:47:25.757606,ELEC-day3,0.0,0.0,0.0,,,0,0,0,0,0,0,0,0
2.0,1.0,1.0,,FINES,"The fine for open positions of ELEC-dayX at the end of the day is $20,000/contract.",98,2026-02-01 12:47:25.757606,ELEC-day4,0.0,0.0,0.0,,,0,0,0,0,0,0,0,0
1.0,1.0,1.0,,Welcome to the RITC2026 GBE Energy Electricity Trading Case - practice server,,98,2026-02-01 12:47:25.757606,ELEC-day5,0.0,0.0,0.0,,,0,0,0,0,0,0,0,0
,,,,,,98,2026-02-01 12:47:25.757606,ELEC-day6,0.0,0.0,0.0,,,0,0,0,0,0,0,0,0
,,,,,,98,2026-02-01 12:47:25.757606,ELEC-F,0.0,0.0,0.0,,,0,0,0,0,0,0,0,0
5.0,1.0,89.0,,TEMPERATURE Forecast for DAY 2,The average temperature tomorrow is forecasted to be between 14 and 21 degrees Celsius.,99,2026-02-01 12:47:26.789273,NG,2.26,2.24,2.28,800000.0,800000.0,0,0,0,0,0,0,0,0
4.0,1.0,1.0,,TEMPERATURE Forecast for DAY 2,The average temperature tomorrow is forecasted to be between 17 and 27 degrees Celsius.,99,2026-02-01 12:47:26.789273,ELEC-day2,0.0,0.0,0.0,,,0,0,0,0,0,0,0,0
3.0,1.0,1.0,,You are logged in as a DISTRIBUTOR,,99,2026-02-01 12:47:26.789273,ELEC-day3,0.0,0.0,0.0,,,0,0,0,0,0,0,0,0
2.0,1.0,1.0,,FINES,"The fine for open positions of ELEC-dayX at the end of the day is $20,000/contract.",99,2026-02-01 12:47:26.789273,ELEC-day4,0.0,0.0,0.0,,,0,0,0,0,0,0,0,0
1.0,1.0,1.0,,Welcome to the RITC2026 GBE Energy Electricity Trading Case - practice server,,99,2026-02-01 12:47:26.789273,ELEC-day5,0.0,0.0,0.0,,,0,0,0,0,0,0,0,0
,,,,,,99,2026-02-01 12:47:26.789273,ELEC-day6,0.0,0.0,0.0,,,0,0,0,0,0,0,0,0
,,,,,,99,2026-02-01 12:47:26.789273,ELEC-F,0.0,0.0,0.0,,,0,0,0,0,0,0,0,0
5.0,1.0,89.0,,TEMPERATURE Forecast for DAY 2,The average temperature tomorrow is forecasted to be between 14 and 21 degrees Celsius.,100,2026-02-01 12:47:27.821925,NG,2.25,2.23,2.27,800000.0,800000.0,0,0,0,0,0,0,0,0
4.0,1.0,1.0,,TEMPERATURE Forecast for DAY 2,The average temperature tomorrow is forecasted to be between 17 and 27 degrees Celsius.,100,2026-02-01 12:47:27.821925,ELEC-day2,0.0,0.0,0.0,,,0,0,0,0,0,0,0,0
3.0,1.0,1.0,,You are logged in as a DISTRIBUTOR,,100,2026-02-01 12:47:27.821925,ELEC-day3,0.0,0.0,0.0,,,0,0,0,0,0,0,0,0
2.0,1.0,1.0,,FINES,"The fine for open positions of ELEC-dayX at the end of the day is $20,000/contract.",100,2026-02-01 12:47:27.821925,ELEC-day4,0.0,0.0,0.0,,,0,0,0,0,0,0,0,0
1.0,1.0,1.0,,Welcome to the RITC2026 GBE Energy Electricity Trading Case - practice server,,100,2026-02-01 12:47:27.821925,ELEC-day5,0.0,0.0,0.0,,,0,0,0,0,0,0,0,0
,,,,,,100,2026-02-01 12:47:27.821925,ELEC-day6,0.0,0.0,0.0,,,0,0,0,0,0,0,0,0
,,,,,,100,2026-02-01 12:47:27.821925,ELEC-F,0.0,0.0,0.0,,,0,0,0,0,0,0,0,0
5.0,1.0,89.0,,TEMPERATURE Forecast for DAY 2,The average temperature tomorrow is forecasted to be between 14 and 21 degrees Celsius.,101,2026-02-01 12:47:28.855358,NG,2.26,2.24,2.28,800000.0,800000.0,0,0,0,0,0,0,0,0
4.0,1.0,1.0,,TEMPERATURE Forecast for DAY 2,The average temperature tomorrow is forecasted to be between 17 and 27 degrees Celsius.,101,2026-02-01 12:47:28.855358,ELEC-day2,0.0,0.0,0.0,,,0,0,0,0,0,0,0,0
3.0,1.0,1.0,,You are logged in as a DISTRIBUTOR,,101,2026-02-01 12:47:28.855358,ELEC-day3,0.0,0.0,0.0,,,0,0,0,0,0,0,0,0
2.0,1.0,1.0,,FINES,"The fine for open positions of ELEC-dayX at the end of the day is $20,000/contract.",101,2026-02-01 12:47:28.855358,ELEC-day4,0.0,0.0,0.0,,,0,0,0,0,0,0,0,0
1.0,1.0,1.0,,Welcome to the RITC2026 GBE Energy Electricity Trading Case - practice server,,101,2026-02-01 12:47:28.855358,ELEC-day5,0.0,0.0,0.0,,,0,0,0,0,0,0,0,0
,,,,,,101,2026-02-01 12:47:28.855358,ELEC-day6,0.0,0.0,0.0,,,0,0,0,0,0,0,0,0
,,,,,,101,2026-02-01 12:47:28.855358,ELEC-F,0.0,0.0,0.0,,,0,0,0,0,0,0,0,0
5.0,1.0,89.0,,TEMPERATURE Forecast for DAY 2,The average temperature tomorrow is forecasted to be between 14 and 21 degrees Celsius.,102,2026-02-01 12:47:29.881107,NG,2.25,2.23,2.27,800000.0,800000.0,0,0,0,0,0,0,0,0
4.0,1.0,1.0,,TEMPERATURE Forecast for DAY 2,The average temperature tomorrow is forecasted to be between 17 and 27 degrees Celsius.,102,2026-02-01 12:47:29.881107,ELEC-day2,0.0,0.0,0.0,,,0,0,0,0,0,0,0,0
3.0,1.0,1.0,,You are logged in as a DISTRIBUTOR,,102,2026-02-01 12:47:29.881107,ELEC-day3,0.0,0.0,0.0,,,0,0,0,0,0,0,0,0
2.0,1.0,1.0,,FINES,"The fine for open positions of ELEC-dayX at the end of the day is $20,000/contract.",102,2026-02-01 12:47:29.881107,ELEC-day4,0.0,0.0,0.0,,,0,0,0,0,0,0,0,0
1.0,1.0,1.0,,Welcome to the RITC2026 GBE Energy Electricity Trading Case - practice server,,102,2026-02-01 12:47:29.881107,ELEC-day5,0.0,0.0,0.0,,,0,0,0,0,0,0,0,0
,,,,,,102,2026-02-01 12:47:29.881107,ELEC-day6,0.0,0.0,0.0,,,0,0,0,0,0,0,0,0
,,,,,,102,2026-02-01 12:47:29.881107,ELEC-F,0.0,0.0,0.0,,,0,0,0,0,0,0,0,0
5.0,1.0,89.0,,TEMPERATURE Forecast for DAY 2,The average temperature tomorrow is forecasted to be between 14 and 21 degrees Celsius.,103,2026-02-01 12:47:30.920877,NG,2.24,2.22,2.26,800000.0,800000.0,0,0,0,0,0,0,0,0
4.0,1.0,1.0,,TEMPERATURE Forecast for DAY 2,The average temperature tomorrow is forecasted to be between 17 and 27 degrees Celsius.,103,2026-02-01 12:47:30.920877,ELEC-day2,0.0,0.0,0.0,,,0,0,0,0,0,0,0,0
3.0,1.0,1.0,,You are logged in as a DISTRIBUTOR,,103,2026-02-01 12:47:30.920877,ELEC-day3,0.0,0.0,0.0,,,0,0,0,0,0,0,0,0
2.0,1.0,1.0,,FINES,"The fine for open positions of ELEC-dayX at the end of the day is $20,000/contract.",103,2026-02-01 12:47:30.920877,ELEC-day4,0.0,0.0,0.0,,,0,0,0,0,0,0,0,0
1.0,1.0,1.0,,Welcome to the RITC2026 GBE Energy Electricity Trading Case - practice server,,103,2026-02-01 12:47:30.920877,ELEC-day5,0.0,0.0,0.0,,,0,0,0,0,0,0,0,0
,,,,,,103,2026-02-01 12:47:30.920877,ELEC-day6,0.0,0.0,0.0,,,0,0,0,0,0,0,0,0
,,,,,,103,2026-02-01 12:47:30.920877,ELEC-F,0.0,0.0,0.0,,,0,0,0,0,0,0,0,0
5.0,1.0,89.0,,TEMPERATURE Forecast for DAY 2,The average temperature tomorrow is forecasted to be between 14 and 21 degrees Celsius.,104,2026-02-01 12:47:31.953242,NG,2.24,2.22,2.26,800000.0,800000.0,0,0,0,0,0,0,0,0
4.0,1.0,1.0,,TEMPERATURE Forecast for DAY 2,The average temperature tomorrow is forecasted to be between 17 and 27 degrees Celsius.,104,2026-02-01 12:47:31.953242,ELEC-day2,0.0,0.0,0.0,,,0,0,0,0,0,0,0,0
3.0,1.0,1.0,,You are logged in as a DISTRIBUTOR,,104,2026-02-01 12:47:31.953242,ELEC-day3,0.0,0.0,0.0,,,0,0,0,0,0,0,0,0
2.0,1.0,1.0,,FINES,"The fine for open positions of ELEC-dayX at the end of the day is $20,000/contract.",104,2026-02-01 12:47:31.953242,ELEC-day4,0.0,0.0,0.0,,,0,0,0,0,0,0,0,0
1.0,1.0,1.0,,Welcome to the RITC2026 GBE Energy Electricity Trading Case - practice server,,104,2026-02-01 12:47:31.953242,ELEC-day5,0.0,0.0,0.0,,,0,0,0,0,0,0,0,0
,,,,,,104,2026-02-01 12:47:31.953242,ELEC-day6,0.0,0.0,0.0,,,0,0,0,0,0,0,0,0
,,,,,,104,2026-02-01 12:47:31.953242,ELEC-F,0.0,0.0,0.0,,,0,0,0,0,0,0,0,0
5.0,1.0,89.0,,TEMPERATURE Forecast for DAY 2,The average temperature tomorrow is forecasted to be between 14 and 21 degrees Celsius.,105,2026-02-01 12:47:32.986354,NG,2.25,2.23,2.27,800000.0,800000.0,0,0,0,0,0,0,0,0
4.0,1.0,1.0,,TEMPERATURE Forecast for DAY 2,The average temperature tomorrow is forecasted to be between 17 and 27 degrees Celsius.,105,2026-02-01 12:47:32.986354,ELEC-day2,0.0,0.0,0.0,,,0,0,0,0,0,0,0,0
3.0,1.0,1.0,,You are logged in as a DISTRIBUTOR,,105,2026-02-01 12:47:32.986354,ELEC-day3,0.0,0.0,0.0,,,0,0,0,0,0,0,0,0
2.0,1.0,1.0,,FINES,"The fine for open positions of ELEC-dayX at the end of the day is $20,000/contract.",105,2026-02-01 12:47:32.986354,ELEC-day4,0.0,0.0,0.0,,,0,0,0,0,0,0,0,0
1.0,1.0,1.0,,Welcome to the RITC2026 GBE Energy Electricity Trading Case - practice server,,105,2026-02-01 12:47:32.986354,ELEC-day5,0.0,0.0,0.0,,,0,0,0,0,0,0,0,0
,,,,,,105,2026-02-01 12:47:32.986354,ELEC-day6,0.0,0.0,0.0,,,0,0,0,0,0,0,0,0
,,,,,,105,2026-02-01 12:47:32.986354,ELEC-F,0.0,0.0,0.0,,,0,0,0,0,0,0,0,0
5.0,1.0,89.0,,TEMPERATURE Forecast for DAY 2,The average temperature tomorrow is forecasted to be between 14 and 21 degrees Celsius.,106,2026-02-01 12:47:34.020599,NG,2.25,2.23,2.27,800000.0,800000.0,0,0,0,0,0,0,0,0
4.0,1.0,1.0,,TEMPERATURE Forecast for DAY 2,The average temperature tomorrow is forecasted to be between 17 and 27 degrees Celsius.,106,2026-02-01 12:47:34.020599,ELEC-day2,0.0,0.0,0.0,,,0,0,0,0,0,0,0,0
3.0,1.0,1.0,,You are logged in as a DISTRIBUTOR,,106,2026-02-01 12:47:34.020599,ELEC-day3,0.0,0.0,0.0,,,0,0,0,0,0,0,0,0
2.0,1.0,1.0,,FINES,"The fine for open positions of ELEC-dayX at the end of the day is $20,000/contract.",106,2026-02-01 12:47:34.020599,ELEC-day4,0.0,0.0,0.0,,,0,0,0,0,0,0,0,0
1.0,1.0,1.0,,Welcome to the RITC2026 GBE Energy Electricity Trading Case - practice server,,106,2026-02-01 12:47:34.020599,ELEC-day5,0.0,0.0,0.0,,,0,0,0,0,0,0,0,0
,,,,,,106,2026-02-01 12:47:34.020599,ELEC-day6,0.0,0.0,0.0,,,0,0,0,0,0,0,0,0
,,,,,,106,2026-02-01 12:47:34.020599,ELEC-F,0.0,0.0,0.0,,,0,0,0,0,0,0,0,0
5.0,1.0,89.0,,TEMPERATURE Forecast for DAY 2,The average temperature tomorrow is forecasted to be between 14 and 21 degrees Celsius.,107,2026-02-01 12:47:35.056552,NG,2.26,2.24,2.28,800000.0,800000.0,0,0,0,0,0,0,0,0
4.0,1.0,1.0,,TEMPERATURE Forecast for DAY 2,The average temperature tomorrow is forecasted to be between 17 and 27 degrees Celsius.,107,2026-02-01 12:47:35.056552,ELEC-day2,0.0,0.0,0.0,,,0,0,0,0,0,0,0,0
3.0,1.0,1.0,,You are logged in as a DISTRIBUTOR,,107,2026-02-01 12:47:35.056552,ELEC-day3,0.0,0.0,0.0,,,0,0,0,0,0,0,0,0
2.0,1.0,1.0,,FINES,"The fine for open positions of ELEC-dayX at the end of the day is $20,000/contract.",107,2026-02-01 12:47:35.056552,ELEC-day4,0.0,0.0,0.0,,,0,0,0,0,0,0,0,0
1.0,1.0,1.0,,Welcome to the RITC2026 GBE Energy Electricity Trading Case - practice server,,107,2026-02-01 12:47:35.056552,ELEC-day5,0.0,0.0,0.0,,,0,0,0,0,0,0,0,0
,,,,,,107,2026-02-01 12:47:35.056552,ELEC-day6,0.0,0.0,0.0,,,0,0,0,0,0,0,0,0
,,,,,,107,2026-02-01 12:47:35.056552,ELEC-F,0.0,0.0,0.0,,,0,0,0,0,0,0,0,0
5.0,1.0,89.0,,TEMPERATURE Forecast for DAY 2,The average temperature tomorrow is forecasted to be between 14 and 21 degrees Celsius.,108,2026-02-01 12:47:36.085601,NG,2.26,2.24,2.28,800000.0,800000.0,0,0,0,0,0,0,0,0
4.0,1.0,1.0,,TEMPERATURE Forecast for DAY 2,The average temperature tomorrow is forecasted to be between 17 and 27 degrees Celsius.,108,2026-02-01 12:47:36.085601,ELEC-day2,0.0,0.0,0.0,,,0,0,0,0,0,0,0,0
3.0,1.0,1.0,,You are logged in as a DISTRIBUTOR,,108,2026-02-01 12:47:36.085601,ELEC-day3,0.0,0.0,0.0,,,0,0,0,0,0,0,0,0
2.0,1.0,1.0,,FINES,"The fine for open positions of ELEC-dayX at the end of the day is $20,000/contract.",108,2026-02-01 12:47:36.085601,ELEC-day4,0.0,0.0,0.0,,,0,0,0,0,0,0,0,0
1.0,1.0,1.0,,Welcome to the RITC2026 GBE Energy Electricity Trading Case - practice server,,108,2026-02-01 12:47:36.085601,ELEC-day5,0.0,0.0,0.0,,,0,0,0,0,0,0,0,0
,,,,,,108,2026-02-01 12:47:36.085601,ELEC-day6,0.0,0.0,0.0,,,0,0,0,0,0,0,0,0
,,,,,,108,2026-02-01 12:47:36.085601,ELEC-F,0.0,0.0,0.0,,,0,0,0,0,0,0,0,0
5.0,1.0,89.0,,TEMPERATURE Forecast for DAY 2,The average temperature tomorrow is forecasted to be between 14 and 21 degrees Celsius.,109,2026-02-01 12:47:37.119100,NG,2.25,2.23,2.27,800000.0,800000.0,0,0,0,0,0,0,0,0
4.0,1.0,1.0,,TEMPERATURE Forecast for DAY 2,The average temperature tomorrow is forecasted to be between 17 and 27 degrees Celsius.,109,2026-02-01 12:47:37.119100,ELEC-day2,0.0,0.0,0.0,,,0,0,0,0,0,0,0,0
3.0,1.0,1.0,,You are logged in as a DISTRIBUTOR,,109,2026-02-01 12:47:37.119100,ELEC-day3,0.0,0.0,0.0,,,0,0,0,0,0,0,0,0
2.0,1.0,1.0,,FINES,"The fine for open positions of ELEC-dayX at the end of the day is $20,000/contract.",109,2026-02-01 12:47:37.119100,ELEC-day4,0.0,0.0,0.0,,,0,0,0,0,0,0,0,0
1.0,1.0,1.0,,Welcome to the RITC2026 GBE Energy Electricity Trading Case - practice server,,109,2026-02-01 12:47:37.119100,ELEC-day5,0.0,0.0,0.0,,,0,0,0,0,0,0,0,0
,,,,,,109,2026-02-01 12:47:37.119100,ELEC-day6,0.0,0.0,0.0,,,0,0,0,0,0,0,0,0
,,,,,,109,2026-02-01 12:47:37.119100,ELEC-F,0.0,0.0,0.0,,,0,0,0,0,0,0,0,0
5.0,1.0,89.0,,TEMPERATURE Forecast for DAY 2,The average temperature tomorrow is forecasted to be between 14 and 21 degrees Celsius.,110,2026-02-01 12:47:38.155387,NG,2.25,2.23,2.27,800000.0,800000.0,0,0,0,0,0,0,0,0
4.0,1.0,1.0,,TEMPERATURE Forecast for DAY 2,The average temperature tomorrow is forecasted to be between 17 and 27 degrees Celsius.,110,2026-02-01 12:47:38.155387,ELEC-day2,0.0,0.0,0.0,,,0,0,0,0,0,0,0,0
3.0,1.0,1.0,,You are logged in as a DISTRIBUTOR,,110,2026-02-01 12:47:38.155387,ELEC-day3,0.0,0.0,0.0,,,0,0,0,0,0,0,0,0
2.0,1.0,1.0,,FINES,"The fine for open positions of ELEC-dayX at the end of the day is $20,000/contract.",110,2026-02-01 12:47:38.155387,ELEC-day4,0.0,0.0,0.0,,,0,0,0,0,0,0,0,0
1.0,1.0,1.0,,Welcome to the RITC2026 GBE Energy Electricity Trading Case - practice server,,110,2026-02-01 12:47:38.155387,ELEC-day5,0.0,0.0,0.0,,,0,0,0,0,0,0,0,0
,,,,,,110,2026-02-01 12:47:38.155387,ELEC-day6,0.0,0.0,0.0,,,0,0,0,0,0,0,0,0
,,,,,,110,2026-02-01 12:47:38.155387,ELEC-F,0.0,0.0,0.0,,,0,0,0,0,0,0,0,0
5.0,1.0,89.0,,TEMPERATURE Forecast for DAY 2,The average temperature tomorrow is forecasted to be between 14 and 21 degrees Celsius.,111,2026-02-01 12:47:39.190121,NG,2.26,2.24,2.28,800000.0,800000.0,0,0,0,0,0,0,0,0
4.0,1.0,1.0,,TEMPERATURE Forecast for DAY 2,The average temperature tomorrow is forecasted to be between 17 and 27 degrees Celsius.,111,2026-02-01 12:47:39.190121,ELEC-day2,0.0,0.0,0.0,,,0,0,0,0,0,0,0,0
3.0,1.0,1.0,,You are logged in as a DISTRIBUTOR,,111,2026-02-01 12:47:39.190121,ELEC-day3,0.0,0.0,0.0,,,0,0,0,0,0,0,0,0
2.0,1.0,1.0,,FINES,"The fine for open positions of ELEC-dayX at the end of the day is $20,000/contract.",111,2026-02-01 12:47:39.190121,ELEC-day4,0.0,0.0,0.0,,,0,0,0,0,0,0,0,0
1.0,1.0,1.0,,Welcome to the RITC2026 GBE Energy Electricity Trading Case - practice server,,111,2026-02-01 12:47:39.190121,ELEC-day5,0.0,0.0,0.0,,,0,0,0,0,0,0,0,0
,,,,,,111,2026-02-01 12:47:39.190121,ELEC-day6,0.0,0.0,0.0,,,0,0,0,0,0,0,0,0
,,,,,,111,2026-02-01 12:47:39.190121,ELEC-F,0.0,0.0,0.0,,,0,0,0,0,0,0,0,0
5.0,1.0,89.0,,TEMPERATURE Forecast for DAY 2,The average temperature tomorrow is forecasted to be between 14 and 21 degrees Celsius.,112,2026-02-01 12:47:40.220318,NG,2.26,2.24,2.28,800000.0,800000.0,0,0,0,0,0,0,0,0
4.0,1.0,1.0,,TEMPERATURE Forecast for DAY 2,The average temperature tomorrow is forecasted to be between 17 and 27 degrees Celsius.,112,2026-02-01 12:47:40.220318,ELEC-day2,0.0,0.0,0.0,,,0,0,0,0,0,0,0,0
3.0,1.0,1.0,,You are logged in as a DISTRIBUTOR,,112,2026-02-01 12:47:40.220318,ELEC-day3,0.0,0.0,0.0,,,0,0,0,0,0,0,0,0
2.0,1.0,1.0,,FINES,"The fine for open positions of ELEC-dayX at the end of the day is $20,000/contract.",112,2026-02-01 12:47:40.220318,ELEC-day4,0.0,0.0,0.0,,,0,0,0,0,0,0,0,0
1.0,1.0,1.0,,Welcome to the RITC2026 GBE Energy Electricity Trading Case - practice server,,112,2026-02-01 12:47:40.220318,ELEC-day5,0.0,0.0,0.0,,,0,0,0,0,0,0,0,0
,,,,,,112,2026-02-01 12:47:40.220318,ELEC-day6,0.0,0.0,0.0,,,0,0,0,0,0,0,0,0
,,,,,,112,2026-02-01 12:47:40.220318,ELEC-F,0.0,0.0,0.0,,,0,0,0,0,0,0,0,0
5.0,1.0,89.0,,TEMPERATURE Forecast for DAY 2,The average temperature tomorrow is forecasted to be between 14 and 21 degrees Celsius.,113,2026-02-01 12:47:41.251672,NG,2.28,2.26,2.3,800000.0,800000.0,0,0,0,0,0,0,0,0
4.0,1.0,1.0,,TEMPERATURE Forecast for DAY 2,The average temperature tomorrow is forecasted to be between 17 and 27 degrees Celsius.,113,2026-02-01 12:47:41.251672,ELEC-day2,0.0,0.0,0.0,,,0,0,0,0,0,0,0,0
3.0,1.0,1.0,,You are logged in as a DISTRIBUTOR,,113,2026-02-01 12:47:41.251672,ELEC-day3,0.0,0.0,0.0,,,0,0,0,0,0,0,0,0
2.0,1.0,1.0,,FINES,"The fine for open positions of ELEC-dayX at the end of the day is $20,000/contract.",113,2026-02-01 12:47:41.251672,ELEC-day4,0.0,0.0,0.0,,,0,0,0,0,0,0,0,0
1.0,1.0,1.0,,Welcome to the RITC2026 GBE Energy Electricity Trading Case - practice server,,113,2026-02-01 12:47:41.251672,ELEC-day5,0.0,0.0,0.0,,,0,0,0,0,0,0,0,0
,,,,,,113,2026-02-01 12:47:41.251672,ELEC-day6,0.0,0.0,0.0,,,0,0,0,0,0,0,0,0
,,,,,,113,2026-02-01 12:47:41.251672,ELEC-F,0.0,0.0,0.0,,,0,0,0,0,0,0,0,0
5.0,1.0,89.0,,TEMPERATURE Forecast for DAY 2,The average temperature tomorrow is forecasted to be between 14 and 21 degrees Celsius.,115,2026-02-01 12:47:42.374239,NG,2.26,2.24,2.28,800000.0,800000.0,0,0,0,0,0,0,0,0
4.0,1.0,1.0,,TEMPERATURE Forecast for DAY 2,The average temperature tomorrow is forecasted to be between 17 and 27 degrees Celsius.,115,2026-02-01 12:47:42.374239,ELEC-day2,0.0,0.0,0.0,,,0,0,0,0,0,0,0,0
3.0,1.0,1.0,,You are logged in as a DISTRIBUTOR,,115,2026-02-01 12:47:42.374239,ELEC-day3,0.0,0.0,0.0,,,0,0,0,0,0,0,0,0
2.0,1.0,1.0,,FINES,"The fine for open positions of ELEC-dayX at the end of the day is $20,000/contract.",115,2026-02-01 12:47:42.374239,ELEC-day4,0.0,0.0,0.0,,,0,0,0,0,0,0,0,0
1.0,1.0,1.0,,Welcome to the RITC2026 GBE Energy Electricity Trading Case - practice server,,115,2026-02-01 12:47:42.374239,ELEC-day5,0.0,0.0,0.0,,,0,0,0,0,0,0,0,0
,,,,,,115,2026-02-01 12:47:42.374239,ELEC-day6,0.0,0.0,0.0,,,0,0,0,0,0,0,0,0
,,,,,,115,2026-02-01 12:47:42.374239,ELEC-F,0.0,0.0,0.0,,,0,0,0,0,0,0,0,0
5.0,1.0,89.0,,TEMPERATURE Forecast for DAY 2,The average temperature tomorrow is forecasted to be between 14 and 21 degrees Celsius.,116,2026-02-01 12:47:43.887725,NG,2.26,2.24,2.28,800000.0,800000.0,0,0,0,0,0,0,0,0
4.0,1.0,1.0,,TEMPERATURE Forecast for DAY 2,The average temperature tomorrow is forecasted to be between 17 and 27 degrees Celsius.,116,2026-02-01 12:47:43.887725,ELEC-day2,0.0,0.0,0.0,,,0,0,0,0,0,0,0,0
3.0,1.0,1.0,,You are logged in as a DISTRIBUTOR,,116,2026-02-01 12:47:43.887725,ELEC-day3,0.0,0.0,0.0,,,0,0,0,0,0,0,0,0
2.0,1.0,1.0,,FINES,"The fine for open positions of ELEC-dayX at the end of the day is $20,000/contract.",116,2026-02-01 12:47:43.887725,ELEC-day4,0.0,0.0,0.0,,,0,0,0,0,0,0,0,0
1.0,1.0,1.0,,Welcome to the RITC2026 GBE Energy Electricity Trading Case - practice server,,116,2026-02-01 12:47:43.887725,ELEC-day5,0.0,0.0,0.0,,,0,0,0,0,0,0,0,0
,,,,,,116,2026-02-01 12:47:43.887725,ELEC-day6,0.0,0.0,0.0,,,0,0,0,0,0,0,0,0
,,,,,,116,2026-02-01 12:47:43.887725,ELEC-F,0.0,0.0,0.0,,,0,0,0,0,0,0,0,0
5.0,1.0,89.0,,TEMPERATURE Forecast for DAY 2,The average temperature tomorrow is forecasted to be between 14 and 21 degrees Celsius.,118,2026-02-01 12:47:45.460886,NG,2.27,2.25,2.29,800000.0,800000.0,0,0,0,0,0,0,0,0
4.0,1.0,1.0,,TEMPERATURE Forecast for DAY 2,The average temperature tomorrow is forecasted to be between 17 and 27 degrees Celsius.,118,2026-02-01 12:47:45.460886,ELEC-day2,0.0,0.0,0.0,,,0,0,0,0,0,0,0,0
3.0,1.0,1.0,,You are logged in as a DISTRIBUTOR,,118,2026-02-01 12:47:45.460886,ELEC-day3,0.0,0.0,0.0,,,0,0,0,0,0,0,0,0
2.0,1.0,1.0,,FINES,"The fine for open positions of ELEC-dayX at the end of the day is $20,000/contract.",118,2026-02-01 12:47:45.460886,ELEC-day4,0.0,0.0,0.0,,,0,0,0,0,0,0,0,0
1.0,1.0,1.0,,Welcome to the RITC2026 GBE Energy Electricity Trading Case - practice server,,118,2026-02-01 12:47:45.460886,ELEC-day5,0.0,0.0,0.0,,,0,0,0,0,0,0,0,0
,,,,,,118,2026-02-01 12:47:45.460886,ELEC-day6,0.0,0.0,0.0,,,0,0,0,0,0,0,0,0
,,,,,,118,2026-02-01 12:47:45.460886,ELEC-F,0.0,0.0,0.0,,,0,0,0,0,0,0,0,0
5.0,1.0,89.0,,TEMPERATURE Forecast for DAY 2,The average temperature tomorrow is forecasted to be between 14 and 21 degrees Celsius.,119,2026-02-01 12:47:46.830916,NG,2.27,2.25,2.29,800000.0,800000.0,0,0,0,0,0,0,0,0
4.0,1.0,1.0,,TEMPERATURE Forecast for DAY 2,The average temperature tomorrow is forecasted to be between 17 and 27 degrees Celsius.,119,2026-02-01 12:47:46.830916,ELEC-day2,0.0,0.0,0.0,,,0,0,0,0,0,0,0,0
3.0,1.0,1.0,,You are logged in as a DISTRIBUTOR,,119,2026-02-01 12:47:46.830916,ELEC-day3,0.0,0.0,0.0,,,0,0,0,0,0,0,0,0
2.0,1.0,1.0,,FINES,"The fine for open positions of ELEC-dayX at the end of the day is $20,000/contract.",119,2026-02-01 12:47:46.830916,ELEC-day4,0.0,0.0,0.0,,,0,0,0,0,0,0,0,0
1.0,1.0,1.0,,Welcome to the RITC2026 GBE Energy Electricity Trading Case - practice server,,119,2026-02-01 12:47:46.830916,ELEC-day5,0.0,0.0,0.0,,,0,0,0,0,0,0,0,0
,,,,,,119,2026-02-01 12:47:46.830916,ELEC-day6,0.0,0.0,0.0,,,0,0,0,0,0,0,0,0
,,,,,,119,2026-02-01 12:47:46.830916,ELEC-F,0.0,0.0,0.0,,,0,0,0,0,0,0,0,0
5.0,1.0,89.0,,TEMPERATURE Forecast for DAY 2,The average temperature tomorrow is forecasted to be between 14 and 21 degrees Celsius.,120,2026-02-01 12:47:48.198477,NG,2.26,2.24,2.28,800000.0,800000.0,0,0,0,0,0,0,0,0
4.0,1.0,1.0,,TEMPERATURE Forecast for DAY 2,The average temperature tomorrow is forecasted to be between 17 and 27 degrees Celsius.,120,2026-02-01 12:47:48.198477,ELEC-day2,0.0,0.0,0.0,,,0,0,0,0,0,0,0,0
3.0,1.0,1.0,,You are logged in as a DISTRIBUTOR,,120,2026-02-01 12:47:48.198477,ELEC-day3,0.0,0.0,0.0,,,0,0,0,0,0,0,0,0
2.0,1.0,1.0,,FINES,"The fine for open positions of ELEC-dayX at the end of the day is $20,000/contract.",120,2026-02-01 12:47:48.198477,ELEC-day4,0.0,0.0,0.0,,,0,0,0,0,0,0,0,0
1.0,1.0,1.0,,Welcome to the RITC2026 GBE Energy Electricity Trading Case - practice server,,120,2026-02-01 12:47:48.198477,ELEC-day5,0.0,0.0,0.0,,,0,0,0,0,0,0,0,0
,,,,,,120,2026-02-01 12:47:48.198477,ELEC-day6,0.0,0.0,0.0,,,0,0,0,0,0,0,0,0
,,,,,,120,2026-02-01 12:47:48.198477,ELEC-F,0.0,0.0,0.0,,,0,0,0,0,0,0,0,0
5.0,1.0,89.0,,TEMPERATURE Forecast for DAY 2,The average temperature tomorrow is forecasted to be between 14 and 21 degrees Celsius.,122,2026-02-01 12:47:49.405283,NG,2.25,2.23,2.27,800000.0,800000.0,0,0,0,0,0,0,0,0
4.0,1.0,1.0,,TEMPERATURE Forecast for DAY 2,The average temperature tomorrow is forecasted to be between 17 and 27 degrees Celsius.,122,2026-02-01 12:47:49.405283,ELEC-day2,0.0,0.0,0.0,,,0,0,0,0,0,0,0,0
