news_id,period,tick,ticker,headline,body,tick,timestamp,ticker,last_price,bid_price,ask_price,BUY_ANON,SELL_ANON,SELL_GIOT-P,BUY_LUIS-T2,BUY_BOST-D,BUY_LUIS-T1,BUY_GIOT-P,SELL_LUIS-T2,SELL_LUIS-T1
3.0,1.0,1.0,,You are logged in as a TRADER,,2,2026-02-01 08:25:02.512596,NG,2.19,2.17,2.21,800000.0,800000.0,0,0,0,0,0,0,0
2.0,1.0,1.0,,FINES,"The fine for open positions of ELEC-dayX at the end of the day is $20,000/contract.",2,2026-02-01 08:25:02.512596,ELEC-day2,0.0,0.0,0.0,,,0,0,0,0,0,0,0
1.0,1.0,1.0,,Welcome to the RITC2026 GBE Energy Electricity Trading Case - practice server,,2,2026-02-01 08:25:02.512596,ELEC-day3,0.0,0.0,0.0,,,0,0,0,0,0,0,0
,,,,,,2,2026-02-01 08:25:02.512596,ELEC-day4,0.0,0.0,0.0,,,0,0,0,0,0,0,0
,,,,,,2,2026-02-01 08:25:02.512596,ELEC-day5,0.0,0.0,0.0,,,0,0,0,0,0,0,0
,,,,,,2,2026-02-01 08:25:02.512596,ELEC-day6,0.0,0.0,0.0,,,0,0,0,0,0,0,0
,,,,,,2,2026-02-01 08:25:02.512596,ELEC-F,0.0,0.0,0.0,,,0,0,0,0,0,0,0
3.0,1.0,1.0,,You are logged in as a TRADER,,3,2026-02-01 08:25:03.538456,NG,2.2,2.18,2.22,800000.0,800000.0,0,0,0,0,0,0,0
2.0,1.0,1.0,,FINES,"The fine for open positions of ELEC-dayX at the end of the day is $20,000/contract.",3,2026-02-01 08:25:03.538456,ELEC-day2,0.0,0.0,0.0,,,0,0,0,0,0,0,0
1.0,1.0,1.0,,Welcome to the RITC2026 GBE Energy Electricity Trading Case - practice server,,3,2026-02-01 08:25:03.538456,ELEC-day3,0.0,0.0,0.0,,,0,0,0,0,0,0,0
,,,,,,3,2026-02-01 08:25:03.538456,ELEC-day4,0.0,0.0,0.0,,,0,0,0,0,0,0,0
,,,,,,3,2026-02-01 08:25:03.538456,ELEC-day5,0.0,0.0,0.0,,,0,0,0,0,0,0,0
,,,,,,3,2026-02-01 08:25:03.538456,ELEC-day6,0.0,0.0,0.0,,,0,0,0,0,0,0,0
,,,,,,3,2026-02-01 08:25:03.538456,ELEC-F,0.0,0.0,0.0,,,0,0,0,0,0,0,0
3.0,1.0,1.0,,You are logged in as a TRADER,,5,2026-02-01 08:25:04.604084,NG,2.21,2.19,2.23,800000.0,800000.0,0,0,0,0,0,0,0
2.0,1.0,1.0,,FINES,"The fine for open positions of ELEC-dayX at the end of the day is $20,000/contract.",5,2026-02-01 08:25:04.604084,ELEC-day2,0.0,0.0,0.0,,,0,0,0,0,0,0,0
1.0,1.0,1.0,,Welcome to the RITC2026 GBE Energy Electricity Trading Case - practice server,,5,2026-02-01 08:25:04.604084,ELEC-day3,0.0,0.0,0.0,,,0,0,0,0,0,0,0
,,,,,,5,2026-02-01 08:25:04.604084,ELEC-day4,0.0,0.0,0.0,,,0,0,0,0,0,0,0
,,,,,,5,2026-02-01 08:25:04.604084,ELEC-day5,0.0,0.0,0.0,,,0,0,0,0,0,0,0
,,,,,,5,2026-02-01 08:25:04.604084,ELEC-day6,0.0,0.0,0.0,,,0,0,0,0,0,0,0
,,,,,,5,2026-02-01 08:25:04.604084,ELEC-F,0.0,0.0,0.0,,,0,0,0,0,0,0,0
3.0,1.0,1.0,,You are logged in as a TRADER,,6,2026-02-01 08:25:05.671466,NG,2.21,2.19,2.23,800000.0,800000.0,0,0,0,0,0,0,0
2.0,1.0,1.0,,FINES,"The fine for open positions of ELEC-dayX at the end of the day is $20,000/contract.",6,2026-02-01 08:25:05.671466,ELEC-day2,0.0,0.0,0.0,,,0,0,0,0,0,0,0
1.0,1.0,1.0,,Welcome to the RITC2026 GBE Energy Electricity Trading Case - practice server,,6,2026-02-01 08:25:05.671466,ELEC-day3,0.0,0.0,0.0,,,0,0,0,0,0,0,0
,,,,,,6,2026-02-01 08:25:05.671466,ELEC-day4,0.0,0.0,0.0,,,0,0,0,0,0,0,0
,,,,,,6,2026-02-01 08:25:05.671466,ELEC-day5,0.0,0.0,0.0,,,0,0,0,0,0,0,0
,,,,,,6,2026-02-01 08:25:05.671466,ELEC-day6,0.0,0.0,0.0,,,0,0,0,0,0,0,0
,,,,,,6,2026-02-01 08:25:05.671466,ELEC-F,0.0,0.0,0.0,,,0,0,0,0,0,0,0
3.0,1.0,1.0,,You are logged in as a TRADER,,7,2026-02-01 08:25:06.714104,NG,2.21,2.19,2.23,800000.0,800000.0,0,0,0,0,0,0,0
2.0,1.0,1.0,,FINES,"The fine for open positions of ELEC-dayX at the end of the day is $20,000/contract.",7,2026-02-01 08:25:06.714104,ELEC-day2,0.0,0.0,0.0,,,0,0,0,0,0,0,0
1.0,1.0,1.0,,Welcome to the RITC2026 GBE Energy Electricity Trading Case - practice server,,7,2026-02-01 08:25:06.714104,ELEC-day3,0.0,0.0,0.0,,,0,0,0,0,0,0,0
,,,,,,7,2026-02-01 08:25:06.714104,ELEC-day4,0.0,0.0,0.0,,,0,0,0,0,0,0,0
,,,,,,7,2026-02-01 08:25:06.714104,ELEC-day5,0.0,0.0,0.0,,,0,0,0,0,0,0,0
,,,,,,7,2026-02-01 08:25:06.714104,ELEC-day6,0.0,0.0,0.0,,,0,0,0,0,0,0,0
,,,,,,7,2026-02-01 08:25:06.714104,ELEC-F,0.0,0.0,0.0,,,0,0,0,0,0,0,0
3.0,1.0,1.0,,You are logged in as a TRADER,,8,2026-02-01 08:25:07.792436,NG,2.19,2.17,2.21,800000.0,800000.0,0,0,0,0,0,0,0
2.0,1.0,1.0,,FINES,"The fine for open positions of ELEC-dayX at the end of the day is $20,000/contract.",8,2026-02-01 08:25:07.792436,ELEC-day2,0.0,0.0,0.0,,,0,0,0,0,0,0,0
1.0,1.0,1.0,,Welcome to the RITC2026 GBE Energy Electricity Trading Case - practice server,,8,2026-02-01 08:25:07.792436,ELEC-day3,0.0,0.0,0.0,,,0,0,0,0,0,0,0
,,,,,,8,2026-02-01 08:25:07.792436,ELEC-day4,0.0,0.0,0.0,,,0,0,0,0,0,0,0
,,,,,,8,2026-02-01 08:25:07.792436,ELEC-day5,0.0,0.0,0.0,,,0,0,0,0,0,0,0
,,,,,,8,2026-02-01 08:25:07.792436,ELEC-day6,0.0,0.0,0.0,,,0,0,0,0,0,0,0
,,,,,,8,2026-02-01 08:25:07.792436,ELEC-F,0.0,0.0,0.0,,,0,0,0,0,0,0,0
3.0,1.0,1.0,,You are logged in as a TRADER,,9,2026-02-01 08:25:08.824192,NG,2.2,2.18,2.22,800000.0,800000.0,0,0,0,0,0,0,0
2.0,1.0,1.0,,FINES,"The fine for open positions of ELEC-dayX at the end of the day is $20,000/contract.",9,2026-02-01 08:25:08.824192,ELEC-day2,0.0,0.0,0.0,,,0,0,0,0,0,0,0
1.0,1.0,1.0,,Welcome to the RITC2026 GBE Energy Electricity Trading Case - practice server,,9,2026-02-01 08:25:08.824192,ELEC-day3,0.0,0.0,0.0,,,0,0,0,0,0,0,0
,,,,,,9,2026-02-01 08:25:08.824192,ELEC-day4,0.0,0.0,0.0,,,0,0,0,0,0,0,0
,,,,,,9,2026-02-01 08:25:08.824192,ELEC-day5,0.0,0.0,0.0,,,0,0,0,0,0,0,0
,,,,,,9,2026-02-01 08:25:08.824192,ELEC-day6,0.0,0.0,0.0,,,0,0,0,0,0,0,0
,,,,,,9,2026-02-01 08:25:08.824192,ELEC-F,0.0,0.0,0.0,,,0,0,0,0,0,0,0
3.0,1.0,1.0,,You are logged in as a TRADER,,10,2026-02-01 08:25:09.864144,NG,2.2,2.18,2.22,800000.0,800000.0,0,0,0,0,0,0,0
2.0,1.0,1.0,,FINES,"The fine for open positions of ELEC-dayX at the end of the day is $20,000/contract.",10,2026-02-01 08:25:09.864144,ELEC-day2,0.0,0.0,0.0,,,0,0,0,0,0,0,0
1.0,1.0,1.0,,Welcome to the RITC2026 GBE Energy Electricity Trading Case - practice server,,10,2026-02-01 08:25:09.864144,ELEC-day3,0.0,0.0,0.0,,,0,0,0,0,0,0,0
,,,,,,10,2026-02-01 08:25:09.864144,ELEC-day4,0.0,0.0,0.0,,,0,0,0,0,0,0,0
,,,,,,10,2026-02-01 08:25:09.864144,ELEC-day5,0.0,0.0,0.0,,,0,0,0,0,0,0,0
,,,,,,10,2026-02-01 08:25:09.864144,ELEC-day6,0.0,0.0,0.0,,,0,0,0,0,0,0,0
,,,,,,10,2026-02-01 08:25:09.864144,ELEC-F,0.0,0.0,0.0,,,0,0,0,0,0,0,0
3.0,1.0,1.0,,You are logged in as a TRADER,,11,2026-02-01 08:25:10.901082,NG,2.2,2.18,2.22,800000.0,800000.0,0,0,0,0,0,0,0
2.0,1.0,1.0,,FINES,"The fine for open positions of ELEC-dayX at the end of the day is $20,000/contract.",11,2026-02-01 08:25:10.901082,ELEC-day2,0.0,0.0,0.0,,,0,0,0,0,0,0,0
1.0,1.0,1.0,,Welcome to the RITC2026 GBE Energy Electricity Trading Case - practice server,,11,2026-02-01 08:25:10.901082,ELEC-day3,0.0,0.0,0.0,,,0,0,0,0,0,0,0
,,,,,,11,2026-02-01 08:25:10.901082,ELEC-day4,0.0,0.0,0.0,,,0,0,0,0,0,0,0
,,,,,,11,2026-02-01 08:25:10.901082,ELEC-day5,0.0,0.0,0.0,,,0,0,0,0,0,0,0
,,,,,,11,2026-02-01 08:25:10.901082,ELEC-day6,0.0,0.0,0.0,,,0,0,0,0,0,0,0
,,,,,,11,2026-02-01 08:25:10.901082,ELEC-F,0.0,0.0,0.0,,,0,0,0,0,0,0,0
3.0,1.0,1.0,,You are logged in as a TRADER,,12,2026-02-01 08:25:11.925889,NG,2.21,2.19,2.23,800000.0,800000.0,0,0,0,0,0,0,0
2.0,1.0,1.0,,FINES,"The fine for open positions of ELEC-dayX at the end of the day is $20,000/contract.",12,2026-02-01 08:25:11.925889,ELEC-day2,0.0,0.0,0.0,,,0,0,0,0,0,0,0
1.0,1.0,1.0,,Welcome to the RITC2026 GBE Energy Electricity Trading Case - practice server,,12,2026-02-01 08:25:11.925889,ELEC-day3,0.0,0.0,0.0,,,0,0,0,0,0,0,0
,,,,,,12,2026-02-01 08:25:11.925889,ELEC-day4,0.0,0.0,0.0,,,0,0,0,0,0,0,0
,,,,,,12,2026-02-01 08:25:11.925889,ELEC-day5,0.0,0.0,0.0,,,0,0,0,0,0,0,0
,,,,,,12,2026-02-01 08:25:11.925889,ELEC-day6,0.0,0.0,0.0,,,0,0,0,0,0,0,0
,,,,,,12,2026-02-01 08:25:11.925889,ELEC-F,0.0,0.0,0.0,,,0,0,0,0,0,0,0
3.0,1.0,1.0,,You are logged in as a TRADER,,13,2026-02-01 08:25:12.955550,NG,2.22,2.2,2.24,800000.0,800000.0,0,0,0,0,0,0,0
2.0,1.0,1.0,,FINES,"The fine for open positions of ELEC-dayX at the end of the day is $20,000/contract.",13,2026-02-01 08:25:12.955550,ELEC-day2,0.0,0.0,0.0,,,0,0,0,0,0,0,0
1.0,1.0,1.0,,Welcome to the RITC2026 GBE Energy Electricity Trading Case - practice server,,13,2026-02-01 08:25:12.955550,ELEC-day3,0.0,0.0,0.0,,,0,0,0,0,0,0,0
,,,,,,13,2026-02-01 08:25:12.955550,ELEC-day4,0.0,0.0,0.0,,,0,0,0,0,0,0,0
,,,,,,13,2026-02-01 08:25:12.955550,ELEC-day5,0.0,0.0,0.0,,,0,0,0,0,0,0,0
,,,,,,13,2026-02-01 08:25:12.955550,ELEC-day6,0.0,0.0,0.0,,,0,0,0,0,0,0,0
,,,,,,13,2026-02-01 08:25:12.955550,ELEC-F,0.0,0.0,0.0,,,0,0,0,0,0,0,0
3.0,1.0,1.0,,You are logged in as a TRADER,,14,2026-02-01 08:25:13.989924,NG,2.21,2.19,2.23,800000.0,800000.0,0,0,0,0,0,0,0
2.0,1.0,1.0,,FINES,"The fine for open positions of ELEC-dayX at the end of the day is $20,000/contract.",14,2026-02-01 08:25:13.989924,ELEC-day2,0.0,0.0,0.0,,,0,0,0,0,0,0,0
1.0,1.0,1.0,,Welcome to the RITC2026 GBE Energy Electricity Trading Case - practice server,,14,2026-02-01 08:25:13.989924,ELEC-day3,0.0,0.0,0.0,,,0,0,0,0,0,0,0
,,,,,,14,2026-02-01 08:25:13.989924,ELEC-day4,0.0,0.0,0.0,,,0,0,0,0,0,0,0
,,,,,,14,2026-02-01 08:25:13.989924,ELEC-day5,0.0,0.0,0.0,,,0,0,0,0,0,0,0
,,,,,,14,2026-02-01 08:25:13.989924,ELEC-day6,0.0,0.0,0.0,,,0,0,0,0,0,0,0
,,,,,,14,2026-02-01 08:25:13.989924,ELEC-F,0.0,0.0,0.0,,,0,0,0,0,0,0,0
3.0,1.0,1.0,,You are logged in as a TRADER,,15,2026-02-01 08:25:15.014182,NG,2.22,2.2,2.24,800000.0,800000.0,0,0,0,0,0,0,0
2.0,1.0,1.0,,FINES,"The fine for open positions of ELEC-dayX at the end of the day is $20,000/contract.",15,2026-02-01 08:25:15.014182,ELEC-day2,0.0,0.0,0.0,,,0,0,0,0,0,0,0
1.0,1.0,1.0,,Welcome to the RITC2026 GBE Energy Electricity Trading Case - practice server,,15,2026-02-01 08:25:15.014182,ELEC-day3,0.0,0.0,0.0,,,0,0,0,0,0,0,0
,,,,,,15,2026-02-01 08:25:15.014182,ELEC-day4,0.0,0.0,0.0,,,0,0,0,0,0,0,0
,,,,,,15,2026-02-01 08:25:15.014182,ELEC-day5,0.0,0.0,0.0,,,0,0,0,0,0,0,0
,,,,,,15,2026-02-01 08:25:15.014182,ELEC-day6,0.0,0.0,0.0,,,0,0,0,0,0,0,0
,,,,,,15,2026-02-01 08:25:15.014182,ELEC-F,0.0,0.0,0.0,,,0,0,0,0,0,0,0
3.0,1.0,1.0,,You are logged in as a TRADER,,16,2026-02-01 08:25:16.038111,NG,2.21,2.19,2.23,800000.0,800000.0,0,0,0,0,0,0,0
2.0,1.0,1.0,,FINES,"The fine for open positions of ELEC-dayX at the end of the day is $20,000/contract.",16,2026-02-01 08:25:16.038111,ELEC-day2,0.0,0.0,0.0,,,0,0,0,0,0,0,0
1.0,1.0,1.0,,Welcome to the RITC2026 GBE Energy Electricity Trading Case - practice server,,16,2026-02-01 08:25:16.038111,ELEC-day3,0.0,0.0,0.0,,,0,0,0,0,0,0,0
,,,,,,16,2026-02-01 08:25:16.038111,ELEC-day4,0.0,0.0,0.0,,,0,0,0,0,0,0,0
,,,,,,16,2026-02-01 08:25:16.038111,ELEC-day5,0.0,0.0,0.0,,,0,0,0,0,0,0,0
,,,,,,16,2026-02-01 08:25:16.038111,ELEC-day6,0.0,0.0,0.0,,,0,0,0,0,0,0,0
,,,,,,16,2026-02-01 08:25:16.038111,ELEC-F,0.0,0.0,0.0,,,0,0,0,0,0,0,0
3.0,1.0,1.0,,You are logged in as a TRADER,,17,2026-02-01 08:25:17.074037,NG,2.21,2.19,2.23,800000.0,800000.0,0,0,0,0,0,0,0
2.0,1.0,1.0,,FINES,"The fine for open positions of ELEC-dayX at the end of the day is $20,000/contract.",17,2026-02-01 08:25:17.074037,ELEC-day2,0.0,0.0,0.0,,,0,0,0,0,0,0,0
1.0,1.0,1.0,,Welcome to the RITC2026 GBE Energy Electricity Trading Case - practice server,,17,2026-02-01 08:25:17.074037,ELEC-day3,0.0,0.0,0.0,,,0,0,0,0,0,0,0
,,,,,,17,2026-02-01 08:25:17.074037,ELEC-day4,0.0,0.0,0.0,,,0,0,0,0,0,0,0
,,,,,,17,2026-02-01 08:25:17.074037,ELEC-day5,0.0,0.0,0.0,,,0,0,0,0,0,0,0
,,,,,,17,2026-02-01 08:25:17.074037,ELEC-day6,0.0,0.0,0.0,,,0,0,0,0,0,0,0
,,,,,,17,2026-02-01 08:25:17.074037,ELEC-F,0.0,0.0,0.0,,,0,0,0,0,0,0,0
3.0,1.0,1.0,,You are logged in as a TRADER,,18,2026-02-01 08:25:18.108064,NG,2.2,2.18,2.22,800000.0,800000.0,0,0,0,0,0,0,0
2.0,1.0,1.0,,FINES,"The fine for open positions of ELEC-dayX at the end of the day is $20,000/contract.",18,2026-02-01 08:25:18.108064,ELEC-day2,0.0,0.0,0.0,,,0,0,0,0,0,0,0
1.0,1.0,1.0,,Welcome to the RITC2026 GBE Energy Electricity Trading Case - practice server,,18,2026-02-01 08:25:18.108064,ELEC-day3,0.0,0.0,0.0,,,0,0,0,0,0,0,0
,,,,,,18,2026-02-01 08:25:18.108064,ELEC-day4,0.0,0.0,0.0,,,0,0,0,0,0,0,0
,,,,,,18,2026-02-01 08:25:18.108064,ELEC-day5,0.0,0.0,0.0,,,0,0,0,0,0,0,0
,,,,,,18,2026-02-01 08:25:18.108064,ELEC-day6,0.0,0.0,0.0,,,0,0,0,0,0,0,0
,,,,,,18,2026-02-01 08:25:18.108064,ELEC-F,0.0,0.0,0.0,,,0,0,0,0,0,0,0
3.0,1.0,1.0,,You are logged in as a TRADER,,19,2026-02-01 08:25:19.143298,NG,2.2,2.18,2.22,800000.0,800000.0,0,0,0,0,0,0,0
2.0,1.0,1.0,,FINES,"The fine for open positions of ELEC-dayX at the end of the day is $20,000/contract.",19,2026-02-01 08:25:19.143298,ELEC-day2,0.0,0.0,0.0,,,0,0,0,0,0,0,0
1.0,1.0,1.0,,Welcome to the RITC2026 GBE Energy Electricity Trading Case - practice server,,19,2026-02-01 08:25:19.143298,ELEC-day3,0.0,0.0,0.0,,,0,0,0,0,0,0,0
,,,,,,19,2026-02-01 08:25:19.143298,ELEC-day4,0.0,0.0,0.0,,,0,0,0,0,0,0,0
,,,,,,19,2026-02-01 08:25:19.143298,ELEC-day5,0.0,0.0,0.0,,,0,0,0,0,0,0,0
,,,,,,19,2026-02-01 08:25:19.143298,ELEC-day6,0.0,0.0,0.0,,,0,0,0,0,0,0,0
,,,,,,19,2026-02-01 08:25:19.143298,ELEC-F,0.0,0.0,0.0,,,0,0,0,0,0,0,0
3.0,1.0,1.0,,You are logged in as a TRADER,,20,2026-02-01 08:25:20.176945,NG,2.19,2.17,2.21,800000.0,800000.0,0,0,0,0,0,0,0
2.0,1.0,1.0,,FINES,"The fine for open positions of ELEC-dayX at the end of the day is $20,000/contract.",20,2026-02-01 08:25:20.176945,ELEC-day2,0.0,0.0,0.0,,,0,0,0,0,0,0,0
1.0,1.0,1.0,,Welcome to the RITC2026 GBE Energy Electricity Trading Case - practice server,,20,2026-02-01 08:25:20.176945,ELEC-day3,0.0,0.0,0.0,,,0,0,0,0,0,0,0
,,,,,,20,2026-02-01 08:25:20.176945,ELEC-day4,0.0,0.0,0.0,,,0,0,0,0,0,0,0
,,,,,,20,2026-02-01 08:25:20.176945,ELEC-day5,0.0,0.0,0.0,,,0,0,0,0,0,0,0
,,,,,,20,2026-02-01 08:25:20.176945,ELEC-day6,0.0,0.0,0.0,,,0,0,0,0,0,0,0
,,,,,,20,2026-02-01 08:25:20.176945,ELEC-F,0.0,0.0,0.0,,,0,0,0,0,0,0,0
3.0,1.0,1.0,,You are logged in as a TRADER,,21,2026-02-01 08:25:21.212781,NG,2.19,2.17,2.21,800000.0,800000.0,0,0,0,0,0,0,0
2.0,1.0,1.0,,FINES,"The fine for open positions of ELEC-dayX at the end of the day is $20,000/contract.",21,2026-02-01 08:25:21.212781,ELEC-day2,0.0,0.0,0.0,,,0,0,0,0,0,0,0
1.0,1.0,1.0,,Welcome to the RITC2026 GBE Energy Electricity Trading Case - practice server,,21,2026-02-01 08:25:21.212781,ELEC-day3,0.0,0.0,0.0,,,0,0,0,0,0,0,0
,,,,,,21,2026-02-01 08:25:21.212781,ELEC-day4,0.0,0.0,0.0,,,0,0,0,0,0,0,0
,,,,,,21,2026-02-01 08:25:21.212781,ELEC-day5,0.0,0.0,0.0,,,0,0,0,0,0,0,0
,,,,,,21,2026-02-01 08:25:21.212781,ELEC-day6,0.0,0.0,0.0,,,0,0,0,0,0,0,0
,,,,,,21,2026-02-01 08:25:21.212781,ELEC-F,0.0,0.0,0.0,,,0,0,0,0,0,0,0
3.0,1.0,1.0,,You are logged in as a TRADER,,22,2026-02-01 08:25:22.244035,NG,2.19,2.17,2.21,800000.0,800000.0,0,0,0,0,0,0,0
2.0,1.0,1.0,,FINES,"The fine for open positions of ELEC-dayX at the end of the day is $20,000/contract.",22,2026-02-01 08:25:22.244035,ELEC-day2,0.0,0.0,0.0,,,0,0,0,0,0,0,0
1.0,1.0,1.0,,Welcome to the RITC2026 GBE Energy Electricity Trading Case - practice server,,22,2026-02-01 08:25:22.244035,ELEC-day3,0.0,0.0,0.0,,,0,0,0,0,0,0,0
,,,,,,22,2026-02-01 08:25:22.244035,ELEC-day4,0.0,0.0,0.0,,,0,0,0,0,0,0,0
,,,,,,22,2026-02-01 08:25:22.244035,ELEC-day5,0.0,0.0,0.0,,,0,0,0,0,0,0,0
,,,,,,22,2026-02-01 08:25:22.244035,ELEC-day6,0.0,0.0,0.0,,,0,0,0,0,0,0,0
,,,,,,22,2026-02-01 08:25:22.244035,ELEC-F,0.0,0.0,0.0,,,0,0,0,0,0,0,0
3.0,1.0,1.0,,You are logged in as a TRADER,,23,2026-02-01 08:25:23.276772,NG,2.19,2.17,2.21,800000.0,800000.0,0,0,0,0,0,0,0
2.0,1.0,1.0,,FINES,"The fine for open positions of ELEC-dayX at the end of the day is $20,000/contract.",23,2026-02-01 08:25:23.276772,ELEC-day2,0.0,0.0,0.0,,,0,0,0,0,0,0,0
1.0,1.0,1.0,,Welcome to the RITC2026 GBE Energy Electricity Trading Case - practice server,,23,2026-02-01 08:25:23.276772,ELEC-day3,0.0,0.0,0.0,,,0,0,0,0,0,0,0
,,,,,,23,2026-02-01 08:25:23.276772,ELEC-day4,0.0,0.0,0.0,,,0,0,0,0,0,0,0
,,,,,,23,2026-02-01 08:25:23.276772,ELEC-day5,0.0,0.0,0.0,,,0,0,0,0,0,0,0
,,,,,,23,2026-02-01 08:25:23.276772,ELEC-day6,0.0,0.0,0.0,,,0,0,0,0,0,0,0
,,,,,,23,2026-02-01 08:25:23.276772,ELEC-F,0.0,0.0,0.0,,,0,0,0,0,0,0,0
3.0,1.0,1.0,,You are logged in as a TRADER,,24,2026-02-01 08:25:24.304256,NG,2.19,2.17,2.21,800000.0,800000.0,0,0,0,0,0,0,0
2.0,1.0,1.0,,FINES,"The fine for open positions of ELEC-dayX at the end of the day is $20,000/contract.",24,2026-02-01 08:25:24.304256,ELEC-day2,0.0,0.0,0.0,,,0,0,0,0,0,0,0
1.0,1.0,1.0,,Welcome to the RITC2026 GBE Energy Electricity Trading Case - practice server,,24,2026-02-01 08:25:24.304256,ELEC-day3,0.0,0.0,0.0,,,0,0,0,0,0,0,0
,,,,,,24,2026-02-01 08:25:24.304256,ELEC-day4,0.0,0.0,0.0,,,0,0,0,0,0,0,0
,,,,,,24,2026-02-01 08:25:24.304256,ELEC-day5,0.0,0.0,0.0,,,0,0,0,0,0,0,0
,,,,,,24,2026-02-01 08:25:24.304256,ELEC-day6,0.0,0.0,0.0,,,0,0,0,0,0,0,0
,,,,,,24,2026-02-01 08:25:24.304256,ELEC-F,0.0,0.0,0.0,,,0,0,0,0,0,0,0
3.0,1.0,1.0,,You are logged in as a TRADER,,25,2026-02-01 08:25:25.348220,NG,2.18,2.16,2.2,800000.0,800000.0,0,0,0,0,0,0,0
2.0,1.0,1.0,,FINES,"The fine for open positions of ELEC-dayX at the end of the day is $20,000/contract.",25,2026-02-01 08:25:25.348220,ELEC-day2,0.0,0.0,0.0,,,0,0,0,0,0,0,0
1.0,1.0,1.0,,Welcome to the RITC2026 GBE Energy Electricity Trading Case - practice server,,25,2026-02-01 08:25:25.348220,ELEC-day3,0.0,0.0,0.0,,,0,0,0,0,0,0,0
,,,,,,25,2026-02-01 08:25:25.348220,ELEC-day4,0.0,0.0,0.0,,,0,0,0,0,0,0,0
,,,,,,25,2026-02-01 08:25:25.348220,ELEC-day5,0.0,0.0,0.0,,,0,0,0,0,0,0,0
,,,,,,25,2026-02-01 08:25:25.348220,ELEC-day6,0.0,0.0,0.0,,,0,0,0,0,0,0,0
,,,,,,25,2026-02-01 08:25:25.348220,ELEC-F,0.0,0.0,0.0,,,0,0,0,0,0,0,0
3.0,1.0,1.0,,You are logged in as a TRADER,,26,2026-02-01 08:25:26.369167,NG,2.18,2.16,2.2,800000.0,800000.0,0,0,0,0,0,0,0
2.0,1.0,1.0,,FINES,"The fine for open positions of ELEC-dayX at the end of the day is $20,000/contract.",26,2026-02-01 08:25:26.369167,ELEC-day2,0.0,0.0,0.0,,,0,0,0,0,0,0,0
1.0,1.0,1.0,,Welcome to the RITC2026 GBE Energy Electricity Trading Case - practice server,,26,2026-02-01 08:25:26.369167,ELEC-day3,0.0,0.0,0.0,,,0,0,0,0,0,0,0
,,,,,,26,2026-02-01 08:25:26.369167,ELEC-day4,0.0,0.0,0.0,,,0,0,0,0,0,0,0
,,,,,,26,2026-02-01 08:25:26.369167,ELEC-day5,0.0,0.0,0.0,,,0,0,0,0,0,0,0
,,,,,,26,2026-02-01 08:25:26.369167,ELEC-day6,0.0,0.0,0.0,,,0,0,0,0,0,0,0
,,,,,,26,2026-02-01 08:25:26.369167,ELEC-F,0.0,0.0,0.0,,,0,0,0,0,0,0,0
3.0,1.0,1.0,,You are logged in as a TRADER,,27,2026-02-01 08:25:27.395281,NG,2.17,2.15,2.19,800000.0,800000.0,0,0,0,0,0,0,0
2.0,1.0,1.0,,FINES,"The fine for open positions of ELEC-dayX at the end of the day is $20,000/contract.",27,2026-02-01 08:25:27.395281,ELEC-day2,0.0,0.0,0.0,,,0,0,0,0,0,0,0
1.0,1.0,1.0,,Welcome to the RITC2026 GBE Energy Electricity Trading Case - practice server,,27,2026-02-01 08:25:27.395281,ELEC-day3,0.0,0.0,0.0,,,0,0,0,0,0,0,0
,,,,,,27,2026-02-01 08:25:27.395281,ELEC-day4,0.0,0.0,0.0,,,0,0,0,0,0,0,0
,,,,,,27,2026-02-01 08:25:27.395281,ELEC-day5,0.0,0.0,0.0,,,0,0,0,0,0,0,0
,,,,,,27,2026-02-01 08:25:27.395281,ELEC-day6,0.0,0.0,0.0,,,0,0,0,0,0,0,0
,,,,,,27,2026-02-01 08:25:27.395281,ELEC-F,0.0,0.0,0.0,,,0,0,0,0,0,0,0
3.0,1.0,1.0,,You are logged in as a TRADER,,28,2026-02-01 08:25:28.414189,NG,2.17,2.15,2.19,800000.0,800000.0,0,0,0,0,0,0,0
2.0,1.0,1.0,,FINES,"The fine for open positions of ELEC-dayX at the end of the day is $20,000/contract.",28,2026-02-01 08:25:28.414189,ELEC-day2,0.0,0.0,0.0,,,0,0,0,0,0,0,0
1.0,1.0,1.0,,Welcome to the RITC2026 GBE Energy Electricity Trading Case - practice server,,28,2026-02-01 08:25:28.414189,ELEC-day3,0.0,0.0,0.0,,,0,0,0,0,0,0,0
,,,,,,28,2026-02-01 08:25:28.414189,ELEC-day4,0.0,0.0,0.0,,,0,0,0,0,0,0,0
,,,,,,28,2026-02-01 08:25:28.414189,ELEC-day5,0.0,0.0,0.0,,,0,0,0,0,0,0,0
,,,,,,28,2026-02-01 08:25:28.414189,ELEC-day6,0.0,0.0,0.0,,,0,0,0,0,0,0,0
,,,,,,28,2026-02-01 08:25:28.414189,ELEC-F,0.0,0.0,0.0,,,0,0,0,0,0,0,0
3.0,1.0,1.0,,You are logged in as a TRADER,,29,2026-02-01 08:25:29.454256,NG,2.16,2.14,2.18,800000.0,800000.0,0,0,0,0,0,0,0
2.0,1.0,1.0,,FINES,"The fine for open positions of ELEC-dayX at the end of the day is $20,000/contract.",29,2026-02-01 08:25:29.454256,ELEC-day2,0.0,0.0,0.0,,,0,0,0,0,0,0,0
1.0,1.0,1.0,,Welcome to the RITC2026 GBE Energy Electricity Trading Case - practice server,,29,2026-02-01 08:25:29.454256,ELEC-day3,0.0,0.0,0.0,,,0,0,0,0,0,0,0
,,,,,,29,2026-02-01 08:25:29.454256,ELEC-day4,0.0,0.0,0.0,,,0,0,0,0,0,0,0
,,,,,,29,2026-02-01 08:25:29.454256,ELEC-day5,0.0,0.0,0.0,,,0,0,0,0,0,0,0
,,,,,,29,2026-02-01 08:25:29.454256,ELEC-day6,0.0,0.0,0.0,,,0,0,0,0,0,0,0
,,,,,,29,2026-02-01 08:25:29.454256,ELEC-F,0.0,0.0,0.0,,,0,0,0,0,0,0,0
3.0,1.0,1.0,,You are logged in as a TRADER,,30,2026-02-01 08:25:30.487914,NG,2.16,2.14,2.18,800000.0,800000.0,0,0,0,0,0,0,0
2.0,1.0,1.0,,FINES,"The fine for open positions of ELEC-dayX at the end of the day is $20,000/contract.",30,2026-02-01 08:25:30.487914,ELEC-day2,0.0,0.0,0.0,,,0,0,0,0,0,0,0
1.0,1.0,1.0,,Welcome to the RITC2026 GBE Energy Electricity Trading Case - practice server,,30,2026-02-01 08:25:30.487914,ELEC-day3,0.0,0.0,0.0,,,0,0,0,0,0,0,0
,,,,,,30,2026-02-01 08:25:30.487914,ELEC-day4,0.0,0.0,0.0,,,0,0,0,0,0,0,0
,,,,,,30,2026-02-01 08:25:30.487914,ELEC-day5,0.0,0.0,0.0,,,0,0,0,0,0,0,0
,,,,,,30,2026-02-01 08:25:30.487914,ELEC-day6,0.0,0.0,0.0,,,0,0,0,0,0,0,0
,,,,,,30,2026-02-01 08:25:30.487914,ELEC-F,0.0,0.0,0.0,,,0,0,0,0,0,0,0
3.0,1.0,1.0,,You are logged in as a TRADER,,31,2026-02-01 08:25:31.519111,NG,2.17,2.15,2.19,800000.0,800000.0,0,0,0,0,0,0,0
2.0,1.0,1.0,,FINES,"The fine for open positions of ELEC-dayX at the end of the day is $20,000/contract.",31,2026-02-01 08:25:31.519111,ELEC-day2,0.0,0.0,0.0,,,0,0,0,0,0,0,0
1.0,1.0,1.0,,Welcome to the RITC2026 GBE Energy Electricity Trading Case - practice server,,31,2026-02-01 08:25:31.519111,ELEC-day3,0.0,0.0,0.0,,,0,0,0,0,0,0,0
,,,,,,31,2026-02-01 08:25:31.519111,ELEC-day4,0.0,0.0,0.0,,,0,0,0,0,0,0,0
,,,,,,31,2026-02-01 08:25:31.519111,ELEC-day5,0.0,0.0,0.0,,,0,0,0,0,0,0,0
,,,,,,31,2026-02-01 08:25:31.519111,ELEC-day6,0.0,0.0,0.0,,,0,0,0,0,0,0,0
,,,,,,31,2026-02-01 08:25:31.519111,ELEC-F,0.0,0.0,0.0,,,0,0,0,0,0,0,0
3.0,1.0,1.0,,You are logged in as a TRADER,,32,2026-02-01 08:25:32.547603,NG,2.17,2.15,2.19,800000.0,800000.0,0,0,0,0,0,0,0
2.0,1.0,1.0,,FINES,"The fine for open positions of ELEC-dayX at the end of the day is $20,000/contract.",32,2026-02-01 08:25:32.547603,ELEC-day2,0.0,0.0,0.0,,,0,0,0,0,0,0,0
1.0,1.0,1.0,,Welcome to the RITC2026 GBE Energy Electricity Trading Case - practice server,,32,2026-02-01 08:25:32.547603,ELEC-day3,0.0,0.0,0.0,,,0,0,0,0,0,0,0
,,,,,,32,2026-02-01 08:25:32.547603,ELEC-day4,0.0,0.0,0.0,,,0,0,0,0,0,0,0
,,,,,,32,2026-02-01 08:25:32.547603,ELEC-day5,0.0,0.0,0.0,,,0,0,0,0,0,0,0
,,,,,,32,2026-02-01 08:25:32.547603,ELEC-day6,0.0,0.0,0.0,,,0,0,0,0,0,0,0
,,,,,,32,2026-02-01 08:25:32.547603,ELEC-F,0.0,0.0,0.0,,,0,0,0,0,0,0,0
3.0,1.0,1.0,,You are logged in as a TRADER,,33,2026-02-01 08:25:33.587667,NG,2.16,2.14,2.18,800000.0,800000.0,0,0,0,0,0,0,0
2.0,1.0,1.0,,FINES,"The fine for open positions of ELEC-dayX at the end of the day is $20,000/contract.",33,2026-02-01 08:25:33.587667,ELEC-day2,0.0,0.0,0.0,,,0,0,0,0,0,0,0
1.0,1.0,1.0,,Welcome to the RITC2026 GBE Energy Electricity Trading Case - practice server,,33,2026-02-01 08:25:33.587667,ELEC-day3,0.0,0.0,0.0,,,0,0,0,0,0,0,0
,,,,,,33,2026-02-01 08:25:33.587667,ELEC-day4,0.0,0.0,0.0,,,0,0,0,0,0,0,0
,,,,,,33,2026-02-01 08:25:33.587667,ELEC-day5,0.0,0.0,0.0,,,0,0,0,0,0,0,0
,,,,,,33,2026-02-01 08:25:33.587667,ELEC-day6,0.0,0.0,0.0,,,0,0,0,0,0,0,0
,,,,,,33,2026-02-01 08:25:33.587667,ELEC-F,0.0,0.0,0.0,,,0,0,0,0,0,0,0
3.0,1.0,1.0,,You are logged in as a TRADER,,34,2026-02-01 08:25:34.618223,NG,2.16,2.14,2.18,800000.0,800000.0,0,0,0,0,0,0,0
2.0,1.0,1.0,,FINES,"The fine for open positions of ELEC-dayX at the end of the day is $20,000/contract.",34,2026-02-01 08:25:34.618223,ELEC-day2,0.0,0.0,0.0,,,0,0,0,0,0,0,0
1.0,1.0,1.0,,Welcome to the RITC2026 GBE Energy Electricity Trading Case - practice server,,34,2026-02-01 08:25:34.618223,ELEC-day3,0.0,0.0,0.0,,,0,0,0,0,0,0,0
,,,,,,34,2026-02-01 08:25:34.618223,ELEC-day4,0.0,0.0,0.0,,,0,0,0,0,0,0,0
,,,,,,34,2026-02-01 08:25:34.618223,ELEC-day5,0.0,0.0,0.0,,,0,0,0,0,0,0,0
,,,,,,34,2026-02-01 08:25:34.618223,ELEC-day6,0.0,0.0,0.0,,,0,0,0,0,0,0,0
,,,,,,34,2026-02-01 08:25:34.618223,ELEC-F,0.0,0.0,0.0,,,0,0,0,0,0,0,0
3.0,1.0,1.0,,You are logged in as a TRADER,,35,2026-02-01 08:25:35.645975,NG,2.16,2.14,2.18,800000.0,800000.0,0,0,0,0,0,0,0
2.0,1.0,1.0,,FINES,"The fine for open positions of ELEC-dayX at the end of the day is $20,000/contract.",35,2026-02-01 08:25:35.645975,ELEC-day2,0.0,0.0,0.0,,,0,0,0,0,0,0,0
1.0,1.0,1.0,,Welcome to the RITC2026 GBE Energy Electricity Trading Case - practice server,,35,2026-02-01 08:25:35.645975,ELEC-day3,0.0,0.0,0.0,,,0,0,0,0,0,0,0
,,,,,,35,2026-02-01 08:25:35.645975,ELEC-day4,0.0,0.0,0.0,,,0,0,0,0,0,0,0
,,,,,,35,2026-02-01 08:25:35.645975,ELEC-day5,0.0,0.0,0.0,,,0,0,0,0,0,0,0
,,,,,,35,2026-02-01 08:25:35.645975,ELEC-day6,0.0,0.0,0.0,,,0,0,0,0,0,0,0
,,,,,,35,2026-02-01 08:25:35.645975,ELEC-F,0.0,0.0,0.0,,,0,0,0,0,0,0,0
3.0,1.0,1.0,,You are logged in as a TRADER,,36,2026-02-01 08:25:36.674058,NG,2.17,2.15,2.19,800000.0,800000.0,0,0,0,0,0,0,0
2.0,1.0,1.0,,FINES,"The fine for open positions of ELEC-dayX at the end of the day is $20,000/contract.",36,2026-02-01 08:25:36.674058,ELEC-day2,0.0,0.0,0.0,,,0,0,0,0,0,0,0
1.0,1.0,1.0,,Welcome to the RITC2026 GBE Energy Electricity Trading Case - practice server,,36,2026-02-01 08:25:36.674058,ELEC-day3,0.0,0.0,0.0,,,0,0,0,0,0,0,0
,,,,,,36,2026-02-01 08:25:36.674058,ELEC-day4,0.0,0.0,0.0,,,0,0,0,0,0,0,0
,,,,,,36,2026-02-01 08:25:36.674058,ELEC-day5,0.0,0.0,0.0,,,0,0,0,0,0,0,0
,,,,,,36,2026-02-01 08:25:36.674058,ELEC-day6,0.0,0.0,0.0,,,0,0,0,0,0,0,0
,,,,,,36,2026-02-01 08:25:36.674058,ELEC-F,0.0,0.0,0.0,,,0,0,0,0,0,0,0
3.0,1.0,1.0,,You are logged in as a TRADER,,37,2026-02-01 08:25:37.708991,NG,2.17,2.15,2.19,800000.0,800000.0,0,0,0,0,0,0,0
2.0,1.0,1.0,,FINES,"The fine for open positions of ELEC-dayX at the end of the day is $20,000/contract.",37,2026-02-01 08:25:37.708991,ELEC-day2,0.0,0.0,0.0,,,0,0,0,0,0,0,0
1.0,1.0,1.0,,Welcome to the RITC2026 GBE Energy Electricity Trading Case - practice server,,37,2026-02-01 08:25:37.708991,ELEC-day3,0.0,0.0,0.0,,,0,0,0,0,0,0,0
,,,,,,37,2026-02-01 08:25:37.708991,ELEC-day4,0.0,0.0,0.0,,,0,0,0,0,0,0,0
,,,,,,37,2026-02-01 08:25:37.708991,ELEC-day5,0.0,0.0,0.0,,,0,0,0,0,0,0,0
,,,,,,37,2026-02-01 08:25:37.708991,ELEC-day6,0.0,0.0,0.0,,,0,0,0,0,0,0,0
,,,,,,37,2026-02-01 08:25:37.708991,ELEC-F,0.0,0.0,0.0,,,0,0,0,0,0,0,0
3.0,1.0,1.0,,You are logged in as a TRADER,,38,2026-02-01 08:25:38.734124,NG,2.18,2.16,2.2,800000.0,800000.0,0,0,0,0,0,0,0
2.0,1.0,1.0,,FINES,"The fine for open positions of ELEC-dayX at the end of the day is $20,000/contract.",38,2026-02-01 08:25:38.734124,ELEC-day2,0.0,0.0,0.0,,,0,0,0,0,0,0,0
1.0,1.0,1.0,,Welcome to the RITC2026 GBE Energy Electricity Trading Case - practice server,,38,2026-02-01 08:25:38.734124,ELEC-day3,0.0,0.0,0.0,,,0,0,0,0,0,0,0
,,,,,,38,2026-02-01 08:25:38.734124,ELEC-day4,0.0,0.0,0.0,,,0,0,0,0,0,0,0
,,,,,,38,2026-02-01 08:25:38.734124,ELEC-day5,0.0,0.0,0.0,,,0,0,0,0,0,0,0
,,,,,,38,2026-02-01 08:25:38.734124,ELEC-day6,0.0,0.0,0.0,,,0,0,0,0,0,0,0
,,,,,,38,2026-02-01 08:25:38.734124,ELEC-F,0.0,0.0,0.0,,,0,0,0,0,0,0,0
4.0,1.0,38.0,,FACTORY TENDER REPORT,There is increased speculation of large sized factory tenders to SELL electricity into the local market.,40,2026-02-01 08:25:39.818152,NG,2.17,2.15,2.19,800000.0,800000.0,0,0,0,0,0,0,0
3.0,1.0,1.0,,You are logged in as a TRADER,,40,2026-02-01 08:25:39.818152,ELEC-day2,0.0,0.0,0.0,,,0,0,0,0,0,0,0
2.0,1.0,1.0,,FINES,"The fine for open positions of ELEC-dayX at the end of the day is $20,000/contract.",40,2026-02-01 08:25:39.818152,ELEC-day3,0.0,0.0,0.0,,,0,0,0,0,0,0,0
1.0,1.0,1.0,,Welcome to the RITC2026 GBE Energy Electricity Trading Case - practice server,,40,2026-02-01 08:25:39.818152,ELEC-day4,0.0,0.0,0.0,,,0,0,0,0,0,0,0
,,,,,,40,2026-02-01 08:25:39.818152,ELEC-day5,0.0,0.0,0.0,,,0,0,0,0,0,0,0
,,,,,,40,2026-02-01 08:25:39.818152,ELEC-day6,0.0,0.0,0.0,,,0,0,0,0,0,0,0
,,,,,,40,2026-02-01 08:25:39.818152,ELEC-F,0.0,0.0,0.0,,,0,0,0,0,0,0,0
4.0,1.0,38.0,,FACTORY TENDER REPORT,There is increased speculation of large sized factory tenders to SELL electricity into the local market.,41,2026-02-01 08:25:40.934733,NG,2.16,2.14,2.18,800000.0,800000.0,0,0,0,0,0,0,0
3.0,1.0,1.0,,You are logged in as a TRADER,,41,2026-02-01 08:25:40.934733,ELEC-day2,0.0,0.0,0.0,,,0,0,0,0,0,0,0
2.0,1.0,1.0,,FINES,"The fine for open positions of ELEC-dayX at the end of the day is $20,000/contract.",41,2026-02-01 08:25:40.934733,ELEC-day3,0.0,0.0,0.0,,,0,0,0,0,0,0,0
1.0,1.0,1.0,,Welcome to the RITC2026 GBE Energy Electricity Trading Case - practice server,,41,2026-02-01 08:25:40.934733,ELEC-day4,0.0,0.0,0.0,,,0,0,0,0,0,0,0
,,,,,,41,2026-02-01 08:25:40.934733,ELEC-day5,0.0,0.0,0.0,,,0,0,0,0,0,0,0
,,,,,,41,2026-02-01 08:25:40.934733,ELEC-day6,0.0,0.0,0.0,,,0,0,0,0,0,0,0
,,,,,,41,2026-02-01 08:25:40.934733,ELEC-F,0.0,0.0,0.0,,,0,0,0,0,0,0,0
4.0,1.0,38.0,,FACTORY TENDER REPORT,There is increased speculation of large sized factory tenders to SELL electricity into the local market.,42,2026-02-01 08:25:41.967823,NG,2.15,2.13,2.17,800000.0,800000.0,0,0,0,0,0,0,0
3.0,1.0,1.0,,You are logged in as a TRADER,,42,2026-02-01 08:25:41.967823,ELEC-day2,0.0,0.0,0.0,,,0,0,0,0,0,0,0
2.0,1.0,1.0,,FINES,"The fine for open positions of ELEC-dayX at the end of the day is $20,000/contract.",42,2026-02-01 08:25:41.967823,ELEC-day3,0.0,0.0,0.0,,,0,0,0,0,0,0,0
1.0,1.0,1.0,,Welcome to the RITC2026 GBE Energy Electricity Trading Case - practice server,,42,2026-02-01 08:25:41.967823,ELEC-day4,0.0,0.0,0.0,,,0,0,0,0,0,0,0
,,,,,,42,2026-02-01 08:25:41.967823,ELEC-day5,0.0,0.0,0.0,,,0,0,0,0,0,0,0
,,,,,,42,2026-02-01 08:25:41.967823,ELEC-day6,0.0,0.0,0.0,,,0,0,0,0,0,0,0
,,,,,,42,2026-02-01 08:25:41.967823,ELEC-F,0.0,0.0,0.0,,,0,0,0,0,0,0,0
4.0,1.0,38.0,,FACTORY TENDER REPORT,There is increased speculation of large sized factory tenders to SELL electricity into the local market.,43,2026-02-01 08:25:42.997170,NG,2.14,2.12,2.16,800000.0,800000.0,0,0,0,0,0,0,0
3.0,1.0,1.0,,You are logged in as a TRADER,,43,2026-02-01 08:25:42.997170,ELEC-day2,0.0,0.0,0.0,,,0,0,0,0,0,0,0
2.0,1.0,1.0,,FINES,"The fine for open positions of ELEC-dayX at the end of the day is $20,000/contract.",43,2026-02-01 08:25:42.997170,ELEC-day3,0.0,0.0,0.0,,,0,0,0,0,0,0,0
1.0,1.0,1.0,,Welcome to the RITC2026 GBE Energy Electricity Trading Case - practice server,,43,2026-02-01 08:25:42.997170,ELEC-day4,0.0,0.0,0.0,,,0,0,0,0,0,0,0
,,,,,,43,2026-02-01 08:25:42.997170,ELEC-day5,0.0,0.0,0.0,,,0,0,0,0,0,0,0
,,,,,,43,2026-02-01 08:25:42.997170,ELEC-day6,0.0,0.0,0.0,,,0,0,0,0,0,0,0
,,,,,,43,2026-02-01 08:25:42.997170,ELEC-F,0.0,0.0,0.0,,,0,0,0,0,0,0,0
4.0,1.0,38.0,,FACTORY TENDER REPORT,There is increased speculation of large sized factory tenders to SELL electricity into the local market.,44,2026-02-01 08:25:44.026457,NG,2.14,2.12,2.16,800000.0,800000.0,0,0,0,0,0,0,0
3.0,1.0,1.0,,You are logged in as a TRADER,,44,2026-02-01 08:25:44.026457,ELEC-day2,0.0,0.0,0.0,,,0,0,0,0,0,0,0
2.0,1.0,1.0,,FINES,"The fine for open positions of ELEC-dayX at the end of the day is $20,000/contract.",44,2026-02-01 08:25:44.026457,ELEC-day3,0.0,0.0,0.0,,,0,0,0,0,0,0,0
1.0,1.0,1.0,,Welcome to the RITC2026 GBE Energy Electricity Trading Case - practice server,,44,2026-02-01 08:25:44.026457,ELEC-day4,0.0,0.0,0.0,,,0,0,0,0,0,0,0
,,,,,,44,2026-02-01 08:25:44.026457,ELEC-day5,0.0,0.0,0.0,,,0,0,0,0,0,0,0
,,,,,,44,2026-02-01 08:25:44.026457,ELEC-day6,0.0,0.0,0.0,,,0,0,0,0,0,0,0
,,,,,,44,2026-02-01 08:25:44.026457,ELEC-F,0.0,0.0,0.0,,,0,0,0,0,0,0,0
4.0,1.0,38.0,,FACTORY TENDER REPORT,There is increased speculation of large sized factory tenders to SELL electricity into the local market.,45,2026-02-01 08:25:45.066834,NG,2.14,2.12,2.16,800000.0,800000.0,0,0,0,0,0,0,0
3.0,1.0,1.0,,You are logged in as a TRADER,,45,2026-02-01 08:25:45.066834,ELEC-day2,0.0,0.0,0.0,,,0,0,0,0,0,0,0
2.0,1.0,1.0,,FINES,"The fine for open positions of ELEC-dayX at the end of the day is $20,000/contract.",45,2026-02-01 08:25:45.066834,ELEC-day3,0.0,0.0,0.0,,,0,0,0,0,0,0,0
1.0,1.0,1.0,,Welcome to the RITC2026 GBE Energy Electricity Trading Case - practice server,,45,2026-02-01 08:25:45.066834,ELEC-day4,0.0,0.0,0.0,,,0,0,0,0,0,0,0
,,,,,,45,2026-02-01 08:25:45.066834,ELEC-day5,0.0,0.0,0.0,,,0,0,0,0,0,0,0
,,,,,,45,2026-02-01 08:25:45.066834,ELEC-day6,0.0,0.0,0.0,,,0,0,0,0,0,0,0
,,,,,,45,2026-02-01 08:25:45.066834,ELEC-F,0.0,0.0,0.0,,,0,0,0,0,0,0,0
4.0,1.0,38.0,,FACTORY TENDER REPORT,There is increased speculation of large sized factory tenders to SELL electricity into the local market.,46,2026-02-01 08:25:46.107978,NG,2.13,2.11,2.15,800000.0,800000.0,0,0,0,0,0,0,0
3.0,1.0,1.0,,You are logged in as a TRADER,,46,2026-02-01 08:25:46.107978,ELEC-day2,0.0,0.0,0.0,,,0,0,0,0,0,0,0
2.0,1.0,1.0,,FINES,"The fine for open positions of ELEC-dayX at the end of the day is $20,000/contract.",46,2026-02-01 08:25:46.107978,ELEC-day3,0.0,0.0,0.0,,,0,0,0,0,0,0,0
1.0,1.0,1.0,,Welcome to the RITC2026 GBE Energy Electricity Trading Case - practice server,,46,2026-02-01 08:25:46.107978,ELEC-day4,0.0,0.0,0.0,,,0,0,0,0,0,0,0
,,,,,,46,2026-02-01 08:25:46.107978,ELEC-day5,0.0,0.0,0.0,,,0,0,0,0,0,0,0
,,,,,,46,2026-02-01 08:25:46.107978,ELEC-day6,0.0,0.0,0.0,,,0,0,0,0,0,0,0
,,,,,,46,2026-02-01 08:25:46.107978,ELEC-F,0.0,0.0,0.0,,,0,0,0,0,0,0,0
4.0,1.0,38.0,,FACTORY TENDER REPORT,There is increased speculation of large sized factory tenders to SELL electricity into the local market.,47,2026-02-01 08:25:47.143989,NG,2.13,2.11,2.15,800000.0,800000.0,0,0,0,0,0,0,0
3.0,1.0,1.0,,You are logged in as a TRADER,,47,2026-02-01 08:25:47.143989,ELEC-day2,0.0,0.0,0.0,,,0,0,0,0,0,0,0
2.0,1.0,1.0,,FINES,"The fine for open positions of ELEC-dayX at the end of the day is $20,000/contract.",47,2026-02-01 08:25:47.143989,ELEC-day3,0.0,0.0,0.0,,,0,0,0,0,0,0,0
1.0,1.0,1.0,,Welcome to the RITC2026 GBE Energy Electricity Trading Case - practice server,,47,2026-02-01 08:25:47.143989,ELEC-day4,0.0,0.0,0.0,,,0,0,0,0,0,0,0
,,,,,,47,2026-02-01 08:25:47.143989,ELEC-day5,0.0,0.0,0.0,,,0,0,0,0,0,0,0
,,,,,,47,2026-02-01 08:25:47.143989,ELEC-day6,0.0,0.0,0.0,,,0,0,0,0,0,0,0
,,,,,,47,2026-02-01 08:25:47.143989,ELEC-F,0.0,0.0,0.0,,,0,0,0,0,0,0,0
4.0,1.0,38.0,,FACTORY TENDER REPORT,There is increased speculation of large sized factory tenders to SELL electricity into the local market.,48,2026-02-01 08:25:48.178296,NG,2.12,2.1,2.14,800000.0,800000.0,0,0,0,0,0,0,0
3.0,1.0,1.0,,You are logged in as a TRADER,,48,2026-02-01 08:25:48.178296,ELEC-day2,0.0,0.0,0.0,,,0,0,0,0,0,0,0
2.0,1.0,1.0,,FINES,"The fine for open positions of ELEC-dayX at the end of the day is $20,000/contract.",48,2026-02-01 08:25:48.178296,ELEC-day3,0.0,0.0,0.0,,,0,0,0,0,0,0,0
1.0,1.0,1.0,,Welcome to the RITC2026 GBE Energy Electricity Trading Case - practice server,,48,2026-02-01 08:25:48.178296,ELEC-day4,0.0,0.0,0.0,,,0,0,0,0,0,0,0
,,,,,,48,2026-02-01 08:25:48.178296,ELEC-day5,0.0,0.0,0.0,,,0,0,0,0,0,0,0
,,,,,,48,2026-02-01 08:25:48.178296,ELEC-day6,0.0,0.0,0.0,,,0,0,0,0,0,0,0
,,,,,,48,2026-02-01 08:25:48.178296,ELEC-F,0.0,0.0,0.0,,,0,0,0,0,0,0,0
4.0,1.0,38.0,,FACTORY TENDER REPORT,There is increased speculation of large sized factory tenders to SELL electricity into the local market.,49,2026-02-01 08:25:49.225491,NG,2.13,2.11,2.15,800000.0,800000.0,0,0,0,0,0,0,0
3.0,1.0,1.0,,You are logged in as a TRADER,,49,2026-02-01 08:25:49.225491,ELEC-day2,0.0,0.0,0.0,,,0,0,0,0,0,0,0
2.0,1.0,1.0,,FINES,"The fine for open positions of ELEC-dayX at the end of the day is $20,000/contract.",49,2026-02-01 08:25:49.225491,ELEC-day3,0.0,0.0,0.0,,,0,0,0,0,0,0,0
1.0,1.0,1.0,,Welcome to the RITC2026 GBE Energy Electricity Trading Case - practice server,,49,2026-02-01 08:25:49.225491,ELEC-day4,0.0,0.0,0.0,,,0,0,0,0,0,0,0
,,,,,,49,2026-02-01 08:25:49.225491,ELEC-day5,0.0,0.0,0.0,,,0,0,0,0,0,0,0
,,,,,,49,2026-02-01 08:25:49.225491,ELEC-day6,0.0,0.0,0.0,,,0,0,0,0,0,0,0
,,,,,,49,2026-02-01 08:25:49.225491,ELEC-F,0.0,0.0,0.0,,,0,0,0,0,0,0,0
4.0,1.0,38.0,,FACTORY TENDER REPORT,There is increased speculation of large sized factory tenders to SELL electricity into the local market.,50,2026-02-01 08:25:50.246254,NG,2.13,2.11,2.15,800000.0,800000.0,0,0,0,0,0,0,0
3.0,1.0,1.0,,You are logged in as a TRADER,,50,2026-02-01 08:25:50.246254,ELEC-day2,0.0,0.0,0.0,,,0,0,0,0,0,0,0
2.0,1.0,1.0,,FINES,"The fine for open positions of ELEC-dayX at the end of the day is $20,000/contract.",50,2026-02-01 08:25:50.246254,ELEC-day3,0.0,0.0,0.0,,,0,0,0,0,0,0,0
1.0,1.0,1.0,,Welcome to the RITC2026 GBE Energy Electricity Trading Case - practice server,,50,2026-02-01 08:25:50.246254,ELEC-day4,0.0,0.0,0.0,,,0,0,0,0,0,0,0
,,,,,,50,2026-02-01 08:25:50.246254,ELEC-day5,0.0,0.0,0.0,,,0,0,0,0,0,0,0
,,,,,,50,2026-02-01 08:25:50.246254,ELEC-day6,0.0,0.0,0.0,,,0,0,0,0,0,0,0
,,,,,,50,2026-02-01 08:25:50.246254,ELEC-F,0.0,0.0,0.0,,,0,0,0,0,0,0,0
4.0,1.0,38.0,,FACTORY TENDER REPORT,There is increased speculation of large sized factory tenders to SELL electricity into the local market.,51,2026-02-01 08:25:51.278787,NG,2.14,2.12,2.16,800000.0,800000.0,0,0,0,0,0,0,0
3.0,1.0,1.0,,You are logged in as a TRADER,,51,2026-02-01 08:25:51.278787,ELEC-day2,0.0,0.0,0.0,,,0,0,0,0,0,0,0
2.0,1.0,1.0,,FINES,"The fine for open positions of ELEC-dayX at the end of the day is $20,000/contract.",51,2026-02-01 08:25:51.278787,ELEC-day3,0.0,0.0,0.0,,,0,0,0,0,0,0,0
1.0,1.0,1.0,,Welcome to the RITC2026 GBE Energy Electricity Trading Case - practice server,,51,2026-02-01 08:25:51.278787,ELEC-day4,0.0,0.0,0.0,,,0,0,0,0,0,0,0
,,,,,,51,2026-02-01 08:25:51.278787,ELEC-day5,0.0,0.0,0.0,,,0,0,0,0,0,0,0
,,,,,,51,2026-02-01 08:25:51.278787,ELEC-day6,0.0,0.0,0.0,,,0,0,0,0,0,0,0
,,,,,,51,2026-02-01 08:25:51.278787,ELEC-F,0.0,0.0,0.0,,,0,0,0,0,0,0,0
4.0,1.0,38.0,,FACTORY TENDER REPORT,There is increased speculation of large sized factory tenders to SELL electricity into the local market.,52,2026-02-01 08:25:52.318306,NG,2.15,2.13,2.17,800000.0,800000.0,0,0,0,0,0,0,0
3.0,1.0,1.0,,You are logged in as a TRADER,,52,2026-02-01 08:25:52.318306,ELEC-day2,0.0,0.0,0.0,,,0,0,0,0,0,0,0
2.0,1.0,1.0,,FINES,"The fine for open positions of ELEC-dayX at the end of the day is $20,000/contract.",52,2026-02-01 08:25:52.318306,ELEC-day3,0.0,0.0,0.0,,,0,0,0,0,0,0,0
1.0,1.0,1.0,,Welcome to the RITC2026 GBE Energy Electricity Trading Case - practice server,,52,2026-02-01 08:25:52.318306,ELEC-day4,0.0,0.0,0.0,,,0,0,0,0,0,0,0
,,,,,,52,2026-02-01 08:25:52.318306,ELEC-day5,0.0,0.0,0.0,,,0,0,0,0,0,0,0
,,,,,,52,2026-02-01 08:25:52.318306,ELEC-day6,0.0,0.0,0.0,,,0,0,0,0,0,0,0
,,,,,,52,2026-02-01 08:25:52.318306,ELEC-F,0.0,0.0,0.0,,,0,0,0,0,0,0,0
4.0,1.0,38.0,,FACTORY TENDER REPORT,There is increased speculation of large sized factory tenders to SELL electricity into the local market.,53,2026-02-01 08:25:53.354379,NG,2.15,2.13,2.17,800000.0,800000.0,,0,0,0,0,0,0
3.0,1.0,1.0,,You are logged in as a TRADER,,53,2026-02-01 08:25:53.354379,ELEC-day2,0.0,0.0,0.0,,,,0,0,0,0,0,0
2.0,1.0,1.0,,FINES,"The fine for open positions of ELEC-dayX at the end of the day is $20,000/contract.",53,2026-02-01 08:25:53.354379,ELEC-day3,0.0,0.0,0.0,,,,0,0,0,0,0,0
1.0,1.0,1.0,,Welcome to the RITC2026 GBE Energy Electricity Trading Case - practice server,,53,2026-02-01 08:25:53.354379,ELEC-day4,0.0,0.0,0.0,,,,0,0,0,0,0,0
,,,,,,53,2026-02-01 08:25:53.354379,ELEC-day5,0.0,0.0,0.0,,,,0,0,0,0,0,0
,,,,,,53,2026-02-01 08:25:53.354379,ELEC-day6,0.0,0.0,0.0,,,,0,0,0,0,0,0
,,,,,,53,2026-02-01 08:25:53.354379,ELEC-F,0.0,100.0,0.0,,,10.0,0,0,0,0,0,0
4.0,1.0,38.0,,FACTORY TENDER REPORT,There is increased speculation of large sized factory tenders to SELL electricity into the local market.,54,2026-02-01 08:25:54.394038,NG,2.15,2.13,2.17,800000.0,800000.0,0,0,0,0,0,0,0
3.0,1.0,1.0,,You are logged in as a TRADER,,54,2026-02-01 08:25:54.394038,ELEC-day2,0.0,0.0,0.0,,,0,0,0,0,0,0,0
2.0,1.0,1.0,,FINES,"The fine for open positions of ELEC-dayX at the end of the day is $20,000/contract.",54,2026-02-01 08:25:54.394038,ELEC-day3,0.0,0.0,0.0,,,0,0,0,0,0,0,0
1.0,1.0,1.0,,Welcome to the RITC2026 GBE Energy Electricity Trading Case - practice server,,54,2026-02-01 08:25:54.394038,ELEC-day4,0.0,0.0,0.0,,,0,0,0,0,0,0,0
,,,,,,54,2026-02-01 08:25:54.394038,ELEC-day5,0.0,0.0,0.0,,,0,0,0,0,0,0,0
,,,,,,54,2026-02-01 08:25:54.394038,ELEC-day6,0.0,0.0,0.0,,,0,0,0,0,0,0,0
,,,,,,54,2026-02-01 08:25:54.394038,ELEC-F,0.0,0.0,0.0,,,0,0,0,0,0,0,0
4.0,1.0,38.0,,FACTORY TENDER REPORT,There is increased speculation of large sized factory tenders to SELL electricity into the local market.,55,2026-02-01 08:25:55.424287,NG,2.16,2.14,2.18,800000.0,800000.0,0,0,0,0,0,0,0
3.0,1.0,1.0,,You are logged in as a TRADER,,55,2026-02-01 08:25:55.424287,ELEC-day2,0.0,0.0,0.0,,,0,0,0,0,0,0,0
2.0,1.0,1.0,,FINES,"The fine for open positions of ELEC-dayX at the end of the day is $20,000/contract.",55,2026-02-01 08:25:55.424287,ELEC-day3,0.0,0.0,0.0,,,0,0,0,0,0,0,0
1.0,1.0,1.0,,Welcome to the RITC2026 GBE Energy Electricity Trading Case - practice server,,55,2026-02-01 08:25:55.424287,ELEC-day4,0.0,0.0,0.0,,,0,0,0,0,0,0,0
,,,,,,55,2026-02-01 08:25:55.424287,ELEC-day5,0.0,0.0,0.0,,,0,0,0,0,0,0,0
,,,,,,55,2026-02-01 08:25:55.424287,ELEC-day6,0.0,0.0,0.0,,,0,0,0,0,0,0,0
,,,,,,55,2026-02-01 08:25:55.424287,ELEC-F,0.0,0.0,0.0,,,0,0,0,0,0,0,0
4.0,1.0,38.0,,FACTORY TENDER REPORT,There is increased speculation of large sized factory tenders to SELL electricity into the local market.,56,2026-02-01 08:25:56.454382,NG,2.17,2.15,2.19,800000.0,800000.0,0,0,0,0,0,0,0
3.0,1.0,1.0,,You are logged in as a TRADER,,56,2026-02-01 08:25:56.454382,ELEC-day2,0.0,0.0,0.0,,,0,0,0,0,0,0,0
2.0,1.0,1.0,,FINES,"The fine for open positions of ELEC-dayX at the end of the day is $20,000/contract.",56,2026-02-01 08:25:56.454382,ELEC-day3,0.0,0.0,0.0,,,0,0,0,0,0,0,0
1.0,1.0,1.0,,Welcome to the RITC2026 GBE Energy Electricity Trading Case - practice server,,56,2026-02-01 08:25:56.454382,ELEC-day4,0.0,0.0,0.0,,,0,0,0,0,0,0,0
,,,,,,56,2026-02-01 08:25:56.454382,ELEC-day5,0.0,0.0,0.0,,,0,0,0,0,0,0,0
,,,,,,56,2026-02-01 08:25:56.454382,ELEC-day6,0.0,0.0,0.0,,,0,0,0,0,0,0,0
,,,,,,56,2026-02-01 08:25:56.454382,ELEC-F,0.0,0.0,0.0,,,0,0,0,0,0,0,0
4.0,1.0,38.0,,FACTORY TENDER REPORT,There is increased speculation of large sized factory tenders to SELL electricity into the local market.,57,2026-02-01 08:25:57.485023,NG,2.18,2.16,2.2,800000.0,800000.0,,0,0,0,0,0,0
3.0,1.0,1.0,,You are logged in as a TRADER,,57,2026-02-01 08:25:57.485023,ELEC-day2,0.0,0.0,0.0,,,,0,0,0,0,0,0
2.0,1.0,1.0,,FINES,"The fine for open positions of ELEC-dayX at the end of the day is $20,000/contract.",57,2026-02-01 08:25:57.485023,ELEC-day3,0.0,0.0,0.0,,,,0,0,0,0,0,0
1.0,1.0,1.0,,Welcome to the RITC2026 GBE Energy Electricity Trading Case - practice server,,57,2026-02-01 08:25:57.485023,ELEC-day4,0.0,0.0,0.0,,,,0,0,0,0,0,0
,,,,,,57,2026-02-01 08:25:57.485023,ELEC-day5,0.0,0.0,0.0,,,,0,0,0,0,0,0
,,,,,,57,2026-02-01 08:25:57.485023,ELEC-day6,0.0,0.0,0.0,,,,0,0,0,0,0,0
,,,,,,57,2026-02-01 08:25:57.485023,ELEC-F,0.0,40.0,0.0,,,50.0,0,0,0,0,0,0
4.0,1.0,38.0,,FACTORY TENDER REPORT,There is increased speculation of large sized factory tenders to SELL electricity into the local market.,58,2026-02-01 08:25:58.514622,NG,2.18,2.16,2.2,800000.0,800000.0,,0,0,0,0,0,0
3.0,1.0,1.0,,You are logged in as a TRADER,,58,2026-02-01 08:25:58.514622,ELEC-day2,0.0,0.0,0.0,,,,0,0,0,0,0,0
2.0,1.0,1.0,,FINES,"The fine for open positions of ELEC-dayX at the end of the day is $20,000/contract.",58,2026-02-01 08:25:58.514622,ELEC-day3,0.0,0.0,0.0,,,,0,0,0,0,0,0
1.0,1.0,1.0,,Welcome to the RITC2026 GBE Energy Electricity Trading Case - practice server,,58,2026-02-01 08:25:58.514622,ELEC-day4,0.0,0.0,0.0,,,,0,0,0,0,0,0
,,,,,,58,2026-02-01 08:25:58.514622,ELEC-day5,0.0,0.0,0.0,,,,0,0,0,0,0,0
,,,,,,58,2026-02-01 08:25:58.514622,ELEC-day6,0.0,0.0,0.0,,,,0,0,0,0,0,0
,,,,,,58,2026-02-01 08:25:58.514622,ELEC-F,40.0,40.0,0.0,,,40.0,0,0,0,0,0,0
4.0,1.0,38.0,,FACTORY TENDER REPORT,There is increased speculation of large sized factory tenders to SELL electricity into the local market.,59,2026-02-01 08:25:59.539029,NG,2.18,2.16,2.2,800000.0,800000.0,,0,0,0,0,0,0
3.0,1.0,1.0,,You are logged in as a TRADER,,59,2026-02-01 08:25:59.539029,ELEC-day2,0.0,0.0,0.0,,,,0,0,0,0,0,0
2.0,1.0,1.0,,FINES,"The fine for open positions of ELEC-dayX at the end of the day is $20,000/contract.",59,2026-02-01 08:25:59.539029,ELEC-day3,0.0,0.0,0.0,,,,0,0,0,0,0,0
1.0,1.0,1.0,,Welcome to the RITC2026 GBE Energy Electricity Trading Case - practice server,,59,2026-02-01 08:25:59.539029,ELEC-day4,0.0,0.0,0.0,,,,0,0,0,0,0,0
,,,,,,59,2026-02-01 08:25:59.539029,ELEC-day5,0.0,0.0,0.0,,,,0,0,0,0,0,0
,,,,,,59,2026-02-01 08:25:59.539029,ELEC-day6,0.0,0.0,0.0,,,,0,0,0,0,0,0
,,,,,,59,2026-02-01 08:25:59.539029,ELEC-F,40.0,40.0,0.0,,,40.0,0,0,0,0,0,0
4.0,1.0,38.0,,FACTORY TENDER REPORT,There is increased speculation of large sized factory tenders to SELL electricity into the local market.,60,2026-02-01 08:26:00.563820,NG,2.18,2.16,2.2,800000.0,800000.0,,0,0,0,0,0,0
3.0,1.0,1.0,,You are logged in as a TRADER,,60,2026-02-01 08:26:00.563820,ELEC-day2,0.0,0.0,0.0,,,,0,0,0,0,0,0
2.0,1.0,1.0,,FINES,"The fine for open positions of ELEC-dayX at the end of the day is $20,000/contract.",60,2026-02-01 08:26:00.563820,ELEC-day3,0.0,0.0,0.0,,,,0,0,0,0,0,0
1.0,1.0,1.0,,Welcome to the RITC2026 GBE Energy Electricity Trading Case - practice server,,60,2026-02-01 08:26:00.563820,ELEC-day4,0.0,0.0,0.0,,,,0,0,0,0,0,0
,,,,,,60,2026-02-01 08:26:00.563820,ELEC-day5,0.0,0.0,0.0,,,,0,0,0,0,0,0
,,,,,,60,2026-02-01 08:26:00.563820,ELEC-day6,0.0,0.0,0.0,,,,0,0,0,0,0,0
,,,,,,60,2026-02-01 08:26:00.563820,ELEC-F,40.0,40.0,0.0,,,40.0,0,0,0,0,0,0
4.0,1.0,38.0,,FACTORY TENDER REPORT,There is increased speculation of large sized factory tenders to SELL electricity into the local market.,61,2026-02-01 08:26:01.594309,NG,2.17,2.15,2.19,800000.0,800000.0,,0,0,0,0,0,0
3.0,1.0,1.0,,You are logged in as a TRADER,,61,2026-02-01 08:26:01.594309,ELEC-day2,0.0,0.0,0.0,,,,0,0,0,0,0,0
2.0,1.0,1.0,,FINES,"The fine for open positions of ELEC-dayX at the end of the day is $20,000/contract.",61,2026-02-01 08:26:01.594309,ELEC-day3,0.0,0.0,0.0,,,,0,0,0,0,0,0
1.0,1.0,1.0,,Welcome to the RITC2026 GBE Energy Electricity Trading Case - practice server,,61,2026-02-01 08:26:01.594309,ELEC-day4,0.0,0.0,0.0,,,,0,0,0,0,0,0
,,,,,,61,2026-02-01 08:26:01.594309,ELEC-day5,0.0,0.0,0.0,,,,0,0,0,0,0,0
,,,,,,61,2026-02-01 08:26:01.594309,ELEC-day6,0.0,0.0,0.0,,,,0,0,0,0,0,0
,,,,,,61,2026-02-01 08:26:01.594309,ELEC-F,40.0,40.0,0.0,,,40.0,0,0,0,0,0,0
4.0,1.0,38.0,,FACTORY TENDER REPORT,There is increased speculation of large sized factory tenders to SELL electricity into the local market.,62,2026-02-01 08:26:02.632335,NG,2.17,2.15,2.19,800000.0,800000.0,,0,0,0,0,0,0
3.0,1.0,1.0,,You are logged in as a TRADER,,62,2026-02-01 08:26:02.632335,ELEC-day2,0.0,0.0,0.0,,,,0,0,0,0,0,0
2.0,1.0,1.0,,FINES,"The fine for open positions of ELEC-dayX at the end of the day is $20,000/contract.",62,2026-02-01 08:26:02.632335,ELEC-day3,0.0,0.0,0.0,,,,0,0,0,0,0,0
1.0,1.0,1.0,,Welcome to the RITC2026 GBE Energy Electricity Trading Case - practice server,,62,2026-02-01 08:26:02.632335,ELEC-day4,0.0,0.0,0.0,,,,0,0,0,0,0,0
,,,,,,62,2026-02-01 08:26:02.632335,ELEC-day5,0.0,0.0,0.0,,,,0,0,0,0,0,0
,,,,,,62,2026-02-01 08:26:02.632335,ELEC-day6,0.0,0.0,0.0,,,,0,0,0,0,0,0
,,,,,,62,2026-02-01 08:26:02.632335,ELEC-F,40.0,40.0,0.0,,,20.0,0,0,0,0,0,0
4.0,1.0,38.0,,FACTORY TENDER REPORT,There is increased speculation of large sized factory tenders to SELL electricity into the local market.,63,2026-02-01 08:26:03.668975,NG,2.17,2.15,2.19,800000.0,800000.0,,0,0,0,0,0,0
3.0,1.0,1.0,,You are logged in as a TRADER,,63,2026-02-01 08:26:03.668975,ELEC-day2,0.0,0.0,0.0,,,,0,0,0,0,0,0
2.0,1.0,1.0,,FINES,"The fine for open positions of ELEC-dayX at the end of the day is $20,000/contract.",63,2026-02-01 08:26:03.668975,ELEC-day3,0.0,0.0,0.0,,,,0,0,0,0,0,0
1.0,1.0,1.0,,Welcome to the RITC2026 GBE Energy Electricity Trading Case - practice server,,63,2026-02-01 08:26:03.668975,ELEC-day4,0.0,0.0,0.0,,,,0,0,0,0,0,0
,,,,,,63,2026-02-01 08:26:03.668975,ELEC-day5,0.0,0.0,0.0,,,,0,0,0,0,0,0
,,,,,,63,2026-02-01 08:26:03.668975,ELEC-day6,0.0,0.0,0.0,,,,0,0,0,0,0,0
,,,,,,63,2026-02-01 08:26:03.668975,ELEC-F,40.0,40.0,0.0,,,20.0,0,0,0,0,0,0
4.0,1.0,38.0,,FACTORY TENDER REPORT,There is increased speculation of large sized factory tenders to SELL electricity into the local market.,64,2026-02-01 08:26:04.703562,NG,2.17,2.15,2.19,800000.0,800000.0,,0,0,0,0,0,0
3.0,1.0,1.0,,You are logged in as a TRADER,,64,2026-02-01 08:26:04.703562,ELEC-day2,0.0,0.0,0.0,,,,0,0,0,0,0,0
2.0,1.0,1.0,,FINES,"The fine for open positions of ELEC-dayX at the end of the day is $20,000/contract.",64,2026-02-01 08:26:04.703562,ELEC-day3,0.0,0.0,0.0,,,,0,0,0,0,0,0
1.0,1.0,1.0,,Welcome to the RITC2026 GBE Energy Electricity Trading Case - practice server,,64,2026-02-01 08:26:04.703562,ELEC-day4,0.0,0.0,0.0,,,,0,0,0,0,0,0
,,,,,,64,2026-02-01 08:26:04.703562,ELEC-day5,0.0,0.0,0.0,,,,0,0,0,0,0,0
,,,,,,64,2026-02-01 08:26:04.703562,ELEC-day6,0.0,0.0,0.0,,,,0,0,0,0,0,0
,,,,,,64,2026-02-01 08:26:04.703562,ELEC-F,40.0,40.0,0.0,,,20.0,0,0,0,0,0,0
4.0,1.0,38.0,,FACTORY TENDER REPORT,There is increased speculation of large sized factory tenders to SELL electricity into the local market.,65,2026-02-01 08:26:05.734196,NG,2.17,2.15,2.19,800000.0,800000.0,,0,0,0,0,0,0
3.0,1.0,1.0,,You are logged in as a TRADER,,65,2026-02-01 08:26:05.734196,ELEC-day2,0.0,0.0,0.0,,,,0,0,0,0,0,0
2.0,1.0,1.0,,FINES,"The fine for open positions of ELEC-dayX at the end of the day is $20,000/contract.",65,2026-02-01 08:26:05.734196,ELEC-day3,0.0,0.0,0.0,,,,0,0,0,0,0,0
1.0,1.0,1.0,,Welcome to the RITC2026 GBE Energy Electricity Trading Case - practice server,,65,2026-02-01 08:26:05.734196,ELEC-day4,0.0,0.0,0.0,,,,0,0,0,0,0,0
,,,,,,65,2026-02-01 08:26:05.734196,ELEC-day5,0.0,0.0,0.0,,,,0,0,0,0,0,0
,,,,,,65,2026-02-01 08:26:05.734196,ELEC-day6,0.0,0.0,0.0,,,,0,0,0,0,0,0
,,,,,,65,2026-02-01 08:26:05.734196,ELEC-F,40.0,40.0,0.0,,,20.0,0,0,0,0,0,0
4.0,1.0,38.0,,FACTORY TENDER REPORT,There is increased speculation of large sized factory tenders to SELL electricity into the local market.,66,2026-02-01 08:26:06.767115,NG,2.17,2.15,2.19,800000.0,800000.0,0,0,0,0,0,0,0
3.0,1.0,1.0,,You are logged in as a TRADER,,66,2026-02-01 08:26:06.767115,ELEC-day2,0.0,0.0,0.0,,,0,0,0,0,0,0,0
2.0,1.0,1.0,,FINES,"The fine for open positions of ELEC-dayX at the end of the day is $20,000/contract.",66,2026-02-01 08:26:06.767115,ELEC-day3,0.0,0.0,0.0,,,0,0,0,0,0,0,0
1.0,1.0,1.0,,Welcome to the RITC2026 GBE Energy Electricity Trading Case - practice server,,66,2026-02-01 08:26:06.767115,ELEC-day4,0.0,0.0,0.0,,,0,0,0,0,0,0,0
,,,,,,66,2026-02-01 08:26:06.767115,ELEC-day5,0.0,0.0,0.0,,,0,0,0,0,0,0,0
,,,,,,66,2026-02-01 08:26:06.767115,ELEC-day6,0.0,0.0,0.0,,,0,0,0,0,0,0,0
,,,,,,66,2026-02-01 08:26:06.767115,ELEC-F,40.0,0.0,0.0,,,0,0,0,0,0,0,0
4.0,1.0,38.0,,FACTORY TENDER REPORT,There is increased speculation of large sized factory tenders to SELL electricity into the local market.,67,2026-02-01 08:26:07.799391,NG,2.17,2.15,2.19,800000.0,800000.0,0,0,0,0,0,0,0
3.0,1.0,1.0,,You are logged in as a TRADER,,67,2026-02-01 08:26:07.799391,ELEC-day2,0.0,0.0,0.0,,,0,0,0,0,0,0,0
2.0,1.0,1.0,,FINES,"The fine for open positions of ELEC-dayX at the end of the day is $20,000/contract.",67,2026-02-01 08:26:07.799391,ELEC-day3,0.0,0.0,0.0,,,0,0,0,0,0,0,0
1.0,1.0,1.0,,Welcome to the RITC2026 GBE Energy Electricity Trading Case - practice server,,67,2026-02-01 08:26:07.799391,ELEC-day4,0.0,0.0,0.0,,,0,0,0,0,0,0,0
,,,,,,67,2026-02-01 08:26:07.799391,ELEC-day5,0.0,0.0,0.0,,,0,0,0,0,0,0,0
,,,,,,67,2026-02-01 08:26:07.799391,ELEC-day6,0.0,0.0,0.0,,,0,0,0,0,0,0,0
,,,,,,67,2026-02-01 08:26:07.799391,ELEC-F,40.0,0.0,0.0,,,0,0,0,0,0,0,0
4.0,1.0,38.0,,FACTORY TENDER REPORT,There is increased speculation of large sized factory tenders to SELL electricity into the local market.,68,2026-02-01 08:26:08.828119,NG,2.17,2.15,2.19,800000.0,800000.0,0,0,0,0,0,0,0
3.0,1.0,1.0,,You are logged in as a TRADER,,68,2026-02-01 08:26:08.828119,ELEC-day2,0.0,0.0,0.0,,,0,0,0,0,0,0,0
2.0,1.0,1.0,,FINES,"The fine for open positions of ELEC-dayX at the end of the day is $20,000/contract.",68,2026-02-01 08:26:08.828119,ELEC-day3,0.0,0.0,0.0,,,0,0,0,0,0,0,0
1.0,1.0,1.0,,Welcome to the RITC2026 GBE Energy Electricity Trading Case - practice server,,68,2026-02-01 08:26:08.828119,ELEC-day4,0.0,0.0,0.0,,,0,0,0,0,0,0,0
,,,,,,68,2026-02-01 08:26:08.828119,ELEC-day5,0.0,0.0,0.0,,,0,0,0,0,0,0,0
,,,,,,68,2026-02-01 08:26:08.828119,ELEC-day6,0.0,0.0,0.0,,,0,0,0,0,0,0,0
,,,,,,68,2026-02-01 08:26:08.828119,ELEC-F,40.0,0.0,0.0,,,0,0,0,0,0,0,0
4.0,1.0,38.0,,FACTORY TENDER REPORT,There is increased speculation of large sized factory tenders to SELL electricity into the local market.,69,2026-02-01 08:26:09.859105,NG,2.17,2.15,2.19,800000.0,800000.0,0,0,0,0,0,0,0
3.0,1.0,1.0,,You are logged in as a TRADER,,69,2026-02-01 08:26:09.859105,ELEC-day2,0.0,0.0,0.0,,,0,0,0,0,0,0,0
2.0,1.0,1.0,,FINES,"The fine for open positions of ELEC-dayX at the end of the day is $20,000/contract.",69,2026-02-01 08:26:09.859105,ELEC-day3,0.0,0.0,0.0,,,0,0,0,0,0,0,0
1.0,1.0,1.0,,Welcome to the RITC2026 GBE Energy Electricity Trading Case - practice server,,69,2026-02-01 08:26:09.859105,ELEC-day4,0.0,0.0,0.0,,,0,0,0,0,0,0,0
,,,,,,69,2026-02-01 08:26:09.859105,ELEC-day5,0.0,0.0,0.0,,,0,0,0,0,0,0,0
,,,,,,69,2026-02-01 08:26:09.859105,ELEC-day6,0.0,0.0,0.0,,,0,0,0,0,0,0,0
,,,,,,69,2026-02-01 08:26:09.859105,ELEC-F,40.0,0.0,0.0,,,0,0,0,0,0,0,0
4.0,1.0,38.0,,FACTORY TENDER REPORT,There is increased speculation of large sized factory tenders to SELL electricity into the local market.,70,2026-02-01 08:26:10.889136,NG,2.17,2.15,2.19,800000.0,800000.0,0,0,0,0,0,0,0
3.0,1.0,1.0,,You are logged in as a TRADER,,70,2026-02-01 08:26:10.889136,ELEC-day2,0.0,0.0,0.0,,,0,0,0,0,0,0,0
2.0,1.0,1.0,,FINES,"The fine for open positions of ELEC-dayX at the end of the day is $20,000/contract.",70,2026-02-01 08:26:10.889136,ELEC-day3,0.0,0.0,0.0,,,0,0,0,0,0,0,0
1.0,1.0,1.0,,Welcome to the RITC2026 GBE Energy Electricity Trading Case - practice server,,70,2026-02-01 08:26:10.889136,ELEC-day4,0.0,0.0,0.0,,,0,0,0,0,0,0,0
,,,,,,70,2026-02-01 08:26:10.889136,ELEC-day5,0.0,0.0,0.0,,,0,0,0,0,0,0,0
,,,,,,70,2026-02-01 08:26:10.889136,ELEC-day6,0.0,0.0,0.0,,,0,0,0,0,0,0,0
,,,,,,70,2026-02-01 08:26:10.889136,ELEC-F,40.0,0.0,0.0,,,0,0,0,0,0,0,0
4.0,1.0,38.0,,FACTORY TENDER REPORT,There is increased speculation of large sized factory tenders to SELL electricity into the local market.,71,2026-02-01 08:26:11.913905,NG,2.16,2.14,2.18,800000.0,800000.0,0,0,0,0,0,0,0
3.0,1.0,1.0,,You are logged in as a TRADER,,71,2026-02-01 08:26:11.913905,ELEC-day2,0.0,0.0,0.0,,,0,0,0,0,0,0,0
2.0,1.0,1.0,,FINES,"The fine for open positions of ELEC-dayX at the end of the day is $20,000/contract.",71,2026-02-01 08:26:11.913905,ELEC-day3,0.0,0.0,0.0,,,0,0,0,0,0,0,0
1.0,1.0,1.0,,Welcome to the RITC2026 GBE Energy Electricity Trading Case - practice server,,71,2026-02-01 08:26:11.913905,ELEC-day4,0.0,0.0,0.0,,,0,0,0,0,0,0,0
,,,,,,71,2026-02-01 08:26:11.913905,ELEC-day5,0.0,0.0,0.0,,,0,0,0,0,0,0,0
,,,,,,71,2026-02-01 08:26:11.913905,ELEC-day6,0.0,0.0,0.0,,,0,0,0,0,0,0,0
,,,,,,71,2026-02-01 08:26:11.913905,ELEC-F,40.0,0.0,0.0,,,0,0,0,0,0,0,0
4.0,1.0,38.0,,FACTORY TENDER REPORT,There is increased speculation of large sized factory tenders to SELL electricity into the local market.,72,2026-02-01 08:26:12.949163,NG,2.17,2.15,2.19,800000.0,800000.0,,0,0,0,0,0,0
3.0,1.0,1.0,,You are logged in as a TRADER,,72,2026-02-01 08:26:12.949163,ELEC-day2,0.0,0.0,0.0,,,,0,0,0,0,0,0
2.0,1.0,1.0,,FINES,"The fine for open positions of ELEC-dayX at the end of the day is $20,000/contract.",72,2026-02-01 08:26:12.949163,ELEC-day3,0.0,0.0,0.0,,,,0,0,0,0,0,0
1.0,1.0,1.0,,Welcome to the RITC2026 GBE Energy Electricity Trading Case - practice server,,72,2026-02-01 08:26:12.949163,ELEC-day4,0.0,0.0,0.0,,,,0,0,0,0,0,0
,,,,,,72,2026-02-01 08:26:12.949163,ELEC-day5,0.0,0.0,0.0,,,,0,0,0,0,0,0
,,,,,,72,2026-02-01 08:26:12.949163,ELEC-day6,0.0,0.0,0.0,,,,0,0,0,0,0,0
,,,,,,72,2026-02-01 08:26:12.949163,ELEC-F,40.0,0.0,0.0,,,10.0,0,0,0,0,0,0
4.0,1.0,38.0,,FACTORY TENDER REPORT,There is increased speculation of large sized factory tenders to SELL electricity into the local market.,74,2026-02-01 08:26:14.084251,NG,2.16,2.14,2.18,800000.0,800000.0,,0,0,0,0,0,0
3.0,1.0,1.0,,You are logged in as a TRADER,,74,2026-02-01 08:26:14.084251,ELEC-day2,0.0,0.0,0.0,,,,0,0,0,0,0,0
2.0,1.0,1.0,,FINES,"The fine for open positions of ELEC-dayX at the end of the day is $20,000/contract.",74,2026-02-01 08:26:14.084251,ELEC-day3,0.0,0.0,0.0,,,,0,0,0,0,0,0
1.0,1.0,1.0,,Welcome to the RITC2026 GBE Energy Electricity Trading Case - practice server,,74,2026-02-01 08:26:14.084251,ELEC-day4,0.0,0.0,0.0,,,,0,0,0,0,0,0
,,,,,,74,2026-02-01 08:26:14.084251,ELEC-day5,0.0,0.0,0.0,,,,0,0,0,0,0,0
,,,,,,74,2026-02-01 08:26:14.084251,ELEC-day6,0.0,0.0,0.0,,,,0,0,0,0,0,0
,,,,,,74,2026-02-01 08:26:14.084251,ELEC-F,40.0,0.0,20.0,,,30.0,0,0,0,0,0,0
4.0,1.0,38.0,,FACTORY TENDER REPORT,There is increased speculation of large sized factory tenders to SELL electricity into the local market.,75,2026-02-01 08:26:15.114212,NG,2.16,2.14,2.18,800000.0,800000.0,,0,0,0,0,0,0
3.0,1.0,1.0,,You are logged in as a TRADER,,75,2026-02-01 08:26:15.114212,ELEC-day2,0.0,0.0,0.0,,,,0,0,0,0,0,0
2.0,1.0,1.0,,FINES,"The fine for open positions of ELEC-dayX at the end of the day is $20,000/contract.",75,2026-02-01 08:26:15.114212,ELEC-day3,0.0,0.0,0.0,,,,0,0,0,0,0,0
1.0,1.0,1.0,,Welcome to the RITC2026 GBE Energy Electricity Trading Case - practice server,,75,2026-02-01 08:26:15.114212,ELEC-day4,0.0,0.0,0.0,,,,0,0,0,0,0,0
,,,,,,75,2026-02-01 08:26:15.114212,ELEC-day5,0.0,0.0,0.0,,,,0,0,0,0,0,0
,,,,,,75,2026-02-01 08:26:15.114212,ELEC-day6,0.0,0.0,0.0,,,,0,0,0,0,0,0
,,,,,,75,2026-02-01 08:26:15.114212,ELEC-F,40.0,0.0,20.0,,,30.0,0,0,0,0,0,0
4.0,1.0,38.0,,FACTORY TENDER REPORT,There is increased speculation of large sized factory tenders to SELL electricity into the local market.,76,2026-02-01 08:26:16.154071,NG,2.15,2.13,2.17,800000.0,800000.0,,0,0,0,0,0,0
3.0,1.0,1.0,,You are logged in as a TRADER,,76,2026-02-01 08:26:16.154071,ELEC-day2,0.0,0.0,0.0,,,,0,0,0,0,0,0
2.0,1.0,1.0,,FINES,"The fine for open positions of ELEC-dayX at the end of the day is $20,000/contract.",76,2026-02-01 08:26:16.154071,ELEC-day3,0.0,0.0,0.0,,,,0,0,0,0,0,0
1.0,1.0,1.0,,Welcome to the RITC2026 GBE Energy Electricity Trading Case - practice server,,76,2026-02-01 08:26:16.154071,ELEC-day4,0.0,0.0,0.0,,,,0,0,0,0,0,0
,,,,,,76,2026-02-01 08:26:16.154071,ELEC-day5,0.0,0.0,0.0,,,,0,0,0,0,0,0
,,,,,,76,2026-02-01 08:26:16.154071,ELEC-day6,0.0,0.0,0.0,,,,0,0,0,0,0,0
,,,,,,76,2026-02-01 08:26:16.154071,ELEC-F,40.0,0.0,20.0,,,30.0,0,0,0,0,0,0
4.0,1.0,38.0,,FACTORY TENDER REPORT,There is increased speculation of large sized factory tenders to SELL electricity into the local market.,77,2026-02-01 08:26:17.184227,NG,2.15,2.13,2.17,800000.0,800000.0,,0,0,0,0,0,0
3.0,1.0,1.0,,You are logged in as a TRADER,,77,2026-02-01 08:26:17.184227,ELEC-day2,0.0,0.0,0.0,,,,0,0,0,0,0,0
2.0,1.0,1.0,,FINES,"The fine for open positions of ELEC-dayX at the end of the day is $20,000/contract.",77,2026-02-01 08:26:17.184227,ELEC-day3,0.0,0.0,0.0,,,,0,0,0,0,0,0
1.0,1.0,1.0,,Welcome to the RITC2026 GBE Energy Electricity Trading Case - practice server,,77,2026-02-01 08:26:17.184227,ELEC-day4,0.0,0.0,0.0,,,,0,0,0,0,0,0
,,,,,,77,2026-02-01 08:26:17.184227,ELEC-day5,0.0,0.0,0.0,,,,0,0,0,0,0,0
,,,,,,77,2026-02-01 08:26:17.184227,ELEC-day6,0.0,0.0,0.0,,,,0,0,0,0,0,0
,,,,,,77,2026-02-01 08:26:17.184227,ELEC-F,40.0,0.0,20.0,,,30.0,0,0,0,0,0,0
4.0,1.0,38.0,,FACTORY TENDER REPORT,There is increased speculation of large sized factory tenders to SELL electricity into the local market.,78,2026-02-01 08:26:18.223991,NG,2.14,2.12,2.16,800000.0,800000.0,,0,0,0,0,0,0
3.0,1.0,1.0,,You are logged in as a TRADER,,78,2026-02-01 08:26:18.223991,ELEC-day2,0.0,0.0,0.0,,,,0,0,0,0,0,0
2.0,1.0,1.0,,FINES,"The fine for open positions of ELEC-dayX at the end of the day is $20,000/contract.",78,2026-02-01 08:26:18.223991,ELEC-day3,0.0,0.0,0.0,,,,0,0,0,0,0,0
1.0,1.0,1.0,,Welcome to the RITC2026 GBE Energy Electricity Trading Case - practice server,,78,2026-02-01 08:26:18.223991,ELEC-day4,0.0,0.0,0.0,,,,0,0,0,0,0,0
,,,,,,78,2026-02-01 08:26:18.223991,ELEC-day5,0.0,0.0,0.0,,,,0,0,0,0,0,0
,,,,,,78,2026-02-01 08:26:18.223991,ELEC-day6,0.0,0.0,0.0,,,,0,0,0,0,0,0
,,,,,,78,2026-02-01 08:26:18.223991,ELEC-F,40.0,0.0,20.0,,,30.0,0,0,0,0,0,0
4.0,1.0,38.0,,FACTORY TENDER REPORT,There is increased speculation of large sized factory tenders to SELL electricity into the local market.,79,2026-02-01 08:26:19.264254,NG,2.14,2.12,2.16,800000.0,800000.0,,0,0,0,0,0,0
3.0,1.0,1.0,,You are logged in as a TRADER,,79,2026-02-01 08:26:19.264254,ELEC-day2,0.0,0.0,0.0,,,,0,0,0,0,0,0
2.0,1.0,1.0,,FINES,"The fine for open positions of ELEC-dayX at the end of the day is $20,000/contract.",79,2026-02-01 08:26:19.264254,ELEC-day3,0.0,0.0,0.0,,,,0,0,0,0,0,0
1.0,1.0,1.0,,Welcome to the RITC2026 GBE Energy Electricity Trading Case - practice server,,79,2026-02-01 08:26:19.264254,ELEC-day4,0.0,0.0,0.0,,,,0,0,0,0,0,0
,,,,,,79,2026-02-01 08:26:19.264254,ELEC-day5,0.0,0.0,0.0,,,,0,0,0,0,0,0
,,,,,,79,2026-02-01 08:26:19.264254,ELEC-day6,0.0,0.0,0.0,,,,0,0,0,0,0,0
,,,,,,79,2026-02-01 08:26:19.264254,ELEC-F,40.0,0.0,20.0,,,30.0,0,0,0,0,0,0
4.0,1.0,38.0,,FACTORY TENDER REPORT,There is increased speculation of large sized factory tenders to SELL electricity into the local market.,80,2026-02-01 08:26:20.306065,NG,2.13,2.11,2.15,800000.0,800000.0,,0,0,0,0,0,0
3.0,1.0,1.0,,You are logged in as a TRADER,,80,2026-02-01 08:26:20.306065,ELEC-day2,0.0,0.0,0.0,,,,0,0,0,0,0,0
2.0,1.0,1.0,,FINES,"The fine for open positions of ELEC-dayX at the end of the day is $20,000/contract.",80,2026-02-01 08:26:20.306065,ELEC-day3,0.0,0.0,0.0,,,,0,0,0,0,0,0
1.0,1.0,1.0,,Welcome to the RITC2026 GBE Energy Electricity Trading Case - practice server,,80,2026-02-01 08:26:20.306065,ELEC-day4,0.0,0.0,0.0,,,,0,0,0,0,0,0
,,,,,,80,2026-02-01 08:26:20.306065,ELEC-day5,0.0,0.0,0.0,,,,0,0,0,0,0,0
,,,,,,80,2026-02-01 08:26:20.306065,ELEC-day6,0.0,0.0,0.0,,,,0,0,0,0,0,0
,,,,,,80,2026-02-01 08:26:20.306065,ELEC-F,40.0,0.0,10.0,,,10.0,0,0,0,0,0,0
4.0,1.0,38.0,,FACTORY TENDER REPORT,There is increased speculation of large sized factory tenders to SELL electricity into the local market.,81,2026-02-01 08:26:21.348161,NG,2.12,2.1,2.14,800000.0,800000.0,,0,0,0,0,0,0
3.0,1.0,1.0,,You are logged in as a TRADER,,81,2026-02-01 08:26:21.348161,ELEC-day2,0.0,0.0,0.0,,,,0,0,0,0,0,0
2.0,1.0,1.0,,FINES,"The fine for open positions of ELEC-dayX at the end of the day is $20,000/contract.",81,2026-02-01 08:26:21.348161,ELEC-day3,0.0,0.0,0.0,,,,0,0,0,0,0,0
1.0,1.0,1.0,,Welcome to the RITC2026 GBE Energy Electricity Trading Case - practice server,,81,2026-02-01 08:26:21.348161,ELEC-day4,0.0,0.0,0.0,,,,0,0,0,0,0,0
,,,,,,81,2026-02-01 08:26:21.348161,ELEC-day5,0.0,0.0,0.0,,,,0,0,0,0,0,0
,,,,,,81,2026-02-01 08:26:21.348161,ELEC-day6,0.0,0.0,0.0,,,,0,0,0,0,0,0
,,,,,,81,2026-02-01 08:26:21.348161,ELEC-F,40.0,0.0,10.0,,,50.0,0,0,0,0,0,0
4.0,1.0,38.0,,FACTORY TENDER REPORT,There is increased speculation of large sized factory tenders to SELL electricity into the local market.,82,2026-02-01 08:26:22.380102,NG,2.13,2.11,2.15,800000.0,800000.0,,0,0,0,0,0,0
3.0,1.0,1.0,,You are logged in as a TRADER,,82,2026-02-01 08:26:22.380102,ELEC-day2,0.0,0.0,0.0,,,,0,0,0,0,0,0
2.0,1.0,1.0,,FINES,"The fine for open positions of ELEC-dayX at the end of the day is $20,000/contract.",82,2026-02-01 08:26:22.380102,ELEC-day3,0.0,0.0,0.0,,,,0,0,0,0,0,0
1.0,1.0,1.0,,Welcome to the RITC2026 GBE Energy Electricity Trading Case - practice server,,82,2026-02-01 08:26:22.380102,ELEC-day4,0.0,0.0,0.0,,,,0,0,0,0,0,0
,,,,,,82,2026-02-01 08:26:22.380102,ELEC-day5,0.0,0.0,0.0,,,,0,0,0,0,0,0
,,,,,,82,2026-02-01 08:26:22.380102,ELEC-day6,0.0,0.0,0.0,,,,0,0,0,0,0,0
,,,,,,82,2026-02-01 08:26:22.380102,ELEC-F,40.0,0.0,10.0,,,50.0,0,0,0,0,0,0
4.0,1.0,38.0,,FACTORY TENDER REPORT,There is increased speculation of large sized factory tenders to SELL electricity into the local market.,83,2026-02-01 08:26:23.404314,NG,2.13,2.11,2.15,800000.0,800000.0,,0,0,0,0,0,0
3.0,1.0,1.0,,You are logged in as a TRADER,,83,2026-02-01 08:26:23.404314,ELEC-day2,0.0,0.0,0.0,,,,0,0,0,0,0,0
2.0,1.0,1.0,,FINES,"The fine for open positions of ELEC-dayX at the end of the day is $20,000/contract.",83,2026-02-01 08:26:23.404314,ELEC-day3,0.0,0.0,0.0,,,,0,0,0,0,0,0
1.0,1.0,1.0,,Welcome to the RITC2026 GBE Energy Electricity Trading Case - practice server,,83,2026-02-01 08:26:23.404314,ELEC-day4,0.0,0.0,0.0,,,,0,0,0,0,0,0
,,,,,,83,2026-02-01 08:26:23.404314,ELEC-day5,0.0,0.0,0.0,,,,0,0,0,0,0,0
,,,,,,83,2026-02-01 08:26:23.404314,ELEC-day6,0.0,0.0,0.0,,,,0,0,0,0,0,0
,,,,,,83,2026-02-01 08:26:23.404314,ELEC-F,40.0,0.0,10.0,,,50.0,0,0,0,0,0,0
4.0,1.0,38.0,,FACTORY TENDER REPORT,There is increased speculation of large sized factory tenders to SELL electricity into the local market.,84,2026-02-01 08:26:24.444877,NG,2.13,2.11,2.15,800000.0,800000.0,,0,0,0,0,0,0
3.0,1.0,1.0,,You are logged in as a TRADER,,84,2026-02-01 08:26:24.444877,ELEC-day2,0.0,0.0,0.0,,,,0,0,0,0,0,0
2.0,1.0,1.0,,FINES,"The fine for open positions of ELEC-dayX at the end of the day is $20,000/contract.",84,2026-02-01 08:26:24.444877,ELEC-day3,0.0,0.0,0.0,,,,0,0,0,0,0,0
1.0,1.0,1.0,,Welcome to the RITC2026 GBE Energy Electricity Trading Case - practice server,,84,2026-02-01 08:26:24.444877,ELEC-day4,0.0,0.0,0.0,,,,0,0,0,0,0,0
,,,,,,84,2026-02-01 08:26:24.444877,ELEC-day5,0.0,0.0,0.0,,,,0,0,0,0,0,0
,,,,,,84,2026-02-01 08:26:24.444877,ELEC-day6,0.0,0.0,0.0,,,,0,0,0,0,0,0
,,,,,,84,2026-02-01 08:26:24.444877,ELEC-F,40.0,0.0,10.0,,,50.0,0,0,0,0,0,0
4.0,1.0,38.0,,FACTORY TENDER REPORT,There is increased speculation of large sized factory tenders to SELL electricity into the local market.,85,2026-02-01 08:26:25.484306,NG,2.12,2.1,2.14,800000.0,800000.0,,0,0,0,0,0,0
3.0,1.0,1.0,,You are logged in as a TRADER,,85,2026-02-01 08:26:25.484306,ELEC-day2,0.0,0.0,0.0,,,,0,0,0,0,0,0
2.0,1.0,1.0,,FINES,"The fine for open positions of ELEC-dayX at the end of the day is $20,000/contract.",85,2026-02-01 08:26:25.484306,ELEC-day3,0.0,0.0,0.0,,,,0,0,0,0,0,0
1.0,1.0,1.0,,Welcome to the RITC2026 GBE Energy Electricity Trading Case - practice server,,85,2026-02-01 08:26:25.484306,ELEC-day4,0.0,0.0,0.0,,,,0,0,0,0,0,0
,,,,,,85,2026-02-01 08:26:25.484306,ELEC-day5,0.0,0.0,0.0,,,,0,0,0,0,0,0
,,,,,,85,2026-02-01 08:26:25.484306,ELEC-day6,0.0,0.0,0.0,,,,0,0,0,0,0,0
,,,,,,85,2026-02-01 08:26:25.484306,ELEC-F,40.0,0.0,10.0,,,50.0,0,0,0,0,0,0
4.0,1.0,38.0,,FACTORY TENDER REPORT,There is increased speculation of large sized factory tenders to SELL electricity into the local market.,86,2026-02-01 08:26:26.520189,NG,2.12,2.1,2.14,800000.0,800000.0,,0,0,0,0,0,0
3.0,1.0,1.0,,You are logged in as a TRADER,,86,2026-02-01 08:26:26.520189,ELEC-day2,0.0,0.0,0.0,,,,0,0,0,0,0,0
2.0,1.0,1.0,,FINES,"The fine for open positions of ELEC-dayX at the end of the day is $20,000/contract.",86,2026-02-01 08:26:26.520189,ELEC-day3,0.0,0.0,0.0,,,,0,0,0,0,0,0
1.0,1.0,1.0,,Welcome to the RITC2026 GBE Energy Electricity Trading Case - practice server,,86,2026-02-01 08:26:26.520189,ELEC-day4,0.0,0.0,0.0,,,,0,0,0,0,0,0
,,,,,,86,2026-02-01 08:26:26.520189,ELEC-day5,0.0,0.0,0.0,,,,0,0,0,0,0,0
,,,,,,86,2026-02-01 08:26:26.520189,ELEC-day6,0.0,0.0,0.0,,,,0,0,0,0,0,0
,,,,,,86,2026-02-01 08:26:26.520189,ELEC-F,40.0,0.0,10.0,,,50.0,0,0,0,0,0,0
4.0,1.0,38.0,,FACTORY TENDER REPORT,There is increased speculation of large sized factory tenders to SELL electricity into the local market.,87,2026-02-01 08:26:27.564134,NG,2.13,2.11,2.15,800000.0,800000.0,0,0,0,0,0,0,0
3.0,1.0,1.0,,You are logged in as a TRADER,,87,2026-02-01 08:26:27.564134,ELEC-day2,0.0,0.0,0.0,,,0,0,0,0,0,0,0
2.0,1.0,1.0,,FINES,"The fine for open positions of ELEC-dayX at the end of the day is $20,000/contract.",87,2026-02-01 08:26:27.564134,ELEC-day3,0.0,0.0,0.0,,,0,0,0,0,0,0,0
1.0,1.0,1.0,,Welcome to the RITC2026 GBE Energy Electricity Trading Case - practice server,,87,2026-02-01 08:26:27.564134,ELEC-day4,0.0,0.0,0.0,,,0,0,0,0,0,0,0
,,,,,,87,2026-02-01 08:26:27.564134,ELEC-day5,0.0,0.0,0.0,,,0,0,0,0,0,0,0
,,,,,,87,2026-02-01 08:26:27.564134,ELEC-day6,0.0,0.0,0.0,,,0,0,0,0,0,0,0
,,,,,,87,2026-02-01 08:26:27.564134,ELEC-F,40.0,0.0,10.0,,,0,0,0,0,0,0,0
4.0,1.0,38.0,,FACTORY TENDER REPORT,There is increased speculation of large sized factory tenders to SELL electricity into the local market.,88,2026-02-01 08:26:28.617007,NG,2.13,2.11,2.15,800000.0,800000.0,,0,0,0,0,0,0
3.0,1.0,1.0,,You are logged in as a TRADER,,88,2026-02-01 08:26:28.617007,ELEC-day2,0.0,0.0,0.0,,,,0,0,0,0,0,0
2.0,1.0,1.0,,FINES,"The fine for open positions of ELEC-dayX at the end of the day is $20,000/contract.",88,2026-02-01 08:26:28.617007,ELEC-day3,0.0,0.0,0.0,,,,0,0,0,0,0,0
1.0,1.0,1.0,,Welcome to the RITC2026 GBE Energy Electricity Trading Case - practice server,,88,2026-02-01 08:26:28.617007,ELEC-day4,0.0,0.0,0.0,,,,0,0,0,0,0,0
,,,,,,88,2026-02-01 08:26:28.617007,ELEC-day5,0.0,0.0,0.0,,,,0,0,0,0,0,0
,,,,,,88,2026-02-01 08:26:28.617007,ELEC-day6,0.0,0.0,0.0,,,,0,0,0,0,0,0
,,,,,,88,2026-02-01 08:26:28.617007,ELEC-F,40.0,0.0,16.0,,,50.0,0,0,0,0,0,0
4.0,1.0,38.0,,FACTORY TENDER REPORT,There is increased speculation of large sized factory tenders to SELL electricity into the local market.,89,2026-02-01 08:26:29.655536,NG,2.13,2.11,2.15,800000.0,800000.0,,0,0,0,0,0,0
3.0,1.0,1.0,,You are logged in as a TRADER,,89,2026-02-01 08:26:29.655536,ELEC-day2,0.0,0.0,0.0,,,,0,0,0,0,0,0
2.0,1.0,1.0,,FINES,"The fine for open positions of ELEC-dayX at the end of the day is $20,000/contract.",89,2026-02-01 08:26:29.655536,ELEC-day3,0.0,0.0,0.0,,,,0,0,0,0,0,0
1.0,1.0,1.0,,Welcome to the RITC2026 GBE Energy Electricity Trading Case - practice server,,89,2026-02-01 08:26:29.655536,ELEC-day4,0.0,0.0,0.0,,,,0,0,0,0,0,0
,,,,,,89,2026-02-01 08:26:29.655536,ELEC-day5,0.0,0.0,0.0,,,,0,0,0,0,0,0
,,,,,,89,2026-02-01 08:26:29.655536,ELEC-day6,0.0,0.0,0.0,,,,0,0,0,0,0,0
,,,,,,89,2026-02-01 08:26:29.655536,ELEC-F,40.0,0.0,16.0,,,50.0,0,0,0,0,0,0
4.0,1.0,38.0,,FACTORY TENDER REPORT,There is increased speculation of large sized factory tenders to SELL electricity into the local market.,90,2026-02-01 08:26:30.688987,NG,2.13,2.11,2.15,800000.0,800000.0,,0,0,0,0,0,0
3.0,1.0,1.0,,You are logged in as a TRADER,,90,2026-02-01 08:26:30.688987,ELEC-day2,0.0,0.0,0.0,,,,0,0,0,0,0,0
2.0,1.0,1.0,,FINES,"The fine for open positions of ELEC-dayX at the end of the day is $20,000/contract.",90,2026-02-01 08:26:30.688987,ELEC-day3,0.0,0.0,0.0,,,,0,0,0,0,0,0
1.0,1.0,1.0,,Welcome to the RITC2026 GBE Energy Electricity Trading Case - practice server,,90,2026-02-01 08:26:30.688987,ELEC-day4,0.0,0.0,0.0,,,,0,0,0,0,0,0
,,,,,,90,2026-02-01 08:26:30.688987,ELEC-day5,0.0,0.0,0.0,,,,0,0,0,0,0,0
,,,,,,90,2026-02-01 08:26:30.688987,ELEC-day6,0.0,0.0,0.0,,,,0,0,0,0,0,0
,,,,,,90,2026-02-01 08:26:30.688987,ELEC-F,40.0,0.0,16.0,,,50.0,0,0,0,0,0,0
4.0,1.0,38.0,,FACTORY TENDER REPORT,There is increased speculation of large sized factory tenders to SELL electricity into the local market.,91,2026-02-01 08:26:31.734177,NG,2.12,2.1,2.14,800000.0,800000.0,,0,0,0,0,0,0
3.0,1.0,1.0,,You are logged in as a TRADER,,91,2026-02-01 08:26:31.734177,ELEC-day2,0.0,0.0,0.0,,,,0,0,0,0,0,0
2.0,1.0,1.0,,FINES,"The fine for open positions of ELEC-dayX at the end of the day is $20,000/contract.",91,2026-02-01 08:26:31.734177,ELEC-day3,0.0,0.0,0.0,,,,0,0,0,0,0,0
1.0,1.0,1.0,,Welcome to the RITC2026 GBE Energy Electricity Trading Case - practice server,,91,2026-02-01 08:26:31.734177,ELEC-day4,0.0,0.0,0.0,,,,0,0,0,0,0,0
,,,,,,91,2026-02-01 08:26:31.734177,ELEC-day5,0.0,0.0,0.0,,,,0,0,0,0,0,0
,,,,,,91,2026-02-01 08:26:31.734177,ELEC-day6,0.0,0.0,0.0,,,,0,0,0,0,0,0
,,,,,,91,2026-02-01 08:26:31.734177,ELEC-F,40.0,0.0,16.0,,,50.0,0,0,0,0,0,0
4.0,1.0,38.0,,FACTORY TENDER REPORT,There is increased speculation of large sized factory tenders to SELL electricity into the local market.,92,2026-02-01 08:26:32.765137,NG,2.12,2.1,2.14,800000.0,800000.0,,0,0,0,0,0,0
3.0,1.0,1.0,,You are logged in as a TRADER,,92,2026-02-01 08:26:32.765137,ELEC-day2,0.0,0.0,0.0,,,,0,0,0,0,0,0
2.0,1.0,1.0,,FINES,"The fine for open positions of ELEC-dayX at the end of the day is $20,000/contract.",92,2026-02-01 08:26:32.765137,ELEC-day3,0.0,0.0,0.0,,,,0,0,0,0,0,0
1.0,1.0,1.0,,Welcome to the RITC2026 GBE Energy Electricity Trading Case - practice server,,92,2026-02-01 08:26:32.765137,ELEC-day4,0.0,0.0,0.0,,,,0,0,0,0,0,0
,,,,,,92,2026-02-01 08:26:32.765137,ELEC-day5,0.0,0.0,0.0,,,,0,0,0,0,0,0
,,,,,,92,2026-02-01 08:26:32.765137,ELEC-day6,0.0,0.0,0.0,,,,0,0,0,0,0,0
,,,,,,92,2026-02-01 08:26:32.765137,ELEC-F,40.0,0.0,16.0,,,50.0,0,0,0,0,0,0
4.0,1.0,38.0,,FACTORY TENDER REPORT,There is increased speculation of large sized factory tenders to SELL electricity into the local market.,93,2026-02-01 08:26:33.794462,NG,2.11,2.09,2.13,800000.0,800000.0,,0,0,0,0,0,0
3.0,1.0,1.0,,You are logged in as a TRADER,,93,2026-02-01 08:26:33.794462,ELEC-day2,0.0,0.0,0.0,,,,0,0,0,0,0,0
2.0,1.0,1.0,,FINES,"The fine for open positions of ELEC-dayX at the end of the day is $20,000/contract.",93,2026-02-01 08:26:33.794462,ELEC-day3,0.0,0.0,0.0,,,,0,0,0,0,0,0
1.0,1.0,1.0,,Welcome to the RITC2026 GBE Energy Electricity Trading Case - practice server,,93,2026-02-01 08:26:33.794462,ELEC-day4,0.0,0.0,0.0,,,,0,0,0,0,0,0
,,,,,,93,2026-02-01 08:26:33.794462,ELEC-day5,0.0,0.0,0.0,,,,0,0,0,0,0,0
,,,,,,93,2026-02-01 08:26:33.794462,ELEC-day6,0.0,0.0,0.0,,,,0,0,0,0,0,0
,,,,,,93,2026-02-01 08:26:33.794462,ELEC-F,40.0,0.0,16.0,,,50.0,0,0,0,0,0,0
4.0,1.0,38.0,,FACTORY TENDER REPORT,There is increased speculation of large sized factory tenders to SELL electricity into the local market.,94,2026-02-01 08:26:34.826143,NG,2.11,2.09,2.13,800000.0,800000.0,,0,0,0,0,0,0
3.0,1.0,1.0,,You are logged in as a TRADER,,94,2026-02-01 08:26:34.826143,ELEC-day2,0.0,0.0,0.0,,,,0,0,0,0,0,0
2.0,1.0,1.0,,FINES,"The fine for open positions of ELEC-dayX at the end of the day is $20,000/contract.",94,2026-02-01 08:26:34.826143,ELEC-day3,0.0,0.0,0.0,,,,0,0,0,0,0,0
1.0,1.0,1.0,,Welcome to the RITC2026 GBE Energy Electricity Trading Case - practice server,,94,2026-02-01 08:26:34.826143,ELEC-day4,0.0,0.0,0.0,,,,0,0,0,0,0,0
,,,,,,94,2026-02-01 08:26:34.826143,ELEC-day5,0.0,0.0,0.0,,,,0,0,0,0,0,0
,,,,,,94,2026-02-01 08:26:34.826143,ELEC-day6,0.0,0.0,0.0,,,,0,0,0,0,0,0
,,,,,,94,2026-02-01 08:26:34.826143,ELEC-F,40.0,0.0,16.0,,,50.0,0,0,0,0,0,0
4.0,1.0,38.0,,FACTORY TENDER REPORT,There is increased speculation of large sized factory tenders to SELL electricity into the local market.,95,2026-02-01 08:26:35.863946,NG,2.11,2.09,2.13,800000.0,800000.0,0,0,0,0,0,0,0
3.0,1.0,1.0,,You are logged in as a TRADER,,95,2026-02-01 08:26:35.863946,ELEC-day2,0.0,0.0,0.0,,,0,0,0,0,0,0,0
2.0,1.0,1.0,,FINES,"The fine for open positions of ELEC-dayX at the end of the day is $20,000/contract.",95,2026-02-01 08:26:35.863946,ELEC-day3,0.0,0.0,0.0,,,0,0,0,0,0,0,0
1.0,1.0,1.0,,Welcome to the RITC2026 GBE Energy Electricity Trading Case - practice server,,95,2026-02-01 08:26:35.863946,ELEC-day4,0.0,0.0,0.0,,,0,0,0,0,0,0,0
,,,,,,95,2026-02-01 08:26:35.863946,ELEC-day5,0.0,0.0,0.0,,,0,0,0,0,0,0,0
,,,,,,95,2026-02-01 08:26:35.863946,ELEC-day6,0.0,0.0,0.0,,,0,0,0,0,0,0,0
,,,,,,95,2026-02-01 08:26:35.863946,ELEC-F,40.0,0.0,0.0,,,0,0,0,0,0,0,0
4.0,1.0,38.0,,FACTORY TENDER REPORT,There is increased speculation of large sized factory tenders to SELL electricity into the local market.,96,2026-02-01 08:26:36.904138,NG,2.12,2.1,2.14,800000.0,800000.0,0,0,0,0,0,0,0
3.0,1.0,1.0,,You are logged in as a TRADER,,96,2026-02-01 08:26:36.904138,ELEC-day2,0.0,0.0,0.0,,,0,0,0,0,0,0,0
2.0,1.0,1.0,,FINES,"The fine for open positions of ELEC-dayX at the end of the day is $20,000/contract.",96,2026-02-01 08:26:36.904138,ELEC-day3,0.0,0.0,0.0,,,0,0,0,0,0,0,0
1.0,1.0,1.0,,Welcome to the RITC2026 GBE Energy Electricity Trading Case - practice server,,96,2026-02-01 08:26:36.904138,ELEC-day4,0.0,0.0,0.0,,,0,0,0,0,0,0,0
,,,,,,96,2026-02-01 08:26:36.904138,ELEC-day5,0.0,0.0,0.0,,,0,0,0,0,0,0,0
,,,,,,96,2026-02-01 08:26:36.904138,ELEC-day6,0.0,0.0,0.0,,,0,0,0,0,0,0,0
,,,,,,96,2026-02-01 08:26:36.904138,ELEC-F,40.0,0.0,0.0,,,0,0,0,0,0,0,0
4.0,1.0,38.0,,FACTORY TENDER REPORT,There is increased speculation of large sized factory tenders to SELL electricity into the local market.,97,2026-02-01 08:26:37.949555,NG,2.11,2.09,2.13,800000.0,800000.0,0,0,0,0,0,0,0
3.0,1.0,1.0,,You are logged in as a TRADER,,97,2026-02-01 08:26:37.949555,ELEC-day2,0.0,0.0,0.0,,,0,0,0,0,0,0,0
2.0,1.0,1.0,,FINES,"The fine for open positions of ELEC-dayX at the end of the day is $20,000/contract.",97,2026-02-01 08:26:37.949555,ELEC-day3,0.0,0.0,0.0,,,0,0,0,0,0,0,0
1.0,1.0,1.0,,Welcome to the RITC2026 GBE Energy Electricity Trading Case - practice server,,97,2026-02-01 08:26:37.949555,ELEC-day4,0.0,0.0,0.0,,,0,0,0,0,0,0,0
,,,,,,97,2026-02-01 08:26:37.949555,ELEC-day5,0.0,0.0,0.0,,,0,0,0,0,0,0,0
,,,,,,97,2026-02-01 08:26:37.949555,ELEC-day6,0.0,0.0,0.0,,,0,0,0,0,0,0,0
,,,,,,97,2026-02-01 08:26:37.949555,ELEC-F,40.0,0.0,0.0,,,0,0,0,0,0,0,0
4.0,1.0,38.0,,FACTORY TENDER REPORT,There is increased speculation of large sized factory tenders to SELL electricity into the local market.,98,2026-02-01 08:26:38.979461,NG,2.12,2.1,2.14,800000.0,800000.0,0,0,0,0,0,0,0
3.0,1.0,1.0,,You are logged in as a TRADER,,98,2026-02-01 08:26:38.979461,ELEC-day2,0.0,0.0,0.0,,,0,0,0,0,0,0,0
2.0,1.0,1.0,,FINES,"The fine for open positions of ELEC-dayX at the end of the day is $20,000/contract.",98,2026-02-01 08:26:38.979461,ELEC-day3,0.0,0.0,0.0,,,0,0,0,0,0,0,0
1.0,1.0,1.0,,Welcome to the RITC2026 GBE Energy Electricity Trading Case - practice server,,98,2026-02-01 08:26:38.979461,ELEC-day4,0.0,0.0,0.0,,,0,0,0,0,0,0,0
,,,,,,98,2026-02-01 08:26:38.979461,ELEC-day5,0.0,0.0,0.0,,,0,0,0,0,0,0,0
,,,,,,98,2026-02-01 08:26:38.979461,ELEC-day6,0.0,0.0,0.0,,,0,0,0,0,0,0,0
,,,,,,98,2026-02-01 08:26:38.979461,ELEC-F,40.0,0.0,0.0,,,0,0,0,0,0,0,0
4.0,1.0,38.0,,FACTORY TENDER REPORT,There is increased speculation of large sized factory tenders to SELL electricity into the local market.,99,2026-02-01 08:26:39.998981,NG,2.12,2.1,2.14,800000.0,800000.0,0,0,0,0,0,0,0
3.0,1.0,1.0,,You are logged in as a TRADER,,99,2026-02-01 08:26:39.998981,ELEC-day2,0.0,0.0,0.0,,,0,0,0,0,0,0,0
2.0,1.0,1.0,,FINES,"The fine for open positions of ELEC-dayX at the end of the day is $20,000/contract.",99,2026-02-01 08:26:39.998981,ELEC-day3,0.0,0.0,0.0,,,0,0,0,0,0,0,0
1.0,1.0,1.0,,Welcome to the RITC2026 GBE Energy Electricity Trading Case - practice server,,99,2026-02-01 08:26:39.998981,ELEC-day4,0.0,0.0,0.0,,,0,0,0,0,0,0,0
,,,,,,99,2026-02-01 08:26:39.998981,ELEC-day5,0.0,0.0,0.0,,,0,0,0,0,0,0,0
,,,,,,99,2026-02-01 08:26:39.998981,ELEC-day6,0.0,0.0,0.0,,,0,0,0,0,0,0,0
,,,,,,99,2026-02-01 08:26:39.998981,ELEC-F,40.0,0.0,0.0,,,0,0,0,0,0,0,0
4.0,1.0,38.0,,FACTORY TENDER REPORT,There is increased speculation of large sized factory tenders to SELL electricity into the local market.,100,2026-02-01 08:26:41.038400,NG,2.11,2.09,2.13,800000.0,800000.0,0,0,0,0,0,0,0
3.0,1.0,1.0,,You are logged in as a TRADER,,100,2026-02-01 08:26:41.038400,ELEC-day2,0.0,0.0,0.0,,,0,0,0,0,0,0,0
2.0,1.0,1.0,,FINES,"The fine for open positions of ELEC-dayX at the end of the day is $20,000/contract.",100,2026-02-01 08:26:41.038400,ELEC-day3,0.0,0.0,0.0,,,0,0,0,0,0,0,0
1.0,1.0,1.0,,Welcome to the RITC2026 GBE Energy Electricity Trading Case - practice server,,100,2026-02-01 08:26:41.038400,ELEC-day4,0.0,0.0,0.0,,,0,0,0,0,0,0,0
,,,,,,100,2026-02-01 08:26:41.038400,ELEC-day5,0.0,0.0,0.0,,,0,0,0,0,0,0,0
,,,,,,100,2026-02-01 08:26:41.038400,ELEC-day6,0.0,0.0,0.0,,,0,0,0,0,0,0,0
,,,,,,100,2026-02-01 08:26:41.038400,ELEC-F,40.0,0.0,0.0,,,0,0,0,0,0,0,0
4.0,1.0,38.0,,FACTORY TENDER REPORT,There is increased speculation of large sized factory tenders to SELL electricity into the local market.,102,2026-02-01 08:26:42.127104,NG,2.11,2.09,2.13,800000.0,800000.0,0,0,0,0,0,0,0
3.0,1.0,1.0,,You are logged in as a TRADER,,102,2026-02-01 08:26:42.127104,ELEC-day2,0.0,0.0,0.0,,,0,0,0,0,0,0,0
2.0,1.0,1.0,,FINES,"The fine for open positions of ELEC-dayX at the end of the day is $20,000/contract.",102,2026-02-01 08:26:42.127104,ELEC-day3,0.0,0.0,0.0,,,0,0,0,0,0,0,0
1.0,1.0,1.0,,Welcome to the RITC2026 GBE Energy Electricity Trading Case - practice server,,102,2026-02-01 08:26:42.127104,ELEC-day4,0.0,0.0,0.0,,,0,0,0,0,0,0,0
,,,,,,102,2026-02-01 08:26:42.127104,ELEC-day5,0.0,0.0,0.0,,,0,0,0,0,0,0,0
,,,,,,102,2026-02-01 08:26:42.127104,ELEC-day6,0.0,0.0,0.0,,,0,0,0,0,0,0,0
,,,,,,102,2026-02-01 08:26:42.127104,ELEC-F,40.0,0.0,0.0,,,0,0,0,0,0,0,0
4.0,1.0,38.0,,FACTORY TENDER REPORT,There is increased speculation of large sized factory tenders to SELL electricity into the local market.,103,2026-02-01 08:26:43.218511,NG,2.12,2.1,2.14,800000.0,800000.0,0,0,0,0,0,0,0
3.0,1.0,1.0,,You are logged in as a TRADER,,103,2026-02-01 08:26:43.218511,ELEC-day2,0.0,0.0,0.0,,,0,0,0,0,0,0,0
2.0,1.0,1.0,,FINES,"The fine for open positions of ELEC-dayX at the end of the day is $20,000/contract.",103,2026-02-01 08:26:43.218511,ELEC-day3,0.0,0.0,0.0,,,0,0,0,0,0,0,0
1.0,1.0,1.0,,Welcome to the RITC2026 GBE Energy Electricity Trading Case - practice server,,103,2026-02-01 08:26:43.218511,ELEC-day4,0.0,0.0,0.0,,,0,0,0,0,0,0,0
,,,,,,103,2026-02-01 08:26:43.218511,ELEC-day5,0.0,0.0,0.0,,,0,0,0,0,0,0,0
,,,,,,103,2026-02-01 08:26:43.218511,ELEC-day6,0.0,0.0,0.0,,,0,0,0,0,0,0,0
,,,,,,103,2026-02-01 08:26:43.218511,ELEC-F,16.0,0.0,0.0,,,0,0,0,0,0,0,0
4.0,1.0,38.0,,FACTORY TENDER REPORT,There is increased speculation of large sized factory tenders to SELL electricity into the local market.,104,2026-02-01 08:26:44.277192,NG,2.12,2.1,2.14,800000.0,800000.0,0,0,0,0,0,0,0
3.0,1.0,1.0,,You are logged in as a TRADER,,104,2026-02-01 08:26:44.277192,ELEC-day2,0.0,0.0,0.0,,,0,0,0,0,0,0,0
2.0,1.0,1.0,,FINES,"The fine for open positions of ELEC-dayX at the end of the day is $20,000/contract.",104,2026-02-01 08:26:44.277192,ELEC-day3,0.0,0.0,0.0,,,0,0,0,0,0,0,0
1.0,1.0,1.0,,Welcome to the RITC2026 GBE Energy Electricity Trading Case - practice server,,104,2026-02-01 08:26:44.277192,ELEC-day4,0.0,0.0,0.0,,,0,0,0,0,0,0,0
,,,,,,104,2026-02-01 08:26:44.277192,ELEC-day5,0.0,0.0,0.0,,,0,0,0,0,0,0,0
,,,,,,104,2026-02-01 08:26:44.277192,ELEC-day6,0.0,0.0,0.0,,,0,0,0,0,0,0,0
,,,,,,104,2026-02-01 08:26:44.277192,ELEC-F,16.0,0.0,0.0,,,0,0,0,0,0,0,0
4.0,1.0,38.0,,FACTORY TENDER REPORT,There is increased speculation of large sized factory tenders to SELL electricity into the local market.,105,2026-02-01 08:26:45.320109,NG,2.13,2.11,2.15,800000.0,800000.0,0,0,0,0,0,0,0
3.0,1.0,1.0,,You are logged in as a TRADER,,105,2026-02-01 08:26:45.320109,ELEC-day2,0.0,0.0,0.0,,,0,0,0,0,0,0,0
2.0,1.0,1.0,,FINES,"The fine for open positions of ELEC-dayX at the end of the day is $20,000/contract.",105,2026-02-01 08:26:45.320109,ELEC-day3,0.0,0.0,0.0,,,0,0,0,0,0,0,0
1.0,1.0,1.0,,Welcome to the RITC2026 GBE Energy Electricity Trading Case - practice server,,105,2026-02-01 08:26:45.320109,ELEC-day4,0.0,0.0,0.0,,,0,0,0,0,0,0,0
,,,,,,105,2026-02-01 08:26:45.320109,ELEC-day5,0.0,0.0,0.0,,,0,0,0,0,0,0,0
,,,,,,105,2026-02-01 08:26:45.320109,ELEC-day6,0.0,0.0,0.0,,,0,0,0,0,0,0,0
,,,,,,105,2026-02-01 08:26:45.320109,ELEC-F,16.0,0.0,0.0,,,0,0,0,0,0,0,0
4.0,1.0,38.0,,FACTORY TENDER REPORT,There is increased speculation of large sized factory tenders to SELL electricity into the local market.,106,2026-02-01 08:26:46.360981,NG,2.13,2.11,2.15,800000.0,800000.0,0,0,0,0,0,0,0
3.0,1.0,1.0,,You are logged in as a TRADER,,106,2026-02-01 08:26:46.360981,ELEC-day2,0.0,0.0,0.0,,,0,0,0,0,0,0,0
2.0,1.0,1.0,,FINES,"The fine for open positions of ELEC-dayX at the end of the day is $20,000/contract.",106,2026-02-01 08:26:46.360981,ELEC-day3,0.0,0.0,0.0,,,0,0,0,0,0,0,0
1.0,1.0,1.0,,Welcome to the RITC2026 GBE Energy Electricity Trading Case - practice server,,106,2026-02-01 08:26:46.360981,ELEC-day4,0.0,0.0,0.0,,,0,0,0,0,0,0,0
,,,,,,106,2026-02-01 08:26:46.360981,ELEC-day5,0.0,0.0,0.0,,,0,0,0,0,0,0,0
,,,,,,106,2026-02-01 08:26:46.360981,ELEC-day6,0.0,0.0,0.0,,,0,0,0,0,0,0,0
,,,,,,106,2026-02-01 08:26:46.360981,ELEC-F,16.0,0.0,0.0,,,0,0,0,0,0,0,0
4.0,1.0,38.0,,FACTORY TENDER REPORT,There is increased speculation of large sized factory tenders to SELL electricity into the local market.,107,2026-02-01 08:26:47.398374,NG,2.13,2.11,2.15,800000.0,800000.0,0,0,0,0,0,0,0
3.0,1.0,1.0,,You are logged in as a TRADER,,107,2026-02-01 08:26:47.398374,ELEC-day2,0.0,0.0,0.0,,,0,0,0,0,0,0,0
2.0,1.0,1.0,,FINES,"The fine for open positions of ELEC-dayX at the end of the day is $20,000/contract.",107,2026-02-01 08:26:47.398374,ELEC-day3,0.0,0.0,0.0,,,0,0,0,0,0,0,0
1.0,1.0,1.0,,Welcome to the RITC2026 GBE Energy Electricity Trading Case - practice server,,107,2026-02-01 08:26:47.398374,ELEC-day4,0.0,0.0,0.0,,,0,0,0,0,0,0,0
,,,,,,107,2026-02-01 08:26:47.398374,ELEC-day5,0.0,0.0,0.0,,,0,0,0,0,0,0,0
,,,,,,107,2026-02-01 08:26:47.398374,ELEC-day6,0.0,0.0,0.0,,,0,0,0,0,0,0,0
,,,,,,107,2026-02-01 08:26:47.398374,ELEC-F,16.0,0.0,0.0,,,0,0,0,0,0,0,0
4.0,1.0,38.0,,FACTORY TENDER REPORT,There is increased speculation of large sized factory tenders to SELL electricity into the local market.,108,2026-02-01 08:26:48.441343,NG,2.12,2.1,2.14,800000.0,800000.0,0,0,0,0,0,0,0
3.0,1.0,1.0,,You are logged in as a TRADER,,108,2026-02-01 08:26:48.441343,ELEC-day2,0.0,0.0,0.0,,,0,0,0,0,0,0,0
2.0,1.0,1.0,,FINES,"The fine for open positions of ELEC-dayX at the end of the day is $20,000/contract.",108,2026-02-01 08:26:48.441343,ELEC-day3,0.0,0.0,0.0,,,0,0,0,0,0,0,0
1.0,1.0,1.0,,Welcome to the RITC2026 GBE Energy Electricity Trading Case - practice server,,108,2026-02-01 08:26:48.441343,ELEC-day4,0.0,0.0,0.0,,,0,0,0,0,0,0,0
,,,,,,108,2026-02-01 08:26:48.441343,ELEC-day5,0.0,0.0,0.0,,,0,0,0,0,0,0,0
,,,,,,108,2026-02-01 08:26:48.441343,ELEC-day6,0.0,0.0,0.0,,,0,0,0,0,0,0,0
,,,,,,108,2026-02-01 08:26:48.441343,ELEC-F,16.0,0.0,0.0,,,0,0,0,0,0,0,0
4.0,1.0,38.0,,FACTORY TENDER REPORT,There is increased speculation of large sized factory tenders to SELL electricity into the local market.,109,2026-02-01 08:26:49.481861,NG,2.11,2.09,2.13,800000.0,800000.0,0,0,0,0,0,0,0
3.0,1.0,1.0,,You are logged in as a TRADER,,109,2026-02-01 08:26:49.481861,ELEC-day2,0.0,0.0,0.0,,,0,0,0,0,0,0,0
2.0,1.0,1.0,,FINES,"The fine for open positions of ELEC-dayX at the end of the day is $20,000/contract.",109,2026-02-01 08:26:49.481861,ELEC-day3,0.0,0.0,0.0,,,0,0,0,0,0,0,0
1.0,1.0,1.0,,Welcome to the RITC2026 GBE Energy Electricity Trading Case - practice server,,109,2026-02-01 08:26:49.481861,ELEC-day4,0.0,0.0,0.0,,,0,0,0,0,0,0,0
,,,,,,109,2026-02-01 08:26:49.481861,ELEC-day5,0.0,0.0,0.0,,,0,0,0,0,0,0,0
,,,,,,109,2026-02-01 08:26:49.481861,ELEC-day6,0.0,0.0,0.0,,,0,0,0,0,0,0,0
,,,,,,109,2026-02-01 08:26:49.481861,ELEC-F,16.0,0.0,0.0,,,0,0,0,0,0,0,0
4.0,1.0,38.0,,FACTORY TENDER REPORT,There is increased speculation of large sized factory tenders to SELL electricity into the local market.,110,2026-02-01 08:26:50.527090,NG,2.11,2.09,2.13,800000.0,800000.0,0,0,0,0,0,0,0
3.0,1.0,1.0,,You are logged in as a TRADER,,110,2026-02-01 08:26:50.527090,ELEC-day2,0.0,0.0,0.0,,,0,0,0,0,0,0,0
2.0,1.0,1.0,,FINES,"The fine for open positions of ELEC-dayX at the end of the day is $20,000/contract.",110,2026-02-01 08:26:50.527090,ELEC-day3,0.0,0.0,0.0,,,0,0,0,0,0,0,0
1.0,1.0,1.0,,Welcome to the RITC2026 GBE Energy Electricity Trading Case - practice server,,110,2026-02-01 08:26:50.527090,ELEC-day4,0.0,0.0,0.0,,,0,0,0,0,0,0,0
,,,,,,110,2026-02-01 08:26:50.527090,ELEC-day5,0.0,0.0,0.0,,,0,0,0,0,0,0,0
,,,,,,110,2026-02-01 08:26:50.527090,ELEC-day6,0.0,0.0,0.0,,,0,0,0,0,0,0,0
,,,,,,110,2026-02-01 08:26:50.527090,ELEC-F,16.0,0.0,0.0,,,0,0,0,0,0,0,0
4.0,1.0,38.0,,FACTORY TENDER REPORT,There is increased speculation of large sized factory tenders to SELL electricity into the local market.,111,2026-02-01 08:26:51.561810,NG,2.11,2.09,2.13,800000.0,800000.0,0,0,0,0,0,0,0
3.0,1.0,1.0,,You are logged in as a TRADER,,111,2026-02-01 08:26:51.561810,ELEC-day2,0.0,0.0,0.0,,,0,0,0,0,0,0,0
2.0,1.0,1.0,,FINES,"The fine for open positions of ELEC-dayX at the end of the day is $20,000/contract.",111,2026-02-01 08:26:51.561810,ELEC-day3,0.0,0.0,0.0,,,0,0,0,0,0,0,0
1.0,1.0,1.0,,Welcome to the RITC2026 GBE Energy Electricity Trading Case - practice server,,111,2026-02-01 08:26:51.561810,ELEC-day4,0.0,0.0,0.0,,,0,0,0,0,0,0,0
,,,,,,111,2026-02-01 08:26:51.561810,ELEC-day5,0.0,0.0,0.0,,,0,0,0,0,0,0,0
,,,,,,111,2026-02-01 08:26:51.561810,ELEC-day6,0.0,0.0,0.0,,,0,0,0,0,0,0,0
,,,,,,111,2026-02-01 08:26:51.561810,ELEC-F,16.0,0.0,0.0,,,0,0,0,0,0,0,0
4.0,1.0,38.0,,FACTORY TENDER REPORT,There is increased speculation of large sized factory tenders to SELL electricity into the local market.,112,2026-02-01 08:26:52.591563,NG,2.11,2.09,2.13,800000.0,800000.0,0,0,0,0,0,0,0
3.0,1.0,1.0,,You are logged in as a TRADER,,112,2026-02-01 08:26:52.591563,ELEC-day2,0.0,0.0,0.0,,,0,0,0,0,0,0,0
2.0,1.0,1.0,,FINES,"The fine for open positions of ELEC-dayX at the end of the day is $20,000/contract.",112,2026-02-01 08:26:52.591563,ELEC-day3,0.0,0.0,0.0,,,0,0,0,0,0,0,0
1.0,1.0,1.0,,Welcome to the RITC2026 GBE Energy Electricity Trading Case - practice server,,112,2026-02-01 08:26:52.591563,ELEC-day4,0.0,0.0,0.0,,,0,0,0,0,0,0,0
,,,,,,112,2026-02-01 08:26:52.591563,ELEC-day5,0.0,0.0,0.0,,,0,0,0,0,0,0,0
,,,,,,112,2026-02-01 08:26:52.591563,ELEC-day6,0.0,0.0,0.0,,,0,0,0,0,0,0,0
,,,,,,112,2026-02-01 08:26:52.591563,ELEC-F,16.0,0.0,0.0,,,0,0,0,0,0,0,0
4.0,1.0,38.0,,FACTORY TENDER REPORT,There is increased speculation of large sized factory tenders to SELL electricity into the local market.,113,2026-02-01 08:26:53.630080,NG,2.12,2.1,2.14,800000.0,800000.0,0,0,0,0,0,0,0
3.0,1.0,1.0,,You are logged in as a TRADER,,113,2026-02-01 08:26:53.630080,ELEC-day2,0.0,0.0,0.0,,,0,0,0,0,0,0,0
2.0,1.0,1.0,,FINES,"The fine for open positions of ELEC-dayX at the end of the day is $20,000/contract.",113,2026-02-01 08:26:53.630080,ELEC-day3,0.0,0.0,0.0,,,0,0,0,0,0,0,0
1.0,1.0,1.0,,Welcome to the RITC2026 GBE Energy Electricity Trading Case - practice server,,113,2026-02-01 08:26:53.630080,ELEC-day4,0.0,0.0,0.0,,,0,0,0,0,0,0,0
,,,,,,113,2026-02-01 08:26:53.630080,ELEC-day5,0.0,0.0,0.0,,,0,0,0,0,0,0,0
,,,,,,113,2026-02-01 08:26:53.630080,ELEC-day6,0.0,0.0,0.0,,,0,0,0,0,0,0,0
,,,,,,113,2026-02-01 08:26:53.630080,ELEC-F,16.0,0.0,0.0,,,0,0,0,0,0,0,0
4.0,1.0,38.0,,FACTORY TENDER REPORT,There is increased speculation of large sized factory tenders to SELL electricity into the local market.,114,2026-02-01 08:26:54.656883,NG,2.12,2.1,2.14,800000.0,800000.0,0,0,0,0,0,0,0
3.0,1.0,1.0,,You are logged in as a TRADER,,114,2026-02-01 08:26:54.656883,ELEC-day2,0.0,0.0,0.0,,,0,0,0,0,0,0,0
2.0,1.0,1.0,,FINES,"The fine for open positions of ELEC-dayX at the end of the day is $20,000/contract.",114,2026-02-01 08:26:54.656883,ELEC-day3,0.0,0.0,0.0,,,0,0,0,0,0,0,0
1.0,1.0,1.0,,Welcome to the RITC2026 GBE Energy Electricity Trading Case - practice server,,114,2026-02-01 08:26:54.656883,ELEC-day4,0.0,0.0,0.0,,,0,0,0,0,0,0,0
,,,,,,114,2026-02-01 08:26:54.656883,ELEC-day5,0.0,0.0,0.0,,,0,0,0,0,0,0,0
,,,,,,114,2026-02-01 08:26:54.656883,ELEC-day6,0.0,0.0,0.0,,,0,0,0,0,0,0,0
,,,,,,114,2026-02-01 08:26:54.656883,ELEC-F,16.0,0.0,0.0,,,0,0,0,0,0,0,0
4.0,1.0,38.0,,FACTORY TENDER REPORT,There is increased speculation of large sized factory tenders to SELL electricity into the local market.,115,2026-02-01 08:26:55.688406,NG,2.12,2.1,2.14,800000.0,800000.0,0,0,0,0,0,0,0
3.0,1.0,1.0,,You are logged in as a TRADER,,115,2026-02-01 08:26:55.688406,ELEC-day2,0.0,0.0,0.0,,,0,0,0,0,0,0,0
2.0,1.0,1.0,,FINES,"The fine for open positions of ELEC-dayX at the end of the day is $20,000/contract.",115,2026-02-01 08:26:55.688406,ELEC-day3,0.0,0.0,0.0,,,0,0,0,0,0,0,0
1.0,1.0,1.0,,Welcome to the RITC2026 GBE Energy Electricity Trading Case - practice server,,115,2026-02-01 08:26:55.688406,ELEC-day4,0.0,0.0,0.0,,,0,0,0,0,0,0,0
,,,,,,115,2026-02-01 08:26:55.688406,ELEC-day5,0.0,0.0,0.0,,,0,0,0,0,0,0,0
,,,,,,115,2026-02-01 08:26:55.688406,ELEC-day6,0.0,0.0,0.0,,,0,0,0,0,0,0,0
,,,,,,115,2026-02-01 08:26:55.688406,ELEC-F,16.0,0.0,0.0,,,0,0,0,0,0,0,0
4.0,1.0,38.0,,FACTORY TENDER REPORT,There is increased speculation of large sized factory tenders to SELL electricity into the local market.,116,2026-02-01 08:26:56.721117,NG,2.13,2.11,2.15,800000.0,800000.0,0,0,0,0,0,0,0
3.0,1.0,1.0,,You are logged in as a TRADER,,116,2026-02-01 08:26:56.721117,ELEC-day2,0.0,0.0,0.0,,,0,0,0,0,0,0,0
2.0,1.0,1.0,,FINES,"The fine for open positions of ELEC-dayX at the end of the day is $20,000/contract.",116,2026-02-01 08:26:56.721117,ELEC-day3,0.0,0.0,0.0,,,0,0,0,0,0,0,0
1.0,1.0,1.0,,Welcome to the RITC2026 GBE Energy Electricity Trading Case - practice server,,116,2026-02-01 08:26:56.721117,ELEC-day4,0.0,0.0,0.0,,,0,0,0,0,0,0,0
,,,,,,116,2026-02-01 08:26:56.721117,ELEC-day5,0.0,0.0,0.0,,,0,0,0,0,0,0,0
,,,,,,116,2026-02-01 08:26:56.721117,ELEC-day6,0.0,0.0,0.0,,,0,0,0,0,0,0,0
,,,,,,116,2026-02-01 08:26:56.721117,ELEC-F,16.0,0.0,0.0,,,0,0,0,0,0,0,0
4.0,1.0,38.0,,FACTORY TENDER REPORT,There is increased speculation of large sized factory tenders to SELL electricity into the local market.,117,2026-02-01 08:26:57.755164,NG,2.13,2.11,2.15,800000.0,800000.0,0,0,0,0,0,0,0
3.0,1.0,1.0,,You are logged in as a TRADER,,117,2026-02-01 08:26:57.755164,ELEC-day2,0.0,0.0,0.0,,,0,0,0,0,0,0,0
2.0,1.0,1.0,,FINES,"The fine for open positions of ELEC-dayX at the end of the day is $20,000/contract.",117,2026-02-01 08:26:57.755164,ELEC-day3,0.0,0.0,0.0,,,0,0,0,0,0,0,0
1.0,1.0,1.0,,Welcome to the RITC2026 GBE Energy Electricity Trading Case - practice server,,117,2026-02-01 08:26:57.755164,ELEC-day4,0.0,0.0,0.0,,,0,0,0,0,0,0,0
,,,,,,117,2026-02-01 08:26:57.755164,ELEC-day5,0.0,0.0,0.0,,,0,0,0,0,0,0,0
,,,,,,117,2026-02-01 08:26:57.755164,ELEC-day6,0.0,0.0,0.0,,,0,0,0,0,0,0,0
,,,,,,117,2026-02-01 08:26:57.755164,ELEC-F,16.0,0.0,0.0,,,0,0,0,0,0,0,0
4.0,1.0,38.0,,FACTORY TENDER REPORT,There is increased speculation of large sized factory tenders to SELL electricity into the local market.,118,2026-02-01 08:26:58.787923,NG,2.14,2.12,2.16,800000.0,800000.0,0,0,0,0,0,0,0
3.0,1.0,1.0,,You are logged in as a TRADER,,118,2026-02-01 08:26:58.787923,ELEC-day2,0.0,0.0,0.0,,,0,0,0,0,0,0,0
2.0,1.0,1.0,,FINES,"The fine for open positions of ELEC-dayX at the end of the day is $20,000/contract.",118,2026-02-01 08:26:58.787923,ELEC-day3,0.0,0.0,0.0,,,0,0,0,0,0,0,0
1.0,1.0,1.0,,Welcome to the RITC2026 GBE Energy Electricity Trading Case - practice server,,118,2026-02-01 08:26:58.787923,ELEC-day4,0.0,0.0,0.0,,,0,0,0,0,0,0,0
,,,,,,118,2026-02-01 08:26:58.787923,ELEC-day5,0.0,0.0,0.0,,,0,0,0,0,0,0,0
,,,,,,118,2026-02-01 08:26:58.787923,ELEC-day6,0.0,0.0,0.0,,,0,0,0,0,0,0,0
,,,,,,118,2026-02-01 08:26:58.787923,ELEC-F,16.0,0.0,0.0,,,0,0,0,0,0,0,0
4.0,1.0,38.0,,FACTORY TENDER REPORT,There is increased speculation of large sized factory tenders to SELL electricity into the local market.,119,2026-02-01 08:26:59.817440,NG,2.14,2.12,2.16,800000.0,800000.0,0,0,0,0,0,0,0
3.0,1.0,1.0,,You are logged in as a TRADER,,119,2026-02-01 08:26:59.817440,ELEC-day2,0.0,0.0,0.0,,,0,0,0,0,0,0,0
2.0,1.0,1.0,,FINES,"The fine for open positions of ELEC-dayX at the end of the day is $20,000/contract.",119,2026-02-01 08:26:59.817440,ELEC-day3,0.0,0.0,0.0,,,0,0,0,0,0,0,0
1.0,1.0,1.0,,Welcome to the RITC2026 GBE Energy Electricity Trading Case - practice server,,119,2026-02-01 08:26:59.817440,ELEC-day4,0.0,0.0,0.0,,,0,0,0,0,0,0,0
,,,,,,119,2026-02-01 08:26:59.817440,ELEC-day5,0.0,0.0,0.0,,,0,0,0,0,0,0,0
,,,,,,119,2026-02-01 08:26:59.817440,ELEC-day6,0.0,0.0,0.0,,,0,0,0,0,0,0,0
,,,,,,119,2026-02-01 08:26:59.817440,ELEC-F,16.0,0.0,0.0,,,0,0,0,0,0,0,0
4.0,1.0,38.0,,FACTORY TENDER REPORT,There is increased speculation of large sized factory tenders to SELL electricity into the local market.,120,2026-02-01 08:27:00.854346,NG,2.13,2.11,2.15,800000.0,800000.0,0,0,0,0,0,0,0
3.0,1.0,1.0,,You are logged in as a TRADER,,120,2026-02-01 08:27:00.854346,ELEC-day2,0.0,0.0,0.0,,,0,0,0,0,0,0,0
2.0,1.0,1.0,,FINES,"The fine for open positions of ELEC-dayX at the end of the day is $20,000/contract.",120,2026-02-01 08:27:00.854346,ELEC-day3,0.0,0.0,0.0,,,0,0,0,0,0,0,0
1.0,1.0,1.0,,Welcome to the RITC2026 GBE Energy Electricity Trading Case - practice server,,120,2026-02-01 08:27:00.854346,ELEC-day4,0.0,0.0,0.0,,,0,0,0,0,0,0,0
,,,,,,120,2026-02-01 08:27:00.854346,ELEC-day5,0.0,0.0,0.0,,,0,0,0,0,0,0,0
,,,,,,120,2026-02-01 08:27:00.854346,ELEC-day6,0.0,0.0,0.0,,,0,0,0,0,0,0,0
,,,,,,120,2026-02-01 08:27:00.854346,ELEC-F,16.0,0.0,0.0,,,0,0,0,0,0,0,0
4.0,1.0,38.0,,FACTORY TENDER REPORT,There is increased speculation of large sized factory tenders to SELL electricity into the local market.,121,2026-02-01 08:27:01.887670,NG,2.12,2.1,2.14,800000.0,800000.0,0,0,0,0,0,0,0
3.0,1.0,1.0,,You are logged in as a TRADER,,121,2026-02-01 08:27:01.887670,ELEC-day2,0.0,0.0,0.0,,,0,0,0,0,0,0,0
2.0,1.0,1.0,,FINES,"The fine for open positions of ELEC-dayX at the end of the day is $20,000/contract.",121,2026-02-01 08:27:01.887670,ELEC-day3,0.0,0.0,0.0,,,0,0,0,0,0,0,0
1.0,1.0,1.0,,Welcome to the RITC2026 GBE Energy Electricity Trading Case - practice server,,121,2026-02-01 08:27:01.887670,ELEC-day4,0.0,0.0,0.0,,,0,0,0,0,0,0,0
,,,,,,121,2026-02-01 08:27:01.887670,ELEC-day5,0.0,0.0,0.0,,,0,0,0,0,0,0,0
,,,,,,121,2026-02-01 08:27:01.887670,ELEC-day6,0.0,0.0,0.0,,,0,0,0,0,0,0,0
,,,,,,121,2026-02-01 08:27:01.887670,ELEC-F,16.0,0.0,0.0,,,0,0,0,0,0,0,0
4.0,1.0,38.0,,FACTORY TENDER REPORT,There is increased speculation of large sized factory tenders to SELL electricity into the local market.,122,2026-02-01 08:27:02.905771,NG,2.11,2.09,2.13,800000.0,800000.0,0,0,0,0,0,0,0
3.0,1.0,1.0,,You are logged in as a TRADER,,122,2026-02-01 08:27:02.905771,ELEC-day2,0.0,0.0,0.0,,,0,0,0,0,0,0,0
2.0,1.0,1.0,,FINES,"The fine for open positions of ELEC-dayX at the end of the day is $20,000/contract.",122,2026-02-01 08:27:02.905771,ELEC-day3,0.0,0.0,0.0,,,0,0,0,0,0,0,0
1.0,1.0,1.0,,Welcome to the RITC2026 GBE Energy Electricity Trading Case - practice server,,122,2026-02-01 08:27:02.905771,ELEC-day4,0.0,0.0,0.0,,,0,0,0,0,0,0,0
,,,,,,122,2026-02-01 08:27:02.905771,ELEC-day5,0.0,0.0,0.0,,,0,0,0,0,0,0,0
,,,,,,122,2026-02-01 08:27:02.905771,ELEC-day6,0.0,0.0,0.0,,,0,0,0,0,0,0,0
,,,,,,122,2026-02-01 08:27:02.905771,ELEC-F,16.0,0.0,0.0,,,0,0,0,0,0,0,0
4.0,1.0,38.0,,FACTORY TENDER REPORT,There is increased speculation of large sized factory tenders to SELL electricity into the local market.,123,2026-02-01 08:27:03.944477,NG,2.1,2.08,2.12,800000.0,800000.0,0,0,0,0,0,0,0
3.0,1.0,1.0,,You are logged in as a TRADER,,123,2026-02-01 08:27:03.944477,ELEC-day2,0.0,0.0,0.0,,,0,0,0,0,0,0,0
2.0,1.0,1.0,,FINES,"The fine for open positions of ELEC-dayX at the end of the day is $20,000/contract.",123,2026-02-01 08:27:03.944477,ELEC-day3,0.0,0.0,0.0,,,0,0,0,0,0,0,0
1.0,1.0,1.0,,Welcome to the RITC2026 GBE Energy Electricity Trading Case - practice server,,123,2026-02-01 08:27:03.944477,ELEC-day4,0.0,0.0,0.0,,,0,0,0,0,0,0,0
,,,,,,123,2026-02-01 08:27:03.944477,ELEC-day5,0.0,0.0,0.0,,,0,0,0,0,0,0,0
,,,,,,123,2026-02-01 08:27:03.944477,ELEC-day6,0.0,0.0,0.0,,,0,0,0,0,0,0,0
,,,,,,123,2026-02-01 08:27:03.944477,ELEC-F,16.0,0.0,0.0,,,0,0,0,0,0,0,0
