news_id,period,tick,ticker,headline,body,tick,timestamp,ticker,last_price,bid_price,ask_price,BUY_ANON,SELL_ANON,SELL_GIOT-P,BUY_LUIS-T2,BUY_LUIS-T1,BUY_GIOT-P,SELL_LUIS-T2,SELL_LUIS-T1
3.0,1.0,1.0,,You are logged in as a TRADER,,2,2026-02-01 07:03:30.098768,NG,2.21,2.19,2.23,800000.0,800000.0,0,0,0,0,0,0
2.0,1.0,1.0,,FINES,"The fine for open positions of ELEC-dayX at the end of the day is $20,000/contract.",2,2026-02-01 07:03:30.098768,ELEC-day2,0.0,0.0,0.0,,,0,0,0,0,0,0
1.0,1.0,1.0,,Welcome to the RITC2026 GBE Energy Electricity Trading Case - practice server,,2,2026-02-01 07:03:30.098768,ELEC-day3,0.0,0.0,0.0,,,0,0,0,0,0,0
,,,,,,2,2026-02-01 07:03:30.098768,ELEC-day4,0.0,0.0,0.0,,,0,0,0,0,0,0
,,,,,,2,2026-02-01 07:03:30.098768,ELEC-day5,0.0,0.0,0.0,,,0,0,0,0,0,0
,,,,,,2,2026-02-01 07:03:30.098768,ELEC-day6,0.0,0.0,0.0,,,0,0,0,0,0,0
,,,,,,2,2026-02-01 07:03:30.098768,ELEC-F,0.0,0.0,0.0,,,0,0,0,0,0,0
3.0,1.0,1.0,,You are logged in as a TRADER,,3,2026-02-01 07:03:31.124724,NG,2.2,2.18,2.22,800000.0,800000.0,0,0,0,0,0,0
2.0,1.0,1.0,,FINES,"The fine for open positions of ELEC-dayX at the end of the day is $20,000/contract.",3,2026-02-01 07:03:31.124724,ELEC-day2,0.0,0.0,0.0,,,0,0,0,0,0,0
1.0,1.0,1.0,,Welcome to the RITC2026 GBE Energy Electricity Trading Case - practice server,,3,2026-02-01 07:03:31.124724,ELEC-day3,0.0,0.0,0.0,,,0,0,0,0,0,0
,,,,,,3,2026-02-01 07:03:31.124724,ELEC-day4,0.0,0.0,0.0,,,0,0,0,0,0,0
,,,,,,3,2026-02-01 07:03:31.124724,ELEC-day5,0.0,0.0,0.0,,,0,0,0,0,0,0
,,,,,,3,2026-02-01 07:03:31.124724,ELEC-day6,0.0,0.0,0.0,,,0,0,0,0,0,0
,,,,,,3,2026-02-01 07:03:31.124724,ELEC-F,0.0,0.0,0.0,,,0,0,0,0,0,0
3.0,1.0,1.0,,You are logged in as a TRADER,,4,2026-02-01 07:03:32.158547,NG,2.2,2.18,2.22,800000.0,800000.0,0,0,0,0,0,0
2.0,1.0,1.0,,FINES,"The fine for open positions of ELEC-dayX at the end of the day is $20,000/contract.",4,2026-02-01 07:03:32.158547,ELEC-day2,0.0,0.0,0.0,,,0,0,0,0,0,0
1.0,1.0,1.0,,Welcome to the RITC2026 GBE Energy Electricity Trading Case - practice server,,4,2026-02-01 07:03:32.158547,ELEC-day3,0.0,0.0,0.0,,,0,0,0,0,0,0
,,,,,,4,2026-02-01 07:03:32.158547,ELEC-day4,0.0,0.0,0.0,,,0,0,0,0,0,0
,,,,,,4,2026-02-01 07:03:32.158547,ELEC-day5,0.0,0.0,0.0,,,0,0,0,0,0,0
,,,,,,4,2026-02-01 07:03:32.158547,ELEC-day6,0.0,0.0,0.0,,,0,0,0,0,0,0
,,,,,,4,2026-02-01 07:03:32.158547,ELEC-F,0.0,0.0,0.0,,,0,0,0,0,0,0
3.0,1.0,1.0,,You are logged in as a TRADER,,5,2026-02-01 07:03:33.198841,NG,2.19,2.17,2.21,800000.0,800000.0,0,0,0,0,0,0
2.0,1.0,1.0,,FINES,"The fine for open positions of ELEC-dayX at the end of the day is $20,000/contract.",5,2026-02-01 07:03:33.198841,ELEC-day2,0.0,0.0,0.0,,,0,0,0,0,0,0
1.0,1.0,1.0,,Welcome to the RITC2026 GBE Energy Electricity Trading Case - practice server,,5,2026-02-01 07:03:33.198841,ELEC-day3,0.0,0.0,0.0,,,0,0,0,0,0,0
,,,,,,5,2026-02-01 07:03:33.198841,ELEC-day4,0.0,0.0,0.0,,,0,0,0,0,0,0
,,,,,,5,2026-02-01 07:03:33.198841,ELEC-day5,0.0,0.0,0.0,,,0,0,0,0,0,0
,,,,,,5,2026-02-01 07:03:33.198841,ELEC-day6,0.0,0.0,0.0,,,0,0,0,0,0,0
,,,,,,5,2026-02-01 07:03:33.198841,ELEC-F,0.0,0.0,0.0,,,0,0,0,0,0,0
3.0,1.0,1.0,,You are logged in as a TRADER,,6,2026-02-01 07:03:34.237625,NG,2.2,2.18,2.22,800000.0,800000.0,0,0,0,0,0,0
2.0,1.0,1.0,,FINES,"The fine for open positions of ELEC-dayX at the end of the day is $20,000/contract.",6,2026-02-01 07:03:34.237625,ELEC-day2,0.0,0.0,0.0,,,0,0,0,0,0,0
1.0,1.0,1.0,,Welcome to the RITC2026 GBE Energy Electricity Trading Case - practice server,,6,2026-02-01 07:03:34.237625,ELEC-day3,0.0,0.0,0.0,,,0,0,0,0,0,0
,,,,,,6,2026-02-01 07:03:34.237625,ELEC-day4,0.0,0.0,0.0,,,0,0,0,0,0,0
,,,,,,6,2026-02-01 07:03:34.237625,ELEC-day5,0.0,0.0,0.0,,,0,0,0,0,0,0
,,,,,,6,2026-02-01 07:03:34.237625,ELEC-day6,0.0,0.0,0.0,,,0,0,0,0,0,0
,,,,,,6,2026-02-01 07:03:34.237625,ELEC-F,0.0,0.0,0.0,,,0,0,0,0,0,0
3.0,1.0,1.0,,You are logged in as a TRADER,,7,2026-02-01 07:03:35.264037,NG,2.19,2.17,2.21,800000.0,800000.0,0,0,0,0,0,0
2.0,1.0,1.0,,FINES,"The fine for open positions of ELEC-dayX at the end of the day is $20,000/contract.",7,2026-02-01 07:03:35.264037,ELEC-day2,0.0,0.0,0.0,,,0,0,0,0,0,0
1.0,1.0,1.0,,Welcome to the RITC2026 GBE Energy Electricity Trading Case - practice server,,7,2026-02-01 07:03:35.264037,ELEC-day3,0.0,0.0,0.0,,,0,0,0,0,0,0
,,,,,,7,2026-02-01 07:03:35.264037,ELEC-day4,0.0,0.0,0.0,,,0,0,0,0,0,0
,,,,,,7,2026-02-01 07:03:35.264037,ELEC-day5,0.0,0.0,0.0,,,0,0,0,0,0,0
,,,,,,7,2026-02-01 07:03:35.264037,ELEC-day6,0.0,0.0,0.0,,,0,0,0,0,0,0
,,,,,,7,2026-02-01 07:03:35.264037,ELEC-F,0.0,0.0,0.0,,,0,0,0,0,0,0
3.0,1.0,1.0,,You are logged in as a TRADER,,8,2026-02-01 07:03:36.308517,NG,2.19,2.17,2.21,800000.0,800000.0,0,0,0,0,0,0
2.0,1.0,1.0,,FINES,"The fine for open positions of ELEC-dayX at the end of the day is $20,000/contract.",8,2026-02-01 07:03:36.308517,ELEC-day2,0.0,0.0,0.0,,,0,0,0,0,0,0
1.0,1.0,1.0,,Welcome to the RITC2026 GBE Energy Electricity Trading Case - practice server,,8,2026-02-01 07:03:36.308517,ELEC-day3,0.0,0.0,0.0,,,0,0,0,0,0,0
,,,,,,8,2026-02-01 07:03:36.308517,ELEC-day4,0.0,0.0,0.0,,,0,0,0,0,0,0
,,,,,,8,2026-02-01 07:03:36.308517,ELEC-day5,0.0,0.0,0.0,,,0,0,0,0,0,0
,,,,,,8,2026-02-01 07:03:36.308517,ELEC-day6,0.0,0.0,0.0,,,0,0,0,0,0,0
,,,,,,8,2026-02-01 07:03:36.308517,ELEC-F,0.0,0.0,0.0,,,0,0,0,0,0,0
3.0,1.0,1.0,,You are logged in as a TRADER,,9,2026-02-01 07:03:37.335516,NG,2.19,2.17,2.21,800000.0,800000.0,0,0,0,0,0,0
2.0,1.0,1.0,,FINES,"The fine for open positions of ELEC-dayX at the end of the day is $20,000/contract.",9,2026-02-01 07:03:37.335516,ELEC-day2,0.0,0.0,0.0,,,0,0,0,0,0,0
1.0,1.0,1.0,,Welcome to the RITC2026 GBE Energy Electricity Trading Case - practice server,,9,2026-02-01 07:03:37.335516,ELEC-day3,0.0,0.0,0.0,,,0,0,0,0,0,0
,,,,,,9,2026-02-01 07:03:37.335516,ELEC-day4,0.0,0.0,0.0,,,0,0,0,0,0,0
,,,,,,9,2026-02-01 07:03:37.335516,ELEC-day5,0.0,0.0,0.0,,,0,0,0,0,0,0
,,,,,,9,2026-02-01 07:03:37.335516,ELEC-day6,0.0,0.0,0.0,,,0,0,0,0,0,0
,,,,,,9,2026-02-01 07:03:37.335516,ELEC-F,0.0,0.0,0.0,,,0,0,0,0,0,0
3.0,1.0,1.0,,You are logged in as a TRADER,,10,2026-02-01 07:03:38.371865,NG,2.18,2.16,2.2,800000.0,800000.0,0,0,0,0,0,0
2.0,1.0,1.0,,FINES,"The fine for open positions of ELEC-dayX at the end of the day is $20,000/contract.",10,2026-02-01 07:03:38.371865,ELEC-day2,0.0,0.0,0.0,,,0,0,0,0,0,0
1.0,1.0,1.0,,Welcome to the RITC2026 GBE Energy Electricity Trading Case - practice server,,10,2026-02-01 07:03:38.371865,ELEC-day3,0.0,0.0,0.0,,,0,0,0,0,0,0
,,,,,,10,2026-02-01 07:03:38.371865,ELEC-day4,0.0,0.0,0.0,,,0,0,0,0,0,0
,,,,,,10,2026-02-01 07:03:38.371865,ELEC-day5,0.0,0.0,0.0,,,0,0,0,0,0,0
,,,,,,10,2026-02-01 07:03:38.371865,ELEC-day6,0.0,0.0,0.0,,,0,0,0,0,0,0
,,,,,,10,2026-02-01 07:03:38.371865,ELEC-F,0.0,0.0,0.0,,,0,0,0,0,0,0
3.0,1.0,1.0,,You are logged in as a TRADER,,11,2026-02-01 07:03:39.406521,NG,2.18,2.16,2.2,800000.0,800000.0,0,0,0,0,0,0
2.0,1.0,1.0,,FINES,"The fine for open positions of ELEC-dayX at the end of the day is $20,000/contract.",11,2026-02-01 07:03:39.406521,ELEC-day2,0.0,0.0,0.0,,,0,0,0,0,0,0
1.0,1.0,1.0,,Welcome to the RITC2026 GBE Energy Electricity Trading Case - practice server,,11,2026-02-01 07:03:39.406521,ELEC-day3,0.0,0.0,0.0,,,0,0,0,0,0,0
,,,,,,11,2026-02-01 07:03:39.406521,ELEC-day4,0.0,0.0,0.0,,,0,0,0,0,0,0
,,,,,,11,2026-02-01 07:03:39.406521,ELEC-day5,0.0,0.0,0.0,,,0,0,0,0,0,0
,,,,,,11,2026-02-01 07:03:39.406521,ELEC-day6,0.0,0.0,0.0,,,0,0,0,0,0,0
,,,,,,11,2026-02-01 07:03:39.406521,ELEC-F,0.0,0.0,0.0,,,0,0,0,0,0,0
3.0,1.0,1.0,,You are logged in as a TRADER,,12,2026-02-01 07:03:40.428736,NG,2.17,2.15,2.19,800000.0,800000.0,0,0,0,0,0,0
2.0,1.0,1.0,,FINES,"The fine for open positions of ELEC-dayX at the end of the day is $20,000/contract.",12,2026-02-01 07:03:40.428736,ELEC-day2,0.0,0.0,0.0,,,0,0,0,0,0,0
1.0,1.0,1.0,,Welcome to the RITC2026 GBE Energy Electricity Trading Case - practice server,,12,2026-02-01 07:03:40.428736,ELEC-day3,0.0,0.0,0.0,,,0,0,0,0,0,0
,,,,,,12,2026-02-01 07:03:40.428736,ELEC-day4,0.0,0.0,0.0,,,0,0,0,0,0,0
,,,,,,12,2026-02-01 07:03:40.428736,ELEC-day5,0.0,0.0,0.0,,,0,0,0,0,0,0
,,,,,,12,2026-02-01 07:03:40.428736,ELEC-day6,0.0,0.0,0.0,,,0,0,0,0,0,0
,,,,,,12,2026-02-01 07:03:40.428736,ELEC-F,0.0,0.0,0.0,,,0,0,0,0,0,0
3.0,1.0,1.0,,You are logged in as a TRADER,,13,2026-02-01 07:03:41.452996,NG,2.17,2.15,2.19,800000.0,800000.0,0,0,0,0,0,0
2.0,1.0,1.0,,FINES,"The fine for open positions of ELEC-dayX at the end of the day is $20,000/contract.",13,2026-02-01 07:03:41.452996,ELEC-day2,0.0,0.0,0.0,,,0,0,0,0,0,0
1.0,1.0,1.0,,Welcome to the RITC2026 GBE Energy Electricity Trading Case - practice server,,13,2026-02-01 07:03:41.452996,ELEC-day3,0.0,0.0,0.0,,,0,0,0,0,0,0
,,,,,,13,2026-02-01 07:03:41.452996,ELEC-day4,0.0,0.0,0.0,,,0,0,0,0,0,0
,,,,,,13,2026-02-01 07:03:41.452996,ELEC-day5,0.0,0.0,0.0,,,0,0,0,0,0,0
,,,,,,13,2026-02-01 07:03:41.452996,ELEC-day6,0.0,0.0,0.0,,,0,0,0,0,0,0
,,,,,,13,2026-02-01 07:03:41.452996,ELEC-F,0.0,0.0,0.0,,,0,0,0,0,0,0
3.0,1.0,1.0,,You are logged in as a TRADER,,14,2026-02-01 07:03:42.487252,NG,2.17,2.15,2.19,800000.0,800000.0,0,0,0,0,0,0
2.0,1.0,1.0,,FINES,"The fine for open positions of ELEC-dayX at the end of the day is $20,000/contract.",14,2026-02-01 07:03:42.487252,ELEC-day2,0.0,0.0,0.0,,,0,0,0,0,0,0
1.0,1.0,1.0,,Welcome to the RITC2026 GBE Energy Electricity Trading Case - practice server,,14,2026-02-01 07:03:42.487252,ELEC-day3,0.0,0.0,0.0,,,0,0,0,0,0,0
,,,,,,14,2026-02-01 07:03:42.487252,ELEC-day4,0.0,0.0,0.0,,,0,0,0,0,0,0
,,,,,,14,2026-02-01 07:03:42.487252,ELEC-day5,0.0,0.0,0.0,,,0,0,0,0,0,0
,,,,,,14,2026-02-01 07:03:42.487252,ELEC-day6,0.0,0.0,0.0,,,0,0,0,0,0,0
,,,,,,14,2026-02-01 07:03:42.487252,ELEC-F,0.0,0.0,0.0,,,0,0,0,0,0,0
3.0,1.0,1.0,,You are logged in as a TRADER,,15,2026-02-01 07:03:43.513502,NG,2.17,2.15,2.19,800000.0,800000.0,0,0,0,0,0,0
2.0,1.0,1.0,,FINES,"The fine for open positions of ELEC-dayX at the end of the day is $20,000/contract.",15,2026-02-01 07:03:43.513502,ELEC-day2,0.0,0.0,0.0,,,0,0,0,0,0,0
1.0,1.0,1.0,,Welcome to the RITC2026 GBE Energy Electricity Trading Case - practice server,,15,2026-02-01 07:03:43.513502,ELEC-day3,0.0,0.0,0.0,,,0,0,0,0,0,0
,,,,,,15,2026-02-01 07:03:43.513502,ELEC-day4,0.0,0.0,0.0,,,0,0,0,0,0,0
,,,,,,15,2026-02-01 07:03:43.513502,ELEC-day5,0.0,0.0,0.0,,,0,0,0,0,0,0
,,,,,,15,2026-02-01 07:03:43.513502,ELEC-day6,0.0,0.0,0.0,,,0,0,0,0,0,0
,,,,,,15,2026-02-01 07:03:43.513502,ELEC-F,0.0,0.0,0.0,,,0,0,0,0,0,0
3.0,1.0,1.0,,You are logged in as a TRADER,,16,2026-02-01 07:03:44.547836,NG,2.18,2.16,2.2,800000.0,800000.0,0,0,0,0,0,0
2.0,1.0,1.0,,FINES,"The fine for open positions of ELEC-dayX at the end of the day is $20,000/contract.",16,2026-02-01 07:03:44.547836,ELEC-day2,0.0,0.0,0.0,,,0,0,0,0,0,0
1.0,1.0,1.0,,Welcome to the RITC2026 GBE Energy Electricity Trading Case - practice server,,16,2026-02-01 07:03:44.547836,ELEC-day3,0.0,0.0,0.0,,,0,0,0,0,0,0
,,,,,,16,2026-02-01 07:03:44.547836,ELEC-day4,0.0,0.0,0.0,,,0,0,0,0,0,0
,,,,,,16,2026-02-01 07:03:44.547836,ELEC-day5,0.0,0.0,0.0,,,0,0,0,0,0,0
,,,,,,16,2026-02-01 07:03:44.547836,ELEC-day6,0.0,0.0,0.0,,,0,0,0,0,0,0
,,,,,,16,2026-02-01 07:03:44.547836,ELEC-F,0.0,0.0,0.0,,,0,0,0,0,0,0
3.0,1.0,1.0,,You are logged in as a TRADER,,17,2026-02-01 07:03:45.568806,NG,2.17,2.15,2.19,800000.0,800000.0,0,0,0,0,0,0
2.0,1.0,1.0,,FINES,"The fine for open positions of ELEC-dayX at the end of the day is $20,000/contract.",17,2026-02-01 07:03:45.568806,ELEC-day2,0.0,0.0,0.0,,,0,0,0,0,0,0
1.0,1.0,1.0,,Welcome to the RITC2026 GBE Energy Electricity Trading Case - practice server,,17,2026-02-01 07:03:45.568806,ELEC-day3,0.0,0.0,0.0,,,0,0,0,0,0,0
,,,,,,17,2026-02-01 07:03:45.568806,ELEC-day4,0.0,0.0,0.0,,,0,0,0,0,0,0
,,,,,,17,2026-02-01 07:03:45.568806,ELEC-day5,0.0,0.0,0.0,,,0,0,0,0,0,0
,,,,,,17,2026-02-01 07:03:45.568806,ELEC-day6,0.0,0.0,0.0,,,0,0,0,0,0,0
,,,,,,17,2026-02-01 07:03:45.568806,ELEC-F,0.0,0.0,0.0,,,0,0,0,0,0,0
3.0,1.0,1.0,,You are logged in as a TRADER,,18,2026-02-01 07:03:46.597824,NG,2.18,2.16,2.2,800000.0,800000.0,0,0,0,0,0,0
2.0,1.0,1.0,,FINES,"The fine for open positions of ELEC-dayX at the end of the day is $20,000/contract.",18,2026-02-01 07:03:46.597824,ELEC-day2,0.0,0.0,0.0,,,0,0,0,0,0,0
1.0,1.0,1.0,,Welcome to the RITC2026 GBE Energy Electricity Trading Case - practice server,,18,2026-02-01 07:03:46.597824,ELEC-day3,0.0,0.0,0.0,,,0,0,0,0,0,0
,,,,,,18,2026-02-01 07:03:46.597824,ELEC-day4,0.0,0.0,0.0,,,0,0,0,0,0,0
,,,,,,18,2026-02-01 07:03:46.597824,ELEC-day5,0.0,0.0,0.0,,,0,0,0,0,0,0
,,,,,,18,2026-02-01 07:03:46.597824,ELEC-day6,0.0,0.0,0.0,,,0,0,0,0,0,0
,,,,,,18,2026-02-01 07:03:46.597824,ELEC-F,0.0,0.0,0.0,,,0,0,0,0,0,0
3.0,1.0,1.0,,You are logged in as a TRADER,,19,2026-02-01 07:03:47.631675,NG,2.18,2.16,2.2,800000.0,800000.0,0,0,0,0,0,0
2.0,1.0,1.0,,FINES,"The fine for open positions of ELEC-dayX at the end of the day is $20,000/contract.",19,2026-02-01 07:03:47.631675,ELEC-day2,0.0,0.0,0.0,,,0,0,0,0,0,0
1.0,1.0,1.0,,Welcome to the RITC2026 GBE Energy Electricity Trading Case - practice server,,19,2026-02-01 07:03:47.631675,ELEC-day3,0.0,0.0,0.0,,,0,0,0,0,0,0
,,,,,,19,2026-02-01 07:03:47.631675,ELEC-day4,0.0,0.0,0.0,,,0,0,0,0,0,0
,,,,,,19,2026-02-01 07:03:47.631675,ELEC-day5,0.0,0.0,0.0,,,0,0,0,0,0,0
,,,,,,19,2026-02-01 07:03:47.631675,ELEC-day6,0.0,0.0,0.0,,,0,0,0,0,0,0
,,,,,,19,2026-02-01 07:03:47.631675,ELEC-F,0.0,0.0,0.0,,,0,0,0,0,0,0
3.0,1.0,1.0,,You are logged in as a TRADER,,20,2026-02-01 07:03:48.653426,NG,2.18,2.16,2.2,800000.0,800000.0,0,0,0,0,0,0
2.0,1.0,1.0,,FINES,"The fine for open positions of ELEC-dayX at the end of the day is $20,000/contract.",20,2026-02-01 07:03:48.653426,ELEC-day2,0.0,0.0,0.0,,,0,0,0,0,0,0
1.0,1.0,1.0,,Welcome to the RITC2026 GBE Energy Electricity Trading Case - practice server,,20,2026-02-01 07:03:48.653426,ELEC-day3,0.0,0.0,0.0,,,0,0,0,0,0,0
,,,,,,20,2026-02-01 07:03:48.653426,ELEC-day4,0.0,0.0,0.0,,,0,0,0,0,0,0
,,,,,,20,2026-02-01 07:03:48.653426,ELEC-day5,0.0,0.0,0.0,,,0,0,0,0,0,0
,,,,,,20,2026-02-01 07:03:48.653426,ELEC-day6,0.0,0.0,0.0,,,0,0,0,0,0,0
,,,,,,20,2026-02-01 07:03:48.653426,ELEC-F,0.0,0.0,0.0,,,0,0,0,0,0,0
3.0,1.0,1.0,,You are logged in as a TRADER,,21,2026-02-01 07:03:49.703774,NG,2.18,2.16,2.2,800000.0,800000.0,0,0,0,0,0,0
2.0,1.0,1.0,,FINES,"The fine for open positions of ELEC-dayX at the end of the day is $20,000/contract.",21,2026-02-01 07:03:49.703774,ELEC-day2,0.0,0.0,0.0,,,0,0,0,0,0,0
1.0,1.0,1.0,,Welcome to the RITC2026 GBE Energy Electricity Trading Case - practice server,,21,2026-02-01 07:03:49.703774,ELEC-day3,0.0,0.0,0.0,,,0,0,0,0,0,0
,,,,,,21,2026-02-01 07:03:49.703774,ELEC-day4,0.0,0.0,0.0,,,0,0,0,0,0,0
,,,,,,21,2026-02-01 07:03:49.703774,ELEC-day5,0.0,0.0,0.0,,,0,0,0,0,0,0
,,,,,,21,2026-02-01 07:03:49.703774,ELEC-day6,0.0,0.0,0.0,,,0,0,0,0,0,0
,,,,,,21,2026-02-01 07:03:49.703774,ELEC-F,0.0,0.0,0.0,,,0,0,0,0,0,0
3.0,1.0,1.0,,You are logged in as a TRADER,,22,2026-02-01 07:03:50.735360,NG,2.19,2.17,2.21,800000.0,800000.0,0,0,0,0,0,0
2.0,1.0,1.0,,FINES,"The fine for open positions of ELEC-dayX at the end of the day is $20,000/contract.",22,2026-02-01 07:03:50.735360,ELEC-day2,0.0,0.0,0.0,,,0,0,0,0,0,0
1.0,1.0,1.0,,Welcome to the RITC2026 GBE Energy Electricity Trading Case - practice server,,22,2026-02-01 07:03:50.735360,ELEC-day3,0.0,0.0,0.0,,,0,0,0,0,0,0
,,,,,,22,2026-02-01 07:03:50.735360,ELEC-day4,0.0,0.0,0.0,,,0,0,0,0,0,0
,,,,,,22,2026-02-01 07:03:50.735360,ELEC-day5,0.0,0.0,0.0,,,0,0,0,0,0,0
,,,,,,22,2026-02-01 07:03:50.735360,ELEC-day6,0.0,0.0,0.0,,,0,0,0,0,0,0
,,,,,,22,2026-02-01 07:03:50.735360,ELEC-F,0.0,0.0,0.0,,,0,0,0,0,0,0
3.0,1.0,1.0,,You are logged in as a TRADER,,23,2026-02-01 07:03:51.756761,NG,2.19,2.17,2.21,800000.0,800000.0,0,0,0,0,0,0
2.0,1.0,1.0,,FINES,"The fine for open positions of ELEC-dayX at the end of the day is $20,000/contract.",23,2026-02-01 07:03:51.756761,ELEC-day2,0.0,0.0,0.0,,,0,0,0,0,0,0
1.0,1.0,1.0,,Welcome to the RITC2026 GBE Energy Electricity Trading Case - practice server,,23,2026-02-01 07:03:51.756761,ELEC-day3,0.0,0.0,0.0,,,0,0,0,0,0,0
,,,,,,23,2026-02-01 07:03:51.756761,ELEC-day4,0.0,0.0,0.0,,,0,0,0,0,0,0
,,,,,,23,2026-02-01 07:03:51.756761,ELEC-day5,0.0,0.0,0.0,,,0,0,0,0,0,0
,,,,,,23,2026-02-01 07:03:51.756761,ELEC-day6,0.0,0.0,0.0,,,0,0,0,0,0,0
,,,,,,23,2026-02-01 07:03:51.756761,ELEC-F,0.0,0.0,0.0,,,0,0,0,0,0,0
3.0,1.0,1.0,,You are logged in as a TRADER,,24,2026-02-01 07:03:52.778672,NG,2.18,2.16,2.2,800000.0,800000.0,0,0,0,0,0,0
2.0,1.0,1.0,,FINES,"The fine for open positions of ELEC-dayX at the end of the day is $20,000/contract.",24,2026-02-01 07:03:52.778672,ELEC-day2,0.0,0.0,0.0,,,0,0,0,0,0,0
1.0,1.0,1.0,,Welcome to the RITC2026 GBE Energy Electricity Trading Case - practice server,,24,2026-02-01 07:03:52.778672,ELEC-day3,0.0,0.0,0.0,,,0,0,0,0,0,0
,,,,,,24,2026-02-01 07:03:52.778672,ELEC-day4,0.0,0.0,0.0,,,0,0,0,0,0,0
,,,,,,24,2026-02-01 07:03:52.778672,ELEC-day5,0.0,0.0,0.0,,,0,0,0,0,0,0
,,,,,,24,2026-02-01 07:03:52.778672,ELEC-day6,0.0,0.0,0.0,,,0,0,0,0,0,0
,,,,,,24,2026-02-01 07:03:52.778672,ELEC-F,0.0,0.0,0.0,,,0,0,0,0,0,0
3.0,1.0,1.0,,You are logged in as a TRADER,,25,2026-02-01 07:03:53.810271,NG,2.19,2.17,2.21,800000.0,800000.0,0,0,0,0,0,0
2.0,1.0,1.0,,FINES,"The fine for open positions of ELEC-dayX at the end of the day is $20,000/contract.",25,2026-02-01 07:03:53.810271,ELEC-day2,0.0,0.0,0.0,,,0,0,0,0,0,0
1.0,1.0,1.0,,Welcome to the RITC2026 GBE Energy Electricity Trading Case - practice server,,25,2026-02-01 07:03:53.810271,ELEC-day3,0.0,0.0,0.0,,,0,0,0,0,0,0
,,,,,,25,2026-02-01 07:03:53.810271,ELEC-day4,0.0,0.0,0.0,,,0,0,0,0,0,0
,,,,,,25,2026-02-01 07:03:53.810271,ELEC-day5,0.0,0.0,0.0,,,0,0,0,0,0,0
,,,,,,25,2026-02-01 07:03:53.810271,ELEC-day6,0.0,0.0,0.0,,,0,0,0,0,0,0
,,,,,,25,2026-02-01 07:03:53.810271,ELEC-F,0.0,0.0,0.0,,,0,0,0,0,0,0
3.0,1.0,1.0,,You are logged in as a TRADER,,26,2026-02-01 07:03:54.844105,NG,2.19,2.17,2.21,800000.0,800000.0,0,0,0,0,0,0
2.0,1.0,1.0,,FINES,"The fine for open positions of ELEC-dayX at the end of the day is $20,000/contract.",26,2026-02-01 07:03:54.844105,ELEC-day2,0.0,0.0,0.0,,,0,0,0,0,0,0
1.0,1.0,1.0,,Welcome to the RITC2026 GBE Energy Electricity Trading Case - practice server,,26,2026-02-01 07:03:54.844105,ELEC-day3,0.0,0.0,0.0,,,0,0,0,0,0,0
,,,,,,26,2026-02-01 07:03:54.844105,ELEC-day4,0.0,0.0,0.0,,,0,0,0,0,0,0
,,,,,,26,2026-02-01 07:03:54.844105,ELEC-day5,0.0,0.0,0.0,,,0,0,0,0,0,0
,,,,,,26,2026-02-01 07:03:54.844105,ELEC-day6,0.0,0.0,0.0,,,0,0,0,0,0,0
,,,,,,26,2026-02-01 07:03:54.844105,ELEC-F,0.0,0.0,0.0,,,0,0,0,0,0,0
3.0,1.0,1.0,,You are logged in as a TRADER,,27,2026-02-01 07:03:55.864358,NG,2.18,2.16,2.2,800000.0,800000.0,0,0,0,0,0,0
2.0,1.0,1.0,,FINES,"The fine for open positions of ELEC-dayX at the end of the day is $20,000/contract.",27,2026-02-01 07:03:55.864358,ELEC-day2,0.0,0.0,0.0,,,0,0,0,0,0,0
1.0,1.0,1.0,,Welcome to the RITC2026 GBE Energy Electricity Trading Case - practice server,,27,2026-02-01 07:03:55.864358,ELEC-day3,0.0,0.0,0.0,,,0,0,0,0,0,0
,,,,,,27,2026-02-01 07:03:55.864358,ELEC-day4,0.0,0.0,0.0,,,0,0,0,0,0,0
,,,,,,27,2026-02-01 07:03:55.864358,ELEC-day5,0.0,0.0,0.0,,,0,0,0,0,0,0
,,,,,,27,2026-02-01 07:03:55.864358,ELEC-day6,0.0,0.0,0.0,,,0,0,0,0,0,0
,,,,,,27,2026-02-01 07:03:55.864358,ELEC-F,0.0,0.0,0.0,,,0,0,0,0,0,0
3.0,1.0,1.0,,You are logged in as a TRADER,,28,2026-02-01 07:03:56.900456,NG,2.18,2.16,2.2,800000.0,800000.0,0,0,0,0,0,0
2.0,1.0,1.0,,FINES,"The fine for open positions of ELEC-dayX at the end of the day is $20,000/contract.",28,2026-02-01 07:03:56.900456,ELEC-day2,0.0,0.0,0.0,,,0,0,0,0,0,0
1.0,1.0,1.0,,Welcome to the RITC2026 GBE Energy Electricity Trading Case - practice server,,28,2026-02-01 07:03:56.900456,ELEC-day3,0.0,0.0,0.0,,,0,0,0,0,0,0
,,,,,,28,2026-02-01 07:03:56.900456,ELEC-day4,0.0,0.0,0.0,,,0,0,0,0,0,0
,,,,,,28,2026-02-01 07:03:56.900456,ELEC-day5,0.0,0.0,0.0,,,0,0,0,0,0,0
,,,,,,28,2026-02-01 07:03:56.900456,ELEC-day6,0.0,0.0,0.0,,,0,0,0,0,0,0
,,,,,,28,2026-02-01 07:03:56.900456,ELEC-F,0.0,0.0,0.0,,,0,0,0,0,0,0
3.0,1.0,1.0,,You are logged in as a TRADER,,29,2026-02-01 07:03:57.928356,NG,2.18,2.16,2.2,800000.0,800000.0,0,0,0,0,0,0
2.0,1.0,1.0,,FINES,"The fine for open positions of ELEC-dayX at the end of the day is $20,000/contract.",29,2026-02-01 07:03:57.928356,ELEC-day2,0.0,0.0,0.0,,,0,0,0,0,0,0
1.0,1.0,1.0,,Welcome to the RITC2026 GBE Energy Electricity Trading Case - practice server,,29,2026-02-01 07:03:57.928356,ELEC-day3,0.0,0.0,0.0,,,0,0,0,0,0,0
,,,,,,29,2026-02-01 07:03:57.928356,ELEC-day4,0.0,0.0,0.0,,,0,0,0,0,0,0
,,,,,,29,2026-02-01 07:03:57.928356,ELEC-day5,0.0,0.0,0.0,,,0,0,0,0,0,0
,,,,,,29,2026-02-01 07:03:57.928356,ELEC-day6,0.0,0.0,0.0,,,0,0,0,0,0,0
,,,,,,29,2026-02-01 07:03:57.928356,ELEC-F,0.0,0.0,0.0,,,0,0,0,0,0,0
3.0,1.0,1.0,,You are logged in as a TRADER,,31,2026-02-01 07:03:59.028198,NG,2.19,2.17,2.21,800000.0,800000.0,0,0,0,0,0,0
2.0,1.0,1.0,,FINES,"The fine for open positions of ELEC-dayX at the end of the day is $20,000/contract.",31,2026-02-01 07:03:59.028198,ELEC-day2,0.0,0.0,0.0,,,0,0,0,0,0,0
1.0,1.0,1.0,,Welcome to the RITC2026 GBE Energy Electricity Trading Case - practice server,,31,2026-02-01 07:03:59.028198,ELEC-day3,0.0,0.0,0.0,,,0,0,0,0,0,0
,,,,,,31,2026-02-01 07:03:59.028198,ELEC-day4,0.0,0.0,0.0,,,0,0,0,0,0,0
,,,,,,31,2026-02-01 07:03:59.028198,ELEC-day5,0.0,0.0,0.0,,,0,0,0,0,0,0
,,,,,,31,2026-02-01 07:03:59.028198,ELEC-day6,0.0,0.0,0.0,,,0,0,0,0,0,0
,,,,,,31,2026-02-01 07:03:59.028198,ELEC-F,0.0,0.0,0.0,,,0,0,0,0,0,0
3.0,1.0,1.0,,You are logged in as a TRADER,,32,2026-02-01 07:04:00.058970,NG,2.19,2.17,2.21,800000.0,800000.0,0,0,0,0,0,0
2.0,1.0,1.0,,FINES,"The fine for open positions of ELEC-dayX at the end of the day is $20,000/contract.",32,2026-02-01 07:04:00.058970,ELEC-day2,0.0,0.0,0.0,,,0,0,0,0,0,0
1.0,1.0,1.0,,Welcome to the RITC2026 GBE Energy Electricity Trading Case - practice server,,32,2026-02-01 07:04:00.058970,ELEC-day3,0.0,0.0,0.0,,,0,0,0,0,0,0
,,,,,,32,2026-02-01 07:04:00.058970,ELEC-day4,0.0,0.0,0.0,,,0,0,0,0,0,0
,,,,,,32,2026-02-01 07:04:00.058970,ELEC-day5,0.0,0.0,0.0,,,0,0,0,0,0,0
,,,,,,32,2026-02-01 07:04:00.058970,ELEC-day6,0.0,0.0,0.0,,,0,0,0,0,0,0
,,,,,,32,2026-02-01 07:04:00.058970,ELEC-F,0.0,0.0,0.0,,,0,0,0,0,0,0
3.0,1.0,1.0,,You are logged in as a TRADER,,33,2026-02-01 07:04:01.082898,NG,2.19,2.17,2.21,800000.0,800000.0,0,0,0,0,0,0
2.0,1.0,1.0,,FINES,"The fine for open positions of ELEC-dayX at the end of the day is $20,000/contract.",33,2026-02-01 07:04:01.082898,ELEC-day2,0.0,0.0,0.0,,,0,0,0,0,0,0
1.0,1.0,1.0,,Welcome to the RITC2026 GBE Energy Electricity Trading Case - practice server,,33,2026-02-01 07:04:01.082898,ELEC-day3,0.0,0.0,0.0,,,0,0,0,0,0,0
,,,,,,33,2026-02-01 07:04:01.082898,ELEC-day4,0.0,0.0,0.0,,,0,0,0,0,0,0
,,,,,,33,2026-02-01 07:04:01.082898,ELEC-day5,0.0,0.0,0.0,,,0,0,0,0,0,0
,,,,,,33,2026-02-01 07:04:01.082898,ELEC-day6,0.0,0.0,0.0,,,0,0,0,0,0,0
,,,,,,33,2026-02-01 07:04:01.082898,ELEC-F,0.0,0.0,0.0,,,0,0,0,0,0,0
3.0,1.0,1.0,,You are logged in as a TRADER,,34,2026-02-01 07:04:02.123784,NG,2.18,2.16,2.2,800000.0,800000.0,0,0,0,0,0,0
2.0,1.0,1.0,,FINES,"The fine for open positions of ELEC-dayX at the end of the day is $20,000/contract.",34,2026-02-01 07:04:02.123784,ELEC-day2,0.0,0.0,0.0,,,0,0,0,0,0,0
1.0,1.0,1.0,,Welcome to the RITC2026 GBE Energy Electricity Trading Case - practice server,,34,2026-02-01 07:04:02.123784,ELEC-day3,0.0,0.0,0.0,,,0,0,0,0,0,0
,,,,,,34,2026-02-01 07:04:02.123784,ELEC-day4,0.0,0.0,0.0,,,0,0,0,0,0,0
,,,,,,34,2026-02-01 07:04:02.123784,ELEC-day5,0.0,0.0,0.0,,,0,0,0,0,0,0
,,,,,,34,2026-02-01 07:04:02.123784,ELEC-day6,0.0,0.0,0.0,,,0,0,0,0,0,0
,,,,,,34,2026-02-01 07:04:02.123784,ELEC-F,0.0,0.0,0.0,,,0,0,0,0,0,0
3.0,1.0,1.0,,You are logged in as a TRADER,,35,2026-02-01 07:04:03.172648,NG,2.17,2.15,2.19,800000.0,800000.0,0,0,0,0,0,0
2.0,1.0,1.0,,FINES,"The fine for open positions of ELEC-dayX at the end of the day is $20,000/contract.",35,2026-02-01 07:04:03.172648,ELEC-day2,0.0,0.0,0.0,,,0,0,0,0,0,0
1.0,1.0,1.0,,Welcome to the RITC2026 GBE Energy Electricity Trading Case - practice server,,35,2026-02-01 07:04:03.172648,ELEC-day3,0.0,0.0,0.0,,,0,0,0,0,0,0
,,,,,,35,2026-02-01 07:04:03.172648,ELEC-day4,0.0,0.0,0.0,,,0,0,0,0,0,0
,,,,,,35,2026-02-01 07:04:03.172648,ELEC-day5,0.0,0.0,0.0,,,0,0,0,0,0,0
,,,,,,35,2026-02-01 07:04:03.172648,ELEC-day6,0.0,0.0,0.0,,,0,0,0,0,0,0
,,,,,,35,2026-02-01 07:04:03.172648,ELEC-F,0.0,0.0,0.0,,,0,0,0,0,0,0
3.0,1.0,1.0,,You are logged in as a TRADER,,36,2026-02-01 07:04:04.205847,NG,2.16,2.14,2.18,800000.0,800000.0,0,0,0,0,0,0
2.0,1.0,1.0,,FINES,"The fine for open positions of ELEC-dayX at the end of the day is $20,000/contract.",36,2026-02-01 07:04:04.205847,ELEC-day2,0.0,0.0,0.0,,,0,0,0,0,0,0
1.0,1.0,1.0,,Welcome to the RITC2026 GBE Energy Electricity Trading Case - practice server,,36,2026-02-01 07:04:04.205847,ELEC-day3,0.0,0.0,0.0,,,0,0,0,0,0,0
,,,,,,36,2026-02-01 07:04:04.205847,ELEC-day4,0.0,0.0,0.0,,,0,0,0,0,0,0
,,,,,,36,2026-02-01 07:04:04.205847,ELEC-day5,0.0,0.0,0.0,,,0,0,0,0,0,0
,,,,,,36,2026-02-01 07:04:04.205847,ELEC-day6,0.0,0.0,0.0,,,0,0,0,0,0,0
,,,,,,36,2026-02-01 07:04:04.205847,ELEC-F,0.0,0.0,0.0,,,0,0,0,0,0,0
3.0,1.0,1.0,,You are logged in as a TRADER,,37,2026-02-01 07:04:05.240976,NG,2.16,2.14,2.18,800000.0,800000.0,0,0,0,0,0,0
2.0,1.0,1.0,,FINES,"The fine for open positions of ELEC-dayX at the end of the day is $20,000/contract.",37,2026-02-01 07:04:05.240976,ELEC-day2,0.0,0.0,0.0,,,0,0,0,0,0,0
1.0,1.0,1.0,,Welcome to the RITC2026 GBE Energy Electricity Trading Case - practice server,,37,2026-02-01 07:04:05.240976,ELEC-day3,0.0,0.0,0.0,,,0,0,0,0,0,0
,,,,,,37,2026-02-01 07:04:05.240976,ELEC-day4,0.0,0.0,0.0,,,0,0,0,0,0,0
,,,,,,37,2026-02-01 07:04:05.240976,ELEC-day5,0.0,0.0,0.0,,,0,0,0,0,0,0
,,,,,,37,2026-02-01 07:04:05.240976,ELEC-day6,0.0,0.0,0.0,,,0,0,0,0,0,0
,,,,,,37,2026-02-01 07:04:05.240976,ELEC-F,0.0,0.0,0.0,,,0,0,0,0,0,0
3.0,1.0,1.0,,You are logged in as a TRADER,,38,2026-02-01 07:04:06.257904,NG,2.15,2.13,2.17,800000.0,800000.0,0,0,0,0,0,0
2.0,1.0,1.0,,FINES,"The fine for open positions of ELEC-dayX at the end of the day is $20,000/contract.",38,2026-02-01 07:04:06.257904,ELEC-day2,0.0,0.0,0.0,,,0,0,0,0,0,0
1.0,1.0,1.0,,Welcome to the RITC2026 GBE Energy Electricity Trading Case - practice server,,38,2026-02-01 07:04:06.257904,ELEC-day3,0.0,0.0,0.0,,,0,0,0,0,0,0
,,,,,,38,2026-02-01 07:04:06.257904,ELEC-day4,0.0,0.0,0.0,,,0,0,0,0,0,0
,,,,,,38,2026-02-01 07:04:06.257904,ELEC-day5,0.0,0.0,0.0,,,0,0,0,0,0,0
,,,,,,38,2026-02-01 07:04:06.257904,ELEC-day6,0.0,0.0,0.0,,,0,0,0,0,0,0
,,,,,,38,2026-02-01 07:04:06.257904,ELEC-F,0.0,0.0,0.0,,,0,0,0,0,0,0
3.0,1.0,1.0,,You are logged in as a TRADER,,39,2026-02-01 07:04:07.291329,NG,2.16,2.14,2.18,800000.0,800000.0,0,0,0,0,0,0
2.0,1.0,1.0,,FINES,"The fine for open positions of ELEC-dayX at the end of the day is $20,000/contract.",39,2026-02-01 07:04:07.291329,ELEC-day2,0.0,0.0,0.0,,,0,0,0,0,0,0
1.0,1.0,1.0,,Welcome to the RITC2026 GBE Energy Electricity Trading Case - practice server,,39,2026-02-01 07:04:07.291329,ELEC-day3,0.0,0.0,0.0,,,0,0,0,0,0,0
,,,,,,39,2026-02-01 07:04:07.291329,ELEC-day4,0.0,0.0,0.0,,,0,0,0,0,0,0
,,,,,,39,2026-02-01 07:04:07.291329,ELEC-day5,0.0,0.0,0.0,,,0,0,0,0,0,0
,,,,,,39,2026-02-01 07:04:07.291329,ELEC-day6,0.0,0.0,0.0,,,0,0,0,0,0,0
,,,,,,39,2026-02-01 07:04:07.291329,ELEC-F,0.0,0.0,0.0,,,0,0,0,0,0,0
4.0,1.0,39.0,,FACTORY TENDER REPORT,There is increased speculation of small sized factory tenders to BUY electricity from the local market.,40,2026-02-01 07:04:08.325173,NG,2.17,2.15,2.19,800000.0,800000.0,0,0,0,0,0,0
3.0,1.0,1.0,,You are logged in as a TRADER,,40,2026-02-01 07:04:08.325173,ELEC-day2,0.0,0.0,0.0,,,0,0,0,0,0,0
2.0,1.0,1.0,,FINES,"The fine for open positions of ELEC-dayX at the end of the day is $20,000/contract.",40,2026-02-01 07:04:08.325173,ELEC-day3,0.0,0.0,0.0,,,0,0,0,0,0,0
1.0,1.0,1.0,,Welcome to the RITC2026 GBE Energy Electricity Trading Case - practice server,,40,2026-02-01 07:04:08.325173,ELEC-day4,0.0,0.0,0.0,,,0,0,0,0,0,0
,,,,,,40,2026-02-01 07:04:08.325173,ELEC-day5,0.0,0.0,0.0,,,0,0,0,0,0,0
,,,,,,40,2026-02-01 07:04:08.325173,ELEC-day6,0.0,0.0,0.0,,,0,0,0,0,0,0
,,,,,,40,2026-02-01 07:04:08.325173,ELEC-F,0.0,0.0,0.0,,,0,0,0,0,0,0
4.0,1.0,39.0,,FACTORY TENDER REPORT,There is increased speculation of small sized factory tenders to BUY electricity from the local market.,41,2026-02-01 07:04:09.347468,NG,2.16,2.14,2.18,800000.0,800000.0,0,0,0,0,0,0
3.0,1.0,1.0,,You are logged in as a TRADER,,41,2026-02-01 07:04:09.347468,ELEC-day2,0.0,0.0,0.0,,,0,0,0,0,0,0
2.0,1.0,1.0,,FINES,"The fine for open positions of ELEC-dayX at the end of the day is $20,000/contract.",41,2026-02-01 07:04:09.347468,ELEC-day3,0.0,0.0,0.0,,,0,0,0,0,0,0
1.0,1.0,1.0,,Welcome to the RITC2026 GBE Energy Electricity Trading Case - practice server,,41,2026-02-01 07:04:09.347468,ELEC-day4,0.0,0.0,0.0,,,0,0,0,0,0,0
,,,,,,41,2026-02-01 07:04:09.347468,ELEC-day5,0.0,0.0,0.0,,,0,0,0,0,0,0
,,,,,,41,2026-02-01 07:04:09.347468,ELEC-day6,0.0,0.0,0.0,,,0,0,0,0,0,0
,,,,,,41,2026-02-01 07:04:09.347468,ELEC-F,0.0,0.0,0.0,,,0,0,0,0,0,0
4.0,1.0,39.0,,FACTORY TENDER REPORT,There is increased speculation of small sized factory tenders to BUY electricity from the local market.,42,2026-02-01 07:04:10.377193,NG,2.17,2.15,2.19,800000.0,800000.0,0,0,0,0,0,0
3.0,1.0,1.0,,You are logged in as a TRADER,,42,2026-02-01 07:04:10.377193,ELEC-day2,0.0,0.0,0.0,,,0,0,0,0,0,0
2.0,1.0,1.0,,FINES,"The fine for open positions of ELEC-dayX at the end of the day is $20,000/contract.",42,2026-02-01 07:04:10.377193,ELEC-day3,0.0,0.0,0.0,,,0,0,0,0,0,0
1.0,1.0,1.0,,Welcome to the RITC2026 GBE Energy Electricity Trading Case - practice server,,42,2026-02-01 07:04:10.377193,ELEC-day4,0.0,0.0,0.0,,,0,0,0,0,0,0
,,,,,,42,2026-02-01 07:04:10.377193,ELEC-day5,0.0,0.0,0.0,,,0,0,0,0,0,0
,,,,,,42,2026-02-01 07:04:10.377193,ELEC-day6,0.0,0.0,0.0,,,0,0,0,0,0,0
,,,,,,42,2026-02-01 07:04:10.377193,ELEC-F,0.0,0.0,0.0,,,0,0,0,0,0,0
4.0,1.0,39.0,,FACTORY TENDER REPORT,There is increased speculation of small sized factory tenders to BUY electricity from the local market.,43,2026-02-01 07:04:11.402614,NG,2.16,2.14,2.18,800000.0,800000.0,0,0,0,0,0,0
3.0,1.0,1.0,,You are logged in as a TRADER,,43,2026-02-01 07:04:11.402614,ELEC-day2,0.0,0.0,0.0,,,0,0,0,0,0,0
2.0,1.0,1.0,,FINES,"The fine for open positions of ELEC-dayX at the end of the day is $20,000/contract.",43,2026-02-01 07:04:11.402614,ELEC-day3,0.0,0.0,0.0,,,0,0,0,0,0,0
1.0,1.0,1.0,,Welcome to the RITC2026 GBE Energy Electricity Trading Case - practice server,,43,2026-02-01 07:04:11.402614,ELEC-day4,0.0,0.0,0.0,,,0,0,0,0,0,0
,,,,,,43,2026-02-01 07:04:11.402614,ELEC-day5,0.0,0.0,0.0,,,0,0,0,0,0,0
,,,,,,43,2026-02-01 07:04:11.402614,ELEC-day6,0.0,0.0,0.0,,,0,0,0,0,0,0
,,,,,,43,2026-02-01 07:04:11.402614,ELEC-F,0.0,0.0,0.0,,,0,0,0,0,0,0
4.0,1.0,39.0,,FACTORY TENDER REPORT,There is increased speculation of small sized factory tenders to BUY electricity from the local market.,44,2026-02-01 07:04:12.434207,NG,2.17,2.15,2.19,800000.0,800000.0,0,0,0,0,0,0
3.0,1.0,1.0,,You are logged in as a TRADER,,44,2026-02-01 07:04:12.434207,ELEC-day2,0.0,0.0,0.0,,,0,0,0,0,0,0
2.0,1.0,1.0,,FINES,"The fine for open positions of ELEC-dayX at the end of the day is $20,000/contract.",44,2026-02-01 07:04:12.434207,ELEC-day3,0.0,0.0,0.0,,,0,0,0,0,0,0
1.0,1.0,1.0,,Welcome to the RITC2026 GBE Energy Electricity Trading Case - practice server,,44,2026-02-01 07:04:12.434207,ELEC-day4,0.0,0.0,0.0,,,0,0,0,0,0,0
,,,,,,44,2026-02-01 07:04:12.434207,ELEC-day5,0.0,0.0,0.0,,,0,0,0,0,0,0
,,,,,,44,2026-02-01 07:04:12.434207,ELEC-day6,0.0,0.0,0.0,,,0,0,0,0,0,0
,,,,,,44,2026-02-01 07:04:12.434207,ELEC-F,0.0,0.0,0.0,,,0,0,0,0,0,0
4.0,1.0,39.0,,FACTORY TENDER REPORT,There is increased speculation of small sized factory tenders to BUY electricity from the local market.,45,2026-02-01 07:04:13.459844,NG,2.19,2.17,2.21,800000.0,800000.0,0,0,0,0,0,0
3.0,1.0,1.0,,You are logged in as a TRADER,,45,2026-02-01 07:04:13.459844,ELEC-day2,0.0,0.0,0.0,,,0,0,0,0,0,0
2.0,1.0,1.0,,FINES,"The fine for open positions of ELEC-dayX at the end of the day is $20,000/contract.",45,2026-02-01 07:04:13.459844,ELEC-day3,0.0,0.0,0.0,,,0,0,0,0,0,0
1.0,1.0,1.0,,Welcome to the RITC2026 GBE Energy Electricity Trading Case - practice server,,45,2026-02-01 07:04:13.459844,ELEC-day4,0.0,0.0,0.0,,,0,0,0,0,0,0
,,,,,,45,2026-02-01 07:04:13.459844,ELEC-day5,0.0,0.0,0.0,,,0,0,0,0,0,0
,,,,,,45,2026-02-01 07:04:13.459844,ELEC-day6,0.0,0.0,0.0,,,0,0,0,0,0,0
,,,,,,45,2026-02-01 07:04:13.459844,ELEC-F,0.0,0.0,0.0,,,0,0,0,0,0,0
4.0,1.0,39.0,,FACTORY TENDER REPORT,There is increased speculation of small sized factory tenders to BUY electricity from the local market.,46,2026-02-01 07:04:14.490541,NG,2.18,2.16,2.2,800000.0,800000.0,0,0,0,0,0,0
3.0,1.0,1.0,,You are logged in as a TRADER,,46,2026-02-01 07:04:14.490541,ELEC-day2,0.0,0.0,0.0,,,0,0,0,0,0,0
2.0,1.0,1.0,,FINES,"The fine for open positions of ELEC-dayX at the end of the day is $20,000/contract.",46,2026-02-01 07:04:14.490541,ELEC-day3,0.0,0.0,0.0,,,0,0,0,0,0,0
1.0,1.0,1.0,,Welcome to the RITC2026 GBE Energy Electricity Trading Case - practice server,,46,2026-02-01 07:04:14.490541,ELEC-day4,0.0,0.0,0.0,,,0,0,0,0,0,0
,,,,,,46,2026-02-01 07:04:14.490541,ELEC-day5,0.0,0.0,0.0,,,0,0,0,0,0,0
,,,,,,46,2026-02-01 07:04:14.490541,ELEC-day6,0.0,0.0,0.0,,,0,0,0,0,0,0
,,,,,,46,2026-02-01 07:04:14.490541,ELEC-F,0.0,0.0,0.0,,,0,0,0,0,0,0
4.0,1.0,39.0,,FACTORY TENDER REPORT,There is increased speculation of small sized factory tenders to BUY electricity from the local market.,47,2026-02-01 07:04:15.517913,NG,2.19,2.17,2.21,800000.0,800000.0,0,0,0,0,0,0
3.0,1.0,1.0,,You are logged in as a TRADER,,47,2026-02-01 07:04:15.517913,ELEC-day2,0.0,0.0,0.0,,,0,0,0,0,0,0
2.0,1.0,1.0,,FINES,"The fine for open positions of ELEC-dayX at the end of the day is $20,000/contract.",47,2026-02-01 07:04:15.517913,ELEC-day3,0.0,0.0,0.0,,,0,0,0,0,0,0
1.0,1.0,1.0,,Welcome to the RITC2026 GBE Energy Electricity Trading Case - practice server,,47,2026-02-01 07:04:15.517913,ELEC-day4,0.0,0.0,0.0,,,0,0,0,0,0,0
,,,,,,47,2026-02-01 07:04:15.517913,ELEC-day5,0.0,0.0,0.0,,,0,0,0,0,0,0
,,,,,,47,2026-02-01 07:04:15.517913,ELEC-day6,0.0,0.0,0.0,,,0,0,0,0,0,0
,,,,,,47,2026-02-01 07:04:15.517913,ELEC-F,0.0,0.0,0.0,,,0,0,0,0,0,0
4.0,1.0,39.0,,FACTORY TENDER REPORT,There is increased speculation of small sized factory tenders to BUY electricity from the local market.,48,2026-02-01 07:04:16.541354,NG,2.19,2.17,2.21,800000.0,800000.0,0,0,0,0,0,0
3.0,1.0,1.0,,You are logged in as a TRADER,,48,2026-02-01 07:04:16.541354,ELEC-day2,0.0,0.0,0.0,,,0,0,0,0,0,0
2.0,1.0,1.0,,FINES,"The fine for open positions of ELEC-dayX at the end of the day is $20,000/contract.",48,2026-02-01 07:04:16.541354,ELEC-day3,0.0,0.0,0.0,,,0,0,0,0,0,0
1.0,1.0,1.0,,Welcome to the RITC2026 GBE Energy Electricity Trading Case - practice server,,48,2026-02-01 07:04:16.541354,ELEC-day4,0.0,0.0,0.0,,,0,0,0,0,0,0
,,,,,,48,2026-02-01 07:04:16.541354,ELEC-day5,0.0,0.0,0.0,,,0,0,0,0,0,0
,,,,,,48,2026-02-01 07:04:16.541354,ELEC-day6,0.0,0.0,0.0,,,0,0,0,0,0,0
,,,,,,48,2026-02-01 07:04:16.541354,ELEC-F,0.0,0.0,0.0,,,0,0,0,0,0,0
4.0,1.0,39.0,,FACTORY TENDER REPORT,There is increased speculation of small sized factory tenders to BUY electricity from the local market.,49,2026-02-01 07:04:17.573138,NG,2.19,2.17,2.21,800000.0,800000.0,0,0,0,0,0,0
3.0,1.0,1.0,,You are logged in as a TRADER,,49,2026-02-01 07:04:17.573138,ELEC-day2,0.0,0.0,0.0,,,0,0,0,0,0,0
2.0,1.0,1.0,,FINES,"The fine for open positions of ELEC-dayX at the end of the day is $20,000/contract.",49,2026-02-01 07:04:17.573138,ELEC-day3,0.0,0.0,0.0,,,0,0,0,0,0,0
1.0,1.0,1.0,,Welcome to the RITC2026 GBE Energy Electricity Trading Case - practice server,,49,2026-02-01 07:04:17.573138,ELEC-day4,0.0,0.0,0.0,,,0,0,0,0,0,0
,,,,,,49,2026-02-01 07:04:17.573138,ELEC-day5,0.0,0.0,0.0,,,0,0,0,0,0,0
,,,,,,49,2026-02-01 07:04:17.573138,ELEC-day6,0.0,0.0,0.0,,,0,0,0,0,0,0
,,,,,,49,2026-02-01 07:04:17.573138,ELEC-F,0.0,0.0,0.0,,,0,0,0,0,0,0
4.0,1.0,39.0,,FACTORY TENDER REPORT,There is increased speculation of small sized factory tenders to BUY electricity from the local market.,50,2026-02-01 07:04:18.608668,NG,2.2,2.18,2.22,800000.0,800000.0,0,0,0,0,0,0
3.0,1.0,1.0,,You are logged in as a TRADER,,50,2026-02-01 07:04:18.608668,ELEC-day2,0.0,0.0,0.0,,,0,0,0,0,0,0
2.0,1.0,1.0,,FINES,"The fine for open positions of ELEC-dayX at the end of the day is $20,000/contract.",50,2026-02-01 07:04:18.608668,ELEC-day3,0.0,0.0,0.0,,,0,0,0,0,0,0
1.0,1.0,1.0,,Welcome to the RITC2026 GBE Energy Electricity Trading Case - practice server,,50,2026-02-01 07:04:18.608668,ELEC-day4,0.0,0.0,0.0,,,0,0,0,0,0,0
,,,,,,50,2026-02-01 07:04:18.608668,ELEC-day5,0.0,0.0,0.0,,,0,0,0,0,0,0
,,,,,,50,2026-02-01 07:04:18.608668,ELEC-day6,0.0,0.0,0.0,,,0,0,0,0,0,0
,,,,,,50,2026-02-01 07:04:18.608668,ELEC-F,0.0,0.0,0.0,,,0,0,0,0,0,0
4.0,1.0,39.0,,FACTORY TENDER REPORT,There is increased speculation of small sized factory tenders to BUY electricity from the local market.,51,2026-02-01 07:04:19.639615,NG,2.21,2.19,2.23,800000.0,800000.0,0,0,0,0,0,0
3.0,1.0,1.0,,You are logged in as a TRADER,,51,2026-02-01 07:04:19.639615,ELEC-day2,0.0,0.0,0.0,,,0,0,0,0,0,0
2.0,1.0,1.0,,FINES,"The fine for open positions of ELEC-dayX at the end of the day is $20,000/contract.",51,2026-02-01 07:04:19.639615,ELEC-day3,0.0,0.0,0.0,,,0,0,0,0,0,0
1.0,1.0,1.0,,Welcome to the RITC2026 GBE Energy Electricity Trading Case - practice server,,51,2026-02-01 07:04:19.639615,ELEC-day4,0.0,0.0,0.0,,,0,0,0,0,0,0
,,,,,,51,2026-02-01 07:04:19.639615,ELEC-day5,0.0,0.0,0.0,,,0,0,0,0,0,0
,,,,,,51,2026-02-01 07:04:19.639615,ELEC-day6,0.0,0.0,0.0,,,0,0,0,0,0,0
,,,,,,51,2026-02-01 07:04:19.639615,ELEC-F,0.0,0.0,0.0,,,0,0,0,0,0,0
4.0,1.0,39.0,,FACTORY TENDER REPORT,There is increased speculation of small sized factory tenders to BUY electricity from the local market.,52,2026-02-01 07:04:20.675841,NG,2.21,2.19,2.23,800000.0,800000.0,0,0,0,0,0,0
3.0,1.0,1.0,,You are logged in as a TRADER,,52,2026-02-01 07:04:20.675841,ELEC-day2,0.0,0.0,0.0,,,0,0,0,0,0,0
2.0,1.0,1.0,,FINES,"The fine for open positions of ELEC-dayX at the end of the day is $20,000/contract.",52,2026-02-01 07:04:20.675841,ELEC-day3,0.0,0.0,0.0,,,0,0,0,0,0,0
1.0,1.0,1.0,,Welcome to the RITC2026 GBE Energy Electricity Trading Case - practice server,,52,2026-02-01 07:04:20.675841,ELEC-day4,0.0,0.0,0.0,,,0,0,0,0,0,0
,,,,,,52,2026-02-01 07:04:20.675841,ELEC-day5,0.0,0.0,0.0,,,0,0,0,0,0,0
,,,,,,52,2026-02-01 07:04:20.675841,ELEC-day6,0.0,0.0,0.0,,,0,0,0,0,0,0
,,,,,,52,2026-02-01 07:04:20.675841,ELEC-F,0.0,0.0,0.0,,,0,0,0,0,0,0
4.0,1.0,39.0,,FACTORY TENDER REPORT,There is increased speculation of small sized factory tenders to BUY electricity from the local market.,53,2026-02-01 07:04:21.712023,NG,2.2,2.18,2.22,800000.0,800000.0,0,0,0,0,0,0
3.0,1.0,1.0,,You are logged in as a TRADER,,53,2026-02-01 07:04:21.712023,ELEC-day2,0.0,0.0,0.0,,,0,0,0,0,0,0
2.0,1.0,1.0,,FINES,"The fine for open positions of ELEC-dayX at the end of the day is $20,000/contract.",53,2026-02-01 07:04:21.712023,ELEC-day3,0.0,0.0,0.0,,,0,0,0,0,0,0
1.0,1.0,1.0,,Welcome to the RITC2026 GBE Energy Electricity Trading Case - practice server,,53,2026-02-01 07:04:21.712023,ELEC-day4,0.0,0.0,0.0,,,0,0,0,0,0,0
,,,,,,53,2026-02-01 07:04:21.712023,ELEC-day5,0.0,0.0,0.0,,,0,0,0,0,0,0
,,,,,,53,2026-02-01 07:04:21.712023,ELEC-day6,0.0,0.0,0.0,,,0,0,0,0,0,0
,,,,,,53,2026-02-01 07:04:21.712023,ELEC-F,0.0,0.0,0.0,,,0,0,0,0,0,0
4.0,1.0,39.0,,FACTORY TENDER REPORT,There is increased speculation of small sized factory tenders to BUY electricity from the local market.,54,2026-02-01 07:04:22.749632,NG,2.21,2.19,2.23,800000.0,800000.0,0,0,0,0,0,0
3.0,1.0,1.0,,You are logged in as a TRADER,,54,2026-02-01 07:04:22.749632,ELEC-day2,0.0,0.0,0.0,,,0,0,0,0,0,0
2.0,1.0,1.0,,FINES,"The fine for open positions of ELEC-dayX at the end of the day is $20,000/contract.",54,2026-02-01 07:04:22.749632,ELEC-day3,0.0,0.0,0.0,,,0,0,0,0,0,0
1.0,1.0,1.0,,Welcome to the RITC2026 GBE Energy Electricity Trading Case - practice server,,54,2026-02-01 07:04:22.749632,ELEC-day4,0.0,0.0,0.0,,,0,0,0,0,0,0
,,,,,,54,2026-02-01 07:04:22.749632,ELEC-day5,0.0,0.0,0.0,,,0,0,0,0,0,0
,,,,,,54,2026-02-01 07:04:22.749632,ELEC-day6,0.0,0.0,0.0,,,0,0,0,0,0,0
,,,,,,54,2026-02-01 07:04:22.749632,ELEC-F,0.0,0.0,0.0,,,0,0,0,0,0,0
4.0,1.0,39.0,,FACTORY TENDER REPORT,There is increased speculation of small sized factory tenders to BUY electricity from the local market.,55,2026-02-01 07:04:23.796367,NG,2.21,2.19,2.23,800000.0,800000.0,0,0,0,0,0,0
3.0,1.0,1.0,,You are logged in as a TRADER,,55,2026-02-01 07:04:23.796367,ELEC-day2,0.0,0.0,0.0,,,0,0,0,0,0,0
2.0,1.0,1.0,,FINES,"The fine for open positions of ELEC-dayX at the end of the day is $20,000/contract.",55,2026-02-01 07:04:23.796367,ELEC-day3,0.0,0.0,0.0,,,0,0,0,0,0,0
1.0,1.0,1.0,,Welcome to the RITC2026 GBE Energy Electricity Trading Case - practice server,,55,2026-02-01 07:04:23.796367,ELEC-day4,0.0,0.0,0.0,,,0,0,0,0,0,0
,,,,,,55,2026-02-01 07:04:23.796367,ELEC-day5,0.0,0.0,0.0,,,0,0,0,0,0,0
,,,,,,55,2026-02-01 07:04:23.796367,ELEC-day6,0.0,0.0,0.0,,,0,0,0,0,0,0
,,,,,,55,2026-02-01 07:04:23.796367,ELEC-F,0.0,0.0,0.0,,,0,0,0,0,0,0
4.0,1.0,39.0,,FACTORY TENDER REPORT,There is increased speculation of small sized factory tenders to BUY electricity from the local market.,56,2026-02-01 07:04:24.826647,NG,2.2,2.18,2.22,800000.0,800000.0,0,0,0,0,0,0
3.0,1.0,1.0,,You are logged in as a TRADER,,56,2026-02-01 07:04:24.826647,ELEC-day2,0.0,0.0,0.0,,,0,0,0,0,0,0
2.0,1.0,1.0,,FINES,"The fine for open positions of ELEC-dayX at the end of the day is $20,000/contract.",56,2026-02-01 07:04:24.826647,ELEC-day3,0.0,0.0,0.0,,,0,0,0,0,0,0
1.0,1.0,1.0,,Welcome to the RITC2026 GBE Energy Electricity Trading Case - practice server,,56,2026-02-01 07:04:24.826647,ELEC-day4,0.0,0.0,0.0,,,0,0,0,0,0,0
,,,,,,56,2026-02-01 07:04:24.826647,ELEC-day5,0.0,0.0,0.0,,,0,0,0,0,0,0
,,,,,,56,2026-02-01 07:04:24.826647,ELEC-day6,0.0,0.0,0.0,,,0,0,0,0,0,0
,,,,,,56,2026-02-01 07:04:24.826647,ELEC-F,0.0,0.0,0.0,,,0,0,0,0,0,0
4.0,1.0,39.0,,FACTORY TENDER REPORT,There is increased speculation of small sized factory tenders to BUY electricity from the local market.,57,2026-02-01 07:04:25.863352,NG,2.2,2.18,2.22,800000.0,800000.0,0,0,0,0,0,0
3.0,1.0,1.0,,You are logged in as a TRADER,,57,2026-02-01 07:04:25.863352,ELEC-day2,0.0,0.0,0.0,,,0,0,0,0,0,0
2.0,1.0,1.0,,FINES,"The fine for open positions of ELEC-dayX at the end of the day is $20,000/contract.",57,2026-02-01 07:04:25.863352,ELEC-day3,0.0,0.0,0.0,,,0,0,0,0,0,0
1.0,1.0,1.0,,Welcome to the RITC2026 GBE Energy Electricity Trading Case - practice server,,57,2026-02-01 07:04:25.863352,ELEC-day4,0.0,0.0,0.0,,,0,0,0,0,0,0
,,,,,,57,2026-02-01 07:04:25.863352,ELEC-day5,0.0,0.0,0.0,,,0,0,0,0,0,0
,,,,,,57,2026-02-01 07:04:25.863352,ELEC-day6,0.0,0.0,0.0,,,0,0,0,0,0,0
,,,,,,57,2026-02-01 07:04:25.863352,ELEC-F,0.0,0.0,0.0,,,0,0,0,0,0,0
4.0,1.0,39.0,,FACTORY TENDER REPORT,There is increased speculation of small sized factory tenders to BUY electricity from the local market.,58,2026-02-01 07:04:26.885009,NG,2.2,2.18,2.22,800000.0,800000.0,0,0,0,0,0,0
3.0,1.0,1.0,,You are logged in as a TRADER,,58,2026-02-01 07:04:26.885009,ELEC-day2,0.0,0.0,0.0,,,0,0,0,0,0,0
2.0,1.0,1.0,,FINES,"The fine for open positions of ELEC-dayX at the end of the day is $20,000/contract.",58,2026-02-01 07:04:26.885009,ELEC-day3,0.0,0.0,0.0,,,0,0,0,0,0,0
1.0,1.0,1.0,,Welcome to the RITC2026 GBE Energy Electricity Trading Case - practice server,,58,2026-02-01 07:04:26.885009,ELEC-day4,0.0,0.0,0.0,,,0,0,0,0,0,0
,,,,,,58,2026-02-01 07:04:26.885009,ELEC-day5,0.0,0.0,0.0,,,0,0,0,0,0,0
,,,,,,58,2026-02-01 07:04:26.885009,ELEC-day6,0.0,0.0,0.0,,,0,0,0,0,0,0
,,,,,,58,2026-02-01 07:04:26.885009,ELEC-F,0.0,0.0,0.0,,,0,0,0,0,0,0
4.0,1.0,39.0,,FACTORY TENDER REPORT,There is increased speculation of small sized factory tenders to BUY electricity from the local market.,59,2026-02-01 07:04:27.908404,NG,2.2,2.18,2.22,800000.0,800000.0,0,0,0,0,0,0
3.0,1.0,1.0,,You are logged in as a TRADER,,59,2026-02-01 07:04:27.908404,ELEC-day2,0.0,0.0,0.0,,,0,0,0,0,0,0
2.0,1.0,1.0,,FINES,"The fine for open positions of ELEC-dayX at the end of the day is $20,000/contract.",59,2026-02-01 07:04:27.908404,ELEC-day3,0.0,0.0,0.0,,,0,0,0,0,0,0
1.0,1.0,1.0,,Welcome to the RITC2026 GBE Energy Electricity Trading Case - practice server,,59,2026-02-01 07:04:27.908404,ELEC-day4,0.0,0.0,0.0,,,0,0,0,0,0,0
,,,,,,59,2026-02-01 07:04:27.908404,ELEC-day5,0.0,0.0,0.0,,,0,0,0,0,0,0
,,,,,,59,2026-02-01 07:04:27.908404,ELEC-day6,0.0,0.0,0.0,,,0,0,0,0,0,0
,,,,,,59,2026-02-01 07:04:27.908404,ELEC-F,0.0,0.0,0.0,,,0,0,0,0,0,0
4.0,1.0,39.0,,FACTORY TENDER REPORT,There is increased speculation of small sized factory tenders to BUY electricity from the local market.,60,2026-02-01 07:04:28.934592,NG,2.2,2.18,2.22,800000.0,800000.0,0,0,0,0,0,0
3.0,1.0,1.0,,You are logged in as a TRADER,,60,2026-02-01 07:04:28.934592,ELEC-day2,0.0,0.0,0.0,,,0,0,0,0,0,0
2.0,1.0,1.0,,FINES,"The fine for open positions of ELEC-dayX at the end of the day is $20,000/contract.",60,2026-02-01 07:04:28.934592,ELEC-day3,0.0,0.0,0.0,,,0,0,0,0,0,0
1.0,1.0,1.0,,Welcome to the RITC2026 GBE Energy Electricity Trading Case - practice server,,60,2026-02-01 07:04:28.934592,ELEC-day4,0.0,0.0,0.0,,,0,0,0,0,0,0
,,,,,,60,2026-02-01 07:04:28.934592,ELEC-day5,0.0,0.0,0.0,,,0,0,0,0,0,0
,,,,,,60,2026-02-01 07:04:28.934592,ELEC-day6,0.0,0.0,0.0,,,0,0,0,0,0,0
,,,,,,60,2026-02-01 07:04:28.934592,ELEC-F,0.0,0.0,0.0,,,0,0,0,0,0,0
4.0,1.0,39.0,,FACTORY TENDER REPORT,There is increased speculation of small sized factory tenders to BUY electricity from the local market.,61,2026-02-01 07:04:29.970653,NG,2.2,2.18,2.22,800000.0,800000.0,0,0,0,0,0,0
3.0,1.0,1.0,,You are logged in as a TRADER,,61,2026-02-01 07:04:29.970653,ELEC-day2,0.0,0.0,0.0,,,0,0,0,0,0,0
2.0,1.0,1.0,,FINES,"The fine for open positions of ELEC-dayX at the end of the day is $20,000/contract.",61,2026-02-01 07:04:29.970653,ELEC-day3,0.0,0.0,0.0,,,0,0,0,0,0,0
1.0,1.0,1.0,,Welcome to the RITC2026 GBE Energy Electricity Trading Case - practice server,,61,2026-02-01 07:04:29.970653,ELEC-day4,0.0,0.0,0.0,,,0,0,0,0,0,0
,,,,,,61,2026-02-01 07:04:29.970653,ELEC-day5,0.0,0.0,0.0,,,0,0,0,0,0,0
,,,,,,61,2026-02-01 07:04:29.970653,ELEC-day6,0.0,0.0,0.0,,,0,0,0,0,0,0
,,,,,,61,2026-02-01 07:04:29.970653,ELEC-F,0.0,0.0,0.0,,,0,0,0,0,0,0
4.0,1.0,39.0,,FACTORY TENDER REPORT,There is increased speculation of small sized factory tenders to BUY electricity from the local market.,62,2026-02-01 07:04:31.005499,NG,2.21,2.19,2.23,800000.0,800000.0,0,0,0,0,0,0
3.0,1.0,1.0,,You are logged in as a TRADER,,62,2026-02-01 07:04:31.005499,ELEC-day2,0.0,0.0,0.0,,,0,0,0,0,0,0
2.0,1.0,1.0,,FINES,"The fine for open positions of ELEC-dayX at the end of the day is $20,000/contract.",62,2026-02-01 07:04:31.005499,ELEC-day3,0.0,0.0,0.0,,,0,0,0,0,0,0
1.0,1.0,1.0,,Welcome to the RITC2026 GBE Energy Electricity Trading Case - practice server,,62,2026-02-01 07:04:31.005499,ELEC-day4,0.0,0.0,0.0,,,0,0,0,0,0,0
,,,,,,62,2026-02-01 07:04:31.005499,ELEC-day5,0.0,0.0,0.0,,,0,0,0,0,0,0
,,,,,,62,2026-02-01 07:04:31.005499,ELEC-day6,0.0,0.0,0.0,,,0,0,0,0,0,0
,,,,,,62,2026-02-01 07:04:31.005499,ELEC-F,0.0,0.0,0.0,,,0,0,0,0,0,0
4.0,1.0,39.0,,FACTORY TENDER REPORT,There is increased speculation of small sized factory tenders to BUY electricity from the local market.,63,2026-02-01 07:04:32.038298,NG,2.21,2.19,2.23,800000.0,800000.0,0,0,0,0,0,0
3.0,1.0,1.0,,You are logged in as a TRADER,,63,2026-02-01 07:04:32.038298,ELEC-day2,0.0,0.0,0.0,,,0,0,0,0,0,0
2.0,1.0,1.0,,FINES,"The fine for open positions of ELEC-dayX at the end of the day is $20,000/contract.",63,2026-02-01 07:04:32.038298,ELEC-day3,0.0,0.0,0.0,,,0,0,0,0,0,0
1.0,1.0,1.0,,Welcome to the RITC2026 GBE Energy Electricity Trading Case - practice server,,63,2026-02-01 07:04:32.038298,ELEC-day4,0.0,0.0,0.0,,,0,0,0,0,0,0
,,,,,,63,2026-02-01 07:04:32.038298,ELEC-day5,0.0,0.0,0.0,,,0,0,0,0,0,0
,,,,,,63,2026-02-01 07:04:32.038298,ELEC-day6,0.0,0.0,0.0,,,0,0,0,0,0,0
,,,,,,63,2026-02-01 07:04:32.038298,ELEC-F,0.0,0.0,0.0,,,0,0,0,0,0,0
4.0,1.0,39.0,,FACTORY TENDER REPORT,There is increased speculation of small sized factory tenders to BUY electricity from the local market.,64,2026-02-01 07:04:33.076995,NG,2.21,2.19,2.23,800000.0,800000.0,0,0,0,0,0,0
3.0,1.0,1.0,,You are logged in as a TRADER,,64,2026-02-01 07:04:33.076995,ELEC-day2,0.0,0.0,0.0,,,0,0,0,0,0,0
2.0,1.0,1.0,,FINES,"The fine for open positions of ELEC-dayX at the end of the day is $20,000/contract.",64,2026-02-01 07:04:33.076995,ELEC-day3,0.0,0.0,0.0,,,0,0,0,0,0,0
1.0,1.0,1.0,,Welcome to the RITC2026 GBE Energy Electricity Trading Case - practice server,,64,2026-02-01 07:04:33.076995,ELEC-day4,0.0,0.0,0.0,,,0,0,0,0,0,0
,,,,,,64,2026-02-01 07:04:33.076995,ELEC-day5,0.0,0.0,0.0,,,0,0,0,0,0,0
,,,,,,64,2026-02-01 07:04:33.076995,ELEC-day6,0.0,0.0,0.0,,,0,0,0,0,0,0
,,,,,,64,2026-02-01 07:04:33.076995,ELEC-F,0.0,0.0,0.0,,,0,0,0,0,0,0
4.0,1.0,39.0,,FACTORY TENDER REPORT,There is increased speculation of small sized factory tenders to BUY electricity from the local market.,66,2026-02-01 07:04:34.152330,NG,2.22,2.2,2.24,800000.0,800000.0,0,0,0,0,0,0
3.0,1.0,1.0,,You are logged in as a TRADER,,66,2026-02-01 07:04:34.152330,ELEC-day2,0.0,0.0,0.0,,,0,0,0,0,0,0
2.0,1.0,1.0,,FINES,"The fine for open positions of ELEC-dayX at the end of the day is $20,000/contract.",66,2026-02-01 07:04:34.152330,ELEC-day3,0.0,0.0,0.0,,,0,0,0,0,0,0
1.0,1.0,1.0,,Welcome to the RITC2026 GBE Energy Electricity Trading Case - practice server,,66,2026-02-01 07:04:34.152330,ELEC-day4,0.0,0.0,0.0,,,0,0,0,0,0,0
,,,,,,66,2026-02-01 07:04:34.152330,ELEC-day5,0.0,0.0,0.0,,,0,0,0,0,0,0
,,,,,,66,2026-02-01 07:04:34.152330,ELEC-day6,0.0,0.0,0.0,,,0,0,0,0,0,0
,,,,,,66,2026-02-01 07:04:34.152330,ELEC-F,0.0,0.0,0.0,,,0,0,0,0,0,0
4.0,1.0,39.0,,FACTORY TENDER REPORT,There is increased speculation of small sized factory tenders to BUY electricity from the local market.,67,2026-02-01 07:04:35.208391,NG,2.21,2.19,2.23,800000.0,800000.0,0,0,0,0,0,0
3.0,1.0,1.0,,You are logged in as a TRADER,,67,2026-02-01 07:04:35.208391,ELEC-day2,0.0,0.0,0.0,,,0,0,0,0,0,0
2.0,1.0,1.0,,FINES,"The fine for open positions of ELEC-dayX at the end of the day is $20,000/contract.",67,2026-02-01 07:04:35.208391,ELEC-day3,0.0,0.0,0.0,,,0,0,0,0,0,0
1.0,1.0,1.0,,Welcome to the RITC2026 GBE Energy Electricity Trading Case - practice server,,67,2026-02-01 07:04:35.208391,ELEC-day4,0.0,0.0,0.0,,,0,0,0,0,0,0
,,,,,,67,2026-02-01 07:04:35.208391,ELEC-day5,0.0,0.0,0.0,,,0,0,0,0,0,0
,,,,,,67,2026-02-01 07:04:35.208391,ELEC-day6,0.0,0.0,0.0,,,0,0,0,0,0,0
,,,,,,67,2026-02-01 07:04:35.208391,ELEC-F,0.0,0.0,0.0,,,0,0,0,0,0,0
4.0,1.0,39.0,,FACTORY TENDER REPORT,There is increased speculation of small sized factory tenders to BUY electricity from the local market.,68,2026-02-01 07:04:36.243015,NG,2.21,2.19,2.23,800000.0,800000.0,0,0,0,0,0,0
3.0,1.0,1.0,,You are logged in as a TRADER,,68,2026-02-01 07:04:36.243015,ELEC-day2,0.0,0.0,0.0,,,0,0,0,0,0,0
2.0,1.0,1.0,,FINES,"The fine for open positions of ELEC-dayX at the end of the day is $20,000/contract.",68,2026-02-01 07:04:36.243015,ELEC-day3,0.0,0.0,0.0,,,0,0,0,0,0,0
1.0,1.0,1.0,,Welcome to the RITC2026 GBE Energy Electricity Trading Case - practice server,,68,2026-02-01 07:04:36.243015,ELEC-day4,0.0,0.0,0.0,,,0,0,0,0,0,0
,,,,,,68,2026-02-01 07:04:36.243015,ELEC-day5,0.0,0.0,0.0,,,0,0,0,0,0,0
,,,,,,68,2026-02-01 07:04:36.243015,ELEC-day6,0.0,0.0,0.0,,,0,0,0,0,0,0
,,,,,,68,2026-02-01 07:04:36.243015,ELEC-F,0.0,0.0,0.0,,,0,0,0,0,0,0
4.0,1.0,39.0,,FACTORY TENDER REPORT,There is increased speculation of small sized factory tenders to BUY electricity from the local market.,69,2026-02-01 07:04:37.276168,NG,2.2,2.18,2.22,800000.0,800000.0,0,0,0,0,0,0
3.0,1.0,1.0,,You are logged in as a TRADER,,69,2026-02-01 07:04:37.276168,ELEC-day2,0.0,0.0,0.0,,,0,0,0,0,0,0
2.0,1.0,1.0,,FINES,"The fine for open positions of ELEC-dayX at the end of the day is $20,000/contract.",69,2026-02-01 07:04:37.276168,ELEC-day3,0.0,0.0,0.0,,,0,0,0,0,0,0
1.0,1.0,1.0,,Welcome to the RITC2026 GBE Energy Electricity Trading Case - practice server,,69,2026-02-01 07:04:37.276168,ELEC-day4,0.0,0.0,0.0,,,0,0,0,0,0,0
,,,,,,69,2026-02-01 07:04:37.276168,ELEC-day5,0.0,0.0,0.0,,,0,0,0,0,0,0
,,,,,,69,2026-02-01 07:04:37.276168,ELEC-day6,0.0,0.0,0.0,,,0,0,0,0,0,0
,,,,,,69,2026-02-01 07:04:37.276168,ELEC-F,0.0,0.0,0.0,,,0,0,0,0,0,0
4.0,1.0,39.0,,FACTORY TENDER REPORT,There is increased speculation of small sized factory tenders to BUY electricity from the local market.,70,2026-02-01 07:04:38.302266,NG,2.2,2.18,2.22,800000.0,800000.0,0,0,0,0,0,0
3.0,1.0,1.0,,You are logged in as a TRADER,,70,2026-02-01 07:04:38.302266,ELEC-day2,0.0,0.0,0.0,,,0,0,0,0,0,0
2.0,1.0,1.0,,FINES,"The fine for open positions of ELEC-dayX at the end of the day is $20,000/contract.",70,2026-02-01 07:04:38.302266,ELEC-day3,0.0,0.0,0.0,,,0,0,0,0,0,0
1.0,1.0,1.0,,Welcome to the RITC2026 GBE Energy Electricity Trading Case - practice server,,70,2026-02-01 07:04:38.302266,ELEC-day4,0.0,0.0,0.0,,,0,0,0,0,0,0
,,,,,,70,2026-02-01 07:04:38.302266,ELEC-day5,0.0,0.0,0.0,,,0,0,0,0,0,0
,,,,,,70,2026-02-01 07:04:38.302266,ELEC-day6,0.0,0.0,0.0,,,0,0,0,0,0,0
,,,,,,70,2026-02-01 07:04:38.302266,ELEC-F,0.0,0.0,0.0,,,0,0,0,0,0,0
4.0,1.0,39.0,,FACTORY TENDER REPORT,There is increased speculation of small sized factory tenders to BUY electricity from the local market.,71,2026-02-01 07:04:39.329812,NG,2.2,2.18,2.22,800000.0,800000.0,0,0,0,0,0,0
3.0,1.0,1.0,,You are logged in as a TRADER,,71,2026-02-01 07:04:39.329812,ELEC-day2,0.0,0.0,0.0,,,0,0,0,0,0,0
2.0,1.0,1.0,,FINES,"The fine for open positions of ELEC-dayX at the end of the day is $20,000/contract.",71,2026-02-01 07:04:39.329812,ELEC-day3,0.0,0.0,0.0,,,0,0,0,0,0,0
1.0,1.0,1.0,,Welcome to the RITC2026 GBE Energy Electricity Trading Case - practice server,,71,2026-02-01 07:04:39.329812,ELEC-day4,0.0,0.0,0.0,,,0,0,0,0,0,0
,,,,,,71,2026-02-01 07:04:39.329812,ELEC-day5,0.0,0.0,0.0,,,0,0,0,0,0,0
,,,,,,71,2026-02-01 07:04:39.329812,ELEC-day6,0.0,0.0,0.0,,,0,0,0,0,0,0
,,,,,,71,2026-02-01 07:04:39.329812,ELEC-F,0.0,0.0,0.0,,,0,0,0,0,0,0
4.0,1.0,39.0,,FACTORY TENDER REPORT,There is increased speculation of small sized factory tenders to BUY electricity from the local market.,72,2026-02-01 07:04:40.364803,NG,2.2,2.18,2.22,800000.0,800000.0,0,0,0,0,0,0
3.0,1.0,1.0,,You are logged in as a TRADER,,72,2026-02-01 07:04:40.364803,ELEC-day2,0.0,0.0,0.0,,,0,0,0,0,0,0
2.0,1.0,1.0,,FINES,"The fine for open positions of ELEC-dayX at the end of the day is $20,000/contract.",72,2026-02-01 07:04:40.364803,ELEC-day3,0.0,0.0,0.0,,,0,0,0,0,0,0
1.0,1.0,1.0,,Welcome to the RITC2026 GBE Energy Electricity Trading Case - practice server,,72,2026-02-01 07:04:40.364803,ELEC-day4,0.0,0.0,0.0,,,0,0,0,0,0,0
,,,,,,72,2026-02-01 07:04:40.364803,ELEC-day5,0.0,0.0,0.0,,,0,0,0,0,0,0
,,,,,,72,2026-02-01 07:04:40.364803,ELEC-day6,0.0,0.0,0.0,,,0,0,0,0,0,0
,,,,,,72,2026-02-01 07:04:40.364803,ELEC-F,0.0,0.0,0.0,,,0,0,0,0,0,0
4.0,1.0,39.0,,FACTORY TENDER REPORT,There is increased speculation of small sized factory tenders to BUY electricity from the local market.,73,2026-02-01 07:04:41.402903,NG,2.2,2.18,2.22,800000.0,800000.0,0,0,0,0,0,0
3.0,1.0,1.0,,You are logged in as a TRADER,,73,2026-02-01 07:04:41.402903,ELEC-day2,0.0,0.0,0.0,,,0,0,0,0,0,0
2.0,1.0,1.0,,FINES,"The fine for open positions of ELEC-dayX at the end of the day is $20,000/contract.",73,2026-02-01 07:04:41.402903,ELEC-day3,0.0,0.0,0.0,,,0,0,0,0,0,0
1.0,1.0,1.0,,Welcome to the RITC2026 GBE Energy Electricity Trading Case - practice server,,73,2026-02-01 07:04:41.402903,ELEC-day4,0.0,0.0,0.0,,,0,0,0,0,0,0
,,,,,,73,2026-02-01 07:04:41.402903,ELEC-day5,0.0,0.0,0.0,,,0,0,0,0,0,0
,,,,,,73,2026-02-01 07:04:41.402903,ELEC-day6,0.0,0.0,0.0,,,0,0,0,0,0,0
,,,,,,73,2026-02-01 07:04:41.402903,ELEC-F,0.0,0.0,0.0,,,0,0,0,0,0,0
4.0,1.0,39.0,,FACTORY TENDER REPORT,There is increased speculation of small sized factory tenders to BUY electricity from the local market.,74,2026-02-01 07:04:42.430993,NG,2.2,2.18,2.22,800000.0,800000.0,0,0,0,0,0,0
3.0,1.0,1.0,,You are logged in as a TRADER,,74,2026-02-01 07:04:42.430993,ELEC-day2,0.0,0.0,0.0,,,0,0,0,0,0,0
2.0,1.0,1.0,,FINES,"The fine for open positions of ELEC-dayX at the end of the day is $20,000/contract.",74,2026-02-01 07:04:42.430993,ELEC-day3,0.0,0.0,0.0,,,0,0,0,0,0,0
1.0,1.0,1.0,,Welcome to the RITC2026 GBE Energy Electricity Trading Case - practice server,,74,2026-02-01 07:04:42.430993,ELEC-day4,0.0,0.0,0.0,,,0,0,0,0,0,0
,,,,,,74,2026-02-01 07:04:42.430993,ELEC-day5,0.0,0.0,0.0,,,0,0,0,0,0,0
,,,,,,74,2026-02-01 07:04:42.430993,ELEC-day6,0.0,0.0,0.0,,,0,0,0,0,0,0
,,,,,,74,2026-02-01 07:04:42.430993,ELEC-F,0.0,0.0,0.0,,,0,0,0,0,0,0
4.0,1.0,39.0,,FACTORY TENDER REPORT,There is increased speculation of small sized factory tenders to BUY electricity from the local market.,75,2026-02-01 07:04:43.462840,NG,2.21,2.19,2.23,800000.0,800000.0,0,0,0,0,0,0
3.0,1.0,1.0,,You are logged in as a TRADER,,75,2026-02-01 07:04:43.462840,ELEC-day2,0.0,0.0,0.0,,,0,0,0,0,0,0
2.0,1.0,1.0,,FINES,"The fine for open positions of ELEC-dayX at the end of the day is $20,000/contract.",75,2026-02-01 07:04:43.462840,ELEC-day3,0.0,0.0,0.0,,,0,0,0,0,0,0
1.0,1.0,1.0,,Welcome to the RITC2026 GBE Energy Electricity Trading Case - practice server,,75,2026-02-01 07:04:43.462840,ELEC-day4,0.0,0.0,0.0,,,0,0,0,0,0,0
,,,,,,75,2026-02-01 07:04:43.462840,ELEC-day5,0.0,0.0,0.0,,,0,0,0,0,0,0
,,,,,,75,2026-02-01 07:04:43.462840,ELEC-day6,0.0,0.0,0.0,,,0,0,0,0,0,0
,,,,,,75,2026-02-01 07:04:43.462840,ELEC-F,0.0,0.0,0.0,,,0,0,0,0,0,0
4.0,1.0,39.0,,FACTORY TENDER REPORT,There is increased speculation of small sized factory tenders to BUY electricity from the local market.,76,2026-02-01 07:04:44.505421,NG,2.21,2.19,2.23,800000.0,800000.0,0,0,0,0,0,0
3.0,1.0,1.0,,You are logged in as a TRADER,,76,2026-02-01 07:04:44.505421,ELEC-day2,0.0,0.0,0.0,,,0,0,0,0,0,0
2.0,1.0,1.0,,FINES,"The fine for open positions of ELEC-dayX at the end of the day is $20,000/contract.",76,2026-02-01 07:04:44.505421,ELEC-day3,0.0,0.0,0.0,,,0,0,0,0,0,0
1.0,1.0,1.0,,Welcome to the RITC2026 GBE Energy Electricity Trading Case - practice server,,76,2026-02-01 07:04:44.505421,ELEC-day4,0.0,0.0,0.0,,,0,0,0,0,0,0
,,,,,,76,2026-02-01 07:04:44.505421,ELEC-day5,0.0,0.0,0.0,,,0,0,0,0,0,0
,,,,,,76,2026-02-01 07:04:44.505421,ELEC-day6,0.0,0.0,0.0,,,0,0,0,0,0,0
,,,,,,76,2026-02-01 07:04:44.505421,ELEC-F,0.0,0.0,0.0,,,0,0,0,0,0,0
4.0,1.0,39.0,,FACTORY TENDER REPORT,There is increased speculation of small sized factory tenders to BUY electricity from the local market.,77,2026-02-01 07:04:45.539074,NG,2.2,2.18,2.22,800000.0,800000.0,0,0,0,0,0,0
3.0,1.0,1.0,,You are logged in as a TRADER,,77,2026-02-01 07:04:45.539074,ELEC-day2,0.0,0.0,0.0,,,0,0,0,0,0,0
2.0,1.0,1.0,,FINES,"The fine for open positions of ELEC-dayX at the end of the day is $20,000/contract.",77,2026-02-01 07:04:45.539074,ELEC-day3,0.0,0.0,0.0,,,0,0,0,0,0,0
1.0,1.0,1.0,,Welcome to the RITC2026 GBE Energy Electricity Trading Case - practice server,,77,2026-02-01 07:04:45.539074,ELEC-day4,0.0,0.0,0.0,,,0,0,0,0,0,0
,,,,,,77,2026-02-01 07:04:45.539074,ELEC-day5,0.0,0.0,0.0,,,0,0,0,0,0,0
,,,,,,77,2026-02-01 07:04:45.539074,ELEC-day6,0.0,0.0,0.0,,,0,0,0,0,0,0
,,,,,,77,2026-02-01 07:04:45.539074,ELEC-F,0.0,0.0,0.0,,,0,0,0,0,0,0
4.0,1.0,39.0,,FACTORY TENDER REPORT,There is increased speculation of small sized factory tenders to BUY electricity from the local market.,78,2026-02-01 07:04:46.571591,NG,2.21,2.19,2.23,800000.0,800000.0,0,0,0,0,0,0
3.0,1.0,1.0,,You are logged in as a TRADER,,78,2026-02-01 07:04:46.571591,ELEC-day2,0.0,0.0,0.0,,,0,0,0,0,0,0
2.0,1.0,1.0,,FINES,"The fine for open positions of ELEC-dayX at the end of the day is $20,000/contract.",78,2026-02-01 07:04:46.571591,ELEC-day3,0.0,0.0,0.0,,,0,0,0,0,0,0
1.0,1.0,1.0,,Welcome to the RITC2026 GBE Energy Electricity Trading Case - practice server,,78,2026-02-01 07:04:46.571591,ELEC-day4,0.0,0.0,0.0,,,0,0,0,0,0,0
,,,,,,78,2026-02-01 07:04:46.571591,ELEC-day5,0.0,0.0,0.0,,,0,0,0,0,0,0
,,,,,,78,2026-02-01 07:04:46.571591,ELEC-day6,0.0,0.0,0.0,,,0,0,0,0,0,0
,,,,,,78,2026-02-01 07:04:46.571591,ELEC-F,0.0,0.0,0.0,,,0,0,0,0,0,0
4.0,1.0,39.0,,FACTORY TENDER REPORT,There is increased speculation of small sized factory tenders to BUY electricity from the local market.,79,2026-02-01 07:04:47.606038,NG,2.21,2.19,2.23,800000.0,800000.0,0,0,0,0,0,0
3.0,1.0,1.0,,You are logged in as a TRADER,,79,2026-02-01 07:04:47.606038,ELEC-day2,0.0,0.0,0.0,,,0,0,0,0,0,0
2.0,1.0,1.0,,FINES,"The fine for open positions of ELEC-dayX at the end of the day is $20,000/contract.",79,2026-02-01 07:04:47.606038,ELEC-day3,0.0,0.0,0.0,,,0,0,0,0,0,0
1.0,1.0,1.0,,Welcome to the RITC2026 GBE Energy Electricity Trading Case - practice server,,79,2026-02-01 07:04:47.606038,ELEC-day4,0.0,0.0,0.0,,,0,0,0,0,0,0
,,,,,,79,2026-02-01 07:04:47.606038,ELEC-day5,0.0,0.0,0.0,,,0,0,0,0,0,0
,,,,,,79,2026-02-01 07:04:47.606038,ELEC-day6,0.0,0.0,0.0,,,0,0,0,0,0,0
,,,,,,79,2026-02-01 07:04:47.606038,ELEC-F,0.0,0.0,0.0,,,0,0,0,0,0,0
4.0,1.0,39.0,,FACTORY TENDER REPORT,There is increased speculation of small sized factory tenders to BUY electricity from the local market.,80,2026-02-01 07:04:48.643834,NG,2.2,2.18,2.22,800000.0,800000.0,0,0,0,0,0,0
3.0,1.0,1.0,,You are logged in as a TRADER,,80,2026-02-01 07:04:48.643834,ELEC-day2,0.0,0.0,0.0,,,0,0,0,0,0,0
2.0,1.0,1.0,,FINES,"The fine for open positions of ELEC-dayX at the end of the day is $20,000/contract.",80,2026-02-01 07:04:48.643834,ELEC-day3,0.0,0.0,0.0,,,0,0,0,0,0,0
1.0,1.0,1.0,,Welcome to the RITC2026 GBE Energy Electricity Trading Case - practice server,,80,2026-02-01 07:04:48.643834,ELEC-day4,0.0,0.0,0.0,,,0,0,0,0,0,0
,,,,,,80,2026-02-01 07:04:48.643834,ELEC-day5,0.0,0.0,0.0,,,0,0,0,0,0,0
,,,,,,80,2026-02-01 07:04:48.643834,ELEC-day6,0.0,0.0,0.0,,,0,0,0,0,0,0
,,,,,,80,2026-02-01 07:04:48.643834,ELEC-F,0.0,0.0,0.0,,,0,0,0,0,0,0
4.0,1.0,39.0,,FACTORY TENDER REPORT,There is increased speculation of small sized factory tenders to BUY electricity from the local market.,81,2026-02-01 07:04:49.668976,NG,2.2,2.18,2.22,800000.0,800000.0,0,0,0,0,0,0
3.0,1.0,1.0,,You are logged in as a TRADER,,81,2026-02-01 07:04:49.668976,ELEC-day2,0.0,0.0,0.0,,,0,0,0,0,0,0
2.0,1.0,1.0,,FINES,"The fine for open positions of ELEC-dayX at the end of the day is $20,000/contract.",81,2026-02-01 07:04:49.668976,ELEC-day3,0.0,0.0,0.0,,,0,0,0,0,0,0
1.0,1.0,1.0,,Welcome to the RITC2026 GBE Energy Electricity Trading Case - practice server,,81,2026-02-01 07:04:49.668976,ELEC-day4,0.0,0.0,0.0,,,0,0,0,0,0,0
,,,,,,81,2026-02-01 07:04:49.668976,ELEC-day5,0.0,0.0,0.0,,,0,0,0,0,0,0
,,,,,,81,2026-02-01 07:04:49.668976,ELEC-day6,0.0,0.0,0.0,,,0,0,0,0,0,0
,,,,,,81,2026-02-01 07:04:49.668976,ELEC-F,0.0,0.0,0.0,,,0,0,0,0,0,0
4.0,1.0,39.0,,FACTORY TENDER REPORT,There is increased speculation of small sized factory tenders to BUY electricity from the local market.,82,2026-02-01 07:04:50.694585,NG,2.2,2.18,2.22,800000.0,800000.0,0,0,0,0,0,0
3.0,1.0,1.0,,You are logged in as a TRADER,,82,2026-02-01 07:04:50.694585,ELEC-day2,0.0,0.0,0.0,,,0,0,0,0,0,0
2.0,1.0,1.0,,FINES,"The fine for open positions of ELEC-dayX at the end of the day is $20,000/contract.",82,2026-02-01 07:04:50.694585,ELEC-day3,0.0,0.0,0.0,,,0,0,0,0,0,0
1.0,1.0,1.0,,Welcome to the RITC2026 GBE Energy Electricity Trading Case - practice server,,82,2026-02-01 07:04:50.694585,ELEC-day4,0.0,0.0,0.0,,,0,0,0,0,0,0
,,,,,,82,2026-02-01 07:04:50.694585,ELEC-day5,0.0,0.0,0.0,,,0,0,0,0,0,0
,,,,,,82,2026-02-01 07:04:50.694585,ELEC-day6,0.0,0.0,0.0,,,0,0,0,0,0,0
,,,,,,82,2026-02-01 07:04:50.694585,ELEC-F,0.0,0.0,0.0,,,0,0,0,0,0,0
4.0,1.0,39.0,,FACTORY TENDER REPORT,There is increased speculation of small sized factory tenders to BUY electricity from the local market.,83,2026-02-01 07:04:51.722870,NG,2.2,2.18,2.22,800000.0,800000.0,0,0,0,0,0,0
3.0,1.0,1.0,,You are logged in as a TRADER,,83,2026-02-01 07:04:51.722870,ELEC-day2,0.0,0.0,0.0,,,0,0,0,0,0,0
2.0,1.0,1.0,,FINES,"The fine for open positions of ELEC-dayX at the end of the day is $20,000/contract.",83,2026-02-01 07:04:51.722870,ELEC-day3,0.0,0.0,0.0,,,0,0,0,0,0,0
1.0,1.0,1.0,,Welcome to the RITC2026 GBE Energy Electricity Trading Case - practice server,,83,2026-02-01 07:04:51.722870,ELEC-day4,0.0,0.0,0.0,,,0,0,0,0,0,0
,,,,,,83,2026-02-01 07:04:51.722870,ELEC-day5,0.0,0.0,0.0,,,0,0,0,0,0,0
,,,,,,83,2026-02-01 07:04:51.722870,ELEC-day6,0.0,0.0,0.0,,,0,0,0,0,0,0
,,,,,,83,2026-02-01 07:04:51.722870,ELEC-F,0.0,0.0,0.0,,,0,0,0,0,0,0
4.0,1.0,39.0,,FACTORY TENDER REPORT,There is increased speculation of small sized factory tenders to BUY electricity from the local market.,84,2026-02-01 07:04:52.748738,NG,2.2,2.18,2.22,800000.0,800000.0,0,0,0,0,0,0
3.0,1.0,1.0,,You are logged in as a TRADER,,84,2026-02-01 07:04:52.748738,ELEC-day2,0.0,0.0,0.0,,,0,0,0,0,0,0
2.0,1.0,1.0,,FINES,"The fine for open positions of ELEC-dayX at the end of the day is $20,000/contract.",84,2026-02-01 07:04:52.748738,ELEC-day3,0.0,0.0,0.0,,,0,0,0,0,0,0
1.0,1.0,1.0,,Welcome to the RITC2026 GBE Energy Electricity Trading Case - practice server,,84,2026-02-01 07:04:52.748738,ELEC-day4,0.0,0.0,0.0,,,0,0,0,0,0,0
,,,,,,84,2026-02-01 07:04:52.748738,ELEC-day5,0.0,0.0,0.0,,,0,0,0,0,0,0
,,,,,,84,2026-02-01 07:04:52.748738,ELEC-day6,0.0,0.0,0.0,,,0,0,0,0,0,0
,,,,,,84,2026-02-01 07:04:52.748738,ELEC-F,0.0,0.0,0.0,,,0,0,0,0,0,0
4.0,1.0,39.0,,FACTORY TENDER REPORT,There is increased speculation of small sized factory tenders to BUY electricity from the local market.,85,2026-02-01 07:04:53.785357,NG,2.21,2.19,2.23,800000.0,800000.0,0,0,0,0,0,0
3.0,1.0,1.0,,You are logged in as a TRADER,,85,2026-02-01 07:04:53.785357,ELEC-day2,0.0,0.0,0.0,,,0,0,0,0,0,0
2.0,1.0,1.0,,FINES,"The fine for open positions of ELEC-dayX at the end of the day is $20,000/contract.",85,2026-02-01 07:04:53.785357,ELEC-day3,0.0,0.0,0.0,,,0,0,0,0,0,0
1.0,1.0,1.0,,Welcome to the RITC2026 GBE Energy Electricity Trading Case - practice server,,85,2026-02-01 07:04:53.785357,ELEC-day4,0.0,0.0,0.0,,,0,0,0,0,0,0
,,,,,,85,2026-02-01 07:04:53.785357,ELEC-day5,0.0,0.0,0.0,,,0,0,0,0,0,0
,,,,,,85,2026-02-01 07:04:53.785357,ELEC-day6,0.0,0.0,0.0,,,0,0,0,0,0,0
,,,,,,85,2026-02-01 07:04:53.785357,ELEC-F,0.0,0.0,0.0,,,0,0,0,0,0,0
4.0,1.0,39.0,,FACTORY TENDER REPORT,There is increased speculation of small sized factory tenders to BUY electricity from the local market.,86,2026-02-01 07:04:54.813596,NG,2.22,2.2,2.24,800000.0,800000.0,0,0,0,0,0,0
3.0,1.0,1.0,,You are logged in as a TRADER,,86,2026-02-01 07:04:54.813596,ELEC-day2,0.0,0.0,0.0,,,0,0,0,0,0,0
2.0,1.0,1.0,,FINES,"The fine for open positions of ELEC-dayX at the end of the day is $20,000/contract.",86,2026-02-01 07:04:54.813596,ELEC-day3,0.0,0.0,0.0,,,0,0,0,0,0,0
1.0,1.0,1.0,,Welcome to the RITC2026 GBE Energy Electricity Trading Case - practice server,,86,2026-02-01 07:04:54.813596,ELEC-day4,0.0,0.0,0.0,,,0,0,0,0,0,0
,,,,,,86,2026-02-01 07:04:54.813596,ELEC-day5,0.0,0.0,0.0,,,0,0,0,0,0,0
,,,,,,86,2026-02-01 07:04:54.813596,ELEC-day6,0.0,0.0,0.0,,,0,0,0,0,0,0
,,,,,,86,2026-02-01 07:04:54.813596,ELEC-F,0.0,0.0,0.0,,,0,0,0,0,0,0
4.0,1.0,39.0,,FACTORY TENDER REPORT,There is increased speculation of small sized factory tenders to BUY electricity from the local market.,87,2026-02-01 07:04:55.843746,NG,2.24,2.22,2.26,800000.0,800000.0,0,0,0,0,0,0
3.0,1.0,1.0,,You are logged in as a TRADER,,87,2026-02-01 07:04:55.843746,ELEC-day2,0.0,0.0,0.0,,,0,0,0,0,0,0
2.0,1.0,1.0,,FINES,"The fine for open positions of ELEC-dayX at the end of the day is $20,000/contract.",87,2026-02-01 07:04:55.843746,ELEC-day3,0.0,0.0,0.0,,,0,0,0,0,0,0
1.0,1.0,1.0,,Welcome to the RITC2026 GBE Energy Electricity Trading Case - practice server,,87,2026-02-01 07:04:55.843746,ELEC-day4,0.0,0.0,0.0,,,0,0,0,0,0,0
,,,,,,87,2026-02-01 07:04:55.843746,ELEC-day5,0.0,0.0,0.0,,,0,0,0,0,0,0
,,,,,,87,2026-02-01 07:04:55.843746,ELEC-day6,0.0,0.0,0.0,,,0,0,0,0,0,0
,,,,,,87,2026-02-01 07:04:55.843746,ELEC-F,0.0,0.0,0.0,,,0,0,0,0,0,0
4.0,1.0,39.0,,FACTORY TENDER REPORT,There is increased speculation of small sized factory tenders to BUY electricity from the local market.,88,2026-02-01 07:04:56.882085,NG,2.24,2.22,2.26,800000.0,800000.0,0,0,0,0,0,0
3.0,1.0,1.0,,You are logged in as a TRADER,,88,2026-02-01 07:04:56.882085,ELEC-day2,0.0,0.0,0.0,,,0,0,0,0,0,0
2.0,1.0,1.0,,FINES,"The fine for open positions of ELEC-dayX at the end of the day is $20,000/contract.",88,2026-02-01 07:04:56.882085,ELEC-day3,0.0,0.0,0.0,,,0,0,0,0,0,0
1.0,1.0,1.0,,Welcome to the RITC2026 GBE Energy Electricity Trading Case - practice server,,88,2026-02-01 07:04:56.882085,ELEC-day4,0.0,0.0,0.0,,,0,0,0,0,0,0
,,,,,,88,2026-02-01 07:04:56.882085,ELEC-day5,0.0,0.0,0.0,,,0,0,0,0,0,0
,,,,,,88,2026-02-01 07:04:56.882085,ELEC-day6,0.0,0.0,0.0,,,0,0,0,0,0,0
,,,,,,88,2026-02-01 07:04:56.882085,ELEC-F,0.0,0.0,0.0,,,0,0,0,0,0,0
4.0,1.0,39.0,,FACTORY TENDER REPORT,There is increased speculation of small sized factory tenders to BUY electricity from the local market.,89,2026-02-01 07:04:57.906289,NG,2.24,2.22,2.26,800000.0,800000.0,0,0,0,0,0,0
3.0,1.0,1.0,,You are logged in as a TRADER,,89,2026-02-01 07:04:57.906289,ELEC-day2,0.0,0.0,0.0,,,0,0,0,0,0,0
2.0,1.0,1.0,,FINES,"The fine for open positions of ELEC-dayX at the end of the day is $20,000/contract.",89,2026-02-01 07:04:57.906289,ELEC-day3,0.0,0.0,0.0,,,0,0,0,0,0,0
1.0,1.0,1.0,,Welcome to the RITC2026 GBE Energy Electricity Trading Case - practice server,,89,2026-02-01 07:04:57.906289,ELEC-day4,0.0,0.0,0.0,,,0,0,0,0,0,0
,,,,,,89,2026-02-01 07:04:57.906289,ELEC-day5,0.0,0.0,0.0,,,0,0,0,0,0,0
,,,,,,89,2026-02-01 07:04:57.906289,ELEC-day6,0.0,0.0,0.0,,,0,0,0,0,0,0
,,,,,,89,2026-02-01 07:04:57.906289,ELEC-F,0.0,0.0,0.0,,,0,0,0,0,0,0
4.0,1.0,39.0,,FACTORY TENDER REPORT,There is increased speculation of small sized factory tenders to BUY electricity from the local market.,90,2026-02-01 07:04:58.934784,NG,2.24,2.22,2.26,800000.0,800000.0,0,0,0,0,0,0
3.0,1.0,1.0,,You are logged in as a TRADER,,90,2026-02-01 07:04:58.934784,ELEC-day2,0.0,0.0,0.0,,,0,0,0,0,0,0
2.0,1.0,1.0,,FINES,"The fine for open positions of ELEC-dayX at the end of the day is $20,000/contract.",90,2026-02-01 07:04:58.934784,ELEC-day3,0.0,0.0,0.0,,,0,0,0,0,0,0
1.0,1.0,1.0,,Welcome to the RITC2026 GBE Energy Electricity Trading Case - practice server,,90,2026-02-01 07:04:58.934784,ELEC-day4,0.0,0.0,0.0,,,0,0,0,0,0,0
,,,,,,90,2026-02-01 07:04:58.934784,ELEC-day5,0.0,0.0,0.0,,,0,0,0,0,0,0
,,,,,,90,2026-02-01 07:04:58.934784,ELEC-day6,0.0,0.0,0.0,,,0,0,0,0,0,0
,,,,,,90,2026-02-01 07:04:58.934784,ELEC-F,0.0,0.0,0.0,,,0,0,0,0,0,0
4.0,1.0,39.0,,FACTORY TENDER REPORT,There is increased speculation of small sized factory tenders to BUY electricity from the local market.,91,2026-02-01 07:04:59.963656,NG,2.24,2.22,2.26,800000.0,800000.0,0,0,0,0,0,0
3.0,1.0,1.0,,You are logged in as a TRADER,,91,2026-02-01 07:04:59.963656,ELEC-day2,0.0,0.0,0.0,,,0,0,0,0,0,0
2.0,1.0,1.0,,FINES,"The fine for open positions of ELEC-dayX at the end of the day is $20,000/contract.",91,2026-02-01 07:04:59.963656,ELEC-day3,0.0,0.0,0.0,,,0,0,0,0,0,0
1.0,1.0,1.0,,Welcome to the RITC2026 GBE Energy Electricity Trading Case - practice server,,91,2026-02-01 07:04:59.963656,ELEC-day4,0.0,0.0,0.0,,,0,0,0,0,0,0
,,,,,,91,2026-02-01 07:04:59.963656,ELEC-day5,0.0,0.0,0.0,,,0,0,0,0,0,0
,,,,,,91,2026-02-01 07:04:59.963656,ELEC-day6,0.0,0.0,0.0,,,0,0,0,0,0,0
,,,,,,91,2026-02-01 07:04:59.963656,ELEC-F,0.0,0.0,0.0,,,0,0,0,0,0,0
4.0,1.0,39.0,,FACTORY TENDER REPORT,There is increased speculation of small sized factory tenders to BUY electricity from the local market.,92,2026-02-01 07:05:00.988552,NG,2.24,2.22,2.26,800000.0,800000.0,0,0,0,0,0,0
3.0,1.0,1.0,,You are logged in as a TRADER,,92,2026-02-01 07:05:00.988552,ELEC-day2,0.0,0.0,0.0,,,0,0,0,0,0,0
2.0,1.0,1.0,,FINES,"The fine for open positions of ELEC-dayX at the end of the day is $20,000/contract.",92,2026-02-01 07:05:00.988552,ELEC-day3,0.0,0.0,0.0,,,0,0,0,0,0,0
1.0,1.0,1.0,,Welcome to the RITC2026 GBE Energy Electricity Trading Case - practice server,,92,2026-02-01 07:05:00.988552,ELEC-day4,0.0,0.0,0.0,,,0,0,0,0,0,0
,,,,,,92,2026-02-01 07:05:00.988552,ELEC-day5,0.0,0.0,0.0,,,0,0,0,0,0,0
,,,,,,92,2026-02-01 07:05:00.988552,ELEC-day6,0.0,0.0,0.0,,,0,0,0,0,0,0
,,,,,,92,2026-02-01 07:05:00.988552,ELEC-F,0.0,0.0,0.0,,,0,0,0,0,0,0
4.0,1.0,39.0,,FACTORY TENDER REPORT,There is increased speculation of small sized factory tenders to BUY electricity from the local market.,93,2026-02-01 07:05:02.034754,NG,2.23,2.21,2.25,800000.0,800000.0,0,0,0,0,0,0
3.0,1.0,1.0,,You are logged in as a TRADER,,93,2026-02-01 07:05:02.034754,ELEC-day2,0.0,0.0,0.0,,,0,0,0,0,0,0
2.0,1.0,1.0,,FINES,"The fine for open positions of ELEC-dayX at the end of the day is $20,000/contract.",93,2026-02-01 07:05:02.034754,ELEC-day3,0.0,0.0,0.0,,,0,0,0,0,0,0
1.0,1.0,1.0,,Welcome to the RITC2026 GBE Energy Electricity Trading Case - practice server,,93,2026-02-01 07:05:02.034754,ELEC-day4,0.0,0.0,0.0,,,0,0,0,0,0,0
,,,,,,93,2026-02-01 07:05:02.034754,ELEC-day5,0.0,0.0,0.0,,,0,0,0,0,0,0
,,,,,,93,2026-02-01 07:05:02.034754,ELEC-day6,0.0,0.0,0.0,,,0,0,0,0,0,0
,,,,,,93,2026-02-01 07:05:02.034754,ELEC-F,0.0,0.0,0.0,,,0,0,0,0,0,0
4.0,1.0,39.0,,FACTORY TENDER REPORT,There is increased speculation of small sized factory tenders to BUY electricity from the local market.,94,2026-02-01 07:05:03.063996,NG,2.24,2.22,2.26,800000.0,800000.0,0,0,0,0,0,0
3.0,1.0,1.0,,You are logged in as a TRADER,,94,2026-02-01 07:05:03.063996,ELEC-day2,0.0,0.0,0.0,,,0,0,0,0,0,0
2.0,1.0,1.0,,FINES,"The fine for open positions of ELEC-dayX at the end of the day is $20,000/contract.",94,2026-02-01 07:05:03.063996,ELEC-day3,0.0,0.0,0.0,,,0,0,0,0,0,0
1.0,1.0,1.0,,Welcome to the RITC2026 GBE Energy Electricity Trading Case - practice server,,94,2026-02-01 07:05:03.063996,ELEC-day4,0.0,0.0,0.0,,,0,0,0,0,0,0
,,,,,,94,2026-02-01 07:05:03.063996,ELEC-day5,0.0,0.0,0.0,,,0,0,0,0,0,0
,,,,,,94,2026-02-01 07:05:03.063996,ELEC-day6,0.0,0.0,0.0,,,0,0,0,0,0,0
,,,,,,94,2026-02-01 07:05:03.063996,ELEC-F,0.0,0.0,0.0,,,0,0,0,0,0,0
4.0,1.0,39.0,,FACTORY TENDER REPORT,There is increased speculation of small sized factory tenders to BUY electricity from the local market.,95,2026-02-01 07:05:04.102705,NG,2.24,2.22,2.26,800000.0,800000.0,0,0,0,0,0,0
3.0,1.0,1.0,,You are logged in as a TRADER,,95,2026-02-01 07:05:04.102705,ELEC-day2,0.0,0.0,0.0,,,0,0,0,0,0,0
2.0,1.0,1.0,,FINES,"The fine for open positions of ELEC-dayX at the end of the day is $20,000/contract.",95,2026-02-01 07:05:04.102705,ELEC-day3,0.0,0.0,0.0,,,0,0,0,0,0,0
1.0,1.0,1.0,,Welcome to the RITC2026 GBE Energy Electricity Trading Case - practice server,,95,2026-02-01 07:05:04.102705,ELEC-day4,0.0,0.0,0.0,,,0,0,0,0,0,0
,,,,,,95,2026-02-01 07:05:04.102705,ELEC-day5,0.0,0.0,0.0,,,0,0,0,0,0,0
,,,,,,95,2026-02-01 07:05:04.102705,ELEC-day6,0.0,0.0,0.0,,,0,0,0,0,0,0
,,,,,,95,2026-02-01 07:05:04.102705,ELEC-F,0.0,0.0,0.0,,,0,0,0,0,0,0
4.0,1.0,39.0,,FACTORY TENDER REPORT,There is increased speculation of small sized factory tenders to BUY electricity from the local market.,96,2026-02-01 07:05:05.144552,NG,2.24,2.22,2.26,800000.0,800000.0,0,0,0,0,0,0
3.0,1.0,1.0,,You are logged in as a TRADER,,96,2026-02-01 07:05:05.144552,ELEC-day2,0.0,0.0,0.0,,,0,0,0,0,0,0
2.0,1.0,1.0,,FINES,"The fine for open positions of ELEC-dayX at the end of the day is $20,000/contract.",96,2026-02-01 07:05:05.144552,ELEC-day3,0.0,0.0,0.0,,,0,0,0,0,0,0
1.0,1.0,1.0,,Welcome to the RITC2026 GBE Energy Electricity Trading Case - practice server,,96,2026-02-01 07:05:05.144552,ELEC-day4,0.0,0.0,0.0,,,0,0,0,0,0,0
,,,,,,96,2026-02-01 07:05:05.144552,ELEC-day5,0.0,0.0,0.0,,,0,0,0,0,0,0
,,,,,,96,2026-02-01 07:05:05.144552,ELEC-day6,0.0,0.0,0.0,,,0,0,0,0,0,0
,,,,,,96,2026-02-01 07:05:05.144552,ELEC-F,0.0,0.0,0.0,,,0,0,0,0,0,0
4.0,1.0,39.0,,FACTORY TENDER REPORT,There is increased speculation of small sized factory tenders to BUY electricity from the local market.,97,2026-02-01 07:05:06.166588,NG,2.24,2.22,2.26,800000.0,800000.0,0,0,0,0,0,0
3.0,1.0,1.0,,You are logged in as a TRADER,,97,2026-02-01 07:05:06.166588,ELEC-day2,0.0,0.0,0.0,,,0,0,0,0,0,0
2.0,1.0,1.0,,FINES,"The fine for open positions of ELEC-dayX at the end of the day is $20,000/contract.",97,2026-02-01 07:05:06.166588,ELEC-day3,0.0,0.0,0.0,,,0,0,0,0,0,0
1.0,1.0,1.0,,Welcome to the RITC2026 GBE Energy Electricity Trading Case - practice server,,97,2026-02-01 07:05:06.166588,ELEC-day4,0.0,0.0,0.0,,,0,0,0,0,0,0
,,,,,,97,2026-02-01 07:05:06.166588,ELEC-day5,0.0,0.0,0.0,,,0,0,0,0,0,0
,,,,,,97,2026-02-01 07:05:06.166588,ELEC-day6,0.0,0.0,0.0,,,0,0,0,0,0,0
,,,,,,97,2026-02-01 07:05:06.166588,ELEC-F,0.0,0.0,0.0,,,0,0,0,0,0,0
4.0,1.0,39.0,,FACTORY TENDER REPORT,There is increased speculation of small sized factory tenders to BUY electricity from the local market.,98,2026-02-01 07:05:07.192306,NG,2.25,2.23,2.27,800000.0,800000.0,0,0,0,0,0,0
3.0,1.0,1.0,,You are logged in as a TRADER,,98,2026-02-01 07:05:07.192306,ELEC-day2,0.0,0.0,0.0,,,0,0,0,0,0,0
2.0,1.0,1.0,,FINES,"The fine for open positions of ELEC-dayX at the end of the day is $20,000/contract.",98,2026-02-01 07:05:07.192306,ELEC-day3,0.0,0.0,0.0,,,0,0,0,0,0,0
1.0,1.0,1.0,,Welcome to the RITC2026 GBE Energy Electricity Trading Case - practice server,,98,2026-02-01 07:05:07.192306,ELEC-day4,0.0,0.0,0.0,,,0,0,0,0,0,0
,,,,,,98,2026-02-01 07:05:07.192306,ELEC-day5,0.0,0.0,0.0,,,0,0,0,0,0,0
,,,,,,98,2026-02-01 07:05:07.192306,ELEC-day6,0.0,0.0,0.0,,,0,0,0,0,0,0
,,,,,,98,2026-02-01 07:05:07.192306,ELEC-F,0.0,0.0,0.0,,,0,0,0,0,0,0
4.0,1.0,39.0,,FACTORY TENDER REPORT,There is increased speculation of small sized factory tenders to BUY electricity from the local market.,99,2026-02-01 07:05:08.228099,NG,2.26,2.24,2.28,800000.0,800000.0,0,0,0,0,0,0
3.0,1.0,1.0,,You are logged in as a TRADER,,99,2026-02-01 07:05:08.228099,ELEC-day2,0.0,0.0,0.0,,,0,0,0,0,0,0
2.0,1.0,1.0,,FINES,"The fine for open positions of ELEC-dayX at the end of the day is $20,000/contract.",99,2026-02-01 07:05:08.228099,ELEC-day3,0.0,0.0,0.0,,,0,0,0,0,0,0
1.0,1.0,1.0,,Welcome to the RITC2026 GBE Energy Electricity Trading Case - practice server,,99,2026-02-01 07:05:08.228099,ELEC-day4,0.0,0.0,0.0,,,0,0,0,0,0,0
,,,,,,99,2026-02-01 07:05:08.228099,ELEC-day5,0.0,0.0,0.0,,,0,0,0,0,0,0
,,,,,,99,2026-02-01 07:05:08.228099,ELEC-day6,0.0,0.0,0.0,,,0,0,0,0,0,0
,,,,,,99,2026-02-01 07:05:08.228099,ELEC-F,0.0,0.0,0.0,,,0,0,0,0,0,0
4.0,1.0,39.0,,FACTORY TENDER REPORT,There is increased speculation of small sized factory tenders to BUY electricity from the local market.,100,2026-02-01 07:05:09.262187,NG,2.25,2.23,2.27,800000.0,800000.0,0,0,0,0,0,0
3.0,1.0,1.0,,You are logged in as a TRADER,,100,2026-02-01 07:05:09.262187,ELEC-day2,0.0,0.0,0.0,,,0,0,0,0,0,0
2.0,1.0,1.0,,FINES,"The fine for open positions of ELEC-dayX at the end of the day is $20,000/contract.",100,2026-02-01 07:05:09.262187,ELEC-day3,0.0,0.0,0.0,,,0,0,0,0,0,0
1.0,1.0,1.0,,Welcome to the RITC2026 GBE Energy Electricity Trading Case - practice server,,100,2026-02-01 07:05:09.262187,ELEC-day4,0.0,0.0,0.0,,,0,0,0,0,0,0
,,,,,,100,2026-02-01 07:05:09.262187,ELEC-day5,0.0,0.0,0.0,,,0,0,0,0,0,0
,,,,,,100,2026-02-01 07:05:09.262187,ELEC-day6,0.0,0.0,0.0,,,0,0,0,0,0,0
,,,,,,100,2026-02-01 07:05:09.262187,ELEC-F,0.0,0.0,0.0,,,0,0,0,0,0,0
4.0,1.0,39.0,,FACTORY TENDER REPORT,There is increased speculation of small sized factory tenders to BUY electricity from the local market.,102,2026-02-01 07:05:10.372562,NG,2.25,2.23,2.27,800000.0,800000.0,0,0,0,0,0,0
3.0,1.0,1.0,,You are logged in as a TRADER,,102,2026-02-01 07:05:10.372562,ELEC-day2,0.0,0.0,0.0,,,0,0,0,0,0,0
2.0,1.0,1.0,,FINES,"The fine for open positions of ELEC-dayX at the end of the day is $20,000/contract.",102,2026-02-01 07:05:10.372562,ELEC-day3,0.0,0.0,0.0,,,0,0,0,0,0,0
1.0,1.0,1.0,,Welcome to the RITC2026 GBE Energy Electricity Trading Case - practice server,,102,2026-02-01 07:05:10.372562,ELEC-day4,0.0,0.0,0.0,,,0,0,0,0,0,0
,,,,,,102,2026-02-01 07:05:10.372562,ELEC-day5,0.0,0.0,0.0,,,0,0,0,0,0,0
,,,,,,102,2026-02-01 07:05:10.372562,ELEC-day6,0.0,0.0,0.0,,,0,0,0,0,0,0
,,,,,,102,2026-02-01 07:05:10.372562,ELEC-F,0.0,0.0,0.0,,,0,0,0,0,0,0
4.0,1.0,39.0,,FACTORY TENDER REPORT,There is increased speculation of small sized factory tenders to BUY electricity from the local market.,103,2026-02-01 07:05:11.414106,NG,2.24,2.22,2.26,800000.0,800000.0,0,0,0,0,0,0
3.0,1.0,1.0,,You are logged in as a TRADER,,103,2026-02-01 07:05:11.414106,ELEC-day2,0.0,0.0,0.0,,,0,0,0,0,0,0
2.0,1.0,1.0,,FINES,"The fine for open positions of ELEC-dayX at the end of the day is $20,000/contract.",103,2026-02-01 07:05:11.414106,ELEC-day3,0.0,0.0,0.0,,,0,0,0,0,0,0
1.0,1.0,1.0,,Welcome to the RITC2026 GBE Energy Electricity Trading Case - practice server,,103,2026-02-01 07:05:11.414106,ELEC-day4,0.0,0.0,0.0,,,0,0,0,0,0,0
,,,,,,103,2026-02-01 07:05:11.414106,ELEC-day5,0.0,0.0,0.0,,,0,0,0,0,0,0
,,,,,,103,2026-02-01 07:05:11.414106,ELEC-day6,0.0,0.0,0.0,,,0,0,0,0,0,0
,,,,,,103,2026-02-01 07:05:11.414106,ELEC-F,0.0,0.0,0.0,,,0,0,0,0,0,0
4.0,1.0,39.0,,FACTORY TENDER REPORT,There is increased speculation of small sized factory tenders to BUY electricity from the local market.,104,2026-02-01 07:05:12.448244,NG,2.24,2.22,2.26,800000.0,800000.0,0,0,0,0,0,0
3.0,1.0,1.0,,You are logged in as a TRADER,,104,2026-02-01 07:05:12.448244,ELEC-day2,0.0,0.0,0.0,,,0,0,0,0,0,0
2.0,1.0,1.0,,FINES,"The fine for open positions of ELEC-dayX at the end of the day is $20,000/contract.",104,2026-02-01 07:05:12.448244,ELEC-day3,0.0,0.0,0.0,,,0,0,0,0,0,0
1.0,1.0,1.0,,Welcome to the RITC2026 GBE Energy Electricity Trading Case - practice server,,104,2026-02-01 07:05:12.448244,ELEC-day4,0.0,0.0,0.0,,,0,0,0,0,0,0
,,,,,,104,2026-02-01 07:05:12.448244,ELEC-day5,0.0,0.0,0.0,,,0,0,0,0,0,0
,,,,,,104,2026-02-01 07:05:12.448244,ELEC-day6,0.0,0.0,0.0,,,0,0,0,0,0,0
,,,,,,104,2026-02-01 07:05:12.448244,ELEC-F,0.0,0.0,0.0,,,0,0,0,0,0,0
4.0,1.0,39.0,,FACTORY TENDER REPORT,There is increased speculation of small sized factory tenders to BUY electricity from the local market.,105,2026-02-01 07:05:13.465125,NG,2.25,2.23,2.27,800000.0,800000.0,0,0,0,0,0,0
3.0,1.0,1.0,,You are logged in as a TRADER,,105,2026-02-01 07:05:13.465125,ELEC-day2,0.0,0.0,0.0,,,0,0,0,0,0,0
2.0,1.0,1.0,,FINES,"The fine for open positions of ELEC-dayX at the end of the day is $20,000/contract.",105,2026-02-01 07:05:13.465125,ELEC-day3,0.0,0.0,0.0,,,0,0,0,0,0,0
1.0,1.0,1.0,,Welcome to the RITC2026 GBE Energy Electricity Trading Case - practice server,,105,2026-02-01 07:05:13.465125,ELEC-day4,0.0,0.0,0.0,,,0,0,0,0,0,0
,,,,,,105,2026-02-01 07:05:13.465125,ELEC-day5,0.0,0.0,0.0,,,0,0,0,0,0,0
,,,,,,105,2026-02-01 07:05:13.465125,ELEC-day6,0.0,0.0,0.0,,,0,0,0,0,0,0
,,,,,,105,2026-02-01 07:05:13.465125,ELEC-F,0.0,0.0,0.0,,,0,0,0,0,0,0
4.0,1.0,39.0,,FACTORY TENDER REPORT,There is increased speculation of small sized factory tenders to BUY electricity from the local market.,106,2026-02-01 07:05:14.500664,NG,2.25,2.23,2.27,800000.0,800000.0,0,0,0,0,0,0
3.0,1.0,1.0,,You are logged in as a TRADER,,106,2026-02-01 07:05:14.500664,ELEC-day2,0.0,0.0,0.0,,,0,0,0,0,0,0
2.0,1.0,1.0,,FINES,"The fine for open positions of ELEC-dayX at the end of the day is $20,000/contract.",106,2026-02-01 07:05:14.500664,ELEC-day3,0.0,0.0,0.0,,,0,0,0,0,0,0
1.0,1.0,1.0,,Welcome to the RITC2026 GBE Energy Electricity Trading Case - practice server,,106,2026-02-01 07:05:14.500664,ELEC-day4,0.0,0.0,0.0,,,0,0,0,0,0,0
,,,,,,106,2026-02-01 07:05:14.500664,ELEC-day5,0.0,0.0,0.0,,,0,0,0,0,0,0
,,,,,,106,2026-02-01 07:05:14.500664,ELEC-day6,0.0,0.0,0.0,,,0,0,0,0,0,0
,,,,,,106,2026-02-01 07:05:14.500664,ELEC-F,0.0,0.0,0.0,,,0,0,0,0,0,0
4.0,1.0,39.0,,FACTORY TENDER REPORT,There is increased speculation of small sized factory tenders to BUY electricity from the local market.,107,2026-02-01 07:05:15.537039,NG,2.26,2.24,2.28,800000.0,800000.0,0,0,0,0,0,0
3.0,1.0,1.0,,You are logged in as a TRADER,,107,2026-02-01 07:05:15.537039,ELEC-day2,0.0,0.0,0.0,,,0,0,0,0,0,0
2.0,1.0,1.0,,FINES,"The fine for open positions of ELEC-dayX at the end of the day is $20,000/contract.",107,2026-02-01 07:05:15.537039,ELEC-day3,0.0,0.0,0.0,,,0,0,0,0,0,0
1.0,1.0,1.0,,Welcome to the RITC2026 GBE Energy Electricity Trading Case - practice server,,107,2026-02-01 07:05:15.537039,ELEC-day4,0.0,0.0,0.0,,,0,0,0,0,0,0
,,,,,,107,2026-02-01 07:05:15.537039,ELEC-day5,0.0,0.0,0.0,,,0,0,0,0,0,0
,,,,,,107,2026-02-01 07:05:15.537039,ELEC-day6,0.0,0.0,0.0,,,0,0,0,0,0,0
,,,,,,107,2026-02-01 07:05:15.537039,ELEC-F,0.0,0.0,0.0,,,0,0,0,0,0,0
4.0,1.0,39.0,,FACTORY TENDER REPORT,There is increased speculation of small sized factory tenders to BUY electricity from the local market.,108,2026-02-01 07:05:16.562373,NG,2.26,2.24,2.28,800000.0,800000.0,0,0,0,0,0,0
3.0,1.0,1.0,,You are logged in as a TRADER,,108,2026-02-01 07:05:16.562373,ELEC-day2,0.0,0.0,0.0,,,0,0,0,0,0,0
2.0,1.0,1.0,,FINES,"The fine for open positions of ELEC-dayX at the end of the day is $20,000/contract.",108,2026-02-01 07:05:16.562373,ELEC-day3,0.0,0.0,0.0,,,0,0,0,0,0,0
1.0,1.0,1.0,,Welcome to the RITC2026 GBE Energy Electricity Trading Case - practice server,,108,2026-02-01 07:05:16.562373,ELEC-day4,0.0,0.0,0.0,,,0,0,0,0,0,0
,,,,,,108,2026-02-01 07:05:16.562373,ELEC-day5,0.0,0.0,0.0,,,0,0,0,0,0,0
,,,,,,108,2026-02-01 07:05:16.562373,ELEC-day6,0.0,0.0,0.0,,,0,0,0,0,0,0
,,,,,,108,2026-02-01 07:05:16.562373,ELEC-F,0.0,0.0,0.0,,,0,0,0,0,0,0
4.0,1.0,39.0,,FACTORY TENDER REPORT,There is increased speculation of small sized factory tenders to BUY electricity from the local market.,109,2026-02-01 07:05:17.589862,NG,2.25,2.23,2.27,800000.0,800000.0,0,0,0,0,0,0
3.0,1.0,1.0,,You are logged in as a TRADER,,109,2026-02-01 07:05:17.589862,ELEC-day2,0.0,0.0,0.0,,,0,0,0,0,0,0
2.0,1.0,1.0,,FINES,"The fine for open positions of ELEC-dayX at the end of the day is $20,000/contract.",109,2026-02-01 07:05:17.589862,ELEC-day3,0.0,0.0,0.0,,,0,0,0,0,0,0
1.0,1.0,1.0,,Welcome to the RITC2026 GBE Energy Electricity Trading Case - practice server,,109,2026-02-01 07:05:17.589862,ELEC-day4,0.0,0.0,0.0,,,0,0,0,0,0,0
,,,,,,109,2026-02-01 07:05:17.589862,ELEC-day5,0.0,0.0,0.0,,,0,0,0,0,0,0
,,,,,,109,2026-02-01 07:05:17.589862,ELEC-day6,0.0,0.0,0.0,,,0,0,0,0,0,0
,,,,,,109,2026-02-01 07:05:17.589862,ELEC-F,0.0,0.0,0.0,,,0,0,0,0,0,0
4.0,1.0,39.0,,FACTORY TENDER REPORT,There is increased speculation of small sized factory tenders to BUY electricity from the local market.,110,2026-02-01 07:05:18.621184,NG,2.25,2.23,2.27,800000.0,800000.0,0,0,0,0,0,0
3.0,1.0,1.0,,You are logged in as a TRADER,,110,2026-02-01 07:05:18.621184,ELEC-day2,0.0,0.0,0.0,,,0,0,0,0,0,0
2.0,1.0,1.0,,FINES,"The fine for open positions of ELEC-dayX at the end of the day is $20,000/contract.",110,2026-02-01 07:05:18.621184,ELEC-day3,0.0,0.0,0.0,,,0,0,0,0,0,0
1.0,1.0,1.0,,Welcome to the RITC2026 GBE Energy Electricity Trading Case - practice server,,110,2026-02-01 07:05:18.621184,ELEC-day4,0.0,0.0,0.0,,,0,0,0,0,0,0
,,,,,,110,2026-02-01 07:05:18.621184,ELEC-day5,0.0,0.0,0.0,,,0,0,0,0,0,0
,,,,,,110,2026-02-01 07:05:18.621184,ELEC-day6,0.0,0.0,0.0,,,0,0,0,0,0,0
,,,,,,110,2026-02-01 07:05:18.621184,ELEC-F,0.0,0.0,0.0,,,0,0,0,0,0,0
4.0,1.0,39.0,,FACTORY TENDER REPORT,There is increased speculation of small sized factory tenders to BUY electricity from the local market.,111,2026-02-01 07:05:19.657522,NG,2.26,2.24,2.28,800000.0,800000.0,0,0,0,0,0,0
3.0,1.0,1.0,,You are logged in as a TRADER,,111,2026-02-01 07:05:19.657522,ELEC-day2,0.0,0.0,0.0,,,0,0,0,0,0,0
2.0,1.0,1.0,,FINES,"The fine for open positions of ELEC-dayX at the end of the day is $20,000/contract.",111,2026-02-01 07:05:19.657522,ELEC-day3,0.0,0.0,0.0,,,0,0,0,0,0,0
1.0,1.0,1.0,,Welcome to the RITC2026 GBE Energy Electricity Trading Case - practice server,,111,2026-02-01 07:05:19.657522,ELEC-day4,0.0,0.0,0.0,,,0,0,0,0,0,0
,,,,,,111,2026-02-01 07:05:19.657522,ELEC-day5,0.0,0.0,0.0,,,0,0,0,0,0,0
,,,,,,111,2026-02-01 07:05:19.657522,ELEC-day6,0.0,0.0,0.0,,,0,0,0,0,0,0
,,,,,,111,2026-02-01 07:05:19.657522,ELEC-F,0.0,0.0,0.0,,,0,0,0,0,0,0
4.0,1.0,39.0,,FACTORY TENDER REPORT,There is increased speculation of small sized factory tenders to BUY electricity from the local market.,112,2026-02-01 07:05:20.689625,NG,2.26,2.24,2.28,800000.0,800000.0,0,0,0,0,0,0
3.0,1.0,1.0,,You are logged in as a TRADER,,112,2026-02-01 07:05:20.689625,ELEC-day2,0.0,0.0,0.0,,,0,0,0,0,0,0
2.0,1.0,1.0,,FINES,"The fine for open positions of ELEC-dayX at the end of the day is $20,000/contract.",112,2026-02-01 07:05:20.689625,ELEC-day3,0.0,0.0,0.0,,,0,0,0,0,0,0
1.0,1.0,1.0,,Welcome to the RITC2026 GBE Energy Electricity Trading Case - practice server,,112,2026-02-01 07:05:20.689625,ELEC-day4,0.0,0.0,0.0,,,0,0,0,0,0,0
,,,,,,112,2026-02-01 07:05:20.689625,ELEC-day5,0.0,0.0,0.0,,,0,0,0,0,0,0
,,,,,,112,2026-02-01 07:05:20.689625,ELEC-day6,0.0,0.0,0.0,,,0,0,0,0,0,0
,,,,,,112,2026-02-01 07:05:20.689625,ELEC-F,0.0,0.0,0.0,,,0,0,0,0,0,0
4.0,1.0,39.0,,FACTORY TENDER REPORT,There is increased speculation of small sized factory tenders to BUY electricity from the local market.,113,2026-02-01 07:05:21.708290,NG,2.28,2.26,2.3,800000.0,800000.0,0,0,0,0,0,0
3.0,1.0,1.0,,You are logged in as a TRADER,,113,2026-02-01 07:05:21.708290,ELEC-day2,0.0,0.0,0.0,,,0,0,0,0,0,0
2.0,1.0,1.0,,FINES,"The fine for open positions of ELEC-dayX at the end of the day is $20,000/contract.",113,2026-02-01 07:05:21.708290,ELEC-day3,0.0,0.0,0.0,,,0,0,0,0,0,0
1.0,1.0,1.0,,Welcome to the RITC2026 GBE Energy Electricity Trading Case - practice server,,113,2026-02-01 07:05:21.708290,ELEC-day4,0.0,0.0,0.0,,,0,0,0,0,0,0
,,,,,,113,2026-02-01 07:05:21.708290,ELEC-day5,0.0,0.0,0.0,,,0,0,0,0,0,0
,,,,,,113,2026-02-01 07:05:21.708290,ELEC-day6,0.0,0.0,0.0,,,0,0,0,0,0,0
,,,,,,113,2026-02-01 07:05:21.708290,ELEC-F,0.0,0.0,0.0,,,0,0,0,0,0,0
4.0,1.0,39.0,,FACTORY TENDER REPORT,There is increased speculation of small sized factory tenders to BUY electricity from the local market.,114,2026-02-01 07:05:22.742499,NG,2.27,2.25,2.29,800000.0,800000.0,0,0,0,0,0,0
3.0,1.0,1.0,,You are logged in as a TRADER,,114,2026-02-01 07:05:22.742499,ELEC-day2,0.0,0.0,0.0,,,0,0,0,0,0,0
2.0,1.0,1.0,,FINES,"The fine for open positions of ELEC-dayX at the end of the day is $20,000/contract.",114,2026-02-01 07:05:22.742499,ELEC-day3,0.0,0.0,0.0,,,0,0,0,0,0,0
1.0,1.0,1.0,,Welcome to the RITC2026 GBE Energy Electricity Trading Case - practice server,,114,2026-02-01 07:05:22.742499,ELEC-day4,0.0,0.0,0.0,,,0,0,0,0,0,0
,,,,,,114,2026-02-01 07:05:22.742499,ELEC-day5,0.0,0.0,0.0,,,0,0,0,0,0,0
,,,,,,114,2026-02-01 07:05:22.742499,ELEC-day6,0.0,0.0,0.0,,,0,0,0,0,0,0
,,,,,,114,2026-02-01 07:05:22.742499,ELEC-F,0.0,0.0,0.0,,,0,0,0,0,0,0
4.0,1.0,39.0,,FACTORY TENDER REPORT,There is increased speculation of small sized factory tenders to BUY electricity from the local market.,115,2026-02-01 07:05:23.771305,NG,2.26,2.24,2.28,800000.0,800000.0,0,0,0,0,0,0
3.0,1.0,1.0,,You are logged in as a TRADER,,115,2026-02-01 07:05:23.771305,ELEC-day2,0.0,0.0,0.0,,,0,0,0,0,0,0
2.0,1.0,1.0,,FINES,"The fine for open positions of ELEC-dayX at the end of the day is $20,000/contract.",115,2026-02-01 07:05:23.771305,ELEC-day3,0.0,0.0,0.0,,,0,0,0,0,0,0
1.0,1.0,1.0,,Welcome to the RITC2026 GBE Energy Electricity Trading Case - practice server,,115,2026-02-01 07:05:23.771305,ELEC-day4,0.0,0.0,0.0,,,0,0,0,0,0,0
,,,,,,115,2026-02-01 07:05:23.771305,ELEC-day5,0.0,0.0,0.0,,,0,0,0,0,0,0
,,,,,,115,2026-02-01 07:05:23.771305,ELEC-day6,0.0,0.0,0.0,,,0,0,0,0,0,0
,,,,,,115,2026-02-01 07:05:23.771305,ELEC-F,0.0,0.0,0.0,,,0,0,0,0,0,0
4.0,1.0,39.0,,FACTORY TENDER REPORT,There is increased speculation of small sized factory tenders to BUY electricity from the local market.,116,2026-02-01 07:05:24.799604,NG,2.26,2.24,2.28,800000.0,800000.0,0,0,0,0,0,0
3.0,1.0,1.0,,You are logged in as a TRADER,,116,2026-02-01 07:05:24.799604,ELEC-day2,0.0,0.0,0.0,,,0,0,0,0,0,0
2.0,1.0,1.0,,FINES,"The fine for open positions of ELEC-dayX at the end of the day is $20,000/contract.",116,2026-02-01 07:05:24.799604,ELEC-day3,0.0,0.0,0.0,,,0,0,0,0,0,0
1.0,1.0,1.0,,Welcome to the RITC2026 GBE Energy Electricity Trading Case - practice server,,116,2026-02-01 07:05:24.799604,ELEC-day4,0.0,0.0,0.0,,,0,0,0,0,0,0
,,,,,,116,2026-02-01 07:05:24.799604,ELEC-day5,0.0,0.0,0.0,,,0,0,0,0,0,0
,,,,,,116,2026-02-01 07:05:24.799604,ELEC-day6,0.0,0.0,0.0,,,0,0,0,0,0,0
,,,,,,116,2026-02-01 07:05:24.799604,ELEC-F,0.0,0.0,0.0,,,0,0,0,0,0,0
4.0,1.0,39.0,,FACTORY TENDER REPORT,There is increased speculation of small sized factory tenders to BUY electricity from the local market.,117,2026-02-01 07:05:25.832929,NG,2.27,2.25,2.29,800000.0,800000.0,0,0,0,0,0,0
3.0,1.0,1.0,,You are logged in as a TRADER,,117,2026-02-01 07:05:25.832929,ELEC-day2,0.0,0.0,0.0,,,0,0,0,0,0,0
2.0,1.0,1.0,,FINES,"The fine for open positions of ELEC-dayX at the end of the day is $20,000/contract.",117,2026-02-01 07:05:25.832929,ELEC-day3,0.0,0.0,0.0,,,0,0,0,0,0,0
1.0,1.0,1.0,,Welcome to the RITC2026 GBE Energy Electricity Trading Case - practice server,,117,2026-02-01 07:05:25.832929,ELEC-day4,0.0,0.0,0.0,,,0,0,0,0,0,0
,,,,,,117,2026-02-01 07:05:25.832929,ELEC-day5,0.0,0.0,0.0,,,0,0,0,0,0,0
,,,,,,117,2026-02-01 07:05:25.832929,ELEC-day6,0.0,0.0,0.0,,,0,0,0,0,0,0
,,,,,,117,2026-02-01 07:05:25.832929,ELEC-F,0.0,0.0,0.0,,,0,0,0,0,0,0
4.0,1.0,39.0,,FACTORY TENDER REPORT,There is increased speculation of small sized factory tenders to BUY electricity from the local market.,118,2026-02-01 07:05:26.874354,NG,2.27,2.25,2.29,800000.0,800000.0,0,0,0,0,0,0
3.0,1.0,1.0,,You are logged in as a TRADER,,118,2026-02-01 07:05:26.874354,ELEC-day2,0.0,0.0,0.0,,,0,0,0,0,0,0
2.0,1.0,1.0,,FINES,"The fine for open positions of ELEC-dayX at the end of the day is $20,000/contract.",118,2026-02-01 07:05:26.874354,ELEC-day3,0.0,0.0,0.0,,,0,0,0,0,0,0
1.0,1.0,1.0,,Welcome to the RITC2026 GBE Energy Electricity Trading Case - practice server,,118,2026-02-01 07:05:26.874354,ELEC-day4,0.0,0.0,0.0,,,0,0,0,0,0,0
,,,,,,118,2026-02-01 07:05:26.874354,ELEC-day5,0.0,0.0,0.0,,,0,0,0,0,0,0
,,,,,,118,2026-02-01 07:05:26.874354,ELEC-day6,0.0,0.0,0.0,,,0,0,0,0,0,0
,,,,,,118,2026-02-01 07:05:26.874354,ELEC-F,0.0,0.0,0.0,,,0,0,0,0,0,0
4.0,1.0,39.0,,FACTORY TENDER REPORT,There is increased speculation of small sized factory tenders to BUY electricity from the local market.,119,2026-02-01 07:05:27.899479,NG,2.27,2.25,2.29,800000.0,800000.0,0,0,0,0,0,0
3.0,1.0,1.0,,You are logged in as a TRADER,,119,2026-02-01 07:05:27.899479,ELEC-day2,0.0,0.0,0.0,,,0,0,0,0,0,0
2.0,1.0,1.0,,FINES,"The fine for open positions of ELEC-dayX at the end of the day is $20,000/contract.",119,2026-02-01 07:05:27.899479,ELEC-day3,0.0,0.0,0.0,,,0,0,0,0,0,0
1.0,1.0,1.0,,Welcome to the RITC2026 GBE Energy Electricity Trading Case - practice server,,119,2026-02-01 07:05:27.899479,ELEC-day4,0.0,0.0,0.0,,,0,0,0,0,0,0
,,,,,,119,2026-02-01 07:05:27.899479,ELEC-day5,0.0,0.0,0.0,,,0,0,0,0,0,0
,,,,,,119,2026-02-01 07:05:27.899479,ELEC-day6,0.0,0.0,0.0,,,0,0,0,0,0,0
,,,,,,119,2026-02-01 07:05:27.899479,ELEC-F,0.0,0.0,0.0,,,0,0,0,0,0,0
4.0,1.0,39.0,,FACTORY TENDER REPORT,There is increased speculation of small sized factory tenders to BUY electricity from the local market.,120,2026-02-01 07:05:28.932591,NG,2.26,2.24,2.28,800000.0,800000.0,0,0,0,0,0,0
3.0,1.0,1.0,,You are logged in as a TRADER,,120,2026-02-01 07:05:28.932591,ELEC-day2,0.0,0.0,0.0,,,0,0,0,0,0,0
2.0,1.0,1.0,,FINES,"The fine for open positions of ELEC-dayX at the end of the day is $20,000/contract.",120,2026-02-01 07:05:28.932591,ELEC-day3,0.0,0.0,0.0,,,0,0,0,0,0,0
1.0,1.0,1.0,,Welcome to the RITC2026 GBE Energy Electricity Trading Case - practice server,,120,2026-02-01 07:05:28.932591,ELEC-day4,0.0,0.0,0.0,,,0,0,0,0,0,0
,,,,,,120,2026-02-01 07:05:28.932591,ELEC-day5,0.0,0.0,0.0,,,0,0,0,0,0,0
,,,,,,120,2026-02-01 07:05:28.932591,ELEC-day6,0.0,0.0,0.0,,,0,0,0,0,0,0
,,,,,,120,2026-02-01 07:05:28.932591,ELEC-F,0.0,0.0,0.0,,,0,0,0,0,0,0
4.0,1.0,39.0,,FACTORY TENDER REPORT,There is increased speculation of small sized factory tenders to BUY electricity from the local market.,121,2026-02-01 07:05:29.968594,NG,2.26,2.24,2.28,800000.0,800000.0,0,0,0,0,0,0
3.0,1.0,1.0,,You are logged in as a TRADER,,121,2026-02-01 07:05:29.968594,ELEC-day2,0.0,0.0,0.0,,,0,0,0,0,0,0
2.0,1.0,1.0,,FINES,"The fine for open positions of ELEC-dayX at the end of the day is $20,000/contract.",121,2026-02-01 07:05:29.968594,ELEC-day3,0.0,0.0,0.0,,,0,0,0,0,0,0
1.0,1.0,1.0,,Welcome to the RITC2026 GBE Energy Electricity Trading Case - practice server,,121,2026-02-01 07:05:29.968594,ELEC-day4,0.0,0.0,0.0,,,0,0,0,0,0,0
,,,,,,121,2026-02-01 07:05:29.968594,ELEC-day5,0.0,0.0,0.0,,,0,0,0,0,0,0
,,,,,,121,2026-02-01 07:05:29.968594,ELEC-day6,0.0,0.0,0.0,,,0,0,0,0,0,0
,,,,,,121,2026-02-01 07:05:29.968594,ELEC-F,0.0,0.0,0.0,,,0,0,0,0,0,0
4.0,1.0,39.0,,FACTORY TENDER REPORT,There is increased speculation of small sized factory tenders to BUY electricity from the local market.,122,2026-02-01 07:05:30.988445,NG,2.25,2.23,2.27,800000.0,800000.0,0,0,0,0,0,0
3.0,1.0,1.0,,You are logged in as a TRADER,,122,2026-02-01 07:05:30.988445,ELEC-day2,0.0,0.0,0.0,,,0,0,0,0,0,0
2.0,1.0,1.0,,FINES,"The fine for open positions of ELEC-dayX at the end of the day is $20,000/contract.",122,2026-02-01 07:05:30.988445,ELEC-day3,0.0,0.0,0.0,,,0,0,0,0,0,0
1.0,1.0,1.0,,Welcome to the RITC2026 GBE Energy Electricity Trading Case - practice server,,122,2026-02-01 07:05:30.988445,ELEC-day4,0.0,0.0,0.0,,,0,0,0,0,0,0
,,,,,,122,2026-02-01 07:05:30.988445,ELEC-day5,0.0,0.0,0.0,,,0,0,0,0,0,0
,,,,,,122,2026-02-01 07:05:30.988445,ELEC-day6,0.0,0.0,0.0,,,0,0,0,0,0,0
,,,,,,122,2026-02-01 07:05:30.988445,ELEC-F,0.0,0.0,0.0,,,0,0,0,0,0,0
4.0,1.0,39.0,,FACTORY TENDER REPORT,There is increased speculation of small sized factory tenders to BUY electricity from the local market.,123,2026-02-01 07:05:32.022110,NG,2.25,2.23,2.27,800000.0,800000.0,0,0,0,0,0,0
3.0,1.0,1.0,,You are logged in as a TRADER,,123,2026-02-01 07:05:32.022110,ELEC-day2,0.0,0.0,0.0,,,0,0,0,0,0,0
2.0,1.0,1.0,,FINES,"The fine for open positions of ELEC-dayX at the end of the day is $20,000/contract.",123,2026-02-01 07:05:32.022110,ELEC-day3,0.0,0.0,0.0,,,0,0,0,0,0,0
1.0,1.0,1.0,,Welcome to the RITC2026 GBE Energy Electricity Trading Case - practice server,,123,2026-02-01 07:05:32.022110,ELEC-day4,0.0,0.0,0.0,,,0,0,0,0,0,0
,,,,,,123,2026-02-01 07:05:32.022110,ELEC-day5,0.0,0.0,0.0,,,0,0,0,0,0,0
,,,,,,123,2026-02-01 07:05:32.022110,ELEC-day6,0.0,0.0,0.0,,,0,0,0,0,0,0
,,,,,,123,2026-02-01 07:05:32.022110,ELEC-F,0.0,0.0,0.0,,,0,0,0,0,0,0
4.0,1.0,39.0,,FACTORY TENDER REPORT,There is increased speculation of small sized factory tenders to BUY electricity from the local market.,124,2026-02-01 07:05:33.053297,NG,2.25,2.23,2.27,800000.0,800000.0,0,0,0,0,0,0
3.0,1.0,1.0,,You are logged in as a TRADER,,124,2026-02-01 07:05:33.053297,ELEC-day2,0.0,0.0,0.0,,,0,0,0,0,0,0
2.0,1.0,1.0,,FINES,"The fine for open positions of ELEC-dayX at the end of the day is $20,000/contract.",124,2026-02-01 07:05:33.053297,ELEC-day3,0.0,0.0,0.0,,,0,0,0,0,0,0
1.0,1.0,1.0,,Welcome to the RITC2026 GBE Energy Electricity Trading Case - practice server,,124,2026-02-01 07:05:33.053297,ELEC-day4,0.0,0.0,0.0,,,0,0,0,0,0,0
,,,,,,124,2026-02-01 07:05:33.053297,ELEC-day5,0.0,0.0,0.0,,,0,0,0,0,0,0
,,,,,,124,2026-02-01 07:05:33.053297,ELEC-day6,0.0,0.0,0.0,,,0,0,0,0,0,0
,,,,,,124,2026-02-01 07:05:33.053297,ELEC-F,0.0,0.0,0.0,,,0,0,0,0,0,0
4.0,1.0,39.0,,FACTORY TENDER REPORT,There is increased speculation of small sized factory tenders to BUY electricity from the local market.,125,2026-02-01 07:05:34.089898,NG,2.25,2.23,2.27,800000.0,800000.0,0,0,0,0,0,0
