tick,timestamp,ticker,last_price,bid_price,ask_price,BUY_ANON,SELL_ANON,SELL_BOST-3
0,2026-02-01 08:21:28.340447,RITC,10.02,0.0,10.02,202600.0,201200.0,0
0,2026-02-01 08:21:28.340447,COMP,0.0,25.02,0.0,132000.0,138800.0,0
1.0,1.0,1.0,,Welcome to the RITC 2026 Liquidity Risk Case - practice server,Good Luck!,1,2026-02-01 08:21:29.358863,RITC,10.02,10.0,10.02,204400.0,201700.0,0
,,,,,,1,2026-02-01 08:21:29.358863,COMP,25.03,25.02,25.03,132000.0,138800.0,0
1.0,1.0,1.0,,Welcome to the RITC 2026 Liquidity Risk Case - practice server,Good Luck!,2,2026-02-01 08:21:30.386533,RITC,10.02,10.01,10.02,203900.0,192900.0,0
,,,,,,2,2026-02-01 08:21:30.386533,COMP,25.03,25.02,25.03,133400.0,139500.0,0
1.0,1.0,1.0,,Welcome to the RITC 2026 Liquidity Risk Case - practice server,Good Luck!,3,2026-02-01 08:21:31.407619,RITC,10.02,10.01,10.02,203600.0,181800.0,0
,,,,,,3,2026-02-01 08:21:31.407619,COMP,25.03,25.02,25.03,134100.0,139500.0,0
1.0,1.0,1.0,,Welcome to the RITC 2026 Liquidity Risk Case - practice server,Good Luck!,4,2026-02-01 08:21:32.432616,RITC,10.03,10.01,10.03,200700.0,171500.0,0
,,,,,,4,2026-02-01 08:21:32.432616,COMP,25.04,25.02,25.04,135700.0,138600.0,0
1.0,1.0,1.0,,Welcome to the RITC 2026 Liquidity Risk Case - practice server,Good Luck!,5,2026-02-01 08:21:33.456130,RITC,10.03,10.01,10.03,200700.0,162000.0,0
,,,,,,5,2026-02-01 08:21:33.456130,COMP,25.04,25.02,25.04,135700.0,138100.0,0
1.0,1.0,1.0,,Welcome to the RITC 2026 Liquidity Risk Case - practice server,Good Luck!,6,2026-02-01 08:21:34.477325,RITC,10.04,10.01,10.04,202100.0,152600.0,0
,,,,,,6,2026-02-01 08:21:34.477325,COMP,25.04,25.02,25.04,137300.0,135600.0,0
1.0,1.0,1.0,,Welcome to the RITC 2026 Liquidity Risk Case - practice server,Good Luck!,7,2026-02-01 08:21:35.500749,RITC,10.04,10.01,10.04,202700.0,144400.0,0
,,,,,,7,2026-02-01 08:21:35.500749,COMP,25.05,25.02,25.05,137300.0,137100.0,0
1.0,1.0,1.0,,Welcome to the RITC 2026 Liquidity Risk Case - practice server,Good Luck!,8,2026-02-01 08:21:36.522150,RITC,10.04,10.02,10.04,202700.0,123600.0,0
,,,,,,8,2026-02-01 08:21:36.522150,COMP,25.05,25.02,25.05,137300.0,135600.0,0
1.0,1.0,1.0,,Welcome to the RITC 2026 Liquidity Risk Case - practice server,Good Luck!,9,2026-02-01 08:21:37.542449,RITC,10.04,10.02,10.04,205000.0,123600.0,0
,,,,,,9,2026-02-01 08:21:37.542449,COMP,25.05,25.02,25.05,137000.0,137100.0,0
1.0,1.0,1.0,,Welcome to the RITC 2026 Liquidity Risk Case - practice server,Good Luck!,10,2026-02-01 08:21:38.562418,RITC,10.04,10.02,10.04,205000.0,114600.0,0
,,,,,,10,2026-02-01 08:21:38.562418,COMP,25.03,25.03,25.05,138300.0,137100.0,0
1.0,1.0,1.0,,Welcome to the RITC 2026 Liquidity Risk Case - practice server,Good Luck!,11,2026-02-01 08:21:39.593247,RITC,10.04,10.02,10.04,208500.0,114600.0,0
,,,,,,11,2026-02-01 08:21:39.593247,COMP,25.03,25.03,25.05,138300.0,136000.0,0
1.0,1.0,1.0,,Welcome to the RITC 2026 Liquidity Risk Case - practice server,Good Luck!,12,2026-02-01 08:21:40.614232,RITC,10.05,10.02,10.05,209400.0,104000.0,0
,,,,,,12,2026-02-01 08:21:40.614232,COMP,25.07,25.03,25.07,138300.0,137300.0,0
1.0,1.0,1.0,,Welcome to the RITC 2026 Liquidity Risk Case - practice server,Good Luck!,14,2026-02-01 08:21:41.653931,RITC,10.05,10.02,10.05,209000.0,104000.0,0
,,,,,,14,2026-02-01 08:21:41.653931,COMP,25.07,25.04,25.05,138500.0,137100.0,0
1.0,1.0,1.0,,Welcome to the RITC 2026 Liquidity Risk Case - practice server,Good Luck!,15,2026-02-01 08:21:42.684098,RITC,10.06,10.04,10.05,212300.0,104400.0,0
,,,,,,15,2026-02-01 08:21:42.684098,COMP,25.04,25.04,25.05,138500.0,137100.0,0
1.0,1.0,1.0,,Welcome to the RITC 2026 Liquidity Risk Case - practice server,Good Luck!,16,2026-02-01 08:21:43.703903,RITC,10.06,10.04,10.06,211200.0,102100.0,0
,,,,,,16,2026-02-01 08:21:43.703903,COMP,25.04,25.04,25.05,137400.0,137100.0,0
1.0,1.0,1.0,,Welcome to the RITC 2026 Liquidity Risk Case - practice server,Good Luck!,17,2026-02-01 08:21:44.727783,RITC,10.06,10.04,10.06,205700.0,102100.0,0
,,,,,,17,2026-02-01 08:21:44.727783,COMP,25.04,25.04,25.05,137400.0,137100.0,0
1.0,1.0,1.0,,Welcome to the RITC 2026 Liquidity Risk Case - practice server,Good Luck!,18,2026-02-01 08:21:45.756208,RITC,10.06,10.08,10.12,203600.0,100700.0,0
,,,,,,18,2026-02-01 08:21:45.756208,COMP,25.08,25.04,25.08,137400.0,138600.0,0
1.0,1.0,1.0,,Welcome to the RITC 2026 Liquidity Risk Case - practice server,Good Luck!,19,2026-02-01 08:21:46.775635,RITC,10.06,10.09,10.12,206500.0,100700.0,0
,,,,,,19,2026-02-01 08:21:46.775635,COMP,25.08,25.04,25.08,137400.0,136800.0,0
1.0,1.0,1.0,,Welcome to the RITC 2026 Liquidity Risk Case - practice server,Good Luck!,20,2026-02-01 08:21:47.809983,RITC,10.06,10.09,10.12,206500.0,100700.0,0
,,,,,,20,2026-02-01 08:21:47.809983,COMP,25.08,25.04,25.06,137400.0,138900.0,0
1.0,1.0,1.0,,Welcome to the RITC 2026 Liquidity Risk Case - practice server,Good Luck!,21,2026-02-01 08:21:48.837905,RITC,10.12,10.09,10.12,207800.0,100700.0,0
,,,,,,21,2026-02-01 08:21:48.837905,COMP,25.08,25.04,25.08,137400.0,138400.0,0
1.0,1.0,1.0,,Welcome to the RITC 2026 Liquidity Risk Case - practice server,Good Luck!,22,2026-02-01 08:21:49.857196,RITC,10.09,10.09,10.13,207800.0,99900.0,0
,,,,,,22,2026-02-01 08:21:49.857196,COMP,25.08,25.04,25.08,137400.0,138400.0,0
1.0,1.0,1.0,,Welcome to the RITC 2026 Liquidity Risk Case - practice server,Good Luck!,23,2026-02-01 08:21:50.876921,RITC,10.09,10.1,10.13,209300.0,99900.0,0
,,,,,,23,2026-02-01 08:21:50.876921,COMP,25.08,25.04,25.08,137400.0,137500.0,0
1.0,1.0,1.0,,Welcome to the RITC 2026 Liquidity Risk Case - practice server,Good Luck!,24,2026-02-01 08:21:51.908108,RITC,10.13,10.1,10.13,209300.0,99600.0,0
,,,,,,24,2026-02-01 08:21:51.908108,COMP,25.08,25.04,25.08,139800.0,135900.0,0
1.0,1.0,1.0,,Welcome to the RITC 2026 Liquidity Risk Case - practice server,Good Luck!,25,2026-02-01 08:21:52.929108,RITC,10.13,10.11,10.13,207300.0,99600.0,0
,,,,,,25,2026-02-01 08:21:52.929108,COMP,25.08,25.04,25.08,139800.0,135900.0,0
1.0,1.0,1.0,,Welcome to the RITC 2026 Liquidity Risk Case - practice server,Good Luck!,26,2026-02-01 08:21:53.979392,RITC,10.13,10.13,10.14,204300.0,97800.0,0
,,,,,,26,2026-02-01 08:21:53.979392,COMP,25.1,25.02,25.08,138100.0,135900.0,0
1.0,1.0,1.0,,Welcome to the RITC 2026 Liquidity Risk Case - practice server,Good Luck!,27,2026-02-01 08:21:55.004547,RITC,10.16,10.17,10.18,205800.0,96000.0,0
,,,,,,27,2026-02-01 08:21:55.004547,COMP,25.01,25.01,25.08,139000.0,135900.0,0
1.0,1.0,1.0,,Welcome to the RITC 2026 Liquidity Risk Case - practice server,Good Luck!,28,2026-02-01 08:21:56.052205,RITC,10.18,10.17,10.18,205800.0,96000.0,0
,,,,,,28,2026-02-01 08:21:56.052205,COMP,25.01,25.01,25.05,139000.0,134900.0,0
1.0,1.0,1.0,,Welcome to the RITC 2026 Liquidity Risk Case - practice server,Good Luck!,29,2026-02-01 08:21:57.064134,RITC,10.18,10.17,10.18,204100.0,94800.0,0
,,,,,,29,2026-02-01 08:21:57.064134,COMP,25.01,25.01,25.05,139000.0,132800.0,0
1.0,1.0,1.0,,Welcome to the RITC 2026 Liquidity Risk Case - practice server,Good Luck!,30,2026-02-01 08:21:58.084123,RITC,10.18,10.18,10.2,205000.0,93900.0,0
,,,,,,30,2026-02-01 08:21:58.084123,COMP,25.07,25.01,25.07,139000.0,134300.0,0
1.0,1.0,1.0,,Welcome to the RITC 2026 Liquidity Risk Case - practice server,Good Luck!,31,2026-02-01 08:21:59.097157,RITC,10.18,10.19,10.2,204900.0,93900.0,0
,,,,,,31,2026-02-01 08:21:59.097157,COMP,25.08,25.01,25.08,139000.0,135900.0,0
1.0,1.0,1.0,,Welcome to the RITC 2026 Liquidity Risk Case - practice server,Good Luck!,32,2026-02-01 08:22:00.114152,RITC,10.21,10.21,10.23,205100.0,92600.0,0
,,,,,,32,2026-02-01 08:22:00.114152,COMP,25.08,25.01,25.02,139000.0,134700.0,0
1.0,1.0,1.0,,Welcome to the RITC 2026 Liquidity Risk Case - practice server,Good Luck!,33,2026-02-01 08:22:01.140447,RITC,10.21,10.22,10.23,205400.0,92600.0,0
,,,,,,33,2026-02-01 08:22:01.140447,COMP,25.02,25.04,25.08,139300.0,135900.0,0
1.0,1.0,1.0,,Welcome to the RITC 2026 Liquidity Risk Case - practice server,Good Luck!,34,2026-02-01 08:22:02.159132,RITC,10.21,10.22,10.23,206100.0,102500.0,0
,,,,,,34,2026-02-01 08:22:02.159132,COMP,25.02,25.04,25.07,139300.0,135900.0,0
1.0,1.0,1.0,,Welcome to the RITC 2026 Liquidity Risk Case - practice server,Good Luck!,35,2026-02-01 08:22:03.174020,RITC,10.23,10.22,10.23,203800.0,102500.0,0
,,,,,,35,2026-02-01 08:22:03.174020,COMP,25.02,25.05,25.07,138800.0,134300.0,0
1.0,1.0,1.0,,Welcome to the RITC 2026 Liquidity Risk Case - practice server,Good Luck!,36,2026-02-01 08:22:04.194376,RITC,10.23,10.22,10.23,202800.0,91700.0,0
,,,,,,36,2026-02-01 08:22:04.194376,COMP,25.07,25.05,25.07,138800.0,134300.0,0
1.0,1.0,1.0,,Welcome to the RITC 2026 Liquidity Risk Case - practice server,Good Luck!,37,2026-02-01 08:22:05.206637,RITC,10.22,10.22,10.23,205500.0,102800.0,0
,,,,,,37,2026-02-01 08:22:05.206637,COMP,25.05,25.04,25.07,139300.0,134100.0,0
1.0,1.0,1.0,,Welcome to the RITC 2026 Liquidity Risk Case - practice server,Good Luck!,38,2026-02-01 08:22:06.243972,RITC,10.21,10.21,10.23,207300.0,102800.0,0
,,,,,,38,2026-02-01 08:22:06.243972,COMP,25.04,25.01,25.04,139000.0,134100.0,0
1.0,1.0,1.0,,Welcome to the RITC 2026 Liquidity Risk Case - practice server,Good Luck!,39,2026-02-01 08:22:07.274036,RITC,10.21,10.21,10.22,207300.0,122200.0,0
,,,,,,39,2026-02-01 08:22:07.274036,COMP,25.07,25.01,25.07,139000.0,133400.0,0
1.0,1.0,1.0,,Welcome to the RITC 2026 Liquidity Risk Case - practice server,Good Luck!,40,2026-02-01 08:22:08.298301,RITC,10.21,10.19,10.21,206200.0,144100.0,0
,,,,,,40,2026-02-01 08:22:08.298301,COMP,25.07,25.01,25.07,140200.0,133400.0,0
1.0,1.0,1.0,,Welcome to the RITC 2026 Liquidity Risk Case - practice server,Good Luck!,41,2026-02-01 08:22:09.319393,RITC,10.22,10.19,10.22,209000.0,133000.0,0
,,,,,,41,2026-02-01 08:22:09.319393,COMP,25.07,25.01,25.04,140200.0,134100.0,0
1.0,1.0,1.0,,Welcome to the RITC 2026 Liquidity Risk Case - practice server,Good Luck!,42,2026-02-01 08:22:10.350801,RITC,10.22,10.22,10.23,206900.0,134000.0,0
,,,,,,42,2026-02-01 08:22:10.350801,COMP,25.0,25.0,25.04,137400.0,134100.0,0
1.0,1.0,1.0,,Welcome to the RITC 2026 Liquidity Risk Case - practice server,Good Luck!,43,2026-02-01 08:22:11.370423,RITC,10.22,10.19,10.21,209000.0,153600.0,0
,,,,,,43,2026-02-01 08:22:11.370423,COMP,24.99,24.99,25.04,136800.0,134100.0,0
1.0,1.0,1.0,,Welcome to the RITC 2026 Liquidity Risk Case - practice server,Good Luck!,44,2026-02-01 08:22:12.404731,RITC,10.22,10.19,10.2,207300.0,163300.0,0
,,,,,,44,2026-02-01 08:22:12.404731,COMP,24.99,24.99,25.04,137100.0,134100.0,0
1.0,1.0,1.0,,Welcome to the RITC 2026 Liquidity Risk Case - practice server,Good Luck!,45,2026-02-01 08:22:13.424102,RITC,10.21,10.22,10.23,206300.0,145400.0,0
,,,,,,45,2026-02-01 08:22:13.424102,COMP,24.99,25.03,25.04,138300.0,133200.0,0
1.0,1.0,1.0,,Welcome to the RITC 2026 Liquidity Risk Case - practice server,Good Luck!,46,2026-02-01 08:22:14.468983,RITC,10.21,10.22,10.23,206300.0,163200.0,0
,,,,,,46,2026-02-01 08:22:14.468983,COMP,25.03,25.03,25.04,138300.0,133200.0,0
1.0,1.0,1.0,,Welcome to the RITC 2026 Liquidity Risk Case - practice server,Good Luck!,47,2026-02-01 08:22:15.491526,RITC,10.21,10.22,10.23,206300.0,183700.0,0
,,,,,,47,2026-02-01 08:22:15.491526,COMP,25.03,25.03,25.04,137800.0,132200.0,0
1.0,1.0,1.0,,Welcome to the RITC 2026 Liquidity Risk Case - practice server,Good Luck!,48,2026-02-01 08:22:16.514270,RITC,10.22,10.2,10.21,205200.0,193200.0,0
,,,,,,48,2026-02-01 08:22:16.514270,COMP,25.03,25.03,25.04,137800.0,132200.0,0
1.0,1.0,1.0,,Welcome to the RITC 2026 Liquidity Risk Case - practice server,Good Luck!,49,2026-02-01 08:22:17.544133,RITC,10.22,10.2,10.21,207000.0,192100.0,0
,,,,,,49,2026-02-01 08:22:17.544133,COMP,25.02,24.99,25.01,137100.0,134400.0,0
1.0,1.0,1.0,,Welcome to the RITC 2026 Liquidity Risk Case - practice server,Good Luck!,50,2026-02-01 08:22:18.563202,RITC,10.22,10.22,10.23,205200.0,183700.0,0
,,,,,,50,2026-02-01 08:22:18.563202,COMP,25.04,24.99,25.04,137100.0,132200.0,0
1.0,1.0,1.0,,Welcome to the RITC 2026 Liquidity Risk Case - practice server,Good Luck!,51,2026-02-01 08:22:19.584294,RITC,10.23,10.22,10.23,205200.0,183900.0,0
,,,,,,51,2026-02-01 08:22:19.584294,COMP,24.98,24.98,25.04,135100.0,132200.0,0
1.0,1.0,1.0,,Welcome to the RITC 2026 Liquidity Risk Case - practice server,Good Luck!,52,2026-02-01 08:22:20.610575,RITC,10.2,10.2,10.22,207000.0,183800.0,0
,,,,,,52,2026-02-01 08:22:20.610575,COMP,24.98,24.98,25.04,135100.0,132200.0,0
1.0,1.0,1.0,,Welcome to the RITC 2026 Liquidity Risk Case - practice server,Good Luck!,53,2026-02-01 08:22:21.632562,RITC,10.2,10.2,10.22,207000.0,192900.0,0
,,,,,,53,2026-02-01 08:22:21.632562,COMP,24.97,24.96,24.97,136800.0,134700.0,0
1.0,1.0,1.0,,Welcome to the RITC 2026 Liquidity Risk Case - practice server,Good Luck!,54,2026-02-01 08:22:22.665853,RITC,10.2,10.2,10.21,207000.0,192700.0,0
,,,,,,54,2026-02-01 08:22:22.665853,COMP,24.97,25.01,25.04,137100.0,132200.0,0
1.0,1.0,1.0,,Welcome to the RITC 2026 Liquidity Risk Case - practice server,Good Luck!,55,2026-02-01 08:22:23.694036,RITC,10.2,10.2,10.21,206900.0,195000.0,0
,,,,,,55,2026-02-01 08:22:23.694036,COMP,25.07,25.01,25.07,139100.0,132400.0,0
1.0,1.0,1.0,,Welcome to the RITC 2026 Liquidity Risk Case - practice server,Good Luck!,56,2026-02-01 08:22:24.733003,RITC,10.22,10.19,10.22,210000.0,195800.0,0
,,,,,,56,2026-02-01 08:22:24.733003,COMP,25.07,25.01,25.07,139100.0,131900.0,0
1.0,1.0,1.0,,Welcome to the RITC 2026 Liquidity Risk Case - practice server,Good Luck!,57,2026-02-01 08:22:25.751177,RITC,10.22,10.19,10.22,210000.0,194500.0,0
,,,,,,57,2026-02-01 08:22:25.751177,COMP,25.0,25.0,25.02,137500.0,133100.0,0
1.0,1.0,1.0,,Welcome to the RITC 2026 Liquidity Risk Case - practice server,Good Luck!,58,2026-02-01 08:22:26.767912,RITC,10.22,10.22,10.23,207000.0,194000.0,0
,,,,,,58,2026-02-01 08:22:26.767912,COMP,25.0,25.0,25.02,137500.0,133100.0,0
1.0,1.0,1.0,,Welcome to the RITC 2026 Liquidity Risk Case - practice server,Good Luck!,59,2026-02-01 08:22:27.797315,RITC,10.18,10.18,10.2,210300.0,194500.0,0
,,,,,,59,2026-02-01 08:22:27.797315,COMP,25.02,25.0,25.02,137500.0,133400.0,0
1.0,1.0,1.0,,Welcome to the RITC 2026 Liquidity Risk Case - practice server,Good Luck!,60,2026-02-01 08:22:28.820150,RITC,10.2,10.21,10.23,203300.0,194000.0,0
,,,,,,60,2026-02-01 08:22:28.820150,COMP,25.02,25.0,25.02,138300.0,133400.0,0
1.0,1.0,1.0,,Welcome to the RITC 2026 Liquidity Risk Case - practice server,Good Luck!,61,2026-02-01 08:22:29.841652,RITC,10.2,10.21,10.23,206300.0,194000.0,0
,,,,,,61,2026-02-01 08:22:29.841652,COMP,25.02,25.0,25.02,138300.0,132900.0,0
1.0,1.0,1.0,,Welcome to the RITC 2026 Liquidity Risk Case - practice server,Good Luck!,62,2026-02-01 08:22:30.874185,RITC,10.2,10.22,10.23,209100.0,194000.0,0
,,,,,,62,2026-02-01 08:22:30.874185,COMP,25.0,25.0,25.02,136300.0,132900.0,0
1.0,1.0,1.0,,Welcome to the RITC 2026 Liquidity Risk Case - practice server,Good Luck!,64,2026-02-01 08:22:31.908545,RITC,10.22,10.18,10.21,210300.0,198500.0,0
,,,,,,64,2026-02-01 08:22:31.908545,COMP,25.0,25.0,25.01,136600.0,134000.0,0
1.0,1.0,1.0,,Welcome to the RITC 2026 Liquidity Risk Case - practice server,Good Luck!,65,2026-02-01 08:22:32.930762,RITC,10.18,10.18,10.22,209000.0,195100.0,0
,,,,,,65,2026-02-01 08:22:32.930762,COMP,25.01,25.0,25.01,136600.0,134000.0,0
1.0,1.0,1.0,,Welcome to the RITC 2026 Liquidity Risk Case - practice server,Good Luck!,66,2026-02-01 08:22:33.962010,RITC,10.18,10.2,10.22,208500.0,197000.0,0
,,,,,,66,2026-02-01 08:22:33.962010,COMP,25.03,25.0,25.03,138400.0,132600.0,0
1.0,1.0,1.0,,Welcome to the RITC 2026 Liquidity Risk Case - practice server,Good Luck!,67,2026-02-01 08:22:34.994031,RITC,10.18,10.18,10.2,209000.0,197900.0,0
,,,,,,67,2026-02-01 08:22:34.994031,COMP,25.03,25.0,25.03,138800.0,132600.0,0
1.0,1.0,1.0,,Welcome to the RITC 2026 Liquidity Risk Case - practice server,Good Luck!,68,2026-02-01 08:22:36.014318,RITC,10.18,10.18,10.19,209000.0,200900.0,0
,,,,,,68,2026-02-01 08:22:36.014318,COMP,25.04,25.06,25.07,138800.0,131900.0,0
1.0,1.0,1.0,,Welcome to the RITC 2026 Liquidity Risk Case - practice server,Good Luck!,69,2026-02-01 08:22:37.031519,RITC,10.17,10.17,10.19,205900.0,200900.0,0
,,,,,,69,2026-02-01 08:22:37.031519,COMP,25.08,25.06,25.08,138800.0,135000.0,0
1.0,1.0,1.0,,Welcome to the RITC 2026 Liquidity Risk Case - practice server,Good Luck!,70,2026-02-01 08:22:38.047260,RITC,10.17,10.17,10.18,206100.0,200500.0,0
,,,,,,70,2026-02-01 08:22:38.047260,COMP,25.08,25.06,25.08,138800.0,133200.0,0
1.0,1.0,1.0,,Welcome to the RITC 2026 Liquidity Risk Case - practice server,Good Luck!,71,2026-02-01 08:22:39.074369,RITC,10.17,10.17,10.18,206700.0,202600.0,0
,,,,,,71,2026-02-01 08:22:39.074369,COMP,25.09,25.0,25.09,138800.0,135300.0,0
1.0,1.0,1.0,,Welcome to the RITC 2026 Liquidity Risk Case - practice server,Good Luck!,72,2026-02-01 08:22:40.107326,RITC,10.18,10.16,10.18,206900.0,202800.0,0
,,,,,,72,2026-02-01 08:22:40.107326,COMP,25.09,25.07,25.09,137100.0,135300.0,0
1.0,1.0,1.0,,Welcome to the RITC 2026 Liquidity Risk Case - practice server,Good Luck!,73,2026-02-01 08:22:41.135582,RITC,10.17,10.17,10.18,207800.0,202800.0,0
,,,,,,73,2026-02-01 08:22:41.135582,COMP,25.09,25.07,25.09,137100.0,134800.0,0
1.0,1.0,1.0,,Welcome to the RITC 2026 Liquidity Risk Case - practice server,Good Luck!,74,2026-02-01 08:22:42.154352,RITC,10.16,10.16,10.18,204900.0,203200.0,0
,,,,,,74,2026-02-01 08:22:42.154352,COMP,25.09,25.09,25.1,139100.0,140300.0,0
1.0,1.0,1.0,,Welcome to the RITC 2026 Liquidity Risk Case - practice server,Good Luck!,75,2026-02-01 08:22:43.183014,RITC,10.18,10.18,10.19,207400.0,201600.0,0
,,,,,,75,2026-02-01 08:22:43.183014,COMP,25.1,25.09,25.1,139100.0,140300.0,0
1.0,1.0,1.0,,Welcome to the RITC 2026 Liquidity Risk Case - practice server,Good Luck!,76,2026-02-01 08:22:44.214245,RITC,10.18,10.16,10.18,204900.0,200900.0,0
,,,,,,76,2026-02-01 08:22:44.214245,COMP,25.1,25.09,25.1,137500.0,140300.0,0
1.0,1.0,1.0,,Welcome to the RITC 2026 Liquidity Risk Case - practice server,Good Luck!,77,2026-02-01 08:22:45.244211,RITC,10.18,10.16,10.18,208000.0,199700.0,0
,,,,,,77,2026-02-01 08:22:45.244211,COMP,25.09,25.09,25.1,136000.0,140300.0,0
1.0,1.0,1.0,,Welcome to the RITC 2026 Liquidity Risk Case - practice server,Good Luck!,78,2026-02-01 08:22:46.282133,RITC,10.16,10.16,10.18,207300.0,199100.0,0
,,,,,,78,2026-02-01 08:22:46.282133,COMP,25.12,25.09,25.12,136000.0,139800.0,0
1.0,1.0,1.0,,Welcome to the RITC 2026 Liquidity Risk Case - practice server,Good Luck!,79,2026-02-01 08:22:47.304131,RITC,10.15,10.17,10.18,205500.0,199100.0,0
,,,,,,79,2026-02-01 08:22:47.304131,COMP,25.07,25.07,25.12,135700.0,139800.0,0
1.0,1.0,1.0,,Welcome to the RITC 2026 Liquidity Risk Case - practice server,Good Luck!,80,2026-02-01 08:22:48.334206,RITC,10.17,10.15,10.17,205000.0,199200.0,0
,,,,,,80,2026-02-01 08:22:48.334206,COMP,25.05,25.05,25.12,136400.0,139800.0,0
1.0,1.0,1.0,,Welcome to the RITC 2026 Liquidity Risk Case - practice server,Good Luck!,81,2026-02-01 08:22:49.361932,RITC,10.13,10.13,10.16,205400.0,195600.0,0
,,,,,,81,2026-02-01 08:22:49.361932,COMP,25.05,25.04,25.05,137600.0,141300.0,0
1.0,1.0,1.0,,Welcome to the RITC 2026 Liquidity Risk Case - practice server,Good Luck!,82,2026-02-01 08:22:50.380926,RITC,10.12,10.12,10.14,205700.0,196800.0,0
,,,,,,82,2026-02-01 08:22:50.380926,COMP,25.12,25.04,25.12,137600.0,139800.0,0
1.0,1.0,1.0,,Welcome to the RITC 2026 Liquidity Risk Case - practice server,Good Luck!,83,2026-02-01 08:22:51.408782,RITC,10.12,10.12,10.14,205700.0,199000.0,0
,,,,,,83,2026-02-01 08:22:51.408782,COMP,25.12,25.04,25.12,137600.0,139900.0,0
1.0,1.0,1.0,,Welcome to the RITC 2026 Liquidity Risk Case - practice server,Good Luck!,84,2026-02-01 08:22:52.434246,RITC,10.12,10.12,10.14,205700.0,199800.0,0
,,,,,,84,2026-02-01 08:22:52.434246,COMP,25.12,25.07,25.12,135900.0,139800.0,0
1.0,1.0,1.0,,Welcome to the RITC 2026 Liquidity Risk Case - practice server,Good Luck!,85,2026-02-01 08:22:53.444312,RITC,10.11,10.11,10.13,205900.0,201300.0,0
,,,,,,85,2026-02-01 08:22:53.444312,COMP,25.12,25.07,25.12,135900.0,139600.0,0
1.0,1.0,1.0,,Welcome to the RITC 2026 Liquidity Risk Case - practice server,Good Luck!,86,2026-02-01 08:22:54.464226,RITC,10.11,10.11,10.13,205900.0,203900.0,0
,,,,,,86,2026-02-01 08:22:54.464226,COMP,25.12,25.07,25.08,135900.0,140000.0,0
1.0,1.0,1.0,,Welcome to the RITC 2026 Liquidity Risk Case - practice server,Good Luck!,87,2026-02-01 08:22:55.524876,RITC,10.11,10.1,10.11,207900.0,204400.0,0
,,,,,,87,2026-02-01 08:22:55.524876,COMP,25.08,25.1,25.12,135400.0,139600.0,0
1.0,1.0,1.0,,Welcome to the RITC 2026 Liquidity Risk Case - practice server,Good Luck!,88,2026-02-01 08:22:56.560017,RITC,10.11,10.1,10.11,207900.0,203300.0,0
,,,,,,88,2026-02-01 08:22:56.560017,COMP,25.08,25.1,25.12,134400.0,139600.0,0
1.0,1.0,1.0,,Welcome to the RITC 2026 Liquidity Risk Case - practice server,Good Luck!,89,2026-02-01 08:22:57.579642,RITC,10.11,10.1,10.11,207900.0,204000.0,0
,,,,,,89,2026-02-01 08:22:57.579642,COMP,25.1,25.1,25.12,134700.0,139600.0,0
1.0,1.0,1.0,,Welcome to the RITC 2026 Liquidity Risk Case - practice server,Good Luck!,90,2026-02-01 08:22:58.598039,RITC,10.12,10.1,10.12,207900.0,204500.0,0
,,,,,,90,2026-02-01 08:22:58.598039,COMP,25.12,25.1,25.12,134700.0,139000.0,0
1.0,1.0,1.0,,Welcome to the RITC 2026 Liquidity Risk Case - practice server,Good Luck!,91,2026-02-01 08:22:59.624268,RITC,10.12,10.1,10.11,207900.0,201600.0,0
,,,,,,91,2026-02-01 08:22:59.624268,COMP,25.12,25.1,25.12,134700.0,137500.0,0
1.0,1.0,1.0,,Welcome to the RITC 2026 Liquidity Risk Case - practice server,Good Luck!,92,2026-02-01 08:23:00.638868,RITC,10.1,10.1,10.11,208000.0,200400.0,0
,,,,,,92,2026-02-01 08:23:00.638868,COMP,25.13,25.1,25.13,135300.0,137600.0,0
1.0,1.0,1.0,,Welcome to the RITC 2026 Liquidity Risk Case - practice server,Good Luck!,93,2026-02-01 08:23:01.658999,RITC,10.09,10.09,10.11,206300.0,200400.0,0
,,,,,,93,2026-02-01 08:23:01.658999,COMP,25.13,25.1,25.13,133600.0,137600.0,0
1.0,1.0,1.0,,Welcome to the RITC 2026 Liquidity Risk Case - practice server,Good Luck!,94,2026-02-01 08:23:02.676294,RITC,10.09,10.09,10.11,205000.0,202900.0,0
,,,,,,94,2026-02-01 08:23:02.676294,COMP,25.13,25.1,25.13,133800.0,137300.0,0
1.0,1.0,1.0,,Welcome to the RITC 2026 Liquidity Risk Case - practice server,Good Luck!,95,2026-02-01 08:23:03.693939,RITC,10.11,10.11,10.12,199400.0,203200.0,0
,,,,,,95,2026-02-01 08:23:03.693939,COMP,25.13,25.1,25.13,133700.0,138500.0,0
1.0,1.0,1.0,,Welcome to the RITC 2026 Liquidity Risk Case - practice server,Good Luck!,96,2026-02-01 08:23:04.720538,RITC,10.11,10.11,10.12,199400.0,202000.0,0
,,,,,,96,2026-02-01 08:23:04.720538,COMP,25.13,25.1,25.13,133700.0,138500.0,0
1.0,1.0,1.0,,Welcome to the RITC 2026 Liquidity Risk Case - practice server,Good Luck!,97,2026-02-01 08:23:05.742343,RITC,10.11,10.11,10.12,199600.0,202000.0,0
,,,,,,97,2026-02-01 08:23:05.742343,COMP,25.14,25.1,25.14,133700.0,136700.0,0
1.0,1.0,1.0,,Welcome to the RITC 2026 Liquidity Risk Case - practice server,Good Luck!,98,2026-02-01 08:23:06.762780,RITC,10.11,10.11,10.12,199600.0,202300.0,0
,,,,,,98,2026-02-01 08:23:06.762780,COMP,25.16,25.1,25.16,133700.0,139500.0,0
1.0,1.0,1.0,,Welcome to the RITC 2026 Liquidity Risk Case - practice server,Good Luck!,99,2026-02-01 08:23:07.774018,RITC,10.1,10.1,10.12,200300.0,202300.0,0
,,,,,,99,2026-02-01 08:23:07.774018,COMP,25.16,25.13,25.16,134600.0,140900.0,0
1.0,1.0,1.0,,Welcome to the RITC 2026 Liquidity Risk Case - practice server,Good Luck!,100,2026-02-01 08:23:08.803221,RITC,10.09,10.09,10.12,202800.0,201000.0,0
,,,,,,100,2026-02-01 08:23:08.803221,COMP,25.17,25.13,25.17,134600.0,142300.0,0
1.0,1.0,1.0,,Welcome to the RITC 2026 Liquidity Risk Case - practice server,Good Luck!,101,2026-02-01 08:23:09.829185,RITC,10.09,10.09,10.1,202800.0,202200.0,0
,,,,,,101,2026-02-01 08:23:09.829185,COMP,25.18,25.13,25.18,133200.0,143800.0,0
1.0,1.0,1.0,,Welcome to the RITC 2026 Liquidity Risk Case - practice server,Good Luck!,102,2026-02-01 08:23:10.857171,RITC,10.08,10.08,10.09,207000.0,202100.0,0
,,,,,,102,2026-02-01 08:23:10.857171,COMP,25.18,25.13,25.18,132800.0,135700.0,0
1.0,1.0,1.0,,Welcome to the RITC 2026 Liquidity Risk Case - practice server,Good Luck!,103,2026-02-01 08:23:11.874164,RITC,10.04,10.04,10.07,205800.0,199800.0,0
,,,,,,103,2026-02-01 08:23:11.874164,COMP,25.18,25.13,25.21,132800.0,128600.0,0
1.0,1.0,1.0,,Welcome to the RITC 2026 Liquidity Risk Case - practice server,Good Luck!,104,2026-02-01 08:23:12.904767,RITC,10.03,10.03,10.06,208700.0,198500.0,0
,,,,,,104,2026-02-01 08:23:12.904767,COMP,25.18,25.13,25.21,132000.0,128600.0,0
1.0,1.0,1.0,,Welcome to the RITC 2026 Liquidity Risk Case - practice server,Good Luck!,105,2026-02-01 08:23:13.930428,RITC,10.03,10.03,10.04,208700.0,197800.0,0
,,,,,,105,2026-02-01 08:23:13.930428,COMP,25.21,25.2,25.21,133600.0,128600.0,0
1.0,1.0,1.0,,Welcome to the RITC 2026 Liquidity Risk Case - practice server,Good Luck!,106,2026-02-01 08:23:14.959198,RITC,10.03,10.02,10.03,211000.0,199700.0,0
,,,,,,106,2026-02-01 08:23:14.959198,COMP,25.21,25.2,25.21,133500.0,121600.0,0
1.0,1.0,1.0,,Welcome to the RITC 2026 Liquidity Risk Case - practice server,Good Luck!,107,2026-02-01 08:23:15.994187,RITC,10.03,10.02,10.03,211000.0,202100.0,0
,,,,,,107,2026-02-01 08:23:15.994187,COMP,25.21,25.2,25.21,132100.0,121600.0,0
1.0,1.0,1.0,,Welcome to the RITC 2026 Liquidity Risk Case - practice server,Good Luck!,108,2026-02-01 08:23:17.017159,RITC,10.03,10.02,10.03,211000.0,205100.0,0
,,,,,,108,2026-02-01 08:23:17.017159,COMP,25.21,25.21,25.27,134600.0,114400.0,0
1.0,1.0,1.0,,Welcome to the RITC 2026 Liquidity Risk Case - practice server,Good Luck!,109,2026-02-01 08:23:18.058087,RITC,10.02,10.02,10.03,209200.0,205100.0,0
,,,,,,109,2026-02-01 08:23:18.058087,COMP,25.21,25.22,25.27,134100.0,114400.0,0
1.0,1.0,1.0,,Welcome to the RITC 2026 Liquidity Risk Case - practice server,Good Luck!,110,2026-02-01 08:23:19.077307,RITC,10.03,10.02,10.03,209200.0,204100.0,0
,,,,,,110,2026-02-01 08:23:19.077307,COMP,25.21,25.22,25.27,134800.0,114400.0,0
1.0,1.0,1.0,,Welcome to the RITC 2026 Liquidity Risk Case - practice server,Good Luck!,111,2026-02-01 08:23:20.094219,RITC,10.01,10.01,10.03,211500.0,204100.0,0
,,,,,,111,2026-02-01 08:23:20.094219,COMP,25.27,25.22,25.27,136600.0,114400.0,0
1.0,1.0,1.0,,Welcome to the RITC 2026 Liquidity Risk Case - practice server,Good Luck!,112,2026-02-01 08:23:21.113908,RITC,10.01,10.01,10.03,211700.0,204100.0,0
,,,,,,112,2026-02-01 08:23:21.113908,COMP,25.27,25.22,25.27,136600.0,106500.0,0
1.0,1.0,1.0,,Welcome to the RITC 2026 Liquidity Risk Case - practice server,Good Luck!,113,2026-02-01 08:23:22.145190,RITC,10.01,10.01,10.03,209000.0,203200.0,0
,,,,,,113,2026-02-01 08:23:22.145190,COMP,25.28,25.22,25.28,137900.0,98100.0,0
1.0,1.0,1.0,,Welcome to the RITC 2026 Liquidity Risk Case - practice server,Good Luck!,115,2026-02-01 08:23:23.187382,RITC,10.01,10.01,10.03,209000.0,202900.0,0
,,,,,,115,2026-02-01 08:23:23.187382,COMP,25.29,25.22,25.29,137900.0,90900.0,0
1.0,1.0,1.0,,Welcome to the RITC 2026 Liquidity Risk Case - practice server,Good Luck!,116,2026-02-01 08:23:24.214118,RITC,10.01,10.01,10.03,209000.0,205100.0,0
,,,,,,116,2026-02-01 08:23:24.214118,COMP,25.29,25.26,25.29,137200.0,90900.0,0
1.0,1.0,1.0,,Welcome to the RITC 2026 Liquidity Risk Case - practice server,Good Luck!,117,2026-02-01 08:23:25.232979,RITC,10.01,10.01,10.03,209000.0,205600.0,0
,,,,,,117,2026-02-01 08:23:25.232979,COMP,25.29,25.26,25.29,139000.0,90900.0,0
1.0,1.0,1.0,,Welcome to the RITC 2026 Liquidity Risk Case - practice server,Good Luck!,118,2026-02-01 08:23:26.244205,RITC,10.0,10.0,10.03,208400.0,205600.0,0
,,,,,,118,2026-02-01 08:23:26.244205,COMP,25.24,25.24,25.29,138900.0,90900.0,0
1.0,1.0,1.0,,Welcome to the RITC 2026 Liquidity Risk Case - practice server,Good Luck!,119,2026-02-01 08:23:27.284148,RITC,10.0,10.0,10.01,208400.0,206800.0,0
,,,,,,119,2026-02-01 08:23:27.284148,COMP,25.24,25.26,25.29,139800.0,90900.0,0
1.0,1.0,1.0,,Welcome to the RITC 2026 Liquidity Risk Case - practice server,Good Luck!,120,2026-02-01 08:23:28.309092,RITC,9.99,9.99,10.01,204900.0,206800.0,0
,,,,,,120,2026-02-01 08:23:28.309092,COMP,25.32,25.26,25.32,139700.0,83000.0,0
1.0,1.0,1.0,,Welcome to the RITC 2026 Liquidity Risk Case - practice server,Good Luck!,121,2026-02-01 08:23:29.325463,RITC,9.99,9.99,10.01,204900.0,205800.0,0
,,,,,,121,2026-02-01 08:23:29.325463,COMP,25.32,25.3,25.32,137800.0,83000.0,0
1.0,1.0,1.0,,Welcome to the RITC 2026 Liquidity Risk Case - practice server,Good Luck!,122,2026-02-01 08:23:30.342072,RITC,9.99,9.99,10.01,204900.0,207300.0,0
,,,,,,122,2026-02-01 08:23:30.342072,COMP,25.32,25.34,25.4,138600.0,70700.0,0
1.0,1.0,1.0,,Welcome to the RITC 2026 Liquidity Risk Case - practice server,Good Luck!,123,2026-02-01 08:23:31.359428,RITC,9.99,9.99,10.01,204900.0,205700.0,0
,,,,,,123,2026-02-01 08:23:31.359428,COMP,25.32,25.34,25.4,138600.0,76300.0,0
1.0,1.0,1.0,,Welcome to the RITC 2026 Liquidity Risk Case - practice server,Good Luck!,124,2026-02-01 08:23:32.387185,RITC,9.99,9.99,10.01,204900.0,205400.0,0
,,,,,,124,2026-02-01 08:23:32.387185,COMP,25.35,25.35,25.4,140800.0,76300.0,0
1.0,1.0,1.0,,Welcome to the RITC 2026 Liquidity Risk Case - practice server,Good Luck!,125,2026-02-01 08:23:33.405696,RITC,9.99,9.99,10.01,201300.0,206600.0,0
,,,,,,125,2026-02-01 08:23:33.405696,COMP,25.35,25.39,25.4,141500.0,82000.0,0
1.0,1.0,1.0,,Welcome to the RITC 2026 Liquidity Risk Case - practice server,Good Luck!,126,2026-02-01 08:23:34.432078,RITC,9.99,9.99,10.01,203700.0,205600.0,0
,,,,,,126,2026-02-01 08:23:34.432078,COMP,25.35,25.39,25.4,140000.0,82000.0,0
1.0,1.0,1.0,,Welcome to the RITC 2026 Liquidity Risk Case - practice server,Good Luck!,127,2026-02-01 08:23:35.454114,RITC,9.99,9.99,10.01,203700.0,202900.0,0
,,,,,,127,2026-02-01 08:23:35.454114,COMP,25.35,25.39,25.4,140000.0,89900.0,0
1.0,1.0,1.0,,Welcome to the RITC 2026 Liquidity Risk Case - practice server,Good Luck!,128,2026-02-01 08:23:36.477018,RITC,9.99,9.99,10.01,203800.0,203600.0,0
,,,,,,128,2026-02-01 08:23:36.477018,COMP,25.4,25.39,25.4,140000.0,89900.0,0
1.0,1.0,1.0,,Welcome to the RITC 2026 Liquidity Risk Case - practice server,Good Luck!,129,2026-02-01 08:23:37.499296,RITC,9.99,9.99,10.01,205000.0,206600.0,0
,,,,,,129,2026-02-01 08:23:37.499296,COMP,25.44,25.39,25.44,140000.0,76900.0,0
1.0,1.0,1.0,,Welcome to the RITC 2026 Liquidity Risk Case - practice server,Good Luck!,130,2026-02-01 08:23:38.519290,RITC,9.99,9.99,10.0,205000.0,208200.0,0
,,,,,,130,2026-02-01 08:23:38.519290,COMP,25.41,25.39,25.41,140000.0,84500.0,0
1.0,1.0,1.0,,Welcome to the RITC 2026 Liquidity Risk Case - practice server,Good Luck!,131,2026-02-01 08:23:39.534056,RITC,9.98,9.98,10.0,203300.0,207600.0,0
,,,,,,131,2026-02-01 08:23:39.534056,COMP,25.44,25.39,25.44,139900.0,76900.0,0
1.0,1.0,1.0,,Welcome to the RITC 2026 Liquidity Risk Case - practice server,Good Luck!,132,2026-02-01 08:23:40.559232,RITC,9.98,9.98,9.99,202200.0,205600.0,0
,,,,,,132,2026-02-01 08:23:40.559232,COMP,25.44,25.39,25.44,139700.0,76900.0,0
1.0,1.0,1.0,,Welcome to the RITC 2026 Liquidity Risk Case - practice server,Good Luck!,133,2026-02-01 08:23:41.577200,RITC,9.98,9.98,9.99,199600.0,207300.0,0
,,,,,,133,2026-02-01 08:23:41.577200,COMP,25.44,25.44,25.52,140200.0,69000.0,0
1.0,1.0,1.0,,Welcome to the RITC 2026 Liquidity Risk Case - practice server,Good Luck!,134,2026-02-01 08:23:42.593845,RITC,9.98,9.98,9.99,202200.0,207300.0,0
,,,,,,134,2026-02-01 08:23:42.593845,COMP,25.54,25.44,25.54,140200.0,68900.0,0
1.0,1.0,1.0,,Welcome to the RITC 2026 Liquidity Risk Case - practice server,Good Luck!,135,2026-02-01 08:23:43.616920,RITC,10.0,9.98,10.0,201900.0,207300.0,0
,,,,,,135,2026-02-01 08:23:43.616920,COMP,25.54,25.44,25.54,141100.0,68900.0,0
1.0,1.0,1.0,,Welcome to the RITC 2026 Liquidity Risk Case - practice server,Good Luck!,136,2026-02-01 08:23:44.643920,RITC,10.0,9.98,10.0,202200.0,207300.0,0
,,,,,,136,2026-02-01 08:23:44.643920,COMP,25.54,25.52,25.54,140200.0,68900.0,0
1.0,1.0,1.0,,Welcome to the RITC 2026 Liquidity Risk Case - practice server,Good Luck!,137,2026-02-01 08:23:45.671904,RITC,10.0,9.99,10.0,202000.0,207900.0,0
,,,,,,137,2026-02-01 08:23:45.671904,COMP,25.52,25.52,25.54,140200.0,68900.0,0
1.0,1.0,1.0,,Welcome to the RITC 2026 Liquidity Risk Case - practice server,Good Luck!,138,2026-02-01 08:23:46.688894,RITC,10.01,9.99,10.01,202000.0,204500.0,0
,,,,,,138,2026-02-01 08:23:46.688894,COMP,25.45,25.45,25.46,140200.0,76900.0,0
1.0,1.0,1.0,,Welcome to the RITC 2026 Liquidity Risk Case - practice server,Good Luck!,139,2026-02-01 08:23:47.714120,RITC,10.01,10.0,10.01,201400.0,204500.0,0
,,,,,,139,2026-02-01 08:23:47.714120,COMP,25.46,25.45,25.46,140200.0,76900.0,0
1.0,1.0,1.0,,Welcome to the RITC 2026 Liquidity Risk Case - practice server,Good Luck!,140,2026-02-01 08:23:48.745393,RITC,10.01,10.0,10.01,201400.0,203800.0,0
,,,,,,140,2026-02-01 08:23:48.745393,COMP,25.42,25.42,25.46,140800.0,76900.0,0
1.0,1.0,1.0,,Welcome to the RITC 2026 Liquidity Risk Case - practice server,Good Luck!,141,2026-02-01 08:23:49.774101,RITC,10.01,10.0,10.01,199600.0,203800.0,0
,,,,,,141,2026-02-01 08:23:49.774101,COMP,25.42,25.44,25.46,141000.0,76900.0,0
1.0,1.0,1.0,,Welcome to the RITC 2026 Liquidity Risk Case - practice server,Good Luck!,142,2026-02-01 08:23:50.795939,RITC,10.01,10.0,10.01,197900.0,203800.0,0
,,,,,,142,2026-02-01 08:23:50.795939,COMP,25.42,25.44,25.46,141100.0,76900.0,0
1.0,1.0,1.0,,Welcome to the RITC 2026 Liquidity Risk Case - practice server,Good Luck!,143,2026-02-01 08:23:51.814290,RITC,10.01,10.0,10.01,197900.0,202100.0,0
,,,,,,143,2026-02-01 08:23:51.814290,COMP,25.44,25.44,25.46,141100.0,83300.0,0
1.0,1.0,1.0,,Welcome to the RITC 2026 Liquidity Risk Case - practice server,Good Luck!,144,2026-02-01 08:23:52.855315,RITC,9.99,9.99,10.01,197200.0,202100.0,0
,,,,,,144,2026-02-01 08:23:52.855315,COMP,25.51,25.44,25.49,141100.0,76500.0,0
1.0,1.0,1.0,,Welcome to the RITC 2026 Liquidity Risk Case - practice server,Good Luck!,145,2026-02-01 08:23:53.913369,RITC,10.01,9.99,10.01,197200.0,199800.0,0
,,,,,,145,2026-02-01 08:23:53.913369,COMP,25.49,25.44,25.49,141100.0,76500.0,0
1.0,1.0,1.0,,Welcome to the RITC 2026 Liquidity Risk Case - practice server,Good Luck!,146,2026-02-01 08:23:54.943976,RITC,9.99,9.99,10.0,200300.0,203400.0,0
,,,,,,146,2026-02-01 08:23:54.943976,COMP,25.39,25.39,25.42,140800.0,83700.0,0
1.0,1.0,1.0,,Welcome to the RITC 2026 Liquidity Risk Case - practice server,Good Luck!,147,2026-02-01 08:23:55.986284,RITC,10.0,9.99,10.0,200300.0,202200.0,0
,,,,,,147,2026-02-01 08:23:55.986284,COMP,25.42,25.46,25.49,141300.0,76500.0,0
1.0,1.0,1.0,,Welcome to the RITC 2026 Liquidity Risk Case - practice server,Good Luck!,148,2026-02-01 08:23:57.004440,RITC,10.01,9.99,10.0,200300.0,200800.0,0
,,,,,,148,2026-02-01 08:23:57.004440,COMP,25.46,25.39,25.43,140800.0,84500.0,0
1.0,1.0,1.0,,Welcome to the RITC 2026 Liquidity Risk Case - practice server,Good Luck!,149,2026-02-01 08:23:58.033861,RITC,9.98,9.98,10.0,201600.0,200800.0,0
,,,,,,149,2026-02-01 08:23:58.033861,COMP,25.43,25.39,25.43,141600.0,84500.0,0
1.0,1.0,1.0,,Welcome to the RITC 2026 Liquidity Risk Case - practice server,Good Luck!,150,2026-02-01 08:23:59.062579,RITC,9.98,9.98,10.0,199900.0,202600.0,0
,,,,,,150,2026-02-01 08:23:59.062579,COMP,25.43,25.39,25.43,140100.0,84500.0,0
1.0,1.0,1.0,,Welcome to the RITC 2026 Liquidity Risk Case - practice server,Good Luck!,151,2026-02-01 08:24:00.084354,RITC,9.98,9.98,10.0,203200.0,199900.0,0
,,,,,,151,2026-02-01 08:24:00.084354,COMP,25.39,25.39,25.41,140100.0,91400.0,0
1.0,1.0,1.0,,Welcome to the RITC 2026 Liquidity Risk Case - practice server,Good Luck!,152,2026-02-01 08:24:01.107318,RITC,10.0,9.98,10.0,203200.0,199900.0,0
,,,,,,152,2026-02-01 08:24:01.107318,COMP,25.38,25.38,25.41,140400.0,91400.0,0
1.0,1.0,1.0,,Welcome to the RITC 2026 Liquidity Risk Case - practice server,Good Luck!,153,2026-02-01 08:24:02.134308,RITC,9.98,9.98,9.99,200800.0,198400.0,0
,,,,,,153,2026-02-01 08:24:02.134308,COMP,25.38,25.38,25.41,140400.0,105100.0,0
1.0,1.0,1.0,,Welcome to the RITC 2026 Liquidity Risk Case - practice server,Good Luck!,154,2026-02-01 08:24:03.154261,RITC,9.99,9.98,9.99,199000.0,198400.0,0
,,,,,,154,2026-02-01 08:24:03.154261,COMP,25.37,25.37,25.41,141800.0,105100.0,0
1.0,1.0,1.0,,Welcome to the RITC 2026 Liquidity Risk Case - practice server,Good Luck!,155,2026-02-01 08:24:04.172658,RITC,9.97,9.97,9.99,198700.0,198400.0,0
,,,,,,155,2026-02-01 08:24:04.172658,COMP,25.35,25.35,25.39,140900.0,111400.0,0
1.0,1.0,1.0,,Welcome to the RITC 2026 Liquidity Risk Case - practice server,Good Luck!,156,2026-02-01 08:24:05.207168,RITC,9.99,9.99,10.0,201100.0,198000.0,0
,,,,,,156,2026-02-01 08:24:05.207168,COMP,25.35,25.35,25.39,140900.0,111400.0,0
1.0,1.0,1.0,,Welcome to the RITC 2026 Liquidity Risk Case - practice server,Good Luck!,157,2026-02-01 08:24:06.218006,RITC,9.97,9.97,10.0,197600.0,200900.0,0
,,,,,,157,2026-02-01 08:24:06.218006,COMP,25.34,25.34,25.39,138400.0,111400.0,0
1.0,1.0,1.0,,Welcome to the RITC 2026 Liquidity Risk Case - practice server,Good Luck!,158,2026-02-01 08:24:07.233057,RITC,10.0,9.98,10.0,197200.0,200900.0,0
,,,,,,158,2026-02-01 08:24:07.233057,COMP,25.34,25.34,25.38,138400.0,119200.0,0
1.0,1.0,1.0,,Welcome to the RITC 2026 Liquidity Risk Case - practice server,Good Luck!,159,2026-02-01 08:24:08.254248,RITC,10.0,9.98,10.0,201000.0,198700.0,0
,,,,,,159,2026-02-01 08:24:08.254248,COMP,25.33,25.33,25.39,139900.0,111400.0,0
1.0,1.0,1.0,,Welcome to the RITC 2026 Liquidity Risk Case - practice server,Good Luck!,160,2026-02-01 08:24:09.284340,RITC,10.0,9.98,10.0,201000.0,202000.0,0
,,,,,,160,2026-02-01 08:24:09.284340,COMP,25.32,25.32,25.39,140100.0,111400.0,0
1.0,1.0,1.0,,Welcome to the RITC 2026 Liquidity Risk Case - practice server,Good Luck!,161,2026-02-01 08:24:10.333941,RITC,9.97,9.97,9.99,198900.0,200600.0,0
,,,,,,161,2026-02-01 08:24:10.333941,COMP,25.32,25.33,25.39,141500.0,111400.0,0
1.0,1.0,1.0,,Welcome to the RITC 2026 Liquidity Risk Case - practice server,Good Luck!,162,2026-02-01 08:24:11.375789,RITC,9.97,9.97,9.99,198900.0,203000.0,0
,,,,,,162,2026-02-01 08:24:11.375789,COMP,25.32,25.33,25.39,141500.0,119100.0,0
1.0,1.0,1.0,,Welcome to the RITC 2026 Liquidity Risk Case - practice server,Good Luck!,163,2026-02-01 08:24:12.407444,RITC,9.97,9.97,9.99,198400.0,203500.0,0
,,,,,,163,2026-02-01 08:24:12.407444,COMP,25.39,25.34,25.39,140300.0,119100.0,0
1.0,1.0,1.0,,Welcome to the RITC 2026 Liquidity Risk Case - practice server,Good Luck!,164,2026-02-01 08:24:13.424224,RITC,9.97,9.97,9.98,198400.0,205400.0,0
,,,,,,164,2026-02-01 08:24:13.424224,COMP,25.39,25.34,25.39,140300.0,126500.0,0
1.0,1.0,1.0,,Welcome to the RITC 2026 Liquidity Risk Case - practice server,Good Luck!,166,2026-02-01 08:24:14.454211,RITC,9.97,9.97,9.98,200800.0,205400.0,0
,,,,,,166,2026-02-01 08:24:14.454211,COMP,25.33,25.33,25.39,141500.0,126500.0,0
1.0,1.0,1.0,,Welcome to the RITC 2026 Liquidity Risk Case - practice server,Good Luck!,167,2026-02-01 08:24:15.474044,RITC,9.97,9.97,9.98,200800.0,206700.0,0
,,,,,,167,2026-02-01 08:24:15.474044,COMP,25.33,25.37,25.39,143700.0,126500.0,0
1.0,1.0,1.0,,Welcome to the RITC 2026 Liquidity Risk Case - practice server,Good Luck!,168,2026-02-01 08:24:16.504216,RITC,9.97,9.97,9.98,200800.0,205600.0,0
,,,,,,168,2026-02-01 08:24:16.504216,COMP,25.39,25.37,25.39,143700.0,120200.0,0
1.0,1.0,1.0,,Welcome to the RITC 2026 Liquidity Risk Case - practice server,Good Luck!,169,2026-02-01 08:24:17.523961,RITC,9.97,9.97,9.98,200800.0,205600.0,0
,,,,,,169,2026-02-01 08:24:17.523961,COMP,25.39,25.39,25.41,142100.0,112500.0,0
1.0,1.0,1.0,,Welcome to the RITC 2026 Liquidity Risk Case - practice server,Good Luck!,170,2026-02-01 08:24:18.564148,RITC,9.97,9.97,9.98,200800.0,206600.0,0
,,,,,,170,2026-02-01 08:24:18.564148,COMP,25.37,25.37,25.41,143700.0,120700.0,0
1.0,1.0,1.0,,Welcome to the RITC 2026 Liquidity Risk Case - practice server,Good Luck!,171,2026-02-01 08:24:19.594609,RITC,9.97,9.97,9.98,202800.0,206600.0,0
,,,,,,171,2026-02-01 08:24:19.594609,COMP,25.37,25.37,25.38,143700.0,128500.0,0
1.0,1.0,1.0,,Welcome to the RITC 2026 Liquidity Risk Case - practice server,Good Luck!,172,2026-02-01 08:24:20.624388,RITC,9.96,9.96,9.98,201200.0,204400.0,0
,,,,,,172,2026-02-01 08:24:20.624388,COMP,25.37,25.37,25.38,143700.0,134800.0,0
1.0,1.0,1.0,,Welcome to the RITC 2026 Liquidity Risk Case - practice server,Good Luck!,173,2026-02-01 08:24:21.646018,RITC,9.96,9.96,9.98,201200.0,203500.0,0
,,,,,,173,2026-02-01 08:24:21.646018,COMP,25.37,25.37,25.38,143500.0,140600.0,0
1.0,1.0,1.0,,Welcome to the RITC 2026 Liquidity Risk Case - practice server,Good Luck!,174,2026-02-01 08:24:22.662737,RITC,9.96,9.97,9.98,200900.0,203500.0,0
,,,,,,174,2026-02-01 08:24:22.662737,COMP,25.36,25.36,25.38,143000.0,140600.0,0
1.0,1.0,1.0,,Welcome to the RITC 2026 Liquidity Risk Case - practice server,Good Luck!,175,2026-02-01 08:24:23.680433,RITC,9.97,9.97,9.98,200900.0,200300.0,0
,,,,,,175,2026-02-01 08:24:23.680433,COMP,25.36,25.37,25.38,142900.0,142600.0,0
1.0,1.0,1.0,,Welcome to the RITC 2026 Liquidity Risk Case - practice server,Good Luck!,176,2026-02-01 08:24:24.712204,RITC,9.98,9.97,9.98,200900.0,200900.0,0
,,,,,,176,2026-02-01 08:24:24.712204,COMP,25.36,25.37,25.38,142900.0,142600.0,0
1.0,1.0,1.0,,Welcome to the RITC 2026 Liquidity Risk Case - practice server,Good Luck!,177,2026-02-01 08:24:25.737103,RITC,9.96,9.96,9.98,198100.0,200900.0,0
,,,,,,177,2026-02-01 08:24:25.737103,COMP,25.38,25.37,25.38,142900.0,141100.0,0
1.0,1.0,1.0,,Welcome to the RITC 2026 Liquidity Risk Case - practice server,Good Luck!,178,2026-02-01 08:24:26.754328,RITC,9.98,9.96,9.98,200000.0,200900.0,0
,,,,,,178,2026-02-01 08:24:26.754328,COMP,25.36,25.36,25.38,141700.0,141100.0,0
1.0,1.0,1.0,,Welcome to the RITC 2026 Liquidity Risk Case - practice server,Good Luck!,179,2026-02-01 08:24:27.779420,RITC,9.98,9.96,9.98,200000.0,200200.0,0
,,,,,,179,2026-02-01 08:24:27.779420,COMP,25.36,25.36,25.38,143900.0,141100.0,0
1.0,1.0,1.0,,Welcome to the RITC 2026 Liquidity Risk Case - practice server,Good Luck!,180,2026-02-01 08:24:28.824482,RITC,9.98,9.96,9.98,200000.0,199000.0,0
,,,,,,180,2026-02-01 08:24:28.824482,COMP,25.36,25.36,25.38,143900.0,139500.0,0
1.0,1.0,1.0,,Welcome to the RITC 2026 Liquidity Risk Case - practice server,Good Luck!,181,2026-02-01 08:24:29.852068,RITC,9.98,9.97,9.98,200800.0,202400.0,0
,,,,,,181,2026-02-01 08:24:29.852068,COMP,25.36,25.36,25.38,143900.0,139600.0,0
1.0,1.0,1.0,,Welcome to the RITC 2026 Liquidity Risk Case - practice server,Good Luck!,182,2026-02-01 08:24:30.877235,RITC,9.98,9.97,9.98,200800.0,201000.0,0
,,,,,,182,2026-02-01 08:24:30.877235,COMP,25.39,25.35,25.39,142800.0,139800.0,0
1.0,1.0,1.0,,Welcome to the RITC 2026 Liquidity Risk Case - practice server,Good Luck!,183,2026-02-01 08:24:31.898157,RITC,9.98,9.97,9.98,201200.0,201800.0,0
,,,,,,183,2026-02-01 08:24:31.898157,COMP,25.35,25.33,25.34,144100.0,140100.0,0
1.0,1.0,1.0,,Welcome to the RITC 2026 Liquidity Risk Case - practice server,Good Luck!,184,2026-02-01 08:24:32.924398,RITC,9.98,9.97,9.98,199500.0,200200.0,0
,,,,,,184,2026-02-01 08:24:32.924398,COMP,25.35,25.33,25.34,144100.0,142100.0,0
1.0,1.0,1.0,,Welcome to the RITC 2026 Liquidity Risk Case - practice server,Good Luck!,185,2026-02-01 08:24:33.954010,RITC,9.99,9.97,9.99,199900.0,203200.0,0
,,,,,,185,2026-02-01 08:24:33.954010,COMP,25.35,25.33,25.34,144100.0,140600.0,0
1.0,1.0,1.0,,Welcome to the RITC 2026 Liquidity Risk Case - practice server,Good Luck!,186,2026-02-01 08:24:34.964319,RITC,9.99,9.97,9.99,200000.0,205700.0,0
,,,,,,186,2026-02-01 08:24:34.964319,COMP,25.34,25.33,25.34,144100.0,138100.0,0
1.0,1.0,1.0,,Welcome to the RITC 2026 Liquidity Risk Case - practice server,Good Luck!,187,2026-02-01 08:24:35.988954,RITC,9.99,9.97,9.99,200000.0,204100.0,0
,,,,,,187,2026-02-01 08:24:35.988954,COMP,25.34,25.33,25.34,146800.0,138100.0,0
1.0,1.0,1.0,,Welcome to the RITC 2026 Liquidity Risk Case - practice server,Good Luck!,188,2026-02-01 08:24:37.004453,RITC,9.99,9.97,9.99,200000.0,204100.0,0
,,,,,,188,2026-02-01 08:24:37.004453,COMP,25.33,25.33,25.34,145000.0,138100.0,0
1.0,1.0,1.0,,Welcome to the RITC 2026 Liquidity Risk Case - practice server,Good Luck!,189,2026-02-01 08:24:38.032396,RITC,9.99,9.97,9.99,201300.0,204100.0,0
,,,,,,189,2026-02-01 08:24:38.032396,COMP,25.34,25.32,25.34,144000.0,138000.0,0
1.0,1.0,1.0,,Welcome to the RITC 2026 Liquidity Risk Case - practice server,Good Luck!,190,2026-02-01 08:24:39.054445,RITC,9.99,9.97,9.99,200200.0,204400.0,0
,,,,,,190,2026-02-01 08:24:39.054445,COMP,25.34,25.35,25.36,143900.0,137500.0,0
1.0,1.0,1.0,,Welcome to the RITC 2026 Liquidity Risk Case - practice server,Good Luck!,191,2026-02-01 08:24:40.084829,RITC,9.99,9.97,9.99,201000.0,205900.0,0
,,,,,,191,2026-02-01 08:24:40.084829,COMP,25.35,25.32,25.35,142500.0,136900.0,0
1.0,1.0,1.0,,Welcome to the RITC 2026 Liquidity Risk Case - practice server,Good Luck!,192,2026-02-01 08:24:41.114672,RITC,10.0,9.97,10.0,202400.0,204500.0,0
,,,,,,192,2026-02-01 08:24:41.114672,COMP,25.35,25.32,25.33,142500.0,134600.0,0
1.0,1.0,1.0,,Welcome to the RITC 2026 Liquidity Risk Case - practice server,Good Luck!,193,2026-02-01 08:24:42.127405,RITC,10.0,9.97,10.0,202400.0,206400.0,0
,,,,,,193,2026-02-01 08:24:42.127405,COMP,25.35,25.32,25.35,142500.0,135400.0,0
1.0,1.0,1.0,,Welcome to the RITC 2026 Liquidity Risk Case - practice server,Good Luck!,194,2026-02-01 08:24:43.154151,RITC,10.0,9.97,10.0,202400.0,206400.0,0
,,,,,,194,2026-02-01 08:24:43.154151,COMP,25.36,25.32,25.36,142500.0,137100.0,0
1.0,1.0,1.0,,Welcome to the RITC 2026 Liquidity Risk Case - practice server,Good Luck!,195,2026-02-01 08:24:44.187222,RITC,10.0,9.99,10.0,202500.0,206400.0,0
,,,,,,195,2026-02-01 08:24:44.187222,COMP,25.36,25.32,25.36,142500.0,138600.0,0
1.0,1.0,1.0,,Welcome to the RITC 2026 Liquidity Risk Case - practice server,Good Luck!,196,2026-02-01 08:24:45.204206,RITC,10.0,9.99,10.0,204400.0,207000.0,0
,,,,,,196,2026-02-01 08:24:45.204206,COMP,25.39,25.32,25.39,142000.0,137800.0,0
1.0,1.0,1.0,,Welcome to the RITC 2026 Liquidity Risk Case - practice server,Good Luck!,197,2026-02-01 08:24:46.249416,RITC,10.0,9.99,10.0,204900.0,206500.0,0
,,,,,,197,2026-02-01 08:24:46.249416,COMP,25.41,25.32,25.41,142000.0,141500.0,0
1.0,1.0,1.0,,Welcome to the RITC 2026 Liquidity Risk Case - practice server,Good Luck!,198,2026-02-01 08:24:47.264137,RITC,10.0,9.99,10.0,202200.0,206500.0,0
,,,,,,198,2026-02-01 08:24:47.264137,COMP,25.31,25.31,25.41,142900.0,141500.0,0
1.0,1.0,1.0,,Welcome to the RITC 2026 Liquidity Risk Case - practice server,Good Luck!,199,2026-02-01 08:24:48.307290,RITC,10.0,9.99,10.0,200700.0,206400.0,0
,,,,,,199,2026-02-01 08:24:48.307290,COMP,25.31,25.36,25.37,143400.0,141300.0,0
1.0,1.0,1.0,,Welcome to the RITC 2026 Liquidity Risk Case - practice server,Good Luck!,200,2026-02-01 08:24:49.334245,RITC,10.0,9.99,10.0,203400.0,206400.0,0
,,,,,,200,2026-02-01 08:24:49.334245,COMP,25.31,25.36,25.37,144400.0,141300.0,0
1.0,1.0,1.0,,Welcome to the RITC 2026 Liquidity Risk Case - practice server,Good Luck!,201,2026-02-01 08:24:50.363064,RITC,10.0,9.99,10.0,201300.0,206300.0,0
,,,,,,201,2026-02-01 08:24:50.363064,COMP,25.31,25.36,25.37,144300.0,141300.0,0
1.0,1.0,1.0,,Welcome to the RITC 2026 Liquidity Risk Case - practice server,Good Luck!,202,2026-02-01 08:24:51.374238,RITC,10.01,9.99,10.01,202200.0,204100.0,0
,,,,,,202,2026-02-01 08:24:51.374238,COMP,25.35,25.35,25.37,144800.0,141300.0,0
1.0,1.0,1.0,,Welcome to the RITC 2026 Liquidity Risk Case - practice server,Good Luck!,203,2026-02-01 08:24:52.403955,RITC,10.01,9.99,10.01,202200.0,200900.0,0
,,,,,,203,2026-02-01 08:24:52.403955,COMP,25.37,25.39,25.41,144500.0,141500.0,0
1.0,1.0,1.0,,Welcome to the RITC 2026 Liquidity Risk Case - practice server,Good Luck!,204,2026-02-01 08:24:53.425130,RITC,10.01,9.99,10.01,204200.0,200900.0,0
,,,,,,204,2026-02-01 08:24:53.425130,COMP,25.41,25.39,25.41,146900.0,141900.0,0
1.0,1.0,1.0,,Welcome to the RITC 2026 Liquidity Risk Case - practice server,Good Luck!,205,2026-02-01 08:24:54.445871,RITC,10.01,9.99,10.01,204200.0,200300.0,0
,,,,,,205,2026-02-01 08:24:54.445871,COMP,25.41,25.39,25.41,146000.0,141900.0,0
1.0,1.0,1.0,,Welcome to the RITC 2026 Liquidity Risk Case - practice server,Good Luck!,206,2026-02-01 08:24:55.473976,RITC,10.01,10.0,10.01,205600.0,200300.0,0
,,,,,,206,2026-02-01 08:24:55.473976,COMP,25.42,25.39,25.42,146000.0,134500.0,0
1.0,1.0,1.0,,Welcome to the RITC 2026 Liquidity Risk Case - practice server,Good Luck!,207,2026-02-01 08:24:56.505446,RITC,10.01,10.0,10.01,204600.0,200300.0,0
,,,,,,207,2026-02-01 08:24:56.505446,COMP,25.43,25.39,25.43,145000.0,118300.0,0
1.0,1.0,1.0,,Welcome to the RITC 2026 Liquidity Risk Case - practice server,Good Luck!,208,2026-02-01 08:24:57.524159,RITC,10.01,10.0,10.01,204600.0,196800.0,0
,,,,,,208,2026-02-01 08:24:57.524159,COMP,25.43,25.42,25.43,142800.0,118300.0,0
1.0,1.0,1.0,,Welcome to the RITC 2026 Liquidity Risk Case - practice server,Good Luck!,209,2026-02-01 08:24:58.534300,RITC,10.01,10.0,10.01,204100.0,196800.0,0
,,,,,,209,2026-02-01 08:24:58.534300,COMP,25.43,25.42,25.43,142800.0,124200.0,0
1.0,1.0,1.0,,Welcome to the RITC 2026 Liquidity Risk Case - practice server,Good Luck!,210,2026-02-01 08:24:59.547379,RITC,10.01,10.0,10.01,204100.0,196800.0,0
,,,,,,210,2026-02-01 08:24:59.547379,COMP,25.43,25.43,25.45,143100.0,118400.0,0
1.0,1.0,1.0,,Welcome to the RITC 2026 Liquidity Risk Case - practice server,Good Luck!,211,2026-02-01 08:25:00.574154,RITC,10.01,10.01,10.02,204800.0,197100.0,0
,,,,,,211,2026-02-01 08:25:00.574154,COMP,25.45,25.43,25.45,143100.0,118400.0,0
1.0,1.0,1.0,,Welcome to the RITC 2026 Liquidity Risk Case - practice server,Good Luck!,212,2026-02-01 08:25:01.631144,RITC,10.02,10.01,10.02,204600.0,197100.0,0
,,,,,,212,2026-02-01 08:25:01.631144,COMP,25.45,25.44,25.45,140900.0,124900.0,0
1.0,1.0,1.0,,Welcome to the RITC 2026 Liquidity Risk Case - practice server,Good Luck!,213,2026-02-01 08:25:02.675920,RITC,10.02,10.01,10.02,205900.0,197100.0,0
,,,,,,213,2026-02-01 08:25:02.675920,COMP,25.45,25.44,25.45,140900.0,116800.0,0
1.0,1.0,1.0,,Welcome to the RITC 2026 Liquidity Risk Case - practice server,Good Luck!,214,2026-02-01 08:25:03.690672,RITC,10.02,10.01,10.02,205900.0,197700.0,0
,,,,,,214,2026-02-01 08:25:03.690672,COMP,25.43,25.43,25.45,143100.0,116800.0,0
1.0,1.0,1.0,,Welcome to the RITC 2026 Liquidity Risk Case - practice server,Good Luck!,215,2026-02-01 08:25:04.726611,RITC,10.02,10.01,10.02,205900.0,196400.0,0
,,,,,,215,2026-02-01 08:25:04.726611,COMP,25.46,25.43,25.46,143100.0,116800.0,0
1.0,1.0,1.0,,Welcome to the RITC 2026 Liquidity Risk Case - practice server,Good Luck!,216,2026-02-01 08:25:05.745002,RITC,10.02,10.02,10.03,207200.0,197500.0,0
,,,,,,216,2026-02-01 08:25:05.745002,COMP,25.46,25.44,25.46,141700.0,116800.0,0
1.0,1.0,1.0,,Welcome to the RITC 2026 Liquidity Risk Case - practice server,Good Luck!,217,2026-02-01 08:25:06.761443,RITC,10.03,10.02,10.03,206600.0,194900.0,0
,,,,,,217,2026-02-01 08:25:06.761443,COMP,25.46,25.44,25.46,140700.0,116800.0,0
1.0,1.0,1.0,,Welcome to the RITC 2026 Liquidity Risk Case - practice server,Good Luck!,219,2026-02-01 08:25:07.792436,RITC,10.03,10.02,10.03,206600.0,196300.0,0
,,,,,,219,2026-02-01 08:25:07.792436,COMP,25.49,25.42,25.49,142900.0,102700.0,0
1.0,1.0,1.0,,Welcome to the RITC 2026 Liquidity Risk Case - practice server,Good Luck!,220,2026-02-01 08:25:08.824192,RITC,10.03,10.02,10.03,206000.0,196300.0,0
,,,,,,220,2026-02-01 08:25:08.824192,COMP,25.49,25.42,25.49,142900.0,109800.0,0
1.0,1.0,1.0,,Welcome to the RITC 2026 Liquidity Risk Case - practice server,Good Luck!,221,2026-02-01 08:25:09.858495,RITC,10.03,10.02,10.03,206900.0,198700.0,0
,,,,,,221,2026-02-01 08:25:09.858495,COMP,25.42,25.44,25.49,144600.0,109800.0,0
1.0,1.0,1.0,,Welcome to the RITC 2026 Liquidity Risk Case - practice server,Good Luck!,222,2026-02-01 08:25:10.901082,RITC,10.03,10.02,10.03,209700.0,198700.0,0
,,,,,,222,2026-02-01 08:25:10.901082,COMP,25.42,25.44,25.49,143100.0,109800.0,0
1.0,1.0,1.0,,Welcome to the RITC 2026 Liquidity Risk Case - practice server,Good Luck!,223,2026-02-01 08:25:11.924893,RITC,10.03,10.02,10.03,209700.0,199300.0,0
,,,,,,223,2026-02-01 08:25:11.924893,COMP,25.44,25.44,25.47,143500.0,117100.0,0
1.0,1.0,1.0,,Welcome to the RITC 2026 Liquidity Risk Case - practice server,Good Luck!,224,2026-02-01 08:25:12.955550,RITC,10.04,10.02,10.04,209700.0,205200.0,0
,,,,,,224,2026-02-01 08:25:12.955550,COMP,25.39,25.39,25.47,145900.0,117100.0,0
1.0,1.0,1.0,,Welcome to the RITC 2026 Liquidity Risk Case - practice server,Good Luck!,225,2026-02-01 08:25:13.989924,RITC,10.04,10.03,10.04,209300.0,205200.0,0
,,,,,,225,2026-02-01 08:25:13.989924,COMP,25.38,25.38,25.47,146800.0,117100.0,0
1.0,1.0,1.0,,Welcome to the RITC 2026 Liquidity Risk Case - practice server,Good Luck!,226,2026-02-01 08:25:15.004380,RITC,10.04,10.03,10.04,209300.0,205400.0,0
,,,,,,226,2026-02-01 08:25:15.004380,COMP,25.49,25.38,25.49,146800.0,109800.0,0
1.0,1.0,1.0,,Welcome to the RITC 2026 Liquidity Risk Case - practice server,Good Luck!,227,2026-02-01 08:25:16.038111,RITC,10.04,10.03,10.04,207400.0,205400.0,0
,,,,,,227,2026-02-01 08:25:16.038111,COMP,25.49,25.38,25.44,146800.0,117900.0,0
1.0,1.0,1.0,,Welcome to the RITC 2026 Liquidity Risk Case - practice server,Good Luck!,228,2026-02-01 08:25:17.054236,RITC,10.04,10.03,10.04,204400.0,203600.0,0
,,,,,,228,2026-02-01 08:25:17.054236,COMP,25.49,25.41,25.42,144900.0,125300.0,0
1.0,1.0,1.0,,Welcome to the RITC 2026 Liquidity Risk Case - practice server,Good Luck!,229,2026-02-01 08:25:18.064028,RITC,10.05,10.03,10.05,204400.0,206300.0,0
,,,,,,229,2026-02-01 08:25:18.064028,COMP,25.38,25.38,25.44,146800.0,117900.0,0
1.0,1.0,1.0,,Welcome to the RITC 2026 Liquidity Risk Case - practice server,Good Luck!,230,2026-02-01 08:25:19.084418,RITC,10.05,10.04,10.05,205700.0,206300.0,0
,,,,,,230,2026-02-01 08:25:19.084418,COMP,25.38,25.38,25.44,146800.0,117900.0,0
1.0,1.0,1.0,,Welcome to the RITC 2026 Liquidity Risk Case - practice server,Good Luck!,231,2026-02-01 08:25:20.104042,RITC,10.05,10.04,10.05,205700.0,203400.0,0
,,,,,,231,2026-02-01 08:25:20.104042,COMP,25.38,25.38,25.41,146800.0,132400.0,0
1.0,1.0,1.0,,Welcome to the RITC 2026 Liquidity Risk Case - practice server,Good Luck!,232,2026-02-01 08:25:21.124351,RITC,10.05,10.04,10.05,204000.0,200300.0,0
,,,,,,232,2026-02-01 08:25:21.124351,COMP,25.41,25.38,25.41,146800.0,132400.0,0
1.0,1.0,1.0,,Welcome to the RITC 2026 Liquidity Risk Case - practice server,Good Luck!,233,2026-02-01 08:25:22.139403,RITC,10.06,10.04,10.06,204000.0,200400.0,0
,,,,,,233,2026-02-01 08:25:22.139403,COMP,25.41,25.38,25.41,146900.0,138400.0,0
1.0,1.0,1.0,,Welcome to the RITC 2026 Liquidity Risk Case - practice server,Good Luck!,234,2026-02-01 08:25:23.154156,RITC,10.06,10.05,10.06,201100.0,200400.0,0
,,,,,,234,2026-02-01 08:25:23.154156,COMP,25.38,25.38,25.41,146900.0,138400.0,0
1.0,1.0,1.0,,Welcome to the RITC 2026 Liquidity Risk Case - practice server,Good Luck!,235,2026-02-01 08:25:24.184177,RITC,10.07,10.05,10.07,201100.0,201800.0,0
,,,,,,235,2026-02-01 08:25:24.184177,COMP,25.38,25.35,25.37,146200.0,139000.0,0
1.0,1.0,1.0,,Welcome to the RITC 2026 Liquidity Risk Case - practice server,Good Luck!,236,2026-02-01 08:25:25.204216,RITC,10.07,10.06,10.07,200000.0,201800.0,0
,,,,,,236,2026-02-01 08:25:25.204216,COMP,25.35,25.35,25.37,147400.0,139000.0,0
1.0,1.0,1.0,,Welcome to the RITC 2026 Liquidity Risk Case - practice server,Good Luck!,237,2026-02-01 08:25:26.224669,RITC,10.07,10.06,10.07,199600.0,201800.0,0
,,,,,,237,2026-02-01 08:25:26.224669,COMP,25.35,25.35,25.37,147400.0,139800.0,0
1.0,1.0,1.0,,Welcome to the RITC 2026 Liquidity Risk Case - practice server,Good Luck!,238,2026-02-01 08:25:27.251737,RITC,10.07,10.07,10.09,196200.0,200300.0,0
,,,,,,238,2026-02-01 08:25:27.251737,COMP,25.35,25.35,25.37,147400.0,140000.0,0
1.0,1.0,1.0,,Welcome to the RITC 2026 Liquidity Risk Case - practice server,Good Luck!,239,2026-02-01 08:25:28.274112,RITC,10.1,10.08,10.1,195200.0,201300.0,0
,,,,,,239,2026-02-01 08:25:28.274112,COMP,25.35,25.32,25.34,146100.0,141500.0,0
1.0,1.0,1.0,,Welcome to the RITC 2026 Liquidity Risk Case - practice server,Good Luck!,240,2026-02-01 08:25:29.284487,RITC,10.1,10.09,10.1,193900.0,201400.0,0
,,,,,,240,2026-02-01 08:25:29.284487,COMP,25.32,25.32,25.34,146100.0,141500.0,0
1.0,1.0,1.0,,Welcome to the RITC 2026 Liquidity Risk Case - practice server,Good Luck!,241,2026-02-01 08:25:30.313913,RITC,10.12,10.09,10.12,193900.0,203200.0,0
,,,,,,241,2026-02-01 08:25:30.313913,COMP,25.31,25.31,25.34,142900.0,141500.0,0
1.0,1.0,1.0,,Welcome to the RITC 2026 Liquidity Risk Case - practice server,Good Luck!,242,2026-02-01 08:25:31.338133,RITC,10.12,10.11,10.12,192700.0,204400.0,0
,,,,,,242,2026-02-01 08:25:31.338133,COMP,25.31,25.3,25.31,142400.0,140000.0,0
1.0,1.0,1.0,,Welcome to the RITC 2026 Liquidity Risk Case - practice server,Good Luck!,243,2026-02-01 08:25:32.370251,RITC,10.12,10.11,10.12,191400.0,201400.0,0
,,,,,,243,2026-02-01 08:25:32.370251,COMP,25.3,25.3,25.31,144400.0,139600.0,0
1.0,1.0,1.0,,Welcome to the RITC 2026 Liquidity Risk Case - practice server,Good Luck!,244,2026-02-01 08:25:33.393987,RITC,10.12,10.11,10.12,191100.0,201400.0,0
,,,,,,244,2026-02-01 08:25:33.393987,COMP,25.3,25.3,25.31,144400.0,139600.0,0
1.0,1.0,1.0,,Welcome to the RITC 2026 Liquidity Risk Case - practice server,Good Luck!,245,2026-02-01 08:25:34.423907,RITC,10.12,10.11,10.12,191100.0,201400.0,0
,,,,,,245,2026-02-01 08:25:34.423907,COMP,25.28,25.28,25.3,143700.0,138800.0,0
1.0,1.0,1.0,,Welcome to the RITC 2026 Liquidity Risk Case - practice server,Good Luck!,246,2026-02-01 08:25:35.461936,RITC,10.12,10.11,10.12,188800.0,201400.0,0
,,,,,,246,2026-02-01 08:25:35.461936,COMP,25.27,25.27,25.3,142300.0,140700.0,0
1.0,1.0,1.0,,Welcome to the RITC 2026 Liquidity Risk Case - practice server,Good Luck!,247,2026-02-01 08:25:36.498932,RITC,10.12,10.11,10.12,187300.0,197900.0,0
,,,,,,247,2026-02-01 08:25:36.498932,COMP,25.27,25.27,25.3,142300.0,140700.0,0
1.0,1.0,1.0,,Welcome to the RITC 2026 Liquidity Risk Case - practice server,Good Luck!,248,2026-02-01 08:25:37.512269,RITC,10.13,10.11,10.13,187300.0,198900.0,0
,,,,,,248,2026-02-01 08:25:37.512269,COMP,25.27,25.27,25.3,142300.0,143300.0,0
1.0,1.0,1.0,,Welcome to the RITC 2026 Liquidity Risk Case - practice server,Good Luck!,249,2026-02-01 08:25:38.533989,RITC,10.13,10.12,10.13,189700.0,199100.0,0
,,,,,,249,2026-02-01 08:25:38.533989,COMP,25.26,25.26,25.3,140300.0,143300.0,0
1.0,1.0,1.0,,Welcome to the RITC 2026 Liquidity Risk Case - practice server,Good Luck!,250,2026-02-01 08:25:39.558344,RITC,10.13,10.12,10.13,189000.0,198500.0,0
,,,,,,250,2026-02-01 08:25:39.558344,COMP,25.26,25.26,25.3,140300.0,144500.0,0
1.0,1.0,1.0,,Welcome to the RITC 2026 Liquidity Risk Case - practice server,Good Luck!,251,2026-02-01 08:25:40.576460,RITC,10.13,10.12,10.13,191100.0,198500.0,0
,,,,,,251,2026-02-01 08:25:40.576460,COMP,25.22,25.22,25.3,141200.0,144500.0,0
1.0,1.0,1.0,,Welcome to the RITC 2026 Liquidity Risk Case - practice server,Good Luck!,252,2026-02-01 08:25:41.604226,RITC,10.13,10.12,10.13,191400.0,197900.0,0
,,,,,,252,2026-02-01 08:25:41.604226,COMP,25.22,25.22,25.26,141200.0,144100.0,0
1.0,1.0,1.0,,Welcome to the RITC 2026 Liquidity Risk Case - practice server,Good Luck!,253,2026-02-01 08:25:42.633869,RITC,10.13,10.12,10.13,191900.0,200000.0,0
,,,,,,253,2026-02-01 08:25:42.633869,COMP,25.22,25.22,25.26,141200.0,145800.0,0
1.0,1.0,1.0,,Welcome to the RITC 2026 Liquidity Risk Case - practice server,Good Luck!,254,2026-02-01 08:25:43.655543,RITC,10.13,10.12,10.13,195000.0,200000.0,0
,,,,,,254,2026-02-01 08:25:43.655543,COMP,25.22,25.22,25.25,141200.0,144100.0,0
1.0,1.0,1.0,,Welcome to the RITC 2026 Liquidity Risk Case - practice server,Good Luck!,255,2026-02-01 08:25:44.685812,RITC,10.14,10.12,10.14,195000.0,201000.0,0
,,,,,,255,2026-02-01 08:25:44.685812,COMP,25.22,25.22,25.25,141200.0,144400.0,0
1.0,1.0,1.0,,Welcome to the RITC 2026 Liquidity Risk Case - practice server,Good Luck!,256,2026-02-01 08:25:45.699061,RITC,10.14,10.12,10.14,198100.0,201000.0,0
,,,,,,256,2026-02-01 08:25:45.699061,COMP,25.22,25.22,25.24,141200.0,142100.0,0
1.0,1.0,1.0,,Welcome to the RITC 2026 Liquidity Risk Case - practice server,Good Luck!,257,2026-02-01 08:25:46.726571,RITC,10.14,10.12,10.14,197700.0,201400.0,0
,,,,,,257,2026-02-01 08:25:46.726571,COMP,25.22,25.22,25.24,141300.0,140800.0,0
1.0,1.0,1.0,,Welcome to the RITC 2026 Liquidity Risk Case - practice server,Good Luck!,258,2026-02-01 08:25:47.739319,RITC,10.14,10.12,10.14,197700.0,201400.0,0
,,,,,,258,2026-02-01 08:25:47.739319,COMP,25.22,25.22,25.24,141300.0,140800.0,0
1.0,1.0,1.0,,Welcome to the RITC 2026 Liquidity Risk Case - practice server,Good Luck!,259,2026-02-01 08:25:48.747452,RITC,10.14,10.13,10.14,200700.0,202500.0,0
,,,,,,259,2026-02-01 08:25:48.747452,COMP,25.22,25.22,25.24,141300.0,139900.0,0
1.0,1.0,1.0,,Welcome to the RITC 2026 Liquidity Risk Case - practice server,Good Luck!,260,2026-02-01 08:25:49.772156,RITC,10.14,10.13,10.14,201200.0,202500.0,0
,,,,,,260,2026-02-01 08:25:49.772156,COMP,25.22,25.22,25.23,141300.0,136700.0,0
1.0,1.0,1.0,,Welcome to the RITC 2026 Liquidity Risk Case - practice server,Good Luck!,261,2026-02-01 08:25:50.784360,RITC,10.14,10.13,10.14,201200.0,202500.0,0
,,,,,,261,2026-02-01 08:25:50.784360,COMP,25.21,25.21,25.23,140100.0,135800.0,0
1.0,1.0,1.0,,Welcome to the RITC 2026 Liquidity Risk Case - practice server,Good Luck!,262,2026-02-01 08:25:51.801344,RITC,10.15,10.13,10.15,200900.0,200500.0,0
,,,,,,262,2026-02-01 08:25:51.801344,COMP,25.21,25.21,25.23,140100.0,135800.0,0
1.0,1.0,1.0,,Welcome to the RITC 2026 Liquidity Risk Case - practice server,Good Luck!,263,2026-02-01 08:25:52.830576,RITC,10.15,10.13,10.15,200900.0,199400.0,0
,,,,,,263,2026-02-01 08:25:52.830576,COMP,25.21,25.21,25.23,140100.0,135600.0,0
1.0,1.0,1.0,,Welcome to the RITC 2026 Liquidity Risk Case - practice server,Good Luck!,264,2026-02-01 08:25:53.873943,RITC,10.15,10.13,10.15,201800.0,198400.0,0
,,,,,,264,2026-02-01 08:25:53.873943,COMP,25.21,25.21,25.23,140100.0,133900.0,0
1.0,1.0,1.0,,Welcome to the RITC 2026 Liquidity Risk Case - practice server,Good Luck!,265,2026-02-01 08:25:54.953954,RITC,10.16,10.13,10.16,201800.0,197900.0,0
,,,,,,265,2026-02-01 08:25:54.953954,COMP,25.21,25.21,25.23,140100.0,131500.0,0
1.0,1.0,1.0,,Welcome to the RITC 2026 Liquidity Risk Case - practice server,Good Luck!,266,2026-02-01 08:25:55.972285,RITC,10.16,10.14,10.16,203500.0,198200.0,0
,,,,,,266,2026-02-01 08:25:55.972285,COMP,25.21,25.21,25.23,138400.0,131500.0,0
1.0,1.0,1.0,,Welcome to the RITC 2026 Liquidity Risk Case - practice server,Good Luck!,267,2026-02-01 08:25:56.987091,RITC,10.18,10.17,10.18,204700.0,196400.0,0
,,,,,,267,2026-02-01 08:25:56.987091,COMP,25.21,25.21,25.23,138400.0,129400.0,0
1.0,1.0,1.0,,Welcome to the RITC 2026 Liquidity Risk Case - practice server,Good Luck!,268,2026-02-01 08:25:58.008683,RITC,10.19,10.17,10.19,203700.0,195400.0,0
,,,,,,268,2026-02-01 08:25:58.008683,COMP,25.21,25.21,25.23,138400.0,129400.0,0
1.0,1.0,1.0,,Welcome to the RITC 2026 Liquidity Risk Case - practice server,Good Luck!,269,2026-02-01 08:25:59.037344,RITC,10.19,10.18,10.19,201800.0,195400.0,0
,,,,,,269,2026-02-01 08:25:59.037344,COMP,25.21,25.21,25.23,138400.0,129300.0,0
1.0,1.0,1.0,,Welcome to the RITC 2026 Liquidity Risk Case - practice server,Good Luck!,270,2026-02-01 08:26:00.052550,RITC,10.19,10.18,10.19,201800.0,196700.0,0
,,,,,,270,2026-02-01 08:26:00.052550,COMP,25.21,25.21,25.23,138400.0,129400.0,0
1.0,1.0,1.0,,Welcome to the RITC 2026 Liquidity Risk Case - practice server,Good Luck!,271,2026-02-01 08:26:01.078851,RITC,10.2,10.18,10.2,201800.0,200500.0,0
,,,,,,271,2026-02-01 08:26:01.078851,COMP,25.21,25.21,25.23,138400.0,131600.0,0
1.0,1.0,1.0,,Welcome to the RITC 2026 Liquidity Risk Case - practice server,Good Luck!,273,2026-02-01 08:26:02.089119,RITC,10.2,10.18,10.2,201800.0,201500.0,0
,,,,,,273,2026-02-01 08:26:02.089119,COMP,25.2,25.2,25.23,136600.0,131600.0,0
1.0,1.0,1.0,,Welcome to the RITC 2026 Liquidity Risk Case - practice server,Good Luck!,273,2026-02-01 08:26:03.123897,RITC,10.2,10.18,10.2,199600.0,201500.0,0
,,,,,,273,2026-02-01 08:26:03.123897,COMP,25.19,25.19,25.23,137100.0,131600.0,0
1.0,1.0,1.0,,Welcome to the RITC 2026 Liquidity Risk Case - practice server,Good Luck!,275,2026-02-01 08:26:04.142951,RITC,10.2,10.19,10.2,196600.0,200000.0,0
,,,,,,275,2026-02-01 08:26:04.142951,COMP,25.19,25.18,25.19,135700.0,133400.0,0
1.0,1.0,1.0,,Welcome to the RITC 2026 Liquidity Risk Case - practice server,Good Luck!,276,2026-02-01 08:26:05.160949,RITC,10.22,10.19,10.22,197600.0,197900.0,0
,,,,,,276,2026-02-01 08:26:05.160949,COMP,25.17,25.17,25.19,136400.0,133400.0,0
1.0,1.0,1.0,,Welcome to the RITC 2026 Liquidity Risk Case - practice server,Good Luck!,277,2026-02-01 08:26:06.178030,RITC,10.22,10.21,10.22,197200.0,196000.0,0
,,,,,,277,2026-02-01 08:26:06.178030,COMP,25.16,25.16,25.19,137200.0,133400.0,0
1.0,1.0,1.0,,Welcome to the RITC 2026 Liquidity Risk Case - practice server,Good Luck!,278,2026-02-01 08:26:07.194107,RITC,10.23,10.21,10.23,197200.0,194500.0,0
,,,,,,278,2026-02-01 08:26:07.194107,COMP,25.15,25.15,25.19,136200.0,134300.0,0
1.0,1.0,1.0,,Welcome to the RITC 2026 Liquidity Risk Case - practice server,Good Luck!,279,2026-02-01 08:26:08.214205,RITC,10.23,10.21,10.23,195700.0,191600.0,0
,,,,,,279,2026-02-01 08:26:08.214205,COMP,25.15,25.15,25.16,136200.0,133500.0,0
1.0,1.0,1.0,,Welcome to the RITC 2026 Liquidity Risk Case - practice server,Good Luck!,280,2026-02-01 08:26:09.236628,RITC,10.23,10.22,10.23,198600.0,191900.0,0
,,,,,,280,2026-02-01 08:26:09.236628,COMP,25.14,25.14,25.16,135500.0,132900.0,0
1.0,1.0,1.0,,Welcome to the RITC 2026 Liquidity Risk Case - practice server,Good Luck!,281,2026-02-01 08:26:10.265085,RITC,10.23,10.22,10.23,193600.0,189300.0,0
,,,,,,281,2026-02-01 08:26:10.265085,COMP,25.14,25.14,25.16,135500.0,132900.0,0
1.0,1.0,1.0,,Welcome to the RITC 2026 Liquidity Risk Case - practice server,Good Luck!,282,2026-02-01 08:26:11.284261,RITC,10.23,10.22,10.23,193600.0,192900.0,0
,,,,,,282,2026-02-01 08:26:11.284261,COMP,25.14,25.14,25.16,135500.0,132300.0,0
1.0,1.0,1.0,,Welcome to the RITC 2026 Liquidity Risk Case - practice server,Good Luck!,283,2026-02-01 08:26:12.301864,RITC,10.24,10.22,10.24,193600.0,193000.0,0
,,,,,,283,2026-02-01 08:26:12.301864,COMP,25.13,25.13,25.16,133500.0,134000.0,0
1.0,1.0,1.0,,Welcome to the RITC 2026 Liquidity Risk Case - practice server,Good Luck!,284,2026-02-01 08:26:13.334218,RITC,10.25,10.22,10.25,193600.0,175000.0,0
,,,,,,284,2026-02-01 08:26:13.334218,COMP,25.11,25.11,25.16,133900.0,134000.0,0
1.0,1.0,1.0,,Welcome to the RITC 2026 Liquidity Risk Case - practice server,Good Luck!,285,2026-02-01 08:26:14.353546,RITC,10.25,10.23,10.25,191200.0,163500.0,0
,,,,,,285,2026-02-01 08:26:14.353546,COMP,25.11,25.11,25.16,133900.0,135000.0,0
1.0,1.0,1.0,,Welcome to the RITC 2026 Liquidity Risk Case - practice server,Good Luck!,286,2026-02-01 08:26:15.370469,RITC,10.25,10.23,10.25,191900.0,163500.0,0
,,,,,,286,2026-02-01 08:26:15.370469,COMP,25.11,25.1,25.11,131700.0,135700.0,0
1.0,1.0,1.0,,Welcome to the RITC 2026 Liquidity Risk Case - practice server,Good Luck!,287,2026-02-01 08:26:16.406916,RITC,10.26,10.23,10.26,191000.0,152400.0,0
,,,,,,287,2026-02-01 08:26:16.406916,COMP,25.09,25.09,25.11,133900.0,135700.0,0
1.0,1.0,1.0,,Welcome to the RITC 2026 Liquidity Risk Case - practice server,Good Luck!,288,2026-02-01 08:26:17.434773,RITC,10.26,10.25,10.26,191700.0,152400.0,0
,,,,,,288,2026-02-01 08:26:17.434773,COMP,25.08,25.08,25.11,134100.0,135700.0,0
1.0,1.0,1.0,,Welcome to the RITC 2026 Liquidity Risk Case - practice server,Good Luck!,289,2026-02-01 08:26:18.458928,RITC,10.26,10.25,10.26,190400.0,152400.0,0
,,,,,,289,2026-02-01 08:26:18.458928,COMP,25.06,25.06,25.11,135300.0,135700.0,0
1.0,1.0,1.0,,Welcome to the RITC 2026 Liquidity Risk Case - practice server,Good Luck!,290,2026-02-01 08:26:19.484964,RITC,10.28,10.25,10.28,190900.0,141000.0,0
,,,,,,290,2026-02-01 08:26:19.484964,COMP,25.05,25.05,25.1,135100.0,136300.0,0
1.0,1.0,1.0,,Welcome to the RITC 2026 Liquidity Risk Case - practice server,Good Luck!,291,2026-02-01 08:26:20.514290,RITC,10.28,10.26,10.28,191400.0,141000.0,0
,,,,,,291,2026-02-01 08:26:20.514290,COMP,25.05,25.05,25.1,135100.0,136100.0,0
1.0,1.0,1.0,,Welcome to the RITC 2026 Liquidity Risk Case - practice server,Good Luck!,292,2026-02-01 08:26:21.548846,RITC,10.3,10.28,10.3,190800.0,131400.0,0
,,,,,,292,2026-02-01 08:26:21.548846,COMP,25.05,25.05,25.1,135100.0,137500.0,0
1.0,1.0,1.0,,Welcome to the RITC 2026 Liquidity Risk Case - practice server,Good Luck!,293,2026-02-01 08:26:22.581237,RITC,10.3,10.3,10.32,192200.0,119800.0,0
,,,,,,293,2026-02-01 08:26:22.581237,COMP,25.05,25.05,25.09,135100.0,138900.0,0
1.0,1.0,1.0,,Welcome to the RITC 2026 Liquidity Risk Case - practice server,Good Luck!,294,2026-02-01 08:26:23.598317,RITC,10.3,10.3,10.32,196900.0,119800.0,0
,,,,,,294,2026-02-01 08:26:23.598317,COMP,25.04,25.04,25.08,135500.0,139000.0,0
1.0,1.0,1.0,,Welcome to the RITC 2026 Liquidity Risk Case - practice server,Good Luck!,295,2026-02-01 08:26:24.620287,RITC,10.33,10.32,10.33,198200.0,110500.0,0
,,,,,,295,2026-02-01 08:26:24.620287,COMP,25.03,25.03,25.08,136500.0,139000.0,0
1.0,1.0,1.0,,Welcome to the RITC 2026 Liquidity Risk Case - practice server,Good Luck!,296,2026-02-01 08:26:25.661004,RITC,10.38,10.32,10.38,198100.0,101000.0,0
,,,,,,296,2026-02-01 08:26:25.661004,COMP,25.01,25.01,25.08,137600.0,139000.0,0
1.0,1.0,1.0,,Welcome to the RITC 2026 Liquidity Risk Case - practice server,Good Luck!,297,2026-02-01 08:26:26.683958,RITC,10.38,10.32,10.38,198500.0,101000.0,0
,,,,,,297,2026-02-01 08:26:26.683958,COMP,25.0,24.99,25.0,138100.0,137500.0,0
1.0,1.0,1.0,,Welcome to the RITC 2026 Liquidity Risk Case - practice server,Good Luck!,298,2026-02-01 08:26:27.703451,RITC,10.38,10.37,10.38,198600.0,101000.0,0
,,,,,,298,2026-02-01 08:26:27.703451,COMP,24.99,24.99,25.0,138100.0,137000.0,0
1.0,1.0,1.0,,Welcome to the RITC 2026 Liquidity Risk Case - practice server,Good Luck!,299,2026-02-01 08:26:28.721722,RITC,10.38,10.37,10.38,197700.0,101000.0,0
,,,,,,299,2026-02-01 08:26:28.721722,COMP,24.99,24.99,25.0,138100.0,137500.0,0
1.0,1.0,1.0,,Welcome to the RITC 2026 Liquidity Risk Case - practice server,Good Luck!,300,2026-02-01 08:26:29.737872,RITC,10.41,10.41,10.42,198700.0,91600.0,0
,,,,,,300,2026-02-01 08:26:29.737872,COMP,24.99,24.99,25.0,138100.0,140000.0,0
1.0,1.0,1.0,,Welcome to the RITC 2026 Liquidity Risk Case - practice server,Good Luck!,301,2026-02-01 08:26:30.758891,RITC,10.42,10.41,10.44,198500.0,88500.0,0
,,,,,,301,2026-02-01 08:26:30.758891,COMP,24.99,24.97,24.98,138300.0,139900.0,0
1.0,1.0,1.0,,Welcome to the RITC 2026 Liquidity Risk Case - practice server,Good Luck!,302,2026-02-01 08:26:31.784829,RITC,10.44,10.43,10.44,199100.0,88500.0,0
,,,,,,302,2026-02-01 08:26:31.784829,COMP,24.97,24.97,24.98,138000.0,141300.0,0
1.0,1.0,1.0,,Welcome to the RITC 2026 Liquidity Risk Case - practice server,Good Luck!,303,2026-02-01 08:26:32.810785,RITC,10.45,10.44,10.45,197400.0,90100.0,0
,,,,,,303,2026-02-01 08:26:32.810785,COMP,24.97,24.97,24.98,138000.0,142900.0,0
1.0,1.0,1.0,,Welcome to the RITC 2026 Liquidity Risk Case - practice server,Good Luck!,304,2026-02-01 08:26:33.829541,RITC,10.48,10.47,10.48,199600.0,91200.0,0
,,,,,,304,2026-02-01 08:26:33.829541,COMP,24.97,24.97,24.98,138000.0,142600.0,0
1.0,1.0,1.0,,Welcome to the RITC 2026 Liquidity Risk Case - practice server,Good Luck!,305,2026-02-01 08:26:34.859115,RITC,10.49,10.47,10.49,198200.0,94000.0,0
,,,,,,305,2026-02-01 08:26:34.859115,COMP,24.97,24.97,24.98,138000.0,140900.0,0
1.0,1.0,1.0,,Welcome to the RITC 2026 Liquidity Risk Case - practice server,Good Luck!,306,2026-02-01 08:26:35.899281,RITC,10.49,10.48,10.49,199200.0,94000.0,0
,,,,,,306,2026-02-01 08:26:35.899281,COMP,24.95,24.95,24.98,138700.0,140900.0,0
1.0,1.0,1.0,,Welcome to the RITC 2026 Liquidity Risk Case - practice server,Good Luck!,307,2026-02-01 08:26:36.919045,RITC,10.49,10.49,10.5,200500.0,96400.0,0
,,,,,,307,2026-02-01 08:26:36.919045,COMP,24.95,24.95,24.98,140400.0,140900.0,0
1.0,1.0,1.0,,Welcome to the RITC 2026 Liquidity Risk Case - practice server,Good Luck!,308,2026-02-01 08:26:37.949555,RITC,10.51,10.49,10.51,200700.0,98200.0,0
,,,,,,308,2026-02-01 08:26:37.949555,COMP,24.94,24.94,24.98,142400.0,140900.0,0
1.0,1.0,1.0,,Welcome to the RITC 2026 Liquidity Risk Case - practice server,Good Luck!,309,2026-02-01 08:26:38.978373,RITC,10.51,10.49,10.52,199100.0,98000.0,0
,,,,,,309,2026-02-01 08:26:38.978373,COMP,24.94,24.94,24.98,142400.0,140000.0,0
1.0,1.0,1.0,,Welcome to the RITC 2026 Liquidity Risk Case - practice server,Good Luck!,310,2026-02-01 08:26:39.998981,RITC,10.51,10.51,10.52,201500.0,98000.0,0
,,,,,,310,2026-02-01 08:26:39.998981,COMP,24.93,24.93,24.98,141500.0,140000.0,0
1.0,1.0,1.0,,Welcome to the RITC 2026 Liquidity Risk Case - practice server,Good Luck!,311,2026-02-01 08:26:41.038400,RITC,10.52,10.51,10.52,201500.0,98000.0,0
,,,,,,311,2026-02-01 08:26:41.038400,COMP,24.93,24.93,24.98,141500.0,140200.0,0
1.0,1.0,1.0,,Welcome to the RITC 2026 Liquidity Risk Case - practice server,Good Luck!,312,2026-02-01 08:26:42.061912,RITC,10.53,10.53,10.56,199500.0,95800.0,0
,,,,,,312,2026-02-01 08:26:42.061912,COMP,24.93,24.93,24.98,141500.0,140200.0,0
1.0,1.0,1.0,,Welcome to the RITC 2026 Liquidity Risk Case - practice server,Good Luck!,313,2026-02-01 08:26:43.079303,RITC,10.56,10.54,10.56,201200.0,95800.0,0
,,,,,,313,2026-02-01 08:26:43.079303,COMP,24.93,24.93,24.95,141500.0,140800.0,0
1.0,1.0,1.0,,Welcome to the RITC 2026 Liquidity Risk Case - practice server,Good Luck!,314,2026-02-01 08:26:44.101828,RITC,10.57,10.57,10.68,200200.0,96200.0,0
,,,,,,314,2026-02-01 08:26:44.101828,COMP,24.93,24.93,24.95,140400.0,141100.0,0
1.0,1.0,1.0,,Welcome to the RITC 2026 Liquidity Risk Case - practice server,Good Luck!,315,2026-02-01 08:26:45.134035,RITC,10.54,10.54,10.63,201200.0,106000.0,0
,,,,,,315,2026-02-01 08:26:45.134035,COMP,24.93,24.93,24.95,140400.0,141100.0,0
1.0,1.0,1.0,,Welcome to the RITC 2026 Liquidity Risk Case - practice server,Good Luck!,316,2026-02-01 08:26:46.173874,RITC,10.54,10.54,10.58,201600.0,114500.0,0
,,,,,,316,2026-02-01 08:26:46.173874,COMP,24.92,24.92,24.93,138500.0,140300.0,0
1.0,1.0,1.0,,Welcome to the RITC 2026 Liquidity Risk Case - practice server,Good Luck!,317,2026-02-01 08:26:47.203015,RITC,10.54,10.54,10.58,201300.0,125200.0,0
,,,,,,317,2026-02-01 08:26:47.203015,COMP,24.91,24.91,24.93,139100.0,140300.0,0
1.0,1.0,1.0,,Welcome to the RITC 2026 Liquidity Risk Case - practice server,Good Luck!,318,2026-02-01 08:26:48.249918,RITC,10.53,10.51,10.53,201500.0,143500.0,0
,,,,,,318,2026-02-01 08:26:48.249918,COMP,24.9,24.9,24.93,139400.0,140300.0,0
1.0,1.0,1.0,,Welcome to the RITC 2026 Liquidity Risk Case - practice server,Good Luck!,319,2026-02-01 08:26:49.269878,RITC,10.51,10.51,10.52,201500.0,152100.0,0
,,,,,,319,2026-02-01 08:26:49.269878,COMP,24.9,24.9,24.93,139400.0,140300.0,0
1.0,1.0,1.0,,Welcome to the RITC 2026 Liquidity Risk Case - practice server,Good Luck!,320,2026-02-01 08:26:50.294201,RITC,10.48,10.48,10.52,198000.0,152100.0,0
,,,,,,320,2026-02-01 08:26:50.294201,COMP,24.95,24.9,24.95,139400.0,139900.0,0
1.0,1.0,1.0,,Welcome to the RITC 2026 Liquidity Risk Case - practice server,Good Luck!,321,2026-02-01 08:26:51.328128,RITC,10.47,10.47,10.52,198600.0,161700.0,0
,,,,,,321,2026-02-01 08:26:51.328128,COMP,24.9,24.9,24.95,139400.0,139900.0,0
1.0,1.0,1.0,,Welcome to the RITC 2026 Liquidity Risk Case - practice server,Good Luck!,322,2026-02-01 08:26:52.357275,RITC,10.47,10.47,10.52,198000.0,173100.0,0
,,,,,,322,2026-02-01 08:26:52.357275,COMP,24.9,24.9,24.95,138000.0,139900.0,0
1.0,1.0,1.0,,Welcome to the RITC 2026 Liquidity Risk Case - practice server,Good Luck!,324,2026-02-01 08:26:53.394194,RITC,10.47,10.47,10.48,195700.0,193800.0,0
,,,,,,324,2026-02-01 08:26:53.394194,COMP,24.88,24.88,24.89,137600.0,138200.0,0
1.0,1.0,1.0,,Welcome to the RITC 2026 Liquidity Risk Case - practice server,Good Luck!,325,2026-02-01 08:26:54.418973,RITC,10.47,10.47,10.48,197800.0,193800.0,0
,,,,,,325,2026-02-01 08:26:54.418973,COMP,24.88,24.85,24.88,138500.0,138800.0,0
1.0,1.0,1.0,,Welcome to the RITC 2026 Liquidity Risk Case - practice server,Good Luck!,326,2026-02-01 08:26:55.440073,RITC,10.47,10.45,10.46,199700.0,195000.0,0
,,,,,,326,2026-02-01 08:26:55.440073,COMP,24.85,24.85,24.88,138500.0,138800.0,0
1.0,1.0,1.0,,Welcome to the RITC 2026 Liquidity Risk Case - practice server,Good Luck!,327,2026-02-01 08:26:56.469354,RITC,10.47,10.45,10.46,200800.0,197900.0,0
,,,,,,327,2026-02-01 08:26:56.469354,COMP,24.84,24.84,24.88,137700.0,138800.0,0
1.0,1.0,1.0,,Welcome to the RITC 2026 Liquidity Risk Case - practice server,Good Luck!,328,2026-02-01 08:26:57.489045,RITC,10.45,10.45,10.46,200800.0,196700.0,0
,,,,,,328,2026-02-01 08:26:57.489045,COMP,24.84,24.84,24.88,137700.0,138900.0,0
1.0,1.0,1.0,,Welcome to the RITC 2026 Liquidity Risk Case - practice server,Good Luck!,329,2026-02-01 08:26:58.513057,RITC,10.45,10.44,10.45,199400.0,197400.0,0
,,,,,,329,2026-02-01 08:26:58.513057,COMP,24.79,24.79,24.81,139500.0,140600.0,0
1.0,1.0,1.0,,Welcome to the RITC 2026 Liquidity Risk Case - practice server,Good Luck!,330,2026-02-01 08:26:59.538737,RITC,10.43,10.43,10.45,199600.0,199600.0,0
,,,,,,330,2026-02-01 08:26:59.538737,COMP,24.77,24.77,24.81,131400.0,140900.0,0
1.0,1.0,1.0,,Welcome to the RITC 2026 Liquidity Risk Case - practice server,Good Luck!,331,2026-02-01 08:27:00.556384,RITC,10.43,10.43,10.45,199600.0,201300.0,0
,,,,,,331,2026-02-01 08:27:00.556384,COMP,24.77,24.77,24.81,131400.0,141400.0,0
1.0,1.0,1.0,,Welcome to the RITC 2026 Liquidity Risk Case - practice server,Good Luck!,332,2026-02-01 08:27:01.577922,RITC,10.43,10.43,10.45,199600.0,199700.0,0
,,,,,,332,2026-02-01 08:27:01.577922,COMP,24.75,24.75,24.81,124400.0,141400.0,0
1.0,1.0,1.0,,Welcome to the RITC 2026 Liquidity Risk Case - practice server,Good Luck!,333,2026-02-01 08:27:02.606044,RITC,10.43,10.43,10.45,199000.0,199200.0,0
,,,,,,333,2026-02-01 08:27:02.606044,COMP,24.75,24.75,24.8,124400.0,143200.0,0
1.0,1.0,1.0,,Welcome to the RITC 2026 Liquidity Risk Case - practice server,Good Luck!,334,2026-02-01 08:27:03.628781,RITC,10.41,10.41,10.42,197900.0,198500.0,0
,,,,,,334,2026-02-01 08:27:03.628781,COMP,24.75,24.75,24.8,124400.0,143400.0,0
1.0,1.0,1.0,,Welcome to the RITC 2026 Liquidity Risk Case - practice server,Good Luck!,335,2026-02-01 08:27:04.674982,RITC,10.41,10.41,10.42,197900.0,197400.0,0
,,,,,,335,2026-02-01 08:27:04.674982,COMP,24.73,24.73,24.79,111600.0,143400.0,0
1.0,1.0,1.0,,Welcome to the RITC 2026 Liquidity Risk Case - practice server,Good Luck!,336,2026-02-01 08:27:05.688810,RITC,10.4,10.4,10.42,198800.0,196800.0,0
,,,,,,336,2026-02-01 08:27:05.688810,COMP,24.73,24.73,24.74,111600.0,143200.0,0
1.0,1.0,1.0,,Welcome to the RITC 2026 Liquidity Risk Case - practice server,Good Luck!,337,2026-02-01 08:27:06.722057,RITC,10.37,10.37,10.4,197700.0,195200.0,0
,,,,,,337,2026-02-01 08:27:06.722057,COMP,24.73,24.73,24.74,111600.0,143000.0,0
1.0,1.0,1.0,,Welcome to the RITC 2026 Liquidity Risk Case - practice server,Good Luck!,338,2026-02-01 08:27:07.744243,RITC,10.37,10.34,10.37,198500.0,197700.0,0
,,,,,,338,2026-02-01 08:27:07.744243,COMP,24.7,24.7,24.74,97500.0,143000.0,0
1.0,1.0,1.0,,Welcome to the RITC 2026 Liquidity Risk Case - practice server,Good Luck!,339,2026-02-01 08:27:08.767052,RITC,10.37,10.34,10.37,198500.0,196800.0,0
,,,,,,339,2026-02-01 08:27:08.767052,COMP,24.7,24.7,24.74,90500.0,143000.0,0
1.0,1.0,1.0,,Welcome to the RITC 2026 Liquidity Risk Case - practice server,Good Luck!,340,2026-02-01 08:27:09.783874,RITC,10.34,10.34,10.37,198500.0,196800.0,0
,,,,,,340,2026-02-01 08:27:09.783874,COMP,24.7,24.7,24.74,90500.0,142600.0,0
1.0,1.0,1.0,,Welcome to the RITC 2026 Liquidity Risk Case - practice server,Good Luck!,341,2026-02-01 08:27:10.804551,RITC,10.33,10.33,10.36,199300.0,196200.0,0
,,,,,,341,2026-02-01 08:27:10.804551,COMP,24.7,24.7,24.74,90500.0,146000.0,0
1.0,1.0,1.0,,Welcome to the RITC 2026 Liquidity Risk Case - practice server,Good Luck!,342,2026-02-01 08:27:11.825601,RITC,10.32,10.32,10.36,196800.0,193300.0,0
,,,,,,342,2026-02-01 08:27:11.825601,COMP,24.7,24.64,24.7,82200.0,147000.0,0
1.0,1.0,1.0,,Welcome to the RITC 2026 Liquidity Risk Case - practice server,Good Luck!,343,2026-02-01 08:27:12.841610,RITC,10.32,10.32,10.34,196800.0,189600.0,0
,,,,,,343,2026-02-01 08:27:12.841610,COMP,24.64,24.64,24.66,76500.0,149200.0,0
1.0,1.0,1.0,,Welcome to the RITC 2026 Liquidity Risk Case - practice server,Good Luck!,344,2026-02-01 08:27:13.862450,RITC,10.32,10.32,10.33,196800.0,189100.0,0
,,,,,,344,2026-02-01 08:27:13.862450,COMP,24.64,24.64,24.66,76500.0,150100.0,0
1.0,1.0,1.0,,Welcome to the RITC 2026 Liquidity Risk Case - practice server,Good Luck!,345,2026-02-01 08:27:14.894124,RITC,10.32,10.32,10.33,196900.0,189000.0,0
,,,,,,345,2026-02-01 08:27:14.894124,COMP,24.64,24.64,24.66,76500.0,149800.0,0
1.0,1.0,1.0,,Welcome to the RITC 2026 Liquidity Risk Case - practice server,Good Luck!,346,2026-02-01 08:27:15.919044,RITC,10.29,10.29,10.32,195100.0,188600.0,0
,,,,,,346,2026-02-01 08:27:15.919044,COMP,24.64,24.64,24.66,76500.0,149800.0,0
1.0,1.0,1.0,,Welcome to the RITC 2026 Liquidity Risk Case - practice server,Good Luck!,347,2026-02-01 08:27:16.934121,RITC,10.29,10.29,10.32,194900.0,189500.0,0
,,,,,,347,2026-02-01 08:27:16.934121,COMP,24.64,24.64,24.66,76500.0,149100.0,0
1.0,1.0,1.0,,Welcome to the RITC 2026 Liquidity Risk Case - practice server,Good Luck!,348,2026-02-01 08:27:17.956680,RITC,10.29,10.29,10.32,194900.0,187900.0,0
,,,,,,348,2026-02-01 08:27:17.956680,COMP,24.63,24.63,24.66,70700.0,149100.0,0
1.0,1.0,1.0,,Welcome to the RITC 2026 Liquidity Risk Case - practice server,Good Luck!,349,2026-02-01 08:27:18.974167,RITC,10.29,10.28,10.29,193200.0,190300.0,0
,,,,,,349,2026-02-01 08:27:18.974167,COMP,24.58,24.6,24.66,71400.0,149100.0,0
1.0,1.0,1.0,,Welcome to the RITC 2026 Liquidity Risk Case - practice server,Good Luck!,350,2026-02-01 08:27:19.991888,RITC,10.28,10.28,10.29,195800.0,189800.0,0
,,,,,,350,2026-02-01 08:27:19.991888,COMP,24.58,24.58,24.66,74000.0,149100.0,0
1.0,1.0,1.0,,Welcome to the RITC 2026 Liquidity Risk Case - practice server,Good Luck!,351,2026-02-01 08:27:21.002643,RITC,10.28,10.26,10.28,195100.0,191400.0,0
,,,,,,351,2026-02-01 08:27:21.002643,COMP,24.48,24.48,24.66,81100.0,149100.0,0
1.0,1.0,1.0,,Welcome to the RITC 2026 Liquidity Risk Case - practice server,Good Luck!,352,2026-02-01 08:27:22.031053,RITC,10.28,10.26,10.27,195100.0,192300.0,0
,,,,,,352,2026-02-01 08:27:22.031053,COMP,24.48,24.48,24.61,81100.0,149700.0,0
1.0,1.0,1.0,,Welcome to the RITC 2026 Liquidity Risk Case - practice server,Good Luck!,353,2026-02-01 08:27:23.051347,RITC,10.28,10.26,10.27,195100.0,192100.0,0
,,,,,,353,2026-02-01 08:27:23.051347,COMP,24.48,24.48,24.5,81100.0,150100.0,0
1.0,1.0,1.0,,Welcome to the RITC 2026 Liquidity Risk Case - practice server,Good Luck!,354,2026-02-01 08:27:24.069018,RITC,10.25,10.25,10.27,192500.0,192100.0,0
,,,,,,354,2026-02-01 08:27:24.069018,COMP,24.48,24.48,24.5,87000.0,150100.0,0
1.0,1.0,1.0,,Welcome to the RITC 2026 Liquidity Risk Case - practice server,Good Luck!,355,2026-02-01 08:27:25.080148,RITC,10.25,10.25,10.27,192500.0,191100.0,0
,,,,,,355,2026-02-01 08:27:25.080148,COMP,24.5,24.48,24.5,87000.0,150100.0,0
1.0,1.0,1.0,,Welcome to the RITC 2026 Liquidity Risk Case - practice server,Good Luck!,356,2026-02-01 08:27:26.107918,RITC,10.25,10.25,10.26,192500.0,193800.0,0
,,,,,,356,2026-02-01 08:27:26.107918,COMP,24.47,24.47,24.5,79200.0,150100.0,0
1.0,1.0,1.0,,Welcome to the RITC 2026 Liquidity Risk Case - practice server,Good Luck!,357,2026-02-01 08:27:27.122370,RITC,10.25,10.25,10.26,192500.0,193800.0,0
,,,,,,357,2026-02-01 08:27:27.122370,COMP,24.46,24.46,24.5,70900.0,149000.0,0
1.0,1.0,1.0,,Welcome to the RITC 2026 Liquidity Risk Case - practice server,Good Luck!,358,2026-02-01 08:27:28.148821,RITC,10.25,10.25,10.26,193000.0,195300.0,0
,,,,,,358,2026-02-01 08:27:28.148821,COMP,24.46,24.46,24.5,70900.0,148900.0,0
1.0,1.0,1.0,,Welcome to the RITC 2026 Liquidity Risk Case - practice server,Good Luck!,359,2026-02-01 08:27:29.171442,RITC,10.25,10.24,10.25,194200.0,192900.0,0
,,,,,,359,2026-02-01 08:27:29.171442,COMP,24.46,24.46,24.47,70900.0,149000.0,0
1.0,1.0,1.0,,Welcome to the RITC 2026 Liquidity Risk Case - practice server,Good Luck!,360,2026-02-01 08:27:30.195565,RITC,10.24,10.24,10.25,192200.0,194100.0,0
,,,,,,360,2026-02-01 08:27:30.195565,COMP,24.46,24.46,24.47,70600.0,149000.0,0
1.0,1.0,1.0,,Welcome to the RITC 2026 Liquidity Risk Case - practice server,Good Luck!,361,2026-02-01 08:27:31.224362,RITC,10.24,10.24,10.25,192200.0,193600.0,0
,,,,,,361,2026-02-01 08:27:31.224362,COMP,24.46,24.46,24.47,70600.0,147900.0,0
1.0,1.0,1.0,,Welcome to the RITC 2026 Liquidity Risk Case - practice server,Good Luck!,362,2026-02-01 08:27:32.258319,RITC,10.24,10.24,10.25,192200.0,194300.0,0
,,,,,,362,2026-02-01 08:27:32.258319,COMP,24.43,24.43,24.47,72300.0,147900.0,0
1.0,1.0,1.0,,Welcome to the RITC 2026 Liquidity Risk Case - practice server,Good Luck!,363,2026-02-01 08:27:33.288740,RITC,10.23,10.23,10.25,195300.0,198200.0,0
,,,,,,363,2026-02-01 08:27:33.288740,COMP,24.41,24.41,24.47,74700.0,146700.0,0
1.0,1.0,1.0,,Welcome to the RITC 2026 Liquidity Risk Case - practice server,Good Luck!,364,2026-02-01 08:27:34.313993,RITC,10.23,10.23,10.25,194200.0,199000.0,0
,,,,,,364,2026-02-01 08:27:34.313993,COMP,24.41,24.41,24.46,74700.0,147100.0,0
1.0,1.0,1.0,,Welcome to the RITC 2026 Liquidity Risk Case - practice server,Good Luck!,365,2026-02-01 08:27:35.348092,RITC,10.22,10.22,10.25,195100.0,199000.0,0
,,,,,,365,2026-02-01 08:27:35.348092,COMP,24.4,24.31,24.38,73600.0,148700.0,0
1.0,1.0,1.0,,Welcome to the RITC 2026 Liquidity Risk Case - practice server,Good Luck!,366,2026-02-01 08:27:36.380213,RITC,10.22,10.22,10.24,195100.0,197400.0,0
,,,,,,366,2026-02-01 08:27:36.380213,COMP,24.4,24.31,24.38,73600.0,148700.0,0
1.0,1.0,1.0,,Welcome to the RITC 2026 Liquidity Risk Case - practice server,Good Luck!,367,2026-02-01 08:27:37.394262,RITC,10.22,10.22,10.24,195100.0,194900.0,0
,,,,,,367,2026-02-01 08:27:37.394262,COMP,24.31,24.27,24.31,72700.0,149200.0,0
1.0,1.0,1.0,,Welcome to the RITC 2026 Liquidity Risk Case - practice server,Good Luck!,368,2026-02-01 08:27:38.423977,RITC,10.21,10.21,10.24,192100.0,194900.0,0
,,,,,,368,2026-02-01 08:27:38.423977,COMP,24.27,24.27,24.31,72700.0,149200.0,0
1.0,1.0,1.0,,Welcome to the RITC 2026 Liquidity Risk Case - practice server,Good Luck!,369,2026-02-01 08:27:39.474071,RITC,10.19,10.19,10.21,197100.0,195000.0,0
,,,,,,369,2026-02-01 08:27:39.474071,COMP,24.27,24.21,24.22,73200.0,150400.0,0
1.0,1.0,1.0,,Welcome to the RITC 2026 Liquidity Risk Case - practice server,Good Luck!,370,2026-02-01 08:27:40.503790,RITC,10.19,10.19,10.21,197100.0,194600.0,0
,,,,,,370,2026-02-01 08:27:40.503790,COMP,24.21,24.21,24.22,73200.0,150600.0,0
1.0,1.0,1.0,,Welcome to the RITC 2026 Liquidity Risk Case - practice server,Good Luck!,371,2026-02-01 08:27:41.529029,RITC,10.19,10.19,10.2,197600.0,194400.0,0
,,,,,,371,2026-02-01 08:27:41.529029,COMP,24.21,24.21,24.22,73200.0,150100.0,0
1.0,1.0,1.0,,Welcome to the RITC 2026 Liquidity Risk Case - practice server,Good Luck!,372,2026-02-01 08:27:42.549914,RITC,10.19,10.19,10.2,199700.0,196800.0,0
,,,,,,372,2026-02-01 08:27:42.549914,COMP,24.2,24.05,24.18,72000.0,149400.0,0
1.0,1.0,1.0,,Welcome to the RITC 2026 Liquidity Risk Case - practice server,Good Luck!,373,2026-02-01 08:27:43.589266,RITC,10.19,10.19,10.2,201400.0,197200.0,0
,,,,,,373,2026-02-01 08:27:43.589266,COMP,24.2,24.05,24.18,72000.0,149400.0,0
1.0,1.0,1.0,,Welcome to the RITC 2026 Liquidity Risk Case - practice server,Good Luck!,374,2026-02-01 08:27:44.614115,RITC,10.19,10.18,10.19,199000.0,200100.0,0
,,,,,,374,2026-02-01 08:27:44.614115,COMP,24.2,24.05,24.08,72000.0,148800.0,0
1.0,1.0,1.0,,Welcome to the RITC 2026 Liquidity Risk Case - practice server,Good Luck!,375,2026-02-01 08:27:45.634149,RITC,10.18,10.18,10.19,199000.0,202300.0,0
,,,,,,375,2026-02-01 08:27:45.634149,COMP,24.2,24.05,24.08,72000.0,150100.0,0
1.0,1.0,1.0,,Welcome to the RITC 2026 Liquidity Risk Case - practice server,Good Luck!,376,2026-02-01 08:27:46.653249,RITC,10.18,10.17,10.18,200700.0,199900.0,0
,,,,,,376,2026-02-01 08:27:46.653249,COMP,24.2,24.05,24.08,72000.0,151700.0,0
1.0,1.0,1.0,,Welcome to the RITC 2026 Liquidity Risk Case - practice server,Good Luck!,377,2026-02-01 08:27:47.675011,RITC,10.17,10.17,10.18,202300.0,200100.0,0
,,,,,,377,2026-02-01 08:27:47.675011,COMP,24.05,24.05,24.08,72000.0,151700.0,0
1.0,1.0,1.0,,Welcome to the RITC 2026 Liquidity Risk Case - practice server,Good Luck!,379,2026-02-01 08:27:48.702083,RITC,10.17,10.17,10.18,203700.0,200100.0,0
,,,,,,379,2026-02-01 08:27:48.702083,COMP,24.05,24.01,24.02,73700.0,148700.0,0
1.0,1.0,1.0,,Welcome to the RITC 2026 Liquidity Risk Case - practice server,Good Luck!,380,2026-02-01 08:27:49.758485,RITC,10.17,10.17,10.18,203700.0,201700.0,0
,,,,,,380,2026-02-01 08:27:49.758485,COMP,23.98,23.98,24.02,74800.0,148700.0,0
1.0,1.0,1.0,,Welcome to the RITC 2026 Liquidity Risk Case - practice server,Good Luck!,381,2026-02-01 08:27:50.784866,RITC,10.14,10.14,10.18,203500.0,198800.0,0
,,,,,,381,2026-02-01 08:27:50.784866,COMP,23.98,23.98,24.02,74800.0,147700.0,0
1.0,1.0,1.0,,Welcome to the RITC 2026 Liquidity Risk Case - practice server,Good Luck!,382,2026-02-01 08:27:51.804264,RITC,10.13,10.13,10.18,201800.0,198800.0,0
,,,,,,382,2026-02-01 08:27:51.804264,COMP,23.98,23.98,24.01,81800.0,147700.0,0
1.0,1.0,1.0,,Welcome to the RITC 2026 Liquidity Risk Case - practice server,Good Luck!,383,2026-02-01 08:27:52.826475,RITC,10.13,10.13,10.16,201100.0,197000.0,0
,,,,,,383,2026-02-01 08:27:52.826475,COMP,23.98,23.98,24.0,81800.0,147900.0,0
1.0,1.0,1.0,,Welcome to the RITC 2026 Liquidity Risk Case - practice server,Good Luck!,384,2026-02-01 08:27:53.846826,RITC,10.13,10.13,10.15,201100.0,196300.0,0
,,,,,,384,2026-02-01 08:27:53.846826,COMP,23.98,23.98,24.0,81800.0,148300.0,0
1.0,1.0,1.0,,Welcome to the RITC 2026 Liquidity Risk Case - practice server,Good Luck!,385,2026-02-01 08:27:54.866934,RITC,10.13,10.12,10.13,201900.0,196800.0,0
,,,,,,385,2026-02-01 08:27:54.866934,COMP,23.96,23.96,24.0,74100.0,147600.0,0
1.0,1.0,1.0,,Welcome to the RITC 2026 Liquidity Risk Case - practice server,Good Luck!,386,2026-02-01 08:27:55.882380,RITC,10.13,10.12,10.13,201900.0,199800.0,0
,,,,,,386,2026-02-01 08:27:55.882380,COMP,23.9,23.9,24.0,73300.0,147600.0,0
1.0,1.0,1.0,,Welcome to the RITC 2026 Liquidity Risk Case - practice server,Good Luck!,387,2026-02-01 08:27:56.898923,RITC,10.13,10.12,10.13,202700.0,203000.0,0
,,,,,,387,2026-02-01 08:27:56.898923,COMP,23.9,23.9,23.93,73300.0,147000.0,0
1.0,1.0,1.0,,Welcome to the RITC 2026 Liquidity Risk Case - practice server,Good Luck!,388,2026-02-01 08:27:57.918642,RITC,10.13,10.12,10.13,202700.0,202400.0,0
,,,,,,388,2026-02-01 08:27:57.918642,COMP,23.9,23.9,23.93,73300.0,144900.0,0
1.0,1.0,1.0,,Welcome to the RITC 2026 Liquidity Risk Case - practice server,Good Luck!,389,2026-02-01 08:27:58.937334,RITC,10.12,10.12,10.13,202700.0,201600.0,0
,,,,,,389,2026-02-01 08:27:58.937334,COMP,23.89,23.89,23.93,71900.0,144900.0,0
1.0,1.0,1.0,,Welcome to the RITC 2026 Liquidity Risk Case - practice server,Good Luck!,390,2026-02-01 08:27:59.953933,RITC,10.12,10.12,10.13,203200.0,201600.0,0
,,,,,,390,2026-02-01 08:27:59.953933,COMP,23.89,23.89,23.93,71900.0,142900.0,0
1.0,1.0,1.0,,Welcome to the RITC 2026 Liquidity Risk Case - practice server,Good Luck!,391,2026-02-01 08:28:00.972791,RITC,10.12,10.12,10.13,205000.0,201600.0,0
,,,,,,391,2026-02-01 08:28:00.972791,COMP,23.89,23.89,23.93,71900.0,143000.0,0
1.0,1.0,1.0,,Welcome to the RITC 2026 Liquidity Risk Case - practice server,Good Luck!,392,2026-02-01 08:28:02.028832,RITC,10.12,10.12,10.13,208000.0,200600.0,0
,,,,,,392,2026-02-01 08:28:02.028832,COMP,23.89,23.76,23.84,72400.0,144200.0,0
1.0,1.0,1.0,,Welcome to the RITC 2026 Liquidity Risk Case - practice server,Good Luck!,393,2026-02-01 08:28:03.071847,RITC,10.12,10.12,10.13,205700.0,200600.0,0
,,,,,,393,2026-02-01 08:28:03.071847,COMP,23.89,23.83,23.84,81200.0,144200.0,0
1.0,1.0,1.0,,Welcome to the RITC 2026 Liquidity Risk Case - practice server,Good Luck!,394,2026-02-01 08:28:04.107550,RITC,10.12,10.12,10.13,205000.0,199800.0,0
,,,,,,394,2026-02-01 08:28:04.107550,COMP,23.76,23.76,23.84,72400.0,144200.0,0
1.0,1.0,1.0,,Welcome to the RITC 2026 Liquidity Risk Case - practice server,Good Luck!,395,2026-02-01 08:28:05.125251,RITC,10.12,10.12,10.13,204100.0,197300.0,0
,,,,,,395,2026-02-01 08:28:05.125251,COMP,23.84,23.86,23.93,87900.0,143000.0,0
1.0,1.0,1.0,,Welcome to the RITC 2026 Liquidity Risk Case - practice server,Good Luck!,396,2026-02-01 08:28:06.150176,RITC,10.12,10.12,10.13,204600.0,197800.0,0
,,,,,,396,2026-02-01 08:28:06.150176,COMP,23.86,23.86,23.93,87900.0,143000.0,0
1.0,1.0,1.0,,Welcome to the RITC 2026 Liquidity Risk Case - practice server,Good Luck!,397,2026-02-01 08:28:07.171134,RITC,10.12,10.12,10.13,204100.0,195800.0,0
,,,,,,397,2026-02-01 08:28:07.171134,COMP,23.85,23.76,23.77,72400.0,143000.0,0
1.0,1.0,1.0,,Welcome to the RITC 2026 Liquidity Risk Case - practice server,Good Luck!,398,2026-02-01 08:28:08.199155,RITC,10.12,10.12,10.13,203000.0,196300.0,0
,,,,,,398,2026-02-01 08:28:08.199155,COMP,23.7,23.74,23.77,80200.0,143000.0,0
1.0,1.0,1.0,,Welcome to the RITC 2026 Liquidity Risk Case - practice server,Good Luck!,399,2026-02-01 08:28:09.213824,RITC,10.12,10.12,10.13,199600.0,196300.0,0
,,,,,,399,2026-02-01 08:28:09.213824,COMP,23.73,23.73,23.77,78900.0,143000.0,0
1.0,1.0,1.0,,Welcome to the RITC 2026 Liquidity Risk Case - practice server,Good Luck!,400,2026-02-01 08:28:10.234105,RITC,10.12,10.12,10.13,199300.0,196300.0,0
,,,,,,400,2026-02-01 08:28:10.234105,COMP,23.73,23.75,23.77,85200.0,143000.0,0
1.0,1.0,1.0,,Welcome to the RITC 2026 Liquidity Risk Case - practice server,Good Luck!,401,2026-02-01 08:28:11.264191,RITC,10.13,10.12,10.13,198500.0,194600.0,0
,,,,,,401,2026-02-01 08:28:11.264191,COMP,23.73,23.75,23.77,91900.0,142200.0,0
1.0,1.0,1.0,,Welcome to the RITC 2026 Liquidity Risk Case - practice server,Good Luck!,402,2026-02-01 08:28:12.289083,RITC,10.12,10.12,10.13,198600.0,194600.0,0
,,,,,,402,2026-02-01 08:28:12.289083,COMP,23.74,23.74,23.77,85600.0,142200.0,0
1.0,1.0,1.0,,Welcome to the RITC 2026 Liquidity Risk Case - practice server,Good Luck!,403,2026-02-01 08:28:13.317282,RITC,10.12,10.12,10.13,195300.0,193200.0,0
,,,,,,403,2026-02-01 08:28:13.317282,COMP,23.78,23.74,23.78,92900.0,143600.0,0
1.0,1.0,1.0,,Welcome to the RITC 2026 Liquidity Risk Case - practice server,Good Luck!,404,2026-02-01 08:28:14.345157,RITC,10.13,10.12,10.13,195300.0,191900.0,0
,,,,,,404,2026-02-01 08:28:14.345157,COMP,23.78,23.74,23.77,92900.0,142500.0,0
1.0,1.0,1.0,,Welcome to the RITC 2026 Liquidity Risk Case - practice server,Good Luck!,405,2026-02-01 08:28:15.378032,RITC,10.12,10.12,10.13,197400.0,191500.0,0
,,,,,,405,2026-02-01 08:28:15.378032,COMP,23.69,23.69,23.77,78700.0,142500.0,0
1.0,1.0,1.0,,Welcome to the RITC 2026 Liquidity Risk Case - practice server,Good Luck!,406,2026-02-01 08:28:16.394003,RITC,10.11,10.11,10.13,196900.0,191500.0,0
,,,,,,406,2026-02-01 08:28:16.394003,COMP,23.69,23.64,23.68,71400.0,144200.0,0
1.0,1.0,1.0,,Welcome to the RITC 2026 Liquidity Risk Case - practice server,Good Luck!,407,2026-02-01 08:28:17.419692,RITC,10.11,10.11,10.13,198100.0,192300.0,0
,,,,,,407,2026-02-01 08:28:17.419692,COMP,23.64,23.64,23.68,77400.0,144200.0,0
1.0,1.0,1.0,,Welcome to the RITC 2026 Liquidity Risk Case - practice server,Good Luck!,408,2026-02-01 08:28:18.438206,RITC,10.11,10.11,10.13,197100.0,192300.0,0
,,,,,,408,2026-02-01 08:28:18.438206,COMP,23.68,23.64,23.68,77400.0,144200.0,0
1.0,1.0,1.0,,Welcome to the RITC 2026 Liquidity Risk Case - practice server,Good Luck!,409,2026-02-01 08:28:19.459635,RITC,10.11,10.11,10.13,195200.0,192300.0,0
,,,,,,409,2026-02-01 08:28:19.459635,COMP,23.68,23.73,23.77,91000.0,142500.0,0
1.0,1.0,1.0,,Welcome to the RITC 2026 Liquidity Risk Case - practice server,Good Luck!,410,2026-02-01 08:28:20.479611,RITC,10.1,10.1,10.12,194800.0,191000.0,0
,,,,,,410,2026-02-01 08:28:20.479611,COMP,23.68,23.73,23.77,98300.0,142500.0,0
1.0,1.0,1.0,,Welcome to the RITC 2026 Liquidity Risk Case - practice server,Good Luck!,411,2026-02-01 08:28:21.498745,RITC,10.12,10.1,10.12,194800.0,191000.0,0
,,,,,,411,2026-02-01 08:28:21.498745,COMP,23.69,23.7,23.77,97200.0,142500.0,0
1.0,1.0,1.0,,Welcome to the RITC 2026 Liquidity Risk Case - practice server,Good Luck!,412,2026-02-01 08:28:22.508782,RITC,10.1,10.1,10.13,193500.0,192300.0,0
,,,,,,412,2026-02-01 08:28:22.508782,COMP,23.69,23.72,23.77,104100.0,142500.0,0
1.0,1.0,1.0,,Welcome to the RITC 2026 Liquidity Risk Case - practice server,Good Luck!,413,2026-02-01 08:28:23.523956,RITC,10.1,10.1,10.13,193400.0,192500.0,0
,,,,,,413,2026-02-01 08:28:23.523956,COMP,23.7,23.7,23.74,97200.0,143600.0,0
1.0,1.0,1.0,,Welcome to the RITC 2026 Liquidity Risk Case - practice server,Good Luck!,414,2026-02-01 08:28:24.554182,RITC,10.09,10.1,10.13,192300.0,192500.0,0
,,,,,,414,2026-02-01 08:28:24.554182,COMP,23.69,23.69,23.74,90900.0,143600.0,0
1.0,1.0,1.0,,Welcome to the RITC 2026 Liquidity Risk Case - practice server,Good Luck!,415,2026-02-01 08:28:25.577217,RITC,10.1,10.1,10.13,191800.0,192500.0,0
,,,,,,415,2026-02-01 08:28:25.577217,COMP,23.73,23.73,23.74,99100.0,143600.0,0
1.0,1.0,1.0,,Welcome to the RITC 2026 Liquidity Risk Case - practice server,Good Luck!,416,2026-02-01 08:28:26.595018,RITC,10.13,10.1,10.13,191800.0,190100.0,0
,,,,,,416,2026-02-01 08:28:26.595018,COMP,23.73,23.73,23.74,99100.0,142400.0,0
1.0,1.0,1.0,,Welcome to the RITC 2026 Liquidity Risk Case - practice server,Good Luck!,417,2026-02-01 08:28:27.608912,RITC,10.13,10.12,10.13,191200.0,190100.0,0
,,,,,,417,2026-02-01 08:28:27.608912,COMP,23.69,23.69,23.74,90900.0,143100.0,0
1.0,1.0,1.0,,Welcome to the RITC 2026 Liquidity Risk Case - practice server,Good Luck!,418,2026-02-01 08:28:28.634036,RITC,10.13,10.12,10.13,191200.0,192300.0,0
,,,,,,418,2026-02-01 08:28:28.634036,COMP,23.62,23.62,23.74,71300.0,143100.0,0
1.0,1.0,1.0,,Welcome to the RITC 2026 Liquidity Risk Case - practice server,Good Luck!,419,2026-02-01 08:28:29.644269,RITC,10.1,10.1,10.13,191800.0,191500.0,0
,,,,,,419,2026-02-01 08:28:29.644269,COMP,23.73,23.73,23.74,79700.0,143100.0,0
1.0,1.0,1.0,,Welcome to the RITC 2026 Liquidity Risk Case - practice server,Good Luck!,420,2026-02-01 08:28:30.674059,RITC,10.1,10.1,10.13,190900.0,191400.0,0
,,,,,,420,2026-02-01 08:28:30.674059,COMP,23.73,23.62,23.69,71300.0,142600.0,0
1.0,1.0,1.0,,Welcome to the RITC 2026 Liquidity Risk Case - practice server,Good Luck!,421,2026-02-01 08:28:31.705191,RITC,10.1,10.1,10.13,190300.0,191400.0,0
,,,,,,421,2026-02-01 08:28:31.705191,COMP,23.62,23.62,23.68,71300.0,140800.0,0
1.0,1.0,1.0,,Welcome to the RITC 2026 Liquidity Risk Case - practice server,Good Luck!,422,2026-02-01 08:28:32.758421,RITC,10.13,10.1,10.13,190300.0,189600.0,0
,,,,,,422,2026-02-01 08:28:32.758421,COMP,23.62,23.61,23.62,71900.0,139500.0,0
1.0,1.0,1.0,,Welcome to the RITC 2026 Liquidity Risk Case - practice server,Good Luck!,423,2026-02-01 08:28:33.784246,RITC,10.13,10.1,10.11,190800.0,189900.0,0
,,,,,,423,2026-02-01 08:28:33.784246,COMP,23.68,23.61,23.68,71900.0,140800.0,0
1.0,1.0,1.0,,Welcome to the RITC 2026 Liquidity Risk Case - practice server,Good Luck!,424,2026-02-01 08:28:34.846467,RITC,10.1,10.1,10.11,191300.0,189900.0,0
,,,,,,424,2026-02-01 08:28:34.846467,COMP,23.68,23.61,23.68,71900.0,140800.0,0
1.0,1.0,1.0,,Welcome to the RITC 2026 Liquidity Risk Case - practice server,Good Luck!,425,2026-02-01 08:28:35.864077,RITC,10.09,10.09,10.11,193300.0,189900.0,0
,,,,,,425,2026-02-01 08:28:35.864077,COMP,23.68,23.61,23.64,71900.0,139200.0,0
